{"version":"591b0a6ba5022387bafd5e57ef5ff427","result":{"pages":5,"data":[{"SECUCODE":"01866.HK","SECURITY_CODE":"01866","SECURITY_NAME_ABBR":"中国心连心化肥","ORG_CODE":"10135243","STD_REPORT_DATE":"2024-06-30 00:00:00","REPORT_DATE":"2024-06-30 00:00:00","DATE_TYPE_CODE":"002","REPORT_TYPE":"2024年中报","PER_NETCASH_OPERATE":1.708693894322,"PER_OI":9.931397276246,"BPS":6.352877596648,"BASIC_EPS":0.564,"DILUTED_EPS":0.563,"OPERATE_INCOME":12060957000,"OPERATE_INCOME_YOY":0.0152249903,"GROSS_PROFIT":2355720000,"GROSS_PROFIT_YOY":11.608524000817,"HOLDER_PROFIT":686996000,"HOLDER_PROFIT_YOY":25.7787526044,"GROSS_PROFIT_RATIO":19.531783423156,"EPS_TTM":1.093259619557,"OPERATE_INCOME_QOQ":0.007820973653,"NET_PROFIT_RATIO":7.7811901659,"ROE_AVG":8.674288847798,"GROSS_PROFIT_QOQ":5.851918548275,"ROA":2.274198761925,"HOLDER_PROFIT_QOQ":11.863184377217,"ROE_YEARLY":17.348577695597,"ROIC_YEARLY":5.399588689635,"TOTAL_ASSETS":31283035000,"TOTAL_LIABILITIES":19606781000,"TAX_EBT":16.401421686962,"OCF_SALES":17.204969721723,"TOTAL_PARENT_EQUITY":8152273000,"DEBT_ASSET_RATIO":62.6754437349,"OPERATE_PROFIT":1388607000,"PRETAX_PROFIT":1122610000,"NETCASH_OPERATE":2075084000,"NETCASH_INVEST":-1246595000,"NETCASH_FINANCE":23029000,"END_CASH":2014075000,"DIVI_RATIO":0.218833729629,"DIVIDEND_RATE":6.649874055416,"CURRENT_RATIO":0.539906160562,"COMMON_ACS":null,"CURRENTDEBT_DEBT":58.529607690319,"ISSUED_COMMON_SHARES":1283241000,"HK_COMMON_SHARES":1283241000,"PER_SHARES":1000,"TOTAL_MARKET_CAP":5094466770,"HKSK_MARKET_CAP":5094466770,"PE_TTM":3.465586058645,"PB_TTM":0.57034620058,"REPORT_DATE_SQ":"2023-06-30 00:00:00","REPORT_TYPE_SQ":"2023年中报","OPERATE_INCOME_SQ":12059121000,"DPS_HKD":0.264,"OPERATE_INCOME_QOQ_SQ":-0.670794430124,"NET_PROFIT_RATIO_SQ":6.4478911854,"HOLDER_PROFIT_SQ":546194000,"HOLDER_PROFIT_QOQ_SQ":-31.205667876379,"ROE_AVG_SQ":7.823054933645,"PE_TTM_SQ":3.843464003916,"PB_TTM_SQ":0.477889514533,"ROA_SQ":1.972784734712,"START_DATE":"2024-01-01 00:00:00","FISCAL_YEAR":"12-31","CURRENCY":"HKD","IS_CNY_CODE":0,"DPS_HKD_LY":0.264,"ORG_TYPE":"一般企业","PREMIUM_INCOME":null,"PREMIUM_INCOME_YOY":null,"NET_INTEREST_INCOME":null,"NET_INTEREST_INCOME_YOY":null,"FEE_COMMISSION_INCOME":null,"FEE_COMMISSION_INCOME_YOY":null,"ACCOUNTS_RECE_TDAYS":10.026624978282,"INVENTORY_TDAYS":6.375220343715,"CURRENT_ASSETS_TDAYS":2.047834883576,"TOTAL_ASSETS_TDAYS":0.399260162752,"PREMIUM_EXPENSE":null,"LOAN_DEPOSIT":null,"LOAN_EQUITY":null,"LOAN_ASSETS":null,"DEPOSIT_EQUITY":null,"DEPOSIT_ASSETS":null,"EQUITY_MULTIPLIER":2.679201308912,"EQUITY_RATIO":2.405069236518},{"SECUCODE":"01866.HK","SECURITY_CODE":"01866","SECURITY_NAME_ABBR":"中国心连心化肥","ORG_CODE":"10135243","STD_REPORT_DATE":"2023-12-31 00:00:00","REPORT_DATE":"2023-12-31 00:00:00","DATE_TYPE_CODE":"001","REPORT_TYPE":"2023年年报","PER_NETCASH_OPERATE":4.369662518472,"PER_OI":19.261610337695,"BPS":5.990729722632,"BASIC_EPS":0.9695,"DILUTED_EPS":0.9695,"OPERATE_INCOME":23475338000,"OPERATE_INCOME_YOY":1.7486251781,"GROSS_PROFIT":4187020000,"GROSS_PROFIT_YOY":-3.721922094,"HOLDER_PROFIT":1186882000,"HOLDER_PROFIT_YOY":-10.5057943268,"GROSS_PROFIT_RATIO":17.835824131691,"EPS_TTM":0.973841509793,"OPERATE_INCOME_QOQ":2.435758540816,"NET_PROFIT_RATIO":6.9745279067,"ROE_AVG":16.287939009259,"GROSS_PROFIT_QOQ":16.372249339486,"ROA":4.16444914895,"HOLDER_PROFIT_QOQ":30.089504339305,"ROE_YEARLY":16.287939009259,"ROIC_YEARLY":4.857971454882,"TOTAL_ASSETS":29133496000,"TOTAL_LIABILITIES":18622498000,"TAX_EBT":15.59230723626,"OCF_SALES":22.685862925595,"TOTAL_PARENT_EQUITY":7687550000,"DEBT_ASSET_RATIO":63.9212609431,"OPERATE_PROFIT":2519073000,"PRETAX_PROFIT":1939745000,"NETCASH_OPERATE":5325583000,"NETCASH_INVEST":-3474865000,"NETCASH_FINANCE":-2157925000,"END_CASH":1162558000,"DIVI_RATIO":0.245668394286,"DIVIDEND_RATE":6.376811594203,"CURRENT_RATIO":0.534623899599,"COMMON_ACS":null,"CURRENTDEBT_DEBT":56.080451720279,"ISSUED_COMMON_SHARES":1283241000,"HK_COMMON_SHARES":1283241000,"PER_SHARES":1000,"TOTAL_MARKET_CAP":5312617740,"HKSK_MARKET_CAP":5312617740,"PE_TTM":3.613986469217,"PB_TTM":0.594769085744,"REPORT_DATE_SQ":"2022-12-31 00:00:00","REPORT_TYPE_SQ":"2022年年报","OPERATE_INCOME_SQ":23071897000,"DPS_HKD":0.264,"OPERATE_INCOME_QOQ_SQ":7.530410847048,"NET_PROFIT_RATIO_SQ":7.8371319012,"HOLDER_PROFIT_SQ":1326211000,"HOLDER_PROFIT_QOQ_SQ":-17.532089588435,"ROE_AVG_SQ":21.082660847549,"PE_TTM_SQ":4.188226555762,"PB_TTM_SQ":0.520756680288,"ROA_SQ":4.969516063944,"START_DATE":"2023-01-01 00:00:00","FISCAL_YEAR":"12-31","CURRENCY":"HKD","IS_CNY_CODE":0,"DPS_HKD_LY":0.287,"ORG_TYPE":"一般企业","PREMIUM_INCOME":null,"PREMIUM_INCOME_YOY":null,"NET_INTEREST_INCOME":null,"NET_INTEREST_INCOME_YOY":null,"FEE_COMMISSION_INCOME":null,"FEE_COMMISSION_INCOME_YOY":null,"ACCOUNTS_RECE_TDAYS":21.758827607685,"INVENTORY_TDAYS":11.703650352536,"CURRENT_ASSETS_TDAYS":3.974063241291,"TOTAL_ASSETS_TDAYS":0.823686359347,"PREMIUM_EXPENSE":null,"LOAN_DEPOSIT":null,"LOAN_EQUITY":null,"LOAN_ASSETS":null,"DEPOSIT_EQUITY":null,"DEPOSIT_ASSETS":null,"EQUITY_MULTIPLIER":2.77171549267,"EQUITY_RATIO":2.422423008631},{"SECUCODE":"01866.HK","SECURITY_CODE":"01866","SECURITY_NAME_ABBR":"中国心连心化肥","ORG_CODE":"10135243","STD_REPORT_DATE":"2023-06-30 00:00:00","REPORT_DATE":"2023-06-30 00:00:00","DATE_TYPE_CODE":"002","REPORT_TYPE":"2023年中报","PER_NETCASH_OPERATE":2.122942283374,"PER_OI":9.819163584044,"BPS":5.515330323766,"BASIC_EPS":0.448,"DILUTED_EPS":0.448,"OPERATE_INCOME":12059121000,"OPERATE_INCOME_YOY":-1.2671233381,"GROSS_PROFIT":2110699000,"GROSS_PROFIT_YOY":-26.241295598623,"HOLDER_PROFIT":546194000,"HOLDER_PROFIT_YOY":-43.1075770249,"GROSS_PROFIT_RATIO":17.502925793679,"EPS_TTM":0.742889340708,"OPERATE_INCOME_QOQ":-0.670794430124,"NET_PROFIT_RATIO":6.4478911854,"ROE_AVG":7.823054933645,"GROSS_PROFIT_QOQ":-17.26715049983,"ROA":1.972784734712,"HOLDER_PROFIT_QOQ":-31.205667876379,"ROE_YEARLY":15.646109867291,"ROIC_YEARLY":4.62451139462,"TOTAL_ASSETS":27505718000,"TOTAL_LIABILITIES":17628173000,"TAX_EBT":16.008395282568,"OCF_SALES":21.620398369002,"TOTAL_PARENT_EQUITY":7077498000,"DEBT_ASSET_RATIO":64.0891213965,"OPERATE_PROFIT":1249774000,"PRETAX_PROFIT":925758000,"NETCASH_OPERATE":2607230000,"NETCASH_INVEST":-1880217000,"NETCASH_FINANCE":-983053000,"END_CASH":1213725000,"DIVI_RATIO":0.322042687774,"DIVIDEND_RATE":6.376811594203,"CURRENT_RATIO":0.516717410896,"COMMON_ACS":null,"CURRENTDEBT_DEBT":55.550708516419,"ISSUED_COMMON_SHARES":1283241000,"HK_COMMON_SHARES":1283241000,"PER_SHARES":1000,"TOTAL_MARKET_CAP":5312617740,"HKSK_MARKET_CAP":5312617740,"PE_TTM":3.613986469217,"PB_TTM":0.594769085744,"REPORT_DATE_SQ":"2022-06-30 00:00:00","REPORT_TYPE_SQ":"2022年中报","OPERATE_INCOME_SQ":12213886000,"DPS_HKD":0.264,"OPERATE_INCOME_QOQ_SQ":27.598872480638,"NET_PROFIT_RATIO_SQ":10.6801307954,"HOLDER_PROFIT_SQ":960047000,"HOLDER_PROFIT_QOQ_SQ":24.264395092026,"ROE_AVG_SQ":15.149866014429,"PE_TTM_SQ":4.188226555762,"PB_TTM_SQ":0.520756680288,"ROA_SQ":3.51097110782,"START_DATE":"2023-01-01 00:00:00","FISCAL_YEAR":"12-31","CURRENCY":"HKD","IS_CNY_CODE":0,"DPS_HKD_LY":0.287,"ORG_TYPE":"一般企业","PREMIUM_INCOME":null,"PREMIUM_INCOME_YOY":null,"NET_INTEREST_INCOME":null,"NET_INTEREST_INCOME_YOY":null,"FEE_COMMISSION_INCOME":null,"FEE_COMMISSION_INCOME_YOY":null,"ACCOUNTS_RECE_TDAYS":11.32621307794,"INVENTORY_TDAYS":6.629050775922,"CURRENT_ASSETS_TDAYS":2.136081497981,"TOTAL_ASSETS_TDAYS":0.435560438651,"PREMIUM_EXPENSE":null,"LOAN_DEPOSIT":null,"LOAN_EQUITY":null,"LOAN_ASSETS":null,"DEPOSIT_EQUITY":null,"DEPOSIT_ASSETS":null,"EQUITY_MULTIPLIER":2.784671494789,"EQUITY_RATIO":2.490735143973},{"SECUCODE":"01866.HK","SECURITY_CODE":"01866","SECURITY_NAME_ABBR":"中国心连心化肥","ORG_CODE":"10135243","STD_REPORT_DATE":"2022-12-31 00:00:00","REPORT_DATE":"2022-12-31 00:00:00","DATE_TYPE_CODE":"001","REPORT_TYPE":"2022年年报","PER_NETCASH_OPERATE":3.568495286702,"PER_OI":18.786338642528,"BPS":5.366258559382,"BASIC_EPS":1.0967,"DILUTED_EPS":1.0967,"OPERATE_INCOME":23071897000,"OPERATE_INCOME_YOY":35.8986577415,"GROSS_PROFIT":4348882000,"GROSS_PROFIT_YOY":5.963863612109,"HOLDER_PROFIT":1326211000,"HOLDER_PROFIT_YOY":2.3749367978,"GROSS_PROFIT_RATIO":18.84926063947,"EPS_TTM":1.079869980238,"OPERATE_INCOME_QOQ":7.530410847048,"NET_PROFIT_RATIO":7.8371319012,"ROE_AVG":21.082660847549,"GROSS_PROFIT_QOQ":-18.422695950756,"ROA":4.969516063944,"HOLDER_PROFIT_QOQ":-17.532089588435,"ROE_YEARLY":21.082660847549,"ROIC_YEARLY":5.75843462886,"TOTAL_ASSETS":27867176000,"TOTAL_LIABILITIES":18299348000,"TAX_EBT":17.081182414291,"OCF_SALES":18.995161082767,"TOTAL_PARENT_EQUITY":6886203000,"DEBT_ASSET_RATIO":65.6663165295,"OPERATE_PROFIT":2838175000,"PRETAX_PROFIT":2180657000,"NETCASH_OPERATE":4382544000,"NETCASH_INVEST":-3723719000,"NETCASH_FINANCE":-82176000,"END_CASH":1469765000,"DIVI_RATIO":0.221547116207,"DIVIDEND_RATE":6.376811594203,"CURRENT_RATIO":0.591123406246,"COMMON_ACS":null,"CURRENTDEBT_DEBT":57.60180635944,"ISSUED_COMMON_SHARES":1283241000,"HK_COMMON_SHARES":1283241000,"PER_SHARES":1000,"TOTAL_MARKET_CAP":5312617740,"HKSK_MARKET_CAP":5312617740,"PE_TTM":3.613986469217,"PB_TTM":0.594769085744,"REPORT_DATE_SQ":"2021-12-31 00:00:00","REPORT_TYPE_SQ":"2021年年报","OPERATE_INCOME_SQ":16977281000,"DPS_HKD":0.264,"OPERATE_INCOME_QOQ_SQ":28.577110958437,"NET_PROFIT_RATIO_SQ":10.5223682617,"HOLDER_PROFIT_SQ":1295445000,"HOLDER_PROFIT_QOQ_SQ":59.16502681163,"ROE_AVG_SQ":25.315750231588,"PE_TTM_SQ":4.188226555762,"PB_TTM_SQ":0.520756680288,"ROA_SQ":5.570769857753,"START_DATE":"2022-01-01 00:00:00","FISCAL_YEAR":"12-31","CURRENCY":"HKD","IS_CNY_CODE":0,"DPS_HKD_LY":0.2332,"ORG_TYPE":"一般企业","PREMIUM_INCOME":null,"PREMIUM_INCOME_YOY":null,"NET_INTEREST_INCOME":null,"NET_INTEREST_INCOME_YOY":null,"FEE_COMMISSION_INCOME":null,"FEE_COMMISSION_INCOME_YOY":null,"ACCOUNTS_RECE_TDAYS":22.795467760206,"INVENTORY_TDAYS":11.323796949599,"CURRENT_ASSETS_TDAYS":3.844609399305,"TOTAL_ASSETS_TDAYS":0.864539373954,"PREMIUM_EXPENSE":null,"LOAN_DEPOSIT":null,"LOAN_EQUITY":null,"LOAN_ASSETS":null,"DEPOSIT_EQUITY":null,"DEPOSIT_ASSETS":null,"EQUITY_MULTIPLIER":2.912591656119,"EQUITY_RATIO":2.657393051004},{"SECUCODE":"01866.HK","SECURITY_CODE":"01866","SECURITY_NAME_ABBR":"中国心连心化肥","ORG_CODE":"10135243","STD_REPORT_DATE":"2022-06-30 00:00:00","REPORT_DATE":"2022-06-30 00:00:00","DATE_TYPE_CODE":"002","REPORT_TYPE":"2022年中报","PER_NETCASH_OPERATE":1.035529886713,"PER_OI":9.945181297283,"BPS":5.433839785356,"BASIC_EPS":0.782,"DILUTED_EPS":0.782,"OPERATE_INCOME":12213886000,"OPERATE_INCOME_YOY":61.281000897,"GROSS_PROFIT":2861627000,"GROSS_PROFIT_YOY":35.112419498008,"HOLDER_PROFIT":960047000,"HOLDER_PROFIT_YOY":48.642188732,"GROSS_PROFIT_RATIO":25.054253822248,"EPS_TTM":1.309442636353,"OPERATE_INCOME_QOQ":27.598872480638,"NET_PROFIT_RATIO":10.6801307954,"ROE_AVG":15.149866014429,"GROSS_PROFIT_QOQ":21.466591415487,"ROA":3.51097110782,"HOLDER_PROFIT_QOQ":24.264395092026,"ROE_YEARLY":30.299732028859,"ROIC_YEARLY":8.128856612481,"TOTAL_ASSETS":29154899000,"TOTAL_LIABILITIES":19618542000,"TAX_EBT":18.790819868082,"OCF_SALES":10.412378173499,"TOTAL_PARENT_EQUITY":6972926000,"DEBT_ASSET_RATIO":67.2907218783,"OPERATE_PROFIT":1941112000,"PRETAX_PROFIT":1606295000,"NETCASH_OPERATE":1271756000,"NETCASH_INVEST":-1565096000,"NETCASH_FINANCE":1119165000,"END_CASH":1718941000,"DIVI_RATIO":0.182705277313,"DIVIDEND_RATE":6.376811594203,"CURRENT_RATIO":0.65713215135,"COMMON_ACS":null,"CURRENTDEBT_DEBT":64.656797635625,"ISSUED_COMMON_SHARES":1283241000,"HK_COMMON_SHARES":1283241000,"PER_SHARES":1000,"TOTAL_MARKET_CAP":5312617740,"HKSK_MARKET_CAP":5312617740,"PE_TTM":3.613986469217,"PB_TTM":0.594769085744,"REPORT_DATE_SQ":"2021-06-30 00:00:00","REPORT_TYPE_SQ":"2021年中报","OPERATE_INCOME_SQ":7573047000,"DPS_HKD":0.264,"OPERATE_INCOME_QOQ_SQ":25.21161405732,"NET_PROFIT_RATIO_SQ":11.7446914036,"HOLDER_PROFIT_SQ":645561000,"HOLDER_PROFIT_QOQ_SQ":133.870828563375,"ROE_AVG_SQ":13.464243609912,"PE_TTM_SQ":4.188226555762,"PB_TTM_SQ":0.520756680288,"ROA_SQ":2.909845983852,"START_DATE":"2022-01-01 00:00:00","FISCAL_YEAR":"12-31","CURRENCY":"HKD","IS_CNY_CODE":0,"DPS_HKD_LY":0.2332,"ORG_TYPE":"一般企业","PREMIUM_INCOME":null,"PREMIUM_INCOME_YOY":null,"NET_INTEREST_INCOME":null,"NET_INTEREST_INCOME_YOY":null,"FEE_COMMISSION_INCOME":null,"FEE_COMMISSION_INCOME_YOY":null,"ACCOUNTS_RECE_TDAYS":9.746314176734,"INVENTORY_TDAYS":5.532338549006,"CURRENT_ASSETS_TDAYS":1.731623989667,"TOTAL_ASSETS_TDAYS":0.446891135879,"PREMIUM_EXPENSE":null,"LOAN_DEPOSIT":null,"LOAN_EQUITY":null,"LOAN_ASSETS":null,"DEPOSIT_EQUITY":null,"DEPOSIT_ASSETS":null,"EQUITY_MULTIPLIER":3.057236531725,"EQUITY_RATIO":2.813530790374},{"SECUCODE":"01866.HK","SECURITY_CODE":"01866","SECURITY_NAME_ABBR":"中国心连心化肥","ORG_CODE":"10135243","STD_REPORT_DATE":"2021-12-31 00:00:00","REPORT_DATE":"2021-12-31 00:00:00","DATE_TYPE_CODE":"001","REPORT_TYPE":"2021年年报","PER_NETCASH_OPERATE":2.343298728855,"PER_OI":14.490420537017,"BPS":4.436851690368,"BASIC_EPS":1.1057,"DILUTED_EPS":1.1057,"OPERATE_INCOME":16977281000,"OPERATE_INCOME_YOY":60.9934759393,"GROSS_PROFIT":4104118000,"GROSS_PROFIT_YOY":85.324391899245,"HOLDER_PROFIT":1295445000,"HOLDER_PROFIT_YOY":272.2405669875,"GROSS_PROFIT_RATIO":26.100346225921,"EPS_TTM":1.104571358827,"OPERATE_INCOME_QOQ":28.577110958437,"NET_PROFIT_RATIO":10.5223682617,"ROE_AVG":25.315750231588,"GROSS_PROFIT_QOQ":34.206986390803,"ROA":5.570769857753,"HOLDER_PROFIT_QOQ":59.16502681163,"ROE_YEARLY":25.315750231588,"ROIC_YEARLY":6.355527284518,"TOTAL_ASSETS":25508667000,"TOTAL_LIABILITIES":17545573000,"TAX_EBT":18.668017391656,"OCF_SALES":16.32712215247,"TOTAL_PARENT_EQUITY":5694856000,"DEBT_ASSET_RATIO":68.7870621151,"OPERATE_PROFIT":2759734000,"PRETAX_PROFIT":2177596000,"NETCASH_OPERATE":2747170000,"NETCASH_INVEST":-3727404000,"NETCASH_FINANCE":1191309000,"END_CASH":893116000,"DIVI_RATIO":0.216592688275,"DIVIDEND_RATE":6.376811594203,"CURRENT_RATIO":0.506869320047,"COMMON_ACS":null,"CURRENTDEBT_DEBT":64.89664942832,"ISSUED_COMMON_SHARES":1283241000,"HK_COMMON_SHARES":1283241000,"PER_SHARES":1000,"TOTAL_MARKET_CAP":5312617740,"HKSK_MARKET_CAP":5312617740,"PE_TTM":3.613986469217,"PB_TTM":0.594769085744,"REPORT_DATE_SQ":"2020-12-31 00:00:00","REPORT_TYPE_SQ":"2020年年报","OPERATE_INCOME_SQ":10444722000,"DPS_HKD":0.264,"OPERATE_INCOME_QOQ_SQ":15.137443814574,"NET_PROFIT_RATIO_SQ":5.0183049391,"HOLDER_PROFIT_SQ":347662000,"HOLDER_PROFIT_QOQ_SQ":41.887799662077,"ROE_AVG_SQ":7.932350666931,"PE_TTM_SQ":4.188226555762,"PB_TTM_SQ":0.520756680288,"ROA_SQ":1.856873360187,"START_DATE":"2021-01-01 00:00:00","FISCAL_YEAR":"12-31","CURRENCY":"HKD","IS_CNY_CODE":0,"DPS_HKD_LY":0.11882,"ORG_TYPE":"一般企业","PREMIUM_INCOME":null,"PREMIUM_INCOME_YOY":null,"NET_INTEREST_INCOME":null,"NET_INTEREST_INCOME_YOY":null,"FEE_COMMISSION_INCOME":null,"FEE_COMMISSION_INCOME_YOY":null,"ACCOUNTS_RECE_TDAYS":19.425140019566,"INVENTORY_TDAYS":9.560532003044,"CURRENT_ASSETS_TDAYS":3.379813881635,"TOTAL_ASSETS_TDAYS":0.723834791898,"PREMIUM_EXPENSE":null,"LOAN_DEPOSIT":null,"LOAN_EQUITY":null,"LOAN_ASSETS":null,"DEPOSIT_EQUITY":null,"DEPOSIT_ASSETS":null,"EQUITY_MULTIPLIER":3.203799666944,"EQUITY_RATIO":3.080951125015},{"SECUCODE":"01866.HK","SECURITY_CODE":"01866","SECURITY_NAME_ABBR":"中国心连心化肥","ORG_CODE":"10135243","STD_REPORT_DATE":"2021-06-30 00:00:00","REPORT_DATE":"2021-06-30 00:00:00","DATE_TYPE_CODE":"002","REPORT_TYPE":"2021年中报","PER_NETCASH_OPERATE":1.10361883237,"PER_OI":6.463734432893,"BPS":3.942230648803,"BASIC_EPS":0.551,"DILUTED_EPS":0.551,"OPERATE_INCOME":7573047000,"OPERATE_INCOME_YOY":53.3078705784,"GROSS_PROFIT":2117960000,"GROSS_PROFIT_YOY":99.374190438895,"HOLDER_PROFIT":645561000,"HOLDER_PROFIT_YOY":258.3603026485,"GROSS_PROFIT_RATIO":27.967078508822,"EPS_TTM":0.693978684233,"OPERATE_INCOME_QOQ":25.21161405732,"NET_PROFIT_RATIO":11.7446914036,"ROE_AVG":13.464243609912,"GROSS_PROFIT_QOQ":47.668903831417,"ROA":2.909845983852,"HOLDER_PROFIT_QOQ":133.870828563375,"ROE_YEARLY":26.928487219823,"ROIC_YEARLY":6.64363534396,"TOTAL_ASSETS":23415710000,"TOTAL_LIABILITIES":16252627000,"TAX_EBT":17.67447284898,"OCF_SALES":17.074012613417,"TOTAL_PARENT_EQUITY":5058832000,"DEBT_ASSET_RATIO":69.4090719436,"OPERATE_PROFIT":1362285000,"PRETAX_PROFIT":1080383000,"NETCASH_OPERATE":1293023000,"NETCASH_INVEST":-1681465000,"NETCASH_FINANCE":529033000,"END_CASH":822632000,"DIVI_RATIO":0.344739810365,"DIVIDEND_RATE":6.376811594203,"CURRENT_RATIO":0.475914766527,"COMMON_ACS":null,"CURRENTDEBT_DEBT":65.990704148935,"ISSUED_COMMON_SHARES":1283241000,"HK_COMMON_SHARES":1283241000,"PER_SHARES":1000,"TOTAL_MARKET_CAP":5312617740,"HKSK_MARKET_CAP":5312617740,"PE_TTM":3.613986469217,"PB_TTM":0.594769085744,"REPORT_DATE_SQ":"2020-06-30 00:00:00","REPORT_TYPE_SQ":"2020年中报","OPERATE_INCOME_SQ":4939764000,"DPS_HKD":0.264,"OPERATE_INCOME_QOQ_SQ":1.60468086989,"NET_PROFIT_RATIO_SQ":5.3498102338,"HOLDER_PROFIT_SQ":180143000,"HOLDER_PROFIT_QOQ_SQ":-22.581399390196,"ROE_AVG_SQ":4.210475879393,"PE_TTM_SQ":4.188226555762,"PB_TTM_SQ":0.520756680288,"ROA_SQ":1.010697482982,"START_DATE":"2021-01-01 00:00:00","FISCAL_YEAR":"12-31","CURRENCY":"HKD","IS_CNY_CODE":0,"DPS_HKD_LY":0.11882,"ORG_TYPE":"一般企业","PREMIUM_INCOME":null,"PREMIUM_INCOME_YOY":null,"NET_INTEREST_INCOME":null,"NET_INTEREST_INCOME_YOY":null,"FEE_COMMISSION_INCOME":null,"FEE_COMMISSION_INCOME_YOY":null,"ACCOUNTS_RECE_TDAYS":8.077378308113,"INVENTORY_TDAYS":5.423265986822,"CURRENT_ASSETS_TDAYS":1.631521805284,"TOTAL_ASSETS_TDAYS":0.341352721098,"PREMIUM_EXPENSE":null,"LOAN_DEPOSIT":null,"LOAN_EQUITY":null,"LOAN_ASSETS":null,"DEPOSIT_EQUITY":null,"DEPOSIT_ASSETS":null,"EQUITY_MULTIPLIER":3.268942995637,"EQUITY_RATIO":3.21272321358},{"SECUCODE":"01866.HK","SECURITY_CODE":"01866","SECURITY_NAME_ABBR":"中国心连心化肥","ORG_CODE":"10135243","STD_REPORT_DATE":"2020-12-31 00:00:00","REPORT_DATE":"2020-12-31 00:00:00","DATE_TYPE_CODE":"001","REPORT_TYPE":"2020年年报","PER_NETCASH_OPERATE":1.454419987351,"PER_OI":8.914761684879,"BPS":3.530461542298,"BASIC_EPS":0.2967,"DILUTED_EPS":0.2967,"OPERATE_INCOME":10444722000,"OPERATE_INCOME_YOY":16.9850323495,"GROSS_PROFIT":2214559000,"GROSS_PROFIT_YOY":14.091539728506,"HOLDER_PROFIT":347662000,"HOLDER_PROFIT_YOY":9.8475489344,"GROSS_PROFIT_RATIO":21.202661018647,"EPS_TTM":0.296735889848,"OPERATE_INCOME_QOQ":15.137443814574,"NET_PROFIT_RATIO":5.0183049391,"ROE_AVG":7.932350666931,"GROSS_PROFIT_QOQ":17.452081675948,"ROA":1.856873360187,"HOLDER_PROFIT_QOQ":41.887799662077,"ROE_YEARLY":7.932350666931,"ROIC_YEARLY":2.139518499719,"TOTAL_ASSETS":20955092000,"TOTAL_LIABILITIES":14530718000,"TAX_EBT":16.943496325312,"OCF_SALES":16.314737721119,"TOTAL_PARENT_EQUITY":4530433000,"DEBT_ASSET_RATIO":69.342181843,"OPERATE_PROFIT":1033035000,"PRETAX_PROFIT":631074000,"NETCASH_OPERATE":1704029000,"NETCASH_INVEST":-3901814000,"NETCASH_FINANCE":1995378000,"END_CASH":682041000,"DIVI_RATIO":0.806245850889,"DIVIDEND_RATE":6.376811594203,"CURRENT_RATIO":0.488365521778,"COMMON_ACS":null,"CURRENTDEBT_DEBT":58.89156337629,"ISSUED_COMMON_SHARES":1283241000,"HK_COMMON_SHARES":1283241000,"PER_SHARES":1000,"TOTAL_MARKET_CAP":5312617740,"HKSK_MARKET_CAP":5312617740,"PE_TTM":3.613986469217,"PB_TTM":0.594769085744,"REPORT_DATE_SQ":"2019-12-31 00:00:00","REPORT_TYPE_SQ":"2019年年报","OPERATE_INCOME_SQ":8928255000,"DPS_HKD":0.264,"OPERATE_INCOME_QOQ_SQ":-4.939471447467,"NET_PROFIT_RATIO_SQ":4.637669959,"HOLDER_PROFIT_SQ":316495000,"HOLDER_PROFIT_QOQ_SQ":-41.199803067319,"ROE_AVG_SQ":7.760031040615,"PE_TTM_SQ":4.188226555762,"PB_TTM_SQ":0.520756680288,"ROA_SQ":2.099736679573,"START_DATE":"2020-01-01 00:00:00","FISCAL_YEAR":"12-31","CURRENCY":"HKD","IS_CNY_CODE":0,"DPS_HKD_LY":0.088049,"ORG_TYPE":"一般企业","PREMIUM_INCOME":null,"PREMIUM_INCOME_YOY":null,"NET_INTEREST_INCOME":null,"NET_INTEREST_INCOME_YOY":null,"FEE_COMMISSION_INCOME":null,"FEE_COMMISSION_INCOME_YOY":null,"ACCOUNTS_RECE_TDAYS":18.375476662348,"INVENTORY_TDAYS":8.331165889663,"CURRENT_ASSETS_TDAYS":2.658899435812,"TOTAL_ASSETS_TDAYS":0.557855792015,"PREMIUM_EXPENSE":null,"LOAN_DEPOSIT":null,"LOAN_EQUITY":null,"LOAN_ASSETS":null,"DEPOSIT_EQUITY":null,"DEPOSIT_ASSETS":null,"EQUITY_MULTIPLIER":3.26181072273,"EQUITY_RATIO":3.207357442434},{"SECUCODE":"01866.HK","SECURITY_CODE":"01866","SECURITY_NAME_ABBR":"中国心连心化肥","ORG_CODE":"10135243","STD_REPORT_DATE":"2020-06-30 00:00:00","REPORT_DATE":"2020-06-30 00:00:00","DATE_TYPE_CODE":"002","REPORT_TYPE":"2020年中报","PER_NETCASH_OPERATE":0.498403493963,"PER_OI":4.216179122771,"BPS":3.367764901527,"BASIC_EPS":0.1538,"DILUTED_EPS":0.1538,"OPERATE_INCOME":4939764000,"OPERATE_INCOME_YOY":2.9869734018,"GROSS_PROFIT":1062304000,"GROSS_PROFIT_YOY":-4.968237879985,"HOLDER_PROFIT":180143000,"HOLDER_PROFIT_YOY":-28.4044481185,"GROSS_PROFIT_RATIO":21.505156926525,"EPS_TTM":0.20913418247,"OPERATE_INCOME_QOQ":1.60468086989,"NET_PROFIT_RATIO":5.3498102338,"ROE_AVG":4.210475879393,"GROSS_PROFIT_QOQ":-2.861202542765,"ROA":1.010697482982,"HOLDER_PROFIT_QOQ":-22.581399390196,"ROE_YEARLY":8.420951758786,"ROIC_YEARLY":2.372048974609,"TOTAL_ASSETS":19156399000,"TOTAL_LIABILITIES":13126880000,"TAX_EBT":18.005839262056,"OCF_SALES":11.821212511367,"TOTAL_PARENT_EQUITY":4321654000,"DEBT_ASSET_RATIO":68.524778587,"OPERATE_PROFIT":524250000,"PRETAX_PROFIT":322301000,"NETCASH_OPERATE":583940000,"NETCASH_INVEST":-2019920000,"NETCASH_FINANCE":1742425000,"END_CASH":1190893000,"DIVI_RATIO":1.143964497693,"DIVIDEND_RATE":6.376811594203,"CURRENT_RATIO":0.53625759956,"COMMON_ACS":null,"CURRENTDEBT_DEBT":59.913437161001,"ISSUED_COMMON_SHARES":1283241000,"HK_COMMON_SHARES":1283241000,"PER_SHARES":1000,"TOTAL_MARKET_CAP":5312617740,"HKSK_MARKET_CAP":5312617740,"PE_TTM":3.613986469217,"PB_TTM":0.594769085744,"REPORT_DATE_SQ":"2019-06-30 00:00:00","REPORT_TYPE_SQ":"2019年中报","OPERATE_INCOME_SQ":4796494000,"DPS_HKD":0.264,"OPERATE_INCOME_QOQ_SQ":2.148014785948,"NET_PROFIT_RATIO_SQ":6.6185843243,"HOLDER_PROFIT_SQ":251612000,"HOLDER_PROFIT_QOQ_SQ":-13.869829037399,"ROE_AVG_SQ":6.307842899584,"PE_TTM_SQ":4.188226555762,"PB_TTM_SQ":0.520756680288,"ROA_SQ":1.706161298126,"START_DATE":"2020-01-01 00:00:00","FISCAL_YEAR":"12-31","CURRENCY":"HKD","IS_CNY_CODE":0,"DPS_HKD_LY":0.088049,"ORG_TYPE":"一般企业","PREMIUM_INCOME":null,"PREMIUM_INCOME_YOY":null,"NET_INTEREST_INCOME":null,"NET_INTEREST_INCOME_YOY":null,"FEE_COMMISSION_INCOME":null,"FEE_COMMISSION_INCOME_YOY":null,"ACCOUNTS_RECE_TDAYS":11.024511740327,"INVENTORY_TDAYS":4.413243166801,"CURRENT_ASSETS_TDAYS":1.251390211482,"TOTAL_ASSETS_TDAYS":0.277146880052,"PREMIUM_EXPENSE":null,"LOAN_DEPOSIT":null,"LOAN_EQUITY":null,"LOAN_ASSETS":null,"DEPOSIT_EQUITY":null,"DEPOSIT_ASSETS":null,"EQUITY_MULTIPLIER":3.177102352605,"EQUITY_RATIO":3.037466673639}],"count":45},"success":true,"message":"ok","code":0}