{"version":"20920af49985152c722e12920d02447e","result":{"pages":4,"data":[{"SECUCODE":"01869.HK","SECURITY_CODE":"01869","SECURITY_NAME_ABBR":"猫屎咖啡控股","ORG_CODE":"10499048","STD_REPORT_DATE":"2024-06-30 00:00:00","REPORT_DATE":"2024-06-30 00:00:00","DATE_TYPE_CODE":"002","REPORT_TYPE":"2024年中报","PER_NETCASH_OPERATE":0.003607886009,"PER_OI":0.052323475684,"BPS":-0.025213978231,"BASIC_EPS":-0.011225964,"DILUTED_EPS":-0.011225964,"OPERATE_INCOME":68007437.52,"OPERATE_INCOME_YOY":-20.2683615819,"GROSS_PROFIT":39353848.92,"GROSS_PROFIT_YOY":-29.494451238233,"HOLDER_PROFIT":-12683513.96,"HOLDER_PROFIT_YOY":-238.5383678441,"GROSS_PROFIT_RATIO":57.866978017554,"EPS_TTM":-0.001277789513,"OPERATE_INCOME_QOQ":-11.223266434856,"NET_PROFIT_RATIO":-18.6501865421,"ROE_AVG":30.294508752425,"GROSS_PROFIT_QOQ":-15.84584763981,"ROA":-12.656821359126,"HOLDER_PROFIT_QOQ":-122.945726809597,"ROE_YEARLY":60.58901750485,"ROIC_YEARLY":-31.382246008626,"TOTAL_ASSETS":101845048.52,"TOTAL_LIABILITIES":141808567.68,"TAX_EBT":-0.288662769719,"OCF_SALES":6.895348525109,"TOTAL_PARENT_EQUITY":-35558012.8,"DEBT_ASSET_RATIO":139.2395307781,"OPERATE_PROFIT":-9978330.44,"PRETAX_PROFIT":-12647006.76,"NETCASH_OPERATE":4689349.84,"NETCASH_INVEST":24642.36,"NETCASH_FINANCE":12413360.68,"END_CASH":32266888.72,"DIVI_RATIO":null,"DIVIDEND_RATE":null,"CURRENT_RATIO":0.47036869185,"COMMON_ACS":2000000000,"CURRENTDEBT_DEBT":72.42624343528,"ISSUED_COMMON_SHARES":1410250000,"HK_COMMON_SHARES":1410250000,"PER_SHARES":10000,"TOTAL_MARKET_CAP":181922250,"HKSK_MARKET_CAP":181922250,"PE_TTM":-100.787950138504,"PB_TTM":-4.669462268994,"REPORT_DATE_SQ":"2023-06-30 00:00:00","REPORT_TYPE_SQ":"2023年中报","OPERATE_INCOME_SQ":86164562.88,"DPS_HKD":null,"OPERATE_INCOME_QOQ_SQ":18.291027043779,"NET_PROFIT_RATIO_SQ":-4.3956514295,"HOLDER_PROFIT_SQ":-3784727.9,"HOLDER_PROFIT_QOQ_SQ":49.906786038874,"ROE_AVG_SQ":6.509157218743,"PE_TTM_SQ":-9.930295250321,"PB_TTM_SQ":-2.996939408027,"ROA_SQ":-3.078469089696,"START_DATE":"2024-01-01 00:00:00","FISCAL_YEAR":"12-31","CURRENCY":"HKD","IS_CNY_CODE":0,"DPS_HKD_LY":null,"ORG_TYPE":"一般企业","PREMIUM_INCOME":null,"PREMIUM_INCOME_YOY":null,"NET_INTEREST_INCOME":null,"NET_INTEREST_INCOME_YOY":null,"FEE_COMMISSION_INCOME":null,"FEE_COMMISSION_INCOME_YOY":null,"ACCOUNTS_RECE_TDAYS":44.02599704579,"INVENTORY_TDAYS":3.676444756719,"CURRENT_ASSETS_TDAYS":1.633810228581,"TOTAL_ASSETS_TDAYS":0.678643150863,"PREMIUM_EXPENSE":null,"LOAN_DEPOSIT":null,"LOAN_EQUITY":null,"LOAN_ASSETS":null,"DEPOSIT_EQUITY":null,"DEPOSIT_ASSETS":null,"EQUITY_MULTIPLIER":-2.548450453332,"EQUITY_RATIO":-3.988090349076},{"SECUCODE":"01869.HK","SECURITY_CODE":"01869","SECURITY_NAME_ABBR":"猫屎咖啡控股","ORG_CODE":"10499048","STD_REPORT_DATE":"2023-12-31 00:00:00","REPORT_DATE":"2023-12-31 00:00:00","DATE_TYPE_CODE":"001","REPORT_TYPE":"2023年年报","PER_NETCASH_OPERATE":0.028305126903,"PER_OI":0.146394998697,"BPS":-0.033920034689,"BASIC_EPS":0.006524784,"DILUTED_EPS":null,"OPERATE_INCOME":161781113.06,"OPERATE_INCOME_YOY":31.7007495279,"GROSS_PROFIT":103893591.9,"GROSS_PROFIT_YOY":38.754792955935,"HOLDER_PROFIT":7237979.14,"HOLDER_PROFIT_YOY":119.3146643451,"GROSS_PROFIT_RATIO":64.218616088683,"EPS_TTM":0.006549614641,"OPERATE_INCOME_QOQ":12.950286826926,"NET_PROFIT_RATIO":4.465531052,"ROE_AVG":-13.964995716259,"GROSS_PROFIT_QOQ":15.172686484917,"ROA":6.391338444057,"HOLDER_PROFIT_QOQ":139.116425580492,"ROE_YEARLY":-13.964995716259,"ROIC_YEARLY":7.275691974147,"TOTAL_ASSETS":97879009.76,"TOTAL_LIABILITIES":150193277.92,"TAX_EBT":-5.659377070908,"OCF_SALES":19.334763587885,"TOTAL_PARENT_EQUITY":-47835728.92,"DEBT_ASSET_RATIO":153.4478927487,"OPERATE_PROFIT":1435452.48,"PRETAX_PROFIT":6837429.9,"NETCASH_OPERATE":31279995.74,"NETCASH_INVEST":-3933901.02,"NETCASH_FINANCE":-33611699.8,"END_CASH":15296993.6,"DIVI_RATIO":null,"DIVIDEND_RATE":null,"CURRENT_RATIO":0.346042248556,"COMMON_ACS":2000000000,"CURRENTDEBT_DEBT":66.751339479654,"ISSUED_COMMON_SHARES":1410250000,"HK_COMMON_SHARES":1410250000,"PER_SHARES":10000,"TOTAL_MARKET_CAP":198845250,"HKSK_MARKET_CAP":198845250,"PE_TTM":-110.163573407202,"PB_TTM":-5.103830852156,"REPORT_DATE_SQ":"2022-12-31 00:00:00","REPORT_TYPE_SQ":"2022年年报","OPERATE_INCOME_SQ":121084535.04,"DPS_HKD":null,"OPERATE_INCOME_QOQ_SQ":-30.216699263697,"NET_PROFIT_RATIO_SQ":-31.7914896128,"HOLDER_PROFIT_SQ":-36938501.04,"HOLDER_PROFIT_QOQ_SQ":51.824685278888,"ROE_AVG_SQ":80.800343897769,"PE_TTM_SQ":-11.519142490372,"PB_TTM_SQ":-3.476449713312,"ROA_SQ":-23.735711190258,"START_DATE":"2023-01-01 00:00:00","FISCAL_YEAR":"12-31","CURRENCY":"HKD","IS_CNY_CODE":0,"DPS_HKD_LY":null,"ORG_TYPE":"一般企业","PREMIUM_INCOME":null,"PREMIUM_INCOME_YOY":null,"NET_INTEREST_INCOME":null,"NET_INTEREST_INCOME_YOY":null,"FEE_COMMISSION_INCOME":null,"FEE_COMMISSION_INCOME_YOY":null,"ACCOUNTS_RECE_TDAYS":107.673703256936,"INVENTORY_TDAYS":6.654998176798,"CURRENT_ASSETS_TDAYS":4.019882909255,"TOTAL_ASSETS_TDAYS":1.42857257174,"PREMIUM_EXPENSE":null,"LOAN_DEPOSIT":null,"LOAN_EQUITY":null,"LOAN_ASSETS":null,"DEPOSIT_EQUITY":null,"DEPOSIT_ASSETS":null,"EQUITY_MULTIPLIER":-1.870981152993,"EQUITY_RATIO":-3.139771909218},{"SECUCODE":"01869.HK","SECURITY_CODE":"01869","SECURITY_NAME_ABBR":"猫屎咖啡控股","ORG_CODE":"10499048","STD_REPORT_DATE":"2023-06-30 00:00:00","REPORT_DATE":"2023-06-30 00:00:00","DATE_TYPE_CODE":"002","REPORT_TYPE":"2023年中报","PER_NETCASH_OPERATE":0.012581176726,"PER_OI":0.07796992388,"BPS":-0.042187817337,"BASIC_EPS":-0.003411326,"DILUTED_EPS":-0.003411326,"OPERATE_INCOME":86164562.88,"OPERATE_INCOME_YOY":24.8460397825,"GROSS_PROFIT":55816669.2,"GROSS_PROFIT_YOY":37.86812699722,"HOLDER_PROFIT":-3784727.9,"HOLDER_PROFIT_YOY":84.2006004157,"GROSS_PROFIT_RATIO":64.779147406266,"EPS_TTM":-0.016743898616,"OPERATE_INCOME_QOQ":18.291027043779,"NET_PROFIT_RATIO":-4.3956514295,"ROE_AVG":6.509157218743,"GROSS_PROFIT_QOQ":20.47543318711,"ROA":-3.078469089696,"HOLDER_PROFIT_QOQ":49.906786038874,"ROE_YEARLY":13.018314437485,"ROIC_YEARLY":-7.199196776584,"TOTAL_ASSETS":115032678.66,"TOTAL_LIABILITIES":178992275.22,"TAX_EBT":-13.418001104362,"OCF_SALES":16.135935627461,"TOTAL_PARENT_EQUITY":-59495369.4,"DEBT_ASSET_RATIO":155.6012407127,"OPERATE_PROFIT":612194.72,"PRETAX_PROFIT":-3339411.56,"NETCASH_OPERATE":13903458.4,"NETCASH_INVEST":885100.8,"NETCASH_FINANCE":-13821402.18,"END_CASH":23059641.78,"DIVI_RATIO":null,"DIVIDEND_RATE":null,"CURRENT_RATIO":0.385776213039,"COMMON_ACS":2000000000,"CURRENTDEBT_DEBT":66.423026800385,"ISSUED_COMMON_SHARES":1410250000,"HK_COMMON_SHARES":1410250000,"PER_SHARES":10000,"TOTAL_MARKET_CAP":198845250,"HKSK_MARKET_CAP":198845250,"PE_TTM":-110.163573407202,"PB_TTM":-5.103830852156,"REPORT_DATE_SQ":"2022-06-30 00:00:00","REPORT_TYPE_SQ":"2022年中报","OPERATE_INCOME_SQ":64016957.83,"DPS_HKD":null,"OPERATE_INCOME_QOQ_SQ":-22.705332867756,"NET_PROFIT_RATIO_SQ":-34.0135966164,"HOLDER_PROFIT_SQ":-22219546.58,"HOLDER_PROFIT_QOQ_SQ":-1.439455425739,"ROE_AVG_SQ":51.302708092685,"PE_TTM_SQ":-11.519142490372,"PB_TTM_SQ":-3.476449713312,"ROA_SQ":-13.993833061791,"START_DATE":"2023-01-01 00:00:00","FISCAL_YEAR":"12-31","CURRENCY":"HKD","IS_CNY_CODE":0,"DPS_HKD_LY":null,"ORG_TYPE":"一般企业","PREMIUM_INCOME":null,"PREMIUM_INCOME_YOY":null,"NET_INTEREST_INCOME":null,"NET_INTEREST_INCOME_YOY":null,"FEE_COMMISSION_INCOME":null,"FEE_COMMISSION_INCOME_YOY":null,"ACCOUNTS_RECE_TDAYS":57.370165745856,"INVENTORY_TDAYS":3.546600581834,"CURRENT_ASSETS_TDAYS":1.863826732081,"TOTAL_ASSETS_TDAYS":0.700856046886,"PREMIUM_EXPENSE":null,"LOAN_DEPOSIT":null,"LOAN_EQUITY":null,"LOAN_ASSETS":null,"DEPOSIT_EQUITY":null,"DEPOSIT_ASSETS":null,"EQUITY_MULTIPLIER":-1.798521017125,"EQUITY_RATIO":-3.008507670851},{"SECUCODE":"01869.HK","SECURITY_CODE":"01869","SECURITY_NAME_ABBR":"猫屎咖啡控股","ORG_CODE":"10499048","STD_REPORT_DATE":"2022-12-31 00:00:00","REPORT_DATE":"2022-12-31 00:00:00","DATE_TYPE_CODE":"001","REPORT_TYPE":"2022年年报","PER_NETCASH_OPERATE":0.008297363632,"PER_OI":0.109568849009,"BPS":-0.039018210956,"BASIC_EPS":-0.036802724,"DILUTED_EPS":null,"OPERATE_INCOME":121084535.04,"OPERATE_INCOME_YOY":-50.6304495094,"GROSS_PROFIT":74875677.94,"GROSS_PROFIT_YOY":-45.542323449513,"HOLDER_PROFIT":-36938501.04,"HOLDER_PROFIT_YOY":55.2612788056,"GROSS_PROFIT_RATIO":61.837523607177,"EPS_TTM":-0.033425482798,"OPERATE_INCOME_QOQ":-30.216699263697,"NET_PROFIT_RATIO":-31.7914896128,"ROE_AVG":80.800343897769,"GROSS_PROFIT_QOQ":-32.27710675765,"ROA":-23.735711190258,"HOLDER_PROFIT_QOQ":51.824685278888,"ROE_YEARLY":80.800343897769,"ROIC_YEARLY":-26.95161652996,"TOTAL_ASSETS":126776451.48,"TOTAL_LIABILITIES":186323616.22,"TAX_EBT":6.75725382435,"OCF_SALES":7.572739612842,"TOTAL_PARENT_EQUITY":-55025432,"DEBT_ASSET_RATIO":146.9702094079,"OPERATE_PROFIT":-39544169.63,"PRETAX_PROFIT":-41284259.59,"NETCASH_OPERATE":9169416.55,"NETCASH_INVEST":-1524811.89,"NETCASH_FINANCE":-8372619.71,"END_CASH":20994524.81,"DIVI_RATIO":null,"DIVIDEND_RATE":null,"CURRENT_RATIO":0.3878005172,"COMMON_ACS":2000000000,"CURRENTDEBT_DEBT":62.476388635862,"ISSUED_COMMON_SHARES":1410250000,"HK_COMMON_SHARES":1410250000,"PER_SHARES":10000,"TOTAL_MARKET_CAP":198845250,"HKSK_MARKET_CAP":198845250,"PE_TTM":-110.163573407202,"PB_TTM":-5.103830852156,"REPORT_DATE_SQ":"2021-12-31 00:00:00","REPORT_TYPE_SQ":"2021年年报","OPERATE_INCOME_SQ":224485161.6,"DPS_HKD":null,"OPERATE_INCOME_QOQ_SQ":-1.107564541397,"NET_PROFIT_RATIO_SQ":-36.4786608684,"HOLDER_PROFIT_SQ":-75570768,"HOLDER_PROFIT_QOQ_SQ":-128.722413992517,"ROE_AVG_SQ":-896.224128738306,"PE_TTM_SQ":-11.519142490372,"PB_TTM_SQ":-3.476449713312,"ROA_SQ":-34.418377812897,"START_DATE":"2022-01-01 00:00:00","FISCAL_YEAR":"12-31","CURRENCY":"HKD","IS_CNY_CODE":0,"DPS_HKD_LY":null,"ORG_TYPE":"一般企业","PREMIUM_INCOME":null,"PREMIUM_INCOME_YOY":null,"NET_INTEREST_INCOME":null,"NET_INTEREST_INCOME_YOY":null,"FEE_COMMISSION_INCOME":null,"FEE_COMMISSION_INCOME_YOY":null,"ACCOUNTS_RECE_TDAYS":69.424839948784,"INVENTORY_TDAYS":4.439390688693,"CURRENT_ASSETS_TDAYS":2.428550953132,"TOTAL_ASSETS_TDAYS":0.778057439365,"PREMIUM_EXPENSE":null,"LOAN_DEPOSIT":null,"LOAN_EQUITY":null,"LOAN_ASSETS":null,"DEPOSIT_EQUITY":null,"DEPOSIT_ASSETS":null,"EQUITY_MULTIPLIER":-2.12900903063,"EQUITY_RATIO":-3.386136363636},{"SECUCODE":"01869.HK","SECURITY_CODE":"01869","SECURITY_NAME_ABBR":"猫屎咖啡控股","ORG_CODE":"10499048","STD_REPORT_DATE":"2022-06-30 00:00:00","REPORT_DATE":"2022-06-30 00:00:00","DATE_TYPE_CODE":"002","REPORT_TYPE":"2022年中报","PER_NETCASH_OPERATE":0.00584265808,"PER_OI":0.06401695783,"BPS":-0.0367078293,"BASIC_EPS":-0.02223494,"DILUTED_EPS":null,"OPERATE_INCOME":64016957.83,"OPERATE_INCOME_YOY":-45.1304502581,"GROSS_PROFIT":40485549.79,"GROSS_PROFIT_YOY":-41.593135911956,"HOLDER_PROFIT":-22219546.58,"HOLDER_PROFIT_YOY":-2.3074499921,"GROSS_PROFIT_RATIO":64.301097589455,"EPS_TTM":-0.0766751629,"OPERATE_INCOME_QOQ":-22.705332867756,"NET_PROFIT_RATIO":-34.0135966164,"ROE_AVG":51.302708092685,"GROSS_PROFIT_QOQ":-19.587492584514,"ROA":-13.993833061791,"HOLDER_PROFIT_QOQ":-1.439455425739,"ROE_YEARLY":102.605416185371,"ROIC_YEARLY":-31.512527327251,"TOTAL_ASSETS":140954126.18,"TOTAL_LIABILITIES":196017244.71,"TAX_EBT":-1.005547850208,"OCF_SALES":8.863748410701,"TOTAL_PARENT_EQUITY":-51767216.27,"DEBT_ASSET_RATIO":139.0645666234,"OPERATE_PROFIT":-16360639.89,"PRETAX_PROFIT":-22197311.64,"NETCASH_OPERATE":5842658.08,"NETCASH_INVEST":1870300.53,"NETCASH_FINANCE":-11893982.52,"END_CASH":19032253.45,"DIVI_RATIO":null,"DIVIDEND_RATE":null,"CURRENT_RATIO":0.362475865825,"COMMON_ACS":2000000000,"CURRENTDEBT_DEBT":61.689113429228,"ISSUED_COMMON_SHARES":1410250000,"HK_COMMON_SHARES":1410250000,"PER_SHARES":10000,"TOTAL_MARKET_CAP":198845250,"HKSK_MARKET_CAP":198845250,"PE_TTM":-110.163573407202,"PB_TTM":-5.103830852156,"REPORT_DATE_SQ":"2021-06-30 00:00:00","REPORT_TYPE_SQ":"2021年中报","OPERATE_INCOME_SQ":116886438,"DPS_HKD":null,"OPERATE_INCOME_QOQ_SQ":14.092274591974,"NET_PROFIT_RATIO_SQ":-20.094245366,"HOLDER_PROFIT_SQ":-21131503.68,"HOLDER_PROFIT_QOQ_SQ":1.38472970138,"ROE_AVG_SQ":-58.180318667598,"PE_TTM_SQ":-11.519142490372,"PB_TTM_SQ":-3.476449713312,"ROA_SQ":-8.222681987871,"START_DATE":"2022-01-01 00:00:00","FISCAL_YEAR":"12-31","CURRENCY":"HKD","IS_CNY_CODE":0,"DPS_HKD_LY":null,"ORG_TYPE":"一般企业","PREMIUM_INCOME":null,"PREMIUM_INCOME_YOY":null,"NET_INTEREST_INCOME":null,"NET_INTEREST_INCOME_YOY":null,"FEE_COMMISSION_INCOME":null,"FEE_COMMISSION_INCOME_YOY":null,"ACCOUNTS_RECE_TDAYS":36.60488997555,"INVENTORY_TDAYS":2.090246125798,"CURRENT_ASSETS_TDAYS":1.372129454908,"TOTAL_ASSETS_TDAYS":0.415139967953,"PREMIUM_EXPENSE":null,"LOAN_DEPOSIT":null,"LOAN_EQUITY":null,"LOAN_ASSETS":null,"DEPOSIT_EQUITY":null,"DEPOSIT_ASSETS":null,"EQUITY_MULTIPLIER":-2.559864568934,"EQUITY_RATIO":-3.786513141592},{"SECUCODE":"01869.HK","SECURITY_CODE":"01869","SECURITY_NAME_ABBR":"猫屎咖啡控股","ORG_CODE":"10499048","STD_REPORT_DATE":"2021-12-31 00:00:00","REPORT_DATE":"2021-12-31 00:00:00","DATE_TYPE_CODE":"001","REPORT_TYPE":"2021年年报","PER_NETCASH_OPERATE":0.034343288,"PER_OI":0.2244851616,"BPS":-0.020475799894,"BASIC_EPS":-0.07554624,"DILUTED_EPS":null,"OPERATE_INCOME":224485161.6,"OPERATE_INCOME_YOY":16.1461439866,"GROSS_PROFIT":137493339.2,"GROSS_PROFIT_YOY":18.992489338749,"HOLDER_PROFIT":-75570768,"HOLDER_PROFIT_YOY":-132.1872566994,"GROSS_PROFIT_RATIO":61.24829731285,"EPS_TTM":-0.07558712,"OPERATE_INCOME_QOQ":-1.107564541397,"NET_PROFIT_RATIO":-36.4786608684,"ROE_AVG":-896.224128738306,"GROSS_PROFIT_QOQ":8.085276604303,"ROA":-34.418377812897,"HOLDER_PROFIT_QOQ":-128.722413992517,"ROE_YEARLY":-896.224128738306,"ROIC_YEARLY":-38.438830494944,"TOTAL_ASSETS":164170809.6,"TOTAL_LIABILITIES":200503318.4,"TAX_EBT":1.135376352579,"OCF_SALES":15.298689568264,"TOTAL_PARENT_EQUITY":-33322105.6,"DEBT_ASSET_RATIO":118.8850096604,"OPERATE_PROFIT":-29842400,"PRETAX_PROFIT":-82813068.8,"NETCASH_OPERATE":34343288,"NETCASH_INVEST":-3121596.8,"NETCASH_FINANCE":-34464292.8,"END_CASH":21024584,"DIVI_RATIO":null,"DIVIDEND_RATE":null,"CURRENT_RATIO":0.441431482204,"COMMON_ACS":2000000000,"CURRENTDEBT_DEBT":56.436709428546,"ISSUED_COMMON_SHARES":1410250000,"HK_COMMON_SHARES":1410250000,"PER_SHARES":10000,"TOTAL_MARKET_CAP":198845250,"HKSK_MARKET_CAP":198845250,"PE_TTM":-110.163573407202,"PB_TTM":-5.103830852156,"REPORT_DATE_SQ":"2020-12-31 00:00:00","REPORT_TYPE_SQ":"2020年年报","OPERATE_INCOME_SQ":198961171.08,"DPS_HKD":null,"OPERATE_INCOME_QOQ_SQ":-17.90960969041,"NET_PROFIT_RATIO_SQ":-17.2489498598,"HOLDER_PROFIT_SQ":-33511579.88,"HOLDER_PROFIT_QOQ_SQ":49.562566330602,"ROE_AVG_SQ":-53.536181999086,"PE_TTM_SQ":-11.519142490372,"PB_TTM_SQ":-3.476449713312,"ROA_SQ":-11.289645747209,"START_DATE":"2021-01-01 00:00:00","FISCAL_YEAR":"12-31","CURRENCY":"HKD","IS_CNY_CODE":0,"DPS_HKD_LY":null,"ORG_TYPE":"一般企业","PREMIUM_INCOME":null,"PREMIUM_INCOME_YOY":null,"NET_INTEREST_INCOME":null,"NET_INTEREST_INCOME_YOY":null,"FEE_COMMISSION_INCOME":null,"FEE_COMMISSION_INCOME_YOY":null,"ACCOUNTS_RECE_TDAYS":70.727975270479,"INVENTORY_TDAYS":8.101035480432,"CURRENT_ASSETS_TDAYS":3.74483929704,"TOTAL_ASSETS_TDAYS":1.022186730403,"PREMIUM_EXPENSE":null,"LOAN_DEPOSIT":null,"LOAN_EQUITY":null,"LOAN_ASSETS":null,"DEPOSIT_EQUITY":null,"DEPOSIT_ASSETS":null,"EQUITY_MULTIPLIER":-5.295205128208,"EQUITY_RATIO":-6.01712631269},{"SECUCODE":"01869.HK","SECURITY_CODE":"01869","SECURITY_NAME_ABBR":"猫屎咖啡控股","ORG_CODE":"10499048","STD_REPORT_DATE":"2021-06-30 00:00:00","REPORT_DATE":"2021-06-30 00:00:00","DATE_TYPE_CODE":"002","REPORT_TYPE":"2021年中报","PER_NETCASH_OPERATE":0.01304368608,"PER_OI":0.116886438,"BPS":0.018498402524,"BASIC_EPS":-0.021134832,"DILUTED_EPS":null,"OPERATE_INCOME":116886438,"OPERATE_INCOME_YOY":46.6139029483,"GROSS_PROFIT":69316424.4,"GROSS_PROFIT_YOY":32.367619953042,"HOLDER_PROFIT":-21131503.68,"HOLDER_PROFIT_YOY":-7.4190000846,"GROSS_PROFIT_RATIO":57.373357789409,"EPS_TTM":-0.03304753508,"OPERATE_INCOME_QOQ":14.092274591974,"NET_PROFIT_RATIO":-20.094245366,"ROE_AVG":-58.180318667598,"GROSS_PROFIT_QOQ":10.091302975869,"ROA":-8.222681987871,"HOLDER_PROFIT_QOQ":1.38472970138,"ROE_YEARLY":-116.360637335197,"ROIC_YEARLY":-18.050937961451,"TOTAL_ASSETS":238811952.48,"TOTAL_LIABILITIES":210588630.96,"TAX_EBT":-2.658845040378,"OCF_SALES":11.688214855575,"TOTAL_PARENT_EQUITY":26087372.16,"DEBT_ASSET_RATIO":88.1817801718,"OPERATE_PROFIT":-16829650.08,"PRETAX_PROFIT":-21843764.16,"NETCASH_OPERATE":13043686.08,"NETCASH_INVEST":-4469101.68,"NETCASH_FINANCE":-16689860.64,"END_CASH":16077449.76,"DIVI_RATIO":null,"DIVIDEND_RATE":null,"CURRENT_RATIO":0.533196424637,"COMMON_ACS":2000000000,"CURRENTDEBT_DEBT":50.216723893365,"ISSUED_COMMON_SHARES":1410250000,"HK_COMMON_SHARES":1410250000,"PER_SHARES":10000,"TOTAL_MARKET_CAP":198845250,"HKSK_MARKET_CAP":198845250,"PE_TTM":-110.163573407202,"PB_TTM":-5.103830852156,"REPORT_DATE_SQ":"2020-06-30 00:00:00","REPORT_TYPE_SQ":"2020年中报","OPERATE_INCOME_SQ":83558750.88,"DPS_HKD":null,"OPERATE_INCOME_QOQ_SQ":-23.321963100216,"NET_PROFIT_RATIO_SQ":-25.8447478601,"HOLDER_PROFIT_SQ":-21595548.48,"HOLDER_PROFIT_QOQ_SQ":-24.993002198544,"ROE_AVG_SQ":-29.426151462159,"PE_TTM_SQ":-11.519142490372,"PB_TTM_SQ":-3.476449713312,"ROA_SQ":-6.809939827577,"START_DATE":"2021-01-01 00:00:00","FISCAL_YEAR":"12-31","CURRENCY":"HKD","IS_CNY_CODE":0,"DPS_HKD_LY":null,"ORG_TYPE":"一般企业","PREMIUM_INCOME":null,"PREMIUM_INCOME_YOY":null,"NET_INTEREST_INCOME":null,"NET_INTEREST_INCOME_YOY":null,"FEE_COMMISSION_INCOME":null,"FEE_COMMISSION_INCOME_YOY":null,"ACCOUNTS_RECE_TDAYS":27.268756672814,"INVENTORY_TDAYS":4.836717428088,"CURRENT_ASSETS_TDAYS":1.749665703458,"TOTAL_ASSETS_TDAYS":0.434245417723,"PREMIUM_EXPENSE":null,"LOAN_DEPOSIT":null,"LOAN_EQUITY":null,"LOAN_ASSETS":null,"DEPOSIT_EQUITY":null,"DEPOSIT_ASSETS":null,"EQUITY_MULTIPLIER":8.461511247353,"EQUITY_RATIO":8.072435570299},{"SECUCODE":"01869.HK","SECURITY_CODE":"01869","SECURITY_NAME_ABBR":"猫屎咖啡控股","ORG_CODE":"10499048","STD_REPORT_DATE":"2020-12-31 00:00:00","REPORT_DATE":"2020-12-31 00:00:00","DATE_TYPE_CODE":"001","REPORT_TYPE":"2020年年报","PER_NETCASH_OPERATE":0.02377717164,"PER_OI":0.19896117108,"BPS":0.033390474285,"BASIC_EPS":-0.033497272,"DILUTED_EPS":null,"OPERATE_INCOME":198961171.08,"OPERATE_INCOME_YOY":-33.0056311125,"GROSS_PROFIT":115547913.96,"GROSS_PROFIT_YOY":-42.97790250928,"HOLDER_PROFIT":-33511579.88,"HOLDER_PROFIT_YOY":32.9013666773,"GROSS_PROFIT_RATIO":58.075610096575,"EPS_TTM":-0.03351157988,"OPERATE_INCOME_QOQ":-17.90960969041,"NET_PROFIT_RATIO":-17.2489498598,"ROE_AVG":-53.536181999086,"GROSS_PROFIT_QOQ":-23.968822828675,"ROA":-11.289645747209,"HOLDER_PROFIT_QOQ":49.562566330602,"ROE_YEARLY":-53.536181999086,"ROIC_YEARLY":-13.246568757101,"TOTAL_ASSETS":278330348,"TOTAL_LIABILITIES":227786499.44,"TAX_EBT":0.181150550796,"OCF_SALES":11.950659272326,"TOTAL_PARENT_EQUITY":47088916.36,"DEBT_ASSET_RATIO":81.8403386755,"OPERATE_PROFIT":null,"PRETAX_PROFIT":-34380994,"NETCASH_OPERATE":23777171.64,"NETCASH_INVEST":-28098993.04,"NETCASH_FINANCE":-32591667.36,"END_CASH":24364636.36,"DIVI_RATIO":null,"DIVIDEND_RATE":null,"CURRENT_RATIO":0.63382285384,"COMMON_ACS":2000000000,"CURRENTDEBT_DEBT":49.866615431228,"ISSUED_COMMON_SHARES":1410250000,"HK_COMMON_SHARES":1410250000,"PER_SHARES":10000,"TOTAL_MARKET_CAP":198845250,"HKSK_MARKET_CAP":198845250,"PE_TTM":-110.163573407202,"PB_TTM":-5.103830852156,"REPORT_DATE_SQ":"2019-12-31 00:00:00","REPORT_TYPE_SQ":"2019年年报","OPERATE_INCOME_SQ":316085826.58,"DPS_HKD":null,"OPERATE_INCOME_QOQ_SQ":-0.803442700259,"NET_PROFIT_RATIO_SQ":-16.8171036187,"HOLDER_PROFIT_SQ":-53156480.98,"HOLDER_PROFIT_QOQ_SQ":-378.736176066369,"ROE_AVG_SQ":-54.924519395415,"PE_TTM_SQ":-11.519142490372,"PB_TTM_SQ":-3.476449713312,"ROA_SQ":-21.348255994877,"START_DATE":"2020-01-01 00:00:00","FISCAL_YEAR":"12-31","CURRENCY":"HKD","IS_CNY_CODE":0,"DPS_HKD_LY":null,"ORG_TYPE":"一般企业","PREMIUM_INCOME":null,"PREMIUM_INCOME_YOY":null,"NET_INTEREST_INCOME":null,"NET_INTEREST_INCOME_YOY":null,"FEE_COMMISSION_INCOME":null,"FEE_COMMISSION_INCOME_YOY":null,"ACCOUNTS_RECE_TDAYS":50.80528691167,"INVENTORY_TDAYS":7.524427741715,"CURRENT_ASSETS_TDAYS":2.320301917905,"TOTAL_ASSETS_TDAYS":0.670276109627,"PREMIUM_EXPENSE":null,"LOAN_DEPOSIT":null,"LOAN_EQUITY":null,"LOAN_ASSETS":null,"DEPOSIT_EQUITY":null,"DEPOSIT_ASSETS":null,"EQUITY_MULTIPLIER":5.506710627091,"EQUITY_RATIO":4.837369747449},{"SECUCODE":"01869.HK","SECURITY_CODE":"01869","SECURITY_NAME_ABBR":"猫屎咖啡控股","ORG_CODE":"10499048","STD_REPORT_DATE":"2020-06-30 00:00:00","REPORT_DATE":"2020-06-30 00:00:00","DATE_TYPE_CODE":"002","REPORT_TYPE":"2020年中报","PER_NETCASH_OPERATE":0.01080782208,"PER_OI":0.08355875088,"BPS":0.043972072129,"BASIC_EPS":-0.021557184,"DILUTED_EPS":null,"OPERATE_INCOME":83558750.88,"OPERATE_INCOME_YOY":-48.8360776769,"GROSS_PROFIT":52366601.76,"GROSS_PROFIT_YOY":-49.173096528986,"HOLDER_PROFIT":-21595548.48,"HOLDER_PROFIT_YOY":-150.2593415899,"GROSS_PROFIT_RATIO":62.670398023547,"EPS_TTM":-0.06644188144,"OPERATE_INCOME_QOQ":-23.321963100216,"NET_PROFIT_RATIO":-25.8447478601,"ROE_AVG":-29.426151462159,"GROSS_PROFIT_QOQ":-25.001690606172,"ROA":-6.809939827577,"HOLDER_PROFIT_QOQ":-24.993002198544,"ROE_YEARLY":-58.852302924319,"ROIC_YEARLY":-16.125693375145,"TOTAL_ASSETS":291995711.04,"TOTAL_LIABILITIES":229984096.32,"TAX_EBT":-2.072359899836,"OCF_SALES":12.93439881063,"TOTAL_PARENT_EQUITY":62011614.72,"DEBT_ASSET_RATIO":78.7628337077,"OPERATE_PROFIT":-14942964.96,"PRETAX_PROFIT":-21157097.28,"NETCASH_OPERATE":10807822.08,"NETCASH_INVEST":-19650834.72,"NETCASH_FINANCE":-22175582.88,"END_CASH":33563439.36,"DIVI_RATIO":null,"DIVIDEND_RATE":null,"CURRENT_RATIO":0.591773483524,"COMMON_ACS":2000000000,"CURRENTDEBT_DEBT":49.081333555752,"ISSUED_COMMON_SHARES":1410250000,"HK_COMMON_SHARES":1410250000,"PER_SHARES":10000,"TOTAL_MARKET_CAP":198845250,"HKSK_MARKET_CAP":198845250,"PE_TTM":-110.163573407202,"PB_TTM":-5.103830852156,"REPORT_DATE_SQ":"2019-06-30 00:00:00","REPORT_TYPE_SQ":"2019年中报","OPERATE_INCOME_SQ":157276170.72,"DPS_HKD":null,"OPERATE_INCOME_QOQ_SQ":0.876280919986,"NET_PROFIT_RATIO_SQ":-5.2837934583,"HOLDER_PROFIT_SQ":-8310148.02,"HOLDER_PROFIT_QOQ_SQ":-660.227117096553,"ROE_AVG_SQ":-8.571545228125,"PE_TTM_SQ":-11.519142490372,"PB_TTM_SQ":-3.476449713312,"ROA_SQ":-3.89769529735,"START_DATE":"2020-01-01 00:00:00","FISCAL_YEAR":"12-31","CURRENCY":"HKD","IS_CNY_CODE":0,"DPS_HKD_LY":null,"ORG_TYPE":"一般企业","PREMIUM_INCOME":null,"PREMIUM_INCOME_YOY":null,"NET_INTEREST_INCOME":null,"NET_INTEREST_INCOME_YOY":null,"FEE_COMMISSION_INCOME":null,"FEE_COMMISSION_INCOME_YOY":null,"ACCOUNTS_RECE_TDAYS":23.965679853288,"INVENTORY_TDAYS":2.776147311085,"CURRENT_ASSETS_TDAYS":0.956117292306,"TOTAL_ASSETS_TDAYS":0.263494148383,"PREMIUM_EXPENSE":null,"LOAN_DEPOSIT":null,"LOAN_EQUITY":null,"LOAN_ASSETS":null,"DEPOSIT_EQUITY":null,"DEPOSIT_ASSETS":null,"EQUITY_MULTIPLIER":4.708726137171,"EQUITY_RATIO":3.708726137167}],"count":28},"success":true,"message":"ok","code":0}