{"version":"3aebc48e14783c5ba6af3b69449714bc","result":{"pages":4,"data":[{"SECUCODE":"01867.HK","SECURITY_CODE":"01867","SECURITY_NAME_ABBR":"标准发展集团","ORG_CODE":"10571900","STD_REPORT_DATE":"2024-06-30 00:00:00","REPORT_DATE":"2024-09-30 00:00:00","DATE_TYPE_CODE":"002","REPORT_TYPE":"2024年中报","PER_NETCASH_OPERATE":0.009681264933,"PER_OI":0.086921932503,"BPS":0.075957397463,"BASIC_EPS":-0.011903628,"DILUTED_EPS":null,"OPERATE_INCOME":129861367.16,"OPERATE_INCOME_YOY":-52.7245031286,"GROSS_PROFIT":135268.5,"GROSS_PROFIT_YOY":-96.268083010209,"HOLDER_PROFIT":-17725584.24,"HOLDER_PROFIT_YOY":-176.9620966606,"GROSS_PROFIT_RATIO":0.104163773229,"EPS_TTM":-0.01209946921,"OPERATE_INCOME_QOQ":0,"NET_PROFIT_RATIO":-13.9211410794,"ROE_AVG":-14.524817663881,"GROSS_PROFIT_QOQ":0,"ROA":-5.84599827499,"HOLDER_PROFIT_QOQ":0,"ROE_YEARLY":-29.049635327762,"ROIC_YEARLY":-13.045923895459,"TOTAL_ASSETS":343356542.5,"TOTAL_LIABILITIES":221478722.21,"TAX_EBT":-3.918925924006,"OCF_SALES":11.137885058748,"TOTAL_PARENT_EQUITY":113480351.81,"DEBT_ASSET_RATIO":64.5040052528,"OPERATE_PROFIT":-15704672.85,"PRETAX_PROFIT":-17396430.89,"NETCASH_OPERATE":14463809.81,"NETCASH_INVEST":-78287997.06,"NETCASH_FINANCE":65842393.27,"END_CASH":24331195.99,"DIVI_RATIO":null,"DIVIDEND_RATE":null,"CURRENT_RATIO":0.852296333299,"COMMON_ACS":2000000000,"CURRENTDEBT_DEBT":66.837812857544,"ISSUED_COMMON_SHARES":1494000000,"HK_COMMON_SHARES":1494000000,"PER_SHARES":10000,"TOTAL_MARKET_CAP":240534000,"HKSK_MARKET_CAP":240534000,"PE_TTM":-7.40127388535,"PB_TTM":1.91144239862,"REPORT_DATE_SQ":"2023-06-30 00:00:00","REPORT_TYPE_SQ":"2023年中报","OPERATE_INCOME_SQ":279515603.78,"DPS_HKD":null,"OPERATE_INCOME_QOQ_SQ":0,"NET_PROFIT_RATIO_SQ":-2.3298950119,"HOLDER_PROFIT_SQ":-6512420.11,"HOLDER_PROFIT_QOQ_SQ":0,"ROE_AVG_SQ":-4.339876475264,"PE_TTM_SQ":-46.927470017133,"PB_TTM_SQ":2.083655589507,"ROA_SQ":-2.90357290435,"START_DATE":"2024-04-01 00:00:00","FISCAL_YEAR":"3-31","CURRENCY":"HKD","IS_CNY_CODE":0,"DPS_HKD_LY":null,"ORG_TYPE":"一般企业","PREMIUM_INCOME":null,"PREMIUM_INCOME_YOY":null,"NET_INTEREST_INCOME":null,"NET_INTEREST_INCOME_YOY":null,"FEE_COMMISSION_INCOME":null,"FEE_COMMISSION_INCOME_YOY":null,"ACCOUNTS_RECE_TDAYS":2.397369625838,"INVENTORY_TDAYS":2339.08943089431,"CURRENT_ASSETS_TDAYS":1.008276035905,"TOTAL_ASSETS_TDAYS":0.428290158522,"PREMIUM_EXPENSE":null,"LOAN_DEPOSIT":null,"LOAN_EQUITY":null,"LOAN_ASSETS":null,"DEPOSIT_EQUITY":null,"DEPOSIT_ASSETS":null,"EQUITY_MULTIPLIER":2.81721925846,"EQUITY_RATIO":1.951692241674},{"SECUCODE":"01867.HK","SECURITY_CODE":"01867","SECURITY_NAME_ABBR":"标准发展集团","ORG_CODE":"10571900","STD_REPORT_DATE":"2023-12-31 00:00:00","REPORT_DATE":"2024-03-31 00:00:00","DATE_TYPE_CODE":"001","REPORT_TYPE":"2023年年报","PER_NETCASH_OPERATE":-0.034399142905,"PER_OI":0.297203983066,"BPS":0.087872850234,"BASIC_EPS":-0.012057115,"DILUTED_EPS":null,"OPERATE_INCOME":444022750.7,"OPERATE_INCOME_YOY":-25.9268333258,"GROSS_PROFIT":3459394.8,"GROSS_PROFIT_YOY":-82.131749034324,"HOLDER_PROFIT":-18076607,"HOLDER_PROFIT_YOY":-125.8466417488,"GROSS_PROFIT_RATIO":0.779103051487,"EPS_TTM":-0.004131192316,"OPERATE_INCOME_QOQ":0,"NET_PROFIT_RATIO":-4.1105035995,"ROE_AVG":-12.695259651167,"GROSS_PROFIT_QOQ":0,"ROA":-7.049859904364,"HOLDER_PROFIT_QOQ":0,"ROE_YEARLY":-12.695259651167,"ROIC_YEARLY":-10.526732568729,"TOTAL_ASSETS":264449700.5,"TOTAL_LIABILITIES":124487446,"TAX_EBT":1.08092173144,"OCF_SALES":-11.574253665827,"TOTAL_PARENT_EQUITY":131282038.25,"DEBT_ASSET_RATIO":47.0741489836,"OPERATE_PROFIT":-17233515.5,"PRETAX_PROFIT":-18451012.15,"NETCASH_OPERATE":-51392319.5,"NETCASH_INVEST":-82022830.9,"NETCASH_FINANCE":22315634.8,"END_CASH":21685582.55,"DIVI_RATIO":null,"DIVIDEND_RATE":null,"CURRENT_RATIO":1.172669338097,"COMMON_ACS":2000000000,"CURRENTDEBT_DEBT":90.502475968541,"ISSUED_COMMON_SHARES":1494000000,"HK_COMMON_SHARES":1494000000,"PER_SHARES":10000,"TOTAL_MARKET_CAP":282366000,"HKSK_MARKET_CAP":282366000,"PE_TTM":-8.688451952368,"PB_TTM":2.243867163598,"REPORT_DATE_SQ":"2022-12-31 00:00:00","REPORT_TYPE_SQ":"2022年年报","OPERATE_INCOME_SQ":578847354.3,"DPS_HKD":null,"OPERATE_INCOME_QOQ_SQ":0,"NET_PROFIT_RATIO_SQ":-1.335238873,"HOLDER_PROFIT_SQ":-7728994.89,"HOLDER_PROFIT_QOQ_SQ":0,"ROE_AVG_SQ":-5.612092473351,"PE_TTM_SQ":-40.611620795107,"PB_TTM_SQ":2.273078824917,"ROA_SQ":-3.346035559918,"START_DATE":"2023-04-01 00:00:00","FISCAL_YEAR":"3-31","CURRENCY":"HKD","IS_CNY_CODE":0,"DPS_HKD_LY":null,"ORG_TYPE":"一般企业","PREMIUM_INCOME":null,"PREMIUM_INCOME_YOY":null,"NET_INTEREST_INCOME":null,"NET_INTEREST_INCOME_YOY":null,"FEE_COMMISSION_INCOME":null,"FEE_COMMISSION_INCOME_YOY":null,"ACCOUNTS_RECE_TDAYS":7.018413171508,"INVENTORY_TDAYS":1708.18277680141,"CURRENT_ASSETS_TDAYS":2.420409171773,"TOTAL_ASSETS_TDAYS":1.731684594783,"PREMIUM_EXPENSE":null,"LOAN_DEPOSIT":null,"LOAN_EQUITY":null,"LOAN_ASSETS":null,"DEPOSIT_EQUITY":null,"DEPOSIT_ASSETS":null,"EQUITY_MULTIPLIER":1.889435844291,"EQUITY_RATIO":0.948244311708},{"SECUCODE":"01867.HK","SECURITY_CODE":"01867","SECURITY_NAME_ABBR":"标准发展集团","ORG_CODE":"10571900","STD_REPORT_DATE":"2023-06-30 00:00:00","REPORT_DATE":"2023-09-30 00:00:00","DATE_TYPE_CODE":"002","REPORT_TYPE":"2023年中报","PER_NETCASH_OPERATE":-0.051130540147,"PER_OI":0.18709210427,"BPS":0.096886741272,"BASIC_EPS":-0.004404624,"DILUTED_EPS":null,"OPERATE_INCOME":279515603.78,"OPERATE_INCOME_YOY":-4.6162806719,"GROSS_PROFIT":3624638.5,"GROSS_PROFIT_YOY":71.926437516195,"HOLDER_PROFIT":-6512420.11,"HOLDER_PROFIT_YOY":20.4550549204,"GROSS_PROFIT_RATIO":1.296757122315,"EPS_TTM":-0.005173356687,"OPERATE_INCOME_QOQ":0,"NET_PROFIT_RATIO":-2.3298950119,"ROE_AVG":-4.339876475264,"GROSS_PROFIT_QOQ":0,"ROA":-2.90357290435,"HOLDER_PROFIT_QOQ":0,"ROE_YEARLY":-8.679752950529,"ROIC_YEARLY":-10.302192318719,"TOTAL_ASSETS":197172075.73,"TOTAL_LIABILITIES":52423284.27,"TAX_EBT":-0.296777840588,"OCF_SALES":-27.329074279561,"TOTAL_PARENT_EQUITY":144748791.46,"DEBT_ASSET_RATIO":26.5875804552,"OPERATE_PROFIT":-6105910.02,"PRETAX_PROFIT":-6493149.88,"NETCASH_OPERATE":-76389026.98,"NETCASH_INVEST":-11847520.93,"NETCASH_FINANCE":6644558.83,"END_CASH":55011000.87,"DIVI_RATIO":null,"DIVIDEND_RATE":null,"CURRENT_RATIO":3.305229849697,"COMMON_ACS":2000000000,"CURRENTDEBT_DEBT":99.572896427384,"ISSUED_COMMON_SHARES":1494000000,"HK_COMMON_SHARES":1494000000,"PER_SHARES":10000,"TOTAL_MARKET_CAP":282366000,"HKSK_MARKET_CAP":282366000,"PE_TTM":-8.688451952368,"PB_TTM":2.243867163598,"REPORT_DATE_SQ":"2022-06-30 00:00:00","REPORT_TYPE_SQ":"2022年中报","OPERATE_INCOME_SQ":288831105.12,"DPS_HKD":null,"OPERATE_INCOME_QOQ_SQ":0,"NET_PROFIT_RATIO_SQ":-2.793817403,"HOLDER_PROFIT_SQ":-8069413.68,"HOLDER_PROFIT_QOQ_SQ":0,"ROE_AVG_SQ":-6.433933554961,"PE_TTM_SQ":-40.611620795107,"PB_TTM_SQ":2.273078824917,"ROA_SQ":-4.261874565608,"START_DATE":"2023-04-01 00:00:00","FISCAL_YEAR":"3-31","CURRENCY":"HKD","IS_CNY_CODE":0,"DPS_HKD_LY":null,"ORG_TYPE":"一般企业","PREMIUM_INCOME":null,"PREMIUM_INCOME_YOY":null,"NET_INTEREST_INCOME":null,"NET_INTEREST_INCOME_YOY":null,"FEE_COMMISSION_INCOME":null,"FEE_COMMISSION_INCOME_YOY":null,"ACCOUNTS_RECE_TDAYS":4.183343862444,"INVENTORY_TDAYS":36.07150569886,"CURRENT_ASSETS_TDAYS":1.362887331348,"TOTAL_ASSETS_TDAYS":1.246224782447,"PREMIUM_EXPENSE":null,"LOAN_DEPOSIT":null,"LOAN_EQUITY":null,"LOAN_ASSETS":null,"DEPOSIT_EQUITY":null,"DEPOSIT_ASSETS":null,"EQUITY_MULTIPLIER":1.362167336536,"EQUITY_RATIO":0.362167336537},{"SECUCODE":"01867.HK","SECURITY_CODE":"01867","SECURITY_NAME_ABBR":"标准发展集团","ORG_CODE":"10571900","STD_REPORT_DATE":"2022-12-31 00:00:00","REPORT_DATE":"2023-03-31 00:00:00","DATE_TYPE_CODE":"001","REPORT_TYPE":"2022年年报","PER_NETCASH_OPERATE":-0.010274641466,"PER_OI":0.387448028313,"BPS":0.099211961432,"BASIC_EPS":-0.005515083,"DILUTED_EPS":null,"OPERATE_INCOME":578847354.3,"OPERATE_INCOME_YOY":115.6949092831,"GROSS_PROFIT":19360567.56,"GROSS_PROFIT_YOY":134.477641959361,"HOLDER_PROFIT":-7728994.89,"HOLDER_PROFIT_YOY":57.9771537363,"GROSS_PROFIT_RATIO":3.344675831405,"EPS_TTM":-0.011364726399,"OPERATE_INCOME_QOQ":0,"NET_PROFIT_RATIO":-1.335238873,"ROE_AVG":-5.612092473351,"GROSS_PROFIT_QOQ":0,"ROA":-3.346035559918,"HOLDER_PROFIT_QOQ":0,"ROE_YEARLY":-5.612092473351,"ROIC_YEARLY":-7.518937861672,"TOTAL_ASSETS":239840454.75,"TOTAL_LIABILITIES":91617784.37,"TAX_EBT":-20.106108012515,"OCF_SALES":-2.651876049181,"TOTAL_PARENT_EQUITY":148222670.38,"DEBT_ASSET_RATIO":38.1994707546,"OPERATE_PROFIT":-5824978.14,"PRETAX_PROFIT":-6435138.91,"NETCASH_OPERATE":-15350314.35,"NETCASH_INVEST":-793996.87,"NETCASH_FINANCE":29426907.15,"END_CASH":134238871.04,"DIVI_RATIO":null,"DIVIDEND_RATE":null,"CURRENT_RATIO":2.491898393149,"COMMON_ACS":2000000000,"CURRENTDEBT_DEBT":99.305349857152,"ISSUED_COMMON_SHARES":1494000000,"HK_COMMON_SHARES":1494000000,"PER_SHARES":10000,"TOTAL_MARKET_CAP":282366000,"HKSK_MARKET_CAP":282366000,"PE_TTM":-8.688451952368,"PB_TTM":2.243867163598,"REPORT_DATE_SQ":"2021-12-31 00:00:00","REPORT_TYPE_SQ":"2021年年报","OPERATE_INCOME_SQ":248621603.58,"DPS_HKD":null,"OPERATE_INCOME_QOQ_SQ":0,"NET_PROFIT_RATIO_SQ":-6.8535154848,"HOLDER_PROFIT_SQ":-17039320.1,"HOLDER_PROFIT_QOQ_SQ":0,"ROE_AVG_SQ":-15.975424763049,"PE_TTM_SQ":-40.611620795107,"PB_TTM_SQ":2.273078824917,"ROA_SQ":-10.422531717783,"START_DATE":"2022-04-01 00:00:00","FISCAL_YEAR":"3-31","CURRENCY":"HKD","IS_CNY_CODE":0,"DPS_HKD_LY":null,"ORG_TYPE":"一般企业","PREMIUM_INCOME":null,"PREMIUM_INCOME_YOY":null,"NET_INTEREST_INCOME":null,"NET_INTEREST_INCOME_YOY":null,"FEE_COMMISSION_INCOME":null,"FEE_COMMISSION_INCOME_YOY":null,"ACCOUNTS_RECE_TDAYS":10.021977022644,"INVENTORY_TDAYS":1238.59302325581,"CURRENT_ASSETS_TDAYS":2.641807950235,"TOTAL_ASSETS_TDAYS":2.505945286312,"PREMIUM_EXPENSE":null,"LOAN_DEPOSIT":null,"LOAN_EQUITY":null,"LOAN_ASSETS":null,"DEPOSIT_EQUITY":null,"DEPOSIT_ASSETS":null,"EQUITY_MULTIPLIER":1.618109120116,"EQUITY_RATIO":0.618109120117},{"SECUCODE":"01867.HK","SECURITY_CODE":"01867","SECURITY_NAME_ABBR":"标准发展集团","ORG_CODE":"10571900","STD_REPORT_DATE":"2022-06-30 00:00:00","REPORT_DATE":"2022-09-30 00:00:00","DATE_TYPE_CODE":"002","REPORT_TYPE":"2022年中报","PER_NETCASH_OPERATE":-0.055579318482,"PER_OI":0.214904096071,"BPS":0.079921258313,"BASIC_EPS":-0.005969304,"DILUTED_EPS":null,"OPERATE_INCOME":288831105.12,"OPERATE_INCOME_YOY":332.6153512693,"GROSS_PROFIT":2108249.64,"GROSS_PROFIT_YOY":41.618894646017,"HOLDER_PROFIT":-8069413.68,"HOLDER_PROFIT_YOY":8.5766984322,"GROSS_PROFIT_RATIO":0.72992472162,"EPS_TTM":-0.012678065551,"OPERATE_INCOME_QOQ":0,"NET_PROFIT_RATIO":-2.793817403,"ROE_AVG":-6.433933554961,"GROSS_PROFIT_QOQ":0,"ROA":-4.261874565608,"HOLDER_PROFIT_QOQ":0,"ROE_YEARLY":-12.867867109922,"ROIC_YEARLY":-15.681105164641,"TOTAL_ASSETS":149173811.4,"TOTAL_LIABILITIES":29771451.48,"TAX_EBT":-18.928285790456,"OCF_SALES":-25.862382103536,"TOTAL_PARENT_EQUITY":119402359.92,"DEBT_ASSET_RATIO":19.9575590384,"OPERATE_PROFIT":-6525534.6,"PRETAX_PROFIT":-6785108.88,"NETCASH_OPERATE":-74698604.04,"NETCASH_INVEST":-332833.92,"NETCASH_FINANCE":-569797.2,"END_CASH":46637448.6,"DIVI_RATIO":null,"DIVIDEND_RATE":null,"CURRENT_RATIO":4.844409448819,"COMMON_ACS":2000000000,"CURRENTDEBT_DEBT":96.454719445879,"ISSUED_COMMON_SHARES":1494000000,"HK_COMMON_SHARES":1494000000,"PER_SHARES":10000,"TOTAL_MARKET_CAP":282366000,"HKSK_MARKET_CAP":282366000,"PE_TTM":-8.688451952368,"PB_TTM":2.243867163598,"REPORT_DATE_SQ":"2021-06-30 00:00:00","REPORT_TYPE_SQ":"2021年中报","OPERATE_INCOME_SQ":61494823.08,"DPS_HKD":null,"OPERATE_INCOME_QOQ_SQ":0,"NET_PROFIT_RATIO_SQ":-13.2203527595,"HOLDER_PROFIT_SQ":-8129832.54,"HOLDER_PROFIT_QOQ_SQ":0,"ROE_AVG_SQ":-7.13035790612,"PE_TTM_SQ":-40.611620795107,"PB_TTM_SQ":2.273078824917,"ROA_SQ":-6.093966604638,"START_DATE":"2022-04-01 00:00:00","FISCAL_YEAR":"3-31","CURRENCY":"HKD","IS_CNY_CODE":0,"DPS_HKD_LY":null,"ORG_TYPE":"一般企业","PREMIUM_INCOME":null,"PREMIUM_INCOME_YOY":null,"NET_INTEREST_INCOME":null,"NET_INTEREST_INCOME_YOY":null,"FEE_COMMISSION_INCOME":null,"FEE_COMMISSION_INCOME_YOY":null,"ACCOUNTS_RECE_TDAYS":5.119643458326,"INVENTORY_TDAYS":1053.21262458472,"CURRENT_ASSETS_TDAYS":1.615250773869,"TOTAL_ASSETS_TDAYS":1.525466396299,"PREMIUM_EXPENSE":null,"LOAN_DEPOSIT":null,"LOAN_EQUITY":null,"LOAN_ASSETS":null,"DEPOSIT_EQUITY":null,"DEPOSIT_ASSETS":null,"EQUITY_MULTIPLIER":1.249337211592,"EQUITY_RATIO":0.249337211592},{"SECUCODE":"01867.HK","SECURITY_CODE":"01867","SECURITY_NAME_ABBR":"标准发展集团","ORG_CODE":"10571900","STD_REPORT_DATE":"2021-12-31 00:00:00","REPORT_DATE":"2022-03-31 00:00:00","DATE_TYPE_CODE":"001","REPORT_TYPE":"2021年年报","PER_NETCASH_OPERATE":0.044935022813,"PER_OI":0.184986312188,"BPS":0.078888364953,"BASIC_EPS":-0.013624968,"DILUTED_EPS":null,"OPERATE_INCOME":248621603.58,"OPERATE_INCOME_YOY":38.1551551642,"GROSS_PROFIT":8256892.81,"GROSS_PROFIT_YOY":-29.726731926112,"HOLDER_PROFIT":-17039320.1,"HOLDER_PROFIT_YOY":-2188.4691848907,"GROSS_PROFIT_RATIO":3.321068117616,"EPS_TTM":-0.009481742872,"OPERATE_INCOME_QOQ":0,"NET_PROFIT_RATIO":-6.8535154848,"ROE_AVG":-15.975424763049,"GROSS_PROFIT_QOQ":0,"ROA":-10.422531717783,"HOLDER_PROFIT_QOQ":0,"ROE_YEARLY":-15.975424763049,"ROIC_YEARLY":-18.058826563064,"TOTAL_ASSETS":205797031.54,"TOTAL_LIABILITIES":87937814.3,"TAX_EBT":3.072522605647,"OCF_SALES":24.290998766954,"TOTAL_PARENT_EQUITY":117859217.24,"DEBT_ASSET_RATIO":42.7303609007,"OPERATE_PROFIT":-10139247.02,"PRETAX_PROFIT":-17579452.76,"NETCASH_OPERATE":60392670.66,"NETCASH_INVEST":-1913172.59,"NETCASH_FINANCE":29172029.7,"END_CASH":113166713.38,"DIVI_RATIO":null,"DIVIDEND_RATE":null,"CURRENT_RATIO":2.26347888815,"COMMON_ACS":2000000000,"CURRENTDEBT_DEBT":98.442313013004,"ISSUED_COMMON_SHARES":1494000000,"HK_COMMON_SHARES":1494000000,"PER_SHARES":10000,"TOTAL_MARKET_CAP":282366000,"HKSK_MARKET_CAP":282366000,"PE_TTM":-8.688451952368,"PB_TTM":2.243867163598,"REPORT_DATE_SQ":"2020-12-31 00:00:00","REPORT_TYPE_SQ":"2020年年报","OPERATE_INCOME_SQ":187540370.92,"DPS_HKD":null,"OPERATE_INCOME_QOQ_SQ":0,"NET_PROFIT_RATIO_SQ":0.4533696269,"HOLDER_PROFIT_SQ":850251.08,"HOLDER_PROFIT_QOQ_SQ":0,"ROE_AVG_SQ":0.858347127182,"PE_TTM_SQ":-40.611620795107,"PB_TTM_SQ":2.273078824917,"ROA_SQ":0.652029490399,"START_DATE":"2021-04-01 00:00:00","FISCAL_YEAR":"3-31","CURRENCY":"HKD","IS_CNY_CODE":0,"DPS_HKD_LY":null,"ORG_TYPE":"一般企业","PREMIUM_INCOME":null,"PREMIUM_INCOME_YOY":null,"NET_INTEREST_INCOME":null,"NET_INTEREST_INCOME_YOY":null,"FEE_COMMISSION_INCOME":null,"FEE_COMMISSION_INCOME_YOY":null,"ACCOUNTS_RECE_TDAYS":4.765952815889,"INVENTORY_TDAYS":null,"CURRENT_ASSETS_TDAYS":1.5926042335,"TOTAL_ASSETS_TDAYS":1.520757010157,"PREMIUM_EXPENSE":null,"LOAN_DEPOSIT":null,"LOAN_EQUITY":null,"LOAN_ASSETS":null,"DEPOSIT_EQUITY":null,"DEPOSIT_ASSETS":null,"EQUITY_MULTIPLIER":1.746125897993,"EQUITY_RATIO":0.746125897993},{"SECUCODE":"01867.HK","SECURITY_CODE":"01867","SECURITY_NAME_ABBR":"标准发展集团","ORG_CODE":"10571900","STD_REPORT_DATE":"2021-06-30 00:00:00","REPORT_DATE":"2021-09-30 00:00:00","DATE_TYPE_CODE":"002","REPORT_TYPE":"2021年中报","PER_NETCASH_OPERATE":0.004499391771,"PER_OI":0.045755076696,"BPS":0.087000682436,"BASIC_EPS":-0.00708101,"DILUTED_EPS":null,"OPERATE_INCOME":61494823.08,"OPERATE_INCOME_YOY":-46.7337263589,"GROSS_PROFIT":1488678.22,"GROSS_PROFIT_YOY":-87.543974671596,"HOLDER_PROFIT":-8129832.54,"HOLDER_PROFIT_YOY":-256.9475715664,"GROSS_PROFIT_RATIO":2.42081877049,"EPS_TTM":0.00075915275,"OPERATE_INCOME_QOQ":0,"NET_PROFIT_RATIO":-13.2203527595,"ROE_AVG":-7.13035790612,"GROSS_PROFIT_QOQ":0,"ROA":-6.093966604638,"HOLDER_PROFIT_QOQ":0,"ROE_YEARLY":-14.260715812239,"ROIC_YEARLY":-17.753562218877,"TOTAL_ASSETS":142347461.38,"TOTAL_LIABILITIES":12368441.82,"TAX_EBT":-0.722468779028,"OCF_SALES":9.833644910455,"TOTAL_PARENT_EQUITY":129979019.56,"DEBT_ASSET_RATIO":8.6889093069,"OPERATE_PROFIT":-7904073.28,"PRETAX_PROFIT":-8071518.34,"NETCASH_OPERATE":6047182.54,"NETCASH_INVEST":-15828.14,"NETCASH_FINANCE":26058949.86,"END_CASH":57867679.84,"DIVI_RATIO":null,"DIVIDEND_RATE":null,"CURRENT_RATIO":11.162793830403,"COMMON_ACS":2000000000,"CURRENTDEBT_DEBT":100,"ISSUED_COMMON_SHARES":1494000000,"HK_COMMON_SHARES":1494000000,"PER_SHARES":10000,"TOTAL_MARKET_CAP":282366000,"HKSK_MARKET_CAP":282366000,"PE_TTM":-8.688451952368,"PB_TTM":2.243867163598,"REPORT_DATE_SQ":"2020-06-30 00:00:00","REPORT_TYPE_SQ":"2020年中报","OPERATE_INCOME_SQ":121775653.76,"DPS_HKD":null,"OPERATE_INCOME_QOQ_SQ":0,"NET_PROFIT_RATIO_SQ":4.4868418204,"HOLDER_PROFIT_SQ":5463880.96,"HOLDER_PROFIT_QOQ_SQ":0,"ROE_AVG_SQ":5.189970619658,"PE_TTM_SQ":-40.611620795107,"PB_TTM_SQ":2.273078824917,"ROA_SQ":3.787341217029,"START_DATE":"2021-04-01 00:00:00","FISCAL_YEAR":"3-31","CURRENCY":"HKD","IS_CNY_CODE":0,"DPS_HKD_LY":null,"ORG_TYPE":"一般企业","PREMIUM_INCOME":null,"PREMIUM_INCOME_YOY":null,"NET_INTEREST_INCOME":null,"NET_INTEREST_INCOME_YOY":null,"FEE_COMMISSION_INCOME":null,"FEE_COMMISSION_INCOME_YOY":null,"ACCOUNTS_RECE_TDAYS":1.187099471725,"INVENTORY_TDAYS":null,"CURRENT_ASSETS_TDAYS":0.477624108313,"TOTAL_ASSETS_TDAYS":0.460953403854,"PREMIUM_EXPENSE":null,"LOAN_DEPOSIT":null,"LOAN_EQUITY":null,"LOAN_ASSETS":null,"DEPOSIT_EQUITY":null,"DEPOSIT_ASSETS":null,"EQUITY_MULTIPLIER":1.095157217387,"EQUITY_RATIO":0.095157217387},{"SECUCODE":"01867.HK","SECURITY_CODE":"01867","SECURITY_NAME_ABBR":"标准发展集团","ORG_CODE":"10571900","STD_REPORT_DATE":"2020-12-31 00:00:00","REPORT_DATE":"2021-03-31 00:00:00","DATE_TYPE_CODE":"001","REPORT_TYPE":"2020年年报","PER_NETCASH_OPERATE":0.00167677675,"PER_OI":0.16744675975,"BPS":0.0665876251,"BASIC_EPS":0.000760662,"DILUTED_EPS":null,"OPERATE_INCOME":187540370.92,"OPERATE_INCOME_YOY":-25.0066748906,"GROSS_PROFIT":11749692.36,"GROSS_PROFIT_YOY":-54.19440011061,"HOLDER_PROFIT":850251.08,"HOLDER_PROFIT_YOY":-3.5474592522,"GROSS_PROFIT_RATIO":6.265153631914,"EPS_TTM":-0.002515184205,"OPERATE_INCOME_QOQ":0,"NET_PROFIT_RATIO":0.4533696269,"ROE_AVG":0.858347127182,"GROSS_PROFIT_QOQ":0,"ROA":0.652029490399,"HOLDER_PROFIT_QOQ":0,"ROE_YEARLY":0.858347127182,"ROIC_YEARLY":0.846623185357,"TOTAL_ASSETS":126279188.98,"TOTAL_LIABILITIES":26797277.08,"TAX_EBT":45.621621621622,"OCF_SALES":1.001379036837,"TOTAL_PARENT_EQUITY":99481911.9,"DEBT_ASSET_RATIO":21.2206597908,"OPERATE_PROFIT":2993627.56,"PRETAX_PROFIT":1563583,"NETCASH_OPERATE":1877989.96,"NETCASH_INVEST":-71840.3,"NETCASH_FINANCE":-9445731.68,"END_CASH":26152404.74,"DIVI_RATIO":null,"DIVIDEND_RATE":null,"CURRENT_RATIO":4.573091767408,"COMMON_ACS":2000000000,"CURRENTDEBT_DEBT":98.880338106352,"ISSUED_COMMON_SHARES":1494000000,"HK_COMMON_SHARES":1494000000,"PER_SHARES":10000,"TOTAL_MARKET_CAP":282366000,"HKSK_MARKET_CAP":282366000,"PE_TTM":-8.688451952368,"PB_TTM":2.243867163598,"REPORT_DATE_SQ":"2019-12-31 00:00:00","REPORT_TYPE_SQ":"2019年年报","OPERATE_INCOME_SQ":270350124.5,"DPS_HKD":null,"OPERATE_INCOME_QOQ_SQ":0,"NET_PROFIT_RATIO_SQ":0.3525018166,"HOLDER_PROFIT_SQ":952989.1,"HOLDER_PROFIT_QOQ_SQ":0,"ROE_AVG_SQ":0.897764197026,"PE_TTM_SQ":-40.611620795107,"PB_TTM_SQ":2.273078824917,"ROA_SQ":0.666619796627,"START_DATE":"2020-04-01 00:00:00","FISCAL_YEAR":"3-31","CURRENCY":"HKD","IS_CNY_CODE":0,"DPS_HKD_LY":null,"ORG_TYPE":"一般企业","PREMIUM_INCOME":null,"PREMIUM_INCOME_YOY":null,"NET_INTEREST_INCOME":null,"NET_INTEREST_INCOME_YOY":null,"FEE_COMMISSION_INCOME":null,"FEE_COMMISSION_INCOME_YOY":null,"ACCOUNTS_RECE_TDAYS":3.189782071186,"INVENTORY_TDAYS":null,"CURRENT_ASSETS_TDAYS":1.494663455871,"TOTAL_ASSETS_TDAYS":1.43818520619,"PREMIUM_EXPENSE":null,"LOAN_DEPOSIT":null,"LOAN_EQUITY":null,"LOAN_ASSETS":null,"DEPOSIT_EQUITY":null,"DEPOSIT_ASSETS":null,"EQUITY_MULTIPLIER":1.269368336095,"EQUITY_RATIO":0.269368336094},{"SECUCODE":"01867.HK","SECURITY_CODE":"01867","SECURITY_NAME_ABBR":"标准发展集团","ORG_CODE":"10571900","STD_REPORT_DATE":"2020-06-30 00:00:00","REPORT_DATE":"2020-09-30 00:00:00","DATE_TYPE_CODE":"002","REPORT_TYPE":"2020年中报","PER_NETCASH_OPERATE":-0.006860292571,"PER_OI":0.108728262286,"BPS":0.072295599893,"BASIC_EPS":0.00483296,"DILUTED_EPS":null,"OPERATE_INCOME":121775653.76,"OPERATE_INCOME_YOY":-21.6686732346,"GROSS_PROFIT":11951470.72,"GROSS_PROFIT_YOY":-45.641761456394,"HOLDER_PROFIT":5463880.96,"HOLDER_PROFIT_YOY":-39.2595486959,"GROSS_PROFIT_RATIO":9.814335091606,"EPS_TTM":0.000850883125,"OPERATE_INCOME_QOQ":0,"NET_PROFIT_RATIO":4.4868418204,"ROE_AVG":5.189970619658,"GROSS_PROFIT_QOQ":0,"ROA":3.787341217029,"HOLDER_PROFIT_QOQ":0,"ROE_YEARLY":10.379941239316,"ROIC_YEARLY":9.75319002094,"TOTAL_ASSETS":148673272.96,"TOTAL_LIABILITIES":40663646.72,"TAX_EBT":21.717235301523,"OCF_SALES":-6.309576210646,"TOTAL_PARENT_EQUITY":108009626.24,"DEBT_ASSET_RATIO":27.3510133398,"OPERATE_PROFIT":7482300.8,"PRETAX_PROFIT":6979672.96,"NETCASH_OPERATE":-7683527.68,"NETCASH_INVEST":-50965.76,"NETCASH_FINANCE":1916488.32,"END_CASH":29314977.92,"DIVI_RATIO":null,"DIVIDEND_RATE":null,"CURRENT_RATIO":3.575438209679,"COMMON_ACS":2000000000,"CURRENTDEBT_DEBT":98.009767482064,"ISSUED_COMMON_SHARES":1494000000,"HK_COMMON_SHARES":1494000000,"PER_SHARES":10000,"TOTAL_MARKET_CAP":282366000,"HKSK_MARKET_CAP":282366000,"PE_TTM":-8.688451952368,"PB_TTM":2.243867163598,"REPORT_DATE_SQ":"2019-06-30 00:00:00","REPORT_TYPE_SQ":"2019年中报","OPERATE_INCOME_SQ":159582707.19,"DPS_HKD":null,"OPERATE_INCOME_QOQ_SQ":0,"NET_PROFIT_RATIO_SQ":5.7862637704,"HOLDER_PROFIT_SQ":9233876.37,"HOLDER_PROFIT_QOQ_SQ":0,"ROE_AVG_SQ":8.477425552354,"PE_TTM_SQ":-40.611620795107,"PB_TTM_SQ":2.273078824917,"ROA_SQ":6.546631237989,"START_DATE":"2020-04-01 00:00:00","FISCAL_YEAR":"3-31","CURRENCY":"HKD","IS_CNY_CODE":0,"DPS_HKD_LY":null,"ORG_TYPE":"一般企业","PREMIUM_INCOME":null,"PREMIUM_INCOME_YOY":null,"NET_INTEREST_INCOME":null,"NET_INTEREST_INCOME_YOY":null,"FEE_COMMISSION_INCOME":null,"FEE_COMMISSION_INCOME_YOY":null,"ACCOUNTS_RECE_TDAYS":1.777582524708,"INVENTORY_TDAYS":null,"CURRENT_ASSETS_TDAYS":0.877918836393,"TOTAL_ASSETS_TDAYS":0.844099562367,"PREMIUM_EXPENSE":null,"LOAN_DEPOSIT":null,"LOAN_EQUITY":null,"LOAN_ASSETS":null,"DEPOSIT_EQUITY":null,"DEPOSIT_ASSETS":null,"EQUITY_MULTIPLIER":1.376481690897,"EQUITY_RATIO":0.376481690897}],"count":28},"success":true,"message":"ok","code":0}