{"version":"f00b0d00447a498bb2ac118b9abfa100","result":{"pages":2,"data":[{"SECUCODE":"01875.HK","SECURITY_CODE":"01875","SECURITY_NAME_ABBR":"东曜药业-B","ORG_CODE":"10000023749","STD_REPORT_DATE":"2024-06-30 00:00:00","REPORT_DATE":"2024-06-30 00:00:00","DATE_TYPE_CODE":"002","REPORT_TYPE":"2024年中报","PER_NETCASH_OPERATE":0.035974942759,"PER_OI":0.673668685493,"BPS":0.936721462871,"BASIC_EPS":0.04,"DILUTED_EPS":0.04,"OPERATE_INCOME":520603000,"OPERATE_INCOME_YOY":58.689946748,"GROSS_PROFIT":376908000,"GROSS_PROFIT_YOY":50.76139086331,"HOLDER_PROFIT":31559000,"HOLDER_PROFIT_YOY":308.1316362197,"GROSS_PROFIT_RATIO":72.398353447829,"EPS_TTM":0.011600854712,"OPERATE_INCOME_QOQ":24.664725497003,"NET_PROFIT_RATIO":6.0620088628,"ROE_AVG":4.474635485012,"GROSS_PROFIT_QOQ":22.109424271672,"ROA":2.189502749974,"HOLDER_PROFIT_QOQ":123.743941520778,"ROE_YEARLY":8.949270970024,"ROIC_YEARLY":5.78320097306,"TOTAL_ASSETS":1456654000,"TOTAL_LIABILITIES":732767000,"TAX_EBT":null,"OCF_SALES":5.340153629541,"TOTAL_PARENT_EQUITY":723887000,"DEBT_ASSET_RATIO":50.3048081425,"OPERATE_PROFIT":33258000,"PRETAX_PROFIT":31559000,"NETCASH_OPERATE":27801000,"NETCASH_INVEST":-68784000,"NETCASH_FINANCE":36209000,"END_CASH":348350000,"DIVI_RATIO":null,"DIVIDEND_RATE":null,"CURRENT_RATIO":1.936172328799,"COMMON_ACS":null,"CURRENTDEBT_DEBT":50.770981771832,"ISSUED_COMMON_SHARES":772787887,"HK_COMMON_SHARES":772787887,"PER_SHARES":400,"TOTAL_MARKET_CAP":1321467286.77,"HKSK_MARKET_CAP":1321467286.77,"PE_TTM":141.178849296615,"PB_TTM":1.666111925327,"REPORT_DATE_SQ":"2023-06-30 00:00:00","REPORT_TYPE_SQ":"2023年中报","OPERATE_INCOME_SQ":328063000,"DPS_HKD":null,"OPERATE_INCOME_QOQ_SQ":33.028327958424,"NET_PROFIT_RATIO_SQ":-4.6219780957,"HOLDER_PROFIT_SQ":-15163000,"HOLDER_PROFIT_QOQ_SQ":1.123888132062,"ROE_AVG_SQ":-2.132732085641,"PE_TTM_SQ":-23.782651180248,"PB_TTM_SQ":1.670421100563,"ROA_SQ":-1.154594429956,"START_DATE":"2024-01-01 00:00:00","FISCAL_YEAR":"12-31","CURRENCY":"HKD","IS_CNY_CODE":0,"DPS_HKD_LY":null,"ORG_TYPE":"一般企业","PREMIUM_INCOME":null,"PREMIUM_INCOME_YOY":null,"NET_INTEREST_INCOME":null,"NET_INTEREST_INCOME_YOY":null,"FEE_COMMISSION_INCOME":null,"FEE_COMMISSION_INCOME_YOY":null,"ACCOUNTS_RECE_TDAYS":5.035551407112,"INVENTORY_TDAYS":1.197193953002,"CURRENT_ASSETS_TDAYS":0.736618099109,"TOTAL_ASSETS_TDAYS":0.361184353162,"PREMIUM_EXPENSE":null,"LOAN_DEPOSIT":null,"LOAN_EQUITY":null,"LOAN_ASSETS":null,"DEPOSIT_EQUITY":null,"DEPOSIT_ASSETS":null,"EQUITY_MULTIPLIER":2.012267107988,"EQUITY_RATIO":1.012267107988},{"SECUCODE":"01875.HK","SECURITY_CODE":"01875","SECURITY_NAME_ABBR":"东曜药业-B","ORG_CODE":"10000023749","STD_REPORT_DATE":"2023-12-31 00:00:00","REPORT_DATE":"2023-12-31 00:00:00","DATE_TYPE_CODE":"001","REPORT_TYPE":"2023年年报","PER_NETCASH_OPERATE":0.0730226249,"PER_OI":1.010146526792,"BPS":0.888582768379,"BASIC_EPS":-0.05,"DILUTED_EPS":-0.05,"OPERATE_INCOME":780629000,"OPERATE_INCOME_YOY":76.5417999086,"GROSS_PROFIT":573986000,"GROSS_PROFIT_YOY":54.873925772028,"HOLDER_PROFIT":-37757000,"HOLDER_PROFIT_YOY":24.3589229906,"GROSS_PROFIT_RATIO":73.528654456855,"EPS_TTM":-0.048858167468,"OPERATE_INCOME_QOQ":32.709929244401,"NET_PROFIT_RATIO":-4.8367406284,"ROE_AVG":-5.39166966545,"GROSS_PROFIT_QOQ":24.218690824257,"ROA":-2.809162645287,"HOLDER_PROFIT_QOQ":23.499138891703,"ROE_YEARLY":-5.39166966545,"ROIC_YEARLY":-3.938752538851,"TOTAL_ASSETS":1426101000,"TOTAL_LIABILITIES":739415000,"TAX_EBT":-0.002648585655,"OCF_SALES":7.228914119255,"TOTAL_PARENT_EQUITY":686686000,"DEBT_ASSET_RATIO":51.8487119776,"OPERATE_PROFIT":-33060000,"PRETAX_PROFIT":-37756000,"NETCASH_OPERATE":56431000,"NETCASH_INVEST":-164105000,"NETCASH_FINANCE":38225000,"END_CASH":351600000,"DIVI_RATIO":null,"DIVIDEND_RATE":null,"CURRENT_RATIO":1.812288554352,"COMMON_ACS":null,"CURRENTDEBT_DEBT":51.728190528999,"ISSUED_COMMON_SHARES":772787887,"HK_COMMON_SHARES":772787887,"PER_SHARES":400,"TOTAL_MARKET_CAP":1452841227.56,"HKSK_MARKET_CAP":1452841227.56,"PE_TTM":155.214173495693,"PB_TTM":1.831748783401,"REPORT_DATE_SQ":"2022-12-31 00:00:00","REPORT_TYPE_SQ":"2022年年报","OPERATE_INCOME_SQ":442178000,"DPS_HKD":null,"OPERATE_INCOME_QOQ_SQ":87.991258949373,"NET_PROFIT_RATIO_SQ":-11.31806648,"HOLDER_PROFIT_SQ":-49916000,"HOLDER_PROFIT_QOQ_SQ":69.175286380338,"ROE_AVG_SQ":-9.517118171774,"PE_TTM_SQ":-26.218223891479,"PB_TTM_SQ":1.841488321705,"ROA_SQ":-5.061720007261,"START_DATE":"2023-01-01 00:00:00","FISCAL_YEAR":"12-31","CURRENCY":"HKD","IS_CNY_CODE":0,"DPS_HKD_LY":null,"ORG_TYPE":"一般企业","PREMIUM_INCOME":null,"PREMIUM_INCOME_YOY":null,"NET_INTEREST_INCOME":null,"NET_INTEREST_INCOME_YOY":null,"FEE_COMMISSION_INCOME":null,"FEE_COMMISSION_INCOME_YOY":null,"ACCOUNTS_RECE_TDAYS":11.03058520973,"INVENTORY_TDAYS":1.871512022823,"CURRENT_ASSETS_TDAYS":1.139627671222,"TOTAL_ASSETS_TDAYS":0.580796627547,"PREMIUM_EXPENSE":null,"LOAN_DEPOSIT":null,"LOAN_EQUITY":null,"LOAN_ASSETS":null,"DEPOSIT_EQUITY":null,"DEPOSIT_ASSETS":null,"EQUITY_MULTIPLIER":2.076787643842,"EQUITY_RATIO":1.076787643843},{"SECUCODE":"01875.HK","SECURITY_CODE":"01875","SECURITY_NAME_ABBR":"东曜药业-B","ORG_CODE":"10000023749","STD_REPORT_DATE":"2023-06-30 00:00:00","REPORT_DATE":"2023-06-30 00:00:00","DATE_TYPE_CODE":"002","REPORT_TYPE":"2023年中报","PER_NETCASH_OPERATE":0.080763429461,"PER_OI":0.424518817542,"BPS":0.916228129233,"BASIC_EPS":-0.02,"DILUTED_EPS":-0.02,"OPERATE_INCOME":328063000,"OPERATE_INCOME_YOY":80.2355798021,"GROSS_PROFIT":250003000,"GROSS_PROFIT_YOY":57.68980894532,"HOLDER_PROFIT":-15163000,"HOLDER_PROFIT_YOY":3.5677944543,"GROSS_PROFIT_RATIO":76.205789741605,"EPS_TTM":-0.063866166681,"OPERATE_INCOME_QOQ":33.028327958424,"NET_PROFIT_RATIO":-4.6219780957,"ROE_AVG":-2.132732085641,"GROSS_PROFIT_QOQ":24.678439890452,"ROA":-1.154594429956,"HOLDER_PROFIT_QOQ":1.123888132062,"ROE_YEARLY":-4.265464171282,"ROIC_YEARLY":-3.4184604303,"TOTAL_ASSETS":1364519000,"TOTAL_LIABILITIES":656469000,"TAX_EBT":-0.006595435958,"OCF_SALES":19.024699524177,"TOTAL_PARENT_EQUITY":708050000,"DEBT_ASSET_RATIO":48.1099200524,"OPERATE_PROFIT":-14576000,"PRETAX_PROFIT":-15162000,"NETCASH_OPERATE":62413000,"NETCASH_INVEST":-84748000,"NETCASH_FINANCE":34085000,"END_CASH":432975000,"DIVI_RATIO":null,"DIVIDEND_RATE":null,"CURRENT_RATIO":2.168354337233,"COMMON_ACS":null,"CURRENTDEBT_DEBT":47.612453901098,"ISSUED_COMMON_SHARES":772787887,"HK_COMMON_SHARES":772787887,"PER_SHARES":400,"TOTAL_MARKET_CAP":1452841227.56,"HKSK_MARKET_CAP":1452841227.56,"PE_TTM":155.214173495693,"PB_TTM":1.831748783401,"REPORT_DATE_SQ":"2022-06-30 00:00:00","REPORT_TYPE_SQ":"2022年中报","OPERATE_INCOME_SQ":182019000,"DPS_HKD":null,"OPERATE_INCOME_QOQ_SQ":208.17163445791,"NET_PROFIT_RATIO_SQ":-8.6386586016,"HOLDER_PROFIT_SQ":-15724000,"HOLDER_PROFIT_QOQ_SQ":38.007243047899,"ROE_AVG_SQ":-4.741435849344,"PE_TTM_SQ":-26.218223891479,"PB_TTM_SQ":1.841488321705,"ROA_SQ":-2.065495816202,"START_DATE":"2023-01-01 00:00:00","FISCAL_YEAR":"12-31","CURRENCY":"HKD","IS_CNY_CODE":0,"DPS_HKD_LY":null,"ORG_TYPE":"一般企业","PREMIUM_INCOME":null,"PREMIUM_INCOME_YOY":null,"NET_INTEREST_INCOME":null,"NET_INTEREST_INCOME_YOY":null,"FEE_COMMISSION_INCOME":null,"FEE_COMMISSION_INCOME_YOY":null,"ACCOUNTS_RECE_TDAYS":5.172333330706,"INVENTORY_TDAYS":0.763848795906,"CURRENT_ASSETS_TDAYS":0.484390272713,"TOTAL_ASSETS_TDAYS":0.249805257848,"PREMIUM_EXPENSE":null,"LOAN_DEPOSIT":null,"LOAN_EQUITY":null,"LOAN_ASSETS":null,"DEPOSIT_EQUITY":null,"DEPOSIT_ASSETS":null,"EQUITY_MULTIPLIER":1.927150624955,"EQUITY_RATIO":0.927150624956},{"SECUCODE":"01875.HK","SECURITY_CODE":"01875","SECURITY_NAME_ABBR":"东曜药业-B","ORG_CODE":"10000023749","STD_REPORT_DATE":"2022-12-31 00:00:00","REPORT_DATE":"2022-12-31 00:00:00","DATE_TYPE_CODE":"001","REPORT_TYPE":"2022年年报","PER_NETCASH_OPERATE":0.077549093365,"PER_OI":0.572185469569,"BPS":0.923774831372,"BASIC_EPS":-0.08,"DILUTED_EPS":-0.08,"OPERATE_INCOME":442178000,"OPERATE_INCOME_YOY":479.3357353423,"GROSS_PROFIT":370615000,"GROSS_PROFIT_YOY":1248.96629540657,"HOLDER_PROFIT":-49916000,"HOLDER_PROFIT_YOY":80.8909102046,"GROSS_PROFIT_RATIO":83.815793639666,"EPS_TTM":-0.064592109736,"OPERATE_INCOME_QOQ":87.991258949373,"NET_PROFIT_RATIO":-11.31806648,"ROE_AVG":-9.517118171774,"GROSS_PROFIT_QOQ":115.441270505621,"ROA":-5.061720007261,"HOLDER_PROFIT_QOQ":69.175286380338,"ROE_YEARLY":-9.517118171774,"ROIC_YEARLY":-7.130027003999,"TOTAL_ASSETS":1262031000,"TOTAL_LIABILITIES":546592000,"TAX_EBT":null,"OCF_SALES":13.553139233521,"TOTAL_PARENT_EQUITY":713882000,"DEBT_ASSET_RATIO":43.310505051,"OPERATE_PROFIT":-39076000,"PRETAX_PROFIT":-50046000,"NETCASH_OPERATE":59929000,"NETCASH_INVEST":-282764000,"NETCASH_FINANCE":481240000,"END_CASH":417769000,"DIVI_RATIO":null,"DIVIDEND_RATE":null,"CURRENT_RATIO":2.457978478066,"COMMON_ACS":null,"CURRENTDEBT_DEBT":50.375234178327,"ISSUED_COMMON_SHARES":772787887,"HK_COMMON_SHARES":772787887,"PER_SHARES":400,"TOTAL_MARKET_CAP":1452841227.56,"HKSK_MARKET_CAP":1452841227.56,"PE_TTM":155.214173495693,"PB_TTM":1.831748783401,"REPORT_DATE_SQ":"2021-12-31 00:00:00","REPORT_TYPE_SQ":"2021年年报","OPERATE_INCOME_SQ":76325000,"DPS_HKD":null,"OPERATE_INCOME_QOQ_SQ":134.176050072101,"NET_PROFIT_RATIO_SQ":-342.2417294464,"HOLDER_PROFIT_SQ":-261216000,"HOLDER_PROFIT_QOQ_SQ":4.776902887139,"ROE_AVG_SQ":-56.9440447851,"PE_TTM_SQ":-26.218223891479,"PB_TTM_SQ":1.841488321705,"ROA_SQ":-38.657260445478,"START_DATE":"2022-01-01 00:00:00","FISCAL_YEAR":"12-31","CURRENCY":"HKD","IS_CNY_CODE":0,"DPS_HKD_LY":null,"ORG_TYPE":"一般企业","PREMIUM_INCOME":null,"PREMIUM_INCOME_YOY":null,"NET_INTEREST_INCOME":null,"NET_INTEREST_INCOME_YOY":null,"FEE_COMMISSION_INCOME":null,"FEE_COMMISSION_INCOME_YOY":null,"ACCOUNTS_RECE_TDAYS":12.925590844648,"INVENTORY_TDAYS":1.15072480081,"CURRENT_ASSETS_TDAYS":0.899869754569,"TOTAL_ASSETS_TDAYS":0.448389540302,"PREMIUM_EXPENSE":null,"LOAN_DEPOSIT":null,"LOAN_EQUITY":null,"LOAN_ASSETS":null,"DEPOSIT_EQUITY":null,"DEPOSIT_ASSETS":null,"EQUITY_MULTIPLIER":1.763995253265,"EQUITY_RATIO":0.765661551909},{"SECUCODE":"01875.HK","SECURITY_CODE":"01875","SECURITY_NAME_ABBR":"东曜药业-B","ORG_CODE":"10000023749","STD_REPORT_DATE":"2022-06-30 00:00:00","REPORT_DATE":"2022-06-30 00:00:00","DATE_TYPE_CODE":"002","REPORT_TYPE":"2022年中报","PER_NETCASH_OPERATE":0.039401556847,"PER_OI":0.295855450507,"BPS":0.424654689237,"BASIC_EPS":-0.03,"DILUTED_EPS":-0.03,"OPERATE_INCOME":182019000,"OPERATE_INCOME_YOY":686.8710012104,"GROSS_PROFIT":158541000,"GROSS_PROFIT_YOY":1033.32618485953,"HOLDER_PROFIT":-15724000,"HOLDER_PROFIT_YOY":86.327550976,"GROSS_PROFIT_RATIO":87.101346562722,"EPS_TTM":-0.263210721836,"OPERATE_INCOME_QOQ":208.17163445791,"NET_PROFIT_RATIO":-8.6386586016,"ROE_AVG":-4.741435849344,"GROSS_PROFIT_QOQ":526.141078838174,"ROA":-2.065495816202,"HOLDER_PROFIT_QOQ":38.007243047899,"ROE_YEARLY":-9.482871698688,"ROIC_YEARLY":-5.177226328323,"TOTAL_ASSETS":812277000,"TOTAL_LIABILITIES":484109000,"TAX_EBT":null,"OCF_SALES":13.317840445228,"TOTAL_PARENT_EQUITY":328168000,"DEBT_ASSET_RATIO":59.5990037881,"OPERATE_PROFIT":-6948000,"PRETAX_PROFIT":-15724000,"NETCASH_OPERATE":28852000,"NETCASH_INVEST":-63411000,"NETCASH_FINANCE":33383000,"END_CASH":154876000,"DIVI_RATIO":null,"DIVIDEND_RATE":null,"CURRENT_RATIO":1.005799093623,"COMMON_ACS":null,"CURRENTDEBT_DEBT":76.939697464827,"ISSUED_COMMON_SHARES":772787887,"HK_COMMON_SHARES":772787887,"PER_SHARES":400,"TOTAL_MARKET_CAP":1452841227.56,"HKSK_MARKET_CAP":1452841227.56,"PE_TTM":155.214173495693,"PB_TTM":1.831748783401,"REPORT_DATE_SQ":"2021-06-30 00:00:00","REPORT_TYPE_SQ":"2021年中报","OPERATE_INCOME_SQ":23132000,"DPS_HKD":null,"OPERATE_INCOME_QOQ_SQ":44.915744075408,"NET_PROFIT_RATIO_SQ":-497.1684246931,"HOLDER_PROFIT_SQ":-115005000,"HOLDER_PROFIT_QOQ_SQ":4.914418817461,"ROE_AVG_SQ":-21.630593733984,"PE_TTM_SQ":-26.218223891479,"PB_TTM_SQ":1.841488321705,"ROA_SQ":-18.048450921726,"START_DATE":"2022-01-01 00:00:00","FISCAL_YEAR":"12-31","CURRENCY":"HKD","IS_CNY_CODE":0,"DPS_HKD_LY":null,"ORG_TYPE":"一般企业","PREMIUM_INCOME":null,"PREMIUM_INCOME_YOY":null,"NET_INTEREST_INCOME":null,"NET_INTEREST_INCOME_YOY":null,"FEE_COMMISSION_INCOME":null,"FEE_COMMISSION_INCOME_YOY":null,"ACCOUNTS_RECE_TDAYS":4.516376358493,"INVENTORY_TDAYS":0.543598055105,"CURRENT_ASSETS_TDAYS":0.534881978269,"TOTAL_ASSETS_TDAYS":0.239099136968,"PREMIUM_EXPENSE":null,"LOAN_DEPOSIT":null,"LOAN_EQUITY":null,"LOAN_ASSETS":null,"DEPOSIT_EQUITY":null,"DEPOSIT_ASSETS":null,"EQUITY_MULTIPLIER":2.475186489846,"EQUITY_RATIO":1.475186489847},{"SECUCODE":"01875.HK","SECURITY_CODE":"01875","SECURITY_NAME_ABBR":"东曜药业-B","ORG_CODE":"10000023749","STD_REPORT_DATE":"2021-12-31 00:00:00","REPORT_DATE":"2021-12-31 00:00:00","DATE_TYPE_CODE":"001","REPORT_TYPE":"2021年年报","PER_NETCASH_OPERATE":-0.287920200289,"PER_OI":0.124059396326,"BPS":0.433613162987,"BASIC_EPS":-0.46,"DILUTED_EPS":-0.46,"OPERATE_INCOME":76325000,"OPERATE_INCOME_YOY":239.3579654084,"GROSS_PROFIT":27474000,"GROSS_PROFIT_YOY":76.909207984546,"HOLDER_PROFIT":-261216000,"HOLDER_PROFIT_YOY":9.4565646902,"GROSS_PROFIT_RATIO":35.996069439895,"EPS_TTM":-0.424583023528,"OPERATE_INCOME_QOQ":134.176050072101,"NET_PROFIT_RATIO":-342.2417294464,"ROE_AVG":-56.9440447851,"GROSS_PROFIT_QOQ":39.959246051961,"ROA":-38.657260445478,"HOLDER_PROFIT_QOQ":4.776902887139,"ROE_YEARLY":-56.9440447851,"ROIC_YEARLY":-53.68694944446,"TOTAL_ASSETS":710263000,"TOTAL_LIABILITIES":375172000,"TAX_EBT":null,"OCF_SALES":-232.082541762201,"TOTAL_PARENT_EQUITY":335091000,"DEBT_ASSET_RATIO":52.8215604642,"OPERATE_PROFIT":-259700000,"PRETAX_PROFIT":-261216000,"NETCASH_OPERATE":-175137000,"NETCASH_INVEST":-108393000,"NETCASH_FINANCE":212082000,"END_CASH":152805000,"DIVI_RATIO":null,"DIVIDEND_RATE":null,"CURRENT_RATIO":1.173135026533,"COMMON_ACS":null,"CURRENTDEBT_DEBT":69.516914908362,"ISSUED_COMMON_SHARES":772787887,"HK_COMMON_SHARES":772787887,"PER_SHARES":400,"TOTAL_MARKET_CAP":1452841227.56,"HKSK_MARKET_CAP":1452841227.56,"PE_TTM":155.214173495693,"PB_TTM":1.831748783401,"REPORT_DATE_SQ":"2020-12-31 00:00:00","REPORT_TYPE_SQ":"2020年年报","OPERATE_INCOME_SQ":22491000,"DPS_HKD":null,"OPERATE_INCOME_QOQ_SQ":-33.324439701174,"NET_PROFIT_RATIO_SQ":-1282.7264239029,"HOLDER_PROFIT_SQ":-288498000,"HOLDER_PROFIT_QOQ_SQ":7.768297010521,"ROE_AVG_SQ":-40.05153286678,"PE_TTM_SQ":-26.218223891479,"PB_TTM_SQ":1.841488321705,"ROA_SQ":-34.789288201405,"START_DATE":"2021-01-01 00:00:00","FISCAL_YEAR":"12-31","CURRENCY":"HKD","IS_CNY_CODE":0,"DPS_HKD_LY":null,"ORG_TYPE":"一般企业","PREMIUM_INCOME":null,"PREMIUM_INCOME_YOY":null,"NET_INTEREST_INCOME":null,"NET_INTEREST_INCOME_YOY":null,"FEE_COMMISSION_INCOME":null,"FEE_COMMISSION_INCOME_YOY":null,"ACCOUNTS_RECE_TDAYS":7.309773499976,"INVENTORY_TDAYS":2.593491187089,"CURRENT_ASSETS_TDAYS":0.274950917704,"TOTAL_ASSETS_TDAYS":0.112953088766,"PREMIUM_EXPENSE":null,"LOAN_DEPOSIT":null,"LOAN_EQUITY":null,"LOAN_ASSETS":null,"DEPOSIT_EQUITY":null,"DEPOSIT_ASSETS":null,"EQUITY_MULTIPLIER":2.119612284423,"EQUITY_RATIO":1.119612284424},{"SECUCODE":"01875.HK","SECURITY_CODE":"01875","SECURITY_NAME_ABBR":"东曜药业-B","ORG_CODE":"10000023749","STD_REPORT_DATE":"2021-06-30 00:00:00","REPORT_DATE":"2021-06-30 00:00:00","DATE_TYPE_CODE":"002","REPORT_TYPE":"2021年中报","PER_NETCASH_OPERATE":-0.155643240218,"PER_OI":0.038455304545,"BPS":0.622419176195,"BASIC_EPS":-0.2,"DILUTED_EPS":-0.2,"OPERATE_INCOME":23132000,"OPERATE_INCOME_YOY":77.5287797391,"GROSS_PROFIT":13989000,"GROSS_PROFIT_YOY":41.460208312266,"HOLDER_PROFIT":-115005000,"HOLDER_PROFIT_YOY":10.9751283064,"GROSS_PROFIT_RATIO":60.474667127788,"EPS_TTM":-0.45603748672,"OPERATE_INCOME_QOQ":44.915744075408,"NET_PROFIT_RATIO":-497.1684246931,"ROE_AVG":-21.630593733984,"GROSS_PROFIT_QOQ":26.400515132003,"ROA":-18.048450921726,"HOLDER_PROFIT_QOQ":4.914418817461,"ROE_YEARLY":-43.261187467967,"ROIC_YEARLY":-51.535523796614,"TOTAL_ASSETS":633220000,"TOTAL_LIABILITIES":152222000,"TAX_EBT":null,"OCF_SALES":-404.738025246412,"TOTAL_PARENT_EQUITY":480998000,"DEBT_ASSET_RATIO":24.0393544108,"OPERATE_PROFIT":-115445000,"PRETAX_PROFIT":-115005000,"NETCASH_OPERATE":-93624000,"NETCASH_INVEST":-55510000,"NETCASH_FINANCE":80937000,"END_CASH":156243000,"DIVI_RATIO":null,"DIVIDEND_RATE":null,"CURRENT_RATIO":1.594943833219,"COMMON_ACS":null,"CURRENTDEBT_DEBT":85.206474753978,"ISSUED_COMMON_SHARES":772787887,"HK_COMMON_SHARES":772787887,"PER_SHARES":400,"TOTAL_MARKET_CAP":1452841227.56,"HKSK_MARKET_CAP":1452841227.56,"PE_TTM":155.214173495693,"PB_TTM":1.831748783401,"REPORT_DATE_SQ":"2020-06-30 00:00:00","REPORT_TYPE_SQ":"2020年中报","OPERATE_INCOME_SQ":13030000,"DPS_HKD":null,"OPERATE_INCOME_QOQ_SQ":-25.549571819546,"NET_PROFIT_RATIO_SQ":-991.4274750576,"HOLDER_PROFIT_SQ":-129183000,"HOLDER_PROFIT_QOQ_SQ":-4.50952221851,"ROE_AVG_SQ":-16.124031588289,"PE_TTM_SQ":-26.218223891479,"PB_TTM_SQ":1.841488321705,"ROA_SQ":-14.108384563047,"START_DATE":"2021-01-01 00:00:00","FISCAL_YEAR":"12-31","CURRENCY":"HKD","IS_CNY_CODE":0,"DPS_HKD_LY":null,"ORG_TYPE":"一般企业","PREMIUM_INCOME":null,"PREMIUM_INCOME_YOY":null,"NET_INTEREST_INCOME":null,"NET_INTEREST_INCOME_YOY":null,"FEE_COMMISSION_INCOME":null,"FEE_COMMISSION_INCOME_YOY":null,"ACCOUNTS_RECE_TDAYS":3.436636458179,"INVENTORY_TDAYS":0.656801120649,"CURRENT_ASSETS_TDAYS":0.101434785659,"TOTAL_ASSETS_TDAYS":0.036302488302,"PREMIUM_EXPENSE":null,"LOAN_DEPOSIT":null,"LOAN_EQUITY":null,"LOAN_ASSETS":null,"DEPOSIT_EQUITY":null,"DEPOSIT_ASSETS":null,"EQUITY_MULTIPLIER":1.316471170358,"EQUITY_RATIO":0.316471170358},{"SECUCODE":"01875.HK","SECURITY_CODE":"01875","SECURITY_NAME_ABBR":"东曜药业-B","ORG_CODE":"10000023749","STD_REPORT_DATE":"2020-12-31 00:00:00","REPORT_DATE":"2020-12-31 00:00:00","DATE_TYPE_CODE":"001","REPORT_TYPE":"2020年年报","PER_NETCASH_OPERATE":-0.43818583331,"PER_OI":0.037455865766,"BPS":0.753579358316,"BASIC_EPS":-0.51,"DILUTED_EPS":-0.51,"OPERATE_INCOME":22491000,"OPERATE_INCOME_YOY":-50.3597598658,"GROSS_PROFIT":15530000,"GROSS_PROFIT_YOY":-54.312779477524,"HOLDER_PROFIT":-288498000,"HOLDER_PROFIT_YOY":3.6090878717,"GROSS_PROFIT_RATIO":69.049842159086,"EPS_TTM":-0.480456287487,"OPERATE_INCOME_QOQ":-33.324439701174,"NET_PROFIT_RATIO":-1282.7264239029,"ROE_AVG":-40.05153286678,"GROSS_PROFIT_QOQ":-41.675742667217,"ROA":-34.789288201405,"HOLDER_PROFIT_QOQ":7.768297010521,"ROE_YEARLY":-40.05153286678,"ROIC_YEARLY":-64.553070375641,"TOTAL_ASSETS":641183000,"TOTAL_LIABILITIES":58826000,"TAX_EBT":null,"OCF_SALES":-1169.87239340181,"TOTAL_PARENT_EQUITY":582357000,"DEBT_ASSET_RATIO":9.1746038183,"OPERATE_PROFIT":-288672000,"PRETAX_PROFIT":-288498000,"NETCASH_OPERATE":-263116000,"NETCASH_INVEST":12526000,"NETCASH_FINANCE":-61707000,"END_CASH":225533000,"DIVI_RATIO":null,"DIVIDEND_RATE":null,"CURRENT_RATIO":4.725309519747,"COMMON_ACS":null,"CURRENTDEBT_DEBT":89.659334307959,"ISSUED_COMMON_SHARES":772787887,"HK_COMMON_SHARES":772787887,"PER_SHARES":400,"TOTAL_MARKET_CAP":1452841227.56,"HKSK_MARKET_CAP":1452841227.56,"PE_TTM":155.214173495693,"PB_TTM":1.831748783401,"REPORT_DATE_SQ":"2019-12-31 00:00:00","REPORT_TYPE_SQ":"2019年年报","OPERATE_INCOME_SQ":45308000,"DPS_HKD":null,"OPERATE_INCOME_QOQ_SQ":15.525638083582,"NET_PROFIT_RATIO_SQ":-660.589741326,"HOLDER_PROFIT_SQ":-299300000,"HOLDER_PROFIT_QOQ_SQ":-11.46490885053,"ROE_AVG_SQ":-88.839550073538,"PE_TTM_SQ":-26.218223891479,"PB_TTM_SQ":1.841488321705,"ROA_SQ":-35.638546785565,"START_DATE":"2020-01-01 00:00:00","FISCAL_YEAR":"12-31","CURRENCY":"HKD","IS_CNY_CODE":0,"DPS_HKD_LY":null,"ORG_TYPE":"一般企业","PREMIUM_INCOME":null,"PREMIUM_INCOME_YOY":null,"NET_INTEREST_INCOME":null,"NET_INTEREST_INCOME_YOY":null,"FEE_COMMISSION_INCOME":null,"FEE_COMMISSION_INCOME_YOY":null,"ACCOUNTS_RECE_TDAYS":2.220565730365,"INVENTORY_TDAYS":0.595873994179,"CURRENT_ASSETS_TDAYS":0.052087217314,"TOTAL_ASSETS_TDAYS":0.027121362399,"PREMIUM_EXPENSE":null,"LOAN_DEPOSIT":null,"LOAN_EQUITY":null,"LOAN_ASSETS":null,"DEPOSIT_EQUITY":null,"DEPOSIT_ASSETS":null,"EQUITY_MULTIPLIER":1.1010136394,"EQUITY_RATIO":0.1010136394},{"SECUCODE":"01875.HK","SECURITY_CODE":"01875","SECURITY_NAME_ABBR":"东曜药业-B","ORG_CODE":"10000023749","STD_REPORT_DATE":"2020-06-30 00:00:00","REPORT_DATE":"2020-06-30 00:00:00","DATE_TYPE_CODE":"002","REPORT_TYPE":"2020年中报","PER_NETCASH_OPERATE":-0.187628070175,"PER_OI":0.022859649123,"BPS":0.962863176969,"BASIC_EPS":-0.23,"DILUTED_EPS":-0.23,"OPERATE_INCOME":13030000,"OPERATE_INCOME_YOY":-47.0454360725,"GROSS_PROFIT":9889000,"GROSS_PROFIT_YOY":-42.685754028052,"HOLDER_PROFIT":-129183000,"HOLDER_PROFIT_YOY":-11.6669259893,"GROSS_PROFIT_RATIO":75.894090560246,"EPS_TTM":-0.548766666667,"OPERATE_INCOME_QOQ":-25.549571819546,"NET_PROFIT_RATIO":-991.4274750576,"ROE_AVG":-16.124031588289,"GROSS_PROFIT_QOQ":-21.666862791245,"ROA":-14.108384563047,"HOLDER_PROFIT_QOQ":-4.50952221851,"ROE_YEARLY":-32.248063176578,"ROIC_YEARLY":-43.842678420675,"TOTAL_ASSETS":813932000,"TOTAL_LIABILITIES":69843000,"TAX_EBT":null,"OCF_SALES":-820.782808902533,"TOTAL_PARENT_EQUITY":744089000,"DEBT_ASSET_RATIO":8.5809379653,"OPERATE_PROFIT":-128363000,"PRETAX_PROFIT":-129183000,"NETCASH_OPERATE":-106948000,"NETCASH_INVEST":-235791000,"NETCASH_FINANCE":-79399000,"END_CASH":113509000,"DIVI_RATIO":null,"DIVIDEND_RATE":null,"CURRENT_RATIO":6.40145492254,"COMMON_ACS":null,"CURRENTDEBT_DEBT":91.127242529674,"ISSUED_COMMON_SHARES":772787887,"HK_COMMON_SHARES":772787887,"PER_SHARES":400,"TOTAL_MARKET_CAP":1452841227.56,"HKSK_MARKET_CAP":1452841227.56,"PE_TTM":155.214173495693,"PB_TTM":1.831748783401,"REPORT_DATE_SQ":"2019-06-30 00:00:00","REPORT_TYPE_SQ":"2019年中报","OPERATE_INCOME_SQ":24606000,"DPS_HKD":null,"OPERATE_INCOME_QOQ_SQ":0,"NET_PROFIT_RATIO_SQ":-470.153621068,"HOLDER_PROFIT_SQ":-115686000,"HOLDER_PROFIT_QOQ_SQ":0,"ROE_AVG_SQ":null,"PE_TTM_SQ":-26.218223891479,"PB_TTM_SQ":1.841488321705,"ROA_SQ":null,"START_DATE":"2020-01-01 00:00:00","FISCAL_YEAR":"12-31","CURRENCY":"HKD","IS_CNY_CODE":0,"DPS_HKD_LY":null,"ORG_TYPE":"一般企业","PREMIUM_INCOME":null,"PREMIUM_INCOME_YOY":null,"NET_INTEREST_INCOME":null,"NET_INTEREST_INCOME_YOY":null,"FEE_COMMISSION_INCOME":null,"FEE_COMMISSION_INCOME_YOY":null,"ACCOUNTS_RECE_TDAYS":1.005944568826,"INVENTORY_TDAYS":0.23867781155,"CURRENT_ASSETS_TDAYS":0.025504262128,"TOTAL_ASSETS_TDAYS":0.014230374806,"PREMIUM_EXPENSE":null,"LOAN_DEPOSIT":null,"LOAN_EQUITY":null,"LOAN_ASSETS":null,"DEPOSIT_EQUITY":null,"DEPOSIT_ASSETS":null,"EQUITY_MULTIPLIER":1.093863771672,"EQUITY_RATIO":0.093863771672}],"count":13},"success":true,"message":"ok","code":0}