{"version":"1b92f2c0dc8fba2e1c7c18141e07403b","result":{"pages":2,"data":[{"SECUCODE":"01870.HK","SECURITY_CODE":"01870","SECURITY_NAME_ABBR":"益美国际控股","ORG_CODE":"10000010476","STD_REPORT_DATE":"2024-06-30 00:00:00","REPORT_DATE":"2024-06-30 00:00:00","DATE_TYPE_CODE":"002","REPORT_TYPE":"2024年中报","PER_NETCASH_OPERATE":-0.001307589615,"PER_OI":0.122761310513,"BPS":0.159856487051,"BASIC_EPS":0.006753832,"DILUTED_EPS":0.006753832,"OPERATE_INCOME":76603057.76,"OPERATE_INCOME_YOY":10.906736436,"GROSS_PROFIT":19049456.96,"GROSS_PROFIT_YOY":-15.801522419232,"HOLDER_PROFIT":4220232.32,"HOLDER_PROFIT_YOY":-53.0796549975,"GROSS_PROFIT_RATIO":24.867750083401,"EPS_TTM":0.021314431955,"OPERATE_INCOME_QOQ":3.916903240166,"NET_PROFIT_RATIO":5.3352714102,"ROE_AVG":4.320768468856,"GROSS_PROFIT_QOQ":-7.473231605062,"ROA":2.227977402219,"HOLDER_PROFIT_QOQ":-26.785519719864,"ROE_YEARLY":8.641536937711,"ROIC_YEARLY":5.797991893595,"TOTAL_ASSETS":190904362.92,"TOTAL_LIABILITIES":90890150.48,"TAX_EBT":29.179187094734,"OCF_SALES":-1.065147976934,"TOTAL_PARENT_EQUITY":99750447.92,"DEBT_ASSET_RATIO":47.6103055424,"OPERATE_PROFIT":7182791.6,"PRETAX_PROFIT":5770875.64,"NETCASH_OPERATE":-815935.92,"NETCASH_INVEST":-207178.36,"NETCASH_FINANCE":3210808.24,"END_CASH":44264980,"DIVI_RATIO":null,"DIVIDEND_RATE":null,"CURRENT_RATIO":2.104721455808,"COMMON_ACS":4000000000,"CURRENTDEBT_DEBT":97.173297451449,"ISSUED_COMMON_SHARES":624000000,"HK_COMMON_SHARES":624000000,"PER_SHARES":2500,"TOTAL_MARKET_CAP":992160000,"HKSK_MARKET_CAP":992160000,"PE_TTM":66.969962875464,"PB_TTM":9.077899976211,"REPORT_DATE_SQ":"2023-06-30 00:00:00","REPORT_TYPE_SQ":"2023年中报","OPERATE_INCOME_SQ":69773602.44,"DPS_HKD":null,"OPERATE_INCOME_QOQ_SQ":2.382762411167,"NET_PROFIT_RATIO_SQ":12.0167023441,"HOLDER_PROFIT_SQ":9086112.9,"HOLDER_PROFIT_QOQ_SQ":87.145511826425,"ROE_AVG_SQ":10.999559124723,"PE_TTM_SQ":-139.666160849772,"PB_TTM_SQ":11.686135093956,"ROA_SQ":5.914159175198,"START_DATE":"2024-01-01 00:00:00","FISCAL_YEAR":"12-31","CURRENCY":"HKD","IS_CNY_CODE":0,"DPS_HKD_LY":null,"ORG_TYPE":"一般企业","PREMIUM_INCOME":null,"PREMIUM_INCOME_YOY":null,"NET_INTEREST_INCOME":null,"NET_INTEREST_INCOME_YOY":null,"FEE_COMMISSION_INCOME":null,"FEE_COMMISSION_INCOME_YOY":null,"ACCOUNTS_RECE_TDAYS":1.928252254322,"INVENTORY_TDAYS":20.607843137255,"CURRENT_ASSETS_TDAYS":0.413353262596,"TOTAL_ASSETS_TDAYS":0.40440873556,"PREMIUM_EXPENSE":null,"LOAN_DEPOSIT":null,"LOAN_EQUITY":null,"LOAN_ASSETS":null,"DEPOSIT_EQUITY":null,"DEPOSIT_ASSETS":null,"EQUITY_MULTIPLIER":1.908772346075,"EQUITY_RATIO":0.911175361868},{"SECUCODE":"01870.HK","SECURITY_CODE":"01870","SECURITY_NAME_ABBR":"益美国际控股","ORG_CODE":"10000010476","STD_REPORT_DATE":"2023-12-31 00:00:00","REPORT_DATE":"2023-12-31 00:00:00","DATE_TYPE_CODE":"001","REPORT_TYPE":"2023年年报","PER_NETCASH_OPERATE":0.003802057628,"PER_OI":0.279420737885,"BPS":0.152114255192,"BASIC_EPS":0.029089662,"DILUTED_EPS":0.029089662,"OPERATE_INCOME":174358540.44,"OPERATE_INCOME_YOY":26.4014716027,"GROSS_PROFIT":47837541.36,"GROSS_PROFIT_YOY":42.466835022636,"HOLDER_PROFIT":18166086.12,"HOLDER_PROFIT_YOY":125.2011465353,"GROSS_PROFIT_RATIO":27.436305235912,"EPS_TTM":0.0291123175,"OPERATE_INCOME_QOQ":25.249551963873,"NET_PROFIT_RATIO":9.6833712747,"ROE_AVG":21.165775344606,"GROSS_PROFIT_QOQ":10.78284100819,"ROA":10.934231519234,"HOLDER_PROFIT_QOQ":298.891583097116,"ROE_YEARLY":21.165775344606,"ROIC_YEARLY":14.024213210577,"TOTAL_ASSETS":186605197.52,"TOTAL_LIABILITIES":90761557.88,"TAX_EBT":23.5368956743,"OCF_SALES":1.360692716292,"TOTAL_PARENT_EQUITY":94919295.24,"DEBT_ASSET_RATIO":48.6382796869,"OPERATE_PROFIT":24592092.14,"PRETAX_PROFIT":22080956.52,"NETCASH_OPERATE":2372483.96,"NETCASH_INVEST":816504.22,"NETCASH_FINANCE":10288315.66,"END_CASH":41918112.32,"DIVI_RATIO":null,"DIVIDEND_RATE":null,"CURRENT_RATIO":4.820723488367,"COMMON_ACS":4000000000,"CURRENTDEBT_DEBT":41.926433292729,"ISSUED_COMMON_SHARES":624000000,"HK_COMMON_SHARES":624000000,"PER_SHARES":2500,"TOTAL_MARKET_CAP":1029600000,"HKSK_MARKET_CAP":1029600000,"PE_TTM":69.497131285859,"PB_TTM":9.420462239464,"REPORT_DATE_SQ":"2022-12-31 00:00:00","REPORT_TYPE_SQ":"2022年年报","OPERATE_INCOME_SQ":135969093.05,"DPS_HKD":null,"OPERATE_INCOME_QOQ_SQ":-30.954268499576,"NET_PROFIT_RATIO_SQ":-52.4146766087,"HOLDER_PROFIT_SQ":-71054268.88,"HOLDER_PROFIT_QOQ_SQ":51.098790812957,"ROE_AVG_SQ":-66.587977263785,"PE_TTM_SQ":-132.564491654021,"PB_TTM_SQ":11.091924834942,"ROA_SQ":-30.47989822663,"START_DATE":"2023-01-01 00:00:00","FISCAL_YEAR":"12-31","CURRENCY":"HKD","IS_CNY_CODE":0,"DPS_HKD_LY":null,"ORG_TYPE":"一般企业","PREMIUM_INCOME":null,"PREMIUM_INCOME_YOY":null,"NET_INTEREST_INCOME":null,"NET_INTEREST_INCOME_YOY":null,"FEE_COMMISSION_INCOME":null,"FEE_COMMISSION_INCOME_YOY":null,"ACCOUNTS_RECE_TDAYS":4.926184806821,"INVENTORY_TDAYS":19.402960183448,"CURRENT_ASSETS_TDAYS":1.068505246673,"TOTAL_ASSETS_TDAYS":1.049470224865,"PREMIUM_EXPENSE":null,"LOAN_DEPOSIT":null,"LOAN_EQUITY":null,"LOAN_ASSETS":null,"DEPOSIT_EQUITY":null,"DEPOSIT_ASSETS":null,"EQUITY_MULTIPLIER":1.94697528413,"EQUITY_RATIO":0.956197132001},{"SECUCODE":"01870.HK","SECURITY_CODE":"01870","SECURITY_NAME_ABBR":"益美国际控股","ORG_CODE":"10000010476","STD_REPORT_DATE":"2023-06-30 00:00:00","REPORT_DATE":"2023-06-30 00:00:00","DATE_TYPE_CODE":"002","REPORT_TYPE":"2023年中报","PER_NETCASH_OPERATE":-0.028219384647,"PER_OI":0.111816670577,"BPS":0.139644509231,"BASIC_EPS":0.014567284,"DILUTED_EPS":0.014567284,"OPERATE_INCOME":69773602.44,"OPERATE_INCOME_YOY":-2.7275064267,"GROSS_PROFIT":22624467.22,"GROSS_PROFIT_YOY":73.752043692785,"HOLDER_PROFIT":9086112.9,"HOLDER_PROFIT_YOY":115.9515061265,"GROSS_PROFIT_RATIO":32.425539786992,"EPS_TTM":-0.014637279792,"OPERATE_INCOME_QOQ":2.382762411167,"NET_PROFIT_RATIO":12.0167023441,"ROE_AVG":10.999559124723,"GROSS_PROFIT_QOQ":28.600091608143,"ROA":5.914159175198,"HOLDER_PROFIT_QOQ":87.145511826425,"ROE_YEARLY":21.999118249446,"ROIC_YEARLY":13.890259200271,"TOTAL_ASSETS":159059067.62,"TOTAL_LIABILITIES":70378421.32,"TAX_EBT":23.912315930388,"OCF_SALES":-25.237189143476,"TOTAL_PARENT_EQUITY":87138173.76,"DEBT_ASSET_RATIO":44.2467206511,"OPERATE_PROFIT":12301979.14,"PRETAX_PROFIT":11019504.96,"NETCASH_OPERATE":-17608896.02,"NETCASH_INVEST":891554.66,"NETCASH_FINANCE":965313.06,"END_CASH":13184314,"DIVI_RATIO":null,"DIVIDEND_RATE":null,"CURRENT_RATIO":2.27192035828,"COMMON_ACS":4000000000,"CURRENTDEBT_DEBT":97.115309036602,"ISSUED_COMMON_SHARES":624000000,"HK_COMMON_SHARES":624000000,"PER_SHARES":2500,"TOTAL_MARKET_CAP":1029600000,"HKSK_MARKET_CAP":1029600000,"PE_TTM":69.497131285859,"PB_TTM":9.420462239464,"REPORT_DATE_SQ":"2022-06-30 00:00:00","REPORT_TYPE_SQ":"2022年中报","OPERATE_INCOME_SQ":66533782,"DPS_HKD":null,"OPERATE_INCOME_QOQ_SQ":-36.03775710565,"NET_PROFIT_RATIO_SQ":-57.4005344418,"HOLDER_PROFIT_SQ":-52834493.39,"HOLDER_PROFIT_QOQ_SQ":5.198735244486,"ROE_AVG_SQ":-48.139851094583,"PE_TTM_SQ":-132.564491654021,"PB_TTM_SQ":11.091924834942,"ROA_SQ":-18.474267866568,"START_DATE":"2023-01-01 00:00:00","FISCAL_YEAR":"12-31","CURRENCY":"HKD","IS_CNY_CODE":0,"DPS_HKD_LY":null,"ORG_TYPE":"一般企业","PREMIUM_INCOME":null,"PREMIUM_INCOME_YOY":null,"NET_INTEREST_INCOME":null,"NET_INTEREST_INCOME_YOY":null,"FEE_COMMISSION_INCOME":null,"FEE_COMMISSION_INCOME_YOY":null,"ACCOUNTS_RECE_TDAYS":2.391354494178,"INVENTORY_TDAYS":4.588926776741,"CURRENT_ASSETS_TDAYS":0.464099985282,"TOTAL_ASSETS_TDAYS":0.454157014775,"PREMIUM_EXPENSE":null,"LOAN_DEPOSIT":null,"LOAN_EQUITY":null,"LOAN_ASSETS":null,"DEPOSIT_EQUITY":null,"DEPOSIT_ASSETS":null,"EQUITY_MULTIPLIER":1.793616468266,"EQUITY_RATIO":0.807664635179},{"SECUCODE":"01870.HK","SECURITY_CODE":"01870","SECURITY_NAME_ABBR":"益美国际控股","ORG_CODE":"10000010476","STD_REPORT_DATE":"2022-12-31 00:00:00","REPORT_DATE":"2022-12-31 00:00:00","DATE_TYPE_CODE":"001","REPORT_TYPE":"2022年年报","PER_NETCASH_OPERATE":-0.034485375481,"PER_OI":0.21789918758,"BPS":0.121217025304,"BASIC_EPS":-0.113891925,"DILUTED_EPS":-0.113891925,"OPERATE_INCOME":135969093.05,"OPERATE_INCOME_YOY":-6.6618019487,"GROSS_PROFIT":33578019.3,"GROSS_PROFIT_YOY":2.505942825785,"HOLDER_PROFIT":-71054268.88,"HOLDER_PROFIT_YOY":57.5681601169,"GROSS_PROFIT_RATIO":24.69533226029,"EPS_TTM":-0.113869020641,"OPERATE_INCOME_QOQ":-30.954268499576,"NET_PROFIT_RATIO":-52.4146766087,"ROE_AVG":-66.587977263785,"GROSS_PROFIT_QOQ":130.419350971655,"ROA":-30.47989822663,"HOLDER_PROFIT_QOQ":51.098790812957,"ROE_YEARLY":-66.587977263785,"ROIC_YEARLY":-34.127997151138,"TOTAL_ASSETS":143592259.23,"TOTAL_LIABILITIES":67515133.14,"TAX_EBT":26.659774867907,"OCF_SALES":-15.826298328023,"TOTAL_PARENT_EQUITY":75639423.79,"DEBT_ASSET_RATIO":47.0186439729,"OPERATE_PROFIT":17659947.9,"PRETAX_PROFIT":15553617.24,"NETCASH_OPERATE":-21518874.3,"NETCASH_INVEST":-2443093.45,"NETCASH_FINANCE":32312255.71,"END_CASH":27872703.81,"DIVI_RATIO":null,"DIVIDEND_RATE":null,"CURRENT_RATIO":4.091689801001,"COMMON_ACS":4000000000,"CURRENTDEBT_DEBT":50.994945886587,"ISSUED_COMMON_SHARES":624000000,"HK_COMMON_SHARES":624000000,"PER_SHARES":2500,"TOTAL_MARKET_CAP":1029600000,"HKSK_MARKET_CAP":1029600000,"PE_TTM":69.497131285859,"PB_TTM":9.420462239464,"REPORT_DATE_SQ":"2021-12-31 00:00:00","REPORT_TYPE_SQ":"2021年年报","OPERATE_INCOME_SQ":133333390.4,"DPS_HKD":null,"OPERATE_INCOME_QOQ_SQ":-30.806544338714,"NET_PROFIT_RATIO_SQ":-49.7825070904,"HOLDER_PROFIT_SQ":-153269748.8,"HOLDER_PROFIT_QOQ_SQ":-95.502259109285,"ROE_AVG_SQ":-79.418163023654,"PE_TTM_SQ":-132.564491654021,"PB_TTM_SQ":11.091924834942,"ROA_SQ":-44.366318016635,"START_DATE":"2022-01-01 00:00:00","FISCAL_YEAR":"12-31","CURRENCY":"HKD","IS_CNY_CODE":0,"DPS_HKD_LY":null,"ORG_TYPE":"一般企业","PREMIUM_INCOME":null,"PREMIUM_INCOME_YOY":null,"NET_INTEREST_INCOME":null,"NET_INTEREST_INCOME_YOY":null,"FEE_COMMISSION_INCOME":null,"FEE_COMMISSION_INCOME_YOY":null,"ACCOUNTS_RECE_TDAYS":3.347665442389,"INVENTORY_TDAYS":5.657001850709,"CURRENT_ASSETS_TDAYS":0.593622887718,"TOTAL_ASSETS_TDAYS":0.583261805864,"PREMIUM_EXPENSE":null,"LOAN_DEPOSIT":null,"LOAN_EQUITY":null,"LOAN_ASSETS":null,"DEPOSIT_EQUITY":null,"DEPOSIT_ASSETS":null,"EQUITY_MULTIPLIER":1.887456409173,"EQUITY_RATIO":0.892591849026},{"SECUCODE":"01870.HK","SECURITY_CODE":"01870","SECURITY_NAME_ABBR":"益美国际控股","ORG_CODE":"10000010476","STD_REPORT_DATE":"2022-06-30 00:00:00","REPORT_DATE":"2022-06-30 00:00:00","DATE_TYPE_CODE":"002","REPORT_TYPE":"2022年中报","PER_NETCASH_OPERATE":-0.044254712003,"PER_OI":0.106624650641,"BPS":0.140388209679,"BASIC_EPS":-0.08466381,"DILUTED_EPS":-0.08466381,"OPERATE_INCOME":66533782,"OPERATE_INCOME_YOY":-55.8499547341,"GROSS_PROFIT":13021122.94,"GROSS_PROFIT_YOY":131.973037448322,"HOLDER_PROFIT":-52834493.39,"HOLDER_PROFIT_YOY":15.4530401106,"GROSS_PROFIT_RATIO":-39.661891330166,"EPS_TTM":-0.23285522492,"OPERATE_INCOME_QOQ":-36.03775710565,"NET_PROFIT_RATIO":-57.4005344418,"ROE_AVG":-48.139851094583,"GROSS_PROFIT_QOQ":3.639684225305,"ROA":-18.474267866568,"HOLDER_PROFIT_QOQ":5.198735244486,"ROE_YEARLY":-96.279702189167,"ROIC_YEARLY":-39.301078090385,"TOTAL_ASSETS":263088941.22,"TOTAL_LIABILITIES":175475580.91,"TAX_EBT":49.583936324168,"OCF_SALES":-29.961215855107,"TOTAL_PARENT_EQUITY":87602242.84,"DEBT_ASSET_RATIO":66.6981972318,"OPERATE_PROFIT":5611756.78,"PRETAX_PROFIT":4727490.32,"NETCASH_OPERATE":-27614940.29,"NETCASH_INVEST":-33352.41,"NETCASH_FINANCE":24218125.61,"END_CASH":15161663.51,"DIVI_RATIO":null,"DIVIDEND_RATE":null,"CURRENT_RATIO":1.4966795466,"COMMON_ACS":4000000000,"CURRENTDEBT_DEBT":98.631992943092,"ISSUED_COMMON_SHARES":624000000,"HK_COMMON_SHARES":624000000,"PER_SHARES":2500,"TOTAL_MARKET_CAP":1029600000,"HKSK_MARKET_CAP":1029600000,"PE_TTM":69.497131285859,"PB_TTM":9.420462239464,"REPORT_DATE_SQ":"2021-06-30 00:00:00","REPORT_TYPE_SQ":"2021年中报","OPERATE_INCOME_SQ":203121545.04,"DPS_HKD":null,"OPERATE_INCOME_QOQ_SQ":21.312082110822,"NET_PROFIT_RATIO_SQ":-29.9340879019,"HOLDER_PROFIT_SQ":-60802581.84,"HOLDER_PROFIT_QOQ_SQ":-94.717633731443,"ROE_AVG_SQ":-25.876074731937,"PE_TTM_SQ":-132.564491654021,"PB_TTM_SQ":11.091924834942,"ROA_SQ":-15.890979352579,"START_DATE":"2022-01-01 00:00:00","FISCAL_YEAR":"12-31","CURRENCY":"HKD","IS_CNY_CODE":0,"DPS_HKD_LY":null,"ORG_TYPE":"一般企业","PREMIUM_INCOME":null,"PREMIUM_INCOME_YOY":null,"NET_INTEREST_INCOME":null,"NET_INTEREST_INCOME_YOY":null,"FEE_COMMISSION_INCOME":null,"FEE_COMMISSION_INCOME_YOY":null,"ACCOUNTS_RECE_TDAYS":1.364984121971,"INVENTORY_TDAYS":5.769005231589,"CURRENT_ASSETS_TDAYS":0.327572189068,"TOTAL_ASSETS_TDAYS":0.322280748707,"PREMIUM_EXPENSE":null,"LOAN_DEPOSIT":null,"LOAN_EQUITY":null,"LOAN_ASSETS":null,"DEPOSIT_EQUITY":null,"DEPOSIT_ASSETS":null,"EQUITY_MULTIPLIER":3.00284043768,"EQUITY_RATIO":2.003094615174},{"SECUCODE":"01870.HK","SECURITY_CODE":"01870","SECURITY_NAME_ABBR":"益美国际控股","ORG_CODE":"10000010476","STD_REPORT_DATE":"2021-12-31 00:00:00","REPORT_DATE":"2021-12-31 00:00:00","DATE_TYPE_CODE":"001","REPORT_TYPE":"2021年年报","PER_NETCASH_OPERATE":-0.091862076923,"PER_OI":0.213675305128,"BPS":0.202090017949,"BASIC_EPS":-0.27455008,"DILUTED_EPS":-0.27455008,"OPERATE_INCOME":133333390.4,"OPERATE_INCOME_YOY":-13.5918787876,"GROSS_PROFIT":32757144,"GROSS_PROFIT_YOY":251.885315661293,"HOLDER_PROFIT":-153269748.8,"HOLDER_PROFIT_YOY":-291.8704795351,"GROSS_PROFIT_RATIO":-37.207221083269,"EPS_TTM":-0.245624597436,"OPERATE_INCOME_QOQ":-30.806544338714,"NET_PROFIT_RATIO":-49.7825070904,"ROE_AVG":-79.418163023654,"GROSS_PROFIT_QOQ":-129.920250686062,"ROA":-44.366318016635,"HOLDER_PROFIT_QOQ":-95.502259109285,"ROE_YEARLY":-79.418163023654,"ROIC_YEARLY":-48.028028284485,"TOTAL_ASSETS":295313032,"TOTAL_LIABILITIES":169208860.8,"TAX_EBT":20.980148883375,"OCF_SALES":-18.618349072137,"TOTAL_PARENT_EQUITY":126104171.2,"DEBT_ASSET_RATIO":57.2981353562,"OPERATE_PROFIT":20121136,"PRETAX_PROFIT":19769568,"NETCASH_OPERATE":-57321936,"NETCASH_INVEST":-52326.4,"NETCASH_FINANCE":41414710.4,"END_CASH":18227574.4,"DIVI_RATIO":null,"DIVIDEND_RATE":null,"CURRENT_RATIO":1.745735550028,"COMMON_ACS":4000000000,"CURRENTDEBT_DEBT":98.293373534727,"ISSUED_COMMON_SHARES":624000000,"HK_COMMON_SHARES":624000000,"PER_SHARES":2500,"TOTAL_MARKET_CAP":1029600000,"HKSK_MARKET_CAP":1029600000,"PE_TTM":69.497131285859,"PB_TTM":9.420462239464,"REPORT_DATE_SQ":"2020-12-31 00:00:00","REPORT_TYPE_SQ":"2020年年报","OPERATE_INCOME_SQ":366784187.08,"DPS_HKD":null,"OPERATE_INCOME_QOQ_SQ":4.067454748798,"NET_PROFIT_RATIO_SQ":-10.9771292597,"HOLDER_PROFIT_SQ":-40262374.32,"HOLDER_PROFIT_QOQ_SQ":-400.756361435273,"ROE_AVG_SQ":-13.823774186837,"PE_TTM_SQ":-132.564491654021,"PB_TTM_SQ":11.091924834942,"ROA_SQ":-9.768309454359,"START_DATE":"2021-01-01 00:00:00","FISCAL_YEAR":"12-31","CURRENCY":"HKD","IS_CNY_CODE":0,"DPS_HKD_LY":null,"ORG_TYPE":"一般企业","PREMIUM_INCOME":null,"PREMIUM_INCOME_YOY":null,"NET_INTEREST_INCOME":null,"NET_INTEREST_INCOME_YOY":null,"FEE_COMMISSION_INCOME":null,"FEE_COMMISSION_INCOME_YOY":null,"ACCOUNTS_RECE_TDAYS":2.432907407822,"INVENTORY_TDAYS":15.147036836165,"CURRENT_ASSETS_TDAYS":0.910123371452,"TOTAL_ASSETS_TDAYS":0.891202966858,"PREMIUM_EXPENSE":null,"LOAN_DEPOSIT":null,"LOAN_EQUITY":null,"LOAN_ASSETS":null,"DEPOSIT_EQUITY":null,"DEPOSIT_ASSETS":null,"EQUITY_MULTIPLIER":2.341818111086,"EQUITY_RATIO":1.341818111089},{"SECUCODE":"01870.HK","SECURITY_CODE":"01870","SECURITY_NAME_ABBR":"益美国际控股","ORG_CODE":"10000010476","STD_REPORT_DATE":"2021-06-30 00:00:00","REPORT_DATE":"2021-06-30 00:00:00","DATE_TYPE_CODE":"002","REPORT_TYPE":"2021年中报","PER_NETCASH_OPERATE":-0.031571035385,"PER_OI":0.390618355846,"BPS":0.329282325385,"BASIC_EPS":-0.11690724,"DILUTED_EPS":-0.11690724,"OPERATE_INCOME":203121545.04,"OPERATE_INCOME_YOY":78.4543068724,"GROSS_PROFIT":-40725323.52,"GROSS_PROFIT_YOY":-226.602910563856,"HOLDER_PROFIT":-60802581.84,"HOLDER_PROFIT_YOY":-194.4710860367,"GROSS_PROFIT_RATIO":-20.04973106717,"EPS_TTM":-0.150765274154,"OPERATE_INCOME_QOQ":21.312082110822,"NET_PROFIT_RATIO":-29.9340879019,"ROE_AVG":-25.876074731937,"GROSS_PROFIT_QOQ":-131.014611797408,"ROA":-15.890979352579,"HOLDER_PROFIT_QOQ":-94.717633731443,"ROE_YEARLY":-51.752149463873,"ROIC_YEARLY":-35.036751837592,"TOTAL_ASSETS":362624624.4,"TOTAL_LIABILITIES":157152453.36,"TAX_EBT":-15.197137136822,"OCF_SALES":-8.082322530959,"TOTAL_PARENT_EQUITY":205472171.04,"DEBT_ASSET_RATIO":43.3375018644,"OPERATE_PROFIT":-52297060.08,"PRETAX_PROFIT":-52781330.64,"NETCASH_OPERATE":-16416938.4,"NETCASH_INVEST":-579959.76,"NETCASH_FINANCE":17535253.92,"END_CASH":36029064,"DIVI_RATIO":null,"DIVIDEND_RATE":null,"CURRENT_RATIO":2.310662233336,"COMMON_ACS":4000000000,"CURRENTDEBT_DEBT":97.614194115436,"ISSUED_COMMON_SHARES":624000000,"HK_COMMON_SHARES":624000000,"PER_SHARES":2500,"TOTAL_MARKET_CAP":1029600000,"HKSK_MARKET_CAP":1029600000,"PE_TTM":69.497131285859,"PB_TTM":9.420462239464,"REPORT_DATE_SQ":"2020-06-30 00:00:00","REPORT_TYPE_SQ":"2020年中报","OPERATE_INCOME_SQ":124952197.92,"DPS_HKD":null,"OPERATE_INCOME_QOQ_SQ":-17.94008574316,"NET_PROFIT_RATIO_SQ":-18.1405481275,"HOLDER_PROFIT_SQ":-22667013.6,"HOLDER_PROFIT_QOQ_SQ":-121.911352609222,"ROE_AVG_SQ":-6.960953859662,"PE_TTM_SQ":-132.564491654021,"PB_TTM_SQ":11.091924834942,"ROA_SQ":-5.448062825616,"START_DATE":"2021-01-01 00:00:00","FISCAL_YEAR":"12-31","CURRENCY":"HKD","IS_CNY_CODE":0,"DPS_HKD_LY":null,"ORG_TYPE":"一般企业","PREMIUM_INCOME":null,"PREMIUM_INCOME_YOY":null,"NET_INTEREST_INCOME":null,"NET_INTEREST_INCOME_YOY":null,"FEE_COMMISSION_INCOME":null,"FEE_COMMISSION_INCOME_YOY":null,"ACCOUNTS_RECE_TDAYS":3.439058922974,"INVENTORY_TDAYS":10.071552538878,"CURRENT_ASSETS_TDAYS":0.543458200361,"TOTAL_ASSETS_TDAYS":0.530865660736,"PREMIUM_EXPENSE":null,"LOAN_DEPOSIT":null,"LOAN_EQUITY":null,"LOAN_ASSETS":null,"DEPOSIT_EQUITY":null,"DEPOSIT_ASSETS":null,"EQUITY_MULTIPLIER":1.76483570775,"EQUITY_RATIO":0.764835707749},{"SECUCODE":"01870.HK","SECURITY_CODE":"01870","SECURITY_NAME_ABBR":"益美国际控股","ORG_CODE":"10000010476","STD_REPORT_DATE":"2020-12-31 00:00:00","REPORT_DATE":"2020-12-31 00:00:00","DATE_TYPE_CODE":"001","REPORT_TYPE":"2020年年报","PER_NETCASH_OPERATE":-0.177895180846,"PER_OI":0.705354205923,"BPS":0.428715770128,"BASIC_EPS":-0.07743088,"DILUTED_EPS":-0.07743088,"OPERATE_INCOME":366784187.08,"OPERATE_INCOME_YOY":-9.1089782094,"GROSS_PROFIT":-21567025,"GROSS_PROFIT_YOY":-124.777198939512,"HOLDER_PROFIT":-40262374.32,"HOLDER_PROFIT_YOY":-216.7805878332,"GROSS_PROFIT_RATIO":-5.880031298976,"EPS_TTM":-0.077427642923,"OPERATE_INCOME_QOQ":4.067454748798,"NET_PROFIT_RATIO":-10.9771292597,"ROE_AVG":-13.823774186837,"GROSS_PROFIT_QOQ":-180.157848255935,"ROA":-9.768309454359,"HOLDER_PROFIT_QOQ":-400.756361435273,"ROE_YEARLY":-13.823774186837,"ROIC_YEARLY":-11.936477518985,"TOTAL_ASSETS":407247713.36,"TOTAL_LIABILITIES":139729072.8,"TAX_EBT":1.383248469356,"OCF_SALES":-25.220687613728,"TOTAL_PARENT_EQUITY":267518640.56,"DEBT_ASSET_RATIO":34.310584987,"OPERATE_PROFIT":-40620071.32,"PRETAX_PROFIT":-40827114.76,"NETCASH_OPERATE":-92505494.04,"NETCASH_INVEST":17937031.68,"NETCASH_FINANCE":-2307776.88,"END_CASH":35462501.4,"DIVI_RATIO":null,"DIVIDEND_RATE":null,"CURRENT_RATIO":2.884350709222,"COMMON_ACS":4000000000,"CURRENTDEBT_DEBT":98.645343934466,"ISSUED_COMMON_SHARES":624000000,"HK_COMMON_SHARES":624000000,"PER_SHARES":2500,"TOTAL_MARKET_CAP":1029600000,"HKSK_MARKET_CAP":1029600000,"PE_TTM":69.497131285859,"PB_TTM":9.420462239464,"REPORT_DATE_SQ":"2019-12-31 00:00:00","REPORT_TYPE_SQ":"2019年年报","OPERATE_INCOME_SQ":429501428.16,"DPS_HKD":null,"OPERATE_INCOME_QOQ_SQ":5.161129052726,"NET_PROFIT_RATIO_SQ":8.5675493042,"HOLDER_PROFIT_SQ":36694731.92,"HOLDER_PROFIT_QOQ_SQ":-47.738938202135,"ROE_AVG_SQ":13.522908461886,"PE_TTM_SQ":-132.564491654021,"PB_TTM_SQ":11.091924834942,"ROA_SQ":9.446251442684,"START_DATE":"2020-01-01 00:00:00","FISCAL_YEAR":"12-31","CURRENCY":"HKD","IS_CNY_CODE":0,"DPS_HKD_LY":0.01,"ORG_TYPE":"一般企业","PREMIUM_INCOME":null,"PREMIUM_INCOME_YOY":null,"NET_INTEREST_INCOME":null,"NET_INTEREST_INCOME_YOY":null,"FEE_COMMISSION_INCOME":null,"FEE_COMMISSION_INCOME_YOY":null,"ACCOUNTS_RECE_TDAYS":7.715542729671,"INVENTORY_TDAYS":18.687105135266,"CURRENT_ASSETS_TDAYS":0.932397506173,"TOTAL_ASSETS_TDAYS":0.889878330047,"PREMIUM_EXPENSE":null,"LOAN_DEPOSIT":null,"LOAN_EQUITY":null,"LOAN_ASSETS":null,"DEPOSIT_EQUITY":null,"DEPOSIT_ASSETS":null,"EQUITY_MULTIPLIER":1.522315276825,"EQUITY_RATIO":0.522315276825},{"SECUCODE":"01870.HK","SECURITY_CODE":"01870","SECURITY_NAME_ABBR":"益美国际控股","ORG_CODE":"10000010476","STD_REPORT_DATE":"2020-06-30 00:00:00","REPORT_DATE":"2020-06-30 00:00:00","DATE_TYPE_CODE":"002","REPORT_TYPE":"2020年中报","PER_NETCASH_OPERATE":-0.123779903077,"PER_OI":0.240292688308,"BPS":0.495832505385,"BASIC_EPS":-0.043571088,"DILUTED_EPS":-0.043571088,"OPERATE_INCOME":124952197.92,"OPERATE_INCOME_YOY":-40.431545027,"GROSS_PROFIT":-12469369.44,"GROSS_PROFIT_YOY":-126.158359083838,"HOLDER_PROFIT":-22667013.6,"HOLDER_PROFIT_YOY":-198.9157731096,"GROSS_PROFIT_RATIO":-9.979311806891,"EPS_TTM":-0.015462138654,"OPERATE_INCOME_QOQ":-17.94008574316,"NET_PROFIT_RATIO":-18.1405481275,"ROE_AVG":-6.960953859662,"GROSS_PROFIT_QOQ":-69.089490949905,"ROA":-5.448062825616,"HOLDER_PROFIT_QOQ":-121.911352609222,"ROE_YEARLY":-13.921907719323,"ROIC_YEARLY":-14.196995832153,"TOTAL_ASSETS":379431101.28,"TOTAL_LIABILITIES":70031617.92,"TAX_EBT":8.113011923276,"OCF_SALES":-51.512138779031,"TOTAL_PARENT_EQUITY":309399483.36,"DEBT_ASSET_RATIO":18.4570051542,"OPERATE_PROFIT":-24566055.36,"PRETAX_PROFIT":-24668360.64,"NETCASH_OPERATE":-64365549.6,"NETCASH_INVEST":17532567.36,"NETCASH_FINANCE":-7627224,"END_CASH":67185338.88,"DIVI_RATIO":null,"DIVIDEND_RATE":null,"CURRENT_RATIO":5.379320868884,"COMMON_ACS":4000000000,"CURRENTDEBT_DEBT":98.295247039182,"ISSUED_COMMON_SHARES":624000000,"HK_COMMON_SHARES":624000000,"PER_SHARES":2500,"TOTAL_MARKET_CAP":1029600000,"HKSK_MARKET_CAP":1029600000,"PE_TTM":69.497131285859,"PB_TTM":9.420462239464,"REPORT_DATE_SQ":"2019-06-30 00:00:00","REPORT_TYPE_SQ":"2019年中报","OPERATE_INCOME_SQ":202005122.4,"DPS_HKD":null,"OPERATE_INCOME_QOQ_SQ":0,"NET_PROFIT_RATIO_SQ":10.9745688904,"HOLDER_PROFIT_SQ":22068030.42,"HOLDER_PROFIT_QOQ_SQ":0,"ROE_AVG_SQ":null,"PE_TTM_SQ":-132.564491654021,"PB_TTM_SQ":11.091924834942,"ROA_SQ":null,"START_DATE":"2020-01-01 00:00:00","FISCAL_YEAR":"12-31","CURRENCY":"HKD","IS_CNY_CODE":0,"DPS_HKD_LY":0.01,"ORG_TYPE":"一般企业","PREMIUM_INCOME":null,"PREMIUM_INCOME_YOY":null,"NET_INTEREST_INCOME":null,"NET_INTEREST_INCOME_YOY":null,"FEE_COMMISSION_INCOME":null,"FEE_COMMISSION_INCOME_YOY":null,"ACCOUNTS_RECE_TDAYS":4.018477718046,"INVENTORY_TDAYS":11.081614614025,"CURRENT_ASSETS_TDAYS":0.315261705957,"TOTAL_ASSETS_TDAYS":0.300325149347,"PREMIUM_EXPENSE":null,"LOAN_DEPOSIT":null,"LOAN_EQUITY":null,"LOAN_ASSETS":null,"DEPOSIT_EQUITY":null,"DEPOSIT_ASSETS":null,"EQUITY_MULTIPLIER":1.226346912927,"EQUITY_RATIO":0.226346912928}],"count":14},"success":true,"message":"ok","code":0}