{"version":"48092913a2c79d2ea960d6fac6cdfe84","result":{"pages":4,"data":[{"SECUCODE":"01877.HK","SECURITY_CODE":"01877","SECURITY_NAME_ABBR":"君实生物","ORG_CODE":"10467984","STD_REPORT_DATE":"2024-09-30 00:00:00","REPORT_DATE":"2024-09-30 00:00:00","DATE_TYPE_CODE":"004","REPORT_TYPE":"2024年三季报","PER_NETCASH_OPERATE":-1.129637340678,"PER_OI":1.289655141389,"BPS":6.262121523201,"BASIC_EPS":-0.94,"DILUTED_EPS":-0.94,"OPERATE_INCOME":1271200009.95,"OPERATE_INCOME_YOY":28.8651485489,"GROSS_PROFIT":945860934.08,"GROSS_PROFIT_YOY":45.603854884387,"HOLDER_PROFIT":-926768557.18,"HOLDER_PROFIT_YOY":34.1230854401,"GROSS_PROFIT_RATIO":74.406932557938,"EPS_TTM":-1.827729195008,"OPERATE_INCOME_QOQ":10.401453470653,"NET_PROFIT_RATIO":-77.7789241033,"ROE_AVG":-13.911544033445,"GROSS_PROFIT_QOQ":9.927221306196,"ROA":-8.341722085801,"HOLDER_PROFIT_QOQ":6.697407809543,"ROE_YEARLY":-18.548725377926,"ROIC_YEARLY":-11.813099086804,"TOTAL_ASSETS":10857613524.7,"TOTAL_LIABILITIES":4577673050.31,"TAX_EBT":-0.414529580474,"OCF_SALES":-87.592202320215,"TOTAL_PARENT_EQUITY":6172509756.39,"DEBT_ASSET_RATIO":42.1609503773,"OPERATE_PROFIT":-977104880.69,"PRETAX_PROFIT":-984644050.09,"NETCASH_OPERATE":-1113472084.61,"NETCASH_INVEST":-1083510749.67,"NETCASH_FINANCE":900030196.23,"END_CASH":2474334261.64,"DIVI_RATIO":null,"DIVIDEND_RATE":null,"CURRENT_RATIO":1.996336505963,"COMMON_ACS":null,"CURRENTDEBT_DEBT":50.1776837532,"ISSUED_COMMON_SHARES":985689871,"HK_COMMON_SHARES":219295700,"PER_SHARES":200,"TOTAL_MARKET_CAP":12794254525.58,"HKSK_MARKET_CAP":2846458186,"PE_TTM":-6.357910270396,"PB_TTM":1.869212240074,"REPORT_DATE_SQ":"2023-09-30 00:00:00","REPORT_TYPE_SQ":"2023年三季报","OPERATE_INCOME_SQ":986457567.67,"DPS_HKD":null,"OPERATE_INCOME_QOQ_SQ":3.773675330269,"NET_PROFIT_RATIO_SQ":-157.6478241252,"HOLDER_PROFIT_SQ":-1406818402.73,"HOLDER_PROFIT_QOQ_SQ":11.047575712044,"ROE_AVG_SQ":-16.01749026078,"PE_TTM_SQ":-4.885976567125,"PB_TTM_SQ":1.357093580388,"ROA_SQ":-11.644194469415,"START_DATE":"2024-01-01 00:00:00","FISCAL_YEAR":"12-31","CURRENCY":"HKD","IS_CNY_CODE":0,"DPS_HKD_LY":null,"ORG_TYPE":"一般企业","PREMIUM_INCOME":null,"PREMIUM_INCOME_YOY":null,"NET_INTEREST_INCOME":null,"NET_INTEREST_INCOME_YOY":null,"FEE_COMMISSION_INCOME":null,"FEE_COMMISSION_INCOME_YOY":null,"ACCOUNTS_RECE_TDAYS":2.67645113092,"INVENTORY_TDAYS":0.588585003397,"CURRENT_ASSETS_TDAYS":0.25084475116,"TOTAL_ASSETS_TDAYS":0.114419043636,"PREMIUM_EXPENSE":null,"LOAN_DEPOSIT":null,"LOAN_EQUITY":null,"LOAN_ASSETS":null,"DEPOSIT_EQUITY":null,"DEPOSIT_ASSETS":null,"EQUITY_MULTIPLIER":1.728935738957,"EQUITY_RATIO":0.741622651235},{"SECUCODE":"01877.HK","SECURITY_CODE":"01877","SECURITY_NAME_ABBR":"君实生物","ORG_CODE":"10467984","STD_REPORT_DATE":"2024-06-30 00:00:00","REPORT_DATE":"2024-06-30 00:00:00","DATE_TYPE_CODE":"002","REPORT_TYPE":"2024年中报","PER_NETCASH_OPERATE":-0.881872712274,"PER_OI":0.797467868065,"BPS":6.591107600009,"BASIC_EPS":-0.66,"DILUTED_EPS":-0.66,"OPERATE_INCOME":786056000,"OPERATE_INCOME_YOY":17.3738209326,"GROSS_PROFIT":575255000,"GROSS_PROFIT_YOY":50.910307195887,"HOLDER_PROFIT":-645691000,"HOLDER_PROFIT_YOY":35.1989771392,"GROSS_PROFIT_RATIO":73.18244501664,"EPS_TTM":-1.958926490785,"OPERATE_INCOME_QOQ":-0.570983310658,"NET_PROFIT_RATIO":-87.5821824399,"ROE_AVG":-9.462051926362,"GROSS_PROFIT_QOQ":9.697775737077,"ROA":-5.772741943126,"HOLDER_PROFIT_QOQ":4.46892194891,"ROE_YEARLY":-18.924103852724,"ROIC_YEARLY":-16.572421522606,"TOTAL_ASSETS":11007876000,"TOTAL_LIABILITIES":4384456000,"TAX_EBT":-0.518474391658,"OCF_SALES":-110.584105967005,"TOTAL_PARENT_EQUITY":6496788000,"DEBT_ASSET_RATIO":39.8301725056,"OPERATE_PROFIT":-632276000,"PRETAX_PROFIT":-684894000,"NETCASH_OPERATE":-869253000,"NETCASH_INVEST":-940943000,"NETCASH_FINANCE":738752000,"END_CASH":2711469000,"DIVI_RATIO":null,"DIVIDEND_RATE":null,"CURRENT_RATIO":2.068140264175,"COMMON_ACS":null,"CURRENTDEBT_DEBT":53.165774727811,"ISSUED_COMMON_SHARES":985689871,"HK_COMMON_SHARES":219295700,"PER_SHARES":200,"TOTAL_MARKET_CAP":13543378827.54,"HKSK_MARKET_CAP":3013122918,"PE_TTM":-6.730176203023,"PB_TTM":1.97865764088,"REPORT_DATE_SQ":"2023-06-30 00:00:00","REPORT_TYPE_SQ":"2023年中报","OPERATE_INCOME_SQ":669703000,"DPS_HKD":null,"OPERATE_INCOME_QOQ_SQ":9.083127733889,"NET_PROFIT_RATIO_SQ":-168.0353828488,"HOLDER_PROFIT_SQ":-996421000,"HOLDER_PROFIT_QOQ_SQ":2.445411700889,"ROE_AVG_SQ":-11.063187187758,"PE_TTM_SQ":-8.338464141415,"PB_TTM_SQ":2.316031606199,"ROA_SQ":-8.175915339213,"START_DATE":"2024-01-01 00:00:00","FISCAL_YEAR":"12-31","CURRENCY":"HKD","IS_CNY_CODE":0,"DPS_HKD_LY":null,"ORG_TYPE":"一般企业","PREMIUM_INCOME":null,"PREMIUM_INCOME_YOY":null,"NET_INTEREST_INCOME":null,"NET_INTEREST_INCOME_YOY":null,"FEE_COMMISSION_INCOME":null,"FEE_COMMISSION_INCOME_YOY":null,"ACCOUNTS_RECE_TDAYS":1.684772745506,"INVENTORY_TDAYS":0.386025857017,"CURRENT_ASSETS_TDAYS":0.151591345021,"TOTAL_ASSETS_TDAYS":0.07027662521,"PREMIUM_EXPENSE":null,"LOAN_DEPOSIT":null,"LOAN_EQUITY":null,"LOAN_ASSETS":null,"DEPOSIT_EQUITY":null,"DEPOSIT_ASSETS":null,"EQUITY_MULTIPLIER":1.661962551069,"EQUITY_RATIO":0.674865179532},{"SECUCODE":"01877.HK","SECURITY_CODE":"01877","SECURITY_NAME_ABBR":"君实生物","ORG_CODE":"10467984","STD_REPORT_DATE":"2024-03-31 00:00:00","REPORT_DATE":"2024-03-31 00:00:00","DATE_TYPE_CODE":"003","REPORT_TYPE":"2024年一季报","PER_NETCASH_OPERATE":-0.382044984837,"PER_OI":0.386332742451,"BPS":6.965727251264,"BASIC_EPS":-0.29,"DILUTED_EPS":-0.29,"OPERATE_INCOME":380804271.07,"OPERATE_INCOME_YOY":49.2445705947,"GROSS_PROFIT":272710068.04,"GROSS_PROFIT_YOY":60.756203704158,"HOLDER_PROFIT":-283029082.76,"HOLDER_PROFIT_YOY":47.9182446797,"GROSS_PROFIT_RATIO":71.614235647549,"EPS_TTM":-2.050564623312,"OPERATE_INCOME_QOQ":8.362433784566,"NET_PROFIT_RATIO":-78.6881839896,"ROE_AVG":-4.038290807385,"GROSS_PROFIT_QOQ":12.339636763403,"ROA":-2.420401849945,"HOLDER_PROFIT_QOQ":11.413064596533,"ROE_YEARLY":-16.153163229539,"ROIC_YEARLY":-15.37434473051,"TOTAL_ASSETS":12024485796.49,"TOTAL_LIABILITIES":5005671597.96,"TAX_EBT":-1.04488344319,"OCF_SALES":-98.890138695629,"TOTAL_PARENT_EQUITY":6866046795.72,"DEBT_ASSET_RATIO":41.6289867415,"OPERATE_PROFIT":-298101974.99,"PRETAX_PROFIT":-296549370.19,"NETCASH_OPERATE":-376577871.82,"NETCASH_INVEST":-73270374.96,"NETCASH_FINANCE":1219838584.56,"END_CASH":4549382057.46,"DIVI_RATIO":null,"DIVIDEND_RATE":null,"CURRENT_RATIO":2.086606475506,"COMMON_ACS":null,"CURRENTDEBT_DEBT":59.300195114472,"ISSUED_COMMON_SHARES":985689871,"HK_COMMON_SHARES":219295700,"PER_SHARES":200,"TOTAL_MARKET_CAP":13543378827.54,"HKSK_MARKET_CAP":3013122918,"PE_TTM":-6.730176203023,"PB_TTM":1.97865764088,"REPORT_DATE_SQ":"2023-03-31 00:00:00","REPORT_TYPE_SQ":"2023年一季报","OPERATE_INCOME_SQ":255154522.24,"DPS_HKD":null,"OPERATE_INCOME_QOQ_SQ":-25.756203165065,"NET_PROFIT_RATIO_SQ":-250.6794467818,"HOLDER_PROFIT_SQ":-543432303.73,"HOLDER_PROFIT_QOQ_SQ":-6.162308817816,"ROE_AVG_SQ":-5.890657075974,"PE_TTM_SQ":-8.338464141415,"PB_TTM_SQ":2.316031606199,"ROA_SQ":-4.398976697687,"START_DATE":"2024-01-01 00:00:00","FISCAL_YEAR":"12-31","CURRENCY":"HKD","IS_CNY_CODE":0,"DPS_HKD_LY":null,"ORG_TYPE":"一般企业","PREMIUM_INCOME":null,"PREMIUM_INCOME_YOY":null,"NET_INTEREST_INCOME":null,"NET_INTEREST_INCOME_YOY":null,"FEE_COMMISSION_INCOME":null,"FEE_COMMISSION_INCOME_YOY":null,"ACCOUNTS_RECE_TDAYS":0.780892018676,"INVENTORY_TDAYS":0.201367503816,"CURRENT_ASSETS_TDAYS":0.06485277774,"TOTAL_ASSETS_TDAYS":0.032565535428,"PREMIUM_EXPENSE":null,"LOAN_DEPOSIT":null,"LOAN_EQUITY":null,"LOAN_ASSETS":null,"DEPOSIT_EQUITY":null,"DEPOSIT_ASSETS":null,"EQUITY_MULTIPLIER":1.71317910068,"EQUITY_RATIO":0.729047113556},{"SECUCODE":"01877.HK","SECURITY_CODE":"01877","SECURITY_NAME_ABBR":"君实生物","ORG_CODE":"10467984","STD_REPORT_DATE":"2023-12-31 00:00:00","REPORT_DATE":"2023-12-31 00:00:00","DATE_TYPE_CODE":"001","REPORT_TYPE":"2023年年报","PER_NETCASH_OPERATE":-2.044217009104,"PER_OI":1.52436384324,"BPS":7.274927145924,"BASIC_EPS":-2.32,"DILUTED_EPS":-2.32,"OPERATE_INCOME":1502550000,"OPERATE_INCOME_YOY":3.3751108536,"GROSS_PROFIT":835260000,"GROSS_PROFIT_YOY":-9.916944471107,"HOLDER_PROFIT":-2281624000,"HOLDER_PROFIT_YOY":4.3772031548,"GROSS_PROFIT_RATIO":55.589497853649,"EPS_TTM":-2.314748347455,"OPERATE_INCOME_QOQ":23.001677490075,"NET_PROFIT_RATIO":-168.6387807394,"ROE_AVG":-27.370338643198,"GROSS_PROFIT_QOQ":6.300744141154,"ROA":-19.062181609315,"HOLDER_PROFIT_QOQ":-3.797190355101,"ROE_YEARLY":-27.370338643198,"ROIC_YEARLY":-33.304849734174,"TOTAL_ASSETS":11342866871.33,"TOTAL_LIABILITIES":4022256399.35,"TAX_EBT":-1.766947656661,"OCF_SALES":-134.102958304216,"TOTAL_PARENT_EQUITY":7151224186.47,"DEBT_ASSET_RATIO":35.3995048961,"OPERATE_PROFIT":-2376913000,"PRETAX_PROFIT":-2489887000,"NETCASH_OPERATE":-2014964000,"NETCASH_INVEST":-892422000,"NETCASH_FINANCE":681041000,"END_CASH":3778142000,"DIVI_RATIO":null,"DIVIDEND_RATE":null,"CURRENT_RATIO":2.242213016068,"COMMON_ACS":null,"CURRENTDEBT_DEBT":60.622629028424,"ISSUED_COMMON_SHARES":985689871,"HK_COMMON_SHARES":219295700,"PER_SHARES":200,"TOTAL_MARKET_CAP":10901729973.26,"HKSK_MARKET_CAP":2425410442,"PE_TTM":-5.417448966917,"PB_TTM":1.592718595934,"REPORT_DATE_SQ":"2022-12-31 00:00:00","REPORT_TYPE_SQ":"2022年年报","OPERATE_INCOME_SQ":1453493000,"DPS_HKD":null,"OPERATE_INCOME_QOQ_SQ":-42.431958746307,"NET_PROFIT_RATIO_SQ":-177.6475703701,"HOLDER_PROFIT_SQ":-2386067000,"HOLDER_PROFIT_QOQ_SQ":-24.199287658926,"ROE_AVG_SQ":-27.328180180422,"PE_TTM_SQ":-7.252242904592,"PB_TTM_SQ":2.014330636675,"ROA_SQ":-20.197793998952,"START_DATE":"2023-01-01 00:00:00","FISCAL_YEAR":"12-31","CURRENCY":"HKD","IS_CNY_CODE":0,"DPS_HKD_LY":null,"ORG_TYPE":"一般企业","PREMIUM_INCOME":null,"PREMIUM_INCOME_YOY":null,"NET_INTEREST_INCOME":null,"NET_INTEREST_INCOME_YOY":null,"FEE_COMMISSION_INCOME":null,"FEE_COMMISSION_INCOME_YOY":null,"ACCOUNTS_RECE_TDAYS":4.197354260424,"INVENTORY_TDAYS":1.17369669872,"CURRENT_ASSETS_TDAYS":0.235606675232,"TOTAL_ASSETS_TDAYS":0.125532870346,"PREMIUM_EXPENSE":null,"LOAN_DEPOSIT":null,"LOAN_EQUITY":null,"LOAN_ASSETS":null,"DEPOSIT_EQUITY":null,"DEPOSIT_ASSETS":null,"EQUITY_MULTIPLIER":1.547975752185,"EQUITY_RATIO":0.562457041545},{"SECUCODE":"01877.HK","SECURITY_CODE":"01877","SECURITY_NAME_ABBR":"君实生物","ORG_CODE":"10467984","STD_REPORT_DATE":"2023-09-30 00:00:00","REPORT_DATE":"2023-09-30 00:00:00","DATE_TYPE_CODE":"004","REPORT_TYPE":"2023年三季报","PER_NETCASH_OPERATE":-1.688273605735,"PER_OI":1.000778841999,"BPS":8.181692965363,"BASIC_EPS":-1.43,"DILUTED_EPS":-1.43,"OPERATE_INCOME":986457567.67,"OPERATE_INCOME_YOY":-19.0354355514,"GROSS_PROFIT":649612563.37,"GROSS_PROFIT_YOY":-17.881969078335,"HOLDER_PROFIT":-1406818402.73,"HOLDER_PROFIT_YOY":11.7832619214,"GROSS_PROFIT_RATIO":65.853067041127,"EPS_TTM":-2.230068405065,"OPERATE_INCOME_QOQ":3.773675330269,"NET_PROFIT_RATIO":-157.6478241252,"ROE_AVG":-16.01749026078,"GROSS_PROFIT_QOQ":15.073838957037,"ROA":-11.644194469415,"HOLDER_PROFIT_QOQ":11.047575712044,"ROE_YEARLY":-21.356653681041,"ROIC_YEARLY":-20.947969480456,"TOTAL_ASSETS":11587144221.39,"TOTAL_LIABILITIES":3249445547.44,"TAX_EBT":3.258847787916,"OCF_SALES":-168.69597306457,"TOTAL_PARENT_EQUITY":8064611883.59,"DEBT_ASSET_RATIO":28.0435410603,"OPERATE_PROFIT":-1662858923.45,"PRETAX_PROFIT":-1607515370.44,"NETCASH_OPERATE":-1664114192.65,"NETCASH_INVEST":-653834246.14,"NETCASH_FINANCE":441194302.68,"END_CASH":4141718242.77,"DIVI_RATIO":null,"DIVIDEND_RATE":null,"CURRENT_RATIO":3.126385796017,"COMMON_ACS":null,"CURRENTDEBT_DEBT":56.924258670445,"ISSUED_COMMON_SHARES":985689871,"HK_COMMON_SHARES":219295700,"PER_SHARES":200,"TOTAL_MARKET_CAP":13543378827.54,"HKSK_MARKET_CAP":3013122918,"PE_TTM":-6.730176203023,"PB_TTM":1.97865764088,"REPORT_DATE_SQ":"2022-09-30 00:00:00","REPORT_TYPE_SQ":"2022年三季报","OPERATE_INCOME_SQ":1218381861.73,"DPS_HKD":null,"OPERATE_INCOME_QOQ_SQ":-11.60940008059,"NET_PROFIT_RATIO_SQ":-142.3641477408,"HOLDER_PROFIT_SQ":-1594729564.22,"HOLDER_PROFIT_QOQ_SQ":-17.113908144865,"ROE_AVG_SQ":-21.971048143168,"PE_TTM_SQ":-8.338464141415,"PB_TTM_SQ":2.316031606199,"ROA_SQ":-15.458984049205,"START_DATE":"2023-01-01 00:00:00","FISCAL_YEAR":"12-31","CURRENCY":"HKD","IS_CNY_CODE":0,"DPS_HKD_LY":null,"ORG_TYPE":"一般企业","PREMIUM_INCOME":null,"PREMIUM_INCOME_YOY":null,"NET_INTEREST_INCOME":null,"NET_INTEREST_INCOME_YOY":null,"FEE_COMMISSION_INCOME":null,"FEE_COMMISSION_INCOME_YOY":null,"ACCOUNTS_RECE_TDAYS":3.297106289829,"INVENTORY_TDAYS":0.500162245086,"CURRENT_ASSETS_TDAYS":0.151904651148,"TOTAL_ASSETS_TDAYS":0.08164880223,"PREMIUM_EXPENSE":null,"LOAN_DEPOSIT":null,"LOAN_EQUITY":null,"LOAN_ASSETS":null,"DEPOSIT_EQUITY":null,"DEPOSIT_ASSETS":null,"EQUITY_MULTIPLIER":1.389729309551,"EQUITY_RATIO":0.402926463709},{"SECUCODE":"01877.HK","SECURITY_CODE":"01877","SECURITY_NAME_ABBR":"君实生物","ORG_CODE":"10467984","STD_REPORT_DATE":"2023-06-30 00:00:00","REPORT_DATE":"2023-06-30 00:00:00","DATE_TYPE_CODE":"002","REPORT_TYPE":"2023年中报","PER_NETCASH_OPERATE":-1.246005499432,"PER_OI":0.679425668969,"BPS":8.635430118973,"BASIC_EPS":-1.01,"DILUTED_EPS":-1.01,"OPERATE_INCOME":669703000,"OPERATE_INCOME_YOY":-29.2105377206,"GROSS_PROFIT":381190000,"GROSS_PROFIT_YOY":-39.065854403215,"HOLDER_PROFIT":-996421000,"HOLDER_PROFIT_YOY":-9.3371329125,"GROSS_PROFIT_RATIO":56.919261224752,"EPS_TTM":-2.507034994174,"OPERATE_INCOME_QOQ":9.083127733889,"NET_PROFIT_RATIO":-168.0353828488,"ROE_AVG":-11.063187187758,"GROSS_PROFIT_QOQ":8.040235370154,"ROA":-8.175915339213,"HOLDER_PROFIT_QOQ":2.445411700889,"ROE_YEARLY":-22.126374375516,"ROIC_YEARLY":-30.804657328596,"TOTAL_ASSETS":11798257000,"TOTAL_LIABILITIES":2993966000,"TAX_EBT":4.294402351354,"OCF_SALES":-183.390995710039,"TOTAL_PARENT_EQUITY":8511856000,"DEBT_ASSET_RATIO":25.3763416071,"OPERATE_PROFIT":-1128979000,"PRETAX_PROFIT":-1175833000,"NETCASH_OPERATE":-1228175000,"NETCASH_INVEST":-160216000,"NETCASH_FINANCE":220116000,"END_CASH":4853762000,"DIVI_RATIO":null,"DIVIDEND_RATE":null,"CURRENT_RATIO":3.432259214533,"COMMON_ACS":null,"CURRENTDEBT_DEBT":62.396700563734,"ISSUED_COMMON_SHARES":985689871,"HK_COMMON_SHARES":219295700,"PER_SHARES":200,"TOTAL_MARKET_CAP":13543378827.54,"HKSK_MARKET_CAP":3013122918,"PE_TTM":-6.730176203023,"PB_TTM":1.97865764088,"REPORT_DATE_SQ":"2022-06-30 00:00:00","REPORT_TYPE_SQ":"2022年中报","OPERATE_INCOME_SQ":946049000,"DPS_HKD":null,"OPERATE_INCOME_QOQ_SQ":-6.014736385131,"NET_PROFIT_RATIO_SQ":-105.5294176094,"HOLDER_PROFIT_SQ":-911329000,"HOLDER_PROFIT_QOQ_SQ":-9.927550601362,"ROE_AVG_SQ":-12.06521176467,"PE_TTM_SQ":-8.338464141415,"PB_TTM_SQ":2.316031606199,"ROA_SQ":-8.698400229646,"START_DATE":"2023-01-01 00:00:00","FISCAL_YEAR":"12-31","CURRENCY":"HKD","IS_CNY_CODE":0,"DPS_HKD_LY":null,"ORG_TYPE":"一般企业","PREMIUM_INCOME":null,"PREMIUM_INCOME_YOY":null,"NET_INTEREST_INCOME":null,"NET_INTEREST_INCOME_YOY":null,"FEE_COMMISSION_INCOME":null,"FEE_COMMISSION_INCOME_YOY":null,"ACCOUNTS_RECE_TDAYS":1.867884770127,"INVENTORY_TDAYS":0.461048362353,"CURRENT_ASSETS_TDAYS":0.098363995385,"TOTAL_ASSETS_TDAYS":0.054951020005,"PREMIUM_EXPENSE":null,"LOAN_DEPOSIT":null,"LOAN_EQUITY":null,"LOAN_ASSETS":null,"DEPOSIT_EQUITY":null,"DEPOSIT_ASSETS":null,"EQUITY_MULTIPLIER":1.340057592372,"EQUITY_RATIO":0.351740677944},{"SECUCODE":"01877.HK","SECURITY_CODE":"01877","SECURITY_NAME_ABBR":"君实生物","ORG_CODE":"10467984","STD_REPORT_DATE":"2023-03-31 00:00:00","REPORT_DATE":"2023-03-31 00:00:00","DATE_TYPE_CODE":"003","REPORT_TYPE":"2023年一季报","PER_NETCASH_OPERATE":-0.730707483236,"PER_OI":0.258858825425,"BPS":9.079159430989,"BASIC_EPS":-0.55,"DILUTED_EPS":-0.55,"OPERATE_INCOME":255154522.24,"OPERATE_INCOME_YOY":-59.4683450996,"GROSS_PROFIT":169642018.01,"GROSS_PROFIT_YOY":-63.505604532383,"HOLDER_PROFIT":-543432303.73,"HOLDER_PROFIT_YOY":-37.0934640061,"GROSS_PROFIT_RATIO":66.485993084,"EPS_TTM":-2.569879118845,"OPERATE_INCOME_QOQ":-25.756203165065,"NET_PROFIT_RATIO":-250.6794467818,"ROE_AVG":-5.890657075974,"GROSS_PROFIT_QOQ":-31.837630305292,"ROA":-4.398976697687,"HOLDER_PROFIT_QOQ":-6.162308817816,"ROE_YEARLY":-23.562628303896,"ROIC_YEARLY":-33.246737407986,"TOTAL_ASSETS":12130928476.3,"TOTAL_LIABILITIES":2856550964.1,"TAX_EBT":-0.339801221101,"OCF_SALES":-282.280305505433,"TOTAL_PARENT_EQUITY":8949235488.32,"DEBT_ASSET_RATIO":23.5476696584,"OPERATE_PROFIT":-652347512.07,"PRETAX_PROFIT":-637453868.76,"NETCASH_OPERATE":-720250964.89,"NETCASH_INVEST":-492872825.63,"NETCASH_FINANCE":211453160.7,"END_CASH":4984627802.72,"DIVI_RATIO":null,"DIVIDEND_RATE":null,"CURRENT_RATIO":3.865303884592,"COMMON_ACS":null,"CURRENTDEBT_DEBT":61.507989422607,"ISSUED_COMMON_SHARES":985689871,"HK_COMMON_SHARES":219295700,"PER_SHARES":200,"TOTAL_MARKET_CAP":13543378827.54,"HKSK_MARKET_CAP":3013122918,"PE_TTM":-6.730176203023,"PB_TTM":1.97865764088,"REPORT_DATE_SQ":"2022-03-31 00:00:00","REPORT_TYPE_SQ":"2022年一季报","OPERATE_INCOME_SQ":629519132.31,"DPS_HKD":null,"OPERATE_INCOME_QOQ_SQ":-24.487835727175,"NET_PROFIT_RATIO_SQ":-66.9064018824,"HOLDER_PROFIT_SQ":-396395486.59,"HOLDER_PROFIT_QOQ_SQ":-107.67646362084,"ROE_AVG_SQ":-5.034909098285,"PE_TTM_SQ":-8.338464141415,"PB_TTM_SQ":2.316031606199,"ROA_SQ":-3.602949705537,"START_DATE":"2023-01-01 00:00:00","FISCAL_YEAR":"12-31","CURRENCY":"HKD","IS_CNY_CODE":0,"DPS_HKD_LY":null,"ORG_TYPE":"一般企业","PREMIUM_INCOME":null,"PREMIUM_INCOME_YOY":null,"NET_INTEREST_INCOME":null,"NET_INTEREST_INCOME_YOY":null,"FEE_COMMISSION_INCOME":null,"FEE_COMMISSION_INCOME_YOY":null,"ACCOUNTS_RECE_TDAYS":0.957782489594,"INVENTORY_TDAYS":0.145026962063,"CURRENT_ASSETS_TDAYS":0.036460356904,"TOTAL_ASSETS_TDAYS":0.020654252424,"PREMIUM_EXPENSE":null,"LOAN_DEPOSIT":null,"LOAN_EQUITY":null,"LOAN_ASSETS":null,"DEPOSIT_EQUITY":null,"DEPOSIT_ASSETS":null,"EQUITY_MULTIPLIER":1.308004603041,"EQUITY_RATIO":0.319194971216},{"SECUCODE":"01877.HK","SECURITY_CODE":"01877","SECURITY_NAME_ABBR":"君实生物","ORG_CODE":"10467984","STD_REPORT_DATE":"2022-12-31 00:00:00","REPORT_DATE":"2022-12-31 00:00:00","DATE_TYPE_CODE":"001","REPORT_TYPE":"2022年年报","PER_NETCASH_OPERATE":-1.806263328546,"PER_OI":1.478822809457,"BPS":9.639356434048,"BASIC_EPS":-2.6,"DILUTED_EPS":-2.6,"OPERATE_INCOME":1453493000,"OPERATE_INCOME_YOY":-63.886946093,"GROSS_PROFIT":927211000,"GROSS_PROFIT_YOY":-66.486195960897,"HOLDER_PROFIT":-2386067000,"HOLDER_PROFIT_YOY":-232.0637054541,"GROSS_PROFIT_RATIO":63.791913686547,"EPS_TTM":-2.427648639857,"OPERATE_INCOME_QOQ":-42.431958746307,"NET_PROFIT_RATIO":-177.6475703701,"ROE_AVG":-27.328180180422,"GROSS_PROFIT_QOQ":-41.663920391457,"ROA":-20.197793998952,"HOLDER_PROFIT_QOQ":-24.199287658926,"ROE_YEARLY":-27.328180180422,"ROIC_YEARLY":-35.450629327574,"TOTAL_ASSETS":12576286000,"TOTAL_LIABILITIES":2782036000,"TAX_EBT":3.48037269709,"OCF_SALES":-122.141971099964,"TOTAL_PARENT_EQUITY":9501416000,"DEBT_ASSET_RATIO":22.1212844555,"OPERATE_PROFIT":-2574753000,"PRETAX_PROFIT":-2675202000,"NETCASH_OPERATE":-1775325000,"NETCASH_INVEST":-467619000,"NETCASH_FINANCE":4643009000,"END_CASH":5996936000,"DIVI_RATIO":null,"DIVIDEND_RATE":null,"CURRENT_RATIO":4.060808091739,"COMMON_ACS":null,"CURRENTDEBT_DEBT":63.775378895169,"ISSUED_COMMON_SHARES":985689871,"HK_COMMON_SHARES":219295700,"PER_SHARES":200,"TOTAL_MARKET_CAP":10901729973.26,"HKSK_MARKET_CAP":2425410442,"PE_TTM":-5.417448966917,"PB_TTM":1.592718595934,"REPORT_DATE_SQ":"2021-12-31 00:00:00","REPORT_TYPE_SQ":"2021年年报","OPERATE_INCOME_SQ":4024841000,"DPS_HKD":null,"OPERATE_INCOME_QOQ_SQ":21.877510136881,"NET_PROFIT_RATIO_SQ":-18.092168113,"HOLDER_PROFIT_SQ":-718557000,"HOLDER_PROFIT_QOQ_SQ":23.728207062757,"ROE_AVG_SQ":-10.412235296982,"PE_TTM_SQ":-7.252242904592,"PB_TTM_SQ":2.014330636675,"ROA_SQ":-7.539320971437,"START_DATE":"2022-01-01 00:00:00","FISCAL_YEAR":"12-31","CURRENCY":"HKD","IS_CNY_CODE":0,"DPS_HKD_LY":null,"ORG_TYPE":"一般企业","PREMIUM_INCOME":null,"PREMIUM_INCOME_YOY":null,"NET_INTEREST_INCOME":null,"NET_INTEREST_INCOME_YOY":null,"FEE_COMMISSION_INCOME":null,"FEE_COMMISSION_INCOME_YOY":null,"ACCOUNTS_RECE_TDAYS":1.905398195402,"INVENTORY_TDAYS":0.971338714053,"CURRENT_ASSETS_TDAYS":0.222985762287,"TOTAL_ASSETS_TDAYS":0.123036579413,"PREMIUM_EXPENSE":null,"LOAN_DEPOSIT":null,"LOAN_EQUITY":null,"LOAN_ASSETS":null,"DEPOSIT_EQUITY":null,"DEPOSIT_ASSETS":null,"EQUITY_MULTIPLIER":1.284047885238,"EQUITY_RATIO":0.292802251791},{"SECUCODE":"01877.HK","SECURITY_CODE":"01877","SECURITY_NAME_ABBR":"君实生物","ORG_CODE":"10467984","STD_REPORT_DATE":"2022-09-30 00:00:00","REPORT_DATE":"2022-09-30 00:00:00","DATE_TYPE_CODE":"004","REPORT_TYPE":"2022年三季报","PER_NETCASH_OPERATE":-1.224508979425,"PER_OI":1.335063910923,"BPS":6.650917795279,"BASIC_EPS":-1.75,"DILUTED_EPS":-1.75,"OPERATE_INCOME":1218381861.73,"OPERATE_INCOME_YOY":-55.1801292316,"GROSS_PROFIT":791071773.25,"GROSS_PROFIT_YOY":-59.809309120393,"HOLDER_PROFIT":-1594729564.22,"HOLDER_PROFIT_YOY":-306.6874310031,"GROSS_PROFIT_RATIO":64.92806550212,"EPS_TTM":-2.105145707005,"OPERATE_INCOME_QOQ":-11.60940008059,"NET_PROFIT_RATIO":-142.3641477408,"ROE_AVG":-21.971048143168,"GROSS_PROFIT_QOQ":-8.743932442837,"ROA":-15.458984049205,"HOLDER_PROFIT_QOQ":-17.113908144865,"ROE_YEARLY":-29.294730857557,"ROIC_YEARLY":-23.904621500193,"TOTAL_ASSETS":9581031208.8,"TOTAL_LIABILITIES":2676684562.28,"TAX_EBT":-0.444809204005,"OCF_SALES":-91.719128156033,"TOTAL_PARENT_EQUITY":6555742303.66,"DEBT_ASSET_RATIO":27.9373326727,"OPERATE_PROFIT":-1798199465.06,"PRETAX_PROFIT":-1726857731.55,"NETCASH_OPERATE":-1117489221.19,"NETCASH_INVEST":-346336194.09,"NETCASH_FINANCE":853403119.61,"END_CASH":3001414742.11,"DIVI_RATIO":null,"DIVIDEND_RATE":null,"CURRENT_RATIO":2.60968031951,"COMMON_ACS":null,"CURRENTDEBT_DEBT":61.010809881496,"ISSUED_COMMON_SHARES":985689871,"HK_COMMON_SHARES":219295700,"PER_SHARES":200,"TOTAL_MARKET_CAP":13543378827.54,"HKSK_MARKET_CAP":3013122918,"PE_TTM":-6.730176203023,"PB_TTM":1.97865764088,"REPORT_DATE_SQ":"2021-09-30 00:00:00","REPORT_TYPE_SQ":"2021年三季报","OPERATE_INCOME_SQ":2718396641.58,"DPS_HKD":null,"OPERATE_INCOME_QOQ_SQ":5.358343827696,"NET_PROFIT_RATIO_SQ":-14.4249327192,"HOLDER_PROFIT_SQ":-392126592.23,"HOLDER_PROFIT_QOQ_SQ":10.887700672338,"ROE_AVG_SQ":-5.794516400439,"PE_TTM_SQ":-8.338464141415,"PB_TTM_SQ":2.316031606199,"ROA_SQ":-4.455398852,"START_DATE":"2022-01-01 00:00:00","FISCAL_YEAR":"12-31","CURRENCY":"HKD","IS_CNY_CODE":0,"DPS_HKD_LY":null,"ORG_TYPE":"一般企业","PREMIUM_INCOME":null,"PREMIUM_INCOME_YOY":null,"NET_INTEREST_INCOME":null,"NET_INTEREST_INCOME_YOY":null,"FEE_COMMISSION_INCOME":null,"FEE_COMMISSION_INCOME_YOY":null,"ACCOUNTS_RECE_TDAYS":1.539800026585,"INVENTORY_TDAYS":0.836319955915,"CURRENT_ASSETS_TDAYS":0.241418586467,"TOTAL_ASSETS_TDAYS":0.118107459653,"PREMIUM_EXPENSE":null,"LOAN_DEPOSIT":null,"LOAN_EQUITY":null,"LOAN_ASSETS":null,"DEPOSIT_EQUITY":null,"DEPOSIT_ASSETS":null,"EQUITY_MULTIPLIER":1.387681079661,"EQUITY_RATIO":0.408296183452}],"count":31},"success":true,"message":"ok","code":0}