{"version":"98c1ee372902098e1c1fc4b490c3b2ba","result":{"pages":2,"data":[{"SECUCODE":"01873.HK","SECURITY_CODE":"01873","SECURITY_NAME_ABBR":"维亚生物","ORG_CODE":"10953451","STD_REPORT_DATE":"2024-06-30 00:00:00","REPORT_DATE":"2024-06-30 00:00:00","DATE_TYPE_CODE":"002","REPORT_TYPE":"2024年中报","PER_NETCASH_OPERATE":0.070478567028,"PER_OI":0.454260806106,"BPS":1.777246875463,"BASIC_EPS":0.05,"DILUTED_EPS":0.05,"OPERATE_INCOME":981824000,"OPERATE_INCOME_YOY":-14.0397694242,"GROSS_PROFIT":339145000,"GROSS_PROFIT_YOY":-16.460164347929,"HOLDER_PROFIT":116808000,"HOLDER_PROFIT_YOY":11430.8983218164,"GROSS_PROFIT_RATIO":34.542341600939,"EPS_TTM":-0.000147129156,"OPERATE_INCOME_QOQ":-7.439303982505,"NET_PROFIT_RATIO":14.6907184994,"ROE_AVG":3.124627588224,"GROSS_PROFIT_QOQ":-9.049309889062,"ROA":1.596826906659,"HOLDER_PROFIT_QOQ":99.726128857234,"ROE_YEARLY":6.249255176448,"ROIC_YEARLY":3.724490145684,"TOTAL_ASSETS":7180102000,"TOTAL_LIABILITIES":3378411000,"TAX_EBT":22.250910972639,"OCF_SALES":15.515000651848,"TOTAL_PARENT_EQUITY":3788691000,"DEBT_ASSET_RATIO":47.0524095619,"OPERATE_PROFIT":216867000,"PRETAX_PROFIT":185516000,"NETCASH_OPERATE":152330000,"NETCASH_INVEST":201590000,"NETCASH_FINANCE":-354612000,"END_CASH":1035834000,"DIVI_RATIO":null,"DIVIDEND_RATE":null,"CURRENT_RATIO":1.653749499841,"COMMON_ACS":4000000000,"CURRENTDEBT_DEBT":34.546684817211,"ISSUED_COMMON_SHARES":2131775305,"HK_COMMON_SHARES":2131775305,"PER_SHARES":500,"TOTAL_MARKET_CAP":3155027451.4,"HKSK_MARKET_CAP":3155027451.4,"PE_TTM":-2535.92575735015,"PB_TTM":0.760033070616,"REPORT_DATE_SQ":"2023-06-30 00:00:00","REPORT_TYPE_SQ":"2023年中报","OPERATE_INCOME_SQ":1142184000,"DPS_HKD":null,"OPERATE_INCOME_QOQ_SQ":1.405133821168,"NET_PROFIT_RATIO_SQ":1.1958668656,"HOLDER_PROFIT_SQ":1013000,"HOLDER_PROFIT_QOQ_SQ":17.449075169119,"ROE_AVG_SQ":0.027963858438,"PE_TTM_SQ":-2.680068695268,"PB_TTM_SQ":0.328441289065,"ROA_SQ":0.012608596673,"START_DATE":"2024-01-01 00:00:00","FISCAL_YEAR":"12-31","CURRENCY":"HKD","IS_CNY_CODE":0,"DPS_HKD_LY":null,"ORG_TYPE":"一般企业","PREMIUM_INCOME":null,"PREMIUM_INCOME_YOY":null,"NET_INTEREST_INCOME":null,"NET_INTEREST_INCOME_YOY":null,"FEE_COMMISSION_INCOME":null,"FEE_COMMISSION_INCOME_YOY":null,"ACCOUNTS_RECE_TDAYS":2.299030581183,"INVENTORY_TDAYS":2.649064738712,"CURRENT_ASSETS_TDAYS":0.495738384982,"TOTAL_ASSETS_TDAYS":0.134220514075,"PREMIUM_EXPENSE":null,"LOAN_DEPOSIT":null,"LOAN_EQUITY":null,"LOAN_ASSETS":null,"DEPOSIT_EQUITY":null,"DEPOSIT_ASSETS":null,"EQUITY_MULTIPLIER":1.888660072585,"EQUITY_RATIO":0.891709300125},{"SECUCODE":"01873.HK","SECURITY_CODE":"01873","SECURITY_NAME_ABBR":"维亚生物","ORG_CODE":"10953451","STD_REPORT_DATE":"2023-12-31 00:00:00","REPORT_DATE":"2023-12-31 00:00:00","DATE_TYPE_CODE":"001","REPORT_TYPE":"2023年年报","PER_NETCASH_OPERATE":0.177390106949,"PER_OI":0.99732192318,"BPS":1.729972193294,"BASIC_EPS":-0.06,"DILUTED_EPS":-0.14,"OPERATE_INCOME":2155578000,"OPERATE_INCOME_YOY":-9.4154513872,"GROSS_PROFIT":738432000,"GROSS_PROFIT_YOY":-9.470269554567,"HOLDER_PROFIT":-116113000,"HOLDER_PROFIT_YOY":78.028667392,"GROSS_PROFIT_RATIO":34.256797944681,"EPS_TTM":-0.053722036719,"OPERATE_INCOME_QOQ":-10.670648319898,"NET_PROFIT_RATIO":-4.6293847868,"ROE_AVG":-3.184394757115,"GROSS_PROFIT_QOQ":-15.769013602532,"ROA":-1.510828965139,"HOLDER_PROFIT_QOQ":73.384510648442,"ROE_YEARLY":-3.184394757115,"ROIC_YEARLY":-1.700557327849,"TOTAL_ASSETS":7449912000,"TOTAL_LIABILITIES":3762000000,"TAX_EBT":-78.346111915358,"OCF_SALES":17.786644695761,"TOTAL_PARENT_EQUITY":3687912000,"DEBT_ASSET_RATIO":50.4972407728,"OPERATE_PROFIT":120629000,"PRETAX_PROFIT":-55953000,"NETCASH_OPERATE":383405000,"NETCASH_INVEST":439174000,"NETCASH_FINANCE":-429502000,"END_CASH":1036322000,"DIVI_RATIO":null,"DIVIDEND_RATE":null,"CURRENT_RATIO":1.323782507636,"COMMON_ACS":4000000000,"CURRENTDEBT_DEBT":40.78091440723,"ISSUED_COMMON_SHARES":2131775305,"HK_COMMON_SHARES":2131775305,"PER_SHARES":500,"TOTAL_MARKET_CAP":1684102490.95,"HKSK_MARKET_CAP":1684102490.95,"PE_TTM":-1353.63604615312,"PB_TTM":0.405693328234,"REPORT_DATE_SQ":"2022-12-31 00:00:00","REPORT_TYPE_SQ":"2022年年报","OPERATE_INCOME_SQ":2379631000,"DPS_HKD":null,"OPERATE_INCOME_QOQ_SQ":8.838906703733,"NET_PROFIT_RATIO_SQ":-21.1889994709,"HOLDER_PROFIT_SQ":-528475000,"HOLDER_PROFIT_QOQ_SQ":-574.713676173366,"ROE_AVG_SQ":-14.058794344825,"PE_TTM_SQ":-3.930767419727,"PB_TTM_SQ":0.481713890629,"ROA_SQ":-6.620165476891,"START_DATE":"2023-01-01 00:00:00","FISCAL_YEAR":"12-31","CURRENCY":"HKD","IS_CNY_CODE":0,"DPS_HKD_LY":null,"ORG_TYPE":"一般企业","PREMIUM_INCOME":null,"PREMIUM_INCOME_YOY":null,"NET_INTEREST_INCOME":null,"NET_INTEREST_INCOME_YOY":null,"FEE_COMMISSION_INCOME":null,"FEE_COMMISSION_INCOME_YOY":null,"ACCOUNTS_RECE_TDAYS":5.05189518312,"INVENTORY_TDAYS":4.838839207974,"CURRENT_ASSETS_TDAYS":1.086008728564,"TOTAL_ASSETS_TDAYS":0.280477610519,"PREMIUM_EXPENSE":null,"LOAN_DEPOSIT":null,"LOAN_EQUITY":null,"LOAN_ASSETS":null,"DEPOSIT_EQUITY":null,"DEPOSIT_ASSETS":null,"EQUITY_MULTIPLIER":2.020089416451,"EQUITY_RATIO":1.02008941645},{"SECUCODE":"01873.HK","SECURITY_CODE":"01873","SECURITY_NAME_ABBR":"维亚生物","ORG_CODE":"10953451","STD_REPORT_DATE":"2023-06-30 00:00:00","REPORT_DATE":"2023-06-30 00:00:00","DATE_TYPE_CODE":"002","REPORT_TYPE":"2023年中报","PER_NETCASH_OPERATE":0.164053210347,"PER_OI":0.59026474176,"BPS":1.707662149694,"BASIC_EPS":0.001,"DILUTED_EPS":0.001,"OPERATE_INCOME":1142184000,"OPERATE_INCOME_YOY":3.015746604,"GROSS_PROFIT":405968000,"GROSS_PROFIT_YOY":17.681435015016,"HOLDER_PROFIT":1013000,"HOLDER_PROFIT_YOY":101.1107334349,"GROSS_PROFIT_RATIO":35.54313490646,"EPS_TTM":-0.225453592858,"OPERATE_INCOME_QOQ":1.405133821168,"NET_PROFIT_RATIO":1.1958668656,"ROE_AVG":0.027963858438,"GROSS_PROFIT_QOQ":7.477941690297,"ROA":0.012608596673,"HOLDER_PROFIT_QOQ":17.449075169119,"ROE_YEARLY":0.055927716877,"ROIC_YEARLY":0.028303560577,"TOTAL_ASSETS":8147547000,"TOTAL_LIABILITIES":4507195000,"TAX_EBT":62.834675663909,"OCF_SALES":27.793157669868,"TOTAL_PARENT_EQUITY":3640352000,"DEBT_ASSET_RATIO":55.3196563334,"OPERATE_PROFIT":124736000,"PRETAX_PROFIT":36752000,"NETCASH_OPERATE":317449000,"NETCASH_INVEST":-91425000,"NETCASH_FINANCE":140654000,"END_CASH":1073613000,"DIVI_RATIO":null,"DIVIDEND_RATE":null,"CURRENT_RATIO":0.688574686894,"COMMON_ACS":4000000000,"CURRENTDEBT_DEBT":69.960230254072,"ISSUED_COMMON_SHARES":2131775305,"HK_COMMON_SHARES":2131775305,"PER_SHARES":500,"TOTAL_MARKET_CAP":1684102490.95,"HKSK_MARKET_CAP":1684102490.95,"PE_TTM":-1353.63604615312,"PB_TTM":0.405693328234,"REPORT_DATE_SQ":"2022-06-30 00:00:00","REPORT_TYPE_SQ":"2022年中报","OPERATE_INCOME_SQ":1108747000,"DPS_HKD":null,"OPERATE_INCOME_QOQ_SQ":3.911252550398,"NET_PROFIT_RATIO_SQ":-7.6861538295,"HOLDER_PROFIT_SQ":-91201000,"HOLDER_PROFIT_QOQ_SQ":-61.284455356708,"ROE_AVG_SQ":-2.325351033004,"PE_TTM_SQ":-3.930767419727,"PB_TTM_SQ":0.481713890629,"ROA_SQ":-1.126124429705,"START_DATE":"2023-01-01 00:00:00","FISCAL_YEAR":"12-31","CURRENCY":"HKD","IS_CNY_CODE":0,"DPS_HKD_LY":null,"ORG_TYPE":"一般企业","PREMIUM_INCOME":null,"PREMIUM_INCOME_YOY":null,"NET_INTEREST_INCOME":null,"NET_INTEREST_INCOME_YOY":null,"FEE_COMMISSION_INCOME":null,"FEE_COMMISSION_INCOME_YOY":null,"ACCOUNTS_RECE_TDAYS":2.887171975182,"INVENTORY_TDAYS":2.439671470018,"CURRENT_ASSETS_TDAYS":0.555800402477,"TOTAL_ASSETS_TDAYS":0.142165225889,"PREMIUM_EXPENSE":null,"LOAN_DEPOSIT":null,"LOAN_EQUITY":null,"LOAN_ASSETS":null,"DEPOSIT_EQUITY":null,"DEPOSIT_ASSETS":null,"EQUITY_MULTIPLIER":2.238120654268,"EQUITY_RATIO":1.238120654266},{"SECUCODE":"01873.HK","SECURITY_CODE":"01873","SECURITY_NAME_ABBR":"维亚生物","ORG_CODE":"10953451","STD_REPORT_DATE":"2022-12-31 00:00:00","REPORT_DATE":"2022-12-31 00:00:00","DATE_TYPE_CODE":"001","REPORT_TYPE":"2022年年报","PER_NETCASH_OPERATE":0.19950576599,"PER_OI":1.22976007167,"BPS":1.690944627956,"BASIC_EPS":-0.28,"DILUTED_EPS":-0.28,"OPERATE_INCOME":2379631000,"OPERATE_INCOME_YOY":13.095871218,"GROSS_PROFIT":815679000,"GROSS_PROFIT_YOY":25.299970352437,"HOLDER_PROFIT":-528475000,"HOLDER_PROFIT_YOY":-283.7879852267,"GROSS_PROFIT_RATIO":34.277541349898,"EPS_TTM":-0.273108500383,"OPERATE_INCOME_QOQ":8.838906703733,"NET_PROFIT_RATIO":-21.1889994709,"ROE_AVG":-14.058794344825,"GROSS_PROFIT_QOQ":20.009622203455,"ROA":-6.620165476891,"HOLDER_PROFIT_QOQ":-574.713676173366,"ROE_YEARLY":-14.058794344825,"ROIC_YEARLY":-7.296306244532,"TOTAL_ASSETS":7920855000,"TOTAL_LIABILITIES":4316141000,"TAX_EBT":-9.812376814435,"OCF_SALES":16.223145521301,"TOTAL_PARENT_EQUITY":3604714000,"DEBT_ASSET_RATIO":54.4908472633,"OPERATE_PROFIT":-274491000,"PRETAX_PROFIT":-459165000,"NETCASH_OPERATE":386051000,"NETCASH_INVEST":-372804000,"NETCASH_FINANCE":-143196000,"END_CASH":678569000,"DIVI_RATIO":null,"DIVIDEND_RATE":null,"CURRENT_RATIO":0.725450196198,"COMMON_ACS":4000000000,"CURRENTDEBT_DEBT":61.920057755296,"ISSUED_COMMON_SHARES":2131775305,"HK_COMMON_SHARES":2131775305,"PER_SHARES":500,"TOTAL_MARKET_CAP":1684102490.95,"HKSK_MARKET_CAP":1684102490.95,"PE_TTM":-1353.63604615312,"PB_TTM":0.405693328234,"REPORT_DATE_SQ":"2021-12-31 00:00:00","REPORT_TYPE_SQ":"2021年年报","OPERATE_INCOME_SQ":2104083000,"DPS_HKD":null,"OPERATE_INCOME_QOQ_SQ":37.895615039991,"NET_PROFIT_RATIO_SQ":14.2846075939,"HOLDER_PROFIT_SQ":287546000,"HOLDER_PROFIT_QOQ_SQ":25.889182704937,"ROE_AVG_SQ":7.497757225476,"PE_TTM_SQ":-3.930767419727,"PB_TTM_SQ":0.481713890629,"ROA_SQ":3.55020526781,"START_DATE":"2022-01-01 00:00:00","FISCAL_YEAR":"12-31","CURRENCY":"HKD","IS_CNY_CODE":0,"DPS_HKD_LY":null,"ORG_TYPE":"一般企业","PREMIUM_INCOME":null,"PREMIUM_INCOME_YOY":null,"NET_INTEREST_INCOME":null,"NET_INTEREST_INCOME_YOY":null,"FEE_COMMISSION_INCOME":null,"FEE_COMMISSION_INCOME_YOY":null,"ACCOUNTS_RECE_TDAYS":5.434982504865,"INVENTORY_TDAYS":5.608055192989,"CURRENT_ASSETS_TDAYS":1.213295188488,"TOTAL_ASSETS_TDAYS":0.298094536051,"PREMIUM_EXPENSE":null,"LOAN_DEPOSIT":null,"LOAN_EQUITY":null,"LOAN_ASSETS":null,"DEPOSIT_EQUITY":null,"DEPOSIT_ASSETS":null,"EQUITY_MULTIPLIER":2.19736017892,"EQUITY_RATIO":1.197360178921},{"SECUCODE":"01873.HK","SECURITY_CODE":"01873","SECURITY_NAME_ABBR":"维亚生物","ORG_CODE":"10953451","STD_REPORT_DATE":"2022-06-30 00:00:00","REPORT_DATE":"2022-06-30 00:00:00","DATE_TYPE_CODE":"002","REPORT_TYPE":"2022年中报","PER_NETCASH_OPERATE":0.047863172298,"PER_OI":0.572984967074,"BPS":1.843865528783,"BASIC_EPS":-0.05,"DILUTED_EPS":-0.05,"OPERATE_INCOME":1108747000,"OPERATE_INCOME_YOY":8.0175283574,"GROSS_PROFIT":344972000,"GROSS_PROFIT_YOY":9.073432930203,"HOLDER_PROFIT":-91201000,"HOLDER_PROFIT_YOY":-207.2700541049,"GROSS_PROFIT_RATIO":31.113680578166,"EPS_TTM":0.057531205459,"OPERATE_INCOME_QOQ":3.911252550398,"NET_PROFIT_RATIO":-7.6861538295,"ROE_AVG":-2.325351033004,"GROSS_PROFIT_QOQ":4.40826998023,"ROA":-1.126124429705,"HOLDER_PROFIT_QOQ":-61.284455356708,"ROE_YEARLY":-4.650702066008,"ROIC_YEARLY":-2.484333479976,"TOTAL_ASSETS":8152564000,"TOTAL_LIABILITIES":4221857000,"TAX_EBT":-34.259696883763,"OCF_SALES":8.353303323481,"TOTAL_PARENT_EQUITY":3930707000,"DEBT_ASSET_RATIO":51.7856345562,"OPERATE_PROFIT":25625000,"PRETAX_PROFIT":-63474000,"NETCASH_OPERATE":92617000,"NETCASH_INVEST":-180047000,"NETCASH_FINANCE":-16547000,"END_CASH":712195000,"DIVI_RATIO":null,"DIVIDEND_RATE":null,"CURRENT_RATIO":1.732414013275,"COMMON_ACS":4000000000,"CURRENTDEBT_DEBT":26.709691967303,"ISSUED_COMMON_SHARES":2131775305,"HK_COMMON_SHARES":2131775305,"PER_SHARES":500,"TOTAL_MARKET_CAP":1684102490.95,"HKSK_MARKET_CAP":1684102490.95,"PE_TTM":-1353.63604615312,"PB_TTM":0.405693328234,"REPORT_DATE_SQ":"2021-06-30 00:00:00","REPORT_TYPE_SQ":"2021年中报","OPERATE_INCOME_SQ":1026451000,"DPS_HKD":null,"OPERATE_INCOME_QOQ_SQ":118.930265525326,"NET_PROFIT_RATIO_SQ":9.3333242405,"HOLDER_PROFIT_SQ":85020000,"HOLDER_PROFIT_QOQ_SQ":159.039495450786,"ROE_AVG_SQ":2.25185645064,"PE_TTM_SQ":-3.930767419727,"PB_TTM_SQ":0.481713890629,"ROA_SQ":1.058801596496,"START_DATE":"2022-01-01 00:00:00","FISCAL_YEAR":"12-31","CURRENCY":"HKD","IS_CNY_CODE":0,"DPS_HKD_LY":null,"ORG_TYPE":"一般企业","PREMIUM_INCOME":null,"PREMIUM_INCOME_YOY":null,"NET_INTEREST_INCOME":null,"NET_INTEREST_INCOME_YOY":null,"FEE_COMMISSION_INCOME":null,"FEE_COMMISSION_INCOME_YOY":null,"ACCOUNTS_RECE_TDAYS":2.437594123816,"INVENTORY_TDAYS":3.162210390342,"CURRENT_ASSETS_TDAYS":0.563196966068,"TOTAL_ASSETS_TDAYS":0.136904977255,"PREMIUM_EXPENSE":null,"LOAN_DEPOSIT":null,"LOAN_EQUITY":null,"LOAN_ASSETS":null,"DEPOSIT_EQUITY":null,"DEPOSIT_ASSETS":null,"EQUITY_MULTIPLIER":2.074070644289,"EQUITY_RATIO":1.074070644289},{"SECUCODE":"01873.HK","SECURITY_CODE":"01873","SECURITY_NAME_ABBR":"维亚生物","ORG_CODE":"10953451","STD_REPORT_DATE":"2021-12-31 00:00:00","REPORT_DATE":"2021-12-31 00:00:00","DATE_TYPE_CODE":"001","REPORT_TYPE":"2021年年报","PER_NETCASH_OPERATE":0.040221457183,"PER_OI":1.087360713018,"BPS":1.835726303247,"BASIC_EPS":0.15,"DILUTED_EPS":0.08,"OPERATE_INCOME":2104083000,"OPERATE_INCOME_YOY":201.8952361548,"GROSS_PROFIT":650981000,"GROSS_PROFIT_YOY":113.530206713769,"HOLDER_PROFIT":287546000,"HOLDER_PROFIT_YOY":174.3243382961,"GROSS_PROFIT_RATIO":30.938941096905,"EPS_TTM":0.148599757512,"OPERATE_INCOME_QOQ":37.895615039991,"NET_PROFIT_RATIO":14.2846075939,"ROE_AVG":7.497757225476,"GROSS_PROFIT_QOQ":24.94285281072,"ROA":3.55020526781,"HOLDER_PROFIT_QOQ":25.889182704937,"ROE_YEARLY":7.497757225476,"ROIC_YEARLY":4.393557279269,"TOTAL_ASSETS":8044758000,"TOTAL_LIABILITIES":4131402000,"TAX_EBT":13.557913264558,"OCF_SALES":3.698998566121,"TOTAL_PARENT_EQUITY":3913356000,"DEBT_ASSET_RATIO":51.3552054642,"OPERATE_PROFIT":530809000,"PRETAX_PROFIT":347701000,"NETCASH_OPERATE":77830000,"NETCASH_INVEST":-868835000,"NETCASH_FINANCE":-653159000,"END_CASH":800947000,"DIVI_RATIO":null,"DIVIDEND_RATE":null,"CURRENT_RATIO":2.140922271998,"COMMON_ACS":4000000000,"CURRENTDEBT_DEBT":22.428294317522,"ISSUED_COMMON_SHARES":2131775305,"HK_COMMON_SHARES":2131775305,"PER_SHARES":500,"TOTAL_MARKET_CAP":1684102490.95,"HKSK_MARKET_CAP":1684102490.95,"PE_TTM":-1353.63604615312,"PB_TTM":0.405693328234,"REPORT_DATE_SQ":"2020-12-31 00:00:00","REPORT_TYPE_SQ":"2020年年报","OPERATE_INCOME_SQ":696958000,"DPS_HKD":null,"OPERATE_INCOME_QOQ_SQ":84.247355745718,"NET_PROFIT_RATIO_SQ":-54.360521007,"HOLDER_PROFIT_SQ":-386880000,"HOLDER_PROFIT_QOQ_SQ":-24.440327312027,"ROE_AVG_SQ":-13.981361437238,"PE_TTM_SQ":-3.930767419727,"PB_TTM_SQ":0.481713890629,"ROA_SQ":-7.696910283785,"START_DATE":"2021-01-01 00:00:00","FISCAL_YEAR":"12-31","CURRENCY":"HKD","IS_CNY_CODE":0,"DPS_HKD_LY":0.01,"ORG_TYPE":"一般企业","PREMIUM_INCOME":null,"PREMIUM_INCOME_YOY":null,"NET_INTEREST_INCOME":null,"NET_INTEREST_INCOME_YOY":null,"FEE_COMMISSION_INCOME":null,"FEE_COMMISSION_INCOME_YOY":null,"ACCOUNTS_RECE_TDAYS":5.609294960231,"INVENTORY_TDAYS":7.330272961616,"CURRENT_ASSETS_TDAYS":0.788735989852,"TOTAL_ASSETS_TDAYS":0.259781967077,"PREMIUM_EXPENSE":null,"LOAN_DEPOSIT":null,"LOAN_EQUITY":null,"LOAN_ASSETS":null,"DEPOSIT_EQUITY":null,"DEPOSIT_ASSETS":null,"EQUITY_MULTIPLIER":2.055718416621,"EQUITY_RATIO":1.055718416622},{"SECUCODE":"01873.HK","SECURITY_CODE":"01873","SECURITY_NAME_ABBR":"维亚生物","ORG_CODE":"10953451","STD_REPORT_DATE":"2021-06-30 00:00:00","REPORT_DATE":"2021-06-30 00:00:00","DATE_TYPE_CODE":"002","REPORT_TYPE":"2021年中报","PER_NETCASH_OPERATE":0.014419276935,"PER_OI":0.532686025897,"BPS":1.77986488121,"BASIC_EPS":0.04,"DILUTED_EPS":0.04,"OPERATE_INCOME":1026451000,"OPERATE_INCOME_YOY":419.5720728701,"GROSS_PROFIT":316275000,"GROSS_PROFIT_YOY":215.902235362273,"HOLDER_PROFIT":85020000,"HOLDER_PROFIT_YOY":116.0332810331,"GROSS_PROFIT_RATIO":30.812479114931,"EPS_TTM":0.118536472318,"OPERATE_INCOME_QOQ":118.930265525326,"NET_PROFIT_RATIO":9.3333242405,"ROE_AVG":2.25185645064,"GROSS_PROFIT_QOQ":70.902298058819,"ROA":1.058801596496,"HOLDER_PROFIT_QOQ":159.039495450786,"ROE_YEARLY":4.503712901281,"ROIC_YEARLY":2.599559386609,"TOTAL_ASSETS":7905586000,"TOTAL_LIABILITIES":4111314000,"TAX_EBT":21.508512625559,"OCF_SALES":2.706899793561,"TOTAL_PARENT_EQUITY":3794272000,"DEBT_ASSET_RATIO":52.0051770988,"OPERATE_PROFIT":226800000,"PRETAX_PROFIT":122054000,"NETCASH_OPERATE":18106000,"NETCASH_INVEST":-851460000,"NETCASH_FINANCE":-776109000,"END_CASH":668997000,"DIVI_RATIO":null,"DIVIDEND_RATE":null,"CURRENT_RATIO":2.25666351116,"COMMON_ACS":4000000000,"CURRENTDEBT_DEBT":24.357760073787,"ISSUED_COMMON_SHARES":2131775305,"HK_COMMON_SHARES":2131775305,"PER_SHARES":500,"TOTAL_MARKET_CAP":1684102490.95,"HKSK_MARKET_CAP":1684102490.95,"PE_TTM":-1353.63604615312,"PB_TTM":0.405693328234,"REPORT_DATE_SQ":"2020-06-30 00:00:00","REPORT_TYPE_SQ":"2020年中报","OPERATE_INCOME_SQ":197557000,"DPS_HKD":null,"OPERATE_INCOME_QOQ_SQ":17.091720656107,"NET_PROFIT_RATIO_SQ":-268.4146853819,"HOLDER_PROFIT_SQ":-530272000,"HOLDER_PROFIT_QOQ_SQ":-216.93446470482,"ROE_AVG_SQ":-28.849375241762,"PE_TTM_SQ":-3.930767419727,"PB_TTM_SQ":0.481713890629,"ROA_SQ":-20.40752551364,"START_DATE":"2021-01-01 00:00:00","FISCAL_YEAR":"12-31","CURRENCY":"HKD","IS_CNY_CODE":0,"DPS_HKD_LY":0.01,"ORG_TYPE":"一般企业","PREMIUM_INCOME":null,"PREMIUM_INCOME_YOY":null,"NET_INTEREST_INCOME":null,"NET_INTEREST_INCOME_YOY":null,"FEE_COMMISSION_INCOME":null,"FEE_COMMISSION_INCOME_YOY":null,"ACCOUNTS_RECE_TDAYS":2.705141331604,"INVENTORY_TDAYS":4.534200789777,"CURRENT_ASSETS_TDAYS":0.365843518068,"TOTAL_ASSETS_TDAYS":0.127829682137,"PREMIUM_EXPENSE":null,"LOAN_DEPOSIT":null,"LOAN_EQUITY":null,"LOAN_ASSETS":null,"DEPOSIT_EQUITY":null,"DEPOSIT_ASSETS":null,"EQUITY_MULTIPLIER":2.08355805804,"EQUITY_RATIO":1.083558058041},{"SECUCODE":"01873.HK","SECURITY_CODE":"01873","SECURITY_NAME_ABBR":"维亚生物","ORG_CODE":"10953451","STD_REPORT_DATE":"2020-12-31 00:00:00","REPORT_DATE":"2020-12-31 00:00:00","DATE_TYPE_CODE":"001","REPORT_TYPE":"2020年年报","PER_NETCASH_OPERATE":0.016771637157,"PER_OI":0.363400071193,"BPS":1.762301585532,"BASIC_EPS":-0.25,"DILUTED_EPS":-0.25,"OPERATE_INCOME":696958000,"OPERATE_INCOME_YOY":115.738399106,"GROSS_PROFIT":304866000,"GROSS_PROFIT_YOY":95.586150263355,"HOLDER_PROFIT":-386880000,"HOLDER_PROFIT_YOY":-245.5136306192,"GROSS_PROFIT_RATIO":43.742377589467,"EPS_TTM":-0.201722656951,"OPERATE_INCOME_QOQ":84.247355745718,"NET_PROFIT_RATIO":-54.360521007,"ROE_AVG":-13.981361437238,"GROSS_PROFIT_QOQ":65.59804454101,"ROA":-7.696910283785,"HOLDER_PROFIT_QOQ":-24.440327312027,"ROE_YEARLY":-13.981361437238,"ROIC_YEARLY":-11.311748189632,"TOTAL_ASSETS":8154080000,"TOTAL_LIABILITIES":4397249000,"TAX_EBT":-6.361416018641,"OCF_SALES":4.615199194213,"TOTAL_PARENT_EQUITY":3756831000,"DEBT_ASSET_RATIO":53.9269788866,"OPERATE_PROFIT":253459000,"PRETAX_PROFIT":-356210000,"NETCASH_OPERATE":43181000,"NETCASH_INVEST":-3849156000,"NETCASH_FINANCE":5307241000,"END_CASH":2308452000,"DIVI_RATIO":null,"DIVIDEND_RATE":null,"CURRENT_RATIO":4.555758544569,"COMMON_ACS":4000000000,"CURRENTDEBT_DEBT":16.730278408159,"ISSUED_COMMON_SHARES":2131775305,"HK_COMMON_SHARES":2131775305,"PER_SHARES":500,"TOTAL_MARKET_CAP":1684102490.95,"HKSK_MARKET_CAP":1684102490.95,"PE_TTM":-1353.63604615312,"PB_TTM":0.405693328234,"REPORT_DATE_SQ":"2019-12-31 00:00:00","REPORT_TYPE_SQ":"2019年年报","OPERATE_INCOME_SQ":323057000,"DPS_HKD":null,"OPERATE_INCOME_QOQ_SQ":17.478690289172,"NET_PROFIT_RATIO_SQ":82.2987893777,"HOLDER_PROFIT_SQ":265872000,"HOLDER_PROFIT_QOQ_SQ":208.293135435993,"ROE_AVG_SQ":26.209314109174,"PE_TTM_SQ":-3.930767419727,"PB_TTM_SQ":0.481713890629,"ROA_SQ":21.899375814415,"START_DATE":"2020-01-01 00:00:00","FISCAL_YEAR":"12-31","CURRENCY":"HKD","IS_CNY_CODE":0,"DPS_HKD_LY":0.032,"ORG_TYPE":"一般企业","PREMIUM_INCOME":null,"PREMIUM_INCOME_YOY":null,"NET_INTEREST_INCOME":null,"NET_INTEREST_INCOME_YOY":null,"FEE_COMMISSION_INCOME":null,"FEE_COMMISSION_INCOME_YOY":null,"ACCOUNTS_RECE_TDAYS":3.687462137746,"INVENTORY_TDAYS":4.525661520704,"CURRENT_ASSETS_TDAYS":0.313523483064,"TOTAL_ASSETS_TDAYS":0.138658581409,"PREMIUM_EXPENSE":null,"LOAN_DEPOSIT":null,"LOAN_EQUITY":null,"LOAN_ASSETS":null,"DEPOSIT_EQUITY":null,"DEPOSIT_ASSETS":null,"EQUITY_MULTIPLIER":2.170467609534,"EQUITY_RATIO":1.170467609536},{"SECUCODE":"01873.HK","SECURITY_CODE":"01873","SECURITY_NAME_ABBR":"维亚生物","ORG_CODE":"10953451","STD_REPORT_DATE":"2020-06-30 00:00:00","REPORT_DATE":"2020-06-30 00:00:00","DATE_TYPE_CODE":"002","REPORT_TYPE":"2020年中报","PER_NETCASH_OPERATE":0.012411421939,"PER_OI":0.117117084634,"BPS":0.890688617861,"BASIC_EPS":-0.38,"DILUTED_EPS":-0.38,"OPERATE_INCOME":197557000,"OPERATE_INCOME_YOY":38.791353159,"GROSS_PROFIT":100118000,"GROSS_PROFIT_YOY":39.263607405656,"HOLDER_PROFIT":-530272000,"HOLDER_PROFIT_YOY":-1240.4679972471,"GROSS_PROFIT_RATIO":50.678032162869,"EPS_TTM":-0.18430748161,"OPERATE_INCOME_QOQ":17.091720656107,"NET_PROFIT_RATIO":-268.4146853819,"ROE_AVG":-28.849375241762,"GROSS_PROFIT_QOQ":18.108973330853,"ROA":-20.40752551364,"HOLDER_PROFIT_QOQ":-216.93446470482,"ROE_YEARLY":-57.698750483523,"ROIC_YEARLY":-87.810859695163,"TOTAL_ASSETS":3298043000,"TOTAL_LIABILITIES":1399295000,"TAX_EBT":-1.508251450536,"OCF_SALES":10.597447825185,"TOTAL_PARENT_EQUITY":1898748000,"DEBT_ASSET_RATIO":42.4280399012,"OPERATE_PROFIT":-483478000,"PRETAX_PROFIT":-522393000,"NETCASH_OPERATE":20936000,"NETCASH_INVEST":-651294000,"NETCASH_FINANCE":1240337000,"END_CASH":1521285000,"DIVI_RATIO":null,"DIVIDEND_RATE":null,"CURRENT_RATIO":16.205341303797,"COMMON_ACS":4000000000,"CURRENTDEBT_DEBT":9.587828156322,"ISSUED_COMMON_SHARES":2131775305,"HK_COMMON_SHARES":2131775305,"PER_SHARES":500,"TOTAL_MARKET_CAP":1684102490.95,"HKSK_MARKET_CAP":1684102490.95,"PE_TTM":-1353.63604615312,"PB_TTM":0.405693328234,"REPORT_DATE_SQ":"2019-06-30 00:00:00","REPORT_TYPE_SQ":"2019年中报","OPERATE_INCOME_SQ":142341000,"DPS_HKD":null,"OPERATE_INCOME_QOQ_SQ":30.927997029038,"NET_PROFIT_RATIO_SQ":32.6652194378,"HOLDER_PROFIT_SQ":46496000,"HOLDER_PROFIT_QOQ_SQ":-4.759801214798,"ROE_AVG_SQ":4.781544324873,"PE_TTM_SQ":-3.930767419727,"PB_TTM_SQ":0.481713890629,"ROA_SQ":3.971988663909,"START_DATE":"2020-01-01 00:00:00","FISCAL_YEAR":"12-31","CURRENCY":"HKD","IS_CNY_CODE":0,"DPS_HKD_LY":0.032,"ORG_TYPE":"一般企业","PREMIUM_INCOME":null,"PREMIUM_INCOME_YOY":null,"NET_INTEREST_INCOME":null,"NET_INTEREST_INCOME_YOY":null,"FEE_COMMISSION_INCOME":null,"FEE_COMMISSION_INCOME_YOY":null,"ACCOUNTS_RECE_TDAYS":3.107536945425,"INVENTORY_TDAYS":10.708170778614,"CURRENT_ASSETS_TDAYS":0.120882943504,"TOTAL_ASSETS_TDAYS":0.076029839741,"PREMIUM_EXPENSE":null,"LOAN_DEPOSIT":null,"LOAN_EQUITY":null,"LOAN_ASSETS":null,"DEPOSIT_EQUITY":null,"DEPOSIT_ASSETS":null,"EQUITY_MULTIPLIER":1.736956668288,"EQUITY_RATIO":0.736956668289}],"count":16},"success":true,"message":"ok","code":0}