{"version":"d400196afbde7cbc030d5e100bc58e8c","result":{"pages":2,"data":[{"SECUCODE":"01871.HK","SECURITY_CODE":"01871","SECURITY_NAME_ABBR":"向中国际","ORG_CODE":"10676908","STD_REPORT_DATE":"2024-06-30 00:00:00","REPORT_DATE":"2024-06-30 00:00:00","DATE_TYPE_CODE":"002","REPORT_TYPE":"2024年中报","PER_NETCASH_OPERATE":0.008452645386,"PER_OI":0.041625551103,"BPS":0.44231305556,"BASIC_EPS":-0.0056,"DILUTED_EPS":-0.0056,"OPERATE_INCOME":18147000,"OPERATE_INCOME_YOY":-22.5314834578,"GROSS_PROFIT":3432000,"GROSS_PROFIT_YOY":-45.93572778828,"HOLDER_PROFIT":-2348000,"HOLDER_PROFIT_YOY":27.7982779828,"GROSS_PROFIT_RATIO":18.912216895355,"EPS_TTM":-0.017292942622,"OPERATE_INCOME_QOQ":-13.233376792699,"NET_PROFIT_RATIO":-12.9387777594,"ROE_AVG":-1.228036684196,"GROSS_PROFIT_QOQ":-34.065420560748,"ROA":-0.835257247137,"HOLDER_PROFIT_QOQ":10.707094634609,"ROE_YEARLY":-2.456073368393,"ROIC_YEARLY":-3.622450553859,"TOTAL_ASSETS":273870000,"TOTAL_LIABILITIES":81040000,"TAX_EBT":55.378183200304,"OCF_SALES":20.306386730589,"TOTAL_PARENT_EQUITY":192830000,"DEBT_ASSET_RATIO":29.5906817103,"OPERATE_PROFIT":-3414000,"PRETAX_PROFIT":-5262000,"NETCASH_OPERATE":3685000,"NETCASH_INVEST":6036000,"NETCASH_FINANCE":-11489000,"END_CASH":150591000,"DIVI_RATIO":null,"DIVIDEND_RATE":null,"CURRENT_RATIO":2.336201977205,"COMMON_ACS":10000000000,"CURRENTDEBT_DEBT":80.008637709773,"ISSUED_COMMON_SHARES":435958192,"HK_COMMON_SHARES":435958192,"PER_SHARES":4000,"TOTAL_MARKET_CAP":91551220.32,"HKSK_MARKET_CAP":91551220.32,"PE_TTM":-10.94825592494,"PB_TTM":0.433319337041,"REPORT_DATE_SQ":"2023-06-30 00:00:00","REPORT_TYPE_SQ":"2023年中报","OPERATE_INCOME_SQ":23425000,"DPS_HKD":null,"OPERATE_INCOME_QOQ_SQ":-16.822390748733,"NET_PROFIT_RATIO_SQ":-13.8826040555,"HOLDER_PROFIT_SQ":-3252000,"HOLDER_PROFIT_QOQ_SQ":-38.20237683166,"ROE_AVG_SQ":-1.655922519935,"PE_TTM_SQ":-9.015030224706,"PB_TTM_SQ":0.56754365276,"ROA_SQ":-1.065881786106,"START_DATE":"2024-01-01 00:00:00","FISCAL_YEAR":"12-31","CURRENCY":"HKD","IS_CNY_CODE":0,"DPS_HKD_LY":null,"ORG_TYPE":"一般企业","PREMIUM_INCOME":null,"PREMIUM_INCOME_YOY":null,"NET_INTEREST_INCOME":null,"NET_INTEREST_INCOME_YOY":null,"FEE_COMMISSION_INCOME":null,"FEE_COMMISSION_INCOME_YOY":null,"ACCOUNTS_RECE_TDAYS":4.379102316602,"INVENTORY_TDAYS":null,"CURRENT_ASSETS_TDAYS":0.116611724789,"TOTAL_ASSETS_TDAYS":0.06455457097,"PREMIUM_EXPENSE":null,"LOAN_DEPOSIT":null,"LOAN_EQUITY":null,"LOAN_ASSETS":null,"DEPOSIT_EQUITY":null,"DEPOSIT_ASSETS":null,"EQUITY_MULTIPLIER":1.420266556034,"EQUITY_RATIO":0.420266556034},{"SECUCODE":"01871.HK","SECURITY_CODE":"01871","SECURITY_NAME_ABBR":"向中国际","ORG_CODE":"10676908","STD_REPORT_DATE":"2023-12-31 00:00:00","REPORT_DATE":"2023-12-31 00:00:00","DATE_TYPE_CODE":"001","REPORT_TYPE":"2023年年报","PER_NETCASH_OPERATE":-0.007785,"PER_OI":0.09971,"BPS":0.434832980498,"BASIC_EPS":-0.0211,"DILUTED_EPS":-0.0211,"OPERATE_INCOME":39884000,"OPERATE_INCOME_YOY":-16.4453010433,"GROSS_PROFIT":8560000,"GROSS_PROFIT_YOY":-24.254490753031,"HOLDER_PROFIT":-8443000,"HOLDER_PROFIT_YOY":2.5845159802,"GROSS_PROFIT_RATIO":21.462240497443,"EPS_TTM":-0.0211075,"OPERATE_INCOME_QOQ":0.45335482571,"NET_PROFIT_RATIO":-21.1688897804,"ROE_AVG":-4.356766714571,"GROSS_PROFIT_QOQ":17.566268369729,"ROA":-2.844772397992,"HOLDER_PROFIT_QOQ":29.512439472366,"ROE_YEARLY":-4.356766714571,"ROIC_YEARLY":-6.522335309682,"TOTAL_ASSETS":288352000,"TOTAL_LIABILITIES":98783000,"TAX_EBT":13.458384583846,"OCF_SALES":-7.807642162271,"TOTAL_PARENT_EQUITY":189569000,"DEBT_ASSET_RATIO":34.2577821551,"OPERATE_PROFIT":-5526000,"PRETAX_PROFIT":-9756000,"NETCASH_OPERATE":-3114000,"NETCASH_INVEST":-20370000,"NETCASH_FINANCE":-6483000,"END_CASH":152359000,"DIVI_RATIO":null,"DIVIDEND_RATE":null,"CURRENT_RATIO":1.932818757032,"COMMON_ACS":10000000000,"CURRENTDEBT_DEBT":83.675328750898,"ISSUED_COMMON_SHARES":435958192,"HK_COMMON_SHARES":435958192,"PER_SHARES":4000,"TOTAL_MARKET_CAP":82396098.288,"HKSK_MARKET_CAP":82396098.288,"PE_TTM":-9.853430332446,"PB_TTM":0.389987403337,"REPORT_DATE_SQ":"2022-12-31 00:00:00","REPORT_TYPE_SQ":"2022年年报","OPERATE_INCOME_SQ":47734000,"DPS_HKD":null,"OPERATE_INCOME_QOQ_SQ":-24.387771265642,"NET_PROFIT_RATIO_SQ":-18.1568693175,"HOLDER_PROFIT_SQ":-8667000,"HOLDER_PROFIT_QOQ_SQ":-16.633023819136,"ROE_AVG_SQ":-4.283267974825,"PE_TTM_SQ":-6.135921703544,"PB_TTM_SQ":0.386288601356,"ROA_SQ":-2.818339530732,"START_DATE":"2023-01-01 00:00:00","FISCAL_YEAR":"12-31","CURRENCY":"HKD","IS_CNY_CODE":0,"DPS_HKD_LY":null,"ORG_TYPE":"一般企业","PREMIUM_INCOME":null,"PREMIUM_INCOME_YOY":null,"NET_INTEREST_INCOME":null,"NET_INTEREST_INCOME_YOY":null,"FEE_COMMISSION_INCOME":null,"FEE_COMMISSION_INCOME_YOY":null,"ACCOUNTS_RECE_TDAYS":9.761135584924,"INVENTORY_TDAYS":null,"CURRENT_ASSETS_TDAYS":0.232656763607,"TOTAL_ASSETS_TDAYS":0.134384581691,"PREMIUM_EXPENSE":null,"LOAN_DEPOSIT":null,"LOAN_EQUITY":null,"LOAN_ASSETS":null,"DEPOSIT_EQUITY":null,"DEPOSIT_ASSETS":null,"EQUITY_MULTIPLIER":1.521092583702,"EQUITY_RATIO":0.521092583703},{"SECUCODE":"01871.HK","SECURITY_CODE":"01871","SECURITY_NAME_ABBR":"向中国际","ORG_CODE":"10676908","STD_REPORT_DATE":"2023-06-30 00:00:00","REPORT_DATE":"2023-06-30 00:00:00","DATE_TYPE_CODE":"002","REPORT_TYPE":"2023年中报","PER_NETCASH_OPERATE":-0.0078925,"PER_OI":0.0585625,"BPS":0.446740085572,"BASIC_EPS":-0.0081,"DILUTED_EPS":-0.0081,"OPERATE_INCOME":23425000,"OPERATE_INCOME_YOY":-25.5285328247,"GROSS_PROFIT":6348000,"GROSS_PROFIT_YOY":-38.773148148148,"HOLDER_PROFIT":-3252000,"HOLDER_PROFIT_YOY":-5611.8644067797,"GROSS_PROFIT_RATIO":27.099252934899,"EPS_TTM":-0.029945,"OPERATE_INCOME_QOQ":-16.822390748733,"NET_PROFIT_RATIO":-13.8826040555,"ROE_AVG":-1.655922519935,"GROSS_PROFIT_QOQ":-35.572073267852,"ROA":-1.065881786106,"HOLDER_PROFIT_QOQ":-38.20237683166,"ROE_YEARLY":-3.31184503987,"ROIC_YEARLY":-5.15991860276,"TOTAL_ASSETS":304971000,"TOTAL_LIABILITIES":110211000,"TAX_EBT":-21.162444113264,"OCF_SALES":-13.477054429029,"TOTAL_PARENT_EQUITY":194760000,"DEBT_ASSET_RATIO":36.1381901886,"OPERATE_PROFIT":-394000,"PRETAX_PROFIT":-2684000,"NETCASH_OPERATE":-3157000,"NETCASH_INVEST":561000,"NETCASH_FINANCE":-3954000,"END_CASH":175776000,"DIVI_RATIO":null,"DIVIDEND_RATE":null,"CURRENT_RATIO":1.840899690781,"COMMON_ACS":10000000000,"CURRENTDEBT_DEBT":92.137808385733,"ISSUED_COMMON_SHARES":435958192,"HK_COMMON_SHARES":435958192,"PER_SHARES":4000,"TOTAL_MARKET_CAP":82396098.288,"HKSK_MARKET_CAP":82396098.288,"PE_TTM":-9.853430332446,"PB_TTM":0.389987403337,"REPORT_DATE_SQ":"2022-06-30 00:00:00","REPORT_TYPE_SQ":"2022年中报","OPERATE_INCOME_SQ":31455000,"DPS_HKD":null,"OPERATE_INCOME_QOQ_SQ":-5.98799720034,"NET_PROFIT_RATIO_SQ":0.1875695438,"HOLDER_PROFIT_SQ":59000,"HOLDER_PROFIT_QOQ_SQ":-115.391304347826,"ROE_AVG_SQ":0.02854260952,"PE_TTM_SQ":-6.135921703544,"PB_TTM_SQ":0.386288601356,"ROA_SQ":0.018740957091,"START_DATE":"2023-01-01 00:00:00","FISCAL_YEAR":"12-31","CURRENCY":"HKD","IS_CNY_CODE":0,"DPS_HKD_LY":null,"ORG_TYPE":"一般企业","PREMIUM_INCOME":null,"PREMIUM_INCOME_YOY":null,"NET_INTEREST_INCOME":null,"NET_INTEREST_INCOME_YOY":null,"FEE_COMMISSION_INCOME":null,"FEE_COMMISSION_INCOME_YOY":null,"ACCOUNTS_RECE_TDAYS":null,"INVENTORY_TDAYS":null,"CURRENT_ASSETS_TDAYS":0.126610671509,"TOTAL_ASSETS_TDAYS":0.076778231364,"PREMIUM_EXPENSE":null,"LOAN_DEPOSIT":null,"LOAN_EQUITY":null,"LOAN_ASSETS":null,"DEPOSIT_EQUITY":null,"DEPOSIT_ASSETS":null,"EQUITY_MULTIPLIER":1.565881084412,"EQUITY_RATIO":0.565881084412},{"SECUCODE":"01871.HK","SECURITY_CODE":"01871","SECURITY_NAME_ABBR":"向中国际","ORG_CODE":"10676908","STD_REPORT_DATE":"2022-12-31 00:00:00","REPORT_DATE":"2022-12-31 00:00:00","DATE_TYPE_CODE":"001","REPORT_TYPE":"2022年年报","PER_NETCASH_OPERATE":-0.00041,"PER_OI":0.119335,"BPS":0.454199516453,"BASIC_EPS":-0.0217,"DILUTED_EPS":-0.0217,"OPERATE_INCOME":47734000,"OPERATE_INCOME_YOY":-28.9154294054,"GROSS_PROFIT":11301000,"GROSS_PROFIT_YOY":-50.13458059392,"HOLDER_PROFIT":-8667000,"HOLDER_PROFIT_YOY":-151.2173913043,"GROSS_PROFIT_RATIO":23.674948673901,"EPS_TTM":-0.0216675,"OPERATE_INCOME_QOQ":-24.387771265642,"NET_PROFIT_RATIO":-18.1568693175,"ROE_AVG":-4.283267974825,"GROSS_PROFIT_QOQ":-43.579630554169,"ROA":-2.818339530732,"HOLDER_PROFIT_QOQ":-16.633023819136,"ROE_YEARLY":-4.283267974825,"ROIC_YEARLY":-6.732304107195,"TOTAL_ASSETS":305228000,"TOTAL_LIABILITIES":107216000,"TAX_EBT":15.410892055436,"OCF_SALES":-0.343570620522,"TOTAL_PARENT_EQUITY":198012000,"DEBT_ASSET_RATIO":35.1265283657,"OPERATE_PROFIT":-5658000,"PRETAX_PROFIT":-10246000,"NETCASH_OPERATE":-164000,"NETCASH_INVEST":-339000,"NETCASH_FINANCE":7587000,"END_CASH":182326000,"DIVI_RATIO":null,"DIVIDEND_RATE":null,"CURRENT_RATIO":1.859314546839,"COMMON_ACS":10000000000,"CURRENTDEBT_DEBT":91.84729891061,"ISSUED_COMMON_SHARES":435958192,"HK_COMMON_SHARES":435958192,"PER_SHARES":4000,"TOTAL_MARKET_CAP":82396098.288,"HKSK_MARKET_CAP":82396098.288,"PE_TTM":-9.853430332446,"PB_TTM":0.389987403337,"REPORT_DATE_SQ":"2021-12-31 00:00:00","REPORT_TYPE_SQ":"2021年年报","OPERATE_INCOME_SQ":67151000,"DPS_HKD":null,"OPERATE_INCOME_QOQ_SQ":-18.5821501752,"NET_PROFIT_RATIO_SQ":-5.1376747926,"HOLDER_PROFIT_SQ":-3450000,"HOLDER_PROFIT_QOQ_SQ":-125.098210388477,"ROE_AVG_SQ":-1.655438475269,"PE_TTM_SQ":-6.135921703544,"PB_TTM_SQ":0.386288601356,"ROA_SQ":-1.103419160154,"START_DATE":"2022-01-01 00:00:00","FISCAL_YEAR":"12-31","CURRENCY":"HKD","IS_CNY_CODE":0,"DPS_HKD_LY":null,"ORG_TYPE":"一般企业","PREMIUM_INCOME":null,"PREMIUM_INCOME_YOY":null,"NET_INTEREST_INCOME":null,"NET_INTEREST_INCOME_YOY":null,"FEE_COMMISSION_INCOME":null,"FEE_COMMISSION_INCOME_YOY":null,"ACCOUNTS_RECE_TDAYS":61.992207792208,"INVENTORY_TDAYS":null,"CURRENT_ASSETS_TDAYS":0.264209113427,"TOTAL_ASSETS_TDAYS":0.155221667428,"PREMIUM_EXPENSE":null,"LOAN_DEPOSIT":null,"LOAN_EQUITY":null,"LOAN_ASSETS":null,"DEPOSIT_EQUITY":null,"DEPOSIT_ASSETS":null,"EQUITY_MULTIPLIER":1.541462133609,"EQUITY_RATIO":0.541462133608},{"SECUCODE":"01871.HK","SECURITY_CODE":"01871","SECURITY_NAME_ABBR":"向中国际","ORG_CODE":"10676908","STD_REPORT_DATE":"2022-06-30 00:00:00","REPORT_DATE":"2022-06-30 00:00:00","DATE_TYPE_CODE":"002","REPORT_TYPE":"2022年中报","PER_NETCASH_OPERATE":-0.01752,"PER_OI":0.0786375,"BPS":0.474215197222,"BASIC_EPS":0.0001,"DILUTED_EPS":0.0001,"OPERATE_INCOME":31455000,"OPERATE_INCOME_YOY":-11.3344232721,"GROSS_PROFIT":10368000,"GROSS_PROFIT_YOY":-20.252288285517,"HOLDER_PROFIT":59000,"HOLDER_PROFIT_YOY":-98.5396039604,"GROSS_PROFIT_RATIO":32.961373390558,"EPS_TTM":-0.0185775,"OPERATE_INCOME_QOQ":-5.98799720034,"NET_PROFIT_RATIO":0.1875695438,"ROE_AVG":0.02854260952,"GROSS_PROFIT_QOQ":-11.618055861978,"ROA":0.018740957091,"HOLDER_PROFIT_QOQ":-115.391304347826,"ROE_YEARLY":0.05708521904,"ROIC_YEARLY":0.085424298145,"TOTAL_ASSETS":319822000,"TOTAL_LIABILITIES":113084000,"TAX_EBT":77.131782945736,"OCF_SALES":-22.279446828803,"TOTAL_PARENT_EQUITY":206738000,"DEBT_ASSET_RATIO":35.3584181201,"OPERATE_PROFIT":2594000,"PRETAX_PROFIT":258000,"NETCASH_OPERATE":-7008000,"NETCASH_INVEST":-672000,"NETCASH_FINANCE":10565000,"END_CASH":178127000,"DIVI_RATIO":null,"DIVIDEND_RATE":null,"CURRENT_RATIO":1.944750788508,"COMMON_ACS":10000000000,"CURRENTDEBT_DEBT":82.428990838669,"ISSUED_COMMON_SHARES":435958192,"HK_COMMON_SHARES":435958192,"PER_SHARES":4000,"TOTAL_MARKET_CAP":82396098.288,"HKSK_MARKET_CAP":82396098.288,"PE_TTM":-9.853430332446,"PB_TTM":0.389987403337,"REPORT_DATE_SQ":"2021-06-30 00:00:00","REPORT_TYPE_SQ":"2021年中报","OPERATE_INCOME_SQ":35476000,"DPS_HKD":null,"OPERATE_INCOME_QOQ_SQ":21.355737680797,"NET_PROFIT_RATIO_SQ":11.3879806066,"HOLDER_PROFIT_SQ":4040000,"HOLDER_PROFIT_QOQ_SQ":101.406593406593,"ROE_AVG_SQ":1.904321962394,"PE_TTM_SQ":-6.135921703544,"PB_TTM_SQ":0.386288601356,"ROA_SQ":1.270715972963,"START_DATE":"2022-01-01 00:00:00","FISCAL_YEAR":"12-31","CURRENCY":"HKD","IS_CNY_CODE":0,"DPS_HKD_LY":null,"ORG_TYPE":"一般企业","PREMIUM_INCOME":null,"PREMIUM_INCOME_YOY":null,"NET_INTEREST_INCOME":null,"NET_INTEREST_INCOME_YOY":null,"FEE_COMMISSION_INCOME":null,"FEE_COMMISSION_INCOME_YOY":null,"ACCOUNTS_RECE_TDAYS":null,"INVENTORY_TDAYS":null,"CURRENT_ASSETS_TDAYS":0.174984771235,"TOTAL_ASSETS_TDAYS":0.099914712763,"PREMIUM_EXPENSE":null,"LOAN_DEPOSIT":null,"LOAN_EQUITY":null,"LOAN_ASSETS":null,"DEPOSIT_EQUITY":null,"DEPOSIT_ASSETS":null,"EQUITY_MULTIPLIER":1.546991844751,"EQUITY_RATIO":0.54699184475},{"SECUCODE":"01871.HK","SECURITY_CODE":"01871","SECURITY_NAME_ABBR":"向中国际","ORG_CODE":"10676908","STD_REPORT_DATE":"2021-12-31 00:00:00","REPORT_DATE":"2021-12-31 00:00:00","DATE_TYPE_CODE":"001","REPORT_TYPE":"2021年年报","PER_NETCASH_OPERATE":0.022475,"PER_OI":0.1678775,"BPS":0.474079863144,"BASIC_EPS":-0.0086,"DILUTED_EPS":-0.0086,"OPERATE_INCOME":67151000,"OPERATE_INCOME_YOY":-1.1947677413,"GROSS_PROFIT":22663000,"GROSS_PROFIT_YOY":-23.931796059477,"HOLDER_PROFIT":-3450000,"HOLDER_PROFIT_YOY":-150.5494505495,"GROSS_PROFIT_RATIO":33.749311253742,"EPS_TTM":-0.008625,"OPERATE_INCOME_QOQ":-18.5821501752,"NET_PROFIT_RATIO":-5.1376747926,"ROE_AVG":-1.655438475269,"GROSS_PROFIT_QOQ":-37.603590209521,"ROA":-1.103419160154,"HOLDER_PROFIT_QOQ":-125.098210388477,"ROE_YEARLY":-1.655438475269,"ROIC_YEARLY":-2.442486522076,"TOTAL_ASSETS":309815000,"TOTAL_LIABILITIES":103136000,"TAX_EBT":313.887166769994,"OCF_SALES":13.387738082828,"TOTAL_PARENT_EQUITY":206679000,"DEBT_ASSET_RATIO":33.28954376,"OPERATE_PROFIT":5507000,"PRETAX_PROFIT":1613000,"NETCASH_OPERATE":8990000,"NETCASH_INVEST":-1185000,"NETCASH_FINANCE":-151000,"END_CASH":175242000,"DIVI_RATIO":null,"DIVIDEND_RATE":null,"CURRENT_RATIO":2.11063613111,"COMMON_ACS":10000000000,"CURRENTDEBT_DEBT":81.880235805151,"ISSUED_COMMON_SHARES":435958192,"HK_COMMON_SHARES":435958192,"PER_SHARES":4000,"TOTAL_MARKET_CAP":82396098.288,"HKSK_MARKET_CAP":82396098.288,"PE_TTM":-9.853430332446,"PB_TTM":0.389987403337,"REPORT_DATE_SQ":"2020-12-31 00:00:00","REPORT_TYPE_SQ":"2020年年报","OPERATE_INCOME_SQ":67963000,"DPS_HKD":null,"OPERATE_INCOME_QOQ_SQ":-3.142458100559,"NET_PROFIT_RATIO_SQ":10.0422288598,"HOLDER_PROFIT_SQ":6825000,"HOLDER_PROFIT_QOQ_SQ":57.803468208092,"ROE_AVG_SQ":3.301623237623,"PE_TTM_SQ":-6.135921703544,"PB_TTM_SQ":0.386288601356,"ROA_SQ":2.156875138261,"START_DATE":"2021-01-01 00:00:00","FISCAL_YEAR":"12-31","CURRENCY":"HKD","IS_CNY_CODE":0,"DPS_HKD_LY":null,"ORG_TYPE":"一般企业","PREMIUM_INCOME":null,"PREMIUM_INCOME_YOY":null,"NET_INTEREST_INCOME":null,"NET_INTEREST_INCOME_YOY":null,"FEE_COMMISSION_INCOME":null,"FEE_COMMISSION_INCOME_YOY":null,"ACCOUNTS_RECE_TDAYS":null,"INVENTORY_TDAYS":null,"CURRENT_ASSETS_TDAYS":0.379806903729,"TOTAL_ASSETS_TDAYS":0.214770144996,"PREMIUM_EXPENSE":null,"LOAN_DEPOSIT":null,"LOAN_EQUITY":null,"LOAN_ASSETS":null,"DEPOSIT_EQUITY":null,"DEPOSIT_ASSETS":null,"EQUITY_MULTIPLIER":1.49901538134,"EQUITY_RATIO":0.49901538134},{"SECUCODE":"01871.HK","SECURITY_CODE":"01871","SECURITY_NAME_ABBR":"向中国际","ORG_CODE":"10676908","STD_REPORT_DATE":"2021-06-30 00:00:00","REPORT_DATE":"2021-06-30 00:00:00","DATE_TYPE_CODE":"002","REPORT_TYPE":"2021年中报","PER_NETCASH_OPERATE":0.036105,"PER_OI":0.08869,"BPS":0.491260409668,"BASIC_EPS":0.0101,"DILUTED_EPS":0.0101,"OPERATE_INCOME":35476000,"OPERATE_INCOME_YOY":69.2395763763,"GROSS_PROFIT":13001000,"GROSS_PROFIT_YOY":100.849683299861,"HOLDER_PROFIT":4040000,"HOLDER_PROFIT_YOY":240.2290871225,"GROSS_PROFIT_RATIO":36.647310858045,"EPS_TTM":0.034365,"OPERATE_INCOME_QOQ":21.355737680797,"NET_PROFIT_RATIO":11.3879806066,"ROE_AVG":1.904321962394,"GROSS_PROFIT_QOQ":21.911187191622,"ROA":1.270715972963,"HOLDER_PROFIT_QOQ":101.406593406593,"ROE_YEARLY":3.808643924789,"ROIC_YEARLY":5.60826803079,"TOTAL_ASSETS":320348000,"TOTAL_LIABILITIES":106179000,"TAX_EBT":8.721192950746,"OCF_SALES":40.70921186154,"TOTAL_PARENT_EQUITY":214169000,"DEBT_ASSET_RATIO":33.1448924295,"OPERATE_PROFIT":6285000,"PRETAX_PROFIT":4426000,"NETCASH_OPERATE":14442000,"NETCASH_INVEST":-1724000,"NETCASH_FINANCE":-178000,"END_CASH":180128000,"DIVI_RATIO":null,"DIVIDEND_RATE":null,"CURRENT_RATIO":1.772170372931,"COMMON_ACS":10000000000,"CURRENTDEBT_DEBT":98.087192382675,"ISSUED_COMMON_SHARES":435958192,"HK_COMMON_SHARES":435958192,"PER_SHARES":4000,"TOTAL_MARKET_CAP":82396098.288,"HKSK_MARKET_CAP":82396098.288,"PE_TTM":-9.853430332446,"PB_TTM":0.389987403337,"REPORT_DATE_SQ":"2020-06-30 00:00:00","REPORT_TYPE_SQ":"2020年中报","OPERATE_INCOME_SQ":20962000,"DPS_HKD":null,"OPERATE_INCOME_QOQ_SQ":-24.91546462355,"NET_PROFIT_RATIO_SQ":-13.7439175651,"HOLDER_PROFIT_SQ":-2881000,"HOLDER_PROFIT_QOQ_SQ":-77.337036260742,"ROE_AVG_SQ":-1.427202044946,"PE_TTM_SQ":-6.135921703544,"PB_TTM_SQ":0.386288601356,"ROA_SQ":-0.923425553022,"START_DATE":"2021-01-01 00:00:00","FISCAL_YEAR":"12-31","CURRENCY":"HKD","IS_CNY_CODE":0,"DPS_HKD_LY":null,"ORG_TYPE":"一般企业","PREMIUM_INCOME":null,"PREMIUM_INCOME_YOY":null,"NET_INTEREST_INCOME":null,"NET_INTEREST_INCOME_YOY":null,"FEE_COMMISSION_INCOME":null,"FEE_COMMISSION_INCOME_YOY":null,"ACCOUNTS_RECE_TDAYS":7.140901771337,"INVENTORY_TDAYS":null,"CURRENT_ASSETS_TDAYS":0.197124480809,"TOTAL_ASSETS_TDAYS":0.111583960042,"PREMIUM_EXPENSE":null,"LOAN_DEPOSIT":null,"LOAN_EQUITY":null,"LOAN_ASSETS":null,"DEPOSIT_EQUITY":null,"DEPOSIT_ASSETS":null,"EQUITY_MULTIPLIER":1.4957720305,"EQUITY_RATIO":0.495772030499},{"SECUCODE":"01871.HK","SECURITY_CODE":"01871","SECURITY_NAME_ABBR":"向中国际","ORG_CODE":"10676908","STD_REPORT_DATE":"2020-12-31 00:00:00","REPORT_DATE":"2020-12-31 00:00:00","DATE_TYPE_CODE":"001","REPORT_TYPE":"2020年年报","PER_NETCASH_OPERATE":0.04517,"PER_OI":0.1699075,"BPS":0.481993466016,"BASIC_EPS":0.0171,"DILUTED_EPS":0.0171,"OPERATE_INCOME":67963000,"OPERATE_INCOME_YOY":-27.2749646878,"GROSS_PROFIT":29793000,"GROSS_PROFIT_YOY":-49.841745513317,"HOLDER_PROFIT":6825000,"HOLDER_PROFIT_YOY":-64.2370572207,"GROSS_PROFIT_RATIO":43.8370878272,"EPS_TTM":0.0170625,"OPERATE_INCOME_QOQ":-3.142458100559,"NET_PROFIT_RATIO":10.0422288598,"ROE_AVG":3.301623237623,"GROSS_PROFIT_QOQ":-20.626082323165,"ROA":2.156875138261,"HOLDER_PROFIT_QOQ":57.803468208092,"ROE_YEARLY":3.301623237623,"ROIC_YEARLY":4.973529165285,"TOTAL_ASSETS":315514000,"TOTAL_LIABILITIES":105385000,"TAX_EBT":29.230609705516,"OCF_SALES":26.585053632123,"TOTAL_PARENT_EQUITY":210129000,"DEBT_ASSET_RATIO":33.401053519,"OPERATE_PROFIT":15044000,"PRETAX_PROFIT":9644000,"NETCASH_OPERATE":18068000,"NETCASH_INVEST":-22211000,"NETCASH_FINANCE":-19088000,"END_CASH":167588000,"DIVI_RATIO":null,"DIVIDEND_RATE":null,"CURRENT_RATIO":1.764060315257,"COMMON_ACS":10000000000,"CURRENTDEBT_DEBT":94.331261564739,"ISSUED_COMMON_SHARES":435958192,"HK_COMMON_SHARES":435958192,"PER_SHARES":4000,"TOTAL_MARKET_CAP":82396098.288,"HKSK_MARKET_CAP":82396098.288,"PE_TTM":-9.853430332446,"PB_TTM":0.389987403337,"REPORT_DATE_SQ":"2019-12-31 00:00:00","REPORT_TYPE_SQ":"2019年年报","OPERATE_INCOME_SQ":93452000,"DPS_HKD":null,"OPERATE_INCOME_QOQ_SQ":20.27439220582,"NET_PROFIT_RATIO_SQ":20.421178787,"HOLDER_PROFIT_SQ":19084000,"HOLDER_PROFIT_QOQ_SQ":-10.298472385429,"ROE_AVG_SQ":13.100529609023,"PE_TTM_SQ":-6.135921703544,"PB_TTM_SQ":0.386288601356,"ROA_SQ":7.286486362656,"START_DATE":"2020-01-01 00:00:00","FISCAL_YEAR":"12-31","CURRENCY":"HKD","IS_CNY_CODE":0,"DPS_HKD_LY":null,"ORG_TYPE":"一般企业","PREMIUM_INCOME":null,"PREMIUM_INCOME_YOY":null,"NET_INTEREST_INCOME":null,"NET_INTEREST_INCOME_YOY":null,"FEE_COMMISSION_INCOME":null,"FEE_COMMISSION_INCOME_YOY":null,"ACCOUNTS_RECE_TDAYS":15.367552289429,"INVENTORY_TDAYS":null,"CURRENT_ASSETS_TDAYS":0.367829840205,"TOTAL_ASSETS_TDAYS":0.214780520178,"PREMIUM_EXPENSE":null,"LOAN_DEPOSIT":null,"LOAN_EQUITY":null,"LOAN_ASSETS":null,"DEPOSIT_EQUITY":null,"DEPOSIT_ASSETS":null,"EQUITY_MULTIPLIER":1.501525253534,"EQUITY_RATIO":0.501525253535},{"SECUCODE":"01871.HK","SECURITY_CODE":"01871","SECURITY_NAME_ABBR":"向中国际","ORG_CODE":"10676908","STD_REPORT_DATE":"2020-06-30 00:00:00","REPORT_DATE":"2020-06-30 00:00:00","DATE_TYPE_CODE":"002","REPORT_TYPE":"2020年中报","PER_NETCASH_OPERATE":0.0054725,"PER_OI":0.052405,"BPS":0.459729863271,"BASIC_EPS":-0.0072,"DILUTED_EPS":-0.0072,"OPERATE_INCOME":20962000,"OPERATE_INCOME_YOY":-52.6239660082,"GROSS_PROFIT":6473000,"GROSS_PROFIT_YOY":-77.156267645398,"HOLDER_PROFIT":-2881000,"HOLDER_PROFIT_YOY":-124.2549250716,"GROSS_PROFIT_RATIO":30.879687052762,"EPS_TTM":0.0108125,"OPERATE_INCOME_QOQ":-24.91546462355,"NET_PROFIT_RATIO":-13.7439175651,"ROE_AVG":-1.427202044946,"GROSS_PROFIT_QOQ":-36.807636620762,"ROA":-0.923425553022,"HOLDER_PROFIT_QOQ":-77.337036260742,"ROE_YEARLY":-2.854404089892,"ROIC_YEARLY":-4.222498250397,"TOTAL_ASSETS":306635000,"TOTAL_LIABILITIES":106212000,"TAX_EBT":48.479971387697,"OCF_SALES":10.442705848679,"TOTAL_PARENT_EQUITY":200423000,"DEBT_ASSET_RATIO":34.6379245683,"OPERATE_PROFIT":-3710000,"PRETAX_PROFIT":-5592000,"NETCASH_OPERATE":2189000,"NETCASH_INVEST":-18648000,"NETCASH_FINANCE":-14117000,"END_CASH":160243000,"DIVI_RATIO":null,"DIVIDEND_RATE":null,"CURRENT_RATIO":1.784063470162,"COMMON_ACS":10000000000,"CURRENTDEBT_DEBT":87.342296538998,"ISSUED_COMMON_SHARES":435958192,"HK_COMMON_SHARES":435958192,"PER_SHARES":4000,"TOTAL_MARKET_CAP":82396098.288,"HKSK_MARKET_CAP":82396098.288,"PE_TTM":-9.853430332446,"PB_TTM":0.389987403337,"REPORT_DATE_SQ":"2019-06-30 00:00:00","REPORT_TYPE_SQ":"2019年中报","OPERATE_INCOME_SQ":44246000,"DPS_HKD":null,"OPERATE_INCOME_QOQ_SQ":0,"NET_PROFIT_RATIO_SQ":26.8453645527,"HOLDER_PROFIT_SQ":11878000,"HOLDER_PROFIT_QOQ_SQ":0,"ROE_AVG_SQ":null,"PE_TTM_SQ":-6.135921703544,"PB_TTM_SQ":0.386288601356,"ROA_SQ":null,"START_DATE":"2020-01-01 00:00:00","FISCAL_YEAR":"12-31","CURRENCY":"HKD","IS_CNY_CODE":0,"DPS_HKD_LY":null,"ORG_TYPE":"一般企业","PREMIUM_INCOME":null,"PREMIUM_INCOME_YOY":null,"NET_INTEREST_INCOME":null,"NET_INTEREST_INCOME_YOY":null,"FEE_COMMISSION_INCOME":null,"FEE_COMMISSION_INCOME_YOY":null,"ACCOUNTS_RECE_TDAYS":4.869221835075,"INVENTORY_TDAYS":null,"CURRENT_ASSETS_TDAYS":0.116561756267,"TOTAL_ASSETS_TDAYS":0.067187943223,"PREMIUM_EXPENSE":null,"LOAN_DEPOSIT":null,"LOAN_EQUITY":null,"LOAN_ASSETS":null,"DEPOSIT_EQUITY":null,"DEPOSIT_ASSETS":null,"EQUITY_MULTIPLIER":1.529939178637,"EQUITY_RATIO":0.529939178637}],"count":17},"success":true,"message":"ok","code":0}