{"version":"382840ad257a113039141ca75a5ddc01","result":{"pages":2,"data":[{"SECUCODE":"01872.HK","SECURITY_CODE":"01872","SECURITY_NAME_ABBR":"冠轈控股","ORG_CODE":"10787654","STD_REPORT_DATE":"2024-06-30 00:00:00","REPORT_DATE":"2024-06-30 00:00:00","DATE_TYPE_CODE":"002","REPORT_TYPE":"2024年中报","PER_NETCASH_OPERATE":0.111787712963,"PER_OI":3.916235925926,"BPS":0.72842339592,"BASIC_EPS":0.0575411,"DILUTED_EPS":0.0575411,"OPERATE_INCOME":422953480,"OPERATE_INCOME_YOY":-28.6000730753,"GROSS_PROFIT":47928041,"GROSS_PROFIT_YOY":-37.34640974659,"HOLDER_PROFIT":5020329,"HOLDER_PROFIT_YOY":-85.1359799937,"GROSS_PROFIT_RATIO":11.331752371443,"EPS_TTM":0.115953205556,"OPERATE_INCOME_QOQ":-18.171099374295,"NET_PROFIT_RATIO":0.8112830754,"ROE_AVG":1.301803497485,"GROSS_PROFIT_QOQ":-23.68050458141,"ROA":0.619491508862,"HOLDER_PROFIT_QOQ":-69.965214950212,"ROE_YEARLY":2.603606994969,"ROIC_YEARLY":1.334961677756,"TOTAL_ASSETS":808146273,"TOTAL_LIABILITIES":414401500,"TAX_EBT":44.206008583691,"OCF_SALES":2.854468297554,"TOTAL_PARENT_EQUITY":393280221,"DEBT_ASSET_RATIO":51.2780314462,"OPERATE_PROFIT":14031582,"PRETAX_PROFIT":6150035,"NETCASH_OPERATE":12073073,"NETCASH_INVEST":-3030146,"NETCASH_FINANCE":-32022414,"END_CASH":45515538,"DIVI_RATIO":null,"DIVIDEND_RATE":null,"CURRENT_RATIO":2.523959552315,"COMMON_ACS":1000000000,"CURRENTDEBT_DEBT":42.454777070064,"ISSUED_COMMON_SHARES":539906081,"HK_COMMON_SHARES":539906081,"PER_SHARES":5000,"TOTAL_MARKET_CAP":404929560.75,"HKSK_MARKET_CAP":404929560.75,"PE_TTM":28.072108361689,"PB_TTM":0.939714463078,"REPORT_DATE_SQ":"2023-06-30 00:00:00","REPORT_TYPE_SQ":"2023年中报","OPERATE_INCOME_SQ":599688714.6,"DPS_HKD":null,"OPERATE_INCOME_QOQ_SQ":17.365740375463,"NET_PROFIT_RATIO_SQ":5.7016566708,"HOLDER_PROFIT_SQ":34192191.6,"HOLDER_PROFIT_QOQ_SQ":80.361975661468,"ROE_AVG_SQ":9.541990425199,"PE_TTM_SQ":1.171032907688,"PB_TTM_SQ":0.145874343318,"ROA_SQ":4.099639567481,"START_DATE":"2024-01-01 00:00:00","FISCAL_YEAR":"12-31","CURRENCY":"HKD","IS_CNY_CODE":0,"DPS_HKD_LY":null,"ORG_TYPE":"一般企业","PREMIUM_INCOME":null,"PREMIUM_INCOME_YOY":null,"NET_INTEREST_INCOME":null,"NET_INTEREST_INCOME_YOY":null,"FEE_COMMISSION_INCOME":null,"FEE_COMMISSION_INCOME_YOY":null,"ACCOUNTS_RECE_TDAYS":3.636528685548,"INVENTORY_TDAYS":1.817114501669,"CURRENT_ASSETS_TDAYS":0.984196593638,"TOTAL_ASSETS_TDAYS":0.521910196531,"PREMIUM_EXPENSE":null,"LOAN_DEPOSIT":null,"LOAN_EQUITY":null,"LOAN_ASSETS":null,"DEPOSIT_EQUITY":null,"DEPOSIT_ASSETS":null,"EQUITY_MULTIPLIER":2.052462225322,"EQUITY_RATIO":1.053705418865},{"SECUCODE":"01872.HK","SECURITY_CODE":"01872","SECURITY_NAME_ABBR":"冠轈控股","ORG_CODE":"10787654","STD_REPORT_DATE":"2023-12-31 00:00:00","REPORT_DATE":"2023-12-31 00:00:00","DATE_TYPE_CODE":"001","REPORT_TYPE":"2023年年报","PER_NETCASH_OPERATE":0.09705846,"PER_OI":1.080685757333,"BPS":0.713160671365,"BASIC_EPS":0.04624392,"DILUTED_EPS":0.04624392,"OPERATE_INCOME":972617181.6,"OPERATE_INCOME_YOY":1.0006365657,"GROSS_PROFIT":120642859.2,"GROSS_PROFIT_YOY":-1.990831243464,"HOLDER_PROFIT":41694808.8,"HOLDER_PROFIT_YOY":54.3391719745,"GROSS_PROFIT_RATIO":12.403940777762,"EPS_TTM":0.046327565333,"OPERATE_INCOME_QOQ":-10.720989095359,"NET_PROFIT_RATIO":4.2807859441,"ROE_AVG":11.448567083524,"GROSS_PROFIT_QOQ":-17.67820914897,"ROA":4.988115111338,"HOLDER_PROFIT_QOQ":-11.223548030463,"ROE_YEARLY":11.448567083524,"ROIC_YEARLY":5.310777028184,"TOTAL_ASSETS":827760790.8,"TOTAL_LIABILITIES":440629276.8,"TAX_EBT":17.125120411003,"OCF_SALES":8.9811917425,"TOTAL_PARENT_EQUITY":385039783.2,"DEBT_ASSET_RATIO":53.231474805,"OPERATE_PROFIT":63617653.2,"PRETAX_PROFIT":50239179.6,"NETCASH_OPERATE":87352614,"NETCASH_INVEST":-13114990.8,"NETCASH_FINANCE":-34177483.2,"END_CASH":69769170,"DIVI_RATIO":null,"DIVIDEND_RATE":null,"CURRENT_RATIO":2.582092000787,"COMMON_ACS":1000000000,"CURRENTDEBT_DEBT":37.19369325393,"ISSUED_COMMON_SHARES":539906081,"HK_COMMON_SHARES":539906081,"PER_SHARES":5000,"TOTAL_MARKET_CAP":620891993.15,"HKSK_MARKET_CAP":620891993.15,"PE_TTM":43.043899487923,"PB_TTM":1.440895510053,"REPORT_DATE_SQ":"2022-12-31 00:00:00","REPORT_TYPE_SQ":"2022年年报","OPERATE_INCOME_SQ":928220646.6,"DPS_HKD":null,"OPERATE_INCOME_QOQ_SQ":-7.185715469556,"NET_PROFIT_RATIO_SQ":2.8053560859,"HOLDER_PROFIT_SQ":26039894.4,"HOLDER_PROFIT_QOQ_SQ":-14.289738565263,"ROE_AVG_SQ":8.190414085426,"PE_TTM_SQ":1.117804139157,"PB_TTM_SQ":0.139243691349,"ROA_SQ":3.697815462521,"START_DATE":"2023-01-01 00:00:00","FISCAL_YEAR":"12-31","CURRENCY":"HKD","IS_CNY_CODE":0,"DPS_HKD_LY":null,"ORG_TYPE":"一般企业","PREMIUM_INCOME":null,"PREMIUM_INCOME_YOY":null,"NET_INTEREST_INCOME":null,"NET_INTEREST_INCOME_YOY":null,"FEE_COMMISSION_INCOME":null,"FEE_COMMISSION_INCOME_YOY":null,"ACCOUNTS_RECE_TDAYS":8.148024685797,"INVENTORY_TDAYS":3.790841228826,"CURRENT_ASSETS_TDAYS":2.206825030807,"TOTAL_ASSETS_TDAYS":1.163580455389,"PREMIUM_EXPENSE":null,"LOAN_DEPOSIT":null,"LOAN_EQUITY":null,"LOAN_ASSETS":null,"DEPOSIT_EQUITY":null,"DEPOSIT_ASSETS":null,"EQUITY_MULTIPLIER":2.138190152096,"EQUITY_RATIO":1.144373376533},{"SECUCODE":"01872.HK","SECURITY_CODE":"01872","SECURITY_NAME_ABBR":"冠轈控股","ORG_CODE":"10787654","STD_REPORT_DATE":"2023-06-30 00:00:00","REPORT_DATE":"2023-06-30 00:00:00","DATE_TYPE_CODE":"002","REPORT_TYPE":"2023年中报","PER_NETCASH_OPERATE":0.076202354,"PER_OI":0.666320794,"BPS":0.695361773486,"BASIC_EPS":0.37997262,"DILUTED_EPS":0.37997262,"OPERATE_INCOME":599688714.6,"OPERATE_INCOME_YOY":23.268996276,"GROSS_PROFIT":76496878.8,"GROSS_PROFIT_YOY":44.22491996463,"HOLDER_PROFIT":34192191.6,"HOLDER_PROFIT_YOY":132.3166303558,"GROSS_PROFIT_RATIO":12.756097778332,"EPS_TTM":0.05218452,"OPERATE_INCOME_QOQ":17.365740375463,"NET_PROFIT_RATIO":5.7016566708,"ROE_AVG":9.541990425199,"GROSS_PROFIT_QOQ":19.056166955715,"ROA":4.099639567481,"HOLDER_PROFIT_QOQ":80.361975661468,"ROE_YEARLY":19.083980850398,"ROIC_YEARLY":8.691960479973,"TOTAL_ASSETS":829232793,"TOTAL_LIABILITIES":453802743,"TAX_EBT":15.560248119308,"OCF_SALES":11.436286348284,"TOTAL_PARENT_EQUITY":375430050,"DEBT_ASSET_RATIO":54.7256146683,"OPERATE_PROFIT":47232039.6,"PRETAX_PROFIT":40493003.4,"NETCASH_OPERATE":68582118.6,"NETCASH_INVEST":-10073817,"NETCASH_FINANCE":-23012125.2,"END_CASH":65022881.4,"DIVI_RATIO":null,"DIVIDEND_RATE":null,"CURRENT_RATIO":2.624666057962,"COMMON_ACS":1000000000,"CURRENTDEBT_DEBT":34.824236000707,"ISSUED_COMMON_SHARES":539906081,"HK_COMMON_SHARES":539906081,"PER_SHARES":5000,"TOTAL_MARKET_CAP":620891993.15,"HKSK_MARKET_CAP":620891993.15,"PE_TTM":43.043899487923,"PB_TTM":1.440895510053,"REPORT_DATE_SQ":"2022-06-30 00:00:00","REPORT_TYPE_SQ":"2022年中报","OPERATE_INCOME_SQ":438496327,"DPS_HKD":null,"OPERATE_INCOME_QOQ_SQ":-13.985595931505,"NET_PROFIT_RATIO_SQ":3.025343015,"HOLDER_PROFIT_SQ":13266018,"HOLDER_PROFIT_QOQ_SQ":-35.513900982816,"ROE_AVG_SQ":4.574370899427,"PE_TTM_SQ":1.117804139157,"PB_TTM_SQ":0.139243691349,"ROA_SQ":2.20544955855,"START_DATE":"2023-01-01 00:00:00","FISCAL_YEAR":"12-31","CURRENCY":"HKD","IS_CNY_CODE":0,"DPS_HKD_LY":null,"ORG_TYPE":"一般企业","PREMIUM_INCOME":null,"PREMIUM_INCOME_YOY":null,"NET_INTEREST_INCOME":null,"NET_INTEREST_INCOME_YOY":null,"FEE_COMMISSION_INCOME":null,"FEE_COMMISSION_INCOME_YOY":null,"ACCOUNTS_RECE_TDAYS":5.358147308106,"INVENTORY_TDAYS":2.28768051596,"CURRENT_ASSETS_TDAYS":1.378174069503,"TOTAL_ASSETS_TDAYS":0.719026031237,"PREMIUM_EXPENSE":null,"LOAN_DEPOSIT":null,"LOAN_EQUITY":null,"LOAN_ASSETS":null,"DEPOSIT_EQUITY":null,"DEPOSIT_ASSETS":null,"EQUITY_MULTIPLIER":2.208754448401,"EQUITY_RATIO":1.208754448399},{"SECUCODE":"01872.HK","SECURITY_CODE":"01872","SECURITY_NAME_ABBR":"冠轈控股","ORG_CODE":"10787654","STD_REPORT_DATE":"2022-12-31 00:00:00","REPORT_DATE":"2022-12-31 00:00:00","DATE_TYPE_CODE":"001","REPORT_TYPE":"2022年年报","PER_NETCASH_OPERATE":-0.077815608,"PER_OI":1.031356274,"BPS":0.612979391873,"BASIC_EPS":0.02902536,"DILUTED_EPS":0.02643381,"OPERATE_INCOME":928220646.6,"OPERATE_INCOME_YOY":-27.3316750729,"GROSS_PROFIT":123093441.9,"GROSS_PROFIT_YOY":-8.011397915807,"HOLDER_PROFIT":26039894.4,"HOLDER_PROFIT_YOY":-49.6895653915,"GROSS_PROFIT_RATIO":13.261226449862,"EPS_TTM":0.028933216,"OPERATE_INCOME_QOQ":-7.185715469556,"NET_PROFIT_RATIO":2.8053560859,"ROE_AVG":8.190414085426,"GROSS_PROFIT_QOQ":8.519197457409,"ROA":3.697815462521,"HOLDER_PROFIT_QOQ":-14.289738565263,"ROE_YEARLY":8.190414085426,"ROIC_YEARLY":3.871002538804,"TOTAL_ASSETS":813539376,"TOTAL_LIABILITIES":482588074.8,"TAX_EBT":19.409688803337,"OCF_SALES":-7.544978390271,"TOTAL_PARENT_EQUITY":330951301.2,"DEBT_ASSET_RATIO":59.3195718654,"OPERATE_PROFIT":40505926.5,"PRETAX_PROFIT":32311445.4,"NETCASH_OPERATE":-70034047.2,"NETCASH_INVEST":-91865264.4,"NETCASH_FINANCE":156265281.9,"END_CASH":28636627.5,"DIVI_RATIO":null,"DIVIDEND_RATE":null,"CURRENT_RATIO":1.418143396729,"COMMON_ACS":1000000000,"CURRENTDEBT_DEBT":64.547622116252,"ISSUED_COMMON_SHARES":539906081,"HK_COMMON_SHARES":539906081,"PER_SHARES":5000,"TOTAL_MARKET_CAP":620891993.15,"HKSK_MARKET_CAP":620891993.15,"PE_TTM":43.043899487923,"PB_TTM":1.440895510053,"REPORT_DATE_SQ":"2021-12-31 00:00:00","REPORT_TYPE_SQ":"2021年年报","OPERATE_INCOME_SQ":1162693429.7,"DPS_HKD":null,"OPERATE_INCOME_QOQ_SQ":6.86946944004,"NET_PROFIT_RATIO_SQ":4.0520526045,"HOLDER_PROFIT_SQ":47112949.4,"HOLDER_PROFIT_QOQ_SQ":4.557735461796,"ROE_AVG_SQ":18.549270920405,"PE_TTM_SQ":1.117804139157,"PB_TTM_SQ":0.139243691349,"ROA_SQ":8.863287386724,"START_DATE":"2022-01-01 00:00:00","FISCAL_YEAR":"12-31","CURRENCY":"HKD","IS_CNY_CODE":0,"DPS_HKD_LY":null,"ORG_TYPE":"一般企业","PREMIUM_INCOME":null,"PREMIUM_INCOME_YOY":null,"NET_INTEREST_INCOME":null,"NET_INTEREST_INCOME_YOY":null,"FEE_COMMISSION_INCOME":null,"FEE_COMMISSION_INCOME_YOY":null,"ACCOUNTS_RECE_TDAYS":9.021510251373,"INVENTORY_TDAYS":3.438865643887,"CURRENT_ASSETS_TDAYS":2.290614907428,"TOTAL_ASSETS_TDAYS":1.31812695048,"PREMIUM_EXPENSE":null,"LOAN_DEPOSIT":null,"LOAN_EQUITY":null,"LOAN_ASSETS":null,"DEPOSIT_EQUITY":null,"DEPOSIT_ASSETS":null,"EQUITY_MULTIPLIER":2.458184551773,"EQUITY_RATIO":1.458184551776},{"SECUCODE":"01872.HK","SECURITY_CODE":"01872","SECURITY_NAME_ABBR":"冠轈控股","ORG_CODE":"10787654","STD_REPORT_DATE":"2022-06-30 00:00:00","REPORT_DATE":"2022-06-30 00:00:00","DATE_TYPE_CODE":"002","REPORT_TYPE":"2022年中报","PER_NETCASH_OPERATE":0.000497756667,"PER_OI":0.487218141111,"BPS":0.549429807219,"BASIC_EPS":0.0149327,"DILUTED_EPS":0.0134876,"OPERATE_INCOME":438496327,"OPERATE_INCOME_YOY":-27.2682965804,"GROSS_PROFIT":53039987,"GROSS_PROFIT_YOY":-27.761740171947,"HOLDER_PROFIT":13266018,"HOLDER_PROFIT_YOY":-55.9077809798,"GROSS_PROFIT_RATIO":12.09587942569,"EPS_TTM":0.033757003556,"OPERATE_INCOME_QOQ":-13.985595931505,"NET_PROFIT_RATIO":3.025343015,"ROE_AVG":4.574370899427,"GROSS_PROFIT_QOQ":-15.232876542147,"ROA":2.20544955855,"HOLDER_PROFIT_QOQ":-35.513900982816,"ROE_YEARLY":9.148741798854,"ROIC_YEARLY":4.662245377326,"TOTAL_ASSETS":650184209,"TOTAL_LIABILITIES":353447375,"TAX_EBT":14.472049689441,"OCF_SALES":0.102162999418,"TOTAL_PARENT_EQUITY":296640494,"DEBT_ASSET_RATIO":54.3611133749,"OPERATE_PROFIT":17938508,"PRETAX_PROFIT":15510740,"NETCASH_OPERATE":447981,"NETCASH_INVEST":-56864685,"NETCASH_FINANCE":57380104,"END_CASH":32813404,"DIVI_RATIO":null,"DIVIDEND_RATE":null,"CURRENT_RATIO":1.686776233743,"COMMON_ACS":1000000000,"CURRENTDEBT_DEBT":61.197955706985,"ISSUED_COMMON_SHARES":539906081,"HK_COMMON_SHARES":539906081,"PER_SHARES":5000,"TOTAL_MARKET_CAP":620891993.15,"HKSK_MARKET_CAP":620891993.15,"PE_TTM":43.043899487923,"PB_TTM":1.440895510053,"REPORT_DATE_SQ":"2021-06-30 00:00:00","REPORT_TYPE_SQ":"2021年中报","OPERATE_INCOME_SQ":601105932,"DPS_HKD":null,"OPERATE_INCOME_QOQ_SQ":37.138966759199,"NET_PROFIT_RATIO_SQ":4.9904122723,"HOLDER_PROFIT_SQ":29997664.2,"HOLDER_PROFIT_QOQ_SQ":181.145109050012,"ROE_AVG_SQ":12.019628596171,"PE_TTM_SQ":1.117804139157,"PB_TTM_SQ":0.139243691349,"ROA_SQ":5.387176346794,"START_DATE":"2022-01-01 00:00:00","FISCAL_YEAR":"12-31","CURRENCY":"HKD","IS_CNY_CODE":0,"DPS_HKD_LY":null,"ORG_TYPE":"一般企业","PREMIUM_INCOME":null,"PREMIUM_INCOME_YOY":null,"NET_INTEREST_INCOME":null,"NET_INTEREST_INCOME_YOY":null,"FEE_COMMISSION_INCOME":null,"FEE_COMMISSION_INCOME_YOY":null,"ACCOUNTS_RECE_TDAYS":4.410202994041,"INVENTORY_TDAYS":2.03240881845,"CURRENT_ASSETS_TDAYS":1.239537306218,"TOTAL_ASSETS_TDAYS":0.728991571403,"PREMIUM_EXPENSE":null,"LOAN_DEPOSIT":null,"LOAN_EQUITY":null,"LOAN_ASSETS":null,"DEPOSIT_EQUITY":null,"DEPOSIT_ASSETS":null,"EQUITY_MULTIPLIER":2.191113924874,"EQUITY_RATIO":1.19150076321},{"SECUCODE":"01872.HK","SECURITY_CODE":"01872","SECURITY_NAME_ABBR":"冠轈控股","ORG_CODE":"10787654","STD_REPORT_DATE":"2021-12-31 00:00:00","REPORT_DATE":"2021-12-31 00:00:00","DATE_TYPE_CODE":"001","REPORT_TYPE":"2021年年报","PER_NETCASH_OPERATE":0.054994987667,"PER_OI":1.291881588556,"BPS":0.514060928312,"BASIC_EPS":0.05236869,"DILUTED_EPS":0.04765079,"OPERATE_INCOME":1162693429.7,"OPERATE_INCOME_YOY":53.191978716,"GROSS_PROFIT":133813797.7,"GROSS_PROFIT_YOY":47.401012872767,"HOLDER_PROFIT":47112949.4,"HOLDER_PROFIT_YOY":207.2615384615,"GROSS_PROFIT_RATIO":11.508949331083,"EPS_TTM":0.052347721556,"OPERATE_INCOME_QOQ":6.86946944004,"NET_PROFIT_RATIO":4.0520526045,"ROE_AVG":18.549270920405,"GROSS_PROFIT_QOQ":8.191416630922,"ROA":8.863287386724,"HOLDER_PROFIT_QOQ":4.557735461796,"ROE_YEARLY":18.549270920405,"ROIC_YEARLY":9.425912291631,"TOTAL_ASSETS":541463947.2,"TOTAL_LIABILITIES":263824968,"TAX_EBT":19.715479826395,"OCF_SALES":4.256968142735,"TOTAL_PARENT_EQUITY":277544621.2,"DEBT_ASSET_RATIO":48.7243831033,"OPERATE_PROFIT":66739413.4,"PRETAX_PROFIT":58700111.8,"NETCASH_OPERATE":49495488.9,"NETCASH_INVEST":-22263770.1,"NETCASH_FINANCE":-28203606.2,"END_CASH":31194754.8,"DIVI_RATIO":null,"DIVIDEND_RATE":null,"CURRENT_RATIO":2.285493975904,"COMMON_ACS":1000000000,"CURRENTDEBT_DEBT":55.659871244635,"ISSUED_COMMON_SHARES":539906081,"HK_COMMON_SHARES":539906081,"PER_SHARES":5000,"TOTAL_MARKET_CAP":620891993.15,"HKSK_MARKET_CAP":620891993.15,"PE_TTM":43.043899487923,"PB_TTM":1.440895510053,"REPORT_DATE_SQ":"2020-12-31 00:00:00","REPORT_TYPE_SQ":"2020年年报","OPERATE_INCOME_SQ":793324180.8,"DPS_HKD":null,"OPERATE_INCOME_QOQ_SQ":-1.644581814182,"NET_PROFIT_RATIO_SQ":2.0202396937,"HOLDER_PROFIT_SQ":16027050,"HOLDER_PROFIT_QOQ_SQ":76.898686408559,"ROE_AVG_SQ":6.989698260103,"PE_TTM_SQ":1.117804139157,"PB_TTM_SQ":0.139243691349,"ROA_SQ":2.934206071549,"START_DATE":"2021-01-01 00:00:00","FISCAL_YEAR":"12-31","CURRENCY":"HKD","IS_CNY_CODE":0,"DPS_HKD_LY":null,"ORG_TYPE":"一般企业","PREMIUM_INCOME":null,"PREMIUM_INCOME_YOY":null,"NET_INTEREST_INCOME":null,"NET_INTEREST_INCOME_YOY":null,"FEE_COMMISSION_INCOME":null,"FEE_COMMISSION_INCOME_YOY":null,"ACCOUNTS_RECE_TDAYS":13.574013384374,"INVENTORY_TDAYS":5.631286070262,"CURRENT_ASSETS_TDAYS":3.548571963397,"TOTAL_ASSETS_TDAYS":2.187357433854,"PREMIUM_EXPENSE":null,"LOAN_DEPOSIT":null,"LOAN_EQUITY":null,"LOAN_ASSETS":null,"DEPOSIT_EQUITY":null,"DEPOSIT_ASSETS":null,"EQUITY_MULTIPLIER":1.950244698205,"EQUITY_RATIO":0.95056775685},{"SECUCODE":"01872.HK","SECURITY_CODE":"01872","SECURITY_NAME_ABBR":"冠轈控股","ORG_CODE":"10787654","STD_REPORT_DATE":"2021-06-30 00:00:00","REPORT_DATE":"2021-06-30 00:00:00","DATE_TYPE_CODE":"002","REPORT_TYPE":"2021年中报","PER_NETCASH_OPERATE":-0.017871380333,"PER_OI":0.66789548,"BPS":0.490031779435,"BASIC_EPS":0.03313863,"DILUTED_EPS":0.03313863,"OPERATE_INCOME":601105932,"OPERATE_INCOME_YOY":107.5140100143,"GROSS_PROFIT":73423677.6,"GROSS_PROFIT_YOY":81.188489826271,"HOLDER_PROFIT":29997664.2,"HOLDER_PROFIT_YOY":3187.3684210526,"GROSS_PROFIT_RATIO":12.214765100671,"EPS_TTM":0.050065852444,"OPERATE_INCOME_QOQ":37.138966759199,"NET_PROFIT_RATIO":4.9904122723,"ROE_AVG":12.019628596171,"GROSS_PROFIT_QOQ":36.240949109302,"ROA":5.387176346794,"HOLDER_PROFIT_QOQ":181.145109050012,"ROE_YEARLY":24.039257192341,"ROIC_YEARLY":11.400358656817,"TOTAL_ASSETS":582653958.6,"TOTAL_LIABILITIES":318082821,"TAX_EBT":19.166558819723,"OCF_SALES":-2.67577500799,"TOTAL_PARENT_EQUITY":264571137.6,"DEBT_ASSET_RATIO":54.5920638322,"OPERATE_PROFIT":42427051.8,"PRETAX_PROFIT":37110462.9,"NETCASH_OPERATE":-16084242.3,"NETCASH_INVEST":-2550233.7,"NETCASH_FINANCE":14297637.9,"END_CASH":28407970.5,"DIVI_RATIO":null,"DIVIDEND_RATE":null,"CURRENT_RATIO":2.007401774398,"COMMON_ACS":1000000000,"CURRENTDEBT_DEBT":59.565151743923,"ISSUED_COMMON_SHARES":539906081,"HK_COMMON_SHARES":539906081,"PER_SHARES":5000,"TOTAL_MARKET_CAP":620891993.15,"HKSK_MARKET_CAP":620891993.15,"PE_TTM":43.043899487923,"PB_TTM":1.440895510053,"REPORT_DATE_SQ":"2020-06-30 00:00:00","REPORT_TYPE_SQ":"2020年中报","OPERATE_INCOME_SQ":306473528.2,"DPS_HKD":null,"OPERATE_INCOME_QOQ_SQ":-16.620339715491,"NET_PROFIT_RATIO_SQ":0.3150180721,"HOLDER_PROFIT_SQ":965447,"HOLDER_PROFIT_QOQ_SQ":-41.746506278757,"ROE_AVG_SQ":0.4223489269,"PE_TTM_SQ":1.117804139157,"PB_TTM_SQ":0.139243691349,"ROA_SQ":0.173506474531,"START_DATE":"2021-01-01 00:00:00","FISCAL_YEAR":"12-31","CURRENCY":"HKD","IS_CNY_CODE":0,"DPS_HKD_LY":null,"ORG_TYPE":"一般企业","PREMIUM_INCOME":null,"PREMIUM_INCOME_YOY":null,"NET_INTEREST_INCOME":null,"NET_INTEREST_INCOME_YOY":null,"FEE_COMMISSION_INCOME":null,"FEE_COMMISSION_INCOME_YOY":null,"ACCOUNTS_RECE_TDAYS":5.407881092292,"INVENTORY_TDAYS":2.900604556614,"CURRENT_ASSETS_TDAYS":1.703401767912,"TOTAL_ASSETS_TDAYS":1.079505269876,"PREMIUM_EXPENSE":null,"LOAN_DEPOSIT":null,"LOAN_EQUITY":null,"LOAN_ASSETS":null,"DEPOSIT_EQUITY":null,"DEPOSIT_ASSETS":null,"EQUITY_MULTIPLIER":2.202258205052,"EQUITY_RATIO":1.202258205054},{"SECUCODE":"01872.HK","SECURITY_CODE":"01872","SECURITY_NAME_ABBR":"冠轈控股","ORG_CODE":"10787654","STD_REPORT_DATE":"2020-12-31 00:00:00","REPORT_DATE":"2020-12-31 00:00:00","DATE_TYPE_CODE":"001","REPORT_TYPE":"2020年年报","PER_NETCASH_OPERATE":0.031139051333,"PER_OI":0.881471312,"BPS":0.44611358767,"BASIC_EPS":0.01775304,"DILUTED_EPS":0.01775304,"OPERATE_INCOME":793324180.8,"OPERATE_INCOME_YOY":-13.9588492333,"GROSS_PROFIT":90782142.6,"GROSS_PROFIT_YOY":-16.223392686548,"HOLDER_PROFIT":16027050,"HOLDER_PROFIT_YOY":8.1170991351,"GROSS_PROFIT_RATIO":11.443259237158,"EPS_TTM":0.017807833333,"OPERATE_INCOME_QOQ":-1.644581814182,"NET_PROFIT_RATIO":2.0202396937,"ROE_AVG":6.989698260103,"GROSS_PROFIT_QOQ":-3.178215259357,"ROA":2.934206071549,"HOLDER_PROFIT_QOQ":76.898686408559,"ROE_YEARLY":6.989698260103,"ROIC_YEARLY":3.169834875986,"TOTAL_ASSETS":545245172.4,"TOTAL_LIABILITIES":304385733.6,"TAX_EBT":20.847540185095,"OCF_SALES":3.532622208961,"TOTAL_PARENT_EQUITY":240859438.8,"DEBT_ASSET_RATIO":55.8254798039,"OPERATE_PROFIT":30402081,"PRETAX_PROFIT":20248328.4,"NETCASH_OPERATE":28025146.2,"NETCASH_INVEST":-6302329.2,"NETCASH_FINANCE":-35683610.4,"END_CASH":33622285.2,"DIVI_RATIO":null,"DIVIDEND_RATE":null,"CURRENT_RATIO":2.100074381702,"COMMON_ACS":1000000000,"CURRENTDEBT_DEBT":52.274641954507,"ISSUED_COMMON_SHARES":539906081,"HK_COMMON_SHARES":539906081,"PER_SHARES":5000,"TOTAL_MARKET_CAP":620891993.15,"HKSK_MARKET_CAP":620891993.15,"PE_TTM":43.043899487923,"PB_TTM":1.440895510053,"REPORT_DATE_SQ":"2019-12-31 00:00:00","REPORT_TYPE_SQ":"2019年年报","OPERATE_INCOME_SQ":967369256.9,"DPS_HKD":null,"OPERATE_INCOME_QOQ_SQ":2.842267729974,"NET_PROFIT_RATIO_SQ":1.6077359591,"HOLDER_PROFIT_SQ":15552743.4,"HOLDER_PROFIT_QOQ_SQ":-32.535095981381,"ROE_AVG_SQ":8.363474486673,"PE_TTM_SQ":1.117804139157,"PB_TTM_SQ":0.139243691349,"ROA_SQ":2.843622931513,"START_DATE":"2020-01-01 00:00:00","FISCAL_YEAR":"12-31","CURRENCY":"HKD","IS_CNY_CODE":0,"DPS_HKD_LY":null,"ORG_TYPE":"一般企业","PREMIUM_INCOME":null,"PREMIUM_INCOME_YOY":null,"NET_INTEREST_INCOME":null,"NET_INTEREST_INCOME_YOY":null,"FEE_COMMISSION_INCOME":null,"FEE_COMMISSION_INCOME_YOY":null,"ACCOUNTS_RECE_TDAYS":6.955574291459,"INVENTORY_TDAYS":4.742206614184,"CURRENT_ASSETS_TDAYS":2.388845165793,"TOTAL_ASSETS_TDAYS":1.452404920438,"PREMIUM_EXPENSE":null,"LOAN_DEPOSIT":null,"LOAN_EQUITY":null,"LOAN_ASSETS":null,"DEPOSIT_EQUITY":null,"DEPOSIT_ASSETS":null,"EQUITY_MULTIPLIER":2.26374841325,"EQUITY_RATIO":1.263748413251},{"SECUCODE":"01872.HK","SECURITY_CODE":"01872","SECURITY_NAME_ABBR":"冠轈控股","ORG_CODE":"10787654","STD_REPORT_DATE":"2020-06-30 00:00:00","REPORT_DATE":"2020-06-30 00:00:00","DATE_TYPE_CODE":"002","REPORT_TYPE":"2020年中报","PER_NETCASH_OPERATE":0.026530031889,"PER_OI":0.340526142444,"BPS":0.431242128017,"BASIC_EPS":0.00101626,"DILUTED_EPS":0.00101626,"OPERATE_INCOME":306473528.2,"OPERATE_INCOME_YOY":-34.419919539,"GROSS_PROFIT":40523367.5,"GROSS_PROFIT_YOY":-26.486121825703,"HOLDER_PROFIT":965447,"HOLDER_PROFIT_YOY":-87.0572207084,"GROSS_PROFIT_RATIO":13.222469078489,"EPS_TTM":0.010066684889,"OPERATE_INCOME_QOQ":-16.620339715491,"NET_PROFIT_RATIO":0.3150180721,"ROE_AVG":0.4223489269,"GROSS_PROFIT_QOQ":-13.473390789207,"ROA":0.173506474531,"HOLDER_PROFIT_QOQ":-41.746506278757,"ROE_YEARLY":0.844697853801,"ROIC_YEARLY":0.378361693866,"TOTAL_ASSETS":549049708.9,"TOTAL_LIABILITIES":316219461.6,"TAX_EBT":67.409948542024,"OCF_SALES":7.790894319727,"TOTAL_PARENT_EQUITY":232830247.3,"DEBT_ASSET_RATIO":57.5939585204,"OPERATE_PROFIT":8313006.8,"PRETAX_PROFIT":2962397.9,"NETCASH_OPERATE":23877028.7,"NETCASH_INVEST":-4522357,"NETCASH_FINANCE":-25208329.3,"END_CASH":43175806.1,"DIVI_RATIO":null,"DIVIDEND_RATE":null,"CURRENT_RATIO":1.910771896284,"COMMON_ACS":1000000000,"CURRENTDEBT_DEBT":53.792261216095,"ISSUED_COMMON_SHARES":539906081,"HK_COMMON_SHARES":539906081,"PER_SHARES":5000,"TOTAL_MARKET_CAP":620891993.15,"HKSK_MARKET_CAP":620891993.15,"PE_TTM":43.043899487923,"PB_TTM":1.440895510053,"REPORT_DATE_SQ":"2019-06-30 00:00:00","REPORT_TYPE_SQ":"2019年中报","OPERATE_INCOME_SQ":467253585,"DPS_HKD":null,"OPERATE_INCOME_QOQ_SQ":1.567874440994,"NET_PROFIT_RATIO_SQ":1.596172665,"HOLDER_PROFIT_SQ":7458174,"HOLDER_PROFIT_QOQ_SQ":-38.020044114071,"ROE_AVG_SQ":4.173655929264,"PE_TTM_SQ":1.117804139157,"PB_TTM_SQ":0.139243691349,"ROA_SQ":1.444544668204,"START_DATE":"2020-01-01 00:00:00","FISCAL_YEAR":"12-31","CURRENCY":"HKD","IS_CNY_CODE":0,"DPS_HKD_LY":null,"ORG_TYPE":"一般企业","PREMIUM_INCOME":null,"PREMIUM_INCOME_YOY":null,"NET_INTEREST_INCOME":null,"NET_INTEREST_INCOME_YOY":null,"FEE_COMMISSION_INCOME":null,"FEE_COMMISSION_INCOME_YOY":null,"ACCOUNTS_RECE_TDAYS":2.895326788757,"INVENTORY_TDAYS":1.779874855472,"CURRENT_ASSETS_TDAYS":0.921598288639,"TOTAL_ASSETS_TDAYS":0.550782605519,"PREMIUM_EXPENSE":null,"LOAN_DEPOSIT":null,"LOAN_EQUITY":null,"LOAN_ASSETS":null,"DEPOSIT_EQUITY":null,"DEPOSIT_ASSETS":null,"EQUITY_MULTIPLIER":2.358154557956,"EQUITY_RATIO":1.358154557954}],"count":18},"success":true,"message":"ok","code":0}