{"version":"b5935095d4fce6c8b3fdb76b55ba1e96","result":{"pages":5,"data":[{"SECUCODE":"01889.HK","SECURITY_CODE":"01889","SECURITY_NAME_ABBR":"三爱健康集团","ORG_CODE":"10086472","STD_REPORT_DATE":"2024-06-30 00:00:00","REPORT_DATE":"2024-06-30 00:00:00","DATE_TYPE_CODE":"002","REPORT_TYPE":"2024年中报","PER_NETCASH_OPERATE":0.001918655998,"PER_OI":0.009608715049,"BPS":2.128899792114,"BASIC_EPS":0.0037,"DILUTED_EPS":0.0037,"OPERATE_INCOME":36729000,"OPERATE_INCOME_YOY":-40.0724436685,"GROSS_PROFIT":6821000,"GROSS_PROFIT_YOY":-72.048518624759,"HOLDER_PROFIT":9971000,"HOLDER_PROFIT_YOY":-35.848935212,"GROSS_PROFIT_RATIO":18.571156307005,"EPS_TTM":0.003416902917,"OPERATE_INCOME_QOQ":-20.114989598519,"NET_PROFIT_RATIO":26.2871300607,"ROE_AVG":3.380257816274,"GROSS_PROFIT_QOQ":-49.970157737672,"ROA":2.30840108903,"HOLDER_PROFIT_QOQ":-29.903933880749,"ROE_YEARLY":6.760515632548,"ROIC_YEARLY":25.562570100945,"TOTAL_ASSETS":480448000,"TOTAL_LIABILITIES":125107000,"TAX_EBT":13.345898402441,"OCF_SALES":19.967872798062,"TOTAL_PARENT_EQUITY":325506000,"DEBT_ASSET_RATIO":26.0396546557,"OPERATE_PROFIT":12353000,"PRETAX_PROFIT":11142000,"NETCASH_OPERATE":7334000,"NETCASH_INVEST":-37000,"NETCASH_FINANCE":643000,"END_CASH":340332000,"DIVI_RATIO":null,"DIVIDEND_RATE":null,"CURRENT_RATIO":4.207442268208,"COMMON_ACS":10000000000,"CURRENTDEBT_DEBT":69.295882724388,"ISSUED_COMMON_SHARES":152898695,"HK_COMMON_SHARES":152898695,"PER_SHARES":5000,"TOTAL_MARKET_CAP":50456569.35,"HKSK_MARKET_CAP":50456569.35,"PE_TTM":3.449333776396,"PB_TTM":0.141474202363,"REPORT_DATE_SQ":"2023-06-30 00:00:00","REPORT_TYPE_SQ":"2023年中报","OPERATE_INCOME_SQ":61289000,"DPS_HKD":null,"OPERATE_INCOME_QOQ_SQ":2.960954508507,"NET_PROFIT_RATIO_SQ":25.2883878021,"HOLDER_PROFIT_SQ":15543000,"HOLDER_PROFIT_QOQ_SQ":25.580997364548,"ROE_AVG_SQ":6.165361639336,"PE_TTM_SQ":4.55964914905,"PB_TTM_SQ":0.652345662902,"ROA_SQ":4.051866392423,"START_DATE":"2024-01-01 00:00:00","FISCAL_YEAR":"12-31","CURRENCY":"HKD","IS_CNY_CODE":0,"DPS_HKD_LY":null,"ORG_TYPE":"一般企业","PREMIUM_INCOME":null,"PREMIUM_INCOME_YOY":null,"NET_INTEREST_INCOME":null,"NET_INTEREST_INCOME_YOY":null,"FEE_COMMISSION_INCOME":null,"FEE_COMMISSION_INCOME_YOY":null,"ACCOUNTS_RECE_TDAYS":1.823865329228,"INVENTORY_TDAYS":5.887401574803,"CURRENT_ASSETS_TDAYS":0.10013836538,"TOTAL_ASSETS_TDAYS":0.085031855981,"PREMIUM_EXPENSE":null,"LOAN_DEPOSIT":null,"LOAN_EQUITY":null,"LOAN_ASSETS":null,"DEPOSIT_EQUITY":null,"DEPOSIT_ASSETS":null,"EQUITY_MULTIPLIER":1.352075893298,"EQUITY_RATIO":0.384346217888},{"SECUCODE":"01889.HK","SECURITY_CODE":"01889","SECURITY_NAME_ABBR":"三爱健康集团","ORG_CODE":"10086472","STD_REPORT_DATE":"2023-12-31 00:00:00","REPORT_DATE":"2023-12-31 00:00:00","DATE_TYPE_CODE":"001","REPORT_TYPE":"2023年年报","PER_NETCASH_OPERATE":0.099895567986,"PER_OI":0.038034123803,"BPS":1.729570026742,"BASIC_EPS":0.0058,"DILUTED_EPS":0.0051,"OPERATE_INCOME":122098000,"OPERATE_INCOME_YOY":-30.5957720139,"GROSS_PROFIT":35185000,"GROSS_PROFIT_YOY":-61.61985274066,"HOLDER_PROFIT":18633000,"HOLDER_PROFIT_YOY":-36.2254851627,"GROSS_PROFIT_RATIO":28.817015839735,"EPS_TTM":0.005804270576,"OPERATE_INCOME_QOQ":-32.591701079875,"NET_PROFIT_RATIO":10.9477632721,"ROE_AVG":7.306514416573,"GROSS_PROFIT_QOQ":-55.726545198309,"ROA":4.850707899289,"HOLDER_PROFIT_QOQ":-49.216429097054,"ROE_YEARLY":7.306514416573,"ROIC_YEARLY":9.357767755803,"TOTAL_ASSETS":383440000,"TOTAL_LIABILITIES":113769000,"TAX_EBT":40.229833661241,"OCF_SALES":262.647217808646,"TOTAL_PARENT_EQUITY":264449000,"DEBT_ASSET_RATIO":29.6706133945,"OPERATE_PROFIT":24416000,"PRETAX_PROFIT":22364000,"NETCASH_OPERATE":320687000,"NETCASH_INVEST":363000,"NETCASH_FINANCE":-9603000,"END_CASH":332474000,"DIVI_RATIO":null,"DIVIDEND_RATE":null,"CURRENT_RATIO":6.232656786034,"COMMON_ACS":400000000,"CURRENTDEBT_DEBT":52.011532139687,"ISSUED_COMMON_SHARES":152898695,"HK_COMMON_SHARES":152898695,"PER_SHARES":5000,"TOTAL_MARKET_CAP":48163088.925,"HKSK_MARKET_CAP":48163088.925,"PE_TTM":3.292545877469,"PB_TTM":0.135043556801,"REPORT_DATE_SQ":"2022-12-31 00:00:00","REPORT_TYPE_SQ":"2022年年报","OPERATE_INCOME_SQ":175923000,"DPS_HKD":null,"OPERATE_INCOME_QOQ_SQ":83.864090049226,"NET_PROFIT_RATIO_SQ":20.0070485383,"HOLDER_PROFIT_SQ":29217000,"HOLDER_PROFIT_QOQ_SQ":170.102616252196,"ROE_AVG_SQ":13.141276480907,"PE_TTM_SQ":4.23967377017,"PB_TTM_SQ":0.606567019891,"ROA_SQ":8.39501419426,"START_DATE":"2023-01-01 00:00:00","FISCAL_YEAR":"12-31","CURRENCY":"HKD","IS_CNY_CODE":0,"DPS_HKD_LY":null,"ORG_TYPE":"一般企业","PREMIUM_INCOME":null,"PREMIUM_INCOME_YOY":null,"NET_INTEREST_INCOME":null,"NET_INTEREST_INCOME_YOY":null,"FEE_COMMISSION_INCOME":null,"FEE_COMMISSION_INCOME_YOY":null,"ACCOUNTS_RECE_TDAYS":6.322881333989,"INVENTORY_TDAYS":187.92,"CURRENT_ASSETS_TDAYS":0.336247896695,"TOTAL_ASSETS_TDAYS":0.317856347924,"PREMIUM_EXPENSE":null,"LOAN_DEPOSIT":null,"LOAN_EQUITY":null,"LOAN_ASSETS":null,"DEPOSIT_EQUITY":null,"DEPOSIT_ASSETS":null,"EQUITY_MULTIPLIER":1.421880736156,"EQUITY_RATIO":0.430211496357},{"SECUCODE":"01889.HK","SECURITY_CODE":"01889","SECURITY_NAME_ABBR":"三爱健康集团","ORG_CODE":"10086472","STD_REPORT_DATE":"2023-06-30 00:00:00","REPORT_DATE":"2023-06-30 00:00:00","DATE_TYPE_CODE":"002","REPORT_TYPE":"2023年中报","PER_NETCASH_OPERATE":0.051792360187,"PER_OI":0.019091823075,"BPS":1.691414043789,"BASIC_EPS":0.0048,"DILUTED_EPS":0.0048,"OPERATE_INCOME":61289000,"OPERATE_INCOME_YOY":9.2885164051,"GROSS_PROFIT":24403000,"GROSS_PROFIT_YOY":-33.336065125936,"HOLDER_PROFIT":15543000,"HOLDER_PROFIT_YOY":92.6260998885,"GROSS_PROFIT_RATIO":39.816280246047,"EPS_TTM":0.011429425842,"OPERATE_INCOME_QOQ":2.960954508507,"NET_PROFIT_RATIO":25.2883878021,"ROE_AVG":6.165361639336,"GROSS_PROFIT_QOQ":-13.311153531497,"ROA":4.051866392423,"HOLDER_PROFIT_QOQ":25.580997364548,"ROE_YEARLY":12.330723278673,"ROIC_YEARLY":11.350889492595,"TOTAL_ASSETS":382383000,"TOTAL_LIABILITIES":113324000,"TAX_EBT":22.466233116558,"OCF_SALES":271.280327628123,"TOTAL_PARENT_EQUITY":258615000,"DEBT_ASSET_RATIO":29.6362547498,"OPERATE_PROFIT":20838000,"PRETAX_PROFIT":19990000,"NETCASH_OPERATE":166265000,"NETCASH_INVEST":209000,"NETCASH_FINANCE":-10556000,"END_CASH":176703000,"DIVI_RATIO":null,"DIVIDEND_RATE":null,"CURRENT_RATIO":6.61979260758,"COMMON_ACS":400000000,"CURRENTDEBT_DEBT":48.845787300131,"ISSUED_COMMON_SHARES":152898695,"HK_COMMON_SHARES":152898695,"PER_SHARES":5000,"TOTAL_MARKET_CAP":48163088.925,"HKSK_MARKET_CAP":48163088.925,"PE_TTM":3.292545877469,"PB_TTM":0.135043556801,"REPORT_DATE_SQ":"2022-06-30 00:00:00","REPORT_TYPE_SQ":"2022年中报","OPERATE_INCOME_SQ":56080000,"DPS_HKD":null,"OPERATE_INCOME_QOQ_SQ":41.523192521595,"NET_PROFIT_RATIO_SQ":25.9290299572,"HOLDER_PROFIT_SQ":8069000,"HOLDER_PROFIT_QOQ_SQ":19.85595567867,"ROE_AVG_SQ":3.902715068911,"PE_TTM_SQ":4.23967377017,"PB_TTM_SQ":0.606567019891,"ROA_SQ":2.251332273095,"START_DATE":"2023-01-01 00:00:00","FISCAL_YEAR":"12-31","CURRENCY":"HKD","IS_CNY_CODE":0,"DPS_HKD_LY":null,"ORG_TYPE":"一般企业","PREMIUM_INCOME":null,"PREMIUM_INCOME_YOY":null,"NET_INTEREST_INCOME":null,"NET_INTEREST_INCOME_YOY":null,"FEE_COMMISSION_INCOME":null,"FEE_COMMISSION_INCOME_YOY":null,"ACCOUNTS_RECE_TDAYS":3.501828362473,"INVENTORY_TDAYS":33.33574333484,"CURRENT_ASSETS_TDAYS":0.169338205328,"TOTAL_ASSETS_TDAYS":0.159772784742,"PREMIUM_EXPENSE":null,"LOAN_DEPOSIT":null,"LOAN_EQUITY":null,"LOAN_ASSETS":null,"DEPOSIT_EQUITY":null,"DEPOSIT_ASSETS":null,"EQUITY_MULTIPLIER":1.421186431228,"EQUITY_RATIO":0.43819577364},{"SECUCODE":"01889.HK","SECURITY_CODE":"01889","SECURITY_NAME_ABBR":"三爱健康集团","ORG_CODE":"10086472","STD_REPORT_DATE":"2022-12-31 00:00:00","REPORT_DATE":"2022-12-31 00:00:00","DATE_TYPE_CODE":"001","REPORT_TYPE":"2022年年报","PER_NETCASH_OPERATE":-0.017580127791,"PER_OI":0.055040911576,"BPS":1.606220380102,"BASIC_EPS":0.0095,"DILUTED_EPS":0.0089,"OPERATE_INCOME":175923000,"OPERATE_INCOME_YOY":160.2103301384,"GROSS_PROFIT":91675000,"GROSS_PROFIT_YOY":126.051041795093,"HOLDER_PROFIT":29217000,"HOLDER_PROFIT_YOY":223.7340720222,"GROSS_PROFIT_RATIO":52.110866685993,"EPS_TTM":0.009141103287,"OPERATE_INCOME_QOQ":83.864090049226,"NET_PROFIT_RATIO":20.0070485383,"ROE_AVG":13.141276480907,"GROSS_PROFIT_QOQ":52.155150951851,"ROA":8.39501419426,"HOLDER_PROFIT_QOQ":170.102616252196,"ROE_YEARLY":13.141276480907,"ROIC_YEARLY":9.320330743023,"TOTAL_ASSETS":384819000,"TOTAL_LIABILITIES":128742000,"TAX_EBT":36.890140036937,"OCF_SALES":-31.940110161832,"TOTAL_PARENT_EQUITY":245589000,"DEBT_ASSET_RATIO":33.4552088125,"OPERATE_PROFIT":69769000,"PRETAX_PROFIT":55771000,"NETCASH_OPERATE":-56190000,"NETCASH_INVEST":-15000,"NETCASH_FINANCE":61778000,"END_CASH":21839000,"DIVI_RATIO":null,"DIVIDEND_RATE":null,"CURRENT_RATIO":2.823637685052,"COMMON_ACS":400000000,"CURRENTDEBT_DEBT":98.325332836215,"ISSUED_COMMON_SHARES":152898695,"HK_COMMON_SHARES":152898695,"PER_SHARES":5000,"TOTAL_MARKET_CAP":48163088.925,"HKSK_MARKET_CAP":48163088.925,"PE_TTM":3.292545877469,"PB_TTM":0.135043556801,"REPORT_DATE_SQ":"2021-12-31 00:00:00","REPORT_TYPE_SQ":"2021年年报","OPERATE_INCOME_SQ":67608000,"DPS_HKD":null,"OPERATE_INCOME_QOQ_SQ":-25.225623783401,"NET_PROFIT_RATIO_SQ":24.9600638978,"HOLDER_PROFIT_SQ":9025000,"HOLDER_PROFIT_QOQ_SQ":-12.225248006224,"ROE_AVG_SQ":4.6524695463,"PE_TTM_SQ":4.23967377017,"PB_TTM_SQ":0.606567019891,"ROA_SQ":2.998901787213,"START_DATE":"2022-01-01 00:00:00","FISCAL_YEAR":"12-31","CURRENCY":"HKD","IS_CNY_CODE":0,"DPS_HKD_LY":null,"ORG_TYPE":"一般企业","PREMIUM_INCOME":null,"PREMIUM_INCOME_YOY":null,"NET_INTEREST_INCOME":null,"NET_INTEREST_INCOME_YOY":null,"FEE_COMMISSION_INCOME":null,"FEE_COMMISSION_INCOME_YOY":null,"ACCOUNTS_RECE_TDAYS":5.161151205774,"INVENTORY_TDAYS":41.176930596285,"CURRENT_ASSETS_TDAYS":0.644052718287,"TOTAL_ASSETS_TDAYS":0.505485190847,"PREMIUM_EXPENSE":null,"LOAN_DEPOSIT":null,"LOAN_EQUITY":null,"LOAN_ASSETS":null,"DEPOSIT_EQUITY":null,"DEPOSIT_ASSETS":null,"EQUITY_MULTIPLIER":1.502747220564,"EQUITY_RATIO":0.524217289862},{"SECUCODE":"01889.HK","SECURITY_CODE":"01889","SECURITY_NAME_ABBR":"三爱健康集团","ORG_CODE":"10086472","STD_REPORT_DATE":"2022-06-30 00:00:00","REPORT_DATE":"2022-06-30 00:00:00","DATE_TYPE_CODE":"002","REPORT_TYPE":"2022年中报","PER_NETCASH_OPERATE":0.003890164473,"PER_OI":0.018283642612,"BPS":1.402471093687,"BASIC_EPS":0.0026,"DILUTED_EPS":0.0026,"OPERATE_INCOME":56080000,"OPERATE_INCOME_YOY":100.2356553719,"GROSS_PROFIT":36606000,"GROSS_PROFIT_YOY":116.475458308693,"HOLDER_PROFIT":8069000,"HOLDER_PROFIT_YOY":28.5486697467,"GROSS_PROFIT_RATIO":65.274607703281,"EPS_TTM":0.003526643405,"OPERATE_INCOME_QOQ":41.523192521595,"NET_PROFIT_RATIO":25.9290299572,"ROE_AVG":3.902715068911,"GROSS_PROFIT_QOQ":48.566144741709,"ROA":2.251332273095,"HOLDER_PROFIT_QOQ":19.85595567867,"ROE_YEARLY":7.805430137821,"ROIC_YEARLY":5.717970612933,"TOTAL_ASSETS":405583000,"TOTAL_LIABILITIES":164195000,"TAX_EBT":36.001936534484,"OCF_SALES":21.276747503566,"TOTAL_PARENT_EQUITY":214436000,"DEBT_ASSET_RATIO":40.4836987744,"OPERATE_PROFIT":23417000,"PRETAX_PROFIT":22721000,"NETCASH_OPERATE":11932000,"NETCASH_INVEST":null,"NETCASH_FINANCE":61486000,"END_CASH":88625000,"DIVI_RATIO":null,"DIVIDEND_RATE":null,"CURRENT_RATIO":2.380168131214,"COMMON_ACS":400000000,"CURRENTDEBT_DEBT":99.180243003746,"ISSUED_COMMON_SHARES":152898695,"HK_COMMON_SHARES":152898695,"PER_SHARES":5000,"TOTAL_MARKET_CAP":48163088.925,"HKSK_MARKET_CAP":48163088.925,"PE_TTM":3.292545877469,"PB_TTM":0.135043556801,"REPORT_DATE_SQ":"2021-06-30 00:00:00","REPORT_TYPE_SQ":"2021年中报","OPERATE_INCOME_SQ":28007000,"DPS_HKD":null,"OPERATE_INCOME_QOQ_SQ":-25.524694408751,"NET_PROFIT_RATIO_SQ":31.5456850073,"HOLDER_PROFIT_SQ":6277000,"HOLDER_PROFIT_QOQ_SQ":60.105886016817,"ROE_AVG_SQ":3.278757028799,"PE_TTM_SQ":4.23967377017,"PB_TTM_SQ":0.606567019891,"ROA_SQ":2.099562828004,"START_DATE":"2022-01-01 00:00:00","FISCAL_YEAR":"12-31","CURRENCY":"HKD","IS_CNY_CODE":0,"DPS_HKD_LY":null,"ORG_TYPE":"一般企业","PREMIUM_INCOME":null,"PREMIUM_INCOME_YOY":null,"NET_INTEREST_INCOME":null,"NET_INTEREST_INCOME_YOY":null,"FEE_COMMISSION_INCOME":null,"FEE_COMMISSION_INCOME_YOY":null,"ACCOUNTS_RECE_TDAYS":0.79922471782,"INVENTORY_TDAYS":6.986188340807,"CURRENT_ASSETS_TDAYS":0.194561776313,"TOTAL_ASSETS_TDAYS":0.156468848525,"PREMIUM_EXPENSE":null,"LOAN_DEPOSIT":null,"LOAN_EQUITY":null,"LOAN_ASSETS":null,"DEPOSIT_EQUITY":null,"DEPOSIT_ASSETS":null,"EQUITY_MULTIPLIER":1.680211940943,"EQUITY_RATIO":0.765706317969},{"SECUCODE":"01889.HK","SECURITY_CODE":"01889","SECURITY_NAME_ABBR":"三爱健康集团","ORG_CODE":"10086472","STD_REPORT_DATE":"2021-12-31 00:00:00","REPORT_DATE":"2021-12-31 00:00:00","DATE_TYPE_CODE":"001","REPORT_TYPE":"2021年年报","PER_NETCASH_OPERATE":-0.012628689311,"PER_OI":0.022042091827,"BPS":1.301979719317,"BASIC_EPS":0.0029,"DILUTED_EPS":0.0029,"OPERATE_INCOME":67608000,"OPERATE_INCOME_YOY":-44.3115548087,"GROSS_PROFIT":40555000,"GROSS_PROFIT_YOY":31.15681899033,"HOLDER_PROFIT":9025000,"HOLDER_PROFIT_YOY":40.5325443787,"GROSS_PROFIT_RATIO":59.985504674003,"EPS_TTM":0.002942401472,"OPERATE_INCOME_QOQ":-25.225623783401,"NET_PROFIT_RATIO":24.9600638978,"ROE_AVG":4.6524695463,"GROSS_PROFIT_QOQ":12.253653675819,"ROA":2.998901787213,"HOLDER_PROFIT_QOQ":-12.225248006224,"ROE_YEARLY":4.6524695463,"ROIC_YEARLY":3.282713467309,"TOTAL_ASSETS":311237000,"TOTAL_LIABILITIES":91686000,"TAX_EBT":33.823529411765,"OCF_SALES":-57.293515560289,"TOTAL_PARENT_EQUITY":199071000,"DEBT_ASSET_RATIO":29.4585797961,"OPERATE_PROFIT":25500000,"PRETAX_PROFIT":25500000,"NETCASH_OPERATE":-38735000,"NETCASH_INVEST":52411000,"NETCASH_FINANCE":null,"END_CASH":16297000,"DIVI_RATIO":null,"DIVIDEND_RATE":null,"CURRENT_RATIO":2.096309451135,"COMMON_ACS":400000000,"CURRENTDEBT_DEBT":98.264729620662,"ISSUED_COMMON_SHARES":152898695,"HK_COMMON_SHARES":152898695,"PER_SHARES":5000,"TOTAL_MARKET_CAP":48163088.925,"HKSK_MARKET_CAP":48163088.925,"PE_TTM":3.292545877469,"PB_TTM":0.135043556801,"REPORT_DATE_SQ":"2020-12-31 00:00:00","REPORT_TYPE_SQ":"2020年年报","OPERATE_INCOME_SQ":121404000,"DPS_HKD":null,"OPERATE_INCOME_QOQ_SQ":6.320334188655,"NET_PROFIT_RATIO_SQ":9.4659154558,"HOLDER_PROFIT_SQ":6422000,"HOLDER_PROFIT_QOQ_SQ":118.16125109584,"ROE_AVG_SQ":3.481692920323,"PE_TTM_SQ":4.23967377017,"PB_TTM_SQ":0.606567019891,"ROA_SQ":2.360942612404,"START_DATE":"2021-01-01 00:00:00","FISCAL_YEAR":"12-31","CURRENCY":"HKD","IS_CNY_CODE":0,"DPS_HKD_LY":null,"ORG_TYPE":"一般企业","PREMIUM_INCOME":null,"PREMIUM_INCOME_YOY":null,"NET_INTEREST_INCOME":null,"NET_INTEREST_INCOME_YOY":null,"FEE_COMMISSION_INCOME":null,"FEE_COMMISSION_INCOME_YOY":null,"ACCOUNTS_RECE_TDAYS":0.754578836345,"INVENTORY_TDAYS":3.060467220997,"CURRENT_ASSETS_TDAYS":0.316029346116,"TOTAL_ASSETS_TDAYS":0.224653464853,"PREMIUM_EXPENSE":null,"LOAN_DEPOSIT":null,"LOAN_EQUITY":null,"LOAN_ASSETS":null,"DEPOSIT_EQUITY":null,"DEPOSIT_ASSETS":null,"EQUITY_MULTIPLIER":1.417606843057,"EQUITY_RATIO":0.460569344606},{"SECUCODE":"01889.HK","SECURITY_CODE":"01889","SECURITY_NAME_ABBR":"三爱健康集团","ORG_CODE":"10086472","STD_REPORT_DATE":"2021-06-30 00:00:00","REPORT_DATE":"2021-06-30 00:00:00","DATE_TYPE_CODE":"002","REPORT_TYPE":"2021年中报","PER_NETCASH_OPERATE":0.032927184122,"PER_OI":0.009131062386,"BPS":1.268774726952,"BASIC_EPS":0.002,"DILUTED_EPS":0.002,"OPERATE_INCOME":28007000,"OPERATE_INCOME_YOY":-52.5264852954,"GROSS_PROFIT":16910000,"GROSS_PROFIT_YOY":44.492865077331,"HOLDER_PROFIT":6277000,"HOLDER_PROFIT_YOY":159.7021100538,"GROSS_PROFIT_RATIO":60.377762702182,"EPS_TTM":0.003352218497,"OPERATE_INCOME_QOQ":-25.524694408751,"NET_PROFIT_RATIO":31.5456850073,"ROE_AVG":3.278757028799,"GROSS_PROFIT_QOQ":16.839688237767,"ROA":2.099562828004,"HOLDER_PROFIT_QOQ":60.105886016817,"ROE_YEARLY":6.557514057599,"ROIC_YEARLY":5.766863274718,"TOTAL_ASSETS":307284000,"TOTAL_LIABILITIES":98102000,"TAX_EBT":28.548321876264,"OCF_SALES":360.606277002178,"TOTAL_PARENT_EQUITY":193994000,"DEBT_ASSET_RATIO":31.9255151586,"OPERATE_PROFIT":12365000,"PRETAX_PROFIT":12365000,"NETCASH_OPERATE":100995000,"NETCASH_INVEST":28487000,"NETCASH_FINANCE":null,"END_CASH":132102000,"DIVI_RATIO":null,"DIVIDEND_RATE":null,"CURRENT_RATIO":2.969719319386,"COMMON_ACS":400000000,"CURRENTDEBT_DEBT":98.128478522354,"ISSUED_COMMON_SHARES":152898695,"HK_COMMON_SHARES":152898695,"PER_SHARES":5000,"TOTAL_MARKET_CAP":48163088.925,"HKSK_MARKET_CAP":48163088.925,"PE_TTM":3.292545877469,"PB_TTM":0.135043556801,"REPORT_DATE_SQ":"2020-06-30 00:00:00","REPORT_TYPE_SQ":"2020年中报","OPERATE_INCOME_SQ":58995000,"DPS_HKD":null,"OPERATE_INCOME_QOQ_SQ":39.500818530554,"NET_PROFIT_RATIO_SQ":5.8598186287,"HOLDER_PROFIT_SQ":2417000,"HOLDER_PROFIT_QOQ_SQ":-132.455576767751,"ROE_AVG_SQ":1.335934822741,"PE_TTM_SQ":4.23967377017,"PB_TTM_SQ":0.606567019891,"ROA_SQ":0.913488793983,"START_DATE":"2021-01-01 00:00:00","FISCAL_YEAR":"12-31","CURRENCY":"HKD","IS_CNY_CODE":0,"DPS_HKD_LY":null,"ORG_TYPE":"一般企业","PREMIUM_INCOME":null,"PREMIUM_INCOME_YOY":null,"NET_INTEREST_INCOME":null,"NET_INTEREST_INCOME_YOY":null,"FEE_COMMISSION_INCOME":null,"FEE_COMMISSION_INCOME_YOY":null,"ACCOUNTS_RECE_TDAYS":0.275117878193,"INVENTORY_TDAYS":0.794572533295,"CURRENT_ASSETS_TDAYS":0.106718742558,"TOTAL_ASSETS_TDAYS":0.093679235501,"PREMIUM_EXPENSE":null,"LOAN_DEPOSIT":null,"LOAN_EQUITY":null,"LOAN_ASSETS":null,"DEPOSIT_EQUITY":null,"DEPOSIT_ASSETS":null,"EQUITY_MULTIPLIER":1.468979166467,"EQUITY_RATIO":0.505696052455},{"SECUCODE":"01889.HK","SECURITY_CODE":"01889","SECURITY_NAME_ABBR":"三爱健康集团","ORG_CODE":"10086472","STD_REPORT_DATE":"2020-12-31 00:00:00","REPORT_DATE":"2020-12-31 00:00:00","DATE_TYPE_CODE":"001","REPORT_TYPE":"2020年年报","PER_NETCASH_OPERATE":-0.000247781177,"PER_OI":0.039581086798,"BPS":1.235425848468,"BASIC_EPS":0.0021,"DILUTED_EPS":0.0021,"OPERATE_INCOME":121404000,"OPERATE_INCOME_YOY":48.3177364576,"GROSS_PROFIT":30921000,"GROSS_PROFIT_YOY":1364.0625,"HOLDER_PROFIT":6422000,"HOLDER_PROFIT_YOY":-94.1056612086,"GROSS_PROFIT_RATIO":25.469506770782,"EPS_TTM":0.002093750942,"OPERATE_INCOME_QOQ":6.320334188655,"NET_PROFIT_RATIO":9.4659154558,"ROE_AVG":3.481692920323,"GROSS_PROFIT_QOQ":183.809086737035,"ROA":2.360942612404,"HOLDER_PROFIT_QOQ":118.16125109584,"ROE_YEARLY":3.481692920323,"ROIC_YEARLY":2.484308662392,"TOTAL_ASSETS":290650000,"TOTAL_LIABILITIES":89125000,"TAX_EBT":30.991412958626,"OCF_SALES":-0.626009027709,"TOTAL_PARENT_EQUITY":188895000,"DEBT_ASSET_RATIO":30.6640289007,"OPERATE_PROFIT":16653000,"PRETAX_PROFIT":16653000,"NETCASH_OPERATE":-760000,"NETCASH_INVEST":-1082000,"NETCASH_FINANCE":null,"END_CASH":2630000,"DIVI_RATIO":null,"DIVIDEND_RATE":null,"CURRENT_RATIO":2.745645880244,"COMMON_ACS":400000000,"CURRENTDEBT_DEBT":97.66507713885,"ISSUED_COMMON_SHARES":152898695,"HK_COMMON_SHARES":152898695,"PER_SHARES":5000,"TOTAL_MARKET_CAP":48163088.925,"HKSK_MARKET_CAP":48163088.925,"PE_TTM":3.292545877469,"PB_TTM":0.135043556801,"REPORT_DATE_SQ":"2019-12-31 00:00:00","REPORT_TYPE_SQ":"2019年年报","OPERATE_INCOME_SQ":81854000,"DPS_HKD":null,"OPERATE_INCOME_QOQ_SQ":101.071016237196,"NET_PROFIT_RATIO_SQ":132.5286485694,"HOLDER_PROFIT_SQ":108952000,"HOLDER_PROFIT_QOQ_SQ":-41.622641105051,"ROE_AVG_SQ":86.630382494544,"PE_TTM_SQ":4.23967377017,"PB_TTM_SQ":0.606567019891,"ROA_SQ":35.196898723954,"START_DATE":"2020-01-01 00:00:00","FISCAL_YEAR":"12-31","CURRENCY":"HKD","IS_CNY_CODE":0,"DPS_HKD_LY":null,"ORG_TYPE":"一般企业","PREMIUM_INCOME":null,"PREMIUM_INCOME_YOY":null,"NET_INTEREST_INCOME":null,"NET_INTEREST_INCOME_YOY":null,"FEE_COMMISSION_INCOME":null,"FEE_COMMISSION_INCOME_YOY":null,"ACCOUNTS_RECE_TDAYS":1.276022807893,"INVENTORY_TDAYS":9.859758090879,"CURRENT_ASSETS_TDAYS":0.771374927329,"TOTAL_ASSETS_TDAYS":0.446321826403,"PREMIUM_EXPENSE":null,"LOAN_DEPOSIT":null,"LOAN_EQUITY":null,"LOAN_ASSETS":null,"DEPOSIT_EQUITY":null,"DEPOSIT_ASSETS":null,"EQUITY_MULTIPLIER":1.44225282223,"EQUITY_RATIO":0.471822970433},{"SECUCODE":"01889.HK","SECURITY_CODE":"01889","SECURITY_NAME_ABBR":"三爱健康集团","ORG_CODE":"10086472","STD_REPORT_DATE":"2020-06-30 00:00:00","REPORT_DATE":"2020-06-30 00:00:00","DATE_TYPE_CODE":"002","REPORT_TYPE":"2020年中报","PER_NETCASH_OPERATE":0.001061220697,"PER_OI":0.019234013835,"BPS":1.18927110529,"BASIC_EPS":0.001,"DILUTED_EPS":0.001,"OPERATE_INCOME":58995000,"OPERATE_INCOME_YOY":121.2699722451,"GROSS_PROFIT":11703000,"GROSS_PROFIT_YOY":300.787671232877,"HOLDER_PROFIT":2417000,"HOLDER_PROFIT_YOY":-98.3527567641,"GROSS_PROFIT_RATIO":19.837274345284,"EPS_TTM":-0.011528671298,"OPERATE_INCOME_QOQ":39.500818530554,"NET_PROFIT_RATIO":5.8598186287,"ROE_AVG":1.335934822741,"GROSS_PROFIT_QOQ":415.861742424242,"ROA":0.913488793983,"HOLDER_PROFIT_QOQ":-132.455576767751,"ROE_YEARLY":2.671869645483,"ROIC_YEARLY":1.925643242124,"TOTAL_ASSETS":275810000,"TOTAL_LIABILITIES":85372000,"TAX_EBT":31.272365805169,"OCF_SALES":5.517416730231,"TOTAL_PARENT_EQUITY":181838000,"DEBT_ASSET_RATIO":30.9531924151,"OPERATE_PROFIT":5030000,"PRETAX_PROFIT":5030000,"NETCASH_OPERATE":3255000,"NETCASH_INVEST":-649000,"NETCASH_FINANCE":null,"END_CASH":6759000,"DIVI_RATIO":null,"DIVIDEND_RATE":null,"CURRENT_RATIO":2.672362305228,"COMMON_ACS":400000000,"CURRENTDEBT_DEBT":97.275453310219,"ISSUED_COMMON_SHARES":152898695,"HK_COMMON_SHARES":152898695,"PER_SHARES":5000,"TOTAL_MARKET_CAP":48163088.925,"HKSK_MARKET_CAP":48163088.925,"PE_TTM":3.292545877469,"PB_TTM":0.135043556801,"REPORT_DATE_SQ":"2019-06-30 00:00:00","REPORT_TYPE_SQ":"2019年中报","OPERATE_INCOME_SQ":26662000,"DPS_HKD":null,"OPERATE_INCOME_QOQ_SQ":-36.514199273272,"NET_PROFIT_RATIO_SQ":1477.1637317347,"HOLDER_PROFIT_SQ":146730000,"HOLDER_PROFIT_QOQ_SQ":181.231746860787,"ROE_AVG_SQ":268.548508022192,"PE_TTM_SQ":4.23967377017,"PB_TTM_SQ":0.606567019891,"ROA_SQ":125.282276142539,"START_DATE":"2020-01-01 00:00:00","FISCAL_YEAR":"12-31","CURRENCY":"HKD","IS_CNY_CODE":0,"DPS_HKD_LY":null,"ORG_TYPE":"一般企业","PREMIUM_INCOME":null,"PREMIUM_INCOME_YOY":null,"NET_INTEREST_INCOME":null,"NET_INTEREST_INCOME_YOY":null,"FEE_COMMISSION_INCOME":null,"FEE_COMMISSION_INCOME_YOY":null,"ACCOUNTS_RECE_TDAYS":0.663849754692,"INVENTORY_TDAYS":9.889585947302,"CURRENT_ASSETS_TDAYS":0.396325282994,"TOTAL_ASSETS_TDAYS":0.222967610265,"PREMIUM_EXPENSE":null,"LOAN_DEPOSIT":null,"LOAN_EQUITY":null,"LOAN_ASSETS":null,"DEPOSIT_EQUITY":null,"DEPOSIT_ASSETS":null,"EQUITY_MULTIPLIER":1.448292882724,"EQUITY_RATIO":0.469494825064}],"count":42},"success":true,"message":"ok","code":0}