{"version":"f4e23d880c1a19aa3f8eaf36f2eeb0c2","result":{"pages":5,"data":[{"SECUCODE":"01882.HK","SECURITY_CODE":"01882","SECURITY_NAME_ABBR":"海天国际","ORG_CODE":"10078050","STD_REPORT_DATE":"2024-06-30 00:00:00","REPORT_DATE":"2024-06-30 00:00:00","DATE_TYPE_CODE":"002","REPORT_TYPE":"2024年中报","PER_NETCASH_OPERATE":0.755270676692,"PER_OI":5.023691102757,"BPS":12.086430451128,"BASIC_EPS":0.95,"DILUTED_EPS":0.95,"OPERATE_INCOME":8017811000,"OPERATE_INCOME_YOY":25.6665476009,"GROSS_PROFIT":2591617000,"GROSS_PROFIT_YOY":26.884180511587,"HOLDER_PROFIT":1520630000,"HOLDER_PROFIT_YOY":23.5000353291,"GROSS_PROFIT_RATIO":32.323248826893,"EPS_TTM":1.742405388471,"OPERATE_INCOME_QOQ":12.529998721432,"NET_PROFIT_RATIO":18.9784593326,"ROE_AVG":7.981046150384,"GROSS_PROFIT_QOQ":13.073221669163,"ROA":5.117981948783,"HOLDER_PROFIT_QOQ":11.613395474584,"ROE_YEARLY":15.962092300768,"ROIC_YEARLY":12.882927750661,"TOTAL_ASSETS":30329173000,"TOTAL_LIABILITIES":11012012000,"TAX_EBT":17.969973045822,"OCF_SALES":15.034178281329,"TOTAL_PARENT_EQUITY":19289943000,"DEBT_ASSET_RATIO":36.3083160889,"OPERATE_PROFIT":1750849000,"PRETAX_PROFIT":1855000000,"NETCASH_OPERATE":1205412000,"NETCASH_INVEST":-2682786000,"NETCASH_FINANCE":-1588480000,"END_CASH":2379795000,"DIVI_RATIO":0.343264089951,"DIVIDEND_RATE":3.165467625899,"CURRENT_RATIO":2.164041098847,"COMMON_ACS":5000000000,"CURRENTDEBT_DEBT":79.945027302913,"ISSUED_COMMON_SHARES":1596000000,"HK_COMMON_SHARES":1596000000,"PER_SHARES":1000,"TOTAL_MARKET_CAP":33276600000,"HKSK_MARKET_CAP":33276600000,"PE_TTM":10.804070224756,"PB_TTM":1.574441525721,"REPORT_DATE_SQ":"2023-06-30 00:00:00","REPORT_TYPE_SQ":"2023年中报","OPERATE_INCOME_SQ":6380227000,"DPS_HKD":0.66,"OPERATE_INCOME_QOQ_SQ":-1.051186584278,"NET_PROFIT_RATIO_SQ":19.3237168521,"HOLDER_PROFIT_SQ":1231279000,"HOLDER_PROFIT_QOQ_SQ":2.606165671966,"ROE_AVG_SQ":7.121431177016,"PE_TTM_SQ":12.12974045249,"PB_TTM_SQ":1.591384992425,"ROA_SQ":4.595595188901,"START_DATE":"2024-01-01 00:00:00","FISCAL_YEAR":"12-31","CURRENCY":"HKD","IS_CNY_CODE":0,"DPS_HKD_LY":0.66,"ORG_TYPE":"一般企业","PREMIUM_INCOME":null,"PREMIUM_INCOME_YOY":null,"NET_INTEREST_INCOME":null,"NET_INTEREST_INCOME_YOY":null,"FEE_COMMISSION_INCOME":null,"FEE_COMMISSION_INCOME_YOY":null,"ACCOUNTS_RECE_TDAYS":2.074616003926,"INVENTORY_TDAYS":1.448575022611,"CURRENT_ASSETS_TDAYS":0.427447784687,"TOTAL_ASSETS_TDAYS":0.269855336056,"PREMIUM_EXPENSE":null,"LOAN_DEPOSIT":null,"LOAN_EQUITY":null,"LOAN_ASSETS":null,"DEPOSIT_EQUITY":null,"DEPOSIT_ASSETS":null,"EQUITY_MULTIPLIER":1.570063685859,"EQUITY_RATIO":0.570868042482},{"SECUCODE":"01882.HK","SECURITY_CODE":"01882","SECURITY_NAME_ABBR":"海天国际","ORG_CODE":"10078050","STD_REPORT_DATE":"2023-12-31 00:00:00","REPORT_DATE":"2023-12-31 00:00:00","DATE_TYPE_CODE":"001","REPORT_TYPE":"2023年年报","PER_NETCASH_OPERATE":1.261021929825,"PER_OI":8.188788847118,"BPS":11.789529448622,"BASIC_EPS":1.56,"DILUTED_EPS":1.56,"OPERATE_INCOME":13069307000,"OPERATE_INCOME_YOY":6.1838600749,"GROSS_PROFIT":4200273000,"GROSS_PROFIT_YOY":7.217406686715,"HOLDER_PROFIT":2491528000,"HOLDER_PROFIT_YOY":10.0173623683,"GROSS_PROFIT_RATIO":32.138452329569,"EPS_TTM":1.561107769424,"OPERATE_INCOME_QOQ":7.311908459977,"NET_PROFIT_RATIO":19.0878139139,"ROE_AVG":13.908581093374,"GROSS_PROFIT_QOQ":6.071249993687,"ROA":9.07907560052,"HOLDER_PROFIT_QOQ":7.222954534794,"ROE_YEARLY":13.908581093374,"ROIC_YEARLY":12.131601097475,"TOTAL_ASSETS":29093858000,"TOTAL_LIABILITIES":10251578000,"TAX_EBT":17.849348842861,"OCF_SALES":15.39937044864,"TOTAL_PARENT_EQUITY":18816089000,"DEBT_ASSET_RATIO":35.2362275227,"OPERATE_PROFIT":2788096000,"PRETAX_PROFIT":3036671000,"NETCASH_OPERATE":2012591000,"NETCASH_INVEST":-701957000,"NETCASH_FINANCE":544169000,"END_CASH":5445649000,"DIVI_RATIO":0.38312870624,"DIVIDEND_RATE":3.173076923077,"CURRENT_RATIO":2.461116180059,"COMMON_ACS":5000000000,"CURRENTDEBT_DEBT":73.180002142109,"ISSUED_COMMON_SHARES":1596000000,"HK_COMMON_SHARES":1596000000,"PER_SHARES":1000,"TOTAL_MARKET_CAP":33196800000,"HKSK_MARKET_CAP":33196800000,"PE_TTM":10.778161183449,"PB_TTM":1.570665886571,"REPORT_DATE_SQ":"2022-12-31 00:00:00","REPORT_TYPE_SQ":"2022年年报","OPERATE_INCOME_SQ":12308186000,"DPS_HKD":0.66,"OPERATE_INCOME_QOQ_SQ":-13.941322965056,"NET_PROFIT_RATIO_SQ":18.4025249537,"HOLDER_PROFIT_SQ":2264668000,"HOLDER_PROFIT_QOQ_SQ":-14.23235796368,"ROE_AVG_SQ":13.747968083283,"PE_TTM_SQ":12.116972304645,"PB_TTM_SQ":1.589709850327,"ROA_SQ":8.719565314652,"START_DATE":"2023-01-01 00:00:00","FISCAL_YEAR":"12-31","CURRENCY":"HKD","IS_CNY_CODE":0,"DPS_HKD_LY":0.55,"ORG_TYPE":"一般企业","PREMIUM_INCOME":null,"PREMIUM_INCOME_YOY":null,"NET_INTEREST_INCOME":null,"NET_INTEREST_INCOME_YOY":null,"FEE_COMMISSION_INCOME":null,"FEE_COMMISSION_INCOME_YOY":null,"ACCOUNTS_RECE_TDAYS":3.955610970002,"INVENTORY_TDAYS":2.651600626049,"CURRENT_ASSETS_TDAYS":0.743500468624,"TOTAL_ASSETS_TDAYS":0.476242796787,"PREMIUM_EXPENSE":null,"LOAN_DEPOSIT":null,"LOAN_EQUITY":null,"LOAN_ASSETS":null,"DEPOSIT_EQUITY":null,"DEPOSIT_ASSETS":null,"EQUITY_MULTIPLIER":1.544073116418,"EQUITY_RATIO":0.544830437399},{"SECUCODE":"01882.HK","SECURITY_CODE":"01882","SECURITY_NAME_ABBR":"海天国际","ORG_CODE":"10078050","STD_REPORT_DATE":"2023-06-30 00:00:00","REPORT_DATE":"2023-06-30 00:00:00","DATE_TYPE_CODE":"002","REPORT_TYPE":"2023年中报","PER_NETCASH_OPERATE":0.802260651629,"PER_OI":3.997635964912,"BPS":11.007782581454,"BASIC_EPS":0.77,"DILUTED_EPS":0.77,"OPERATE_INCOME":6380227000,"OPERATE_INCOME_YOY":-1.9875540912,"GROSS_PROFIT":2042506000,"GROSS_PROFIT_YOY":2.116364818078,"HOLDER_PROFIT":1231279000,"HOLDER_PROFIT_YOY":5.0348131555,"GROSS_PROFIT_RATIO":32.013061604235,"EPS_TTM":1.455945488722,"OPERATE_INCOME_QOQ":-1.051186584278,"NET_PROFIT_RATIO":19.3237168521,"ROE_AVG":7.121431177016,"GROSS_PROFIT_QOQ":1.080553583649,"ROA":4.595595188901,"HOLDER_PROFIT_QOQ":2.606165671966,"ROE_YEARLY":14.242862354032,"ROIC_YEARLY":12.206238388392,"TOTAL_ASSETS":27793980000,"TOTAL_LIABILITIES":10200867000,"TAX_EBT":18.208897200627,"OCF_SALES":20.0683768775,"TOTAL_PARENT_EQUITY":17568421000,"DEBT_ASSET_RATIO":36.7017138244,"OPERATE_PROFIT":1362494000,"PRETAX_PROFIT":1507373000,"NETCASH_OPERATE":1280408000,"NETCASH_INVEST":17449000,"NETCASH_FINANCE":548384000,"END_CASH":5437087000,"DIVI_RATIO":0.410801918501,"DIVIDEND_RATE":3.173076923077,"CURRENT_RATIO":2.381257798835,"COMMON_ACS":5000000000,"CURRENTDEBT_DEBT":70.980878390043,"ISSUED_COMMON_SHARES":1596000000,"HK_COMMON_SHARES":1596000000,"PER_SHARES":1000,"TOTAL_MARKET_CAP":33196800000,"HKSK_MARKET_CAP":33196800000,"PE_TTM":10.778161183449,"PB_TTM":1.570665886571,"REPORT_DATE_SQ":"2022-06-30 00:00:00","REPORT_TYPE_SQ":"2022年中报","OPERATE_INCOME_SQ":6509609000,"DPS_HKD":0.66,"OPERATE_INCOME_QOQ_SQ":-10.713927195143,"NET_PROFIT_RATIO_SQ":18.0078864952,"HOLDER_PROFIT_SQ":1172258000,"HOLDER_PROFIT_QOQ_SQ":-13.48307059576,"ROE_AVG_SQ":7.363018253471,"PE_TTM_SQ":12.116972304645,"PB_TTM_SQ":1.589709850327,"ROA_SQ":4.591218208038,"START_DATE":"2023-01-01 00:00:00","FISCAL_YEAR":"12-31","CURRENCY":"HKD","IS_CNY_CODE":0,"DPS_HKD_LY":0.55,"ORG_TYPE":"一般企业","PREMIUM_INCOME":null,"PREMIUM_INCOME_YOY":null,"NET_INTEREST_INCOME":null,"NET_INTEREST_INCOME_YOY":null,"FEE_COMMISSION_INCOME":null,"FEE_COMMISSION_INCOME_YOY":null,"ACCOUNTS_RECE_TDAYS":1.992229955109,"INVENTORY_TDAYS":1.306609571365,"CURRENT_ASSETS_TDAYS":0.376032017928,"TOTAL_ASSETS_TDAYS":0.238134009475,"PREMIUM_EXPENSE":null,"LOAN_DEPOSIT":null,"LOAN_EQUITY":null,"LOAN_ASSETS":null,"DEPOSIT_EQUITY":null,"DEPOSIT_ASSETS":null,"EQUITY_MULTIPLIER":1.579821604057,"EQUITY_RATIO":0.5806365296},{"SECUCODE":"01882.HK","SECURITY_CODE":"01882","SECURITY_NAME_ABBR":"海天国际","ORG_CODE":"10078050","STD_REPORT_DATE":"2022-12-31 00:00:00","REPORT_DATE":"2022-12-31 00:00:00","DATE_TYPE_CODE":"001","REPORT_TYPE":"2022年年报","PER_NETCASH_OPERATE":1.115669172932,"PER_OI":7.711895989975,"BPS":10.658594611529,"BASIC_EPS":1.42,"DILUTED_EPS":1.42,"OPERATE_INCOME":12308186000,"OPERATE_INCOME_YOY":-23.1615869677,"GROSS_PROFIT":3917529000,"GROSS_PROFIT_YOY":-23.947306502414,"HOLDER_PROFIT":2264668000,"HOLDER_PROFIT_YOY":-25.7964696878,"GROSS_PROFIT_RATIO":31.828646398421,"EPS_TTM":1.418964912281,"OPERATE_INCOME_QOQ":-13.941322965056,"NET_PROFIT_RATIO":18.4025249537,"ROE_AVG":13.747968083283,"GROSS_PROFIT_QOQ":-12.788816035964,"ROA":8.719565314652,"HOLDER_PROFIT_QOQ":-14.23235796368,"ROE_YEARLY":13.747968083283,"ROIC_YEARLY":10.973285871073,"TOTAL_ASSETS":25791201000,"TOTAL_LIABILITIES":8751201000,"TAX_EBT":18.508973659708,"OCF_SALES":14.46685969809,"TOTAL_PARENT_EQUITY":17011117000,"DEBT_ASSET_RATIO":33.930955755,"OPERATE_PROFIT":2632358000,"PRETAX_PROFIT":2779468000,"NETCASH_OPERATE":1780608000,"NETCASH_INVEST":171307000,"NETCASH_FINANCE":-1953691000,"END_CASH":3590846000,"DIVI_RATIO":0.421508097081,"DIVIDEND_RATE":3.173076923077,"CURRENT_RATIO":2.027081676491,"COMMON_ACS":5000000000,"CURRENTDEBT_DEBT":94.099004239532,"ISSUED_COMMON_SHARES":1596000000,"HK_COMMON_SHARES":1596000000,"PER_SHARES":1000,"TOTAL_MARKET_CAP":33196800000,"HKSK_MARKET_CAP":33196800000,"PE_TTM":10.778161183449,"PB_TTM":1.570665886571,"REPORT_DATE_SQ":"2021-12-31 00:00:00","REPORT_TYPE_SQ":"2021年年报","OPERATE_INCOME_SQ":16018272000,"DPS_HKD":0.66,"OPERATE_INCOME_QOQ_SQ":6.716112247082,"NET_PROFIT_RATIO_SQ":19.0413735015,"HOLDER_PROFIT_SQ":3051968000,"HOLDER_PROFIT_QOQ_SQ":3.674927457363,"ROE_AVG_SQ":19.875010789893,"PE_TTM_SQ":12.116972304645,"PB_TTM_SQ":1.589709850327,"ROA_SQ":12.319940337278,"START_DATE":"2022-01-01 00:00:00","FISCAL_YEAR":"12-31","CURRENCY":"HKD","IS_CNY_CODE":0,"DPS_HKD_LY":0.95,"ORG_TYPE":"一般企业","PREMIUM_INCOME":null,"PREMIUM_INCOME_YOY":null,"NET_INTEREST_INCOME":null,"NET_INTEREST_INCOME_YOY":null,"FEE_COMMISSION_INCOME":null,"FEE_COMMISSION_INCOME_YOY":null,"ACCOUNTS_RECE_TDAYS":3.683754954984,"INVENTORY_TDAYS":2.724184448235,"CURRENT_ASSETS_TDAYS":0.71468561813,"TOTAL_ASSETS_TDAYS":0.473897417776,"PREMIUM_EXPENSE":null,"LOAN_DEPOSIT":null,"LOAN_EQUITY":null,"LOAN_ASSETS":null,"DEPOSIT_EQUITY":null,"DEPOSIT_ASSETS":null,"EQUITY_MULTIPLIER":1.513568133802,"EQUITY_RATIO":0.514440115837},{"SECUCODE":"01882.HK","SECURITY_CODE":"01882","SECURITY_NAME_ABBR":"海天国际","ORG_CODE":"10078050","STD_REPORT_DATE":"2022-06-30 00:00:00","REPORT_DATE":"2022-06-30 00:00:00","DATE_TYPE_CODE":"002","REPORT_TYPE":"2022年中报","PER_NETCASH_OPERATE":0.508120927318,"PER_OI":4.078702380952,"BPS":9.967043859649,"BASIC_EPS":0.73,"DILUTED_EPS":0.73,"OPERATE_INCOME":6509609000,"OPERATE_INCOME_YOY":-20.8634666923,"GROSS_PROFIT":2000175000,"GROSS_PROFIT_YOY":-24.784073969895,"HOLDER_PROFIT":1172258000,"HOLDER_PROFIT_YOY":-25.9824581675,"GROSS_PROFIT_RATIO":30.726499855829,"EPS_TTM":1.654429197995,"OPERATE_INCOME_QOQ":-10.713927195143,"NET_PROFIT_RATIO":18.0078864952,"ROE_AVG":7.363018253471,"GROSS_PROFIT_QOQ":-12.794793006194,"ROA":4.591218208038,"HOLDER_PROFIT_QOQ":-13.48307059576,"ROE_YEARLY":14.726036506943,"ROIC_YEARLY":11.36883831171,"TOTAL_ASSETS":24911912000,"TOTAL_LIABILITIES":9004037000,"TAX_EBT":18.545533127794,"OCF_SALES":12.457906457976,"TOTAL_PARENT_EQUITY":15907402000,"DEBT_ASSET_RATIO":36.1435003463,"OPERATE_PROFIT":1354593000,"PRETAX_PROFIT":1439139000,"NETCASH_OPERATE":810961000,"NETCASH_INVEST":-122998000,"NETCASH_FINANCE":-1168532000,"END_CASH":3112053000,"DIVI_RATIO":0.361517555858,"DIVIDEND_RATE":3.173076923077,"CURRENT_RATIO":1.937297111207,"COMMON_ACS":5000000000,"CURRENTDEBT_DEBT":94.522268178152,"ISSUED_COMMON_SHARES":1596000000,"HK_COMMON_SHARES":1596000000,"PER_SHARES":1000,"TOTAL_MARKET_CAP":33196800000,"HKSK_MARKET_CAP":33196800000,"PE_TTM":10.778161183449,"PB_TTM":1.570665886571,"REPORT_DATE_SQ":"2021-06-30 00:00:00","REPORT_TYPE_SQ":"2021年中报","OPERATE_INCOME_SQ":8225795000,"DPS_HKD":0.66,"OPERATE_INCOME_QOQ_SQ":27.204286896363,"NET_PROFIT_RATIO_SQ":19.2305546151,"HOLDER_PROFIT_SQ":1583757000,"HOLDER_PROFIT_QOQ_SQ":23.273294651292,"ROE_AVG_SQ":10.830217743343,"PE_TTM_SQ":12.116972304645,"PB_TTM_SQ":1.589709850327,"ROA_SQ":6.662274807956,"START_DATE":"2022-01-01 00:00:00","FISCAL_YEAR":"12-31","CURRENCY":"HKD","IS_CNY_CODE":0,"DPS_HKD_LY":0.95,"ORG_TYPE":"一般企业","PREMIUM_INCOME":null,"PREMIUM_INCOME_YOY":null,"NET_INTEREST_INCOME":null,"NET_INTEREST_INCOME_YOY":null,"FEE_COMMISSION_INCOME":null,"FEE_COMMISSION_INCOME_YOY":null,"ACCOUNTS_RECE_TDAYS":2.074971204459,"INVENTORY_TDAYS":1.477950778717,"CURRENT_ASSETS_TDAYS":0.380244987109,"TOTAL_ASSETS_TDAYS":0.254952709796,"PREMIUM_EXPENSE":null,"LOAN_DEPOSIT":null,"LOAN_EQUITY":null,"LOAN_ASSETS":null,"DEPOSIT_EQUITY":null,"DEPOSIT_ASSETS":null,"EQUITY_MULTIPLIER":1.566011299434,"EQUITY_RATIO":0.566028129546},{"SECUCODE":"01882.HK","SECURITY_CODE":"01882","SECURITY_NAME_ABBR":"海天国际","ORG_CODE":"10078050","STD_REPORT_DATE":"2021-12-31 00:00:00","REPORT_DATE":"2021-12-31 00:00:00","DATE_TYPE_CODE":"001","REPORT_TYPE":"2021年年报","PER_NETCASH_OPERATE":1.957444862155,"PER_OI":10.036511278196,"BPS":9.983945488722,"BASIC_EPS":1.91,"DILUTED_EPS":null,"OPERATE_INCOME":16018272000,"OPERATE_INCOME_YOY":35.7474695874,"GROSS_PROFIT":5151072000,"GROSS_PROFIT_YOY":27.493734925147,"HOLDER_PROFIT":3051968000,"HOLDER_PROFIT_YOY":27.803498804,"GROSS_PROFIT_RATIO":32.157476162223,"EPS_TTM":1.912260651629,"OPERATE_INCOME_QOQ":6.716112247082,"NET_PROFIT_RATIO":19.0413735015,"ROE_AVG":19.875010789893,"GROSS_PROFIT_QOQ":2.746039515682,"ROA":12.319940337278,"HOLDER_PROFIT_QOQ":3.674927457363,"ROE_YEARLY":19.875010789893,"ROIC_YEARLY":14.880098400802,"TOTAL_ASSETS":26153315000,"TOTAL_LIABILITIES":10218305000,"TAX_EBT":19.073407323486,"OCF_SALES":19.503239800148,"TOTAL_PARENT_EQUITY":15934377000,"DEBT_ASSET_RATIO":39.0707831875,"OPERATE_PROFIT":3596659000,"PRETAX_PROFIT":3768970000,"NETCASH_OPERATE":3124082000,"NETCASH_INVEST":-2265777000,"NETCASH_FINANCE":-1012113000,"END_CASH":3592622000,"DIVI_RATIO":0.312773888586,"DIVIDEND_RATE":3.173076923077,"CURRENT_RATIO":1.900041916218,"COMMON_ACS":5000000000,"CURRENTDEBT_DEBT":91.428529487033,"ISSUED_COMMON_SHARES":1596000000,"HK_COMMON_SHARES":1596000000,"PER_SHARES":1000,"TOTAL_MARKET_CAP":33196800000,"HKSK_MARKET_CAP":33196800000,"PE_TTM":10.778161183449,"PB_TTM":1.570665886571,"REPORT_DATE_SQ":"2020-12-31 00:00:00","REPORT_TYPE_SQ":"2020年年报","OPERATE_INCOME_SQ":11800052000,"DPS_HKD":0.66,"OPERATE_INCOME_QOQ_SQ":20.206771034208,"NET_PROFIT_RATIO_SQ":20.254893792,"HOLDER_PROFIT_SQ":2388016000,"HOLDER_PROFIT_QOQ_SQ":27.75966791269,"ROE_AVG_SQ":17.120666588831,"PE_TTM_SQ":12.116972304645,"PB_TTM_SQ":1.589709850327,"ROA_SQ":11.186343084343,"START_DATE":"2021-01-01 00:00:00","FISCAL_YEAR":"12-31","CURRENCY":"HKD","IS_CNY_CODE":0,"DPS_HKD_LY":0.75,"ORG_TYPE":"一般企业","PREMIUM_INCOME":null,"PREMIUM_INCOME_YOY":null,"NET_INTEREST_INCOME":null,"NET_INTEREST_INCOME_YOY":null,"FEE_COMMISSION_INCOME":null,"FEE_COMMISSION_INCOME_YOY":null,"ACCOUNTS_RECE_TDAYS":4.822855212475,"INVENTORY_TDAYS":3.656587877795,"CURRENT_ASSETS_TDAYS":0.974454315154,"TOTAL_ASSETS_TDAYS":0.646612793274,"PREMIUM_EXPENSE":null,"LOAN_DEPOSIT":null,"LOAN_EQUITY":null,"LOAN_ASSETS":null,"DEPOSIT_EQUITY":null,"DEPOSIT_ASSETS":null,"EQUITY_MULTIPLIER":1.641248734704,"EQUITY_RATIO":0.641274208587},{"SECUCODE":"01882.HK","SECURITY_CODE":"01882","SECURITY_NAME_ABBR":"海天国际","ORG_CODE":"10078050","STD_REPORT_DATE":"2021-06-30 00:00:00","REPORT_DATE":"2021-06-30 00:00:00","DATE_TYPE_CODE":"002","REPORT_TYPE":"2021年中报","PER_NETCASH_OPERATE":0.926553258145,"PER_OI":5.154006892231,"BPS":9.066270676692,"BASIC_EPS":0.99,"DILUTED_EPS":0.99,"OPERATE_INCOME":8225795000,"OPERATE_INCOME_YOY":64.0017544996,"GROSS_PROFIT":2659244000,"GROSS_PROFIT_YOY":57.715955843584,"HOLDER_PROFIT":1583757000,"HOLDER_PROFIT_YOY":54.0639132596,"GROSS_PROFIT_RATIO":32.328109319525,"EPS_TTM":1.844477443609,"OPERATE_INCOME_QOQ":27.204286896363,"NET_PROFIT_RATIO":19.2305546151,"ROE_AVG":10.830217743343,"GROSS_PROFIT_QOQ":24.086276732533,"ROA":6.662274807956,"HOLDER_PROFIT_QOQ":23.273294651292,"ROE_YEARLY":21.660435486687,"ROIC_YEARLY":15.854295489026,"TOTAL_ASSETS":24152171000,"TOTAL_LIABILITIES":9681758000,"TAX_EBT":19.199630595593,"OCF_SALES":17.977338360608,"TOTAL_PARENT_EQUITY":14469768000,"DEBT_ASSET_RATIO":40.0864916036,"OPERATE_PROFIT":1863677000,"PRETAX_PROFIT":1957746000,"NETCASH_OPERATE":1478779000,"NETCASH_INVEST":-628151000,"NETCASH_FINANCE":-1832590000,"END_CASH":2764468000,"DIVI_RATIO":0.324268102097,"DIVIDEND_RATE":3.173076923077,"CURRENT_RATIO":1.737023321482,"COMMON_ACS":5000000000,"CURRENTDEBT_DEBT":94.752296018967,"ISSUED_COMMON_SHARES":1596000000,"HK_COMMON_SHARES":1596000000,"PER_SHARES":1000,"TOTAL_MARKET_CAP":33196800000,"HKSK_MARKET_CAP":33196800000,"PE_TTM":10.778161183449,"PB_TTM":1.570665886571,"REPORT_DATE_SQ":"2020-06-30 00:00:00","REPORT_TYPE_SQ":"2020年中报","OPERATE_INCOME_SQ":5015675000,"DPS_HKD":0.66,"OPERATE_INCOME_QOQ_SQ":0.068768555583,"NET_PROFIT_RATIO_SQ":20.4807727773,"HOLDER_PROFIT_SQ":1027987000,"HOLDER_PROFIT_QOQ_SQ":6.776733071735,"ROE_AVG_SQ":7.619548183245,"PE_TTM_SQ":12.116972304645,"PB_TTM_SQ":1.589709850327,"ROA_SQ":5.161804663041,"START_DATE":"2021-01-01 00:00:00","FISCAL_YEAR":"12-31","CURRENCY":"HKD","IS_CNY_CODE":0,"DPS_HKD_LY":0.75,"ORG_TYPE":"一般企业","PREMIUM_INCOME":null,"PREMIUM_INCOME_YOY":null,"NET_INTEREST_INCOME":null,"NET_INTEREST_INCOME_YOY":null,"FEE_COMMISSION_INCOME":null,"FEE_COMMISSION_INCOME_YOY":null,"ACCOUNTS_RECE_TDAYS":2.353757106014,"INVENTORY_TDAYS":1.751497876448,"CURRENT_ASSETS_TDAYS":0.529666762341,"TOTAL_ASSETS_TDAYS":0.34602850566,"PREMIUM_EXPENSE":null,"LOAN_DEPOSIT":null,"LOAN_EQUITY":null,"LOAN_ASSETS":null,"DEPOSIT_EQUITY":null,"DEPOSIT_ASSETS":null,"EQUITY_MULTIPLIER":1.669072679543,"EQUITY_RATIO":0.669102503924},{"SECUCODE":"01882.HK","SECURITY_CODE":"01882","SECURITY_NAME_ABBR":"海天国际","ORG_CODE":"10078050","STD_REPORT_DATE":"2020-12-31 00:00:00","REPORT_DATE":"2020-12-31 00:00:00","DATE_TYPE_CODE":"001","REPORT_TYPE":"2020年年报","PER_NETCASH_OPERATE":2.053990601504,"PER_OI":7.393516290727,"BPS":9.258918546366,"BASIC_EPS":1.5,"DILUTED_EPS":null,"OPERATE_INCOME":11800052000,"OPERATE_INCOME_YOY":20.2894354944,"GROSS_PROFIT":4040255000,"GROSS_PROFIT_YOY":30.386746571916,"HOLDER_PROFIT":2388016000,"HOLDER_PROFIT_YOY":36.4175995805,"GROSS_PROFIT_RATIO":34.239298267499,"EPS_TTM":1.496250626566,"OPERATE_INCOME_QOQ":20.206771034208,"NET_PROFIT_RATIO":20.254893792,"ROE_AVG":17.120666588831,"GROSS_PROFIT_QOQ":26.251024943628,"ROA":11.186343084343,"HOLDER_PROFIT_QOQ":27.75966791269,"ROE_YEARLY":17.120666588831,"ROIC_YEARLY":12.91727578859,"TOTAL_ASSETS":23391860000,"TOTAL_LIABILITIES":8605824000,"TAX_EBT":19.515142045493,"OCF_SALES":27.780970795722,"TOTAL_PARENT_EQUITY":14777234000,"DEBT_ASSET_RATIO":36.7898234685,"OPERATE_PROFIT":2873194000,"PRETAX_PROFIT":2969612000,"NETCASH_OPERATE":3278169000,"NETCASH_INVEST":-751292000,"NETCASH_FINANCE":-318807000,"END_CASH":3746430000,"DIVI_RATIO":0.399735972958,"DIVIDEND_RATE":3.173076923077,"CURRENT_RATIO":1.85198737764,"COMMON_ACS":5000000000,"CURRENTDEBT_DEBT":94.90194082519,"ISSUED_COMMON_SHARES":1596000000,"HK_COMMON_SHARES":1596000000,"PER_SHARES":1000,"TOTAL_MARKET_CAP":33196800000,"HKSK_MARKET_CAP":33196800000,"PE_TTM":10.778161183449,"PB_TTM":1.570665886571,"REPORT_DATE_SQ":"2019-12-31 00:00:00","REPORT_TYPE_SQ":"2019年年报","OPERATE_INCOME_SQ":9809716000,"DPS_HKD":0.66,"OPERATE_INCOME_QOQ_SQ":-1.73405841874,"NET_PROFIT_RATIO_SQ":17.8460925882,"HOLDER_PROFIT_SQ":1750519000,"HOLDER_PROFIT_QOQ_SQ":5.651717055641,"ROE_AVG_SQ":13.98201064722,"PE_TTM_SQ":12.116972304645,"PB_TTM_SQ":1.589709850327,"ROA_SQ":9.190067726205,"START_DATE":"2020-01-01 00:00:00","FISCAL_YEAR":"12-31","CURRENCY":"HKD","IS_CNY_CODE":0,"DPS_HKD_LY":0.43,"ORG_TYPE":"一般企业","PREMIUM_INCOME":null,"PREMIUM_INCOME_YOY":null,"NET_INTEREST_INCOME":null,"NET_INTEREST_INCOME_YOY":null,"FEE_COMMISSION_INCOME":null,"FEE_COMMISSION_INCOME_YOY":null,"ACCOUNTS_RECE_TDAYS":4.138850092212,"INVENTORY_TDAYS":2.925429565896,"CURRENT_ASSETS_TDAYS":0.848204850632,"TOTAL_ASSETS_TDAYS":0.552757728948,"PREMIUM_EXPENSE":null,"LOAN_DEPOSIT":null,"LOAN_EQUITY":null,"LOAN_ASSETS":null,"DEPOSIT_EQUITY":null,"DEPOSIT_ASSETS":null,"EQUITY_MULTIPLIER":1.58202374186,"EQUITY_RATIO":0.582370421961},{"SECUCODE":"01882.HK","SECURITY_CODE":"01882","SECURITY_NAME_ABBR":"海天国际","ORG_CODE":"10078050","STD_REPORT_DATE":"2020-06-30 00:00:00","REPORT_DATE":"2020-06-30 00:00:00","DATE_TYPE_CODE":"002","REPORT_TYPE":"2020年中报","PER_NETCASH_OPERATE":0.767357769424,"PER_OI":3.142653508772,"BPS":8.686605889724,"BASIC_EPS":0.64,"DILUTED_EPS":0.64,"OPERATE_INCOME":5015675000,"OPERATE_INCOME_YOY":0.1346794894,"GROSS_PROFIT":1686097000,"GROSS_PROFIT_YOY":6.405817021553,"HOLDER_PROFIT":1027987000,"HOLDER_PROFIT_YOY":13.0452329608,"GROSS_PROFIT_RATIO":33.616552109138,"EPS_TTM":1.171144736842,"OPERATE_INCOME_QOQ":0.068768555583,"NET_PROFIT_RATIO":20.4807727773,"ROE_AVG":7.619548183245,"GROSS_PROFIT_QOQ":3.275792517435,"ROA":5.161804663041,"HOLDER_PROFIT_QOQ":6.776733071735,"ROE_YEARLY":15.23909636649,"ROIC_YEARLY":11.736226235518,"TOTAL_ASSETS":20527183000,"TOTAL_LIABILITIES":6657349000,"TAX_EBT":19.976053166022,"OCF_SALES":24.417511102693,"TOTAL_PARENT_EQUITY":13863823000,"DEBT_ASSET_RATIO":32.4318685131,"OPERATE_PROFIT":1228889000,"PRETAX_PROFIT":1283677000,"NETCASH_OPERATE":1224703000,"NETCASH_INVEST":157224000,"NETCASH_FINANCE":-52245000,"END_CASH":2868043000,"DIVI_RATIO":0.510701351579,"DIVIDEND_RATE":3.173076923077,"CURRENT_RATIO":2.05154184952,"COMMON_ACS":5000000000,"CURRENTDEBT_DEBT":94.47003604588,"ISSUED_COMMON_SHARES":1596000000,"HK_COMMON_SHARES":1596000000,"PER_SHARES":1000,"TOTAL_MARKET_CAP":33196800000,"HKSK_MARKET_CAP":33196800000,"PE_TTM":10.778161183449,"PB_TTM":1.570665886571,"REPORT_DATE_SQ":"2019-06-30 00:00:00","REPORT_TYPE_SQ":"2019年中报","OPERATE_INCOME_SQ":5008929000,"DPS_HKD":0.66,"OPERATE_INCOME_QOQ_SQ":-8.002961872117,"NET_PROFIT_RATIO_SQ":18.1278073616,"HOLDER_PROFIT_SQ":909359000,"HOLDER_PROFIT_QOQ_SQ":-13.56399947206,"ROE_AVG_SQ":7.424756449415,"PE_TTM_SQ":12.116972304645,"PB_TTM_SQ":1.589709850327,"ROA_SQ":4.899107189853,"START_DATE":"2020-01-01 00:00:00","FISCAL_YEAR":"12-31","CURRENCY":"HKD","IS_CNY_CODE":0,"DPS_HKD_LY":0.43,"ORG_TYPE":"一般企业","PREMIUM_INCOME":null,"PREMIUM_INCOME_YOY":null,"NET_INTEREST_INCOME":null,"NET_INTEREST_INCOME_YOY":null,"FEE_COMMISSION_INCOME":null,"FEE_COMMISSION_INCOME_YOY":null,"ACCOUNTS_RECE_TDAYS":1.9385142737,"INVENTORY_TDAYS":1.365777602305,"CURRENT_ASSETS_TDAYS":0.391837486903,"TOTAL_ASSETS_TDAYS":0.251850797756,"PREMIUM_EXPENSE":null,"LOAN_DEPOSIT":null,"LOAN_EQUITY":null,"LOAN_ASSETS":null,"DEPOSIT_EQUITY":null,"DEPOSIT_ASSETS":null,"EQUITY_MULTIPLIER":1.479987648014,"EQUITY_RATIO":0.480195758414}],"count":41},"success":true,"message":"ok","code":0}