{"version":"d8ae3769b65340d1a740896468e48ef5","result":{"pages":3,"data":[{"SECUCODE":"01880.HK","SECURITY_CODE":"01880","SECURITY_NAME_ABBR":"中国中免","ORG_CODE":"10138465","STD_REPORT_DATE":"2024-09-30 00:00:00","REPORT_DATE":"2024-09-30 00:00:00","DATE_TYPE_CODE":"004","REPORT_TYPE":"2024年三季报","PER_NETCASH_OPERATE":2.466891121172,"PER_OI":20.794353079523,"BPS":26.213273372234,"BASIC_EPS":1.8944,"DILUTED_EPS":1.8944,"OPERATE_INCOME":43020585432.7,"OPERATE_INCOME_YOY":-15.3754626905,"GROSS_PROFIT":14249710142.14,"GROSS_PROFIT_YOY":-11.707395264432,"HOLDER_PROFIT":3919296160.74,"HOLDER_PROFIT_YOY":-24.7191028092,"GROSS_PROFIT_RATIO":33.12300378718,"EPS_TTM":2.659965564923,"OPERATE_INCOME_QOQ":-5.120112612231,"NET_PROFIT_RATIO":10.021073517,"ROE_AVG":7.253555551983,"GROSS_PROFIT_QOQ":-6.773368229667,"ROA":5.081869578416,"HOLDER_PROFIT_QOQ":-11.071141942776,"ROE_YEARLY":9.671407402644,"ROIC_YEARLY":7.050908005939,"TOTAL_ASSETS":75583918638.29,"TOTAL_LIABILITIES":15626323551.97,"TAX_EBT":20.853360016008,"OCF_SALES":11.863274186689,"TOTAL_PARENT_EQUITY":54231567688.99,"DEBT_ASSET_RATIO":20.6741378768,"OPERATE_PROFIT":4792102844.33,"PRETAX_PROFIT":5447008861.68,"NETCASH_OPERATE":5103650006.6,"NETCASH_INVEST":-408926637.76,"NETCASH_FINANCE":-4131907966.4,"END_CASH":31985093212.3,"DIVI_RATIO":0.617307339784,"DIVIDEND_RATE":3.782755741127,"CURRENT_RATIO":4.884664338791,"COMMON_ACS":null,"CURRENTDEBT_DEBT":71.616284184383,"ISSUED_COMMON_SHARES":2068859044,"HK_COMMON_SHARES":116383500,"PER_SHARES":100,"TOTAL_MARKET_CAP":99098348207.6,"HKSK_MARKET_CAP":5574769650,"PE_TTM":16.073667283411,"PB_TTM":1.647857571491,"REPORT_DATE_SQ":"2023-09-30 00:00:00","REPORT_TYPE_SQ":"2023年三季报","OPERATE_INCOME_SQ":50837011108.69,"DPS_HKD":1.81194,"OPERATE_INCOME_QOQ_SQ":5.212040998197,"NET_PROFIT_RATIO_SQ":10.6677338811,"HOLDER_PROFIT_SQ":5206229345.02,"HOLDER_PROFIT_QOQ_SQ":12.735087163033,"ROE_AVG_SQ":10.317381623677,"PE_TTM_SQ":25.113640737458,"PB_TTM_SQ":2.751401866505,"ROA_SQ":6.726364075287,"START_DATE":"2024-01-01 00:00:00","FISCAL_YEAR":"12-31","CURRENCY":"HKD","IS_CNY_CODE":0,"DPS_HKD_LY":1.81194,"ORG_TYPE":"一般企业","PREMIUM_INCOME":null,"PREMIUM_INCOME_YOY":null,"NET_INTEREST_INCOME":null,"NET_INTEREST_INCOME_YOY":null,"FEE_COMMISSION_INCOME":null,"FEE_COMMISSION_INCOME_YOY":null,"ACCOUNTS_RECE_TDAYS":373.209263484896,"INVENTORY_TDAYS":1.447818176328,"CURRENT_ASSETS_TDAYS":0.760618003509,"TOTAL_ASSETS_TDAYS":0.557817004354,"PREMIUM_EXPENSE":null,"LOAN_DEPOSIT":null,"LOAN_EQUITY":null,"LOAN_ASSETS":null,"DEPOSIT_EQUITY":null,"DEPOSIT_ASSETS":null,"EQUITY_MULTIPLIER":1.26062292074,"EQUITY_RATIO":0.288140730904},{"SECUCODE":"01880.HK","SECURITY_CODE":"01880","SECURITY_NAME_ABBR":"中国中免","ORG_CODE":"10138465","STD_REPORT_DATE":"2024-06-30 00:00:00","REPORT_DATE":"2024-06-30 00:00:00","DATE_TYPE_CODE":"002","REPORT_TYPE":"2024年中报","PER_NETCASH_OPERATE":2.082863021769,"PER_OI":15.112193404705,"BPS":25.939193951195,"BASIC_EPS":1.5978,"DILUTED_EPS":1.5978,"OPERATE_INCOME":31264998000,"OPERATE_INCOME_YOY":-12.810044462,"GROSS_PROFIT":10242678000,"GROSS_PROFIT_YOY":-4.758062251485,"HOLDER_PROFIT":3305551000,"HOLDER_PROFIT_YOY":-15.4023668033,"GROSS_PROFIT_RATIO":32.760846490379,"EPS_TTM":2.991116295693,"OPERATE_INCOME_QOQ":-4.012369369393,"NET_PROFIT_RATIO":11.7273348298,"ROE_AVG":6.149948968636,"GROSS_PROFIT_QOQ":-3.569073724676,"ROA":4.2842466921,"HOLDER_PROFIT_QOQ":-8.939634808277,"ROE_YEARLY":12.299897937271,"ROIC_YEARLY":9.226341153459,"TOTAL_ASSETS":75649576000,"TOTAL_LIABILITIES":16310514000,"TAX_EBT":19.82042561827,"OCF_SALES":13.782665202793,"TOTAL_PARENT_EQUITY":53664536000,"DEBT_ASSET_RATIO":21.5606152241,"OPERATE_PROFIT":4647975000,"PRETAX_PROFIT":4572924000,"NETCASH_OPERATE":4309150000,"NETCASH_INVEST":-100148000,"NETCASH_FINANCE":-3649622000,"END_CASH":32144851000,"DIVI_RATIO":0.548964367973,"DIVIDEND_RATE":3.399512195122,"CURRENT_RATIO":4.688921183871,"COMMON_ACS":null,"CURRENTDEBT_DEBT":72.111259032058,"ISSUED_COMMON_SHARES":2068859044,"HK_COMMON_SHARES":116383500,"PER_SHARES":100,"TOTAL_MARKET_CAP":110270187045.2,"HKSK_MARKET_CAP":6203240550,"PE_TTM":17.88572998342,"PB_TTM":1.8336285712,"REPORT_DATE_SQ":"2023-06-30 00:00:00","REPORT_TYPE_SQ":"2023年中报","OPERATE_INCOME_SQ":35858486000,"DPS_HKD":1.81194,"OPERATE_INCOME_QOQ_SQ":7.224558858334,"NET_PROFIT_RATIO_SQ":11.5356571385,"HOLDER_PROFIT_SQ":3907380000,"HOLDER_PROFIT_QOQ_SQ":4.078256708701,"ROE_AVG_SQ":7.858272986345,"PE_TTM_SQ":24.767813553532,"PB_TTM_SQ":2.713513709655,"ROA_SQ":5.065264584297,"START_DATE":"2024-01-01 00:00:00","FISCAL_YEAR":"12-31","CURRENCY":"HKD","IS_CNY_CODE":0,"DPS_HKD_LY":1.81194,"ORG_TYPE":"一般企业","PREMIUM_INCOME":null,"PREMIUM_INCOME_YOY":null,"NET_INTEREST_INCOME":null,"NET_INTEREST_INCOME_YOY":null,"FEE_COMMISSION_INCOME":null,"FEE_COMMISSION_INCOME_YOY":null,"ACCOUNTS_RECE_TDAYS":15.464342756205,"INVENTORY_TDAYS":1.049242184614,"CURRENT_ASSETS_TDAYS":0.550412948375,"TOTAL_ASSETS_TDAYS":0.405218265457,"PREMIUM_EXPENSE":null,"LOAN_DEPOSIT":null,"LOAN_EQUITY":null,"LOAN_ASSETS":null,"DEPOSIT_EQUITY":null,"DEPOSIT_ASSETS":null,"EQUITY_MULTIPLIER":1.274869764541,"EQUITY_RATIO":0.303934687891},{"SECUCODE":"01880.HK","SECURITY_CODE":"01880","SECURITY_NAME_ABBR":"中国中免","ORG_CODE":"10138465","STD_REPORT_DATE":"2024-03-31 00:00:00","REPORT_DATE":"2024-03-31 00:00:00","DATE_TYPE_CODE":"003","REPORT_TYPE":"2024年一季报","PER_NETCASH_OPERATE":2.562695415251,"PER_OI":9.090599357619,"BPS":27.141627130712,"BASIC_EPS":1.1148,"DILUTED_EPS":1.1148,"OPERATE_INCOME":18807168696.39,"OPERATE_INCOME_YOY":-9.4478404468,"GROSS_PROFIT":6264919388.03,"GROSS_PROFIT_YOY":4.003471352769,"HOLDER_PROFIT":2306454931.34,"HOLDER_PROFIT_YOY":0.2469876267,"GROSS_PROFIT_RATIO":33.311337230854,"EPS_TTM":3.284762025054,"OPERATE_INCOME_QOQ":-2.905329721089,"NET_PROFIT_RATIO":12.9482742216,"ROE_AVG":4.194082484074,"GROSS_PROFIT_QOQ":1.156484155353,"ROA":2.902755706586,"HOLDER_PROFIT_QOQ":0.083690726414,"ROE_YEARLY":16.776329936297,"ROIC_YEARLY":16.514564621711,"TOTAL_ASSETS":80252536507.12,"TOTAL_LIABILITIES":18628723894.6,"TAX_EBT":16.302467377045,"OCF_SALES":28.190610040509,"TOTAL_PARENT_EQUITY":56152200758.25,"DEBT_ASSET_RATIO":23.2126294138,"OPERATE_PROFIT":2784583919.5,"PRETAX_PROFIT":2909528751.69,"NETCASH_OPERATE":5301855586.86,"NETCASH_INVEST":-418523186.44,"NETCASH_FINANCE":-256125481.32,"END_CASH":36299634567.48,"DIVI_RATIO":0.499888958249,"DIVIDEND_RATE":3.399512195122,"CURRENT_RATIO":4.194507076237,"COMMON_ACS":null,"CURRENTDEBT_DEBT":76.446010839304,"ISSUED_COMMON_SHARES":2068859044,"HK_COMMON_SHARES":116383500,"PER_SHARES":100,"TOTAL_MARKET_CAP":110270187045.2,"HKSK_MARKET_CAP":6203240550,"PE_TTM":17.88572998342,"PB_TTM":1.8336285712,"REPORT_DATE_SQ":"2023-03-31 00:00:00","REPORT_TYPE_SQ":"2023年一季报","OPERATE_INCOME_SQ":20769431440.61,"DPS_HKD":1.81194,"OPERATE_INCOME_QOQ_SQ":7.324889038606,"NET_PROFIT_RATIO_SQ":11.8730818828,"HOLDER_PROFIT_SQ":2300772308.42,"HOLDER_PROFIT_QOQ_SQ":-5.137272757991,"ROE_AVG_SQ":4.653681103198,"PE_TTM_SQ":24.767813553532,"PB_TTM_SQ":2.713513709655,"ROA_SQ":2.959520179128,"START_DATE":"2024-01-01 00:00:00","FISCAL_YEAR":"12-31","CURRENCY":"HKD","IS_CNY_CODE":0,"DPS_HKD_LY":1.81194,"ORG_TYPE":"一般企业","PREMIUM_INCOME":null,"PREMIUM_INCOME_YOY":null,"NET_INTEREST_INCOME":null,"NET_INTEREST_INCOME_YOY":null,"FEE_COMMISSION_INCOME":null,"FEE_COMMISSION_INCOME_YOY":null,"ACCOUNTS_RECE_TDAYS":105.740651460385,"INVENTORY_TDAYS":0.649010638565,"CURRENT_ASSETS_TDAYS":0.31825456988,"TOTAL_ASSETS_TDAYS":0.236694918753,"PREMIUM_EXPENSE":null,"LOAN_DEPOSIT":null,"LOAN_EQUITY":null,"LOAN_ASSETS":null,"DEPOSIT_EQUITY":null,"DEPOSIT_ASSETS":null,"EQUITY_MULTIPLIER":1.302297490285,"EQUITY_RATIO":0.331754119038},{"SECUCODE":"01880.HK","SECURITY_CODE":"01880","SECURITY_NAME_ABBR":"中国中免","ORG_CODE":"10138465","STD_REPORT_DATE":"2023-12-31 00:00:00","REPORT_DATE":"2023-12-31 00:00:00","DATE_TYPE_CODE":"001","REPORT_TYPE":"2023年年报","PER_NETCASH_OPERATE":7.311478297117,"PER_OI":32.646064117261,"BPS":25.93046160181,"BASIC_EPS":3.282,"DILUTED_EPS":3.282,"OPERATE_INCOME":67540105000,"OPERATE_INCOME_YOY":24.0796757091,"GROSS_PROFIT":20852815000,"GROSS_PROFIT_YOY":40.325411412548,"HOLDER_PROFIT":6790027000,"HOLDER_PROFIT_YOY":32.7742951551,"GROSS_PROFIT_RATIO":30.874715104455,"EPS_TTM":3.282015282623,"OPERATE_INCOME_QOQ":2.480323561779,"NET_PROFIT_RATIO":10.8793686359,"ROE_AVG":13.319517315166,"GROSS_PROFIT_QOQ":11.448132739119,"ROA":8.802150272499,"HOLDER_PROFIT_QOQ":19.288694097227,"ROE_YEARLY":13.319517315166,"ROIC_YEARLY":11.541593165439,"TOTAL_ASSETS":78869406192.71,"TOTAL_LIABILITIES":19687771057.47,"TAX_EBT":16.016282557114,"OCF_SALES":22.396201486509,"TOTAL_PARENT_EQUITY":53833949495.02,"DEBT_ASSET_RATIO":25.028211413,"OPERATE_PROFIT":8949737000,"PRETAX_PROFIT":8749240000,"NETCASH_OPERATE":15126418000,"NETCASH_INVEST":-4715788000,"NETCASH_FINANCE":-4627780000,"END_CASH":31752192000,"DIVI_RATIO":0.500307318949,"DIVIDEND_RATE":3.399512195122,"CURRENT_RATIO":3.813539301723,"COMMON_ACS":null,"CURRENTDEBT_DEBT":77.85798588502,"ISSUED_COMMON_SHARES":2068859044,"HK_COMMON_SHARES":116383500,"PER_SHARES":100,"TOTAL_MARKET_CAP":110270187045.2,"HKSK_MARKET_CAP":6203240550,"PE_TTM":17.88572998342,"PB_TTM":1.8336285712,"REPORT_DATE_SQ":"2022-12-31 00:00:00","REPORT_TYPE_SQ":"2022年年报","OPERATE_INCOME_SQ":54432851000,"DPS_HKD":1.81194,"OPERATE_INCOME_QOQ_SQ":-5.401737597093,"NET_PROFIT_RATIO_SQ":11.5221412893,"HOLDER_PROFIT_SQ":5113962000,"HOLDER_PROFIT_QOQ_SQ":-12.812470472029,"ROE_AVG_SQ":13.183545590897,"PE_TTM_SQ":24.767813553532,"PB_TTM_SQ":2.713513709655,"ROA_SQ":7.82429250195,"START_DATE":"2023-01-01 00:00:00","FISCAL_YEAR":"12-31","CURRENCY":"HKD","IS_CNY_CODE":0,"DPS_HKD_LY":0.870559,"ORG_TYPE":"一般企业","PREMIUM_INCOME":null,"PREMIUM_INCOME_YOY":null,"NET_INTEREST_INCOME":null,"NET_INTEREST_INCOME_YOY":null,"FEE_COMMISSION_INCOME":null,"FEE_COMMISSION_INCOME_YOY":null,"ACCOUNTS_RECE_TDAYS":59.092681520099,"INVENTORY_TDAYS":1.906249658685,"CURRENT_ASSETS_TDAYS":1.167894407846,"TOTAL_ASSETS_TDAYS":0.875546081968,"PREMIUM_EXPENSE":null,"LOAN_DEPOSIT":null,"LOAN_EQUITY":null,"LOAN_ASSETS":null,"DEPOSIT_EQUITY":null,"DEPOSIT_ASSETS":null,"EQUITY_MULTIPLIER":1.333835058289,"EQUITY_RATIO":0.365712923576},{"SECUCODE":"01880.HK","SECURITY_CODE":"01880","SECURITY_NAME_ABBR":"中国中免","ORG_CODE":"10138465","STD_REPORT_DATE":"2023-09-30 00:00:00","REPORT_DATE":"2023-09-30 00:00:00","DATE_TYPE_CODE":"004","REPORT_TYPE":"2023年三季报","PER_NETCASH_OPERATE":6.497738271293,"PER_OI":24.57248658681,"BPS":25.430413619977,"BASIC_EPS":2.5165,"DILUTED_EPS":2.5165,"OPERATE_INCOME":50837011108.69,"OPERATE_INCOME_YOY":29.1445533994,"GROSS_PROFIT":16139188763.11,"GROSS_PROFIT_YOY":31.333191270652,"HOLDER_PROFIT":5206229345.02,"HOLDER_PROFIT_YOY":12.4918345646,"GROSS_PROFIT_RATIO":31.746926916306,"EPS_TTM":2.751321328028,"OPERATE_INCOME_QOQ":5.212040998197,"NET_PROFIT_RATIO":10.6677338811,"ROE_AVG":10.317381623677,"GROSS_PROFIT_QOQ":14.111594791435,"ROA":6.726364075287,"HOLDER_PROFIT_QOQ":12.735087163033,"ROE_YEARLY":13.75650883157,"ROIC_YEARLY":12.40860988303,"TOTAL_ASSETS":79181916251.95,"TOTAL_LIABILITIES":20836054738.1,"TAX_EBT":17.488535588309,"OCF_SALES":26.443145053058,"TOTAL_PARENT_EQUITY":52611941210.35,"DEBT_ASSET_RATIO":26.3141582376,"OPERATE_PROFIT":5990785083.11,"PRETAX_PROFIT":6572610360.06,"NETCASH_OPERATE":13442904588.11,"NETCASH_INVEST":-2093740369.84,"NETCASH_FINANCE":-3659340698.82,"END_CASH":33854625563.83,"DIVI_RATIO":0.596810067248,"DIVIDEND_RATE":3.806596638655,"CURRENT_RATIO":3.690737760411,"COMMON_ACS":null,"CURRENTDEBT_DEBT":77.678926159156,"ISSUED_COMMON_SHARES":2068859044,"HK_COMMON_SHARES":116383500,"PER_SHARES":100,"TOTAL_MARKET_CAP":98477690494.4,"HKSK_MARKET_CAP":5539854600,"PE_TTM":15.972997133411,"PB_TTM":1.637536960396,"REPORT_DATE_SQ":"2022-09-30 00:00:00","REPORT_TYPE_SQ":"2022年三季报","OPERATE_INCOME_SQ":39364425189.1,"DPS_HKD":1.81194,"OPERATE_INCOME_QOQ_SQ":-3.777892508925,"NET_PROFIT_RATIO_SQ":14.0258222655,"HOLDER_PROFIT_SQ":4628095332.58,"HOLDER_PROFIT_QOQ_SQ":-29.361415680787,"ROE_AVG_SQ":11.951663338118,"PE_TTM_SQ":23.104549478461,"PB_TTM_SQ":2.531289717185,"ROA_SQ":7.423883252857,"START_DATE":"2023-01-01 00:00:00","FISCAL_YEAR":"12-31","CURRENCY":"HKD","IS_CNY_CODE":0,"DPS_HKD_LY":0.870559,"ORG_TYPE":"一般企业","PREMIUM_INCOME":null,"PREMIUM_INCOME_YOY":null,"NET_INTEREST_INCOME":null,"NET_INTEREST_INCOME_YOY":null,"FEE_COMMISSION_INCOME":null,"FEE_COMMISSION_INCOME_YOY":null,"ACCOUNTS_RECE_TDAYS":44.774801129777,"INVENTORY_TDAYS":1.366417284762,"CURRENT_ASSETS_TDAYS":0.869447950742,"TOTAL_ASSETS_TDAYS":0.656805957931,"PREMIUM_EXPENSE":null,"LOAN_DEPOSIT":null,"LOAN_EQUITY":null,"LOAN_ASSETS":null,"DEPOSIT_EQUITY":null,"DEPOSIT_ASSETS":null,"EQUITY_MULTIPLIER":1.357112813103,"EQUITY_RATIO":0.396032806598},{"SECUCODE":"01880.HK","SECURITY_CODE":"01880","SECURITY_NAME_ABBR":"中国中免","ORG_CODE":"10138465","STD_REPORT_DATE":"2023-06-30 00:00:00","REPORT_DATE":"2023-06-30 00:00:00","DATE_TYPE_CODE":"002","REPORT_TYPE":"2023年中报","PER_NETCASH_OPERATE":4.14394012239,"PER_OI":17.332493532604,"BPS":24.717341738822,"BASIC_EPS":1.8887,"DILUTED_EPS":1.8887,"OPERATE_INCOME":35858486000,"OPERATE_INCOME_YOY":29.6835785991,"GROSS_PROFIT":10754378000,"GROSS_PROFIT_YOY":16.669796483778,"HOLDER_PROFIT":3907380000,"HOLDER_PROFIT_YOY":-1.633129016,"GROSS_PROFIT_RATIO":29.99116582892,"EPS_TTM":2.440519094156,"OPERATE_INCOME_QOQ":7.224558858334,"NET_PROFIT_RATIO":11.5356571385,"ROE_AVG":7.858272986345,"GROSS_PROFIT_QOQ":8.034253608377,"ROA":5.065264584297,"HOLDER_PROFIT_QOQ":4.078256708701,"ROE_YEARLY":15.716545972691,"ROIC_YEARLY":18.380374660694,"TOTAL_ASSETS":78662594000,"TOTAL_LIABILITIES":21795070000,"TAX_EBT":17.21026729808,"OCF_SALES":23.908505228023,"TOTAL_PARENT_EQUITY":51136696000,"DEBT_ASSET_RATIO":27.7070318835,"OPERATE_PROFIT":5131975000,"PRETAX_PROFIT":4996407000,"NETCASH_OPERATE":8573228000,"NETCASH_INVEST":-1211223000,"NETCASH_FINANCE":-1368701000,"END_CASH":32225653000,"DIVI_RATIO":0.672814349509,"DIVIDEND_RATE":3.399512195122,"CURRENT_RATIO":3.445262440022,"COMMON_ACS":null,"CURRENTDEBT_DEBT":78.990647885049,"ISSUED_COMMON_SHARES":2068859044,"HK_COMMON_SHARES":116383500,"PER_SHARES":100,"TOTAL_MARKET_CAP":110270187045.2,"HKSK_MARKET_CAP":6203240550,"PE_TTM":17.88572998342,"PB_TTM":1.8336285712,"REPORT_DATE_SQ":"2022-06-30 00:00:00","REPORT_TYPE_SQ":"2022年中报","OPERATE_INCOME_SQ":27650753000,"DPS_HKD":1.81194,"OPERATE_INCOME_QOQ_SQ":-9.83654068604,"NET_PROFIT_RATIO_SQ":16.4614323523,"HOLDER_PROFIT_SQ":3972252000,"HOLDER_PROFIT_QOQ_SQ":-12.011037855551,"ROE_AVG_SQ":13.212269787811,"PE_TTM_SQ":24.767813553532,"PB_TTM_SQ":2.713513709655,"ROA_SQ":7.329873982696,"START_DATE":"2023-01-01 00:00:00","FISCAL_YEAR":"12-31","CURRENCY":"HKD","IS_CNY_CODE":0,"DPS_HKD_LY":0.870559,"ORG_TYPE":"一般企业","PREMIUM_INCOME":null,"PREMIUM_INCOME_YOY":null,"NET_INTEREST_INCOME":null,"NET_INTEREST_INCOME_YOY":null,"FEE_COMMISSION_INCOME":null,"FEE_COMMISSION_INCOME_YOY":null,"ACCOUNTS_RECE_TDAYS":15.576549309831,"INVENTORY_TDAYS":0.958529241259,"CURRENT_ASSETS_TDAYS":0.615494101327,"TOTAL_ASSETS_TDAYS":0.464845290661,"PREMIUM_EXPENSE":null,"LOAN_DEPOSIT":null,"LOAN_EQUITY":null,"LOAN_ASSETS":null,"DEPOSIT_EQUITY":null,"DEPOSIT_ASSETS":null,"EQUITY_MULTIPLIER":1.383260400083,"EQUITY_RATIO":0.426211932034},{"SECUCODE":"01880.HK","SECURITY_CODE":"01880","SECURITY_NAME_ABBR":"中国中免","ORG_CODE":"10138465","STD_REPORT_DATE":"2023-03-31 00:00:00","REPORT_DATE":"2023-03-31 00:00:00","DATE_TYPE_CODE":"003","REPORT_TYPE":"2023年一季报","PER_NETCASH_OPERATE":3.588759035413,"PER_OI":10.039075161183,"BPS":24.443468141119,"BASIC_EPS":1.3129,"DILUTED_EPS":1.3129,"OPERATE_INCOME":20769431440.61,"OPERATE_INCOME_YOY":23.7580628412,"GROSS_PROFIT":6023759886.61,"GROSS_PROFIT_YOY":5.558275331292,"HOLDER_PROFIT":2300772308.42,"HOLDER_PROFIT_YOY":-10.2484553076,"GROSS_PROFIT_RATIO":29.003008117169,"EPS_TTM":2.344888520747,"OPERATE_INCOME_QOQ":7.324889038606,"NET_PROFIT_RATIO":11.8730818828,"ROE_AVG":4.653681103198,"GROSS_PROFIT_QOQ":2.134455259834,"ROA":2.959520179128,"HOLDER_PROFIT_QOQ":-5.137272757991,"ROE_YEARLY":18.614724412791,"ROIC_YEARLY":21.300658160893,"TOTAL_ASSETS":79864008423.34,"TOTAL_LIABILITIES":23580888152.53,"TAX_EBT":21.864708000435,"OCF_SALES":35.747904839767,"TOTAL_PARENT_EQUITY":50570090130.48,"DEBT_ASSET_RATIO":29.5263017948,"OPERATE_PROFIT":2845711676,"PRETAX_PROFIT":3156027882.45,"NETCASH_OPERATE":7424636587.15,"NETCASH_INVEST":-408159228.5,"NETCASH_FINANCE":-94431487.35,"END_CASH":32066294878.78,"DIVI_RATIO":0.700253445855,"DIVIDEND_RATE":3.399512195122,"CURRENT_RATIO":3.207015505911,"COMMON_ACS":null,"CURRENTDEBT_DEBT":80.283192523344,"ISSUED_COMMON_SHARES":2068859044,"HK_COMMON_SHARES":116383500,"PER_SHARES":100,"TOTAL_MARKET_CAP":110270187045.2,"HKSK_MARKET_CAP":6203240550,"PE_TTM":17.88572998342,"PB_TTM":1.8336285712,"REPORT_DATE_SQ":"2022-03-31 00:00:00","REPORT_TYPE_SQ":"2022年一季报","OPERATE_INCOME_SQ":16782285504.31,"DPS_HKD":1.81194,"OPERATE_INCOME_QOQ_SQ":-1.996649748436,"NET_PROFIT_RATIO_SQ":17.4807651353,"HOLDER_PROFIT_SQ":2563490485.1,"HOLDER_PROFIT_QOQ_SQ":-2.977199434497,"ROE_AVG_SQ":8.454670466186,"PE_TTM_SQ":24.767813553532,"PB_TTM_SQ":2.713513709655,"ROA_SQ":4.679200068235,"START_DATE":"2023-01-01 00:00:00","FISCAL_YEAR":"12-31","CURRENCY":"HKD","IS_CNY_CODE":0,"DPS_HKD_LY":0.870559,"ORG_TYPE":"一般企业","PREMIUM_INCOME":null,"PREMIUM_INCOME_YOY":null,"NET_INTEREST_INCOME":null,"NET_INTEREST_INCOME_YOY":null,"FEE_COMMISSION_INCOME":null,"FEE_COMMISSION_INCOME_YOY":null,"ACCOUNTS_RECE_TDAYS":18.147947421817,"INVENTORY_TDAYS":0.545475908319,"CURRENT_ASSETS_TDAYS":0.352265887898,"TOTAL_ASSETS_TDAYS":0.267160514896,"PREMIUM_EXPENSE":null,"LOAN_DEPOSIT":null,"LOAN_EQUITY":null,"LOAN_ASSETS":null,"DEPOSIT_EQUITY":null,"DEPOSIT_ASSETS":null,"EQUITY_MULTIPLIER":1.418969098355,"EQUITY_RATIO":0.466301090065},{"SECUCODE":"01880.HK","SECURITY_CODE":"01880","SECURITY_NAME_ABBR":"中国中免","ORG_CODE":"10138465","STD_REPORT_DATE":"2022-12-31 00:00:00","REPORT_DATE":"2022-12-31 00:00:00","DATE_TYPE_CODE":"001","REPORT_TYPE":"2022年年报","PER_NETCASH_OPERATE":-1.650786702895,"PER_OI":26.310565312733,"BPS":23.350832982124,"BASIC_EPS":2.5697,"DILUTED_EPS":2.5697,"OPERATE_INCOME":54432851000,"OPERATE_INCOME_YOY":-19.5678806434,"GROSS_PROFIT":14860327000,"GROSS_PROFIT_YOY":-33.344503639642,"HOLDER_PROFIT":5113962000,"HOLDER_PROFIT_YOY":-47.4226902695,"GROSS_PROFIT_RATIO":27.300291509625,"EPS_TTM":2.471875507822,"OPERATE_INCOME_QOQ":-5.401737597093,"NET_PROFIT_RATIO":11.5221412893,"ROE_AVG":13.183545590897,"GROSS_PROFIT_QOQ":-10.454345636949,"ROA":7.82429250195,"HOLDER_PROFIT_QOQ":-12.812470472029,"ROE_YEARLY":13.183545590897,"ROIC_YEARLY":13.176100797456,"TOTAL_ASSETS":75618784000,"TOTAL_LIABILITIES":21780188000,"TAX_EBT":18.552993414457,"OCF_SALES":-6.274235020319,"TOTAL_PARENT_EQUITY":48309582000,"DEBT_ASSET_RATIO":28.8026160273,"OPERATE_PROFIT":7732187000,"PRETAX_PROFIT":7700504000,"NETCASH_OPERATE":-3415245000,"NETCASH_INVEST":-3806652000,"NETCASH_FINANCE":15454562000,"END_CASH":25762143000,"DIVI_RATIO":0.664279516345,"DIVIDEND_RATE":3.399512195122,"CURRENT_RATIO":3.272564804306,"COMMON_ACS":null,"CURRENTDEBT_DEBT":80.25789309073,"ISSUED_COMMON_SHARES":2068859044,"HK_COMMON_SHARES":116383500,"PER_SHARES":100,"TOTAL_MARKET_CAP":110270187045.2,"HKSK_MARKET_CAP":6203240550,"PE_TTM":17.88572998342,"PB_TTM":1.8336285712,"REPORT_DATE_SQ":"2021-12-31 00:00:00","REPORT_TYPE_SQ":"2021年年报","OPERATE_INCOME_SQ":67675515000,"DPS_HKD":1.81194,"OPERATE_INCOME_QOQ_SQ":1.072877253865,"NET_PROFIT_RATIO_SQ":18.3836813063,"HOLDER_PROFIT_SQ":9726557000,"HOLDER_PROFIT_QOQ_SQ":-14.650193324757,"ROE_AVG_SQ":38.019993360759,"PE_TTM_SQ":24.767813553532,"PB_TTM_SQ":2.713513709655,"ROA_SQ":19.268738760918,"START_DATE":"2022-01-01 00:00:00","FISCAL_YEAR":"12-31","CURRENCY":"HKD","IS_CNY_CODE":0,"DPS_HKD_LY":null,"ORG_TYPE":"一般企业","PREMIUM_INCOME":null,"PREMIUM_INCOME_YOY":null,"NET_INTEREST_INCOME":null,"NET_INTEREST_INCOME_YOY":null,"FEE_COMMISSION_INCOME":null,"FEE_COMMISSION_INCOME_YOY":null,"ACCOUNTS_RECE_TDAYS":26.560759862416,"INVENTORY_TDAYS":1.660925318572,"CURRENT_ASSETS_TDAYS":1.137012181028,"TOTAL_ASSETS_TDAYS":0.832815237851,"PREMIUM_EXPENSE":null,"LOAN_DEPOSIT":null,"LOAN_EQUITY":null,"LOAN_ASSETS":null,"DEPOSIT_EQUITY":null,"DEPOSIT_ASSETS":null,"EQUITY_MULTIPLIER":1.40454598779,"EQUITY_RATIO":0.450846128207},{"SECUCODE":"01880.HK","SECURITY_CODE":"01880","SECURITY_NAME_ABBR":"中国中免","ORG_CODE":"10138465","STD_REPORT_DATE":"2022-09-30 00:00:00","REPORT_DATE":"2022-09-30 00:00:00","DATE_TYPE_CODE":"004","REPORT_TYPE":"2022年三季报","PER_NETCASH_OPERATE":-1.937063950225,"PER_OI":19.027118016214,"BPS":23.286015383173,"BASIC_EPS":2.3566,"DILUTED_EPS":2.3566,"OPERATE_INCOME":39364425189.1,"OPERATE_INCOME_YOY":-20.4740959302,"GROSS_PROFIT":12288735701.13,"GROSS_PROFIT_YOY":-31.682599353079,"HOLDER_PROFIT":4628095332.58,"HOLDER_PROFIT_YOY":-45.4824103231,"GROSS_PROFIT_RATIO":31.217871573374,"EPS_TTM":2.835125070299,"OPERATE_INCOME_QOQ":-3.777892508925,"NET_PROFIT_RATIO":14.0258222655,"ROE_AVG":11.951663338118,"GROSS_PROFIT_QOQ":-8.066014170748,"ROA":7.423883252857,"HOLDER_PROFIT_QOQ":-29.361415680787,"ROE_YEARLY":15.93555111749,"ROIC_YEARLY":12.482081344259,"TOTAL_ASSETS":69579924057.12,"TOTAL_LIABILITIES":16093174950.92,"TAX_EBT":17.123009356407,"OCF_SALES":-10.180543099457,"TOTAL_PARENT_EQUITY":48175483524.2,"DEBT_ASSET_RATIO":23.1290493185,"OPERATE_PROFIT":7287269338.59,"PRETAX_PROFIT":6661902501.52,"NETCASH_OPERATE":-4007512272.23,"NETCASH_INVEST":-2166197374.09,"NETCASH_FINANCE":12105752715.26,"END_CASH":23271623272.79,"DIVI_RATIO":0.579168899461,"DIVIDEND_RATE":3.399512195122,"CURRENT_RATIO":3.719120848565,"COMMON_ACS":null,"CURRENTDEBT_DEBT":88.735884344833,"ISSUED_COMMON_SHARES":2068859044,"HK_COMMON_SHARES":116383500,"PER_SHARES":100,"TOTAL_MARKET_CAP":110270187045.2,"HKSK_MARKET_CAP":6203240550,"PE_TTM":17.88572998342,"PB_TTM":1.8336285712,"REPORT_DATE_SQ":"2021-09-30 00:00:00","REPORT_TYPE_SQ":"2021年三季报","OPERATE_INCOME_SQ":49498871656.4,"DPS_HKD":1.81194,"OPERATE_INCOME_QOQ_SQ":6.689710777779,"NET_PROFIT_RATIO_SQ":22.6671399442,"HOLDER_PROFIT_SQ":8489178190.02,"HOLDER_PROFIT_QOQ_SQ":27.750075443119,"ROE_AVG_SQ":33.964700535558,"PE_TTM_SQ":24.767813553532,"PB_TTM_SQ":2.713513709655,"ROA_SQ":17.75570274805,"START_DATE":"2022-01-01 00:00:00","FISCAL_YEAR":"12-31","CURRENCY":"HKD","IS_CNY_CODE":0,"DPS_HKD_LY":null,"ORG_TYPE":"一般企业","PREMIUM_INCOME":null,"PREMIUM_INCOME_YOY":null,"NET_INTEREST_INCOME":null,"NET_INTEREST_INCOME_YOY":null,"FEE_COMMISSION_INCOME":null,"FEE_COMMISSION_INCOME_YOY":null,"ACCOUNTS_RECE_TDAYS":38.956633680565,"INVENTORY_TDAYS":1.146771939711,"CURRENT_ASSETS_TDAYS":0.85899476809,"TOTAL_ASSETS_TDAYS":0.631440962036,"PREMIUM_EXPENSE":null,"LOAN_DEPOSIT":null,"LOAN_EQUITY":null,"LOAN_ASSETS":null,"DEPOSIT_EQUITY":null,"DEPOSIT_ASSETS":null,"EQUITY_MULTIPLIER":1.300881530844,"EQUITY_RATIO":0.334053210755}],"count":20},"success":true,"message":"ok","code":0}