{"version":"2b300dec6f925b0b964c9feece464cd5","result":{"pages":5,"data":[{"SECUCODE":"01883.HK","SECURITY_CODE":"01883","SECURITY_NAME_ABBR":"中信国际电讯","ORG_CODE":"10098025","STD_REPORT_DATE":"2024-06-30 00:00:00","REPORT_DATE":"2024-06-30 00:00:00","DATE_TYPE_CODE":"002","REPORT_TYPE":"2024年中报","PER_NETCASH_OPERATE":0.2197302747,"PER_OI":1.205680485978,"BPS":2.58670129217,"BASIC_EPS":0.11225964,"DILUTED_EPS":0.11225964,"OPERATE_INCOME":4462092520,"OPERATE_INCOME_YOY":-8.2050319189,"GROSS_PROFIT":1652863480,"GROSS_PROFIT_YOY":-21.680538790663,"HOLDER_PROFIT":415269400,"HOLDER_PROFIT_YOY":-36.8932038835,"GROSS_PROFIT_RATIO":37.042339946819,"EPS_TTM":0.234018929659,"OPERATE_INCOME_QOQ":-4.954167901665,"NET_PROFIT_RATIO":9.6338719575,"ROE_AVG":4.283360790774,"GROSS_PROFIT_QOQ":-12.015661164765,"ROA":2.642506606267,"HOLDER_PROFIT_QOQ":-22.363556524176,"ROE_YEARLY":8.566721581549,"ROIC_YEARLY":5.884825556957,"TOTAL_ASSETS":15583098320,"TOTAL_LIABILITIES":5905039600,"TAX_EBT":17.077464788732,"OCF_SALES":18.224585804868,"TOTAL_PARENT_EQUITY":9573100520,"DEBT_ASSET_RATIO":37.8938737261,"OPERATE_PROFIT":632487240,"PRETAX_PROFIT":518402240,"NETCASH_OPERATE":813197880,"NETCASH_INVEST":-5476080,"NETCASH_FINANCE":-835102200,"END_CASH":951925240,"DIVI_RATIO":0.981378986455,"DIVIDEND_RATE":10.811965811966,"CURRENT_RATIO":0.549802761341,"COMMON_ACS":null,"CURRENTDEBT_DEBT":94.03400309119,"ISSUED_COMMON_SHARES":3700891382,"HK_COMMON_SHARES":3700891382,"PER_SHARES":1000,"TOTAL_MARKET_CAP":8660085833.88,"HKSK_MARKET_CAP":8660085833.88,"PE_TTM":8.974182211275,"PB_TTM":0.825635030401,"REPORT_DATE_SQ":"2023-06-30 00:00:00","REPORT_TYPE_SQ":"2023年中报","OPERATE_INCOME_SQ":4910465480,"DPS_HKD":0.253,"OPERATE_INCOME_QOQ_SQ":7.243085689868,"NET_PROFIT_RATIO_SQ":13.7814494931,"HOLDER_PROFIT_SQ":664747580,"HOLDER_PROFIT_QOQ_SQ":16.503566735628,"ROE_AVG_SQ":6.932025766753,"PE_TTM_SQ":7.953039149373,"PB_TTM_SQ":1.021869063205,"ROA_SQ":4.03266401924,"START_DATE":"2024-01-01 00:00:00","FISCAL_YEAR":"12-31","CURRENCY":"HKD","IS_CNY_CODE":0,"DPS_HKD_LY":0.253,"ORG_TYPE":"一般企业","PREMIUM_INCOME":null,"PREMIUM_INCOME_YOY":null,"NET_INTEREST_INCOME":null,"NET_INTEREST_INCOME_YOY":null,"FEE_COMMISSION_INCOME":null,"FEE_COMMISSION_INCOME_YOY":null,"ACCOUNTS_RECE_TDAYS":3.616124260355,"INVENTORY_TDAYS":58.628571428571,"CURRENT_ASSETS_TDAYS":1.454410233527,"TOTAL_ASSETS_TDAYS":0.28393878677,"PREMIUM_EXPENSE":null,"LOAN_DEPOSIT":null,"LOAN_EQUITY":null,"LOAN_ASSETS":null,"DEPOSIT_EQUITY":null,"DEPOSIT_ASSETS":null,"EQUITY_MULTIPLIER":1.610147114296,"EQUITY_RATIO":0.616836686052},{"SECUCODE":"01883.HK","SECURITY_CODE":"01883","SECURITY_NAME_ABBR":"中信国际电讯","ORG_CODE":"10098025","STD_REPORT_DATE":"2023-12-31 00:00:00","REPORT_DATE":"2023-12-31 00:00:00","DATE_TYPE_CODE":"001","REPORT_TYPE":"2023年年报","PER_NETCASH_OPERATE":0.460698248534,"PER_OI":2.446035836314,"BPS":2.633771519858,"BASIC_EPS":0.30177126,"DILUTED_EPS":0.30177126,"OPERATE_INCOME":9050419140,"OPERATE_INCOME_YOY":-1.2263871032,"GROSS_PROFIT":3807936440,"GROSS_PROFIT_YOY":-1.685478789589,"HOLDER_PROFIT":1115556820,"HOLDER_PROFIT_YOY":3.3585222502,"GROSS_PROFIT_RATIO":42.074697106238,"EPS_TTM":0.301498960098,"OPERATE_INCOME_QOQ":-6.56221554997,"NET_PROFIT_RATIO":12.5362971863,"ROE_AVG":11.652231530125,"GROSS_PROFIT_QOQ":-8.433471868172,"ROA":6.9266261535,"HOLDER_PROFIT_QOQ":-9.996797243246,"ROE_YEARLY":11.652231530125,"ROIC_YEARLY":7.784734079555,"TOTAL_ASSETS":15734697860,"TOTAL_LIABILITIES":5889523780,"TAX_EBT":16.810631229236,"OCF_SALES":18.834484830279,"TOTAL_PARENT_EQUITY":9747302320,"DEBT_ASSET_RATIO":37.4301675978,"OPERATE_PROFIT":1604915620,"PRETAX_PROFIT":1363861100,"NETCASH_OPERATE":1704599820,"NETCASH_INVEST":-142276540,"NETCASH_FINANCE":-1720911780,"END_CASH":976905160,"DIVI_RATIO":0.761731516172,"DIVIDEND_RATE":10.952380952381,"CURRENT_RATIO":1.326266195524,"COMMON_ACS":null,"CURRENTDEBT_DEBT":39.190644714572,"ISSUED_COMMON_SHARES":3700891382,"HK_COMMON_SHARES":3700891382,"PER_SHARES":1000,"TOTAL_MARKET_CAP":8549059092.42,"HKSK_MARKET_CAP":8549059092.42,"PE_TTM":8.859128593181,"PB_TTM":0.815049965909,"REPORT_DATE_SQ":"2022-12-31 00:00:00","REPORT_TYPE_SQ":"2022年年报","OPERATE_INCOME_SQ":9031852970,"DPS_HKD":0.253,"OPERATE_INCOME_QOQ_SQ":12.585587521528,"NET_PROFIT_RATIO_SQ":12.1056275344,"HOLDER_PROFIT_SQ":1063884570,"HOLDER_PROFIT_QOQ_SQ":15.067347226872,"ROE_AVG_SQ":11.637678327145,"PE_TTM_SQ":8.283515780597,"PB_TTM_SQ":1.064331301755,"ROA_SQ":6.514782703826,"START_DATE":"2023-01-01 00:00:00","FISCAL_YEAR":"12-31","CURRENCY":"HKD","IS_CNY_CODE":0,"DPS_HKD_LY":0.245,"ORG_TYPE":"一般企业","PREMIUM_INCOME":null,"PREMIUM_INCOME_YOY":null,"NET_INTEREST_INCOME":null,"NET_INTEREST_INCOME_YOY":null,"FEE_COMMISSION_INCOME":null,"FEE_COMMISSION_INCOME_YOY":null,"ACCOUNTS_RECE_TDAYS":7.574516496018,"INVENTORY_TDAYS":61.216931216931,"CURRENT_ASSETS_TDAYS":2.844488749644,"TOTAL_ASSETS_TDAYS":0.5619513842,"PREMIUM_EXPENSE":null,"LOAN_DEPOSIT":null,"LOAN_EQUITY":null,"LOAN_ASSETS":null,"DEPOSIT_EQUITY":null,"DEPOSIT_ASSETS":null,"EQUITY_MULTIPLIER":1.598214285715,"EQUITY_RATIO":0.604220899963},{"SECUCODE":"01883.HK","SECURITY_CODE":"01883","SECURITY_NAME_ABBR":"中信国际电讯","ORG_CODE":"10098025","STD_REPORT_DATE":"2023-06-30 00:00:00","REPORT_DATE":"2023-06-30 00:00:00","DATE_TYPE_CODE":"002","REPORT_TYPE":"2023年中报","PER_NETCASH_OPERATE":0.306047780553,"PER_OI":1.327370097087,"BPS":2.598111759444,"BASIC_EPS":0.1797861,"DILUTED_EPS":0.1797861,"OPERATE_INCOME":4910465480,"OPERATE_INCOME_YOY":7.0122563793,"GROSS_PROFIT":2110412220,"GROSS_PROFIT_YOY":15.640580723206,"HOLDER_PROFIT":664747580,"HOLDER_PROFIT_YOY":26.048951049,"GROSS_PROFIT_RATIO":42.977844536237,"EPS_TTM":0.335044967368,"OPERATE_INCOME_QOQ":7.243085689868,"NET_PROFIT_RATIO":13.7814494931,"ROE_AVG":6.932025766753,"GROSS_PROFIT_QOQ":7.369497584169,"ROA":4.03266401924,"HOLDER_PROFIT_QOQ":16.503566735628,"ROE_YEARLY":13.864051533506,"ROIC_YEARLY":9.064621574051,"TOTAL_ASSETS":16205642460,"TOTAL_LIABILITIES":6499037020,"TAX_EBT":17.713004484305,"OCF_SALES":23.056702966579,"TOTAL_PARENT_EQUITY":9615329420,"DEBT_ASSET_RATIO":40.1035444046,"OPERATE_PROFIT":944107520,"PRETAX_PROFIT":822406160,"NETCASH_OPERATE":1132191440,"NETCASH_INVEST":-52552860,"NETCASH_FINANCE":-1230843300,"END_CASH":999426320,"DIVI_RATIO":0.685463989517,"DIVIDEND_RATE":10.952380952381,"CURRENT_RATIO":1.315913555992,"COMMON_ACS":null,"CURRENTDEBT_DEBT":36.10441197333,"ISSUED_COMMON_SHARES":3700891382,"HK_COMMON_SHARES":3700891382,"PER_SHARES":1000,"TOTAL_MARKET_CAP":8549059092.42,"HKSK_MARKET_CAP":8549059092.42,"PE_TTM":8.859128593181,"PB_TTM":0.815049965909,"REPORT_DATE_SQ":"2022-06-30 00:00:00","REPORT_TYPE_SQ":"2022年中报","OPERATE_INCOME_SQ":4256280630,"DPS_HKD":0.253,"OPERATE_INCOME_QOQ_SQ":3.435604632927,"NET_PROFIT_RATIO_SQ":11.874623267,"HOLDER_PROFIT_SQ":489168680,"HOLDER_PROFIT_QOQ_SQ":5.096742483213,"ROE_AVG_SQ":5.690692931403,"PE_TTM_SQ":8.283515780597,"PB_TTM_SQ":1.064331301755,"ROA_SQ":3.130044597663,"START_DATE":"2023-01-01 00:00:00","FISCAL_YEAR":"12-31","CURRENCY":"HKD","IS_CNY_CODE":0,"DPS_HKD_LY":0.245,"ORG_TYPE":"一般企业","PREMIUM_INCOME":null,"PREMIUM_INCOME_YOY":null,"NET_INTEREST_INCOME":null,"NET_INTEREST_INCOME_YOY":null,"FEE_COMMISSION_INCOME":null,"FEE_COMMISSION_INCOME_YOY":null,"ACCOUNTS_RECE_TDAYS":4.112741312741,"INVENTORY_TDAYS":34.708571428571,"CURRENT_ASSETS_TDAYS":1.523237523238,"TOTAL_ASSETS_TDAYS":0.29789138095,"PREMIUM_EXPENSE":null,"LOAN_DEPOSIT":null,"LOAN_EQUITY":null,"LOAN_ASSETS":null,"DEPOSIT_EQUITY":null,"DEPOSIT_ASSETS":null,"EQUITY_MULTIPLIER":1.66954787234,"EQUITY_RATIO":0.675903729984},{"SECUCODE":"01883.HK","SECURITY_CODE":"01883","SECURITY_NAME_ABBR":"中信国际电讯","ORG_CODE":"10098025","STD_REPORT_DATE":"2022-12-31 00:00:00","REPORT_DATE":"2022-12-31 00:00:00","DATE_TYPE_CODE":"001","REPORT_TYPE":"2022年年报","PER_NETCASH_OPERATE":0.659487248347,"PER_OI":2.448797491015,"BPS":2.503691341785,"BASIC_EPS":0.28852621,"DILUTED_EPS":0.28852621,"OPERATE_INCOME":9031852970,"OPERATE_INCOME_YOY":6.5886569682,"GROSS_PROFIT":3873218720,"GROSS_PROFIT_YOY":17.638508560368,"HOLDER_PROFIT":1063884570,"HOLDER_PROFIT_YOY":10.687732342,"GROSS_PROFIT_RATIO":42.883987736129,"EPS_TTM":0.288449986332,"OPERATE_INCOME_QOQ":12.585587521528,"NET_PROFIT_RATIO":12.1056275344,"ROE_AVG":11.637678327145,"GROSS_PROFIT_QOQ":11.944442622002,"ROA":6.514782703826,"HOLDER_PROFIT_QOQ":15.067347226872,"ROE_YEARLY":11.637678327145,"ROIC_YEARLY":7.30562797117,"TOTAL_ASSETS":16240541870,"TOTAL_LIABILITIES":6887111700,"TAX_EBT":18.181818181818,"OCF_SALES":26.93106517654,"TOTAL_PARENT_EQUITY":9265889710,"DEBT_ASSET_RATIO":42.4069083109,"OPERATE_PROFIT":1576621550,"PRETAX_PROFIT":1336331920,"NETCASH_OPERATE":2432374210,"NETCASH_INVEST":-595811090,"NETCASH_FINANCE":-1962514190,"END_CASH":1121053850,"DIVI_RATIO":0.79619092003,"DIVIDEND_RATE":10.952380952381,"CURRENT_RATIO":1.301428571429,"COMMON_ACS":null,"CURRENTDEBT_DEBT":36.316472114138,"ISSUED_COMMON_SHARES":3700891382,"HK_COMMON_SHARES":3700891382,"PER_SHARES":1000,"TOTAL_MARKET_CAP":8549059092.42,"HKSK_MARKET_CAP":8549059092.42,"PE_TTM":8.859128593181,"PB_TTM":0.815049965909,"REPORT_DATE_SQ":"2021-12-31 00:00:00","REPORT_TYPE_SQ":"2021年年报","OPERATE_INCOME_SQ":7755753600,"DPS_HKD":0.253,"OPERATE_INCOME_QOQ_SQ":3.024320548163,"NET_PROFIT_RATIO_SQ":11.669829222,"HOLDER_PROFIT_SQ":879737600,"HOLDER_PROFIT_QOQ_SQ":5.024841247,"ROE_AVG_SQ":10.843494910813,"PE_TTM_SQ":8.283515780597,"PB_TTM_SQ":1.064331301755,"ROA_SQ":5.860726054631,"START_DATE":"2022-01-01 00:00:00","FISCAL_YEAR":"12-31","CURRENCY":"HKD","IS_CNY_CODE":0,"DPS_HKD_LY":0.23,"ORG_TYPE":"一般企业","PREMIUM_INCOME":null,"PREMIUM_INCOME_YOY":null,"NET_INTEREST_INCOME":null,"NET_INTEREST_INCOME_YOY":null,"FEE_COMMISSION_INCOME":null,"FEE_COMMISSION_INCOME_YOY":null,"ACCOUNTS_RECE_TDAYS":7.958284140102,"INVENTORY_TDAYS":49.148936170213,"CURRENT_ASSETS_TDAYS":2.865929705215,"TOTAL_ASSETS_TDAYS":0.553072778492,"PREMIUM_EXPENSE":null,"LOAN_DEPOSIT":null,"LOAN_EQUITY":null,"LOAN_ASSETS":null,"DEPOSIT_EQUITY":null,"DEPOSIT_ASSETS":null,"EQUITY_MULTIPLIER":1.736319358228,"EQUITY_RATIO":0.743275812205},{"SECUCODE":"01883.HK","SECURITY_CODE":"01883","SECURITY_NAME_ABBR":"中信国际电讯","ORG_CODE":"10098025","STD_REPORT_DATE":"2022-06-30 00:00:00","REPORT_DATE":"2022-06-30 00:00:00","DATE_TYPE_CODE":"002","REPORT_TYPE":"2022年中报","PER_NETCASH_OPERATE":0.287312916793,"PER_OI":1.154121377627,"BPS":2.312616242029,"BASIC_EPS":0.13255445,"DILUTED_EPS":0.13255445,"OPERATE_INCOME":4256280630,"OPERATE_INCOME_YOY":3.795620438,"GROSS_PROFIT":1824975460,"GROSS_PROFIT_YOY":10.10387695383,"HOLDER_PROFIT":489168680,"HOLDER_PROFIT_YOY":7.1161048689,"GROSS_PROFIT_RATIO":42.877235282299,"EPS_TTM":0.250705372081,"OPERATE_INCOME_QOQ":3.435604632927,"NET_PROFIT_RATIO":11.874623267,"ROE_AVG":5.690692931403,"GROSS_PROFIT_QOQ":5.08651059847,"ROA":3.130044597663,"HOLDER_PROFIT_QOQ":5.096742483213,"ROE_YEARLY":11.381385862807,"ROIC_YEARLY":6.961601655206,"TOTAL_ASSETS":15536236730,"TOTAL_LIABILITIES":6902238490,"TAX_EBT":18.595041322314,"OCF_SALES":24.894514767933,"TOTAL_PARENT_EQUITY":8558741520,"DEBT_ASSET_RATIO":44.4267077668,"OPERATE_PROFIT":731187450,"PRETAX_PROFIT":620867940,"NETCASH_OPERATE":1059580410,"NETCASH_INVEST":-126568120,"NETCASH_FINANCE":-975771790,"END_CASH":1159637640,"DIVI_RATIO":0.916060386314,"DIVIDEND_RATE":10.952380952381,"CURRENT_RATIO":1.260079912822,"COMMON_ACS":null,"CURRENTDEBT_DEBT":34.109775740305,"ISSUED_COMMON_SHARES":3700891382,"HK_COMMON_SHARES":3700891382,"PER_SHARES":1000,"TOTAL_MARKET_CAP":8549059092.42,"HKSK_MARKET_CAP":8549059092.42,"PE_TTM":8.859128593181,"PB_TTM":0.815049965909,"REPORT_DATE_SQ":"2021-06-30 00:00:00","REPORT_TYPE_SQ":"2021年中报","OPERATE_INCOME_SQ":3989823600,"DPS_HKD":0.253,"OPERATE_INCOME_QOQ_SQ":-0.194853416388,"NET_PROFIT_RATIO_SQ":11.3868613139,"HOLDER_PROFIT_SQ":444330720,"HOLDER_PROFIT_QOQ_SQ":-2.71203505626,"ROE_AVG_SQ":5.482264770802,"PE_TTM_SQ":8.283515780597,"PB_TTM_SQ":1.064331301755,"ROA_SQ":2.921465109281,"START_DATE":"2022-01-01 00:00:00","FISCAL_YEAR":"12-31","CURRENCY":"HKD","IS_CNY_CODE":0,"DPS_HKD_LY":0.23,"ORG_TYPE":"一般企业","PREMIUM_INCOME":null,"PREMIUM_INCOME_YOY":null,"NET_INTEREST_INCOME":null,"NET_INTEREST_INCOME_YOY":null,"FEE_COMMISSION_INCOME":null,"FEE_COMMISSION_INCOME_YOY":null,"ACCOUNTS_RECE_TDAYS":3.630196936543,"INVENTORY_TDAYS":34.883435582822,"CURRENT_ASSETS_TDAYS":1.446592065107,"TOTAL_ASSETS_TDAYS":0.272346712632,"PREMIUM_EXPENSE":null,"LOAN_DEPOSIT":null,"LOAN_EQUITY":null,"LOAN_ASSETS":null,"DEPOSIT_EQUITY":null,"DEPOSIT_ASSETS":null,"EQUITY_MULTIPLIER":1.799425515054,"EQUITY_RATIO":0.806454836131},{"SECUCODE":"01883.HK","SECURITY_CODE":"01883","SECURITY_NAME_ABBR":"中信国际电讯","ORG_CODE":"10098025","STD_REPORT_DATE":"2021-12-31 00:00:00","REPORT_DATE":"2021-12-31 00:00:00","DATE_TYPE_CODE":"001","REPORT_TYPE":"2021年年报","PER_NETCASH_OPERATE":0.531449240801,"PER_OI":2.105817668438,"BPS":2.230184879282,"BASIC_EPS":0.2395568,"DILUTED_EPS":0.2387392,"OPERATE_INCOME":7755753600,"OPERATE_INCOME_YOY":6.3095371512,"GROSS_PROFIT":3292475200,"GROSS_PROFIT_YOY":0.746218556677,"HOLDER_PROFIT":879737600,"HOLDER_PROFIT_YOY":5.1808406647,"GROSS_PROFIT_RATIO":42.452034577272,"EPS_TTM":0.238863568547,"OPERATE_INCOME_QOQ":3.024320548163,"NET_PROFIT_RATIO":11.669829222,"ROE_AVG":10.843494910813,"GROSS_PROFIT_QOQ":3.449509258853,"ROA":5.860726054631,"HOLDER_PROFIT_QOQ":5.024841247,"ROE_YEARLY":10.843494910813,"ROIC_YEARLY":6.468678610076,"TOTAL_ASSETS":15029123200,"TOTAL_LIABILITIES":6709225600,"TAX_EBT":18.30258302583,"OCF_SALES":25.237191650854,"TOTAL_PARENT_EQUITY":8253672000,"DEBT_ASSET_RATIO":44.6414971167,"OPERATE_PROFIT":1304889600,"PRETAX_PROFIT":1107848000,"NETCASH_OPERATE":1957334400,"NETCASH_INVEST":-718670400,"NETCASH_FINANCE":-1306524800,"END_CASH":1165897600,"DIVI_RATIO":0.96147462502,"DIVIDEND_RATE":10.952380952381,"CURRENT_RATIO":1.2841550621,"COMMON_ACS":null,"CURRENTDEBT_DEBT":32.378747258104,"ISSUED_COMMON_SHARES":3700891382,"HK_COMMON_SHARES":3700891382,"PER_SHARES":1000,"TOTAL_MARKET_CAP":8549059092.42,"HKSK_MARKET_CAP":8549059092.42,"PE_TTM":8.859128593181,"PB_TTM":0.815049965909,"REPORT_DATE_SQ":"2020-12-31 00:00:00","REPORT_TYPE_SQ":"2020年年报","OPERATE_INCOME_SQ":7509953720,"DPS_HKD":0.253,"OPERATE_INCOME_QOQ_SQ":-8.356351179807,"NET_PROFIT_RATIO_SQ":11.5933943316,"HOLDER_PROFIT_SQ":860997720,"HOLDER_PROFIT_QOQ_SQ":-5.999568619808,"ROE_AVG_SQ":10.696920583468,"PE_TTM_SQ":8.283515780597,"PB_TTM_SQ":1.064331301755,"ROA_SQ":5.570941598316,"START_DATE":"2021-01-01 00:00:00","FISCAL_YEAR":"12-31","CURRENCY":"HKD","IS_CNY_CODE":0,"DPS_HKD_LY":0.215,"ORG_TYPE":"一般企业","PREMIUM_INCOME":null,"PREMIUM_INCOME_YOY":null,"NET_INTEREST_INCOME":null,"NET_INTEREST_INCOME_YOY":null,"FEE_COMMISSION_INCOME":null,"FEE_COMMISSION_INCOME_YOY":null,"ACCOUNTS_RECE_TDAYS":8.066326530612,"INVENTORY_TDAYS":66.573170731707,"CURRENT_ASSETS_TDAYS":2.941851449837,"TOTAL_ASSETS_TDAYS":0.516680737493,"PREMIUM_EXPENSE":null,"LOAN_DEPOSIT":null,"LOAN_EQUITY":null,"LOAN_ASSETS":null,"DEPOSIT_EQUITY":null,"DEPOSIT_ASSETS":null,"EQUITY_MULTIPLIER":1.806407232703,"EQUITY_RATIO":0.812877662209},{"SECUCODE":"01883.HK","SECURITY_CODE":"01883","SECURITY_NAME_ABBR":"中信国际电讯","ORG_CODE":"10098025","STD_REPORT_DATE":"2021-06-30 00:00:00","REPORT_DATE":"2021-06-30 00:00:00","DATE_TYPE_CODE":"002","REPORT_TYPE":"2021年中报","PER_NETCASH_OPERATE":0.287255001252,"PER_OI":1.084557268507,"BPS":2.187618485475,"BASIC_EPS":0.1206516,"DILUTED_EPS":0.1206516,"OPERATE_INCOME":3989823600,"OPERATE_INCOME_YOY":9.375,"GROSS_PROFIT":1657503360,"GROSS_PROFIT_YOY":-6.657778815775,"HOLDER_PROFIT":444330720,"HOLDER_PROFIT_YOY":4.296875,"GROSS_PROFIT_RATIO":41.543274244004,"EPS_TTM":0.227698366369,"OPERATE_INCOME_QOQ":-0.194853416388,"NET_PROFIT_RATIO":11.3868613139,"ROE_AVG":5.482264770802,"GROSS_PROFIT_QOQ":-3.581555556003,"ROA":2.921465109281,"HOLDER_PROFIT_QOQ":-2.71203505626,"ROE_YEARLY":10.964529541605,"ROIC_YEARLY":6.396167090882,"TOTAL_ASSETS":15160497600,"TOTAL_LIABILITIES":7013602320,"TAX_EBT":18.991097922849,"OCF_SALES":26.485922836288,"TOTAL_PARENT_EQUITY":8096138400,"DEBT_ASSET_RATIO":46.262349067,"OPERATE_PROFIT":670656480,"PRETAX_PROFIT":560821920,"NETCASH_OPERATE":1056741600,"NETCASH_INVEST":-239639040,"NETCASH_FINANCE":-807949680,"END_CASH":1263097440,"DIVI_RATIO":1.008620587235,"DIVIDEND_RATE":10.952380952381,"CURRENT_RATIO":1.281184814351,"COMMON_ACS":null,"CURRENTDEBT_DEBT":28.437537074386,"ISSUED_COMMON_SHARES":3700891382,"HK_COMMON_SHARES":3700891382,"PER_SHARES":1000,"TOTAL_MARKET_CAP":8549059092.42,"HKSK_MARKET_CAP":8549059092.42,"PE_TTM":8.859128593181,"PB_TTM":0.815049965909,"REPORT_DATE_SQ":"2020-06-30 00:00:00","REPORT_TYPE_SQ":"2020年中报","OPERATE_INCOME_SQ":4004520960,"DPS_HKD":0.253,"OPERATE_INCOME_QOQ_SQ":1.932102657884,"NET_PROFIT_RATIO_SQ":11.8385036496,"HOLDER_PROFIT_SQ":467681280,"HOLDER_PROFIT_QOQ_SQ":2.024449761703,"ROE_AVG_SQ":5.471546887523,"PE_TTM_SQ":8.283515780597,"PB_TTM_SQ":1.064331301755,"ROA_SQ":2.773993711432,"START_DATE":"2021-01-01 00:00:00","FISCAL_YEAR":"12-31","CURRENCY":"HKD","IS_CNY_CODE":0,"DPS_HKD_LY":0.215,"ORG_TYPE":"一般企业","PREMIUM_INCOME":null,"PREMIUM_INCOME_YOY":null,"NET_INTEREST_INCOME":null,"NET_INTEREST_INCOME_YOY":null,"FEE_COMMISSION_INCOME":null,"FEE_COMMISSION_INCOME_YOY":null,"ACCOUNTS_RECE_TDAYS":4.215384615385,"INVENTORY_TDAYS":39.202797202797,"CURRENT_ASSETS_TDAYS":1.570072036673,"TOTAL_ASSETS_TDAYS":0.262330059906,"PREMIUM_EXPENSE":null,"LOAN_DEPOSIT":null,"LOAN_EQUITY":null,"LOAN_ASSETS":null,"DEPOSIT_EQUITY":null,"DEPOSIT_ASSETS":null,"EQUITY_MULTIPLIER":1.860892656523,"EQUITY_RATIO":0.866289825283},{"SECUCODE":"01883.HK","SECURITY_CODE":"01883","SECURITY_NAME_ABBR":"中信国际电讯","ORG_CODE":"10098025","STD_REPORT_DATE":"2020-12-31 00:00:00","REPORT_DATE":"2020-12-31 00:00:00","DATE_TYPE_CODE":"001","REPORT_TYPE":"2020年年报","PER_NETCASH_OPERATE":0.583812428117,"PER_OI":2.049314829304,"BPS":2.217528371655,"BASIC_EPS":0.23481756,"DILUTED_EPS":0.23481756,"OPERATE_INCOME":7509953720,"OPERATE_INCOME_YOY":-0.9723756906,"GROSS_PROFIT":3268088120,"GROSS_PROFIT_YOY":-10.777315515902,"HOLDER_PROFIT":860997720,"HOLDER_PROFIT_YOY":2.0958083832,"GROSS_PROFIT_RATIO":43.762553001562,"EPS_TTM":0.234948903998,"OPERATE_INCOME_QOQ":-8.356351179807,"NET_PROFIT_RATIO":11.5933943316,"ROE_AVG":10.696920583468,"GROSS_PROFIT_QOQ":-9.727335501649,"ROA":5.570941598316,"HOLDER_PROFIT_QOQ":-5.999568619808,"ROE_YEARLY":10.696920583468,"ROIC_YEARLY":6.055451420141,"TOTAL_ASSETS":15433152680,"TOTAL_LIABILITIES":7177505920,"TAX_EBT":17.735550277118,"OCF_SALES":28.364204418657,"TOTAL_PARENT_EQUITY":8206831640,"DEBT_ASSET_RATIO":46.5070622239,"OPERATE_PROFIT":1312116760,"PRETAX_PROFIT":1062991320,"NETCASH_OPERATE":2139448880,"NETCASH_INVEST":-650587720,"NETCASH_FINANCE":-1329791200,"END_CASH":1270876400,"DIVI_RATIO":0.977494493873,"DIVIDEND_RATE":10.952380952381,"CURRENT_RATIO":1.367402071139,"COMMON_ACS":null,"CURRENTDEBT_DEBT":26.043621013133,"ISSUED_COMMON_SHARES":3700891382,"HK_COMMON_SHARES":3700891382,"PER_SHARES":1000,"TOTAL_MARKET_CAP":8549059092.42,"HKSK_MARKET_CAP":8549059092.42,"PE_TTM":8.859128593181,"PB_TTM":0.815049965909,"REPORT_DATE_SQ":"2019-12-31 00:00:00","REPORT_TYPE_SQ":"2019年年报","OPERATE_INCOME_SQ":8106809000,"DPS_HKD":0.253,"OPERATE_INCOME_QOQ_SQ":0.953921335538,"NET_PROFIT_RATIO_SQ":11.3146468042,"HOLDER_PROFIT_SQ":897571560,"HOLDER_PROFIT_QOQ_SQ":3.091707814986,"ROE_AVG_SQ":10.994549446967,"PE_TTM_SQ":8.283515780597,"PB_TTM_SQ":1.064331301755,"ROA_SQ":5.513637936906,"START_DATE":"2020-01-01 00:00:00","FISCAL_YEAR":"12-31","CURRENCY":"HKD","IS_CNY_CODE":0,"DPS_HKD_LY":0.2,"ORG_TYPE":"一般企业","PREMIUM_INCOME":null,"PREMIUM_INCOME_YOY":null,"NET_INTEREST_INCOME":null,"NET_INTEREST_INCOME_YOY":null,"FEE_COMMISSION_INCOME":null,"FEE_COMMISSION_INCOME_YOY":null,"ACCOUNTS_RECE_TDAYS":7.307944307944,"INVENTORY_TDAYS":49.177208705537,"CURRENT_ASSETS_TDAYS":2.83312224012,"TOTAL_ASSETS_TDAYS":0.488042801604,"PREMIUM_EXPENSE":null,"LOAN_DEPOSIT":null,"LOAN_EQUITY":null,"LOAN_ASSETS":null,"DEPOSIT_EQUITY":null,"DEPOSIT_ASSETS":null,"EQUITY_MULTIPLIER":1.869405647874,"EQUITY_RATIO":0.874576966465},{"SECUCODE":"01883.HK","SECURITY_CODE":"01883","SECURITY_NAME_ABBR":"中信国际电讯","ORG_CODE":"10098025","STD_REPORT_DATE":"2020-06-30 00:00:00","REPORT_DATE":"2020-06-30 00:00:00","DATE_TYPE_CODE":"002","REPORT_TYPE":"2020年中报","PER_NETCASH_OPERATE":0.343027379146,"PER_OI":1.092901184722,"BPS":2.305016624236,"BASIC_EPS":0.1278816,"DILUTED_EPS":0.1278816,"OPERATE_INCOME":4004520960,"OPERATE_INCOME_YOY":0.2057142857,"GROSS_PROFIT":1775727360,"GROSS_PROFIT_YOY":1.490796063432,"HOLDER_PROFIT":467681280,"HOLDER_PROFIT_YOY":0.1956947162,"GROSS_PROFIT_RATIO":44.343065693431,"EPS_TTM":0.249978397907,"OPERATE_INCOME_QOQ":1.932102657884,"NET_PROFIT_RATIO":11.8385036496,"ROE_AVG":5.471546887523,"GROSS_PROFIT_QOQ":0.718454420964,"ROA":2.773993711432,"HOLDER_PROFIT_QOQ":2.024449761703,"ROE_YEARLY":10.943093775047,"ROIC_YEARLY":5.995011319243,"TOTAL_ASSETS":16921476000,"TOTAL_LIABILITIES":8348841600,"TAX_EBT":17.749603803487,"OCF_SALES":31.386861313869,"TOTAL_PARENT_EQUITY":8530616160,"DEBT_ASSET_RATIO":49.338731444,"OPERATE_PROFIT":718877280,"PRETAX_PROFIT":576380640,"NETCASH_OPERATE":1256893440,"NETCASH_INVEST":-428403360,"NETCASH_FINANCE":-791952480,"END_CASH":1221269280,"DIVI_RATIO":0.918724425483,"DIVIDEND_RATE":10.952380952381,"CURRENT_RATIO":1.252214093184,"COMMON_ACS":null,"CURRENTDEBT_DEBT":28.413566739606,"ISSUED_COMMON_SHARES":3700891382,"HK_COMMON_SHARES":3700891382,"PER_SHARES":1000,"TOTAL_MARKET_CAP":8549059092.42,"HKSK_MARKET_CAP":8549059092.42,"PE_TTM":8.859128593181,"PB_TTM":0.815049965909,"REPORT_DATE_SQ":"2019-06-30 00:00:00","REPORT_TYPE_SQ":"2019年中报","OPERATE_INCOME_SQ":3848512500,"DPS_HKD":0.253,"OPERATE_INCOME_QOQ_SQ":-3.546901859392,"NET_PROFIT_RATIO_SQ":11.8567031054,"HOLDER_PROFIT_SQ":449506260,"HOLDER_PROFIT_QOQ_SQ":4.506326891333,"ROE_AVG_SQ":5.719067930974,"PE_TTM_SQ":8.283515780597,"PB_TTM_SQ":1.064331301755,"ROA_SQ":2.808435741419,"START_DATE":"2020-01-01 00:00:00","FISCAL_YEAR":"12-31","CURRENCY":"HKD","IS_CNY_CODE":0,"DPS_HKD_LY":0.2,"ORG_TYPE":"一般企业","PREMIUM_INCOME":null,"PREMIUM_INCOME_YOY":null,"NET_INTEREST_INCOME":null,"NET_INTEREST_INCOME_YOY":null,"FEE_COMMISSION_INCOME":null,"FEE_COMMISSION_INCOME_YOY":null,"ACCOUNTS_RECE_TDAYS":3.264333581534,"INVENTORY_TDAYS":23.924735136513,"CURRENT_ASSETS_TDAYS":1.340347123612,"TOTAL_ASSETS_TDAYS":0.237523211541,"PREMIUM_EXPENSE":null,"LOAN_DEPOSIT":null,"LOAN_EQUITY":null,"LOAN_ASSETS":null,"DEPOSIT_EQUITY":null,"DEPOSIT_ASSETS":null,"EQUITY_MULTIPLIER":1.97389451252,"EQUITY_RATIO":0.978691508727}],"count":39},"success":true,"message":"ok","code":0}