{"version":"002a275f773a82428af8edc2fe21b646","result":{"pages":3,"data":[{"SECUCODE":"01884.HK","SECURITY_CODE":"01884","SECURITY_NAME_ABBR":"EPRINT集团","ORG_CODE":"10353301","STD_REPORT_DATE":"2024-06-30 00:00:00","REPORT_DATE":"2024-09-30 00:00:00","DATE_TYPE_CODE":"002","REPORT_TYPE":"2024年中报","PER_NETCASH_OPERATE":0.014636871509,"PER_OI":0.246639565,"BPS":0.369151835545,"BASIC_EPS":-0.011272375,"DILUTED_EPS":-0.011272375,"OPERATE_INCOME":135651760.75,"OPERATE_INCOME_YOY":-3.8240220963,"GROSS_PROFIT":52644696.62,"GROSS_PROFIT_YOY":-1.434091272968,"HOLDER_PROFIT":-6199806.25,"HOLDER_PROFIT_YOY":24.1504854369,"GROSS_PROFIT_RATIO":38.8087086588,"EPS_TTM":-0.013690553273,"OPERATE_INCOME_QOQ":0,"NET_PROFIT_RATIO":-4.046534818,"ROE_AVG":-3.022017872763,"GROSS_PROFIT_QOQ":0,"ROA":-1.797052050469,"HOLDER_PROFIT_QOQ":0,"ROE_YEARLY":-6.044035745526,"ROIC_YEARLY":-5.075149117109,"TOTAL_ASSETS":348531013.52,"TOTAL_LIABILITIES":127812500.28,"TAX_EBT":-98.467557874144,"OCF_SALES":5.934518863221,"TOTAL_PARENT_EQUITY":203033509.55,"DEBT_ASSET_RATIO":36.6717724742,"OPERATE_PROFIT":-2295055.55,"PRETAX_PROFIT":-2765789.93,"NETCASH_OPERATE":8050279.33,"NETCASH_INVEST":-15051776.89,"NETCASH_FINANCE":-2793745.42,"END_CASH":80638963.59,"DIVI_RATIO":null,"DIVIDEND_RATE":null,"CURRENT_RATIO":1.079625350514,"COMMON_ACS":10000000000,"CURRENTDEBT_DEBT":85.800666045777,"ISSUED_COMMON_SHARES":550000000,"HK_COMMON_SHARES":550000000,"PER_SHARES":4000,"TOTAL_MARKET_CAP":66000000,"HKSK_MARKET_CAP":66000000,"PE_TTM":-10.789602746444,"PB_TTM":0.293144418042,"REPORT_DATE_SQ":"2023-06-30 00:00:00","REPORT_TYPE_SQ":"2023年中报","OPERATE_INCOME_SQ":143522837.78,"DPS_HKD":null,"OPERATE_INCOME_QOQ_SQ":0,"NET_PROFIT_RATIO_SQ":-5.5042645423,"HOLDER_PROFIT_SQ":-8317398.32,"HOLDER_PROFIT_QOQ_SQ":0,"ROE_AVG_SQ":-3.871353521548,"PE_TTM_SQ":-9.615384615385,"PB_TTM_SQ":1.019793816232,"ROA_SQ":-2.370953207418,"START_DATE":"2024-04-01 00:00:00","FISCAL_YEAR":"3-31","CURRENCY":"HKD","IS_CNY_CODE":0,"DPS_HKD_LY":null,"ORG_TYPE":"一般企业","PREMIUM_INCOME":null,"PREMIUM_INCOME_YOY":null,"NET_INTEREST_INCOME":null,"NET_INTEREST_INCOME_YOY":null,"FEE_COMMISSION_INCOME":null,"FEE_COMMISSION_INCOME_YOY":null,"ACCOUNTS_RECE_TDAYS":26.016084399862,"INVENTORY_TDAYS":14.772428181672,"CURRENT_ASSETS_TDAYS":1.172155035377,"TOTAL_ASSETS_TDAYS":0.393194988643,"PREMIUM_EXPENSE":null,"LOAN_DEPOSIT":null,"LOAN_EQUITY":null,"LOAN_ASSETS":null,"DEPOSIT_EQUITY":null,"DEPOSIT_ASSETS":null,"EQUITY_MULTIPLIER":1.579074670284,"EQUITY_RATIO":0.629514312998},{"SECUCODE":"01884.HK","SECURITY_CODE":"01884","SECURITY_NAME_ABBR":"EPRINT集团","ORG_CODE":"10353301","STD_REPORT_DATE":"2023-12-31 00:00:00","REPORT_DATE":"2024-03-31 00:00:00","DATE_TYPE_CODE":"001","REPORT_TYPE":"2023年年报","PER_NETCASH_OPERATE":0.045314313818,"PER_OI":0.521310753364,"BPS":0.378853838091,"BASIC_EPS":-0.013688905,"DILUTED_EPS":-0.013688905,"OPERATE_INCOME":286720914.35,"OPERATE_INCOME_YOY":-0.3563237221,"GROSS_PROFIT":108076171.35,"GROSS_PROFIT_YOY":-0.088392844601,"HOLDER_PROFIT":-7529804.3,"HOLDER_PROFIT_YOY":41.6836340659,"GROSS_PROFIT_RATIO":37.693856967152,"EPS_TTM":-0.039441847764,"OPERATE_INCOME_QOQ":0,"NET_PROFIT_RATIO":-2.1816319239,"ROE_AVG":-3.542789872381,"GROSS_PROFIT_QOQ":0,"ROA":-2.211212599599,"HOLDER_PROFIT_QOQ":0,"ROE_YEARLY":-3.542789872381,"ROIC_YEARLY":-3.327451070725,"TOTAL_ASSETS":343268783.7,"TOTAL_LIABILITIES":122008938.3,"TAX_EBT":-13.412228796844,"OCF_SALES":8.692380413372,"TOTAL_PARENT_EQUITY":208369610.95,"DEBT_ASSET_RATIO":35.5432664121,"OPERATE_PROFIT":-7739217.35,"PRETAX_PROFIT":-5515450.2,"NETCASH_OPERATE":24922872.6,"NETCASH_INVEST":-41164622.4,"NETCASH_FINANCE":-6341317.25,"END_CASH":90686729.25,"DIVI_RATIO":null,"DIVIDEND_RATE":null,"CURRENT_RATIO":1.181558585982,"COMMON_ACS":10000000000,"CURRENTDEBT_DEBT":78.84103844382,"ISSUED_COMMON_SHARES":550000000,"HK_COMMON_SHARES":550000000,"PER_SHARES":4000,"TOTAL_MARKET_CAP":66000000,"HKSK_MARKET_CAP":66000000,"PE_TTM":-10.789602746444,"PB_TTM":0.293144418042,"REPORT_DATE_SQ":"2022-12-31 00:00:00","REPORT_TYPE_SQ":"2022年年报","OPERATE_INCOME_SQ":277862137.28,"DPS_HKD":null,"OPERATE_INCOME_QOQ_SQ":0,"NET_PROFIT_RATIO_SQ":-3.2318026011,"HOLDER_PROFIT_SQ":-12468464.63,"HOLDER_PROFIT_QOQ_SQ":0,"ROE_AVG_SQ":-5.924154353274,"PE_TTM_SQ":-7.126696832579,"PB_TTM_SQ":0.755847181443,"ROA_SQ":-4.022446397506,"START_DATE":"2023-04-01 00:00:00","FISCAL_YEAR":"3-31","CURRENCY":"HKD","IS_CNY_CODE":0,"DPS_HKD_LY":null,"ORG_TYPE":"一般企业","PREMIUM_INCOME":null,"PREMIUM_INCOME_YOY":null,"NET_INTEREST_INCOME":null,"NET_INTEREST_INCOME_YOY":null,"FEE_COMMISSION_INCOME":null,"FEE_COMMISSION_INCOME_YOY":null,"ACCOUNTS_RECE_TDAYS":65.111065362841,"INVENTORY_TDAYS":30.025902788359,"CURRENT_ASSETS_TDAYS":2.166273403173,"TOTAL_ASSETS_TDAYS":0.841988547271,"PREMIUM_EXPENSE":null,"LOAN_DEPOSIT":null,"LOAN_EQUITY":null,"LOAN_ASSETS":null,"DEPOSIT_EQUITY":null,"DEPOSIT_ASSETS":null,"EQUITY_MULTIPLIER":1.551428290477,"EQUITY_RATIO":0.585540942097},{"SECUCODE":"01884.HK","SECURITY_CODE":"01884","SECURITY_NAME_ABBR":"EPRINT集团","ORG_CODE":"10353301","STD_REPORT_DATE":"2023-06-30 00:00:00","REPORT_DATE":"2023-09-30 00:00:00","DATE_TYPE_CODE":"002","REPORT_TYPE":"2023年中报","PER_NETCASH_OPERATE":-0.014183222964,"PER_OI":0.260950614145,"BPS":0.382423136709,"BASIC_EPS":-0.015140895,"DILUTED_EPS":-0.015140895,"OPERATE_INCOME":143522837.78,"OPERATE_INCOME_YOY":-0.2601808512,"GROSS_PROFIT":53410654.15,"GROSS_PROFIT_YOY":-4.360057322982,"HOLDER_PROFIT":-8317398.32,"HOLDER_PROFIT_YOY":-1003.6889332004,"GROSS_PROFIT_RATIO":37.214045496976,"EPS_TTM":-0.022669935691,"OPERATE_INCOME_QOQ":0,"NET_PROFIT_RATIO":-5.5042645423,"ROE_AVG":-3.871353521548,"GROSS_PROFIT_QOQ":0,"ROA":-2.370953207418,"HOLDER_PROFIT_QOQ":0,"ROE_YEARLY":-7.742707043096,"ROIC_YEARLY":-7.290393153594,"TOTAL_ASSETS":359691689.77,"TOTAL_LIABILITIES":137293047.71,"TAX_EBT":-7.384308344767,"OCF_SALES":-5.435213482859,"TOTAL_PARENT_EQUITY":210332725.19,"DEBT_ASSET_RATIO":38.1696468433,"OPERATE_PROFIT":-8180671.45,"PRETAX_PROFIT":-7356639.71,"NETCASH_OPERATE":-7800772.63,"NETCASH_INVEST":-7184125.27,"NETCASH_FINANCE":6779450.44,"END_CASH":106774509.17,"DIVI_RATIO":null,"DIVIDEND_RATE":null,"CURRENT_RATIO":1.307859036467,"COMMON_ACS":10000000000,"CURRENTDEBT_DEBT":77.399627047729,"ISSUED_COMMON_SHARES":550000000,"HK_COMMON_SHARES":550000000,"PER_SHARES":4000,"TOTAL_MARKET_CAP":66000000,"HKSK_MARKET_CAP":66000000,"PE_TTM":-10.789602746444,"PB_TTM":0.293144418042,"REPORT_DATE_SQ":"2022-06-30 00:00:00","REPORT_TYPE_SQ":"2022年中报","OPERATE_INCOME_SQ":141828854.16,"DPS_HKD":null,"OPERATE_INCOME_QOQ_SQ":0,"NET_PROFIT_RATIO_SQ":2.4441542037,"HOLDER_PROFIT_SQ":907153.32,"HOLDER_PROFIT_QOQ_SQ":0,"ROE_AVG_SQ":0.414800478075,"PE_TTM_SQ":-7.126696832579,"PB_TTM_SQ":0.755847181443,"ROA_SQ":0.288034644566,"START_DATE":"2023-04-01 00:00:00","FISCAL_YEAR":"3-31","CURRENCY":"HKD","IS_CNY_CODE":0,"DPS_HKD_LY":null,"ORG_TYPE":"一般企业","PREMIUM_INCOME":null,"PREMIUM_INCOME_YOY":null,"NET_INTEREST_INCOME":null,"NET_INTEREST_INCOME_YOY":null,"FEE_COMMISSION_INCOME":null,"FEE_COMMISSION_INCOME_YOY":null,"ACCOUNTS_RECE_TDAYS":29.242965317379,"INVENTORY_TDAYS":14.036735277301,"CURRENT_ASSETS_TDAYS":0.983435036987,"TOTAL_ASSETS_TDAYS":0.409125449426,"PREMIUM_EXPENSE":null,"LOAN_DEPOSIT":null,"LOAN_EQUITY":null,"LOAN_ASSETS":null,"DEPOSIT_EQUITY":null,"DEPOSIT_ASSETS":null,"EQUITY_MULTIPLIER":1.617328624124,"EQUITY_RATIO":0.652742209212},{"SECUCODE":"01884.HK","SECURITY_CODE":"01884","SECURITY_NAME_ABBR":"EPRINT集团","ORG_CODE":"10353301","STD_REPORT_DATE":"2022-12-31 00:00:00","REPORT_DATE":"2023-03-31 00:00:00","DATE_TYPE_CODE":"001","REPORT_TYPE":"2022年年报","PER_NETCASH_OPERATE":0.086113285873,"PER_OI":0.505203885964,"BPS":0.380480244127,"BASIC_EPS":-0.022673119,"DILUTED_EPS":-0.022673119,"OPERATE_INCOME":277862137.28,"OPERATE_INCOME_YOY":5.6930981549,"GROSS_PROFIT":108171787.47,"GROSS_PROFIT_YOY":22.064908082819,"HOLDER_PROFIT":-12468464.63,"HOLDER_PROFIT_YOY":-779.2083929423,"GROSS_PROFIT_RATIO":38.930020667406,"EPS_TTM":-0.002063813255,"OPERATE_INCOME_QOQ":0,"NET_PROFIT_RATIO":-3.2318026011,"ROE_AVG":-5.924154353274,"GROSS_PROFIT_QOQ":0,"ROA":-4.022446397506,"HOLDER_PROFIT_QOQ":0,"ROE_YEARLY":-5.924154353274,"ROIC_YEARLY":-6.358084762559,"TOTAL_ASSETS":326184769.28,"TOTAL_LIABILITIES":105765285.38,"TAX_EBT":-31.083287969516,"OCF_SALES":17.045254057869,"TOTAL_PARENT_EQUITY":209264134.27,"DEBT_ASSET_RATIO":32.4249613535,"OPERATE_PROFIT":-6807188.16,"PRETAX_PROFIT":-4824384.51,"NETCASH_OPERATE":47362307.23,"NETCASH_INVEST":-12938559.8,"NETCASH_FINANCE":-24586765.26,"END_CASH":109447259.84,"DIVI_RATIO":null,"DIVIDEND_RATE":null,"CURRENT_RATIO":1.894952918164,"COMMON_ACS":10000000000,"CURRENTDEBT_DEBT":72.780545945141,"ISSUED_COMMON_SHARES":550000000,"HK_COMMON_SHARES":550000000,"PER_SHARES":4000,"TOTAL_MARKET_CAP":70400000,"HKSK_MARKET_CAP":70400000,"PE_TTM":-11.508909596207,"PB_TTM":0.312687379244,"REPORT_DATE_SQ":"2021-12-31 00:00:00","REPORT_TYPE_SQ":"2021年年报","OPERATE_INCOME_SQ":243555224.11,"DPS_HKD":null,"OPERATE_INCOME_QOQ_SQ":0,"NET_PROFIT_RATIO_SQ":1.2208352395,"HOLDER_PROFIT_SQ":1700687.97,"HOLDER_PROFIT_QOQ_SQ":0,"ROE_AVG_SQ":0.863058858392,"PE_TTM_SQ":-12.356947272344,"PB_TTM_SQ":0.767844755751,"ROA_SQ":0.629049676026,"START_DATE":"2022-04-01 00:00:00","FISCAL_YEAR":"3-31","CURRENCY":"HKD","IS_CNY_CODE":0,"DPS_HKD_LY":0.009,"ORG_TYPE":"一般企业","PREMIUM_INCOME":null,"PREMIUM_INCOME_YOY":null,"NET_INTEREST_INCOME":null,"NET_INTEREST_INCOME_YOY":null,"FEE_COMMISSION_INCOME":null,"FEE_COMMISSION_INCOME_YOY":null,"ACCOUNTS_RECE_TDAYS":72.791652333448,"INVENTORY_TDAYS":22.337059230237,"CURRENT_ASSETS_TDAYS":1.917218593048,"TOTAL_ASSETS_TDAYS":0.896409931994,"PREMIUM_EXPENSE":null,"LOAN_DEPOSIT":null,"LOAN_EQUITY":null,"LOAN_ASSETS":null,"DEPOSIT_EQUITY":null,"DEPOSIT_ASSETS":null,"EQUITY_MULTIPLIER":1.47983637158,"EQUITY_RATIO":0.505415253067},{"SECUCODE":"01884.HK","SECURITY_CODE":"01884","SECURITY_NAME_ABBR":"EPRINT集团","ORG_CODE":"10353301","STD_REPORT_DATE":"2022-06-30 00:00:00","REPORT_DATE":"2022-09-30 00:00:00","DATE_TYPE_CODE":"002","REPORT_TYPE":"2022年中报","PER_NETCASH_OPERATE":0.061687741309,"PER_OI":0.257870643927,"BPS":0.397637868218,"BASIC_EPS":0.001627992,"DILUTED_EPS":0.001627992,"OPERATE_INCOME":141828854.16,"OPERATE_INCOME_YOY":5.8423816045,"GROSS_PROFIT":55845552.24,"GROSS_PROFIT_YOY":13.266284885415,"HOLDER_PROFIT":907153.32,"HOLDER_PROFIT_YOY":-77.6763854885,"GROSS_PROFIT_RATIO":39.736821127892,"EPS_TTM":0.003092159945,"OPERATE_INCOME_QOQ":0,"NET_PROFIT_RATIO":2.4441542037,"ROE_AVG":0.414800478075,"GROSS_PROFIT_QOQ":0,"ROA":0.288034644566,"HOLDER_PROFIT_QOQ":0,"ROE_YEARLY":0.82960095615,"ROIC_YEARLY":0.941044014683,"TOTAL_ASSETS":326390689.44,"TOTAL_LIABILITIES":97383768.12,"TAX_EBT":31.833910034602,"OCF_SALES":23.002397552167,"TOTAL_PARENT_EQUITY":218700827.52,"DEBT_ASSET_RATIO":29.8365643601,"OPERATE_PROFIT":4069075.56,"PRETAX_PROFIT":5227663.2,"NETCASH_OPERATE":33928257.72,"NETCASH_INVEST":-2346117.36,"NETCASH_FINANCE":-11139083.04,"END_CASH":123305018.52,"DIVI_RATIO":null,"DIVIDEND_RATE":null,"CURRENT_RATIO":1.909168917845,"COMMON_ACS":10000000000,"CURRENTDEBT_DEBT":87.668217659023,"ISSUED_COMMON_SHARES":550000000,"HK_COMMON_SHARES":550000000,"PER_SHARES":4000,"TOTAL_MARKET_CAP":70400000,"HKSK_MARKET_CAP":70400000,"PE_TTM":-11.508909596207,"PB_TTM":0.312687379244,"REPORT_DATE_SQ":"2021-06-30 00:00:00","REPORT_TYPE_SQ":"2021年中报","OPERATE_INCOME_SQ":128358717.86,"DPS_HKD":null,"OPERATE_INCOME_QOQ_SQ":0,"NET_PROFIT_RATIO_SQ":3.6701475198,"HOLDER_PROFIT_SQ":3742938.58,"HOLDER_PROFIT_QOQ_SQ":0,"ROE_AVG_SQ":1.823750154753,"PE_TTM_SQ":-12.356947272344,"PB_TTM_SQ":0.767844755751,"ROA_SQ":1.35622587062,"START_DATE":"2022-04-01 00:00:00","FISCAL_YEAR":"3-31","CURRENCY":"HKD","IS_CNY_CODE":0,"DPS_HKD_LY":0.009,"ORG_TYPE":"一般企业","PREMIUM_INCOME":null,"PREMIUM_INCOME_YOY":null,"NET_INTEREST_INCOME":null,"NET_INTEREST_INCOME_YOY":null,"FEE_COMMISSION_INCOME":null,"FEE_COMMISSION_INCOME_YOY":null,"ACCOUNTS_RECE_TDAYS":29.096205584934,"INVENTORY_TDAYS":11.156024746013,"CURRENT_ASSETS_TDAYS":0.946226015515,"TOTAL_ASSETS_TDAYS":0.468330547754,"PREMIUM_EXPENSE":null,"LOAN_DEPOSIT":null,"LOAN_EQUITY":null,"LOAN_ASSETS":null,"DEPOSIT_EQUITY":null,"DEPOSIT_ASSETS":null,"EQUITY_MULTIPLIER":1.425243776733,"EQUITY_RATIO":0.445283034474},{"SECUCODE":"01884.HK","SECURITY_CODE":"01884","SECURITY_NAME_ABBR":"EPRINT集团","ORG_CODE":"10353301","STD_REPORT_DATE":"2021-12-31 00:00:00","REPORT_DATE":"2022-03-31 00:00:00","DATE_TYPE_CODE":"001","REPORT_TYPE":"2021年年报","PER_NETCASH_OPERATE":0.054243297927,"PER_OI":0.4428276802,"BPS":0.356546538145,"BASIC_EPS":0.003081838,"DILUTED_EPS":0.003081838,"OPERATE_INCOME":243555224.11,"OPERATE_INCOME_YOY":14.6563158013,"GROSS_PROFIT":88618251.69,"GROSS_PROFIT_YOY":1.54797966484,"HOLDER_PROFIT":1700687.97,"HOLDER_PROFIT_YOY":-88.9683833973,"GROSS_PROFIT_RATIO":36.540748970656,"EPS_TTM":0.027738757964,"OPERATE_INCOME_QOQ":0,"NET_PROFIT_RATIO":1.2208352395,"ROE_AVG":0.863058858392,"GROSS_PROFIT_QOQ":0,"ROA":0.629049676026,"HOLDER_PROFIT_QOQ":0,"ROE_YEARLY":0.863058858392,"ROIC_YEARLY":0.972483403553,"TOTAL_ASSETS":272149003.68,"TOTAL_LIABILITIES":69179153,"TAX_EBT":38.257509221851,"OCF_SALES":12.020782955362,"TOTAL_PARENT_EQUITY":196100595.98,"DEBT_ASSET_RATIO":25.4195870882,"OPERATE_PROFIT":3984492.13,"PRETAX_PROFIT":4617079.93,"NETCASH_OPERATE":29833813.86,"NETCASH_INVEST":-8385843.4,"NETCASH_FINANCE":-15550305.74,"END_CASH":92382960.11,"DIVI_RATIO":null,"DIVIDEND_RATE":null,"CURRENT_RATIO":2.156203709773,"COMMON_ACS":10000000000,"CURRENTDEBT_DEBT":89.431418522861,"ISSUED_COMMON_SHARES":550000000,"HK_COMMON_SHARES":550000000,"PER_SHARES":4000,"TOTAL_MARKET_CAP":70400000,"HKSK_MARKET_CAP":70400000,"PE_TTM":-11.508909596207,"PB_TTM":0.312687379244,"REPORT_DATE_SQ":"2020-12-31 00:00:00","REPORT_TYPE_SQ":"2020年年报","OPERATE_INCOME_SQ":225580232.36,"DPS_HKD":null,"OPERATE_INCOME_QOQ_SQ":0,"NET_PROFIT_RATIO_SQ":7.2457306427,"HOLDER_PROFIT_SQ":16066026.62,"HOLDER_PROFIT_QOQ_SQ":0,"ROE_AVG_SQ":8.123521631456,"PE_TTM_SQ":-12.356947272344,"PB_TTM_SQ":0.767844755751,"ROA_SQ":5.771198353255,"START_DATE":"2021-04-01 00:00:00","FISCAL_YEAR":"3-31","CURRENCY":"HKD","IS_CNY_CODE":0,"DPS_HKD_LY":0.008,"ORG_TYPE":"一般企业","PREMIUM_INCOME":null,"PREMIUM_INCOME_YOY":null,"NET_INTEREST_INCOME":null,"NET_INTEREST_INCOME_YOY":null,"FEE_COMMISSION_INCOME":null,"FEE_COMMISSION_INCOME_YOY":null,"ACCOUNTS_RECE_TDAYS":64.729173402306,"INVENTORY_TDAYS":24.010633036597,"CURRENT_ASSETS_TDAYS":1.898563762137,"TOTAL_ASSETS_TDAYS":0.917986561075,"PREMIUM_EXPENSE":null,"LOAN_DEPOSIT":null,"LOAN_EQUITY":null,"LOAN_ASSETS":null,"DEPOSIT_EQUITY":null,"DEPOSIT_ASSETS":null,"EQUITY_MULTIPLIER":1.340834625282,"EQUITY_RATIO":0.352773802926},{"SECUCODE":"01884.HK","SECURITY_CODE":"01884","SECURITY_NAME_ABBR":"EPRINT集团","ORG_CODE":"10353301","STD_REPORT_DATE":"2021-06-30 00:00:00","REPORT_DATE":"2021-09-30 00:00:00","DATE_TYPE_CODE":"002","REPORT_TYPE":"2021年中报","PER_NETCASH_OPERATE":0.026077807309,"PER_OI":0.233379487018,"BPS":0.376502224327,"BASIC_EPS":0.006831092,"DILUTED_EPS":0.006831092,"OPERATE_INCOME":128358717.86,"OPERATE_INCOME_YOY":20.0241480039,"GROSS_PROFIT":49304656.1,"GROSS_PROFIT_YOY":16.605981641517,"HOLDER_PROFIT":3742938.58,"HOLDER_PROFIT_YOY":-13.2792897124,"GROSS_PROFIT_RATIO":38.411614670206,"EPS_TTM":0.029210957491,"OPERATE_INCOME_QOQ":0,"NET_PROFIT_RATIO":3.6701475198,"ROE_AVG":1.823750154753,"GROSS_PROFIT_QOQ":0,"ROA":1.35622587062,"HOLDER_PROFIT_QOQ":0,"ROE_YEARLY":3.647500309506,"ROIC_YEARLY":4.289188486111,"TOTAL_ASSETS":276094411.32,"TOTAL_LIABILITIES":62631116.92,"TAX_EBT":23.581081081081,"OCF_SALES":11.173992899838,"TOTAL_PARENT_EQUITY":207076223.38,"DEBT_ASSET_RATIO":22.6846739203,"OPERATE_PROFIT":6472043.14,"PRETAX_PROFIT":6164644,"NETCASH_OPERATE":14342794.02,"NETCASH_INVEST":6092167.78,"NETCASH_FINANCE":-6936057.56,"END_CASH":102323093.68,"DIVI_RATIO":null,"DIVIDEND_RATE":null,"CURRENT_RATIO":2.509458694551,"COMMON_ACS":10000000000,"CURRENTDEBT_DEBT":89.295310047618,"ISSUED_COMMON_SHARES":550000000,"HK_COMMON_SHARES":550000000,"PER_SHARES":4000,"TOTAL_MARKET_CAP":70400000,"HKSK_MARKET_CAP":70400000,"PE_TTM":-11.508909596207,"PB_TTM":0.312687379244,"REPORT_DATE_SQ":"2020-06-30 00:00:00","REPORT_TYPE_SQ":"2020年中报","OPERATE_INCOME_SQ":112805680,"DPS_HKD":null,"OPERATE_INCOME_QOQ_SQ":0,"NET_PROFIT_RATIO_SQ":3.9462512171,"HOLDER_PROFIT_SQ":4552648.32,"HOLDER_PROFIT_QOQ_SQ":0,"ROE_AVG_SQ":2.282675501882,"PE_TTM_SQ":-12.356947272344,"PB_TTM_SQ":0.767844755751,"ROA_SQ":1.567181447911,"START_DATE":"2021-04-01 00:00:00","FISCAL_YEAR":"3-31","CURRENCY":"HKD","IS_CNY_CODE":0,"DPS_HKD_LY":0.008,"ORG_TYPE":"一般企业","PREMIUM_INCOME":null,"PREMIUM_INCOME_YOY":null,"NET_INTEREST_INCOME":null,"NET_INTEREST_INCOME_YOY":null,"FEE_COMMISSION_INCOME":null,"FEE_COMMISSION_INCOME_YOY":null,"ACCOUNTS_RECE_TDAYS":32.954978077211,"INVENTORY_TDAYS":13.705372616984,"CURRENT_ASSETS_TDAYS":0.944256849924,"TOTAL_ASSETS_TDAYS":0.465098238084,"PREMIUM_EXPENSE":null,"LOAN_DEPOSIT":null,"LOAN_EQUITY":null,"LOAN_ASSETS":null,"DEPOSIT_EQUITY":null,"DEPOSIT_ASSETS":null,"EQUITY_MULTIPLIER":1.293404620669,"EQUITY_RATIO":0.302454409771},{"SECUCODE":"01884.HK","SECURITY_CODE":"01884","SECURITY_NAME_ABBR":"EPRINT集团","ORG_CODE":"10353301","STD_REPORT_DATE":"2020-12-31 00:00:00","REPORT_DATE":"2021-03-31 00:00:00","DATE_TYPE_CODE":"001","REPORT_TYPE":"2020年年报","PER_NETCASH_OPERATE":0.079114994764,"PER_OI":0.410145877018,"BPS":0.375180012073,"BASIC_EPS":0.029243228,"DILUTED_EPS":0.029243228,"OPERATE_INCOME":225580232.36,"OPERATE_INCOME_YOY":-27.0362847559,"GROSS_PROFIT":87267370.54,"GROSS_PROFIT_YOY":-24.973195387137,"HOLDER_PROFIT":16066026.62,"HOLDER_PROFIT_YOY":234.1947960619,"GROSS_PROFIT_RATIO":38.685734839005,"EPS_TTM":0.007949073273,"OPERATE_INCOME_QOQ":0,"NET_PROFIT_RATIO":7.2457306427,"ROE_AVG":8.123521631456,"GROSS_PROFIT_QOQ":0,"ROA":5.771198353255,"HOLDER_PROFIT_QOQ":0,"ROE_YEARLY":8.123521631456,"ROIC_YEARLY":8.679849224777,"TOTAL_ASSETS":279883047.36,"TOTAL_LIABILITIES":68034454.46,"TAX_EBT":7.861260660346,"OCF_SALES":19.289477036515,"TOTAL_PARENT_EQUITY":206349006.64,"DEBT_ASSET_RATIO":24.308172682,"OPERATE_PROFIT":17136024.5,"PRETAX_PROFIT":17739483.02,"NETCASH_OPERATE":43513247.12,"NETCASH_INVEST":-20258119.42,"NETCASH_FINANCE":-19057963.82,"END_CASH":90066606.7,"DIVI_RATIO":null,"DIVIDEND_RATE":null,"CURRENT_RATIO":2.193899812409,"COMMON_ACS":10000000000,"CURRENTDEBT_DEBT":89.400847236543,"ISSUED_COMMON_SHARES":550000000,"HK_COMMON_SHARES":550000000,"PER_SHARES":4000,"TOTAL_MARKET_CAP":70400000,"HKSK_MARKET_CAP":70400000,"PE_TTM":-11.508909596207,"PB_TTM":0.312687379244,"REPORT_DATE_SQ":"2019-12-31 00:00:00","REPORT_TYPE_SQ":"2019年年报","OPERATE_INCOME_SQ":334232373.7,"DPS_HKD":null,"OPERATE_INCOME_QOQ_SQ":0,"NET_PROFIT_RATIO_SQ":1.4887876195,"HOLDER_PROFIT_SQ":5197125.6,"HOLDER_PROFIT_QOQ_SQ":0,"ROE_AVG_SQ":2.515267158694,"PE_TTM_SQ":-12.356947272344,"PB_TTM_SQ":0.767844755751,"ROA_SQ":1.782303865889,"START_DATE":"2020-04-01 00:00:00","FISCAL_YEAR":"3-31","CURRENCY":"HKD","IS_CNY_CODE":0,"DPS_HKD_LY":null,"ORG_TYPE":"一般企业","PREMIUM_INCOME":null,"PREMIUM_INCOME_YOY":null,"NET_INTEREST_INCOME":null,"NET_INTEREST_INCOME_YOY":null,"FEE_COMMISSION_INCOME":null,"FEE_COMMISSION_INCOME_YOY":null,"ACCOUNTS_RECE_TDAYS":58.339234972678,"INVENTORY_TDAYS":24.392457892383,"CURRENT_ASSETS_TDAYS":1.677795309249,"TOTAL_ASSETS_TDAYS":0.81032373238,"PREMIUM_EXPENSE":null,"LOAN_DEPOSIT":null,"LOAN_EQUITY":null,"LOAN_ASSETS":null,"DEPOSIT_EQUITY":null,"DEPOSIT_ASSETS":null,"EQUITY_MULTIPLIER":1.321146595918,"EQUITY_RATIO":0.329705752249},{"SECUCODE":"01884.HK","SECURITY_CODE":"01884","SECURITY_NAME_ABBR":"EPRINT集团","ORG_CODE":"10353301","STD_REPORT_DATE":"2020-06-30 00:00:00","REPORT_DATE":"2020-09-30 00:00:00","DATE_TYPE_CODE":"002","REPORT_TYPE":"2020年中报","PER_NETCASH_OPERATE":0.042379866764,"PER_OI":0.205101236364,"BPS":0.367608517818,"BASIC_EPS":0.008259968,"DILUTED_EPS":0.008259968,"OPERATE_INCOME":112805680,"OPERATE_INCOME_YOY":-37.4262763334,"GROSS_PROFIT":42283127.68,"GROSS_PROFIT_YOY":-35.018212330069,"HOLDER_PROFIT":4552648.32,"HOLDER_PROFIT_YOY":-13.0996309963,"GROSS_PROFIT_RATIO":37.483154819864,"EPS_TTM":0.009449319273,"OPERATE_INCOME_QOQ":0,"NET_PROFIT_RATIO":3.9462512171,"ROE_AVG":2.282675501882,"GROSS_PROFIT_QOQ":0,"ROA":1.567181447911,"HOLDER_PROFIT_QOQ":0,"ROE_YEARLY":4.565351003765,"ROIC_YEARLY":4.563601730839,"TOTAL_ASSETS":293127811.2,"TOTAL_LIABILITIES":85619840.64,"TAX_EBT":17.330287206266,"OCF_SALES":20.662901655307,"TOTAL_PARENT_EQUITY":202184684.8,"DEBT_ASSET_RATIO":29.2090471694,"OPERATE_PROFIT":6076348.8,"PRETAX_PROFIT":5384796.16,"NETCASH_OPERATE":23308926.72,"NETCASH_INVEST":-20018999.04,"NETCASH_FINANCE":-10654480,"END_CASH":82015331.2,"DIVI_RATIO":null,"DIVIDEND_RATE":null,"CURRENT_RATIO":1.875874016926,"COMMON_ACS":10000000000,"CURRENTDEBT_DEBT":82.343462955551,"ISSUED_COMMON_SHARES":550000000,"HK_COMMON_SHARES":550000000,"PER_SHARES":4000,"TOTAL_MARKET_CAP":70400000,"HKSK_MARKET_CAP":70400000,"PE_TTM":-11.508909596207,"PB_TTM":0.312687379244,"REPORT_DATE_SQ":"2019-06-30 00:00:00","REPORT_TYPE_SQ":"2019年中报","OPERATE_INCOME_SQ":185054567.58,"DPS_HKD":null,"OPERATE_INCOME_QOQ_SQ":0,"NET_PROFIT_RATIO_SQ":2.8816814358,"HOLDER_PROFIT_SQ":5377783.62,"HOLDER_PROFIT_QOQ_SQ":0,"ROE_AVG_SQ":2.632229580574,"PE_TTM_SQ":-12.356947272344,"PB_TTM_SQ":0.767844755751,"ROA_SQ":1.833933929777,"START_DATE":"2020-04-01 00:00:00","FISCAL_YEAR":"3-31","CURRENCY":"HKD","IS_CNY_CODE":0,"DPS_HKD_LY":null,"ORG_TYPE":"一般企业","PREMIUM_INCOME":null,"PREMIUM_INCOME_YOY":null,"NET_INTEREST_INCOME":null,"NET_INTEREST_INCOME_YOY":null,"FEE_COMMISSION_INCOME":null,"FEE_COMMISSION_INCOME_YOY":null,"ACCOUNTS_RECE_TDAYS":29.282618613139,"INVENTORY_TDAYS":12.192328142803,"CURRENT_ASSETS_TDAYS":0.82614445542,"TOTAL_ASSETS_TDAYS":0.388316769688,"PREMIUM_EXPENSE":null,"LOAN_DEPOSIT":null,"LOAN_EQUITY":null,"LOAN_ASSETS":null,"DEPOSIT_EQUITY":null,"DEPOSIT_ASSETS":null,"EQUITY_MULTIPLIER":1.412609888714,"EQUITY_RATIO":0.423473423443}],"count":27},"success":true,"message":"ok","code":0}