{"version":"f466f7e41391317fa8e488cca6c7413c","result":{"pages":5,"data":[{"SECUCODE":"01888.HK","SECURITY_CODE":"01888","SECURITY_NAME_ABBR":"建滔积层板","ORG_CODE":"10076181","STD_REPORT_DATE":"2024-06-30 00:00:00","REPORT_DATE":"2024-06-30 00:00:00","DATE_TYPE_CODE":"002","REPORT_TYPE":"2024年中报","PER_NETCASH_OPERATE":0.088559212564,"PER_OI":2.526907863436,"BPS":4.455770163321,"BASIC_EPS":0.21265444,"DILUTED_EPS":0.21265444,"OPERATE_INCOME":7883952533.92,"OPERATE_INCOME_YOY":6.5146321545,"GROSS_PROFIT":1555661234.64,"GROSS_PROFIT_YOY":30.007685891244,"HOLDER_PROFIT":664245765.96,"HOLDER_PROFIT_YOY":72.3640833262,"GROSS_PROFIT_RATIO":19.731996456687,"EPS_TTM":0.351683039513,"OPERATE_INCOME_QOQ":2.679781052616,"NET_PROFIT_RATIO":8.4431048718,"ROE_AVG":4.822514117243,"GROSS_PROFIT_QOQ":14.800505168008,"ROA":3.018138514965,"HOLDER_PROFIT_QOQ":33.435885934226,"ROE_YEARLY":9.645028234485,"ROIC_YEARLY":6.709310635772,"TOTAL_ASSETS":22511544257.6,"TOTAL_LIABILITIES":8586391219.84,"TAX_EBT":23.826353965941,"OCF_SALES":3.504647472334,"TOTAL_PARENT_EQUITY":13902002909.56,"DEBT_ASSET_RATIO":38.1421688427,"OPERATE_PROFIT":1014266760.08,"PRETAX_PROFIT":873859156.2,"NETCASH_OPERATE":276304743.2,"NETCASH_INVEST":-145306870.12,"NETCASH_FINANCE":539099997.04,"END_CASH":2520263599.84,"DIVI_RATIO":0.5691022242,"DIVIDEND_RATE":2.511415525114,"CURRENT_RATIO":2.206454114912,"COMMON_ACS":20000000000,"CURRENTDEBT_DEBT":73.674410239578,"ISSUED_COMMON_SHARES":3120000000,"HK_COMMON_SHARES":3120000000,"PER_SHARES":500,"TOTAL_MARKET_CAP":27331200000,"HKSK_MARKET_CAP":27331200000,"PE_TTM":22.532740291272,"PB_TTM":1.794319838535,"REPORT_DATE_SQ":"2023-06-30 00:00:00","REPORT_TYPE_SQ":"2023年中报","OPERATE_INCOME_SQ":7477177587.74,"DPS_HKD":0.22,"OPERATE_INCOME_QOQ_SQ":-18.97583605491,"NET_PROFIT_RATIO_SQ":5.2105984368,"HOLDER_PROFIT_SQ":389300523.12,"HOLDER_PROFIT_QOQ_SQ":-68.733084777222,"ROE_AVG_SQ":2.905877246912,"PE_TTM_SQ":30.796985342116,"PB_TTM_SQ":1.111066151212,"ROA_SQ":1.736512794642,"START_DATE":"2024-01-01 00:00:00","FISCAL_YEAR":"12-31","CURRENCY":"HKD","IS_CNY_CODE":0,"DPS_HKD_LY":0.22,"ORG_TYPE":"一般企业","PREMIUM_INCOME":null,"PREMIUM_INCOME_YOY":null,"NET_INTEREST_INCOME":null,"NET_INTEREST_INCOME_YOY":null,"FEE_COMMISSION_INCOME":null,"FEE_COMMISSION_INCOME_YOY":null,"ACCOUNTS_RECE_TDAYS":1.279417154414,"INVENTORY_TDAYS":2.448894928352,"CURRENT_ASSETS_TDAYS":0.593483212124,"TOTAL_ASSETS_TDAYS":0.358223748079,"PREMIUM_EXPENSE":null,"LOAN_DEPOSIT":null,"LOAN_EQUITY":null,"LOAN_ASSETS":null,"DEPOSIT_EQUITY":null,"DEPOSIT_ASSETS":null,"EQUITY_MULTIPLIER":1.616610187087,"EQUITY_RATIO":0.617636989123},{"SECUCODE":"01888.HK","SECURITY_CODE":"01888","SECURITY_NAME_ABBR":"建滔积层板","ORG_CODE":"10076181","STD_REPORT_DATE":"2023-12-31 00:00:00","REPORT_DATE":"2023-12-31 00:00:00","DATE_TYPE_CODE":"001","REPORT_TYPE":"2023年年报","PER_NETCASH_OPERATE":0.23925398866,"PER_OI":4.865195430308,"BPS":4.34266287875,"BASIC_EPS":0.26371002,"DILUTED_EPS":0.26371002,"OPERATE_INCOME":15179409742.56,"OPERATE_INCOME_YOY":-25.1006632182,"GROSS_PROFIT":2426062405.06,"GROSS_PROFIT_YOY":-46.635917144464,"HOLDER_PROFIT":822305840.44,"HOLDER_PROFIT_YOY":-52.4713631952,"GROSS_PROFIT_RATIO":15.982587242887,"EPS_TTM":0.263559564244,"OPERATE_INCOME_QOQ":-6.219119122883,"NET_PROFIT_RATIO":5.4246599812,"ROE_AVG":6.049321057874,"GROSS_PROFIT_QOQ":4.598166918099,"ROA":3.791687789589,"HOLDER_PROFIT_QOQ":54.213081779528,"ROE_YEARLY":6.049321057874,"ROIC_YEARLY":4.270281492298,"TOTAL_ASSETS":21353156738.48,"TOTAL_LIABILITIES":7782297464.34,"TAX_EBT":23.830648338623,"OCF_SALES":4.917664502639,"TOTAL_PARENT_EQUITY":13549108181.7,"DEBT_ASSET_RATIO":36.445653257,"OPERATE_PROFIT":1318141394.78,"PRETAX_PROFIT":1081053399.72,"NETCASH_OPERATE":746472444.62,"NETCASH_INVEST":-669991101.5,"NETCASH_FINANCE":-1196875565.48,"END_CASH":1837070153.38,"DIVI_RATIO":0.759386594732,"DIVIDEND_RATE":2.989130434783,"CURRENT_RATIO":2.469377484111,"COMMON_ACS":20000000000,"CURRENTDEBT_DEBT":65.155344647958,"ISSUED_COMMON_SHARES":3120000000,"HK_COMMON_SHARES":3120000000,"PER_SHARES":500,"TOTAL_MARKET_CAP":22963200000,"HKSK_MARKET_CAP":22963200000,"PE_TTM":18.931617413672,"PB_TTM":1.507556394021,"REPORT_DATE_SQ":"2022-12-31 00:00:00","REPORT_TYPE_SQ":"2022年年报","OPERATE_INCOME_SQ":19976804433.6,"DPS_HKD":0.22,"OPERATE_INCOME_QOQ_SQ":-14.012247475914,"NET_PROFIT_RATIO_SQ":8.5378792757,"HOLDER_PROFIT_SQ":1705403392.63,"HOLDER_PROFIT_QOQ_SQ":-60.461289072706,"ROE_AVG_SQ":11.201619367875,"PE_TTM_SQ":39.067117678476,"PB_TTM_SQ":1.409428604644,"ROA_SQ":7.055109626569,"START_DATE":"2023-01-01 00:00:00","FISCAL_YEAR":"12-31","CURRENCY":"HKD","IS_CNY_CODE":0,"DPS_HKD_LY":0.26,"ORG_TYPE":"一般企业","PREMIUM_INCOME":null,"PREMIUM_INCOME_YOY":null,"NET_INTEREST_INCOME":null,"NET_INTEREST_INCOME_YOY":null,"FEE_COMMISSION_INCOME":null,"FEE_COMMISSION_INCOME_YOY":null,"ACCOUNTS_RECE_TDAYS":2.628217537875,"INVENTORY_TDAYS":5.164475126758,"CURRENT_ASSETS_TDAYS":1.216508774639,"TOTAL_ASSETS_TDAYS":0.699929147326,"PREMIUM_EXPENSE":null,"LOAN_DEPOSIT":null,"LOAN_EQUITY":null,"LOAN_ASSETS":null,"DEPOSIT_EQUITY":null,"DEPOSIT_ASSETS":null,"EQUITY_MULTIPLIER":1.57345650022,"EQUITY_RATIO":0.574377099952},{"SECUCODE":"01888.HK","SECURITY_CODE":"01888","SECURITY_NAME_ABBR":"建滔积层板","ORG_CODE":"10076181","STD_REPORT_DATE":"2023-06-30 00:00:00","REPORT_DATE":"2023-06-30 00:00:00","DATE_TYPE_CODE":"002","REPORT_TYPE":"2023年中报","PER_NETCASH_OPERATE":-0.146982819917,"PER_OI":2.396531278122,"BPS":4.140779732135,"BASIC_EPS":0.1244673,"DILUTED_EPS":0.1244673,"OPERATE_INCOME":7477177587.74,"OPERATE_INCOME_YOY":-38.4491353301,"GROSS_PROFIT":1196591743,"GROSS_PROFIT_YOY":-65.046947902642,"HOLDER_PROFIT":389300523.12,"HOLDER_PROFIT_YOY":-76.8745313911,"GROSS_PROFIT_RATIO":16.003254288918,"EPS_TTM":0.170906100314,"OPERATE_INCOME_QOQ":-18.97583605491,"NET_PROFIT_RATIO":5.2105984368,"ROE_AVG":2.905877246912,"GROSS_PROFIT_QOQ":-48.981818297714,"ROA":1.736512794642,"HOLDER_PROFIT_QOQ":-68.733084777222,"ROE_YEARLY":5.811754493825,"ROIC_YEARLY":4.014634394125,"TOTAL_ASSETS":22433105661.1,"TOTAL_LIABILITIES":9492945794.8,"TAX_EBT":25.50961768978,"OCF_SALES":-6.133148407387,"TOTAL_PARENT_EQUITY":12919232764.26,"DEBT_ASSET_RATIO":42.3166811507,"OPERATE_PROFIT":644442814.46,"PRETAX_PROFIT":523028190.24,"NETCASH_OPERATE":-458586398.14,"NETCASH_INVEST":-246175113.86,"NETCASH_FINANCE":644900116.54,"END_CASH":2973409471.48,"DIVI_RATIO":1.171073470357,"DIVIDEND_RATE":2.989130434783,"CURRENT_RATIO":2.352631959151,"COMMON_ACS":20000000000,"CURRENTDEBT_DEBT":60.366608846319,"ISSUED_COMMON_SHARES":3120000000,"HK_COMMON_SHARES":3120000000,"PER_SHARES":500,"TOTAL_MARKET_CAP":22963200000,"HKSK_MARKET_CAP":22963200000,"PE_TTM":18.931617413672,"PB_TTM":1.507556394021,"REPORT_DATE_SQ":"2022-06-30 00:00:00","REPORT_TYPE_SQ":"2022年中报","OPERATE_INCOME_SQ":11267943246.07,"DPS_HKD":0.22,"OPERATE_INCOME_QOQ_SQ":-1.335955412083,"NET_PROFIT_RATIO_SQ":13.8591493154,"HOLDER_PROFIT_SQ":1561476882.77,"HOLDER_PROFIT_QOQ_SQ":-22.209246633654,"ROE_AVG_SQ":10.298745652541,"PE_TTM_SQ":39.067117678476,"PB_TTM_SQ":1.409428604644,"ROA_SQ":6.3380209577,"START_DATE":"2023-01-01 00:00:00","FISCAL_YEAR":"12-31","CURRENCY":"HKD","IS_CNY_CODE":0,"DPS_HKD_LY":0.26,"ORG_TYPE":"一般企业","PREMIUM_INCOME":null,"PREMIUM_INCOME_YOY":null,"NET_INTEREST_INCOME":null,"NET_INTEREST_INCOME_YOY":null,"FEE_COMMISSION_INCOME":null,"FEE_COMMISSION_INCOME_YOY":null,"ACCOUNTS_RECE_TDAYS":1.296031567896,"INVENTORY_TDAYS":2.27463149858,"CURRENT_ASSETS_TDAYS":0.57224731623,"TOTAL_ASSETS_TDAYS":0.333526768597,"PREMIUM_EXPENSE":null,"LOAN_DEPOSIT":null,"LOAN_EQUITY":null,"LOAN_ASSETS":null,"DEPOSIT_EQUITY":null,"DEPOSIT_ASSETS":null,"EQUITY_MULTIPLIER":1.733603440212,"EQUITY_RATIO":0.734791761091},{"SECUCODE":"01888.HK","SECURITY_CODE":"01888","SECURITY_NAME_ABBR":"建滔积层板","ORG_CODE":"10076181","STD_REPORT_DATE":"2022-12-31 00:00:00","REPORT_DATE":"2022-12-31 00:00:00","DATE_TYPE_CODE":"001","REPORT_TYPE":"2022年年报","PER_NETCASH_OPERATE":1.715566835455,"PER_OI":6.402821933846,"BPS":4.308565306679,"BASIC_EPS":0.54668124,"DILUTED_EPS":0.54668124,"OPERATE_INCOME":19976804433.6,"OPERATE_INCOME_YOY":-22.3478210447,"GROSS_PROFIT":4546245855.34,"GROSS_PROFIT_YOY":-43.235481509795,"HOLDER_PROFIT":1705403392.63,"HOLDER_PROFIT_YOY":-71.8480412454,"GROSS_PROFIT_RATIO":22.757623074557,"EPS_TTM":0.546603651484,"OPERATE_INCOME_QOQ":-14.012247475914,"NET_PROFIT_RATIO":8.5378792757,"ROE_AVG":11.201619367875,"GROSS_PROFIT_QOQ":-39.403247620006,"ROA":7.055109626569,"HOLDER_PROFIT_QOQ":-60.461289072706,"ROE_YEARLY":11.201619367875,"ROIC_YEARLY":7.968647462702,"TOTAL_ASSETS":21706293065.24,"TOTAL_LIABILITIES":8242935664.67,"TAX_EBT":43.135286973541,"OCF_SALES":26.793917637884,"TOTAL_PARENT_EQUITY":13442723756.84,"DEBT_ASSET_RATIO":37.9748658138,"OPERATE_PROFIT":3115866896.66,"PRETAX_PROFIT":2999391634.82,"NETCASH_OPERATE":5352568526.62,"NETCASH_INVEST":-2081445051.07,"NETCASH_FINANCE":-2807738769.78,"END_CASH":2938816316.31,"DIVI_RATIO":0.366158549173,"DIVIDEND_RATE":2.989130434783,"CURRENT_RATIO":2.914731944279,"COMMON_ACS":20000000000,"CURRENTDEBT_DEBT":51.014925408718,"ISSUED_COMMON_SHARES":3120000000,"HK_COMMON_SHARES":3120000000,"PER_SHARES":500,"TOTAL_MARKET_CAP":22963200000,"HKSK_MARKET_CAP":22963200000,"PE_TTM":18.931617413672,"PB_TTM":1.507556394021,"REPORT_DATE_SQ":"2021-12-31 00:00:00","REPORT_TYPE_SQ":"2021年年报","OPERATE_INCOME_SQ":23546724656,"DPS_HKD":0.22,"OPERATE_INCOME_QOQ_SQ":18.173587517433,"NET_PROFIT_RATIO_SQ":23.5539019181,"HOLDER_PROFIT_SQ":5544681945.6,"HOLDER_PROFIT_QOQ_SQ":23.694884826536,"ROE_AVG_SQ":40.643340848318,"PE_TTM_SQ":39.067117678476,"PB_TTM_SQ":1.409428604644,"ROA_SQ":24.134994848544,"START_DATE":"2022-01-01 00:00:00","FISCAL_YEAR":"12-31","CURRENCY":"HKD","IS_CNY_CODE":0,"DPS_HKD_LY":1.35,"ORG_TYPE":"一般企业","PREMIUM_INCOME":null,"PREMIUM_INCOME_YOY":null,"NET_INTEREST_INCOME":null,"NET_INTEREST_INCOME_YOY":null,"FEE_COMMISSION_INCOME":null,"FEE_COMMISSION_INCOME_YOY":null,"ACCOUNTS_RECE_TDAYS":2.596436489696,"INVENTORY_TDAYS":5.14182936946,"CURRENT_ASSETS_TDAYS":1.354365953233,"TOTAL_ASSETS_TDAYS":0.826423507052,"PREMIUM_EXPENSE":null,"LOAN_DEPOSIT":null,"LOAN_EQUITY":null,"LOAN_ASSETS":null,"DEPOSIT_EQUITY":null,"DEPOSIT_ASSETS":null,"EQUITY_MULTIPLIER":1.612249635765,"EQUITY_RATIO":0.613189396269},{"SECUCODE":"01888.HK","SECURITY_CODE":"01888","SECURITY_NAME_ABBR":"建滔积层板","ORG_CODE":"10076181","STD_REPORT_DATE":"2022-06-30 00:00:00","REPORT_DATE":"2022-06-30 00:00:00","DATE_TYPE_CODE":"002","REPORT_TYPE":"2022年中报","PER_NETCASH_OPERATE":0.679040595154,"PER_OI":3.611520271176,"BPS":4.50067693784,"BASIC_EPS":0.50028615,"DILUTED_EPS":0.50028615,"OPERATE_INCOME":11267943246.07,"OPERATE_INCOME_YOY":-5.3448660326,"GROSS_PROFIT":3423425627.23,"GROSS_PROFIT_YOY":-12.888263109642,"HOLDER_PROFIT":1561476882.77,"HOLDER_PROFIT_YOY":-45.6022110871,"GROSS_PROFIT_RATIO":30.381992103342,"EPS_TTM":1.382451877324,"OPERATE_INCOME_QOQ":-1.335955412083,"NET_PROFIT_RATIO":13.8591493154,"ROE_AVG":10.298745652541,"GROSS_PROFIT_QOQ":-6.324157218455,"ROA":6.3380209577,"HOLDER_PROFIT_QOQ":-22.209246633654,"ROE_YEARLY":20.597491305082,"ROIC_YEARLY":14.539326730694,"TOTAL_ASSETS":23770034271.27,"TOTAL_LIABILITIES":9705981470.57,"TAX_EBT":35.237253860247,"OCF_SALES":18.802070711697,"TOTAL_PARENT_EQUITY":14042112046.06,"DEBT_ASSET_RATIO":40.8328459261,"OPERATE_PROFIT":2449211993.41,"PRETAX_PROFIT":2411326221.22,"NETCASH_OPERATE":2118606656.88,"NETCASH_INVEST":-427910565.11,"NETCASH_FINANCE":-320854460.15,"END_CASH":3819866055.53,"DIVI_RATIO":0.144774370293,"DIVIDEND_RATE":2.989130434783,"CURRENT_RATIO":1.652768912588,"COMMON_ACS":20000000000,"CURRENTDEBT_DEBT":92.30685255557,"ISSUED_COMMON_SHARES":3120000000,"HK_COMMON_SHARES":3120000000,"PER_SHARES":500,"TOTAL_MARKET_CAP":22963200000,"HKSK_MARKET_CAP":22963200000,"PE_TTM":18.931617413672,"PB_TTM":1.507556394021,"REPORT_DATE_SQ":"2021-06-30 00:00:00","REPORT_TYPE_SQ":"2021年中报","OPERATE_INCOME_SQ":11582516988.48,"DPS_HKD":0.22,"OPERATE_INCOME_QOQ_SQ":36.838354321841,"NET_PROFIT_RATIO_SQ":24.1192644574,"HOLDER_PROFIT_SQ":2792908971.12,"HOLDER_PROFIT_QOQ_SQ":90.017347571331,"ROE_AVG_SQ":21.867093201954,"PE_TTM_SQ":39.067117678476,"PB_TTM_SQ":1.409428604644,"ROA_SQ":12.49995042346,"START_DATE":"2022-01-01 00:00:00","FISCAL_YEAR":"12-31","CURRENCY":"HKD","IS_CNY_CODE":0,"DPS_HKD_LY":1.35,"ORG_TYPE":"一般企业","PREMIUM_INCOME":null,"PREMIUM_INCOME_YOY":null,"NET_INTEREST_INCOME":null,"NET_INTEREST_INCOME_YOY":null,"FEE_COMMISSION_INCOME":null,"FEE_COMMISSION_INCOME_YOY":null,"ACCOUNTS_RECE_TDAYS":1.379852520929,"INVENTORY_TDAYS":2.284996152579,"CURRENT_ASSETS_TDAYS":0.71963763254,"TOTAL_ASSETS_TDAYS":0.457364827054,"PREMIUM_EXPENSE":null,"LOAN_DEPOSIT":null,"LOAN_EQUITY":null,"LOAN_ASSETS":null,"DEPOSIT_EQUITY":null,"DEPOSIT_ASSETS":null,"EQUITY_MULTIPLIER":1.690126922027,"EQUITY_RATIO":0.69120524311},{"SECUCODE":"01888.HK","SECURITY_CODE":"01888","SECURITY_NAME_ABBR":"建滔积层板","ORG_CODE":"10076181","STD_REPORT_DATE":"2021-12-31 00:00:00","REPORT_DATE":"2021-12-31 00:00:00","DATE_TYPE_CODE":"001","REPORT_TYPE":"2021年年报","PER_NETCASH_OPERATE":1.673005614359,"PER_OI":7.547027133333,"BPS":4.989058878462,"BASIC_EPS":1.7774624,"DILUTED_EPS":null,"OPERATE_INCOME":23546724656,"OPERATE_INCOME_YOY":66.4614784212,"GROSS_PROFIT":8008956961.6,"GROSS_PROFIT_YOY":102.164388148323,"HOLDER_PROFIT":5544681945.6,"HOLDER_PROFIT_YOY":141.9527023049,"GROSS_PROFIT_RATIO":34.013040363808,"EPS_TTM":1.777141649231,"OPERATE_INCOME_QOQ":18.173587517433,"NET_PROFIT_RATIO":23.5539019181,"ROE_AVG":40.643340848318,"GROSS_PROFIT_QOQ":25.108413368012,"ROA":24.134994848544,"HOLDER_PROFIT_QOQ":23.694884826536,"ROE_YEARLY":40.643340848318,"ROIC_YEARLY":28.05742399055,"TOTAL_ASSETS":24382291416,"TOTAL_LIABILITIES":8794646033.6,"TAX_EBT":19.118305121728,"OCF_SALES":22.167743467752,"TOTAL_PARENT_EQUITY":15565863700.8,"DEBT_ASSET_RATIO":36.0698093692,"OPERATE_PROFIT":6923093408,"PRETAX_PROFIT":6857141704,"NETCASH_OPERATE":5219777516.8,"NETCASH_INVEST":-1892823307.2,"NETCASH_FINANCE":-5186502014.4,"END_CASH":2342333246.4,"DIVI_RATIO":0.112621073332,"DIVIDEND_RATE":2.989130434783,"CURRENT_RATIO":1.974135248226,"COMMON_ACS":20000000000,"CURRENTDEBT_DEBT":90.902697407681,"ISSUED_COMMON_SHARES":3120000000,"HK_COMMON_SHARES":3120000000,"PER_SHARES":500,"TOTAL_MARKET_CAP":22963200000,"HKSK_MARKET_CAP":22963200000,"PE_TTM":18.931617413672,"PB_TTM":1.507556394021,"REPORT_DATE_SQ":"2020-12-31 00:00:00","REPORT_TYPE_SQ":"2020年年报","OPERATE_INCOME_SQ":14561370185.04,"DPS_HKD":0.22,"OPERATE_INCOME_QOQ_SQ":-8.840141648003,"NET_PROFIT_RATIO_SQ":16.2299856206,"HOLDER_PROFIT_SQ":2359020131.4,"HOLDER_PROFIT_QOQ_SQ":26.191328950468,"ROE_AVG_SQ":16.969447716866,"PE_TTM_SQ":39.067117678476,"PB_TTM_SQ":1.409428604644,"ROA_SQ":10.743327317002,"START_DATE":"2021-01-01 00:00:00","FISCAL_YEAR":"12-31","CURRENCY":"HKD","IS_CNY_CODE":0,"DPS_HKD_LY":0.45,"ORG_TYPE":"一般企业","PREMIUM_INCOME":null,"PREMIUM_INCOME_YOY":null,"NET_INTEREST_INCOME":null,"NET_INTEREST_INCOME_YOY":null,"FEE_COMMISSION_INCOME":null,"FEE_COMMISSION_INCOME_YOY":null,"ACCOUNTS_RECE_TDAYS":3.010204241615,"INVENTORY_TDAYS":5.220394793318,"CURRENT_ASSETS_TDAYS":1.545923891142,"TOTAL_ASSETS_TDAYS":1.02494621666,"PREMIUM_EXPENSE":null,"LOAN_DEPOSIT":null,"LOAN_EQUITY":null,"LOAN_ASSETS":null,"DEPOSIT_EQUITY":null,"DEPOSIT_ASSETS":null,"EQUITY_MULTIPLIER":1.564206191367,"EQUITY_RATIO":0.564995698449},{"SECUCODE":"01888.HK","SECURITY_CODE":"01888","SECURITY_NAME_ABBR":"建滔积层板","ORG_CODE":"10076181","STD_REPORT_DATE":"2021-06-30 00:00:00","REPORT_DATE":"2021-06-30 00:00:00","DATE_TYPE_CODE":"002","REPORT_TYPE":"2021年中报","PER_NETCASH_OPERATE":0.605665164769,"PER_OI":3.712345188615,"BPS":4.364789784308,"BASIC_EPS":0.89531808,"DILUTED_EPS":null,"OPERATE_INCOME":11582516988.48,"OPERATE_INCOME_YOY":104.476251962,"GROSS_PROFIT":3929924657.04,"GROSS_PROFIT_YOY":163.76794354777,"HOLDER_PROFIT":2792908971.12,"HOLDER_PROFIT_YOY":358.0342351538,"GROSS_PROFIT_RATIO":33.929798341317,"EPS_TTM":1.436713936654,"OPERATE_INCOME_QOQ":36.838354321841,"NET_PROFIT_RATIO":24.1192644574,"ROE_AVG":21.867093201954,"GROSS_PROFIT_QOQ":61.591361208977,"ROA":12.49995042346,"HOLDER_PROFIT_QOQ":90.017347571331,"ROE_YEARLY":43.734186403908,"ROIC_YEARLY":29.390452040521,"TOTAL_ASSETS":22739849417.76,"TOTAL_LIABILITIES":9100726057.68,"TAX_EBT":18.338517353902,"OCF_SALES":16.314893524089,"TOTAL_PARENT_EQUITY":13618144127.04,"DEBT_ASSET_RATIO":40.0210480311,"OPERATE_PROFIT":3402382608.72,"PRETAX_PROFIT":3420973772.16,"NETCASH_OPERATE":1889675314.08,"NETCASH_INVEST":133944078,"NETCASH_FINANCE":-3585670694.88,"END_CASH":2523432374.4,"DIVI_RATIO":0.139306506949,"DIVIDEND_RATE":2.989130434783,"CURRENT_RATIO":1.811711477763,"COMMON_ACS":20000000000,"CURRENTDEBT_DEBT":93.196469226788,"ISSUED_COMMON_SHARES":3120000000,"HK_COMMON_SHARES":3120000000,"PER_SHARES":500,"TOTAL_MARKET_CAP":22963200000,"HKSK_MARKET_CAP":22963200000,"PE_TTM":18.931617413672,"PB_TTM":1.507556394021,"REPORT_DATE_SQ":"2020-06-30 00:00:00","REPORT_TYPE_SQ":"2020年中报","OPERATE_INCOME_SQ":6218347845.6,"DPS_HKD":0.22,"OPERATE_INCOME_QOQ_SQ":-3.002986668839,"NET_PROFIT_RATIO_SQ":10.7835122873,"HOLDER_PROFIT_SQ":669381620.16,"HOLDER_PROFIT_QOQ_SQ":-13.127341604054,"ROE_AVG_SQ":4.098851926685,"PE_TTM_SQ":39.067117678476,"PB_TTM_SQ":1.409428604644,"ROA_SQ":3.032625761763,"START_DATE":"2021-01-01 00:00:00","FISCAL_YEAR":"12-31","CURRENCY":"HKD","IS_CNY_CODE":0,"DPS_HKD_LY":0.45,"ORG_TYPE":"一般企业","PREMIUM_INCOME":null,"PREMIUM_INCOME_YOY":null,"NET_INTEREST_INCOME":null,"NET_INTEREST_INCOME_YOY":null,"FEE_COMMISSION_INCOME":null,"FEE_COMMISSION_INCOME_YOY":null,"ACCOUNTS_RECE_TDAYS":1.486339911102,"INVENTORY_TDAYS":2.644062100339,"CURRENT_ASSETS_TDAYS":0.764352360194,"TOTAL_ASSETS_TDAYS":0.518387421975,"PREMIUM_EXPENSE":null,"LOAN_DEPOSIT":null,"LOAN_EQUITY":null,"LOAN_ASSETS":null,"DEPOSIT_EQUITY":null,"DEPOSIT_ASSETS":null,"EQUITY_MULTIPLIER":1.667251539371,"EQUITY_RATIO":0.668279463984},{"SECUCODE":"01888.HK","SECURITY_CODE":"01888","SECURITY_NAME_ABBR":"建滔积层板","ORG_CODE":"10076181","STD_REPORT_DATE":"2020-12-31 00:00:00","REPORT_DATE":"2020-12-31 00:00:00","DATE_TYPE_CODE":"001","REPORT_TYPE":"2020年年报","PER_NETCASH_OPERATE":0.614550151885,"PER_OI":4.667105828538,"BPS":3.866436162372,"BASIC_EPS":0.76252584,"DILUTED_EPS":0.76252584,"OPERATE_INCOME":14561370185.04,"OPERATE_INCOME_YOY":-5.889734699,"GROSS_PROFIT":3961606213.12,"GROSS_PROFIT_YOY":0.201089816976,"HOLDER_PROFIT":2359020131.4,"HOLDER_PROFIT_YOY":16.6776355637,"GROSS_PROFIT_RATIO":27.206273604596,"EPS_TTM":0.756096195962,"OPERATE_INCOME_QOQ":-8.840141648003,"NET_PROFIT_RATIO":16.2299856206,"ROE_AVG":16.969447716866,"GROSS_PROFIT_QOQ":3.781873461695,"ROA":10.743327317002,"HOLDER_PROFIT_QOQ":26.191328950468,"ROE_YEARLY":16.969447716866,"ROIC_YEARLY":12.666002099805,"TOTAL_ASSETS":22199025100.6,"TOTAL_LIABILITIES":10089499522.56,"TAX_EBT":23.335057942782,"OCF_SALES":13.167692665694,"TOTAL_PARENT_EQUITY":12063280826.6,"DEBT_ASSET_RATIO":45.4501919649,"OPERATE_PROFIT":3046577730.04,"PRETAX_PROFIT":3082645370.6,"NETCASH_OPERATE":1917396473.88,"NETCASH_INVEST":2776470204.84,"NETCASH_FINANCE":-3122613170.92,"END_CASH":4132422942.6,"DIVI_RATIO":0.264706529499,"DIVIDEND_RATE":2.989130434783,"CURRENT_RATIO":1.537666469788,"COMMON_ACS":20000000000,"CURRENTDEBT_DEBT":97.408763033137,"ISSUED_COMMON_SHARES":3120000000,"HK_COMMON_SHARES":3120000000,"PER_SHARES":500,"TOTAL_MARKET_CAP":22963200000,"HKSK_MARKET_CAP":22963200000,"PE_TTM":18.931617413672,"PB_TTM":1.507556394021,"REPORT_DATE_SQ":"2019-12-31 00:00:00","REPORT_TYPE_SQ":"2019年年报","OPERATE_INCOME_SQ":16467976522.56,"DPS_HKD":0.22,"OPERATE_INCOME_QOQ_SQ":-1.021252761307,"NET_PROFIT_RATIO_SQ":13.1023514422,"HOLDER_PROFIT_SQ":2151884817.66,"HOLDER_PROFIT_QOQ_SQ":-6.452180835353,"ROE_AVG_SQ":13.271718450604,"PE_TTM_SQ":39.067117678476,"PB_TTM_SQ":1.409428604644,"ROA_SQ":8.811557550061,"START_DATE":"2020-01-01 00:00:00","FISCAL_YEAR":"12-31","CURRENCY":"HKD","IS_CNY_CODE":0,"DPS_HKD_LY":2.3,"ORG_TYPE":"一般企业","PREMIUM_INCOME":null,"PREMIUM_INCOME_YOY":null,"NET_INTEREST_INCOME":null,"NET_INTEREST_INCOME_YOY":null,"FEE_COMMISSION_INCOME":null,"FEE_COMMISSION_INCOME_YOY":null,"ACCOUNTS_RECE_TDAYS":2.256787753292,"INVENTORY_TDAYS":3.786575345967,"CURRENT_ASSETS_TDAYS":1.059471466531,"TOTAL_ASSETS_TDAYS":0.663146380142,"PREMIUM_EXPENSE":null,"LOAN_DEPOSIT":null,"LOAN_EQUITY":null,"LOAN_ASSETS":null,"DEPOSIT_EQUITY":null,"DEPOSIT_ASSETS":null,"EQUITY_MULTIPLIER":1.833187019387,"EQUITY_RATIO":0.83638105318},{"SECUCODE":"01888.HK","SECURITY_CODE":"01888","SECURITY_NAME_ABBR":"建滔积层板","ORG_CODE":"10076181","STD_REPORT_DATE":"2020-06-30 00:00:00","REPORT_DATE":"2020-06-30 00:00:00","DATE_TYPE_CODE":"002","REPORT_TYPE":"2020年中报","PER_NETCASH_OPERATE":0.345918927517,"PER_OI":2.018288817137,"BPS":4.993359283846,"BASIC_EPS":0.21739872,"DILUTED_EPS":0.21739872,"OPERATE_INCOME":6218347845.6,"OPERATE_INCOME_YOY":-10.7925731403,"GROSS_PROFIT":1489917464.64,"GROSS_PROFIT_YOY":-8.387772911882,"HOLDER_PROFIT":669381620.16,"HOLDER_PROFIT_YOY":-32.2775937195,"GROSS_PROFIT_RATIO":23.960021240919,"EPS_TTM":0.606750907731,"OPERATE_INCOME_QOQ":-3.002986668839,"NET_PROFIT_RATIO":10.7835122873,"ROE_AVG":4.098851926685,"GROSS_PROFIT_QOQ":-3.450297749771,"ROA":3.032625761763,"HOLDER_PROFIT_QOQ":-13.127341604054,"ROE_YEARLY":8.19770385337,"ROIC_YEARLY":6.9761398537,"TOTAL_ASSETS":20575700940.96,"TOTAL_LIABILITIES":4953799778.4,"TAX_EBT":29.531969793108,"OCF_SALES":17.139218360615,"TOTAL_PARENT_EQUITY":15579280965.6,"DEBT_ASSET_RATIO":24.0759709359,"OPERATE_PROFIT":1030225130.88,"PRETAX_PROFIT":951575206.56,"NETCASH_OPERATE":1065776215.68,"NETCASH_INVEST":2382764873.28,"NETCASH_FINANCE":-3083328594.72,"END_CASH":3021602886.72,"DIVI_RATIO":0.3298612288,"DIVIDEND_RATE":2.989130434783,"CURRENT_RATIO":3.169948572915,"COMMON_ACS":20000000000,"CURRENTDEBT_DEBT":85.801002538153,"ISSUED_COMMON_SHARES":3120000000,"HK_COMMON_SHARES":3120000000,"PER_SHARES":500,"TOTAL_MARKET_CAP":22963200000,"HKSK_MARKET_CAP":22963200000,"PE_TTM":18.931617413672,"PB_TTM":1.507556394021,"REPORT_DATE_SQ":"2019-06-30 00:00:00","REPORT_TYPE_SQ":"2019年中报","OPERATE_INCOME_SQ":6712878985.2,"DPS_HKD":0.22,"OPERATE_INCOME_QOQ_SQ":-8.02626430754,"NET_PROFIT_RATIO_SQ":14.2372386067,"HOLDER_PROFIT_SQ":951866891.1,"HOLDER_PROFIT_QOQ_SQ":-19.230418154338,"ROE_AVG_SQ":6.088764683595,"PE_TTM_SQ":39.067117678476,"PB_TTM_SQ":1.409428604644,"ROA_SQ":3.812664404934,"START_DATE":"2020-01-01 00:00:00","FISCAL_YEAR":"12-31","CURRENCY":"HKD","IS_CNY_CODE":0,"DPS_HKD_LY":2.3,"ORG_TYPE":"一般企业","PREMIUM_INCOME":null,"PREMIUM_INCOME_YOY":null,"NET_INTEREST_INCOME":null,"NET_INTEREST_INCOME_YOY":null,"FEE_COMMISSION_INCOME":null,"FEE_COMMISSION_INCOME_YOY":null,"ACCOUNTS_RECE_TDAYS":1.019582085493,"INVENTORY_TDAYS":1.422258520073,"CURRENT_ASSETS_TDAYS":0.462243665349,"TOTAL_ASSETS_TDAYS":0.281721536777,"PREMIUM_EXPENSE":null,"LOAN_DEPOSIT":null,"LOAN_EQUITY":null,"LOAN_ASSETS":null,"DEPOSIT_EQUITY":null,"DEPOSIT_ASSETS":null,"EQUITY_MULTIPLIER":1.317106076069,"EQUITY_RATIO":0.317973582307}],"count":41},"success":true,"message":"ok","code":0}