{"version":"c3330de52cffb9324350aec5e5331cb1","result":{"pages":2,"data":[{"SECUCODE":"01894.HK","SECURITY_CODE":"01894","SECURITY_NAME_ABBR":"恒益控股","ORG_CODE":"10938307","STD_REPORT_DATE":"2024-06-30 00:00:00","REPORT_DATE":"2024-09-30 00:00:00","DATE_TYPE_CODE":"002","REPORT_TYPE":"2024年中报","PER_NETCASH_OPERATE":-0.02547689896,"PER_OI":0.077140482521,"BPS":0.156205707899,"BASIC_EPS":-0.01082148,"DILUTED_EPS":-0.01082148,"OPERATE_INCOME":71055641.26,"OPERATE_INCOME_YOY":-7.3458684634,"GROSS_PROFIT":376948.22,"GROSS_PROFIT_YOY":-96.519954737466,"HOLDER_PROFIT":-9613983.19,"HOLDER_PROFIT_YOY":-260.8964684576,"GROSS_PROFIT_RATIO":0.530497245983,"EPS_TTM":-0.004052862711,"OPERATE_INCOME_QOQ":0,"NET_PROFIT_RATIO":-13.5302180369,"ROE_AVG":-6.673072048022,"GROSS_PROFIT_QOQ":0,"ROA":-5.741552066307,"HOLDER_PROFIT_QOQ":0,"ROE_YEARLY":-13.346144096043,"ROIC_YEARLY":-16.133169393739,"TOTAL_ASSETS":165002319.88,"TOTAL_LIABILITIES":21118118.22,"TAX_EBT":-2.82600308642,"OCF_SALES":-33.026626392873,"TOTAL_PARENT_EQUITY":143884201.66,"DEBT_ASSET_RATIO":12.7986795794,"OPERATE_PROFIT":-9343446.19,"PRETAX_PROFIT":-9349758.72,"NETCASH_OPERATE":-23467281.17,"NETCASH_INVEST":-2506074.41,"NETCASH_FINANCE":7111515.94,"END_CASH":39211632.78,"DIVI_RATIO":null,"DIVIDEND_RATE":null,"CURRENT_RATIO":6.581338058605,"COMMON_ACS":3800000000,"CURRENTDEBT_DEBT":98.804338543001,"ISSUED_COMMON_SHARES":921120000,"HK_COMMON_SHARES":921120000,"PER_SHARES":5000,"TOTAL_MARKET_CAP":25791360,"HKSK_MARKET_CAP":25791360,"PE_TTM":-1.204922214436,"PB_TTM":0.161646589869,"REPORT_DATE_SQ":"2023-06-30 00:00:00","REPORT_TYPE_SQ":"2023年中报","OPERATE_INCOME_SQ":78036172.83,"DPS_HKD":null,"OPERATE_INCOME_QOQ_SQ":0,"NET_PROFIT_RATIO_SQ":7.7915358474,"HOLDER_PROFIT_SQ":6080216.38,"HOLDER_PROFIT_QOQ_SQ":0,"ROE_AVG_SQ":3.836944342302,"PE_TTM_SQ":-2.394283054004,"PB_TTM_SQ":0.293410010212,"ROA_SQ":3.448464298818,"START_DATE":"2024-04-01 00:00:00","FISCAL_YEAR":"3-31","CURRENCY":"HKD","IS_CNY_CODE":0,"DPS_HKD_LY":null,"ORG_TYPE":"一般企业","PREMIUM_INCOME":null,"PREMIUM_INCOME_YOY":null,"NET_INTEREST_INCOME":null,"NET_INTEREST_INCOME_YOY":null,"FEE_COMMISSION_INCOME":null,"FEE_COMMISSION_INCOME_YOY":null,"ACCOUNTS_RECE_TDAYS":3.977184968326,"INVENTORY_TDAYS":3.127159557914,"CURRENT_ASSETS_TDAYS":0.505175558669,"TOTAL_ASSETS_TDAYS":0.424350298764,"PREMIUM_EXPENSE":null,"LOAN_DEPOSIT":null,"LOAN_EQUITY":null,"LOAN_ASSETS":null,"DEPOSIT_EQUITY":null,"DEPOSIT_ASSETS":null,"EQUITY_MULTIPLIER":1.146771625907,"EQUITY_RATIO":0.146771625907},{"SECUCODE":"01894.HK","SECURITY_CODE":"01894","SECURITY_NAME_ABBR":"恒益控股","ORG_CODE":"10938307","STD_REPORT_DATE":"2023-12-31 00:00:00","REPORT_DATE":"2024-03-31 00:00:00","DATE_TYPE_CODE":"001","REPORT_TYPE":"2023年年报","PER_NETCASH_OPERATE":-0.001227078491,"PER_OI":0.18565260598,"BPS":0.157438658318,"BASIC_EPS":-0.00453275,"DILUTED_EPS":-0.00453275,"OPERATE_INCOME":142506940.35,"OPERATE_INCOME_YOY":-14.9845325142,"GROSS_PROFIT":16313367.25,"GROSS_PROFIT_YOY":-16.647509045937,"HOLDER_PROFIT":-3733172.9,"HOLDER_PROFIT_YOY":81.0291611001,"GROSS_PROFIT_RATIO":11.447419480016,"EPS_TTM":-0.024374439878,"OPERATE_INCOME_QOQ":0,"NET_PROFIT_RATIO":-2.6196428685,"ROE_AVG":-2.495250964198,"GROSS_PROFIT_QOQ":0,"ROA":-2.179487518756,"HOLDER_PROFIT_QOQ":0,"ROE_YEARLY":-2.495250964198,"ROIC_YEARLY":-3.505501287535,"TOTAL_ASSETS":170785861.05,"TOTAL_LIABILITIES":25765964.1,"TAX_EBT":7.335733573357,"OCF_SALES":-0.660954089455,"TOTAL_PARENT_EQUITY":145019896.95,"DEBT_ASSET_RATIO":15.0867079638,"OPERATE_PROFIT":-3984287.25,"PRETAX_PROFIT":-4028708.2,"NETCASH_OPERATE":-941905.45,"NETCASH_INVEST":-10728112.7,"NETCASH_FINANCE":-3686032.3,"END_CASH":57616691.8,"DIVI_RATIO":null,"DIVIDEND_RATE":null,"CURRENT_RATIO":5.722252087589,"COMMON_ACS":3800000000,"CURRENTDEBT_DEBT":98.17394975723,"ISSUED_COMMON_SHARES":921120000,"HK_COMMON_SHARES":921120000,"PER_SHARES":5000,"TOTAL_MARKET_CAP":21185760,"HKSK_MARKET_CAP":21185760,"PE_TTM":-0.989757533287,"PB_TTM":0.132781127393,"REPORT_DATE_SQ":"2022-12-31 00:00:00","REPORT_TYPE_SQ":"2022年年报","OPERATE_INCOME_SQ":161866810.64,"DPS_HKD":null,"OPERATE_INCOME_QOQ_SQ":0,"NET_PROFIT_RATIO_SQ":-10.4935534115,"HOLDER_PROFIT_SQ":-19002524.87,"HOLDER_PROFIT_QOQ_SQ":0,"ROE_AVG_SQ":-11.906413951792,"PE_TTM_SQ":-14.115549348231,"PB_TTM_SQ":1.729805284087,"ROA_SQ":-11.346268438274,"START_DATE":"2023-04-01 00:00:00","FISCAL_YEAR":"3-31","CURRENCY":"HKD","IS_CNY_CODE":0,"DPS_HKD_LY":null,"ORG_TYPE":"一般企业","PREMIUM_INCOME":null,"PREMIUM_INCOME_YOY":null,"NET_INTEREST_INCOME":null,"NET_INTEREST_INCOME_YOY":null,"FEE_COMMISSION_INCOME":null,"FEE_COMMISSION_INCOME_YOY":null,"ACCOUNTS_RECE_TDAYS":9.77806114515,"INVENTORY_TDAYS":6.226048841578,"CURRENT_ASSETS_TDAYS":0.961455421746,"TOTAL_ASSETS_TDAYS":0.831978871991,"PREMIUM_EXPENSE":null,"LOAN_DEPOSIT":null,"LOAN_EQUITY":null,"LOAN_ASSETS":null,"DEPOSIT_EQUITY":null,"DEPOSIT_ASSETS":null,"EQUITY_MULTIPLIER":1.177671923936,"EQUITY_RATIO":0.177671923935},{"SECUCODE":"01894.HK","SECURITY_CODE":"01894","SECURITY_NAME_ABBR":"恒益控股","ORG_CODE":"10938307","STD_REPORT_DATE":"2023-06-30 00:00:00","REPORT_DATE":"2023-09-30 00:00:00","DATE_TYPE_CODE":"002","REPORT_TYPE":"2023年中报","PER_NETCASH_OPERATE":-0.001194257908,"PER_OI":0.101662549283,"BPS":0.174616883826,"BASIC_EPS":0.00825867,"DILUTED_EPS":0.00825867,"OPERATE_INCOME":78036172.83,"OPERATE_INCOME_YOY":-23.6622651502,"GROSS_PROFIT":10831704.52,"GROSS_PROFIT_YOY":-27.192261356562,"HOLDER_PROFIT":6080216.38,"HOLDER_PROFIT_YOY":3.5474292858,"GROSS_PROFIT_RATIO":13.880363589328,"EPS_TTM":-0.024755764552,"OPERATE_INCOME_QOQ":0,"NET_PROFIT_RATIO":7.7915358474,"ROE_AVG":3.836944342302,"GROSS_PROFIT_QOQ":0,"ROA":3.448464298818,"HOLDER_PROFIT_QOQ":0,"ROE_YEARLY":7.673888684604,"ROIC_YEARLY":11.19341841863,"TOTAL_ASSETS":178746065.33,"TOTAL_LIABILITIES":17902961.3,"TAX_EBT":12.005312084993,"OCF_SALES":-1.17472748439,"TOTAL_PARENT_EQUITY":160843104.03,"DEBT_ASSET_RATIO":10.0158631559,"OPERATE_PROFIT":6945541.47,"PRETAX_PROFIT":6909753.9,"NETCASH_OPERATE":-916712.37,"NETCASH_INVEST":-6250895.56,"NETCASH_FINANCE":-3591603.82,"END_CASH":62508037.97,"DIVI_RATIO":null,"DIVIDEND_RATE":null,"CURRENT_RATIO":8.811198325484,"COMMON_ACS":3800000000,"CURRENTDEBT_DEBT":97.949769349052,"ISSUED_COMMON_SHARES":921120000,"HK_COMMON_SHARES":921120000,"PER_SHARES":5000,"TOTAL_MARKET_CAP":21185760,"HKSK_MARKET_CAP":21185760,"PE_TTM":-0.989757533287,"PB_TTM":0.132781127393,"REPORT_DATE_SQ":"2022-06-30 00:00:00","REPORT_TYPE_SQ":"2022年中报","OPERATE_INCOME_SQ":100755520.44,"DPS_HKD":null,"OPERATE_INCOME_QOQ_SQ":0,"NET_PROFIT_RATIO_SQ":5.4613513344,"HOLDER_PROFIT_SQ":5787511.56,"HOLDER_PROFIT_QOQ_SQ":0,"ROE_AVG_SQ":3.265912327173,"PE_TTM_SQ":-14.115549348231,"PB_TTM_SQ":1.729805284087,"ROA_SQ":3.312128944767,"START_DATE":"2023-04-01 00:00:00","FISCAL_YEAR":"3-31","CURRENCY":"HKD","IS_CNY_CODE":0,"DPS_HKD_LY":null,"ORG_TYPE":"一般企业","PREMIUM_INCOME":null,"PREMIUM_INCOME_YOY":null,"NET_INTEREST_INCOME":null,"NET_INTEREST_INCOME_YOY":null,"FEE_COMMISSION_INCOME":null,"FEE_COMMISSION_INCOME_YOY":null,"ACCOUNTS_RECE_TDAYS":4.577018299247,"INVENTORY_TDAYS":3.294437821911,"CURRENT_ASSETS_TDAYS":0.506630683443,"TOTAL_ASSETS_TDAYS":0.442591084268,"PREMIUM_EXPENSE":null,"LOAN_DEPOSIT":null,"LOAN_EQUITY":null,"LOAN_ASSETS":null,"DEPOSIT_EQUITY":null,"DEPOSIT_ASSETS":null,"EQUITY_MULTIPLIER":1.111306987067,"EQUITY_RATIO":0.111306987066},{"SECUCODE":"01894.HK","SECURITY_CODE":"01894","SECURITY_NAME_ABBR":"恒益控股","ORG_CODE":"10938307","STD_REPORT_DATE":"2022-12-31 00:00:00","REPORT_DATE":"2023-03-31 00:00:00","DATE_TYPE_CODE":"001","REPORT_TYPE":"2022年年报","PER_NETCASH_OPERATE":0.031382923893,"PER_OI":0.210873906514,"BPS":0.161656993855,"BASIC_EPS":-0.02451148,"DILUTED_EPS":-0.02451148,"OPERATE_INCOME":161866810.64,"OPERATE_INCOME_YOY":-9.1818190748,"GROSS_PROFIT":19571541.37,"GROSS_PROFIT_YOY":-44.27877380407,"HOLDER_PROFIT":-19002524.87,"HOLDER_PROFIT_YOY":-210.3110072162,"GROSS_PROFIT_RATIO":12.09113918574,"EPS_TTM":0.012566922668,"OPERATE_INCOME_QOQ":0,"NET_PROFIT_RATIO":-10.4935534115,"ROE_AVG":-11.906413951792,"GROSS_PROFIT_QOQ":0,"ROA":-11.346268438274,"HOLDER_PROFIT_QOQ":0,"ROE_YEARLY":-11.906413951792,"ROIC_YEARLY":-15.462753548341,"TOTAL_ASSETS":165886693.36,"TOTAL_LIABILITIES":16981203.18,"TAX_EBT":39.794520547945,"OCF_SALES":14.882317310604,"TOTAL_PARENT_EQUITY":148905490.18,"DEBT_ASSET_RATIO":10.2366276861,"OPERATE_PROFIT":2662997.22,"PRETAX_PROFIT":2556197.2,"NETCASH_OPERATE":24089532.38,"NETCASH_INVEST":-2349600.44,"NETCASH_FINANCE":-522619.77,"END_CASH":69495298.26,"DIVI_RATIO":null,"DIVIDEND_RATE":null,"CURRENT_RATIO":8.880692070905,"COMMON_ACS":3800000000,"CURRENTDEBT_DEBT":97.133725126302,"ISSUED_COMMON_SHARES":921120000,"HK_COMMON_SHARES":921120000,"PER_SHARES":5000,"TOTAL_MARKET_CAP":23949120,"HKSK_MARKET_CAP":23949120,"PE_TTM":-1.118856341976,"PB_TTM":0.150100404879,"REPORT_DATE_SQ":"2021-12-31 00:00:00","REPORT_TYPE_SQ":"2021年年报","OPERATE_INCOME_SQ":165120013.98,"DPS_HKD":null,"OPERATE_INCOME_QOQ_SQ":0,"NET_PROFIT_RATIO_SQ":10.2987259207,"HOLDER_PROFIT_SQ":15959054.78,"HOLDER_PROFIT_QOQ_SQ":0,"ROE_AVG_SQ":10.678576370706,"PE_TTM_SQ":-19.095407011563,"PB_TTM_SQ":2.364797097232,"ROA_SQ":9.79526414559,"START_DATE":"2022-04-01 00:00:00","FISCAL_YEAR":"3-31","CURRENCY":"HKD","IS_CNY_CODE":0,"DPS_HKD_LY":null,"ORG_TYPE":"一般企业","PREMIUM_INCOME":null,"PREMIUM_INCOME_YOY":null,"NET_INTEREST_INCOME":null,"NET_INTEREST_INCOME_YOY":null,"FEE_COMMISSION_INCOME":null,"FEE_COMMISSION_INCOME_YOY":null,"ACCOUNTS_RECE_TDAYS":11.207321877746,"INVENTORY_TDAYS":5.633235141223,"CURRENT_ASSETS_TDAYS":1.100091920241,"TOTAL_ASSETS_TDAYS":0.966494872304,"PREMIUM_EXPENSE":null,"LOAN_DEPOSIT":null,"LOAN_EQUITY":null,"LOAN_ASSETS":null,"DEPOSIT_EQUITY":null,"DEPOSIT_ASSETS":null,"EQUITY_MULTIPLIER":1.114040141566,"EQUITY_RATIO":0.114040141565},{"SECUCODE":"01894.HK","SECURITY_CODE":"01894","SECURITY_NAME_ABBR":"恒益控股","ORG_CODE":"10938307","STD_REPORT_DATE":"2022-06-30 00:00:00","REPORT_DATE":"2022-09-30 00:00:00","DATE_TYPE_CODE":"002","REPORT_TYPE":"2022年中报","PER_NETCASH_OPERATE":0.008827598332,"PER_OI":0.131260448723,"BPS":0.193763544685,"BASIC_EPS":0.00723552,"DILUTED_EPS":0.00723552,"OPERATE_INCOME":100755520.44,"OPERATE_INCOME_YOY":1.5820764868,"GROSS_PROFIT":14877133.56,"GROSS_PROFIT_YOY":-34.880331705626,"HOLDER_PROFIT":5787511.56,"HOLDER_PROFIT_YOY":-55.9449225473,"GROSS_PROFIT_RATIO":14.765576610623,"EPS_TTM":0.020790847811,"OPERATE_INCOME_QOQ":0,"NET_PROFIT_RATIO":5.4613513344,"ROE_AVG":3.265912327173,"GROSS_PROFIT_QOQ":0,"ROA":3.312128944767,"HOLDER_PROFIT_QOQ":0,"ROE_YEARLY":6.531824654346,"ROIC_YEARLY":7.607803973321,"TOTAL_ASSETS":174797501.04,"TOTAL_LIABILITIES":25484405.88,"TAX_EBT":14.739454094293,"OCF_SALES":6.725253812802,"TOTAL_PARENT_EQUITY":178479476.28,"DEBT_ASSET_RATIO":14.5793879937,"OPERATE_PROFIT":7310588.52,"PRETAX_PROFIT":7289786.4,"NETCASH_OPERATE":6776064.48,"NETCASH_INVEST":-246912.12,"NETCASH_FINANCE":-120290.52,"END_CASH":54017679,"DIVI_RATIO":null,"DIVIDEND_RATE":null,"CURRENT_RATIO":6.143071911802,"COMMON_ACS":3800000000,"CURRENTDEBT_DEBT":99.148241473542,"ISSUED_COMMON_SHARES":921120000,"HK_COMMON_SHARES":921120000,"PER_SHARES":5000,"TOTAL_MARKET_CAP":23949120,"HKSK_MARKET_CAP":23949120,"PE_TTM":-1.118856341976,"PB_TTM":0.150100404879,"REPORT_DATE_SQ":"2021-06-30 00:00:00","REPORT_TYPE_SQ":"2021年中报","OPERATE_INCOME_SQ":91358357.96,"DPS_HKD":null,"OPERATE_INCOME_QOQ_SQ":0,"NET_PROFIT_RATIO_SQ":13.0076778582,"HOLDER_PROFIT_SQ":12100196.5,"HOLDER_PROFIT_QOQ_SQ":0,"ROE_AVG_SQ":8.006305827102,"PE_TTM_SQ":-19.095407011563,"PB_TTM_SQ":2.364797097232,"ROA_SQ":7.320570424895,"START_DATE":"2022-04-01 00:00:00","FISCAL_YEAR":"3-31","CURRENCY":"HKD","IS_CNY_CODE":0,"DPS_HKD_LY":null,"ORG_TYPE":"一般企业","PREMIUM_INCOME":null,"PREMIUM_INCOME_YOY":null,"NET_INTEREST_INCOME":null,"NET_INTEREST_INCOME_YOY":null,"FEE_COMMISSION_INCOME":null,"FEE_COMMISSION_INCOME_YOY":null,"ACCOUNTS_RECE_TDAYS":4.336272162862,"INVENTORY_TDAYS":3.229879583645,"CURRENT_ASSETS_TDAYS":0.654433837568,"TOTAL_ASSETS_TDAYS":0.576612715387,"PREMIUM_EXPENSE":null,"LOAN_DEPOSIT":null,"LOAN_EQUITY":null,"LOAN_ASSETS":null,"DEPOSIT_EQUITY":null,"DEPOSIT_ASSETS":null,"EQUITY_MULTIPLIER":1.170677634487,"EQUITY_RATIO":0.142786198229},{"SECUCODE":"01894.HK","SECURITY_CODE":"01894","SECURITY_NAME_ABBR":"恒益控股","ORG_CODE":"10938307","STD_REPORT_DATE":"2021-12-31 00:00:00","REPORT_DATE":"2022-03-31 00:00:00","DATE_TYPE_CODE":"001","REPORT_TYPE":"2021年年报","PER_NETCASH_OPERATE":0.016081791571,"PER_OI":0.215112055732,"BPS":0.171275147961,"BASIC_EPS":0.02108626,"DILUTED_EPS":0.02108626,"OPERATE_INCOME":165120013.98,"OPERATE_INCOME_YOY":-2.8672569749,"GROSS_PROFIT":35124032.09,"GROSS_PROFIT_YOY":132.232742550676,"HOLDER_PROFIT":15959054.78,"HOLDER_PROFIT_YOY":124.1092869395,"GROSS_PROFIT_RATIO":21.271819958939,"EPS_TTM":-0.075236543069,"OPERATE_INCOME_QOQ":0,"NET_PROFIT_RATIO":10.2987259207,"ROE_AVG":10.678576370706,"GROSS_PROFIT_QOQ":0,"ROA":9.79526414559,"HOLDER_PROFIT_QOQ":0,"ROE_YEARLY":10.678576370706,"ROIC_YEARLY":10.724144038585,"TOTAL_ASSETS":156631983.32,"TOTAL_LIABILITIES":25181049.49,"TAX_EBT":16.005852921741,"OCF_SALES":7.476006640537,"TOTAL_PARENT_EQUITY":157764964.29,"DEBT_ASSET_RATIO":16.076569393,"OPERATE_PROFIT":17413195.71,"PRETAX_PROFIT":17182057.86,"NETCASH_OPERATE":12344383.21,"NETCASH_INVEST":28354531.62,"NETCASH_FINANCE":-33052712.55,"END_CASH":44543102.23,"DIVI_RATIO":null,"DIVIDEND_RATE":null,"CURRENT_RATIO":5.479924697329,"COMMON_ACS":3800000000,"CURRENTDEBT_DEBT":99.227028245676,"ISSUED_COMMON_SHARES":921120000,"HK_COMMON_SHARES":921120000,"PER_SHARES":5000,"TOTAL_MARKET_CAP":23949120,"HKSK_MARKET_CAP":23949120,"PE_TTM":-1.118856341976,"PB_TTM":0.150100404879,"REPORT_DATE_SQ":"2020-12-31 00:00:00","REPORT_TYPE_SQ":"2020年年报","OPERATE_INCOME_SQ":177156489.44,"DPS_HKD":null,"OPERATE_INCOME_QOQ_SQ":0,"NET_PROFIT_RATIO_SQ":-54.2388649288,"HOLDER_PROFIT_SQ":-68983591.6,"HOLDER_PROFIT_QOQ_SQ":0,"ROE_AVG_SQ":-38.660202774232,"PE_TTM_SQ":-19.095407011563,"PB_TTM_SQ":2.364797097232,"ROA_SQ":-30.118303456114,"START_DATE":"2021-04-01 00:00:00","FISCAL_YEAR":"3-31","CURRENCY":"HKD","IS_CNY_CODE":0,"DPS_HKD_LY":null,"ORG_TYPE":"一般企业","PREMIUM_INCOME":null,"PREMIUM_INCOME_YOY":null,"NET_INTEREST_INCOME":null,"NET_INTEREST_INCOME_YOY":null,"FEE_COMMISSION_INCOME":null,"FEE_COMMISSION_INCOME_YOY":null,"ACCOUNTS_RECE_TDAYS":9.531518456965,"INVENTORY_TDAYS":5.931796314114,"CURRENT_ASSETS_TDAYS":1.150739283776,"TOTAL_ASSETS_TDAYS":1.013464879314,"PREMIUM_EXPENSE":null,"LOAN_DEPOSIT":null,"LOAN_EQUITY":null,"LOAN_ASSETS":null,"DEPOSIT_EQUITY":null,"DEPOSIT_ASSETS":null,"EQUITY_MULTIPLIER":1.191562347687,"EQUITY_RATIO":0.159611163374},{"SECUCODE":"01894.HK","SECURITY_CODE":"01894","SECURITY_NAME_ABBR":"恒益控股","ORG_CODE":"10938307","STD_REPORT_DATE":"2021-06-30 00:00:00","REPORT_DATE":"2021-09-30 00:00:00","DATE_TYPE_CODE":"002","REPORT_TYPE":"2021年中报","PER_NETCASH_OPERATE":0.017077947056,"PER_OI":0.119018183898,"BPS":0.170765904573,"BASIC_EPS":0.01582814,"DILUTED_EPS":0.01582814,"OPERATE_INCOME":91358357.96,"OPERATE_INCOME_YOY":-12.8313554674,"GROSS_PROFIT":22845837.44,"GROSS_PROFIT_YOY":146.997868421122,"HOLDER_PROFIT":12100196.5,"HOLDER_PROFIT_YOY":1370.1417004049,"GROSS_PROFIT_RATIO":25.006838947349,"EPS_TTM":-0.089869191767,"OPERATE_INCOME_QOQ":0,"NET_PROFIT_RATIO":13.0076778582,"ROE_AVG":8.006305827102,"GROSS_PROFIT_QOQ":0,"ROA":7.320570424895,"HOLDER_PROFIT_QOQ":0,"ROE_YEARLY":16.012611654205,"ROIC_YEARLY":16.28609711111,"TOTAL_ASSETS":156759399.38,"TOTAL_LIABILITIES":27391845.86,"TAX_EBT":14.288289370907,"OCF_SALES":14.349023398319,"TOTAL_PARENT_EQUITY":157295890.02,"DEBT_ASSET_RATIO":17.4738139903,"OPERATE_PROFIT":14092042.96,"PRETAX_PROFIT":13864617.58,"NETCASH_OPERATE":13109032.16,"NETCASH_INVEST":33439028.4,"NETCASH_FINANCE":-33751425.9,"END_CASH":51051582.92,"DIVI_RATIO":null,"DIVIDEND_RATE":null,"CURRENT_RATIO":5.117886303171,"COMMON_ACS":3800000000,"CURRENTDEBT_DEBT":99.452571393814,"ISSUED_COMMON_SHARES":921120000,"HK_COMMON_SHARES":921120000,"PER_SHARES":5000,"TOTAL_MARKET_CAP":23949120,"HKSK_MARKET_CAP":23949120,"PE_TTM":-1.118856341976,"PB_TTM":0.150100404879,"REPORT_DATE_SQ":"2020-06-30 00:00:00","REPORT_TYPE_SQ":"2020年中报","OPERATE_INCOME_SQ":110550884.48,"DPS_HKD":null,"OPERATE_INCOME_QOQ_SQ":0,"NET_PROFIT_RATIO_SQ":0.6978832993,"HOLDER_PROFIT_SQ":868175.36,"HOLDER_PROFIT_QOQ_SQ":0,"ROE_AVG_SQ":0.39473579071,"PE_TTM_SQ":-19.095407011563,"PB_TTM_SQ":2.364797097232,"ROA_SQ":0.295366659741,"START_DATE":"2021-04-01 00:00:00","FISCAL_YEAR":"3-31","CURRENCY":"HKD","IS_CNY_CODE":0,"DPS_HKD_LY":null,"ORG_TYPE":"一般企业","PREMIUM_INCOME":null,"PREMIUM_INCOME_YOY":null,"NET_INTEREST_INCOME":null,"NET_INTEREST_INCOME_YOY":null,"FEE_COMMISSION_INCOME":null,"FEE_COMMISSION_INCOME_YOY":null,"ACCOUNTS_RECE_TDAYS":4.433009277038,"INVENTORY_TDAYS":3.659917226648,"CURRENT_ASSETS_TDAYS":0.622421499213,"TOTAL_ASSETS_TDAYS":0.552714407034,"PREMIUM_EXPENSE":null,"LOAN_DEPOSIT":null,"LOAN_EQUITY":null,"LOAN_ASSETS":null,"DEPOSIT_EQUITY":null,"DEPOSIT_ASSETS":null,"EQUITY_MULTIPLIER":1.211736599438,"EQUITY_RATIO":0.17414215881},{"SECUCODE":"01894.HK","SECURITY_CODE":"01894","SECURITY_NAME_ABBR":"恒益控股","ORG_CODE":"10938307","STD_REPORT_DATE":"2020-12-31 00:00:00","REPORT_DATE":"2021-03-31 00:00:00","DATE_TYPE_CODE":"001","REPORT_TYPE":"2020年年报","PER_NETCASH_OPERATE":0.004348118577,"PER_OI":0.230792716832,"BPS":0.159675084636,"BASIC_EPS":-0.08958908,"DILUTED_EPS":-0.08958908,"OPERATE_INCOME":177156489.44,"OPERATE_INCOME_YOY":4.605250025,"GROSS_PROFIT":15124496.1,"GROSS_PROFIT_YOY":-66.75098545943,"HOLDER_PROFIT":-68983591.6,"HOLDER_PROFIT_YOY":-766.5577786852,"GROSS_PROFIT_RATIO":8.537364986069,"EPS_TTM":0.004029648893,"OPERATE_INCOME_QOQ":0,"NET_PROFIT_RATIO":-54.2388649288,"ROE_AVG":-38.660202774232,"GROSS_PROFIT_QOQ":0,"ROA":-30.118303456114,"HOLDER_PROFIT_QOQ":0,"ROE_YEARLY":-38.660202774232,"ROIC_YEARLY":-34.652509037801,"TOTAL_ASSETS":176350187.72,"TOTAL_LIABILITIES":57642966.36,"TAX_EBT":0.673597763411,"OCF_SALES":1.883992977367,"TOTAL_PARENT_EQUITY":147079913.96,"DEBT_ASSET_RATIO":32.6866487103,"OPERATE_PROFIT":-95565347.78,"PRETAX_PROFIT":-96739302.8,"NETCASH_OPERATE":3337615.82,"NETCASH_INVEST":899271.52,"NETCASH_FINANCE":-19504218.86,"END_CASH":38788690.92,"DIVI_RATIO":null,"DIVIDEND_RATE":null,"CURRENT_RATIO":2.717399286228,"COMMON_ACS":3800000000,"CURRENTDEBT_DEBT":99.834315709217,"ISSUED_COMMON_SHARES":921120000,"HK_COMMON_SHARES":921120000,"PER_SHARES":5000,"TOTAL_MARKET_CAP":23949120,"HKSK_MARKET_CAP":23949120,"PE_TTM":-1.118856341976,"PB_TTM":0.150100404879,"REPORT_DATE_SQ":"2019-12-31 00:00:00","REPORT_TYPE_SQ":"2019年年报","OPERATE_INCOME_SQ":183087206,"DPS_HKD":null,"OPERATE_INCOME_QOQ_SQ":0,"NET_PROFIT_RATIO_SQ":5.1092923445,"HOLDER_PROFIT_SQ":11188256.5,"HOLDER_PROFIT_QOQ_SQ":0,"ROE_AVG_SQ":4.977783920681,"PE_TTM_SQ":-19.095407011563,"PB_TTM_SQ":2.364797097232,"ROA_SQ":3.952007874969,"START_DATE":"2020-04-01 00:00:00","FISCAL_YEAR":"3-31","CURRENCY":"HKD","IS_CNY_CODE":0,"DPS_HKD_LY":null,"ORG_TYPE":"一般企业","PREMIUM_INCOME":null,"PREMIUM_INCOME_YOY":null,"NET_INTEREST_INCOME":null,"NET_INTEREST_INCOME_YOY":null,"FEE_COMMISSION_INCOME":null,"FEE_COMMISSION_INCOME_YOY":null,"ACCOUNTS_RECE_TDAYS":9.108243166906,"INVENTORY_TDAYS":10.046798029557,"CURRENT_ASSETS_TDAYS":1.008268835773,"TOTAL_ASSETS_TDAYS":0.773466962856,"PREMIUM_EXPENSE":null,"LOAN_DEPOSIT":null,"LOAN_EQUITY":null,"LOAN_ASSETS":null,"DEPOSIT_EQUITY":null,"DEPOSIT_ASSETS":null,"EQUITY_MULTIPLIER":1.48558938285,"EQUITY_RATIO":0.391915964648},{"SECUCODE":"01894.HK","SECURITY_CODE":"01894","SECURITY_NAME_ABBR":"恒益控股","ORG_CODE":"10938307","STD_REPORT_DATE":"2020-06-30 00:00:00","REPORT_DATE":"2020-09-30 00:00:00","DATE_TYPE_CODE":"002","REPORT_TYPE":"2020年中报","PER_NETCASH_OPERATE":0.003805191871,"PER_OI":0.144021475352,"BPS":0.240750315095,"BASIC_EPS":0.00087872,"DILUTED_EPS":0.00087872,"OPERATE_INCOME":110550884.48,"OPERATE_INCOME_YOY":30.6916396576,"GROSS_PROFIT":9249406.72,"GROSS_PROFIT_YOY":-60.367110532039,"HOLDER_PROFIT":868175.36,"HOLDER_PROFIT_YOY":-90.0573613767,"GROSS_PROFIT_RATIO":8.366651034505,"EPS_TTM":0.014575633794,"OPERATE_INCOME_QOQ":0,"NET_PROFIT_RATIO":0.6978832993,"ROE_AVG":0.39473579071,"GROSS_PROFIT_QOQ":0,"ROA":0.295366659741,"HOLDER_PROFIT_QOQ":0,"ROE_YEARLY":0.78947158142,"ROIC_YEARLY":0.692816759434,"TOTAL_ASSETS":294948519.04,"TOTAL_LIABILITIES":75061141.12,"TAX_EBT":34.818114328137,"OCF_SALES":2.642100326686,"TOTAL_PARENT_EQUITY":221759930.24,"DEBT_ASSET_RATIO":25.4488957477,"OPERATE_PROFIT":1967454.08,"PRETAX_PROFIT":1183635.84,"NETCASH_OPERATE":2920865.28,"NETCASH_INVEST":-11608769.92,"NETCASH_FINANCE":-10308264.32,"END_CASH":37002899.2,"DIVI_RATIO":null,"DIVIDEND_RATE":null,"CURRENT_RATIO":2.847589753223,"COMMON_ACS":3800000000,"CURRENTDEBT_DEBT":99.715526626942,"ISSUED_COMMON_SHARES":921120000,"HK_COMMON_SHARES":921120000,"PER_SHARES":5000,"TOTAL_MARKET_CAP":23949120,"HKSK_MARKET_CAP":23949120,"PE_TTM":-1.118856341976,"PB_TTM":0.150100404879,"REPORT_DATE_SQ":"2019-06-30 00:00:00","REPORT_TYPE_SQ":"2019年中报","OPERATE_INCOME_SQ":86831090.64,"DPS_HKD":null,"OPERATE_INCOME_QOQ_SQ":0,"NET_PROFIT_RATIO_SQ":9.3430565944,"HOLDER_PROFIT_SQ":8963273.37,"HOLDER_PROFIT_QOQ_SQ":0,"ROE_AVG_SQ":4.049909623885,"PE_TTM_SQ":-19.095407011563,"PB_TTM_SQ":2.364797097232,"ROA_SQ":3.3050951749,"START_DATE":"2020-04-01 00:00:00","FISCAL_YEAR":"3-31","CURRENCY":"HKD","IS_CNY_CODE":0,"DPS_HKD_LY":null,"ORG_TYPE":"一般企业","PREMIUM_INCOME":null,"PREMIUM_INCOME_YOY":null,"NET_INTEREST_INCOME":null,"NET_INTEREST_INCOME_YOY":null,"FEE_COMMISSION_INCOME":null,"FEE_COMMISSION_INCOME_YOY":null,"ACCOUNTS_RECE_TDAYS":5.410441663441,"INVENTORY_TDAYS":5.155999821101,"CURRENT_ASSETS_TDAYS":0.531619146216,"TOTAL_ASSETS_TDAYS":0.376111175054,"PREMIUM_EXPENSE":null,"LOAN_DEPOSIT":null,"LOAN_EQUITY":null,"LOAN_ASSETS":null,"DEPOSIT_EQUITY":null,"DEPOSIT_ASSETS":null,"EQUITY_MULTIPLIER":1.341361754503,"EQUITY_RATIO":0.338479278194}],"count":17},"success":true,"message":"ok","code":0}