{"version":"fa378ec6d4d63f4fe1ba9e59a04bedec","result":{"pages":5,"data":[{"SECUCODE":"01899.HK","SECURITY_CODE":"01899","SECURITY_NAME_ABBR":"兴达国际","ORG_CODE":"10077985","STD_REPORT_DATE":"2024-06-30 00:00:00","REPORT_DATE":"2024-06-30 00:00:00","DATE_TYPE_CODE":"002","REPORT_TYPE":"2024年中报","PER_NETCASH_OPERATE":0.193572273409,"PER_OI":3.211088528608,"BPS":3.311809044177,"BASIC_EPS":0.1031,"DILUTED_EPS":0.1024,"OPERATE_INCOME":6165692000,"OPERATE_INCOME_YOY":13.7984673537,"GROSS_PROFIT":1208715000,"GROSS_PROFIT_YOY":17.662032733138,"HOLDER_PROFIT":192159000,"HOLDER_PROFIT_YOY":0.0609241728,"GROSS_PROFIT_RATIO":19.60388225685,"EPS_TTM":0.234108692618,"OPERATE_INCOME_QOQ":6.506365143779,"NET_PROFIT_RATIO":4.5949424655,"ROE_AVG":3.083421540626,"GROSS_PROFIT_QOQ":8.245300390547,"ROA":0.893137220772,"HOLDER_PROFIT_QOQ":0.026034655019,"ROE_YEARLY":6.166843081252,"ROIC_YEARLY":2.279637232568,"TOTAL_ASSETS":22310256000,"TOTAL_LIABILITIES":13773318000,"TAX_EBT":24.799995753062,"OCF_SALES":6.028244680402,"TOTAL_PARENT_EQUITY":6359088000,"DEBT_ASSET_RATIO":61.7353651164,"OPERATE_PROFIT":480184000,"PRETAX_PROFIT":376742000,"NETCASH_OPERATE":371683000,"NETCASH_INVEST":-402288000,"NETCASH_FINANCE":557919000,"END_CASH":1095605000,"DIVI_RATIO":1.088001462705,"DIVIDEND_RATE":21.212121212121,"CURRENT_RATIO":1.039639359155,"COMMON_ACS":3000000000,"CURRENTDEBT_DEBT":85.304840852437,"ISSUED_COMMON_SHARES":1920125199,"HK_COMMON_SHARES":1920125199,"PER_SHARES":1000,"TOTAL_MARKET_CAP":2534565262.68,"HKSK_MARKET_CAP":2534565262.68,"PE_TTM":5.087876022106,"PB_TTM":0.363770248807,"REPORT_DATE_SQ":"2023-06-30 00:00:00","REPORT_TYPE_SQ":"2023年中报","OPERATE_INCOME_SQ":5418080000,"DPS_HKD":0.28,"OPERATE_INCOME_QOQ_SQ":-1.124284916761,"NET_PROFIT_RATIO_SQ":5.453961551,"HOLDER_PROFIT_SQ":192042000,"HOLDER_PROFIT_QOQ_SQ":7.826551202528,"ROE_AVG_SQ":3.28063821791,"PE_TTM_SQ":6.76910280757,"PB_TTM_SQ":0.433256220137,"ROA_SQ":0.90710124066,"START_DATE":"2024-01-01 00:00:00","FISCAL_YEAR":"12-31","CURRENCY":"HKD","IS_CNY_CODE":0,"DPS_HKD_LY":0.13,"ORG_TYPE":"一般企业","PREMIUM_INCOME":null,"PREMIUM_INCOME_YOY":null,"NET_INTEREST_INCOME":null,"NET_INTEREST_INCOME_YOY":null,"FEE_COMMISSION_INCOME":null,"FEE_COMMISSION_INCOME_YOY":null,"ACCOUNTS_RECE_TDAYS":0.750619709159,"INVENTORY_TDAYS":4.448254588153,"CURRENT_ASSETS_TDAYS":0.518062884095,"TOTAL_ASSETS_TDAYS":0.286575649177,"PREMIUM_EXPENSE":null,"LOAN_DEPOSIT":null,"LOAN_EQUITY":null,"LOAN_ASSETS":null,"DEPOSIT_EQUITY":null,"DEPOSIT_ASSETS":null,"EQUITY_MULTIPLIER":2.613379176469,"EQUITY_RATIO":2.16592662344},{"SECUCODE":"01899.HK","SECURITY_CODE":"01899","SECURITY_NAME_ABBR":"兴达国际","ORG_CODE":"10077985","STD_REPORT_DATE":"2023-12-31 00:00:00","REPORT_DATE":"2023-12-31 00:00:00","DATE_TYPE_CODE":"001","REPORT_TYPE":"2023年年报","PER_NETCASH_OPERATE":0.982534041412,"PER_OI":6.911789337123,"BPS":3.179440071501,"BASIC_EPS":0.2707,"DILUTED_EPS":0.2689,"OPERATE_INCOME":11490471000,"OPERATE_INCOME_YOY":6.27489126,"GROSS_PROFIT":2200502000,"GROSS_PROFIT_YOY":-3.212182630374,"HOLDER_PROFIT":449401000,"HOLDER_PROFIT_YOY":28.9932862789,"GROSS_PROFIT_RATIO":19.150668410372,"EPS_TTM":0.270325301712,"OPERATE_INCOME_QOQ":7.483309901248,"NET_PROFIT_RATIO":5.5471094266,"ROE_AVG":7.509141825133,"GROSS_PROFIT_QOQ":2.779936702002,"ROA":2.153859204828,"HOLDER_PROFIT_QOQ":19.630355269953,"ROE_YEARLY":7.509141825133,"ROIC_YEARLY":2.753489246405,"TOTAL_ASSETS":20719862000,"TOTAL_LIABILITIES":12420971000,"TAX_EBT":13.368925084709,"OCF_SALES":14.215335472323,"TOTAL_PARENT_EQUITY":6104923000,"DEBT_ASSET_RATIO":59.9471704976,"OPERATE_PROFIT":969278000,"PRETAX_PROFIT":735751000,"NETCASH_OPERATE":1633409000,"NETCASH_INVEST":-941920000,"NETCASH_FINANCE":-956828000,"END_CASH":570801000,"DIVI_RATIO":0.94223736508,"DIVIDEND_RATE":18.918918918919,"CURRENT_RATIO":1.001697586079,"COMMON_ACS":3000000000,"CURRENTDEBT_DEBT":93.134353183821,"ISSUED_COMMON_SHARES":1920125199,"HK_COMMON_SHARES":1920125199,"PER_SHARES":1000,"TOTAL_MARKET_CAP":2841785294.52,"HKSK_MARKET_CAP":2841785294.52,"PE_TTM":5.70458826721,"PB_TTM":0.407863612298,"REPORT_DATE_SQ":"2022-12-31 00:00:00","REPORT_TYPE_SQ":"2022年年报","OPERATE_INCOME_SQ":10812028000,"DPS_HKD":0.28,"OPERATE_INCOME_QOQ_SQ":-0.895803554946,"NET_PROFIT_RATIO_SQ":5.1628797114,"HOLDER_PROFIT_SQ":348391000,"HOLDER_PROFIT_QOQ_SQ":105.441025580545,"ROE_AVG_SQ":6.025251367044,"PE_TTM_SQ":6.311514501474,"PB_TTM_SQ":0.403968294467,"ROA_SQ":1.707289050695,"START_DATE":"2023-01-01 00:00:00","FISCAL_YEAR":"12-31","CURRENCY":"HKD","IS_CNY_CODE":0,"DPS_HKD_LY":0.15,"ORG_TYPE":"一般企业","PREMIUM_INCOME":null,"PREMIUM_INCOME_YOY":null,"NET_INTEREST_INCOME":null,"NET_INTEREST_INCOME_YOY":null,"FEE_COMMISSION_INCOME":null,"FEE_COMMISSION_INCOME_YOY":null,"ACCOUNTS_RECE_TDAYS":1.420697715738,"INVENTORY_TDAYS":8.912044827064,"CURRENT_ASSETS_TDAYS":0.989200976609,"TOTAL_ASSETS_TDAYS":0.550707647094,"PREMIUM_EXPENSE":null,"LOAN_DEPOSIT":null,"LOAN_EQUITY":null,"LOAN_ASSETS":null,"DEPOSIT_EQUITY":null,"DEPOSIT_ASSETS":null,"EQUITY_MULTIPLIER":2.496702511217,"EQUITY_RATIO":2.034582745761},{"SECUCODE":"01899.HK","SECURITY_CODE":"01899","SECURITY_NAME_ABBR":"兴达国际","ORG_CODE":"10077985","STD_REPORT_DATE":"2023-06-30 00:00:00","REPORT_DATE":"2023-06-30 00:00:00","DATE_TYPE_CODE":"002","REPORT_TYPE":"2023年中报","PER_NETCASH_OPERATE":0.796633778242,"PER_OI":3.259102918556,"BPS":3.043075526035,"BASIC_EPS":0.1157,"DILUTED_EPS":0.1148,"OPERATE_INCOME":5418080000,"OPERATE_INCOME_YOY":-2.1943311097,"GROSS_PROFIT":1027277000,"GROSS_PROFIT_YOY":-11.428275817473,"HOLDER_PROFIT":192042000,"HOLDER_PROFIT_YOY":16.5480200273,"GROSS_PROFIT_RATIO":18.960166701119,"EPS_TTM":0.225967147805,"OPERATE_INCOME_QOQ":-1.124284916761,"NET_PROFIT_RATIO":5.453961551,"ROE_AVG":3.28063821791,"GROSS_PROFIT_QOQ":-5.830047696712,"ROA":0.90710124066,"HOLDER_PROFIT_QOQ":7.826551202528,"ROE_YEARLY":6.561276435819,"ROIC_YEARLY":2.360997620524,"TOTAL_ASSETS":21331933000,"TOTAL_LIABILITIES":13381840000,"TAX_EBT":18.405328090657,"OCF_SALES":24.443345244072,"TOTAL_PARENT_EQUITY":5843086000,"DEBT_ASSET_RATIO":62.7314927344,"OPERATE_PROFIT":468549000,"PRETAX_PROFIT":362156000,"NETCASH_OPERATE":1324360000,"NETCASH_INVEST":-700466000,"NETCASH_FINANCE":-302577000,"END_CASH":1165193000,"DIVI_RATIO":1.127201907332,"DIVIDEND_RATE":18.918918918919,"CURRENT_RATIO":1.001536001148,"COMMON_ACS":3000000000,"CURRENTDEBT_DEBT":93.332262230007,"ISSUED_COMMON_SHARES":1920125199,"HK_COMMON_SHARES":1920125199,"PER_SHARES":1000,"TOTAL_MARKET_CAP":2841785294.52,"HKSK_MARKET_CAP":2841785294.52,"PE_TTM":5.70458826721,"PB_TTM":0.407863612298,"REPORT_DATE_SQ":"2022-06-30 00:00:00","REPORT_TYPE_SQ":"2022年中报","OPERATE_INCOME_SQ":5539638000,"DPS_HKD":0.28,"OPERATE_INCOME_QOQ_SQ":2.484173781694,"NET_PROFIT_RATIO_SQ":4.666460155,"HOLDER_PROFIT_SQ":164775000,"HOLDER_PROFIT_QOQ_SQ":-22.513993283224,"ROE_AVG_SQ":2.900329522494,"PE_TTM_SQ":6.311514501474,"PB_TTM_SQ":0.403968294467,"ROA_SQ":0.803263852005,"START_DATE":"2023-01-01 00:00:00","FISCAL_YEAR":"12-31","CURRENCY":"HKD","IS_CNY_CODE":0,"DPS_HKD_LY":0.15,"ORG_TYPE":"一般企业","PREMIUM_INCOME":null,"PREMIUM_INCOME_YOY":null,"NET_INTEREST_INCOME":null,"NET_INTEREST_INCOME_YOY":null,"FEE_COMMISSION_INCOME":null,"FEE_COMMISSION_INCOME_YOY":null,"ACCOUNTS_RECE_TDAYS":0.676822857037,"INVENTORY_TDAYS":3.711363655574,"CURRENT_ASSETS_TDAYS":0.448651151637,"TOTAL_ASSETS_TDAYS":0.255920428343,"PREMIUM_EXPENSE":null,"LOAN_DEPOSIT":null,"LOAN_EQUITY":null,"LOAN_ASSETS":null,"DEPOSIT_EQUITY":null,"DEPOSIT_ASSETS":null,"EQUITY_MULTIPLIER":2.683230623844,"EQUITY_RATIO":2.290200760352},{"SECUCODE":"01899.HK","SECURITY_CODE":"01899","SECURITY_NAME_ABBR":"兴达国际","ORG_CODE":"10077985","STD_REPORT_DATE":"2022-12-31 00:00:00","REPORT_DATE":"2022-12-31 00:00:00","DATE_TYPE_CODE":"001","REPORT_TYPE":"2022年年报","PER_NETCASH_OPERATE":0.950976309445,"PER_OI":6.5036898699,"BPS":3.054235215003,"BASIC_EPS":0.2099,"DILUTED_EPS":0.2088,"OPERATE_INCOME":10812028000,"OPERATE_INCOME_YOY":1.5661169097,"GROSS_PROFIT":2273532000,"GROSS_PROFIT_YOY":10.103840480256,"HOLDER_PROFIT":348391000,"HOLDER_PROFIT_YOY":59.1880468804,"GROSS_PROFIT_RATIO":21.027803479606,"EPS_TTM":0.209565404147,"OPERATE_INCOME_QOQ":-0.895803554946,"NET_PROFIT_RATIO":5.1628797114,"ROE_AVG":6.025251367044,"GROSS_PROFIT_QOQ":5.608383520029,"ROA":1.707289050695,"HOLDER_PROFIT_QOQ":105.441025580545,"ROE_YEARLY":6.025251367044,"ROIC_YEARLY":2.180772563019,"TOTAL_ASSETS":21009978000,"TOTAL_LIABILITIES":13086195000,"TAX_EBT":25.03578920227,"OCF_SALES":14.622104197288,"TOTAL_PARENT_EQUITY":5864514000,"DEBT_ASSET_RATIO":62.2856197184,"OPERATE_PROFIT":943574000,"PRETAX_PROFIT":744638000,"NETCASH_OPERATE":1580946000,"NETCASH_INVEST":-1801926000,"NETCASH_FINANCE":306386000,"END_CASH":824867000,"DIVI_RATIO":1.215422941765,"DIVIDEND_RATE":18.918918918919,"CURRENT_RATIO":1.001705584434,"COMMON_ACS":3000000000,"CURRENTDEBT_DEBT":88.827715008068,"ISSUED_COMMON_SHARES":1920125199,"HK_COMMON_SHARES":1920125199,"PER_SHARES":1000,"TOTAL_MARKET_CAP":2841785294.52,"HKSK_MARKET_CAP":2841785294.52,"PE_TTM":5.70458826721,"PB_TTM":0.407863612298,"REPORT_DATE_SQ":"2021-12-31 00:00:00","REPORT_TYPE_SQ":"2021年年报","OPERATE_INCOME_SQ":10645310000,"DPS_HKD":0.28,"OPERATE_INCOME_QOQ_SQ":9.505691609886,"NET_PROFIT_RATIO_SQ":2.8835703235,"HOLDER_PROFIT_SQ":218855000,"HOLDER_PROFIT_QOQ_SQ":12.697415511053,"ROE_AVG_SQ":3.853942355602,"PE_TTM_SQ":6.311514501474,"PB_TTM_SQ":0.403968294467,"ROA_SQ":1.233089911865,"START_DATE":"2022-01-01 00:00:00","FISCAL_YEAR":"12-31","CURRENCY":"HKD","IS_CNY_CODE":0,"DPS_HKD_LY":0.15,"ORG_TYPE":"一般企业","PREMIUM_INCOME":null,"PREMIUM_INCOME_YOY":null,"NET_INTEREST_INCOME":null,"NET_INTEREST_INCOME_YOY":null,"FEE_COMMISSION_INCOME":null,"FEE_COMMISSION_INCOME_YOY":null,"ACCOUNTS_RECE_TDAYS":1.324925251041,"INVENTORY_TDAYS":6.732332399261,"CURRENT_ASSETS_TDAYS":0.902301007654,"TOTAL_ASSETS_TDAYS":0.529843107893,"PREMIUM_EXPENSE":null,"LOAN_DEPOSIT":null,"LOAN_EQUITY":null,"LOAN_ASSETS":null,"DEPOSIT_EQUITY":null,"DEPOSIT_ASSETS":null,"EQUITY_MULTIPLIER":2.651508502946,"EQUITY_RATIO":2.231420199525},{"SECUCODE":"01899.HK","SECURITY_CODE":"01899","SECURITY_NAME_ABBR":"兴达国际","ORG_CODE":"10077985","STD_REPORT_DATE":"2022-06-30 00:00:00","REPORT_DATE":"2022-06-30 00:00:00","DATE_TYPE_CODE":"002","REPORT_TYPE":"2022年中报","PER_NETCASH_OPERATE":0.360684971968,"PER_OI":3.332222922796,"BPS":2.949105611941,"BASIC_EPS":0.0993,"DILUTED_EPS":0.0988,"OPERATE_INCOME":5539638000,"OPERATE_INCOME_YOY":5.0130516626,"GROSS_PROFIT":1159825000,"GROSS_PROFIT_YOY":8.199897754327,"HOLDER_PROFIT":164775000,"HOLDER_PROFIT_YOY":-23.0196030797,"GROSS_PROFIT_RATIO":20.936837389014,"EPS_TTM":0.102007573003,"OPERATE_INCOME_QOQ":2.484173781694,"NET_PROFIT_RATIO":4.666460155,"ROE_AVG":2.900329522494,"GROSS_PROFIT_QOQ":4.256723576661,"ROA":0.803263852005,"HOLDER_PROFIT_QOQ":-22.513993283224,"ROE_YEARLY":5.800659044989,"ROIC_YEARLY":2.055070334946,"TOTAL_ASSETS":21224161000,"TOTAL_LIABILITIES":13634187000,"TAX_EBT":24.132678666287,"OCF_SALES":10.824154935756,"TOTAL_PARENT_EQUITY":5662652000,"DEBT_ASSET_RATIO":64.2389915908,"OPERATE_PROFIT":414478000,"PRETAX_PROFIT":340733000,"NETCASH_OPERATE":599619000,"NETCASH_INVEST":-601621000,"NETCASH_FINANCE":459462000,"END_CASH":1178296000,"DIVI_RATIO":2.496977356703,"DIVIDEND_RATE":18.918918918919,"CURRENT_RATIO":1.086941236967,"COMMON_ACS":3000000000,"CURRENTDEBT_DEBT":85.351946544374,"ISSUED_COMMON_SHARES":1920125199,"HK_COMMON_SHARES":1920125199,"PER_SHARES":1000,"TOTAL_MARKET_CAP":2841785294.52,"HKSK_MARKET_CAP":2841785294.52,"PE_TTM":5.70458826721,"PB_TTM":0.407863612298,"REPORT_DATE_SQ":"2021-06-30 00:00:00","REPORT_TYPE_SQ":"2021年中报","OPERATE_INCOME_SQ":5275190000,"DPS_HKD":0.28,"OPERATE_INCOME_QOQ_SQ":26.580165619193,"NET_PROFIT_RATIO_SQ":5.6719284045,"HOLDER_PROFIT_SQ":214048000,"HOLDER_PROFIT_QOQ_SQ":68.872830359317,"ROE_AVG_SQ":3.793543525315,"PE_TTM_SQ":6.311514501474,"PB_TTM_SQ":0.403968294467,"ROA_SQ":1.270123493888,"START_DATE":"2022-01-01 00:00:00","FISCAL_YEAR":"12-31","CURRENCY":"HKD","IS_CNY_CODE":0,"DPS_HKD_LY":0.15,"ORG_TYPE":"一般企业","PREMIUM_INCOME":null,"PREMIUM_INCOME_YOY":null,"NET_INTEREST_INCOME":null,"NET_INTEREST_INCOME_YOY":null,"FEE_COMMISSION_INCOME":null,"FEE_COMMISSION_INCOME_YOY":null,"ACCOUNTS_RECE_TDAYS":0.671083183289,"INVENTORY_TDAYS":2.860442022471,"CURRENT_ASSETS_TDAYS":0.443699112936,"TOTAL_ASSETS_TDAYS":0.270052554004,"PREMIUM_EXPENSE":null,"LOAN_DEPOSIT":null,"LOAN_EQUITY":null,"LOAN_ASSETS":null,"DEPOSIT_EQUITY":null,"DEPOSIT_ASSETS":null,"EQUITY_MULTIPLIER":2.796341726602,"EQUITY_RATIO":2.407738812133},{"SECUCODE":"01899.HK","SECURITY_CODE":"01899","SECURITY_NAME_ABBR":"兴达国际","ORG_CODE":"10077985","STD_REPORT_DATE":"2021-12-31 00:00:00","REPORT_DATE":"2021-12-31 00:00:00","DATE_TYPE_CODE":"001","REPORT_TYPE":"2021年年报","PER_NETCASH_OPERATE":-0.056815707403,"PER_OI":6.403405060452,"BPS":2.968478307023,"BASIC_EPS":0.1346,"DILUTED_EPS":0.1337,"OPERATE_INCOME":10645310000,"OPERATE_INCOME_YOY":38.6124858022,"GROSS_PROFIT":2064898000,"GROSS_PROFIT_YOY":35.092390749672,"HOLDER_PROFIT":218855000,"HOLDER_PROFIT_YOY":90.3153153153,"GROSS_PROFIT_RATIO":19.397255692883,"EPS_TTM":0.131646444726,"OPERATE_INCOME_QOQ":9.505691609886,"NET_PROFIT_RATIO":2.8835703235,"ROE_AVG":3.853942355602,"GROSS_PROFIT_QOQ":4.357982238556,"ROA":1.233089911865,"HOLDER_PROFIT_QOQ":12.697415511053,"ROE_YEARLY":3.853942355602,"ROIC_YEARLY":1.557437143974,"TOTAL_ASSETS":19802209000,"TOTAL_LIABILITIES":12191571000,"TAX_EBT":26.738838332128,"OCF_SALES":-0.887273362636,"TOTAL_PARENT_EQUITY":5699850000,"DEBT_ASSET_RATIO":61.5667221773,"OPERATE_PROFIT":666156000,"PRETAX_PROFIT":419001000,"NETCASH_OPERATE":-94453000,"NETCASH_INVEST":-1686350000,"NETCASH_FINANCE":1618490000,"END_CASH":712365000,"DIVI_RATIO":1.934808042331,"DIVIDEND_RATE":18.918918918919,"CURRENT_RATIO":1.104599816131,"COMMON_ACS":3000000000,"CURRENTDEBT_DEBT":91.4950583481,"ISSUED_COMMON_SHARES":1920125199,"HK_COMMON_SHARES":1920125199,"PER_SHARES":1000,"TOTAL_MARKET_CAP":2841785294.52,"HKSK_MARKET_CAP":2841785294.52,"PE_TTM":5.70458826721,"PB_TTM":0.407863612298,"REPORT_DATE_SQ":"2020-12-31 00:00:00","REPORT_TYPE_SQ":"2020年年报","OPERATE_INCOME_SQ":7679907000,"DPS_HKD":0.28,"OPERATE_INCOME_QOQ_SQ":9.794550178576,"NET_PROFIT_RATIO_SQ":2.2845068306,"HOLDER_PROFIT_SQ":114996000,"HOLDER_PROFIT_QOQ_SQ":-50.669417835985,"ROE_AVG_SQ":2.049060125792,"PE_TTM_SQ":6.311514501474,"PB_TTM_SQ":0.403968294467,"ROA_SQ":0.779576579607,"START_DATE":"2021-01-01 00:00:00","FISCAL_YEAR":"12-31","CURRENCY":"HKD","IS_CNY_CODE":0,"DPS_HKD_LY":0.15,"ORG_TYPE":"一般企业","PREMIUM_INCOME":null,"PREMIUM_INCOME_YOY":null,"NET_INTEREST_INCOME":null,"NET_INTEREST_INCOME_YOY":null,"FEE_COMMISSION_INCOME":null,"FEE_COMMISSION_INCOME_YOY":null,"ACCOUNTS_RECE_TDAYS":1.48563839805,"INVENTORY_TDAYS":8.06022142939,"CURRENT_ASSETS_TDAYS":1.051169842919,"TOTAL_ASSETS_TDAYS":0.599786359447,"PREMIUM_EXPENSE":null,"LOAN_DEPOSIT":null,"LOAN_EQUITY":null,"LOAN_ASSETS":null,"DEPOSIT_EQUITY":null,"DEPOSIT_ASSETS":null,"EQUITY_MULTIPLIER":2.601911823949,"EQUITY_RATIO":2.138928392852},{"SECUCODE":"01899.HK","SECURITY_CODE":"01899","SECURITY_NAME_ABBR":"兴达国际","ORG_CODE":"10077985","STD_REPORT_DATE":"2021-06-30 00:00:00","REPORT_DATE":"2021-06-30 00:00:00","DATE_TYPE_CODE":"002","REPORT_TYPE":"2021年中报","PER_NETCASH_OPERATE":-0.143224819256,"PER_OI":3.282778921286,"BPS":2.930666710135,"BASIC_EPS":0.1337,"DILUTED_EPS":0.133,"OPERATE_INCOME":5275190000,"OPERATE_INCOME_YOY":63.1237364164,"GROSS_PROFIT":1071928000,"GROSS_PROFIT_YOY":72.399994853386,"HOLDER_PROFIT":214048000,"HOLDER_PROFIT_YOY":58.7339725763,"GROSS_PROFIT_RATIO":20.320178040981,"EPS_TTM":0.120849830656,"OPERATE_INCOME_QOQ":26.580165619193,"NET_PROFIT_RATIO":5.6719284045,"ROE_AVG":3.793543525315,"GROSS_PROFIT_QOQ":29.450941702628,"ROA":1.270123493888,"HOLDER_PROFIT_QOQ":68.872830359317,"ROE_YEARLY":7.58708705063,"ROIC_YEARLY":3.1948502205,"TOTAL_ASSETS":18010272000,"TOTAL_LIABILITIES":10468423000,"TAX_EBT":18.82223669217,"OCF_SALES":-4.362913942436,"TOTAL_PARENT_EQUITY":5627247000,"DEBT_ASSET_RATIO":58.1247357064,"OPERATE_PROFIT":443574000,"PRETAX_PROFIT":368580000,"NETCASH_OPERATE":-230152000,"NETCASH_INVEST":-629336000,"NETCASH_FINANCE":797280000,"END_CASH":820749000,"DIVI_RATIO":2.107662034923,"DIVIDEND_RATE":18.918918918919,"CURRENT_RATIO":1.149388166011,"COMMON_ACS":3000000000,"CURRENTDEBT_DEBT":90.655068103381,"ISSUED_COMMON_SHARES":1920125199,"HK_COMMON_SHARES":1920125199,"PER_SHARES":1000,"TOTAL_MARKET_CAP":2841785294.52,"HKSK_MARKET_CAP":2841785294.52,"PE_TTM":5.70458826721,"PB_TTM":0.407863612298,"REPORT_DATE_SQ":"2020-06-30 00:00:00","REPORT_TYPE_SQ":"2020年中报","OPERATE_INCOME_SQ":3233858000,"DPS_HKD":0.28,"OPERATE_INCOME_QOQ_SQ":-7.752982388026,"NET_PROFIT_RATIO_SQ":4.8364991569,"HOLDER_PROFIT_SQ":134847000,"HOLDER_PROFIT_QOQ_SQ":-19.268784285477,"ROE_AVG_SQ":1.865616161602,"PE_TTM_SQ":6.311514501474,"PB_TTM_SQ":0.403968294467,"ROA_SQ":0.751881524352,"START_DATE":"2021-01-01 00:00:00","FISCAL_YEAR":"12-31","CURRENCY":"HKD","IS_CNY_CODE":0,"DPS_HKD_LY":0.15,"ORG_TYPE":"一般企业","PREMIUM_INCOME":null,"PREMIUM_INCOME_YOY":null,"NET_INTEREST_INCOME":null,"NET_INTEREST_INCOME_YOY":null,"FEE_COMMISSION_INCOME":null,"FEE_COMMISSION_INCOME_YOY":null,"ACCOUNTS_RECE_TDAYS":0.776570697517,"INVENTORY_TDAYS":4.368636743942,"CURRENT_ASSETS_TDAYS":0.559980361586,"TOTAL_ASSETS_TDAYS":0.313020572662,"PREMIUM_EXPENSE":null,"LOAN_DEPOSIT":null,"LOAN_EQUITY":null,"LOAN_ASSETS":null,"DEPOSIT_EQUITY":null,"DEPOSIT_ASSETS":null,"EQUITY_MULTIPLIER":2.388044629375,"EQUITY_RATIO":1.860309846005},{"SECUCODE":"01899.HK","SECURITY_CODE":"01899","SECURITY_NAME_ABBR":"兴达国际","ORG_CODE":"10077985","STD_REPORT_DATE":"2020-12-31 00:00:00","REPORT_DATE":"2020-12-31 00:00:00","DATE_TYPE_CODE":"001","REPORT_TYPE":"2020年年报","PER_NETCASH_OPERATE":0.040612891282,"PER_OI":4.779247158308,"BPS":2.946480262301,"BASIC_EPS":0.0739,"DILUTED_EPS":0.0735,"OPERATE_INCOME":7679907000,"OPERATE_INCOME_YOY":1.2963184014,"GROSS_PROFIT":1528508000,"GROSS_PROFIT_YOY":4.40856630746,"HOLDER_PROFIT":114996000,"HOLDER_PROFIT_YOY":-59.7631893855,"GROSS_PROFIT_RATIO":19.90268892579,"EPS_TTM":0.071562625201,"OPERATE_INCOME_QOQ":9.794550178576,"NET_PROFIT_RATIO":2.2845068306,"ROE_AVG":2.049060125792,"GROSS_PROFIT_QOQ":14.103269450269,"ROA":0.779576579607,"HOLDER_PROFIT_QOQ":-50.669417835985,"ROE_YEARLY":2.049060125792,"ROIC_YEARLY":0.957984663382,"TOTAL_ASSETS":15694797000,"TOTAL_LIABILITIES":8115755000,"TAX_EBT":49.062826617118,"OCF_SALES":0.849775915255,"TOTAL_PARENT_EQUITY":5657611000,"DEBT_ASSET_RATIO":51.7098437144,"OPERATE_PROFIT":425401000,"PRETAX_PROFIT":344440000,"NETCASH_OPERATE":65262000,"NETCASH_INVEST":-1032902000,"NETCASH_FINANCE":1365266000,"END_CASH":890965000,"DIVI_RATIO":3.559268532783,"DIVIDEND_RATE":18.918918918919,"CURRENT_RATIO":1.113869747725,"COMMON_ACS":3000000000,"CURRENTDEBT_DEBT":87.752710622733,"ISSUED_COMMON_SHARES":1920125199,"HK_COMMON_SHARES":1920125199,"PER_SHARES":1000,"TOTAL_MARKET_CAP":2841785294.52,"HKSK_MARKET_CAP":2841785294.52,"PE_TTM":5.70458826721,"PB_TTM":0.407863612298,"REPORT_DATE_SQ":"2019-12-31 00:00:00","REPORT_TYPE_SQ":"2019年年报","OPERATE_INCOME_SQ":7581625000,"DPS_HKD":0.28,"OPERATE_INCOME_QOQ_SQ":-0.878250563049,"NET_PROFIT_RATIO_SQ":5.4156431722,"HOLDER_PROFIT_SQ":285798000,"HOLDER_PROFIT_QOQ_SQ":-2.409414595733,"ROE_AVG_SQ":5.240111592281,"PE_TTM_SQ":6.311514501474,"PB_TTM_SQ":0.403968294467,"ROA_SQ":2.171399583109,"START_DATE":"2020-01-01 00:00:00","FISCAL_YEAR":"12-31","CURRENCY":"HKD","IS_CNY_CODE":0,"DPS_HKD_LY":0.15,"ORG_TYPE":"一般企业","PREMIUM_INCOME":null,"PREMIUM_INCOME_YOY":null,"NET_INTEREST_INCOME":null,"NET_INTEREST_INCOME_YOY":null,"FEE_COMMISSION_INCOME":null,"FEE_COMMISSION_INCOME_YOY":null,"ACCOUNTS_RECE_TDAYS":1.338485227685,"INVENTORY_TDAYS":8.514076519296,"CURRENT_ASSETS_TDAYS":1.037740568202,"TOTAL_ASSETS_TDAYS":0.520633381227,"PREMIUM_EXPENSE":null,"LOAN_DEPOSIT":null,"LOAN_EQUITY":null,"LOAN_ASSETS":null,"DEPOSIT_EQUITY":null,"DEPOSIT_ASSETS":null,"EQUITY_MULTIPLIER":2.0708154144,"EQUITY_RATIO":1.434484449355},{"SECUCODE":"01899.HK","SECURITY_CODE":"01899","SECURITY_NAME_ABBR":"兴达国际","ORG_CODE":"10077985","STD_REPORT_DATE":"2020-06-30 00:00:00","REPORT_DATE":"2020-06-30 00:00:00","DATE_TYPE_CODE":"002","REPORT_TYPE":"2020年中报","PER_NETCASH_OPERATE":0.262940634398,"PER_OI":2.112509842097,"BPS":2.894284707525,"BASIC_EPS":0.0886,"DILUTED_EPS":0.0881,"OPERATE_INCOME":3233858000,"OPERATE_INCOME_YOY":-15.5972483996,"GROSS_PROFIT":621768000,"GROSS_PROFIT_YOY":-14.150797508063,"HOLDER_PROFIT":134847000,"HOLDER_PROFIT_YOY":-34.9041749004,"GROSS_PROFIT_RATIO":18.628609724173,"EPS_TTM":0.152280498037,"OPERATE_INCOME_QOQ":-7.752982388026,"NET_PROFIT_RATIO":4.8364991569,"ROE_AVG":1.865616161602,"GROSS_PROFIT_QOQ":-8.947038939977,"ROA":0.751881524352,"HOLDER_PROFIT_QOQ":-19.268784285477,"ROE_YEARLY":3.731232323203,"ROIC_YEARLY":1.882768682056,"TOTAL_ASSETS":13794317000,"TOTAL_LIABILITIES":6091312000,"TAX_EBT":24.012832022785,"OCF_SALES":12.652596386095,"TOTAL_PARENT_EQUITY":5557389000,"DEBT_ASSET_RATIO":44.1581268576,"OPERATE_PROFIT":281529000,"PRETAX_PROFIT":258416000,"NETCASH_OPERATE":402513000,"NETCASH_INVEST":-812186000,"NETCASH_FINANCE":561472000,"END_CASH":649609000,"DIVI_RATIO":1.672640970337,"DIVIDEND_RATE":18.918918918919,"CURRENT_RATIO":1.112786542864,"COMMON_ACS":3000000000,"CURRENTDEBT_DEBT":94.136977386809,"ISSUED_COMMON_SHARES":1920125199,"HK_COMMON_SHARES":1920125199,"PER_SHARES":1000,"TOTAL_MARKET_CAP":2841785294.52,"HKSK_MARKET_CAP":2841785294.52,"PE_TTM":5.70458826721,"PB_TTM":0.407863612298,"REPORT_DATE_SQ":"2019-06-30 00:00:00","REPORT_TYPE_SQ":"2019年中报","OPERATE_INCOME_SQ":3769152000,"DPS_HKD":0.28,"OPERATE_INCOME_QOQ_SQ":1.210578951776,"NET_PROFIT_RATIO_SQ":6.2491775338,"HOLDER_PROFIT_SQ":159405000,"HOLDER_PROFIT_QOQ_SQ":12.2193861103,"ROE_AVG_SQ":2.958816569893,"PE_TTM_SQ":6.311514501474,"PB_TTM_SQ":0.403968294467,"ROA_SQ":1.206716963384,"START_DATE":"2020-01-01 00:00:00","FISCAL_YEAR":"12-31","CURRENCY":"HKD","IS_CNY_CODE":0,"DPS_HKD_LY":0.15,"ORG_TYPE":"一般企业","PREMIUM_INCOME":null,"PREMIUM_INCOME_YOY":null,"NET_INTEREST_INCOME":null,"NET_INTEREST_INCOME_YOY":null,"FEE_COMMISSION_INCOME":null,"FEE_COMMISSION_INCOME_YOY":null,"ACCOUNTS_RECE_TDAYS":0.640239619308,"INVENTORY_TDAYS":3.626155918252,"CURRENT_ASSETS_TDAYS":0.48021419281,"TOTAL_ASSETS_TDAYS":0.2305125603,"PREMIUM_EXPENSE":null,"LOAN_DEPOSIT":null,"LOAN_EQUITY":null,"LOAN_ASSETS":null,"DEPOSIT_EQUITY":null,"DEPOSIT_ASSETS":null,"EQUITY_MULTIPLIER":1.790770874483,"EQUITY_RATIO":1.096074433515}],"count":41},"success":true,"message":"ok","code":0}