{"version":"76f99e8c368ec1fec0565fb8927b553d","result":{"pages":2,"data":[{"SECUCODE":"01895.HK","SECURITY_CODE":"01895","SECURITY_NAME_ABBR":"鑫苑服务","ORG_CODE":"10000024158","STD_REPORT_DATE":"2024-06-30 00:00:00","REPORT_DATE":"2024-06-30 00:00:00","DATE_TYPE_CODE":"002","REPORT_TYPE":"2024年中报","PER_NETCASH_OPERATE":-0.026442290749,"PER_OI":0.714377092511,"BPS":0.960327129397,"BASIC_EPS":0.0896,"DILUTED_EPS":0.0896,"OPERATE_INCOME":405409000,"OPERATE_INCOME_YOY":21.0768854006,"GROSS_PROFIT":132227000,"GROSS_PROFIT_YOY":4.700255758526,"HOLDER_PROFIT":50850000,"HOLDER_PROFIT_YOY":24.861878453,"GROSS_PROFIT_RATIO":32.615704140757,"EPS_TTM":0.067402643172,"OPERATE_INCOME_QOQ":9.414679178128,"NET_PROFIT_RATIO":12.9895981589,"ROE_AVG":9.177524180114,"GROSS_PROFIT_QOQ":2.46027338213,"ROA":4.387700116013,"HOLDER_PROFIT_QOQ":35.998720045509,"ROE_YEARLY":18.355048360228,"ROIC_YEARLY":11.197339063024,"TOTAL_ASSETS":1242410000,"TOTAL_LIABILITIES":667994000,"TAX_EBT":28.974697885196,"OCF_SALES":-3.701447180502,"TOTAL_PARENT_EQUITY":569510000,"DEBT_ASSET_RATIO":53.7659870735,"OPERATE_PROFIT":74347000,"PRETAX_PROFIT":74144000,"NETCASH_OPERATE":-15006000,"NETCASH_INVEST":14646000,"NETCASH_FINANCE":-24036000,"END_CASH":234383000,"DIVI_RATIO":1.267237781496,"DIVIDEND_RATE":15.796610169492,"CURRENT_RATIO":1.489220454945,"COMMON_ACS":38000000000,"CURRENTDEBT_DEBT":98.025581068093,"ISSUED_COMMON_SHARES":593037500,"HK_COMMON_SHARES":593037500,"PER_SHARES":1000,"TOTAL_MARKET_CAP":349892125,"HKSK_MARKET_CAP":349892125,"PE_TTM":8.217208826084,"PB_TTM":0.560726843506,"REPORT_DATE_SQ":"2023-06-30 00:00:00","REPORT_TYPE_SQ":"2023年中报","OPERATE_INCOME_SQ":334836000,"DPS_HKD":0.0932,"OPERATE_INCOME_QOQ_SQ":-3.120620890374,"NET_PROFIT_RATIO_SQ":12.5082129759,"HOLDER_PROFIT_SQ":40725000,"HOLDER_PROFIT_QOQ_SQ":-7.226302484556,"ROE_AVG_SQ":7.671391314422,"PE_TTM_SQ":3.321048830197,"PB_TTM_SQ":0.464136495172,"ROA_SQ":3.824749912071,"START_DATE":"2024-01-01 00:00:00","FISCAL_YEAR":"12-31","CURRENCY":"HKD","IS_CNY_CODE":0,"DPS_HKD_LY":0.0932,"ORG_TYPE":"一般企业","PREMIUM_INCOME":null,"PREMIUM_INCOME_YOY":null,"NET_INTEREST_INCOME":null,"NET_INTEREST_INCOME_YOY":null,"FEE_COMMISSION_INCOME":null,"FEE_COMMISSION_INCOME_YOY":null,"ACCOUNTS_RECE_TDAYS":1.600506118227,"INVENTORY_TDAYS":5.093258259378,"CURRENT_ASSETS_TDAYS":0.42217614789,"TOTAL_ASSETS_TDAYS":0.349815755424,"PREMIUM_EXPENSE":null,"LOAN_DEPOSIT":null,"LOAN_EQUITY":null,"LOAN_ASSETS":null,"DEPOSIT_EQUITY":null,"DEPOSIT_ASSETS":null,"EQUITY_MULTIPLIER":2.162909807526,"EQUITY_RATIO":1.172927604432},{"SECUCODE":"01895.HK","SECURITY_CODE":"01895","SECURITY_NAME_ABBR":"鑫苑服务","ORG_CODE":"10000024158","STD_REPORT_DATE":"2023-12-31 00:00:00","REPORT_DATE":"2023-12-31 00:00:00","DATE_TYPE_CODE":"001","REPORT_TYPE":"2023年年报","PER_NETCASH_OPERATE":0.024903964758,"PER_OI":1.320891629956,"BPS":0.908259595725,"BASIC_EPS":0.0496,"DILUTED_EPS":0.0496,"OPERATE_INCOME":749606000,"OPERATE_INCOME_YOY":9.1927434603,"GROSS_PROFIT":241274000,"GROSS_PROFIT_YOY":5.212803069946,"HOLDER_PROFIT":28126000,"HOLDER_PROFIT_YOY":108.4142820816,"GROSS_PROFIT_RATIO":32.186775452705,"EPS_TTM":0.04956123348,"OPERATE_INCOME_QOQ":12.709995113333,"NET_PROFIT_RATIO":3.7903912189,"ROE_AVG":5.361735062499,"GROSS_PROFIT_QOQ":9.911805973141,"ROA":2.669595128174,"HOLDER_PROFIT_QOQ":107.84721834719,"ROE_YEARLY":5.361735062499,"ROIC_YEARLY":3.551170708334,"TOTAL_ASSETS":1075433000,"TOTAL_LIABILITIES":533707000,"TAX_EBT":58.966841892438,"OCF_SALES":1.885390458454,"TOTAL_PARENT_EQUITY":538632000,"DEBT_ASSET_RATIO":49.6271734269,"OPERATE_PROFIT":69428000,"PRETAX_PROFIT":69244000,"NETCASH_OPERATE":14133000,"NETCASH_INVEST":-11491000,"NETCASH_FINANCE":-3119000,"END_CASH":258957000,"DIVI_RATIO":1.723427162768,"DIVIDEND_RATE":14.793650793651,"CURRENT_RATIO":1.815494959193,"COMMON_ACS":38000000000,"CURRENTDEBT_DEBT":97.572263432932,"ISSUED_COMMON_SHARES":593037500,"HK_COMMON_SHARES":593037500,"PER_SHARES":1000,"TOTAL_MARKET_CAP":373613625,"HKSK_MARKET_CAP":373613625,"PE_TTM":8.774307729548,"PB_TTM":0.598742222727,"REPORT_DATE_SQ":"2022-12-31 00:00:00","REPORT_TYPE_SQ":"2022年年报","OPERATE_INCOME_SQ":686498000,"DPS_HKD":0.0932,"OPERATE_INCOME_QOQ_SQ":-12.986087873533,"NET_PROFIT_RATIO_SQ":-48.6718096775,"HOLDER_PROFIT_SQ":-334265000,"HOLDER_PROFIT_QOQ_SQ":-371.134129327407,"ROE_AVG_SQ":-47.011906804571,"PE_TTM_SQ":3.321048830197,"PB_TTM_SQ":0.464136495172,"ROA_SQ":-26.481910319678,"START_DATE":"2023-01-01 00:00:00","FISCAL_YEAR":"12-31","CURRENCY":"HKD","IS_CNY_CODE":0,"DPS_HKD_LY":null,"ORG_TYPE":"一般企业","PREMIUM_INCOME":null,"PREMIUM_INCOME_YOY":null,"NET_INTEREST_INCOME":null,"NET_INTEREST_INCOME_YOY":null,"FEE_COMMISSION_INCOME":null,"FEE_COMMISSION_INCOME_YOY":null,"ACCOUNTS_RECE_TDAYS":3.508972477537,"INVENTORY_TDAYS":9.483805970149,"CURRENT_ASSETS_TDAYS":0.81185893739,"TOTAL_ASSETS_TDAYS":0.711492756044,"PREMIUM_EXPENSE":null,"LOAN_DEPOSIT":null,"LOAN_EQUITY":null,"LOAN_ASSETS":null,"DEPOSIT_EQUITY":null,"DEPOSIT_ASSETS":null,"EQUITY_MULTIPLIER":1.985197313772,"EQUITY_RATIO":0.99085646601},{"SECUCODE":"01895.HK","SECURITY_CODE":"01895","SECURITY_NAME_ABBR":"鑫苑服务","ORG_CODE":"10000024158","STD_REPORT_DATE":"2023-06-30 00:00:00","REPORT_DATE":"2023-06-30 00:00:00","DATE_TYPE_CODE":"002","REPORT_TYPE":"2023年中报","PER_NETCASH_OPERATE":0.007311013216,"PER_OI":0.59001938326,"BPS":0.929504457981,"BASIC_EPS":0.0718,"DILUTED_EPS":0.0718,"OPERATE_INCOME":334836000,"OPERATE_INCOME_YOY":-6.0133217687,"GROSS_PROFIT":126291000,"GROSS_PROFIT_YOY":-7.203791469194,"HOLDER_PROFIT":40725000,"HOLDER_PROFIT_YOY":-37.23027127,"GROSS_PROFIT_RATIO":37.717270544386,"EPS_TTM":-0.631577092511,"OPERATE_INCOME_QOQ":-3.120620890374,"NET_PROFIT_RATIO":12.5082129759,"ROE_AVG":7.671391314422,"GROSS_PROFIT_QOQ":-4.275248560963,"ROA":3.824749912071,"HOLDER_PROFIT_QOQ":-7.226302484556,"ROE_YEARLY":15.342782628843,"ROIC_YEARLY":10.113803572426,"TOTAL_ASSETS":1097848000,"TOTAL_LIABILITIES":542653000,"TAX_EBT":33.25577689243,"OCF_SALES":1.239114073756,"TOTAL_PARENT_EQUITY":551231000,"DEBT_ASSET_RATIO":49.4287915996,"OPERATE_PROFIT":62899000,"PRETAX_PROFIT":62750000,"NETCASH_OPERATE":4149000,"NETCASH_INVEST":-6315000,"NETCASH_FINANCE":-1356000,"END_CASH":253873000,"DIVI_RATIO":-0.135241092517,"DIVIDEND_RATE":14.793650793651,"CURRENT_RATIO":1.810717579539,"COMMON_ACS":38000000000,"CURRENTDEBT_DEBT":97.707558974151,"ISSUED_COMMON_SHARES":593037500,"HK_COMMON_SHARES":593037500,"PER_SHARES":1000,"TOTAL_MARKET_CAP":373613625,"HKSK_MARKET_CAP":373613625,"PE_TTM":8.774307729548,"PB_TTM":0.598742222727,"REPORT_DATE_SQ":"2022-06-30 00:00:00","REPORT_TYPE_SQ":"2022年中报","OPERATE_INCOME_SQ":356259000,"DPS_HKD":0.0932,"OPERATE_INCOME_QOQ_SQ":2.437884327738,"NET_PROFIT_RATIO_SQ":18.3262738626,"HOLDER_PROFIT_SQ":64880000,"HOLDER_PROFIT_QOQ_SQ":0.582524271845,"ROE_AVG_SQ":7.124792587053,"PE_TTM_SQ":3.321048830197,"PB_TTM_SQ":0.464136495172,"ROA_SQ":4.432932424427,"START_DATE":"2023-01-01 00:00:00","FISCAL_YEAR":"12-31","CURRENCY":"HKD","IS_CNY_CODE":0,"DPS_HKD_LY":null,"ORG_TYPE":"一般企业","PREMIUM_INCOME":null,"PREMIUM_INCOME_YOY":null,"NET_INTEREST_INCOME":null,"NET_INTEREST_INCOME_YOY":null,"FEE_COMMISSION_INCOME":null,"FEE_COMMISSION_INCOME_YOY":null,"ACCOUNTS_RECE_TDAYS":1.525337560816,"INVENTORY_TDAYS":null,"CURRENT_ASSETS_TDAYS":0.359789565075,"TOTAL_ASSETS_TDAYS":0.314466288903,"PREMIUM_EXPENSE":null,"LOAN_DEPOSIT":null,"LOAN_EQUITY":null,"LOAN_ASSETS":null,"DEPOSIT_EQUITY":null,"DEPOSIT_ASSETS":null,"EQUITY_MULTIPLIER":1.977409738922,"EQUITY_RATIO":0.984438465906},{"SECUCODE":"01895.HK","SECURITY_CODE":"01895","SECURITY_NAME_ABBR":"鑫苑服务","ORG_CODE":"10000024158","STD_REPORT_DATE":"2022-12-31 00:00:00","REPORT_DATE":"2022-12-31 00:00:00","DATE_TYPE_CODE":"001","REPORT_TYPE":"2022年年报","PER_NETCASH_OPERATE":0.451237004405,"PER_OI":1.209688105727,"BPS":0.860832578041,"BASIC_EPS":-0.589,"DILUTED_EPS":-0.589,"OPERATE_INCOME":686498000,"OPERATE_INCOME_YOY":-10.8647893469,"GROSS_PROFIT":229320000,"GROSS_PROFIT_YOY":-13.840327325601,"HOLDER_PROFIT":-334265000,"HOLDER_PROFIT_YOY":-372.71355144,"GROSS_PROFIT_RATIO":33.404321644054,"EPS_TTM":-0.589013215859,"OPERATE_INCOME_QOQ":-12.986087873533,"NET_PROFIT_RATIO":-48.6718096775,"ROE_AVG":-47.011906804571,"GROSS_PROFIT_QOQ":-18.584133633927,"ROA":-26.481910319678,"HOLDER_PROFIT_QOQ":-371.134129327407,"ROE_YEARLY":-47.011906804571,"ROIC_YEARLY":-43.381995560115,"TOTAL_ASSETS":1031703000,"TOTAL_LIABILITIES":518390000,"TAX_EBT":-12.419125291452,"OCF_SALES":37.301929503072,"TOTAL_PARENT_EQUITY":510506000,"DEBT_ASSET_RATIO":50.2460494929,"OPERATE_PROFIT":-297394000,"PRETAX_PROFIT":-297219000,"NETCASH_OPERATE":256077000,"NETCASH_INVEST":-258843000,"NETCASH_FINANCE":-68510000,"END_CASH":258233000,"DIVI_RATIO":-0.145014022946,"DIVIDEND_RATE":14.793650793651,"CURRENT_RATIO":1.771520340929,"COMMON_ACS":38000000000,"CURRENTDEBT_DEBT":98.136152317753,"ISSUED_COMMON_SHARES":593037500,"HK_COMMON_SHARES":593037500,"PER_SHARES":1000,"TOTAL_MARKET_CAP":373613625,"HKSK_MARKET_CAP":373613625,"PE_TTM":8.774307729548,"PB_TTM":0.598742222727,"REPORT_DATE_SQ":"2021-12-31 00:00:00","REPORT_TYPE_SQ":"2021年年报","OPERATE_INCOME_SQ":770176000,"DPS_HKD":0.0932,"OPERATE_INCOME_QOQ_SQ":5.454879048987,"NET_PROFIT_RATIO_SQ":16.1093048862,"HOLDER_PROFIT_SQ":122570000,"HOLDER_PROFIT_QOQ_SQ":-12.461880173405,"ROE_AVG_SQ":14.356064842985,"PE_TTM_SQ":3.321048830197,"PB_TTM_SQ":0.464136495172,"ROA_SQ":8.935360246577,"START_DATE":"2022-01-01 00:00:00","FISCAL_YEAR":"12-31","CURRENCY":"HKD","IS_CNY_CODE":0,"DPS_HKD_LY":0.138,"ORG_TYPE":"一般企业","PREMIUM_INCOME":null,"PREMIUM_INCOME_YOY":null,"NET_INTEREST_INCOME":null,"NET_INTEREST_INCOME_YOY":null,"FEE_COMMISSION_INCOME":null,"FEE_COMMISSION_INCOME_YOY":null,"ACCOUNTS_RECE_TDAYS":3.005755392534,"INVENTORY_TDAYS":null,"CURRENT_ASSETS_TDAYS":0.67204434233,"TOTAL_ASSETS_TDAYS":0.543873228446,"PREMIUM_EXPENSE":null,"LOAN_DEPOSIT":null,"LOAN_EQUITY":null,"LOAN_ASSETS":null,"DEPOSIT_EQUITY":null,"DEPOSIT_ASSETS":null,"EQUITY_MULTIPLIER":2.009890651512,"EQUITY_RATIO":1.015443501154},{"SECUCODE":"01895.HK","SECURITY_CODE":"01895","SECURITY_NAME_ABBR":"鑫苑服务","ORG_CODE":"10000024158","STD_REPORT_DATE":"2022-06-30 00:00:00","REPORT_DATE":"2022-06-30 00:00:00","DATE_TYPE_CODE":"002","REPORT_TYPE":"2022年中报","PER_NETCASH_OPERATE":-0.024849339207,"PER_OI":0.627769162996,"BPS":1.533980566153,"BASIC_EPS":0.1143,"DILUTED_EPS":0.1143,"OPERATE_INCOME":356259000,"OPERATE_INCOME_YOY":5.5635394968,"GROSS_PROFIT":136095000,"GROSS_PROFIT_YOY":12.86042442386,"HOLDER_PROFIT":64880000,"HOLDER_PROFIT_YOY":1.1127388337,"GROSS_PROFIT_RATIO":38.201140181722,"EPS_TTM":0.217240528634,"OPERATE_INCOME_QOQ":2.437884327738,"NET_PROFIT_RATIO":18.3262738626,"ROE_AVG":7.124792587053,"GROSS_PROFIT_QOQ":5.826636158358,"ROA":4.432932424427,"HOLDER_PROFIT_QOQ":0.582524271845,"ROE_YEARLY":14.249585174106,"ROIC_YEARLY":16.64806332833,"TOTAL_ASSETS":1434407000,"TOTAL_LIABILITIES":520936000,"TAX_EBT":27.493725429225,"OCF_SALES":-3.958356139775,"TOTAL_PARENT_EQUITY":909708000,"DEBT_ASSET_RATIO":36.3171680004,"OPERATE_PROFIT":90042000,"PRETAX_PROFIT":90046000,"NETCASH_OPERATE":-14102000,"NETCASH_INVEST":2552000,"NETCASH_FINANCE":-67541000,"END_CASH":242695000,"DIVI_RATIO":0.393182508517,"DIVIDEND_RATE":14.793650793651,"CURRENT_RATIO":2.071861986679,"COMMON_ACS":38000000000,"CURRENTDEBT_DEBT":97.81892593332,"ISSUED_COMMON_SHARES":593037500,"HK_COMMON_SHARES":593037500,"PER_SHARES":1000,"TOTAL_MARKET_CAP":373613625,"HKSK_MARKET_CAP":373613625,"PE_TTM":8.774307729548,"PB_TTM":0.598742222727,"REPORT_DATE_SQ":"2021-06-30 00:00:00","REPORT_TYPE_SQ":"2021年中报","OPERATE_INCOME_SQ":337483000,"DPS_HKD":0.0932,"OPERATE_INCOME_QOQ_SQ":11.723231686609,"NET_PROFIT_RATIO_SQ":19.087479962,"HOLDER_PROFIT_SQ":64166000,"HOLDER_PROFIT_QOQ_SQ":6.760857630841,"ROE_AVG_SQ":7.584588743565,"PE_TTM_SQ":3.321048830197,"PB_TTM_SQ":0.464136495172,"ROA_SQ":4.843568718122,"START_DATE":"2022-01-01 00:00:00","FISCAL_YEAR":"12-31","CURRENCY":"HKD","IS_CNY_CODE":0,"DPS_HKD_LY":0.138,"ORG_TYPE":"一般企业","PREMIUM_INCOME":null,"PREMIUM_INCOME_YOY":null,"NET_INTEREST_INCOME":null,"NET_INTEREST_INCOME_YOY":null,"FEE_COMMISSION_INCOME":null,"FEE_COMMISSION_INCOME_YOY":null,"ACCOUNTS_RECE_TDAYS":1.299567915983,"INVENTORY_TDAYS":null,"CURRENT_ASSETS_TDAYS":0.324231567844,"TOTAL_ASSETS_TDAYS":0.243414314518,"PREMIUM_EXPENSE":null,"LOAN_DEPOSIT":null,"LOAN_EQUITY":null,"LOAN_ASSETS":null,"DEPOSIT_EQUITY":null,"DEPOSIT_ASSETS":null,"EQUITY_MULTIPLIER":1.570281924658,"EQUITY_RATIO":0.572640891363},{"SECUCODE":"01895.HK","SECURITY_CODE":"01895","SECURITY_NAME_ABBR":"鑫苑服务","ORG_CODE":"10000024158","STD_REPORT_DATE":"2021-12-31 00:00:00","REPORT_DATE":"2021-12-31 00:00:00","DATE_TYPE_CODE":"001","REPORT_TYPE":"2021年年报","PER_NETCASH_OPERATE":-0.052118061674,"PER_OI":1.357138325991,"BPS":1.537066374386,"BASIC_EPS":0.2221,"DILUTED_EPS":0.2165,"OPERATE_INCOME":770176000,"OPERATE_INCOME_YOY":17.8175988447,"GROSS_PROFIT":266157000,"GROSS_PROFIT_YOY":3.292946070974,"HOLDER_PROFIT":122570000,"HOLDER_PROFIT_YOY":-6.5435525192,"GROSS_PROFIT_RATIO":34.557945196942,"EPS_TTM":0.215982378855,"OPERATE_INCOME_QOQ":5.454879048987,"NET_PROFIT_RATIO":16.1093048862,"ROE_AVG":14.356064842985,"GROSS_PROFIT_QOQ":-3.103941634539,"ROA":8.935360246577,"HOLDER_PROFIT_QOQ":-12.461880173405,"ROE_YEARLY":14.356064842985,"ROIC_YEARLY":20.950614698932,"TOTAL_ASSETS":1492775000,"TOTAL_LIABILITIES":577883000,"TAX_EBT":29.300009117433,"OCF_SALES":-3.840291050357,"TOTAL_PARENT_EQUITY":911538000,"DEBT_ASSET_RATIO":38.7119961146,"OPERATE_PROFIT":179826000,"PRETAX_PROFIT":175488000,"NETCASH_OPERATE":-29577000,"NETCASH_INVEST":62777000,"NETCASH_FINANCE":-17995000,"END_CASH":321719000,"DIVI_RATIO":0.395472892062,"DIVIDEND_RATE":14.793650793651,"CURRENT_RATIO":2.013440665861,"COMMON_ACS":38000000000,"CURRENTDEBT_DEBT":98.131455675284,"ISSUED_COMMON_SHARES":593037500,"HK_COMMON_SHARES":593037500,"PER_SHARES":1000,"TOTAL_MARKET_CAP":373613625,"HKSK_MARKET_CAP":373613625,"PE_TTM":8.774307729548,"PB_TTM":0.598742222727,"REPORT_DATE_SQ":"2020-12-31 00:00:00","REPORT_TYPE_SQ":"2020年年报","OPERATE_INCOME_SQ":653702000,"DPS_HKD":0.0932,"OPERATE_INCOME_QOQ_SQ":16.991762101371,"NET_PROFIT_RATIO_SQ":20.1705058268,"HOLDER_PROFIT_SQ":131152000,"HOLDER_PROFIT_QOQ_SQ":13.069866887372,"ROE_AVG_SQ":19.315904854971,"PE_TTM_SQ":3.321048830197,"PB_TTM_SQ":0.464136495172,"ROA_SQ":12.171692962474,"START_DATE":"2021-01-01 00:00:00","FISCAL_YEAR":"12-31","CURRENCY":"HKD","IS_CNY_CODE":0,"DPS_HKD_LY":0.102,"ORG_TYPE":"一般企业","PREMIUM_INCOME":null,"PREMIUM_INCOME_YOY":null,"NET_INTEREST_INCOME":null,"NET_INTEREST_INCOME_YOY":null,"FEE_COMMISSION_INCOME":null,"FEE_COMMISSION_INCOME_YOY":null,"ACCOUNTS_RECE_TDAYS":3.099418287621,"INVENTORY_TDAYS":null,"CURRENT_ASSETS_TDAYS":0.676701526404,"TOTAL_ASSETS_TDAYS":0.561458759343,"PREMIUM_EXPENSE":null,"LOAN_DEPOSIT":null,"LOAN_EQUITY":null,"LOAN_ASSETS":null,"DEPOSIT_EQUITY":null,"DEPOSIT_ASSETS":null,"EQUITY_MULTIPLIER":1.631640674527,"EQUITY_RATIO":0.633964793569},{"SECUCODE":"01895.HK","SECURITY_CODE":"01895","SECURITY_NAME_ABBR":"鑫苑服务","ORG_CODE":"10000024158","STD_REPORT_DATE":"2021-06-30 00:00:00","REPORT_DATE":"2021-06-30 00:00:00","DATE_TYPE_CODE":"002","REPORT_TYPE":"2021年中报","PER_NETCASH_OPERATE":-0.149947136564,"PER_OI":0.594683700441,"BPS":1.510826887001,"BASIC_EPS":0.1202,"DILUTED_EPS":0.1138,"OPERATE_INCOME":337483000,"OPERATE_INCOME_YOY":29.3791786788,"GROSS_PROFIT":120587000,"GROSS_PROFIT_YOY":16.423688885456,"HOLDER_PROFIT":64166000,"HOLDER_PROFIT_YOY":16.0346480045,"GROSS_PROFIT_RATIO":35.731281279353,"EPS_TTM":0.246729515419,"OPERATE_INCOME_QOQ":11.723231686609,"NET_PROFIT_RATIO":19.087479962,"ROE_AVG":7.584588743565,"GROSS_PROFIT_QOQ":6.601803843646,"ROA":4.843568718122,"HOLDER_PROFIT_QOQ":6.760857630841,"ROE_YEARLY":15.169177487131,"ROIC_YEARLY":25.625987817212,"TOTAL_ASSETS":1398827000,"TOTAL_LIABILITIES":500745000,"TAX_EBT":28.023285696727,"OCF_SALES":-25.214603402245,"TOTAL_PARENT_EQUITY":895977000,"DEBT_ASSET_RATIO":35.7974931854,"OPERATE_PROFIT":89575000,"PRETAX_PROFIT":89497000,"NETCASH_OPERATE":-85095000,"NETCASH_INVEST":151945000,"NETCASH_FINANCE":30436000,"END_CASH":407058000,"DIVI_RATIO":0.346189534135,"DIVIDEND_RATE":14.793650793651,"CURRENT_RATIO":2.608440775703,"COMMON_ACS":38000000000,"CURRENTDEBT_DEBT":98.077065172892,"ISSUED_COMMON_SHARES":593037500,"HK_COMMON_SHARES":593037500,"PER_SHARES":1000,"TOTAL_MARKET_CAP":373613625,"HKSK_MARKET_CAP":373613625,"PE_TTM":8.774307729548,"PB_TTM":0.598742222727,"REPORT_DATE_SQ":"2020-06-30 00:00:00","REPORT_TYPE_SQ":"2020年中报","OPERATE_INCOME_SQ":260848000,"DPS_HKD":0.0932,"OPERATE_INCOME_QOQ_SQ":4.645531262993,"NET_PROFIT_RATIO_SQ":21.3656995645,"HOLDER_PROFIT_SQ":55299000,"HOLDER_PROFIT_QOQ_SQ":42.638251823067,"ROE_AVG_SQ":9.528010358668,"PE_TTM_SQ":3.321048830197,"PB_TTM_SQ":0.464136495172,"ROA_SQ":5.853483494307,"START_DATE":"2021-01-01 00:00:00","FISCAL_YEAR":"12-31","CURRENCY":"HKD","IS_CNY_CODE":0,"DPS_HKD_LY":0.102,"ORG_TYPE":"一般企业","PREMIUM_INCOME":null,"PREMIUM_INCOME_YOY":null,"NET_INTEREST_INCOME":null,"NET_INTEREST_INCOME_YOY":null,"FEE_COMMISSION_INCOME":null,"FEE_COMMISSION_INCOME_YOY":null,"ACCOUNTS_RECE_TDAYS":1.496738055429,"INVENTORY_TDAYS":null,"CURRENT_ASSETS_TDAYS":0.279428860038,"TOTAL_ASSETS_TDAYS":0.254748948306,"PREMIUM_EXPENSE":null,"LOAN_DEPOSIT":null,"LOAN_EQUITY":null,"LOAN_ASSETS":null,"DEPOSIT_EQUITY":null,"DEPOSIT_ASSETS":null,"EQUITY_MULTIPLIER":1.557571580324,"EQUITY_RATIO":0.558881533789},{"SECUCODE":"01895.HK","SECURITY_CODE":"01895","SECURITY_NAME_ABBR":"鑫苑服务","ORG_CODE":"10000024158","STD_REPORT_DATE":"2020-12-31 00:00:00","REPORT_DATE":"2020-12-31 00:00:00","DATE_TYPE_CODE":"001","REPORT_TYPE":"2020年年报","PER_NETCASH_OPERATE":0.310962693358,"PER_OI":1.189630573248,"BPS":1.342297915393,"BASIC_EPS":0.2634,"DILUTED_EPS":0.2508,"OPERATE_INCOME":653702000,"OPERATE_INCOME_YOY":22.4266509849,"GROSS_PROFIT":257672000,"GROSS_PROFIT_YOY":27.693779145543,"HOLDER_PROFIT":131152000,"HOLDER_PROFIT_YOY":61.2808814668,"GROSS_PROFIT_RATIO":39.417349189692,"EPS_TTM":0.238675159236,"OPERATE_INCOME_QOQ":16.991762101371,"NET_PROFIT_RATIO":20.1705058268,"ROE_AVG":19.315904854971,"GROSS_PROFIT_QOQ":12.637096033887,"ROA":12.171692962474,"HOLDER_PROFIT_QOQ":13.069866887372,"ROE_YEARLY":19.315904854971,"ROIC_YEARLY":37.669171204706,"TOTAL_ASSETS":1250707000,"TOTAL_LIABILITIES":452820000,"TAX_EBT":31.439431361436,"OCF_SALES":26.139433564529,"TOTAL_PARENT_EQUITY":796033000,"DEBT_ASSET_RATIO":36.2051223828,"OPERATE_PROFIT":194392000,"PRETAX_PROFIT":192319000,"NETCASH_OPERATE":170874000,"NETCASH_INVEST":-547187000,"NETCASH_FINANCE":88991000,"END_CASH":311340000,"DIVI_RATIO":0.357872081341,"DIVIDEND_RATE":14.793650793651,"CURRENT_RATIO":2.563415830063,"COMMON_ACS":38000000000,"CURRENTDEBT_DEBT":97.734861534385,"ISSUED_COMMON_SHARES":593037500,"HK_COMMON_SHARES":593037500,"PER_SHARES":1000,"TOTAL_MARKET_CAP":373613625,"HKSK_MARKET_CAP":373613625,"PE_TTM":8.774307729548,"PB_TTM":0.598742222727,"REPORT_DATE_SQ":"2019-12-31 00:00:00","REPORT_TYPE_SQ":"2019年年报","OPERATE_INCOME_SQ":533954000,"DPS_HKD":0.0932,"OPERATE_INCOME_QOQ_SQ":28.803280665782,"NET_PROFIT_RATIO_SQ":15.3430819883,"HOLDER_PROFIT_SQ":81319000,"HOLDER_PROFIT_QOQ_SQ":22.018155900668,"ROE_AVG_SQ":20.053315052008,"PE_TTM_SQ":3.321048830197,"PB_TTM_SQ":0.464136495172,"ROA_SQ":10.765837506934,"START_DATE":"2020-01-01 00:00:00","FISCAL_YEAR":"12-31","CURRENCY":"HKD","IS_CNY_CODE":0,"DPS_HKD_LY":0.052,"ORG_TYPE":"一般企业","PREMIUM_INCOME":null,"PREMIUM_INCOME_YOY":null,"NET_INTEREST_INCOME":null,"NET_INTEREST_INCOME_YOY":null,"FEE_COMMISSION_INCOME":null,"FEE_COMMISSION_INCOME_YOY":null,"ACCOUNTS_RECE_TDAYS":3.106675506194,"INVENTORY_TDAYS":null,"CURRENT_ASSETS_TDAYS":0.676707693088,"TOTAL_ASSETS_TDAYS":0.606674700573,"PREMIUM_EXPENSE":null,"LOAN_DEPOSIT":null,"LOAN_EQUITY":null,"LOAN_ASSETS":null,"DEPOSIT_EQUITY":null,"DEPOSIT_ASSETS":null,"EQUITY_MULTIPLIER":1.567523972693,"EQUITY_RATIO":0.568845763932},{"SECUCODE":"01895.HK","SECURITY_CODE":"01895","SECURITY_NAME_ABBR":"鑫苑服务","ORG_CODE":"10000024158","STD_REPORT_DATE":"2020-06-30 00:00:00","REPORT_DATE":"2020-06-30 00:00:00","DATE_TYPE_CODE":"002","REPORT_TYPE":"2020年中报","PER_NETCASH_OPERATE":0.263974,"PER_OI":0.521696,"BPS":1.00976919672,"BASIC_EPS":0.1194,"DILUTED_EPS":0.1106,"OPERATE_INCOME":260848000,"OPERATE_INCOME_YOY":10.5086785035,"GROSS_PROFIT":103576000,"GROSS_PROFIT_YOY":35.213179812538,"HOLDER_PROFIT":55299000,"HOLDER_PROFIT_YOY":168.1033646853,"GROSS_PROFIT_RATIO":39.707415813041,"EPS_TTM":0.231984,"OPERATE_INCOME_QOQ":4.645531262993,"NET_PROFIT_RATIO":21.3656995645,"ROE_AVG":9.528010358668,"GROSS_PROFIT_QOQ":13.367428353379,"ROA":5.853483494307,"HOLDER_PROFIT_QOQ":42.638251823067,"ROE_YEARLY":19.056020717336,"ROIC_YEARLY":38.985168800726,"TOTAL_ASSETS":985113000,"TOTAL_LIABILITIES":384698000,"TAX_EBT":28.682210221892,"OCF_SALES":50.599199533828,"TOTAL_PARENT_EQUITY":598831000,"DEBT_ASSET_RATIO":39.0511545376,"OPERATE_PROFIT":78988000,"PRETAX_PROFIT":78146000,"NETCASH_OPERATE":131987000,"NETCASH_INVEST":-540011000,"NETCASH_FINANCE":-24856000,"END_CASH":174967000,"DIVI_RATIO":0.368194254776,"DIVIDEND_RATE":14.793650793651,"CURRENT_RATIO":2.299261394722,"COMMON_ACS":38000000000,"CURRENTDEBT_DEBT":98.824532490421,"ISSUED_COMMON_SHARES":593037500,"HK_COMMON_SHARES":593037500,"PER_SHARES":1000,"TOTAL_MARKET_CAP":373613625,"HKSK_MARKET_CAP":373613625,"PE_TTM":8.774307729548,"PB_TTM":0.598742222727,"REPORT_DATE_SQ":"2019-06-30 00:00:00","REPORT_TYPE_SQ":"2019年中报","OPERATE_INCOME_SQ":236043000,"DPS_HKD":0.0932,"OPERATE_INCOME_QOQ_SQ":0,"NET_PROFIT_RATIO_SQ":8.913206492,"HOLDER_PROFIT_SQ":20626000,"HOLDER_PROFIT_QOQ_SQ":0,"ROE_AVG_SQ":null,"PE_TTM_SQ":3.321048830197,"PB_TTM_SQ":0.464136495172,"ROA_SQ":null,"START_DATE":"2020-01-01 00:00:00","FISCAL_YEAR":"12-31","CURRENCY":"HKD","IS_CNY_CODE":0,"DPS_HKD_LY":0.052,"ORG_TYPE":"一般企业","PREMIUM_INCOME":null,"PREMIUM_INCOME_YOY":null,"NET_INTEREST_INCOME":null,"NET_INTEREST_INCOME_YOY":null,"FEE_COMMISSION_INCOME":null,"FEE_COMMISSION_INCOME_YOY":null,"ACCOUNTS_RECE_TDAYS":1.615838247683,"INVENTORY_TDAYS":null,"CURRENT_ASSETS_TDAYS":0.31208297391,"TOTAL_ASSETS_TDAYS":0.276111586561,"PREMIUM_EXPENSE":null,"LOAN_DEPOSIT":null,"LOAN_EQUITY":null,"LOAN_ASSETS":null,"DEPOSIT_EQUITY":null,"DEPOSIT_ASSETS":null,"EQUITY_MULTIPLIER":1.64072016855,"EQUITY_RATIO":0.642414971837}],"count":16},"success":true,"message":"ok","code":0}