{"version":"02dae707330ff00387aed6729a97fbad","result":{"pages":2,"data":[{"SECUCODE":"01897.HK","SECURITY_CODE":"01897","SECURITY_NAME_ABBR":"美亨实业","ORG_CODE":"10979972","STD_REPORT_DATE":"2024-06-30 00:00:00","REPORT_DATE":"2024-09-30 00:00:00","DATE_TYPE_CODE":"002","REPORT_TYPE":"2024年中报","PER_NETCASH_OPERATE":0.010933249919,"PER_OI":0.597405793445,"BPS":1.161073331626,"BASIC_EPS":0.014789356,"DILUTED_EPS":0.014789356,"OPERATE_INCOME":244994700.04,"OPERATE_INCOME_YOY":-16.4294986557,"GROSS_PROFIT":18201729.36,"GROSS_PROFIT_YOY":-37.005885954087,"HOLDER_PROFIT":6087984.29,"HOLDER_PROFIT_YOY":49.7892167739,"GROSS_PROFIT_RATIO":7.429438007038,"EPS_TTM":0.025252511,"OPERATE_INCOME_QOQ":0,"NET_PROFIT_RATIO":2.4849453025,"ROE_AVG":1.280858180673,"GROSS_PROFIT_QOQ":0,"ROA":1.034224702973,"HOLDER_PROFIT_QOQ":0,"ROE_YEARLY":2.561716361346,"ROIC_YEARLY":2.941000292967,"TOTAL_ASSETS":592936844.69,"TOTAL_LIABILITIES":117099235.08,"TAX_EBT":7.177230853843,"OCF_SALES":1.830121173751,"TOTAL_PARENT_EQUITY":475837609.61,"DEBT_ASSET_RATIO":19.7490232103,"OPERATE_PROFIT":7475839.1,"PRETAX_PROFIT":6558718.67,"NETCASH_OPERATE":4483699.88,"NETCASH_INVEST":2598958.78,"NETCASH_FINANCE":-7076346.13,"END_CASH":174949063.58,"DIVI_RATIO":0.78884432523,"DIVIDEND_RATE":4.888888888889,"CURRENT_RATIO":5.242088852393,"COMMON_ACS":5000000000,"CURRENTDEBT_DEBT":64.709823491359,"ISSUED_COMMON_SHARES":409825630,"HK_COMMON_SHARES":409825630,"PER_SHARES":2000,"TOTAL_MARKET_CAP":184421533.5,"HKSK_MARKET_CAP":184421533.5,"PE_TTM":13.462408460472,"PB_TTM":0.349508931905,"REPORT_DATE_SQ":"2023-06-30 00:00:00","REPORT_TYPE_SQ":"2023年中报","OPERATE_INCOME_SQ":298308666.18,"DPS_HKD":0.022,"OPERATE_INCOME_QOQ_SQ":0,"NET_PROFIT_RATIO_SQ":1.3864023674,"HOLDER_PROFIT_SQ":4135758.41,"HOLDER_PROFIT_QOQ_SQ":0,"ROE_AVG_SQ":0.854213259543,"PE_TTM_SQ":11.627093224426,"PB_TTM_SQ":0.3271700595,"ROA_SQ":0.685887339162,"START_DATE":"2024-04-01 00:00:00","FISCAL_YEAR":"3-31","CURRENCY":"HKD","IS_CNY_CODE":0,"DPS_HKD_LY":0.022,"ORG_TYPE":"一般企业","PREMIUM_INCOME":null,"PREMIUM_INCOME_YOY":null,"NET_INTEREST_INCOME":null,"NET_INTEREST_INCOME_YOY":null,"FEE_COMMISSION_INCOME":null,"FEE_COMMISSION_INCOME_YOY":null,"ACCOUNTS_RECE_TDAYS":2.22196232063,"INVENTORY_TDAYS":8.667654661382,"CURRENT_ASSETS_TDAYS":0.625078515601,"TOTAL_ASSETS_TDAYS":0.416196164131,"PREMIUM_EXPENSE":null,"LOAN_DEPOSIT":null,"LOAN_EQUITY":null,"LOAN_ASSETS":null,"DEPOSIT_EQUITY":null,"DEPOSIT_ASSETS":null,"EQUITY_MULTIPLIER":1.246090751793,"EQUITY_RATIO":0.246090751792},{"SECUCODE":"01897.HK","SECURITY_CODE":"01897","SECURITY_NAME_ABBR":"美亨实业","ORG_CODE":"10979972","STD_REPORT_DATE":"2023-12-31 00:00:00","REPORT_DATE":"2024-03-31 00:00:00","DATE_TYPE_CODE":"001","REPORT_TYPE":"2023年年报","PER_NETCASH_OPERATE":0.293806297304,"PER_OI":1.329274120369,"BPS":1.164589513106,"BASIC_EPS":0.0271965,"DILUTED_EPS":0.0271965,"OPERATE_INCOME":547147345.95,"OPERATE_INCOME_YOY":-0.6009571837,"GROSS_PROFIT":50277263,"GROSS_PROFIT_YOY":51.749987490131,"HOLDER_PROFIT":10384530.25,"HOLDER_PROFIT_YOY":-5.3774987609,"GROSS_PROFIT_RATIO":9.188980513595,"EPS_TTM":0.031573813029,"OPERATE_INCOME_QOQ":0,"NET_PROFIT_RATIO":1.8979403495,"ROE_AVG":2.164338577753,"GROSS_PROFIT_QOQ":0,"ROA":1.75257952779,"HOLDER_PROFIT_QOQ":0,"ROE_YEARLY":2.164338577753,"ROIC_YEARLY":2.210694318197,"TOTAL_ASSETS":587451652.4,"TOTAL_LIABILITIES":110173021.5,"TAX_EBT":27.30676481787,"OCF_SALES":22.102762161813,"TOTAL_PARENT_EQUITY":477278630.9,"DEBT_ASSET_RATIO":18.7543980939,"OPERATE_PROFIT":22337392,"PRETAX_PROFIT":14285414.9,"NETCASH_OPERATE":120934676.55,"NETCASH_INVEST":-3844678.55,"NETCASH_FINANCE":-11599307.25,"END_CASH":175259685.3,"DIVI_RATIO":0.63091207837,"DIVIDEND_RATE":4.943820224719,"CURRENT_RATIO":5.720916890152,"COMMON_ACS":5000000000,"CURRENTDEBT_DEBT":61.671192298198,"ISSUED_COMMON_SHARES":409825630,"HK_COMMON_SHARES":409825630,"PER_SHARES":2000,"TOTAL_MARKET_CAP":182372405.35,"HKSK_MARKET_CAP":182372405.35,"PE_TTM":13.312826144244,"PB_TTM":0.345625499328,"REPORT_DATE_SQ":"2022-12-31 00:00:00","REPORT_TYPE_SQ":"2022年年报","OPERATE_INCOME_SQ":531547201.18,"DPS_HKD":0.022,"OPERATE_INCOME_QOQ_SQ":0,"NET_PROFIT_RATIO_SQ":1.9937483325,"HOLDER_PROFIT_SQ":10597713.46,"HOLDER_PROFIT_QOQ_SQ":0,"ROE_AVG_SQ":2.259895442967,"PE_TTM_SQ":10.086153158538,"PB_TTM_SQ":0.283810172096,"ROA_SQ":1.822735714614,"START_DATE":"2023-04-01 00:00:00","FISCAL_YEAR":"3-31","CURRENCY":"HKD","IS_CNY_CODE":0,"DPS_HKD_LY":0.025,"ORG_TYPE":"一般企业","PREMIUM_INCOME":null,"PREMIUM_INCOME_YOY":null,"NET_INTEREST_INCOME":null,"NET_INTEREST_INCOME_YOY":null,"FEE_COMMISSION_INCOME":null,"FEE_COMMISSION_INCOME_YOY":null,"ACCOUNTS_RECE_TDAYS":4.721848216835,"INVENTORY_TDAYS":10.557328736119,"CURRENT_ASSETS_TDAYS":1.410062378805,"TOTAL_ASSETS_TDAYS":0.923411280156,"PREMIUM_EXPENSE":null,"LOAN_DEPOSIT":null,"LOAN_EQUITY":null,"LOAN_ASSETS":null,"DEPOSIT_EQUITY":null,"DEPOSIT_ASSETS":null,"EQUITY_MULTIPLIER":1.23083585639,"EQUITY_RATIO":0.230835856389},{"SECUCODE":"01897.HK","SECURITY_CODE":"01897","SECURITY_NAME_ABBR":"美亨实业","ORG_CODE":"10979972","STD_REPORT_DATE":"2023-06-30 00:00:00","REPORT_DATE":"2023-09-30 00:00:00","DATE_TYPE_CODE":"002","REPORT_TYPE":"2023年中报","PER_NETCASH_OPERATE":0.102473387863,"PER_OI":0.723229277847,"BPS":1.171474671996,"BASIC_EPS":0.010002167,"DILUTED_EPS":0.010002167,"OPERATE_INCOME":298308666.18,"OPERATE_INCOME_YOY":6.9147309257,"GROSS_PROFIT":28894333.44,"GROSS_PROFIT_YOY":137.173041601546,"HOLDER_PROFIT":4135758.41,"HOLDER_PROFIT_YOY":138.3395029085,"GROSS_PROFIT_RATIO":9.686052306159,"EPS_TTM":0.025451556906,"OPERATE_INCOME_QOQ":0,"NET_PROFIT_RATIO":1.3864023674,"ROE_AVG":0.854213259543,"GROSS_PROFIT_QOQ":0,"ROA":0.685887339162,"HOLDER_PROFIT_QOQ":0,"ROE_YEARLY":1.708426519086,"ROIC_YEARLY":1.600971879091,"TOTAL_ASSETS":601049485.26,"TOTAL_LIABILITIES":120949139.78,"TAX_EBT":24.480563002681,"OCF_SALES":14.168866084667,"TOTAL_PARENT_EQUITY":480100345.48,"DEBT_ASSET_RATIO":20.1229919909,"OPERATE_PROFIT":12827549.77,"PRETAX_PROFIT":5476415.84,"NETCASH_OPERATE":42266955.43,"NETCASH_INVEST":-3206199.22,"NETCASH_FINANCE":-8172412.78,"END_CASH":101471525.4,"DIVI_RATIO":0.782675106021,"DIVIDEND_RATE":4.943820224719,"CURRENT_RATIO":5.863495402943,"COMMON_ACS":5000000000,"CURRENTDEBT_DEBT":55.535408099783,"ISSUED_COMMON_SHARES":409825630,"HK_COMMON_SHARES":409825630,"PER_SHARES":2000,"TOTAL_MARKET_CAP":182372405.35,"HKSK_MARKET_CAP":182372405.35,"PE_TTM":13.312826144244,"PB_TTM":0.345625499328,"REPORT_DATE_SQ":"2022-06-30 00:00:00","REPORT_TYPE_SQ":"2022年中报","OPERATE_INCOME_SQ":275004930.84,"DPS_HKD":0.022,"OPERATE_INCOME_QOQ_SQ":0,"NET_PROFIT_RATIO_SQ":0.6219146816,"HOLDER_PROFIT_SQ":1710296.04,"HOLDER_PROFIT_QOQ_SQ":0,"ROE_AVG_SQ":0.355691821533,"PE_TTM_SQ":10.086153158538,"PB_TTM_SQ":0.283810172096,"ROA_SQ":0.28352907485,"START_DATE":"2023-04-01 00:00:00","FISCAL_YEAR":"3-31","CURRENCY":"HKD","IS_CNY_CODE":0,"DPS_HKD_LY":0.025,"ORG_TYPE":"一般企业","PREMIUM_INCOME":null,"PREMIUM_INCOME_YOY":null,"NET_INTEREST_INCOME":null,"NET_INTEREST_INCOME_YOY":null,"FEE_COMMISSION_INCOME":null,"FEE_COMMISSION_INCOME_YOY":null,"ACCOUNTS_RECE_TDAYS":null,"INVENTORY_TDAYS":5.372775434391,"CURRENT_ASSETS_TDAYS":0.759116622007,"TOTAL_ASSETS_TDAYS":0.494724587395,"PREMIUM_EXPENSE":null,"LOAN_DEPOSIT":null,"LOAN_EQUITY":null,"LOAN_ASSETS":null,"DEPOSIT_EQUITY":null,"DEPOSIT_ASSETS":null,"EQUITY_MULTIPLIER":1.251924708905,"EQUITY_RATIO":0.251924708905},{"SECUCODE":"01897.HK","SECURITY_CODE":"01897","SECURITY_NAME_ABBR":"美亨实业","ORG_CODE":"10979972","STD_REPORT_DATE":"2022-12-31 00:00:00","REPORT_DATE":"2023-03-31 00:00:00","DATE_TYPE_CODE":"001","REPORT_TYPE":"2022年年报","PER_NETCASH_OPERATE":0.03131213633,"PER_OI":1.272857103503,"BPS":1.136475134657,"BASIC_EPS":0.0262623,"DILUTED_EPS":0.0262623,"OPERATE_INCOME":531547201.18,"OPERATE_INCOME_YOY":-15.3910251765,"GROSS_PROFIT":33131642.27,"GROSS_PROFIT_YOY":-25.124041888358,"HOLDER_PROFIT":10597713.46,"HOLDER_PROFIT_YOY":-50.8385786802,"GROSS_PROFIT_RATIO":6.233057421138,"EPS_TTM":0.008409639513,"OPERATE_INCOME_QOQ":0,"NET_PROFIT_RATIO":1.9937483325,"ROE_AVG":2.259895442967,"GROSS_PROFIT_QOQ":0,"ROA":1.822735714614,"HOLDER_PROFIT_QOQ":0,"ROE_YEARLY":2.259895442967,"ROIC_YEARLY":2.079700671531,"TOTAL_ASSETS":577077275.28,"TOTAL_LIABILITIES":111320637.24,"TAX_EBT":4.383540004739,"OCF_SALES":2.459988339883,"TOTAL_PARENT_EQUITY":465756638.04,"DEBT_ASSET_RATIO":19.2904212328,"OPERATE_PROFIT":13086504.09,"PRETAX_PROFIT":11083566.01,"NETCASH_OPERATE":13075999.17,"NETCASH_INVEST":-5121148.5,"NETCASH_FINANCE":-11683221.86,"END_CASH":67900301.24,"DIVI_RATIO":2.368746004896,"DIVIDEND_RATE":4.888888888889,"CURRENT_RATIO":5.821690850875,"COMMON_ACS":5000000000,"CURRENTDEBT_DEBT":57.71680664339,"ISSUED_COMMON_SHARES":409825630,"HK_COMMON_SHARES":409825630,"PER_SHARES":2000,"TOTAL_MARKET_CAP":184421533.5,"HKSK_MARKET_CAP":184421533.5,"PE_TTM":13.462408460472,"PB_TTM":0.349508931905,"REPORT_DATE_SQ":"2021-12-31 00:00:00","REPORT_TYPE_SQ":"2021年年报","OPERATE_INCOME_SQ":582022948.52,"DPS_HKD":0.022,"OPERATE_INCOME_QOQ_SQ":0,"NET_PROFIT_RATIO_SQ":3.4313288335,"HOLDER_PROFIT_SQ":19971121.25,"HOLDER_PROFIT_QOQ_SQ":0,"ROE_AVG_SQ":4.538338129689,"PE_TTM_SQ":9.946067698003,"PB_TTM_SQ":0.27986836415,"ROA_SQ":3.670524754615,"START_DATE":"2022-04-01 00:00:00","FISCAL_YEAR":"3-31","CURRENCY":"HKD","IS_CNY_CODE":0,"DPS_HKD_LY":0.029,"ORG_TYPE":"一般企业","PREMIUM_INCOME":null,"PREMIUM_INCOME_YOY":null,"NET_INTEREST_INCOME":null,"NET_INTEREST_INCOME_YOY":null,"FEE_COMMISSION_INCOME":null,"FEE_COMMISSION_INCOME_YOY":null,"ACCOUNTS_RECE_TDAYS":3.903203826078,"INVENTORY_TDAYS":8.25415534051,"CURRENT_ASSETS_TDAYS":1.407757063732,"TOTAL_ASSETS_TDAYS":0.914225574461,"PREMIUM_EXPENSE":null,"LOAN_DEPOSIT":null,"LOAN_EQUITY":null,"LOAN_ASSETS":null,"DEPOSIT_EQUITY":null,"DEPOSIT_ASSETS":null,"EQUITY_MULTIPLIER":1.239010307419,"EQUITY_RATIO":0.239010307418},{"SECUCODE":"01897.HK","SECURITY_CODE":"01897","SECURITY_NAME_ABBR":"美亨实业","ORG_CODE":"10979972","STD_REPORT_DATE":"2022-06-30 00:00:00","REPORT_DATE":"2022-09-30 00:00:00","DATE_TYPE_CODE":"002","REPORT_TYPE":"2022年中报","PER_NETCASH_OPERATE":-0.09407738047,"PER_OI":0.656882503575,"BPS":1.156293286684,"BASIC_EPS":0.0045222,"DILUTED_EPS":0.0045222,"OPERATE_INCOME":275004930.84,"OPERATE_INCOME_YOY":-20.0983329129,"GROSS_PROFIT":12182806.8,"GROSS_PROFIT_YOY":-64.744057651681,"HOLDER_PROFIT":1710296.04,"HOLDER_PROFIT_YOY":-91.3256880734,"GROSS_PROFIT_RATIO":4.43003213171,"EPS_TTM":0.047703436029,"OPERATE_INCOME_QOQ":0,"NET_PROFIT_RATIO":0.6219146816,"ROE_AVG":0.355691821533,"GROSS_PROFIT_QOQ":0,"ROA":0.28352907485,"HOLDER_PROFIT_QOQ":0,"ROE_YEARLY":0.711383643067,"ROIC_YEARLY":0.620249625054,"TOTAL_ASSETS":601250909.88,"TOTAL_LIABILITIES":127372285.2,"TAX_EBT":9.086538461538,"OCF_SALES":-14.321797270942,"TOTAL_PARENT_EQUITY":473878624.68,"DEBT_ASSET_RATIO":21.1845476002,"OPERATE_PROFIT":2886068.04,"PRETAX_PROFIT":1881235.2,"NETCASH_OPERATE":-39385648.68,"NETCASH_INVEST":-2891494.68,"NETCASH_FINANCE":-8040471.6,"END_CASH":25170565.2,"DIVI_RATIO":0.417586271732,"DIVIDEND_RATE":4.888888888889,"CURRENT_RATIO":5.6017030184,"COMMON_ACS":5000000000,"CURRENTDEBT_DEBT":54.954200099411,"ISSUED_COMMON_SHARES":409825630,"HK_COMMON_SHARES":409825630,"PER_SHARES":2000,"TOTAL_MARKET_CAP":184421533.5,"HKSK_MARKET_CAP":184421533.5,"PE_TTM":13.462408460472,"PB_TTM":0.349508931905,"REPORT_DATE_SQ":"2021-06-30 00:00:00","REPORT_TYPE_SQ":"2021年中报","OPERATE_INCOME_SQ":317015984.64,"DPS_HKD":0.022,"OPERATE_INCOME_QOQ_SQ":0,"NET_PROFIT_RATIO_SQ":5.7286411033,"HOLDER_PROFIT_SQ":18160708,"HOLDER_PROFIT_QOQ_SQ":0,"ROE_AVG_SQ":4.001865089418,"PE_TTM_SQ":9.946067698003,"PB_TTM_SQ":0.27986836415,"ROA_SQ":3.144552027551,"START_DATE":"2022-04-01 00:00:00","FISCAL_YEAR":"3-31","CURRENCY":"HKD","IS_CNY_CODE":0,"DPS_HKD_LY":0.029,"ORG_TYPE":"一般企业","PREMIUM_INCOME":null,"PREMIUM_INCOME_YOY":null,"NET_INTEREST_INCOME":null,"NET_INTEREST_INCOME_YOY":null,"FEE_COMMISSION_INCOME":null,"FEE_COMMISSION_INCOME_YOY":null,"ACCOUNTS_RECE_TDAYS":null,"INVENTORY_TDAYS":3.707771121616,"CURRENT_ASSETS_TDAYS":0.699883759739,"TOTAL_ASSETS_TDAYS":0.455897059904,"PREMIUM_EXPENSE":null,"LOAN_DEPOSIT":null,"LOAN_EQUITY":null,"LOAN_ASSETS":null,"DEPOSIT_EQUITY":null,"DEPOSIT_ASSETS":null,"EQUITY_MULTIPLIER":1.268786728429,"EQUITY_RATIO":0.268786728429},{"SECUCODE":"01897.HK","SECURITY_CODE":"01897","SECURITY_NAME_ABBR":"美亨实业","ORG_CODE":"10979972","STD_REPORT_DATE":"2021-12-31 00:00:00","REPORT_DATE":"2022-03-31 00:00:00","DATE_TYPE_CODE":"001","REPORT_TYPE":"2021年年报","PER_NETCASH_OPERATE":-0.083492949117,"PER_OI":1.390132517923,"BPS":1.06729404974,"BASIC_EPS":0.0486606,"DILUTED_EPS":0.0486606,"OPERATE_INCOME":582022948.52,"OPERATE_INCOME_YOY":33.8880503872,"GROSS_PROFIT":44248705.6,"GROSS_PROFIT_YOY":-30.012459459441,"HOLDER_PROFIT":19971121.25,"HOLDER_PROFIT_YOY":-36.761684643,"GROSS_PROFIT_RATIO":7.602570605252,"EPS_TTM":0.079476842866,"OPERATE_INCOME_QOQ":0,"NET_PROFIT_RATIO":3.4313288335,"ROE_AVG":4.538338129689,"GROSS_PROFIT_QOQ":0,"ROA":3.670524754615,"HOLDER_PROFIT_QOQ":0,"ROE_YEARLY":4.538338129689,"ROIC_YEARLY":4.832278245034,"TOTAL_ASSETS":542667066.25,"TOTAL_LIABILITIES":105262609.92,"TAX_EBT":14.777643190864,"OCF_SALES":-6.00611438413,"TOTAL_PARENT_EQUITY":437404456.33,"DEBT_ASSET_RATIO":19.3972725574,"OPERATE_PROFIT":24873676.7,"PRETAX_PROFIT":23434133.95,"NETCASH_OPERATE":-34956964.03,"NETCASH_INVEST":-58834720.45,"NETCASH_FINANCE":-27597048.28,"END_CASH":70203458.63,"DIVI_RATIO":0.250642819741,"DIVIDEND_RATE":4.888888888889,"CURRENT_RATIO":6.193723236261,"COMMON_ACS":5000000000,"CURRENTDEBT_DEBT":54.156650641026,"ISSUED_COMMON_SHARES":409825630,"HK_COMMON_SHARES":409825630,"PER_SHARES":2000,"TOTAL_MARKET_CAP":184421533.5,"HKSK_MARKET_CAP":184421533.5,"PE_TTM":13.462408460472,"PB_TTM":0.349508931905,"REPORT_DATE_SQ":"2020-12-31 00:00:00","REPORT_TYPE_SQ":"2020年年报","OPERATE_INCOME_SQ":453024086.62,"DPS_HKD":0.022,"OPERATE_INCOME_QOQ_SQ":0,"NET_PROFIT_RATIO_SQ":7.2648033895,"HOLDER_PROFIT_SQ":32911309.2,"HOLDER_PROFIT_QOQ_SQ":0,"ROE_AVG_SQ":7.341988860691,"PE_TTM_SQ":9.946067698003,"PB_TTM_SQ":0.27986836415,"ROA_SQ":6.017003365443,"START_DATE":"2021-04-01 00:00:00","FISCAL_YEAR":"3-31","CURRENCY":"HKD","IS_CNY_CODE":0,"DPS_HKD_LY":0.042,"ORG_TYPE":"一般企业","PREMIUM_INCOME":null,"PREMIUM_INCOME_YOY":null,"NET_INTEREST_INCOME":null,"NET_INTEREST_INCOME_YOY":null,"FEE_COMMISSION_INCOME":null,"FEE_COMMISSION_INCOME_YOY":null,"ACCOUNTS_RECE_TDAYS":null,"INVENTORY_TDAYS":11.23113794768,"CURRENT_ASSETS_TDAYS":1.524836287454,"TOTAL_ASSETS_TDAYS":1.069709413685,"PREMIUM_EXPENSE":null,"LOAN_DEPOSIT":null,"LOAN_EQUITY":null,"LOAN_ASSETS":null,"DEPOSIT_EQUITY":null,"DEPOSIT_ASSETS":null,"EQUITY_MULTIPLIER":1.240652806336,"EQUITY_RATIO":0.240652806337},{"SECUCODE":"01897.HK","SECURITY_CODE":"01897","SECURITY_NAME_ABBR":"美亨实业","ORG_CODE":"10979972","STD_REPORT_DATE":"2021-06-30 00:00:00","REPORT_DATE":"2021-09-30 00:00:00","DATE_TYPE_CODE":"002","REPORT_TYPE":"2021年中报","PER_NETCASH_OPERATE":-0.093487131486,"PER_OI":0.752182315244,"BPS":1.105038441739,"BASIC_EPS":0.04248606,"DILUTED_EPS":0.04248606,"OPERATE_INCOME":317015984.64,"OPERATE_INCOME_YOY":60.4181772195,"GROSS_PROFIT":34555328.8,"GROSS_PROFIT_YOY":7.058201394023,"HOLDER_PROFIT":18160708,"HOLDER_PROFIT_YOY":8.7281795511,"GROSS_PROFIT_RATIO":10.900184998318,"EPS_TTM":0.077471982846,"OPERATE_INCOME_QOQ":0,"NET_PROFIT_RATIO":5.7286411033,"ROE_AVG":4.001865089418,"GROSS_PROFIT_QOQ":0,"ROA":3.144552027551,"HOLDER_PROFIT_QOQ":0,"ROE_YEARLY":8.003730178836,"ROIC_YEARLY":8.844782187096,"TOTAL_ASSETS":594704872.8,"TOTAL_LIABILITIES":141831797.24,"TAX_EBT":14.603572547791,"OCF_SALES":-12.428786158762,"TOTAL_PARENT_EQUITY":452873075.56,"DEBT_ASSET_RATIO":23.8491062924,"OPERATE_PROFIT":22080255.3,"PRETAX_PROFIT":21266355.68,"NETCASH_OPERATE":-39401238.82,"NETCASH_INVEST":-120793.7,"NETCASH_FINANCE":-20844827.32,"END_CASH":137133338.84,"DIVI_RATIO":0.257129084196,"DIVIDEND_RATE":4.888888888889,"CURRENT_RATIO":5.171757018849,"COMMON_ACS":5000000000,"CURRENTDEBT_DEBT":62.385612085472,"ISSUED_COMMON_SHARES":409825630,"HK_COMMON_SHARES":409825630,"PER_SHARES":2000,"TOTAL_MARKET_CAP":184421533.5,"HKSK_MARKET_CAP":184421533.5,"PE_TTM":13.462408460472,"PB_TTM":0.349508931905,"REPORT_DATE_SQ":"2020-06-30 00:00:00","REPORT_TYPE_SQ":"2020年中报","OPERATE_INCOME_SQ":208449958.4,"DPS_HKD":0.022,"OPERATE_INCOME_QOQ_SQ":0,"NET_PROFIT_RATIO_SQ":8.4520698086,"HOLDER_PROFIT_SQ":17618336,"HOLDER_PROFIT_QOQ_SQ":0,"ROE_AVG_SQ":3.839679496878,"PE_TTM_SQ":9.946067698003,"PB_TTM_SQ":0.27986836415,"ROA_SQ":3.143369802172,"START_DATE":"2021-04-01 00:00:00","FISCAL_YEAR":"3-31","CURRENCY":"HKD","IS_CNY_CODE":0,"DPS_HKD_LY":0.042,"ORG_TYPE":"一般企业","PREMIUM_INCOME":null,"PREMIUM_INCOME_YOY":null,"NET_INTEREST_INCOME":null,"NET_INTEREST_INCOME_YOY":null,"FEE_COMMISSION_INCOME":null,"FEE_COMMISSION_INCOME_YOY":null,"ACCOUNTS_RECE_TDAYS":2.260245658217,"INVENTORY_TDAYS":6.251986797706,"CURRENT_ASSETS_TDAYS":0.721250452506,"TOTAL_ASSETS_TDAYS":0.548917617785,"PREMIUM_EXPENSE":null,"LOAN_DEPOSIT":null,"LOAN_EQUITY":null,"LOAN_ASSETS":null,"DEPOSIT_EQUITY":null,"DEPOSIT_ASSETS":null,"EQUITY_MULTIPLIER":1.313182224545,"EQUITY_RATIO":0.313182224544},{"SECUCODE":"01897.HK","SECURITY_CODE":"01897","SECURITY_NAME_ABBR":"美亨实业","ORG_CODE":"10979972","STD_REPORT_DATE":"2020-12-31 00:00:00","REPORT_DATE":"2021-03-31 00:00:00","DATE_TYPE_CODE":"001","REPORT_TYPE":"2020年年报","PER_NETCASH_OPERATE":-0.091319490054,"PER_OI":1.023418678268,"BPS":1.125734927511,"BASIC_EPS":0.0760662,"DILUTED_EPS":0.0760662,"OPERATE_INCOME":453024086.62,"OPERATE_INCOME_YOY":78.7924374737,"GROSS_PROFIT":63223689.9,"GROSS_PROFIT_YOY":40.780938390119,"HOLDER_PROFIT":32911309.2,"HOLDER_PROFIT_YOY":60.6435643564,"GROSS_PROFIT_RATIO":13.9559223819,"EPS_TTM":0.048610332626,"OPERATE_INCOME_QOQ":0,"NET_PROFIT_RATIO":7.2648033895,"ROE_AVG":7.341988860691,"GROSS_PROFIT_QOQ":0,"ROA":6.017003365443,"HOLDER_PROFIT_QOQ":0,"ROE_YEARLY":7.341988860691,"ROIC_YEARLY":10.238988617211,"TOTAL_ASSETS":568506101.1,"TOTAL_LIABILITIES":107151075.22,"TAX_EBT":15.622968580715,"OCF_SALES":-8.922984502126,"TOTAL_PARENT_EQUITY":461355025.88,"DEBT_ASSET_RATIO":18.8478320659,"OPERATE_PROFIT":40566949.64,"PRETAX_PROFIT":39005057,"NETCASH_OPERATE":-40423269.04,"NETCASH_INVEST":1850944.2,"NETCASH_FINANCE":-15039132.92,"END_CASH":199478538.42,"DIVI_RATIO":0.409795591261,"DIVIDEND_RATE":4.888888888889,"CURRENT_RATIO":7.215691587985,"COMMON_ACS":5000000000,"CURRENTDEBT_DEBT":55.304111879728,"ISSUED_COMMON_SHARES":409825630,"HK_COMMON_SHARES":409825630,"PER_SHARES":2000,"TOTAL_MARKET_CAP":184421533.5,"HKSK_MARKET_CAP":184421533.5,"PE_TTM":13.462408460472,"PB_TTM":0.349508931905,"REPORT_DATE_SQ":"2019-12-31 00:00:00","REPORT_TYPE_SQ":"2019年年报","OPERATE_INCOME_SQ":273921777.8,"DPS_HKD":0.022,"OPERATE_INCOME_QOQ_SQ":0,"NET_PROFIT_RATIO_SQ":8.0855520791,"HOLDER_PROFIT_SQ":22148088,"HOLDER_PROFIT_QOQ_SQ":0,"ROE_AVG_SQ":4.7357624304,"PE_TTM_SQ":9.946067698003,"PB_TTM_SQ":0.27986836415,"ROA_SQ":3.747257962537,"START_DATE":"2020-04-01 00:00:00","FISCAL_YEAR":"3-31","CURRENCY":"HKD","IS_CNY_CODE":0,"DPS_HKD_LY":0.036,"ORG_TYPE":"一般企业","PREMIUM_INCOME":null,"PREMIUM_INCOME_YOY":null,"NET_INTEREST_INCOME":null,"NET_INTEREST_INCOME_YOY":null,"FEE_COMMISSION_INCOME":null,"FEE_COMMISSION_INCOME_YOY":null,"ACCOUNTS_RECE_TDAYS":4.669047608678,"INVENTORY_TDAYS":12.744314570726,"CURRENT_ASSETS_TDAYS":1.119602213684,"TOTAL_ASSETS_TDAYS":0.828240358733,"PREMIUM_EXPENSE":null,"LOAN_DEPOSIT":null,"LOAN_EQUITY":null,"LOAN_ASSETS":null,"DEPOSIT_EQUITY":null,"DEPOSIT_ASSETS":null,"EQUITY_MULTIPLIER":1.232252970509,"EQUITY_RATIO":0.232252970509},{"SECUCODE":"01897.HK","SECURITY_CODE":"01897","SECURITY_NAME_ABBR":"美亨实业","ORG_CODE":"10979972","STD_REPORT_DATE":"2020-06-30 00:00:00","REPORT_DATE":"2020-09-30 00:00:00","DATE_TYPE_CODE":"002","REPORT_TYPE":"2020年中报","PER_NETCASH_OPERATE":-0.055595072777,"PER_OI":0.477731767161,"BPS":1.135266114811,"BASIC_EPS":0.043936,"DILUTED_EPS":null,"OPERATE_INCOME":208449958.4,"OPERATE_INCOME_YOY":54.1240294968,"GROSS_PROFIT":32277143.04,"GROSS_PROFIT_YOY":9.219472009465,"HOLDER_PROFIT":17618336,"HOLDER_PROFIT_YOY":-2.5374295158,"GROSS_PROFIT_RATIO":15.484360509232,"EPS_TTM":0.05075964179,"OPERATE_INCOME_QOQ":0,"NET_PROFIT_RATIO":8.4520698086,"ROE_AVG":3.839679496878,"GROSS_PROFIT_QOQ":0,"ROA":3.143369802172,"HOLDER_PROFIT_QOQ":0,"ROE_YEARLY":7.679358993755,"ROIC_YEARLY":11.22513534546,"TOTAL_ASSETS":574695182.08,"TOTAL_LIABILITIES":109434031.36,"TAX_EBT":15.189712787107,"OCF_SALES":-11.637298710058,"TOTAL_PARENT_EQUITY":465261150.72,"DEBT_ASSET_RATIO":19.0421000162,"OPERATE_PROFIT":21511944.32,"PRETAX_PROFIT":20773819.52,"NETCASH_OPERATE":-24257944.32,"NETCASH_INVEST":1801376,"NETCASH_FINANCE":-7752946.56,"END_CASH":231579626.24,"DIVI_RATIO":0.392443667796,"DIVIDEND_RATE":4.888888888889,"CURRENT_RATIO":7.520234613182,"COMMON_ACS":5000000000,"CURRENTDEBT_DEBT":51.885368321316,"ISSUED_COMMON_SHARES":409825630,"HK_COMMON_SHARES":409825630,"PER_SHARES":2000,"TOTAL_MARKET_CAP":184421533.5,"HKSK_MARKET_CAP":184421533.5,"PE_TTM":13.462408460472,"PB_TTM":0.349508931905,"REPORT_DATE_SQ":"2019-06-30 00:00:00","REPORT_TYPE_SQ":"2019年中报","OPERATE_INCOME_SQ":138832869.15,"DPS_HKD":0.022,"OPERATE_INCOME_QOQ_SQ":0,"NET_PROFIT_RATIO_SQ":13.3658187961,"HOLDER_PROFIT_SQ":18556149.72,"HOLDER_PROFIT_QOQ_SQ":0,"ROE_AVG_SQ":4.010281072514,"PE_TTM_SQ":9.946067698003,"PB_TTM_SQ":0.27986836415,"ROA_SQ":3.150049994717,"START_DATE":"2020-04-01 00:00:00","FISCAL_YEAR":"3-31","CURRENCY":"HKD","IS_CNY_CODE":0,"DPS_HKD_LY":0.036,"ORG_TYPE":"一般企业","PREMIUM_INCOME":null,"PREMIUM_INCOME_YOY":null,"NET_INTEREST_INCOME":null,"NET_INTEREST_INCOME_YOY":null,"FEE_COMMISSION_INCOME":null,"FEE_COMMISSION_INCOME_YOY":null,"ACCOUNTS_RECE_TDAYS":2.31643190196,"INVENTORY_TDAYS":5.803592363694,"CURRENT_ASSETS_TDAYS":0.506062315936,"TOTAL_ASSETS_TDAYS":0.371905328913,"PREMIUM_EXPENSE":null,"LOAN_DEPOSIT":null,"LOAN_EQUITY":null,"LOAN_ASSETS":null,"DEPOSIT_EQUITY":null,"DEPOSIT_ASSETS":null,"EQUITY_MULTIPLIER":1.235209905642,"EQUITY_RATIO":0.235209905643}],"count":16},"success":true,"message":"ok","code":0}