{"version":"31a650703e770a82b8767c9edef9b3c5","result":{"pages":8,"data":[{"SECUCODE":"01898.HK","SECURITY_CODE":"01898","SECURITY_NAME_ABBR":"中煤能源","ORG_CODE":"10082561","STD_REPORT_DATE":"2024-09-30 00:00:00","REPORT_DATE":"2024-09-30 00:00:00","DATE_TYPE_CODE":"004","REPORT_TYPE":"2024年三季报","PER_NETCASH_OPERATE":1.942636540573,"PER_OI":10.590221334075,"BPS":11.275289860666,"BASIC_EPS":1.1,"DILUTED_EPS":1.1,"OPERATE_INCOME":140412180000,"OPERATE_INCOME_YOY":-10.1123386911,"GROSS_PROFIT":35356703000,"GROSS_PROFIT_YOY":-6.802978439141,"HOLDER_PROFIT":14614069000,"HOLDER_PROFIT_YOY":-12.4278832282,"GROSS_PROFIT_RATIO":25.180652419185,"EPS_TTM":1.365871313997,"OPERATE_INCOME_QOQ":0.351205733433,"NET_PROFIT_RATIO":13.5443826882,"ROE_AVG":9.954535628487,"GROSS_PROFIT_QOQ":0.032873127502,"ROA":4.117887750694,"HOLDER_PROFIT_QOQ":-0.207100694426,"ROE_YEARLY":13.272714171316,"ROIC_YEARLY":5.739150574185,"TOTAL_ASSETS":360629392000,"TOTAL_LIABILITIES":169770650000,"TAX_EBT":22.459088914947,"OCF_SALES":18.343682150651,"TOTAL_PARENT_EQUITY":149495273000,"DEBT_ASSET_RATIO":47.0762100278,"OPERATE_PROFIT":26406160000,"PRETAX_PROFIT":24526360000,"NETCASH_OPERATE":25756764000,"NETCASH_INVEST":-3843575000,"NETCASH_FINANCE":-18466919000,"END_CASH":35037895000,"DIVI_RATIO":0.482670686888,"DIVIDEND_RATE":8.927055350554,"CURRENT_RATIO":1.26359025028,"COMMON_ACS":null,"CURRENTDEBT_DEBT":57.376454057283,"ISSUED_COMMON_SHARES":13258663400,"HK_COMMON_SHARES":4106663000,"PER_SHARES":1000,"TOTAL_MARKET_CAP":107792933442,"HKSK_MARKET_CAP":33387170190,"PE_TTM":5.312117547629,"PB_TTM":0.650231860165,"REPORT_DATE_SQ":"2023-09-30 00:00:00","REPORT_TYPE_SQ":"2023年三季报","OPERATE_INCOME_SQ":156208514000,"DPS_HKD":0.7257696,"OPERATE_INCOME_QOQ_SQ":-4.933778571765,"NET_PROFIT_RATIO_SQ":13.9294712195,"HOLDER_PROFIT_SQ":16688039000,"HOLDER_PROFIT_QOQ_SQ":-4.699937819967,"ROE_AVG_SQ":12.180835599939,"PE_TTM_SQ":6.211104449703,"PB_TTM_SQ":0.750912878539,"ROA_SQ":4.87035669317,"START_DATE":"2024-01-01 00:00:00","FISCAL_YEAR":"12-31","CURRENCY":"HKD","IS_CNY_CODE":0,"DPS_HKD_LY":0.7257696,"ORG_TYPE":"一般企业","PREMIUM_INCOME":null,"PREMIUM_INCOME_YOY":null,"NET_INTEREST_INCOME":null,"NET_INTEREST_INCOME_YOY":null,"FEE_COMMISSION_INCOME":null,"FEE_COMMISSION_INCOME_YOY":null,"ACCOUNTS_RECE_TDAYS":11.824539061932,"INVENTORY_TDAYS":11.89454913857,"CURRENT_ASSETS_TDAYS":1.156834064147,"TOTAL_ASSETS_TDAYS":0.395647232862,"PREMIUM_EXPENSE":null,"LOAN_DEPOSIT":null,"LOAN_EQUITY":null,"LOAN_ASSETS":null,"DEPOSIT_EQUITY":null,"DEPOSIT_ASSETS":null,"EQUITY_MULTIPLIER":1.889509425771,"EQUITY_RATIO":1.135625539143},{"SECUCODE":"01898.HK","SECURITY_CODE":"01898","SECURITY_NAME_ABBR":"中煤能源","ORG_CODE":"10082561","STD_REPORT_DATE":"2024-06-30 00:00:00","REPORT_DATE":"2024-06-30 00:00:00","DATE_TYPE_CODE":"002","REPORT_TYPE":"2024年中报","PER_NETCASH_OPERATE":1.12304600779,"PER_OI":7.013065132945,"BPS":11.102274532439,"BASIC_EPS":0.81,"DILUTED_EPS":0.81,"OPERATE_INCOME":92983870000,"OPERATE_INCOME_YOY":-14.9719698082,"GROSS_PROFIT":21359175000,"GROSS_PROFIT_YOY":-10.828356408779,"HOLDER_PROFIT":10695209000,"HOLDER_PROFIT_YOY":-15.9947503832,"GROSS_PROFIT_RATIO":22.970838920772,"EPS_TTM":1.368705913448,"OPERATE_INCOME_QOQ":-1.564469792942,"NET_PROFIT_RATIO":15.1416767231,"ROE_AVG":7.34252590917,"GROSS_PROFIT_QOQ":1.059026565942,"ROA":3.011507023642,"HOLDER_PROFIT_QOQ":0.829882458183,"ROE_YEARLY":14.685051818341,"ROIC_YEARLY":7.607878876968,"TOTAL_ASSETS":361134167000,"TOTAL_LIABILITIES":173396822000,"TAX_EBT":21.70567457309,"OCF_SALES":16.013625804131,"TOTAL_PARENT_EQUITY":147201321000,"DEBT_ASSET_RATIO":48.0145158904,"OPERATE_PROFIT":18028301000,"PRETAX_PROFIT":17982551000,"NETCASH_OPERATE":14890089000,"NETCASH_INVEST":-3904131000,"NETCASH_FINANCE":-5374561000,"END_CASH":37206618000,"DIVI_RATIO":0.481671072544,"DIVIDEND_RATE":7.345846153846,"CURRENT_RATIO":1.243457260586,"COMMON_ACS":null,"CURRENTDEBT_DEBT":57.957683330552,"ISSUED_COMMON_SHARES":13258663400,"HK_COMMON_SHARES":4106663000,"PER_SHARES":1000,"TOTAL_MARKET_CAP":130995594392,"HKSK_MARKET_CAP":40573830440,"PE_TTM":6.455562284203,"PB_TTM":0.790195667704,"REPORT_DATE_SQ":"2023-06-30 00:00:00","REPORT_TYPE_SQ":"2023年中报","OPERATE_INCOME_SQ":109356726000,"DPS_HKD":0.7257696,"OPERATE_INCOME_QOQ_SQ":-2.803002848212,"NET_PROFIT_RATIO_SQ":15.284472763,"HOLDER_PROFIT_SQ":12731596000,"HOLDER_PROFIT_QOQ_SQ":-10.755392774525,"ROE_AVG_SQ":9.479118422352,"PE_TTM_SQ":4.77237404045,"PB_TTM_SQ":0.576972607239,"ROA_SQ":3.710925396441,"START_DATE":"2024-01-01 00:00:00","FISCAL_YEAR":"12-31","CURRENCY":"HKD","IS_CNY_CODE":0,"DPS_HKD_LY":0.7257696,"ORG_TYPE":"一般企业","PREMIUM_INCOME":null,"PREMIUM_INCOME_YOY":null,"NET_INTEREST_INCOME":null,"NET_INTEREST_INCOME_YOY":null,"FEE_COMMISSION_INCOME":null,"FEE_COMMISSION_INCOME_YOY":null,"ACCOUNTS_RECE_TDAYS":9.414107087136,"INVENTORY_TDAYS":8.274889833742,"CURRENT_ASSETS_TDAYS":0.760194858333,"TOTAL_ASSETS_TDAYS":0.261819640542,"PREMIUM_EXPENSE":null,"LOAN_DEPOSIT":null,"LOAN_EQUITY":null,"LOAN_ASSETS":null,"DEPOSIT_EQUITY":null,"DEPOSIT_ASSETS":null,"EQUITY_MULTIPLIER":1.923613903242,"EQUITY_RATIO":1.177956969557},{"SECUCODE":"01898.HK","SECURITY_CODE":"01898","SECURITY_NAME_ABBR":"中煤能源","ORG_CODE":"10082561","STD_REPORT_DATE":"2024-03-31 00:00:00","REPORT_DATE":"2024-03-31 00:00:00","DATE_TYPE_CODE":"003","REPORT_TYPE":"2024年一季报","PER_NETCASH_OPERATE":0.256826792963,"PER_OI":3.423761402677,"BPS":11.295459540816,"BASIC_EPS":0.37,"DILUTED_EPS":0.37,"OPERATE_INCOME":45394500000,"OPERATE_INCOME_YOY":-23.2661582383,"GROSS_PROFIT":12279396000,"GROSS_PROFIT_YOY":-19.646290175314,"HOLDER_PROFIT":4969520000,"HOLDER_PROFIT_YOY":-30.5473952897,"GROSS_PROFIT_RATIO":27.050404784721,"EPS_TTM":1.357440750777,"OPERATE_INCOME_QOQ":-7.624240573845,"NET_PROFIT_RATIO":14.6006300323,"ROE_AVG":3.381963554965,"GROSS_PROFIT_QOQ":-7.219977608155,"ROA":1.417940099983,"HOLDER_PROFIT_QOQ":-10.82932785324,"ROE_YEARLY":13.527854219862,"ROIC_YEARLY":7.943134197094,"TOTAL_ASSETS":351793888000,"TOTAL_LIABILITIES":162349091000,"TAX_EBT":23.673697685388,"OCF_SALES":7.501305224201,"TOTAL_PARENT_EQUITY":149762696000,"DEBT_ASSET_RATIO":46.1489231445,"OPERATE_PROFIT":9336540000,"PRETAX_PROFIT":8683616000,"NETCASH_OPERATE":3405180000,"NETCASH_INVEST":-1070859000,"NETCASH_FINANCE":-2752430000,"END_CASH":31176117000,"DIVI_RATIO":0.485668376281,"DIVIDEND_RATE":7.345846153846,"CURRENT_RATIO":1.348101941354,"COMMON_ACS":null,"CURRENTDEBT_DEBT":56.255223504762,"ISSUED_COMMON_SHARES":13258663400,"HK_COMMON_SHARES":4106663000,"PER_SHARES":1000,"TOTAL_MARKET_CAP":130995594392,"HKSK_MARKET_CAP":40573830440,"PE_TTM":6.455562284203,"PB_TTM":0.790195667704,"REPORT_DATE_SQ":"2023-03-31 00:00:00","REPORT_TYPE_SQ":"2023年一季报","OPERATE_INCOME_SQ":59158383000,"DPS_HKD":0.7257696,"OPERATE_INCOME_QOQ_SQ":-1.16571657229,"NET_PROFIT_RATIO_SQ":15.9277798381,"HOLDER_PROFIT_SQ":7155268000,"HOLDER_PROFIT_QOQ_SQ":1.838725981922,"ROE_AVG_SQ":5.321811558171,"PE_TTM_SQ":4.77237404045,"PB_TTM_SQ":0.576972607239,"ROA_SQ":2.079907035271,"START_DATE":"2024-01-01 00:00:00","FISCAL_YEAR":"12-31","CURRENCY":"HKD","IS_CNY_CODE":0,"DPS_HKD_LY":0.7257696,"ORG_TYPE":"一般企业","PREMIUM_INCOME":null,"PREMIUM_INCOME_YOY":null,"NET_INTEREST_INCOME":null,"NET_INTEREST_INCOME_YOY":null,"FEE_COMMISSION_INCOME":null,"FEE_COMMISSION_INCOME_YOY":null,"ACCOUNTS_RECE_TDAYS":3.665689919189,"INVENTORY_TDAYS":3.720062549428,"CURRENT_ASSETS_TDAYS":0.373940194389,"TOTAL_ASSETS_TDAYS":0.129522935552,"PREMIUM_EXPENSE":null,"LOAN_DEPOSIT":null,"LOAN_EQUITY":null,"LOAN_ASSETS":null,"DEPOSIT_EQUITY":null,"DEPOSIT_ASSETS":null,"EQUITY_MULTIPLIER":1.856973079078,"EQUITY_RATIO":1.084042257092},{"SECUCODE":"01898.HK","SECURITY_CODE":"01898","SECURITY_NAME_ABBR":"中煤能源","ORG_CODE":"10082561","STD_REPORT_DATE":"2023-12-31 00:00:00","REPORT_DATE":"2023-12-31 00:00:00","DATE_TYPE_CODE":"001","REPORT_TYPE":"2023年年报","PER_NETCASH_OPERATE":3.240548364777,"PER_OI":13.615846149319,"BPS":10.8519516379,"BASIC_EPS":1.52,"DILUTED_EPS":1.52,"OPERATE_INCOME":180527921000,"OPERATE_INCOME_YOY":-13.9449457344,"GROSS_PROFIT":41582996000,"GROSS_PROFIT_YOY":-16.159942320261,"HOLDER_PROFIT":20183598000,"HOLDER_PROFIT_YOY":2.2576210778,"GROSS_PROFIT_RATIO":23.034107837535,"EPS_TTM":1.522295075384,"OPERATE_INCOME_QOQ":-10.381486818984,"NET_PROFIT_RATIO":14.6358728631,"ROE_AVG":14.70590671841,"GROSS_PROFIT_QOQ":-47.786120890881,"ROA":5.860751715469,"HOLDER_PROFIT_QOQ":18.172180014522,"ROE_YEARLY":14.70590671841,"ROIC_YEARLY":7.282762033852,"TOTAL_ASSETS":349359919000,"TOTAL_LIABILITIES":166577778000,"TAX_EBT":21.586186904047,"OCF_SALES":23.799830941387,"TOTAL_PARENT_EQUITY":144121015000,"DEBT_ASSET_RATIO":47.7242513903,"OPERATE_PROFIT":33514114000,"PRETAX_PROFIT":33695386000,"NETCASH_OPERATE":42965340000,"NETCASH_INVEST":-15057258000,"NETCASH_FINANCE":-26298072000,"END_CASH":31582885000,"DIVI_RATIO":0.433073755534,"DIVIDEND_RATE":7.345846153846,"CURRENT_RATIO":1.219139180402,"COMMON_ACS":null,"CURRENTDEBT_DEBT":58.926206231422,"ISSUED_COMMON_SHARES":13258663400,"HK_COMMON_SHARES":4106663000,"PER_SHARES":1000,"TOTAL_MARKET_CAP":130995594392,"HKSK_MARKET_CAP":40573830440,"PE_TTM":6.455562284203,"PB_TTM":0.790195667704,"REPORT_DATE_SQ":"2022-12-31 00:00:00","REPORT_TYPE_SQ":"2022年年报","OPERATE_INCOME_SQ":209781892000,"DPS_HKD":0.7257696,"OPERATE_INCOME_QOQ_SQ":-7.669926328568,"NET_PROFIT_RATIO_SQ":12.2782267926,"HOLDER_PROFIT_SQ":19737989000,"HOLDER_PROFIT_QOQ_SQ":-10.859785492672,"ROE_AVG_SQ":16.122317297719,"PE_TTM_SQ":4.77237404045,"PB_TTM_SQ":0.576972607239,"ROA_SQ":5.967049862247,"START_DATE":"2023-01-01 00:00:00","FISCAL_YEAR":"12-31","CURRENCY":"HKD","IS_CNY_CODE":0,"DPS_HKD_LY":0.45486,"ORG_TYPE":"一般企业","PREMIUM_INCOME":null,"PREMIUM_INCOME_YOY":null,"NET_INTEREST_INCOME":null,"NET_INTEREST_INCOME_YOY":null,"FEE_COMMISSION_INCOME":null,"FEE_COMMISSION_INCOME_YOY":null,"ACCOUNTS_RECE_TDAYS":18.468347462844,"INVENTORY_TDAYS":15.365752550703,"CURRENT_ASSETS_TDAYS":1.482293022621,"TOTAL_ASSETS_TDAYS":0.524202534499,"PREMIUM_EXPENSE":null,"LOAN_DEPOSIT":null,"LOAN_EQUITY":null,"LOAN_ASSETS":null,"DEPOSIT_EQUITY":null,"DEPOSIT_ASSETS":null,"EQUITY_MULTIPLIER":1.912932911714,"EQUITY_RATIO":1.155818795753},{"SECUCODE":"01898.HK","SECURITY_CODE":"01898","SECURITY_NAME_ABBR":"中煤能源","ORG_CODE":"10082561","STD_REPORT_DATE":"2023-09-30 00:00:00","REPORT_DATE":"2023-09-30 00:00:00","DATE_TYPE_CODE":"004","REPORT_TYPE":"2023年三季报","PER_NETCASH_OPERATE":2.138614666091,"PER_OI":11.781618500097,"BPS":10.814870449159,"BASIC_EPS":1.26,"DILUTED_EPS":1.26,"OPERATE_INCOME":156208514000,"OPERATE_INCOME_YOY":-10.9135889522,"GROSS_PROFIT":37937589000,"GROSS_PROFIT_YOY":-16.061264126013,"HOLDER_PROFIT":16688039000,"HOLDER_PROFIT_YOY":-13.6573359066,"GROSS_PROFIT_RATIO":24.286505279731,"EPS_TTM":1.288200890597,"OPERATE_INCOME_QOQ":-4.933778571765,"NET_PROFIT_RATIO":13.9294712195,"ROE_AVG":12.180835599939,"GROSS_PROFIT_QOQ":-3.195642253088,"ROA":4.87035669317,"HOLDER_PROFIT_QOQ":-4.699937819967,"ROE_YEARLY":16.241114133252,"ROIC_YEARLY":6.75254456542,"TOTAL_ASSETS":345673900000,"TOTAL_LIABILITIES":165173388000,"TAX_EBT":22.015069402905,"OCF_SALES":18.152129659207,"TOTAL_PARENT_EQUITY":143390727000,"DEBT_ASSET_RATIO":47.7830082051,"OPERATE_PROFIT":30195558000,"PRETAX_PROFIT":27901570000,"NETCASH_OPERATE":28355172000,"NETCASH_INVEST":-2010484000,"NETCASH_FINANCE":-24207896000,"END_CASH":32125010000,"DIVI_RATIO":0.511772697986,"DIVIDEND_RATE":7.345846153846,"CURRENT_RATIO":1.333944720338,"COMMON_ACS":null,"CURRENTDEBT_DEBT":56.367853882128,"ISSUED_COMMON_SHARES":13258663400,"HK_COMMON_SHARES":4106663000,"PER_SHARES":1000,"TOTAL_MARKET_CAP":130995594392,"HKSK_MARKET_CAP":40573830440,"PE_TTM":6.455562284203,"PB_TTM":0.790195667704,"REPORT_DATE_SQ":"2022-09-30 00:00:00","REPORT_TYPE_SQ":"2022年三季报","OPERATE_INCOME_SQ":175344940000,"DPS_HKD":0.7257696,"OPERATE_INCOME_QOQ_SQ":-3.273946346859,"NET_PROFIT_RATIO_SQ":15.2778243843,"HOLDER_PROFIT_SQ":19327686000,"HOLDER_PROFIT_QOQ_SQ":7.021072481829,"ROE_AVG_SQ":15.7368637687,"PE_TTM_SQ":4.77237404045,"PB_TTM_SQ":0.576972607239,"ROA_SQ":5.816390572338,"START_DATE":"2023-01-01 00:00:00","FISCAL_YEAR":"12-31","CURRENCY":"HKD","IS_CNY_CODE":0,"DPS_HKD_LY":0.45486,"ORG_TYPE":"一般企业","PREMIUM_INCOME":null,"PREMIUM_INCOME_YOY":null,"NET_INTEREST_INCOME":null,"NET_INTEREST_INCOME_YOY":null,"FEE_COMMISSION_INCOME":null,"FEE_COMMISSION_INCOME_YOY":null,"ACCOUNTS_RECE_TDAYS":13.21996720662,"INVENTORY_TDAYS":12.405403246662,"CURRENT_ASSETS_TDAYS":1.259199968665,"TOTAL_ASSETS_TDAYS":0.455890102899,"PREMIUM_EXPENSE":null,"LOAN_DEPOSIT":null,"LOAN_EQUITY":null,"LOAN_ASSETS":null,"DEPOSIT_EQUITY":null,"DEPOSIT_ASSETS":null,"EQUITY_MULTIPLIER":1.91508542646,"EQUITY_RATIO":1.151911225054},{"SECUCODE":"01898.HK","SECURITY_CODE":"01898","SECURITY_NAME_ABBR":"中煤能源","ORG_CODE":"10082561","STD_REPORT_DATE":"2023-06-30 00:00:00","REPORT_DATE":"2023-06-30 00:00:00","DATE_TYPE_CODE":"002","REPORT_TYPE":"2023年中报","PER_NETCASH_OPERATE":1.28484376487,"PER_OI":8.247944962537,"BPS":10.409039270127,"BASIC_EPS":0.96,"DILUTED_EPS":0.96,"OPERATE_INCOME":109356726000,"OPERATE_INCOME_YOY":-7.355215592,"GROSS_PROFIT":23952878000,"GROSS_PROFIT_YOY":-16.198966141943,"HOLDER_PROFIT":12731596000,"HOLDER_PROFIT_YOY":-12.3706226336,"GROSS_PROFIT_RATIO":21.903433722037,"EPS_TTM":1.351731427166,"OPERATE_INCOME_QOQ":-2.803002848212,"NET_PROFIT_RATIO":15.284472763,"ROE_AVG":9.479118422352,"GROSS_PROFIT_QOQ":-5.812472937276,"ROA":3.710925396441,"HOLDER_PROFIT_QOQ":-10.755392774525,"ROE_YEARLY":18.958236844704,"ROIC_YEARLY":9.170160417841,"TOTAL_ASSETS":346551936000,"TOTAL_LIABILITIES":172776750000,"TAX_EBT":21.12941145605,"OCF_SALES":15.577744161799,"TOTAL_PARENT_EQUITY":138009948000,"DEBT_ASSET_RATIO":49.8559471328,"OPERATE_PROFIT":20706646000,"PRETAX_PROFIT":21192436000,"NETCASH_OPERATE":17035311000,"NETCASH_INVEST":-5190943000,"NETCASH_FINANCE":-11052458000,"END_CASH":30790709000,"DIVI_RATIO":0.487719699401,"DIVIDEND_RATE":7.345846153846,"CURRENT_RATIO":1.294707866968,"COMMON_ACS":null,"CURRENTDEBT_DEBT":56.923388708261,"ISSUED_COMMON_SHARES":13258663400,"HK_COMMON_SHARES":4106663000,"PER_SHARES":1000,"TOTAL_MARKET_CAP":130995594392,"HKSK_MARKET_CAP":40573830440,"PE_TTM":6.455562284203,"PB_TTM":0.790195667704,"REPORT_DATE_SQ":"2022-06-30 00:00:00","REPORT_TYPE_SQ":"2022年中报","OPERATE_INCOME_SQ":118038729000,"DPS_HKD":0.7257696,"OPERATE_INCOME_QOQ_SQ":0.148195776173,"NET_PROFIT_RATIO_SQ":16.7798324904,"HOLDER_PROFIT_SQ":14528913000,"HOLDER_PROFIT_QOQ_SQ":14.895187800741,"ROE_AVG_SQ":12.169952832025,"PE_TTM_SQ":4.77237404045,"PB_TTM_SQ":0.576972607239,"ROA_SQ":4.443856467882,"START_DATE":"2023-01-01 00:00:00","FISCAL_YEAR":"12-31","CURRENCY":"HKD","IS_CNY_CODE":0,"DPS_HKD_LY":0.45486,"ORG_TYPE":"一般企业","PREMIUM_INCOME":null,"PREMIUM_INCOME_YOY":null,"NET_INTEREST_INCOME":null,"NET_INTEREST_INCOME_YOY":null,"FEE_COMMISSION_INCOME":null,"FEE_COMMISSION_INCOME_YOY":null,"ACCOUNTS_RECE_TDAYS":11.298492035957,"INVENTORY_TDAYS":8.790608142176,"CURRENT_ASSETS_TDAYS":0.870514973342,"TOTAL_ASSETS_TDAYS":0.318746095764,"PREMIUM_EXPENSE":null,"LOAN_DEPOSIT":null,"LOAN_EQUITY":null,"LOAN_ASSETS":null,"DEPOSIT_EQUITY":null,"DEPOSIT_ASSETS":null,"EQUITY_MULTIPLIER":1.994254438604,"EQUITY_RATIO":1.251915188027},{"SECUCODE":"01898.HK","SECURITY_CODE":"01898","SECURITY_NAME_ABBR":"中煤能源","ORG_CODE":"10082561","STD_REPORT_DATE":"2023-03-31 00:00:00","REPORT_DATE":"2023-03-31 00:00:00","DATE_TYPE_CODE":"003","REPORT_TYPE":"2023年一季报","PER_NETCASH_OPERATE":0.837052398509,"PER_OI":4.461866269265,"BPS":10.430113717194,"BASIC_EPS":0.54,"DILUTED_EPS":0.54,"OPERATE_INCOME":59158383000,"OPERATE_INCOME_YOY":-4.1654206427,"GROSS_PROFIT":15281679000,"GROSS_PROFIT_YOY":3.011744610172,"HOLDER_PROFIT":7155268000,"HOLDER_PROFIT_YOY":5.3379070797,"GROSS_PROFIT_RATIO":25.83180645759,"EPS_TTM":1.514636535686,"OPERATE_INCOME_QOQ":-1.16571657229,"NET_PROFIT_RATIO":15.9277798381,"ROE_AVG":5.321811558171,"GROSS_PROFIT_QOQ":0.514148002872,"ROA":2.079907035271,"HOLDER_PROFIT_QOQ":1.838725981922,"ROE_YEARLY":21.287246232683,"ROIC_YEARLY":11.632125654765,"TOTAL_ASSETS":348420972000,"TOTAL_LIABILITIES":173994298000,"TAX_EBT":21.720980568685,"OCF_SALES":18.760140891613,"TOTAL_PARENT_EQUITY":138289367000,"DEBT_ASSET_RATIO":49.9379520702,"OPERATE_PROFIT":12779978000,"PRETAX_PROFIT":12037219000,"NETCASH_OPERATE":11098196000,"NETCASH_INVEST":-3527912000,"NETCASH_FINANCE":-5120759000,"END_CASH":32438093000,"DIVI_RATIO":0.435263530091,"DIVIDEND_RATE":7.345846153846,"CURRENT_RATIO":1.31123119146,"COMMON_ACS":null,"CURRENTDEBT_DEBT":58.368536306862,"ISSUED_COMMON_SHARES":13258663400,"HK_COMMON_SHARES":4106663000,"PER_SHARES":1000,"TOTAL_MARKET_CAP":130995594392,"HKSK_MARKET_CAP":40573830440,"PE_TTM":6.455562284203,"PB_TTM":0.790195667704,"REPORT_DATE_SQ":"2022-03-31 00:00:00","REPORT_TYPE_SQ":"2022年一季报","OPERATE_INCOME_SQ":61729684000,"DPS_HKD":0.7257696,"OPERATE_INCOME_QOQ_SQ":6.703562004977,"NET_PROFIT_RATIO_SQ":15.2452910661,"HOLDER_PROFIT_SQ":6792681000,"HOLDER_PROFIT_QOQ_SQ":22.262323635577,"ROE_AVG_SQ":5.76287713033,"PE_TTM_SQ":4.77237404045,"PB_TTM_SQ":0.576972607239,"ROA_SQ":2.060417690121,"START_DATE":"2023-01-01 00:00:00","FISCAL_YEAR":"12-31","CURRENCY":"HKD","IS_CNY_CODE":0,"DPS_HKD_LY":0.45486,"ORG_TYPE":"一般企业","PREMIUM_INCOME":null,"PREMIUM_INCOME_YOY":null,"NET_INTEREST_INCOME":null,"NET_INTEREST_INCOME_YOY":null,"FEE_COMMISSION_INCOME":null,"FEE_COMMISSION_INCOME_YOY":null,"ACCOUNTS_RECE_TDAYS":4.459810176968,"INVENTORY_TDAYS":4.732370850526,"CURRENT_ASSETS_TDAYS":0.460238698714,"TOTAL_ASSETS_TDAYS":0.171962723125,"PREMIUM_EXPENSE":null,"LOAN_DEPOSIT":null,"LOAN_EQUITY":null,"LOAN_ASSETS":null,"DEPOSIT_EQUITY":null,"DEPOSIT_ASSETS":null,"EQUITY_MULTIPLIER":1.997521158947,"EQUITY_RATIO":1.258189995186},{"SECUCODE":"01898.HK","SECURITY_CODE":"01898","SECURITY_NAME_ABBR":"中煤能源","ORG_CODE":"10082561","STD_REPORT_DATE":"2022-12-31 00:00:00","REPORT_DATE":"2022-12-31 00:00:00","DATE_TYPE_CODE":"001","REPORT_TYPE":"2022年年报","PER_NETCASH_OPERATE":3.29098512298,"PER_OI":15.822250378571,"BPS":9.843660787105,"BASIC_EPS":1.49,"DILUTED_EPS":1.49,"OPERATE_INCOME":209781892000,"OPERATE_INCOME_YOY":-8.0272298316,"GROSS_PROFIT":49598005000,"GROSS_PROFIT_YOY":-31.298064200774,"HOLDER_PROFIT":19737989000,"HOLDER_PROFIT_YOY":29.970390735,"GROSS_PROFIT_RATIO":39.396203388679,"EPS_TTM":1.487289359801,"OPERATE_INCOME_QOQ":-7.669926328568,"NET_PROFIT_RATIO":12.2782267926,"ROE_AVG":16.122317297719,"GROSS_PROFIT_QOQ":63.721109172642,"ROA":5.967049862247,"HOLDER_PROFIT_QOQ":-10.859785492672,"ROE_YEARLY":16.122317297719,"ROIC_YEARLY":7.344680376742,"TOTAL_ASSETS":339730229000,"TOTAL_LIABILITIES":174841441000,"TAX_EBT":21.626776455074,"OCF_SALES":19.781795877327,"TOTAL_PARENT_EQUITY":130614104000,"DEBT_ASSET_RATIO":51.4807869155,"OPERATE_PROFIT":33300707000,"PRETAX_PROFIT":34583129000,"NETCASH_OPERATE":43634064000,"NETCASH_INVEST":-22045926000,"NETCASH_FINANCE":-22687002000,"END_CASH":29998038000,"DIVI_RATIO":0.443266833709,"DIVIDEND_RATE":7.345846153846,"CURRENT_RATIO":1.180125505021,"COMMON_ACS":null,"CURRENTDEBT_DEBT":60.053377162454,"ISSUED_COMMON_SHARES":13258663400,"HK_COMMON_SHARES":4106663000,"PER_SHARES":1000,"TOTAL_MARKET_CAP":130995594392,"HKSK_MARKET_CAP":40573830440,"PE_TTM":6.455562284203,"PB_TTM":0.790195667704,"REPORT_DATE_SQ":"2021-12-31 00:00:00","REPORT_TYPE_SQ":"2021年年报","OPERATE_INCOME_SQ":239828439000,"DPS_HKD":0.7257696,"OPERATE_INCOME_QOQ_SQ":29.637038137421,"NET_PROFIT_RATIO_SQ":9.0084277452,"HOLDER_PROFIT_SQ":15172278000,"HOLDER_PROFIT_QOQ_SQ":29.460917753439,"ROE_AVG_SQ":13.665957065216,"PE_TTM_SQ":4.77237404045,"PB_TTM_SQ":0.576972607239,"ROA_SQ":4.881355368378,"START_DATE":"2022-01-01 00:00:00","FISCAL_YEAR":"12-31","CURRENCY":"HKD","IS_CNY_CODE":0,"DPS_HKD_LY":0.35249,"ORG_TYPE":"一般企业","PREMIUM_INCOME":null,"PREMIUM_INCOME_YOY":null,"NET_INTEREST_INCOME":null,"NET_INTEREST_INCOME_YOY":null,"FEE_COMMISSION_INCOME":null,"FEE_COMMISSION_INCOME_YOY":null,"ACCOUNTS_RECE_TDAYS":25.404169695126,"INVENTORY_TDAYS":15.240616112034,"CURRENT_ASSETS_TDAYS":1.927309084682,"TOTAL_ASSETS_TDAYS":0.667458700897,"PREMIUM_EXPENSE":null,"LOAN_DEPOSIT":null,"LOAN_EQUITY":null,"LOAN_ASSETS":null,"DEPOSIT_EQUITY":null,"DEPOSIT_ASSETS":null,"EQUITY_MULTIPLIER":2.06103919752,"EQUITY_RATIO":1.338610729206},{"SECUCODE":"01898.HK","SECURITY_CODE":"01898","SECURITY_NAME_ABBR":"中煤能源","ORG_CODE":"10082561","STD_REPORT_DATE":"2022-09-30 00:00:00","REPORT_DATE":"2022-09-30 00:00:00","DATE_TYPE_CODE":"004","REPORT_TYPE":"2022年三季报","PER_NETCASH_OPERATE":2.852318130348,"PER_OI":13.224933366964,"BPS":9.92002942016,"BASIC_EPS":1.46,"DILUTED_EPS":1.46,"OPERATE_INCOME":175344940000,"OPERATE_INCOME_YOY":4.6386278731,"GROSS_PROFIT":45196760000,"GROSS_PROFIT_YOY":50.470632302614,"HOLDER_PROFIT":19327686000,"HOLDER_PROFIT_YOY":62.1348697472,"GROSS_PROFIT_RATIO":25.775913465196,"EPS_TTM":1.668483038796,"OPERATE_INCOME_QOQ":-3.273946346859,"NET_PROFIT_RATIO":15.2778243843,"ROE_AVG":15.7368637687,"GROSS_PROFIT_QOQ":7.450802815041,"ROA":5.816390572338,"HOLDER_PROFIT_QOQ":7.021072481829,"ROE_YEARLY":20.982485024934,"ROIC_YEARLY":8.095138115004,"TOTAL_ASSETS":343264793000,"TOTAL_LIABILITIES":175188068000,"TAX_EBT":21.996846841797,"OCF_SALES":21.567731580963,"TOTAL_PARENT_EQUITY":131526331000,"DEBT_ASSET_RATIO":51.0358392624,"OPERATE_PROFIT":37265942000,"PRETAX_PROFIT":34343345000,"NETCASH_OPERATE":37817926000,"NETCASH_INVEST":-16088912000,"NETCASH_FINANCE":-19222954000,"END_CASH":33614582000,"DIVI_RATIO":0.395129006408,"DIVIDEND_RATE":7.345846153846,"CURRENT_RATIO":1.215876546198,"COMMON_ACS":null,"CURRENTDEBT_DEBT":59.265477486743,"ISSUED_COMMON_SHARES":13258663400,"HK_COMMON_SHARES":4106663000,"PER_SHARES":1000,"TOTAL_MARKET_CAP":130995594392,"HKSK_MARKET_CAP":40573830440,"PE_TTM":6.455562284203,"PB_TTM":0.790195667704,"REPORT_DATE_SQ":"2021-09-30 00:00:00","REPORT_TYPE_SQ":"2021年三季报","OPERATE_INCOME_SQ":167571903000,"DPS_HKD":0.7257696,"OPERATE_INCOME_QOQ_SQ":0,"NET_PROFIT_RATIO_SQ":9.7809660847,"HOLDER_PROFIT_SQ":11920746000,"HOLDER_PROFIT_QOQ_SQ":0,"ROE_AVG_SQ":null,"PE_TTM_SQ":4.77237404045,"PB_TTM_SQ":0.576972607239,"ROA_SQ":null,"START_DATE":"2022-01-01 00:00:00","FISCAL_YEAR":"12-31","CURRENCY":"HKD","IS_CNY_CODE":0,"DPS_HKD_LY":0.35249,"ORG_TYPE":"一般企业","PREMIUM_INCOME":null,"PREMIUM_INCOME_YOY":null,"NET_INTEREST_INCOME":null,"NET_INTEREST_INCOME_YOY":null,"FEE_COMMISSION_INCOME":null,"FEE_COMMISSION_INCOME_YOY":null,"ACCOUNTS_RECE_TDAYS":15.296241617629,"INVENTORY_TDAYS":14.979939663896,"CURRENT_ASSETS_TDAYS":1.516662007637,"TOTAL_ASSETS_TDAYS":0.527675509589,"PREMIUM_EXPENSE":null,"LOAN_DEPOSIT":null,"LOAN_EQUITY":null,"LOAN_ASSETS":null,"DEPOSIT_EQUITY":null,"DEPOSIT_ASSETS":null,"EQUITY_MULTIPLIER":2.042310099746,"EQUITY_RATIO":1.331961947604}],"count":65},"success":true,"message":"ok","code":0}