{"version":"02ffe84af166ee7e00f81f61ce7694de","result":{"pages":2,"data":[{"SECUCODE":"01891.HK","SECURITY_CODE":"01891","SECURITY_NAME_ABBR":"兴合控股","ORG_CODE":"10970489","STD_REPORT_DATE":"2024-06-30 00:00:00","REPORT_DATE":"2024-06-30 00:00:00","DATE_TYPE_CODE":"002","REPORT_TYPE":"2024年中报","PER_NETCASH_OPERATE":0.0392404299,"PER_OI":1.306012256974,"BPS":0.339260053134,"BASIC_EPS":0.017359014612,"DILUTED_EPS":0.017359014612,"OPERATE_INCOME":1306012256.9738,"OPERATE_INCOME_YOY":50.5210435485,"GROSS_PROFIT":93285835.0440768,"GROSS_PROFIT_YOY":103.480220869108,"HOLDER_PROFIT":17292597.5123777,"HOLDER_PROFIT_YOY":367.2104404568,"GROSS_PROFIT_RATIO":7.142799353218,"EPS_TTM":0.026653892271,"OPERATE_INCOME_QOQ":19.956367426197,"NET_PROFIT_RATIO":1.1689688132,"ROE_AVG":5.230453144618,"GROSS_PROFIT_QOQ":39.926264214506,"ROA":2.897132329604,"HOLDER_PROFIT_QOQ":102.46346505783,"ROE_YEARLY":10.460906289236,"ROIC_YEARLY":6.306373257366,"TOTAL_ASSETS":616992211.085618,"TOTAL_LIABILITIES":280825081.511895,"TAX_EBT":37.051098524927,"OCF_SALES":3.004598899454,"TOTAL_PARENT_EQUITY":339260053.133679,"DEBT_ASSET_RATIO":45.5151744975,"OPERATE_PROFIT":28524634.7059534,"PRETAX_PROFIT":24252807.6319285,"NETCASH_OPERATE":39240429.8997706,"NETCASH_INVEST":-8428933.70365898,"NETCASH_FINANCE":10739946.8663205,"END_CASH":71325926.8204323,"DIVI_RATIO":null,"DIVIDEND_RATE":null,"CURRENT_RATIO":1.97763198772,"COMMON_ACS":2000000000,"CURRENTDEBT_DEBT":88.240226616714,"ISSUED_COMMON_SHARES":1000000000,"HK_COMMON_SHARES":1000000000,"PER_SHARES":4000,"TOTAL_MARKET_CAP":128000000,"HKSK_MARKET_CAP":128000000,"PE_TTM":4.361330122682,"PB_TTM":0.344346581974,"REPORT_DATE_SQ":"2023-06-30 00:00:00","REPORT_TYPE_SQ":"2023年中报","OPERATE_INCOME_SQ":891631377.293809,"DPS_HKD":null,"OPERATE_INCOME_QOQ_SQ":-19.505335717288,"NET_PROFIT_RATIO_SQ":0.4265772223,"HOLDER_PROFIT_SQ":3803496.36248003,"HOLDER_PROFIT_QOQ_SQ":-217.390520048241,"ROE_AVG_SQ":1.190389498162,"PE_TTM_SQ":-19.067408344277,"PB_TTM_SQ":0.309794784679,"ROA_SQ":0.826156686748,"START_DATE":"2024-01-01 00:00:00","FISCAL_YEAR":"12-31","CURRENCY":"HKD","IS_CNY_CODE":0,"DPS_HKD_LY":null,"ORG_TYPE":"一般企业","PREMIUM_INCOME":null,"PREMIUM_INCOME_YOY":null,"NET_INTEREST_INCOME":null,"NET_INTEREST_INCOME_YOY":null,"FEE_COMMISSION_INCOME":null,"FEE_COMMISSION_INCOME_YOY":null,"ACCOUNTS_RECE_TDAYS":4.261305765423,"INVENTORY_TDAYS":11.665304225986,"CURRENT_ASSETS_TDAYS":2.767311951768,"TOTAL_ASSETS_TDAYS":2.188040477916,"PREMIUM_EXPENSE":null,"LOAN_DEPOSIT":null,"LOAN_EQUITY":null,"LOAN_ASSETS":null,"DEPOSIT_EQUITY":null,"DEPOSIT_ASSETS":null,"EQUITY_MULTIPLIER":1.835373410445,"EQUITY_RATIO":0.827757582769},{"SECUCODE":"01891.HK","SECURITY_CODE":"01891","SECURITY_NAME_ABBR":"兴合控股","ORG_CODE":"10970489","STD_REPORT_DATE":"2023-12-31 00:00:00","REPORT_DATE":"2023-12-31 00:00:00","DATE_TYPE_CODE":"001","REPORT_TYPE":"2023年年报","PER_NETCASH_OPERATE":-0.060157237552,"PER_OI":2.076434407276,"BPS":0.328806844458,"BASIC_EPS":0.013103129336,"DILUTED_EPS":0.013103129336,"OPERATE_INCOME":2076434407.27609,"OPERATE_INCOME_YOY":-4.1003150419,"GROSS_PROFIT":118820718.359796,"GROSS_PROFIT_YOY":43.970411198435,"HOLDER_PROFIT":13164791.1207029,"HOLDER_PROFIT_YOY":258.6728265435,"GROSS_PROFIT_RATIO":5.722343934556,"EPS_TTM":0.013164791121,"OPERATE_INCOME_QOQ":16.447373135343,"NET_PROFIT_RATIO":0.6115890104,"ROE_AVG":4.085596597569,"GROSS_PROFIT_QOQ":59.302076232892,"ROA":2.585677044698,"HOLDER_PROFIT_QOQ":398.637992595582,"ROE_YEARLY":4.085596597569,"ROIC_YEARLY":2.766874614249,"TOTAL_ASSETS":589033451.518421,"TOTAL_LIABILITIES":261316479.11207,"TAX_EBT":42.58833368179,"OCF_SALES":-2.897141240832,"TOTAL_PARENT_EQUITY":328806844.458147,"DEBT_ASSET_RATIO":44.3636059104,"OPERATE_PROFIT":27558193.3096963,"PRETAX_PROFIT":22119623.8631108,"NETCASH_OPERATE":-60157237.5520271,"NETCASH_INVEST":-16637891.1669493,"NETCASH_FINANCE":68284260.829351,"END_CASH":30406967.7817173,"DIVI_RATIO":null,"DIVIDEND_RATE":null,"CURRENT_RATIO":2.004634012989,"COMMON_ACS":2000000000,"CURRENTDEBT_DEBT":88.47424431912,"ISSUED_COMMON_SHARES":1000000000,"HK_COMMON_SHARES":1000000000,"PER_SHARES":4000,"TOTAL_MARKET_CAP":173000000,"HKSK_MARKET_CAP":173000000,"PE_TTM":5.894610243937,"PB_TTM":0.4654059272,"REPORT_DATE_SQ":"2022-12-31 00:00:00","REPORT_TYPE_SQ":"2022年年报","OPERATE_INCOME_SQ":2215243277.34406,"DPS_HKD":null,"OPERATE_INCOME_QOQ_SQ":-3.051110487669,"NET_PROFIT_RATIO_SQ":0.1050139722,"HOLDER_PROFIT_SQ":3755224.35139185,"HOLDER_PROFIT_QOQ_SQ":-85.332800240534,"ROE_AVG_SQ":1.156948493683,"PE_TTM_SQ":-33.367964602484,"PB_TTM_SQ":0.542140873188,"ROA_SQ":0.85267764416,"START_DATE":"2023-01-01 00:00:00","FISCAL_YEAR":"12-31","CURRENCY":"HKD","IS_CNY_CODE":0,"DPS_HKD_LY":null,"ORG_TYPE":"一般企业","PREMIUM_INCOME":null,"PREMIUM_INCOME_YOY":null,"NET_INTEREST_INCOME":null,"NET_INTEREST_INCOME_YOY":null,"FEE_COMMISSION_INCOME":null,"FEE_COMMISSION_INCOME_YOY":null,"ACCOUNTS_RECE_TDAYS":8.185485316683,"INVENTORY_TDAYS":21.629008907738,"CURRENT_ASSETS_TDAYS":5.282534864386,"TOTAL_ASSETS_TDAYS":4.078293937586,"PREMIUM_EXPENSE":null,"LOAN_DEPOSIT":null,"LOAN_EQUITY":null,"LOAN_ASSETS":null,"DEPOSIT_EQUITY":null,"DEPOSIT_ASSETS":null,"EQUITY_MULTIPLIER":1.797384637095,"EQUITY_RATIO":0.79474160443},{"SECUCODE":"01891.HK","SECURITY_CODE":"01891","SECURITY_NAME_ABBR":"兴合控股","ORG_CODE":"10970489","STD_REPORT_DATE":"2023-06-30 00:00:00","REPORT_DATE":"2023-06-30 00:00:00","DATE_TYPE_CODE":"002","REPORT_TYPE":"2023年中报","PER_NETCASH_OPERATE":-0.005467913816,"PER_OI":0.891631377294,"BPS":0.321418710348,"BASIC_EPS":0.003877953061,"DILUTED_EPS":0.003877953061,"OPERATE_INCOME":891631377.293809,"OPERATE_INCOME_YOY":-33.7771935423,"GROSS_PROFIT":45845161.0901702,"GROSS_PROFIT_YOY":-14.767255372707,"HOLDER_PROFIT":3803496.36248003,"HOLDER_PROFIT_YOY":-68.7523894482,"GROSS_PROFIT_RATIO":5.141716886334,"EPS_TTM":-0.004408277395,"OPERATE_INCOME_QOQ":-19.505335717288,"NET_PROFIT_RATIO":0.4265772223,"ROE_AVG":1.190389498162,"GROSS_PROFIT_QOQ":-9.624271947368,"ROA":0.826156686748,"HOLDER_PROFIT_QOQ":-217.390520048241,"ROE_YEARLY":2.380778996325,"ROIC_YEARLY":1.84750545323,"TOTAL_ASSETS":488833046.364807,"TOTAL_LIABILITIES":168926737.710767,"TAX_EBT":44.861704519901,"OCF_SALES":-0.61324824985,"TOTAL_PARENT_EQUITY":321418710.34793,"DEBT_ASSET_RATIO":34.5571435825,"OPERATE_PROFIT":9063551.89476787,"PRETAX_PROFIT":6898102.90536244,"NETCASH_OPERATE":-5467913.81637117,"NETCASH_INVEST":-5077016.14779655,"NETCASH_FINANCE":32596522.2516947,"END_CASH":61190996.944173,"DIVI_RATIO":null,"DIVIDEND_RATE":null,"CURRENT_RATIO":2.733307367015,"COMMON_ACS":2000000000,"CURRENTDEBT_DEBT":82.514554369984,"ISSUED_COMMON_SHARES":1000000000,"HK_COMMON_SHARES":1000000000,"PER_SHARES":4000,"TOTAL_MARKET_CAP":173000000,"HKSK_MARKET_CAP":173000000,"PE_TTM":5.894610243937,"PB_TTM":0.4654059272,"REPORT_DATE_SQ":"2022-06-30 00:00:00","REPORT_TYPE_SQ":"2022年中报","OPERATE_INCOME_SQ":1323722015.49442,"DPS_HKD":null,"OPERATE_INCOME_QOQ_SQ":5.533503347988,"NET_PROFIT_RATIO_SQ":0.8859538866,"HOLDER_PROFIT_SQ":11966998.1089489,"HOLDER_PROFIT_QOQ_SQ":-34.194039173597,"ROE_AVG_SQ":3.762953585284,"PE_TTM_SQ":-33.367964602484,"PB_TTM_SQ":0.542140873188,"ROA_SQ":2.618935971738,"START_DATE":"2023-01-01 00:00:00","FISCAL_YEAR":"12-31","CURRENCY":"HKD","IS_CNY_CODE":0,"DPS_HKD_LY":null,"ORG_TYPE":"一般企业","PREMIUM_INCOME":null,"PREMIUM_INCOME_YOY":null,"NET_INTEREST_INCOME":null,"NET_INTEREST_INCOME_YOY":null,"FEE_COMMISSION_INCOME":null,"FEE_COMMISSION_INCOME_YOY":null,"ACCOUNTS_RECE_TDAYS":4.188921520758,"INVENTORY_TDAYS":11.443595609377,"CURRENT_ASSETS_TDAYS":2.52696179716,"TOTAL_ASSETS_TDAYS":1.936710737341,"PREMIUM_EXPENSE":null,"LOAN_DEPOSIT":null,"LOAN_EQUITY":null,"LOAN_ASSETS":null,"DEPOSIT_EQUITY":null,"DEPOSIT_ASSETS":null,"EQUITY_MULTIPLIER":1.528050660901,"EQUITY_RATIO":0.525565974451},{"SECUCODE":"01891.HK","SECURITY_CODE":"01891","SECURITY_NAME_ABBR":"兴合控股","ORG_CODE":"10970489","STD_REPORT_DATE":"2022-12-31 00:00:00","REPORT_DATE":"2022-12-31 00:00:00","DATE_TYPE_CODE":"001","REPORT_TYPE":"2022年年报","PER_NETCASH_OPERATE":0.010693163,"PER_OI":2.215243277344,"BPS":0.322935099756,"BASIC_EPS":0.003785190442,"DILUTED_EPS":0.003785190442,"OPERATE_INCOME":2215243277.34406,"OPERATE_INCOME_YOY":-0.9634483328,"GROSS_PROFIT":82531346.1083511,"GROSS_PROFIT_YOY":-30.311047978249,"HOLDER_PROFIT":3755224.35139185,"HOLDER_PROFIT_YOY":-90.6572493624,"GROSS_PROFIT_RATIO":3.725610949931,"EPS_TTM":0.003755224351,"OPERATE_INCOME_QOQ":-3.051110487669,"NET_PROFIT_RATIO":0.1050139722,"ROE_AVG":1.156948493683,"GROSS_PROFIT_QOQ":-16.792843708253,"ROA":0.85267764416,"HOLDER_PROFIT_QOQ":-85.332800240534,"ROE_YEARLY":1.156948493683,"ROIC_YEARLY":0.937480928504,"TOTAL_ASSETS":439170412.428042,"TOTAL_LIABILITIES":117776200.615093,"TAX_EBT":65.497076023392,"OCF_SALES":0.482708292544,"TOTAL_PARENT_EQUITY":322935099.75554,"DEBT_ASSET_RATIO":26.8178814606,"OPERATE_PROFIT":10207396.8929895,"PRETAX_PROFIT":6742370.47551455,"NETCASH_OPERATE":10693162.9997634,"NETCASH_INVEST":-26474252.8191783,"NETCASH_FINANCE":14296979.7334595,"END_CASH":39772888.5734564,"DIVI_RATIO":null,"DIVIDEND_RATE":null,"CURRENT_RATIO":3.470990100652,"COMMON_ACS":2000000000,"CURRENTDEBT_DEBT":80.758208795329,"ISSUED_COMMON_SHARES":1000000000,"HK_COMMON_SHARES":1000000000,"PER_SHARES":4000,"TOTAL_MARKET_CAP":173000000,"HKSK_MARKET_CAP":173000000,"PE_TTM":5.894610243937,"PB_TTM":0.4654059272,"REPORT_DATE_SQ":"2021-12-31 00:00:00","REPORT_TYPE_SQ":"2021年年报","OPERATE_INCOME_SQ":2165151214.44819,"DPS_HKD":null,"OPERATE_INCOME_QOQ_SQ":5.146655588024,"NET_PROFIT_RATIO_SQ":1.7919405686,"HOLDER_PROFIT_SQ":38906614.9642001,"HOLDER_PROFIT_QOQ_SQ":7.248006408086,"ROE_AVG_SQ":13.032739099752,"PE_TTM_SQ":-33.367964602484,"PB_TTM_SQ":0.542140873188,"ROA_SQ":10.017708368138,"START_DATE":"2022-01-01 00:00:00","FISCAL_YEAR":"12-31","CURRENCY":"HKD","IS_CNY_CODE":0,"DPS_HKD_LY":0.008,"ORG_TYPE":"一般企业","PREMIUM_INCOME":null,"PREMIUM_INCOME_YOY":null,"NET_INTEREST_INCOME":null,"NET_INTEREST_INCOME_YOY":null,"FEE_COMMISSION_INCOME":null,"FEE_COMMISSION_INCOME_YOY":null,"ACCOUNTS_RECE_TDAYS":10.093056678344,"INVENTORY_TDAYS":25.438479988713,"CURRENT_ASSETS_TDAYS":6.226449805392,"TOTAL_ASSETS_TDAYS":5.030028148031,"PREMIUM_EXPENSE":null,"LOAN_DEPOSIT":null,"LOAN_EQUITY":null,"LOAN_ASSETS":null,"DEPOSIT_EQUITY":null,"DEPOSIT_ASSETS":null,"EQUITY_MULTIPLIER":1.36645401904,"EQUITY_RATIO":0.364705480155},{"SECUCODE":"01891.HK","SECURITY_CODE":"01891","SECURITY_NAME_ABBR":"兴合控股","ORG_CODE":"10970489","STD_REPORT_DATE":"2022-06-30 00:00:00","REPORT_DATE":"2022-06-30 00:00:00","DATE_TYPE_CODE":"002","REPORT_TYPE":"2022年中报","PER_NETCASH_OPERATE":-0.011768742756,"PER_OI":1.323722015494,"BPS":0.320598731166,"BASIC_EPS":0.011895321174,"DILUTED_EPS":0.011895321174,"OPERATE_INCOME":1323722015.49442,"OPERATE_INCOME_YOY":12.1825285532,"GROSS_PROFIT":53788202.2814616,"GROSS_PROFIT_YOY":-26.346354791303,"HOLDER_PROFIT":11966998.1089489,"HOLDER_PROFIT_YOY":-51.6840096053,"GROSS_PROFIT_RATIO":4.063406187391,"EPS_TTM":0.025602871802,"OPERATE_INCOME_QOQ":5.533503347988,"NET_PROFIT_RATIO":0.8859538866,"ROE_AVG":3.762953585284,"GROSS_PROFIT_QOQ":-16.246444263276,"ROA":2.618935971738,"HOLDER_PROFIT_QOQ":-34.194039173597,"ROE_YEARLY":7.525907170568,"ROIC_YEARLY":5.768983351774,"TOTAL_ASSETS":486840419.691332,"TOTAL_LIABILITIES":166584822.790215,"TAX_EBT":36.671333278432,"OCF_SALES":-0.88906451795,"TOTAL_PARENT_EQUITY":320598731.165741,"DEBT_ASSET_RATIO":34.2175415295,"OPERATE_PROFIT":20003965.1070579,"PRETAX_PROFIT":18518575.001525,"NETCASH_OPERATE":-11768742.7560544,"NETCASH_INVEST":-6553101.93375221,"NETCASH_FINANCE":22355578.6006222,"END_CASH":44403098.8836699,"DIVI_RATIO":null,"DIVIDEND_RATE":null,"CURRENT_RATIO":2.690096901288,"COMMON_ACS":2000000000,"CURRENTDEBT_DEBT":85.972187891937,"ISSUED_COMMON_SHARES":1000000000,"HK_COMMON_SHARES":1000000000,"PER_SHARES":4000,"TOTAL_MARKET_CAP":173000000,"HKSK_MARKET_CAP":173000000,"PE_TTM":5.894610243937,"PB_TTM":0.4654059272,"REPORT_DATE_SQ":"2021-06-30 00:00:00","REPORT_TYPE_SQ":"2021年中报","OPERATE_INCOME_SQ":1203913300.55393,"DPS_HKD":null,"OPERATE_INCOME_QOQ_SQ":46.634878742751,"NET_PROFIT_RATIO_SQ":2.0956895872,"HOLDER_PROFIT_SQ":25270741.270928,"HOLDER_PROFIT_QOQ_SQ":167.29390872307,"ROE_AVG_SQ":8.506570711753,"PE_TTM_SQ":-33.367964602484,"PB_TTM_SQ":0.542140873188,"ROA_SQ":6.662099744854,"START_DATE":"2022-01-01 00:00:00","FISCAL_YEAR":"12-31","CURRENCY":"HKD","IS_CNY_CODE":0,"DPS_HKD_LY":0.008,"ORG_TYPE":"一般企业","PREMIUM_INCOME":null,"PREMIUM_INCOME_YOY":null,"NET_INTEREST_INCOME":null,"NET_INTEREST_INCOME_YOY":null,"FEE_COMMISSION_INCOME":null,"FEE_COMMISSION_INCOME_YOY":null,"ACCOUNTS_RECE_TDAYS":5.459286071443,"INVENTORY_TDAYS":15.102214403598,"CURRENT_ASSETS_TDAYS":3.51082177541,"TOTAL_ASSETS_TDAYS":2.896919654702,"PREMIUM_EXPENSE":null,"LOAN_DEPOSIT":null,"LOAN_EQUITY":null,"LOAN_ASSETS":null,"DEPOSIT_EQUITY":null,"DEPOSIT_ASSETS":null,"EQUITY_MULTIPLIER":1.520162096782,"EQUITY_RATIO":0.519605371439},{"SECUCODE":"01891.HK","SECURITY_CODE":"01891","SECURITY_NAME_ABBR":"兴合控股","ORG_CODE":"10970489","STD_REPORT_DATE":"2021-12-31 00:00:00","REPORT_DATE":"2021-12-31 00:00:00","DATE_TYPE_CODE":"001","REPORT_TYPE":"2021年年报","PER_NETCASH_OPERATE":-0.003280765766,"PER_OI":2.165151214448,"BPS":0.315776376655,"BASIC_EPS":0.038929514679,"DILUTED_EPS":0.038929514679,"OPERATE_INCOME":2165151214.44819,"OPERATE_INCOME_YOY":63.3328803472,"GROSS_PROFIT":118428163.59556,"GROSS_PROFIT_YOY":49.48696851354,"HOLDER_PROFIT":38906614.9642001,"HOLDER_PROFIT_YOY":203.6820781697,"GROSS_PROFIT_RATIO":5.4697409957,"EPS_TTM":0.038906614964,"OPERATE_INCOME_QOQ":5.146655588024,"NET_PROFIT_RATIO":1.7919405686,"ROE_AVG":13.032739099752,"GROSS_PROFIT_QOQ":-1.007545311102,"ROA":10.017708368138,"HOLDER_PROFIT_QOQ":7.248006408086,"ROE_YEARLY":13.032739099752,"ROIC_YEARLY":11.142420552596,"TOTAL_ASSETS":427491870.601346,"TOTAL_LIABILITIES":111823885.928889,"TAX_EBT":28.503910425927,"OCF_SALES":-0.151525941678,"TOTAL_PARENT_EQUITY":315776376.654504,"DEBT_ASSET_RATIO":26.158131562,"OPERATE_PROFIT":56347037.5402653,"PRETAX_PROFIT":54266216.814497,"NETCASH_OPERATE":-3280765.76645344,"NETCASH_INVEST":-3961650.61142238,"NETCASH_FINANCE":9340030.22762316,"END_CASH":40225638.5203731,"DIVI_RATIO":null,"DIVIDEND_RATE":null,"CURRENT_RATIO":3.566368288331,"COMMON_ACS":2000000000,"CURRENTDEBT_DEBT":92.577271734382,"ISSUED_COMMON_SHARES":1000000000,"HK_COMMON_SHARES":1000000000,"PER_SHARES":4000,"TOTAL_MARKET_CAP":173000000,"HKSK_MARKET_CAP":173000000,"PE_TTM":5.894610243937,"PB_TTM":0.4654059272,"REPORT_DATE_SQ":"2020-12-31 00:00:00","REPORT_TYPE_SQ":"2020年年报","OPERATE_INCOME_SQ":1404285737.38942,"DPS_HKD":null,"OPERATE_INCOME_QOQ_SQ":0.040618400283,"NET_PROFIT_RATIO_SQ":0.9664728807,"HOLDER_PROFIT_SQ":13572040.8196271,"HOLDER_PROFIT_QOQ_SQ":1397.67905493988,"ROE_AVG_SQ":4.660849860874,"PE_TTM_SQ":-33.367964602484,"PB_TTM_SQ":0.542140873188,"ROA_SQ":3.907317606908,"START_DATE":"2021-01-01 00:00:00","FISCAL_YEAR":"12-31","CURRENCY":"HKD","IS_CNY_CODE":0,"DPS_HKD_LY":0.0055,"ORG_TYPE":"一般企业","PREMIUM_INCOME":null,"PREMIUM_INCOME_YOY":null,"NET_INTEREST_INCOME":null,"NET_INTEREST_INCOME_YOY":null,"FEE_COMMISSION_INCOME":null,"FEE_COMMISSION_INCOME_YOY":null,"ACCOUNTS_RECE_TDAYS":10.112184983298,"INVENTORY_TDAYS":29.468403121222,"CURRENT_ASSETS_TDAYS":6.530788075262,"TOTAL_ASSETS_TDAYS":5.574849793337,"PREMIUM_EXPENSE":null,"LOAN_DEPOSIT":null,"LOAN_EQUITY":null,"LOAN_ASSETS":null,"DEPOSIT_EQUITY":null,"DEPOSIT_ASSETS":null,"EQUITY_MULTIPLIER":1.354245255643,"EQUITY_RATIO":0.354123659007},{"SECUCODE":"01891.HK","SECURITY_CODE":"01891","SECURITY_NAME_ABBR":"兴合控股","ORG_CODE":"10970489","STD_REPORT_DATE":"2021-06-30 00:00:00","REPORT_DATE":"2021-06-30 00:00:00","DATE_TYPE_CODE":"002","REPORT_TYPE":"2021年中报","PER_NETCASH_OPERATE":0.020584116512,"PER_OI":1.203913300554,"BPS":0.307457832825,"BASIC_EPS":0.025206945914,"DILUTED_EPS":0.025206945914,"OPERATE_INCOME":1203913300.55393,"OPERATE_INCOME_YOY":132.9616894691,"GROSS_PROFIT":73028567.8720359,"GROSS_PROFIT_YOY":123.889630288412,"HOLDER_PROFIT":25270741.270928,"HOLDER_PROFIT_YOY":946.456185567,"GROSS_PROFIT_RATIO":6.06593247524,"EPS_TTM":0.0362772384,"OPERATE_INCOME_QOQ":46.634878742751,"NET_PROFIT_RATIO":2.0956895872,"ROE_AVG":8.506570711753,"GROSS_PROFIT_QOQ":51.00844704107,"ROA":6.662099744854,"HOLDER_PROFIT_QOQ":167.29390872307,"ROE_YEARLY":17.013141423506,"ROIC_YEARLY":15.222857249978,"TOTAL_ASSETS":402665401.132757,"TOTAL_LIABILITIES":95248023.8999191,"TAX_EBT":31.504245342796,"OCF_SALES":1.709767348084,"TOTAL_PARENT_EQUITY":307457832.825045,"DEBT_ASSET_RATIO":23.6543849141,"OPERATE_PROFIT":37791747.0591896,"PRETAX_PROFIT":36834816.7050476,"NETCASH_OPERATE":20584116.5121056,"NETCASH_INVEST":-3205327.69029688,"NETCASH_FINANCE":-571046.243853862,"END_CASH":55637331.1757017,"DIVI_RATIO":null,"DIVIDEND_RATE":null,"CURRENT_RATIO":4.139322478009,"COMMON_ACS":2000000000,"CURRENTDEBT_DEBT":87.283954650897,"ISSUED_COMMON_SHARES":1000000000,"HK_COMMON_SHARES":1000000000,"PER_SHARES":4000,"TOTAL_MARKET_CAP":173000000,"HKSK_MARKET_CAP":173000000,"PE_TTM":5.894610243937,"PB_TTM":0.4654059272,"REPORT_DATE_SQ":"2020-06-30 00:00:00","REPORT_TYPE_SQ":"2020年中报","OPERATE_INCOME_SQ":549026349.720633,"DPS_HKD":null,"OPERATE_INCOME_QOQ_SQ":-16.576610763541,"NET_PROFIT_RATIO_SQ":0.4672897196,"HOLDER_PROFIT_SQ":2565543.69028333,"HOLDER_PROFIT_QOQ_SQ":-92.003882758695,"ROE_AVG_SQ":0.878658008413,"PE_TTM_SQ":-33.367964602484,"PB_TTM_SQ":0.542140873188,"ROA_SQ":0.763647993702,"START_DATE":"2021-01-01 00:00:00","FISCAL_YEAR":"12-31","CURRENCY":"HKD","IS_CNY_CODE":0,"DPS_HKD_LY":0.0055,"ORG_TYPE":"一般企业","PREMIUM_INCOME":null,"PREMIUM_INCOME_YOY":null,"NET_INTEREST_INCOME":null,"NET_INTEREST_INCOME_YOY":null,"FEE_COMMISSION_INCOME":null,"FEE_COMMISSION_INCOME_YOY":null,"ACCOUNTS_RECE_TDAYS":5.9557397807,"INVENTORY_TDAYS":17.946934340815,"CURRENT_ASSETS_TDAYS":3.741002637502,"TOTAL_ASSETS_TDAYS":3.173864354218,"PREMIUM_EXPENSE":null,"LOAN_DEPOSIT":null,"LOAN_EQUITY":null,"LOAN_ASSETS":null,"DEPOSIT_EQUITY":null,"DEPOSIT_ASSETS":null,"EQUITY_MULTIPLIER":1.309832920823,"EQUITY_RATIO":0.309792152715},{"SECUCODE":"01891.HK","SECURITY_CODE":"01891","SECURITY_NAME_ABBR":"兴合控股","ORG_CODE":"10970489","STD_REPORT_DATE":"2020-12-31 00:00:00","REPORT_DATE":"2020-12-31 00:00:00","DATE_TYPE_CODE":"001","REPORT_TYPE":"2020年年报","PER_NETCASH_OPERATE":-0.018232982388,"PER_OI":1.404285737389,"BPS":0.29797842576,"BASIC_EPS":0.013584978895,"DILUTED_EPS":0.013584978895,"OPERATE_INCOME":1404285737.38942,"OPERATE_INCOME_YOY":-12.3451954565,"GROSS_PROFIT":79223068.5879708,"GROSS_PROFIT_YOY":-7.371693400242,"HOLDER_PROFIT":13572040.8196271,"HOLDER_PROFIT_YOY":25.7793764988,"GROSS_PROFIT_RATIO":5.64152055943,"EPS_TTM":0.01357204082,"OPERATE_INCOME_QOQ":0.040618400283,"NET_PROFIT_RATIO":0.9664728807,"ROE_AVG":4.660849860874,"GROSS_PROFIT_QOQ":13.41322459669,"ROA":3.907317606908,"HOLDER_PROFIT_QOQ":1397.67905493988,"ROE_YEARLY":4.660849860874,"ROIC_YEARLY":4.607457470785,"TOTAL_ASSETS":369994986.495884,"TOTAL_LIABILITIES":72016560.7361765,"TAX_EBT":33.801372564487,"OCF_SALES":-1.298381227024,"TOTAL_PARENT_EQUITY":297978425.759708,"DEBT_ASSET_RATIO":19.4641990742,"OPERATE_PROFIT":23427619.5559006,"PRETAX_PROFIT":20501997.3153494,"NETCASH_OPERATE":-18232982.3880452,"NETCASH_INVEST":3077644.62342115,"NETCASH_FINANCE":9968786.89372988,"END_CASH":40433102.0652402,"DIVI_RATIO":null,"DIVIDEND_RATE":null,"CURRENT_RATIO":5.06512815115,"COMMON_ACS":2000000000,"CURRENTDEBT_DEBT":85.340220076353,"ISSUED_COMMON_SHARES":1000000000,"HK_COMMON_SHARES":1000000000,"PER_SHARES":4000,"TOTAL_MARKET_CAP":173000000,"HKSK_MARKET_CAP":173000000,"PE_TTM":5.894610243937,"PB_TTM":0.4654059272,"REPORT_DATE_SQ":"2019-12-31 00:00:00","REPORT_TYPE_SQ":"2019年年报","OPERATE_INCOME_SQ":1682640304.38918,"DPS_HKD":null,"OPERATE_INCOME_QOQ_SQ":3.558672569855,"NET_PROFIT_RATIO_SQ":0.6735284735,"HOLDER_PROFIT_SQ":11333061.5572768,"HOLDER_PROFIT_QOQ_SQ":-67.995488991502,"ROE_AVG_SQ":4.550306047638,"PE_TTM_SQ":-33.367964602484,"PB_TTM_SQ":0.542140873188,"ROA_SQ":3.745568557883,"START_DATE":"2020-01-01 00:00:00","FISCAL_YEAR":"12-31","CURRENCY":"HKD","IS_CNY_CODE":0,"DPS_HKD_LY":null,"ORG_TYPE":"一般企业","PREMIUM_INCOME":null,"PREMIUM_INCOME_YOY":null,"NET_INTEREST_INCOME":null,"NET_INTEREST_INCOME_YOY":null,"FEE_COMMISSION_INCOME":null,"FEE_COMMISSION_INCOME_YOY":null,"ACCOUNTS_RECE_TDAYS":7.487126424888,"INVENTORY_TDAYS":30.176086035762,"CURRENT_ASSETS_TDAYS":4.761017548573,"TOTAL_ASSETS_TDAYS":4.042863162404,"PREMIUM_EXPENSE":null,"LOAN_DEPOSIT":null,"LOAN_EQUITY":null,"LOAN_ASSETS":null,"DEPOSIT_EQUITY":null,"DEPOSIT_ASSETS":null,"EQUITY_MULTIPLIER":1.241683808324,"EQUITY_RATIO":0.241683808325},{"SECUCODE":"01891.HK","SECURITY_CODE":"01891","SECURITY_NAME_ABBR":"兴合控股","ORG_CODE":"10970489","STD_REPORT_DATE":"2020-06-30 00:00:00","REPORT_DATE":"2020-06-30 00:00:00","DATE_TYPE_CODE":"002","REPORT_TYPE":"2020年中报","PER_NETCASH_OPERATE":-0.034252983767,"PER_OI":0.549026349721,"BPS":0.29326710087,"BASIC_EPS":0.002644890402,"DILUTED_EPS":0.002644890402,"OPERATE_INCOME":549026349.720633,"OPERATE_INCOME_YOY":-33.4376809968,"GROSS_PROFIT":32618110.8870301,"GROSS_PROFIT_YOY":-32.457288664178,"HOLDER_PROFIT":2565543.69028333,"HOLDER_PROFIT_YOY":-80.1787994891,"GROSS_PROFIT_RATIO":5.941082955969,"EPS_TTM":0.000906204889,"OPERATE_INCOME_QOQ":-16.576610763541,"NET_PROFIT_RATIO":0.4672897196,"ROE_AVG":0.878658008413,"GROSS_PROFIT_QOQ":-18.326714605678,"ROA":0.763647993702,"HOLDER_PROFIT_QOQ":-92.003882758695,"ROE_YEARLY":1.757316016826,"ROIC_YEARLY":1.792711909925,"TOTAL_ASSETS":340027110.126624,"TOTAL_LIABILITIES":46760009.2571164,"TAX_EBT":44.092219020173,"OCF_SALES":-6.238859716736,"TOTAL_PARENT_EQUITY":293267100.869508,"DEBT_ASSET_RATIO":13.7518473864,"OPERATE_PROFIT":6352696.1351539,"PRETAX_PROFIT":4588884.84808411,"NETCASH_OPERATE":-34252983.7669851,"NETCASH_INVEST":-8372731.17995173,"NETCASH_FINANCE":8189241.90828842,"END_CASH":12192944.7548517,"DIVI_RATIO":null,"DIVIDEND_RATE":null,"CURRENT_RATIO":7.641701381276,"COMMON_ACS":2000000000,"CURRENTDEBT_DEBT":80.620072824973,"ISSUED_COMMON_SHARES":1000000000,"HK_COMMON_SHARES":1000000000,"PER_SHARES":4000,"TOTAL_MARKET_CAP":173000000,"HKSK_MARKET_CAP":173000000,"PE_TTM":5.894610243937,"PB_TTM":0.4654059272,"REPORT_DATE_SQ":"2019-06-30 00:00:00","REPORT_TYPE_SQ":"2019年中报","OPERATE_INCOME_SQ":827951083.529685,"DPS_HKD":null,"OPERATE_INCOME_QOQ_SQ":10.239602098936,"NET_PROFIT_RATIO_SQ":1.5692231844,"HOLDER_PROFIT_SQ":12992400.358411,"HOLDER_PROFIT_QOQ_SQ":-12.727027614394,"ROE_AVG_SQ":5.268115454484,"PE_TTM_SQ":-33.367964602484,"PB_TTM_SQ":0.542140873188,"ROA_SQ":4.192647606095,"START_DATE":"2020-01-01 00:00:00","FISCAL_YEAR":"12-31","CURRENCY":"HKD","IS_CNY_CODE":0,"DPS_HKD_LY":null,"ORG_TYPE":"一般企业","PREMIUM_INCOME":null,"PREMIUM_INCOME_YOY":null,"NET_INTEREST_INCOME":null,"NET_INTEREST_INCOME_YOY":null,"FEE_COMMISSION_INCOME":null,"FEE_COMMISSION_INCOME_YOY":null,"ACCOUNTS_RECE_TDAYS":3.012362251145,"INVENTORY_TDAYS":12.058362604701,"CURRENT_ASSETS_TDAYS":1.916806860909,"TOTAL_ASSETS_TDAYS":1.634206706522,"PREMIUM_EXPENSE":null,"LOAN_DEPOSIT":null,"LOAN_EQUITY":null,"LOAN_ASSETS":null,"DEPOSIT_EQUITY":null,"DEPOSIT_ASSETS":null,"EQUITY_MULTIPLIER":1.159445123979,"EQUITY_RATIO":0.159445123979}],"count":18},"success":true,"message":"ok","code":0}