{"version":"b1f501eec020dff9c2d3449a925eb30f","result":{"pages":2,"data":[{"SECUCODE":"01890.HK","SECURITY_CODE":"01890","SECURITY_NAME_ABBR":"中国科培","ORG_CODE":"10933196","STD_REPORT_DATE":"2024-12-31 00:00:00","REPORT_DATE":"2024-08-31 00:00:00","DATE_TYPE_CODE":"001","REPORT_TYPE":"2024年年报","PER_NETCASH_OPERATE":0.598779594476,"PER_OI":0.840433471663,"BPS":2.542297325993,"BASIC_EPS":0.4114,"DILUTED_EPS":0.4114,"OPERATE_INCOME":1692842000,"OPERATE_INCOME_YOY":11.5554709128,"GROSS_PROFIT":948565000,"GROSS_PROFIT_YOY":8.441262245249,"HOLDER_PROFIT":827845000,"HOLDER_PROFIT_YOY":11.3750260664,"GROSS_PROFIT_RATIO":56.033876758729,"EPS_TTM":0.410994438553,"OPERATE_INCOME_QOQ":0,"NET_PROFIT_RATIO":48.8994838266,"ROE_AVG":17.404680233716,"GROSS_PROFIT_QOQ":0,"ROA":11.01582310758,"HOLDER_PROFIT_QOQ":0,"ROE_YEARLY":17.404680233716,"ROIC_YEARLY":12.718070092452,"TOTAL_ASSETS":7613529000,"TOTAL_LIABILITIES":2490764000,"TAX_EBT":5.538356203463,"OCF_SALES":71.246519167176,"TOTAL_PARENT_EQUITY":5120819000,"DEBT_ASSET_RATIO":32.7149735688,"OPERATE_PROFIT":929863000,"PRETAX_PROFIT":876325000,"NETCASH_OPERATE":1206091000,"NETCASH_INVEST":-95472000,"NETCASH_FINANCE":-897222000,"END_CASH":1110375000,"DIVI_RATIO":0.154569244839,"DIVIDEND_RATE":5.147058823529,"CURRENT_RATIO":0.751837613239,"COMMON_ACS":5000000000,"CURRENTDEBT_DEBT":79.608947294886,"ISSUED_COMMON_SHARES":2014248667,"HK_COMMON_SHARES":2014248667,"PER_SHARES":2000,"TOTAL_MARKET_CAP":2739378187.12,"HKSK_MARKET_CAP":2739378187.12,"PE_TTM":3.018579045419,"PB_TTM":0.487991387677,"REPORT_DATE_SQ":"2023-12-31 00:00:00","REPORT_TYPE_SQ":"2023年年报","OPERATE_INCOME_SQ":1517489000,"DPS_HKD":0.07,"OPERATE_INCOME_QOQ_SQ":0,"NET_PROFIT_RATIO_SQ":48.981903658,"HOLDER_PROFIT_SQ":743295000,"HOLDER_PROFIT_QOQ_SQ":0,"ROE_AVG_SQ":18.254593241924,"PE_TTM_SQ":3.300809735007,"PB_TTM_SQ":0.558613289092,"ROA_SQ":10.051003132829,"START_DATE":"2023-09-01 00:00:00","FISCAL_YEAR":"8-31","CURRENCY":"HKD","IS_CNY_CODE":0,"DPS_HKD_LY":null,"ORG_TYPE":"一般企业","PREMIUM_INCOME":null,"PREMIUM_INCOME_YOY":null,"NET_INTEREST_INCOME":null,"NET_INTEREST_INCOME_YOY":null,"FEE_COMMISSION_INCOME":null,"FEE_COMMISSION_INCOME_YOY":null,"ACCOUNTS_RECE_TDAYS":38.219608285827,"INVENTORY_TDAYS":286.591066615325,"CURRENT_ASSETS_TDAYS":1.228683027168,"TOTAL_ASSETS_TDAYS":0.225260139532,"PREMIUM_EXPENSE":null,"LOAN_DEPOSIT":null,"LOAN_EQUITY":null,"LOAN_ASSETS":null,"DEPOSIT_EQUITY":null,"DEPOSIT_ASSETS":null,"EQUITY_MULTIPLIER":1.486214768783,"EQUITY_RATIO":0.486399538824},{"SECUCODE":"01890.HK","SECURITY_CODE":"01890","SECURITY_NAME_ABBR":"中国科培","ORG_CODE":"10933196","STD_REPORT_DATE":"2024-06-30 00:00:00","REPORT_DATE":"2024-02-29 00:00:00","DATE_TYPE_CODE":"002","REPORT_TYPE":"2024年中报","PER_NETCASH_OPERATE":0.342870342164,"PER_OI":0.432686057199,"BPS":2.417607160318,"BASIC_EPS":0.2249,"DILUTED_EPS":0.2249,"OPERATE_INCOME":871970000,"OPERATE_INCOME_YOY":10.410889522,"GROSS_PROFIT":529853000,"GROSS_PROFIT_YOY":8.401392832885,"HOLDER_PROFIT":452488000,"HOLDER_PROFIT_YOY":6.6645293907,"GROSS_PROFIT_RATIO":60.765049256282,"EPS_TTM":0.38305449205,"OPERATE_INCOME_QOQ":0,"NET_PROFIT_RATIO":51.8926109843,"ROE_AVG":9.771118700754,"GROSS_PROFIT_QOQ":0,"ROA":6.182076475885,"HOLDER_PROFIT_QOQ":0,"ROE_YEARLY":19.542237401509,"ROIC_YEARLY":14.062013570591,"TOTAL_ASSETS":7222128000,"TOTAL_LIABILITIES":2352466000,"TAX_EBT":5.885974454384,"OCF_SALES":79.242290445772,"TOTAL_PARENT_EQUITY":4869662000,"DEBT_ASSET_RATIO":32.5730311066,"OPERATE_PROFIT":509029000,"PRETAX_PROFIT":480787000,"NETCASH_OPERATE":690969000,"NETCASH_INVEST":35552000,"NETCASH_FINANCE":-755858000,"END_CASH":868111000,"DIVI_RATIO":0.165843506129,"DIVIDEND_RATE":5.223880597015,"CURRENT_RATIO":0.710683997785,"COMMON_ACS":5000000000,"CURRENTDEBT_DEBT":71.943526495176,"ISSUED_COMMON_SHARES":2014248667,"HK_COMMON_SHARES":2014248667,"PER_SHARES":2000,"TOTAL_MARKET_CAP":2699093213.78,"HKSK_MARKET_CAP":2699093213.78,"PE_TTM":2.974188177104,"PB_TTM":0.480815043741,"REPORT_DATE_SQ":"2023-06-30 00:00:00","REPORT_TYPE_SQ":"2023年中报","OPERATE_INCOME_SQ":789750000,"DPS_HKD":0.07,"OPERATE_INCOME_QOQ_SQ":0,"NET_PROFIT_RATIO_SQ":53.7152263374,"HOLDER_PROFIT_SQ":424216000,"HOLDER_PROFIT_QOQ_SQ":0,"ROE_AVG_SQ":10.840517268916,"PE_TTM_SQ":3.083879142453,"PB_TTM_SQ":0.52081238983,"ROA_SQ":5.648555774555,"START_DATE":"2023-09-01 00:00:00","FISCAL_YEAR":"8-31","CURRENCY":"HKD","IS_CNY_CODE":0,"DPS_HKD_LY":null,"ORG_TYPE":"一般企业","PREMIUM_INCOME":null,"PREMIUM_INCOME_YOY":null,"NET_INTEREST_INCOME":null,"NET_INTEREST_INCOME_YOY":null,"FEE_COMMISSION_INCOME":null,"FEE_COMMISSION_INCOME_YOY":null,"ACCOUNTS_RECE_TDAYS":19.163754642755,"INVENTORY_TDAYS":null,"CURRENT_ASSETS_TDAYS":0.706753333385,"TOTAL_ASSETS_TDAYS":0.119132114546,"PREMIUM_EXPENSE":null,"LOAN_DEPOSIT":null,"LOAN_EQUITY":null,"LOAN_ASSETS":null,"DEPOSIT_EQUITY":null,"DEPOSIT_ASSETS":null,"EQUITY_MULTIPLIER":1.483086095092,"EQUITY_RATIO":0.483086095092},{"SECUCODE":"01890.HK","SECURITY_CODE":"01890","SECURITY_NAME_ABBR":"中国科培","ORG_CODE":"10933196","STD_REPORT_DATE":"2023-12-31 00:00:00","REPORT_DATE":"2023-08-31 00:00:00","DATE_TYPE_CODE":"001","REPORT_TYPE":"2023年年报","PER_NETCASH_OPERATE":0.494708676068,"PER_OI":0.753003351323,"BPS":2.180506345595,"BASIC_EPS":0.3701,"DILUTED_EPS":0.3694,"OPERATE_INCOME":1517489000,"OPERATE_INCOME_YOY":5.4021877972,"GROSS_PROFIT":874727000,"GROSS_PROFIT_YOY":-3.133367736334,"HOLDER_PROFIT":743295000,"HOLDER_PROFIT_YOY":5.5471933885,"GROSS_PROFIT_RATIO":57.64305375525,"EPS_TTM":0.368835376086,"OPERATE_INCOME_QOQ":0,"NET_PROFIT_RATIO":48.981903658,"ROE_AVG":18.254593241924,"GROSS_PROFIT_QOQ":0,"ROA":10.051003132829,"HOLDER_PROFIT_QOQ":0,"ROE_YEARLY":18.254593241924,"ROIC_YEARLY":11.714047046092,"TOTAL_ASSETS":7416578000,"TOTAL_LIABILITIES":3024496000,"TAX_EBT":1.122867602456,"OCF_SALES":65.69807095801,"TOTAL_PARENT_EQUITY":4392082000,"DEBT_ASSET_RATIO":40.780208878,"OPERATE_PROFIT":837624000,"PRETAX_PROFIT":751736000,"NETCASH_OPERATE":996961000,"NETCASH_INVEST":-575470000,"NETCASH_FINANCE":-718861000,"END_CASH":899380000,"DIVI_RATIO":0.172237003603,"DIVIDEND_RATE":5.185185185185,"CURRENT_RATIO":0.643065827782,"COMMON_ACS":5000000000,"CURRENTDEBT_DEBT":65.026966476398,"ISSUED_COMMON_SHARES":2014248667,"HK_COMMON_SHARES":2014248667,"PER_SHARES":2000,"TOTAL_MARKET_CAP":2719235700.45,"HKSK_MARKET_CAP":2719235700.45,"PE_TTM":2.996383611261,"PB_TTM":0.484403215709,"REPORT_DATE_SQ":"2022-12-31 00:00:00","REPORT_TYPE_SQ":"2022年年报","OPERATE_INCOME_SQ":1439713000,"DPS_HKD":0.07,"OPERATE_INCOME_QOQ_SQ":0,"NET_PROFIT_RATIO_SQ":48.9146100646,"HOLDER_PROFIT_SQ":704230000,"HOLDER_PROFIT_QOQ_SQ":0,"ROE_AVG_SQ":20.143947862521,"PE_TTM_SQ":3.375264089932,"PB_TTM_SQ":0.571213588846,"ROA_SQ":9.974443171608,"START_DATE":"2022-09-01 00:00:00","FISCAL_YEAR":"8-31","CURRENCY":"HKD","IS_CNY_CODE":0,"DPS_HKD_LY":0.06,"ORG_TYPE":"一般企业","PREMIUM_INCOME":null,"PREMIUM_INCOME_YOY":null,"NET_INTEREST_INCOME":null,"NET_INTEREST_INCOME_YOY":null,"FEE_COMMISSION_INCOME":null,"FEE_COMMISSION_INCOME_YOY":null,"ACCOUNTS_RECE_TDAYS":32.505896087483,"INVENTORY_TDAYS":null,"CURRENT_ASSETS_TDAYS":1.138096548786,"TOTAL_ASSETS_TDAYS":0.205198295334,"PREMIUM_EXPENSE":null,"LOAN_DEPOSIT":null,"LOAN_EQUITY":null,"LOAN_ASSETS":null,"DEPOSIT_EQUITY":null,"DEPOSIT_ASSETS":null,"EQUITY_MULTIPLIER":1.688624665933,"EQUITY_RATIO":0.688624665933},{"SECUCODE":"01890.HK","SECURITY_CODE":"01890","SECURITY_NAME_ABBR":"中国科培","ORG_CODE":"10933196","STD_REPORT_DATE":"2023-06-30 00:00:00","REPORT_DATE":"2023-02-28 00:00:00","DATE_TYPE_CODE":"002","REPORT_TYPE":"2023年中报","PER_NETCASH_OPERATE":0.265836672552,"PER_OI":0.391887121888,"BPS":2.023048626895,"BASIC_EPS":0.2111,"DILUTED_EPS":0.2107,"OPERATE_INCOME":789750000,"OPERATE_INCOME_YOY":12.2877409797,"GROSS_PROFIT":488788000,"GROSS_PROFIT_YOY":7.005672227975,"HOLDER_PROFIT":424216000,"HOLDER_PROFIT_YOY":11.368212689,"GROSS_PROFIT_RATIO":61.89148464704,"EPS_TTM":0.37093834237,"OPERATE_INCOME_QOQ":0,"NET_PROFIT_RATIO":53.7152263374,"ROE_AVG":10.840517268916,"GROSS_PROFIT_QOQ":0,"ROA":5.648555774555,"HOLDER_PROFIT_QOQ":0,"ROE_YEARLY":21.681034537832,"ROIC_YEARLY":13.361708306515,"TOTAL_ASSETS":7646449000,"TOTAL_LIABILITIES":3571526000,"TAX_EBT":2.124704389456,"OCF_SALES":67.835011079456,"TOTAL_PARENT_EQUITY":4074923000,"DEBT_ASSET_RATIO":46.7082955762,"OPERATE_PROFIT":478436000,"PRETAX_PROFIT":433425000,"NETCASH_OPERATE":535727000,"NETCASH_INVEST":-463308000,"NETCASH_FINANCE":-155156000,"END_CASH":1120458000,"DIVI_RATIO":0.171260537787,"DIVIDEND_RATE":5.223880597015,"CURRENT_RATIO":0.620400691003,"COMMON_ACS":5000000000,"CURRENTDEBT_DEBT":66.744075221628,"ISSUED_COMMON_SHARES":2014248667,"HK_COMMON_SHARES":2014248667,"PER_SHARES":2000,"TOTAL_MARKET_CAP":2699093213.78,"HKSK_MARKET_CAP":2699093213.78,"PE_TTM":2.974188177104,"PB_TTM":0.480815043741,"REPORT_DATE_SQ":"2022-06-30 00:00:00","REPORT_TYPE_SQ":"2022年中报","OPERATE_INCOME_SQ":703327000,"DPS_HKD":0.07,"OPERATE_INCOME_QOQ_SQ":0,"NET_PROFIT_RATIO_SQ":54.1587341308,"HOLDER_PROFIT_SQ":380913000,"HOLDER_PROFIT_QOQ_SQ":0,"ROE_AVG_SQ":11.265142656377,"PE_TTM_SQ":3.083879142453,"PB_TTM_SQ":0.52081238983,"ROA_SQ":5.377318077555,"START_DATE":"2022-09-01 00:00:00","FISCAL_YEAR":"8-31","CURRENCY":"HKD","IS_CNY_CODE":0,"DPS_HKD_LY":0.06,"ORG_TYPE":"一般企业","PREMIUM_INCOME":null,"PREMIUM_INCOME_YOY":null,"NET_INTEREST_INCOME":null,"NET_INTEREST_INCOME_YOY":null,"FEE_COMMISSION_INCOME":null,"FEE_COMMISSION_INCOME_YOY":null,"ACCOUNTS_RECE_TDAYS":13.759549798333,"INVENTORY_TDAYS":null,"CURRENT_ASSETS_TDAYS":0.548271495575,"TOTAL_ASSETS_TDAYS":0.105157441562,"PREMIUM_EXPENSE":null,"LOAN_DEPOSIT":null,"LOAN_EQUITY":null,"LOAN_ASSETS":null,"DEPOSIT_EQUITY":null,"DEPOSIT_ASSETS":null,"EQUITY_MULTIPLIER":1.876464659579,"EQUITY_RATIO":0.876464659578},{"SECUCODE":"01890.HK","SECURITY_CODE":"01890","SECURITY_NAME_ABBR":"中国科培","ORG_CODE":"10933196","STD_REPORT_DATE":"2022-12-31 00:00:00","REPORT_DATE":"2022-08-31 00:00:00","DATE_TYPE_CODE":"001","REPORT_TYPE":"2022年年报","PER_NETCASH_OPERATE":0.628648474377,"PER_OI":0.714409602932,"BPS":1.862514326787,"BASIC_EPS":0.3511,"DILUTED_EPS":0.3501,"OPERATE_INCOME":1439713000,"OPERATE_INCOME_YOY":null,"GROSS_PROFIT":903022000,"GROSS_PROFIT_YOY":null,"HOLDER_PROFIT":704230000,"HOLDER_PROFIT_YOY":null,"GROSS_PROFIT_RATIO":62.722362026321,"EPS_TTM":0.349450671538,"OPERATE_INCOME_QOQ":0,"NET_PROFIT_RATIO":48.9146100646,"ROE_AVG":20.143947862521,"GROSS_PROFIT_QOQ":0,"ROA":9.974443171608,"HOLDER_PROFIT_QOQ":0,"ROE_YEARLY":20.143947862521,"ROIC_YEARLY":12.098544130575,"TOTAL_ASSETS":7373886000,"TOTAL_LIABILITIES":3622319000,"TAX_EBT":3.77189362615,"OCF_SALES":87.99552410793,"TOTAL_PARENT_EQUITY":3751567000,"DEBT_ASSET_RATIO":49.1236099934,"OPERATE_PROFIT":801396000,"PRETAX_PROFIT":731834000,"NETCASH_OPERATE":1266883000,"NETCASH_INVEST":-1583741000,"NETCASH_FINANCE":307829000,"END_CASH":1200423000,"DIVI_RATIO":0.18179132328,"DIVIDEND_RATE":5.223880597015,"CURRENT_RATIO":0.634836942814,"COMMON_ACS":5000000000,"CURRENTDEBT_DEBT":60.966386450227,"ISSUED_COMMON_SHARES":2014248667,"HK_COMMON_SHARES":2014248667,"PER_SHARES":2000,"TOTAL_MARKET_CAP":2699093213.78,"HKSK_MARKET_CAP":2699093213.78,"PE_TTM":2.974188177104,"PB_TTM":0.480815043741,"REPORT_DATE_SQ":"2021-12-31 00:00:00","REPORT_TYPE_SQ":"2021年年报","OPERATE_INCOME_SQ":null,"DPS_HKD":0.07,"OPERATE_INCOME_QOQ_SQ":0,"NET_PROFIT_RATIO_SQ":null,"HOLDER_PROFIT_SQ":null,"HOLDER_PROFIT_QOQ_SQ":0,"ROE_AVG_SQ":null,"PE_TTM_SQ":3.083879142453,"PB_TTM_SQ":0.52081238983,"ROA_SQ":null,"START_DATE":"2021-09-01 00:00:00","FISCAL_YEAR":"8-31","CURRENCY":"HKD","IS_CNY_CODE":0,"DPS_HKD_LY":0.12,"ORG_TYPE":"一般企业","PREMIUM_INCOME":null,"PREMIUM_INCOME_YOY":null,"NET_INTEREST_INCOME":null,"NET_INTEREST_INCOME_YOY":null,"FEE_COMMISSION_INCOME":null,"FEE_COMMISSION_INCOME_YOY":null,"ACCOUNTS_RECE_TDAYS":31.896161728053,"INVENTORY_TDAYS":null,"CURRENT_ASSETS_TDAYS":0.980378310798,"TOTAL_ASSETS_TDAYS":0.203915418286,"PREMIUM_EXPENSE":null,"LOAN_DEPOSIT":null,"LOAN_EQUITY":null,"LOAN_ASSETS":null,"DEPOSIT_EQUITY":null,"DEPOSIT_ASSETS":null,"EQUITY_MULTIPLIER":1.965548262898,"EQUITY_RATIO":0.965548262899},{"SECUCODE":"01890.HK","SECURITY_CODE":"01890","SECURITY_NAME_ABBR":"中国科培","ORG_CODE":"10933196","STD_REPORT_DATE":"2022-06-30 00:00:00","REPORT_DATE":"2022-02-28 00:00:00","DATE_TYPE_CODE":"002","REPORT_TYPE":"2022年中报","PER_NETCASH_OPERATE":0.345542965195,"PER_OI":0.349002587878,"BPS":1.748679325302,"BASIC_EPS":0.1898,"DILUTED_EPS":0.1894,"OPERATE_INCOME":703327000,"OPERATE_INCOME_YOY":10.8960269432,"GROSS_PROFIT":456787000,"GROSS_PROFIT_YOY":1.128876569668,"HOLDER_PROFIT":380913000,"HOLDER_PROFIT_YOY":-5.4262006912,"GROSS_PROFIT_RATIO":64.946603784584,"EPS_TTM":0.321047228858,"OPERATE_INCOME_QOQ":0,"NET_PROFIT_RATIO":54.1587341308,"ROE_AVG":11.265142656377,"GROSS_PROFIT_QOQ":0,"ROA":5.377318077555,"HOLDER_PROFIT_QOQ":0,"ROE_YEARLY":22.530285312755,"ROIC_YEARLY":13.355433852713,"TOTAL_ASSETS":7420595000,"TOTAL_LIABILITIES":3898320000,"TAX_EBT":4.148716658279,"OCF_SALES":99.008711452852,"TOTAL_PARENT_EQUITY":3522275000,"DEBT_ASSET_RATIO":52.5337927754,"OPERATE_PROFIT":431631000,"PRETAX_PROFIT":397400000,"NETCASH_OPERATE":696355000,"NETCASH_INVEST":-940046000,"NETCASH_FINANCE":471004000,"END_CASH":1455208000,"DIVI_RATIO":0.197874624945,"DIVIDEND_RATE":5.223880597015,"CURRENT_RATIO":0.765823193838,"COMMON_ACS":5000000000,"CURRENTDEBT_DEBT":65.493212460752,"ISSUED_COMMON_SHARES":2014248667,"HK_COMMON_SHARES":2014248667,"PER_SHARES":2000,"TOTAL_MARKET_CAP":2699093213.78,"HKSK_MARKET_CAP":2699093213.78,"PE_TTM":2.974188177104,"PB_TTM":0.480815043741,"REPORT_DATE_SQ":"2021-06-30 00:00:00","REPORT_TYPE_SQ":"2021年中报","OPERATE_INCOME_SQ":634222000,"DPS_HKD":0.07,"OPERATE_INCOME_QOQ_SQ":24.825800143211,"NET_PROFIT_RATIO_SQ":63.5058386496,"HOLDER_PROFIT_SQ":402768000,"HOLDER_PROFIT_QOQ_SQ":14.554082048195,"ROE_AVG_SQ":12.29906132812,"PE_TTM_SQ":3.083879142453,"PB_TTM_SQ":0.52081238983,"ROA_SQ":7.456161258407,"START_DATE":"2021-09-01 00:00:00","FISCAL_YEAR":"8-31","CURRENCY":"HKD","IS_CNY_CODE":0,"DPS_HKD_LY":0.12,"ORG_TYPE":"一般企业","PREMIUM_INCOME":null,"PREMIUM_INCOME_YOY":null,"NET_INTEREST_INCOME":null,"NET_INTEREST_INCOME_YOY":null,"FEE_COMMISSION_INCOME":null,"FEE_COMMISSION_INCOME_YOY":null,"ACCOUNTS_RECE_TDAYS":14.53260049797,"INVENTORY_TDAYS":null,"CURRENT_ASSETS_TDAYS":0.4030141528,"TOTAL_ASSETS_TDAYS":0.099288104936,"PREMIUM_EXPENSE":null,"LOAN_DEPOSIT":null,"LOAN_EQUITY":null,"LOAN_ASSETS":null,"DEPOSIT_EQUITY":null,"DEPOSIT_ASSETS":null,"EQUITY_MULTIPLIER":2.106761964924,"EQUITY_RATIO":1.106761964923},{"SECUCODE":"01890.HK","SECURITY_CODE":"01890","SECURITY_NAME_ABBR":"中国科培","ORG_CODE":"10933196","STD_REPORT_DATE":"2021-06-30 00:00:00","REPORT_DATE":"2021-06-30 00:00:00","DATE_TYPE_CODE":"002","REPORT_TYPE":"2021年中报","PER_NETCASH_OPERATE":-0.072107230427,"PER_OI":0.314711534306,"BPS":1.67598274002,"BASIC_EPS":0.2013,"DILUTED_EPS":0.2005,"OPERATE_INCOME":634222000,"OPERATE_INCOME_YOY":51.3945383367,"GROSS_PROFIT":451688000,"GROSS_PROFIT_YOY":45.960531120439,"HOLDER_PROFIT":402768000,"HOLDER_PROFIT_YOY":25.6419854758,"GROSS_PROFIT_RATIO":71.219226075412,"EPS_TTM":0.321047228858,"OPERATE_INCOME_QOQ":24.825800143211,"NET_PROFIT_RATIO":63.5058386496,"ROE_AVG":12.29906132812,"GROSS_PROFIT_QOQ":23.467924634152,"ROA":7.456161258407,"HOLDER_PROFIT_QOQ":14.554082048195,"ROE_YEARLY":24.59812265624,"ROIC_YEARLY":20.107509838011,"TOTAL_ASSETS":6387227000,"TOTAL_LIABILITIES":3011381000,"TAX_EBT":-1.324518305522,"OCF_SALES":-22.912166402301,"TOTAL_PARENT_EQUITY":3375846000,"DEBT_ASSET_RATIO":47.1469230701,"OPERATE_PROFIT":419048000,"PRETAX_PROFIT":397503000,"NETCASH_OPERATE":-145314000,"NETCASH_INVEST":-363237000,"NETCASH_FINANCE":611855000,"END_CASH":1397135000,"DIVI_RATIO":0.197874624945,"DIVIDEND_RATE":5.223880597015,"CURRENT_RATIO":0.66975252355,"COMMON_ACS":5000000000,"CURRENTDEBT_DEBT":79.026267350428,"ISSUED_COMMON_SHARES":2014248667,"HK_COMMON_SHARES":2014248667,"PER_SHARES":2000,"TOTAL_MARKET_CAP":2699093213.78,"HKSK_MARKET_CAP":2699093213.78,"PE_TTM":2.974188177104,"PB_TTM":0.480815043741,"REPORT_DATE_SQ":"2020-06-30 00:00:00","REPORT_TYPE_SQ":"2020年中报","OPERATE_INCOME_SQ":418920000,"DPS_HKD":0.07,"OPERATE_INCOME_QOQ_SQ":8.349866636797,"NET_PROFIT_RATIO_SQ":76.5224863936,"HOLDER_PROFIT_SQ":320568000,"HOLDER_PROFIT_QOQ_SQ":16.653808895532,"ROE_AVG_SQ":11.219249197714,"PE_TTM_SQ":3.083879142453,"PB_TTM_SQ":0.52081238983,"ROA_SQ":8.997955469428,"START_DATE":"2021-01-01 00:00:00","FISCAL_YEAR":"12-31","CURRENCY":"HKD","IS_CNY_CODE":0,"DPS_HKD_LY":0.12,"ORG_TYPE":"一般企业","PREMIUM_INCOME":null,"PREMIUM_INCOME_YOY":null,"NET_INTEREST_INCOME":null,"NET_INTEREST_INCOME_YOY":null,"FEE_COMMISSION_INCOME":null,"FEE_COMMISSION_INCOME_YOY":null,"ACCOUNTS_RECE_TDAYS":16.63947737797,"INVENTORY_TDAYS":1921.41052631579,"CURRENT_ASSETS_TDAYS":0.367390183573,"TOTAL_ASSETS_TDAYS":0.117409066898,"PREMIUM_EXPENSE":null,"LOAN_DEPOSIT":null,"LOAN_EQUITY":null,"LOAN_ASSETS":null,"DEPOSIT_EQUITY":null,"DEPOSIT_ASSETS":null,"EQUITY_MULTIPLIER":1.892037432989,"EQUITY_RATIO":0.892037432987},{"SECUCODE":"01890.HK","SECURITY_CODE":"01890","SECURITY_NAME_ABBR":"中国科培","ORG_CODE":"10933196","STD_REPORT_DATE":"2020-12-31 00:00:00","REPORT_DATE":"2020-12-31 00:00:00","DATE_TYPE_CODE":"001","REPORT_TYPE":"2020年年报","PER_NETCASH_OPERATE":0.315712403347,"PER_OI":0.430344410693,"BPS":1.575638128497,"BASIC_EPS":0.2823,"DILUTED_EPS":0.2821,"OPERATE_INCOME":867251000,"OPERATE_INCOME_YOY":21.427161289,"GROSS_PROFIT":606057000,"GROSS_PROFIT_YOY":25.792511690754,"HOLDER_PROFIT":564790000,"HOLDER_PROFIT_YOY":23.7830777121,"GROSS_PROFIT_RATIO":69.882536889551,"EPS_TTM":0.280258217881,"OPERATE_INCOME_QOQ":12.069506920583,"NET_PROFIT_RATIO":65.1241682051,"ROE_AVG":18.941116499319,"GROSS_PROFIT_QOQ":12.476685553302,"ROA":14.408790334102,"HOLDER_PROFIT_QOQ":6.111475385196,"ROE_YEARLY":18.941116499319,"ROIC_YEARLY":21.178697108333,"TOTAL_ASSETS":4416402000,"TOTAL_LIABILITIES":1242675000,"TAX_EBT":-0.523986999996,"OCF_SALES":73.362728898554,"TOTAL_PARENT_EQUITY":3173727000,"DEBT_ASSET_RATIO":28.1377238757,"OPERATE_PROFIT":600607000,"PRETAX_PROFIT":561846000,"NETCASH_OPERATE":636239000,"NETCASH_INVEST":-650722000,"NETCASH_FINANCE":221154000,"END_CASH":1294204000,"DIVI_RATIO":0.226673460212,"DIVIDEND_RATE":5.223880597015,"CURRENT_RATIO":1.925646625406,"COMMON_ACS":5000000000,"CURRENTDEBT_DEBT":77.674532761985,"ISSUED_COMMON_SHARES":2014248667,"HK_COMMON_SHARES":2014248667,"PER_SHARES":2000,"TOTAL_MARKET_CAP":2699093213.78,"HKSK_MARKET_CAP":2699093213.78,"PE_TTM":2.974188177104,"PB_TTM":0.480815043741,"REPORT_DATE_SQ":"2019-12-31 00:00:00","REPORT_TYPE_SQ":"2019年年报","OPERATE_INCOME_SQ":714215000,"DPS_HKD":0.07,"OPERATE_INCOME_QOQ_SQ":9.775703836228,"NET_PROFIT_RATIO_SQ":63.8846845838,"HOLDER_PROFIT_SQ":456274000,"HOLDER_PROFIT_QOQ_SQ":11.726708196207,"ROE_AVG_SQ":21.611669735165,"PE_TTM_SQ":3.083879142453,"PB_TTM_SQ":0.52081238983,"ROA_SQ":15.861112284337,"START_DATE":"2020-01-01 00:00:00","FISCAL_YEAR":"12-31","CURRENCY":"HKD","IS_CNY_CODE":0,"DPS_HKD_LY":0.1,"ORG_TYPE":"一般企业","PREMIUM_INCOME":null,"PREMIUM_INCOME_YOY":null,"NET_INTEREST_INCOME":null,"NET_INTEREST_INCOME_YOY":null,"FEE_COMMISSION_INCOME":null,"FEE_COMMISSION_INCOME_YOY":null,"ACCOUNTS_RECE_TDAYS":27.192518734519,"INVENTORY_TDAYS":null,"CURRENT_ASSETS_TDAYS":0.525356883348,"TOTAL_ASSETS_TDAYS":0.221251045982,"PREMIUM_EXPENSE":null,"LOAN_DEPOSIT":null,"LOAN_EQUITY":null,"LOAN_ASSETS":null,"DEPOSIT_EQUITY":null,"DEPOSIT_ASSETS":null,"EQUITY_MULTIPLIER":1.391550691033,"EQUITY_RATIO":0.391550691033},{"SECUCODE":"01890.HK","SECURITY_CODE":"01890","SECURITY_NAME_ABBR":"中国科培","ORG_CODE":"10933196","STD_REPORT_DATE":"2020-06-30 00:00:00","REPORT_DATE":"2020-06-30 00:00:00","DATE_TYPE_CODE":"002","REPORT_TYPE":"2020年中报","PER_NETCASH_OPERATE":-0.024216829409,"PER_OI":0.209376388994,"BPS":1.452002450301,"BASIC_EPS":0.1602,"DILUTED_EPS":0.1602,"OPERATE_INCOME":418920000,"OPERATE_INCOME_YOY":16.5985682635,"GROSS_PROFIT":309459000,"GROSS_PROFIT_YOY":22.596376688152,"HOLDER_PROFIT":320568000,"HOLDER_PROFIT_YOY":31.0682350632,"GROSS_PROFIT_RATIO":73.870667430536,"EPS_TTM":0.266024267598,"OPERATE_INCOME_QOQ":8.349866636797,"NET_PROFIT_RATIO":76.5224863936,"ROE_AVG":11.219249197714,"GROSS_PROFIT_QOQ":11.838743355521,"ROA":8.997955469428,"HOLDER_PROFIT_QOQ":16.653808895532,"ROE_YEARLY":22.438498395428,"ROIC_YEARLY":24.896339034072,"TOTAL_ASSETS":3702234000,"TOTAL_LIABILITIES":777540000,"TAX_EBT":1.208057000567,"OCF_SALES":-11.566170151819,"TOTAL_PARENT_EQUITY":2924694000,"DEBT_ASSET_RATIO":21.0019139795,"OPERATE_PROFIT":327305000,"PRETAX_PROFIT":324488000,"NETCASH_OPERATE":-48453000,"NETCASH_INVEST":-488525000,"NETCASH_FINANCE":279155000,"END_CASH":863159000,"DIVI_RATIO":0.238801897938,"DIVIDEND_RATE":5.223880597015,"CURRENT_RATIO":2.408448006742,"COMMON_ACS":5000000000,"CURRENTDEBT_DEBT":67.152172235512,"ISSUED_COMMON_SHARES":2014248667,"HK_COMMON_SHARES":2014248667,"PER_SHARES":2000,"TOTAL_MARKET_CAP":2699093213.78,"HKSK_MARKET_CAP":2699093213.78,"PE_TTM":2.974188177104,"PB_TTM":0.480815043741,"REPORT_DATE_SQ":"2019-06-30 00:00:00","REPORT_TYPE_SQ":"2019年中报","OPERATE_INCOME_SQ":359284000,"DPS_HKD":0.07,"OPERATE_INCOME_QOQ_SQ":13.061407487345,"NET_PROFIT_RATIO_SQ":68.0745594015,"HOLDER_PROFIT_SQ":244581000,"HOLDER_PROFIT_QOQ_SQ":19.425891050311,"ROE_AVG_SQ":12.268542438108,"PE_TTM_SQ":3.083879142453,"PB_TTM_SQ":0.52081238983,"ROA_SQ":9.339505166339,"START_DATE":"2020-01-01 00:00:00","FISCAL_YEAR":"12-31","CURRENCY":"HKD","IS_CNY_CODE":0,"DPS_HKD_LY":0.1,"ORG_TYPE":"一般企业","PREMIUM_INCOME":null,"PREMIUM_INCOME_YOY":null,"NET_INTEREST_INCOME":null,"NET_INTEREST_INCOME_YOY":null,"FEE_COMMISSION_INCOME":null,"FEE_COMMISSION_INCOME_YOY":null,"ACCOUNTS_RECE_TDAYS":13.225363451248,"INVENTORY_TDAYS":null,"CURRENT_ASSETS_TDAYS":0.310266409765,"TOTAL_ASSETS_TDAYS":0.117585769798,"PREMIUM_EXPENSE":null,"LOAN_DEPOSIT":null,"LOAN_EQUITY":null,"LOAN_ASSETS":null,"DEPOSIT_EQUITY":null,"DEPOSIT_ASSETS":null,"EQUITY_MULTIPLIER":1.265853453387,"EQUITY_RATIO":0.265853453387}],"count":16},"success":true,"message":"ok","code":0}