{"version":"27cdf56cde03c40aaf6f4a8c154be8d1","result":{"pages":3,"data":[{"SECUCODE":"01896.HK","SECURITY_CODE":"01896","SECURITY_NAME_ABBR":"猫眼娱乐","ORG_CODE":"10971636","STD_REPORT_DATE":"2024-06-30 00:00:00","REPORT_DATE":"2024-06-30 00:00:00","DATE_TYPE_CODE":"002","REPORT_TYPE":"2024年中报","PER_NETCASH_OPERATE":0.282248059224,"PER_OI":1.87399538339,"BPS":8.024192334821,"BASIC_EPS":0.25,"DILUTED_EPS":0.25,"OPERATE_INCOME":2170895000,"OPERATE_INCOME_YOY":-1.1826788664,"GROSS_PROFIT":1156171000,"GROSS_PROFIT_YOY":4.993634113162,"HOLDER_PROFIT":284827000,"HOLDER_PROFIT_YOY":-29.9570142089,"GROSS_PROFIT_RATIO":53.257803809028,"EPS_TTM":0.680742109302,"OPERATE_INCOME_QOQ":-0.546142205913,"NET_PROFIT_RATIO":13.1202568526,"ROE_AVG":3.11632080116,"GROSS_PROFIT_QOQ":2.30574896273,"ROA":2.209419200073,"HOLDER_PROFIT_QOQ":-13.380645246328,"ROE_YEARLY":6.23264160232,"ROIC_YEARLY":6.080840938156,"TOTAL_ASSETS":13242879000,"TOTAL_LIABILITIES":4004370000,"TAX_EBT":36.905051990803,"OCF_SALES":15.061299602238,"TOTAL_PARENT_EQUITY":9238509000,"DEBT_ASSET_RATIO":30.2379112578,"OPERATE_PROFIT":406905000,"PRETAX_PROFIT":451426000,"NETCASH_OPERATE":326965000,"NETCASH_INVEST":-558287000,"NETCASH_FINANCE":219155000,"END_CASH":2150568000,"DIVI_RATIO":null,"DIVIDEND_RATE":null,"CURRENT_RATIO":1.92880217741,"COMMON_ACS":2500000000,"CURRENTDEBT_DEBT":97.981979687192,"ISSUED_COMMON_SHARES":1151331949,"HK_COMMON_SHARES":1151331949,"PER_SHARES":200,"TOTAL_MARKET_CAP":9625135093.64,"HKSK_MARKET_CAP":9625135093.64,"PE_TTM":10.992037418519,"PB_TTM":0.950875113859,"REPORT_DATE_SQ":"2023-06-30 00:00:00","REPORT_TYPE_SQ":"2023年中报","OPERATE_INCOME_SQ":2196877000,"DPS_HKD":null,"OPERATE_INCOME_QOQ_SQ":43.349599931364,"NET_PROFIT_RATIO_SQ":18.443271972,"HOLDER_PROFIT_SQ":406646000,"HOLDER_PROFIT_QOQ_SQ":242.210286148873,"ROE_AVG_SQ":4.836248302197,"PE_TTM_SQ":25.332998638118,"PB_TTM_SQ":1.030089236802,"ROA_SQ":3.570973813655,"START_DATE":"2024-01-01 00:00:00","FISCAL_YEAR":"12-31","CURRENCY":"HKD","IS_CNY_CODE":0,"DPS_HKD_LY":null,"ORG_TYPE":"一般企业","PREMIUM_INCOME":null,"PREMIUM_INCOME_YOY":null,"NET_INTEREST_INCOME":null,"NET_INTEREST_INCOME_YOY":null,"FEE_COMMISSION_INCOME":null,"FEE_COMMISSION_INCOME_YOY":null,"ACCOUNTS_RECE_TDAYS":3.361171558871,"INVENTORY_TDAYS":26.683250719855,"CURRENT_ASSETS_TDAYS":0.296559619085,"TOTAL_ASSETS_TDAYS":0.168397556915,"PREMIUM_EXPENSE":null,"LOAN_DEPOSIT":null,"LOAN_EQUITY":null,"LOAN_ASSETS":null,"DEPOSIT_EQUITY":null,"DEPOSIT_ASSETS":null,"EQUITY_MULTIPLIER":1.433443318613,"EQUITY_RATIO":0.433443318613},{"SECUCODE":"01896.HK","SECURITY_CODE":"01896","SECURITY_NAME_ABBR":"猫眼娱乐","ORG_CODE":"10971636","STD_REPORT_DATE":"2023-12-31 00:00:00","REPORT_DATE":"2023-12-31 00:00:00","DATE_TYPE_CODE":"001","REPORT_TYPE":"2023年年报","PER_NETCASH_OPERATE":1.304094795344,"PER_OI":4.148460592634,"BPS":7.852807357472,"BASIC_EPS":0.79,"DILUTED_EPS":0.79,"OPERATE_INCOME":4757369000,"OPERATE_INCOME_YOY":105.1052457084,"GROSS_PROFIT":2384865000,"GROSS_PROFIT_YOY":133.817171093267,"HOLDER_PROFIT":910412000,"HOLDER_PROFIT_YOY":765.4929175777,"GROSS_PROFIT_RATIO":50.129914244617,"EPS_TTM":0.793885928348,"OPERATE_INCOME_QOQ":43.080445154094,"NET_PROFIT_RATIO":19.0827535135,"ROE_AVG":10.577854141401,"GROSS_PROFIT_QOQ":59.118400799574,"ROA":7.986730832208,"HOLDER_PROFIT_QOQ":152.912595736879,"ROE_YEARLY":10.577854141401,"ROIC_YEARLY":10.623752128165,"TOTAL_ASSETS":12540096000,"TOTAL_LIABILITIES":3501819000,"TAX_EBT":21.309393687499,"OCF_SALES":31.435631753602,"TOTAL_PARENT_EQUITY":9041188000,"DEBT_ASSET_RATIO":27.9249776078,"OPERATE_PROFIT":1098225000,"PRETAX_PROFIT":1153679000,"NETCASH_OPERATE":1495509000,"NETCASH_INVEST":-831240000,"NETCASH_FINANCE":-243369000,"END_CASH":2147222000,"DIVI_RATIO":null,"DIVIDEND_RATE":null,"CURRENT_RATIO":2.080511471004,"COMMON_ACS":2500000000,"CURRENTDEBT_DEBT":97.078918127979,"ISSUED_COMMON_SHARES":1151331949,"HK_COMMON_SHARES":1151331949,"PER_SHARES":200,"TOTAL_MARKET_CAP":9394868703.84,"HKSK_MARKET_CAP":9394868703.84,"PE_TTM":10.729070016162,"PB_TTM":0.928126905394,"REPORT_DATE_SQ":"2022-12-31 00:00:00","REPORT_TYPE_SQ":"2022年年报","OPERATE_INCOME_SQ":2319477000,"DPS_HKD":null,"OPERATE_INCOME_QOQ_SQ":-14.568632694148,"NET_PROFIT_RATIO_SQ":4.5187772933,"HOLDER_PROFIT_SQ":105190000,"HOLDER_PROFIT_QOQ_SQ":-21.081851601771,"ROE_AVG_SQ":1.301853857715,"PE_TTM_SQ":25.057160676942,"PB_TTM_SQ":1.018873126188,"ROA_SQ":0.988332759491,"START_DATE":"2023-01-01 00:00:00","FISCAL_YEAR":"12-31","CURRENCY":"HKD","IS_CNY_CODE":0,"DPS_HKD_LY":null,"ORG_TYPE":"一般企业","PREMIUM_INCOME":null,"PREMIUM_INCOME_YOY":null,"NET_INTEREST_INCOME":null,"NET_INTEREST_INCOME_YOY":null,"FEE_COMMISSION_INCOME":null,"FEE_COMMISSION_INCOME_YOY":null,"ACCOUNTS_RECE_TDAYS":8.03159885976,"INVENTORY_TDAYS":80.828004428924,"CURRENT_ASSETS_TDAYS":0.808702954333,"TOTAL_ASSETS_TDAYS":0.417347592875,"PREMIUM_EXPENSE":null,"LOAN_DEPOSIT":null,"LOAN_EQUITY":null,"LOAN_ASSETS":null,"DEPOSIT_EQUITY":null,"DEPOSIT_ASSETS":null,"EQUITY_MULTIPLIER":1.387443204053,"EQUITY_RATIO":0.387318458592},{"SECUCODE":"01896.HK","SECURITY_CODE":"01896","SECURITY_NAME_ABBR":"猫眼娱乐","ORG_CODE":"10971636","STD_REPORT_DATE":"2023-06-30 00:00:00","REPORT_DATE":"2023-06-30 00:00:00","DATE_TYPE_CODE":"002","REPORT_TYPE":"2023年中报","PER_NETCASH_OPERATE":1.423970812905,"PER_OI":1.917619090774,"BPS":7.508024951021,"BASIC_EPS":0.36,"DILUTED_EPS":0.35,"OPERATE_INCOME":2196877000,"OPERATE_INCOME_YOY":84.3956612134,"GROSS_PROFIT":1101182000,"GROSS_PROFIT_YOY":76.938489892392,"HOLDER_PROFIT":406646000,"HOLDER_PROFIT_YOY":167.7680834952,"GROSS_PROFIT_RATIO":50.124881820876,"EPS_TTM":0.314212976751,"OPERATE_INCOME_QOQ":43.349599931364,"NET_PROFIT_RATIO":18.443271972,"ROE_AVG":4.836248302197,"GROSS_PROFIT_QOQ":46.945400354912,"ROA":3.570973813655,"HOLDER_PROFIT_QOQ":242.210286148873,"ROE_YEARLY":9.672496604395,"ROIC_YEARLY":9.55035728763,"TOTAL_ASSETS":12517058000,"TOTAL_LIABILITIES":3872545000,"TAX_EBT":24.98199424186,"OCF_SALES":74.257229694698,"TOTAL_PARENT_EQUITY":8644229000,"DEBT_ASSET_RATIO":30.9381405758,"OPERATE_PROFIT":518387000,"PRETAX_PROFIT":540105000,"NETCASH_OPERATE":1631340000,"NETCASH_INVEST":173334000,"NETCASH_FINANCE":-333409000,"END_CASH":3233468000,"DIVI_RATIO":null,"DIVIDEND_RATE":null,"CURRENT_RATIO":1.84571458254,"COMMON_ACS":2500000000,"CURRENTDEBT_DEBT":96.939093025388,"ISSUED_COMMON_SHARES":1151331949,"HK_COMMON_SHARES":1151331949,"PER_SHARES":200,"TOTAL_MARKET_CAP":9394868703.84,"HKSK_MARKET_CAP":9394868703.84,"PE_TTM":10.729070016162,"PB_TTM":0.928126905394,"REPORT_DATE_SQ":"2022-06-30 00:00:00","REPORT_TYPE_SQ":"2022年中报","OPERATE_INCOME_SQ":1191393000,"DPS_HKD":null,"OPERATE_INCOME_QOQ_SQ":-18.306380635581,"NET_PROFIT_RATIO_SQ":12.746843401,"HOLDER_PROFIT_SQ":151865000,"HOLDER_PROFIT_QOQ_SQ":-63.829232948532,"ROE_AVG_SQ":1.877866872328,"PE_TTM_SQ":25.057160676942,"PB_TTM_SQ":1.018873126188,"ROA_SQ":1.399803466174,"START_DATE":"2023-01-01 00:00:00","FISCAL_YEAR":"12-31","CURRENCY":"HKD","IS_CNY_CODE":0,"DPS_HKD_LY":null,"ORG_TYPE":"一般企业","PREMIUM_INCOME":null,"PREMIUM_INCOME_YOY":null,"NET_INTEREST_INCOME":null,"NET_INTEREST_INCOME_YOY":null,"FEE_COMMISSION_INCOME":null,"FEE_COMMISSION_INCOME_YOY":null,"ACCOUNTS_RECE_TDAYS":4.758765597635,"INVENTORY_TDAYS":57.400791052204,"CURRENT_ASSETS_TDAYS":0.378071031082,"TOTAL_ASSETS_TDAYS":0.192919400137,"PREMIUM_EXPENSE":null,"LOAN_DEPOSIT":null,"LOAN_EQUITY":null,"LOAN_ASSETS":null,"DEPOSIT_EQUITY":null,"DEPOSIT_ASSETS":null,"EQUITY_MULTIPLIER":1.447977231336,"EQUITY_RATIO":0.447991949311},{"SECUCODE":"01896.HK","SECURITY_CODE":"01896","SECURITY_NAME_ABBR":"猫眼娱乐","ORG_CODE":"10971636","STD_REPORT_DATE":"2022-12-31 00:00:00","REPORT_DATE":"2022-12-31 00:00:00","DATE_TYPE_CODE":"001","REPORT_TYPE":"2022年年报","PER_NETCASH_OPERATE":0.065749848366,"PER_OI":2.027564095918,"BPS":7.098178772072,"BASIC_EPS":0.09,"DILUTED_EPS":0.09,"OPERATE_INCOME":2319477000,"OPERATE_INCOME_YOY":-30.2080239753,"GROSS_PROFIT":1019970000,"GROSS_PROFIT_YOY":-44.633979126396,"HOLDER_PROFIT":105190000,"HOLDER_PROFIT_YOY":-71.4547003815,"GROSS_PROFIT_RATIO":43.974137273187,"EPS_TTM":0.091951533578,"OPERATE_INCOME_QOQ":-14.568632694148,"NET_PROFIT_RATIO":4.5187772933,"ROE_AVG":1.301853857715,"GROSS_PROFIT_QOQ":-28.127294533145,"ROA":0.988332759491,"HOLDER_PROFIT_QOQ":-21.081851601771,"ROE_YEARLY":1.301853857715,"ROIC_YEARLY":1.276675434733,"TOTAL_ASSETS":10258018000,"TOTAL_LIABILITIES":2084243000,"TAX_EBT":42.185767633253,"OCF_SALES":3.242799993274,"TOTAL_PARENT_EQUITY":8172360000,"DEBT_ASSET_RATIO":20.318184273,"OPERATE_PROFIT":162087000,"PRETAX_PROFIT":181291000,"NETCASH_OPERATE":75216000,"NETCASH_INVEST":-528840000,"NETCASH_FINANCE":-415631000,"END_CASH":1720875000,"DIVI_RATIO":null,"DIVIDEND_RATE":null,"CURRENT_RATIO":2.407313757477,"COMMON_ACS":2500000000,"CURRENTDEBT_DEBT":93.52748216019,"ISSUED_COMMON_SHARES":1151331949,"HK_COMMON_SHARES":1151331949,"PER_SHARES":200,"TOTAL_MARKET_CAP":9394868703.84,"HKSK_MARKET_CAP":9394868703.84,"PE_TTM":10.729070016162,"PB_TTM":0.928126905394,"REPORT_DATE_SQ":"2021-12-31 00:00:00","REPORT_TYPE_SQ":"2021年年报","OPERATE_INCOME_SQ":3323415000,"DPS_HKD":null,"OPERATE_INCOME_QOQ_SQ":12.185435605229,"NET_PROFIT_RATIO_SQ":11.0880525002,"HOLDER_PROFIT_SQ":368502000,"HOLDER_PROFIT_QOQ_SQ":114.921351460116,"ROE_AVG_SQ":4.721137017863,"PE_TTM_SQ":25.057160676942,"PB_TTM_SQ":1.018873126188,"ROA_SQ":3.406240188915,"START_DATE":"2022-01-01 00:00:00","FISCAL_YEAR":"12-31","CURRENCY":"HKD","IS_CNY_CODE":0,"DPS_HKD_LY":null,"ORG_TYPE":"一般企业","PREMIUM_INCOME":null,"PREMIUM_INCOME_YOY":null,"NET_INTEREST_INCOME":null,"NET_INTEREST_INCOME_YOY":null,"FEE_COMMISSION_INCOME":null,"FEE_COMMISSION_INCOME_YOY":null,"ACCOUNTS_RECE_TDAYS":3.444467709744,"INVENTORY_TDAYS":47.843712607919,"CURRENT_ASSETS_TDAYS":0.453932622971,"TOTAL_ASSETS_TDAYS":0.217930896852,"PREMIUM_EXPENSE":null,"LOAN_DEPOSIT":null,"LOAN_EQUITY":null,"LOAN_ASSETS":null,"DEPOSIT_EQUITY":null,"DEPOSIT_ASSETS":null,"EQUITY_MULTIPLIER":1.254991481904,"EQUITY_RATIO":0.255035632302},{"SECUCODE":"01896.HK","SECURITY_CODE":"01896","SECURITY_NAME_ABBR":"猫眼娱乐","ORG_CODE":"10971636","STD_REPORT_DATE":"2022-06-30 00:00:00","REPORT_DATE":"2022-06-30 00:00:00","DATE_TYPE_CODE":"002","REPORT_TYPE":"2022年中报","PER_NETCASH_OPERATE":-0.080833858532,"PER_OI":1.0417421329,"BPS":7.11048712503,"BASIC_EPS":0.13,"DILUTED_EPS":0.13,"OPERATE_INCOME":1191393000,"OPERATE_INCOME_YOY":-33.8037771073,"GROSS_PROFIT":622353000,"GROSS_PROFIT_YOY":-40.470323784017,"HOLDER_PROFIT":151865000,"HOLDER_PROFIT_YOY":-60.7662041403,"GROSS_PROFIT_RATIO":52.237422915864,"EPS_TTM":0.116547443954,"OPERATE_INCOME_QOQ":-18.306380635581,"NET_PROFIT_RATIO":12.746843401,"ROE_AVG":1.877866872328,"GROSS_PROFIT_QOQ":-22.966555225702,"ROA":1.399803466174,"HOLDER_PROFIT_QOQ":-63.829232948532,"ROE_YEARLY":3.755733744655,"ROIC_YEARLY":3.611789204362,"TOTAL_ASSETS":10669711000,"TOTAL_LIABILITIES":2483180000,"TAX_EBT":20.617953154321,"OCF_SALES":-7.759488262899,"TOTAL_PARENT_EQUITY":8186531000,"DEBT_ASSET_RATIO":23.2731701918,"OPERATE_PROFIT":184745000,"PRETAX_PROFIT":191309000,"NETCASH_OPERATE":-92446000,"NETCASH_INVEST":-302457000,"NETCASH_FINANCE":-260988000,"END_CASH":1923574000,"DIVI_RATIO":null,"DIVIDEND_RATE":null,"CURRENT_RATIO":2.234738508316,"COMMON_ACS":2500000000,"CURRENTDEBT_DEBT":95.175661852947,"ISSUED_COMMON_SHARES":1151331949,"HK_COMMON_SHARES":1151331949,"PER_SHARES":200,"TOTAL_MARKET_CAP":9394868703.84,"HKSK_MARKET_CAP":9394868703.84,"PE_TTM":10.729070016162,"PB_TTM":0.928126905394,"REPORT_DATE_SQ":"2021-06-30 00:00:00","REPORT_TYPE_SQ":"2021年中报","OPERATE_INCOME_SQ":1799790000,"DPS_HKD":null,"OPERATE_INCOME_QOQ_SQ":116.918187875726,"NET_PROFIT_RATIO_SQ":21.5067869029,"HOLDER_PROFIT_SQ":387077000,"HOLDER_PROFIT_QOQ_SQ":126.530470142603,"ROE_AVG_SQ":4.92137193015,"PE_TTM_SQ":25.057160676942,"PB_TTM_SQ":1.018873126188,"ROA_SQ":3.576952834506,"START_DATE":"2022-01-01 00:00:00","FISCAL_YEAR":"12-31","CURRENCY":"HKD","IS_CNY_CODE":0,"DPS_HKD_LY":null,"ORG_TYPE":"一般企业","PREMIUM_INCOME":null,"PREMIUM_INCOME_YOY":null,"NET_INTEREST_INCOME":null,"NET_INTEREST_INCOME_YOY":null,"FEE_COMMISSION_INCOME":null,"FEE_COMMISSION_INCOME_YOY":null,"ACCOUNTS_RECE_TDAYS":1.649195711291,"INVENTORY_TDAYS":14.280981779852,"CURRENT_ASSETS_TDAYS":0.220457947917,"TOTAL_ASSETS_TDAYS":0.109815694925,"PREMIUM_EXPENSE":null,"LOAN_DEPOSIT":null,"LOAN_EQUITY":null,"LOAN_ASSETS":null,"DEPOSIT_EQUITY":null,"DEPOSIT_ASSETS":null,"EQUITY_MULTIPLIER":1.303325059174,"EQUITY_RATIO":0.303325059173},{"SECUCODE":"01896.HK","SECURITY_CODE":"01896","SECURITY_NAME_ABBR":"猫眼娱乐","ORG_CODE":"10971636","STD_REPORT_DATE":"2021-12-31 00:00:00","REPORT_DATE":"2021-12-31 00:00:00","DATE_TYPE_CODE":"001","REPORT_TYPE":"2021年年报","PER_NETCASH_OPERATE":0.507404280471,"PER_OI":2.911138803585,"BPS":6.937766303574,"BASIC_EPS":0.32,"DILUTED_EPS":0.32,"OPERATE_INCOME":3323415000,"OPERATE_INCOME_YOY":143.3506139754,"GROSS_PROFIT":1842231000,"GROSS_PROFIT_YOY":242.846534929857,"HOLDER_PROFIT":368502000,"HOLDER_PROFIT_YOY":157.0196449792,"GROSS_PROFIT_RATIO":55.431867521811,"EPS_TTM":0.322788598896,"OPERATE_INCOME_QOQ":12.185435605229,"NET_PROFIT_RATIO":11.0880525002,"ROE_AVG":4.721137017863,"GROSS_PROFIT_QOQ":14.89936962958,"ROA":3.406240188915,"HOLDER_PROFIT_QOQ":114.921351460116,"ROE_YEARLY":4.721137017863,"ROIC_YEARLY":4.354094551752,"TOTAL_ASSETS":11028335000,"TOTAL_LIABILITIES":3040663000,"TAX_EBT":31.101031328761,"OCF_SALES":17.429752227754,"TOTAL_PARENT_EQUITY":7987672000,"DEBT_ASSET_RATIO":27.5713695676,"OPERATE_PROFIT":538283000,"PRETAX_PROFIT":534844000,"NETCASH_OPERATE":579263000,"NETCASH_INVEST":163496000,"NETCASH_FINANCE":-341072000,"END_CASH":2519989000,"DIVI_RATIO":null,"DIVIDEND_RATE":null,"CURRENT_RATIO":1.900128822783,"COMMON_ACS":2500000000,"CURRENTDEBT_DEBT":95.658315308207,"ISSUED_COMMON_SHARES":1151331949,"HK_COMMON_SHARES":1151331949,"PER_SHARES":200,"TOTAL_MARKET_CAP":9394868703.84,"HKSK_MARKET_CAP":9394868703.84,"PE_TTM":10.729070016162,"PB_TTM":0.928126905394,"REPORT_DATE_SQ":"2020-12-31 00:00:00","REPORT_TYPE_SQ":"2020年年报","OPERATE_INCOME_SQ":1365690000,"DPS_HKD":null,"OPERATE_INCOME_QOQ_SQ":-45.063657756592,"NET_PROFIT_RATIO_SQ":-47.3220130483,"HOLDER_PROFIT_SQ":-646272000,"HOLDER_PROFIT_QOQ_SQ":-181.961205204052,"ROE_AVG_SQ":-8.123535378002,"PE_TTM_SQ":25.057160676942,"PB_TTM_SQ":1.018873126188,"ROA_SQ":-5.885958729928,"START_DATE":"2021-01-01 00:00:00","FISCAL_YEAR":"12-31","CURRENCY":"HKD","IS_CNY_CODE":0,"DPS_HKD_LY":null,"ORG_TYPE":"一般企业","PREMIUM_INCOME":null,"PREMIUM_INCOME_YOY":null,"NET_INTEREST_INCOME":null,"NET_INTEREST_INCOME_YOY":null,"FEE_COMMISSION_INCOME":null,"FEE_COMMISSION_INCOME_YOY":null,"ACCOUNTS_RECE_TDAYS":5.409063240541,"INVENTORY_TDAYS":42.197171061066,"CURRENT_ASSETS_TDAYS":0.637512228808,"TOTAL_ASSETS_TDAYS":0.307199139691,"PREMIUM_EXPENSE":null,"LOAN_DEPOSIT":null,"LOAN_EQUITY":null,"LOAN_ASSETS":null,"DEPOSIT_EQUITY":null,"DEPOSIT_ASSETS":null,"EQUITY_MULTIPLIER":1.380669486679,"EQUITY_RATIO":0.380669486679},{"SECUCODE":"01896.HK","SECURITY_CODE":"01896","SECURITY_NAME_ABBR":"猫眼娱乐","ORG_CODE":"10971636","STD_REPORT_DATE":"2021-06-30 00:00:00","REPORT_DATE":"2021-06-30 00:00:00","DATE_TYPE_CODE":"002","REPORT_TYPE":"2021年中报","PER_NETCASH_OPERATE":0.377612364064,"PER_OI":1.577074613158,"BPS":7.041750215515,"BASIC_EPS":0.34,"DILUTED_EPS":0.34,"OPERATE_INCOME":1799790000,"OPERATE_INCOME_YOY":786.377739473,"GROSS_PROFIT":1045450000,"GROSS_PROFIT_YOY":5185.12087163773,"HOLDER_PROFIT":387077000,"HOLDER_PROFIT_YOY":189.8812039363,"GROSS_PROFIT_RATIO":58.087332411004,"EPS_TTM":0.150241770483,"OPERATE_INCOME_QOQ":116.918187875726,"NET_PROFIT_RATIO":21.5067869029,"ROE_AVG":4.92137193015,"GROSS_PROFIT_QOQ":198.388525572549,"ROA":3.576952834506,"HOLDER_PROFIT_QOQ":126.530470142603,"ROE_YEARLY":9.8427438603,"ROIC_YEARLY":8.857934240633,"TOTAL_ASSETS":11034293000,"TOTAL_LIABILITIES":2926901000,"TAX_EBT":23.682503504583,"OCF_SALES":23.943849004606,"TOTAL_PARENT_EQUITY":8107392000,"DEBT_ASSET_RATIO":26.5254964681,"OPERATE_PROFIT":509496000,"PRETAX_PROFIT":507193000,"NETCASH_OPERATE":430939000,"NETCASH_INVEST":-552283000,"NETCASH_FINANCE":-38286000,"END_CASH":1973351000,"DIVI_RATIO":null,"DIVIDEND_RATE":null,"CURRENT_RATIO":1.933558863037,"COMMON_ACS":2500000000,"CURRENTDEBT_DEBT":95.025557748622,"ISSUED_COMMON_SHARES":1151331949,"HK_COMMON_SHARES":1151331949,"PER_SHARES":200,"TOTAL_MARKET_CAP":9394868703.84,"HKSK_MARKET_CAP":9394868703.84,"PE_TTM":10.729070016162,"PB_TTM":0.928126905394,"REPORT_DATE_SQ":"2020-06-30 00:00:00","REPORT_TYPE_SQ":"2020年中报","OPERATE_INCOME_SQ":203050000,"DPS_HKD":null,"OPERATE_INCOME_QOQ_SQ":-41.747115533774,"NET_PROFIT_RATIO_SQ":-212.0925880325,"HOLDER_PROFIT_SQ":-430654000,"HOLDER_PROFIT_QOQ_SQ":-149.455827521922,"ROE_AVG_SQ":-5.305478914043,"PE_TTM_SQ":25.057160676942,"PB_TTM_SQ":1.018873126188,"ROA_SQ":-4.005791577619,"START_DATE":"2021-01-01 00:00:00","FISCAL_YEAR":"12-31","CURRENCY":"HKD","IS_CNY_CODE":0,"DPS_HKD_LY":null,"ORG_TYPE":"一般企业","PREMIUM_INCOME":null,"PREMIUM_INCOME_YOY":null,"NET_INTEREST_INCOME":null,"NET_INTEREST_INCOME_YOY":null,"FEE_COMMISSION_INCOME":null,"FEE_COMMISSION_INCOME_YOY":null,"ACCOUNTS_RECE_TDAYS":4.577900151979,"INVENTORY_TDAYS":25.396515444828,"CURRENT_ASSETS_TDAYS":0.350248720202,"TOTAL_ASSETS_TDAYS":0.166317397882,"PREMIUM_EXPENSE":null,"LOAN_DEPOSIT":null,"LOAN_EQUITY":null,"LOAN_ASSETS":null,"DEPOSIT_EQUITY":null,"DEPOSIT_ASSETS":null,"EQUITY_MULTIPLIER":1.361016341629,"EQUITY_RATIO":0.36101634163},{"SECUCODE":"01896.HK","SECURITY_CODE":"01896","SECURITY_NAME_ABBR":"猫眼娱乐","ORG_CODE":"10971636","STD_REPORT_DATE":"2020-12-31 00:00:00","REPORT_DATE":"2020-12-31 00:00:00","DATE_TYPE_CODE":"001","REPORT_TYPE":"2020年年报","PER_NETCASH_OPERATE":0.25882257627,"PER_OI":1.201686931615,"BPS":6.621078314226,"BASIC_EPS":-0.57,"DILUTED_EPS":-0.57,"OPERATE_INCOME":1365690000,"OPERATE_INCOME_YOY":-67.997996023,"GROSS_PROFIT":537334000,"GROSS_PROFIT_YOY":-79.777784217433,"HOLDER_PROFIT":-646272000,"HOLDER_PROFIT_YOY":-239.4462473244,"GROSS_PROFIT_RATIO":39.345239402793,"EPS_TTM":-0.568662446579,"OPERATE_INCOME_QOQ":-45.063657756592,"NET_PROFIT_RATIO":-47.3220130483,"ROE_AVG":-8.123535378002,"GROSS_PROFIT_QOQ":-62.937907507203,"ROA":-5.885958729928,"HOLDER_PROFIT_QOQ":-181.961205204052,"ROE_YEARLY":-8.123535378002,"ROIC_YEARLY":-7.110006455721,"TOTAL_ASSETS":10608542000,"TOTAL_LIABILITIES":2985483000,"TAX_EBT":-2.807892195775,"OCF_SALES":21.538270031999,"TOTAL_PARENT_EQUITY":7623059000,"DEBT_ASSET_RATIO":28.1422555522,"OPERATE_PROFIT":-604144000,"PRETAX_PROFIT":-628621000,"NETCASH_OPERATE":294146000,"NETCASH_INVEST":332949000,"NETCASH_FINANCE":16059000,"END_CASH":2140149000,"DIVI_RATIO":null,"DIVIDEND_RATE":null,"CURRENT_RATIO":1.737123755543,"COMMON_ACS":2500000000,"CURRENTDEBT_DEBT":94.470710434459,"ISSUED_COMMON_SHARES":1151331949,"HK_COMMON_SHARES":1151331949,"PER_SHARES":200,"TOTAL_MARKET_CAP":9394868703.84,"HKSK_MARKET_CAP":9394868703.84,"PE_TTM":10.729070016162,"PB_TTM":0.928126905394,"REPORT_DATE_SQ":"2019-12-31 00:00:00","REPORT_TYPE_SQ":"2019年年报","OPERATE_INCOME_SQ":4267514000,"DPS_HKD":null,"OPERATE_INCOME_QOQ_SQ":11.007484233998,"NET_PROFIT_RATIO_SQ":10.7523255928,"HOLDER_PROFIT_SQ":463456000,"HOLDER_PROFIT_QOQ_SQ":30.424969677185,"ROE_AVG_SQ":6.625536311958,"PE_TTM_SQ":25.057160676942,"PB_TTM_SQ":1.018873126188,"ROA_SQ":4.537537688514,"START_DATE":"2020-01-01 00:00:00","FISCAL_YEAR":"12-31","CURRENCY":"HKD","IS_CNY_CODE":0,"DPS_HKD_LY":null,"ORG_TYPE":"一般企业","PREMIUM_INCOME":null,"PREMIUM_INCOME_YOY":null,"NET_INTEREST_INCOME":null,"NET_INTEREST_INCOME_YOY":null,"FEE_COMMISSION_INCOME":null,"FEE_COMMISSION_INCOME_YOY":null,"ACCOUNTS_RECE_TDAYS":3.137292288113,"INVENTORY_TDAYS":26.136875650775,"CURRENT_ASSETS_TDAYS":0.26599927116,"TOTAL_ASSETS_TDAYS":0.124380987848,"PREMIUM_EXPENSE":null,"LOAN_DEPOSIT":null,"LOAN_EQUITY":null,"LOAN_ASSETS":null,"DEPOSIT_EQUITY":null,"DEPOSIT_ASSETS":null,"EQUITY_MULTIPLIER":1.391638448555,"EQUITY_RATIO":0.391638448555},{"SECUCODE":"01896.HK","SECURITY_CODE":"01896","SECURITY_NAME_ABBR":"猫眼娱乐","ORG_CODE":"10971636","STD_REPORT_DATE":"2020-06-30 00:00:00","REPORT_DATE":"2020-06-30 00:00:00","DATE_TYPE_CODE":"002","REPORT_TYPE":"2020年中报","PER_NETCASH_OPERATE":-0.462751875799,"PER_OI":0.179411878426,"BPS":6.901805345454,"BASIC_EPS":-0.38,"DILUTED_EPS":-0.38,"OPERATE_INCOME":203050000,"OPERATE_INCOME_YOY":-89.7687913116,"GROSS_PROFIT":-20559000,"GROSS_PROFIT_YOY":-101.732353528536,"HOLDER_PROFIT":-430654000,"HOLDER_PROFIT_YOY":-264.3667368935,"GROSS_PROFIT_RATIO":-10.125092341788,"EPS_TTM":-0.202522920495,"OPERATE_INCOME_QOQ":-41.747115533774,"NET_PROFIT_RATIO":-212.0925880325,"ROE_AVG":-5.305478914043,"GROSS_PROFIT_QOQ":-45.436929157476,"ROA":-4.005791577619,"HOLDER_PROFIT_QOQ":-149.455827521922,"ROE_YEARLY":-10.610957828087,"ROIC_YEARLY":-9.216863353859,"TOTAL_ASSETS":10150323000,"TOTAL_LIABILITIES":2204054000,"TAX_EBT":0.457431587512,"OCF_SALES":-257.92711154888,"TOTAL_PARENT_EQUITY":7946269000,"DEBT_ASSET_RATIO":21.7141267327,"OPERATE_PROFIT":-424508000,"PRETAX_PROFIT":-432633000,"NETCASH_OPERATE":-523721000,"NETCASH_INVEST":353214000,"NETCASH_FINANCE":-212844000,"END_CASH":1171325000,"DIVI_RATIO":null,"DIVIDEND_RATE":null,"CURRENT_RATIO":2.10997816233,"COMMON_ACS":2500000000,"CURRENTDEBT_DEBT":91.395628237784,"ISSUED_COMMON_SHARES":1151331949,"HK_COMMON_SHARES":1151331949,"PER_SHARES":200,"TOTAL_MARKET_CAP":9394868703.84,"HKSK_MARKET_CAP":9394868703.84,"PE_TTM":10.729070016162,"PB_TTM":0.928126905394,"REPORT_DATE_SQ":"2019-06-30 00:00:00","REPORT_TYPE_SQ":"2019年中报","OPERATE_INCOME_SQ":1984614000,"DPS_HKD":null,"OPERATE_INCOME_QOQ_SQ":2.380558615953,"NET_PROFIT_RATIO_SQ":12.9702299792,"HOLDER_PROFIT_SQ":262008000,"HOLDER_PROFIT_QOQ_SQ":359.207954014939,"ROE_AVG_SQ":3.822256495048,"PE_TTM_SQ":25.057160676942,"PB_TTM_SQ":1.018873126188,"ROA_SQ":2.546564255144,"START_DATE":"2020-01-01 00:00:00","FISCAL_YEAR":"12-31","CURRENCY":"HKD","IS_CNY_CODE":0,"DPS_HKD_LY":null,"ORG_TYPE":"一般企业","PREMIUM_INCOME":null,"PREMIUM_INCOME_YOY":null,"NET_INTEREST_INCOME":null,"NET_INTEREST_INCOME_YOY":null,"FEE_COMMISSION_INCOME":null,"FEE_COMMISSION_INCOME_YOY":null,"ACCOUNTS_RECE_TDAYS":0.525916371397,"INVENTORY_TDAYS":8.274000481027,"CURRENT_ASSETS_TDAYS":0.042217046767,"TOTAL_ASSETS_TDAYS":0.01888699466,"PREMIUM_EXPENSE":null,"LOAN_DEPOSIT":null,"LOAN_EQUITY":null,"LOAN_ASSETS":null,"DEPOSIT_EQUITY":null,"DEPOSIT_ASSETS":null,"EQUITY_MULTIPLIER":1.277369668708,"EQUITY_RATIO":0.277369668709}],"count":19},"success":true,"message":"ok","code":0}