{"version":"db9e999ea6475b75e862b46bedb15711","result":{"pages":4,"data":[{"SECUCODE":"01900.HK","SECURITY_CODE":"01900","SECURITY_NAME_ABBR":"中国智能交通","ORG_CODE":"10150868","STD_REPORT_DATE":"2024-06-30 00:00:00","REPORT_DATE":"2024-06-30 00:00:00","DATE_TYPE_CODE":"002","REPORT_TYPE":"2024年中报","PER_NETCASH_OPERATE":-0.021460471694,"PER_OI":0.165731509773,"BPS":1.082075513535,"BASIC_EPS":-0.02,"DILUTED_EPS":-0.02,"OPERATE_INCOME":285089000,"OPERATE_INCOME_YOY":-17.634329695,"GROSS_PROFIT":118688000,"GROSS_PROFIT_YOY":-13.151520916721,"HOLDER_PROFIT":-38393000,"HOLDER_PROFIT_YOY":-169.6711791819,"GROSS_PROFIT_RATIO":41.631911438183,"EPS_TTM":0.025403068916,"OPERATE_INCOME_QOQ":-7.118889193429,"NET_PROFIT_RATIO":-9.7920298573,"ROE_AVG":-2.026252672806,"GROSS_PROFIT_QOQ":-5.418695448995,"ROA":-1.265487538031,"HOLDER_PROFIT_QOQ":-68.149449331982,"ROE_YEARLY":-4.052505345612,"ROIC_YEARLY":-3.165672575557,"TOTAL_ASSETS":2969850000,"TOTAL_LIABILITIES":964295000,"TAX_EBT":-16.137621167367,"OCF_SALES":-12.94893875246,"TOTAL_PARENT_EQUITY":1861371000,"DEBT_ASSET_RATIO":32.4694849908,"OPERATE_PROFIT":-17835000,"PRETAX_PROFIT":-24037000,"NETCASH_OPERATE":-36916000,"NETCASH_INVEST":-7163000,"NETCASH_FINANCE":10659000,"END_CASH":452011000,"DIVI_RATIO":0.809791685735,"DIVIDEND_RATE":12.611111111111,"CURRENT_RATIO":1.966528914907,"COMMON_ACS":5000000000,"CURRENTDEBT_DEBT":100,"ISSUED_COMMON_SHARES":1720185862,"HK_COMMON_SHARES":1720185862,"PER_SHARES":1000,"TOTAL_MARKET_CAP":309633455.16,"HKSK_MARKET_CAP":309633455.16,"PE_TTM":6.247725327084,"PB_TTM":0.151821566929,"REPORT_DATE_SQ":"2023-06-30 00:00:00","REPORT_TYPE_SQ":"2023年中报","OPERATE_INCOME_SQ":346126000,"DPS_HKD":0.0227,"OPERATE_INCOME_QOQ_SQ":14.346102594538,"NET_PROFIT_RATIO_SQ":22.4617624796,"HOLDER_PROFIT_SQ":55106000,"HOLDER_PROFIT_QOQ_SQ":125.933182099402,"ROE_AVG_SQ":3.038684696071,"PE_TTM_SQ":1.669341306641,"PB_TTM_SQ":0.100834899247,"ROA_SQ":1.931025057666,"START_DATE":"2024-01-01 00:00:00","FISCAL_YEAR":"12-31","CURRENCY":"HKD","IS_CNY_CODE":0,"DPS_HKD_LY":0.0227,"ORG_TYPE":"一般企业","PREMIUM_INCOME":null,"PREMIUM_INCOME_YOY":null,"NET_INTEREST_INCOME":null,"NET_INTEREST_INCOME_YOY":null,"FEE_COMMISSION_INCOME":null,"FEE_COMMISSION_INCOME_YOY":null,"ACCOUNTS_RECE_TDAYS":0.644210692819,"INVENTORY_TDAYS":0.423935391004,"CURRENT_ASSETS_TDAYS":0.147886492867,"TOTAL_ASSETS_TDAYS":0.093969363355,"PREMIUM_EXPENSE":null,"LOAN_DEPOSIT":null,"LOAN_EQUITY":null,"LOAN_ASSETS":null,"DEPOSIT_EQUITY":null,"DEPOSIT_ASSETS":null,"EQUITY_MULTIPLIER":1.480812044546,"EQUITY_RATIO":0.518056314405},{"SECUCODE":"01900.HK","SECURITY_CODE":"01900","SECURITY_NAME_ABBR":"中国智能交通","ORG_CODE":"10150868","STD_REPORT_DATE":"2023-12-31 00:00:00","REPORT_DATE":"2023-12-31 00:00:00","DATE_TYPE_CODE":"001","REPORT_TYPE":"2023年年报","PER_NETCASH_OPERATE":0.134723564709,"PER_OI":0.505035920774,"BPS":1.120917246557,"BASIC_EPS":0.08,"DILUTED_EPS":0.08,"OPERATE_INCOME":857395000,"OPERATE_INCOME_YOY":20.0120656641,"GROSS_PROFIT":331685000,"GROSS_PROFIT_YOY":27.933796955215,"HOLDER_PROFIT":137197000,"HOLDER_PROFIT_YOY":182.9387502578,"GROSS_PROFIT_RATIO":38.685203435989,"EPS_TTM":0.080813876011,"OPERATE_INCOME_QOQ":4.955099422707,"NET_PROFIT_RATIO":21.7889070965,"ROE_AVG":7.400173681343,"GROSS_PROFIT_QOQ":18.46400560024,"ROA":4.620173526332,"HOLDER_PROFIT_QOQ":25.23116242983,"ROE_YEARLY":7.400173681343,"ROIC_YEARLY":5.59154842613,"TOTAL_ASSETS":3097851000,"TOTAL_LIABILITIES":1033092000,"TAX_EBT":7.786130677078,"OCF_SALES":26.676036132704,"TOTAL_PARENT_EQUITY":1928186000,"DEBT_ASSET_RATIO":33.3486665434,"OPERATE_PROFIT":211449000,"PRETAX_PROFIT":202591000,"NETCASH_OPERATE":228719000,"NETCASH_INVEST":-30112000,"NETCASH_FINANCE":-12550000,"END_CASH":483768000,"DIVI_RATIO":0.254550270515,"DIVIDEND_RATE":11.464646464646,"CURRENT_RATIO":1.904738618168,"COMMON_ACS":5000000000,"CURRENTDEBT_DEBT":99.564317601917,"ISSUED_COMMON_SHARES":1720185862,"HK_COMMON_SHARES":1720185862,"PER_SHARES":1000,"TOTAL_MARKET_CAP":340596800.676,"HKSK_MARKET_CAP":340596800.676,"PE_TTM":6.872497859793,"PB_TTM":0.167003723621,"REPORT_DATE_SQ":"2022-12-31 00:00:00","REPORT_TYPE_SQ":"2022年年报","OPERATE_INCOME_SQ":714424000,"DPS_HKD":0.0227,"OPERATE_INCOME_QOQ_SQ":6.233736107848,"NET_PROFIT_RATIO_SQ":13.1245590854,"HOLDER_PROFIT_SQ":48490000,"HOLDER_PROFIT_QOQ_SQ":24.585699236916,"ROE_AVG_SQ":2.729933105661,"PE_TTM_SQ":1.725453619469,"PB_TTM_SQ":0.104224307625,"ROA_SQ":1.64462666822,"START_DATE":"2023-01-01 00:00:00","FISCAL_YEAR":"12-31","CURRENCY":"HKD","IS_CNY_CODE":0,"DPS_HKD_LY":null,"ORG_TYPE":"一般企业","PREMIUM_INCOME":null,"PREMIUM_INCOME_YOY":null,"NET_INTEREST_INCOME":null,"NET_INTEREST_INCOME_YOY":null,"FEE_COMMISSION_INCOME":null,"FEE_COMMISSION_INCOME_YOY":null,"ACCOUNTS_RECE_TDAYS":1.849216979077,"INVENTORY_TDAYS":1.544838246141,"CURRENT_ASSETS_TDAYS":0.455052430317,"TOTAL_ASSETS_TDAYS":0.288731800302,"PREMIUM_EXPENSE":null,"LOAN_DEPOSIT":null,"LOAN_EQUITY":null,"LOAN_ASSETS":null,"DEPOSIT_EQUITY":null,"DEPOSIT_ASSETS":null,"EQUITY_MULTIPLIER":1.500345076593,"EQUITY_RATIO":0.53578441084},{"SECUCODE":"01900.HK","SECURITY_CODE":"01900","SECURITY_NAME_ABBR":"中国智能交通","ORG_CODE":"10150868","STD_REPORT_DATE":"2023-06-30 00:00:00","REPORT_DATE":"2023-06-30 00:00:00","DATE_TYPE_CODE":"002","REPORT_TYPE":"2023年中报","PER_NETCASH_OPERATE":0.082456106427,"PER_OI":0.203880432139,"BPS":1.073843263572,"BASIC_EPS":0.03,"DILUTED_EPS":0.03,"OPERATE_INCOME":346126000,"OPERATE_INCOME_YOY":42.0680200629,"GROSS_PROFIT":136661000,"GROSS_PROFIT_YOY":17.876242064587,"HOLDER_PROFIT":55106000,"HOLDER_PROFIT_YOY":1024.7524752475,"GROSS_PROFIT_RATIO":39.483020634104,"EPS_TTM":0.064531762257,"OPERATE_INCOME_QOQ":14.346102594538,"NET_PROFIT_RATIO":22.4617624796,"ROE_AVG":3.038684696071,"GROSS_PROFIT_QOQ":7.993813232123,"ROA":1.931025057666,"HOLDER_PROFIT_QOQ":125.933182099402,"ROE_YEARLY":6.077369392142,"ROIC_YEARLY":4.566587119193,"TOTAL_ASSETS":2866245000,"TOTAL_LIABILITIES":873743000,"TAX_EBT":7.217700551352,"OCF_SALES":40.443364555104,"TOTAL_PARENT_EQUITY":1847210000,"DEBT_ASSET_RATIO":30.4838909444,"OPERATE_PROFIT":89969000,"PRETAX_PROFIT":83794000,"NETCASH_OPERATE":139985000,"NETCASH_INVEST":-33726000,"NETCASH_FINANCE":-75950000,"END_CASH":323855000,"DIVI_RATIO":0.318776262735,"DIVIDEND_RATE":11.464646464646,"CURRENT_RATIO":2.060237829164,"COMMON_ACS":5000000000,"CURRENTDEBT_DEBT":99.854877235068,"ISSUED_COMMON_SHARES":1720185862,"HK_COMMON_SHARES":1720185862,"PER_SHARES":1000,"TOTAL_MARKET_CAP":340596800.676,"HKSK_MARKET_CAP":340596800.676,"PE_TTM":6.872497859793,"PB_TTM":0.167003723621,"REPORT_DATE_SQ":"2022-06-30 00:00:00","REPORT_TYPE_SQ":"2022年中报","OPERATE_INCOME_SQ":243634000,"DPS_HKD":0.0227,"OPERATE_INCOME_QOQ_SQ":-9.15732014216,"NET_PROFIT_RATIO_SQ":8.8115780228,"HOLDER_PROFIT_SQ":-5959000,"HOLDER_PROFIT_QOQ_SQ":-47.770367288879,"ROE_AVG_SQ":-0.337925678467,"PE_TTM_SQ":1.725453619469,"PB_TTM_SQ":0.104224307625,"ROA_SQ":-0.196629255193,"START_DATE":"2023-01-01 00:00:00","FISCAL_YEAR":"12-31","CURRENCY":"HKD","IS_CNY_CODE":0,"DPS_HKD_LY":null,"ORG_TYPE":"一般企业","PREMIUM_INCOME":null,"PREMIUM_INCOME_YOY":null,"NET_INTEREST_INCOME":null,"NET_INTEREST_INCOME_YOY":null,"FEE_COMMISSION_INCOME":null,"FEE_COMMISSION_INCOME_YOY":null,"ACCOUNTS_RECE_TDAYS":0.765872234404,"INVENTORY_TDAYS":0.832215911687,"CURRENT_ASSETS_TDAYS":0.191937989998,"TOTAL_ASSETS_TDAYS":0.121289510962,"PREMIUM_EXPENSE":null,"LOAN_DEPOSIT":null,"LOAN_EQUITY":null,"LOAN_ASSETS":null,"DEPOSIT_EQUITY":null,"DEPOSIT_ASSETS":null,"EQUITY_MULTIPLIER":1.438515494589,"EQUITY_RATIO":0.473006858993},{"SECUCODE":"01900.HK","SECURITY_CODE":"01900","SECURITY_NAME_ABBR":"中国智能交通","ORG_CODE":"10150868","STD_REPORT_DATE":"2022-12-31 00:00:00","REPORT_DATE":"2022-12-31 00:00:00","DATE_TYPE_CODE":"001","REPORT_TYPE":"2022年年报","PER_NETCASH_OPERATE":0.038033652107,"PER_OI":0.426303422906,"BPS":1.034628896398,"BASIC_EPS":0.03,"DILUTED_EPS":0.03,"OPERATE_INCOME":714424000,"OPERATE_INCOME_YOY":-3.4944272065,"GROSS_PROFIT":259263000,"GROSS_PROFIT_YOY":-3.015079136475,"HOLDER_PROFIT":48490000,"HOLDER_PROFIT_YOY":-34.929346878,"GROSS_PROFIT_RATIO":36.289794295824,"EPS_TTM":0.028934432461,"OPERATE_INCOME_QOQ":6.233736107848,"NET_PROFIT_RATIO":13.1245590854,"ROE_AVG":2.729933105661,"GROSS_PROFIT_QOQ":-2.878837826093,"ROA":1.64462666822,"HOLDER_PROFIT_QOQ":24.585699236916,"ROE_YEARLY":2.729933105661,"ROIC_YEARLY":1.906886597662,"TOTAL_ASSETS":2841190000,"TOTAL_LIABILITIES":945657000,"TAX_EBT":8.482665729679,"OCF_SALES":8.921732752539,"TOTAL_PARENT_EQUITY":1779754000,"DEBT_ASSET_RATIO":33.2838352944,"OPERATE_PROFIT":115265000,"PRETAX_PROFIT":102456000,"NETCASH_OPERATE":63739000,"NETCASH_INVEST":-64075000,"NETCASH_FINANCE":-19835000,"END_CASH":295622000,"DIVI_RATIO":0.710958959624,"DIVIDEND_RATE":11.464646464646,"CURRENT_RATIO":1.916837427714,"COMMON_ACS":5000000000,"CURRENTDEBT_DEBT":99.805109040593,"ISSUED_COMMON_SHARES":1720185862,"HK_COMMON_SHARES":1720185862,"PER_SHARES":1000,"TOTAL_MARKET_CAP":340596800.676,"HKSK_MARKET_CAP":340596800.676,"PE_TTM":6.872497859793,"PB_TTM":0.167003723621,"REPORT_DATE_SQ":"2021-12-31 00:00:00","REPORT_TYPE_SQ":"2021年年报","OPERATE_INCOME_SQ":740293000,"DPS_HKD":0.0227,"OPERATE_INCOME_QOQ_SQ":-26.331015005608,"NET_PROFIT_RATIO_SQ":14.2315272466,"HOLDER_PROFIT_SQ":74519000,"HOLDER_PROFIT_QOQ_SQ":139.868067667483,"ROE_AVG_SQ":4.253529029498,"PE_TTM_SQ":1.725453619469,"PB_TTM_SQ":0.104224307625,"ROA_SQ":2.279288113592,"START_DATE":"2022-01-01 00:00:00","FISCAL_YEAR":"12-31","CURRENCY":"HKD","IS_CNY_CODE":0,"DPS_HKD_LY":null,"ORG_TYPE":"一般企业","PREMIUM_INCOME":null,"PREMIUM_INCOME_YOY":null,"NET_INTEREST_INCOME":null,"NET_INTEREST_INCOME_YOY":null,"FEE_COMMISSION_INCOME":null,"FEE_COMMISSION_INCOME_YOY":null,"ACCOUNTS_RECE_TDAYS":1.287596129411,"INVENTORY_TDAYS":1.335975966809,"CURRENT_ASSETS_TDAYS":0.369593569371,"TOTAL_ASSETS_TDAYS":0.242309911903,"PREMIUM_EXPENSE":null,"LOAN_DEPOSIT":null,"LOAN_EQUITY":null,"LOAN_ASSETS":null,"DEPOSIT_EQUITY":null,"DEPOSIT_ASSETS":null,"EQUITY_MULTIPLIER":1.498887120404,"EQUITY_RATIO":0.531341410105},{"SECUCODE":"01900.HK","SECURITY_CODE":"01900","SECURITY_NAME_ABBR":"中国智能交通","ORG_CODE":"10150868","STD_REPORT_DATE":"2022-06-30 00:00:00","REPORT_DATE":"2022-06-30 00:00:00","DATE_TYPE_CODE":"002","REPORT_TYPE":"2022年中报","PER_NETCASH_OPERATE":0.036476240914,"PER_OI":0.145378666081,"BPS":1.019713647664,"BASIC_EPS":0,"DILUTED_EPS":0,"OPERATE_INCOME":243634000,"OPERATE_INCOME_YOY":-21.7680019266,"GROSS_PROFIT":115936000,"GROSS_PROFIT_YOY":-0.322411465811,"HOLDER_PROFIT":-5959000,"HOLDER_PROFIT_YOY":-120.1052667094,"GROSS_PROFIT_RATIO":47.586133298308,"EPS_TTM":0.023224521465,"OPERATE_INCOME_QOQ":-9.15732014216,"NET_PROFIT_RATIO":8.8115780228,"ROE_AVG":-0.337925678467,"GROSS_PROFIT_QOQ":-0.140279736499,"ROA":-0.196629255193,"HOLDER_PROFIT_QOQ":-47.770367288879,"ROE_YEARLY":-0.675851356934,"ROIC_YEARLY":-0.457021110479,"TOTAL_ASSETS":3005564000,"TOTAL_LIABILITIES":1145609000,"TAX_EBT":15.490296421683,"OCF_SALES":25.090504609373,"TOTAL_PARENT_EQUITY":1754097000,"DEBT_ASSET_RATIO":38.1162736844,"OPERATE_PROFIT":31170000,"PRETAX_PROFIT":25403000,"NETCASH_OPERATE":61129000,"NETCASH_INVEST":-81519000,"NETCASH_FINANCE":44690000,"END_CASH":340180000,"DIVI_RATIO":0.885753191135,"DIVIDEND_RATE":11.464646464646,"CURRENT_RATIO":1.81321899805,"COMMON_ACS":5000000000,"CURRENTDEBT_DEBT":97.070728320046,"ISSUED_COMMON_SHARES":1720185862,"HK_COMMON_SHARES":1720185862,"PER_SHARES":1000,"TOTAL_MARKET_CAP":340596800.676,"HKSK_MARKET_CAP":340596800.676,"PE_TTM":6.872497859793,"PB_TTM":0.167003723621,"REPORT_DATE_SQ":"2021-06-30 00:00:00","REPORT_TYPE_SQ":"2021年中报","OPERATE_INCOME_SQ":311425000,"DPS_HKD":0.0227,"OPERATE_INCOME_QOQ_SQ":7.990555980639,"NET_PROFIT_RATIO_SQ":13.4019426828,"HOLDER_PROFIT_SQ":29639000,"HOLDER_PROFIT_QOQ_SQ":-5.539118258199,"ROE_AVG_SQ":1.729885391226,"PE_TTM_SQ":1.725453619469,"PB_TTM_SQ":0.104224307625,"ROA_SQ":0.902667450995,"START_DATE":"2022-01-01 00:00:00","FISCAL_YEAR":"12-31","CURRENCY":"HKD","IS_CNY_CODE":0,"DPS_HKD_LY":null,"ORG_TYPE":"一般企业","PREMIUM_INCOME":null,"PREMIUM_INCOME_YOY":null,"NET_INTEREST_INCOME":null,"NET_INTEREST_INCOME_YOY":null,"FEE_COMMISSION_INCOME":null,"FEE_COMMISSION_INCOME_YOY":null,"ACCOUNTS_RECE_TDAYS":0.433354766815,"INVENTORY_TDAYS":0.326026764229,"CURRENT_ASSETS_TDAYS":0.119626283864,"TOTAL_ASSETS_TDAYS":0.080391965027,"PREMIUM_EXPENSE":null,"LOAN_DEPOSIT":null,"LOAN_EQUITY":null,"LOAN_ASSETS":null,"DEPOSIT_EQUITY":null,"DEPOSIT_ASSETS":null,"EQUITY_MULTIPLIER":1.615933718826,"EQUITY_RATIO":0.653104702876},{"SECUCODE":"01900.HK","SECURITY_CODE":"01900","SECURITY_NAME_ABBR":"中国智能交通","ORG_CODE":"10150868","STD_REPORT_DATE":"2021-12-31 00:00:00","REPORT_DATE":"2021-12-31 00:00:00","DATE_TYPE_CODE":"001","REPORT_TYPE":"2021年年报","PER_NETCASH_OPERATE":0.234849552455,"PER_OI":0.447570658895,"BPS":1.030536315383,"BASIC_EPS":0.05,"DILUTED_EPS":0.05,"OPERATE_INCOME":740293000,"OPERATE_INCOME_YOY":-20.4444535193,"GROSS_PROFIT":267323000,"GROSS_PROFIT_YOY":39.586237866232,"HOLDER_PROFIT":74519000,"HOLDER_PROFIT_YOY":142.0764070828,"GROSS_PROFIT_RATIO":36.110431950593,"EPS_TTM":0.045053131571,"OPERATE_INCOME_QOQ":-26.331015005608,"NET_PROFIT_RATIO":14.2315272466,"ROE_AVG":4.253529029498,"GROSS_PROFIT_QOQ":5.295436014794,"ROA":2.279288113592,"HOLDER_PROFIT_QOQ":139.868067667483,"ROE_YEARLY":4.253529029498,"ROIC_YEARLY":2.573017960611,"TOTAL_ASSETS":3055589000,"TOTAL_LIABILITIES":1201143000,"TAX_EBT":25.369592474268,"OCF_SALES":52.472061737717,"TOTAL_PARENT_EQUITY":1772714000,"DEBT_ASSET_RATIO":39.3097042829,"OPERATE_PROFIT":159206000,"PRETAX_PROFIT":141169000,"NETCASH_OPERATE":388447000,"NETCASH_INVEST":-41192000,"NETCASH_FINANCE":-281753000,"END_CASH":317869000,"DIVI_RATIO":0.456598537829,"DIVIDEND_RATE":11.464646464646,"CURRENT_RATIO":1.778090907519,"COMMON_ACS":5000000000,"CURRENTDEBT_DEBT":96.306601295599,"ISSUED_COMMON_SHARES":1720185862,"HK_COMMON_SHARES":1720185862,"PER_SHARES":1000,"TOTAL_MARKET_CAP":340596800.676,"HKSK_MARKET_CAP":340596800.676,"PE_TTM":6.872497859793,"PB_TTM":0.167003723621,"REPORT_DATE_SQ":"2020-12-31 00:00:00","REPORT_TYPE_SQ":"2020年年报","OPERATE_INCOME_SQ":930536000,"DPS_HKD":0.0227,"OPERATE_INCOME_QOQ_SQ":4.807321924551,"NET_PROFIT_RATIO_SQ":-17.8248880215,"HOLDER_PROFIT_SQ":-177104000,"HOLDER_PROFIT_QOQ_SQ":-860.277612102153,"ROE_AVG_SQ":-9.577335916794,"PE_TTM_SQ":1.725453619469,"PB_TTM_SQ":0.104224307625,"ROA_SQ":-4.771235086186,"START_DATE":"2021-01-01 00:00:00","FISCAL_YEAR":"12-31","CURRENCY":"HKD","IS_CNY_CODE":0,"DPS_HKD_LY":null,"ORG_TYPE":"一般企业","PREMIUM_INCOME":null,"PREMIUM_INCOME_YOY":null,"NET_INTEREST_INCOME":null,"NET_INTEREST_INCOME_YOY":null,"FEE_COMMISSION_INCOME":null,"FEE_COMMISSION_INCOME_YOY":null,"ACCOUNTS_RECE_TDAYS":1.059880295246,"INVENTORY_TDAYS":1.216857504152,"CURRENT_ASSETS_TDAYS":0.330710733257,"TOTAL_ASSETS_TDAYS":0.226430982095,"PREMIUM_EXPENSE":null,"LOAN_DEPOSIT":null,"LOAN_EQUITY":null,"LOAN_ASSETS":null,"DEPOSIT_EQUITY":null,"DEPOSIT_ASSETS":null,"EQUITY_MULTIPLIER":1.64770988209,"EQUITY_RATIO":0.677572919264},{"SECUCODE":"01900.HK","SECURITY_CODE":"01900","SECURITY_NAME_ABBR":"中国智能交通","ORG_CODE":"10150868","STD_REPORT_DATE":"2021-06-30 00:00:00","REPORT_DATE":"2021-06-30 00:00:00","DATE_TYPE_CODE":"002","REPORT_TYPE":"2021年中报","PER_NETCASH_OPERATE":0.001285954063,"PER_OI":0.188283142548,"BPS":0.985677209339,"BASIC_EPS":0.02,"DILUTED_EPS":0.02,"OPERATE_INCOME":311425000,"OPERATE_INCOME_YOY":31.3641540473,"GROSS_PROFIT":116311000,"GROSS_PROFIT_YOY":115.618337875165,"HOLDER_PROFIT":29639000,"HOLDER_PROFIT_YOY":-24.8675505083,"GROSS_PROFIT_RATIO":37.347997110059,"EPS_TTM":-0.113005556093,"OPERATE_INCOME_QOQ":7.990555980639,"NET_PROFIT_RATIO":13.4019426828,"ROE_AVG":1.729885391226,"GROSS_PROFIT_QOQ":32.566275566417,"ROA":0.902667450995,"HOLDER_PROFIT_QOQ":-5.539118258199,"ROE_YEARLY":3.459770782452,"ROIC_YEARLY":1.988983384818,"TOTAL_ASSETS":3083774000,"TOTAL_LIABILITIES":1312923000,"TAX_EBT":31.388601206622,"OCF_SALES":0.682989483824,"TOTAL_PARENT_EQUITY":1695548000,"DEBT_ASSET_RATIO":42.5752016847,"OPERATE_PROFIT":71153000,"PRETAX_PROFIT":60831000,"NETCASH_OPERATE":2127000,"NETCASH_INVEST":-35957000,"NETCASH_FINANCE":-16392000,"END_CASH":184192000,"DIVI_RATIO":-0.18203701403,"DIVIDEND_RATE":11.464646464646,"CURRENT_RATIO":1.719941496712,"COMMON_ACS":5000000000,"CURRENTDEBT_DEBT":95.247626860067,"ISSUED_COMMON_SHARES":1720185862,"HK_COMMON_SHARES":1720185862,"PER_SHARES":1000,"TOTAL_MARKET_CAP":340596800.676,"HKSK_MARKET_CAP":340596800.676,"PE_TTM":6.872497859793,"PB_TTM":0.167003723621,"REPORT_DATE_SQ":"2020-06-30 00:00:00","REPORT_TYPE_SQ":"2020年中报","OPERATE_INCOME_SQ":237070000,"DPS_HKD":0.0227,"OPERATE_INCOME_QOQ_SQ":-14.066725384489,"NET_PROFIT_RATIO_SQ":18.058801198,"HOLDER_PROFIT_SQ":39449000,"HOLDER_PROFIT_QOQ_SQ":58.310540473338,"ROE_AVG_SQ":1.981593070427,"PE_TTM_SQ":1.725453619469,"PB_TTM_SQ":0.104224307625,"ROA_SQ":1.020890088627,"START_DATE":"2021-01-01 00:00:00","FISCAL_YEAR":"12-31","CURRENCY":"HKD","IS_CNY_CODE":0,"DPS_HKD_LY":null,"ORG_TYPE":"一般企业","PREMIUM_INCOME":null,"PREMIUM_INCOME_YOY":null,"NET_INTEREST_INCOME":null,"NET_INTEREST_INCOME_YOY":null,"FEE_COMMISSION_INCOME":null,"FEE_COMMISSION_INCOME_YOY":null,"ACCOUNTS_RECE_TDAYS":0.420151061457,"INVENTORY_TDAYS":0.496693192406,"CURRENT_ASSETS_TDAYS":0.136262493828,"TOTAL_ASSETS_TDAYS":0.094845713731,"PREMIUM_EXPENSE":null,"LOAN_DEPOSIT":null,"LOAN_EQUITY":null,"LOAN_ASSETS":null,"DEPOSIT_EQUITY":null,"DEPOSIT_ASSETS":null,"EQUITY_MULTIPLIER":1.741407944542,"EQUITY_RATIO":0.774335495073},{"SECUCODE":"01900.HK","SECURITY_CODE":"01900","SECURITY_NAME_ABBR":"中国智能交通","ORG_CODE":"10150868","STD_REPORT_DATE":"2020-12-31 00:00:00","REPORT_DATE":"2020-12-31 00:00:00","DATE_TYPE_CODE":"001","REPORT_TYPE":"2020年年报","PER_NETCASH_OPERATE":0.289727203787,"PER_OI":0.562588881221,"BPS":1.006375554085,"BASIC_EPS":-0.11,"DILUTED_EPS":-0.11,"OPERATE_INCOME":930536000,"OPERATE_INCOME_YOY":-9.9356362334,"GROSS_PROFIT":191511000,"GROSS_PROFIT_YOY":-7.312457651728,"HOLDER_PROFIT":-177104000,"HOLDER_PROFIT_YOY":-247.4194244463,"GROSS_PROFIT_RATIO":20.58071906944,"EPS_TTM":-0.107074569087,"OPERATE_INCOME_QOQ":4.807321924551,"NET_PROFIT_RATIO":-17.8248880215,"ROE_AVG":-9.577335916794,"GROSS_PROFIT_QOQ":7.527020577749,"ROA":-4.771235086186,"HOLDER_PROFIT_QOQ":-860.277612102153,"ROE_YEARLY":-9.577335916794,"ROIC_YEARLY":-5.205282934244,"TOTAL_ASSETS":3483207000,"TOTAL_LIABILITIES":1645823000,"TAX_EBT":-16.197301500567,"OCF_SALES":51.498921051953,"TOTAL_PARENT_EQUITY":1731153000,"DEBT_ASSET_RATIO":47.2502208453,"OPERATE_PROFIT":-104037000,"PRETAX_PROFIT":-142746000,"NETCASH_OPERATE":479216000,"NETCASH_INVEST":-256308000,"NETCASH_FINANCE":-251551000,"END_CASH":240622000,"DIVI_RATIO":-0.192120259511,"DIVIDEND_RATE":11.464646464646,"CURRENT_RATIO":1.511829784044,"COMMON_ACS":5000000000,"CURRENTDEBT_DEBT":97.263800542343,"ISSUED_COMMON_SHARES":1720185862,"HK_COMMON_SHARES":1720185862,"PER_SHARES":1000,"TOTAL_MARKET_CAP":340596800.676,"HKSK_MARKET_CAP":340596800.676,"PE_TTM":6.872497859793,"PB_TTM":0.167003723621,"REPORT_DATE_SQ":"2019-12-31 00:00:00","REPORT_TYPE_SQ":"2019年年报","OPERATE_INCOME_SQ":1033190000,"DPS_HKD":0.0227,"OPERATE_INCOME_QOQ_SQ":11.874005175793,"NET_PROFIT_RATIO_SQ":-3.4495107386,"HOLDER_PROFIT_SQ":-50977000,"HOLDER_PROFIT_QOQ_SQ":-35.752424205229,"ROE_AVG_SQ":-2.209369456475,"PE_TTM_SQ":1.725453619469,"PB_TTM_SQ":0.104224307625,"ROA_SQ":-1.099617971057,"START_DATE":"2020-01-01 00:00:00","FISCAL_YEAR":"12-31","CURRENCY":"HKD","IS_CNY_CODE":0,"DPS_HKD_LY":null,"ORG_TYPE":"一般企业","PREMIUM_INCOME":null,"PREMIUM_INCOME_YOY":null,"NET_INTEREST_INCOME":null,"NET_INTEREST_INCOME_YOY":null,"FEE_COMMISSION_INCOME":null,"FEE_COMMISSION_INCOME_YOY":null,"ACCOUNTS_RECE_TDAYS":1.112201955153,"INVENTORY_TDAYS":2.552587040619,"CURRENT_ASSETS_TDAYS":0.347649422291,"TOTAL_ASSETS_TDAYS":0.250689200253,"PREMIUM_EXPENSE":null,"LOAN_DEPOSIT":null,"LOAN_EQUITY":null,"LOAN_ASSETS":null,"DEPOSIT_EQUITY":null,"DEPOSIT_ASSETS":null,"EQUITY_MULTIPLIER":1.895742533949,"EQUITY_RATIO":0.950709151646},{"SECUCODE":"01900.HK","SECURITY_CODE":"01900","SECURITY_NAME_ABBR":"中国智能交通","ORG_CODE":"10150868","STD_REPORT_DATE":"2020-06-30 00:00:00","REPORT_DATE":"2020-06-30 00:00:00","DATE_TYPE_CODE":"002","REPORT_TYPE":"2020年中报","PER_NETCASH_OPERATE":-0.065954268349,"PER_OI":0.143329163053,"BPS":1.170977534752,"BASIC_EPS":0.02,"DILUTED_EPS":0.02,"OPERATE_INCOME":237070000,"OPERATE_INCOME_YOY":-38.0056798272,"GROSS_PROFIT":53943000,"GROSS_PROFIT_YOY":-34.581241359237,"HOLDER_PROFIT":39449000,"HOLDER_PROFIT_YOY":188.9401596719,"GROSS_PROFIT_RATIO":22.754038891467,"EPS_TTM":-0.011150376489,"OPERATE_INCOME_QOQ":-14.066725384489,"NET_PROFIT_RATIO":18.058801198,"ROE_AVG":1.981593070427,"GROSS_PROFIT_QOQ":-13.800696931565,"ROA":1.020890088627,"HOLDER_PROFIT_QOQ":58.310540473338,"ROE_YEARLY":3.963186140854,"ROIC_YEARLY":2.162544411744,"TOTAL_ASSETS":3787739000,"TOTAL_LIABILITIES":1740952000,"TAX_EBT":15.474827245805,"OCF_SALES":-46.015944657696,"TOTAL_PARENT_EQUITY":2014299000,"DEBT_ASSET_RATIO":45.9628290122,"OPERATE_PROFIT":74518000,"PRETAX_PROFIT":50650000,"NETCASH_OPERATE":-109090000,"NETCASH_INVEST":-81936000,"NETCASH_FINANCE":49710000,"END_CASH":126901000,"DIVI_RATIO":-1.844887840398,"DIVIDEND_RATE":11.464646464646,"CURRENT_RATIO":1.594914861386,"COMMON_ACS":5000000000,"CURRENTDEBT_DEBT":97.14466567717,"ISSUED_COMMON_SHARES":1720185862,"HK_COMMON_SHARES":1720185862,"PER_SHARES":1000,"TOTAL_MARKET_CAP":340596800.676,"HKSK_MARKET_CAP":340596800.676,"PE_TTM":6.872497859793,"PB_TTM":0.167003723621,"REPORT_DATE_SQ":"2019-06-30 00:00:00","REPORT_TYPE_SQ":"2019年中报","OPERATE_INCOME_SQ":382406000,"DPS_HKD":0.0227,"OPERATE_INCOME_QOQ_SQ":-0.047187883537,"NET_PROFIT_RATIO_SQ":4.1492549803,"HOLDER_PROFIT_SQ":13653000,"HOLDER_PROFIT_QOQ_SQ":71.974062161372,"ROE_AVG_SQ":0.686291220948,"PE_TTM_SQ":1.725453619469,"PB_TTM_SQ":0.104224307625,"ROA_SQ":0.348519970512,"START_DATE":"2020-01-01 00:00:00","FISCAL_YEAR":"12-31","CURRENCY":"HKD","IS_CNY_CODE":0,"DPS_HKD_LY":null,"ORG_TYPE":"一般企业","PREMIUM_INCOME":null,"PREMIUM_INCOME_YOY":null,"NET_INTEREST_INCOME":null,"NET_INTEREST_INCOME_YOY":null,"FEE_COMMISSION_INCOME":null,"FEE_COMMISSION_INCOME_YOY":null,"ACCOUNTS_RECE_TDAYS":0.312075465737,"INVENTORY_TDAYS":0.725906605331,"CURRENT_ASSETS_TDAYS":0.084208230576,"TOTAL_ASSETS_TDAYS":0.061350709349,"PREMIUM_EXPENSE":null,"LOAN_DEPOSIT":null,"LOAN_EQUITY":null,"LOAN_ASSETS":null,"DEPOSIT_EQUITY":null,"DEPOSIT_ASSETS":null,"EQUITY_MULTIPLIER":1.850578003474,"EQUITY_RATIO":0.864296710667}],"count":33},"success":true,"message":"ok","code":0}