{"version":"5d0ed65a1f7b3194a2274511b100edcb","result":{"pages":3,"data":[{"SECUCODE":"01907.HK","SECURITY_CODE":"01907","SECURITY_NAME_ABBR":"中国旭阳集团","ORG_CODE":"10991702","STD_REPORT_DATE":"2024-06-30 00:00:00","REPORT_DATE":"2024-06-30 00:00:00","DATE_TYPE_CODE":"002","REPORT_TYPE":"2024年中报","PER_NETCASH_OPERATE":0.218543627179,"PER_OI":5.727742210191,"BPS":2.97930555076,"BASIC_EPS":0.0254,"DILUTED_EPS":null,"OPERATE_INCOME":25208750000,"OPERATE_INCOME_YOY":21.0216945865,"GROSS_PROFIT":1854642000,"GROSS_PROFIT_YOY":24.224751552774,"HOLDER_PROFIT":111851000,"HOLDER_PROFIT_YOY":-84.3707556187,"GROSS_PROFIT_RATIO":7.357135915109,"EPS_TTM":0.058396557095,"OPERATE_INCOME_QOQ":9.505528775561,"NET_PROFIT_RATIO":0.5294788516,"ROE_AVG":0.865657502982,"GROSS_PROFIT_QOQ":10.877426728221,"ROA":0.196780880072,"HOLDER_PROFIT_QOQ":-70.143027413588,"ROE_YEARLY":1.731315005963,"ROIC_YEARLY":0.423942472449,"TOTAL_ASSETS":59844511000,"TOTAL_LIABILITIES":45354464000,"TAX_EBT":20.219124696656,"OCF_SALES":3.815528338375,"TOTAL_PARENT_EQUITY":12943444000,"DEBT_ASSET_RATIO":75.787174533,"OPERATE_PROFIT":770621000,"PRETAX_PROFIT":167302000,"NETCASH_OPERATE":961847000,"NETCASH_INVEST":-2192754000,"NETCASH_FINANCE":3627400000,"END_CASH":3636728000,"DIVI_RATIO":0.337689154652,"DIVIDEND_RATE":0.780575539568,"CURRENT_RATIO":0.700147265269,"COMMON_ACS":10000000000,"CURRENTDEBT_DEBT":73.684665306595,"ISSUED_COMMON_SHARES":4344450000,"HK_COMMON_SHARES":4344450000,"PER_SHARES":1000,"TOTAL_MARKET_CAP":12077571000,"HKSK_MARKET_CAP":12077571000,"PE_TTM":40.770185921235,"PB_TTM":0.851624768514,"REPORT_DATE_SQ":"2023-06-30 00:00:00","REPORT_TYPE_SQ":"2023年中报","OPERATE_INCOME_SQ":20829943000,"DPS_HKD":0.0217,"OPERATE_INCOME_QOQ_SQ":-3.940991457726,"NET_PROFIT_RATIO_SQ":3.4130290227,"HOLDER_PROFIT_SQ":715652000,"HOLDER_PROFIT_QOQ_SQ":-55.053414276797,"ROE_AVG_SQ":5.695634016047,"PE_TTM_SQ":16.794191053377,"PB_TTM_SQ":0.977489522469,"ROA_SQ":1.446892530748,"START_DATE":"2024-01-01 00:00:00","FISCAL_YEAR":"12-31","CURRENCY":"HKD","IS_CNY_CODE":0,"DPS_HKD_LY":0.0217,"ORG_TYPE":"一般企业","PREMIUM_INCOME":null,"PREMIUM_INCOME_YOY":null,"NET_INTEREST_INCOME":null,"NET_INTEREST_INCOME_YOY":null,"FEE_COMMISSION_INCOME":null,"FEE_COMMISSION_INCOME_YOY":null,"ACCOUNTS_RECE_TDAYS":null,"INVENTORY_TDAYS":7.271747535708,"CURRENT_ASSETS_TDAYS":1.24388634825,"TOTAL_ASSETS_TDAYS":0.443500729587,"PREMIUM_EXPENSE":null,"LOAN_DEPOSIT":null,"LOAN_EQUITY":null,"LOAN_ASSETS":null,"DEPOSIT_EQUITY":null,"DEPOSIT_ASSETS":null,"EQUITY_MULTIPLIER":4.130042573358,"EQUITY_RATIO":3.504049154151},{"SECUCODE":"01907.HK","SECURITY_CODE":"01907","SECURITY_NAME_ABBR":"中国旭阳集团","ORG_CODE":"10991702","STD_REPORT_DATE":"2023-12-31 00:00:00","REPORT_DATE":"2023-12-31 00:00:00","DATE_TYPE_CODE":"001","REPORT_TYPE":"2023年年报","PER_NETCASH_OPERATE":0.498260899441,"PER_OI":10.412428579114,"BPS":2.968941062735,"BASIC_EPS":0.19,"DILUTED_EPS":null,"OPERATE_INCOME":46065896000,"OPERATE_INCOME_YOY":6.7836911872,"GROSS_PROFIT":3324950000,"GROSS_PROFIT_YOY":-22.229231442505,"HOLDER_PROFIT":860814000,"HOLDER_PROFIT_YOY":-53.5979843913,"GROSS_PROFIT_RATIO":7.217812500597,"EPS_TTM":0.194572668138,"OPERATE_INCOME_QOQ":11.164681800938,"NET_PROFIT_RATIO":2.148116255,"ROE_AVG":6.884076138499,"GROSS_PROFIT_QOQ":20.680262183173,"ROA":1.722681023229,"HOLDER_PROFIT_QOQ":3.238132245321,"ROE_YEARLY":6.884076138499,"ROIC_YEARLY":1.807250163276,"TOTAL_ASSETS":53836249000,"TOTAL_LIABILITIES":39363804000,"TAX_EBT":-45.148793982527,"OCF_SALES":4.785251544874,"TOTAL_PARENT_EQUITY":12898416000,"DEBT_ASSET_RATIO":73.1176572127,"OPERATE_PROFIT":1807903000,"PRETAX_PROFIT":681748000,"NETCASH_OPERATE":2204369000,"NETCASH_INVEST":-1712609000,"NETCASH_FINANCE":-455155000,"END_CASH":1239270000,"DIVI_RATIO":0.101349712622,"DIVIDEND_RATE":0.761403508772,"CURRENT_RATIO":0.571977105451,"COMMON_ACS":10000000000,"CURRENTDEBT_DEBT":76.098915643417,"ISSUED_COMMON_SHARES":4344450000,"HK_COMMON_SHARES":4344450000,"PER_SHARES":1000,"TOTAL_MARKET_CAP":12381682500,"HKSK_MARKET_CAP":12381682500,"PE_TTM":41.796773336518,"PB_TTM":0.87306855765,"REPORT_DATE_SQ":"2022-12-31 00:00:00","REPORT_TYPE_SQ":"2022年年报","OPERATE_INCOME_SQ":43139449000,"DPS_HKD":0.0217,"OPERATE_INCOME_QOQ_SQ":1.838041970793,"NET_PROFIT_RATIO_SQ":4.3104189856,"HOLDER_PROFIT_SQ":1855122000,"HOLDER_PROFIT_QOQ_SQ":-29.388268565763,"ROE_AVG_SQ":16.076779382033,"PE_TTM_SQ":17.278638872224,"PB_TTM_SQ":1.005686335617,"ROA_SQ":4.475522444282,"START_DATE":"2023-01-01 00:00:00","FISCAL_YEAR":"12-31","CURRENCY":"HKD","IS_CNY_CODE":0,"DPS_HKD_LY":0.0635,"ORG_TYPE":"一般企业","PREMIUM_INCOME":null,"PREMIUM_INCOME_YOY":null,"NET_INTEREST_INCOME":null,"NET_INTEREST_INCOME_YOY":null,"FEE_COMMISSION_INCOME":null,"FEE_COMMISSION_INCOME_YOY":null,"ACCOUNTS_RECE_TDAYS":null,"INVENTORY_TDAYS":12.89862625428,"CURRENT_ASSETS_TDAYS":3.018470827799,"TOTAL_ASSETS_TDAYS":0.921881438467,"PREMIUM_EXPENSE":null,"LOAN_DEPOSIT":null,"LOAN_EQUITY":null,"LOAN_ASSETS":null,"DEPOSIT_EQUITY":null,"DEPOSIT_ASSETS":null,"EQUITY_MULTIPLIER":3.719913877716,"EQUITY_RATIO":3.05183241105},{"SECUCODE":"01907.HK","SECURITY_CODE":"01907","SECURITY_NAME_ABBR":"中国旭阳集团","ORG_CODE":"10991702","STD_REPORT_DATE":"2023-06-30 00:00:00","REPORT_DATE":"2023-06-30 00:00:00","DATE_TYPE_CODE":"002","REPORT_TYPE":"2023年中报","PER_NETCASH_OPERATE":0.407690920195,"PER_OI":4.708261699599,"BPS":2.996792459345,"BASIC_EPS":0.1618,"DILUTED_EPS":null,"OPERATE_INCOME":20829943000,"OPERATE_INCOME_YOY":-7.5460146253,"GROSS_PROFIT":1492973000,"GROSS_PROFIT_YOY":-50.450944386236,"HOLDER_PROFIT":715652000,"HOLDER_PROFIT_YOY":-58.7985906411,"GROSS_PROFIT_RATIO":7.167436799995,"EPS_TTM":0.188469767814,"OPERATE_INCOME_QOQ":-3.940991457726,"NET_PROFIT_RATIO":3.4130290227,"ROE_AVG":5.695634016047,"GROSS_PROFIT_QOQ":-35.556347698804,"ROA":1.446892530748,"HOLDER_PROFIT_QOQ":-55.053414276797,"ROE_YEARLY":11.391268032095,"ROIC_YEARLY":3.079118528683,"TOTAL_ASSETS":52819996000,"TOTAL_LIABILITIES":38360007000,"TAX_EBT":-90.393195537249,"OCF_SALES":8.659053939802,"TOTAL_PARENT_EQUITY":13019415000,"DEBT_ASSET_RATIO":72.6240248106,"OPERATE_PROFIT":818058000,"PRETAX_PROFIT":373402000,"NETCASH_OPERATE":1803676000,"NETCASH_INVEST":-581592000,"NETCASH_FINANCE":172745000,"END_CASH":2595873000,"DIVI_RATIO":0.104631550347,"DIVIDEND_RATE":0.761403508772,"CURRENT_RATIO":0.543212736289,"COMMON_ACS":10000000000,"CURRENTDEBT_DEBT":71.778334138469,"ISSUED_COMMON_SHARES":4344450000,"HK_COMMON_SHARES":4344450000,"PER_SHARES":1000,"TOTAL_MARKET_CAP":12381682500,"HKSK_MARKET_CAP":12381682500,"PE_TTM":41.796773336518,"PB_TTM":0.87306855765,"REPORT_DATE_SQ":"2022-06-30 00:00:00","REPORT_TYPE_SQ":"2022年中报","OPERATE_INCOME_SQ":22530065000,"DPS_HKD":0.0217,"OPERATE_INCOME_QOQ_SQ":10.227389969886,"NET_PROFIT_RATIO_SQ":7.7052329853,"HOLDER_PROFIT_SQ":1736960000,"HOLDER_PROFIT_QOQ_SQ":0.531929955604,"ROE_AVG_SQ":14.848402187082,"PE_TTM_SQ":17.278638872224,"PB_TTM_SQ":1.005686335617,"ROA_SQ":4.427774070391,"START_DATE":"2023-01-01 00:00:00","FISCAL_YEAR":"12-31","CURRENCY":"HKD","IS_CNY_CODE":0,"DPS_HKD_LY":0.0635,"ORG_TYPE":"一般企业","PREMIUM_INCOME":null,"PREMIUM_INCOME_YOY":null,"NET_INTEREST_INCOME":null,"NET_INTEREST_INCOME_YOY":null,"FEE_COMMISSION_INCOME":null,"FEE_COMMISSION_INCOME_YOY":null,"ACCOUNTS_RECE_TDAYS":null,"INVENTORY_TDAYS":6.322085189552,"CURRENT_ASSETS_TDAYS":1.469704011527,"TOTAL_ASSETS_TDAYS":0.421136096072,"PREMIUM_EXPENSE":null,"LOAN_DEPOSIT":null,"LOAN_EQUITY":null,"LOAN_ASSETS":null,"DEPOSIT_EQUITY":null,"DEPOSIT_ASSETS":null,"EQUITY_MULTIPLIER":3.65283791018,"EQUITY_RATIO":2.946369479735},{"SECUCODE":"01907.HK","SECURITY_CODE":"01907","SECURITY_NAME_ABBR":"中国旭阳集团","ORG_CODE":"10991702","STD_REPORT_DATE":"2022-12-31 00:00:00","REPORT_DATE":"2022-12-31 00:00:00","DATE_TYPE_CODE":"001","REPORT_TYPE":"2022年年报","PER_NETCASH_OPERATE":0.715103502929,"PER_OI":9.750953973734,"BPS":2.787563443014,"BASIC_EPS":0.42,"DILUTED_EPS":null,"OPERATE_INCOME":43139449000,"OPERATE_INCOME_YOY":9.5742693165,"GROSS_PROFIT":4275321000,"GROSS_PROFIT_YOY":-22.697228411002,"HOLDER_PROFIT":1855122000,"HOLDER_PROFIT_YOY":-29.0228485485,"GROSS_PROFIT_RATIO":9.910467331189,"EPS_TTM":0.41931943168,"OPERATE_INCOME_QOQ":1.838041970793,"NET_PROFIT_RATIO":4.3104189856,"ROE_AVG":16.076779382033,"GROSS_PROFIT_QOQ":-19.81144443913,"ROA":4.475522444282,"HOLDER_PROFIT_QOQ":-29.388268565763,"ROE_YEARLY":16.076779382033,"ROIC_YEARLY":4.71862051871,"TOTAL_ASSETS":46102624000,"TOTAL_LIABILITIES":33507595000,"TAX_EBT":15.611284498224,"OCF_SALES":7.333677349472,"TOTAL_PARENT_EQUITY":12110430000,"DEBT_ASSET_RATIO":72.6804509001,"OPERATE_PROFIT":2718110000,"PRETAX_PROFIT":2203483000,"NETCASH_OPERATE":3163708000,"NETCASH_INVEST":-9180633000,"NETCASH_FINANCE":4925931000,"END_CASH":1200669000,"DIVI_RATIO":0.04702830947,"DIVIDEND_RATE":0.761403508772,"CURRENT_RATIO":0.53454744164,"COMMON_ACS":10000000000,"CURRENTDEBT_DEBT":74.750452845094,"ISSUED_COMMON_SHARES":4344450000,"HK_COMMON_SHARES":4344450000,"PER_SHARES":1000,"TOTAL_MARKET_CAP":12381682500,"HKSK_MARKET_CAP":12381682500,"PE_TTM":41.796773336518,"PB_TTM":0.87306855765,"REPORT_DATE_SQ":"2021-12-31 00:00:00","REPORT_TYPE_SQ":"2021年年报","OPERATE_INCOME_SQ":39370054000,"DPS_HKD":0.0217,"OPERATE_INCOME_QOQ_SQ":29.592775497536,"NET_PROFIT_RATIO_SQ":6.7551684524,"HOLDER_PROFIT_SQ":2613689000,"HOLDER_PROFIT_QOQ_SQ":-14.025627351633,"ROE_AVG_SQ":27.189085221662,"PE_TTM_SQ":17.278638872224,"PB_TTM_SQ":1.005686335617,"ROA_SQ":8.566442546548,"START_DATE":"2022-01-01 00:00:00","FISCAL_YEAR":"12-31","CURRENCY":"HKD","IS_CNY_CODE":0,"DPS_HKD_LY":0.2179,"ORG_TYPE":"一般企业","PREMIUM_INCOME":null,"PREMIUM_INCOME_YOY":null,"NET_INTEREST_INCOME":null,"NET_INTEREST_INCOME_YOY":null,"FEE_COMMISSION_INCOME":null,"FEE_COMMISSION_INCOME_YOY":null,"ACCOUNTS_RECE_TDAYS":50.078763036432,"INVENTORY_TDAYS":14.366898868662,"CURRENT_ASSETS_TDAYS":3.378685018419,"TOTAL_ASSETS_TDAYS":1.04074865283,"PREMIUM_EXPENSE":null,"LOAN_DEPOSIT":null,"LOAN_EQUITY":null,"LOAN_ASSETS":null,"DEPOSIT_EQUITY":null,"DEPOSIT_ASSETS":null,"EQUITY_MULTIPLIER":3.660382520748,"EQUITY_RATIO":2.766837758857},{"SECUCODE":"01907.HK","SECURITY_CODE":"01907","SECURITY_NAME_ABBR":"中国旭阳集团","ORG_CODE":"10991702","STD_REPORT_DATE":"2022-06-30 00:00:00","REPORT_DATE":"2022-06-30 00:00:00","DATE_TYPE_CODE":"002","REPORT_TYPE":"2022年中报","PER_NETCASH_OPERATE":0.386176881478,"PER_OI":5.076625732312,"BPS":2.860677185835,"BASIC_EPS":0.3914,"DILUTED_EPS":null,"OPERATE_INCOME":22530065000,"OPERATE_INCOME_YOY":21.1317457432,"GROSS_PROFIT":3013121000,"GROSS_PROFIT_YOY":-6.185294816362,"HOLDER_PROFIT":1736960000,"HOLDER_PROFIT_YOY":0.8067628561,"GROSS_PROFIT_RATIO":13.373778548797,"EPS_TTM":0.591981748535,"OPERATE_INCOME_QOQ":10.227389969886,"NET_PROFIT_RATIO":7.7052329853,"ROE_AVG":14.848402187082,"GROSS_PROFIT_QOQ":-3.592211047507,"ROA":4.427774070391,"HOLDER_PROFIT_QOQ":0.531929955604,"ROE_YEARLY":29.696804374165,"ROIC_YEARLY":9.447465936974,"TOTAL_ASSETS":41659303000,"TOTAL_LIABILITIES":29101304000,"TAX_EBT":16.796082117183,"OCF_SALES":7.606959855642,"TOTAL_PARENT_EQUITY":12428069000,"DEBT_ASSET_RATIO":69.8554750184,"OPERATE_PROFIT":2204302000,"PRETAX_PROFIT":2086433000,"NETCASH_OPERATE":1713853000,"NETCASH_INVEST":-7226101000,"NETCASH_FINANCE":5355001000,"END_CASH":2125935000,"DIVI_RATIO":0.033311641869,"DIVIDEND_RATE":0.761403508772,"CURRENT_RATIO":0.605604463982,"COMMON_ACS":10000000000,"CURRENTDEBT_DEBT":71.709381132887,"ISSUED_COMMON_SHARES":4344450000,"HK_COMMON_SHARES":4344450000,"PER_SHARES":1000,"TOTAL_MARKET_CAP":12381682500,"HKSK_MARKET_CAP":12381682500,"PE_TTM":41.796773336518,"PB_TTM":0.87306855765,"REPORT_DATE_SQ":"2021-06-30 00:00:00","REPORT_TYPE_SQ":"2021年中报","OPERATE_INCOME_SQ":18599637000,"DPS_HKD":0.0217,"OPERATE_INCOME_QOQ_SQ":49.886018939931,"NET_PROFIT_RATIO_SQ":9.247886847,"HOLDER_PROFIT_SQ":1723059000,"HOLDER_PROFIT_QOQ_SQ":78.798217219467,"ROE_AVG_SQ":17.51570495179,"PE_TTM_SQ":17.278638872224,"PB_TTM_SQ":1.005686335617,"ROA_SQ":5.843418654809,"START_DATE":"2022-01-01 00:00:00","FISCAL_YEAR":"12-31","CURRENCY":"HKD","IS_CNY_CODE":0,"DPS_HKD_LY":0.2179,"ORG_TYPE":"一般企业","PREMIUM_INCOME":null,"PREMIUM_INCOME_YOY":null,"NET_INTEREST_INCOME":null,"NET_INTEREST_INCOME_YOY":null,"FEE_COMMISSION_INCOME":null,"FEE_COMMISSION_INCOME_YOY":null,"ACCOUNTS_RECE_TDAYS":null,"INVENTORY_TDAYS":8.022700562951,"CURRENT_ASSETS_TDAYS":1.818014013838,"TOTAL_ASSETS_TDAYS":0.574325474457,"PREMIUM_EXPENSE":null,"LOAN_DEPOSIT":null,"LOAN_EQUITY":null,"LOAN_ASSETS":null,"DEPOSIT_EQUITY":null,"DEPOSIT_ASSETS":null,"EQUITY_MULTIPLIER":3.317351992146,"EQUITY_RATIO":2.341578888885},{"SECUCODE":"01907.HK","SECURITY_CODE":"01907","SECURITY_NAME_ABBR":"中国旭阳集团","ORG_CODE":"10991702","STD_REPORT_DATE":"2021-12-31 00:00:00","REPORT_DATE":"2021-12-31 00:00:00","DATE_TYPE_CODE":"001","REPORT_TYPE":"2021年年报","PER_NETCASH_OPERATE":0.947152027027,"PER_OI":8.867129279279,"BPS":2.528400603068,"BASIC_EPS":0.61,"DILUTED_EPS":null,"OPERATE_INCOME":39370054000,"OPERATE_INCOME_YOY":94.241452027,"GROSS_PROFIT":5530618000,"GROSS_PROFIT_YOY":71.574865756894,"HOLDER_PROFIT":2613689000,"HOLDER_PROFIT_YOY":58.0961772304,"GROSS_PROFIT_RATIO":14.390278053493,"EPS_TTM":0.588584234234,"OPERATE_INCOME_QOQ":29.592775497536,"NET_PROFIT_RATIO":6.7551684524,"ROE_AVG":27.189085221662,"GROSS_PROFIT_QOQ":4.291156800239,"ROA":8.566442546548,"HOLDER_PROFIT_QOQ":-14.025627351633,"ROE_YEARLY":27.189085221662,"ROIC_YEARLY":9.124746077184,"TOTAL_ASSETS":36781517000,"TOTAL_LIABILITIES":25686903000,"TAX_EBT":18.817767444362,"OCF_SALES":10.94277914436,"TOTAL_PARENT_EQUITY":10967849000,"DEBT_ASSET_RATIO":69.8048229453,"OPERATE_PROFIT":3540760000,"PRETAX_PROFIT":3198254000,"NETCASH_OPERATE":4205730000,"NETCASH_INVEST":-5127101000,"NETCASH_FINANCE":2022107000,"END_CASH":2280914000,"DIVI_RATIO":0.03350392833,"DIVIDEND_RATE":0.761403508772,"CURRENT_RATIO":0.721317919656,"COMMON_ACS":10000000000,"CURRENTDEBT_DEBT":65.560807388886,"ISSUED_COMMON_SHARES":4344450000,"HK_COMMON_SHARES":4344450000,"PER_SHARES":1000,"TOTAL_MARKET_CAP":12381682500,"HKSK_MARKET_CAP":12381682500,"PE_TTM":41.796773336518,"PB_TTM":0.87306855765,"REPORT_DATE_SQ":"2020-12-31 00:00:00","REPORT_TYPE_SQ":"2020年年报","OPERATE_INCOME_SQ":19784866000,"DPS_HKD":0.0217,"OPERATE_INCOME_QOQ_SQ":17.408725298752,"NET_PROFIT_RATIO_SQ":8.596990245,"HOLDER_PROFIT_SQ":1652990000,"HOLDER_PROFIT_QOQ_SQ":94.868323771643,"ROE_AVG_SQ":22.936693486885,"PE_TTM_SQ":17.278638872224,"PB_TTM_SQ":1.005686335617,"ROA_SQ":7.655077549019,"START_DATE":"2021-01-01 00:00:00","FISCAL_YEAR":"12-31","CURRENCY":"HKD","IS_CNY_CODE":0,"DPS_HKD_LY":0.2718,"ORG_TYPE":"一般企业","PREMIUM_INCOME":null,"PREMIUM_INCOME_YOY":null,"NET_INTEREST_INCOME":null,"NET_INTEREST_INCOME_YOY":null,"FEE_COMMISSION_INCOME":null,"FEE_COMMISSION_INCOME_YOY":null,"ACCOUNTS_RECE_TDAYS":null,"INVENTORY_TDAYS":17.800900915768,"CURRENT_ASSETS_TDAYS":3.973161544612,"TOTAL_ASSETS_TDAYS":1.259748762957,"PREMIUM_EXPENSE":null,"LOAN_DEPOSIT":null,"LOAN_EQUITY":null,"LOAN_ASSETS":null,"DEPOSIT_EQUITY":null,"DEPOSIT_ASSETS":null,"EQUITY_MULTIPLIER":3.311787171138,"EQUITY_RATIO":2.342018293651},{"SECUCODE":"01907.HK","SECURITY_CODE":"01907","SECURITY_NAME_ABBR":"中国旭阳集团","ORG_CODE":"10991702","STD_REPORT_DATE":"2021-06-30 00:00:00","REPORT_DATE":"2021-06-30 00:00:00","DATE_TYPE_CODE":"002","REPORT_TYPE":"2021年中报","PER_NETCASH_OPERATE":0.689942567568,"PER_OI":4.189107432432,"BPS":2.546899377367,"BASIC_EPS":0.4158,"DILUTED_EPS":null,"OPERATE_INCOME":18599637000,"OPERATE_INCOME_YOY":121.3548776268,"GROSS_PROFIT":3211779000,"GROSS_PROFIT_YOY":177.546482729061,"HOLDER_PROFIT":1723059000,"HOLDER_PROFIT_YOY":381.6736518501,"GROSS_PROFIT_RATIO":17.977364383938,"EPS_TTM":0.684604279279,"OPERATE_INCOME_QOQ":49.886018939931,"NET_PROFIT_RATIO":9.247886847,"ROE_AVG":17.51570495179,"GROSS_PROFIT_QOQ":64.504103221307,"ROA":5.843418654809,"HOLDER_PROFIT_QOQ":78.798217219467,"ROE_YEARLY":35.03140990358,"ROIC_YEARLY":12.888248967857,"TOTAL_ASSETS":33648166000,"TOTAL_LIABILITIES":22464939000,"TAX_EBT":19.318477280754,"OCF_SALES":17.015788962657,"TOTAL_PARENT_EQUITY":11064877000,"DEBT_ASSET_RATIO":66.7642301812,"OPERATE_PROFIT":2103372000,"PRETAX_PROFIT":2103789000,"NETCASH_OPERATE":3095821000,"NETCASH_INVEST":-2607924000,"NETCASH_FINANCE":2279252000,"END_CASH":3950052000,"DIVI_RATIO":0.028804792194,"DIVIDEND_RATE":0.761403508772,"CURRENT_RATIO":0.798270294118,"COMMON_ACS":10000000000,"CURRENTDEBT_DEBT":64.04953514452,"ISSUED_COMMON_SHARES":4344450000,"HK_COMMON_SHARES":4344450000,"PER_SHARES":1000,"TOTAL_MARKET_CAP":12381682500,"HKSK_MARKET_CAP":12381682500,"PE_TTM":41.796773336518,"PB_TTM":0.87306855765,"REPORT_DATE_SQ":"2020-06-30 00:00:00","REPORT_TYPE_SQ":"2020年中报","OPERATE_INCOME_SQ":8133074000,"DPS_HKD":0.0217,"OPERATE_INCOME_QOQ_SQ":-10.565544979795,"NET_PROFIT_RATIO_SQ":4.2511109576,"HOLDER_PROFIT_SQ":350981000,"HOLDER_PROFIT_QOQ_SQ":-36.001511189034,"ROE_AVG_SQ":5.169313383024,"PE_TTM_SQ":17.278638872224,"PB_TTM_SQ":1.005686335617,"ROA_SQ":1.64977979418,"START_DATE":"2021-01-01 00:00:00","FISCAL_YEAR":"12-31","CURRENCY":"HKD","IS_CNY_CODE":0,"DPS_HKD_LY":0.2718,"ORG_TYPE":"一般企业","PREMIUM_INCOME":null,"PREMIUM_INCOME_YOY":null,"NET_INTEREST_INCOME":null,"NET_INTEREST_INCOME_YOY":null,"FEE_COMMISSION_INCOME":null,"FEE_COMMISSION_INCOME_YOY":null,"ACCOUNTS_RECE_TDAYS":null,"INVENTORY_TDAYS":9.406491827088,"CURRENT_ASSETS_TDAYS":1.927131493675,"TOTAL_ASSETS_TDAYS":0.622263496865,"PREMIUM_EXPENSE":null,"LOAN_DEPOSIT":null,"LOAN_EQUITY":null,"LOAN_ASSETS":null,"DEPOSIT_EQUITY":null,"DEPOSIT_ASSETS":null,"EQUITY_MULTIPLIER":3.008806492078,"EQUITY_RATIO":2.030292700045},{"SECUCODE":"01907.HK","SECURITY_CODE":"01907","SECURITY_NAME_ABBR":"中国旭阳集团","ORG_CODE":"10991702","STD_REPORT_DATE":"2020-12-31 00:00:00","REPORT_DATE":"2020-12-31 00:00:00","DATE_TYPE_CODE":"001","REPORT_TYPE":"2020年年报","PER_NETCASH_OPERATE":0.279090464548,"PER_OI":4.837375550122,"BPS":1.871897018035,"BASIC_EPS":0.4,"DILUTED_EPS":null,"OPERATE_INCOME":19784866000,"OPERATE_INCOME_YOY":5.0038536171,"GROSS_PROFIT":3223443000,"GROSS_PROFIT_YOY":24.798986258899,"HOLDER_PROFIT":1652990000,"HOLDER_PROFIT_YOY":24.7127823851,"GROSS_PROFIT_RATIO":16.292468192607,"EPS_TTM":0.41565794621,"OPERATE_INCOME_QOQ":17.408725298752,"NET_PROFIT_RATIO":8.596990245,"ROE_AVG":22.936693486885,"GROSS_PROFIT_QOQ":38.489091025482,"ROA":7.655077549019,"HOLDER_PROFIT_QOQ":94.868323771643,"ROE_YEARLY":22.936693486885,"ROIC_YEARLY":8.110485815687,"TOTAL_ASSETS":24461055000,"TOTAL_LIABILITIES":16078267000,"TAX_EBT":15.215946980105,"OCF_SALES":5.769460354192,"TOTAL_PARENT_EQUITY":8238748000,"DEBT_ASSET_RATIO":65.8206646888,"OPERATE_PROFIT":2088905000,"PRETAX_PROFIT":1950664000,"NETCASH_OPERATE":1170307000,"NETCASH_INVEST":-2203516000,"NETCASH_FINANCE":1156510000,"END_CASH":1181955000,"DIVI_RATIO":0.047442576714,"DIVIDEND_RATE":0.761403508772,"CURRENT_RATIO":0.551558507302,"COMMON_ACS":10000000000,"CURRENTDEBT_DEBT":82.033915719897,"ISSUED_COMMON_SHARES":4344450000,"HK_COMMON_SHARES":4344450000,"PER_SHARES":1000,"TOTAL_MARKET_CAP":12381682500,"HKSK_MARKET_CAP":12381682500,"PE_TTM":41.796773336518,"PB_TTM":0.87306855765,"REPORT_DATE_SQ":"2019-12-31 00:00:00","REPORT_TYPE_SQ":"2019年年报","OPERATE_INCOME_SQ":18842038000,"DPS_HKD":0.0217,"OPERATE_INCOME_QOQ_SQ":-8.584141403678,"NET_PROFIT_RATIO_SQ":7.2904427854,"HOLDER_PROFIT_SQ":1363165000,"HOLDER_PROFIT_QOQ_SQ":-39.062371478741,"ROE_AVG_SQ":24.136973048125,"PE_TTM_SQ":17.278638872224,"PB_TTM_SQ":1.005686335617,"ROA_SQ":6.369408299624,"START_DATE":"2020-01-01 00:00:00","FISCAL_YEAR":"12-31","CURRENCY":"HKD","IS_CNY_CODE":0,"DPS_HKD_LY":0.0712,"ORG_TYPE":"一般企业","PREMIUM_INCOME":null,"PREMIUM_INCOME_YOY":null,"NET_INTEREST_INCOME":null,"NET_INTEREST_INCOME_YOY":null,"FEE_COMMISSION_INCOME":null,"FEE_COMMISSION_INCOME_YOY":null,"ACCOUNTS_RECE_TDAYS":null,"INVENTORY_TDAYS":13.4042958048,"CURRENT_ASSETS_TDAYS":3.09111942793,"TOTAL_ASSETS_TDAYS":0.890888416967,"PREMIUM_EXPENSE":null,"LOAN_DEPOSIT":null,"LOAN_EQUITY":null,"LOAN_ASSETS":null,"DEPOSIT_EQUITY":null,"DEPOSIT_ASSETS":null,"EQUITY_MULTIPLIER":2.925744432696,"EQUITY_RATIO":1.951542515926},{"SECUCODE":"01907.HK","SECURITY_CODE":"01907","SECURITY_NAME_ABBR":"中国旭阳集团","ORG_CODE":"10991702","STD_REPORT_DATE":"2020-06-30 00:00:00","REPORT_DATE":"2020-06-30 00:00:00","DATE_TYPE_CODE":"002","REPORT_TYPE":"2020年中报","PER_NETCASH_OPERATE":0.027551833741,"PER_OI":1.988526650367,"BPS":1.585471348502,"BASIC_EPS":0.0858,"DILUTED_EPS":null,"OPERATE_INCOME":8133074000,"OPERATE_INCOME_YOY":-19.6641234283,"GROSS_PROFIT":1157204000,"GROSS_PROFIT_YOY":-18.075967074752,"HOLDER_PROFIT":350981000,"HOLDER_PROFIT_YOY":-58.3029696783,"GROSS_PROFIT_RATIO":14.228371707918,"EPS_TTM":0.21330195599,"OPERATE_INCOME_QOQ":-10.565544979795,"NET_PROFIT_RATIO":4.2511109576,"ROE_AVG":5.169313383024,"GROSS_PROFIT_QOQ":-9.88533079769,"ROA":1.64977979418,"HOLDER_PROFIT_QOQ":-36.001511189034,"ROE_YEARLY":10.338626766048,"ROIC_YEARLY":3.480235998555,"TOTAL_ASSETS":22347434000,"TOTAL_LIABILITIES":15348490000,"TAX_EBT":19.771761653823,"OCF_SALES":1.385540079926,"TOTAL_PARENT_EQUITY":6888001000,"DEBT_ASSET_RATIO":68.6812186133,"OPERATE_PROFIT":578391000,"PRETAX_PROFIT":430953000,"NETCASH_OPERATE":112687000,"NETCASH_INVEST":-1278936000,"NETCASH_FINANCE":1035448000,"END_CASH":929424000,"DIVI_RATIO":0.092450553997,"DIVIDEND_RATE":0.761403508772,"CURRENT_RATIO":0.522596206488,"COMMON_ACS":10000000000,"CURRENTDEBT_DEBT":87.291837828998,"ISSUED_COMMON_SHARES":4344450000,"HK_COMMON_SHARES":4344450000,"PER_SHARES":1000,"TOTAL_MARKET_CAP":12381682500,"HKSK_MARKET_CAP":12381682500,"PE_TTM":41.796773336518,"PB_TTM":0.87306855765,"REPORT_DATE_SQ":"2019-06-30 00:00:00","REPORT_TYPE_SQ":"2019年中报","OPERATE_INCOME_SQ":10123838000,"DPS_HKD":0.0217,"OPERATE_INCOME_QOQ_SQ":0.137326393199,"NET_PROFIT_RATIO_SQ":8.4308539904,"HOLDER_PROFIT_SQ":841741000,"HOLDER_PROFIT_QOQ_SQ":7.100984933939,"ROE_AVG_SQ":15.257246635236,"PE_TTM_SQ":17.278638872224,"PB_TTM_SQ":1.005686335617,"ROA_SQ":3.84999772794,"START_DATE":"2020-01-01 00:00:00","FISCAL_YEAR":"12-31","CURRENCY":"HKD","IS_CNY_CODE":0,"DPS_HKD_LY":0.0712,"ORG_TYPE":"一般企业","PREMIUM_INCOME":null,"PREMIUM_INCOME_YOY":null,"NET_INTEREST_INCOME":null,"NET_INTEREST_INCOME_YOY":null,"FEE_COMMISSION_INCOME":null,"FEE_COMMISSION_INCOME_YOY":null,"ACCOUNTS_RECE_TDAYS":null,"INVENTORY_TDAYS":6.770089737387,"CURRENT_ASSETS_TDAYS":1.290430032332,"TOTAL_ASSETS_TDAYS":0.382293661189,"PREMIUM_EXPENSE":null,"LOAN_DEPOSIT":null,"LOAN_EQUITY":null,"LOAN_ASSETS":null,"DEPOSIT_EQUITY":null,"DEPOSIT_ASSETS":null,"EQUITY_MULTIPLIER":3.192972254101,"EQUITY_RATIO":2.228293811223}],"count":19},"success":true,"message":"ok","code":0}