{"version":"f35f6f433d97591be6d51871ba03c483","result":{"pages":2,"data":[{"SECUCODE":"01902.HK","SECURITY_CODE":"01902","SECURITY_NAME_ABBR":"银城国际控股","ORG_CODE":"10976926","STD_REPORT_DATE":"2022-12-31 00:00:00","REPORT_DATE":"2022-12-31 00:00:00","DATE_TYPE_CODE":"001","REPORT_TYPE":"2022年年报","PER_NETCASH_OPERATE":1.46592294594,"PER_OI":6.008979621276,"BPS":0.784473878196,"BASIC_EPS":-0.69,"DILUTED_EPS":-0.69,"OPERATE_INCOME":8694766000,"OPERATE_INCOME_YOY":-0.596698807,"GROSS_PROFIT":2539434000,"GROSS_PROFIT_YOY":68.604434222643,"HOLDER_PROFIT":-999885000,"HOLDER_PROFIT_YOY":-806.3779132609,"GROSS_PROFIT_RATIO":29.206467431096,"EPS_TTM":-0.691023609907,"OPERATE_INCOME_QOQ":-8.847397525782,"NET_PROFIT_RATIO":-8.8800089617,"ROE_AVG":-51.836640848187,"GROSS_PROFIT_QOQ":17.168666360299,"ROA":-2.436341996057,"HOLDER_PROFIT_QOQ":-882.756245156139,"ROE_YEARLY":-51.836640848187,"ROIC_YEARLY":-2.755778736835,"TOTAL_ASSETS":38881558000,"TOTAL_LIABILITIES":34751416000,"TAX_EBT":184.995156318802,"OCF_SALES":24.395538649344,"TOTAL_PARENT_EQUITY":1135104000,"DEBT_ASSET_RATIO":89.3776324498,"OPERATE_PROFIT":1275701000,"PRETAX_PROFIT":908400000,"NETCASH_OPERATE":2121135000,"NETCASH_INVEST":444149000,"NETCASH_FINANCE":-3662109000,"END_CASH":330774000,"DIVI_RATIO":null,"DIVIDEND_RATE":null,"CURRENT_RATIO":1.007732844722,"COMMON_ACS":50000000000,"CURRENTDEBT_DEBT":86.833379681565,"ISSUED_COMMON_SHARES":1446962138,"HK_COMMON_SHARES":1446962138,"PER_SHARES":2000,"TOTAL_MARKET_CAP":66560258.348,"HKSK_MARKET_CAP":66560258.348,"PE_TTM":-0.059463120233,"PB_TTM":0.052379589865,"REPORT_DATE_SQ":"2021-12-31 00:00:00","REPORT_TYPE_SQ":"2021年年报","OPERATE_INCOME_SQ":8746959000,"DPS_HKD":null,"OPERATE_INCOME_QOQ_SQ":-11.775196862664,"NET_PROFIT_RATIO_SQ":5.5498602429,"HOLDER_PROFIT_SQ":141551000,"HOLDER_PROFIT_QOQ_SQ":-11.82930323529,"ROE_AVG_SQ":5.163462278539,"PE_TTM_SQ":-0.059463120233,"PB_TTM_SQ":0.052379589865,"ROA_SQ":0.322334172053,"START_DATE":"2022-01-01 00:00:00","FISCAL_YEAR":"12-31","CURRENCY":"HKD","IS_CNY_CODE":0,"DPS_HKD_LY":null,"ORG_TYPE":"一般企业","PREMIUM_INCOME":null,"PREMIUM_INCOME_YOY":null,"NET_INTEREST_INCOME":null,"NET_INTEREST_INCOME_YOY":null,"FEE_COMMISSION_INCOME":null,"FEE_COMMISSION_INCOME_YOY":null,"ACCOUNTS_RECE_TDAYS":989.05312251166,"INVENTORY_TDAYS":0.279489609121,"CURRENT_ASSETS_TDAYS":0.270260077541,"TOTAL_ASSETS_TDAYS":0.211858599256,"PREMIUM_EXPENSE":null,"LOAN_DEPOSIT":null,"LOAN_EQUITY":null,"LOAN_ASSETS":null,"DEPOSIT_EQUITY":null,"DEPOSIT_ASSETS":null,"EQUITY_MULTIPLIER":9.414097142413,"EQUITY_RATIO":30.615182397384},{"SECUCODE":"01902.HK","SECURITY_CODE":"01902","SECURITY_NAME_ABBR":"银城国际控股","ORG_CODE":"10976926","STD_REPORT_DATE":"2022-06-30 00:00:00","REPORT_DATE":"2022-06-30 00:00:00","DATE_TYPE_CODE":"002","REPORT_TYPE":"2022年中报","PER_NETCASH_OPERATE":1.097531136644,"PER_OI":3.165499552276,"BPS":1.83242389719,"BASIC_EPS":0.05,"DILUTED_EPS":0.05,"OPERATE_INCOME":4580358000,"OPERATE_INCOME_YOY":20.897634366,"GROSS_PROFIT":1350488000,"GROSS_PROFIT_YOY":95.920238501099,"HOLDER_PROFIT":66606000,"HOLDER_PROFIT_YOY":-17.1752592703,"GROSS_PROFIT_RATIO":29.484332884024,"EPS_TTM":0.0882808172,"OPERATE_INCOME_QOQ":9.051522934999,"NET_PROFIT_RATIO":7.2851729057,"ROE_AVG":2.478743248964,"GROSS_PROFIT_QOQ":43.898910399967,"ROA":0.157690662088,"HOLDER_PROFIT_QOQ":-9.757613863554,"ROE_YEARLY":4.957486497928,"ROIC_YEARLY":0.358574927111,"TOTAL_ASSETS":41277501000,"TOTAL_LIABILITIES":35558025000,"TAX_EBT":63.211110523113,"OCF_SALES":34.671656669632,"TOTAL_PARENT_EQUITY":2651448000,"DEBT_ASSET_RATIO":86.1438414113,"OPERATE_PROFIT":1167935000,"PRETAX_PROFIT":907032000,"NETCASH_OPERATE":1588086000,"NETCASH_INVEST":497867000,"NETCASH_FINANCE":-2886986000,"END_CASH":626566000,"DIVI_RATIO":null,"DIVIDEND_RATE":null,"CURRENT_RATIO":1.112740248362,"COMMON_ACS":50000000000,"CURRENTDEBT_DEBT":80.963613699017,"ISSUED_COMMON_SHARES":1446962138,"HK_COMMON_SHARES":1446962138,"PER_SHARES":2000,"TOTAL_MARKET_CAP":66560258.348,"HKSK_MARKET_CAP":66560258.348,"PE_TTM":-0.059463120233,"PB_TTM":0.052379589865,"REPORT_DATE_SQ":"2021-06-30 00:00:00","REPORT_TYPE_SQ":"2021年中报","OPERATE_INCOME_SQ":3788625000,"DPS_HKD":null,"OPERATE_INCOME_QOQ_SQ":-7.165367277568,"NET_PROFIT_RATIO_SQ":7.8677620509,"HOLDER_PROFIT_SQ":80418000,"HOLDER_PROFIT_QOQ_SQ":-12.092954491943,"ROE_AVG_SQ":2.900426202298,"PE_TTM_SQ":-0.059463120233,"PB_TTM_SQ":0.052379589865,"ROA_SQ":0.174744860889,"START_DATE":"2022-01-01 00:00:00","FISCAL_YEAR":"12-31","CURRENCY":"HKD","IS_CNY_CODE":0,"DPS_HKD_LY":null,"ORG_TYPE":"一般企业","PREMIUM_INCOME":null,"PREMIUM_INCOME_YOY":null,"NET_INTEREST_INCOME":null,"NET_INTEREST_INCOME_YOY":null,"FEE_COMMISSION_INCOME":null,"FEE_COMMISSION_INCOME_YOY":null,"ACCOUNTS_RECE_TDAYS":441.820970386804,"INVENTORY_TDAYS":0.144978433927,"CURRENT_ASSETS_TDAYS":0.13886338501,"TOTAL_ASSETS_TDAYS":0.10844063382,"PREMIUM_EXPENSE":null,"LOAN_DEPOSIT":null,"LOAN_EQUITY":null,"LOAN_ASSETS":null,"DEPOSIT_EQUITY":null,"DEPOSIT_ASSETS":null,"EQUITY_MULTIPLIER":7.217007467102,"EQUITY_RATIO":13.410794780814},{"SECUCODE":"01902.HK","SECURITY_CODE":"01902","SECURITY_NAME_ABBR":"银城国际控股","ORG_CODE":"10976926","STD_REPORT_DATE":"2021-12-31 00:00:00","REPORT_DATE":"2021-12-31 00:00:00","DATE_TYPE_CODE":"001","REPORT_TYPE":"2021年年报","PER_NETCASH_OPERATE":1.961870960856,"PER_OI":6.045050364683,"BPS":1.881685034111,"BASIC_EPS":0.1,"DILUTED_EPS":0.1,"OPERATE_INCOME":8746959000,"OPERATE_INCOME_YOY":-18.0968280374,"GROSS_PROFIT":1506149000,"GROSS_PROFIT_YOY":30.128621058188,"HOLDER_PROFIT":141551000,"HOLDER_PROFIT_YOY":-22.4917454703,"GROSS_PROFIT_RATIO":17.219115809277,"EPS_TTM":0.097826333034,"OPERATE_INCOME_QOQ":-11.775196862664,"NET_PROFIT_RATIO":5.5498602429,"ROE_AVG":5.163462278539,"GROSS_PROFIT_QOQ":32.878890138733,"ROA":0.322334172053,"HOLDER_PROFIT_QOQ":-11.82930323529,"ROE_YEARLY":5.163462278539,"ROIC_YEARLY":0.369653536673,"TOTAL_ASSETS":43199283000,"TOTAL_LIABILITIES":37985514000,"TAX_EBT":28.631642396666,"OCF_SALES":32.454170643763,"TOTAL_PARENT_EQUITY":2722727000,"DEBT_ASSET_RATIO":87.9308899641,"OPERATE_PROFIT":930410000,"PRETAX_PROFIT":680195000,"NETCASH_OPERATE":4021257000,"NETCASH_INVEST":-3744885000,"NETCASH_FINANCE":-2367097000,"END_CASH":1427599000,"DIVI_RATIO":null,"DIVIDEND_RATE":null,"CURRENT_RATIO":1.171994756324,"COMMON_ACS":50000000000,"CURRENTDEBT_DEBT":76.225107813468,"ISSUED_COMMON_SHARES":1446962138,"HK_COMMON_SHARES":1446962138,"PER_SHARES":2000,"TOTAL_MARKET_CAP":66560258.348,"HKSK_MARKET_CAP":66560258.348,"PE_TTM":-0.059463120233,"PB_TTM":0.052379589865,"REPORT_DATE_SQ":"2020-12-31 00:00:00","REPORT_TYPE_SQ":"2020年年报","OPERATE_INCOME_SQ":10679634000,"DPS_HKD":null,"OPERATE_INCOME_QOQ_SQ":7.795724945543,"NET_PROFIT_RATIO_SQ":3.6157044333,"HOLDER_PROFIT_SQ":182627000,"HOLDER_PROFIT_QOQ_SQ":-25.777674819349,"ROE_AVG_SQ":6.932282636649,"PE_TTM_SQ":-0.059463120233,"PB_TTM_SQ":0.052379589865,"ROA_SQ":0.461458510287,"START_DATE":"2021-01-01 00:00:00","FISCAL_YEAR":"12-31","CURRENCY":"HKD","IS_CNY_CODE":0,"DPS_HKD_LY":0.0306,"ORG_TYPE":"一般企业","PREMIUM_INCOME":null,"PREMIUM_INCOME_YOY":null,"NET_INTEREST_INCOME":null,"NET_INTEREST_INCOME_YOY":null,"FEE_COMMISSION_INCOME":null,"FEE_COMMISSION_INCOME_YOY":null,"ACCOUNTS_RECE_TDAYS":1680.97607379648,"INVENTORY_TDAYS":0.340446105652,"CURRENT_ASSETS_TDAYS":0.246774874679,"TOTAL_ASSETS_TDAYS":0.199182187851,"PREMIUM_EXPENSE":null,"LOAN_DEPOSIT":null,"LOAN_EQUITY":null,"LOAN_ASSETS":null,"DEPOSIT_EQUITY":null,"DEPOSIT_ASSETS":null,"EQUITY_MULTIPLIER":8.285615070419,"EQUITY_RATIO":13.951275320662},{"SECUCODE":"01902.HK","SECURITY_CODE":"01902","SECURITY_NAME_ABBR":"银城国际控股","ORG_CODE":"10976926","STD_REPORT_DATE":"2021-06-30 00:00:00","REPORT_DATE":"2021-06-30 00:00:00","DATE_TYPE_CODE":"002","REPORT_TYPE":"2021年中报","PER_NETCASH_OPERATE":1.026236251111,"PER_OI":2.618330432085,"BPS":1.92485133291,"BASIC_EPS":0.06,"DILUTED_EPS":0.06,"OPERATE_INCOME":3788625000,"OPERATE_INCOME_YOY":-16.8040958659,"GROSS_PROFIT":689305000,"GROSS_PROFIT_YOY":-3.358658331242,"HOLDER_PROFIT":80418000,"HOLDER_PROFIT_YOY":-21.5457108572,"GROSS_PROFIT_RATIO":18.19406776865,"EPS_TTM":0.110951071755,"OPERATE_INCOME_QOQ":-7.165367277568,"NET_PROFIT_RATIO":7.8677620509,"ROE_AVG":2.900426202298,"GROSS_PROFIT_QOQ":-2.069756210089,"ROA":0.174744860889,"HOLDER_PROFIT_QOQ":-12.092954491943,"ROE_YEARLY":5.800852404597,"ROIC_YEARLY":0.411844569517,"TOTAL_ASSETS":47411031000,"TOTAL_LIABILITIES":42206403000,"TAX_EBT":34.225246754622,"OCF_SALES":39.194298723152,"TOTAL_PARENT_EQUITY":2785187000,"DEBT_ASSET_RATIO":89.0223268927,"OPERATE_PROFIT":557242000,"PRETAX_PROFIT":453183000,"NETCASH_OPERATE":2329684000,"NETCASH_INVEST":-2934741000,"NETCASH_FINANCE":316995000,"END_CASH":3230262000,"DIVI_RATIO":null,"DIVIDEND_RATE":null,"CURRENT_RATIO":1.274596686677,"COMMON_ACS":50000000000,"CURRENTDEBT_DEBT":73.707565176781,"ISSUED_COMMON_SHARES":1446962138,"HK_COMMON_SHARES":1446962138,"PER_SHARES":2000,"TOTAL_MARKET_CAP":66560258.348,"HKSK_MARKET_CAP":66560258.348,"PE_TTM":-0.059463120233,"PB_TTM":0.052379589865,"REPORT_DATE_SQ":"2020-06-30 00:00:00","REPORT_TYPE_SQ":"2020年中报","OPERATE_INCOME_SQ":4553860000,"DPS_HKD":null,"OPERATE_INCOME_QOQ_SQ":8.961446348144,"NET_PROFIT_RATIO_SQ":6.5794512787,"HOLDER_PROFIT_SQ":102503000,"HOLDER_PROFIT_QOQ_SQ":63.698780512145,"ROE_AVG_SQ":4.024057269492,"PE_TTM_SQ":-0.059463120233,"PB_TTM_SQ":0.052379589865,"ROA_SQ":0.285279417306,"START_DATE":"2021-01-01 00:00:00","FISCAL_YEAR":"12-31","CURRENCY":"HKD","IS_CNY_CODE":0,"DPS_HKD_LY":0.0306,"ORG_TYPE":"一般企业","PREMIUM_INCOME":null,"PREMIUM_INCOME_YOY":null,"NET_INTEREST_INCOME":null,"NET_INTEREST_INCOME_YOY":null,"FEE_COMMISSION_INCOME":null,"FEE_COMMISSION_INCOME_YOY":null,"ACCOUNTS_RECE_TDAYS":383.677654564788,"INVENTORY_TDAYS":0.154563381711,"CURRENT_ASSETS_TDAYS":0.098910033556,"TOTAL_ASSETS_TDAYS":0.082325194432,"PREMIUM_EXPENSE":null,"LOAN_DEPOSIT":null,"LOAN_EQUITY":null,"LOAN_ASSETS":null,"DEPOSIT_EQUITY":null,"DEPOSIT_ASSETS":null,"EQUITY_MULTIPLIER":9.109398596821,"EQUITY_RATIO":15.153884819942},{"SECUCODE":"01902.HK","SECURITY_CODE":"01902","SECURITY_NAME_ABBR":"银城国际控股","ORG_CODE":"10976926","STD_REPORT_DATE":"2020-12-31 00:00:00","REPORT_DATE":"2020-12-31 00:00:00","DATE_TYPE_CODE":"001","REPORT_TYPE":"2020年年报","PER_NETCASH_OPERATE":0.986833008619,"PER_OI":7.380728022892,"BPS":1.907490823371,"BASIC_EPS":0.13,"DILUTED_EPS":0.13,"OPERATE_INCOME":10679634000,"OPERATE_INCOME_YOY":17.4557810021,"GROSS_PROFIT":1157431000,"GROSS_PROFIT_YOY":-21.758566680209,"HOLDER_PROFIT":182627000,"HOLDER_PROFIT_YOY":21.5010411885,"GROSS_PROFIT_RATIO":10.837740319565,"EPS_TTM":0.126214083426,"OPERATE_INCOME_QOQ":7.795724945543,"NET_PROFIT_RATIO":3.6157044333,"ROE_AVG":6.932282636649,"GROSS_PROFIT_QOQ":-33.585636887158,"ROA":0.461458510287,"HOLDER_PROFIT_QOQ":-25.777674819349,"ROE_YEARLY":6.932282636649,"ROIC_YEARLY":0.531511962315,"TOTAL_ASSETS":44629444000,"TOTAL_LIABILITIES":39367673000,"TAX_EBT":42.74250110098,"OCF_SALES":13.370402019395,"TOTAL_PARENT_EQUITY":2760067000,"DEBT_ASSET_RATIO":88.2100906299,"OPERATE_PROFIT":842620000,"PRETAX_PROFIT":674399000,"NETCASH_OPERATE":1427910000,"NETCASH_INVEST":-6460831000,"NETCASH_FINANCE":5656990000,"END_CASH":3518324000,"DIVI_RATIO":null,"DIVIDEND_RATE":null,"CURRENT_RATIO":1.215810573995,"COMMON_ACS":50000000000,"CURRENTDEBT_DEBT":77.210331939101,"ISSUED_COMMON_SHARES":1446962138,"HK_COMMON_SHARES":1446962138,"PER_SHARES":2000,"TOTAL_MARKET_CAP":66560258.348,"HKSK_MARKET_CAP":66560258.348,"PE_TTM":-0.059463120233,"PB_TTM":0.052379589865,"REPORT_DATE_SQ":"2019-12-31 00:00:00","REPORT_TYPE_SQ":"2019年年报","OPERATE_INCOME_SQ":9092472000,"DPS_HKD":null,"OPERATE_INCOME_QOQ_SQ":4.505166369749,"NET_PROFIT_RATIO_SQ":3.9632786331,"HOLDER_PROFIT_SQ":150309000,"HOLDER_PROFIT_QOQ_SQ":-19.698151511914,"ROE_AVG_SQ":7.372755840278,"PE_TTM_SQ":-0.059463120233,"PB_TTM_SQ":0.052379589865,"ROA_SQ":0.500511061789,"START_DATE":"2020-01-01 00:00:00","FISCAL_YEAR":"12-31","CURRENCY":"HKD","IS_CNY_CODE":0,"DPS_HKD_LY":0.0232,"ORG_TYPE":"一般企业","PREMIUM_INCOME":null,"PREMIUM_INCOME_YOY":null,"NET_INTEREST_INCOME":null,"NET_INTEREST_INCOME_YOY":null,"FEE_COMMISSION_INCOME":null,"FEE_COMMISSION_INCOME_YOY":null,"ACCOUNTS_RECE_TDAYS":7761.36191860465,"INVENTORY_TDAYS":0.521829555041,"CURRENT_ASSETS_TDAYS":0.316871121561,"TOTAL_ASSETS_TDAYS":0.269851007576,"PREMIUM_EXPENSE":null,"LOAN_DEPOSIT":null,"LOAN_EQUITY":null,"LOAN_ASSETS":null,"DEPOSIT_EQUITY":null,"DEPOSIT_ASSETS":null,"EQUITY_MULTIPLIER":8.4818294069,"EQUITY_RATIO":14.263303390823},{"SECUCODE":"01902.HK","SECURITY_CODE":"01902","SECURITY_NAME_ABBR":"银城国际控股","ORG_CODE":"10976926","STD_REPORT_DATE":"2020-06-30 00:00:00","REPORT_DATE":"2020-06-30 00:00:00","DATE_TYPE_CODE":"002","REPORT_TYPE":"2020年中报","PER_NETCASH_OPERATE":1.240482354625,"PER_OI":3.147186702683,"BPS":1.786979722617,"BASIC_EPS":0.07,"DILUTED_EPS":0.07,"OPERATE_INCOME":4553860000,"OPERATE_INCOME_YOY":21.7921270229,"GROSS_PROFIT":713261000,"GROSS_PROFIT_YOY":58.56375576334,"HOLDER_PROFIT":102503000,"HOLDER_PROFIT_YOY":1416.765315182,"GROSS_PROFIT_RATIO":15.662778390201,"EPS_TTM":0.17004867891,"OPERATE_INCOME_QOQ":8.961446348144,"NET_PROFIT_RATIO":6.5794512787,"ROE_AVG":4.024057269492,"GROSS_PROFIT_QOQ":17.808000638137,"ROA":0.285279417306,"HOLDER_PROFIT_QOQ":63.698780512145,"ROE_YEARLY":8.048114538984,"ROIC_YEARLY":0.676593030032,"TOTAL_ASSETS":37338842000,"TOTAL_LIABILITIES":32448047000,"TAX_EBT":35.206165836611,"OCF_SALES":39.415594682314,"TOTAL_PARENT_EQUITY":2585692000,"DEBT_ASSET_RATIO":86.9015889673,"OPERATE_PROFIT":553558000,"PRETAX_PROFIT":462419000,"NETCASH_OPERATE":1794931000,"NETCASH_INVEST":-1469794000,"NETCASH_FINANCE":1325238000,"END_CASH":4544630000,"DIVI_RATIO":null,"DIVIDEND_RATE":null,"CURRENT_RATIO":1.249018668329,"COMMON_ACS":50000000000,"CURRENTDEBT_DEBT":79.465845818086,"ISSUED_COMMON_SHARES":1446962138,"HK_COMMON_SHARES":1446962138,"PER_SHARES":2000,"TOTAL_MARKET_CAP":66560258.348,"HKSK_MARKET_CAP":66560258.348,"PE_TTM":-0.059463120233,"PB_TTM":0.052379589865,"REPORT_DATE_SQ":"2019-06-30 00:00:00","REPORT_TYPE_SQ":"2019年中报","OPERATE_INCOME_SQ":3739043000,"DPS_HKD":null,"OPERATE_INCOME_QOQ_SQ":71.604313450599,"NET_PROFIT_RATIO_SQ":1.2967756723,"HOLDER_PROFIT_SQ":6758000,"HOLDER_PROFIT_QOQ_SQ":-57.693698580598,"ROE_AVG_SQ":0.344129869052,"PE_TTM_SQ":-0.059463120233,"PB_TTM_SQ":0.052379589865,"ROA_SQ":0.023967391297,"START_DATE":"2020-01-01 00:00:00","FISCAL_YEAR":"12-31","CURRENCY":"HKD","IS_CNY_CODE":0,"DPS_HKD_LY":0.0232,"ORG_TYPE":"一般企业","PREMIUM_INCOME":null,"PREMIUM_INCOME_YOY":null,"NET_INTEREST_INCOME":null,"NET_INTEREST_INCOME_YOY":null,"FEE_COMMISSION_INCOME":null,"FEE_COMMISSION_INCOME_YOY":null,"ACCOUNTS_RECE_TDAYS":2224.10744810745,"INVENTORY_TDAYS":0.241214034332,"CURRENT_ASSETS_TDAYS":0.145357871692,"TOTAL_ASSETS_TDAYS":0.126739951737,"PREMIUM_EXPENSE":null,"LOAN_DEPOSIT":null,"LOAN_EQUITY":null,"LOAN_ASSETS":null,"DEPOSIT_EQUITY":null,"DEPOSIT_ASSETS":null,"EQUITY_MULTIPLIER":7.634513816245,"EQUITY_RATIO":12.549076610826},{"SECUCODE":"01902.HK","SECURITY_CODE":"01902","SECURITY_NAME_ABBR":"银城国际控股","ORG_CODE":"10976926","STD_REPORT_DATE":"2019-12-31 00:00:00","REPORT_DATE":"2019-12-31 00:00:00","DATE_TYPE_CODE":"001","REPORT_TYPE":"2019年年报","PER_NETCASH_OPERATE":2.416119197723,"PER_OI":6.2838354655,"BPS":1.733851863925,"BASIC_EPS":0.11,"DILUTED_EPS":0.11,"OPERATE_INCOME":9092472000,"OPERATE_INCOME_YOY":79.3353732692,"GROSS_PROFIT":1479307000,"GROSS_PROFIT_YOY":0.629638019361,"HOLDER_PROFIT":150309000,"HOLDER_PROFIT_YOY":-66.0272579333,"GROSS_PROFIT_RATIO":16.269579933818,"EPS_TTM":0.103879013868,"OPERATE_INCOME_QOQ":4.505166369749,"NET_PROFIT_RATIO":3.9632786331,"ROE_AVG":7.372755840278,"GROSS_PROFIT_QOQ":-20.542508455713,"ROA":0.500511061789,"HOLDER_PROFIT_QOQ":-19.698151511914,"ROE_YEARLY":7.372755840278,"ROIC_YEARLY":0.564868776589,"TOTAL_ASSETS":34522634000,"TOTAL_LIABILITIES":30495829000,"TAX_EBT":61.669090092955,"OCF_SALES":38.449752718513,"TOTAL_PARENT_EQUITY":2508818000,"DEBT_ASSET_RATIO":88.3357538709,"OPERATE_PROFIT":1064019000,"PRETAX_PROFIT":940129000,"NETCASH_OPERATE":3496033000,"NETCASH_INVEST":-6197300000,"NETCASH_FINANCE":4006341000,"END_CASH":2894255000,"DIVI_RATIO":null,"DIVIDEND_RATE":null,"CURRENT_RATIO":1.265204598643,"COMMON_ACS":50000000000,"CURRENTDEBT_DEBT":78.922747107482,"ISSUED_COMMON_SHARES":1446962138,"HK_COMMON_SHARES":1446962138,"PER_SHARES":2000,"TOTAL_MARKET_CAP":66560258.348,"HKSK_MARKET_CAP":66560258.348,"PE_TTM":-0.059463120233,"PB_TTM":0.052379589865,"REPORT_DATE_SQ":"2018-12-31 00:00:00","REPORT_TYPE_SQ":"2018年年报","OPERATE_INCOME_SQ":5070094000,"DPS_HKD":null,"OPERATE_INCOME_QOQ_SQ":113.500475419266,"NET_PROFIT_RATIO_SQ":9.7694835638,"HOLDER_PROFIT_SQ":442440000,"HOLDER_PROFIT_QOQ_SQ":-16.827238496634,"ROE_AVG_SQ":30.518807308125,"PE_TTM_SQ":-0.059463120233,"PB_TTM_SQ":0.052379589865,"ROA_SQ":2.135108079592,"START_DATE":"2019-01-01 00:00:00","FISCAL_YEAR":"12-31","CURRENCY":"HKD","IS_CNY_CODE":0,"DPS_HKD_LY":null,"ORG_TYPE":"一般企业","PREMIUM_INCOME":null,"PREMIUM_INCOME_YOY":null,"NET_INTEREST_INCOME":null,"NET_INTEREST_INCOME_YOY":null,"FEE_COMMISSION_INCOME":null,"FEE_COMMISSION_INCOME_YOY":null,"ACCOUNTS_RECE_TDAYS":12455.4410958904,"INVENTORY_TDAYS":0.4266405917,"CURRENT_ASSETS_TDAYS":0.336962583789,"TOTAL_ASSETS_TDAYS":0.302768484589,"PREMIUM_EXPENSE":null,"LOAN_DEPOSIT":null,"LOAN_EQUITY":null,"LOAN_ASSETS":null,"DEPOSIT_EQUITY":null,"DEPOSIT_ASSETS":null,"EQUITY_MULTIPLIER":8.573207294599,"EQUITY_RATIO":12.155456872519},{"SECUCODE":"01902.HK","SECURITY_CODE":"01902","SECURITY_NAME_ABBR":"银城国际控股","ORG_CODE":"10976926","STD_REPORT_DATE":"2019-06-30 00:00:00","REPORT_DATE":"2019-06-30 00:00:00","DATE_TYPE_CODE":"002","REPORT_TYPE":"2019年中报","PER_NETCASH_OPERATE":0.66654612078,"PER_OI":2.584064158837,"BPS":1.630303888435,"BASIC_EPS":0.01,"DILUTED_EPS":0.01,"OPERATE_INCOME":3739043000,"OPERATE_INCOME_YOY":3341.7767427304,"GROSS_PROFIT":449826000,"GROSS_PROFIT_YOY":673.987404934788,"HOLDER_PROFIT":6758000,"HOLDER_PROFIT_YOY":-97.4207878848,"GROSS_PROFIT_RATIO":12.030511550683,"EPS_TTM":0.12936067578,"OPERATE_INCOME_QOQ":71.604313450599,"NET_PROFIT_RATIO":1.2967756723,"ROE_AVG":0.344129869052,"GROSS_PROFIT_QOQ":26.64587827225,"ROA":0.023967391297,"HOLDER_PROFIT_QOQ":-57.693698580598,"ROE_YEARLY":0.688259738104,"ROIC_YEARLY":0.055827050639,"TOTAL_ASSETS":30853713000,"TOTAL_LIABILITIES":27561516000,"TAX_EBT":79.715522831385,"OCF_SALES":25.794488054831,"TOTAL_PARENT_EQUITY":2358988000,"DEBT_ASSET_RATIO":89.3296570173,"OPERATE_PROFIT":323613000,"PRETAX_PROFIT":239035000,"NETCASH_OPERATE":964467000,"NETCASH_INVEST":1148146000,"NETCASH_FINANCE":906433000,"END_CASH":4608227000,"DIVI_RATIO":null,"DIVIDEND_RATE":null,"CURRENT_RATIO":1.352619240209,"COMMON_ACS":50000000000,"CURRENTDEBT_DEBT":76.294464353848,"ISSUED_COMMON_SHARES":1446962138,"HK_COMMON_SHARES":1446962138,"PER_SHARES":2000,"TOTAL_MARKET_CAP":66560258.348,"HKSK_MARKET_CAP":66560258.348,"PE_TTM":-0.059463120233,"PB_TTM":0.052379589865,"REPORT_DATE_SQ":"2018-06-30 00:00:00","REPORT_TYPE_SQ":"2018年中报","OPERATE_INCOME_SQ":108637000,"DPS_HKD":null,"OPERATE_INCOME_QOQ_SQ":-49.210290603818,"NET_PROFIT_RATIO_SQ":224.1105700636,"HOLDER_PROFIT_SQ":262018000,"HOLDER_PROFIT_QOQ_SQ":26.589468824589,"ROE_AVG_SQ":19.272859940067,"PE_TTM_SQ":-0.059463120233,"PB_TTM_SQ":0.052379589865,"ROA_SQ":1.284690606833,"START_DATE":"2019-01-01 00:00:00","FISCAL_YEAR":"12-31","CURRENCY":"HKD","IS_CNY_CODE":0,"DPS_HKD_LY":null,"ORG_TYPE":"一般企业","PREMIUM_INCOME":null,"PREMIUM_INCOME_YOY":null,"NET_INTEREST_INCOME":null,"NET_INTEREST_INCOME_YOY":null,"FEE_COMMISSION_INCOME":null,"FEE_COMMISSION_INCOME_YOY":null,"ACCOUNTS_RECE_TDAYS":1800.64676137732,"INVENTORY_TDAYS":0.167881674145,"CURRENT_ASSETS_TDAYS":0.143923161697,"TOTAL_ASSETS_TDAYS":0.132605958354,"PREMIUM_EXPENSE":null,"LOAN_DEPOSIT":null,"LOAN_EQUITY":null,"LOAN_ASSETS":null,"DEPOSIT_EQUITY":null,"DEPOSIT_ASSETS":null,"EQUITY_MULTIPLIER":9.371769976104,"EQUITY_RATIO":11.68361856864},{"SECUCODE":"01902.HK","SECURITY_CODE":"01902","SECURITY_NAME_ABBR":"银城国际控股","ORG_CODE":"10976926","STD_REPORT_DATE":"2018-12-31 00:00:00","REPORT_DATE":"2018-12-31 00:00:00","DATE_TYPE_CODE":"001","REPORT_TYPE":"2018年年报","PER_NETCASH_OPERATE":-820.919355216138,"PER_OI":1280.23526305476,"BPS":1.084063610792,"BASIC_EPS":0.47,"DILUTED_EPS":0.47,"OPERATE_INCOME":5070094000,"OPERATE_INCOME_YOY":8.4362710249,"GROSS_PROFIT":1470051000,"GROSS_PROFIT_YOY":87.619699129705,"HOLDER_PROFIT":442440000,"HOLDER_PROFIT_YOY":5.2879569939,"GROSS_PROFIT_RATIO":28.994551185836,"EPS_TTM":111.719287608069,"OPERATE_INCOME_QOQ":113.500475419266,"NET_PROFIT_RATIO":9.7694835638,"ROE_AVG":30.518807308125,"GROSS_PROFIT_QOQ":224.713124802584,"ROA":2.135108079592,"HOLDER_PROFIT_QOQ":-16.827238496634,"ROE_YEARLY":30.518807308125,"ROIC_YEARLY":2.379573104241,"TOTAL_ASSETS":25539575000,"TOTAL_LIABILITIES":23129276000,"TAX_EBT":53.35322929547,"OCF_SALES":-64.122538950954,"TOTAL_PARENT_EQUITY":1568599000,"DEBT_ASSET_RATIO":90.5624936985,"OPERATE_PROFIT":1240116000,"PRETAX_PROFIT":1061857000,"NETCASH_OPERATE":-3251073000,"NETCASH_INVEST":1390147000,"NETCASH_FINANCE":2278804000,"END_CASH":1589181000,"DIVI_RATIO":null,"DIVIDEND_RATE":null,"CURRENT_RATIO":1.31673729899,"COMMON_ACS":50000000000,"CURRENTDEBT_DEBT":77.215503848888,"ISSUED_COMMON_SHARES":1446962138,"HK_COMMON_SHARES":1446962138,"PER_SHARES":2000,"TOTAL_MARKET_CAP":66560258.348,"HKSK_MARKET_CAP":66560258.348,"PE_TTM":-0.059463120233,"PB_TTM":0.052379589865,"REPORT_DATE_SQ":"2017-12-31 00:00:00","REPORT_TYPE_SQ":"2017年年报","OPERATE_INCOME_SQ":4675644000,"DPS_HKD":null,"OPERATE_INCOME_QOQ_SQ":86.803090715867,"NET_PROFIT_RATIO_SQ":8.3541219135,"HOLDER_PROFIT_SQ":420219000,"HOLDER_PROFIT_QOQ_SQ":20.702640286778,"ROE_AVG_SQ":28.940293887035,"PE_TTM_SQ":-0.059463120233,"PB_TTM_SQ":0.052379589865,"ROA_SQ":2.805924693842,"START_DATE":"2018-01-01 00:00:00","FISCAL_YEAR":"12-31","CURRENCY":"HKD","IS_CNY_CODE":0,"DPS_HKD_LY":null,"ORG_TYPE":"一般企业","PREMIUM_INCOME":null,"PREMIUM_INCOME_YOY":null,"NET_INTEREST_INCOME":null,"NET_INTEREST_INCOME_YOY":null,"FEE_COMMISSION_INCOME":null,"FEE_COMMISSION_INCOME_YOY":null,"ACCOUNTS_RECE_TDAYS":5085.35005015045,"INVENTORY_TDAYS":0.271574845605,"CURRENT_ASSETS_TDAYS":0.265088109314,"TOTAL_ASSETS_TDAYS":0.244670433589,"PREMIUM_EXPENSE":null,"LOAN_DEPOSIT":null,"LOAN_EQUITY":null,"LOAN_ASSETS":null,"DEPOSIT_EQUITY":null,"DEPOSIT_ASSETS":null,"EQUITY_MULTIPLIER":10.596019415013,"EQUITY_RATIO":14.745180890718}],"count":14},"success":true,"message":"ok","code":0}