{"version":"ac4cf88e9fca3d5e4c40ad84b1f79db6","result":{"pages":2,"data":[{"SECUCODE":"01901.HK","SECURITY_CODE":"01901","SECURITY_NAME_ABBR":"飞扬集团","ORG_CODE":"10000000697","STD_REPORT_DATE":"2024-06-30 00:00:00","REPORT_DATE":"2024-06-30 00:00:00","DATE_TYPE_CODE":"002","REPORT_TYPE":"2024年中报","PER_NETCASH_OPERATE":-0.014233173077,"PER_OI":0.505973557692,"BPS":0.088620192308,"BASIC_EPS":-0.0178,"DILUTED_EPS":null,"OPERATE_INCOME":420970000,"OPERATE_INCOME_YOY":-12.0340187228,"GROSS_PROFIT":25016000,"GROSS_PROFIT_YOY":-18.689462393551,"HOLDER_PROFIT":-14848000,"HOLDER_PROFIT_YOY":-232.3469114894,"GROSS_PROFIT_RATIO":5.942466208994,"EPS_TTM":-0.042838942308,"OPERATE_INCOME_QOQ":-10.778528288256,"NET_PROFIT_RATIO":-3.8774734542,"ROE_AVG":-19.646968534152,"GROSS_PROFIT_QOQ":-10.582887011577,"ROA":-2.62846005486,"HOLDER_PROFIT_QOQ":-272.240208877285,"ROE_YEARLY":-39.293937068304,"ROIC_YEARLY":-6.044421285742,"TOTAL_ASSETS":562904000,"TOTAL_LIABILITIES":487890000,"TAX_EBT":0.104039167687,"OCF_SALES":-2.81302705656,"TOTAL_PARENT_EQUITY":73732000,"DEBT_ASSET_RATIO":86.6737489874,"OPERATE_PROFIT":-11145000,"PRETAX_PROFIT":-16340000,"NETCASH_OPERATE":-11842000,"NETCASH_INVEST":5338000,"NETCASH_FINANCE":35782000,"END_CASH":86653000,"DIVI_RATIO":null,"DIVIDEND_RATE":null,"CURRENT_RATIO":1.023014816048,"COMMON_ACS":10000000000,"CURRENTDEBT_DEBT":98.497612166677,"ISSUED_COMMON_SHARES":832000000,"HK_COMMON_SHARES":832000000,"PER_SHARES":2000,"TOTAL_MARKET_CAP":61568000,"HKSK_MARKET_CAP":61568000,"PE_TTM":-1.578552709676,"PB_TTM":0.762109833451,"REPORT_DATE_SQ":"2023-06-30 00:00:00","REPORT_TYPE_SQ":"2023年中报","OPERATE_INCOME_SQ":478560000,"DPS_HKD":null,"OPERATE_INCOME_QOQ_SQ":616.648142578815,"NET_PROFIT_RATIO_SQ":3.322258442,"HOLDER_PROFIT_SQ":11219000,"HOLDER_PROFIT_QOQ_SQ":77.832063387591,"ROE_AVG_SQ":13.468106433935,"PE_TTM_SQ":-18.857799588435,"PB_TTM_SQ":1.944985420488,"ROA_SQ":2.684013028911,"START_DATE":"2024-01-01 00:00:00","FISCAL_YEAR":"12-31","CURRENCY":"HKD","IS_CNY_CODE":0,"DPS_HKD_LY":null,"ORG_TYPE":"一般企业","PREMIUM_INCOME":null,"PREMIUM_INCOME_YOY":null,"NET_INTEREST_INCOME":null,"NET_INTEREST_INCOME_YOY":null,"FEE_COMMISSION_INCOME":null,"FEE_COMMISSION_INCOME_YOY":null,"ACCOUNTS_RECE_TDAYS":2.255760368664,"INVENTORY_TDAYS":75.147845891061,"CURRENT_ASSETS_TDAYS":0.910724272099,"TOTAL_ASSETS_TDAYS":0.745220116712,"PREMIUM_EXPENSE":null,"LOAN_DEPOSIT":null,"LOAN_EQUITY":null,"LOAN_ASSETS":null,"DEPOSIT_EQUITY":null,"DEPOSIT_ASSETS":null,"EQUITY_MULTIPLIER":7.503985922631,"EQUITY_RATIO":6.617072641458},{"SECUCODE":"01901.HK","SECURITY_CODE":"01901","SECURITY_NAME_ABBR":"飞扬集团","ORG_CODE":"10000000697","STD_REPORT_DATE":"2023-12-31 00:00:00","REPORT_DATE":"2023-12-31 00:00:00","DATE_TYPE_CODE":"001","REPORT_TYPE":"2023年年报","PER_NETCASH_OPERATE":0.014712740385,"PER_OI":0.642191105769,"BPS":0.093048076923,"BASIC_EPS":-0.0117,"DILUTED_EPS":null,"OPERATE_INCOME":534303000,"OPERATE_INCOME_YOY":598.6453443519,"GROSS_PROFIT":54333000,"GROSS_PROFIT_YOY":299.477979560326,"HOLDER_PROFIT":-9575000,"HOLDER_PROFIT_YOY":75.7613345822,"GROSS_PROFIT_RATIO":10.168949079455,"EPS_TTM":-0.011508413462,"OPERATE_INCOME_QOQ":-2.512083288479,"NET_PROFIT_RATIO":-2.1645021645,"ROE_AVG":-11.8510542178,"GROSS_PROFIT_QOQ":30.457645024971,"ROA":-2.025833342149,"HOLDER_PROFIT_QOQ":-9.341098549732,"ROE_YEARLY":-11.8510542178,"ROIC_YEARLY":-2.284663050974,"TOTAL_ASSETS":566883000,"TOTAL_LIABILITIES":486707000,"TAX_EBT":-17.530487804878,"OCF_SALES":2.29102213538,"TOTAL_PARENT_EQUITY":77416000,"DEBT_ASSET_RATIO":85.8566935329,"OPERATE_PROFIT":2624000,"PRETAX_PROFIT":-9840000,"NETCASH_OPERATE":12241000,"NETCASH_INVEST":15539000,"NETCASH_FINANCE":15426000,"END_CASH":56500000,"DIVI_RATIO":null,"DIVIDEND_RATE":null,"CURRENT_RATIO":0.904129704168,"COMMON_ACS":10000000000,"CURRENTDEBT_DEBT":98.36534095462,"ISSUED_COMMON_SHARES":832000000,"HK_COMMON_SHARES":832000000,"PER_SHARES":2000,"TOTAL_MARKET_CAP":64896000,"HKSK_MARKET_CAP":64896000,"PE_TTM":-1.663879883172,"PB_TTM":0.803304959583,"REPORT_DATE_SQ":"2022-12-31 00:00:00","REPORT_TYPE_SQ":"2022年年报","OPERATE_INCOME_SQ":76477000,"DPS_HKD":null,"OPERATE_INCOME_QOQ_SQ":59.933497845999,"NET_PROFIT_RATIO_SQ":-53.2369209043,"HOLDER_PROFIT_SQ":-39503000,"HOLDER_PROFIT_QOQ_SQ":51.110753579782,"ROE_AVG_SQ":-72.929512978621,"PE_TTM_SQ":-79.401261424991,"PB_TTM_SQ":8.189412296792,"ROA_SQ":-11.520469882821,"START_DATE":"2023-01-01 00:00:00","FISCAL_YEAR":"12-31","CURRENCY":"HKD","IS_CNY_CODE":0,"DPS_HKD_LY":null,"ORG_TYPE":"一般企业","PREMIUM_INCOME":null,"PREMIUM_INCOME_YOY":null,"NET_INTEREST_INCOME":null,"NET_INTEREST_INCOME_YOY":null,"FEE_COMMISSION_INCOME":null,"FEE_COMMISSION_INCOME_YOY":null,"ACCOUNTS_RECE_TDAYS":4.868342285457,"INVENTORY_TDAYS":95.355120691368,"CURRENT_ASSETS_TDAYS":1.591727117003,"TOTAL_ASSETS_TDAYS":1.13045308847,"PREMIUM_EXPENSE":null,"LOAN_DEPOSIT":null,"LOAN_EQUITY":null,"LOAN_ASSETS":null,"DEPOSIT_EQUITY":null,"DEPOSIT_ASSETS":null,"EQUITY_MULTIPLIER":7.070482438645,"EQUITY_RATIO":6.286904515862},{"SECUCODE":"01901.HK","SECURITY_CODE":"01901","SECURITY_NAME_ABBR":"飞扬集团","ORG_CODE":"10000000697","STD_REPORT_DATE":"2023-06-30 00:00:00","REPORT_DATE":"2023-06-30 00:00:00","DATE_TYPE_CODE":"002","REPORT_TYPE":"2023年中报","PER_NETCASH_OPERATE":-0.0651525,"PER_OI":0.5982,"BPS":0.099072115385,"BASIC_EPS":0.014,"DILUTED_EPS":null,"OPERATE_INCOME":478560000,"OPERATE_INCOME_YOY":6769.939707149,"GROSS_PROFIT":30766000,"GROSS_PROFIT_YOY":1031.51894078705,"HOLDER_PROFIT":11219000,"HOLDER_PROFIT_YOY":157.453781943,"GROSS_PROFIT_RATIO":6.428869943163,"EPS_TTM":-0.01094625,"OPERATE_INCOME_QOQ":616.648142578815,"NET_PROFIT_RATIO":3.322258442,"ROE_AVG":13.468106433935,"GROSS_PROFIT_QOQ":206.212778472171,"ROA":2.684013028911,"HOLDER_PROFIT_QOQ":77.832063387591,"ROE_YEARLY":26.93621286787,"ROIC_YEARLY":5.897349635719,"TOTAL_ASSETS":457580000,"TOTAL_LIABILITIES":366058000,"TAX_EBT":0.144454214295,"OCF_SALES":-10.891424272819,"TOTAL_PARENT_EQUITY":82428000,"DEBT_ASSET_RATIO":79.9986887539,"OPERATE_PROFIT":23173000,"PRETAX_PROFIT":15922000,"NETCASH_OPERATE":-52122000,"NETCASH_INVEST":2960000,"NETCASH_FINANCE":23294000,"END_CASH":18109000,"DIVI_RATIO":null,"DIVIDEND_RATE":null,"CURRENT_RATIO":0.902214640302,"COMMON_ACS":10000000000,"CURRENTDEBT_DEBT":97.842964776074,"ISSUED_COMMON_SHARES":832000000,"HK_COMMON_SHARES":832000000,"PER_SHARES":2000,"TOTAL_MARKET_CAP":64896000,"HKSK_MARKET_CAP":64896000,"PE_TTM":-1.663879883172,"PB_TTM":0.803304959583,"REPORT_DATE_SQ":"2022-06-30 00:00:00","REPORT_TYPE_SQ":"2022年中报","OPERATE_INCOME_SQ":6966000,"DPS_HKD":null,"OPERATE_INCOME_QOQ_SQ":-38.276258212751,"NET_PROFIT_RATIO_SQ":-287.5538329027,"HOLDER_PROFIT_SQ":-19527000,"HOLDER_PROFIT_QOQ_SQ":41.225805043753,"ROE_AVG_SQ":-34.674906107663,"PE_TTM_SQ":-79.401261424991,"PB_TTM_SQ":8.189412296792,"ROA_SQ":-5.72540234974,"START_DATE":"2023-01-01 00:00:00","FISCAL_YEAR":"12-31","CURRENCY":"HKD","IS_CNY_CODE":0,"DPS_HKD_LY":null,"ORG_TYPE":"一般企业","PREMIUM_INCOME":null,"PREMIUM_INCOME_YOY":null,"NET_INTEREST_INCOME":null,"NET_INTEREST_INCOME_YOY":null,"FEE_COMMISSION_INCOME":null,"FEE_COMMISSION_INCOME_YOY":null,"ACCOUNTS_RECE_TDAYS":8.004683449026,"INVENTORY_TDAYS":79.466548358474,"CURRENT_ASSETS_TDAYS":1.704164262975,"TOTAL_ASSETS_TDAYS":1.144898186216,"PREMIUM_EXPENSE":null,"LOAN_DEPOSIT":null,"LOAN_EQUITY":null,"LOAN_ASSETS":null,"DEPOSIT_EQUITY":null,"DEPOSIT_ASSETS":null,"EQUITY_MULTIPLIER":4.999672209966,"EQUITY_RATIO":4.440942398214},{"SECUCODE":"01901.HK","SECURITY_CODE":"01901","SECURITY_NAME_ABBR":"飞扬集团","ORG_CODE":"10000000697","STD_REPORT_DATE":"2022-12-31 00:00:00","REPORT_DATE":"2022-12-31 00:00:00","DATE_TYPE_CODE":"001","REPORT_TYPE":"2022年年报","PER_NETCASH_OPERATE":-0.05123625,"PER_OI":0.09559625,"BPS":0.101169471154,"BASIC_EPS":-0.052,"DILUTED_EPS":null,"OPERATE_INCOME":76477000,"OPERATE_INCOME_YOY":-1.2830607582,"GROSS_PROFIT":13601000,"GROSS_PROFIT_YOY":70.845371184525,"HOLDER_PROFIT":-39503000,"HOLDER_PROFIT_YOY":71.2657389963,"GROSS_PROFIT_RATIO":17.784431920708,"EPS_TTM":-0.04937875,"OPERATE_INCOME_QOQ":59.933497845999,"NET_PROFIT_RATIO":-53.2369209043,"ROE_AVG":-72.929512978621,"GROSS_PROFIT_QOQ":103.882476390346,"ROA":-11.520469882821,"HOLDER_PROFIT_QOQ":51.110753579782,"ROE_YEARLY":-72.929512978621,"ROIC_YEARLY":-13.281355066032,"TOTAL_ASSETS":378407000,"TOTAL_LIABILITIES":290197000,"TAX_EBT":-25.112162743531,"OCF_SALES":-53.596506139101,"TOTAL_PARENT_EQUITY":84173000,"DEBT_ASSET_RATIO":76.6891204444,"OPERATE_PROFIT":-22548000,"PRETAX_PROFIT":-32542000,"NETCASH_OPERATE":-40989000,"NETCASH_INVEST":-43624000,"NETCASH_FINANCE":66331000,"END_CASH":43795000,"DIVI_RATIO":null,"DIVIDEND_RATE":null,"CURRENT_RATIO":0.847986318271,"COMMON_ACS":10000000000,"CURRENTDEBT_DEBT":96.917266546518,"ISSUED_COMMON_SHARES":832000000,"HK_COMMON_SHARES":832000000,"PER_SHARES":2000,"TOTAL_MARKET_CAP":64896000,"HKSK_MARKET_CAP":64896000,"PE_TTM":-1.663879883172,"PB_TTM":0.803304959583,"REPORT_DATE_SQ":"2021-12-31 00:00:00","REPORT_TYPE_SQ":"2021年年报","OPERATE_INCOME_SQ":77471000,"DPS_HKD":null,"OPERATE_INCOME_QOQ_SQ":4.473123499744,"NET_PROFIT_RATIO_SQ":-177.4560803397,"HOLDER_PROFIT_SQ":-137477000,"HOLDER_PROFIT_QOQ_SQ":5.569903699532,"ROE_AVG_SQ":-211.123055423315,"PE_TTM_SQ":-79.401261424991,"PB_TTM_SQ":8.189412296792,"ROA_SQ":-38.67580037135,"START_DATE":"2022-01-01 00:00:00","FISCAL_YEAR":"12-31","CURRENCY":"HKD","IS_CNY_CODE":0,"DPS_HKD_LY":null,"ORG_TYPE":"一般企业","PREMIUM_INCOME":null,"PREMIUM_INCOME_YOY":null,"NET_INTEREST_INCOME":null,"NET_INTEREST_INCOME_YOY":null,"FEE_COMMISSION_INCOME":null,"FEE_COMMISSION_INCOME_YOY":null,"ACCOUNTS_RECE_TDAYS":4.85923054929,"INVENTORY_TDAYS":13.052937512975,"CURRENT_ASSETS_TDAYS":0.350604458829,"TOTAL_ASSETS_TDAYS":0.223033940518,"PREMIUM_EXPENSE":null,"LOAN_DEPOSIT":null,"LOAN_EQUITY":null,"LOAN_ASSETS":null,"DEPOSIT_EQUITY":null,"DEPOSIT_ASSETS":null,"EQUITY_MULTIPLIER":4.289842421496,"EQUITY_RATIO":3.447625723213},{"SECUCODE":"01901.HK","SECURITY_CODE":"01901","SECURITY_NAME_ABBR":"飞扬集团","ORG_CODE":"10000000697","STD_REPORT_DATE":"2022-06-30 00:00:00","REPORT_DATE":"2022-06-30 00:00:00","DATE_TYPE_CODE":"002","REPORT_TYPE":"2022年中报","PER_NETCASH_OPERATE":-0.0534775,"PER_OI":0.0087075,"BPS":0.106334134615,"BASIC_EPS":-0.0271,"DILUTED_EPS":null,"OPERATE_INCOME":6966000,"OPERATE_INCOME_YOY":-80.9770883967,"GROSS_PROFIT":2719000,"GROSS_PROFIT_YOY":-32.177600399102,"HOLDER_PROFIT":-19527000,"HOLDER_PROFIT_YOY":74.3750246053,"GROSS_PROFIT_RATIO":39.032443296009,"EPS_TTM":-0.10100125,"OPERATE_INCOME_QOQ":-38.276258212751,"NET_PROFIT_RATIO":-287.5538329027,"ROE_AVG":-34.674906107663,"GROSS_PROFIT_QOQ":-16.203994473056,"ROA":-5.72540234974,"HOLDER_PROFIT_QOQ":41.225805043753,"ROE_YEARLY":-69.349812215326,"ROIC_YEARLY":-13.354351602358,"TOTAL_ASSETS":374737000,"TOTAL_LIABILITIES":281735000,"TAX_EBT":null,"OCF_SALES":-614.154464542061,"TOTAL_PARENT_EQUITY":88470000,"DEBT_ASSET_RATIO":75.1820610188,"OPERATE_PROFIT":-13864000,"PRETAX_PROFIT":-20031000,"NETCASH_OPERATE":-42782000,"NETCASH_INVEST":-36221000,"NETCASH_FINANCE":82142000,"END_CASH":49606000,"DIVI_RATIO":null,"DIVIDEND_RATE":null,"CURRENT_RATIO":0.883024712242,"COMMON_ACS":10000000000,"CURRENTDEBT_DEBT":94.422773173372,"ISSUED_COMMON_SHARES":832000000,"HK_COMMON_SHARES":832000000,"PER_SHARES":2000,"TOTAL_MARKET_CAP":64896000,"HKSK_MARKET_CAP":64896000,"PE_TTM":-1.663879883172,"PB_TTM":0.803304959583,"REPORT_DATE_SQ":"2021-06-30 00:00:00","REPORT_TYPE_SQ":"2021年中报","OPERATE_INCOME_SQ":36619000,"DPS_HKD":null,"OPERATE_INCOME_QOQ_SQ":-48.322938081466,"NET_PROFIT_RATIO_SQ":-208.0968895928,"HOLDER_PROFIT_SQ":-76203000,"HOLDER_PROFIT_QOQ_SQ":-68.562794521182,"ROE_AVG_SQ":-112.562316742616,"PE_TTM_SQ":-79.401261424991,"PB_TTM_SQ":8.189412296792,"ROA_SQ":-20.442884908675,"START_DATE":"2022-01-01 00:00:00","FISCAL_YEAR":"12-31","CURRENCY":"HKD","IS_CNY_CODE":0,"DPS_HKD_LY":null,"ORG_TYPE":"一般企业","PREMIUM_INCOME":null,"PREMIUM_INCOME_YOY":null,"NET_INTEREST_INCOME":null,"NET_INTEREST_INCOME_YOY":null,"FEE_COMMISSION_INCOME":null,"FEE_COMMISSION_INCOME_YOY":null,"ACCOUNTS_RECE_TDAYS":0.646736607557,"INVENTORY_TDAYS":8.922268907563,"CURRENT_ASSETS_TDAYS":0.032200432205,"TOTAL_ASSETS_TDAYS":0.020424618614,"PREMIUM_EXPENSE":null,"LOAN_DEPOSIT":null,"LOAN_EQUITY":null,"LOAN_ASSETS":null,"DEPOSIT_EQUITY":null,"DEPOSIT_ASSETS":null,"EQUITY_MULTIPLIER":4.02934345498,"EQUITY_RATIO":3.184525827964},{"SECUCODE":"01901.HK","SECURITY_CODE":"01901","SECURITY_NAME_ABBR":"飞扬集团","ORG_CODE":"10000000697","STD_REPORT_DATE":"2021-12-31 00:00:00","REPORT_DATE":"2021-12-31 00:00:00","DATE_TYPE_CODE":"001","REPORT_TYPE":"2021年年报","PER_NETCASH_OPERATE":-0.040613333333,"PER_OI":0.129118333333,"BPS":0.029037259615,"BASIC_EPS":-0.2427,"DILUTED_EPS":null,"OPERATE_INCOME":77471000,"OPERATE_INCOME_YOY":-46.0113592808,"GROSS_PROFIT":7961000,"GROSS_PROFIT_YOY":-74.545977746515,"HOLDER_PROFIT":-137477000,"HOLDER_PROFIT_YOY":-59.1740091931,"GROSS_PROFIT_RATIO":10.27610331608,"EPS_TTM":-0.229128333333,"OPERATE_INCOME_QOQ":4.473123499744,"NET_PROFIT_RATIO":-177.4560803397,"ROE_AVG":-211.123055423315,"GROSS_PROFIT_QOQ":21.006231950144,"ROA":-38.67580037135,"HOLDER_PROFIT_QOQ":5.569903699532,"ROE_YEARLY":-211.123055423315,"ROIC_YEARLY":-42.580862971991,"TOTAL_ASSETS":307381000,"TOTAL_LIABILITIES":283222000,"TAX_EBT":-0.294733463191,"OCF_SALES":-31.454350660247,"TOTAL_PARENT_EQUITY":24159000,"DEBT_ASSET_RATIO":92.1403730224,"OPERATE_PROFIT":-123186000,"PRETAX_PROFIT":-137073000,"NETCASH_OPERATE":-24368000,"NETCASH_INVEST":-9001000,"NETCASH_FINANCE":54918000,"END_CASH":43092000,"DIVI_RATIO":null,"DIVIDEND_RATE":null,"CURRENT_RATIO":0.742783847838,"COMMON_ACS":10000000000,"CURRENTDEBT_DEBT":94.005056104399,"ISSUED_COMMON_SHARES":832000000,"HK_COMMON_SHARES":832000000,"PER_SHARES":2000,"TOTAL_MARKET_CAP":64896000,"HKSK_MARKET_CAP":64896000,"PE_TTM":-1.663879883172,"PB_TTM":0.803304959583,"REPORT_DATE_SQ":"2020-12-31 00:00:00","REPORT_TYPE_SQ":"2020年年报","OPERATE_INCOME_SQ":143495000,"DPS_HKD":null,"OPERATE_INCOME_QOQ_SQ":-70.670054206081,"NET_PROFIT_RATIO_SQ":-60.189553643,"HOLDER_PROFIT_SQ":-86369000,"HOLDER_PROFIT_QOQ_SQ":-4601.63309744148,"ROE_AVG_SQ":-57.366122577753,"PE_TTM_SQ":-79.401261424991,"PB_TTM_SQ":8.189412296792,"ROA_SQ":-18.536825116111,"START_DATE":"2021-01-01 00:00:00","FISCAL_YEAR":"12-31","CURRENCY":"HKD","IS_CNY_CODE":0,"DPS_HKD_LY":null,"ORG_TYPE":"一般企业","PREMIUM_INCOME":null,"PREMIUM_INCOME_YOY":null,"NET_INTEREST_INCOME":null,"NET_INTEREST_INCOME_YOY":null,"FEE_COMMISSION_INCOME":null,"FEE_COMMISSION_INCOME_YOY":null,"ACCOUNTS_RECE_TDAYS":3.521249034135,"INVENTORY_TDAYS":null,"CURRENT_ASSETS_TDAYS":0.319911960308,"TOTAL_ASSETS_TDAYS":0.217945760423,"PREMIUM_EXPENSE":null,"LOAN_DEPOSIT":null,"LOAN_EQUITY":null,"LOAN_ASSETS":null,"DEPOSIT_EQUITY":null,"DEPOSIT_ASSETS":null,"EQUITY_MULTIPLIER":12.723250134517,"EQUITY_RATIO":11.723250134525},{"SECUCODE":"01901.HK","SECURITY_CODE":"01901","SECURITY_NAME_ABBR":"飞扬集团","ORG_CODE":"10000000697","STD_REPORT_DATE":"2021-06-30 00:00:00","REPORT_DATE":"2021-06-30 00:00:00","DATE_TYPE_CODE":"002","REPORT_TYPE":"2021年中报","PER_NETCASH_OPERATE":0.012112,"PER_OI":0.073238,"BPS":0.035242788462,"BASIC_EPS":-0.1524,"DILUTED_EPS":-0.1524,"OPERATE_INCOME":36619000,"OPERATE_INCOME_YOY":-65.4407323518,"GROSS_PROFIT":4009000,"GROSS_PROFIT_YOY":-86.034278548039,"HOLDER_PROFIT":-76203000,"HOLDER_PROFIT_YOY":-348.6223949135,"GROSS_PROFIT_RATIO":10.947868592807,"EPS_TTM":-0.291172,"OPERATE_INCOME_QOQ":-48.322938081466,"NET_PROFIT_RATIO":-208.0968895928,"ROE_AVG":-112.562316742616,"GROSS_PROFIT_QOQ":-78.964701368461,"ROA":-20.442884908675,"HOLDER_PROFIT_QOQ":-68.562794521182,"ROE_YEARLY":-225.124633485232,"ROIC_YEARLY":-43.675598223241,"TOTAL_ASSETS":341982000,"TOTAL_LIABILITIES":312660000,"TAX_EBT":-11.846122233312,"OCF_SALES":16.537862858079,"TOTAL_PARENT_EQUITY":29322000,"DEBT_ASSET_RATIO":91.4258645192,"OPERATE_PROFIT":-62252000,"PRETAX_PROFIT":-68132000,"NETCASH_OPERATE":6056000,"NETCASH_INVEST":-2987000,"NETCASH_FINANCE":890000,"END_CASH":25515000,"DIVI_RATIO":null,"DIVIDEND_RATE":null,"CURRENT_RATIO":0.814146155884,"COMMON_ACS":10000000000,"CURRENTDEBT_DEBT":94.159150514936,"ISSUED_COMMON_SHARES":832000000,"HK_COMMON_SHARES":832000000,"PER_SHARES":2000,"TOTAL_MARKET_CAP":64896000,"HKSK_MARKET_CAP":64896000,"PE_TTM":-1.663879883172,"PB_TTM":0.803304959583,"REPORT_DATE_SQ":"2020-06-30 00:00:00","REPORT_TYPE_SQ":"2020年中报","OPERATE_INCOME_SQ":105960000,"DPS_HKD":null,"OPERATE_INCOME_QOQ_SQ":-28.668634955349,"NET_PROFIT_RATIO_SQ":-16.0305775764,"HOLDER_PROFIT_SQ":-16986000,"HOLDER_PROFIT_QOQ_SQ":-111.213527041875,"ROE_AVG_SQ":-9.10199149602,"PE_TTM_SQ":-79.401261424991,"PB_TTM_SQ":8.189412296792,"ROA_SQ":-3.142006252197,"START_DATE":"2021-01-01 00:00:00","FISCAL_YEAR":"12-31","CURRENCY":"HKD","IS_CNY_CODE":0,"DPS_HKD_LY":null,"ORG_TYPE":"一般企业","PREMIUM_INCOME":null,"PREMIUM_INCOME_YOY":null,"NET_INTEREST_INCOME":null,"NET_INTEREST_INCOME_YOY":null,"FEE_COMMISSION_INCOME":null,"FEE_COMMISSION_INCOME_YOY":null,"ACCOUNTS_RECE_TDAYS":1.283683592449,"INVENTORY_TDAYS":null,"CURRENT_ASSETS_TDAYS":0.139169860655,"TOTAL_ASSETS_TDAYS":0.098237340062,"PREMIUM_EXPENSE":null,"LOAN_DEPOSIT":null,"LOAN_EQUITY":null,"LOAN_ASSETS":null,"DEPOSIT_EQUITY":null,"DEPOSIT_ASSETS":null,"EQUITY_MULTIPLIER":11.662983425434,"EQUITY_RATIO":10.662983425414},{"SECUCODE":"01901.HK","SECURITY_CODE":"01901","SECURITY_NAME_ABBR":"飞扬集团","ORG_CODE":"10000000697","STD_REPORT_DATE":"2020-12-31 00:00:00","REPORT_DATE":"2020-12-31 00:00:00","DATE_TYPE_CODE":"001","REPORT_TYPE":"2020年年报","PER_NETCASH_OPERATE":-0.010038,"PER_OI":0.28699,"BPS":0.127493990385,"BASIC_EPS":-0.1727,"DILUTED_EPS":-0.1727,"OPERATE_INCOME":143495000,"OPERATE_INCOME_YOY":-79.0785492983,"GROSS_PROFIT":31276000,"GROSS_PROFIT_YOY":-73.552740617971,"HOLDER_PROFIT":-86369000,"HOLDER_PROFIT_YOY":-627.2188987914,"GROSS_PROFIT_RATIO":21.795881389596,"EPS_TTM":-0.172738,"OPERATE_INCOME_QOQ":-70.670054206081,"NET_PROFIT_RATIO":-60.189553643,"ROE_AVG":-57.366122577753,"GROSS_PROFIT_QOQ":-65.52127084918,"ROA":-18.536825116111,"HOLDER_PROFIT_QOQ":-4601.63309744148,"ROE_YEARLY":-57.366122577753,"ROIC_YEARLY":-21.365587820212,"TOTAL_ASSETS":403539000,"TOTAL_LIABILITIES":297464000,"TAX_EBT":2.899446867833,"OCF_SALES":-3.497682846092,"TOTAL_PARENT_EQUITY":106075000,"DEBT_ASSET_RATIO":73.7138170041,"OPERATE_PROFIT":-73178000,"PRETAX_PROFIT":-88948000,"NETCASH_OPERATE":-5019000,"NETCASH_INVEST":-54732000,"NETCASH_FINANCE":-17133000,"END_CASH":22106000,"DIVI_RATIO":null,"DIVIDEND_RATE":null,"CURRENT_RATIO":1.025229505499,"COMMON_ACS":10000000000,"CURRENTDEBT_DEBT":93.965656348331,"ISSUED_COMMON_SHARES":832000000,"HK_COMMON_SHARES":832000000,"PER_SHARES":2000,"TOTAL_MARKET_CAP":64896000,"HKSK_MARKET_CAP":64896000,"PE_TTM":-1.663879883172,"PB_TTM":0.803304959583,"REPORT_DATE_SQ":"2019-12-31 00:00:00","REPORT_TYPE_SQ":"2019年年报","OPERATE_INCOME_SQ":685875000,"DPS_HKD":null,"OPERATE_INCOME_QOQ_SQ":23.124079991383,"NET_PROFIT_RATIO_SQ":2.3884818662,"HOLDER_PROFIT_SQ":16382000,"HOLDER_PROFIT_QOQ_SQ":68.764808900793,"ROE_AVG_SQ":12.052944076164,"PE_TTM_SQ":-79.401261424991,"PB_TTM_SQ":8.189412296792,"ROA_SQ":4.03144537234,"START_DATE":"2020-01-01 00:00:00","FISCAL_YEAR":"12-31","CURRENCY":"HKD","IS_CNY_CODE":0,"DPS_HKD_LY":null,"ORG_TYPE":"一般企业","PREMIUM_INCOME":null,"PREMIUM_INCOME_YOY":null,"NET_INTEREST_INCOME":null,"NET_INTEREST_INCOME_YOY":null,"FEE_COMMISSION_INCOME":null,"FEE_COMMISSION_INCOME_YOY":null,"ACCOUNTS_RECE_TDAYS":1.457771411446,"INVENTORY_TDAYS":null,"CURRENT_ASSETS_TDAYS":0.383488827659,"TOTAL_ASSETS_TDAYS":0.30797412498,"PREMIUM_EXPENSE":null,"LOAN_DEPOSIT":null,"LOAN_EQUITY":null,"LOAN_ASSETS":null,"DEPOSIT_EQUITY":null,"DEPOSIT_ASSETS":null,"EQUITY_MULTIPLIER":3.804279990579,"EQUITY_RATIO":2.804279990573},{"SECUCODE":"01901.HK","SECURITY_CODE":"01901","SECURITY_NAME_ABBR":"飞扬集团","ORG_CODE":"10000000697","STD_REPORT_DATE":"2020-06-30 00:00:00","REPORT_DATE":"2020-06-30 00:00:00","DATE_TYPE_CODE":"002","REPORT_TYPE":"2020年中报","PER_NETCASH_OPERATE":-0.006758,"PER_OI":0.21192,"BPS":0.214179086538,"BASIC_EPS":-0.034,"DILUTED_EPS":-0.034,"OPERATE_INCOME":105960000,"OPERATE_INCOME_YOY":-64.9824350361,"GROSS_PROFIT":28706000,"GROSS_PROFIT_YOY":-48.969832720033,"HOLDER_PROFIT":-16986000,"HOLDER_PROFIT_YOY":-1477.6155717762,"GROSS_PROFIT_RATIO":27.091355228388,"EPS_TTM":-0.003674,"OPERATE_INCOME_QOQ":-28.668634955349,"NET_PROFIT_RATIO":-16.0305775764,"ROE_AVG":-9.10199149602,"GROSS_PROFIT_QOQ":-23.293984339326,"ROA":-3.142006252197,"HOLDER_PROFIT_QOQ":-111.213527041875,"ROE_YEARLY":-18.20398299204,"ROIC_YEARLY":-7.410469371172,"TOTAL_ASSETS":552895000,"TOTAL_LIABILITIES":374698000,"TAX_EBT":21.255389179918,"OCF_SALES":-3.188939222348,"TOTAL_PARENT_EQUITY":178197000,"DEBT_ASSET_RATIO":67.7701914468,"OPERATE_PROFIT":-14759000,"PRETAX_PROFIT":-21571000,"NETCASH_OPERATE":-3379000,"NETCASH_INVEST":-48896000,"NETCASH_FINANCE":13945000,"END_CASH":63084000,"DIVI_RATIO":null,"DIVIDEND_RATE":null,"CURRENT_RATIO":1.206544476682,"COMMON_ACS":10000000000,"CURRENTDEBT_DEBT":94.282595583643,"ISSUED_COMMON_SHARES":832000000,"HK_COMMON_SHARES":832000000,"PER_SHARES":2000,"TOTAL_MARKET_CAP":64896000,"HKSK_MARKET_CAP":64896000,"PE_TTM":-1.663879883172,"PB_TTM":0.803304959583,"REPORT_DATE_SQ":"2019-06-30 00:00:00","REPORT_TYPE_SQ":"2019年中报","OPERATE_INCOME_SQ":302591000,"DPS_HKD":null,"OPERATE_INCOME_QOQ_SQ":13.028075422389,"NET_PROFIT_RATIO_SQ":0.4074807248,"HOLDER_PROFIT_SQ":1233000,"HOLDER_PROFIT_QOQ_SQ":-58.68658495063,"ROE_AVG_SQ":0.965899743837,"PE_TTM_SQ":-79.401261424991,"PB_TTM_SQ":8.189412296792,"ROA_SQ":0.318184926602,"START_DATE":"2020-01-01 00:00:00","FISCAL_YEAR":"12-31","CURRENCY":"HKD","IS_CNY_CODE":0,"DPS_HKD_LY":null,"ORG_TYPE":"一般企业","PREMIUM_INCOME":null,"PREMIUM_INCOME_YOY":null,"NET_INTEREST_INCOME":null,"NET_INTEREST_INCOME_YOY":null,"FEE_COMMISSION_INCOME":null,"FEE_COMMISSION_INCOME_YOY":null,"ACCOUNTS_RECE_TDAYS":0.859517271868,"INVENTORY_TDAYS":null,"CURRENT_ASSETS_TDAYS":0.238637361746,"TOTAL_ASSETS_TDAYS":0.196000813895,"PREMIUM_EXPENSE":null,"LOAN_DEPOSIT":null,"LOAN_EQUITY":null,"LOAN_ASSETS":null,"DEPOSIT_EQUITY":null,"DEPOSIT_ASSETS":null,"EQUITY_MULTIPLIER":3.102717778635,"EQUITY_RATIO":2.102717778638}],"count":17},"success":true,"message":"ok","code":0}