{"version":"37fe45e2eec805cc584192a5d06c48d9","result":{"pages":4,"data":[{"SECUCODE":"01908.HK","SECURITY_CODE":"01908","SECURITY_NAME_ABBR":"建发国际集团","ORG_CODE":"10339950","STD_REPORT_DATE":"2024-06-30 00:00:00","REPORT_DATE":"2024-06-30 00:00:00","DATE_TYPE_CODE":"002","REPORT_TYPE":"2024年中报","PER_NETCASH_OPERATE":-1.799812507371,"PER_OI":17.277827329341,"BPS":10.832702913311,"BASIC_EPS":0.473,"DILUTED_EPS":0.4295,"OPERATE_INCOME":32753303000,"OPERATE_INCOME_YOY":34.4597377827,"GROSS_PROFIT":3902749000,"GROSS_PROFIT_YOY":5.069562246614,"HOLDER_PROFIT":817068000,"HOLDER_PROFIT_YOY":-36.3723581541,"GROSS_PROFIT_RATIO":11.915589093411,"EPS_TTM":2.409494249254,"OPERATE_INCOME_QOQ":6.244227152464,"NET_PROFIT_RATIO":4.3857500418,"ROE_AVG":2.427849363742,"GROSS_PROFIT_QOQ":1.262404167102,"ROA":0.184344506235,"HOLDER_PROFIT_QOQ":-9.277035111442,"ROE_YEARLY":4.855698727483,"ROIC_YEARLY":0.492728499474,"TOTAL_ASSETS":459180149000,"TOTAL_LIABILITIES":363033038000,"TAX_EBT":28.451347665531,"OCF_SALES":-10.416891389549,"TOTAL_PARENT_EQUITY":33851486000,"DEBT_ASSET_RATIO":79.0611351102,"OPERATE_PROFIT":2036873000,"PRETAX_PROFIT":2007694000,"NETCASH_OPERATE":-3411876000,"NETCASH_INVEST":811866000,"NETCASH_FINANCE":-2268153000,"END_CASH":46255626000,"DIVI_RATIO":0.488934970633,"DIVIDEND_RATE":9.078212290503,"CURRENT_RATIO":1.518592822769,"COMMON_ACS":3000000000,"CURRENTDEBT_DEBT":76.622265161442,"ISSUED_COMMON_SHARES":2017177631,"HK_COMMON_SHARES":2017177631,"PER_SHARES":1000,"TOTAL_MARKET_CAP":28885983675.92,"HKSK_MARKET_CAP":28885983675.92,"PE_TTM":5.710767042593,"PB_TTM":1.206492756664,"REPORT_DATE_SQ":"2023-06-30 00:00:00","REPORT_TYPE_SQ":"2023年中报","OPERATE_INCOME_SQ":24359190000,"DPS_HKD":1.3,"OPERATE_INCOME_QOQ_SQ":7.436597322876,"NET_PROFIT_RATIO_SQ":5.8370290638,"HOLDER_PROFIT_SQ":1284140000,"HOLDER_PROFIT_QOQ_SQ":8.959827060086,"ROE_AVG_SQ":3.991534145499,"PE_TTM_SQ":4.026812562812,"PB_TTM_SQ":1.209607398685,"ROA_SQ":0.297528576311,"START_DATE":"2024-01-01 00:00:00","FISCAL_YEAR":"12-31","CURRENCY":"HKD","IS_CNY_CODE":0,"DPS_HKD_LY":1.3,"ORG_TYPE":"一般企业","PREMIUM_INCOME":null,"PREMIUM_INCOME_YOY":null,"NET_INTEREST_INCOME":null,"NET_INTEREST_INCOME_YOY":null,"FEE_COMMISSION_INCOME":null,"FEE_COMMISSION_INCOME_YOY":null,"ACCOUNTS_RECE_TDAYS":2.68188560369,"INVENTORY_TDAYS":0.102229952461,"CURRENT_ASSETS_TDAYS":0.080506743043,"TOTAL_ASSETS_TDAYS":0.073897049806,"PREMIUM_EXPENSE":null,"LOAN_DEPOSIT":null,"LOAN_EQUITY":null,"LOAN_ASSETS":null,"DEPOSIT_EQUITY":null,"DEPOSIT_ASSETS":null,"EQUITY_MULTIPLIER":4.775808073947,"EQUITY_RATIO":10.724286608866},{"SECUCODE":"01908.HK","SECURITY_CODE":"01908","SECURITY_NAME_ABBR":"建发国际集团","ORG_CODE":"10339950","STD_REPORT_DATE":"2023-12-31 00:00:00","REPORT_DATE":"2023-12-31 00:00:00","DATE_TYPE_CODE":"001","REPORT_TYPE":"2023年年报","PER_NETCASH_OPERATE":12.87888929656,"PER_OI":70.913699785868,"BPS":10.636881289112,"BASIC_EPS":2.61,"DILUTED_EPS":2.36,"OPERATE_INCOME":134429975000,"OPERATE_INCOME_YOY":34.9217634787,"GROSS_PROFIT":14916459000,"GROSS_PROFIT_YOY":-1.990582554624,"HOLDER_PROFIT":5034712000,"HOLDER_PROFIT_YOY":2.0418454275,"GROSS_PROFIT_RATIO":11.096081063766,"EPS_TTM":2.655881288948,"OPERATE_INCOME_QOQ":25.582684895712,"NET_PROFIT_RATIO":4.7126587653,"ROE_AVG":15.469122441482,"GROSS_PROFIT_QOQ":-8.947622932187,"ROA":1.226870343505,"HOLDER_PROFIT_QOQ":-6.349112162979,"ROE_YEARLY":15.469122441482,"ROIC_YEARLY":1.64793283452,"TOTAL_ASSETS":427277513000,"TOTAL_LIABILITIES":336338644000,"TAX_EBT":26.186164087139,"OCF_SALES":18.161355754176,"TOTAL_PARENT_EQUITY":33456479000,"DEBT_ASSET_RATIO":78.7166733017,"OPERATE_PROFIT":8588347000,"PRETAX_PROFIT":8582708000,"NETCASH_OPERATE":24414306000,"NETCASH_INVEST":-8414746000,"NETCASH_FINANCE":-12241631000,"END_CASH":51119518000,"DIVI_RATIO":0.443576301735,"DIVIDEND_RATE":9.027777777778,"CURRENT_RATIO":1.499884022286,"COMMON_ACS":3000000000,"CURRENTDEBT_DEBT":77.558873074365,"ISSUED_COMMON_SHARES":2017177631,"HK_COMMON_SHARES":2017177631,"PER_SHARES":1000,"TOTAL_MARKET_CAP":29047357886.4,"HKSK_MARKET_CAP":29047357886.4,"PE_TTM":5.742670769088,"PB_TTM":1.213232939662,"REPORT_DATE_SQ":"2022-12-31 00:00:00","REPORT_TYPE_SQ":"2022年年报","OPERATE_INCOME_SQ":99635501000,"DPS_HKD":1.3,"OPERATE_INCOME_QOQ_SQ":61.986922395802,"NET_PROFIT_RATIO_SQ":5.5822502463,"HOLDER_PROFIT_SQ":4933968000,"HOLDER_PROFIT_QOQ_SQ":22.322850126018,"ROE_AVG_SQ":16.842657477949,"PE_TTM_SQ":4.129080818376,"PB_TTM_SQ":1.240327586588,"ROA_SQ":1.338959529051,"START_DATE":"2023-01-01 00:00:00","FISCAL_YEAR":"12-31","CURRENCY":"HKD","IS_CNY_CODE":0,"DPS_HKD_LY":1.3,"ORG_TYPE":"一般企业","PREMIUM_INCOME":null,"PREMIUM_INCOME_YOY":null,"NET_INTEREST_INCOME":null,"NET_INTEREST_INCOME_YOY":null,"FEE_COMMISSION_INCOME":null,"FEE_COMMISSION_INCOME_YOY":null,"ACCOUNTS_RECE_TDAYS":11.66623412582,"INVENTORY_TDAYS":0.454407206462,"CURRENT_ASSETS_TDAYS":0.356601007853,"TOTAL_ASSETS_TDAYS":0.327582093287,"PREMIUM_EXPENSE":null,"LOAN_DEPOSIT":null,"LOAN_EQUITY":null,"LOAN_ASSETS":null,"DEPOSIT_EQUITY":null,"DEPOSIT_ASSETS":null,"EQUITY_MULTIPLIER":4.698513602575,"EQUITY_RATIO":10.053019745443},{"SECUCODE":"01908.HK","SECURITY_CODE":"01908","SECURITY_NAME_ABBR":"建发国际集团","ORG_CODE":"10339950","STD_REPORT_DATE":"2023-06-30 00:00:00","REPORT_DATE":"2023-06-30 00:00:00","DATE_TYPE_CODE":"002","REPORT_TYPE":"2023年中报","PER_NETCASH_OPERATE":19.354774832796,"PER_OI":14.015475950916,"BPS":9.025461972318,"BASIC_EPS":0.8009,"DILUTED_EPS":0.744,"OPERATE_INCOME":24359190000,"OPERATE_INCOME_YOY":43.714587498,"GROSS_PROFIT":3714443000,"GROSS_PROFIT_YOY":45.574631805557,"HOLDER_PROFIT":1284140000,"HOLDER_PROFIT_YOY":52.4989163544,"GROSS_PROFIT_RATIO":15.248631009488,"EPS_TTM":3.093198147294,"OPERATE_INCOME_QOQ":7.436597322876,"NET_PROFIT_RATIO":5.8370290638,"ROE_AVG":3.991534145499,"GROSS_PROFIT_QOQ":7.640701540808,"ROA":0.297528576311,"HOLDER_PROFIT_QOQ":8.959827060086,"ROE_YEARLY":7.983068290998,"ROIC_YEARLY":0.794288892518,"TOTAL_ASSETS":469741313000,"TOTAL_LIABILITIES":379319327000,"TAX_EBT":24.828705926141,"OCF_SALES":138.095737173527,"TOTAL_PARENT_EQUITY":32705960000,"DEBT_ASSET_RATIO":80.7506847923,"OPERATE_PROFIT":2350046000,"PRETAX_PROFIT":1891484000,"NETCASH_OPERATE":33639003000,"NETCASH_INVEST":-9663691000,"NETCASH_FINANCE":-13925184000,"END_CASH":57461748000,"DIVI_RATIO":0.38086341188,"DIVIDEND_RATE":9.027777777778,"CURRENT_RATIO":1.456086122629,"COMMON_ACS":3000000000,"CURRENTDEBT_DEBT":78.417293775279,"ISSUED_COMMON_SHARES":2017177631,"HK_COMMON_SHARES":2017177631,"PER_SHARES":1000,"TOTAL_MARKET_CAP":29047357886.4,"HKSK_MARKET_CAP":29047357886.4,"PE_TTM":5.742670769088,"PB_TTM":1.213232939662,"REPORT_DATE_SQ":"2022-06-30 00:00:00","REPORT_TYPE_SQ":"2022年中报","OPERATE_INCOME_SQ":16949699000,"DPS_HKD":1.3,"OPERATE_INCOME_QOQ_SQ":15.093968561687,"NET_PROFIT_RATIO_SQ":7.5432135993,"HOLDER_PROFIT_SQ":842065000,"HOLDER_PROFIT_QOQ_SQ":14.695466676979,"ROE_AVG_SQ":3.190397266624,"PE_TTM_SQ":4.129080818376,"PB_TTM_SQ":1.240327586588,"ROA_SQ":0.227768610754,"START_DATE":"2023-01-01 00:00:00","FISCAL_YEAR":"12-31","CURRENCY":"HKD","IS_CNY_CODE":0,"DPS_HKD_LY":1.3,"ORG_TYPE":"一般企业","PREMIUM_INCOME":null,"PREMIUM_INCOME_YOY":null,"NET_INTEREST_INCOME":null,"NET_INTEREST_INCOME_YOY":null,"FEE_COMMISSION_INCOME":null,"FEE_COMMISSION_INCOME_YOY":null,"ACCOUNTS_RECE_TDAYS":1.989405491807,"INVENTORY_TDAYS":0.075415651498,"CURRENT_ASSETS_TDAYS":0.061218841467,"TOTAL_ASSETS_TDAYS":0.056438979557,"PREMIUM_EXPENSE":null,"LOAN_DEPOSIT":null,"LOAN_EQUITY":null,"LOAN_ASSETS":null,"DEPOSIT_EQUITY":null,"DEPOSIT_ASSETS":null,"EQUITY_MULTIPLIER":5.194989999436,"EQUITY_RATIO":11.597865557226},{"SECUCODE":"01908.HK","SECURITY_CODE":"01908","SECURITY_NAME_ABBR":"建发国际集团","ORG_CODE":"10339950","STD_REPORT_DATE":"2022-12-31 00:00:00","REPORT_DATE":"2022-12-31 00:00:00","DATE_TYPE_CODE":"001","REPORT_TYPE":"2022年年报","PER_NETCASH_OPERATE":2.024809378428,"PER_OI":57.326986986142,"BPS":8.495642494065,"BASIC_EPS":2.84,"DILUTED_EPS":2.6,"OPERATE_INCOME":99635501000,"OPERATE_INCOME_YOY":82.6000618933,"GROSS_PROFIT":15219414000,"GROSS_PROFIT_YOY":67.637677192523,"HOLDER_PROFIT":4933968000,"HOLDER_PROFIT_YOY":38.8863069993,"GROSS_PROFIT_RATIO":15.275091555971,"EPS_TTM":2.838842746684,"OPERATE_INCOME_QOQ":61.986922395802,"NET_PROFIT_RATIO":5.5822502463,"ROE_AVG":16.842657477949,"GROSS_PROFIT_QOQ":51.071212569847,"ROA":1.338959529051,"HOLDER_PROFIT_QOQ":22.322850126018,"ROE_YEARLY":16.842657477949,"ROIC_YEARLY":1.774098945653,"TOTAL_ASSETS":393463167000,"TOTAL_LIABILITIES":314042679000,"TAX_EBT":34.450912517666,"OCF_SALES":3.532035233104,"TOTAL_PARENT_EQUITY":31637220000,"DEBT_ASSET_RATIO":79.8150132818,"OPERATE_PROFIT":8274454000,"PRETAX_PROFIT":8485096000,"NETCASH_OPERATE":3519161000,"NETCASH_INVEST":-16371585000,"NETCASH_FINANCE":13389598000,"END_CASH":47367877000,"DIVI_RATIO":0.41498811492,"DIVIDEND_RATE":9.027777777778,"CURRENT_RATIO":1.580123522791,"COMMON_ACS":3000000000,"CURRENTDEBT_DEBT":73.089909859035,"ISSUED_COMMON_SHARES":2017177631,"HK_COMMON_SHARES":2017177631,"PER_SHARES":1000,"TOTAL_MARKET_CAP":29047357886.4,"HKSK_MARKET_CAP":29047357886.4,"PE_TTM":5.742670769088,"PB_TTM":1.213232939662,"REPORT_DATE_SQ":"2021-12-31 00:00:00","REPORT_TYPE_SQ":"2021年年报","OPERATE_INCOME_SQ":54564878000,"DPS_HKD":1.3,"OPERATE_INCOME_QOQ_SQ":9.786480545626,"NET_PROFIT_RATIO_SQ":7.5023619592,"HOLDER_PROFIT_SQ":3552523000,"HOLDER_PROFIT_QOQ_SQ":42.165445557843,"ROE_AVG_SQ":15.78153549066,"PE_TTM_SQ":4.129080818376,"PB_TTM_SQ":1.240327586588,"ROA_SQ":1.334770371788,"START_DATE":"2022-01-01 00:00:00","FISCAL_YEAR":"12-31","CURRENCY":"HKD","IS_CNY_CODE":0,"DPS_HKD_LY":1.2,"ORG_TYPE":"一般企业","PREMIUM_INCOME":null,"PREMIUM_INCOME_YOY":null,"NET_INTEREST_INCOME":null,"NET_INTEREST_INCOME_YOY":null,"FEE_COMMISSION_INCOME":null,"FEE_COMMISSION_INCOME_YOY":null,"ACCOUNTS_RECE_TDAYS":9.560980704976,"INVENTORY_TDAYS":0.352007104151,"CURRENT_ASSETS_TDAYS":0.29082412044,"TOTAL_ASSETS_TDAYS":0.270386641129,"PREMIUM_EXPENSE":null,"LOAN_DEPOSIT":null,"LOAN_EQUITY":null,"LOAN_ASSETS":null,"DEPOSIT_EQUITY":null,"DEPOSIT_ASSETS":null,"EQUITY_MULTIPLIER":4.954177151369,"EQUITY_RATIO":9.926367708667},{"SECUCODE":"01908.HK","SECURITY_CODE":"01908","SECURITY_NAME_ABBR":"建发国际集团","ORG_CODE":"10339950","STD_REPORT_DATE":"2022-06-30 00:00:00","REPORT_DATE":"2022-06-30 00:00:00","DATE_TYPE_CODE":"002","REPORT_TYPE":"2022年中报","PER_NETCASH_OPERATE":-9.970925056544,"PER_OI":11.626741729531,"BPS":5.619604751606,"BASIC_EPS":0.6036,"DILUTED_EPS":0.6036,"OPERATE_INCOME":16949699000,"OPERATE_INCOME_YOY":90.8062082576,"GROSS_PROFIT":2551573000,"GROSS_PROFIT_YOY":110.232159203357,"HOLDER_PROFIT":842065000,"HOLDER_PROFIT_YOY":158.8890152831,"GROSS_PROFIT_RATIO":15.053795350584,"EPS_TTM":2.766844627981,"OPERATE_INCOME_QOQ":15.093968561687,"NET_PROFIT_RATIO":7.5432135993,"ROE_AVG":3.190397266624,"GROSS_PROFIT_QOQ":15.31376985918,"ROA":0.227768610754,"HOLDER_PROFIT_QOQ":14.695466676979,"ROE_YEARLY":6.380794533248,"ROIC_YEARLY":0.584444020501,"TOTAL_ASSETS":395881689000,"TOTAL_LIABILITIES":325436966000,"TAX_EBT":20.598372658881,"OCF_SALES":-85.758549458607,"TOTAL_PARENT_EQUITY":25835741000,"DEBT_ASSET_RATIO":82.2056121924,"OPERATE_PROFIT":1639221000,"PRETAX_PROFIT":1610234000,"NETCASH_OPERATE":-14535816000,"NETCASH_INVEST":-3213906000,"NETCASH_FINANCE":4304898000,"END_CASH":33425529000,"DIVI_RATIO":0.425786828825,"DIVIDEND_RATE":9.027777777778,"CURRENT_RATIO":1.487046239834,"COMMON_ACS":3000000000,"CURRENTDEBT_DEBT":76.718287743624,"ISSUED_COMMON_SHARES":2017177631,"HK_COMMON_SHARES":2017177631,"PER_SHARES":1000,"TOTAL_MARKET_CAP":29047357886.4,"HKSK_MARKET_CAP":29047357886.4,"PE_TTM":5.742670769088,"PB_TTM":1.213232939662,"REPORT_DATE_SQ":"2021-06-30 00:00:00","REPORT_TYPE_SQ":"2021年中报","OPERATE_INCOME_SQ":8883201000,"DPS_HKD":1.3,"OPERATE_INCOME_QOQ_SQ":13.881376677474,"NET_PROFIT_RATIO_SQ":3.9217033744,"HOLDER_PROFIT_SQ":325261000,"HOLDER_PROFIT_QOQ_SQ":6.550713401174,"ROE_AVG_SQ":1.440860334118,"PE_TTM_SQ":4.129080818376,"PB_TTM_SQ":1.240327586588,"ROA_SQ":0.129406410663,"START_DATE":"2022-01-01 00:00:00","FISCAL_YEAR":"12-31","CURRENCY":"HKD","IS_CNY_CODE":0,"DPS_HKD_LY":1.2,"ORG_TYPE":"一般企业","PREMIUM_INCOME":null,"PREMIUM_INCOME_YOY":null,"NET_INTEREST_INCOME":null,"NET_INTEREST_INCOME_YOY":null,"FEE_COMMISSION_INCOME":null,"FEE_COMMISSION_INCOME_YOY":null,"ACCOUNTS_RECE_TDAYS":1.633702463474,"INVENTORY_TDAYS":0.057599222834,"CURRENT_ASSETS_TDAYS":0.048862359849,"TOTAL_ASSETS_TDAYS":0.045846928609,"PREMIUM_EXPENSE":null,"LOAN_DEPOSIT":null,"LOAN_EQUITY":null,"LOAN_ASSETS":null,"DEPOSIT_EQUITY":null,"DEPOSIT_ASSETS":null,"EQUITY_MULTIPLIER":5.619749388472,"EQUITY_RATIO":12.596385991019},{"SECUCODE":"01908.HK","SECURITY_CODE":"01908","SECURITY_NAME_ABBR":"建发国际集团","ORG_CODE":"10339950","STD_REPORT_DATE":"2021-12-31 00:00:00","REPORT_DATE":"2021-12-31 00:00:00","DATE_TYPE_CODE":"001","REPORT_TYPE":"2021年年报","PER_NETCASH_OPERATE":4.715105774425,"PER_OI":39.602321000658,"BPS":6.004088491699,"BASIC_EPS":2.45,"DILUTED_EPS":2.38,"OPERATE_INCOME":54564878000,"OPERATE_INCOME_YOY":25.0263554511,"GROSS_PROFIT":9078755000,"GROSS_PROFIT_YOY":23.684244226505,"HOLDER_PROFIT":3552523000,"HOLDER_PROFIT_YOY":51.4782964518,"GROSS_PROFIT_RATIO":16.347579424767,"EPS_TTM":2.552407048315,"OPERATE_INCOME_QOQ":9.786480545626,"NET_PROFIT_RATIO":7.5023619592,"ROE_AVG":15.78153549066,"GROSS_PROFIT_QOQ":11.06095235698,"ROA":1.334770371788,"HOLDER_PROFIT_QOQ":42.165445557843,"ROE_YEARLY":15.78153549066,"ROIC_YEARLY":1.772930048569,"TOTAL_ASSETS":346086499000,"TOTAL_LIABILITIES":281819642000,"TAX_EBT":29.127622729405,"OCF_SALES":12.15632770886,"TOTAL_PARENT_EQUITY":26951729000,"DEBT_ASSET_RATIO":81.5858138898,"OPERATE_PROFIT":6019047000,"PRETAX_PROFIT":5854302000,"NETCASH_OPERATE":7439211000,"NETCASH_INVEST":-20482898000,"NETCASH_FINANCE":31636008000,"END_CASH":46847984000,"DIVI_RATIO":0.461558825728,"DIVIDEND_RATE":9.027777777778,"CURRENT_RATIO":1.574272294549,"COMMON_ACS":3000000000,"CURRENTDEBT_DEBT":73.237415084077,"ISSUED_COMMON_SHARES":2017177631,"HK_COMMON_SHARES":2017177631,"PER_SHARES":1000,"TOTAL_MARKET_CAP":29047357886.4,"HKSK_MARKET_CAP":29047357886.4,"PE_TTM":5.742670769088,"PB_TTM":1.213232939662,"REPORT_DATE_SQ":"2020-12-31 00:00:00","REPORT_TYPE_SQ":"2020年年报","OPERATE_INCOME_SQ":42744478000,"DPS_HKD":1.3,"OPERATE_INCOME_QOQ_SQ":118.408430234044,"NET_PROFIT_RATIO_SQ":6.4753136066,"HOLDER_PROFIT_SQ":2321625000,"HOLDER_PROFIT_QOQ_SQ":39.898475872654,"ROE_AVG_SQ":18.489049362029,"PE_TTM_SQ":4.129080818376,"PB_TTM_SQ":1.240327586588,"ROA_SQ":1.552862146415,"START_DATE":"2021-01-01 00:00:00","FISCAL_YEAR":"12-31","CURRENCY":"HKD","IS_CNY_CODE":0,"DPS_HKD_LY":1.1,"ORG_TYPE":"一般企业","PREMIUM_INCOME":null,"PREMIUM_INCOME_YOY":null,"NET_INTEREST_INCOME":null,"NET_INTEREST_INCOME_YOY":null,"FEE_COMMISSION_INCOME":null,"FEE_COMMISSION_INCOME_YOY":null,"ACCOUNTS_RECE_TDAYS":7.343375470528,"INVENTORY_TDAYS":0.265527364708,"CURRENT_ASSETS_TDAYS":0.216090463814,"TOTAL_ASSETS_TDAYS":0.202836292249,"PREMIUM_EXPENSE":null,"LOAN_DEPOSIT":null,"LOAN_EQUITY":null,"LOAN_ASSETS":null,"DEPOSIT_EQUITY":null,"DEPOSIT_ASSETS":null,"EQUITY_MULTIPLIER":5.430595704939,"EQUITY_RATIO":10.456458730347},{"SECUCODE":"01908.HK","SECURITY_CODE":"01908","SECURITY_NAME_ABBR":"建发国际集团","ORG_CODE":"10339950","STD_REPORT_DATE":"2021-06-30 00:00:00","REPORT_DATE":"2021-06-30 00:00:00","DATE_TYPE_CODE":"002","REPORT_TYPE":"2021年中报","PER_NETCASH_OPERATE":-16.348128768741,"PER_OI":6.956244122124,"BPS":4.772810213658,"BASIC_EPS":0.2751,"DILUTED_EPS":0.2751,"OPERATE_INCOME":8883201000,"OPERATE_INCOME_YOY":240.9304546579,"GROSS_PROFIT":1213693000,"GROSS_PROFIT_YOY":131.703489604114,"HOLDER_PROFIT":325261000,"HOLDER_PROFIT_YOY":100.6472320572,"GROSS_PROFIT_RATIO":12.50437842972,"EPS_TTM":1.937107663651,"OPERATE_INCOME_QOQ":13.881376677474,"NET_PROFIT_RATIO":3.9217033744,"ROE_AVG":1.440860334118,"GROSS_PROFIT_QOQ":7.167163378776,"ROA":0.129406410663,"HOLDER_PROFIT_QOQ":6.550713401174,"ROE_YEARLY":2.881720668237,"ROIC_YEARLY":0.336253425073,"TOTAL_ASSETS":285159105000,"TOTAL_LIABILITIES":234340121000,"TAX_EBT":15.368102426335,"OCF_SALES":-248.642904144993,"TOTAL_PARENT_EQUITY":24127606000,"DEBT_ASSET_RATIO":82.1787265043,"OPERATE_PROFIT":621032000,"PRETAX_PROFIT":481673000,"NETCASH_OPERATE":-20889556000,"NETCASH_INVEST":-3972942000,"NETCASH_FINANCE":29426890000,"END_CASH":32816018000,"DIVI_RATIO":0.6081675387,"DIVIDEND_RATE":9.027777777778,"CURRENT_RATIO":1.613258378763,"COMMON_ACS":3000000000,"CURRENTDEBT_DEBT":71.331346628433,"ISSUED_COMMON_SHARES":2017177631,"HK_COMMON_SHARES":2017177631,"PER_SHARES":1000,"TOTAL_MARKET_CAP":29047357886.4,"HKSK_MARKET_CAP":29047357886.4,"PE_TTM":5.742670769088,"PB_TTM":1.213232939662,"REPORT_DATE_SQ":"2020-06-30 00:00:00","REPORT_TYPE_SQ":"2020年中报","OPERATE_INCOME_SQ":2462753000,"DPS_HKD":1.3,"OPERATE_INCOME_QOQ_SQ":8.75650578217,"NET_PROFIT_RATIO_SQ":4.0470115258,"HOLDER_PROFIT_SQ":151105000,"HOLDER_PROFIT_QOQ_SQ":-3.404321205034,"ROE_AVG_SQ":2.201531200973,"PE_TTM_SQ":4.129080818376,"PB_TTM_SQ":1.240327586588,"ROA_SQ":0.118637025649,"START_DATE":"2021-01-01 00:00:00","FISCAL_YEAR":"12-31","CURRENCY":"HKD","IS_CNY_CODE":0,"DPS_HKD_LY":1.1,"ORG_TYPE":"一般企业","PREMIUM_INCOME":null,"PREMIUM_INCOME_YOY":null,"NET_INTEREST_INCOME":null,"NET_INTEREST_INCOME_YOY":null,"FEE_COMMISSION_INCOME":null,"FEE_COMMISSION_INCOME_YOY":null,"ACCOUNTS_RECE_TDAYS":1.581796134009,"INVENTORY_TDAYS":0.049898010412,"CURRENT_ASSETS_TDAYS":0.038010168564,"TOTAL_ASSETS_TDAYS":0.03583690023,"PREMIUM_EXPENSE":null,"LOAN_DEPOSIT":null,"LOAN_EQUITY":null,"LOAN_ASSETS":null,"DEPOSIT_EQUITY":null,"DEPOSIT_ASSETS":null,"EQUITY_MULTIPLIER":5.611271272175,"EQUITY_RATIO":9.712530990435},{"SECUCODE":"01908.HK","SECURITY_CODE":"01908","SECURITY_NAME_ABBR":"建发国际集团","ORG_CODE":"10339950","STD_REPORT_DATE":"2020-12-31 00:00:00","REPORT_DATE":"2020-12-31 00:00:00","DATE_TYPE_CODE":"001","REPORT_TYPE":"2020年年报","PER_NETCASH_OPERATE":3.631163144644,"PER_OI":36.325379935693,"BPS":4.122277023208,"BASIC_EPS":1.92,"DILUTED_EPS":1.92,"OPERATE_INCOME":42744478000,"OPERATE_INCOME_YOY":146.8030858586,"GROSS_PROFIT":7340268000,"GROSS_PROFIT_YOY":63.765359135029,"HOLDER_PROFIT":2321625000,"HOLDER_PROFIT_YOY":35.135882393,"GROSS_PROFIT_RATIO":17.172435700349,"EPS_TTM":1.972977894202,"OPERATE_INCOME_QOQ":118.408430234044,"NET_PROFIT_RATIO":6.4753136066,"ROE_AVG":18.489049362029,"GROSS_PROFIT_QOQ":54.238126146631,"ROA":1.552862146415,"HOLDER_PROFIT_QOQ":39.898475872654,"ROE_YEARLY":18.489049362029,"ROIC_YEARLY":2.040009420883,"TOTAL_ASSETS":184520384000,"TOTAL_LIABILITIES":146754162000,"TAX_EBT":44.565015456795,"OCF_SALES":9.996215183631,"TOTAL_PARENT_EQUITY":17956695000,"DEBT_ASSET_RATIO":79.6364380771,"OPERATE_PROFIT":5548264000,"PRETAX_PROFIT":4962866000,"NETCASH_OPERATE":4272830000,"NETCASH_INVEST":-3353986000,"NETCASH_FINANCE":16074590000,"END_CASH":27367880000,"DIVI_RATIO":0.597110592806,"DIVIDEND_RATE":9.027777777778,"CURRENT_RATIO":1.798239538556,"COMMON_ACS":3000000000,"CURRENTDEBT_DEBT":65.677830656687,"ISSUED_COMMON_SHARES":2017177631,"HK_COMMON_SHARES":2017177631,"PER_SHARES":1000,"TOTAL_MARKET_CAP":29047357886.4,"HKSK_MARKET_CAP":29047357886.4,"PE_TTM":5.742670769088,"PB_TTM":1.213232939662,"REPORT_DATE_SQ":"2019-12-31 00:00:00","REPORT_TYPE_SQ":"2019年年报","OPERATE_INCOME_SQ":17319264000,"DPS_HKD":1.3,"OPERATE_INCOME_QOQ_SQ":41.919905613579,"NET_PROFIT_RATIO_SQ":11.1006101312,"HOLDER_PROFIT_SQ":1717993000,"HOLDER_PROFIT_QOQ_SQ":14.605144311012,"ROE_AVG_SQ":25.656676576188,"PE_TTM_SQ":4.129080818376,"PB_TTM_SQ":1.240327586588,"ROA_SQ":1.926392273732,"START_DATE":"2020-01-01 00:00:00","FISCAL_YEAR":"12-31","CURRENCY":"HKD","IS_CNY_CODE":0,"DPS_HKD_LY":0.82,"ORG_TYPE":"一般企业","PREMIUM_INCOME":null,"PREMIUM_INCOME_YOY":null,"NET_INTEREST_INCOME":null,"NET_INTEREST_INCOME_YOY":null,"FEE_COMMISSION_INCOME":null,"FEE_COMMISSION_INCOME_YOY":null,"ACCOUNTS_RECE_TDAYS":6.998902544925,"INVENTORY_TDAYS":0.379569548985,"CURRENT_ASSETS_TDAYS":0.307443287124,"TOTAL_ASSETS_TDAYS":0.285904406846,"PREMIUM_EXPENSE":null,"LOAN_DEPOSIT":null,"LOAN_EQUITY":null,"LOAN_ASSETS":null,"DEPOSIT_EQUITY":null,"DEPOSIT_ASSETS":null,"EQUITY_MULTIPLIER":4.910732237249,"EQUITY_RATIO":8.172671084518},{"SECUCODE":"01908.HK","SECURITY_CODE":"01908","SECURITY_NAME_ABBR":"建发国际集团","ORG_CODE":"10339950","STD_REPORT_DATE":"2020-06-30 00:00:00","REPORT_DATE":"2020-06-30 00:00:00","DATE_TYPE_CODE":"002","REPORT_TYPE":"2020年中报","PER_NETCASH_OPERATE":-10.456206232152,"PER_OI":2.092912174826,"BPS":3.18718337007,"BASIC_EPS":0.058,"DILUTED_EPS":0.057,"OPERATE_INCOME":2462753000,"OPERATE_INCOME_YOY":123.3202923538,"GROSS_PROFIT":523813000,"GROSS_PROFIT_YOY":0.93105527948,"HOLDER_PROFIT":151105000,"HOLDER_PROFIT_YOY":-27.9048241575,"GROSS_PROFIT_RATIO":21.892032732986,"EPS_TTM":1.410292629634,"OPERATE_INCOME_QOQ":8.75650578217,"NET_PROFIT_RATIO":4.0470115258,"ROE_AVG":2.201531200973,"GROSS_PROFIT_QOQ":2.271724082798,"ROA":0.118637025649,"HOLDER_PROFIT_QOQ":-3.404321205034,"ROE_YEARLY":4.403062401947,"ROIC_YEARLY":0.288512231227,"TOTAL_ASSETS":139146155000,"TOTAL_LIABILITIES":121280692000,"TAX_EBT":22.388087327515,"OCF_SALES":-431.185489605269,"TOTAL_PARENT_EQUITY":6429115000,"DEBT_ASSET_RATIO":87.160649175,"OPERATE_PROFIT":216741000,"PRETAX_PROFIT":108053000,"NETCASH_OPERATE":-12303934000,"NETCASH_INVEST":1985488000,"NETCASH_FINANCE":8101361000,"END_CASH":8171516000,"DIVI_RATIO":0.83534861861,"DIVIDEND_RATE":9.027777777778,"CURRENT_RATIO":1.867367413553,"COMMON_ACS":3000000000,"CURRENTDEBT_DEBT":57.337665091819,"ISSUED_COMMON_SHARES":2017177631,"HK_COMMON_SHARES":2017177631,"PER_SHARES":1000,"TOTAL_MARKET_CAP":29047357886.4,"HKSK_MARKET_CAP":29047357886.4,"PE_TTM":5.742670769088,"PB_TTM":1.213232939662,"REPORT_DATE_SQ":"2019-06-30 00:00:00","REPORT_TYPE_SQ":"2019年中报","OPERATE_INCOME_SQ":1277767000,"DPS_HKD":1.3,"OPERATE_INCOME_QOQ_SQ":2.492641302551,"NET_PROFIT_RATIO_SQ":14.8208554455,"HOLDER_PROFIT_SQ":209591000,"HOLDER_PROFIT_QOQ_SQ":5.534036492764,"ROE_AVG_SQ":3.540212100917,"PE_TTM_SQ":4.129080818376,"PB_TTM_SQ":1.240327586588,"ROA_SQ":0.294053309819,"START_DATE":"2020-01-01 00:00:00","FISCAL_YEAR":"12-31","CURRENCY":"HKD","IS_CNY_CODE":0,"DPS_HKD_LY":0.82,"ORG_TYPE":"一般企业","PREMIUM_INCOME":null,"PREMIUM_INCOME_YOY":null,"NET_INTEREST_INCOME":null,"NET_INTEREST_INCOME_YOY":null,"FEE_COMMISSION_INCOME":null,"FEE_COMMISSION_INCOME_YOY":null,"ACCOUNTS_RECE_TDAYS":0.460021255001,"INVENTORY_TDAYS":0.026196570073,"CURRENT_ASSETS_TDAYS":0.024203032483,"TOTAL_ASSETS_TDAYS":0.022403778496,"PREMIUM_EXPENSE":null,"LOAN_DEPOSIT":null,"LOAN_EQUITY":null,"LOAN_ASSETS":null,"DEPOSIT_EQUITY":null,"DEPOSIT_ASSETS":null,"EQUITY_MULTIPLIER":7.788555773808,"EQUITY_RATIO":18.864290341672}],"count":33},"success":true,"message":"ok","code":0}