{"version":"5a0c91e6a5c1314f9e0cc577fbd93fce","result":{"pages":4,"data":[{"SECUCODE":"01909.HK","SECURITY_CODE":"01909","SECURITY_NAME_ABBR":"火岩控股","ORG_CODE":"10472695","STD_REPORT_DATE":"2024-06-30 00:00:00","REPORT_DATE":"2024-06-30 00:00:00","DATE_TYPE_CODE":"002","REPORT_TYPE":"2024年中报","PER_NETCASH_OPERATE":-0.000710416802,"PER_OI":0.014973418573,"BPS":0.031809987802,"BASIC_EPS":0.001642824,"DILUTED_EPS":0.001642824,"OPERATE_INCOME":57497927.32,"OPERATE_INCOME_YOY":-2.3876665634,"GROSS_PROFIT":47656498.88,"GROSS_PROFIT_YOY":-1.658457977701,"HOLDER_PROFIT":6175192.88,"HOLDER_PROFIT_YOY":-98.8369134716,"GROSS_PROFIT_RATIO":82.883855299291,"EPS_TTM":-0.005928083891,"OPERATE_INCOME_QOQ":-1.641125122015,"NET_PROFIT_RATIO":22.3225765488,"ROE_AVG":5.108169220374,"GROSS_PROFIT_QOQ":-0.824688531196,"ROA":4.319513783373,"HOLDER_PROFIT_QOQ":-104.486347634755,"ROE_YEARLY":10.216338440748,"ROIC_YEARLY":18.267725039149,"TOTAL_ASSETS":139095170.04,"TOTAL_LIABILITIES":9139577.52,"TAX_EBT":22.342481638964,"OCF_SALES":-4.744519754282,"TOTAL_PARENT_EQUITY":122150353.16,"DEBT_ASSET_RATIO":6.5707367965,"OPERATE_PROFIT":16567880.04,"PRETAX_PROFIT":16527722.12,"NETCASH_OPERATE":-2728000.52,"NETCASH_INVEST":-10478479.08,"NETCASH_FINANCE":-7229338.28,"END_CASH":56431917.08,"DIVI_RATIO":null,"DIVIDEND_RATE":null,"CURRENT_RATIO":10.665538422966,"COMMON_ACS":24000000000,"CURRENTDEBT_DEBT":79.658478130617,"ISSUED_COMMON_SHARES":3840000000,"HK_COMMON_SHARES":3840000000,"PER_SHARES":2000,"TOTAL_MARKET_CAP":476160000,"HKSK_MARKET_CAP":476160000,"PE_TTM":-31.636436117202,"PB_TTM":3.557760559487,"REPORT_DATE_SQ":"2023-06-30 00:00:00","REPORT_TYPE_SQ":"2023年中报","OPERATE_INCOME_SQ":59504589.2,"DPS_HKD":null,"OPERATE_INCOME_QOQ_SQ":14.271605293864,"NET_PROFIT_RATIO_SQ":917.7176944531,"HOLDER_PROFIT_SQ":536341581.44,"HOLDER_PROFIT_QOQ_SQ":1939.31491050294,"ROE_AVG_SQ":-435.608134460024,"PE_TTM_SQ":0.843776261077,"PB_TTM_SQ":3.128669519355,"ROA_SQ":303.600441123934,"START_DATE":"2024-01-01 00:00:00","FISCAL_YEAR":"12-31","CURRENCY":"HKD","IS_CNY_CODE":0,"DPS_HKD_LY":null,"ORG_TYPE":"一般企业","PREMIUM_INCOME":null,"PREMIUM_INCOME_YOY":null,"NET_INTEREST_INCOME":null,"NET_INTEREST_INCOME_YOY":null,"FEE_COMMISSION_INCOME":null,"FEE_COMMISSION_INCOME_YOY":null,"ACCOUNTS_RECE_TDAYS":3.41633903636,"INVENTORY_TDAYS":null,"CURRENT_ASSETS_TDAYS":0.647511665673,"TOTAL_ASSETS_TDAYS":0.4021948697,"PREMIUM_EXPENSE":null,"LOAN_DEPOSIT":null,"LOAN_EQUITY":null,"LOAN_ASSETS":null,"DEPOSIT_EQUITY":null,"DEPOSIT_ASSETS":null,"EQUITY_MULTIPLIER":1.070328466384,"EQUITY_RATIO":0.074822358541},{"SECUCODE":"01909.HK","SECURITY_CODE":"01909","SECURITY_NAME_ABBR":"火岩控股","ORG_CODE":"10472695","STD_REPORT_DATE":"2023-12-31 00:00:00","REPORT_DATE":"2023-12-31 00:00:00","DATE_TYPE_CODE":"001","REPORT_TYPE":"2023年年报","PER_NETCASH_OPERATE":-0.005598268448,"PER_OI":0.031842069255,"BPS":0.030932309333,"BASIC_EPS":0.13230812,"DILUTED_EPS":0.13230812,"OPERATE_INCOME":122273545.94,"OPERATE_INCOME_YOY":17.2635860355,"GROSS_PROFIT":97453992.58,"GROSS_PROFIT_YOY":42.438636380543,"HOLDER_PROFIT":507402546.42,"HOLDER_PROFIT_YOY":1753.9485447502,"GROSS_PROFIT_RATIO":79.701616429625,"EPS_TTM":0.132136079797,"OPERATE_INCOME_QOQ":4.105994397389,"NET_PROFIT_RATIO":424.3168528167,"ROE_AVG":-374.60133740554,"GROSS_PROFIT_QOQ":15.380283197094,"ROA":319.415263060313,"HOLDER_PROFIT_QOQ":-7.771684661354,"ROE_YEARLY":-374.60133740554,"ROIC_YEARLY":877.981888745149,"TOTAL_ASSETS":145786330.06,"TOTAL_LIABILITIES":18624633.44,"TAX_EBT":1.424097219472,"OCF_SALES":-17.581358808837,"TOTAL_PARENT_EQUITY":118780067.84,"DEBT_ASSET_RATIO":12.7752947978,"OPERATE_PROFIT":534603645.94,"PRETAX_PROFIT":526322607.58,"NETCASH_OPERATE":-21497350.84,"NETCASH_INVEST":4092489.52,"NETCASH_FINANCE":-14790416.62,"END_CASH":77474560.24,"DIVI_RATIO":null,"DIVIDEND_RATE":null,"CURRENT_RATIO":5.982463807703,"COMMON_ACS":24000000000,"CURRENTDEBT_DEBT":89.066757493188,"ISSUED_COMMON_SHARES":3840000000,"HK_COMMON_SHARES":3840000000,"PER_SHARES":2000,"TOTAL_MARKET_CAP":499200000,"HKSK_MARKET_CAP":499200000,"PE_TTM":-33.167231413195,"PB_TTM":3.729910263978,"REPORT_DATE_SQ":"2022-12-31 00:00:00","REPORT_TYPE_SQ":"2022年年报","OPERATE_INCOME_SQ":102782326.01,"DPS_HKD":null,"OPERATE_INCOME_QOQ_SQ":-78.480457070547,"NET_PROFIT_RATIO_SQ":30.8413651652,"HOLDER_PROFIT_SQ":26977647.27,"HOLDER_PROFIT_QOQ_SQ":102.247320935886,"ROE_AVG_SQ":-6.77609777002,"PE_TTM_SQ":0.966156024134,"PB_TTM_SQ":3.582446014529,"ROA_SQ":10.289931362979,"START_DATE":"2023-01-01 00:00:00","FISCAL_YEAR":"12-31","CURRENCY":"HKD","IS_CNY_CODE":0,"DPS_HKD_LY":null,"ORG_TYPE":"一般企业","PREMIUM_INCOME":null,"PREMIUM_INCOME_YOY":null,"NET_INTEREST_INCOME":null,"NET_INTEREST_INCOME_YOY":null,"FEE_COMMISSION_INCOME":null,"FEE_COMMISSION_INCOME_YOY":null,"ACCOUNTS_RECE_TDAYS":8.85434918135,"INVENTORY_TDAYS":null,"CURRENT_ASSETS_TDAYS":1.1184962593,"TOTAL_ASSETS_TDAYS":0.769724888401,"PREMIUM_EXPENSE":null,"LOAN_DEPOSIT":null,"LOAN_EQUITY":null,"LOAN_ASSETS":null,"DEPOSIT_EQUITY":null,"DEPOSIT_ASSETS":null,"EQUITY_MULTIPLIER":1.146464178563,"EQUITY_RATIO":0.156799316406},{"SECUCODE":"01909.HK","SECURITY_CODE":"01909","SECURITY_NAME_ABBR":"火岩控股","ORG_CODE":"10472695","STD_REPORT_DATE":"2023-06-30 00:00:00","REPORT_DATE":"2023-06-30 00:00:00","DATE_TYPE_CODE":"002","REPORT_TYPE":"2023年中报","PER_NETCASH_OPERATE":-0.001856205047,"PER_OI":0.015495986771,"BPS":0.038604070917,"BASIC_EPS":0.13967997,"DILUTED_EPS":0.13967997,"OPERATE_INCOME":59504589.2,"OPERATE_INCOME_YOY":23.1021591516,"GROSS_PROFIT":48460190.78,"GROSS_PROFIT_YOY":49.498715873403,"HOLDER_PROFIT":536341581.44,"HOLDER_PROFIT_YOY":2773.4404861077,"GROSS_PROFIT_RATIO":81.439417415556,"EPS_TTM":0.143270620646,"OPERATE_INCOME_QOQ":14.271605293864,"NET_PROFIT_RATIO":917.7176944531,"ROE_AVG":-435.608134460024,"GROSS_PROFIT_QOQ":23.451453258463,"ROA":303.600441123934,"HOLDER_PROFIT_QOQ":1939.31491050294,"ROE_YEARLY":-871.216268920048,"ROIC_YEARLY":1610.62151082545,"TOTAL_ASSETS":181237296.52,"TOTAL_LIABILITIES":23802757.66,"TAX_EBT":0.735145069528,"OCF_SALES":-11.978617911373,"TOTAL_PARENT_EQUITY":148239632.32,"DEBT_ASSET_RATIO":13.1334764516,"OPERATE_PROFIT":554190192.26,"PRETAX_PROFIT":545804784.16,"NETCASH_OPERATE":-7127827.38,"NETCASH_INVEST":-6758113.4,"NETCASH_FINANCE":-7997254.52,"END_CASH":94396922.3,"DIVI_RATIO":null,"DIVIDEND_RATE":null,"CURRENT_RATIO":5.948241925382,"COMMON_ACS":24000000000,"CURRENTDEBT_DEBT":86.586357826239,"ISSUED_COMMON_SHARES":3840000000,"HK_COMMON_SHARES":3840000000,"PER_SHARES":2000,"TOTAL_MARKET_CAP":499200000,"HKSK_MARKET_CAP":499200000,"PE_TTM":-33.167231413195,"PB_TTM":3.729910263978,"REPORT_DATE_SQ":"2022-06-30 00:00:00","REPORT_TYPE_SQ":"2022年中报","OPERATE_INCOME_SQ":44835901.32,"DPS_HKD":null,"OPERATE_INCOME_QOQ_SQ":-43.569491988358,"NET_PROFIT_RATIO_SQ":36.6845960174,"HOLDER_PROFIT_SQ":17451862.33,"HOLDER_PROFIT_QOQ_SQ":-21.033753240829,"ROE_AVG_SQ":-4.525019318974,"PE_TTM_SQ":0.966156024134,"PB_TTM_SQ":3.582446014529,"ROA_SQ":6.956097876902,"START_DATE":"2023-01-01 00:00:00","FISCAL_YEAR":"12-31","CURRENCY":"HKD","IS_CNY_CODE":0,"DPS_HKD_LY":null,"ORG_TYPE":"一般企业","PREMIUM_INCOME":null,"PREMIUM_INCOME_YOY":null,"NET_INTEREST_INCOME":null,"NET_INTEREST_INCOME_YOY":null,"FEE_COMMISSION_INCOME":null,"FEE_COMMISSION_INCOME_YOY":null,"ACCOUNTS_RECE_TDAYS":5.001162340178,"INVENTORY_TDAYS":null,"CURRENT_ASSETS_TDAYS":0.487604023829,"TOTAL_ASSETS_TDAYS":0.334156557577,"PREMIUM_EXPENSE":null,"LOAN_DEPOSIT":null,"LOAN_EQUITY":null,"LOAN_ASSETS":null,"DEPOSIT_EQUITY":null,"DEPOSIT_ASSETS":null,"EQUITY_MULTIPLIER":1.151191459208,"EQUITY_RATIO":0.160569459648},{"SECUCODE":"01909.HK","SECURITY_CODE":"01909","SECURITY_NAME_ABBR":"火岩控股","ORG_CODE":"10472695","STD_REPORT_DATE":"2022-12-31 00:00:00","REPORT_DATE":"2022-12-31 00:00:00","DATE_TYPE_CODE":"001","REPORT_TYPE":"2022年年报","PER_NETCASH_OPERATE":0.00060295725,"PER_OI":0.026766230732,"BPS":-0.10002972381,"BASIC_EPS":0.007056833,"DILUTED_EPS":0.007056833,"OPERATE_INCOME":102782326.01,"OPERATE_INCOME_YOY":-88.8851108224,"GROSS_PROFIT":68418229.11,"GROSS_PROFIT_YOY":-90.349023093354,"HOLDER_PROFIT":26977647.27,"HOLDER_PROFIT_YOY":102.4896009022,"GROSS_PROFIT_RATIO":66.566142026542,"EPS_TTM":0.007025428977,"OPERATE_INCOME_QOQ":-78.480457070547,"NET_PROFIT_RATIO":30.8413651652,"ROE_AVG":-6.77609777002,"GROSS_PROFIT_QOQ":-83.290807582983,"ROA":10.289931362979,"HOLDER_PROFIT_QOQ":102.247320935886,"ROE_YEARLY":-6.77609777002,"ROIC_YEARLY":57.417987204958,"TOTAL_ASSETS":169464038.24,"TOTAL_LIABILITIES":545757598.82,"TAX_EBT":19.687231249717,"OCF_SALES":2.252678967175,"TOTAL_PARENT_EQUITY":-384114139.43,"DEBT_ASSET_RATIO":322.0492114363,"OPERATE_PROFIT":55999989.57,"PRETAX_PROFIT":39470028.22,"NETCASH_OPERATE":2315355.84,"NETCASH_INVEST":-17521491.05,"NETCASH_FINANCE":-189380386.16,"END_CASH":106785068.88,"DIVI_RATIO":null,"DIVIDEND_RATE":null,"CURRENT_RATIO":0.300315002986,"COMMON_ACS":24000000000,"CURRENTDEBT_DEBT":71.808578546106,"ISSUED_COMMON_SHARES":3840000000,"HK_COMMON_SHARES":3840000000,"PER_SHARES":2000,"TOTAL_MARKET_CAP":499200000,"HKSK_MARKET_CAP":499200000,"PE_TTM":-33.167231413195,"PB_TTM":3.729910263978,"REPORT_DATE_SQ":"2021-12-31 00:00:00","REPORT_TYPE_SQ":"2021年年报","OPERATE_INCOME_SQ":846391784,"DPS_HKD":null,"OPERATE_INCOME_QOQ_SQ":30.752614104381,"NET_PROFIT_RATIO_SQ":-117.0246760335,"HOLDER_PROFIT_SQ":-991819113.6,"HOLDER_PROFIT_QOQ_SQ":-363.839393230301,"ROE_AVG_SQ":-683.948918896062,"PE_TTM_SQ":0.966156024134,"PB_TTM_SQ":3.582446014529,"ROA_SQ":-208.896900076724,"START_DATE":"2022-01-01 00:00:00","FISCAL_YEAR":"12-31","CURRENCY":"HKD","IS_CNY_CODE":0,"DPS_HKD_LY":null,"ORG_TYPE":"一般企业","PREMIUM_INCOME":null,"PREMIUM_INCOME_YOY":null,"NET_INTEREST_INCOME":null,"NET_INTEREST_INCOME_YOY":null,"FEE_COMMISSION_INCOME":null,"FEE_COMMISSION_INCOME_YOY":null,"ACCOUNTS_RECE_TDAYS":11.830454451984,"INVENTORY_TDAYS":null,"CURRENT_ASSETS_TDAYS":0.469308719672,"TOTAL_ASSETS_TDAYS":0.39203681084,"PREMIUM_EXPENSE":null,"LOAN_DEPOSIT":null,"LOAN_EQUITY":null,"LOAN_ASSETS":null,"DEPOSIT_EQUITY":null,"DEPOSIT_ASSETS":null,"EQUITY_MULTIPLIER":-0.450350619816,"EQUITY_RATIO":-1.420821424668},{"SECUCODE":"01909.HK","SECURITY_CODE":"01909","SECURITY_NAME_ABBR":"火岩控股","ORG_CODE":"10472695","STD_REPORT_DATE":"2022-06-30 00:00:00","REPORT_DATE":"2022-06-30 00:00:00","DATE_TYPE_CODE":"002","REPORT_TYPE":"2022年中报","PER_NETCASH_OPERATE":-0.046540152458,"PER_OI":0.011676015969,"BPS":-0.098118353922,"BASIC_EPS":0.004532507,"DILUTED_EPS":0.004532507,"OPERATE_INCOME":44835901.32,"OPERATE_INCOME_YOY":-89.4526558473,"GROSS_PROFIT":32415121.76,"GROSS_PROFIT_YOY":-90.232759340076,"HOLDER_PROFIT":17451862.33,"HOLDER_PROFIT_YOY":-92.4888936328,"GROSS_PROFIT_RATIO":72.297245746548,"EPS_TTM":-0.312613515247,"OPERATE_INCOME_QOQ":-43.569491988358,"NET_PROFIT_RATIO":36.6845960174,"ROE_AVG":-4.525019318974,"GROSS_PROFIT_QOQ":-42.241511942748,"ROA":6.956097876902,"HOLDER_PROFIT_QOQ":-21.033753240829,"ROE_YEARLY":-9.050038637949,"ROIC_YEARLY":86.290262904743,"TOTAL_ASSETS":162014035.12,"TOTAL_LIABILITIES":534795632.07,"TAX_EBT":10.743456469278,"OCF_SALES":-398.596169985504,"TOTAL_PARENT_EQUITY":-376774479.06,"DEBT_ASSET_RATIO":330.0921624931,"OPERATE_PROFIT":26489510.25,"PRETAX_PROFIT":18427634.12,"NETCASH_OPERATE":-178714185.44,"NETCASH_INVEST":-1683869.11,"NETCASH_FINANCE":-2755422.18,"END_CASH":114566383.54,"DIVI_RATIO":null,"DIVIDEND_RATE":null,"CURRENT_RATIO":0.417425870037,"COMMON_ACS":24000000000,"CURRENTDEBT_DEBT":56.641448909656,"ISSUED_COMMON_SHARES":3840000000,"HK_COMMON_SHARES":3840000000,"PER_SHARES":2000,"TOTAL_MARKET_CAP":499200000,"HKSK_MARKET_CAP":499200000,"PE_TTM":-33.167231413195,"PB_TTM":3.729910263978,"REPORT_DATE_SQ":"2021-06-30 00:00:00","REPORT_TYPE_SQ":"2021年中报","OPERATE_INCOME_SQ":413604501.84,"DPS_HKD":null,"OPERATE_INCOME_QOQ_SQ":24.272414392892,"NET_PROFIT_RATIO_SQ":54.8824820499,"HOLDER_PROFIT_SQ":226068647.28,"HOLDER_PROFIT_QOQ_SQ":9.528579298373,"ROE_AVG_SQ":29.218405947116,"PE_TTM_SQ":0.966156024134,"PB_TTM_SQ":3.582446014529,"ROA_SQ":20.033817666157,"START_DATE":"2022-01-01 00:00:00","FISCAL_YEAR":"12-31","CURRENCY":"HKD","IS_CNY_CODE":0,"DPS_HKD_LY":null,"ORG_TYPE":"一般企业","PREMIUM_INCOME":null,"PREMIUM_INCOME_YOY":null,"NET_INTEREST_INCOME":null,"NET_INTEREST_INCOME_YOY":null,"FEE_COMMISSION_INCOME":null,"FEE_COMMISSION_INCOME_YOY":null,"ACCOUNTS_RECE_TDAYS":5.99416909621,"INVENTORY_TDAYS":null,"CURRENT_ASSETS_TDAYS":0.207040760113,"TOTAL_ASSETS_TDAYS":0.178710393243,"PREMIUM_EXPENSE":null,"LOAN_DEPOSIT":null,"LOAN_EQUITY":null,"LOAN_ASSETS":null,"DEPOSIT_EQUITY":null,"DEPOSIT_ASSETS":null,"EQUITY_MULTIPLIER":-0.434608458265,"EQUITY_RATIO":-1.419405139659},{"SECUCODE":"01909.HK","SECURITY_CODE":"01909","SECURITY_NAME_ABBR":"火岩控股","ORG_CODE":"10472695","STD_REPORT_DATE":"2021-12-31 00:00:00","REPORT_DATE":"2021-12-31 00:00:00","DATE_TYPE_CODE":"001","REPORT_TYPE":"2021年年报","PER_NETCASH_OPERATE":0.11723425875,"PER_OI":0.220414527083,"BPS":-0.098237407917,"BASIC_EPS":-0.25827984,"DILUTED_EPS":-0.25827984,"OPERATE_INCOME":846391784,"OPERATE_INCOME_YOY":76.6277085822,"GROSS_PROFIT":708925425.6,"GROSS_PROFIT_YOY":55.959295660814,"HOLDER_PROFIT":-991819113.6,"HOLDER_PROFIT_YOY":-414.1245015278,"GROSS_PROFIT_RATIO":83.758542911376,"EPS_TTM":-0.2582862275,"OPERATE_INCOME_QOQ":30.752614104381,"NET_PROFIT_RATIO":-117.0246760335,"ROE_AVG":-683.948918896062,"GROSS_PROFIT_QOQ":30.64601371139,"ROA":-208.896900076724,"HOLDER_PROFIT_QOQ":-363.839393230301,"ROE_YEARLY":-683.948918896062,"ROIC_YEARLY":-1274.61915086048,"TOTAL_ASSETS":324823486.4,"TOTAL_LIABILITIES":697353932.8,"TAX_EBT":-8.800049574708,"OCF_SALES":53.188081702835,"TOTAL_PARENT_EQUITY":-377231646.4,"DEBT_ASSET_RATIO":214.6870414232,"OPERATE_PROFIT":-894500185.6,"PRETAX_PROFIT":-910373889.6,"NETCASH_OPERATE":450179553.6,"NETCASH_INVEST":-606642848,"NETCASH_FINANCE":-146208137.6,"END_CASH":284324488,"DIVI_RATIO":null,"DIVIDEND_RATE":null,"CURRENT_RATIO":0.740542259615,"COMMON_ACS":24000000000,"CURRENTDEBT_DEBT":56.77302187289,"ISSUED_COMMON_SHARES":3840000000,"HK_COMMON_SHARES":3840000000,"PER_SHARES":2000,"TOTAL_MARKET_CAP":464640000,"HKSK_MARKET_CAP":464640000,"PE_TTM":-30.871038469205,"PB_TTM":3.471685707241,"REPORT_DATE_SQ":"2020-12-31 00:00:00","REPORT_TYPE_SQ":"2020年年报","OPERATE_INCOME_SQ":493285204,"DPS_HKD":null,"OPERATE_INCOME_QOQ_SQ":7.110512286446,"NET_PROFIT_RATIO_SQ":66.2159173024,"HOLDER_PROFIT_SQ":325024535.2,"HOLDER_PROFIT_QOQ_SQ":1.106848490093,"ROE_AVG_SQ":61.509949550896,"PE_TTM_SQ":0.998361224938,"PB_TTM_SQ":3.70186088168,"ROA_SQ":57.522669408361,"START_DATE":"2021-01-01 00:00:00","FISCAL_YEAR":"12-31","CURRENCY":"HKD","IS_CNY_CODE":0,"DPS_HKD_LY":0.01302,"ORG_TYPE":"一般企业","PREMIUM_INCOME":null,"PREMIUM_INCOME_YOY":null,"NET_INTEREST_INCOME":null,"NET_INTEREST_INCOME_YOY":null,"FEE_COMMISSION_INCOME":null,"FEE_COMMISSION_INCOME_YOY":null,"ACCOUNTS_RECE_TDAYS":17.251283162245,"INVENTORY_TDAYS":null,"CURRENT_ASSETS_TDAYS":1.93626587062,"TOTAL_ASSETS_TDAYS":1.782670020204,"PREMIUM_EXPENSE":null,"LOAN_DEPOSIT":null,"LOAN_EQUITY":null,"LOAN_ASSETS":null,"DEPOSIT_EQUITY":null,"DEPOSIT_ASSETS":null,"EQUITY_MULTIPLIER":-0.87193809134,"EQUITY_RATIO":-1.848609307981},{"SECUCODE":"01909.HK","SECURITY_CODE":"01909","SECURITY_NAME_ABBR":"火岩控股","ORG_CODE":"10472695","STD_REPORT_DATE":"2021-06-30 00:00:00","REPORT_DATE":"2021-06-30 00:00:00","DATE_TYPE_CODE":"002","REPORT_TYPE":"2021年中报","PER_NETCASH_OPERATE":0.0496041025,"PER_OI":0.107709505688,"BPS":0.226136375125,"BASIC_EPS":0.058911264,"DILUTED_EPS":0.058911264,"OPERATE_INCOME":413604501.84,"OPERATE_INCOME_YOY":58.1096426356,"GROSS_PROFIT":331875940.08,"GROSS_PROFIT_YOY":23.263519005288,"HOLDER_PROFIT":226068647.28,"HOLDER_PROFIT_YOY":28.3444109047,"GROSS_PROFIT_RATIO":80.239924518129,"EPS_TTM":0.097895247688,"OPERATE_INCOME_QOQ":24.272414392892,"NET_PROFIT_RATIO":54.8824820499,"ROE_AVG":29.218405947116,"GROSS_PROFIT_QOQ":13.049058447705,"ROA":20.033817666157,"HOLDER_PROFIT_QOQ":9.528579298373,"ROE_YEARLY":58.436811894232,"ROIC_YEARLY":75.113670020621,"TOTAL_ASSETS":1621051599.36,"TOTAL_LIABILITIES":750836540.88,"TAX_EBT":16.694353173973,"OCF_SALES":46.053597761295,"TOTAL_PARENT_EQUITY":868363680.48,"DEBT_ASSET_RATIO":46.3178680541,"OPERATE_PROFIT":280215421.2,"PRETAX_PROFIT":272486230.08,"NETCASH_OPERATE":190479753.6,"NETCASH_INVEST":-197529967.44,"NETCASH_FINANCE":-45241021.68,"END_CASH":537275720.16,"DIVI_RATIO":null,"DIVIDEND_RATE":null,"CURRENT_RATIO":2.744468848966,"COMMON_ACS":24000000000,"CURRENTDEBT_DEBT":30.374096398226,"ISSUED_COMMON_SHARES":3840000000,"HK_COMMON_SHARES":3840000000,"PER_SHARES":2000,"TOTAL_MARKET_CAP":464640000,"HKSK_MARKET_CAP":464640000,"PE_TTM":-30.871038469205,"PB_TTM":3.471685707241,"REPORT_DATE_SQ":"2020-06-30 00:00:00","REPORT_TYPE_SQ":"2020年中报","OPERATE_INCOME_SQ":287171834.4,"DPS_HKD":null,"OPERATE_INCOME_QOQ_SQ":59.982340894137,"NET_PROFIT_RATIO_SQ":67.5700916826,"HOLDER_PROFIT_SQ":193365200.16,"HOLDER_PROFIT_QOQ_SQ":62.583579137021,"ROE_AVG_SQ":38.924843711825,"PE_TTM_SQ":0.998361224938,"PB_TTM_SQ":3.70186088168,"ROA_SQ":37.241246708623,"START_DATE":"2021-01-01 00:00:00","FISCAL_YEAR":"12-31","CURRENCY":"HKD","IS_CNY_CODE":0,"DPS_HKD_LY":0.01302,"ORG_TYPE":"一般企业","PREMIUM_INCOME":null,"PREMIUM_INCOME_YOY":null,"NET_INTEREST_INCOME":null,"NET_INTEREST_INCOME_YOY":null,"FEE_COMMISSION_INCOME":null,"FEE_COMMISSION_INCOME_YOY":null,"ACCOUNTS_RECE_TDAYS":6.33763004896,"INVENTORY_TDAYS":null,"CURRENT_ASSETS_TDAYS":0.679567373399,"TOTAL_ASSETS_TDAYS":0.366529250095,"PREMIUM_EXPENSE":null,"LOAN_DEPOSIT":null,"LOAN_EQUITY":null,"LOAN_ASSETS":null,"DEPOSIT_EQUITY":null,"DEPOSIT_ASSETS":null,"EQUITY_MULTIPLIER":1.862817223816,"EQUITY_RATIO":0.8646567766},{"SECUCODE":"01909.HK","SECURITY_CODE":"01909","SECURITY_NAME_ABBR":"火岩控股","ORG_CODE":"10472695","STD_REPORT_DATE":"2020-12-31 00:00:00","REPORT_DATE":"2020-12-31 00:00:00","DATE_TYPE_CODE":"001","REPORT_TYPE":"2020年年报","PER_NETCASH_OPERATE":0.453945154167,"PER_OI":0.513838754167,"BPS":0.1788754,"BASIC_EPS":0.084668984,"DILUTED_EPS":0.084668984,"OPERATE_INCOME":493285204,"OPERATE_INCOME_YOY":71.3579048996,"GROSS_PROFIT":454557981.04,"GROSS_PROFIT_YOY":59.94280099695,"HOLDER_PROFIT":325024535.2,"HOLDER_PROFIT_YOY":64.3831330278,"GROSS_PROFIT_RATIO":92.149104129231,"EPS_TTM":0.3575149,"OPERATE_INCOME_QOQ":7.110512286446,"NET_PROFIT_RATIO":66.2159173024,"ROE_AVG":61.509949550896,"GROSS_PROFIT_QOQ":5.431889664615,"ROA":57.522669408361,"HOLDER_PROFIT_QOQ":1.106848490093,"ROE_YEARLY":61.509949550896,"ROIC_YEARLY":209.5844686599,"TOTAL_ASSETS":764130847.48,"TOTAL_LIABILITIES":75828397.44,"TAX_EBT":17.687693802149,"OCF_SALES":83.662010080229,"TOTAL_PARENT_EQUITY":686878395.16,"DEBT_ASSET_RATIO":9.9233263532,"OPERATE_PROFIT":397196848.48,"PRETAX_PROFIT":396821477.04,"NETCASH_OPERATE":412708273.68,"NETCASH_INVEST":51936762.76,"NETCASH_FINANCE":-27275027.48,"END_CASH":596147919.88,"DIVI_RATIO":null,"DIVIDEND_RATE":null,"CURRENT_RATIO":17.957711334549,"COMMON_ACS":24000000000,"CURRENTDEBT_DEBT":52.192106197833,"ISSUED_COMMON_SHARES":3840000000,"HK_COMMON_SHARES":3840000000,"PER_SHARES":2000,"TOTAL_MARKET_CAP":464640000,"HKSK_MARKET_CAP":464640000,"PE_TTM":-30.871038469205,"PB_TTM":3.471685707241,"REPORT_DATE_SQ":"2019-12-31 00:00:00","REPORT_TYPE_SQ":"2019年年报","OPERATE_INCOME_SQ":303978018,"DPS_HKD":null,"OPERATE_INCOME_QOQ_SQ":52.596836534204,"NET_PROFIT_RATIO_SQ":68.6890270467,"HOLDER_PROFIT_SQ":208789246,"HOLDER_PROFIT_QOQ_SQ":82.745168465151,"ROE_AVG_SQ":72.42639009757,"PE_TTM_SQ":0.998361224938,"PB_TTM_SQ":3.70186088168,"ROA_SQ":64.997037548291,"START_DATE":"2020-01-01 00:00:00","FISCAL_YEAR":"12-31","CURRENCY":"HKD","IS_CNY_CODE":0,"DPS_HKD_LY":0.09375,"ORG_TYPE":"一般企业","PREMIUM_INCOME":null,"PREMIUM_INCOME_YOY":null,"NET_INTEREST_INCOME":null,"NET_INTEREST_INCOME_YOY":null,"FEE_COMMISSION_INCOME":null,"FEE_COMMISSION_INCOME_YOY":null,"ACCOUNTS_RECE_TDAYS":4.386040403058,"INVENTORY_TDAYS":null,"CURRENT_ASSETS_TDAYS":0.942470253741,"TOTAL_ASSETS_TDAYS":0.87301152078,"PREMIUM_EXPENSE":null,"LOAN_DEPOSIT":null,"LOAN_EQUITY":null,"LOAN_ASSETS":null,"DEPOSIT_EQUITY":null,"DEPOSIT_ASSETS":null,"EQUITY_MULTIPLIER":1.110165328619,"EQUITY_RATIO":0.110395665338},{"SECUCODE":"01909.HK","SECURITY_CODE":"01909","SECURITY_NAME_ABBR":"火岩控股","ORG_CODE":"10472695","STD_REPORT_DATE":"2020-06-30 00:00:00","REPORT_DATE":"2020-06-30 00:00:00","DATE_TYPE_CODE":"002","REPORT_TYPE":"2020年中报","PER_NETCASH_OPERATE":0.73923795,"PER_OI":0.8974119825,"BPS":0.145176875521,"BASIC_EPS":0.050330544,"DILUTED_EPS":0.050330544,"OPERATE_INCOME":287171834.4,"OPERATE_INCOME_YOY":177.3267051455,"GROSS_PROFIT":269241007.2,"GROSS_PROFIT_YOY":179.628492649264,"HOLDER_PROFIT":193365200.16,"HOLDER_PROFIT_YOY":213.0189488518,"GROSS_PROFIT_RATIO":93.755970955575,"EPS_TTM":1.060803215625,"OPERATE_INCOME_QOQ":59.982340894137,"NET_PROFIT_RATIO":67.5700916826,"ROE_AVG":38.924843711825,"GROSS_PROFIT_QOQ":60.192013212877,"ROA":37.241246708623,"HOLDER_PROFIT_QOQ":62.583579137021,"ROE_YEARLY":77.84968742365,"ROIC_YEARLY":238.122346788531,"TOTAL_ASSETS":601974881,"TOTAL_LIABILITIES":44000673,"TAX_EBT":17.673958959056,"OCF_SALES":82.956628900457,"TOTAL_PARENT_EQUITY":557479202,"DEBT_ASSET_RATIO":7.3093868845,"OPERATE_PROFIT":235914148.8,"PRETAX_PROFIT":235699490.4,"NETCASH_OPERATE":245684303.04,"NETCASH_INVEST":93838604.64,"NETCASH_FINANCE":-26526297.6,"END_CASH":459899684.64,"DIVI_RATIO":null,"DIVIDEND_RATE":null,"CURRENT_RATIO":26.874101230205,"COMMON_ACS":24000000000,"CURRENTDEBT_DEBT":47.839597817061,"ISSUED_COMMON_SHARES":3840000000,"HK_COMMON_SHARES":3840000000,"PER_SHARES":2000,"TOTAL_MARKET_CAP":464640000,"HKSK_MARKET_CAP":464640000,"PE_TTM":-30.871038469205,"PB_TTM":3.471685707241,"REPORT_DATE_SQ":"2019-06-30 00:00:00","REPORT_TYPE_SQ":"2019年中报","OPERATE_INCOME_SQ":102823278,"DPS_HKD":null,"OPERATE_INCOME_QOQ_SQ":10.186939559571,"NET_PROFIT_RATIO_SQ":59.6098900873,"HOLDER_PROFIT_SQ":61340920,"HOLDER_PROFIT_QOQ_SQ":11.010088525166,"ROE_AVG_SQ":28.805131365125,"PE_TTM_SQ":0.998361224938,"PB_TTM_SQ":3.70186088168,"ROA_SQ":24.839819733078,"START_DATE":"2020-01-01 00:00:00","FISCAL_YEAR":"12-31","CURRENCY":"HKD","IS_CNY_CODE":0,"DPS_HKD_LY":0.09375,"ORG_TYPE":"一般企业","PREMIUM_INCOME":null,"PREMIUM_INCOME_YOY":null,"NET_INTEREST_INCOME":null,"NET_INTEREST_INCOME_YOY":null,"FEE_COMMISSION_INCOME":null,"FEE_COMMISSION_INCOME_YOY":null,"ACCOUNTS_RECE_TDAYS":2.424349654816,"INVENTORY_TDAYS":null,"CURRENT_ASSETS_TDAYS":0.593846746627,"TOTAL_ASSETS_TDAYS":0.553078064285,"PREMIUM_EXPENSE":null,"LOAN_DEPOSIT":null,"LOAN_EQUITY":null,"LOAN_ASSETS":null,"DEPOSIT_EQUITY":null,"DEPOSIT_ASSETS":null,"EQUITY_MULTIPLIER":1.078857897675,"EQUITY_RATIO":0.078927918463}],"count":30},"success":true,"message":"ok","code":0}