{"version":"5cc38341596beff081d65d7b31c1397f","result":{"pages":2,"data":[{"SECUCODE":"01906.HK","SECURITY_CODE":"01906","SECURITY_NAME_ABBR":"博尼控股","ORG_CODE":"10982029","STD_REPORT_DATE":"2024-06-30 00:00:00","REPORT_DATE":"2024-06-30 00:00:00","DATE_TYPE_CODE":"002","REPORT_TYPE":"2024年中报","PER_NETCASH_OPERATE":-0.011188333333,"PER_OI":0.1199525,"BPS":0.215456387417,"BASIC_EPS":0.004,"DILUTED_EPS":0.004,"OPERATE_INCOME":143943000,"OPERATE_INCOME_YOY":49.2224917584,"GROSS_PROFIT":42017000,"GROSS_PROFIT_YOY":67.612095101324,"HOLDER_PROFIT":5341000,"HOLDER_PROFIT_YOY":136.5271508686,"GROSS_PROFIT_RATIO":29.190026607755,"EPS_TTM":-0.02109,"OPERATE_INCOME_QOQ":26.724113670774,"NET_PROFIT_RATIO":3.7091070771,"ROE_AVG":1.699561665195,"GROSS_PROFIT_QOQ":40.676298358453,"ROA":0.873213231772,"HOLDER_PROFIT_QOQ":44.096662322458,"ROE_YEARLY":3.39912333039,"ROIC_YEARLY":1.762978281302,"TOTAL_ASSETS":635216000,"TOTAL_LIABILITIES":317130000,"TAX_EBT":3.349022447502,"OCF_SALES":-9.327303168615,"TOTAL_PARENT_EQUITY":316963000,"DEBT_ASSET_RATIO":49.9247500063,"OPERATE_PROFIT":9071000,"PRETAX_PROFIT":5524000,"NETCASH_OPERATE":-13426000,"NETCASH_INVEST":3706000,"NETCASH_FINANCE":11646000,"END_CASH":5588000,"DIVI_RATIO":null,"DIVIDEND_RATE":null,"CURRENT_RATIO":0.716772872098,"COMMON_ACS":3000000000,"CURRENTDEBT_DEBT":80.361996657522,"ISSUED_COMMON_SHARES":1471123710,"HK_COMMON_SHARES":1471123710,"PER_SHARES":10000,"TOTAL_MARKET_CAP":485470824.3,"HKSK_MARKET_CAP":485470824.3,"PE_TTM":-17.188143291702,"PB_TTM":1.397890327647,"REPORT_DATE_SQ":"2023-06-30 00:00:00","REPORT_TYPE_SQ":"2023年中报","OPERATE_INCOME_SQ":96462000,"DPS_HKD":null,"OPERATE_INCOME_QOQ_SQ":6.484991610217,"NET_PROFIT_RATIO_SQ":-15.0898799527,"HOLDER_PROFIT_SQ":-14622000,"HOLDER_PROFIT_QOQ_SQ":12.45224501304,"ROE_AVG_SQ":-4.47160749427,"PE_TTM_SQ":-6.544505216821,"PB_TTM_SQ":1.121175516822,"ROA_SQ":-2.328698074309,"START_DATE":"2024-01-01 00:00:00","FISCAL_YEAR":"12-31","CURRENCY":"HKD","IS_CNY_CODE":0,"DPS_HKD_LY":null,"ORG_TYPE":"一般企业","PREMIUM_INCOME":null,"PREMIUM_INCOME_YOY":null,"NET_INTEREST_INCOME":null,"NET_INTEREST_INCOME_YOY":null,"FEE_COMMISSION_INCOME":null,"FEE_COMMISSION_INCOME_YOY":null,"ACCOUNTS_RECE_TDAYS":2.779734661955,"INVENTORY_TDAYS":1.222354140433,"CURRENT_ASSETS_TDAYS":0.924679446,"TOTAL_ASSETS_TDAYS":0.235335952483,"PREMIUM_EXPENSE":null,"LOAN_DEPOSIT":null,"LOAN_EQUITY":null,"LOAN_ASSETS":null,"DEPOSIT_EQUITY":null,"DEPOSIT_ASSETS":null,"EQUITY_MULTIPLIER":1.996994523494,"EQUITY_RATIO":1.000526875377},{"SECUCODE":"01906.HK","SECURITY_CODE":"01906","SECURITY_NAME_ABBR":"博尼控股","ORG_CODE":"10982029","STD_REPORT_DATE":"2023-12-31 00:00:00","REPORT_DATE":"2023-12-31 00:00:00","DATE_TYPE_CODE":"001","REPORT_TYPE":"2023年年报","PER_NETCASH_OPERATE":0.007965,"PER_OI":0.148059166667,"BPS":0.211778246712,"BASIC_EPS":-0.038,"DILUTED_EPS":-0.038,"OPERATE_INCOME":177671000,"OPERATE_INCOME_YOY":10.4163818284,"GROSS_PROFIT":41668000,"GROSS_PROFIT_YOY":31.677411199596,"HOLDER_PROFIT":-45271000,"HOLDER_PROFIT_YOY":36.1796010432,"GROSS_PROFIT_RATIO":23.452336059346,"EPS_TTM":-0.037725833333,"OPERATE_INCOME_QOQ":3.691966500336,"NET_PROFIT_RATIO":-25.4459084488,"ROE_AVG":-15.079551454044,"GROSS_PROFIT_QOQ":14.037056296012,"ROA":-7.808171924317,"HOLDER_PROFIT_QOQ":27.102186725065,"ROE_YEARLY":-15.079551454044,"ROIC_YEARLY":-7.891828381365,"TOTAL_ASSETS":588082000,"TOTAL_LIABILITIES":275405000,"TAX_EBT":-12.395584725537,"OCF_SALES":5.379606125929,"TOTAL_PARENT_EQUITY":311552000,"DEBT_ASSET_RATIO":46.8310541727,"OPERATE_PROFIT":-34237000,"PRETAX_PROFIT":-40224000,"NETCASH_OPERATE":9558000,"NETCASH_INVEST":-10104000,"NETCASH_FINANCE":-2288000,"END_CASH":3649000,"DIVI_RATIO":null,"DIVIDEND_RATE":null,"CURRENT_RATIO":0.686612484057,"COMMON_ACS":3000000000,"CURRENTDEBT_DEBT":68.041974546577,"ISSUED_COMMON_SHARES":1471123710,"HK_COMMON_SHARES":1471123710,"PER_SHARES":10000,"TOTAL_MARKET_CAP":448692731.55,"HKSK_MARKET_CAP":448692731.55,"PE_TTM":-15.886011224148,"PB_TTM":1.29198954525,"REPORT_DATE_SQ":"2022-12-31 00:00:00","REPORT_TYPE_SQ":"2022年年报","OPERATE_INCOME_SQ":160910000,"DPS_HKD":null,"OPERATE_INCOME_QOQ_SQ":-23.205047439055,"NET_PROFIT_RATIO_SQ":-44.0879995028,"HOLDER_PROFIT_SQ":-70935000,"HOLDER_PROFIT_QOQ_SQ":-79.714220566999,"ROE_AVG_SQ":-22.393254401071,"PE_TTM_SQ":-8.047972631496,"PB_TTM_SQ":1.378742865281,"ROA_SQ":-12.175289149172,"START_DATE":"2023-01-01 00:00:00","FISCAL_YEAR":"12-31","CURRENCY":"HKD","IS_CNY_CODE":0,"DPS_HKD_LY":null,"ORG_TYPE":"一般企业","PREMIUM_INCOME":null,"PREMIUM_INCOME_YOY":null,"NET_INTEREST_INCOME":null,"NET_INTEREST_INCOME_YOY":null,"FEE_COMMISSION_INCOME":null,"FEE_COMMISSION_INCOME_YOY":null,"ACCOUNTS_RECE_TDAYS":5.354842598593,"INVENTORY_TDAYS":1.407526998567,"CURRENT_ASSETS_TDAYS":1.208979344649,"TOTAL_ASSETS_TDAYS":0.306440262854,"PREMIUM_EXPENSE":null,"LOAN_DEPOSIT":null,"LOAN_EQUITY":null,"LOAN_ASSETS":null,"DEPOSIT_EQUITY":null,"DEPOSIT_ASSETS":null,"EQUITY_MULTIPLIER":1.880797116513,"EQUITY_RATIO":0.883977634552},{"SECUCODE":"01906.HK","SECURITY_CODE":"01906","SECURITY_NAME_ABBR":"博尼控股","ORG_CODE":"10982029","STD_REPORT_DATE":"2023-06-30 00:00:00","REPORT_DATE":"2023-06-30 00:00:00","DATE_TYPE_CODE":"002","REPORT_TYPE":"2023年中报","PER_NETCASH_OPERATE":0.007494166667,"PER_OI":0.080385,"BPS":0.248188508905,"BASIC_EPS":-0.012,"DILUTED_EPS":-0.012,"OPERATE_INCOME":96462000,"OPERATE_INCOME_YOY":12.1299127018,"GROSS_PROFIT":25068000,"GROSS_PROFIT_YOY":24.265106825956,"HOLDER_PROFIT":-14622000,"HOLDER_PROFIT_YOY":37.6593476871,"GROSS_PROFIT_RATIO":25.987435466816,"EPS_TTM":-0.051751666667,"OPERATE_INCOME_QOQ":6.484991610217,"NET_PROFIT_RATIO":-15.0898799527,"ROE_AVG":-4.47160749427,"GROSS_PROFIT_QOQ":15.468967260776,"ROA":-2.328698074309,"HOLDER_PROFIT_QOQ":12.45224501304,"ROE_YEARLY":-8.94321498854,"ROIC_YEARLY":-4.693379212169,"TOTAL_ASSETS":684311000,"TOTAL_LIABILITIES":318065000,"TAX_EBT":6.404320987654,"OCF_SALES":9.32284215546,"TOTAL_PARENT_EQUITY":365116000,"DEBT_ASSET_RATIO":46.4795977268,"OPERATE_PROFIT":-13397000,"PRETAX_PROFIT":-15552000,"NETCASH_OPERATE":8993000,"NETCASH_INVEST":-11246000,"NETCASH_FINANCE":-3272000,"END_CASH":980000,"DIVI_RATIO":null,"DIVIDEND_RATE":null,"CURRENT_RATIO":0.827528404723,"COMMON_ACS":3000000000,"CURRENTDEBT_DEBT":63.395532359738,"ISSUED_COMMON_SHARES":1471123710,"HK_COMMON_SHARES":1471123710,"PER_SHARES":10000,"TOTAL_MARKET_CAP":448692731.55,"HKSK_MARKET_CAP":448692731.55,"PE_TTM":-15.886011224148,"PB_TTM":1.29198954525,"REPORT_DATE_SQ":"2022-06-30 00:00:00","REPORT_TYPE_SQ":"2022年中报","OPERATE_INCOME_SQ":86027000,"DPS_HKD":null,"OPERATE_INCOME_QOQ_SQ":-15.777541964113,"NET_PROFIT_RATIO_SQ":-27.2693456705,"HOLDER_PROFIT_SQ":-23455000,"HOLDER_PROFIT_QOQ_SQ":-502.794746487477,"ROE_AVG_SQ":-7.04164039749,"PE_TTM_SQ":-8.047972631496,"PB_TTM_SQ":1.378742865281,"ROA_SQ":-3.995557274197,"START_DATE":"2023-01-01 00:00:00","FISCAL_YEAR":"12-31","CURRENCY":"HKD","IS_CNY_CODE":0,"DPS_HKD_LY":null,"ORG_TYPE":"一般企业","PREMIUM_INCOME":null,"PREMIUM_INCOME_YOY":null,"NET_INTEREST_INCOME":null,"NET_INTEREST_INCOME_YOY":null,"FEE_COMMISSION_INCOME":null,"FEE_COMMISSION_INCOME_YOY":null,"ACCOUNTS_RECE_TDAYS":2.336603444517,"INVENTORY_TDAYS":0.723262858243,"CURRENT_ASSETS_TDAYS":0.58089342278,"TOTAL_ASSETS_TDAYS":0.153625272633,"PREMIUM_EXPENSE":null,"LOAN_DEPOSIT":null,"LOAN_EQUITY":null,"LOAN_ASSETS":null,"DEPOSIT_EQUITY":null,"DEPOSIT_ASSETS":null,"EQUITY_MULTIPLIER":1.868446344808,"EQUITY_RATIO":0.871134105325},{"SECUCODE":"01906.HK","SECURITY_CODE":"01906","SECURITY_NAME_ABBR":"博尼控股","ORG_CODE":"10982029","STD_REPORT_DATE":"2022-12-31 00:00:00","REPORT_DATE":"2022-12-31 00:00:00","DATE_TYPE_CODE":"001","REPORT_TYPE":"2022年年报","PER_NETCASH_OPERATE":0.0240725,"PER_OI":0.134091666667,"BPS":0.196364859078,"BASIC_EPS":-0.059,"DILUTED_EPS":-0.059,"OPERATE_INCOME":160910000,"OPERATE_INCOME_YOY":-35.3214033057,"GROSS_PROFIT":31644000,"GROSS_PROFIT_YOY":-51.805540748412,"HOLDER_PROFIT":-70935000,"HOLDER_PROFIT_YOY":-983.3078802688,"GROSS_PROFIT_RATIO":19.665651606488,"EPS_TTM":-0.0591125,"OPERATE_INCOME_QOQ":-23.205047439055,"NET_PROFIT_RATIO":-44.0879995028,"ROE_AVG":-22.393254401071,"GROSS_PROFIT_QOQ":-39.616448812136,"ROA":-12.175289149172,"HOLDER_PROFIT_QOQ":-79.714220566999,"ROE_YEARLY":-22.393254401071,"ROIC_YEARLY":-12.358670626227,"TOTAL_ASSETS":571498000,"TOTAL_LIABILITIES":281557000,"TAX_EBT":0.546739191387,"OCF_SALES":17.952271456094,"TOTAL_PARENT_EQUITY":288877000,"DEBT_ASSET_RATIO":49.2664891216,"OPERATE_PROFIT":-66736000,"PRETAX_PROFIT":-71332000,"NETCASH_OPERATE":28887000,"NETCASH_INVEST":-36366000,"NETCASH_FINANCE":5111000,"END_CASH":6454000,"DIVI_RATIO":null,"DIVIDEND_RATE":null,"CURRENT_RATIO":0.864290122488,"COMMON_ACS":3000000000,"CURRENTDEBT_DEBT":67.908807097675,"ISSUED_COMMON_SHARES":1471123710,"HK_COMMON_SHARES":1471123710,"PER_SHARES":10000,"TOTAL_MARKET_CAP":448692731.55,"HKSK_MARKET_CAP":448692731.55,"PE_TTM":-15.886011224148,"PB_TTM":1.29198954525,"REPORT_DATE_SQ":"2021-12-31 00:00:00","REPORT_TYPE_SQ":"2021年年报","OPERATE_INCOME_SQ":248784000,"DPS_HKD":null,"OPERATE_INCOME_QOQ_SQ":-4.746881484942,"NET_PROFIT_RATIO_SQ":-2.635619654,"HOLDER_PROFIT_SQ":-6548000,"HOLDER_PROFIT_QOQ_SQ":-114.462408339959,"ROE_AVG_SQ":-1.899873641574,"PE_TTM_SQ":-8.047972631496,"PB_TTM_SQ":1.378742865281,"ROA_SQ":-1.045777521533,"START_DATE":"2022-01-01 00:00:00","FISCAL_YEAR":"12-31","CURRENCY":"HKD","IS_CNY_CODE":0,"DPS_HKD_LY":null,"ORG_TYPE":"一般企业","PREMIUM_INCOME":null,"PREMIUM_INCOME_YOY":null,"NET_INTEREST_INCOME":null,"NET_INTEREST_INCOME_YOY":null,"FEE_COMMISSION_INCOME":null,"FEE_COMMISSION_INCOME_YOY":null,"ACCOUNTS_RECE_TDAYS":3.296187803429,"INVENTORY_TDAYS":0.99339483806,"CURRENT_ASSETS_TDAYS":0.798224074212,"TOTAL_ASSETS_TDAYS":0.276186054415,"PREMIUM_EXPENSE":null,"LOAN_DEPOSIT":null,"LOAN_EQUITY":null,"LOAN_ASSETS":null,"DEPOSIT_EQUITY":null,"DEPOSIT_ASSETS":null,"EQUITY_MULTIPLIER":1.971083772217,"EQUITY_RATIO":0.974660495643},{"SECUCODE":"01906.HK","SECURITY_CODE":"01906","SECURITY_NAME_ABBR":"博尼控股","ORG_CODE":"10982029","STD_REPORT_DATE":"2022-06-30 00:00:00","REPORT_DATE":"2022-06-30 00:00:00","DATE_TYPE_CODE":"002","REPORT_TYPE":"2022年中报","PER_NETCASH_OPERATE":0.019861666667,"PER_OI":0.071689166667,"BPS":0.218552659993,"BASIC_EPS":-0.02,"DILUTED_EPS":-0.02,"OPERATE_INCOME":86027000,"OPERATE_INCOME_YOY":-31.3316677177,"GROSS_PROFIT":20173000,"GROSS_PROFIT_YOY":-39.65058186496,"HOLDER_PROFIT":-23455000,"HOLDER_PROFIT_YOY":-347.7291930714,"GROSS_PROFIT_RATIO":23.449614655864,"EPS_TTM":-0.0328925,"OPERATE_INCOME_QOQ":-15.777541964113,"NET_PROFIT_RATIO":-27.2693456705,"ROE_AVG":-7.04164039749,"GROSS_PROFIT_QOQ":-20.186113099499,"ROA":-3.995557274197,"HOLDER_PROFIT_QOQ":-502.794746487477,"ROE_YEARLY":-14.08328079498,"ROIC_YEARLY":-8.116036308492,"TOTAL_ASSETS":580323000,"TOTAL_LIABILITIES":257738000,"TAX_EBT":19.869517693674,"OCF_SALES":27.705255326816,"TOTAL_PARENT_EQUITY":321518000,"DEBT_ASSET_RATIO":44.4128528423,"OPERATE_PROFIT":-27707000,"PRETAX_PROFIT":-29276000,"NETCASH_OPERATE":23834000,"NETCASH_INVEST":-33005000,"NETCASH_FINANCE":7666000,"END_CASH":7232000,"DIVI_RATIO":null,"DIVIDEND_RATE":null,"CURRENT_RATIO":1.119398376051,"COMMON_ACS":3000000000,"CURRENTDEBT_DEBT":64.077862014914,"ISSUED_COMMON_SHARES":1471123710,"HK_COMMON_SHARES":1471123710,"PER_SHARES":10000,"TOTAL_MARKET_CAP":448692731.55,"HKSK_MARKET_CAP":448692731.55,"PE_TTM":-15.886011224148,"PB_TTM":1.29198954525,"REPORT_DATE_SQ":"2021-06-30 00:00:00","REPORT_TYPE_SQ":"2021年中报","OPERATE_INCOME_SQ":125279000,"DPS_HKD":null,"OPERATE_INCOME_QOQ_SQ":-9.251621735248,"NET_PROFIT_RATIO_SQ":7.554338716,"HOLDER_PROFIT_SQ":9468000,"HOLDER_PROFIT_QOQ_SQ":-6.223980447795,"ROE_AVG_SQ":2.679181587559,"PE_TTM_SQ":-8.047972631496,"PB_TTM_SQ":1.378742865281,"ROA_SQ":1.535194927436,"START_DATE":"2022-01-01 00:00:00","FISCAL_YEAR":"12-31","CURRENCY":"HKD","IS_CNY_CODE":0,"DPS_HKD_LY":null,"ORG_TYPE":"一般企业","PREMIUM_INCOME":null,"PREMIUM_INCOME_YOY":null,"NET_INTEREST_INCOME":null,"NET_INTEREST_INCOME_YOY":null,"FEE_COMMISSION_INCOME":null,"FEE_COMMISSION_INCOME_YOY":null,"ACCOUNTS_RECE_TDAYS":1.790438727939,"INVENTORY_TDAYS":0.479180385722,"CURRENT_ASSETS_TDAYS":0.406951001448,"TOTAL_ASSETS_TDAYS":0.146546922033,"PREMIUM_EXPENSE":null,"LOAN_DEPOSIT":null,"LOAN_EQUITY":null,"LOAN_ASSETS":null,"DEPOSIT_EQUITY":null,"DEPOSIT_ASSETS":null,"EQUITY_MULTIPLIER":1.79897701381,"EQUITY_RATIO":0.801628524686},{"SECUCODE":"01906.HK","SECURITY_CODE":"01906","SECURITY_NAME_ABBR":"博尼控股","ORG_CODE":"10982029","STD_REPORT_DATE":"2021-12-31 00:00:00","REPORT_DATE":"2021-12-31 00:00:00","DATE_TYPE_CODE":"001","REPORT_TYPE":"2021年年报","PER_NETCASH_OPERATE":0.022725833333,"PER_OI":0.20732,"BPS":0.234284851544,"BASIC_EPS":-0.005,"DILUTED_EPS":-0.005,"OPERATE_INCOME":248784000,"OPERATE_INCOME_YOY":-13.559339701,"GROSS_PROFIT":65659000,"GROSS_PROFIT_YOY":-44.222535594142,"HOLDER_PROFIT":-6548000,"HOLDER_PROFIT_YOY":-113.5622708726,"GROSS_PROFIT_RATIO":26.39197054473,"EPS_TTM":-0.005456666667,"OPERATE_INCOME_QOQ":-4.746881484942,"NET_PROFIT_RATIO":-2.635619654,"ROE_AVG":-1.899873641574,"GROSS_PROFIT_QOQ":-27.972311810264,"ROA":-1.045777521533,"HOLDER_PROFIT_QOQ":-114.462408339959,"ROE_YEARLY":-1.899873641574,"ROIC_YEARLY":-1.097586834322,"TOTAL_ASSETS":593731000,"TOTAL_LIABILITIES":247998000,"TAX_EBT":45.630182421227,"OCF_SALES":10.961717795357,"TOTAL_PARENT_EQUITY":344662000,"DEBT_ASSET_RATIO":41.769420832,"OPERATE_PROFIT":-6959000,"PRETAX_PROFIT":-12060000,"NETCASH_OPERATE":27271000,"NETCASH_INVEST":-71880000,"NETCASH_FINANCE":5064000,"END_CASH":8701000,"DIVI_RATIO":null,"DIVIDEND_RATE":null,"CURRENT_RATIO":1.46166984088,"COMMON_ACS":3000000000,"CURRENTDEBT_DEBT":65.633593819305,"ISSUED_COMMON_SHARES":1471123710,"HK_COMMON_SHARES":1471123710,"PER_SHARES":10000,"TOTAL_MARKET_CAP":448692731.55,"HKSK_MARKET_CAP":448692731.55,"PE_TTM":-15.886011224148,"PB_TTM":1.29198954525,"REPORT_DATE_SQ":"2020-12-31 00:00:00","REPORT_TYPE_SQ":"2020年年报","OPERATE_INCOME_SQ":287809000,"DPS_HKD":null,"OPERATE_INCOME_QOQ_SQ":-6.782812039475,"NET_PROFIT_RATIO_SQ":16.7729292691,"HOLDER_PROFIT_SQ":48281000,"HOLDER_PROFIT_QOQ_SQ":294.678329109785,"ROE_AVG_SQ":15.047536827211,"PE_TTM_SQ":-8.047972631496,"PB_TTM_SQ":1.378742865281,"ROA_SQ":7.551357315852,"START_DATE":"2021-01-01 00:00:00","FISCAL_YEAR":"12-31","CURRENCY":"HKD","IS_CNY_CODE":0,"DPS_HKD_LY":null,"ORG_TYPE":"一般企业","PREMIUM_INCOME":null,"PREMIUM_INCOME_YOY":null,"NET_INTEREST_INCOME":null,"NET_INTEREST_INCOME_YOY":null,"FEE_COMMISSION_INCOME":null,"FEE_COMMISSION_INCOME_YOY":null,"ACCOUNTS_RECE_TDAYS":3.662924491494,"INVENTORY_TDAYS":1.14761906254,"CURRENT_ASSETS_TDAYS":0.797475353766,"TOTAL_ASSETS_TDAYS":0.3973315744,"PREMIUM_EXPENSE":null,"LOAN_DEPOSIT":null,"LOAN_EQUITY":null,"LOAN_ASSETS":null,"DEPOSIT_EQUITY":null,"DEPOSIT_ASSETS":null,"EQUITY_MULTIPLIER":1.717310757145,"EQUITY_RATIO":0.719539722975},{"SECUCODE":"01906.HK","SECURITY_CODE":"01906","SECURITY_NAME_ABBR":"博尼控股","ORG_CODE":"10982029","STD_REPORT_DATE":"2021-06-30 00:00:00","REPORT_DATE":"2021-06-30 00:00:00","DATE_TYPE_CODE":"002","REPORT_TYPE":"2021年中报","PER_NETCASH_OPERATE":0.011318333333,"PER_OI":0.104399166667,"BPS":0.246162846495,"BASIC_EPS":0.008,"DILUTED_EPS":0.008,"OPERATE_INCOME":125279000,"OPERATE_INCOME_YOY":-17.5286032151,"GROSS_PROFIT":33427000,"GROSS_PROFIT_YOY":-44.274401933817,"HOLDER_PROFIT":9468000,"HOLDER_PROFIT_YOY":-24.0920388038,"GROSS_PROFIT_RATIO":26.682045674056,"EPS_TTM":0.03773,"OPERATE_INCOME_QOQ":-9.251621735248,"NET_PROFIT_RATIO":7.554338716,"ROE_AVG":2.679181587559,"GROSS_PROFIT_QOQ":-22.561079207584,"ROA":1.535194927436,"HOLDER_PROFIT_QOQ":-6.223980447795,"ROE_YEARLY":5.358363175119,"ROIC_YEARLY":3.224482637074,"TOTAL_ASSETS":574916000,"TOTAL_LIABILITIES":211704000,"TAX_EBT":-3.026344437187,"OCF_SALES":10.841401990757,"TOTAL_PARENT_EQUITY":362136000,"DEBT_ASSET_RATIO":36.8234663847,"OPERATE_PROFIT":25016000,"PRETAX_PROFIT":9186000,"NETCASH_OPERATE":13582000,"NETCASH_INVEST":-20591000,"NETCASH_FINANCE":-32708000,"END_CASH":8530000,"DIVI_RATIO":null,"DIVIDEND_RATE":null,"CURRENT_RATIO":1.281250445603,"COMMON_ACS":3000000000,"CURRENTDEBT_DEBT":99.378849714696,"ISSUED_COMMON_SHARES":1471123710,"HK_COMMON_SHARES":1471123710,"PER_SHARES":10000,"TOTAL_MARKET_CAP":448692731.55,"HKSK_MARKET_CAP":448692731.55,"PE_TTM":-15.886011224148,"PB_TTM":1.29198954525,"REPORT_DATE_SQ":"2020-06-30 00:00:00","REPORT_TYPE_SQ":"2020年中报","OPERATE_INCOME_SQ":151906000,"DPS_HKD":null,"OPERATE_INCOME_QOQ_SQ":8.543535044947,"NET_PROFIT_RATIO_SQ":8.1761089095,"HOLDER_PROFIT_SQ":12473000,"HOLDER_PROFIT_QOQ_SQ":200.278711369784,"ROE_AVG_SQ":4.10712168908,"PE_TTM_SQ":-8.047972631496,"PB_TTM_SQ":1.378742865281,"ROA_SQ":1.920561463587,"START_DATE":"2021-01-01 00:00:00","FISCAL_YEAR":"12-31","CURRENCY":"HKD","IS_CNY_CODE":0,"DPS_HKD_LY":null,"ORG_TYPE":"一般企业","PREMIUM_INCOME":null,"PREMIUM_INCOME_YOY":null,"NET_INTEREST_INCOME":null,"NET_INTEREST_INCOME_YOY":null,"FEE_COMMISSION_INCOME":null,"FEE_COMMISSION_INCOME_YOY":null,"ACCOUNTS_RECE_TDAYS":1.876403232208,"INVENTORY_TDAYS":0.572516681158,"CURRENT_ASSETS_TDAYS":0.382196365323,"TOTAL_ASSETS_TDAYS":0.203134437383,"PREMIUM_EXPENSE":null,"LOAN_DEPOSIT":null,"LOAN_EQUITY":null,"LOAN_ASSETS":null,"DEPOSIT_EQUITY":null,"DEPOSIT_ASSETS":null,"EQUITY_MULTIPLIER":1.582866204862,"EQUITY_RATIO":0.584598051561},{"SECUCODE":"01906.HK","SECURITY_CODE":"01906","SECURITY_NAME_ABBR":"博尼控股","ORG_CODE":"10982029","STD_REPORT_DATE":"2020-12-31 00:00:00","REPORT_DATE":"2020-12-31 00:00:00","DATE_TYPE_CODE":"001","REPORT_TYPE":"2020年年报","PER_NETCASH_OPERATE":0.044189166667,"PER_OI":0.239840833333,"BPS":0.234274655257,"BASIC_EPS":0.04,"DILUTED_EPS":0.04,"OPERATE_INCOME":287809000,"OPERATE_INCOME_YOY":1.1812310818,"GROSS_PROFIT":117716000,"GROSS_PROFIT_YOY":15.250785694005,"HOLDER_PROFIT":48281000,"HOLDER_PROFIT_YOY":495.7783424871,"GROSS_PROFIT_RATIO":40.900736252167,"EPS_TTM":0.040234166667,"OPERATE_INCOME_QOQ":-6.782812039475,"NET_PROFIT_RATIO":16.7729292691,"ROE_AVG":15.047536827211,"GROSS_PROFIT_QOQ":5.438715918455,"ROA":7.551357315852,"HOLDER_PROFIT_QOQ":294.678329109785,"ROE_YEARLY":15.047536827211,"ROIC_YEARLY":8.2569097599,"TOTAL_ASSETS":658543000,"TOTAL_LIABILITIES":312816000,"TAX_EBT":11.329488262738,"OCF_SALES":18.424371718744,"TOTAL_PARENT_EQUITY":344647000,"DEBT_ASSET_RATIO":47.5012261918,"OPERATE_PROFIT":102826000,"PRETAX_PROFIT":54442000,"NETCASH_OPERATE":53027000,"NETCASH_INVEST":57434000,"NETCASH_FINANCE":-121242000,"END_CASH":48259000,"DIVI_RATIO":null,"DIVIDEND_RATE":null,"CURRENT_RATIO":1.255151312174,"COMMON_ACS":3000000000,"CURRENTDEBT_DEBT":98.314344534806,"ISSUED_COMMON_SHARES":1471123710,"HK_COMMON_SHARES":1471123710,"PER_SHARES":10000,"TOTAL_MARKET_CAP":448692731.55,"HKSK_MARKET_CAP":448692731.55,"PE_TTM":-15.886011224148,"PB_TTM":1.29198954525,"REPORT_DATE_SQ":"2019-12-31 00:00:00","REPORT_TYPE_SQ":"2019年年报","OPERATE_INCOME_SQ":284449000,"DPS_HKD":null,"OPERATE_INCOME_QOQ_SQ":-15.06272152598,"NET_PROFIT_RATIO_SQ":-4.345946022,"HOLDER_PROFIT_SQ":-12199000,"HOLDER_PROFIT_QOQ_SQ":-169.640920248901,"ROE_AVG_SQ":-5.220543237772,"PE_TTM_SQ":-8.047972631496,"PB_TTM_SQ":1.378742865281,"ROA_SQ":-2.108377772766,"START_DATE":"2020-01-01 00:00:00","FISCAL_YEAR":"12-31","CURRENCY":"HKD","IS_CNY_CODE":0,"DPS_HKD_LY":null,"ORG_TYPE":"一般企业","PREMIUM_INCOME":null,"PREMIUM_INCOME_YOY":null,"NET_INTEREST_INCOME":null,"NET_INTEREST_INCOME_YOY":null,"FEE_COMMISSION_INCOME":null,"FEE_COMMISSION_INCOME_YOY":null,"ACCOUNTS_RECE_TDAYS":3.607601045394,"INVENTORY_TDAYS":1.116004264742,"CURRENT_ASSETS_TDAYS":0.803807773623,"TOTAL_ASSETS_TDAYS":0.450145729732,"PREMIUM_EXPENSE":null,"LOAN_DEPOSIT":null,"LOAN_EQUITY":null,"LOAN_ASSETS":null,"DEPOSIT_EQUITY":null,"DEPOSIT_ASSETS":null,"EQUITY_MULTIPLIER":1.904806393485,"EQUITY_RATIO":0.907641731975},{"SECUCODE":"01906.HK","SECURITY_CODE":"01906","SECURITY_NAME_ABBR":"博尼控股","ORG_CODE":"10982029","STD_REPORT_DATE":"2020-06-30 00:00:00","REPORT_DATE":"2020-06-30 00:00:00","DATE_TYPE_CODE":"002","REPORT_TYPE":"2020年中报","PER_NETCASH_OPERATE":0.025906666667,"PER_OI":0.126588333333,"BPS":0.210939432143,"BASIC_EPS":0.01,"DILUTED_EPS":0.01,"OPERATE_INCOME":151906000,"OPERATE_INCOME_YOY":19.044857528,"GROSS_PROFIT":59985000,"GROSS_PROFIT_YOY":18.829239302694,"HOLDER_PROFIT":12473000,"HOLDER_PROFIT_YOY":204.2980182289,"GROSS_PROFIT_RATIO":39.488236146038,"EPS_TTM":0.010194166667,"OPERATE_INCOME_QOQ":8.543535044947,"NET_PROFIT_RATIO":8.1761089095,"ROE_AVG":4.10712168908,"GROSS_PROFIT_QOQ":9.305945818933,"ROA":1.920561463587,"HOLDER_PROFIT_QOQ":200.278711369784,"ROE_YEARLY":8.214243378159,"ROIC_YEARLY":4.13036837369,"TOTAL_ASSETS":678697000,"TOTAL_LIABILITIES":367668000,"TAX_EBT":12.535211267606,"OCF_SALES":20.465287743736,"TOTAL_PARENT_EQUITY":310318000,"DEBT_ASSET_RATIO":54.1726278442,"OPERATE_PROFIT":30054000,"PRETAX_PROFIT":14200000,"NETCASH_OPERATE":31088000,"NETCASH_INVEST":-54736000,"NETCASH_FINANCE":-5249000,"END_CASH":30320000,"DIVI_RATIO":null,"DIVIDEND_RATE":null,"CURRENT_RATIO":0.97170510933,"COMMON_ACS":3000000000,"CURRENTDEBT_DEBT":99.758477757107,"ISSUED_COMMON_SHARES":1471123710,"HK_COMMON_SHARES":1471123710,"PER_SHARES":10000,"TOTAL_MARKET_CAP":448692731.55,"HKSK_MARKET_CAP":448692731.55,"PE_TTM":-15.886011224148,"PB_TTM":1.29198954525,"REPORT_DATE_SQ":"2019-06-30 00:00:00","REPORT_TYPE_SQ":"2019年中报","OPERATE_INCOME_SQ":127604000,"DPS_HKD":null,"OPERATE_INCOME_QOQ_SQ":0.349988763203,"NET_PROFIT_RATIO_SQ":-9.4440613147,"HOLDER_PROFIT_SQ":-11959000,"HOLDER_PROFIT_QOQ_SQ":-34.398172421541,"ROE_AVG_SQ":-5.115635433443,"PE_TTM_SQ":-8.047972631496,"PB_TTM_SQ":1.378742865281,"ROA_SQ":-2.032264039683,"START_DATE":"2020-01-01 00:00:00","FISCAL_YEAR":"12-31","CURRENCY":"HKD","IS_CNY_CODE":0,"DPS_HKD_LY":null,"ORG_TYPE":"一般企业","PREMIUM_INCOME":null,"PREMIUM_INCOME_YOY":null,"NET_INTEREST_INCOME":null,"NET_INTEREST_INCOME_YOY":null,"FEE_COMMISSION_INCOME":null,"FEE_COMMISSION_INCOME_YOY":null,"ACCOUNTS_RECE_TDAYS":1.781261726079,"INVENTORY_TDAYS":0.597885439059,"CURRENT_ASSETS_TDAYS":0.442550141806,"TOTAL_ASSETS_TDAYS":0.23390107407,"PREMIUM_EXPENSE":null,"LOAN_DEPOSIT":null,"LOAN_EQUITY":null,"LOAN_ASSETS":null,"DEPOSIT_EQUITY":null,"DEPOSIT_ASSETS":null,"EQUITY_MULTIPLIER":2.182101990488,"EQUITY_RATIO":1.184810420279}],"count":17},"success":true,"message":"ok","code":0}