{"version":"a01f2ef3c9372733899506b03f255dda","result":{"pages":2,"data":[{"SECUCODE":"01903.HK","SECURITY_CODE":"01903","SECURITY_NAME_ABBR":"JBB BUILDERS","ORG_CODE":"10944454","STD_REPORT_DATE":"2023-12-31 00:00:00","REPORT_DATE":"2024-06-30 00:00:00","DATE_TYPE_CODE":"001","REPORT_TYPE":"2023年年报","PER_NETCASH_OPERATE":0.000126796281,"PER_OI":0.99423378819,"BPS":0.389895544016,"BASIC_EPS":0.009056877189,"DILUTED_EPS":0.009056877189,"OPERATE_INCOME":497116894.094916,"OPERATE_INCOME_YOY":51.2241936669,"GROSS_PROFIT":12576983.4561043,"GROSS_PROFIT_YOY":-34.000782054157,"HOLDER_PROFIT":4519381.71718391,"HOLDER_PROFIT_YOY":136.3967906637,"GROSS_PROFIT_RATIO":2.529985121307,"EPS_TTM":-0.045833463651,"OPERATE_INCOME_QOQ":2.138572181518,"NET_PROFIT_RATIO":0.7269304345,"ROE_AVG":2.351231962305,"GROSS_PROFIT_QOQ":-54.142762259202,"ROA":1.208049629293,"HOLDER_PROFIT_QOQ":-79.597976002865,"ROE_YEARLY":2.351231962305,"ROIC_YEARLY":1.972026728405,"TOTAL_ASSETS":417836010.143702,"TOTAL_LIABILITIES":212016966.549934,"TAX_EBT":25.790452572846,"OCF_SALES":0.012753165518,"TOTAL_PARENT_EQUITY":194947772.008212,"DEBT_ASSET_RATIO":50.7416693159,"OPERATE_PROFIT":6354908.8274363,"PRETAX_PROFIT":4869580.96848207,"NETCASH_OPERATE":63398.1403212172,"NETCASH_INVEST":31656804.7337278,"NETCASH_FINANCE":-7425129.8152397,"END_CASH":142034476.512498,"DIVI_RATIO":null,"DIVIDEND_RATE":null,"CURRENT_RATIO":1.715279752196,"COMMON_ACS":2000000000,"CURRENTDEBT_DEBT":95.156524772706,"ISSUED_COMMON_SHARES":500000000,"HK_COMMON_SHARES":500000000,"PER_SHARES":2000,"TOTAL_MARKET_CAP":285000000,"HKSK_MARKET_CAP":285000000,"PE_TTM":57.555173606256,"PB_TTM":1.334274286112,"REPORT_DATE_SQ":"2022-12-31 00:00:00","REPORT_TYPE_SQ":"2022年年报","OPERATE_INCOME_SQ":337810042.347247,"DPS_HKD":null,"OPERATE_INCOME_QOQ_SQ":-25.546087901427,"NET_PROFIT_RATIO_SQ":-3.7713062964,"HOLDER_PROFIT_SQ":-12760016.7527572,"HOLDER_PROFIT_QOQ_SQ":25.288151295276,"ROE_AVG_SQ":-6.439214550464,"PE_TTM_SQ":-21.676617344239,"PB_TTM_SQ":1.420517297402,"ROA_SQ":-3.202890622414,"START_DATE":"2023-07-01 00:00:00","FISCAL_YEAR":"6-30","CURRENCY":"HKD","IS_CNY_CODE":0,"DPS_HKD_LY":null,"ORG_TYPE":"一般企业","PREMIUM_INCOME":null,"PREMIUM_INCOME_YOY":null,"NET_INTEREST_INCOME":null,"NET_INTEREST_INCOME_YOY":null,"FEE_COMMISSION_INCOME":null,"FEE_COMMISSION_INCOME_YOY":null,"ACCOUNTS_RECE_TDAYS":4.600834026027,"INVENTORY_TDAYS":null,"CURRENT_ASSETS_TDAYS":1.701115464381,"TOTAL_ASSETS_TDAYS":1.328814243204,"PREMIUM_EXPENSE":null,"LOAN_DEPOSIT":null,"LOAN_EQUITY":null,"LOAN_ASSETS":null,"DEPOSIT_EQUITY":null,"DEPOSIT_ASSETS":null,"EQUITY_MULTIPLIER":2.03011345718,"EQUITY_RATIO":1.087557782097},{"SECUCODE":"01903.HK","SECURITY_CODE":"01903","SECURITY_NAME_ABBR":"JBB BUILDERS","ORG_CODE":"10944454","STD_REPORT_DATE":"2023-06-30 00:00:00","REPORT_DATE":"2023-12-31 00:00:00","DATE_TYPE_CODE":"002","REPORT_TYPE":"2023年中报","PER_NETCASH_OPERATE":-0.021122244489,"PER_OI":0.389409588408,"BPS":0.376127639895,"BASIC_EPS":-0.009249267766,"DILUTED_EPS":-0.009249267766,"OPERATE_INCOME":194704794.203792,"OPERATE_INCOME_YOY":6.2529443435,"GROSS_PROFIT":3881609.37259134,"GROSS_PROFIT_YOY":-72.663174245346,"HOLDER_PROFIT":-4650840.1418221,"HOLDER_PROFIT_YOY":-186.4222285878,"GROSS_PROFIT_RATIO":1.993586952219,"EPS_TTM":-0.025520033506,"OPERATE_INCOME_QOQ":-41.926692035347,"NET_PROFIT_RATIO":-2.5652191125,"ROE_AVG":-2.437753259293,"GROSS_PROFIT_QOQ":-55.188202508613,"ROA":-1.287041915248,"HOLDER_PROFIT_QOQ":-153.310480428687,"ROE_YEARLY":-4.875506518586,"ROIC_YEARLY":-4.083110309617,"TOTAL_ASSETS":385324495.144134,"TOTAL_LIABILITIES":185577308.46308,"TAX_EBT":-30.329847144006,"OCF_SALES":-5.424171647995,"TOTAL_PARENT_EQUITY":188063819.947587,"DEBT_ASSET_RATIO":48.1613058089,"OPERATE_PROFIT":-2984430.39926006,"PRETAX_PROFIT":-3832279.94450439,"NETCASH_OPERATE":-10561122.244489,"NETCASH_INVEST":11233235.7021736,"NETCASH_FINANCE":-3696624.0172653,"END_CASH":115551102.204409,"DIVI_RATIO":null,"DIVIDEND_RATE":null,"CURRENT_RATIO":1.80290291097,"COMMON_ACS":2000000000,"CURRENTDEBT_DEBT":92.770633971292,"ISSUED_COMMON_SHARES":500000000,"HK_COMMON_SHARES":500000000,"PER_SHARES":2000,"TOTAL_MARKET_CAP":232500000,"HKSK_MARKET_CAP":232500000,"PE_TTM":46.952904784051,"PB_TTM":1.088486917618,"REPORT_DATE_SQ":"2022-06-30 00:00:00","REPORT_TYPE_SQ":"2022年中报","OPERATE_INCOME_SQ":187480482.611781,"DPS_HKD":null,"OPERATE_INCOME_QOQ_SQ":41.885703041081,"NET_PROFIT_RATIO_SQ":3.0469748974,"HOLDER_PROFIT_SQ":5505874.93099913,"HOLDER_PROFIT_QOQ_SQ":301.340998555927,"ROE_AVG_SQ":2.639577788531,"PE_TTM_SQ":-26.373217768824,"PB_TTM_SQ":1.728296045173,"ROA_SQ":1.355462326806,"START_DATE":"2023-07-01 00:00:00","FISCAL_YEAR":"6-30","CURRENCY":"HKD","IS_CNY_CODE":0,"DPS_HKD_LY":null,"ORG_TYPE":"一般企业","PREMIUM_INCOME":null,"PREMIUM_INCOME_YOY":null,"NET_INTEREST_INCOME":null,"NET_INTEREST_INCOME_YOY":null,"FEE_COMMISSION_INCOME":null,"FEE_COMMISSION_INCOME_YOY":null,"ACCOUNTS_RECE_TDAYS":1.629741935484,"INVENTORY_TDAYS":null,"CURRENT_ASSETS_TDAYS":0.703083033435,"TOTAL_ASSETS_TDAYS":0.538812824347,"PREMIUM_EXPENSE":null,"LOAN_DEPOSIT":null,"LOAN_EQUITY":null,"LOAN_ASSETS":null,"DEPOSIT_EQUITY":null,"DEPOSIT_ASSETS":null,"EQUITY_MULTIPLIER":1.929060937209,"EQUITY_RATIO":0.986778363402},{"SECUCODE":"01903.HK","SECURITY_CODE":"01903","SECURITY_NAME_ABBR":"JBB BUILDERS","ORG_CODE":"10944454","STD_REPORT_DATE":"2022-12-31 00:00:00","REPORT_DATE":"2023-06-30 00:00:00","DATE_TYPE_CODE":"001","REPORT_TYPE":"2022年年报","PER_NETCASH_OPERATE":-0.046575767447,"PER_OI":0.675620084694,"BPS":0.389427148774,"BASIC_EPS":-0.025594490204,"DILUTED_EPS":-0.025594490204,"OPERATE_INCOME":337810042.347247,"OPERATE_INCOME_YOY":-57.4907818225,"GROSS_PROFIT":19056261.3430127,"GROSS_PROFIT_YOY":-57.14677565129,"HOLDER_PROFIT":-12760016.7527572,"HOLDER_PROFIT_YOY":-165.666161092,"GROSS_PROFIT_RATIO":5.64111747851,"EPS_TTM":0.047870574979,"OPERATE_INCOME_QOQ":-25.546087901427,"NET_PROFIT_RATIO":-3.7713062964,"ROE_AVG":-6.439214550464,"GROSS_PROFIT_QOQ":-4.370664093654,"ROA":-3.202890622414,"HOLDER_PROFIT_QOQ":25.288151295276,"ROE_YEARLY":-6.439214550464,"ROIC_YEARLY":-5.102613647289,"TOTAL_ASSETS":339502381.06318,"TOTAL_LIABILITIES":132686490.762716,"TAX_EBT":-18.65067899451,"OCF_SALES":-6.893780765557,"TOTAL_PARENT_EQUITY":194713574.386896,"DEBT_ASSET_RATIO":39.0826392284,"OPERATE_PROFIT":-8365520.34374176,"PRETAX_PROFIT":-10737276.436006,"NETCASH_OPERATE":-23287883.7234554,"NETCASH_INVEST":7059425.75271069,"NETCASH_FINANCE":-3527386.10451859,"END_CASH":120224300.805063,"DIVI_RATIO":null,"DIVIDEND_RATE":null,"CURRENT_RATIO":2.106162237128,"COMMON_ACS":2000000000,"CURRENTDEBT_DEBT":87.666444545763,"ISSUED_COMMON_SHARES":500000000,"HK_COMMON_SHARES":500000000,"PER_SHARES":2000,"TOTAL_MARKET_CAP":232500000,"HKSK_MARKET_CAP":232500000,"PE_TTM":46.952904784051,"PB_TTM":1.088486917618,"REPORT_DATE_SQ":"2021-12-31 00:00:00","REPORT_TYPE_SQ":"2021年年报","OPERATE_INCOME_SQ":781283169.64558,"DPS_HKD":null,"OPERATE_INCOME_QOQ_SQ":150.912511860846,"NET_PROFIT_RATIO_SQ":2.6341832861,"HOLDER_PROFIT_SQ":19104190.813152,"HOLDER_PROFIT_QOQ_SQ":35.237327179962,"ROE_AVG_SQ":10.267275364932,"PE_TTM_SQ":-26.373217768824,"PB_TTM_SQ":1.728296045173,"ROA_SQ":4.43699062448,"START_DATE":"2022-07-01 00:00:00","FISCAL_YEAR":"6-30","CURRENCY":"HKD","IS_CNY_CODE":0,"DPS_HKD_LY":null,"ORG_TYPE":"一般企业","PREMIUM_INCOME":null,"PREMIUM_INCOME_YOY":null,"NET_INTEREST_INCOME":null,"NET_INTEREST_INCOME_YOY":null,"FEE_COMMISSION_INCOME":null,"FEE_COMMISSION_INCOME_YOY":null,"ACCOUNTS_RECE_TDAYS":2.283952365221,"INVENTORY_TDAYS":null,"CURRENT_ASSETS_TDAYS":1.010941467559,"TOTAL_ASSETS_TDAYS":0.847936674188,"PREMIUM_EXPENSE":null,"LOAN_DEPOSIT":null,"LOAN_EQUITY":null,"LOAN_ASSETS":null,"DEPOSIT_EQUITY":null,"DEPOSIT_ASSETS":null,"EQUITY_MULTIPLIER":1.641568162727,"EQUITY_RATIO":0.681444481621},{"SECUCODE":"01903.HK","SECURITY_CODE":"01903","SECURITY_NAME_ABBR":"JBB BUILDERS","ORG_CODE":"10944454","STD_REPORT_DATE":"2022-06-30 00:00:00","REPORT_DATE":"2022-12-31 00:00:00","DATE_TYPE_CODE":"002","REPORT_TYPE":"2022年中报","PER_NETCASH_OPERATE":-0.01138080593,"PER_OI":0.374960965224,"BPS":0.424386089425,"BASIC_EPS":0.01104013879,"DILUTED_EPS":0.01104013879,"OPERATE_INCOME":187480482.611781,"OPERATE_INCOME_YOY":-53.1152752415,"GROSS_PROFIT":14199195.647031,"GROSS_PROFIT_YOY":-12.039917489363,"HOLDER_PROFIT":5505874.93099913,"HOLDER_PROFIT_YOY":689.8190045249,"GROSS_PROFIT_RATIO":7.573692711488,"EPS_TTM":0.038208381626,"OPERATE_INCOME_QOQ":41.885703041081,"NET_PROFIT_RATIO":3.0469748974,"ROE_AVG":2.639577788531,"GROSS_PROFIT_QOQ":64.781384850508,"ROA":1.355462326806,"HOLDER_PROFIT_QOQ":301.340998555927,"ROE_YEARLY":5.279155577063,"ROIC_YEARLY":4.408273562986,"TOTAL_ASSETS":347459979.496885,"TOTAL_LIABILITIES":122775806.324422,"TAX_EBT":23.441132952864,"OCF_SALES":-3.035197523387,"TOTAL_PARENT_EQUITY":212193044.712562,"DEBT_ASSET_RATIO":35.3352367378,"OPERATE_PROFIT":8600268.11765634,"PRETAX_PROFIT":7461556.65956944,"NETCASH_OPERATE":-5690402.96506585,"NETCASH_INVEST":654522.513997319,"NETCASH_FINANCE":340667.139815472,"END_CASH":133241857.897642,"DIVI_RATIO":null,"DIVIDEND_RATE":null,"CURRENT_RATIO":2.438849030916,"COMMON_ACS":2000000000,"CURRENTDEBT_DEBT":83.974770701128,"ISSUED_COMMON_SHARES":500000000,"HK_COMMON_SHARES":500000000,"PER_SHARES":2000,"TOTAL_MARKET_CAP":232500000,"HKSK_MARKET_CAP":232500000,"PE_TTM":46.952904784051,"PB_TTM":1.088486917618,"REPORT_DATE_SQ":"2021-06-30 00:00:00","REPORT_TYPE_SQ":"2021年中报","OPERATE_INCOME_SQ":387067767.888494,"DPS_HKD":null,"OPERATE_INCOME_QOQ_SQ":102.646129388176,"NET_PROFIT_RATIO_SQ":-0.073360916,"HOLDER_PROFIT_SQ":674778.254431095,"HOLDER_PROFIT_QOQ_SQ":-80.941248545985,"ROE_AVG_SQ":0.386688129899,"PE_TTM_SQ":-26.373217768824,"PB_TTM_SQ":1.728296045173,"ROA_SQ":0.157777127314,"START_DATE":"2022-07-01 00:00:00","FISCAL_YEAR":"6-30","CURRENCY":"HKD","IS_CNY_CODE":0,"DPS_HKD_LY":null,"ORG_TYPE":"一般企业","PREMIUM_INCOME":null,"PREMIUM_INCOME_YOY":null,"NET_INTEREST_INCOME":null,"NET_INTEREST_INCOME_YOY":null,"FEE_COMMISSION_INCOME":null,"FEE_COMMISSION_INCOME_YOY":null,"ACCOUNTS_RECE_TDAYS":1.318602329451,"INVENTORY_TDAYS":null,"CURRENT_ASSETS_TDAYS":0.549914532682,"TOTAL_ASSETS_TDAYS":0.461548317709,"PREMIUM_EXPENSE":null,"LOAN_DEPOSIT":null,"LOAN_EQUITY":null,"LOAN_ASSETS":null,"DEPOSIT_EQUITY":null,"DEPOSIT_ASSETS":null,"EQUITY_MULTIPLIER":1.546437270551,"EQUITY_RATIO":0.578604291629},{"SECUCODE":"01903.HK","SECURITY_CODE":"01903","SECURITY_NAME_ABBR":"JBB BUILDERS","ORG_CODE":"10944454","STD_REPORT_DATE":"2021-12-31 00:00:00","REPORT_DATE":"2022-06-30 00:00:00","DATE_TYPE_CODE":"001","REPORT_TYPE":"2021年年报","PER_NETCASH_OPERATE":-0.01139815775,"PER_OI":1.562566339291,"BPS":0.396422253401,"BASIC_EPS":0.03827853352,"DILUTED_EPS":0.03827853352,"OPERATE_INCOME":781283169.64558,"OPERATE_INCOME_YOY":263.2324163358,"GROSS_PROFIT":44468675.6542427,"GROSS_PROFIT_YOY":327.959396068713,"HOLDER_PROFIT":19104190.813152,"HOLDER_PROFIT_YOY":233.0395072218,"GROSS_PROFIT_RATIO":5.69174882833,"EPS_TTM":-0.018976950497,"OPERATE_INCOME_QOQ":150.912511860846,"NET_PROFIT_RATIO":2.6341832861,"ROE_AVG":10.267275364932,"GROSS_PROFIT_QOQ":159.713435748197,"ROA":4.43699062448,"HOLDER_PROFIT_QOQ":35.237327179962,"ROE_YEARLY":10.267275364932,"ROIC_YEARLY":6.858059465348,"TOTAL_ASSETS":449572988.470689,"TOTAL_LIABILITIES":237195754.285366,"TAX_EBT":19.471297290846,"OCF_SALES":-0.729451125603,"TOTAL_PARENT_EQUITY":198211126.700421,"DEBT_ASSET_RATIO":52.7602325692,"OPERATE_PROFIT":28194961.2639541,"PRETAX_PROFIT":25556640.0292808,"NETCASH_OPERATE":-5699078.87512963,"NETCASH_INVEST":-1636369.18196791,"NETCASH_FINANCE":3365765.87567864,"END_CASH":131030012.810346,"DIVI_RATIO":null,"DIVIDEND_RATE":null,"CURRENT_RATIO":1.882386618382,"COMMON_ACS":2000000000,"CURRENTDEBT_DEBT":93.211130685252,"ISSUED_COMMON_SHARES":500000000,"HK_COMMON_SHARES":500000000,"PER_SHARES":2000,"TOTAL_MARKET_CAP":232500000,"HKSK_MARKET_CAP":232500000,"PE_TTM":46.952904784051,"PB_TTM":1.088486917618,"REPORT_DATE_SQ":"2020-12-31 00:00:00","REPORT_TYPE_SQ":"2020年年报","OPERATE_INCOME_SQ":219456027.883239,"DPS_HKD":null,"OPERATE_INCOME_QOQ_SQ":-47.812016694047,"NET_PROFIT_RATIO_SQ":-8.1246454906,"HOLDER_PROFIT_SQ":-14651148.316425,"HOLDER_PROFIT_QOQ_SQ":-326.983842509731,"ROE_AVG_SQ":-7.858421555577,"PE_TTM_SQ":-26.373217768824,"PB_TTM_SQ":1.728296045173,"ROA_SQ":-3.61989558585,"START_DATE":"2021-07-01 00:00:00","FISCAL_YEAR":"6-30","CURRENCY":"HKD","IS_CNY_CODE":0,"DPS_HKD_LY":null,"ORG_TYPE":"一般企业","PREMIUM_INCOME":null,"PREMIUM_INCOME_YOY":null,"NET_INTEREST_INCOME":null,"NET_INTEREST_INCOME_YOY":null,"FEE_COMMISSION_INCOME":null,"FEE_COMMISSION_INCOME_YOY":null,"ACCOUNTS_RECE_TDAYS":4.319113419271,"INVENTORY_TDAYS":null,"CURRENT_ASSETS_TDAYS":1.973242176216,"TOTAL_ASSETS_TDAYS":1.814547463792,"PREMIUM_EXPENSE":null,"LOAN_DEPOSIT":null,"LOAN_EQUITY":null,"LOAN_ASSETS":null,"DEPOSIT_EQUITY":null,"DEPOSIT_ASSETS":null,"EQUITY_MULTIPLIER":2.116860548615,"EQUITY_RATIO":1.196682336829},{"SECUCODE":"01903.HK","SECURITY_CODE":"01903","SECURITY_NAME_ABBR":"JBB BUILDERS","ORG_CODE":"10944454","STD_REPORT_DATE":"2021-06-30 00:00:00","REPORT_DATE":"2021-12-31 00:00:00","DATE_TYPE_CODE":"002","REPORT_TYPE":"2021年中报","PER_NETCASH_OPERATE":0.005825687373,"PER_OI":0.774135535777,"BPS":0.349788559303,"BASIC_EPS":0.001373982871,"DILUTED_EPS":0.001373982871,"OPERATE_INCOME":387067767.888494,"OPERATE_INCOME_YOY":633.7742019506,"GROSS_PROFIT":16142772.0867746,"GROSS_PROFIT_YOY":3664.84295157692,"HOLDER_PROFIT":674778.254431095,"HOLDER_PROFIT_YOY":115.9279279279,"GROSS_PROFIT_RATIO":4.17052863245,"EPS_TTM":-0.029302296633,"OPERATE_INCOME_QOQ":102.646129388176,"NET_PROFIT_RATIO":-0.073360916,"ROE_AVG":0.386688129899,"GROSS_PROFIT_QOQ":36.987978222593,"ROA":0.157777127314,"HOLDER_PROFIT_QOQ":-80.941248545985,"ROE_YEARLY":0.773376259798,"ROIC_YEARLY":0.488781253801,"TOTAL_ASSETS":443362899.409187,"TOTAL_LIABILITIES":256724119.505977,"TAX_EBT":114.374034003091,"OCF_SALES":0.752541009146,"TOTAL_PARENT_EQUITY":174894279.651314,"DEBT_ASSET_RATIO":57.9038344995,"OPERATE_PROFIT":2535761.72083721,"PRETAX_PROFIT":1975482.03899058,"NETCASH_OPERATE":2912843.68654871,"NETCASH_INVEST":1639619.55940949,"NETCASH_FINANCE":-2459429.33911424,"END_CASH":132425995.75592,"DIVI_RATIO":null,"DIVIDEND_RATE":null,"CURRENT_RATIO":1.660703223728,"COMMON_ACS":2000000000,"CURRENTDEBT_DEBT":95.995528121692,"ISSUED_COMMON_SHARES":500000000,"HK_COMMON_SHARES":500000000,"PER_SHARES":2000,"TOTAL_MARKET_CAP":232500000,"HKSK_MARKET_CAP":232500000,"PE_TTM":46.952904784051,"PB_TTM":1.088486917618,"REPORT_DATE_SQ":"2020-06-30 00:00:00","REPORT_TYPE_SQ":"2020年中报","OPERATE_INCOME_SQ":55881163.7798586,"DPS_HKD":null,"OPERATE_INCOME_QOQ_SQ":-50.749048304659,"NET_PROFIT_RATIO_SQ":-10.5374352444,"HOLDER_PROFIT_SQ":-4487894.81344913,"HOLDER_PROFIT_QOQ_SQ":-87.156530236391,"ROE_AVG_SQ":-2.271062570843,"PE_TTM_SQ":-26.373217768824,"PB_TTM_SQ":1.728296045173,"ROA_SQ":-1.145678726914,"START_DATE":"2021-07-01 00:00:00","FISCAL_YEAR":"6-30","CURRENCY":"HKD","IS_CNY_CODE":0,"DPS_HKD_LY":null,"ORG_TYPE":"一般企业","PREMIUM_INCOME":null,"PREMIUM_INCOME_YOY":null,"NET_INTEREST_INCOME":null,"NET_INTEREST_INCOME_YOY":null,"FEE_COMMISSION_INCOME":null,"FEE_COMMISSION_INCOME_YOY":null,"ACCOUNTS_RECE_TDAYS":2.362806952146,"INVENTORY_TDAYS":null,"CURRENT_ASSETS_TDAYS":0.985706649042,"TOTAL_ASSETS_TDAYS":0.905044584532,"PREMIUM_EXPENSE":null,"LOAN_DEPOSIT":null,"LOAN_EQUITY":null,"LOAN_ASSETS":null,"DEPOSIT_EQUITY":null,"DEPOSIT_ASSETS":null,"EQUITY_MULTIPLIER":2.375513275641,"EQUITY_RATIO":1.467881739859},{"SECUCODE":"01903.HK","SECURITY_CODE":"01903","SECURITY_NAME_ABBR":"JBB BUILDERS","ORG_CODE":"10944454","STD_REPORT_DATE":"2020-12-31 00:00:00","REPORT_DATE":"2021-06-30 00:00:00","DATE_TYPE_CODE":"001","REPORT_TYPE":"2020年年报","PER_NETCASH_OPERATE":0.011788137176,"PER_OI":0.438912055766,"BPS":0.3549106865,"BASIC_EPS":-0.029252505135,"DILUTED_EPS":-0.029252505135,"OPERATE_INCOME":219456027.883239,"OPERATE_INCOME_YOY":12.3547171615,"GROSS_PROFIT":10390863.2600983,"GROSS_PROFIT_YOY":-68.309307685587,"HOLDER_PROFIT":-14651148.316425,"HOLDER_PROFIT_YOY":-536.3299351251,"GROSS_PROFIT_RATIO":4.734826999433,"EPS_TTM":-0.016194370752,"OPERATE_INCOME_QOQ":-47.812016694047,"NET_PROFIT_RATIO":-8.1246454906,"ROE_AVG":-7.858421555577,"GROSS_PROFIT_QOQ":-76.866077793397,"ROA":-3.61989558585,"HOLDER_PROFIT_QOQ":-326.983842509731,"ROE_YEARLY":-7.858421555577,"ROIC_YEARLY":-5.705439132793,"TOTAL_ASSETS":419910375.303417,"TOTAL_LIABILITIES":229507686.562519,"TAX_EBT":-18.819991704687,"OCF_SALES":2.685762904141,"TOTAL_PARENT_EQUITY":177455343.25014,"DEBT_ASSET_RATIO":54.6563505121,"OPERATE_PROFIT":-14710275.7204207,"PRETAX_PROFIT":-15005912.7403996,"NETCASH_OPERATE":5894068.58778863,"NETCASH_INVEST":-3085516.89798967,"NETCASH_FINANCE":14985684.9442958,"END_CASH":132739465.986183,"DIVI_RATIO":null,"DIVIDEND_RATE":null,"CURRENT_RATIO":1.771175290641,"COMMON_ACS":2000000000,"CURRENTDEBT_DEBT":94.297627118644,"ISSUED_COMMON_SHARES":500000000,"HK_COMMON_SHARES":500000000,"PER_SHARES":2000,"TOTAL_MARKET_CAP":232500000,"HKSK_MARKET_CAP":232500000,"PE_TTM":46.952904784051,"PB_TTM":1.088486917618,"REPORT_DATE_SQ":"2019-12-31 00:00:00","REPORT_TYPE_SQ":"2019年年报","OPERATE_INCOME_SQ":207509835.686184,"DPS_HKD":null,"OPERATE_INCOME_QOQ_SQ":-23.038072484531,"NET_PROFIT_RATIO_SQ":0.2549171121,"HOLDER_PROFIT_SQ":3567295.93017489,"HOLDER_PROFIT_QOQ_SQ":-14.736217982316,"ROE_AVG_SQ":1.715898699956,"PE_TTM_SQ":-26.373217768824,"PB_TTM_SQ":1.728296045173,"ROA_SQ":0.726758381464,"START_DATE":"2020-07-01 00:00:00","FISCAL_YEAR":"6-30","CURRENCY":"HKD","IS_CNY_CODE":0,"DPS_HKD_LY":null,"ORG_TYPE":"一般企业","PREMIUM_INCOME":null,"PREMIUM_INCOME_YOY":null,"NET_INTEREST_INCOME":null,"NET_INTEREST_INCOME_YOY":null,"FEE_COMMISSION_INCOME":null,"FEE_COMMISSION_INCOME_YOY":null,"ACCOUNTS_RECE_TDAYS":1.550137109759,"INVENTORY_TDAYS":null,"CURRENT_ASSETS_TDAYS":0.606265112031,"TOTAL_ASSETS_TDAYS":0.542215456062,"PREMIUM_EXPENSE":null,"LOAN_DEPOSIT":null,"LOAN_EQUITY":null,"LOAN_ASSETS":null,"DEPOSIT_EQUITY":null,"DEPOSIT_ASSETS":null,"EQUITY_MULTIPLIER":2.205380491632,"EQUITY_RATIO":1.293326435592},{"SECUCODE":"01903.HK","SECURITY_CODE":"01903","SECURITY_NAME_ABBR":"JBB BUILDERS","ORG_CODE":"10944454","STD_REPORT_DATE":"2020-06-30 00:00:00","REPORT_DATE":"2020-12-31 00:00:00","DATE_TYPE_CODE":"002","REPORT_TYPE":"2020年中报","PER_NETCASH_OPERATE":0.002357964194,"PER_OI":0.11176232756,"BPS":0.384212313813,"BASIC_EPS":-0.009056652597,"DILUTED_EPS":-0.009056652597,"OPERATE_INCOME":55881163.7798586,"OPERATE_INCOME_YOY":-62.1577517852,"GROSS_PROFIT":-452832.629825498,"GROSS_PROFIT_YOY":-101.829604185237,"HOLDER_PROFIT":-4487894.81344913,"HOLDER_PROFIT_YOY":-165.6804733728,"GROSS_PROFIT_RATIO":-0.810349318438,"EPS_TTM":0.00713459186,"OPERATE_INCOME_QOQ":-50.749048304659,"NET_PROFIT_RATIO":-10.5374352444,"ROE_AVG":-2.271062570843,"GROSS_PROFIT_QOQ":-45.906923026343,"ROA":-1.145678726914,"HOLDER_PROFIT_QOQ":-87.156530236391,"ROE_YEARLY":-4.542125141686,"ROIC_YEARLY":-3.608723357218,"TOTAL_ASSETS":378537350.605664,"TOTAL_LIABILITIES":171070463.99172,"TAX_EBT":4.635935044526,"OCF_SALES":2.109802332648,"TOTAL_PARENT_EQUITY":192106156.906506,"DEBT_ASSET_RATIO":45.1924925554,"OPERATE_PROFIT":-6105154.20568305,"PRETAX_PROFIT":-6174696.35954911,"NETCASH_OPERATE":1178982.09693853,"NETCASH_INVEST":-2202707.2922226,"NETCASH_FINANCE":-845826.66213834,"END_CASH":114514903.045299,"DIVI_RATIO":null,"DIVIDEND_RATE":null,"CURRENT_RATIO":1.964294880935,"COMMON_ACS":2000000000,"CURRENTDEBT_DEBT":99.448845695702,"ISSUED_COMMON_SHARES":500000000,"HK_COMMON_SHARES":500000000,"PER_SHARES":2000,"TOTAL_MARKET_CAP":232500000,"HKSK_MARKET_CAP":232500000,"PE_TTM":46.952904784051,"PB_TTM":1.088486917618,"REPORT_DATE_SQ":"2019-06-30 00:00:00","REPORT_TYPE_SQ":"2019年中报","OPERATE_INCOME_SQ":155095801.059927,"DPS_HKD":null,"OPERATE_INCOME_QOQ_SQ":-37.830427533117,"NET_PROFIT_RATIO_SQ":3.4838130284,"HOLDER_PROFIT_SQ":7176586.49272999,"HOLDER_PROFIT_QOQ_SQ":-13.7862960738,"ROE_AVG_SQ":3.374897155501,"PE_TTM_SQ":-26.373217768824,"PB_TTM_SQ":1.728296045173,"ROA_SQ":1.296581015599,"START_DATE":"2020-07-01 00:00:00","FISCAL_YEAR":"6-30","CURRENCY":"HKD","IS_CNY_CODE":0,"DPS_HKD_LY":null,"ORG_TYPE":"一般企业","PREMIUM_INCOME":null,"PREMIUM_INCOME_YOY":null,"NET_INTEREST_INCOME":null,"NET_INTEREST_INCOME_YOY":null,"FEE_COMMISSION_INCOME":null,"FEE_COMMISSION_INCOME_YOY":null,"ACCOUNTS_RECE_TDAYS":0.40834584067,"INVENTORY_TDAYS":null,"CURRENT_ASSETS_TDAYS":0.162389145545,"TOTAL_ASSETS_TDAYS":0.142654547932,"PREMIUM_EXPENSE":null,"LOAN_DEPOSIT":null,"LOAN_EQUITY":null,"LOAN_ASSETS":null,"DEPOSIT_EQUITY":null,"DEPOSIT_ASSETS":null,"EQUITY_MULTIPLIER":1.824567557667,"EQUITY_RATIO":0.890499642211},{"SECUCODE":"01903.HK","SECURITY_CODE":"01903","SECURITY_NAME_ABBR":"JBB BUILDERS","ORG_CODE":"10944454","STD_REPORT_DATE":"2019-12-31 00:00:00","REPORT_DATE":"2020-06-30 00:00:00","DATE_TYPE_CODE":"001","REPORT_TYPE":"2019年年报","PER_NETCASH_OPERATE":-0.092862102027,"PER_OI":0.415019671372,"BPS":0.415227956492,"BASIC_EPS":0.007108142956,"DILUTED_EPS":0.007108142956,"OPERATE_INCOME":207509835.686184,"OPERATE_INCOME_YOY":-61.9521169706,"GROSS_PROFIT":32788375.7066816,"GROSS_PROFIT_YOY":-48.523608243966,"HOLDER_PROFIT":3567295.93017489,"HOLDER_PROFIT_YOY":-89.0077424613,"GROSS_PROFIT_RATIO":15.800877870805,"EPS_TTM":0.055550345753,"OPERATE_INCOME_QOQ":-23.038072484531,"NET_PROFIT_RATIO":0.2549171121,"ROE_AVG":1.715898699956,"GROSS_PROFIT_QOQ":-4.837375435118,"ROA":0.726758381464,"HOLDER_PROFIT_QOQ":-14.736217982316,"ROE_YEARLY":1.715898699956,"ROIC_YEARLY":1.148795042827,"TOTAL_ASSETS":413872450.160346,"TOTAL_LIABILITIES":189126194.333322,"TAX_EBT":87.301587301587,"OCF_SALES":-22.375349515259,"TOTAL_PARENT_EQUITY":207613978.245776,"DEBT_ASSET_RATIO":45.696734407,"OPERATE_PROFIT":4469864.77997818,"PRETAX_PROFIT":4165702.38370747,"NETCASH_OPERATE":-46431051.0133236,"NETCASH_INVEST":-10151419.9755348,"NETCASH_FINANCE":-11862333.4545575,"END_CASH":125579396.303766,"DIVI_RATIO":null,"DIVIDEND_RATE":null,"CURRENT_RATIO":1.926045836449,"COMMON_ACS":2000000000,"CURRENTDEBT_DEBT":99.348833143956,"ISSUED_COMMON_SHARES":500000000,"HK_COMMON_SHARES":500000000,"PER_SHARES":2000,"TOTAL_MARKET_CAP":232500000,"HKSK_MARKET_CAP":232500000,"PE_TTM":46.952904784051,"PB_TTM":1.088486917618,"REPORT_DATE_SQ":"2018-12-31 00:00:00","REPORT_TYPE_SQ":"2018年年报","OPERATE_INCOME_SQ":547454617.860817,"DPS_HKD":null,"OPERATE_INCOME_QOQ_SQ":0,"NET_PROFIT_RATIO_SQ":5.7770005062,"HOLDER_PROFIT_SQ":32575581.5882919,"HOLDER_PROFIT_QOQ_SQ":0,"ROE_AVG_SQ":25.157135992311,"PE_TTM_SQ":-26.373217768824,"PB_TTM_SQ":1.728296045173,"ROA_SQ":5.283384466333,"START_DATE":"2019-07-01 00:00:00","FISCAL_YEAR":"6-30","CURRENCY":"HKD","IS_CNY_CODE":0,"DPS_HKD_LY":0.02,"ORG_TYPE":"一般企业","PREMIUM_INCOME":null,"PREMIUM_INCOME_YOY":null,"NET_INTEREST_INCOME":null,"NET_INTEREST_INCOME_YOY":null,"FEE_COMMISSION_INCOME":null,"FEE_COMMISSION_INCOME_YOY":null,"ACCOUNTS_RECE_TDAYS":1.32037823965,"INVENTORY_TDAYS":null,"CURRENT_ASSETS_TDAYS":0.456970722873,"TOTAL_ASSETS_TDAYS":0.422755821981,"PREMIUM_EXPENSE":null,"LOAN_DEPOSIT":null,"LOAN_EQUITY":null,"LOAN_ASSETS":null,"DEPOSIT_EQUITY":null,"DEPOSIT_ASSETS":null,"EQUITY_MULTIPLIER":1.841509878052,"EQUITY_RATIO":0.910951160087}],"count":16},"success":true,"message":"ok","code":0}