{"version":"9f4d2f57cea107714bf93be5d0ee8768","result":{"pages":4,"data":[{"SECUCODE":"01905.HK","SECURITY_CODE":"01905","SECURITY_NAME_ABBR":"海通恒信","ORG_CODE":"10295722","STD_REPORT_DATE":"2024-09-30 00:00:00","REPORT_DATE":"2024-09-30 00:00:00","DATE_TYPE_CODE":"004","REPORT_TYPE":"2024年三季报","PER_NETCASH_OPERATE":1.756425815842,"PER_OI":0.694155789617,"BPS":2.128619031636,"BASIC_EPS":0.14,"DILUTED_EPS":null,"OPERATE_INCOME":5716581174.23,"OPERATE_INCOME_YOY":-13.6508401392,"GROSS_PROFIT":3188483273.96,"GROSS_PROFIT_YOY":-13.547656667582,"HOLDER_PROFIT":1253577321.96,"HOLDER_PROFIT_YOY":3.4302578086,"GROSS_PROFIT_RATIO":55.776051748088,"EPS_TTM":0.183369860331,"OPERATE_INCOME_QOQ":-4.372931884757,"NET_PROFIT_RATIO":21.9754171758,"ROE_AVG":6.158580103219,"GROSS_PROFIT_QOQ":0.773593756914,"ROA":1.071484831792,"HOLDER_PROFIT_QOQ":2.670874570818,"ROE_YEARLY":8.211440137625,"ROIC_YEARLY":1.161512599476,"TOTAL_ASSETS":110637685423.19,"TOTAL_LIABILITIES":90068506663.95,"TAX_EBT":24.795921867681,"OCF_SALES":253.030492882808,"TOTAL_PARENT_EQUITY":20514068387.85,"DEBT_ASSET_RATIO":81.4085239757,"OPERATE_PROFIT":1689340514.66,"PRETAX_PROFIT":1670444731.76,"NETCASH_OPERATE":14464693521.2,"NETCASH_INVEST":662406734.53,"NETCASH_FINANCE":-15609099578.12,"END_CASH":7889089963.67,"DIVI_RATIO":0.463761760492,"DIVIDEND_RATE":10.389255555556,"CURRENT_RATIO":1.149560295301,"COMMON_ACS":null,"CURRENTDEBT_DEBT":52.437941806138,"ISSUED_COMMON_SHARES":8235300000,"HK_COMMON_SHARES":5794453176,"PER_SHARES":2000,"TOTAL_MARKET_CAP":7411770000,"HKSK_MARKET_CAP":5215007858.4,"PE_TTM":4.386171252135,"PB_TTM":0.381285231381,"REPORT_DATE_SQ":"2023-09-30 00:00:00","REPORT_TYPE_SQ":"2023年三季报","OPERATE_INCOME_SQ":6620308968.2,"DPS_HKD":0.0935033,"OPERATE_INCOME_QOQ_SQ":1.902936360461,"NET_PROFIT_RATIO_SQ":18.3386503692,"HOLDER_PROFIT_SQ":1212002511.18,"HOLDER_PROFIT_QOQ_SQ":2.918766692912,"ROE_AVG_SQ":6.204085643268,"PE_TTM_SQ":5.052421599751,"PB_TTM_SQ":0.457314218189,"ROA_SQ":0.976484854105,"START_DATE":"2024-01-01 00:00:00","FISCAL_YEAR":"12-31","CURRENCY":"HKD","IS_CNY_CODE":0,"DPS_HKD_LY":0.0935033,"ORG_TYPE":"一般企业","PREMIUM_INCOME":null,"PREMIUM_INCOME_YOY":null,"NET_INTEREST_INCOME":null,"NET_INTEREST_INCOME_YOY":null,"FEE_COMMISSION_INCOME":null,"FEE_COMMISSION_INCOME_YOY":null,"ACCOUNTS_RECE_TDAYS":0.124878945514,"INVENTORY_TDAYS":null,"CURRENT_ASSETS_TDAYS":0.10030143517,"TOTAL_ASSETS_TDAYS":0.048862004047,"PREMIUM_EXPENSE":null,"LOAN_DEPOSIT":null,"LOAN_EQUITY":null,"LOAN_ASSETS":null,"DEPOSIT_EQUITY":null,"DEPOSIT_ASSETS":null,"EQUITY_MULTIPLIER":5.378809077305,"EQUITY_RATIO":4.390572604179},{"SECUCODE":"01905.HK","SECURITY_CODE":"01905","SECURITY_NAME_ABBR":"海通恒信","ORG_CODE":"10295722","STD_REPORT_DATE":"2024-06-30 00:00:00","REPORT_DATE":"2024-06-30 00:00:00","DATE_TYPE_CODE":"002","REPORT_TYPE":"2024年中报","PER_NETCASH_OPERATE":1.278069165665,"PER_OI":0.452372348305,"BPS":2.086307602637,"BASIC_EPS":0.09,"DILUTED_EPS":null,"OPERATE_INCOME":3725422000,"OPERATE_INCOME_YOY":-13.0755496736,"GROSS_PROFIT":3725422000,"GROSS_PROFIT_YOY":-13.075549673621,"HOLDER_PROFIT":745903000,"HOLDER_PROFIT_YOY":0.3080907785,"GROSS_PROFIT_RATIO":null,"EPS_TTM":0.178599686715,"OPERATE_INCOME_QOQ":-3.835952967003,"NET_PROFIT_RATIO":21.8007785427,"ROE_AVG":3.698598437213,"GROSS_PROFIT_QOQ":-4.928988020308,"ROA":0.630963587491,"HOLDER_PROFIT_QOQ":-0.317959349362,"ROE_YEARLY":7.397196874426,"ROIC_YEARLY":1.365496001727,"TOTAL_ASSETS":113081850000,"TOTAL_LIABILITIES":92889062000,"TAX_EBT":25.407326176883,"OCF_SALES":282.525925921949,"TOTAL_PARENT_EQUITY":20138482000,"DEBT_ASSET_RATIO":82.1432104268,"OPERATE_PROFIT":2722327000,"PRETAX_PROFIT":1088808000,"NETCASH_OPERATE":10525283000,"NETCASH_INVEST":734956000,"NETCASH_FINANCE":-11796263000,"END_CASH":7834840000,"DIVI_RATIO":0.476148255422,"DIVIDEND_RATE":10.505988764045,"CURRENT_RATIO":1.159443369922,"COMMON_ACS":null,"CURRENTDEBT_DEBT":51.546657883142,"ISSUED_COMMON_SHARES":8235300000,"HK_COMMON_SHARES":5794453176,"PER_SHARES":2000,"TOTAL_MARKET_CAP":7329417000,"HKSK_MARKET_CAP":5157063326.64,"PE_TTM":4.337436016001,"PB_TTM":0.37704872881,"REPORT_DATE_SQ":"2023-06-30 00:00:00","REPORT_TYPE_SQ":"2023年中报","OPERATE_INCOME_SQ":4285816000,"DPS_HKD":0.0935033,"OPERATE_INCOME_QOQ_SQ":1.051965052606,"NET_PROFIT_RATIO_SQ":18.8442294303,"HOLDER_PROFIT_SQ":743612000,"HOLDER_PROFIT_QOQ_SQ":0.057844516426,"ROE_AVG_SQ":3.893465487022,"PE_TTM_SQ":3.863616517457,"PB_TTM_SQ":0.349710872733,"ROA_SQ":0.587109564574,"START_DATE":"2024-01-01 00:00:00","FISCAL_YEAR":"12-31","CURRENCY":"HKD","IS_CNY_CODE":0,"DPS_HKD_LY":0.0935033,"ORG_TYPE":"一般企业","PREMIUM_INCOME":null,"PREMIUM_INCOME_YOY":null,"NET_INTEREST_INCOME":null,"NET_INTEREST_INCOME_YOY":null,"FEE_COMMISSION_INCOME":null,"FEE_COMMISSION_INCOME_YOY":null,"ACCOUNTS_RECE_TDAYS":0.087715932008,"INVENTORY_TDAYS":null,"CURRENT_ASSETS_TDAYS":0.064671987807,"TOTAL_ASSETS_TDAYS":0.031513556455,"PREMIUM_EXPENSE":null,"LOAN_DEPOSIT":null,"LOAN_EQUITY":null,"LOAN_ASSETS":null,"DEPOSIT_EQUITY":null,"DEPOSIT_ASSETS":null,"EQUITY_MULTIPLIER":5.600110792036,"EQUITY_RATIO":4.612515580867},{"SECUCODE":"01905.HK","SECURITY_CODE":"01905","SECURITY_NAME_ABBR":"海通恒信","ORG_CODE":"10295722","STD_REPORT_DATE":"2024-03-31 00:00:00","REPORT_DATE":"2024-03-31 00:00:00","DATE_TYPE_CODE":"003","REPORT_TYPE":"2024年一季报","PER_NETCASH_OPERATE":0.735402278735,"PER_OI":0.239810078198,"BPS":2.08679834534,"BASIC_EPS":0.05,"DILUTED_EPS":null,"OPERATE_INCOME":1974907936.98,"OPERATE_INCOME_YOY":-11.1248332048,"GROSS_PROFIT":1085305689.37,"GROSS_PROFIT_YOY":-12.379553167821,"HOLDER_PROFIT":438083707.41,"HOLDER_PROFIT_YOY":1.6196971032,"GROSS_PROFIT_RATIO":54.954748474485,"EPS_TTM":0.179169372486,"OPERATE_INCOME_QOQ":-2.938829240698,"NET_PROFIT_RATIO":22.2334328881,"ROE_AVG":2.169840595208,"GROSS_PROFIT_QOQ":-1.822913255945,"ROA":0.361907528775,"HOLDER_PROFIT_QOQ":0.475477414505,"ROE_YEARLY":8.679362380833,"ROIC_YEARLY":1.577172008202,"TOTAL_ASSETS":118745912032.6,"TOTAL_LIABILITIES":98508993777.68,"TAX_EBT":24.801236149587,"OCF_SALES":306.660288951552,"TOTAL_PARENT_EQUITY":20183466999.44,"DEBT_ASSET_RATIO":82.9577979498,"OPERATE_PROFIT":586920162.22,"PRETAX_PROFIT":583905649.89,"NETCASH_OPERATE":6056258386.07,"NETCASH_INVEST":650239719,"NETCASH_FINANCE":-5642432335.8,"END_CASH":9439698286.54,"DIVI_RATIO":0.474634297527,"DIVIDEND_RATE":10.505988764045,"CURRENT_RATIO":1.183362605173,"COMMON_ACS":null,"CURRENTDEBT_DEBT":50.676762916506,"ISSUED_COMMON_SHARES":8235300000,"HK_COMMON_SHARES":5794453176,"PER_SHARES":2000,"TOTAL_MARKET_CAP":7329417000,"HKSK_MARKET_CAP":5157063326.64,"PE_TTM":4.337436016001,"PB_TTM":0.37704872881,"REPORT_DATE_SQ":"2023-03-31 00:00:00","REPORT_TYPE_SQ":"2023年一季报","OPERATE_INCOME_SQ":2222114464.81,"DPS_HKD":0.0935033,"OPERATE_INCOME_QOQ_SQ":1.206707057147,"NET_PROFIT_RATIO_SQ":19.4380594299,"HOLDER_PROFIT_SQ":431101174.18,"HOLDER_PROFIT_QOQ_SQ":1.825020389898,"ROE_AVG_SQ":2.247372780284,"PE_TTM_SQ":3.863616517457,"PB_TTM_SQ":0.349710872733,"ROA_SQ":0.342919923383,"START_DATE":"2024-01-01 00:00:00","FISCAL_YEAR":"12-31","CURRENCY":"HKD","IS_CNY_CODE":0,"DPS_HKD_LY":0.0935033,"ORG_TYPE":"一般企业","PREMIUM_INCOME":null,"PREMIUM_INCOME_YOY":null,"NET_INTEREST_INCOME":null,"NET_INTEREST_INCOME_YOY":null,"FEE_COMMISSION_INCOME":null,"FEE_COMMISSION_INCOME_YOY":null,"ACCOUNTS_RECE_TDAYS":0.082246902402,"INVENTORY_TDAYS":null,"CURRENT_ASSETS_TDAYS":0.03325627127,"TOTAL_ASSETS_TDAYS":0.016315011011,"PREMIUM_EXPENSE":null,"LOAN_DEPOSIT":null,"LOAN_EQUITY":null,"LOAN_ASSETS":null,"DEPOSIT_EQUITY":null,"DEPOSIT_ASSETS":null,"EQUITY_MULTIPLIER":5.867786316899,"EQUITY_RATIO":4.880677525839},{"SECUCODE":"01905.HK","SECURITY_CODE":"01905","SECURITY_NAME_ABBR":"海通恒信","ORG_CODE":"10295722","STD_REPORT_DATE":"2023-12-31 00:00:00","REPORT_DATE":"2023-12-31 00:00:00","DATE_TYPE_CODE":"001","REPORT_TYPE":"2023年年报","PER_NETCASH_OPERATE":0.966218595558,"PER_OI":1.021424234697,"BPS":2.035773317305,"BASIC_EPS":0.18,"DILUTED_EPS":null,"OPERATE_INCOME":8411735000,"OPERATE_INCOME_YOY":-1.3245589349,"GROSS_PROFIT":8411735000,"GROSS_PROFIT_YOY":-1.324558934919,"HOLDER_PROFIT":1468531000,"HOLDER_PROFIT_YOY":2.4399516446,"GROSS_PROFIT_RATIO":null,"EPS_TTM":0.178321494056,"OPERATE_INCOME_QOQ":-5.317804449843,"NET_PROFIT_RATIO":19.1099220315,"ROE_AVG":7.53512739638,"GROSS_PROFIT_QOQ":-3.801223284616,"ROA":1.184944835588,"HOLDER_PROFIT_QOQ":-2.305718571704,"ROE_YEARLY":7.53512739638,"ROIC_YEARLY":1.264261990396,"TOTAL_ASSETS":123351127868.31,"TOTAL_LIABILITIES":103105814969.25,"TAX_EBT":25.308400758125,"OCF_SALES":94.59522916497,"TOTAL_PARENT_EQUITY":20195877766.94,"DEBT_ASSET_RATIO":83.5872494008,"OPERATE_PROFIT":5788294000,"PRETAX_PROFIT":2152151000,"NETCASH_OPERATE":7957100000,"NETCASH_INVEST":-815967000,"NETCASH_FINANCE":-4181532000,"END_CASH":8374051000,"DIVI_RATIO":0.476891076413,"DIVIDEND_RATE":10.747505747126,"CURRENT_RATIO":1.108218841396,"COMMON_ACS":null,"CURRENTDEBT_DEBT":52.242447276446,"ISSUED_COMMON_SHARES":8235300000,"HK_COMMON_SHARES":5794453176,"PER_SHARES":2000,"TOTAL_MARKET_CAP":7164711000,"HKSK_MARKET_CAP":5041174263.12,"PE_TTM":4.239965543731,"PB_TTM":0.368575723669,"REPORT_DATE_SQ":"2022-12-31 00:00:00","REPORT_TYPE_SQ":"2022年年报","OPERATE_INCOME_SQ":8524649000,"DPS_HKD":0.0935033,"OPERATE_INCOME_QOQ_SQ":2.009671974159,"NET_PROFIT_RATIO_SQ":17.9818430061,"HOLDER_PROFIT_SQ":1433553000,"HOLDER_PROFIT_QOQ_SQ":0.297379074164,"ROE_AVG_SQ":7.894371650523,"PE_TTM_SQ":4.061750697839,"PB_TTM_SQ":0.367644763642,"ROA_SQ":1.198347099493,"START_DATE":"2023-01-01 00:00:00","FISCAL_YEAR":"12-31","CURRENCY":"HKD","IS_CNY_CODE":0,"DPS_HKD_LY":0.1182247,"ORG_TYPE":"一般企业","PREMIUM_INCOME":null,"PREMIUM_INCOME_YOY":null,"NET_INTEREST_INCOME":null,"NET_INTEREST_INCOME_YOY":null,"FEE_COMMISSION_INCOME":null,"FEE_COMMISSION_INCOME_YOY":null,"ACCOUNTS_RECE_TDAYS":0.198557792188,"INVENTORY_TDAYS":null,"CURRENT_ASSETS_TDAYS":0.143399311568,"TOTAL_ASSETS_TDAYS":0.06787355491,"PREMIUM_EXPENSE":null,"LOAN_DEPOSIT":null,"LOAN_EQUITY":null,"LOAN_ASSETS":null,"DEPOSIT_EQUITY":null,"DEPOSIT_ASSETS":null,"EQUITY_MULTIPLIER":6.092823953888,"EQUITY_RATIO":5.105290107174},{"SECUCODE":"01905.HK","SECURITY_CODE":"01905","SECURITY_NAME_ABBR":"海通恒信","ORG_CODE":"10295722","STD_REPORT_DATE":"2023-09-30 00:00:00","REPORT_DATE":"2023-09-30 00:00:00","DATE_TYPE_CODE":"004","REPORT_TYPE":"2023年三季报","PER_NETCASH_OPERATE":0.662967815106,"PER_OI":0.803894086214,"BPS":2.046694729298,"BASIC_EPS":0.14,"DILUTED_EPS":null,"OPERATE_INCOME":6620308968.2,"OPERATE_INCOME_YOY":5.7425630628,"GROSS_PROFIT":3688139790.15,"GROSS_PROFIT_YOY":6.327193038743,"HOLDER_PROFIT":1212002511.18,"HOLDER_PROFIT_YOY":6.0958912696,"GROSS_PROFIT_RATIO":55.709481352995,"EPS_TTM":0.182530125048,"OPERATE_INCOME_QOQ":1.902936360461,"NET_PROFIT_RATIO":18.3386503692,"ROE_AVG":6.204085643268,"GROSS_PROFIT_QOQ":0.296428676659,"ROA":0.976484854105,"HOLDER_PROFIT_QOQ":2.918766692912,"ROE_YEARLY":8.272114191024,"ROIC_YEARLY":1.037702826715,"TOTAL_ASSETS":123724107531.49,"TOTAL_LIABILITIES":103387472254.4,"TAX_EBT":26.572791720786,"OCF_SALES":82.469547478302,"TOTAL_PARENT_EQUITY":20288720326.66,"DEBT_ASSET_RATIO":83.5629161666,"OPERATE_PROFIT":1687016370.33,"PRETAX_PROFIT":1653440657.07,"NETCASH_OPERATE":5459738847.74,"NETCASH_INVEST":-372338526.9,"NETCASH_FINANCE":-2728438081.27,"END_CASH":7773312447.65,"DIVI_RATIO":0.465895310297,"DIVIDEND_RATE":10.747505747126,"CURRENT_RATIO":1.13361621477,"COMMON_ACS":null,"CURRENTDEBT_DEBT":50.387378995866,"ISSUED_COMMON_SHARES":8235300000,"HK_COMMON_SHARES":5794453176,"PER_SHARES":2000,"TOTAL_MARKET_CAP":7164711000,"HKSK_MARKET_CAP":5041174263.12,"PE_TTM":4.239965543731,"PB_TTM":0.368575723669,"REPORT_DATE_SQ":"2022-09-30 00:00:00","REPORT_TYPE_SQ":"2022年三季报","OPERATE_INCOME_SQ":6260779743.22,"DPS_HKD":0.0935033,"OPERATE_INCOME_QOQ_SQ":1.659993220523,"NET_PROFIT_RATIO_SQ":18.2603174456,"HOLDER_PROFIT_SQ":1142365172.37,"HOLDER_PROFIT_QOQ_SQ":2.507021449482,"ROE_AVG_SQ":6.435768495157,"PE_TTM_SQ":4.061750697839,"PB_TTM_SQ":0.367644763642,"ROA_SQ":0.979911485853,"START_DATE":"2023-01-01 00:00:00","FISCAL_YEAR":"12-31","CURRENCY":"HKD","IS_CNY_CODE":0,"DPS_HKD_LY":0.1182247,"ORG_TYPE":"一般企业","PREMIUM_INCOME":null,"PREMIUM_INCOME_YOY":null,"NET_INTEREST_INCOME":null,"NET_INTEREST_INCOME_YOY":null,"FEE_COMMISSION_INCOME":null,"FEE_COMMISSION_INCOME_YOY":null,"ACCOUNTS_RECE_TDAYS":0.356381591245,"INVENTORY_TDAYS":null,"CURRENT_ASSETS_TDAYS":0.113478327603,"TOTAL_ASSETS_TDAYS":0.053338432696,"PREMIUM_EXPENSE":null,"LOAN_DEPOSIT":null,"LOAN_EQUITY":null,"LOAN_ASSETS":null,"DEPOSIT_EQUITY":null,"DEPOSIT_ASSETS":null,"EQUITY_MULTIPLIER":6.0838042206,"EQUITY_RATIO":5.095810410406},{"SECUCODE":"01905.HK","SECURITY_CODE":"01905","SECURITY_NAME_ABBR":"海通恒信","ORG_CODE":"10295722","STD_REPORT_DATE":"2023-06-30 00:00:00","REPORT_DATE":"2023-06-30 00:00:00","DATE_TYPE_CODE":"002","REPORT_TYPE":"2023年中报","PER_NETCASH_OPERATE":0.035451774677,"PER_OI":0.520420142557,"BPS":2.002305319782,"BASIC_EPS":0.09,"DILUTED_EPS":null,"OPERATE_INCOME":4285816000,"OPERATE_INCOME_YOY":4.7315984839,"GROSS_PROFIT":4285816000,"GROSS_PROFIT_YOY":4.731598483941,"HOLDER_PROFIT":743612000,"HOLDER_PROFIT_YOY":3.7687428918,"GROSS_PROFIT_RATIO":null,"EPS_TTM":0.177353587605,"OPERATE_INCOME_QOQ":1.051965052606,"NET_PROFIT_RATIO":18.8442294303,"ROE_AVG":3.893465487022,"GROSS_PROFIT_QOQ":1.630615861384,"ROA":0.587109564574,"HOLDER_PROFIT_QOQ":0.057844516426,"ROE_YEARLY":7.786930974044,"ROIC_YEARLY":1.248726152162,"TOTAL_ASSETS":128799111000,"TOTAL_LIABILITIES":109336452000,"TAX_EBT":27.377958257313,"OCF_SALES":6.812144991759,"TOTAL_PARENT_EQUITY":19415562000,"DEBT_ASSET_RATIO":84.889135609,"OPERATE_PROFIT":2962531000,"PRETAX_PROFIT":1112099000,"NETCASH_OPERATE":291956000,"NETCASH_INVEST":-291288000,"NETCASH_FINANCE":2791080000,"END_CASH":8204075000,"DIVI_RATIO":0.479493707438,"DIVIDEND_RATE":10.505988764045,"CURRENT_RATIO":1.047466261353,"COMMON_ACS":null,"CURRENTDEBT_DEBT":53.354367123601,"ISSUED_COMMON_SHARES":8235300000,"HK_COMMON_SHARES":5794453176,"PER_SHARES":2000,"TOTAL_MARKET_CAP":7329417000,"HKSK_MARKET_CAP":5157063326.64,"PE_TTM":4.337436016001,"PB_TTM":0.37704872881,"REPORT_DATE_SQ":"2022-06-30 00:00:00","REPORT_TYPE_SQ":"2022年中报","OPERATE_INCOME_SQ":4092190000,"DPS_HKD":0.0935033,"OPERATE_INCOME_QOQ_SQ":-1.096078527754,"NET_PROFIT_RATIO_SQ":18.691067619,"HOLDER_PROFIT_SQ":716605000,"HOLDER_PROFIT_QOQ_SQ":2.291985877624,"ROE_AVG_SQ":4.052502558386,"PE_TTM_SQ":3.863616517457,"PB_TTM_SQ":0.349710872733,"ROA_SQ":0.620617533607,"START_DATE":"2023-01-01 00:00:00","FISCAL_YEAR":"12-31","CURRENCY":"HKD","IS_CNY_CODE":0,"DPS_HKD_LY":0.1182247,"ORG_TYPE":"一般企业","PREMIUM_INCOME":null,"PREMIUM_INCOME_YOY":null,"NET_INTEREST_INCOME":null,"NET_INTEREST_INCOME_YOY":null,"FEE_COMMISSION_INCOME":null,"FEE_COMMISSION_INCOME_YOY":null,"ACCOUNTS_RECE_TDAYS":0.111157825108,"INVENTORY_TDAYS":null,"CURRENT_ASSETS_TDAYS":0.072194574382,"TOTAL_ASSETS_TDAYS":0.033838124796,"PREMIUM_EXPENSE":null,"LOAN_DEPOSIT":null,"LOAN_EQUITY":null,"LOAN_ASSETS":null,"DEPOSIT_EQUITY":null,"DEPOSIT_ASSETS":null,"EQUITY_MULTIPLIER":6.617755107349,"EQUITY_RATIO":5.631382290144},{"SECUCODE":"01905.HK","SECURITY_CODE":"01905","SECURITY_NAME_ABBR":"海通恒信","ORG_CODE":"10295722","STD_REPORT_DATE":"2023-03-31 00:00:00","REPORT_DATE":"2023-03-31 00:00:00","DATE_TYPE_CODE":"003","REPORT_TYPE":"2023年一季报","PER_NETCASH_OPERATE":0.090889926409,"PER_OI":0.269827992278,"BPS":2.010480926661,"BASIC_EPS":0.05,"DILUTED_EPS":null,"OPERATE_INCOME":2222114464.81,"OPERATE_INCOME_YOY":4.8539667524,"GROSS_PROFIT":1238644321.74,"GROSS_PROFIT_YOY":4.535858508074,"HOLDER_PROFIT":431101174.18,"HOLDER_PROFIT_YOY":6.4608902314,"GROSS_PROFIT_RATIO":55.741697439781,"EPS_TTM":0.177251057587,"OPERATE_INCOME_QOQ":1.206707057147,"NET_PROFIT_RATIO":19.4380594299,"ROE_AVG":2.247372780284,"GROSS_PROFIT_QOQ":0.630469843626,"ROA":0.342919923383,"HOLDER_PROFIT_QOQ":1.825020389898,"ROE_YEARLY":8.989491121137,"ROIC_YEARLY":1.462210632566,"TOTAL_ASSETS":126915901689.68,"TOTAL_LIABILITIES":107288211515.46,"TAX_EBT":25.686997138406,"OCF_SALES":33.684394877651,"TOTAL_PARENT_EQUITY":19582513271.56,"DEBT_ASSET_RATIO":84.5348849806,"OPERATE_PROFIT":589318840.28,"PRETAX_PROFIT":581238697.99,"NETCASH_OPERATE":1406849342.51,"NETCASH_INVEST":-284974141.98,"NETCASH_FINANCE":2104403605.36,"END_CASH":8638435441.87,"DIVI_RATIO":0.479771068255,"DIVIDEND_RATE":10.505988764045,"CURRENT_RATIO":1.065106299374,"COMMON_ACS":null,"CURRENTDEBT_DEBT":53.294428490833,"ISSUED_COMMON_SHARES":8235300000,"HK_COMMON_SHARES":5794453176,"PER_SHARES":2000,"TOTAL_MARKET_CAP":7329417000,"HKSK_MARKET_CAP":5157063326.64,"PE_TTM":4.337436016001,"PB_TTM":0.37704872881,"REPORT_DATE_SQ":"2022-03-31 00:00:00","REPORT_TYPE_SQ":"2022年一季报","OPERATE_INCOME_SQ":2119246923.73,"DPS_HKD":0.0935033,"OPERATE_INCOME_QOQ_SQ":1.635502348915,"NET_PROFIT_RATIO_SQ":19.1217825631,"HOLDER_PROFIT_SQ":404938539.63,"HOLDER_PROFIT_QOQ_SQ":3.169230226206,"ROE_AVG_SQ":2.300665646938,"PE_TTM_SQ":3.863616517457,"PB_TTM_SQ":0.349710872733,"ROA_SQ":0.356074192007,"START_DATE":"2023-01-01 00:00:00","FISCAL_YEAR":"12-31","CURRENCY":"HKD","IS_CNY_CODE":0,"DPS_HKD_LY":0.1182247,"ORG_TYPE":"一般企业","PREMIUM_INCOME":null,"PREMIUM_INCOME_YOY":null,"NET_INTEREST_INCOME":null,"NET_INTEREST_INCOME_YOY":null,"FEE_COMMISSION_INCOME":null,"FEE_COMMISSION_INCOME_YOY":null,"ACCOUNTS_RECE_TDAYS":0.119419850156,"INVENTORY_TDAYS":null,"CURRENT_ASSETS_TDAYS":0.03749576318,"TOTAL_ASSETS_TDAYS":0.017675834993,"PREMIUM_EXPENSE":null,"LOAN_DEPOSIT":null,"LOAN_EQUITY":null,"LOAN_ASSETS":null,"DEPOSIT_EQUITY":null,"DEPOSIT_ASSETS":null,"EQUITY_MULTIPLIER":6.466165940218,"EQUITY_RATIO":5.478776397475},{"SECUCODE":"01905.HK","SECURITY_CODE":"01905","SECURITY_NAME_ABBR":"海通恒信","ORG_CODE":"10295722","STD_REPORT_DATE":"2022-12-31 00:00:00","REPORT_DATE":"2022-12-31 00:00:00","DATE_TYPE_CODE":"001","REPORT_TYPE":"2022年年报","PER_NETCASH_OPERATE":-1.066133595619,"PER_OI":1.035135210618,"BPS":1.959793207291,"BASIC_EPS":0.17,"DILUTED_EPS":null,"OPERATE_INCOME":8524649000,"OPERATE_INCOME_YOY":4.2438342277,"GROSS_PROFIT":8524649000,"GROSS_PROFIT_YOY":4.243834227748,"HOLDER_PROFIT":1433553000,"HOLDER_PROFIT_YOY":8.5013143046,"GROSS_PROFIT_RATIO":null,"EPS_TTM":0.174074168518,"OPERATE_INCOME_QOQ":2.009671974159,"NET_PROFIT_RATIO":17.9818430061,"ROE_AVG":7.894371650523,"GROSS_PROFIT_QOQ":1.119215308314,"ROA":1.198347099493,"HOLDER_PROFIT_QOQ":0.297379074164,"ROE_YEARLY":7.894371650523,"ROIC_YEARLY":1.267130836317,"TOTAL_ASSETS":124513744000,"TOTAL_LIABILITIES":105687080000,"TAX_EBT":25.45010388135,"OCF_SALES":-102.99462183135,"TOTAL_PARENT_EQUITY":18782388000,"DEBT_ASSET_RATIO":84.8798506934,"OPERATE_PROFIT":5598061000,"PRETAX_PROFIT":2056192000,"NETCASH_OPERATE":-5566580000,"NETCASH_INVEST":179826000,"NETCASH_FINANCE":4797728000,"END_CASH":5409483000,"DIVI_RATIO":0.488526988075,"DIVIDEND_RATE":10.505988764045,"CURRENT_RATIO":1.00111270197,"COMMON_ACS":null,"CURRENTDEBT_DEBT":54.463408393912,"ISSUED_COMMON_SHARES":8235300000,"HK_COMMON_SHARES":5794453176,"PER_SHARES":2000,"TOTAL_MARKET_CAP":7329417000,"HKSK_MARKET_CAP":5157063326.64,"PE_TTM":4.337436016001,"PB_TTM":0.37704872881,"REPORT_DATE_SQ":"2021-12-31 00:00:00","REPORT_TYPE_SQ":"2021年年报","OPERATE_INCOME_SQ":8177605000,"DPS_HKD":0.0935033,"OPERATE_INCOME_QOQ_SQ":5.822318748616,"NET_PROFIT_RATIO_SQ":17.2771856797,"HOLDER_PROFIT_SQ":1321231000,"HOLDER_PROFIT_QOQ_SQ":3.395506051457,"ROE_AVG_SQ":7.92626752439,"PE_TTM_SQ":3.863616517457,"PB_TTM_SQ":0.349710872733,"ROA_SQ":1.185583735156,"START_DATE":"2022-01-01 00:00:00","FISCAL_YEAR":"12-31","CURRENCY":"HKD","IS_CNY_CODE":0,"DPS_HKD_LY":0.0795815,"ORG_TYPE":"一般企业","PREMIUM_INCOME":null,"PREMIUM_INCOME_YOY":null,"NET_INTEREST_INCOME":null,"NET_INTEREST_INCOME_YOY":null,"FEE_COMMISSION_INCOME":null,"FEE_COMMISSION_INCOME_YOY":null,"ACCOUNTS_RECE_TDAYS":0.281741475276,"INVENTORY_TDAYS":null,"CURRENT_ASSETS_TDAYS":0.142681382284,"TOTAL_ASSETS_TDAYS":0.071259928327,"PREMIUM_EXPENSE":null,"LOAN_DEPOSIT":null,"LOAN_EQUITY":null,"LOAN_ASSETS":null,"DEPOSIT_EQUITY":null,"DEPOSIT_ASSETS":null,"EQUITY_MULTIPLIER":6.613691305042,"EQUITY_RATIO":5.626924542289},{"SECUCODE":"01905.HK","SECURITY_CODE":"01905","SECURITY_NAME_ABBR":"海通恒信","ORG_CODE":"10295722","STD_REPORT_DATE":"2022-09-30 00:00:00","REPORT_DATE":"2022-09-30 00:00:00","DATE_TYPE_CODE":"004","REPORT_TYPE":"2022年三季报","PER_NETCASH_OPERATE":-0.32554587449,"PER_OI":0.760236997222,"BPS":1.923646735579,"BASIC_EPS":0.13,"DILUTED_EPS":null,"OPERATE_INCOME":6260779743.22,"OPERATE_INCOME_YOY":2.9449373243,"GROSS_PROFIT":3468670322.94,"GROSS_PROFIT_YOY":7.857352313903,"HOLDER_PROFIT":1142365172.37,"HOLDER_PROFIT_YOY":10.4488272293,"GROSS_PROFIT_RATIO":55.403168059,"EPS_TTM":0.173558043216,"OPERATE_INCOME_QOQ":1.659993220523,"NET_PROFIT_RATIO":18.2603174456,"ROE_AVG":6.435768495157,"GROSS_PROFIT_QOQ":2.55521198124,"ROA":0.979911485853,"HOLDER_PROFIT_QOQ":2.507021449482,"ROE_YEARLY":8.581024660209,"ROIC_YEARLY":1.04355113937,"TOTAL_ASSETS":118415498316.28,"TOTAL_LIABILITIES":100411159425.06,"TAX_EBT":24.917421185424,"OCF_SALES":-42.82163005484,"TOTAL_PARENT_EQUITY":17964537440.17,"DEBT_ASSET_RATIO":84.7956229149,"OPERATE_PROFIT":1537256734.04,"PRETAX_PROFIT":1522641168.87,"NETCASH_OPERATE":-363896866.74,"NETCASH_INVEST":72523763.13,"NETCASH_FINANCE":923424788.49,"END_CASH":6632568021.14,"DIVI_RATIO":0.489979765109,"DIVIDEND_RATE":10.505988764045,"CURRENT_RATIO":1.00429157764,"COMMON_ACS":null,"CURRENTDEBT_DEBT":56.813568198818,"ISSUED_COMMON_SHARES":8235300000,"HK_COMMON_SHARES":5794453176,"PER_SHARES":2000,"TOTAL_MARKET_CAP":7329417000,"HKSK_MARKET_CAP":5157063326.64,"PE_TTM":4.337436016001,"PB_TTM":0.37704872881,"REPORT_DATE_SQ":"2021-09-30 00:00:00","REPORT_TYPE_SQ":"2021年三季报","OPERATE_INCOME_SQ":6081678133.91,"DPS_HKD":0.0935033,"OPERATE_INCOME_QOQ_SQ":-4.241694773803,"NET_PROFIT_RATIO_SQ":17.0220136215,"HOLDER_PROFIT_SQ":1034293619.07,"HOLDER_PROFIT_QOQ_SQ":14.854441652023,"ROE_AVG_SQ":6.208081706194,"PE_TTM_SQ":3.863616517457,"PB_TTM_SQ":0.349710872733,"ROA_SQ":0.947024842421,"START_DATE":"2022-01-01 00:00:00","FISCAL_YEAR":"12-31","CURRENCY":"HKD","IS_CNY_CODE":0,"DPS_HKD_LY":0.0795815,"ORG_TYPE":"一般企业","PREMIUM_INCOME":null,"PREMIUM_INCOME_YOY":null,"NET_INTEREST_INCOME":null,"NET_INTEREST_INCOME_YOY":null,"FEE_COMMISSION_INCOME":null,"FEE_COMMISSION_INCOME_YOY":null,"ACCOUNTS_RECE_TDAYS":0.523493113058,"INVENTORY_TDAYS":null,"CURRENT_ASSETS_TDAYS":0.105082563002,"TOTAL_ASSETS_TDAYS":0.053704455713,"PREMIUM_EXPENSE":null,"LOAN_DEPOSIT":null,"LOAN_EQUITY":null,"LOAN_ASSETS":null,"DEPOSIT_EQUITY":null,"DEPOSIT_ASSETS":null,"EQUITY_MULTIPLIER":6.57705339984,"EQUITY_RATIO":5.589409677787}],"count":32},"success":true,"message":"ok","code":0}