{"version":"66e846f65311711776c981cd4bcba8e0","result":{"pages":4,"data":[{"SECUCODE":"01918.HK","SECURITY_CODE":"01918","SECURITY_NAME_ABBR":"融创中国","ORG_CODE":"10135534","STD_REPORT_DATE":"2024-06-30 00:00:00","REPORT_DATE":"2024-06-30 00:00:00","DATE_TYPE_CODE":"002","REPORT_TYPE":"2024年中报","PER_NETCASH_OPERATE":0.015303455129,"PER_OI":3.97653604978,"BPS":5.153832442688,"BASIC_EPS":-1.79,"DILUTED_EPS":-1.79,"OPERATE_INCOME":34279616000,"OPERATE_INCOME_YOY":-41.3750576123,"GROSS_PROFIT":-1808650000,"GROSS_PROFIT_YOY":41.254060880236,"HOLDER_PROFIT":-14957186000,"HOLDER_PROFIT_YOY":2.6658881076,"GROSS_PROFIT_RATIO":-5.276167621014,"EPS_TTM":-0.87690098282,"OPERATE_INCOME_QOQ":-15.6863088103,"NET_PROFIT_RATIO":-48.6149728165,"ROE_AVG":-27.098372045278,"GROSS_PROFIT_QOQ":50.748958243016,"ROA":-1.542117688188,"HOLDER_PROFIT_QOQ":5.140731610876,"ROE_YEARLY":-54.196744090556,"ROIC_YEARLY":-3.169354400159,"TOTAL_ASSETS":961969990000,"TOTAL_LIABILITIES":895711804000,"TAX_EBT":4.014928607147,"OCF_SALES":0.384843867563,"TOTAL_PARENT_EQUITY":47962851000,"DEBT_ASSET_RATIO":93.1122398111,"OPERATE_PROFIT":-9681177000,"PRETAX_PROFIT":-17362102000,"NETCASH_OPERATE":131923000,"NETCASH_INVEST":1090060000,"NETCASH_FINANCE":-2892708000,"END_CASH":5389001000,"DIVI_RATIO":null,"DIVIDEND_RATE":null,"CURRENT_RATIO":0.938202018029,"COMMON_ACS":15000000000,"CURRENTDEBT_DEBT":88.943045904082,"ISSUED_COMMON_SHARES":9306249579,"HK_COMMON_SHARES":9306249579,"PER_SHARES":1000,"TOTAL_MARKET_CAP":17867999191.68,"HKSK_MARKET_CAP":17867999191.68,"PE_TTM":-2.098511178352,"PB_TTM":0.340008259773,"REPORT_DATE_SQ":"2023-06-30 00:00:00","REPORT_TYPE_SQ":"2023年中报","OPERATE_INCOME_SQ":58472750000,"DPS_HKD":null,"OPERATE_INCOME_QOQ_SQ":10.262078529132,"NET_PROFIT_RATIO_SQ":-29.1865048249,"HOLDER_PROFIT_SQ":-15366849000,"HOLDER_PROFIT_QOQ_SQ":12.265015509953,"ROE_AVG_SQ":-30.310234920337,"PE_TTM_SQ":-0.405055708512,"PB_TTM_SQ":0.223618114437,"ROA_SQ":-1.42276514617,"START_DATE":"2024-01-01 00:00:00","FISCAL_YEAR":"12-31","CURRENCY":"HKD","IS_CNY_CODE":0,"DPS_HKD_LY":null,"ORG_TYPE":"一般企业","PREMIUM_INCOME":null,"PREMIUM_INCOME_YOY":null,"NET_INTEREST_INCOME":null,"NET_INTEREST_INCOME_YOY":null,"FEE_COMMISSION_INCOME":null,"FEE_COMMISSION_INCOME_YOY":null,"ACCOUNTS_RECE_TDAYS":0.609779528789,"INVENTORY_TDAYS":0.063532202196,"CURRENT_ASSETS_TDAYS":0.045525737081,"TOTAL_ASSETS_TDAYS":0.03534301317,"PREMIUM_EXPENSE":null,"LOAN_DEPOSIT":null,"LOAN_EQUITY":null,"LOAN_ASSETS":null,"DEPOSIT_EQUITY":null,"DEPOSIT_ASSETS":null,"EQUITY_MULTIPLIER":14.518507796069,"EQUITY_RATIO":18.675115955888},{"SECUCODE":"01918.HK","SECURITY_CODE":"01918","SECURITY_NAME_ABBR":"融创中国","ORG_CODE":"10135534","STD_REPORT_DATE":"2023-12-31 00:00:00","REPORT_DATE":"2023-12-31 00:00:00","DATE_TYPE_CODE":"001","REPORT_TYPE":"2023年年报","PER_NETCASH_OPERATE":-1.880145604051,"PER_OI":18.369545187899,"BPS":6.70827882597,"BASIC_EPS":-1.43,"DILUTED_EPS":-1.43,"OPERATE_INCOME":154230892000,"OPERATE_INCOME_YOY":59.4088682455,"GROSS_PROFIT":-2502743000,"GROSS_PROFIT_YOY":-205.519943845943,"HOLDER_PROFIT":-7968963000,"HOLDER_PROFIT_YOY":71.1989555679,"GROSS_PROFIT_RATIO":-1.622724842958,"EPS_TTM":-0.949136868956,"OPERATE_INCOME_QOQ":44.572703845255,"NET_PROFIT_RATIO":-6.7505866464,"ROE_AVG":-13.183020286982,"GROSS_PROFIT_QOQ":-215.654092671408,"ROA":-0.770684669333,"HOLDER_PROFIT_QOQ":67.172679633402,"ROE_YEARLY":-13.183020286982,"ROIC_YEARLY":-0.796867274508,"TOTAL_ASSETS":977854203000,"TOTAL_LIABILITIES":894068338000,"TAX_EBT":-102.798056845451,"OCF_SALES":-10.235123324061,"TOTAL_PARENT_EQUITY":62428917000,"DEBT_ASSET_RATIO":91.4316607994,"OPERATE_PROFIT":-1933981000,"PRETAX_PROFIT":-5133920000,"NETCASH_OPERATE":-15785722000,"NETCASH_INVEST":2738227000,"NETCASH_FINANCE":8481291000,"END_CASH":7056374000,"DIVI_RATIO":null,"DIVIDEND_RATE":null,"CURRENT_RATIO":0.973381808738,"COMMON_ACS":15000000000,"CURRENTDEBT_DEBT":87.157323649683,"ISSUED_COMMON_SHARES":9306249579,"HK_COMMON_SHARES":9306249579,"PER_SHARES":1000,"TOTAL_MARKET_CAP":17681874200.1,"HKSK_MARKET_CAP":17681874200.1,"PE_TTM":-2.076651686911,"PB_TTM":0.336466507067,"REPORT_DATE_SQ":"2022-12-31 00:00:00","REPORT_TYPE_SQ":"2022年年报","OPERATE_INCOME_SQ":96751764000,"DPS_HKD":null,"OPERATE_INCOME_QOQ_SQ":-35.974493391451,"NET_PROFIT_RATIO_SQ":-30.8955390209,"HOLDER_PROFIT_SQ":-27669007000,"HOLDER_PROFIT_QOQ_SQ":59.90825688871,"ROE_AVG_SQ":-39.264141723351,"PE_TTM_SQ":-0.421388599984,"PB_TTM_SQ":0.23263497389,"ROA_SQ":-2.441322986923,"START_DATE":"2023-01-01 00:00:00","FISCAL_YEAR":"12-31","CURRENCY":"HKD","IS_CNY_CODE":0,"DPS_HKD_LY":null,"ORG_TYPE":"一般企业","PREMIUM_INCOME":null,"PREMIUM_INCOME_YOY":null,"NET_INTEREST_INCOME":null,"NET_INTEREST_INCOME_YOY":null,"FEE_COMMISSION_INCOME":null,"FEE_COMMISSION_INCOME_YOY":null,"ACCOUNTS_RECE_TDAYS":2.747753239682,"INVENTORY_TDAYS":0.257114129698,"CURRENT_ASSETS_TDAYS":0.193064556862,"TOTAL_ASSETS_TDAYS":0.149157906746,"PREMIUM_EXPENSE":null,"LOAN_DEPOSIT":null,"LOAN_EQUITY":null,"LOAN_ASSETS":null,"DEPOSIT_EQUITY":null,"DEPOSIT_ASSETS":null,"EQUITY_MULTIPLIER":11.67087315976,"EQUITY_RATIO":14.321381516197},{"SECUCODE":"01918.HK","SECURITY_CODE":"01918","SECURITY_NAME_ABBR":"融创中国","ORG_CODE":"10135534","STD_REPORT_DATE":"2023-06-30 00:00:00","REPORT_DATE":"2023-06-30 00:00:00","DATE_TYPE_CODE":"002","REPORT_TYPE":"2023年中报","PER_NETCASH_OPERATE":-1.603202626939,"PER_OI":10.731142552323,"BPS":4.612882304046,"BASIC_EPS":-2.86,"DILUTED_EPS":-2.86,"OPERATE_INCOME":58472750000,"OPERATE_INCOME_YOY":20.4530742497,"GROSS_PROFIT":-3078766000,"GROSS_PROFIT_YOY":49.211464135768,"HOLDER_PROFIT":-15366849000,"HOLDER_PROFIT_YOY":18.0891542248,"GROSS_PROFIT_RATIO":-5.265300503226,"EPS_TTM":-4.455114000684,"OPERATE_INCOME_QOQ":10.262078529132,"NET_PROFIT_RATIO":-29.1865048249,"ROE_AVG":-30.310234920337,"GROSS_PROFIT_QOQ":364.166997283853,"ROA":-1.42276514617,"HOLDER_PROFIT_QOQ":12.265015509953,"ROE_YEARLY":-60.620469840675,"ROIC_YEARLY":-2.942419675081,"TOTAL_ASSETS":1069971051000,"TOTAL_LIABILITIES":1002739397000,"TAX_EBT":-8.874167183197,"OCF_SALES":-14.939719784002,"TOTAL_PARENT_EQUITY":42928634000,"DEBT_ASSET_RATIO":93.7164978494,"OPERATE_PROFIT":-12917592000,"PRETAX_PROFIT":-15675116000,"NETCASH_OPERATE":-8735665000,"NETCASH_INVEST":-966008000,"NETCASH_FINANCE":5401421000,"END_CASH":7291537000,"DIVI_RATIO":null,"DIVIDEND_RATE":null,"CURRENT_RATIO":0.910410572284,"COMMON_ACS":15000000000,"CURRENTDEBT_DEBT":90.833570888409,"ISSUED_COMMON_SHARES":9306249579,"HK_COMMON_SHARES":9306249579,"PER_SHARES":1000,"TOTAL_MARKET_CAP":17681874200.1,"HKSK_MARKET_CAP":17681874200.1,"PE_TTM":-2.076651686911,"PB_TTM":0.336466507067,"REPORT_DATE_SQ":"2022-06-30 00:00:00","REPORT_TYPE_SQ":"2022年中报","OPERATE_INCOME_SQ":48544008000,"DPS_HKD":null,"OPERATE_INCOME_QOQ_SQ":-23.828371507946,"NET_PROFIT_RATIO_SQ":-41.9229063245,"HOLDER_PROFIT_SQ":-18760457000,"HOLDER_PROFIT_QOQ_SQ":-80.360232662729,"ROE_AVG_SQ":-25.050343655036,"PE_TTM_SQ":-0.421388599984,"PB_TTM_SQ":0.23263497389,"ROA_SQ":-1.617501216179,"START_DATE":"2023-01-01 00:00:00","FISCAL_YEAR":"12-31","CURRENCY":"HKD","IS_CNY_CODE":0,"DPS_HKD_LY":null,"ORG_TYPE":"一般企业","PREMIUM_INCOME":null,"PREMIUM_INCOME_YOY":null,"NET_INTEREST_INCOME":null,"NET_INTEREST_INCOME_YOY":null,"FEE_COMMISSION_INCOME":null,"FEE_COMMISSION_INCOME_YOY":null,"ACCOUNTS_RECE_TDAYS":0.997884974156,"INVENTORY_TDAYS":0.096449270654,"CURRENT_ASSETS_TDAYS":0.070093013364,"TOTAL_ASSETS_TDAYS":0.054137963288,"PREMIUM_EXPENSE":null,"LOAN_DEPOSIT":null,"LOAN_EQUITY":null,"LOAN_ASSETS":null,"DEPOSIT_EQUITY":null,"DEPOSIT_ASSETS":null,"EQUITY_MULTIPLIER":15.914691775899,"EQUITY_RATIO":23.358288013544},{"SECUCODE":"01918.HK","SECURITY_CODE":"01918","SECURITY_NAME_ABBR":"融创中国","ORG_CODE":"10135534","STD_REPORT_DATE":"2022-12-31 00:00:00","REPORT_DATE":"2022-12-31 00:00:00","DATE_TYPE_CODE":"001","REPORT_TYPE":"2022年年报","PER_NETCASH_OPERATE":3.80590729014,"PER_OI":17.756253497103,"BPS":6.282709431298,"BASIC_EPS":-5.16,"DILUTED_EPS":-5.16,"OPERATE_INCOME":96751764000,"OPERATE_INCOME_YOY":-51.230728966,"GROSS_PROFIT":-819175000,"GROSS_PROFIT_YOY":54.309113412458,"HOLDER_PROFIT":-27669007000,"HOLDER_PROFIT_YOY":27.6904388459,"GROSS_PROFIT_RATIO":-0.846677069371,"EPS_TTM":-5.077921910603,"OPERATE_INCOME_QOQ":-35.974493391451,"NET_PROFIT_RATIO":-30.8955390209,"ROE_AVG":-39.264141723351,"GROSS_PROFIT_QOQ":97.056555703599,"ROA":-2.441322986923,"HOLDER_PROFIT_QOQ":59.90825688871,"ROE_YEARLY":-39.264141723351,"ROIC_YEARLY":-2.549389422862,"TOTAL_ASSETS":1090167471000,"TOTAL_LIABILITIES":1003764634000,"TAX_EBT":4.509461738318,"OCF_SALES":21.434179742707,"TOTAL_PARENT_EQUITY":58468462000,"DEBT_ASSET_RATIO":92.0743519415,"OPERATE_PROFIT":-22032772000,"PRETAX_PROFIT":-31303603000,"NETCASH_OPERATE":20737947000,"NETCASH_INVEST":5565448000,"NETCASH_FINANCE":-29111730000,"END_CASH":11601128000,"DIVI_RATIO":null,"DIVIDEND_RATE":null,"CURRENT_RATIO":0.897282952169,"COMMON_ACS":15000000000,"CURRENTDEBT_DEBT":93.17704971064,"ISSUED_COMMON_SHARES":9306249579,"HK_COMMON_SHARES":9306249579,"PER_SHARES":1000,"TOTAL_MARKET_CAP":17681874200.1,"HKSK_MARKET_CAP":17681874200.1,"PE_TTM":-2.076651686911,"PB_TTM":0.336466507067,"REPORT_DATE_SQ":"2021-12-31 00:00:00","REPORT_TYPE_SQ":"2021年年报","OPERATE_INCOME_SQ":198386734000,"DPS_HKD":null,"OPERATE_INCOME_QOQ_SQ":-20.346448824905,"NET_PROFIT_RATIO_SQ":-21.1707492498,"HOLDER_PROFIT_SQ":-38264659000,"HOLDER_PROFIT_QOQ_SQ":-204.33795349308,"ROE_AVG_SQ":-36.775820256949,"PE_TTM_SQ":-0.421388599984,"PB_TTM_SQ":0.23263497389,"ROA_SQ":-3.349262784411,"START_DATE":"2022-01-01 00:00:00","FISCAL_YEAR":"12-31","CURRENCY":"HKD","IS_CNY_CODE":0,"DPS_HKD_LY":null,"ORG_TYPE":"一般企业","PREMIUM_INCOME":null,"PREMIUM_INCOME_YOY":null,"NET_INTEREST_INCOME":null,"NET_INTEREST_INCOME_YOY":null,"FEE_COMMISSION_INCOME":null,"FEE_COMMISSION_INCOME_YOY":null,"ACCOUNTS_RECE_TDAYS":1.524624241736,"INVENTORY_TDAYS":0.147542105958,"CURRENT_ASSETS_TDAYS":0.110413766895,"TOTAL_ASSETS_TDAYS":0.085367106047,"PREMIUM_EXPENSE":null,"LOAN_DEPOSIT":null,"LOAN_EQUITY":null,"LOAN_ASSETS":null,"DEPOSIT_EQUITY":null,"DEPOSIT_ASSETS":null,"EQUITY_MULTIPLIER":12.617264766476,"EQUITY_RATIO":17.167625069392},{"SECUCODE":"01918.HK","SECURITY_CODE":"01918","SECURITY_NAME_ABBR":"融创中国","ORG_CODE":"10135534","STD_REPORT_DATE":"2022-06-30 00:00:00","REPORT_DATE":"2022-06-30 00:00:00","DATE_TYPE_CODE":"002","REPORT_TYPE":"2022年中报","PER_NETCASH_OPERATE":3.719915735235,"PER_OI":8.908981874619,"BPS":7.23306455824,"BASIC_EPS":-3.51,"DILUTED_EPS":-3.51,"OPERATE_INCOME":48544008000,"OPERATE_INCOME_YOY":-49.3363970837,"GROSS_PROFIT":-6061931000,"GROSS_PROFIT_YOY":-130.346530586642,"HOLDER_PROFIT":-18760457000,"HOLDER_PROFIT_YOY":-256.4791203886,"GROSS_PROFIT_RATIO":-12.487495882087,"EPS_TTM":-12.665754882514,"OPERATE_INCOME_QOQ":-23.828371507946,"NET_PROFIT_RATIO":-41.9229063245,"ROE_AVG":-25.050343655036,"GROSS_PROFIT_QOQ":-1452.29323155199,"ROA":-1.617501216179,"HOLDER_PROFIT_QOQ":-80.360232662729,"ROE_YEARLY":-50.100687310073,"ROIC_YEARLY":-3.393880731909,"TOTAL_ASSETS":1143128932000,"TOTAL_LIABILITIES":1037097065000,"TAX_EBT":6.621314670437,"OCF_SALES":41.754667228961,"TOTAL_PARENT_EQUITY":67312704000,"DEBT_ASSET_RATIO":90.7244175148,"OPERATE_PROFIT":-16580563000,"PRETAX_PROFIT":-21794116000,"NETCASH_OPERATE":20269389000,"NETCASH_INVEST":4906100000,"NETCASH_FINANCE":-26293057000,"END_CASH":13323661000,"DIVI_RATIO":null,"DIVIDEND_RATE":null,"CURRENT_RATIO":0.90822009723,"COMMON_ACS":15000000000,"CURRENTDEBT_DEBT":94.093224340578,"ISSUED_COMMON_SHARES":9306249579,"HK_COMMON_SHARES":9306249579,"PER_SHARES":1000,"TOTAL_MARKET_CAP":17681874200.1,"HKSK_MARKET_CAP":17681874200.1,"PE_TTM":-2.076651686911,"PB_TTM":0.336466507067,"REPORT_DATE_SQ":"2021-06-30 00:00:00","REPORT_TYPE_SQ":"2021年中报","OPERATE_INCOME_SQ":95816336000,"DPS_HKD":null,"OPERATE_INCOME_QOQ_SQ":8.012005880444,"NET_PROFIT_RATIO_SQ":13.8772400982,"HOLDER_PROFIT_SQ":11989112000,"HOLDER_PROFIT_QOQ_SQ":2.889676846265,"ROE_AVG_SQ":9.439677727736,"PE_TTM_SQ":-0.421388599984,"PB_TTM_SQ":0.23263497389,"ROA_SQ":1.036287448539,"START_DATE":"2022-01-01 00:00:00","FISCAL_YEAR":"12-31","CURRENCY":"HKD","IS_CNY_CODE":0,"DPS_HKD_LY":null,"ORG_TYPE":"一般企业","PREMIUM_INCOME":null,"PREMIUM_INCOME_YOY":null,"NET_INTEREST_INCOME":null,"NET_INTEREST_INCOME_YOY":null,"FEE_COMMISSION_INCOME":null,"FEE_COMMISSION_INCOME_YOY":null,"ACCOUNTS_RECE_TDAYS":0.723762623343,"INVENTORY_TDAYS":0.081096660407,"CURRENT_ASSETS_TDAYS":0.053949856359,"TOTAL_ASSETS_TDAYS":0.041853986808,"PREMIUM_EXPENSE":null,"LOAN_DEPOSIT":null,"LOAN_EQUITY":null,"LOAN_ASSETS":null,"DEPOSIT_EQUITY":null,"DEPOSIT_ASSETS":null,"EQUITY_MULTIPLIER":10.780994094932,"EQUITY_RATIO":15.407152043691},{"SECUCODE":"01918.HK","SECURITY_CODE":"01918","SECURITY_NAME_ABBR":"融创中国","ORG_CODE":"10135534","STD_REPORT_DATE":"2021-12-31 00:00:00","REPORT_DATE":"2021-12-31 00:00:00","DATE_TYPE_CODE":"001","REPORT_TYPE":"2021年年报","PER_NETCASH_OPERATE":-8.015116163062,"PER_OI":39.702089849091,"BPS":8.861714732656,"BASIC_EPS":-8.27,"DILUTED_EPS":-8.27,"OPERATE_INCOME":198386734000,"OPERATE_INCOME_YOY":-13.9646016208,"GROSS_PROFIT":-1792863000,"GROSS_PROFIT_YOY":-103.704005182615,"HOLDER_PROFIT":-38264659000,"HOLDER_PROFIT_YOY":-207.352983177,"GROSS_PROFIT_RATIO":-0.903721213536,"EPS_TTM":-7.657704217576,"OPERATE_INCOME_QOQ":-20.346448824905,"NET_PROFIT_RATIO":-21.1707492498,"ROE_AVG":-36.775820256949,"GROSS_PROFIT_QOQ":-103.541580132813,"ROA":-3.349262784411,"HOLDER_PROFIT_QOQ":-204.33795349308,"ROE_YEARLY":-36.775820256949,"ROIC_YEARLY":-3.683726023623,"TOTAL_ASSETS":1176554888000,"TOTAL_LIABILITIES":1051880642000,"TAX_EBT":3.832117636518,"OCF_SALES":-20.188146753805,"TOTAL_PARENT_EQUITY":82469329000,"DEBT_ASSET_RATIO":89.4034483838,"OPERATE_PROFIT":-46098722000,"PRETAX_PROFIT":-43673581000,"NETCASH_OPERATE":-40050605000,"NETCASH_INVEST":-32865904000,"NETCASH_FINANCE":-11452459000,"END_CASH":14344001000,"DIVI_RATIO":null,"DIVIDEND_RATE":null,"CURRENT_RATIO":0.973782073379,"COMMON_ACS":15000000000,"CURRENTDEBT_DEBT":89.165216998071,"ISSUED_COMMON_SHARES":9306249579,"HK_COMMON_SHARES":9306249579,"PER_SHARES":1000,"TOTAL_MARKET_CAP":17681874200.1,"HKSK_MARKET_CAP":17681874200.1,"PE_TTM":-2.076651686911,"PB_TTM":0.336466507067,"REPORT_DATE_SQ":"2020-12-31 00:00:00","REPORT_TYPE_SQ":"2020年年报","OPERATE_INCOME_SQ":230587337000,"DPS_HKD":null,"OPERATE_INCOME_QOQ_SQ":35.783556544473,"NET_PROFIT_RATIO_SQ":17.1516049036,"HOLDER_PROFIT_SQ":35643778000,"HOLDER_PROFIT_QOQ_SQ":33.495690931955,"ROE_AVG_SQ":33.707252682498,"PE_TTM_SQ":-0.421388599984,"PB_TTM_SQ":0.23263497389,"ROA_SQ":3.445417114944,"START_DATE":"2021-01-01 00:00:00","FISCAL_YEAR":"12-31","CURRENCY":"HKD","IS_CNY_CODE":0,"DPS_HKD_LY":2,"ORG_TYPE":"一般企业","PREMIUM_INCOME":null,"PREMIUM_INCOME_YOY":null,"NET_INTEREST_INCOME":null,"NET_INTEREST_INCOME_YOY":null,"FEE_COMMISSION_INCOME":null,"FEE_COMMISSION_INCOME_YOY":null,"ACCOUNTS_RECE_TDAYS":3.088250262758,"INVENTORY_TDAYS":0.32027441432,"CURRENT_ASSETS_TDAYS":0.226953343389,"TOTAL_ASSETS_TDAYS":0.173645688338,"PREMIUM_EXPENSE":null,"LOAN_DEPOSIT":null,"LOAN_EQUITY":null,"LOAN_ASSETS":null,"DEPOSIT_EQUITY":null,"DEPOSIT_ASSETS":null,"EQUITY_MULTIPLIER":9.437032312202,"EQUITY_RATIO":12.754810239817},{"SECUCODE":"01918.HK","SECURITY_CODE":"01918","SECURITY_NAME_ABBR":"融创中国","ORG_CODE":"10135534","STD_REPORT_DATE":"2021-06-30 00:00:00","REPORT_DATE":"2021-06-30 00:00:00","DATE_TYPE_CODE":"002","REPORT_TYPE":"2021年中报","PER_NETCASH_OPERATE":2.506561574245,"PER_OI":20.494228334361,"BPS":13.795866413223,"BASIC_EPS":2.62,"DILUTED_EPS":2.59,"OPERATE_INCOME":95816336000,"OPERATE_INCOME_YOY":23.8870872511,"GROSS_PROFIT":19975697000,"GROSS_PROFIT_YOY":12.502332335557,"HOLDER_PROFIT":11989112000,"HOLDER_PROFIT_YOY":9.3984718849,"GROSS_PROFIT_RATIO":20.847903221847,"EPS_TTM":7.844179882577,"OPERATE_INCOME_QOQ":8.012005880444,"NET_PROFIT_RATIO":13.8772400982,"ROE_AVG":9.439677727736,"GROSS_PROFIT_QOQ":4.586231109034,"ROA":1.036287448539,"HOLDER_PROFIT_QOQ":2.889676846265,"ROE_YEARLY":18.879355455472,"ROIC_YEARLY":2.419718855747,"TOTAL_ASSETS":1205453179000,"TOTAL_LIABILITIES":997121762000,"TAX_EBT":24.494537256817,"OCF_SALES":12.23057308307,"TOTAL_PARENT_EQUITY":128387776000,"DEBT_ASSET_RATIO":82.7175853339,"OPERATE_PROFIT":14549271000,"PRETAX_PROFIT":17610200000,"NETCASH_OPERATE":11718887000,"NETCASH_INVEST":-32889959000,"NETCASH_FINANCE":23571939000,"END_CASH":101099468000,"DIVI_RATIO":null,"DIVIDEND_RATE":null,"CURRENT_RATIO":1.205702649258,"COMMON_ACS":15000000000,"CURRENTDEBT_DEBT":75.714002118028,"ISSUED_COMMON_SHARES":9306249579,"HK_COMMON_SHARES":9306249579,"PER_SHARES":1000,"TOTAL_MARKET_CAP":17681874200.1,"HKSK_MARKET_CAP":17681874200.1,"PE_TTM":-2.076651686911,"PB_TTM":0.336466507067,"REPORT_DATE_SQ":"2020-06-30 00:00:00","REPORT_TYPE_SQ":"2020年中报","OPERATE_INCOME_SQ":77341665000,"DPS_HKD":null,"OPERATE_INCOME_QOQ_SQ":0.297532407006,"NET_PROFIT_RATIO_SQ":15.1288209272,"HOLDER_PROFIT_SQ":10959122000,"HOLDER_PROFIT_QOQ_SQ":2.585019194118,"ROE_AVG_SQ":11.932122970357,"PE_TTM_SQ":-0.421388599984,"PB_TTM_SQ":0.23263497389,"ROA_SQ":1.119963053792,"START_DATE":"2021-01-01 00:00:00","FISCAL_YEAR":"12-31","CURRENCY":"HKD","IS_CNY_CODE":0,"DPS_HKD_LY":2,"ORG_TYPE":"一般企业","PREMIUM_INCOME":null,"PREMIUM_INCOME_YOY":null,"NET_INTEREST_INCOME":null,"NET_INTEREST_INCOME_YOY":null,"FEE_COMMISSION_INCOME":null,"FEE_COMMISSION_INCOME_YOY":null,"ACCOUNTS_RECE_TDAYS":1.454689159624,"INVENTORY_TDAYS":0.126176918119,"CURRENT_ASSETS_TDAYS":0.109805770156,"TOTAL_ASSETS_TDAYS":0.082819533558,"PREMIUM_EXPENSE":null,"LOAN_DEPOSIT":null,"LOAN_EQUITY":null,"LOAN_ASSETS":null,"DEPOSIT_EQUITY":null,"DEPOSIT_ASSETS":null,"EQUITY_MULTIPLIER":5.786228483231,"EQUITY_RATIO":7.766485198715},{"SECUCODE":"01918.HK","SECURITY_CODE":"01918","SECURITY_NAME_ABBR":"融创中国","ORG_CODE":"10135534","STD_REPORT_DATE":"2020-12-31 00:00:00","REPORT_DATE":"2020-12-31 00:00:00","DATE_TYPE_CODE":"001","REPORT_TYPE":"2020年年报","PER_NETCASH_OPERATE":15.80681349764,"PER_OI":49.448454640435,"BPS":13.499262504574,"BASIC_EPS":7.82,"DILUTED_EPS":7.74,"OPERATE_INCOME":230587337000,"OPERATE_INCOME_YOY":36.1875566286,"GROSS_PROFIT":48403361000,"GROSS_PROFIT_YOY":16.898471429184,"HOLDER_PROFIT":35643778000,"HOLDER_PROFIT_YOY":36.9465801659,"GROSS_PROFIT_RATIO":20.991335270072,"EPS_TTM":7.643653648018,"OPERATE_INCOME_QOQ":35.783556544473,"NET_PROFIT_RATIO":17.1516049036,"ROE_AVG":33.707252682498,"GROSS_PROFIT_QOQ":21.589985639813,"ROA":3.445417114944,"HOLDER_PROFIT_QOQ":33.495690931955,"ROE_YEARLY":33.707252682498,"ROIC_YEARLY":3.940332470707,"TOTAL_ASSETS":1108405204000,"TOTAL_LIABILITIES":930574721000,"TAX_EBT":31.260733713186,"OCF_SALES":31.966243662374,"TOTAL_PARENT_EQUITY":125627506000,"DEBT_ASSET_RATIO":83.9561847636,"OPERATE_PROFIT":49243914000,"PRETAX_PROFIT":57535425000,"NETCASH_OPERATE":73710110000,"NETCASH_INVEST":-17227465000,"NETCASH_FINANCE":-35378495000,"END_CASH":98710644000,"DIVI_RATIO":null,"DIVIDEND_RATE":null,"CURRENT_RATIO":1.220821255177,"COMMON_ACS":15000000000,"CURRENTDEBT_DEBT":73.493877446516,"ISSUED_COMMON_SHARES":9306249579,"HK_COMMON_SHARES":9306249579,"PER_SHARES":1000,"TOTAL_MARKET_CAP":17681874200.1,"HKSK_MARKET_CAP":17681874200.1,"PE_TTM":-2.076651686911,"PB_TTM":0.336466507067,"REPORT_DATE_SQ":"2019-12-31 00:00:00","REPORT_TYPE_SQ":"2019年年报","OPERATE_INCOME_SQ":169316010000,"DPS_HKD":null,"OPERATE_INCOME_QOQ_SQ":9.235616086135,"NET_PROFIT_RATIO_SQ":16.6292945363,"HOLDER_PROFIT_SQ":26027505000,"HOLDER_PROFIT_QOQ_SQ":27.015292242965,"ROE_AVG_SQ":37.206207267861,"PE_TTM_SQ":-0.421388599984,"PB_TTM_SQ":0.23263497389,"ROA_SQ":3.103483186456,"START_DATE":"2020-01-01 00:00:00","FISCAL_YEAR":"12-31","CURRENCY":"HKD","IS_CNY_CODE":0,"DPS_HKD_LY":1.34,"ORG_TYPE":"一般企业","PREMIUM_INCOME":null,"PREMIUM_INCOME_YOY":null,"NET_INTEREST_INCOME":null,"NET_INTEREST_INCOME_YOY":null,"FEE_COMMISSION_INCOME":null,"FEE_COMMISSION_INCOME_YOY":null,"ACCOUNTS_RECE_TDAYS":4.264015823215,"INVENTORY_TDAYS":0.346383095668,"CURRENT_ASSETS_TDAYS":0.295697028483,"TOTAL_ASSETS_TDAYS":0.222891512058,"PREMIUM_EXPENSE":null,"LOAN_DEPOSIT":null,"LOAN_EQUITY":null,"LOAN_ASSETS":null,"DEPOSIT_EQUITY":null,"DEPOSIT_ASSETS":null,"EQUITY_MULTIPLIER":6.232931414787,"EQUITY_RATIO":7.407412203184},{"SECUCODE":"01918.HK","SECURITY_CODE":"01918","SECURITY_NAME_ABBR":"融创中国","ORG_CODE":"10135534","STD_REPORT_DATE":"2020-06-30 00:00:00","REPORT_DATE":"2020-06-30 00:00:00","DATE_TYPE_CODE":"002","REPORT_TYPE":"2020年中报","PER_NETCASH_OPERATE":4.819742567302,"PER_OI":16.61220272922,"BPS":10.427432143984,"BASIC_EPS":2.41,"DILUTED_EPS":2.39,"OPERATE_INCOME":77341665000,"OPERATE_INCOME_YOY":0.6556270184,"GROSS_PROFIT":17755807000,"GROSS_PROFIT_YOY":-8.255119059343,"HOLDER_PROFIT":10959122000,"HOLDER_PROFIT_YOY":6.5408903838,"GROSS_PROFIT_RATIO":22.95762187173,"EPS_TTM":5.734957288381,"OPERATE_INCOME_QOQ":0.297532407006,"NET_PROFIT_RATIO":15.1288209272,"ROE_AVG":11.932122970357,"GROSS_PROFIT_QOQ":-3.858470897864,"ROA":1.119963053792,"HOLDER_PROFIT_QOQ":2.585019194118,"ROE_YEARLY":23.864245940713,"ROIC_YEARLY":2.538588885274,"TOTAL_ASSETS":996401388000,"TOTAL_LIABILITIES":862521041000,"TAX_EBT":37.945245102578,"OCF_SALES":29.013266006104,"TOTAL_PARENT_EQUITY":97828314000,"DEBT_ASSET_RATIO":86.5636129563,"OPERATE_PROFIT":18031677000,"PRETAX_PROFIT":18855738000,"NETCASH_OPERATE":22439343000,"NETCASH_INVEST":-10411361000,"NETCASH_FINANCE":-4815806000,"END_CASH":85228617000,"DIVI_RATIO":null,"DIVIDEND_RATE":null,"CURRENT_RATIO":1.172144548457,"COMMON_ACS":15000000000,"CURRENTDEBT_DEBT":74.694616406465,"ISSUED_COMMON_SHARES":9306249579,"HK_COMMON_SHARES":9306249579,"PER_SHARES":1000,"TOTAL_MARKET_CAP":17681874200.1,"HKSK_MARKET_CAP":17681874200.1,"PE_TTM":-2.076651686911,"PB_TTM":0.336466507067,"REPORT_DATE_SQ":"2019-06-30 00:00:00","REPORT_TYPE_SQ":"2019年中报","OPERATE_INCOME_SQ":76837895000,"DPS_HKD":null,"OPERATE_INCOME_QOQ_SQ":24.253447353419,"NET_PROFIT_RATIO_SQ":14.6947141121,"HOLDER_PROFIT_SQ":10286306000,"HOLDER_PROFIT_QOQ_SQ":23.692920698263,"ROE_AVG_SQ":17.130463870035,"PE_TTM_SQ":-0.421388599984,"PB_TTM_SQ":0.23263497389,"ROA_SQ":1.296338740229,"START_DATE":"2020-01-01 00:00:00","FISCAL_YEAR":"12-31","CURRENCY":"HKD","IS_CNY_CODE":0,"DPS_HKD_LY":1.34,"ORG_TYPE":"一般企业","PREMIUM_INCOME":null,"PREMIUM_INCOME_YOY":null,"NET_INTEREST_INCOME":null,"NET_INTEREST_INCOME_YOY":null,"FEE_COMMISSION_INCOME":null,"FEE_COMMISSION_INCOME_YOY":null,"ACCOUNTS_RECE_TDAYS":1.544256738517,"INVENTORY_TDAYS":0.119836007856,"CURRENT_ASSETS_TDAYS":0.104526889765,"TOTAL_ASSETS_TDAYS":0.079039002685,"PREMIUM_EXPENSE":null,"LOAN_DEPOSIT":null,"LOAN_EQUITY":null,"LOAN_ASSETS":null,"DEPOSIT_EQUITY":null,"DEPOSIT_ASSETS":null,"EQUITY_MULTIPLIER":7.442476885696,"EQUITY_RATIO":8.816681037762}],"count":35},"success":true,"message":"ok","code":0}