{"version":"bdfab486475ccb80d425d71b7660520d","result":{"pages":5,"data":[{"SECUCODE":"01913.HK","SECURITY_CODE":"01913","SECURITY_NAME_ABBR":"普拉达","ORG_CODE":"10176793","STD_REPORT_DATE":"2024-06-30 00:00:00","REPORT_DATE":"2024-06-30 00:00:00","DATE_TYPE_CODE":"002","REPORT_TYPE":"2024年中报","PER_NETCASH_OPERATE":2.393216802289,"PER_OI":7.631188826508,"BPS":11.736971747139,"BASIC_EPS":1.149255,"DILUTED_EPS":1.149255,"OPERATE_INCOME":19526869117.8,"OPERATE_INCOME_YOY":14.1667252738,"GROSS_PROFIT":15583598993.7,"GROSS_PROFIT_YOY":10.312683796797,"HOLDER_PROFIT":2938254288.3,"HOLDER_PROFIT_YOY":25.6681565564,"GROSS_PROFIT_RATIO":79.805927410527,"EPS_TTM":2.269848561175,"OPERATE_INCOME_QOQ":5.228574991012,"NET_PROFIT_RATIO":15.1341071335,"ROE_AVG":9.866623992656,"GROSS_PROFIT_QOQ":4.875843088347,"ROA":4.994931791652,"HOLDER_PROFIT_QOQ":10.133542765106,"ROE_YEARLY":19.733247985313,"ROIC_YEARLY":10.985069718853,"TOTAL_ASSETS":59305189645.8,"TOTAL_LIABILITIES":29139337539.9,"TAX_EBT":28.176504434584,"OCF_SALES":31.360995733401,"TOTAL_PARENT_EQUITY":30032844993.9,"DEBT_ASSET_RATIO":49.1345491245,"OPERATE_PROFIT":4406389242.3,"PRETAX_PROFIT":4114555089.3,"NETCASH_OPERATE":6123820590.9,"NETCASH_INVEST":-1413009022.5,"NETCASH_FINANCE":-4968888271.2,"END_CASH":5066375742,"DIVI_RATIO":0.452693278435,"DIVIDEND_RATE":1.646885257807,"CURRENT_RATIO":1.359079478825,"COMMON_ACS":2558824000,"CURRENTDEBT_DEBT":42.085486427781,"ISSUED_COMMON_SHARES":2558824000,"HK_COMMON_SHARES":2558824000,"PER_SHARES":100,"TOTAL_MARKET_CAP":176175032400,"HKSK_MARKET_CAP":176175032400,"PE_TTM":27.39213948048,"PB_TTM":5.353852707424,"REPORT_DATE_SQ":"2023-06-30 00:00:00","REPORT_TYPE_SQ":"2023年中报","OPERATE_INCOME_SQ":17584672620.9,"DPS_HKD":1.1338805,"OPERATE_INCOME_QOQ_SQ":13.668855037894,"NET_PROFIT_RATIO_SQ":13.7355708865,"HOLDER_PROFIT_SQ":2403838852.8,"HOLDER_PROFIT_QOQ_SQ":31.404111215731,"ROE_AVG_SQ":8.739519960456,"PE_TTM_SQ":28.312746381925,"PB_TTM_SQ":4.666020039157,"ROA_SQ":4.180198602171,"START_DATE":"2024-01-01 00:00:00","FISCAL_YEAR":"12-31","CURRENCY":"HKD","IS_CNY_CODE":0,"DPS_HKD_LY":1.1338805,"ORG_TYPE":"一般企业","PREMIUM_INCOME":null,"PREMIUM_INCOME_YOY":null,"NET_INTEREST_INCOME":null,"NET_INTEREST_INCOME_YOY":null,"FEE_COMMISSION_INCOME":null,"FEE_COMMISSION_INCOME_YOY":null,"ACCOUNTS_RECE_TDAYS":6.502695600036,"INVENTORY_TDAYS":0.624837848682,"CURRENT_ASSETS_TDAYS":1.17499713585,"TOTAL_ASSETS_TDAYS":0.331950096138,"PREMIUM_EXPENSE":null,"LOAN_DEPOSIT":null,"LOAN_EQUITY":null,"LOAN_ASSETS":null,"DEPOSIT_EQUITY":null,"DEPOSIT_ASSETS":null,"EQUITY_MULTIPLIER":1.965970973987,"EQUITY_RATIO":0.970248990591},{"SECUCODE":"01913.HK","SECURITY_CODE":"01913","SECURITY_NAME_ABBR":"普拉达","ORG_CODE":"10176793","STD_REPORT_DATE":"2023-12-31 00:00:00","REPORT_DATE":"2023-12-31 00:00:00","DATE_TYPE_CODE":"001","REPORT_TYPE":"2023年年报","PER_NETCASH_OPERATE":3.548342689923,"PER_OI":14.516750402216,"BPS":11.836588082651,"BASIC_EPS":2.0591104,"DILUTED_EPS":2.0591104,"OPERATE_INCOME":37145809331.2,"OPERATE_INCOME_YOY":12.515539173,"GROSS_PROFIT":29878878643.2,"GROSS_PROFIT_YOY":21.531268394063,"HOLDER_PROFIT":5273727539.2,"HOLDER_PROFIT_YOY":44.2467964909,"GROSS_PROFIT_RATIO":80.43674153602,"EPS_TTM":2.060996590309,"OPERATE_INCOME_QOQ":4.803491461204,"NET_PROFIT_RATIO":14.2474279109,"ROE_AVG":18.294026781854,"GROSS_PROFIT_QOQ":5.365938003869,"ROA":8.951412057218,"HOLDER_PROFIT_QOQ":16.225642244146,"ROE_YEARLY":18.294026781854,"ROIC_YEARLY":10.190476313414,"TOTAL_ASSETS":59848208819.2,"TOTAL_LIABILITIES":29379591526.4,"TAX_EBT":30.682691981064,"OCF_SALES":24.44309223214,"TOTAL_PARENT_EQUITY":30287745664,"DEBT_ASSET_RATIO":49.0901768091,"OPERATE_PROFIT":8344049766.4,"PRETAX_PROFIT":7634922009.6,"NETCASH_OPERATE":9079584435.2,"NETCASH_INVEST":-5966633907.2,"NETCASH_FINANCE":-6096601497.6,"END_CASH":5418941977.6,"DIVI_RATIO":0.4985671454,"DIVIDEND_RATE":1.801239872915,"CURRENT_RATIO":1.491158530069,"COMMON_ACS":2558824000,"CURRENTDEBT_DEBT":38.798478001157,"ISSUED_COMMON_SHARES":2558824000,"HK_COMMON_SHARES":2558824000,"PER_SHARES":100,"TOTAL_MARKET_CAP":161077970800,"HKSK_MARKET_CAP":161077970800,"PE_TTM":25.044810171332,"PB_TTM":4.895062134094,"REPORT_DATE_SQ":"2022-12-31 00:00:00","REPORT_TYPE_SQ":"2022年年报","OPERATE_INCOME_SQ":31181183034.6,"DPS_HKD":1.1338805,"OPERATE_INCOME_QOQ_SQ":19.538503317884,"NET_PROFIT_RATIO_SQ":11.1685648541,"HOLDER_PROFIT_SQ":3453081119.7,"HOLDER_PROFIT_QOQ_SQ":28.061414629324,"ROE_AVG_SQ":14.105068880739,"PE_TTM_SQ":23.096557543458,"PB_TTM_SQ":3.806377483822,"ROA_SQ":6.489591073581,"START_DATE":"2023-01-01 00:00:00","FISCAL_YEAR":"12-31","CURRENCY":"HKD","IS_CNY_CODE":0,"DPS_HKD_LY":0.941875,"ORG_TYPE":"一般企业","PREMIUM_INCOME":null,"PREMIUM_INCOME_YOY":null,"NET_INTEREST_INCOME":null,"NET_INTEREST_INCOME_YOY":null,"FEE_COMMISSION_INCOME":null,"FEE_COMMISSION_INCOME_YOY":null,"ACCOUNTS_RECE_TDAYS":12.824932909672,"INVENTORY_TDAYS":1.198158652616,"CURRENT_ASSETS_TDAYS":2.060553916445,"TOTAL_ASSETS_TDAYS":0.630497960031,"PREMIUM_EXPENSE":null,"LOAN_DEPOSIT":null,"LOAN_EQUITY":null,"LOAN_ASSETS":null,"DEPOSIT_EQUITY":null,"DEPOSIT_ASSETS":null,"EQUITY_MULTIPLIER":1.964257460196,"EQUITY_RATIO":0.970015789631},{"SECUCODE":"01913.HK","SECURITY_CODE":"01913","SECURITY_NAME_ABBR":"普拉达","ORG_CODE":"10176793","STD_REPORT_DATE":"2023-06-30 00:00:00","REPORT_DATE":"2023-06-30 00:00:00","DATE_TYPE_CODE":"002","REPORT_TYPE":"2023年中报","PER_NETCASH_OPERATE":1.211365204641,"PER_OI":6.87216964547,"BPS":10.778781179792,"BASIC_EPS":0.9373749,"DILUTED_EPS":0.9373749,"OPERATE_INCOME":17584672620.9,"OPERATE_INCOME_YOY":17.4354083397,"GROSS_PROFIT":14126751754.5,"GROSS_PROFIT_YOY":36.426453170905,"HOLDER_PROFIT":2403838852.8,"HOLDER_PROFIT_YOY":62.0957803935,"GROSS_PROFIT_RATIO":80.335597136508,"EPS_TTM":1.773271844762,"OPERATE_INCOME_QOQ":13.668855037894,"NET_PROFIT_RATIO":13.7355708865,"ROE_AVG":8.739519960456,"GROSS_PROFIT_QOQ":15.342083690842,"ROA":4.180198602171,"HOLDER_PROFIT_QOQ":31.404111215731,"ROE_YEARLY":17.479039920912,"ROIC_YEARLY":9.608471202617,"TOTAL_ASSETS":56896828942.8,"TOTAL_LIABILITIES":29159661461.7,"TAX_EBT":31.096085265308,"OCF_SALES":17.627114392314,"TOTAL_PARENT_EQUITY":27581003973.6,"DEBT_ASSET_RATIO":51.2500643771,"OPERATE_PROFIT":3870956604.9,"PRETAX_PROFIT":3505396148.1,"NETCASH_OPERATE":3099670358.4,"NETCASH_INVEST":-1173490972.5,"NETCASH_FINANCE":-4357572334.5,"END_CASH":6035993294.1,"DIVI_RATIO":0.57946286676,"DIVIDEND_RATE":1.801239872915,"CURRENT_RATIO":1.63278311837,"COMMON_ACS":2558824000,"CURRENTDEBT_DEBT":35.856889044248,"ISSUED_COMMON_SHARES":2558824000,"HK_COMMON_SHARES":2558824000,"PER_SHARES":100,"TOTAL_MARKET_CAP":161077970800,"HKSK_MARKET_CAP":161077970800,"PE_TTM":25.044810171332,"PB_TTM":4.895062134094,"REPORT_DATE_SQ":"2022-06-30 00:00:00","REPORT_TYPE_SQ":"2022年中报","OPERATE_INCOME_SQ":13322561912.8,"DPS_HKD":1.1338805,"OPERATE_INCOME_QOQ_SQ":7.348128744605,"NET_PROFIT_RATIO_SQ":9.964375557,"HOLDER_PROFIT_SQ":1319429417.6,"HOLDER_PROFIT_QOQ_SQ":26.924937732668,"ROE_AVG_SQ":5.93852280097,"PE_TTM_SQ":23.096557543458,"PB_TTM_SQ":3.806377483822,"ROA_SQ":2.703956128648,"START_DATE":"2023-01-01 00:00:00","FISCAL_YEAR":"12-31","CURRENCY":"HKD","IS_CNY_CODE":0,"DPS_HKD_LY":0.941875,"ORG_TYPE":"一般企业","PREMIUM_INCOME":null,"PREMIUM_INCOME_YOY":null,"NET_INTEREST_INCOME":null,"NET_INTEREST_INCOME_YOY":null,"FEE_COMMISSION_INCOME":null,"FEE_COMMISSION_INCOME_YOY":null,"ACCOUNTS_RECE_TDAYS":6.793492500886,"INVENTORY_TDAYS":0.568270698299,"CURRENT_ASSETS_TDAYS":0.972278224709,"TOTAL_ASSETS_TDAYS":0.305791812225,"PREMIUM_EXPENSE":null,"LOAN_DEPOSIT":null,"LOAN_EQUITY":null,"LOAN_ASSETS":null,"DEPOSIT_EQUITY":null,"DEPOSIT_ASSETS":null,"EQUITY_MULTIPLIER":2.051284760118,"EQUITY_RATIO":1.057237129207},{"SECUCODE":"01913.HK","SECURITY_CODE":"01913","SECURITY_NAME_ABBR":"普拉达","ORG_CODE":"10176793","STD_REPORT_DATE":"2022-12-31 00:00:00","REPORT_DATE":"2022-12-31 00:00:00","DATE_TYPE_CODE":"001","REPORT_TYPE":"2022年年报","PER_NETCASH_OPERATE":3.259735902626,"PER_OI":12.185747450626,"BPS":10.101573445184,"BASIC_EPS":1.3509678,"DILUTED_EPS":1.3509678,"OPERATE_INCOME":31181183034.6,"OPERATE_INCOME_YOY":24.8095548371,"GROSS_PROFIT":24585342552.6,"GROSS_PROFIT_YOY":33.680212742878,"HOLDER_PROFIT":3453081119.7,"HOLDER_PROFIT_YOY":58.0923283966,"GROSS_PROFIT_RATIO":78.846727929851,"EPS_TTM":1.349479729634,"OPERATE_INCOME_QOQ":19.538503317884,"NET_PROFIT_RATIO":11.1685648541,"ROE_AVG":14.105068880739,"GROSS_PROFIT_QOQ":21.854329048814,"ROA":6.489591073581,"HOLDER_PROFIT_QOQ":28.061414629324,"ROE_YEARLY":14.105068880739,"ROIC_YEARLY":7.607640036773,"TOTAL_ASSETS":54763023736.2,"TOTAL_LIABILITIES":28775287532.4,"TAX_EBT":34.012447695067,"OCF_SALES":26.750397674278,"TOTAL_PARENT_EQUITY":25848148569.3,"DEBT_ASSET_RATIO":52.5451035557,"OPERATE_PROFIT":5760096171,"PRETAX_PROFIT":5277496327.5,"NETCASH_OPERATE":8341090461.3,"NETCASH_INVEST":-1857276386.1,"NETCASH_FINANCE":-5844628156.2,"END_CASH":8103000943.8,"DIVI_RATIO":0.761438029891,"DIVIDEND_RATE":1.801239872915,"CURRENT_RATIO":1.627505676681,"COMMON_ACS":2558824000,"CURRENTDEBT_DEBT":38.432748037175,"ISSUED_COMMON_SHARES":2558824000,"HK_COMMON_SHARES":2558824000,"PER_SHARES":100,"TOTAL_MARKET_CAP":161077970800,"HKSK_MARKET_CAP":161077970800,"PE_TTM":25.044810171332,"PB_TTM":4.895062134094,"REPORT_DATE_SQ":"2021-12-31 00:00:00","REPORT_TYPE_SQ":"2021年年报","OPERATE_INCOME_SQ":24299106039.9,"DPS_HKD":1.1338805,"OPERATE_INCOME_QOQ_SQ":3.335260249022,"NET_PROFIT_RATIO_SQ":8.7680391435,"HOLDER_PROFIT_SQ":2124425603.8,"HOLDER_PROFIT_QOQ_SQ":21.493865595995,"ROE_AVG_SQ":9.897626132472,"PE_TTM_SQ":23.096557543458,"PB_TTM_SQ":3.806377483822,"ROA_SQ":4.363540486358,"START_DATE":"2022-01-01 00:00:00","FISCAL_YEAR":"12-31","CURRENCY":"HKD","IS_CNY_CODE":0,"DPS_HKD_LY":0.57176,"ORG_TYPE":"一般企业","PREMIUM_INCOME":null,"PREMIUM_INCOME_YOY":null,"NET_INTEREST_INCOME":null,"NET_INTEREST_INCOME_YOY":null,"FEE_COMMISSION_INCOME":null,"FEE_COMMISSION_INCOME_YOY":null,"ACCOUNTS_RECE_TDAYS":12.701180113143,"INVENTORY_TDAYS":1.248785231791,"CURRENT_ASSETS_TDAYS":1.8285257352,"TOTAL_ASSETS_TDAYS":0.586007452679,"PREMIUM_EXPENSE":null,"LOAN_DEPOSIT":null,"LOAN_EQUITY":null,"LOAN_ASSETS":null,"DEPOSIT_EQUITY":null,"DEPOSIT_ASSETS":null,"EQUITY_MULTIPLIER":2.107264107454,"EQUITY_RATIO":1.113243660576},{"SECUCODE":"01913.HK","SECURITY_CODE":"01913","SECURITY_NAME_ABBR":"普拉达","ORG_CODE":"10176793","STD_REPORT_DATE":"2022-06-30 00:00:00","REPORT_DATE":"2022-06-30 00:00:00","DATE_TYPE_CODE":"002","REPORT_TYPE":"2022年中报","PER_NETCASH_OPERATE":1.026202767365,"PER_OI":5.20651749116,"BPS":8.837211515602,"BASIC_EPS":0.5186216,"DILUTED_EPS":0.5186216,"OPERATE_INCOME":13322561912.8,"OPERATE_INCOME_YOY":26.6445304016,"GROSS_PROFIT":10354847924.4,"GROSS_PROFIT_YOY":20.826729229369,"HOLDER_PROFIT":1319429417.6,"HOLDER_PROFIT_YOY":93.6015960018,"GROSS_PROFIT_RATIO":77.724149395405,"EPS_TTM":1.053775435434,"OPERATE_INCOME_QOQ":7.348128744605,"NET_PROFIT_RATIO":9.964375557,"ROE_AVG":5.93852280097,"GROSS_PROFIT_QOQ":9.704935217629,"ROA":2.703956128648,"HOLDER_PROFIT_QOQ":26.924937732668,"ROE_YEARLY":11.87704560194,"ROIC_YEARLY":6.2094252891,"TOTAL_ASSETS":48820983962.8,"TOTAL_LIABILITIES":26090780410.8,"TAX_EBT":31.729320598306,"OCF_SALES":19.709964849006,"TOTAL_PARENT_EQUITY":22612868919.2,"DEBT_ASSET_RATIO":53.4417340517,"OPERATE_PROFIT":2136174336.8,"PRETAX_PROFIT":1944480580,"NETCASH_OPERATE":2625872270,"NETCASH_INVEST":-652250762.8,"NETCASH_FINANCE":-3648587056.8,"END_CASH":5492272828,"DIVI_RATIO":0.975108312604,"DIVIDEND_RATE":1.801239872915,"CURRENT_RATIO":1.550551015539,"COMMON_ACS":2558824000,"CURRENTDEBT_DEBT":36.025697951562,"ISSUED_COMMON_SHARES":2558824000,"HK_COMMON_SHARES":2558824000,"PER_SHARES":100,"TOTAL_MARKET_CAP":161077970800,"HKSK_MARKET_CAP":161077970800,"PE_TTM":25.044810171332,"PB_TTM":4.895062134094,"REPORT_DATE_SQ":"2021-06-30 00:00:00","REPORT_TYPE_SQ":"2021年中报","OPERATE_INCOME_SQ":11537032317.2,"DPS_HKD":1.1338805,"OPERATE_INCOME_QOQ_SQ":20.94560385665,"NET_PROFIT_RATIO_SQ":6.4548709332,"HOLDER_PROFIT_SQ":747429146.6,"HOLDER_PROFIT_QOQ_SQ":502.468509977692,"ROE_AVG_SQ":3.404188731307,"PE_TTM_SQ":23.096557543458,"PB_TTM_SQ":3.806377483822,"ROA_SQ":1.489531858134,"START_DATE":"2022-01-01 00:00:00","FISCAL_YEAR":"12-31","CURRENCY":"HKD","IS_CNY_CODE":0,"DPS_HKD_LY":0.57176,"ORG_TYPE":"一般企业","PREMIUM_INCOME":null,"PREMIUM_INCOME_YOY":null,"NET_INTEREST_INCOME":null,"NET_INTEREST_INCOME_YOY":null,"FEE_COMMISSION_INCOME":null,"FEE_COMMISSION_INCOME_YOY":null,"ACCOUNTS_RECE_TDAYS":5.872469910783,"INVENTORY_TDAYS":0.607520641593,"CURRENT_ASSETS_TDAYS":0.894693145246,"TOTAL_ASSETS_TDAYS":0.273024251642,"PREMIUM_EXPENSE":null,"LOAN_DEPOSIT":null,"LOAN_EQUITY":null,"LOAN_ASSETS":null,"DEPOSIT_EQUITY":null,"DEPOSIT_ASSETS":null,"EQUITY_MULTIPLIER":2.147846316077,"EQUITY_RATIO":1.153802310712},{"SECUCODE":"01913.HK","SECURITY_CODE":"01913","SECURITY_NAME_ABBR":"普拉达","ORG_CODE":"10176793","STD_REPORT_DATE":"2021-12-31 00:00:00","REPORT_DATE":"2021-12-31 00:00:00","DATE_TYPE_CODE":"001","REPORT_TYPE":"2021年年报","PER_NETCASH_OPERATE":3.226454457829,"PER_OI":9.496200613993,"BPS":8.785825250897,"BASIC_EPS":0.8302655,"DILUTED_EPS":0.8302655,"OPERATE_INCOME":24299106039.9,"OPERATE_INCOME_YOY":38.9199166728,"GROSS_PROFIT":18391160552.6,"GROSS_PROFIT_YOY":31.45361488978,"HOLDER_PROFIT":2124425603.8,"HOLDER_PROFIT_YOY":643.5157649753,"GROSS_PROFIT_RATIO":75.686572676382,"EPS_TTM":0.830235140752,"OPERATE_INCOME_QOQ":3.335260249022,"NET_PROFIT_RATIO":8.7680391435,"ROE_AVG":9.897626132472,"GROSS_PROFIT_QOQ":6.284193689692,"ROA":4.363540486358,"HOLDER_PROFIT_QOQ":21.493865595995,"ROE_YEARLY":9.897626132472,"ROIC_YEARLY":4.892675203611,"TOTAL_ASSETS":50241971716.7,"TOTAL_LIABILITIES":27654107849.6,"TAX_EBT":30.013162419514,"OCF_SALES":33.976266814275,"TOTAL_PARENT_EQUITY":22481380511.8,"DEBT_ASSET_RATIO":55.041844308,"OPERATE_PROFIT":3533927634.8,"PRETAX_PROFIT":3044222603.5,"NETCASH_OPERATE":8255929101.6,"NETCASH_INVEST":-991012120.5,"NETCASH_FINANCE":-3571780521.9,"END_CASH":7088200384.2,"DIVI_RATIO":1.237655618599,"DIVIDEND_RATE":1.801239872915,"CURRENT_RATIO":1.528342340908,"COMMON_ACS":2558824000,"CURRENTDEBT_DEBT":37.065133167362,"ISSUED_COMMON_SHARES":2558824000,"HK_COMMON_SHARES":2558824000,"PER_SHARES":100,"TOTAL_MARKET_CAP":161077970800,"HKSK_MARKET_CAP":161077970800,"PE_TTM":25.044810171332,"PB_TTM":4.895062134094,"REPORT_DATE_SQ":"2020-12-31 00:00:00","REPORT_TYPE_SQ":"2020年年报","OPERATE_INCOME_SQ":19442480475,"DPS_HKD":1.1338805,"OPERATE_INCOME_QOQ_SQ":-4.696833562799,"NET_PROFIT_RATIO_SQ":-2.2440716891,"HOLDER_PROFIT_SQ":-434465475,"HOLDER_PROFIT_QOQ_SQ":32.882254242216,"ROE_AVG_SQ":-1.867114773293,"PE_TTM_SQ":23.096557543458,"PB_TTM_SQ":3.806377483822,"ROA_SQ":-0.798135624529,"START_DATE":"2021-01-01 00:00:00","FISCAL_YEAR":"12-31","CURRENCY":"HKD","IS_CNY_CODE":0,"DPS_HKD_LY":0.323256,"ORG_TYPE":"一般企业","PREMIUM_INCOME":null,"PREMIUM_INCOME_YOY":null,"NET_INTEREST_INCOME":null,"NET_INTEREST_INCOME_YOY":null,"FEE_COMMISSION_INCOME":null,"FEE_COMMISSION_INCOME_YOY":null,"ACCOUNTS_RECE_TDAYS":10.858268796165,"INVENTORY_TDAYS":1.231580674194,"CURRENT_ASSETS_TDAYS":1.759944132194,"TOTAL_ASSETS_TDAYS":0.499100240544,"PREMIUM_EXPENSE":null,"LOAN_DEPOSIT":null,"LOAN_EQUITY":null,"LOAN_ASSETS":null,"DEPOSIT_EQUITY":null,"DEPOSIT_ASSETS":null,"EQUITY_MULTIPLIER":2.224290531068,"EQUITY_RATIO":1.230089399318},{"SECUCODE":"01913.HK","SECURITY_CODE":"01913","SECURITY_NAME_ABBR":"普拉达","ORG_CODE":"10176793","STD_REPORT_DATE":"2021-06-30 00:00:00","REPORT_DATE":"2021-06-30 00:00:00","DATE_TYPE_CODE":"002","REPORT_TYPE":"2021年中报","PER_NETCASH_OPERATE":1.522549006419,"PER_OI":4.508724444198,"BPS":8.654196139398,"BASIC_EPS":0.2920756,"DILUTED_EPS":0.2920756,"OPERATE_INCOME":11537032317.2,"OPERATE_INCOME_YOY":60.0804985192,"GROSS_PROFIT":8569997707,"GROSS_PROFIT_YOY":63.02542526285,"HOLDER_PROFIT":747429146.6,"HOLDER_PROFIT_YOY":153.9244282767,"GROSS_PROFIT_RATIO":74.282514526924,"EPS_TTM":0.683355605387,"OPERATE_INCOME_QOQ":20.94560385665,"NET_PROFIT_RATIO":6.4548709332,"ROE_AVG":3.404188731307,"GROSS_PROFIT_QOQ":23.681245843171,"ROA":1.489531858134,"HOLDER_PROFIT_QOQ":502.468509977692,"ROE_YEARLY":6.808377462613,"ROIC_YEARLY":3.247700854699,"TOTAL_ASSETS":50182638707.4,"TOTAL_LIABILITIES":27935932013.4,"TAX_EBT":29.873119042277,"OCF_SALES":33.768952289331,"TOTAL_PARENT_EQUITY":22144564782.2,"DEBT_ASSET_RATIO":55.6685194979,"OPERATE_PROFIT":1275171324.8,"PRETAX_PROFIT":1061933078.2,"NETCASH_OPERATE":3895934938.8,"NETCASH_INVEST":-256427004.4,"NETCASH_FINANCE":-2486155193.4,"END_CASH":4647599181.6,"DIVI_RATIO":1.503675653802,"DIVIDEND_RATE":1.801239872915,"CURRENT_RATIO":1.379448506996,"COMMON_ACS":2558824000,"CURRENTDEBT_DEBT":34.430688526827,"ISSUED_COMMON_SHARES":2558824000,"HK_COMMON_SHARES":2558824000,"PER_SHARES":100,"TOTAL_MARKET_CAP":161077970800,"HKSK_MARKET_CAP":161077970800,"PE_TTM":25.044810171332,"PB_TTM":4.895062134094,"REPORT_DATE_SQ":"2020-06-30 00:00:00","REPORT_TYPE_SQ":"2020年中报","OPERATE_INCOME_SQ":7464687377,"DPS_HKD":1.1338805,"OPERATE_INCOME_QOQ_SQ":-19.075901279553,"NET_PROFIT_RATIO_SQ":-19.5716557334,"HOLDER_PROFIT_SQ":-1435623052,"HOLDER_PROFIT_QOQ_SQ":-132.380308001229,"ROE_AVG_SQ":-6.323566798574,"PE_TTM_SQ":23.096557543458,"PB_TTM_SQ":3.806377483822,"ROA_SQ":-2.600049353243,"START_DATE":"2021-01-01 00:00:00","FISCAL_YEAR":"12-31","CURRENCY":"HKD","IS_CNY_CODE":0,"DPS_HKD_LY":0.323256,"ORG_TYPE":"一般企业","PREMIUM_INCOME":null,"PREMIUM_INCOME_YOY":null,"NET_INTEREST_INCOME":null,"NET_INTEREST_INCOME_YOY":null,"FEE_COMMISSION_INCOME":null,"FEE_COMMISSION_INCOME_YOY":null,"ACCOUNTS_RECE_TDAYS":5.360170981986,"INVENTORY_TDAYS":0.596307727481,"CURRENT_ASSETS_TDAYS":0.887866095422,"TOTAL_ASSETS_TDAYS":0.229918478065,"PREMIUM_EXPENSE":null,"LOAN_DEPOSIT":null,"LOAN_EQUITY":null,"LOAN_ASSETS":null,"DEPOSIT_EQUITY":null,"DEPOSIT_ASSETS":null,"EQUITY_MULTIPLIER":2.255733372028,"EQUITY_RATIO":1.261525448261},{"SECUCODE":"01913.HK","SECURITY_CODE":"01913","SECURITY_NAME_ABBR":"普拉达","ORG_CODE":"10176793","STD_REPORT_DATE":"2020-12-31 00:00:00","REPORT_DATE":"2020-12-31 00:00:00","DATE_TYPE_CODE":"001","REPORT_TYPE":"2020年年报","PER_NETCASH_OPERATE":1.857948211757,"PER_OI":7.598209362973,"BPS":8.881915061372,"BASIC_EPS":-0.168525,"DILUTED_EPS":-0.168525,"OPERATE_INCOME":19442480475,"OPERATE_INCOME_YOY":-24.8901442649,"GROSS_PROFIT":13990608450,"GROSS_PROFIT_YOY":-22.827159060395,"HOLDER_PROFIT":-434465475,"HOLDER_PROFIT_YOY":-121.1655746165,"GROSS_PROFIT_RATIO":71.95896875396,"EPS_TTM":-0.169791073946,"OPERATE_INCOME_QOQ":-4.696833562799,"NET_PROFIT_RATIO":-2.2440716891,"ROE_AVG":-1.867114773293,"GROSS_PROFIT_QOQ":-4.080590251664,"ROA":-0.798135624529,"HOLDER_PROFIT_QOQ":32.882254242216,"ROE_YEARLY":-1.867114773293,"ROIC_YEARLY":-0.855153186843,"TOTAL_ASSETS":52386614175,"TOTAL_LIABILITIES":29501561175,"TAX_EBT":-4.933220103451,"OCF_SALES":24.452448241433,"TOTAL_PARENT_EQUITY":22727257425,"DEBT_ASSET_RATIO":56.3150752145,"OPERATE_PROFIT":160989525,"PRETAX_PROFIT":-415791300,"NETCASH_OPERATE":4754162475,"NETCASH_INVEST":-1203027750,"NETCASH_FINANCE":-3172041750,"END_CASH":3550195800,"DIVI_RATIO":-6.051820998753,"DIVIDEND_RATE":1.801239872915,"CURRENT_RATIO":1.348454243304,"COMMON_ACS":2558824000,"CURRENTDEBT_DEBT":33.383947095471,"ISSUED_COMMON_SHARES":2558824000,"HK_COMMON_SHARES":2558824000,"PER_SHARES":100,"TOTAL_MARKET_CAP":161077970800,"HKSK_MARKET_CAP":161077970800,"PE_TTM":25.044810171332,"PB_TTM":4.895062134094,"REPORT_DATE_SQ":"2019-12-31 00:00:00","REPORT_TYPE_SQ":"2019年年报","OPERATE_INCOME_SQ":25209629907,"DPS_HKD":1.1338805,"OPERATE_INCOME_QOQ_SQ":0.103827199013,"NET_PROFIT_RATIO_SQ":7.9899702194,"HOLDER_PROFIT_SQ":1999111114,"HOLDER_PROFIT_QOQ_SQ":-0.76196259593,"ROE_AVG_SQ":8.752153924694,"PE_TTM_SQ":23.096557543458,"PB_TTM_SQ":3.806377483822,"ROA_SQ":4.366007009665,"START_DATE":"2020-01-01 00:00:00","FISCAL_YEAR":"12-31","CURRENCY":"HKD","IS_CNY_CODE":0,"DPS_HKD_LY":null,"ORG_TYPE":"一般企业","PREMIUM_INCOME":null,"PREMIUM_INCOME_YOY":null,"NET_INTEREST_INCOME":null,"NET_INTEREST_INCOME_YOY":null,"FEE_COMMISSION_INCOME":null,"FEE_COMMISSION_INCOME_YOY":null,"ACCOUNTS_RECE_TDAYS":7.970401392256,"INVENTORY_TDAYS":0.985414477315,"CURRENT_ASSETS_TDAYS":1.445338772481,"TOTAL_ASSETS_TDAYS":0.357168456166,"PREMIUM_EXPENSE":null,"LOAN_DEPOSIT":null,"LOAN_EQUITY":null,"LOAN_ASSETS":null,"DEPOSIT_EQUITY":null,"DEPOSIT_ASSETS":null,"EQUITY_MULTIPLIER":2.289119198236,"EQUITY_RATIO":1.29806956569},{"SECUCODE":"01913.HK","SECURITY_CODE":"01913","SECURITY_NAME_ABBR":"普拉达","ORG_CODE":"10176793","STD_REPORT_DATE":"2020-06-30 00:00:00","REPORT_DATE":"2020-06-30 00:00:00","DATE_TYPE_CODE":"002","REPORT_TYPE":"2020年中报","PER_NETCASH_OPERATE":0.470207319456,"PER_OI":2.917233610831,"BPS":8.513261971906,"BASIC_EPS":-0.55727,"DILUTED_EPS":-0.55727,"OPERATE_INCOME":7464687377,"OPERATE_INCOME_YOY":-40.2813028024,"GROSS_PROFIT":5256847325,"GROSS_PROFIT_YOY":-40.262962358735,"HOLDER_PROFIT":-1435623052,"HOLDER_PROFIT_YOY":-216.4228440095,"GROSS_PROFIT_RATIO":70.422873182838,"EPS_TTM":-0.252974935361,"OPERATE_INCOME_QOQ":-19.075901279553,"NET_PROFIT_RATIO":-19.5716557334,"ROE_AVG":-6.323566798574,"GROSS_PROFIT_QOQ":-19.544082743958,"ROA":-2.600049353243,"HOLDER_PROFIT_QOQ":-132.380308001229,"ROE_YEARLY":-12.647133597148,"ROIC_YEARLY":-5.600309189042,"TOTAL_ASSETS":54397433390,"TOTAL_LIABILITIES":32467203002,"TAX_EBT":22.080927309783,"OCF_SALES":16.118260728603,"TOTAL_PARENT_EQUITY":21783939052,"DEBT_ASSET_RATIO":59.6851744258,"OPERATE_PROFIT":null,"PRETAX_PROFIT":-1874974720,"NETCASH_OPERATE":1203177774,"NETCASH_INVEST":-654561381,"NETCASH_FINANCE":347712597,"END_CASH":4222681581,"DIVI_RATIO":-4.061845831659,"DIVIDEND_RATE":1.801239872915,"CURRENT_RATIO":1.190375149656,"COMMON_ACS":2558824000,"CURRENTDEBT_DEBT":35.16483166196,"ISSUED_COMMON_SHARES":2558824000,"HK_COMMON_SHARES":2558824000,"PER_SHARES":100,"TOTAL_MARKET_CAP":161077970800,"HKSK_MARKET_CAP":161077970800,"PE_TTM":25.044810171332,"PB_TTM":4.895062134094,"REPORT_DATE_SQ":"2019-06-30 00:00:00","REPORT_TYPE_SQ":"2019年中报","OPERATE_INCOME_SQ":12273651491,"DPS_HKD":1.1338805,"OPERATE_INCOME_QOQ_SQ":2.133659961702,"NET_PROFIT_RATIO_SQ":9.8355988671,"HOLDER_PROFIT_SQ":1210806398,"HOLDER_PROFIT_QOQ_SQ":24.953136695412,"ROE_AVG_SQ":5.361575055699,"PE_TTM_SQ":23.096557543458,"PB_TTM_SQ":3.806377483822,"ROA_SQ":2.680181951433,"START_DATE":"2020-01-01 00:00:00","FISCAL_YEAR":"12-31","CURRENCY":"HKD","IS_CNY_CODE":0,"DPS_HKD_LY":null,"ORG_TYPE":"一般企业","PREMIUM_INCOME":null,"PREMIUM_INCOME_YOY":null,"NET_INTEREST_INCOME":null,"NET_INTEREST_INCOME_YOY":null,"FEE_COMMISSION_INCOME":null,"FEE_COMMISSION_INCOME_YOY":null,"ACCOUNTS_RECE_TDAYS":3.593037380492,"INVENTORY_TDAYS":0.382928311057,"CURRENT_ASSETS_TDAYS":0.550798303532,"TOTAL_ASSETS_TDAYS":0.13519256019,"PREMIUM_EXPENSE":null,"LOAN_DEPOSIT":null,"LOAN_EQUITY":null,"LOAN_ASSETS":null,"DEPOSIT_EQUITY":null,"DEPOSIT_ASSETS":null,"EQUITY_MULTIPLIER":2.480477059635,"EQUITY_RATIO":1.490419291226}],"count":41},"success":true,"message":"ok","code":0}