{"version":"40d5004dea5905b381d04e9079c1540a","result":{"pages":3,"data":[{"SECUCODE":"01915.HK","SECURITY_CODE":"01915","SECURITY_NAME_ABBR":"泰和小贷","ORG_CODE":"10563893","STD_REPORT_DATE":"2024-06-30 00:00:00","REPORT_DATE":"2024-06-30 00:00:00","DATE_TYPE_CODE":"002","REPORT_TYPE":"2024年中报","PER_NETCASH_OPERATE":0.000809403333,"PER_OI":0.04336981,"BPS":1.434039353333,"BASIC_EPS":-0.02,"DILUTED_EPS":-0.02,"OPERATE_INCOME":26021886,"OPERATE_INCOME_YOY":-3.4587961435,"GROSS_PROFIT":null,"GROSS_PROFIT_YOY":null,"HOLDER_PROFIT":-9212032,"HOLDER_PROFIT_YOY":25.9567536538,"GROSS_PROFIT_RATIO":null,"EPS_TTM":-0.008339305,"OPERATE_INCOME_QOQ":-1.727001531589,"NET_PROFIT_RATIO":-35.9834025866,"ROE_AVG":-1.064857470707,"GROSS_PROFIT_QOQ":null,"ROA":-1.041391563528,"HOLDER_PROFIT_QOQ":39.225069634635,"ROE_YEARLY":-2.129714941414,"ROIC_YEARLY":-2.087279407598,"TOTAL_ASSETS":882259737,"TOTAL_LIABILITIES":20293068,"TAX_EBT":23.992302763177,"OCF_SALES":1.866282866661,"TOTAL_PARENT_EQUITY":860423612,"DEBT_ASSET_RATIO":2.3001240053,"OPERATE_PROFIT":-12319226,"PRETAX_PROFIT":-12319226,"NETCASH_OPERATE":485642,"NETCASH_INVEST":null,"NETCASH_FINANCE":-735000,"END_CASH":29671,"DIVI_RATIO":null,"DIVIDEND_RATE":null,"CURRENT_RATIO":null,"COMMON_ACS":null,"CURRENTDEBT_DEBT":null,"ISSUED_COMMON_SHARES":600000000,"HK_COMMON_SHARES":150000000,"PER_SHARES":2000,"TOTAL_MARKET_CAP":240000000,"HKSK_MARKET_CAP":60000000,"PE_TTM":-42.223011495522,"PB_TTM":0.254575998317,"REPORT_DATE_SQ":"2023-06-30 00:00:00","REPORT_TYPE_SQ":"2023年中报","OPERATE_INCOME_SQ":26954176,"DPS_HKD":null,"OPERATE_INCOME_QOQ_SQ":-0.383624751844,"NET_PROFIT_RATIO_SQ":-47.3632397444,"HOLDER_PROFIT_SQ":-12441421,"HOLDER_PROFIT_QOQ_SQ":-99.260616651304,"ROE_AVG_SQ":-1.426959598159,"PE_TTM_SQ":-12.065653680939,"PB_TTM_SQ":0.268394394989,"ROA_SQ":-1.396007331294,"START_DATE":"2024-01-01 00:00:00","FISCAL_YEAR":"12-31","CURRENCY":"HKD","IS_CNY_CODE":0,"DPS_HKD_LY":null,"ORG_TYPE":"银行","PREMIUM_INCOME":null,"PREMIUM_INCOME_YOY":null,"NET_INTEREST_INCOME":25993431,"NET_INTEREST_INCOME_YOY":-0.401945227764,"FEE_COMMISSION_INCOME":null,"FEE_COMMISSION_INCOME_YOY":null,"ACCOUNTS_RECE_TDAYS":null,"INVENTORY_TDAYS":null,"CURRENT_ASSETS_TDAYS":null,"TOTAL_ASSETS_TDAYS":0.029416932711,"PREMIUM_EXPENSE":null,"LOAN_DEPOSIT":null,"LOAN_EQUITY":null,"LOAN_ASSETS":null,"DEPOSIT_EQUITY":null,"DEPOSIT_ASSETS":null,"EQUITY_MULTIPLIER":1.023542752556,"EQUITY_RATIO":0.023584973398},{"SECUCODE":"01915.HK","SECURITY_CODE":"01915","SECURITY_NAME_ABBR":"泰和小贷","ORG_CODE":"10563893","STD_REPORT_DATE":"2023-12-31 00:00:00","REPORT_DATE":"2023-12-31 00:00:00","DATE_TYPE_CODE":"001","REPORT_TYPE":"2023年年报","PER_NETCASH_OPERATE":-0.004090865,"PER_OI":0.089971933333,"BPS":1.449611668333,"BASIC_EPS":-0.01,"DILUTED_EPS":-0.01,"OPERATE_INCOME":53983160,"OPERATE_INCOME_YOY":-2.1027774344,"GROSS_PROFIT":null,"GROSS_PROFIT_YOY":null,"HOLDER_PROFIT":-8232972,"HOLDER_PROFIT_YOY":14.4353990262,"GROSS_PROFIT_RATIO":null,"EPS_TTM":-0.01372162,"OPERATE_INCOME_QOQ":-1.725773175645,"NET_PROFIT_RATIO":-15.4874501604,"ROE_AVG":-0.942057213515,"GROSS_PROFIT_QOQ":null,"ROA":-0.922603309929,"HOLDER_PROFIT_QOQ":57.058950026473,"ROE_YEARLY":-0.942057213515,"ROIC_YEARLY":-0.925697257112,"TOTAL_ASSETS":886917645,"TOTAL_LIABILITIES":15191353,"TAX_EBT":19.550038744969,"OCF_SALES":-4.546823490881,"TOTAL_PARENT_EQUITY":869767001,"DEBT_ASSET_RATIO":1.7128256593,"OPERATE_PROFIT":-10392317,"PRETAX_PROFIT":-10392317,"NETCASH_OPERATE":-2454519,"NETCASH_INVEST":1093724,"NETCASH_FINANCE":null,"END_CASH":279027,"DIVI_RATIO":null,"DIVIDEND_RATE":null,"CURRENT_RATIO":null,"COMMON_ACS":null,"CURRENTDEBT_DEBT":null,"ISSUED_COMMON_SHARES":600000000,"HK_COMMON_SHARES":150000000,"PER_SHARES":2000,"TOTAL_MARKET_CAP":276000000,"HKSK_MARKET_CAP":69000000,"PE_TTM":-48.55646321985,"PB_TTM":0.292762398064,"REPORT_DATE_SQ":"2022-12-31 00:00:00","REPORT_TYPE_SQ":"2022年年报","OPERATE_INCOME_SQ":55142688,"DPS_HKD":null,"OPERATE_INCOME_QOQ_SQ":-4.533977036814,"NET_PROFIT_RATIO_SQ":-17.7448785232,"HOLDER_PROFIT_SQ":-9621937,"HOLDER_PROFIT_QOQ_SQ":26.871601819573,"ROE_AVG_SQ":-1.089792145801,"PE_TTM_SQ":-22.407642550316,"PB_TTM_SQ":0.498446733551,"ROA_SQ":-1.067748626771,"START_DATE":"2023-01-01 00:00:00","FISCAL_YEAR":"12-31","CURRENCY":"HKD","IS_CNY_CODE":0,"DPS_HKD_LY":null,"ORG_TYPE":"银行","PREMIUM_INCOME":null,"PREMIUM_INCOME_YOY":null,"NET_INTEREST_INCOME":52197157,"NET_INTEREST_INCOME_YOY":0.764527826935,"FEE_COMMISSION_INCOME":null,"FEE_COMMISSION_INCOME_YOY":null,"ACCOUNTS_RECE_TDAYS":null,"INVENTORY_TDAYS":null,"CURRENT_ASSETS_TDAYS":null,"TOTAL_ASSETS_TDAYS":0.060494608868,"PREMIUM_EXPENSE":null,"LOAN_DEPOSIT":null,"LOAN_EQUITY":null,"LOAN_ASSETS":null,"DEPOSIT_EQUITY":null,"DEPOSIT_ASSETS":null,"EQUITY_MULTIPLIER":1.017426746377,"EQUITY_RATIO":0.017466002944},{"SECUCODE":"01915.HK","SECURITY_CODE":"01915","SECURITY_NAME_ABBR":"泰和小贷","ORG_CODE":"10563893","STD_REPORT_DATE":"2023-06-30 00:00:00","REPORT_DATE":"2023-06-30 00:00:00","DATE_TYPE_CODE":"002","REPORT_TYPE":"2023年中报","PER_NETCASH_OPERATE":0.000650098333,"PER_OI":0.044923626667,"BPS":1.442770815,"BASIC_EPS":-0.02,"DILUTED_EPS":-0.02,"OPERATE_INCOME":26954176,"OPERATE_INCOME_YOY":-0.7787057489,"GROSS_PROFIT":null,"GROSS_PROFIT_YOY":null,"HOLDER_PROFIT":-12441421,"HOLDER_PROFIT_YOY":-330.4056178815,"GROSS_PROFIT_RATIO":null,"EPS_TTM":-0.031954551667,"OPERATE_INCOME_QOQ":-0.383624751844,"NET_PROFIT_RATIO":-47.3632397444,"ROE_AVG":-1.426959598159,"GROSS_PROFIT_QOQ":null,"ROA":-1.396007331294,"HOLDER_PROFIT_QOQ":-99.260616651304,"ROE_YEARLY":-2.853919196318,"ROIC_YEARLY":-2.803782742385,"TOTAL_ASSETS":884620514,"TOTAL_LIABILITIES":17196041,"TAX_EBT":21.094470586541,"OCF_SALES":1.447118991877,"TOTAL_PARENT_EQUITY":865662489,"DEBT_ASSET_RATIO":1.9438890154,"OPERATE_PROFIT":-16179311,"PRETAX_PROFIT":-16179311,"NETCASH_OPERATE":390059,"NETCASH_INVEST":-37382,"NETCASH_FINANCE":null,"END_CASH":1992503,"DIVI_RATIO":null,"DIVIDEND_RATE":null,"CURRENT_RATIO":null,"COMMON_ACS":null,"CURRENTDEBT_DEBT":null,"ISSUED_COMMON_SHARES":600000000,"HK_COMMON_SHARES":150000000,"PER_SHARES":2000,"TOTAL_MARKET_CAP":276000000,"HKSK_MARKET_CAP":69000000,"PE_TTM":-48.55646321985,"PB_TTM":0.292762398064,"REPORT_DATE_SQ":"2022-06-30 00:00:00","REPORT_TYPE_SQ":"2022年中报","OPERATE_INCOME_SQ":27165717,"DPS_HKD":null,"OPERATE_INCOME_QOQ_SQ":-10.409229668323,"NET_PROFIT_RATIO_SQ":-11.0006154822,"HOLDER_PROFIT_SQ":-2890627,"HOLDER_PROFIT_QOQ_SQ":-388.487526990358,"ROE_AVG_SQ":-0.326152599627,"PE_TTM_SQ":-22.407642550316,"PB_TTM_SQ":0.498446733551,"ROA_SQ":-0.319872118566,"START_DATE":"2023-01-01 00:00:00","FISCAL_YEAR":"12-31","CURRENCY":"HKD","IS_CNY_CODE":0,"DPS_HKD_LY":null,"ORG_TYPE":"银行","PREMIUM_INCOME":null,"PREMIUM_INCOME_YOY":null,"NET_INTEREST_INCOME":26098332,"NET_INTEREST_INCOME_YOY":-0.679778103682,"FEE_COMMISSION_INCOME":null,"FEE_COMMISSION_INCOME_YOY":null,"ACCOUNTS_RECE_TDAYS":null,"INVENTORY_TDAYS":null,"CURRENT_ASSETS_TDAYS":null,"TOTAL_ASSETS_TDAYS":0.030244316389,"PREMIUM_EXPENSE":null,"LOAN_DEPOSIT":null,"LOAN_EQUITY":null,"LOAN_ASSETS":null,"DEPOSIT_EQUITY":null,"DEPOSIT_ASSETS":null,"EQUITY_MULTIPLIER":1.019824251603,"EQUITY_RATIO":0.019864602219},{"SECUCODE":"01915.HK","SECURITY_CODE":"01915","SECURITY_NAME_ABBR":"泰和小贷","ORG_CODE":"10563893","STD_REPORT_DATE":"2022-12-31 00:00:00","REPORT_DATE":"2022-12-31 00:00:00","DATE_TYPE_CODE":"001","REPORT_TYPE":"2022年年报","PER_NETCASH_OPERATE":-0.141259891667,"PER_OI":0.09190448,"BPS":1.463506516667,"BASIC_EPS":-0.02,"DILUTED_EPS":-0.02,"OPERATE_INCOME":55142688,"OPERATE_INCOME_YOY":-14.4712546223,"GROSS_PROFIT":null,"GROSS_PROFIT_YOY":null,"HOLDER_PROFIT":-9621937,"HOLDER_PROFIT_YOY":-310.9663074384,"GROSS_PROFIT_RATIO":null,"EPS_TTM":-0.016036561667,"OPERATE_INCOME_QOQ":-4.533977036814,"NET_PROFIT_RATIO":-17.7448785232,"ROE_AVG":-1.089792145801,"GROSS_PROFIT_QOQ":null,"ROA":-1.067748626771,"HOLDER_PROFIT_QOQ":26.871601819573,"ROE_YEARLY":-1.089792145801,"ROIC_YEARLY":-1.073307805206,"TOTAL_ASSETS":897808664,"TOTAL_LIABILITIES":17617820,"TAX_EBT":13.266883169951,"OCF_SALES":-153.702944259808,"TOTAL_PARENT_EQUITY":878103910,"DEBT_ASSET_RATIO":1.9623134312,"OPERATE_PROFIT":-11281738,"PRETAX_PROFIT":-11281738,"NETCASH_OPERATE":-84755935,"NETCASH_INVEST":79237580,"NETCASH_FINANCE":1550000,"END_CASH":1639818,"DIVI_RATIO":null,"DIVIDEND_RATE":null,"CURRENT_RATIO":null,"COMMON_ACS":null,"CURRENTDEBT_DEBT":null,"ISSUED_COMMON_SHARES":600000000,"HK_COMMON_SHARES":150000000,"PER_SHARES":2000,"TOTAL_MARKET_CAP":276000000,"HKSK_MARKET_CAP":69000000,"PE_TTM":-48.55646321985,"PB_TTM":0.292762398064,"REPORT_DATE_SQ":"2021-12-31 00:00:00","REPORT_TYPE_SQ":"2021年年报","OPERATE_INCOME_SQ":64472696,"DPS_HKD":null,"OPERATE_INCOME_QOQ_SQ":-13.966354444892,"NET_PROFIT_RATIO_SQ":7.0741387951,"HOLDER_PROFIT_SQ":4560888,"HOLDER_PROFIT_QOQ_SQ":-87.838257275733,"ROE_AVG_SQ":0.515095338973,"PE_TTM_SQ":-22.407642550316,"PB_TTM_SQ":0.498446733551,"ROA_SQ":0.503340776344,"START_DATE":"2022-01-01 00:00:00","FISCAL_YEAR":"12-31","CURRENCY":"HKD","IS_CNY_CODE":0,"DPS_HKD_LY":null,"ORG_TYPE":"银行","PREMIUM_INCOME":null,"PREMIUM_INCOME_YOY":null,"NET_INTEREST_INCOME":51801123,"NET_INTEREST_INCOME_YOY":-14.159361546418,"FEE_COMMISSION_INCOME":null,"FEE_COMMISSION_INCOME_YOY":null,"ACCOUNTS_RECE_TDAYS":null,"INVENTORY_TDAYS":null,"CURRENT_ASSETS_TDAYS":null,"TOTAL_ASSETS_TDAYS":0.061191971417,"PREMIUM_EXPENSE":null,"LOAN_DEPOSIT":null,"LOAN_EQUITY":null,"LOAN_ASSETS":null,"DEPOSIT_EQUITY":null,"DEPOSIT_ASSETS":null,"EQUITY_MULTIPLIER":1.020015909186,"EQUITY_RATIO":0.020063479731},{"SECUCODE":"01915.HK","SECURITY_CODE":"01915","SECURITY_NAME_ABBR":"泰和小贷","ORG_CODE":"10563893","STD_REPORT_DATE":"2022-06-30 00:00:00","REPORT_DATE":"2022-06-30 00:00:00","DATE_TYPE_CODE":"002","REPORT_TYPE":"2022年中报","PER_NETCASH_OPERATE":-0.008403773333,"PER_OI":0.045276195,"BPS":1.474725366667,"BASIC_EPS":0,"DILUTED_EPS":0,"OPERATE_INCOME":27165717,"OPERATE_INCOME_YOY":-20.3440559174,"GROSS_PROFIT":null,"GROSS_PROFIT_YOY":null,"HOLDER_PROFIT":-2890627,"HOLDER_PROFIT_YOY":-119.494574198,"GROSS_PROFIT_RATIO":null,"EPS_TTM":-0.021929321667,"OPERATE_INCOME_QOQ":-10.409229668323,"NET_PROFIT_RATIO":-11.0006154822,"ROE_AVG":-0.326152599627,"GROSS_PROFIT_QOQ":null,"ROA":-0.319872118566,"HOLDER_PROFIT_QOQ":-388.487526990358,"ROE_YEARLY":-0.652305199254,"ROIC_YEARLY":-0.641923211158,"TOTAL_ASSETS":902887753,"TOTAL_LIABILITIES":18052533,"TAX_EBT":-14.752593084262,"OCF_SALES":-19.188919021331,"TOTAL_PARENT_EQUITY":884835220,"DEBT_ASSET_RATIO":1.9994216269,"OPERATE_PROFIT":-2519008,"PRETAX_PROFIT":-2519008,"NETCASH_OPERATE":-5042264,"NETCASH_INVEST":-39048,"NETCASH_FINANCE":null,"END_CASH":526850,"DIVI_RATIO":null,"DIVIDEND_RATE":null,"CURRENT_RATIO":null,"COMMON_ACS":null,"CURRENTDEBT_DEBT":null,"ISSUED_COMMON_SHARES":600000000,"HK_COMMON_SHARES":150000000,"PER_SHARES":2000,"TOTAL_MARKET_CAP":276000000,"HKSK_MARKET_CAP":69000000,"PE_TTM":-48.55646321985,"PB_TTM":0.292762398064,"REPORT_DATE_SQ":"2021-06-30 00:00:00","REPORT_TYPE_SQ":"2021年中报","OPERATE_INCOME_SQ":32988068,"DPS_HKD":null,"OPERATE_INCOME_QOQ_SQ":-4.876263950522,"NET_PROFIT_RATIO_SQ":43.5566947017,"HOLDER_PROFIT_SQ":14827854,"HOLDER_PROFIT_QOQ_SQ":2.08874540335,"ROE_AVG_SQ":1.664968059887,"PE_TTM_SQ":-22.407642550316,"PB_TTM_SQ":0.498446733551,"ROA_SQ":1.62992655435,"START_DATE":"2022-01-01 00:00:00","FISCAL_YEAR":"12-31","CURRENCY":"HKD","IS_CNY_CODE":0,"DPS_HKD_LY":null,"ORG_TYPE":"银行","PREMIUM_INCOME":null,"PREMIUM_INCOME_YOY":null,"NET_INTEREST_INCOME":26276957,"NET_INTEREST_INCOME_YOY":-20.344055917431,"FEE_COMMISSION_INCOME":null,"FEE_COMMISSION_INCOME_YOY":null,"ACCOUNTS_RECE_TDAYS":null,"INVENTORY_TDAYS":null,"CURRENT_ASSETS_TDAYS":null,"TOTAL_ASSETS_TDAYS":0.029077656526,"PREMIUM_EXPENSE":null,"LOAN_DEPOSIT":null,"LOAN_EQUITY":null,"LOAN_ASSETS":null,"DEPOSIT_EQUITY":null,"DEPOSIT_ASSETS":null,"EQUITY_MULTIPLIER":1.02040214109,"EQUITY_RATIO":0.02040214109},{"SECUCODE":"01915.HK","SECURITY_CODE":"01915","SECURITY_NAME_ABBR":"泰和小贷","ORG_CODE":"10563893","STD_REPORT_DATE":"2021-12-31 00:00:00","REPORT_DATE":"2021-12-31 00:00:00","DATE_TYPE_CODE":"001","REPORT_TYPE":"2021年年报","PER_NETCASH_OPERATE":0.142564048333,"PER_OI":0.107454493333,"BPS":1.479543078333,"BASIC_EPS":0.01,"DILUTED_EPS":0.01,"OPERATE_INCOME":64472696,"OPERATE_INCOME_YOY":-18.1720270886,"GROSS_PROFIT":null,"GROSS_PROFIT_YOY":null,"HOLDER_PROFIT":4560888,"HOLDER_PROFIT_YOY":-87.5842294336,"GROSS_PROFIT_RATIO":null,"EPS_TTM":0.00760148,"OPERATE_INCOME_QOQ":-13.966354444892,"NET_PROFIT_RATIO":7.0741387951,"ROE_AVG":0.515095338973,"GROSS_PROFIT_QOQ":null,"ROA":0.503340776344,"HOLDER_PROFIT_QOQ":-87.838257275733,"ROE_YEARLY":0.515095338973,"ROIC_YEARLY":0.505127963845,"TOTAL_ASSETS":904476398,"TOTAL_LIABILITIES":16750551,"TAX_EBT":28.839252489556,"OCF_SALES":132.673882599853,"TOTAL_PARENT_EQUITY":887725847,"DEBT_ASSET_RATIO":1.8519610945,"OPERATE_PROFIT":6492390,"PRETAX_PROFIT":6409275,"NETCASH_OPERATE":85538429,"NETCASH_INVEST":-79822567,"NETCASH_FINANCE":-911442,"END_CASH":5608151,"DIVI_RATIO":null,"DIVIDEND_RATE":null,"CURRENT_RATIO":null,"COMMON_ACS":null,"CURRENTDEBT_DEBT":null,"ISSUED_COMMON_SHARES":600000000,"HK_COMMON_SHARES":150000000,"PER_SHARES":2000,"TOTAL_MARKET_CAP":276000000,"HKSK_MARKET_CAP":69000000,"PE_TTM":-48.55646321985,"PB_TTM":0.292762398064,"REPORT_DATE_SQ":"2020-12-31 00:00:00","REPORT_TYPE_SQ":"2020年年报","OPERATE_INCOME_SQ":78790533,"DPS_HKD":null,"OPERATE_INCOME_QOQ_SQ":-10.173843004942,"NET_PROFIT_RATIO_SQ":46.629109646,"HOLDER_PROFIT_SQ":36734635,"HOLDER_PROFIT_QOQ_SQ":8.700396980102,"ROE_AVG_SQ":4.211250065612,"PE_TTM_SQ":-22.407642550316,"PB_TTM_SQ":0.498446733551,"ROA_SQ":4.107240365738,"START_DATE":"2021-01-01 00:00:00","FISCAL_YEAR":"12-31","CURRENCY":"HKD","IS_CNY_CODE":0,"DPS_HKD_LY":null,"ORG_TYPE":"银行","PREMIUM_INCOME":null,"PREMIUM_INCOME_YOY":null,"NET_INTEREST_INCOME":60345687,"NET_INTEREST_INCOME_YOY":-19.776302265254,"FEE_COMMISSION_INCOME":null,"FEE_COMMISSION_INCOME_YOY":null,"ACCOUNTS_RECE_TDAYS":null,"INVENTORY_TDAYS":null,"CURRENT_ASSETS_TDAYS":null,"TOTAL_ASSETS_TDAYS":0.071152233639,"PREMIUM_EXPENSE":null,"LOAN_DEPOSIT":null,"LOAN_EQUITY":null,"LOAN_ASSETS":null,"DEPOSIT_EQUITY":null,"DEPOSIT_ASSETS":null,"EQUITY_MULTIPLIER":1.018869058569,"EQUITY_RATIO":0.018869058569},{"SECUCODE":"01915.HK","SECURITY_CODE":"01915","SECURITY_NAME_ABBR":"泰和小贷","ORG_CODE":"10563893","STD_REPORT_DATE":"2021-06-30 00:00:00","REPORT_DATE":"2021-06-30 00:00:00","DATE_TYPE_CODE":"002","REPORT_TYPE":"2021年中报","PER_NETCASH_OPERATE":0.134501143333,"PER_OI":0.054980113333,"BPS":1.496654688333,"BASIC_EPS":0.02,"DILUTED_EPS":0.02,"OPERATE_INCOME":32988068,"OPERATE_INCOME_YOY":-10.140228395,"GROSS_PROFIT":null,"GROSS_PROFIT_YOY":null,"HOLDER_PROFIT":14827854,"HOLDER_PROFIT_YOY":5.4570582212,"GROSS_PROFIT_RATIO":null,"EPS_TTM":0.062503213333,"OPERATE_INCOME_QOQ":-4.876263950522,"NET_PROFIT_RATIO":43.5566947017,"ROE_AVG":1.664968059887,"GROSS_PROFIT_QOQ":null,"ROA":1.62992655435,"HOLDER_PROFIT_QOQ":2.08874540335,"ROE_YEARLY":3.329936119775,"ROIC_YEARLY":3.262472009789,"TOTAL_ASSETS":911680390,"TOTAL_LIABILITIES":13687577,"TAX_EBT":25.249826733966,"OCF_SALES":237.057577065383,"TOTAL_PARENT_EQUITY":897992813,"DEBT_ASSET_RATIO":1.5013569613,"OPERATE_PROFIT":19836548,"PRETAX_PROFIT":19836548,"NETCASH_OPERATE":80700686,"NETCASH_INVEST":-80782342,"NETCASH_FINANCE":-65280,"END_CASH":656799,"DIVI_RATIO":null,"DIVIDEND_RATE":null,"CURRENT_RATIO":null,"COMMON_ACS":null,"CURRENTDEBT_DEBT":null,"ISSUED_COMMON_SHARES":600000000,"HK_COMMON_SHARES":150000000,"PER_SHARES":2000,"TOTAL_MARKET_CAP":276000000,"HKSK_MARKET_CAP":69000000,"PE_TTM":-48.55646321985,"PB_TTM":0.292762398064,"REPORT_DATE_SQ":"2020-06-30 00:00:00","REPORT_TYPE_SQ":"2020年中报","OPERATE_INCOME_SQ":37884196,"DPS_HKD":null,"OPERATE_INCOME_QOQ_SQ":-16.664405192087,"NET_PROFIT_RATIO_SQ":37.1145820278,"HOLDER_PROFIT_SQ":14060561,"HOLDER_PROFIT_QOQ_SQ":-32.572030963355,"ROE_AVG_SQ":1.619021165398,"PE_TTM_SQ":-22.407642550316,"PB_TTM_SQ":0.498446733551,"ROA_SQ":1.584198383668,"START_DATE":"2021-01-01 00:00:00","FISCAL_YEAR":"12-31","CURRENCY":"HKD","IS_CNY_CODE":0,"DPS_HKD_LY":null,"ORG_TYPE":"银行","PREMIUM_INCOME":null,"PREMIUM_INCOME_YOY":null,"NET_INTEREST_INCOME":32988068,"NET_INTEREST_INCOME_YOY":-11.276084919811,"FEE_COMMISSION_INCOME":null,"FEE_COMMISSION_INCOME_YOY":null,"ACCOUNTS_RECE_TDAYS":null,"INVENTORY_TDAYS":null,"CURRENT_ASSETS_TDAYS":null,"TOTAL_ASSETS_TDAYS":0.037420804437,"PREMIUM_EXPENSE":null,"LOAN_DEPOSIT":null,"LOAN_EQUITY":0.912821530566,"LOAN_ASSETS":89.911682097275,"DEPOSIT_EQUITY":null,"DEPOSIT_ASSETS":null,"EQUITY_MULTIPLIER":1.015242412636,"EQUITY_RATIO":0.015242412636},{"SECUCODE":"01915.HK","SECURITY_CODE":"01915","SECURITY_NAME_ABBR":"泰和小贷","ORG_CODE":"10563893","STD_REPORT_DATE":"2020-12-31 00:00:00","REPORT_DATE":"2020-12-31 00:00:00","DATE_TYPE_CODE":"001","REPORT_TYPE":"2020年年报","PER_NETCASH_OPERATE":0.022521511667,"PER_OI":0.131317555,"BPS":1.471941598333,"BASIC_EPS":0.06,"DILUTED_EPS":0.06,"OPERATE_INCOME":78790533,"OPERATE_INCOME_YOY":-25.1428377751,"GROSS_PROFIT":null,"GROSS_PROFIT_YOY":null,"HOLDER_PROFIT":36734635,"HOLDER_PROFIT_YOY":-26.7055299815,"GROSS_PROFIT_RATIO":null,"EPS_TTM":0.061224391667,"OPERATE_INCOME_QOQ":-10.173843004942,"NET_PROFIT_RATIO":46.629109646,"ROE_AVG":4.211250065612,"GROSS_PROFIT_QOQ":null,"ROA":4.107240365738,"HOLDER_PROFIT_QOQ":8.700396980102,"ROE_YEARLY":4.211250065612,"ROIC_YEARLY":4.117790796368,"TOTAL_ASSETS":907770181,"TOTAL_LIABILITIES":24605222,"TAX_EBT":25.563191429787,"OCF_SALES":17.152608761178,"TOTAL_PARENT_EQUITY":883164959,"DEBT_ASSET_RATIO":2.7105122546,"OPERATE_PROFIT":49350094,"PRETAX_PROFIT":49350094,"NETCASH_OPERATE":13512907,"NETCASH_INVEST":-654888,"NETCASH_FINANCE":-15833625,"END_CASH":803738,"DIVI_RATIO":null,"DIVIDEND_RATE":null,"CURRENT_RATIO":null,"COMMON_ACS":null,"CURRENTDEBT_DEBT":null,"ISSUED_COMMON_SHARES":600000000,"HK_COMMON_SHARES":150000000,"PER_SHARES":2000,"TOTAL_MARKET_CAP":276000000,"HKSK_MARKET_CAP":69000000,"PE_TTM":-48.55646321985,"PB_TTM":0.292762398064,"REPORT_DATE_SQ":"2019-12-31 00:00:00","REPORT_TYPE_SQ":"2019年年报","OPERATE_INCOME_SQ":105241068,"DPS_HKD":null,"OPERATE_INCOME_QOQ_SQ":-5.325689860741,"NET_PROFIT_RATIO_SQ":47.6232766851,"HOLDER_PROFIT_SQ":50119245,"HOLDER_PROFIT_QOQ_SQ":-22.202217984225,"ROE_AVG_SQ":5.992467802867,"PE_TTM_SQ":-22.407642550316,"PB_TTM_SQ":0.498446733551,"ROA_SQ":5.867177488409,"START_DATE":"2020-01-01 00:00:00","FISCAL_YEAR":"12-31","CURRENCY":"HKD","IS_CNY_CODE":0,"DPS_HKD_LY":0.0273767,"ORG_TYPE":"银行","PREMIUM_INCOME":null,"PREMIUM_INCOME_YOY":null,"NET_INTEREST_INCOME":75221772,"NET_INTEREST_INCOME_YOY":-27.583027852488,"FEE_COMMISSION_INCOME":null,"FEE_COMMISSION_INCOME_YOY":null,"ACCOUNTS_RECE_TDAYS":null,"INVENTORY_TDAYS":null,"CURRENT_ASSETS_TDAYS":null,"TOTAL_ASSETS_TDAYS":0.088083182306,"PREMIUM_EXPENSE":null,"LOAN_DEPOSIT":null,"LOAN_EQUITY":1.011512358927,"LOAN_ASSETS":98.409519248132,"DEPOSIT_EQUITY":null,"DEPOSIT_ASSETS":null,"EQUITY_MULTIPLIER":1.027860278818,"EQUITY_RATIO":0.027860278818},{"SECUCODE":"01915.HK","SECURITY_CODE":"01915","SECURITY_NAME_ABBR":"泰和小贷","ORG_CODE":"10563893","STD_REPORT_DATE":"2020-06-30 00:00:00","REPORT_DATE":"2020-06-30 00:00:00","DATE_TYPE_CODE":"002","REPORT_TYPE":"2020年中报","PER_NETCASH_OPERATE":-0.003709418333,"PER_OI":0.063140326667,"BPS":1.459151475,"BASIC_EPS":0.02,"DILUTED_EPS":0.02,"OPERATE_INCOME":37884196,"OPERATE_INCOME_YOY":-31.6441122634,"GROSS_PROFIT":null,"GROSS_PROFIT_YOY":null,"HOLDER_PROFIT":14060561,"HOLDER_PROFIT_YOY":-53.7259567641,"GROSS_PROFIT_RATIO":null,"EPS_TTM":0.056323981667,"OPERATE_INCOME_QOQ":-16.664405192087,"NET_PROFIT_RATIO":37.1145820278,"ROE_AVG":1.619021165398,"GROSS_PROFIT_QOQ":null,"ROA":1.584198383668,"HOLDER_PROFIT_QOQ":-32.572030963355,"ROE_YEARLY":3.238042330796,"ROIC_YEARLY":3.176469809565,"TOTAL_ASSETS":894096681,"TOTAL_LIABILITIES":18605796,"TAX_EBT":25.527427244232,"OCF_SALES":-5.874879857553,"TOTAL_PARENT_EQUITY":875490885,"DEBT_ASSET_RATIO":2.0809601909,"OPERATE_PROFIT":18880187,"PRETAX_PROFIT":18880187,"NETCASH_OPERATE":-2225651,"NETCASH_INVEST":-113352,"NETCASH_FINANCE":-708336,"END_CASH":732059,"DIVI_RATIO":null,"DIVIDEND_RATE":null,"CURRENT_RATIO":null,"COMMON_ACS":null,"CURRENTDEBT_DEBT":null,"ISSUED_COMMON_SHARES":600000000,"HK_COMMON_SHARES":150000000,"PER_SHARES":2000,"TOTAL_MARKET_CAP":276000000,"HKSK_MARKET_CAP":69000000,"PE_TTM":-48.55646321985,"PB_TTM":0.292762398064,"REPORT_DATE_SQ":"2019-06-30 00:00:00","REPORT_TYPE_SQ":"2019年中报","OPERATE_INCOME_SQ":55421994,"DPS_HKD":null,"OPERATE_INCOME_QOQ_SQ":0.820677686697,"NET_PROFIT_RATIO_SQ":54.8255571606,"HOLDER_PROFIT_SQ":30385417,"HOLDER_PROFIT_QOQ_SQ":-3.232607461403,"ROE_AVG_SQ":3.676379643935,"PE_TTM_SQ":-22.407642550316,"PB_TTM_SQ":0.498446733551,"ROA_SQ":3.599339789099,"START_DATE":"2020-01-01 00:00:00","FISCAL_YEAR":"12-31","CURRENCY":"HKD","IS_CNY_CODE":0,"DPS_HKD_LY":0.0273767,"ORG_TYPE":"银行","PREMIUM_INCOME":null,"PREMIUM_INCOME_YOY":null,"NET_INTEREST_INCOME":37180582,"NET_INTEREST_INCOME_YOY":-32.829408826211,"FEE_COMMISSION_INCOME":null,"FEE_COMMISSION_INCOME_YOY":null,"ACCOUNTS_RECE_TDAYS":null,"INVENTORY_TDAYS":null,"CURRENT_ASSETS_TDAYS":null,"TOTAL_ASSETS_TDAYS":0.042683988263,"PREMIUM_EXPENSE":null,"LOAN_DEPOSIT":null,"LOAN_EQUITY":1.002678479057,"LOAN_ASSETS":98.181313906477,"DEPOSIT_EQUITY":null,"DEPOSIT_ASSETS":null,"EQUITY_MULTIPLIER":1.021251844329,"EQUITY_RATIO":0.02125184433}],"count":27},"success":true,"message":"ok","code":0}