{"version":"8dcf54e6bec8d7d905697dfce22d65ed","result":{"pages":6,"data":[{"SECUCODE":"01910.HK","SECURITY_CODE":"01910","SECURITY_NAME_ABBR":"新秀丽","ORG_CODE":"10175135","STD_REPORT_DATE":"2024-09-30 00:00:00","REPORT_DATE":"2024-09-30 00:00:00","DATE_TYPE_CODE":"004","REPORT_TYPE":"2024年三季报","PER_NETCASH_OPERATE":1.67864381132,"PER_OI":12.946742213687,"BPS":7.43578972009,"BASIC_EPS":1.1351988,"DILUTED_EPS":1.1281914,"OPERATE_INCOME":18542981880,"OPERATE_INCOME_YOY":-3.2078715388,"GROSS_PROFIT":11106028260,"GROSS_PROFIT_YOY":-4.19054314757,"HOLDER_PROFIT":1650943440,"HOLDER_PROFIT_YOY":-7.4626865672,"GROSS_PROFIT_RATIO":59.893432091301,"EPS_TTM":1.938523799001,"OPERATE_INCOME_QOQ":-3.308057477529,"NET_PROFIT_RATIO":9.6591338523,"ROE_AVG":16.072037656048,"GROSS_PROFIT_QOQ":-3.440381788848,"ROA":4.610522401933,"HOLDER_PROFIT_QOQ":-8.14007048188,"ROE_YEARLY":21.429383541397,"ROIC_YEARLY":5.425508641435,"TOTAL_ASSETS":35795901420,"TOTAL_LIABILITIES":24931628460,"TAX_EBT":26.544096523987,"OCF_SALES":12.965762225078,"TOTAL_PARENT_EQUITY":10376557920,"DEBT_ASSET_RATIO":69.6493941233,"OPERATE_PROFIT":3137212980,"PRETAX_PROFIT":2439275940,"NETCASH_OPERATE":2404238940,"NETCASH_INVEST":-433057320,"NETCASH_FINANCE":-2190513240,"END_CASH":4781149020,"DIVI_RATIO":0.37314208078,"DIVIDEND_RATE":3.477995642702,"CURRENT_RATIO":1.653198026255,"COMMON_ACS":3500000000,"CURRENTDEBT_DEBT":30.189156524916,"ISSUED_COMMON_SHARES":1395488349,"HK_COMMON_SHARES":1395488349,"PER_SHARES":300,"TOTAL_MARKET_CAP":32026457609.55,"HKSK_MARKET_CAP":32026457609.55,"PE_TTM":10.338439187606,"PB_TTM":2.783306316629,"REPORT_DATE_SQ":"2023-09-30 00:00:00","REPORT_TYPE_SQ":"2023年三季报","OPERATE_INCOME_SQ":19628855220,"DPS_HKD":0.7982,"OPERATE_INCOME_QOQ_SQ":2.814752120154,"NET_PROFIT_RATIO_SQ":10.7721569918,"HOLDER_PROFIT_SQ":1827977080,"HOLDER_PROFIT_QOQ_SQ":13.317374665699,"ROE_AVG_SQ":23.021397267337,"PE_TTM_SQ":9.454160619722,"PB_TTM_SQ":3.390421014451,"ROA_SQ":5.596582303603,"START_DATE":"2024-01-01 00:00:00","FISCAL_YEAR":"12-31","CURRENCY":"HKD","IS_CNY_CODE":0,"DPS_HKD_LY":0.7982,"ORG_TYPE":"一般企业","PREMIUM_INCOME":null,"PREMIUM_INCOME_YOY":null,"NET_INTEREST_INCOME":null,"NET_INTEREST_INCOME_YOY":null,"FEE_COMMISSION_INCOME":null,"FEE_COMMISSION_INCOME_YOY":null,"ACCOUNTS_RECE_TDAYS":8.210363015824,"INVENTORY_TDAYS":1.550701344243,"CURRENT_ASSETS_TDAYS":1.465511034807,"TOTAL_ASSETS_TDAYS":0.517842291171,"PREMIUM_EXPENSE":null,"LOAN_DEPOSIT":null,"LOAN_EQUITY":null,"LOAN_ASSETS":null,"DEPOSIT_EQUITY":null,"DEPOSIT_ASSETS":null,"EQUITY_MULTIPLIER":3.294827141384,"EQUITY_RATIO":2.402687736359},{"SECUCODE":"01910.HK","SECURITY_CODE":"01910","SECURITY_NAME_ABBR":"新秀丽","ORG_CODE":"10175135","STD_REPORT_DATE":"2024-06-30 00:00:00","REPORT_DATE":"2024-06-30 00:00:00","DATE_TYPE_CODE":"002","REPORT_TYPE":"2024年中报","PER_NETCASH_OPERATE":0.940215164341,"PER_OI":8.619857533108,"BPS":7.552785752423,"BASIC_EPS":0.8053284,"DILUTED_EPS":0.7982016,"OPERATE_INCOME":12603745800,"OPERATE_INCOME_YOY":-0.4335097399,"GROSS_PROFIT":7588616640,"GROSS_PROFIT_YOY":0.633506732471,"HOLDER_PROFIT":1170933240,"HOLDER_PROFIT_YOY":7.737704918,"GROSS_PROFIT_RATIO":60.209216850438,"EPS_TTM":2.067114602772,"OPERATE_INCOME_QOQ":-1.80136682267,"NET_PROFIT_RATIO":10.1272264631,"ROE_AVG":11.215399842998,"GROSS_PROFIT_QOQ":-1.524170653655,"ROA":3.192522928649,"HOLDER_PROFIT_QOQ":-0.396941214559,"ROE_YEARLY":22.430799685996,"ROIC_YEARLY":7.61882680269,"TOTAL_ASSETS":36923950800,"TOTAL_LIABILITIES":25899503880,"TAX_EBT":26.897959183674,"OCF_SALES":10.907548770144,"TOTAL_PARENT_EQUITY":10539824520,"DEBT_ASSET_RATIO":70.1428295696,"OPERATE_PROFIT":2242803960,"PRETAX_PROFIT":1746066000,"NETCASH_OPERATE":1374759720,"NETCASH_INVEST":-293624160,"NETCASH_FINANCE":-282221280,"END_CASH":5811905400,"DIVI_RATIO":0.349929705412,"DIVIDEND_RATE":3.493216630197,"CURRENT_RATIO":1.605472721111,"COMMON_ACS":3500000000,"CURRENTDEBT_DEBT":32.481219559176,"ISSUED_COMMON_SHARES":1395488349,"HK_COMMON_SHARES":1395488349,"PER_SHARES":300,"TOTAL_MARKET_CAP":31886908774.65,"HKSK_MARKET_CAP":31886908774.65,"PE_TTM":10.2933915223,"PB_TTM":2.77117862026,"REPORT_DATE_SQ":"2023-06-30 00:00:00","REPORT_TYPE_SQ":"2023年中报","OPERATE_INCOME_SQ":12834465960,"DPS_HKD":0.7982,"OPERATE_INCOME_QOQ_SQ":9.410249398111,"NET_PROFIT_RATIO_SQ":9.6498142101,"HOLDER_PROFIT_SQ":1101934500,"HOLDER_PROFIT_QOQ_SQ":12.440146689577,"ROE_AVG_SQ":13.743691420332,"PE_TTM_SQ":9.773288404353,"PB_TTM_SQ":3.504865605656,"ROA_SQ":3.190209717065,"START_DATE":"2024-01-01 00:00:00","FISCAL_YEAR":"12-31","CURRENCY":"HKD","IS_CNY_CODE":0,"DPS_HKD_LY":0.7982,"ORG_TYPE":"一般企业","PREMIUM_INCOME":null,"PREMIUM_INCOME_YOY":null,"NET_INTEREST_INCOME":null,"NET_INTEREST_INCOME_YOY":null,"FEE_COMMISSION_INCOME":null,"FEE_COMMISSION_INCOME_YOY":null,"ACCOUNTS_RECE_TDAYS":5.313204146012,"INVENTORY_TDAYS":1.055338932214,"CURRENT_ASSETS_TDAYS":0.948079448897,"TOTAL_ASSETS_TDAYS":0.343638271413,"PREMIUM_EXPENSE":null,"LOAN_DEPOSIT":null,"LOAN_EQUITY":null,"LOAN_ASSETS":null,"DEPOSIT_EQUITY":null,"DEPOSIT_ASSETS":null,"EQUITY_MULTIPLIER":3.349279203571,"EQUITY_RATIO":2.457299344107},{"SECUCODE":"01910.HK","SECURITY_CODE":"01910","SECURITY_NAME_ABBR":"新秀丽","ORG_CODE":"10175135","STD_REPORT_DATE":"2024-03-31 00:00:00","REPORT_DATE":"2024-03-31 00:00:00","DATE_TYPE_CODE":"003","REPORT_TYPE":"2024年一季报","PER_NETCASH_OPERATE":0.267479131487,"PER_OI":4.180455662293,"BPS":7.874473482974,"BASIC_EPS":0.404415,"DILUTED_EPS":0.39732,"OPERATE_INCOME":6098862000,"OPERATE_INCOME_YOY":0.8801783828,"GROSS_PROFIT":3685852500,"GROSS_PROFIT_YOY":8.469456643537,"HOLDER_PROFIT":588175500,"HOLDER_PROFIT_YOY":12.3306233062,"GROSS_PROFIT_RATIO":60.435086086552,"EPS_TTM":2.080013922281,"OPERATE_INCOME_QOQ":0.933565842602,"NET_PROFIT_RATIO":10.5281526291,"ROE_AVG":5.527035135676,"GROSS_PROFIT_QOQ":1.861543735894,"ROA":1.617071909959,"HOLDER_PROFIT_QOQ":2.74401309991,"ROE_YEARLY":22.108140542703,"ROIC_YEARLY":7.659613785457,"TOTAL_ASSETS":36477523500,"TOTAL_LIABILITIES":25014132000,"TAX_EBT":24.310776942356,"OCF_SALES":6.398324802234,"TOTAL_PARENT_EQUITY":10988736000,"DEBT_ASSET_RATIO":68.5740960457,"OPERATE_PROFIT":1062831000,"PRETAX_PROFIT":849271500,"NETCASH_OPERATE":390225000,"NETCASH_INVEST":-93654000,"NETCASH_FINANCE":-28380000,"END_CASH":5282227500,"DIVI_RATIO":0.347759597304,"DIVIDEND_RATE":3.493216630197,"CURRENT_RATIO":1.713074725882,"COMMON_ACS":3500000000,"CURRENTDEBT_DEBT":30.783412752439,"ISSUED_COMMON_SHARES":1395488349,"HK_COMMON_SHARES":1395488349,"PER_SHARES":300,"TOTAL_MARKET_CAP":31886908774.65,"HKSK_MARKET_CAP":31886908774.65,"PE_TTM":10.2933915223,"PB_TTM":2.77117862026,"REPORT_DATE_SQ":"2023-03-31 00:00:00","REPORT_TYPE_SQ":"2023年一季报","OPERATE_INCOME_SQ":5855375570,"DPS_HKD":0.7982,"OPERATE_INCOME_QOQ_SQ":11.039736266404,"NET_PROFIT_RATIO_SQ":9.8462621758,"HOLDER_PROFIT_SQ":507131460,"HOLDER_PROFIT_QOQ_SQ":18.505618082054,"ROE_AVG_SQ":6.896551724138,"PE_TTM_SQ":9.773288404353,"PB_TTM_SQ":3.504865605656,"ROA_SQ":1.56109530508,"START_DATE":"2024-01-01 00:00:00","FISCAL_YEAR":"12-31","CURRENCY":"HKD","IS_CNY_CODE":0,"DPS_HKD_LY":0.7982,"ORG_TYPE":"一般企业","PREMIUM_INCOME":null,"PREMIUM_INCOME_YOY":null,"NET_INTEREST_INCOME":null,"NET_INTEREST_INCOME_YOY":null,"FEE_COMMISSION_INCOME":null,"FEE_COMMISSION_INCOME_YOY":null,"ACCOUNTS_RECE_TDAYS":2.626336694164,"INVENTORY_TDAYS":0.498753482915,"CURRENT_ASSETS_TDAYS":0.46530258742,"TOTAL_ASSETS_TDAYS":0.167676117467,"PREMIUM_EXPENSE":null,"LOAN_DEPOSIT":null,"LOAN_EQUITY":null,"LOAN_ASSETS":null,"DEPOSIT_EQUITY":null,"DEPOSIT_ASSETS":null,"EQUITY_MULTIPLIER":3.182088258954,"EQUITY_RATIO":2.276342975207},{"SECUCODE":"01910.HK","SECURITY_CODE":"01910","SECURITY_NAME_ABBR":"新秀丽","ORG_CODE":"10175135","STD_REPORT_DATE":"2023-12-31 00:00:00","REPORT_DATE":"2023-12-31 00:00:00","DATE_TYPE_CODE":"001","REPORT_TYPE":"2023年年报","PER_NETCASH_OPERATE":2.609918377088,"PER_OI":17.990946147114,"BPS":7.364445362345,"BASIC_EPS":2.0469003,"DILUTED_EPS":2.0327349,"OPERATE_INCOME":26081334480,"OPERATE_INCOME_YOY":27.8788720656,"GROSS_PROFIT":15460117560,"GROSS_PROFIT_YOY":38.27171671109,"HOLDER_PROFIT":2953485900,"HOLDER_PROFIT_YOY":33.3546530221,"GROSS_PROFIT_RATIO":59.276558766022,"EPS_TTM":2.037319287244,"OPERATE_INCOME_QOQ":4.114112873628,"NET_PROFIT_RATIO":12.2284379752,"ROE_AVG":33.591106814886,"GROSS_PROFIT_QOQ":5.454055222797,"ROA":8.481729703343,"HOLDER_PROFIT_QOQ":-10.183941065009,"ROE_YEARLY":33.591106814886,"ROIC_YEARLY":9.96904098782,"TOTAL_ASSETS":36205345860,"TOTAL_LIABILITIES":25455932070,"TAX_EBT":23.012480765943,"OCF_SALES":14.506843363024,"TOTAL_PARENT_EQUITY":10276997700,"DEBT_ASSET_RATIO":70.3098712782,"OPERATE_PROFIT":5267403990,"PRETAX_PROFIT":4142671230,"NETCASH_OPERATE":3783578340,"NETCASH_INVEST":-779805270,"NETCASH_FINANCE":-2463363060,"END_CASH":5075462820,"DIVI_RATIO":0.355047345072,"DIVIDEND_RATE":3.493216630197,"CURRENT_RATIO":1.585968550199,"COMMON_ACS":3500000000,"CURRENTDEBT_DEBT":32.202776773045,"ISSUED_COMMON_SHARES":1395488349,"HK_COMMON_SHARES":1395488349,"PER_SHARES":300,"TOTAL_MARKET_CAP":31886908774.65,"HKSK_MARKET_CAP":31886908774.65,"PE_TTM":10.2933915223,"PB_TTM":2.77117862026,"REPORT_DATE_SQ":"2022-12-31 00:00:00","REPORT_TYPE_SQ":"2022年年报","OPERATE_INCOME_SQ":20055262160,"DPS_HKD":0.7982,"OPERATE_INCOME_QOQ_SQ":7.136709841903,"NET_PROFIT_RATIO_SQ":11.7481594666,"HOLDER_PROFIT_SQ":2177830420,"HOLDER_PROFIT_QOQ_SQ":16.962319287537,"ROE_AVG_SQ":36.328783038048,"PE_TTM_SQ":9.773288404353,"PB_TTM_SQ":3.504865605656,"ROA_SQ":6.531319840424,"START_DATE":"2023-01-01 00:00:00","FISCAL_YEAR":"12-31","CURRENCY":"HKD","IS_CNY_CODE":0,"DPS_HKD_LY":null,"ORG_TYPE":"一般企业","PREMIUM_INCOME":null,"PREMIUM_INCOME_YOY":null,"NET_INTEREST_INCOME":null,"NET_INTEREST_INCOME_YOY":null,"FEE_COMMISSION_INCOME":null,"FEE_COMMISSION_INCOME_YOY":null,"ACCOUNTS_RECE_TDAYS":12.063554463554,"INVENTORY_TDAYS":2.167835200578,"CURRENT_ASSETS_TDAYS":2.086227409212,"TOTAL_ASSETS_TDAYS":0.748995718455,"PREMIUM_EXPENSE":null,"LOAN_DEPOSIT":null,"LOAN_EQUITY":null,"LOAN_ASSETS":null,"DEPOSIT_EQUITY":null,"DEPOSIT_ASSETS":null,"EQUITY_MULTIPLIER":3.368122817419,"EQUITY_RATIO":2.476981392143},{"SECUCODE":"01910.HK","SECURITY_CODE":"01910","SECURITY_NAME_ABBR":"新秀丽","ORG_CODE":"10175135","STD_REPORT_DATE":"2023-09-30 00:00:00","REPORT_DATE":"2023-09-30 00:00:00","DATE_TYPE_CODE":"004","REPORT_TYPE":"2023年三季报","PER_NETCASH_OPERATE":1.509100633037,"PER_OI":13.567018154097,"BPS":6.665873553632,"BASIC_EPS":1.2636448,"DILUTED_EPS":1.256465,"OPERATE_INCOME":19628855220,"OPERATE_INCOME_YOY":32.6427635728,"GROSS_PROFIT":11591787100,"GROSS_PROFIT_YOY":42.892706261878,"HOLDER_PROFIT":1827977080,"HOLDER_PROFIT_YOY":133.9737991266,"GROSS_PROFIT_RATIO":59.0548300962,"EPS_TTM":2.272847733297,"OPERATE_INCOME_QOQ":2.814752120154,"NET_PROFIT_RATIO":10.7721569918,"ROE_AVG":23.021397267337,"GROSS_PROFIT_QOQ":4.911598552431,"ROA":5.596582303603,"HOLDER_PROFIT_QOQ":13.317374665699,"ROE_YEARLY":30.695196356449,"ROIC_YEARLY":6.514840168768,"TOTAL_ASSETS":34840697480,"TOTAL_LIABILITIES":25091247060,"TAX_EBT":22.613480055021,"OCF_SALES":11.123303705329,"TOTAL_PARENT_EQUITY":9302148880,"DEBT_ASSET_RATIO":72.0170630178,"OPERATE_PROFIT":3551847060,"PRETAX_PROFIT":2609857300,"NETCASH_OPERATE":2183377180,"NETCASH_INVEST":-352528180,"NETCASH_FINANCE":-2018959760,"END_CASH":4332291320,"DIVI_RATIO":0.31825484541,"DIVIDEND_RATE":3.493216630197,"CURRENT_RATIO":1.572745810799,"COMMON_ACS":3500000000,"CURRENTDEBT_DEBT":32.274587232094,"ISSUED_COMMON_SHARES":1395488349,"HK_COMMON_SHARES":1395488349,"PER_SHARES":300,"TOTAL_MARKET_CAP":31886908774.65,"HKSK_MARKET_CAP":31886908774.65,"PE_TTM":10.2933915223,"PB_TTM":2.77117862026,"REPORT_DATE_SQ":"2022-09-30 00:00:00","REPORT_TYPE_SQ":"2022年三季报","OPERATE_INCOME_SQ":14633397780,"DPS_HKD":0.7982,"OPERATE_INCOME_QOQ_SQ":15.238464125412,"NET_PROFIT_RATIO_SQ":6.4965309786,"HOLDER_PROFIT_SQ":812927100,"HOLDER_PROFIT_QOQ_SQ":33.996005493943,"ROE_AVG_SQ":14.973192101478,"PE_TTM_SQ":9.773288404353,"PB_TTM_SQ":3.504865605656,"ROA_SQ":2.434771514237,"START_DATE":"2023-01-01 00:00:00","FISCAL_YEAR":"12-31","CURRENCY":"HKD","IS_CNY_CODE":0,"DPS_HKD_LY":null,"ORG_TYPE":"一般企业","PREMIUM_INCOME":null,"PREMIUM_INCOME_YOY":null,"NET_INTEREST_INCOME":null,"NET_INTEREST_INCOME_YOY":null,"FEE_COMMISSION_INCOME":null,"FEE_COMMISSION_INCOME_YOY":null,"ACCOUNTS_RECE_TDAYS":8.616136148755,"INVENTORY_TDAYS":1.573959505062,"CURRENT_ASSETS_TDAYS":1.576416318293,"TOTAL_ASSETS_TDAYS":0.571127150423,"PREMIUM_EXPENSE":null,"LOAN_DEPOSIT":null,"LOAN_EQUITY":null,"LOAN_ASSETS":null,"DEPOSIT_EQUITY":null,"DEPOSIT_ASSETS":null,"EQUITY_MULTIPLIER":3.573606303856,"EQUITY_RATIO":2.697360296388},{"SECUCODE":"01910.HK","SECURITY_CODE":"01910","SECURITY_NAME_ABBR":"新秀丽","ORG_CODE":"10175135","STD_REPORT_DATE":"2023-06-30 00:00:00","REPORT_DATE":"2023-06-30 00:00:00","DATE_TYPE_CODE":"002","REPORT_TYPE":"2023年中报","PER_NETCASH_OPERATE":0.784006530147,"PER_OI":8.892416340023,"BPS":6.148324295325,"BASIC_EPS":0.7659348,"DILUTED_EPS":0.758709,"OPERATE_INCOME":12834465960,"OPERATE_INCOME_YOY":39.8362462604,"GROSS_PROFIT":7540844880,"GROSS_PROFIT_YOY":58.833398380329,"HOLDER_PROFIT":1101934500,"HOLDER_PROFIT_YOY":170.8703374778,"GROSS_PROFIT_RATIO":58.754644747213,"EPS_TTM":2.010603288691,"OPERATE_INCOME_QOQ":9.410249398111,"NET_PROFIT_RATIO":9.6498142101,"ROE_AVG":13.743691420332,"GROSS_PROFIT_QOQ":11.015410836073,"ROA":3.190209717065,"HOLDER_PROFIT_QOQ":12.440146689577,"ROE_YEARLY":27.487382840663,"ROIC_YEARLY":7.422820915319,"TOTAL_ASSETS":34968536520,"TOTAL_LIABILITIES":25955796180,"TAX_EBT":25.832972739074,"OCF_SALES":8.816574710055,"TOTAL_PARENT_EQUITY":8579914920,"DEBT_ASSET_RATIO":74.2261437368,"OPERATE_PROFIT":2255172180,"PRETAX_PROFIT":1669882380,"NETCASH_OPERATE":1131560280,"NETCASH_INVEST":-185703060,"NETCASH_FINANCE":-1235611800,"END_CASH":4328254200,"DIVI_RATIO":0.359765055627,"DIVIDEND_RATE":3.493216630197,"CURRENT_RATIO":1.529185599441,"COMMON_ACS":3500000000,"CURRENTDEBT_DEBT":31.858801258317,"ISSUED_COMMON_SHARES":1395488349,"HK_COMMON_SHARES":1395488349,"PER_SHARES":300,"TOTAL_MARKET_CAP":31886908774.65,"HKSK_MARKET_CAP":31886908774.65,"PE_TTM":10.2933915223,"PB_TTM":2.77117862026,"REPORT_DATE_SQ":"2022-06-30 00:00:00","REPORT_TYPE_SQ":"2022年中报","OPERATE_INCOME_SQ":8524820280,"DPS_HKD":0.7982,"OPERATE_INCOME_QOQ_SQ":14.438568710136,"NET_PROFIT_RATIO_SQ":5.3928515194,"HOLDER_PROFIT_SQ":377851820,"HOLDER_PROFIT_QOQ_SQ":106.471695716227,"ROE_AVG_SQ":7.686531503857,"PE_TTM_SQ":9.773288404353,"PB_TTM_SQ":3.504865605656,"ROA_SQ":1.176101942762,"START_DATE":"2023-01-01 00:00:00","FISCAL_YEAR":"12-31","CURRENCY":"HKD","IS_CNY_CODE":0,"DPS_HKD_LY":null,"ORG_TYPE":"一般企业","PREMIUM_INCOME":null,"PREMIUM_INCOME_YOY":null,"NET_INTEREST_INCOME":null,"NET_INTEREST_INCOME_YOY":null,"FEE_COMMISSION_INCOME":null,"FEE_COMMISSION_INCOME_YOY":null,"ACCOUNTS_RECE_TDAYS":5.868825375847,"INVENTORY_TDAYS":1.026050420168,"CURRENT_ASSETS_TDAYS":1.031295360855,"TOTAL_ASSETS_TDAYS":0.371570524554,"PREMIUM_EXPENSE":null,"LOAN_DEPOSIT":null,"LOAN_EQUITY":null,"LOAN_ASSETS":null,"DEPOSIT_EQUITY":null,"DEPOSIT_ASSETS":null,"EQUITY_MULTIPLIER":3.87990058526,"EQUITY_RATIO":3.025181067879},{"SECUCODE":"01910.HK","SECURITY_CODE":"01910","SECURITY_NAME_ABBR":"新秀丽","ORG_CODE":"10175135","STD_REPORT_DATE":"2023-03-31 00:00:00","REPORT_DATE":"2023-03-31 00:00:00","DATE_TYPE_CODE":"003","REPORT_TYPE":"2023年一季报","PER_NETCASH_OPERATE":-0.08666247154,"PER_OI":4.057422637319,"BPS":5.458012089788,"BASIC_EPS":0.3504567,"DILUTED_EPS":0.3504567,"OPERATE_INCOME":5855375570,"OPERATE_INCOME_YOY":48.5529986053,"GROSS_PROFIT":3398055650,"GROSS_PROFIT_YOY":70.633919838743,"HOLDER_PROFIT":507131460,"HOLDER_PROFIT_YOY":350,"GROSS_PROFIT_RATIO":58.033094707194,"EPS_TTM":1.788374591643,"OPERATE_INCOME_QOQ":11.039736266404,"NET_PROFIT_RATIO":9.8462621758,"ROE_AVG":6.896551724138,"GROSS_PROFIT_QOQ":12.580531527534,"ROA":1.56109530508,"HOLDER_PROFIT_QOQ":18.505618082054,"ROE_YEARLY":27.586206896552,"ROIC_YEARLY":7.251022438377,"TOTAL_ASSETS":32529253460,"TOTAL_LIABILITIES":24515476920,"TAX_EBT":21.146616541353,"OCF_SALES":-2.135899542307,"TOTAL_PARENT_EQUITY":7616592280,"DEBT_ASSET_RATIO":75.3644006929,"OPERATE_PROFIT":994334990,"PRETAX_PROFIT":731148880,"NETCASH_OPERATE":-125064940,"NETCASH_INVEST":-66655490,"NETCASH_FINANCE":-270057810,"END_CASH":3924427870,"DIVI_RATIO":0.404470521657,"DIVIDEND_RATE":3.493216630197,"CURRENT_RATIO":1.519659839064,"COMMON_ACS":3500000000,"CURRENTDEBT_DEBT":30.653660724296,"ISSUED_COMMON_SHARES":1395488349,"HK_COMMON_SHARES":1395488349,"PER_SHARES":300,"TOTAL_MARKET_CAP":31886908774.65,"HKSK_MARKET_CAP":31886908774.65,"PE_TTM":10.2933915223,"PB_TTM":2.77117862026,"REPORT_DATE_SQ":"2022-03-31 00:00:00","REPORT_TYPE_SQ":"2022年一季报","OPERATE_INCOME_SQ":3641327520,"DPS_HKD":0.7982,"OPERATE_INCOME_QOQ_SQ":10.171421367906,"NET_PROFIT_RATIO_SQ":3.6959553696,"HOLDER_PROFIT_SQ":104110480,"HOLDER_PROFIT_QOQ_SQ":638.179194583982,"ROE_AVG_SQ":2.310998379483,"PE_TTM_SQ":9.773288404353,"PB_TTM_SQ":3.504865605656,"ROA_SQ":0.345470440159,"START_DATE":"2023-01-01 00:00:00","FISCAL_YEAR":"12-31","CURRENCY":"HKD","IS_CNY_CODE":0,"DPS_HKD_LY":null,"ORG_TYPE":"一般企业","PREMIUM_INCOME":null,"PREMIUM_INCOME_YOY":null,"NET_INTEREST_INCOME":null,"NET_INTEREST_INCOME_YOY":null,"FEE_COMMISSION_INCOME":null,"FEE_COMMISSION_INCOME_YOY":null,"ACCOUNTS_RECE_TDAYS":2.851740294511,"INVENTORY_TDAYS":0.515125324114,"CURRENT_ASSETS_TDAYS":0.50773126769,"TOTAL_ASSETS_TDAYS":0.180245163883,"PREMIUM_EXPENSE":null,"LOAN_DEPOSIT":null,"LOAN_EQUITY":null,"LOAN_ASSETS":null,"DEPOSIT_EQUITY":null,"DEPOSIT_ASSETS":null,"EQUITY_MULTIPLIER":4.059166523754,"EQUITY_RATIO":3.218693612414},{"SECUCODE":"01910.HK","SECURITY_CODE":"01910","SECURITY_NAME_ABBR":"新秀丽","ORG_CODE":"10175135","STD_REPORT_DATE":"2022-12-31 00:00:00","REPORT_DATE":"2022-12-31 00:00:00","DATE_TYPE_CODE":"001","REPORT_TYPE":"2022年年报","PER_NETCASH_OPERATE":1.344130126719,"PER_OI":13.937908220741,"BPS":5.149505035387,"BASIC_EPS":1.5182828,"DILUTED_EPS":1.5113182,"OPERATE_INCOME":20055262160,"OPERATE_INCOME_YOY":42.4980205859,"GROSS_PROFIT":11180968840,"GROSS_PROFIT_YOY":59.208797423371,"HOLDER_PROFIT":2177830420,"HOLDER_PROFIT_YOY":2086.7132867133,"GROSS_PROFIT_RATIO":55.750798722045,"EPS_TTM":1.513537956878,"OPERATE_INCOME_QOQ":7.136709841903,"NET_PROFIT_RATIO":11.7481594666,"ROE_AVG":36.328783038048,"GROSS_PROFIT_QOQ":6.492505766415,"ROA":6.531319840424,"HOLDER_PROFIT_QOQ":16.962319287537,"ROE_YEARLY":36.328783038048,"ROIC_YEARLY":8.305444887118,"TOTAL_ASSETS":32880573060,"TOTAL_LIABILITIES":25361590900,"TAX_EBT":6.701599558742,"OCF_SALES":9.64370051396,"TOTAL_PARENT_EQUITY":7186074280,"DEBT_ASSET_RATIO":77.1324479465,"OPERATE_PROFIT":3427279660,"PRETAX_PROFIT":2525363960,"NETCASH_OPERATE":1934069420,"NETCASH_INVEST":-437376880,"NETCASH_FINANCE":-6136509060,"END_CASH":4428789140,"DIVI_RATIO":0.47791652711,"DIVIDEND_RATE":3.493216630197,"CURRENT_RATIO":1.396801846357,"COMMON_ACS":3500000000,"CURRENTDEBT_DEBT":33.315941233008,"ISSUED_COMMON_SHARES":1395488349,"HK_COMMON_SHARES":1395488349,"PER_SHARES":300,"TOTAL_MARKET_CAP":31886908774.65,"HKSK_MARKET_CAP":31886908774.65,"PE_TTM":10.2933915223,"PB_TTM":2.77117862026,"REPORT_DATE_SQ":"2021-12-31 00:00:00","REPORT_TYPE_SQ":"2021年年报","OPERATE_INCOME_SQ":12884014560,"DPS_HKD":0.7982,"OPERATE_INCOME_QOQ_SQ":15.693805597847,"NET_PROFIT_RATIO_SQ":1.1629057799,"HOLDER_PROFIT_SQ":91172510,"HOLDER_PROFIT_QOQ_SQ":104.775417866891,"ROE_AVG_SQ":2.160447197462,"PE_TTM_SQ":9.773288404353,"PB_TTM_SQ":3.504865605656,"ROA_SQ":0.285528877352,"START_DATE":"2022-01-01 00:00:00","FISCAL_YEAR":"12-31","CURRENCY":"HKD","IS_CNY_CODE":0,"DPS_HKD_LY":null,"ORG_TYPE":"一般企业","PREMIUM_INCOME":null,"PREMIUM_INCOME_YOY":null,"NET_INTEREST_INCOME":null,"NET_INTEREST_INCOME_YOY":null,"FEE_COMMISSION_INCOME":null,"FEE_COMMISSION_INCOME_YOY":null,"ACCOUNTS_RECE_TDAYS":11.585596459465,"INVENTORY_TDAYS":2.459845559846,"CURRENT_ASSETS_TDAYS":1.584722910132,"TOTAL_ASSETS_TDAYS":0.601457902542,"PREMIUM_EXPENSE":null,"LOAN_DEPOSIT":null,"LOAN_EQUITY":null,"LOAN_ASSETS":null,"DEPOSIT_EQUITY":null,"DEPOSIT_ASSETS":null,"EQUITY_MULTIPLIER":4.373008521684,"EQUITY_RATIO":3.529269238224},{"SECUCODE":"01910.HK","SECURITY_CODE":"01910","SECURITY_NAME_ABBR":"新秀丽","ORG_CODE":"10175135","STD_REPORT_DATE":"2022-09-30 00:00:00","REPORT_DATE":"2022-09-30 00:00:00","DATE_TYPE_CODE":"004","REPORT_TYPE":"2022年三季报","PER_NETCASH_OPERATE":0.890563919598,"PER_OI":10.174840879615,"BPS":4.272126001104,"BASIC_EPS":0.567984,"DILUTED_EPS":0.567984,"OPERATE_INCOME":14633397780,"OPERATE_INCOME_YOY":51.9312988353,"GROSS_PROFIT":8112231480,"GROSS_PROFIT_YOY":74.992333949568,"HOLDER_PROFIT":812927100,"HOLDER_PROFIT_YOY":177.5220040623,"GROSS_PROFIT_RATIO":55.436417446994,"EPS_TTM":1.294674327317,"OPERATE_INCOME_QOQ":15.238464125412,"NET_PROFIT_RATIO":6.4965309786,"ROE_AVG":14.973192101478,"GROSS_PROFIT_QOQ":14.759386891507,"ROA":2.434771514237,"HOLDER_PROFIT_QOQ":33.996005493943,"ROE_YEARLY":19.964256135304,"ROIC_YEARLY":3.181748711322,"TOTAL_ASSETS":32311899780,"TOTAL_LIABILITIES":26027866800,"TAX_EBT":27.188689505166,"OCF_SALES":8.75260783077,"TOTAL_PARENT_EQUITY":5961702060,"DEBT_ASSET_RATIO":80.5519544725,"OPERATE_PROFIT":2000013660,"PRETAX_PROFIT":1305653220,"NETCASH_OPERATE":1280803920,"NETCASH_INVEST":-234293400,"NETCASH_FINANCE":-4514052840,"END_CASH":5686939800,"DIVI_RATIO":0.558707922709,"DIVIDEND_RATE":3.493216630197,"CURRENT_RATIO":1.539012810176,"COMMON_ACS":3500000000,"CURRENTDEBT_DEBT":30.450081833061,"ISSUED_COMMON_SHARES":1395488349,"HK_COMMON_SHARES":1395488349,"PER_SHARES":300,"TOTAL_MARKET_CAP":31886908774.65,"HKSK_MARKET_CAP":31886908774.65,"PE_TTM":10.2933915223,"PB_TTM":2.77117862026,"REPORT_DATE_SQ":"2021-09-30 00:00:00","REPORT_TYPE_SQ":"2021年三季报","OPERATE_INCOME_SQ":8798093640,"DPS_HKD":0.7982,"OPERATE_INCOME_QOQ_SQ":17.07906912444,"NET_PROFIT_RATIO_SQ":-10.6737431815,"HOLDER_PROFIT_SQ":-957893580,"HOLDER_PROFIT_QOQ_SQ":19.16985142371,"ROE_AVG_SQ":-25.666869406551,"PE_TTM_SQ":9.773288404353,"PB_TTM_SQ":3.504865605656,"ROA_SQ":-3.02406764739,"START_DATE":"2022-01-01 00:00:00","FISCAL_YEAR":"12-31","CURRENCY":"HKD","IS_CNY_CODE":0,"DPS_HKD_LY":null,"ORG_TYPE":"一般企业","PREMIUM_INCOME":null,"PREMIUM_INCOME_YOY":null,"NET_INTEREST_INCOME":null,"NET_INTEREST_INCOME_YOY":null,"FEE_COMMISSION_INCOME":null,"FEE_COMMISSION_INCOME_YOY":null,"ACCOUNTS_RECE_TDAYS":8.390392835335,"INVENTORY_TDAYS":2.029609987847,"CURRENT_ASSETS_TDAYS":1.127023184602,"TOTAL_ASSETS_TDAYS":0.438280136943,"PREMIUM_EXPENSE":null,"LOAN_DEPOSIT":null,"LOAN_EQUITY":null,"LOAN_ASSETS":null,"DEPOSIT_EQUITY":null,"DEPOSIT_ASSETS":null,"EQUITY_MULTIPLIER":5.141904869494,"EQUITY_RATIO":4.365844944623}],"count":50},"success":true,"message":"ok","code":0}