{"version":"5b3a49c708f274ec42bae9907b1a79e2","result":{"pages":3,"data":[{"SECUCODE":"01916.HK","SECURITY_CODE":"01916","SECURITY_NAME_ABBR":"江西银行","ORG_CODE":"10061919","STD_REPORT_DATE":"2024-06-30 00:00:00","REPORT_DATE":"2024-06-30 00:00:00","DATE_TYPE_CODE":"002","REPORT_TYPE":"2024年中报","PER_NETCASH_OPERATE":-0.680039624228,"PER_OI":0.954188377205,"BPS":6.546061319567,"BASIC_EPS":0.1,"DILUTED_EPS":0.1,"OPERATE_INCOME":5748295000,"OPERATE_INCOME_YOY":6.4790905656,"GROSS_PROFIT":null,"GROSS_PROFIT_YOY":null,"HOLDER_PROFIT":623250000,"HOLDER_PROFIT_YOY":-48.1481851241,"GROSS_PROFIT_RATIO":null,"EPS_TTM":0.075935088562,"OPERATE_INCOME_QOQ":3.096275192672,"NET_PROFIT_RATIO":11.2172044058,"ROE_AVG":1.323108343563,"GROSS_PROFIT_QOQ":null,"ROA":0.111607546272,"HOLDER_PROFIT_QOQ":-55.85217726144,"ROE_YEARLY":2.646216687125,"ROIC_YEARLY":0.236372513068,"TOTAL_ASSETS":564514600000,"TOTAL_LIABILITIES":516304015000,"TAX_EBT":3.581895829844,"OCF_SALES":-71.268906693202,"TOTAL_PARENT_EQUITY":47433246000,"DEBT_ASSET_RATIO":91.4598160969,"OPERATE_PROFIT":664243000,"PRETAX_PROFIT":668752000,"NETCASH_OPERATE":-4096747000,"NETCASH_INVEST":-1340281000,"NETCASH_FINANCE":-383000000,"END_CASH":7226228000,"DIVI_RATIO":0.524312132769,"DIVIDEND_RATE":6.18785915493,"CURRENT_RATIO":null,"COMMON_ACS":null,"CURRENTDEBT_DEBT":null,"ISSUED_COMMON_SHARES":6024276901,"HK_COMMON_SHARES":1345500000,"PER_SHARES":500,"TOTAL_MARKET_CAP":4277236599.71,"HKSK_MARKET_CAP":955305000,"PE_TTM":8.184561683505,"PB_TTM":0.09899125113,"REPORT_DATE_SQ":"2023-06-30 00:00:00","REPORT_TYPE_SQ":"2023年中报","OPERATE_INCOME_SQ":5398520000,"DPS_HKD":0.0439338,"OPERATE_INCOME_QOQ_SQ":-7.229458275133,"NET_PROFIT_RATIO_SQ":22.7077235983,"HOLDER_PROFIT_SQ":1201983000,"HOLDER_PROFIT_QOQ_SQ":-5.133293450813,"ROE_AVG_SQ":2.579666242268,"PE_TTM_SQ":2.542937754936,"PB_TTM_SQ":0.092232577045,"ROA_SQ":0.228033379482,"START_DATE":"2024-01-01 00:00:00","FISCAL_YEAR":"12-31","CURRENCY":"HKD","IS_CNY_CODE":0,"DPS_HKD_LY":0.0439338,"ORG_TYPE":"银行","PREMIUM_INCOME":null,"PREMIUM_INCOME_YOY":null,"NET_INTEREST_INCOME":3987318000,"NET_INTEREST_INCOME_YOY":-11.029895765789,"FEE_COMMISSION_INCOME":null,"FEE_COMMISSION_INCOME_YOY":null,"ACCOUNTS_RECE_TDAYS":null,"INVENTORY_TDAYS":null,"CURRENT_ASSETS_TDAYS":null,"TOTAL_ASSETS_TDAYS":0.010293671884,"PREMIUM_EXPENSE":null,"LOAN_DEPOSIT":93.569119295569,"LOAN_EQUITY":7.438168422972,"LOAN_ASSETS":63.523326234609,"DEPOSIT_EQUITY":7.949383812704,"DEPOSIT_ASSETS":67.889199677032,"EQUITY_MULTIPLIER":11.709349720643,"EQUITY_RATIO":10.884855213156},{"SECUCODE":"01916.HK","SECURITY_CODE":"01916","SECURITY_NAME_ABBR":"江西银行","ORG_CODE":"10061919","STD_REPORT_DATE":"2023-12-31 00:00:00","REPORT_DATE":"2023-12-31 00:00:00","DATE_TYPE_CODE":"001","REPORT_TYPE":"2023年年报","PER_NETCASH_OPERATE":-0.46028030344,"PER_OI":1.875185716999,"BPS":6.437082265187,"BASIC_EPS":0.11,"DILUTED_EPS":0.11,"OPERATE_INCOME":11296638000,"OPERATE_INCOME_YOY":-11.1483001033,"GROSS_PROFIT":null,"GROSS_PROFIT_YOY":null,"HOLDER_PROFIT":1036187000,"HOLDER_PROFIT_YOY":-33.1298550354,"GROSS_PROFIT_RATIO":null,"EPS_TTM":0.172001887866,"OPERATE_INCOME_QOQ":-4.224230833698,"NET_PROFIT_RATIO":9.5062885081,"ROE_AVG":2.232567938453,"GROSS_PROFIT_QOQ":null,"ROA":0.194057406358,"HOLDER_PROFIT_QOQ":-29.511472046411,"ROE_YEARLY":2.232567938453,"ROIC_YEARLY":0.207554077294,"TOTAL_ASSETS":552345363000,"TOTAL_LIABILITIES":504812846000,"TAX_EBT":-6.28848276101,"OCF_SALES":-24.545851606469,"TOTAL_PARENT_EQUITY":46776726000,"DEBT_ASSET_RATIO":91.3944209214,"OPERATE_PROFIT":1001306000,"PRETAX_PROFIT":1010355000,"NETCASH_OPERATE":-2772856000,"NETCASH_INVEST":5632648000,"NETCASH_FINANCE":-8876904000,"END_CASH":13040148000,"DIVI_RATIO":0.231472390972,"DIVIDEND_RATE":6.018328767123,"CURRENT_RATIO":null,"COMMON_ACS":null,"CURRENTDEBT_DEBT":null,"ISSUED_COMMON_SHARES":6024276901,"HK_COMMON_SHARES":1345500000,"PER_SHARES":500,"TOTAL_MARKET_CAP":4397722137.73,"HKSK_MARKET_CAP":982215000,"PE_TTM":8.415112716843,"PB_TTM":0.101779737078,"REPORT_DATE_SQ":"2022-12-31 00:00:00","REPORT_TYPE_SQ":"2022年年报","OPERATE_INCOME_SQ":12714037000,"DPS_HKD":0.0439338,"OPERATE_INCOME_QOQ_SQ":5.004931434804,"NET_PROFIT_RATIO_SQ":12.588597941,"HOLDER_PROFIT_SQ":1549551000,"HOLDER_PROFIT_QOQ_SQ":-23.346968335103,"ROE_AVG_SQ":3.563608824116,"PE_TTM_SQ":2.97328106731,"PB_TTM_SQ":0.107841167006,"ROA_SQ":0.302607536043,"START_DATE":"2023-01-01 00:00:00","FISCAL_YEAR":"12-31","CURRENCY":"HKD","IS_CNY_CODE":0,"DPS_HKD_LY":0.05543,"ORG_TYPE":"银行","PREMIUM_INCOME":null,"PREMIUM_INCOME_YOY":null,"NET_INTEREST_INCOME":8771365000,"NET_INTEREST_INCOME_YOY":-8.862553076444,"FEE_COMMISSION_INCOME":521634000,"FEE_COMMISSION_INCOME_YOY":null,"ACCOUNTS_RECE_TDAYS":null,"INVENTORY_TDAYS":null,"CURRENT_ASSETS_TDAYS":null,"TOTAL_ASSETS_TDAYS":0.021156376898,"PREMIUM_EXPENSE":null,"LOAN_DEPOSIT":89.769371274435,"LOAN_EQUITY":7.199531596444,"LOAN_ASSETS":61.956138482147,"DEPOSIT_EQUITY":8.02003121358,"DEPOSIT_ASSETS":69.017012821379,"EQUITY_MULTIPLIER":11.62036849428,"EQUITY_RATIO":10.791966201311},{"SECUCODE":"01916.HK","SECURITY_CODE":"01916","SECURITY_NAME_ABBR":"江西银行","ORG_CODE":"10061919","STD_REPORT_DATE":"2023-06-30 00:00:00","REPORT_DATE":"2023-06-30 00:00:00","DATE_TYPE_CODE":"002","REPORT_TYPE":"2023年中报","PER_NETCASH_OPERATE":-1.231126344602,"PER_OI":0.896127467033,"BPS":6.497563216841,"BASIC_EPS":0.2,"DILUTED_EPS":0.2,"OPERATE_INCOME":5398520000,"OPERATE_INCOME_YOY":-14.5489575597,"GROSS_PROFIT":null,"GROSS_PROFIT_YOY":null,"HOLDER_PROFIT":1201983000,"HOLDER_PROFIT_YOY":-6.2068970899,"GROSS_PROFIT_RATIO":null,"EPS_TTM":0.244014015982,"OPERATE_INCOME_QOQ":-7.229458275133,"NET_PROFIT_RATIO":22.7077235983,"ROE_AVG":2.579666242268,"GROSS_PROFIT_QOQ":null,"ROA":0.228033379482,"HOLDER_PROFIT_QOQ":-5.133293450813,"ROE_YEARLY":5.159332484535,"ROIC_YEARLY":0.489655567685,"TOTAL_ASSETS":538644063000,"TOTAL_LIABILITIES":490711998000,"TAX_EBT":10.051904942196,"OCF_SALES":-137.382949400947,"TOTAL_PARENT_EQUITY":47141080000,"DEBT_ASSET_RATIO":91.1013471989,"OPERATE_PROFIT":1359111000,"PRETAX_PROFIT":1362876000,"NETCASH_OPERATE":-7416646000,"NETCASH_INVEST":-1798517000,"NETCASH_FINANCE":3096637000,"END_CASH":12954227000,"DIVI_RATIO":0.163161481015,"DIVIDEND_RATE":6.018328767123,"CURRENT_RATIO":null,"COMMON_ACS":null,"CURRENTDEBT_DEBT":null,"ISSUED_COMMON_SHARES":6024276901,"HK_COMMON_SHARES":1345500000,"PER_SHARES":500,"TOTAL_MARKET_CAP":4397722137.73,"HKSK_MARKET_CAP":982215000,"PE_TTM":8.415112716843,"PB_TTM":0.101779737078,"REPORT_DATE_SQ":"2022-06-30 00:00:00","REPORT_TYPE_SQ":"2022年中报","OPERATE_INCOME_SQ":6317676000,"DPS_HKD":0.0439338,"OPERATE_INCOME_QOQ_SQ":8.646611852404,"NET_PROFIT_RATIO_SQ":20.8517182584,"HOLDER_PROFIT_SQ":1281526000,"HOLDER_PROFIT_QOQ_SQ":-2.356848525364,"ROE_AVG_SQ":3.073547565685,"PE_TTM_SQ":2.97328106731,"PB_TTM_SQ":0.107841167006,"ROA_SQ":0.250098743577,"START_DATE":"2023-01-01 00:00:00","FISCAL_YEAR":"12-31","CURRENCY":"HKD","IS_CNY_CODE":0,"DPS_HKD_LY":0.05543,"ORG_TYPE":"银行","PREMIUM_INCOME":null,"PREMIUM_INCOME_YOY":null,"NET_INTEREST_INCOME":4481638000,"NET_INTEREST_INCOME_YOY":-3.029984373627,"FEE_COMMISSION_INCOME":null,"FEE_COMMISSION_INCOME_YOY":null,"ACCOUNTS_RECE_TDAYS":null,"INVENTORY_TDAYS":null,"CURRENT_ASSETS_TDAYS":null,"TOTAL_ASSETS_TDAYS":0.010241765148,"PREMIUM_EXPENSE":null,"LOAN_DEPOSIT":87.817807105765,"LOAN_EQUITY":6.807173173115,"LOAN_ASSETS":60.574670624375,"DEPOSIT_EQUITY":7.751472505931,"DEPOSIT_ASSETS":68.977662527397,"EQUITY_MULTIPLIER":11.237656107634,"EQUITY_RATIO":10.409434785966},{"SECUCODE":"01916.HK","SECURITY_CODE":"01916","SECURITY_NAME_ABBR":"江西银行","ORG_CODE":"10061919","STD_REPORT_DATE":"2022-12-31 00:00:00","REPORT_DATE":"2022-12-31 00:00:00","DATE_TYPE_CODE":"001","REPORT_TYPE":"2022年年报","PER_NETCASH_OPERATE":-6.40806650066,"PER_OI":2.110466900665,"BPS":6.316109240212,"BASIC_EPS":0.23,"DILUTED_EPS":0.23,"OPERATE_INCOME":12714037000,"OPERATE_INCOME_YOY":14.0843002819,"GROSS_PROFIT":null,"GROSS_PROFIT_YOY":null,"HOLDER_PROFIT":1549551000,"HOLDER_PROFIT_YOY":-25.1535641815,"GROSS_PROFIT_RATIO":null,"EPS_TTM":0.257217758324,"OPERATE_INCOME_QOQ":5.004931434804,"NET_PROFIT_RATIO":12.588597941,"ROE_AVG":3.563608824116,"GROSS_PROFIT_QOQ":null,"ROA":0.302607536043,"HOLDER_PROFIT_QOQ":-23.346968335103,"ROE_YEARLY":3.563608824116,"ROIC_YEARLY":0.329554434292,"TOTAL_ASSETS":515572651000,"TOTAL_LIABILITIES":468757612000,"TAX_EBT":4.785590164685,"OCF_SALES":-303.632646341992,"TOTAL_PARENT_EQUITY":46047952000,"DEBT_ASSET_RATIO":90.9197978385,"OPERATE_PROFIT":1673355000,"PRETAX_PROFIT":1680963000,"NETCASH_OPERATE":-38603967000,"NETCASH_INVEST":19378295000,"NETCASH_FINANCE":12936479000,"END_CASH":19040727000,"DIVI_RATIO":0.154785923396,"DIVIDEND_RATE":6.018328767123,"CURRENT_RATIO":null,"COMMON_ACS":null,"CURRENTDEBT_DEBT":null,"ISSUED_COMMON_SHARES":6024276901,"HK_COMMON_SHARES":1345500000,"PER_SHARES":500,"TOTAL_MARKET_CAP":4397722137.73,"HKSK_MARKET_CAP":982215000,"PE_TTM":8.415112716843,"PB_TTM":0.101779737078,"REPORT_DATE_SQ":"2021-12-31 00:00:00","REPORT_TYPE_SQ":"2021年年报","OPERATE_INCOME_SQ":11144423000,"DPS_HKD":0.0439338,"OPERATE_INCOME_QOQ_SQ":13.593000637255,"NET_PROFIT_RATIO_SQ":18.9471899981,"HOLDER_PROFIT_SQ":2070307000,"HOLDER_PROFIT_QOQ_SQ":7.087245058941,"ROE_AVG_SQ":5.434954073704,"PE_TTM_SQ":2.97328106731,"PB_TTM_SQ":0.107841167006,"ROA_SQ":0.428079895877,"START_DATE":"2022-01-01 00:00:00","FISCAL_YEAR":"12-31","CURRENCY":"HKD","IS_CNY_CODE":0,"DPS_HKD_LY":0.058579,"ORG_TYPE":"银行","PREMIUM_INCOME":null,"PREMIUM_INCOME_YOY":null,"NET_INTEREST_INCOME":9624326000,"NET_INTEREST_INCOME_YOY":9.844076684182,"FEE_COMMISSION_INCOME":642090000,"FEE_COMMISSION_INCOME_YOY":null,"ACCOUNTS_RECE_TDAYS":null,"INVENTORY_TDAYS":null,"CURRENT_ASSETS_TDAYS":null,"TOTAL_ASSETS_TDAYS":0.024828891787,"PREMIUM_EXPENSE":null,"LOAN_DEPOSIT":86.740925306718,"LOAN_EQUITY":6.535188532044,"LOAN_ASSETS":59.340833034218,"DEPOSIT_EQUITY":7.534146665989,"DEPOSIT_ASSETS":68.411574841273,"EQUITY_MULTIPLIER":11.01297066094,"EQUITY_RATIO":10.179771122069},{"SECUCODE":"01916.HK","SECURITY_CODE":"01916","SECURITY_NAME_ABBR":"江西银行","ORG_CODE":"10061919","STD_REPORT_DATE":"2022-06-30 00:00:00","REPORT_DATE":"2022-06-30 00:00:00","DATE_TYPE_CODE":"002","REPORT_TYPE":"2022年中报","PER_NETCASH_OPERATE":-5.968533251523,"PER_OI":1.048702791027,"BPS":6.386545577547,"BASIC_EPS":0.21,"DILUTED_EPS":0.21,"OPERATE_INCOME":6317676000,"OPERATE_INCOME_YOY":17.9978337938,"GROSS_PROFIT":null,"GROSS_PROFIT_YOY":null,"HOLDER_PROFIT":1281526000,"HOLDER_PROFIT_YOY":-3.6678393169,"GROSS_PROFIT_RATIO":null,"EPS_TTM":0.335561102722,"OPERATE_INCOME_QOQ":8.646611852404,"NET_PROFIT_RATIO":20.8517182584,"ROE_AVG":3.073547565685,"GROSS_PROFIT_QOQ":null,"ROA":0.250098743577,"HOLDER_PROFIT_QOQ":-2.356848525364,"ROE_YEARLY":6.14709513137,"ROIC_YEARLY":0.542878145954,"TOTAL_ASSETS":516256216000,"TOTAL_LIABILITIES":473030923000,"TAX_EBT":16.09963257796,"OCF_SALES":-569.134868581421,"TOTAL_PARENT_EQUITY":42473356000,"DEBT_ASSET_RATIO":91.6271627033,"OPERATE_PROFIT":1567174000,"PRETAX_PROFIT":1570129000,"NETCASH_OPERATE":-35956097000,"NETCASH_INVEST":7715456000,"NETCASH_FINANCE":18590011000,"END_CASH":15658276000,"DIVI_RATIO":0.118648102873,"DIVIDEND_RATE":6.018328767123,"CURRENT_RATIO":null,"COMMON_ACS":null,"CURRENTDEBT_DEBT":null,"ISSUED_COMMON_SHARES":6024276901,"HK_COMMON_SHARES":1345500000,"PER_SHARES":500,"TOTAL_MARKET_CAP":4397722137.73,"HKSK_MARKET_CAP":982215000,"PE_TTM":8.415112716843,"PB_TTM":0.101779737078,"REPORT_DATE_SQ":"2021-06-30 00:00:00","REPORT_TYPE_SQ":"2021年中报","OPERATE_INCOME_SQ":5354061000,"DPS_HKD":0.0439338,"OPERATE_INCOME_QOQ_SQ":-4.614374973567,"NET_PROFIT_RATIO_SQ":25.277989922,"HOLDER_PROFIT_SQ":1330320000,"HOLDER_PROFIT_QOQ_SQ":3.987004918875,"ROE_AVG_SQ":3.712617838192,"PE_TTM_SQ":2.97328106731,"PB_TTM_SQ":0.107841167006,"ROA_SQ":0.285490475167,"START_DATE":"2022-01-01 00:00:00","FISCAL_YEAR":"12-31","CURRENCY":"HKD","IS_CNY_CODE":0,"DPS_HKD_LY":0.058579,"ORG_TYPE":"银行","PREMIUM_INCOME":null,"PREMIUM_INCOME_YOY":null,"NET_INTEREST_INCOME":4621674000,"NET_INTEREST_INCOME_YOY":11.753706666692,"FEE_COMMISSION_INCOME":null,"FEE_COMMISSION_INCOME_YOY":null,"ACCOUNTS_RECE_TDAYS":null,"INVENTORY_TDAYS":null,"CURRENT_ASSETS_TDAYS":null,"TOTAL_ASSETS_TDAYS":0.012329385669,"PREMIUM_EXPENSE":null,"LOAN_DEPOSIT":84.480137162458,"LOAN_EQUITY":6.852057659852,"LOAN_ASSETS":57.37116393384,"DEPOSIT_EQUITY":8.110850538364,"DEPOSIT_ASSETS":67.91083189592,"EQUITY_MULTIPLIER":11.943382685749,"EQUITY_RATIO":11.137121422663},{"SECUCODE":"01916.HK","SECURITY_CODE":"01916","SECURITY_NAME_ABBR":"江西银行","ORG_CODE":"10061919","STD_REPORT_DATE":"2021-12-31 00:00:00","REPORT_DATE":"2021-12-31 00:00:00","DATE_TYPE_CODE":"001","REPORT_TYPE":"2021年年报","PER_NETCASH_OPERATE":-1.695957069687,"PER_OI":1.849918784137,"BPS":6.128250843495,"BASIC_EPS":0.34,"DILUTED_EPS":0.34,"OPERATE_INCOME":11144423000,"OPERATE_INCOME_YOY":8.3513936441,"GROSS_PROFIT":null,"GROSS_PROFIT_YOY":null,"HOLDER_PROFIT":2070307000,"HOLDER_PROFIT_YOY":11.3568187869,"GROSS_PROFIT_RATIO":null,"EPS_TTM":0.343660664014,"OPERATE_INCOME_QOQ":13.593000637255,"NET_PROFIT_RATIO":18.9471899981,"ROE_AVG":5.434954073704,"GROSS_PROFIT_QOQ":null,"ROA":0.428079895877,"HOLDER_PROFIT_QOQ":7.087245058941,"ROE_YEARLY":5.434954073704,"ROIC_YEARLY":0.471255291904,"TOTAL_ASSETS":508559808000,"TOTAL_LIABILITIES":466926372000,"TAX_EBT":15.408578143973,"OCF_SALES":-91.677379797949,"TOTAL_PARENT_EQUITY":40917317000,"DEBT_ASSET_RATIO":91.813463167,"OPERATE_PROFIT":2490147000,"PRETAX_PROFIT":2496181000,"NETCASH_OPERATE":-10216915000,"NETCASH_INVEST":11871527000,"NETCASH_FINANCE":850783000,"END_CASH":25271056000,"DIVI_RATIO":0.11585174681,"DIVIDEND_RATE":6.018328767123,"CURRENT_RATIO":null,"COMMON_ACS":null,"CURRENTDEBT_DEBT":null,"ISSUED_COMMON_SHARES":6024276901,"HK_COMMON_SHARES":1345500000,"PER_SHARES":500,"TOTAL_MARKET_CAP":4397722137.73,"HKSK_MARKET_CAP":982215000,"PE_TTM":8.415112716843,"PB_TTM":0.101779737078,"REPORT_DATE_SQ":"2020-12-31 00:00:00","REPORT_TYPE_SQ":"2020年年报","OPERATE_INCOME_SQ":10285445000,"DPS_HKD":0.0439338,"OPERATE_INCOME_QOQ_SQ":-17.018874101739,"NET_PROFIT_RATIO_SQ":18.5206473808,"HOLDER_PROFIT_SQ":1859165000,"HOLDER_PROFIT_QOQ_SQ":11.707519309746,"ROE_AVG_SQ":5.332939818913,"PE_TTM_SQ":2.97328106731,"PB_TTM_SQ":0.107841167006,"ROA_SQ":0.406458669835,"START_DATE":"2021-01-01 00:00:00","FISCAL_YEAR":"12-31","CURRENCY":"HKD","IS_CNY_CODE":0,"DPS_HKD_LY":0.05942,"ORG_TYPE":"银行","PREMIUM_INCOME":null,"PREMIUM_INCOME_YOY":null,"NET_INTEREST_INCOME":8761807000,"NET_INTEREST_INCOME_YOY":-3.223751680947,"FEE_COMMISSION_INCOME":699487000,"FEE_COMMISSION_INCOME_YOY":null,"ACCOUNTS_RECE_TDAYS":null,"INVENTORY_TDAYS":null,"CURRENT_ASSETS_TDAYS":null,"TOTAL_ASSETS_TDAYS":0.023043458953,"PREMIUM_EXPENSE":null,"LOAN_DEPOSIT":79.786589222706,"LOAN_EQUITY":6.587191794595,"LOAN_ASSETS":53.926288252807,"DEPOSIT_EQUITY":8.2560137722,"DEPOSIT_ASSETS":67.588160840268,"EQUITY_MULTIPLIER":12.215177435824,"EQUITY_RATIO":11.41146111804},{"SECUCODE":"01916.HK","SECURITY_CODE":"01916","SECURITY_NAME_ABBR":"江西银行","ORG_CODE":"10061919","STD_REPORT_DATE":"2021-06-30 00:00:00","REPORT_DATE":"2021-06-30 00:00:00","DATE_TYPE_CODE":"002","REPORT_TYPE":"2021年中报","PER_NETCASH_OPERATE":-3.497936324358,"PER_OI":0.888747494178,"BPS":6.041757309323,"BASIC_EPS":0.22,"DILUTED_EPS":0.22,"OPERATE_INCOME":5354061000,"OPERATE_INCOME_YOY":-8.1426637638,"GROSS_PROFIT":null,"GROSS_PROFIT_YOY":null,"HOLDER_PROFIT":1330320000,"HOLDER_PROFIT_YOY":5.900755854,"GROSS_PROFIT_RATIO":null,"EPS_TTM":0.320916523555,"OPERATE_INCOME_QOQ":-4.614374973567,"NET_PROFIT_RATIO":25.277989922,"ROE_AVG":3.712617838192,"GROSS_PROFIT_QOQ":null,"ROA":0.285490475167,"HOLDER_PROFIT_QOQ":3.987004918875,"ROE_YEARLY":7.425235676384,"ROIC_YEARLY":0.623951452345,"TOTAL_ASSETS":473261224000,"TOTAL_LIABILITIES":436166055000,"TAX_EBT":15.86949629823,"OCF_SALES":-393.580442957224,"TOTAL_PARENT_EQUITY":36397219000,"DEBT_ASSET_RATIO":92.1617983644,"OPERATE_PROFIT":1605692000,"PRETAX_PROFIT":1608690000,"NETCASH_OPERATE":-21072537000,"NETCASH_INVEST":7225880000,"NETCASH_FINANCE":-304994000,"END_CASH":8616589000,"DIVI_RATIO":0.124062444012,"DIVIDEND_RATE":6.018328767123,"CURRENT_RATIO":null,"COMMON_ACS":null,"CURRENTDEBT_DEBT":null,"ISSUED_COMMON_SHARES":6024276901,"HK_COMMON_SHARES":1345500000,"PER_SHARES":500,"TOTAL_MARKET_CAP":4397722137.73,"HKSK_MARKET_CAP":982215000,"PE_TTM":8.415112716843,"PB_TTM":0.101779737078,"REPORT_DATE_SQ":"2020-06-30 00:00:00","REPORT_TYPE_SQ":"2020年中报","OPERATE_INCOME_SQ":5828670000,"DPS_HKD":0.0439338,"OPERATE_INCOME_QOQ_SQ":-4.307162455743,"NET_PROFIT_RATIO_SQ":22.0012627237,"HOLDER_PROFIT_SQ":1256195000,"HOLDER_PROFIT_QOQ_SQ":-18.837221890881,"ROE_AVG_SQ":3.618077168663,"PE_TTM_SQ":2.97328106731,"PB_TTM_SQ":0.107841167006,"ROA_SQ":0.273102237592,"START_DATE":"2021-01-01 00:00:00","FISCAL_YEAR":"12-31","CURRENCY":"HKD","IS_CNY_CODE":0,"DPS_HKD_LY":0.05942,"ORG_TYPE":"银行","PREMIUM_INCOME":null,"PREMIUM_INCOME_YOY":null,"NET_INTEREST_INCOME":4135589000,"NET_INTEREST_INCOME_YOY":-15.546570709106,"FEE_COMMISSION_INCOME":416141000,"FEE_COMMISSION_INCOME_YOY":null,"ACCOUNTS_RECE_TDAYS":null,"INVENTORY_TDAYS":null,"CURRENT_ASSETS_TDAYS":null,"TOTAL_ASSETS_TDAYS":0.01148996797,"PREMIUM_EXPENSE":null,"LOAN_DEPOSIT":74.823306103228,"LOAN_EQUITY":6.73717294562,"LOAN_ASSETS":52.807320001353,"DEPOSIT_EQUITY":9.004110211764,"DEPOSIT_ASSETS":70.576031388534,"EQUITY_MULTIPLIER":12.758028518406,"EQUITY_RATIO":11.9834994811},{"SECUCODE":"01916.HK","SECURITY_CODE":"01916","SECURITY_NAME_ABBR":"江西银行","ORG_CODE":"10061919","STD_REPORT_DATE":"2020-12-31 00:00:00","REPORT_DATE":"2020-12-31 00:00:00","DATE_TYPE_CODE":"001","REPORT_TYPE":"2020年年报","PER_NETCASH_OPERATE":-0.560153866672,"PER_OI":1.707332708809,"BPS":5.854242356314,"BASIC_EPS":0.31,"DILUTED_EPS":0.31,"OPERATE_INCOME":10285445000,"OPERATE_INCOME_YOY":-20.5930060018,"GROSS_PROFIT":null,"GROSS_PROFIT_YOY":null,"HOLDER_PROFIT":1859165000,"HOLDER_PROFIT_YOY":-9.3350739714,"GROSS_PROFIT_RATIO":null,"EPS_TTM":0.308612142262,"OPERATE_INCOME_QOQ":-17.018874101739,"NET_PROFIT_RATIO":18.5206473808,"ROE_AVG":5.332939818913,"GROSS_PROFIT_QOQ":null,"ROA":0.406458669835,"HOLDER_PROFIT_QOQ":11.707519309746,"ROE_YEARLY":5.332939818913,"ROIC_YEARLY":0.445878972355,"TOTAL_ASSETS":458692810000,"TOTAL_LIABILITIES":422750362000,"TAX_EBT":23.333530540319,"OCF_SALES":-32.808711728078,"TOTAL_PARENT_EQUITY":35267577000,"DEBT_ASSET_RATIO":92.1641570968,"OPERATE_PROFIT":2477244000,"PRETAX_PROFIT":2484699000,"NETCASH_OPERATE":-3374522000,"NETCASH_INVEST":17412297000,"NETCASH_FINANCE":-14957081000,"END_CASH":22780384000,"DIVI_RATIO":0.129008819757,"DIVIDEND_RATE":6.018328767123,"CURRENT_RATIO":null,"COMMON_ACS":null,"CURRENTDEBT_DEBT":null,"ISSUED_COMMON_SHARES":6024276901,"HK_COMMON_SHARES":1345500000,"PER_SHARES":500,"TOTAL_MARKET_CAP":4397722137.73,"HKSK_MARKET_CAP":982215000,"PE_TTM":8.415112716843,"PB_TTM":0.101779737078,"REPORT_DATE_SQ":"2019-12-31 00:00:00","REPORT_TYPE_SQ":"2019年年报","OPERATE_INCOME_SQ":12952820000,"DPS_HKD":0.0439338,"OPERATE_INCOME_QOQ_SQ":4.45639781949,"NET_PROFIT_RATIO_SQ":16.2834270838,"HOLDER_PROFIT_SQ":2050589000,"HOLDER_PROFIT_QOQ_SQ":-26.792758777526,"ROE_AVG_SQ":6.150308700304,"PE_TTM_SQ":2.97328106731,"PB_TTM_SQ":0.107841167006,"ROA_SQ":0.468608156598,"START_DATE":"2020-01-01 00:00:00","FISCAL_YEAR":"12-31","CURRENCY":"HKD","IS_CNY_CODE":0,"DPS_HKD_LY":0.054419,"ORG_TYPE":"银行","PREMIUM_INCOME":null,"PREMIUM_INCOME_YOY":null,"NET_INTEREST_INCOME":9053675000,"NET_INTEREST_INCOME_YOY":-15.739110582939,"FEE_COMMISSION_INCOME":578796000,"FEE_COMMISSION_INCOME_YOY":null,"ACCOUNTS_RECE_TDAYS":null,"INVENTORY_TDAYS":null,"CURRENT_ASSETS_TDAYS":null,"TOTAL_ASSETS_TDAYS":0.022486483413,"PREMIUM_EXPENSE":null,"LOAN_DEPOSIT":71.469772558082,"LOAN_EQUITY":6.27894583029,"LOAN_ASSETS":49.200833124025,"DEPOSIT_EQUITY":8.785456572129,"DEPOSIT_ASSETS":68.84145753233,"EQUITY_MULTIPLIER":12.761868918934,"EQUITY_RATIO":11.986940923103},{"SECUCODE":"01916.HK","SECURITY_CODE":"01916","SECURITY_NAME_ABBR":"江西银行","ORG_CODE":"10061919","STD_REPORT_DATE":"2020-06-30 00:00:00","REPORT_DATE":"2020-06-30 00:00:00","DATE_TYPE_CODE":"002","REPORT_TYPE":"2020年中报","PER_NETCASH_OPERATE":-1.220336999911,"PER_OI":0.967530227409,"BPS":5.807114874516,"BASIC_EPS":0.21,"DILUTED_EPS":0.21,"OPERATE_INCOME":5828670000,"OPERATE_INCOME_YOY":-8.7355041494,"GROSS_PROFIT":null,"GROSS_PROFIT_YOY":null,"HOLDER_PROFIT":1256195000,"HOLDER_PROFIT_YOY":-23.5178867912,"GROSS_PROFIT_RATIO":null,"EPS_TTM":0.276268011473,"OPERATE_INCOME_QOQ":-4.307162455743,"NET_PROFIT_RATIO":22.0012627237,"ROE_AVG":3.618077168663,"GROSS_PROFIT_QOQ":null,"ROA":0.273102237592,"HOLDER_PROFIT_QOQ":-18.837221890881,"ROE_YEARLY":7.236154337326,"ROIC_YEARLY":0.594801685312,"TOTAL_ASSETS":463826332000,"TOTAL_LIABILITIES":428185039000,"TAX_EBT":22.077245781147,"OCF_SALES":-126.129082620907,"TOTAL_PARENT_EQUITY":34983668000,"DEBT_ASSET_RATIO":92.3158107807,"OPERATE_PROFIT":1643453000,"PRETAX_PROFIT":1645708000,"NETCASH_OPERATE":-7351648000,"NETCASH_INVEST":1204964000,"NETCASH_FINANCE":2503528000,"END_CASH":19977908000,"DIVI_RATIO":0.144112552241,"DIVIDEND_RATE":6.018328767123,"CURRENT_RATIO":null,"COMMON_ACS":null,"CURRENTDEBT_DEBT":null,"ISSUED_COMMON_SHARES":6024276901,"HK_COMMON_SHARES":1345500000,"PER_SHARES":500,"TOTAL_MARKET_CAP":4397722137.73,"HKSK_MARKET_CAP":982215000,"PE_TTM":8.415112716843,"PB_TTM":0.101779737078,"REPORT_DATE_SQ":"2019-06-30 00:00:00","REPORT_TYPE_SQ":"2019年中报","OPERATE_INCOME_SQ":6386569000,"DPS_HKD":0.0439338,"OPERATE_INCOME_QOQ_SQ":9.247151408352,"NET_PROFIT_RATIO_SQ":26.1538237511,"HOLDER_PROFIT_SQ":1642469000,"HOLDER_PROFIT_QOQ_SQ":2.469894547692,"ROE_AVG_SQ":4.962273321795,"PE_TTM_SQ":2.97328106731,"PB_TTM_SQ":0.107841167006,"ROA_SQ":0.379414227269,"START_DATE":"2020-01-01 00:00:00","FISCAL_YEAR":"12-31","CURRENCY":"HKD","IS_CNY_CODE":0,"DPS_HKD_LY":0.054419,"ORG_TYPE":"银行","PREMIUM_INCOME":null,"PREMIUM_INCOME_YOY":null,"NET_INTEREST_INCOME":4896887000,"NET_INTEREST_INCOME_YOY":-6.000067569409,"FEE_COMMISSION_INCOME":284268000,"FEE_COMMISSION_INCOME_YOY":null,"ACCOUNTS_RECE_TDAYS":null,"INVENTORY_TDAYS":null,"CURRENT_ASSETS_TDAYS":null,"TOTAL_ASSETS_TDAYS":0.012671781206,"PREMIUM_EXPENSE":null,"LOAN_DEPOSIT":70.146867493551,"LOAN_EQUITY":5.98044708984,"LOAN_ASSETS":45.95488705458,"DEPOSIT_EQUITY":8.525608203945,"DEPOSIT_ASSETS":65.512386649062,"EQUITY_MULTIPLIER":13.013734715022,"EQUITY_RATIO":12.239569590016}],"count":19},"success":true,"message":"ok","code":0}