{"version":"a060d2c630acd308c2db0e2f503d103d","result":{"pages":2,"data":[{"SECUCODE":"01912.HK","SECURITY_CODE":"01912","SECURITY_NAME_ABBR":"康特隆","ORG_CODE":"10920338","STD_REPORT_DATE":"2024-06-30 00:00:00","REPORT_DATE":"2024-06-30 00:00:00","DATE_TYPE_CODE":"002","REPORT_TYPE":"2024年中报","PER_NETCASH_OPERATE":-0.028893422243,"PER_OI":0.199729350749,"BPS":0.128242143649,"BASIC_EPS":-0.017817,"DILUTED_EPS":-0.017817,"OPERATE_INCOME":219327270,"OPERATE_INCOME_YOY":-6.9876386496,"GROSS_PROFIT":16940403.6,"GROSS_PROFIT_YOY":-16.805076344895,"HOLDER_PROFIT":-20197351.2,"HOLDER_PROFIT_YOY":-4.4600073719,"GROSS_PROFIT_RATIO":7.723801787165,"EPS_TTM":-0.063420069901,"OPERATE_INCOME_QOQ":-4.205435129848,"NET_PROFIT_RATIO":-9.208773355,"ROE_AVG":-13.38149538447,"GROSS_PROFIT_QOQ":-16.466771493073,"ROA":-5.270155928925,"HOLDER_PROFIT_QOQ":-0.85990197752,"ROE_YEARLY":-26.76299076894,"ROIC_YEARLY":-10.968977996246,"TOTAL_ASSETS":380286048,"TOTAL_LIABILITIES":239460480,"TAX_EBT":-3.392922291135,"OCF_SALES":-14.46628757108,"TOTAL_PARENT_EQUITY":140825568,"DEBT_ASSET_RATIO":62.9685157421,"OPERATE_PROFIT":-9949012.8,"PRETAX_PROFIT":-19534558.8,"NETCASH_OPERATE":-31728513.6,"NETCASH_INVEST":-5665806,"NETCASH_FINANCE":30873297.6,"END_CASH":11880375.6,"DIVI_RATIO":null,"DIVIDEND_RATE":null,"CURRENT_RATIO":1.31425690155,"COMMON_ACS":2000000000,"CURRENTDEBT_DEBT":94.440476190476,"ISSUED_COMMON_SHARES":1098122380,"HK_COMMON_SHARES":1098122380,"PER_SHARES":5000,"TOTAL_MARKET_CAP":133970930.36,"HKSK_MARKET_CAP":133970930.36,"PE_TTM":-1.738482111382,"PB_TTM":0.868255605297,"REPORT_DATE_SQ":"2023-06-30 00:00:00","REPORT_TYPE_SQ":"2023年中报","OPERATE_INCOME_SQ":239080044.6,"DPS_HKD":null,"OPERATE_INCOME_QOQ_SQ":-29.397081051222,"NET_PROFIT_RATIO_SQ":-8.1995950071,"HOLDER_PROFIT_SQ":-19603595.4,"HOLDER_PROFIT_QOQ_SQ":-263.112714385042,"ROE_AVG_SQ":-8.200462466184,"PE_TTM_SQ":-1.107203443246,"PB_TTM_SQ":0.19897123038,"ROA_SQ":-4.381106176827,"START_DATE":"2024-01-01 00:00:00","FISCAL_YEAR":"12-31","CURRENCY":"HKD","IS_CNY_CODE":0,"DPS_HKD_LY":null,"ORG_TYPE":"一般企业","PREMIUM_INCOME":null,"PREMIUM_INCOME_YOY":null,"NET_INTEREST_INCOME":null,"NET_INTEREST_INCOME_YOY":null,"FEE_COMMISSION_INCOME":null,"FEE_COMMISSION_INCOME_YOY":null,"ACCOUNTS_RECE_TDAYS":1.479176179376,"INVENTORY_TDAYS":2.368967674661,"CURRENT_ASSETS_TDAYS":0.725423409195,"TOTAL_ASSETS_TDAYS":0.57229727845,"PREMIUM_EXPENSE":null,"LOAN_DEPOSIT":null,"LOAN_EQUITY":null,"LOAN_ASSETS":null,"DEPOSIT_EQUITY":null,"DEPOSIT_ASSETS":null,"EQUITY_MULTIPLIER":2.700404858297,"EQUITY_RATIO":1.7004048583},{"SECUCODE":"01912.HK","SECURITY_CODE":"01912","SECURITY_NAME_ABBR":"康特隆","ORG_CODE":"10920338","STD_REPORT_DATE":"2023-12-31 00:00:00","REPORT_DATE":"2023-12-31 00:00:00","DATE_TYPE_CODE":"001","REPORT_TYPE":"2023年年报","PER_NETCASH_OPERATE":-0.04670965125,"PER_OI":0.427726765026,"BPS":0.145746753563,"BASIC_EPS":-0.06303603,"DILUTED_EPS":-0.06303603,"OPERATE_INCOME":469696333.2,"OPERATE_INCOME_YOY":-45.5131049215,"GROSS_PROFIT":20780641.8,"GROSS_PROFIT_YOY":-64.46221562288,"HOLDER_PROFIT":-69049242.3,"HOLDER_PROFIT_YOY":-515.4671717172,"GROSS_PROFIT_RATIO":4.424271668979,"EPS_TTM":-0.062879368964,"OPERATE_INCOME_QOQ":-21.517636692529,"NET_PROFIT_RATIO":-14.7008263466,"ROE_AVG":-34.162067455103,"GROSS_PROFIT_QOQ":-48.392450389404,"ROA":-16.249145790623,"HOLDER_PROFIT_QOQ":-72.371755841209,"ROE_YEARLY":-34.162067455103,"ROIC_YEARLY":-16.937844763932,"TOTAL_ASSETS":383804430.3,"TOTAL_LIABILITIES":223756658.4,"TAX_EBT":-12.718233321771,"OCF_SALES":-10.920441522408,"TOTAL_PARENT_EQUITY":160047771.9,"DEBT_ASSET_RATIO":58.2996549115,"OPERATE_PROFIT":-45081385.5,"PRETAX_PROFIT":-61258272.3,"NETCASH_OPERATE":-51292913.4,"NETCASH_INVEST":-12529296.3,"NETCASH_FINANCE":67391890.5,"END_CASH":17961727.2,"DIVI_RATIO":null,"DIVIDEND_RATE":null,"CURRENT_RATIO":1.383808576835,"COMMON_ACS":2000000000,"CURRENTDEBT_DEBT":98.686376297797,"ISSUED_COMMON_SHARES":1098122380,"HK_COMMON_SHARES":1098122380,"PER_SHARES":5000,"TOTAL_MARKET_CAP":116400972.28,"HKSK_MARKET_CAP":116400972.28,"PE_TTM":-1.51048445743,"PB_TTM":0.754386017717,"REPORT_DATE_SQ":"2022-12-31 00:00:00","REPORT_TYPE_SQ":"2022年年报","OPERATE_INCOME_SQ":847661466,"DPS_HKD":null,"OPERATE_INCOME_QOQ_SQ":-24.466350987732,"NET_PROFIT_RATIO_SQ":-1.3014542766,"HOLDER_PROFIT_SQ":-11031926.4,"HOLDER_PROFIT_QOQ_SQ":-188.792409936816,"ROE_AVG_SQ":-4.603981979363,"PE_TTM_SQ":-0.934971796519,"PB_TTM_SQ":0.168020150099,"ROA_SQ":-2.215307157092,"START_DATE":"2023-01-01 00:00:00","FISCAL_YEAR":"12-31","CURRENCY":"HKD","IS_CNY_CODE":0,"DPS_HKD_LY":null,"ORG_TYPE":"一般企业","PREMIUM_INCOME":null,"PREMIUM_INCOME_YOY":null,"NET_INTEREST_INCOME":null,"NET_INTEREST_INCOME_YOY":null,"FEE_COMMISSION_INCOME":null,"FEE_COMMISSION_INCOME_YOY":null,"ACCOUNTS_RECE_TDAYS":3.074027719835,"INVENTORY_TDAYS":3.720801902022,"CURRENT_ASSETS_TDAYS":1.37582207838,"TOTAL_ASSETS_TDAYS":1.105321932763,"PREMIUM_EXPENSE":null,"LOAN_DEPOSIT":null,"LOAN_EQUITY":null,"LOAN_ASSETS":null,"DEPOSIT_EQUITY":null,"DEPOSIT_ASSETS":null,"EQUITY_MULTIPLIER":2.398061689604,"EQUITY_RATIO":1.398061689605},{"SECUCODE":"01912.HK","SECURITY_CODE":"01912","SECURITY_NAME_ABBR":"康特隆","ORG_CODE":"10920338","STD_REPORT_DATE":"2023-06-30 00:00:00","REPORT_DATE":"2023-06-30 00:00:00","DATE_TYPE_CODE":"002","REPORT_TYPE":"2023年中报","PER_NETCASH_OPERATE":0.01888500442,"PER_OI":0.217717122385,"BPS":0.208518085389,"BASIC_EPS":-0.0180645,"DILUTED_EPS":-0.0180645,"OPERATE_INCOME":239080044.6,"OPERATE_INCOME_YOY":-54.5208379151,"GROSS_PROFIT":20362304.4,"GROSS_PROFIT_YOY":-47.207454268616,"HOLDER_PROFIT":-19603595.4,"HOLDER_PROFIT_YOY":-293.2336182336,"GROSS_PROFIT_RATIO":8.516940187989,"EPS_TTM":-0.03647892815,"OPERATE_INCOME_QOQ":-29.397081051222,"NET_PROFIT_RATIO":-8.1995950071,"ROE_AVG":-8.200462466184,"GROSS_PROFIT_QOQ":-31.138400010715,"ROA":-4.381106176827,"HOLDER_PROFIT_QOQ":-263.112714385042,"ROE_YEARLY":-16.400924932368,"ROIC_YEARLY":-9.186878306878,"TOTAL_ASSETS":419421561,"TOTAL_LIABILITIES":190443184.8,"TAX_EBT":-0.110701107011,"OCF_SALES":8.674101610905,"TOTAL_PARENT_EQUITY":228978376.2,"DEBT_ASSET_RATIO":45.4061504006,"OPERATE_PROFIT":-12182698.8,"PRETAX_PROFIT":-19581918,"NETCASH_OPERATE":20738046,"NETCASH_INVEST":-5954059.2,"NETCASH_FINANCE":-7449799.8,"END_CASH":24437655.6,"DIVI_RATIO":null,"DIVIDEND_RATE":null,"CURRENT_RATIO":1.689634238883,"COMMON_ACS":2000000000,"CURRENTDEBT_DEBT":100,"ISSUED_COMMON_SHARES":1098122380,"HK_COMMON_SHARES":1098122380,"PER_SHARES":5000,"TOTAL_MARKET_CAP":116400972.28,"HKSK_MARKET_CAP":116400972.28,"PE_TTM":-1.51048445743,"PB_TTM":0.754386017717,"REPORT_DATE_SQ":"2022-06-30 00:00:00","REPORT_TYPE_SQ":"2022年中报","OPERATE_INCOME_SQ":488267772.8,"DPS_HKD":null,"OPERATE_INCOME_QOQ_SQ":-20.727440125917,"NET_PROFIT_RATIO_SQ":1.9298438531,"HOLDER_PROFIT_SQ":9422805.6,"HOLDER_PROFIT_QOQ_SQ":-10.238972540597,"ROE_AVG_SQ":4.027076640661,"PE_TTM_SQ":-0.934971796519,"PB_TTM_SQ":0.168020150099,"ROA_SQ":2.077952831655,"START_DATE":"2023-01-01 00:00:00","FISCAL_YEAR":"12-31","CURRENCY":"HKD","IS_CNY_CODE":0,"DPS_HKD_LY":null,"ORG_TYPE":"一般企业","PREMIUM_INCOME":null,"PREMIUM_INCOME_YOY":null,"NET_INTEREST_INCOME":null,"NET_INTEREST_INCOME_YOY":null,"FEE_COMMISSION_INCOME":null,"FEE_COMMISSION_INCOME_YOY":null,"ACCOUNTS_RECE_TDAYS":1.555790661588,"INVENTORY_TDAYS":1.715103266567,"CURRENT_ASSETS_TDAYS":0.676688038777,"TOTAL_ASSETS_TDAYS":0.534307630198,"PREMIUM_EXPENSE":null,"LOAN_DEPOSIT":null,"LOAN_EQUITY":null,"LOAN_ASSETS":null,"DEPOSIT_EQUITY":null,"DEPOSIT_ASSETS":null,"EQUITY_MULTIPLIER":1.831708163718,"EQUITY_RATIO":0.831708163716},{"SECUCODE":"01912.HK","SECURITY_CODE":"01912","SECURITY_NAME_ABBR":"康特隆","ORG_CODE":"10920338","STD_REPORT_DATE":"2022-12-31 00:00:00","REPORT_DATE":"2022-12-31 00:00:00","DATE_TYPE_CODE":"001","REPORT_TYPE":"2022年年报","PER_NETCASH_OPERATE":0.014802882353,"PER_OI":0.771918942222,"BPS":0.218669142141,"BASIC_EPS":-0.0139292,"DILUTED_EPS":-0.0139292,"OPERATE_INCOME":847661466,"OPERATE_INCOME_YOY":-45.1855521528,"GROSS_PROFIT":58474781.6,"GROSS_PROFIT_YOY":-27.140866751884,"HOLDER_PROFIT":-11031926.4,"HOLDER_PROFIT_YOY":-172.9617687702,"GROSS_PROFIT_RATIO":6.898364965903,"EPS_TTM":-0.010046172085,"OPERATE_INCOME_QOQ":-24.466350987732,"NET_PROFIT_RATIO":-1.3014542766,"ROE_AVG":-4.603981979363,"GROSS_PROFIT_QOQ":-29.38357915278,"ROA":-2.215307157092,"HOLDER_PROFIT_QOQ":-188.792409936816,"ROE_YEARLY":-4.603981979363,"ROIC_YEARLY":-2.382098171319,"TOTAL_ASSETS":458305503,"TOTAL_LIABILITIES":218180024.2,"TAX_EBT":23.736157920077,"OCF_SALES":1.917673157506,"TOTAL_PARENT_EQUITY":240125478.8,"DEBT_ASSET_RATIO":47.60580503,"OPERATE_PROFIT":-3635521.2,"PRETAX_PROFIT":-14465474.2,"NETCASH_OPERATE":1824725.2,"NETCASH_INVEST":-19563561.4,"NETCASH_FINANCE":-18525836,"END_CASH":16318057.8,"DIVI_RATIO":null,"DIVIDEND_RATE":null,"CURRENT_RATIO":1.70598033249,"COMMON_ACS":2000000000,"CURRENTDEBT_DEBT":99.655249465318,"ISSUED_COMMON_SHARES":1098122380,"HK_COMMON_SHARES":1098122380,"PER_SHARES":5000,"TOTAL_MARKET_CAP":116400972.28,"HKSK_MARKET_CAP":116400972.28,"PE_TTM":-1.51048445743,"PB_TTM":0.754386017717,"REPORT_DATE_SQ":"2021-12-31 00:00:00","REPORT_TYPE_SQ":"2021年年报","OPERATE_INCOME_SQ":1415660428,"DPS_HKD":null,"OPERATE_INCOME_QOQ_SQ":5.624889958873,"NET_PROFIT_RATIO_SQ":0.9777517564,"HOLDER_PROFIT_SQ":13841644.7,"HOLDER_PROFIT_QOQ_SQ":12.374931069947,"ROE_AVG_SQ":6.550600446563,"PE_TTM_SQ":-0.934971796519,"PB_TTM_SQ":0.168020150099,"ROA_SQ":2.994709943513,"START_DATE":"2022-01-01 00:00:00","FISCAL_YEAR":"12-31","CURRENCY":"HKD","IS_CNY_CODE":0,"DPS_HKD_LY":null,"ORG_TYPE":"一般企业","PREMIUM_INCOME":null,"PREMIUM_INCOME_YOY":null,"NET_INTEREST_INCOME":null,"NET_INTEREST_INCOME_YOY":null,"FEE_COMMISSION_INCOME":null,"FEE_COMMISSION_INCOME_YOY":null,"ACCOUNTS_RECE_TDAYS":3.943045971426,"INVENTORY_TDAYS":6.584003951076,"CURRENT_ASSETS_TDAYS":2.00510708402,"TOTAL_ASSETS_TDAYS":1.702178245516,"PREMIUM_EXPENSE":null,"LOAN_DEPOSIT":null,"LOAN_EQUITY":null,"LOAN_ASSETS":null,"DEPOSIT_EQUITY":null,"DEPOSIT_ASSETS":null,"EQUITY_MULTIPLIER":1.908608387957,"EQUITY_RATIO":0.908608387958},{"SECUCODE":"01912.HK","SECURITY_CODE":"01912","SECURITY_NAME_ABBR":"康特隆","ORG_CODE":"10920338","STD_REPORT_DATE":"2022-06-30 00:00:00","REPORT_DATE":"2022-06-30 00:00:00","DATE_TYPE_CODE":"002","REPORT_TYPE":"2022年中报","PER_NETCASH_OPERATE":0.0848488745,"PER_OI":0.610334716,"BPS":0.216329908876,"BASIC_EPS":0.0906039,"DILUTED_EPS":0.0906039,"OPERATE_INCOME":488267772.8,"OPERATE_INCOME_YOY":-39.8763677234,"GROSS_PROFIT":38570415.8,"GROSS_PROFIT_YOY":7.076043348046,"HOLDER_PROFIT":9422805.6,"HOLDER_PROFIT_YOY":-16.3289630513,"GROSS_PROFIT_RATIO":7.899439190675,"EPS_TTM":0.015530503125,"OPERATE_INCOME_QOQ":-20.727440125917,"NET_PROFIT_RATIO":1.9298438531,"ROE_AVG":4.027076640661,"GROSS_PROFIT_QOQ":3.175907776108,"ROA":2.077952831655,"HOLDER_PROFIT_QOQ":-10.238972540597,"ROE_YEARLY":8.054153281322,"ROIC_YEARLY":4.550647835282,"TOTAL_ASSETS":388811536.2,"TOTAL_LIABILITIES":151254821.8,"TAX_EBT":12.304809494066,"OCF_SALES":13.902023312074,"TOTAL_PARENT_EQUITY":237556714.4,"DEBT_ASSET_RATIO":38.9018348782,"OPERATE_PROFIT":15932863.6,"PRETAX_PROFIT":10744951.4,"NETCASH_OPERATE":66107290,"NETCASH_INVEST":-6120796.8,"NETCASH_FINANCE":-82429414.8,"END_CASH":27194592.8,"DIVI_RATIO":null,"DIVIDEND_RATE":null,"CURRENT_RATIO":2.121267738037,"COMMON_ACS":2000000000,"CURRENTDEBT_DEBT":99.121444735324,"ISSUED_COMMON_SHARES":1098122380,"HK_COMMON_SHARES":1098122380,"PER_SHARES":5000,"TOTAL_MARKET_CAP":116400972.28,"HKSK_MARKET_CAP":116400972.28,"PE_TTM":-1.51048445743,"PB_TTM":0.754386017717,"REPORT_DATE_SQ":"2021-06-30 00:00:00","REPORT_TYPE_SQ":"2021年中报","OPERATE_INCOME_SQ":781697940.4,"DPS_HKD":null,"OPERATE_INCOME_QOQ_SQ":33.452504824323,"NET_PROFIT_RATIO_SQ":1.3867310172,"HOLDER_PROFIT_SQ":10840047.8,"HOLDER_PROFIT_QOQ_SQ":-6.593287910161,"ROE_AVG_SQ":5.114918002804,"PE_TTM_SQ":-0.934971796519,"PB_TTM_SQ":0.168020150099,"ROA_SQ":2.36204954955,"START_DATE":"2022-01-01 00:00:00","FISCAL_YEAR":"12-31","CURRENCY":"HKD","IS_CNY_CODE":0,"DPS_HKD_LY":null,"ORG_TYPE":"一般企业","PREMIUM_INCOME":null,"PREMIUM_INCOME_YOY":null,"NET_INTEREST_INCOME":null,"NET_INTEREST_INCOME_YOY":null,"FEE_COMMISSION_INCOME":null,"FEE_COMMISSION_INCOME_YOY":null,"ACCOUNTS_RECE_TDAYS":2.445445378151,"INVENTORY_TDAYS":4.479542719615,"CURRENT_ASSETS_TDAYS":1.25946956582,"TOTAL_ASSETS_TDAYS":1.076746612596,"PREMIUM_EXPENSE":null,"LOAN_DEPOSIT":null,"LOAN_EQUITY":null,"LOAN_ASSETS":null,"DEPOSIT_EQUITY":null,"DEPOSIT_ASSETS":null,"EQUITY_MULTIPLIER":1.636710362752,"EQUITY_RATIO":0.636710362753},{"SECUCODE":"01912.HK","SECURITY_CODE":"01912","SECURITY_NAME_ABBR":"康特隆","ORG_CODE":"10920338","STD_REPORT_DATE":"2021-12-31 00:00:00","REPORT_DATE":"2021-12-31 00:00:00","DATE_TYPE_CODE":"001","REPORT_TYPE":"2021年年报","PER_NETCASH_OPERATE":-0.000996203125,"PER_OI":1.769575535,"BPS":0.1993316377,"BASIC_EPS":null,"DILUTED_EPS":null,"OPERATE_INCOME":1415660428,"OPERATE_INCOME_YOY":44.2576939819,"GROSS_PROFIT":80257311.6,"GROSS_PROFIT_YOY":31.201702769391,"HOLDER_PROFIT":13841644.7,"HOLDER_PROFIT_YOY":7.422068283,"GROSS_PROFIT_RATIO":5.669248784003,"EPS_TTM":0.017302055875,"OPERATE_INCOME_QOQ":5.624889958873,"NET_PROFIT_RATIO":0.9777517564,"ROE_AVG":6.550600446563,"GROSS_PROFIT_QOQ":26.882345855105,"ROA":2.994709943513,"HOLDER_PROFIT_QOQ":12.374931069947,"ROE_YEARLY":6.550600446563,"ROIC_YEARLY":3.307510074118,"TOTAL_ASSETS":492204040,"TOTAL_LIABILITIES":273313507.6,"TAX_EBT":12.670957361223,"OCF_SALES":-0.056296162854,"TOTAL_PARENT_EQUITY":218890532.4,"DEBT_ASSET_RATIO":55.5284974093,"OPERATE_PROFIT":27434637.1,"PRETAX_PROFIT":15849990.2,"NETCASH_OPERATE":-726829.8,"NETCASH_INVEST":-2601285.6,"NETCASH_FINANCE":12560129,"END_CASH":48901619,"DIVI_RATIO":null,"DIVIDEND_RATE":null,"CURRENT_RATIO":1.595509038119,"COMMON_ACS":2000000000,"CURRENTDEBT_DEBT":99.626761220491,"ISSUED_COMMON_SHARES":1098122380,"HK_COMMON_SHARES":1098122380,"PER_SHARES":5000,"TOTAL_MARKET_CAP":116400972.28,"HKSK_MARKET_CAP":116400972.28,"PE_TTM":-1.51048445743,"PB_TTM":0.754386017717,"REPORT_DATE_SQ":"2020-12-31 00:00:00","REPORT_TYPE_SQ":"2020年年报","OPERATE_INCOME_SQ":1004306083.1,"DPS_HKD":null,"OPERATE_INCOME_QOQ_SQ":11.427992961007,"NET_PROFIT_RATIO_SQ":1.3130282811,"HOLDER_PROFIT_SQ":13186822.9,"HOLDER_PROFIT_QOQ_SQ":-50.1434988204,"ROE_AVG_SQ":6.546703163214,"PE_TTM_SQ":-0.934971796519,"PB_TTM_SQ":0.168020150099,"ROA_SQ":3.2014827253,"START_DATE":"2021-01-01 00:00:00","FISCAL_YEAR":"12-31","CURRENCY":"HKD","IS_CNY_CODE":0,"DPS_HKD_LY":null,"ORG_TYPE":"一般企业","PREMIUM_INCOME":null,"PREMIUM_INCOME_YOY":null,"NET_INTEREST_INCOME":null,"NET_INTEREST_INCOME_YOY":null,"FEE_COMMISSION_INCOME":null,"FEE_COMMISSION_INCOME_YOY":null,"ACCOUNTS_RECE_TDAYS":6.063684526735,"INVENTORY_TDAYS":16.037058305578,"CURRENT_ASSETS_TDAYS":3.498869375438,"TOTAL_ASSETS_TDAYS":3.062853044024,"PREMIUM_EXPENSE":null,"LOAN_DEPOSIT":null,"LOAN_EQUITY":null,"LOAN_ASSETS":null,"DEPOSIT_EQUITY":null,"DEPOSIT_ASSETS":null,"EQUITY_MULTIPLIER":2.248631014795,"EQUITY_RATIO":1.248631014797},{"SECUCODE":"01912.HK","SECURITY_CODE":"01912","SECURITY_NAME_ABBR":"康特隆","ORG_CODE":"10920338","STD_REPORT_DATE":"2021-06-30 00:00:00","REPORT_DATE":"2021-06-30 00:00:00","DATE_TYPE_CODE":"002","REPORT_TYPE":"2021年中报","PER_NETCASH_OPERATE":0.0469326265,"PER_OI":0.9771224255,"BPS":0.198017060721,"BASIC_EPS":null,"DILUTED_EPS":null,"OPERATE_INCOME":781697940.4,"OPERATE_INCOME_YOY":92.1888152984,"GROSS_PROFIT":36021517.6,"GROSS_PROFIT_YOY":6.135675927749,"HOLDER_PROFIT":10840047.8,"HOLDER_PROFIT_YOY":1.4510278114,"GROSS_PROFIT_RATIO":4.608112128525,"EPS_TTM":0.015396722125,"OPERATE_INCOME_QOQ":33.452504824323,"NET_PROFIT_RATIO":1.3867310172,"ROE_AVG":5.114918002804,"GROSS_PROFIT_QOQ":3.40422214389,"ROA":2.36204954955,"HOLDER_PROFIT_QOQ":-6.593287910161,"ROE_YEARLY":10.229836005609,"ROIC_YEARLY":5.122491032588,"TOTAL_ASSETS":479927289.1,"TOTAL_LIABILITIES":262480323.1,"TAX_EBT":10.792131844763,"OCF_SALES":4.803147003405,"TOTAL_PARENT_EQUITY":217446966,"DEBT_ASSET_RATIO":54.6916853993,"OPERATE_PROFIT":19057295,"PRETAX_PROFIT":12151448.1,"NETCASH_OPERATE":37546101.2,"NETCASH_INVEST":109821.7,"NETCASH_FINANCE":-43612135.1,"END_CASH":32352180.8,"DIVI_RATIO":null,"DIVIDEND_RATE":null,"CURRENT_RATIO":1.614667127276,"COMMON_ACS":2000000000,"CURRENTDEBT_DEBT":99.741576628683,"ISSUED_COMMON_SHARES":1098122380,"HK_COMMON_SHARES":1098122380,"PER_SHARES":5000,"TOTAL_MARKET_CAP":116400972.28,"HKSK_MARKET_CAP":116400972.28,"PE_TTM":-1.51048445743,"PB_TTM":0.754386017717,"REPORT_DATE_SQ":"2020-06-30 00:00:00","REPORT_TYPE_SQ":"2020年中报","OPERATE_INCOME_SQ":445732399.5,"DPS_HKD":null,"OPERATE_INCOME_QOQ_SQ":27.336739051833,"NET_PROFIT_RATIO_SQ":2.6270230778,"HOLDER_PROFIT_SQ":11709493,"HOLDER_PROFIT_QOQ_SQ":50.871415430279,"ROE_AVG_SQ":5.40355118509,"PE_TTM_SQ":-0.934971796519,"PB_TTM_SQ":0.168020150099,"ROA_SQ":2.70252606124,"START_DATE":"2021-01-01 00:00:00","FISCAL_YEAR":"12-31","CURRENCY":"HKD","IS_CNY_CODE":0,"DPS_HKD_LY":null,"ORG_TYPE":"一般企业","PREMIUM_INCOME":null,"PREMIUM_INCOME_YOY":null,"NET_INTEREST_INCOME":null,"NET_INTEREST_INCOME_YOY":null,"FEE_COMMISSION_INCOME":null,"FEE_COMMISSION_INCOME_YOY":null,"ACCOUNTS_RECE_TDAYS":3.022002447491,"INVENTORY_TDAYS":11.505407425866,"CURRENT_ASSETS_TDAYS":1.948283634958,"TOTAL_ASSETS_TDAYS":1.703322072072,"PREMIUM_EXPENSE":null,"LOAN_DEPOSIT":null,"LOAN_EQUITY":null,"LOAN_ASSETS":null,"DEPOSIT_EQUITY":null,"DEPOSIT_ASSETS":null,"EQUITY_MULTIPLIER":2.207100415924,"EQUITY_RATIO":1.207100415924},{"SECUCODE":"01912.HK","SECURITY_CODE":"01912","SECURITY_NAME_ABBR":"康特隆","ORG_CODE":"10920338","STD_REPORT_DATE":"2020-12-31 00:00:00","REPORT_DATE":"2020-12-31 00:00:00","DATE_TYPE_CODE":"001","REPORT_TYPE":"2020年年报","PER_NETCASH_OPERATE":-0.023946383,"PER_OI":1.255382603875,"BPS":0.189854617843,"BASIC_EPS":null,"DILUTED_EPS":null,"OPERATE_INCOME":1004306083.1,"OPERATE_INCOME_YOY":51.7026246538,"GROSS_PROFIT":61170937.5,"GROSS_PROFIT_YOY":-23.57923723698,"HOLDER_PROFIT":13186822.9,"HOLDER_PROFIT_YOY":-19.5781933943,"GROSS_PROFIT_RATIO":6.090865974961,"EPS_TTM":0.016483528625,"OPERATE_INCOME_QOQ":11.427992961007,"NET_PROFIT_RATIO":1.3130282811,"ROE_AVG":6.546703163214,"GROSS_PROFIT_QOQ":-30.213134809793,"ROA":3.2014827253,"HOLDER_PROFIT_QOQ":-50.1434988204,"ROE_YEARLY":6.546703163214,"ROIC_YEARLY":3.547200940772,"TOTAL_ASSETS":442316446.1,"TOTAL_LIABILITIES":233832841.3,"TAX_EBT":20.71400549235,"OCF_SALES":-1.907496800265,"TOTAL_PARENT_EQUITY":208483604.8,"DEBT_ASSET_RATIO":52.8655091534,"OPERATE_PROFIT":22432606.2,"PRETAX_PROFIT":16631970.1,"NETCASH_OPERATE":-24109505.5,"NETCASH_INVEST":-1905270.8,"NETCASH_FINANCE":28324590.9,"END_CASH":39423445.8,"DIVI_RATIO":null,"DIVIDEND_RATE":null,"CURRENT_RATIO":1.643276488678,"COMMON_ACS":2000000000,"CURRENTDEBT_DEBT":99.813042386361,"ISSUED_COMMON_SHARES":1098122380,"HK_COMMON_SHARES":1098122380,"PER_SHARES":5000,"TOTAL_MARKET_CAP":116400972.28,"HKSK_MARKET_CAP":116400972.28,"PE_TTM":-1.51048445743,"PB_TTM":0.754386017717,"REPORT_DATE_SQ":"2019-12-31 00:00:00","REPORT_TYPE_SQ":"2019年年报","OPERATE_INCOME_SQ":707812228.2,"DPS_HKD":null,"OPERATE_INCOME_QOQ_SQ":38.338272305126,"NET_PROFIT_RATIO_SQ":2.4768137511,"HOLDER_PROFIT_SQ":17531190.6,"HOLDER_PROFIT_QOQ_SQ":-8.482189410898,"ROE_AVG_SQ":11.607122237362,"PE_TTM_SQ":-0.934971796519,"PB_TTM_SQ":0.168020150099,"ROA_SQ":5.462687216051,"START_DATE":"2020-01-01 00:00:00","FISCAL_YEAR":"12-31","CURRENCY":"HKD","IS_CNY_CODE":0,"DPS_HKD_LY":null,"ORG_TYPE":"一般企业","PREMIUM_INCOME":null,"PREMIUM_INCOME_YOY":null,"NET_INTEREST_INCOME":null,"NET_INTEREST_INCOME_YOY":null,"FEE_COMMISSION_INCOME":null,"FEE_COMMISSION_INCOME_YOY":null,"ACCOUNTS_RECE_TDAYS":5.022072858378,"INVENTORY_TDAYS":11.717725264481,"CURRENT_ASSETS_TDAYS":2.684251371171,"TOTAL_ASSETS_TDAYS":2.438243540799,"PREMIUM_EXPENSE":null,"LOAN_DEPOSIT":null,"LOAN_EQUITY":null,"LOAN_ASSETS":null,"DEPOSIT_EQUITY":null,"DEPOSIT_ASSETS":null,"EQUITY_MULTIPLIER":2.121588632949,"EQUITY_RATIO":1.121588632949},{"SECUCODE":"01912.HK","SECURITY_CODE":"01912","SECURITY_NAME_ABBR":"康特隆","ORG_CODE":"10920338","STD_REPORT_DATE":"2020-06-30 00:00:00","REPORT_DATE":"2020-06-30 00:00:00","DATE_TYPE_CODE":"002","REPORT_TYPE":"2020年中报","PER_NETCASH_OPERATE":0.021884504375,"PER_OI":0.557165499375,"BPS":0.202626491412,"BASIC_EPS":0.01486695,"DILUTED_EPS":0.01486695,"OPERATE_INCOME":445732399.5,"OPERATE_INCOME_YOY":71.5979395492,"GROSS_PROFIT":33939123,"GROSS_PROFIT_YOY":28.898567460869,"HOLDER_PROFIT":11709493,"HOLDER_PROFIT_YOY":307.3891625616,"GROSS_PROFIT_RATIO":7.614237385048,"EPS_TTM":0.03306194425,"OPERATE_INCOME_QOQ":27.336739051833,"NET_PROFIT_RATIO":2.6270230778,"ROE_AVG":5.40355118509,"GROSS_PROFIT_QOQ":9.505940057247,"ROA":2.70252606124,"HOLDER_PROFIT_QOQ":50.871415430279,"ROE_YEARLY":10.807102370179,"ROIC_YEARLY":6.088324882439,"TOTAL_ASSETS":452656150.5,"TOTAL_LIABILITIES":230147465.5,"TAX_EBT":24.232707283555,"OCF_SALES":3.927828338178,"TOTAL_PARENT_EQUITY":222508685,"DEBT_ASSET_RATIO":50.8437729711,"OPERATE_PROFIT":19121729.5,"PRETAX_PROFIT":15454548.5,"NETCASH_OPERATE":17507603.5,"NETCASH_INVEST":-3553909,"NETCASH_FINANCE":-5189273.5,"END_CASH":52912183,"DIVI_RATIO":null,"DIVIDEND_RATE":null,"CURRENT_RATIO":1.897654451565,"COMMON_ACS":2000000000,"CURRENTDEBT_DEBT":98.883386139223,"ISSUED_COMMON_SHARES":1098122380,"HK_COMMON_SHARES":1098122380,"PER_SHARES":5000,"TOTAL_MARKET_CAP":116400972.28,"HKSK_MARKET_CAP":116400972.28,"PE_TTM":-1.51048445743,"PB_TTM":0.754386017717,"REPORT_DATE_SQ":"2019-06-30 00:00:00","REPORT_TYPE_SQ":"2019年中报","OPERATE_INCOME_SQ":252239617.7,"DPS_HKD":null,"OPERATE_INCOME_QOQ_SQ":10.807595585463,"NET_PROFIT_RATIO_SQ":1.1065383882,"HOLDER_PROFIT_SQ":2791128.2,"HOLDER_PROFIT_QOQ_SQ":6.89866042815,"ROE_AVG_SQ":2.964477383082,"PE_TTM_SQ":-0.934971796519,"PB_TTM_SQ":0.168020150099,"ROA_SQ":1.068463228812,"START_DATE":"2020-01-01 00:00:00","FISCAL_YEAR":"12-31","CURRENCY":"HKD","IS_CNY_CODE":0,"DPS_HKD_LY":null,"ORG_TYPE":"一般企业","PREMIUM_INCOME":null,"PREMIUM_INCOME_YOY":null,"NET_INTEREST_INCOME":null,"NET_INTEREST_INCOME_YOY":null,"FEE_COMMISSION_INCOME":null,"FEE_COMMISSION_INCOME_YOY":null,"ACCOUNTS_RECE_TDAYS":2.282270634719,"INVENTORY_TDAYS":4.795893968751,"CURRENT_ASSETS_TDAYS":1.077131003807,"TOTAL_ASSETS_TDAYS":1.028740890821,"PREMIUM_EXPENSE":null,"LOAN_DEPOSIT":null,"LOAN_EQUITY":null,"LOAN_ASSETS":null,"DEPOSIT_EQUITY":null,"DEPOSIT_ASSETS":null,"EQUITY_MULTIPLIER":2.034330257715,"EQUITY_RATIO":1.034330257716}],"count":16},"success":true,"message":"ok","code":0}