{"version":"025f78bb32e342793e471808b9a180ca","result":{"pages":9,"data":[{"SECUCODE":"01919.HK","SECURITY_CODE":"01919","SECURITY_NAME_ABBR":"中远海控","ORG_CODE":"10064673","STD_REPORT_DATE":"2024-09-30 00:00:00","REPORT_DATE":"2024-09-30 00:00:00","DATE_TYPE_CODE":"004","REPORT_TYPE":"2024年三季报","PER_NETCASH_OPERATE":3.238807554119,"PER_OI":10.947987601517,"BPS":13.944900856595,"BASIC_EPS":2.38,"DILUTED_EPS":2.38,"OPERATE_INCOME":174737328065.54,"OPERATE_INCOME_YOY":29.7960787899,"GROSS_PROFIT":53748642289.79,"GROSS_PROFIT_YOY":110.021175652146,"HOLDER_PROFIT":38124060912.01,"HOLDER_PROFIT_YOY":72.7334873383,"GROSS_PROFIT_RATIO":30.759679620161,"EPS_TTM":2.500726032614,"OPERATE_INCOME_QOQ":16.641540117806,"NET_PROFIT_RATIO":24.8065970149,"ROE_AVG":18.211230324164,"GROSS_PROFIT_QOQ":80.027057470846,"ROA":8.016410674359,"HOLDER_PROFIT_QOQ":65.137699776716,"ROE_YEARLY":24.281640432219,"ROIC_YEARLY":15.767931294352,"TOTAL_ASSETS":488721014374.69,"TOTAL_LIABILITIES":217624806737.34,"TAX_EBT":16.746781529938,"OCF_SALES":29.583588071205,"TOTAL_PARENT_EQUITY":222572145711.62,"DEBT_ASSET_RATIO":44.529455525,"OPERATE_PROFIT":49420448411.66,"PRETAX_PROFIT":52065716622.52,"NETCASH_OPERATE":51693571341.54,"NETCASH_INVEST":-15494997531.71,"NETCASH_FINANCE":-26796215297.08,"END_CASH":189335188986.24,"DIVI_RATIO":0.299247723157,"DIVIDEND_RATE":6.563266773163,"CURRENT_RATIO":1.635802737166,"COMMON_ACS":null,"CURRENTDEBT_DEBT":60.791632992058,"ISSUED_COMMON_SHARES":15960826685,"HK_COMMON_SHARES":3199780000,"PER_SHARES":500,"TOTAL_MARKET_CAP":199829550096.2,"HKSK_MARKET_CAP":40061245600,"PE_TTM":4.485188983129,"PB_TTM":0.809644393754,"REPORT_DATE_SQ":"2023-09-30 00:00:00","REPORT_TYPE_SQ":"2023年三季报","OPERATE_INCOME_SQ":134624504603.35,"DPS_HKD":0.821721,"OPERATE_INCOME_QOQ_SQ":-23.170430103176,"NET_PROFIT_RATIO_SQ":19.3216391939,"HOLDER_PROFIT_SQ":22071030637.7,"HOLDER_PROFIT_QOQ_SQ":-44.031209838256,"ROE_AVG_SQ":10.932619458446,"PE_TTM_SQ":3.445865696712,"PB_TTM_SQ":0.609708522632,"ROA_SQ":4.450151992591,"START_DATE":"2024-01-01 00:00:00","FISCAL_YEAR":"12-31","CURRENCY":"HKD","IS_CNY_CODE":0,"DPS_HKD_LY":0.821721,"ORG_TYPE":"一般企业","PREMIUM_INCOME":null,"PREMIUM_INCOME_YOY":null,"NET_INTEREST_INCOME":null,"NET_INTEREST_INCOME_YOY":null,"FEE_COMMISSION_INCOME":null,"FEE_COMMISSION_INCOME_YOY":null,"ACCOUNTS_RECE_TDAYS":18.280991068451,"INVENTORY_TDAYS":18.409637654579,"CURRENT_ASSETS_TDAYS":0.834311630515,"TOTAL_ASSETS_TDAYS":0.367423130801,"PREMIUM_EXPENSE":null,"LOAN_DEPOSIT":null,"LOAN_EQUITY":null,"LOAN_ASSETS":null,"DEPOSIT_EQUITY":null,"DEPOSIT_ASSETS":null,"EQUITY_MULTIPLIER":1.802758580188,"EQUITY_RATIO":0.9777719761},{"SECUCODE":"01919.HK","SECURITY_CODE":"01919","SECURITY_NAME_ABBR":"中远海控","ORG_CODE":"10064673","STD_REPORT_DATE":"2024-06-30 00:00:00","REPORT_DATE":"2024-06-30 00:00:00","DATE_TYPE_CODE":"002","REPORT_TYPE":"2024年中报","PER_NETCASH_OPERATE":1.41839827696,"PER_OI":6.34067749194,"BPS":13.187432590682,"BASIC_EPS":1.05,"DILUTED_EPS":1.05,"OPERATE_INCOME":101201055000,"OPERATE_INCOME_YOY":10.1894305331,"GROSS_PROFIT":23157925000,"GROSS_PROFIT_YOY":17.071351423219,"HOLDER_PROFIT":16870080000,"HOLDER_PROFIT_YOY":1.868545274,"GROSS_PROFIT_RATIO":22.883086544898,"EPS_TTM":1.514334797376,"OPERATE_INCOME_QOQ":4.786508258221,"NET_PROFIT_RATIO":19.0268441371,"ROE_AVG":8.298170938863,"GROSS_PROFIT_QOQ":17.356959839502,"ROA":3.629740823534,"HOLDER_PROFIT_QOQ":2.903214332484,"ROE_YEARLY":16.596341877726,"ROIC_YEARLY":13.999145205626,"TOTAL_ASSETS":467117979000,"TOTAL_LIABILITIES":209687682000,"TAX_EBT":16.499682223492,"OCF_SALES":22.369822132783,"TOTAL_PARENT_EQUITY":210482326000,"DEBT_ASSET_RATIO":44.8896620183,"OPERATE_PROFIT":19051460000,"PRETAX_PROFIT":23060232000,"NETCASH_OPERATE":22638496000,"NETCASH_INVEST":-10356232000,"NETCASH_FINANCE":-21498052000,"END_CASH":172350141000,"DIVI_RATIO":0.494168510687,"DIVIDEND_RATE":7.023256410256,"CURRENT_RATIO":1.608324859883,"COMMON_ACS":null,"CURRENTDEBT_DEBT":58.844803768683,"ISSUED_COMMON_SHARES":15960826685,"HK_COMMON_SHARES":3199780000,"PER_SHARES":500,"TOTAL_MARKET_CAP":186741672214.5,"HKSK_MARKET_CAP":37437426000,"PE_TTM":4.19143059925,"PB_TTM":0.756616566048,"REPORT_DATE_SQ":"2023-06-30 00:00:00","REPORT_TYPE_SQ":"2023年中报","OPERATE_INCOME_SQ":91842797000,"DPS_HKD":0.821721,"OPERATE_INCOME_QOQ_SQ":-18.256522624679,"NET_PROFIT_RATIO_SQ":21.4233251193,"HOLDER_PROFIT_SQ":16560637000,"HOLDER_PROFIT_QOQ_SQ":-31.125707799054,"ROE_AVG_SQ":8.295449815235,"PE_TTM_SQ":2.920771392316,"PB_TTM_SQ":0.516798786515,"ROA_SQ":3.329752937724,"START_DATE":"2024-01-01 00:00:00","FISCAL_YEAR":"12-31","CURRENCY":"HKD","IS_CNY_CODE":0,"DPS_HKD_LY":0.821721,"ORG_TYPE":"一般企业","PREMIUM_INCOME":null,"PREMIUM_INCOME_YOY":null,"NET_INTEREST_INCOME":null,"NET_INTEREST_INCOME_YOY":null,"FEE_COMMISSION_INCOME":null,"FEE_COMMISSION_INCOME_YOY":null,"ACCOUNTS_RECE_TDAYS":8.158412589846,"INVENTORY_TDAYS":11.679596791712,"CURRENT_ASSETS_TDAYS":0.504848363229,"TOTAL_ASSETS_TDAYS":0.217742654877,"PREMIUM_EXPENSE":null,"LOAN_DEPOSIT":null,"LOAN_EQUITY":null,"LOAN_ASSETS":null,"DEPOSIT_EQUITY":null,"DEPOSIT_ASSETS":null,"EQUITY_MULTIPLIER":1.814541584434,"EQUITY_RATIO":0.996224652135},{"SECUCODE":"01919.HK","SECURITY_CODE":"01919","SECURITY_NAME_ABBR":"中远海控","ORG_CODE":"10064673","STD_REPORT_DATE":"2024-03-31 00:00:00","REPORT_DATE":"2024-03-31 00:00:00","DATE_TYPE_CODE":"003","REPORT_TYPE":"2024年一季报","PER_NETCASH_OPERATE":0.555527743977,"PER_OI":3.024891150135,"BPS":12.709469364213,"BASIC_EPS":0.42,"DILUTED_EPS":0.42,"OPERATE_INCOME":48269963140.26,"OPERATE_INCOME_YOY":1.9355857449,"GROSS_PROFIT":9360709163.29,"GROSS_PROFIT_YOY":-11.385363432679,"HOLDER_PROFIT":6755000227.75,"HOLDER_PROFIT_YOY":-5.2256800416,"GROSS_PROFIT_RATIO":19.392410008871,"EPS_TTM":1.471889208458,"OPERATE_INCOME_QOQ":0.522415150911,"NET_PROFIT_RATIO":15.9148838776,"ROE_AVG":3.386229262589,"GROSS_PROFIT_QOQ":-4.359541051333,"ROA":1.465522025682,"HOLDER_PROFIT_QOQ":-1.560998087364,"ROE_YEARLY":13.544917050357,"ROIC_YEARLY":11.448342822017,"TOTAL_ASSETS":459426464135.63,"TOTAL_LIABILITIES":209375850882.66,"TAX_EBT":16.1241710513,"OCF_SALES":18.365214363228,"TOTAL_PARENT_EQUITY":202853637780.52,"DEBT_ASSET_RATIO":45.5733109055,"OPERATE_PROFIT":8249782420.16,"PRETAX_PROFIT":9158906299.75,"NETCASH_OPERATE":8864882203.76,"NETCASH_INVEST":-3916887210.7,"NETCASH_FINANCE":-13110776699.04,"END_CASH":173051523629.82,"DIVI_RATIO":0.508419089698,"DIVIDEND_RATE":7.023256410256,"CURRENT_RATIO":1.572497237395,"COMMON_ACS":null,"CURRENTDEBT_DEBT":59.700576024827,"ISSUED_COMMON_SHARES":15960826685,"HK_COMMON_SHARES":3199780000,"PER_SHARES":500,"TOTAL_MARKET_CAP":186741672214.5,"HKSK_MARKET_CAP":37437426000,"PE_TTM":4.19143059925,"PB_TTM":0.756616566048,"REPORT_DATE_SQ":"2023-03-31 00:00:00","REPORT_TYPE_SQ":"2023年一季报","OPERATE_INCOME_SQ":47353397528,"DPS_HKD":0.821721,"OPERATE_INCOME_QOQ_SQ":-14.876657653215,"NET_PROFIT_RATIO_SQ":18.1232201959,"HOLDER_PROFIT_SQ":7127458398.77,"HOLDER_PROFIT_QOQ_SQ":-18.690551093801,"ROE_AVG_SQ":3.500612023536,"PE_TTM_SQ":2.920771392316,"PB_TTM_SQ":0.516798786515,"ROA_SQ":1.407566269258,"START_DATE":"2024-01-01 00:00:00","FISCAL_YEAR":"12-31","CURRENCY":"HKD","IS_CNY_CODE":0,"DPS_HKD_LY":0.821721,"ORG_TYPE":"一般企业","PREMIUM_INCOME":null,"PREMIUM_INCOME_YOY":null,"NET_INTEREST_INCOME":null,"NET_INTEREST_INCOME_YOY":null,"FEE_COMMISSION_INCOME":null,"FEE_COMMISSION_INCOME_YOY":null,"ACCOUNTS_RECE_TDAYS":6.03179443832,"INVENTORY_TDAYS":5.966516882428,"CURRENT_ASSETS_TDAYS":0.241939614925,"TOTAL_ASSETS_TDAYS":0.104723451926,"PREMIUM_EXPENSE":null,"LOAN_DEPOSIT":null,"LOAN_EQUITY":null,"LOAN_ASSETS":null,"DEPOSIT_EQUITY":null,"DEPOSIT_ASSETS":null,"EQUITY_MULTIPLIER":1.837333882764,"EQUITY_RATIO":1.032152310274},{"SECUCODE":"01919.HK","SECURITY_CODE":"01919","SECURITY_NAME_ABBR":"中远海控","ORG_CODE":"10064673","STD_REPORT_DATE":"2023-12-31 00:00:00","REPORT_DATE":"2023-12-31 00:00:00","DATE_TYPE_CODE":"001","REPORT_TYPE":"2023年年报","PER_NETCASH_OPERATE":1.407004775226,"PER_OI":10.917000592457,"BPS":12.28728692257,"BASIC_EPS":1.48,"DILUTED_EPS":1.48,"OPERATE_INCOME":175447747000,"OPERATE_INCOME_YOY":-55.135165622,"GROSS_PROFIT":27587314000,"GROSS_PROFIT_YOY":-83.817664300971,"HOLDER_PROFIT":23860258000,"HOLDER_PROFIT_YOY":-78.267852345,"GROSS_PROFIT_RATIO":15.723948851848,"EPS_TTM":1.484672531715,"OPERATE_INCOME_QOQ":-16.077987401787,"NET_PROFIT_RATIO":16.184681471,"ROE_AVG":12.029191679023,"GROSS_PROFIT_QOQ":-46.133097176376,"ROA":4.898385392306,"HOLDER_PROFIT_QOQ":-30.595582675698,"ROE_YEARLY":12.029191679023,"ROIC_YEARLY":10.436714796884,"TOTAL_ASSETS":462570619365.72,"TOTAL_LIABILITIES":219219595398.8,"TAX_EBT":14.152004595626,"OCF_SALES":12.888199128599,"TOTAL_PARENT_EQUITY":196115227226.87,"DEBT_ASSET_RATIO":47.4039751812,"OPERATE_PROFIT":24640445000,"PRETAX_PROFIT":33076671000,"NETCASH_OPERATE":22612055000,"NETCASH_INVEST":-18350697000,"NETCASH_FINANCE":-60021698000,"END_CASH":181113316000,"DIVI_RATIO":0.504041501081,"DIVIDEND_RATE":7.023256410256,"CURRENT_RATIO":1.590120692521,"COMMON_ACS":null,"CURRENTDEBT_DEBT":58.096260348201,"ISSUED_COMMON_SHARES":15960826685,"HK_COMMON_SHARES":3199780000,"PER_SHARES":500,"TOTAL_MARKET_CAP":186741672214.5,"HKSK_MARKET_CAP":37437426000,"PE_TTM":4.19143059925,"PB_TTM":0.756616566048,"REPORT_DATE_SQ":"2022-12-31 00:00:00","REPORT_TYPE_SQ":"2022年年报","OPERATE_INCOME_SQ":391058497000,"DPS_HKD":0.821721,"OPERATE_INCOME_QOQ_SQ":-6.614089734831,"NET_PROFIT_RATIO_SQ":33.6054981565,"HOLDER_PROFIT_SQ":109792453000,"HOLDER_PROFIT_QOQ_SQ":-7.73463599034,"ROE_AVG_SQ":65.664081437227,"PE_TTM_SQ":2.920771392316,"PB_TTM_SQ":0.516798786515,"ROA_SQ":23.704020171122,"START_DATE":"2023-01-01 00:00:00","FISCAL_YEAR":"12-31","CURRENCY":"HKD","IS_CNY_CODE":0,"DPS_HKD_LY":2.10305,"ORG_TYPE":"一般企业","PREMIUM_INCOME":null,"PREMIUM_INCOME_YOY":null,"NET_INTEREST_INCOME":null,"NET_INTEREST_INCOME_YOY":null,"FEE_COMMISSION_INCOME":null,"FEE_COMMISSION_INCOME_YOY":null,"ACCOUNTS_RECE_TDAYS":14.822735434897,"INVENTORY_TDAYS":21.77878396794,"CURRENT_ASSETS_TDAYS":0.756879804923,"TOTAL_ASSETS_TDAYS":0.360184990882,"PREMIUM_EXPENSE":null,"LOAN_DEPOSIT":null,"LOAN_EQUITY":null,"LOAN_ASSETS":null,"DEPOSIT_EQUITY":null,"DEPOSIT_ASSETS":null,"EQUITY_MULTIPLIER":1.901284371671,"EQUITY_RATIO":1.117810169555},{"SECUCODE":"01919.HK","SECURITY_CODE":"01919","SECURITY_NAME_ABBR":"中远海控","ORG_CODE":"10064673","STD_REPORT_DATE":"2023-09-30 00:00:00","REPORT_DATE":"2023-09-30 00:00:00","DATE_TYPE_CODE":"004","REPORT_TYPE":"2023年三季报","PER_NETCASH_OPERATE":1.269048114631,"PER_OI":8.324303559046,"BPS":12.729612744734,"BASIC_EPS":1.37,"DILUTED_EPS":1.36,"OPERATE_INCOME":134624504603.35,"OPERATE_INCOME_YOY":-57.4934417673,"GROSS_PROFIT":25592010959.32,"GROSS_PROFIT_YOY":-82.33161227876,"HOLDER_PROFIT":22071030637.7,"HOLDER_PROFIT_YOY":-77.3343142345,"GROSS_PROFIT_RATIO":19.012272732028,"EPS_TTM":2.125748169414,"OPERATE_INCOME_QOQ":-23.170430103176,"NET_PROFIT_RATIO":19.3216391939,"ROE_AVG":10.932619458446,"GROSS_PROFIT_QOQ":-44.464789626809,"ROA":4.450151992591,"HOLDER_PROFIT_QOQ":-44.031209838256,"ROE_YEARLY":14.576825944594,"ROIC_YEARLY":9.686632102567,"TOTAL_ASSETS":480145495761.23,"TOTAL_LIABILITIES":228457432907.56,"TAX_EBT":14.898536424279,"OCF_SALES":15.252813638703,"TOTAL_PARENT_EQUITY":203175142785.86,"DEBT_ASSET_RATIO":47.5808759895,"OPERATE_PROFIT":25477740552.44,"PRETAX_PROFIT":30555929288.54,"NETCASH_OPERATE":20520610144.65,"NETCASH_INVEST":-13793057692.86,"NETCASH_FINANCE":-46746951492.66,"END_CASH":197851179699.53,"DIVI_RATIO":0.352034442399,"DIVIDEND_RATE":7.023256410256,"CURRENT_RATIO":1.639956338718,"COMMON_ACS":null,"CURRENTDEBT_DEBT":58.689696197402,"ISSUED_COMMON_SHARES":15960826685,"HK_COMMON_SHARES":3199780000,"PER_SHARES":500,"TOTAL_MARKET_CAP":186741672214.5,"HKSK_MARKET_CAP":37437426000,"PE_TTM":4.19143059925,"PB_TTM":0.756616566048,"REPORT_DATE_SQ":"2022-09-30 00:00:00","REPORT_TYPE_SQ":"2022年三季报","OPERATE_INCOME_SQ":316554427274.32,"DPS_HKD":0.821721,"OPERATE_INCOME_QOQ_SQ":3.341748020351,"NET_PROFIT_RATIO_SQ":36.4059924743,"HOLDER_PROFIT_SQ":97376668731.61,"HOLDER_PROFIT_QOQ_SQ":1.684293278184,"ROE_AVG_SQ":54.720190770378,"PE_TTM_SQ":2.920771392316,"PB_TTM_SQ":0.516798786515,"ROA_SQ":20.182379836701,"START_DATE":"2023-01-01 00:00:00","FISCAL_YEAR":"12-31","CURRENCY":"HKD","IS_CNY_CODE":0,"DPS_HKD_LY":2.10305,"ORG_TYPE":"一般企业","PREMIUM_INCOME":null,"PREMIUM_INCOME_YOY":null,"NET_INTEREST_INCOME":null,"NET_INTEREST_INCOME_YOY":null,"FEE_COMMISSION_INCOME":null,"FEE_COMMISSION_INCOME_YOY":null,"ACCOUNTS_RECE_TDAYS":10.820420904655,"INVENTORY_TDAYS":16.023200468625,"CURRENT_ASSETS_TDAYS":0.559451208149,"TOTAL_ASSETS_TDAYS":0.271303502811,"PREMIUM_EXPENSE":null,"LOAN_DEPOSIT":null,"LOAN_EQUITY":null,"LOAN_ASSETS":null,"DEPOSIT_EQUITY":null,"DEPOSIT_ASSETS":null,"EQUITY_MULTIPLIER":1.907700708237,"EQUITY_RATIO":1.124435941203},{"SECUCODE":"01919.HK","SECURITY_CODE":"01919","SECURITY_NAME_ABBR":"中远海控","ORG_CODE":"10064673","STD_REPORT_DATE":"2023-06-30 00:00:00","REPORT_DATE":"2023-06-30 00:00:00","DATE_TYPE_CODE":"002","REPORT_TYPE":"2023年中报","PER_NETCASH_OPERATE":0.82012354604,"PER_OI":5.679737458184,"BPS":12.4479588007,"BASIC_EPS":1.03,"DILUTED_EPS":1.02,"OPERATE_INCOME":91842797000,"OPERATE_INCOME_YOY":-56.4296406617,"GROSS_PROFIT":19781035000,"GROSS_PROFIT_YOY":-79.823564364384,"HOLDER_PROFIT":16560637000,"HOLDER_PROFIT_YOY":-74.4514398251,"GROSS_PROFIT_RATIO":21.537927465341,"EPS_TTM":3.798614866255,"OPERATE_INCOME_QOQ":-18.256522624679,"NET_PROFIT_RATIO":21.4233251193,"ROE_AVG":8.295449815235,"GROSS_PROFIT_QOQ":-33.303348742319,"ROA":3.329752937724,"HOLDER_PROFIT_QOQ":-31.125707799054,"ROE_YEARLY":16.590899630471,"ROIC_YEARLY":14.464085995815,"TOTAL_ASSETS":482926939000,"TOTAL_LIABILITIES":234500953000,"TAX_EBT":14.202264699948,"OCF_SALES":14.439462247649,"TOTAL_PARENT_EQUITY":198679713000,"DEBT_ASSET_RATIO":48.5582671129,"OPERATE_PROFIT":18129472000,"PRETAX_PROFIT":22932751000,"NETCASH_OPERATE":13261606000,"NETCASH_INVEST":-12273283000,"NETCASH_FINANCE":-41196977000,"END_CASH":198226267000,"DIVI_RATIO":0.197002485866,"DIVIDEND_RATE":7.023256410256,"CURRENT_RATIO":1.620181139392,"COMMON_ACS":null,"CURRENTDEBT_DEBT":58.061423741847,"ISSUED_COMMON_SHARES":15960826685,"HK_COMMON_SHARES":3199780000,"PER_SHARES":500,"TOTAL_MARKET_CAP":186741672214.5,"HKSK_MARKET_CAP":37437426000,"PE_TTM":4.19143059925,"PB_TTM":0.756616566048,"REPORT_DATE_SQ":"2022-06-30 00:00:00","REPORT_TYPE_SQ":"2022年中报","OPERATE_INCOME_SQ":210791920000,"DPS_HKD":0.821721,"OPERATE_INCOME_QOQ_SQ":8.235889622719,"NET_PROFIT_RATIO_SQ":36.3735623831,"HOLDER_PROFIT_SQ":64820236000,"HOLDER_PROFIT_QOQ_SQ":15.226257788243,"ROE_AVG_SQ":40.400846369922,"PE_TTM_SQ":2.920771392316,"PB_TTM_SQ":0.516798786515,"ROA_SQ":14.228524260174,"START_DATE":"2023-01-01 00:00:00","FISCAL_YEAR":"12-31","CURRENCY":"HKD","IS_CNY_CODE":0,"DPS_HKD_LY":2.10305,"ORG_TYPE":"一般企业","PREMIUM_INCOME":null,"PREMIUM_INCOME_YOY":null,"NET_INTEREST_INCOME":null,"NET_INTEREST_INCOME_YOY":null,"FEE_COMMISSION_INCOME":null,"FEE_COMMISSION_INCOME_YOY":null,"ACCOUNTS_RECE_TDAYS":5.847855580449,"INVENTORY_TDAYS":10.829666850864,"CURRENT_ASSETS_TDAYS":0.381297622284,"TOTAL_ASSETS_TDAYS":0.184663079759,"PREMIUM_EXPENSE":null,"LOAN_DEPOSIT":null,"LOAN_EQUITY":null,"LOAN_ASSETS":null,"DEPOSIT_EQUITY":null,"DEPOSIT_ASSETS":null,"EQUITY_MULTIPLIER":1.943946954887,"EQUITY_RATIO":1.180296415065},{"SECUCODE":"01919.HK","SECURITY_CODE":"01919","SECURITY_NAME_ABBR":"中远海控","ORG_CODE":"10064673","STD_REPORT_DATE":"2023-03-31 00:00:00","REPORT_DATE":"2023-03-31 00:00:00","DATE_TYPE_CODE":"003","REPORT_TYPE":"2023年一季报","PER_NETCASH_OPERATE":0.382281788634,"PER_OI":2.942046992619,"BPS":12.945536435076,"BASIC_EPS":0.44,"DILUTED_EPS":0.44,"OPERATE_INCOME":47353397528,"OPERATE_INCOME_YOY":-55.1279510997,"GROSS_PROFIT":10563389442.08,"GROSS_PROFIT_YOY":-75.305034497627,"HOLDER_PROFIT":7127458398.77,"HOLDER_PROFIT_YOY":-74.2020784716,"GROSS_PROFIT_RATIO":22.307563962721,"EPS_TTM":5.540939597382,"OPERATE_INCOME_QOQ":-14.876657653215,"NET_PROFIT_RATIO":18.1232201959,"ROE_AVG":3.500612023536,"GROSS_PROFIT_QOQ":-18.89516407739,"ROA":1.407566269258,"HOLDER_PROFIT_QOQ":-18.690551093801,"ROE_YEARLY":14.002448094144,"ROIC_YEARLY":12.758383353679,"TOTAL_ASSETS":500955324404.93,"TOTAL_LIABILITIES":240916979373.58,"TAX_EBT":12.931686996757,"OCF_SALES":12.993734960478,"TOTAL_PARENT_EQUITY":206621463384.6,"DEBT_ASSET_RATIO":48.0915098886,"OPERATE_PROFIT":9016859866.16,"PRETAX_PROFIT":9856582961.37,"NETCASH_OPERATE":6152974969.57,"NETCASH_INVEST":-10085093358.51,"NETCASH_FINANCE":-7276141241.92,"END_CASH":222307022595.06,"DIVI_RATIO":0.135055897713,"DIVIDEND_RATE":7.023256410256,"CURRENT_RATIO":1.711845690622,"COMMON_ACS":null,"CURRENTDEBT_DEBT":59.785266501206,"ISSUED_COMMON_SHARES":15960826685,"HK_COMMON_SHARES":3199780000,"PER_SHARES":500,"TOTAL_MARKET_CAP":186741672214.5,"HKSK_MARKET_CAP":37437426000,"PE_TTM":4.19143059925,"PB_TTM":0.756616566048,"REPORT_DATE_SQ":"2022-03-31 00:00:00","REPORT_TYPE_SQ":"2022年一季报","OPERATE_INCOME_SQ":105529831350.5,"DPS_HKD":0.821721,"OPERATE_INCOME_QOQ_SQ":12.192902690945,"NET_PROFIT_RATIO_SQ":30.8445343887,"HOLDER_PROFIT_SQ":27628033486.81,"HOLDER_PROFIT_QOQ_SQ":13.623255786045,"ROE_AVG_SQ":18.781998564119,"PE_TTM_SQ":2.920771392316,"PB_TTM_SQ":0.516798786515,"ROA_SQ":6.206461449102,"START_DATE":"2023-01-01 00:00:00","FISCAL_YEAR":"12-31","CURRENCY":"HKD","IS_CNY_CODE":0,"DPS_HKD_LY":2.10305,"ORG_TYPE":"一般企业","PREMIUM_INCOME":null,"PREMIUM_INCOME_YOY":null,"NET_INTEREST_INCOME":null,"NET_INTEREST_INCOME_YOY":null,"FEE_COMMISSION_INCOME":null,"FEE_COMMISSION_INCOME_YOY":null,"ACCOUNTS_RECE_TDAYS":3.724967346395,"INVENTORY_TDAYS":5.42011921489,"CURRENT_ASSETS_TDAYS":0.186539012528,"TOTAL_ASSETS_TDAYS":0.0935158669,"PREMIUM_EXPENSE":null,"LOAN_DEPOSIT":null,"LOAN_EQUITY":null,"LOAN_ASSETS":null,"DEPOSIT_EQUITY":null,"DEPOSIT_ASSETS":null,"EQUITY_MULTIPLIER":1.926467130625,"EQUITY_RATIO":1.16598234969},{"SECUCODE":"01919.HK","SECURITY_CODE":"01919","SECURITY_NAME_ABBR":"中远海控","ORG_CODE":"10064673","STD_REPORT_DATE":"2022-12-31 00:00:00","REPORT_DATE":"2022-12-31 00:00:00","DATE_TYPE_CODE":"001","REPORT_TYPE":"2022年年报","PER_NETCASH_OPERATE":12.227430682586,"PER_OI":24.297102133845,"BPS":12.554661293849,"BASIC_EPS":6.84,"DILUTED_EPS":6.79,"OPERATE_INCOME":391058497000,"OPERATE_INCOME_YOY":17.1907687279,"GROSS_PROFIT":170477949000,"GROSS_PROFIT_YOY":21.668020544187,"HOLDER_PROFIT":109792453000,"HOLDER_PROFIT_YOY":22.759325605,"GROSS_PROFIT_RATIO":43.593976427522,"EPS_TTM":6.814856100078,"OPERATE_INCOME_QOQ":-6.614089734831,"NET_PROFIT_RATIO":33.6054981565,"ROE_AVG":65.664081437227,"GROSS_PROFIT_QOQ":-7.207382529495,"ROA":23.704020171122,"HOLDER_PROFIT_QOQ":-7.73463599034,"ROE_YEARLY":65.664081437227,"ROIC_YEARLY":53.118392362985,"TOTAL_ASSETS":511930077000,"TOTAL_LIABILITIES":258136983000,"TAX_EBT":21.3179968389,"OCF_SALES":50.324646187141,"TOTAL_PARENT_EQUITY":200590667000,"DEBT_ASSET_RATIO":50.4623842906,"OPERATE_PROFIT":162998834000,"PRETAX_PROFIT":167175970000,"NETCASH_OPERATE":196798805000,"NETCASH_INVEST":-32976787000,"NETCASH_FINANCE":-115377634000,"END_CASH":235613923000,"DIVI_RATIO":0.10980959253,"DIVIDEND_RATE":7.023256410256,"CURRENT_RATIO":1.637629756789,"COMMON_ACS":null,"CURRENTDEBT_DEBT":61.774955741231,"ISSUED_COMMON_SHARES":15960826685,"HK_COMMON_SHARES":3199780000,"PER_SHARES":500,"TOTAL_MARKET_CAP":186741672214.5,"HKSK_MARKET_CAP":37437426000,"PE_TTM":4.19143059925,"PB_TTM":0.756616566048,"REPORT_DATE_SQ":"2021-12-31 00:00:00","REPORT_TYPE_SQ":"2021年年报","OPERATE_INCOME_SQ":333693943000,"DPS_HKD":0.821721,"OPERATE_INCOME_QOQ_SQ":17.073696830381,"NET_PROFIT_RATIO_SQ":31.1221274776,"HOLDER_PROFIT_SQ":89348948000,"HOLDER_PROFIT_QOQ_SQ":21.231928301054,"ROE_AVG_SQ":100.894921862684,"PE_TTM_SQ":2.920771392316,"PB_TTM_SQ":0.516798786515,"ROA_SQ":26.049270504647,"START_DATE":"2022-01-01 00:00:00","FISCAL_YEAR":"12-31","CURRENCY":"HKD","IS_CNY_CODE":0,"DPS_HKD_LY":3.2353,"ORG_TYPE":"一般企业","PREMIUM_INCOME":null,"PREMIUM_INCOME_YOY":null,"NET_INTEREST_INCOME":null,"NET_INTEREST_INCOME_YOY":null,"FEE_COMMISSION_INCOME":null,"FEE_COMMISSION_INCOME_YOY":null,"ACCOUNTS_RECE_TDAYS":22.474992451745,"INVENTORY_TDAYS":35.502260128975,"CURRENT_ASSETS_TDAYS":1.686870593481,"TOTAL_ASSETS_TDAYS":0.845122759194,"PREMIUM_EXPENSE":null,"LOAN_DEPOSIT":null,"LOAN_EQUITY":null,"LOAN_ASSETS":null,"DEPOSIT_EQUITY":null,"DEPOSIT_ASSETS":null,"EQUITY_MULTIPLIER":2.018668007492,"EQUITY_RATIO":1.286884314513},{"SECUCODE":"01919.HK","SECURITY_CODE":"01919","SECURITY_NAME_ABBR":"中远海控","ORG_CODE":"10064673","STD_REPORT_DATE":"2022-09-30 00:00:00","REPORT_DATE":"2022-09-30 00:00:00","DATE_TYPE_CODE":"004","REPORT_TYPE":"2022年三季报","PER_NETCASH_OPERATE":10.341559249224,"PER_OI":19.669316004934,"BPS":13.885398793455,"BASIC_EPS":6.07,"DILUTED_EPS":6.05,"OPERATE_INCOME":316554427274.32,"OPERATE_INCOME_YOY":36.7470930251,"GROSS_PROFIT":144846328726.16,"GROSS_PROFIT_YOY":43.058940044833,"HOLDER_PROFIT":97376668731.61,"HOLDER_PROFIT_YOY":43.7409736259,"GROSS_PROFIT_RATIO":45.758219568482,"EPS_TTM":7.38662588735,"OPERATE_INCOME_QOQ":3.341748020351,"NET_PROFIT_RATIO":36.4059924743,"ROE_AVG":54.720190770378,"GROSS_PROFIT_QOQ":-0.715851125328,"ROA":20.182379836701,"HOLDER_PROFIT_QOQ":1.684293278184,"ROE_YEARLY":72.960254360504,"ROIC_YEARLY":49.908643679227,"TOTAL_ASSETS":549695723343.4,"TOTAL_LIABILITIES":275331668944.51,"TAX_EBT":18.092517742516,"OCF_SALES":52.579418475074,"TOTAL_PARENT_EQUITY":221622443594.45,"DEBT_ASSET_RATIO":50.0880136505,"OPERATE_PROFIT":136135710403.45,"PRETAX_PROFIT":140906853767.74,"NETCASH_OPERATE":166460666171.86,"NETCASH_INVEST":-2675259748.18,"NETCASH_FINANCE":-59013665457.92,"END_CASH":296192415448.59,"DIVI_RATIO":0.101309661937,"DIVIDEND_RATE":7.023256410256,"CURRENT_RATIO":1.833302021317,"COMMON_ACS":null,"CURRENTDEBT_DEBT":64.343189813466,"ISSUED_COMMON_SHARES":15960826685,"HK_COMMON_SHARES":3199780000,"PER_SHARES":500,"TOTAL_MARKET_CAP":186741672214.5,"HKSK_MARKET_CAP":37437426000,"PE_TTM":4.19143059925,"PB_TTM":0.756616566048,"REPORT_DATE_SQ":"2021-09-30 00:00:00","REPORT_TYPE_SQ":"2021年三季报","OPERATE_INCOME_SQ":231478829291.02,"DPS_HKD":0.821721,"OPERATE_INCOME_QOQ_SQ":20.53468769968,"NET_PROFIT_RATIO_SQ":33.7058134653,"HOLDER_PROFIT_SQ":67631983176.85,"HOLDER_PROFIT_QOQ_SQ":60.516116581437,"ROE_AVG_SQ":86.712437756889,"PE_TTM_SQ":2.920771392316,"PB_TTM_SQ":0.516798786515,"ROA_SQ":20.938948211476,"START_DATE":"2022-01-01 00:00:00","FISCAL_YEAR":"12-31","CURRENCY":"HKD","IS_CNY_CODE":0,"DPS_HKD_LY":3.2353,"ORG_TYPE":"一般企业","PREMIUM_INCOME":null,"PREMIUM_INCOME_YOY":null,"NET_INTEREST_INCOME":null,"NET_INTEREST_INCOME_YOY":null,"FEE_COMMISSION_INCOME":null,"FEE_COMMISSION_INCOME_YOY":null,"ACCOUNTS_RECE_TDAYS":20.516069221084,"INVENTORY_TDAYS":26.290857861933,"CURRENT_ASSETS_TDAYS":1.200633435639,"TOTAL_ASSETS_TDAYS":0.657156867628,"PREMIUM_EXPENSE":null,"LOAN_DEPOSIT":null,"LOAN_EQUITY":null,"LOAN_ASSETS":null,"DEPOSIT_EQUITY":null,"DEPOSIT_ASSETS":null,"EQUITY_MULTIPLIER":2.00352675407,"EQUITY_RATIO":1.242345605792}],"count":73},"success":true,"message":"ok","code":0}