{"version":"d7e5c65c06a6c6ec8e7ea2ed4c3ba090","result":{"pages":3,"data":[{"SECUCODE":"01917.HK","SECURITY_CODE":"01917","SECURITY_NAME_ABBR":"豆盟科技","ORG_CODE":"10968723","STD_REPORT_DATE":"2024-06-30 00:00:00","REPORT_DATE":"2024-06-30 00:00:00","DATE_TYPE_CODE":"002","REPORT_TYPE":"2024年中报","PER_NETCASH_OPERATE":-0.00464,"PER_OI":0.008800434783,"BPS":0.023219130435,"BASIC_EPS":-0.0018,"DILUTED_EPS":-0.0018,"OPERATE_INCOME":20241000,"OPERATE_INCOME_YOY":-43.4292901062,"GROSS_PROFIT":8008000,"GROSS_PROFIT_YOY":-37.334689725331,"HOLDER_PROFIT":-4122000,"HOLDER_PROFIT_YOY":-382.6697892272,"GROSS_PROFIT_RATIO":39.56326268465,"EPS_TTM":-0.004691304348,"OPERATE_INCOME_QOQ":-20.628177727037,"NET_PROFIT_RATIO":-20.3646064918,"ROE_AVG":-7.428633217993,"GROSS_PROFIT_QOQ":-22.349744694805,"ROA":-6.353463423657,"HOLDER_PROFIT_QOQ":-43.445892049987,"ROE_YEARLY":-14.857266435986,"ROIC_YEARLY":-27.017992331138,"TOTAL_ASSETS":61279000,"TOTAL_LIABILITIES":7875000,"TAX_EBT":null,"OCF_SALES":-52.72466775357,"TOTAL_PARENT_EQUITY":53404000,"DEBT_ASSET_RATIO":12.8510582744,"OPERATE_PROFIT":-4122000,"PRETAX_PROFIT":-4122000,"NETCASH_OPERATE":-10672000,"NETCASH_INVEST":3058000,"NETCASH_FINANCE":null,"END_CASH":30558000,"DIVI_RATIO":null,"DIVIDEND_RATE":null,"CURRENT_RATIO":7.125206349206,"COMMON_ACS":10000000000,"CURRENTDEBT_DEBT":100,"ISSUED_COMMON_SHARES":2300000000,"HK_COMMON_SHARES":2300000000,"PER_SHARES":10000,"TOTAL_MARKET_CAP":167900000,"HKSK_MARKET_CAP":167900000,"PE_TTM":-14.120498926516,"PB_TTM":2.86942873193,"REPORT_DATE_SQ":"2023-06-30 00:00:00","REPORT_TYPE_SQ":"2023年中报","OPERATE_INCOME_SQ":35780000,"DPS_HKD":null,"OPERATE_INCOME_QOQ_SQ":34.889525926793,"NET_PROFIT_RATIO_SQ":-2.3868082728,"HOLDER_PROFIT_SQ":-854000,"HOLDER_PROFIT_QOQ_SQ":37.804428724071,"ROE_AVG_SQ":-1.311183442855,"PE_TTM_SQ":-3.258894417388,"PB_TTM_SQ":1.680363414708,"ROA_SQ":-1.14356110821,"START_DATE":"2024-01-01 00:00:00","FISCAL_YEAR":"12-31","CURRENCY":"HKD","IS_CNY_CODE":0,"DPS_HKD_LY":null,"ORG_TYPE":"一般企业","PREMIUM_INCOME":null,"PREMIUM_INCOME_YOY":null,"NET_INTEREST_INCOME":null,"NET_INTEREST_INCOME_YOY":null,"FEE_COMMISSION_INCOME":null,"FEE_COMMISSION_INCOME_YOY":null,"ACCOUNTS_RECE_TDAYS":3.826999432785,"INVENTORY_TDAYS":null,"CURRENT_ASSETS_TDAYS":0.35197454223,"TOTAL_ASSETS_TDAYS":0.311985572921,"PREMIUM_EXPENSE":null,"LOAN_DEPOSIT":null,"LOAN_EQUITY":null,"LOAN_ASSETS":null,"DEPOSIT_EQUITY":null,"DEPOSIT_ASSETS":null,"EQUITY_MULTIPLIER":1.147460864354,"EQUITY_RATIO":0.147460864355},{"SECUCODE":"01917.HK","SECURITY_CODE":"01917","SECURITY_NAME_ABBR":"豆盟科技","ORG_CODE":"10968723","STD_REPORT_DATE":"2023-12-31 00:00:00","REPORT_DATE":"2023-12-31 00:00:00","DATE_TYPE_CODE":"001","REPORT_TYPE":"2023年年报","PER_NETCASH_OPERATE":-0.00203173913,"PER_OI":0.03275173913,"BPS":0.025031304348,"BASIC_EPS":-0.003,"DILUTED_EPS":-0.003,"OPERATE_INCOME":75329000,"OPERATE_INCOME_YOY":46.9002905673,"GROSS_PROFIT":21347000,"GROSS_PROFIT_YOY":28.325819056207,"HOLDER_PROFIT":-7522000,"HOLDER_PROFIT_YOY":86.1427360819,"GROSS_PROFIT_RATIO":28.338355746127,"EPS_TTM":-0.003270434783,"OPERATE_INCOME_QOQ":8.904149197629,"NET_PROFIT_RATIO":-9.9855301411,"ROE_AVG":-12.309555370089,"GROSS_PROFIT_QOQ":-6.504029432376,"ROA":-10.413522905043,"HOLDER_PROFIT_QOQ":77.71985426972,"ROE_YEARLY":-12.309555370089,"ROIC_YEARLY":-23.144971461099,"TOTAL_ASSETS":68477000,"TOTAL_LIABILITIES":10905000,"TAX_EBT":null,"OCF_SALES":-6.203454180993,"TOTAL_PARENT_EQUITY":57572000,"DEBT_ASSET_RATIO":15.925055128,"OPERATE_PROFIT":-7522000,"PRETAX_PROFIT":-7522000,"NETCASH_OPERATE":-4673000,"NETCASH_INVEST":906000,"NETCASH_FINANCE":null,"END_CASH":38172000,"DIVI_RATIO":null,"DIVIDEND_RATE":null,"CURRENT_RATIO":5.401467216873,"COMMON_ACS":10000000000,"CURRENTDEBT_DEBT":100,"ISSUED_COMMON_SHARES":2300000000,"HK_COMMON_SHARES":2300000000,"PER_SHARES":10000,"TOTAL_MARKET_CAP":117300000,"HKSK_MARKET_CAP":117300000,"PE_TTM":-9.865006099347,"PB_TTM":2.004669388061,"REPORT_DATE_SQ":"2022-12-31 00:00:00","REPORT_TYPE_SQ":"2022年年报","OPERATE_INCOME_SQ":51279000,"DPS_HKD":null,"OPERATE_INCOME_QOQ_SQ":-15.286129650433,"NET_PROFIT_RATIO_SQ":-105.8561984438,"HOLDER_PROFIT_SQ":-54282000,"HOLDER_PROFIT_QOQ_SQ":34.841009759084,"ROE_AVG_SQ":-59.194233464011,"PE_TTM_SQ":-5.64039418394,"PB_TTM_SQ":2.908321294688,"ROA_SQ":-48.052902277737,"START_DATE":"2023-01-01 00:00:00","FISCAL_YEAR":"12-31","CURRENCY":"HKD","IS_CNY_CODE":0,"DPS_HKD_LY":null,"ORG_TYPE":"一般企业","PREMIUM_INCOME":null,"PREMIUM_INCOME_YOY":null,"NET_INTEREST_INCOME":null,"NET_INTEREST_INCOME_YOY":null,"FEE_COMMISSION_INCOME":null,"FEE_COMMISSION_INCOME_YOY":null,"ACCOUNTS_RECE_TDAYS":14.732837864268,"INVENTORY_TDAYS":null,"CURRENT_ASSETS_TDAYS":1.205910367957,"TOTAL_ASSETS_TDAYS":1.042861296084,"PREMIUM_EXPENSE":null,"LOAN_DEPOSIT":null,"LOAN_EQUITY":null,"LOAN_ASSETS":null,"DEPOSIT_EQUITY":null,"DEPOSIT_ASSETS":null,"EQUITY_MULTIPLIER":1.1894149934,"EQUITY_RATIO":0.1894149934},{"SECUCODE":"01917.HK","SECURITY_CODE":"01917","SECURITY_NAME_ABBR":"豆盟科技","ORG_CODE":"10968723","STD_REPORT_DATE":"2023-06-30 00:00:00","REPORT_DATE":"2023-06-30 00:00:00","DATE_TYPE_CODE":"002","REPORT_TYPE":"2023年中报","PER_NETCASH_OPERATE":-0.001977826087,"PER_OI":0.015556521739,"BPS":0.028531304348,"BASIC_EPS":-0.0004,"DILUTED_EPS":-0.0004,"OPERATE_INCOME":35780000,"OPERATE_INCOME_YOY":100.0111800548,"GROSS_PROFIT":12779000,"GROSS_PROFIT_YOY":94.150714068672,"HOLDER_PROFIT":-854000,"HOLDER_PROFIT_YOY":96.0046783626,"GROSS_PROFIT_RATIO":35.715483510341,"EPS_TTM":-0.014678695652,"OPERATE_INCOME_QOQ":34.889525926793,"NET_PROFIT_RATIO":-2.3868082728,"ROE_AVG":-1.311183442855,"GROSS_PROFIT_QOQ":37.252780282537,"ROA":-1.14356110821,"HOLDER_PROFIT_QOQ":37.804428724071,"ROE_YEARLY":-2.622366885709,"ROIC_YEARLY":-4.818937181712,"TOTAL_ASSETS":73369000,"TOTAL_LIABILITIES":7747000,"TAX_EBT":null,"OCF_SALES":-12.713806595864,"TOTAL_PARENT_EQUITY":65622000,"DEBT_ASSET_RATIO":10.5589554171,"OPERATE_PROFIT":-854000,"PRETAX_PROFIT":-854000,"NETCASH_OPERATE":-4549000,"NETCASH_INVEST":430000,"NETCASH_FINANCE":null,"END_CASH":37176000,"DIVI_RATIO":null,"DIVIDEND_RATE":null,"CURRENT_RATIO":8.497611978831,"COMMON_ACS":10000000000,"CURRENTDEBT_DEBT":100,"ISSUED_COMMON_SHARES":2300000000,"HK_COMMON_SHARES":2300000000,"PER_SHARES":10000,"TOTAL_MARKET_CAP":112700000,"HKSK_MARKET_CAP":112700000,"PE_TTM":-9.478143115058,"PB_TTM":1.926054902255,"REPORT_DATE_SQ":"2022-06-30 00:00:00","REPORT_TYPE_SQ":"2022年中报","OPERATE_INCOME_SQ":17889000,"DPS_HKD":null,"OPERATE_INCOME_QOQ_SQ":-33.484973353112,"NET_PROFIT_RATIO_SQ":-119.4868354855,"HOLDER_PROFIT_SQ":-21375000,"HOLDER_PROFIT_QOQ_SQ":23.530167705455,"ROE_AVG_SQ":-19.742219718206,"PE_TTM_SQ":-5.577723137452,"PB_TTM_SQ":2.876006613636,"ROA_SQ":-16.083823999699,"START_DATE":"2023-01-01 00:00:00","FISCAL_YEAR":"12-31","CURRENCY":"HKD","IS_CNY_CODE":0,"DPS_HKD_LY":null,"ORG_TYPE":"一般企业","PREMIUM_INCOME":null,"PREMIUM_INCOME_YOY":null,"NET_INTEREST_INCOME":null,"NET_INTEREST_INCOME_YOY":null,"FEE_COMMISSION_INCOME":null,"FEE_COMMISSION_INCOME_YOY":null,"ACCOUNTS_RECE_TDAYS":4.404234367307,"INVENTORY_TDAYS":null,"CURRENT_ASSETS_TDAYS":0.542692683963,"TOTAL_ASSETS_TDAYS":0.479117288662,"PREMIUM_EXPENSE":null,"LOAN_DEPOSIT":null,"LOAN_EQUITY":null,"LOAN_ASSETS":null,"DEPOSIT_EQUITY":null,"DEPOSIT_ASSETS":null,"EQUITY_MULTIPLIER":1.118054920605,"EQUITY_RATIO":0.118054920606},{"SECUCODE":"01917.HK","SECURITY_CODE":"01917","SECURITY_NAME_ABBR":"豆盟科技","ORG_CODE":"10968723","STD_REPORT_DATE":"2022-12-31 00:00:00","REPORT_DATE":"2022-12-31 00:00:00","DATE_TYPE_CODE":"001","REPORT_TYPE":"2022年年报","PER_NETCASH_OPERATE":-0.008540869565,"PER_OI":0.022295217391,"BPS":0.028105217391,"BASIC_EPS":-0.024,"DILUTED_EPS":-0.024,"OPERATE_INCOME":51279000,"OPERATE_INCOME_YOY":-43.6525465634,"GROSS_PROFIT":16635000,"GROSS_PROFIT_YOY":34.882023838482,"HOLDER_PROFIT":-54282000,"HOLDER_PROFIT_YOY":50.173029438,"GROSS_PROFIT_RATIO":32.440180190721,"EPS_TTM":-0.023600869565,"OPERATE_INCOME_QOQ":-15.286129650433,"NET_PROFIT_RATIO":-105.8561984438,"ROE_AVG":-59.194233464011,"GROSS_PROFIT_QOQ":18.196674719341,"ROA":-48.052902277737,"HOLDER_PROFIT_QOQ":34.841009759084,"ROE_YEARLY":-59.194233464011,"ROIC_YEARLY":-86.416352912146,"TOTAL_ASSETS":75989000,"TOTAL_LIABILITIES":11347000,"TAX_EBT":-1.524304711317,"OCF_SALES":-38.30807933072,"TOTAL_PARENT_EQUITY":64642000,"DEBT_ASSET_RATIO":14.9324244299,"OPERATE_PROFIT":-53467000,"PRETAX_PROFIT":-53467000,"NETCASH_OPERATE":-19644000,"NETCASH_INVEST":123000,"NETCASH_FINANCE":-629000,"END_CASH":41295000,"DIVI_RATIO":null,"DIVIDEND_RATE":null,"CURRENT_RATIO":5.819159249141,"COMMON_ACS":10000000000,"CURRENTDEBT_DEBT":100,"ISSUED_COMMON_SHARES":2300000000,"HK_COMMON_SHARES":2300000000,"PER_SHARES":10000,"TOTAL_MARKET_CAP":117300000,"HKSK_MARKET_CAP":117300000,"PE_TTM":-9.865006099347,"PB_TTM":2.004669388061,"REPORT_DATE_SQ":"2021-12-31 00:00:00","REPORT_TYPE_SQ":"2021年年报","OPERATE_INCOME_SQ":91005000,"DPS_HKD":null,"OPERATE_INCOME_QOQ_SQ":-12.401697966098,"NET_PROFIT_RATIO_SQ":-120.0351629031,"HOLDER_PROFIT_SQ":-108941000,"HOLDER_PROFIT_QOQ_SQ":-18.213681149355,"ROE_AVG_SQ":-64.062026808895,"PE_TTM_SQ":-5.64039418394,"PB_TTM_SQ":2.908321294688,"ROA_SQ":-52.371578079518,"START_DATE":"2022-01-01 00:00:00","FISCAL_YEAR":"12-31","CURRENCY":"HKD","IS_CNY_CODE":0,"DPS_HKD_LY":null,"ORG_TYPE":"一般企业","PREMIUM_INCOME":null,"PREMIUM_INCOME_YOY":null,"NET_INTEREST_INCOME":null,"NET_INTEREST_INCOME_YOY":null,"FEE_COMMISSION_INCOME":null,"FEE_COMMISSION_INCOME_YOY":null,"ACCOUNTS_RECE_TDAYS":5.403762052795,"INVENTORY_TDAYS":null,"CURRENT_ASSETS_TDAYS":0.602746971807,"TOTAL_ASSETS_TDAYS":0.453945097067,"PREMIUM_EXPENSE":null,"LOAN_DEPOSIT":null,"LOAN_EQUITY":null,"LOAN_ASSETS":null,"DEPOSIT_EQUITY":null,"DEPOSIT_ASSETS":null,"EQUITY_MULTIPLIER":1.175536029208,"EQUITY_RATIO":0.175536029207},{"SECUCODE":"01917.HK","SECURITY_CODE":"01917","SECURITY_NAME_ABBR":"豆盟科技","ORG_CODE":"10968723","STD_REPORT_DATE":"2022-06-30 00:00:00","REPORT_DATE":"2022-06-30 00:00:00","DATE_TYPE_CODE":"002","REPORT_TYPE":"2022年中报","PER_NETCASH_OPERATE":-0.004963913043,"PER_OI":0.007777826087,"BPS":0.042513043478,"BASIC_EPS":-0.01,"DILUTED_EPS":-0.01,"OPERATE_INCOME":17889000,"OPERATE_INCOME_YOY":-63.0102146313,"GROSS_PROFIT":6582000,"GROSS_PROFIT_YOY":35.963643875232,"HOLDER_PROFIT":-21375000,"HOLDER_PROFIT_YOY":54.5299836202,"GROSS_PROFIT_RATIO":36.793560288445,"EPS_TTM":-0.036220434783,"OPERATE_INCOME_QOQ":-33.484973353112,"NET_PROFIT_RATIO":-119.4868354855,"ROE_AVG":-19.742219718206,"GROSS_PROFIT_QOQ":14.116597745885,"ROA":-16.083823999699,"HOLDER_PROFIT_QOQ":23.530167705455,"ROE_YEARLY":-39.484439436412,"ROIC_YEARLY":-53.227915084355,"TOTAL_ASSETS":115858000,"TOTAL_LIABILITIES":18078000,"TAX_EBT":null,"OCF_SALES":-63.821342724579,"TOTAL_PARENT_EQUITY":97780000,"DEBT_ASSET_RATIO":15.6035836973,"OPERATE_PROFIT":-21375000,"PRETAX_PROFIT":-21375000,"NETCASH_OPERATE":-11417000,"NETCASH_INVEST":-844000,"NETCASH_FINANCE":-578000,"END_CASH":46163000,"DIVI_RATIO":null,"DIVIDEND_RATE":null,"CURRENT_RATIO":4.343677397942,"COMMON_ACS":10000000000,"CURRENTDEBT_DEBT":100,"ISSUED_COMMON_SHARES":2300000000,"HK_COMMON_SHARES":2300000000,"PER_SHARES":10000,"TOTAL_MARKET_CAP":112700000,"HKSK_MARKET_CAP":112700000,"PE_TTM":-9.478143115058,"PB_TTM":1.926054902255,"REPORT_DATE_SQ":"2021-06-30 00:00:00","REPORT_TYPE_SQ":"2021年中报","OPERATE_INCOME_SQ":48362000,"DPS_HKD":null,"OPERATE_INCOME_QOQ_SQ":15.107363662552,"NET_PROFIT_RATIO_SQ":-97.8164674745,"HOLDER_PROFIT_SQ":-47009000,"HOLDER_PROFIT_QOQ_SQ":-24.95220533402,"ROE_AVG_SQ":-23.452903612054,"PE_TTM_SQ":-5.577723137452,"PB_TTM_SQ":2.876006613636,"ROA_SQ":-20.006511511117,"START_DATE":"2022-01-01 00:00:00","FISCAL_YEAR":"12-31","CURRENCY":"HKD","IS_CNY_CODE":0,"DPS_HKD_LY":null,"ORG_TYPE":"一般企业","PREMIUM_INCOME":null,"PREMIUM_INCOME_YOY":null,"NET_INTEREST_INCOME":null,"NET_INTEREST_INCOME_YOY":null,"FEE_COMMISSION_INCOME":null,"FEE_COMMISSION_INCOME_YOY":null,"ACCOUNTS_RECE_TDAYS":2.481825749168,"INVENTORY_TDAYS":null,"CURRENT_ASSETS_TDAYS":0.195887125916,"TOTAL_ASSETS_TDAYS":0.13460749826,"PREMIUM_EXPENSE":null,"LOAN_DEPOSIT":null,"LOAN_EQUITY":null,"LOAN_ASSETS":null,"DEPOSIT_EQUITY":null,"DEPOSIT_ASSETS":null,"EQUITY_MULTIPLIER":1.184884434445,"EQUITY_RATIO":0.184884434445},{"SECUCODE":"01917.HK","SECURITY_CODE":"01917","SECURITY_NAME_ABBR":"豆盟科技","ORG_CODE":"10968723","STD_REPORT_DATE":"2021-12-31 00:00:00","REPORT_DATE":"2021-12-31 00:00:00","DATE_TYPE_CODE":"001","REPORT_TYPE":"2021年年报","PER_NETCASH_OPERATE":-0.024636521739,"PER_OI":0.039567391304,"BPS":0.051635217391,"BASIC_EPS":-0.048,"DILUTED_EPS":-0.048,"OPERATE_INCOME":91005000,"OPERATE_INCOME_YOY":0.8320960844,"GROSS_PROFIT":12333000,"GROSS_PROFIT_YOY":41.174450549451,"HOLDER_PROFIT":-108941000,"HOLDER_PROFIT_YOY":-47.7106016026,"GROSS_PROFIT_RATIO":13.552002637218,"EPS_TTM":-0.047365652174,"OPERATE_INCOME_QOQ":-12.401697966098,"NET_PROFIT_RATIO":-120.0351629031,"ROE_AVG":-64.062026808895,"GROSS_PROFIT_QOQ":12.537640295647,"ROA":-52.371578079518,"HOLDER_PROFIT_QOQ":-18.213681149355,"ROE_YEARLY":-64.062026808895,"ROIC_YEARLY":-92.91937650596,"TOTAL_ASSETS":149937000,"TOTAL_LIABILITIES":31176000,"TAX_EBT":-1.563836513072,"OCF_SALES":-62.26471073018,"TOTAL_PARENT_EQUITY":118761000,"DEBT_ASSET_RATIO":20.7927329478,"OPERATE_PROFIT":-107425000,"PRETAX_PROFIT":-107556000,"NETCASH_OPERATE":-56664000,"NETCASH_INVEST":28209000,"NETCASH_FINANCE":-2257000,"END_CASH":59002000,"DIVI_RATIO":null,"DIVIDEND_RATE":null,"CURRENT_RATIO":3.339780600462,"COMMON_ACS":10000000000,"CURRENTDEBT_DEBT":100,"ISSUED_COMMON_SHARES":2300000000,"HK_COMMON_SHARES":2300000000,"PER_SHARES":10000,"TOTAL_MARKET_CAP":117300000,"HKSK_MARKET_CAP":117300000,"PE_TTM":-9.865006099347,"PB_TTM":2.004669388061,"REPORT_DATE_SQ":"2020-12-31 00:00:00","REPORT_TYPE_SQ":"2020年年报","OPERATE_INCOME_SQ":90254000,"DPS_HKD":null,"OPERATE_INCOME_QOQ_SQ":-1.221407464157,"NET_PROFIT_RATIO_SQ":-82.8528375474,"HOLDER_PROFIT_SQ":-73753000,"HOLDER_PROFIT_QOQ_SQ":-77.846636122498,"ROE_AVG_SQ":-28.341358254781,"PE_TTM_SQ":-5.64039418394,"PB_TTM_SQ":2.908321294688,"ROA_SQ":-24.824552250612,"START_DATE":"2021-01-01 00:00:00","FISCAL_YEAR":"12-31","CURRENCY":"HKD","IS_CNY_CODE":0,"DPS_HKD_LY":null,"ORG_TYPE":"一般企业","PREMIUM_INCOME":null,"PREMIUM_INCOME_YOY":null,"NET_INTEREST_INCOME":null,"NET_INTEREST_INCOME_YOY":null,"FEE_COMMISSION_INCOME":null,"FEE_COMMISSION_INCOME_YOY":null,"ACCOUNTS_RECE_TDAYS":11.079254930606,"INVENTORY_TDAYS":null,"CURRENT_ASSETS_TDAYS":0.622445804022,"TOTAL_ASSETS_TDAYS":0.437491436936,"PREMIUM_EXPENSE":null,"LOAN_DEPOSIT":null,"LOAN_EQUITY":null,"LOAN_ASSETS":null,"DEPOSIT_EQUITY":null,"DEPOSIT_ASSETS":null,"EQUITY_MULTIPLIER":1.262510420087,"EQUITY_RATIO":0.262510420087},{"SECUCODE":"01917.HK","SECURITY_CODE":"01917","SECURITY_NAME_ABBR":"豆盟科技","ORG_CODE":"10968723","STD_REPORT_DATE":"2021-06-30 00:00:00","REPORT_DATE":"2021-06-30 00:00:00","DATE_TYPE_CODE":"002","REPORT_TYPE":"2021年中报","PER_NETCASH_OPERATE":-0.015747391304,"PER_OI":0.021026956522,"BPS":0.078056521739,"BASIC_EPS":-0.021,"DILUTED_EPS":-0.021,"OPERATE_INCOME":48362000,"OPERATE_INCOME_YOY":39.2633973565,"GROSS_PROFIT":4841000,"GROSS_PROFIT_YOY":84.912146676853,"HOLDER_PROFIT":-47009000,"HOLDER_PROFIT_YOY":-64.3326574844,"GROSS_PROFIT_RATIO":10.009925147843,"EPS_TTM":-0.040067826087,"OPERATE_INCOME_QOQ":15.107363662552,"NET_PROFIT_RATIO":-97.8164674745,"ROE_AVG":-23.452903612054,"GROSS_PROFIT_QOQ":25.446428571429,"ROA":-20.006511511117,"HOLDER_PROFIT_QOQ":-24.95220533402,"ROE_YEARLY":-46.905807224107,"ROIC_YEARLY":-65.277811529048,"TOTAL_ASSETS":203843000,"TOTAL_LIABILITIES":24313000,"TAX_EBT":1.777334828288,"OCF_SALES":-74.891443695463,"TOTAL_PARENT_EQUITY":179530000,"DEBT_ASSET_RATIO":11.9273166113,"OPERATE_PROFIT":-48067000,"PRETAX_PROFIT":-48162000,"NETCASH_OPERATE":-36219000,"NETCASH_INVEST":7895000,"NETCASH_FINANCE":-2052000,"END_CASH":59338000,"DIVI_RATIO":null,"DIVIDEND_RATE":null,"CURRENT_RATIO":5.879641651519,"COMMON_ACS":10000000000,"CURRENTDEBT_DEBT":95.035577674495,"ISSUED_COMMON_SHARES":2300000000,"HK_COMMON_SHARES":2300000000,"PER_SHARES":10000,"TOTAL_MARKET_CAP":112700000,"HKSK_MARKET_CAP":112700000,"PE_TTM":-9.478143115058,"PB_TTM":1.926054902255,"REPORT_DATE_SQ":"2020-06-30 00:00:00","REPORT_TYPE_SQ":"2020年中报","OPERATE_INCOME_SQ":34727000,"DPS_HKD":null,"OPERATE_INCOME_QOQ_SQ":-51.770915808921,"NET_PROFIT_RATIO_SQ":-82.9239496645,"HOLDER_PROFIT_SQ":-28606000,"HOLDER_PROFIT_QOQ_SQ":-479.866263625538,"ROE_AVG_SQ":-10.043941806512,"PE_TTM_SQ":-5.577723137452,"PB_TTM_SQ":2.876006613636,"ROA_SQ":-9.135356954668,"START_DATE":"2021-01-01 00:00:00","FISCAL_YEAR":"12-31","CURRENCY":"HKD","IS_CNY_CODE":0,"DPS_HKD_LY":null,"ORG_TYPE":"一般企业","PREMIUM_INCOME":null,"PREMIUM_INCOME_YOY":null,"NET_INTEREST_INCOME":null,"NET_INTEREST_INCOME_YOY":null,"FEE_COMMISSION_INCOME":null,"FEE_COMMISSION_INCOME_YOY":null,"ACCOUNTS_RECE_TDAYS":9.520078740157,"INVENTORY_TDAYS":null,"CURRENT_ASSETS_TDAYS":0.298397322186,"TOTAL_ASSETS_TDAYS":0.205823333766,"PREMIUM_EXPENSE":null,"LOAN_DEPOSIT":null,"LOAN_EQUITY":null,"LOAN_ASSETS":null,"DEPOSIT_EQUITY":null,"DEPOSIT_ASSETS":null,"EQUITY_MULTIPLIER":1.135425834122,"EQUITY_RATIO":0.135425834122},{"SECUCODE":"01917.HK","SECURITY_CODE":"01917","SECURITY_NAME_ABBR":"豆盟科技","ORG_CODE":"10968723","STD_REPORT_DATE":"2020-12-31 00:00:00","REPORT_DATE":"2020-12-31 00:00:00","DATE_TYPE_CODE":"001","REPORT_TYPE":"2020年年报","PER_NETCASH_OPERATE":-0.004956086957,"PER_OI":0.039240869565,"BPS":0.096239130435,"BASIC_EPS":-0.032,"DILUTED_EPS":-0.032,"OPERATE_INCOME":90254000,"OPERATE_INCOME_YOY":-52.3599894431,"GROSS_PROFIT":8736000,"GROSS_PROFIT_YOY":-83.29828317975,"HOLDER_PROFIT":-73753000,"HOLDER_PROFIT_YOY":-775.5793716222,"GROSS_PROFIT_RATIO":9.679349391717,"EPS_TTM":-0.032066521739,"OPERATE_INCOME_QOQ":-1.221407464157,"NET_PROFIT_RATIO":-82.8528375474,"ROE_AVG":-28.341358254781,"GROSS_PROFIT_QOQ":-33.216114975919,"ROA":-24.824552250612,"HOLDER_PROFIT_QOQ":-77.846636122498,"ROE_YEARLY":-28.341358254781,"ROIC_YEARLY":-48.444422549551,"TOTAL_ASSETS":266094000,"TOTAL_LIABILITIES":44536000,"TAX_EBT":2.019156435488,"OCF_SALES":-12.629911139673,"TOTAL_PARENT_EQUITY":221350000,"DEBT_ASSET_RATIO":16.7369425842,"OPERATE_PROFIT":-76266000,"PRETAX_PROFIT":-76319000,"NETCASH_OPERATE":-11399000,"NETCASH_INVEST":-11454000,"NETCASH_FINANCE":-6348000,"END_CASH":89714000,"DIVI_RATIO":null,"DIVIDEND_RATE":null,"CURRENT_RATIO":4.472871531737,"COMMON_ACS":10000000000,"CURRENTDEBT_DEBT":94.52128615053,"ISSUED_COMMON_SHARES":2300000000,"HK_COMMON_SHARES":2300000000,"PER_SHARES":10000,"TOTAL_MARKET_CAP":117300000,"HKSK_MARKET_CAP":117300000,"PE_TTM":-9.865006099347,"PB_TTM":2.004669388061,"REPORT_DATE_SQ":"2019-12-31 00:00:00","REPORT_TYPE_SQ":"2019年年报","OPERATE_INCOME_SQ":189450000,"DPS_HKD":null,"OPERATE_INCOME_QOQ_SQ":-42.082640383487,"NET_PROFIT_RATIO_SQ":5.7614146213,"HOLDER_PROFIT_SQ":10917000,"HOLDER_PROFIT_QOQ_SQ":-76.249836835922,"ROE_AVG_SQ":4.059345194936,"PE_TTM_SQ":-5.64039418394,"PB_TTM_SQ":2.908321294688,"ROA_SQ":3.407946881356,"START_DATE":"2020-01-01 00:00:00","FISCAL_YEAR":"12-31","CURRENCY":"HKD","IS_CNY_CODE":0,"DPS_HKD_LY":null,"ORG_TYPE":"一般企业","PREMIUM_INCOME":null,"PREMIUM_INCOME_YOY":null,"NET_INTEREST_INCOME":null,"NET_INTEREST_INCOME_YOY":null,"FEE_COMMISSION_INCOME":null,"FEE_COMMISSION_INCOME_YOY":null,"ACCOUNTS_RECE_TDAYS":9.701601633882,"INVENTORY_TDAYS":null,"CURRENT_ASSETS_TDAYS":0.401788715246,"TOTAL_ASSETS_TDAYS":0.303786305483,"PREMIUM_EXPENSE":null,"LOAN_DEPOSIT":null,"LOAN_EQUITY":null,"LOAN_ASSETS":null,"DEPOSIT_EQUITY":null,"DEPOSIT_ASSETS":null,"EQUITY_MULTIPLIER":1.201012827341,"EQUITY_RATIO":0.201201716738},{"SECUCODE":"01917.HK","SECURITY_CODE":"01917","SECURITY_NAME_ABBR":"豆盟科技","ORG_CODE":"10968723","STD_REPORT_DATE":"2020-06-30 00:00:00","REPORT_DATE":"2020-06-30 00:00:00","DATE_TYPE_CODE":"002","REPORT_TYPE":"2020年中报","PER_NETCASH_OPERATE":-0.004511304348,"PER_OI":0.015098695652,"BPS":0.117610869565,"BASIC_EPS":-0.012,"DILUTED_EPS":-0.012,"OPERATE_INCOME":34727000,"OPERATE_INCOME_YOY":-73.8515289104,"GROSS_PROFIT":2618000,"GROSS_PROFIT_YOY":-93.743278445618,"HOLDER_PROFIT":-28606000,"HOLDER_PROFIT_YOY":-220.2893065893,"GROSS_PROFIT_RATIO":7.538802660754,"EPS_TTM":-0.018030434783,"OPERATE_INCOME_QOQ":-51.770915808921,"NET_PROFIT_RATIO":-82.9239496645,"ROE_AVG":-10.043941806512,"GROSS_PROFIT_QOQ":-74.991396780484,"ROA":-9.135356954668,"HOLDER_PROFIT_QOQ":-479.866263625538,"ROE_YEARLY":-20.087883613024,"ROIC_YEARLY":-36.594952618837,"TOTAL_ASSETS":298170000,"TOTAL_LIABILITIES":26623000,"TAX_EBT":1.146544917785,"OCF_SALES":-29.878768681429,"TOTAL_PARENT_EQUITY":270505000,"DEBT_ASSET_RATIO":8.9287990073,"OPERATE_PROFIT":-29480000,"PRETAX_PROFIT":-29131000,"NETCASH_OPERATE":-10376000,"NETCASH_INVEST":-71619000,"NETCASH_FINANCE":-479000,"END_CASH":36441000,"DIVI_RATIO":null,"DIVIDEND_RATE":null,"CURRENT_RATIO":8.667317732787,"COMMON_ACS":10000000000,"CURRENTDEBT_DEBT":100,"ISSUED_COMMON_SHARES":2300000000,"HK_COMMON_SHARES":2300000000,"PER_SHARES":10000,"TOTAL_MARKET_CAP":112700000,"HKSK_MARKET_CAP":112700000,"PE_TTM":-9.478143115058,"PB_TTM":1.926054902255,"REPORT_DATE_SQ":"2019-06-30 00:00:00","REPORT_TYPE_SQ":"2019年中报","OPERATE_INCOME_SQ":132807000,"DPS_HKD":null,"OPERATE_INCOME_QOQ_SQ":-7.233750506933,"NET_PROFIT_RATIO_SQ":17.9207421296,"HOLDER_PROFIT_SQ":23781000,"HOLDER_PROFIT_QOQ_SQ":6.356000832967,"ROE_AVG_SQ":8.634888128799,"PE_TTM_SQ":-5.577723137452,"PB_TTM_SQ":2.876006613636,"ROA_SQ":7.165638921825,"START_DATE":"2020-01-01 00:00:00","FISCAL_YEAR":"12-31","CURRENCY":"HKD","IS_CNY_CODE":0,"DPS_HKD_LY":null,"ORG_TYPE":"一般企业","PREMIUM_INCOME":null,"PREMIUM_INCOME_YOY":null,"NET_INTEREST_INCOME":null,"NET_INTEREST_INCOME_YOY":null,"FEE_COMMISSION_INCOME":null,"FEE_COMMISSION_INCOME_YOY":null,"ACCOUNTS_RECE_TDAYS":3.181002106806,"INVENTORY_TDAYS":null,"CURRENT_ASSETS_TDAYS":0.141246763917,"TOTAL_ASSETS_TDAYS":0.110901049068,"PREMIUM_EXPENSE":null,"LOAN_DEPOSIT":null,"LOAN_EQUITY":null,"LOAN_ASSETS":null,"DEPOSIT_EQUITY":null,"DEPOSIT_ASSETS":null,"EQUITY_MULTIPLIER":1.098041959587,"EQUITY_RATIO":0.098419622558}],"count":20},"success":true,"message":"ok","code":0}