{"version":"2e0285518e4ce23e5390548f708699d9","result":{"pages":3,"data":[{"SECUCODE":"01911.HK","SECURITY_CODE":"01911","SECURITY_NAME_ABBR":"华兴资本控股","ORG_CODE":"10946018","STD_REPORT_DATE":"2024-06-30 00:00:00","REPORT_DATE":"2024-06-30 00:00:00","DATE_TYPE_CODE":"002","REPORT_TYPE":"2024年中报","PER_NETCASH_OPERATE":0.349176243082,"PER_OI":0.632527105454,"BPS":10.675300143075,"BASIC_EPS":-0.15,"DILUTED_EPS":-0.15,"OPERATE_INCOME":359527000,"OPERATE_INCOME_YOY":-38.4799266264,"GROSS_PROFIT":null,"GROSS_PROFIT_YOY":null,"HOLDER_PROFIT":-73822000,"HOLDER_PROFIT_YOY":59.0178313681,"GROSS_PROFIT_RATIO":null,"EPS_TTM":-0.64319920914,"OPERATE_INCOME_QOQ":-28.182303520047,"NET_PROFIT_RATIO":-23.9111388018,"ROE_AVG":-1.205474423472,"GROSS_PROFIT_QOQ":null,"ROA":-0.789657499885,"HOLDER_PROFIT_QOQ":22.527934766255,"ROE_YEARLY":-2.410948846943,"ROIC_YEARLY":-2.076037670823,"TOTAL_ASSETS":9356860000,"TOTAL_LIABILITIES":2223792000,"TAX_EBT":-16.772843966911,"OCF_SALES":55.203364420475,"TOTAL_PARENT_EQUITY":6108383000,"DEBT_ASSET_RATIO":23.7664344663,"OPERATE_PROFIT":-87736000,"PRETAX_PROFIT":-73619000,"NETCASH_OPERATE":198471000,"NETCASH_INVEST":-52276000,"NETCASH_FINANCE":-31597000,"END_CASH":1245159000,"DIVI_RATIO":null,"DIVIDEND_RATE":null,"CURRENT_RATIO":2.953924946302,"COMMON_ACS":2000000000,"CURRENTDEBT_DEBT":97.057098865362,"ISSUED_COMMON_SHARES":572197776,"HK_COMMON_SHARES":572197776,"PER_SHARES":100,"TOTAL_MARKET_CAP":2128575726.72,"HKSK_MARKET_CAP":2128575726.72,"PE_TTM":-5.239603448288,"PB_TTM":0.318039732326,"REPORT_DATE_SQ":"2023-06-30 00:00:00","REPORT_TYPE_SQ":"2023年中报","OPERATE_INCOME_SQ":584406000,"DPS_HKD":null,"OPERATE_INCOME_QOQ_SQ":4.54467829823,"NET_PROFIT_RATIO_SQ":-27.9211712405,"HOLDER_PROFIT_SQ":-180132000,"HOLDER_PROFIT_QOQ_SQ":-6.140250894973,"ROE_AVG_SQ":-2.777304097623,"PE_TTM_SQ":12.49971173165,"PB_TTM_SQ":0.588828511342,"ROA_SQ":-1.551836251692,"START_DATE":"2024-01-01 00:00:00","FISCAL_YEAR":"12-31","CURRENCY":"HKD","IS_CNY_CODE":0,"DPS_HKD_LY":null,"ORG_TYPE":"证券","PREMIUM_INCOME":null,"PREMIUM_INCOME_YOY":null,"NET_INTEREST_INCOME":22892000,"NET_INTEREST_INCOME_YOY":null,"FEE_COMMISSION_INCOME":136063000,"FEE_COMMISSION_INCOME_YOY":-11.171535825037,"ACCOUNTS_RECE_TDAYS":0.476792745338,"INVENTORY_TDAYS":null,"CURRENT_ASSETS_TDAYS":0.057418087352,"TOTAL_ASSETS_TDAYS":0.038457802818,"PREMIUM_EXPENSE":null,"LOAN_DEPOSIT":null,"LOAN_EQUITY":null,"LOAN_ASSETS":null,"DEPOSIT_EQUITY":null,"DEPOSIT_ASSETS":null,"EQUITY_MULTIPLIER":1.311758138294,"EQUITY_RATIO":0.364055757473},{"SECUCODE":"01911.HK","SECURITY_CODE":"01911","SECURITY_NAME_ABBR":"华兴资本控股","ORG_CODE":"10946018","STD_REPORT_DATE":"2023-12-31 00:00:00","REPORT_DATE":"2023-12-31 00:00:00","DATE_TYPE_CODE":"001","REPORT_TYPE":"2023年年报","PER_NETCASH_OPERATE":1.39111733611,"PER_OI":1.40384785742,"BPS":10.72952265372,"BASIC_EPS":-0.94,"DILUTED_EPS":-0.94,"OPERATE_INCOME":797944000,"OPERATE_INCOME_YOY":-49.7164577989,"GROSS_PROFIT":null,"GROSS_PROFIT_YOY":null,"HOLDER_PROFIT":-471903000,"HOLDER_PROFIT_YOY":-9.7701563848,"GROSS_PROFIT_RATIO":null,"EPS_TTM":-0.830233719986,"OPERATE_INCOME_QOQ":-51.902341640306,"NET_PROFIT_RATIO":-57.7726005835,"ROE_AVG":-7.466288592291,"GROSS_PROFIT_QOQ":null,"ROA":-4.210052164971,"HOLDER_PROFIT_QOQ":-3.419914178892,"ROE_YEARLY":-7.466288592291,"ROIC_YEARLY":-5.488997473961,"TOTAL_ASSETS":9340360000,"TOTAL_LIABILITIES":2163417000,"TAX_EBT":-35.327462204609,"OCF_SALES":99.093169445475,"TOTAL_PARENT_EQUITY":6139409000,"DEBT_ASSET_RATIO":23.1620301573,"OPERATE_PROFIT":-197817000,"PRETAX_PROFIT":-340650000,"NETCASH_OPERATE":790708000,"NETCASH_INVEST":1127624000,"NETCASH_FINANCE":-2407969000,"END_CASH":1110150000,"DIVI_RATIO":null,"DIVIDEND_RATE":null,"CURRENT_RATIO":2.948377380932,"COMMON_ACS":2000000000,"CURRENTDEBT_DEBT":96.377859654426,"ISSUED_COMMON_SHARES":572197776,"HK_COMMON_SHARES":572197776,"PER_SHARES":100,"TOTAL_MARKET_CAP":1653651572.64,"HKSK_MARKET_CAP":1653651572.64,"PE_TTM":-4.070552141278,"PB_TTM":0.247079254414,"REPORT_DATE_SQ":"2022-12-31 00:00:00","REPORT_TYPE_SQ":"2022年年报","OPERATE_INCOME_SQ":1586889000,"DPS_HKD":null,"OPERATE_INCOME_QOQ_SQ":184.400432275882,"NET_PROFIT_RATIO_SQ":-28.6080500905,"HOLDER_PROFIT_SQ":-429901000,"HOLDER_PROFIT_QOQ_SQ":-277.532799511053,"ROE_AVG_SQ":-6.45132681079,"PE_TTM_SQ":12.49971173165,"PB_TTM_SQ":0.588828511342,"ROA_SQ":-3.156195369874,"START_DATE":"2023-01-01 00:00:00","FISCAL_YEAR":"12-31","CURRENCY":"HKD","IS_CNY_CODE":0,"DPS_HKD_LY":null,"ORG_TYPE":"证券","PREMIUM_INCOME":null,"PREMIUM_INCOME_YOY":null,"NET_INTEREST_INCOME":84864000,"NET_INTEREST_INCOME_YOY":null,"FEE_COMMISSION_INCOME":312943000,"FEE_COMMISSION_INCOME_YOY":-45.939171353944,"ACCOUNTS_RECE_TDAYS":0.746329354501,"INVENTORY_TDAYS":null,"CURRENT_ASSETS_TDAYS":0.105468893018,"TOTAL_ASSETS_TDAYS":0.071188059087,"PREMIUM_EXPENSE":null,"LOAN_DEPOSIT":null,"LOAN_EQUITY":null,"LOAN_ASSETS":null,"DEPOSIT_EQUITY":null,"DEPOSIT_ASSETS":null,"EQUITY_MULTIPLIER":1.301439902755,"EQUITY_RATIO":0.352381963801},{"SECUCODE":"01911.HK","SECURITY_CODE":"01911","SECURITY_NAME_ABBR":"华兴资本控股","ORG_CODE":"10946018","STD_REPORT_DATE":"2023-06-30 00:00:00","REPORT_DATE":"2023-06-30 00:00:00","DATE_TYPE_CODE":"002","REPORT_TYPE":"2023年中报","PER_NETCASH_OPERATE":1.561074017995,"PER_OI":1.028163769592,"BPS":11.307674149366,"BASIC_EPS":-0.36,"DILUTED_EPS":-0.36,"OPERATE_INCOME":584406000,"OPERATE_INCOME_YOY":14.0778508922,"GROSS_PROFIT":null,"GROSS_PROFIT_YOY":null,"HOLDER_PROFIT":-180132000,"HOLDER_PROFIT_YOY":-17.1704556542,"GROSS_PROFIT_RATIO":null,"EPS_TTM":-0.802779354999,"OPERATE_INCOME_QOQ":4.54467829823,"NET_PROFIT_RATIO":-27.9211712405,"ROE_AVG":-2.777304097623,"GROSS_PROFIT_QOQ":null,"ROA":-1.551836251692,"HOLDER_PROFIT_QOQ":-6.140250894973,"ROE_YEARLY":-5.554608195246,"ROIC_YEARLY":-4.001821938452,"TOTAL_ASSETS":10137779000,"TOTAL_LIABILITIES":2616128000,"TAX_EBT":-45.439555052454,"OCF_SALES":151.831261143794,"TOTAL_PARENT_EQUITY":6470226000,"DEBT_ASSET_RATIO":25.8057312159,"OPERATE_PROFIT":32447000,"PRETAX_PROFIT":-112193000,"NETCASH_OPERATE":887311000,"NETCASH_INVEST":743346000,"NETCASH_FINANCE":-2210887000,"END_CASH":1083185000,"DIVI_RATIO":null,"DIVIDEND_RATE":null,"CURRENT_RATIO":2.498113529561,"COMMON_ACS":2000000000,"CURRENTDEBT_DEBT":96.307214325905,"ISSUED_COMMON_SHARES":572197776,"HK_COMMON_SHARES":572197776,"PER_SHARES":100,"TOTAL_MARKET_CAP":1653651572.64,"HKSK_MARKET_CAP":1653651572.64,"PE_TTM":-4.070552141278,"PB_TTM":0.247079254414,"REPORT_DATE_SQ":"2022-06-30 00:00:00","REPORT_TYPE_SQ":"2022年中报","OPERATE_INCOME_SQ":512287000,"DPS_HKD":null,"OPERATE_INCOME_QOQ_SQ":-77.71667137245,"NET_PROFIT_RATIO_SQ":-38.6576274627,"HOLDER_PROFIT_SQ":-153735000,"HOLDER_PROFIT_QOQ_SQ":-85.092423979384,"ROE_AVG_SQ":-2.275788700639,"PE_TTM_SQ":12.49971173165,"PB_TTM_SQ":0.588828511342,"ROA_SQ":-1.074410219655,"START_DATE":"2023-01-01 00:00:00","FISCAL_YEAR":"12-31","CURRENCY":"HKD","IS_CNY_CODE":0,"DPS_HKD_LY":null,"ORG_TYPE":"证券","PREMIUM_INCOME":null,"PREMIUM_INCOME_YOY":null,"NET_INTEREST_INCOME":49802000,"NET_INTEREST_INCOME_YOY":null,"FEE_COMMISSION_INCOME":153175000,"FEE_COMMISSION_INCOME_YOY":-45.475935372031,"ACCOUNTS_RECE_TDAYS":0.684454813446,"INVENTORY_TDAYS":null,"CURRENT_ASSETS_TDAYS":0.076503546304,"TOTAL_ASSETS_TDAYS":0.050346546783,"PREMIUM_EXPENSE":null,"LOAN_DEPOSIT":null,"LOAN_EQUITY":null,"LOAN_ASSETS":null,"DEPOSIT_EQUITY":null,"DEPOSIT_ASSETS":null,"EQUITY_MULTIPLIER":1.347813000098,"EQUITY_RATIO":0.404333326224},{"SECUCODE":"01911.HK","SECURITY_CODE":"01911","SECURITY_NAME_ABBR":"华兴资本控股","ORG_CODE":"10946018","STD_REPORT_DATE":"2022-12-31 00:00:00","REPORT_DATE":"2022-12-31 00:00:00","DATE_TYPE_CODE":"001","REPORT_TYPE":"2022年年报","PER_NETCASH_OPERATE":-1.298402335761,"PER_OI":2.791863492443,"BPS":11.362312600111,"BASIC_EPS":-0.85,"DILUTED_EPS":-0.85,"OPERATE_INCOME":1586889000,"OPERATE_INCOME_YOY":-36.6261170578,"GROSS_PROFIT":null,"GROSS_PROFIT_YOY":null,"HOLDER_PROFIT":-429901000,"HOLDER_PROFIT_YOY":-126.4658370486,"GROSS_PROFIT_RATIO":null,"EPS_TTM":-0.756338286588,"OPERATE_INCOME_QOQ":184.400432275882,"NET_PROFIT_RATIO":-28.6080500905,"ROE_AVG":-6.45132681079,"GROSS_PROFIT_QOQ":null,"ROA":-3.156195369874,"HOLDER_PROFIT_QOQ":-277.532799511053,"ROE_YEARLY":-6.45132681079,"ROIC_YEARLY":-4.195365795474,"TOTAL_ASSETS":13077557000,"TOTAL_LIABILITIES":5538277000,"TAX_EBT":-18.5299485388,"OCF_SALES":-46.506655474958,"TOTAL_PARENT_EQUITY":6501490000,"DEBT_ASSET_RATIO":42.3494770468,"OPERATE_PROFIT":-103866000,"PRETAX_PROFIT":-383007000,"NETCASH_OPERATE":-738009000,"NETCASH_INVEST":327832000,"NETCASH_FINANCE":-619095000,"END_CASH":1537730000,"DIVI_RATIO":null,"DIVIDEND_RATE":null,"CURRENT_RATIO":2.307566822819,"COMMON_ACS":2000000000,"CURRENTDEBT_DEBT":70.296339457199,"ISSUED_COMMON_SHARES":572197776,"HK_COMMON_SHARES":572197776,"PER_SHARES":100,"TOTAL_MARKET_CAP":1653651572.64,"HKSK_MARKET_CAP":1653651572.64,"PE_TTM":-4.070552141278,"PB_TTM":0.247079254414,"REPORT_DATE_SQ":"2021-12-31 00:00:00","REPORT_TYPE_SQ":"2021年年报","OPERATE_INCOME_SQ":2504011000,"DPS_HKD":null,"OPERATE_INCOME_QOQ_SQ":-37.74735930878,"NET_PROFIT_RATIO_SQ":65.7099749162,"HOLDER_PROFIT_SQ":1624362000,"HOLDER_PROFIT_QOQ_SQ":-12.615574308894,"ROE_AVG_SQ":25.536520798744,"PE_TTM_SQ":12.49971173165,"PB_TTM_SQ":0.588828511342,"ROA_SQ":12.16682436695,"START_DATE":"2022-01-01 00:00:00","FISCAL_YEAR":"12-31","CURRENCY":"HKD","IS_CNY_CODE":0,"DPS_HKD_LY":0.44543,"ORG_TYPE":"证券","PREMIUM_INCOME":null,"PREMIUM_INCOME_YOY":null,"NET_INTEREST_INCOME":75123000,"NET_INTEREST_INCOME_YOY":null,"FEE_COMMISSION_INCOME":578872000,"FEE_COMMISSION_INCOME_YOY":-51.701742792874,"ACCOUNTS_RECE_TDAYS":1.576759894438,"INVENTORY_TDAYS":null,"CURRENT_ASSETS_TDAYS":0.190129264594,"TOTAL_ASSETS_TDAYS":0.116504304812,"PREMIUM_EXPENSE":null,"LOAN_DEPOSIT":null,"LOAN_EQUITY":null,"LOAN_ASSETS":null,"DEPOSIT_EQUITY":null,"DEPOSIT_ASSETS":null,"EQUITY_MULTIPLIER":1.734589642512,"EQUITY_RATIO":0.851847345762},{"SECUCODE":"01911.HK","SECURITY_CODE":"01911","SECURITY_NAME_ABBR":"华兴资本控股","ORG_CODE":"10946018","STD_REPORT_DATE":"2022-06-30 00:00:00","REPORT_DATE":"2022-06-30 00:00:00","DATE_TYPE_CODE":"002","REPORT_TYPE":"2022年中报","PER_NETCASH_OPERATE":-0.449307796847,"PER_OI":0.921656696258,"BPS":11.682060434992,"BASIC_EPS":-0.3,"DILUTED_EPS":-0.3,"OPERATE_INCOME":512287000,"OPERATE_INCOME_YOY":-79.161102232,"GROSS_PROFIT":null,"GROSS_PROFIT_YOY":null,"HOLDER_PROFIT":-153735000,"HOLDER_PROFIT_YOY":-112.5143063671,"GROSS_PROFIT_RATIO":null,"EPS_TTM":0.435658008048,"OPERATE_INCOME_QOQ":-77.71667137245,"NET_PROFIT_RATIO":-38.6576274627,"ROE_AVG":-2.275788700639,"GROSS_PROFIT_QOQ":null,"ROA":-1.074410219655,"HOLDER_PROFIT_QOQ":-85.092423979384,"ROE_YEARLY":-4.551577401278,"ROIC_YEARLY":-2.879436890141,"TOTAL_ASSETS":14453395000,"TOTAL_LIABILITIES":6739902000,"TAX_EBT":-73.780043699927,"OCF_SALES":-48.75001708027,"TOTAL_PARENT_EQUITY":6684449000,"DEBT_ASSET_RATIO":46.631964324,"OPERATE_PROFIT":-73336000,"PRETAX_PROFIT":-113959000,"NETCASH_OPERATE":-249740000,"NETCASH_INVEST":390198000,"NETCASH_FINANCE":-86612000,"END_CASH":2554983000,"DIVI_RATIO":null,"DIVIDEND_RATE":null,"CURRENT_RATIO":2.021934606944,"COMMON_ACS":2000000000,"CURRENTDEBT_DEBT":72.349227036239,"ISSUED_COMMON_SHARES":572197776,"HK_COMMON_SHARES":572197776,"PER_SHARES":100,"TOTAL_MARKET_CAP":1653651572.64,"HKSK_MARKET_CAP":1653651572.64,"PE_TTM":-4.070552141278,"PB_TTM":0.247079254414,"REPORT_DATE_SQ":"2021-06-30 00:00:00","REPORT_TYPE_SQ":"2021年中报","OPERATE_INCOME_SQ":2458321000,"DPS_HKD":null,"OPERATE_INCOME_QOQ_SQ":47.26035220905,"NET_PROFIT_RATIO_SQ":51.9308503649,"HOLDER_PROFIT_SQ":1228474000,"HOLDER_PROFIT_QOQ_SQ":79.124588533677,"ROE_AVG_SQ":19.217847555519,"PE_TTM_SQ":12.49971173165,"PB_TTM_SQ":0.588828511342,"ROA_SQ":8.884632146748,"START_DATE":"2022-01-01 00:00:00","FISCAL_YEAR":"12-31","CURRENCY":"HKD","IS_CNY_CODE":0,"DPS_HKD_LY":0.44543,"ORG_TYPE":"证券","PREMIUM_INCOME":null,"PREMIUM_INCOME_YOY":null,"NET_INTEREST_INCOME":22889000,"NET_INTEREST_INCOME_YOY":null,"FEE_COMMISSION_INCOME":280931000,"FEE_COMMISSION_INCOME_YOY":-64.658544102754,"ACCOUNTS_RECE_TDAYS":0.616756630182,"INVENTORY_TDAYS":null,"CURRENT_ASSETS_TDAYS":0.058319147824,"TOTAL_ASSETS_TDAYS":0.035802282382,"PREMIUM_EXPENSE":null,"LOAN_DEPOSIT":null,"LOAN_EQUITY":null,"LOAN_ASSETS":null,"DEPOSIT_EQUITY":null,"DEPOSIT_ASSETS":null,"EQUITY_MULTIPLIER":1.873780789068,"EQUITY_RATIO":1.008295822139},{"SECUCODE":"01911.HK","SECURITY_CODE":"01911","SECURITY_NAME_ABBR":"华兴资本控股","ORG_CODE":"10946018","STD_REPORT_DATE":"2021-12-31 00:00:00","REPORT_DATE":"2021-12-31 00:00:00","DATE_TYPE_CODE":"001","REPORT_TYPE":"2021年年报","PER_NETCASH_OPERATE":3.084846767156,"PER_OI":4.549729759595,"BPS":11.929497607834,"BASIC_EPS":3.27,"DILUTED_EPS":3.09,"OPERATE_INCOME":2504011000,"OPERATE_INCOME_YOY":-8.3265420587,"GROSS_PROFIT":null,"GROSS_PROFIT_YOY":null,"HOLDER_PROFIT":1624362000,"HOLDER_PROFIT_YOY":56.5269929617,"GROSS_PROFIT_RATIO":null,"EPS_TTM":2.951427981648,"OPERATE_INCOME_QOQ":-37.74735930878,"NET_PROFIT_RATIO":65.7099749162,"ROE_AVG":25.536520798744,"GROSS_PROFIT_QOQ":null,"ROA":12.16682436695,"HOLDER_PROFIT_QOQ":-12.615574308894,"ROE_YEARLY":25.536520798744,"ROIC_YEARLY":15.672949871294,"TOTAL_ASSETS":14164166000,"TOTAL_LIABILITIES":6256651000,"TAX_EBT":11.343205251996,"OCF_SALES":67.802857096075,"TOTAL_PARENT_EQUITY":6826032000,"DEBT_ASSET_RATIO":44.1723925009,"OPERATE_PROFIT":862804000,"PRETAX_PROFIT":1855904000,"NETCASH_OPERATE":1697791000,"NETCASH_INVEST":-1028234000,"NETCASH_FINANCE":1117259000,"END_CASH":2381646000,"DIVI_RATIO":null,"DIVIDEND_RATE":null,"CURRENT_RATIO":1.729479314643,"COMMON_ACS":2000000000,"CURRENTDEBT_DEBT":71.241883237534,"ISSUED_COMMON_SHARES":572197776,"HK_COMMON_SHARES":572197776,"PER_SHARES":100,"TOTAL_MARKET_CAP":1653651572.64,"HKSK_MARKET_CAP":1653651572.64,"PE_TTM":-4.070552141278,"PB_TTM":0.247079254414,"REPORT_DATE_SQ":"2020-12-31 00:00:00","REPORT_TYPE_SQ":"2020年年报","OPERATE_INCOME_SQ":2731446000,"DPS_HKD":null,"OPERATE_INCOME_QOQ_SQ":45.520501135311,"NET_PROFIT_RATIO_SQ":37.4987094748,"HOLDER_PROFIT_SQ":1037752000,"HOLDER_PROFIT_QOQ_SQ":117.389901732203,"ROE_AVG_SQ":18.774436458176,"PE_TTM_SQ":12.49971173165,"PB_TTM_SQ":0.588828511342,"ROA_SQ":9.413673289879,"START_DATE":"2021-01-01 00:00:00","FISCAL_YEAR":"12-31","CURRENCY":"HKD","IS_CNY_CODE":0,"DPS_HKD_LY":0.45585,"ORG_TYPE":"证券","PREMIUM_INCOME":null,"PREMIUM_INCOME_YOY":null,"NET_INTEREST_INCOME":null,"NET_INTEREST_INCOME_YOY":null,"FEE_COMMISSION_INCOME":1198536000,"FEE_COMMISSION_INCOME_YOY":14.922615343458,"ACCOUNTS_RECE_TDAYS":1.491259879777,"INVENTORY_TDAYS":null,"CURRENT_ASSETS_TDAYS":0.30842433854,"TOTAL_ASSETS_TDAYS":0.187555865318,"PREMIUM_EXPENSE":null,"LOAN_DEPOSIT":null,"LOAN_EQUITY":null,"LOAN_ASSETS":null,"DEPOSIT_EQUITY":null,"DEPOSIT_ASSETS":null,"EQUITY_MULTIPLIER":1.791228470638,"EQUITY_RATIO":0.91658682526},{"SECUCODE":"01911.HK","SECURITY_CODE":"01911","SECURITY_NAME_ABBR":"华兴资本控股","ORG_CODE":"10946018","STD_REPORT_DATE":"2021-06-30 00:00:00","REPORT_DATE":"2021-06-30 00:00:00","DATE_TYPE_CODE":"002","REPORT_TYPE":"2021年中报","PER_NETCASH_OPERATE":2.537750269739,"PER_OI":4.463673939304,"BPS":12.039330261221,"BASIC_EPS":2.49,"DILUTED_EPS":2.32,"OPERATE_INCOME":2458321000,"OPERATE_INCOME_YOY":110.5754520614,"GROSS_PROFIT":null,"GROSS_PROFIT_YOY":null,"HOLDER_PROFIT":1228474000,"HOLDER_PROFIT_YOY":201.571839934,"GROSS_PROFIT_RATIO":null,"EPS_TTM":3.375224436467,"OPERATE_INCOME_QOQ":47.26035220905,"NET_PROFIT_RATIO":51.9308503649,"ROE_AVG":19.217847555519,"GROSS_PROFIT_QOQ":null,"ROA":8.884632146748,"HOLDER_PROFIT_QOQ":79.124588533677,"ROE_YEARLY":38.435695111039,"ROIC_YEARLY":21.840848228672,"TOTAL_ASSETS":15116579000,"TOTAL_LIABILITIES":6694828000,"TAX_EBT":10.871791721152,"OCF_SALES":56.853397095009,"TOTAL_PARENT_EQUITY":6888878000,"DEBT_ASSET_RATIO":44.2879834121,"OPERATE_PROFIT":1404959000,"PRETAX_PROFIT":1432349000,"NETCASH_OPERATE":1397639000,"NETCASH_INVEST":-607129000,"NETCASH_FINANCE":-136464000,"END_CASH":1236190000,"DIVI_RATIO":null,"DIVIDEND_RATE":null,"CURRENT_RATIO":1.481978538183,"COMMON_ACS":2000000000,"CURRENTDEBT_DEBT":92.060886403654,"ISSUED_COMMON_SHARES":572197776,"HK_COMMON_SHARES":572197776,"PER_SHARES":100,"TOTAL_MARKET_CAP":1653651572.64,"HKSK_MARKET_CAP":1653651572.64,"PE_TTM":-4.070552141278,"PB_TTM":0.247079254414,"REPORT_DATE_SQ":"2020-06-30 00:00:00","REPORT_TYPE_SQ":"2020年中报","OPERATE_INCOME_SQ":1167430000,"DPS_HKD":null,"OPERATE_INCOME_QOQ_SQ":25.597485665496,"NET_PROFIT_RATIO_SQ":36.7449011932,"HOLDER_PROFIT_SQ":407357000,"HOLDER_PROFIT_QOQ_SQ":93.440663268201,"ROE_AVG_SQ":7.672185673685,"PE_TTM_SQ":12.49971173165,"PB_TTM_SQ":0.588828511342,"ROA_SQ":4.088978497673,"START_DATE":"2021-01-01 00:00:00","FISCAL_YEAR":"12-31","CURRENCY":"HKD","IS_CNY_CODE":0,"DPS_HKD_LY":0.45585,"ORG_TYPE":"证券","PREMIUM_INCOME":null,"PREMIUM_INCOME_YOY":null,"NET_INTEREST_INCOME":41133000,"NET_INTEREST_INCOME_YOY":null,"FEE_COMMISSION_INCOME":794905000,"FEE_COMMISSION_INCOME_YOY":185.336611806092,"ACCOUNTS_RECE_TDAYS":1.158650259154,"INVENTORY_TDAYS":null,"CURRENT_ASSETS_TDAYS":0.278367072819,"TOTAL_ASSETS_TDAYS":0.177791941739,"PREMIUM_EXPENSE":null,"LOAN_DEPOSIT":null,"LOAN_EQUITY":null,"LOAN_ASSETS":null,"DEPOSIT_EQUITY":null,"DEPOSIT_ASSETS":null,"EQUITY_MULTIPLIER":1.794944899225,"EQUITY_RATIO":0.971831407088},{"SECUCODE":"01911.HK","SECURITY_CODE":"01911","SECURITY_NAME_ABBR":"华兴资本控股","ORG_CODE":"10946018","STD_REPORT_DATE":"2020-12-31 00:00:00","REPORT_DATE":"2020-12-31 00:00:00","DATE_TYPE_CODE":"001","REPORT_TYPE":"2020年年报","PER_NETCASH_OPERATE":0.638233720821,"PER_OI":5.125109713103,"BPS":10.303853400507,"BASIC_EPS":2.11,"DILUTED_EPS":1.98,"OPERATE_INCOME":2731446000,"OPERATE_INCOME_YOY":68.4271864057,"GROSS_PROFIT":null,"GROSS_PROFIT_YOY":null,"HOLDER_PROFIT":1037752000,"HOLDER_PROFIT_YOY":320.5204677889,"GROSS_PROFIT_RATIO":null,"EPS_TTM":1.9471711522,"OPERATE_INCOME_QOQ":45.520501135311,"NET_PROFIT_RATIO":37.4987094748,"ROE_AVG":18.774436458176,"GROSS_PROFIT_QOQ":null,"ROA":9.413673289879,"HOLDER_PROFIT_QOQ":117.389901732203,"ROE_YEARLY":18.774436458176,"ROIC_YEARLY":12.414231760311,"TOTAL_ASSETS":12537329000,"TOTAL_LIABILITIES":5155351000,"TAX_EBT":11.733180513784,"OCF_SALES":12.453074305697,"TOTAL_PARENT_EQUITY":5895842000,"DEBT_ASSET_RATIO":41.1200104903,"OPERATE_PROFIT":1125382000,"PRETAX_PROFIT":1160410000,"NETCASH_OPERATE":340149000,"NETCASH_INVEST":-521367000,"NETCASH_FINANCE":-95695000,"END_CASH":646756000,"DIVI_RATIO":null,"DIVIDEND_RATE":null,"CURRENT_RATIO":1.70136701275,"COMMON_ACS":2000000000,"CURRENTDEBT_DEBT":97.234019565302,"ISSUED_COMMON_SHARES":572197776,"HK_COMMON_SHARES":572197776,"PER_SHARES":100,"TOTAL_MARKET_CAP":1653651572.64,"HKSK_MARKET_CAP":1653651572.64,"PE_TTM":-4.070552141278,"PB_TTM":0.247079254414,"REPORT_DATE_SQ":"2019-12-31 00:00:00","REPORT_TYPE_SQ":"2019年年报","OPERATE_INCOME_SQ":1621737000,"DPS_HKD":null,"OPERATE_INCOME_QOQ_SQ":-1.341371433613,"NET_PROFIT_RATIO_SQ":20.7601887223,"HOLDER_PROFIT_SQ":246778000,"HOLDER_PROFIT_QOQ_SQ":148.499299863264,"ROE_AVG_SQ":4.887687060319,"PE_TTM_SQ":12.49971173165,"PB_TTM_SQ":0.588828511342,"ROA_SQ":4.666592097912,"START_DATE":"2020-01-01 00:00:00","FISCAL_YEAR":"12-31","CURRENCY":"HKD","IS_CNY_CODE":0,"DPS_HKD_LY":0.16405,"ORG_TYPE":"证券","PREMIUM_INCOME":null,"PREMIUM_INCOME_YOY":null,"NET_INTEREST_INCOME":81662000,"NET_INTEREST_INCOME_YOY":null,"FEE_COMMISSION_INCOME":1042907000,"FEE_COMMISSION_INCOME_YOY":37.158372207105,"ACCOUNTS_RECE_TDAYS":1.571049328128,"INVENTORY_TDAYS":null,"CURRENT_ASSETS_TDAYS":0.356627680783,"TOTAL_ASSETS_TDAYS":0.247775386151,"PREMIUM_EXPENSE":null,"LOAN_DEPOSIT":null,"LOAN_EQUITY":null,"LOAN_ASSETS":null,"DEPOSIT_EQUITY":null,"DEPOSIT_ASSETS":null,"EQUITY_MULTIPLIER":1.698369867806,"EQUITY_RATIO":0.874404537978},{"SECUCODE":"01911.HK","SECURITY_CODE":"01911","SECURITY_NAME_ABBR":"华兴资本控股","ORG_CODE":"10946018","STD_REPORT_DATE":"2020-06-30 00:00:00","REPORT_DATE":"2020-06-30 00:00:00","DATE_TYPE_CODE":"002","REPORT_TYPE":"2020年中报","PER_NETCASH_OPERATE":0.285730197882,"PER_OI":2.182664090205,"BPS":9.542076584373,"BASIC_EPS":0.83,"DILUTED_EPS":0.78,"OPERATE_INCOME":1167430000,"OPERATE_INCOME_YOY":48.7393662495,"GROSS_PROFIT":null,"GROSS_PROFIT_YOY":null,"HOLDER_PROFIT":407357000,"HOLDER_PROFIT_YOY":130.4498602672,"GROSS_PROFIT_RATIO":null,"EPS_TTM":0.892504196463,"OPERATE_INCOME_QOQ":25.597485665496,"NET_PROFIT_RATIO":36.7449011932,"ROE_AVG":7.672185673685,"GROSS_PROFIT_QOQ":null,"ROA":4.088978497673,"HOLDER_PROFIT_QOQ":93.440663268201,"ROE_YEARLY":15.34437134737,"ROIC_YEARLY":11.731726084239,"TOTAL_ASSETS":10414204000,"TOTAL_LIABILITIES":3423108000,"TAX_EBT":9.386809291754,"OCF_SALES":13.090891959261,"TOTAL_PARENT_EQUITY":5459955000,"DEBT_ASSET_RATIO":32.8696077012,"OPERATE_PROFIT":467876000,"PRETAX_PROFIT":473409000,"NETCASH_OPERATE":142127000,"NETCASH_INVEST":34629000,"NETCASH_FINANCE":47867000,"END_CASH":1259401000,"DIVI_RATIO":null,"DIVIDEND_RATE":null,"CURRENT_RATIO":2.091145768838,"COMMON_ACS":2000000000,"CURRENTDEBT_DEBT":96.724438726444,"ISSUED_COMMON_SHARES":572197776,"HK_COMMON_SHARES":572197776,"PER_SHARES":100,"TOTAL_MARKET_CAP":1653651572.64,"HKSK_MARKET_CAP":1653651572.64,"PE_TTM":-4.070552141278,"PB_TTM":0.247079254414,"REPORT_DATE_SQ":"2019-06-30 00:00:00","REPORT_TYPE_SQ":"2019年中报","OPERATE_INCOME_SQ":784883000,"DPS_HKD":null,"OPERATE_INCOME_QOQ_SQ":0.159241859052,"NET_PROFIT_RATIO_SQ":28.0105594248,"HOLDER_PROFIT_SQ":176766000,"HOLDER_PROFIT_QOQ_SQ":69.629273046054,"ROE_AVG_SQ":0.919390529133,"PE_TTM_SQ":12.49971173165,"PB_TTM_SQ":0.588828511342,"ROA_SQ":2.308611017394,"START_DATE":"2020-01-01 00:00:00","FISCAL_YEAR":"12-31","CURRENCY":"HKD","IS_CNY_CODE":0,"DPS_HKD_LY":0.16405,"ORG_TYPE":"证券","PREMIUM_INCOME":null,"PREMIUM_INCOME_YOY":null,"NET_INTEREST_INCOME":35414000,"NET_INTEREST_INCOME_YOY":null,"FEE_COMMISSION_INCOME":278585000,"FEE_COMMISSION_INCOME_YOY":-22.211425428125,"ACCOUNTS_RECE_TDAYS":0.898202717467,"INVENTORY_TDAYS":null,"CURRENT_ASSETS_TDAYS":0.170261154707,"TOTAL_ASSETS_TDAYS":0.117184586678,"PREMIUM_EXPENSE":null,"LOAN_DEPOSIT":null,"LOAN_EQUITY":null,"LOAN_ASSETS":null,"DEPOSIT_EQUITY":null,"DEPOSIT_ASSETS":null,"EQUITY_MULTIPLIER":1.489638248424,"EQUITY_RATIO":0.626948024297}],"count":19},"success":true,"message":"ok","code":0}