{"version":"165c9cc88f458c47064c7ff489a6991d","result":{"pages":2,"data":[{"SECUCODE":"01925.HK","SECURITY_CODE":"01925","SECURITY_NAME_ABBR":"旷世芳香","ORG_CODE":"10000027144","STD_REPORT_DATE":"2024-06-30 00:00:00","REPORT_DATE":"2024-06-30 00:00:00","DATE_TYPE_CODE":"002","REPORT_TYPE":"2024年中报","PER_NETCASH_OPERATE":0.282607729569,"PER_OI":0.825111963698,"BPS":1.223678038327,"BASIC_EPS":0.126,"DILUTED_EPS":0.126,"OPERATE_INCOME":334205000,"OPERATE_INCOME_YOY":10.6360650962,"GROSS_PROFIT":81505000,"GROSS_PROFIT_YOY":22.081092820874,"HOLDER_PROFIT":50881000,"HOLDER_PROFIT_YOY":67.0475064841,"GROSS_PROFIT_RATIO":24.387726096258,"EPS_TTM":0.200144676355,"OPERATE_INCOME_QOQ":3.983505072835,"NET_PROFIT_RATIO":15.2328660553,"ROE_AVG":10.821128433509,"GROSS_PROFIT_QOQ":9.092591221967,"ROA":5.852625549176,"HOLDER_PROFIT_QOQ":33.674664028362,"ROE_YEARLY":21.642256867017,"ROIC_YEARLY":14.921650411195,"TOTAL_ASSETS":984518000,"TOTAL_LIABILITIES":488084000,"TAX_EBT":13.129020698599,"OCF_SALES":34.25083406891,"TOTAL_PARENT_EQUITY":495641000,"DEBT_ASSET_RATIO":49.5759346198,"OPERATE_PROFIT":50571000,"PRETAX_PROFIT":58603000,"NETCASH_OPERATE":114468000,"NETCASH_INVEST":-154685000,"NETCASH_FINANCE":55378000,"END_CASH":185375000,"DIVI_RATIO":0.410409117525,"DIVIDEND_RATE":7.2,"CURRENT_RATIO":1.518817093482,"COMMON_ACS":10000000000,"CURRENTDEBT_DEBT":99.397644667721,"ISSUED_COMMON_SHARES":405042000,"HK_COMMON_SHARES":405042000,"PER_SHARES":2000,"TOTAL_MARKET_CAP":506302500,"HKSK_MARKET_CAP":506302500,"PE_TTM":5.648596307645,"PB_TTM":0.932312229416,"REPORT_DATE_SQ":"2023-06-30 00:00:00","REPORT_TYPE_SQ":"2023年中报","OPERATE_INCOME_SQ":302076000,"DPS_HKD":0.09,"OPERATE_INCOME_QOQ_SQ":-8.720492573138,"NET_PROFIT_RATIO_SQ":10.0911691098,"HOLDER_PROFIT_SQ":30459000,"HOLDER_PROFIT_QOQ_SQ":19.108449767132,"ROE_AVG_SQ":7.084196791772,"PE_TTM_SQ":7.498095037245,"PB_TTM_SQ":1.086671282111,"ROA_SQ":4.353002040805,"START_DATE":"2024-01-01 00:00:00","FISCAL_YEAR":"12-31","CURRENCY":"HKD","IS_CNY_CODE":0,"DPS_HKD_LY":0.09,"ORG_TYPE":"一般企业","PREMIUM_INCOME":null,"PREMIUM_INCOME_YOY":null,"NET_INTEREST_INCOME":null,"NET_INTEREST_INCOME_YOY":null,"FEE_COMMISSION_INCOME":null,"FEE_COMMISSION_INCOME_YOY":null,"ACCOUNTS_RECE_TDAYS":2.106714658531,"INVENTORY_TDAYS":2.246971212626,"CURRENT_ASSETS_TDAYS":0.524775321169,"TOTAL_ASSETS_TDAYS":0.384421831659,"PREMIUM_EXPENSE":null,"LOAN_DEPOSIT":null,"LOAN_EQUITY":null,"LOAN_ASSETS":null,"DEPOSIT_EQUITY":null,"DEPOSIT_ASSETS":null,"EQUITY_MULTIPLIER":1.983180040046,"EQUITY_RATIO":0.984753077328},{"SECUCODE":"01925.HK","SECURITY_CODE":"01925","SECURITY_NAME_ABBR":"旷世芳香","ORG_CODE":"10000027144","STD_REPORT_DATE":"2023-12-31 00:00:00","REPORT_DATE":"2023-12-31 00:00:00","DATE_TYPE_CODE":"001","REPORT_TYPE":"2023年年报","PER_NETCASH_OPERATE":0.185963430953,"PER_OI":1.991277447771,"BPS":1.098058966724,"BASIC_EPS":0.15,"DILUTED_EPS":0.15,"OPERATE_INCOME":806551000,"OPERATE_INCOME_YOY":12.2275020002,"GROSS_PROFIT":162132000,"GROSS_PROFIT_YOY":20.638416607761,"HOLDER_PROFIT":60645000,"HOLDER_PROFIT_YOY":15.2837182777,"GROSS_PROFIT_RATIO":20.101890642997,"EPS_TTM":0.149725213682,"OPERATE_INCOME_QOQ":22.949285292903,"NET_PROFIT_RATIO":7.5378990293,"ROE_AVG":13.914701468908,"GROSS_PROFIT_QOQ":19.744752507423,"ROA":8.562225260859,"HOLDER_PROFIT_QOQ":-3.211133632316,"ROE_YEARLY":13.914701468908,"ROIC_YEARLY":11.146359260328,"TOTAL_ASSETS":754223000,"TOTAL_LIABILITIES":308668000,"TAX_EBT":21.50769469118,"OCF_SALES":9.338901073832,"TOTAL_PARENT_EQUITY":444760000,"DEBT_ASSET_RATIO":40.9252966298,"OPERATE_PROFIT":78847000,"PRETAX_PROFIT":77456000,"NETCASH_OPERATE":75323000,"NETCASH_INVEST":30760000,"NETCASH_FINANCE":-70302000,"END_CASH":170214000,"DIVI_RATIO":0.548613008993,"DIVIDEND_RATE":7.2,"CURRENT_RATIO":1.89926698459,"COMMON_ACS":10000000000,"CURRENTDEBT_DEBT":91.576710251792,"ISSUED_COMMON_SHARES":405042000,"HK_COMMON_SHARES":405042000,"PER_SHARES":2000,"TOTAL_MARKET_CAP":506302500,"HKSK_MARKET_CAP":506302500,"PE_TTM":5.648596307645,"PB_TTM":0.932312229416,"REPORT_DATE_SQ":"2022-12-31 00:00:00","REPORT_TYPE_SQ":"2022年年报","OPERATE_INCOME_SQ":718675000,"DPS_HKD":0.09,"OPERATE_INCOME_QOQ_SQ":-4.604293818908,"NET_PROFIT_RATIO_SQ":7.3243121021,"HOLDER_PROFIT_SQ":52605000,"HOLDER_PROFIT_QOQ_SQ":-2.766995674836,"ROE_AVG_SQ":13.132962349928,"PE_TTM_SQ":7.617112418789,"PB_TTM_SQ":1.10392003262,"ROA_SQ":8.703413862592,"START_DATE":"2023-01-01 00:00:00","FISCAL_YEAR":"12-31","CURRENCY":"HKD","IS_CNY_CODE":0,"DPS_HKD_LY":0.12,"ORG_TYPE":"一般企业","PREMIUM_INCOME":null,"PREMIUM_INCOME_YOY":null,"NET_INTEREST_INCOME":null,"NET_INTEREST_INCOME_YOY":null,"FEE_COMMISSION_INCOME":null,"FEE_COMMISSION_INCOME_YOY":null,"ACCOUNTS_RECE_TDAYS":5.933728890246,"INVENTORY_TDAYS":9.567216473418,"CURRENT_ASSETS_TDAYS":1.470292490407,"TOTAL_ASSETS_TDAYS":1.138737133543,"PREMIUM_EXPENSE":null,"LOAN_DEPOSIT":null,"LOAN_EQUITY":null,"LOAN_ASSETS":null,"DEPOSIT_EQUITY":null,"DEPOSIT_ASSETS":null,"EQUITY_MULTIPLIER":1.692771936125,"EQUITY_RATIO":0.694010252721},{"SECUCODE":"01925.HK","SECURITY_CODE":"01925","SECURITY_NAME_ABBR":"旷世芳香","ORG_CODE":"10000027144","STD_REPORT_DATE":"2023-06-30 00:00:00","REPORT_DATE":"2023-06-30 00:00:00","DATE_TYPE_CODE":"002","REPORT_TYPE":"2023年中报","PER_NETCASH_OPERATE":0.105435979479,"PER_OI":0.745789325551,"BPS":1.069039753902,"BASIC_EPS":0.075,"DILUTED_EPS":0.075,"OPERATE_INCOME":302076000,"OPERATE_INCOME_YOY":-17.182273789,"GROSS_PROFIT":66763000,"GROSS_PROFIT_YOY":1.525243309002,"HOLDER_PROFIT":30459000,"HOLDER_PROFIT_YOY":49.2576076836,"GROSS_PROFIT_RATIO":22.10139170275,"EPS_TTM":0.15469259978,"OPERATE_INCOME_QOQ":-8.720492573138,"NET_PROFIT_RATIO":10.0911691098,"ROE_AVG":7.084196791772,"GROSS_PROFIT_QOQ":0.746307526322,"ROA":4.353002040805,"HOLDER_PROFIT_QOQ":19.108449767132,"ROE_YEARLY":14.168393583544,"ROIC_YEARLY":11.139576601732,"TOTAL_ASSETS":737100000,"TOTAL_LIABILITIES":303427000,"TAX_EBT":17.116210778183,"OCF_SALES":14.137501820734,"TOTAL_PARENT_EQUITY":433006000,"DEBT_ASSET_RATIO":41.1649708316,"OPERATE_PROFIT":37880000,"PRETAX_PROFIT":36778000,"NETCASH_OPERATE":42706000,"NETCASH_INVEST":-15506000,"NETCASH_FINANCE":2117000,"END_CASH":157206000,"DIVI_RATIO":0.53099631215,"DIVIDEND_RATE":7.2,"CURRENT_RATIO":2.051007326309,"COMMON_ACS":10000000000,"CURRENTDEBT_DEBT":100,"ISSUED_COMMON_SHARES":405042000,"HK_COMMON_SHARES":405042000,"PER_SHARES":2000,"TOTAL_MARKET_CAP":506302500,"HKSK_MARKET_CAP":506302500,"PE_TTM":5.648596307645,"PB_TTM":0.932312229416,"REPORT_DATE_SQ":"2022-06-30 00:00:00","REPORT_TYPE_SQ":"2022年中报","OPERATE_INCOME_SQ":364748000,"DPS_HKD":0.09,"OPERATE_INCOME_QOQ_SQ":19.317067762653,"NET_PROFIT_RATIO_SQ":5.5501332427,"HOLDER_PROFIT_SQ":20407000,"HOLDER_PROFIT_QOQ_SQ":10.412244897959,"ROE_AVG_SQ":5.309973992654,"PE_TTM_SQ":7.617112418789,"PB_TTM_SQ":1.10392003262,"ROA_SQ":3.453785082397,"START_DATE":"2023-01-01 00:00:00","FISCAL_YEAR":"12-31","CURRENCY":"HKD","IS_CNY_CODE":0,"DPS_HKD_LY":0.12,"ORG_TYPE":"一般企业","PREMIUM_INCOME":null,"PREMIUM_INCOME_YOY":null,"NET_INTEREST_INCOME":null,"NET_INTEREST_INCOME_YOY":null,"FEE_COMMISSION_INCOME":null,"FEE_COMMISSION_INCOME_YOY":null,"ACCOUNTS_RECE_TDAYS":2.254214394985,"INVENTORY_TDAYS":2.817444923372,"CURRENT_ASSETS_TDAYS":0.510868011896,"TOTAL_ASSETS_TDAYS":0.431707358902,"PREMIUM_EXPENSE":null,"LOAN_DEPOSIT":null,"LOAN_EQUITY":null,"LOAN_ASSETS":null,"DEPOSIT_EQUITY":null,"DEPOSIT_ASSETS":null,"EQUITY_MULTIPLIER":1.699667721992,"EQUITY_RATIO":0.700745486206},{"SECUCODE":"01925.HK","SECURITY_CODE":"01925","SECURITY_NAME_ABBR":"旷世芳香","ORG_CODE":"10000027144","STD_REPORT_DATE":"2022-12-31 00:00:00","REPORT_DATE":"2022-12-31 00:00:00","DATE_TYPE_CODE":"001","REPORT_TYPE":"2022年年报","PER_NETCASH_OPERATE":0.282575634132,"PER_OI":1.774322169059,"BPS":1.053984525062,"BASIC_EPS":0.13,"DILUTED_EPS":0.13,"OPERATE_INCOME":718675000,"OPERATE_INCOME_YOY":13.8233593868,"GROSS_PROFIT":134395000,"GROSS_PROFIT_YOY":10.954708320262,"HOLDER_PROFIT":52605000,"HOLDER_PROFIT_YOY":7.3571428571,"GROSS_PROFIT_RATIO":18.700386127248,"EPS_TTM":0.129875420327,"OPERATE_INCOME_QOQ":-4.604293818908,"NET_PROFIT_RATIO":7.3243121021,"ROE_AVG":13.132962349928,"GROSS_PROFIT_QOQ":-0.605706509681,"ROA":8.703413862592,"HOLDER_PROFIT_QOQ":-2.766995674836,"ROE_YEARLY":13.132962349928,"ROIC_YEARLY":12.167689989325,"TOTAL_ASSETS":662348000,"TOTAL_LIABILITIES":234808000,"TAX_EBT":6.627168552879,"OCF_SALES":15.925835739382,"TOTAL_PARENT_EQUITY":426908000,"DEBT_ASSET_RATIO":35.4508506103,"OPERATE_PROFIT":57896000,"PRETAX_PROFIT":56374000,"NETCASH_OPERATE":114455000,"NETCASH_INVEST":-247779000,"NETCASH_FINANCE":48672000,"END_CASH":127889000,"DIVI_RATIO":0.632461475723,"DIVIDEND_RATE":7.2,"CURRENT_RATIO":2.386068617764,"COMMON_ACS":10000000000,"CURRENTDEBT_DEBT":100,"ISSUED_COMMON_SHARES":405042000,"HK_COMMON_SHARES":405042000,"PER_SHARES":2000,"TOTAL_MARKET_CAP":506302500,"HKSK_MARKET_CAP":506302500,"PE_TTM":5.648596307645,"PB_TTM":0.932312229416,"REPORT_DATE_SQ":"2021-12-31 00:00:00","REPORT_TYPE_SQ":"2021年年报","OPERATE_INCOME_SQ":631395000,"DPS_HKD":0.09,"OPERATE_INCOME_QOQ_SQ":13.703813087747,"NET_PROFIT_RATIO_SQ":7.7666120258,"HOLDER_PROFIT_SQ":49000000,"HOLDER_PROFIT_QOQ_SQ":-5.39444723327,"ROE_AVG_SQ":14.011729819535,"PE_TTM_SQ":7.617112418789,"PB_TTM_SQ":1.10392003262,"ROA_SQ":10.396763848118,"START_DATE":"2022-01-01 00:00:00","FISCAL_YEAR":"12-31","CURRENCY":"HKD","IS_CNY_CODE":0,"DPS_HKD_LY":null,"ORG_TYPE":"一般企业","PREMIUM_INCOME":null,"PREMIUM_INCOME_YOY":null,"NET_INTEREST_INCOME":null,"NET_INTEREST_INCOME_YOY":null,"FEE_COMMISSION_INCOME":null,"FEE_COMMISSION_INCOME_YOY":null,"ACCOUNTS_RECE_TDAYS":5.375481506414,"INVENTORY_TDAYS":7.505202312139,"CURRENT_ASSETS_TDAYS":1.384387487876,"TOTAL_ASSETS_TDAYS":1.189036395342,"PREMIUM_EXPENSE":null,"LOAN_DEPOSIT":null,"LOAN_EQUITY":null,"LOAN_ASSETS":null,"DEPOSIT_EQUITY":null,"DEPOSIT_ASSETS":null,"EQUITY_MULTIPLIER":1.549207091735,"EQUITY_RATIO":0.550020144856},{"SECUCODE":"01925.HK","SECURITY_CODE":"01925","SECURITY_NAME_ABBR":"旷世芳香","ORG_CODE":"10000027144","STD_REPORT_DATE":"2022-06-30 00:00:00","REPORT_DATE":"2022-06-30 00:00:00","DATE_TYPE_CODE":"002","REPORT_TYPE":"2022年中报","PER_NETCASH_OPERATE":0.188405153046,"PER_OI":0.900518958528,"BPS":0.973782965717,"BASIC_EPS":0.05,"DILUTED_EPS":0.05,"OPERATE_INCOME":364748000,"OPERATE_INCOME_YOY":50.2374568026,"GROSS_PROFIT":65760000,"GROSS_PROFIT_YOY":27.264282396656,"HOLDER_PROFIT":20407000,"HOLDER_PROFIT_YOY":33.3355112708,"GROSS_PROFIT_RATIO":18.028885696426,"EPS_TTM":0.133571333343,"OPERATE_INCOME_QOQ":19.317067762653,"NET_PROFIT_RATIO":5.5501332427,"ROE_AVG":5.309973992654,"GROSS_PROFIT_QOQ":11.630863728679,"ROA":3.453785082397,"HOLDER_PROFIT_QOQ":10.412244897959,"ROE_YEARLY":10.619947985309,"ROIC_YEARLY":11.142081052675,"TOTAL_ASSETS":635230000,"TOTAL_LIABILITIES":240443000,"TAX_EBT":20.838384233371,"OCF_SALES":20.921841929222,"TOTAL_PARENT_EQUITY":394423000,"DEBT_ASSET_RATIO":37.8513294397,"OPERATE_PROFIT":25773000,"PRETAX_PROFIT":25573000,"NETCASH_OPERATE":76312000,"NETCASH_INVEST":-25260000,"NETCASH_FINANCE":-2366000,"END_CASH":248428000,"DIVI_RATIO":0.614961294045,"DIVIDEND_RATE":7.2,"CURRENT_RATIO":2.350783640337,"COMMON_ACS":10000000000,"CURRENTDEBT_DEBT":99.909334020953,"ISSUED_COMMON_SHARES":405042000,"HK_COMMON_SHARES":405042000,"PER_SHARES":2000,"TOTAL_MARKET_CAP":506302500,"HKSK_MARKET_CAP":506302500,"PE_TTM":5.648596307645,"PB_TTM":0.932312229416,"REPORT_DATE_SQ":"2021-06-30 00:00:00","REPORT_TYPE_SQ":"2021年中报","OPERATE_INCOME_SQ":242781000,"DPS_HKD":0.09,"OPERATE_INCOME_QOQ_SQ":17.603281806264,"NET_PROFIT_RATIO_SQ":6.2813811624,"HOLDER_PROFIT_SQ":15305000,"HOLDER_PROFIT_QOQ_SQ":26.803114136023,"ROE_AVG_SQ":4.59820878662,"PE_TTM_SQ":7.617112418789,"PB_TTM_SQ":1.10392003262,"ROA_SQ":3.786135890243,"START_DATE":"2022-01-01 00:00:00","FISCAL_YEAR":"12-31","CURRENCY":"HKD","IS_CNY_CODE":0,"DPS_HKD_LY":null,"ORG_TYPE":"一般企业","PREMIUM_INCOME":null,"PREMIUM_INCOME_YOY":null,"NET_INTEREST_INCOME":null,"NET_INTEREST_INCOME_YOY":null,"FEE_COMMISSION_INCOME":null,"FEE_COMMISSION_INCOME_YOY":null,"ACCOUNTS_RECE_TDAYS":2.343897799712,"INVENTORY_TDAYS":3.277209327816,"CURRENT_ASSETS_TDAYS":0.699618109036,"TOTAL_ASSETS_TDAYS":0.617318175741,"PREMIUM_EXPENSE":null,"LOAN_DEPOSIT":null,"LOAN_EQUITY":null,"LOAN_ASSETS":null,"DEPOSIT_EQUITY":null,"DEPOSIT_ASSETS":null,"EQUITY_MULTIPLIER":1.609044877363,"EQUITY_RATIO":0.609606944828},{"SECUCODE":"01925.HK","SECURITY_CODE":"01925","SECURITY_NAME_ABBR":"旷世芳香","ORG_CODE":"10000027144","STD_REPORT_DATE":"2021-12-31 00:00:00","REPORT_DATE":"2021-12-31 00:00:00","DATE_TYPE_CODE":"001","REPORT_TYPE":"2021年年报","PER_NETCASH_OPERATE":-0.081317493001,"PER_OI":1.55883834269,"BPS":0.923869623397,"BASIC_EPS":0.121,"DILUTED_EPS":0.121,"OPERATE_INCOME":631395000,"OPERATE_INCOME_YOY":33.7194157301,"GROSS_PROFIT":121126000,"GROSS_PROFIT_YOY":11.999186307779,"HOLDER_PROFIT":49000000,"HOLDER_PROFIT_YOY":19.9627870538,"GROSS_PROFIT_RATIO":19.183870635656,"EPS_TTM":0.120975108754,"OPERATE_INCOME_QOQ":13.703813087747,"NET_PROFIT_RATIO":7.7666120258,"ROE_AVG":14.011729819535,"GROSS_PROFIT_QOQ":4.637260491715,"ROA":10.396763848118,"HOLDER_PROFIT_QOQ":-5.39444723327,"ROE_YEARLY":14.011729819535,"ROIC_YEARLY":15.53055875147,"TOTAL_ASSETS":546488000,"TOTAL_LIABILITIES":171708000,"TAX_EBT":12.611601176156,"OCF_SALES":-5.216544318533,"TOTAL_PARENT_EQUITY":374206000,"DEBT_ASSET_RATIO":31.4202690635,"OPERATE_PROFIT":56315000,"PRETAX_PROFIT":56115000,"NETCASH_OPERATE":-32937000,"NETCASH_INVEST":39993000,"NETCASH_FINANCE":75957000,"END_CASH":199742000,"DIVI_RATIO":0.678992570008,"DIVIDEND_RATE":7.2,"CURRENT_RATIO":2.787644269743,"COMMON_ACS":10000000000,"CURRENTDEBT_DEBT":99.859645444592,"ISSUED_COMMON_SHARES":405042000,"HK_COMMON_SHARES":405042000,"PER_SHARES":2000,"TOTAL_MARKET_CAP":506302500,"HKSK_MARKET_CAP":506302500,"PE_TTM":5.648596307645,"PB_TTM":0.932312229416,"REPORT_DATE_SQ":"2020-12-31 00:00:00","REPORT_TYPE_SQ":"2020年年报","OPERATE_INCOME_SQ":472179000,"DPS_HKD":0.09,"OPERATE_INCOME_QOQ_SQ":6.218155069207,"NET_PROFIT_RATIO_SQ":8.6314723865,"HOLDER_PROFIT_SQ":40846000,"HOLDER_PROFIT_QOQ_SQ":66.405931720036,"ROE_AVG_SQ":15.611228955264,"PE_TTM_SQ":7.617112418789,"PB_TTM_SQ":1.10392003262,"ROA_SQ":12.180873112674,"START_DATE":"2021-01-01 00:00:00","FISCAL_YEAR":"12-31","CURRENCY":"HKD","IS_CNY_CODE":0,"DPS_HKD_LY":null,"ORG_TYPE":"一般企业","PREMIUM_INCOME":null,"PREMIUM_INCOME_YOY":null,"NET_INTEREST_INCOME":null,"NET_INTEREST_INCOME_YOY":null,"FEE_COMMISSION_INCOME":null,"FEE_COMMISSION_INCOME_YOY":null,"ACCOUNTS_RECE_TDAYS":5.184143652986,"INVENTORY_TDAYS":7.054247597982,"CURRENT_ASSETS_TDAYS":1.568022907124,"TOTAL_ASSETS_TDAYS":1.339686675486,"PREMIUM_EXPENSE":null,"LOAN_DEPOSIT":null,"LOAN_EQUITY":null,"LOAN_ASSETS":null,"DEPOSIT_EQUITY":null,"DEPOSIT_ASSETS":null,"EQUITY_MULTIPLIER":1.458156785313,"EQUITY_RATIO":0.458859558639},{"SECUCODE":"01925.HK","SECURITY_CODE":"01925","SECURITY_NAME_ABBR":"旷世芳香","ORG_CODE":"10000027144","STD_REPORT_DATE":"2021-06-30 00:00:00","REPORT_DATE":"2021-06-30 00:00:00","DATE_TYPE_CODE":"002","REPORT_TYPE":"2021年中报","PER_NETCASH_OPERATE":-0.002308402585,"PER_OI":0.59939709956,"BPS":0.840618997536,"BASIC_EPS":0.038,"DILUTED_EPS":0.038,"OPERATE_INCOME":242781000,"OPERATE_INCOME_YOY":52.0593503777,"GROSS_PROFIT":51672000,"GROSS_PROFIT_YOY":17.268456528153,"HOLDER_PROFIT":15305000,"HOLDER_PROFIT_YOY":251.2738122561,"GROSS_PROFIT_RATIO":21.283378847603,"EPS_TTM":0.127873158833,"OPERATE_INCOME_QOQ":17.603281806264,"NET_PROFIT_RATIO":6.2813811624,"ROE_AVG":4.59820878662,"GROSS_PROFIT_QOQ":7.035663760183,"ROA":3.786135890243,"HOLDER_PROFIT_QOQ":26.803114136023,"ROE_YEARLY":9.196417573239,"ROIC_YEARLY":10.838429153639,"TOTAL_ASSETS":412363000,"TOTAL_LIABILITIES":71403000,"TAX_EBT":17.074497009244,"OCF_SALES":-0.385120746681,"TOTAL_PARENT_EQUITY":340486000,"DEBT_ASSET_RATIO":17.3155690496,"OPERATE_PROFIT":18125000,"PRETAX_PROFIT":18390000,"NETCASH_OPERATE":-935000,"NETCASH_INVEST":24603000,"NETCASH_FINANCE":-2291000,"END_CASH":131889000,"DIVI_RATIO":0.642364674101,"DIVIDEND_RATE":7.2,"CURRENT_RATIO":4.942827457622,"COMMON_ACS":10000000000,"CURRENTDEBT_DEBT":98.400627424618,"ISSUED_COMMON_SHARES":405042000,"HK_COMMON_SHARES":405042000,"PER_SHARES":2000,"TOTAL_MARKET_CAP":506302500,"HKSK_MARKET_CAP":506302500,"PE_TTM":5.648596307645,"PB_TTM":0.932312229416,"REPORT_DATE_SQ":"2020-06-30 00:00:00","REPORT_TYPE_SQ":"2020年中报","OPERATE_INCOME_SQ":159662000,"DPS_HKD":0.09,"OPERATE_INCOME_QOQ_SQ":-11.293254657964,"NET_PROFIT_RATIO_SQ":2.7050895016,"HOLDER_PROFIT_SQ":4357000,"HOLDER_PROFIT_QOQ_SQ":-11.76851186197,"ROE_AVG_SQ":1.716929309169,"PE_TTM_SQ":7.617112418789,"PB_TTM_SQ":1.10392003262,"ROA_SQ":1.348062913728,"START_DATE":"2021-01-01 00:00:00","FISCAL_YEAR":"12-31","CURRENCY":"HKD","IS_CNY_CODE":0,"DPS_HKD_LY":null,"ORG_TYPE":"一般企业","PREMIUM_INCOME":null,"PREMIUM_INCOME_YOY":null,"NET_INTEREST_INCOME":null,"NET_INTEREST_INCOME_YOY":null,"FEE_COMMISSION_INCOME":null,"FEE_COMMISSION_INCOME_YOY":null,"ACCOUNTS_RECE_TDAYS":2.450538746877,"INVENTORY_TDAYS":2.868083382108,"CURRENT_ASSETS_TDAYS":0.719737103454,"TOTAL_ASSETS_TDAYS":0.600589256824,"PREMIUM_EXPENSE":null,"LOAN_DEPOSIT":null,"LOAN_EQUITY":null,"LOAN_ASSETS":null,"DEPOSIT_EQUITY":null,"DEPOSIT_ASSETS":null,"EQUITY_MULTIPLIER":1.209417526983,"EQUITY_RATIO":0.209709062928},{"SECUCODE":"01925.HK","SECURITY_CODE":"01925","SECURITY_NAME_ABBR":"旷世芳香","ORG_CODE":"10000027144","STD_REPORT_DATE":"2020-12-31 00:00:00","REPORT_DATE":"2020-12-31 00:00:00","DATE_TYPE_CODE":"001","REPORT_TYPE":"2020年年报","PER_NETCASH_OPERATE":0.088615501602,"PER_OI":1.165753181152,"BPS":0.802899452402,"BASIC_EPS":0.102,"DILUTED_EPS":0.102,"OPERATE_INCOME":472179000,"OPERATE_INCOME_YOY":-5.7773316757,"GROSS_PROFIT":108149000,"GROSS_PROFIT_YOY":-19.097988464905,"HOLDER_PROFIT":40846000,"HOLDER_PROFIT_YOY":46.8224299065,"GROSS_PROFIT_RATIO":22.904237587864,"EPS_TTM":0.100843863106,"OPERATE_INCOME_QOQ":6.218155069207,"NET_PROFIT_RATIO":8.6314723865,"ROE_AVG":15.611228955264,"GROSS_PROFIT_QOQ":-12.890546342013,"ROA":12.180873112674,"HOLDER_PROFIT_QOQ":66.405931720036,"ROE_YEARLY":15.611228955264,"ROIC_YEARLY":16.641067740056,"TOTAL_ASSETS":396113000,"TOTAL_LIABILITIES":70369000,"TAX_EBT":15.201198452,"OCF_SALES":7.601566355132,"TOTAL_PARENT_EQUITY":325208000,"DEBT_ASSET_RATIO":17.7648802236,"OPERATE_PROFIT":47563000,"PRETAX_PROFIT":48062000,"NETCASH_OPERATE":35893000,"NETCASH_INVEST":-71242000,"NETCASH_FINANCE":82724000,"END_CASH":110735000,"DIVI_RATIO":0.81453841087,"DIVIDEND_RATE":7.2,"CURRENT_RATIO":4.800346076577,"COMMON_ACS":10000000000,"CURRENTDEBT_DEBT":96.90772925578,"ISSUED_COMMON_SHARES":405042000,"HK_COMMON_SHARES":405042000,"PER_SHARES":2000,"TOTAL_MARKET_CAP":506302500,"HKSK_MARKET_CAP":506302500,"PE_TTM":5.648596307645,"PB_TTM":0.932312229416,"REPORT_DATE_SQ":"2019-12-31 00:00:00","REPORT_TYPE_SQ":"2019年年报","OPERATE_INCOME_SQ":501131000,"DPS_HKD":0.09,"OPERATE_INCOME_QOQ_SQ":1.702100888088,"NET_PROFIT_RATIO_SQ":5.5494471505,"HOLDER_PROFIT_SQ":27820000,"HOLDER_PROFIT_QOQ_SQ":-64.391767356134,"ROE_AVG_SQ":15.105731979139,"PE_TTM_SQ":7.617112418789,"PB_TTM_SQ":1.10392003262,"ROA_SQ":8.182220581726,"START_DATE":"2020-01-01 00:00:00","FISCAL_YEAR":"12-31","CURRENCY":"HKD","IS_CNY_CODE":0,"DPS_HKD_LY":0.06,"ORG_TYPE":"一般企业","PREMIUM_INCOME":null,"PREMIUM_INCOME_YOY":null,"NET_INTEREST_INCOME":null,"NET_INTEREST_INCOME_YOY":null,"FEE_COMMISSION_INCOME":null,"FEE_COMMISSION_INCOME_YOY":null,"ACCOUNTS_RECE_TDAYS":5.837369728888,"INVENTORY_TDAYS":7.451843360423,"CURRENT_ASSETS_TDAYS":1.780631658339,"TOTAL_ASSETS_TDAYS":1.408106665394,"PREMIUM_EXPENSE":null,"LOAN_DEPOSIT":null,"LOAN_EQUITY":null,"LOAN_ASSETS":null,"DEPOSIT_EQUITY":null,"DEPOSIT_ASSETS":null,"EQUITY_MULTIPLIER":1.216025467852,"EQUITY_RATIO":0.21638151583},{"SECUCODE":"01925.HK","SECURITY_CODE":"01925","SECURITY_NAME_ABBR":"旷世芳香","ORG_CODE":"10000027144","STD_REPORT_DATE":"2020-06-30 00:00:00","REPORT_DATE":"2020-06-30 00:00:00","DATE_TYPE_CODE":"002","REPORT_TYPE":"2020年中报","PER_NETCASH_OPERATE":-0.035588901892,"PER_OI":0.394186281916,"BPS":0.763999782739,"BASIC_EPS":0.011,"DILUTED_EPS":0.011,"OPERATE_INCOME":159662000,"OPERATE_INCOME_YOY":-26.1699097366,"GROSS_PROFIT":44063000,"GROSS_PROFIT_YOY":-17.776036126817,"HOLDER_PROFIT":4357000,"HOLDER_PROFIT_YOY":-42.9039444372,"GROSS_PROFIT_RATIO":27.597675088625,"EPS_TTM":0.060601122847,"OPERATE_INCOME_QOQ":-11.293254657964,"NET_PROFIT_RATIO":2.7050895016,"ROE_AVG":1.716929309169,"GROSS_PROFIT_QOQ":-7.12602577817,"ROA":1.348062913728,"HOLDER_PROFIT_QOQ":-11.76851186197,"ROE_YEARLY":3.433858618339,"ROIC_YEARLY":3.969416271691,"TOTAL_ASSETS":371864000,"TOTAL_LIABILITIES":61798000,"TAX_EBT":25.392986698912,"OCF_SALES":-9.028447595546,"TOTAL_PARENT_EQUITY":309452000,"DEBT_ASSET_RATIO":16.6184411505,"OPERATE_PROFIT":5734000,"PRETAX_PROFIT":5789000,"NETCASH_OPERATE":-14415000,"NETCASH_INVEST":-34458000,"NETCASH_FINANCE":115443000,"END_CASH":138257000,"DIVI_RATIO":1.355440231826,"DIVIDEND_RATE":7.2,"CURRENT_RATIO":5.17222269734,"COMMON_ACS":10000000000,"CURRENTDEBT_DEBT":94.606621573514,"ISSUED_COMMON_SHARES":405042000,"HK_COMMON_SHARES":405042000,"PER_SHARES":2000,"TOTAL_MARKET_CAP":506302500,"HKSK_MARKET_CAP":506302500,"PE_TTM":5.648596307645,"PB_TTM":0.932312229416,"REPORT_DATE_SQ":"2019-06-30 00:00:00","REPORT_TYPE_SQ":"2019年中报","OPERATE_INCOME_SQ":216256000,"DPS_HKD":0.09,"OPERATE_INCOME_QOQ_SQ":10.802691228323,"NET_PROFIT_RATIO_SQ":3.5171278485,"HOLDER_PROFIT_SQ":7631000,"HOLDER_PROFIT_QOQ_SQ":1.247975118253,"ROE_AVG_SQ":4.383868558626,"PE_TTM_SQ":7.617112418789,"PB_TTM_SQ":1.10392003262,"ROA_SQ":2.30807736339,"START_DATE":"2020-01-01 00:00:00","FISCAL_YEAR":"12-31","CURRENCY":"HKD","IS_CNY_CODE":0,"DPS_HKD_LY":0.06,"ORG_TYPE":"一般企业","PREMIUM_INCOME":null,"PREMIUM_INCOME_YOY":null,"NET_INTEREST_INCOME":null,"NET_INTEREST_INCOME_YOY":null,"FEE_COMMISSION_INCOME":null,"FEE_COMMISSION_INCOME_YOY":null,"ACCOUNTS_RECE_TDAYS":2.535605386863,"INVENTORY_TDAYS":2.507978521451,"CURRENT_ASSETS_TDAYS":0.631831798557,"TOTAL_ASSETS_TDAYS":0.493996834821,"PREMIUM_EXPENSE":null,"LOAN_DEPOSIT":null,"LOAN_EQUITY":null,"LOAN_ASSETS":null,"DEPOSIT_EQUITY":null,"DEPOSIT_ASSETS":null,"EQUITY_MULTIPLIER":1.199305954216,"EQUITY_RATIO":0.19970140765}],"count":15},"success":true,"message":"ok","code":0}