{"version":"aa92d5774aa2e6a926f1adf9f74e40d6","result":{"pages":2,"data":[{"SECUCODE":"01920.HK","SECURITY_CODE":"01920","SECURITY_NAME_ABBR":"中国网成","ORG_CODE":"10000007578","STD_REPORT_DATE":"2024-06-30 00:00:00","REPORT_DATE":"2024-06-30 00:00:00","DATE_TYPE_CODE":"002","REPORT_TYPE":"2024年中报","PER_NETCASH_OPERATE":-0.041243190128,"PER_OI":0.112236237949,"BPS":0.081032527821,"BASIC_EPS":-0.074474688,"DILUTED_EPS":null,"OPERATE_INCOME":35017706.24,"OPERATE_INCOME_YOY":-6.9528313326,"GROSS_PROFIT":-12502803.32,"GROSS_PROFIT_YOY":9.219317384108,"HOLDER_PROFIT":-23243221.56,"HOLDER_PROFIT_YOY":-10.918989547,"GROSS_PROFIT_RATIO":-35.704232693912,"EPS_TTM":-0.156576361282,"OPERATE_INCOME_QOQ":-3.81837543037,"NET_PROFIT_RATIO":-66.3756255213,"ROE_AVG":-62.98334343197,"GROSS_PROFIT_QOQ":6.520229359817,"ROA":-42.859306630764,"HOLDER_PROFIT_QOQ":-4.434976705294,"ROE_YEARLY":-125.96668686394,"ROIC_YEARLY":-102.067030709884,"TOTAL_ASSETS":42971712.44,"TOTAL_LIABILITIES":17689563.76,"TAX_EBT":null,"OCF_SALES":-36.746768140117,"TOTAL_PARENT_EQUITY":25282148.68,"DEBT_ASSET_RATIO":41.1656011724,"OPERATE_PROFIT":-23010488.16,"PRETAX_PROFIT":-23243221.56,"NETCASH_OPERATE":-12867875.32,"NETCASH_INVEST":null,"NETCASH_FINANCE":-3710956.88,"END_CASH":397015.8,"DIVI_RATIO":null,"DIVIDEND_RATE":null,"CURRENT_RATIO":2.08332473429,"COMMON_ACS":400000000,"CURRENTDEBT_DEBT":100,"ISSUED_COMMON_SHARES":312000000,"HK_COMMON_SHARES":312000000,"PER_SHARES":10000,"TOTAL_MARKET_CAP":237120000,"HKSK_MARKET_CAP":237120000,"PE_TTM":-4.380969976905,"PB_TTM":8.559979784123,"REPORT_DATE_SQ":"2023-06-30 00:00:00","REPORT_TYPE_SQ":"2023年中报","OPERATE_INCOME_SQ":38017845.3,"DPS_HKD":null,"OPERATE_INCOME_QOQ_SQ":0.448875635871,"NET_PROFIT_RATIO_SQ":-55.6808536437,"HOLDER_PROFIT_SQ":-21168660.8,"HOLDER_PROFIT_QOQ_SQ":16.960614953058,"ROE_AVG_SQ":-24.607206396159,"PE_TTM_SQ":-3.860256900547,"PB_TTM_SQ":2.09713294063,"ROA_SQ":-20.279729544722,"START_DATE":"2024-01-01 00:00:00","FISCAL_YEAR":"12-31","CURRENCY":"HKD","IS_CNY_CODE":0,"DPS_HKD_LY":null,"ORG_TYPE":"一般企业","PREMIUM_INCOME":null,"PREMIUM_INCOME_YOY":null,"NET_INTEREST_INCOME":null,"NET_INTEREST_INCOME_YOY":null,"FEE_COMMISSION_INCOME":null,"FEE_COMMISSION_INCOME_YOY":null,"ACCOUNTS_RECE_TDAYS":5.987982832618,"INVENTORY_TDAYS":null,"CURRENT_ASSETS_TDAYS":0.734322816486,"TOTAL_ASSETS_TDAYS":0.645708515651,"PREMIUM_EXPENSE":null,"LOAN_DEPOSIT":null,"LOAN_EQUITY":null,"LOAN_ASSETS":null,"DEPOSIT_EQUITY":null,"DEPOSIT_ASSETS":null,"EQUITY_MULTIPLIER":1.699685931916,"EQUITY_RATIO":0.699685931916},{"SECUCODE":"01920.HK","SECURITY_CODE":"01920","SECURITY_NAME_ABBR":"中国网成","ORG_CODE":"10000007578","STD_REPORT_DATE":"2023-12-31 00:00:00","REPORT_DATE":"2023-12-31 00:00:00","DATE_TYPE_CODE":"001","REPORT_TYPE":"2023年年报","PER_NETCASH_OPERATE":-0.000572196603,"PER_OI":0.251830405256,"BPS":0.154429182564,"BASIC_EPS":-0.149888788,"DILUTED_EPS":null,"OPERATE_INCOME":78571086.44,"OPERATE_INCOME_YOY":-29.2326779141,"GROSS_PROFIT":-19473761.58,"GROSS_PROFIT_YOY":23.848915734887,"HOLDER_PROFIT":-46777263.96,"HOLDER_PROFIT_YOY":8.1579275128,"GROSS_PROFIT_RATIO":-24.784895388803,"EPS_TTM":-0.149927128077,"OPERATE_INCOME_QOQ":-28.527565412054,"NET_PROFIT_RATIO":-59.5349588245,"ROE_AVG":-65.358268863087,"GROSS_PROFIT_QOQ":-7.536415090016,"ROA":-52.754058653094,"HOLDER_PROFIT_QOQ":-12.204027264898,"ROE_YEARLY":-65.358268863087,"ROIC_YEARLY":-63.30118280427,"TOTAL_ASSETS":65027628.54,"TOTAL_LIABILITIES":16845723.58,"TAX_EBT":null,"OCF_SALES":-0.227215058476,"TOTAL_PARENT_EQUITY":48181904.96,"DEBT_ASSET_RATIO":25.9054865727,"OPERATE_PROFIT":-46472774.04,"PRETAX_PROFIT":-46777263.96,"NETCASH_OPERATE":-178525.34,"NETCASH_INVEST":4716875.1,"NETCASH_FINANCE":-375175.08,"END_CASH":16855692,"DIVI_RATIO":null,"DIVIDEND_RATE":null,"CURRENT_RATIO":3.449351767174,"COMMON_ACS":400000000,"CURRENTDEBT_DEBT":100,"ISSUED_COMMON_SHARES":312000000,"HK_COMMON_SHARES":312000000,"PER_SHARES":10000,"TOTAL_MARKET_CAP":283920000,"HKSK_MARKET_CAP":283920000,"PE_TTM":-5.245635103926,"PB_TTM":10.249449478358,"REPORT_DATE_SQ":"2022-12-31 00:00:00","REPORT_TYPE_SQ":"2022年年报","OPERATE_INCOME_SQ":109440760.59,"DPS_HKD":null,"OPERATE_INCOME_QOQ_SQ":33.976146108871,"NET_PROFIT_RATIO_SQ":-45.8736338631,"HOLDER_PROFIT_SQ":-50204453.81,"HOLDER_PROFIT_QOQ_SQ":43.828682026881,"ROE_AVG_SQ":-44.889499452889,"PE_TTM_SQ":-4.070816367849,"PB_TTM_SQ":2.211522010119,"ROA_SQ":-35.663499214747,"START_DATE":"2023-01-01 00:00:00","FISCAL_YEAR":"12-31","CURRENCY":"HKD","IS_CNY_CODE":0,"DPS_HKD_LY":null,"ORG_TYPE":"一般企业","PREMIUM_INCOME":null,"PREMIUM_INCOME_YOY":null,"NET_INTEREST_INCOME":null,"NET_INTEREST_INCOME_YOY":null,"FEE_COMMISSION_INCOME":null,"FEE_COMMISSION_INCOME_YOY":null,"ACCOUNTS_RECE_TDAYS":14.469626168224,"INVENTORY_TDAYS":null,"CURRENT_ASSETS_TDAYS":0.984712883882,"TOTAL_ASSETS_TDAYS":0.886102211116,"PREMIUM_EXPENSE":null,"LOAN_DEPOSIT":null,"LOAN_EQUITY":null,"LOAN_ASSETS":null,"DEPOSIT_EQUITY":null,"DEPOSIT_ASSETS":null,"EQUITY_MULTIPLIER":1.349627595545,"EQUITY_RATIO":0.349627595546},{"SECUCODE":"01920.HK","SECURITY_CODE":"01920","SECURITY_NAME_ABBR":"中国网成","ORG_CODE":"10000007578","STD_REPORT_DATE":"2023-06-30 00:00:00","REPORT_DATE":"2023-06-30 00:00:00","DATE_TYPE_CODE":"002","REPORT_TYPE":"2023年中报","PER_NETCASH_OPERATE":-0.003330357244,"PER_OI":0.012185206827,"BPS":0.241801075256,"BASIC_EPS":-0.080120062,"DILUTED_EPS":null,"OPERATE_INCOME":38017845.3,"OPERATE_INCOME_YOY":-6.029944623,"GROSS_PROFIT":-13772537.24,"GROSS_PROFIT_YOY":35.145570721126,"HOLDER_PROFIT":-21168660.8,"HOLDER_PROFIT_YOY":33.8519158744,"GROSS_PROFIT_RATIO":-36.226506608464,"EPS_TTM":-0.013362009522,"OPERATE_INCOME_QOQ":0.448875635871,"NET_PROFIT_RATIO":-55.6808536437,"ROE_AVG":-24.607206396159,"GROSS_PROFIT_QOQ":29.185770046947,"ROA":-20.279729544722,"HOLDER_PROFIT_QOQ":16.960614953058,"ROE_YEARLY":-49.214412792318,"ROIC_YEARLY":-44.881004740263,"TOTAL_ASSETS":94500184.06,"TOTAL_LIABILITIES":19058248.58,"TAX_EBT":null,"OCF_SALES":-27.331150721475,"TOTAL_PARENT_EQUITY":75441935.48,"DEBT_ASSET_RATIO":20.1674195342,"OPERATE_PROFIT":-20981498.86,"PRETAX_PROFIT":-21168660.8,"NETCASH_OPERATE":-10203552.66,"NETCASH_INVEST":4702098,"NETCASH_FINANCE":-223119.16,"END_CASH":7188678.06,"DIVI_RATIO":null,"DIVIDEND_RATE":null,"CURRENT_RATIO":4.501814135746,"COMMON_ACS":400000000,"CURRENTDEBT_DEBT":100,"ISSUED_COMMON_SHARES":312000000,"HK_COMMON_SHARES":312000000,"PER_SHARES":10000,"TOTAL_MARKET_CAP":283920000,"HKSK_MARKET_CAP":283920000,"PE_TTM":-5.245635103926,"PB_TTM":10.249449478358,"REPORT_DATE_SQ":"2022-06-30 00:00:00","REPORT_TYPE_SQ":"2022年中报","OPERATE_INCOME_SQ":37526592.39,"DPS_HKD":null,"OPERATE_INCOME_QOQ_SQ":-14.938011273189,"NET_PROFIT_RATIO_SQ":-79.1002939769,"HOLDER_PROFIT_SQ":-29683644.9,"HOLDER_PROFIT_QOQ_SQ":-31.412448745586,"ROE_AVG_SQ":-25.53360527003,"PE_TTM_SQ":-4.070816367849,"PB_TTM_SQ":2.211522010119,"ROA_SQ":-20.926215646732,"START_DATE":"2023-01-01 00:00:00","FISCAL_YEAR":"12-31","CURRENCY":"HKD","IS_CNY_CODE":0,"DPS_HKD_LY":null,"ORG_TYPE":"一般企业","PREMIUM_INCOME":null,"PREMIUM_INCOME_YOY":null,"NET_INTEREST_INCOME":null,"NET_INTEREST_INCOME_YOY":null,"FEE_COMMISSION_INCOME":null,"FEE_COMMISSION_INCOME_YOY":null,"ACCOUNTS_RECE_TDAYS":5.349636741048,"INVENTORY_TDAYS":null,"CURRENT_ASSETS_TDAYS":0.40222793404,"TOTAL_ASSETS_TDAYS":0.364213696767,"PREMIUM_EXPENSE":null,"LOAN_DEPOSIT":null,"LOAN_EQUITY":null,"LOAN_ASSETS":null,"DEPOSIT_EQUITY":null,"DEPOSIT_ASSETS":null,"EQUITY_MULTIPLIER":1.252621416175,"EQUITY_RATIO":0.252621416176},{"SECUCODE":"01920.HK","SECURITY_CODE":"01920","SECURITY_NAME_ABBR":"中国网成","ORG_CODE":"10000007578","STD_REPORT_DATE":"2022-12-31 00:00:00","REPORT_DATE":"2022-12-31 00:00:00","DATE_TYPE_CODE":"001","REPORT_TYPE":"2022年年报","PER_NETCASH_OPERATE":-0.001546044231,"PER_OI":0.035077166856,"BPS":0.300007019936,"BASIC_EPS":-0.174098323,"DILUTED_EPS":null,"OPERATE_INCOME":109440760.59,"OPERATE_INCOME_YOY":4.3088475685,"GROSS_PROFIT":-25572533.56,"GROSS_PROFIT_YOY":50.712952069905,"HOLDER_PROFIT":-50204453.81,"HOLDER_PROFIT_YOY":32.436948525,"GROSS_PROFIT_RATIO":-23.366553213024,"EPS_TTM":-0.016091171093,"OPERATE_INCOME_QOQ":33.976146108871,"NET_PROFIT_RATIO":-45.8736338631,"ROE_AVG":-44.889499452889,"GROSS_PROFIT_QOQ":62.502273116626,"ROA":-35.663499214747,"HOLDER_PROFIT_QOQ":43.828682026881,"ROE_YEARLY":-44.889499452889,"ROIC_YEARLY":-38.545895972786,"TOTAL_ASSETS":110708310.72,"TOTAL_LIABILITIES":17106120.5,"TAX_EBT":0.190019534719,"OCF_SALES":-4.407551605083,"TOTAL_PARENT_EQUITY":93602190.22,"DEBT_ASSET_RATIO":15.4515233669,"OPERATE_PROFIT":-50047238.29,"PRETAX_PROFIT":-50300033.7,"NETCASH_OPERATE":-4854922.45,"NETCASH_INVEST":1212167.39,"NETCASH_FINANCE":7611553.67,"END_CASH":12511139.62,"DIVI_RATIO":null,"DIVIDEND_RATE":null,"CURRENT_RATIO":5.847310704961,"COMMON_ACS":400000000,"CURRENTDEBT_DEBT":100,"ISSUED_COMMON_SHARES":312000000,"HK_COMMON_SHARES":312000000,"PER_SHARES":10000,"TOTAL_MARKET_CAP":283920000,"HKSK_MARKET_CAP":283920000,"PE_TTM":-5.245635103926,"PB_TTM":10.249449478358,"REPORT_DATE_SQ":"2021-12-31 00:00:00","REPORT_TYPE_SQ":"2021年年报","OPERATE_INCOME_SQ":96032025.6,"DPS_HKD":null,"OPERATE_INCOME_QOQ_SQ":-19.351686981146,"NET_PROFIT_RATIO_SQ":-70.8231167416,"HOLDER_PROFIT_SQ":-68012873.6,"HOLDER_PROFIT_QOQ_SQ":-458.837921017775,"ROE_AVG_SQ":-44.433880125846,"PE_TTM_SQ":-4.070816367849,"PB_TTM_SQ":2.211522010119,"ROA_SQ":-37.406552194745,"START_DATE":"2022-01-01 00:00:00","FISCAL_YEAR":"12-31","CURRENCY":"HKD","IS_CNY_CODE":0,"DPS_HKD_LY":null,"ORG_TYPE":"一般企业","PREMIUM_INCOME":null,"PREMIUM_INCOME_YOY":null,"NET_INTEREST_INCOME":null,"NET_INTEREST_INCOME_YOY":null,"FEE_COMMISSION_INCOME":null,"FEE_COMMISSION_INCOME_YOY":null,"ACCOUNTS_RECE_TDAYS":16.038355805734,"INVENTORY_TDAYS":null,"CURRENT_ASSETS_TDAYS":0.842217784484,"TOTAL_ASSETS_TDAYS":0.777429128924,"PREMIUM_EXPENSE":null,"LOAN_DEPOSIT":null,"LOAN_EQUITY":null,"LOAN_ASSETS":null,"DEPOSIT_EQUITY":null,"DEPOSIT_ASSETS":null,"EQUITY_MULTIPLIER":1.182753421259,"EQUITY_RATIO":0.182753421259},{"SECUCODE":"01920.HK","SECURITY_CODE":"01920","SECURITY_NAME_ABBR":"中国网成","ORG_CODE":"10000007578","STD_REPORT_DATE":"2022-06-30 00:00:00","REPORT_DATE":"2022-06-30 00:00:00","DATE_TYPE_CODE":"002","REPORT_TYPE":"2022年中报","PER_NETCASH_OPERATE":-0.000099772167,"PER_OI":0.012027753971,"BPS":0.34606962766,"BASIC_EPS":-0.011202989,"DILUTED_EPS":null,"OPERATE_INCOME":37526592.39,"OPERATE_INCOME_YOY":-29.6102021174,"GROSS_PROFIT":-21236078.08,"GROSS_PROFIT_YOY":-331.328009129009,"HOLDER_PROFIT":-29683644.9,"HOLDER_PROFIT_YOY":-247.1694338868,"GROSS_PROFIT_RATIO":-56.589412274105,"EPS_TTM":-0.028646597006,"OPERATE_INCOME_QOQ":-14.938011273189,"NET_PROFIT_RATIO":-79.1002939769,"ROE_AVG":-25.53360527003,"GROSS_PROFIT_QOQ":-31.440095244674,"ROA":-20.926215646732,"HOLDER_PROFIT_QOQ":-31.412448745586,"ROE_YEARLY":-51.06721054006,"ROIC_YEARLY":-47.069512625098,"TOTAL_ASSETS":120143932.72,"TOTAL_LIABILITIES":12170208.89,"TAX_EBT":0.247154845385,"OCF_SALES":-0.829516191518,"TOTAL_PARENT_EQUITY":107973723.83,"DEBT_ASSET_RATIO":10.1296907921,"OPERATE_PROFIT":-29638319.83,"PRETAX_PROFIT":-29757191.24,"NETCASH_OPERATE":-311289.16,"NETCASH_INVEST":7758283.68,"NETCASH_FINANCE":7641122.65,"END_CASH":23266299.14,"DIVI_RATIO":null,"DIVIDEND_RATE":null,"CURRENT_RATIO":9.414919071077,"COMMON_ACS":400000000,"CURRENTDEBT_DEBT":99.852434825381,"ISSUED_COMMON_SHARES":312000000,"HK_COMMON_SHARES":312000000,"PER_SHARES":10000,"TOTAL_MARKET_CAP":283920000,"HKSK_MARKET_CAP":283920000,"PE_TTM":-5.245635103926,"PB_TTM":10.249449478358,"REPORT_DATE_SQ":"2021-06-30 00:00:00","REPORT_TYPE_SQ":"2021年中报","OPERATE_INCOME_SQ":51871867.2,"DPS_HKD":null,"OPERATE_INCOME_QOQ_SQ":-53.607856932269,"NET_PROFIT_RATIO_SQ":-16.0378569137,"HOLDER_PROFIT_SQ":-8319135.84,"HOLDER_PROFIT_QOQ_SQ":-296.232226725676,"ROE_AVG_SQ":-4.467241864642,"PE_TTM_SQ":-4.070816367849,"PB_TTM_SQ":2.211522010119,"ROA_SQ":-3.975853786565,"START_DATE":"2022-01-01 00:00:00","FISCAL_YEAR":"12-31","CURRENCY":"HKD","IS_CNY_CODE":0,"DPS_HKD_LY":null,"ORG_TYPE":"一般企业","PREMIUM_INCOME":null,"PREMIUM_INCOME_YOY":null,"NET_INTEREST_INCOME":null,"NET_INTEREST_INCOME_YOY":null,"FEE_COMMISSION_INCOME":null,"FEE_COMMISSION_INCOME_YOY":null,"ACCOUNTS_RECE_TDAYS":null,"INVENTORY_TDAYS":null,"CURRENT_ASSETS_TDAYS":0.280614806122,"TOTAL_ASSETS_TDAYS":0.264552944049,"PREMIUM_EXPENSE":null,"LOAN_DEPOSIT":null,"LOAN_EQUITY":null,"LOAN_ASSETS":null,"DEPOSIT_EQUITY":null,"DEPOSIT_ASSETS":null,"EQUITY_MULTIPLIER":1.11271454256,"EQUITY_RATIO":0.11271454256},{"SECUCODE":"01920.HK","SECURITY_CODE":"01920","SECURITY_NAME_ABBR":"中国网成","ORG_CODE":"10000007578","STD_REPORT_DATE":"2021-12-31 00:00:00","REPORT_DATE":"2021-12-31 00:00:00","DATE_TYPE_CODE":"001","REPORT_TYPE":"2021年年报","PER_NETCASH_OPERATE":0.002673866462,"PER_OI":0.036935394462,"BPS":0.381599076923,"BASIC_EPS":-0.0261632,"DILUTED_EPS":-0.0261632,"OPERATE_INCOME":96032025.6,"OPERATE_INCOME_YOY":-61.4854163593,"GROSS_PROFIT":-51884896,"GROSS_PROFIT_YOY":-1721.01956808391,"HOLDER_PROFIT":-68012873.6,"HOLDER_PROFIT_YOY":-1228.8641606731,"GROSS_PROFIT_RATIO":-54.028742678109,"EPS_TTM":-0.026158797538,"OPERATE_INCOME_QOQ":-19.351686981146,"NET_PROFIT_RATIO":-70.8231167416,"ROE_AVG":-44.433880125846,"GROSS_PROFIT_QOQ":-186.777002664411,"ROA":-37.406552194745,"HOLDER_PROFIT_QOQ":-458.837921017775,"ROE_YEARLY":-44.433880125846,"ROIC_YEARLY":-38.757952657952,"TOTAL_ASSETS":156365182.4,"TOTAL_LIABILITIES":37306270.4,"TAX_EBT":-0.044498430528,"OCF_SALES":7.239306633974,"TOTAL_PARENT_EQUITY":119058912,"DEBT_ASSET_RATIO":23.8584254035,"OPERATE_PROFIT":-67640865.6,"PRETAX_PROFIT":-67982622.4,"NETCASH_OPERATE":6952052.8,"NETCASH_INVEST":-2455252.8,"NETCASH_FINANCE":-1538723.2,"END_CASH":7818708.8,"DIVI_RATIO":null,"DIVIDEND_RATE":null,"CURRENT_RATIO":3.931351873819,"COMMON_ACS":400000000,"CURRENTDEBT_DEBT":99.765500010958,"ISSUED_COMMON_SHARES":312000000,"HK_COMMON_SHARES":312000000,"PER_SHARES":10000,"TOTAL_MARKET_CAP":283920000,"HKSK_MARKET_CAP":283920000,"PE_TTM":-5.245635103926,"PB_TTM":10.249449478358,"REPORT_DATE_SQ":"2020-12-31 00:00:00","REPORT_TYPE_SQ":"2020年年报","OPERATE_INCOME_SQ":256670742.6,"DPS_HKD":null,"OPERATE_INCOME_QOQ_SQ":-42.055326089228,"NET_PROFIT_RATIO_SQ":2.416342859,"HOLDER_PROFIT_SQ":6202045.16,"HOLDER_PROFIT_QOQ_SQ":-77.692634422863,"ROE_AVG_SQ":3.273343505618,"PE_TTM_SQ":-4.070816367849,"PB_TTM_SQ":2.211522010119,"ROA_SQ":2.859188183005,"START_DATE":"2021-01-01 00:00:00","FISCAL_YEAR":"12-31","CURRENCY":"HKD","IS_CNY_CODE":0,"DPS_HKD_LY":null,"ORG_TYPE":"一般企业","PREMIUM_INCOME":null,"PREMIUM_INCOME_YOY":null,"NET_INTEREST_INCOME":null,"NET_INTEREST_INCOME_YOY":null,"FEE_COMMISSION_INCOME":null,"FEE_COMMISSION_INCOME_YOY":null,"ACCOUNTS_RECE_TDAYS":12.559452523524,"INVENTORY_TDAYS":null,"CURRENT_ASSETS_TDAYS":0.55816340593,"TOTAL_ASSETS_TDAYS":0.528168681579,"PREMIUM_EXPENSE":null,"LOAN_DEPOSIT":null,"LOAN_EQUITY":null,"LOAN_ASSETS":null,"DEPOSIT_EQUITY":null,"DEPOSIT_ASSETS":null,"EQUITY_MULTIPLIER":1.313342947397,"EQUITY_RATIO":0.313342947397},{"SECUCODE":"01920.HK","SECURITY_CODE":"01920","SECURITY_NAME_ABBR":"中国网成","ORG_CODE":"10000007578","STD_REPORT_DATE":"2021-06-30 00:00:00","REPORT_DATE":"2021-06-30 00:00:00","DATE_TYPE_CODE":"002","REPORT_TYPE":"2021年中报","PER_NETCASH_OPERATE":-0.000602297908,"PER_OI":0.019950718154,"BPS":0.583544104615,"BASIC_EPS":-0.003161904,"DILUTED_EPS":null,"OPERATE_INCOME":51871867.2,"OPERATE_INCOME_YOY":-69.9453288465,"GROSS_PROFIT":-4923417.36,"GROSS_PROFIT_YOY":-130.076298548927,"HOLDER_PROFIT":-8319135.84,"HOLDER_PROFIT_YOY":-190.8413592586,"GROSS_PROFIT_RATIO":-9.491498235483,"EPS_TTM":-0.004680927431,"OPERATE_INCOME_QOQ":-53.607856932269,"NET_PROFIT_RATIO":-16.0378569137,"ROE_AVG":-4.467241864642,"GROSS_PROFIT_QOQ":-665.254379892116,"ROA":-3.975853786565,"HOLDER_PROFIT_QOQ":-296.232226725676,"ROE_YEARLY":-8.934483729285,"ROIC_YEARLY":-8.188219299808,"TOTAL_ASSETS":207535729.44,"TOTAL_LIABILITIES":25469968.8,"TAX_EBT":0.338915470494,"OCF_SALES":-3.01892845685,"TOTAL_PARENT_EQUITY":182065760.64,"DEBT_ASSET_RATIO":12.2725705442,"OPERATE_PROFIT":-8167697.28,"PRETAX_PROFIT":-8347426.56,"NETCASH_OPERATE":-1565974.56,"NETCASH_INVEST":-2498736.24,"NETCASH_FINANCE":6258905.76,"END_CASH":7140910.56,"DIVI_RATIO":null,"DIVIDEND_RATE":null,"CURRENT_RATIO":7.721250245724,"COMMON_ACS":400000000,"CURRENTDEBT_DEBT":99.712512250898,"ISSUED_COMMON_SHARES":312000000,"HK_COMMON_SHARES":312000000,"PER_SHARES":10000,"TOTAL_MARKET_CAP":283920000,"HKSK_MARKET_CAP":283920000,"PE_TTM":-5.245635103926,"PB_TTM":10.249449478358,"REPORT_DATE_SQ":"2020-06-30 00:00:00","REPORT_TYPE_SQ":"2020年中报","OPERATE_INCOME_SQ":189467551.68,"DPS_HKD":null,"OPERATE_INCOME_QOQ_SQ":-11.402662976226,"NET_PROFIT_RATIO_SQ":5.3060909643,"HOLDER_PROFIT_SQ":10053320.64,"HOLDER_PROFIT_QOQ_SQ":-13.366281374586,"ROE_AVG_SQ":4.849740019388,"PE_TTM_SQ":-4.070816367849,"PB_TTM_SQ":2.211522010119,"ROA_SQ":4.050157778044,"START_DATE":"2021-01-01 00:00:00","FISCAL_YEAR":"12-31","CURRENCY":"HKD","IS_CNY_CODE":0,"DPS_HKD_LY":null,"ORG_TYPE":"一般企业","PREMIUM_INCOME":null,"PREMIUM_INCOME_YOY":null,"NET_INTEREST_INCOME":null,"NET_INTEREST_INCOME_YOY":null,"FEE_COMMISSION_INCOME":null,"FEE_COMMISSION_INCOME_YOY":null,"ACCOUNTS_RECE_TDAYS":8.302590397549,"INVENTORY_TDAYS":null,"CURRENT_ASSETS_TDAYS":0.261071128691,"TOTAL_ASSETS_TDAYS":0.247904305916,"PREMIUM_EXPENSE":null,"LOAN_DEPOSIT":null,"LOAN_EQUITY":null,"LOAN_ASSETS":null,"DEPOSIT_EQUITY":null,"DEPOSIT_ASSETS":null,"EQUITY_MULTIPLIER":1.139894336587,"EQUITY_RATIO":0.139894336587},{"SECUCODE":"01920.HK","SECURITY_CODE":"01920","SECURITY_NAME_ABBR":"中国网成","ORG_CODE":"10000007578","STD_REPORT_DATE":"2020-12-31 00:00:00","REPORT_DATE":"2020-12-31 00:00:00","DATE_TYPE_CODE":"001","REPORT_TYPE":"2020年年报","PER_NETCASH_OPERATE":-0.008968645323,"PER_OI":0.098719516385,"BPS":0.617218852051,"BASIC_EPS":0.002356592,"DILUTED_EPS":0.002356592,"OPERATE_INCOME":256670742.6,"OPERATE_INCOME_YOY":-45.3601893442,"GROSS_PROFIT":3200756.92,"GROSS_PROFIT_YOY":-94.908808850691,"HOLDER_PROFIT":6202045.16,"HOLDER_PROFIT_YOY":-79.431139396,"GROSS_PROFIT_RATIO":1.247028347515,"EPS_TTM":0.002385401985,"OPERATE_INCOME_QOQ":-42.055326089228,"NET_PROFIT_RATIO":2.416342859,"ROE_AVG":3.273343505618,"GROSS_PROFIT_QOQ":-93.426774014209,"ROA":2.859188183005,"HOLDER_PROFIT_QOQ":-77.692634422863,"ROE_YEARLY":3.273343505618,"ROIC_YEARLY":3.039891093602,"TOTAL_ASSETS":213370889.52,"TOTAL_LIABILITIES":20798607.68,"TAX_EBT":-5.618460656443,"OCF_SALES":-9.08497696457,"TOTAL_PARENT_EQUITY":192572281.84,"DEBT_ASSET_RATIO":9.7476313319,"OPERATE_PROFIT":6479786.36,"PRETAX_PROFIT":5872122.28,"NETCASH_OPERATE":-23318477.84,"NETCASH_INVEST":-3950658.16,"NETCASH_FINANCE":11487544.36,"END_CASH":5003549.8,"DIVI_RATIO":null,"DIVIDEND_RATE":null,"CURRENT_RATIO":9.837454249695,"COMMON_ACS":400000000,"CURRENTDEBT_DEBT":99.506312722564,"ISSUED_COMMON_SHARES":312000000,"HK_COMMON_SHARES":312000000,"PER_SHARES":10000,"TOTAL_MARKET_CAP":283920000,"HKSK_MARKET_CAP":283920000,"PE_TTM":-5.245635103926,"PB_TTM":10.249449478358,"REPORT_DATE_SQ":"2019-12-31 00:00:00","REPORT_TYPE_SQ":"2019年年报","OPERATE_INCOME_SQ":499967961.86,"DPS_HKD":null,"OPERATE_INCOME_QOQ_SQ":9.950605117477,"NET_PROFIT_RATIO_SQ":6.4188541523,"HOLDER_PROFIT_SQ":32092214.28,"HOLDER_PROFIT_QOQ_SQ":-0.114157127929,"ROE_AVG_SQ":24.08972626228,"PE_TTM_SQ":-4.070816367849,"PB_TTM_SQ":2.211522010119,"ROA_SQ":16.938726782299,"START_DATE":"2020-01-01 00:00:00","FISCAL_YEAR":"12-31","CURRENCY":"HKD","IS_CNY_CODE":0,"DPS_HKD_LY":null,"ORG_TYPE":"一般企业","PREMIUM_INCOME":null,"PREMIUM_INCOME_YOY":null,"NET_INTEREST_INCOME":null,"NET_INTEREST_INCOME_YOY":null,"FEE_COMMISSION_INCOME":null,"FEE_COMMISSION_INCOME_YOY":null,"ACCOUNTS_RECE_TDAYS":16.0271704856,"INVENTORY_TDAYS":null,"CURRENT_ASSETS_TDAYS":1.244940572779,"TOTAL_ASSETS_TDAYS":1.183270897313,"PREMIUM_EXPENSE":null,"LOAN_DEPOSIT":null,"LOAN_EQUITY":null,"LOAN_ASSETS":null,"DEPOSIT_EQUITY":null,"DEPOSIT_ASSETS":null,"EQUITY_MULTIPLIER":1.10800416073,"EQUITY_RATIO":0.10800416073},{"SECUCODE":"01920.HK","SECURITY_CODE":"01920","SECURITY_NAME_ABBR":"中国网成","ORG_CODE":"10000007578","STD_REPORT_DATE":"2020-06-30 00:00:00","REPORT_DATE":"2020-06-30 00:00:00","DATE_TYPE_CODE":"002","REPORT_TYPE":"2020年中报","PER_NETCASH_OPERATE":-0.009533854338,"PER_OI":0.072872135262,"BPS":0.680521583077,"BASIC_EPS":0.003836448,"DILUTED_EPS":null,"OPERATE_INCOME":189467551.68,"OPERATE_INCOME_YOY":-25.9725335123,"GROSS_PROFIT":16369758.24,"GROSS_PROFIT_YOY":-46.406739298125,"HOLDER_PROFIT":10053320.64,"HOLDER_PROFIT_YOY":-32.499233364,"GROSS_PROFIT_RATIO":8.639874265989,"EPS_TTM":0.010693337931,"OPERATE_INCOME_QOQ":-11.402662976226,"NET_PROFIT_RATIO":5.3060909643,"ROE_AVG":4.849740019388,"GROSS_PROFIT_QOQ":-22.54653711412,"ROA":4.050157778044,"HOLDER_PROFIT_QOQ":-13.366281374586,"ROE_YEARLY":9.699480038777,"ROIC_YEARLY":8.647790711836,"TOTAL_ASSETS":257171724.48,"TOTAL_LIABILITIES":44848990.56,"TAX_EBT":15.299368939511,"OCF_SALES":-13.082990232473,"TOTAL_PARENT_EQUITY":212322733.92,"DEBT_ASSET_RATIO":17.4393163365,"OPERATE_PROFIT":12016303.2,"PRETAX_PROFIT":11869239.36,"NETCASH_OPERATE":-24788021.28,"NETCASH_INVEST":null,"NETCASH_FINANCE":11100122.88,"END_CASH":8870415.84,"DIVI_RATIO":null,"DIVIDEND_RATE":null,"CURRENT_RATIO":6.541267869755,"COMMON_ACS":400000000,"CURRENTDEBT_DEBT":83.628994480539,"ISSUED_COMMON_SHARES":312000000,"HK_COMMON_SHARES":312000000,"PER_SHARES":10000,"TOTAL_MARKET_CAP":283920000,"HKSK_MARKET_CAP":283920000,"PE_TTM":-5.245635103926,"PB_TTM":10.249449478358,"REPORT_DATE_SQ":"2019-06-30 00:00:00","REPORT_TYPE_SQ":"2019年中报","OPERATE_INCOME_SQ":246477213.36,"DPS_HKD":null,"OPERATE_INCOME_QOQ_SQ":7.038049692018,"NET_PROFIT_RATIO_SQ":5.8191408871,"HOLDER_PROFIT_SQ":14342856.3,"HOLDER_PROFIT_QOQ_SQ":5.184651618662,"ROE_AVG_SQ":19.375308216533,"PE_TTM_SQ":-4.070816367849,"PB_TTM_SQ":2.211522010119,"ROA_SQ":10.142322190567,"START_DATE":"2020-01-01 00:00:00","FISCAL_YEAR":"12-31","CURRENCY":"HKD","IS_CNY_CODE":0,"DPS_HKD_LY":null,"ORG_TYPE":"一般企业","PREMIUM_INCOME":null,"PREMIUM_INCOME_YOY":null,"NET_INTEREST_INCOME":null,"NET_INTEREST_INCOME_YOY":null,"FEE_COMMISSION_INCOME":null,"FEE_COMMISSION_INCOME_YOY":null,"ACCOUNTS_RECE_TDAYS":9.030715980582,"INVENTORY_TDAYS":null,"CURRENT_ASSETS_TDAYS":0.803004171385,"TOTAL_ASSETS_TDAYS":0.763303495037,"PREMIUM_EXPENSE":null,"LOAN_DEPOSIT":null,"LOAN_EQUITY":null,"LOAN_ASSETS":null,"DEPOSIT_EQUITY":null,"DEPOSIT_ASSETS":null,"EQUITY_MULTIPLIER":1.211230280112,"EQUITY_RATIO":0.211230280112}],"count":17},"success":true,"message":"ok","code":0}