{"version":"51c8e609bf448e339b01524f6f4c1f98","result":{"pages":6,"data":[{"SECUCODE":"01928.HK","SECURITY_CODE":"01928","SECURITY_NAME_ABBR":"金沙中国有限公司","ORG_CODE":"10132126","STD_REPORT_DATE":"2024-06-30 00:00:00","REPORT_DATE":"2024-06-30 00:00:00","DATE_TYPE_CODE":"002","REPORT_TYPE":"2024年中报","PER_NETCASH_OPERATE":0.913152724363,"PER_OI":3.126909666552,"BPS":0.464061220578,"BASIC_EPS":0.47678292,"DILUTED_EPS":0.47678292,"OPERATE_INCOME":25307266800,"OPERATE_INCOME_YOY":22.6597582038,"GROSS_PROFIT":24986560800,"GROSS_PROFIT_YOY":20.865593385324,"HOLDER_PROFIT":3855598800,"HOLDER_PROFIT_YOY":209.1428571429,"GROSS_PROFIT_RATIO":98.732751337651,"EPS_TTM":0.925733451508,"OPERATE_INCOME_QOQ":9.482997300047,"NET_PROFIT_RATIO":15.2351450296,"ROE_AVG":206.883365200765,"GROSS_PROFIT_QOQ":9.436408355246,"ROA":5.198673905732,"HOLDER_PROFIT_QOQ":52.866008039944,"ROE_YEARLY":413.76673040153,"ROIC_YEARLY":12.250212284178,"TOTAL_ASSETS":75223374000,"TOTAL_LIABILITIES":71467550400,"TAX_EBT":-8.63453815261,"OCF_SALES":29.20304139679,"TOTAL_PARENT_EQUITY":3755823600,"DEBT_ASSET_RATIO":95.0071056371,"OPERATE_PROFIT":4903238400,"PRETAX_PROFIT":3549146400,"NETCASH_OPERATE":7390491600,"NETCASH_INVEST":-1368345600,"NETCASH_FINANCE":-2986129200,"END_CASH":12735591600,"DIVI_RATIO":null,"DIVIDEND_RATE":null,"CURRENT_RATIO":1.553530751708,"COMMON_ACS":16000000000,"CURRENTDEBT_DEBT":13.133226964499,"ISSUED_COMMON_SHARES":8093379566,"HK_COMMON_SHARES":8093379566,"PER_SHARES":400,"TOTAL_MARKET_CAP":140015466491.8,"HKSK_MARKET_CAP":140015466491.8,"PE_TTM":16.948172081192,"PB_TTM":34.024312543542,"REPORT_DATE_SQ":"2023-06-30 00:00:00","REPORT_TYPE_SQ":"2023年中报","OPERATE_INCOME_SQ":20918691000,"DPS_HKD":null,"OPERATE_INCOME_QOQ_SQ":132.20180775355,"NET_PROFIT_RATIO_SQ":6.0449050086,"HOLDER_PROFIT_SQ":1264515000,"HOLDER_PROFIT_QOQ_SQ":57.770744396268,"ROE_AVG_SQ":-28.548123980424,"PE_TTM_SQ":-38.049774908005,"PB_TTM_SQ":-6083.76703370242,"ROA_SQ":1.680349512699,"START_DATE":"2024-01-01 00:00:00","FISCAL_YEAR":"12-31","CURRENCY":"HKD","IS_CNY_CODE":0,"DPS_HKD_LY":null,"ORG_TYPE":"一般企业","PREMIUM_INCOME":null,"PREMIUM_INCOME_YOY":null,"NET_INTEREST_INCOME":null,"NET_INTEREST_INCOME_YOY":null,"FEE_COMMISSION_INCOME":null,"FEE_COMMISSION_INCOME_YOY":null,"ACCOUNTS_RECE_TDAYS":13.425330812854,"INVENTORY_TDAYS":1.730769230769,"CURRENT_ASSETS_TDAYS":1.904532046125,"TOTAL_ASSETS_TDAYS":0.341229039543,"PREMIUM_EXPENSE":null,"LOAN_DEPOSIT":null,"LOAN_EQUITY":null,"LOAN_ASSETS":null,"DEPOSIT_EQUITY":null,"DEPOSIT_ASSETS":null,"EQUITY_MULTIPLIER":20.028462997947,"EQUITY_RATIO":19.028462998102},{"SECUCODE":"01928.HK","SECURITY_CODE":"01928","SECURITY_NAME_ABBR":"金沙中国有限公司","ORG_CODE":"10132126","STD_REPORT_DATE":"2023-12-31 00:00:00","REPORT_DATE":"2023-12-31 00:00:00","DATE_TYPE_CODE":"001","REPORT_TYPE":"2023年年报","PER_NETCASH_OPERATE":2.006656300691,"PER_OI":5.718051578158,"BPS":-0.003500490712,"BASIC_EPS":0.60627912,"DILUTED_EPS":0.60627912,"OPERATE_INCOME":46278361800,"OPERATE_INCOME_YOY":307.1028037383,"GROSS_PROFIT":45711745800,"GROSS_PROFIT_YOY":315.670782908161,"HOLDER_PROFIT":4901228400,"HOLDER_PROFIT_YOY":143.7420986094,"GROSS_PROFIT_RATIO":98.775635139272,"EPS_TTM":0.605584893187,"OPERATE_INCOME_QOQ":78.295821500301,"NET_PROFIT_RATIO":10.5907560453,"ROE_AVG":-196.590909090909,"GROSS_PROFIT_QOQ":78.446949666032,"ROA":6.647454370797,"HOLDER_PROFIT_QOQ":205.338919109283,"ROE_YEARLY":-196.590909090909,"ROIC_YEARLY":7.413359044405,"TOTAL_ASSETS":72654336600,"TOTAL_LIABILITIES":72682667400,"TAX_EBT":6.612685560054,"OCF_SALES":35.093357820631,"TOTAL_PARENT_EQUITY":-28330800,"DEBT_ASSET_RATIO":100.0389939559,"OPERATE_PROFIT":8676307500,"PRETAX_PROFIT":5248280700,"NETCASH_OPERATE":16240631100,"NETCASH_INVEST":-1274886000,"NETCASH_FINANCE":-17366780400,"END_CASH":9639554700,"DIVI_RATIO":null,"DIVIDEND_RATE":null,"CURRENT_RATIO":1.22667638484,"COMMON_ACS":16000000000,"CURRENTDEBT_DEBT":13.369713506139,"ISSUED_COMMON_SHARES":8093379566,"HK_COMMON_SHARES":8093379566,"PER_SHARES":400,"TOTAL_MARKET_CAP":137425585030.68,"HKSK_MARKET_CAP":137425585030.68,"PE_TTM":16.634679880846,"PB_TTM":33.39496109765,"REPORT_DATE_SQ":"2022-12-31 00:00:00","REPORT_TYPE_SQ":"2022年年报","OPERATE_INCOME_SQ":11178183000,"DPS_HKD":null,"OPERATE_INCOME_QOQ_SQ":-20.152018980793,"NET_PROFIT_RATIO_SQ":-98.5669781931,"HOLDER_PROFIT_SQ":-11017997200,"HOLDER_PROFIT_QOQ_SQ":-18.20490919553,"ROE_AVG_SQ":-1682.97872340426,"PE_TTM_SQ":-39.668914265792,"PB_TTM_SQ":-6342.65073726423,"ROA_SQ":-15.317583268784,"START_DATE":"2023-01-01 00:00:00","FISCAL_YEAR":"12-31","CURRENCY":"HKD","IS_CNY_CODE":0,"DPS_HKD_LY":null,"ORG_TYPE":"一般企业","PREMIUM_INCOME":null,"PREMIUM_INCOME_YOY":null,"NET_INTEREST_INCOME":null,"NET_INTEREST_INCOME_YOY":null,"FEE_COMMISSION_INCOME":null,"FEE_COMMISSION_INCOME_YOY":null,"ACCOUNTS_RECE_TDAYS":29.632653061224,"INVENTORY_TDAYS":3.555555555556,"CURRENT_ASSETS_TDAYS":3.681126760563,"TOTAL_ASSETS_TDAYS":0.627665706052,"PREMIUM_EXPENSE":null,"LOAN_DEPOSIT":null,"LOAN_EQUITY":null,"LOAN_ASSETS":null,"DEPOSIT_EQUITY":null,"DEPOSIT_ASSETS":null,"EQUITY_MULTIPLIER":-2564.50000242278,"EQUITY_RATIO":-2565.5},{"SECUCODE":"01928.HK","SECURITY_CODE":"01928","SECURITY_NAME_ABBR":"金沙中国有限公司","ORG_CODE":"10132126","STD_REPORT_DATE":"2023-06-30 00:00:00","REPORT_DATE":"2023-06-30 00:00:00","DATE_TYPE_CODE":"002","REPORT_TYPE":"2023年中报","PER_NETCASH_OPERATE":0.933872770746,"PER_OI":2.58466698978,"BPS":-0.469614796761,"BASIC_EPS":0.15607728,"DILUTED_EPS":0.15607728,"OPERATE_INCOME":20918691000,"OPERATE_INCOME_YOY":216.393442623,"GROSS_PROFIT":20673013800,"GROSS_PROFIT_YOY":241.494830221365,"HOLDER_PROFIT":1264515000,"HOLDER_PROFIT_YOY":123.0263157895,"GROSS_PROFIT_RATIO":98.825561312608,"EPS_TTM":-0.57489188071,"OPERATE_INCOME_QOQ":132.20180775355,"NET_PROFIT_RATIO":6.0449050086,"ROE_AVG":-28.548123980424,"GROSS_PROFIT_QOQ":132.938015295919,"ROA":1.680349512699,"HOLDER_PROFIT_QOQ":57.770744396268,"ROE_YEARLY":-57.096247960848,"ROIC_YEARLY":3.721226941683,"TOTAL_ASSETS":74187288600,"TOTAL_LIABILITIES":77988059400,"TAX_EBT":-1.156069364162,"OCF_SALES":36.131260794473,"TOTAL_PARENT_EQUITY":-3800770800,"DEBT_ASSET_RATIO":105.1232102854,"OPERATE_PROFIT":3128771400,"PRETAX_PROFIT":1250063400,"NETCASH_OPERATE":7558186800,"NETCASH_INVEST":-368515800,"NETCASH_FINANCE":-10571345400,"END_CASH":8873282400,"DIVI_RATIO":null,"DIVIDEND_RATE":null,"CURRENT_RATIO":1.234797297297,"COMMON_ACS":16000000000,"CURRENTDEBT_DEBT":10.97007319559,"ISSUED_COMMON_SHARES":8093379566,"HK_COMMON_SHARES":8093379566,"PER_SHARES":400,"TOTAL_MARKET_CAP":137425585030.68,"HKSK_MARKET_CAP":137425585030.68,"PE_TTM":16.634679880846,"PB_TTM":33.39496109765,"REPORT_DATE_SQ":"2022-06-30 00:00:00","REPORT_TYPE_SQ":"2022年中报","OPERATE_INCOME_SQ":6140931000,"DPS_HKD":null,"OPERATE_INCOME_QOQ_SQ":-23.600126694509,"NET_PROFIT_RATIO_SQ":-83.0601092896,"HOLDER_PROFIT_SQ":-5100664000,"HOLDER_PROFIT_QOQ_SQ":-39.501214175914,"ROE_AVG_SQ":-149.312377210216,"PE_TTM_SQ":-39.668914265792,"PB_TTM_SQ":-6342.65073726423,"ROA_SQ":-7.647798742138,"START_DATE":"2023-01-01 00:00:00","FISCAL_YEAR":"12-31","CURRENCY":"HKD","IS_CNY_CODE":0,"DPS_HKD_LY":null,"ORG_TYPE":"一般企业","PREMIUM_INCOME":null,"PREMIUM_INCOME_YOY":null,"NET_INTEREST_INCOME":null,"NET_INTEREST_INCOME_YOY":null,"FEE_COMMISSION_INCOME":null,"FEE_COMMISSION_INCOME_YOY":null,"ACCOUNTS_RECE_TDAYS":16.35593220339,"INVENTORY_TDAYS":1.7,"CURRENT_ASSETS_TDAYS":1.739261039351,"TOTAL_ASSETS_TDAYS":0.277977819386,"PREMIUM_EXPENSE":null,"LOAN_DEPOSIT":null,"LOAN_EQUITY":null,"LOAN_ASSETS":null,"DEPOSIT_EQUITY":null,"DEPOSIT_ASSETS":null,"EQUITY_MULTIPLIER":-19.519011406769,"EQUITY_RATIO":-20.519011406844},{"SECUCODE":"01928.HK","SECURITY_CODE":"01928","SECURITY_NAME_ABBR":"金沙中国有限公司","ORG_CODE":"10132126","STD_REPORT_DATE":"2022-12-31 00:00:00","REPORT_DATE":"2022-12-31 00:00:00","DATE_TYPE_CODE":"001","REPORT_TYPE":"2022年年报","PER_NETCASH_OPERATE":-0.407040519447,"PER_OI":1.381184003621,"BPS":-0.60237135306,"BASIC_EPS":-1.3615793,"DILUTED_EPS":-1.3615793,"OPERATE_INCOME":11178183000,"OPERATE_INCOME_YOY":-44.1544885177,"GROSS_PROFIT":10997103400,"GROSS_PROFIT_YOY":-39.265970684909,"HOLDER_PROFIT":-11017997200,"HOLDER_PROFIT_YOY":-50.9541984733,"GROSS_PROFIT_RATIO":98.380062305296,"EPS_TTM":-1.361391335656,"OPERATE_INCOME_QOQ":-20.152018980793,"NET_PROFIT_RATIO":-98.5669781931,"ROE_AVG":-1682.97872340426,"GROSS_PROFIT_QOQ":-29.720353993657,"ROA":-15.317583268784,"HOLDER_PROFIT_QOQ":-18.20490919553,"ROE_YEARLY":-1682.97872340426,"ROIC_YEARLY":-16.489472587034,"TOTAL_ASSETS":73560105200,"TOTAL_LIABILITIES":78435325200,"TAX_EBT":0.377833753149,"OCF_SALES":-29.470404984424,"TOTAL_PARENT_EQUITY":-4875220000,"DEBT_ASSET_RATIO":106.6275326643,"OPERATE_PROFIT":-8099829800,"PRETAX_PROFIT":-11059784800,"NETCASH_OPERATE":-3294255800,"NETCASH_INVEST":-2263495000,"NETCASH_FINANCE":12682536600,"END_CASH":11853749200,"DIVI_RATIO":null,"DIVIDEND_RATE":null,"CURRENT_RATIO":0.650296064089,"COMMON_ACS":16000000000,"CURRENTDEBT_DEBT":25.492807671817,"ISSUED_COMMON_SHARES":8093379566,"HK_COMMON_SHARES":8093379566,"PER_SHARES":400,"TOTAL_MARKET_CAP":137425585030.68,"HKSK_MARKET_CAP":137425585030.68,"PE_TTM":16.634679880846,"PB_TTM":33.39496109765,"REPORT_DATE_SQ":"2021-12-31 00:00:00","REPORT_TYPE_SQ":"2021年年报","OPERATE_INCOME_SQ":18323761800,"DPS_HKD":null,"OPERATE_INCOME_QOQ_SQ":18.451264108426,"NET_PROFIT_RATIO_SQ":-36.4648573417,"HOLDER_PROFIT_SQ":-6681733600,"HOLDER_PROFIT_QOQ_SQ":8.841514176351,"ROE_AVG_SQ":-74.405395811147,"PE_TTM_SQ":-39.668914265792,"PB_TTM_SQ":-6342.65073726423,"ROA_SQ":-10.154054839647,"START_DATE":"2022-01-01 00:00:00","FISCAL_YEAR":"12-31","CURRENCY":"HKD","IS_CNY_CODE":0,"DPS_HKD_LY":null,"ORG_TYPE":"一般企业","PREMIUM_INCOME":null,"PREMIUM_INCOME_YOY":null,"NET_INTEREST_INCOME":null,"NET_INTEREST_INCOME_YOY":null,"FEE_COMMISSION_INCOME":null,"FEE_COMMISSION_INCOME_YOY":null,"ACCOUNTS_RECE_TDAYS":9.786585365854,"INVENTORY_TDAYS":1.529411764706,"CURRENT_ASSETS_TDAYS":1.163465023559,"TOTAL_ASSETS_TDAYS":0.155402788536,"PREMIUM_EXPENSE":null,"LOAN_DEPOSIT":null,"LOAN_EQUITY":null,"LOAN_ASSETS":null,"DEPOSIT_EQUITY":null,"DEPOSIT_ASSETS":null,"EQUITY_MULTIPLIER":-15.088571428499,"EQUITY_RATIO":-16.088571428571},{"SECUCODE":"01928.HK","SECURITY_CODE":"01928","SECURITY_NAME_ABBR":"金沙中国有限公司","ORG_CODE":"10132126","STD_REPORT_DATE":"2022-06-30 00:00:00","REPORT_DATE":"2022-06-30 00:00:00","DATE_TYPE_CODE":"002","REPORT_TYPE":"2022年中报","PER_NETCASH_OPERATE":-0.233023525241,"PER_OI":0.75877767116,"BPS":0.10780193773,"BASIC_EPS":-0.63020046,"DILUTED_EPS":-0.63020046,"OPERATE_INCOME":6140931000,"OPERATE_INCOME_YOY":-43.5185185185,"GROSS_PROFIT":6053682800,"GROSS_PROFIT_YOY":-6.571476110515,"HOLDER_PROFIT":-5100664000,"HOLDER_PROFIT_YOY":-99.4750656168,"GROSS_PROFIT_RATIO":65.464480874317,"EPS_TTM":-1.151721485107,"OPERATE_INCOME_QOQ":-23.600126694509,"NET_PROFIT_RATIO":-83.0601092896,"ROE_AVG":-149.312377210216,"GROSS_PROFIT_QOQ":-13.582334621308,"ROA":-7.647798742138,"HOLDER_PROFIT_QOQ":-39.501214175914,"ROE_YEARLY":-298.624754420432,"ROIC_YEARLY":-16.493950409636,"TOTAL_ASSETS":65644203400,"TOTAL_LIABILITIES":64771721400,"TAX_EBT":0.262467191601,"OCF_SALES":-30.710382513661,"TOTAL_PARENT_EQUITY":872482000,"DEBT_ASSET_RATIO":98.6708925468,"OPERATE_PROFIT":-3852343600,"PRETAX_PROFIT":-5114086800,"NETCASH_OPERATE":-1885903400,"NETCASH_INVEST":-999998600,"NETCASH_FINANCE":3496639400,"END_CASH":5140932400,"DIVI_RATIO":null,"DIVIDEND_RATE":null,"CURRENT_RATIO":1.085308056872,"COMMON_ACS":16000000000,"CURRENTDEBT_DEBT":8.745207750492,"ISSUED_COMMON_SHARES":8093379566,"HK_COMMON_SHARES":8093379566,"PER_SHARES":400,"TOTAL_MARKET_CAP":137425585030.68,"HKSK_MARKET_CAP":137425585030.68,"PE_TTM":16.634679880846,"PB_TTM":33.39496109765,"REPORT_DATE_SQ":"2021-06-30 00:00:00","REPORT_TYPE_SQ":"2021年中报","OPERATE_INCOME_SQ":10465362000,"DPS_HKD":null,"OPERATE_INCOME_QOQ_SQ":40.53548440849,"NET_PROFIT_RATIO_SQ":-23.5185185185,"HOLDER_PROFIT_SQ":-2461298100,"HOLDER_PROFIT_QOQ_SQ":26.240444617496,"ROE_AVG_SQ":-21.827556574048,"PE_TTM_SQ":-39.668914265792,"PB_TTM_SQ":-6342.65073726423,"ROA_SQ":-3.634975909937,"START_DATE":"2022-01-01 00:00:00","FISCAL_YEAR":"12-31","CURRENCY":"HKD","IS_CNY_CODE":0,"DPS_HKD_LY":null,"ORG_TYPE":"一般企业","PREMIUM_INCOME":null,"PREMIUM_INCOME_YOY":null,"NET_INTEREST_INCOME":null,"NET_INTEREST_INCOME_YOY":null,"FEE_COMMISSION_INCOME":null,"FEE_COMMISSION_INCOME_YOY":null,"ACCOUNTS_RECE_TDAYS":6.203389830508,"INVENTORY_TDAYS":20.387096774194,"CURRENT_ASSETS_TDAYS":1.012168141593,"TOTAL_ASSETS_TDAYS":0.092075471698,"PREMIUM_EXPENSE":null,"LOAN_DEPOSIT":null,"LOAN_EQUITY":null,"LOAN_ASSETS":null,"DEPOSIT_EQUITY":null,"DEPOSIT_ASSETS":null,"EQUITY_MULTIPLIER":75.238461539913,"EQUITY_RATIO":74.238461538462},{"SECUCODE":"01928.HK","SECURITY_CODE":"01928","SECURITY_NAME_ABBR":"金沙中国有限公司","ORG_CODE":"10132126","STD_REPORT_DATE":"2021-12-31 00:00:00","REPORT_DATE":"2021-12-31 00:00:00","DATE_TYPE_CODE":"001","REPORT_TYPE":"2021年年报","PER_NETCASH_OPERATE":0.069325158388,"PER_OI":2.264096650083,"BPS":0.699537387791,"BASIC_EPS":-0.82565315,"DILUTED_EPS":-0.82565315,"OPERATE_INCOME":18323761800,"OPERATE_INCOME_YOY":70.3615886189,"GROSS_PROFIT":18106988000,"GROSS_PROFIT_YOY":66.77042353729,"HOLDER_PROFIT":-6681733600,"HOLDER_PROFIT_YOY":31.1884438608,"GROSS_PROFIT_RATIO":98.816979819068,"EPS_TTM":-0.825599613531,"OPERATE_INCOME_QOQ":18.451264108426,"NET_PROFIT_RATIO":-36.4648573417,"ROE_AVG":-74.405395811147,"GROSS_PROFIT_QOQ":18.443617778483,"ROA":-10.154054839647,"HOLDER_PROFIT_QOQ":8.841514176351,"ROE_YEARLY":-74.405395811147,"ROIC_YEARLY":-10.972098623253,"TOTAL_ASSETS":64356315800,"TOTAL_LIABILITIES":58694694200,"TAX_EBT":-0.287081339713,"OCF_SALES":3.061934585943,"TOTAL_PARENT_EQUITY":5661621600,"DEBT_ASSET_RATIO":91.2026946701,"OPERATE_PROFIT":-3423750900,"PRETAX_PROFIT":-6662606500,"NETCASH_OPERATE":561061600,"NETCASH_INVEST":-4042193800,"NETCASH_FINANCE":2333506200,"END_CASH":4322724600,"DIVI_RATIO":null,"DIVIDEND_RATE":null,"CURRENT_RATIO":0.815356489945,"COMMON_ACS":16000000000,"CURRENTDEBT_DEBT":11.88355420378,"ISSUED_COMMON_SHARES":8093379566,"HK_COMMON_SHARES":8093379566,"PER_SHARES":400,"TOTAL_MARKET_CAP":137425585030.68,"HKSK_MARKET_CAP":137425585030.68,"PE_TTM":16.634679880846,"PB_TTM":33.39496109765,"REPORT_DATE_SQ":"2020-12-31 00:00:00","REPORT_TYPE_SQ":"2020年年报","OPERATE_INCOME_SQ":11007506300,"DPS_HKD":null,"OPERATE_INCOME_QOQ_SQ":-70.034250634555,"NET_PROFIT_RATIO_SQ":-90.278601067,"HOLDER_PROFIT_SQ":-9937422700,"HOLDER_PROFIT_QOQ_SQ":-658.788317080691,"ROE_AVG_SQ":-47.780392156863,"PE_TTM_SQ":-39.668914265792,"PB_TTM_SQ":-6342.65073726423,"ROA_SQ":-13.449311197457,"START_DATE":"2021-01-01 00:00:00","FISCAL_YEAR":"12-31","CURRENCY":"HKD","IS_CNY_CODE":0,"DPS_HKD_LY":null,"ORG_TYPE":"一般企业","PREMIUM_INCOME":null,"PREMIUM_INCOME_YOY":null,"NET_INTEREST_INCOME":null,"NET_INTEREST_INCOME_YOY":null,"FEE_COMMISSION_INCOME":null,"FEE_COMMISSION_INCOME_YOY":null,"ACCOUNTS_RECE_TDAYS":15.41018766756,"INVENTORY_TDAYS":2.266666666667,"CURRENT_ASSETS_TDAYS":2.911854103343,"TOTAL_ASSETS_TDAYS":0.2784613894,"PREMIUM_EXPENSE":null,"LOAN_DEPOSIT":null,"LOAN_EQUITY":null,"LOAN_ASSETS":null,"DEPOSIT_EQUITY":null,"DEPOSIT_ASSETS":null,"EQUITY_MULTIPLIER":11.367117117116,"EQUITY_RATIO":10.367117117117},{"SECUCODE":"01928.HK","SECURITY_CODE":"01928","SECURITY_NAME_ABBR":"金沙中国有限公司","ORG_CODE":"10132126","STD_REPORT_DATE":"2021-06-30 00:00:00","REPORT_DATE":"2021-06-30 00:00:00","DATE_TYPE_CODE":"002","REPORT_TYPE":"2021年中报","PER_NETCASH_OPERATE":0.056673223323,"PER_OI":1.293107349066,"BPS":1.246781535169,"BASIC_EPS":-0.30427071,"DILUTED_EPS":-0.30427071,"OPERATE_INCOME":10465362000,"OPERATE_INCOME_YOY":91.0377358491,"GROSS_PROFIT":6479480300,"GROSS_PROFIT_YOY":9.348323693286,"HOLDER_PROFIT":-2461298100,"HOLDER_PROFIT_YOY":46.7877094972,"GROSS_PROFIT_RATIO":98.950617283951,"EPS_TTM":-0.905674996761,"OPERATE_INCOME_QOQ":40.53548440849,"NET_PROFIT_RATIO":-23.5185185185,"ROE_AVG":-21.827556574048,"GROSS_PROFIT_QOQ":40.801527904347,"ROA":-3.634975909937,"HOLDER_PROFIT_QOQ":26.240444617496,"ROE_YEARLY":-43.655113148095,"ROIC_YEARLY":-7.920586248116,"TOTAL_ASSETS":67281941500,"TOTAL_LIABILITIES":57191265300,"TAX_EBT":-1.06100795756,"OCF_SALES":4.382716049383,"TOTAL_PARENT_EQUITY":10090676200,"DEBT_ASSET_RATIO":85.0024003841,"OPERATE_PROFIT":-1220958900,"PRETAX_PROFIT":-2435457700,"NETCASH_OPERATE":458667100,"NETCASH_INVEST":-2487138500,"NETCASH_FINANCE":2034931500,"END_CASH":5562146100,"DIVI_RATIO":null,"DIVIDEND_RATE":null,"CURRENT_RATIO":0.924295774648,"COMMON_ACS":16000000000,"CURRENTDEBT_DEBT":12.831808426522,"ISSUED_COMMON_SHARES":8093379566,"HK_COMMON_SHARES":8093379566,"PER_SHARES":400,"TOTAL_MARKET_CAP":137425585030.68,"HKSK_MARKET_CAP":137425585030.68,"PE_TTM":16.634679880846,"PB_TTM":33.39496109765,"REPORT_DATE_SQ":"2020-06-30 00:00:00","REPORT_TYPE_SQ":"2020年中报","OPERATE_INCOME_SQ":6003416000,"DPS_HKD":null,"OPERATE_INCOME_QOQ_SQ":-40.218394936712,"NET_PROFIT_RATIO_SQ":-84.4339622642,"HOLDER_PROFIT_SQ":-5068922000,"HOLDER_PROFIT_QOQ_SQ":-87.460790903815,"ROE_AVG_SQ":-19.95818815331,"PE_TTM_SQ":-39.668914265792,"PB_TTM_SQ":-6342.65073726423,"ROA_SQ":-6.110518455302,"START_DATE":"2021-01-01 00:00:00","FISCAL_YEAR":"12-31","CURRENCY":"HKD","IS_CNY_CODE":0,"DPS_HKD_LY":null,"ORG_TYPE":"一般企业","PREMIUM_INCOME":null,"PREMIUM_INCOME_YOY":null,"NET_INTEREST_INCOME":null,"NET_INTEREST_INCOME_YOY":null,"FEE_COMMISSION_INCOME":null,"FEE_COMMISSION_INCOME_YOY":null,"ACCOUNTS_RECE_TDAYS":9.310344827586,"INVENTORY_TDAYS":1.133333333333,"CURRENT_ASSETS_TDAYS":1.519699812383,"TOTAL_ASSETS_TDAYS":0.154558030816,"PREMIUM_EXPENSE":null,"LOAN_DEPOSIT":null,"LOAN_EQUITY":null,"LOAN_ASSETS":null,"DEPOSIT_EQUITY":null,"DEPOSIT_ASSETS":null,"EQUITY_MULTIPLIER":6.667733674793,"EQUITY_RATIO":5.667733674776},{"SECUCODE":"01928.HK","SECURITY_CODE":"01928","SECURITY_NAME_ABBR":"金沙中国有限公司","ORG_CODE":"10132126","STD_REPORT_DATE":"2020-12-31 00:00:00","REPORT_DATE":"2020-12-31 00:00:00","DATE_TYPE_CODE":"001","REPORT_TYPE":"2020年年报","PER_NETCASH_OPERATE":-0.658126110877,"PER_OI":1.36061121207,"BPS":1.555163945711,"BASIC_EPS":-1.22798618,"DILUTED_EPS":-1.22798618,"OPERATE_INCOME":11007506300,"OPERATE_INCOME_YOY":-80.8469573115,"GROSS_PROFIT":10857433600,"GROSS_PROFIT_YOY":-82.13346866135,"HOLDER_PROFIT":-9937422700,"HOLDER_PROFIT_YOY":-174.9139203148,"GROSS_PROFIT_RATIO":98.636633076467,"EPS_TTM":-1.228340768218,"OPERATE_INCOME_QOQ":-70.034250634555,"NET_PROFIT_RATIO":-90.278601067,"ROE_AVG":-47.780392156863,"GROSS_PROFIT_QOQ":-70.108485401224,"ROA":-13.449311197457,"HOLDER_PROFIT_QOQ":-658.788317080691,"ROE_YEARLY":-47.780392156863,"ROIC_YEARLY":-15.769310416235,"TOTAL_ASSETS":68824645200,"TOTAL_LIABILITIES":56238113100,"TAX_EBT":-1.061712010617,"OCF_SALES":-48.369887374037,"TOTAL_PARENT_EQUITY":12586532100,"DEBT_ASSET_RATIO":81.7121729238,"OPERATE_PROFIT":-8084351100,"PRETAX_PROFIT":-9833024300,"NETCASH_OPERATE":-5324318400,"NETCASH_INVEST":-6681497600,"NETCASH_FINANCE":1507251900,"END_CASH":5617938900,"DIVI_RATIO":null,"DIVIDEND_RATE":null,"CURRENT_RATIO":0.765205091938,"COMMON_ACS":16000000000,"CURRENTDEBT_DEBT":16.405615500638,"ISSUED_COMMON_SHARES":8093379566,"HK_COMMON_SHARES":8093379566,"PER_SHARES":400,"TOTAL_MARKET_CAP":137425585030.68,"HKSK_MARKET_CAP":137425585030.68,"PE_TTM":16.634679880846,"PB_TTM":33.39496109765,"REPORT_DATE_SQ":"2019-12-31 00:00:00","REPORT_TYPE_SQ":"2019年年报","OPERATE_INCOME_SQ":61446369600,"DPS_HKD":null,"OPERATE_INCOME_QOQ_SQ":-0.838555168311,"NET_PROFIT_RATIO_SQ":23.0812897366,"HOLDER_PROFIT_SQ":14182614600,"HOLDER_PROFIT_QOQ_SQ":3.325484448356,"ROE_AVG_SQ":45.917560700169,"PE_TTM_SQ":-39.668914265792,"PB_TTM_SQ":-6342.65073726423,"ROA_SQ":16.830863482076,"START_DATE":"2020-01-01 00:00:00","FISCAL_YEAR":"12-31","CURRENCY":"HKD","IS_CNY_CODE":0,"DPS_HKD_LY":0.99,"ORG_TYPE":"一般企业","PREMIUM_INCOME":null,"PREMIUM_INCOME_YOY":null,"NET_INTEREST_INCOME":null,"NET_INTEREST_INCOME_YOY":null,"FEE_COMMISSION_INCOME":null,"FEE_COMMISSION_INCOME_YOY":null,"ACCOUNTS_RECE_TDAYS":4.82,"INVENTORY_TDAYS":1.483870967742,"CURRENT_ASSETS_TDAYS":0.817147008961,"TOTAL_ASSETS_TDAYS":0.148975626987,"PREMIUM_EXPENSE":null,"LOAN_DEPOSIT":null,"LOAN_EQUITY":null,"LOAN_ASSETS":null,"DEPOSIT_EQUITY":null,"DEPOSIT_ASSETS":null,"EQUITY_MULTIPLIER":5.468118195963,"EQUITY_RATIO":4.468118195956},{"SECUCODE":"01928.HK","SECURITY_CODE":"01928","SECURITY_NAME_ABBR":"金沙中国有限公司","ORG_CODE":"10132126","STD_REPORT_DATE":"2020-06-30 00:00:00","REPORT_DATE":"2020-06-30 00:00:00","DATE_TYPE_CODE":"002","REPORT_TYPE":"2020年中报","PER_NETCASH_OPERATE":-0.56362469672,"PER_OI":0.742164196923,"BPS":2.387130782938,"BASIC_EPS":-0.62653575,"DILUTED_EPS":-0.62653575,"OPERATE_INCOME":6003416000,"OPERATE_INCOME_YOY":-81.0205908684,"GROSS_PROFIT":5925541500,"GROSS_PROFIT_YOY":-80.490390286457,"HOLDER_PROFIT":-5068922000,"HOLDER_PROFIT_YOY":-167.1040299906,"GROSS_PROFIT_RATIO":98.702830188679,"EPS_TTM":0.219850778155,"OPERATE_INCOME_QOQ":-40.218394936712,"NET_PROFIT_RATIO":-84.4339622642,"ROE_AVG":-19.95818815331,"GROSS_PROFIT_QOQ":-40.228751943597,"ROA":-6.110518455302,"HOLDER_PROFIT_QOQ":-87.460790903815,"ROE_YEARLY":-39.91637630662,"ROIC_YEARLY":-14.78422465414,"TOTAL_ASSETS":80246132500,"TOTAL_LIABILITIES":60926177000,"TAX_EBT":null,"OCF_SALES":-75.943396226415,"TOTAL_PARENT_EQUITY":19319955500,"DEBT_ASSET_RATIO":75.9241288046,"OPERATE_PROFIT":-4311415500,"PRETAX_PROFIT":-5068922000,"NETCASH_OPERATE":-4559198000,"NETCASH_INVEST":-3971599500,"NETCASH_FINANCE":2322076000,"END_CASH":11270564000,"DIVI_RATIO":null,"DIVIDEND_RATE":null,"CURRENT_RATIO":1.432063263839,"COMMON_ACS":16000000000,"CURRENTDEBT_DEBT":16.163141993958,"ISSUED_COMMON_SHARES":8093379566,"HK_COMMON_SHARES":8093379566,"PER_SHARES":400,"TOTAL_MARKET_CAP":137425585030.68,"HKSK_MARKET_CAP":137425585030.68,"PE_TTM":16.634679880846,"PB_TTM":33.39496109765,"REPORT_DATE_SQ":"2019-06-30 00:00:00","REPORT_TYPE_SQ":"2019年中报","OPERATE_INCOME_SQ":30716159600,"DPS_HKD":null,"OPERATE_INCOME_QOQ_SQ":4.197706768907,"NET_PROFIT_RATIO_SQ":23.8809310654,"HOLDER_PROFIT_SQ":7335304900,"HOLDER_PROFIT_QOQ_SQ":6.664751136496,"ROE_AVG_SQ":27.132867132867,"PE_TTM_SQ":-39.668914265792,"PB_TTM_SQ":-6342.65073726423,"ROA_SQ":9.218142548596,"START_DATE":"2020-01-01 00:00:00","FISCAL_YEAR":"12-31","CURRENCY":"HKD","IS_CNY_CODE":0,"DPS_HKD_LY":0.99,"ORG_TYPE":"一般企业","PREMIUM_INCOME":null,"PREMIUM_INCOME_YOY":null,"NET_INTEREST_INCOME":null,"NET_INTEREST_INCOME_YOY":null,"FEE_COMMISSION_INCOME":null,"FEE_COMMISSION_INCOME_YOY":null,"ACCOUNTS_RECE_TDAYS":1.960693641618,"INVENTORY_TDAYS":0.6875,"CURRENT_ASSETS_TDAYS":0.336574717206,"TOTAL_ASSETS_TDAYS":0.072370386175,"PREMIUM_EXPENSE":null,"LOAN_DEPOSIT":null,"LOAN_EQUITY":null,"LOAN_ASSETS":null,"DEPOSIT_EQUITY":null,"DEPOSIT_ASSETS":null,"EQUITY_MULTIPLIER":4.153536093809,"EQUITY_RATIO":3.153536093807}],"count":53},"success":true,"message":"ok","code":0}