{"version":"d2c18515cc3bbffadd54b526a5fcdf26","result":{"pages":2,"data":[{"SECUCODE":"01922.HK","SECURITY_CODE":"01922","SECURITY_NAME_ABBR":"瑞森生活服务","ORG_CODE":"10000039809","STD_REPORT_DATE":"2023-12-31 00:00:00","REPORT_DATE":"2023-12-31 00:00:00","DATE_TYPE_CODE":"001","REPORT_TYPE":"2023年年报","PER_NETCASH_OPERATE":0.746619901779,"PER_OI":7.386057375576,"BPS":1.658351799725,"BASIC_EPS":0.44,"DILUTED_EPS":0.44,"OPERATE_INCOME":1973200000,"OPERATE_INCOME_YOY":15.1941639316,"GROSS_PROFIT":308049000,"GROSS_PROFIT_YOY":18.775496040161,"HOLDER_PROFIT":116819000,"HOLDER_PROFIT_YOY":9.4487229936,"GROSS_PROFIT_RATIO":15.611646057166,"EPS_TTM":0.437275408756,"OPERATE_INCOME_QOQ":6.556819323225,"NET_PROFIT_RATIO":6.2617068721,"ROE_AVG":30.432749482558,"GROSS_PROFIT_QOQ":8.903957039273,"ROA":8.627262441768,"HOLDER_PROFIT_QOQ":1.409783410738,"ROE_YEARLY":30.432749482558,"ROIC_YEARLY":12.369371091192,"TOTAL_ASSETS":1463367000,"TOTAL_LIABILITIES":966833000,"TAX_EBT":22.832963807264,"OCF_SALES":10.10850395297,"TOTAL_PARENT_EQUITY":443032000,"DEBT_ASSET_RATIO":66.069072215,"OPERATE_PROFIT":164881000,"PRETAX_PROFIT":160115000,"NETCASH_OPERATE":199461000,"NETCASH_INVEST":3493000,"NETCASH_FINANCE":-61568000,"END_CASH":433444000,"DIVI_RATIO":0.261449689854,"DIVIDEND_RATE":9.117647058824,"CURRENT_RATIO":1.248470014905,"COMMON_ACS":2000000000,"CURRENTDEBT_DEBT":94.998102050716,"ISSUED_COMMON_SHARES":267152000,"HK_COMMON_SHARES":267152000,"PER_SHARES":2000,"TOTAL_MARKET_CAP":363326720,"HKSK_MARKET_CAP":363326720,"PE_TTM":2.818496479155,"PB_TTM":0.743183201661,"REPORT_DATE_SQ":"2022-12-31 00:00:00","REPORT_TYPE_SQ":"2022年年报","OPERATE_INCOME_SQ":1712934000,"DPS_HKD":0.124,"OPERATE_INCOME_QOQ_SQ":8.995566833783,"NET_PROFIT_RATIO_SQ":6.5736916892,"HOLDER_PROFIT_SQ":106734000,"HOLDER_PROFIT_QOQ_SQ":6.959684935213,"ROE_AVG_SQ":37.61756148794,"PE_TTM_SQ":3.996982791335,"PB_TTM_SQ":1.184274882604,"ROA_SQ":8.968753807565,"START_DATE":"2023-01-01 00:00:00","FISCAL_YEAR":"12-31","CURRENCY":"HKD","IS_CNY_CODE":0,"DPS_HKD_LY":null,"ORG_TYPE":"一般企业","PREMIUM_INCOME":null,"PREMIUM_INCOME_YOY":null,"NET_INTEREST_INCOME":null,"NET_INTEREST_INCOME_YOY":null,"FEE_COMMISSION_INCOME":null,"FEE_COMMISSION_INCOME_YOY":null,"ACCOUNTS_RECE_TDAYS":5.356025596656,"INVENTORY_TDAYS":163.900880948866,"CURRENT_ASSETS_TDAYS":1.817480957761,"TOTAL_ASSETS_TDAYS":1.45723848433,"PREMIUM_EXPENSE":null,"LOAN_DEPOSIT":null,"LOAN_EQUITY":null,"LOAN_ASSETS":null,"DEPOSIT_EQUITY":null,"DEPOSIT_ASSETS":null,"EQUITY_MULTIPLIER":2.947163739042,"EQUITY_RATIO":2.182309630004},{"SECUCODE":"01922.HK","SECURITY_CODE":"01922","SECURITY_NAME_ABBR":"瑞森生活服务","ORG_CODE":"10000039809","STD_REPORT_DATE":"2023-06-30 00:00:00","REPORT_DATE":"2023-06-30 00:00:00","DATE_TYPE_CODE":"002","REPORT_TYPE":"2023年中报","PER_NETCASH_OPERATE":-0.394374737977,"PER_OI":3.54380652213,"BPS":1.448044558903,"BASIC_EPS":0.22,"DILUTED_EPS":0.22,"OPERATE_INCOME":946735000,"OPERATE_INCOME_YOY":17.1865619821,"GROSS_PROFIT":147249000,"GROSS_PROFIT_YOY":18.99870696622,"HOLDER_PROFIT":59747000,"HOLDER_PROFIT_YOY":16.4976796787,"GROSS_PROFIT_RATIO":15.553349142051,"EPS_TTM":0.43119647242,"OPERATE_INCOME_QOQ":8.105858135807,"NET_PROFIT_RATIO":6.7360982746,"ROE_AVG":16.79383305108,"GROSS_PROFIT_QOQ":9.064444735767,"ROA":4.714241472022,"HOLDER_PROFIT_QOQ":7.927183465437,"ROE_YEARLY":33.587666102159,"ROIC_YEARLY":12.201769192202,"TOTAL_ASSETS":1289976000,"TOTAL_LIABILITIES":853473000,"TAX_EBT":24.783572759654,"OCF_SALES":-11.12856290303,"TOTAL_PARENT_EQUITY":386848000,"DEBT_ASSET_RATIO":66.161928594,"OPERATE_PROFIT":89975000,"PRETAX_PROFIT":84786000,"NETCASH_OPERATE":-105358000,"NETCASH_INVEST":52799000,"NETCASH_FINANCE":-45390000,"END_CASH":194109000,"DIVI_RATIO":0.265135564209,"DIVIDEND_RATE":9.117647058824,"CURRENT_RATIO":1.286464555923,"COMMON_ACS":2000000000,"CURRENTDEBT_DEBT":94.637908873509,"ISSUED_COMMON_SHARES":267152000,"HK_COMMON_SHARES":267152000,"PER_SHARES":2000,"TOTAL_MARKET_CAP":363326720,"HKSK_MARKET_CAP":363326720,"PE_TTM":2.818496479155,"PB_TTM":0.743183201661,"REPORT_DATE_SQ":"2022-06-30 00:00:00","REPORT_TYPE_SQ":"2022年中报","OPERATE_INCOME_SQ":807887000,"DPS_HKD":0.124,"OPERATE_INCOME_QOQ_SQ":16.297585562065,"NET_PROFIT_RATIO_SQ":6.7993419872,"HOLDER_PROFIT_SQ":51286000,"HOLDER_PROFIT_QOQ_SQ":12.509301643854,"ROE_AVG_SQ":20.065259237234,"PE_TTM_SQ":3.932515326959,"PB_TTM_SQ":1.16517367482,"ROA_SQ":4.634495571855,"START_DATE":"2023-01-01 00:00:00","FISCAL_YEAR":"12-31","CURRENCY":"HKD","IS_CNY_CODE":0,"DPS_HKD_LY":null,"ORG_TYPE":"一般企业","PREMIUM_INCOME":null,"PREMIUM_INCOME_YOY":null,"NET_INTEREST_INCOME":null,"NET_INTEREST_INCOME_YOY":null,"FEE_COMMISSION_INCOME":null,"FEE_COMMISSION_INCOME_YOY":null,"ACCOUNTS_RECE_TDAYS":2.422813579231,"INVENTORY_TDAYS":80.564921650627,"CURRENT_ASSETS_TDAYS":0.917485560336,"TOTAL_ASSETS_TDAYS":0.747006109096,"PREMIUM_EXPENSE":null,"LOAN_DEPOSIT":null,"LOAN_EQUITY":null,"LOAN_ASSETS":null,"DEPOSIT_EQUITY":null,"DEPOSIT_ASSETS":null,"EQUITY_MULTIPLIER":2.955251166657,"EQUITY_RATIO":2.206223116056},{"SECUCODE":"01922.HK","SECURITY_CODE":"01922","SECURITY_NAME_ABBR":"瑞森生活服务","ORG_CODE":"10000039809","STD_REPORT_DATE":"2022-12-31 00:00:00","REPORT_DATE":"2022-12-31 00:00:00","DATE_TYPE_CODE":"001","REPORT_TYPE":"2022年年报","PER_NETCASH_OPERATE":0.144344792478,"PER_OI":6.411832964006,"BPS":1.215364286998,"BASIC_EPS":0.4,"DILUTED_EPS":0.4,"OPERATE_INCOME":1712934000,"OPERATE_INCOME_YOY":26.7592125974,"GROSS_PROFIT":259354000,"GROSS_PROFIT_YOY":18.293606268758,"HOLDER_PROFIT":106734000,"HOLDER_PROFIT_YOY":20.3395945611,"GROSS_PROFIT_RATIO":15.140921950291,"EPS_TTM":0.399525363838,"OPERATE_INCOME_QOQ":8.995566833783,"NET_PROFIT_RATIO":6.5736916892,"ROE_AVG":37.61756148794,"GROSS_PROFIT_QOQ":5.795729891575,"ROA":8.968753807565,"HOLDER_PROFIT_QOQ":6.959684935213,"ROE_YEARLY":37.61756148794,"ROIC_YEARLY":14.428407473346,"TOTAL_ASSETS":1244769000,"TOTAL_LIABILITIES":879793000,"TAX_EBT":25.321156894345,"OCF_SALES":2.251225090984,"TOTAL_PARENT_EQUITY":324687000,"DEBT_ASSET_RATIO":70.6792183931,"OPERATE_PROFIT":158692000,"PRETAX_PROFIT":150783000,"NETCASH_OPERATE":38562000,"NETCASH_INVEST":-173722000,"NETCASH_FINANCE":-110913000,"END_CASH":292058000,"DIVI_RATIO":0.286153346816,"DIVIDEND_RATE":9.117647058824,"CURRENT_RATIO":1.198029456434,"COMMON_ACS":2000000000,"CURRENTDEBT_DEBT":97.215708695114,"ISSUED_COMMON_SHARES":267152000,"HK_COMMON_SHARES":267152000,"PER_SHARES":2000,"TOTAL_MARKET_CAP":363326720,"HKSK_MARKET_CAP":363326720,"PE_TTM":2.818496479155,"PB_TTM":0.743183201661,"REPORT_DATE_SQ":"2021-12-31 00:00:00","REPORT_TYPE_SQ":"2021年年报","OPERATE_INCOME_SQ":1351329000,"DPS_HKD":0.124,"OPERATE_INCOME_QOQ_SQ":19.291048728814,"NET_PROFIT_RATIO_SQ":7.0151680309,"HOLDER_PROFIT_SQ":88694000,"HOLDER_PROFIT_QOQ_SQ":13.796333123773,"ROE_AVG_SQ":42.619933735215,"PE_TTM_SQ":3.932515326959,"PB_TTM_SQ":1.16517367482,"ROA_SQ":8.381539897931,"START_DATE":"2022-01-01 00:00:00","FISCAL_YEAR":"12-31","CURRENCY":"HKD","IS_CNY_CODE":0,"DPS_HKD_LY":0.126,"ORG_TYPE":"一般企业","PREMIUM_INCOME":null,"PREMIUM_INCOME_YOY":null,"NET_INTEREST_INCOME":null,"NET_INTEREST_INCOME_YOY":null,"FEE_COMMISSION_INCOME":null,"FEE_COMMISSION_INCOME_YOY":null,"ACCOUNTS_RECE_TDAYS":5.977575376884,"INVENTORY_TDAYS":206.108472172988,"CURRENT_ASSETS_TDAYS":1.73128650257,"TOTAL_ASSETS_TDAYS":1.439361715537,"PREMIUM_EXPENSE":null,"LOAN_DEPOSIT":null,"LOAN_EQUITY":null,"LOAN_ASSETS":null,"DEPOSIT_EQUITY":null,"DEPOSIT_ASSETS":null,"EQUITY_MULTIPLIER":3.410550282755,"EQUITY_RATIO":2.709665000447},{"SECUCODE":"01922.HK","SECURITY_CODE":"01922","SECURITY_NAME_ABBR":"瑞森生活服务","ORG_CODE":"10000039809","STD_REPORT_DATE":"2022-06-30 00:00:00","REPORT_DATE":"2022-06-30 00:00:00","DATE_TYPE_CODE":"002","REPORT_TYPE":"2022年中报","PER_NETCASH_OPERATE":-0.595215457867,"PER_OI":3.024072438163,"BPS":1.004708929748,"BASIC_EPS":0.19,"DILUTED_EPS":0.19,"OPERATE_INCOME":807887000,"OPERATE_INCOME_YOY":37.4768783619,"GROSS_PROFIT":123740000,"GROSS_PROFIT_YOY":26.471790678659,"HOLDER_PROFIT":51286000,"HOLDER_PROFIT_YOY":27.6056828643,"GROSS_PROFIT_RATIO":15.316498470702,"EPS_TTM":0.373528927352,"OPERATE_INCOME_QOQ":16.297585562065,"NET_PROFIT_RATIO":6.7993419872,"ROE_AVG":20.065259237234,"GROSS_PROFIT_QOQ":11.813214380194,"ROA":4.634495571855,"HOLDER_PROFIT_QOQ":12.509301643854,"ROE_YEARLY":40.130518474468,"ROIC_YEARLY":15.483489204262,"TOTAL_ASSETS":1077868000,"TOTAL_LIABILITIES":770582000,"TAX_EBT":24.806647228724,"OCF_SALES":-19.68257937063,"TOTAL_PARENT_EQUITY":268410000,"DEBT_ASSET_RATIO":71.4913143353,"OPERATE_PROFIT":75448000,"PRETAX_PROFIT":73053000,"NETCASH_OPERATE":-159013000,"NETCASH_INVEST":-42354000,"NETCASH_FINANCE":-55617000,"END_CASH":281147000,"DIVI_RATIO":0.306068718186,"DIVIDEND_RATE":9.117647058824,"CURRENT_RATIO":1.179034137396,"COMMON_ACS":2000000000,"CURRENTDEBT_DEBT":97.230015754326,"ISSUED_COMMON_SHARES":267152000,"HK_COMMON_SHARES":267152000,"PER_SHARES":2000,"TOTAL_MARKET_CAP":363326720,"HKSK_MARKET_CAP":363326720,"PE_TTM":2.818496479155,"PB_TTM":0.743183201661,"REPORT_DATE_SQ":"2021-06-30 00:00:00","REPORT_TYPE_SQ":"2021年中报","OPERATE_INCOME_SQ":587653000,"DPS_HKD":0.124,"OPERATE_INCOME_QOQ_SQ":17.752596887581,"NET_PROFIT_RATIO_SQ":7.492346674,"HOLDER_PROFIT_SQ":40191000,"HOLDER_PROFIT_QOQ_SQ":15.835389234016,"ROE_AVG_SQ":21.940833829205,"PE_TTM_SQ":3.932515326959,"PB_TTM_SQ":1.16517367482,"ROA_SQ":4.318137499013,"START_DATE":"2022-01-01 00:00:00","FISCAL_YEAR":"12-31","CURRENCY":"HKD","IS_CNY_CODE":0,"DPS_HKD_LY":0.126,"ORG_TYPE":"一般企业","PREMIUM_INCOME":null,"PREMIUM_INCOME_YOY":null,"NET_INTEREST_INCOME":null,"NET_INTEREST_INCOME_YOY":null,"FEE_COMMISSION_INCOME":null,"FEE_COMMISSION_INCOME_YOY":null,"ACCOUNTS_RECE_TDAYS":2.848117353207,"INVENTORY_TDAYS":149.540327868852,"CURRENT_ASSETS_TDAYS":0.879330874926,"TOTAL_ASSETS_TDAYS":0.730052787127,"PREMIUM_EXPENSE":null,"LOAN_DEPOSIT":null,"LOAN_EQUITY":null,"LOAN_ASSETS":null,"DEPOSIT_EQUITY":null,"DEPOSIT_ASSETS":null,"EQUITY_MULTIPLIER":3.507702921704,"EQUITY_RATIO":2.870913900376},{"SECUCODE":"01922.HK","SECURITY_CODE":"01922","SECURITY_NAME_ABBR":"瑞森生活服务","ORG_CODE":"10000039809","STD_REPORT_DATE":"2021-12-31 00:00:00","REPORT_DATE":"2021-12-31 00:00:00","DATE_TYPE_CODE":"001","REPORT_TYPE":"2021年年报","PER_NETCASH_OPERATE":0.450522548961,"PER_OI":5.058277684614,"BPS":0.908778523088,"BASIC_EPS":0.33,"DILUTED_EPS":0.33,"OPERATE_INCOME":1351329000,"OPERATE_INCOME_YOY":40.4683077326,"GROSS_PROFIT":219246000,"GROSS_PROFIT_YOY":35.016165286203,"HOLDER_PROFIT":88694000,"HOLDER_PROFIT_YOY":31.816425408,"GROSS_PROFIT_RATIO":16.224472352773,"EPS_TTM":0.331998263161,"OPERATE_INCOME_QOQ":19.291048728814,"NET_PROFIT_RATIO":7.0151680309,"ROE_AVG":42.619933735215,"GROSS_PROFIT_QOQ":22.640010739937,"ROA":8.381539897931,"HOLDER_PROFIT_QOQ":13.796333123773,"ROE_YEARLY":42.619933735215,"ROIC_YEARLY":18.495853791542,"TOTAL_ASSETS":1135361000,"TOTAL_LIABILITIES":862425000,"TAX_EBT":26.54278895329,"OCF_SALES":8.906639315814,"TOTAL_PARENT_EQUITY":242782000,"DEBT_ASSET_RATIO":75.960421399,"OPERATE_PROFIT":138184000,"PRETAX_PROFIT":129052000,"NETCASH_OPERATE":120358000,"NETCASH_INVEST":-59315000,"NETCASH_FINANCE":-89827000,"END_CASH":538131000,"DIVI_RATIO":0.344355777381,"DIVIDEND_RATE":9.117647058824,"CURRENT_RATIO":1.139909273483,"COMMON_ACS":2000000000,"CURRENTDEBT_DEBT":97.054352552396,"ISSUED_COMMON_SHARES":267152000,"HK_COMMON_SHARES":267152000,"PER_SHARES":2000,"TOTAL_MARKET_CAP":363326720,"HKSK_MARKET_CAP":363326720,"PE_TTM":2.818496479155,"PB_TTM":0.743183201661,"REPORT_DATE_SQ":"2020-12-31 00:00:00","REPORT_TYPE_SQ":"2020年年报","OPERATE_INCOME_SQ":962017000,"DPS_HKD":0.124,"OPERATE_INCOME_QOQ_SQ":18.33174863435,"NET_PROFIT_RATIO_SQ":7.2987275693,"HOLDER_PROFIT_SQ":67286000,"HOLDER_PROFIT_QOQ_SQ":28.959674946335,"ROE_AVG_SQ":45.514717570781,"PE_TTM_SQ":3.932515326959,"PB_TTM_SQ":1.16517367482,"ROA_SQ":8.030491185209,"START_DATE":"2021-01-01 00:00:00","FISCAL_YEAR":"12-31","CURRENCY":"HKD","IS_CNY_CODE":0,"DPS_HKD_LY":0.092,"ORG_TYPE":"一般企业","PREMIUM_INCOME":null,"PREMIUM_INCOME_YOY":null,"NET_INTEREST_INCOME":null,"NET_INTEREST_INCOME_YOY":null,"FEE_COMMISSION_INCOME":null,"FEE_COMMISSION_INCOME_YOY":null,"ACCOUNTS_RECE_TDAYS":7.530959420185,"INVENTORY_TDAYS":267.948639053254,"CURRENT_ASSETS_TDAYS":1.488246977838,"TOTAL_ASSETS_TDAYS":1.276999338031,"PREMIUM_EXPENSE":null,"LOAN_DEPOSIT":null,"LOAN_EQUITY":null,"LOAN_ASSETS":null,"DEPOSIT_EQUITY":null,"DEPOSIT_ASSETS":null,"EQUITY_MULTIPLIER":4.159806694608,"EQUITY_RATIO":3.552260876012},{"SECUCODE":"01922.HK","SECURITY_CODE":"01922","SECURITY_NAME_ABBR":"瑞森生活服务","ORG_CODE":"10000039809","STD_REPORT_DATE":"2021-06-30 00:00:00","REPORT_DATE":"2021-06-30 00:00:00","DATE_TYPE_CODE":"002","REPORT_TYPE":"2021年中报","PER_NETCASH_OPERATE":-0.296598939929,"PER_OI":2.199695304546,"BPS":0.722176888064,"BASIC_EPS":0.15,"DILUTED_EPS":0.15,"OPERATE_INCOME":587653000,"OPERATE_INCOME_YOY":40.9679276513,"GROSS_PROFIT":97840000,"GROSS_PROFIT_YOY":20.118350459774,"HOLDER_PROFIT":40191000,"HOLDER_PROFIT_YOY":36.0746208017,"GROSS_PROFIT_RATIO":16.649281123384,"EPS_TTM":0.29174776906,"OPERATE_INCOME_QOQ":17.752596887581,"NET_PROFIT_RATIO":7.492346674,"ROE_AVG":21.940833829205,"GROSS_PROFIT_QOQ":10.091449333374,"ROA":4.318137499013,"HOLDER_PROFIT_QOQ":15.835389234016,"ROE_YEARLY":43.881667658411,"ROIC_YEARLY":16.567800976977,"TOTAL_ASSETS":880445000,"TOTAL_LIABILITIES":660440000,"TAX_EBT":25.055745629713,"OCF_SALES":-13.483637452714,"TOTAL_PARENT_EQUITY":192931000,"DEBT_ASSET_RATIO":75.0120677612,"OPERATE_PROFIT":64221000,"PRETAX_PROFIT":58749000,"NETCASH_OPERATE":-84756000,"NETCASH_INVEST":-68630000,"NETCASH_FINANCE":-138505000,"END_CASH":275024000,"DIVI_RATIO":0.39186424756,"DIVIDEND_RATE":9.117647058824,"CURRENT_RATIO":1.171617466994,"COMMON_ACS":2000000000,"CURRENTDEBT_DEBT":96.578493125795,"ISSUED_COMMON_SHARES":267152000,"HK_COMMON_SHARES":267152000,"PER_SHARES":2000,"TOTAL_MARKET_CAP":363326720,"HKSK_MARKET_CAP":363326720,"PE_TTM":2.818496479155,"PB_TTM":0.743183201661,"REPORT_DATE_SQ":"2020-06-30 00:00:00","REPORT_TYPE_SQ":"2020年中报","OPERATE_INCOME_SQ":416870000,"DPS_HKD":0.124,"OPERATE_INCOME_QOQ_SQ":16.8473550696,"NET_PROFIT_RATIO_SQ":7.1775373618,"HOLDER_PROFIT_SQ":29536000,"HOLDER_PROFIT_QOQ_SQ":57.531475498928,"ROE_AVG_SQ":22.235689576644,"PE_TTM_SQ":3.932515326959,"PB_TTM_SQ":1.16517367482,"ROA_SQ":3.999352759135,"START_DATE":"2021-01-01 00:00:00","FISCAL_YEAR":"12-31","CURRENCY":"HKD","IS_CNY_CODE":0,"DPS_HKD_LY":0.092,"ORG_TYPE":"一般企业","PREMIUM_INCOME":null,"PREMIUM_INCOME_YOY":null,"NET_INTEREST_INCOME":null,"NET_INTEREST_INCOME_YOY":null,"FEE_COMMISSION_INCOME":null,"FEE_COMMISSION_INCOME_YOY":null,"ACCOUNTS_RECE_TDAYS":3.32578552995,"INVENTORY_TDAYS":112.419784255221,"CURRENT_ASSETS_TDAYS":0.73037526543,"TOTAL_ASSETS_TDAYS":0.631376789756,"PREMIUM_EXPENSE":null,"LOAN_DEPOSIT":null,"LOAN_EQUITY":null,"LOAN_ASSETS":null,"DEPOSIT_EQUITY":null,"DEPOSIT_ASSETS":null,"EQUITY_MULTIPLIER":4.00193177428,"EQUITY_RATIO":3.423192747666},{"SECUCODE":"01922.HK","SECURITY_CODE":"01922","SECURITY_NAME_ABBR":"瑞森生活服务","ORG_CODE":"10000039809","STD_REPORT_DATE":"2020-12-31 00:00:00","REPORT_DATE":"2020-12-31 00:00:00","DATE_TYPE_CODE":"001","REPORT_TYPE":"2020年年报","PER_NETCASH_OPERATE":0.254536743128,"PER_OI":3.60100991196,"BPS":0.649169761035,"BASIC_EPS":0.25,"DILUTED_EPS":0.25,"OPERATE_INCOME":962017000,"OPERATE_INCOME_YOY":38.2675184868,"GROSS_PROFIT":162385000,"GROSS_PROFIT_YOY":45.139521996389,"HOLDER_PROFIT":67286000,"HOLDER_PROFIT_YOY":103.1520787416,"GROSS_PROFIT_RATIO":16.879639341093,"EPS_TTM":0.251864107325,"OPERATE_INCOME_QOQ":18.33174863435,"NET_PROFIT_RATIO":7.2987275693,"ROE_AVG":45.514717570781,"GROSS_PROFIT_QOQ":15.02879527375,"ROA":8.030491185209,"HOLDER_PROFIT_QOQ":28.959674946335,"ROE_YEARLY":45.514717570781,"ROIC_YEARLY":21.049141044511,"TOTAL_ASSETS":981052000,"TOTAL_LIABILITIES":785481000,"TAX_EBT":28.945850494338,"OCF_SALES":7.0684821578,"TOTAL_PARENT_EQUITY":173427000,"DEBT_ASSET_RATIO":80.0651749347,"OPERATE_PROFIT":108488000,"PRETAX_PROFIT":98819000,"NETCASH_OPERATE":68000000,"NETCASH_INVEST":-300960000,"NETCASH_FINANCE":352056000,"END_CASH":566915000,"DIVI_RATIO":0.45391747643,"DIVIDEND_RATE":9.117647058824,"CURRENT_RATIO":1.132518990885,"COMMON_ACS":2000000000,"CURRENTDEBT_DEBT":96.886239132455,"ISSUED_COMMON_SHARES":267152000,"HK_COMMON_SHARES":267152000,"PER_SHARES":2000,"TOTAL_MARKET_CAP":363326720,"HKSK_MARKET_CAP":363326720,"PE_TTM":2.818496479155,"PB_TTM":0.743183201661,"REPORT_DATE_SQ":"2019-12-31 00:00:00","REPORT_TYPE_SQ":"2019年年报","OPERATE_INCOME_SQ":695765000,"DPS_HKD":0.124,"OPERATE_INCOME_QOQ_SQ":48.773911295668,"NET_PROFIT_RATIO_SQ":4.7756067063,"HOLDER_PROFIT_SQ":33121000,"HOLDER_PROFIT_QOQ_SQ":21.18473528228,"ROE_AVG_SQ":34.046030652838,"PE_TTM_SQ":3.932515326959,"PB_TTM_SQ":1.16517367482,"ROA_SQ":6.122481045744,"START_DATE":"2020-01-01 00:00:00","FISCAL_YEAR":"12-31","CURRENCY":"HKD","IS_CNY_CODE":0,"DPS_HKD_LY":0.042,"ORG_TYPE":"一般企业","PREMIUM_INCOME":null,"PREMIUM_INCOME_YOY":null,"NET_INTEREST_INCOME":null,"NET_INTEREST_INCOME_YOY":null,"FEE_COMMISSION_INCOME":null,"FEE_COMMISSION_INCOME_YOY":null,"ACCOUNTS_RECE_TDAYS":9.688132247718,"INVENTORY_TDAYS":278.811715481172,"CURRENT_ASSETS_TDAYS":1.283609253298,"TOTAL_ASSETS_TDAYS":1.148154005071,"PREMIUM_EXPENSE":null,"LOAN_DEPOSIT":null,"LOAN_EQUITY":null,"LOAN_ASSETS":null,"DEPOSIT_EQUITY":null,"DEPOSIT_ASSETS":null,"EQUITY_MULTIPLIER":5.016347004422,"EQUITY_RATIO":4.529173658081},{"SECUCODE":"01922.HK","SECURITY_CODE":"01922","SECURITY_NAME_ABBR":"瑞森生活服务","ORG_CODE":"10000039809","STD_REPORT_DATE":"2020-06-30 00:00:00","REPORT_DATE":"2020-06-30 00:00:00","DATE_TYPE_CODE":"002","REPORT_TYPE":"2020年中报","PER_NETCASH_OPERATE":-0.235315475834,"PER_OI":1.560422530994,"BPS":0.536859166317,"BASIC_EPS":0.11,"DILUTED_EPS":0.11,"OPERATE_INCOME":416870000,"OPERATE_INCOME_YOY":39.1180435972,"GROSS_PROFIT":81453000,"GROSS_PROFIT_YOY":56.141931526282,"HOLDER_PROFIT":29536000,"HOLDER_PROFIT_YOY":181.8051712623,"GROSS_PROFIT_RATIO":19.53918487778,"EPS_TTM":0.195304545727,"OPERATE_INCOME_QOQ":16.8473550696,"NET_PROFIT_RATIO":7.1775373618,"ROE_AVG":22.235689576644,"GROSS_PROFIT_QOQ":26.176686151481,"ROA":3.999352759135,"HOLDER_PROFIT_QOQ":57.531475498928,"ROE_YEARLY":44.471379153288,"ROIC_YEARLY":18.851071366457,"TOTAL_ASSETS":782328000,"TOTAL_LIABILITIES":619305000,"TAX_EBT":31.810205337405,"OCF_SALES":-15.080240842469,"TOTAL_PARENT_EQUITY":143423000,"DEBT_ASSET_RATIO":79.161809369,"OPERATE_PROFIT":49608000,"PRETAX_PROFIT":43879000,"NETCASH_OPERATE":-62865000,"NETCASH_INVEST":-46071000,"NETCASH_FINANCE":44452000,"END_CASH":383335000,"DIVI_RATIO":0.585370502128,"DIVIDEND_RATE":9.117647058824,"CURRENT_RATIO":1.12454499316,"COMMON_ACS":2000000000,"CURRENTDEBT_DEBT":96.082867084877,"ISSUED_COMMON_SHARES":267152000,"HK_COMMON_SHARES":267152000,"PER_SHARES":2000,"TOTAL_MARKET_CAP":363326720,"HKSK_MARKET_CAP":363326720,"PE_TTM":2.818496479155,"PB_TTM":0.743183201661,"REPORT_DATE_SQ":"2019-06-30 00:00:00","REPORT_TYPE_SQ":"2019年中报","OPERATE_INCOME_SQ":299652000,"DPS_HKD":0.124,"OPERATE_INCOME_QOQ_SQ":0,"NET_PROFIT_RATIO_SQ":3.5294274692,"HOLDER_PROFIT_SQ":10481000,"HOLDER_PROFIT_QOQ_SQ":0,"ROE_AVG_SQ":null,"PE_TTM_SQ":3.932515326959,"PB_TTM_SQ":1.16517367482,"ROA_SQ":null,"START_DATE":"2020-01-01 00:00:00","FISCAL_YEAR":"12-31","CURRENCY":"HKD","IS_CNY_CODE":0,"DPS_HKD_LY":0.042,"ORG_TYPE":"一般企业","PREMIUM_INCOME":null,"PREMIUM_INCOME_YOY":null,"NET_INTEREST_INCOME":null,"NET_INTEREST_INCOME_YOY":null,"FEE_COMMISSION_INCOME":null,"FEE_COMMISSION_INCOME_YOY":null,"ACCOUNTS_RECE_TDAYS":3.841376323477,"INVENTORY_TDAYS":302.449954914337,"CURRENT_ASSETS_TDAYS":0.63829037948,"TOTAL_ASSETS_TDAYS":0.564467153542,"PREMIUM_EXPENSE":null,"LOAN_DEPOSIT":null,"LOAN_EQUITY":null,"LOAN_ASSETS":null,"DEPOSIT_EQUITY":null,"DEPOSIT_ASSETS":null,"EQUITY_MULTIPLIER":4.79888113948,"EQUITY_RATIO":4.318031278107},{"SECUCODE":"01922.HK","SECURITY_CODE":"01922","SECURITY_NAME_ABBR":"瑞森生活服务","ORG_CODE":"10000039809","STD_REPORT_DATE":"2019-12-31 00:00:00","REPORT_DATE":"2019-12-31 00:00:00","DATE_TYPE_CODE":"001","REPORT_TYPE":"2019年年报","PER_NETCASH_OPERATE":0.395958106247,"PER_OI":2.604378780619,"BPS":0.457567227646,"BASIC_EPS":0.16,"DILUTED_EPS":0.16,"OPERATE_INCOME":695765000,"OPERATE_INCOME_YOY":48.7739112957,"GROSS_PROFIT":111882000,"GROSS_PROFIT_YOY":64.706748321752,"HOLDER_PROFIT":33121000,"HOLDER_PROFIT_YOY":21.1847352823,"GROSS_PROFIT_RATIO":16.080429455348,"EPS_TTM":0.12397810984,"OPERATE_INCOME_QOQ":48.773911295668,"NET_PROFIT_RATIO":4.7756067063,"ROE_AVG":34.046030652838,"GROSS_PROFIT_QOQ":64.706748321752,"ROA":6.122481045744,"HOLDER_PROFIT_QOQ":21.18473528228,"ROE_YEARLY":34.046030652838,"ROIC_YEARLY":12.928926232788,"TOTAL_ASSETS":694711000,"TOTAL_LIABILITIES":572909000,"TAX_EBT":27.953771764349,"OCF_SALES":15.20355292376,"TOTAL_PARENT_EQUITY":122240000,"DEBT_ASSET_RATIO":82.4672417739,"OPERATE_PROFIT":54647000,"PRETAX_PROFIT":46119000,"NETCASH_OPERATE":105781000,"NETCASH_INVEST":71318000,"NETCASH_FINANCE":149352000,"END_CASH":447819000,"DIVI_RATIO":0.922142789138,"DIVIDEND_RATE":9.117647058824,"CURRENT_RATIO":1.119839403176,"COMMON_ACS":2000000000,"CURRENTDEBT_DEBT":99.296397857251,"ISSUED_COMMON_SHARES":267152000,"HK_COMMON_SHARES":267152000,"PER_SHARES":2000,"TOTAL_MARKET_CAP":363326720,"HKSK_MARKET_CAP":363326720,"PE_TTM":2.818496479155,"PB_TTM":0.743183201661,"REPORT_DATE_SQ":"2018-12-31 00:00:00","REPORT_TYPE_SQ":"2018年年报","OPERATE_INCOME_SQ":467666000,"DPS_HKD":0.124,"OPERATE_INCOME_QOQ_SQ":52.881487801609,"NET_PROFIT_RATIO_SQ":5.7925955703,"HOLDER_PROFIT_SQ":27331000,"HOLDER_PROFIT_QOQ_SQ":32.732747316789,"ROE_AVG_SQ":43.935923094853,"PE_TTM_SQ":3.932515326959,"PB_TTM_SQ":1.16517367482,"ROA_SQ":7.949240734224,"START_DATE":"2019-01-01 00:00:00","FISCAL_YEAR":"12-31","CURRENCY":"HKD","IS_CNY_CODE":0,"DPS_HKD_LY":null,"ORG_TYPE":"一般企业","PREMIUM_INCOME":null,"PREMIUM_INCOME_YOY":null,"NET_INTEREST_INCOME":null,"NET_INTEREST_INCOME_YOY":null,"FEE_COMMISSION_INCOME":null,"FEE_COMMISSION_INCOME_YOY":null,"ACCOUNTS_RECE_TDAYS":11.018441535818,"INVENTORY_TDAYS":776.956753160346,"CURRENT_ASSETS_TDAYS":1.457088796208,"TOTAL_ASSETS_TDAYS":1.286135087948,"PREMIUM_EXPENSE":null,"LOAN_DEPOSIT":null,"LOAN_EQUITY":null,"LOAN_ASSETS":null,"DEPOSIT_EQUITY":null,"DEPOSIT_ASSETS":null,"EQUITY_MULTIPLIER":5.703609136133,"EQUITY_RATIO":4.686755562827}],"count":13},"success":true,"message":"ok","code":0}