{"version":"1524d12fce954867c15aa0d507782a4a","result":{"pages":2,"data":[{"SECUCODE":"01927.HK","SECURITY_CODE":"01927","SECURITY_NAME_ABBR":"久久王","ORG_CODE":"10000025003","STD_REPORT_DATE":"2024-06-30 00:00:00","REPORT_DATE":"2024-06-30 00:00:00","DATE_TYPE_CODE":"002","REPORT_TYPE":"2024年中报","PER_NETCASH_OPERATE":-0.015392676768,"PER_OI":0.229237373737,"BPS":0.515487373737,"BASIC_EPS":0.01,"DILUTED_EPS":0.01,"OPERATE_INCOME":181556000,"OPERATE_INCOME_YOY":-5.2609607698,"GROSS_PROFIT":54159000,"GROSS_PROFIT_YOY":4.20202020202,"HOLDER_PROFIT":7822000,"HOLDER_PROFIT_YOY":7.5189003436,"GROSS_PROFIT_RATIO":29.830465531296,"EPS_TTM":0.006902777778,"OPERATE_INCOME_QOQ":-2.86610170937,"NET_PROFIT_RATIO":4.3083125868,"ROE_AVG":1.935597221569,"GROSS_PROFIT_QOQ":2.194688131199,"ROA":1.091541114553,"HOLDER_PROFIT_QOQ":11.117886178862,"ROE_YEARLY":3.871194443138,"ROIC_YEARLY":2.270052688323,"TOTAL_ASSETS":725330000,"TOTAL_LIABILITIES":317064000,"TAX_EBT":30.803255484784,"OCF_SALES":-6.714732644473,"TOTAL_PARENT_EQUITY":408266000,"DEBT_ASSET_RATIO":43.7130685343,"OPERATE_PROFIT":18288000,"PRETAX_PROFIT":11304000,"NETCASH_OPERATE":-12191000,"NETCASH_INVEST":-266000,"NETCASH_FINANCE":-3246000,"END_CASH":19845000,"DIVI_RATIO":null,"DIVIDEND_RATE":null,"CURRENT_RATIO":1.782978220558,"COMMON_ACS":2000000000,"CURRENTDEBT_DEBT":69.394191708929,"ISSUED_COMMON_SHARES":792000000,"HK_COMMON_SHARES":792000000,"PER_SHARES":5000,"TOTAL_MARKET_CAP":93456000,"HKSK_MARKET_CAP":93456000,"PE_TTM":15.298378419426,"PB_TTM":0.20892119863,"REPORT_DATE_SQ":"2023-06-30 00:00:00","REPORT_TYPE_SQ":"2023年中报","OPERATE_INCOME_SQ":191638000,"DPS_HKD":null,"OPERATE_INCOME_QOQ_SQ":2.415976153726,"NET_PROFIT_RATIO_SQ":3.7962199564,"HOLDER_PROFIT_SQ":7275000,"HOLDER_PROFIT_QOQ_SQ":-17.68330636126,"ROE_AVG_SQ":1.827696574733,"PE_TTM_SQ":7.329532907909,"PB_TTM_SQ":0.236833327845,"ROA_SQ":1.073279543956,"START_DATE":"2024-01-01 00:00:00","FISCAL_YEAR":"12-31","CURRENCY":"HKD","IS_CNY_CODE":0,"DPS_HKD_LY":null,"ORG_TYPE":"一般企业","PREMIUM_INCOME":null,"PREMIUM_INCOME_YOY":null,"NET_INTEREST_INCOME":null,"NET_INTEREST_INCOME_YOY":null,"FEE_COMMISSION_INCOME":null,"FEE_COMMISSION_INCOME_YOY":null,"ACCOUNTS_RECE_TDAYS":1.649976598461,"INVENTORY_TDAYS":0.979295182969,"CURRENT_ASSETS_TDAYS":0.480540156399,"TOTAL_ASSETS_TDAYS":0.253356991299,"PREMIUM_EXPENSE":null,"LOAN_DEPOSIT":null,"LOAN_EQUITY":null,"LOAN_ASSETS":null,"DEPOSIT_EQUITY":null,"DEPOSIT_ASSETS":null,"EQUITY_MULTIPLIER":1.776611326928,"EQUITY_RATIO":0.776611326929},{"SECUCODE":"01927.HK","SECURITY_CODE":"01927","SECURITY_NAME_ABBR":"久久王","ORG_CODE":"10000025003","STD_REPORT_DATE":"2023-12-31 00:00:00","REPORT_DATE":"2023-12-31 00:00:00","DATE_TYPE_CODE":"001","REPORT_TYPE":"2023年年报","PER_NETCASH_OPERATE":-0.016099747475,"PER_OI":0.444150252525,"BPS":0.505,"BASIC_EPS":0.006,"DILUTED_EPS":0.006,"OPERATE_INCOME":351767000,"OPERATE_INCOME_YOY":-6.547098783,"GROSS_PROFIT":99513000,"GROSS_PROFIT_YOY":-11.027564440709,"HOLDER_PROFIT":4920000,"HOLDER_PROFIT_YOY":-69.376322669,"GROSS_PROFIT_RATIO":28.289464332925,"EPS_TTM":0.006212121212,"OPERATE_INCOME_QOQ":-8.751637462549,"NET_PROFIT_RATIO":1.3986530857,"ROE_AVG":1.237384089554,"GROSS_PROFIT_QOQ":-11.581725130611,"ROA":0.717819579259,"HOLDER_PROFIT_QOQ":-62.797731568998,"ROE_YEARLY":1.237384089554,"ROIC_YEARLY":0.752145219062,"TOTAL_ASSETS":707873000,"TOTAL_LIABILITIES":307913000,"TAX_EBT":55.531453362256,"OCF_SALES":-3.624842580458,"TOTAL_PARENT_EQUITY":399960000,"DEBT_ASSET_RATIO":43.4983393914,"OPERATE_PROFIT":24651000,"PRETAX_PROFIT":11064000,"NETCASH_OPERATE":-12751000,"NETCASH_INVEST":-12880000,"NETCASH_FINANCE":33427000,"END_CASH":35064000,"DIVI_RATIO":null,"DIVIDEND_RATE":null,"CURRENT_RATIO":2.212826212735,"COMMON_ACS":2000000000,"CURRENTDEBT_DEBT":53.325127552263,"ISSUED_COMMON_SHARES":792000000,"HK_COMMON_SHARES":792000000,"PER_SHARES":5000,"TOTAL_MARKET_CAP":91080000,"HKSK_MARKET_CAP":91080000,"PE_TTM":14.909436595204,"PB_TTM":0.203609642733,"REPORT_DATE_SQ":"2022-12-31 00:00:00","REPORT_TYPE_SQ":"2022年年报","OPERATE_INCOME_SQ":376411000,"DPS_HKD":null,"OPERATE_INCOME_QOQ_SQ":-6.369848191255,"NET_PROFIT_RATIO_SQ":4.2682068271,"HOLDER_PROFIT_SQ":16066000,"HOLDER_PROFIT_QOQ_SQ":-42.719623502567,"ROE_AVG_SQ":4.144406753428,"PE_TTM_SQ":5.807245303958,"PB_TTM_SQ":0.187644867446,"ROA_SQ":2.507135489247,"START_DATE":"2023-01-01 00:00:00","FISCAL_YEAR":"12-31","CURRENCY":"HKD","IS_CNY_CODE":0,"DPS_HKD_LY":null,"ORG_TYPE":"一般企业","PREMIUM_INCOME":null,"PREMIUM_INCOME_YOY":null,"NET_INTEREST_INCOME":null,"NET_INTEREST_INCOME_YOY":null,"FEE_COMMISSION_INCOME":null,"FEE_COMMISSION_INCOME_YOY":null,"ACCOUNTS_RECE_TDAYS":3.608866044956,"INVENTORY_TDAYS":2.100952388884,"CURRENT_ASSETS_TDAYS":1.054116173421,"TOTAL_ASSETS_TDAYS":0.513222032392,"PREMIUM_EXPENSE":null,"LOAN_DEPOSIT":null,"LOAN_EQUITY":null,"LOAN_ASSETS":null,"DEPOSIT_EQUITY":null,"DEPOSIT_ASSETS":null,"EQUITY_MULTIPLIER":1.769859485949,"EQUITY_RATIO":0.769859485949},{"SECUCODE":"01927.HK","SECURITY_CODE":"01927","SECURITY_NAME_ABBR":"久久王","ORG_CODE":"10000025003","STD_REPORT_DATE":"2023-06-30 00:00:00","REPORT_DATE":"2023-06-30 00:00:00","DATE_TYPE_CODE":"002","REPORT_TYPE":"2023年中报","PER_NETCASH_OPERATE":-0.009912878788,"PER_OI":0.241967171717,"BPS":0.506083333333,"BASIC_EPS":0.009,"DILUTED_EPS":0.009,"OPERATE_INCOME":191638000,"OPERATE_INCOME_YOY":4.9818126041,"GROSS_PROFIT":51975000,"GROSS_PROFIT_YOY":1.367164644849,"HOLDER_PROFIT":7275000,"HOLDER_PROFIT_YOY":-28.084223013,"GROSS_PROFIT_RATIO":27.121447729574,"EPS_TTM":0.016698232323,"OPERATE_INCOME_QOQ":2.415976153726,"NET_PROFIT_RATIO":3.7962199564,"ROE_AVG":1.827696574733,"GROSS_PROFIT_QOQ":0.626749041101,"ROA":1.073279543956,"HOLDER_PROFIT_QOQ":-17.68330636126,"ROE_YEARLY":3.655393149467,"ROIC_YEARLY":2.233167214343,"TOTAL_ASSETS":692713000,"TOTAL_LIABILITIES":291895000,"TAX_EBT":39.646590343455,"OCF_SALES":-4.096786649829,"TOTAL_PARENT_EQUITY":400818000,"DEBT_ASSET_RATIO":42.1379416872,"OPERATE_PROFIT":18878000,"PRETAX_PROFIT":12054000,"NETCASH_OPERATE":-7851000,"NETCASH_INVEST":-9481000,"NETCASH_FINANCE":16639000,"END_CASH":25080000,"DIVI_RATIO":null,"DIVIDEND_RATE":null,"CURRENT_RATIO":1.197915586992,"COMMON_ACS":2000000000,"CURRENTDEBT_DEBT":95.853303413899,"ISSUED_COMMON_SHARES":792000000,"HK_COMMON_SHARES":792000000,"PER_SHARES":5000,"TOTAL_MARKET_CAP":91080000,"HKSK_MARKET_CAP":91080000,"PE_TTM":14.909436595204,"PB_TTM":0.203609642733,"REPORT_DATE_SQ":"2022-06-30 00:00:00","REPORT_TYPE_SQ":"2022年中报","OPERATE_INCOME_SQ":182544000,"DPS_HKD":null,"OPERATE_INCOME_QOQ_SQ":-1.904715427317,"NET_PROFIT_RATIO_SQ":5.5416776229,"HOLDER_PROFIT_SQ":10116000,"HOLDER_PROFIT_QOQ_SQ":2.781340466855,"ROE_AVG_SQ":2.629950655928,"PE_TTM_SQ":5.807245303958,"PB_TTM_SQ":0.187644867446,"ROA_SQ":1.60036955944,"START_DATE":"2023-01-01 00:00:00","FISCAL_YEAR":"12-31","CURRENCY":"HKD","IS_CNY_CODE":0,"DPS_HKD_LY":null,"ORG_TYPE":"一般企业","PREMIUM_INCOME":null,"PREMIUM_INCOME_YOY":null,"NET_INTEREST_INCOME":null,"NET_INTEREST_INCOME_YOY":null,"FEE_COMMISSION_INCOME":null,"FEE_COMMISSION_INCOME_YOY":null,"ACCOUNTS_RECE_TDAYS":1.830974208065,"INVENTORY_TDAYS":1.267112133295,"CURRENT_ASSETS_TDAYS":0.599574186504,"TOTAL_ASSETS_TDAYS":0.282723223704,"PREMIUM_EXPENSE":null,"LOAN_DEPOSIT":null,"LOAN_EQUITY":null,"LOAN_ASSETS":null,"DEPOSIT_EQUITY":null,"DEPOSIT_ASSETS":null,"EQUITY_MULTIPLIER":1.728248232363,"EQUITY_RATIO":0.728248232365},{"SECUCODE":"01927.HK","SECURITY_CODE":"01927","SECURITY_NAME_ABBR":"久久王","ORG_CODE":"10000025003","STD_REPORT_DATE":"2022-12-31 00:00:00","REPORT_DATE":"2022-12-31 00:00:00","DATE_TYPE_CODE":"001","REPORT_TYPE":"2022年年报","PER_NETCASH_OPERATE":0.053953282828,"PER_OI":0.475266414141,"BPS":0.499073232323,"BASIC_EPS":0.02,"DILUTED_EPS":0.02,"OPERATE_INCOME":376411000,"OPERATE_INCOME_YOY":-8.1532361374,"GROSS_PROFIT":111847000,"GROSS_PROFIT_YOY":-14.09138740178,"HOLDER_PROFIT":16066000,"HOLDER_PROFIT_YOY":-41.1264612115,"GROSS_PROFIT_RATIO":29.714062553964,"EPS_TTM":0.020285353535,"OPERATE_INCOME_QOQ":-6.369848191255,"NET_PROFIT_RATIO":4.2682068271,"ROE_AVG":4.144406753428,"GROSS_PROFIT_QOQ":-6.862467523816,"ROA":2.507135489247,"HOLDER_PROFIT_QOQ":-42.719623502567,"ROE_YEARLY":4.144406753428,"ROIC_YEARLY":2.638249027653,"TOTAL_ASSETS":662945000,"TOTAL_LIABILITIES":267679000,"TAX_EBT":36.845001768938,"OCF_SALES":11.352218718369,"TOTAL_PARENT_EQUITY":395266000,"DEBT_ASSET_RATIO":40.3772560318,"OPERATE_PROFIT":38520000,"PRETAX_PROFIT":25439000,"NETCASH_OPERATE":42731000,"NETCASH_INVEST":-57487000,"NETCASH_FINANCE":5638000,"END_CASH":27496000,"DIVI_RATIO":null,"DIVIDEND_RATE":null,"CURRENT_RATIO":1.181824188295,"COMMON_ACS":2000000000,"CURRENTDEBT_DEBT":96.121847436669,"ISSUED_COMMON_SHARES":792000000,"HK_COMMON_SHARES":792000000,"PER_SHARES":5000,"TOTAL_MARKET_CAP":91080000,"HKSK_MARKET_CAP":91080000,"PE_TTM":14.909436595204,"PB_TTM":0.203609642733,"REPORT_DATE_SQ":"2021-12-31 00:00:00","REPORT_TYPE_SQ":"2021年年报","OPERATE_INCOME_SQ":409825000,"DPS_HKD":null,"OPERATE_INCOME_QOQ_SQ":-2.818748340099,"NET_PROFIT_RATIO_SQ":6.6586957848,"HOLDER_PROFIT_SQ":27289000,"HOLDER_PROFIT_QOQ_SQ":-27.661435690807,"ROE_AVG_SQ":8.518389032133,"PE_TTM_SQ":5.807245303958,"PB_TTM_SQ":0.187644867446,"ROA_SQ":4.837831848602,"START_DATE":"2022-01-01 00:00:00","FISCAL_YEAR":"12-31","CURRENCY":"HKD","IS_CNY_CODE":0,"DPS_HKD_LY":null,"ORG_TYPE":"一般企业","PREMIUM_INCOME":null,"PREMIUM_INCOME_YOY":null,"NET_INTEREST_INCOME":null,"NET_INTEREST_INCOME_YOY":null,"FEE_COMMISSION_INCOME":null,"FEE_COMMISSION_INCOME_YOY":null,"ACCOUNTS_RECE_TDAYS":3.535720156491,"INVENTORY_TDAYS":2.56590451713,"CURRENT_ASSETS_TDAYS":1.265976857247,"TOTAL_ASSETS_TDAYS":0.587397844294,"PREMIUM_EXPENSE":null,"LOAN_DEPOSIT":null,"LOAN_EQUITY":null,"LOAN_ASSETS":null,"DEPOSIT_EQUITY":null,"DEPOSIT_ASSETS":null,"EQUITY_MULTIPLIER":1.677212307661,"EQUITY_RATIO":0.677212307661},{"SECUCODE":"01927.HK","SECURITY_CODE":"01927","SECURITY_NAME_ABBR":"久久王","ORG_CODE":"10000025003","STD_REPORT_DATE":"2022-06-30 00:00:00","REPORT_DATE":"2022-06-30 00:00:00","DATE_TYPE_CODE":"002","REPORT_TYPE":"2022年中报","PER_NETCASH_OPERATE":0.01291540404,"PER_OI":0.230484848485,"BPS":0.491474747475,"BASIC_EPS":0.013,"DILUTED_EPS":0.013,"OPERATE_INCOME":182544000,"OPERATE_INCOME_YOY":-4.1008668243,"GROSS_PROFIT":51274000,"GROSS_PROFIT_YOY":-16.463285488522,"HOLDER_PROFIT":10116000,"HOLDER_PROFIT_YOY":8.1115742225,"GROSS_PROFIT_RATIO":28.088570426856,"EPS_TTM":0.035414141414,"OPERATE_INCOME_QOQ":-1.904715427317,"NET_PROFIT_RATIO":5.5416776229,"ROE_AVG":2.629950655928,"GROSS_PROFIT_QOQ":-7.761554000599,"ROA":1.60036955944,"HOLDER_PROFIT_QOQ":2.781340466855,"ROE_YEARLY":5.259901311856,"ROIC_YEARLY":3.371418430321,"TOTAL_ASSETS":645531000,"TOTAL_LIABILITIES":256283000,"TAX_EBT":30.316181029138,"OCF_SALES":5.603580506618,"TOTAL_PARENT_EQUITY":389248000,"DEBT_ASSET_RATIO":39.7011142765,"OPERATE_PROFIT":20821000,"PRETAX_PROFIT":14517000,"NETCASH_OPERATE":10229000,"NETCASH_INVEST":-29546000,"NETCASH_FINANCE":11836000,"END_CASH":27804000,"DIVI_RATIO":null,"DIVIDEND_RATE":null,"CURRENT_RATIO":1.203339084338,"COMMON_ACS":2000000000,"CURRENTDEBT_DEBT":96.570197789163,"ISSUED_COMMON_SHARES":792000000,"HK_COMMON_SHARES":792000000,"PER_SHARES":5000,"TOTAL_MARKET_CAP":91080000,"HKSK_MARKET_CAP":91080000,"PE_TTM":14.909436595204,"PB_TTM":0.203609642733,"REPORT_DATE_SQ":"2021-06-30 00:00:00","REPORT_TYPE_SQ":"2021年中报","OPERATE_INCOME_SQ":190350000,"DPS_HKD":null,"OPERATE_INCOME_QOQ_SQ":5.104278821231,"NET_PROFIT_RATIO_SQ":4.9156816391,"HOLDER_PROFIT_SQ":9357000,"HOLDER_PROFIT_QOQ_SQ":-14.415354598666,"ROE_AVG_SQ":3.006849524165,"PE_TTM_SQ":5.807245303958,"PB_TTM_SQ":0.187644867446,"ROA_SQ":1.677261959925,"START_DATE":"2022-01-01 00:00:00","FISCAL_YEAR":"12-31","CURRENCY":"HKD","IS_CNY_CODE":0,"DPS_HKD_LY":null,"ORG_TYPE":"一般企业","PREMIUM_INCOME":null,"PREMIUM_INCOME_YOY":null,"NET_INTEREST_INCOME":null,"NET_INTEREST_INCOME_YOY":null,"FEE_COMMISSION_INCOME":null,"FEE_COMMISSION_INCOME_YOY":null,"ACCOUNTS_RECE_TDAYS":1.547776614281,"INVENTORY_TDAYS":1.443019050446,"CURRENT_ASSETS_TDAYS":0.620482193904,"TOTAL_ASSETS_TDAYS":0.288787920975,"PREMIUM_EXPENSE":null,"LOAN_DEPOSIT":null,"LOAN_EQUITY":null,"LOAN_ASSETS":null,"DEPOSIT_EQUITY":null,"DEPOSIT_ASSETS":null,"EQUITY_MULTIPLIER":1.658405438179,"EQUITY_RATIO":0.658405438178},{"SECUCODE":"01927.HK","SECURITY_CODE":"01927","SECURITY_NAME_ABBR":"久久王","ORG_CODE":"10000025003","STD_REPORT_DATE":"2021-12-31 00:00:00","REPORT_DATE":"2021-12-31 00:00:00","DATE_TYPE_CODE":"001","REPORT_TYPE":"2021年年报","PER_NETCASH_OPERATE":0.028772727273,"PER_OI":0.517455808081,"BPS":0.479853535354,"BASIC_EPS":0.036,"DILUTED_EPS":0.036,"OPERATE_INCOME":409825000,"OPERATE_INCOME_YOY":2.1416537066,"GROSS_PROFIT":130193000,"GROSS_PROFIT_YOY":1.906744835899,"HOLDER_PROFIT":27289000,"HOLDER_PROFIT_YOY":-38.0892962476,"GROSS_PROFIT_RATIO":31.767949734643,"EPS_TTM":0.034455808081,"OPERATE_INCOME_QOQ":-2.818748340099,"NET_PROFIT_RATIO":6.6586957848,"ROE_AVG":8.518389032133,"GROSS_PROFIT_QOQ":-5.686633874952,"ROA":4.837831848602,"HOLDER_PROFIT_QOQ":-27.661435690807,"ROE_YEARLY":8.518389032133,"ROIC_YEARLY":5.13199527967,"TOTAL_ASSETS":618677000,"TOTAL_LIABILITIES":238633000,"TAX_EBT":34.748093063294,"OCF_SALES":5.560422131398,"TOTAL_PARENT_EQUITY":380044000,"DEBT_ASSET_RATIO":38.5715001527,"OPERATE_PROFIT":54106000,"PRETAX_PROFIT":41821000,"NETCASH_OPERATE":22788000,"NETCASH_INVEST":-88627000,"NETCASH_FINANCE":73681000,"END_CASH":36197000,"DIVI_RATIO":null,"DIVIDEND_RATE":null,"CURRENT_RATIO":1.217668972858,"COMMON_ACS":2000000000,"CURRENTDEBT_DEBT":100,"ISSUED_COMMON_SHARES":792000000,"HK_COMMON_SHARES":792000000,"PER_SHARES":5000,"TOTAL_MARKET_CAP":91080000,"HKSK_MARKET_CAP":91080000,"PE_TTM":14.909436595204,"PB_TTM":0.203609642733,"REPORT_DATE_SQ":"2020-12-31 00:00:00","REPORT_TYPE_SQ":"2020年年报","OPERATE_INCOME_SQ":401232000,"DPS_HKD":null,"OPERATE_INCOME_QOQ_SQ":-3.103250080902,"NET_PROFIT_RATIO_SQ":10.9856641544,"HOLDER_PROFIT_SQ":44078000,"HOLDER_PROFIT_QOQ_SQ":2.041855727382,"ROE_AVG_SQ":18.491731203276,"PE_TTM_SQ":5.807245303958,"PB_TTM_SQ":0.187644867446,"ROA_SQ":8.811405770853,"START_DATE":"2021-01-01 00:00:00","FISCAL_YEAR":"12-31","CURRENCY":"HKD","IS_CNY_CODE":0,"DPS_HKD_LY":null,"ORG_TYPE":"一般企业","PREMIUM_INCOME":null,"PREMIUM_INCOME_YOY":null,"NET_INTEREST_INCOME":null,"NET_INTEREST_INCOME_YOY":null,"FEE_COMMISSION_INCOME":null,"FEE_COMMISSION_INCOME_YOY":null,"ACCOUNTS_RECE_TDAYS":3.871587887147,"INVENTORY_TDAYS":3.090658900377,"CURRENT_ASSETS_TDAYS":1.50942041129,"TOTAL_ASSETS_TDAYS":0.726543456101,"PREMIUM_EXPENSE":null,"LOAN_DEPOSIT":null,"LOAN_EQUITY":null,"LOAN_ASSETS":null,"DEPOSIT_EQUITY":null,"DEPOSIT_ASSETS":null,"EQUITY_MULTIPLIER":1.627908873708,"EQUITY_RATIO":0.627908873709},{"SECUCODE":"01927.HK","SECURITY_CODE":"01927","SECURITY_NAME_ABBR":"久久王","ORG_CODE":"10000025003","STD_REPORT_DATE":"2021-06-30 00:00:00","REPORT_DATE":"2021-06-30 00:00:00","DATE_TYPE_CODE":"002","REPORT_TYPE":"2021年中报","PER_NETCASH_OPERATE":-0.014752525253,"PER_OI":0.240340909091,"BPS":0.456710858586,"BASIC_EPS":0.013,"DILUTED_EPS":0.013,"OPERATE_INCOME":190350000,"OPERATE_INCOME_YOY":12.0562783305,"GROSS_PROFIT":61379000,"GROSS_PROFIT_YOY":20.131916309475,"HOLDER_PROFIT":9357000,"HOLDER_PROFIT_YOY":-40.4430017185,"GROSS_PROFIT_RATIO":32.245337536118,"EPS_TTM":0.047631313131,"OPERATE_INCOME_QOQ":5.104278821231,"NET_PROFIT_RATIO":4.9156816391,"ROE_AVG":3.006849524165,"GROSS_PROFIT_QOQ":8.051222242225,"ROA":1.677261959925,"HOLDER_PROFIT_QOQ":-14.415354598666,"ROE_YEARLY":6.013699048329,"ROIC_YEARLY":3.721339037769,"TOTAL_ASSETS":606274000,"TOTAL_LIABILITIES":244559000,"TAX_EBT":47.55338826299,"OCF_SALES":-6.13816653533,"TOTAL_PARENT_EQUITY":361715000,"DEBT_ASSET_RATIO":40.3380319789,"OPERATE_PROFIT":24103000,"PRETAX_PROFIT":17841000,"NETCASH_OPERATE":-11684000,"NETCASH_INVEST":-19581000,"NETCASH_FINANCE":84819000,"END_CASH":81512000,"DIVI_RATIO":null,"DIVIDEND_RATE":null,"CURRENT_RATIO":1.382304474585,"COMMON_ACS":2000000000,"CURRENTDEBT_DEBT":100,"ISSUED_COMMON_SHARES":792000000,"HK_COMMON_SHARES":792000000,"PER_SHARES":5000,"TOTAL_MARKET_CAP":91080000,"HKSK_MARKET_CAP":91080000,"PE_TTM":14.909436595204,"PB_TTM":0.203609642733,"REPORT_DATE_SQ":"2020-06-30 00:00:00","REPORT_TYPE_SQ":"2020年中报","OPERATE_INCOME_SQ":169870000,"DPS_HKD":null,"OPERATE_INCOME_QOQ_SQ":0,"NET_PROFIT_RATIO_SQ":9.2488373462,"HOLDER_PROFIT_SQ":15711000,"HOLDER_PROFIT_QOQ_SQ":0,"ROE_AVG_SQ":null,"PE_TTM_SQ":5.807245303958,"PB_TTM_SQ":0.187644867446,"ROA_SQ":null,"START_DATE":"2021-01-01 00:00:00","FISCAL_YEAR":"12-31","CURRENCY":"HKD","IS_CNY_CODE":0,"DPS_HKD_LY":null,"ORG_TYPE":"一般企业","PREMIUM_INCOME":null,"PREMIUM_INCOME_YOY":null,"NET_INTEREST_INCOME":null,"NET_INTEREST_INCOME_YOY":null,"FEE_COMMISSION_INCOME":null,"FEE_COMMISSION_INCOME_YOY":null,"ACCOUNTS_RECE_TDAYS":1.853249149316,"INVENTORY_TDAYS":1.513602009201,"CURRENT_ASSETS_TDAYS":0.64470569109,"TOTAL_ASSETS_TDAYS":0.341206384602,"PREMIUM_EXPENSE":null,"LOAN_DEPOSIT":null,"LOAN_EQUITY":null,"LOAN_ASSETS":null,"DEPOSIT_EQUITY":null,"DEPOSIT_ASSETS":null,"EQUITY_MULTIPLIER":1.676109644332,"EQUITY_RATIO":0.676109644333},{"SECUCODE":"01927.HK","SECURITY_CODE":"01927","SECURITY_NAME_ABBR":"久久王","ORG_CODE":"10000025003","STD_REPORT_DATE":"2020-12-31 00:00:00","REPORT_DATE":"2020-12-31 00:00:00","DATE_TYPE_CODE":"001","REPORT_TYPE":"2020年年报","PER_NETCASH_OPERATE":0.044716071829,"PER_OI":0.747999621943,"BPS":0.329121212121,"BASIC_EPS":0.074,"DILUTED_EPS":0.074,"OPERATE_INCOME":401232000,"OPERATE_INCOME_YOY":-3.1032500809,"GROSS_PROFIT":127757000,"GROSS_PROFIT_YOY":-2.029845710254,"HOLDER_PROFIT":44078000,"HOLDER_PROFIT_YOY":2.0418557274,"GROSS_PROFIT_RATIO":31.841179168162,"EPS_TTM":0.082172726343,"OPERATE_INCOME_QOQ":-3.103250080902,"NET_PROFIT_RATIO":10.9856641544,"ROE_AVG":18.491731203276,"GROSS_PROFIT_QOQ":-2.029845710254,"ROA":8.811405770853,"HOLDER_PROFIT_QOQ":2.041855727382,"ROE_YEARLY":18.491731203276,"ROIC_YEARLY":9.435270848228,"TOTAL_ASSETS":509473000,"TOTAL_LIABILITIES":248809000,"TAX_EBT":26.752746065773,"OCF_SALES":5.978087490529,"TOTAL_PARENT_EQUITY":260664000,"DEBT_ASSET_RATIO":48.836542859,"OPERATE_PROFIT":73811000,"PRETAX_PROFIT":60177000,"NETCASH_OPERATE":23986000,"NETCASH_INVEST":-9740000,"NETCASH_FINANCE":-23980000,"END_CASH":28468000,"DIVI_RATIO":null,"DIVIDEND_RATE":null,"CURRENT_RATIO":1.014621657577,"COMMON_ACS":2000000000,"CURRENTDEBT_DEBT":100,"ISSUED_COMMON_SHARES":792000000,"HK_COMMON_SHARES":792000000,"PER_SHARES":5000,"TOTAL_MARKET_CAP":91080000,"HKSK_MARKET_CAP":91080000,"PE_TTM":14.909436595204,"PB_TTM":0.203609642733,"REPORT_DATE_SQ":"2019-12-31 00:00:00","REPORT_TYPE_SQ":"2019年年报","OPERATE_INCOME_SQ":414082000,"DPS_HKD":null,"OPERATE_INCOME_QOQ_SQ":8.735737825453,"NET_PROFIT_RATIO_SQ":10.431750233,"HOLDER_PROFIT_SQ":43196000,"HOLDER_PROFIT_QOQ_SQ":11.657964121388,"ROE_AVG_SQ":22.230399283621,"PE_TTM_SQ":5.807245303958,"PB_TTM_SQ":0.187644867446,"ROA_SQ":9.206544071886,"START_DATE":"2020-01-01 00:00:00","FISCAL_YEAR":"12-31","CURRENCY":"HKD","IS_CNY_CODE":0,"DPS_HKD_LY":null,"ORG_TYPE":"一般企业","PREMIUM_INCOME":null,"PREMIUM_INCOME_YOY":null,"NET_INTEREST_INCOME":null,"NET_INTEREST_INCOME_YOY":null,"FEE_COMMISSION_INCOME":null,"FEE_COMMISSION_INCOME_YOY":null,"ACCOUNTS_RECE_TDAYS":3.953297271733,"INVENTORY_TDAYS":3.528937350797,"CURRENT_ASSETS_TDAYS":1.675468578074,"TOTAL_ASSETS_TDAYS":0.802082208869,"PREMIUM_EXPENSE":null,"LOAN_DEPOSIT":null,"LOAN_EQUITY":null,"LOAN_ASSETS":null,"DEPOSIT_EQUITY":null,"DEPOSIT_ASSETS":null,"EQUITY_MULTIPLIER":1.95451999509,"EQUITY_RATIO":0.954519995089},{"SECUCODE":"01927.HK","SECURITY_CODE":"01927","SECURITY_NAME_ABBR":"久久王","ORG_CODE":"10000025003","STD_REPORT_DATE":"2020-06-30 00:00:00","REPORT_DATE":"2020-06-30 00:00:00","DATE_TYPE_CODE":"002","REPORT_TYPE":"2020年中报","PER_NETCASH_OPERATE":null,"PER_OI":null,"BPS":null,"BASIC_EPS":0.026,"DILUTED_EPS":0.026,"OPERATE_INCOME":169870000,"OPERATE_INCOME_YOY":null,"GROSS_PROFIT":51093000,"GROSS_PROFIT_YOY":null,"HOLDER_PROFIT":15711000,"HOLDER_PROFIT_YOY":null,"GROSS_PROFIT_RATIO":30.077706481427,"EPS_TTM":0.0860982672,"OPERATE_INCOME_QOQ":0,"NET_PROFIT_RATIO":9.2488373462,"ROE_AVG":null,"GROSS_PROFIT_QOQ":0,"ROA":null,"HOLDER_PROFIT_QOQ":0,"ROE_YEARLY":null,"ROIC_YEARLY":null,"TOTAL_ASSETS":null,"TOTAL_LIABILITIES":null,"TAX_EBT":27.1829810901,"OCF_SALES":-7.754753635133,"TOTAL_PARENT_EQUITY":null,"DEBT_ASSET_RATIO":null,"OPERATE_PROFIT":28647000,"PRETAX_PROFIT":21576000,"NETCASH_OPERATE":-13173000,"NETCASH_INVEST":50000,"NETCASH_FINANCE":-6591000,"END_CASH":17730000,"DIVI_RATIO":null,"DIVIDEND_RATE":null,"CURRENT_RATIO":null,"COMMON_ACS":2000000000,"CURRENTDEBT_DEBT":null,"ISSUED_COMMON_SHARES":792000000,"HK_COMMON_SHARES":792000000,"PER_SHARES":5000,"TOTAL_MARKET_CAP":91080000,"HKSK_MARKET_CAP":91080000,"PE_TTM":14.909436595204,"PB_TTM":0.203609642733,"REPORT_DATE_SQ":"2019-06-30 00:00:00","REPORT_TYPE_SQ":"2019年中报","OPERATE_INCOME_SQ":null,"DPS_HKD":null,"OPERATE_INCOME_QOQ_SQ":0,"NET_PROFIT_RATIO_SQ":null,"HOLDER_PROFIT_SQ":null,"HOLDER_PROFIT_QOQ_SQ":0,"ROE_AVG_SQ":null,"PE_TTM_SQ":5.807245303958,"PB_TTM_SQ":0.187644867446,"ROA_SQ":null,"START_DATE":"2020-01-01 00:00:00","FISCAL_YEAR":"12-31","CURRENCY":"HKD","IS_CNY_CODE":0,"DPS_HKD_LY":null,"ORG_TYPE":"一般企业","PREMIUM_INCOME":null,"PREMIUM_INCOME_YOY":null,"NET_INTEREST_INCOME":null,"NET_INTEREST_INCOME_YOY":null,"FEE_COMMISSION_INCOME":null,"FEE_COMMISSION_INCOME_YOY":null,"ACCOUNTS_RECE_TDAYS":null,"INVENTORY_TDAYS":null,"CURRENT_ASSETS_TDAYS":1.499942605363,"TOTAL_ASSETS_TDAYS":0.691930599202,"PREMIUM_EXPENSE":null,"LOAN_DEPOSIT":null,"LOAN_EQUITY":null,"LOAN_ASSETS":null,"DEPOSIT_EQUITY":null,"DEPOSIT_ASSETS":null,"EQUITY_MULTIPLIER":null,"EQUITY_RATIO":null}],"count":13},"success":true,"message":"ok","code":0}