{"version":"0488e1432f45b4b979905c721ad305ee","result":{"pages":2,"data":[{"SECUCODE":"01921.HK","SECURITY_CODE":"01921","SECURITY_NAME_ABBR":"达力普控股","ORG_CODE":"10000005008","STD_REPORT_DATE":"2024-06-30 00:00:00","REPORT_DATE":"2024-06-30 00:00:00","DATE_TYPE_CODE":"002","REPORT_TYPE":"2024年中报","PER_NETCASH_OPERATE":-0.036648813976,"PER_OI":1.024480457426,"BPS":0.892267530975,"BASIC_EPS":-0.05,"DILUTED_EPS":-0.05,"OPERATE_INCOME":1539454000,"OPERATE_INCOME_YOY":-26.2460337194,"GROSS_PROFIT":124463000,"GROSS_PROFIT_YOY":-56.040955872484,"HOLDER_PROFIT":-69680000,"HOLDER_PROFIT_YOY":-222.676056338,"GROSS_PROFIT_RATIO":8.084879444271,"EPS_TTM":0.005352479723,"OPERATE_INCOME_QOQ":-14.229250757139,"NET_PROFIT_RATIO":-4.5262800967,"ROE_AVG":-4.973011705276,"GROSS_PROFIT_QOQ":-30.041084478776,"ROA":-1.632797101176,"HOLDER_PROFIT_QOQ":-94.021096764122,"ROE_YEARLY":-9.946023410553,"ROIC_YEARLY":-3.630381048035,"TOTAL_ASSETS":4404652000,"TOTAL_LIABILITIES":3063424000,"TAX_EBT":9.784170798969,"OCF_SALES":-3.577307279074,"TOTAL_PARENT_EQUITY":1341228000,"DEBT_ASSET_RATIO":69.5497396843,"OPERATE_PROFIT":-35699000,"PRETAX_PROFIT":-77237000,"NETCASH_OPERATE":-55071000,"NETCASH_INVEST":-145324000,"NETCASH_FINANCE":170656000,"END_CASH":321919000,"DIVI_RATIO":6.772337659878,"DIVIDEND_RATE":0.42735042735,"CURRENT_RATIO":0.955919785866,"COMMON_ACS":20000000000,"CURRENTDEBT_DEBT":86.563335666235,"ISSUED_COMMON_SHARES":1503168000,"HK_COMMON_SHARES":1503168000,"PER_SHARES":2000,"TOTAL_MARKET_CAP":14069652480,"HKSK_MARKET_CAP":14069652480,"PE_TTM":1341.12150679694,"PB_TTM":9.574129398914,"REPORT_DATE_SQ":"2023-06-30 00:00:00","REPORT_TYPE_SQ":"2023年中报","OPERATE_INCOME_SQ":2087283000,"DPS_HKD":0.04,"OPERATE_INCOME_QOQ_SQ":3.480744840936,"NET_PROFIT_RATIO_SQ":2.7212409625,"HOLDER_PROFIT_SQ":56800000,"HOLDER_PROFIT_QOQ_SQ":16.937803462107,"ROE_AVG_SQ":4.062114595256,"PE_TTM_SQ":27.754837818842,"PB_TTM_SQ":3.58230564947,"ROA_SQ":1.347859205665,"START_DATE":"2024-01-01 00:00:00","FISCAL_YEAR":"12-31","CURRENCY":"HKD","IS_CNY_CODE":0,"DPS_HKD_LY":0.04,"ORG_TYPE":"一般企业","PREMIUM_INCOME":null,"PREMIUM_INCOME_YOY":null,"NET_INTEREST_INCOME":null,"NET_INTEREST_INCOME_YOY":null,"FEE_COMMISSION_INCOME":null,"FEE_COMMISSION_INCOME_YOY":null,"ACCOUNTS_RECE_TDAYS":1.222678727296,"INVENTORY_TDAYS":2.081753863039,"CURRENT_ASSETS_TDAYS":0.630460743585,"TOTAL_ASSETS_TDAYS":0.360737087915,"PREMIUM_EXPENSE":null,"LOAN_DEPOSIT":null,"LOAN_EQUITY":null,"LOAN_ASSETS":null,"DEPOSIT_EQUITY":null,"DEPOSIT_ASSETS":null,"EQUITY_MULTIPLIER":3.284044174441,"EQUITY_RATIO":2.284044174443},{"SECUCODE":"01921.HK","SECURITY_CODE":"01921","SECURITY_NAME_ABBR":"达力普控股","ORG_CODE":"10000005008","STD_REPORT_DATE":"2023-12-31 00:00:00","REPORT_DATE":"2023-12-31 00:00:00","DATE_TYPE_CODE":"001","REPORT_TYPE":"2023年年报","PER_NETCASH_OPERATE":0.289463807042,"PER_OI":2.562122837513,"BPS":0.972012443054,"BASIC_EPS":0.09,"DILUTED_EPS":0.09,"OPERATE_INCOME":3850020000,"OPERATE_INCOME_YOY":-8.9356597116,"GROSS_PROFIT":528180000,"GROSS_PROFIT_YOY":-13.544640284944,"HOLDER_PROFIT":134523000,"HOLDER_PROFIT_YOY":-11.2551456618,"GROSS_PROFIT_RATIO":13.718889772001,"EPS_TTM":0.089522768835,"OPERATE_INCOME_QOQ":-11.998758388932,"NET_PROFIT_RATIO":3.494085745,"ROE_AVG":9.389480972626,"GROSS_PROFIT_QOQ":-22.900183925496,"ROA":3.234979905071,"HOLDER_PROFIT_QOQ":-24.109354108959,"ROE_YEARLY":9.389480972626,"ROIC_YEARLY":3.626301909589,"TOTAL_ASSETS":4130395000,"TOTAL_LIABILITIES":2669297000,"TAX_EBT":11.711776751024,"OCF_SALES":11.297811439941,"TOTAL_PARENT_EQUITY":1461098000,"DEBT_ASSET_RATIO":64.6257077108,"OPERATE_PROFIT":241362000,"PRETAX_PROFIT":152368000,"NETCASH_OPERATE":434968000,"NETCASH_INVEST":-147977000,"NETCASH_FINANCE":-318358000,"END_CASH":351192000,"DIVI_RATIO":0.404911515491,"DIVIDEND_RATE":0.493218249075,"CURRENT_RATIO":1.147643388603,"COMMON_ACS":20000000000,"CURRENTDEBT_DEBT":76.668838274647,"ISSUED_COMMON_SHARES":1503168000,"HK_COMMON_SHARES":1503168000,"PER_SHARES":2000,"TOTAL_MARKET_CAP":12190692480,"HKSK_MARKET_CAP":12190692480,"PE_TTM":1162.01874146615,"PB_TTM":8.295533058247,"REPORT_DATE_SQ":"2022-12-31 00:00:00","REPORT_TYPE_SQ":"2022年年报","OPERATE_INCOME_SQ":4227802000,"DPS_HKD":0.04,"OPERATE_INCOME_QOQ_SQ":0.731937093438,"NET_PROFIT_RATIO_SQ":3.5854091559,"HOLDER_PROFIT_SQ":151584000,"HOLDER_PROFIT_QOQ_SQ":56.873783996357,"ROE_AVG_SQ":11.020928523989,"PE_TTM_SQ":33.768386012924,"PB_TTM_SQ":4.358471873521,"ROA_SQ":3.391950606554,"START_DATE":"2023-01-01 00:00:00","FISCAL_YEAR":"12-31","CURRENCY":"HKD","IS_CNY_CODE":0,"DPS_HKD_LY":0.04,"ORG_TYPE":"一般企业","PREMIUM_INCOME":null,"PREMIUM_INCOME_YOY":null,"NET_INTEREST_INCOME":null,"NET_INTEREST_INCOME_YOY":null,"FEE_COMMISSION_INCOME":null,"FEE_COMMISSION_INCOME_YOY":null,"ACCOUNTS_RECE_TDAYS":3.254637729002,"INVENTORY_TDAYS":4.995165493503,"CURRENT_ASSETS_TDAYS":1.63705107828,"TOTAL_ASSETS_TDAYS":0.925844452928,"PREMIUM_EXPENSE":null,"LOAN_DEPOSIT":null,"LOAN_EQUITY":null,"LOAN_ASSETS":null,"DEPOSIT_EQUITY":null,"DEPOSIT_ASSETS":null,"EQUITY_MULTIPLIER":2.826911678754,"EQUITY_RATIO":1.826911678751},{"SECUCODE":"01921.HK","SECURITY_CODE":"01921","SECURITY_NAME_ABBR":"达力普控股","ORG_CODE":"10000005008","STD_REPORT_DATE":"2023-06-30 00:00:00","REPORT_DATE":"2023-06-30 00:00:00","DATE_TYPE_CODE":"002","REPORT_TYPE":"2023年中报","PER_NETCASH_OPERATE":0.124211492144,"PER_OI":1.391830058386,"BPS":0.926225811087,"BASIC_EPS":0.04,"DILUTED_EPS":0.04,"OPERATE_INCOME":2087283000,"OPERATE_INCOME_YOY":7.5850306475,"GROSS_PROFIT":283134000,"GROSS_PROFIT_YOY":35.469517038115,"HOLDER_PROFIT":56800000,"HOLDER_PROFIT_YOY":82.4899598394,"GROSS_PROFIT_RATIO":13.564715469824,"EPS_TTM":0.118198828007,"OPERATE_INCOME_QOQ":3.480744840936,"NET_PROFIT_RATIO":2.7212409625,"ROE_AVG":4.062114595256,"GROSS_PROFIT_QOQ":12.134326794647,"ROA":1.347859205665,"HOLDER_PROFIT_QOQ":16.937803462107,"ROE_YEARLY":8.124229190513,"ROIC_YEARLY":3.029131391241,"TOTAL_ASSETS":4241800000,"TOTAL_LIABILITIES":2849527000,"TAX_EBT":12.682551883167,"OCF_SALES":8.924328900298,"TOTAL_PARENT_EQUITY":1392273000,"DEBT_ASSET_RATIO":67.1773068037,"OPERATE_PROFIT":108230000,"PRETAX_PROFIT":65050000,"NETCASH_OPERATE":186276000,"NETCASH_INVEST":-13322000,"NETCASH_FINANCE":-145505000,"END_CASH":411332000,"DIVI_RATIO":0.306676475657,"DIVIDEND_RATE":0.493218249075,"CURRENT_RATIO":1.204982218943,"COMMON_ACS":20000000000,"CURRENTDEBT_DEBT":71.72235953546,"ISSUED_COMMON_SHARES":1503168000,"HK_COMMON_SHARES":1503168000,"PER_SHARES":2000,"TOTAL_MARKET_CAP":12190692480,"HKSK_MARKET_CAP":12190692480,"PE_TTM":1162.01874146615,"PB_TTM":8.295533058247,"REPORT_DATE_SQ":"2022-06-30 00:00:00","REPORT_TYPE_SQ":"2022年中报","OPERATE_INCOME_SQ":1940124000,"DPS_HKD":0.04,"OPERATE_INCOME_QOQ_SQ":11.54652770709,"NET_PROFIT_RATIO_SQ":1.6042789018,"HOLDER_PROFIT_SQ":31125000,"HOLDER_PROFIT_QOQ_SQ":16.504901192443,"ROE_AVG_SQ":2.325101912298,"PE_TTM_SQ":33.768386012924,"PB_TTM_SQ":4.358471873521,"ROA_SQ":0.662619842383,"START_DATE":"2023-01-01 00:00:00","FISCAL_YEAR":"12-31","CURRENCY":"HKD","IS_CNY_CODE":0,"DPS_HKD_LY":0.04,"ORG_TYPE":"一般企业","PREMIUM_INCOME":null,"PREMIUM_INCOME_YOY":null,"NET_INTEREST_INCOME":null,"NET_INTEREST_INCOME_YOY":null,"FEE_COMMISSION_INCOME":null,"FEE_COMMISSION_INCOME_YOY":null,"ACCOUNTS_RECE_TDAYS":1.758699093007,"INVENTORY_TDAYS":2.515161168227,"CURRENT_ASSETS_TDAYS":0.866522196691,"TOTAL_ASSETS_TDAYS":0.495310494081,"PREMIUM_EXPENSE":null,"LOAN_DEPOSIT":null,"LOAN_EQUITY":null,"LOAN_ASSETS":null,"DEPOSIT_EQUITY":null,"DEPOSIT_ASSETS":null,"EQUITY_MULTIPLIER":3.04667259941,"EQUITY_RATIO":2.046672599411},{"SECUCODE":"01921.HK","SECURITY_CODE":"01921","SECURITY_NAME_ABBR":"达力普控股","ORG_CODE":"10000005008","STD_REPORT_DATE":"2022-12-31 00:00:00","REPORT_DATE":"2022-12-31 00:00:00","DATE_TYPE_CODE":"001","REPORT_TYPE":"2022年年报","PER_NETCASH_OPERATE":0.509946825691,"PER_OI":2.821416273154,"BPS":0.93422691276,"BASIC_EPS":0.1,"DILUTED_EPS":0.1,"OPERATE_INCOME":4227802000,"OPERATE_INCOME_YOY":12.3629781198,"GROSS_PROFIT":610928000,"GROSS_PROFIT_YOY":46.324802701699,"HOLDER_PROFIT":151584000,"HOLDER_PROFIT_YOY":82.7656470418,"GROSS_PROFIT_RATIO":14.450250981479,"EPS_TTM":0.101159317383,"OPERATE_INCOME_QOQ":0.731937093438,"NET_PROFIT_RATIO":3.5854091559,"ROE_AVG":11.020928523989,"GROSS_PROFIT_QOQ":26.931307733542,"ROA":3.391950606554,"HOLDER_PROFIT_QOQ":56.873783996357,"ROE_YEARLY":11.020928523989,"ROIC_YEARLY":3.827220621908,"TOTAL_ASSETS":4186380000,"TOTAL_LIABILITIES":2782080000,"TAX_EBT":14.33318639585,"OCF_SALES":18.07414349111,"TOTAL_PARENT_EQUITY":1404300000,"DEBT_ASSET_RATIO":66.4555057114,"OPERATE_PROFIT":285774000,"PRETAX_PROFIT":176946000,"NETCASH_OPERATE":764139000,"NETCASH_INVEST":-79100000,"NETCASH_FINANCE":-739506000,"END_CASH":381058000,"DIVI_RATIO":0.358333774266,"DIVIDEND_RATE":0.493218249075,"CURRENT_RATIO":1.184519405318,"COMMON_ACS":20000000000,"CURRENTDEBT_DEBT":71.460525937428,"ISSUED_COMMON_SHARES":1503168000,"HK_COMMON_SHARES":1503168000,"PER_SHARES":2000,"TOTAL_MARKET_CAP":12190692480,"HKSK_MARKET_CAP":12190692480,"PE_TTM":1162.01874146615,"PB_TTM":8.295533058247,"REPORT_DATE_SQ":"2021-12-31 00:00:00","REPORT_TYPE_SQ":"2021年年报","OPERATE_INCOME_SQ":3762629000,"DPS_HKD":0.04,"OPERATE_INCOME_QOQ_SQ":35.55926321698,"NET_PROFIT_RATIO_SQ":2.2042832286,"HOLDER_PROFIT_SQ":82939000,"HOLDER_PROFIT_QOQ_SQ":226.106524350378,"ROE_AVG_SQ":6.357622493408,"PE_TTM_SQ":33.768386012924,"PB_TTM_SQ":4.358471873521,"ROA_SQ":1.965339793552,"START_DATE":"2022-01-01 00:00:00","FISCAL_YEAR":"12-31","CURRENCY":"HKD","IS_CNY_CODE":0,"DPS_HKD_LY":0.03,"ORG_TYPE":"一般企业","PREMIUM_INCOME":null,"PREMIUM_INCOME_YOY":null,"NET_INTEREST_INCOME":null,"NET_INTEREST_INCOME_YOY":null,"FEE_COMMISSION_INCOME":null,"FEE_COMMISSION_INCOME_YOY":null,"ACCOUNTS_RECE_TDAYS":3.234273583552,"INVENTORY_TDAYS":4.717115169047,"CURRENT_ASSETS_TDAYS":1.615972889524,"TOTAL_ASSETS_TDAYS":0.946042824988,"PREMIUM_EXPENSE":null,"LOAN_DEPOSIT":null,"LOAN_EQUITY":null,"LOAN_ASSETS":null,"DEPOSIT_EQUITY":null,"DEPOSIT_ASSETS":null,"EQUITY_MULTIPLIER":2.981115146338,"EQUITY_RATIO":1.981115146336},{"SECUCODE":"01921.HK","SECURITY_CODE":"01921","SECURITY_NAME_ABBR":"达力普控股","ORG_CODE":"10000005008","STD_REPORT_DATE":"2022-06-30 00:00:00","REPORT_DATE":"2022-06-30 00:00:00","DATE_TYPE_CODE":"002","REPORT_TYPE":"2022年中报","PER_NETCASH_OPERATE":0.1089779695,"PER_OI":1.294738359444,"BPS":0.885305567974,"BASIC_EPS":0.02,"DILUTED_EPS":0.02,"OPERATE_INCOME":1940124000,"OPERATE_INCOME_YOY":28.8544442976,"GROSS_PROFIT":209002000,"GROSS_PROFIT_YOY":43.929867572016,"HOLDER_PROFIT":31125000,"HOLDER_PROFIT_YOY":78.5099793531,"GROSS_PROFIT_RATIO":10.772610410469,"EPS_TTM":0.064484526863,"OPERATE_INCOME_QOQ":11.54652770709,"NET_PROFIT_RATIO":1.6042789018,"ROE_AVG":2.325101912298,"GROSS_PROFIT_QOQ":15.278732500629,"ROA":0.662619842383,"HOLDER_PROFIT_QOQ":16.504901192443,"ROE_YEARLY":4.650203824597,"ROIC_YEARLY":1.505344335123,"TOTAL_ASSETS":4643041000,"TOTAL_LIABILITIES":3312278000,"TAX_EBT":15.611528346393,"OCF_SALES":8.416987780163,"TOTAL_PARENT_EQUITY":1330763000,"DEBT_ASSET_RATIO":71.3385473012,"OPERATE_PROFIT":92762000,"PRETAX_PROFIT":36883000,"NETCASH_OPERATE":163300000,"NETCASH_INVEST":-34858000,"NETCASH_FINANCE":-206922000,"END_CASH":354299000,"DIVI_RATIO":0.562131751029,"DIVIDEND_RATE":0.493218249075,"CURRENT_RATIO":1.120396663695,"COMMON_ACS":20000000000,"CURRENTDEBT_DEBT":75.868027985574,"ISSUED_COMMON_SHARES":1503168000,"HK_COMMON_SHARES":1503168000,"PER_SHARES":2000,"TOTAL_MARKET_CAP":12190692480,"HKSK_MARKET_CAP":12190692480,"PE_TTM":1162.01874146615,"PB_TTM":8.295533058247,"REPORT_DATE_SQ":"2021-06-30 00:00:00","REPORT_TYPE_SQ":"2021年中报","OPERATE_INCOME_SQ":1505671000,"DPS_HKD":0.04,"OPERATE_INCOME_QOQ_SQ":22.84816955991,"NET_PROFIT_RATIO_SQ":1.1580219052,"HOLDER_PROFIT_SQ":17436000,"HOLDER_PROFIT_QOQ_SQ":43.505673570011,"ROE_AVG_SQ":1.371368706351,"PE_TTM_SQ":33.768386012924,"PB_TTM_SQ":4.358471873521,"ROA_SQ":0.431185258687,"START_DATE":"2022-01-01 00:00:00","FISCAL_YEAR":"12-31","CURRENCY":"HKD","IS_CNY_CODE":0,"DPS_HKD_LY":0.03,"ORG_TYPE":"一般企业","PREMIUM_INCOME":null,"PREMIUM_INCOME_YOY":null,"NET_INTEREST_INCOME":null,"NET_INTEREST_INCOME_YOY":null,"FEE_COMMISSION_INCOME":null,"FEE_COMMISSION_INCOME_YOY":null,"ACCOUNTS_RECE_TDAYS":1.334160826934,"INVENTORY_TDAYS":2.147353117939,"CURRENT_ASSETS_TDAYS":0.681570561406,"TOTAL_ASSETS_TDAYS":0.413032822195,"PREMIUM_EXPENSE":null,"LOAN_DEPOSIT":null,"LOAN_EQUITY":null,"LOAN_ASSETS":null,"DEPOSIT_EQUITY":null,"DEPOSIT_ASSETS":null,"EQUITY_MULTIPLIER":3.48900668263,"EQUITY_RATIO":2.489006682632},{"SECUCODE":"01921.HK","SECURITY_CODE":"01921","SECURITY_NAME_ABBR":"达力普控股","ORG_CODE":"10000005008","STD_REPORT_DATE":"2021-12-31 00:00:00","REPORT_DATE":"2021-12-31 00:00:00","DATE_TYPE_CODE":"001","REPORT_TYPE":"2021年年报","PER_NETCASH_OPERATE":-0.190718092193,"PER_OI":2.506414201972,"BPS":0.895800735513,"BASIC_EPS":0.06,"DILUTED_EPS":0.06,"OPERATE_INCOME":3762629000,"OPERATE_INCOME_YOY":66.532073531,"GROSS_PROFIT":417515000,"GROSS_PROFIT_YOY":299.918582375479,"HOLDER_PROFIT":82939000,"HOLDER_PROFIT_YOY":171.243031516,"GROSS_PROFIT_RATIO":11.09636373929,"EPS_TTM":0.055248467892,"OPERATE_INCOME_QOQ":35.55926321698,"NET_PROFIT_RATIO":2.2042832286,"ROE_AVG":6.357622493408,"GROSS_PROFIT_QOQ":135.86818972725,"ROA":1.965339793552,"HOLDER_PROFIT_QOQ":226.106524350378,"ROE_YEARLY":6.357622493408,"ROIC_YEARLY":2.219880562883,"TOTAL_ASSETS":4751486000,"TOTAL_LIABILITIES":3404947000,"TAX_EBT":16.857300385946,"OCF_SALES":-7.609200907132,"TOTAL_PARENT_EQUITY":1346539000,"DEBT_ASSET_RATIO":71.66067626,"OPERATE_PROFIT":218594000,"PRETAX_PROFIT":99755000,"NETCASH_OPERATE":-286306000,"NETCASH_INVEST":-26328000,"NETCASH_FINANCE":431504000,"END_CASH":430188000,"DIVI_RATIO":0.65610507192,"DIVIDEND_RATE":0.493218249075,"CURRENT_RATIO":1.052303882382,"COMMON_ACS":20000000000,"CURRENTDEBT_DEBT":80.311323494903,"ISSUED_COMMON_SHARES":1503168000,"HK_COMMON_SHARES":1503168000,"PER_SHARES":2000,"TOTAL_MARKET_CAP":12190692480,"HKSK_MARKET_CAP":12190692480,"PE_TTM":1162.01874146615,"PB_TTM":8.295533058247,"REPORT_DATE_SQ":"2020-12-31 00:00:00","REPORT_TYPE_SQ":"2020年年报","OPERATE_INCOME_SQ":2259402000,"DPS_HKD":0.04,"OPERATE_INCOME_QOQ_SQ":-4.723185550525,"NET_PROFIT_RATIO_SQ":-5.2183719409,"HOLDER_PROFIT_SQ":-116417000,"HOLDER_PROFIT_QOQ_SQ":-163.010191655075,"ROE_AVG_SQ":-8.382916612961,"PE_TTM_SQ":33.768386012924,"PB_TTM_SQ":4.358471873521,"ROA_SQ":-2.935981619,"START_DATE":"2021-01-01 00:00:00","FISCAL_YEAR":"12-31","CURRENCY":"HKD","IS_CNY_CODE":0,"DPS_HKD_LY":null,"ORG_TYPE":"一般企业","PREMIUM_INCOME":null,"PREMIUM_INCOME_YOY":null,"NET_INTEREST_INCOME":null,"NET_INTEREST_INCOME_YOY":null,"FEE_COMMISSION_INCOME":null,"FEE_COMMISSION_INCOME_YOY":null,"ACCOUNTS_RECE_TDAYS":3.313070219272,"INVENTORY_TDAYS":5.249110859169,"CURRENT_ASSETS_TDAYS":1.627286177602,"TOTAL_ASSETS_TDAYS":0.89160039331,"PREMIUM_EXPENSE":null,"LOAN_DEPOSIT":null,"LOAN_EQUITY":null,"LOAN_ASSETS":null,"DEPOSIT_EQUITY":null,"DEPOSIT_ASSETS":null,"EQUITY_MULTIPLIER":3.528665712614,"EQUITY_RATIO":2.528665712616},{"SECUCODE":"01921.HK","SECURITY_CODE":"01921","SECURITY_NAME_ABBR":"达力普控股","ORG_CODE":"10000005008","STD_REPORT_DATE":"2021-06-30 00:00:00","REPORT_DATE":"2021-06-30 00:00:00","DATE_TYPE_CODE":"002","REPORT_TYPE":"2021年中报","PER_NETCASH_OPERATE":-0.147325333333,"PER_OI":1.003780666667,"BPS":0.8517211649,"BASIC_EPS":0.01,"DILUTED_EPS":0.01,"OPERATE_INCOME":1505671000,"OPERATE_INCOME_YOY":52.1742118514,"GROSS_PROFIT":145211000,"GROSS_PROFIT_YOY":100.017906582735,"HOLDER_PROFIT":17436000,"HOLDER_PROFIT_YOY":152.499096712,"GROSS_PROFIT_RATIO":9.644271557332,"EPS_TTM":-0.043846,"OPERATE_INCOME_QOQ":22.84816955991,"NET_PROFIT_RATIO":1.1580219052,"ROE_AVG":1.371368706351,"GROSS_PROFIT_QOQ":69.551724137931,"ROA":0.431185258687,"HOLDER_PROFIT_QOQ":43.505673570011,"ROE_YEARLY":2.742737412702,"ROIC_YEARLY":0.961789471202,"TOTAL_ASSETS":4398792000,"TOTAL_LIABILITIES":3118512000,"TAX_EBT":13.447505584512,"OCF_SALES":-14.677044321103,"TOTAL_PARENT_EQUITY":1280280000,"DEBT_ASSET_RATIO":70.8947365549,"OPERATE_PROFIT":71006000,"PRETAX_PROFIT":20145000,"NETCASH_OPERATE":-220988000,"NETCASH_INVEST":-46145000,"NETCASH_FINANCE":281199000,"END_CASH":325311000,"DIVI_RATIO":-0.826729918351,"DIVIDEND_RATE":0.493218249075,"CURRENT_RATIO":0.875233076839,"COMMON_ACS":20000000000,"CURRENTDEBT_DEBT":91.301139774354,"ISSUED_COMMON_SHARES":1503168000,"HK_COMMON_SHARES":1503168000,"PER_SHARES":2000,"TOTAL_MARKET_CAP":12190692480,"HKSK_MARKET_CAP":12190692480,"PE_TTM":1162.01874146615,"PB_TTM":8.295533058247,"REPORT_DATE_SQ":"2020-06-30 00:00:00","REPORT_TYPE_SQ":"2020年中报","OPERATE_INCOME_SQ":989439000,"DPS_HKD":0.04,"OPERATE_INCOME_QOQ_SQ":-16.08513752274,"NET_PROFIT_RATIO_SQ":-3.5069367591,"HOLDER_PROFIT_SQ":-33212000,"HOLDER_PROFIT_QOQ_SQ":-44.638014676579,"ROE_AVG_SQ":-2.320043310456,"PE_TTM_SQ":33.768386012924,"PB_TTM_SQ":4.358471873521,"ROA_SQ":-0.835527582763,"START_DATE":"2021-01-01 00:00:00","FISCAL_YEAR":"12-31","CURRENCY":"HKD","IS_CNY_CODE":0,"DPS_HKD_LY":null,"ORG_TYPE":"一般企业","PREMIUM_INCOME":null,"PREMIUM_INCOME_YOY":null,"NET_INTEREST_INCOME":null,"NET_INTEREST_INCOME_YOY":null,"FEE_COMMISSION_INCOME":null,"FEE_COMMISSION_INCOME_YOY":null,"ACCOUNTS_RECE_TDAYS":1.478654503565,"INVENTORY_TDAYS":2.364173336102,"CURRENT_ASSETS_TDAYS":0.710417869828,"TOTAL_ASSETS_TDAYS":0.372346375105,"PREMIUM_EXPENSE":null,"LOAN_DEPOSIT":null,"LOAN_EQUITY":null,"LOAN_ASSETS":null,"DEPOSIT_EQUITY":null,"DEPOSIT_ASSETS":null,"EQUITY_MULTIPLIER":3.435804667724,"EQUITY_RATIO":2.435804667729},{"SECUCODE":"01921.HK","SECURITY_CODE":"01921","SECURITY_NAME_ABBR":"达力普控股","ORG_CODE":"10000005008","STD_REPORT_DATE":"2020-12-31 00:00:00","REPORT_DATE":"2020-12-31 00:00:00","DATE_TYPE_CODE":"001","REPORT_TYPE":"2020年年报","PER_NETCASH_OPERATE":0.250866,"PER_OI":1.506268,"BPS":0.839946699238,"BASIC_EPS":-0.08,"DILUTED_EPS":-0.08,"OPERATE_INCOME":2259402000,"OPERATE_INCOME_YOY":-20.048592182,"GROSS_PROFIT":104400000,"GROSS_PROFIT_YOY":-80.4612200134,"HOLDER_PROFIT":-116417000,"HOLDER_PROFIT_YOY":-134.8836930563,"GROSS_PROFIT_RATIO":4.620691669743,"EPS_TTM":-0.077611333333,"OPERATE_INCOME_QOQ":-4.723185550525,"NET_PROFIT_RATIO":-5.2183719409,"ROE_AVG":-8.382916612961,"GROSS_PROFIT_QOQ":-69.305041441134,"ROA":-2.935981619,"HOLDER_PROFIT_QOQ":-163.010191655075,"ROE_YEARLY":-8.382916612961,"ROIC_YEARLY":-3.479032922266,"TOTAL_ASSETS":3688683000,"TOTAL_LIABILITIES":2426102000,"TAX_EBT":18.196072989662,"OCF_SALES":16.654805121001,"TOTAL_PARENT_EQUITY":1262581000,"DEBT_ASSET_RATIO":65.7714962224,"OPERATE_PROFIT":-47086000,"PRETAX_PROFIT":-144130000,"NETCASH_OPERATE":376299000,"NETCASH_INVEST":-100936000,"NETCASH_FINANCE":-533618000,"END_CASH":312220000,"DIVI_RATIO":-0.467055498767,"DIVIDEND_RATE":0.493218249075,"CURRENT_RATIO":0.888044086098,"COMMON_ACS":20000000000,"CURRENTDEBT_DEBT":81.079031302064,"ISSUED_COMMON_SHARES":1503168000,"HK_COMMON_SHARES":1503168000,"PER_SHARES":2000,"TOTAL_MARKET_CAP":12190692480,"HKSK_MARKET_CAP":12190692480,"PE_TTM":1162.01874146615,"PB_TTM":8.295533058247,"REPORT_DATE_SQ":"2019-12-31 00:00:00","REPORT_TYPE_SQ":"2019年年报","OPERATE_INCOME_SQ":2825969000,"DPS_HKD":0.04,"OPERATE_INCOME_QOQ_SQ":-11.017597045727,"NET_PROFIT_RATIO_SQ":11.9396214184,"HOLDER_PROFIT_SQ":333729000,"HOLDER_PROFIT_QOQ_SQ":30.855643909095,"ROE_AVG_SQ":29.402840294866,"PE_TTM_SQ":33.768386012924,"PB_TTM_SQ":4.358471873521,"ROA_SQ":9.070232477552,"START_DATE":"2020-01-01 00:00:00","FISCAL_YEAR":"12-31","CURRENCY":"HKD","IS_CNY_CODE":0,"DPS_HKD_LY":0.1,"ORG_TYPE":"一般企业","PREMIUM_INCOME":null,"PREMIUM_INCOME_YOY":null,"NET_INTEREST_INCOME":null,"NET_INTEREST_INCOME_YOY":null,"FEE_COMMISSION_INCOME":null,"FEE_COMMISSION_INCOME_YOY":null,"ACCOUNTS_RECE_TDAYS":2.710211866313,"INVENTORY_TDAYS":4.60676242168,"CURRENT_ASSETS_TDAYS":1.126478707657,"TOTAL_ASSETS_TDAYS":0.569810486607,"PREMIUM_EXPENSE":null,"LOAN_DEPOSIT":null,"LOAN_EQUITY":null,"LOAN_ASSETS":null,"DEPOSIT_EQUITY":null,"DEPOSIT_ASSETS":null,"EQUITY_MULTIPLIER":2.921541667429,"EQUITY_RATIO":1.921541667426},{"SECUCODE":"01921.HK","SECURITY_CODE":"01921","SECURITY_NAME_ABBR":"达力普控股","ORG_CODE":"10000005008","STD_REPORT_DATE":"2020-06-30 00:00:00","REPORT_DATE":"2020-06-30 00:00:00","DATE_TYPE_CODE":"002","REPORT_TYPE":"2020年中报","PER_NETCASH_OPERATE":0.256275333333,"PER_OI":0.659626,"BPS":0.896871806744,"BASIC_EPS":-0.02,"DILUTED_EPS":-0.02,"OPERATE_INCOME":989439000,"OPERATE_INCOME_YOY":-31.4792936288,"GROSS_PROFIT":72599000,"GROSS_PROFIT_YOY":-72.788980509745,"HOLDER_PROFIT":-33212000,"HOLDER_PROFIT_YOY":-128.6908896145,"GROSS_PROFIT_RATIO":7.337390177666,"EPS_TTM":0.123172666667,"OPERATE_INCOME_QOQ":-16.08513752274,"NET_PROFIT_RATIO":-3.5069367591,"ROE_AVG":-2.320043310456,"GROSS_PROFIT_QOQ":-36.345312377181,"ROA":-0.835527582763,"HOLDER_PROFIT_QOQ":-44.638014676579,"ROE_YEARLY":-4.640086620911,"ROIC_YEARLY":-2.041227108642,"TOTAL_ASSETS":3708267000,"TOTAL_LIABILITIES":2351775000,"TAX_EBT":35.125079460046,"OCF_SALES":38.851611872991,"TOTAL_PARENT_EQUITY":1348149000,"DEBT_ASSET_RATIO":63.4197861157,"OPERATE_PROFIT":-5283000,"PRETAX_PROFIT":-53486000,"NETCASH_OPERATE":384413000,"NETCASH_INVEST":-33945000,"NETCASH_FINANCE":-453192000,"END_CASH":469981000,"DIVI_RATIO":0.294292564909,"DIVIDEND_RATE":0.493218249075,"CURRENT_RATIO":1.216895449125,"COMMON_ACS":20000000000,"CURRENTDEBT_DEBT":61.503545194587,"ISSUED_COMMON_SHARES":1503168000,"HK_COMMON_SHARES":1503168000,"PER_SHARES":2000,"TOTAL_MARKET_CAP":12190692480,"HKSK_MARKET_CAP":12190692480,"PE_TTM":1162.01874146615,"PB_TTM":8.295533058247,"REPORT_DATE_SQ":"2019-06-30 00:00:00","REPORT_TYPE_SQ":"2019年中报","OPERATE_INCOME_SQ":1444000000,"DPS_HKD":0.04,"OPERATE_INCOME_QOQ_SQ":2.618921986815,"NET_PROFIT_RATIO_SQ":8.1047091413,"HOLDER_PROFIT_SQ":115758000,"HOLDER_PROFIT_QOQ_SQ":-15.326130983605,"ROE_AVG_SQ":14.092425312264,"PE_TTM_SQ":33.768386012924,"PB_TTM_SQ":4.358471873521,"ROA_SQ":3.457575419966,"START_DATE":"2020-01-01 00:00:00","FISCAL_YEAR":"12-31","CURRENCY":"HKD","IS_CNY_CODE":0,"DPS_HKD_LY":0.1,"ORG_TYPE":"一般企业","PREMIUM_INCOME":null,"PREMIUM_INCOME_YOY":null,"NET_INTEREST_INCOME":null,"NET_INTEREST_INCOME_YOY":null,"FEE_COMMISSION_INCOME":null,"FEE_COMMISSION_INCOME_YOY":null,"ACCOUNTS_RECE_TDAYS":1.266492457217,"INVENTORY_TDAYS":2.151916114609,"CURRENT_ASSETS_TDAYS":0.491676758381,"TOTAL_ASSETS_TDAYS":0.248917131146,"PREMIUM_EXPENSE":null,"LOAN_DEPOSIT":null,"LOAN_EQUITY":null,"LOAN_ASSETS":null,"DEPOSIT_EQUITY":null,"DEPOSIT_ASSETS":null,"EQUITY_MULTIPLIER":2.733718296899,"EQUITY_RATIO":1.74444738675}],"count":15},"success":true,"message":"ok","code":0}