{"version":"52975e78ce4ef71d6fc215ca009fdde3","result":{"pages":4,"data":[{"SECUCODE":"01929.HK","SECURITY_CODE":"01929","SECURITY_NAME_ABBR":"周大福","ORG_CODE":"10184885","STD_REPORT_DATE":"2024-06-30 00:00:00","REPORT_DATE":"2024-09-30 00:00:00","DATE_TYPE_CODE":"002","REPORT_TYPE":"2024年中报","PER_NETCASH_OPERATE":0.100492462917,"PER_OI":3.558110360197,"BPS":2.288489933329,"BASIC_EPS":0.22815287,"DILUTED_EPS":0.22815287,"OPERATE_INCOME":35537469783,"OPERATE_INCOME_YOY":-20.43076103,"GROSS_PROFIT":11162356620,"GROSS_PROFIT_YOY":-1.188943724542,"HOLDER_PROFIT":2281889416,"HOLDER_PROFIT_YOY":-44.4002548834,"GROSS_PROFIT_RATIO":31.410105131738,"EPS_TTM":0.589917469091,"OPERATE_INCOME_QOQ":0,"NET_PROFIT_RATIO":6.5063426691,"ROE_AVG":9.911476694085,"GROSS_PROFIT_QOQ":0,"ROA":2.880669211425,"HOLDER_PROFIT_QOQ":0,"ROE_YEARLY":19.822953388171,"ROIC_YEARLY":6.244828932926,"TOTAL_ASSETS":78331643696,"TOTAL_LIABILITIES":54541160990,"TAX_EBT":24.000355692563,"OCF_SALES":2.82432113521,"TOTAL_PARENT_EQUITY":22855867550,"DEBT_ASSET_RATIO":69.6285159056,"OPERATE_PROFIT":3255822616,"PRETAX_PROFIT":3042368923,"NETCASH_OPERATE":1003692270,"NETCASH_INVEST":-182973191,"NETCASH_FINANCE":-4307039219,"END_CASH":3462242347,"DIVI_RATIO":0.76675640865,"DIVIDEND_RATE":6.329113924051,"CURRENT_RATIO":1.331591147053,"COMMON_ACS":50000000000,"CURRENTDEBT_DEBT":96.01164001918,"ISSUED_COMMON_SHARES":9987314000,"HK_COMMON_SHARES":9987314000,"PER_SHARES":200,"TOTAL_MARKET_CAP":78899780600,"HKSK_MARKET_CAP":78899780600,"PE_TTM":17.617063501987,"PB_TTM":3.113031390807,"REPORT_DATE_SQ":"2023-06-30 00:00:00","REPORT_TYPE_SQ":"2023年中报","OPERATE_INCOME_SQ":45446818669,"DPS_HKD":0.5,"OPERATE_INCOME_QOQ_SQ":0,"NET_PROFIT_RATIO_SQ":9.3217139177,"HOLDER_PROFIT_SQ":4176225893,"HOLDER_PROFIT_QOQ_SQ":0,"ROE_AVG_SQ":15.527862364271,"PE_TTM_SQ":18.129255585455,"PB_TTM_SQ":4.563236739267,"ROA_SQ":5.280188416558,"START_DATE":"2024-04-01 00:00:00","FISCAL_YEAR":"3-31","CURRENCY":"HKD","IS_CNY_CODE":0,"DPS_HKD_LY":0.5,"ORG_TYPE":"一般企业","PREMIUM_INCOME":null,"PREMIUM_INCOME_YOY":null,"NET_INTEREST_INCOME":null,"NET_INTEREST_INCOME_YOY":null,"FEE_COMMISSION_INCOME":null,"FEE_COMMISSION_INCOME_YOY":null,"ACCOUNTS_RECE_TDAYS":6.231845784047,"INVENTORY_TDAYS":0.408677114281,"CURRENT_ASSETS_TDAYS":0.503592507139,"TOTAL_ASSETS_TDAYS":0.448626889358,"PREMIUM_EXPENSE":null,"LOAN_DEPOSIT":null,"LOAN_EQUITY":null,"LOAN_ASSETS":null,"DEPOSIT_EQUITY":null,"DEPOSIT_ASSETS":null,"EQUITY_MULTIPLIER":3.292562183961,"EQUITY_RATIO":2.386308936674},{"SECUCODE":"01929.HK","SECURITY_CODE":"01929","SECURITY_NAME_ABBR":"周大福","ORG_CODE":"10184885","STD_REPORT_DATE":"2023-12-31 00:00:00","REPORT_DATE":"2024-03-31 00:00:00","DATE_TYPE_CODE":"001","REPORT_TYPE":"2023年年报","PER_NETCASH_OPERATE":1.255806338429,"PER_OI":9.867477700253,"BPS":2.334154433314,"BASIC_EPS":0.5892575,"DILUTED_EPS":0.5892575,"OPERATE_INCOME":98553770150,"OPERATE_INCOME_YOY":14.8161682389,"GROSS_PROFIT":20202466750,"GROSS_PROFIT_YOY":9.003707193182,"HOLDER_PROFIT":5891940415,"HOLDER_PROFIT_YOY":20.7061139588,"GROSS_PROFIT_RATIO":20.498928371032,"EPS_TTM":0.58802349267,"OPERATE_INCOME_QOQ":0,"NET_PROFIT_RATIO":6.0776540064,"ROE_AVG":22.368031607712,"GROSS_PROFIT_QOQ":0,"ROA":7.378881070848,"HOLDER_PROFIT_QOQ":0,"ROE_YEARLY":22.368031607712,"ROIC_YEARLY":8.400430923895,"TOTAL_ASSETS":80518864450,"TOTAL_LIABILITIES":56272640770,"TAX_EBT":24.301410354823,"OCF_SALES":12.726720815358,"TOTAL_PARENT_EQUITY":23311933250,"DEBT_ASSET_RATIO":69.8875240658,"OPERATE_PROFIT":8403446535,"PRETAX_PROFIT":7912640365,"NETCASH_OPERATE":12542663180,"NETCASH_INVEST":-649633730,"NETCASH_FINANCE":-15257327155,"END_CASH":6976264870,"DIVI_RATIO":0.769226069432,"DIVIDEND_RATE":6.369426751592,"CURRENT_RATIO":1.376596824779,"COMMON_ACS":50000000000,"CURRENTDEBT_DEBT":92.665135146456,"ISSUED_COMMON_SHARES":9987314000,"HK_COMMON_SHARES":9987314000,"PER_SHARES":200,"TOTAL_MARKET_CAP":78400414900,"HKSK_MARKET_CAP":78400414900,"PE_TTM":17.505563100076,"PB_TTM":3.093328660485,"REPORT_DATE_SQ":"2022-12-31 00:00:00","REPORT_TYPE_SQ":"2022年年报","OPERATE_INCOME_SQ":82887670604,"DPS_HKD":0.5,"OPERATE_INCOME_QOQ_SQ":0,"NET_PROFIT_RATIO_SQ":5.7976815611,"HOLDER_PROFIT_SQ":4713557604,"HOLDER_PROFIT_QOQ_SQ":0,"ROE_AVG_SQ":16.312236146308,"PE_TTM_SQ":18.341116669091,"PB_TTM_SQ":4.616563378958,"ROA_SQ":6.150865500937,"START_DATE":"2023-04-01 00:00:00","FISCAL_YEAR":"3-31","CURRENCY":"HKD","IS_CNY_CODE":0,"DPS_HKD_LY":0.97,"ORG_TYPE":"一般企业","PREMIUM_INCOME":null,"PREMIUM_INCOME_YOY":null,"NET_INTEREST_INCOME":null,"NET_INTEREST_INCOME_YOY":null,"FEE_COMMISSION_INCOME":null,"FEE_COMMISSION_INCOME_YOY":null,"ACCOUNTS_RECE_TDAYS":16.702079444457,"INVENTORY_TDAYS":1.394704100619,"CURRENT_ASSETS_TDAYS":1.389754629618,"TOTAL_ASSETS_TDAYS":1.234256455088,"PREMIUM_EXPENSE":null,"LOAN_DEPOSIT":null,"LOAN_EQUITY":null,"LOAN_ASSETS":null,"DEPOSIT_EQUITY":null,"DEPOSIT_ASSETS":null,"EQUITY_MULTIPLIER":3.320882687246,"EQUITY_RATIO":2.413898502819},{"SECUCODE":"01929.HK","SECURITY_CODE":"01929","SECURITY_NAME_ABBR":"周大福","ORG_CODE":"10184885","STD_REPORT_DATE":"2023-06-30 00:00:00","REPORT_DATE":"2023-09-30 00:00:00","DATE_TYPE_CODE":"002","REPORT_TYPE":"2023年中报","PER_NETCASH_OPERATE":0.7266895496,"PER_OI":4.5446818669,"BPS":2.409183088967,"BASIC_EPS":0.41752165,"DILUTED_EPS":0.41752165,"OPERATE_INCOME":45446818669,"OPERATE_INCOME_YOY":6.4271500836,"GROSS_PROFIT":11296667641,"GROSS_PROFIT_YOY":13.941200916969,"HOLDER_PROFIT":4176225893,"HOLDER_PROFIT_YOY":36.4443111977,"GROSS_PROFIT_RATIO":24.923525480401,"EPS_TTM":0.4713557604,"OPERATE_INCOME_QOQ":0,"NET_PROFIT_RATIO":9.3217139177,"ROE_AVG":15.527862364271,"GROSS_PROFIT_QOQ":0,"ROA":5.280188416558,"HOLDER_PROFIT_QOQ":0,"ROE_YEARLY":31.055724728541,"ROIC_YEARLY":11.915418359185,"TOTAL_ASSETS":78038466905,"TOTAL_LIABILITIES":53086730760,"TAX_EBT":23.988672473122,"OCF_SALES":15.989888200815,"TOTAL_PARENT_EQUITY":24061267993,"DEBT_ASSET_RATIO":68.0263629789,"OPERATE_PROFIT":5780610185,"PRETAX_PROFIT":5573409331,"NETCASH_OPERATE":7266895496,"NETCASH_INVEST":-272260821,"NETCASH_FINANCE":-11955801270,"END_CASH":5448152836,"DIVI_RATIO":0.959621241536,"DIVIDEND_RATE":6.369426751592,"CURRENT_RATIO":1.391293895707,"COMMON_ACS":50000000000,"CURRENTDEBT_DEBT":94.19345917168,"ISSUED_COMMON_SHARES":9987314000,"HK_COMMON_SHARES":9987314000,"PER_SHARES":200,"TOTAL_MARKET_CAP":78400414900,"HKSK_MARKET_CAP":78400414900,"PE_TTM":17.505563100076,"PB_TTM":3.093328660485,"REPORT_DATE_SQ":"2022-06-30 00:00:00","REPORT_TYPE_SQ":"2022年中报","OPERATE_INCOME_SQ":42088477176,"DPS_HKD":0.5,"OPERATE_INCOME_QOQ_SQ":0,"NET_PROFIT_RATIO_SQ":7.2815533981,"HOLDER_PROFIT_SQ":3016759620,"HOLDER_PROFIT_QOQ_SQ":0,"ROE_AVG_SQ":10.207485387276,"PE_TTM_SQ":18.341116669091,"PB_TTM_SQ":4.616563378958,"ROA_SQ":3.731301542413,"START_DATE":"2023-04-01 00:00:00","FISCAL_YEAR":"3-31","CURRENCY":"HKD","IS_CNY_CODE":0,"DPS_HKD_LY":0.97,"ORG_TYPE":"一般企业","PREMIUM_INCOME":null,"PREMIUM_INCOME_YOY":null,"NET_INTEREST_INCOME":null,"NET_INTEREST_INCOME_YOY":null,"FEE_COMMISSION_INCOME":null,"FEE_COMMISSION_INCOME_YOY":null,"ACCOUNTS_RECE_TDAYS":7.879452708615,"INVENTORY_TDAYS":0.605717916137,"CURRENT_ASSETS_TDAYS":0.647054558234,"TOTAL_ASSETS_TDAYS":0.574604371635,"PREMIUM_EXPENSE":null,"LOAN_DEPOSIT":null,"LOAN_EQUITY":null,"LOAN_ASSETS":null,"DEPOSIT_EQUITY":null,"DEPOSIT_ASSETS":null,"EQUITY_MULTIPLIER":3.127576632399,"EQUITY_RATIO":2.206314761776},{"SECUCODE":"01929.HK","SECURITY_CODE":"01929","SECURITY_NAME_ABBR":"周大福","ORG_CODE":"10184885","STD_REPORT_DATE":"2022-12-31 00:00:00","REPORT_DATE":"2023-03-31 00:00:00","DATE_TYPE_CODE":"001","REPORT_TYPE":"2022年年报","PER_NETCASH_OPERATE":0.8811789519,"PER_OI":8.2887670604,"BPS":2.839703240931,"BASIC_EPS":0.47097058,"DILUTED_EPS":0.47097058,"OPERATE_INCOME":82887670604,"OPERATE_INCOME_YOY":-4.2989679364,"GROSS_PROFIT":18533742815,"GROSS_PROFIT_YOY":2.296220030846,"HOLDER_PROFIT":4713557604,"HOLDER_PROFIT_YOY":-19.7830847846,"GROSS_PROFIT_RATIO":22.360071986515,"EPS_TTM":0.5477647407,"OPERATE_INCOME_QOQ":0,"NET_PROFIT_RATIO":5.7976815611,"ROE_AVG":16.312236146308,"GROSS_PROFIT_QOQ":0,"ROA":6.150865500937,"HOLDER_PROFIT_QOQ":0,"ROE_YEARLY":16.312236146308,"ROIC_YEARLY":7.350516026866,"TOTAL_ASSETS":76458747105,"TOTAL_LIABILITIES":47255244587,"TAX_EBT":26.280803061841,"OCF_SALES":10.631001516617,"TOTAL_PARENT_EQUITY":28361007934,"DEBT_ASSET_RATIO":61.8048900567,"OPERATE_PROFIT":6831524558,"PRETAX_PROFIT":6518740565,"NETCASH_OPERATE":8811789519,"NETCASH_INVEST":-1560243243,"NETCASH_FINANCE":-9371001427,"END_CASH":10237919950,"DIVI_RATIO":0.825761438062,"DIVIDEND_RATE":6.369426751592,"CURRENT_RATIO":1.514396871907,"COMMON_ACS":50000000000,"CURRENTDEBT_DEBT":94.518040707142,"ISSUED_COMMON_SHARES":9987314000,"HK_COMMON_SHARES":9987314000,"PER_SHARES":200,"TOTAL_MARKET_CAP":78400414900,"HKSK_MARKET_CAP":78400414900,"PE_TTM":17.505563100076,"PB_TTM":3.093328660485,"REPORT_DATE_SQ":"2021-12-31 00:00:00","REPORT_TYPE_SQ":"2021年年报","OPERATE_INCOME_SQ":80239464077,"DPS_HKD":0.5,"OPERATE_INCOME_QOQ_SQ":0,"NET_PROFIT_RATIO_SQ":6.9537698976,"HOLDER_PROFIT_SQ":5443742423,"HOLDER_PROFIT_QOQ_SQ":0,"ROE_AVG_SQ":20.85005529118,"PE_TTM_SQ":18.341116669091,"PB_TTM_SQ":4.616563378958,"ROA_SQ":8.829330693773,"START_DATE":"2022-04-01 00:00:00","FISCAL_YEAR":"3-31","CURRENCY":"HKD","IS_CNY_CODE":0,"DPS_HKD_LY":0.5,"ORG_TYPE":"一般企业","PREMIUM_INCOME":null,"PREMIUM_INCOME_YOY":null,"NET_INTEREST_INCOME":null,"NET_INTEREST_INCOME_YOY":null,"FEE_COMMISSION_INCOME":null,"FEE_COMMISSION_INCOME_YOY":null,"ACCOUNTS_RECE_TDAYS":15.641394576646,"INVENTORY_TDAYS":1.261543240173,"CURRENT_ASSETS_TDAYS":1.218649045899,"TOTAL_ASSETS_TDAYS":1.081626568303,"PREMIUM_EXPENSE":null,"LOAN_DEPOSIT":null,"LOAN_EQUITY":null,"LOAN_ASSETS":null,"DEPOSIT_EQUITY":null,"DEPOSIT_ASSETS":null,"EQUITY_MULTIPLIER":2.618136199855,"EQUITY_RATIO":1.666204695439},{"SECUCODE":"01929.HK","SECURITY_CODE":"01929","SECURITY_NAME_ABBR":"周大福","ORG_CODE":"10184885","STD_REPORT_DATE":"2022-06-30 00:00:00","REPORT_DATE":"2022-09-30 00:00:00","DATE_TYPE_CODE":"002","REPORT_TYPE":"2022年中报","PER_NETCASH_OPERATE":-0.0818427756,"PER_OI":4.2088477176,"BPS":2.873858984307,"BASIC_EPS":0.30208296,"DILUTED_EPS":0.30208296,"OPERATE_INCOME":42088477176,"OPERATE_INCOME_YOY":5.3170687548,"GROSS_PROFIT":9914471280,"GROSS_PROFIT_YOY":10.256148230364,"HOLDER_PROFIT":3016759620,"HOLDER_PROFIT_YOY":-6.8452214713,"GROSS_PROFIT_RATIO":23.556260395312,"EPS_TTM":0.5443742423,"OPERATE_INCOME_QOQ":0,"NET_PROFIT_RATIO":7.2815533981,"ROE_AVG":10.207485387276,"GROSS_PROFIT_QOQ":0,"ROA":3.731301542413,"HOLDER_PROFIT_QOQ":0,"ROE_YEARLY":20.414970774551,"ROIC_YEARLY":8.898914415148,"TOTAL_ASSETS":82347000900,"TOTAL_LIABILITIES":52881792804,"TAX_EBT":25.008299214341,"OCF_SALES":-1.944541145021,"TOTAL_PARENT_EQUITY":28702132068,"DEBT_ASSET_RATIO":64.2182377331,"OPERATE_PROFIT":4174533264,"PRETAX_PROFIT":4086712140,"NETCASH_OPERATE":-818427756,"NETCASH_INVEST":-733048620,"NETCASH_FINANCE":9948840,"END_CASH":10975469844,"DIVI_RATIO":0.830904486019,"DIVIDEND_RATE":6.369426751592,"CURRENT_RATIO":1.505200651808,"COMMON_ACS":50000000000,"CURRENTDEBT_DEBT":92.887525205621,"ISSUED_COMMON_SHARES":9987314000,"HK_COMMON_SHARES":9987314000,"PER_SHARES":200,"TOTAL_MARKET_CAP":78400414900,"HKSK_MARKET_CAP":78400414900,"PE_TTM":17.505563100076,"PB_TTM":3.093328660485,"REPORT_DATE_SQ":"2021-06-30 00:00:00","REPORT_TYPE_SQ":"2021年中报","OPERATE_INCOME_SQ":36809589160,"DPS_HKD":0.5,"OPERATE_INCOME_QOQ_SQ":0,"NET_PROFIT_RATIO_SQ":8.2917666229,"HOLDER_PROFIT_SQ":2982854636,"HOLDER_PROFIT_QOQ_SQ":0,"ROE_AVG_SQ":11.376681393505,"PE_TTM_SQ":18.341116669091,"PB_TTM_SQ":4.616563378958,"ROA_SQ":4.988829263637,"START_DATE":"2022-04-01 00:00:00","FISCAL_YEAR":"3-31","CURRENCY":"HKD","IS_CNY_CODE":0,"DPS_HKD_LY":0.5,"ORG_TYPE":"一般企业","PREMIUM_INCOME":null,"PREMIUM_INCOME_YOY":null,"NET_INTEREST_INCOME":null,"NET_INTEREST_INCOME_YOY":null,"FEE_COMMISSION_INCOME":null,"FEE_COMMISSION_INCOME_YOY":null,"ACCOUNTS_RECE_TDAYS":6.912412825026,"INVENTORY_TDAYS":0.596347823463,"CURRENT_ASSETS_TDAYS":0.582151672131,"TOTAL_ASSETS_TDAYS":0.520574455994,"PREMIUM_EXPENSE":null,"LOAN_DEPOSIT":null,"LOAN_EQUITY":null,"LOAN_ASSETS":null,"DEPOSIT_EQUITY":null,"DEPOSIT_ASSETS":null,"EQUITY_MULTIPLIER":2.794719814359,"EQUITY_RATIO":1.842434306926},{"SECUCODE":"01929.HK","SECURITY_CODE":"01929","SECURITY_NAME_ABBR":"周大福","ORG_CODE":"10184885","STD_REPORT_DATE":"2021-12-31 00:00:00","REPORT_DATE":"2022-03-31 00:00:00","DATE_TYPE_CODE":"001","REPORT_TYPE":"2021年年报","PER_NETCASH_OPERATE":1.1304019582,"PER_OI":8.0239464077,"BPS":2.730022155406,"BASIC_EPS":0.54418771,"DILUTED_EPS":0.54418771,"OPERATE_INCOME":80239464077,"OPERATE_INCOME_YOY":41.0096089436,"GROSS_PROFIT":18117720097,"GROSS_PROFIT_YOY":6.783775161593,"HOLDER_PROFIT":5443742423,"HOLDER_PROFIT_YOY":11.3815876809,"GROSS_PROFIT_RATIO":22.579562694504,"EPS_TTM":0.6114944348,"OPERATE_INCOME_QOQ":0,"NET_PROFIT_RATIO":6.9537698976,"ROE_AVG":20.85005529118,"GROSS_PROFIT_QOQ":0,"ROA":8.829330693773,"HOLDER_PROFIT_QOQ":0,"ROE_YEARLY":20.85005529118,"ROIC_YEARLY":10.379671474576,"TOTAL_ASSETS":71155827673,"TOTAL_LIABILITIES":43131620426,"TAX_EBT":23.412000445286,"OCF_SALES":14.087855286711,"TOTAL_PARENT_EQUITY":27265588493,"DEBT_ASSET_RATIO":60.615724441,"OPERATE_PROFIT":7497868551,"PRETAX_PROFIT":7285302830,"NETCASH_OPERATE":11304019582,"NETCASH_INVEST":-1182209277,"NETCASH_FINANCE":-3075836526,"END_CASH":12118273622,"DIVI_RATIO":0.739700926547,"DIVIDEND_RATE":6.369426751592,"CURRENT_RATIO":1.574179820832,"COMMON_ACS":50000000000,"CURRENTDEBT_DEBT":93.318867449128,"ISSUED_COMMON_SHARES":9987314000,"HK_COMMON_SHARES":9987314000,"PER_SHARES":200,"TOTAL_MARKET_CAP":78400414900,"HKSK_MARKET_CAP":78400414900,"PE_TTM":17.505563100076,"PB_TTM":3.093328660485,"REPORT_DATE_SQ":"2020-12-31 00:00:00","REPORT_TYPE_SQ":"2020年年报","OPERATE_INCOME_SQ":59301040484,"DPS_HKD":0.5,"OPERATE_INCOME_QOQ_SQ":0,"NET_PROFIT_RATIO_SQ":8.8024023784,"HOLDER_PROFIT_SQ":5093392752,"HOLDER_PROFIT_QOQ_SQ":0,"ROE_AVG_SQ":21.104387291982,"PE_TTM_SQ":18.341116669091,"PB_TTM_SQ":4.616563378958,"ROA_SQ":9.303474445703,"START_DATE":"2021-04-01 00:00:00","FISCAL_YEAR":"3-31","CURRENCY":"HKD","IS_CNY_CODE":0,"DPS_HKD_LY":0.46,"ORG_TYPE":"一般企业","PREMIUM_INCOME":null,"PREMIUM_INCOME_YOY":null,"NET_INTEREST_INCOME":null,"NET_INTEREST_INCOME_YOY":null,"FEE_COMMISSION_INCOME":null,"FEE_COMMISSION_INCOME_YOY":null,"ACCOUNTS_RECE_TDAYS":16.360910834767,"INVENTORY_TDAYS":1.527904940288,"CURRENT_ASSETS_TDAYS":1.483673068473,"TOTAL_ASSETS_TDAYS":1.301422271623,"PREMIUM_EXPENSE":null,"LOAN_DEPOSIT":null,"LOAN_EQUITY":null,"LOAN_ASSETS":null,"DEPOSIT_EQUITY":null,"DEPOSIT_ASSETS":null,"EQUITY_MULTIPLIER":2.539084408197,"EQUITY_RATIO":1.581906821379},{"SECUCODE":"01929.HK","SECURITY_CODE":"01929","SECURITY_NAME_ABBR":"周大福","ORG_CODE":"10184885","STD_REPORT_DATE":"2021-06-30 00:00:00","REPORT_DATE":"2021-09-30 00:00:00","DATE_TYPE_CODE":"002","REPORT_TYPE":"2021年中报","PER_NETCASH_OPERATE":0.270952765,"PER_OI":3.680958916,"BPS":2.684125516831,"BASIC_EPS":0.29823548,"DILUTED_EPS":0.29823548,"OPERATE_INCOME":36809589160,"OPERATE_INCOME_YOY":79.0835474641,"GROSS_PROFIT":8992216252,"GROSS_PROFIT_YOY":25.676225985483,"HOLDER_PROFIT":2982854636,"HOLDER_PROFIT_YOY":60.4211469534,"GROSS_PROFIT_RATIO":24.42900466211,"EPS_TTM":0.5093392752,"OPERATE_INCOME_QOQ":0,"NET_PROFIT_RATIO":8.2917666229,"ROE_AVG":11.376681393505,"GROSS_PROFIT_QOQ":0,"ROA":4.988829263637,"HOLDER_PROFIT_QOQ":0,"ROE_YEARLY":22.753362787011,"ROIC_YEARLY":11.099288664116,"TOTAL_ASSETS":66008758690,"TOTAL_LIABILITIES":38519528116,"TAX_EBT":23.818435115297,"OCF_SALES":7.360928800978,"TOTAL_PARENT_EQUITY":26807204352,"DEBT_ASSET_RATIO":58.3551772226,"OPERATE_PROFIT":4094823124,"PRETAX_PROFIT":4006435458,"NETCASH_OPERATE":2709527650,"NETCASH_INVEST":-455600514,"NETCASH_FINANCE":-1598392222,"END_CASH":5710376382,"DIVI_RATIO":0.888058357217,"DIVIDEND_RATE":6.369426751592,"CURRENT_RATIO":1.61946120973,"COMMON_ACS":50000000000,"CURRENTDEBT_DEBT":93.774681759396,"ISSUED_COMMON_SHARES":9987314000,"HK_COMMON_SHARES":9987314000,"PER_SHARES":200,"TOTAL_MARKET_CAP":78400414900,"HKSK_MARKET_CAP":78400414900,"PE_TTM":17.505563100076,"PB_TTM":3.093328660485,"REPORT_DATE_SQ":"2020-06-30 00:00:00","REPORT_TYPE_SQ":"2020年中报","OPERATE_INCOME_SQ":21681010048,"DPS_HKD":0.5,"OPERATE_INCOME_QOQ_SQ":0,"NET_PROFIT_RATIO_SQ":9.2990832232,"HOLDER_PROFIT_SQ":1961303040,"HOLDER_PROFIT_QOQ_SQ":0,"ROE_AVG_SQ":8.220071041743,"PE_TTM_SQ":18.341116669091,"PB_TTM_SQ":4.616563378958,"ROA_SQ":3.391638516979,"START_DATE":"2021-04-01 00:00:00","FISCAL_YEAR":"3-31","CURRENCY":"HKD","IS_CNY_CODE":0,"DPS_HKD_LY":0.46,"ORG_TYPE":"一般企业","PREMIUM_INCOME":null,"PREMIUM_INCOME_YOY":null,"NET_INTEREST_INCOME":null,"NET_INTEREST_INCOME_YOY":null,"FEE_COMMISSION_INCOME":null,"FEE_COMMISSION_INCOME_YOY":null,"ACCOUNTS_RECE_TDAYS":6.296634080999,"INVENTORY_TDAYS":0.677951717578,"CURRENT_ASSETS_TDAYS":0.704367024541,"TOTAL_ASSETS_TDAYS":0.61564098152,"PREMIUM_EXPENSE":null,"LOAN_DEPOSIT":null,"LOAN_EQUITY":null,"LOAN_ASSETS":null,"DEPOSIT_EQUITY":null,"DEPOSIT_ASSETS":null,"EQUITY_MULTIPLIER":2.401258867988,"EQUITY_RATIO":1.436909556484},{"SECUCODE":"01929.HK","SECURITY_CODE":"01929","SECURITY_NAME_ABBR":"周大福","ORG_CODE":"10184885","STD_REPORT_DATE":"2020-12-31 00:00:00","REPORT_DATE":"2021-03-31 00:00:00","DATE_TYPE_CODE":"001","REPORT_TYPE":"2020年年报","PER_NETCASH_OPERATE":0.8854359234,"PER_OI":5.9301040484,"BPS":2.603676782166,"BASIC_EPS":0.50964354,"DILUTED_EPS":0.50964354,"OPERATE_INCOME":59301040484,"OPERATE_INCOME_YOY":23.6349091114,"GROSS_PROFIT":16966734946,"GROSS_PROFIT_YOY":15.364261632163,"HOLDER_PROFIT":5093392752,"HOLDER_PROFIT_YOY":107.7352637022,"GROSS_PROFIT_RATIO":28.611192666304,"EPS_TTM":0.3229526214,"OPERATE_INCOME_QOQ":0,"NET_PROFIT_RATIO":8.8024023784,"ROE_AVG":21.104387291982,"GROSS_PROFIT_QOQ":0,"ROA":9.303474445703,"HOLDER_PROFIT_QOQ":0,"ROE_YEARLY":21.104387291982,"ROIC_YEARLY":10.494155547332,"TOTAL_ASSETS":54352004476,"TOTAL_LIABILITIES":27671700308,"TAX_EBT":26.427703523694,"OCF_SALES":14.931203840157,"TOTAL_PARENT_EQUITY":26003737578,"DEBT_ASSET_RATIO":50.912014331,"OPERATE_PROFIT":7339965710,"PRETAX_PROFIT":7094948028,"NETCASH_OPERATE":8854359234,"NETCASH_INVEST":-585287150,"NETCASH_FINANCE":-9455789322,"END_CASH":5098041242,"DIVI_RATIO":1.400586247107,"DIVIDEND_RATE":6.369426751592,"CURRENT_RATIO":1.895635881986,"COMMON_ACS":50000000000,"CURRENTDEBT_DEBT":89.009364519893,"ISSUED_COMMON_SHARES":9987314000,"HK_COMMON_SHARES":9987314000,"PER_SHARES":200,"TOTAL_MARKET_CAP":78400414900,"HKSK_MARKET_CAP":78400414900,"PE_TTM":17.505563100076,"PB_TTM":3.093328660485,"REPORT_DATE_SQ":"2019-12-31 00:00:00","REPORT_TYPE_SQ":"2019年年报","OPERATE_INCOME_SQ":51853205960,"DPS_HKD":0.5,"OPERATE_INCOME_QOQ_SQ":0,"NET_PROFIT_RATIO_SQ":5.2564897764,"HOLDER_PROFIT_SQ":2650643700,"HOLDER_PROFIT_QOQ_SQ":0,"ROE_AVG_SQ":10.162188671314,"PE_TTM_SQ":18.341116669091,"PB_TTM_SQ":4.616563378958,"ROA_SQ":4.551284314072,"START_DATE":"2020-04-01 00:00:00","FISCAL_YEAR":"3-31","CURRENCY":"HKD","IS_CNY_CODE":0,"DPS_HKD_LY":0.28,"ORG_TYPE":"一般企业","PREMIUM_INCOME":null,"PREMIUM_INCOME_YOY":null,"NET_INTEREST_INCOME":null,"NET_INTEREST_INCOME_YOY":null,"FEE_COMMISSION_INCOME":null,"FEE_COMMISSION_INCOME_YOY":null,"ACCOUNTS_RECE_TDAYS":12.179946533347,"INVENTORY_TDAYS":1.170992801853,"CURRENT_ASSETS_TDAYS":1.270527477562,"TOTAL_ASSETS_TDAYS":1.08317921199,"PREMIUM_EXPENSE":null,"LOAN_DEPOSIT":null,"LOAN_EQUITY":null,"LOAN_ASSETS":null,"DEPOSIT_EQUITY":null,"DEPOSIT_ASSETS":null,"EQUITY_MULTIPLIER":2.037158352235,"EQUITY_RATIO":1.064143191916},{"SECUCODE":"01929.HK","SECURITY_CODE":"01929","SECURITY_NAME_ABBR":"周大福","ORG_CODE":"10184885","STD_REPORT_DATE":"2020-06-30 00:00:00","REPORT_DATE":"2020-09-30 00:00:00","DATE_TYPE_CODE":"002","REPORT_TYPE":"2020年中报","PER_NETCASH_OPERATE":0.4960901632,"PER_OI":2.1681010048,"BPS":2.460268257912,"BASIC_EPS":0.19595456,"DILUTED_EPS":0.19595456,"OPERATE_INCOME":21681010048,"OPERATE_INCOME_YOY":-16.4553790311,"GROSS_PROFIT":7155065472,"GROSS_PROFIT_YOY":-2.628648511216,"HOLDER_PROFIT":1961303040,"HOLDER_PROFIT_YOY":45.6348688503,"GROSS_PROFIT_RATIO":33.001532014234,"EPS_TTM":0.26506437,"OPERATE_INCOME_QOQ":0,"NET_PROFIT_RATIO":9.2990832232,"ROE_AVG":8.220071041743,"GROSS_PROFIT_QOQ":0,"ROA":3.391638516979,"HOLDER_PROFIT_QOQ":0,"ROE_YEARLY":16.440142083486,"ROIC_YEARLY":7.714867884616,"TOTAL_ASSETS":58324512768,"TOTAL_LIABILITIES":33143385216,"TAX_EBT":30.129727754431,"OCF_SALES":22.881321585189,"TOTAL_PARENT_EQUITY":24571471616,"DEBT_ASSET_RATIO":56.8258244142,"OPERATE_PROFIT":3035713984,"PRETAX_PROFIT":2885540736,"NETCASH_OPERATE":4960901632,"NETCASH_INVEST":-265900672,"NETCASH_FINANCE":-4734279744,"END_CASH":6443390144,"DIVI_RATIO":1.70646473534,"DIVIDEND_RATE":6.369426751592,"CURRENT_RATIO":1.695960235943,"COMMON_ACS":50000000000,"CURRENTDEBT_DEBT":89.131126417766,"ISSUED_COMMON_SHARES":9987314000,"HK_COMMON_SHARES":9987314000,"PER_SHARES":200,"TOTAL_MARKET_CAP":78400414900,"HKSK_MARKET_CAP":78400414900,"PE_TTM":17.505563100076,"PB_TTM":3.093328660485,"REPORT_DATE_SQ":"2019-06-30 00:00:00","REPORT_TYPE_SQ":"2019年中报","OPERATE_INCOME_SQ":26639241732,"DPS_HKD":0.5,"OPERATE_INCOME_QOQ_SQ":0,"NET_PROFIT_RATIO_SQ":5.3478796744,"HOLDER_PROFIT_SQ":1382420526,"HOLDER_PROFIT_QOQ_SQ":0,"ROE_AVG_SQ":5.365917704622,"PE_TTM_SQ":18.341116669091,"PB_TTM_SQ":4.616563378958,"ROA_SQ":2.422142867867,"START_DATE":"2020-04-01 00:00:00","FISCAL_YEAR":"3-31","CURRENCY":"HKD","IS_CNY_CODE":0,"DPS_HKD_LY":0.28,"ORG_TYPE":"一般企业","PREMIUM_INCOME":null,"PREMIUM_INCOME_YOY":null,"NET_INTEREST_INCOME":null,"NET_INTEREST_INCOME_YOY":null,"FEE_COMMISSION_INCOME":null,"FEE_COMMISSION_INCOME_YOY":null,"ACCOUNTS_RECE_TDAYS":4.312664411875,"INVENTORY_TDAYS":0.384669352784,"CURRENT_ASSETS_TDAYS":0.439730316894,"TOTAL_ASSETS_TDAYS":0.374924972154,"PREMIUM_EXPENSE":null,"LOAN_DEPOSIT":null,"LOAN_EQUITY":null,"LOAN_ASSETS":null,"DEPOSIT_EQUITY":null,"DEPOSIT_ASSETS":null,"EQUITY_MULTIPLIER":2.316199409558,"EQUITY_RATIO":1.348856337706}],"count":31},"success":true,"message":"ok","code":0}