{"version":"7aba3d923da3b60b6b9feaeaa2919457","result":{"pages":4,"data":[{"SECUCODE":"01938.HK","SECURITY_CODE":"01938","SECURITY_NAME_ABBR":"珠江钢管","ORG_CODE":"10143722","STD_REPORT_DATE":"2024-06-30 00:00:00","REPORT_DATE":"2024-06-30 00:00:00","DATE_TYPE_CODE":"002","REPORT_TYPE":"2024年中报","PER_NETCASH_OPERATE":0.114999673636,"PER_OI":1.620089957691,"BPS":1.179709674803,"BASIC_EPS":0.13,"DILUTED_EPS":0.13,"OPERATE_INCOME":1638141000,"OPERATE_INCOME_YOY":37.1251565336,"GROSS_PROFIT":307276000,"GROSS_PROFIT_YOY":3.625663940646,"HOLDER_PROFIT":129516000,"HOLDER_PROFIT_YOY":-18.0439280901,"GROSS_PROFIT_RATIO":18.757603893682,"EPS_TTM":0.153552122254,"OPERATE_INCOME_QOQ":16.730809566132,"NET_PROFIT_RATIO":7.9062791298,"ROE_AVG":11.416487690889,"GROSS_PROFIT_QOQ":1.93987838545,"ROA":2.009380553476,"HOLDER_PROFIT_QOQ":-15.516003003624,"ROE_YEARLY":22.832975381777,"ROIC_YEARLY":4.052500780284,"TOTAL_ASSETS":6469716000,"TOTAL_LIABILITIES":5276862000,"TAX_EBT":-49.444412392546,"OCF_SALES":7.098351118738,"TOTAL_PARENT_EQUITY":1192854000,"DEBT_ASSET_RATIO":81.5624982611,"OPERATE_PROFIT":144787000,"PRETAX_PROFIT":86665000,"NETCASH_OPERATE":116281000,"NETCASH_INVEST":-31884000,"NETCASH_FINANCE":-29545000,"END_CASH":75136000,"DIVI_RATIO":null,"DIVIDEND_RATE":null,"CURRENT_RATIO":0.827900299424,"COMMON_ACS":10000000000,"CURRENTDEBT_DEBT":82.435830233953,"ISSUED_COMMON_SHARES":1011142000,"HK_COMMON_SHARES":1011142000,"PER_SHARES":1000,"TOTAL_MARKET_CAP":177960992,"HKSK_MARKET_CAP":177960992,"PE_TTM":1.026897612648,"PB_TTM":0.136162043451,"REPORT_DATE_SQ":"2023-06-30 00:00:00","REPORT_TYPE_SQ":"2023年中报","OPERATE_INCOME_SQ":1194632000,"DPS_HKD":null,"OPERATE_INCOME_QOQ_SQ":0.342969879531,"NET_PROFIT_RATIO_SQ":13.2284251552,"HOLDER_PROFIT_SQ":158031000,"HOLDER_PROFIT_QOQ_SQ":2.906755646062,"ROE_AVG_SQ":15.74689931634,"PE_TTM_SQ":0.874126618454,"PB_TTM_SQ":0.130803092992,"ROA_SQ":2.346636374267,"START_DATE":"2024-01-01 00:00:00","FISCAL_YEAR":"12-31","CURRENCY":"HKD","IS_CNY_CODE":0,"DPS_HKD_LY":null,"ORG_TYPE":"一般企业","PREMIUM_INCOME":null,"PREMIUM_INCOME_YOY":null,"NET_INTEREST_INCOME":null,"NET_INTEREST_INCOME_YOY":null,"FEE_COMMISSION_INCOME":null,"FEE_COMMISSION_INCOME_YOY":null,"ACCOUNTS_RECE_TDAYS":4.060890765739,"INVENTORY_TDAYS":0.526804334484,"CURRENT_ASSETS_TDAYS":0.459506527418,"TOTAL_ASSETS_TDAYS":0.254149963653,"PREMIUM_EXPENSE":null,"LOAN_DEPOSIT":null,"LOAN_EQUITY":null,"LOAN_ASSETS":null,"DEPOSIT_EQUITY":null,"DEPOSIT_ASSETS":null,"EQUITY_MULTIPLIER":5.42372830203,"EQUITY_RATIO":4.423728302039},{"SECUCODE":"01938.HK","SECURITY_CODE":"01938","SECURITY_NAME_ABBR":"珠江钢管","ORG_CODE":"10143722","STD_REPORT_DATE":"2023-12-31 00:00:00","REPORT_DATE":"2023-12-31 00:00:00","DATE_TYPE_CODE":"001","REPORT_TYPE":"2023年年报","PER_NETCASH_OPERATE":0.426316976251,"PER_OI":2.621641668529,"BPS":1.06421748874,"BASIC_EPS":0.18,"DILUTED_EPS":0.18,"OPERATE_INCOME":2650852000,"OPERATE_INCOME_YOY":12.2284151455,"GROSS_PROFIT":554210000,"GROSS_PROFIT_YOY":17.760925411635,"HOLDER_PROFIT":183778000,"HOLDER_PROFIT_YOY":12.7237263393,"GROSS_PROFIT_RATIO":20.906863151923,"EPS_TTM":0.181752909087,"OPERATE_INCOME_QOQ":11.844821097364,"NET_PROFIT_RATIO":6.9327899106,"ROE_AVG":18.313574294948,"GROSS_PROFIT_QOQ":31.116552515467,"ROA":2.832505083476,"HOLDER_PROFIT_QOQ":9.539675633147,"ROE_YEARLY":18.313574294948,"ROIC_YEARLY":2.843091670748,"TOTAL_ASSETS":6421421000,"TOTAL_LIABILITIES":5345346000,"TAX_EBT":-370.273036669311,"OCF_SALES":16.261451035365,"TOTAL_PARENT_EQUITY":1076075000,"DEBT_ASSET_RATIO":83.2424162814,"OPERATE_PROFIT":118521000,"PRETAX_PROFIT":39079000,"NETCASH_OPERATE":431067000,"NETCASH_INVEST":-8682000,"NETCASH_FINANCE":-366033000,"END_CASH":32191000,"DIVI_RATIO":null,"DIVIDEND_RATE":null,"CURRENT_RATIO":0.806658714262,"COMMON_ACS":10000000000,"CURRENTDEBT_DEBT":81.834889640446,"ISSUED_COMMON_SHARES":1011142000,"HK_COMMON_SHARES":1011142000,"PER_SHARES":1000,"TOTAL_MARKET_CAP":182005560,"HKSK_MARKET_CAP":182005560,"PE_TTM":1.050236194754,"PB_TTM":0.139256635347,"REPORT_DATE_SQ":"2022-12-31 00:00:00","REPORT_TYPE_SQ":"2022年年报","OPERATE_INCOME_SQ":2362015000,"DPS_HKD":null,"OPERATE_INCOME_QOQ_SQ":10.597588407274,"NET_PROFIT_RATIO_SQ":6.9023270386,"HOLDER_PROFIT_SQ":163034000,"HOLDER_PROFIT_QOQ_SQ":61.966639843432,"ROE_AVG_SQ":18.563982567159,"PE_TTM_SQ":1.013060650526,"PB_TTM_SQ":0.151592988567,"ROA_SQ":2.252152722958,"START_DATE":"2023-01-01 00:00:00","FISCAL_YEAR":"12-31","CURRENCY":"HKD","IS_CNY_CODE":0,"DPS_HKD_LY":null,"ORG_TYPE":"一般企业","PREMIUM_INCOME":null,"PREMIUM_INCOME_YOY":null,"NET_INTEREST_INCOME":null,"NET_INTEREST_INCOME_YOY":null,"FEE_COMMISSION_INCOME":null,"FEE_COMMISSION_INCOME_YOY":null,"ACCOUNTS_RECE_TDAYS":7.674630759009,"INVENTORY_TDAYS":0.803054195305,"CURRENT_ASSETS_TDAYS":0.732974263729,"TOTAL_ASSETS_TDAYS":0.408566409774,"PREMIUM_EXPENSE":null,"LOAN_DEPOSIT":null,"LOAN_EQUITY":null,"LOAN_ASSETS":null,"DEPOSIT_EQUITY":null,"DEPOSIT_ASSETS":null,"EQUITY_MULTIPLIER":5.967447436292,"EQUITY_RATIO":4.967447436285},{"SECUCODE":"01938.HK","SECURITY_CODE":"01938","SECURITY_NAME_ABBR":"珠江钢管","ORG_CODE":"10143722","STD_REPORT_DATE":"2023-06-30 00:00:00","REPORT_DATE":"2023-06-30 00:00:00","DATE_TYPE_CODE":"002","REPORT_TYPE":"2023年中报","PER_NETCASH_OPERATE":0.135711898032,"PER_OI":1.181468082623,"BPS":1.064340122357,"BASIC_EPS":0.16,"DILUTED_EPS":0.16,"OPERATE_INCOME":1194632000,"OPERATE_INCOME_YOY":0.6827465949,"GROSS_PROFIT":296525000,"GROSS_PROFIT_YOY":-13.916734163031,"HOLDER_PROFIT":158031000,"HOLDER_PROFIT_YOY":3.0914855309,"GROSS_PROFIT_RATIO":24.821451292113,"EPS_TTM":0.165924271764,"OPERATE_INCOME_QOQ":0.342969879531,"NET_PROFIT_RATIO":13.2284251552,"ROE_AVG":15.74689931634,"GROSS_PROFIT_QOQ":-10.186072503894,"ROA":2.346636374267,"HOLDER_PROFIT_QOQ":2.906755646062,"ROE_YEARLY":31.49379863268,"ROIC_YEARLY":4.729579482201,"TOTAL_ASSETS":6913788000,"TOTAL_LIABILITIES":5837589000,"TAX_EBT":-2.406070581526,"OCF_SALES":11.486717248492,"TOTAL_PARENT_EQUITY":1076199000,"DEBT_ASSET_RATIO":84.4340179363,"OPERATE_PROFIT":190144000,"PRETAX_PROFIT":154318000,"NETCASH_OPERATE":137224000,"NETCASH_INVEST":-11221000,"NETCASH_FINANCE":-41811000,"END_CASH":87265000,"DIVI_RATIO":null,"DIVIDEND_RATE":null,"CURRENT_RATIO":0.999857046492,"COMMON_ACS":10000000000,"CURRENTDEBT_DEBT":69.861872769734,"ISSUED_COMMON_SHARES":1011142000,"HK_COMMON_SHARES":1011142000,"PER_SHARES":1000,"TOTAL_MARKET_CAP":182005560,"HKSK_MARKET_CAP":182005560,"PE_TTM":1.050236194754,"PB_TTM":0.139256635347,"REPORT_DATE_SQ":"2022-06-30 00:00:00","REPORT_TYPE_SQ":"2022年中报","OPERATE_INCOME_SQ":1186531000,"DPS_HKD":null,"OPERATE_INCOME_QOQ_SQ":17.774309710649,"NET_PROFIT_RATIO_SQ":12.9193421832,"HOLDER_PROFIT_SQ":153292000,"HOLDER_PROFIT_QOQ_SQ":206.682281620281,"ROE_AVG_SQ":17.616105155134,"PE_TTM_SQ":1.013060650526,"PB_TTM_SQ":0.151592988567,"ROA_SQ":1.996200380014,"START_DATE":"2023-01-01 00:00:00","FISCAL_YEAR":"12-31","CURRENCY":"HKD","IS_CNY_CODE":0,"DPS_HKD_LY":null,"ORG_TYPE":"一般企业","PREMIUM_INCOME":null,"PREMIUM_INCOME_YOY":null,"NET_INTEREST_INCOME":null,"NET_INTEREST_INCOME_YOY":null,"FEE_COMMISSION_INCOME":null,"FEE_COMMISSION_INCOME_YOY":null,"ACCOUNTS_RECE_TDAYS":2.687725124135,"INVENTORY_TDAYS":0.336127135234,"CURRENT_ASSETS_TDAYS":0.307016919402,"TOTAL_ASSETS_TDAYS":0.177393480081,"PREMIUM_EXPENSE":null,"LOAN_DEPOSIT":null,"LOAN_EQUITY":null,"LOAN_ASSETS":null,"DEPOSIT_EQUITY":null,"DEPOSIT_ASSETS":null,"EQUITY_MULTIPLIER":6.424265400716,"EQUITY_RATIO":5.42426540073},{"SECUCODE":"01938.HK","SECURITY_CODE":"01938","SECURITY_NAME_ABBR":"珠江钢管","ORG_CODE":"10143722","STD_REPORT_DATE":"2022-12-31 00:00:00","REPORT_DATE":"2022-12-31 00:00:00","DATE_TYPE_CODE":"001","REPORT_TYPE":"2022年年报","PER_NETCASH_OPERATE":0.152370290226,"PER_OI":2.335987428076,"BPS":0.920680774807,"BASIC_EPS":0.16,"DILUTED_EPS":0.16,"OPERATE_INCOME":2362015000,"OPERATE_INCOME_YOY":30.2555463033,"GROSS_PROFIT":470623000,"GROSS_PROFIT_YOY":140.70817733587,"HOLDER_PROFIT":163034000,"HOLDER_PROFIT_YOY":272.7897068487,"GROSS_PROFIT_RATIO":19.924640614052,"EPS_TTM":0.161237491866,"OPERATE_INCOME_QOQ":10.597588407274,"NET_PROFIT_RATIO":6.9023270386,"ROE_AVG":18.563982567159,"GROSS_PROFIT_QOQ":6.679496595309,"ROA":2.252152722958,"HOLDER_PROFIT_QOQ":61.966639843432,"ROE_YEARLY":18.563982567159,"ROIC_YEARLY":2.257878647436,"TOTAL_ASSETS":6554937000,"TOTAL_LIABILITIES":5623998000,"TAX_EBT":-0.350229280153,"OCF_SALES":6.522735884404,"TOTAL_PARENT_EQUITY":930939000,"DEBT_ASSET_RATIO":85.7978955404,"OPERATE_PROFIT":190692000,"PRETAX_PROFIT":162465000,"NETCASH_OPERATE":154068000,"NETCASH_INVEST":38169000,"NETCASH_FINANCE":-149102000,"END_CASH":16128000,"DIVI_RATIO":null,"DIVIDEND_RATE":null,"CURRENT_RATIO":1.021179869283,"COMMON_ACS":10000000000,"CURRENTDEBT_DEBT":64.503756935902,"ISSUED_COMMON_SHARES":1011142000,"HK_COMMON_SHARES":1011142000,"PER_SHARES":1000,"TOTAL_MARKET_CAP":182005560,"HKSK_MARKET_CAP":182005560,"PE_TTM":1.050236194754,"PB_TTM":0.139256635347,"REPORT_DATE_SQ":"2021-12-31 00:00:00","REPORT_TYPE_SQ":"2021年年报","OPERATE_INCOME_SQ":1813370000,"DPS_HKD":null,"OPERATE_INCOME_QOQ_SQ":10.687360715286,"NET_PROFIT_RATIO_SQ":-5.2032403757,"HOLDER_PROFIT_SQ":-94354000,"HOLDER_PROFIT_QOQ_SQ":-111.719901872496,"ROE_AVG_SQ":-11.217855548442,"PE_TTM_SQ":1.013060650526,"PB_TTM_SQ":0.151592988567,"ROA_SQ":-1.146140367393,"START_DATE":"2022-01-01 00:00:00","FISCAL_YEAR":"12-31","CURRENCY":"HKD","IS_CNY_CODE":0,"DPS_HKD_LY":null,"ORG_TYPE":"一般企业","PREMIUM_INCOME":null,"PREMIUM_INCOME_YOY":null,"NET_INTEREST_INCOME":null,"NET_INTEREST_INCOME_YOY":null,"FEE_COMMISSION_INCOME":null,"FEE_COMMISSION_INCOME_YOY":null,"ACCOUNTS_RECE_TDAYS":5.356273853068,"INVENTORY_TDAYS":0.66681673691,"CURRENT_ASSETS_TDAYS":0.545457736473,"TOTAL_ASSETS_TDAYS":0.326288903782,"PREMIUM_EXPENSE":null,"LOAN_DEPOSIT":null,"LOAN_EQUITY":null,"LOAN_ASSETS":null,"DEPOSIT_EQUITY":null,"DEPOSIT_ASSETS":null,"EQUITY_MULTIPLIER":7.041210004085,"EQUITY_RATIO":6.041210004093},{"SECUCODE":"01938.HK","SECURITY_CODE":"01938","SECURITY_NAME_ABBR":"珠江钢管","ORG_CODE":"10143722","STD_REPORT_DATE":"2022-06-30 00:00:00","REPORT_DATE":"2022-06-30 00:00:00","DATE_TYPE_CODE":"002","REPORT_TYPE":"2022年中报","PER_NETCASH_OPERATE":0.107743521681,"PER_OI":1.173456349355,"BPS":0.904765107176,"BASIC_EPS":0.15,"DILUTED_EPS":0.15,"OPERATE_INCOME":1186531000,"OPERATE_INCOME_YOY":37.2954940715,"GROSS_PROFIT":344463000,"GROSS_PROFIT_YOY":248.565617315807,"HOLDER_PROFIT":153292000,"HOLDER_PROFIT_YOY":467.4216821265,"GROSS_PROFIT_RATIO":29.031099903837,"EPS_TTM":0.099549815951,"OPERATE_INCOME_QOQ":17.774309710649,"NET_PROFIT_RATIO":12.9193421832,"ROE_AVG":17.616105155134,"GROSS_PROFIT_QOQ":125.636776529798,"ROA":1.996200380014,"HOLDER_PROFIT_QOQ":206.682281620281,"ROE_YEARLY":35.232210310269,"ROIC_YEARLY":4.002554144028,"TOTAL_ASSETS":7435256000,"TOTAL_LIABILITIES":6520410000,"TAX_EBT":17.259321631367,"OCF_SALES":9.181723865622,"TOTAL_PARENT_EQUITY":914846000,"DEBT_ASSET_RATIO":87.6958372382,"OPERATE_PROFIT":205351000,"PRETAX_PROFIT":185268000,"NETCASH_OPERATE":108944000,"NETCASH_INVEST":-16837000,"NETCASH_FINANCE":-33635000,"END_CASH":18372000,"DIVI_RATIO":null,"DIVIDEND_RATE":null,"CURRENT_RATIO":1.073618692667,"COMMON_ACS":10000000000,"CURRENTDEBT_DEBT":64.012416397128,"ISSUED_COMMON_SHARES":1011142000,"HK_COMMON_SHARES":1011142000,"PER_SHARES":1000,"TOTAL_MARKET_CAP":182005560,"HKSK_MARKET_CAP":182005560,"PE_TTM":1.050236194754,"PB_TTM":0.139256635347,"REPORT_DATE_SQ":"2021-06-30 00:00:00","REPORT_TYPE_SQ":"2021年中报","OPERATE_INCOME_SQ":864217000,"DPS_HKD":null,"OPERATE_INCOME_QOQ_SQ":43.481428998071,"NET_PROFIT_RATIO_SQ":-4.8276069552,"HOLDER_PROFIT_SQ":-41721000,"HOLDER_PROFIT_QOQ_SQ":29.243985095784,"ROE_AVG_SQ":-4.939217238071,"PE_TTM_SQ":1.013060650526,"PB_TTM_SQ":0.151592988567,"ROA_SQ":-0.488053332703,"START_DATE":"2022-01-01 00:00:00","FISCAL_YEAR":"12-31","CURRENCY":"HKD","IS_CNY_CODE":0,"DPS_HKD_LY":null,"ORG_TYPE":"一般企业","PREMIUM_INCOME":null,"PREMIUM_INCOME_YOY":null,"NET_INTEREST_INCOME":null,"NET_INTEREST_INCOME_YOY":null,"FEE_COMMISSION_INCOME":null,"FEE_COMMISSION_INCOME_YOY":null,"ACCOUNTS_RECE_TDAYS":2.665131046225,"INVENTORY_TDAYS":0.262912545395,"CURRENT_ASSETS_TDAYS":0.251455766876,"TOTAL_ASSETS_TDAYS":0.154512540322,"PREMIUM_EXPENSE":null,"LOAN_DEPOSIT":null,"LOAN_EQUITY":null,"LOAN_ASSETS":null,"DEPOSIT_EQUITY":null,"DEPOSIT_ASSETS":null,"EQUITY_MULTIPLIER":8.127330720174,"EQUITY_RATIO":7.127330720143},{"SECUCODE":"01938.HK","SECURITY_CODE":"01938","SECURITY_NAME_ABBR":"珠江钢管","ORG_CODE":"10143722","STD_REPORT_DATE":"2021-12-31 00:00:00","REPORT_DATE":"2021-12-31 00:00:00","DATE_TYPE_CODE":"001","REPORT_TYPE":"2021年年报","PER_NETCASH_OPERATE":-0.894659701605,"PER_OI":1.793388070123,"BPS":0.816419454439,"BASIC_EPS":-0.09,"DILUTED_EPS":-0.09,"OPERATE_INCOME":1813370000,"OPERATE_INCOME_YOY":58.8158068745,"GROSS_PROFIT":195516000,"GROSS_PROFIT_YOY":-5.404790818968,"HOLDER_PROFIT":-94354000,"HOLDER_PROFIT_YOY":-115.1472682293,"GROSS_PROFIT_RATIO":10.781914336291,"EPS_TTM":-0.093314292157,"OPERATE_INCOME_QOQ":10.687360715286,"NET_PROFIT_RATIO":-5.2032403757,"ROE_AVG":-11.217855548442,"GROSS_PROFIT_QOQ":-11.085441944227,"ROA":-1.146140367393,"HOLDER_PROFIT_QOQ":-111.719901872496,"ROE_YEARLY":-11.217855548442,"ROIC_YEARLY":-1.148935413693,"TOTAL_ASSETS":7923122000,"TOTAL_LIABILITIES":7097606000,"TAX_EBT":134.035169988277,"OCF_SALES":-49.886564793727,"TOTAL_PARENT_EQUITY":825516000,"DEBT_ASSET_RATIO":89.5809252969,"OPERATE_PROFIT":469974000,"PRETAX_PROFIT":277225000,"NETCASH_OPERATE":-904628000,"NETCASH_INVEST":2561963000,"NETCASH_FINANCE":-1709156000,"END_CASH":20588000,"DIVI_RATIO":null,"DIVIDEND_RATE":null,"CURRENT_RATIO":1.030386990731,"COMMON_ACS":10000000000,"CURRENTDEBT_DEBT":67.769132296157,"ISSUED_COMMON_SHARES":1011142000,"HK_COMMON_SHARES":1011142000,"PER_SHARES":1000,"TOTAL_MARKET_CAP":182005560,"HKSK_MARKET_CAP":182005560,"PE_TTM":1.050236194754,"PB_TTM":0.139256635347,"REPORT_DATE_SQ":"2020-12-31 00:00:00","REPORT_TYPE_SQ":"2020年年报","OPERATE_INCOME_SQ":1141807000,"DPS_HKD":null,"OPERATE_INCOME_QOQ_SQ":6.728489919837,"NET_PROFIT_RATIO_SQ":54.5548415801,"HOLDER_PROFIT_SQ":622911000,"HOLDER_PROFIT_QOQ_SQ":515.3487627773,"ROE_AVG_SQ":136.653635549939,"PE_TTM_SQ":1.013060650526,"PB_TTM_SQ":0.151592988567,"ROA_SQ":7.314882087334,"START_DATE":"2021-01-01 00:00:00","FISCAL_YEAR":"12-31","CURRENCY":"HKD","IS_CNY_CODE":0,"DPS_HKD_LY":null,"ORG_TYPE":"一般企业","PREMIUM_INCOME":null,"PREMIUM_INCOME_YOY":null,"NET_INTEREST_INCOME":null,"NET_INTEREST_INCOME_YOY":null,"FEE_COMMISSION_INCOME":null,"FEE_COMMISSION_INCOME_YOY":null,"ACCOUNTS_RECE_TDAYS":3.574396537111,"INVENTORY_TDAYS":0.548139680492,"CURRENT_ASSETS_TDAYS":0.38324777535,"TOTAL_ASSETS_TDAYS":0.22027434534,"PREMIUM_EXPENSE":null,"LOAN_DEPOSIT":null,"LOAN_EQUITY":null,"LOAN_ASSETS":null,"DEPOSIT_EQUITY":null,"DEPOSIT_ASSETS":null,"EQUITY_MULTIPLIER":9.597781266531,"EQUITY_RATIO":8.597781266505},{"SECUCODE":"01938.HK","SECURITY_CODE":"01938","SECURITY_NAME_ABBR":"珠江钢管","ORG_CODE":"10143722","STD_REPORT_DATE":"2021-06-30 00:00:00","REPORT_DATE":"2021-06-30 00:00:00","DATE_TYPE_CODE":"002","REPORT_TYPE":"2021年中报","PER_NETCASH_OPERATE":-0.506509471469,"PER_OI":0.854693999458,"BPS":0.823506490681,"BASIC_EPS":-0.04,"DILUTED_EPS":-0.04,"OPERATE_INCOME":864217000,"OPERATE_INCOME_YOY":135.0056969133,"GROSS_PROFIT":98823000,"GROSS_PROFIT_YOY":15.423158681586,"HOLDER_PROFIT":-41721000,"HOLDER_PROFIT_YOY":81.3649864886,"GROSS_PROFIT_RATIO":11.434975243486,"EPS_TTM":0.796203698393,"OPERATE_INCOME_QOQ":43.481428998071,"NET_PROFIT_RATIO":-4.8276069552,"ROE_AVG":-4.939217238071,"GROSS_PROFIT_QOQ":6.388887544935,"ROA":-0.488053332703,"HOLDER_PROFIT_QOQ":29.243985095784,"ROE_YEARLY":-9.878434476141,"ROIC_YEARLY":-0.982266303858,"TOTAL_ASSETS":8555374000,"TOTAL_LIABILITIES":7722692000,"TAX_EBT":286.963925610576,"OCF_SALES":-59.262083481348,"TOTAL_PARENT_EQUITY":832682000,"DEBT_ASSET_RATIO":90.267146708,"OPERATE_PROFIT":146055000,"PRETAX_PROFIT":22315000,"NETCASH_OPERATE":-512153000,"NETCASH_INVEST":756466000,"NETCASH_FINANCE":-210931000,"END_CASH":87746000,"DIVI_RATIO":null,"DIVIDEND_RATE":null,"CURRENT_RATIO":0.871784307416,"COMMON_ACS":10000000000,"CURRENTDEBT_DEBT":68.011128761836,"ISSUED_COMMON_SHARES":1011142000,"HK_COMMON_SHARES":1011142000,"PER_SHARES":1000,"TOTAL_MARKET_CAP":182005560,"HKSK_MARKET_CAP":182005560,"PE_TTM":1.050236194754,"PB_TTM":0.139256635347,"REPORT_DATE_SQ":"2020-06-30 00:00:00","REPORT_TYPE_SQ":"2020年中报","OPERATE_INCOME_SQ":367743000,"DPS_HKD":null,"OPERATE_INCOME_QOQ_SQ":-10.397073271238,"NET_PROFIT_RATIO_SQ":-60.8808325379,"HOLDER_PROFIT_SQ":-223885000,"HOLDER_PROFIT_QOQ_SQ":-7.981251080007,"ROE_AVG_SQ":268.313728780043,"PE_TTM_SQ":1.013060650526,"PB_TTM_SQ":0.151592988567,"ROA_SQ":-2.676188911432,"START_DATE":"2021-01-01 00:00:00","FISCAL_YEAR":"12-31","CURRENCY":"HKD","IS_CNY_CODE":0,"DPS_HKD_LY":null,"ORG_TYPE":"一般企业","PREMIUM_INCOME":null,"PREMIUM_INCOME_YOY":null,"NET_INTEREST_INCOME":null,"NET_INTEREST_INCOME_YOY":null,"FEE_COMMISSION_INCOME":null,"FEE_COMMISSION_INCOME_YOY":null,"ACCOUNTS_RECE_TDAYS":1.579722119148,"INVENTORY_TDAYS":0.264291363658,"CURRENT_ASSETS_TDAYS":0.190232767511,"TOTAL_ASSETS_TDAYS":0.101096327276,"PREMIUM_EXPENSE":null,"LOAN_DEPOSIT":null,"LOAN_EQUITY":null,"LOAN_ASSETS":null,"DEPOSIT_EQUITY":null,"DEPOSIT_ASSETS":null,"EQUITY_MULTIPLIER":10.274479333023,"EQUITY_RATIO":9.274479333047},{"SECUCODE":"01938.HK","SECURITY_CODE":"01938","SECURITY_NAME_ABBR":"珠江钢管","ORG_CODE":"10143722","STD_REPORT_DATE":"2020-12-31 00:00:00","REPORT_DATE":"2020-12-31 00:00:00","DATE_TYPE_CODE":"001","REPORT_TYPE":"2020年年报","PER_NETCASH_OPERATE":0.070578613093,"PER_OI":1.129225173121,"BPS":0.84725488606,"BASIC_EPS":0.62,"DILUTED_EPS":0.62,"OPERATE_INCOME":1141807000,"OPERATE_INCOME_YOY":-4.3681493784,"GROSS_PROFIT":206687000,"GROSS_PROFIT_YOY":-2.594348514553,"HOLDER_PROFIT":622911000,"HOLDER_PROFIT_YOY":548.4987903923,"GROSS_PROFIT_RATIO":18.101745741618,"EPS_TTM":0.616047004278,"OPERATE_INCOME_QOQ":6.728489919837,"NET_PROFIT_RATIO":54.5548415801,"ROE_AVG":136.653635549939,"GROSS_PROFIT_QOQ":6.287668415098,"ROA":7.314882087334,"HOLDER_PROFIT_QOQ":515.3487627773,"ROE_YEARLY":136.653635549939,"ROIC_YEARLY":7.348558978223,"TOTAL_ASSETS":8541528000,"TOTAL_LIABILITIES":7684833000,"TAX_EBT":28.945054017459,"OCF_SALES":6.250180634731,"TOTAL_PARENT_EQUITY":856695000,"DEBT_ASSET_RATIO":89.9702371754,"OPERATE_PROFIT":1354713000,"PRETAX_PROFIT":876661000,"NETCASH_OPERATE":71365000,"NETCASH_INVEST":1661998000,"NETCASH_FINANCE":-1785138000,"END_CASH":19466000,"DIVI_RATIO":null,"DIVIDEND_RATE":null,"CURRENT_RATIO":0.825881779929,"COMMON_ACS":10000000000,"CURRENTDEBT_DEBT":71.012981023791,"ISSUED_COMMON_SHARES":1011142000,"HK_COMMON_SHARES":1011142000,"PER_SHARES":1000,"TOTAL_MARKET_CAP":182005560,"HKSK_MARKET_CAP":182005560,"PE_TTM":1.050236194754,"PB_TTM":0.139256635347,"REPORT_DATE_SQ":"2019-12-31 00:00:00","REPORT_TYPE_SQ":"2019年年报","OPERATE_INCOME_SQ":1193961000,"DPS_HKD":null,"OPERATE_INCOME_QOQ_SQ":-27.046521887369,"NET_PROFIT_RATIO_SQ":-11.9006399707,"HOLDER_PROFIT_SQ":-138888000,"HOLDER_PROFIT_QOQ_SQ":65.143891121088,"ROE_AVG_SQ":-101.444003768872,"PE_TTM_SQ":1.013060650526,"PB_TTM_SQ":0.151592988567,"ROA_SQ":-1.501646196185,"START_DATE":"2020-01-01 00:00:00","FISCAL_YEAR":"12-31","CURRENCY":"HKD","IS_CNY_CODE":0,"DPS_HKD_LY":null,"ORG_TYPE":"一般企业","PREMIUM_INCOME":null,"PREMIUM_INCOME_YOY":null,"NET_INTEREST_INCOME":null,"NET_INTEREST_INCOME_YOY":null,"FEE_COMMISSION_INCOME":null,"FEE_COMMISSION_INCOME_YOY":null,"ACCOUNTS_RECE_TDAYS":2.494899558949,"INVENTORY_TDAYS":0.354767520516,"CURRENT_ASSETS_TDAYS":0.266747825912,"TOTAL_ASSETS_TDAYS":0.134083096486,"PREMIUM_EXPENSE":null,"LOAN_DEPOSIT":null,"LOAN_EQUITY":null,"LOAN_ASSETS":null,"DEPOSIT_EQUITY":null,"DEPOSIT_ASSETS":null,"EQUITY_MULTIPLIER":9.970325495108,"EQUITY_RATIO":8.970325495071},{"SECUCODE":"01938.HK","SECURITY_CODE":"01938","SECURITY_NAME_ABBR":"珠江钢管","ORG_CODE":"10143722","STD_REPORT_DATE":"2020-06-30 00:00:00","REPORT_DATE":"2020-06-30 00:00:00","DATE_TYPE_CODE":"002","REPORT_TYPE":"2020年中报","PER_NETCASH_OPERATE":0.099270923372,"PER_OI":0.363690757579,"BPS":-0.21940736316,"BASIC_EPS":-0.22,"DILUTED_EPS":-0.22,"OPERATE_INCOME":367743000,"OPERATE_INCOME_YOY":-25.2372529885,"GROSS_PROFIT":85618000,"GROSS_PROFIT_YOY":-17.157232704403,"HOLDER_PROFIT":-223885000,"HOLDER_PROFIT_YOY":-5.2091165414,"GROSS_PROFIT_RATIO":23.282020323976,"EPS_TTM":-0.148320413948,"OPERATE_INCOME_QOQ":-10.397073271238,"NET_PROFIT_RATIO":-60.8808325379,"ROE_AVG":268.313728780043,"GROSS_PROFIT_QOQ":-8.356582717539,"ROA":-2.676188911432,"HOLDER_PROFIT_QOQ":-7.981251080007,"ROE_YEARLY":536.627457560087,"ROIC_YEARLY":-5.375605696555,"TOTAL_ASSETS":8241823000,"TOTAL_LIABILITIES":8463675000,"TAX_EBT":0.061600817773,"OCF_SALES":27.295420986939,"TOTAL_PARENT_EQUITY":-221852000,"DEBT_ASSET_RATIO":102.6917831164,"OPERATE_PROFIT":-103400000,"PRETAX_PROFIT":-224023000,"NETCASH_OPERATE":100377000,"NETCASH_INVEST":287858000,"NETCASH_FINANCE":-413812000,"END_CASH":13712000,"DIVI_RATIO":null,"DIVIDEND_RATE":null,"CURRENT_RATIO":0.647006733399,"COMMON_ACS":10000000000,"CURRENTDEBT_DEBT":70.448309983547,"ISSUED_COMMON_SHARES":1011142000,"HK_COMMON_SHARES":1011142000,"PER_SHARES":1000,"TOTAL_MARKET_CAP":182005560,"HKSK_MARKET_CAP":182005560,"PE_TTM":1.050236194754,"PB_TTM":0.139256635347,"REPORT_DATE_SQ":"2019-06-30 00:00:00","REPORT_TYPE_SQ":"2019年中报","OPERATE_INCOME_SQ":491880000,"DPS_HKD":null,"OPERATE_INCOME_QOQ_SQ":0.9966330465,"NET_PROFIT_RATIO_SQ":-43.4648694804,"HOLDER_PROFIT_SQ":-212800000,"HOLDER_PROFIT_QOQ_SQ":20.118160513058,"ROE_AVG_SQ":-191.507264766893,"PE_TTM_SQ":1.013060650526,"PB_TTM_SQ":0.151592988567,"ROA_SQ":-2.079241881833,"START_DATE":"2020-01-01 00:00:00","FISCAL_YEAR":"12-31","CURRENCY":"HKD","IS_CNY_CODE":0,"DPS_HKD_LY":null,"ORG_TYPE":"一般企业","PREMIUM_INCOME":null,"PREMIUM_INCOME_YOY":null,"NET_INTEREST_INCOME":null,"NET_INTEREST_INCOME_YOY":null,"FEE_COMMISSION_INCOME":null,"FEE_COMMISSION_INCOME_YOY":null,"ACCOUNTS_RECE_TDAYS":0.826250436725,"INVENTORY_TDAYS":0.112724312392,"CURRENT_ASSETS_TDAYS":0.092961710295,"TOTAL_ASSETS_TDAYS":0.043957823832,"PREMIUM_EXPENSE":null,"LOAN_DEPOSIT":null,"LOAN_EQUITY":null,"LOAN_ASSETS":null,"DEPOSIT_EQUITY":null,"DEPOSIT_ASSETS":null,"EQUITY_MULTIPLIER":-37.150095559608,"EQUITY_RATIO":-38.150095559202}],"count":34},"success":true,"message":"ok","code":0}