{"version":"6865863d36289dda585bf736e62ac263","result":{"pages":3,"data":[{"SECUCODE":"01932.HK","SECURITY_CODE":"01932","SECURITY_NAME_ABBR":"中漆集团","ORG_CODE":"10609699","STD_REPORT_DATE":"2024-06-30 00:00:00","REPORT_DATE":"2024-06-30 00:00:00","DATE_TYPE_CODE":"002","REPORT_TYPE":"2024年中报","PER_NETCASH_OPERATE":-0.02898945484,"PER_OI":0.13537052296,"BPS":0.38025625716,"BASIC_EPS":-0.0136902,"DILUTED_EPS":-0.0136902,"OPERATE_INCOME":135370522.96,"OPERATE_INCOME_YOY":-39.1841303555,"GROSS_PROFIT":53057739.12,"GROSS_PROFIT_YOY":-21.567351148892,"HOLDER_PROFIT":-13664644.96,"HOLDER_PROFIT_YOY":-30.1007994439,"GROSS_PROFIT_RATIO":39.194455306698,"EPS_TTM":-0.06387545442,"OPERATE_INCOME_QOQ":-21.051161565961,"NET_PROFIT_RATIO":-9.8670460215,"ROE_AVG":-3.477404535119,"GROSS_PROFIT_QOQ":-10.219176804796,"ROA":-1.635406574177,"HOLDER_PROFIT_QOQ":-5.022116316545,"ROE_YEARLY":-6.954809070238,"ROIC_YEARLY":-3.912790659689,"TOTAL_ASSETS":783191699.64,"TOTAL_LIABILITIES":398909611,"TAX_EBT":-8.94000297752,"OCF_SALES":-21.414894621162,"TOTAL_PARENT_EQUITY":380256257.16,"DEBT_ASSET_RATIO":50.9338404867,"OPERATE_PROFIT":-1774249.92,"PRETAX_PROFIT":-12260943.12,"NETCASH_OPERATE":-28989454.84,"NETCASH_INVEST":56452908.72,"NETCASH_FINANCE":-22114236.4,"END_CASH":134057176.44,"DIVI_RATIO":null,"DIVIDEND_RATE":null,"CURRENT_RATIO":1.284280248224,"COMMON_ACS":8000000000,"CURRENTDEBT_DEBT":71.157124063376,"ISSUED_COMMON_SHARES":1000000000,"HK_COMMON_SHARES":1000000000,"PER_SHARES":4000,"TOTAL_MARKET_CAP":226000000,"HKSK_MARKET_CAP":226000000,"PE_TTM":-3.2020856062,"PB_TTM":0.54243862163,"REPORT_DATE_SQ":"2023-06-30 00:00:00","REPORT_TYPE_SQ":"2023年中报","OPERATE_INCOME_SQ":224858936.26,"DPS_HKD":null,"OPERATE_INCOME_QOQ_SQ":-7.290870755328,"NET_PROFIT_RATIO_SQ":-4.6533845592,"HOLDER_PROFIT_SQ":-10610145.84,"HOLDER_PROFIT_QOQ_SQ":37.068497117569,"ROE_AVG_SQ":-2.30374709229,"PE_TTM_SQ":-4.560194568302,"PB_TTM_SQ":0.561328227325,"ROA_SQ":-1.057717185652,"START_DATE":"2024-01-01 00:00:00","FISCAL_YEAR":"12-31","CURRENCY":"HKD","IS_CNY_CODE":0,"DPS_HKD_LY":null,"ORG_TYPE":"一般企业","PREMIUM_INCOME":null,"PREMIUM_INCOME_YOY":null,"NET_INTEREST_INCOME":null,"NET_INTEREST_INCOME_YOY":null,"FEE_COMMISSION_INCOME":null,"FEE_COMMISSION_INCOME_YOY":null,"ACCOUNTS_RECE_TDAYS":0.957444267644,"INVENTORY_TDAYS":3.479542429445,"CURRENT_ASSETS_TDAYS":0.331130588535,"TOTAL_ASSETS_TDAYS":0.162013607998,"PREMIUM_EXPENSE":null,"LOAN_DEPOSIT":null,"LOAN_EQUITY":null,"LOAN_ASSETS":null,"DEPOSIT_EQUITY":null,"DEPOSIT_ASSETS":null,"EQUITY_MULTIPLIER":2.038064543708,"EQUITY_RATIO":1.049054692694},{"SECUCODE":"01932.HK","SECURITY_CODE":"01932","SECURITY_NAME_ABBR":"中漆集团","ORG_CODE":"10609699","STD_REPORT_DATE":"2023-12-31 00:00:00","REPORT_DATE":"2023-12-31 00:00:00","DATE_TYPE_CODE":"001","REPORT_TYPE":"2023年年报","PER_NETCASH_OPERATE":0.07579352214,"PER_OI":0.42509964602,"BPS":0.4027830723,"BASIC_EPS":-0.060807362,"DILUTED_EPS":-0.060807362,"OPERATE_INCOME":425099646.02,"OPERATE_INCOME_YOY":-27.0520597964,"GROSS_PROFIT":142768617.46,"GROSS_PROFIT_YOY":12.13722747435,"HOLDER_PROFIT":-60820955.3,"HOLDER_PROFIT_YOY":31.5739570164,"GROSS_PROFIT_RATIO":33.584741553345,"EPS_TTM":-0.0608209553,"OPERATE_INCOME_QOQ":-20.174540823406,"NET_PROFIT_RATIO":-14.2780398686,"ROE_AVG":-13.945524871407,"GROSS_PROFIT_QOQ":1.965427851172,"ROA":-6.314652505938,"HOLDER_PROFIT_QOQ":-10.307290361863,"ROE_YEARLY":-13.945524871407,"ROIC_YEARLY":-7.350344134975,"TOTAL_ASSETS":881624282.98,"TOTAL_LIABILITIES":475057742.18,"TAX_EBT":3.573331029816,"OCF_SALES":17.829589567909,"TOTAL_PARENT_EQUITY":402783072.3,"DEBT_ASSET_RATIO":53.8843758448,"OPERATE_PROFIT":12454181.46,"PRETAX_PROFIT":-62945134.98,"NETCASH_OPERATE":75793522.14,"NETCASH_INVEST":-54180175.14,"NETCASH_FINANCE":-22350103.86,"END_CASH":130307186.24,"DIVI_RATIO":null,"DIVIDEND_RATE":null,"CURRENT_RATIO":1.301355283509,"COMMON_ACS":8000000000,"CURRENTDEBT_DEBT":72.769205236743,"ISSUED_COMMON_SHARES":1000000000,"HK_COMMON_SHARES":1000000000,"PER_SHARES":4000,"TOTAL_MARKET_CAP":250000000,"HKSK_MARKET_CAP":250000000,"PE_TTM":-3.542130095354,"PB_TTM":0.600042723042,"REPORT_DATE_SQ":"2022-12-31 00:00:00","REPORT_TYPE_SQ":"2022年年报","OPERATE_INCOME_SQ":574416380.23,"DPS_HKD":null,"OPERATE_INCOME_QOQ_SQ":-6.515395341498,"NET_PROFIT_RATIO_SQ":-15.3131409893,"HOLDER_PROFIT_SQ":-87615494.68,"HOLDER_PROFIT_QOQ_SQ":-12.62989855586,"ROE_AVG_SQ":-18.7247170312,"PE_TTM_SQ":-4.729090663424,"PB_TTM_SQ":0.582118161671,"ROA_SQ":-8.325213299427,"START_DATE":"2023-01-01 00:00:00","FISCAL_YEAR":"12-31","CURRENCY":"HKD","IS_CNY_CODE":0,"DPS_HKD_LY":null,"ORG_TYPE":"一般企业","PREMIUM_INCOME":null,"PREMIUM_INCOME_YOY":null,"NET_INTEREST_INCOME":null,"NET_INTEREST_INCOME_YOY":null,"FEE_COMMISSION_INCOME":null,"FEE_COMMISSION_INCOME_YOY":null,"ACCOUNTS_RECE_TDAYS":1.7334257155,"INVENTORY_TDAYS":8.841125473559,"CURRENT_ASSETS_TDAYS":0.811133369242,"TOTAL_ASSETS_TDAYS":0.441353893863,"PREMIUM_EXPENSE":null,"LOAN_DEPOSIT":null,"LOAN_EQUITY":null,"LOAN_ASSETS":null,"DEPOSIT_EQUITY":null,"DEPOSIT_ASSETS":null,"EQUITY_MULTIPLIER":2.168462464336,"EQUITY_RATIO":1.179438200983},{"SECUCODE":"01932.HK","SECURITY_CODE":"01932","SECURITY_NAME_ABBR":"中漆集团","ORG_CODE":"10609699","STD_REPORT_DATE":"2023-06-30 00:00:00","REPORT_DATE":"2023-06-30 00:00:00","DATE_TYPE_CODE":"002","REPORT_TYPE":"2023年中报","PER_NETCASH_OPERATE":0.01072631532,"PER_OI":0.22485893626,"BPS":0.44347422396,"BASIC_EPS":-0.01060277,"DILUTED_EPS":-0.01060277,"OPERATE_INCOME":224858936.26,"OPERATE_INCOME_YOY":-21.8075317564,"GROSS_PROFIT":67647516.56,"GROSS_PROFIT_YOY":23.114541587071,"HOLDER_PROFIT":-10610145.84,"HOLDER_PROFIT_YOY":77.1594156875,"GROSS_PROFIT_RATIO":30.084424344061,"EPS_TTM":-0.05513774756,"OPERATE_INCOME_QOQ":-7.290870755328,"NET_PROFIT_RATIO":-4.6533845592,"ROE_AVG":-2.30374709229,"GROSS_PROFIT_QOQ":9.97573377324,"ROA":-1.057717185652,"HOLDER_PROFIT_QOQ":37.068497117569,"ROE_YEARLY":-4.60749418458,"ROIC_YEARLY":-2.424124972616,"TOTAL_ASSETS":943346886.5,"TOTAL_LIABILITIES":497197998.56,"TAX_EBT":-3.088382232719,"OCF_SALES":4.770241956316,"TOTAL_PARENT_EQUITY":443474223.96,"DEBT_ASSET_RATIO":52.7057443741,"OPERATE_PROFIT":2052327.48,"PRETAX_PROFIT":-10150077.82,"NETCASH_OPERATE":10726315.32,"NETCASH_INVEST":-1491763.64,"NETCASH_FINANCE":-24726581.62,"END_CASH":114135592.12,"DIVI_RATIO":null,"DIVIDEND_RATE":null,"CURRENT_RATIO":1.114389110199,"COMMON_ACS":8000000000,"CURRENTDEBT_DEBT":91.517082288715,"ISSUED_COMMON_SHARES":1000000000,"HK_COMMON_SHARES":1000000000,"PER_SHARES":4000,"TOTAL_MARKET_CAP":250000000,"HKSK_MARKET_CAP":250000000,"PE_TTM":-3.542130095354,"PB_TTM":0.600042723042,"REPORT_DATE_SQ":"2022-06-30 00:00:00","REPORT_TYPE_SQ":"2022年中报","OPERATE_INCOME_SQ":266738892.14,"DPS_HKD":null,"OPERATE_INCOME_QOQ_SQ":-10.325778418462,"NET_PROFIT_RATIO_SQ":-16.2887874333,"HOLDER_PROFIT_SQ":-43087892.96,"HOLDER_PROFIT_QOQ_SQ":-59.819060539792,"ROE_AVG_SQ":-10.257871955763,"PE_TTM_SQ":-4.729090663424,"PB_TTM_SQ":0.582118161671,"ROA_SQ":-4.487632823564,"START_DATE":"2023-01-01 00:00:00","FISCAL_YEAR":"12-31","CURRENCY":"HKD","IS_CNY_CODE":0,"DPS_HKD_LY":null,"ORG_TYPE":"一般企业","PREMIUM_INCOME":null,"PREMIUM_INCOME_YOY":null,"NET_INTEREST_INCOME":null,"NET_INTEREST_INCOME_YOY":null,"FEE_COMMISSION_INCOME":null,"FEE_COMMISSION_INCOME_YOY":null,"ACCOUNTS_RECE_TDAYS":0.731543221541,"INVENTORY_TDAYS":4.724126944548,"CURRENT_ASSETS_TDAYS":0.403058049898,"TOTAL_ASSETS_TDAYS":0.224160124485,"PREMIUM_EXPENSE":null,"LOAN_DEPOSIT":null,"LOAN_EQUITY":null,"LOAN_ASSETS":null,"DEPOSIT_EQUITY":null,"DEPOSIT_ASSETS":null,"EQUITY_MULTIPLIER":2.114421691949,"EQUITY_RATIO":1.121142947431},{"SECUCODE":"01932.HK","SECURITY_CODE":"01932","SECURITY_NAME_ABBR":"中漆集团","ORG_CODE":"10609699","STD_REPORT_DATE":"2022-12-31 00:00:00","REPORT_DATE":"2022-12-31 00:00:00","DATE_TYPE_CODE":"001","REPORT_TYPE":"2022年年报","PER_NETCASH_OPERATE":-0.03316979491,"PER_OI":0.57441638023,"BPS":0.46277281582,"BASIC_EPS":-0.087629787,"DILUTED_EPS":-0.087629787,"OPERATE_INCOME":574416380.23,"OPERATE_INCOME_YOY":-23.6754304651,"GROSS_PROFIT":127315986.56,"GROSS_PROFIT_YOY":-8.786807846863,"HOLDER_PROFIT":-87615494.68,"HOLDER_PROFIT_YOY":-64.7556817227,"GROSS_PROFIT_RATIO":22.164407377976,"EPS_TTM":-0.08761549468,"OPERATE_INCOME_QOQ":-6.515395341498,"NET_PROFIT_RATIO":-15.3131409893,"ROE_AVG":-18.7247170312,"GROSS_PROFIT_QOQ":13.101986203515,"ROA":-8.325213299427,"HOLDER_PROFIT_QOQ":-12.62989855586,"ROE_YEARLY":-18.7247170312,"ROIC_YEARLY":-9.777698028191,"TOTAL_ASSETS":1029790240.64,"TOTAL_LIABILITIES":564445700.49,"TAX_EBT":-0.015235231982,"OCF_SALES":-5.774521070712,"TOTAL_PARENT_EQUITY":462772815.82,"DEBT_ASSET_RATIO":54.8117158441,"OPERATE_PROFIT":-27906648.07,"PRETAX_PROFIT":-87947791.12,"NETCASH_OPERATE":-33169794.91,"NETCASH_INVEST":-16528174.81,"NETCASH_FINANCE":16127096.58,"END_CASH":131776083.67,"DIVI_RATIO":null,"DIVIDEND_RATE":null,"CURRENT_RATIO":1.122882062202,"COMMON_ACS":8000000000,"CURRENTDEBT_DEBT":93.047332830079,"ISSUED_COMMON_SHARES":1000000000,"HK_COMMON_SHARES":1000000000,"PER_SHARES":4000,"TOTAL_MARKET_CAP":250000000,"HKSK_MARKET_CAP":250000000,"PE_TTM":-3.542130095354,"PB_TTM":0.600042723042,"REPORT_DATE_SQ":"2021-12-31 00:00:00","REPORT_TYPE_SQ":"2021年年报","OPERATE_INCOME_SQ":688843534.4,"DPS_HKD":null,"OPERATE_INCOME_QOQ_SQ":-0.967282473865,"NET_PROFIT_RATIO_SQ":-7.0931167712,"HOLDER_PROFIT_SQ":-48674180.8,"HOLDER_PROFIT_QOQ_SQ":-1106.55647601823,"ROE_AVG_SQ":-10.726946920235,"PE_TTM_SQ":-4.729090663424,"PB_TTM_SQ":0.582118161671,"ROA_SQ":-5.069090875032,"START_DATE":"2022-01-01 00:00:00","FISCAL_YEAR":"12-31","CURRENCY":"HKD","IS_CNY_CODE":0,"DPS_HKD_LY":null,"ORG_TYPE":"一般企业","PREMIUM_INCOME":null,"PREMIUM_INCOME_YOY":null,"NET_INTEREST_INCOME":null,"NET_INTEREST_INCOME_YOY":null,"FEE_COMMISSION_INCOME":null,"FEE_COMMISSION_INCOME_YOY":null,"ACCOUNTS_RECE_TDAYS":1.588695182766,"INVENTORY_TDAYS":8.059854590543,"CURRENT_ASSETS_TDAYS":0.867283969349,"TOTAL_ASSETS_TDAYS":0.545809722991,"PREMIUM_EXPENSE":null,"LOAN_DEPOSIT":null,"LOAN_EQUITY":null,"LOAN_ASSETS":null,"DEPOSIT_EQUITY":null,"DEPOSIT_ASSETS":null,"EQUITY_MULTIPLIER":2.212962980736,"EQUITY_RATIO":1.2197036671},{"SECUCODE":"01932.HK","SECURITY_CODE":"01932","SECURITY_NAME_ABBR":"中漆集团","ORG_CODE":"10609699","STD_REPORT_DATE":"2022-06-30 00:00:00","REPORT_DATE":"2022-06-30 00:00:00","DATE_TYPE_CODE":"002","REPORT_TYPE":"2022年中报","PER_NETCASH_OPERATE":-0.07267917734,"PER_OI":0.26673889214,"BPS":0.38720608668,"BASIC_EPS":-0.043101576,"DILUTED_EPS":-0.043101576,"OPERATE_INCOME":266738892.14,"OPERATE_INCOME_YOY":-23.1911084035,"GROSS_PROFIT":54946812.69,"GROSS_PROFIT_YOY":-28.472636415065,"HOLDER_PROFIT":-43087892.96,"HOLDER_PROFIT_YOY":-200.0655112858,"GROSS_PROFIT_RATIO":20.150442363744,"EPS_TTM":-0.07779061848,"OPERATE_INCOME_QOQ":-10.325778418462,"NET_PROFIT_RATIO":-16.2887874333,"ROE_AVG":-10.257871955763,"GROSS_PROFIT_QOQ":-17.193245299979,"ROA":-4.487632823564,"HOLDER_PROFIT_QOQ":-59.819060539792,"ROE_YEARLY":-20.515743911526,"ROIC_YEARLY":-10.434516080264,"TOTAL_ASSETS":891090876.2,"TOTAL_LIABILITIES":501102856.45,"TAX_EBT":-0.557324840764,"OCF_SALES":-27.401403182956,"TOTAL_PARENT_EQUITY":387206086.68,"DEBT_ASSET_RATIO":56.2347645828,"OPERATE_PROFIT":-30058218.12,"PRETAX_PROFIT":-42964745.6,"NETCASH_OPERATE":-72679177.34,"NETCASH_INVEST":-9187306.17,"NETCASH_FINANCE":12621749.21,"END_CASH":95044961.41,"DIVI_RATIO":null,"DIVIDEND_RATE":null,"CURRENT_RATIO":1.183516464104,"COMMON_ACS":8000000000,"CURRENTDEBT_DEBT":96.608101304708,"ISSUED_COMMON_SHARES":1000000000,"HK_COMMON_SHARES":1000000000,"PER_SHARES":4000,"TOTAL_MARKET_CAP":250000000,"HKSK_MARKET_CAP":250000000,"PE_TTM":-3.542130095354,"PB_TTM":0.600042723042,"REPORT_DATE_SQ":"2021-06-30 00:00:00","REPORT_TYPE_SQ":"2021年中报","OPERATE_INCOME_SQ":335991407.76,"DPS_HKD":null,"OPERATE_INCOME_QOQ_SQ":15.317164337059,"NET_PROFIT_RATIO_SQ":-4.1325220346,"HOLDER_PROFIT_SQ":-13971455.28,"HOLDER_PROFIT_QOQ_SQ":55.622721786173,"ROE_AVG_SQ":-2.94712860756,"PE_TTM_SQ":-4.729090663424,"PB_TTM_SQ":0.582118161671,"ROA_SQ":-1.480529202559,"START_DATE":"2022-01-01 00:00:00","FISCAL_YEAR":"12-31","CURRENCY":"HKD","IS_CNY_CODE":0,"DPS_HKD_LY":null,"ORG_TYPE":"一般企业","PREMIUM_INCOME":null,"PREMIUM_INCOME_YOY":null,"NET_INTEREST_INCOME":null,"NET_INTEREST_INCOME_YOY":null,"FEE_COMMISSION_INCOME":null,"FEE_COMMISSION_INCOME_YOY":null,"ACCOUNTS_RECE_TDAYS":0.74342632141,"INVENTORY_TDAYS":3.373724576675,"CURRENT_ASSETS_TDAYS":0.415568128147,"TOTAL_ASSETS_TDAYS":0.276248073891,"PREMIUM_EXPENSE":null,"LOAN_DEPOSIT":null,"LOAN_EQUITY":null,"LOAN_ASSETS":null,"DEPOSIT_EQUITY":null,"DEPOSIT_ASSETS":null,"EQUITY_MULTIPLIER":2.284918589989,"EQUITY_RATIO":1.294150256641},{"SECUCODE":"01932.HK","SECURITY_CODE":"01932","SECURITY_NAME_ABBR":"中漆集团","ORG_CODE":"10609699","STD_REPORT_DATE":"2021-12-31 00:00:00","REPORT_DATE":"2021-12-31 00:00:00","DATE_TYPE_CODE":"001","REPORT_TYPE":"2021年年报","PER_NETCASH_OPERATE":0.0169627472,"PER_OI":0.6888435344,"BPS":0.4329813376,"BASIC_EPS":-0.0486472,"DILUTED_EPS":-0.0486472,"OPERATE_INCOME":688843534.4,"OPERATE_INCOME_YOY":17.5596098114,"GROSS_PROFIT":139580672,"GROSS_PROFIT_YOY":-23.203098558776,"HOLDER_PROFIT":-48674180.8,"HOLDER_PROFIT_YOY":-451.180446255,"GROSS_PROFIT_RATIO":19.839368259779,"EPS_TTM":-0.0486741808,"OPERATE_INCOME_QOQ":-0.967282473865,"NET_PROFIT_RATIO":-7.0931167712,"ROE_AVG":-10.726946920235,"GROSS_PROFIT_QOQ":-26.985185216923,"ROA":-5.069090875032,"HOLDER_PROFIT_QOQ":-1106.55647601823,"ROE_YEARLY":-10.726946920235,"ROIC_YEARLY":-6.235581664145,"TOTAL_ASSETS":983965248,"TOTAL_LIABILITIES":548091241.6,"TAX_EBT":2.907309105757,"OCF_SALES":2.47558068219,"TOTAL_PARENT_EQUITY":432981337.6,"DEBT_ASSET_RATIO":55.702296673,"OPERATE_PROFIT":-46507540.8,"PRETAX_PROFIT":-50057560,"NETCASH_OPERATE":16962747.2,"NETCASH_INVEST":-42446521.6,"NETCASH_FINANCE":-10818483.2,"END_CASH":160326454.4,"DIVI_RATIO":null,"DIVIDEND_RATE":null,"CURRENT_RATIO":1.256345100147,"COMMON_ACS":8000000000,"CURRENTDEBT_DEBT":97.683355062757,"ISSUED_COMMON_SHARES":1000000000,"HK_COMMON_SHARES":1000000000,"PER_SHARES":4000,"TOTAL_MARKET_CAP":250000000,"HKSK_MARKET_CAP":250000000,"PE_TTM":-3.542130095354,"PB_TTM":0.600042723042,"REPORT_DATE_SQ":"2020-12-31 00:00:00","REPORT_TYPE_SQ":"2020年年报","OPERATE_INCOME_SQ":599993373.04,"DPS_HKD":null,"OPERATE_INCOME_QOQ_SQ":-2.282264893668,"NET_PROFIT_RATIO_SQ":-1.5058508654,"HOLDER_PROFIT_SQ":-9090553.64,"HOLDER_PROFIT_QOQ_SQ":-383.876736752202,"ROE_AVG_SQ":-1.944356936481,"PE_TTM_SQ":-4.729090663424,"PB_TTM_SQ":0.582118161671,"ROA_SQ":-1.01172887989,"START_DATE":"2021-01-01 00:00:00","FISCAL_YEAR":"12-31","CURRENCY":"HKD","IS_CNY_CODE":0,"DPS_HKD_LY":0.01,"ORG_TYPE":"一般企业","PREMIUM_INCOME":null,"PREMIUM_INCOME_YOY":null,"NET_INTEREST_INCOME":null,"NET_INTEREST_INCOME_YOY":null,"FEE_COMMISSION_INCOME":null,"FEE_COMMISSION_INCOME_YOY":null,"ACCOUNTS_RECE_TDAYS":2.041166430656,"INVENTORY_TDAYS":8.850931799767,"CURRENT_ASSETS_TDAYS":1.056911061254,"TOTAL_ASSETS_TDAYS":0.713592917084,"PREMIUM_EXPENSE":null,"LOAN_DEPOSIT":null,"LOAN_EQUITY":null,"LOAN_ASSETS":null,"DEPOSIT_EQUITY":null,"DEPOSIT_ASSETS":null,"EQUITY_MULTIPLIER":2.257453377703,"EQUITY_RATIO":1.265854192788},{"SECUCODE":"01932.HK","SECURITY_CODE":"01932","SECURITY_NAME_ABBR":"中漆集团","ORG_CODE":"10609699","STD_REPORT_DATE":"2021-06-30 00:00:00","REPORT_DATE":"2021-06-30 00:00:00","DATE_TYPE_CODE":"002","REPORT_TYPE":"2021年中报","PER_NETCASH_OPERATE":-0.0520965288,"PER_OI":0.33599140776,"BPS":0.46520511096,"BASIC_EPS":-0.013978944,"DILUTED_EPS":-0.013978944,"OPERATE_INCOME":335991407.76,"OPERATE_INCOME_YOY":51.1103210838,"GROSS_PROFIT":76819289.76,"GROSS_PROFIT_YOY":6.1171337244,"HOLDER_PROFIT":-13971455.28,"HOLDER_PROFIT_YOY":19.3941721473,"GROSS_PROFIT_RATIO":22.863468525026,"EPS_TTM":-0.00403414028,"OPERATE_INCOME_QOQ":15.317164337059,"NET_PROFIT_RATIO":-4.1325220346,"ROE_AVG":-2.94712860756,"GROSS_PROFIT_QOQ":2.436414435399,"ROA":-1.480529202559,"HOLDER_PROFIT_QOQ":55.622721786173,"ROE_YEARLY":-5.894257215121,"ROIC_YEARLY":-3.592347407871,"TOTAL_ASSETS":934309348.8,"TOTAL_LIABILITIES":466201942.8,"TAX_EBT":-0.46357615894,"OCF_SALES":-15.505315789865,"TOTAL_PARENT_EQUITY":465205110.96,"DEBT_ASSET_RATIO":49.8980282493,"OPERATE_PROFIT":-12039365.52,"PRETAX_PROFIT":-13820848.8,"NETCASH_OPERATE":-52096528.8,"NETCASH_INVEST":-13367365.2,"NETCASH_FINANCE":-2988831.36,"END_CASH":129258635.52,"DIVI_RATIO":null,"DIVIDEND_RATE":null,"CURRENT_RATIO":1.370583939582,"COMMON_ACS":8000000000,"CURRENTDEBT_DEBT":96.539261268819,"ISSUED_COMMON_SHARES":1000000000,"HK_COMMON_SHARES":1000000000,"PER_SHARES":4000,"TOTAL_MARKET_CAP":250000000,"HKSK_MARKET_CAP":250000000,"PE_TTM":-3.542130095354,"PB_TTM":0.600042723042,"REPORT_DATE_SQ":"2020-06-30 00:00:00","REPORT_TYPE_SQ":"2020年中报","OPERATE_INCOME_SQ":244089436.8,"DPS_HKD":null,"OPERATE_INCOME_QOQ_SQ":-3.909063083835,"NET_PROFIT_RATIO_SQ":-7.8021854652,"HOLDER_PROFIT_SQ":-19027868.64,"HOLDER_PROFIT_QOQ_SQ":92.519369948789,"ROE_AVG_SQ":-4.09095908059,"PE_TTM_SQ":-4.729090663424,"PB_TTM_SQ":0.582118161671,"ROA_SQ":-2.153709361414,"START_DATE":"2021-01-01 00:00:00","FISCAL_YEAR":"12-31","CURRENCY":"HKD","IS_CNY_CODE":0,"DPS_HKD_LY":0.01,"ORG_TYPE":"一般企业","PREMIUM_INCOME":null,"PREMIUM_INCOME_YOY":null,"NET_INTEREST_INCOME":null,"NET_INTEREST_INCOME_YOY":null,"FEE_COMMISSION_INCOME":null,"FEE_COMMISSION_INCOME_YOY":null,"ACCOUNTS_RECE_TDAYS":1.025918741449,"INVENTORY_TDAYS":3.699733336501,"CURRENT_ASSETS_TDAYS":0.536778507431,"TOTAL_ASSETS_TDAYS":0.356043863025,"PREMIUM_EXPENSE":null,"LOAN_DEPOSIT":null,"LOAN_EQUITY":null,"LOAN_ASSETS":null,"DEPOSIT_EQUITY":null,"DEPOSIT_ASSETS":null,"EQUITY_MULTIPLIER":1.995929431632,"EQUITY_RATIO":1.00214277921},{"SECUCODE":"01932.HK","SECURITY_CODE":"01932","SECURITY_NAME_ABBR":"中漆集团","ORG_CODE":"10609699","STD_REPORT_DATE":"2020-12-31 00:00:00","REPORT_DATE":"2020-12-31 00:00:00","DATE_TYPE_CODE":"001","REPORT_TYPE":"2020年年报","PER_NETCASH_OPERATE":0.02388658484,"PER_OI":0.59999337304,"BPS":0.4884836478,"BASIC_EPS":-0.009089712,"DILUTED_EPS":-0.009089712,"OPERATE_INCOME":599993373.04,"OPERATE_INCOME_YOY":-0.0619630801,"GROSS_PROFIT":181752999.64,"GROSS_PROFIT_YOY":3.090779683979,"HOLDER_PROFIT":-9090553.64,"HOLDER_PROFIT_YOY":61.4745327436,"GROSS_PROFIT_RATIO":30.292501185323,"EPS_TTM":-0.00909055364,"OPERATE_INCOME_QOQ":-2.282264893668,"NET_PROFIT_RATIO":-1.5058508654,"ROE_AVG":-1.944356936481,"GROSS_PROFIT_QOQ":1.649721579431,"ROA":-1.01172887989,"HOLDER_PROFIT_QOQ":-383.876736752202,"ROE_YEARLY":-1.944356936481,"ROIC_YEARLY":-1.295132849742,"TOTAL_ASSETS":964000148.12,"TOTAL_LIABILITIES":472690273.2,"TAX_EBT":15.057762304162,"OCF_SALES":3.981141444775,"TOTAL_PARENT_EQUITY":488483647.8,"DEBT_ASSET_RATIO":49.0342531712,"OPERATE_PROFIT":-5509375.44,"PRETAX_PROFIT":-10636646.32,"NETCASH_OPERATE":23886584.84,"NETCASH_INVEST":-11325107.84,"NETCASH_FINANCE":-11214853,"END_CASH":198973795.68,"DIVI_RATIO":null,"DIVIDEND_RATE":null,"CURRENT_RATIO":1.407272593166,"COMMON_ACS":8000000000,"CURRENTDEBT_DEBT":96.560012819828,"ISSUED_COMMON_SHARES":1000000000,"HK_COMMON_SHARES":1000000000,"PER_SHARES":4000,"TOTAL_MARKET_CAP":250000000,"HKSK_MARKET_CAP":250000000,"PE_TTM":-3.542130095354,"PB_TTM":0.600042723042,"REPORT_DATE_SQ":"2019-12-31 00:00:00","REPORT_TYPE_SQ":"2019年年报","OPERATE_INCOME_SQ":638984955.84,"DPS_HKD":null,"OPERATE_INCOME_QOQ_SQ":6.8762523669,"NET_PROFIT_RATIO_SQ":-3.9136273916,"HOLDER_PROFIT_SQ":-25114088.08,"HOLDER_PROFIT_QOQ_SQ":75.733896629097,"ROE_AVG_SQ":-5.097440643344,"PE_TTM_SQ":-4.729090663424,"PB_TTM_SQ":0.582118161671,"ROA_SQ":-2.723327207239,"START_DATE":"2020-01-01 00:00:00","FISCAL_YEAR":"12-31","CURRENCY":"HKD","IS_CNY_CODE":0,"DPS_HKD_LY":0.01,"ORG_TYPE":"一般企业","PREMIUM_INCOME":null,"PREMIUM_INCOME_YOY":null,"NET_INTEREST_INCOME":null,"NET_INTEREST_INCOME_YOY":null,"FEE_COMMISSION_INCOME":null,"FEE_COMMISSION_INCOME_YOY":null,"ACCOUNTS_RECE_TDAYS":2.066731606626,"INVENTORY_TDAYS":7.832902493616,"CURRENT_ASSETS_TDAYS":1.010770037857,"TOTAL_ASSETS_TDAYS":0.667759794713,"PREMIUM_EXPENSE":null,"LOAN_DEPOSIT":null,"LOAN_EQUITY":null,"LOAN_ASSETS":null,"DEPOSIT_EQUITY":null,"DEPOSIT_ASSETS":null,"EQUITY_MULTIPLIER":1.962102121959,"EQUITY_RATIO":0.967668570542},{"SECUCODE":"01932.HK","SECURITY_CODE":"01932","SECURITY_NAME_ABBR":"中漆集团","ORG_CODE":"10609699","STD_REPORT_DATE":"2020-06-30 00:00:00","REPORT_DATE":"2020-06-30 00:00:00","DATE_TYPE_CODE":"002","REPORT_TYPE":"2020年中报","PER_NETCASH_OPERATE":-0.03010058832,"PER_OI":0.2440894368,"BPS":0.44555502288,"BASIC_EPS":-0.018999552,"DILUTED_EPS":-0.018999552,"OPERATE_INCOME":244089436.8,"OPERATE_INCOME_YOY":-12.6380865511,"GROSS_PROFIT":72391033.44,"GROSS_PROFIT_YOY":3.576118633605,"HOLDER_PROFIT":-19027868.64,"HOLDER_PROFIT_YOY":56.6427307732,"GROSS_PROFIT_RATIO":29.657585510067,"EPS_TTM":-0.00187869202,"OPERATE_INCOME_QOQ":-3.909063083835,"NET_PROFIT_RATIO":-7.8021854652,"ROE_AVG":-4.09095908059,"GROSS_PROFIT_QOQ":1.417670488574,"ROA":-2.153709361414,"HOLDER_PROFIT_QOQ":92.519369948789,"ROE_YEARLY":-8.18191816118,"ROIC_YEARLY":-5.530418830132,"TOTAL_ASSETS":862886576.64,"TOTAL_LIABILITIES":414584839.68,"TAX_EBT":-0.744141096883,"OCF_SALES":-12.331786542923,"TOTAL_PARENT_EQUITY":445555022.88,"DEBT_ASSET_RATIO":48.046272929,"OPERATE_PROFIT":-15572325.12,"PRETAX_PROFIT":-18903640.8,"NETCASH_OPERATE":-30100588.32,"NETCASH_INVEST":8281247.04,"NETCASH_FINANCE":-35624.16,"END_CASH":180243634.56,"DIVI_RATIO":null,"DIVIDEND_RATE":null,"CURRENT_RATIO":1.419440082897,"COMMON_ACS":8000000000,"CURRENTDEBT_DEBT":97.382962597384,"ISSUED_COMMON_SHARES":1000000000,"HK_COMMON_SHARES":1000000000,"PER_SHARES":4000,"TOTAL_MARKET_CAP":250000000,"HKSK_MARKET_CAP":250000000,"PE_TTM":-3.542130095354,"PB_TTM":0.600042723042,"REPORT_DATE_SQ":"2019-06-30 00:00:00","REPORT_TYPE_SQ":"2019年中报","OPERATE_INCOME_SQ":269067761.82,"DPS_HKD":null,"OPERATE_INCOME_QOQ_SQ":10.545801975213,"NET_PROFIT_RATIO_SQ":-15.6968323869,"HOLDER_PROFIT_SQ":-42263264.7,"HOLDER_PROFIT_QOQ_SQ":15.182058110462,"ROE_AVG_SQ":-8.813009024873,"PE_TTM_SQ":-4.729090663424,"PB_TTM_SQ":0.582118161671,"ROA_SQ":-4.665552838151,"START_DATE":"2020-01-01 00:00:00","FISCAL_YEAR":"12-31","CURRENCY":"HKD","IS_CNY_CODE":0,"DPS_HKD_LY":0.01,"ORG_TYPE":"一般企业","PREMIUM_INCOME":null,"PREMIUM_INCOME_YOY":null,"NET_INTEREST_INCOME":null,"NET_INTEREST_INCOME_YOY":null,"FEE_COMMISSION_INCOME":null,"FEE_COMMISSION_INCOME_YOY":null,"ACCOUNTS_RECE_TDAYS":0.855652986956,"INVENTORY_TDAYS":3.574370578839,"CURRENT_ASSETS_TDAYS":0.419238993839,"TOTAL_ASSETS_TDAYS":0.276277766577,"PREMIUM_EXPENSE":null,"LOAN_DEPOSIT":null,"LOAN_EQUITY":null,"LOAN_ASSETS":null,"DEPOSIT_EQUITY":null,"DEPOSIT_ASSETS":null,"EQUITY_MULTIPLIER":1.924789724197,"EQUITY_RATIO":0.930490777548}],"count":21},"success":true,"message":"ok","code":0}