{"version":"4247cdfc6a8314a3204fa6972e396739","result":{"pages":2,"data":[{"SECUCODE":"01931.HK","SECURITY_CODE":"01931","SECURITY_NAME_ABBR":"华检医疗","ORG_CODE":"10000000280","STD_REPORT_DATE":"2024-06-30 00:00:00","REPORT_DATE":"2024-06-30 00:00:00","DATE_TYPE_CODE":"002","REPORT_TYPE":"2024年中报","PER_NETCASH_OPERATE":0.002758768173,"PER_OI":0.999173122543,"BPS":2.087749060341,"BASIC_EPS":0.0927,"DILUTED_EPS":0.0927,"OPERATE_INCOME":1353470000,"OPERATE_INCOME_YOY":-1.731195646,"GROSS_PROFIT":324692000,"GROSS_PROFIT_YOY":7.677920010612,"HOLDER_PROFIT":125288000,"HOLDER_PROFIT_YOY":21.628207244,"GROSS_PROFIT_RATIO":23.989597109652,"EPS_TTM":0.192266283243,"OPERATE_INCOME_QOQ":-0.772053502362,"NET_PROFIT_RATIO":9.4251073167,"ROE_AVG":3.718523821311,"GROSS_PROFIT_QOQ":3.446771703481,"ROA":2.477732141785,"HOLDER_PROFIT_QOQ":9.354517704261,"ROE_YEARLY":7.437047642622,"ROIC_YEARLY":6.946403062476,"TOTAL_ASSETS":5328067000,"TOTAL_LIABILITIES":1891182000,"TAX_EBT":29.322791718147,"OCF_SALES":0.276105122389,"TOTAL_PARENT_EQUITY":3393653000,"DEBT_ASSET_RATIO":35.494711309,"OPERATE_PROFIT":196039000,"PRETAX_PROFIT":180491000,"NETCASH_OPERATE":3737000,"NETCASH_INVEST":-55796000,"NETCASH_FINANCE":413594000,"END_CASH":1589593000,"DIVI_RATIO":0.292652454974,"DIVIDEND_RATE":3.954777070064,"CURRENT_RATIO":2.080796450087,"COMMON_ACS":3000000000,"CURRENTDEBT_DEBT":89.50280829661,"ISSUED_COMMON_SHARES":1625508096,"HK_COMMON_SHARES":1625508096,"PER_SHARES":1000,"TOTAL_MARKET_CAP":2552047710.72,"HKSK_MARKET_CAP":2552047710.72,"PE_TTM":8.850268033516,"PB_TTM":0.686340914825,"REPORT_DATE_SQ":"2023-06-30 00:00:00","REPORT_TYPE_SQ":"2023年中报","OPERATE_INCOME_SQ":1377314000,"DPS_HKD":0.06209,"OPERATE_INCOME_QOQ_SQ":7.303417589218,"NET_PROFIT_RATIO_SQ":7.551074047,"HOLDER_PROFIT_SQ":103009000,"HOLDER_PROFIT_QOQ_SQ":10.409573378921,"ROE_AVG_SQ":3.241195966039,"PE_TTM_SQ":10.054871041709,"PB_TTM_SQ":0.729179867063,"ROA_SQ":2.32317633905,"START_DATE":"2024-01-01 00:00:00","FISCAL_YEAR":"12-31","CURRENCY":"HKD","IS_CNY_CODE":0,"DPS_HKD_LY":0.06209,"ORG_TYPE":"一般企业","PREMIUM_INCOME":null,"PREMIUM_INCOME_YOY":null,"NET_INTEREST_INCOME":null,"NET_INTEREST_INCOME_YOY":null,"FEE_COMMISSION_INCOME":null,"FEE_COMMISSION_INCOME_YOY":null,"ACCOUNTS_RECE_TDAYS":2.933550943265,"INVENTORY_TDAYS":0.83505792283,"CURRENT_ASSETS_TDAYS":0.416177246546,"TOTAL_ASSETS_TDAYS":0.267666186861,"PREMIUM_EXPENSE":null,"LOAN_DEPOSIT":null,"LOAN_EQUITY":null,"LOAN_ASSETS":null,"DEPOSIT_EQUITY":null,"DEPOSIT_ASSETS":null,"EQUITY_MULTIPLIER":1.550260482966,"EQUITY_RATIO":0.557270292514},{"SECUCODE":"01931.HK","SECURITY_CODE":"01931","SECURITY_NAME_ABBR":"华检医疗","ORG_CODE":"10000000280","STD_REPORT_DATE":"2023-12-31 00:00:00","REPORT_DATE":"2023-12-31 00:00:00","DATE_TYPE_CODE":"001","REPORT_TYPE":"2023年年报","PER_NETCASH_OPERATE":0.215876377893,"PER_OI":2.279942135705,"BPS":2.057778123795,"BASIC_EPS":0.1762,"DILUTED_EPS":0.1762,"OPERATE_INCOME":3088387000,"OPERATE_INCOME_YOY":12.3536411588,"GROSS_PROFIT":671701000,"GROSS_PROFIT_YOY":10.451523577591,"HOLDER_PROFIT":238163000,"HOLDER_PROFIT_YOY":13.4114924357,"GROSS_PROFIT_RATIO":21.749249689239,"EPS_TTM":0.175819241198,"OPERATE_INCOME_QOQ":4.706489022453,"NET_PROFIT_RATIO":7.6779885422,"ROE_AVG":7.329985699383,"GROSS_PROFIT_QOQ":4.421709485152,"ROA":5.234737638347,"HOLDER_PROFIT_QOQ":2.718893810462,"ROE_YEARLY":7.329985699383,"ROIC_YEARLY":6.991546165831,"TOTAL_ASSETS":4785052000,"TOTAL_LIABILITIES":1399163000,"TAX_EBT":30.119146904627,"OCF_SALES":9.468502490135,"TOTAL_PARENT_EQUITY":3344935000,"DEBT_ASSET_RATIO":29.2402882978,"OPERATE_PROFIT":383028000,"PRETAX_PROFIT":339329000,"NETCASH_OPERATE":292424000,"NETCASH_INVEST":-77585000,"NETCASH_FINANCE":-19453000,"END_CASH":1224786000,"DIVI_RATIO":0.320028680687,"DIVIDEND_RATE":3.809202453988,"CURRENT_RATIO":2.486997152917,"COMMON_ACS":3000000000,"CURRENTDEBT_DEBT":85.702809465373,"ISSUED_COMMON_SHARES":1625508096,"HK_COMMON_SHARES":1625508096,"PER_SHARES":1000,"TOTAL_MARKET_CAP":2649578196.48,"HKSK_MARKET_CAP":2649578196.48,"PE_TTM":9.188494837344,"PB_TTM":0.712570503927,"REPORT_DATE_SQ":"2022-12-31 00:00:00","REPORT_TYPE_SQ":"2022年年报","OPERATE_INCOME_SQ":2748809000,"DPS_HKD":0.06209,"OPERATE_INCOME_QOQ_SQ":1.042957819997,"NET_PROFIT_RATIO_SQ":7.1132625075,"HOLDER_PROFIT_SQ":209999000,"HOLDER_PROFIT_QOQ_SQ":18.775699507361,"ROE_AVG_SQ":6.849002103795,"PE_TTM_SQ":9.786024222412,"PB_TTM_SQ":0.709683079173,"ROA_SQ":4.83777370123,"START_DATE":"2023-01-01 00:00:00","FISCAL_YEAR":"12-31","CURRENCY":"HKD","IS_CNY_CODE":0,"DPS_HKD_LY":0.08526,"ORG_TYPE":"一般企业","PREMIUM_INCOME":null,"PREMIUM_INCOME_YOY":null,"NET_INTEREST_INCOME":null,"NET_INTEREST_INCOME_YOY":null,"FEE_COMMISSION_INCOME":null,"FEE_COMMISSION_INCOME_YOY":null,"ACCOUNTS_RECE_TDAYS":5.620593764616,"INVENTORY_TDAYS":2.780714956368,"CURRENT_ASSETS_TDAYS":1.131930118671,"TOTAL_ASSETS_TDAYS":0.678816427013,"PREMIUM_EXPENSE":null,"LOAN_DEPOSIT":null,"LOAN_EQUITY":null,"LOAN_ASSETS":null,"DEPOSIT_EQUITY":null,"DEPOSIT_ASSETS":null,"EQUITY_MULTIPLIER":1.413233570268,"EQUITY_RATIO":0.418293031105},{"SECUCODE":"01931.HK","SECURITY_CODE":"01931","SECURITY_NAME_ABBR":"华检医疗","ORG_CODE":"10000000280","STD_REPORT_DATE":"2023-06-30 00:00:00","REPORT_DATE":"2023-06-30 00:00:00","DATE_TYPE_CODE":"002","REPORT_TYPE":"2023年中报","PER_NETCASH_OPERATE":0.096800502186,"PER_OI":1.016775495654,"BPS":1.97036730108,"BASIC_EPS":0.0762,"DILUTED_EPS":0.0762,"OPERATE_INCOME":1377314000,"OPERATE_INCOME_YOY":17.0630917159,"GROSS_PROFIT":301540000,"GROSS_PROFIT_YOY":13.180919064796,"HOLDER_PROFIT":103009000,"HOLDER_PROFIT_YOY":26.938101517,"GROSS_PROFIT_RATIO":21.893337321773,"EPS_TTM":0.171165434786,"OPERATE_INCOME_QOQ":7.303417589218,"NET_PROFIT_RATIO":7.551074047,"ROE_AVG":3.241195966039,"GROSS_PROFIT_QOQ":5.774483220174,"ROA":2.32317633905,"HOLDER_PROFIT_QOQ":10.409573378921,"ROE_YEARLY":6.482391932078,"ROIC_YEARLY":6.245457470862,"TOTAL_ASSETS":4553668000,"TOTAL_LIABILITIES":1349749000,"TAX_EBT":36.159450981837,"OCF_SALES":9.520341766656,"TOTAL_PARENT_EQUITY":3202848000,"DEBT_ASSET_RATIO":29.6409180467,"OPERATE_PROFIT":186440000,"PRETAX_PROFIT":162909000,"NETCASH_OPERATE":131125000,"NETCASH_INVEST":-22833000,"NETCASH_FINANCE":101793000,"END_CASH":1248799000,"DIVI_RATIO":0.328729920678,"DIVIDEND_RATE":3.809202453988,"CURRENT_RATIO":2.408118036236,"COMMON_ACS":3000000000,"CURRENTDEBT_DEBT":83.942125535933,"ISSUED_COMMON_SHARES":1625508096,"HK_COMMON_SHARES":1625508096,"PER_SHARES":1000,"TOTAL_MARKET_CAP":2649578196.48,"HKSK_MARKET_CAP":2649578196.48,"PE_TTM":9.188494837344,"PB_TTM":0.712570503927,"REPORT_DATE_SQ":"2022-06-30 00:00:00","REPORT_TYPE_SQ":"2022年中报","OPERATE_INCOME_SQ":1176557000,"DPS_HKD":0.06209,"OPERATE_INCOME_QOQ_SQ":-0.374779815943,"NET_PROFIT_RATIO_SQ":5.9241498712,"HOLDER_PROFIT_SQ":81149000,"HOLDER_PROFIT_QOQ_SQ":1.295970574249,"ROE_AVG_SQ":2.697426908885,"PE_TTM_SQ":9.786024222412,"PB_TTM_SQ":0.709683079173,"ROA_SQ":1.829730591116,"START_DATE":"2023-01-01 00:00:00","FISCAL_YEAR":"12-31","CURRENCY":"HKD","IS_CNY_CODE":0,"DPS_HKD_LY":0.08526,"ORG_TYPE":"一般企业","PREMIUM_INCOME":null,"PREMIUM_INCOME_YOY":null,"NET_INTEREST_INCOME":null,"NET_INTEREST_INCOME_YOY":null,"FEE_COMMISSION_INCOME":null,"FEE_COMMISSION_INCOME_YOY":null,"ACCOUNTS_RECE_TDAYS":2.604031642075,"INVENTORY_TDAYS":1.482358161159,"CURRENT_ASSETS_TDAYS":0.52942511659,"TOTAL_ASSETS_TDAYS":0.310627546743,"PREMIUM_EXPENSE":null,"LOAN_DEPOSIT":null,"LOAN_EQUITY":null,"LOAN_ASSETS":null,"DEPOSIT_EQUITY":null,"DEPOSIT_ASSETS":null,"EQUITY_MULTIPLIER":1.421280625384,"EQUITY_RATIO":0.421421497367},{"SECUCODE":"01931.HK","SECURITY_CODE":"01931","SECURITY_NAME_ABBR":"华检医疗","ORG_CODE":"10000000280","STD_REPORT_DATE":"2022-12-31 00:00:00","REPORT_DATE":"2022-12-31 00:00:00","DATE_TYPE_CODE":"001","REPORT_TYPE":"2022年年报","PER_NETCASH_OPERATE":0.184314800238,"PER_OI":2.029255226792,"BPS":1.939938661493,"BASIC_EPS":0.1561,"DILUTED_EPS":0.155,"OPERATE_INCOME":2748809000,"OPERATE_INCOME_YOY":0.6642692087,"GROSS_PROFIT":608141000,"GROSS_PROFIT_YOY":7.394555228266,"HOLDER_PROFIT":209999000,"HOLDER_PROFIT_YOY":20.3149976223,"GROSS_PROFIT_RATIO":22.123799798385,"EPS_TTM":0.155027711409,"OPERATE_INCOME_QOQ":1.042957819997,"NET_PROFIT_RATIO":7.1132625075,"ROE_AVG":6.849002103795,"GROSS_PROFIT_QOQ":2.587541877389,"ROA":4.83777370123,"HOLDER_PROFIT_QOQ":18.775699507361,"ROE_YEARLY":6.849002103795,"ROIC_YEARLY":6.165777102279,"TOTAL_ASSETS":4314277000,"TOTAL_LIABILITIES":1160813000,"TAX_EBT":31.100218824549,"OCF_SALES":9.082879166941,"TOTAL_PARENT_EQUITY":3153386000,"DEBT_ASSET_RATIO":26.9063159366,"OPERATE_PROFIT":311574000,"PRETAX_PROFIT":283789000,"NETCASH_OPERATE":249671000,"NETCASH_INVEST":60536000,"NETCASH_FINANCE":-191287000,"END_CASH":1020626000,"DIVI_RATIO":0.362949302989,"DIVIDEND_RATE":3.809202453988,"CURRENT_RATIO":2.618210173049,"COMMON_ACS":3000000000,"CURRENTDEBT_DEBT":81.422589168109,"ISSUED_COMMON_SHARES":1625508096,"HK_COMMON_SHARES":1625508096,"PER_SHARES":1000,"TOTAL_MARKET_CAP":2649578196.48,"HKSK_MARKET_CAP":2649578196.48,"PE_TTM":9.188494837344,"PB_TTM":0.712570503927,"REPORT_DATE_SQ":"2021-12-31 00:00:00","REPORT_TYPE_SQ":"2021年年报","OPERATE_INCOME_SQ":2730670000,"DPS_HKD":0.06209,"OPERATE_INCOME_QOQ_SQ":3.67949103962,"NET_PROFIT_RATIO_SQ":5.9234546833,"HOLDER_PROFIT_SQ":174541000,"HOLDER_PROFIT_QOQ_SQ":-12.433525315567,"ROE_AVG_SQ":5.987665904291,"PE_TTM_SQ":9.786024222412,"PB_TTM_SQ":0.709683079173,"ROA_SQ":4.21879042939,"START_DATE":"2022-01-01 00:00:00","FISCAL_YEAR":"12-31","CURRENCY":"HKD","IS_CNY_CODE":0,"DPS_HKD_LY":0.08013,"ORG_TYPE":"一般企业","PREMIUM_INCOME":null,"PREMIUM_INCOME_YOY":null,"NET_INTEREST_INCOME":null,"NET_INTEREST_INCOME_YOY":null,"FEE_COMMISSION_INCOME":null,"FEE_COMMISSION_INCOME_YOY":null,"ACCOUNTS_RECE_TDAYS":4.908960055004,"INVENTORY_TDAYS":3.290032697946,"CURRENT_ASSETS_TDAYS":1.098109015966,"TOTAL_ASSETS_TDAYS":0.633246629265,"PREMIUM_EXPENSE":null,"LOAN_DEPOSIT":null,"LOAN_EQUITY":null,"LOAN_ASSETS":null,"DEPOSIT_EQUITY":null,"DEPOSIT_ASSETS":null,"EQUITY_MULTIPLIER":1.368107262363,"EQUITY_RATIO":0.368116367612},{"SECUCODE":"01931.HK","SECURITY_CODE":"01931","SECURITY_NAME_ABBR":"华检医疗","ORG_CODE":"10000000280","STD_REPORT_DATE":"2022-06-30 00:00:00","REPORT_DATE":"2022-06-30 00:00:00","DATE_TYPE_CODE":"002","REPORT_TYPE":"2022年中报","PER_NETCASH_OPERATE":-0.074232051072,"PER_OI":0.86857051249,"BPS":1.868896259253,"BASIC_EPS":0.0607,"DILUTED_EPS":0.0598,"OPERATE_INCOME":1176557000,"OPERATE_INCOME_YOY":-0.86232538,"GROSS_PROFIT":266423000,"GROSS_PROFIT_YOY":11.060949022256,"HOLDER_PROFIT":81149000,"HOLDER_PROFIT_YOY":2.8673925995,"GROSS_PROFIT_RATIO":22.644291776769,"EPS_TTM":0.130521404675,"OPERATE_INCOME_QOQ":-0.374779815943,"NET_PROFIT_RATIO":5.9241498712,"ROE_AVG":2.697426908885,"GROSS_PROFIT_QOQ":4.685767163251,"ROA":1.829730591116,"HOLDER_PROFIT_QOQ":1.295970574249,"ROE_YEARLY":5.39485381777,"ROIC_YEARLY":4.616006391385,"TOTAL_ASSETS":4502688000,"TOTAL_LIABILITIES":1461683000,"TAX_EBT":32.652785158703,"OCF_SALES":-8.546462262347,"TOTAL_PARENT_EQUITY":3037906000,"DEBT_ASSET_RATIO":32.4624535389,"OPERATE_PROFIT":115061000,"PRETAX_PROFIT":103495000,"NETCASH_OPERATE":-100554000,"NETCASH_INVEST":-14093000,"NETCASH_FINANCE":231960000,"END_CASH":985811000,"DIVI_RATIO":0.431095573483,"DIVIDEND_RATE":3.809202453988,"CURRENT_RATIO":2.789399011538,"COMMON_ACS":3000000000,"CURRENTDEBT_DEBT":65.724510718124,"ISSUED_COMMON_SHARES":1625508096,"HK_COMMON_SHARES":1625508096,"PER_SHARES":1000,"TOTAL_MARKET_CAP":2649578196.48,"HKSK_MARKET_CAP":2649578196.48,"PE_TTM":9.188494837344,"PB_TTM":0.712570503927,"REPORT_DATE_SQ":"2021-06-30 00:00:00","REPORT_TYPE_SQ":"2021年中报","OPERATE_INCOME_SQ":1186791000,"DPS_HKD":0.06209,"OPERATE_INCOME_QOQ_SQ":8.46512451559,"NET_PROFIT_RATIO_SQ":6.5185024153,"HOLDER_PROFIT_SQ":78887000,"HOLDER_PROFIT_QOQ_SQ":25.583739714462,"ROE_AVG_SQ":2.743991572575,"PE_TTM_SQ":9.786024222412,"PB_TTM_SQ":0.709683079173,"ROA_SQ":1.933906851228,"START_DATE":"2022-01-01 00:00:00","FISCAL_YEAR":"12-31","CURRENCY":"HKD","IS_CNY_CODE":0,"DPS_HKD_LY":0.08013,"ORG_TYPE":"一般企业","PREMIUM_INCOME":null,"PREMIUM_INCOME_YOY":null,"NET_INTEREST_INCOME":null,"NET_INTEREST_INCOME_YOY":null,"FEE_COMMISSION_INCOME":null,"FEE_COMMISSION_INCOME_YOY":null,"ACCOUNTS_RECE_TDAYS":2.349364414395,"INVENTORY_TDAYS":1.277225992915,"CURRENT_ASSETS_TDAYS":0.451520416062,"TOTAL_ASSETS_TDAYS":0.265287598749,"PREMIUM_EXPENSE":null,"LOAN_DEPOSIT":null,"LOAN_EQUITY":null,"LOAN_ASSETS":null,"DEPOSIT_EQUITY":null,"DEPOSIT_ASSETS":null,"EQUITY_MULTIPLIER":1.480657874618,"EQUITY_RATIO":0.481148198792},{"SECUCODE":"01931.HK","SECURITY_CODE":"01931","SECURITY_NAME_ABBR":"华检医疗","ORG_CODE":"10000000280","STD_REPORT_DATE":"2021-12-31 00:00:00","REPORT_DATE":"2021-12-31 00:00:00","DATE_TYPE_CODE":"001","REPORT_TYPE":"2021年年报","PER_NETCASH_OPERATE":0.120553736539,"PER_OI":2.018248471903,"BPS":1.832574693002,"BASIC_EPS":0.1319,"DILUTED_EPS":0.1294,"OPERATE_INCOME":2730670000,"OPERATE_INCOME_YOY":12.4560890533,"GROSS_PROFIT":566268000,"GROSS_PROFIT_YOY":18.922642361366,"HOLDER_PROFIT":174541000,"HOLDER_PROFIT_YOY":9.9692536448,"GROSS_PROFIT_RATIO":20.737328201504,"EPS_TTM":0.129003909859,"OPERATE_INCOME_QOQ":3.67949103962,"NET_PROFIT_RATIO":5.9234546833,"ROE_AVG":5.987665904291,"GROSS_PROFIT_QOQ":8.506443113772,"ROA":4.21879042939,"HOLDER_PROFIT_QOQ":-12.433525315567,"ROE_YEARLY":5.987665904291,"ROIC_YEARLY":5.266341095163,"TOTAL_ASSETS":4367361000,"TOTAL_LIABILITIES":1373949000,"TAX_EBT":39.632007165783,"OCF_SALES":5.973186067888,"TOTAL_PARENT_EQUITY":2978865000,"DEBT_ASSET_RATIO":31.4594786188,"OPERATE_PROFIT":280027000,"PRETAX_PROFIT":267940000,"NETCASH_OPERATE":163108000,"NETCASH_INVEST":-27884000,"NETCASH_FINANCE":-66289000,"END_CASH":834626000,"DIVI_RATIO":0.436166623644,"DIVIDEND_RATE":3.809202453988,"CURRENT_RATIO":2.19033237333,"COMMON_ACS":3000000000,"CURRENTDEBT_DEBT":84.129687492039,"ISSUED_COMMON_SHARES":1625508096,"HK_COMMON_SHARES":1625508096,"PER_SHARES":1000,"TOTAL_MARKET_CAP":2649578196.48,"HKSK_MARKET_CAP":2649578196.48,"PE_TTM":9.188494837344,"PB_TTM":0.712570503927,"REPORT_DATE_SQ":"2020-12-31 00:00:00","REPORT_TYPE_SQ":"2020年年报","OPERATE_INCOME_SQ":2428210000,"DPS_HKD":0.06209,"OPERATE_INCOME_QOQ_SQ":1.124138301536,"NET_PROFIT_RATIO_SQ":6.3675711738,"HOLDER_PROFIT_SQ":158718000,"HOLDER_PROFIT_QOQ_SQ":973.942756614115,"ROE_AVG_SQ":5.598697242363,"PE_TTM_SQ":9.786024222412,"PB_TTM_SQ":0.709683079173,"ROA_SQ":4.081541336156,"START_DATE":"2021-01-01 00:00:00","FISCAL_YEAR":"12-31","CURRENCY":"HKD","IS_CNY_CODE":0,"DPS_HKD_LY":0.06267,"ORG_TYPE":"一般企业","PREMIUM_INCOME":null,"PREMIUM_INCOME_YOY":null,"NET_INTEREST_INCOME":null,"NET_INTEREST_INCOME_YOY":null,"FEE_COMMISSION_INCOME":null,"FEE_COMMISSION_INCOME_YOY":null,"ACCOUNTS_RECE_TDAYS":5.544715892881,"INVENTORY_TDAYS":3.641481626047,"CURRENT_ASSETS_TDAYS":1.17801449724,"TOTAL_ASSETS_TDAYS":0.660023974987,"PREMIUM_EXPENSE":null,"LOAN_DEPOSIT":null,"LOAN_EQUITY":null,"LOAN_ASSETS":null,"DEPOSIT_EQUITY":null,"DEPOSIT_ASSETS":null,"EQUITY_MULTIPLIER":1.458990944114,"EQUITY_RATIO":0.461232382132},{"SECUCODE":"01931.HK","SECURITY_CODE":"01931","SECURITY_NAME_ABBR":"华检医疗","ORG_CODE":"10000000280","STD_REPORT_DATE":"2021-06-30 00:00:00","REPORT_DATE":"2021-06-30 00:00:00","DATE_TYPE_CODE":"002","REPORT_TYPE":"2021年中报","PER_NETCASH_OPERATE":0.015256579871,"PER_OI":0.87716169373,"BPS":1.783224585059,"BASIC_EPS":0.0596,"DILUTED_EPS":0.0588,"OPERATE_INCOME":1186791000,"OPERATE_INCOME_YOY":20.9480860951,"GROSS_PROFIT":239889000,"GROSS_PROFIT_YOY":23.540135648036,"HOLDER_PROFIT":78887000,"HOLDER_PROFIT_YOY":106.0735090515,"GROSS_PROFIT_RATIO":20.213247319874,"EPS_TTM":0.147321118412,"OPERATE_INCOME_QOQ":8.46512451559,"NET_PROFIT_RATIO":6.5185024153,"ROE_AVG":2.743991572575,"GROSS_PROFIT_QOQ":9.599613579326,"ROA":1.933906851228,"HOLDER_PROFIT_QOQ":25.583739714462,"ROE_YEARLY":5.48798314515,"ROIC_YEARLY":4.868510052137,"TOTAL_ASSETS":4251208000,"TOTAL_LIABILITIES":1345966000,"TAX_EBT":34.967803762673,"OCF_SALES":1.739312145104,"TOTAL_PARENT_EQUITY":2898646000,"DEBT_ASSET_RATIO":31.6607891216,"OPERATE_PROFIT":127599000,"PRETAX_PROFIT":118958000,"NETCASH_OPERATE":20642000,"NETCASH_INVEST":-16613000,"NETCASH_FINANCE":89096000,"END_CASH":873565000,"DIVI_RATIO":0.381935736075,"DIVIDEND_RATE":3.809202453988,"CURRENT_RATIO":2.148271993274,"COMMON_ACS":3000000000,"CURRENTDEBT_DEBT":84.298637558452,"ISSUED_COMMON_SHARES":1625508096,"HK_COMMON_SHARES":1625508096,"PER_SHARES":1000,"TOTAL_MARKET_CAP":2649578196.48,"HKSK_MARKET_CAP":2649578196.48,"PE_TTM":9.188494837344,"PB_TTM":0.712570503927,"REPORT_DATE_SQ":"2020-06-30 00:00:00","REPORT_TYPE_SQ":"2020年中报","OPERATE_INCOME_SQ":981240000,"DPS_HKD":0.06209,"OPERATE_INCOME_QOQ_SQ":2.935475020791,"NET_PROFIT_RATIO_SQ":3.67820309,"HOLDER_PROFIT_SQ":38281000,"HOLDER_PROFIT_QOQ_SQ":-94.625837724226,"ROE_AVG_SQ":1.357181475737,"PE_TTM_SQ":9.786024222412,"PB_TTM_SQ":0.709683079173,"ROA_SQ":0.966962106962,"START_DATE":"2021-01-01 00:00:00","FISCAL_YEAR":"12-31","CURRENCY":"HKD","IS_CNY_CODE":0,"DPS_HKD_LY":0.06267,"ORG_TYPE":"一般企业","PREMIUM_INCOME":null,"PREMIUM_INCOME_YOY":null,"NET_INTEREST_INCOME":null,"NET_INTEREST_INCOME_YOY":null,"FEE_COMMISSION_INCOME":null,"FEE_COMMISSION_INCOME_YOY":null,"ACCOUNTS_RECE_TDAYS":2.732438630179,"INVENTORY_TDAYS":1.715800040589,"CURRENT_ASSETS_TDAYS":0.522614200524,"TOTAL_ASSETS_TDAYS":0.290940617069,"PREMIUM_EXPENSE":null,"LOAN_DEPOSIT":null,"LOAN_EQUITY":null,"LOAN_ASSETS":null,"DEPOSIT_EQUITY":null,"DEPOSIT_ASSETS":null,"EQUITY_MULTIPLIER":1.463288772502,"EQUITY_RATIO":0.464343007045},{"SECUCODE":"01931.HK","SECURITY_CODE":"01931","SECURITY_NAME_ABBR":"华检医疗","ORG_CODE":"10000000280","STD_REPORT_DATE":"2020-12-31 00:00:00","REPORT_DATE":"2020-12-31 00:00:00","DATE_TYPE_CODE":"001","REPORT_TYPE":"2020年年报","PER_NETCASH_OPERATE":0.128870210659,"PER_OI":1.835395581221,"BPS":1.754007259032,"BASIC_EPS":0.1193,"DILUTED_EPS":0.1186,"OPERATE_INCOME":2428210000,"OPERATE_INCOME_YOY":4.0926121214,"GROSS_PROFIT":476165000,"GROSS_PROFIT_YOY":7.516065372405,"HOLDER_PROFIT":158718000,"HOLDER_PROFIT_YOY":-42.2845735106,"GROSS_PROFIT_RATIO":19.609712504273,"EPS_TTM":0.119969160765,"OPERATE_INCOME_QOQ":1.124138301536,"NET_PROFIT_RATIO":6.3675711738,"ROE_AVG":5.598697242363,"GROSS_PROFIT_QOQ":12.864727772642,"ROA":4.081541336156,"HOLDER_PROFIT_QOQ":973.942756614115,"ROE_YEARLY":5.598697242363,"ROIC_YEARLY":5.219061454796,"TOTAL_ASSETS":3907096000,"TOTAL_LIABILITIES":1047821000,"TAX_EBT":33.341668247426,"OCF_SALES":7.021386123935,"TOTAL_PARENT_EQUITY":2851153000,"DEBT_ASSET_RATIO":26.8184093762,"OPERATE_PROFIT":255124000,"PRETAX_PROFIT":231956000,"NETCASH_OPERATE":170494000,"NETCASH_INVEST":-196003000,"NETCASH_FINANCE":-63238000,"END_CASH":788613000,"DIVI_RATIO":0.469013865242,"DIVIDEND_RATE":3.809202453988,"CURRENT_RATIO":3.045240427961,"COMMON_ACS":3000000000,"CURRENTDEBT_DEBT":65.946091937459,"ISSUED_COMMON_SHARES":1625508096,"HK_COMMON_SHARES":1625508096,"PER_SHARES":1000,"TOTAL_MARKET_CAP":2649578196.48,"HKSK_MARKET_CAP":2649578196.48,"PE_TTM":9.188494837344,"PB_TTM":0.712570503927,"REPORT_DATE_SQ":"2019-12-31 00:00:00","REPORT_TYPE_SQ":"2019年年报","OPERATE_INCOME_SQ":2332740000,"DPS_HKD":0.06209,"OPERATE_INCOME_QOQ_SQ":101.879689487759,"NET_PROFIT_RATIO_SQ":10.9235919991,"HOLDER_PROFIT_SQ":275001000,"HOLDER_PROFIT_QOQ_SQ":-34.652554838188,"ROE_AVG_SQ":14.599972817604,"PE_TTM_SQ":9.786024222412,"PB_TTM_SQ":0.709683079173,"ROA_SQ":11.200985683156,"START_DATE":"2020-01-01 00:00:00","FISCAL_YEAR":"12-31","CURRENCY":"HKD","IS_CNY_CODE":0,"DPS_HKD_LY":0.07038,"ORG_TYPE":"一般企业","PREMIUM_INCOME":null,"PREMIUM_INCOME_YOY":null,"NET_INTEREST_INCOME":null,"NET_INTEREST_INCOME_YOY":null,"FEE_COMMISSION_INCOME":null,"FEE_COMMISSION_INCOME_YOY":null,"ACCOUNTS_RECE_TDAYS":5.906084833036,"INVENTORY_TDAYS":3.439857192828,"CURRENT_ASSETS_TDAYS":1.143461383968,"TOTAL_ASSETS_TDAYS":0.624430719129,"PREMIUM_EXPENSE":null,"LOAN_DEPOSIT":null,"LOAN_EQUITY":null,"LOAN_ASSETS":null,"DEPOSIT_EQUITY":null,"DEPOSIT_ASSETS":null,"EQUITY_MULTIPLIER":1.366463876333,"EQUITY_RATIO":0.367507811752},{"SECUCODE":"01931.HK","SECURITY_CODE":"01931","SECURITY_NAME_ABBR":"华检医疗","ORG_CODE":"10000000280","STD_REPORT_DATE":"2020-06-30 00:00:00","REPORT_DATE":"2020-06-30 00:00:00","DATE_TYPE_CODE":"002","REPORT_TYPE":"2020年中报","PER_NETCASH_OPERATE":-0.173683065847,"PER_OI":0.73589320534,"BPS":1.736431831343,"BASIC_EPS":0.0287,"DILUTED_EPS":0.0286,"OPERATE_INCOME":981240000,"OPERATE_INCOME_YOY":7.5021664989,"GROSS_PROFIT":194179000,"GROSS_PROFIT_YOY":-9.754283881822,"HOLDER_PROFIT":38281000,"HOLDER_PROFIT_YOY":-87.1756732763,"GROSS_PROFIT_RATIO":19.789144347968,"EPS_TTM":0.011083695815,"OPERATE_INCOME_QOQ":2.935475020791,"NET_PROFIT_RATIO":3.67820309,"ROE_AVG":1.357181475737,"GROSS_PROFIT_QOQ":-4.739002614716,"ROA":0.966962106962,"HOLDER_PROFIT_QOQ":-94.625837724226,"ROE_YEARLY":2.714362951474,"ROIC_YEARLY":2.489823567308,"TOTAL_ASSETS":4047527000,"TOTAL_LIABILITIES":1239860000,"TAX_EBT":40.198498831873,"OCF_SALES":-23.601667278138,"TOTAL_PARENT_EQUITY":2822584000,"DEBT_ASSET_RATIO":30.6325319139,"OPERATE_PROFIT":72580000,"PRETAX_PROFIT":60353000,"NETCASH_OPERATE":-231589000,"NETCASH_INVEST":-155433000,"NETCASH_FINANCE":350371000,"END_CASH":884332000,"DIVI_RATIO":5.076573801564,"DIVIDEND_RATE":3.809202453988,"CURRENT_RATIO":2.207983563591,"COMMON_ACS":3000000000,"CURRENTDEBT_DEBT":83.733889310083,"ISSUED_COMMON_SHARES":1625508096,"HK_COMMON_SHARES":1625508096,"PER_SHARES":1000,"TOTAL_MARKET_CAP":2649578196.48,"HKSK_MARKET_CAP":2649578196.48,"PE_TTM":9.188494837344,"PB_TTM":0.712570503927,"REPORT_DATE_SQ":"2019-06-30 00:00:00","REPORT_TYPE_SQ":"2019年中报","OPERATE_INCOME_SQ":912763000,"DPS_HKD":0.06209,"OPERATE_INCOME_QOQ_SQ":179.354986884572,"NET_PROFIT_RATIO_SQ":38.4181874156,"HOLDER_PROFIT_SQ":298503000,"HOLDER_PROFIT_QOQ_SQ":306.833913379737,"ROE_AVG_SQ":23.756342653308,"PE_TTM_SQ":9.786024222412,"PB_TTM_SQ":0.709683079173,"ROA_SQ":16.33428580934,"START_DATE":"2020-01-01 00:00:00","FISCAL_YEAR":"12-31","CURRENCY":"HKD","IS_CNY_CODE":0,"DPS_HKD_LY":0.07038,"ORG_TYPE":"一般企业","PREMIUM_INCOME":null,"PREMIUM_INCOME_YOY":null,"NET_INTEREST_INCOME":null,"NET_INTEREST_INCOME_YOY":null,"FEE_COMMISSION_INCOME":null,"FEE_COMMISSION_INCOME_YOY":null,"ACCOUNTS_RECE_TDAYS":2.759714646113,"INVENTORY_TDAYS":1.188238109293,"CURRENT_ASSETS_TDAYS":0.442482245853,"TOTAL_ASSETS_TDAYS":0.247857134828,"PREMIUM_EXPENSE":null,"LOAN_DEPOSIT":null,"LOAN_EQUITY":null,"LOAN_ASSETS":null,"DEPOSIT_EQUITY":null,"DEPOSIT_ASSETS":null,"EQUITY_MULTIPLIER":1.441597953033,"EQUITY_RATIO":0.439264163617}],"count":17},"success":true,"message":"ok","code":0}