{"version":"15db328c31d615ee3e3f0a30f7bd6826","result":{"pages":2,"data":[{"SECUCODE":"01939.HK","SECURITY_CODE":"01939","SECURITY_NAME_ABBR":"东京中央拍卖","ORG_CODE":"10939504","STD_REPORT_DATE":"2024-06-30 00:00:00","REPORT_DATE":"2024-09-30 00:00:00","DATE_TYPE_CODE":"002","REPORT_TYPE":"2024年中报","PER_NETCASH_OPERATE":0.0147983739,"PER_OI":0.05751796978,"BPS":0.431235978,"BASIC_EPS":-0.002074117,"DILUTED_EPS":-0.002074117,"OPERATE_INCOME":28758984.89,"OPERATE_INCOME_YOY":-0.941169162,"GROSS_PROFIT":24305945.87,"GROSS_PROFIT_YOY":-10.21409069251,"HOLDER_PROFIT":-1036156.71,"HOLDER_PROFIT_YOY":-171.8574108818,"GROSS_PROFIT_RATIO":84.516007651061,"EPS_TTM":-0.048754259,"OPERATE_INCOME_QOQ":0,"NET_PROFIT_RATIO":-3.4617917281,"ROE_AVG":-0.484058508308,"GROSS_PROFIT_QOQ":0,"ROA":-0.277233886233,"HOLDER_PROFIT_QOQ":0,"ROE_YEARLY":-0.968117016616,"ROIC_YEARLY":-0.640349545026,"TOTAL_ASSETS":389813156.14,"TOTAL_LIABILITIES":171036196.77,"TAX_EBT":-66.265060240964,"OCF_SALES":25.72826189207,"TOTAL_PARENT_EQUITY":215617989,"DEBT_ASSET_RATIO":43.8764557009,"OPERATE_PROFIT":-226349.29,"PRETAX_PROFIT":-598788.56,"NETCASH_OPERATE":7399186.95,"NETCASH_INVEST":116330.91,"NETCASH_FINANCE":-4622575.54,"END_CASH":50151247.27,"DIVI_RATIO":null,"DIVIDEND_RATE":null,"CURRENT_RATIO":2.600761890152,"COMMON_ACS":null,"CURRENTDEBT_DEBT":82.489995412917,"ISSUED_COMMON_SHARES":500000000,"HK_COMMON_SHARES":500000000,"PER_SHARES":2000,"TOTAL_MARKET_CAP":230000000,"HKSK_MARKET_CAP":230000000,"PE_TTM":-7.760307713071,"PB_TTM":0.961940610623,"REPORT_DATE_SQ":"2023-06-30 00:00:00","REPORT_TYPE_SQ":"2023年中报","OPERATE_INCOME_SQ":29542180.22,"DPS_HKD":null,"OPERATE_INCOME_QOQ_SQ":0,"NET_PROFIT_RATIO_SQ":5.2463191899,"HOLDER_PROFIT_SQ":1467290.37,"HOLDER_PROFIT_QOQ_SQ":0,"ROE_AVG_SQ":0.621478917717,"PE_TTM_SQ":-24.460129988119,"PB_TTM_SQ":1.371140240224,"ROA_SQ":0.354555674554,"START_DATE":"2024-04-01 00:00:00","FISCAL_YEAR":"3-31","CURRENCY":"HKD","IS_CNY_CODE":0,"DPS_HKD_LY":null,"ORG_TYPE":"一般企业","PREMIUM_INCOME":null,"PREMIUM_INCOME_YOY":null,"NET_INTEREST_INCOME":null,"NET_INTEREST_INCOME_YOY":null,"FEE_COMMISSION_INCOME":null,"FEE_COMMISSION_INCOME_YOY":null,"ACCOUNTS_RECE_TDAYS":0.183536344985,"INVENTORY_TDAYS":0.037639059862,"CURRENT_ASSETS_TDAYS":0.082295532079,"TOTAL_ASSETS_TDAYS":0.076947483602,"PREMIUM_EXPENSE":null,"LOAN_DEPOSIT":null,"LOAN_EQUITY":null,"LOAN_ASSETS":null,"DEPOSIT_EQUITY":null,"DEPOSIT_ASSETS":null,"EQUITY_MULTIPLIER":1.78178340746,"EQUITY_RATIO":0.793237139272},{"SECUCODE":"01939.HK","SECURITY_CODE":"01939","SECURITY_NAME_ABBR":"东京中央拍卖","ORG_CODE":"10939504","STD_REPORT_DATE":"2023-12-31 00:00:00","REPORT_DATE":"2024-03-31 00:00:00","DATE_TYPE_CODE":"001","REPORT_TYPE":"2023年年报","PER_NETCASH_OPERATE":-0.0111668829,"PER_OI":0.1048914612,"BPS":0.4272316316,"BASIC_EPS":-0.04877239,"DILUTED_EPS":-0.04877239,"OPERATE_INCOME":52445730.6,"OPERATE_INCOME_YOY":-20.4914653253,"GROSS_PROFIT":42407502.45,"GROSS_PROFIT_YOY":-9.148331667575,"HOLDER_PROFIT":-24377129.5,"HOLDER_PROFIT_YOY":-224.5232923003,"GROSS_PROFIT_RATIO":80.859780128604,"EPS_TTM":-0.02535999714,"OPERATE_INCOME_QOQ":0,"NET_PROFIT_RATIO":-46.542902579,"ROE_AVG":-10.8656781553,"GROSS_PROFIT_QOQ":0,"ROA":-6.234364820469,"HOLDER_PROFIT_QOQ":0,"ROE_YEARLY":-10.8656781553,"ROIC_YEARLY":-7.272156888198,"TOTAL_ASSETS":359571272.35,"TOTAL_LIABILITIES":142954776.05,"TAX_EBT":-2.034938800258,"OCF_SALES":-10.646131507986,"TOTAL_PARENT_EQUITY":213615815.8,"DEBT_ASSET_RATIO":39.7570070367,"OPERATE_PROFIT":-23491430.15,"PRETAX_PROFIT":-23922947.95,"NETCASH_OPERATE":-5583441.45,"NETCASH_INVEST":-4122989.4,"NETCASH_FINANCE":-6234344.35,"END_CASH":44188873.2,"DIVI_RATIO":null,"DIVIDEND_RATE":null,"CURRENT_RATIO":3.042043679814,"COMMON_ACS":null,"CURRENTDEBT_DEBT":76.743124211274,"ISSUED_COMMON_SHARES":500000000,"HK_COMMON_SHARES":500000000,"PER_SHARES":2000,"TOTAL_MARKET_CAP":350000000,"HKSK_MARKET_CAP":350000000,"PE_TTM":-11.809163911195,"PB_TTM":1.46382266834,"REPORT_DATE_SQ":"2022-12-31 00:00:00","REPORT_TYPE_SQ":"2022年年报","OPERATE_INCOME_SQ":63696582.42,"DPS_HKD":null,"OPERATE_INCOME_QOQ_SQ":0,"NET_PROFIT_RATIO_SQ":-11.3823149446,"HOLDER_PROFIT_SQ":-7253647.26,"HOLDER_PROFIT_QOQ_SQ":0,"ROE_AVG_SQ":-3.073117270615,"PE_TTM_SQ":-23.411838702914,"PB_TTM_SQ":1.312377087071,"ROA_SQ":-1.582684068678,"START_DATE":"2023-04-01 00:00:00","FISCAL_YEAR":"3-31","CURRENCY":"HKD","IS_CNY_CODE":0,"DPS_HKD_LY":null,"ORG_TYPE":"一般企业","PREMIUM_INCOME":null,"PREMIUM_INCOME_YOY":null,"NET_INTEREST_INCOME":null,"NET_INTEREST_INCOME_YOY":null,"FEE_COMMISSION_INCOME":null,"FEE_COMMISSION_INCOME_YOY":null,"ACCOUNTS_RECE_TDAYS":0.340338915248,"INVENTORY_TDAYS":0.085891807195,"CURRENT_ASSETS_TDAYS":0.142332924514,"TOTAL_ASSETS_TDAYS":0.134128104721,"PREMIUM_EXPENSE":null,"LOAN_DEPOSIT":null,"LOAN_EQUITY":null,"LOAN_ASSETS":null,"DEPOSIT_EQUITY":null,"DEPOSIT_ASSETS":null,"EQUITY_MULTIPLIER":1.659944087787,"EQUITY_RATIO":0.669214381504},{"SECUCODE":"01939.HK","SECURITY_CODE":"01939","SECURITY_NAME_ABBR":"东京中央拍卖","ORG_CODE":"10939504","STD_REPORT_DATE":"2023-06-30 00:00:00","REPORT_DATE":"2023-09-30 00:00:00","DATE_TYPE_CODE":"002","REPORT_TYPE":"2023年中报","PER_NETCASH_OPERATE":0.0589852564,"PER_OI":0.05908436044,"BPS":0.46847213812,"BASIC_EPS":0.002936416,"DILUTED_EPS":0.002936416,"OPERATE_INCOME":29542180.22,"OPERATE_INCOME_YOY":-29.1396121762,"GROSS_PROFIT":27071002.63,"GROSS_PROFIT_YOY":-19.969970397968,"HOLDER_PROFIT":1467290.37,"HOLDER_PROFIT_YOY":-79.021254264,"GROSS_PROFIT_RATIO":91.635087283345,"EPS_TTM":-0.01450729452,"OPERATE_INCOME_QOQ":0,"NET_PROFIT_RATIO":5.2463191899,"ROE_AVG":0.621478917717,"GROSS_PROFIT_QOQ":0,"ROA":0.354555674554,"HOLDER_PROFIT_QOQ":0,"ROE_YEARLY":1.242957835434,"ROIC_YEARLY":0.854706565445,"TOTAL_ASSETS":400061903.99,"TOTAL_LIABILITIES":162642576.46,"TAX_EBT":37.211895910781,"OCF_SALES":99.832266882028,"TOTAL_PARENT_EQUITY":234236069.06,"DEBT_ASSET_RATIO":40.6543524484,"OPERATE_PROFIT":2036220.97,"PRETAX_PROFIT":2468424.7,"NETCASH_OPERATE":29492628.2,"NETCASH_INVEST":-1995845.25,"NETCASH_FINANCE":-11543785.4,"END_CASH":72609309.01,"DIVI_RATIO":null,"DIVIDEND_RATE":null,"CURRENT_RATIO":2.825502027221,"COMMON_ACS":null,"CURRENTDEBT_DEBT":82.658737770957,"ISSUED_COMMON_SHARES":500000000,"HK_COMMON_SHARES":500000000,"PER_SHARES":2000,"TOTAL_MARKET_CAP":350000000,"HKSK_MARKET_CAP":350000000,"PE_TTM":-11.809163911195,"PB_TTM":1.46382266834,"REPORT_DATE_SQ":"2022-06-30 00:00:00","REPORT_TYPE_SQ":"2022年中报","OPERATE_INCOME_SQ":41091422.52,"DPS_HKD":null,"OPERATE_INCOME_QOQ_SQ":0,"NET_PROFIT_RATIO_SQ":17.1703387406,"HOLDER_PROFIT_SQ":6893641.68,"HOLDER_PROFIT_QOQ_SQ":0,"ROE_AVG_SQ":2.780209518807,"PE_TTM_SQ":-23.411838702914,"PB_TTM_SQ":1.312377087071,"ROA_SQ":1.373703366943,"START_DATE":"2023-04-01 00:00:00","FISCAL_YEAR":"3-31","CURRENCY":"HKD","IS_CNY_CODE":0,"DPS_HKD_LY":null,"ORG_TYPE":"一般企业","PREMIUM_INCOME":null,"PREMIUM_INCOME_YOY":null,"NET_INTEREST_INCOME":null,"NET_INTEREST_INCOME_YOY":null,"FEE_COMMISSION_INCOME":null,"FEE_COMMISSION_INCOME_YOY":null,"ACCOUNTS_RECE_TDAYS":0.195200921617,"INVENTORY_TDAYS":0.021010419389,"CURRENT_ASSETS_TDAYS":0.074980931031,"TOTAL_ASSETS_TDAYS":0.071385649697,"PREMIUM_EXPENSE":null,"LOAN_DEPOSIT":null,"LOAN_EQUITY":null,"LOAN_ASSETS":null,"DEPOSIT_EQUITY":null,"DEPOSIT_ASSETS":null,"EQUITY_MULTIPLIER":1.685043539428,"EQUITY_RATIO":0.694353252736},{"SECUCODE":"01939.HK","SECURITY_CODE":"01939","SECURITY_NAME_ABBR":"东京中央拍卖","ORG_CODE":"10939504","STD_REPORT_DATE":"2022-12-31 00:00:00","REPORT_DATE":"2023-03-31 00:00:00","DATE_TYPE_CODE":"001","REPORT_TYPE":"2022年年报","PER_NETCASH_OPERATE":-0.02893054968,"PER_OI":0.12739316484,"BPS":0.45401738994,"BASIC_EPS":-0.014531806,"DILUTED_EPS":-0.014531806,"OPERATE_INCOME":63696582.42,"OPERATE_INCOME_YOY":-8.587007048,"GROSS_PROFIT":46677736.61,"GROSS_PROFIT_YOY":-16.549364027773,"HOLDER_PROFIT":-7253647.26,"HOLDER_PROFIT_YOY":-198.2451980081,"GROSS_PROFIT_RATIO":73.281383139551,"EPS_TTM":0.00816873208,"OPERATE_INCOME_QOQ":0,"NET_PROFIT_RATIO":-11.3823149446,"ROE_AVG":-3.073117270615,"GROSS_PROFIT_QOQ":0,"ROA":-1.582684068678,"HOLDER_PROFIT_QOQ":0,"ROE_YEARLY":-3.073117270615,"ROIC_YEARLY":-1.919717533235,"TOTAL_ASSETS":407941935.41,"TOTAL_LIABILITIES":177632069.33,"TAX_EBT":2.323387191886,"OCF_SALES":-22.709656139194,"TOTAL_PARENT_EQUITY":227008694.97,"DEBT_ASSET_RATIO":43.5434687908,"OPERATE_PROFIT":-7432230.9,"PRETAX_PROFIT":-7422601.39,"NETCASH_OPERATE":-14465274.84,"NETCASH_INVEST":-480600.09,"NETCASH_FINANCE":-16324645.68,"END_CASH":58897584.8,"DIVI_RATIO":null,"DIVIDEND_RATE":null,"CURRENT_RATIO":2.640301564216,"COMMON_ACS":null,"CURRENTDEBT_DEBT":83.018337908365,"ISSUED_COMMON_SHARES":500000000,"HK_COMMON_SHARES":500000000,"PER_SHARES":2000,"TOTAL_MARKET_CAP":350000000,"HKSK_MARKET_CAP":350000000,"PE_TTM":-11.809163911195,"PB_TTM":1.46382266834,"REPORT_DATE_SQ":"2021-12-31 00:00:00","REPORT_TYPE_SQ":"2021年年报","OPERATE_INCOME_SQ":64553962.97,"DPS_HKD":null,"OPERATE_INCOME_QOQ_SQ":0,"NET_PROFIT_RATIO_SQ":10.8521677953,"HOLDER_PROFIT_SQ":6840058.34,"HOLDER_PROFIT_QOQ_SQ":0,"ROE_AVG_SQ":3.000457148143,"PE_TTM_SQ":-41.033067825247,"PB_TTM_SQ":1.331964804789,"ROA_SQ":1.434678252054,"START_DATE":"2022-04-01 00:00:00","FISCAL_YEAR":"3-31","CURRENCY":"HKD","IS_CNY_CODE":0,"DPS_HKD_LY":0.01,"ORG_TYPE":"一般企业","PREMIUM_INCOME":null,"PREMIUM_INCOME_YOY":null,"NET_INTEREST_INCOME":null,"NET_INTEREST_INCOME_YOY":null,"FEE_COMMISSION_INCOME":null,"FEE_COMMISSION_INCOME_YOY":null,"ACCOUNTS_RECE_TDAYS":0.336800299946,"INVENTORY_TDAYS":0.146243305049,"CURRENT_ASSETS_TDAYS":0.146288209607,"TOTAL_ASSETS_TDAYS":0.138980519195,"PREMIUM_EXPENSE":null,"LOAN_DEPOSIT":null,"LOAN_EQUITY":null,"LOAN_ASSETS":null,"DEPOSIT_EQUITY":null,"DEPOSIT_ASSETS":null,"EQUITY_MULTIPLIER":1.77127425044,"EQUITY_RATIO":0.782490156835},{"SECUCODE":"01939.HK","SECURITY_CODE":"01939","SECURITY_NAME_ABBR":"东京中央拍卖","ORG_CODE":"10939504","STD_REPORT_DATE":"2022-06-30 00:00:00","REPORT_DATE":"2022-09-30 00:00:00","DATE_TYPE_CODE":"002","REPORT_TYPE":"2022年中报","PER_NETCASH_OPERATE":0.01770350856,"PER_OI":0.08218284504,"BPS":0.48543827232,"BASIC_EPS":0.013747488,"DILUTED_EPS":0.013747488,"OPERATE_INCOME":41091422.52,"OPERATE_INCOME_YOY":-4.299195349,"GROSS_PROFIT":33826056,"GROSS_PROFIT_YOY":-8.492584445394,"HOLDER_PROFIT":6893641.68,"HOLDER_PROFIT_YOY":-34.19666753,"GROSS_PROFIT_RATIO":82.319019215108,"EPS_TTM":0.01368011668,"OPERATE_INCOME_QOQ":0,"NET_PROFIT_RATIO":17.1703387406,"ROE_AVG":2.780209518807,"GROSS_PROFIT_QOQ":0,"ROA":1.373703366943,"HOLDER_PROFIT_QOQ":0,"ROE_YEARLY":5.560419037614,"ROIC_YEARLY":3.346420609771,"TOTAL_ASSETS":478105072.8,"TOTAL_LIABILITIES":232100106.12,"TAX_EBT":24.860335195531,"OCF_SALES":21.541610723483,"TOTAL_PARENT_EQUITY":242719136.16,"DEBT_ASSET_RATIO":48.5458363286,"OPERATE_PROFIT":9387182.76,"PRETAX_PROFIT":9389896.08,"NETCASH_OPERATE":8851754.28,"NETCASH_INVEST":-489302.04,"NETCASH_FINANCE":-14433053.52,"END_CASH":74368483.44,"DIVI_RATIO":null,"DIVIDEND_RATE":null,"CURRENT_RATIO":2.262763760438,"COMMON_ACS":null,"CURRENTDEBT_DEBT":86.79658487353,"ISSUED_COMMON_SHARES":500000000,"HK_COMMON_SHARES":500000000,"PER_SHARES":2000,"TOTAL_MARKET_CAP":350000000,"HKSK_MARKET_CAP":350000000,"PE_TTM":-11.809163911195,"PB_TTM":1.46382266834,"REPORT_DATE_SQ":"2021-06-30 00:00:00","REPORT_TYPE_SQ":"2021年中报","OPERATE_INCOME_SQ":39548690.44,"DPS_HKD":null,"OPERATE_INCOME_QOQ_SQ":0,"NET_PROFIT_RATIO_SQ":25.2706744744,"HOLDER_PROFIT_SQ":9649333.98,"HOLDER_PROFIT_QOQ_SQ":0,"ROE_AVG_SQ":4.058784572203,"PE_TTM_SQ":-41.033067825247,"PB_TTM_SQ":1.331964804789,"ROA_SQ":1.858877451783,"START_DATE":"2022-04-01 00:00:00","FISCAL_YEAR":"3-31","CURRENCY":"HKD","IS_CNY_CODE":0,"DPS_HKD_LY":0.01,"ORG_TYPE":"一般企业","PREMIUM_INCOME":null,"PREMIUM_INCOME_YOY":null,"NET_INTEREST_INCOME":null,"NET_INTEREST_INCOME_YOY":null,"FEE_COMMISSION_INCOME":null,"FEE_COMMISSION_INCOME_YOY":null,"ACCOUNTS_RECE_TDAYS":0.181286398034,"INVENTORY_TDAYS":0.060318449576,"CURRENT_ASSETS_TDAYS":0.086209644672,"TOTAL_ASSETS_TDAYS":0.081883318119,"PREMIUM_EXPENSE":null,"LOAN_DEPOSIT":null,"LOAN_EQUITY":null,"LOAN_ASSETS":null,"DEPOSIT_EQUITY":null,"DEPOSIT_ASSETS":null,"EQUITY_MULTIPLIER":1.943477317766,"EQUITY_RATIO":0.956249720529},{"SECUCODE":"01939.HK","SECURITY_CODE":"01939","SECURITY_NAME_ABBR":"东京中央拍卖","ORG_CODE":"10939504","STD_REPORT_DATE":"2021-12-31 00:00:00","REPORT_DATE":"2022-03-31 00:00:00","DATE_TYPE_CODE":"001","REPORT_TYPE":"2021年年报","PER_NETCASH_OPERATE":-0.03777846782,"PER_OI":0.12910792594,"BPS":0.4540682788,"BASIC_EPS":0.013706069,"DILUTED_EPS":0.013706069,"OPERATE_INCOME":64553962.97,"OPERATE_INCOME_YOY":-1.4315257637,"GROSS_PROFIT":55934548.69,"GROSS_PROFIT_YOY":-5.487290565163,"HOLDER_PROFIT":6840058.34,"HOLDER_PROFIT_YOY":0.8489776396,"GROSS_PROFIT_RATIO":86.647737980075,"EPS_TTM":0.04251232624,"OPERATE_INCOME_QOQ":0,"NET_PROFIT_RATIO":10.8521677953,"ROE_AVG":3.000457148143,"GROSS_PROFIT_QOQ":0,"ROA":1.434678252054,"HOLDER_PROFIT_QOQ":0,"ROE_YEARLY":3.000457148143,"ROIC_YEARLY":1.86366147387,"TOTAL_ASSETS":471262501.81,"TOTAL_LIABILITIES":240918630.6,"TAX_EBT":28.202144460145,"OCF_SALES":-29.261153058532,"TOTAL_PARENT_EQUITY":227034139.4,"DEBT_ASSET_RATIO":51.1219606217,"OPERATE_PROFIT":7218800.01,"PRETAX_PROFIT":9757261.31,"NETCASH_OPERATE":-18889233.91,"NETCASH_INVEST":1369795.89,"NETCASH_FINANCE":-15196705.38,"END_CASH":88155164.98,"DIVI_RATIO":null,"DIVIDEND_RATE":null,"CURRENT_RATIO":2.180418399426,"COMMON_ACS":null,"CURRENTDEBT_DEBT":84.914495388137,"ISSUED_COMMON_SHARES":500000000,"HK_COMMON_SHARES":500000000,"PER_SHARES":2000,"TOTAL_MARKET_CAP":350000000,"HKSK_MARKET_CAP":350000000,"PE_TTM":-11.809163911195,"PB_TTM":1.46382266834,"REPORT_DATE_SQ":"2020-12-31 00:00:00","REPORT_TYPE_SQ":"2020年年报","OPERATE_INCOME_SQ":68250820.54,"DPS_HKD":null,"OPERATE_INCOME_QOQ_SQ":0,"NET_PROFIT_RATIO_SQ":10.5643134001,"HOLDER_PROFIT_SQ":7068240.34,"HOLDER_PROFIT_QOQ_SQ":0,"ROE_AVG_SQ":2.975362447745,"PE_TTM_SQ":-41.033067825247,"PB_TTM_SQ":1.331964804789,"ROA_SQ":1.511288127813,"START_DATE":"2021-04-01 00:00:00","FISCAL_YEAR":"3-31","CURRENCY":"HKD","IS_CNY_CODE":0,"DPS_HKD_LY":0.01,"ORG_TYPE":"一般企业","PREMIUM_INCOME":null,"PREMIUM_INCOME_YOY":null,"NET_INTEREST_INCOME":null,"NET_INTEREST_INCOME_YOY":null,"FEE_COMMISSION_INCOME":null,"FEE_COMMISSION_INCOME_YOY":null,"ACCOUNTS_RECE_TDAYS":0.311213288839,"INVENTORY_TDAYS":0.086896444588,"CURRENT_ASSETS_TDAYS":0.143724371047,"TOTAL_ASSETS_TDAYS":0.135399673736,"PREMIUM_EXPENSE":null,"LOAN_DEPOSIT":null,"LOAN_EQUITY":null,"LOAN_ASSETS":null,"DEPOSIT_EQUITY":null,"DEPOSIT_ASSETS":null,"EQUITY_MULTIPLIER":2.045908577184,"EQUITY_RATIO":1.061155961992},{"SECUCODE":"01939.HK","SECURITY_CODE":"01939","SECURITY_NAME_ABBR":"东京中央拍卖","ORG_CODE":"10939504","STD_REPORT_DATE":"2021-06-30 00:00:00","REPORT_DATE":"2021-09-30 00:00:00","DATE_TYPE_CODE":"002","REPORT_TYPE":"2021年中报","PER_NETCASH_OPERATE":0.0444104286,"PER_OI":0.07909738088,"BPS":0.48071060852,"BASIC_EPS":0.019326992,"DILUTED_EPS":0.019326992,"OPERATE_INCOME":39548690.44,"OPERATE_INCOME_YOY":159.1234102942,"GROSS_PROFIT":36965371.38,"GROSS_PROFIT_YOY":147.367356404736,"HOLDER_PROFIT":9649333.98,"HOLDER_PROFIT_YOY":324.2594385286,"GROSS_PROFIT_RATIO":93.468003538779,"EPS_TTM":0.01413648068,"OPERATE_INCOME_QOQ":0,"NET_PROFIT_RATIO":25.2706744744,"ROE_AVG":4.058784572203,"GROSS_PROFIT_QOQ":0,"ROA":1.858877451783,"HOLDER_PROFIT_QOQ":0,"ROE_YEARLY":8.117569144407,"ROIC_YEARLY":5.143125459981,"TOTAL_ASSETS":542807733.98,"TOTAL_LIABILITIES":298616188.42,"TAX_EBT":24.098443629002,"OCF_SALES":56.146522306947,"TOTAL_PARENT_EQUITY":240355304.26,"DEBT_ASSET_RATIO":55.0132523408,"OPERATE_PROFIT":12496733.06,"PRETAX_PROFIT":13167346.36,"NETCASH_OPERATE":22205214.3,"NETCASH_INVEST":452351.58,"NETCASH_FINANCE":2312574.56,"END_CASH":152385834.38,"DIVI_RATIO":null,"DIVIDEND_RATE":null,"CURRENT_RATIO":2.040693833327,"COMMON_ACS":null,"CURRENTDEBT_DEBT":84.451970529241,"ISSUED_COMMON_SHARES":500000000,"HK_COMMON_SHARES":500000000,"PER_SHARES":2000,"TOTAL_MARKET_CAP":350000000,"HKSK_MARKET_CAP":350000000,"PE_TTM":-11.809163911195,"PB_TTM":1.46382266834,"REPORT_DATE_SQ":"2020-06-30 00:00:00","REPORT_TYPE_SQ":"2020年中报","OPERATE_INCOME_SQ":16099029.12,"DPS_HKD":null,"OPERATE_INCOME_QOQ_SQ":0,"NET_PROFIT_RATIO_SQ":-29.245128541,"HOLDER_PROFIT_SQ":-4538588.8,"HOLDER_PROFIT_QOQ_SQ":0,"ROE_AVG_SQ":-1.874065688452,"PE_TTM_SQ":-41.033067825247,"PB_TTM_SQ":1.331964804789,"ROA_SQ":-1.011635274635,"START_DATE":"2021-04-01 00:00:00","FISCAL_YEAR":"3-31","CURRENCY":"HKD","IS_CNY_CODE":0,"DPS_HKD_LY":0.01,"ORG_TYPE":"一般企业","PREMIUM_INCOME":null,"PREMIUM_INCOME_YOY":null,"NET_INTEREST_INCOME":null,"NET_INTEREST_INCOME_YOY":null,"FEE_COMMISSION_INCOME":null,"FEE_COMMISSION_INCOME_YOY":null,"ACCOUNTS_RECE_TDAYS":0.169099470696,"INVENTORY_TDAYS":0.028333607441,"CURRENT_ASSETS_TDAYS":0.080779515347,"TOTAL_ASSETS_TDAYS":0.076187816754,"PREMIUM_EXPENSE":null,"LOAN_DEPOSIT":null,"LOAN_EQUITY":null,"LOAN_ASSETS":null,"DEPOSIT_EQUITY":null,"DEPOSIT_ASSETS":null,"EQUITY_MULTIPLIER":2.222876851591,"EQUITY_RATIO":1.242394834345},{"SECUCODE":"01939.HK","SECURITY_CODE":"01939","SECURITY_NAME_ABBR":"东京中央拍卖","ORG_CODE":"10939504","STD_REPORT_DATE":"2020-12-31 00:00:00","REPORT_DATE":"2021-03-31 00:00:00","DATE_TYPE_CODE":"001","REPORT_TYPE":"2020年年报","PER_NETCASH_OPERATE":0.10275867476,"PER_OI":0.13650164108,"BPS":0.47708889676,"BASIC_EPS":0.014114506,"DILUTED_EPS":0.014114506,"OPERATE_INCOME":68250820.54,"OPERATE_INCOME_YOY":-24.9430703882,"GROSS_PROFIT":59182039.14,"GROSS_PROFIT_YOY":-14.703175295788,"HOLDER_PROFIT":7068240.34,"HOLDER_PROFIT_YOY":-0.9592610137,"GROSS_PROFIT_RATIO":86.712567954132,"EPS_TTM":-0.00465835008,"OPERATE_INCOME_QOQ":0,"NET_PROFIT_RATIO":10.5643134001,"ROE_AVG":2.975362447745,"GROSS_PROFIT_QOQ":0,"ROA":1.511288127813,"HOLDER_PROFIT_QOQ":0,"ROE_YEARLY":2.975362447745,"ROIC_YEARLY":1.94004263779,"TOTAL_ASSETS":502588822.54,"TOTAL_LIABILITIES":260474333.84,"TAX_EBT":27.073003932296,"OCF_SALES":75.280175349523,"TOTAL_PARENT_EQUITY":238544448.38,"DEBT_ASSET_RATIO":51.8265274034,"OPERATE_PROFIT":14538786.36,"PRETAX_PROFIT":9886915.64,"NETCASH_OPERATE":51379337.38,"NETCASH_INVEST":-6222215.16,"NETCASH_FINANCE":16911206.62,"END_CASH":129845848.58,"DIVI_RATIO":null,"DIVIDEND_RATE":null,"CURRENT_RATIO":2.221899031757,"COMMON_ACS":null,"CURRENTDEBT_DEBT":81.434059729775,"ISSUED_COMMON_SHARES":500000000,"HK_COMMON_SHARES":500000000,"PER_SHARES":2000,"TOTAL_MARKET_CAP":350000000,"HKSK_MARKET_CAP":350000000,"PE_TTM":-11.809163911195,"PB_TTM":1.46382266834,"REPORT_DATE_SQ":"2019-12-31 00:00:00","REPORT_TYPE_SQ":"2019年年报","OPERATE_INCOME_SQ":98304069.3,"DPS_HKD":null,"OPERATE_INCOME_QOQ_SQ":0,"NET_PROFIT_RATIO_SQ":7.6606344515,"HOLDER_PROFIT_SQ":7715282.8,"HOLDER_PROFIT_QOQ_SQ":0,"ROE_AVG_SQ":3.014664536456,"PE_TTM_SQ":-41.033067825247,"PB_TTM_SQ":1.331964804789,"ROA_SQ":1.588579684843,"START_DATE":"2020-04-01 00:00:00","FISCAL_YEAR":"3-31","CURRENCY":"HKD","IS_CNY_CODE":0,"DPS_HKD_LY":0.01,"ORG_TYPE":"一般企业","PREMIUM_INCOME":null,"PREMIUM_INCOME_YOY":null,"NET_INTEREST_INCOME":null,"NET_INTEREST_INCOME_YOY":null,"FEE_COMMISSION_INCOME":null,"FEE_COMMISSION_INCOME_YOY":null,"ACCOUNTS_RECE_TDAYS":0.326832673959,"INVENTORY_TDAYS":0.132594363813,"CURRENT_ASSETS_TDAYS":0.157767386248,"TOTAL_ASSETS_TDAYS":0.145929750311,"PREMIUM_EXPENSE":null,"LOAN_DEPOSIT":null,"LOAN_EQUITY":null,"LOAN_ASSETS":null,"DEPOSIT_EQUITY":null,"DEPOSIT_ASSETS":null,"EQUITY_MULTIPLIER":2.075831253383,"EQUITY_RATIO":1.091932072236},{"SECUCODE":"01939.HK","SECURITY_CODE":"01939","SECURITY_NAME_ABBR":"东京中央拍卖","ORG_CODE":"10939504","STD_REPORT_DATE":"2020-06-30 00:00:00","REPORT_DATE":"2020-09-30 00:00:00","DATE_TYPE_CODE":"002","REPORT_TYPE":"2020年中报","PER_NETCASH_OPERATE":0.0690410304,"PER_OI":0.03219805824,"BPS":0.47679171456,"BASIC_EPS":-0.009050816,"DILUTED_EPS":-0.009050816,"OPERATE_INCOME":16099029.12,"OPERATE_INCOME_YOY":-73.5123178348,"GROSS_PROFIT":14943512.32,"GROSS_PROFIT_YOY":-67.57310009646,"HOLDER_PROFIT":-4538588.8,"HOLDER_PROFIT_YOY":-184.6166448231,"GROSS_PROFIT_RATIO":92.822444189728,"EPS_TTM":0.0154305656,"OPERATE_INCOME_QOQ":0,"NET_PROFIT_RATIO":-29.245128541,"ROE_AVG":-1.874065688452,"GROSS_PROFIT_QOQ":0,"ROA":-1.011635274635,"HOLDER_PROFIT_QOQ":0,"ROE_YEARLY":-3.748131376903,"ROIC_YEARLY":-2.610062257439,"TOTAL_ASSETS":447298356.48,"TOTAL_LIABILITIES":205355106.56,"TAX_EBT":null,"OCF_SALES":214.426068446046,"TOTAL_PARENT_EQUITY":238395857.28,"DEBT_ASSET_RATIO":45.9100963786,"OPERATE_PROFIT":-5164237.44,"PRETAX_PROFIT":-4708181.76,"NETCASH_OPERATE":34520515.2,"NETCASH_INVEST":34270.08,"NETCASH_FINANCE":13975162.88,"END_CASH":121960184.96,"DIVI_RATIO":null,"DIVIDEND_RATE":null,"CURRENT_RATIO":2.571775967885,"COMMON_ACS":null,"CURRENTDEBT_DEBT":77.599722719065,"ISSUED_COMMON_SHARES":500000000,"HK_COMMON_SHARES":500000000,"PER_SHARES":2000,"TOTAL_MARKET_CAP":350000000,"HKSK_MARKET_CAP":350000000,"PE_TTM":-11.809163911195,"PB_TTM":1.46382266834,"REPORT_DATE_SQ":"2019-06-30 00:00:00","REPORT_TYPE_SQ":"2019年中报","OPERATE_INCOME_SQ":62390227.68,"DPS_HKD":null,"OPERATE_INCOME_QOQ_SQ":0,"NET_PROFIT_RATIO_SQ":8.6571825121,"HOLDER_PROFIT_SQ":5505869.04,"HOLDER_PROFIT_QOQ_SQ":0,"ROE_AVG_SQ":2.188794262662,"PE_TTM_SQ":-41.033067825247,"PB_TTM_SQ":1.331964804789,"ROA_SQ":1.107167020063,"START_DATE":"2020-04-01 00:00:00","FISCAL_YEAR":"3-31","CURRENCY":"HKD","IS_CNY_CODE":0,"DPS_HKD_LY":0.01,"ORG_TYPE":"一般企业","PREMIUM_INCOME":null,"PREMIUM_INCOME_YOY":null,"NET_INTEREST_INCOME":null,"NET_INTEREST_INCOME_YOY":null,"FEE_COMMISSION_INCOME":null,"FEE_COMMISSION_INCOME_YOY":null,"ACCOUNTS_RECE_TDAYS":0.082397492231,"INVENTORY_TDAYS":0.023486966073,"CURRENT_ASSETS_TDAYS":0.039296224165,"TOTAL_ASSETS_TDAYS":0.035884162375,"PREMIUM_EXPENSE":null,"LOAN_DEPOSIT":null,"LOAN_EQUITY":null,"LOAN_ASSETS":null,"DEPOSIT_EQUITY":null,"DEPOSIT_ASSETS":null,"EQUITY_MULTIPLIER":1.848773861753,"EQUITY_RATIO":0.861403838569}],"count":17},"success":true,"message":"ok","code":0}