{"version":"4df2ff4976260a482208a782f9e1cf54","result":{"pages":2,"data":[{"SECUCODE":"01930.HK","SECURITY_CODE":"01930","SECURITY_NAME_ABBR":"勋龙","ORG_CODE":"10000003952","STD_REPORT_DATE":"2024-06-30 00:00:00","REPORT_DATE":"2024-06-30 00:00:00","DATE_TYPE_CODE":"002","REPORT_TYPE":"2024年中报","PER_NETCASH_OPERATE":0.021281818182,"PER_OI":0.17843030303,"BPS":0.525204545455,"BASIC_EPS":0.011,"DILUTED_EPS":0.011,"OPERATE_INCOME":117764000,"OPERATE_INCOME_YOY":10.2834720883,"GROSS_PROFIT":23012000,"GROSS_PROFIT_YOY":-23.349543667977,"HOLDER_PROFIT":7278000,"HOLDER_PROFIT_YOY":-47.1498075666,"GROSS_PROFIT_RATIO":19.540776468191,"EPS_TTM":0.021301515152,"OPERATE_INCOME_QOQ":5.021079296564,"NET_PROFIT_RATIO":6.1139227608,"ROE_AVG":2.117907932988,"GROSS_PROFIT_QOQ":-13.778057313574,"ROA":1.151884830509,"HOLDER_PROFIT_QOQ":-31.593032308291,"ROE_YEARLY":4.235815865976,"ROIC_YEARLY":2.455436592348,"TOTAL_ASSETS":644605000,"TOTAL_LIABILITIES":296496000,"TAX_EBT":15.284151076597,"OCF_SALES":11.927244319147,"TOTAL_PARENT_EQUITY":346635000,"DEBT_ASSET_RATIO":45.9965405171,"OPERATE_PROFIT":9011000,"PRETAX_PROFIT":8499000,"NETCASH_OPERATE":14046000,"NETCASH_INVEST":-24054000,"NETCASH_FINANCE":540000,"END_CASH":32859000,"DIVI_RATIO":0.102527457998,"DIVIDEND_RATE":0.926923076923,"CURRENT_RATIO":1.575944459601,"COMMON_ACS":2000000000,"CURRENTDEBT_DEBT":93.954724515676,"ISSUED_COMMON_SHARES":660000000,"HK_COMMON_SHARES":660000000,"PER_SHARES":4000,"TOTAL_MARKET_CAP":171600000,"HKSK_MARKET_CAP":171600000,"PE_TTM":10.918250000484,"PB_TTM":0.451817871825,"REPORT_DATE_SQ":"2023-06-30 00:00:00","REPORT_TYPE_SQ":"2023年中报","OPERATE_INCOME_SQ":106783000,"DPS_HKD":0.00241,"OPERATE_INCOME_QOQ_SQ":12.311186997275,"NET_PROFIT_RATIO_SQ":13.5096410477,"HOLDER_PROFIT_SQ":13771000,"HOLDER_PROFIT_QOQ_SQ":34.617606284658,"ROE_AVG_SQ":4.198034048248,"PE_TTM_SQ":9.289598937991,"PB_TTM_SQ":0.645849644516,"ROA_SQ":2.364995118366,"START_DATE":"2024-01-01 00:00:00","FISCAL_YEAR":"12-31","CURRENCY":"HKD","IS_CNY_CODE":0,"DPS_HKD_LY":0.00241,"ORG_TYPE":"一般企业","PREMIUM_INCOME":null,"PREMIUM_INCOME_YOY":null,"NET_INTEREST_INCOME":null,"NET_INTEREST_INCOME_YOY":null,"FEE_COMMISSION_INCOME":null,"FEE_COMMISSION_INCOME_YOY":null,"ACCOUNTS_RECE_TDAYS":1.128056285951,"INVENTORY_TDAYS":0.336952308475,"CURRENT_ASSETS_TDAYS":0.274867921534,"TOTAL_ASSETS_TDAYS":0.186384398434,"PREMIUM_EXPENSE":null,"LOAN_DEPOSIT":null,"LOAN_EQUITY":null,"LOAN_ASSETS":null,"DEPOSIT_EQUITY":null,"DEPOSIT_ASSETS":null,"EQUITY_MULTIPLIER":1.851733221492,"EQUITY_RATIO":0.855355056472},{"SECUCODE":"01930.HK","SECURITY_CODE":"01930","SECURITY_NAME_ABBR":"勋龙","ORG_CODE":"10000003952","STD_REPORT_DATE":"2023-12-31 00:00:00","REPORT_DATE":"2023-12-31 00:00:00","DATE_TYPE_CODE":"001","REPORT_TYPE":"2023年年报","PER_NETCASH_OPERATE":0.055212121212,"PER_OI":0.331360606061,"BPS":0.516131818182,"BASIC_EPS":0.031,"DILUTED_EPS":0.031,"OPERATE_INCOME":218698000,"OPERATE_INCOME_YOY":10.1514533376,"GROSS_PROFIT":50878000,"GROSS_PROFIT_YOY":14.183760491943,"HOLDER_PROFIT":20552000,"HOLDER_PROFIT_YOY":18.7153419593,"GROSS_PROFIT_RATIO":23.264044481431,"EPS_TTM":0.031139393939,"OPERATE_INCOME_QOQ":-1.922990681029,"NET_PROFIT_RATIO":9.6887031431,"ROE_AVG":6.206794495064,"GROSS_PROFIT_QOQ":-6.41921718658,"ROA":3.466170599952,"HOLDER_PROFIT_QOQ":-11.81291568333,"ROE_YEARLY":6.206794495064,"ROIC_YEARLY":3.782192666941,"TOTAL_ASSETS":619063000,"TOTAL_LIABILITIES":276864000,"TAX_EBT":14.193731270754,"OCF_SALES":16.662246568327,"TOTAL_PARENT_EQUITY":340647000,"DEBT_ASSET_RATIO":44.723073419,"OPERATE_PROFIT":25206000,"PRETAX_PROFIT":24694000,"NETCASH_OPERATE":36440000,"NETCASH_INVEST":-56304000,"NETCASH_FINANCE":7378000,"END_CASH":42169000,"DIVI_RATIO":0.070135925068,"DIVIDEND_RATE":0.971774193548,"CURRENT_RATIO":1.60740649559,"COMMON_ACS":2000000000,"CURRENTDEBT_DEBT":93.894836453999,"ISSUED_COMMON_SHARES":660000000,"HK_COMMON_SHARES":660000000,"PER_SHARES":4000,"TOTAL_MARKET_CAP":163680000,"HKSK_MARKET_CAP":163680000,"PE_TTM":10.414330769692,"PB_TTM":0.430964739279,"REPORT_DATE_SQ":"2022-12-31 00:00:00","REPORT_TYPE_SQ":"2022年年报","OPERATE_INCOME_SQ":198543000,"DPS_HKD":0.00241,"OPERATE_INCOME_QOQ_SQ":-4.775082854114,"NET_PROFIT_RATIO_SQ":8.8696151463,"HOLDER_PROFIT_SQ":17312000,"HOLDER_PROFIT_QOQ_SQ":-14.419892233922,"ROE_AVG_SQ":5.554619732183,"PE_TTM_SQ":8.112044143034,"PB_TTM_SQ":0.563981379719,"ROA_SQ":3.271334440659,"START_DATE":"2023-01-01 00:00:00","FISCAL_YEAR":"12-31","CURRENCY":"HKD","IS_CNY_CODE":0,"DPS_HKD_LY":0.00241,"ORG_TYPE":"一般企业","PREMIUM_INCOME":null,"PREMIUM_INCOME_YOY":null,"NET_INTEREST_INCOME":null,"NET_INTEREST_INCOME_YOY":null,"FEE_COMMISSION_INCOME":null,"FEE_COMMISSION_INCOME_YOY":null,"ACCOUNTS_RECE_TDAYS":2.058973610627,"INVENTORY_TDAYS":0.651229932828,"CURRENT_ASSETS_TDAYS":0.5238018253,"TOTAL_ASSETS_TDAYS":0.368842243027,"PREMIUM_EXPENSE":null,"LOAN_DEPOSIT":null,"LOAN_EQUITY":null,"LOAN_ASSETS":null,"DEPOSIT_EQUITY":null,"DEPOSIT_ASSETS":null,"EQUITY_MULTIPLIER":1.809073083205,"EQUITY_RATIO":0.812759249311},{"SECUCODE":"01930.HK","SECURITY_CODE":"01930","SECURITY_NAME_ABBR":"勋龙","ORG_CODE":"10000003952","STD_REPORT_DATE":"2023-06-30 00:00:00","REPORT_DATE":"2023-06-30 00:00:00","DATE_TYPE_CODE":"002","REPORT_TYPE":"2023年中报","PER_NETCASH_OPERATE":0.020910606061,"PER_OI":0.161792424242,"BPS":0.506778787879,"BASIC_EPS":0.021,"DILUTED_EPS":0.021,"OPERATE_INCOME":106783000,"OPERATE_INCOME_YOY":29.6854505708,"GROSS_PROFIT":30022000,"GROSS_PROFIT_YOY":48.535523451415,"HOLDER_PROFIT":13771000,"HOLDER_PROFIT_YOY":77.0506556956,"GROSS_PROFIT_RATIO":28.114962119439,"EPS_TTM":0.035310606061,"OPERATE_INCOME_QOQ":12.311186997275,"NET_PROFIT_RATIO":13.5096410477,"ROE_AVG":4.198034048248,"GROSS_PROFIT_QOQ":22.016248485121,"ROA":2.364995118366,"HOLDER_PROFIT_QOQ":34.617606284658,"ROE_YEARLY":8.396068096496,"ROIC_YEARLY":5.20532022963,"TOTAL_ASSETS":597770000,"TOTAL_LIABILITIES":261726000,"TAX_EBT":15.151158687213,"OCF_SALES":12.924341889627,"TOTAL_PARENT_EQUITY":334474000,"DEBT_ASSET_RATIO":43.7837295281,"OPERATE_PROFIT":17263000,"PRETAX_PROFIT":17002000,"NETCASH_OPERATE":13801000,"NETCASH_INVEST":-24605000,"NETCASH_FINANCE":5384000,"END_CASH":49410000,"DIVI_RATIO":0.061850827376,"DIVIDEND_RATE":0.971774193548,"CURRENT_RATIO":1.74079677668,"COMMON_ACS":2000000000,"CURRENTDEBT_DEBT":93.690730000076,"ISSUED_COMMON_SHARES":660000000,"HK_COMMON_SHARES":660000000,"PER_SHARES":4000,"TOTAL_MARKET_CAP":163680000,"HKSK_MARKET_CAP":163680000,"PE_TTM":10.414330769692,"PB_TTM":0.430964739279,"REPORT_DATE_SQ":"2022-06-30 00:00:00","REPORT_TYPE_SQ":"2022年中报","OPERATE_INCOME_SQ":82340000,"DPS_HKD":0.00241,"OPERATE_INCOME_QOQ_SQ":-6.169867107093,"NET_PROFIT_RATIO_SQ":9.3538984698,"HOLDER_PROFIT_SQ":7778000,"HOLDER_PROFIT_QOQ_SQ":-4.557678697806,"ROE_AVG_SQ":2.541904827266,"PE_TTM_SQ":8.112044143034,"PB_TTM_SQ":0.563981379719,"ROA_SQ":1.534957886344,"START_DATE":"2023-01-01 00:00:00","FISCAL_YEAR":"12-31","CURRENCY":"HKD","IS_CNY_CODE":0,"DPS_HKD_LY":0.00241,"ORG_TYPE":"一般企业","PREMIUM_INCOME":null,"PREMIUM_INCOME_YOY":null,"NET_INTEREST_INCOME":null,"NET_INTEREST_INCOME_YOY":null,"FEE_COMMISSION_INCOME":null,"FEE_COMMISSION_INCOME_YOY":null,"ACCOUNTS_RECE_TDAYS":1.01428103287,"INVENTORY_TDAYS":0.296606993126,"CURRENT_ASSETS_TDAYS":0.253027093374,"TOTAL_ASSETS_TDAYS":0.183386299996,"PREMIUM_EXPENSE":null,"LOAN_DEPOSIT":null,"LOAN_EQUITY":null,"LOAN_ASSETS":null,"DEPOSIT_EQUITY":null,"DEPOSIT_ASSETS":null,"EQUITY_MULTIPLIER":1.778844437039,"EQUITY_RATIO":0.782500284028},{"SECUCODE":"01930.HK","SECURITY_CODE":"01930","SECURITY_NAME_ABBR":"勋龙","ORG_CODE":"10000003952","STD_REPORT_DATE":"2022-12-31 00:00:00","REPORT_DATE":"2022-12-31 00:00:00","DATE_TYPE_CODE":"001","REPORT_TYPE":"2022年年报","PER_NETCASH_OPERATE":-0.022521212121,"PER_OI":0.300822727273,"BPS":0.487265151515,"BASIC_EPS":0.026,"DILUTED_EPS":0.026,"OPERATE_INCOME":198543000,"OPERATE_INCOME_YOY":-10.6503336949,"GROSS_PROFIT":44558000,"GROSS_PROFIT_YOY":-8.341390163125,"HOLDER_PROFIT":17312000,"HOLDER_PROFIT_YOY":-18.3203585751,"GROSS_PROFIT_RATIO":22.442493565626,"EPS_TTM":0.02623030303,"OPERATE_INCOME_QOQ":-4.775082854114,"NET_PROFIT_RATIO":8.8696151463,"ROE_AVG":5.554619732183,"GROSS_PROFIT_QOQ":1.194585755814,"ROA":3.271334440659,"HOLDER_PROFIT_QOQ":-14.419892233922,"ROE_YEARLY":5.554619732183,"ROIC_YEARLY":3.827319616118,"TOTAL_ASSETS":566799000,"TOTAL_LIABILITIES":244289000,"TAX_EBT":5.368370143479,"OCF_SALES":-7.486539439819,"TOTAL_PARENT_EQUITY":321595000,"DEBT_ASSET_RATIO":43.0997584682,"OPERATE_PROFIT":19247000,"PRETAX_PROFIT":18609000,"NETCASH_OPERATE":-14864000,"NETCASH_INVEST":-38349000,"NETCASH_FINANCE":7384000,"END_CASH":54449000,"DIVI_RATIO":0.083262103281,"DIVIDEND_RATE":0.971774193548,"CURRENT_RATIO":1.794676773369,"COMMON_ACS":2000000000,"CURRENTDEBT_DEBT":95.154918968926,"ISSUED_COMMON_SHARES":660000000,"HK_COMMON_SHARES":660000000,"PER_SHARES":4000,"TOTAL_MARKET_CAP":163680000,"HKSK_MARKET_CAP":163680000,"PE_TTM":10.414330769692,"PB_TTM":0.430964739279,"REPORT_DATE_SQ":"2021-12-31 00:00:00","REPORT_TYPE_SQ":"2021年年报","OPERATE_INCOME_SQ":222209000,"DPS_HKD":0.00241,"OPERATE_INCOME_QOQ_SQ":18.644348336804,"NET_PROFIT_RATIO_SQ":9.4879145309,"HOLDER_PROFIT_SQ":21195000,"HOLDER_PROFIT_QOQ_SQ":10.298709408826,"ROE_AVG_SQ":7.234763730947,"PE_TTM_SQ":8.112044143034,"PB_TTM_SQ":0.563981379719,"ROA_SQ":4.382328433754,"START_DATE":"2022-01-01 00:00:00","FISCAL_YEAR":"12-31","CURRENCY":"HKD","IS_CNY_CODE":0,"DPS_HKD_LY":0.00286,"ORG_TYPE":"一般企业","PREMIUM_INCOME":null,"PREMIUM_INCOME_YOY":null,"NET_INTEREST_INCOME":null,"NET_INTEREST_INCOME_YOY":null,"FEE_COMMISSION_INCOME":null,"FEE_COMMISSION_INCOME_YOY":null,"ACCOUNTS_RECE_TDAYS":1.924500319873,"INVENTORY_TDAYS":0.718456567636,"CURRENT_ASSETS_TDAYS":0.494180634306,"TOTAL_ASSETS_TDAYS":0.375173610127,"PREMIUM_EXPENSE":null,"LOAN_DEPOSIT":null,"LOAN_EQUITY":null,"LOAN_ASSETS":null,"DEPOSIT_EQUITY":null,"DEPOSIT_ASSETS":null,"EQUITY_MULTIPLIER":1.757461784132,"EQUITY_RATIO":0.759616909467},{"SECUCODE":"01930.HK","SECURITY_CODE":"01930","SECURITY_NAME_ABBR":"勋龙","ORG_CODE":"10000003952","STD_REPORT_DATE":"2022-06-30 00:00:00","REPORT_DATE":"2022-06-30 00:00:00","DATE_TYPE_CODE":"002","REPORT_TYPE":"2022年中报","PER_NETCASH_OPERATE":0.013422727273,"PER_OI":0.124757575758,"BPS":0.470060606061,"BASIC_EPS":0.012,"DILUTED_EPS":0.012,"OPERATE_INCOME":82340000,"OPERATE_INCOME_YOY":-14.273815721,"GROSS_PROFIT":20212000,"GROSS_PROFIT_YOY":-18.476989472835,"HOLDER_PROFIT":7778000,"HOLDER_PROFIT_YOY":-11.0475754803,"GROSS_PROFIT_RATIO":24.547000242895,"EPS_TTM":0.03065,"OPERATE_INCOME_QOQ":-6.169867107093,"NET_PROFIT_RATIO":9.3538984698,"ROE_AVG":2.541904827266,"GROSS_PROFIT_QOQ":-9.423405261967,"ROA":1.534957886344,"HOLDER_PROFIT_QOQ":-4.557678697806,"ROE_YEARLY":5.083809654532,"ROIC_YEARLY":3.87369406632,"TOTAL_ASSETS":521841000,"TOTAL_LIABILITIES":211210000,"TAX_EBT":14.932626463442,"OCF_SALES":10.759047850377,"TOTAL_PARENT_EQUITY":310240000,"DEBT_ASSET_RATIO":40.4740141154,"OPERATE_PROFIT":9434000,"PRETAX_PROFIT":9054000,"NETCASH_OPERATE":8859000,"NETCASH_INVEST":-1653000,"NETCASH_FINANCE":4690000,"END_CASH":111508000,"DIVI_RATIO":0.071255797716,"DIVIDEND_RATE":0.971774193548,"CURRENT_RATIO":2.093077230892,"COMMON_ACS":2000000000,"CURRENTDEBT_DEBT":94.654609156763,"ISSUED_COMMON_SHARES":660000000,"HK_COMMON_SHARES":660000000,"PER_SHARES":4000,"TOTAL_MARKET_CAP":163680000,"HKSK_MARKET_CAP":163680000,"PE_TTM":10.414330769692,"PB_TTM":0.430964739279,"REPORT_DATE_SQ":"2021-06-30 00:00:00","REPORT_TYPE_SQ":"2021年中报","OPERATE_INCOME_SQ":96050000,"DPS_HKD":0.00241,"OPERATE_INCOME_QOQ_SQ":-7.940721079407,"NET_PROFIT_RATIO_SQ":9.0536179073,"HOLDER_PROFIT_SQ":8744000,"HOLDER_PROFIT_QOQ_SQ":-32.211521501393,"ROE_AVG_SQ":3.042216670958,"PE_TTM_SQ":8.112044143034,"PB_TTM_SQ":0.563981379719,"ROA_SQ":1.8687653945,"START_DATE":"2022-01-01 00:00:00","FISCAL_YEAR":"12-31","CURRENCY":"HKD","IS_CNY_CODE":0,"DPS_HKD_LY":0.00286,"ORG_TYPE":"一般企业","PREMIUM_INCOME":null,"PREMIUM_INCOME_YOY":null,"NET_INTEREST_INCOME":null,"NET_INTEREST_INCOME_YOY":null,"FEE_COMMISSION_INCOME":null,"FEE_COMMISSION_INCOME_YOY":null,"ACCOUNTS_RECE_TDAYS":0.941566609491,"INVENTORY_TDAYS":0.306633072327,"CURRENT_ASSETS_TDAYS":0.204623791927,"TOTAL_ASSETS_TDAYS":0.162494770329,"PREMIUM_EXPENSE":null,"LOAN_DEPOSIT":null,"LOAN_EQUITY":null,"LOAN_ASSETS":null,"DEPOSIT_EQUITY":null,"DEPOSIT_ASSETS":null,"EQUITY_MULTIPLIER":1.679938576639,"EQUITY_RATIO":0.680795513151},{"SECUCODE":"01930.HK","SECURITY_CODE":"01930","SECURITY_NAME_ABBR":"勋龙","ORG_CODE":"10000003952","STD_REPORT_DATE":"2021-12-31 00:00:00","REPORT_DATE":"2021-12-31 00:00:00","DATE_TYPE_CODE":"001","REPORT_TYPE":"2021年年报","PER_NETCASH_OPERATE":0.024972727273,"PER_OI":0.33668030303,"BPS":0.457184848485,"BASIC_EPS":0.032,"DILUTED_EPS":0.032,"OPERATE_INCOME":222209000,"OPERATE_INCOME_YOY":9.2231315589,"GROSS_PROFIT":48613000,"GROSS_PROFIT_YOY":-31.74727974728,"HOLDER_PROFIT":21195000,"HOLDER_PROFIT_YOY":-25.2301830882,"GROSS_PROFIT_RATIO":21.877151690526,"EPS_TTM":0.032113636364,"OPERATE_INCOME_QOQ":18.644348336804,"NET_PROFIT_RATIO":9.4879145309,"ROE_AVG":7.234763730947,"GROSS_PROFIT_QOQ":-7.672877139004,"ROA":4.382328433754,"HOLDER_PROFIT_QOQ":10.298709408826,"ROE_YEARLY":7.234763730947,"ROIC_YEARLY":5.557820872705,"TOTAL_ASSETS":491607000,"TOTAL_LIABILITIES":189548000,"TAX_EBT":17.750555924004,"OCF_SALES":7.417341331809,"TOTAL_PARENT_EQUITY":301742000,"DEBT_ASSET_RATIO":38.5568146914,"OPERATE_PROFIT":26325000,"PRETAX_PROFIT":25633000,"NETCASH_OPERATE":16482000,"NETCASH_INVEST":-4235000,"NETCASH_FINANCE":-8934000,"END_CASH":98071000,"DIVI_RATIO":0.068008187403,"DIVIDEND_RATE":0.971774193548,"CURRENT_RATIO":2.198758188161,"COMMON_ACS":2000000000,"CURRENTDEBT_DEBT":92.700002110283,"ISSUED_COMMON_SHARES":660000000,"HK_COMMON_SHARES":660000000,"PER_SHARES":4000,"TOTAL_MARKET_CAP":163680000,"HKSK_MARKET_CAP":163680000,"PE_TTM":10.414330769692,"PB_TTM":0.430964739279,"REPORT_DATE_SQ":"2020-12-31 00:00:00","REPORT_TYPE_SQ":"2020年年报","OPERATE_INCOME_SQ":203445000,"DPS_HKD":0.00241,"OPERATE_INCOME_QOQ_SQ":-10.943553152838,"NET_PROFIT_RATIO_SQ":13.9231733392,"HOLDER_PROFIT_SQ":28347000,"HOLDER_PROFIT_QOQ_SQ":-29.219206472072,"ROE_AVG_SQ":10.367206171975,"PE_TTM_SQ":8.112044143034,"PB_TTM_SQ":0.563981379719,"ROA_SQ":6.353956176598,"START_DATE":"2021-01-01 00:00:00","FISCAL_YEAR":"12-31","CURRENCY":"HKD","IS_CNY_CODE":0,"DPS_HKD_LY":0.00371,"ORG_TYPE":"一般企业","PREMIUM_INCOME":null,"PREMIUM_INCOME_YOY":null,"NET_INTEREST_INCOME":null,"NET_INTEREST_INCOME_YOY":null,"FEE_COMMISSION_INCOME":null,"FEE_COMMISSION_INCOME_YOY":null,"ACCOUNTS_RECE_TDAYS":2.465591851227,"INVENTORY_TDAYS":0.943954149742,"CURRENT_ASSETS_TDAYS":0.581427265008,"TOTAL_ASSETS_TDAYS":0.459444594922,"PREMIUM_EXPENSE":null,"LOAN_DEPOSIT":null,"LOAN_EQUITY":null,"LOAN_ASSETS":null,"DEPOSIT_EQUITY":null,"DEPOSIT_ASSETS":null,"EQUITY_MULTIPLIER":1.62751978918,"EQUITY_RATIO":0.628179040372},{"SECUCODE":"01930.HK","SECURITY_CODE":"01930","SECURITY_NAME_ABBR":"勋龙","ORG_CODE":"10000003952","STD_REPORT_DATE":"2021-06-30 00:00:00","REPORT_DATE":"2021-06-30 00:00:00","DATE_TYPE_CODE":"002","REPORT_TYPE":"2021年中报","PER_NETCASH_OPERATE":-0.007563636364,"PER_OI":0.14553030303,"BPS":0.440401515152,"BASIC_EPS":0.013,"DILUTED_EPS":0.013,"OPERATE_INCOME":96050000,"OPERATE_INCOME_YOY":-14.3977541108,"GROSS_PROFIT":24793000,"GROSS_PROFIT_YOY":-42.827164764211,"HOLDER_PROFIT":8744000,"HOLDER_PROFIT_YOY":-51.0825174825,"GROSS_PROFIT_RATIO":25.812597605414,"EPS_TTM":0.029115151515,"OPERATE_INCOME_QOQ":-7.940721079407,"NET_PROFIT_RATIO":9.0536179073,"ROE_AVG":3.042216670958,"GROSS_PROFIT_QOQ":-26.075114075114,"ROA":1.8687653945,"HOLDER_PROFIT_QOQ":-32.211521501393,"ROE_YEARLY":6.084433341915,"ROIC_YEARLY":4.757150823552,"TOTAL_ASSETS":460118000,"TOTAL_LIABILITIES":169222000,"TAX_EBT":15.711931763109,"OCF_SALES":-5.197293076523,"TOTAL_PARENT_EQUITY":290665000,"DEBT_ASSET_RATIO":36.7779569589,"OPERATE_PROFIT":10670000,"PRETAX_PROFIT":10317000,"NETCASH_OPERATE":-4992000,"NETCASH_INVEST":-4141000,"NETCASH_FINANCE":-2117000,"END_CASH":84147000,"DIVI_RATIO":0.075012152998,"DIVIDEND_RATE":0.971774193548,"CURRENT_RATIO":2.346557423256,"COMMON_ACS":2000000000,"CURRENTDEBT_DEBT":92.248052853648,"ISSUED_COMMON_SHARES":660000000,"HK_COMMON_SHARES":660000000,"PER_SHARES":4000,"TOTAL_MARKET_CAP":163680000,"HKSK_MARKET_CAP":163680000,"PE_TTM":10.414330769692,"PB_TTM":0.430964739279,"REPORT_DATE_SQ":"2020-06-30 00:00:00","REPORT_TYPE_SQ":"2020年中报","OPERATE_INCOME_SQ":112205000,"DPS_HKD":0.00241,"OPERATE_INCOME_QOQ_SQ":-0.774449675973,"NET_PROFIT_RATIO_SQ":15.9306626264,"HOLDER_PROFIT_SQ":17875000,"HOLDER_PROFIT_QOQ_SQ":68.890482014085,"ROE_AVG_SQ":6.604690346252,"PE_TTM_SQ":8.112044143034,"PB_TTM_SQ":0.563981379719,"ROA_SQ":4.055913749151,"START_DATE":"2021-01-01 00:00:00","FISCAL_YEAR":"12-31","CURRENCY":"HKD","IS_CNY_CODE":0,"DPS_HKD_LY":0.00371,"ORG_TYPE":"一般企业","PREMIUM_INCOME":null,"PREMIUM_INCOME_YOY":null,"NET_INTEREST_INCOME":null,"NET_INTEREST_INCOME_YOY":null,"FEE_COMMISSION_INCOME":null,"FEE_COMMISSION_INCOME_YOY":null,"ACCOUNTS_RECE_TDAYS":1.119189941856,"INVENTORY_TDAYS":0.387354722274,"CURRENT_ASSETS_TDAYS":0.258088612663,"TOTAL_ASSETS_TDAYS":0.205277808945,"PREMIUM_EXPENSE":null,"LOAN_DEPOSIT":null,"LOAN_EQUITY":null,"LOAN_ASSETS":null,"DEPOSIT_EQUITY":null,"DEPOSIT_ASSETS":null,"EQUITY_MULTIPLIER":1.581726802707,"EQUITY_RATIO":0.582189118057},{"SECUCODE":"01930.HK","SECURITY_CODE":"01930","SECURITY_NAME_ABBR":"勋龙","ORG_CODE":"10000003952","STD_REPORT_DATE":"2020-12-31 00:00:00","REPORT_DATE":"2020-12-31 00:00:00","DATE_TYPE_CODE":"001","REPORT_TYPE":"2020年年报","PER_NETCASH_OPERATE":0.071871212121,"PER_OI":0.30825,"BPS":0.430574242424,"BASIC_EPS":0.043,"DILUTED_EPS":0.043,"OPERATE_INCOME":203445000,"OPERATE_INCOME_YOY":-11.6332505169,"GROSS_PROFIT":71225000,"GROSS_PROFIT_YOY":-8.186810353718,"HOLDER_PROFIT":28347000,"HOLDER_PROFIT_YOY":19.5420233627,"GROSS_PROFIT_RATIO":35.009462016761,"EPS_TTM":0.04295,"OPERATE_INCOME_QOQ":-10.943553152838,"NET_PROFIT_RATIO":13.9231733392,"ROE_AVG":10.367206171975,"GROSS_PROFIT_QOQ":-19.288126374,"ROA":6.353956176598,"HOLDER_PROFIT_QOQ":-29.219206472072,"ROE_YEARLY":10.367206171975,"ROIC_YEARLY":8.10885030937,"TOTAL_ASSETS":475687000,"TOTAL_LIABILITIES":191229000,"TAX_EBT":16.900871299909,"OCF_SALES":23.315883899826,"TOTAL_PARENT_EQUITY":284179000,"DEBT_ASSET_RATIO":40.2005940881,"OPERATE_PROFIT":34925000,"PRETAX_PROFIT":34087000,"NETCASH_OPERATE":47435000,"NETCASH_INVEST":-27426000,"NETCASH_FINANCE":-7560000,"END_CASH":95918000,"DIVI_RATIO":0.050849597206,"DIVIDEND_RATE":0.971774193548,"CURRENT_RATIO":2.139293374609,"COMMON_ACS":2000000000,"CURRENTDEBT_DEBT":92.401780064739,"ISSUED_COMMON_SHARES":660000000,"HK_COMMON_SHARES":660000000,"PER_SHARES":4000,"TOTAL_MARKET_CAP":163680000,"HKSK_MARKET_CAP":163680000,"PE_TTM":10.414330769692,"PB_TTM":0.430964739279,"REPORT_DATE_SQ":"2019-12-31 00:00:00","REPORT_TYPE_SQ":"2019年年报","OPERATE_INCOME_SQ":230228000,"DPS_HKD":0.00241,"OPERATE_INCOME_QOQ_SQ":-5.981035144605,"NET_PROFIT_RATIO_SQ":10.2997897736,"HOLDER_PROFIT_SQ":23713000,"HOLDER_PROFIT_QOQ_SQ":16.40567473369,"ROE_AVG_SQ":12.037086388544,"PE_TTM_SQ":8.112044143034,"PB_TTM_SQ":0.563981379719,"ROA_SQ":6.564297617664,"START_DATE":"2020-01-01 00:00:00","FISCAL_YEAR":"12-31","CURRENCY":"HKD","IS_CNY_CODE":0,"DPS_HKD_LY":0.006165,"ORG_TYPE":"一般企业","PREMIUM_INCOME":null,"PREMIUM_INCOME_YOY":null,"NET_INTEREST_INCOME":null,"NET_INTEREST_INCOME_YOY":null,"FEE_COMMISSION_INCOME":null,"FEE_COMMISSION_INCOME_YOY":null,"ACCOUNTS_RECE_TDAYS":2.165471875848,"INVENTORY_TDAYS":0.81616528242,"CURRENT_ASSETS_TDAYS":0.574227300247,"TOTAL_ASSETS_TDAYS":0.456020254118,"PREMIUM_EXPENSE":null,"LOAN_DEPOSIT":null,"LOAN_EQUITY":null,"LOAN_ASSETS":null,"DEPOSIT_EQUITY":null,"DEPOSIT_ASSETS":null,"EQUITY_MULTIPLIER":1.672257415857,"EQUITY_RATIO":0.672917421766},{"SECUCODE":"01930.HK","SECURITY_CODE":"01930","SECURITY_NAME_ABBR":"勋龙","ORG_CODE":"10000003952","STD_REPORT_DATE":"2020-06-30 00:00:00","REPORT_DATE":"2020-06-30 00:00:00","DATE_TYPE_CODE":"002","REPORT_TYPE":"2020年中报","PER_NETCASH_OPERATE":0.061942424242,"PER_OI":0.170007575758,"BPS":0.422124242424,"BASIC_EPS":0.027,"DILUTED_EPS":0.027,"OPERATE_INCOME":112205000,"OPERATE_INCOME_YOY":-1.5641997403,"GROSS_PROFIT":43365000,"GROSS_PROFIT_YOY":32.634959473926,"HOLDER_PROFIT":17875000,"HOLDER_PROFIT_YOY":1061.4684860299,"GROSS_PROFIT_RATIO":38.64801033822,"EPS_TTM":0.06068030303,"OPERATE_INCOME_QOQ":-0.774449675973,"NET_PROFIT_RATIO":15.9306626264,"ROE_AVG":6.604690346252,"GROSS_PROFIT_QOQ":13.754253892957,"ROA":4.055913749151,"HOLDER_PROFIT_QOQ":68.890482014085,"ROE_YEARLY":13.209380692504,"ROIC_YEARLY":10.216197602694,"TOTAL_ASSETS":464853000,"TOTAL_LIABILITIES":186251000,"TAX_EBT":18.602003642987,"OCF_SALES":36.435096475202,"TOTAL_PARENT_EQUITY":278602000,"DEBT_ASSET_RATIO":40.0666447242,"OPERATE_PROFIT":22374000,"PRETAX_PROFIT":21960000,"NETCASH_OPERATE":40882000,"NETCASH_INVEST":-31320000,"NETCASH_FINANCE":-2013000,"END_CASH":94656000,"DIVI_RATIO":0.035991748408,"DIVIDEND_RATE":0.909433962264,"CURRENT_RATIO":2.154479165469,"COMMON_ACS":2000000000,"CURRENTDEBT_DEBT":93.365404749505,"ISSUED_COMMON_SHARES":660000000,"HK_COMMON_SHARES":660000000,"PER_SHARES":4000,"TOTAL_MARKET_CAP":174900000,"HKSK_MARKET_CAP":174900000,"PE_TTM":11.128216346647,"PB_TTM":0.460506677052,"REPORT_DATE_SQ":"2019-06-30 00:00:00","REPORT_TYPE_SQ":"2019年中报","OPERATE_INCOME_SQ":113988000,"DPS_HKD":0.00241,"OPERATE_INCOME_QOQ_SQ":12.732947849146,"NET_PROFIT_RATIO_SQ":1.3501421202,"HOLDER_PROFIT_SQ":1539000,"HOLDER_PROFIT_QOQ_SQ":-35.02280629007,"ROE_AVG_SQ":0.831424496499,"PE_TTM_SQ":8.766241251344,"PB_TTM_SQ":0.609463749051,"ROA_SQ":0.413074519824,"START_DATE":"2020-01-01 00:00:00","FISCAL_YEAR":"12-31","CURRENCY":"HKD","IS_CNY_CODE":0,"DPS_HKD_LY":0.006165,"ORG_TYPE":"一般企业","PREMIUM_INCOME":null,"PREMIUM_INCOME_YOY":null,"NET_INTEREST_INCOME":null,"NET_INTEREST_INCOME_YOY":null,"FEE_COMMISSION_INCOME":null,"FEE_COMMISSION_INCOME_YOY":null,"ACCOUNTS_RECE_TDAYS":1.20550079235,"INVENTORY_TDAYS":0.43924771491,"CURRENT_ASSETS_TDAYS":0.318209597761,"TOTAL_ASSETS_TDAYS":0.254597931314,"PREMIUM_EXPENSE":null,"LOAN_DEPOSIT":null,"LOAN_EQUITY":null,"LOAN_ASSETS":null,"DEPOSIT_EQUITY":null,"DEPOSIT_ASSETS":null,"EQUITY_MULTIPLIER":1.668519967551,"EQUITY_RATIO":0.668519967552}],"count":15},"success":true,"message":"ok","code":0}