{"version":"f7f48f350d02f37d475e4e7bc87d1c6d","result":{"pages":3,"data":[{"SECUCODE":"01933.HK","SECURITY_CODE":"01933","SECURITY_NAME_ABBR":"元力控股","ORG_CODE":"10634847","STD_REPORT_DATE":"2024-06-30 00:00:00","REPORT_DATE":"2024-09-30 00:00:00","DATE_TYPE_CODE":"002","REPORT_TYPE":"2024年中报","PER_NETCASH_OPERATE":-0.028254082435,"PER_OI":0.366384288101,"BPS":0.522186561889,"BASIC_EPS":-0.0282,"DILUTED_EPS":-0.0282,"OPERATE_INCOME":184631000,"OPERATE_INCOME_YOY":-27.2203717208,"GROSS_PROFIT":17830000,"GROSS_PROFIT_YOY":-56.501585752623,"HOLDER_PROFIT":-13988000,"HOLDER_PROFIT_YOY":-595.8525345622,"GROSS_PROFIT_RATIO":9.657099836972,"EPS_TTM":0.016583745393,"OPERATE_INCOME_QOQ":0,"NET_PROFIT_RATIO":-7.5761925137,"ROE_AVG":-5.178515896874,"GROSS_PROFIT_QOQ":0,"ROA":-2.176692059851,"HOLDER_PROFIT_QOQ":0,"ROE_YEARLY":-10.357031793748,"ROIC_YEARLY":-4.761495473124,"TOTAL_ASSETS":628748000,"TOTAL_LIABILITIES":365604000,"TAX_EBT":16.154168914464,"OCF_SALES":-7.711597727359,"TOTAL_PARENT_EQUITY":263144000,"DEBT_ASSET_RATIO":58.1479384427,"OPERATE_PROFIT":-13740000,"PRETAX_PROFIT":-16683000,"NETCASH_OPERATE":-14238000,"NETCASH_INVEST":null,"NETCASH_FINANCE":-1355000,"END_CASH":47269000,"DIVI_RATIO":null,"DIVIDEND_RATE":null,"CURRENT_RATIO":1.720577648392,"COMMON_ACS":2000000000,"CURRENTDEBT_DEBT":95.364109801862,"ISSUED_COMMON_SHARES":503927177,"HK_COMMON_SHARES":503927177,"PER_SHARES":4000,"TOTAL_MARKET_CAP":67022314.541,"HKSK_MARKET_CAP":67022314.541,"PE_TTM":-7.155053289098,"PB_TTM":0.229684328846,"REPORT_DATE_SQ":"2023-06-30 00:00:00","REPORT_TYPE_SQ":"2023年中报","OPERATE_INCOME_SQ":253685000,"DPS_HKD":null,"OPERATE_INCOME_QOQ_SQ":0,"NET_PROFIT_RATIO_SQ":1.1120089875,"HOLDER_PROFIT_SQ":2821000,"HOLDER_PROFIT_QOQ_SQ":0,"ROE_AVG_SQ":1.04463683965,"PE_TTM_SQ":2.847772407786,"PB_TTM_SQ":0.284303440909,"ROA_SQ":0.498035047826,"START_DATE":"2024-04-01 00:00:00","FISCAL_YEAR":"3-31","CURRENCY":"HKD","IS_CNY_CODE":0,"DPS_HKD_LY":null,"ORG_TYPE":"一般企业","PREMIUM_INCOME":null,"PREMIUM_INCOME_YOY":null,"NET_INTEREST_INCOME":null,"NET_INTEREST_INCOME_YOY":null,"FEE_COMMISSION_INCOME":null,"FEE_COMMISSION_INCOME_YOY":null,"ACCOUNTS_RECE_TDAYS":0.422255485712,"INVENTORY_TDAYS":2.781291425237,"CURRENT_ASSETS_TDAYS":0.300794299227,"TOTAL_ASSETS_TDAYS":0.287306857094,"PREMIUM_EXPENSE":null,"LOAN_DEPOSIT":null,"LOAN_EQUITY":null,"LOAN_ASSETS":null,"DEPOSIT_EQUITY":null,"DEPOSIT_ASSETS":null,"EQUITY_MULTIPLIER":2.389368558657,"EQUITY_RATIO":1.38936855866},{"SECUCODE":"01933.HK","SECURITY_CODE":"01933","SECURITY_NAME_ABBR":"元力控股","ORG_CODE":"10634847","STD_REPORT_DATE":"2023-12-31 00:00:00","REPORT_DATE":"2024-03-31 00:00:00","DATE_TYPE_CODE":"001","REPORT_TYPE":"2023年年报","PER_NETCASH_OPERATE":-0.095805509612,"PER_OI":0.973458115358,"BPS":0.549857226692,"BASIC_EPS":0.0169,"DILUTED_EPS":0.0169,"OPERATE_INCOME":490552000,"OPERATE_INCOME_YOY":9.0452384181,"GROSS_PROFIT":77078000,"GROSS_PROFIT_YOY":-18.761791334226,"HOLDER_PROFIT":8357000,"HOLDER_PROFIT_YOY":-74.3414184833,"GROSS_PROFIT_RATIO":15.712503465484,"EPS_TTM":0.05097561944,"OPERATE_INCOME_QOQ":0,"NET_PROFIT_RATIO":1.7035910566,"ROE_AVG":3.063669107606,"GROSS_PROFIT_QOQ":0,"ROA":1.374918149841,"HOLDER_PROFIT_QOQ":0,"ROE_YEARLY":3.063669107606,"ROIC_YEARLY":1.523293244431,"TOTAL_ASSETS":656505000,"TOTAL_LIABILITIES":379417000,"TAX_EBT":0.936462778568,"OCF_SALES":-9.841770087575,"TOTAL_PARENT_EQUITY":277088000,"DEBT_ASSET_RATIO":57.7934669195,"OPERATE_PROFIT":12259000,"PRETAX_PROFIT":8436000,"NETCASH_OPERATE":-48279000,"NETCASH_INVEST":-357000,"NETCASH_FINANCE":55741000,"END_CASH":62891000,"DIVI_RATIO":null,"DIVIDEND_RATE":null,"CURRENT_RATIO":1.708415320177,"COMMON_ACS":2000000000,"CURRENTDEBT_DEBT":96.842524188426,"ISSUED_COMMON_SHARES":503927177,"HK_COMMON_SHARES":503927177,"PER_SHARES":4000,"TOTAL_MARKET_CAP":79116566.789,"HKSK_MARKET_CAP":79116566.789,"PE_TTM":-8.446190724725,"PB_TTM":0.271131125029,"REPORT_DATE_SQ":"2022-12-31 00:00:00","REPORT_TYPE_SQ":"2022年年报","OPERATE_INCOME_SQ":449861000,"DPS_HKD":null,"OPERATE_INCOME_QOQ_SQ":0,"NET_PROFIT_RATIO_SQ":7.2400141377,"HOLDER_PROFIT_SQ":32570000,"HOLDER_PROFIT_QOQ_SQ":0,"ROE_AVG_SQ":12.935459721155,"PE_TTM_SQ":2.745457231459,"PB_TTM_SQ":0.274088946026,"ROA_SQ":6.559219257562,"START_DATE":"2023-04-01 00:00:00","FISCAL_YEAR":"3-31","CURRENCY":"HKD","IS_CNY_CODE":0,"DPS_HKD_LY":null,"ORG_TYPE":"一般企业","PREMIUM_INCOME":null,"PREMIUM_INCOME_YOY":null,"NET_INTEREST_INCOME":null,"NET_INTEREST_INCOME_YOY":null,"FEE_COMMISSION_INCOME":null,"FEE_COMMISSION_INCOME_YOY":null,"ACCOUNTS_RECE_TDAYS":1.182729875531,"INVENTORY_TDAYS":10.584392479105,"CURRENT_ASSETS_TDAYS":0.843503305735,"TOTAL_ASSETS_TDAYS":0.807070537562,"PREMIUM_EXPENSE":null,"LOAN_DEPOSIT":null,"LOAN_EQUITY":null,"LOAN_ASSETS":null,"DEPOSIT_EQUITY":null,"DEPOSIT_ASSETS":null,"EQUITY_MULTIPLIER":2.369301449358,"EQUITY_RATIO":1.369301449359},{"SECUCODE":"01933.HK","SECURITY_CODE":"01933","SECURITY_NAME_ABBR":"元力控股","ORG_CODE":"10634847","STD_REPORT_DATE":"2023-06-30 00:00:00","REPORT_DATE":"2023-09-30 00:00:00","DATE_TYPE_CODE":"002","REPORT_TYPE":"2023年中报","PER_NETCASH_OPERATE":-0.121948175857,"PER_OI":0.503415992585,"BPS":0.539016374582,"BASIC_EPS":0.0057,"DILUTED_EPS":0.0057,"OPERATE_INCOME":253685000,"OPERATE_INCOME_YOY":41.4263892605,"GROSS_PROFIT":40990000,"GROSS_PROFIT_YOY":20.272292479681,"HOLDER_PROFIT":2821000,"HOLDER_PROFIT_YOY":-70.9265175719,"GROSS_PROFIT_RATIO":16.157833533713,"EPS_TTM":0.064632354607,"OPERATE_INCOME_QOQ":0,"NET_PROFIT_RATIO":1.1120089875,"ROE_AVG":1.04463683965,"GROSS_PROFIT_QOQ":0,"ROA":0.498035047826,"HOLDER_PROFIT_QOQ":0,"ROE_YEARLY":2.089273679299,"ROIC_YEARLY":1.067961900147,"TOTAL_ASSETS":573721000,"TOTAL_LIABILITIES":302096000,"TAX_EBT":-37.878787878788,"OCF_SALES":-24.224136231941,"TOTAL_PARENT_EQUITY":271625000,"DEBT_ASSET_RATIO":52.6555590609,"OPERATE_PROFIT":3792000,"PRETAX_PROFIT":2046000,"NETCASH_OPERATE":-61453000,"NETCASH_INVEST":-48000,"NETCASH_FINANCE":26327000,"END_CASH":20743000,"DIVI_RATIO":null,"DIVIDEND_RATE":null,"CURRENT_RATIO":1.865479436358,"COMMON_ACS":2000000000,"CURRENTDEBT_DEBT":98.218116095546,"ISSUED_COMMON_SHARES":503927177,"HK_COMMON_SHARES":503927177,"PER_SHARES":4000,"TOTAL_MARKET_CAP":79116566.789,"HKSK_MARKET_CAP":79116566.789,"PE_TTM":-8.446190724725,"PB_TTM":0.271131125029,"REPORT_DATE_SQ":"2022-06-30 00:00:00","REPORT_TYPE_SQ":"2022年中报","OPERATE_INCOME_SQ":179376000,"DPS_HKD":null,"OPERATE_INCOME_QOQ_SQ":0,"NET_PROFIT_RATIO_SQ":5.4093078227,"HOLDER_PROFIT_SQ":9703000,"HOLDER_PROFIT_QOQ_SQ":0,"ROE_AVG_SQ":4.03475469415,"PE_TTM_SQ":2.745457231459,"PB_TTM_SQ":0.274088946026,"ROA_SQ":2.221718483104,"START_DATE":"2023-04-01 00:00:00","FISCAL_YEAR":"3-31","CURRENCY":"HKD","IS_CNY_CODE":0,"DPS_HKD_LY":null,"ORG_TYPE":"一般企业","PREMIUM_INCOME":null,"PREMIUM_INCOME_YOY":null,"NET_INTEREST_INCOME":null,"NET_INTEREST_INCOME_YOY":null,"FEE_COMMISSION_INCOME":null,"FEE_COMMISSION_INCOME_YOY":null,"ACCOUNTS_RECE_TDAYS":0.647689295006,"INVENTORY_TDAYS":6.812562057589,"CURRENT_ASSETS_TDAYS":0.465944290927,"TOTAL_ASSETS_TDAYS":0.447869624629,"PREMIUM_EXPENSE":null,"LOAN_DEPOSIT":null,"LOAN_EQUITY":null,"LOAN_ASSETS":null,"DEPOSIT_EQUITY":null,"DEPOSIT_ASSETS":null,"EQUITY_MULTIPLIER":2.112180395765,"EQUITY_RATIO":1.112180395766},{"SECUCODE":"01933.HK","SECURITY_CODE":"01933","SECURITY_NAME_ABBR":"元力控股","ORG_CODE":"10634847","STD_REPORT_DATE":"2022-12-31 00:00:00","REPORT_DATE":"2023-03-31 00:00:00","DATE_TYPE_CODE":"001","REPORT_TYPE":"2022年年报","PER_NETCASH_OPERATE":0.007741197891,"PER_OI":0.892710336994,"BPS":0.532749596079,"BASIC_EPS":0.0657,"DILUTED_EPS":0.0657,"OPERATE_INCOME":449861000,"OPERATE_INCOME_YOY":19.4202875467,"GROSS_PROFIT":94879000,"GROSS_PROFIT_YOY":7.48481964836,"HOLDER_PROFIT":32570000,"HOLDER_PROFIT_YOY":47.9042731938,"GROSS_PROFIT_RATIO":21.090736916514,"EPS_TTM":0.047356048828,"OPERATE_INCOME_QOQ":0,"NET_PROFIT_RATIO":7.2400141377,"ROE_AVG":12.935459721155,"GROSS_PROFIT_QOQ":0,"ROA":6.559219257562,"HOLDER_PROFIT_QOQ":0,"ROE_YEARLY":12.935459721155,"ROIC_YEARLY":7.240472842669,"TOTAL_ASSETS":559131000,"TOTAL_LIABILITIES":290664000,"TAX_EBT":4.248125826841,"OCF_SALES":0.867156743972,"TOTAL_PARENT_EQUITY":268467000,"DEBT_ASSET_RATIO":51.9849552252,"OPERATE_PROFIT":36571000,"PRETAX_PROFIT":34015000,"NETCASH_OPERATE":3901000,"NETCASH_INVEST":-146000,"NETCASH_FINANCE":22557000,"END_CASH":55517000,"DIVI_RATIO":null,"DIVIDEND_RATE":null,"CURRENT_RATIO":1.865572308153,"COMMON_ACS":2000000000,"CURRENTDEBT_DEBT":98.734965458399,"ISSUED_COMMON_SHARES":503927177,"HK_COMMON_SHARES":503927177,"PER_SHARES":4000,"TOTAL_MARKET_CAP":79620493.966,"HKSK_MARKET_CAP":79620493.966,"PE_TTM":-8.499988117876,"PB_TTM":0.27285807487,"REPORT_DATE_SQ":"2021-12-31 00:00:00","REPORT_TYPE_SQ":"2021年年报","OPERATE_INCOME_SQ":376704000,"DPS_HKD":null,"OPERATE_INCOME_QOQ_SQ":0,"NET_PROFIT_RATIO_SQ":5.8457037887,"HOLDER_PROFIT_SQ":22021000,"HOLDER_PROFIT_QOQ_SQ":0,"ROE_AVG_SQ":9.817370428409,"PE_TTM_SQ":2.38382402957,"PB_TTM_SQ":0.299625183233,"ROA_SQ":5.521344719858,"START_DATE":"2022-04-01 00:00:00","FISCAL_YEAR":"3-31","CURRENCY":"HKD","IS_CNY_CODE":0,"DPS_HKD_LY":null,"ORG_TYPE":"一般企业","PREMIUM_INCOME":null,"PREMIUM_INCOME_YOY":null,"NET_INTEREST_INCOME":null,"NET_INTEREST_INCOME_YOY":null,"FEE_COMMISSION_INCOME":null,"FEE_COMMISSION_INCOME_YOY":null,"ACCOUNTS_RECE_TDAYS":1.328504940612,"INVENTORY_TDAYS":20.943508658073,"CURRENT_ASSETS_TDAYS":0.959850899765,"TOTAL_ASSETS_TDAYS":0.905967741611,"PREMIUM_EXPENSE":null,"LOAN_DEPOSIT":null,"LOAN_EQUITY":null,"LOAN_ASSETS":null,"DEPOSIT_EQUITY":null,"DEPOSIT_ASSETS":null,"EQUITY_MULTIPLIER":2.082680552919,"EQUITY_RATIO":1.082680552917},{"SECUCODE":"01933.HK","SECURITY_CODE":"01933","SECURITY_NAME_ABBR":"元力控股","ORG_CODE":"10634847","STD_REPORT_DATE":"2022-06-30 00:00:00","REPORT_DATE":"2022-09-30 00:00:00","DATE_TYPE_CODE":"002","REPORT_TYPE":"2022年中报","PER_NETCASH_OPERATE":-0.038068992655,"PER_OI":0.355956194043,"BPS":0.487889939701,"BASIC_EPS":0.0196,"DILUTED_EPS":0.0196,"OPERATE_INCOME":179376000,"OPERATE_INCOME_YOY":9.7033820561,"GROSS_PROFIT":34081000,"GROSS_PROFIT_YOY":6.729926092948,"HOLDER_PROFIT":9703000,"HOLDER_PROFIT_YOY":23.4478371501,"GROSS_PROFIT_RATIO":18.9997547052,"EPS_TTM":0.043698774357,"OPERATE_INCOME_QOQ":0,"NET_PROFIT_RATIO":5.4093078227,"ROE_AVG":4.03475469415,"GROSS_PROFIT_QOQ":0,"ROA":2.221718483104,"HOLDER_PROFIT_QOQ":0,"ROE_YEARLY":8.0695093883,"ROIC_YEARLY":4.739679120353,"TOTAL_ASSETS":439493000,"TOTAL_LIABILITIES":193632000,"TAX_EBT":11.903032504086,"OCF_SALES":-10.694853269111,"TOTAL_PARENT_EQUITY":245861000,"DEBT_ASSET_RATIO":44.0580396047,"OPERATE_PROFIT":12519000,"PRETAX_PROFIT":11014000,"NETCASH_OPERATE":-19184000,"NETCASH_INVEST":-1968000,"NETCASH_FINANCE":8169000,"END_CASH":16670000,"DIVI_RATIO":null,"DIVIDEND_RATE":null,"CURRENT_RATIO":2.163304167191,"COMMON_ACS":2000000000,"CURRENTDEBT_DEBT":98.450669310858,"ISSUED_COMMON_SHARES":503927177,"HK_COMMON_SHARES":503927177,"PER_SHARES":4000,"TOTAL_MARKET_CAP":79620493.966,"HKSK_MARKET_CAP":79620493.966,"PE_TTM":-8.499988117876,"PB_TTM":0.27285807487,"REPORT_DATE_SQ":"2021-06-30 00:00:00","REPORT_TYPE_SQ":"2021年中报","OPERATE_INCOME_SQ":163510000,"DPS_HKD":null,"OPERATE_INCOME_QOQ_SQ":0,"NET_PROFIT_RATIO_SQ":4.8070454406,"HOLDER_PROFIT_SQ":7860000,"HOLDER_PROFIT_QOQ_SQ":0,"ROE_AVG_SQ":3.615887824671,"PE_TTM_SQ":2.38382402957,"PB_TTM_SQ":0.299625183233,"ROA_SQ":2.074267211008,"START_DATE":"2022-04-01 00:00:00","FISCAL_YEAR":"3-31","CURRENCY":"HKD","IS_CNY_CODE":0,"DPS_HKD_LY":null,"ORG_TYPE":"一般企业","PREMIUM_INCOME":null,"PREMIUM_INCOME_YOY":null,"NET_INTEREST_INCOME":null,"NET_INTEREST_INCOME_YOY":null,"FEE_COMMISSION_INCOME":null,"FEE_COMMISSION_INCOME_YOY":null,"ACCOUNTS_RECE_TDAYS":0.589465105503,"INVENTORY_TDAYS":10.786162354775,"CURRENT_ASSETS_TDAYS":0.440534606487,"TOTAL_ASSETS_TDAYS":0.410721400212,"PREMIUM_EXPENSE":null,"LOAN_DEPOSIT":null,"LOAN_EQUITY":null,"LOAN_ASSETS":null,"DEPOSIT_EQUITY":null,"DEPOSIT_ASSETS":null,"EQUITY_MULTIPLIER":1.787566958565,"EQUITY_RATIO":0.787566958566},{"SECUCODE":"01933.HK","SECURITY_CODE":"01933","SECURITY_NAME_ABBR":"元力控股","ORG_CODE":"10634847","STD_REPORT_DATE":"2021-12-31 00:00:00","REPORT_DATE":"2022-03-31 00:00:00","DATE_TYPE_CODE":"001","REPORT_TYPE":"2021年年报","PER_NETCASH_OPERATE":-0.02824614478,"PER_OI":0.747536583049,"BPS":0.46655550788,"BASIC_EPS":0.0444,"DILUTED_EPS":0.0444,"OPERATE_INCOME":376704000,"OPERATE_INCOME_YOY":28.2763411495,"GROSS_PROFIT":88272000,"GROSS_PROFIT_YOY":31.85355579787,"HOLDER_PROFIT":22021000,"HOLDER_PROFIT_YOY":5.5909853752,"GROSS_PROFIT_RATIO":23.432721712538,"EPS_TTM":0.050765271586,"OPERATE_INCOME_QOQ":0,"NET_PROFIT_RATIO":5.8457037887,"ROE_AVG":9.817370428409,"GROSS_PROFIT_QOQ":0,"ROA":5.521344719858,"HOLDER_PROFIT_QOQ":0,"ROE_YEARLY":9.817370428409,"ROIC_YEARLY":6.049384581363,"TOTAL_ASSETS":433975000,"TOTAL_LIABILITIES":198865000,"TAX_EBT":14.69357712869,"OCF_SALES":-3.778563540605,"TOTAL_PARENT_EQUITY":235110000,"DEBT_ASSET_RATIO":45.8240682067,"OPERATE_PROFIT":27422000,"PRETAX_PROFIT":25814000,"NETCASH_OPERATE":-14234000,"NETCASH_INVEST":13686000,"NETCASH_FINANCE":7867000,"END_CASH":28597000,"DIVI_RATIO":null,"DIVIDEND_RATE":null,"CURRENT_RATIO":2.021275739824,"COMMON_ACS":2000000000,"CURRENTDEBT_DEBT":100,"ISSUED_COMMON_SHARES":503927177,"HK_COMMON_SHARES":503927177,"PER_SHARES":4000,"TOTAL_MARKET_CAP":79620493.966,"HKSK_MARKET_CAP":79620493.966,"PE_TTM":-8.499988117876,"PB_TTM":0.27285807487,"REPORT_DATE_SQ":"2020-12-31 00:00:00","REPORT_TYPE_SQ":"2020年年报","OPERATE_INCOME_SQ":293666000,"DPS_HKD":null,"OPERATE_INCOME_QOQ_SQ":0,"NET_PROFIT_RATIO_SQ":7.101605225,"HOLDER_PROFIT_SQ":20855000,"HOLDER_PROFIT_QOQ_SQ":0,"ROE_AVG_SQ":10.247124982496,"PE_TTM_SQ":2.38382402957,"PB_TTM_SQ":0.299625183233,"ROA_SQ":6.652206503884,"START_DATE":"2021-04-01 00:00:00","FISCAL_YEAR":"3-31","CURRENCY":"HKD","IS_CNY_CODE":0,"DPS_HKD_LY":null,"ORG_TYPE":"一般企业","PREMIUM_INCOME":null,"PREMIUM_INCOME_YOY":null,"NET_INTEREST_INCOME":null,"NET_INTEREST_INCOME_YOY":null,"FEE_COMMISSION_INCOME":null,"FEE_COMMISSION_INCOME_YOY":null,"ACCOUNTS_RECE_TDAYS":1.484264091395,"INVENTORY_TDAYS":21.379586390927,"CURRENT_ASSETS_TDAYS":1.039514659153,"TOTAL_ASSETS_TDAYS":0.944513256142,"PREMIUM_EXPENSE":null,"LOAN_DEPOSIT":null,"LOAN_EQUITY":null,"LOAN_ASSETS":null,"DEPOSIT_EQUITY":null,"DEPOSIT_ASSETS":null,"EQUITY_MULTIPLIER":1.845838118328,"EQUITY_RATIO":0.845838118328},{"SECUCODE":"01933.HK","SECURITY_CODE":"01933","SECURITY_NAME_ABBR":"元力控股","ORG_CODE":"10634847","STD_REPORT_DATE":"2021-06-30 00:00:00","REPORT_DATE":"2021-09-30 00:00:00","DATE_TYPE_CODE":"002","REPORT_TYPE":"2021年中报","PER_NETCASH_OPERATE":-0.038975869722,"PER_OI":0.324471486085,"BPS":0.439041611761,"BASIC_EPS":0.0159,"DILUTED_EPS":0.0159,"OPERATE_INCOME":163510000,"OPERATE_INCOME_YOY":52.6675505593,"GROSS_PROFIT":31932000,"GROSS_PROFIT_YOY":27.871215761653,"HOLDER_PROFIT":7860000,"HOLDER_PROFIT_YOY":150.8777529524,"GROSS_PROFIT_RATIO":19.529080790166,"EPS_TTM":0.041384947968,"OPERATE_INCOME_QOQ":0,"NET_PROFIT_RATIO":4.8070454406,"ROE_AVG":3.615887824671,"GROSS_PROFIT_QOQ":0,"ROA":2.074267211008,"HOLDER_PROFIT_QOQ":0,"ROE_YEARLY":7.231775649342,"ROIC_YEARLY":4.520085916137,"TOTAL_ASSETS":394165000,"TOTAL_LIABILITIES":172920000,"TAX_EBT":19.227212002877,"OCF_SALES":-12.01210935111,"TOTAL_PARENT_EQUITY":221245000,"DEBT_ASSET_RATIO":43.8699529385,"OPERATE_PROFIT":10389000,"PRETAX_PROFIT":9731000,"NETCASH_OPERATE":-19641000,"NETCASH_INVEST":15133000,"NETCASH_FINANCE":3718000,"END_CASH":20753000,"DIVI_RATIO":null,"DIVIDEND_RATE":null,"CURRENT_RATIO":2.084019063392,"COMMON_ACS":2000000000,"CURRENTDEBT_DEBT":99.86525560953,"ISSUED_COMMON_SHARES":503927177,"HK_COMMON_SHARES":503927177,"PER_SHARES":4000,"TOTAL_MARKET_CAP":79620493.966,"HKSK_MARKET_CAP":79620493.966,"PE_TTM":-8.499988117876,"PB_TTM":0.27285807487,"REPORT_DATE_SQ":"2020-06-30 00:00:00","REPORT_TYPE_SQ":"2020年中报","OPERATE_INCOME_SQ":107102000,"DPS_HKD":null,"OPERATE_INCOME_QOQ_SQ":0,"NET_PROFIT_RATIO_SQ":2.9252488282,"HOLDER_PROFIT_SQ":3133000,"HOLDER_PROFIT_QOQ_SQ":0,"ROE_AVG_SQ":1.607210645654,"PE_TTM_SQ":2.38382402957,"PB_TTM_SQ":0.299625183233,"ROA_SQ":1.127057473456,"START_DATE":"2021-04-01 00:00:00","FISCAL_YEAR":"3-31","CURRENCY":"HKD","IS_CNY_CODE":0,"DPS_HKD_LY":null,"ORG_TYPE":"一般企业","PREMIUM_INCOME":null,"PREMIUM_INCOME_YOY":null,"NET_INTEREST_INCOME":null,"NET_INTEREST_INCOME_YOY":null,"FEE_COMMISSION_INCOME":null,"FEE_COMMISSION_INCOME_YOY":null,"ACCOUNTS_RECE_TDAYS":0.671646542464,"INVENTORY_TDAYS":10.528345669134,"CURRENT_ASSETS_TDAYS":0.47901612882,"TOTAL_ASSETS_TDAYS":0.431505638259,"PREMIUM_EXPENSE":null,"LOAN_DEPOSIT":null,"LOAN_EQUITY":null,"LOAN_ASSETS":null,"DEPOSIT_EQUITY":null,"DEPOSIT_ASSETS":null,"EQUITY_MULTIPLIER":1.781576984791,"EQUITY_RATIO":0.781576984791},{"SECUCODE":"01933.HK","SECURITY_CODE":"01933","SECURITY_NAME_ABBR":"元力控股","ORG_CODE":"10634847","STD_REPORT_DATE":"2020-12-31 00:00:00","REPORT_DATE":"2021-03-31 00:00:00","DATE_TYPE_CODE":"001","REPORT_TYPE":"2020年年报","PER_NETCASH_OPERATE":-0.035423769177,"PER_OI":0.582754837213,"BPS":0.4236782808,"BASIC_EPS":0.0421,"DILUTED_EPS":0.0421,"OPERATE_INCOME":293666000,"OPERATE_INCOME_YOY":79.6627797423,"GROSS_PROFIT":66947000,"GROSS_PROFIT_YOY":180.865078033227,"HOLDER_PROFIT":20855000,"HOLDER_PROFIT_YOY":130.1512260005,"GROSS_PROFIT_RATIO":22.796987053319,"EPS_TTM":-0.134640485961,"OPERATE_INCOME_QOQ":0,"NET_PROFIT_RATIO":7.101605225,"ROE_AVG":10.247124982496,"GROSS_PROFIT_QOQ":0,"ROA":6.652206503884,"HOLDER_PROFIT_QOQ":0,"ROE_YEARLY":10.247124982496,"ROIC_YEARLY":7.401886407397,"TOTAL_ASSETS":363693000,"TOTAL_LIABILITIES":150190000,"TAX_EBT":17.916322273389,"OCF_SALES":-6.078674412428,"TOTAL_PARENT_EQUITY":213503000,"DEBT_ASSET_RATIO":41.2958181763,"OPERATE_PROFIT":26031000,"PRETAX_PROFIT":25407000,"NETCASH_OPERATE":-17851000,"NETCASH_INVEST":-15012000,"NETCASH_FINANCE":24036000,"END_CASH":21723000,"DIVI_RATIO":null,"DIVIDEND_RATE":null,"CURRENT_RATIO":2.168913017187,"COMMON_ACS":2000000000,"CURRENTDEBT_DEBT":99.097143618084,"ISSUED_COMMON_SHARES":503927177,"HK_COMMON_SHARES":503927177,"PER_SHARES":4000,"TOTAL_MARKET_CAP":79620493.966,"HKSK_MARKET_CAP":79620493.966,"PE_TTM":-8.499988117876,"PB_TTM":0.27285807487,"REPORT_DATE_SQ":"2019-12-31 00:00:00","REPORT_TYPE_SQ":"2019年年报","OPERATE_INCOME_SQ":163454000,"DPS_HKD":null,"OPERATE_INCOME_QOQ_SQ":0,"NET_PROFIT_RATIO_SQ":-42.3164927135,"HOLDER_PROFIT_SQ":-69168000,"HOLDER_PROFIT_QOQ_SQ":0,"ROE_AVG_SQ":-30.406791061015,"PE_TTM_SQ":2.38382402957,"PB_TTM_SQ":0.299625183233,"ROA_SQ":-23.392026460099,"START_DATE":"2020-04-01 00:00:00","FISCAL_YEAR":"3-31","CURRENCY":"HKD","IS_CNY_CODE":0,"DPS_HKD_LY":null,"ORG_TYPE":"一般企业","PREMIUM_INCOME":null,"PREMIUM_INCOME_YOY":null,"NET_INTEREST_INCOME":null,"NET_INTEREST_INCOME_YOY":null,"FEE_COMMISSION_INCOME":null,"FEE_COMMISSION_INCOME_YOY":null,"ACCOUNTS_RECE_TDAYS":1.797161050271,"INVENTORY_TDAYS":20.341752276704,"CURRENT_ASSETS_TDAYS":1.096286120128,"TOTAL_ASSETS_TDAYS":0.93671871262,"PREMIUM_EXPENSE":null,"LOAN_DEPOSIT":null,"LOAN_EQUITY":null,"LOAN_ASSETS":null,"DEPOSIT_EQUITY":null,"DEPOSIT_ASSETS":null,"EQUITY_MULTIPLIER":1.703456157524,"EQUITY_RATIO":0.703456157525},{"SECUCODE":"01933.HK","SECURITY_CODE":"01933","SECURITY_NAME_ABBR":"元力控股","ORG_CODE":"10634847","STD_REPORT_DATE":"2020-06-30 00:00:00","REPORT_DATE":"2020-09-30 00:00:00","DATE_TYPE_CODE":"002","REPORT_TYPE":"2020年中报","PER_NETCASH_OPERATE":-0.02232862309,"PER_OI":0.212534677406,"BPS":0.38959994412,"BASIC_EPS":0.0063,"DILUTED_EPS":0.0063,"OPERATE_INCOME":107102000,"OPERATE_INCOME_YOY":17.2666754259,"GROSS_PROFIT":24972000,"GROSS_PROFIT_YOY":-18.745322617382,"HOLDER_PROFIT":3133000,"HOLDER_PROFIT_YOY":72.7122381477,"GROSS_PROFIT_RATIO":23.316091202779,"EPS_TTM":-0.137257927647,"OPERATE_INCOME_QOQ":0,"NET_PROFIT_RATIO":2.9252488282,"ROE_AVG":1.607210645654,"GROSS_PROFIT_QOQ":0,"ROA":1.127057473456,"HOLDER_PROFIT_QOQ":0,"ROE_YEARLY":3.214421291309,"ROIC_YEARLY":2.605578749522,"TOTAL_ASSETS":292644000,"TOTAL_LIABILITIES":96314000,"TAX_EBT":19.91308793456,"OCF_SALES":-10.505872906202,"TOTAL_PARENT_EQUITY":196330000,"DEBT_ASSET_RATIO":32.9116605842,"OPERATE_PROFIT":4101000,"PRETAX_PROFIT":3912000,"NETCASH_OPERATE":-11252000,"NETCASH_INVEST":-957000,"NETCASH_FINANCE":14150000,"END_CASH":32977000,"DIVI_RATIO":null,"DIVIDEND_RATE":null,"CURRENT_RATIO":2.601578550166,"COMMON_ACS":2000000000,"CURRENTDEBT_DEBT":99.055173702681,"ISSUED_COMMON_SHARES":503927177,"HK_COMMON_SHARES":503927177,"PER_SHARES":4000,"TOTAL_MARKET_CAP":79620493.966,"HKSK_MARKET_CAP":79620493.966,"PE_TTM":-8.499988117876,"PB_TTM":0.27285807487,"REPORT_DATE_SQ":"2019-06-30 00:00:00","REPORT_TYPE_SQ":"2019年中报","OPERATE_INCOME_SQ":91332000,"DPS_HKD":null,"OPERATE_INCOME_QOQ_SQ":0,"NET_PROFIT_RATIO_SQ":1.9861603819,"HOLDER_PROFIT_SQ":1814000,"HOLDER_PROFIT_QOQ_SQ":0,"ROE_AVG_SQ":0.689913532612,"PE_TTM_SQ":2.38382402957,"PB_TTM_SQ":0.299625183233,"ROA_SQ":0.545723113209,"START_DATE":"2020-04-01 00:00:00","FISCAL_YEAR":"3-31","CURRENCY":"HKD","IS_CNY_CODE":0,"DPS_HKD_LY":null,"ORG_TYPE":"一般企业","PREMIUM_INCOME":null,"PREMIUM_INCOME_YOY":null,"NET_INTEREST_INCOME":null,"NET_INTEREST_INCOME_YOY":null,"FEE_COMMISSION_INCOME":null,"FEE_COMMISSION_INCOME_YOY":null,"ACCOUNTS_RECE_TDAYS":0.912379938239,"INVENTORY_TDAYS":9.068624744659,"CURRENT_ASSETS_TDAYS":0.464509693369,"TOTAL_ASSETS_TDAYS":0.385286018264,"PREMIUM_EXPENSE":null,"LOAN_DEPOSIT":null,"LOAN_EQUITY":null,"LOAN_ASSETS":null,"DEPOSIT_EQUITY":null,"DEPOSIT_ASSETS":null,"EQUITY_MULTIPLIER":1.490571996129,"EQUITY_RATIO":0.490571996129}],"count":21},"success":true,"message":"ok","code":0}