{"version":"3d7001453231cc14ab0c091b95ba4a4d","result":{"pages":2,"data":[{"SECUCODE":"01937.HK","SECURITY_CODE":"01937","SECURITY_NAME_ABBR":"佳辰控股","ORG_CODE":"10000039806","STD_REPORT_DATE":"2024-06-30 00:00:00","REPORT_DATE":"2024-06-30 00:00:00","DATE_TYPE_CODE":"002","REPORT_TYPE":"2024年中报","PER_NETCASH_OPERATE":0.025832,"PER_OI":0.108715,"BPS":0.320586,"BASIC_EPS":0.009,"DILUTED_EPS":0.009,"OPERATE_INCOME":108715000,"OPERATE_INCOME_YOY":24.5160920857,"GROSS_PROFIT":29547000,"GROSS_PROFIT_YOY":82.34386571217,"HOLDER_PROFIT":8958000,"HOLDER_PROFIT_YOY":193.99409255,"GROSS_PROFIT_RATIO":27.178402244401,"EPS_TTM":0.011801,"OPERATE_INCOME_QOQ":9.098908386044,"NET_PROFIT_RATIO":8.2831256036,"ROE_AVG":2.833850563259,"GROSS_PROFIT_QOQ":29.823424228878,"ROA":1.872227476265,"HOLDER_PROFIT_QOQ":100.356536502547,"ROE_YEARLY":5.667701126517,"ROIC_YEARLY":4.194993683861,"TOTAL_ASSETS":473805000,"TOTAL_LIABILITIES":151763000,"TAX_EBT":25.325483041712,"OCF_SALES":23.76121050453,"TOTAL_PARENT_EQUITY":320586000,"DEBT_ASSET_RATIO":32.0306877302,"OPERATE_PROFIT":13689000,"PRETAX_PROFIT":12059000,"NETCASH_OPERATE":25832000,"NETCASH_INVEST":-5998000,"NETCASH_FINANCE":-3687000,"END_CASH":58028000,"DIVI_RATIO":null,"DIVIDEND_RATE":null,"CURRENT_RATIO":2.287586565896,"COMMON_ACS":5000000000,"CURRENTDEBT_DEBT":100,"ISSUED_COMMON_SHARES":1000000000,"HK_COMMON_SHARES":1000000000,"PER_SHARES":5000,"TOTAL_MARKET_CAP":425000000,"HKSK_MARKET_CAP":425000000,"PE_TTM":32.667852636948,"PB_TTM":1.209937427087,"REPORT_DATE_SQ":"2023-06-30 00:00:00","REPORT_TYPE_SQ":"2023年中报","OPERATE_INCOME_SQ":87310000,"DPS_HKD":null,"OPERATE_INCOME_QOQ_SQ":-3.524002288027,"NET_PROFIT_RATIO_SQ":3.5162066201,"HOLDER_PROFIT_SQ":3047000,"HOLDER_PROFIT_QOQ_SQ":-34.054104652251,"ROE_AVG_SQ":0.991663452792,"PE_TTM_SQ":35.583377547018,"PB_TTM_SQ":0.791245364898,"ROA_SQ":0.648814162759,"START_DATE":"2024-01-01 00:00:00","FISCAL_YEAR":"12-31","CURRENCY":"HKD","IS_CNY_CODE":0,"DPS_HKD_LY":null,"ORG_TYPE":"一般企业","PREMIUM_INCOME":null,"PREMIUM_INCOME_YOY":null,"NET_INTEREST_INCOME":null,"NET_INTEREST_INCOME_YOY":null,"FEE_COMMISSION_INCOME":null,"FEE_COMMISSION_INCOME_YOY":null,"ACCOUNTS_RECE_TDAYS":0.755083259537,"INVENTORY_TDAYS":1.450707322436,"CURRENT_ASSETS_TDAYS":0.309213988083,"TOTAL_ASSETS_TDAYS":0.227215014604,"PREMIUM_EXPENSE":null,"LOAN_DEPOSIT":null,"LOAN_EQUITY":null,"LOAN_ASSETS":null,"DEPOSIT_EQUITY":null,"DEPOSIT_ASSETS":null,"EQUITY_MULTIPLIER":1.471252196919,"EQUITY_RATIO":0.47339247503},{"SECUCODE":"01937.HK","SECURITY_CODE":"01937","SECURITY_NAME_ABBR":"佳辰控股","ORG_CODE":"10000039806","STD_REPORT_DATE":"2023-12-31 00:00:00","REPORT_DATE":"2023-12-31 00:00:00","DATE_TYPE_CODE":"001","REPORT_TYPE":"2023年年报","PER_NETCASH_OPERATE":0.00302,"PER_OI":0.235248,"BPS":0.311628,"BASIC_EPS":0.0059,"DILUTED_EPS":0.0059,"OPERATE_INCOME":235248000,"OPERATE_INCOME_YOY":3.5103621243,"GROSS_PROFIT":44740000,"GROSS_PROFIT_YOY":3.891881850269,"HOLDER_PROFIT":5890000,"HOLDER_PROFIT_YOY":-44.865674436,"GROSS_PROFIT_RATIO":19.018227572604,"EPS_TTM":0.00589,"OPERATE_INCOME_QOQ":7.291310356151,"NET_PROFIT_RATIO":2.5228694824,"ROE_AVG":1.908106374501,"GROSS_PROFIT_QOQ":18.400508111255,"ROA":1.265379517179,"HOLDER_PROFIT_QOQ":-16.39460610362,"ROE_YEARLY":1.908106374501,"ROIC_YEARLY":1.403973794078,"TOTAL_ASSETS":483130000,"TOTAL_LIABILITIES":170093000,"TAX_EBT":7.597695780788,"OCF_SALES":1.283751615317,"TOTAL_PARENT_EQUITY":311628000,"DEBT_ASSET_RATIO":35.2064661685,"OPERATE_PROFIT":9823000,"PRETAX_PROFIT":6423000,"NETCASH_OPERATE":3020000,"NETCASH_INVEST":-16061000,"NETCASH_FINANCE":7677000,"END_CASH":41881000,"DIVI_RATIO":null,"DIVIDEND_RATE":null,"CURRENT_RATIO":2.093052926167,"COMMON_ACS":5000000000,"CURRENTDEBT_DEBT":99.995884604305,"ISSUED_COMMON_SHARES":1000000000,"HK_COMMON_SHARES":1000000000,"PER_SHARES":5000,"TOTAL_MARKET_CAP":218000000,"HKSK_MARKET_CAP":218000000,"PE_TTM":16.756686764364,"PB_TTM":0.620626727306,"REPORT_DATE_SQ":"2022-12-31 00:00:00","REPORT_TYPE_SQ":"2022年年报","OPERATE_INCOME_SQ":227270000,"DPS_HKD":null,"OPERATE_INCOME_QOQ_SQ":-7.058058553382,"NET_PROFIT_RATIO_SQ":4.7287367448,"HOLDER_PROFIT_SQ":10683000,"HOLDER_PROFIT_QOQ_SQ":-43.500105775333,"ROE_AVG_SQ":3.556299757154,"PE_TTM_SQ":41.625837885191,"PB_TTM_SQ":0.925607785352,"ROA_SQ":2.43939753754,"START_DATE":"2023-01-01 00:00:00","FISCAL_YEAR":"12-31","CURRENCY":"HKD","IS_CNY_CODE":0,"DPS_HKD_LY":null,"ORG_TYPE":"一般企业","PREMIUM_INCOME":null,"PREMIUM_INCOME_YOY":null,"NET_INTEREST_INCOME":null,"NET_INTEREST_INCOME_YOY":null,"FEE_COMMISSION_INCOME":null,"FEE_COMMISSION_INCOME_YOY":null,"ACCOUNTS_RECE_TDAYS":1.492330529441,"INVENTORY_TDAYS":3.984106071063,"CURRENT_ASSETS_TDAYS":0.677022342647,"TOTAL_ASSETS_TDAYS":0.505395586855,"PREMIUM_EXPENSE":null,"LOAN_DEPOSIT":null,"LOAN_EQUITY":null,"LOAN_ASSETS":null,"DEPOSIT_EQUITY":null,"DEPOSIT_ASSETS":null,"EQUITY_MULTIPLIER":1.543363883502,"EQUITY_RATIO":0.545820657964},{"SECUCODE":"01937.HK","SECURITY_CODE":"01937","SECURITY_NAME_ABBR":"佳辰控股","ORG_CODE":"10000039806","STD_REPORT_DATE":"2023-06-30 00:00:00","REPORT_DATE":"2023-06-30 00:00:00","DATE_TYPE_CODE":"002","REPORT_TYPE":"2023年中报","PER_NETCASH_OPERATE":0.013403,"PER_OI":0.08731,"BPS":0.308785,"BASIC_EPS":0.0031,"DILUTED_EPS":0.0031,"OPERATE_INCOME":87310000,"OPERATE_INCOME_YOY":-8.4023122358,"GROSS_PROFIT":16204000,"GROSS_PROFIT_YOY":-24.565895442484,"HOLDER_PROFIT":3047000,"HOLDER_PROFIT_YOY":-54.4203440539,"GROSS_PROFIT_RATIO":18.559157026687,"EPS_TTM":0.007045,"OPERATE_INCOME_QOQ":-3.524002288027,"NET_PROFIT_RATIO":3.5162066201,"ROE_AVG":0.991663452792,"GROSS_PROFIT_QOQ":-12.253854727847,"ROA":0.648814162759,"HOLDER_PROFIT_QOQ":-34.054104652251,"ROE_YEARLY":1.983326905584,"ROIC_YEARLY":1.542105502892,"TOTAL_ASSETS":491436000,"TOTAL_LIABILITIES":181264000,"TAX_EBT":23.25,"OCF_SALES":15.351047989921,"TOTAL_PARENT_EQUITY":308785000,"DEBT_ASSET_RATIO":36.8845587218,"OPERATE_PROFIT":5709000,"PRETAX_PROFIT":4000000,"NETCASH_OPERATE":13403000,"NETCASH_INVEST":-9989000,"NETCASH_FINANCE":48249000,"END_CASH":98908000,"DIVI_RATIO":null,"DIVIDEND_RATE":null,"CURRENT_RATIO":2.063535149569,"COMMON_ACS":5000000000,"CURRENTDEBT_DEBT":99.994483184747,"ISSUED_COMMON_SHARES":1000000000,"HK_COMMON_SHARES":1000000000,"PER_SHARES":5000,"TOTAL_MARKET_CAP":218000000,"HKSK_MARKET_CAP":218000000,"PE_TTM":16.756686764364,"PB_TTM":0.620626727306,"REPORT_DATE_SQ":"2022-06-30 00:00:00","REPORT_TYPE_SQ":"2022年中报","OPERATE_INCOME_SQ":95319000,"DPS_HKD":null,"OPERATE_INCOME_QOQ_SQ":-11.054488578496,"NET_PROFIT_RATIO_SQ":7.0657476474,"HOLDER_PROFIT_SQ":6685000,"HOLDER_PROFIT_QOQ_SQ":-22.956564257192,"ROE_AVG_SQ":2.240300270612,"PE_TTM_SQ":41.625837885191,"PB_TTM_SQ":0.925607785352,"ROA_SQ":1.562642443566,"START_DATE":"2023-01-01 00:00:00","FISCAL_YEAR":"12-31","CURRENCY":"HKD","IS_CNY_CODE":0,"DPS_HKD_LY":null,"ORG_TYPE":"一般企业","PREMIUM_INCOME":null,"PREMIUM_INCOME_YOY":null,"NET_INTEREST_INCOME":null,"NET_INTEREST_INCOME_YOY":null,"FEE_COMMISSION_INCOME":null,"FEE_COMMISSION_INCOME_YOY":null,"ACCOUNTS_RECE_TDAYS":0.675060791037,"INVENTORY_TDAYS":1.376809208934,"CURRENT_ASSETS_TDAYS":0.244917766987,"TOTAL_ASSETS_TDAYS":0.185913897442,"PREMIUM_EXPENSE":null,"LOAN_DEPOSIT":null,"LOAN_EQUITY":null,"LOAN_ASSETS":null,"DEPOSIT_EQUITY":null,"DEPOSIT_ASSETS":null,"EQUITY_MULTIPLIER":1.584398333828,"EQUITY_RATIO":0.587023333387},{"SECUCODE":"01937.HK","SECURITY_CODE":"01937","SECURITY_NAME_ABBR":"佳辰控股","ORG_CODE":"10000039806","STD_REPORT_DATE":"2022-12-31 00:00:00","REPORT_DATE":"2022-12-31 00:00:00","DATE_TYPE_CODE":"001","REPORT_TYPE":"2022年年报","PER_NETCASH_OPERATE":0.028222,"PER_OI":0.22727,"BPS":0.305738,"BASIC_EPS":0.0107,"DILUTED_EPS":0.0107,"OPERATE_INCOME":227270000,"OPERATE_INCOME_YOY":-17.3323148552,"GROSS_PROFIT":43064000,"GROSS_PROFIT_YOY":-31.056785617085,"HOLDER_PROFIT":10683000,"HOLDER_PROFIT_YOY":-56.4705402983,"GROSS_PROFIT_RATIO":18.948387380649,"EPS_TTM":0.010683,"OPERATE_INCOME_QOQ":-7.058058553382,"NET_PROFIT_RATIO":4.7287367448,"ROE_AVG":3.556299757154,"GROSS_PROFIT_QOQ":-21.136871406073,"ROA":2.43939753754,"HOLDER_PROFIT_QOQ":-43.500105775333,"ROE_YEARLY":3.556299757154,"ROIC_YEARLY":2.77230651854,"TOTAL_ASSETS":447816000,"TOTAL_LIABILITIES":140714000,"TAX_EBT":7.385384350224,"OCF_SALES":12.417829013948,"TOTAL_PARENT_EQUITY":305738000,"DEBT_ASSET_RATIO":31.4222805795,"OPERATE_PROFIT":15066000,"PRETAX_PROFIT":11604000,"NETCASH_OPERATE":28222000,"NETCASH_INVEST":-31673000,"NETCASH_FINANCE":-4573000,"END_CASH":47245000,"DIVI_RATIO":null,"DIVIDEND_RATE":null,"CURRENT_RATIO":2.409677098292,"COMMON_ACS":5000000000,"CURRENTDEBT_DEBT":99.963045610245,"ISSUED_COMMON_SHARES":1000000000,"HK_COMMON_SHARES":1000000000,"PER_SHARES":5000,"TOTAL_MARKET_CAP":218000000,"HKSK_MARKET_CAP":218000000,"PE_TTM":16.756686764364,"PB_TTM":0.620626727306,"REPORT_DATE_SQ":"2021-12-31 00:00:00","REPORT_TYPE_SQ":"2021年年报","OPERATE_INCOME_SQ":274920000,"DPS_HKD":null,"OPERATE_INCOME_QOQ_SQ":14.223511130685,"NET_PROFIT_RATIO_SQ":8.9786119598,"HOLDER_PROFIT_SQ":24542000,"HOLDER_PROFIT_QOQ_SQ":248.3110984956,"ROE_AVG_SQ":8.678708837841,"PE_TTM_SQ":41.625837885191,"PB_TTM_SQ":0.925607785352,"ROA_SQ":5.957873450418,"START_DATE":"2022-01-01 00:00:00","FISCAL_YEAR":"12-31","CURRENCY":"HKD","IS_CNY_CODE":0,"DPS_HKD_LY":null,"ORG_TYPE":"一般企业","PREMIUM_INCOME":null,"PREMIUM_INCOME_YOY":null,"NET_INTEREST_INCOME":null,"NET_INTEREST_INCOME_YOY":null,"FEE_COMMISSION_INCOME":null,"FEE_COMMISSION_INCOME_YOY":null,"ACCOUNTS_RECE_TDAYS":1.555972422859,"INVENTORY_TDAYS":3.818017887308,"CURRENT_ASSETS_TDAYS":0.662647879932,"TOTAL_ASSETS_TDAYS":0.518957107888,"PREMIUM_EXPENSE":null,"LOAN_DEPOSIT":null,"LOAN_EQUITY":null,"LOAN_ASSETS":null,"DEPOSIT_EQUITY":null,"DEPOSIT_ASSETS":null,"EQUITY_MULTIPLIER":1.458199555847,"EQUITY_RATIO":0.460243738103},{"SECUCODE":"01937.HK","SECURITY_CODE":"01937","SECURITY_NAME_ABBR":"佳辰控股","ORG_CODE":"10000039806","STD_REPORT_DATE":"2022-06-30 00:00:00","REPORT_DATE":"2022-06-30 00:00:00","DATE_TYPE_CODE":"002","REPORT_TYPE":"2022年中报","PER_NETCASH_OPERATE":0.044839,"PER_OI":0.095319,"BPS":0.30174,"BASIC_EPS":0.0067,"DILUTED_EPS":0.0067,"OPERATE_INCOME":95319000,"OPERATE_INCOME_YOY":-24.1754832551,"GROSS_PROFIT":21481000,"GROSS_PROFIT_YOY":-26.780966664394,"HOLDER_PROFIT":6685000,"HOLDER_PROFIT_YOY":-45.7342316746,"GROSS_PROFIT_RATIO":22.535905748067,"EPS_TTM":0.018908,"OPERATE_INCOME_QOQ":-11.054488578496,"NET_PROFIT_RATIO":7.0657476474,"ROE_AVG":2.240300270612,"GROSS_PROFIT_QOQ":-12.578646558763,"ROA":1.562642443566,"HOLDER_PROFIT_QOQ":-22.956564257192,"ROE_YEARLY":4.480600541224,"ROIC_YEARLY":3.707138806978,"TOTAL_ASSETS":427546000,"TOTAL_LIABILITIES":124456000,"TAX_EBT":21.967327076816,"OCF_SALES":47.040988680116,"TOTAL_PARENT_EQUITY":301740000,"DEBT_ASSET_RATIO":29.1093823822,"OPERATE_PROFIT":10398000,"PRETAX_PROFIT":8631000,"NETCASH_OPERATE":44839000,"NETCASH_INVEST":-15876000,"NETCASH_FINANCE":-7860000,"END_CASH":76372000,"DIVI_RATIO":null,"DIVIDEND_RATE":null,"CURRENT_RATIO":2.687269891799,"COMMON_ACS":5000000000,"CURRENTDEBT_DEBT":99.953397184547,"ISSUED_COMMON_SHARES":1000000000,"HK_COMMON_SHARES":1000000000,"PER_SHARES":5000,"TOTAL_MARKET_CAP":218000000,"HKSK_MARKET_CAP":218000000,"PE_TTM":16.756686764364,"PB_TTM":0.620626727306,"REPORT_DATE_SQ":"2021-06-30 00:00:00","REPORT_TYPE_SQ":"2021年中报","OPERATE_INCOME_SQ":125710000,"DPS_HKD":null,"OPERATE_INCOME_QOQ_SQ":32.115842747203,"NET_PROFIT_RATIO_SQ":9.8520404105,"HOLDER_PROFIT_SQ":12319000,"HOLDER_PROFIT_QOQ_SQ":847.043010752688,"ROE_AVG_SQ":4.452556723202,"PE_TTM_SQ":41.625837885191,"PB_TTM_SQ":0.925607785352,"ROA_SQ":3.050457977273,"START_DATE":"2022-01-01 00:00:00","FISCAL_YEAR":"12-31","CURRENCY":"HKD","IS_CNY_CODE":0,"DPS_HKD_LY":null,"ORG_TYPE":"一般企业","PREMIUM_INCOME":null,"PREMIUM_INCOME_YOY":null,"NET_INTEREST_INCOME":null,"NET_INTEREST_INCOME_YOY":null,"FEE_COMMISSION_INCOME":null,"FEE_COMMISSION_INCOME_YOY":null,"ACCOUNTS_RECE_TDAYS":0.843915589848,"INVENTORY_TDAYS":1.217996618417,"CURRENT_ASSETS_TDAYS":0.279820809469,"TOTAL_ASSETS_TDAYS":0.22281154088,"PREMIUM_EXPENSE":null,"LOAN_DEPOSIT":null,"LOAN_EQUITY":null,"LOAN_ASSETS":null,"DEPOSIT_EQUITY":null,"DEPOSIT_ASSETS":null,"EQUITY_MULTIPLIER":1.410623907089,"EQUITY_RATIO":0.41246105919},{"SECUCODE":"01937.HK","SECURITY_CODE":"01937","SECURITY_NAME_ABBR":"佳辰控股","ORG_CODE":"10000039806","STD_REPORT_DATE":"2021-12-31 00:00:00","REPORT_DATE":"2021-12-31 00:00:00","DATE_TYPE_CODE":"001","REPORT_TYPE":"2021年年报","PER_NETCASH_OPERATE":-0.015032,"PER_OI":0.27492,"BPS":0.295055,"BASIC_EPS":0.0245,"DILUTED_EPS":0.0245,"OPERATE_INCOME":274920000,"OPERATE_INCOME_YOY":50.9073543457,"GROSS_PROFIT":62463000,"GROSS_PROFIT_YOY":65.438605784511,"HOLDER_PROFIT":24542000,"HOLDER_PROFIT_YOY":3198.6559139785,"GROSS_PROFIT_RATIO":22.720427760803,"EPS_TTM":0.024542,"OPERATE_INCOME_QOQ":14.223511130685,"NET_PROFIT_RATIO":8.9786119598,"ROE_AVG":8.678708837841,"GROSS_PROFIT_QOQ":16.184293739072,"ROA":5.957873450418,"HOLDER_PROFIT_QOQ":248.3110984956,"ROE_YEARLY":8.678708837841,"ROIC_YEARLY":6.879086226832,"TOTAL_ASSETS":428056000,"TOTAL_LIABILITIES":131701000,"TAX_EBT":11.700947952066,"OCF_SALES":-5.467772442892,"TOTAL_PARENT_EQUITY":295055000,"DEBT_ASSET_RATIO":30.7672360626,"OPERATE_PROFIT":31653000,"PRETAX_PROFIT":27955000,"NETCASH_OPERATE":-15032000,"NETCASH_INVEST":11816000,"NETCASH_FINANCE":5886000,"END_CASH":55269000,"DIVI_RATIO":null,"DIVIDEND_RATE":null,"CURRENT_RATIO":2.637221073752,"COMMON_ACS":5000000000,"CURRENTDEBT_DEBT":99.905088040334,"ISSUED_COMMON_SHARES":1000000000,"HK_COMMON_SHARES":1000000000,"PER_SHARES":5000,"TOTAL_MARKET_CAP":218000000,"HKSK_MARKET_CAP":218000000,"PE_TTM":16.756686764364,"PB_TTM":0.620626727306,"REPORT_DATE_SQ":"2020-12-31 00:00:00","REPORT_TYPE_SQ":"2020年年报","OPERATE_INCOME_SQ":182178000,"DPS_HKD":null,"OPERATE_INCOME_QOQ_SQ":-14.539833843873,"NET_PROFIT_RATIO_SQ":0.4325439954,"HOLDER_PROFIT_SQ":744000,"HOLDER_PROFIT_QOQ_SQ":-95.895851721094,"ROE_AVG_SQ":0.339309250282,"PE_TTM_SQ":41.625837885191,"PB_TTM_SQ":0.925607785352,"ROA_SQ":0.197014071677,"START_DATE":"2021-01-01 00:00:00","FISCAL_YEAR":"12-31","CURRENCY":"HKD","IS_CNY_CODE":0,"DPS_HKD_LY":null,"ORG_TYPE":"一般企业","PREMIUM_INCOME":null,"PREMIUM_INCOME_YOY":null,"NET_INTEREST_INCOME":null,"NET_INTEREST_INCOME_YOY":null,"FEE_COMMISSION_INCOME":null,"FEE_COMMISSION_INCOME_YOY":null,"ACCOUNTS_RECE_TDAYS":2.105464696399,"INVENTORY_TDAYS":5.192706742109,"CURRENT_ASSETS_TDAYS":0.852670021478,"TOTAL_ASSETS_TDAYS":0.667402236569,"PREMIUM_EXPENSE":null,"LOAN_DEPOSIT":null,"LOAN_EQUITY":null,"LOAN_ASSETS":null,"DEPOSIT_EQUITY":null,"DEPOSIT_ASSETS":null,"EQUITY_MULTIPLIER":1.44440282769,"EQUITY_RATIO":0.446360847977},{"SECUCODE":"01937.HK","SECURITY_CODE":"01937","SECURITY_NAME_ABBR":"佳辰控股","ORG_CODE":"10000039806","STD_REPORT_DATE":"2021-06-30 00:00:00","REPORT_DATE":"2021-06-30 00:00:00","DATE_TYPE_CODE":"002","REPORT_TYPE":"2021年中报","PER_NETCASH_OPERATE":0.042562,"PER_OI":0.12571,"BPS":0.282832,"BASIC_EPS":0.0123,"DILUTED_EPS":0.0123,"OPERATE_INCOME":125710000,"OPERATE_INCOME_YOY":87.0628850332,"GROSS_PROFIT":29338000,"GROSS_PROFIT_YOY":120.05700570057,"HOLDER_PROFIT":12319000,"HOLDER_PROFIT_YOY":104.7365796909,"GROSS_PROFIT_RATIO":23.337841062764,"EPS_TTM":0.007046,"OPERATE_INCOME_QOQ":32.115842747203,"NET_PROFIT_RATIO":9.8520404105,"ROE_AVG":4.452556723202,"GROSS_PROFIT_QOQ":42.393261998093,"ROA":3.050457977273,"HOLDER_PROFIT_QOQ":847.043010752688,"ROE_YEARLY":8.905113446403,"ROIC_YEARLY":7.710507044546,"TOTAL_ASSETS":411887000,"TOTAL_LIABILITIES":127831000,"TAX_EBT":10.860803224413,"OCF_SALES":33.857290589452,"TOTAL_PARENT_EQUITY":282832000,"DEBT_ASSET_RATIO":31.0354538988,"OPERATE_PROFIT":15661000,"PRETAX_PROFIT":13894000,"NETCASH_OPERATE":42562000,"NETCASH_INVEST":20616000,"NETCASH_FINANCE":-2152000,"END_CASH":113625000,"DIVI_RATIO":null,"DIVIDEND_RATE":null,"CURRENT_RATIO":2.638666782206,"COMMON_ACS":5000000000,"CURRENTDEBT_DEBT":99.303768256526,"ISSUED_COMMON_SHARES":1000000000,"HK_COMMON_SHARES":1000000000,"PER_SHARES":5000,"TOTAL_MARKET_CAP":218000000,"HKSK_MARKET_CAP":218000000,"PE_TTM":16.756686764364,"PB_TTM":0.620626727306,"REPORT_DATE_SQ":"2020-06-30 00:00:00","REPORT_TYPE_SQ":"2020年中报","OPERATE_INCOME_SQ":67202000,"DPS_HKD":null,"OPERATE_INCOME_QOQ_SQ":-21.297427812995,"NET_PROFIT_RATIO_SQ":9.0428856284,"HOLDER_PROFIT_SQ":6017000,"HOLDER_PROFIT_QOQ_SQ":-5.089005235602,"ROE_AVG_SQ":2.712841021294,"PE_TTM_SQ":41.625837885191,"PB_TTM_SQ":0.925607785352,"ROA_SQ":1.555898035281,"START_DATE":"2021-01-01 00:00:00","FISCAL_YEAR":"12-31","CURRENCY":"HKD","IS_CNY_CODE":0,"DPS_HKD_LY":null,"ORG_TYPE":"一般企业","PREMIUM_INCOME":null,"PREMIUM_INCOME_YOY":null,"NET_INTEREST_INCOME":null,"NET_INTEREST_INCOME_YOY":null,"FEE_COMMISSION_INCOME":null,"FEE_COMMISSION_INCOME_YOY":null,"ACCOUNTS_RECE_TDAYS":1.281578142522,"INVENTORY_TDAYS":2.564585661823,"CURRENT_ASSETS_TDAYS":0.397310387876,"TOTAL_ASSETS_TDAYS":0.311285877363,"PREMIUM_EXPENSE":null,"LOAN_DEPOSIT":null,"LOAN_EQUITY":null,"LOAN_ASSETS":null,"DEPOSIT_EQUITY":null,"DEPOSIT_ASSETS":null,"EQUITY_MULTIPLIER":1.45002041851,"EQUITY_RATIO":0.451967952707},{"SECUCODE":"01937.HK","SECURITY_CODE":"01937","SECURITY_NAME_ABBR":"佳辰控股","ORG_CODE":"10000039806","STD_REPORT_DATE":"2020-12-31 00:00:00","REPORT_DATE":"2020-12-31 00:00:00","DATE_TYPE_CODE":"001","REPORT_TYPE":"2020年年报","PER_NETCASH_OPERATE":0.039815,"PER_OI":0.182178,"BPS":0.270513,"BASIC_EPS":0.0008,"DILUTED_EPS":0.0008,"OPERATE_INCOME":182178000,"OPERATE_INCOME_YOY":-32.7406510398,"GROSS_PROFIT":37756000,"GROSS_PROFIT_YOY":-44.734107176837,"HOLDER_PROFIT":744000,"HOLDER_PROFIT_YOY":-96.1047120419,"GROSS_PROFIT_RATIO":20.7247856492,"EPS_TTM":0.000744,"OPERATE_INCOME_QOQ":-14.539833843873,"NET_PROFIT_RATIO":0.4325439954,"ROE_AVG":0.339309250282,"GROSS_PROFIT_QOQ":-25.6874052788,"ROA":0.197014071677,"HOLDER_PROFIT_QOQ":-95.895851721094,"ROE_YEARLY":0.339309250282,"ROIC_YEARLY":0.217726890295,"TOTAL_ASSETS":395795000,"TOTAL_LIABILITIES":124124000,"TAX_EBT":55.176336746303,"OCF_SALES":21.854998957064,"TOTAL_PARENT_EQUITY":270513000,"DEBT_ASSET_RATIO":31.3606791395,"OPERATE_PROFIT":6820000,"PRETAX_PROFIT":1758000,"NETCASH_OPERATE":39815000,"NETCASH_INVEST":-61826000,"NETCASH_FINANCE":58196000,"END_CASH":52599000,"DIVI_RATIO":null,"DIVIDEND_RATE":null,"CURRENT_RATIO":2.416476009671,"COMMON_ACS":5000000000,"CURRENTDEBT_DEBT":99.302310592633,"ISSUED_COMMON_SHARES":1000000000,"HK_COMMON_SHARES":1000000000,"PER_SHARES":5000,"TOTAL_MARKET_CAP":218000000,"HKSK_MARKET_CAP":218000000,"PE_TTM":16.756686764364,"PB_TTM":0.620626727306,"REPORT_DATE_SQ":"2019-12-31 00:00:00","REPORT_TYPE_SQ":"2019年年报","OPERATE_INCOME_SQ":270859000,"DPS_HKD":null,"OPERATE_INCOME_QOQ_SQ":3.77620180611,"NET_PROFIT_RATIO_SQ":7.122155808,"HOLDER_PROFIT_SQ":19100000,"HOLDER_PROFIT_QOQ_SQ":-13.138387375506,"ROE_AVG_SQ":12.052374191513,"PE_TTM_SQ":41.625837885191,"PB_TTM_SQ":0.925607785352,"ROA_SQ":5.623253773615,"START_DATE":"2020-01-01 00:00:00","FISCAL_YEAR":"12-31","CURRENCY":"HKD","IS_CNY_CODE":0,"DPS_HKD_LY":null,"ORG_TYPE":"一般企业","PREMIUM_INCOME":null,"PREMIUM_INCOME_YOY":null,"NET_INTEREST_INCOME":null,"NET_INTEREST_INCOME_YOY":null,"FEE_COMMISSION_INCOME":null,"FEE_COMMISSION_INCOME_YOY":null,"ACCOUNTS_RECE_TDAYS":1.1633890512,"INVENTORY_TDAYS":4.770811310782,"CURRENT_ASSETS_TDAYS":0.590418317493,"TOTAL_ASSETS_TDAYS":0.482414375672,"PREMIUM_EXPENSE":null,"LOAN_DEPOSIT":null,"LOAN_EQUITY":null,"LOAN_ASSETS":null,"DEPOSIT_EQUITY":null,"DEPOSIT_ASSETS":null,"EQUITY_MULTIPLIER":1.45689087168,"EQUITY_RATIO":0.45884670977},{"SECUCODE":"01937.HK","SECURITY_CODE":"01937","SECURITY_NAME_ABBR":"佳辰控股","ORG_CODE":"10000039806","STD_REPORT_DATE":"2020-06-30 00:00:00","REPORT_DATE":"2020-06-30 00:00:00","DATE_TYPE_CODE":"002","REPORT_TYPE":"2020年中报","PER_NETCASH_OPERATE":0.026466,"PER_OI":0.067202,"BPS":0.275569,"BASIC_EPS":0.0062,"DILUTED_EPS":0.0062,"OPERATE_INCOME":67202000,"OPERATE_INCOME_YOY":-46.190186407,"GROSS_PROFIT":13332000,"GROSS_PROFIT_YOY":-56.773231307957,"HOLDER_PROFIT":6017000,"HOLDER_PROFIT_YOY":-13.9075690371,"GROSS_PROFIT_RATIO":19.838695276926,"EPS_TTM":0.018128,"OPERATE_INCOME_QOQ":-21.297427812995,"NET_PROFIT_RATIO":9.0428856284,"ROE_AVG":2.712841021294,"GROSS_PROFIT_QOQ":-25.630516562495,"ROA":1.555898035281,"HOLDER_PROFIT_QOQ":-5.089005235602,"ROE_YEARLY":5.425682042588,"ROIC_YEARLY":3.686723475826,"TOTAL_ASSETS":413963000,"TOTAL_LIABILITIES":136654000,"TAX_EBT":23.221730890714,"OCF_SALES":39.382756465581,"TOTAL_PARENT_EQUITY":275569000,"DEBT_ASSET_RATIO":33.0111628334,"OPERATE_PROFIT":10595000,"PRETAX_PROFIT":7915000,"NETCASH_OPERATE":26466000,"NETCASH_INVEST":-11172000,"NETCASH_FINANCE":69073000,"END_CASH":100781000,"DIVI_RATIO":null,"DIVIDEND_RATE":null,"CURRENT_RATIO":2.778286010824,"COMMON_ACS":5000000000,"CURRENTDEBT_DEBT":98.709148652802,"ISSUED_COMMON_SHARES":1000000000,"HK_COMMON_SHARES":1000000000,"PER_SHARES":5000,"TOTAL_MARKET_CAP":218000000,"HKSK_MARKET_CAP":218000000,"PE_TTM":16.756686764364,"PB_TTM":0.620626727306,"REPORT_DATE_SQ":"2019-06-30 00:00:00","REPORT_TYPE_SQ":"2019年中报","OPERATE_INCOME_SQ":124888000,"DPS_HKD":null,"OPERATE_INCOME_QOQ_SQ":4.911067789457,"NET_PROFIT_RATIO_SQ":5.6522644289,"HOLDER_PROFIT_SQ":6989000,"HOLDER_PROFIT_QOQ_SQ":-10.631985368827,"ROE_AVG_SQ":4.585371294355,"PE_TTM_SQ":41.625837885191,"PB_TTM_SQ":0.925607785352,"ROA_SQ":2.154555193329,"START_DATE":"2020-01-01 00:00:00","FISCAL_YEAR":"12-31","CURRENCY":"HKD","IS_CNY_CODE":0,"DPS_HKD_LY":null,"ORG_TYPE":"一般企业","PREMIUM_INCOME":null,"PREMIUM_INCOME_YOY":null,"NET_INTEREST_INCOME":null,"NET_INTEREST_INCOME_YOY":null,"FEE_COMMISSION_INCOME":null,"FEE_COMMISSION_INCOME_YOY":null,"ACCOUNTS_RECE_TDAYS":0.398968175517,"INVENTORY_TDAYS":1.527490288372,"CURRENT_ASSETS_TDAYS":0.193657892765,"TOTAL_ASSETS_TDAYS":0.173773408288,"PREMIUM_EXPENSE":null,"LOAN_DEPOSIT":null,"LOAN_EQUITY":null,"LOAN_ASSETS":null,"DEPOSIT_EQUITY":null,"DEPOSIT_ASSETS":null,"EQUITY_MULTIPLIER":1.492786025697,"EQUITY_RATIO":0.495897579191}],"count":15},"success":true,"message":"ok","code":0}