{"version":"c66eb0a50eae919afe684d693a9d501a","result":{"pages":2,"data":[{"SECUCODE":"01936.HK","SECURITY_CODE":"01936","SECURITY_NAME_ABBR":"利特米","ORG_CODE":"10000001472","STD_REPORT_DATE":"2024-06-30 00:00:00","REPORT_DATE":"2024-06-30 00:00:00","DATE_TYPE_CODE":"002","REPORT_TYPE":"2024年中报","PER_NETCASH_OPERATE":0.000243051789,"PER_OI":0.19071250504,"BPS":0.53529441121,"BASIC_EPS":0.012981523971,"DILUTED_EPS":0.012981523971,"OPERATE_INCOME":90016302.3789397,"OPERATE_INCOME_YOY":0.8642998495,"GROSS_PROFIT":18703960.8742905,"GROSS_PROFIT_YOY":-5.746248285556,"HOLDER_PROFIT":6905868.85641831,"HOLDER_PROFIT_YOY":-17.4336762317,"GROSS_PROFIT_RATIO":20.778414998155,"EPS_TTM":0.033712140362,"OPERATE_INCOME_QOQ":-0.932976146721,"NET_PROFIT_RATIO":6.8316732066,"ROE_AVG":2.805861951592,"GROSS_PROFIT_QOQ":-2.832304454226,"ROA":2.631775743944,"HOLDER_PROFIT_QOQ":-9.597137032372,"ROE_YEARLY":5.611723903184,"ROIC_YEARLY":7.746031746032,"TOTAL_ASSETS":267423922.231614,"TOTAL_LIABILITIES":18957553.4355754,"TAX_EBT":33.820662768031,"OCF_SALES":0.127444075527,"TOTAL_PARENT_EQUITY":249855089.96498,"DEBT_ASSET_RATIO":7.0889519821,"OPERATE_PROFIT":9370848.93128849,"PRETAX_PROFIT":9292355.9956527,"NETCASH_OPERATE":114720.444390774,"NETCASH_INVEST":357746.64895544,"NETCASH_FINANCE":-676246.830092984,"END_CASH":85004830.3345006,"DIVI_RATIO":2.978001364578,"DIVIDEND_RATE":15.492957746479,"CURRENT_RATIO":14.226461538462,"COMMON_ACS":20000000000,"CURRENTDEBT_DEBT":90.572497810335,"ISSUED_COMMON_SHARES":466762000,"HK_COMMON_SHARES":466762000,"PER_SHARES":2000,"TOTAL_MARKET_CAP":331401020,"HKSK_MARKET_CAP":331401020,"PE_TTM":18.758214405037,"PB_TTM":1.210554014295,"REPORT_DATE_SQ":"2023-06-30 00:00:00","REPORT_TYPE_SQ":"2023年中报","OPERATE_INCOME_SQ":91710487.5362589,"DPS_HKD":0.11,"OPERATE_INCOME_QOQ_SQ":-8.580943074897,"NET_PROFIT_RATIO_SQ":9.3719872131,"HOLDER_PROFIT_SQ":8595095.16496813,"HOLDER_PROFIT_QOQ_SQ":-6.744000786372,"ROE_AVG_SQ":3.651123638077,"PE_TTM_SQ":11.509503508977,"PB_TTM_SQ":0.787739691873,"ROA_SQ":3.410003538625,"START_DATE":"2024-01-01 00:00:00","FISCAL_YEAR":"12-31","CURRENCY":"HKD","IS_CNY_CODE":0,"DPS_HKD_LY":0.11,"ORG_TYPE":"一般企业","PREMIUM_INCOME":null,"PREMIUM_INCOME_YOY":null,"NET_INTEREST_INCOME":null,"NET_INTEREST_INCOME_YOY":null,"FEE_COMMISSION_INCOME":null,"FEE_COMMISSION_INCOME_YOY":null,"ACCOUNTS_RECE_TDAYS":1.764345626415,"INVENTORY_TDAYS":1.377748614756,"CURRENT_ASSETS_TDAYS":0.376543833506,"TOTAL_ASSETS_TDAYS":0.343045496643,"PREMIUM_EXPENSE":null,"LOAN_DEPOSIT":null,"LOAN_EQUITY":null,"LOAN_ASSETS":null,"DEPOSIT_EQUITY":null,"DEPOSIT_ASSETS":null,"EQUITY_MULTIPLIER":1.076298267357,"EQUITY_RATIO":0.07587419347},{"SECUCODE":"01936.HK","SECURITY_CODE":"01936","SECURITY_NAME_ABBR":"利特米","ORG_CODE":"10000001472","STD_REPORT_DATE":"2023-12-31 00:00:00","REPORT_DATE":"2023-12-31 00:00:00","DATE_TYPE_CODE":"001","REPORT_TYPE":"2023年年报","PER_NETCASH_OPERATE":0.04981605976,"PER_OI":0.3847231621,"BPS":0.530333863455,"BASIC_EPS":0.037305379991,"DILUTED_EPS":0.037305379991,"OPERATE_INCOME":181589332.511176,"OPERATE_INCOME_YOY":-12.2110268143,"GROSS_PROFIT":40260521.0420842,"GROSS_PROFIT_YOY":-20.112714005341,"HOLDER_PROFIT":17601356.5592724,"HOLDER_PROFIT_YOY":0.928135773,"GROSS_PROFIT_RATIO":22.171192814758,"EPS_TTM":0.037291009659,"OPERATE_INCOME_QOQ":-6.139504728035,"NET_PROFIT_RATIO":9.3448899378,"ROE_AVG":7.385940966809,"GROSS_PROFIT_QOQ":-6.524755086175,"ROA":6.927242116758,"HOLDER_PROFIT_QOQ":5.782805451097,"ROE_YEARLY":7.385940966809,"ROIC_YEARLY":9.941533197216,"TOTAL_ASSETS":262850316.016649,"TOTAL_LIABILITIES":15956528.4414984,"TAX_EBT":26.730564430245,"OCF_SALES":12.948547076751,"TOTAL_PARENT_EQUITY":247539694.774164,"DEBT_ASSET_RATIO":6.0705760919,"OPERATE_PROFIT":23362108.8330507,"PRETAX_PROFIT":23160166.4868198,"NETCASH_OPERATE":23513180.206567,"NETCASH_INVEST":-2836442.11499923,"NETCASH_FINANCE":-1365808.54015724,"END_CASH":87018652.6899954,"DIVI_RATIO":2.692198492794,"DIVIDEND_RATE":16.176470588235,"CURRENT_RATIO":17.544507361268,"COMMON_ACS":20000000000,"CURRENTDEBT_DEBT":85.30576755869,"ISSUED_COMMON_SHARES":466762000,"HK_COMMON_SHARES":466762000,"PER_SHARES":2000,"TOTAL_MARKET_CAP":317398160,"HKSK_MARKET_CAP":317398160,"PE_TTM":17.965613796373,"PB_TTM":1.159403844677,"REPORT_DATE_SQ":"2022-12-31 00:00:00","REPORT_TYPE_SQ":"2022年年报","OPERATE_INCOME_SQ":211626843.308887,"DPS_HKD":0.11,"OPERATE_INCOME_QOQ_SQ":3.261762359664,"NET_PROFIT_RATIO_SQ":8.4310861367,"HOLDER_PROFIT_SQ":17842441.4478353,"HOLDER_PROFIT_QOQ_SQ":-5.098503451763,"ROE_AVG_SQ":7.821298572006,"PE_TTM_SQ":10.451158358726,"PB_TTM_SQ":0.715303858137,"ROA_SQ":7.228199754651,"START_DATE":"2023-01-01 00:00:00","FISCAL_YEAR":"12-31","CURRENCY":"HKD","IS_CNY_CODE":0,"DPS_HKD_LY":null,"ORG_TYPE":"一般企业","PREMIUM_INCOME":null,"PREMIUM_INCOME_YOY":null,"NET_INTEREST_INCOME":null,"NET_INTEREST_INCOME_YOY":null,"FEE_COMMISSION_INCOME":null,"FEE_COMMISSION_INCOME_YOY":null,"ACCOUNTS_RECE_TDAYS":3.88230835146,"INVENTORY_TDAYS":2.4946599366,"CURRENT_ASSETS_TDAYS":0.785648543379,"TOTAL_ASSETS_TDAYS":0.714668365412,"PREMIUM_EXPENSE":null,"LOAN_DEPOSIT":null,"LOAN_EQUITY":null,"LOAN_ASSETS":null,"DEPOSIT_EQUITY":null,"DEPOSIT_ASSETS":null,"EQUITY_MULTIPLIER":1.06462912088,"EQUITY_RATIO":0.064460483625},{"SECUCODE":"01936.HK","SECURITY_CODE":"01936","SECURITY_NAME_ABBR":"利特米","ORG_CODE":"10000001472","STD_REPORT_DATE":"2023-06-30 00:00:00","REPORT_DATE":"2023-06-30 00:00:00","DATE_TYPE_CODE":"002","REPORT_TYPE":"2023年中报","PER_NETCASH_OPERATE":0.045033551524,"PER_OI":0.194301880373,"BPS":0.514842672068,"BASIC_EPS":0.018148820327,"DILUTED_EPS":0.018148820327,"OPERATE_INCOME":91710487.5362589,"OPERATE_INCOME_YOY":-17.9348731331,"GROSS_PROFIT":19844261.40506,"GROSS_PROFIT_YOY":-26.96295976355,"HOLDER_PROFIT":8595095.16496813,"HOLDER_PROFIT_YOY":-13.7587548638,"GROSS_PROFIT_RATIO":21.637941241141,"EPS_TTM":0.035252430204,"OPERATE_INCOME_QOQ":-8.580943074897,"NET_PROFIT_RATIO":9.3719872131,"ROE_AVG":3.651123638077,"GROSS_PROFIT_QOQ":-14.536425052101,"ROA":3.410003538625,"HOLDER_PROFIT_QOQ":-6.744000786372,"ROE_YEARLY":7.302247276154,"ROIC_YEARLY":9.904237587306,"TOTAL_ASSETS":257249445.452712,"TOTAL_LIABILITIES":16940450.1527914,"TAX_EBT":29.097888675624,"OCF_SALES":23.177105356629,"TOTAL_PARENT_EQUITY":240308995.299921,"DEBT_ASSET_RATIO":6.5852231957,"OPERATE_PROFIT":12150402.5315278,"PRETAX_PROFIT":12122481.2694867,"NETCASH_OPERATE":21255836.3193572,"NETCASH_INVEST":131850.404082709,"NETCASH_FINANCE":-667007.926536057,"END_CASH":88851660.5395008,"DIVI_RATIO":2.847883093989,"DIVIDEND_RATE":16.176470588235,"CURRENT_RATIO":14.678245682127,"COMMON_ACS":20000000000,"CURRENTDEBT_DEBT":94.368647559747,"ISSUED_COMMON_SHARES":466762000,"HK_COMMON_SHARES":466762000,"PER_SHARES":2000,"TOTAL_MARKET_CAP":317398160,"HKSK_MARKET_CAP":317398160,"PE_TTM":17.965613796373,"PB_TTM":1.159403844677,"REPORT_DATE_SQ":"2022-06-30 00:00:00","REPORT_TYPE_SQ":"2022年中报","OPERATE_INCOME_SQ":109870066.491795,"DPS_HKD":0.11,"OPERATE_INCOME_QOQ_SQ":11.740861206059,"NET_PROFIT_RATIO_SQ":8.9181611238,"HOLDER_PROFIT_SQ":9798389.55651803,"HOLDER_PROFIT_QOQ_SQ":4.031311698693,"ROE_AVG_SQ":4.452915186693,"PE_TTM_SQ":10.451158358726,"PB_TTM_SQ":0.715303858137,"ROA_SQ":4.07519932006,"START_DATE":"2023-01-01 00:00:00","FISCAL_YEAR":"12-31","CURRENCY":"HKD","IS_CNY_CODE":0,"DPS_HKD_LY":null,"ORG_TYPE":"一般企业","PREMIUM_INCOME":null,"PREMIUM_INCOME_YOY":null,"NET_INTEREST_INCOME":null,"NET_INTEREST_INCOME_YOY":null,"FEE_COMMISSION_INCOME":null,"FEE_COMMISSION_INCOME_YOY":null,"ACCOUNTS_RECE_TDAYS":2.079050549451,"INVENTORY_TDAYS":1.266365996993,"CURRENT_ASSETS_TDAYS":0.399172259206,"TOTAL_ASSETS_TDAYS":0.36385063926,"PREMIUM_EXPENSE":null,"LOAN_DEPOSIT":null,"LOAN_EQUITY":null,"LOAN_ASSETS":null,"DEPOSIT_EQUITY":null,"DEPOSIT_ASSETS":null,"EQUITY_MULTIPLIER":1.070494448748,"EQUITY_RATIO":0.070494448748},{"SECUCODE":"01936.HK","SECURITY_CODE":"01936","SECURITY_NAME_ABBR":"利特米","ORG_CODE":"10000001472","STD_REPORT_DATE":"2022-12-31 00:00:00","REPORT_DATE":"2022-12-31 00:00:00","DATE_TYPE_CODE":"001","REPORT_TYPE":"2022年年报","PER_NETCASH_OPERATE":0.082827772498,"PER_OI":0.448361956163,"BPS":0.502121223192,"BASIC_EPS":0.037851904424,"DILUTED_EPS":0.037851904424,"OPERATE_INCOME":211626843.308887,"OPERATE_INCOME_YOY":11.6898899599,"GROSS_PROFIT":50396656.4151092,"GROSS_PROFIT_YOY":18.281994523591,"HOLDER_PROFIT":17842441.4478353,"HOLDER_PROFIT_YOY":-4.4348707552,"GROSS_PROFIT_RATIO":23.813924371376,"EPS_TTM":0.037801782728,"OPERATE_INCOME_QOQ":3.261762359664,"NET_PROFIT_RATIO":8.4310861367,"ROE_AVG":7.821298572006,"GROSS_PROFIT_QOQ":2.944523303793,"ROA":7.228199754651,"HOLDER_PROFIT_QOQ":-5.098503451763,"ROE_YEARLY":7.821298572006,"ROIC_YEARLY":8.788980562159,"TOTAL_ASSETS":250995978.235155,"TOTAL_LIABILITIES":16624871.8555319,"TAX_EBT":31.820647260893,"OCF_SALES":18.473416702687,"TOTAL_PARENT_EQUITY":234371106.379623,"DEBT_ASSET_RATIO":6.6235610516,"OPERATE_PROFIT":26207712.3255264,"PRETAX_PROFIT":26169860.4211024,"NETCASH_OPERATE":39094708.6191941,"NETCASH_INVEST":12970585.9159372,"NETCASH_FINANCE":-1192334.98935415,"END_CASH":69272139.4211813,"DIVI_RATIO":2.655821835736,"DIVIDEND_RATE":16.176470588235,"CURRENT_RATIO":14.511362498749,"COMMON_ACS":20000000000,"CURRENTDEBT_DEBT":94.763305189261,"ISSUED_COMMON_SHARES":466762000,"HK_COMMON_SHARES":466762000,"PER_SHARES":2000,"TOTAL_MARKET_CAP":317398160,"HKSK_MARKET_CAP":317398160,"PE_TTM":17.965613796373,"PB_TTM":1.159403844677,"REPORT_DATE_SQ":"2021-12-31 00:00:00","REPORT_TYPE_SQ":"2021年年报","OPERATE_INCOME_SQ":183408393.508694,"DPS_HKD":0.11,"OPERATE_INCOME_QOQ_SQ":2.506818352551,"NET_PROFIT_RATIO_SQ":9.8536682815,"HOLDER_PROFIT_SQ":18072454.6967314,"HOLDER_PROFIT_QOQ_SQ":0.055401034696,"ROE_AVG_SQ":8.413735754113,"PE_TTM_SQ":10.451158358726,"PB_TTM_SQ":0.715303858137,"ROA_SQ":7.816466875097,"START_DATE":"2022-01-01 00:00:00","FISCAL_YEAR":"12-31","CURRENCY":"HKD","IS_CNY_CODE":0,"DPS_HKD_LY":null,"ORG_TYPE":"一般企业","PREMIUM_INCOME":null,"PREMIUM_INCOME_YOY":null,"NET_INTEREST_INCOME":null,"NET_INTEREST_INCOME_YOY":null,"FEE_COMMISSION_INCOME":null,"FEE_COMMISSION_INCOME_YOY":null,"ACCOUNTS_RECE_TDAYS":4.629919086314,"INVENTORY_TDAYS":2.29033595089,"CURRENT_ASSETS_TDAYS":0.958583221115,"TOTAL_ASSETS_TDAYS":0.857327233695,"PREMIUM_EXPENSE":null,"LOAN_DEPOSIT":null,"LOAN_EQUITY":null,"LOAN_ASSETS":null,"DEPOSIT_EQUITY":null,"DEPOSIT_ASSETS":null,"EQUITY_MULTIPLIER":1.070933964994,"EQUITY_RATIO":0.070933964994},{"SECUCODE":"01936.HK","SECURITY_CODE":"01936","SECURITY_NAME_ABBR":"利特米","ORG_CODE":"10000001472","STD_REPORT_DATE":"2022-06-30 00:00:00","REPORT_DATE":"2022-06-30 00:00:00","DATE_TYPE_CODE":"002","REPORT_TYPE":"2022年中报","PER_NETCASH_OPERATE":0.024342500468,"PER_OI":0.232775564601,"BPS":0.483200998745,"BASIC_EPS":0.020740559995,"DILUTED_EPS":0.020740559995,"OPERATE_INCOME":109870066.491795,"OPERATE_INCOME_YOY":26.9005847953,"GROSS_PROFIT":27170133.593607,"GROSS_PROFIT_YOY":30.486485263334,"HOLDER_PROFIT":9798389.55651803,"HOLDER_PROFIT_YOY":10.2247383771,"GROSS_PROFIT_RATIO":24.729332074843,"EPS_TTM":0.039832651858,"OPERATE_INCOME_QOQ":11.740861206059,"NET_PROFIT_RATIO":8.9181611238,"ROE_AVG":4.452915186693,"GROSS_PROFIT_QOQ":14.898773366055,"ROA":4.07519932006,"HOLDER_PROFIT_QOQ":4.031311698693,"ROE_YEARLY":8.905830373386,"ROIC_YEARLY":9.154932086078,"TOTAL_ASSETS":246205697.553834,"TOTAL_LIABILITIES":20665832.9774904,"TAX_EBT":33.939954760436,"OCF_SALES":10.457498195547,"TOTAL_PARENT_EQUITY":225539864.576344,"DEBT_ASSET_RATIO":8.3937265396,"OPERATE_PROFIT":14860001.2200329,"PRETAX_PROFIT":14832550.4788629,"NETCASH_OPERATE":11489660.220826,"NETCASH_INVEST":6267919.23381931,"NETCASH_FINANCE":-574940.523394132,"END_CASH":34973769.2917709,"DIVI_RATIO":2.520414667768,"DIVIDEND_RATE":16.176470588235,"CURRENT_RATIO":11.006566749073,"COMMON_ACS":20000000000,"CURRENTDEBT_DEBT":95.520625784075,"ISSUED_COMMON_SHARES":466762000,"HK_COMMON_SHARES":466762000,"PER_SHARES":2000,"TOTAL_MARKET_CAP":317398160,"HKSK_MARKET_CAP":317398160,"PE_TTM":17.965613796373,"PB_TTM":1.159403844677,"REPORT_DATE_SQ":"2021-06-30 00:00:00","REPORT_TYPE_SQ":"2021年中报","OPERATE_INCOME_SQ":88336341.569677,"DPS_HKD":0.11,"OPERATE_INCOME_QOQ_SQ":-4.529150069735,"NET_PROFIT_RATIO_SQ":10.2673853308,"HOLDER_PROFIT_SQ":9069832.57608763,"HOLDER_PROFIT_QOQ_SQ":32.156589971312,"ROE_AVG_SQ":4.044868970255,"PE_TTM_SQ":10.451158358726,"PB_TTM_SQ":0.715303858137,"ROA_SQ":3.76198005744,"START_DATE":"2022-01-01 00:00:00","FISCAL_YEAR":"12-31","CURRENCY":"HKD","IS_CNY_CODE":0,"DPS_HKD_LY":null,"ORG_TYPE":"一般企业","PREMIUM_INCOME":null,"PREMIUM_INCOME_YOY":null,"NET_INTEREST_INCOME":null,"NET_INTEREST_INCOME_YOY":null,"FEE_COMMISSION_INCOME":null,"FEE_COMMISSION_INCOME_YOY":null,"ACCOUNTS_RECE_TDAYS":2.33318220092,"INVENTORY_TDAYS":1.125833039218,"CURRENT_ASSETS_TDAYS":0.519284689737,"TOTAL_ASSETS_TDAYS":0.456955112552,"PREMIUM_EXPENSE":null,"LOAN_DEPOSIT":null,"LOAN_EQUITY":null,"LOAN_ASSETS":null,"DEPOSIT_EQUITY":null,"DEPOSIT_ASSETS":null,"EQUITY_MULTIPLIER":1.091628293811,"EQUITY_RATIO":0.091628293811},{"SECUCODE":"01936.HK","SECURITY_CODE":"01936","SECURITY_NAME_ABBR":"利特米","ORG_CODE":"10000001472","STD_REPORT_DATE":"2021-12-31 00:00:00","REPORT_DATE":"2021-12-31 00:00:00","DATE_TYPE_CODE":"001","REPORT_TYPE":"2021年年报","PER_NETCASH_OPERATE":0.013526356795,"PER_OI":0.388577104891,"BPS":0.460137919981,"BASIC_EPS":0.03679220799,"DILUTED_EPS":0.03679220799,"OPERATE_INCOME":183408393.508694,"OPERATE_INCOME_YOY":3.6727015412,"GROSS_PROFIT":42607208.8301299,"GROSS_PROFIT_YOY":0.851033326701,"HOLDER_PROFIT":18072454.6967314,"HOLDER_PROFIT_YOY":40.0780972666,"GROSS_PROFIT_RATIO":23.230784597713,"EPS_TTM":0.038289098934,"OPERATE_INCOME_QOQ":2.506818352551,"NET_PROFIT_RATIO":9.8536682815,"ROE_AVG":8.413735754113,"GROSS_PROFIT_QOQ":3.523772349499,"ROA":7.816466875097,"HOLDER_PROFIT_QOQ":0.055401034696,"ROE_YEARLY":8.413735754113,"ROIC_YEARLY":8.576334301715,"TOTAL_ASSETS":234920537.990626,"TOTAL_LIABILITIES":20145642.1843274,"TAX_EBT":26.85368264953,"OCF_SALES":3.480996853618,"TOTAL_PARENT_EQUITY":214774895.806299,"DEBT_ASSET_RATIO":8.5755133871,"OPERATE_PROFIT":24754591.3927606,"PRETAX_PROFIT":24707265.3160924,"NETCASH_OPERATE":6384440.40730959,"NETCASH_INVEST":10094194.1590461,"NETCASH_FINANCE":-21829534.5251362,"END_CASH":17809871.3036044,"DIVI_RATIO":2.622020439126,"DIVIDEND_RATE":16.176470588235,"CURRENT_RATIO":10.753942966385,"COMMON_ACS":20000000000,"CURRENTDEBT_DEBT":95.134889360412,"ISSUED_COMMON_SHARES":466762000,"HK_COMMON_SHARES":466762000,"PER_SHARES":2000,"TOTAL_MARKET_CAP":317398160,"HKSK_MARKET_CAP":317398160,"PE_TTM":17.965613796373,"PB_TTM":1.159403844677,"REPORT_DATE_SQ":"2020-12-31 00:00:00","REPORT_TYPE_SQ":"2020年年报","OPERATE_INCOME_SQ":187411252.890851,"DPS_HKD":0.11,"OPERATE_INCOME_QOQ_SQ":-11.897783819071,"NET_PROFIT_RATIO_SQ":7.2927633282,"HOLDER_PROFIT_SQ":13667459.1237689,"HOLDER_PROFIT_QOQ_SQ":-21.307893839044,"ROE_AVG_SQ":7.513736507993,"PE_TTM_SQ":10.451158358726,"PB_TTM_SQ":0.715303858137,"ROA_SQ":6.904327152854,"START_DATE":"2021-01-01 00:00:00","FISCAL_YEAR":"12-31","CURRENCY":"HKD","IS_CNY_CODE":0,"DPS_HKD_LY":null,"ORG_TYPE":"一般企业","PREMIUM_INCOME":null,"PREMIUM_INCOME_YOY":null,"NET_INTEREST_INCOME":null,"NET_INTEREST_INCOME_YOY":null,"FEE_COMMISSION_INCOME":null,"FEE_COMMISSION_INCOME_YOY":null,"ACCOUNTS_RECE_TDAYS":4.115231130217,"INVENTORY_TDAYS":2.187646765815,"CURRENT_ASSETS_TDAYS":0.89222759832,"TOTAL_ASSETS_TDAYS":0.793254517182,"PREMIUM_EXPENSE":null,"LOAN_DEPOSIT":null,"LOAN_EQUITY":null,"LOAN_ASSETS":null,"DEPOSIT_EQUITY":null,"DEPOSIT_ASSETS":null,"EQUITY_MULTIPLIER":1.093798868386,"EQUITY_RATIO":0.093798868386},{"SECUCODE":"01936.HK","SECURITY_CODE":"01936","SECURITY_NAME_ABBR":"利特米","ORG_CODE":"10000001472","STD_REPORT_DATE":"2021-06-30 00:00:00","REPORT_DATE":"2021-06-30 00:00:00","DATE_TYPE_CODE":"002","REPORT_TYPE":"2021年中报","PER_NETCASH_OPERATE":0.030372813842,"PER_OI":0.176672683139,"BPS":0.491715072135,"BASIC_EPS":0.018205016493,"DILUTED_EPS":0.018205016493,"OPERATE_INCOME":88336341.569677,"OPERATE_INCOME_YOY":-3.0747955543,"GROSS_PROFIT":20822182.1124043,"GROSS_PROFIT_YOY":-4.977588661151,"HOLDER_PROFIT":9069832.57608763,"HOLDER_PROFIT_YOY":106.117397454,"GROSS_PROFIT_RATIO":23.571478898048,"EPS_TTM":0.036124895827,"OPERATE_INCOME_QOQ":-4.529150069735,"NET_PROFIT_RATIO":10.2673853308,"ROE_AVG":4.044868970255,"GROSS_PROFIT_QOQ":-2.581763552602,"ROA":3.76198005744,"HOLDER_PROFIT_QOQ":32.156589971312,"ROE_YEARLY":8.08973794051,"ROIC_YEARLY":8.767292239314,"TOTAL_ASSETS":250312752.847451,"TOTAL_LIABILITIES":20798842.3476691,"TAX_EBT":28.60117589417,"OCF_SALES":17.191573310787,"TOTAL_PARENT_EQUITY":229513910.499782,"DEBT_ASSET_RATIO":8.3091421077,"OPERATE_PROFIT":12740399.5767723,"PRETAX_PROFIT":12703055.953196,"NETCASH_OPERATE":15186406.9210182,"NETCASH_INVEST":6169477.81166366,"NETCASH_FINANCE":-186718.117881372,"END_CASH":44775004.667953,"DIVI_RATIO":2.779102823706,"DIVIDEND_RATE":16.176470588235,"CURRENT_RATIO":11.483538932977,"COMMON_ACS":20000000000,"CURRENTDEBT_DEBT":95.212089474078,"ISSUED_COMMON_SHARES":466762000,"HK_COMMON_SHARES":466762000,"PER_SHARES":2000,"TOTAL_MARKET_CAP":317398160,"HKSK_MARKET_CAP":317398160,"PE_TTM":17.965613796373,"PB_TTM":1.159403844677,"REPORT_DATE_SQ":"2020-06-30 00:00:00","REPORT_TYPE_SQ":"2020年中报","OPERATE_INCOME_SQ":96824478.4606738,"DPS_HKD":0.11,"OPERATE_INCOME_QOQ_SQ":-0.650786181768,"NET_PROFIT_RATIO_SQ":4.8281631468,"HOLDER_PROFIT_SQ":4674843.78616061,"HOLDER_PROFIT_QOQ_SQ":-25.462537147627,"ROE_AVG_SQ":2.548195403697,"PE_TTM_SQ":10.451158358726,"PB_TTM_SQ":0.715303858137,"ROA_SQ":2.334248158313,"START_DATE":"2021-01-01 00:00:00","FISCAL_YEAR":"12-31","CURRENCY":"HKD","IS_CNY_CODE":0,"DPS_HKD_LY":null,"ORG_TYPE":"一般企业","PREMIUM_INCOME":null,"PREMIUM_INCOME_YOY":null,"NET_INTEREST_INCOME":null,"NET_INTEREST_INCOME_YOY":null,"FEE_COMMISSION_INCOME":null,"FEE_COMMISSION_INCOME_YOY":null,"ACCOUNTS_RECE_TDAYS":1.961781678703,"INVENTORY_TDAYS":1.20039284578,"CURRENT_ASSETS_TDAYS":0.404870830288,"TOTAL_ASSETS_TDAYS":0.366400980993,"PREMIUM_EXPENSE":null,"LOAN_DEPOSIT":null,"LOAN_EQUITY":null,"LOAN_ASSETS":null,"DEPOSIT_EQUITY":null,"DEPOSIT_ASSETS":null,"EQUITY_MULTIPLIER":1.090621271288,"EQUITY_RATIO":0.090621271288},{"SECUCODE":"01936.HK","SECURITY_CODE":"01936","SECURITY_NAME_ABBR":"利特米","ORG_CODE":"10000001472","STD_REPORT_DATE":"2020-12-31 00:00:00","REPORT_DATE":"2020-12-31 00:00:00","DATE_TYPE_CODE":"001","REPORT_TYPE":"2020年年报","PER_NETCASH_OPERATE":0.030776446234,"PER_OI":0.374822505782,"BPS":0.487549159656,"BASIC_EPS":0.030081024696,"DILUTED_EPS":0.030081024696,"OPERATE_INCOME":187411252.890851,"OPERATE_INCOME_YOY":-8.0688281913,"GROSS_PROFIT":42247667.1033267,"GROSS_PROFIT_YOY":-15.002233008439,"HOLDER_PROFIT":13667459.1237689,"HOLDER_PROFIT_YOY":-38.394809739,"GROSS_PROFIT_RATIO":22.542759013479,"EPS_TTM":0.027334918248,"OPERATE_INCOME_QOQ":-11.897783819071,"NET_PROFIT_RATIO":7.2927633282,"ROE_AVG":7.513736507993,"GROSS_PROFIT_QOQ":-10.962891213193,"ROA":6.904327152854,"HOLDER_PROFIT_QOQ":-21.307893839044,"ROE_YEARLY":7.513736507993,"ROIC_YEARLY":7.574277391889,"TOTAL_ASSETS":241002377.371307,"TOTAL_LIABILITIES":13432956.5118949,"TAX_EBT":32.821939586646,"OCF_SALES":8.210938713519,"TOTAL_PARENT_EQUITY":227569420.859412,"DEBT_ASSET_RATIO":5.5737858931,"OPERATE_PROFIT":20210890.6247473,"PRETAX_PROFIT":20345123.1543027,"NETCASH_OPERATE":15388223.1171057,"NETCASH_INVEST":-81598822.6351624,"NETCASH_FINANCE":80262966.3771772,"END_CASH":24535442.2395808,"DIVI_RATIO":3.672767523607,"DIVIDEND_RATE":16.176470588235,"CURRENT_RATIO":17.508996088657,"COMMON_ACS":20000000000,"CURRENTDEBT_DEBT":92.34288466169,"ISSUED_COMMON_SHARES":466762000,"HK_COMMON_SHARES":466762000,"PER_SHARES":2000,"TOTAL_MARKET_CAP":317398160,"HKSK_MARKET_CAP":317398160,"PE_TTM":17.965613796373,"PB_TTM":1.159403844677,"REPORT_DATE_SQ":"2019-12-31 00:00:00","REPORT_TYPE_SQ":"2019年年报","OPERATE_INCOME_SQ":214113670.335643,"DPS_HKD":0.11,"OPERATE_INCOME_QOQ_SQ":0.941829657326,"NET_PROFIT_RATIO_SQ":10.8827239336,"HOLDER_PROFIT_SQ":23301399.6466911,"HOLDER_PROFIT_QOQ_SQ":-3.828115164122,"ROE_AVG_SQ":17.729011579818,"PE_TTM_SQ":10.451158358726,"PB_TTM_SQ":0.715303858137,"ROA_SQ":14.96234327878,"START_DATE":"2020-01-01 00:00:00","FISCAL_YEAR":"12-31","CURRENCY":"HKD","IS_CNY_CODE":0,"DPS_HKD_LY":null,"ORG_TYPE":"一般企业","PREMIUM_INCOME":null,"PREMIUM_INCOME_YOY":null,"NET_INTEREST_INCOME":null,"NET_INTEREST_INCOME_YOY":null,"FEE_COMMISSION_INCOME":null,"FEE_COMMISSION_INCOME_YOY":null,"ACCOUNTS_RECE_TDAYS":3.408544745937,"INVENTORY_TDAYS":2.698585451648,"CURRENT_ASSETS_TDAYS":1.073428743458,"TOTAL_ASSETS_TDAYS":0.946736763847,"PREMIUM_EXPENSE":null,"LOAN_DEPOSIT":null,"LOAN_EQUITY":null,"LOAN_ASSETS":null,"DEPOSIT_EQUITY":null,"DEPOSIT_ASSETS":null,"EQUITY_MULTIPLIER":1.059027950509,"EQUITY_RATIO":0.059027950509},{"SECUCODE":"01936.HK","SECURITY_CODE":"01936","SECURITY_NAME_ABBR":"利特米","ORG_CODE":"10000001472","STD_REPORT_DATE":"2020-06-30 00:00:00","REPORT_DATE":"2020-06-30 00:00:00","DATE_TYPE_CODE":"002","REPORT_TYPE":"2020年中报","PER_NETCASH_OPERATE":0.008189241908,"PER_OI":0.193648956921,"BPS":0.487762199411,"BASIC_EPS":0.01140608986,"DILUTED_EPS":0.01140608986,"OPERATE_INCOME":96824478.4606738,"OPERATE_INCOME_YOY":-1.0457494256,"GROSS_PROFIT":21912916.9835025,"GROSS_PROFIT_YOY":-9.330322353055,"HOLDER_PROFIT":4674843.78616061,"HOLDER_PROFIT_YOY":-55.764117003,"GROSS_PROFIT_RATIO":22.631587933007,"EPS_TTM":0.034736544211,"OPERATE_INCOME_QOQ":-0.650786181768,"NET_PROFIT_RATIO":4.8281631468,"ROE_AVG":2.548195403697,"GROSS_PROFIT_QOQ":-4.536694699867,"ROA":2.334248158313,"HOLDER_PROFIT_QOQ":-25.462537147627,"ROE_YEARLY":5.096390807394,"ROIC_YEARLY":5.685593514242,"TOTAL_ASSETS":242207491.652065,"TOTAL_LIABILITIES":14538631.9304394,"TAX_EBT":44.959128065395,"OCF_SALES":4.228910931658,"TOTAL_PARENT_EQUITY":227668859.721625,"DEBT_ASSET_RATIO":6.0025525351,"OPERATE_PROFIT":8564485.73412239,"PRETAX_PROFIT":8493404.30455913,"NETCASH_OPERATE":4094620.95414421,"NETCASH_INVEST":-36395344.9928919,"NETCASH_FINANCE":82523886.6664463,"END_CASH":60938274.8702351,"DIVI_RATIO":2.890178118722,"DIVIDEND_RATE":16.176470588235,"CURRENT_RATIO":16.345232213439,"COMMON_ACS":20000000000,"CURRENTDEBT_DEBT":92.052302444571,"ISSUED_COMMON_SHARES":466762000,"HK_COMMON_SHARES":466762000,"PER_SHARES":2000,"TOTAL_MARKET_CAP":317398160,"HKSK_MARKET_CAP":317398160,"PE_TTM":17.965613796373,"PB_TTM":1.159403844677,"REPORT_DATE_SQ":"2019-06-30 00:00:00","REPORT_TYPE_SQ":"2019年中报","OPERATE_INCOME_SQ":98217900.6404938,"DPS_HKD":0.11,"OPERATE_INCOME_QOQ_SQ":0,"NET_PROFIT_RATIO_SQ":10.8004460062,"HOLDER_PROFIT_SQ":10607971.3271165,"HOLDER_PROFIT_QOQ_SQ":0,"ROE_AVG_SQ":null,"PE_TTM_SQ":10.451158358726,"PB_TTM_SQ":0.715303858137,"ROA_SQ":null,"START_DATE":"2020-01-01 00:00:00","FISCAL_YEAR":"12-31","CURRENCY":"HKD","IS_CNY_CODE":0,"DPS_HKD_LY":null,"ORG_TYPE":"一般企业","PREMIUM_INCOME":null,"PREMIUM_INCOME_YOY":null,"NET_INTEREST_INCOME":null,"NET_INTEREST_INCOME_YOY":null,"FEE_COMMISSION_INCOME":null,"FEE_COMMISSION_INCOME_YOY":null,"ACCOUNTS_RECE_TDAYS":1.694060823415,"INVENTORY_TDAYS":1.309285796833,"CURRENT_ASSETS_TDAYS":0.547546822344,"TOTAL_ASSETS_TDAYS":0.483465054374,"PREMIUM_EXPENSE":null,"LOAN_DEPOSIT":null,"LOAN_EQUITY":null,"LOAN_ASSETS":null,"DEPOSIT_EQUITY":null,"DEPOSIT_ASSETS":null,"EQUITY_MULTIPLIER":1.063858675921,"EQUITY_RATIO":0.063858675922}],"count":18},"success":true,"message":"ok","code":0}