{"version":"961690526dbbe67db39391d82771dfda","result":{"pages":2,"data":[{"SECUCODE":"01935.HK","SECURITY_CODE":"01935","SECURITY_NAME_ABBR":"嘉宏教育","ORG_CODE":"10993031","STD_REPORT_DATE":"2024-06-30 00:00:00","REPORT_DATE":"2024-06-30 00:00:00","DATE_TYPE_CODE":"002","REPORT_TYPE":"2024年中报","PER_NETCASH_OPERATE":-0.089849640499,"PER_OI":0.323219205037,"BPS":1.855034575814,"BASIC_EPS":0.1671,"DILUTED_EPS":0.1671,"OPERATE_INCOME":517419000,"OPERATE_INCOME_YOY":17.3139404383,"GROSS_PROFIT":347238000,"GROSS_PROFIT_YOY":17.787253096156,"HOLDER_PROFIT":267523000,"HOLDER_PROFIT_YOY":26.3999659813,"GROSS_PROFIT_RATIO":67.109634551495,"EPS_TTM":0.277400473504,"OPERATE_INCOME_QOQ":8.743852658457,"NET_PROFIT_RATIO":65.903648687,"ROE_AVG":9.436221039024,"GROSS_PROFIT_QOQ":9.232370076536,"ROA":6.572772952085,"HOLDER_PROFIT_QOQ":14.39350225144,"ROE_YEARLY":18.872442078048,"ROIC_YEARLY":39.520841758489,"TOTAL_ASSETS":3976650000,"TOTAL_LIABILITIES":231020000,"TAX_EBT":0.060374438752,"OCF_SALES":-27.798360709599,"TOTAL_PARENT_EQUITY":2969595000,"DEBT_ASSET_RATIO":5.8094124451,"OPERATE_PROFIT":341217000,"PRETAX_PROFIT":341204000,"NETCASH_OPERATE":-143834000,"NETCASH_INVEST":-128634000,"NETCASH_FINANCE":-209000,"END_CASH":1724764000,"DIVI_RATIO":null,"DIVIDEND_RATE":null,"CURRENT_RATIO":9.979986833443,"COMMON_ACS":30000000000,"CURRENTDEBT_DEBT":82.189853692321,"ISSUED_COMMON_SHARES":1600830000,"HK_COMMON_SHARES":1600830000,"PER_SHARES":2000,"TOTAL_MARKET_CAP":1280664000,"HKSK_MARKET_CAP":1280664000,"PE_TTM":2.60335483007,"PB_TTM":0.393601288903,"REPORT_DATE_SQ":"2023-06-30 00:00:00","REPORT_TYPE_SQ":"2023年中报","OPERATE_INCOME_SQ":441055000,"DPS_HKD":null,"OPERATE_INCOME_QOQ_SQ":6.77481638063,"NET_PROFIT_RATIO_SQ":61.7072700684,"HOLDER_PROFIT_SQ":211648000,"HOLDER_PROFIT_QOQ_SQ":4.159224709389,"ROE_AVG_SQ":8.71322933074,"PE_TTM_SQ":3.120132434953,"PB_TTM_SQ":0.467467455232,"ROA_SQ":6.15384794313,"START_DATE":"2024-01-01 00:00:00","FISCAL_YEAR":"12-31","CURRENCY":"HKD","IS_CNY_CODE":0,"DPS_HKD_LY":null,"ORG_TYPE":"一般企业","PREMIUM_INCOME":null,"PREMIUM_INCOME_YOY":null,"NET_INTEREST_INCOME":null,"NET_INTEREST_INCOME_YOY":null,"FEE_COMMISSION_INCOME":null,"FEE_COMMISSION_INCOME_YOY":null,"ACCOUNTS_RECE_TDAYS":517.936936936937,"INVENTORY_TDAYS":null,"CURRENT_ASSETS_TDAYS":0.256844169221,"TOTAL_ASSETS_TDAYS":0.127124681171,"PREMIUM_EXPENSE":null,"LOAN_DEPOSIT":null,"LOAN_EQUITY":null,"LOAN_ASSETS":null,"DEPOSIT_EQUITY":null,"DEPOSIT_ASSETS":null,"EQUITY_MULTIPLIER":1.061677207839,"EQUITY_RATIO":0.07779512021},{"SECUCODE":"01935.HK","SECURITY_CODE":"01935","SECURITY_NAME_ABBR":"嘉宏教育","ORG_CODE":"10993031","STD_REPORT_DATE":"2023-12-31 00:00:00","REPORT_DATE":"2023-12-31 00:00:00","DATE_TYPE_CODE":"001","REPORT_TYPE":"2023年年报","PER_NETCASH_OPERATE":0.458352229781,"PER_OI":0.545557616986,"BPS":1.686959264881,"BASIC_EPS":0.2425,"DILUTED_EPS":0.2425,"OPERATE_INCOME":873345000,"OPERATE_INCOME_YOY":6.588939145,"GROSS_PROFIT":567969000,"GROSS_PROFIT_YOY":10.481750064192,"HOLDER_PROFIT":388196000,"HOLDER_PROFIT_YOY":5.8542185331,"GROSS_PROFIT_RATIO":65.033749549147,"EPS_TTM":0.242496704834,"OPERATE_INCOME_QOQ":-0.174083404582,"NET_PROFIT_RATIO":57.5730095209,"ROE_AVG":15.426696407673,"GROSS_PROFIT_QOQ":1.477942529619,"ROA":10.096027684519,"HOLDER_PROFIT_QOQ":1.627310330384,"ROE_YEARLY":15.426696407673,"ROIC_YEARLY":27.766732722416,"TOTAL_ASSETS":4163689000,"TOTAL_LIABILITIES":760594000,"TAX_EBT":0.301191680051,"OCF_SALES":84.01536620694,"TOTAL_PARENT_EQUITY":2700535000,"DEBT_ASSET_RATIO":18.2673105508,"OPERATE_PROFIT":504348000,"PRETAX_PROFIT":504330000,"NETCASH_OPERATE":733744000,"NETCASH_INVEST":-218413000,"NETCASH_FINANCE":-22022000,"END_CASH":1995904000,"DIVI_RATIO":null,"DIVIDEND_RATE":null,"CURRENT_RATIO":2.923644932152,"COMMON_ACS":30000000000,"CURRENTDEBT_DEBT":95.970386303337,"ISSUED_COMMON_SHARES":1600830000,"HK_COMMON_SHARES":1600830000,"PER_SHARES":2000,"TOTAL_MARKET_CAP":1280664000,"HKSK_MARKET_CAP":1280664000,"PE_TTM":2.60335483007,"PB_TTM":0.393601288903,"REPORT_DATE_SQ":"2022-12-31 00:00:00","REPORT_TYPE_SQ":"2022年年报","OPERATE_INCOME_SQ":819358000,"DPS_HKD":null,"OPERATE_INCOME_QOQ_SQ":8.987761193633,"NET_PROFIT_RATIO_SQ":57.7210450133,"HOLDER_PROFIT_SQ":366727000,"HOLDER_PROFIT_QOQ_SQ":-1.897437269274,"ROE_AVG_SQ":17.109133257832,"PE_TTM_SQ":2.535107603399,"PB_TTM_SQ":0.379817307376,"ROA_SQ":11.212919561099,"START_DATE":"2023-01-01 00:00:00","FISCAL_YEAR":"12-31","CURRENCY":"HKD","IS_CNY_CODE":0,"DPS_HKD_LY":0.015,"ORG_TYPE":"一般企业","PREMIUM_INCOME":null,"PREMIUM_INCOME_YOY":null,"NET_INTEREST_INCOME":null,"NET_INTEREST_INCOME_YOY":null,"FEE_COMMISSION_INCOME":null,"FEE_COMMISSION_INCOME_YOY":null,"ACCOUNTS_RECE_TDAYS":525.794701986755,"INVENTORY_TDAYS":null,"CURRENT_ASSETS_TDAYS":0.478168042248,"TOTAL_ASSETS_TDAYS":0.227135655652,"PREMIUM_EXPENSE":null,"LOAN_DEPOSIT":null,"LOAN_EQUITY":null,"LOAN_ASSETS":null,"DEPOSIT_EQUITY":null,"DEPOSIT_ASSETS":null,"EQUITY_MULTIPLIER":1.223500666305,"EQUITY_RATIO":0.281645673913},{"SECUCODE":"01935.HK","SECURITY_CODE":"01935","SECURITY_NAME_ABBR":"嘉宏教育","ORG_CODE":"10993031","STD_REPORT_DATE":"2023-06-30 00:00:00","REPORT_DATE":"2023-06-30 00:00:00","DATE_TYPE_CODE":"002","REPORT_TYPE":"2023年中报","PER_NETCASH_OPERATE":-0.079346963763,"PER_OI":0.275516450841,"BPS":1.577829625882,"BASIC_EPS":0.1322,"DILUTED_EPS":0.1322,"OPERATE_INCOME":441055000,"OPERATE_INCOME_YOY":14.3978005162,"GROSS_PROFIT":294801000,"GROSS_PROFIT_YOY":18.304653514616,"HOLDER_PROFIT":211648000,"HOLDER_PROFIT_YOY":7.7664910003,"GROSS_PROFIT_RATIO":66.839963269887,"EPS_TTM":0.238613719133,"OPERATE_INCOME_QOQ":6.77481638063,"NET_PROFIT_RATIO":61.7072700684,"ROE_AVG":8.71322933074,"GROSS_PROFIT_QOQ":8.872674504556,"ROA":6.15384794313,"HOLDER_PROFIT_QOQ":4.159224709389,"ROE_YEARLY":17.426458661481,"ROIC_YEARLY":29.82608683398,"TOTAL_ASSETS":3352173000,"TOTAL_LIABILITIES":177876000,"TAX_EBT":0.302576294283,"OCF_SALES":-28.799356089377,"TOTAL_PARENT_EQUITY":2525837000,"DEBT_ASSET_RATIO":5.306289383,"OPERATE_PROFIT":272993000,"PRETAX_PROFIT":272989000,"NETCASH_OPERATE":-127021000,"NETCASH_INVEST":-52795000,"NETCASH_FINANCE":-21805000,"END_CASH":1302824000,"DIVI_RATIO":null,"DIVIDEND_RATE":null,"CURRENT_RATIO":9.544493780816,"COMMON_ACS":30000000000,"CURRENTDEBT_DEBT":80.271649913423,"ISSUED_COMMON_SHARES":1600830000,"HK_COMMON_SHARES":1600830000,"PER_SHARES":2000,"TOTAL_MARKET_CAP":1280664000,"HKSK_MARKET_CAP":1280664000,"PE_TTM":2.60335483007,"PB_TTM":0.393601288903,"REPORT_DATE_SQ":"2022-06-30 00:00:00","REPORT_TYPE_SQ":"2022年中报","OPERATE_INCOME_SQ":385545000,"DPS_HKD":null,"OPERATE_INCOME_QOQ_SQ":9.814985772631,"NET_PROFIT_RATIO_SQ":64.2142940513,"HOLDER_PROFIT_SQ":196395000,"HOLDER_PROFIT_QOQ_SQ":14.656050252119,"ROE_AVG_SQ":9.554309777193,"PE_TTM_SQ":2.535107603399,"PB_TTM_SQ":0.379817307376,"ROA_SQ":6.611337385742,"START_DATE":"2023-01-01 00:00:00","FISCAL_YEAR":"12-31","CURRENCY":"HKD","IS_CNY_CODE":0,"DPS_HKD_LY":0.015,"ORG_TYPE":"一般企业","PREMIUM_INCOME":null,"PREMIUM_INCOME_YOY":null,"NET_INTEREST_INCOME":null,"NET_INTEREST_INCOME_YOY":null,"FEE_COMMISSION_INCOME":null,"FEE_COMMISSION_INCOME_YOY":null,"ACCOUNTS_RECE_TDAYS":432.831207065751,"INVENTORY_TDAYS":null,"CURRENT_ASSETS_TDAYS":0.306120253472,"TOTAL_ASSETS_TDAYS":0.128240541113,"PREMIUM_EXPENSE":null,"LOAN_DEPOSIT":null,"LOAN_EQUITY":null,"LOAN_ASSETS":null,"DEPOSIT_EQUITY":null,"DEPOSIT_ASSETS":null,"EQUITY_MULTIPLIER":1.056036344425,"EQUITY_RATIO":0.070422596549},{"SECUCODE":"01935.HK","SECURITY_CODE":"01935","SECURITY_NAME_ABBR":"嘉宏教育","ORG_CODE":"10993031","STD_REPORT_DATE":"2022-12-31 00:00:00","REPORT_DATE":"2022-12-31 00:00:00","DATE_TYPE_CODE":"001","REPORT_TYPE":"2022年年报","PER_NETCASH_OPERATE":0.40200333577,"PER_OI":0.511833236509,"BPS":1.456898608847,"BASIC_EPS":0.2291,"DILUTED_EPS":0.2291,"OPERATE_INCOME":819358000,"OPERATE_INCOME_YOY":19.6848944487,"GROSS_PROFIT":514084000,"GROSS_PROFIT_YOY":22.203971217823,"HOLDER_PROFIT":366727000,"HOLDER_PROFIT_YOY":12.4805236232,"GROSS_PROFIT_RATIO":62.742293356506,"EPS_TTM":0.229085536878,"OPERATE_INCOME_QOQ":8.987761193633,"NET_PROFIT_RATIO":57.7210450133,"ROE_AVG":17.109133257832,"GROSS_PROFIT_QOQ":7.652778097705,"ROA":11.212919561099,"HOLDER_PROFIT_QOQ":-1.897437269274,"ROE_YEARLY":17.109133257832,"ROIC_YEARLY":26.736612719844,"TOTAL_ASSETS":3526385000,"TOTAL_LIABILITIES":606193000,"TAX_EBT":0.396357387158,"OCF_SALES":78.541858381806,"TOTAL_PARENT_EQUITY":2332247000,"DEBT_ASSET_RATIO":17.1902103712,"OPERATE_PROFIT":475438000,"PRETAX_PROFIT":474824000,"NETCASH_OPERATE":643539000,"NETCASH_INVEST":-379860000,"NETCASH_FINANCE":-948000,"END_CASH":1500901000,"DIVI_RATIO":null,"DIVIDEND_RATE":null,"CURRENT_RATIO":2.62441702335,"COMMON_ACS":30000000000,"CURRENTDEBT_DEBT":95.466460351736,"ISSUED_COMMON_SHARES":1600830000,"HK_COMMON_SHARES":1600830000,"PER_SHARES":2000,"TOTAL_MARKET_CAP":1280664000,"HKSK_MARKET_CAP":1280664000,"PE_TTM":2.60335483007,"PB_TTM":0.393601288903,"REPORT_DATE_SQ":"2021-12-31 00:00:00","REPORT_TYPE_SQ":"2021年年报","OPERATE_INCOME_SQ":684596000,"DPS_HKD":null,"OPERATE_INCOME_QOQ_SQ":13.168896390179,"NET_PROFIT_RATIO_SQ":59.7388824942,"HOLDER_PROFIT_SQ":326036000,"HOLDER_PROFIT_QOQ_SQ":13.895856185679,"ROE_AVG_SQ":17.442593587773,"PE_TTM_SQ":2.535107603399,"PB_TTM_SQ":0.379817307376,"ROA_SQ":11.519005320062,"START_DATE":"2022-01-01 00:00:00","FISCAL_YEAR":"12-31","CURRENCY":"HKD","IS_CNY_CODE":0,"DPS_HKD_LY":null,"ORG_TYPE":"一般企业","PREMIUM_INCOME":null,"PREMIUM_INCOME_YOY":null,"NET_INTEREST_INCOME":null,"NET_INTEREST_INCOME_YOY":null,"FEE_COMMISSION_INCOME":null,"FEE_COMMISSION_INCOME_YOY":null,"ACCOUNTS_RECE_TDAYS":696.436889077773,"INVENTORY_TDAYS":null,"CURRENT_ASSETS_TDAYS":0.584428956038,"TOTAL_ASSETS_TDAYS":0.250524105008,"PREMIUM_EXPENSE":null,"LOAN_DEPOSIT":null,"LOAN_EQUITY":null,"LOAN_ASSETS":null,"DEPOSIT_EQUITY":null,"DEPOSIT_ASSETS":null,"EQUITY_MULTIPLIER":1.207586692929,"EQUITY_RATIO":0.259918010399},{"SECUCODE":"01935.HK","SECURITY_CODE":"01935","SECURITY_NAME_ABBR":"嘉宏教育","ORG_CODE":"10993031","STD_REPORT_DATE":"2022-06-30 00:00:00","REPORT_DATE":"2022-06-30 00:00:00","DATE_TYPE_CODE":"002","REPORT_TYPE":"2022年中报","PER_NETCASH_OPERATE":-0.034083569149,"PER_OI":0.240840688893,"BPS":1.347089322414,"BASIC_EPS":0.1227,"DILUTED_EPS":0.1227,"OPERATE_INCOME":385545000,"OPERATE_INCOME_YOY":21.1065110318,"GROSS_PROFIT":249188000,"GROSS_PROFIT_YOY":29.565425371505,"HOLDER_PROFIT":196395000,"HOLDER_PROFIT_YOY":32.1537436664,"GROSS_PROFIT_RATIO":64.632662853882,"EPS_TTM":0.233516363386,"OPERATE_INCOME_QOQ":9.814985772631,"NET_PROFIT_RATIO":64.2142940513,"ROE_AVG":9.554309777193,"GROSS_PROFIT_QOQ":13.516783660623,"ROA":6.611337385742,"HOLDER_PROFIT_QOQ":14.656050252119,"ROE_YEARLY":19.108619554385,"ROIC_YEARLY":28.989240201306,"TOTAL_ASSETS":2926392000,"TOTAL_LIABILITIES":237021000,"TAX_EBT":0.545128790192,"OCF_SALES":-14.151914821876,"TOTAL_PARENT_EQUITY":2156461000,"DEBT_ASSET_RATIO":8.0994275545,"OPERATE_PROFIT":248944000,"PRETAX_PROFIT":248932000,"NETCASH_OPERATE":-54562000,"NETCASH_INVEST":-238687000,"NETCASH_FINANCE":49831000,"END_CASH":989298000,"DIVI_RATIO":null,"DIVIDEND_RATE":null,"CURRENT_RATIO":4.979549644914,"COMMON_ACS":30000000000,"CURRENTDEBT_DEBT":84.895009302973,"ISSUED_COMMON_SHARES":1600830000,"HK_COMMON_SHARES":1600830000,"PER_SHARES":2000,"TOTAL_MARKET_CAP":1280664000,"HKSK_MARKET_CAP":1280664000,"PE_TTM":2.60335483007,"PB_TTM":0.393601288903,"REPORT_DATE_SQ":"2021-06-30 00:00:00","REPORT_TYPE_SQ":"2021年中报","OPERATE_INCOME_SQ":318352000,"DPS_HKD":null,"OPERATE_INCOME_QOQ_SQ":7.770873343619,"NET_PROFIT_RATIO_SQ":60.4799090315,"HOLDER_PROFIT_SQ":148611000,"HOLDER_PROFIT_QOQ_SQ":7.643307311644,"ROE_AVG_SQ":8.341788170749,"PE_TTM_SQ":2.535107603399,"PB_TTM_SQ":0.379817307376,"ROA_SQ":5.898472027793,"START_DATE":"2022-01-01 00:00:00","FISCAL_YEAR":"12-31","CURRENCY":"HKD","IS_CNY_CODE":0,"DPS_HKD_LY":null,"ORG_TYPE":"一般企业","PREMIUM_INCOME":null,"PREMIUM_INCOME_YOY":null,"NET_INTEREST_INCOME":null,"NET_INTEREST_INCOME_YOY":null,"FEE_COMMISSION_INCOME":null,"FEE_COMMISSION_INCOME_YOY":null,"ACCOUNTS_RECE_TDAYS":944.963235294118,"INVENTORY_TDAYS":null,"CURRENT_ASSETS_TDAYS":0.337138340004,"TOTAL_ASSETS_TDAYS":0.129787829241,"PREMIUM_EXPENSE":null,"LOAN_DEPOSIT":null,"LOAN_EQUITY":null,"LOAN_ASSETS":null,"DEPOSIT_EQUITY":null,"DEPOSIT_ASSETS":null,"EQUITY_MULTIPLIER":1.088132503846,"EQUITY_RATIO":0.109912027159},{"SECUCODE":"01935.HK","SECURITY_CODE":"01935","SECURITY_NAME_ABBR":"嘉宏教育","ORG_CODE":"10993031","STD_REPORT_DATE":"2021-12-31 00:00:00","REPORT_DATE":"2021-12-31 00:00:00","DATE_TYPE_CODE":"001","REPORT_TYPE":"2021年年报","PER_NETCASH_OPERATE":0.326295109412,"PER_OI":0.427650656222,"BPS":1.221034088567,"BASIC_EPS":0.2037,"DILUTED_EPS":0.2037,"OPERATE_INCOME":684596000,"OPERATE_INCOME_YOY":21.963107993,"GROSS_PROFIT":420677000,"GROSS_PROFIT_YOY":25.825372232558,"HOLDER_PROFIT":326036000,"HOLDER_PROFIT_YOY":22.6012664892,"GROSS_PROFIT_RATIO":61.448942149823,"EPS_TTM":0.203666847823,"OPERATE_INCOME_QOQ":13.168896390179,"NET_PROFIT_RATIO":59.7388824942,"ROE_AVG":17.442593587773,"GROSS_PROFIT_QOQ":16.351501976175,"ROA":11.519005320062,"HOLDER_PROFIT_QOQ":13.895856185679,"ROE_YEARLY":17.442593587773,"ROIC_YEARLY":27.131625866233,"TOTAL_ASSETS":3014766000,"TOTAL_LIABILITIES":578368000,"TAX_EBT":0.186462436605,"OCF_SALES":76.299452523824,"TOTAL_PARENT_EQUITY":1954668000,"DEBT_ASSET_RATIO":19.1845071889,"OPERATE_PROFIT":409752000,"PRETAX_PROFIT":409734000,"NETCASH_OPERATE":522343000,"NETCASH_INVEST":-288977000,"NETCASH_FINANCE":-150190000,"END_CASH":1227318000,"DIVI_RATIO":null,"DIVIDEND_RATE":null,"CURRENT_RATIO":2.319333281599,"COMMON_ACS":30000000000,"CURRENTDEBT_DEBT":95.806994854487,"ISSUED_COMMON_SHARES":1600830000,"HK_COMMON_SHARES":1600830000,"PER_SHARES":2000,"TOTAL_MARKET_CAP":1280664000,"HKSK_MARKET_CAP":1280664000,"PE_TTM":2.60335483007,"PB_TTM":0.393601288903,"REPORT_DATE_SQ":"2020-12-31 00:00:00","REPORT_TYPE_SQ":"2020年年报","OPERATE_INCOME_SQ":561314000,"DPS_HKD":null,"OPERATE_INCOME_QOQ_SQ":11.14666518818,"NET_PROFIT_RATIO_SQ":58.0063921441,"HOLDER_PROFIT_SQ":265932000,"HOLDER_PROFIT_QOQ_SQ":29.414226552273,"ROE_AVG_SQ":15.520891150305,"PE_TTM_SQ":2.535107603399,"PB_TTM_SQ":0.379817307376,"ROA_SQ":10.544070417509,"START_DATE":"2021-01-01 00:00:00","FISCAL_YEAR":"12-31","CURRENCY":"HKD","IS_CNY_CODE":0,"DPS_HKD_LY":0.0625,"ORG_TYPE":"一般企业","PREMIUM_INCOME":null,"PREMIUM_INCOME_YOY":null,"NET_INTEREST_INCOME":null,"NET_INTEREST_INCOME_YOY":null,"FEE_COMMISSION_INCOME":null,"FEE_COMMISSION_INCOME_YOY":null,"ACCOUNTS_RECE_TDAYS":762.356347438753,"INVENTORY_TDAYS":null,"CURRENT_ASSETS_TDAYS":0.559742840568,"TOTAL_ASSETS_TDAYS":0.241870988667,"PREMIUM_EXPENSE":null,"LOAN_DEPOSIT":null,"LOAN_EQUITY":null,"LOAN_ASSETS":null,"DEPOSIT_EQUITY":null,"DEPOSIT_ASSETS":null,"EQUITY_MULTIPLIER":1.237386502533,"EQUITY_RATIO":0.295890657646},{"SECUCODE":"01935.HK","SECURITY_CODE":"01935","SECURITY_NAME_ABBR":"嘉宏教育","ORG_CODE":"10993031","STD_REPORT_DATE":"2021-06-30 00:00:00","REPORT_DATE":"2021-06-30 00:00:00","DATE_TYPE_CODE":"002","REPORT_TYPE":"2021年中报","PER_NETCASH_OPERATE":-0.043677342379,"PER_OI":0.198866837828,"BPS":1.111503407607,"BASIC_EPS":0.0928,"DILUTED_EPS":0.0928,"OPERATE_INCOME":318352000,"OPERATE_INCOME_YOY":15.8768695424,"GROSS_PROFIT":192326000,"GROSS_PROFIT_YOY":16.488495060659,"HOLDER_PROFIT":148611000,"HOLDER_PROFIT_YOY":15.8444089332,"GROSS_PROFIT_RATIO":60.413001960095,"EPS_TTM":0.178818487909,"OPERATE_INCOME_QOQ":7.770873343619,"NET_PROFIT_RATIO":60.4799090315,"ROE_AVG":8.341788170749,"GROSS_PROFIT_QOQ":8.142456346049,"ROA":5.898472027793,"HOLDER_PROFIT_QOQ":7.643307311644,"ROE_YEARLY":16.683576341499,"ROIC_YEARLY":26.568053922364,"TOTAL_ASSETS":2392896000,"TOTAL_LIABILITIES":170844000,"TAX_EBT":0.769972118145,"OCF_SALES":-21.963110016585,"TOTAL_PARENT_EQUITY":1779328000,"DEBT_ASSET_RATIO":7.1396333146,"OPERATE_PROFIT":196388000,"PRETAX_PROFIT":194033000,"NETCASH_OPERATE":-69920000,"NETCASH_INVEST":-115939000,"NETCASH_FINANCE":-149988000,"END_CASH":810380000,"DIVI_RATIO":null,"DIVIDEND_RATE":null,"CURRENT_RATIO":5.70776861571,"COMMON_ACS":30000000000,"CURRENTDEBT_DEBT":84.258738966543,"ISSUED_COMMON_SHARES":1600830000,"HK_COMMON_SHARES":1600830000,"PER_SHARES":2000,"TOTAL_MARKET_CAP":1280664000,"HKSK_MARKET_CAP":1280664000,"PE_TTM":2.60335483007,"PB_TTM":0.393601288903,"REPORT_DATE_SQ":"2020-06-30 00:00:00","REPORT_TYPE_SQ":"2020年中报","OPERATE_INCOME_SQ":274733000,"DPS_HKD":null,"OPERATE_INCOME_QOQ_SQ":4.102927747327,"NET_PROFIT_RATIO_SQ":58.9277589514,"HOLDER_PROFIT_SQ":128285000,"HOLDER_PROFIT_QOQ_SQ":16.905230580177,"ROE_AVG_SQ":7.744999725301,"PE_TTM_SQ":2.535107603399,"PB_TTM_SQ":0.379817307376,"ROA_SQ":5.612271794337,"START_DATE":"2021-01-01 00:00:00","FISCAL_YEAR":"12-31","CURRENCY":"HKD","IS_CNY_CODE":0,"DPS_HKD_LY":0.0625,"ORG_TYPE":"一般企业","PREMIUM_INCOME":null,"PREMIUM_INCOME_YOY":null,"NET_INTEREST_INCOME":null,"NET_INTEREST_INCOME_YOY":null,"FEE_COMMISSION_INCOME":null,"FEE_COMMISSION_INCOME_YOY":null,"ACCOUNTS_RECE_TDAYS":450.285714285714,"INVENTORY_TDAYS":null,"CURRENT_ASSETS_TDAYS":0.321151477429,"TOTAL_ASSETS_TDAYS":0.126356081783,"PREMIUM_EXPENSE":null,"LOAN_DEPOSIT":null,"LOAN_EQUITY":null,"LOAN_ASSETS":null,"DEPOSIT_EQUITY":null,"DEPOSIT_ASSETS":null,"EQUITY_MULTIPLIER":1.076885689444,"EQUITY_RATIO":0.096016024027},{"SECUCODE":"01935.HK","SECURITY_CODE":"01935","SECURITY_NAME_ABBR":"嘉宏教育","ORG_CODE":"10993031","STD_REPORT_DATE":"2020-12-31 00:00:00","REPORT_DATE":"2020-12-31 00:00:00","DATE_TYPE_CODE":"001","REPORT_TYPE":"2020年年报","PER_NETCASH_OPERATE":0.275775066684,"PER_OI":0.350639355834,"BPS":1.114247609053,"BASIC_EPS":0.1661,"DILUTED_EPS":0.1661,"OPERATE_INCOME":561314000,"OPERATE_INCOME_YOY":15.7069325544,"GROSS_PROFIT":334334000,"GROSS_PROFIT_YOY":29.535609952654,"HOLDER_PROFIT":265932000,"HOLDER_PROFIT_YOY":51.2919999545,"GROSS_PROFIT_RATIO":59.562740284404,"EPS_TTM":0.166121324563,"OPERATE_INCOME_QOQ":11.14666518818,"NET_PROFIT_RATIO":58.0063921441,"ROE_AVG":15.520891150305,"GROSS_PROFIT_QOQ":21.254565170874,"ROA":10.544070417509,"HOLDER_PROFIT_QOQ":29.414226552273,"ROE_YEARLY":15.520891150305,"ROIC_YEARLY":24.113587718149,"TOTAL_ASSETS":2646070000,"TOTAL_LIABILITIES":463553000,"TAX_EBT":0.531256778183,"OCF_SALES":78.649205257663,"TOTAL_PARENT_EQUITY":1783721000,"DEBT_ASSET_RATIO":17.5185463725,"OPERATE_PROFIT":335043000,"PRETAX_PROFIT":327337000,"NETCASH_OPERATE":441469000,"NETCASH_INVEST":310013000,"NETCASH_FINANCE":-110938000,"END_CASH":1149627000,"DIVI_RATIO":null,"DIVIDEND_RATE":null,"CURRENT_RATIO":2.618681554165,"COMMON_ACS":30000000000,"CURRENTDEBT_DEBT":95.636313431258,"ISSUED_COMMON_SHARES":1600830000,"HK_COMMON_SHARES":1600830000,"PER_SHARES":2000,"TOTAL_MARKET_CAP":1280664000,"HKSK_MARKET_CAP":1280664000,"PE_TTM":2.60335483007,"PB_TTM":0.393601288903,"REPORT_DATE_SQ":"2019-12-31 00:00:00","REPORT_TYPE_SQ":"2019年年报","OPERATE_INCOME_SQ":485117000,"DPS_HKD":null,"OPERATE_INCOME_QOQ_SQ":5.876126435803,"NET_PROFIT_RATIO_SQ":46.8396283783,"HOLDER_PROFIT_SQ":175774000,"HOLDER_PROFIT_QOQ_SQ":-10.93060376498,"ROE_AVG_SQ":12.979401566989,"PE_TTM_SQ":2.535107603399,"PB_TTM_SQ":0.379817307376,"ROA_SQ":8.235929143665,"START_DATE":"2020-01-01 00:00:00","FISCAL_YEAR":"12-31","CURRENCY":"HKD","IS_CNY_CODE":0,"DPS_HKD_LY":0.054,"ORG_TYPE":"一般企业","PREMIUM_INCOME":null,"PREMIUM_INCOME_YOY":null,"NET_INTEREST_INCOME":null,"NET_INTEREST_INCOME_YOY":null,"FEE_COMMISSION_INCOME":null,"FEE_COMMISSION_INCOME_YOY":null,"ACCOUNTS_RECE_TDAYS":539.725,"INVENTORY_TDAYS":null,"CURRENT_ASSETS_TDAYS":0.526532080557,"TOTAL_ASSETS_TDAYS":0.222558185639,"PREMIUM_EXPENSE":null,"LOAN_DEPOSIT":null,"LOAN_EQUITY":null,"LOAN_ASSETS":null,"DEPOSIT_EQUITY":null,"DEPOSIT_ASSETS":null,"EQUITY_MULTIPLIER":1.212393763713,"EQUITY_RATIO":0.259879768192},{"SECUCODE":"01935.HK","SECURITY_CODE":"01935","SECURITY_NAME_ABBR":"嘉宏教育","ORG_CODE":"10993031","STD_REPORT_DATE":"2020-06-30 00:00:00","REPORT_DATE":"2020-06-30 00:00:00","DATE_TYPE_CODE":"002","REPORT_TYPE":"2020年中报","PER_NETCASH_OPERATE":-0.056104021039,"PER_OI":0.171619097593,"BPS":1.043007065085,"BASIC_EPS":0.0801,"DILUTED_EPS":0.0801,"OPERATE_INCOME":274733000,"OPERATE_INCOME_YOY":7.8107279784,"GROSS_PROFIT":165103000,"GROSS_PROFIT_YOY":11.952453280534,"HOLDER_PROFIT":128285000,"HOLDER_PROFIT_YOY":30.1460890738,"GROSS_PROFIT_RATIO":60.095802106045,"EPS_TTM":0.128364036156,"OPERATE_INCOME_QOQ":4.102927747327,"NET_PROFIT_RATIO":58.9277589514,"ROE_AVG":7.744999725301,"GROSS_PROFIT_QOQ":6.829470519407,"ROA":5.612271794337,"HOLDER_PROFIT_QOQ":16.905230580177,"ROE_YEARLY":15.489999450602,"ROIC_YEARLY":23.716109197445,"TOTAL_ASSETS":2173459000,"TOTAL_LIABILITIES":131043000,"TAX_EBT":1.105654107413,"OCF_SALES":-32.691012728722,"TOTAL_PARENT_EQUITY":1669677000,"DEBT_ASSET_RATIO":6.0292372665,"OPERATE_PROFIT":163735000,"PRETAX_PROFIT":163704000,"NETCASH_OPERATE":-89813000,"NETCASH_INVEST":22559000,"NETCASH_FINANCE":-110362000,"END_CASH":355057000,"DIVI_RATIO":null,"DIVIDEND_RATE":null,"CURRENT_RATIO":6.485927145221,"COMMON_ACS":30000000000,"CURRENTDEBT_DEBT":89.011240585151,"ISSUED_COMMON_SHARES":1600830000,"HK_COMMON_SHARES":1600830000,"PER_SHARES":2000,"TOTAL_MARKET_CAP":1280664000,"HKSK_MARKET_CAP":1280664000,"PE_TTM":2.60335483007,"PB_TTM":0.393601288903,"REPORT_DATE_SQ":"2019-06-30 00:00:00","REPORT_TYPE_SQ":"2019年中报","OPERATE_INCOME_SQ":254829000,"DPS_HKD":null,"OPERATE_INCOME_QOQ_SQ":51.811025187365,"NET_PROFIT_RATIO_SQ":50.5138740096,"HOLDER_PROFIT_SQ":98570000,"HOLDER_PROFIT_QOQ_SQ":26.465913897184,"ROE_AVG_SQ":7.226309131637,"PE_TTM_SQ":2.535107603399,"PB_TTM_SQ":0.379817307376,"ROA_SQ":4.812850804799,"START_DATE":"2020-01-01 00:00:00","FISCAL_YEAR":"12-31","CURRENCY":"HKD","IS_CNY_CODE":0,"DPS_HKD_LY":0.054,"ORG_TYPE":"一般企业","PREMIUM_INCOME":null,"PREMIUM_INCOME_YOY":null,"NET_INTEREST_INCOME":null,"NET_INTEREST_INCOME_YOY":null,"FEE_COMMISSION_INCOME":null,"FEE_COMMISSION_INCOME_YOY":null,"ACCOUNTS_RECE_TDAYS":449.644844517185,"INVENTORY_TDAYS":null,"CURRENT_ASSETS_TDAYS":0.318028069233,"TOTAL_ASSETS_TDAYS":0.120191469531,"PREMIUM_EXPENSE":null,"LOAN_DEPOSIT":null,"LOAN_EQUITY":null,"LOAN_ASSETS":null,"DEPOSIT_EQUITY":null,"DEPOSIT_ASSETS":null,"EQUITY_MULTIPLIER":1.064160778216,"EQUITY_RATIO":0.078484042123}],"count":17},"success":true,"message":"ok","code":0}