{"version":"d5d1fea0e57213e5ba5135d2ad0c6f57","result":{"pages":2,"data":[{"SECUCODE":"01940.HK","SECURITY_CODE":"01940","SECURITY_NAME_ABBR":"CGII HLDGS","ORG_CODE":"10000071188","STD_REPORT_DATE":"2024-06-30 00:00:00","REPORT_DATE":"2024-06-30 00:00:00","DATE_TYPE_CODE":"002","REPORT_TYPE":"2024年中报","PER_NETCASH_OPERATE":0.069201280833,"PER_OI":0.533961879167,"BPS":1.3052665125,"BASIC_EPS":0.04,"DILUTED_EPS":0.04,"OPERATE_INCOME":640754255,"OPERATE_INCOME_YOY":-9.5079819877,"GROSS_PROFIT":165162160,"GROSS_PROFIT_YOY":0.645356446931,"HOLDER_PROFIT":51791438,"HOLDER_PROFIT_YOY":-25.4815611408,"GROSS_PROFIT_RATIO":25.776209632818,"EPS_TTM":0.091971826667,"OPERATE_INCOME_QOQ":-4.514889041761,"NET_PROFIT_RATIO":8.0828863165,"ROE_AVG":3.363353296246,"GROSS_PROFIT_QOQ":0.318892086177,"ROA":2.117178541373,"HOLDER_PROFIT_QOQ":-13.827752982264,"ROE_YEARLY":6.726706592493,"ROIC_YEARLY":4.59133438707,"TOTAL_ASSETS":2419534714,"TOTAL_LIABILITIES":853214899,"TAX_EBT":19.274286791994,"OCF_SALES":12.959966531943,"TOTAL_PARENT_EQUITY":1566319815,"DEBT_ASSET_RATIO":35.2635940317,"OPERATE_PROFIT":73518279,"PRETAX_PROFIT":64157300,"NETCASH_OPERATE":83041537,"NETCASH_INVEST":-93660701,"NETCASH_FINANCE":-14113821,"END_CASH":177775048,"DIVI_RATIO":null,"DIVIDEND_RATE":null,"CURRENT_RATIO":1.410083033135,"COMMON_ACS":2000000000,"CURRENTDEBT_DEBT":65.623218330603,"ISSUED_COMMON_SHARES":1200000000,"HK_COMMON_SHARES":1200000000,"PER_SHARES":2000,"TOTAL_MARKET_CAP":612000000,"HKSK_MARKET_CAP":612000000,"PE_TTM":4.988024052023,"PB_TTM":0.356606712531,"REPORT_DATE_SQ":"2023-06-30 00:00:00","REPORT_TYPE_SQ":"2023年中报","OPERATE_INCOME_SQ":708078203,"DPS_HKD":null,"OPERATE_INCOME_QOQ_SQ":4.835418248017,"NET_PROFIT_RATIO_SQ":9.8155128495,"HOLDER_PROFIT_SQ":69501507,"HOLDER_PROFIT_QOQ_SQ":24.720834694843,"ROE_AVG_SQ":4.894375329144,"PE_TTM_SQ":3.806006647896,"PB_TTM_SQ":0.368988991176,"ROA_SQ":2.655216286691,"START_DATE":"2024-01-01 00:00:00","FISCAL_YEAR":"12-31","CURRENCY":"HKD","IS_CNY_CODE":0,"DPS_HKD_LY":null,"ORG_TYPE":"一般企业","PREMIUM_INCOME":null,"PREMIUM_INCOME_YOY":null,"NET_INTEREST_INCOME":null,"NET_INTEREST_INCOME_YOY":null,"FEE_COMMISSION_INCOME":null,"FEE_COMMISSION_INCOME_YOY":null,"ACCOUNTS_RECE_TDAYS":1.188425096491,"INVENTORY_TDAYS":55.852396784089,"CURRENT_ASSETS_TDAYS":0.780277757309,"TOTAL_ASSETS_TDAYS":0.261933480005,"PREMIUM_EXPENSE":null,"LOAN_DEPOSIT":null,"LOAN_EQUITY":null,"LOAN_ASSETS":null,"DEPOSIT_EQUITY":null,"DEPOSIT_ASSETS":null,"EQUITY_MULTIPLIER":1.544725854088,"EQUITY_RATIO":0.544725854087},{"SECUCODE":"01940.HK","SECURITY_CODE":"01940","SECURITY_NAME_ABBR":"CGII HLDGS","ORG_CODE":"10000071188","STD_REPORT_DATE":"2023-12-31 00:00:00","REPORT_DATE":"2023-12-31 00:00:00","DATE_TYPE_CODE":"001","REPORT_TYPE":"2023年年报","PER_NETCASH_OPERATE":0.001172958333,"PER_OI":1.242628323333,"BPS":1.261191891667,"BASIC_EPS":0.11,"DILUTED_EPS":0.11,"OPERATE_INCOME":1491153988,"OPERATE_INCOME_YOY":0.6418374085,"GROSS_PROFIT":332102942,"GROSS_PROFIT_YOY":-2.851441720246,"HOLDER_PROFIT":128076261,"HOLDER_PROFIT_YOY":13.6006725768,"GROSS_PROFIT_RATIO":22.27153900084,"EPS_TTM":0.1067302175,"OPERATE_INCOME_QOQ":-4.000156540197,"NET_PROFIT_RATIO":8.589070078,"ROE_AVG":8.835089915353,"GROSS_PROFIT_QOQ":-8.387302876242,"ROA":5.042732066818,"HOLDER_PROFIT_QOQ":-8.916042091348,"ROE_YEARLY":8.835089915353,"ROIC_YEARLY":5.671757032988,"TOTAL_ASSETS":2472961312,"TOTAL_LIABILITIES":959531042,"TAX_EBT":16.161147639194,"OCF_SALES":0.094393336391,"TOTAL_PARENT_EQUITY":1513430270,"DEBT_ASSET_RATIO":38.8008917626,"OPERATE_PROFIT":174480256,"PRETAX_PROFIT":152764807,"NETCASH_OPERATE":1407550,"NETCASH_INVEST":-69378570,"NETCASH_FINANCE":-90012676,"END_CASH":202617643,"DIVI_RATIO":null,"DIVIDEND_RATE":null,"CURRENT_RATIO":1.276281744455,"COMMON_ACS":2000000000,"CURRENTDEBT_DEBT":69.642092100237,"ISSUED_COMMON_SHARES":1200000000,"HK_COMMON_SHARES":1200000000,"PER_SHARES":2000,"TOTAL_MARKET_CAP":588000000,"HKSK_MARKET_CAP":588000000,"PE_TTM":4.792415265669,"PB_TTM":0.342622135569,"REPORT_DATE_SQ":"2022-12-31 00:00:00","REPORT_TYPE_SQ":"2022年年报","OPERATE_INCOME_SQ":1481644241,"DPS_HKD":null,"OPERATE_INCOME_QOQ_SQ":18.027133423828,"NET_PROFIT_RATIO_SQ":7.6092841237,"HOLDER_PROFIT_SQ":112742520,"HOLDER_PROFIT_QOQ_SQ":107.26178392668,"ROE_AVG_SQ":8.451897492519,"PE_TTM_SQ":3.570583556274,"PB_TTM_SQ":0.346164929866,"ROA_SQ":4.498252189495,"START_DATE":"2023-01-01 00:00:00","FISCAL_YEAR":"12-31","CURRENCY":"HKD","IS_CNY_CODE":0,"DPS_HKD_LY":null,"ORG_TYPE":"一般企业","PREMIUM_INCOME":null,"PREMIUM_INCOME_YOY":null,"NET_INTEREST_INCOME":null,"NET_INTEREST_INCOME_YOY":null,"FEE_COMMISSION_INCOME":null,"FEE_COMMISSION_INCOME_YOY":null,"ACCOUNTS_RECE_TDAYS":2.684457751291,"INVENTORY_TDAYS":108.602636191804,"CURRENT_ASSETS_TDAYS":1.617610886473,"TOTAL_ASSETS_TDAYS":0.587110364805,"PREMIUM_EXPENSE":null,"LOAN_DEPOSIT":null,"LOAN_EQUITY":null,"LOAN_ASSETS":null,"DEPOSIT_EQUITY":null,"DEPOSIT_ASSETS":null,"EQUITY_MULTIPLIER":1.63401073774,"EQUITY_RATIO":0.63401073774},{"SECUCODE":"01940.HK","SECURITY_CODE":"01940","SECURITY_NAME_ABBR":"CGII HLDGS","ORG_CODE":"10000071188","STD_REPORT_DATE":"2023-06-30 00:00:00","REPORT_DATE":"2023-06-30 00:00:00","DATE_TYPE_CODE":"002","REPORT_TYPE":"2023年中报","PER_NETCASH_OPERATE":-0.004722323333,"PER_OI":0.590065169167,"BPS":1.211852685833,"BASIC_EPS":0.06,"DILUTED_EPS":0.06,"OPERATE_INCOME":708078203,"OPERATE_INCOME_YOY":11.2570414099,"GROSS_PROFIT":164103110,"GROSS_PROFIT_YOY":14.400478088733,"HOLDER_PROFIT":69501507,"HOLDER_PROFIT_YOY":66.9480669454,"GROSS_PROFIT_RATIO":23.175845451071,"EPS_TTM":0.117177843333,"OPERATE_INCOME_QOQ":4.835418248017,"NET_PROFIT_RATIO":9.8155128495,"ROE_AVG":4.894375329144,"GROSS_PROFIT_QOQ":6.042678940582,"ROA":2.655216286691,"HOLDER_PROFIT_QOQ":24.720834694843,"ROE_YEARLY":9.788750658287,"ROIC_YEARLY":6.079347084513,"TOTAL_ASSETS":2628415503,"TOTAL_LIABILITIES":1174192280,"TAX_EBT":19.096895314642,"OCF_SALES":-0.800305386607,"TOTAL_PARENT_EQUITY":1454223223,"DEBT_ASSET_RATIO":44.6730084593,"OPERATE_PROFIT":98546648,"PRETAX_PROFIT":85907095,"NETCASH_OPERATE":-5666788,"NETCASH_INVEST":-36677334,"NETCASH_FINANCE":-19042479,"END_CASH":301394838,"DIVI_RATIO":null,"DIVIDEND_RATE":null,"CURRENT_RATIO":1.304198066717,"COMMON_ACS":2000000000,"CURRENTDEBT_DEBT":66.380303232789,"ISSUED_COMMON_SHARES":1200000000,"HK_COMMON_SHARES":1200000000,"PER_SHARES":2000,"TOTAL_MARKET_CAP":588000000,"HKSK_MARKET_CAP":588000000,"PE_TTM":4.792415265669,"PB_TTM":0.342622135569,"REPORT_DATE_SQ":"2022-06-30 00:00:00","REPORT_TYPE_SQ":"2022年中报","OPERATE_INCOME_SQ":636434507,"DPS_HKD":null,"OPERATE_INCOME_QOQ_SQ":3.809831192701,"NET_PROFIT_RATIO_SQ":6.5412253016,"HOLDER_PROFIT_SQ":41630615,"HOLDER_PROFIT_QOQ_SQ":302.845763521446,"ROE_AVG_SQ":3.201459785651,"PE_TTM_SQ":3.570583556274,"PB_TTM_SQ":0.346164929866,"ROA_SQ":1.687717157605,"START_DATE":"2023-01-01 00:00:00","FISCAL_YEAR":"12-31","CURRENCY":"HKD","IS_CNY_CODE":0,"DPS_HKD_LY":null,"ORG_TYPE":"一般企业","PREMIUM_INCOME":null,"PREMIUM_INCOME_YOY":null,"NET_INTEREST_INCOME":null,"NET_INTEREST_INCOME_YOY":null,"FEE_COMMISSION_INCOME":null,"FEE_COMMISSION_INCOME_YOY":null,"ACCOUNTS_RECE_TDAYS":1.167888987285,"INVENTORY_TDAYS":52.132493227018,"CURRENT_ASSETS_TDAYS":0.705494433697,"TOTAL_ASSETS_TDAYS":0.27051223175,"PREMIUM_EXPENSE":null,"LOAN_DEPOSIT":null,"LOAN_EQUITY":null,"LOAN_ASSETS":null,"DEPOSIT_EQUITY":null,"DEPOSIT_ASSETS":null,"EQUITY_MULTIPLIER":1.807436067194,"EQUITY_RATIO":0.807436067193},{"SECUCODE":"01940.HK","SECURITY_CODE":"01940","SECURITY_NAME_ABBR":"CGII HLDGS","ORG_CODE":"10000071188","STD_REPORT_DATE":"2022-12-31 00:00:00","REPORT_DATE":"2022-12-31 00:00:00","DATE_TYPE_CODE":"001","REPORT_TYPE":"2022年年报","PER_NETCASH_OPERATE":0.1642563625,"PER_OI":1.234703534167,"BPS":1.1548608825,"BASIC_EPS":0.09,"DILUTED_EPS":0.09,"OPERATE_INCOME":1481644241,"OPERATE_INCOME_YOY":22.5237679689,"GROSS_PROFIT":341850613,"GROSS_PROFIT_YOY":37.765699777794,"HOLDER_PROFIT":112742520,"HOLDER_PROFIT_YOY":520.4217480942,"GROSS_PROFIT_RATIO":23.072381583941,"EPS_TTM":0.0939521,"OPERATE_INCOME_QOQ":18.027133423828,"NET_PROFIT_RATIO":7.6092841237,"ROE_AVG":8.451897492519,"GROSS_PROFIT_QOQ":22.129266878921,"ROA":4.498252189495,"HOLDER_PROFIT_QOQ":107.26178392668,"ROE_YEARLY":8.451897492519,"ROIC_YEARLY":5.178285217799,"TOTAL_ASSETS":2606676444,"TOTAL_LIABILITIES":1220843385,"TAX_EBT":29.981379090065,"OCF_SALES":13.303303825955,"TOTAL_PARENT_EQUITY":1385833059,"DEBT_ASSET_RATIO":46.8352483029,"OPERATE_PROFIT":187037964,"PRETAX_PROFIT":161017910,"NETCASH_OPERATE":197107635,"NETCASH_INVEST":-114563260,"NETCASH_FINANCE":-29874947,"END_CASH":360738465,"DIVI_RATIO":null,"DIVIDEND_RATE":null,"CURRENT_RATIO":1.151432067648,"COMMON_ACS":2000000000,"CURRENTDEBT_DEBT":70.482865253023,"ISSUED_COMMON_SHARES":1200000000,"HK_COMMON_SHARES":1200000000,"PER_SHARES":2000,"TOTAL_MARKET_CAP":588000000,"HKSK_MARKET_CAP":588000000,"PE_TTM":4.792415265669,"PB_TTM":0.342622135569,"REPORT_DATE_SQ":"2021-12-31 00:00:00","REPORT_TYPE_SQ":"2021年年报","OPERATE_INCOME_SQ":1209270875,"DPS_HKD":null,"OPERATE_INCOME_QOQ_SQ":2.527912900348,"NET_PROFIT_RATIO_SQ":-2.2175783403,"HOLDER_PROFIT_SQ":-26816529,"HOLDER_PROFIT_QOQ_SQ":79.685194296382,"ROE_AVG_SQ":-2.06239486611,"PE_TTM_SQ":3.570583556274,"PB_TTM_SQ":0.346164929866,"ROA_SQ":-1.087722308467,"START_DATE":"2022-01-01 00:00:00","FISCAL_YEAR":"12-31","CURRENCY":"HKD","IS_CNY_CODE":0,"DPS_HKD_LY":null,"ORG_TYPE":"一般企业","PREMIUM_INCOME":null,"PREMIUM_INCOME_YOY":null,"NET_INTEREST_INCOME":null,"NET_INTEREST_INCOME_YOY":null,"FEE_COMMISSION_INCOME":null,"FEE_COMMISSION_INCOME_YOY":null,"ACCOUNTS_RECE_TDAYS":2.980437720957,"INVENTORY_TDAYS":104.654063087251,"CURRENT_ASSETS_TDAYS":1.645259175227,"TOTAL_ASSETS_TDAYS":0.591153138242,"PREMIUM_EXPENSE":null,"LOAN_DEPOSIT":null,"LOAN_EQUITY":null,"LOAN_ASSETS":null,"DEPOSIT_EQUITY":null,"DEPOSIT_ASSETS":null,"EQUITY_MULTIPLIER":1.880945491286,"EQUITY_RATIO":0.880945491285},{"SECUCODE":"01940.HK","SECURITY_CODE":"01940","SECURITY_NAME_ABBR":"CGII HLDGS","ORG_CODE":"10000071188","STD_REPORT_DATE":"2022-06-30 00:00:00","REPORT_DATE":"2022-06-30 00:00:00","DATE_TYPE_CODE":"002","REPORT_TYPE":"2022年中报","PER_NETCASH_OPERATE":0.0998808975,"PER_OI":0.530362089167,"BPS":1.0989143,"BASIC_EPS":0.03,"DILUTED_EPS":0.03,"OPERATE_INCOME":636434507,"OPERATE_INCOME_YOY":7.8038687051,"GROSS_PROFIT":143446175,"GROSS_PROFIT_YOY":28.447985761441,"HOLDER_PROFIT":41630615,"HOLDER_PROFIT_YOY":205.1753384427,"GROSS_PROFIT_RATIO":22.539031655617,"EPS_TTM":0.045330160833,"OPERATE_INCOME_QOQ":3.809831192701,"NET_PROFIT_RATIO":6.5412253016,"ROE_AVG":3.201459785651,"GROSS_PROFIT_QOQ":12.803182479081,"ROA":1.687717157605,"HOLDER_PROFIT_QOQ":302.845763521446,"ROE_YEARLY":6.402919571302,"ROIC_YEARLY":3.847284165119,"TOTAL_ASSETS":2527314783,"TOTAL_LIABILITIES":1208617623,"TAX_EBT":32.447963632325,"OCF_SALES":18.832586178424,"TOTAL_PARENT_EQUITY":1318697160,"DEBT_ASSET_RATIO":47.8222036736,"OPERATE_PROFIT":74653780,"PRETAX_PROFIT":61627476,"NETCASH_OPERATE":119857077,"NETCASH_INVEST":-104008862,"NETCASH_FINANCE":-11457206,"END_CASH":307499399,"DIVI_RATIO":null,"DIVIDEND_RATE":null,"CURRENT_RATIO":0.877134466475,"COMMON_ACS":2000000000,"CURRENTDEBT_DEBT":85.374179009468,"ISSUED_COMMON_SHARES":1200000000,"HK_COMMON_SHARES":1200000000,"PER_SHARES":2000,"TOTAL_MARKET_CAP":588000000,"HKSK_MARKET_CAP":588000000,"PE_TTM":4.792415265669,"PB_TTM":0.342622135569,"REPORT_DATE_SQ":"2021-06-30 00:00:00","REPORT_TYPE_SQ":"2021年中报","OPERATE_INCOME_SQ":590363328,"DPS_HKD":null,"OPERATE_INCOME_QOQ_SQ":-0.620845834903,"NET_PROFIT_RATIO_SQ":-6.7047028707,"HOLDER_PROFIT_SQ":-39582107,"HOLDER_PROFIT_QOQ_SQ":-376.597386515411,"ROE_AVG_SQ":-3.047492832742,"PE_TTM_SQ":3.570583556274,"PB_TTM_SQ":0.346164929866,"ROA_SQ":-1.608152495132,"START_DATE":"2022-01-01 00:00:00","FISCAL_YEAR":"12-31","CURRENCY":"HKD","IS_CNY_CODE":0,"DPS_HKD_LY":null,"ORG_TYPE":"一般企业","PREMIUM_INCOME":null,"PREMIUM_INCOME_YOY":null,"NET_INTEREST_INCOME":null,"NET_INTEREST_INCOME_YOY":null,"FEE_COMMISSION_INCOME":null,"FEE_COMMISSION_INCOME_YOY":null,"ACCOUNTS_RECE_TDAYS":1.404576472918,"INVENTORY_TDAYS":49.322717726059,"CURRENT_ASSETS_TDAYS":0.742030743547,"TOTAL_ASSETS_TDAYS":0.258012387556,"PREMIUM_EXPENSE":null,"LOAN_DEPOSIT":null,"LOAN_EQUITY":null,"LOAN_ASSETS":null,"DEPOSIT_EQUITY":null,"DEPOSIT_ASSETS":null,"EQUITY_MULTIPLIER":1.916524020571,"EQUITY_RATIO":0.916524020572},{"SECUCODE":"01940.HK","SECURITY_CODE":"01940","SECURITY_NAME_ABBR":"CGII HLDGS","ORG_CODE":"10000071188","STD_REPORT_DATE":"2021-12-31 00:00:00","REPORT_DATE":"2021-12-31 00:00:00","DATE_TYPE_CODE":"001","REPORT_TYPE":"2021年年报","PER_NETCASH_OPERATE":0.059793850833,"PER_OI":1.007725729167,"BPS":1.068358225,"BASIC_EPS":-0.02,"DILUTED_EPS":-0.02,"OPERATE_INCOME":1209270875,"OPERATE_INCOME_YOY":1.8913726235,"GROSS_PROFIT":248139133,"GROSS_PROFIT_YOY":-7.760021769811,"HOLDER_PROFIT":-26816529,"HOLDER_PROFIT_YOY":3.1801669409,"GROSS_PROFIT_RATIO":20.519731197528,"EPS_TTM":-0.0223471075,"OPERATE_INCOME_QOQ":2.527912900348,"NET_PROFIT_RATIO":-2.2175783403,"ROE_AVG":-2.06239486611,"GROSS_PROFIT_QOQ":3.320719714479,"ROA":-1.087722308467,"HOLDER_PROFIT_QOQ":79.685194296382,"ROE_YEARLY":-2.06239486611,"ROIC_YEARLY":-1.301337116242,"TOTAL_ASSETS":2406049177,"TOTAL_LIABILITIES":1124019307,"TAX_EBT":289.945382571679,"OCF_SALES":5.933544128399,"TOTAL_PARENT_EQUITY":1282029870,"DEBT_ASSET_RATIO":46.7163895794,"OPERATE_PROFIT":42166251,"PRETAX_PROFIT":14118021,"NETCASH_OPERATE":71752621,"NETCASH_INVEST":-137538236,"NETCASH_FINANCE":-142332680,"END_CASH":297552618,"DIVI_RATIO":null,"DIVIDEND_RATE":null,"CURRENT_RATIO":1.028539745726,"COMMON_ACS":2000000000,"CURRENTDEBT_DEBT":70.090645426965,"ISSUED_COMMON_SHARES":1200000000,"HK_COMMON_SHARES":1200000000,"PER_SHARES":2000,"TOTAL_MARKET_CAP":588000000,"HKSK_MARKET_CAP":588000000,"PE_TTM":4.792415265669,"PB_TTM":0.342622135569,"REPORT_DATE_SQ":"2020-12-31 00:00:00","REPORT_TYPE_SQ":"2020年年报","OPERATE_INCOME_SQ":1186823618,"DPS_HKD":null,"OPERATE_INCOME_QOQ_SQ":-2.413441071618,"NET_PROFIT_RATIO_SQ":-2.3337377669,"HOLDER_PROFIT_SQ":-27697351,"HOLDER_PROFIT_QOQ_SQ":-125.905218163468,"ROE_AVG_SQ":-2.112264488421,"PE_TTM_SQ":3.570583556274,"PB_TTM_SQ":0.346164929866,"ROA_SQ":-1.21021606934,"START_DATE":"2021-01-01 00:00:00","FISCAL_YEAR":"12-31","CURRENCY":"HKD","IS_CNY_CODE":0,"DPS_HKD_LY":null,"ORG_TYPE":"一般企业","PREMIUM_INCOME":null,"PREMIUM_INCOME_YOY":null,"NET_INTEREST_INCOME":null,"NET_INTEREST_INCOME_YOY":null,"FEE_COMMISSION_INCOME":null,"FEE_COMMISSION_INCOME_YOY":null,"ACCOUNTS_RECE_TDAYS":3.429891004668,"INVENTORY_TDAYS":95.973158958396,"CURRENT_ASSETS_TDAYS":1.389341870093,"TOTAL_ASSETS_TDAYS":0.490500059764,"PREMIUM_EXPENSE":null,"LOAN_DEPOSIT":null,"LOAN_EQUITY":null,"LOAN_ASSETS":null,"DEPOSIT_EQUITY":null,"DEPOSIT_ASSETS":null,"EQUITY_MULTIPLIER":1.876749702406,"EQUITY_RATIO":0.876749702407},{"SECUCODE":"01940.HK","SECURITY_CODE":"01940","SECURITY_NAME_ABBR":"CGII HLDGS","ORG_CODE":"10000071188","STD_REPORT_DATE":"2021-06-30 00:00:00","REPORT_DATE":"2021-06-30 00:00:00","DATE_TYPE_CODE":"002","REPORT_TYPE":"2021年中报","PER_NETCASH_OPERATE":0.073542253333,"PER_OI":0.49196944,"BPS":1.065991644167,"BASIC_EPS":-0.03,"DILUTED_EPS":-0.03,"OPERATE_INCOME":590363328,"OPERATE_INCOME_YOY":-1.2327178453,"GROSS_PROFIT":111676469,"GROSS_PROFIT_YOY":-20.530377871286,"HOLDER_PROFIT":-39582107,"HOLDER_PROFIT_YOY":-161.1539075553,"GROSS_PROFIT_RATIO":18.916566070987,"EPS_TTM":-0.1100040425,"OPERATE_INCOME_QOQ":-0.620845834903,"NET_PROFIT_RATIO":-6.7047028707,"ROE_AVG":-3.047492832742,"GROSS_PROFIT_QOQ":-10.724607334241,"ROA":-1.608152495132,"HOLDER_PROFIT_QOQ":-376.597386515411,"ROE_YEARLY":-6.094985665483,"ROIC_YEARLY":-3.8987398938,"TOTAL_ASSETS":2397962477,"TOTAL_LIABILITIES":1118772504,"TAX_EBT":-94.305955504145,"OCF_SALES":14.948540977125,"TOTAL_PARENT_EQUITY":1279189973,"DEBT_ASSET_RATIO":46.6551297083,"OPERATE_PROFIT":-6821649,"PRETAX_PROFIT":-20371021,"NETCASH_OPERATE":88250704,"NETCASH_INVEST":-132722796,"NETCASH_FINANCE":-117251986,"END_CASH":349831301,"DIVI_RATIO":null,"DIVIDEND_RATE":null,"CURRENT_RATIO":1.108873841822,"COMMON_ACS":2000000000,"CURRENTDEBT_DEBT":62.888437147361,"ISSUED_COMMON_SHARES":1200000000,"HK_COMMON_SHARES":1200000000,"PER_SHARES":2000,"TOTAL_MARKET_CAP":588000000,"HKSK_MARKET_CAP":588000000,"PE_TTM":4.792415265669,"PB_TTM":0.342622135569,"REPORT_DATE_SQ":"2020-06-30 00:00:00","REPORT_TYPE_SQ":"2020年中报","OPERATE_INCOME_SQ":597731673,"DPS_HKD":null,"OPERATE_INCOME_QOQ_SQ":-6.817354917026,"NET_PROFIT_RATIO_SQ":10.8285031434,"HOLDER_PROFIT_SQ":64725393,"HOLDER_PROFIT_QOQ_SQ":-20.113549928263,"ROE_AVG_SQ":4.841335935565,"PE_TTM_SQ":3.570583556274,"PB_TTM_SQ":0.346164929866,"ROA_SQ":3.021510030814,"START_DATE":"2021-01-01 00:00:00","FISCAL_YEAR":"12-31","CURRENCY":"HKD","IS_CNY_CODE":0,"DPS_HKD_LY":null,"ORG_TYPE":"一般企业","PREMIUM_INCOME":null,"PREMIUM_INCOME_YOY":null,"NET_INTEREST_INCOME":null,"NET_INTEREST_INCOME_YOY":null,"FEE_COMMISSION_INCOME":null,"FEE_COMMISSION_INCOME_YOY":null,"ACCOUNTS_RECE_TDAYS":2.003816373646,"INVENTORY_TDAYS":42.290607618393,"CURRENT_ASSETS_TDAYS":0.690222984862,"TOTAL_ASSETS_TDAYS":0.239854401626,"PREMIUM_EXPENSE":null,"LOAN_DEPOSIT":null,"LOAN_EQUITY":null,"LOAN_ASSETS":null,"DEPOSIT_EQUITY":null,"DEPOSIT_ASSETS":null,"EQUITY_MULTIPLIER":1.874594491526,"EQUITY_RATIO":0.874594491525},{"SECUCODE":"01940.HK","SECURITY_CODE":"01940","SECURITY_NAME_ABBR":"CGII HLDGS","ORG_CODE":"10000071188","STD_REPORT_DATE":"2020-12-31 00:00:00","REPORT_DATE":"2020-12-31 00:00:00","DATE_TYPE_CODE":"001","REPORT_TYPE":"2020年年报","PER_NETCASH_OPERATE":0.166461120833,"PER_OI":0.989019681667,"BPS":1.098744483333,"BASIC_EPS":-0.03,"DILUTED_EPS":-0.03,"OPERATE_INCOME":1186823618,"OPERATE_INCOME_YOY":-9.0662631451,"GROSS_PROFIT":269014735,"GROSS_PROFIT_YOY":-4.682418488152,"HOLDER_PROFIT":-27697351,"HOLDER_PROFIT_YOY":-120.6947591741,"GROSS_PROFIT_RATIO":22.666783077113,"EPS_TTM":-0.023081125833,"OPERATE_INCOME_QOQ":-2.413441071618,"NET_PROFIT_RATIO":-2.3337377669,"ROE_AVG":-2.112264488421,"GROSS_PROFIT_QOQ":4.541934653398,"ROA":-1.21021606934,"HOLDER_PROFIT_QOQ":-125.905218163468,"ROE_YEARLY":-2.112264488421,"ROIC_YEARLY":-1.411102550246,"TOTAL_ASSETS":2524718316,"TOTAL_LIABILITIES":1206224936,"TAX_EBT":851.083032442026,"OCF_SALES":16.830920953243,"TOTAL_PARENT_EQUITY":1318493380,"DEBT_ASSET_RATIO":47.7766144586,"OPERATE_PROFIT":26413309,"PRETAX_PROFIT":3687655,"NETCASH_OPERATE":199753345,"NETCASH_INVEST":-321518871,"NETCASH_FINANCE":491266851,"END_CASH":511834079,"DIVI_RATIO":null,"DIVIDEND_RATE":null,"CURRENT_RATIO":1.010792367049,"COMMON_ACS":2000000000,"CURRENTDEBT_DEBT":76.315010121794,"ISSUED_COMMON_SHARES":1200000000,"HK_COMMON_SHARES":1200000000,"PER_SHARES":2000,"TOTAL_MARKET_CAP":588000000,"HKSK_MARKET_CAP":588000000,"PE_TTM":4.792415265669,"PB_TTM":0.342622135569,"REPORT_DATE_SQ":"2019-12-31 00:00:00","REPORT_TYPE_SQ":"2019年年报","OPERATE_INCOME_SQ":1305152146,"DPS_HKD":null,"OPERATE_INCOME_QOQ_SQ":1.480031675247,"NET_PROFIT_RATIO_SQ":10.2545525754,"HOLDER_PROFIT_SQ":133837513,"HOLDER_PROFIT_QOQ_SQ":-7.288281611231,"ROE_AVG_SQ":11.119549639503,"PE_TTM_SQ":3.570583556274,"PB_TTM_SQ":0.346164929866,"ROA_SQ":6.709461038353,"START_DATE":"2020-01-01 00:00:00","FISCAL_YEAR":"12-31","CURRENCY":"HKD","IS_CNY_CODE":0,"DPS_HKD_LY":null,"ORG_TYPE":"一般企业","PREMIUM_INCOME":null,"PREMIUM_INCOME_YOY":null,"NET_INTEREST_INCOME":null,"NET_INTEREST_INCOME_YOY":null,"FEE_COMMISSION_INCOME":null,"FEE_COMMISSION_INCOME_YOY":null,"ACCOUNTS_RECE_TDAYS":4.271180213355,"INVENTORY_TDAYS":87.416555571504,"CURRENT_ASSETS_TDAYS":1.535940552529,"TOTAL_ASSETS_TDAYS":0.518574145945,"PREMIUM_EXPENSE":null,"LOAN_DEPOSIT":null,"LOAN_EQUITY":null,"LOAN_ASSETS":null,"DEPOSIT_EQUITY":null,"DEPOSIT_ASSETS":null,"EQUITY_MULTIPLIER":1.91485096118,"EQUITY_RATIO":0.914850961178},{"SECUCODE":"01940.HK","SECURITY_CODE":"01940","SECURITY_NAME_ABBR":"CGII HLDGS","ORG_CODE":"10000071188","STD_REPORT_DATE":"2020-06-30 00:00:00","REPORT_DATE":"2020-06-30 00:00:00","DATE_TYPE_CODE":"002","REPORT_TYPE":"2020年中报","PER_NETCASH_OPERATE":0.958635495842,"PER_OI":5.546202232042,"BPS":1.141526309167,"BASIC_EPS":0.07,"DILUTED_EPS":0.07,"OPERATE_INCOME":597731673,"OPERATE_INCOME_YOY":-12.9570043915,"GROSS_PROFIT":140527243,"GROSS_PROFIT_YOY":-15.053379839835,"HOLDER_PROFIT":64725393,"HOLDER_PROFIT_YOY":-29.3736851691,"GROSS_PROFIT_RATIO":23.510088112731,"EPS_TTM":0.992065650503,"OPERATE_INCOME_QOQ":-6.817354917026,"NET_PROFIT_RATIO":10.8285031434,"ROE_AVG":4.841335935565,"GROSS_PROFIT_QOQ":-8.823591386684,"ROA":3.021510030814,"HOLDER_PROFIT_QOQ":-20.113549928263,"ROE_YEARLY":9.682671871131,"ROIC_YEARLY":6.839270118095,"TOTAL_ASSETS":2231768800,"TOTAL_LIABILITIES":861937229,"TAX_EBT":24.472399593506,"OCF_SALES":17.284539144708,"TOTAL_PARENT_EQUITY":1369831571,"DEBT_ASSET_RATIO":38.6212599172,"OPERATE_PROFIT":95968136,"PRETAX_PROFIT":85697669,"NETCASH_OPERATE":103315165,"NETCASH_INVEST":-61945215,"NETCASH_FINANCE":177082568,"END_CASH":359002536,"DIVI_RATIO":null,"DIVIDEND_RATE":null,"CURRENT_RATIO":1.389626974281,"COMMON_ACS":2000000000,"CURRENTDEBT_DEBT":62.867286940219,"ISSUED_COMMON_SHARES":1200000000,"HK_COMMON_SHARES":1200000000,"PER_SHARES":2000,"TOTAL_MARKET_CAP":588000000,"HKSK_MARKET_CAP":588000000,"PE_TTM":4.792415265669,"PB_TTM":0.342622135569,"REPORT_DATE_SQ":"2019-06-30 00:00:00","REPORT_TYPE_SQ":"2019年中报","OPERATE_INCOME_SQ":686708527,"DPS_HKD":null,"OPERATE_INCOME_QOQ_SQ":12.26794456006,"NET_PROFIT_RATIO_SQ":13.3455264347,"HOLDER_PROFIT_SQ":91644868,"HOLDER_PROFIT_QOQ_SQ":20.467022422334,"ROE_AVG_SQ":7.976113095655,"PE_TTM_SQ":3.570583556274,"PB_TTM_SQ":0.346164929866,"ROA_SQ":4.647811457797,"START_DATE":"2020-01-01 00:00:00","FISCAL_YEAR":"12-31","CURRENCY":"HKD","IS_CNY_CODE":0,"DPS_HKD_LY":null,"ORG_TYPE":"一般企业","PREMIUM_INCOME":null,"PREMIUM_INCOME_YOY":null,"NET_INTEREST_INCOME":null,"NET_INTEREST_INCOME_YOY":null,"FEE_COMMISSION_INCOME":null,"FEE_COMMISSION_INCOME_YOY":null,"ACCOUNTS_RECE_TDAYS":2.3080897212,"INVENTORY_TDAYS":45.22371252518,"CURRENT_ASSETS_TDAYS":0.873912521689,"TOTAL_ASSETS_TDAYS":0.279033028923,"PREMIUM_EXPENSE":null,"LOAN_DEPOSIT":null,"LOAN_EQUITY":null,"LOAN_ASSETS":null,"DEPOSIT_EQUITY":null,"DEPOSIT_ASSETS":null,"EQUITY_MULTIPLIER":1.62922861996,"EQUITY_RATIO":0.629228619961}],"count":15},"success":true,"message":"ok","code":0}