{"version":"bc9ca849f5787a6c2ceaec97f4d37dde","result":{"pages":2,"data":[{"SECUCODE":"01949.HK","SECURITY_CODE":"01949","SECURITY_NAME_ABBR":"佰达国际控股","ORG_CODE":"10000001098","STD_REPORT_DATE":"2024-06-30 00:00:00","REPORT_DATE":"2024-06-30 00:00:00","DATE_TYPE_CODE":"002","REPORT_TYPE":"2024年中报","PER_NETCASH_OPERATE":0.006976968802,"PER_OI":0.021468143018,"BPS":0.136448902045,"BASIC_EPS":0.00038766322,"DILUTED_EPS":0.00038766322,"OPERATE_INCOME":12880885.81094,"OPERATE_INCOME_YOY":-66.6685057656,"GROSS_PROFIT":3202679.69203,"GROSS_PROFIT_YOY":-62.482684765544,"HOLDER_PROFIT":232791.76361,"HOLDER_PROFIT_YOY":33.7416481069,"GROSS_PROFIT_RATIO":24.863815571674,"EPS_TTM":0.002685937,"OPERATE_INCOME_QOQ":-30.452227327969,"NET_PROFIT_RATIO":1.8072651759,"ROE_AVG":0.251208194282,"GROSS_PROFIT_QOQ":-30.192879404275,"ROA":0.075589024801,"HOLDER_PROFIT_QOQ":2.716810058792,"ROE_YEARLY":0.502416388563,"ROIC_YEARLY":0.152127280247,"TOTAL_ASSETS":299170755.27577,"TOTAL_LIABILITIES":206385501.88487,"TAX_EBT":null,"OCF_SALES":32.499172359828,"TOTAL_PARENT_EQUITY":92785253.3909,"DEBT_ASSET_RATIO":68.9858544812,"OPERATE_PROFIT":4977401.91319,"PRETAX_PROFIT":232791.76361,"NETCASH_OPERATE":4186181.28117,"NETCASH_INVEST":-17832.50812,"NETCASH_FINANCE":-3492457.94898,"END_CASH":-593706.22143,"DIVI_RATIO":null,"DIVIDEND_RATE":null,"CURRENT_RATIO":1.360364012969,"COMMON_ACS":10000000000,"CURRENTDEBT_DEBT":68.103068558661,"ISSUED_COMMON_SHARES":680000000,"HK_COMMON_SHARES":680000000,"PER_SHARES":2000,"TOTAL_MARKET_CAP":59840000,"HKSK_MARKET_CAP":59840000,"PE_TTM":33.616027779027,"PB_TTM":0.588614774783,"REPORT_DATE_SQ":"2023-06-30 00:00:00","REPORT_TYPE_SQ":"2023年中报","OPERATE_INCOME_SQ":42220612.12235,"DPS_HKD":null,"OPERATE_INCOME_QOQ_SQ":17.385457313375,"NET_PROFIT_RATIO_SQ":0.4504120418,"HOLDER_PROFIT_SQ":190166.7211,"HOLDER_PROFIT_QOQ_SQ":20.722921327205,"ROE_AVG_SQ":0.232265206517,"PE_TTM_SQ":-10.347219957285,"PB_TTM_SQ":1.687168018851,"ROA_SQ":0.054775586314,"START_DATE":"2024-01-01 00:00:00","FISCAL_YEAR":"12-31","CURRENCY":"HKD","IS_CNY_CODE":0,"DPS_HKD_LY":null,"ORG_TYPE":"一般企业","PREMIUM_INCOME":null,"PREMIUM_INCOME_YOY":null,"NET_INTEREST_INCOME":null,"NET_INTEREST_INCOME_YOY":null,"FEE_COMMISSION_INCOME":null,"FEE_COMMISSION_INCOME_YOY":null,"ACCOUNTS_RECE_TDAYS":0.167744931985,"INVENTORY_TDAYS":9.844440063091,"CURRENT_ASSETS_TDAYS":0.069193869657,"TOTAL_ASSETS_TDAYS":0.041825087878,"PREMIUM_EXPENSE":null,"LOAN_DEPOSIT":null,"LOAN_EQUITY":null,"LOAN_ASSETS":null,"DEPOSIT_EQUITY":null,"DEPOSIT_ASSETS":null,"EQUITY_MULTIPLIER":3.22433516472,"EQUITY_RATIO":2.22433516472},{"SECUCODE":"01949.HK","SECURITY_CODE":"01949","SECURITY_NAME_ABBR":"佰达国际控股","ORG_CODE":"10000001098","STD_REPORT_DATE":"2023-12-31 00:00:00","REPORT_DATE":"2023-12-31 00:00:00","DATE_TYPE_CODE":"001","REPORT_TYPE":"2023年年报","PER_NETCASH_OPERATE":-0.032671615737,"PER_OI":0.160577889183,"BPS":0.139560618336,"BASIC_EPS":0.003100509204,"DILUTED_EPS":0.003100509204,"OPERATE_INCOME":96346733.50958,"OPERATE_INCOME_YOY":79.8152001751,"GROSS_PROFIT":17665946.19215,"GROSS_PROFIT_YOY":355.545285289864,"HOLDER_PROFIT":1568937.15746,"HOLDER_PROFIT_YOY":109.3951584109,"GROSS_PROFIT_RATIO":18.335801898664,"EPS_TTM":0.002614895262,"OPERATE_INCOME_QOQ":54.956235104237,"NET_PROFIT_RATIO":1.6284279708,"ROE_AVG":1.828019363945,"GROSS_PROFIT_QOQ":765.405083116869,"ROA":0.476321068398,"HOLDER_PROFIT_QOQ":111.98818455863,"ROE_YEARLY":1.828019363945,"ROIC_YEARLY":0.481981999859,"TOTAL_ASSETS":324808747.95927,"TOTAL_LIABILITIES":229907527.49076,"TAX_EBT":26.05844885725,"OCF_SALES":-20.346273016449,"TOTAL_PARENT_EQUITY":94901220.46851,"DEBT_ASSET_RATIO":70.7824308721,"OPERATE_PROFIT":10920549.91814,"PRETAX_PROFIT":2121861.29884,"NETCASH_OPERATE":-19602969.44229,"NETCASH_INVEST":-15505527.27885,"NETCASH_FINANCE":30289391.16541,"END_CASH":-1301816.3645,"DIVI_RATIO":null,"DIVIDEND_RATE":null,"CURRENT_RATIO":1.36938657365,"COMMON_ACS":10000000000,"CURRENTDEBT_DEBT":58.984805889533,"ISSUED_COMMON_SHARES":680000000,"HK_COMMON_SHARES":680000000,"PER_SHARES":2000,"TOTAL_MARKET_CAP":60520000,"HKSK_MARKET_CAP":60520000,"PE_TTM":33.998028094697,"PB_TTM":0.595303579042,"REPORT_DATE_SQ":"2022-12-31 00:00:00","REPORT_TYPE_SQ":"2022年年报","OPERATE_INCOME_SQ":52968008.29821,"DPS_HKD":null,"OPERATE_INCOME_QOQ_SQ":-20.816465986117,"NET_PROFIT_RATIO_SQ":-31.1667019055,"HOLDER_PROFIT_SQ":-16508381.25158,"HOLDER_PROFIT_QOQ_SQ":-230.223589385135,"ROE_AVG_SQ":-19.622643272013,"PE_TTM_SQ":-17.590273927385,"PB_TTM_SQ":2.868185632047,"ROA_SQ":-4.653433514724,"START_DATE":"2023-01-01 00:00:00","FISCAL_YEAR":"12-31","CURRENCY":"HKD","IS_CNY_CODE":0,"DPS_HKD_LY":null,"ORG_TYPE":"一般企业","PREMIUM_INCOME":null,"PREMIUM_INCOME_YOY":null,"NET_INTEREST_INCOME":null,"NET_INTEREST_INCOME_YOY":null,"FEE_COMMISSION_INCOME":null,"FEE_COMMISSION_INCOME_YOY":null,"ACCOUNTS_RECE_TDAYS":1.283986391008,"INVENTORY_TDAYS":78.051458990536,"CURRENT_ASSETS_TDAYS":0.548445581346,"TOTAL_ASSETS_TDAYS":0.292503615098,"PREMIUM_EXPENSE":null,"LOAN_DEPOSIT":null,"LOAN_EQUITY":null,"LOAN_ASSETS":null,"DEPOSIT_EQUITY":null,"DEPOSIT_ASSETS":null,"EQUITY_MULTIPLIER":3.422598216924,"EQUITY_RATIO":2.422598216922},{"SECUCODE":"01949.HK","SECURITY_CODE":"01949","SECURITY_NAME_ABBR":"佰达国际控股","ORG_CODE":"10000001098","STD_REPORT_DATE":"2023-06-30 00:00:00","REPORT_DATE":"2023-06-30 00:00:00","DATE_TYPE_CODE":"002","REPORT_TYPE":"2023年中报","PER_NETCASH_OPERATE":0.011637652737,"PER_OI":0.105551530306,"BPS":0.12054397638,"BASIC_EPS":0.00046588729,"DILUTED_EPS":0.00046588729,"OPERATE_INCOME":42220612.12235,"OPERATE_INCOME_YOY":18.8555179321,"GROSS_PROFIT":8536537.52145,"GROSS_PROFIT_YOY":99.525739581803,"HOLDER_PROFIT":190166.7211,"HOLDER_PROFIT_YOY":105.4699396967,"GROSS_PROFIT_RATIO":20.218886208263,"EPS_TTM":-0.032718405981,"OPERATE_INCOME_QOQ":17.385457313375,"NET_PROFIT_RATIO":0.4504120418,"ROE_AVG":0.232265206517,"GROSS_PROFIT_QOQ":61.595531538045,"ROA":0.054775586314,"HOLDER_PROFIT_QOQ":20.722921327205,"ROE_YEARLY":0.464530413034,"ROIC_YEARLY":0.112221383547,"TOTAL_ASSETS":338512646.07925,"TOTAL_LIABILITIES":256542742.14105,"TAX_EBT":null,"OCF_SALES":11.025565146735,"TOTAL_PARENT_EQUITY":81969903.9382,"DEBT_ASSET_RATIO":75.785275709,"OPERATE_PROFIT":5335891.83915,"PRETAX_PROFIT":190166.7211,"NETCASH_OPERATE":4655061.0949,"NETCASH_INVEST":-1905.90255,"NETCASH_FINANCE":-1608369.98525,"END_CASH":6792424.92125,"DIVI_RATIO":null,"DIVIDEND_RATE":null,"CURRENT_RATIO":1.628161740031,"COMMON_ACS":10000000000,"CURRENTDEBT_DEBT":43.538221899741,"ISSUED_COMMON_SHARES":680000000,"HK_COMMON_SHARES":680000000,"PER_SHARES":2000,"TOTAL_MARKET_CAP":60520000,"HKSK_MARKET_CAP":60520000,"PE_TTM":33.998028094697,"PB_TTM":0.595303579042,"REPORT_DATE_SQ":"2022-06-30 00:00:00","REPORT_TYPE_SQ":"2022年中报","OPERATE_INCOME_SQ":33011881.64992,"DPS_HKD":null,"OPERATE_INCOME_QOQ_SQ":4.67153490373,"NET_PROFIT_RATIO_SQ":-9.7869372377,"HOLDER_PROFIT_SQ":-3230852.13806,"HOLDER_PROFIT_QOQ_SQ":10.011788548648,"ROE_AVG_SQ":-3.553528582236,"PE_TTM_SQ":-17.590273927385,"PB_TTM_SQ":2.868185632047,"ROA_SQ":-0.882714374931,"START_DATE":"2023-01-01 00:00:00","FISCAL_YEAR":"12-31","CURRENCY":"HKD","IS_CNY_CODE":0,"DPS_HKD_LY":null,"ORG_TYPE":"一般企业","PREMIUM_INCOME":null,"PREMIUM_INCOME_YOY":null,"NET_INTEREST_INCOME":null,"NET_INTEREST_INCOME_YOY":null,"FEE_COMMISSION_INCOME":null,"FEE_COMMISSION_INCOME_YOY":null,"ACCOUNTS_RECE_TDAYS":0.574718475204,"INVENTORY_TDAYS":31.360804416404,"CURRENT_ASSETS_TDAYS":0.235641809038,"TOTAL_ASSETS_TDAYS":0.12161217116,"PREMIUM_EXPENSE":null,"LOAN_DEPOSIT":null,"LOAN_EQUITY":null,"LOAN_ASSETS":null,"DEPOSIT_EQUITY":null,"DEPOSIT_ASSETS":null,"EQUITY_MULTIPLIER":4.129718711568,"EQUITY_RATIO":3.129718711571},{"SECUCODE":"01949.HK","SECURITY_CODE":"01949","SECURITY_NAME_ABBR":"佰达国际控股","ORG_CODE":"10000001098","STD_REPORT_DATE":"2022-12-31 00:00:00","REPORT_DATE":"2022-12-31 00:00:00","DATE_TYPE_CODE":"001","REPORT_TYPE":"2022年年报","PER_NETCASH_OPERATE":-0.091367156964,"PER_OI":0.132420020746,"BPS":0.111580959451,"BASIC_EPS":-0.0353658402,"DILUTED_EPS":-0.0353658402,"OPERATE_INCOME":52968008.29821,"OPERATE_INCOME_YOY":-20.1319535585,"GROSS_PROFIT":-6913039.37465,"GROSS_PROFIT_YOY":-197.950580303253,"HOLDER_PROFIT":-16508381.25158,"HOLDER_PROFIT_YOY":-186.3540317633,"GROSS_PROFIT_RATIO":-13.05134853425,"EPS_TTM":-0.041270953129,"OPERATE_INCOME_QOQ":-20.816465986117,"NET_PROFIT_RATIO":-31.1667019055,"ROE_AVG":-19.622643272013,"GROSS_PROFIT_QOQ":-184.080410090026,"ROA":-4.653433514724,"HOLDER_PROFIT_QOQ":-230.223589385135,"ROE_YEARLY":-19.622643272013,"ROIC_YEARLY":-4.770273534781,"TOTAL_ASSETS":330143654.85102,"TOTAL_LIABILITIES":254268602.4246,"TAX_EBT":22.461033028488,"OCF_SALES":-68.997993241564,"TOTAL_PARENT_EQUITY":75875052.42642,"DEBT_ASSET_RATIO":77.0175645324,"OPERATE_PROFIT":-11845395.22121,"PRETAX_PROFIT":-21290432.27729,"NETCASH_OPERATE":-36546862.78579,"NETCASH_INVEST":-86253.35471,"NETCASH_FINANCE":27901093.71823,"END_CASH":3477051.52233,"DIVI_RATIO":null,"DIVIDEND_RATE":null,"CURRENT_RATIO":1.226879004145,"COMMON_ACS":10000000000,"CURRENTDEBT_DEBT":52.490147897445,"ISSUED_COMMON_SHARES":680000000,"HK_COMMON_SHARES":680000000,"PER_SHARES":2000,"TOTAL_MARKET_CAP":60520000,"HKSK_MARKET_CAP":60520000,"PE_TTM":33.998028094697,"PB_TTM":0.595303579042,"REPORT_DATE_SQ":"2021-12-31 00:00:00","REPORT_TYPE_SQ":"2021年年报","OPERATE_INCOME_SQ":63907255.84553,"DPS_HKD":null,"OPERATE_INCOME_QOQ_SQ":-3.294338978103,"NET_PROFIT_RATIO_SQ":-8.6928183965,"HOLDER_PROFIT_SQ":-5555341.69282,"HOLDER_PROFIT_QOQ_SQ":-159.80789947136,"ROE_AVG_SQ":-6.055640401205,"PE_TTM_SQ":-17.590273927385,"PB_TTM_SQ":2.868185632047,"ROA_SQ":-1.630177223854,"START_DATE":"2022-01-01 00:00:00","FISCAL_YEAR":"12-31","CURRENCY":"HKD","IS_CNY_CODE":0,"DPS_HKD_LY":null,"ORG_TYPE":"一般企业","PREMIUM_INCOME":null,"PREMIUM_INCOME_YOY":null,"NET_INTEREST_INCOME":null,"NET_INTEREST_INCOME_YOY":null,"FEE_COMMISSION_INCOME":null,"FEE_COMMISSION_INCOME_YOY":null,"ACCOUNTS_RECE_TDAYS":0.612864542544,"INVENTORY_TDAYS":60.089511041009,"CURRENT_ASSETS_TDAYS":0.284405232806,"TOTAL_ASSETS_TDAYS":0.149307858394,"PREMIUM_EXPENSE":null,"LOAN_DEPOSIT":null,"LOAN_EQUITY":null,"LOAN_ASSETS":null,"DEPOSIT_EQUITY":null,"DEPOSIT_ASSETS":null,"EQUITY_MULTIPLIER":4.351148952032,"EQUITY_RATIO":3.351148952038},{"SECUCODE":"01949.HK","SECURITY_CODE":"01949","SECURITY_NAME_ABBR":"佰达国际控股","ORG_CODE":"10000001098","STD_REPORT_DATE":"2022-06-30 00:00:00","REPORT_DATE":"2022-06-30 00:00:00","DATE_TYPE_CODE":"002","REPORT_TYPE":"2022年中报","PER_NETCASH_OPERATE":-0.06558923071,"PER_OI":0.082529704125,"BPS":0.131329591615,"BASIC_EPS":-0.00806876638,"DILUTED_EPS":-0.00806876638,"OPERATE_INCOME":33011881.64992,"OPERATE_INCOME_YOY":15.4514295153,"GROSS_PROFIT":4278414.1732,"GROSS_PROFIT_YOY":37.385957422213,"HOLDER_PROFIT":-3230852.13806,"HOLDER_PROFIT_YOY":10.412005457,"GROSS_PROFIT_RATIO":12.960225104922,"EPS_TTM":-0.012497881573,"OPERATE_INCOME_QOQ":4.67153490373,"NET_PROFIT_RATIO":-9.7869372377,"ROE_AVG":-3.553528582236,"GROSS_PROFIT_QOQ":16.496316084064,"ROA":-0.882714374931,"HOLDER_PROFIT_QOQ":10.011788548648,"ROE_YEARLY":-7.107057164472,"ROIC_YEARLY":-1.82163773188,"TOTAL_ASSETS":352033979.58564,"TOTAL_LIABILITIES":262729857.2877,"TAX_EBT":null,"OCF_SALES":-79.473483403281,"TOTAL_PARENT_EQUITY":89304122.29794,"DEBT_ASSET_RATIO":74.6319595617,"OPERATE_PROFIT":2249414.6274,"PRETAX_PROFIT":-3230852.13806,"NETCASH_OPERATE":-26235692.28416,"NETCASH_INVEST":-38179.04092,"NETCASH_FINANCE":23992378.43134,"END_CASH":9947608.15146,"DIVI_RATIO":null,"DIVIDEND_RATE":null,"CURRENT_RATIO":1.569106232571,"COMMON_ACS":10000000000,"CURRENTDEBT_DEBT":50.607071830654,"ISSUED_COMMON_SHARES":680000000,"HK_COMMON_SHARES":680000000,"PER_SHARES":2000,"TOTAL_MARKET_CAP":60520000,"HKSK_MARKET_CAP":60520000,"PE_TTM":33.998028094697,"PB_TTM":0.595303579042,"REPORT_DATE_SQ":"2021-06-30 00:00:00","REPORT_TYPE_SQ":"2021年中报","OPERATE_INCOME_SQ":30026431.88708,"DPS_HKD":null,"OPERATE_INCOME_QOQ_SQ":-41.620857567628,"NET_PROFIT_RATIO_SQ":-12.6123583906,"HOLDER_PROFIT_SQ":-3787041.2015,"HOLDER_PROFIT_QOQ_SQ":919.972582832584,"ROE_AVG_SQ":-3.741957089503,"PE_TTM_SQ":-17.590273927385,"PB_TTM_SQ":2.868185632047,"ROA_SQ":-1.019889940935,"START_DATE":"2022-01-01 00:00:00","FISCAL_YEAR":"12-31","CURRENCY":"HKD","IS_CNY_CODE":0,"DPS_HKD_LY":null,"ORG_TYPE":"一般企业","PREMIUM_INCOME":null,"PREMIUM_INCOME_YOY":null,"NET_INTEREST_INCOME":null,"NET_INTEREST_INCOME_YOY":null,"FEE_COMMISSION_INCOME":null,"FEE_COMMISSION_INCOME_YOY":null,"ACCOUNTS_RECE_TDAYS":0.378161651572,"INVENTORY_TDAYS":28.786277602524,"CURRENT_ASSETS_TDAYS":0.158062513015,"TOTAL_ASSETS_TDAYS":0.090193116957,"PREMIUM_EXPENSE":null,"LOAN_DEPOSIT":null,"LOAN_EQUITY":null,"LOAN_ASSETS":null,"DEPOSIT_EQUITY":null,"DEPOSIT_ASSETS":null,"EQUITY_MULTIPLIER":3.941967856887,"EQUITY_RATIO":2.941967856883},{"SECUCODE":"01949.HK","SECURITY_CODE":"01949","SECURITY_NAME_ABBR":"佰达国际控股","ORG_CODE":"10000001098","STD_REPORT_DATE":"2021-12-31 00:00:00","REPORT_DATE":"2021-12-31 00:00:00","DATE_TYPE_CODE":"001","REPORT_TYPE":"2021年年报","PER_NETCASH_OPERATE":-0.048360269929,"PER_OI":0.159768139614,"BPS":0.130916617415,"BASIC_EPS":-0.013896874114,"DILUTED_EPS":-0.013896874114,"OPERATE_INCOME":63907255.84553,"OPERATE_INCOME_YOY":-35.7578560512,"GROSS_PROFIT":7057680.87667,"GROSS_PROFIT_YOY":138.624510677785,"HOLDER_PROFIT":-5555341.69282,"HOLDER_PROFIT_YOY":-794.1566122546,"GROSS_PROFIT_RATIO":11.043629996771,"EPS_TTM":-0.013888354232,"OPERATE_INCOME_QOQ":-3.294338978103,"NET_PROFIT_RATIO":-8.6928183965,"ROE_AVG":-6.055640401205,"GROSS_PROFIT_QOQ":171.093286395204,"ROA":-1.630177223854,"HOLDER_PROFIT_QOQ":-159.80789947136,"ROE_YEARLY":-6.055640401205,"ROIC_YEARLY":-1.75095261979,"TOTAL_ASSETS":365572041.36415,"TOTAL_LIABILITIES":276548741.52215,"TAX_EBT":31.394234141551,"OCF_SALES":-30.269032389947,"TOTAL_PARENT_EQUITY":89023299.842,"DEBT_ASSET_RATIO":75.6482198393,"OPERATE_PROFIT":3116572.81731,"PRETAX_PROFIT":-8097485.13599,"NETCASH_OPERATE":-19344107.97141,"NETCASH_INVEST":-3434837.74082,"NETCASH_FINANCE":-702606.26481,"END_CASH":11765010.3194,"DIVI_RATIO":null,"DIVIDEND_RATE":null,"CURRENT_RATIO":1.55612338312,"COMMON_ACS":10000000000,"CURRENTDEBT_DEBT":46.740286102563,"ISSUED_COMMON_SHARES":680000000,"HK_COMMON_SHARES":680000000,"PER_SHARES":2000,"TOTAL_MARKET_CAP":60520000,"HKSK_MARKET_CAP":60520000,"PE_TTM":33.998028094697,"PB_TTM":0.595303579042,"REPORT_DATE_SQ":"2020-12-31 00:00:00","REPORT_TYPE_SQ":"2020年年报","OPERATE_INCOME_SQ":113198470.94865,"DPS_HKD":null,"OPERATE_INCOME_QOQ_SQ":-30.061914507101,"NET_PROFIT_RATIO_SQ":0.8044946643,"HOLDER_PROFIT_SQ":910675.65885,"HOLDER_PROFIT_QOQ_SQ":104.221783586876,"ROE_AVG_SQ":0.85128493274,"PE_TTM_SQ":-17.590273927385,"PB_TTM_SQ":2.868185632047,"ROA_SQ":0.315998518313,"START_DATE":"2021-01-01 00:00:00","FISCAL_YEAR":"12-31","CURRENCY":"HKD","IS_CNY_CODE":0,"DPS_HKD_LY":null,"ORG_TYPE":"一般企业","PREMIUM_INCOME":null,"PREMIUM_INCOME_YOY":null,"NET_INTEREST_INCOME":null,"NET_INTEREST_INCOME_YOY":null,"FEE_COMMISSION_INCOME":null,"FEE_COMMISSION_INCOME_YOY":null,"ACCOUNTS_RECE_TDAYS":0.972827700298,"INVENTORY_TDAYS":51.658666666667,"CURRENT_ASSETS_TDAYS":0.361364122987,"TOTAL_ASSETS_TDAYS":0.187531494333,"PREMIUM_EXPENSE":null,"LOAN_DEPOSIT":null,"LOAN_EQUITY":null,"LOAN_ASSETS":null,"DEPOSIT_EQUITY":null,"DEPOSIT_ASSETS":null,"EQUITY_MULTIPLIER":4.106475967674,"EQUITY_RATIO":3.106475967673},{"SECUCODE":"01949.HK","SECURITY_CODE":"01949","SECURITY_NAME_ABBR":"佰达国际控股","ORG_CODE":"10000001098","STD_REPORT_DATE":"2021-06-30 00:00:00","REPORT_DATE":"2021-06-30 00:00:00","DATE_TYPE_CODE":"002","REPORT_TYPE":"2021年中报","PER_NETCASH_OPERATE":-0.071004180956,"PER_OI":0.075066079718,"BPS":0.146045886971,"BASIC_EPS":-0.009465019756,"DILUTED_EPS":-0.009465019756,"OPERATE_INCOME":30026431.88708,"OPERATE_INCOME_YOY":-58.1433670486,"GROSS_PROFIT":3114156.82758,"GROSS_PROFIT_YOY":159.532320833566,"HOLDER_PROFIT":-3787041.2015,"HOLDER_PROFIT_YOY":66.5241774904,"GROSS_PROFIT_RATIO":10.371384916101,"EPS_TTM":0.023221605097,"OPERATE_INCOME_QOQ":-41.620857567628,"NET_PROFIT_RATIO":-12.6123583906,"ROE_AVG":-3.741957089503,"GROSS_PROFIT_QOQ":45.670663664255,"ROA":-1.019889940935,"HOLDER_PROFIT_QOQ":919.972582832584,"ROE_YEARLY":-7.483914179005,"ROIC_YEARLY":-2.172475593733,"TOTAL_ASSETS":397724263.34352,"TOTAL_LIABILITIES":298413060.20324,"TAX_EBT":null,"OCF_SALES":-94.588902501136,"TOTAL_PARENT_EQUITY":99311203.14028,"DEBT_ASSET_RATIO":75.0301371344,"OPERATE_PROFIT":2416266.61544,"PRETAX_PROFIT":-3787041.2015,"NETCASH_OPERATE":-28401672.38224,"NETCASH_INVEST":-4549822.59712,"NETCASH_FINANCE":247165.14472,"END_CASH":5768288.89584,"DIVI_RATIO":null,"DIVIDEND_RATE":null,"CURRENT_RATIO":1.581486643671,"COMMON_ACS":10000000000,"CURRENTDEBT_DEBT":41.438743696251,"ISSUED_COMMON_SHARES":680000000,"HK_COMMON_SHARES":680000000,"PER_SHARES":2000,"TOTAL_MARKET_CAP":60520000,"HKSK_MARKET_CAP":60520000,"PE_TTM":33.998028094697,"PB_TTM":0.595303579042,"REPORT_DATE_SQ":"2020-06-30 00:00:00","REPORT_TYPE_SQ":"2020年中报","OPERATE_INCOME_SQ":77140606.24935,"DPS_HKD":null,"OPERATE_INCOME_QOQ_SQ":30.339524483084,"NET_PROFIT_RATIO_SQ":-15.7699144107,"HOLDER_PROFIT_SQ":-12165007.58145,"HOLDER_PROFIT_QOQ_SQ":-150.761727920806,"ROE_AVG_SQ":-11.725946878618,"PE_TTM_SQ":-17.590273927385,"PB_TTM_SQ":2.868185632047,"ROA_SQ":-5.473629267883,"START_DATE":"2021-01-01 00:00:00","FISCAL_YEAR":"12-31","CURRENCY":"HKD","IS_CNY_CODE":0,"DPS_HKD_LY":null,"ORG_TYPE":"一般企业","PREMIUM_INCOME":null,"PREMIUM_INCOME_YOY":null,"NET_INTEREST_INCOME":null,"NET_INTEREST_INCOME_YOY":null,"FEE_COMMISSION_INCOME":null,"FEE_COMMISSION_INCOME_YOY":null,"ACCOUNTS_RECE_TDAYS":0.441822524757,"INVENTORY_TDAYS":22.404301075269,"CURRENT_ASSETS_TDAYS":0.165853536034,"TOTAL_ASSETS_TDAYS":0.080864332376,"PREMIUM_EXPENSE":null,"LOAN_DEPOSIT":null,"LOAN_EQUITY":null,"LOAN_ASSETS":null,"DEPOSIT_EQUITY":null,"DEPOSIT_ASSETS":null,"EQUITY_MULTIPLIER":4.0048277613,"EQUITY_RATIO":3.004827761292},{"SECUCODE":"01949.HK","SECURITY_CODE":"01949","SECURITY_NAME_ABBR":"佰达国际控股","ORG_CODE":"10000001098","STD_REPORT_DATE":"2020-12-31 00:00:00","REPORT_DATE":"2020-12-31 00:00:00","DATE_TYPE_CODE":"001","REPORT_TYPE":"2020年年报","PER_NETCASH_OPERATE":-0.07922199588,"PER_OI":0.282996177372,"BPS":0.158058793153,"BASIC_EPS":0.00228369103,"DILUTED_EPS":0.00228369103,"OPERATE_INCOME":113198470.94865,"OPERATE_INCOME_YOY":-2.3582407413,"GROSS_PROFIT":-18272544.4357,"GROSS_PROFIT_YOY":-151.578436844207,"HOLDER_PROFIT":910675.65885,"HOLDER_PROFIT_YOY":111.3397360232,"GROSS_PROFIT_RATIO":-16.142041745413,"EPS_TTM":0.002276689147,"OPERATE_INCOME_QOQ":-30.061914507101,"NET_PROFIT_RATIO":0.8044946643,"ROE_AVG":0.85128493274,"GROSS_PROFIT_QOQ":-234.304017530095,"ROA":0.315998518313,"HOLDER_PROFIT_QOQ":104.221783586876,"ROE_YEARLY":0.85128493274,"ROIC_YEARLY":0.380423190425,"TOTAL_ASSETS":359571246.08195,"TOTAL_LIABILITIES":252091266.73795,"TAX_EBT":89.331145885916,"OCF_SALES":-27.994016249765,"TOTAL_PARENT_EQUITY":107479979.344,"DEBT_ASSET_RATIO":70.108850328,"OPERATE_PROFIT":11303408.8283,"PRETAX_PROFIT":8535833.831,"NETCASH_OPERATE":-32954307.89055,"NETCASH_INVEST":-2702080.4621,"NETCASH_FINANCE":22230870.40685,"END_CASH":40107646.8782,"DIVI_RATIO":null,"DIVIDEND_RATE":null,"CURRENT_RATIO":1.740632729551,"COMMON_ACS":10000000000,"CURRENTDEBT_DEBT":39.561698952833,"ISSUED_COMMON_SHARES":680000000,"HK_COMMON_SHARES":680000000,"PER_SHARES":2000,"TOTAL_MARKET_CAP":60520000,"HKSK_MARKET_CAP":60520000,"PE_TTM":33.998028094697,"PB_TTM":0.595303579042,"REPORT_DATE_SQ":"2019-12-31 00:00:00","REPORT_TYPE_SQ":"2019年年报","OPERATE_INCOME_SQ":124179723.56118,"DPS_HKD":null,"OPERATE_INCOME_QOQ_SQ":-26.618906032587,"NET_PROFIT_RATIO_SQ":-6.9271695722,"HOLDER_PROFIT_SQ":-8602140.02536,"HOLDER_PROFIT_QOQ_SQ":-155.732077482016,"ROE_AVG_SQ":-12.934118438995,"PE_TTM_SQ":-17.590273927385,"PB_TTM_SQ":2.868185632047,"ROA_SQ":-4.451958062546,"START_DATE":"2020-01-01 00:00:00","FISCAL_YEAR":"12-31","CURRENCY":"HKD","IS_CNY_CODE":0,"DPS_HKD_LY":null,"ORG_TYPE":"一般企业","PREMIUM_INCOME":null,"PREMIUM_INCOME_YOY":null,"NET_INTEREST_INCOME":null,"NET_INTEREST_INCOME_YOY":null,"FEE_COMMISSION_INCOME":null,"FEE_COMMISSION_INCOME_YOY":null,"ACCOUNTS_RECE_TDAYS":2.556802919708,"INVENTORY_TDAYS":5.868735634395,"CURRENT_ASSETS_TDAYS":0.622338535448,"TOTAL_ASSETS_TDAYS":0.392791316507,"PREMIUM_EXPENSE":null,"LOAN_DEPOSIT":null,"LOAN_EQUITY":null,"LOAN_ASSETS":null,"DEPOSIT_EQUITY":null,"DEPOSIT_ASSETS":null,"EQUITY_MULTIPLIER":3.345471856965,"EQUITY_RATIO":2.34547185696},{"SECUCODE":"01949.HK","SECURITY_CODE":"01949","SECURITY_NAME_ABBR":"佰达国际控股","ORG_CODE":"10000001098","STD_REPORT_DATE":"2020-06-30 00:00:00","REPORT_DATE":"2020-06-30 00:00:00","DATE_TYPE_CODE":"002","REPORT_TYPE":"2020年中报","PER_NETCASH_OPERATE":-0.170164768734,"PER_OI":0.192851515623,"BPS":0.143620364717,"BASIC_EPS":-0.031111983,"DILUTED_EPS":-0.031111983,"OPERATE_INCOME":77140606.24935,"OPERATE_INCOME_YOY":90.2919700026,"GROSS_PROFIT":-5231035.48455,"GROSS_PROFIT_YOY":-131.530653621038,"HOLDER_PROFIT":-12165007.58145,"HOLDER_PROFIT_YOY":-1573.5127860027,"GROSS_PROFIT_RATIO":-6.781169787078,"EPS_TTM":-0.053927187414,"OPERATE_INCOME_QOQ":30.339524483084,"NET_PROFIT_RATIO":-15.7699144107,"ROE_AVG":-11.725946878618,"GROSS_PROFIT_QOQ":-61.595760281222,"ROA":-5.473629267883,"HOLDER_PROFIT_QOQ":-150.761727920806,"ROE_YEARLY":-23.451893757236,"ROIC_YEARLY":-12.849796394071,"TOTAL_ASSETS":220857744.9204,"TOTAL_LIABILITIES":123195896.9127,"TAX_EBT":null,"OCF_SALES":-88.236158364614,"TOTAL_PARENT_EQUITY":97661848.0077,"DEBT_ASSET_RATIO":55.7806550805,"OPERATE_PROFIT":-10886527.3086,"PRETAX_PROFIT":-12165007.58145,"NETCASH_OPERATE":-68065907.4936,"NETCASH_INVEST":-2699186.7537,"NETCASH_FINANCE":17951169.7341,"END_CASH":6499071.02025,"DIVI_RATIO":null,"DIVIDEND_RATE":null,"CURRENT_RATIO":1.801570909595,"COMMON_ACS":10000000000,"CURRENTDEBT_DEBT":83.320044880097,"ISSUED_COMMON_SHARES":680000000,"HK_COMMON_SHARES":680000000,"PER_SHARES":2000,"TOTAL_MARKET_CAP":60520000,"HKSK_MARKET_CAP":60520000,"PE_TTM":33.998028094697,"PB_TTM":0.595303579042,"REPORT_DATE_SQ":"2019-06-30 00:00:00","REPORT_TYPE_SQ":"2019年中报","OPERATE_INCOME_SQ":39465068.61648,"DPS_HKD":null,"OPERATE_INCOME_QOQ_SQ":5.113047454887,"NET_PROFIT_RATIO_SQ":2.0365538111,"HOLDER_PROFIT_SQ":803727.35895,"HOLDER_PROFIT_QOQ_SQ":-34.804818978984,"ROE_AVG_SQ":4.302432640582,"PE_TTM_SQ":-17.590273927385,"PB_TTM_SQ":2.868185632047,"ROA_SQ":0.590607355804,"START_DATE":"2020-01-01 00:00:00","FISCAL_YEAR":"12-31","CURRENCY":"HKD","IS_CNY_CODE":0,"DPS_HKD_LY":null,"ORG_TYPE":"一般企业","PREMIUM_INCOME":null,"PREMIUM_INCOME_YOY":null,"NET_INTEREST_INCOME":null,"NET_INTEREST_INCOME_YOY":null,"FEE_COMMISSION_INCOME":null,"FEE_COMMISSION_INCOME_YOY":null,"ACCOUNTS_RECE_TDAYS":2.392664635575,"INVENTORY_TDAYS":1.540090287545,"CURRENT_ASSETS_TDAYS":0.404826811264,"TOTAL_ASSETS_TDAYS":0.347093149989,"PREMIUM_EXPENSE":null,"LOAN_DEPOSIT":null,"LOAN_EQUITY":null,"LOAN_ASSETS":null,"DEPOSIT_EQUITY":null,"DEPOSIT_ASSETS":null,"EQUITY_MULTIPLIER":2.26145367332,"EQUITY_RATIO":1.261453673322}],"count":17},"success":true,"message":"ok","code":0}