{"version":"063cb8941781ed8a6113e1a36c1eaa90","result":{"pages":2,"data":[{"SECUCODE":"01947.HK","SECURITY_CODE":"01947","SECURITY_NAME_ABBR":"美皓集团","ORG_CODE":"10000446900","STD_REPORT_DATE":"2024-06-30 00:00:00","REPORT_DATE":"2024-06-30 00:00:00","DATE_TYPE_CODE":"002","REPORT_TYPE":"2024年中报","PER_NETCASH_OPERATE":-0.011243333333,"PER_OI":0.056328333333,"BPS":0.252441726033,"BASIC_EPS":-0.0251,"DILUTED_EPS":-0.0251,"OPERATE_INCOME":33797000,"OPERATE_INCOME_YOY":-3.3957410319,"GROSS_PROFIT":12348000,"GROSS_PROFIT_YOY":-20.170674941815,"HOLDER_PROFIT":-15074000,"HOLDER_PROFIT_YOY":-610.3675777568,"GROSS_PROFIT_RATIO":36.535787200047,"EPS_TTM":-0.044243333333,"OPERATE_INCOME_QOQ":-1.616040700284,"NET_PROFIT_RATIO":-44.7850400923,"ROE_AVG":-9.519960086143,"GROSS_PROFIT_QOQ":-9.554432705558,"ROA":-6.599059215984,"HOLDER_PROFIT_QOQ":-95.277328233044,"ROE_YEARLY":-19.039920172286,"ROIC_YEARLY":-22.496828594881,"TOTAL_ASSETS":224426000,"TOTAL_LIABILITIES":71745000,"TAX_EBT":-4.878048780488,"OCF_SALES":-19.960351510489,"TOTAL_PARENT_EQUITY":151504000,"DEBT_ASSET_RATIO":31.9682211508,"OPERATE_PROFIT":-13646000,"PRETAX_PROFIT":-14432000,"NETCASH_OPERATE":-6746000,"NETCASH_INVEST":25792000,"NETCASH_FINANCE":-5611000,"END_CASH":100462000,"DIVI_RATIO":-0.204826339185,"DIVIDEND_RATE":2.816901408451,"CURRENT_RATIO":3.30480171732,"COMMON_ACS":1500000000,"CURRENTDEBT_DEBT":61.683741027249,"ISSUED_COMMON_SHARES":600154350,"HK_COMMON_SHARES":600154350,"PER_SHARES":5000,"TOTAL_MARKET_CAP":213054794.25,"HKSK_MARKET_CAP":213054794.25,"PE_TTM":-7.292551455861,"PB_TTM":1.283470070863,"REPORT_DATE_SQ":"2023-06-30 00:00:00","REPORT_TYPE_SQ":"2023年中报","OPERATE_INCOME_SQ":34985000,"DPS_HKD":0.01,"OPERATE_INCOME_QOQ_SQ":-17.428261961572,"NET_PROFIT_RATIO_SQ":-6.0597398885,"HOLDER_PROFIT_SQ":-2122000,"HOLDER_PROFIT_QOQ_SQ":-45.631852684847,"ROE_AVG_SQ":-1.192982653403,"PE_TTM_SQ":14.241649069442,"PB_TTM_SQ":1.240505676244,"ROA_SQ":-0.849751721929,"START_DATE":"2024-01-01 00:00:00","FISCAL_YEAR":"12-31","CURRENCY":"HKD","IS_CNY_CODE":0,"DPS_HKD_LY":0.01,"ORG_TYPE":"一般企业","PREMIUM_INCOME":null,"PREMIUM_INCOME_YOY":null,"NET_INTEREST_INCOME":null,"NET_INTEREST_INCOME_YOY":null,"FEE_COMMISSION_INCOME":null,"FEE_COMMISSION_INCOME_YOY":null,"ACCOUNTS_RECE_TDAYS":32.09591642925,"INVENTORY_TDAYS":8.069601203913,"CURRENT_ASSETS_TDAYS":0.226397020404,"TOTAL_ASSETS_TDAYS":0.147955688154,"PREMIUM_EXPENSE":null,"LOAN_DEPOSIT":null,"LOAN_EQUITY":null,"LOAN_ASSETS":null,"DEPOSIT_EQUITY":null,"DEPOSIT_ASSETS":null,"EQUITY_MULTIPLIER":1.469901297475,"EQUITY_RATIO":0.473551853416},{"SECUCODE":"01947.HK","SECURITY_CODE":"01947","SECURITY_NAME_ABBR":"美皓集团","ORG_CODE":"10000446900","STD_REPORT_DATE":"2023-12-31 00:00:00","REPORT_DATE":"2023-12-31 00:00:00","DATE_TYPE_CODE":"001","REPORT_TYPE":"2023年年报","PER_NETCASH_OPERATE":0.009388333333,"PER_OI":0.122521666667,"BPS":0.275225864813,"BASIC_EPS":-0.0227,"DILUTED_EPS":-0.0227,"OPERATE_INCOME":73513000,"OPERATE_INCOME_YOY":-42.3011113902,"GROSS_PROFIT":32655000,"GROSS_PROFIT_YOY":-58.267303956651,"HOLDER_PROFIT":-13594000,"HOLDER_PROFIT_YOY":-147.7719988755,"GROSS_PROFIT_RATIO":44.420714703522,"EPS_TTM":-0.022656666667,"OPERATE_INCOME_QOQ":-30.122715131698,"NET_PROFIT_RATIO":-18.5082910506,"ROE_AVG":-7.936943511896,"GROSS_PROFIT_QOQ":-46.451411892034,"ROA":-5.604097743973,"HOLDER_PROFIT_QOQ":-187.867623295197,"ROE_YEARLY":-7.936943511896,"ROIC_YEARLY":-8.826040520317,"TOTAL_ASSETS":232427000,"TOTAL_LIABILITIES":66882000,"TAX_EBT":-90.081028220173,"OCF_SALES":7.662590290153,"TOTAL_PARENT_EQUITY":165178000,"DEBT_ASSET_RATIO":28.7754864968,"OPERATE_PROFIT":-5525000,"PRETAX_PROFIT":-7158000,"NETCASH_OPERATE":5633000,"NETCASH_INVEST":-75232000,"NETCASH_FINANCE":62998000,"END_CASH":86827000,"DIVI_RATIO":-0.399979402678,"DIVIDEND_RATE":2.564102564103,"CURRENT_RATIO":4.012487157196,"COMMON_ACS":1500000000,"CURRENTDEBT_DEBT":56.755180766125,"ISSUED_COMMON_SHARES":600154350,"HK_COMMON_SHARES":600154350,"PER_SHARES":5000,"TOTAL_MARKET_CAP":234060196.5,"HKSK_MARKET_CAP":234060196.5,"PE_TTM":-8.011535402213,"PB_TTM":1.410009373625,"REPORT_DATE_SQ":"2022-12-31 00:00:00","REPORT_TYPE_SQ":"2022年年报","OPERATE_INCOME_SQ":127408000,"DPS_HKD":0.01,"OPERATE_INCOME_QOQ_SQ":20.978018325974,"NET_PROFIT_RATIO_SQ":22.4240236092,"HOLDER_PROFIT_SQ":28456000,"HOLDER_PROFIT_QOQ_SQ":-11.266331971686,"ROE_AVG_SQ":24.999780364595,"PE_TTM_SQ":15.131752136282,"PB_TTM_SQ":1.318037281009,"ROA_SQ":14.721768102146,"START_DATE":"2023-01-01 00:00:00","FISCAL_YEAR":"12-31","CURRENCY":"HKD","IS_CNY_CODE":0,"DPS_HKD_LY":null,"ORG_TYPE":"一般企业","PREMIUM_INCOME":null,"PREMIUM_INCOME_YOY":null,"NET_INTEREST_INCOME":null,"NET_INTEREST_INCOME_YOY":null,"FEE_COMMISSION_INCOME":null,"FEE_COMMISSION_INCOME_YOY":null,"ACCOUNTS_RECE_TDAYS":112.0625,"INVENTORY_TDAYS":16.333399960024,"CURRENT_ASSETS_TDAYS":0.447136249038,"TOTAL_ASSETS_TDAYS":0.303055787445,"PREMIUM_EXPENSE":null,"LOAN_DEPOSIT":null,"LOAN_EQUITY":null,"LOAN_ASSETS":null,"DEPOSIT_EQUITY":null,"DEPOSIT_ASSETS":null,"EQUITY_MULTIPLIER":1.404010993989,"EQUITY_RATIO":0.404908644008},{"SECUCODE":"01947.HK","SECURITY_CODE":"01947","SECURITY_NAME_ABBR":"美皓集团","ORG_CODE":"10000446900","STD_REPORT_DATE":"2023-06-30 00:00:00","REPORT_DATE":"2023-06-30 00:00:00","DATE_TYPE_CODE":"002","REPORT_TYPE":"2023年中报","PER_NETCASH_OPERATE":-0.016845,"PER_OI":0.058308333333,"BPS":0.297215208054,"BASIC_EPS":-0.0035,"DILUTED_EPS":-0.0035,"OPERATE_INCOME":34985000,"OPERATE_INCOME_YOY":-38.8267179577,"GROSS_PROFIT":15468000,"GROSS_PROFIT_YOY":-52.746379910796,"HOLDER_PROFIT":-2122000,"HOLDER_PROFIT_YOY":-119.534198656,"GROSS_PROFIT_RATIO":44.213234243247,"EPS_TTM":0.025785,"OPERATE_INCOME_QOQ":-17.428261961572,"NET_PROFIT_RATIO":-6.0597398885,"ROE_AVG":-1.192982653403,"GROSS_PROFIT_QOQ":-22.065739699417,"ROA":-0.849751721929,"HOLDER_PROFIT_QOQ":-45.631852684847,"ROE_YEARLY":-2.385965306805,"ROIC_YEARLY":-3.244350671192,"TOTAL_ASSETS":246722000,"TOTAL_LIABILITIES":67966000,"TAX_EBT":22.937113776808,"OCF_SALES":-28.889524081749,"TOTAL_PARENT_EQUITY":178375000,"DEBT_ASSET_RATIO":27.5476041861,"OPERATE_PROFIT":-1905000,"PRETAX_PROFIT":-2751000,"NETCASH_OPERATE":-10107000,"NETCASH_INVEST":-3791000,"NETCASH_FINANCE":66194000,"END_CASH":147527000,"DIVI_RATIO":0.351452394803,"DIVIDEND_RATE":2.564102564103,"CURRENT_RATIO":4.535389678228,"COMMON_ACS":1500000000,"CURRENTDEBT_DEBT":56.33404937763,"ISSUED_COMMON_SHARES":600154350,"HK_COMMON_SHARES":600154350,"PER_SHARES":5000,"TOTAL_MARKET_CAP":234060196.5,"HKSK_MARKET_CAP":234060196.5,"PE_TTM":-8.011535402213,"PB_TTM":1.410009373625,"REPORT_DATE_SQ":"2022-06-30 00:00:00","REPORT_TYPE_SQ":"2022年中报","OPERATE_INCOME_SQ":57190000,"DPS_HKD":0.01,"OPERATE_INCOME_QOQ_SQ":0,"NET_PROFIT_RATIO_SQ":19.0120650463,"HOLDER_PROFIT_SQ":10863000,"HOLDER_PROFIT_QOQ_SQ":0,"ROE_AVG_SQ":null,"PE_TTM_SQ":15.131752136282,"PB_TTM_SQ":1.318037281009,"ROA_SQ":null,"START_DATE":"2023-01-01 00:00:00","FISCAL_YEAR":"12-31","CURRENCY":"HKD","IS_CNY_CODE":0,"DPS_HKD_LY":null,"ORG_TYPE":"一般企业","PREMIUM_INCOME":null,"PREMIUM_INCOME_YOY":null,"NET_INTEREST_INCOME":null,"NET_INTEREST_INCOME_YOY":null,"FEE_COMMISSION_INCOME":null,"FEE_COMMISSION_INCOME_YOY":null,"ACCOUNTS_RECE_TDAYS":44.061712846348,"INVENTORY_TDAYS":8.063210080562,"CURRENT_ASSETS_TDAYS":0.199824079416,"TOTAL_ASSETS_TDAYS":0.140096908538,"PREMIUM_EXPENSE":null,"LOAN_DEPOSIT":null,"LOAN_EQUITY":null,"LOAN_ASSETS":null,"DEPOSIT_EQUITY":null,"DEPOSIT_ASSETS":null,"EQUITY_MULTIPLIER":1.380216608114,"EQUITY_RATIO":0.381028731605},{"SECUCODE":"01947.HK","SECURITY_CODE":"01947","SECURITY_NAME_ABBR":"美皓集团","ORG_CODE":"10000446900","STD_REPORT_DATE":"2022-12-31 00:00:00","REPORT_DATE":"2022-12-31 00:00:00","DATE_TYPE_CODE":"001","REPORT_TYPE":"2022年年报","PER_NETCASH_OPERATE":0.05302,"PER_OI":0.212346666667,"BPS":0.295543971313,"BASIC_EPS":0.0622,"DILUTED_EPS":0.0622,"OPERATE_INCOME":127408000,"OPERATE_INCOME_YOY":20.978018326,"GROSS_PROFIT":78248000,"GROSS_PROFIT_YOY":16.910204691469,"HOLDER_PROFIT":28456000,"HOLDER_PROFIT_YOY":-11.2663319717,"GROSS_PROFIT_RATIO":61.415295742811,"EPS_TTM":0.047426666667,"OPERATE_INCOME_QOQ":20.978018325974,"NET_PROFIT_RATIO":22.4240236092,"ROE_AVG":24.999780364595,"GROSS_PROFIT_QOQ":16.910204691469,"ROA":14.721768102146,"HOLDER_PROFIT_QOQ":-11.266331971686,"ROE_YEARLY":24.999780364595,"ROIC_YEARLY":22.307234015867,"TOTAL_ASSETS":252718000,"TOTAL_LIABILITIES":74967000,"TAX_EBT":28.933883886374,"OCF_SALES":24.968604797187,"TOTAL_PARENT_EQUITY":177372000,"DEBT_ASSET_RATIO":29.6642898409,"OPERATE_PROFIT":42088000,"PRETAX_PROFIT":40202000,"NETCASH_OPERATE":31812000,"NETCASH_INVEST":-8612000,"NETCASH_FINANCE":24374000,"END_CASH":89529000,"DIVI_RATIO":0.191078155749,"DIVIDEND_RATE":2.564102564103,"CURRENT_RATIO":4.28124090424,"COMMON_ACS":1500000000,"CURRENTDEBT_DEBT":54.994864407006,"ISSUED_COMMON_SHARES":600154350,"HK_COMMON_SHARES":600154350,"PER_SHARES":5000,"TOTAL_MARKET_CAP":234060196.5,"HKSK_MARKET_CAP":234060196.5,"PE_TTM":-8.011535402213,"PB_TTM":1.410009373625,"REPORT_DATE_SQ":"2021-12-31 00:00:00","REPORT_TYPE_SQ":"2021年年报","OPERATE_INCOME_SQ":105315000,"DPS_HKD":0.01,"OPERATE_INCOME_QOQ_SQ":24.550593689389,"NET_PROFIT_RATIO_SQ":30.553102597,"HOLDER_PROFIT_SQ":32069000,"HOLDER_PROFIT_QOQ_SQ":115.1848621083,"ROE_AVG_SQ":93.649889760101,"PE_TTM_SQ":15.131752136282,"PB_TTM_SQ":1.318037281009,"ROA_SQ":27.618190508588,"START_DATE":"2022-01-01 00:00:00","FISCAL_YEAR":"12-31","CURRENCY":"HKD","IS_CNY_CODE":0,"DPS_HKD_LY":null,"ORG_TYPE":"一般企业","PREMIUM_INCOME":null,"PREMIUM_INCOME_YOY":null,"NET_INTEREST_INCOME":null,"NET_INTEREST_INCOME_YOY":null,"FEE_COMMISSION_INCOME":null,"FEE_COMMISSION_INCOME_YOY":null,"ACCOUNTS_RECE_TDAYS":226.906500445236,"INVENTORY_TDAYS":20.230452674897,"CURRENT_ASSETS_TDAYS":1.098628955764,"TOTAL_ASSETS_TDAYS":0.659147817809,"PREMIUM_EXPENSE":null,"LOAN_DEPOSIT":null,"LOAN_EQUITY":null,"LOAN_ASSETS":null,"DEPOSIT_EQUITY":null,"DEPOSIT_ASSETS":null,"EQUITY_MULTIPLIER":1.421752901532,"EQUITY_RATIO":0.422654082944},{"SECUCODE":"01947.HK","SECURITY_CODE":"01947","SECURITY_NAME_ABBR":"美皓集团","ORG_CODE":"10000446900","STD_REPORT_DATE":"2022-06-30 00:00:00","REPORT_DATE":"2022-06-30 00:00:00","DATE_TYPE_CODE":"002","REPORT_TYPE":"2022年中报","PER_NETCASH_OPERATE":null,"PER_OI":null,"BPS":null,"BASIC_EPS":0.0241,"DILUTED_EPS":0.0241,"OPERATE_INCOME":57190000,"OPERATE_INCOME_YOY":null,"GROSS_PROFIT":32734000,"GROSS_PROFIT_YOY":null,"HOLDER_PROFIT":10863000,"HOLDER_PROFIT_YOY":null,"GROSS_PROFIT_RATIO":57.237279244623,"EPS_TTM":null,"OPERATE_INCOME_QOQ":0,"NET_PROFIT_RATIO":19.0120650463,"ROE_AVG":null,"GROSS_PROFIT_QOQ":0,"ROA":null,"HOLDER_PROFIT_QOQ":0,"ROE_YEARLY":null,"ROIC_YEARLY":null,"TOTAL_ASSETS":null,"TOTAL_LIABILITIES":null,"TAX_EBT":29.501394021915,"OCF_SALES":29.825144255989,"TOTAL_PARENT_EQUITY":null,"DEBT_ASSET_RATIO":null,"OPERATE_PROFIT":16410000,"PRETAX_PROFIT":15423000,"NETCASH_OPERATE":17057000,"NETCASH_INVEST":-2216000,"NETCASH_FINANCE":-5202000,"END_CASH":50922000,"DIVI_RATIO":null,"DIVIDEND_RATE":2.564102564103,"CURRENT_RATIO":null,"COMMON_ACS":1500000000,"CURRENTDEBT_DEBT":null,"ISSUED_COMMON_SHARES":600154350,"HK_COMMON_SHARES":600154350,"PER_SHARES":5000,"TOTAL_MARKET_CAP":234060196.5,"HKSK_MARKET_CAP":234060196.5,"PE_TTM":-8.011535402213,"PB_TTM":1.410009373625,"REPORT_DATE_SQ":"2021-06-30 00:00:00","REPORT_TYPE_SQ":"2021年中报","OPERATE_INCOME_SQ":null,"DPS_HKD":0.01,"OPERATE_INCOME_QOQ_SQ":0,"NET_PROFIT_RATIO_SQ":null,"HOLDER_PROFIT_SQ":null,"HOLDER_PROFIT_QOQ_SQ":0,"ROE_AVG_SQ":null,"PE_TTM_SQ":15.131752136282,"PB_TTM_SQ":1.318037281009,"ROA_SQ":null,"START_DATE":"2022-01-01 00:00:00","FISCAL_YEAR":"12-31","CURRENCY":"HKD","IS_CNY_CODE":0,"DPS_HKD_LY":null,"ORG_TYPE":"一般企业","PREMIUM_INCOME":null,"PREMIUM_INCOME_YOY":null,"NET_INTEREST_INCOME":null,"NET_INTEREST_INCOME_YOY":null,"FEE_COMMISSION_INCOME":null,"FEE_COMMISSION_INCOME_YOY":null,"ACCOUNTS_RECE_TDAYS":null,"INVENTORY_TDAYS":null,"CURRENT_ASSETS_TDAYS":2.063391842404,"TOTAL_ASSETS_TDAYS":0.854436526078,"PREMIUM_EXPENSE":null,"LOAN_DEPOSIT":null,"LOAN_EQUITY":null,"LOAN_ASSETS":null,"DEPOSIT_EQUITY":null,"DEPOSIT_ASSETS":null,"EQUITY_MULTIPLIER":null,"EQUITY_RATIO":null},{"SECUCODE":"01947.HK","SECURITY_CODE":"01947","SECURITY_NAME_ABBR":"美皓集团","ORG_CODE":"10000446900","STD_REPORT_DATE":"2021-12-31 00:00:00","REPORT_DATE":"2021-12-31 00:00:00","DATE_TYPE_CODE":"001","REPORT_TYPE":"2021年年报","PER_NETCASH_OPERATE":null,"PER_OI":null,"BPS":0.083775115518,"BASIC_EPS":0.0713,"DILUTED_EPS":0.0713,"OPERATE_INCOME":105315000,"OPERATE_INCOME_YOY":24.5505936894,"GROSS_PROFIT":66930000,"GROSS_PROFIT_YOY":32.228302744137,"HOLDER_PROFIT":32069000,"HOLDER_PROFIT_YOY":115.1848621083,"GROSS_PROFIT_RATIO":63.552200541233,"EPS_TTM":null,"OPERATE_INCOME_QOQ":24.550593689389,"NET_PROFIT_RATIO":30.553102597,"ROE_AVG":93.649889760101,"GROSS_PROFIT_QOQ":32.228302744137,"ROA":27.618190508588,"HOLDER_PROFIT_QOQ":115.1848621083,"ROE_YEARLY":93.649889760101,"ROIC_YEARLY":45.959928915386,"TOTAL_ASSETS":133866000,"TOTAL_LIABILITIES":83323000,"TAX_EBT":26.312776238349,"OCF_SALES":44.210226463467,"TOTAL_PARENT_EQUITY":50278000,"DEBT_ASSET_RATIO":62.2435868705,"OPERATE_PROFIT":46138000,"PRETAX_PROFIT":43667000,"NETCASH_OPERATE":46560000,"NETCASH_INVEST":-18408000,"NETCASH_FINANCE":-37843000,"END_CASH":41283000,"DIVI_RATIO":null,"DIVIDEND_RATE":2.564102564103,"CURRENT_RATIO":1.160730364135,"COMMON_ACS":1500000000,"CURRENTDEBT_DEBT":57.315507122883,"ISSUED_COMMON_SHARES":600154350,"HK_COMMON_SHARES":600154350,"PER_SHARES":5000,"TOTAL_MARKET_CAP":234060196.5,"HKSK_MARKET_CAP":234060196.5,"PE_TTM":-8.011535402213,"PB_TTM":1.410009373625,"REPORT_DATE_SQ":"2020-12-31 00:00:00","REPORT_TYPE_SQ":"2020年年报","OPERATE_INCOME_SQ":84556000,"DPS_HKD":0.01,"OPERATE_INCOME_QOQ_SQ":8.579133226324,"NET_PROFIT_RATIO_SQ":17.7160698235,"HOLDER_PROFIT_SQ":14903000,"HOLDER_PROFIT_QOQ_SQ":209.962562396007,"ROE_AVG_SQ":78.438906287008,"PE_TTM_SQ":15.131752136282,"PB_TTM_SQ":1.318037281009,"ROA_SQ":15.093479713991,"START_DATE":"2021-01-01 00:00:00","FISCAL_YEAR":"12-31","CURRENCY":"HKD","IS_CNY_CODE":0,"DPS_HKD_LY":null,"ORG_TYPE":"一般企业","PREMIUM_INCOME":null,"PREMIUM_INCOME_YOY":null,"NET_INTEREST_INCOME":null,"NET_INTEREST_INCOME_YOY":null,"FEE_COMMISSION_INCOME":null,"FEE_COMMISSION_INCOME_YOY":null,"ACCOUNTS_RECE_TDAYS":160.786259541985,"INVENTORY_TDAYS":19.455144450076,"CURRENT_ASSETS_TDAYS":1.772144443697,"TOTAL_ASSETS_TDAYS":0.906984855596,"PREMIUM_EXPENSE":null,"LOAN_DEPOSIT":null,"LOAN_EQUITY":null,"LOAN_ASSETS":null,"DEPOSIT_EQUITY":null,"DEPOSIT_ASSETS":null,"EQUITY_MULTIPLIER":2.648556674518,"EQUITY_RATIO":1.657245713831},{"SECUCODE":"01947.HK","SECURITY_CODE":"01947","SECURITY_NAME_ABBR":"美皓集团","ORG_CODE":"10000446900","STD_REPORT_DATE":"2020-12-31 00:00:00","REPORT_DATE":"2020-12-31 00:00:00","DATE_TYPE_CODE":"001","REPORT_TYPE":"2020年年报","PER_NETCASH_OPERATE":null,"PER_OI":null,"BPS":0.030340528232,"BASIC_EPS":null,"DILUTED_EPS":null,"OPERATE_INCOME":84556000,"OPERATE_INCOME_YOY":1.6799143809,"GROSS_PROFIT":50617000,"GROSS_PROFIT_YOY":11.808884274701,"HOLDER_PROFIT":14903000,"HOLDER_PROFIT_YOY":-3.4091645602,"GROSS_PROFIT_RATIO":59.862103221534,"EPS_TTM":null,"OPERATE_INCOME_QOQ":8.579133226324,"NET_PROFIT_RATIO":17.7160698235,"ROE_AVG":78.438906287008,"GROSS_PROFIT_QOQ":14.715347656604,"ROA":15.093479713991,"HOLDER_PROFIT_QOQ":209.962562396007,"ROE_YEARLY":78.438906287008,"ROIC_YEARLY":28.631259425761,"TOTAL_ASSETS":98365000,"TOTAL_LIABILITIES":79999000,"TAX_EBT":38.078703703704,"OCF_SALES":32.468423293439,"TOTAL_PARENT_EQUITY":18209000,"DEBT_ASSET_RATIO":81.328724648,"OPERATE_PROFIT":26026000,"PRETAX_PROFIT":24192000,"NETCASH_OPERATE":27454000,"NETCASH_INVEST":-690000,"NETCASH_FINANCE":-17952000,"END_CASH":50974000,"DIVI_RATIO":null,"DIVIDEND_RATE":2.564102564103,"CURRENT_RATIO":0.945271629779,"COMMON_ACS":1500000000,"CURRENTDEBT_DEBT":83.86979837248,"ISSUED_COMMON_SHARES":600154350,"HK_COMMON_SHARES":600154350,"PER_SHARES":5000,"TOTAL_MARKET_CAP":234060196.5,"HKSK_MARKET_CAP":234060196.5,"PE_TTM":-8.011535402213,"PB_TTM":1.410009373625,"REPORT_DATE_SQ":"2019-12-31 00:00:00","REPORT_TYPE_SQ":"2019年年报","OPERATE_INCOME_SQ":83159000,"DPS_HKD":0.01,"OPERATE_INCOME_QOQ_SQ":3.776222030874,"NET_PROFIT_RATIO_SQ":18.5944996934,"HOLDER_PROFIT_SQ":15429000,"HOLDER_PROFIT_QOQ_SQ":-25.051005537744,"ROE_AVG_SQ":44.058939432879,"PE_TTM_SQ":15.131752136282,"PB_TTM_SQ":1.318037281009,"ROA_SQ":15.396590177676,"START_DATE":"2020-01-01 00:00:00","FISCAL_YEAR":"12-31","CURRENCY":"HKD","IS_CNY_CODE":0,"DPS_HKD_LY":null,"ORG_TYPE":"一般企业","PREMIUM_INCOME":null,"PREMIUM_INCOME_YOY":null,"NET_INTEREST_INCOME":null,"NET_INTEREST_INCOME_YOY":null,"FEE_COMMISSION_INCOME":null,"FEE_COMMISSION_INCOME_YOY":null,"ACCOUNTS_RECE_TDAYS":107.509218054673,"INVENTORY_TDAYS":20.225864123957,"CURRENT_ASSETS_TDAYS":1.387255545347,"TOTAL_ASSETS_TDAYS":0.856367356033,"PREMIUM_EXPENSE":null,"LOAN_DEPOSIT":null,"LOAN_EQUITY":null,"LOAN_ASSETS":null,"DEPOSIT_EQUITY":null,"DEPOSIT_ASSETS":null,"EQUITY_MULTIPLIER":5.355820537952,"EQUITY_RATIO":4.393376901532},{"SECUCODE":"01947.HK","SECURITY_CODE":"01947","SECURITY_NAME_ABBR":"美皓集团","ORG_CODE":"10000446900","STD_REPORT_DATE":"2020-09-30 00:00:00","REPORT_DATE":"2020-09-30 00:00:00","DATE_TYPE_CODE":"004","REPORT_TYPE":"2020年三季报","PER_NETCASH_OPERATE":null,"PER_OI":null,"BPS":0.015396039369,"BASIC_EPS":null,"DILUTED_EPS":null,"OPERATE_INCOME":57925000,"OPERATE_INCOME_YOY":-8.3595690487,"GROSS_PROFIT":33676000,"GROSS_PROFIT_YOY":-3.293800074663,"HOLDER_PROFIT":5934000,"HOLDER_PROFIT_YOY":-64.1558441558,"GROSS_PROFIT_RATIO":58.137246439361,"EPS_TTM":null,"OPERATE_INCOME_QOQ":-6.354092762058,"NET_PROFIT_RATIO":10.3202416918,"ROE_AVG":40.881846365829,"GROSS_PROFIT_QOQ":-2.533630801175,"ROA":6.234175552871,"HOLDER_PROFIT_QOQ":-68.837902650852,"ROE_YEARLY":54.509128487771,"ROIC_YEARLY":10.819878381212,"TOTAL_ASSETS":91259000,"TOTAL_LIABILITIES":81895000,"TAX_EBT":50.112659601102,"OCF_SALES":25.419076391886,"TOTAL_PARENT_EQUITY":9240000,"DEBT_ASSET_RATIO":89.7390942263,"OPERATE_PROFIT":13347000,"PRETAX_PROFIT":11983000,"NETCASH_OPERATE":14724000,"NETCASH_INVEST":-735000,"NETCASH_FINANCE":-17834000,"END_CASH":38317000,"DIVI_RATIO":null,"DIVIDEND_RATE":2.564102564103,"CURRENT_RATIO":0.775071696448,"COMMON_ACS":1500000000,"CURRENTDEBT_DEBT":83.027046828256,"ISSUED_COMMON_SHARES":600154350,"HK_COMMON_SHARES":600154350,"PER_SHARES":5000,"TOTAL_MARKET_CAP":234060196.5,"HKSK_MARKET_CAP":234060196.5,"PE_TTM":-8.011535402213,"PB_TTM":1.410009373625,"REPORT_DATE_SQ":"2019-09-30 00:00:00","REPORT_TYPE_SQ":"2019年三季报","OPERATE_INCOME_SQ":63209000,"DPS_HKD":0.01,"OPERATE_INCOME_QOQ_SQ":8.821652158562,"NET_PROFIT_RATIO_SQ":26.2541726653,"HOLDER_PROFIT_SQ":16555000,"HOLDER_PROFIT_QOQ_SQ":-8.923594213158,"ROE_AVG_SQ":38.929583426415,"PE_TTM_SQ":15.131752136282,"PB_TTM_SQ":1.318037281009,"ROA_SQ":14.758782389309,"START_DATE":"2020-01-01 00:00:00","FISCAL_YEAR":"12-31","CURRENCY":"HKD","IS_CNY_CODE":0,"DPS_HKD_LY":null,"ORG_TYPE":"一般企业","PREMIUM_INCOME":null,"PREMIUM_INCOME_YOY":null,"NET_INTEREST_INCOME":null,"NET_INTEREST_INCOME_YOY":null,"FEE_COMMISSION_INCOME":null,"FEE_COMMISSION_INCOME_YOY":null,"ACCOUNTS_RECE_TDAYS":59.077001529832,"INVENTORY_TDAYS":13.550712489522,"CURRENT_ASSETS_TDAYS":1.041985213434,"TOTAL_ASSETS_TDAYS":0.60855176761,"PREMIUM_EXPENSE":null,"LOAN_DEPOSIT":null,"LOAN_EQUITY":null,"LOAN_ASSETS":null,"DEPOSIT_EQUITY":null,"DEPOSIT_ASSETS":null,"EQUITY_MULTIPLIER":9.745728321209,"EQUITY_RATIO":8.863095238095},{"SECUCODE":"01947.HK","SECURITY_CODE":"01947","SECURITY_NAME_ABBR":"美皓集团","ORG_CODE":"10000446900","STD_REPORT_DATE":"2019-12-31 00:00:00","REPORT_DATE":"2019-12-31 00:00:00","DATE_TYPE_CODE":"001","REPORT_TYPE":"2019年年报","PER_NETCASH_OPERATE":null,"PER_OI":null,"BPS":0.032974850553,"BASIC_EPS":null,"DILUTED_EPS":null,"OPERATE_INCOME":83159000,"OPERATE_INCOME_YOY":12.9309993617,"GROSS_PROFIT":45271000,"GROSS_PROFIT_YOY":9.344959180716,"HOLDER_PROFIT":15429000,"HOLDER_PROFIT_YOY":-31.7391496704,"GROSS_PROFIT_RATIO":54.439086569103,"EPS_TTM":null,"OPERATE_INCOME_QOQ":3.776222030874,"NET_PROFIT_RATIO":18.5944996934,"ROE_AVG":44.058939432879,"GROSS_PROFIT_QOQ":4.303849964288,"ROA":15.396590177676,"HOLDER_PROFIT_QOQ":-25.051005537744,"ROE_YEARLY":44.058939432879,"ROIC_YEARLY":19.916867827591,"TOTAL_ASSETS":99111000,"TOTAL_LIABILITIES":79241000,"TAX_EBT":33.008404817607,"OCF_SALES":23.302348513089,"TOTAL_PARENT_EQUITY":19790000,"DEBT_ASSET_RATIO":79.9517712464,"OPERATE_PROFIT":24076000,"PRETAX_PROFIT":23082000,"NETCASH_OPERATE":19378000,"NETCASH_INVEST":1651000,"NETCASH_FINANCE":17934000,"END_CASH":42162000,"DIVI_RATIO":null,"DIVIDEND_RATE":2.564102564103,"CURRENT_RATIO":0.912027073391,"COMMON_ACS":1500000000,"CURRENTDEBT_DEBT":80.920230688659,"ISSUED_COMMON_SHARES":600154350,"HK_COMMON_SHARES":600154350,"PER_SHARES":5000,"TOTAL_MARKET_CAP":234060196.5,"HKSK_MARKET_CAP":234060196.5,"PE_TTM":-8.011535402213,"PB_TTM":1.410009373625,"REPORT_DATE_SQ":"2018-12-31 00:00:00","REPORT_TYPE_SQ":"2018年年报","OPERATE_INCOME_SQ":73637000,"DPS_HKD":0.01,"OPERATE_INCOME_QOQ_SQ":52.840449158347,"NET_PROFIT_RATIO_SQ":30.6381302878,"HOLDER_PROFIT_SQ":22603000,"HOLDER_PROFIT_QOQ_SQ":157.261552469838,"ROE_AVG_SQ":58.237893407882,"PE_TTM_SQ":15.131752136282,"PB_TTM_SQ":1.318037281009,"ROA_SQ":27.334127449617,"START_DATE":"2019-01-01 00:00:00","FISCAL_YEAR":"12-31","CURRENCY":"HKD","IS_CNY_CODE":0,"DPS_HKD_LY":null,"ORG_TYPE":"一般企业","PREMIUM_INCOME":null,"PREMIUM_INCOME_YOY":null,"NET_INTEREST_INCOME":null,"NET_INTEREST_INCOME_YOY":null,"FEE_COMMISSION_INCOME":null,"FEE_COMMISSION_INCOME_YOY":null,"ACCOUNTS_RECE_TDAYS":98.705044510386,"INVENTORY_TDAYS":19.330612244898,"CURRENT_ASSETS_TDAYS":1.437804192782,"TOTAL_ASSETS_TDAYS":0.829843180106,"PREMIUM_EXPENSE":null,"LOAN_DEPOSIT":null,"LOAN_EQUITY":null,"LOAN_ASSETS":null,"DEPOSIT_EQUITY":null,"DEPOSIT_ASSETS":null,"EQUITY_MULTIPLIER":4.987971816814,"EQUITY_RATIO":4.004092976251}],"count":13},"success":true,"message":"ok","code":0}