{"version":"46102c85cde0f650a1d59e6f16937003","result":{"pages":2,"data":[{"SECUCODE":"01943.HK","SECURITY_CODE":"01943","SECURITY_NAME_ABBR":"金石控股集团","ORG_CODE":"10982397","STD_REPORT_DATE":"2024-06-30 00:00:00","REPORT_DATE":"2024-09-30 00:00:00","DATE_TYPE_CODE":"002","REPORT_TYPE":"2024年中报","PER_NETCASH_OPERATE":-0.0658126342,"PER_OI":0.09315220163,"BPS":0.10939073416,"BASIC_EPS":-0.05681277,"DILUTED_EPS":-0.05681277,"OPERATE_INCOME":93152201.63,"OPERATE_INCOME_YOY":-59.4218327094,"GROSS_PROFIT":-24925475.6,"GROSS_PROFIT_YOY":-276.588754436521,"HOLDER_PROFIT":-56397044.81,"HOLDER_PROFIT_YOY":-2512.3224728488,"GROSS_PROFIT_RATIO":-26.757795482928,"EPS_TTM":-0.0290930026,"OPERATE_INCOME_QOQ":0,"NET_PROFIT_RATIO":-60.5429005683,"ROE_AVG":-40.989424769046,"GROSS_PROFIT_QOQ":0,"ROA":-28.287246336824,"HOLDER_PROFIT_QOQ":0,"ROE_YEARLY":-81.978849538092,"ROIC_YEARLY":-85.602436437053,"TOTAL_ASSETS":159441882.74,"TOTAL_LIABILITIES":50051148.58,"TAX_EBT":null,"OCF_SALES":-70.650648131117,"TOTAL_PARENT_EQUITY":109390734.16,"DEBT_ASSET_RATIO":31.3914686153,"OPERATE_PROFIT":-56366383.95,"PRETAX_PROFIT":-56397044.81,"NETCASH_OPERATE":-65812634.2,"NETCASH_INVEST":-270537,"NETCASH_FINANCE":-413019.82,"END_CASH":22004577.79,"DIVI_RATIO":null,"DIVIDEND_RATE":null,"CURRENT_RATIO":3.04508804281,"COMMON_ACS":2000000000,"CURRENTDEBT_DEBT":99.661273467623,"ISSUED_COMMON_SHARES":1000000000,"HK_COMMON_SHARES":1000000000,"PER_SHARES":5000,"TOTAL_MARKET_CAP":86000000,"HKSK_MARKET_CAP":86000000,"PE_TTM":-0.932380714897,"PB_TTM":0.708962606344,"REPORT_DATE_SQ":"2023-06-30 00:00:00","REPORT_TYPE_SQ":"2023年中报","OPERATE_INCOME_SQ":233594645.69,"DPS_HKD":null,"OPERATE_INCOME_QOQ_SQ":0,"NET_PROFIT_RATIO_SQ":-0.9404351771,"HOLDER_PROFIT_SQ":-2196806.22,"HOLDER_PROFIT_QOQ_SQ":0,"ROE_AVG_SQ":-1.113944312091,"PE_TTM_SQ":57.20823798627,"PB_TTM_SQ":3.743302996982,"ROA_SQ":-0.78800157337,"START_DATE":"2024-04-01 00:00:00","FISCAL_YEAR":"3-31","CURRENCY":"HKD","IS_CNY_CODE":0,"DPS_HKD_LY":null,"ORG_TYPE":"一般企业","PREMIUM_INCOME":null,"PREMIUM_INCOME_YOY":null,"NET_INTEREST_INCOME":null,"NET_INTEREST_INCOME_YOY":null,"FEE_COMMISSION_INCOME":null,"FEE_COMMISSION_INCOME_YOY":null,"ACCOUNTS_RECE_TDAYS":3.650651163613,"INVENTORY_TDAYS":null,"CURRENT_ASSETS_TDAYS":0.487885171261,"TOTAL_ASSETS_TDAYS":0.467226480253,"PREMIUM_EXPENSE":null,"LOAN_DEPOSIT":null,"LOAN_EQUITY":null,"LOAN_ASSETS":null,"DEPOSIT_EQUITY":null,"DEPOSIT_ASSETS":null,"EQUITY_MULTIPLIER":1.457544681131,"EQUITY_RATIO":0.457544681132},{"SECUCODE":"01943.HK","SECURITY_CODE":"01943","SECURITY_NAME_ABBR":"金石控股集团","ORG_CODE":"10982397","STD_REPORT_DATE":"2023-12-31 00:00:00","REPORT_DATE":"2024-03-31 00:00:00","DATE_TYPE_CODE":"001","REPORT_TYPE":"2023年年报","PER_NETCASH_OPERATE":0.013979001,"PER_OI":0.4103643623,"BPS":0.16666287165,"BASIC_EPS":-0.0290096,"DILUTED_EPS":-0.0290096,"OPERATE_INCOME":410364362.3,"OPERATE_INCOME_YOY":21.6562837624,"GROSS_PROFIT":16591678.1,"GROSS_PROFIT_YOY":-54.274940948228,"HOLDER_PROFIT":-29093002.6,"HOLDER_PROFIT_YOY":-746.1042883028,"GROSS_PROFIT_RATIO":4.043157648244,"EPS_TTM":0.01247192009,"OPERATE_INCOME_QOQ":0,"NET_PROFIT_RATIO":-7.0895538874,"ROE_AVG":-16.04792575109,"GROSS_PROFIT_QOQ":0,"ROA":-11.196940833316,"HOLDER_PROFIT_QOQ":0,"ROE_YEARLY":-16.04792575109,"ROIC_YEARLY":-17.404980909407,"TOTAL_ASSETS":240566640.75,"TOTAL_LIABILITIES":73903769.1,"TAX_EBT":4.085597298186,"OCF_SALES":3.406485134735,"TOTAL_PARENT_EQUITY":166662871.65,"DEBT_ASSET_RATIO":30.7207054434,"OPERATE_PROFIT":-30233442.5,"PRETAX_PROFIT":-30332256.45,"NETCASH_OPERATE":13979001,"NETCASH_INVEST":16799278.05,"NETCASH_FINANCE":11020928.35,"END_CASH":88967910.45,"DIVI_RATIO":null,"DIVIDEND_RATE":null,"CURRENT_RATIO":3.139188773312,"COMMON_ACS":2000000000,"CURRENTDEBT_DEBT":99.647947793234,"ISSUED_COMMON_SHARES":1000000000,"HK_COMMON_SHARES":1000000000,"PER_SHARES":5000,"TOTAL_MARKET_CAP":81000000,"HKSK_MARKET_CAP":81000000,"PE_TTM":-0.878172533799,"PB_TTM":0.667743850162,"REPORT_DATE_SQ":"2022-12-31 00:00:00","REPORT_TYPE_SQ":"2022年年报","OPERATE_INCOME_SQ":325727805.26,"DPS_HKD":null,"OPERATE_INCOME_QOQ_SQ":0,"NET_PROFIT_RATIO_SQ":1.3349064464,"HOLDER_PROFIT_SQ":4348161.47,"HOLDER_PROFIT_QOQ_SQ":0,"ROE_AVG_SQ":2.325096957058,"PE_TTM_SQ":237.567948459835,"PB_TTM_SQ":5.521371920548,"ROA_SQ":1.682055311072,"START_DATE":"2023-04-01 00:00:00","FISCAL_YEAR":"3-31","CURRENCY":"HKD","IS_CNY_CODE":0,"DPS_HKD_LY":null,"ORG_TYPE":"一般企业","PREMIUM_INCOME":null,"PREMIUM_INCOME_YOY":null,"NET_INTEREST_INCOME":null,"NET_INTEREST_INCOME_YOY":null,"FEE_COMMISSION_INCOME":null,"FEE_COMMISSION_INCOME_YOY":null,"ACCOUNTS_RECE_TDAYS":15.27238988512,"INVENTORY_TDAYS":null,"CURRENT_ASSETS_TDAYS":1.649113539449,"TOTAL_ASSETS_TDAYS":1.579357602908,"PREMIUM_EXPENSE":null,"LOAN_DEPOSIT":null,"LOAN_EQUITY":null,"LOAN_ASSETS":null,"DEPOSIT_EQUITY":null,"DEPOSIT_ASSETS":null,"EQUITY_MULTIPLIER":1.443432711606,"EQUITY_RATIO":0.443432711607},{"SECUCODE":"01943.HK","SECURITY_CODE":"01943","SECURITY_NAME_ABBR":"金石控股集团","ORG_CODE":"10982397","STD_REPORT_DATE":"2023-06-30 00:00:00","REPORT_DATE":"2023-09-30 00:00:00","DATE_TYPE_CODE":"002","REPORT_TYPE":"2023年中报","PER_NETCASH_OPERATE":0.00635091723,"PER_OI":0.23359464569,"BPS":0.19611129545,"BASIC_EPS":-0.00183526,"DILUTED_EPS":-0.00183526,"OPERATE_INCOME":233594645.69,"OPERATE_INCOME_YOY":147.5860257931,"GROSS_PROFIT":14114984.66,"GROSS_PROFIT_YOY":199.258390894258,"HOLDER_PROFIT":-2196806.22,"HOLDER_PROFIT_YOY":79.0202436246,"GROSS_PROFIT_RATIO":6.042512069704,"EPS_TTM":0.00434816147,"OPERATE_INCOME_QOQ":0,"NET_PROFIT_RATIO":-0.9404351771,"ROE_AVG":-1.113944312091,"GROSS_PROFIT_QOQ":0,"ROA":-0.78800157337,"HOLDER_PROFIT_QOQ":0,"ROE_YEARLY":-2.227888624181,"ROIC_YEARLY":-2.18941553854,"TOTAL_ASSETS":275059592.5,"TOTAL_LIABILITIES":78948297.05,"TAX_EBT":-22.643442622951,"OCF_SALES":2.718776884308,"TOTAL_PARENT_EQUITY":196111295.45,"DEBT_ASSET_RATIO":28.7022518766,"OPERATE_PROFIT":-1737991.22,"PRETAX_PROFIT":-1791213.76,"NETCASH_OPERATE":6350917.23,"NETCASH_INVEST":3635650.06,"NETCASH_FINANCE":-403757.2,"END_CASH":57500531.06,"DIVI_RATIO":null,"DIVIDEND_RATE":null,"CURRENT_RATIO":3.363273195876,"COMMON_ACS":2000000000,"CURRENTDEBT_DEBT":99.215435578544,"ISSUED_COMMON_SHARES":1000000000,"HK_COMMON_SHARES":1000000000,"PER_SHARES":5000,"TOTAL_MARKET_CAP":81000000,"HKSK_MARKET_CAP":81000000,"PE_TTM":-0.878172533799,"PB_TTM":0.667743850162,"REPORT_DATE_SQ":"2022-06-30 00:00:00","REPORT_TYPE_SQ":"2022年中报","OPERATE_INCOME_SQ":92992711.92,"DPS_HKD":null,"OPERATE_INCOME_QOQ_SQ":0,"NET_PROFIT_RATIO_SQ":-11.098251279,"HOLDER_PROFIT_SQ":-10320564.84,"HOLDER_PROFIT_QOQ_SQ":0,"ROE_AVG_SQ":-5.554514411996,"PE_TTM_SQ":237.567948459835,"PB_TTM_SQ":5.521371920548,"ROA_SQ":-4.220684349328,"START_DATE":"2023-04-01 00:00:00","FISCAL_YEAR":"3-31","CURRENCY":"HKD","IS_CNY_CODE":0,"DPS_HKD_LY":null,"ORG_TYPE":"一般企业","PREMIUM_INCOME":null,"PREMIUM_INCOME_YOY":null,"NET_INTEREST_INCOME":null,"NET_INTEREST_INCOME_YOY":null,"FEE_COMMISSION_INCOME":null,"FEE_COMMISSION_INCOME_YOY":null,"ACCOUNTS_RECE_TDAYS":6.8326220576,"INVENTORY_TDAYS":null,"CURRENT_ASSETS_TDAYS":0.876205129264,"TOTAL_ASSETS_TDAYS":0.837911631252,"PREMIUM_EXPENSE":null,"LOAN_DEPOSIT":null,"LOAN_EQUITY":null,"LOAN_ASSETS":null,"DEPOSIT_EQUITY":null,"DEPOSIT_ASSETS":null,"EQUITY_MULTIPLIER":1.402568841682,"EQUITY_RATIO":0.402568841682},{"SECUCODE":"01943.HK","SECURITY_CODE":"01943","SECURITY_NAME_ABBR":"金石控股集团","ORG_CODE":"10982397","STD_REPORT_DATE":"2022-12-31 00:00:00","REPORT_DATE":"2023-03-31 00:00:00","DATE_TYPE_CODE":"001","REPORT_TYPE":"2022年年报","PER_NETCASH_OPERATE":0.02218376481,"PER_OI":0.32572780526,"BPS":0.18918397969,"BASIC_EPS":0.00437705,"DILUTED_EPS":0.00437705,"OPERATE_INCOME":325727805.26,"OPERATE_INCOME_YOY":9.4100281107,"GROSS_PROFIT":36285744.5,"GROSS_PROFIT_YOY":314.659246459232,"HOLDER_PROFIT":4348161.47,"HOLDER_PROFIT_YOY":114.6761612103,"GROSS_PROFIT_RATIO":11.13989776557,"EPS_TTM":-0.01811316964,"OPERATE_INCOME_QOQ":0,"NET_PROFIT_RATIO":1.3349064464,"ROE_AVG":2.325096957058,"GROSS_PROFIT_QOQ":0,"ROA":1.682055311072,"HOLDER_PROFIT_QOQ":0,"ROE_YEARLY":2.325096957058,"ROIC_YEARLY":2.292468592211,"TOTAL_ASSETS":269506348.83,"TOTAL_LIABILITIES":80322369.14,"TAX_EBT":57.092259847961,"OCF_SALES":6.810522298608,"TOTAL_PARENT_EQUITY":189183979.69,"DEBT_ASSET_RATIO":29.8035164992,"OPERATE_PROFIT":10239670.77,"PRETAX_PROFIT":10133746.16,"NETCASH_OPERATE":22183764.81,"NETCASH_INVEST":-6704765.19,"NETCASH_FINANCE":3119961.24,"END_CASH":45713034.79,"DIVI_RATIO":null,"DIVIDEND_RATE":null,"CURRENT_RATIO":3.222037112137,"COMMON_ACS":2000000000,"CURRENTDEBT_DEBT":99.436536826732,"ISSUED_COMMON_SHARES":1000000000,"HK_COMMON_SHARES":1000000000,"PER_SHARES":5000,"TOTAL_MARKET_CAP":81000000,"HKSK_MARKET_CAP":81000000,"PE_TTM":-0.878172533799,"PB_TTM":0.667743850162,"REPORT_DATE_SQ":"2021-12-31 00:00:00","REPORT_TYPE_SQ":"2021年年报","OPERATE_INCOME_SQ":275811524.84,"DPS_HKD":null,"OPERATE_INCOME_QOQ_SQ":0,"NET_PROFIT_RATIO_SQ":-9.9516590019,"HOLDER_PROFIT_SQ":-27447822.44,"HOLDER_PROFIT_QOQ_SQ":0,"ROE_AVG_SQ":-14.839694120949,"PE_TTM_SQ":237.567948459835,"PB_TTM_SQ":5.521371920548,"ROA_SQ":-11.677532550208,"START_DATE":"2022-04-01 00:00:00","FISCAL_YEAR":"3-31","CURRENCY":"HKD","IS_CNY_CODE":0,"DPS_HKD_LY":null,"ORG_TYPE":"一般企业","PREMIUM_INCOME":null,"PREMIUM_INCOME_YOY":null,"NET_INTEREST_INCOME":null,"NET_INTEREST_INCOME_YOY":null,"FEE_COMMISSION_INCOME":null,"FEE_COMMISSION_INCOME_YOY":null,"ACCOUNTS_RECE_TDAYS":12.941221480245,"INVENTORY_TDAYS":null,"CURRENT_ASSETS_TDAYS":1.351251434465,"TOTAL_ASSETS_TDAYS":1.260054826808,"PREMIUM_EXPENSE":null,"LOAN_DEPOSIT":null,"LOAN_EQUITY":null,"LOAN_ASSETS":null,"DEPOSIT_EQUITY":null,"DEPOSIT_ASSETS":null,"EQUITY_MULTIPLIER":1.424572785029,"EQUITY_RATIO":0.42457278503},{"SECUCODE":"01943.HK","SECURITY_CODE":"01943","SECURITY_NAME_ABBR":"金石控股集团","ORG_CODE":"10982397","STD_REPORT_DATE":"2022-06-30 00:00:00","REPORT_DATE":"2022-09-30 00:00:00","DATE_TYPE_CODE":"002","REPORT_TYPE":"2022年中报","PER_NETCASH_OPERATE":0.01222621992,"PER_OI":0.09299271192,"BPS":0.18064470564,"BASIC_EPS":-0.00994884,"DILUTED_EPS":-0.00994884,"OPERATE_INCOME":92992711.92,"OPERATE_INCOME_YOY":-46.2445757306,"GROSS_PROFIT":4716654.6,"GROSS_PROFIT_YOY":132.887096912025,"HOLDER_PROFIT":-10320564.84,"HOLDER_PROFIT_YOY":51.6360091549,"GROSS_PROFIT_RATIO":5.07206909296,"EPS_TTM":-0.02744782244,"OPERATE_INCOME_QOQ":0,"NET_PROFIT_RATIO":-11.098251279,"ROE_AVG":-5.554514411996,"GROSS_PROFIT_QOQ":0,"ROA":-4.220684349328,"HOLDER_PROFIT_QOQ":0,"ROE_YEARLY":-11.109028823992,"ROIC_YEARLY":-11.519630111956,"TOTAL_ASSETS":233340093.36,"TOTAL_LIABILITIES":52695387.72,"TAX_EBT":null,"OCF_SALES":13.147503355444,"TOTAL_PARENT_EQUITY":180644705.64,"DEBT_ASSET_RATIO":22.5830833275,"OPERATE_PROFIT":-10248209.64,"PRETAX_PROFIT":-10320564.84,"NETCASH_OPERATE":12226219.92,"NETCASH_INVEST":-4558377.6,"NETCASH_FINANCE":-1125123.36,"END_CASH":34555939.08,"DIVI_RATIO":null,"DIVIDEND_RATE":null,"CURRENT_RATIO":4.073583925169,"COMMON_ACS":2000000000,"CURRENTDEBT_DEBT":99.085182706006,"ISSUED_COMMON_SHARES":1000000000,"HK_COMMON_SHARES":1000000000,"PER_SHARES":5000,"TOTAL_MARKET_CAP":81000000,"HKSK_MARKET_CAP":81000000,"PE_TTM":-0.878172533799,"PB_TTM":0.667743850162,"REPORT_DATE_SQ":"2021-06-30 00:00:00","REPORT_TYPE_SQ":"2021年中报","OPERATE_INCOME_SQ":159339386.2,"DPS_HKD":null,"OPERATE_INCOME_QOQ_SQ":0,"NET_PROFIT_RATIO_SQ":-12.3354420453,"HOLDER_PROFIT_SQ":-19655217.64,"HOLDER_PROFIT_QOQ_SQ":0,"ROE_AVG_SQ":-10.117972974712,"PE_TTM_SQ":237.567948459835,"PB_TTM_SQ":5.521371920548,"ROA_SQ":-7.550007519928,"START_DATE":"2022-04-01 00:00:00","FISCAL_YEAR":"3-31","CURRENCY":"HKD","IS_CNY_CODE":0,"DPS_HKD_LY":null,"ORG_TYPE":"一般企业","PREMIUM_INCOME":null,"PREMIUM_INCOME_YOY":null,"NET_INTEREST_INCOME":null,"NET_INTEREST_INCOME_YOY":null,"FEE_COMMISSION_INCOME":null,"FEE_COMMISSION_INCOME_YOY":null,"ACCOUNTS_RECE_TDAYS":5.981268179174,"INVENTORY_TDAYS":null,"CURRENT_ASSETS_TDAYS":0.41802137309,"TOTAL_ASSETS_TDAYS":0.380301746936,"PREMIUM_EXPENSE":null,"LOAN_DEPOSIT":null,"LOAN_EQUITY":null,"LOAN_ASSETS":null,"DEPOSIT_EQUITY":null,"DEPOSIT_ASSETS":null,"EQUITY_MULTIPLIER":1.291707346381,"EQUITY_RATIO":0.291707346381},{"SECUCODE":"01943.HK","SECURITY_CODE":"01943","SECURITY_NAME_ABBR":"金石控股集团","ORG_CODE":"10982397","STD_REPORT_DATE":"2021-12-31 00:00:00","REPORT_DATE":"2022-03-31 00:00:00","DATE_TYPE_CODE":"001","REPORT_TYPE":"2021年年报","PER_NETCASH_OPERATE":-0.00407775828,"PER_OI":0.27581152484,"BPS":0.17123827342,"BASIC_EPS":-0.02757434,"DILUTED_EPS":-0.02757434,"OPERATE_INCOME":275811524.84,"OPERATE_INCOME_YOY":-22.2090823625,"GROSS_PROFIT":-16903881.43,"GROSS_PROFIT_YOY":-213.502826073,"HOLDER_PROFIT":-27447822.44,"HOLDER_PROFIT_YOY":-339.5696184611,"GROSS_PROFIT_RATIO":-6.128779948483,"EPS_TTM":-0.0190473329,"OPERATE_INCOME_QOQ":0,"NET_PROFIT_RATIO":-9.9516590019,"ROE_AVG":-14.839694120949,"GROSS_PROFIT_QOQ":0,"ROA":-11.677532550208,"HOLDER_PROFIT_QOQ":0,"ROE_YEARLY":-14.839694120949,"ROIC_YEARLY":-15.862243511028,"TOTAL_ASSETS":229291991.24,"TOTAL_LIABILITIES":58053717.82,"TAX_EBT":13.705091919733,"OCF_SALES":-1.478458263253,"TOTAL_PARENT_EQUITY":171238273.42,"DEBT_ASSET_RATIO":25.318685361,"OPERATE_PROFIT":-31674806.56,"PRETAX_PROFIT":-31807001.19,"NETCASH_OPERATE":-4077758.28,"NETCASH_INVEST":-31457455.88,"NETCASH_FINANCE":-2012115.81,"END_CASH":25119412.73,"DIVI_RATIO":null,"DIVIDEND_RATE":null,"CURRENT_RATIO":3.753347561689,"COMMON_ACS":2000000000,"CURRENTDEBT_DEBT":95.565924394401,"ISSUED_COMMON_SHARES":1000000000,"HK_COMMON_SHARES":1000000000,"PER_SHARES":5000,"TOTAL_MARKET_CAP":81000000,"HKSK_MARKET_CAP":81000000,"PE_TTM":-0.878172533799,"PB_TTM":0.667743850162,"REPORT_DATE_SQ":"2020-12-31 00:00:00","REPORT_TYPE_SQ":"2020年年报","OPERATE_INCOME_SQ":369493256.86,"DPS_HKD":null,"OPERATE_INCOME_QOQ_SQ":0,"NET_PROFIT_RATIO_SQ":3.2314142784,"HOLDER_PROFIT_SQ":11939857.86,"HOLDER_PROFIT_QOQ_SQ":0,"ROE_AVG_SQ":5.937647763452,"PE_TTM_SQ":237.567948459835,"PB_TTM_SQ":5.521371920548,"ROA_SQ":4.919591305135,"START_DATE":"2021-04-01 00:00:00","FISCAL_YEAR":"3-31","CURRENCY":"HKD","IS_CNY_CODE":0,"DPS_HKD_LY":null,"ORG_TYPE":"一般企业","PREMIUM_INCOME":null,"PREMIUM_INCOME_YOY":null,"NET_INTEREST_INCOME":null,"NET_INTEREST_INCOME_YOY":null,"FEE_COMMISSION_INCOME":null,"FEE_COMMISSION_INCOME_YOY":null,"ACCOUNTS_RECE_TDAYS":12.911803789058,"INVENTORY_TDAYS":null,"CURRENT_ASSETS_TDAYS":1.301214038927,"TOTAL_ASSETS_TDAYS":1.173425712033,"PREMIUM_EXPENSE":null,"LOAN_DEPOSIT":null,"LOAN_EQUITY":null,"LOAN_ASSETS":null,"DEPOSIT_EQUITY":null,"DEPOSIT_ASSETS":null,"EQUITY_MULTIPLIER":1.339023027157,"EQUITY_RATIO":0.339023027157},{"SECUCODE":"01943.HK","SECURITY_CODE":"01943","SECURITY_NAME_ABBR":"金石控股集团","ORG_CODE":"10982397","STD_REPORT_DATE":"2021-06-30 00:00:00","REPORT_DATE":"2021-09-30 00:00:00","DATE_TYPE_CODE":"002","REPORT_TYPE":"2021年中报","PER_NETCASH_OPERATE":-0.00251834038,"PER_OI":0.1593393862,"BPS":0.18443281952,"BASIC_EPS":-0.01999344,"DILUTED_EPS":-0.01999344,"OPERATE_INCOME":159339386.2,"OPERATE_INCOME_YOY":-9.6124492583,"GROSS_PROFIT":-14341960.96,"GROSS_PROFIT_YOY":-198.690429078253,"HOLDER_PROFIT":-19655217.64,"HOLDER_PROFIT_YOY":-282.955955335,"GROSS_PROFIT_RATIO":-9.000888795943,"EPS_TTM":0.01193985786,"OPERATE_INCOME_QOQ":0,"NET_PROFIT_RATIO":-12.3354420453,"ROE_AVG":-10.117972974712,"GROSS_PROFIT_QOQ":0,"ROA":-7.550007519928,"HOLDER_PROFIT_QOQ":0,"ROE_YEARLY":-20.235945949423,"ROIC_YEARLY":-23.789070377092,"TOTAL_ASSETS":273316156.22,"TOTAL_LIABILITIES":88883336.7,"TAX_EBT":0.093157181572,"OCF_SALES":-1.580488314947,"TOTAL_PARENT_EQUITY":184432819.52,"DEBT_ASSET_RATIO":32.5203375934,"OPERATE_PROFIT":-19620229.12,"PRETAX_PROFIT":-19673544.96,"NETCASH_OPERATE":-2518340.38,"NETCASH_INVEST":1656123.28,"NETCASH_FINANCE":-987176.1,"END_CASH":62521153,"DIVI_RATIO":null,"DIVIDEND_RATE":null,"CURRENT_RATIO":2.970885877346,"COMMON_ACS":2000000000,"CURRENTDEBT_DEBT":95.578986831623,"ISSUED_COMMON_SHARES":1000000000,"HK_COMMON_SHARES":1000000000,"PER_SHARES":5000,"TOTAL_MARKET_CAP":81000000,"HKSK_MARKET_CAP":81000000,"PE_TTM":-0.878172533799,"PB_TTM":0.667743850162,"REPORT_DATE_SQ":"2020-06-30 00:00:00","REPORT_TYPE_SQ":"2020年中报","OPERATE_INCOME_SQ":185946817.92,"DPS_HKD":null,"OPERATE_INCOME_QOQ_SQ":0,"NET_PROFIT_RATIO_SQ":6.0942011521,"HOLDER_PROFIT_SQ":11331973.12,"HOLDER_PROFIT_QOQ_SQ":0,"ROE_AVG_SQ":5.434310829432,"PE_TTM_SQ":237.567948459835,"PB_TTM_SQ":5.521371920548,"ROA_SQ":4.412003688074,"START_DATE":"2021-04-01 00:00:00","FISCAL_YEAR":"3-31","CURRENCY":"HKD","IS_CNY_CODE":0,"DPS_HKD_LY":null,"ORG_TYPE":"一般企业","PREMIUM_INCOME":null,"PREMIUM_INCOME_YOY":null,"NET_INTEREST_INCOME":null,"NET_INTEREST_INCOME_YOY":null,"FEE_COMMISSION_INCOME":null,"FEE_COMMISSION_INCOME_YOY":null,"ACCOUNTS_RECE_TDAYS":9.046278998274,"INVENTORY_TDAYS":null,"CURRENT_ASSETS_TDAYS":0.67239209455,"TOTAL_ASSETS_TDAYS":0.612058124242,"PREMIUM_EXPENSE":null,"LOAN_DEPOSIT":null,"LOAN_EQUITY":null,"LOAN_ASSETS":null,"DEPOSIT_EQUITY":null,"DEPOSIT_ASSETS":null,"EQUITY_MULTIPLIER":1.481927982945,"EQUITY_RATIO":0.481927982944},{"SECUCODE":"01943.HK","SECURITY_CODE":"01943","SECURITY_NAME_ABBR":"金石控股集团","ORG_CODE":"10982397","STD_REPORT_DATE":"2020-12-31 00:00:00","REPORT_DATE":"2021-03-31 00:00:00","DATE_TYPE_CODE":"001","REPORT_TYPE":"2020年年报","PER_NETCASH_OPERATE":-0.00697865126,"PER_OI":0.36949325686,"BPS":0.20705726748,"BASIC_EPS":0.01183252,"DILUTED_EPS":0.01183252,"OPERATE_INCOME":369493256.86,"OPERATE_INCOME_YOY":-0.1372841943,"GROSS_PROFIT":14892916.78,"GROSS_PROFIT_YOY":92.780244115028,"HOLDER_PROFIT":11939857.86,"HOLDER_PROFIT_YOY":203.4490333919,"GROSS_PROFIT_RATIO":4.030632901548,"EPS_TTM":-0.00384162197,"OPERATE_INCOME_QOQ":0,"NET_PROFIT_RATIO":3.2314142784,"ROE_AVG":5.937647763452,"GROSS_PROFIT_QOQ":0,"ROA":4.919591305135,"HOLDER_PROFIT_QOQ":0,"ROE_YEARLY":5.937647763452,"ROIC_YEARLY":7.512643384758,"TOTAL_ASSETS":250950000.42,"TOTAL_LIABILITIES":43892732.94,"TAX_EBT":5.270569301951,"OCF_SALES":-1.88870869236,"TOTAL_PARENT_EQUITY":207057267.48,"DEBT_ASSET_RATIO":17.4906287573,"OPERATE_PROFIT":12813773.98,"PRETAX_PROFIT":12604169.34,"NETCASH_OPERATE":-6978651.26,"NETCASH_INVEST":-19015704.82,"NETCASH_FINANCE":-10931558.12,"END_CASH":65307058.6,"DIVI_RATIO":null,"DIVIDEND_RATE":null,"CURRENT_RATIO":5.390769417869,"COMMON_ACS":2000000000,"CURRENTDEBT_DEBT":94.999326054724,"ISSUED_COMMON_SHARES":1000000000,"HK_COMMON_SHARES":1000000000,"PER_SHARES":5000,"TOTAL_MARKET_CAP":81000000,"HKSK_MARKET_CAP":81000000,"PE_TTM":-0.878172533799,"PB_TTM":0.667743850162,"REPORT_DATE_SQ":"2019-12-31 00:00:00","REPORT_TYPE_SQ":"2019年年报","OPERATE_INCOME_SQ":399997758.6,"DPS_HKD":null,"OPERATE_INCOME_QOQ_SQ":0,"NET_PROFIT_RATIO_SQ":-3.1193892795,"HOLDER_PROFIT_SQ":-12477487.2,"HOLDER_PROFIT_QOQ_SQ":0,"ROE_AVG_SQ":-7.457873337393,"PE_TTM_SQ":237.567948459835,"PB_TTM_SQ":5.521371920548,"ROA_SQ":-5.685214944089,"START_DATE":"2020-04-01 00:00:00","FISCAL_YEAR":"3-31","CURRENCY":"HKD","IS_CNY_CODE":0,"DPS_HKD_LY":null,"ORG_TYPE":"一般企业","PREMIUM_INCOME":null,"PREMIUM_INCOME_YOY":null,"NET_INTEREST_INCOME":null,"NET_INTEREST_INCOME_YOY":null,"FEE_COMMISSION_INCOME":null,"FEE_COMMISSION_INCOME_YOY":null,"ACCOUNTS_RECE_TDAYS":18.833688745288,"INVENTORY_TDAYS":null,"CURRENT_ASSETS_TDAYS":1.678113136571,"TOTAL_ASSETS_TDAYS":1.522426677996,"PREMIUM_EXPENSE":null,"LOAN_DEPOSIT":null,"LOAN_EQUITY":null,"LOAN_ASSETS":null,"DEPOSIT_EQUITY":null,"DEPOSIT_ASSETS":null,"EQUITY_MULTIPLIER":1.211983541916,"EQUITY_RATIO":0.211983541917},{"SECUCODE":"01943.HK","SECURITY_CODE":"01943","SECURITY_NAME_ABBR":"金石控股集团","ORG_CODE":"10982397","STD_REPORT_DATE":"2020-06-30 00:00:00","REPORT_DATE":"2020-09-30 00:00:00","DATE_TYPE_CODE":"002","REPORT_TYPE":"2020年中报","PER_NETCASH_OPERATE":0.01002971008,"PER_OI":0.18594681792,"BPS":0.2141923936,"BASIC_EPS":0.01493824,"DILUTED_EPS":0.01493824,"OPERATE_INCOME":185946817.92,"OPERATE_INCOME_YOY":-14.6846803261,"GROSS_PROFIT":14532271.36,"GROSS_PROFIT_YOY":-17.742331392133,"HOLDER_PROFIT":11331973.12,"HOLDER_PROFIT_YOY":331.4486450318,"GROSS_PROFIT_RATIO":7.815283704533,"EPS_TTM":-0.0124774872,"OPERATE_INCOME_QOQ":0,"NET_PROFIT_RATIO":6.0942011521,"ROE_AVG":5.434310829432,"GROSS_PROFIT_QOQ":0,"ROA":4.412003688074,"HOLDER_PROFIT_QOQ":0,"ROE_YEARLY":10.868621658864,"ROIC_YEARLY":15.06216530306,"TOTAL_ASSETS":269933996.8,"TOTAL_LIABILITIES":55741603.2,"TAX_EBT":16.487501618961,"OCF_SALES":5.393859487456,"TOTAL_PARENT_EQUITY":214192393.6,"DEBT_ASSET_RATIO":20.6500862658,"OPERATE_PROFIT":13696608.64,"PRETAX_PROFIT":13569194.24,"NETCASH_OPERATE":10029710.08,"NETCASH_INVEST":-8642211.2,"NETCASH_FINANCE":-1217905.92,"END_CASH":106459564.16,"DIVI_RATIO":null,"DIVIDEND_RATE":null,"CURRENT_RATIO":4.462793596322,"COMMON_ACS":2000000000,"CURRENTDEBT_DEBT":97.386300937968,"ISSUED_COMMON_SHARES":1000000000,"HK_COMMON_SHARES":1000000000,"PER_SHARES":5000,"TOTAL_MARKET_CAP":81000000,"HKSK_MARKET_CAP":81000000,"PE_TTM":-0.878172533799,"PB_TTM":0.667743850162,"REPORT_DATE_SQ":"2019-06-30 00:00:00","REPORT_TYPE_SQ":"2019年中报","OPERATE_INCOME_SQ":223729148.34,"DPS_HKD":null,"OPERATE_INCOME_QOQ_SQ":0,"NET_PROFIT_RATIO_SQ":1.2050767234,"HOLDER_PROFIT_SQ":2696107.89,"HOLDER_PROFIT_QOQ_SQ":0,"ROE_AVG_SQ":1.561398101666,"PE_TTM_SQ":237.567948459835,"PB_TTM_SQ":5.521371920548,"ROA_SQ":1.148173543608,"START_DATE":"2020-04-01 00:00:00","FISCAL_YEAR":"3-31","CURRENCY":"HKD","IS_CNY_CODE":0,"DPS_HKD_LY":null,"ORG_TYPE":"一般企业","PREMIUM_INCOME":null,"PREMIUM_INCOME_YOY":null,"NET_INTEREST_INCOME":null,"NET_INTEREST_INCOME_YOY":null,"FEE_COMMISSION_INCOME":null,"FEE_COMMISSION_INCOME_YOY":null,"ACCOUNTS_RECE_TDAYS":9.062957728382,"INVENTORY_TDAYS":null,"CURRENT_ASSETS_TDAYS":0.797369120132,"TOTAL_ASSETS_TDAYS":0.723967518949,"PREMIUM_EXPENSE":null,"LOAN_DEPOSIT":null,"LOAN_EQUITY":null,"LOAN_ASSETS":null,"DEPOSIT_EQUITY":null,"DEPOSIT_ASSETS":null,"EQUITY_MULTIPLIER":1.260240815573,"EQUITY_RATIO":0.260240815573}],"count":18},"success":true,"message":"ok","code":0}