{"version":"f35ee66266a5cac4aa371cee9d1c1fcb","result":{"pages":2,"data":[{"SECUCODE":"01942.HK","SECURITY_CODE":"01942","SECURITY_NAME_ABBR":"马可数字科技","ORG_CODE":"10000055803","STD_REPORT_DATE":"2024-06-30 00:00:00","REPORT_DATE":"2024-06-30 00:00:00","DATE_TYPE_CODE":"002","REPORT_TYPE":"2024年中报","PER_NETCASH_OPERATE":-0.013935852661,"PER_OI":0.790294384239,"BPS":0.588086799953,"BASIC_EPS":0.002,"DILUTED_EPS":0.002,"OPERATE_INCOME":613426000,"OPERATE_INCOME_YOY":-30.0000114113,"GROSS_PROFIT":87470000,"GROSS_PROFIT_YOY":-65.885069306313,"HOLDER_PROFIT":1339000,"HOLDER_PROFIT_YOY":-96.7260813223,"GROSS_PROFIT_RATIO":14.259258655486,"EPS_TTM":-0.148317565103,"OPERATE_INCOME_QOQ":-18.516885493344,"NET_PROFIT_RATIO":0.5539380463,"ROE_AVG":0.221937870656,"GROSS_PROFIT_QOQ":-82.105518967654,"ROA":0.177416437719,"HOLDER_PROFIT_QOQ":-52.352972314859,"ROE_YEARLY":0.443875741312,"ROIC_YEARLY":0.431152802453,"TOTAL_ASSETS":818922000,"TOTAL_LIABILITIES":130193000,"TAX_EBT":53.718332879324,"OCF_SALES":-1.763374881404,"TOTAL_PARENT_EQUITY":672507000,"DEBT_ASSET_RATIO":15.8980953009,"OPERATE_PROFIT":6945000,"PRETAX_PROFIT":7342000,"NETCASH_OPERATE":-10817000,"NETCASH_INVEST":-105108000,"NETCASH_FINANCE":127485000,"END_CASH":92094000,"DIVI_RATIO":null,"DIVIDEND_RATE":null,"CURRENT_RATIO":4.066834652112,"COMMON_ACS":2000000000,"CURRENTDEBT_DEBT":82.607359842695,"ISSUED_COMMON_SHARES":1143550578,"HK_COMMON_SHARES":1143550578,"PER_SHARES":2000,"TOTAL_MARKET_CAP":1337954176.26,"HKSK_MARKET_CAP":1337954176.26,"PE_TTM":-10.595425938241,"PB_TTM":1.815778895371,"REPORT_DATE_SQ":"2023-06-30 00:00:00","REPORT_TYPE_SQ":"2023年中报","OPERATE_INCOME_SQ":876323000,"DPS_HKD":null,"OPERATE_INCOME_QOQ_SQ":0,"NET_PROFIT_RATIO_SQ":6.83709089,"HOLDER_PROFIT_SQ":40899000,"HOLDER_PROFIT_QOQ_SQ":0,"ROE_AVG_SQ":7.282365028124,"PE_TTM_SQ":-15.571451998095,"PB_TTM_SQ":1.346138430587,"ROA_SQ":5.45169169863,"START_DATE":"2024-01-01 00:00:00","FISCAL_YEAR":"12-31","CURRENCY":"HKD","IS_CNY_CODE":0,"DPS_HKD_LY":null,"ORG_TYPE":"一般企业","PREMIUM_INCOME":null,"PREMIUM_INCOME_YOY":null,"NET_INTEREST_INCOME":null,"NET_INTEREST_INCOME_YOY":null,"FEE_COMMISSION_INCOME":null,"FEE_COMMISSION_INCOME_YOY":null,"ACCOUNTS_RECE_TDAYS":2.512918409399,"INVENTORY_TDAYS":14.895383743982,"CURRENT_ASSETS_TDAYS":1.541110663084,"TOTAL_ASSETS_TDAYS":0.812784583452,"PREMIUM_EXPENSE":null,"LOAN_DEPOSIT":null,"LOAN_EQUITY":null,"LOAN_ASSETS":null,"DEPOSIT_EQUITY":null,"DEPOSIT_ASSETS":null,"EQUITY_MULTIPLIER":1.189033712825,"EQUITY_RATIO":0.193593523934},{"SECUCODE":"01942.HK","SECURITY_CODE":"01942","SECURITY_NAME_ABBR":"马可数字科技","ORG_CODE":"10000055803","STD_REPORT_DATE":"2023-12-31 00:00:00","REPORT_DATE":"2023-12-31 00:00:00","DATE_TYPE_CODE":"001","REPORT_TYPE":"2023年年报","PER_NETCASH_OPERATE":-0.069405879932,"PER_OI":2.194955155374,"BPS":0.4670864676,"BASIC_EPS":-0.12,"DILUTED_EPS":-0.12,"OPERATE_INCOME":1419769000,"OPERATE_INCOME_YOY":null,"GROSS_PROFIT":205745000,"GROSS_PROFIT_YOY":null,"HOLDER_PROFIT":-75564000,"HOLDER_PROFIT_YOY":null,"GROSS_PROFIT_RATIO":14.491441917664,"EPS_TTM":-0.116821533194,"OPERATE_INCOME_QOQ":134.392968294008,"NET_PROFIT_RATIO":-5.2388804094,"ROE_AVG":-14.981130841038,"GROSS_PROFIT_QOQ":35.846825143085,"ROA":-11.740467977999,"HOLDER_PROFIT_QOQ":-34.024244369656,"ROE_YEARLY":-14.981130841038,"ROIC_YEARLY":-14.247277869432,"TOTAL_ASSETS":690521000,"TOTAL_LIABILITIES":134160000,"TAX_EBT":-6.838650368434,"OCF_SALES":-3.162063687825,"TOTAL_PARENT_EQUITY":534137000,"DEBT_ASSET_RATIO":19.4288081029,"OPERATE_PROFIT":-72239000,"PRETAX_PROFIT":-69619000,"NETCASH_OPERATE":-44894000,"NETCASH_INVEST":-124463000,"NETCASH_FINANCE":172993000,"END_CASH":78968000,"DIVI_RATIO":null,"DIVIDEND_RATE":null,"CURRENT_RATIO":3.405542685706,"COMMON_ACS":2000000000,"CURRENTDEBT_DEBT":78.509242695289,"ISSUED_COMMON_SHARES":1143550578,"HK_COMMON_SHARES":1143550578,"PER_SHARES":2000,"TOTAL_MARKET_CAP":1292212153.14,"HKSK_MARKET_CAP":1292212153.14,"PE_TTM":-10.233189154028,"PB_TTM":1.753700984418,"REPORT_DATE_SQ":"2022-12-31 00:00:00","REPORT_TYPE_SQ":"2022年年报","OPERATE_INCOME_SQ":null,"DPS_HKD":null,"OPERATE_INCOME_QOQ_SQ":0,"NET_PROFIT_RATIO_SQ":null,"HOLDER_PROFIT_SQ":null,"HOLDER_PROFIT_QOQ_SQ":0,"ROE_AVG_SQ":null,"PE_TTM_SQ":-17.485974784746,"PB_TTM_SQ":1.51164725402,"ROA_SQ":null,"START_DATE":"2023-01-01 00:00:00","FISCAL_YEAR":"12-31","CURRENCY":"HKD","IS_CNY_CODE":0,"DPS_HKD_LY":null,"ORG_TYPE":"一般企业","PREMIUM_INCOME":null,"PREMIUM_INCOME_YOY":null,"NET_INTEREST_INCOME":null,"NET_INTEREST_INCOME_YOY":null,"FEE_COMMISSION_INCOME":null,"FEE_COMMISSION_INCOME_YOY":null,"ACCOUNTS_RECE_TDAYS":8.117673965186,"INVENTORY_TDAYS":32.698781226853,"CURRENT_ASSETS_TDAYS":4.565592023706,"TOTAL_ASSETS_TDAYS":2.205911873466,"PREMIUM_EXPENSE":null,"LOAN_DEPOSIT":null,"LOAN_EQUITY":null,"LOAN_ASSETS":null,"DEPOSIT_EQUITY":null,"DEPOSIT_ASSETS":null,"EQUITY_MULTIPLIER":1.241138397552,"EQUITY_RATIO":0.251171515922},{"SECUCODE":"01942.HK","SECURITY_CODE":"01942","SECURITY_NAME_ABBR":"马可数字科技","ORG_CODE":"10000055803","STD_REPORT_DATE":"2023-06-30 00:00:00","REPORT_DATE":"2023-06-30 00:00:00","DATE_TYPE_CODE":"002","REPORT_TYPE":"2023年中报","PER_NETCASH_OPERATE":-0.050408698736,"PER_OI":1.354790593838,"BPS":0.567165119303,"BASIC_EPS":0.06,"DILUTED_EPS":0.06,"OPERATE_INCOME":876323000,"OPERATE_INCOME_YOY":177.1446281907,"GROSS_PROFIT":256398000,"GROSS_PROFIT_YOY":196.736337754323,"HOLDER_PROFIT":40899000,"HOLDER_PROFIT_YOY":160.8579846438,"GROSS_PROFIT_RATIO":29.258389885921,"EPS_TTM":-0.087164478146,"OPERATE_INCOME_QOQ":0,"NET_PROFIT_RATIO":6.83709089,"ROE_AVG":7.282365028124,"GROSS_PROFIT_QOQ":0,"ROA":5.45169169863,"HOLDER_PROFIT_QOQ":0,"ROE_YEARLY":14.564730056248,"ROIC_YEARLY":12.790420397623,"TOTAL_ASSETS":903696000,"TOTAL_LIABILITIES":202818000,"TAX_EBT":6.803652257773,"OCF_SALES":-3.720774189426,"TOTAL_PARENT_EQUITY":648582000,"DEBT_ASSET_RATIO":22.4431667286,"OPERATE_PROFIT":65768000,"PRETAX_PROFIT":64289000,"NETCASH_OPERATE":-32606000,"NETCASH_INVEST":-167925000,"NETCASH_FINANCE":166673000,"END_CASH":37283000,"DIVI_RATIO":null,"DIVIDEND_RATE":null,"CURRENT_RATIO":3.188132035871,"COMMON_ACS":2000000000,"CURRENTDEBT_DEBT":64.60225423779,"ISSUED_COMMON_SHARES":1143550578,"HK_COMMON_SHARES":1143550578,"PER_SHARES":2000,"TOTAL_MARKET_CAP":1292212153.14,"HKSK_MARKET_CAP":1292212153.14,"PE_TTM":-10.233189154028,"PB_TTM":1.753700984418,"REPORT_DATE_SQ":"2022-06-30 00:00:00","REPORT_TYPE_SQ":"2022年中报","OPERATE_INCOME_SQ":316197000,"DPS_HKD":null,"OPERATE_INCOME_QOQ_SQ":0,"NET_PROFIT_RATIO_SQ":-20.1241631009,"HOLDER_PROFIT_SQ":-67204000,"HOLDER_PROFIT_QOQ_SQ":0,"ROE_AVG_SQ":-21.56085526052,"PE_TTM_SQ":-17.485974784746,"PB_TTM_SQ":1.51164725402,"ROA_SQ":-14.955259286953,"START_DATE":"2023-01-01 00:00:00","FISCAL_YEAR":"12-31","CURRENCY":"HKD","IS_CNY_CODE":0,"DPS_HKD_LY":null,"ORG_TYPE":"一般企业","PREMIUM_INCOME":null,"PREMIUM_INCOME_YOY":null,"NET_INTEREST_INCOME":null,"NET_INTEREST_INCOME_YOY":null,"FEE_COMMISSION_INCOME":null,"FEE_COMMISSION_INCOME_YOY":null,"ACCOUNTS_RECE_TDAYS":3.978719878321,"INVENTORY_TDAYS":15.602859192329,"CURRENT_ASSETS_TDAYS":2.573752990224,"TOTAL_ASSETS_TDAYS":1.168107490261,"PREMIUM_EXPENSE":null,"LOAN_DEPOSIT":null,"LOAN_EQUITY":null,"LOAN_ASSETS":null,"DEPOSIT_EQUITY":null,"DEPOSIT_ASSETS":null,"EQUITY_MULTIPLIER":1.289377038514,"EQUITY_RATIO":0.31270988094},{"SECUCODE":"01942.HK","SECURITY_CODE":"01942","SECURITY_NAME_ABBR":"马可数字科技","ORG_CODE":"10000055803","STD_REPORT_DATE":"2022-06-30 00:00:00","REPORT_DATE":"2022-09-30 00:00:00","DATE_TYPE_CODE":"002","REPORT_TYPE":"2022年中报","PER_NETCASH_OPERATE":0.000280470815,"PER_OI":0.527881132061,"BPS":0.380660032337,"BASIC_EPS":-0.13,"DILUTED_EPS":-0.13,"OPERATE_INCOME":316197000,"OPERATE_INCOME_YOY":429.049475463,"GROSS_PROFIT":86406000,"GROSS_PROFIT_YOY":109.306719635677,"HOLDER_PROFIT":-67204000,"HOLDER_PROFIT_YOY":-1610.5416947629,"GROSS_PROFIT_RATIO":27.326634977562,"EPS_TTM":0.030544312209,"OPERATE_INCOME_QOQ":0,"NET_PROFIT_RATIO":-20.1241631009,"ROE_AVG":-21.56085526052,"GROSS_PROFIT_QOQ":0,"ROA":-14.955259286953,"HOLDER_PROFIT_QOQ":0,"ROE_YEARLY":-43.121710521039,"ROIC_YEARLY":-43.539935957344,"TOTAL_ASSETS":581406000,"TOTAL_LIABILITIES":135735000,"TAX_EBT":-12.99900554056,"OCF_SALES":0.053131433885,"TOTAL_PARENT_EQUITY":435304000,"DEBT_ASSET_RATIO":23.3459923014,"OPERATE_PROFIT":-55832000,"PRETAX_PROFIT":-56312000,"NETCASH_OPERATE":168000,"NETCASH_INVEST":27440000,"NETCASH_FINANCE":-12424000,"END_CASH":105399000,"DIVI_RATIO":null,"DIVIDEND_RATE":null,"CURRENT_RATIO":3.246064521405,"COMMON_ACS":2000000000,"CURRENTDEBT_DEBT":90.090986112646,"ISSUED_COMMON_SHARES":1143550578,"HK_COMMON_SHARES":1143550578,"PER_SHARES":2000,"TOTAL_MARKET_CAP":1292212153.14,"HKSK_MARKET_CAP":1292212153.14,"PE_TTM":-10.233189154028,"PB_TTM":1.753700984418,"REPORT_DATE_SQ":"2021-06-30 00:00:00","REPORT_TYPE_SQ":"2021年中报","OPERATE_INCOME_SQ":59767000,"DPS_HKD":null,"OPERATE_INCOME_QOQ_SQ":0,"NET_PROFIT_RATIO_SQ":8.599942823,"HOLDER_PROFIT_SQ":4449000,"HOLDER_PROFIT_QOQ_SQ":0,"ROE_AVG_SQ":1.833347202929,"PE_TTM_SQ":-17.485974784746,"PB_TTM_SQ":1.51164725402,"ROA_SQ":1.737242128122,"START_DATE":"2022-04-01 00:00:00","FISCAL_YEAR":"3-31","CURRENCY":"HKD","IS_CNY_CODE":0,"DPS_HKD_LY":null,"ORG_TYPE":"一般企业","PREMIUM_INCOME":null,"PREMIUM_INCOME_YOY":null,"NET_INTEREST_INCOME":null,"NET_INTEREST_INCOME_YOY":null,"FEE_COMMISSION_INCOME":null,"FEE_COMMISSION_INCOME_YOY":null,"ACCOUNTS_RECE_TDAYS":1.456145965972,"INVENTORY_TDAYS":7.309687783309,"CURRENT_ASSETS_TDAYS":0.923633049552,"TOTAL_ASSETS_TDAYS":0.70364980072,"PREMIUM_EXPENSE":null,"LOAN_DEPOSIT":null,"LOAN_EQUITY":null,"LOAN_ASSETS":null,"DEPOSIT_EQUITY":null,"DEPOSIT_ASSETS":null,"EQUITY_MULTIPLIER":1.304563231621,"EQUITY_RATIO":0.31181656957},{"SECUCODE":"01942.HK","SECURITY_CODE":"01942","SECURITY_NAME_ABBR":"马可数字科技","ORG_CODE":"10000055803","STD_REPORT_DATE":"2021-12-31 00:00:00","REPORT_DATE":"2022-03-31 00:00:00","DATE_TYPE_CODE":"001","REPORT_TYPE":"2021年年报","PER_NETCASH_OPERATE":0.0554884311,"PER_OI":0.699606,"BPS":0.164531580742,"BASIC_EPS":0.03,"DILUTED_EPS":0.03,"OPERATE_INCOME":349803000,"OPERATE_INCOME_YOY":133.0840631708,"GROSS_PROFIT":106485000,"GROSS_PROFIT_YOY":-2.297475374826,"HOLDER_PROFIT":15294000,"HOLDER_PROFIT_YOY":1.9149365047,"GROSS_PROFIT_RATIO":30.441512844128,"EPS_TTM":0.027228356427,"OPERATE_INCOME_QOQ":0,"NET_PROFIT_RATIO":5.4031382825,"ROE_AVG":6.42970687353,"GROSS_PROFIT_QOQ":0,"ROA":4.191658963443,"HOLDER_PROFIT_QOQ":0,"ROE_YEARLY":6.42970687353,"ROIC_YEARLY":6.8198985648,"TOTAL_ASSETS":479100000,"TOTAL_LIABILITIES":281770000,"TAX_EBT":28.498467824311,"OCF_SALES":7.942993777916,"TOTAL_PARENT_EQUITY":188085000,"DEBT_ASSET_RATIO":58.8123329804,"OPERATE_PROFIT":27371000,"PRETAX_PROFIT":26433000,"NETCASH_OPERATE":27786000,"NETCASH_INVEST":-20513000,"NETCASH_FINANCE":-19989000,"END_CASH":77211000,"DIVI_RATIO":null,"DIVIDEND_RATE":null,"CURRENT_RATIO":1.617939620223,"COMMON_ACS":2000000000,"CURRENTDEBT_DEBT":95.291904745005,"ISSUED_COMMON_SHARES":1143550578,"HK_COMMON_SHARES":1143550578,"PER_SHARES":2000,"TOTAL_MARKET_CAP":1292212153.14,"HKSK_MARKET_CAP":1292212153.14,"PE_TTM":-10.233189154028,"PB_TTM":1.753700984418,"REPORT_DATE_SQ":"2020-12-31 00:00:00","REPORT_TYPE_SQ":"2020年年报","OPERATE_INCOME_SQ":157110284.22136,"DPS_HKD":null,"OPERATE_INCOME_QOQ_SQ":0,"NET_PROFIT_RATIO_SQ":12.3499591829,"HOLDER_PROFIT_SQ":15710553.4003642,"HOLDER_PROFIT_QOQ_SQ":0,"ROE_AVG_SQ":11.221062393269,"PE_TTM_SQ":-17.485974784746,"PB_TTM_SQ":1.51164725402,"ROA_SQ":7.234493997382,"START_DATE":"2021-04-01 00:00:00","FISCAL_YEAR":"3-31","CURRENCY":"HKD","IS_CNY_CODE":0,"DPS_HKD_LY":0.02,"ORG_TYPE":"一般企业","PREMIUM_INCOME":null,"PREMIUM_INCOME_YOY":null,"NET_INTEREST_INCOME":null,"NET_INTEREST_INCOME_YOY":null,"FEE_COMMISSION_INCOME":null,"FEE_COMMISSION_INCOME_YOY":null,"ACCOUNTS_RECE_TDAYS":2.819525327551,"INVENTORY_TDAYS":7.153593027392,"CURRENT_ASSETS_TDAYS":1.083296641529,"TOTAL_ASSETS_TDAYS":0.958680323826,"PREMIUM_EXPENSE":null,"LOAN_DEPOSIT":null,"LOAN_EQUITY":null,"LOAN_ASSETS":null,"DEPOSIT_EQUITY":null,"DEPOSIT_ASSETS":null,"EQUITY_MULTIPLIER":2.427911247132,"EQUITY_RATIO":1.498099263631},{"SECUCODE":"01942.HK","SECURITY_CODE":"01942","SECURITY_NAME_ABBR":"马可数字科技","ORG_CODE":"10000055803","STD_REPORT_DATE":"2021-06-30 00:00:00","REPORT_DATE":"2021-09-30 00:00:00","DATE_TYPE_CODE":"002","REPORT_TYPE":"2021年中报","PER_NETCASH_OPERATE":0.005147594329,"PER_OI":0.119534,"BPS":0.165953386011,"BASIC_EPS":0.01,"DILUTED_EPS":0.01,"OPERATE_INCOME":59767000,"OPERATE_INCOME_YOY":-18.9121409454,"GROSS_PROFIT":41282000,"GROSS_PROFIT_YOY":-20.484661238402,"HOLDER_PROFIT":4449000,"HOLDER_PROFIT_YOY":-28.184553661,"GROSS_PROFIT_RATIO":69.072432881981,"EPS_TTM":0.031421106801,"OPERATE_INCOME_QOQ":0,"NET_PROFIT_RATIO":8.599942823,"ROE_AVG":1.833347202929,"GROSS_PROFIT_QOQ":0,"ROA":1.737242128122,"HOLDER_PROFIT_QOQ":0,"ROE_YEARLY":3.666694405859,"ROIC_YEARLY":5.889671482186,"TOTAL_ASSETS":254999612.613311,"TOTAL_LIABILITIES":54351902.0686449,"TAX_EBT":35.93769470405,"OCF_SALES":4.316864620423,"TOTAL_PARENT_EQUITY":189776090.493531,"DEBT_ASSET_RATIO":21.3145037797,"OPERATE_PROFIT":8516000,"PRETAX_PROFIT":8025000,"NETCASH_OPERATE":2583000,"NETCASH_INVEST":-17113000,"NETCASH_FINANCE":-7548000,"END_CASH":82404000,"DIVI_RATIO":null,"DIVIDEND_RATE":null,"CURRENT_RATIO":4.949070790183,"COMMON_ACS":2000000000,"CURRENTDEBT_DEBT":80.385448739879,"ISSUED_COMMON_SHARES":1143550578,"HK_COMMON_SHARES":1143550578,"PER_SHARES":2000,"TOTAL_MARKET_CAP":1292212153.14,"HKSK_MARKET_CAP":1292212153.14,"PE_TTM":-10.233189154028,"PB_TTM":1.753700984418,"REPORT_DATE_SQ":"2020-06-30 00:00:00","REPORT_TYPE_SQ":"2020年中报","OPERATE_INCOME_SQ":77747738.8910736,"DPS_HKD":null,"OPERATE_INCOME_QOQ_SQ":0,"NET_PROFIT_RATIO_SQ":11.7299951529,"HOLDER_PROFIT_SQ":6534277.10053742,"HOLDER_PROFIT_QOQ_SQ":0,"ROE_AVG_SQ":4.65694717728,"PE_TTM_SQ":-17.485974784746,"PB_TTM_SQ":1.51164725402,"ROA_SQ":2.818225182411,"START_DATE":"2021-04-01 00:00:00","FISCAL_YEAR":"3-31","CURRENCY":"HKD","IS_CNY_CODE":0,"DPS_HKD_LY":0.02,"ORG_TYPE":"一般企业","PREMIUM_INCOME":null,"PREMIUM_INCOME_YOY":null,"NET_INTEREST_INCOME":null,"NET_INTEREST_INCOME_YOY":null,"FEE_COMMISSION_INCOME":null,"FEE_COMMISSION_INCOME_YOY":null,"ACCOUNTS_RECE_TDAYS":5.001631867442,"INVENTORY_TDAYS":0.577305583855,"CURRENT_ASSETS_TDAYS":0.276030532161,"TOTAL_ASSETS_TDAYS":0.23339338465,"PREMIUM_EXPENSE":null,"LOAN_DEPOSIT":null,"LOAN_EQUITY":null,"LOAN_ASSETS":null,"DEPOSIT_EQUITY":null,"DEPOSIT_ASSETS":null,"EQUITY_MULTIPLIER":1.270882243915,"EQUITY_RATIO":0.286400156771},{"SECUCODE":"01942.HK","SECURITY_CODE":"01942","SECURITY_NAME_ABBR":"马可数字科技","ORG_CODE":"10000055803","STD_REPORT_DATE":"2020-12-31 00:00:00","REPORT_DATE":"2021-03-31 00:00:00","DATE_TYPE_CODE":"001","REPORT_TYPE":"2020年年报","PER_NETCASH_OPERATE":0.089101417148,"PER_OI":0.314220568443,"BPS":0.16638111523,"BASIC_EPS":0.031668118122,"DILUTED_EPS":0.031668118122,"OPERATE_INCOME":157110284.22136,"OPERATE_INCOME_YOY":-32.5591669725,"GROSS_PROFIT":108988995.328953,"GROSS_PROFIT_YOY":-31.674812380642,"HOLDER_PROFIT":15710553.4003642,"HOLDER_PROFIT_YOY":-8.9724770642,"GROSS_PROFIT_RATIO":69.371012769217,"EPS_TTM":0.027904528721,"OPERATE_INCOME_QOQ":0,"NET_PROFIT_RATIO":12.3499591829,"ROE_AVG":11.221062393269,"GROSS_PROFIT_QOQ":0,"ROA":7.234493997382,"HOLDER_PROFIT_QOQ":0,"ROE_YEARLY":11.221062393269,"ROIC_YEARLY":12.508351928192,"TOTAL_ASSETS":261091000,"TOTAL_LIABILITIES":61163000,"TAX_EBT":29.901035409874,"OCF_SALES":28.356328673795,"TOTAL_PARENT_EQUITY":189962000,"DEBT_ASSET_RATIO":23.4266200031,"OPERATE_PROFIT":28855989.2328398,"PRETAX_PROFIT":27679518.6446045,"NETCASH_OPERATE":44550708.574143,"NETCASH_INVEST":-58619270.0498773,"NETCASH_FINANCE":69475100.9421265,"END_CASH":108214709.840868,"DIVI_RATIO":null,"DIVIDEND_RATE":null,"CURRENT_RATIO":4.651700407563,"COMMON_ACS":2000000000,"CURRENTDEBT_DEBT":77.370305576901,"ISSUED_COMMON_SHARES":1143550578,"HK_COMMON_SHARES":1143550578,"PER_SHARES":2000,"TOTAL_MARKET_CAP":1292212153.14,"HKSK_MARKET_CAP":1292212153.14,"PE_TTM":-10.233189154028,"PB_TTM":1.753700984418,"REPORT_DATE_SQ":"2019-12-31 00:00:00","REPORT_TYPE_SQ":"2019年年报","OPERATE_INCOME_SQ":241178302.706424,"DPS_HKD":null,"OPERATE_INCOME_QOQ_SQ":0,"NET_PROFIT_RATIO_SQ":9.398066963,"HOLDER_PROFIT_SQ":17867973.7062112,"HOLDER_PROFIT_QOQ_SQ":0,"ROE_AVG_SQ":20.074773928578,"PE_TTM_SQ":-17.485974784746,"PB_TTM_SQ":1.51164725402,"ROA_SQ":10.461405571418,"START_DATE":"2020-04-01 00:00:00","FISCAL_YEAR":"3-31","CURRENCY":"HKD","IS_CNY_CODE":0,"DPS_HKD_LY":0.025,"ORG_TYPE":"一般企业","PREMIUM_INCOME":null,"PREMIUM_INCOME_YOY":null,"NET_INTEREST_INCOME":null,"NET_INTEREST_INCOME_YOY":null,"FEE_COMMISSION_INCOME":null,"FEE_COMMISSION_INCOME_YOY":null,"ACCOUNTS_RECE_TDAYS":8.910111350575,"INVENTORY_TDAYS":1.178151227927,"CURRENT_ASSETS_TDAYS":0.903493396102,"TOTAL_ASSETS_TDAYS":0.723471273838,"PREMIUM_EXPENSE":null,"LOAN_DEPOSIT":null,"LOAN_EQUITY":null,"LOAN_ASSETS":null,"DEPOSIT_EQUITY":null,"DEPOSIT_ASSETS":null,"EQUITY_MULTIPLIER":1.305936867408,"EQUITY_RATIO":0.3219749213},{"SECUCODE":"01942.HK","SECURITY_CODE":"01942","SECURITY_NAME_ABBR":"马可数字科技","ORG_CODE":"10000055803","STD_REPORT_DATE":"2020-06-30 00:00:00","REPORT_DATE":"2020-09-30 00:00:00","DATE_TYPE_CODE":"002","REPORT_TYPE":"2020年中报","PER_NETCASH_OPERATE":0.045441735483,"PER_OI":0.155495477782,"BPS":0.164180800824,"BASIC_EPS":0.013271726308,"DILUTED_EPS":0.013271726308,"OPERATE_INCOME":77747738.8910736,"OPERATE_INCOME_YOY":-36.297121684,"GROSS_PROFIT":51917027.1333071,"GROSS_PROFIT_YOY":-35.199504969098,"HOLDER_PROFIT":6534277.10053742,"HOLDER_PROFIT_YOY":-35.3437094682,"GROSS_PROFIT_RATIO":66.776253398242,"EPS_TTM":0.035735947412,"OPERATE_INCOME_QOQ":0,"NET_PROFIT_RATIO":11.7299951529,"ROE_AVG":4.65694717728,"GROSS_PROFIT_QOQ":0,"ROA":2.818225182411,"HOLDER_PROFIT_QOQ":0,"ROE_YEARLY":9.313894354561,"ROIC_YEARLY":9.482707374779,"TOTAL_ASSETS":284886616.856731,"TOTAL_LIABILITIES":85564949.5346704,"TAX_EBT":27.012850773669,"OCF_SALES":29.223830899243,"TOTAL_PARENT_EQUITY":187749049.678857,"DEBT_ASSET_RATIO":30.0347381982,"OPERATE_PROFIT":13173417.2237515,"PRETAX_PROFIT":12495084.545812,"NETCASH_OPERATE":19810918.8622362,"NETCASH_INVEST":-55839559.5753048,"NETCASH_FINANCE":90042928.2999083,"END_CASH":109326255.079303,"DIVI_RATIO":null,"DIVIDEND_RATE":null,"CURRENT_RATIO":3.438023313085,"COMMON_ACS":2000000000,"CURRENTDEBT_DEBT":81.645666577305,"ISSUED_COMMON_SHARES":1143550578,"HK_COMMON_SHARES":1143550578,"PER_SHARES":2000,"TOTAL_MARKET_CAP":1292212153.14,"HKSK_MARKET_CAP":1292212153.14,"PE_TTM":-10.233189154028,"PB_TTM":1.753700984418,"REPORT_DATE_SQ":"2019-06-30 00:00:00","REPORT_TYPE_SQ":"2019年中报","OPERATE_INCOME_SQ":126199512.06289,"DPS_HKD":null,"OPERATE_INCOME_QOQ_SQ":0,"NET_PROFIT_RATIO_SQ":10.5157877779,"HOLDER_PROFIT_SQ":10449986.4461914,"HOLDER_PROFIT_QOQ_SQ":0,"ROE_AVG_SQ":11.851054836107,"PE_TTM_SQ":-17.485974784746,"PB_TTM_SQ":1.51164725402,"ROA_SQ":5.974920445794,"START_DATE":"2020-04-01 00:00:00","FISCAL_YEAR":"3-31","CURRENCY":"HKD","IS_CNY_CODE":0,"DPS_HKD_LY":0.025,"ORG_TYPE":"一般企业","PREMIUM_INCOME":null,"PREMIUM_INCOME_YOY":null,"NET_INTEREST_INCOME":null,"NET_INTEREST_INCOME_YOY":null,"FEE_COMMISSION_INCOME":null,"FEE_COMMISSION_INCOME_YOY":null,"ACCOUNTS_RECE_TDAYS":4.585302217713,"INVENTORY_TDAYS":0.523832466648,"CURRENT_ASSETS_TDAYS":0.418096270255,"TOTAL_ASSETS_TDAYS":0.335324982775,"PREMIUM_EXPENSE":null,"LOAN_DEPOSIT":null,"LOAN_EQUITY":null,"LOAN_ASSETS":null,"DEPOSIT_EQUITY":null,"DEPOSIT_ASSETS":null,"EQUITY_MULTIPLIER":1.429280723386,"EQUITY_RATIO":0.45574105265},{"SECUCODE":"01942.HK","SECURITY_CODE":"01942","SECURITY_NAME_ABBR":"马可数字科技","ORG_CODE":"10000055803","STD_REPORT_DATE":"2019-12-31 00:00:00","REPORT_DATE":"2020-03-31 00:00:00","DATE_TYPE_CODE":"001","REPORT_TYPE":"2019年年报","PER_NETCASH_OPERATE":457600.445879711,"PER_OI":2411783.02706424,"BPS":0.081255715413,"BASIC_EPS":0.047702572005,"DILUTED_EPS":0.047702572005,"OPERATE_INCOME":241178302.706424,"OPERATE_INCOME_YOY":10.1118886353,"GROSS_PROFIT":159515105.814468,"GROSS_PROFIT_YOY":15.076583601505,"HOLDER_PROFIT":17867973.7062112,"HOLDER_PROFIT_YOY":-47.1924809844,"GROSS_PROFIT_RATIO":66.13990729035,"EPS_TTM":null,"OPERATE_INCOME_QOQ":0,"NET_PROFIT_RATIO":9.398066963,"ROE_AVG":20.074773928578,"GROSS_PROFIT_QOQ":0,"ROA":10.461405571418,"HOLDER_PROFIT_QOQ":0,"ROE_YEARLY":20.074773928578,"ROIC_YEARLY":17.018220424987,"TOTAL_ASSETS":178914151.763028,"TOTAL_LIABILITIES":74652066.2918217,"TAX_EBT":33.466461360793,"OCF_SALES":18.973532890176,"TOTAL_PARENT_EQUITY":92920020.3268692,"DEBT_ASSET_RATIO":41.7250762761,"OPERATE_PROFIT":35683490.9758537,"PRETAX_PROFIT":34067177.0240808,"NETCASH_OPERATE":45760044.5879711,"NETCASH_INVEST":-3871940.72422668,"NETCASH_FINANCE":-42058587.2825927,"END_CASH":55877579.7911578,"DIVI_RATIO":null,"DIVIDEND_RATE":null,"CURRENT_RATIO":2.203980372269,"COMMON_ACS":2000000000,"CURRENTDEBT_DEBT":80.103205972771,"ISSUED_COMMON_SHARES":1143550578,"HK_COMMON_SHARES":1143550578,"PER_SHARES":2000,"TOTAL_MARKET_CAP":1292212153.14,"HKSK_MARKET_CAP":1292212153.14,"PE_TTM":-10.233189154028,"PB_TTM":1.753700984418,"REPORT_DATE_SQ":"2018-12-31 00:00:00","REPORT_TYPE_SQ":"2018年年报","OPERATE_INCOME_SQ":220596004.622751,"DPS_HKD":null,"OPERATE_INCOME_QOQ_SQ":0,"NET_PROFIT_RATIO_SQ":17.0272798713,"HOLDER_PROFIT_SQ":34077926.3661879,"HOLDER_PROFIT_QOQ_SQ":0,"ROE_AVG_SQ":42.943483371649,"PE_TTM_SQ":-17.485974784746,"PB_TTM_SQ":1.51164725402,"ROA_SQ":21.115788504524,"START_DATE":"2019-04-01 00:00:00","FISCAL_YEAR":"3-31","CURRENCY":"HKD","IS_CNY_CODE":0,"DPS_HKD_LY":null,"ORG_TYPE":"一般企业","PREMIUM_INCOME":null,"PREMIUM_INCOME_YOY":null,"NET_INTEREST_INCOME":null,"NET_INTEREST_INCOME_YOY":null,"FEE_COMMISSION_INCOME":null,"FEE_COMMISSION_INCOME_YOY":null,"ACCOUNTS_RECE_TDAYS":16.344609231795,"INVENTORY_TDAYS":1.825835181147,"CURRENT_ASSETS_TDAYS":1.948895247179,"TOTAL_ASSETS_TDAYS":1.412059409267,"PREMIUM_EXPENSE":null,"LOAN_DEPOSIT":null,"LOAN_EQUITY":null,"LOAN_ASSETS":null,"DEPOSIT_EQUITY":null,"DEPOSIT_ASSETS":null,"EQUITY_MULTIPLIER":1.716003962078,"EQUITY_RATIO":0.80340131254}],"count":14},"success":true,"message":"ok","code":0}