{"version":"e3d9bf614d884a2be3ee0fefb5043c5e","result":{"pages":2,"data":[{"SECUCODE":"01941.HK","SECURITY_CODE":"01941","SECURITY_NAME_ABBR":"烨星集团","ORG_CODE":"10000043859","STD_REPORT_DATE":"2024-06-30 00:00:00","REPORT_DATE":"2024-06-30 00:00:00","DATE_TYPE_CODE":"002","REPORT_TYPE":"2024年中报","PER_NETCASH_OPERATE":-0.008716784683,"PER_OI":0.461019960031,"BPS":0.595978386914,"BASIC_EPS":0.0164,"DILUTED_EPS":null,"OPERATE_INCOME":186856000,"OPERATE_INCOME_YOY":9.4466051263,"GROSS_PROFIT":41067000,"GROSS_PROFIT_YOY":-12.884750005303,"HOLDER_PROFIT":6638000,"HOLDER_PROFIT_YOY":-50.224955009,"GROSS_PROFIT_RATIO":21.977886714904,"EPS_TTM":-0.051185512324,"OPERATE_INCOME_QOQ":4.724008142822,"NET_PROFIT_RATIO":3.5995633001,"ROE_AVG":2.786301036363,"GROSS_PROFIT_QOQ":-9.845525424278,"ROA":1.46245760294,"HOLDER_PROFIT_QOQ":-47.679384965831,"ROE_YEARLY":5.572602072726,"ROIC_YEARLY":4.219499133121,"TOTAL_ASSETS":468303000,"TOTAL_LIABILITIES":225673000,"TAX_EBT":35.72861920688,"OCF_SALES":-1.89076079976,"TOTAL_PARENT_EQUITY":241556000,"DEBT_ASSET_RATIO":48.1895268662,"OPERATE_PROFIT":10465000,"PRETAX_PROFIT":10465000,"NETCASH_OPERATE":-3533000,"NETCASH_INVEST":-236000,"NETCASH_FINANCE":-35000,"END_CASH":136398000,"DIVI_RATIO":null,"DIVIDEND_RATE":null,"CURRENT_RATIO":1.502860091074,"COMMON_ACS":500000000,"CURRENTDEBT_DEBT":98.769015345212,"ISSUED_COMMON_SHARES":405310000,"HK_COMMON_SHARES":405310000,"PER_SHARES":2000,"TOTAL_MARKET_CAP":76198280,"HKSK_MARKET_CAP":76198280,"PE_TTM":-3.357759648621,"PB_TTM":0.287902789376,"REPORT_DATE_SQ":"2023-06-30 00:00:00","REPORT_TYPE_SQ":"2023年中报","OPERATE_INCOME_SQ":170728000,"DPS_HKD":null,"OPERATE_INCOME_QOQ_SQ":-0.413102841938,"NET_PROFIT_RATIO_SQ":7.8165268732,"HOLDER_PROFIT_SQ":13336000,"HOLDER_PROFIT_QOQ_SQ":7.811747481169,"ROE_AVG_SQ":6.095398285098,"PE_TTM_SQ":-1.301472123376,"PB_TTM_SQ":0.290058148441,"ROA_SQ":3.081099501539,"START_DATE":"2024-01-01 00:00:00","FISCAL_YEAR":"12-31","CURRENCY":"HKD","IS_CNY_CODE":0,"DPS_HKD_LY":null,"ORG_TYPE":"一般企业","PREMIUM_INCOME":null,"PREMIUM_INCOME_YOY":null,"NET_INTEREST_INCOME":null,"NET_INTEREST_INCOME_YOY":null,"FEE_COMMISSION_INCOME":null,"FEE_COMMISSION_INCOME_YOY":null,"ACCOUNTS_RECE_TDAYS":1.638793024061,"INVENTORY_TDAYS":18.760648565178,"CURRENT_ASSETS_TDAYS":0.585498527292,"TOTAL_ASSETS_TDAYS":0.411673663536,"PREMIUM_EXPENSE":null,"LOAN_DEPOSIT":null,"LOAN_EQUITY":null,"LOAN_ASSETS":null,"DEPOSIT_EQUITY":null,"DEPOSIT_ASSETS":null,"EQUITY_MULTIPLIER":1.930111692703,"EQUITY_RATIO":0.9342471311},{"SECUCODE":"01941.HK","SECURITY_CODE":"01941","SECURITY_NAME_ABBR":"烨星集团","ORG_CODE":"10000043859","STD_REPORT_DATE":"2023-12-31 00:00:00","REPORT_DATE":"2023-12-31 00:00:00","DATE_TYPE_CODE":"001","REPORT_TYPE":"2023年年报","PER_NETCASH_OPERATE":0.008766129629,"PER_OI":0.842330561792,"BPS":0.579600799388,"BASIC_EPS":-0.0347,"DILUTED_EPS":null,"OPERATE_INCOME":341405000,"OPERATE_INCOME_YOY":-0.6093194138,"GROSS_PROFIT":61693000,"GROSS_PROFIT_YOY":-7.952493919998,"HOLDER_PROFIT":-14048000,"HOLDER_PROFIT_YOY":72.9372555819,"GROSS_PROFIT_RATIO":18.070327030946,"EPS_TTM":-0.034659889961,"OPERATE_INCOME_QOQ":-0.197030510496,"NET_PROFIT_RATIO":-4.0263030711,"ROE_AVG":-6.284924324107,"GROSS_PROFIT_QOQ":-5.201450567012,"ROA":-3.28325174674,"HOLDER_PROFIT_QOQ":70.644042295315,"ROE_YEARLY":-6.284924324107,"ROIC_YEARLY":-4.854030109637,"TOTAL_ASSETS":439484000,"TOTAL_LIABILITIES":203610000,"TAX_EBT":2.198505869797,"OCF_SALES":1.040699462515,"TOTAL_PARENT_EQUITY":234918000,"DEBT_ASSET_RATIO":46.3293316708,"OPERATE_PROFIT":-14047000,"PRETAX_PROFIT":-14055000,"NETCASH_OPERATE":3553000,"NETCASH_INVEST":1217000,"NETCASH_FINANCE":-68000,"END_CASH":140090000,"DIVI_RATIO":null,"DIVIDEND_RATE":null,"CURRENT_RATIO":1.51269557064,"COMMON_ACS":500000000,"CURRENTDEBT_DEBT":98.474043514562,"ISSUED_COMMON_SHARES":405310000,"HK_COMMON_SHARES":405310000,"PER_SHARES":2000,"TOTAL_MARKET_CAP":70523940,"HKSK_MARKET_CAP":70523940,"PE_TTM":-3.107713717341,"PB_TTM":0.266463219954,"REPORT_DATE_SQ":"2022-12-31 00:00:00","REPORT_TYPE_SQ":"2022年年报","OPERATE_INCOME_SQ":343498000,"DPS_HKD":null,"OPERATE_INCOME_QOQ_SQ":-1.721247217565,"NET_PROFIT_RATIO_SQ":-15.1011068478,"HOLDER_PROFIT_SQ":-51909000,"HOLDER_PROFIT_QOQ_SQ":-503.427372347867,"ROE_AVG_SQ":-21.80367910045,"PE_TTM_SQ":-1.182480386382,"PB_TTM_SQ":0.263538546298,"ROA_SQ":-11.719975028815,"START_DATE":"2023-01-01 00:00:00","FISCAL_YEAR":"12-31","CURRENCY":"HKD","IS_CNY_CODE":0,"DPS_HKD_LY":null,"ORG_TYPE":"一般企业","PREMIUM_INCOME":null,"PREMIUM_INCOME_YOY":null,"NET_INTEREST_INCOME":null,"NET_INTEREST_INCOME_YOY":null,"FEE_COMMISSION_INCOME":null,"FEE_COMMISSION_INCOME_YOY":null,"ACCOUNTS_RECE_TDAYS":3.761354684823,"INVENTORY_TDAYS":null,"CURRENT_ASSETS_TDAYS":1.104098752975,"TOTAL_ASSETS_TDAYS":0.797920389092,"PREMIUM_EXPENSE":null,"LOAN_DEPOSIT":null,"LOAN_EQUITY":null,"LOAN_ASSETS":null,"DEPOSIT_EQUITY":null,"DEPOSIT_ASSETS":null,"EQUITY_MULTIPLIER":1.863215106371,"EQUITY_RATIO":0.866727964651},{"SECUCODE":"01941.HK","SECURITY_CODE":"01941","SECURITY_NAME_ABBR":"烨星集团","ORG_CODE":"10000043859","STD_REPORT_DATE":"2023-06-30 00:00:00","REPORT_DATE":"2023-06-30 00:00:00","DATE_TYPE_CODE":"002","REPORT_TYPE":"2023年中报","PER_NETCASH_OPERATE":0.042540277812,"PER_OI":0.421228195702,"BPS":0.556255705509,"BASIC_EPS":0.0329,"DILUTED_EPS":null,"OPERATE_INCOME":170728000,"OPERATE_INCOME_YOY":-0.8242955149,"GROSS_PROFIT":47141000,"GROSS_PROFIT_YOY":-3.962433280365,"HOLDER_PROFIT":13336000,"HOLDER_PROFIT_YOY":43.6914125633,"GROSS_PROFIT_RATIO":27.611756712432,"EPS_TTM":-0.118067651921,"OPERATE_INCOME_QOQ":-0.413102841938,"NET_PROFIT_RATIO":7.8165268732,"ROE_AVG":6.095398285098,"GROSS_PROFIT_QOQ":-2.901988869493,"ROA":3.081099501539,"HOLDER_PROFIT_QOQ":7.811747481169,"ROE_YEARLY":12.190796570196,"ROIC_YEARLY":9.273330656195,"TOTAL_ASSETS":449412000,"TOTAL_LIABILITIES":223293000,"TAX_EBT":19.550277308898,"OCF_SALES":10.099105009137,"TOTAL_PARENT_EQUITY":225456000,"DEBT_ASSET_RATIO":49.6855891698,"OPERATE_PROFIT":16593000,"PRETAX_PROFIT":16588000,"NETCASH_OPERATE":17242000,"NETCASH_INVEST":1151000,"NETCASH_FINANCE":-68000,"END_CASH":153888000,"DIVI_RATIO":null,"DIVIDEND_RATE":null,"CURRENT_RATIO":1.594707286575,"COMMON_ACS":500000000,"CURRENTDEBT_DEBT":98.491667898232,"ISSUED_COMMON_SHARES":405310000,"HK_COMMON_SHARES":405310000,"PER_SHARES":2000,"TOTAL_MARKET_CAP":68902700,"HKSK_MARKET_CAP":68902700,"PE_TTM":-3.03627202269,"PB_TTM":0.260337628691,"REPORT_DATE_SQ":"2022-06-30 00:00:00","REPORT_TYPE_SQ":"2022年中报","OPERATE_INCOME_SQ":172147000,"DPS_HKD":null,"OPERATE_INCOME_QOQ_SQ":3.766313964397,"NET_PROFIT_RATIO_SQ":5.4348899487,"HOLDER_PROFIT_SQ":9281000,"HOLDER_PROFIT_QOQ_SQ":-58.119324284738,"ROE_AVG_SQ":3.454430071147,"PE_TTM_SQ":-1.256850222003,"PB_TTM_SQ":0.280113297638,"ROA_SQ":1.895933069334,"START_DATE":"2023-01-01 00:00:00","FISCAL_YEAR":"12-31","CURRENCY":"HKD","IS_CNY_CODE":0,"DPS_HKD_LY":null,"ORG_TYPE":"一般企业","PREMIUM_INCOME":null,"PREMIUM_INCOME_YOY":null,"NET_INTEREST_INCOME":null,"NET_INTEREST_INCOME_YOY":null,"FEE_COMMISSION_INCOME":null,"FEE_COMMISSION_INCOME_YOY":null,"ACCOUNTS_RECE_TDAYS":1.727412998497,"INVENTORY_TDAYS":21.636379551821,"CURRENT_ASSETS_TDAYS":0.512813735267,"TOTAL_ASSETS_TDAYS":0.394443578058,"PREMIUM_EXPENSE":null,"LOAN_DEPOSIT":null,"LOAN_EQUITY":null,"LOAN_ASSETS":null,"DEPOSIT_EQUITY":null,"DEPOSIT_ASSETS":null,"EQUITY_MULTIPLIER":1.987502155943,"EQUITY_RATIO":0.990406110283},{"SECUCODE":"01941.HK","SECURITY_CODE":"01941","SECURITY_NAME_ABBR":"烨星集团","ORG_CODE":"10000043859","STD_REPORT_DATE":"2022-12-31 00:00:00","REPORT_DATE":"2022-12-31 00:00:00","DATE_TYPE_CODE":"001","REPORT_TYPE":"2022年年报","PER_NETCASH_OPERATE":-0.058589721448,"PER_OI":0.847494510375,"BPS":0.523352495621,"BASIC_EPS":-0.1281,"DILUTED_EPS":null,"OPERATE_INCOME":343498000,"OPERATE_INCOME_YOY":1.9802391725,"GROSS_PROFIT":67023000,"GROSS_PROFIT_YOY":-25.222581724869,"HOLDER_PROFIT":-51909000,"HOLDER_PROFIT_YOY":-268.9581095596,"GROSS_PROFIT_RATIO":19.511903999441,"EPS_TTM":-0.128072339691,"OPERATE_INCOME_QOQ":-1.721247217565,"NET_PROFIT_RATIO":-15.1011068478,"ROE_AVG":-21.80367910045,"GROSS_PROFIT_QOQ":-22.578521179637,"ROA":-11.719975028815,"HOLDER_PROFIT_QOQ":-503.427372347867,"ROE_YEARLY":-21.80367910045,"ROIC_YEARLY":-17.829903360818,"TOTAL_ASSETS":416253000,"TOTAL_LIABILITIES":203479000,"TAX_EBT":7.406151264704,"OCF_SALES":-6.913286249119,"TOTAL_PARENT_EQUITY":212120000,"DEBT_ASSET_RATIO":48.8834915304,"OPERATE_PROFIT":-55982000,"PRETAX_PROFIT":-56021000,"NETCASH_OPERATE":-23747000,"NETCASH_INVEST":-8721000,"NETCASH_FINANCE":-567000,"END_CASH":135219000,"DIVI_RATIO":null,"DIVIDEND_RATE":null,"CURRENT_RATIO":1.577355657332,"COMMON_ACS":500000000,"CURRENTDEBT_DEBT":98.18457924405,"ISSUED_COMMON_SHARES":405310000,"HK_COMMON_SHARES":405310000,"PER_SHARES":2000,"TOTAL_MARKET_CAP":70523940,"HKSK_MARKET_CAP":70523940,"PE_TTM":-3.107713717341,"PB_TTM":0.266463219954,"REPORT_DATE_SQ":"2021-12-31 00:00:00","REPORT_TYPE_SQ":"2021年年报","OPERATE_INCOME_SQ":336828000,"DPS_HKD":null,"OPERATE_INCOME_QOQ_SQ":19.847569979398,"NET_PROFIT_RATIO_SQ":9.2649660955,"HOLDER_PROFIT_SQ":30723000,"HOLDER_PROFIT_QOQ_SQ":72.678732014388,"ROE_AVG_SQ":12.355052429449,"PE_TTM_SQ":-1.182480386382,"PB_TTM_SQ":0.263538546298,"ROA_SQ":6.847350421064,"START_DATE":"2022-01-01 00:00:00","FISCAL_YEAR":"12-31","CURRENCY":"HKD","IS_CNY_CODE":0,"DPS_HKD_LY":null,"ORG_TYPE":"一般企业","PREMIUM_INCOME":null,"PREMIUM_INCOME_YOY":null,"NET_INTEREST_INCOME":null,"NET_INTEREST_INCOME_YOY":null,"FEE_COMMISSION_INCOME":null,"FEE_COMMISSION_INCOME_YOY":null,"ACCOUNTS_RECE_TDAYS":3.519050107058,"INVENTORY_TDAYS":null,"CURRENT_ASSETS_TDAYS":0.985191919945,"TOTAL_ASSETS_TDAYS":0.775547204232,"PREMIUM_EXPENSE":null,"LOAN_DEPOSIT":null,"LOAN_EQUITY":null,"LOAN_ASSETS":null,"DEPOSIT_EQUITY":null,"DEPOSIT_ASSETS":null,"EQUITY_MULTIPLIER":1.956315151288,"EQUITY_RATIO":0.959263624364},{"SECUCODE":"01941.HK","SECURITY_CODE":"01941","SECURITY_NAME_ABBR":"烨星集团","ORG_CODE":"10000043859","STD_REPORT_DATE":"2022-06-30 00:00:00","REPORT_DATE":"2022-06-30 00:00:00","DATE_TYPE_CODE":"002","REPORT_TYPE":"2022年中报","PER_NETCASH_OPERATE":-0.006629493474,"PER_OI":0.42472921961,"BPS":0.67432335743,"BASIC_EPS":0.0229,"DILUTED_EPS":null,"OPERATE_INCOME":172147000,"OPERATE_INCOME_YOY":7.9555502599,"GROSS_PROFIT":49086000,"GROSS_PROFIT_YOY":-5.869944579746,"HOLDER_PROFIT":9281000,"HOLDER_PROFIT_YOY":-65.7994619892,"GROSS_PROFIT_RATIO":28.514002567573,"EPS_TTM":0.031746070909,"OPERATE_INCOME_QOQ":3.766313964397,"NET_PROFIT_RATIO":5.4348899487,"ROE_AVG":3.454430071147,"GROSS_PROFIT_QOQ":-3.415151177061,"ROA":1.895933069334,"HOLDER_PROFIT_QOQ":-58.119324284738,"ROE_YEARLY":6.908860142294,"ROIC_YEARLY":5.782752679998,"TOTAL_ASSETS":509475000,"TOTAL_LIABILITIES":235474000,"TAX_EBT":19.330919123987,"OCF_SALES":-1.560875298437,"TOTAL_PARENT_EQUITY":273310000,"DEBT_ASSET_RATIO":46.2189508808,"OPERATE_PROFIT":11605000,"PRETAX_PROFIT":11598000,"NETCASH_OPERATE":-2687000,"NETCASH_INVEST":3717000,"NETCASH_FINANCE":-84000,"END_CASH":168695000,"DIVI_RATIO":null,"DIVIDEND_RATE":null,"CURRENT_RATIO":1.78498557385,"COMMON_ACS":500000000,"CURRENTDEBT_DEBT":98.322532423962,"ISSUED_COMMON_SHARES":405310000,"HK_COMMON_SHARES":405310000,"PER_SHARES":2000,"TOTAL_MARKET_CAP":68902700,"HKSK_MARKET_CAP":68902700,"PE_TTM":-3.03627202269,"PB_TTM":0.260337628691,"REPORT_DATE_SQ":"2021-06-30 00:00:00","REPORT_TYPE_SQ":"2021年中报","OPERATE_INCOME_SQ":159461000,"DPS_HKD":null,"OPERATE_INCOME_QOQ_SQ":7.514010826113,"NET_PROFIT_RATIO_SQ":17.0637334521,"HOLDER_PROFIT_SQ":27137000,"HOLDER_PROFIT_QOQ_SQ":-14.073215493094,"ROE_AVG_SQ":10.992224794379,"PE_TTM_SQ":-1.256850222003,"PB_TTM_SQ":0.280113297638,"ROA_SQ":6.054075519221,"START_DATE":"2022-01-01 00:00:00","FISCAL_YEAR":"12-31","CURRENCY":"HKD","IS_CNY_CODE":0,"DPS_HKD_LY":null,"ORG_TYPE":"一般企业","PREMIUM_INCOME":null,"PREMIUM_INCOME_YOY":null,"NET_INTEREST_INCOME":null,"NET_INTEREST_INCOME_YOY":null,"FEE_COMMISSION_INCOME":null,"FEE_COMMISSION_INCOME_YOY":null,"ACCOUNTS_RECE_TDAYS":1.391188045999,"INVENTORY_TDAYS":16.553806833468,"CURRENT_ASSETS_TDAYS":0.432825407282,"TOTAL_ASSETS_TDAYS":0.351663818647,"PREMIUM_EXPENSE":null,"LOAN_DEPOSIT":null,"LOAN_EQUITY":null,"LOAN_ASSETS":null,"DEPOSIT_EQUITY":null,"DEPOSIT_ASSETS":null,"EQUITY_MULTIPLIER":1.85939102412,"EQUITY_RATIO":0.861563792031},{"SECUCODE":"01941.HK","SECURITY_CODE":"01941","SECURITY_NAME_ABBR":"烨星集团","ORG_CODE":"10000043859","STD_REPORT_DATE":"2021-12-31 00:00:00","REPORT_DATE":"2021-12-31 00:00:00","DATE_TYPE_CODE":"001","REPORT_TYPE":"2021年年报","PER_NETCASH_OPERATE":-0.0940317288,"PER_OI":0.831037970936,"BPS":0.651424835311,"BASIC_EPS":0.0758,"DILUTED_EPS":null,"OPERATE_INCOME":336828000,"OPERATE_INCOME_YOY":28.8529293625,"GROSS_PROFIT":89630000,"GROSS_PROFIT_YOY":41.198525473392,"HOLDER_PROFIT":30723000,"HOLDER_PROFIT_YOY":48.3772819473,"GROSS_PROFIT_RATIO":26.61002054461,"EPS_TTM":0.075801238558,"OPERATE_INCOME_QOQ":19.847569979398,"NET_PROFIT_RATIO":9.2649660955,"ROE_AVG":12.355052429449,"GROSS_PROFIT_QOQ":46.77802341767,"ROA":6.847350421064,"HOLDER_PROFIT_QOQ":72.678732014388,"ROE_YEARLY":12.355052429449,"ROIC_YEARLY":13.595631413817,"TOTAL_ASSETS":469568000,"TOTAL_LIABILITIES":204999000,"TAX_EBT":29.352772055328,"OCF_SALES":-11.314973814529,"TOTAL_PARENT_EQUITY":264029000,"DEBT_ASSET_RATIO":43.6569357367,"OPERATE_PROFIT":44238000,"PRETAX_PROFIT":44173000,"NETCASH_OPERATE":-38112000,"NETCASH_INVEST":-70005000,"NETCASH_FINANCE":-1873000,"END_CASH":167139000,"DIVI_RATIO":null,"DIVIDEND_RATE":null,"CURRENT_RATIO":1.889494786697,"COMMON_ACS":500000000,"CURRENTDEBT_DEBT":98.669261801277,"ISSUED_COMMON_SHARES":405310000,"HK_COMMON_SHARES":405310000,"PER_SHARES":2000,"TOTAL_MARKET_CAP":70523940,"HKSK_MARKET_CAP":70523940,"PE_TTM":-3.107713717341,"PB_TTM":0.266463219954,"REPORT_DATE_SQ":"2020-12-31 00:00:00","REPORT_TYPE_SQ":"2020年年报","OPERATE_INCOME_SQ":261405000,"DPS_HKD":null,"OPERATE_INCOME_QOQ_SQ":-7.437112263109,"NET_PROFIT_RATIO_SQ":7.9424647578,"HOLDER_PROFIT_SQ":20706000,"HOLDER_PROFIT_QOQ_SQ":-51.830828641883,"ROE_AVG_SQ":13.386043113842,"PE_TTM_SQ":-1.182480386382,"PB_TTM_SQ":0.263538546298,"ROA_SQ":6.133184836762,"START_DATE":"2021-01-01 00:00:00","FISCAL_YEAR":"12-31","CURRENCY":"HKD","IS_CNY_CODE":0,"DPS_HKD_LY":null,"ORG_TYPE":"一般企业","PREMIUM_INCOME":null,"PREMIUM_INCOME_YOY":null,"NET_INTEREST_INCOME":null,"NET_INTEREST_INCOME_YOY":null,"FEE_COMMISSION_INCOME":null,"FEE_COMMISSION_INCOME_YOY":null,"ACCOUNTS_RECE_TDAYS":4.61341861787,"INVENTORY_TDAYS":null,"CURRENT_ASSETS_TDAYS":0.857326118275,"TOTAL_ASSETS_TDAYS":0.750701216556,"PREMIUM_EXPENSE":null,"LOAN_DEPOSIT":null,"LOAN_EQUITY":null,"LOAN_ASSETS":null,"DEPOSIT_EQUITY":null,"DEPOSIT_ASSETS":null,"EQUITY_MULTIPLIER":1.774841345737,"EQUITY_RATIO":0.776426074408},{"SECUCODE":"01941.HK","SECURITY_CODE":"01941","SECURITY_NAME_ABBR":"烨星集团","ORG_CODE":"10000043859","STD_REPORT_DATE":"2021-06-30 00:00:00","REPORT_DATE":"2021-06-30 00:00:00","DATE_TYPE_CODE":"002","REPORT_TYPE":"2021年中报","PER_NETCASH_OPERATE":-0.001662924675,"PER_OI":0.393429720461,"BPS":0.642577286521,"BASIC_EPS":0.067,"DILUTED_EPS":null,"OPERATE_INCOME":159461000,"OPERATE_INCOME_YOY":14.0481622669,"GROSS_PROFIT":52147000,"GROSS_PROFIT_YOY":-4.422653958944,"HOLDER_PROFIT":27137000,"HOLDER_PROFIT_YOY":-9.6968486906,"GROSS_PROFIT_RATIO":32.702039997241,"EPS_TTM":0.043897263823,"OPERATE_INCOME_QOQ":7.514010826113,"NET_PROFIT_RATIO":17.0637334521,"ROE_AVG":10.992224794379,"GROSS_PROFIT_QOQ":-3.801316991714,"ROA":6.054075519221,"HOLDER_PROFIT_QOQ":-14.073215493094,"ROE_YEARLY":21.984449588759,"ROIC_YEARLY":28.723088973094,"TOTAL_ASSETS":468686000,"TOTAL_LIABILITIES":208114000,"TAX_EBT":22.874149659864,"OCF_SALES":-0.422673882642,"TOTAL_PARENT_EQUITY":260443000,"DEBT_ASSET_RATIO":44.4037159207,"OPERATE_PROFIT":35331000,"PRETAX_PROFIT":35280000,"NETCASH_OPERATE":-674000,"NETCASH_INVEST":-35620000,"NETCASH_FINANCE":-516000,"END_CASH":240710000,"DIVI_RATIO":null,"DIVIDEND_RATE":null,"CURRENT_RATIO":2.143469785575,"COMMON_ACS":500000000,"CURRENTDEBT_DEBT":99.832303449071,"ISSUED_COMMON_SHARES":405310000,"HK_COMMON_SHARES":405310000,"PER_SHARES":2000,"TOTAL_MARKET_CAP":68902700,"HKSK_MARKET_CAP":68902700,"PE_TTM":-3.03627202269,"PB_TTM":0.260337628691,"REPORT_DATE_SQ":"2020-06-30 00:00:00","REPORT_TYPE_SQ":"2020年中报","OPERATE_INCOME_SQ":139819000,"DPS_HKD":null,"OPERATE_INCOME_QOQ_SQ":3.226844067549,"NET_PROFIT_RATIO_SQ":21.4927871033,"HOLDER_PROFIT_SQ":30051000,"HOLDER_PROFIT_QOQ_SQ":66.110209444316,"ROE_AVG_SQ":18.857777554658,"PE_TTM_SQ":-1.256850222003,"PB_TTM_SQ":0.280113297638,"ROA_SQ":8.947997635782,"START_DATE":"2021-01-01 00:00:00","FISCAL_YEAR":"12-31","CURRENCY":"HKD","IS_CNY_CODE":0,"DPS_HKD_LY":null,"ORG_TYPE":"一般企业","PREMIUM_INCOME":null,"PREMIUM_INCOME_YOY":null,"NET_INTEREST_INCOME":null,"NET_INTEREST_INCOME_YOY":null,"FEE_COMMISSION_INCOME":null,"FEE_COMMISSION_INCOME_YOY":null,"ACCOUNTS_RECE_TDAYS":3.384146859083,"INVENTORY_TDAYS":null,"CURRENT_ASSETS_TDAYS":0.375683227472,"TOTAL_ASSETS_TDAYS":0.355746374459,"PREMIUM_EXPENSE":null,"LOAN_DEPOSIT":null,"LOAN_EQUITY":null,"LOAN_ASSETS":null,"DEPOSIT_EQUITY":null,"DEPOSIT_ASSETS":null,"EQUITY_MULTIPLIER":1.798681362542,"EQUITY_RATIO":0.799076957338},{"SECUCODE":"01941.HK","SECURITY_CODE":"01941","SECURITY_NAME_ABBR":"烨星集团","ORG_CODE":"10000043859","STD_REPORT_DATE":"2020-12-31 00:00:00","REPORT_DATE":"2020-12-31 00:00:00","DATE_TYPE_CODE":"001","REPORT_TYPE":"2020年年报","PER_NETCASH_OPERATE":0.044691717451,"PER_OI":0.644950778417,"BPS":0.575623596753,"BASIC_EPS":0.054,"DILUTED_EPS":null,"OPERATE_INCOME":261405000,"OPERATE_INCOME_YOY":-4.4502522114,"GROSS_PROFIT":63478000,"GROSS_PROFIT_YOY":-32.811160388243,"HOLDER_PROFIT":20706000,"HOLDER_PROFIT_YOY":-19.9860885694,"GROSS_PROFIT_RATIO":24.283391671927,"EPS_TTM":0.051086822432,"OPERATE_INCOME_QOQ":-7.437112263109,"NET_PROFIT_RATIO":7.9424647578,"ROE_AVG":13.386043113842,"GROSS_PROFIT_QOQ":-37.39348272053,"ROA":6.133184836762,"HOLDER_PROFIT_QOQ":-51.830828641883,"ROE_YEARLY":13.386043113842,"ROIC_YEARLY":11.204030117662,"TOTAL_ASSETS":427801000,"TOTAL_LIABILITIES":194439000,"TAX_EBT":34.839782820199,"OCF_SALES":6.929477247949,"TOTAL_PARENT_EQUITY":233306000,"DEBT_ASSET_RATIO":45.4508053978,"OPERATE_PROFIT":31972000,"PRETAX_PROFIT":31863000,"NETCASH_OPERATE":18114000,"NETCASH_INVEST":100358000,"NETCASH_FINANCE":132561000,"END_CASH":277680000,"DIVI_RATIO":null,"DIVIDEND_RATE":null,"CURRENT_RATIO":2.075752354403,"COMMON_ACS":500000000,"CURRENTDEBT_DEBT":99.991771198165,"ISSUED_COMMON_SHARES":405310000,"HK_COMMON_SHARES":405310000,"PER_SHARES":2000,"TOTAL_MARKET_CAP":70523940,"HKSK_MARKET_CAP":70523940,"PE_TTM":-3.107713717341,"PB_TTM":0.266463219954,"REPORT_DATE_SQ":"2019-12-31 00:00:00","REPORT_TYPE_SQ":"2019年年报","OPERATE_INCOME_SQ":273580000,"DPS_HKD":null,"OPERATE_INCOME_QOQ_SQ":8.919208367008,"NET_PROFIT_RATIO_SQ":9.4590247825,"HOLDER_PROFIT_SQ":25878000,"HOLDER_PROFIT_QOQ_SQ":-29.945858148349,"ROE_AVG_SQ":31.623519060509,"PE_TTM_SQ":-1.182480386382,"PB_TTM_SQ":0.263538546298,"ROA_SQ":10.193747377999,"START_DATE":"2020-01-01 00:00:00","FISCAL_YEAR":"12-31","CURRENCY":"HKD","IS_CNY_CODE":0,"DPS_HKD_LY":null,"ORG_TYPE":"一般企业","PREMIUM_INCOME":null,"PREMIUM_INCOME_YOY":null,"NET_INTEREST_INCOME":null,"NET_INTEREST_INCOME_YOY":null,"FEE_COMMISSION_INCOME":null,"FEE_COMMISSION_INCOME_YOY":null,"ACCOUNTS_RECE_TDAYS":7.670672124653,"INVENTORY_TDAYS":null,"CURRENT_ASSETS_TDAYS":0.817087236616,"TOTAL_ASSETS_TDAYS":0.774290148872,"PREMIUM_EXPENSE":null,"LOAN_DEPOSIT":null,"LOAN_EQUITY":null,"LOAN_ASSETS":null,"DEPOSIT_EQUITY":null,"DEPOSIT_ASSETS":null,"EQUITY_MULTIPLIER":1.833207634489,"EQUITY_RATIO":0.833407627751},{"SECUCODE":"01941.HK","SECURITY_CODE":"01941","SECURITY_NAME_ABBR":"烨星集团","ORG_CODE":"10000043859","STD_REPORT_DATE":"2020-06-30 00:00:00","REPORT_DATE":"2020-06-30 00:00:00","DATE_TYPE_CODE":"002","REPORT_TYPE":"2020年中报","PER_NETCASH_OPERATE":-0.080873898991,"PER_OI":0.344968049148,"BPS":0.598680022699,"BASIC_EPS":0.0828,"DILUTED_EPS":null,"OPERATE_INCOME":139819000,"OPERATE_INCOME_YOY":6.7393943095,"GROSS_PROFIT":54560000,"GROSS_PROFIT_YOY":14.513590093399,"HOLDER_PROFIT":30051000,"HOLDER_PROFIT_YOY":132.179556517,"GROSS_PROFIT_RATIO":39.021878285498,"EPS_TTM":0.106057092102,"OPERATE_INCOME_QOQ":3.226844067549,"NET_PROFIT_RATIO":21.4927871033,"ROE_AVG":18.857777554658,"GROSS_PROFIT_QOQ":7.319241720207,"ROA":8.947997635782,"HOLDER_PROFIT_QOQ":66.110209444316,"ROE_YEARLY":37.715555109315,"ROIC_YEARLY":24.244844612257,"TOTAL_ASSETS":424270000,"TOTAL_LIABILITIES":181619000,"TAX_EBT":23.208034139984,"OCF_SALES":-23.443881017601,"TOTAL_PARENT_EQUITY":242651000,"DEBT_ASSET_RATIO":42.8074103755,"OPERATE_PROFIT":39187000,"PRETAX_PROFIT":39133000,"NETCASH_OPERATE":-32779000,"NETCASH_INVEST":153000,"NETCASH_FINANCE":152790000,"END_CASH":148030000,"DIVI_RATIO":null,"DIVIDEND_RATE":null,"CURRENT_RATIO":2.309332529959,"COMMON_ACS":500000000,"CURRENTDEBT_DEBT":98.692317433749,"ISSUED_COMMON_SHARES":405310000,"HK_COMMON_SHARES":405310000,"PER_SHARES":2000,"TOTAL_MARKET_CAP":68902700,"HKSK_MARKET_CAP":68902700,"PE_TTM":-3.03627202269,"PB_TTM":0.260337628691,"REPORT_DATE_SQ":"2019-06-30 00:00:00","REPORT_TYPE_SQ":"2019年中报","OPERATE_INCOME_SQ":130991000,"DPS_HKD":null,"OPERATE_INCOME_QOQ_SQ":0,"NET_PROFIT_RATIO_SQ":9.8808315075,"HOLDER_PROFIT_SQ":12943000,"HOLDER_PROFIT_QOQ_SQ":0,"ROE_AVG_SQ":null,"PE_TTM_SQ":-1.256850222003,"PB_TTM_SQ":0.280113297638,"ROA_SQ":null,"START_DATE":"2020-01-01 00:00:00","FISCAL_YEAR":"12-31","CURRENCY":"HKD","IS_CNY_CODE":0,"DPS_HKD_LY":null,"ORG_TYPE":"一般企业","PREMIUM_INCOME":null,"PREMIUM_INCOME_YOY":null,"NET_INTEREST_INCOME":null,"NET_INTEREST_INCOME_YOY":null,"FEE_COMMISSION_INCOME":null,"FEE_COMMISSION_INCOME_YOY":null,"ACCOUNTS_RECE_TDAYS":3.661189593998,"INVENTORY_TDAYS":null,"CURRENT_ASSETS_TDAYS":0.430076006681,"TOTAL_ASSETS_TDAYS":0.416325606947,"PREMIUM_EXPENSE":null,"LOAN_DEPOSIT":null,"LOAN_EQUITY":null,"LOAN_ASSETS":null,"DEPOSIT_EQUITY":null,"DEPOSIT_ASSETS":null,"EQUITY_MULTIPLIER":1.748478267142,"EQUITY_RATIO":0.748478267141}],"count":14},"success":true,"message":"ok","code":0}