{"version":"9e1e4ed44016b472ce6ede8a9f3ed4c0","result":{"pages":2,"data":[{"SECUCODE":"01948.HK","SECURITY_CODE":"01948","SECURITY_NAME_ABBR":"优矩控股","ORG_CODE":"10000189890","STD_REPORT_DATE":"2024-06-30 00:00:00","REPORT_DATE":"2024-06-30 00:00:00","DATE_TYPE_CODE":"002","REPORT_TYPE":"2024年中报","PER_NETCASH_OPERATE":-0.401055,"PER_OI":6.44523,"BPS":2.334626666667,"BASIC_EPS":0.07,"DILUTED_EPS":0.07,"OPERATE_INCOME":3867138000,"OPERATE_INCOME_YOY":7.1252212305,"GROSS_PROFIT":150820000,"GROSS_PROFIT_YOY":0.245262577185,"HOLDER_PROFIT":43414000,"HOLDER_PROFIT_YOY":3.6900809668,"GROSS_PROFIT_RATIO":3.900041839727,"EPS_TTM":0.153508333333,"OPERATE_INCOME_QOQ":3.635033403754,"NET_PROFIT_RATIO":1.1158898389,"ROE_AVG":3.119261045377,"GROSS_PROFIT_QOQ":0.129012859331,"ROA":1.166071441282,"HOLDER_PROFIT_QOQ":1.706051236749,"ROE_YEARLY":6.238522090754,"ROIC_YEARLY":2.751357926069,"TOTAL_ASSETS":4004790000,"TOTAL_LIABILITIES":2601227000,"TAX_EBT":16.839143589447,"OCF_SALES":-6.222508739021,"TOTAL_PARENT_EQUITY":1400776000,"DEBT_ASSET_RATIO":64.9528939095,"OPERATE_PROFIT":50023000,"PRETAX_PROFIT":51891000,"NETCASH_OPERATE":-240633000,"NETCASH_INVEST":-21648000,"NETCASH_FINANCE":-49435000,"END_CASH":409272000,"DIVI_RATIO":0.295169643342,"DIVIDEND_RATE":5,"CURRENT_RATIO":1.512029579305,"COMMON_ACS":10000000000,"CURRENTDEBT_DEBT":99.908389387009,"ISSUED_COMMON_SHARES":600000000,"HK_COMMON_SHARES":600000000,"PER_SHARES":1000,"TOTAL_MARKET_CAP":600000000,"HKSK_MARKET_CAP":600000000,"PE_TTM":5.877331909942,"PB_TTM":0.39093188347,"REPORT_DATE_SQ":"2023-06-30 00:00:00","REPORT_TYPE_SQ":"2023年中报","OPERATE_INCOME_SQ":3609923000,"DPS_HKD":0.05,"OPERATE_INCOME_QOQ_SQ":-7.437570394391,"NET_PROFIT_RATIO_SQ":1.159830833,"HOLDER_PROFIT_SQ":41869000,"HOLDER_PROFIT_QOQ_SQ":-68.744222083308,"ROE_AVG_SQ":3.137748343875,"PE_TTM_SQ":25.075191419727,"PB_TTM_SQ":0.555270469918,"ROA_SQ":1.114653814785,"START_DATE":"2024-01-01 00:00:00","FISCAL_YEAR":"12-31","CURRENCY":"HKD","IS_CNY_CODE":0,"DPS_HKD_LY":0.05,"ORG_TYPE":"一般企业","PREMIUM_INCOME":null,"PREMIUM_INCOME_YOY":null,"NET_INTEREST_INCOME":null,"NET_INTEREST_INCOME_YOY":null,"FEE_COMMISSION_INCOME":null,"FEE_COMMISSION_INCOME_YOY":null,"ACCOUNTS_RECE_TDAYS":1.443136678303,"INVENTORY_TDAYS":451.941870363614,"CURRENT_ASSETS_TDAYS":1.058295004462,"TOTAL_ASSETS_TDAYS":1.038687792255,"PREMIUM_EXPENSE":null,"LOAN_DEPOSIT":null,"LOAN_EQUITY":null,"LOAN_ASSETS":null,"DEPOSIT_EQUITY":null,"DEPOSIT_ASSETS":null,"EQUITY_MULTIPLIER":2.853302630516,"EQUITY_RATIO":1.856989982695},{"SECUCODE":"01948.HK","SECURITY_CODE":"01948","SECURITY_NAME_ABBR":"优矩控股","ORG_CODE":"10000189890","STD_REPORT_DATE":"2023-12-31 00:00:00","REPORT_DATE":"2023-12-31 00:00:00","DATE_TYPE_CODE":"001","REPORT_TYPE":"2023年年报","PER_NETCASH_OPERATE":1.353601666667,"PER_OI":11.793335,"BPS":2.30472,"BASIC_EPS":0.15,"DILUTED_EPS":0.15,"OPERATE_INCOME":7076001000,"OPERATE_INCOME_YOY":-15.1158537675,"GROSS_PROFIT":286018000,"GROSS_PROFIT_YOY":30.111087860399,"HOLDER_PROFIT":90560000,"HOLDER_PROFIT_YOY":-20.2669507567,"GROSS_PROFIT_RATIO":4.042085353012,"EPS_TTM":0.150933333333,"OPERATE_INCOME_QOQ":-8.295248305225,"NET_PROFIT_RATIO":1.2856414237,"ROE_AVG":6.69173110118,"GROSS_PROFIT_QOQ":84.053951441129,"ROA":2.437566955033,"HOLDER_PROFIT_QOQ":155.098591549296,"ROE_YEARLY":6.69173110118,"ROIC_YEARLY":2.821532316998,"TOTAL_ASSETS":3441409000,"TOTAL_LIABILITIES":2055529000,"TAX_EBT":22.392745327203,"OCF_SALES":11.477683510785,"TOTAL_PARENT_EQUITY":1382832000,"DEBT_ASSET_RATIO":59.7292853015,"OPERATE_PROFIT":125482000,"PRETAX_PROFIT":117221000,"NETCASH_OPERATE":812161000,"NETCASH_INVEST":-2111000,"NETCASH_FINANCE":-382109000,"END_CASH":719445000,"DIVI_RATIO":0.300205388693,"DIVIDEND_RATE":4.347826086957,"CURRENT_RATIO":1.647504932207,"COMMON_ACS":10000000000,"CURRENTDEBT_DEBT":99.770229464046,"ISSUED_COMMON_SHARES":600000000,"HK_COMMON_SHARES":600000000,"PER_SHARES":1000,"TOTAL_MARKET_CAP":690000000,"HKSK_MARKET_CAP":690000000,"PE_TTM":6.758931696434,"PB_TTM":0.449571665991,"REPORT_DATE_SQ":"2022-12-31 00:00:00","REPORT_TYPE_SQ":"2022年年报","OPERATE_INCOME_SQ":8336069000,"DPS_HKD":0.05,"OPERATE_INCOME_QOQ_SQ":-1.049359532562,"NET_PROFIT_RATIO_SQ":1.3625007183,"HOLDER_PROFIT_SQ":113579000,"HOLDER_PROFIT_QOQ_SQ":-58.733359493082,"ROE_AVG_SQ":8.882811241336,"PE_TTM_SQ":34.176557194294,"PB_TTM_SQ":0.756813084925,"ROA_SQ":3.067816824495,"START_DATE":"2023-01-01 00:00:00","FISCAL_YEAR":"12-31","CURRENCY":"HKD","IS_CNY_CODE":0,"DPS_HKD_LY":0.02,"ORG_TYPE":"一般企业","PREMIUM_INCOME":null,"PREMIUM_INCOME_YOY":null,"NET_INTEREST_INCOME":null,"NET_INTEREST_INCOME_YOY":null,"FEE_COMMISSION_INCOME":null,"FEE_COMMISSION_INCOME_YOY":null,"ACCOUNTS_RECE_TDAYS":2.87934875293,"INVENTORY_TDAYS":641.654035154035,"CURRENT_ASSETS_TDAYS":1.940310507221,"TOTAL_ASSETS_TDAYS":1.904618618748,"PREMIUM_EXPENSE":null,"LOAN_DEPOSIT":null,"LOAN_EQUITY":null,"LOAN_ASSETS":null,"DEPOSIT_EQUITY":null,"DEPOSIT_ASSETS":null,"EQUITY_MULTIPLIER":2.483194071639,"EQUITY_RATIO":1.486463286936},{"SECUCODE":"01948.HK","SECURITY_CODE":"01948","SECURITY_NAME_ABBR":"优矩控股","ORG_CODE":"10000189890","STD_REPORT_DATE":"2023-06-30 00:00:00","REPORT_DATE":"2023-06-30 00:00:00","DATE_TYPE_CODE":"002","REPORT_TYPE":"2023年中报","PER_NETCASH_OPERATE":0.745588333333,"PER_OI":6.016538333333,"BPS":2.241561666667,"BASIC_EPS":0.07,"DILUTED_EPS":0.07,"OPERATE_INCOME":3609923000,"OPERATE_INCOME_YOY":-14.6574973924,"GROSS_PROFIT":150451000,"GROSS_PROFIT_YOY":-29.983060155065,"HOLDER_PROFIT":41869000,"HOLDER_PROFIT_YOY":-65.094040751,"GROSS_PROFIT_RATIO":4.167706624213,"EPS_TTM":0.059166666667,"OPERATE_INCOME_QOQ":-7.437570394391,"NET_PROFIT_RATIO":1.159830833,"ROE_AVG":3.137748343875,"GROSS_PROFIT_QOQ":-29.308180106084,"ROA":1.114653814785,"HOLDER_PROFIT_QOQ":-68.744222083308,"ROE_YEARLY":6.275496687749,"ROIC_YEARLY":2.552167298654,"TOTAL_ASSETS":3523516000,"TOTAL_LIABILITIES":2178579000,"TAX_EBT":18.235788075849,"OCF_SALES":12.392314185095,"TOTAL_PARENT_EQUITY":1344937000,"DEBT_ASSET_RATIO":61.8296894352,"OPERATE_PROFIT":60774000,"PRETAX_PROFIT":51207000,"NETCASH_OPERATE":447353000,"NETCASH_INVEST":-492000,"NETCASH_FINANCE":-74651000,"END_CASH":661698000,"DIVI_RATIO":0.76581971831,"DIVIDEND_RATE":4.347826086957,"CURRENT_RATIO":1.588027366283,"COMMON_ACS":10000000000,"CURRENTDEBT_DEBT":99.665194606209,"ISSUED_COMMON_SHARES":600000000,"HK_COMMON_SHARES":600000000,"PER_SHARES":1000,"TOTAL_MARKET_CAP":690000000,"HKSK_MARKET_CAP":690000000,"PE_TTM":6.758931696434,"PB_TTM":0.449571665991,"REPORT_DATE_SQ":"2022-06-30 00:00:00","REPORT_TYPE_SQ":"2022年中报","OPERATE_INCOME_SQ":4229924000,"DPS_HKD":0.05,"OPERATE_INCOME_QOQ_SQ":7.435582114814,"NET_PROFIT_RATIO_SQ":2.835701067,"HOLDER_PROFIT_SQ":119948000,"HOLDER_PROFIT_QOQ_SQ":8.209521488022,"ROE_AVG_SQ":9.404931182904,"PE_TTM_SQ":34.176557194294,"PB_TTM_SQ":0.756813084925,"ROA_SQ":3.256124303227,"START_DATE":"2023-01-01 00:00:00","FISCAL_YEAR":"12-31","CURRENCY":"HKD","IS_CNY_CODE":0,"DPS_HKD_LY":0.02,"ORG_TYPE":"一般企业","PREMIUM_INCOME":null,"PREMIUM_INCOME_YOY":null,"NET_INTEREST_INCOME":null,"NET_INTEREST_INCOME_YOY":null,"FEE_COMMISSION_INCOME":null,"FEE_COMMISSION_INCOME_YOY":null,"ACCOUNTS_RECE_TDAYS":1.450842420885,"INVENTORY_TDAYS":380.412579722894,"CURRENT_ASSETS_TDAYS":0.980554190628,"TOTAL_ASSETS_TDAYS":0.961048614257,"PREMIUM_EXPENSE":null,"LOAN_DEPOSIT":null,"LOAN_EQUITY":null,"LOAN_ASSETS":null,"DEPOSIT_EQUITY":null,"DEPOSIT_ASSETS":null,"EQUITY_MULTIPLIER":2.619837211705,"EQUITY_RATIO":1.619837211706},{"SECUCODE":"01948.HK","SECURITY_CODE":"01948","SECURITY_NAME_ABBR":"优矩控股","ORG_CODE":"10000189890","STD_REPORT_DATE":"2022-12-31 00:00:00","REPORT_DATE":"2022-12-31 00:00:00","DATE_TYPE_CODE":"001","REPORT_TYPE":"2022年年报","PER_NETCASH_OPERATE":-0.364203333333,"PER_OI":13.893448333333,"BPS":2.20632,"BASIC_EPS":0.19,"DILUTED_EPS":0.19,"OPERATE_INCOME":8336069000,"OPERATE_INCOME_YOY":6.3081965925,"GROSS_PROFIT":219826000,"GROSS_PROFIT_YOY":-48.802187411206,"HOLDER_PROFIT":113579000,"HOLDER_PROFIT_YOY":-55.3455657733,"GROSS_PROFIT_RATIO":2.637046310437,"EPS_TTM":0.189298333333,"OPERATE_INCOME_QOQ":-1.049359532562,"NET_PROFIT_RATIO":1.3625007183,"ROE_AVG":8.882811241336,"GROSS_PROFIT_QOQ":-48.94321707947,"ROA":3.067816824495,"HOLDER_PROFIT_QOQ":-58.733359493082,"ROE_YEARLY":8.882811241336,"ROIC_YEARLY":3.433492353172,"TOTAL_ASSETS":3988951000,"TOTAL_LIABILITIES":2665159000,"TAX_EBT":23.642316432039,"OCF_SALES":-2.621403445677,"TOTAL_PARENT_EQUITY":1323792000,"DEBT_ASSET_RATIO":66.8135306751,"OPERATE_PROFIT":164775000,"PRETAX_PROFIT":148746000,"NETCASH_OPERATE":-218522000,"NETCASH_INVEST":-18721000,"NETCASH_FINANCE":7233000,"END_CASH":288660000,"DIVI_RATIO":0.239362910397,"DIVIDEND_RATE":4.347826086957,"CURRENT_RATIO":1.475117398134,"COMMON_ACS":10000000000,"CURRENTDEBT_DEBT":99.581413341568,"ISSUED_COMMON_SHARES":600000000,"HK_COMMON_SHARES":600000000,"PER_SHARES":1000,"TOTAL_MARKET_CAP":690000000,"HKSK_MARKET_CAP":690000000,"PE_TTM":6.758931696434,"PB_TTM":0.449571665991,"REPORT_DATE_SQ":"2021-12-31 00:00:00","REPORT_TYPE_SQ":"2021年年报","OPERATE_INCOME_SQ":7841417000,"DPS_HKD":0.05,"OPERATE_INCOME_QOQ_SQ":23.278686514302,"NET_PROFIT_RATIO_SQ":3.2436866959,"HOLDER_PROFIT_SQ":254351000,"HOLDER_PROFIT_QOQ_SQ":90.984314343853,"ROE_AVG_SQ":34.712881178282,"PE_TTM_SQ":34.176557194294,"PB_TTM_SQ":0.756813084925,"ROA_SQ":7.446748709889,"START_DATE":"2022-01-01 00:00:00","FISCAL_YEAR":"12-31","CURRENCY":"HKD","IS_CNY_CODE":0,"DPS_HKD_LY":0.1,"ORG_TYPE":"一般企业","PREMIUM_INCOME":null,"PREMIUM_INCOME_YOY":null,"NET_INTEREST_INCOME":null,"NET_INTEREST_INCOME_YOY":null,"FEE_COMMISSION_INCOME":null,"FEE_COMMISSION_INCOME_YOY":null,"ACCOUNTS_RECE_TDAYS":3.356358043456,"INVENTORY_TDAYS":777.790416866315,"CURRENT_ASSETS_TDAYS":2.292287626919,"TOTAL_ASSETS_TDAYS":2.251607491557,"PREMIUM_EXPENSE":null,"LOAN_DEPOSIT":null,"LOAN_EQUITY":null,"LOAN_ASSETS":null,"DEPOSIT_EQUITY":null,"DEPOSIT_ASSETS":null,"EQUITY_MULTIPLIER":3.013276254879,"EQUITY_RATIO":2.01327625488},{"SECUCODE":"01948.HK","SECURITY_CODE":"01948","SECURITY_NAME_ABBR":"优矩控股","ORG_CODE":"10000189890","STD_REPORT_DATE":"2022-06-30 00:00:00","REPORT_DATE":"2022-06-30 00:00:00","DATE_TYPE_CODE":"002","REPORT_TYPE":"2022年中报","PER_NETCASH_OPERATE":-0.185735,"PER_OI":7.049873333333,"BPS":2.195438333333,"BASIC_EPS":0.2,"DILUTED_EPS":0.2,"OPERATE_INCOME":4229924000,"OPERATE_INCOME_YOY":15.9878240759,"GROSS_PROFIT":214878000,"GROSS_PROFIT_YOY":0.555004398854,"HOLDER_PROFIT":119948000,"HOLDER_PROFIT_YOY":21.0776545166,"GROSS_PROFIT_RATIO":5.079949426987,"EPS_TTM":0.45872,"OPERATE_INCOME_QOQ":7.435582114814,"NET_PROFIT_RATIO":2.835701067,"ROE_AVG":9.404931182904,"GROSS_PROFIT_QOQ":0.276221219193,"ROA":3.256124303227,"HOLDER_PROFIT_QOQ":8.209521488022,"ROE_YEARLY":18.809862365809,"ROIC_YEARLY":7.359867955816,"TOTAL_ASSETS":3951934000,"TOTAL_LIABILITIES":2634671000,"TAX_EBT":20.911494563605,"OCF_SALES":-2.63458634245,"TOTAL_PARENT_EQUITY":1317263000,"DEBT_ASSET_RATIO":66.6678896965,"OPERATE_PROFIT":158647000,"PRETAX_PROFIT":151663000,"NETCASH_OPERATE":-111441000,"NETCASH_INVEST":-1289000,"NETCASH_FINANCE":-51506000,"END_CASH":348559000,"DIVI_RATIO":0.09877703174,"DIVIDEND_RATE":4.347826086957,"CURRENT_RATIO":1.479306464306,"COMMON_ACS":10000000000,"CURRENTDEBT_DEBT":99.833717378754,"ISSUED_COMMON_SHARES":600000000,"HK_COMMON_SHARES":600000000,"PER_SHARES":1000,"TOTAL_MARKET_CAP":690000000,"HKSK_MARKET_CAP":690000000,"PE_TTM":6.758931696434,"PB_TTM":0.449571665991,"REPORT_DATE_SQ":"2021-06-30 00:00:00","REPORT_TYPE_SQ":"2021年中报","OPERATE_INCOME_SQ":3646869000,"DPS_HKD":0.05,"OPERATE_INCOME_QOQ_SQ":0,"NET_PROFIT_RATIO_SQ":2.716494615,"HOLDER_PROFIT_SQ":99067000,"HOLDER_PROFIT_QOQ_SQ":0,"ROE_AVG_SQ":null,"PE_TTM_SQ":34.176557194294,"PB_TTM_SQ":0.756813084925,"ROA_SQ":null,"START_DATE":"2022-01-01 00:00:00","FISCAL_YEAR":"12-31","CURRENCY":"HKD","IS_CNY_CODE":0,"DPS_HKD_LY":0.1,"ORG_TYPE":"一般企业","PREMIUM_INCOME":null,"PREMIUM_INCOME_YOY":null,"NET_INTEREST_INCOME":null,"NET_INTEREST_INCOME_YOY":null,"FEE_COMMISSION_INCOME":null,"FEE_COMMISSION_INCOME_YOY":null,"ACCOUNTS_RECE_TDAYS":1.647397931057,"INVENTORY_TDAYS":504.022847100176,"CURRENT_ASSETS_TDAYS":1.167007095834,"TOTAL_ASSETS_TDAYS":1.148260774436,"PREMIUM_EXPENSE":null,"LOAN_DEPOSIT":null,"LOAN_EQUITY":null,"LOAN_ASSETS":null,"DEPOSIT_EQUITY":null,"DEPOSIT_ASSETS":null,"EQUITY_MULTIPLIER":3.000110076724,"EQUITY_RATIO":2.000110076727},{"SECUCODE":"01948.HK","SECURITY_CODE":"01948","SECURITY_NAME_ABBR":"优矩控股","ORG_CODE":"10000189890","STD_REPORT_DATE":"2021-12-31 00:00:00","REPORT_DATE":"2021-12-31 00:00:00","DATE_TYPE_CODE":"001","REPORT_TYPE":"2021年年报","PER_NETCASH_OPERATE":-0.516955,"PER_OI":13.069028333333,"BPS":2.055806666667,"BASIC_EPS":0.52,"DILUTED_EPS":0.52,"OPERATE_INCOME":7841417000,"OPERATE_INCOME_YOY":23.2786865143,"GROSS_PROFIT":429366000,"GROSS_PROFIT_YOY":31.957920099821,"HOLDER_PROFIT":254351000,"HOLDER_PROFIT_YOY":90.9843143439,"GROSS_PROFIT_RATIO":5.475617480871,"EPS_TTM":0.423918333333,"OPERATE_INCOME_QOQ":23.278686514302,"NET_PROFIT_RATIO":3.2436866959,"ROE_AVG":34.712881178282,"GROSS_PROFIT_QOQ":31.957920099821,"ROA":7.446748709889,"HOLDER_PROFIT_QOQ":90.984314343853,"ROE_YEARLY":34.712881178282,"ROIC_YEARLY":9.492579134994,"TOTAL_ASSETS":3415598000,"TOTAL_LIABILITIES":2182114000,"TAX_EBT":23.506219324415,"OCF_SALES":-3.955573335789,"TOTAL_PARENT_EQUITY":1233484000,"DEBT_ASSET_RATIO":63.8867337433,"OPERATE_PROFIT":356921000,"PRETAX_PROFIT":332512000,"NETCASH_OPERATE":-310173000,"NETCASH_INVEST":-3194000,"NETCASH_FINANCE":687733000,"END_CASH":499943000,"DIVI_RATIO":0.106886153386,"DIVIDEND_RATE":4.347826086957,"CURRENT_RATIO":1.542772690604,"COMMON_ACS":10000000000,"CURRENTDEBT_DEBT":99.752625206566,"ISSUED_COMMON_SHARES":600000000,"HK_COMMON_SHARES":600000000,"PER_SHARES":1000,"TOTAL_MARKET_CAP":690000000,"HKSK_MARKET_CAP":690000000,"PE_TTM":6.758931696434,"PB_TTM":0.449571665991,"REPORT_DATE_SQ":"2020-12-31 00:00:00","REPORT_TYPE_SQ":"2020年年报","OPERATE_INCOME_SQ":6360724000,"DPS_HKD":0.05,"OPERATE_INCOME_QOQ_SQ":84.323078100042,"NET_PROFIT_RATIO_SQ":2.0937710864,"HOLDER_PROFIT_SQ":133179000,"HOLDER_PROFIT_QOQ_SQ":62.583929487023,"ROE_AVG_SQ":75.433940997052,"PE_TTM_SQ":34.176557194294,"PB_TTM_SQ":0.756813084925,"ROA_SQ":null,"START_DATE":"2021-01-01 00:00:00","FISCAL_YEAR":"12-31","CURRENCY":"HKD","IS_CNY_CODE":0,"DPS_HKD_LY":null,"ORG_TYPE":"一般企业","PREMIUM_INCOME":null,"PREMIUM_INCOME_YOY":null,"NET_INTEREST_INCOME":null,"NET_INTEREST_INCOME_YOY":null,"FEE_COMMISSION_INCOME":null,"FEE_COMMISSION_INCOME_YOY":null,"ACCOUNTS_RECE_TDAYS":3.852124315653,"INVENTORY_TDAYS":null,"CURRENT_ASSETS_TDAYS":2.731794607562,"TOTAL_ASSETS_TDAYS":4.59153389831,"PREMIUM_EXPENSE":null,"LOAN_DEPOSIT":null,"LOAN_EQUITY":null,"LOAN_ASSETS":null,"DEPOSIT_EQUITY":null,"DEPOSIT_ASSETS":null,"EQUITY_MULTIPLIER":2.769065508757,"EQUITY_RATIO":1.769065508754},{"SECUCODE":"01948.HK","SECURITY_CODE":"01948","SECURITY_NAME_ABBR":"优矩控股","ORG_CODE":"10000189890","STD_REPORT_DATE":"2021-06-30 00:00:00","REPORT_DATE":"2021-06-30 00:00:00","DATE_TYPE_CODE":"002","REPORT_TYPE":"2021年中报","PER_NETCASH_OPERATE":null,"PER_OI":null,"BPS":null,"BASIC_EPS":0.21,"DILUTED_EPS":0.21,"OPERATE_INCOME":3646869000,"OPERATE_INCOME_YOY":null,"GROSS_PROFIT":213692000,"GROSS_PROFIT_YOY":null,"HOLDER_PROFIT":99067000,"HOLDER_PROFIT_YOY":null,"GROSS_PROFIT_RATIO":5.859601757014,"EPS_TTM":0.8689796571,"OPERATE_INCOME_QOQ":0,"NET_PROFIT_RATIO":2.716494615,"ROE_AVG":null,"GROSS_PROFIT_QOQ":0,"ROA":null,"HOLDER_PROFIT_QOQ":0,"ROE_YEARLY":null,"ROIC_YEARLY":null,"TOTAL_ASSETS":null,"TOTAL_LIABILITIES":null,"TAX_EBT":30.422171186167,"OCF_SALES":-5.413054321392,"TOTAL_PARENT_EQUITY":null,"DEBT_ASSET_RATIO":null,"OPERATE_PROFIT":157117000,"PRETAX_PROFIT":142383000,"NETCASH_OPERATE":-197407000,"NETCASH_INVEST":-90000,"NETCASH_FINANCE":167939000,"END_CASH":101641000,"DIVI_RATIO":0.052142762641,"DIVIDEND_RATE":4.347826086957,"CURRENT_RATIO":null,"COMMON_ACS":10000000000,"CURRENTDEBT_DEBT":null,"ISSUED_COMMON_SHARES":600000000,"HK_COMMON_SHARES":600000000,"PER_SHARES":1000,"TOTAL_MARKET_CAP":690000000,"HKSK_MARKET_CAP":690000000,"PE_TTM":6.758931696434,"PB_TTM":0.449571665991,"REPORT_DATE_SQ":"2020-06-30 00:00:00","REPORT_TYPE_SQ":"2020年中报","OPERATE_INCOME_SQ":null,"DPS_HKD":0.05,"OPERATE_INCOME_QOQ_SQ":0,"NET_PROFIT_RATIO_SQ":null,"HOLDER_PROFIT_SQ":null,"HOLDER_PROFIT_QOQ_SQ":0,"ROE_AVG_SQ":null,"PE_TTM_SQ":34.176557194294,"PB_TTM_SQ":0.756813084925,"ROA_SQ":null,"START_DATE":"2021-01-01 00:00:00","FISCAL_YEAR":"12-31","CURRENCY":"HKD","IS_CNY_CODE":0,"DPS_HKD_LY":null,"ORG_TYPE":"一般企业","PREMIUM_INCOME":null,"PREMIUM_INCOME_YOY":null,"NET_INTEREST_INCOME":null,"NET_INTEREST_INCOME_YOY":null,"FEE_COMMISSION_INCOME":null,"FEE_COMMISSION_INCOME_YOY":null,"ACCOUNTS_RECE_TDAYS":null,"INVENTORY_TDAYS":null,"CURRENT_ASSETS_TDAYS":3.061153929447,"TOTAL_ASSETS_TDAYS":null,"PREMIUM_EXPENSE":null,"LOAN_DEPOSIT":null,"LOAN_EQUITY":null,"LOAN_ASSETS":null,"DEPOSIT_EQUITY":null,"DEPOSIT_ASSETS":null,"EQUITY_MULTIPLIER":null,"EQUITY_RATIO":null},{"SECUCODE":"01948.HK","SECURITY_CODE":"01948","SECURITY_NAME_ABBR":"优矩控股","ORG_CODE":"10000189890","STD_REPORT_DATE":"2020-12-31 00:00:00","REPORT_DATE":"2020-12-31 00:00:00","DATE_TYPE_CODE":"001","REPORT_TYPE":"2020年年报","PER_NETCASH_OPERATE":1.1764981941,"PER_OI":41.5030880276,"BPS":0.38662,"BASIC_EPS":0.31,"DILUTED_EPS":0.31,"OPERATE_INCOME":6360724000,"OPERATE_INCOME_YOY":84.3230781,"GROSS_PROFIT":325381000,"GROSS_PROFIT_YOY":35.997007389574,"HOLDER_PROFIT":133179000,"HOLDER_PROFIT_YOY":62.583929487,"GROSS_PROFIT_RATIO":5.115471131903,"EPS_TTM":0.8689796571,"OPERATE_INCOME_QOQ":84.323078100042,"NET_PROFIT_RATIO":2.0937710864,"ROE_AVG":75.433940997052,"GROSS_PROFIT_QOQ":35.997007389574,"ROA":null,"HOLDER_PROFIT_QOQ":62.583929487023,"ROE_YEARLY":75.433940997052,"ROIC_YEARLY":6.619334935246,"TOTAL_ASSETS":2443289000,"TOTAL_LIABILITIES":2211317000,"TAX_EBT":25.263470970494,"OCF_SALES":2.834724474761,"TOTAL_PARENT_EQUITY":231972000,"DEBT_ASSET_RATIO":null,"OPERATE_PROFIT":205629000,"PRETAX_PROFIT":178198000,"NETCASH_OPERATE":180309000,"NETCASH_INVEST":-5652000,"NETCASH_FINANCE":-103670000,"END_CASH":130155000,"DIVI_RATIO":0.052142762641,"DIVIDEND_RATE":4.347826086957,"CURRENT_RATIO":1.079041601057,"COMMON_ACS":10000000000,"CURRENTDEBT_DEBT":99.856375182753,"ISSUED_COMMON_SHARES":600000000,"HK_COMMON_SHARES":600000000,"PER_SHARES":1000,"TOTAL_MARKET_CAP":690000000,"HKSK_MARKET_CAP":690000000,"PE_TTM":6.758931696434,"PB_TTM":0.449571665991,"REPORT_DATE_SQ":"2019-12-31 00:00:00","REPORT_TYPE_SQ":"2019年年报","OPERATE_INCOME_SQ":3450856000,"DPS_HKD":0.05,"OPERATE_INCOME_QOQ_SQ":198.445183597716,"NET_PROFIT_RATIO_SQ":2.3737298804,"HOLDER_PROFIT_SQ":81914000,"HOLDER_PROFIT_QOQ_SQ":63.357530312699,"ROE_AVG_SQ":88.697591822592,"PE_TTM_SQ":34.176557194294,"PB_TTM_SQ":0.756813084925,"ROA_SQ":null,"START_DATE":"2020-01-01 00:00:00","FISCAL_YEAR":"12-31","CURRENCY":"HKD","IS_CNY_CODE":0,"DPS_HKD_LY":null,"ORG_TYPE":"一般企业","PREMIUM_INCOME":null,"PREMIUM_INCOME_YOY":null,"NET_INTEREST_INCOME":null,"NET_INTEREST_INCOME_YOY":null,"FEE_COMMISSION_INCOME":null,"FEE_COMMISSION_INCOME_YOY":null,"ACCOUNTS_RECE_TDAYS":4.287851996961,"INVENTORY_TDAYS":null,"CURRENT_ASSETS_TDAYS":3.241227388515,"TOTAL_ASSETS_TDAYS":null,"PREMIUM_EXPENSE":null,"LOAN_DEPOSIT":null,"LOAN_EQUITY":null,"LOAN_ASSETS":null,"DEPOSIT_EQUITY":null,"DEPOSIT_ASSETS":null,"EQUITY_MULTIPLIER":null,"EQUITY_RATIO":9.532689290087},{"SECUCODE":"01948.HK","SECURITY_CODE":"01948","SECURITY_NAME_ABBR":"优矩控股","ORG_CODE":"10000189890","STD_REPORT_DATE":"2019-12-31 00:00:00","REPORT_DATE":"2019-12-31 00:00:00","DATE_TYPE_CODE":"001","REPORT_TYPE":"2019年年报","PER_NETCASH_OPERATE":-1.1597792976,"PER_OI":24.0738616272,"BPS":0.201881666667,"BASIC_EPS":45.51,"DILUTED_EPS":45.51,"OPERATE_INCOME":3450856000,"OPERATE_INCOME_YOY":198.4451835977,"GROSS_PROFIT":239256000,"GROSS_PROFIT_YOY":124.327035769537,"HOLDER_PROFIT":81914000,"HOLDER_PROFIT_YOY":63.3575303127,"GROSS_PROFIT_RATIO":6.933236275289,"EPS_TTM":0.5714484468,"OPERATE_INCOME_QOQ":198.445183597716,"NET_PROFIT_RATIO":2.3737298804,"ROE_AVG":88.697591822592,"GROSS_PROFIT_QOQ":124.327035769537,"ROA":null,"HOLDER_PROFIT_QOQ":63.357530312699,"ROE_YEARLY":88.697591822592,"ROIC_YEARLY":6.906372674662,"TOTAL_ASSETS":1580650000,"TOTAL_LIABILITIES":1459521000,"TAX_EBT":25.669225603891,"OCF_SALES":-4.817587288487,"TOTAL_PARENT_EQUITY":121129000,"DEBT_ASSET_RATIO":null,"OPERATE_PROFIT":null,"PRETAX_PROFIT":110202000,"NETCASH_OPERATE":-166248000,"NETCASH_INVEST":34200000,"NETCASH_FINANCE":181406000,"END_CASH":59168000,"DIVI_RATIO":0.079291492091,"DIVIDEND_RATE":4.347826086957,"CURRENT_RATIO":1.062159554312,"COMMON_ACS":10000000000,"CURRENTDEBT_DEBT":99.481747778895,"ISSUED_COMMON_SHARES":600000000,"HK_COMMON_SHARES":600000000,"PER_SHARES":1000,"TOTAL_MARKET_CAP":690000000,"HKSK_MARKET_CAP":690000000,"PE_TTM":6.758931696434,"PB_TTM":0.449571665991,"REPORT_DATE_SQ":"2018-12-31 00:00:00","REPORT_TYPE_SQ":"2018年年报","OPERATE_INCOME_SQ":1156278000,"DPS_HKD":0.05,"OPERATE_INCOME_QOQ_SQ":null,"NET_PROFIT_RATIO_SQ":4.3366733606,"HOLDER_PROFIT_SQ":50144000,"HOLDER_PROFIT_QOQ_SQ":null,"ROE_AVG_SQ":78.873771136453,"PE_TTM_SQ":34.176557194294,"PB_TTM_SQ":0.756813084925,"ROA_SQ":null,"START_DATE":"2019-01-01 00:00:00","FISCAL_YEAR":"12-31","CURRENCY":"HKD","IS_CNY_CODE":0,"DPS_HKD_LY":null,"ORG_TYPE":"一般企业","PREMIUM_INCOME":null,"PREMIUM_INCOME_YOY":null,"NET_INTEREST_INCOME":null,"NET_INTEREST_INCOME_YOY":null,"FEE_COMMISSION_INCOME":null,"FEE_COMMISSION_INCOME_YOY":null,"ACCOUNTS_RECE_TDAYS":4.07559113891,"INVENTORY_TDAYS":null,"CURRENT_ASSETS_TDAYS":2.964945849461,"TOTAL_ASSETS_TDAYS":null,"PREMIUM_EXPENSE":null,"LOAN_DEPOSIT":null,"LOAN_EQUITY":null,"LOAN_ASSETS":null,"DEPOSIT_EQUITY":null,"DEPOSIT_ASSETS":null,"EQUITY_MULTIPLIER":null,"EQUITY_RATIO":12.049311065063}],"count":10},"success":true,"message":"ok","code":0}