{"version":"99f83c23fe4e9164dd4befb12813d3d6","result":{"pages":2,"data":[{"SECUCODE":"01945.HK","SECURITY_CODE":"01945","SECURITY_NAME_ABBR":"清科创业","ORG_CODE":"10000103613","STD_REPORT_DATE":"2024-06-30 00:00:00","REPORT_DATE":"2024-06-30 00:00:00","DATE_TYPE_CODE":"002","REPORT_TYPE":"2024年中报","PER_NETCASH_OPERATE":0.03417573964,"PER_OI":0.236217845565,"BPS":1.869696437177,"BASIC_EPS":-0.02,"DILUTED_EPS":-0.02,"OPERATE_INCOME":72222000,"OPERATE_INCOME_YOY":-15.8035860011,"GROSS_PROFIT":17730000,"GROSS_PROFIT_YOY":2.913861156257,"HOLDER_PROFIT":-7397000,"HOLDER_PROFIT_YOY":21.774534687,"GROSS_PROFIT_RATIO":24.549306305558,"EPS_TTM":0.059474748743,"OPERATE_INCOME_QOQ":-5.684787030164,"NET_PROFIT_RATIO":-10.5604940323,"ROE_AVG":-1.309346061562,"GROSS_PROFIT_QOQ":0.527333081222,"ROA":-1.005645454576,"HOLDER_PROFIT_QOQ":12.768992248062,"ROE_YEARLY":-2.618692123125,"ROIC_YEARLY":-4.350901340062,"TOTAL_ASSETS":731648000,"TOTAL_LIABILITIES":170473000,"TAX_EBT":20.436052576674,"OCF_SALES":14.467890670433,"TOTAL_PARENT_EQUITY":561766000,"DEBT_ASSET_RATIO":23.2998655091,"OPERATE_PROFIT":-17589000,"PRETAX_PROFIT":-9586000,"NETCASH_OPERATE":10449000,"NETCASH_INVEST":14837000,"NETCASH_FINANCE":-12388000,"END_CASH":118594000,"DIVI_RATIO":null,"DIVIDEND_RATE":null,"CURRENT_RATIO":4.158814286095,"COMMON_ACS":500000000,"CURRENTDEBT_DEBT":88.100754958263,"ISSUED_COMMON_SHARES":300458400,"HK_COMMON_SHARES":300458400,"PER_SHARES":400,"TOTAL_MARKET_CAP":363554664,"HKSK_MARKET_CAP":363554664,"PE_TTM":18.227697490969,"PB_TTM":0.590653529654,"REPORT_DATE_SQ":"2023-06-30 00:00:00","REPORT_TYPE_SQ":"2023年中报","OPERATE_INCOME_SQ":85778000,"DPS_HKD":null,"OPERATE_INCOME_QOQ_SQ":14.169295478444,"NET_PROFIT_RATIO_SQ":-11.4131828674,"HOLDER_PROFIT_SQ":-9456000,"HOLDER_PROFIT_QOQ_SQ":73.355279320002,"ROE_AVG_SQ":-1.718127829365,"PE_TTM_SQ":7.458446258524,"PB_TTM_SQ":0.511675499492,"ROA_SQ":-1.252187454687,"START_DATE":"2024-01-01 00:00:00","FISCAL_YEAR":"12-31","CURRENCY":"HKD","IS_CNY_CODE":0,"DPS_HKD_LY":null,"ORG_TYPE":"一般企业","PREMIUM_INCOME":null,"PREMIUM_INCOME_YOY":null,"NET_INTEREST_INCOME":null,"NET_INTEREST_INCOME_YOY":null,"FEE_COMMISSION_INCOME":null,"FEE_COMMISSION_INCOME_YOY":null,"ACCOUNTS_RECE_TDAYS":3.371000490093,"INVENTORY_TDAYS":null,"CURRENT_ASSETS_TDAYS":0.115464583395,"TOTAL_ASSETS_TDAYS":0.098188084386,"PREMIUM_EXPENSE":null,"LOAN_DEPOSIT":null,"LOAN_EQUITY":null,"LOAN_ASSETS":null,"DEPOSIT_EQUITY":null,"DEPOSIT_ASSETS":null,"EQUITY_MULTIPLIER":1.303778678665,"EQUITY_RATIO":0.303459091508},{"SECUCODE":"01945.HK","SECURITY_CODE":"01945","SECURITY_NAME_ABBR":"清科创业","ORG_CODE":"10000103613","STD_REPORT_DATE":"2023-12-31 00:00:00","REPORT_DATE":"2023-12-31 00:00:00","DATE_TYPE_CODE":"001","REPORT_TYPE":"2023年年报","PER_NETCASH_OPERATE":0.068210226865,"PER_OI":0.778662401664,"BPS":1.890814169283,"BASIC_EPS":0.05,"DILUTED_EPS":0.05,"OPERATE_INCOME":238461000,"OPERATE_INCOME_YOY":8.0808767541,"GROSS_PROFIT":95196000,"GROSS_PROFIT_YOY":-1.847651255825,"HOLDER_PROFIT":16125000,"HOLDER_PROFIT_YOY":-20.773350366,"GROSS_PROFIT_RATIO":39.920993369985,"EPS_TTM":0.052654024041,"OPERATE_INCOME_QOQ":-5.332798716921,"NET_PROFIT_RATIO":6.7243700228,"ROE_AVG":2.886567303114,"GROSS_PROFIT_QOQ":-9.816404251691,"ROA":2.147487439696,"HOLDER_PROFIT_QOQ":-54.298103902729,"ROE_YEARLY":2.886567303114,"ROIC_YEARLY":5.016519515428,"TOTAL_ASSETS":739447000,"TOTAL_LIABILITIES":171697000,"TAX_EBT":23.650128559185,"OCF_SALES":8.759923006278,"TOTAL_PARENT_EQUITY":568111000,"DEBT_ASSET_RATIO":23.2196492784,"OPERATE_PROFIT":5296000,"PRETAX_PROFIT":21002000,"NETCASH_OPERATE":20889000,"NETCASH_INVEST":-47306000,"NETCASH_FINANCE":-17998000,"END_CASH":103682000,"DIVI_RATIO":null,"DIVIDEND_RATE":null,"CURRENT_RATIO":4.603276206714,"COMMON_ACS":500000000,"CURRENTDEBT_DEBT":79.25123910144,"ISSUED_COMMON_SHARES":300458400,"HK_COMMON_SHARES":300458400,"PER_SHARES":400,"TOTAL_MARKET_CAP":405618840,"HKSK_MARKET_CAP":405618840,"PE_TTM":20.336687283312,"PB_TTM":0.658993607465,"REPORT_DATE_SQ":"2022-12-31 00:00:00","REPORT_TYPE_SQ":"2022年年报","OPERATE_INCOME_SQ":220632000,"DPS_HKD":null,"OPERATE_INCOME_QOQ_SQ":22.715820035486,"NET_PROFIT_RATIO_SQ":8.898074622,"HOLDER_PROFIT_SQ":20353000,"HOLDER_PROFIT_QOQ_SQ":179.771889942777,"ROE_AVG_SQ":3.840753922275,"PE_TTM_SQ":7.458446258524,"PB_TTM_SQ":0.511675499492,"ROA_SQ":2.890819131703,"START_DATE":"2023-01-01 00:00:00","FISCAL_YEAR":"12-31","CURRENCY":"HKD","IS_CNY_CODE":0,"DPS_HKD_LY":null,"ORG_TYPE":"一般企业","PREMIUM_INCOME":null,"PREMIUM_INCOME_YOY":null,"NET_INTEREST_INCOME":null,"NET_INTEREST_INCOME_YOY":null,"FEE_COMMISSION_INCOME":null,"FEE_COMMISSION_INCOME_YOY":null,"ACCOUNTS_RECE_TDAYS":5.747917997421,"INVENTORY_TDAYS":null,"CURRENT_ASSETS_TDAYS":0.372164415887,"TOTAL_ASSETS_TDAYS":0.31757643557,"PREMIUM_EXPENSE":null,"LOAN_DEPOSIT":null,"LOAN_EQUITY":null,"LOAN_ASSETS":null,"DEPOSIT_EQUITY":null,"DEPOSIT_ASSETS":null,"EQUITY_MULTIPLIER":1.302416556582,"EQUITY_RATIO":0.302224389248},{"SECUCODE":"01945.HK","SECURITY_CODE":"01945","SECURITY_NAME_ABBR":"清科创业","ORG_CODE":"10000103613","STD_REPORT_DATE":"2023-06-30 00:00:00","REPORT_DATE":"2023-06-30 00:00:00","DATE_TYPE_CODE":"002","REPORT_TYPE":"2023年中报","PER_NETCASH_OPERATE":-0.016846809911,"PER_OI":0.280001096789,"BPS":1.83586147034,"BASIC_EPS":-0.03,"DILUTED_EPS":-0.03,"OPERATE_INCOME":85778000,"OPERATE_INCOME_YOY":57.3446327684,"GROSS_PROFIT":17228000,"GROSS_PROFIT_YOY":98.983598983599,"HOLDER_PROFIT":-9456000,"HOLDER_PROFIT_YOY":61.2236529156,"GROSS_PROFIT_RATIO":20.084403926415,"EPS_TTM":0.115172639814,"OPERATE_INCOME_QOQ":14.169295478444,"NET_PROFIT_RATIO":-11.4131828674,"ROE_AVG":-1.718127829365,"GROSS_PROFIT_QOQ":8.836144677692,"ROA":-1.252187454687,"HOLDER_PROFIT_QOQ":73.355279320002,"ROE_YEARLY":-3.436255658729,"ROIC_YEARLY":-5.752314673999,"TOTAL_ASSETS":748009000,"TOTAL_LIABILITIES":197014000,"TAX_EBT":27.395431622664,"OCF_SALES":-6.016694257269,"TOTAL_PARENT_EQUITY":551600000,"DEBT_ASSET_RATIO":26.338453147,"OPERATE_PROFIT":-20771000,"PRETAX_PROFIT":-13484000,"NETCASH_OPERATE":-5161000,"NETCASH_INVEST":-73972000,"NETCASH_FINANCE":-8715000,"END_CASH":56952000,"DIVI_RATIO":null,"DIVIDEND_RATE":null,"CURRENT_RATIO":3.997811123881,"COMMON_ACS":500000000,"CURRENTDEBT_DEBT":78.610657110662,"ISSUED_COMMON_SHARES":300458400,"HK_COMMON_SHARES":300458400,"PER_SHARES":400,"TOTAL_MARKET_CAP":405618840,"HKSK_MARKET_CAP":405618840,"PE_TTM":20.336687283312,"PB_TTM":0.658993607465,"REPORT_DATE_SQ":"2022-06-30 00:00:00","REPORT_TYPE_SQ":"2022年中报","OPERATE_INCOME_SQ":54516000,"DPS_HKD":null,"OPERATE_INCOME_QOQ_SQ":-13.517530652788,"NET_PROFIT_RATIO_SQ":-44.7318218505,"HOLDER_PROFIT_SQ":-24386000,"HOLDER_PROFIT_QOQ_SQ":-322.499345949246,"ROE_AVG_SQ":-4.839308216664,"PE_TTM_SQ":7.458446258524,"PB_TTM_SQ":0.511675499492,"ROA_SQ":-3.821202928346,"START_DATE":"2023-01-01 00:00:00","FISCAL_YEAR":"12-31","CURRENCY":"HKD","IS_CNY_CODE":0,"DPS_HKD_LY":null,"ORG_TYPE":"一般企业","PREMIUM_INCOME":null,"PREMIUM_INCOME_YOY":null,"NET_INTEREST_INCOME":null,"NET_INTEREST_INCOME_YOY":null,"FEE_COMMISSION_INCOME":null,"FEE_COMMISSION_INCOME_YOY":null,"ACCOUNTS_RECE_TDAYS":2.272596007365,"INVENTORY_TDAYS":null,"CURRENT_ASSETS_TDAYS":0.134631653459,"TOTAL_ASSETS_TDAYS":0.113589398782,"PREMIUM_EXPENSE":null,"LOAN_DEPOSIT":null,"LOAN_EQUITY":null,"LOAN_ASSETS":null,"DEPOSIT_EQUITY":null,"DEPOSIT_ASSETS":null,"EQUITY_MULTIPLIER":1.357560413435,"EQUITY_RATIO":0.357168237854},{"SECUCODE":"01945.HK","SECURITY_CODE":"01945","SECURITY_NAME_ABBR":"清科创业","ORG_CODE":"10000103613","STD_REPORT_DATE":"2022-12-31 00:00:00","REPORT_DATE":"2022-12-31 00:00:00","DATE_TYPE_CODE":"001","REPORT_TYPE":"2022年年报","PER_NETCASH_OPERATE":0.02835418987,"PER_OI":0.716837586733,"BPS":1.82765068309,"BASIC_EPS":0.07,"DILUTED_EPS":0.07,"OPERATE_INCOME":220632000,"OPERATE_INCOME_YOY":6.1276714464,"GROSS_PROFIT":96988000,"GROSS_PROFIT_YOY":-2.151915335802,"HOLDER_PROFIT":20353000,"HOLDER_PROFIT_YOY":77.491933374,"GROSS_PROFIT_RATIO":43.959171833642,"EPS_TTM":0.066127286172,"OPERATE_INCOME_QOQ":22.715820035486,"NET_PROFIT_RATIO":8.898074622,"ROE_AVG":3.840753922275,"GROSS_PROFIT_QOQ":38.663235399242,"ROA":2.890819131703,"HOLDER_PROFIT_QOQ":179.771889942777,"ROE_YEARLY":3.840753922275,"ROIC_YEARLY":7.620506061809,"TOTAL_ASSETS":762308000,"TOTAL_LIABILITIES":213446000,"TAX_EBT":17.150573936529,"OCF_SALES":3.955455237681,"TOTAL_PARENT_EQUITY":549133000,"DEBT_ASSET_RATIO":27.9999685167,"OPERATE_PROFIT":19050000,"PRETAX_PROFIT":23696000,"NETCASH_OPERATE":8727000,"NETCASH_INVEST":-295974000,"NETCASH_FINANCE":-30261000,"END_CASH":142281000,"DIVI_RATIO":null,"DIVIDEND_RATE":null,"CURRENT_RATIO":3.835082748406,"COMMON_ACS":500000000,"CURRENTDEBT_DEBT":80.029140859983,"ISSUED_COMMON_SHARES":300458400,"HK_COMMON_SHARES":300458400,"PER_SHARES":400,"TOTAL_MARKET_CAP":405618840,"HKSK_MARKET_CAP":405618840,"PE_TTM":20.336687283312,"PB_TTM":0.658993607465,"REPORT_DATE_SQ":"2021-12-31 00:00:00","REPORT_TYPE_SQ":"2021年年报","OPERATE_INCOME_SQ":207893000,"DPS_HKD":null,"OPERATE_INCOME_QOQ_SQ":-6.038760881159,"NET_PROFIT_RATIO_SQ":5.5158182334,"HOLDER_PROFIT_SQ":11467000,"HOLDER_PROFIT_QOQ_SQ":-76.65275374122,"ROE_AVG_SQ":2.43527161869,"PE_TTM_SQ":7.458446258524,"PB_TTM_SQ":0.511675499492,"ROA_SQ":1.905353749935,"START_DATE":"2022-01-01 00:00:00","FISCAL_YEAR":"12-31","CURRENCY":"HKD","IS_CNY_CODE":0,"DPS_HKD_LY":null,"ORG_TYPE":"一般企业","PREMIUM_INCOME":null,"PREMIUM_INCOME_YOY":null,"NET_INTEREST_INCOME":null,"NET_INTEREST_INCOME_YOY":null,"FEE_COMMISSION_INCOME":null,"FEE_COMMISSION_INCOME_YOY":null,"ACCOUNTS_RECE_TDAYS":4.601772864741,"INVENTORY_TDAYS":null,"CURRENT_ASSETS_TDAYS":0.349982035486,"TOTAL_ASSETS_TDAYS":0.313372577343,"PREMIUM_EXPENSE":null,"LOAN_DEPOSIT":null,"LOAN_EQUITY":null,"LOAN_ASSETS":null,"DEPOSIT_EQUITY":null,"DEPOSIT_ASSETS":null,"EQUITY_MULTIPLIER":1.388888281572,"EQUITY_RATIO":0.388696363176},{"SECUCODE":"01945.HK","SECURITY_CODE":"01945","SECURITY_NAME_ABBR":"清科创业","ORG_CODE":"10000103613","STD_REPORT_DATE":"2022-06-30 00:00:00","REPORT_DATE":"2022-06-30 00:00:00","DATE_TYPE_CODE":"002","REPORT_TYPE":"2022年中报","PER_NETCASH_OPERATE":-0.072539578177,"PER_OI":0.175703898515,"BPS":1.654535203542,"BASIC_EPS":-0.08,"DILUTED_EPS":-0.08,"OPERATE_INCOME":54516000,"OPERATE_INCOME_YOY":-34.0143794331,"GROSS_PROFIT":8658000,"GROSS_PROFIT_YOY":-77.115821747634,"HOLDER_PROFIT":-24386000,"HOLDER_PROFIT_YOY":-293.6165144899,"GROSS_PROFIT_RATIO":15.881576051068,"EPS_TTM":-0.08223107467,"OPERATE_INCOME_QOQ":-13.517530652788,"NET_PROFIT_RATIO":-44.7318218505,"ROE_AVG":-4.839308216664,"GROSS_PROFIT_QOQ":-29.434731288022,"ROA":-3.821202928346,"HOLDER_PROFIT_QOQ":-322.499345949246,"ROE_YEARLY":-9.678616433327,"ROIC_YEARLY":-21.395685504656,"TOTAL_ASSETS":630547000,"TOTAL_LIABILITIES":133428000,"TAX_EBT":20.5460706373,"OCF_SALES":-41.285127302077,"TOTAL_PARENT_EQUITY":497119000,"DEBT_ASSET_RATIO":21.1606747792,"OPERATE_PROFIT":-30553000,"PRETAX_PROFIT":-30692000,"NETCASH_OPERATE":-22507000,"NETCASH_INVEST":-15831000,"NETCASH_FINANCE":-15749000,"END_CASH":390704000,"DIVI_RATIO":null,"DIVIDEND_RATE":null,"CURRENT_RATIO":4.89286696044,"COMMON_ACS":500000000,"CURRENTDEBT_DEBT":89.971370327068,"ISSUED_COMMON_SHARES":300458400,"HK_COMMON_SHARES":300458400,"PER_SHARES":400,"TOTAL_MARKET_CAP":405618840,"HKSK_MARKET_CAP":405618840,"PE_TTM":20.336687283312,"PB_TTM":0.658993607465,"REPORT_DATE_SQ":"2021-06-30 00:00:00","REPORT_TYPE_SQ":"2021年中报","OPERATE_INCOME_SQ":82618000,"DPS_HKD":null,"OPERATE_INCOME_QOQ_SQ":23.976129773345,"NET_PROFIT_RATIO_SQ":15.2448618945,"HOLDER_PROFIT_SQ":12595000,"HOLDER_PROFIT_QOQ_SQ":56.178453319766,"ROE_AVG_SQ":2.719468327209,"PE_TTM_SQ":7.458446258524,"PB_TTM_SQ":0.511675499492,"ROA_SQ":2.162976269085,"START_DATE":"2022-01-01 00:00:00","FISCAL_YEAR":"12-31","CURRENCY":"HKD","IS_CNY_CODE":0,"DPS_HKD_LY":null,"ORG_TYPE":"一般企业","PREMIUM_INCOME":null,"PREMIUM_INCOME_YOY":null,"NET_INTEREST_INCOME":null,"NET_INTEREST_INCOME_YOY":null,"FEE_COMMISSION_INCOME":null,"FEE_COMMISSION_INCOME_YOY":null,"ACCOUNTS_RECE_TDAYS":1.558334643475,"INVENTORY_TDAYS":null,"CURRENT_ASSETS_TDAYS":0.091386385581,"TOTAL_ASSETS_TDAYS":0.085424710425,"PREMIUM_EXPENSE":null,"LOAN_DEPOSIT":null,"LOAN_EQUITY":null,"LOAN_ASSETS":null,"DEPOSIT_EQUITY":null,"DEPOSIT_ASSETS":null,"EQUITY_MULTIPLIER":1.268402535409,"EQUITY_RATIO":0.268402535409},{"SECUCODE":"01945.HK","SECURITY_CODE":"01945","SECURITY_NAME_ABBR":"清科创业","ORG_CODE":"10000103613","STD_REPORT_DATE":"2021-12-31 00:00:00","REPORT_DATE":"2021-12-31 00:00:00","DATE_TYPE_CODE":"001","REPORT_TYPE":"2021年年报","PER_NETCASH_OPERATE":0.115120902563,"PER_OI":0.661511644779,"BPS":1.699772747242,"BASIC_EPS":0.04,"DILUTED_EPS":0.04,"OPERATE_INCOME":207893000,"OPERATE_INCOME_YOY":16.4895077466,"GROSS_PROFIT":99121000,"GROSS_PROFIT_YOY":-4.300265508086,"HOLDER_PROFIT":11467000,"HOLDER_PROFIT_YOY":-63.5366319003,"GROSS_PROFIT_RATIO":47.678854025869,"EPS_TTM":0.036487779919,"OPERATE_INCOME_QOQ":-6.038760881159,"NET_PROFIT_RATIO":5.5158182334,"ROE_AVG":2.43527161869,"GROSS_PROFIT_QOQ":-20.995831440345,"ROA":1.905353749935,"HOLDER_PROFIT_QOQ":-76.65275374122,"ROE_YEARLY":2.43527161869,"ROIC_YEARLY":6.152797787203,"TOTAL_ASSETS":645805000,"TOTAL_LIABILITIES":135094000,"TAX_EBT":36.484989476016,"OCF_SALES":17.402702351691,"TOTAL_PARENT_EQUITY":510711000,"DEBT_ASSET_RATIO":20.9186983687,"OPERATE_PROFIT":17946000,"PRETAX_PROFIT":18054000,"NETCASH_OPERATE":36179000,"NETCASH_INVEST":-39186000,"NETCASH_FINANCE":36373000,"END_CASH":427861000,"DIVI_RATIO":null,"DIVIDEND_RATE":null,"CURRENT_RATIO":4.97077674285,"COMMON_ACS":500000000,"CURRENTDEBT_DEBT":90.200156927769,"ISSUED_COMMON_SHARES":300458400,"HK_COMMON_SHARES":300458400,"PER_SHARES":400,"TOTAL_MARKET_CAP":405618840,"HKSK_MARKET_CAP":405618840,"PE_TTM":20.336687283312,"PB_TTM":0.658993607465,"REPORT_DATE_SQ":"2020-12-31 00:00:00","REPORT_TYPE_SQ":"2020年年报","OPERATE_INCOME_SQ":178465000,"DPS_HKD":null,"OPERATE_INCOME_QOQ_SQ":11.228490049798,"NET_PROFIT_RATIO_SQ":17.6213823439,"HOLDER_PROFIT_SQ":31448000,"HOLDER_PROFIT_QOQ_SQ":4.938601174586,"ROE_AVG_SQ":12.347535538232,"PE_TTM_SQ":7.458446258524,"PB_TTM_SQ":0.511675499492,"ROA_SQ":8.63473305446,"START_DATE":"2021-01-01 00:00:00","FISCAL_YEAR":"12-31","CURRENCY":"HKD","IS_CNY_CODE":0,"DPS_HKD_LY":null,"ORG_TYPE":"一般企业","PREMIUM_INCOME":null,"PREMIUM_INCOME_YOY":null,"NET_INTEREST_INCOME":null,"NET_INTEREST_INCOME_YOY":null,"FEE_COMMISSION_INCOME":null,"FEE_COMMISSION_INCOME_YOY":null,"ACCOUNTS_RECE_TDAYS":7.126579024047,"INVENTORY_TDAYS":null,"CURRENT_ASSETS_TDAYS":0.368990283284,"TOTAL_ASSETS_TDAYS":0.345434470337,"PREMIUM_EXPENSE":null,"LOAN_DEPOSIT":null,"LOAN_EQUITY":null,"LOAN_ASSETS":null,"DEPOSIT_EQUITY":null,"DEPOSIT_ASSETS":null,"EQUITY_MULTIPLIER":1.264521422096,"EQUITY_RATIO":0.264521422096},{"SECUCODE":"01945.HK","SECURITY_CODE":"01945","SECURITY_NAME_ABBR":"清科创业","ORG_CODE":"10000103613","STD_REPORT_DATE":"2021-06-30 00:00:00","REPORT_DATE":"2021-06-30 00:00:00","DATE_TYPE_CODE":"002","REPORT_TYPE":"2021年中报","PER_NETCASH_OPERATE":-0.047352941176,"PER_OI":0.269993464052,"BPS":1.648321364954,"BASIC_EPS":0.04,"DILUTED_EPS":0.04,"OPERATE_INCOME":82618000,"OPERATE_INCOME_YOY":107.4317708203,"GROSS_PROFIT":37834000,"GROSS_PROFIT_YOY":137.263263514361,"HOLDER_PROFIT":12595000,"HOLDER_PROFIT_YOY":348.3241324921,"GROSS_PROFIT_RATIO":45.793894792902,"EPS_TTM":0.160506535948,"OPERATE_INCOME_QOQ":23.976129773345,"NET_PROFIT_RATIO":15.2448618945,"ROE_AVG":2.719468327209,"GROSS_PROFIT_QOQ":21.132512671977,"ROA":2.162976269085,"HOLDER_PROFIT_QOQ":56.178453319766,"ROE_YEARLY":5.438936654417,"ROIC_YEARLY":13.548728899025,"TOTAL_ASSETS":606743000,"TOTAL_LIABILITIES":111491000,"TAX_EBT":21.920525695865,"OCF_SALES":-17.538550921107,"TOTAL_PARENT_EQUITY":495252000,"DEBT_ASSET_RATIO":18.3753253025,"OPERATE_PROFIT":16779000,"PRETAX_PROFIT":16131000,"NETCASH_OPERATE":-14490000,"NETCASH_INVEST":-44480000,"NETCASH_FINANCE":49277000,"END_CASH":389697000,"DIVI_RATIO":null,"DIVIDEND_RATE":null,"CURRENT_RATIO":5.912274162655,"COMMON_ACS":500000000,"CURRENTDEBT_DEBT":86.630310966805,"ISSUED_COMMON_SHARES":300458400,"HK_COMMON_SHARES":300458400,"PER_SHARES":400,"TOTAL_MARKET_CAP":405618840,"HKSK_MARKET_CAP":405618840,"PE_TTM":20.336687283312,"PB_TTM":0.658993607465,"REPORT_DATE_SQ":"2020-06-30 00:00:00","REPORT_TYPE_SQ":"2020年中报","OPERATE_INCOME_SQ":39829000,"DPS_HKD":null,"OPERATE_INCOME_QOQ_SQ":-4.17637151969,"NET_PROFIT_RATIO_SQ":-12.7344397298,"HOLDER_PROFIT_SQ":-5072000,"HOLDER_PROFIT_QOQ_SQ":-13.199131064446,"ROE_AVG_SQ":-8.678541484866,"PE_TTM_SQ":7.458446258524,"PB_TTM_SQ":0.511675499492,"ROA_SQ":-3.371869619269,"START_DATE":"2021-01-01 00:00:00","FISCAL_YEAR":"12-31","CURRENCY":"HKD","IS_CNY_CODE":0,"DPS_HKD_LY":null,"ORG_TYPE":"一般企业","PREMIUM_INCOME":null,"PREMIUM_INCOME_YOY":null,"NET_INTEREST_INCOME":null,"NET_INTEREST_INCOME_YOY":null,"FEE_COMMISSION_INCOME":null,"FEE_COMMISSION_INCOME_YOY":null,"ACCOUNTS_RECE_TDAYS":3.54180867254,"INVENTORY_TDAYS":null,"CURRENT_ASSETS_TDAYS":0.151295067317,"TOTAL_ASSETS_TDAYS":0.14188231314,"PREMIUM_EXPENSE":null,"LOAN_DEPOSIT":null,"LOAN_EQUITY":null,"LOAN_ASSETS":null,"DEPOSIT_EQUITY":null,"DEPOSIT_ASSETS":null,"EQUITY_MULTIPLIER":1.225119737023,"EQUITY_RATIO":0.225119737023},{"SECUCODE":"01945.HK","SECURITY_CODE":"01945","SECURITY_NAME_ABBR":"清科创业","ORG_CODE":"10000103613","STD_REPORT_DATE":"2020-12-31 00:00:00","REPORT_DATE":"2020-12-31 00:00:00","DATE_TYPE_CODE":"001","REPORT_TYPE":"2020年年报","PER_NETCASH_OPERATE":0.26113,"PER_OI":0.594883333333,"BPS":1.434581293117,"BASIC_EPS":0.12,"DILUTED_EPS":0.12,"OPERATE_INCOME":178465000,"OPERATE_INCOME_YOY":6.5831750696,"GROSS_PROFIT":103575000,"GROSS_PROFIT_YOY":27.25139445168,"HOLDER_PROFIT":31448000,"HOLDER_PROFIT_YOY":-8.9123823316,"GROSS_PROFIT_RATIO":58.036589807525,"EPS_TTM":0.104826666667,"OPERATE_INCOME_QOQ":11.228490049798,"NET_PROFIT_RATIO":17.6213823439,"ROE_AVG":12.347535538232,"GROSS_PROFIT_QOQ":20.89149820253,"ROA":8.63473305446,"HOLDER_PROFIT_QOQ":4.938601174586,"ROE_YEARLY":12.347535538232,"ROIC_YEARLY":20.667378624825,"TOTAL_ASSETS":557856000,"TOTAL_LIABILITIES":126824000,"TAX_EBT":19.623779583908,"OCF_SALES":43.896002017202,"TOTAL_PARENT_EQUITY":431032000,"DEBT_ASSET_RATIO":22.7341822979,"OPERATE_PROFIT":40921000,"PRETAX_PROFIT":39126000,"NETCASH_OPERATE":78339000,"NETCASH_INVEST":-6664000,"NETCASH_FINANCE":310854000,"END_CASH":403059000,"DIVI_RATIO":null,"DIVIDEND_RATE":null,"CURRENT_RATIO":4.854777853343,"COMMON_ACS":500000000,"CURRENTDEBT_DEBT":84.636188733994,"ISSUED_COMMON_SHARES":300458400,"HK_COMMON_SHARES":300458400,"PER_SHARES":400,"TOTAL_MARKET_CAP":405618840,"HKSK_MARKET_CAP":405618840,"PE_TTM":20.336687283312,"PB_TTM":0.658993607465,"REPORT_DATE_SQ":"2019-12-31 00:00:00","REPORT_TYPE_SQ":"2019年年报","OPERATE_INCOME_SQ":167442000,"DPS_HKD":null,"OPERATE_INCOME_QOQ_SQ":2.017912630232,"NET_PROFIT_RATIO_SQ":20.6190800397,"HOLDER_PROFIT_SQ":34525000,"HOLDER_PROFIT_QOQ_SQ":27.112403814293,"ROE_AVG_SQ":44.888964010818,"PE_TTM_SQ":7.458446258524,"PB_TTM_SQ":0.511675499492,"ROA_SQ":19.135586926279,"START_DATE":"2020-01-01 00:00:00","FISCAL_YEAR":"12-31","CURRENCY":"HKD","IS_CNY_CODE":0,"DPS_HKD_LY":null,"ORG_TYPE":"一般企业","PREMIUM_INCOME":null,"PREMIUM_INCOME_YOY":null,"NET_INTEREST_INCOME":null,"NET_INTEREST_INCOME_YOY":null,"FEE_COMMISSION_INCOME":null,"FEE_COMMISSION_INCOME_YOY":null,"ACCOUNTS_RECE_TDAYS":10.043615285047,"INVENTORY_TDAYS":null,"CURRENT_ASSETS_TDAYS":0.548138956673,"TOTAL_ASSETS_TDAYS":0.490014511118,"PREMIUM_EXPENSE":null,"LOAN_DEPOSIT":null,"LOAN_EQUITY":null,"LOAN_ASSETS":null,"DEPOSIT_EQUITY":null,"DEPOSIT_ASSETS":null,"EQUITY_MULTIPLIER":1.294233374784,"EQUITY_RATIO":0.294233374784},{"SECUCODE":"01945.HK","SECURITY_CODE":"01945","SECURITY_NAME_ABBR":"清科创业","ORG_CODE":"10000103613","STD_REPORT_DATE":"2020-06-30 00:00:00","REPORT_DATE":"2020-06-30 00:00:00","DATE_TYPE_CODE":"002","REPORT_TYPE":"2020年中报","PER_NETCASH_OPERATE":-0.077119353333,"PER_OI":0.469949009167,"BPS":0.128260684341,"BASIC_EPS":-0.02,"DILUTED_EPS":-0.02,"OPERATE_INCOME":39829000,"OPERATE_INCOME_YOY":-14.935286831,"GROSS_PROFIT":15946000,"GROSS_PROFIT_YOY":36.711248285322,"HOLDER_PROFIT":-5072000,"HOLDER_PROFIT_YOY":-884.854368932,"GROSS_PROFIT_RATIO":40.036154560747,"EPS_TTM":0.353597426667,"OPERATE_INCOME_QOQ":-4.17637151969,"NET_PROFIT_RATIO":-12.7344397298,"ROE_AVG":-8.678541484866,"GROSS_PROFIT_QOQ":5.260830036612,"ROA":-3.371869619269,"HOLDER_PROFIT_QOQ":-13.199131064446,"ROE_YEARLY":-17.357082969731,"ROIC_YEARLY":-8.720058110797,"TOTAL_ASSETS":130291000,"TOTAL_LIABILITIES":91754000,"TAX_EBT":28.341339361402,"OCF_SALES":-16.41015340581,"TOTAL_PARENT_EQUITY":38537000,"DEBT_ASSET_RATIO":70.4223622507,"OPERATE_PROFIT":-6203000,"PRETAX_PROFIT":-7078000,"NETCASH_OPERATE":-6536000,"NETCASH_INVEST":68675000,"NETCASH_FINANCE":-36002000,"END_CASH":47160000,"DIVI_RATIO":null,"DIVIDEND_RATE":null,"CURRENT_RATIO":1.316488327549,"COMMON_ACS":500000000,"CURRENTDEBT_DEBT":75.677354665737,"ISSUED_COMMON_SHARES":300458400,"HK_COMMON_SHARES":300458400,"PER_SHARES":400,"TOTAL_MARKET_CAP":405618840,"HKSK_MARKET_CAP":405618840,"PE_TTM":20.336687283312,"PB_TTM":0.658993607465,"REPORT_DATE_SQ":"2019-06-30 00:00:00","REPORT_TYPE_SQ":"2019年中报","OPERATE_INCOME_SQ":46822000,"DPS_HKD":null,"OPERATE_INCOME_QOQ_SQ":0,"NET_PROFIT_RATIO_SQ":-1.0999102986,"HOLDER_PROFIT_SQ":-515000,"HOLDER_PROFIT_QOQ_SQ":0,"ROE_AVG_SQ":null,"PE_TTM_SQ":7.458446258524,"PB_TTM_SQ":0.511675499492,"ROA_SQ":null,"START_DATE":"2020-01-01 00:00:00","FISCAL_YEAR":"12-31","CURRENCY":"HKD","IS_CNY_CODE":0,"DPS_HKD_LY":null,"ORG_TYPE":"一般企业","PREMIUM_INCOME":null,"PREMIUM_INCOME_YOY":null,"NET_INTEREST_INCOME":null,"NET_INTEREST_INCOME_YOY":null,"FEE_COMMISSION_INCOME":null,"FEE_COMMISSION_INCOME_YOY":null,"ACCOUNTS_RECE_TDAYS":2.275877832062,"INVENTORY_TDAYS":null,"CURRENT_ASSETS_TDAYS":0.359673639676,"TOTAL_ASSETS_TDAYS":0.264783507622,"PREMIUM_EXPENSE":null,"LOAN_DEPOSIT":null,"LOAN_EQUITY":null,"LOAN_ASSETS":null,"DEPOSIT_EQUITY":null,"DEPOSIT_ASSETS":null,"EQUITY_MULTIPLIER":3.380932610224,"EQUITY_RATIO":2.380932610219}],"count":13},"success":true,"message":"ok","code":0}