{"version":"eeec224594007e7d0999e4d14a6a5e53","result":{"pages":2,"data":[{"SECUCODE":"01959.HK","SECURITY_CODE":"01959","SECURITY_NAME_ABBR":"世纪联合控股","ORG_CODE":"10000003951","STD_REPORT_DATE":"2024-06-30 00:00:00","REPORT_DATE":"2024-06-30 00:00:00","DATE_TYPE_CODE":"002","REPORT_TYPE":"2024年中报","PER_NETCASH_OPERATE":0.189112473822,"PER_OI":1.460879014731,"BPS":0.270408668216,"BASIC_EPS":-0.1036,"DILUTED_EPS":-0.1036,"OPERATE_INCOME":738039000,"OPERATE_INCOME_YOY":1.0615004786,"GROSS_PROFIT":10750000,"GROSS_PROFIT_YOY":-67.686665865096,"HOLDER_PROFIT":-52356000,"HOLDER_PROFIT_YOY":-89.6406838598,"GROSS_PROFIT_RATIO":1.456562593576,"EPS_TTM":-0.152624098875,"OPERATE_INCOME_QOQ":0.478770611933,"NET_PROFIT_RATIO":-7.1053155728,"ROE_AVG":-32.162174614144,"GROSS_PROFIT_QOQ":-25.003331112592,"ROA":-6.988403382881,"HOLDER_PROFIT_QOQ":-47.266893311433,"ROE_YEARLY":-64.324349228288,"ROIC_YEARLY":-15.47209984936,"TOTAL_ASSETS":637377000,"TOTAL_LIABILITIES":500344000,"TAX_EBT":-0.202545190507,"OCF_SALES":12.945115366532,"TOTAL_PARENT_EQUITY":136611000,"DEBT_ASSET_RATIO":78.5004793082,"OPERATE_PROFIT":-46690000,"PRETAX_PROFIT":-52334000,"NETCASH_OPERATE":95540000,"NETCASH_INVEST":-358000,"NETCASH_FINANCE":-72310000,"END_CASH":83289000,"DIVI_RATIO":null,"DIVIDEND_RATE":null,"CURRENT_RATIO":1.23377088737,"COMMON_ACS":2000000000,"CURRENTDEBT_DEBT":60.796372095998,"ISSUED_COMMON_SHARES":505202000,"HK_COMMON_SHARES":505202000,"PER_SHARES":2000,"TOTAL_MARKET_CAP":179346710,"HKSK_MARKET_CAP":179346710,"PE_TTM":-2.105079256227,"PB_TTM":1.198191619143,"REPORT_DATE_SQ":"2023-06-30 00:00:00","REPORT_TYPE_SQ":"2023年中报","OPERATE_INCOME_SQ":730287000,"DPS_HKD":null,"OPERATE_INCOME_QOQ_SQ":-2.360075788998,"NET_PROFIT_RATIO_SQ":-3.8484869647,"HOLDER_PROFIT_SQ":-27608000,"HOLDER_PROFIT_QOQ_SQ":-86.196682464455,"ROE_AVG_SQ":-12.161498426291,"PE_TTM_SQ":-1.897027342265,"PB_TTM_SQ":0.392716813321,"ROA_SQ":-3.170277841414,"START_DATE":"2024-01-01 00:00:00","FISCAL_YEAR":"12-31","CURRENCY":"HKD","IS_CNY_CODE":0,"DPS_HKD_LY":null,"ORG_TYPE":"一般企业","PREMIUM_INCOME":null,"PREMIUM_INCOME_YOY":null,"NET_INTEREST_INCOME":null,"NET_INTEREST_INCOME_YOY":null,"FEE_COMMISSION_INCOME":null,"FEE_COMMISSION_INCOME_YOY":null,"ACCOUNTS_RECE_TDAYS":72.720366538575,"INVENTORY_TDAYS":3.286105118097,"CURRENT_ASSETS_TDAYS":1.53704328485,"TOTAL_ASSETS_TDAYS":0.98512381471,"PREMIUM_EXPENSE":null,"LOAN_DEPOSIT":null,"LOAN_EQUITY":null,"LOAN_ASSETS":null,"DEPOSIT_EQUITY":null,"DEPOSIT_ASSETS":null,"EQUITY_MULTIPLIER":4.651266483264,"EQUITY_RATIO":3.66254547584},{"SECUCODE":"01959.HK","SECURITY_CODE":"01959","SECURITY_NAME_ABBR":"世纪联合控股","ORG_CODE":"10000003951","STD_REPORT_DATE":"2023-12-31 00:00:00","REPORT_DATE":"2023-12-31 00:00:00","DATE_TYPE_CODE":"001","REPORT_TYPE":"2023年年报","PER_NETCASH_OPERATE":0.103022157474,"PER_OI":3.204949703287,"BPS":0.374036524004,"BASIC_EPS":-0.1036,"DILUTED_EPS":-0.1036,"OPERATE_INCOME":1619147000,"OPERATE_INCOME_YOY":-18.9902772142,"GROSS_PROFIT":90060000,"GROSS_PROFIT_YOY":-10.334528076464,"HOLDER_PROFIT":-52358000,"HOLDER_PROFIT_YOY":-121.5555179418,"GROSS_PROFIT_RATIO":5.562187991578,"EPS_TTM":-0.10363775282,"OPERATE_INCOME_QOQ":-17.032173631437,"NET_PROFIT_RATIO":-3.2884599113,"ROE_AVG":-24.381135097882,"GROSS_PROFIT_QOQ":12.134870632766,"ROA":-5.957534446867,"HOLDER_PROFIT_QOQ":-18.990045907004,"ROE_YEARLY":-24.381135097882,"ROIC_YEARLY":-6.492054802674,"TOTAL_ASSETS":860991000,"TOTAL_LIABILITIES":671521000,"TAX_EBT":-5.042514154945,"OCF_SALES":3.214470335306,"TOTAL_PARENT_EQUITY":188964000,"DEBT_ASSET_RATIO":77.9939627708,"OPERATE_PROFIT":-41583000,"PRETAX_PROFIT":-50689000,"NETCASH_OPERATE":52047000,"NETCASH_INVEST":-42456000,"NETCASH_FINANCE":-31236000,"END_CASH":60592000,"DIVI_RATIO":null,"DIVIDEND_RATE":null,"CURRENT_RATIO":1.057629312527,"COMMON_ACS":2000000000,"CURRENTDEBT_DEBT":82.37359665595,"ISSUED_COMMON_SHARES":505202000,"HK_COMMON_SHARES":505202000,"PER_SHARES":2000,"TOTAL_MARKET_CAP":237444940,"HKSK_MARKET_CAP":237444940,"PE_TTM":-2.78700633923,"PB_TTM":1.586338199993,"REPORT_DATE_SQ":"2022-12-31 00:00:00","REPORT_TYPE_SQ":"2022年年报","OPERATE_INCOME_SQ":1998707000,"DPS_HKD":null,"OPERATE_INCOME_QOQ_SQ":8.057257657295,"NET_PROFIT_RATIO_SQ":-1.1920206413,"HOLDER_PROFIT_SQ":-23632000,"HOLDER_PROFIT_QOQ_SQ":-802.497027348395,"ROE_AVG_SQ":-9.411314923816,"PE_TTM_SQ":-1.928644464636,"PB_TTM_SQ":0.399262093543,"ROA_SQ":-2.782505491245,"START_DATE":"2023-01-01 00:00:00","FISCAL_YEAR":"12-31","CURRENCY":"HKD","IS_CNY_CODE":0,"DPS_HKD_LY":null,"ORG_TYPE":"一般企业","PREMIUM_INCOME":null,"PREMIUM_INCOME_YOY":null,"NET_INTEREST_INCOME":null,"NET_INTEREST_INCOME_YOY":null,"FEE_COMMISSION_INCOME":null,"FEE_COMMISSION_INCOME_YOY":null,"ACCOUNTS_RECE_TDAYS":157.98868127043,"INVENTORY_TDAYS":5.857661933685,"CURRENT_ASSETS_TDAYS":2.720601603312,"TOTAL_ASSETS_TDAYS":1.842340048711,"PREMIUM_EXPENSE":null,"LOAN_DEPOSIT":null,"LOAN_EQUITY":null,"LOAN_ASSETS":null,"DEPOSIT_EQUITY":null,"DEPOSIT_ASSETS":null,"EQUITY_MULTIPLIER":4.544207526256,"EQUITY_RATIO":3.55369805889},{"SECUCODE":"01959.HK","SECURITY_CODE":"01959","SECURITY_NAME_ABBR":"世纪联合控股","ORG_CODE":"10000003951","STD_REPORT_DATE":"2023-06-30 00:00:00","REPORT_DATE":"2023-06-30 00:00:00","DATE_TYPE_CODE":"002","REPORT_TYPE":"2023年中报","PER_NETCASH_OPERATE":-0.049843428965,"PER_OI":1.445534657424,"BPS":0.422585421277,"BASIC_EPS":-0.0546,"DILUTED_EPS":-0.0546,"OPERATE_INCOME":730287000,"OPERATE_INCOME_YOY":-6.0673373996,"GROSS_PROFIT":33268000,"GROSS_PROFIT_YOY":-37.693373787317,"HOLDER_PROFIT":-27608000,"HOLDER_PROFIT_YOY":-281.4313346228,"GROSS_PROFIT_RATIO":4.555469288102,"EPS_TTM":-0.087097834134,"OPERATE_INCOME_QOQ":-2.360075788998,"NET_PROFIT_RATIO":-3.8484869647,"ROE_AVG":-12.161498426291,"GROSS_PROFIT_QOQ":-20.037833532457,"ROA":-3.170277841414,"HOLDER_PROFIT_QOQ":-86.196682464455,"ROE_YEARLY":-24.322996852582,"ROIC_YEARLY":-6.779636043952,"TOTAL_ASSETS":844961000,"TOTAL_LIABILITIES":630574000,"TAX_EBT":-2.099756602608,"OCF_SALES":-3.44809643332,"TOTAL_PARENT_EQUITY":213491000,"DEBT_ASSET_RATIO":74.627586362,"OPERATE_PROFIT":-22389000,"PRETAX_PROFIT":-27527000,"NETCASH_OPERATE":-25181000,"NETCASH_INVEST":-19096000,"NETCASH_FINANCE":-9664000,"END_CASH":28281000,"DIVI_RATIO":null,"DIVIDEND_RATE":null,"CURRENT_RATIO":0.987856725396,"COMMON_ACS":2000000000,"CURRENTDEBT_DEBT":89.000815130342,"ISSUED_COMMON_SHARES":505202000,"HK_COMMON_SHARES":505202000,"PER_SHARES":2000,"TOTAL_MARKET_CAP":237444940,"HKSK_MARKET_CAP":237444940,"PE_TTM":-2.78700633923,"PB_TTM":1.586338199993,"REPORT_DATE_SQ":"2022-06-30 00:00:00","REPORT_TYPE_SQ":"2022年中报","OPERATE_INCOME_SQ":777458000,"DPS_HKD":null,"OPERATE_INCOME_QOQ_SQ":-9.851286892553,"NET_PROFIT_RATIO_SQ":-1.0085432268,"HOLDER_PROFIT_SQ":-7238000,"HOLDER_PROFIT_QOQ_SQ":25.475568817605,"ROE_AVG_SQ":-2.796359864239,"PE_TTM_SQ":-1.928644464636,"PB_TTM_SQ":0.399262093543,"ROA_SQ":-0.848623624636,"START_DATE":"2023-01-01 00:00:00","FISCAL_YEAR":"12-31","CURRENCY":"HKD","IS_CNY_CODE":0,"DPS_HKD_LY":null,"ORG_TYPE":"一般企业","PREMIUM_INCOME":null,"PREMIUM_INCOME_YOY":null,"NET_INTEREST_INCOME":null,"NET_INTEREST_INCOME_YOY":null,"FEE_COMMISSION_INCOME":null,"FEE_COMMISSION_INCOME_YOY":null,"ACCOUNTS_RECE_TDAYS":45.172857452139,"INVENTORY_TDAYS":2.653591959493,"CURRENT_ASSETS_TDAYS":1.259492279156,"TOTAL_ASSETS_TDAYS":0.838602105901,"PREMIUM_EXPENSE":null,"LOAN_DEPOSIT":null,"LOAN_EQUITY":null,"LOAN_ASSETS":null,"DEPOSIT_EQUITY":null,"DEPOSIT_ASSETS":null,"EQUITY_MULTIPLIER":3.941288417679,"EQUITY_RATIO":2.953632705828},{"SECUCODE":"01959.HK","SECURITY_CODE":"01959","SECURITY_NAME_ABBR":"世纪联合控股","ORG_CODE":"10000003951","STD_REPORT_DATE":"2022-12-31 00:00:00","REPORT_DATE":"2022-12-31 00:00:00","DATE_TYPE_CODE":"001","REPORT_TYPE":"2022年年报","PER_NETCASH_OPERATE":0.002763251135,"PER_OI":3.956253142307,"BPS":0.476110545881,"BASIC_EPS":-0.0468,"DILUTED_EPS":-0.0468,"OPERATE_INCOME":1998707000,"OPERATE_INCOME_YOY":-2.5877728027,"GROSS_PROFIT":100440000,"GROSS_PROFIT_YOY":-15.569677712211,"HOLDER_PROFIT":-23632000,"HOLDER_PROFIT_YOY":-981.4621409922,"GROSS_PROFIT_RATIO":5.025248823364,"EPS_TTM":-0.046777328672,"OPERATE_INCOME_QOQ":8.057257657295,"NET_PROFIT_RATIO":-1.1920206413,"ROE_AVG":-9.411314923816,"GROSS_PROFIT_QOQ":-21.134457740507,"ROA":-2.782505491245,"HOLDER_PROFIT_QOQ":-802.497027348395,"ROE_YEARLY":-9.411314923816,"ROIC_YEARLY":-3.052486571423,"TOTAL_ASSETS":896716000,"TOTAL_LIABILITIES":654791000,"TAX_EBT":-28.402047965508,"OCF_SALES":0.069845154893,"TOTAL_PARENT_EQUITY":240532000,"DEBT_ASSET_RATIO":73.021001075,"OPERATE_PROFIT":-7479000,"PRETAX_PROFIT":-18555000,"NETCASH_OPERATE":1396000,"NETCASH_INVEST":-55087000,"NETCASH_FINANCE":70757000,"END_CASH":82229000,"DIVI_RATIO":null,"DIVIDEND_RATE":null,"CURRENT_RATIO":1.034443743708,"COMMON_ACS":2000000000,"CURRENTDEBT_DEBT":89.356603862912,"ISSUED_COMMON_SHARES":505202000,"HK_COMMON_SHARES":505202000,"PER_SHARES":2000,"TOTAL_MARKET_CAP":237444940,"HKSK_MARKET_CAP":237444940,"PE_TTM":-2.78700633923,"PB_TTM":1.586338199993,"REPORT_DATE_SQ":"2021-12-31 00:00:00","REPORT_TYPE_SQ":"2021年年报","OPERATE_INCOME_SQ":2051803000,"DPS_HKD":null,"OPERATE_INCOME_QOQ_SQ":-6.192013028309,"NET_PROFIT_RATIO_SQ":0.1053707398,"HOLDER_PROFIT_SQ":2681000,"HOLDER_PROFIT_QOQ_SQ":-48.462129950019,"ROE_AVG_SQ":1.040229851609,"PE_TTM_SQ":-1.928644464636,"PB_TTM_SQ":0.399262093543,"ROA_SQ":0.331611780444,"START_DATE":"2022-01-01 00:00:00","FISCAL_YEAR":"12-31","CURRENCY":"HKD","IS_CNY_CODE":0,"DPS_HKD_LY":null,"ORG_TYPE":"一般企业","PREMIUM_INCOME":null,"PREMIUM_INCOME_YOY":null,"NET_INTEREST_INCOME":null,"NET_INTEREST_INCOME_YOY":null,"FEE_COMMISSION_INCOME":null,"FEE_COMMISSION_INCOME_YOY":null,"ACCOUNTS_RECE_TDAYS":168.071560713084,"INVENTORY_TDAYS":8.466015823603,"CURRENT_ASSETS_TDAYS":3.335408743423,"TOTAL_ASSETS_TDAYS":2.353340048616,"PREMIUM_EXPENSE":null,"LOAN_DEPOSIT":null,"LOAN_EQUITY":null,"LOAN_ASSETS":null,"DEPOSIT_EQUITY":null,"DEPOSIT_ASSETS":null,"EQUITY_MULTIPLIER":3.706586752088,"EQUITY_RATIO":2.722261487037},{"SECUCODE":"01959.HK","SECURITY_CODE":"01959","SECURITY_NAME_ABBR":"世纪联合控股","ORG_CODE":"10000003951","STD_REPORT_DATE":"2022-06-30 00:00:00","REPORT_DATE":"2022-06-30 00:00:00","DATE_TYPE_CODE":"002","REPORT_TYPE":"2022年中报","PER_NETCASH_OPERATE":-0.113845550889,"PER_OI":1.538905229987,"BPS":0.506729981275,"BASIC_EPS":-0.0143,"DILUTED_EPS":-0.0143,"OPERATE_INCOME":777458000,"OPERATE_INCOME_YOY":-20.6341039642,"GROSS_PROFIT":53394000,"GROSS_PROFIT_YOY":18.653333333333,"HOLDER_PROFIT":-7238000,"HOLDER_PROFIT_YOY":8.6226486555,"GROSS_PROFIT_RATIO":6.86776649028,"EPS_TTM":0.00665872265,"OPERATE_INCOME_QOQ":-9.851286892553,"NET_PROFIT_RATIO":-1.0085432268,"ROE_AVG":-2.796359864239,"GROSS_PROFIT_QOQ":7.056034700156,"ROA":-0.848623624636,"HOLDER_PROFIT_QOQ":25.475568817605,"ROE_YEARLY":-5.592719728477,"ROIC_YEARLY":-1.815639129808,"TOTAL_ASSETS":903924000,"TOTAL_LIABILITIES":646940000,"TAX_EBT":-42.304900181488,"OCF_SALES":-7.397827278129,"TOTAL_PARENT_EQUITY":256001000,"DEBT_ASSET_RATIO":71.5701762538,"OPERATE_PROFIT":218000,"PRETAX_PROFIT":-5510000,"NETCASH_OPERATE":-57515000,"NETCASH_INVEST":-29505000,"NETCASH_FINANCE":65620000,"END_CASH":43634000,"DIVI_RATIO":null,"DIVIDEND_RATE":null,"CURRENT_RATIO":1.082727978981,"COMMON_ACS":2000000000,"CURRENTDEBT_DEBT":88.540668377284,"ISSUED_COMMON_SHARES":505202000,"HK_COMMON_SHARES":505202000,"PER_SHARES":2000,"TOTAL_MARKET_CAP":237444940,"HKSK_MARKET_CAP":237444940,"PE_TTM":-2.78700633923,"PB_TTM":1.586338199993,"REPORT_DATE_SQ":"2021-06-30 00:00:00","REPORT_TYPE_SQ":"2021年中报","OPERATE_INCOME_SQ":979587000,"DPS_HKD":null,"OPERATE_INCOME_QOQ_SQ":14.354331400273,"NET_PROFIT_RATIO_SQ":-0.8303499332,"HOLDER_PROFIT_SQ":-7921000,"HOLDER_PROFIT_QOQ_SQ":-75.72448551029,"ROE_AVG_SQ":-3.151069119841,"PE_TTM_SQ":-1.928644464636,"PB_TTM_SQ":0.399262093543,"ROA_SQ":-1.094521863492,"START_DATE":"2022-01-01 00:00:00","FISCAL_YEAR":"12-31","CURRENCY":"HKD","IS_CNY_CODE":0,"DPS_HKD_LY":null,"ORG_TYPE":"一般企业","PREMIUM_INCOME":null,"PREMIUM_INCOME_YOY":null,"NET_INTEREST_INCOME":null,"NET_INTEREST_INCOME_YOY":null,"FEE_COMMISSION_INCOME":null,"FEE_COMMISSION_INCOME_YOY":null,"ACCOUNTS_RECE_TDAYS":95.929175149608,"INVENTORY_TDAYS":2.743373293121,"CURRENT_ASSETS_TDAYS":1.281434757025,"TOTAL_ASSETS_TDAYS":0.911535266596,"PREMIUM_EXPENSE":null,"LOAN_DEPOSIT":null,"LOAN_EQUITY":null,"LOAN_ASSETS":null,"DEPOSIT_EQUITY":null,"DEPOSIT_ASSETS":null,"EQUITY_MULTIPLIER":3.517432991943,"EQUITY_RATIO":2.527099503518},{"SECUCODE":"01959.HK","SECURITY_CODE":"01959","SECURITY_NAME_ABBR":"世纪联合控股","ORG_CODE":"10000003951","STD_REPORT_DATE":"2021-12-31 00:00:00","REPORT_DATE":"2021-12-31 00:00:00","DATE_TYPE_CODE":"001","REPORT_TYPE":"2021年年报","PER_NETCASH_OPERATE":0.096662325169,"PER_OI":4.061351696945,"BPS":0.51795519416,"BASIC_EPS":0.0053,"DILUTED_EPS":0.0053,"OPERATE_INCOME":2051803000,"OPERATE_INCOME_YOY":7.2734963015,"GROSS_PROFIT":118962000,"GROSS_PROFIT_YOY":-8.770772782,"HOLDER_PROFIT":2681000,"HOLDER_PROFIT_YOY":-87.4889168883,"GROSS_PROFIT_RATIO":5.797925044461,"EPS_TTM":0.005306788176,"OPERATE_INCOME_QOQ":-6.192013028309,"NET_PROFIT_RATIO":0.1053707398,"ROE_AVG":1.040229851609,"GROSS_PROFIT_QOQ":5.370286716446,"ROA":0.331611780444,"HOLDER_PROFIT_QOQ":-48.462129950019,"ROE_YEARLY":1.040229851609,"ROIC_YEARLY":0.355373281125,"TOTAL_ASSETS":801897000,"TOTAL_LIABILITIES":538639000,"TAX_EBT":74.0050498978,"OCF_SALES":2.380053055776,"TOTAL_PARENT_EQUITY":261672000,"DEBT_ASSET_RATIO":67.1705967225,"OPERATE_PROFIT":19187000,"PRETAX_PROFIT":8317000,"NETCASH_OPERATE":48834000,"NETCASH_INVEST":-51357000,"NETCASH_FINANCE":28098000,"END_CASH":65028000,"DIVI_RATIO":null,"DIVIDEND_RATE":null,"CURRENT_RATIO":1.172554879567,"COMMON_ACS":2000000000,"CURRENTDEBT_DEBT":93.92673014765,"ISSUED_COMMON_SHARES":505202000,"HK_COMMON_SHARES":505202000,"PER_SHARES":2000,"TOTAL_MARKET_CAP":237444940,"HKSK_MARKET_CAP":237444940,"PE_TTM":-2.78700633923,"PB_TTM":1.586338199993,"REPORT_DATE_SQ":"2020-12-31 00:00:00","REPORT_TYPE_SQ":"2020年年报","OPERATE_INCOME_SQ":1912684000,"DPS_HKD":null,"OPERATE_INCOME_QOQ_SQ":3.573693242338,"NET_PROFIT_RATIO_SQ":1.125852467,"HOLDER_PROFIT_SQ":21429000,"HOLDER_PROFIT_QOQ_SQ":-17.176206856569,"ROE_AVG_SQ":8.685783307359,"PE_TTM_SQ":-1.928644464636,"PB_TTM_SQ":0.399262093543,"ROA_SQ":2.561410072441,"START_DATE":"2021-01-01 00:00:00","FISCAL_YEAR":"12-31","CURRENCY":"HKD","IS_CNY_CODE":0,"DPS_HKD_LY":null,"ORG_TYPE":"一般企业","PREMIUM_INCOME":null,"PREMIUM_INCOME_YOY":null,"NET_INTEREST_INCOME":null,"NET_INTEREST_INCOME_YOY":null,"FEE_COMMISSION_INCOME":null,"FEE_COMMISSION_INCOME_YOY":null,"ACCOUNTS_RECE_TDAYS":193.219983049251,"INVENTORY_TDAYS":7.504561152839,"CURRENT_ASSETS_TDAYS":3.305584912713,"TOTAL_ASSETS_TDAYS":2.537866639125,"PREMIUM_EXPENSE":null,"LOAN_DEPOSIT":null,"LOAN_EQUITY":null,"LOAN_ASSETS":null,"DEPOSIT_EQUITY":null,"DEPOSIT_ASSETS":null,"EQUITY_MULTIPLIER":3.046049882623,"EQUITY_RATIO":2.058451037941},{"SECUCODE":"01959.HK","SECURITY_CODE":"01959","SECURITY_NAME_ABBR":"世纪联合控股","ORG_CODE":"10000003951","STD_REPORT_DATE":"2021-06-30 00:00:00","REPORT_DATE":"2021-06-30 00:00:00","DATE_TYPE_CODE":"002","REPORT_TYPE":"2021年中报","PER_NETCASH_OPERATE":0.01019400926,"PER_OI":1.941652527591,"BPS":0.492791002411,"BASIC_EPS":-0.0158,"DILUTED_EPS":-0.0158,"OPERATE_INCOME":979587000,"OPERATE_INCOME_YOY":38.9418098985,"GROSS_PROFIT":45000000,"GROSS_PROFIT_YOY":-28,"HOLDER_PROFIT":-7921000,"HOLDER_PROFIT_YOY":-195.3647965326,"GROSS_PROFIT_RATIO":4.593772681753,"EPS_TTM":0.010310953952,"OPERATE_INCOME_QOQ":14.354331400273,"NET_PROFIT_RATIO":-0.8303499332,"ROE_AVG":-3.151069119841,"GROSS_PROFIT_QOQ":-13.420348315555,"ROA":-1.094521863492,"HOLDER_PROFIT_QOQ":-75.72448551029,"ROE_YEARLY":-6.302138239682,"ROIC_YEARLY":-2.277735003749,"TOTAL_ASSETS":632336000,"TOTAL_LIABILITIES":381485000,"TAX_EBT":15.840662183135,"OCF_SALES":0.525017175606,"TOTAL_PARENT_EQUITY":248959000,"DEBT_ASSET_RATIO":60.3294767339,"OPERATE_PROFIT":-3870000,"PRETAX_PROFIT":-9665000,"NETCASH_OPERATE":5143000,"NETCASH_INVEST":-14763000,"NETCASH_FINANCE":-16889000,"END_CASH":12966000,"DIVI_RATIO":null,"DIVIDEND_RATE":null,"CURRENT_RATIO":1.280273057646,"COMMON_ACS":2000000000,"CURRENTDEBT_DEBT":94.348139507451,"ISSUED_COMMON_SHARES":505202000,"HK_COMMON_SHARES":505202000,"PER_SHARES":2000,"TOTAL_MARKET_CAP":237444940,"HKSK_MARKET_CAP":237444940,"PE_TTM":-2.78700633923,"PB_TTM":1.586338199993,"REPORT_DATE_SQ":"2020-06-30 00:00:00","REPORT_TYPE_SQ":"2020年中报","OPERATE_INCOME_SQ":705034000,"DPS_HKD":null,"OPERATE_INCOME_QOQ_SQ":-10.881265843921,"NET_PROFIT_RATIO_SQ":1.1501572974,"HOLDER_PROFIT_SQ":8306000,"HOLDER_PROFIT_QOQ_SQ":-21.758195234063,"ROE_AVG_SQ":3.404872829681,"PE_TTM_SQ":-1.928644464636,"PB_TTM_SQ":0.399262093543,"ROA_SQ":1.078195806901,"START_DATE":"2021-01-01 00:00:00","FISCAL_YEAR":"12-31","CURRENCY":"HKD","IS_CNY_CODE":0,"DPS_HKD_LY":null,"ORG_TYPE":"一般企业","PREMIUM_INCOME":null,"PREMIUM_INCOME_YOY":null,"NET_INTEREST_INCOME":null,"NET_INTEREST_INCOME_YOY":null,"FEE_COMMISSION_INCOME":null,"FEE_COMMISSION_INCOME_YOY":null,"ACCOUNTS_RECE_TDAYS":87.463125,"INVENTORY_TDAYS":3.628111461358,"CURRENT_ASSETS_TDAYS":1.766627501936,"TOTAL_ASSETS_TDAYS":1.353590946462,"PREMIUM_EXPENSE":null,"LOAN_DEPOSIT":null,"LOAN_EQUITY":null,"LOAN_ASSETS":null,"DEPOSIT_EQUITY":null,"DEPOSIT_ASSETS":null,"EQUITY_MULTIPLIER":2.520763321654,"EQUITY_RATIO":1.532320582907},{"SECUCODE":"01959.HK","SECURITY_CODE":"01959","SECURITY_NAME_ABBR":"世纪联合控股","ORG_CODE":"10000003951","STD_REPORT_DATE":"2020-12-31 00:00:00","REPORT_DATE":"2020-12-31 00:00:00","DATE_TYPE_CODE":"001","REPORT_TYPE":"2020年年报","PER_NETCASH_OPERATE":0.290296,"PER_OI":3.825368,"BPS":0.502355493446,"BASIC_EPS":0.0429,"DILUTED_EPS":0.0429,"OPERATE_INCOME":1912684000,"OPERATE_INCOME_YOY":-7.6964356637,"GROSS_PROFIT":130399000,"GROSS_PROFIT_YOY":-27.355936357964,"HOLDER_PROFIT":21429000,"HOLDER_PROFIT_YOY":-35.197169469,"GROSS_PROFIT_RATIO":6.817592451236,"EPS_TTM":0.042858,"OPERATE_INCOME_QOQ":3.573693242338,"NET_PROFIT_RATIO":1.125852467,"ROE_AVG":8.685783307359,"GROSS_PROFIT_QOQ":-17.282611453655,"ROA":2.561410072441,"HOLDER_PROFIT_QOQ":-17.176206856569,"ROE_YEARLY":8.685783307359,"ROIC_YEARLY":2.677368310249,"TOTAL_ASSETS":815054000,"TOTAL_LIABILITIES":559158000,"TAX_EBT":35.799892671874,"OCF_SALES":7.588707805367,"TOTAL_PARENT_EQUITY":253791000,"DEBT_ASSET_RATIO":68.6037980306,"OPERATE_PROFIT":48198000,"PRETAX_PROFIT":33542000,"NETCASH_OPERATE":145148000,"NETCASH_INVEST":-19944000,"NETCASH_FINANCE":-115183000,"END_CASH":39396000,"DIVI_RATIO":null,"DIVIDEND_RATE":null,"CURRENT_RATIO":1.482905826478,"COMMON_ACS":2000000000,"CURRENTDEBT_DEBT":78.172537994628,"ISSUED_COMMON_SHARES":505202000,"HK_COMMON_SHARES":505202000,"PER_SHARES":2000,"TOTAL_MARKET_CAP":237444940,"HKSK_MARKET_CAP":237444940,"PE_TTM":-2.78700633923,"PB_TTM":1.586338199993,"REPORT_DATE_SQ":"2019-12-31 00:00:00","REPORT_TYPE_SQ":"2019年年报","OPERATE_INCOME_SQ":2072167000,"DPS_HKD":null,"OPERATE_INCOME_QOQ_SQ":6.795611631331,"NET_PROFIT_RATIO_SQ":1.5958173255,"HOLDER_PROFIT_SQ":33068000,"HOLDER_PROFIT_QOQ_SQ":-3.978163656426,"ROE_AVG_SQ":19.147322281605,"PE_TTM_SQ":-1.928644464636,"PB_TTM_SQ":0.399262093543,"ROA_SQ":4.256425570475,"START_DATE":"2020-01-01 00:00:00","FISCAL_YEAR":"12-31","CURRENCY":"HKD","IS_CNY_CODE":0,"DPS_HKD_LY":0.02,"ORG_TYPE":"一般企业","PREMIUM_INCOME":null,"PREMIUM_INCOME_YOY":null,"NET_INTEREST_INCOME":null,"NET_INTEREST_INCOME_YOY":null,"FEE_COMMISSION_INCOME":null,"FEE_COMMISSION_INCOME_YOY":null,"ACCOUNTS_RECE_TDAYS":213.124296618196,"INVENTORY_TDAYS":5.862769962549,"CURRENT_ASSETS_TDAYS":2.859124138328,"TOTAL_ASSETS_TDAYS":2.286232704745,"PREMIUM_EXPENSE":null,"LOAN_DEPOSIT":null,"LOAN_EQUITY":null,"LOAN_ASSETS":null,"DEPOSIT_EQUITY":null,"DEPOSIT_ASSETS":null,"EQUITY_MULTIPLIER":3.185098633824,"EQUITY_RATIO":2.203222336489},{"SECUCODE":"01959.HK","SECURITY_CODE":"01959","SECURITY_NAME_ABBR":"世纪联合控股","ORG_CODE":"10000003951","STD_REPORT_DATE":"2020-06-30 00:00:00","REPORT_DATE":"2020-06-30 00:00:00","DATE_TYPE_CODE":"002","REPORT_TYPE":"2020年中报","PER_NETCASH_OPERATE":0.198872,"PER_OI":1.410068,"BPS":0.491393541593,"BASIC_EPS":0.0166,"DILUTED_EPS":0.0166,"OPERATE_INCOME":705034000,"OPERATE_INCOME_YOY":-24.2316058256,"GROSS_PROFIT":62500000,"GROSS_PROFIT_YOY":-25.912754860123,"HOLDER_PROFIT":8306000,"HOLDER_PROFIT_YOY":-46.4163602348,"GROSS_PROFIT_RATIO":8.864820703682,"EPS_TTM":0.051746,"OPERATE_INCOME_QOQ":-10.881265843921,"NET_PROFIT_RATIO":1.1501572974,"ROE_AVG":3.404872829681,"GROSS_PROFIT_QOQ":-12.178001604421,"ROA":1.078195806901,"HOLDER_PROFIT_QOQ":-21.758195234063,"ROE_YEARLY":6.809745659361,"ROIC_YEARLY":2.273064689708,"TOTAL_ASSETS":682557000,"TOTAL_LIABILITIES":432501000,"TAX_EBT":48.560010149708,"OCF_SALES":14.103716983862,"TOTAL_PARENT_EQUITY":248253000,"DEBT_ASSET_RATIO":63.3648178833,"OPERATE_PROFIT":23962000,"PRETAX_PROFIT":15764000,"NETCASH_OPERATE":99436000,"NETCASH_INVEST":-10717000,"NETCASH_FINANCE":-71464000,"END_CASH":46313000,"DIVI_RATIO":null,"DIVIDEND_RATE":null,"CURRENT_RATIO":1.266326545695,"COMMON_ACS":2000000000,"CURRENTDEBT_DEBT":93.857355243109,"ISSUED_COMMON_SHARES":505202000,"HK_COMMON_SHARES":505202000,"PER_SHARES":2000,"TOTAL_MARKET_CAP":237444940,"HKSK_MARKET_CAP":237444940,"PE_TTM":-2.78700633923,"PB_TTM":1.586338199993,"REPORT_DATE_SQ":"2019-06-30 00:00:00","REPORT_TYPE_SQ":"2019年中报","OPERATE_INCOME_SQ":930512000,"DPS_HKD":null,"OPERATE_INCOME_QOQ_SQ":0,"NET_PROFIT_RATIO_SQ":1.6658570765,"HOLDER_PROFIT_SQ":15501000,"HOLDER_PROFIT_QOQ_SQ":0,"ROE_AVG_SQ":null,"PE_TTM_SQ":-1.928644464636,"PB_TTM_SQ":0.399262093543,"ROA_SQ":null,"START_DATE":"2020-01-01 00:00:00","FISCAL_YEAR":"12-31","CURRENCY":"HKD","IS_CNY_CODE":0,"DPS_HKD_LY":0.02,"ORG_TYPE":"一般企业","PREMIUM_INCOME":null,"PREMIUM_INCOME_YOY":null,"NET_INTEREST_INCOME":null,"NET_INTEREST_INCOME_YOY":null,"FEE_COMMISSION_INCOME":null,"FEE_COMMISSION_INCOME_YOY":null,"ACCOUNTS_RECE_TDAYS":61.363331737674,"INVENTORY_TDAYS":2.222581967426,"CURRENT_ASSETS_TDAYS":1.17134156168,"TOTAL_ASSETS_TDAYS":0.915199497379,"PREMIUM_EXPENSE":null,"LOAN_DEPOSIT":null,"LOAN_EQUITY":null,"LOAN_ASSETS":null,"DEPOSIT_EQUITY":null,"DEPOSIT_ASSETS":null,"EQUITY_MULTIPLIER":2.729616565886,"EQUITY_RATIO":1.742178342256}],"count":16},"success":true,"message":"ok","code":0}