{"version":"6eb7c8ee52bfe841ffeb7bd594ac9af8","result":{"pages":2,"data":[{"SECUCODE":"01957.HK","SECURITY_CODE":"01957","SECURITY_NAME_ABBR":"大人国际","ORG_CODE":"10000024188","STD_REPORT_DATE":"2024-06-30 00:00:00","REPORT_DATE":"2024-06-30 00:00:00","DATE_TYPE_CODE":"002","REPORT_TYPE":"2024年中报","PER_NETCASH_OPERATE":0.026887003247,"PER_OI":0.222895804762,"BPS":0.478324739235,"BASIC_EPS":0.014943847361,"DILUTED_EPS":0.014943847361,"OPERATE_INCOME":139978565.390653,"OPERATE_INCOME_YOY":-2.4171314322,"GROSS_PROFIT":43984724.0671416,"GROSS_PROFIT_YOY":-0.279120575473,"HOLDER_PROFIT":9379905.80847723,"HOLDER_PROFIT_YOY":-16.802784844,"GROSS_PROFIT_RATIO":31.422470965029,"EPS_TTM":0.047110522452,"OPERATE_INCOME_QOQ":-2.284158101335,"NET_PROFIT_RATIO":7.2002415537,"ROE_AVG":3.181559855207,"GROSS_PROFIT_QOQ":-0.127125551571,"ROA":2.556728177909,"HOLDER_PROFIT_QOQ":-6.938591696072,"ROE_YEARLY":6.363119710414,"ROIC_YEARLY":8.809155056865,"TOTAL_ASSETS":368679809.201787,"TOTAL_LIABILITIES":60164835.1648352,"TAX_EBT":31.398335559437,"OCF_SALES":12.062588291115,"TOTAL_PARENT_EQUITY":300387936.239585,"DEBT_ASSET_RATIO":16.318993789,"OPERATE_PROFIT":16788431.3488709,"PRETAX_PROFIT":14691764.2796764,"NETCASH_OPERATE":16885038.0388842,"NETCASH_INVEST":-6199432.43569617,"NETCASH_FINANCE":-1210602.58422896,"END_CASH":151364569.496438,"DIVI_RATIO":null,"DIVIDEND_RATE":null,"CURRENT_RATIO":4.437977207977,"COMMON_ACS":5000000000,"CURRENTDEBT_DEBT":88.062622309198,"ISSUED_COMMON_SHARES":628000000,"HK_COMMON_SHARES":628000000,"PER_SHARES":2500,"TOTAL_MARKET_CAP":143812000,"HKSK_MARKET_CAP":143812000,"PE_TTM":4.385538542608,"PB_TTM":0.436949424344,"REPORT_DATE_SQ":"2023-06-30 00:00:00","REPORT_TYPE_SQ":"2023年中报","OPERATE_INCOME_SQ":147408751.764469,"DPS_HKD":null,"OPERATE_INCOME_QOQ_SQ":8.135037360797,"NET_PROFIT_RATIO_SQ":8.4278648848,"HOLDER_PROFIT_SQ":11585772.5658089,"HOLDER_PROFIT_QOQ_SQ":10.185667604097,"ROE_AVG_SQ":4.288437467703,"PE_TTM_SQ":11.448792953496,"PB_TTM_SQ":1.088532443725,"ROA_SQ":3.908077251108,"START_DATE":"2024-01-01 00:00:00","FISCAL_YEAR":"12-31","CURRENCY":"HKD","IS_CNY_CODE":0,"DPS_HKD_LY":null,"ORG_TYPE":"一般企业","PREMIUM_INCOME":null,"PREMIUM_INCOME_YOY":null,"NET_INTEREST_INCOME":null,"NET_INTEREST_INCOME_YOY":null,"FEE_COMMISSION_INCOME":null,"FEE_COMMISSION_INCOME_YOY":null,"ACCOUNTS_RECE_TDAYS":6.284852592342,"INVENTORY_TDAYS":1.556501945811,"CURRENT_ASSETS_TDAYS":0.602772938821,"TOTAL_ASSETS_TDAYS":0.381546627168,"PREMIUM_EXPENSE":null,"LOAN_DEPOSIT":null,"LOAN_EQUITY":null,"LOAN_ASSETS":null,"DEPOSIT_EQUITY":null,"DEPOSIT_ASSETS":null,"EQUITY_MULTIPLIER":1.195014311227,"EQUITY_RATIO":0.200290450802},{"SECUCODE":"01957.HK","SECURITY_CODE":"01957","SECURITY_NAME_ABBR":"大人国际","ORG_CODE":"10000024188","STD_REPORT_DATE":"2023-12-31 00:00:00","REPORT_DATE":"2023-12-31 00:00:00","DATE_TYPE_CODE":"001","REPORT_TYPE":"2023年年报","PER_NETCASH_OPERATE":0.077617262943,"PER_OI":0.517981087113,"BPS":0.47037976001,"BASIC_EPS":0.050562663789,"DILUTED_EPS":0.050562663789,"OPERATE_INCOME":325292122.706952,"OPERATE_INCOME_YOY":6.0776063581,"GROSS_PROFIT":96844458.1470633,"GROSS_PROFIT_YOY":15.456206167542,"HOLDER_PROFIT":31791274.8574071,"HOLDER_PROFIT_YOY":36.5399894068,"GROSS_PROFIT_RATIO":29.771534994811,"EPS_TTM":0.050623049136,"OPERATE_INCOME_QOQ":-4.118043880073,"NET_PROFIT_RATIO":10.5043669467,"ROE_AVG":11.405107218405,"GROSS_PROFIT_QOQ":3.822084866074,"ROA":9.630323166617,"HOLDER_PROFIT_QOQ":21.119582856924,"ROE_YEARLY":11.405107218405,"ROIC_YEARLY":16.665723867631,"TOTAL_ASSETS":372817943.579467,"TOTAL_LIABILITIES":69833513.1802066,"TAX_EBT":28.079169370539,"OCF_SALES":14.984574702512,"TOTAL_PARENT_EQUITY":295398489.286265,"DEBT_ASSET_RATIO":18.7312639809,"OPERATE_PROFIT":49727146.6008941,"PRETAX_PROFIT":47510405.4262371,"NETCASH_OPERATE":48743641.1284107,"NETCASH_INVEST":-26247880.3761369,"NETCASH_FINANCE":-2373978.72668414,"END_CASH":143742870.356097,"DIVI_RATIO":null,"DIVIDEND_RATE":null,"CURRENT_RATIO":3.754324831949,"COMMON_ACS":5000000000,"CURRENTDEBT_DEBT":89.322531511446,"ISSUED_COMMON_SHARES":628000000,"HK_COMMON_SHARES":628000000,"PER_SHARES":2500,"TOTAL_MARKET_CAP":155744000,"HKSK_MARKET_CAP":155744000,"PE_TTM":4.749404185881,"PB_TTM":0.473202870031,"REPORT_DATE_SQ":"2022-12-31 00:00:00","REPORT_TYPE_SQ":"2022年年报","OPERATE_INCOME_SQ":313740241.305891,"DPS_HKD":null,"OPERATE_INCOME_QOQ_SQ":38.910241947853,"NET_PROFIT_RATIO_SQ":8.3799584772,"HOLDER_PROFIT_SQ":23821465.1841337,"HOLDER_PROFIT_QOQ_SQ":24.329358844723,"ROE_AVG_SQ":9.316986660498,"PE_TTM_SQ":12.769807525053,"PB_TTM_SQ":1.214132341077,"ROA_SQ":8.492860295709,"START_DATE":"2023-01-01 00:00:00","FISCAL_YEAR":"12-31","CURRENCY":"HKD","IS_CNY_CODE":0,"DPS_HKD_LY":null,"ORG_TYPE":"一般企业","PREMIUM_INCOME":null,"PREMIUM_INCOME_YOY":null,"NET_INTEREST_INCOME":null,"NET_INTEREST_INCOME_YOY":null,"FEE_COMMISSION_INCOME":null,"FEE_COMMISSION_INCOME_YOY":null,"ACCOUNTS_RECE_TDAYS":12.774199406744,"INVENTORY_TDAYS":3.426332034727,"CURRENT_ASSETS_TDAYS":1.428909037968,"TOTAL_ASSETS_TDAYS":0.98538617255,"PREMIUM_EXPENSE":null,"LOAN_DEPOSIT":null,"LOAN_EQUITY":null,"LOAN_ASSETS":null,"DEPOSIT_EQUITY":null,"DEPOSIT_ASSETS":null,"EQUITY_MULTIPLIER":1.230485484313,"EQUITY_RATIO":0.236404435747},{"SECUCODE":"01957.HK","SECURITY_CODE":"01957","SECURITY_NAME_ABBR":"大人国际","ORG_CODE":"10000024188","STD_REPORT_DATE":"2023-06-30 00:00:00","REPORT_DATE":"2023-06-30 00:00:00","DATE_TYPE_CODE":"002","REPORT_TYPE":"2023年中报","PER_NETCASH_OPERATE":0.035395584311,"PER_OI":0.234727311727,"BPS":0.440436666407,"BASIC_EPS":0.018459056572,"DILUTED_EPS":0.018459056572,"OPERATE_INCOME":147408751.764469,"OPERATE_INCOME_YOY":18.9019431203,"GROSS_PROFIT":44107838.1187274,"GROSS_PROFIT_YOY":27.081117848816,"HOLDER_PROFIT":11585772.5658089,"HOLDER_PROFIT_YOY":24.358974359,"GROSS_PROFIT_RATIO":29.92212985373,"EPS_TTM":0.041795924277,"OPERATE_INCOME_QOQ":8.135037360797,"NET_PROFIT_RATIO":8.4278648848,"ROE_AVG":4.288437467703,"GROSS_PROFIT_QOQ":11.205825154133,"ROA":3.908077251108,"HOLDER_PROFIT_QOQ":10.185667604097,"ROE_YEARLY":8.576874935406,"ROIC_YEARLY":13.856950042439,"TOTAL_ASSETS":303702669.582887,"TOTAL_LIABILITIES":21030915.0418043,"TAX_EBT":30.615957723296,"OCF_SALES":15.079448595181,"TOTAL_PARENT_EQUITY":276594226.503482,"DEBT_ASSET_RATIO":6.9248370687,"OPERATE_PROFIT":17950269.1299425,"PRETAX_PROFIT":17905284.8744319,"NETCASH_OPERATE":22228426.9471202,"NETCASH_INVEST":-20610544.9299642,"NETCASH_FINANCE":-1178897.73062187,"END_CASH":124372159.399383,"DIVI_RATIO":null,"DIVIDEND_RATE":null,"CURRENT_RATIO":16.602336392896,"COMMON_ACS":5000000000,"CURRENTDEBT_DEBT":61.874907803511,"ISSUED_COMMON_SHARES":628000000,"HK_COMMON_SHARES":628000000,"PER_SHARES":2500,"TOTAL_MARKET_CAP":155744000,"HKSK_MARKET_CAP":155744000,"PE_TTM":4.749404185881,"PB_TTM":0.473202870031,"REPORT_DATE_SQ":"2022-06-30 00:00:00","REPORT_TYPE_SQ":"2022年中报","OPERATE_INCOME_SQ":121885865.91838,"DPS_HKD":null,"OPERATE_INCOME_QOQ_SQ":22.499548227511,"NET_PROFIT_RATIO_SQ":7.84755327,"HOLDER_PROFIT_SQ":9159397.3037272,"HOLDER_PROFIT_QOQ_SQ":34.573812368746,"ROE_AVG_SQ":3.813405969638,"PE_TTM_SQ":12.769807525053,"PB_TTM_SQ":1.214132341077,"ROA_SQ":3.453083541509,"START_DATE":"2023-01-01 00:00:00","FISCAL_YEAR":"12-31","CURRENCY":"HKD","IS_CNY_CODE":0,"DPS_HKD_LY":null,"ORG_TYPE":"一般企业","PREMIUM_INCOME":null,"PREMIUM_INCOME_YOY":null,"NET_INTEREST_INCOME":null,"NET_INTEREST_INCOME_YOY":null,"FEE_COMMISSION_INCOME":null,"FEE_COMMISSION_INCOME_YOY":null,"ACCOUNTS_RECE_TDAYS":6.007143082904,"INVENTORY_TDAYS":1.507885292486,"CURRENT_ASSETS_TDAYS":0.672264746247,"TOTAL_ASSETS_TDAYS":0.497234678234,"PREMIUM_EXPENSE":null,"LOAN_DEPOSIT":null,"LOAN_EQUITY":null,"LOAN_ASSETS":null,"DEPOSIT_EQUITY":null,"DEPOSIT_ASSETS":null,"EQUITY_MULTIPLIER":1.074400482907,"EQUITY_RATIO":0.076035264032},{"SECUCODE":"01957.HK","SECURITY_CODE":"01957","SECURITY_NAME_ABBR":"大人国际","ORG_CODE":"10000024188","STD_REPORT_DATE":"2022-12-31 00:00:00","REPORT_DATE":"2022-12-31 00:00:00","DATE_TYPE_CODE":"001","REPORT_TYPE":"2022年年报","PER_NETCASH_OPERATE":0.013569124177,"PER_OI":0.499586371506,"BPS":0.426989171322,"BASIC_EPS":0.038009620692,"DILUTED_EPS":0.038009620692,"OPERATE_INCOME":313740241.305891,"OPERATE_INCOME_YOY":64.7142111931,"GROSS_PROFIT":83879820.203454,"GROSS_PROFIT_YOY":69.820728898648,"HOLDER_PROFIT":23821465.1841337,"HOLDER_PROFIT_YOY":61.9558224319,"GROSS_PROFIT_RATIO":26.735435612059,"EPS_TTM":0.037932269401,"OPERATE_INCOME_QOQ":38.910241947853,"NET_PROFIT_RATIO":8.3799584772,"ROE_AVG":9.316986660498,"GROSS_PROFIT_QOQ":29.585020774338,"ROA":8.492860295709,"HOLDER_PROFIT_QOQ":24.329358844723,"ROE_YEARLY":9.316986660498,"ROIC_YEARLY":15.881477742904,"TOTAL_ASSETS":294055673.842757,"TOTAL_LIABILITIES":20578818.7051494,"TAX_EBT":31.587803176427,"OCF_SALES":2.716071724804,"TOTAL_PARENT_EQUITY":268149199.589938,"DEBT_ASSET_RATIO":6.9982729584,"OPERATE_PROFIT":38560050.4692059,"PRETAX_PROFIT":38430723.1290908,"NETCASH_OPERATE":8521409.98343979,"NETCASH_INVEST":-9944010.72470626,"NETCASH_FINANCE":-2428830.53386957,"END_CASH":124841889.440896,"DIVI_RATIO":null,"DIVIDEND_RATE":null,"CURRENT_RATIO":19.624982897797,"COMMON_ACS":5000000000,"CURRENTDEBT_DEBT":56.016247700797,"ISSUED_COMMON_SHARES":628000000,"HK_COMMON_SHARES":628000000,"PER_SHARES":2500,"TOTAL_MARKET_CAP":155744000,"HKSK_MARKET_CAP":155744000,"PE_TTM":4.749404185881,"PB_TTM":0.473202870031,"REPORT_DATE_SQ":"2021-12-31 00:00:00","REPORT_TYPE_SQ":"2021年年报","OPERATE_INCOME_SQ":184374761.461307,"DPS_HKD":null,"OPERATE_INCOME_QOQ_SQ":-1.776787365891,"NET_PROFIT_RATIO_SQ":7.9489281367,"HOLDER_PROFIT_SQ":14237515.8389692,"HOLDER_PROFIT_QOQ_SQ":21.380494073679,"ROE_AVG_SQ":6.240422898056,"PE_TTM_SQ":12.769807525053,"PB_TTM_SQ":1.214132341077,"ROA_SQ":5.68433242922,"START_DATE":"2022-01-01 00:00:00","FISCAL_YEAR":"12-31","CURRENCY":"HKD","IS_CNY_CODE":0,"DPS_HKD_LY":null,"ORG_TYPE":"一般企业","PREMIUM_INCOME":null,"PREMIUM_INCOME_YOY":null,"NET_INTEREST_INCOME":null,"NET_INTEREST_INCOME_YOY":null,"FEE_COMMISSION_INCOME":null,"FEE_COMMISSION_INCOME_YOY":null,"ACCOUNTS_RECE_TDAYS":9.169255588845,"INVENTORY_TDAYS":4.484951994092,"CURRENT_ASSETS_TDAYS":1.454580685732,"TOTAL_ASSETS_TDAYS":1.118550860729,"PREMIUM_EXPENSE":null,"LOAN_DEPOSIT":null,"LOAN_EQUITY":null,"LOAN_ASSETS":null,"DEPOSIT_EQUITY":null,"DEPOSIT_ASSETS":null,"EQUITY_MULTIPLIER":1.075248849468,"EQUITY_RATIO":0.076743912481},{"SECUCODE":"01957.HK","SECURITY_CODE":"01957","SECURITY_NAME_ABBR":"大人国际","ORG_CODE":"10000024188","STD_REPORT_DATE":"2022-06-30 00:00:00","REPORT_DATE":"2022-06-30 00:00:00","DATE_TYPE_CODE":"002","REPORT_TYPE":"2022年中报","PER_NETCASH_OPERATE":-0.023541001849,"PER_OI":0.194085773755,"BPS":0.390461537684,"BASIC_EPS":0.014640395291,"DILUTED_EPS":0.014640395291,"OPERATE_INCOME":121885865.91838,"OPERATE_INCOME_YOY":54.670717783,"GROSS_PROFIT":34708412.1271274,"GROSS_PROFIT_YOY":79.167890006926,"HOLDER_PROFIT":9159397.3037272,"HOLDER_PROFIT_YOY":120.5655526992,"GROSS_PROFIT_RATIO":28.476158302366,"EPS_TTM":0.030509502948,"OPERATE_INCOME_QOQ":22.499548227511,"NET_PROFIT_RATIO":7.84755327,"ROE_AVG":3.813405969638,"GROSS_PROFIT_QOQ":31.049659817069,"ROA":3.453083541509,"HOLDER_PROFIT_QOQ":34.573812368746,"ROE_YEARLY":7.626811939275,"ROIC_YEARLY":12.176751447079,"TOTAL_ASSETS":272405904.959434,"TOTAL_LIABILITIES":24027023.7296407,"TAX_EBT":31.235610130468,"OCF_SALES":-12.129174330293,"TOTAL_PARENT_EQUITY":245209845.665833,"DEBT_ASSET_RATIO":8.8203020904,"OPERATE_PROFIT":13964802.0496553,"PRETAX_PROFIT":13909900.5673153,"NETCASH_OPERATE":-14783749.1612274,"NETCASH_INVEST":-8692734.703837,"NETCASH_FINANCE":-957725.858598182,"END_CASH":99961873.9705972,"DIVI_RATIO":null,"DIVIDEND_RATE":null,"CURRENT_RATIO":14.192279527147,"COMMON_ACS":5000000000,"CURRENTDEBT_DEBT":60.672802284989,"ISSUED_COMMON_SHARES":628000000,"HK_COMMON_SHARES":628000000,"PER_SHARES":2500,"TOTAL_MARKET_CAP":155744000,"HKSK_MARKET_CAP":155744000,"PE_TTM":4.749404185881,"PB_TTM":0.473202870031,"REPORT_DATE_SQ":"2021-06-30 00:00:00","REPORT_TYPE_SQ":"2021年中报","OPERATE_INCOME_SQ":80402377.5440344,"DPS_HKD":null,"OPERATE_INCOME_QOQ_SQ":6.036693923099,"NET_PROFIT_RATIO_SQ":5.1516265748,"HOLDER_PROFIT_SQ":4236945.29159146,"HOLDER_PROFIT_QOQ_SQ":1778.963451939,"ROE_AVG_SQ":1.871194733442,"PE_TTM_SQ":12.769807525053,"PB_TTM_SQ":1.214132341077,"ROA_SQ":1.698197341383,"START_DATE":"2022-01-01 00:00:00","FISCAL_YEAR":"12-31","CURRENCY":"HKD","IS_CNY_CODE":0,"DPS_HKD_LY":null,"ORG_TYPE":"一般企业","PREMIUM_INCOME":null,"PREMIUM_INCOME_YOY":null,"NET_INTEREST_INCOME":null,"NET_INTEREST_INCOME_YOY":null,"FEE_COMMISSION_INCOME":null,"FEE_COMMISSION_INCOME_YOY":null,"ACCOUNTS_RECE_TDAYS":2.807320114509,"INVENTORY_TDAYS":2.040478315188,"CURRENT_ASSETS_TDAYS":0.601505966291,"TOTAL_ASSETS_TDAYS":0.459508484662,"PREMIUM_EXPENSE":null,"LOAN_DEPOSIT":null,"LOAN_EQUITY":null,"LOAN_ASSETS":null,"DEPOSIT_EQUITY":null,"DEPOSIT_ASSETS":null,"EQUITY_MULTIPLIER":1.096735373034,"EQUITY_RATIO":0.097985558714},{"SECUCODE":"01957.HK","SECURITY_CODE":"01957","SECURITY_NAME_ABBR":"大人国际","ORG_CODE":"10000024188","STD_REPORT_DATE":"2021-12-31 00:00:00","REPORT_DATE":"2021-12-31 00:00:00","DATE_TYPE_CODE":"001","REPORT_TYPE":"2021年年报","PER_NETCASH_OPERATE":0.049642788763,"PER_OI":0.293590384493,"BPS":0.374867354254,"BASIC_EPS":0.022747049753,"DILUTED_EPS":0.022747049753,"OPERATE_INCOME":184374761.461307,"OPERATE_INCOME_YOY":10.3344631323,"GROSS_PROFIT":49393157.5653023,"GROSS_PROFIT_YOY":0.812910108445,"HOLDER_PROFIT":14237515.8389692,"HOLDER_PROFIT_YOY":2316.0621761658,"GROSS_PROFIT_RATIO":26.789543847447,"EPS_TTM":0.022671203565,"OPERATE_INCOME_QOQ":-1.776787365891,"NET_PROFIT_RATIO":7.9489281367,"ROE_AVG":6.240422898056,"GROSS_PROFIT_QOQ":-0.346728051094,"ROA":5.68433242922,"HOLDER_PROFIT_QOQ":21.380494073679,"ROE_YEARLY":6.240422898056,"ROIC_YEARLY":10.503849121207,"TOTAL_ASSETS":258371372.303559,"TOTAL_LIABILITIES":20188388.3180923,"TAX_EBT":31.049342814049,"OCF_SALES":16.908860570832,"TOTAL_PARENT_EQUITY":235416698.471826,"DEBT_ASSET_RATIO":7.8137094439,"OPERATE_PROFIT":21351693.8155504,"PRETAX_PROFIT":21255515.0145795,"NETCASH_OPERATE":31134451.8571668,"NETCASH_INVEST":-5028777.30790956,"NETCASH_FINANCE":-3092988.10741493,"END_CASH":123859975.878967,"DIVI_RATIO":null,"DIVIDEND_RATE":null,"CURRENT_RATIO":19.999846248463,"COMMON_ACS":5000000000,"CURRENTDEBT_DEBT":49.1833030853,"ISSUED_COMMON_SHARES":628000000,"HK_COMMON_SHARES":628000000,"PER_SHARES":2500,"TOTAL_MARKET_CAP":155744000,"HKSK_MARKET_CAP":155744000,"PE_TTM":4.749404185881,"PB_TTM":0.473202870031,"REPORT_DATE_SQ":"2020-12-31 00:00:00","REPORT_TYPE_SQ":"2020年年报","OPERATE_INCOME_SQ":177023595.814533,"DPS_HKD":null,"OPERATE_INCOME_QOQ_SQ":-24.275463691011,"NET_PROFIT_RATIO_SQ":0.066691638,"HOLDER_PROFIT_SQ":624262.125402293,"HOLDER_PROFIT_QOQ_SQ":-94.724731416863,"ROE_AVG_SQ":0.32145236509,"PE_TTM_SQ":12.769807525053,"PB_TTM_SQ":1.214132341077,"ROA_SQ":0.275939965186,"START_DATE":"2021-01-01 00:00:00","FISCAL_YEAR":"12-31","CURRENCY":"HKD","IS_CNY_CODE":0,"DPS_HKD_LY":null,"ORG_TYPE":"一般企业","PREMIUM_INCOME":null,"PREMIUM_INCOME_YOY":null,"NET_INTEREST_INCOME":null,"NET_INTEREST_INCOME_YOY":null,"FEE_COMMISSION_INCOME":null,"FEE_COMMISSION_INCOME_YOY":null,"ACCOUNTS_RECE_TDAYS":4.81754357972,"INVENTORY_TDAYS":3.522729989243,"CURRENT_ASSETS_TDAYS":0.942349182074,"TOTAL_ASSETS_TDAYS":0.736116782982,"PREMIUM_EXPENSE":null,"LOAN_DEPOSIT":null,"LOAN_EQUITY":null,"LOAN_ASSETS":null,"DEPOSIT_EQUITY":null,"DEPOSIT_ASSETS":null,"EQUITY_MULTIPLIER":1.084759994103,"EQUITY_RATIO":0.08575597419},{"SECUCODE":"01957.HK","SECURITY_CODE":"01957","SECURITY_NAME_ABBR":"大人国际","ORG_CODE":"10000024188","STD_REPORT_DATE":"2021-06-30 00:00:00","REPORT_DATE":"2021-06-30 00:00:00","DATE_TYPE_CODE":"002","REPORT_TYPE":"2021年中报","PER_NETCASH_OPERATE":0.005017306113,"PER_OI":0.128029263605,"BPS":0.362631064424,"BASIC_EPS":0.006690732557,"DILUTED_EPS":0.006690732557,"OPERATE_INCOME":80402377.5440344,"OPERATE_INCOME_YOY":22.5233556219,"GROSS_PROFIT":19372004.7301923,"GROSS_PROFIT_YOY":3.032359253407,"HOLDER_PROFIT":4236945.29159146,"HOLDER_PROFIT_YOY":165.5354993983,"GROSS_PROFIT_RATIO":24.093820757456,"EPS_TTM":0.018677798058,"OPERATE_INCOME_QOQ":6.036693923099,"NET_PROFIT_RATIO":5.1516265748,"ROE_AVG":1.871194733442,"GROSS_PROFIT_QOQ":1.163672940045,"ROA":1.698197341383,"HOLDER_PROFIT_QOQ":1778.963451939,"ROE_YEARLY":3.742389466885,"ROIC_YEARLY":5.904995283377,"TOTAL_ASSETS":251764486.213979,"TOTAL_LIABILITIES":21733988.9213917,"TAX_EBT":39.237616982424,"OCF_SALES":3.91887446055,"TOTAL_PARENT_EQUITY":227732308.458331,"DEBT_ASSET_RATIO":8.6326666831,"OPERATE_PROFIT":6855666.8948777,"PRETAX_PROFIT":6816767.28698575,"NETCASH_OPERATE":3150868.23924815,"NETCASH_INVEST":462127.341756395,"NETCASH_FINANCE":-1968320.15933279,"END_CASH":104482790.813469,"DIVI_RATIO":null,"DIVIDEND_RATE":null,"CURRENT_RATIO":17.139325228794,"COMMON_ACS":5000000000,"CURRENTDEBT_DEBT":52.412657502864,"ISSUED_COMMON_SHARES":628000000,"HK_COMMON_SHARES":628000000,"PER_SHARES":2500,"TOTAL_MARKET_CAP":155744000,"HKSK_MARKET_CAP":155744000,"PE_TTM":4.749404185881,"PB_TTM":0.473202870031,"REPORT_DATE_SQ":"2020-06-30 00:00:00","REPORT_TYPE_SQ":"2020年中报","OPERATE_INCOME_SQ":69716004.8930472,"DPS_HKD":null,"OPERATE_INCOME_QOQ_SQ":-22.770894753562,"NET_PROFIT_RATIO_SQ":-10.4756485038,"HOLDER_PROFIT_SQ":-6868449.76361292,"HOLDER_PROFIT_QOQ_SQ":-63.183609213073,"ROE_AVG_SQ":-4.447893807204,"PE_TTM_SQ":12.769807525053,"PB_TTM_SQ":1.214132341077,"ROA_SQ":-3.485709012508,"START_DATE":"2021-01-01 00:00:00","FISCAL_YEAR":"12-31","CURRENCY":"HKD","IS_CNY_CODE":0,"DPS_HKD_LY":null,"ORG_TYPE":"一般企业","PREMIUM_INCOME":null,"PREMIUM_INCOME_YOY":null,"NET_INTEREST_INCOME":null,"NET_INTEREST_INCOME_YOY":null,"FEE_COMMISSION_INCOME":null,"FEE_COMMISSION_INCOME_YOY":null,"ACCOUNTS_RECE_TDAYS":2.254297181747,"INVENTORY_TDAYS":1.207604679803,"CURRENT_ASSETS_TDAYS":0.410564244767,"TOTAL_ASSETS_TDAYS":0.322258359241,"PREMIUM_EXPENSE":null,"LOAN_DEPOSIT":null,"LOAN_EQUITY":null,"LOAN_ASSETS":null,"DEPOSIT_EQUITY":null,"DEPOSIT_ASSETS":null,"EQUITY_MULTIPLIER":1.09448307584,"EQUITY_RATIO":0.095436563518},{"SECUCODE":"01957.HK","SECURITY_CODE":"01957","SECURITY_NAME_ABBR":"大人国际","ORG_CODE":"10000024188","STD_REPORT_DATE":"2020-12-31 00:00:00","REPORT_DATE":"2020-12-31 00:00:00","DATE_TYPE_CODE":"001","REPORT_TYPE":"2020年年报","PER_NETCASH_OPERATE":-0.029602542538,"PER_OI":0.281884706711,"BPS":0.372600597397,"BASIC_EPS":0.001132081575,"DILUTED_EPS":0.001132081575,"OPERATE_INCOME":177023595.814533,"OPERATE_INCOME_YOY":-38.5772645141,"GROSS_PROFIT":48994873.2877266,"GROSS_PROFIT_YOY":-46.727746233354,"HOLDER_PROFIT":624262.125402293,"HOLDER_PROFIT_YOY":-97.9601543096,"GROSS_PROFIT_RATIO":27.677029755434,"EPS_TTM":0.00099404797,"OPERATE_INCOME_QOQ":-24.275463691011,"NET_PROFIT_RATIO":0.066691638,"ROE_AVG":0.32145236509,"GROSS_PROFIT_QOQ":-28.688824820293,"ROA":0.275939965186,"HOLDER_PROFIT_QOQ":-94.724731416863,"ROE_YEARLY":0.32145236509,"ROIC_YEARLY":0.444275635049,"TOTAL_ASSETS":256964727.572655,"TOTAL_LIABILITIES":20484207.4620348,"TAX_EBT":98.053333333333,"OCF_SALES":-10.501649019268,"TOTAL_PARENT_EQUITY":233993175.165365,"DEBT_ASSET_RATIO":7.9716028171,"OPERATE_PROFIT":6203807.02860932,"PRETAX_PROFIT":6064722.7208772,"NETCASH_OPERATE":-18590396.7137289,"NETCASH_INVEST":-10316497.6630602,"NETCASH_FINANCE":76645157.1167499,"END_CASH":106860414.341856,"DIVI_RATIO":null,"DIVIDEND_RATE":null,"CURRENT_RATIO":22.696871628911,"COMMON_ACS":5000000000,"CURRENTDEBT_DEBT":43.912837517764,"ISSUED_COMMON_SHARES":628000000,"HK_COMMON_SHARES":628000000,"PER_SHARES":2500,"TOTAL_MARKET_CAP":155744000,"HKSK_MARKET_CAP":155744000,"PE_TTM":4.749404185881,"PB_TTM":0.473202870031,"REPORT_DATE_SQ":"2019-12-31 00:00:00","REPORT_TYPE_SQ":"2019年年报","OPERATE_INCOME_SQ":302700774.561761,"DPS_HKD":null,"OPERATE_INCOME_QOQ_SQ":5.127757471086,"NET_PROFIT_RATIO_SQ":11.0024353838,"HOLDER_PROFIT_SQ":32142614.4856638,"HOLDER_PROFIT_QOQ_SQ":9.107998882588,"ROE_AVG_SQ":22.007838758824,"PE_TTM_SQ":12.769807525053,"PB_TTM_SQ":1.214132341077,"ROA_SQ":15.67213006137,"START_DATE":"2020-01-01 00:00:00","FISCAL_YEAR":"12-31","CURRENCY":"HKD","IS_CNY_CODE":0,"DPS_HKD_LY":null,"ORG_TYPE":"一般企业","PREMIUM_INCOME":null,"PREMIUM_INCOME_YOY":null,"NET_INTEREST_INCOME":null,"NET_INTEREST_INCOME_YOY":null,"FEE_COMMISSION_INCOME":null,"FEE_COMMISSION_INCOME_YOY":null,"ACCOUNTS_RECE_TDAYS":5.754639608853,"INVENTORY_TDAYS":2.355545637135,"CURRENT_ASSETS_TDAYS":1.023411715207,"TOTAL_ASSETS_TDAYS":0.782489965007,"PREMIUM_EXPENSE":null,"LOAN_DEPOSIT":null,"LOAN_EQUITY":null,"LOAN_ASSETS":null,"DEPOSIT_EQUITY":null,"DEPOSIT_ASSETS":null,"EQUITY_MULTIPLIER":1.086621119797,"EQUITY_RATIO":0.087541901372},{"SECUCODE":"01957.HK","SECURITY_CODE":"01957","SECURITY_NAME_ABBR":"大人国际","ORG_CODE":"10000024188","STD_REPORT_DATE":"2020-06-30 00:00:00","REPORT_DATE":"2020-06-30 00:00:00","DATE_TYPE_CODE":"002","REPORT_TYPE":"2020年中报","PER_NETCASH_OPERATE":-1075175.49949857,"PER_OI":5809667.0744206,"BPS":0.240469708108,"BASIC_EPS":-0.014546897213,"DILUTED_EPS":null,"OPERATE_INCOME":69716004.8930472,"OPERATE_INCOME_YOY":-49.5254622704,"GROSS_PROFIT":18801864.6477337,"GROSS_PROFIT_YOY":-55.304781679539,"HOLDER_PROFIT":-6868449.76361292,"HOLDER_PROFIT_YOY":-151.2962962963,"GROSS_PROFIT_RATIO":26.969222743871,"EPS_TTM":986145.879848116,"OPERATE_INCOME_QOQ":-22.770894753562,"NET_PROFIT_RATIO":-10.4756485038,"ROE_AVG":-4.447893807204,"GROSS_PROFIT_QOQ":-25.296065262706,"ROA":-3.485709012508,"HOLDER_PROFIT_QOQ":-63.183609213073,"ROE_YEARLY":-8.895787614409,"ROIC_YEARLY":-9.742886286096,"TOTAL_ASSETS":194267200.052898,"TOTAL_LIABILITIES":40627169.6366582,"TAX_EBT":-14.13071557737,"OCF_SALES":-18.50666287286,"TOTAL_PARENT_EQUITY":151014976.691903,"DEBT_ASSET_RATIO":20.913036079,"OPERATE_PROFIT":-6332859.45713624,"PRETAX_PROFIT":-6398981.71719509,"NETCASH_OPERATE":-12902105.9939829,"NETCASH_INVEST":-543855.588984031,"NETCASH_FINANCE":-993486.957384203,"END_CASH":45991337.9839323,"DIVI_RATIO":null,"DIVIDEND_RATE":null,"CURRENT_RATIO":5.194055514616,"COMMON_ACS":5000000000,"CURRENTDEBT_DEBT":66.257069617936,"ISSUED_COMMON_SHARES":628000000,"HK_COMMON_SHARES":628000000,"PER_SHARES":2500,"TOTAL_MARKET_CAP":155744000,"HKSK_MARKET_CAP":155744000,"PE_TTM":4.749404185881,"PB_TTM":0.473202870031,"REPORT_DATE_SQ":"2019-06-30 00:00:00","REPORT_TYPE_SQ":"2019年中报","OPERATE_INCOME_SQ":138643679.686722,"DPS_HKD":null,"OPERATE_INCOME_QOQ_SQ":2.675968421234,"NET_PROFIT_RATIO_SQ":9.9670875471,"HOLDER_PROFIT_SQ":13440414.1638735,"HOLDER_PROFIT_QOQ_SQ":-12.677141704428,"ROE_AVG_SQ":10.061924311969,"PE_TTM_SQ":12.769807525053,"PB_TTM_SQ":1.214132341077,"ROA_SQ":7.068001151822,"START_DATE":"2020-01-01 00:00:00","FISCAL_YEAR":"12-31","CURRENCY":"HKD","IS_CNY_CODE":0,"DPS_HKD_LY":null,"ORG_TYPE":"一般企业","PREMIUM_INCOME":null,"PREMIUM_INCOME_YOY":null,"NET_INTEREST_INCOME":null,"NET_INTEREST_INCOME_YOY":null,"FEE_COMMISSION_INCOME":null,"FEE_COMMISSION_INCOME_YOY":null,"ACCOUNTS_RECE_TDAYS":2.240080735114,"INVENTORY_TDAYS":0.883230098646,"CURRENT_ASSETS_TDAYS":0.489683599419,"TOTAL_ASSETS_TDAYS":0.353805756663,"PREMIUM_EXPENSE":null,"LOAN_DEPOSIT":null,"LOAN_EQUITY":null,"LOAN_ASSETS":null,"DEPOSIT_EQUITY":null,"DEPOSIT_ASSETS":null,"EQUITY_MULTIPLIER":1.264430887749,"EQUITY_RATIO":0.269027420502}],"count":17},"success":true,"message":"ok","code":0}