{"version":"9be943e3eb57adfbaf9309b9c82bd373","result":{"pages":2,"data":[{"SECUCODE":"01951.HK","SECURITY_CODE":"01951","SECURITY_NAME_ABBR":"锦欣生殖","ORG_CODE":"10000003546","STD_REPORT_DATE":"2024-06-30 00:00:00","REPORT_DATE":"2024-06-30 00:00:00","DATE_TYPE_CODE":"002","REPORT_TYPE":"2024年中报","PER_NETCASH_OPERATE":0.139183435078,"PER_OI":0.523535133001,"BPS":3.706877837045,"BASIC_EPS":0.07,"DILUTED_EPS":0.07,"OPERATE_INCOME":1443756000,"OPERATE_INCOME_YOY":8.235212976,"GROSS_PROFIT":583016000,"GROSS_PROFIT_YOY":3.312281597097,"HOLDER_PROFIT":189682000,"HOLDER_PROFIT_YOY":-15.1550122337,"GROSS_PROFIT_RATIO":40.381892785208,"EPS_TTM":0.11271759758,"OPERATE_INCOME_QOQ":3.938814805784,"NET_PROFIT_RATIO":13.1817980324,"ROE_AVG":1.871949928433,"GROSS_PROFIT_QOQ":1.590206262309,"ROA":1.275398265267,"HOLDER_PROFIT_QOQ":-9.828470975247,"ROE_YEARLY":3.743899856867,"ROIC_YEARLY":2.697818787156,"TOTAL_ASSETS":14848571000,"TOTAL_LIABILITIES":4580334000,"TAX_EBT":28.388070259938,"OCF_SALES":26.585309429017,"TOTAL_PARENT_EQUITY":10174290000,"DEBT_ASSET_RATIO":30.8469683716,"OPERATE_PROFIT":292306000,"PRETAX_PROFIT":265756000,"NETCASH_OPERATE":383827000,"NETCASH_INVEST":41000,"NETCASH_FINANCE":-380126000,"END_CASH":695491000,"DIVI_RATIO":0.478364436055,"DIVIDEND_RATE":2.203703703704,"CURRENT_RATIO":0.559057347068,"COMMON_ACS":5000000000,"CURRENTDEBT_DEBT":48.974616261609,"ISSUED_COMMON_SHARES":2744706043,"HK_COMMON_SHARES":2744706043,"PER_SHARES":500,"TOTAL_MARKET_CAP":7410706316.1,"HKSK_MARKET_CAP":7410706316.1,"PE_TTM":21.43403040728,"PB_TTM":0.664773998046,"REPORT_DATE_SQ":"2023-06-30 00:00:00","REPORT_TYPE_SQ":"2023年中报","OPERATE_INCOME_SQ":1333906000,"DPS_HKD":0.0595,"OPERATE_INCOME_QOQ_SQ":8.275734316101,"NET_PROFIT_RATIO_SQ":16.7778689053,"HOLDER_PROFIT_SQ":223563000,"HOLDER_PROFIT_QOQ_SQ":27.586605462171,"ROE_AVG_SQ":2.387201669866,"PE_TTM_SQ":41.233776486276,"PB_TTM_SQ":0.586732870913,"ROA_SQ":1.467796124436,"START_DATE":"2024-01-01 00:00:00","FISCAL_YEAR":"12-31","CURRENCY":"HKD","IS_CNY_CODE":0,"DPS_HKD_LY":0.0595,"ORG_TYPE":"一般企业","PREMIUM_INCOME":null,"PREMIUM_INCOME_YOY":null,"NET_INTEREST_INCOME":null,"NET_INTEREST_INCOME_YOY":null,"FEE_COMMISSION_INCOME":null,"FEE_COMMISSION_INCOME_YOY":null,"ACCOUNTS_RECE_TDAYS":6.460668953342,"INVENTORY_TDAYS":13.959907878945,"CURRENT_ASSETS_TDAYS":1.112067431638,"TOTAL_ASSETS_TDAYS":0.09707636454,"PREMIUM_EXPENSE":null,"LOAN_DEPOSIT":null,"LOAN_EQUITY":null,"LOAN_ASSETS":null,"DEPOSIT_EQUITY":null,"DEPOSIT_ASSETS":null,"EQUITY_MULTIPLIER":1.446068200413,"EQUITY_RATIO":0.450187089222},{"SECUCODE":"01951.HK","SECURITY_CODE":"01951","SECURITY_NAME_ABBR":"锦欣生殖","ORG_CODE":"10000003546","STD_REPORT_DATE":"2023-12-31 00:00:00","REPORT_DATE":"2023-12-31 00:00:00","DATE_TYPE_CODE":"001","REPORT_TYPE":"2023年年报","PER_NETCASH_OPERATE":0.251564015371,"PER_OI":1.024990208841,"BPS":3.676686261444,"BASIC_EPS":0.13,"DILUTED_EPS":0.12,"OPERATE_INCOME":2788910000,"OPERATE_INCOME_YOY":17.950296873,"GROSS_PROFIT":1175445000,"GROSS_PROFIT_YOY":34.441205097911,"HOLDER_PROFIT":344723000,"HOLDER_PROFIT_YOY":184.6033816585,"GROSS_PROFIT_RATIO":42.147111237007,"EPS_TTM":0.126693833706,"OPERATE_INCOME_QOQ":8.935116088584,"NET_PROFIT_RATIO":12.4415273351,"ROE_AVG":3.680742565626,"GROSS_PROFIT_QOQ":20.640249440903,"ROA":2.288373283594,"HOLDER_PROFIT_QOQ":123.066818517128,"ROE_YEARLY":3.680742565626,"ROIC_YEARLY":2.471472687586,"TOTAL_ASSETS":14896177000,"TOTAL_LIABILITIES":4709365000,"TAX_EBT":25.262348471142,"OCF_SALES":24.543065211857,"TOTAL_PARENT_EQUITY":10091423000,"DEBT_ASSET_RATIO":31.614588092,"OPERATE_PROFIT":538961000,"PRETAX_PROFIT":464268000,"NETCASH_OPERATE":684484000,"NETCASH_INVEST":-375037000,"NETCASH_FINANCE":-950449000,"END_CASH":691331000,"DIVI_RATIO":0.425593641163,"DIVIDEND_RATE":2.27969348659,"CURRENT_RATIO":0.794426431488,"COMMON_ACS":5000000000,"CURRENTDEBT_DEBT":35.882396034285,"ISSUED_COMMON_SHARES":2744706043,"HK_COMMON_SHARES":2744706043,"PER_SHARES":500,"TOTAL_MARKET_CAP":7163682772.23,"HKSK_MARKET_CAP":7163682772.23,"PE_TTM":20.719562727037,"PB_TTM":0.642614864778,"REPORT_DATE_SQ":"2022-12-31 00:00:00","REPORT_TYPE_SQ":"2022年年报","OPERATE_INCOME_SQ":2364479000,"DPS_HKD":0.0595,"OPERATE_INCOME_QOQ_SQ":11.650472600414,"NET_PROFIT_RATIO_SQ":4.9883716455,"HOLDER_PROFIT_SQ":121124000,"HOLDER_PROFIT_QOQ_SQ":-67.6486770904,"ROE_AVG_SQ":1.409644421605,"PE_TTM_SQ":51.716939999736,"PB_TTM_SQ":0.735902244873,"ROA_SQ":0.863400624726,"START_DATE":"2023-01-01 00:00:00","FISCAL_YEAR":"12-31","CURRENCY":"HKD","IS_CNY_CODE":0,"DPS_HKD_LY":null,"ORG_TYPE":"一般企业","PREMIUM_INCOME":null,"PREMIUM_INCOME_YOY":null,"NET_INTEREST_INCOME":null,"NET_INTEREST_INCOME_YOY":null,"FEE_COMMISSION_INCOME":null,"FEE_COMMISSION_INCOME_YOY":null,"ACCOUNTS_RECE_TDAYS":15.578327049295,"INVENTORY_TDAYS":25.821017339745,"CURRENT_ASSETS_TDAYS":1.718196777769,"TOTAL_ASSETS_TDAYS":0.185136098675,"PREMIUM_EXPENSE":null,"LOAN_DEPOSIT":null,"LOAN_EQUITY":null,"LOAN_ASSETS":null,"DEPOSIT_EQUITY":null,"DEPOSIT_ASSETS":null,"EQUITY_MULTIPLIER":1.462300177917,"EQUITY_RATIO":0.46667006229},{"SECUCODE":"01951.HK","SECURITY_CODE":"01951","SECURITY_NAME_ABBR":"锦欣生殖","ORG_CODE":"10000003546","STD_REPORT_DATE":"2023-06-30 00:00:00","REPORT_DATE":"2023-06-30 00:00:00","DATE_TYPE_CODE":"002","REPORT_TYPE":"2023年中报","PER_NETCASH_OPERATE":0.123790764888,"PER_OI":0.490241918712,"BPS":3.676309171882,"BASIC_EPS":0.08,"DILUTED_EPS":0.08,"OPERATE_INCOME":1333906000,"OPERATE_INCOME_YOY":17.1914590047,"GROSS_PROFIT":564324000,"GROSS_PROFIT_YOY":21.541920810504,"HOLDER_PROFIT":223563000,"HOLDER_PROFIT_YOY":17.5725352224,"GROSS_PROFIT_RATIO":42.306129517372,"EPS_TTM":0.056796360189,"OPERATE_INCOME_QOQ":8.275734316101,"NET_PROFIT_RATIO":16.7778689053,"ROE_AVG":2.387201669866,"GROSS_PROFIT_QOQ":11.439760545064,"ROA":1.467796124436,"HOLDER_PROFIT_QOQ":27.586605462171,"ROE_YEARLY":4.774403339731,"ROIC_YEARLY":3.176711476345,"TOTAL_ASSETS":15230368000,"TOTAL_LIABILITIES":5043285000,"TAX_EBT":19.650672267399,"OCF_SALES":25.25095471495,"TOTAL_PARENT_EQUITY":10090388000,"DEBT_ASSET_RATIO":33.1133495921,"OPERATE_PROFIT":319036000,"PRETAX_PROFIT":278535000,"NETCASH_OPERATE":336824000,"NETCASH_INVEST":-1958086000,"NETCASH_FINANCE":1057508000,"END_CASH":770134000,"DIVI_RATIO":0.949358195153,"DIVIDEND_RATE":1.853582554517,"CURRENT_RATIO":0.948758222349,"COMMON_ACS":5000000000,"CURRENTDEBT_DEBT":32.242000997366,"ISSUED_COMMON_SHARES":2744706043,"HK_COMMON_SHARES":2744706043,"PER_SHARES":500,"TOTAL_MARKET_CAP":8810506398.03,"HKSK_MARKET_CAP":8810506398.03,"PE_TTM":25.482680595322,"PB_TTM":0.790342419899,"REPORT_DATE_SQ":"2022-06-30 00:00:00","REPORT_TYPE_SQ":"2022年中报","OPERATE_INCOME_SQ":1138228000,"DPS_HKD":0.0595,"OPERATE_INCOME_QOQ_SQ":15.168645646733,"NET_PROFIT_RATIO_SQ":16.4814957987,"HOLDER_PROFIT_SQ":190149000,"HOLDER_PROFIT_QOQ_SQ":10.150308472173,"ROE_AVG_SQ":2.21781378629,"PE_TTM_SQ":57.65739932403,"PB_TTM_SQ":0.820431556784,"ROA_SQ":1.362589180999,"START_DATE":"2023-01-01 00:00:00","FISCAL_YEAR":"12-31","CURRENCY":"HKD","IS_CNY_CODE":0,"DPS_HKD_LY":null,"ORG_TYPE":"一般企业","PREMIUM_INCOME":null,"PREMIUM_INCOME_YOY":null,"NET_INTEREST_INCOME":null,"NET_INTEREST_INCOME_YOY":null,"FEE_COMMISSION_INCOME":null,"FEE_COMMISSION_INCOME_YOY":null,"ACCOUNTS_RECE_TDAYS":6.960968342061,"INVENTORY_TDAYS":14.083172447869,"CURRENT_ASSETS_TDAYS":0.774039867603,"TOTAL_ASSETS_TDAYS":0.087577195563,"PREMIUM_EXPENSE":null,"LOAN_DEPOSIT":null,"LOAN_EQUITY":null,"LOAN_ASSETS":null,"DEPOSIT_EQUITY":null,"DEPOSIT_ASSETS":null,"EQUITY_MULTIPLIER":1.495066644692,"EQUITY_RATIO":0.49981081005},{"SECUCODE":"01951.HK","SECURITY_CODE":"01951","SECURITY_NAME_ABBR":"锦欣生殖","ORG_CODE":"10000003546","STD_REPORT_DATE":"2022-12-31 00:00:00","REPORT_DATE":"2022-12-31 00:00:00","DATE_TYPE_CODE":"001","REPORT_TYPE":"2022年年报","PER_NETCASH_OPERATE":0.215245007403,"PER_OI":0.939458596117,"BPS":3.14778444928,"BASIC_EPS":0.05,"DILUTED_EPS":0.05,"OPERATE_INCOME":2364479000,"OPERATE_INCOME_YOY":28.5863371521,"GROSS_PROFIT":874319000,"GROSS_PROFIT_YOY":13.329799010217,"HOLDER_PROFIT":121124000,"HOLDER_PROFIT_YOY":-64.3649180202,"GROSS_PROFIT_RATIO":36.977236845834,"EPS_TTM":0.048125182332,"OPERATE_INCOME_QOQ":11.650472600414,"NET_PROFIT_RATIO":4.9883716455,"ROE_AVG":1.409644421605,"GROSS_PROFIT_QOQ":0.203428136575,"ROA":0.863400624726,"HOLDER_PROFIT_QOQ":-67.6486770904,"ROE_YEARLY":1.409644421605,"ROIC_YEARLY":0.980149671001,"TOTAL_ASSETS":15232037000,"TOTAL_LIABILITIES":6496909000,"TAX_EBT":23.570539903061,"OCF_SALES":22.911601244925,"TOTAL_PARENT_EQUITY":8639743000,"DEBT_ASSET_RATIO":42.652922915,"OPERATE_PROFIT":230547000,"PRETAX_PROFIT":154324000,"NETCASH_OPERATE":541740000,"NETCASH_INVEST":-1377837000,"NETCASH_FINANCE":460142000,"END_CASH":1329948000,"DIVI_RATIO":1.120413209608,"DIVIDEND_RATE":2.27969348659,"CURRENT_RATIO":0.688818370381,"COMMON_ACS":5000000000,"CURRENTDEBT_DEBT":42.542861536155,"ISSUED_COMMON_SHARES":2744706043,"HK_COMMON_SHARES":2744706043,"PER_SHARES":500,"TOTAL_MARKET_CAP":7163682772.23,"HKSK_MARKET_CAP":7163682772.23,"PE_TTM":20.719562727037,"PB_TTM":0.642614864778,"REPORT_DATE_SQ":"2021-12-31 00:00:00","REPORT_TYPE_SQ":"2021年年报","OPERATE_INCOME_SQ":1838826000,"DPS_HKD":0.0595,"OPERATE_INCOME_QOQ_SQ":9.875970020561,"NET_PROFIT_RATIO_SQ":19.2349357688,"HOLDER_PROFIT_SQ":339901000,"HOLDER_PROFIT_QOQ_SQ":16.733464525014,"ROE_AVG_SQ":4.294846199723,"PE_TTM_SQ":51.716939999736,"PB_TTM_SQ":0.735902244873,"ROA_SQ":3.091608717365,"START_DATE":"2022-01-01 00:00:00","FISCAL_YEAR":"12-31","CURRENCY":"HKD","IS_CNY_CODE":0,"DPS_HKD_LY":0.0738,"ORG_TYPE":"一般企业","PREMIUM_INCOME":null,"PREMIUM_INCOME_YOY":null,"NET_INTEREST_INCOME":null,"NET_INTEREST_INCOME_YOY":null,"FEE_COMMISSION_INCOME":null,"FEE_COMMISSION_INCOME_YOY":null,"ACCOUNTS_RECE_TDAYS":14.271145111886,"INVENTORY_TDAYS":27.254371204916,"CURRENT_ASSETS_TDAYS":1.063402657878,"TOTAL_ASSETS_TDAYS":0.168545675981,"PREMIUM_EXPENSE":null,"LOAN_DEPOSIT":null,"LOAN_EQUITY":null,"LOAN_ASSETS":null,"DEPOSIT_EQUITY":null,"DEPOSIT_ASSETS":null,"EQUITY_MULTIPLIER":1.743768036369,"EQUITY_RATIO":0.751979428092},{"SECUCODE":"01951.HK","SECURITY_CODE":"01951","SECURITY_NAME_ABBR":"锦欣生殖","ORG_CODE":"10000003546","STD_REPORT_DATE":"2022-06-30 00:00:00","REPORT_DATE":"2022-06-30 00:00:00","DATE_TYPE_CODE":"002","REPORT_TYPE":"2022年中报","PER_NETCASH_OPERATE":0.109133918583,"PER_OI":0.45495402411,"BPS":3.134079520806,"BASIC_EPS":0.08,"DILUTED_EPS":0.07,"OPERATE_INCOME":1138228000,"OPERATE_INCOME_YOY":32.4594467842,"GROSS_PROFIT":464304000,"GROSS_PROFIT_YOY":27.822223201062,"HOLDER_PROFIT":190149000,"HOLDER_PROFIT_YOY":22.166041324,"GROSS_PROFIT_RATIO":40.791827296464,"EPS_TTM":0.149649891353,"OPERATE_INCOME_QOQ":15.168645646733,"NET_PROFIT_RATIO":16.4814957987,"ROE_AVG":2.21781378629,"GROSS_PROFIT_QOQ":13.099722352563,"ROA":1.362589180999,"HOLDER_PROFIT_QOQ":10.150308472173,"ROE_YEARLY":4.43562757258,"ROIC_YEARLY":3.080137865849,"TOTAL_ASSETS":15084563000,"TOTAL_LIABILITIES":6361586000,"TAX_EBT":19.713686553111,"OCF_SALES":23.987900490939,"TOTAL_PARENT_EQUITY":8602127000,"DEBT_ASSET_RATIO":42.1728226399,"OPERATE_PROFIT":269460000,"PRETAX_PROFIT":233660000,"NETCASH_OPERATE":273037000,"NETCASH_INVEST":-1665046000,"NETCASH_FINANCE":873160000,"END_CASH":1178848000,"DIVI_RATIO":0.360308246886,"DIVIDEND_RATE":1.853582554517,"CURRENT_RATIO":0.773994856444,"COMMON_ACS":5000000000,"CURRENTDEBT_DEBT":43.170822496151,"ISSUED_COMMON_SHARES":2744706043,"HK_COMMON_SHARES":2744706043,"PER_SHARES":500,"TOTAL_MARKET_CAP":8810506398.03,"HKSK_MARKET_CAP":8810506398.03,"PE_TTM":25.482680595322,"PB_TTM":0.790342419899,"REPORT_DATE_SQ":"2021-06-30 00:00:00","REPORT_TYPE_SQ":"2021年中报","OPERATE_INCOME_SQ":859303000,"DPS_HKD":0.0595,"OPERATE_INCOME_QOQ_SQ":17.352295230028,"NET_PROFIT_RATIO_SQ":18.9259201935,"HOLDER_PROFIT_SQ":155648000,"HOLDER_PROFIT_QOQ_SQ":15.720008584305,"ROE_AVG_SQ":1.978106596597,"PE_TTM_SQ":57.65739932403,"PB_TTM_SQ":0.820431556784,"ROA_SQ":1.592460368048,"START_DATE":"2022-01-01 00:00:00","FISCAL_YEAR":"12-31","CURRENCY":"HKD","IS_CNY_CODE":0,"DPS_HKD_LY":0.0738,"ORG_TYPE":"一般企业","PREMIUM_INCOME":null,"PREMIUM_INCOME_YOY":null,"NET_INTEREST_INCOME":null,"NET_INTEREST_INCOME_YOY":null,"FEE_COMMISSION_INCOME":null,"FEE_COMMISSION_INCOME_YOY":null,"ACCOUNTS_RECE_TDAYS":7.360335222625,"INVENTORY_TDAYS":16.250880154328,"CURRENT_ASSETS_TDAYS":0.487589937611,"TOTAL_ASSETS_TDAYS":0.081564307901,"PREMIUM_EXPENSE":null,"LOAN_DEPOSIT":null,"LOAN_EQUITY":null,"LOAN_ASSETS":null,"DEPOSIT_EQUITY":null,"DEPOSIT_ASSETS":null,"EQUITY_MULTIPLIER":1.729290699722,"EQUITY_RATIO":0.739536396056},{"SECUCODE":"01951.HK","SECURITY_CODE":"01951","SECURITY_NAME_ABBR":"锦欣生殖","ORG_CODE":"10000003546","STD_REPORT_DATE":"2021-12-31 00:00:00","REPORT_DATE":"2021-12-31 00:00:00","DATE_TYPE_CODE":"001","REPORT_TYPE":"2021年年报","PER_NETCASH_OPERATE":0.136965312875,"PER_OI":0.733305901296,"BPS":3.113375299987,"BASIC_EPS":0.14,"DILUTED_EPS":0.14,"OPERATE_INCOME":1838826000,"OPERATE_INCOME_YOY":28.9419727254,"GROSS_PROFIT":771482000,"GROSS_PROFIT_YOY":36.357000323447,"HOLDER_PROFIT":339901000,"HOLDER_PROFIT_YOY":35.0839751691,"GROSS_PROFIT_RATIO":41.955138767888,"EPS_TTM":0.135549208656,"OPERATE_INCOME_QOQ":9.875970020561,"NET_PROFIT_RATIO":19.2349357688,"ROE_AVG":4.294846199723,"GROSS_PROFIT_QOQ":8.421367729169,"ROA":3.091608717365,"HOLDER_PROFIT_QOQ":16.733464525014,"ROE_YEARLY":4.294846199723,"ROIC_YEARLY":3.538636271477,"TOTAL_ASSETS":12825390000,"TOTAL_LIABILITIES":4072689000,"TAX_EBT":22.76126980938,"OCF_SALES":18.677786805277,"TOTAL_PARENT_EQUITY":8545300000,"DEBT_ASSET_RATIO":31.7548940032,"OPERATE_PROFIT":489186000,"PRETAX_PROFIT":457927000,"NETCASH_OPERATE":343452000,"NETCASH_INVEST":-1566182000,"NETCASH_FINANCE":955054000,"END_CASH":1689284000,"DIVI_RATIO":0.397789780808,"DIVIDEND_RATE":2.27969348659,"CURRENT_RATIO":2.373382907677,"COMMON_ACS":5000000000,"CURRENTDEBT_DEBT":26.309939207241,"ISSUED_COMMON_SHARES":2744706043,"HK_COMMON_SHARES":2744706043,"PER_SHARES":500,"TOTAL_MARKET_CAP":7163682772.23,"HKSK_MARKET_CAP":7163682772.23,"PE_TTM":20.719562727037,"PB_TTM":0.642614864778,"REPORT_DATE_SQ":"2020-12-31 00:00:00","REPORT_TYPE_SQ":"2020年年报","OPERATE_INCOME_SQ":1426088000,"DPS_HKD":0.0595,"OPERATE_INCOME_QOQ_SQ":-2.935707382148,"NET_PROFIT_RATIO_SQ":18.2664744392,"HOLDER_PROFIT_SQ":251622000,"HOLDER_PROFIT_QOQ_SQ":-29.230803846403,"ROE_AVG_SQ":3.398023376789,"PE_TTM_SQ":51.716939999736,"PB_TTM_SQ":0.735902244873,"ROA_SQ":2.779682167379,"START_DATE":"2021-01-01 00:00:00","FISCAL_YEAR":"12-31","CURRENCY":"HKD","IS_CNY_CODE":0,"DPS_HKD_LY":null,"ORG_TYPE":"一般企业","PREMIUM_INCOME":null,"PREMIUM_INCOME_YOY":null,"NET_INTEREST_INCOME":null,"NET_INTEREST_INCOME_YOY":null,"FEE_COMMISSION_INCOME":null,"FEE_COMMISSION_INCOME_YOY":null,"ACCOUNTS_RECE_TDAYS":17.39418247174,"INVENTORY_TDAYS":29.532365839824,"CURRENT_ASSETS_TDAYS":0.707907018644,"TOTAL_ASSETS_TDAYS":0.167252537984,"PREMIUM_EXPENSE":null,"LOAN_DEPOSIT":null,"LOAN_EQUITY":null,"LOAN_ASSETS":null,"DEPOSIT_EQUITY":null,"DEPOSIT_ASSETS":null,"EQUITY_MULTIPLIER":1.465306537947,"EQUITY_RATIO":0.476599885317},{"SECUCODE":"01951.HK","SECURITY_CODE":"01951","SECURITY_NAME_ABBR":"锦欣生殖","ORG_CODE":"10000003546","STD_REPORT_DATE":"2021-06-30 00:00:00","REPORT_DATE":"2021-06-30 00:00:00","DATE_TYPE_CODE":"002","REPORT_TYPE":"2021年中报","PER_NETCASH_OPERATE":0.069561782885,"PER_OI":0.342681668032,"BPS":3.080129116763,"BASIC_EPS":0.06,"DILUTED_EPS":0.06,"OPERATE_INCOME":859303000,"OPERATE_INCOME_YOY":40.4447865796,"GROSS_PROFIT":363242000,"GROSS_PROFIT_YOY":67.035463341059,"HOLDER_PROFIT":155648000,"HOLDER_PROFIT_YOY":34.0718217291,"GROSS_PROFIT_RATIO":42.271701600018,"EPS_TTM":0.116118551957,"OPERATE_INCOME_QOQ":17.352295230028,"NET_PROFIT_RATIO":18.9259201935,"ROE_AVG":1.978106596597,"GROSS_PROFIT_QOQ":25.765799841281,"ROA":1.592460368048,"HOLDER_PROFIT_QOQ":15.720008584305,"ROE_YEARLY":3.956213193194,"ROIC_YEARLY":4.048294050635,"TOTAL_ASSETS":10384889000,"TOTAL_LIABILITIES":1760994000,"TAX_EBT":21.353373277817,"OCF_SALES":20.299242525628,"TOTAL_PARENT_EQUITY":8454049000,"DEBT_ASSET_RATIO":16.9572732073,"OPERATE_PROFIT":220048000,"PRETAX_PROFIT":206787000,"NETCASH_OPERATE":174432000,"NETCASH_INVEST":8919000,"NETCASH_FINANCE":996641000,"END_CASH":3138065000,"DIVI_RATIO":0.464353792664,"DIVIDEND_RATE":1.853582554517,"CURRENT_RATIO":6.563143991334,"COMMON_ACS":5000000000,"CURRENTDEBT_DEBT":31.55683665021,"ISSUED_COMMON_SHARES":2744706043,"HK_COMMON_SHARES":2744706043,"PER_SHARES":500,"TOTAL_MARKET_CAP":8810506398.03,"HKSK_MARKET_CAP":8810506398.03,"PE_TTM":25.482680595322,"PB_TTM":0.790342419899,"REPORT_DATE_SQ":"2020-06-30 00:00:00","REPORT_TYPE_SQ":"2020年中报","OPERATE_INCOME_SQ":611844000,"DPS_HKD":0.0595,"OPERATE_INCOME_QOQ_SQ":-10.87512496239,"NET_PROFIT_RATIO_SQ":20.1819418022,"HOLDER_PROFIT_SQ":116093000,"HOLDER_PROFIT_QOQ_SQ":-13.199942386048,"ROE_AVG_SQ":1.537697788535,"PE_TTM_SQ":57.65739932403,"PB_TTM_SQ":0.820431556784,"ROA_SQ":1.279257972415,"START_DATE":"2021-01-01 00:00:00","FISCAL_YEAR":"12-31","CURRENCY":"HKD","IS_CNY_CODE":0,"DPS_HKD_LY":null,"ORG_TYPE":"一般企业","PREMIUM_INCOME":null,"PREMIUM_INCOME_YOY":null,"NET_INTEREST_INCOME":null,"NET_INTEREST_INCOME_YOY":null,"FEE_COMMISSION_INCOME":null,"FEE_COMMISSION_INCOME_YOY":null,"ACCOUNTS_RECE_TDAYS":12.953014772385,"INVENTORY_TDAYS":21.412396943929,"CURRENT_ASSETS_TDAYS":0.2728290316,"TOTAL_ASSETS_TDAYS":0.087916707677,"PREMIUM_EXPENSE":null,"LOAN_DEPOSIT":null,"LOAN_EQUITY":null,"LOAN_ASSETS":null,"DEPOSIT_EQUITY":null,"DEPOSIT_ASSETS":null,"EQUITY_MULTIPLIER":1.204199378588,"EQUITY_RATIO":0.208301844477},{"SECUCODE":"01951.HK","SECURITY_CODE":"01951","SECURITY_NAME_ABBR":"锦欣生殖","ORG_CODE":"10000003546","STD_REPORT_DATE":"2020-12-31 00:00:00","REPORT_DATE":"2020-12-31 00:00:00","DATE_TYPE_CODE":"001","REPORT_TYPE":"2020年年报","PER_NETCASH_OPERATE":0.126791015239,"PER_OI":0.586987833813,"BPS":2.653479056008,"BASIC_EPS":0.1,"DILUTED_EPS":0.1,"OPERATE_INCOME":1426088000,"OPERATE_INCOME_YOY":-13.4915704982,"GROSS_PROFIT":565781000,"GROSS_PROFIT_YOY":-30.73157891515,"HOLDER_PROFIT":251622000,"HOLDER_PROFIT_YOY":-38.5722969657,"GROSS_PROFIT_RATIO":39.673638653435,"EPS_TTM":0.103569381917,"OPERATE_INCOME_QOQ":-2.935707382148,"NET_PROFIT_RATIO":18.2664744392,"ROE_AVG":3.398023376789,"GROSS_PROFIT_QOQ":-13.410763259709,"ROA":2.779682167379,"HOLDER_PROFIT_QOQ":-29.230803846403,"ROE_YEARLY":3.398023376789,"ROIC_YEARLY":3.041091206691,"TOTAL_ASSETS":9163227000,"TOTAL_LIABILITIES":1700741000,"TAX_EBT":25.387959923697,"OCF_SALES":21.600279926624,"TOTAL_PARENT_EQUITY":7283020000,"DEBT_ASSET_RATIO":18.5605027574,"OPERATE_PROFIT":368902000,"PRETAX_PROFIT":349134000,"NETCASH_OPERATE":308039000,"NETCASH_INVEST":1151913000,"NETCASH_FINANCE":-55582000,"END_CASH":1964516000,"DIVI_RATIO":0.520618053346,"DIVIDEND_RATE":2.27969348659,"CURRENT_RATIO":4.777617041055,"COMMON_ACS":5000000000,"CURRENTDEBT_DEBT":32.637714972474,"ISSUED_COMMON_SHARES":2744706043,"HK_COMMON_SHARES":2744706043,"PER_SHARES":500,"TOTAL_MARKET_CAP":7163682772.23,"HKSK_MARKET_CAP":7163682772.23,"PE_TTM":20.719562727037,"PB_TTM":0.642614864778,"REPORT_DATE_SQ":"2019-12-31 00:00:00","REPORT_TYPE_SQ":"2019年年报","OPERATE_INCOME_SQ":1648496000,"DPS_HKD":0.0595,"OPERATE_INCOME_QOQ_SQ":26.683040338867,"NET_PROFIT_RATIO_SQ":25.5188365638,"HOLDER_PROFIT_SQ":409623000,"HOLDER_PROFIT_QOQ_SQ":52.103183738944,"ROE_AVG_SQ":6.890178388578,"PE_TTM_SQ":51.716939999736,"PB_TTM_SQ":0.735902244873,"ROA_SQ":5.285644596619,"START_DATE":"2020-01-01 00:00:00","FISCAL_YEAR":"12-31","CURRENCY":"HKD","IS_CNY_CODE":0,"DPS_HKD_LY":0.068,"ORG_TYPE":"一般企业","PREMIUM_INCOME":null,"PREMIUM_INCOME_YOY":null,"NET_INTEREST_INCOME":null,"NET_INTEREST_INCOME_YOY":null,"FEE_COMMISSION_INCOME":null,"FEE_COMMISSION_INCOME_YOY":null,"ACCOUNTS_RECE_TDAYS":24.843656635164,"INVENTORY_TDAYS":33.371748870226,"CURRENT_ASSETS_TDAYS":0.46925708453,"TOTAL_ASSETS_TDAYS":0.157540731046,"PREMIUM_EXPENSE":null,"LOAN_DEPOSIT":null,"LOAN_EQUITY":null,"LOAN_ASSETS":null,"DEPOSIT_EQUITY":null,"DEPOSIT_ASSETS":null,"EQUITY_MULTIPLIER":1.227905419186,"EQUITY_RATIO":0.233521396344},{"SECUCODE":"01951.HK","SECURITY_CODE":"01951","SECURITY_NAME_ABBR":"锦欣生殖","ORG_CODE":"10000003546","STD_REPORT_DATE":"2020-06-30 00:00:00","REPORT_DATE":"2020-06-30 00:00:00","DATE_TYPE_CODE":"002","REPORT_TYPE":"2020年中报","PER_NETCASH_OPERATE":0.03190530665,"PER_OI":0.251839286349,"BPS":2.759021141558,"BASIC_EPS":0.05,"DILUTED_EPS":0.05,"OPERATE_INCOME":611844000,"OPERATE_INCOME_YOY":-22.6610375164,"GROSS_PROFIT":217464000,"GROSS_PROFIT_YOY":-42.900504396733,"HOLDER_PROFIT":116093000,"HOLDER_PROFIT_YOY":-31.7754153371,"GROSS_PROFIT_RATIO":35.542393159041,"EPS_TTM":0.14634811125,"OPERATE_INCOME_QOQ":-10.87512496239,"NET_PROFIT_RATIO":20.1819418022,"ROE_AVG":1.537697788535,"GROSS_PROFIT_QOQ":-20.003428032738,"ROA":1.279257972415,"HOLDER_PROFIT_QOQ":-13.199942386048,"ROE_YEARLY":3.075395577071,"ROIC_YEARLY":2.816517334938,"TOTAL_ASSETS":9208908000,"TOTAL_LIABILITIES":1513287000,"TAX_EBT":18.997389170963,"OCF_SALES":12.668915605939,"TOTAL_PARENT_EQUITY":7572702000,"DEBT_ASSET_RATIO":16.4328604434,"OPERATE_PROFIT":157632000,"PRETAX_PROFIT":152442000,"NETCASH_OPERATE":77514000,"NETCASH_INVEST":245065000,"NETCASH_FINANCE":-60217000,"END_CASH":844532000,"DIVI_RATIO":0.368437211383,"DIVIDEND_RATE":1.853582554517,"CURRENT_RATIO":5.599764206941,"COMMON_ACS":5000000000,"CURRENTDEBT_DEBT":40.356191522163,"ISSUED_COMMON_SHARES":2744706043,"HK_COMMON_SHARES":2744706043,"PER_SHARES":500,"TOTAL_MARKET_CAP":8810506398.03,"HKSK_MARKET_CAP":8810506398.03,"PE_TTM":25.482680595322,"PB_TTM":0.790342419899,"REPORT_DATE_SQ":"2019-06-30 00:00:00","REPORT_TYPE_SQ":"2019年中报","OPERATE_INCOME_SQ":791120000,"DPS_HKD":0.0595,"OPERATE_INCOME_QOQ_SQ":41.137144059506,"NET_PROFIT_RATIO_SQ":22.4944382647,"HOLDER_PROFIT_SQ":170163000,"HOLDER_PROFIT_QOQ_SQ":61.648259303721,"ROE_AVG_SQ":3.045078936052,"PE_TTM_SQ":57.65739932403,"PB_TTM_SQ":0.820431556784,"ROA_SQ":2.227900107622,"START_DATE":"2020-01-01 00:00:00","FISCAL_YEAR":"12-31","CURRENCY":"HKD","IS_CNY_CODE":0,"DPS_HKD_LY":0.068,"ORG_TYPE":"一般企业","PREMIUM_INCOME":null,"PREMIUM_INCOME_YOY":null,"NET_INTEREST_INCOME":null,"NET_INTEREST_INCOME_YOY":null,"FEE_COMMISSION_INCOME":null,"FEE_COMMISSION_INCOME_YOY":null,"ACCOUNTS_RECE_TDAYS":12.305173714113,"INVENTORY_TDAYS":15.03287655568,"CURRENT_ASSETS_TDAYS":0.17874764987,"TOTAL_ASSETS_TDAYS":0.067420629571,"PREMIUM_EXPENSE":null,"LOAN_DEPOSIT":null,"LOAN_EQUITY":null,"LOAN_ASSETS":null,"DEPOSIT_EQUITY":null,"DEPOSIT_ASSETS":null,"EQUITY_MULTIPLIER":1.196642610129,"EQUITY_RATIO":0.199834484442}],"count":17},"success":true,"message":"ok","code":0}