{"version":"eddc1b528506280bfc1a1f638156925b","result":{"pages":2,"data":[{"SECUCODE":"01953.HK","SECURITY_CODE":"01953","SECURITY_NAME_ABBR":"RIMBACO","ORG_CODE":"10000053485","STD_REPORT_DATE":"2024-12-31 00:00:00","REPORT_DATE":"2024-10-31 00:00:00","DATE_TYPE_CODE":"001","REPORT_TYPE":"2024年年报","PER_NETCASH_OPERATE":null,"PER_OI":0.373516764494,"BPS":0.195581460351,"BASIC_EPS":-0.001952934284,"DILUTED_EPS":-0.001952934284,"OPERATE_INCOME":470631123.262702,"OPERATE_INCOME_YOY":-43.3457997755,"GROSS_PROFIT":6589525.76245809,"GROSS_PROFIT_YOY":-87.024274592662,"HOLDER_PROFIT":-2525795.00699802,"HOLDER_PROFIT_YOY":-107.7572849503,"GROSS_PROFIT_RATIO":1.400146619453,"EPS_TTM":-0.002004599212,"OPERATE_INCOME_QOQ":-23.403103809645,"NET_PROFIT_RATIO":-0.5366825274,"ROE_AVG":-1.018753733352,"GROSS_PROFIT_QOQ":-75.797093881427,"ROA":-0.484507921642,"HOLDER_PROFIT_QOQ":-120.358778604152,"ROE_YEARLY":-1.018753733352,"ROIC_YEARLY":-0.596455089084,"TOTAL_ASSETS":475995182.7621,"TOTAL_LIABILITIES":229562542.720437,"TAX_EBT":-105.835543766578,"OCF_SALES":null,"TOTAL_PARENT_EQUITY":246432640.041663,"DEBT_ASSET_RATIO":48.2279130197,"OPERATE_PROFIT":-1487484.94613156,"PRETAX_PROFIT":-1227093.70829672,"NETCASH_OPERATE":null,"NETCASH_INVEST":null,"NETCASH_FINANCE":null,"END_CASH":null,"DIVI_RATIO":null,"DIVIDEND_RATE":null,"CURRENT_RATIO":1.866490161002,"COMMON_ACS":10000000000,"CURRENTDEBT_DEBT":99.073424218578,"ISSUED_COMMON_SHARES":1260000000,"HK_COMMON_SHARES":1260000000,"PER_SHARES":5000,"TOTAL_MARKET_CAP":138600000,"HKSK_MARKET_CAP":138600000,"PE_TTM":-50.30446949294,"PB_TTM":0.515592325162,"REPORT_DATE_SQ":"2023-12-31 00:00:00","REPORT_TYPE_SQ":"2023年年报","OPERATE_INCOME_SQ":769077896.640048,"DPS_HKD":null,"OPERATE_INCOME_QOQ_SQ":15.215798750545,"NET_PROFIT_RATIO_SQ":3.9195826321,"HOLDER_PROFIT_SQ":30144643.6643062,"HOLDER_PROFIT_QOQ_SQ":537.489161258177,"ROE_AVG_SQ":12.929430011632,"PE_TTM_SQ":39.789303892888,"PB_TTM_SQ":0.776245307219,"ROA_SQ":6.332441299026,"START_DATE":"2023-11-01 00:00:00","FISCAL_YEAR":"10-31","CURRENCY":"HKD","IS_CNY_CODE":0,"DPS_HKD_LY":null,"ORG_TYPE":"一般企业","PREMIUM_INCOME":null,"PREMIUM_INCOME_YOY":null,"NET_INTEREST_INCOME":null,"NET_INTEREST_INCOME_YOY":null,"FEE_COMMISSION_INCOME":null,"FEE_COMMISSION_INCOME_YOY":null,"ACCOUNTS_RECE_TDAYS":2.756141379195,"INVENTORY_TDAYS":null,"CURRENT_ASSETS_TDAYS":0.986319684851,"TOTAL_ASSETS_TDAYS":0.902783110903,"PREMIUM_EXPENSE":null,"LOAN_DEPOSIT":null,"LOAN_EQUITY":null,"LOAN_ASSETS":null,"DEPOSIT_EQUITY":null,"DEPOSIT_ASSETS":null,"EQUITY_MULTIPLIER":1.931542764309,"EQUITY_RATIO":0.931542764309},{"SECUCODE":"01953.HK","SECURITY_CODE":"01953","SECURITY_NAME_ABBR":"RIMBACO","ORG_CODE":"10000053485","STD_REPORT_DATE":"2024-06-30 00:00:00","REPORT_DATE":"2024-04-30 00:00:00","DATE_TYPE_CODE":"002","REPORT_TYPE":"2024年中报","PER_NETCASH_OPERATE":-0.012092477139,"PER_OI":0.148530787071,"BPS":0.177188528017,"BASIC_EPS":-0.003871294352,"DILUTED_EPS":-0.003871294352,"OPERATE_INCOME":187148791.709474,"OPERATE_INCOME_YOY":-42.9014673148,"GROSS_PROFIT":-3277199.56522387,"GROSS_PROFIT_YOY":-116.15967258243,"HOLDER_PROFIT":-4932922.38054824,"HOLDER_PROFIT_YOY":-140.1721838244,"GROSS_PROFIT_RATIO":-1.751119809692,"EPS_TTM":0.009846362844,"OPERATE_INCOME_QOQ":-20.108763592448,"NET_PROFIT_RATIO":-2.6358291365,"ROE_AVG":-2.185320162926,"GROSS_PROFIT_QOQ":-46.387738134551,"ROA":-1.094850106659,"HOLDER_PROFIT_QOQ":-58.843709279909,"ROE_YEARLY":-4.370640325852,"ROIC_YEARLY":-2.642920534886,"TOTAL_ASSETS":382702759.041706,"TOTAL_LIABILITIES":159445213.740117,"TAX_EBT":null,"OCF_SALES":-8.141394371912,"TOTAL_PARENT_EQUITY":223257545.301589,"DEBT_ASSET_RATIO":41.6629381349,"OPERATE_PROFIT":-4950789.89294382,"PRETAX_PROFIT":-4932922.38054824,"NETCASH_OPERATE":-15236521.1953366,"NETCASH_INVEST":-1296883.60804634,"NETCASH_FINANCE":-2977.91873259779,"END_CASH":68989443.278093,"DIVI_RATIO":null,"DIVIDEND_RATE":null,"CURRENT_RATIO":2.210118759893,"COMMON_ACS":10000000000,"CURRENTDEBT_DEBT":98.5264042583,"ISSUED_COMMON_SHARES":1260000000,"HK_COMMON_SHARES":1260000000,"PER_SHARES":5000,"TOTAL_MARKET_CAP":151200000,"HKSK_MARKET_CAP":151200000,"PE_TTM":-54.877603083207,"PB_TTM":0.562464354722,"REPORT_DATE_SQ":"2023-06-30 00:00:00","REPORT_TYPE_SQ":"2023年中报","OPERATE_INCOME_SQ":341800847.786594,"DPS_HKD":null,"OPERATE_INCOME_QOQ_SQ":-7.765564118681,"NET_PROFIT_RATIO_SQ":3.7464225685,"HOLDER_PROFIT_SQ":12805304.1007406,"HOLDER_PROFIT_QOQ_SQ":1233.60161817868,"ROE_AVG_SQ":5.150077903749,"PE_TTM_SQ":39.019188333671,"PB_TTM_SQ":0.761221204498,"ROA_SQ":2.688692624434,"START_DATE":"2023-11-01 00:00:00","FISCAL_YEAR":"10-31","CURRENCY":"HKD","IS_CNY_CODE":0,"DPS_HKD_LY":null,"ORG_TYPE":"一般企业","PREMIUM_INCOME":null,"PREMIUM_INCOME_YOY":null,"NET_INTEREST_INCOME":null,"NET_INTEREST_INCOME_YOY":null,"FEE_COMMISSION_INCOME":null,"FEE_COMMISSION_INCOME_YOY":null,"ACCOUNTS_RECE_TDAYS":1.536630540427,"INVENTORY_TDAYS":null,"CURRENT_ASSETS_TDAYS":0.449915970297,"TOTAL_ASSETS_TDAYS":0.415372184594,"PREMIUM_EXPENSE":null,"LOAN_DEPOSIT":null,"LOAN_EQUITY":null,"LOAN_ASSETS":null,"DEPOSIT_EQUITY":null,"DEPOSIT_ASSETS":null,"EQUITY_MULTIPLIER":1.71417614811,"EQUITY_RATIO":0.714176148111},{"SECUCODE":"01953.HK","SECURITY_CODE":"01953","SECURITY_NAME_ABBR":"RIMBACO","ORG_CODE":"10000053485","STD_REPORT_DATE":"2023-12-31 00:00:00","REPORT_DATE":"2023-10-31 00:00:00","DATE_TYPE_CODE":"001","REPORT_TYPE":"2023年年报","PER_NETCASH_OPERATE":-0.015235655811,"PER_OI":0.610379283048,"BPS":0.183271510603,"BASIC_EPS":0.023956606901,"DILUTED_EPS":0.023956606901,"OPERATE_INCOME":769077896.640048,"OPERATE_INCOME_YOY":7.3327515692,"GROSS_PROFIT":50783486.5149917,"GROSS_PROFIT_YOY":575.386453323849,"HOLDER_PROFIT":30144643.6643062,"HOLDER_PROFIT_YOY":8486.69527897,"GROSS_PROFIT_RATIO":6.603165522876,"EPS_TTM":0.023924320368,"OPERATE_INCOME_QOQ":15.215798750545,"NET_PROFIT_RATIO":3.9195826321,"ROE_AVG":12.929430011632,"GROSS_PROFIT_QOQ":303.325261351887,"ROA":6.332441299026,"HOLDER_PROFIT_QOQ":537.489161258177,"ROE_YEARLY":12.929430011632,"ROIC_YEARLY":8.395684449499,"TOTAL_ASSETS":524589422.932048,"TOTAL_LIABILITIES":293667319.572096,"TAX_EBT":26.197941642997,"OCF_SALES":-2.496096482034,"TOTAL_PARENT_EQUITY":230922103.359952,"DEBT_ASSET_RATIO":55.9804118678,"OPERATE_PROFIT":40501732.710562,"PRETAX_PROFIT":40845261.4132891,"NETCASH_OPERATE":-19196926.3221335,"NETCASH_INVEST":-6903721.56094621,"NETCASH_FINANCE":-34709959.3189694,"END_CASH":86557179.448546,"DIVI_RATIO":null,"DIVIDEND_RATE":null,"CURRENT_RATIO":1.683906708254,"COMMON_ACS":10000000000,"CURRENTDEBT_DEBT":99.190383105789,"ISSUED_COMMON_SHARES":1260000000,"HK_COMMON_SHARES":1260000000,"PER_SHARES":5000,"TOTAL_MARKET_CAP":151200000,"HKSK_MARKET_CAP":151200000,"PE_TTM":-54.877603083207,"PB_TTM":0.562464354722,"REPORT_DATE_SQ":"2022-12-31 00:00:00","REPORT_TYPE_SQ":"2022年年报","OPERATE_INCOME_SQ":723711042.123204,"DPS_HKD":null,"OPERATE_INCOME_QOQ_SQ":20.130426144656,"NET_PROFIT_RATIO_SQ":0.0489943541,"HOLDER_PROFIT_SQ":354577.550523496,"HOLDER_PROFIT_QOQ_SQ":-92.427560781021,"ROE_AVG_SQ":0.1441269802,"PE_TTM_SQ":39.019188333671,"PB_TTM_SQ":0.761221204498,"ROA_SQ":0.077874982244,"START_DATE":"2022-11-01 00:00:00","FISCAL_YEAR":"10-31","CURRENCY":"HKD","IS_CNY_CODE":0,"DPS_HKD_LY":0.03031,"ORG_TYPE":"一般企业","PREMIUM_INCOME":null,"PREMIUM_INCOME_YOY":null,"NET_INTEREST_INCOME":null,"NET_INTEREST_INCOME_YOY":null,"FEE_COMMISSION_INCOME":null,"FEE_COMMISSION_INCOME_YOY":null,"ACCOUNTS_RECE_TDAYS":6.249955614328,"INVENTORY_TDAYS":null,"CURRENT_ASSETS_TDAYS":1.725300317048,"TOTAL_ASSETS_TDAYS":1.615590712926,"PREMIUM_EXPENSE":null,"LOAN_DEPOSIT":null,"LOAN_EQUITY":null,"LOAN_ASSETS":null,"DEPOSIT_EQUITY":null,"DEPOSIT_ASSETS":null,"EQUITY_MULTIPLIER":2.27171593927,"EQUITY_RATIO":1.271715939268},{"SECUCODE":"01953.HK","SECURITY_CODE":"01953","SECURITY_NAME_ABBR":"RIMBACO","ORG_CODE":"10000053485","STD_REPORT_DATE":"2023-06-30 00:00:00","REPORT_DATE":"2023-04-30 00:00:00","DATE_TYPE_CODE":"002","REPORT_TYPE":"2023年中报","PER_NETCASH_OPERATE":-0.003127627151,"PER_OI":0.271270514116,"BPS":0.202162030804,"BASIC_EPS":0.010092697545,"DILUTED_EPS":0.010092697545,"OPERATE_INCOME":341800847.786594,"OPERATE_INCOME_YOY":-16.0536481751,"GROSS_PROFIT":20280111.1749453,"GROSS_PROFIT_YOY":33.350838809625,"HOLDER_PROFIT":12805304.1007406,"HOLDER_PROFIT_YOY":48.4608460846,"GROSS_PROFIT_RATIO":5.933312133739,"EPS_TTM":0.003752898374,"OPERATE_INCOME_QOQ":-7.765564118681,"NET_PROFIT_RATIO":3.7464225685,"ROE_AVG":5.150077903749,"GROSS_PROFIT_QOQ":67.454538071841,"ROA":2.688692624434,"HOLDER_PROFIT_QOQ":1233.60161817868,"ROE_YEARLY":10.300155807498,"ROIC_YEARLY":7.646731571627,"TOTAL_ASSETS":511993230.129031,"TOTAL_LIABILITIES":257269071.316554,"TAX_EBT":26.359496383606,"OCF_SALES":-1.152955072003,"TOTAL_PARENT_EQUITY":254724158.812478,"DEBT_ASSET_RATIO":50.2485298979,"OPERATE_PROFIT":17500737.5432821,"PRETAX_PROFIT":17388941.5089359,"NETCASH_OPERATE":-3940810.21070447,"NETCASH_INVEST":-16547365.8059407,"NETCASH_FINANCE":-17079.9496917845,"END_CASH":130768753.0084,"DIVI_RATIO":null,"DIVIDEND_RATE":null,"CURRENT_RATIO":1.903398252883,"COMMON_ACS":10000000000,"CURRENTDEBT_DEBT":99.351194104618,"ISSUED_COMMON_SHARES":1260000000,"HK_COMMON_SHARES":1260000000,"PER_SHARES":5000,"TOTAL_MARKET_CAP":151200000,"HKSK_MARKET_CAP":151200000,"PE_TTM":-54.877603083207,"PB_TTM":0.562464354722,"REPORT_DATE_SQ":"2022-06-30 00:00:00","REPORT_TYPE_SQ":"2022年中报","OPERATE_INCOME_SQ":398001092.796649,"DPS_HKD":null,"OPERATE_INCOME_QOQ_SQ":38.570828355295,"NET_PROFIT_RATIO_SQ":2.1183936055,"HOLDER_PROFIT_SQ":8431229.69978448,"HOLDER_PROFIT_QOQ_SQ":-76.190570265007,"ROE_AVG_SQ":3.267243458161,"PE_TTM_SQ":39.019188333671,"PB_TTM_SQ":0.761221204498,"ROA_SQ":1.700815656689,"START_DATE":"2022-11-01 00:00:00","FISCAL_YEAR":"10-31","CURRENCY":"HKD","IS_CNY_CODE":0,"DPS_HKD_LY":0.03031,"ORG_TYPE":"一般企业","PREMIUM_INCOME":null,"PREMIUM_INCOME_YOY":null,"NET_INTEREST_INCOME":null,"NET_INTEREST_INCOME_YOY":null,"FEE_COMMISSION_INCOME":null,"FEE_COMMISSION_INCOME_YOY":null,"ACCOUNTS_RECE_TDAYS":2.856790604114,"INVENTORY_TDAYS":null,"CURRENT_ASSETS_TDAYS":0.759742254343,"TOTAL_ASSETS_TDAYS":0.717669343297,"PREMIUM_EXPENSE":null,"LOAN_DEPOSIT":null,"LOAN_EQUITY":null,"LOAN_ASSETS":null,"DEPOSIT_EQUITY":null,"DEPOSIT_ASSETS":null,"EQUITY_MULTIPLIER":2.009990856447,"EQUITY_RATIO":1.009990856446},{"SECUCODE":"01953.HK","SECURITY_CODE":"01953","SECURITY_NAME_ABBR":"RIMBACO","ORG_CODE":"10000053485","STD_REPORT_DATE":"2022-12-31 00:00:00","REPORT_DATE":"2022-10-31 00:00:00","DATE_TYPE_CODE":"001","REPORT_TYPE":"2022年年报","PER_NETCASH_OPERATE":0.076220042436,"PER_OI":0.574373842955,"BPS":0.188674436985,"BASIC_EPS":0.000304358412,"DILUTED_EPS":0.000304358412,"OPERATE_INCOME":723711042.123204,"OPERATE_INCOME_YOY":68.5952317646,"GROSS_PROFIT":7519174.57998539,"GROSS_PROFIT_YOY":-80.704829730319,"HOLDER_PROFIT":354577.550523496,"HOLDER_PROFIT_YOY":-98.1739811912,"GROSS_PROFIT_RATIO":1.03897469326,"EPS_TTM":0.000281410754,"OPERATE_INCOME_QOQ":20.130426144656,"NET_PROFIT_RATIO":0.0489943541,"ROE_AVG":0.1441269802,"GROSS_PROFIT_QOQ":-61.014374970301,"ROA":0.077874982244,"HOLDER_PROFIT_QOQ":-92.427560781021,"ROE_YEARLY":0.1441269802,"ROIC_YEARLY":0.101763611429,"TOTAL_ASSETS":431761322.132944,"TOTAL_LIABILITIES":194031531.531532,"TAX_EBT":78.425925925926,"OCF_SALES":13.270110289866,"TOTAL_PARENT_EQUITY":237729790.601412,"DEBT_ASSET_RATIO":44.9395352444,"OPERATE_PROFIT":1416788.41003165,"PRETAX_PROFIT":1643535.42731921,"NETCASH_OPERATE":96037253.4696859,"NETCASH_INVEST":6135865.59532505,"NETCASH_FINANCE":-19445458.972486,"END_CASH":148890613.58656,"DIVI_RATIO":null,"DIVIDEND_RATE":null,"CURRENT_RATIO":2.105246505889,"COMMON_ACS":10000000000,"CURRENTDEBT_DEBT":99.156875970573,"ISSUED_COMMON_SHARES":1260000000,"HK_COMMON_SHARES":1260000000,"PER_SHARES":5000,"TOTAL_MARKET_CAP":151200000,"HKSK_MARKET_CAP":151200000,"PE_TTM":-54.877603083207,"PB_TTM":0.562464354722,"REPORT_DATE_SQ":"2021-12-31 00:00:00","REPORT_TYPE_SQ":"2021年年报","OPERATE_INCOME_SQ":434750778.336056,"DPS_HKD":null,"OPERATE_INCOME_QOQ_SQ":17.828259719114,"NET_PROFIT_RATIO_SQ":4.5236196047,"HOLDER_PROFIT_SQ":19666471.4404611,"HOLDER_PROFIT_QOQ_SQ":10.213287031636,"ROE_AVG_SQ":7.928051072555,"PE_TTM_SQ":39.019188333671,"PB_TTM_SQ":0.761221204498,"ROA_SQ":4.629923602632,"START_DATE":"2021-11-01 00:00:00","FISCAL_YEAR":"10-31","CURRENCY":"HKD","IS_CNY_CODE":0,"DPS_HKD_LY":0.01678,"ORG_TYPE":"一般企业","PREMIUM_INCOME":null,"PREMIUM_INCOME_YOY":null,"NET_INTEREST_INCOME":null,"NET_INTEREST_INCOME_YOY":null,"FEE_COMMISSION_INCOME":null,"FEE_COMMISSION_INCOME_YOY":null,"ACCOUNTS_RECE_TDAYS":6.970027846988,"INVENTORY_TDAYS":null,"CURRENT_ASSETS_TDAYS":1.700718102036,"TOTAL_ASSETS_TDAYS":1.58946849489,"PREMIUM_EXPENSE":null,"LOAN_DEPOSIT":null,"LOAN_EQUITY":null,"LOAN_ASSETS":null,"DEPOSIT_EQUITY":null,"DEPOSIT_ASSETS":null,"EQUITY_MULTIPLIER":1.81618517831,"EQUITY_RATIO":0.81618517831},{"SECUCODE":"01953.HK","SECURITY_CODE":"01953","SECURITY_NAME_ABBR":"RIMBACO","ORG_CODE":"10000053485","STD_REPORT_DATE":"2022-06-30 00:00:00","REPORT_DATE":"2022-04-30 00:00:00","DATE_TYPE_CODE":"002","REPORT_TYPE":"2022年中报","PER_NETCASH_OPERATE":0.071996652226,"PER_OI":0.315873883172,"BPS":0.208311952006,"BASIC_EPS":0.006678201742,"DILUTED_EPS":0.006678201742,"OPERATE_INCOME":398001092.796649,"OPERATE_INCOME_YOY":79.5386700991,"GROSS_PROFIT":15208086.6952008,"GROSS_PROFIT_YOY":-56.411641242753,"HOLDER_PROFIT":8431229.69978448,"HOLDER_PROFIT_YOY":-62.5900734056,"GROSS_PROFIT_RATIO":3.821116818634,"EPS_TTM":0.003716249761,"OPERATE_INCOME_QOQ":38.570828355295,"NET_PROFIT_RATIO":2.1183936055,"ROE_AVG":3.267243458161,"GROSS_PROFIT_QOQ":-50.506961848164,"ROA":1.700815656689,"HOLDER_PROFIT_QOQ":-76.190570265007,"ROE_YEARLY":6.534486916322,"ROIC_YEARLY":4.367833715666,"TOTAL_ASSETS":513826913.153022,"TOTAL_LIABILITIES":251353853.62596,"TAX_EBT":26.199016872592,"OCF_SALES":22.792847418458,"TOTAL_PARENT_EQUITY":262473059.527062,"DEBT_ASSET_RATIO":48.9180008271,"OPERATE_PROFIT":11626142.1242753,"PRETAX_PROFIT":11424278.2988799,"NETCASH_OPERATE":90715781.8049358,"NETCASH_INVEST":80441.9755334972,"NETCASH_FINANCE":-1302249.33976869,"END_CASH":154607959.202258,"DIVI_RATIO":null,"DIVIDEND_RATE":null,"CURRENT_RATIO":1.937578975505,"COMMON_ACS":10000000000,"CURRENTDEBT_DEBT":99.396764629515,"ISSUED_COMMON_SHARES":1260000000,"HK_COMMON_SHARES":1260000000,"PER_SHARES":5000,"TOTAL_MARKET_CAP":151200000,"HKSK_MARKET_CAP":151200000,"PE_TTM":-54.877603083207,"PB_TTM":0.562464354722,"REPORT_DATE_SQ":"2021-06-30 00:00:00","REPORT_TYPE_SQ":"2021年中报","OPERATE_INCOME_SQ":230314116.311341,"DPS_HKD":null,"OPERATE_INCOME_QOQ_SQ":26.558927618941,"NET_PROFIT_RATIO_SQ":10.1666484088,"HOLDER_PROFIT_SQ":23415226.4412767,"HOLDER_PROFIT_QOQ_SQ":78.014022171488,"ROE_AVG_SQ":9.172107503104,"PE_TTM_SQ":39.019188333671,"PB_TTM_SQ":0.761221204498,"ROA_SQ":6.032831376086,"START_DATE":"2021-11-01 00:00:00","FISCAL_YEAR":"10-31","CURRENCY":"HKD","IS_CNY_CODE":0,"DPS_HKD_LY":0.01678,"ORG_TYPE":"一般企业","PREMIUM_INCOME":null,"PREMIUM_INCOME_YOY":null,"NET_INTEREST_INCOME":null,"NET_INTEREST_INCOME_YOY":null,"FEE_COMMISSION_INCOME":null,"FEE_COMMISSION_INCOME_YOY":null,"ACCOUNTS_RECE_TDAYS":3.017189998964,"INVENTORY_TDAYS":null,"CURRENT_ASSETS_TDAYS":0.856904774743,"TOTAL_ASSETS_TDAYS":0.802879904963,"PREMIUM_EXPENSE":null,"LOAN_DEPOSIT":null,"LOAN_EQUITY":null,"LOAN_ASSETS":null,"DEPOSIT_EQUITY":null,"DEPOSIT_ASSETS":null,"EQUITY_MULTIPLIER":1.957636772624,"EQUITY_RATIO":0.957636772623},{"SECUCODE":"01953.HK","SECURITY_CODE":"01953","SECURITY_NAME_ABBR":"RIMBACO","ORG_CODE":"10000053485","STD_REPORT_DATE":"2021-12-31 00:00:00","REPORT_DATE":"2021-10-31 00:00:00","DATE_TYPE_CODE":"001","REPORT_TYPE":"2021年年报","PER_NETCASH_OPERATE":0.010733771638,"PER_OI":0.345040300267,"BPS":0.204411378312,"BASIC_EPS":0.015566721125,"DILUTED_EPS":0.015566721125,"OPERATE_INCOME":434750778.336056,"OPERATE_INCOME_YOY":56.4779629989,"GROSS_PROFIT":38969205.6348448,"GROSS_PROFIT_YOY":5.946617544463,"HOLDER_PROFIT":19666471.4404611,"HOLDER_PROFIT_YOY":105.8728622136,"GROSS_PROFIT_RATIO":8.963573517681,"EPS_TTM":0.015608310667,"OPERATE_INCOME_QOQ":17.828259719114,"NET_PROFIT_RATIO":4.5236196047,"ROE_AVG":7.928051072555,"GROSS_PROFIT_QOQ":4.70154608926,"ROA":4.629923602632,"HOLDER_PROFIT_QOQ":10.213287031636,"ROE_YEARLY":7.928051072555,"ROIC_YEARLY":5.494872242067,"TOTAL_ASSETS":484997379.858821,"TOTAL_LIABILITIES":227439043.186092,"TAX_EBT":27.807637906648,"OCF_SALES":3.110874767349,"TOTAL_PARENT_EQUITY":257558336.672729,"DEBT_ASSET_RATIO":46.8949014224,"OPERATE_PROFIT":27221725.5941555,"PRETAX_PROFIT":27241761.9678801,"NETCASH_OPERATE":13524552.2641102,"NETCASH_INVEST":-9343115.19373632,"NETCASH_FINANCE":-5819795.93723991,"END_CASH":65706975.7405752,"DIVI_RATIO":null,"DIVIDEND_RATE":null,"CURRENT_RATIO":1.999836242307,"COMMON_ACS":10000000000,"CURRENTDEBT_DEBT":99.31624279141,"ISSUED_COMMON_SHARES":1260000000,"HK_COMMON_SHARES":1260000000,"PER_SHARES":5000,"TOTAL_MARKET_CAP":151200000,"HKSK_MARKET_CAP":151200000,"PE_TTM":-54.877603083207,"PB_TTM":0.562464354722,"REPORT_DATE_SQ":"2020-12-31 00:00:00","REPORT_TYPE_SQ":"2020年年报","OPERATE_INCOME_SQ":291539979.298745,"DPS_HKD":null,"OPERATE_INCOME_QOQ_SQ":-28.729016077264,"NET_PROFIT_RATIO_SQ":3.4382714337,"HOLDER_PROFIT_SQ":10023935.8261095,"HOLDER_PROFIT_QOQ_SQ":-61.051956189506,"ROE_AVG_SQ":4.969153247628,"PE_TTM_SQ":39.019188333671,"PB_TTM_SQ":0.761221204498,"ROA_SQ":2.646727247882,"START_DATE":"2020-11-01 00:00:00","FISCAL_YEAR":"10-31","CURRENCY":"HKD","IS_CNY_CODE":0,"DPS_HKD_LY":null,"ORG_TYPE":"一般企业","PREMIUM_INCOME":null,"PREMIUM_INCOME_YOY":null,"NET_INTEREST_INCOME":null,"NET_INTEREST_INCOME_YOY":null,"FEE_COMMISSION_INCOME":null,"FEE_COMMISSION_INCOME_YOY":null,"ACCOUNTS_RECE_TDAYS":4.42484470101,"INVENTORY_TDAYS":null,"CURRENT_ASSETS_TDAYS":1.111686950216,"TOTAL_ASSETS_TDAYS":1.023499765057,"PREMIUM_EXPENSE":null,"LOAN_DEPOSIT":null,"LOAN_EQUITY":null,"LOAN_ASSETS":null,"DEPOSIT_EQUITY":null,"DEPOSIT_ASSETS":null,"EQUITY_MULTIPLIER":1.883058363104,"EQUITY_RATIO":0.883058363104},{"SECUCODE":"01953.HK","SECURITY_CODE":"01953","SECURITY_NAME_ABBR":"RIMBACO","ORG_CODE":"10000053485","STD_REPORT_DATE":"2021-06-30 00:00:00","REPORT_DATE":"2021-04-30 00:00:00","DATE_TYPE_CODE":"002","REPORT_TYPE":"2021年中报","PER_NETCASH_OPERATE":0.018999010815,"PER_OI":0.182788981199,"BPS":0.21150338105,"BASIC_EPS":0.018607291535,"DILUTED_EPS":0.018607291535,"OPERATE_INCOME":230314116.311341,"OPERATE_INCOME_YOY":55.4531424618,"GROSS_PROFIT":34890248.5177242,"GROSS_PROFIT_YOY":1.269551913132,"HOLDER_PROFIT":23415226.4412767,"HOLDER_PROFIT_YOY":54.9353088481,"GROSS_PROFIT_RATIO":15.148983951361,"EPS_TTM":0.014161913765,"OPERATE_INCOME_QOQ":26.558927618941,"NET_PROFIT_RATIO":10.1666484088,"ROE_AVG":9.172107503104,"GROSS_PROFIT_QOQ":1.189162435234,"ROA":6.032831376086,"HOLDER_PROFIT_QOQ":78.014022171488,"ROE_YEARLY":18.344215006208,"ROIC_YEARLY":14.996831264187,"TOTAL_ASSETS":403292544.468273,"TOTAL_LIABILITIES":136798284.344645,"TAX_EBT":24.317023445464,"OCF_SALES":10.393958481678,"TOTAL_PARENT_EQUITY":266494260.123628,"DEBT_ASSET_RATIO":33.9203603491,"OPERATE_PROFIT":31189289.7691434,"PRETAX_PROFIT":30938564.4001514,"NETCASH_OPERATE":23938753.626845,"NETCASH_INVEST":-7524914.84798789,"NETCASH_FINANCE":-2873091.96417308,"END_CASH":82130692.5696985,"DIVI_RATIO":null,"DIVIDEND_RATE":null,"CURRENT_RATIO":2.717807134037,"COMMON_ACS":10000000000,"CURRENTDEBT_DEBT":98.951032829214,"ISSUED_COMMON_SHARES":1260000000,"HK_COMMON_SHARES":1260000000,"PER_SHARES":5000,"TOTAL_MARKET_CAP":151200000,"HKSK_MARKET_CAP":151200000,"PE_TTM":-54.877603083207,"PB_TTM":0.562464354722,"REPORT_DATE_SQ":"2020-06-30 00:00:00","REPORT_TYPE_SQ":"2020年中报","OPERATE_INCOME_SQ":152884224.229111,"DPS_HKD":null,"OPERATE_INCOME_QOQ_SQ":-7.690130007873,"NET_PROFIT_RATIO_SQ":10.2006279602,"HOLDER_PROFIT_SQ":15595150.9234399,"HOLDER_PROFIT_QOQ_SQ":24.777740997518,"ROE_AVG_SQ":7.517304939506,"PE_TTM_SQ":39.019188333671,"PB_TTM_SQ":0.761221204498,"ROA_SQ":4.112360466588,"START_DATE":"2020-11-01 00:00:00","FISCAL_YEAR":"10-31","CURRENCY":"HKD","IS_CNY_CODE":0,"DPS_HKD_LY":null,"ORG_TYPE":"一般企业","PREMIUM_INCOME":null,"PREMIUM_INCOME_YOY":null,"NET_INTEREST_INCOME":null,"NET_INTEREST_INCOME_YOY":null,"FEE_COMMISSION_INCOME":null,"FEE_COMMISSION_INCOME_YOY":null,"ACCOUNTS_RECE_TDAYS":2.666301559919,"INVENTORY_TDAYS":null,"CURRENT_ASSETS_TDAYS":0.652498871967,"TOTAL_ASSETS_TDAYS":0.593394315756,"PREMIUM_EXPENSE":null,"LOAN_DEPOSIT":null,"LOAN_EQUITY":null,"LOAN_ASSETS":null,"DEPOSIT_EQUITY":null,"DEPOSIT_ASSETS":null,"EQUITY_MULTIPLIER":1.513325443787,"EQUITY_RATIO":0.513325443787},{"SECUCODE":"01953.HK","SECURITY_CODE":"01953","SECURITY_NAME_ABBR":"RIMBACO","ORG_CODE":"10000053485","STD_REPORT_DATE":"2020-12-31 00:00:00","REPORT_DATE":"2020-10-31 00:00:00","DATE_TYPE_CODE":"001","REPORT_TYPE":"2020年年报","PER_NETCASH_OPERATE":-0.023658577158,"PER_OI":0.231380935951,"BPS":0.198677111764,"BASIC_EPS":0.009056799068,"DILUTED_EPS":0.009056799068,"OPERATE_INCOME":291539979.298745,"OPERATE_INCOME_YOY":-31.320816538,"GROSS_PROFIT":36781925.2167163,"GROSS_PROFIT_YOY":-32.857796705149,"HOLDER_PROFIT":10023935.8261095,"HOLDER_PROFIT_YOY":-49.2674142588,"GROSS_PROFIT_RATIO":12.616425817546,"EPS_TTM":0.007955504624,"OPERATE_INCOME_QOQ":-28.729016077264,"NET_PROFIT_RATIO":3.4382714337,"ROE_AVG":4.969153247628,"GROSS_PROFIT_QOQ":-43.539010331137,"ROA":2.646727247882,"HOLDER_PROFIT_QOQ":-61.051956189506,"ROE_YEARLY":4.969153247628,"ROIC_YEARLY":3.024004683841,"TOTAL_ASSETS":382521995.083452,"TOTAL_LIABILITIES":132188834.260577,"TAX_EBT":43.386919985386,"OCF_SALES":-10.224946606385,"TOTAL_PARENT_EQUITY":250333160.822875,"DEBT_ASSET_RATIO":34.5571851971,"OPERATE_PROFIT":17317893.6473024,"PRETAX_PROFIT":17706042.1788071,"NETCASH_OPERATE":-29809807.2195627,"NETCASH_INVEST":-4051300.29758054,"NETCASH_FINANCE":85568961.055764,"END_CASH":71374045.8015267,"DIVI_RATIO":null,"DIVIDEND_RATE":null,"CURRENT_RATIO":2.660098522167,"COMMON_ACS":10000000000,"CURRENTDEBT_DEBT":98.600354805163,"ISSUED_COMMON_SHARES":1260000000,"HK_COMMON_SHARES":1260000000,"PER_SHARES":5000,"TOTAL_MARKET_CAP":151200000,"HKSK_MARKET_CAP":151200000,"PE_TTM":-54.877603083207,"PB_TTM":0.562464354722,"REPORT_DATE_SQ":"2019-12-31 00:00:00","REPORT_TYPE_SQ":"2019年年报","OPERATE_INCOME_SQ":443136195.573264,"DPS_HKD":null,"OPERATE_INCOME_QOQ_SQ":69.591148486291,"NET_PROFIT_RATIO_SQ":4.6545562608,"HOLDER_PROFIT_SQ":20626023.5349732,"HOLDER_PROFIT_QOQ_SQ":-28.885830631229,"ROE_AVG_SQ":13.601496309326,"PE_TTM_SQ":39.019188333671,"PB_TTM_SQ":0.761221204498,"ROA_SQ":6.175426181239,"START_DATE":"2019-11-01 00:00:00","FISCAL_YEAR":"10-31","CURRENCY":"HKD","IS_CNY_CODE":0,"DPS_HKD_LY":null,"ORG_TYPE":"一般企业","PREMIUM_INCOME":null,"PREMIUM_INCOME_YOY":null,"NET_INTEREST_INCOME":null,"NET_INTEREST_INCOME_YOY":null,"FEE_COMMISSION_INCOME":null,"FEE_COMMISSION_INCOME_YOY":null,"ACCOUNTS_RECE_TDAYS":2.856203506381,"INVENTORY_TDAYS":null,"CURRENT_ASSETS_TDAYS":0.856807428057,"TOTAL_ASSETS_TDAYS":0.769784264826,"PREMIUM_EXPENSE":null,"LOAN_DEPOSIT":null,"LOAN_EQUITY":null,"LOAN_ASSETS":null,"DEPOSIT_EQUITY":null,"DEPOSIT_ASSETS":null,"EQUITY_MULTIPLIER":1.528051632577,"EQUITY_RATIO":0.528051632577}],"count":15},"success":true,"message":"ok","code":0}