{"version":"41513fbf7169a0988703b42b35dea1bb","result":{"pages":2,"data":[{"SECUCODE":"01950.HK","SECURITY_CODE":"01950","SECURITY_NAME_ABBR":"帝王实业控股","ORG_CODE":"10000039803","STD_REPORT_DATE":"2024-06-30 00:00:00","REPORT_DATE":"2024-06-30 00:00:00","DATE_TYPE_CODE":"002","REPORT_TYPE":"2024年中报","PER_NETCASH_OPERATE":0.011652777778,"PER_OI":0.405318055556,"BPS":0.880909722222,"BASIC_EPS":0.0285,"DILUTED_EPS":0.0285,"OPERATE_INCOME":291829000,"OPERATE_INCOME_YOY":16.0220093906,"GROSS_PROFIT":139662000,"GROSS_PROFIT_YOY":24.846469468208,"HOLDER_PROFIT":20537000,"HOLDER_PROFIT_YOY":-28.8540151043,"GROSS_PROFIT_RATIO":47.857478180715,"EPS_TTM":0.015447222222,"OPERATE_INCOME_QOQ":7.063087568265,"NET_PROFIT_RATIO":7.0349416953,"ROE_AVG":3.290721821282,"GROSS_PROFIT_QOQ":11.909607812051,"ROA":2.697124726095,"HOLDER_PROFIT_QOQ":-42.820420543931,"ROE_YEARLY":6.581443642563,"ROIC_YEARLY":5.949132412155,"TOTAL_ASSETS":785290000,"TOTAL_LIABILITIES":126377000,"TAX_EBT":11.581032774883,"OCF_SALES":2.874971301687,"TOTAL_PARENT_EQUITY":634255000,"DEBT_ASSET_RATIO":16.0930356938,"OPERATE_PROFIT":23776000,"PRETAX_PROFIT":23219000,"NETCASH_OPERATE":8390000,"NETCASH_INVEST":-40777000,"NETCASH_FINANCE":27484000,"END_CASH":43766000,"DIVI_RATIO":null,"DIVIDEND_RATE":null,"CURRENT_RATIO":4.569621693681,"COMMON_ACS":2000000000,"CURRENTDEBT_DEBT":97.345244783465,"ISSUED_COMMON_SHARES":720000000,"HK_COMMON_SHARES":720000000,"PER_SHARES":4000,"TOTAL_MARKET_CAP":82800000,"HKSK_MARKET_CAP":82800000,"PE_TTM":6.541813671586,"PB_TTM":0.119147510071,"REPORT_DATE_SQ":"2023-06-30 00:00:00","REPORT_TYPE_SQ":"2023年中报","OPERATE_INCOME_SQ":251529000,"DPS_HKD":null,"OPERATE_INCOME_QOQ_SQ":10.328715272307,"NET_PROFIT_RATIO_SQ":15.6852688954,"HOLDER_PROFIT_SQ":28866000,"HOLDER_PROFIT_QOQ_SQ":130.927646331976,"ROE_AVG_SQ":8.360123029871,"PE_TTM_SQ":2.362358200697,"PB_TTM_SQ":0.336139476884,"ROA_SQ":6.097759338554,"START_DATE":"2024-01-01 00:00:00","FISCAL_YEAR":"12-31","CURRENCY":"HKD","IS_CNY_CODE":0,"DPS_HKD_LY":null,"ORG_TYPE":"一般企业","PREMIUM_INCOME":null,"PREMIUM_INCOME_YOY":null,"NET_INTEREST_INCOME":null,"NET_INTEREST_INCOME_YOY":null,"FEE_COMMISSION_INCOME":null,"FEE_COMMISSION_INCOME_YOY":null,"ACCOUNTS_RECE_TDAYS":1.212919341398,"INVENTORY_TDAYS":1.085778708556,"CURRENT_ASSETS_TDAYS":0.525438849983,"TOTAL_ASSETS_TDAYS":0.383259099037,"PREMIUM_EXPENSE":null,"LOAN_DEPOSIT":null,"LOAN_EQUITY":null,"LOAN_ASSETS":null,"DEPOSIT_EQUITY":null,"DEPOSIT_ASSETS":null,"EQUITY_MULTIPLIER":1.191796185536,"EQUITY_RATIO":0.199252666514},{"SECUCODE":"01950.HK","SECURITY_CODE":"01950","SECURITY_NAME_ABBR":"帝王实业控股","ORG_CODE":"10000039803","STD_REPORT_DATE":"2023-12-31 00:00:00","REPORT_DATE":"2023-12-31 00:00:00","DATE_TYPE_CODE":"001","REPORT_TYPE":"2023年年报","PER_NETCASH_OPERATE":-0.300440277778,"PER_OI":0.792461111111,"BPS":0.852668055556,"BASIC_EPS":0.0411,"DILUTED_EPS":null,"OPERATE_INCOME":570572000,"OPERATE_INCOME_YOY":13.787375084,"GROSS_PROFIT":233383000,"GROSS_PROFIT_YOY":20.488079381305,"HOLDER_PROFIT":19451000,"HOLDER_PROFIT_YOY":-10.983479017,"GROSS_PROFIT_RATIO":40.903339105319,"EPS_TTM":0.027015277778,"OPERATE_INCOME_QOQ":3.134868201052,"NET_PROFIT_RATIO":4.3594848678,"ROE_AVG":4.11634368962,"GROSS_PROFIT_QOQ":-6.087456893256,"ROA":3.285727920241,"HOLDER_PROFIT_QOQ":-61.45263575109,"ROE_YEARLY":4.11634368962,"ROIC_YEARLY":3.729824985283,"TOTAL_ASSETS":737591000,"TOTAL_LIABILITIES":99005000,"TAX_EBT":30.201756601285,"OCF_SALES":-37.912305546014,"TOTAL_PARENT_EQUITY":613921000,"DEBT_ASSET_RATIO":13.4227505487,"OPERATE_PROFIT":36407000,"PRETAX_PROFIT":35637000,"NETCASH_OPERATE":-216317000,"NETCASH_INVEST":-61427000,"NETCASH_FINANCE":278898000,"END_CASH":48952000,"DIVI_RATIO":null,"DIVIDEND_RATE":null,"CURRENT_RATIO":5.739961499027,"COMMON_ACS":2000000000,"CURRENTDEBT_DEBT":96.542598858644,"ISSUED_COMMON_SHARES":720000000,"HK_COMMON_SHARES":720000000,"PER_SHARES":4000,"TOTAL_MARKET_CAP":97920000,"HKSK_MARKET_CAP":97920000,"PE_TTM":7.736405733354,"PB_TTM":0.140904881475,"REPORT_DATE_SQ":"2022-12-31 00:00:00","REPORT_TYPE_SQ":"2022年年报","OPERATE_INCOME_SQ":501437000,"DPS_HKD":null,"OPERATE_INCOME_QOQ_SQ":47.410366764267,"NET_PROFIT_RATIO_SQ":7.900892834,"HOLDER_PROFIT_SQ":21851000,"HOLDER_PROFIT_QOQ_SQ":292.995937113584,"ROE_AVG_SQ":7.274936742576,"PE_TTM_SQ":2.712817933768,"PB_TTM_SQ":0.386006322356,"ROA_SQ":5.753654785979,"START_DATE":"2023-01-01 00:00:00","FISCAL_YEAR":"12-31","CURRENCY":"HKD","IS_CNY_CODE":0,"DPS_HKD_LY":null,"ORG_TYPE":"一般企业","PREMIUM_INCOME":null,"PREMIUM_INCOME_YOY":null,"NET_INTEREST_INCOME":null,"NET_INTEREST_INCOME_YOY":null,"FEE_COMMISSION_INCOME":null,"FEE_COMMISSION_INCOME_YOY":null,"ACCOUNTS_RECE_TDAYS":2.950194284946,"INVENTORY_TDAYS":3.264899251527,"CURRENT_ASSETS_TDAYS":1.332243700952,"TOTAL_ASSETS_TDAYS":0.963829289449,"PREMIUM_EXPENSE":null,"LOAN_DEPOSIT":null,"LOAN_EQUITY":null,"LOAN_ASSETS":null,"DEPOSIT_EQUITY":null,"DEPOSIT_ASSETS":null,"EQUITY_MULTIPLIER":1.155037849248,"EQUITY_RATIO":0.161266677634},{"SECUCODE":"01950.HK","SECURITY_CODE":"01950","SECURITY_NAME_ABBR":"帝王实业控股","ORG_CODE":"10000039803","STD_REPORT_DATE":"2023-06-30 00:00:00","REPORT_DATE":"2023-06-30 00:00:00","DATE_TYPE_CODE":"002","REPORT_TYPE":"2023年中报","PER_NETCASH_OPERATE":-0.030779166667,"PER_OI":0.349345833333,"BPS":0.499198611111,"BASIC_EPS":0.061,"DILUTED_EPS":0.061,"OPERATE_INCOME":251529000,"OPERATE_INCOME_YOY":25.930098079,"GROSS_PROFIT":111867000,"GROSS_PROFIT_YOY":96.072142181092,"HOLDER_PROFIT":28866000,"HOLDER_PROFIT_YOY":11131.906614786,"GROSS_PROFIT_RATIO":44.474792171082,"EPS_TTM":0.070083333333,"OPERATE_INCOME_QOQ":10.328715272307,"NET_PROFIT_RATIO":15.6852688954,"ROE_AVG":8.360123029871,"GROSS_PROFIT_QOQ":28.298175510331,"ROA":6.097759338554,"HOLDER_PROFIT_QOQ":130.927646331976,"ROE_YEARLY":16.720246059743,"ROIC_YEARLY":13.996331938921,"TOTAL_ASSETS":500396000,"TOTAL_LIABILITIES":111144000,"TAX_EBT":24.071900078905,"OCF_SALES":-8.810514890927,"TOTAL_PARENT_EQUITY":359423000,"DEBT_ASSET_RATIO":22.2112087227,"OPERATE_PROFIT":52291000,"PRETAX_PROFIT":51961000,"NETCASH_OPERATE":-22161000,"NETCASH_INVEST":-14834000,"NETCASH_FINANCE":14723000,"END_CASH":24632000,"DIVI_RATIO":null,"DIVIDEND_RATE":null,"CURRENT_RATIO":3.327514864588,"COMMON_ACS":2000000000,"CURRENTDEBT_DEBT":96.543223205931,"ISSUED_COMMON_SHARES":720000000,"HK_COMMON_SHARES":720000000,"PER_SHARES":4000,"TOTAL_MARKET_CAP":97920000,"HKSK_MARKET_CAP":97920000,"PE_TTM":7.736405733354,"PB_TTM":0.140904881475,"REPORT_DATE_SQ":"2022-06-30 00:00:00","REPORT_TYPE_SQ":"2022年中报","OPERATE_INCOME_SQ":199737000,"DPS_HKD":null,"OPERATE_INCOME_QOQ_SQ":45.403406783646,"NET_PROFIT_RATIO_SQ":3.3318814241,"HOLDER_PROFIT_SQ":257000,"HOLDER_PROFIT_QOQ_SQ":-335.461538461538,"ROE_AVG_SQ":0.095007837222,"PE_TTM_SQ":2.712817933768,"PB_TTM_SQ":0.386006322356,"ROA_SQ":0.077850006967,"START_DATE":"2023-01-01 00:00:00","FISCAL_YEAR":"12-31","CURRENCY":"HKD","IS_CNY_CODE":0,"DPS_HKD_LY":null,"ORG_TYPE":"一般企业","PREMIUM_INCOME":null,"PREMIUM_INCOME_YOY":null,"NET_INTEREST_INCOME":null,"NET_INTEREST_INCOME_YOY":null,"FEE_COMMISSION_INCOME":null,"FEE_COMMISSION_INCOME_YOY":null,"ACCOUNTS_RECE_TDAYS":1.618720939587,"INVENTORY_TDAYS":1.205645718232,"CURRENT_ASSETS_TDAYS":0.756512323864,"TOTAL_ASSETS_TDAYS":0.531339052403,"PREMIUM_EXPENSE":null,"LOAN_DEPOSIT":null,"LOAN_EQUITY":null,"LOAN_ASSETS":null,"DEPOSIT_EQUITY":null,"DEPOSIT_ASSETS":null,"EQUITY_MULTIPLIER":1.285532251601,"EQUITY_RATIO":0.309228958636},{"SECUCODE":"01950.HK","SECURITY_CODE":"01950","SECURITY_NAME_ABBR":"帝王实业控股","ORG_CODE":"10000039803","STD_REPORT_DATE":"2022-12-31 00:00:00","REPORT_DATE":"2022-12-31 00:00:00","DATE_TYPE_CODE":"001","REPORT_TYPE":"2022年年报","PER_NETCASH_OPERATE":-0.010070138889,"PER_OI":0.348220138889,"BPS":0.459918055556,"BASIC_EPS":0.0914,"DILUTED_EPS":null,"OPERATE_INCOME":501437000,"OPERATE_INCOME_YOY":114.3396952275,"GROSS_PROFIT":193698000,"GROSS_PROFIT_YOY":398.258520900322,"HOLDER_PROFIT":21851000,"HOLDER_PROFIT_YOY":940.4230769231,"GROSS_PROFIT_RATIO":38.628581456893,"EPS_TTM":0.015174305556,"OPERATE_INCOME_QOQ":47.410366764267,"NET_PROFIT_RATIO":7.900892834,"ROE_AVG":7.274936742576,"GROSS_PROFIT_QOQ":143.207814873875,"ROA":5.753654785979,"HOLDER_PROFIT_QOQ":292.995937113584,"ROE_YEARLY":7.274936742576,"ROIC_YEARLY":6.584095541852,"TOTAL_ASSETS":446378000,"TOTAL_LIABILITIES":95995000,"TAX_EBT":36.780123509981,"OCF_SALES":-2.891888711842,"TOTAL_PARENT_EQUITY":331141000,"DEBT_ASSET_RATIO":21.5053161222,"OPERATE_PROFIT":63147000,"PRETAX_PROFIT":62667000,"NETCASH_OPERATE":-14501000,"NETCASH_INVEST":-14850000,"NETCASH_FINANCE":48467000,"END_CASH":48112000,"DIVI_RATIO":null,"DIVIDEND_RATE":null,"CURRENT_RATIO":3.221436417848,"COMMON_ACS":2000000000,"CURRENTDEBT_DEBT":99.572894421585,"ISSUED_COMMON_SHARES":720000000,"HK_COMMON_SHARES":720000000,"PER_SHARES":4000,"TOTAL_MARKET_CAP":97920000,"HKSK_MARKET_CAP":97920000,"PE_TTM":7.736405733354,"PB_TTM":0.140904881475,"REPORT_DATE_SQ":"2021-12-31 00:00:00","REPORT_TYPE_SQ":"2021年年报","OPERATE_INCOME_SQ":233945000,"DPS_HKD":null,"OPERATE_INCOME_QOQ_SQ":31.395081074098,"NET_PROFIT_RATIO_SQ":-1.1113723311,"HOLDER_PROFIT_SQ":-2600000,"HOLDER_PROFIT_QOQ_SQ":-120.816653322658,"ROE_AVG_SQ":-1.025782652437,"PE_TTM_SQ":2.712817933768,"PB_TTM_SQ":0.386006322356,"ROA_SQ":-0.900930557312,"START_DATE":"2022-01-01 00:00:00","FISCAL_YEAR":"12-31","CURRENCY":"HKD","IS_CNY_CODE":0,"DPS_HKD_LY":null,"ORG_TYPE":"一般企业","PREMIUM_INCOME":null,"PREMIUM_INCOME_YOY":null,"NET_INTEREST_INCOME":null,"NET_INTEREST_INCOME_YOY":null,"FEE_COMMISSION_INCOME":null,"FEE_COMMISSION_INCOME_YOY":null,"ACCOUNTS_RECE_TDAYS":4.265316451389,"INVENTORY_TDAYS":4.75206534999,"CURRENT_ASSETS_TDAYS":1.99778084997,"TOTAL_ASSETS_TDAYS":1.320349363836,"PREMIUM_EXPENSE":null,"LOAN_DEPOSIT":null,"LOAN_EQUITY":null,"LOAN_ASSETS":null,"DEPOSIT_EQUITY":null,"DEPOSIT_ASSETS":null,"EQUITY_MULTIPLIER":1.273971625336,"EQUITY_RATIO":0.289891617166},{"SECUCODE":"01950.HK","SECURITY_CODE":"01950","SECURITY_NAME_ABBR":"帝王实业控股","ORG_CODE":"10000039803","STD_REPORT_DATE":"2022-06-30 00:00:00","REPORT_DATE":"2022-06-30 00:00:00","DATE_TYPE_CODE":"002","REPORT_TYPE":"2022年中报","PER_NETCASH_OPERATE":-0.022104166667,"PER_OI":0.1664475,"BPS":0.376984722222,"BASIC_EPS":0.0011,"DILUTED_EPS":0.0011,"OPERATE_INCOME":199737000,"OPERATE_INCOME_YOY":113.5813426292,"GROSS_PROFIT":57054000,"GROSS_PROFIT_YOY":250.325432887142,"HOLDER_PROFIT":257000,"HOLDER_PROFIT_YOY":-97.1377658982,"GROSS_PROFIT_RATIO":28.564562399555,"EPS_TTM":-0.009435,"OPERATE_INCOME_QOQ":45.403406783646,"NET_PROFIT_RATIO":3.3318814241,"ROE_AVG":0.095007837222,"GROSS_PROFIT_QOQ":104.869453376206,"ROA":0.077850006967,"HOLDER_PROFIT_QOQ":-335.461538461538,"ROE_YEARLY":0.190015674445,"ROIC_YEARLY":0.166522768101,"TOTAL_ASSETS":347070000,"TOTAL_LIABILITIES":67768000,"TAX_EBT":54.188751979073,"OCF_SALES":-13.279963151544,"TOTAL_PARENT_EQUITY":271429000,"DEBT_ASSET_RATIO":19.5257440862,"OPERATE_PROFIT":14636000,"PRETAX_PROFIT":14527000,"NETCASH_OPERATE":-26525000,"NETCASH_INVEST":-7088000,"NETCASH_FINANCE":11401000,"END_CASH":6591000,"DIVI_RATIO":null,"DIVIDEND_RATE":null,"CURRENT_RATIO":3.211645170408,"COMMON_ACS":2000000000,"CURRENTDEBT_DEBT":99.192834376107,"ISSUED_COMMON_SHARES":720000000,"HK_COMMON_SHARES":720000000,"PER_SHARES":4000,"TOTAL_MARKET_CAP":97920000,"HKSK_MARKET_CAP":97920000,"PE_TTM":7.736405733354,"PB_TTM":0.140904881475,"REPORT_DATE_SQ":"2021-06-30 00:00:00","REPORT_TYPE_SQ":"2021年中报","OPERATE_INCOME_SQ":93518000,"DPS_HKD":null,"OPERATE_INCOME_QOQ_SQ":32.435045856547,"NET_PROFIT_RATIO_SQ":9.601360166,"HOLDER_PROFIT_SQ":8979000,"HOLDER_PROFIT_QOQ_SQ":495.62876148242,"ROE_AVG_SQ":3.451264675754,"PE_TTM_SQ":2.712817933768,"PB_TTM_SQ":0.386006322356,"ROA_SQ":3.078943578419,"START_DATE":"2022-01-01 00:00:00","FISCAL_YEAR":"12-31","CURRENCY":"HKD","IS_CNY_CODE":0,"DPS_HKD_LY":null,"ORG_TYPE":"一般企业","PREMIUM_INCOME":null,"PREMIUM_INCOME_YOY":null,"NET_INTEREST_INCOME":null,"NET_INTEREST_INCOME_YOY":null,"FEE_COMMISSION_INCOME":null,"FEE_COMMISSION_INCOME_YOY":null,"ACCOUNTS_RECE_TDAYS":1.776561207518,"INVENTORY_TDAYS":3.811944804371,"CURRENT_ASSETS_TDAYS":0.974414764259,"TOTAL_ASSETS_TDAYS":0.605039954926,"PREMIUM_EXPENSE":null,"LOAN_DEPOSIT":null,"LOAN_EQUITY":null,"LOAN_ASSETS":null,"DEPOSIT_EQUITY":null,"DEPOSIT_ASSETS":null,"EQUITY_MULTIPLIER":1.242633421887,"EQUITY_RATIO":0.24967118473},{"SECUCODE":"01950.HK","SECURITY_CODE":"01950","SECURITY_NAME_ABBR":"帝王实业控股","ORG_CODE":"10000039803","STD_REPORT_DATE":"2021-12-31 00:00:00","REPORT_DATE":"2021-12-31 00:00:00","DATE_TYPE_CODE":"001","REPORT_TYPE":"2021年年报","PER_NETCASH_OPERATE":-0.001715,"PER_OI":0.194954166667,"BPS":0.374415277778,"BASIC_EPS":-0.0023,"DILUTED_EPS":null,"OPERATE_INCOME":233945000,"OPERATE_INCOME_YOY":74.0131358737,"GROSS_PROFIT":38875000,"GROSS_PROFIT_YOY":23.02604512801,"HOLDER_PROFIT":-2600000,"HOLDER_PROFIT_YOY":17.6433322775,"GROSS_PROFIT_RATIO":16.61715360448,"EPS_TTM":-0.002166666667,"OPERATE_INCOME_QOQ":31.395081074098,"NET_PROFIT_RATIO":-1.1113723311,"ROE_AVG":-1.025782652437,"GROSS_PROFIT_QOQ":8.838680777199,"ROA":-0.900930557312,"HOLDER_PROFIT_QOQ":-120.816653322658,"ROE_YEARLY":-1.025782652437,"ROIC_YEARLY":-1.108522190696,"TOTAL_ASSETS":313174000,"TOTAL_LIABILITIES":43595000,"TAX_EBT":-76.151761517615,"OCF_SALES":-0.879693945158,"TOTAL_PARENT_EQUITY":269579000,"DEBT_ASSET_RATIO":13.9203765319,"OPERATE_PROFIT":-1440000,"PRETAX_PROFIT":-1476000,"NETCASH_OPERATE":-2058000,"NETCASH_INVEST":-87681000,"NETCASH_FINANCE":38959000,"END_CASH":28447000,"DIVI_RATIO":null,"DIVIDEND_RATE":null,"CURRENT_RATIO":4.508293068203,"COMMON_ACS":2000000000,"CURRENTDEBT_DEBT":98.745268952862,"ISSUED_COMMON_SHARES":720000000,"HK_COMMON_SHARES":720000000,"PER_SHARES":4000,"TOTAL_MARKET_CAP":97920000,"HKSK_MARKET_CAP":97920000,"PE_TTM":7.736405733354,"PB_TTM":0.140904881475,"REPORT_DATE_SQ":"2020-12-31 00:00:00","REPORT_TYPE_SQ":"2020年年报","OPERATE_INCOME_SQ":134441000,"DPS_HKD":null,"OPERATE_INCOME_QOQ_SQ":-11.095754529824,"NET_PROFIT_RATIO_SQ":-2.3482419798,"HOLDER_PROFIT_SQ":-3157000,"HOLDER_PROFIT_QOQ_SQ":-143.56886558101,"ROE_AVG_SQ":-1.654365045054,"PE_TTM_SQ":2.712817933768,"PB_TTM_SQ":0.386006322356,"ROA_SQ":-1.344325261136,"START_DATE":"2021-01-01 00:00:00","FISCAL_YEAR":"12-31","CURRENCY":"HKD","IS_CNY_CODE":0,"DPS_HKD_LY":null,"ORG_TYPE":"一般企业","PREMIUM_INCOME":null,"PREMIUM_INCOME_YOY":null,"NET_INTEREST_INCOME":null,"NET_INTEREST_INCOME_YOY":null,"FEE_COMMISSION_INCOME":null,"FEE_COMMISSION_INCOME_YOY":null,"ACCOUNTS_RECE_TDAYS":2.927221426292,"INVENTORY_TDAYS":7.918408768013,"CURRENT_ASSETS_TDAYS":1.282825291857,"TOTAL_ASSETS_TDAYS":0.810646920117,"PREMIUM_EXPENSE":null,"LOAN_DEPOSIT":null,"LOAN_EQUITY":null,"LOAN_ASSETS":null,"DEPOSIT_EQUITY":null,"DEPOSIT_ASSETS":null,"EQUITY_MULTIPLIER":1.161715118759,"EQUITY_RATIO":0.161715118759},{"SECUCODE":"01950.HK","SECURITY_CODE":"01950","SECURITY_NAME_ABBR":"帝王实业控股","ORG_CODE":"10000039803","STD_REPORT_DATE":"2021-06-30 00:00:00","REPORT_DATE":"2021-06-30 00:00:00","DATE_TYPE_CODE":"002","REPORT_TYPE":"2021年中报","PER_NETCASH_OPERATE":-0.006256666667,"PER_OI":0.077931666667,"BPS":0.393027777778,"BASIC_EPS":0.0082,"DILUTED_EPS":0.0082,"OPERATE_INCOME":93518000,"OPERATE_INCOME_YOY":87.3657637442,"GROSS_PROFIT":16286000,"GROSS_PROFIT_YOY":33.853867017342,"HOLDER_PROFIT":8979000,"HOLDER_PROFIT_YOY":234.6580683863,"GROSS_PROFIT_RATIO":17.414829230736,"EPS_TTM":0.010408333333,"OPERATE_INCOME_QOQ":32.435045856547,"NET_PROFIT_RATIO":9.601360166,"ROE_AVG":3.451264675754,"GROSS_PROFIT_QOQ":13.035222633628,"ROA":3.078943578419,"HOLDER_PROFIT_QOQ":495.62876148242,"ROE_YEARLY":6.902529351509,"ROIC_YEARLY":8.3898245696,"TOTAL_ASSETS":319245000,"TOTAL_LIABILITIES":36265000,"TAX_EBT":4.610644852863,"OCF_SALES":-8.02840094955,"TOTAL_PARENT_EQUITY":282980000,"DEBT_ASSET_RATIO":11.3596140895,"OPERATE_PROFIT":9413000,"PRETAX_PROFIT":9413000,"NETCASH_OPERATE":-7508000,"NETCASH_INVEST":-35226000,"NETCASH_FINANCE":38959000,"END_CASH":75521000,"DIVI_RATIO":null,"DIVIDEND_RATE":null,"CURRENT_RATIO":6.014530561867,"COMMON_ACS":2000000000,"CURRENTDEBT_DEBT":98.30139252723,"ISSUED_COMMON_SHARES":720000000,"HK_COMMON_SHARES":720000000,"PER_SHARES":4000,"TOTAL_MARKET_CAP":97920000,"HKSK_MARKET_CAP":97920000,"PE_TTM":7.736405733354,"PB_TTM":0.140904881475,"REPORT_DATE_SQ":"2020-06-30 00:00:00","REPORT_TYPE_SQ":"2020年中报","OPERATE_INCOME_SQ":49912000,"DPS_HKD":null,"OPERATE_INCOME_QOQ_SQ":-17.221823834991,"NET_PROFIT_RATIO_SQ":-13.3595127424,"HOLDER_PROFIT_SQ":-6668000,"HOLDER_PROFIT_QOQ_SQ":-69.963521804013,"ROE_AVG_SQ":-3.51463464772,"PE_TTM_SQ":2.712817933768,"PB_TTM_SQ":0.386006322356,"ROA_SQ":-2.802858343842,"START_DATE":"2021-01-01 00:00:00","FISCAL_YEAR":"12-31","CURRENCY":"HKD","IS_CNY_CODE":0,"DPS_HKD_LY":null,"ORG_TYPE":"一般企业","PREMIUM_INCOME":null,"PREMIUM_INCOME_YOY":null,"NET_INTEREST_INCOME":null,"NET_INTEREST_INCOME_YOY":null,"FEE_COMMISSION_INCOME":null,"FEE_COMMISSION_INCOME_YOY":null,"ACCOUNTS_RECE_TDAYS":1.217555462973,"INVENTORY_TDAYS":3.113879649229,"CURRENT_ASSETS_TDAYS":0.485715695466,"TOTAL_ASSETS_TDAYS":0.320677854512,"PREMIUM_EXPENSE":null,"LOAN_DEPOSIT":null,"LOAN_EQUITY":null,"LOAN_ASSETS":null,"DEPOSIT_EQUITY":null,"DEPOSIT_ASSETS":null,"EQUITY_MULTIPLIER":1.12815393314,"EQUITY_RATIO":0.12815393314},{"SECUCODE":"01950.HK","SECURITY_CODE":"01950","SECURITY_NAME_ABBR":"帝王实业控股","ORG_CODE":"10000039803","STD_REPORT_DATE":"2020-12-31 00:00:00","REPORT_DATE":"2020-12-31 00:00:00","DATE_TYPE_CODE":"001","REPORT_TYPE":"2020年年报","PER_NETCASH_OPERATE":0.005784,"PER_OI":0.134441,"BPS":0.329654166667,"BASIC_EPS":-0.0033,"DILUTED_EPS":-0.0033,"OPERATE_INCOME":134441000,"OPERATE_INCOME_YOY":-26.4066870665,"GROSS_PROFIT":31599000,"GROSS_PROFIT_YOY":-49.029760464554,"HOLDER_PROFIT":-3157000,"HOLDER_PROFIT_YOY":-113.0865528105,"GROSS_PROFIT_RATIO":23.503990598106,"EPS_TTM":-0.003157,"OPERATE_INCOME_QOQ":-11.095754529824,"NET_PROFIT_RATIO":-2.3482419798,"ROE_AVG":-1.654365045054,"GROSS_PROFIT_QOQ":-30.036532713384,"ROA":-1.344325261136,"HOLDER_PROFIT_QOQ":-143.56886558101,"ROE_YEARLY":-1.654365045054,"ROIC_YEARLY":-1.680099837418,"TOTAL_ASSETS":264007000,"TOTAL_LIABILITIES":26656000,"TAX_EBT":-13.235294117647,"OCF_SALES":4.302258983495,"TOTAL_PARENT_EQUITY":237351000,"DEBT_ASSET_RATIO":10.0967019814,"OPERATE_PROFIT":-2302000,"PRETAX_PROFIT":-2788000,"NETCASH_OPERATE":5784000,"NETCASH_INVEST":-16344000,"NETCASH_FINANCE":76803000,"END_CASH":79641000,"DIVI_RATIO":null,"DIVIDEND_RATE":null,"CURRENT_RATIO":6.570961034961,"COMMON_ACS":2000000000,"CURRENTDEBT_DEBT":97.433973589436,"ISSUED_COMMON_SHARES":720000000,"HK_COMMON_SHARES":720000000,"PER_SHARES":4000,"TOTAL_MARKET_CAP":97920000,"HKSK_MARKET_CAP":97920000,"PE_TTM":7.736405733354,"PB_TTM":0.140904881475,"REPORT_DATE_SQ":"2019-12-31 00:00:00","REPORT_TYPE_SQ":"2019年年报","OPERATE_INCOME_SQ":182681000,"DPS_HKD":null,"OPERATE_INCOME_QOQ_SQ":3.985086520947,"NET_PROFIT_RATIO_SQ":13.2055331425,"HOLDER_PROFIT_SQ":24124000,"HOLDER_PROFIT_QOQ_SQ":-9.95819647656,"ROE_AVG_SQ":17.772604374636,"PE_TTM_SQ":2.712817933768,"PB_TTM_SQ":0.386006322356,"ROA_SQ":12.648179897342,"START_DATE":"2020-01-01 00:00:00","FISCAL_YEAR":"12-31","CURRENCY":"HKD","IS_CNY_CODE":0,"DPS_HKD_LY":null,"ORG_TYPE":"一般企业","PREMIUM_INCOME":null,"PREMIUM_INCOME_YOY":null,"NET_INTEREST_INCOME":null,"NET_INTEREST_INCOME_YOY":null,"FEE_COMMISSION_INCOME":null,"FEE_COMMISSION_INCOME_YOY":null,"ACCOUNTS_RECE_TDAYS":1.745023850472,"INVENTORY_TDAYS":5.770346472156,"CURRENT_ASSETS_TDAYS":0.905226018658,"TOTAL_ASSETS_TDAYS":0.572481572482,"PREMIUM_EXPENSE":null,"LOAN_DEPOSIT":null,"LOAN_EQUITY":null,"LOAN_ASSETS":null,"DEPOSIT_EQUITY":null,"DEPOSIT_ASSETS":null,"EQUITY_MULTIPLIER":1.112306246867,"EQUITY_RATIO":0.112306246866},{"SECUCODE":"01950.HK","SECURITY_CODE":"01950","SECURITY_NAME_ABBR":"帝王实业控股","ORG_CODE":"10000039803","STD_REPORT_DATE":"2020-06-30 00:00:00","REPORT_DATE":"2020-06-30 00:00:00","DATE_TYPE_CODE":"002","REPORT_TYPE":"2020年中报","PER_NETCASH_OPERATE":-0.011939,"PER_OI":0.049912,"BPS":0.326577777778,"BASIC_EPS":-0.0074,"DILUTED_EPS":-0.0074,"OPERATE_INCOME":49912000,"OPERATE_INCOME_YOY":-38.6627013874,"GROSS_PROFIT":12167000,"GROSS_PROFIT_YOY":-58.040486946926,"HOLDER_PROFIT":-6668000,"HOLDER_PROFIT_YOY":-165.3085210578,"GROSS_PROFIT_RATIO":24.376903349896,"EPS_TTM":0.007246,"OPERATE_INCOME_QOQ":-17.221823834991,"NET_PROFIT_RATIO":-13.3595127424,"ROE_AVG":-3.51463464772,"GROSS_PROFIT_QOQ":-27.14735059279,"ROA":-2.802858343842,"HOLDER_PROFIT_QOQ":-69.963521804013,"ROE_YEARLY":-7.029269295439,"ROIC_YEARLY":-7.189218328841,"TOTAL_ASSETS":270129000,"TOTAL_LIABILITIES":34993000,"TAX_EBT":-14.906083060486,"OCF_SALES":-23.9200993749,"TOTAL_PARENT_EQUITY":235136000,"DEBT_ASSET_RATIO":12.9541811505,"OPERATE_PROFIT":-5387000,"PRETAX_PROFIT":-5803000,"NETCASH_OPERATE":-11939000,"NETCASH_INVEST":-52000,"NETCASH_FINANCE":87678000,"END_CASH":90574000,"DIVI_RATIO":null,"DIVIDEND_RATE":null,"CURRENT_RATIO":5.629906542056,"COMMON_ACS":2000000000,"CURRENTDEBT_DEBT":97.848141056783,"ISSUED_COMMON_SHARES":720000000,"HK_COMMON_SHARES":720000000,"PER_SHARES":4000,"TOTAL_MARKET_CAP":97920000,"HKSK_MARKET_CAP":97920000,"PE_TTM":7.736405733354,"PB_TTM":0.140904881475,"REPORT_DATE_SQ":"2019-06-30 00:00:00","REPORT_TYPE_SQ":"2019年中报","OPERATE_INCOME_SQ":81373000,"DPS_HKD":null,"OPERATE_INCOME_QOQ_SQ":0,"NET_PROFIT_RATIO_SQ":12.5471593772,"HOLDER_PROFIT_SQ":10210000,"HOLDER_PROFIT_QOQ_SQ":0,"ROE_AVG_SQ":null,"PE_TTM_SQ":2.712817933768,"PB_TTM_SQ":0.386006322356,"ROA_SQ":null,"START_DATE":"2020-01-01 00:00:00","FISCAL_YEAR":"12-31","CURRENCY":"HKD","IS_CNY_CODE":0,"DPS_HKD_LY":null,"ORG_TYPE":"一般企业","PREMIUM_INCOME":null,"PREMIUM_INCOME_YOY":null,"NET_INTEREST_INCOME":null,"NET_INTEREST_INCOME_YOY":null,"FEE_COMMISSION_INCOME":null,"FEE_COMMISSION_INCOME_YOY":null,"ACCOUNTS_RECE_TDAYS":0.634463822647,"INVENTORY_TDAYS":2.448827326694,"CURRENT_ASSETS_TDAYS":0.312790624804,"TOTAL_ASSETS_TDAYS":0.209802437999,"PREMIUM_EXPENSE":null,"LOAN_DEPOSIT":null,"LOAN_EQUITY":null,"LOAN_ASSETS":null,"DEPOSIT_EQUITY":null,"DEPOSIT_ASSETS":null,"EQUITY_MULTIPLIER":1.148820257213,"EQUITY_RATIO":0.148820257213}],"count":16},"success":true,"message":"ok","code":0}