{"version":"ba290ace3326a4951e590a488aec5518","result":{"pages":2,"data":[{"SECUCODE":"01955.HK","SECURITY_CODE":"01955","SECURITY_NAME_ABBR":"庄臣控股","ORG_CODE":"10000002617","STD_REPORT_DATE":"2024-06-30 00:00:00","REPORT_DATE":"2024-09-30 00:00:00","DATE_TYPE_CODE":"002","REPORT_TYPE":"2024年中报","PER_NETCASH_OPERATE":-0.17400398766,"PER_OI":1.28817815772,"BPS":1.08361431054,"BASIC_EPS":0.01623222,"DILUTED_EPS":0.01623222,"OPERATE_INCOME":644089078.86,"OPERATE_INCOME_YOY":-13.113601417,"GROSS_PROFIT":39485776.94,"GROSS_PROFIT_YOY":6.750780784139,"HOLDER_PROFIT":8326227.07,"HOLDER_PROFIT_YOY":-4.0527901902,"GROSS_PROFIT_RATIO":6.130483847031,"EPS_TTM":0.0312922929,"OPERATE_INCOME_QOQ":0,"NET_PROFIT_RATIO":1.2927135925,"ROE_AVG":1.542570209666,"GROSS_PROFIT_QOQ":0,"ROA":1.112759554511,"HOLDER_PROFIT_QOQ":0,"ROE_YEARLY":3.085140419333,"ROIC_YEARLY":4.024729002089,"TOTAL_ASSETS":740952146.34,"TOTAL_LIABILITIES":199144991.07,"TAX_EBT":9.639851242905,"OCF_SALES":-13.507757961676,"TOTAL_PARENT_EQUITY":541807155.27,"DEBT_ASSET_RATIO":26.8769031919,"OPERATE_PROFIT":9651858.37,"PRETAX_PROFIT":9214490.22,"NETCASH_OPERATE":-87001993.83,"NETCASH_INVEST":-6069948.49,"NETCASH_FINANCE":-8003386.25,"END_CASH":283959242.36,"DIVI_RATIO":0.272321687236,"DIVIDEND_RATE":2.292682926829,"CURRENT_RATIO":3.402823773831,"COMMON_ACS":3000000000,"CURRENTDEBT_DEBT":95.031539670249,"ISSUED_COMMON_SHARES":500000000,"HK_COMMON_SHARES":500000000,"PER_SHARES":2000,"TOTAL_MARKET_CAP":205000000,"HKSK_MARKET_CAP":205000000,"PE_TTM":12.152469026024,"PB_TTM":0.341204334793,"REPORT_DATE_SQ":"2023-06-30 00:00:00","REPORT_TYPE_SQ":"2023年中报","OPERATE_INCOME_SQ":754321224.16,"DPS_HKD":0.0094,"OPERATE_INCOME_QOQ_SQ":0,"NET_PROFIT_RATIO_SQ":1.170635693,"HOLDER_PROFIT_SQ":8830353.49,"HOLDER_PROFIT_QOQ_SQ":0,"ROE_AVG_SQ":1.635951144171,"PE_TTM_SQ":35.121328224776,"PB_TTM_SQ":0.372892732321,"ROA_SQ":1.057925924297,"START_DATE":"2024-04-01 00:00:00","FISCAL_YEAR":"3-31","CURRENCY":"HKD","IS_CNY_CODE":0,"DPS_HKD_LY":0.0094,"ORG_TYPE":"一般企业","PREMIUM_INCOME":null,"PREMIUM_INCOME_YOY":null,"NET_INTEREST_INCOME":null,"NET_INTEREST_INCOME_YOY":null,"FEE_COMMISSION_INCOME":null,"FEE_COMMISSION_INCOME_YOY":null,"ACCOUNTS_RECE_TDAYS":2.322591344841,"INVENTORY_TDAYS":null,"CURRENT_ASSETS_TDAYS":0.990199680301,"TOTAL_ASSETS_TDAYS":0.860793574847,"PREMIUM_EXPENSE":null,"LOAN_DEPOSIT":null,"LOAN_EQUITY":null,"LOAN_ASSETS":null,"DEPOSIT_EQUITY":null,"DEPOSIT_ASSETS":null,"EQUITY_MULTIPLIER":1.367556960319,"EQUITY_RATIO":0.367556960319},{"SECUCODE":"01955.HK","SECURITY_CODE":"01955","SECURITY_NAME_ABBR":"庄臣控股","ORG_CODE":"10000002617","STD_REPORT_DATE":"2023-12-31 00:00:00","REPORT_DATE":"2024-03-31 00:00:00","DATE_TYPE_CODE":"001","REPORT_TYPE":"2023年年报","PER_NETCASH_OPERATE":0.0146153991,"PER_OI":2.8360782165,"BPS":1.081115268,"BASIC_EPS":0.03172925,"DILUTED_EPS":0.03172925,"OPERATE_INCOME":1418039108.25,"OPERATE_INCOME_YOY":-31.4000964828,"GROSS_PROFIT":91412875.8,"GROSS_PROFIT_YOY":-17.416977637584,"HOLDER_PROFIT":15646146.45,"HOLDER_PROFIT_YOY":-43.5057283142,"GROSS_PROFIT_RATIO":6.446428400188,"EPS_TTM":0.00981094606,"OPERATE_INCOME_QOQ":0,"NET_PROFIT_RATIO":1.1033649466,"ROE_AVG":2.918479901314,"GROSS_PROFIT_QOQ":0,"ROA":1.930217368937,"HOLDER_PROFIT_QOQ":0,"ROE_YEARLY":2.918479901314,"ROIC_YEARLY":3.808580173492,"TOTAL_ASSETS":759536599.6,"TOTAL_LIABILITIES":218978965.6,"TAX_EBT":10.226267880364,"OCF_SALES":0.515338364611,"TOTAL_PARENT_EQUITY":540557634,"DEBT_ASSET_RATIO":28.8306008842,"OPERATE_PROFIT":20128129.65,"PRETAX_PROFIT":17428423.75,"NETCASH_OPERATE":7307699.55,"NETCASH_INVEST":-8233287.1,"NETCASH_FINANCE":-24494074.45,"END_CASH":387066933.85,"DIVI_RATIO":0.868577805635,"DIVIDEND_RATE":2.611111111111,"CURRENT_RATIO":3.238032163145,"COMMON_ACS":3000000000,"CURRENTDEBT_DEBT":93.138537457773,"ISSUED_COMMON_SHARES":500000000,"HK_COMMON_SHARES":500000000,"PER_SHARES":2000,"TOTAL_MARKET_CAP":180000000,"HKSK_MARKET_CAP":180000000,"PE_TTM":10.670460608216,"PB_TTM":0.299594050062,"REPORT_DATE_SQ":"2022-12-31 00:00:00","REPORT_TYPE_SQ":"2022年年报","OPERATE_INCOME_SQ":1996109882,"DPS_HKD":0.0094,"OPERATE_INCOME_QOQ_SQ":0,"NET_PROFIT_RATIO_SQ":1.3397947548,"HOLDER_PROFIT_SQ":26743775.5,"HOLDER_PROFIT_QOQ_SQ":0,"ROE_AVG_SQ":5.233996477546,"PE_TTM_SQ":7.119476268412,"PB_TTM_SQ":0.368655314908,"ROA_SQ":3.051605089338,"START_DATE":"2023-04-01 00:00:00","FISCAL_YEAR":"3-31","CURRENCY":"HKD","IS_CNY_CODE":0,"DPS_HKD_LY":0.0122,"ORG_TYPE":"一般企业","PREMIUM_INCOME":null,"PREMIUM_INCOME_YOY":null,"NET_INTEREST_INCOME":null,"NET_INTEREST_INCOME_YOY":null,"FEE_COMMISSION_INCOME":null,"FEE_COMMISSION_INCOME_YOY":null,"ACCOUNTS_RECE_TDAYS":5.210324617898,"INVENTORY_TDAYS":20184.5379310345,"CURRENT_ASSETS_TDAYS":2.003700700558,"TOTAL_ASSETS_TDAYS":1.749391599601,"PREMIUM_EXPENSE":null,"LOAN_DEPOSIT":null,"LOAN_EQUITY":null,"LOAN_ASSETS":null,"DEPOSIT_EQUITY":null,"DEPOSIT_ASSETS":null,"EQUITY_MULTIPLIER":1.405098275978,"EQUITY_RATIO":0.405098275978},{"SECUCODE":"01955.HK","SECURITY_CODE":"01955","SECURITY_NAME_ABBR":"庄臣控股","ORG_CODE":"10000002617","STD_REPORT_DATE":"2023-06-30 00:00:00","REPORT_DATE":"2023-09-30 00:00:00","DATE_TYPE_CODE":"002","REPORT_TYPE":"2023年中报","PER_NETCASH_OPERATE":-0.24449700772,"PER_OI":1.50864244832,"BPS":1.08277036532,"BASIC_EPS":0.01743497,"DILUTED_EPS":0.01743497,"OPERATE_INCOME":754321224.16,"OPERATE_INCOME_YOY":-32.8464481892,"GROSS_PROFIT":36988747.67,"GROSS_PROFIT_YOY":-50.276780598779,"HOLDER_PROFIT":8830353.49,"HOLDER_PROFIT_YOY":-71.6211035418,"GROSS_PROFIT_RATIO":4.903580395897,"EPS_TTM":0.053487551,"OPERATE_INCOME_QOQ":0,"NET_PROFIT_RATIO":1.170635693,"ROE_AVG":1.635951144171,"GROSS_PROFIT_QOQ":0,"ROA":1.057925924297,"HOLDER_PROFIT_QOQ":0,"ROE_YEARLY":3.271902288343,"ROIC_YEARLY":3.620980464278,"TOTAL_ASSETS":797196568.28,"TOTAL_LIABILITIES":255811385.62,"TAX_EBT":13.407720687483,"OCF_SALES":-16.206425054013,"TOTAL_PARENT_EQUITY":541385182.66,"DEBT_ASSET_RATIO":32.0888719042,"OPERATE_PROFIT":12115468.89,"PRETAX_PROFIT":10197622.19,"NETCASH_OPERATE":-122248503.86,"NETCASH_INVEST":-10106776.82,"NETCASH_FINANCE":-8795483.55,"END_CASH":276377309.18,"DIVI_RATIO":0.159318754377,"DIVIDEND_RATE":2.611111111111,"CURRENT_RATIO":2.9538785888,"COMMON_ACS":3000000000,"CURRENTDEBT_DEBT":90.857827487499,"ISSUED_COMMON_SHARES":500000000,"HK_COMMON_SHARES":500000000,"PER_SHARES":2000,"TOTAL_MARKET_CAP":180000000,"HKSK_MARKET_CAP":180000000,"PE_TTM":10.670460608216,"PB_TTM":0.299594050062,"REPORT_DATE_SQ":"2022-06-30 00:00:00","REPORT_TYPE_SQ":"2022年中报","OPERATE_INCOME_SQ":1107132239.52,"DPS_HKD":0.0094,"OPERATE_INCOME_QOQ_SQ":0,"NET_PROFIT_RATIO_SQ":2.7700987168,"HOLDER_PROFIT_SQ":30668655.96,"HOLDER_PROFIT_QOQ_SQ":0,"ROE_AVG_SQ":5.792810791927,"PE_TTM_SQ":7.119476268412,"PB_TTM_SQ":0.368655314908,"ROA_SQ":3.069435002729,"START_DATE":"2023-04-01 00:00:00","FISCAL_YEAR":"3-31","CURRENCY":"HKD","IS_CNY_CODE":0,"DPS_HKD_LY":0.0122,"ORG_TYPE":"一般企业","PREMIUM_INCOME":null,"PREMIUM_INCOME_YOY":null,"NET_INTEREST_INCOME":null,"NET_INTEREST_INCOME_YOY":null,"FEE_COMMISSION_INCOME":null,"FEE_COMMISSION_INCOME_YOY":null,"ACCOUNTS_RECE_TDAYS":2.195217176505,"INVENTORY_TDAYS":10022.0897435897,"CURRENT_ASSETS_TDAYS":1.039874207949,"TOTAL_ASSETS_TDAYS":0.90371917635,"PREMIUM_EXPENSE":null,"LOAN_DEPOSIT":null,"LOAN_EQUITY":null,"LOAN_ASSETS":null,"DEPOSIT_EQUITY":null,"DEPOSIT_ASSETS":null,"EQUITY_MULTIPLIER":1.472512720727,"EQUITY_RATIO":0.472512720727},{"SECUCODE":"01955.HK","SECURITY_CODE":"01955","SECURITY_NAME_ABBR":"庄臣控股","ORG_CODE":"10000002617","STD_REPORT_DATE":"2022-12-31 00:00:00","REPORT_DATE":"2023-03-31 00:00:00","DATE_TYPE_CODE":"001","REPORT_TYPE":"2022年年报","PER_NETCASH_OPERATE":0.15350139268,"PER_OI":3.992219764,"BPS":1.02678414638,"BASIC_EPS":0.05340001,"DILUTED_EPS":0.05340001,"OPERATE_INCOME":1996109882,"OPERATE_INCOME_YOY":-23.458332592,"GROSS_PROFIT":110692092.86,"GROSS_PROFIT_YOY":-52.326045567566,"HOLDER_PROFIT":26743775.5,"HOLDER_PROFIT_YOY":-76.4340152427,"GROSS_PROFIT_RATIO":5.545390755197,"EPS_TTM":0.15926135892,"OPERATE_INCOME_QOQ":0,"NET_PROFIT_RATIO":1.3397947548,"ROE_AVG":5.233996477546,"GROSS_PROFIT_QOQ":0,"ROA":3.051605089338,"HOLDER_PROFIT_QOQ":0,"ROE_YEARLY":5.233996477546,"ROIC_YEARLY":5.430256750716,"TOTAL_ASSETS":832045690.24,"TOTAL_LIABILITIES":318653617.05,"TAX_EBT":19.784692136012,"OCF_SALES":3.845013595299,"TOTAL_PARENT_EQUITY":513392073.19,"DEBT_ASSET_RATIO":38.2976104303,"OPERATE_PROFIT":39344427.04,"PRETAX_PROFIT":33339989.85,"NETCASH_OPERATE":76750696.34,"NETCASH_INVEST":10195900.27,"NETCASH_FINANCE":-58087830.55,"END_CASH":398317677.87,"DIVI_RATIO":0.053506827129,"DIVIDEND_RATE":2.211764705882,"CURRENT_RATIO":2.530882393161,"COMMON_ACS":3000000000,"CURRENTDEBT_DEBT":90.402879081331,"ISSUED_COMMON_SHARES":500000000,"HK_COMMON_SHARES":500000000,"PER_SHARES":2000,"TOTAL_MARKET_CAP":212500000,"HKSK_MARKET_CAP":212500000,"PE_TTM":12.597071551366,"PB_TTM":0.353687420212,"REPORT_DATE_SQ":"2021-12-31 00:00:00","REPORT_TYPE_SQ":"2021年年报","OPERATE_INCOME_SQ":2416023931.31,"DPS_HKD":0.0094,"OPERATE_INCOME_QOQ_SQ":0,"NET_PROFIT_RATIO_SQ":4.3516163477,"HOLDER_PROFIT_SQ":105136092.36,"HOLDER_PROFIT_QOQ_SQ":0,"ROE_AVG_SQ":24.238231549189,"PE_TTM_SQ":7.364975450082,"PB_TTM_SQ":0.381367567146,"ROA_SQ":12.884514847864,"START_DATE":"2022-04-01 00:00:00","FISCAL_YEAR":"3-31","CURRENCY":"HKD","IS_CNY_CODE":0,"DPS_HKD_LY":0.05,"ORG_TYPE":"一般企业","PREMIUM_INCOME":null,"PREMIUM_INCOME_YOY":null,"NET_INTEREST_INCOME":null,"NET_INTEREST_INCOME_YOY":null,"FEE_COMMISSION_INCOME":null,"FEE_COMMISSION_INCOME_YOY":null,"ACCOUNTS_RECE_TDAYS":6.051012460543,"INVENTORY_TDAYS":9425.61925601751,"CURRENT_ASSETS_TDAYS":2.650729584197,"TOTAL_ASSETS_TDAYS":2.277666096468,"PREMIUM_EXPENSE":null,"LOAN_DEPOSIT":null,"LOAN_EQUITY":null,"LOAN_ASSETS":null,"DEPOSIT_EQUITY":null,"DEPOSIT_ASSETS":null,"EQUITY_MULTIPLIER":1.620682775779,"EQUITY_RATIO":0.620682775778},{"SECUCODE":"01955.HK","SECURITY_CODE":"01955","SECURITY_NAME_ABBR":"庄臣控股","ORG_CODE":"10000002617","STD_REPORT_DATE":"2022-06-30 00:00:00","REPORT_DATE":"2022-09-30 00:00:00","DATE_TYPE_CODE":"002","REPORT_TYPE":"2022年中报","PER_NETCASH_OPERATE":-0.28881663408,"PER_OI":2.21426447904,"BPS":1.06690998384,"BASIC_EPS":0.06150192,"DILUTED_EPS":0.06150192,"OPERATE_INCOME":1107132239.52,"OPERATE_INCOME_YOY":-19.1561278409,"GROSS_PROFIT":74389285.56,"GROSS_PROFIT_YOY":-38.689824094102,"HOLDER_PROFIT":30668655.96,"HOLDER_PROFIT_YOY":-49.7130399964,"GROSS_PROFIT_RATIO":6.719096681012,"EPS_TTM":0.21027218472,"OPERATE_INCOME_QOQ":0,"NET_PROFIT_RATIO":2.7700987168,"ROE_AVG":5.792810791927,"GROSS_PROFIT_QOQ":0,"ROA":3.069435002729,"HOLDER_PROFIT_QOQ":0,"ROE_YEARLY":11.585621583854,"ROIC_YEARLY":9.822446298659,"TOTAL_ASSETS":1047071092.44,"TOTAL_LIABILITIES":513616100.52,"TAX_EBT":16.867292652431,"OCF_SALES":-13.043456949877,"TOTAL_PARENT_EQUITY":533454991.92,"DEBT_ASSET_RATIO":49.052648309,"OPERATE_PROFIT":39812544.36,"PRETAX_PROFIT":36891203.16,"NETCASH_OPERATE":-144408317.04,"NETCASH_INVEST":8275626,"NETCASH_FINANCE":122115679.92,"END_CASH":367693750.92,"DIVI_RATIO":0.040526377806,"DIVIDEND_RATE":2.211764705882,"CURRENT_RATIO":1.950298346828,"COMMON_ACS":3000000000,"CURRENTDEBT_DEBT":92.606751742877,"ISSUED_COMMON_SHARES":500000000,"HK_COMMON_SHARES":500000000,"PER_SHARES":2000,"TOTAL_MARKET_CAP":212500000,"HKSK_MARKET_CAP":212500000,"PE_TTM":12.597071551366,"PB_TTM":0.353687420212,"REPORT_DATE_SQ":"2021-06-30 00:00:00","REPORT_TYPE_SQ":"2021年中报","OPERATE_INCOME_SQ":1261388628.78,"DPS_HKD":0.0094,"OPERATE_INCOME_QOQ_SQ":0,"NET_PROFIT_RATIO_SQ":4.4533514556,"HOLDER_PROFIT_SQ":56174068.86,"HOLDER_PROFIT_QOQ_SQ":0,"ROE_AVG_SQ":13.386112040275,"PE_TTM_SQ":7.364975450082,"PB_TTM_SQ":0.381367567146,"ROA_SQ":5.793897380025,"START_DATE":"2022-04-01 00:00:00","FISCAL_YEAR":"3-31","CURRENCY":"HKD","IS_CNY_CODE":0,"DPS_HKD_LY":0.05,"ORG_TYPE":"一般企业","PREMIUM_INCOME":null,"PREMIUM_INCOME_YOY":null,"NET_INTEREST_INCOME":null,"NET_INTEREST_INCOME_YOY":null,"FEE_COMMISSION_INCOME":null,"FEE_COMMISSION_INCOME_YOY":null,"ACCOUNTS_RECE_TDAYS":2.46893530508,"INVENTORY_TDAYS":2854.6475,"CURRENT_ASSETS_TDAYS":1.279611132889,"TOTAL_ASSETS_TDAYS":1.108059790121,"PREMIUM_EXPENSE":null,"LOAN_DEPOSIT":null,"LOAN_EQUITY":null,"LOAN_ASSETS":null,"DEPOSIT_EQUITY":null,"DEPOSIT_ASSETS":null,"EQUITY_MULTIPLIER":1.962810561901,"EQUITY_RATIO":0.962810561902},{"SECUCODE":"01955.HK","SECURITY_CODE":"01955","SECURITY_NAME_ABBR":"庄臣控股","ORG_CODE":"10000002617","STD_REPORT_DATE":"2021-12-31 00:00:00","REPORT_DATE":"2022-03-31 00:00:00","DATE_TYPE_CODE":"001","REPORT_TYPE":"2021年年报","PER_NETCASH_OPERATE":0.19386220838,"PER_OI":4.83204786262,"BPS":0.94224601618,"BASIC_EPS":0.21005159,"DILUTED_EPS":0.21005159,"OPERATE_INCOME":2416023931.31,"OPERATE_INCOME_YOY":7.6443689645,"GROSS_PROFIT":232185674.92,"GROSS_PROFIT_YOY":-3.215007253198,"HOLDER_PROFIT":105136092.36,"HOLDER_PROFIT_YOY":-31.2403532501,"GROSS_PROFIT_RATIO":9.610239034102,"EPS_TTM":0.28615680672,"OPERATE_INCOME_QOQ":0,"NET_PROFIT_RATIO":4.3516163477,"ROE_AVG":24.238231549189,"GROSS_PROFIT_QOQ":0,"ROA":12.884514847864,"HOLDER_PROFIT_QOQ":0,"ROE_YEARLY":24.238231549189,"ROIC_YEARLY":21.489651445466,"TOTAL_ASSETS":852988688.61,"TOTAL_LIABILITIES":381865680.52,"TAX_EBT":17.034021964519,"OCF_SALES":4.012009274157,"TOTAL_PARENT_EQUITY":471123008.09,"DEBT_ASSET_RATIO":44.7679653457,"OPERATE_PROFIT":132324391.6,"PRETAX_PROFIT":126721934.52,"NETCASH_OPERATE":96931104.19,"NETCASH_INVEST":-16627327.02,"NETCASH_FINANCE":-49239661.14,"END_CASH":342279471.41,"DIVI_RATIO":0.029779372008,"DIVIDEND_RATE":2.16091954023,"CURRENT_RATIO":2.146939446861,"COMMON_ACS":3000000000,"CURRENTDEBT_DEBT":87.802961440113,"ISSUED_COMMON_SHARES":500000000,"HK_COMMON_SHARES":500000000,"PER_SHARES":2000,"TOTAL_MARKET_CAP":217500000,"HKSK_MARKET_CAP":217500000,"PE_TTM":12.893473234928,"PB_TTM":0.362009477158,"REPORT_DATE_SQ":"2020-12-31 00:00:00","REPORT_TYPE_SQ":"2020年年报","OPERATE_INCOME_SQ":2339014520.5,"DPS_HKD":0.0094,"OPERATE_INCOME_QOQ_SQ":0,"NET_PROFIT_RATIO_SQ":6.8125276651,"HOLDER_PROFIT_SQ":159346011.3,"HOLDER_PROFIT_QOQ_SQ":0,"ROE_AVG_SQ":47.790208248047,"PE_TTM_SQ":38.314176245211,"PB_TTM_SQ":0.406792071623,"ROA_SQ":22.906369826065,"START_DATE":"2021-04-01 00:00:00","FISCAL_YEAR":"3-31","CURRENCY":"HKD","IS_CNY_CODE":0,"DPS_HKD_LY":0.075,"ORG_TYPE":"一般企业","PREMIUM_INCOME":null,"PREMIUM_INCOME_YOY":null,"NET_INTEREST_INCOME":null,"NET_INTEREST_INCOME_YOY":null,"FEE_COMMISSION_INCOME":null,"FEE_COMMISSION_INCOME_YOY":null,"ACCOUNTS_RECE_TDAYS":7.70356703249,"INVENTORY_TDAYS":8467.73270440251,"CURRENT_ASSETS_TDAYS":3.587149732743,"TOTAL_ASSETS_TDAYS":2.960857258149,"PREMIUM_EXPENSE":null,"LOAN_DEPOSIT":null,"LOAN_EQUITY":null,"LOAN_ASSETS":null,"DEPOSIT_EQUITY":null,"DEPOSIT_ASSETS":null,"EQUITY_MULTIPLIER":1.810543475827,"EQUITY_RATIO":0.810543475828},{"SECUCODE":"01955.HK","SECURITY_CODE":"01955","SECURITY_NAME_ABBR":"庄臣控股","ORG_CODE":"10000002617","STD_REPORT_DATE":"2021-06-30 00:00:00","REPORT_DATE":"2021-09-30 00:00:00","DATE_TYPE_CODE":"002","REPORT_TYPE":"2021年中报","PER_NETCASH_OPERATE":-0.3145051418,"PER_OI":2.52277725756,"BPS":0.86422310848,"BASIC_EPS":0.1124631,"DILUTED_EPS":0.1124631,"OPERATE_INCOME":1261388628.78,"OPERATE_INCOME_YOY":16.1615130978,"GROSS_PROFIT":121332689.82,"GROSS_PROFIT_YOY":11.434830641622,"HOLDER_PROFIT":56174068.86,"HOLDER_PROFIT_YOY":-18.2059679767,"GROSS_PROFIT_RATIO":9.618977613375,"EPS_TTM":0.3186920226,"OPERATE_INCOME_QOQ":0,"NET_PROFIT_RATIO":4.4533514556,"ROE_AVG":13.386112040275,"GROSS_PROFIT_QOQ":0,"ROA":5.793897380025,"HOLDER_PROFIT_QOQ":0,"ROE_YEARLY":26.77222408055,"ROIC_YEARLY":18.313650909185,"TOTAL_ASSETS":1138910481.46,"TOTAL_LIABILITIES":706798927.22,"TAX_EBT":16.995740909427,"OCF_SALES":-12.466623474487,"TOTAL_PARENT_EQUITY":432111554.24,"DEBT_ASSET_RATIO":62.0592170083,"OPERATE_PROFIT":70035354.2,"PRETAX_PROFIT":67676128.28,"NETCASH_OPERATE":-157252570.9,"NETCASH_INVEST":-14402774.34,"NETCASH_FINANCE":244445628.86,"END_CASH":392467061.9,"DIVI_RATIO":0.026739200845,"DIVIDEND_RATE":2.211764705882,"CURRENT_RATIO":1.479871410919,"COMMON_ACS":3000000000,"CURRENTDEBT_DEBT":94.335702002624,"ISSUED_COMMON_SHARES":500000000,"HK_COMMON_SHARES":500000000,"PER_SHARES":2000,"TOTAL_MARKET_CAP":212500000,"HKSK_MARKET_CAP":212500000,"PE_TTM":12.597071551366,"PB_TTM":0.353687420212,"REPORT_DATE_SQ":"2020-06-30 00:00:00","REPORT_TYPE_SQ":"2020年中报","OPERATE_INCOME_SQ":1145409762.56,"DPS_HKD":0.0094,"OPERATE_INCOME_QOQ_SQ":0,"NET_PROFIT_RATIO_SQ":6.324520636,"HOLDER_PROFIT_SQ":72441676.8,"HOLDER_PROFIT_QOQ_SQ":0,"ROE_AVG_SQ":24.143525704479,"PE_TTM_SQ":7.364975450082,"PB_TTM_SQ":0.381367567146,"ROA_SQ":8.886311480093,"START_DATE":"2021-04-01 00:00:00","FISCAL_YEAR":"3-31","CURRENCY":"HKD","IS_CNY_CODE":0,"DPS_HKD_LY":0.075,"ORG_TYPE":"一般企业","PREMIUM_INCOME":null,"PREMIUM_INCOME_YOY":null,"NET_INTEREST_INCOME":null,"NET_INTEREST_INCOME_YOY":null,"FEE_COMMISSION_INCOME":null,"FEE_COMMISSION_INCOME_YOY":null,"ACCOUNTS_RECE_TDAYS":2.912207548422,"INVENTORY_TDAYS":2596.8045540797,"CURRENT_ASSETS_TDAYS":1.546791009556,"TOTAL_ASSETS_TDAYS":1.301019566465,"PREMIUM_EXPENSE":null,"LOAN_DEPOSIT":null,"LOAN_EQUITY":null,"LOAN_ASSETS":null,"DEPOSIT_EQUITY":null,"DEPOSIT_ASSETS":null,"EQUITY_MULTIPLIER":2.635686248802,"EQUITY_RATIO":1.635686248805},{"SECUCODE":"01955.HK","SECURITY_CODE":"01955","SECURITY_NAME_ABBR":"庄臣控股","ORG_CODE":"10000002617","STD_REPORT_DATE":"2020-12-31 00:00:00","REPORT_DATE":"2021-03-31 00:00:00","DATE_TYPE_CODE":"001","REPORT_TYPE":"2020年年报","PER_NETCASH_OPERATE":0.60063392844,"PER_OI":4.678029041,"BPS":0.82620232828,"BASIC_EPS":0.31863286,"DILUTED_EPS":0.31863286,"OPERATE_INCOME":2339014520.5,"OPERATE_INCOME_YOY":55.0422665563,"GROSS_PROFIT":239898426.74,"GROSS_PROFIT_YOY":116.727836570912,"HOLDER_PROFIT":159346011.3,"HOLDER_PROFIT_YOY":562.5259162948,"GROSS_PROFIT_RATIO":10.256388946603,"EPS_TTM":0.16902799856,"OPERATE_INCOME_QOQ":0,"NET_PROFIT_RATIO":6.8125276651,"ROE_AVG":47.790208248047,"GROSS_PROFIT_QOQ":0,"ROA":22.906369826065,"HOLDER_PROFIT_QOQ":0,"ROE_YEARLY":47.790208248047,"ROIC_YEARLY":34.486385436826,"TOTAL_ASSETS":811808067.7,"TOTAL_LIABILITIES":398706903.56,"TAX_EBT":12.678489548838,"OCF_SALES":12.839465577828,"TOTAL_PARENT_EQUITY":413101164.14,"DEBT_ASSET_RATIO":49.1134443502,"OPERATE_PROFIT":190665001.38,"PRETAX_PROFIT":182481968.62,"NETCASH_OPERATE":300316964.22,"NETCASH_INVEST":-57118109.58,"NETCASH_FINANCE":-61715043.6,"END_CASH":324327682.84,"DIVI_RATIO":0.05041513875,"DIVIDEND_RATE":2.16091954023,"CURRENT_RATIO":1.862296487337,"COMMON_ACS":3000000000,"CURRENTDEBT_DEBT":88.028837796931,"ISSUED_COMMON_SHARES":500000000,"HK_COMMON_SHARES":500000000,"PER_SHARES":2000,"TOTAL_MARKET_CAP":217500000,"HKSK_MARKET_CAP":217500000,"PE_TTM":12.893473234928,"PB_TTM":0.362009477158,"REPORT_DATE_SQ":"2019-12-31 00:00:00","REPORT_TYPE_SQ":"2019年年报","OPERATE_INCOME_SQ":1630937139.7,"DPS_HKD":0.0094,"OPERATE_INCOME_QOQ_SQ":0,"NET_PROFIT_RATIO_SQ":1.5942466614,"HOLDER_PROFIT_SQ":26001160.9,"HOLDER_PROFIT_QOQ_SQ":0,"ROE_AVG_SQ":12.338623833918,"PE_TTM_SQ":38.314176245211,"PB_TTM_SQ":0.406792071623,"ROA_SQ":4.985437169599,"START_DATE":"2020-04-01 00:00:00","FISCAL_YEAR":"3-31","CURRENCY":"HKD","IS_CNY_CODE":0,"DPS_HKD_LY":null,"ORG_TYPE":"一般企业","PREMIUM_INCOME":null,"PREMIUM_INCOME_YOY":null,"NET_INTEREST_INCOME":null,"NET_INTEREST_INCOME_YOY":null,"FEE_COMMISSION_INCOME":null,"FEE_COMMISSION_INCOME_YOY":null,"ACCOUNTS_RECE_TDAYS":7.963865164142,"INVENTORY_TDAYS":null,"CURRENT_ASSETS_TDAYS":4.217602840716,"TOTAL_ASSETS_TDAYS":3.362389255809,"PREMIUM_EXPENSE":null,"LOAN_DEPOSIT":null,"LOAN_EQUITY":null,"LOAN_ASSETS":null,"DEPOSIT_EQUITY":null,"DEPOSIT_ASSETS":null,"EQUITY_MULTIPLIER":1.965155603932,"EQUITY_RATIO":0.965155603931},{"SECUCODE":"01955.HK","SECURITY_CODE":"01955","SECURITY_NAME_ABBR":"庄臣控股","ORG_CODE":"10000002617","STD_REPORT_DATE":"2020-06-30 00:00:00","REPORT_DATE":"2020-09-30 00:00:00","DATE_TYPE_CODE":"002","REPORT_TYPE":"2020年中报","PER_NETCASH_OPERATE":-0.38894431872,"PER_OI":2.29081952512,"BPS":0.67253362432,"BASIC_EPS":0.1449888,"DILUTED_EPS":0.1449888,"OPERATE_INCOME":1145409762.56,"OPERATE_INCOME_YOY":52.7426338331,"GROSS_PROFIT":108882195.2,"GROSS_PROFIT_YOY":106.321795739982,"HOLDER_PROFIT":72441676.8,"HOLDER_PROFIT_YOY":433.8686698614,"GROSS_PROFIT_RATIO":9.505960116548,"EPS_TTM":0.0520023218,"OPERATE_INCOME_QOQ":0,"NET_PROFIT_RATIO":6.324520636,"ROE_AVG":24.143525704479,"GROSS_PROFIT_QOQ":0,"ROA":8.886311480093,"HOLDER_PROFIT_QOQ":0,"ROE_YEARLY":48.287051408958,"ROIC_YEARLY":22.53482627013,"TOTAL_ASSETS":1027941594.24,"TOTAL_LIABILITIES":691674782.08,"TAX_EBT":12.068689669884,"OCF_SALES":-16.978391988327,"TOTAL_PARENT_EQUITY":336266812.16,"DEBT_ASSET_RATIO":67.2873620404,"OPERATE_PROFIT":86569736.96,"PRETAX_PROFIT":82384393.6,"NETCASH_OPERATE":-194472159.36,"NETCASH_INVEST":-19823923.2,"NETCASH_FINANCE":261819896.32,"END_CASH":196036280.96,"DIVI_RATIO":0.163869029402,"DIVIDEND_RATE":2.211764705882,"CURRENT_RATIO":1.378722692837,"COMMON_ACS":3000000000,"CURRENTDEBT_DEBT":94.227449027427,"ISSUED_COMMON_SHARES":500000000,"HK_COMMON_SHARES":500000000,"PER_SHARES":2000,"TOTAL_MARKET_CAP":212500000,"HKSK_MARKET_CAP":212500000,"PE_TTM":12.597071551366,"PB_TTM":0.353687420212,"REPORT_DATE_SQ":"2019-06-30 00:00:00","REPORT_TYPE_SQ":"2019年中报","OPERATE_INCOME_SQ":769770823.95,"DPS_HKD":0.0094,"OPERATE_INCOME_QOQ_SQ":0,"NET_PROFIT_RATIO_SQ":1.8094786119,"HOLDER_PROFIT_SQ":13928838.42,"HOLDER_PROFIT_QOQ_SQ":0,"ROE_AVG_SQ":9.150733474962,"PE_TTM_SQ":7.364975450082,"PB_TTM_SQ":0.381367567146,"ROA_SQ":2.718827111858,"START_DATE":"2020-04-01 00:00:00","FISCAL_YEAR":"3-31","CURRENCY":"HKD","IS_CNY_CODE":0,"DPS_HKD_LY":null,"ORG_TYPE":"一般企业","PREMIUM_INCOME":null,"PREMIUM_INCOME_YOY":null,"NET_INTEREST_INCOME":null,"NET_INTEREST_INCOME_YOY":null,"FEE_COMMISSION_INCOME":null,"FEE_COMMISSION_INCOME_YOY":null,"ACCOUNTS_RECE_TDAYS":2.386010834538,"INVENTORY_TDAYS":null,"CURRENT_ASSETS_TDAYS":1.669448658452,"TOTAL_ASSETS_TDAYS":1.405056919175,"PREMIUM_EXPENSE":null,"LOAN_DEPOSIT":null,"LOAN_EQUITY":null,"LOAN_ASSETS":null,"DEPOSIT_EQUITY":null,"DEPOSIT_ASSETS":null,"EQUITY_MULTIPLIER":3.05692253017,"EQUITY_RATIO":2.056922530169}],"count":17},"success":true,"message":"ok","code":0}