{"version":"93d8412f7bc92a5f3247733f58357d9c","result":{"pages":6,"data":[{"SECUCODE":"01958.HK","SECURITY_CODE":"01958","SECURITY_NAME_ABBR":"北京汽车","ORG_CODE":"10168694","STD_REPORT_DATE":"2024-09-30 00:00:00","REPORT_DATE":"2024-09-30 00:00:00","DATE_TYPE_CODE":"004","REPORT_TYPE":"2024年三季报","PER_NETCASH_OPERATE":2.253759578234,"PER_OI":17.968148947722,"BPS":7.57815347258,"BASIC_EPS":null,"DILUTED_EPS":null,"OPERATE_INCOME":144020790320.54,"OPERATE_INCOME_YOY":-6.7284742443,"GROSS_PROFIT":35683286203.55,"GROSS_PROFIT_YOY":-13.822781362242,"HOLDER_PROFIT":3101731228.83,"HOLDER_PROFIT_YOY":-22.7941846578,"GROSS_PROFIT_RATIO":24.776482703734,"EPS_TTM":0.263818349903,"OPERATE_INCOME_QOQ":-2.931658422591,"NET_PROFIT_RATIO":7.1449081347,"ROE_AVG":5.268302771734,"GROSS_PROFIT_QOQ":-10.06578251861,"ROA":1.820303190232,"HOLDER_PROFIT_QOQ":-2.22216654051,"ROE_YEARLY":7.024403695646,"ROIC_YEARLY":2.730009321307,"TOTAL_ASSETS":172069660578.94,"TOTAL_LIABILITIES":86819714997.77,"TAX_EBT":32.463917193627,"OCF_SALES":12.543081565005,"TOTAL_PARENT_EQUITY":60741462877.83,"DEBT_ASSET_RATIO":50.4561435791,"OPERATE_PROFIT":15624860474.41,"PRETAX_PROFIT":15236526514,"NETCASH_OPERATE":18064645200.47,"NETCASH_INVEST":-5305464875.57,"NETCASH_FINANCE":-9478600630.01,"END_CASH":34456662242.96,"DIVI_RATIO":0.489833144842,"DIVIDEND_RATE":5.820408163265,"CURRENT_RATIO":1.092272954412,"COMMON_ACS":null,"CURRENTDEBT_DEBT":89.609422324789,"ISSUED_COMMON_SHARES":8015338182,"HK_COMMON_SHARES":2520690682,"PER_SHARES":500,"TOTAL_MARKET_CAP":19637578545.9,"HKSK_MARKET_CAP":6175692170.9,"PE_TTM":8.164093952738,"PB_TTM":0.291546681919,"REPORT_DATE_SQ":"2023-09-30 00:00:00","REPORT_TYPE_SQ":"2023年三季报","OPERATE_INCOME_SQ":154410243805.59,"DPS_HKD":0.1426,"OPERATE_INCOME_QOQ_SQ":-1.377546474088,"NET_PROFIT_RATIO_SQ":8.5721383096,"HOLDER_PROFIT_SQ":4017483935.74,"HOLDER_PROFIT_QOQ_SQ":2.354084804817,"ROE_AVG_SQ":7.19847986486,"PE_TTM_SQ":3.193745023451,"PB_TTM_SQ":0.283267497098,"ROA_SQ":2.33009436396,"START_DATE":"2024-01-01 00:00:00","FISCAL_YEAR":"12-31","CURRENCY":"HKD","IS_CNY_CODE":0,"DPS_HKD_LY":0.1426,"ORG_TYPE":"一般企业","PREMIUM_INCOME":null,"PREMIUM_INCOME_YOY":null,"NET_INTEREST_INCOME":null,"NET_INTEREST_INCOME_YOY":null,"FEE_COMMISSION_INCOME":null,"FEE_COMMISSION_INCOME_YOY":null,"ACCOUNTS_RECE_TDAYS":7.350910593796,"INVENTORY_TDAYS":4.097822708688,"CURRENT_ASSETS_TDAYS":1.736569521406,"TOTAL_ASSETS_TDAYS":0.845210254336,"PREMIUM_EXPENSE":null,"LOAN_DEPOSIT":null,"LOAN_EQUITY":null,"LOAN_ASSETS":null,"DEPOSIT_EQUITY":null,"DEPOSIT_ASSETS":null,"EQUITY_MULTIPLIER":2.018413729251,"EQUITY_RATIO":1.429331973324},{"SECUCODE":"01958.HK","SECURITY_CODE":"01958","SECURITY_NAME_ABBR":"北京汽车","ORG_CODE":"10168694","STD_REPORT_DATE":"2024-06-30 00:00:00","REPORT_DATE":"2024-06-30 00:00:00","DATE_TYPE_CODE":"002","REPORT_TYPE":"2024年中报","PER_NETCASH_OPERATE":1.438929180293,"PER_OI":11.767724562367,"BPS":7.42778366279,"BASIC_EPS":0.25,"DILUTED_EPS":0.25,"OPERATE_INCOME":94322292000,"OPERATE_INCOME_YOY":-4.7702311546,"GROSS_PROFIT":18686757000,"GROSS_PROFIT_YOY":-9.138075404952,"HOLDER_PROFIT":1978021000,"HOLDER_PROFIT_YOY":-30.4912717924,"GROSS_PROFIT_RATIO":19.811601906366,"EPS_TTM":0.26981406784,"OPERATE_INCOME_QOQ":-1.804707887263,"NET_PROFIT_RATIO":7.2796131799,"ROE_AVG":3.394420894952,"GROSS_PROFIT_QOQ":-3.515748842204,"ROA":1.166683936217,"HOLDER_PROFIT_QOQ":-17.139461333624,"ROE_YEARLY":6.788841789904,"ROIC_YEARLY":3.409788201651,"TOTAL_ASSETS":170361142000,"TOTAL_LIABILITIES":88654790000,"TAX_EBT":32.900669254039,"OCF_SALES":12.227760538304,"TOTAL_PARENT_EQUITY":59536198000,"DEBT_ASSET_RATIO":52.0393259632,"OPERATE_PROFIT":10750177000,"PRETAX_PROFIT":10233035000,"NETCASH_OPERATE":11533504000,"NETCASH_INVEST":-3811941000,"NETCASH_FINANCE":-7431339000,"END_CASH":31375177000,"DIVI_RATIO":0.478948236593,"DIVIDEND_RATE":6.016877637131,"CURRENT_RATIO":1.074258908718,"COMMON_ACS":null,"CURRENTDEBT_DEBT":87.206960842161,"ISSUED_COMMON_SHARES":8015338182,"HK_COMMON_SHARES":2520690682,"PER_SHARES":500,"TOTAL_MARKET_CAP":18996351491.34,"HKSK_MARKET_CAP":5974036916.34,"PE_TTM":7.897511293057,"PB_TTM":0.282026790264,"REPORT_DATE_SQ":"2023-06-30 00:00:00","REPORT_TYPE_SQ":"2023年中报","OPERATE_INCOME_SQ":99047066000,"DPS_HKD":0.1426,"OPERATE_INCOME_QOQ_SQ":6.96545335105,"NET_PROFIT_RATIO_SQ":8.6335772934,"HOLDER_PROFIT_SQ":2845716000,"HOLDER_PROFIT_QOQ_SQ":19.558029768455,"ROE_AVG_SQ":5.142867149755,"PE_TTM_SQ":3.237296091953,"PB_TTM_SQ":0.287130235694,"ROA_SQ":1.633387058821,"START_DATE":"2024-01-01 00:00:00","FISCAL_YEAR":"12-31","CURRENCY":"HKD","IS_CNY_CODE":0,"DPS_HKD_LY":0.1426,"ORG_TYPE":"一般企业","PREMIUM_INCOME":null,"PREMIUM_INCOME_YOY":null,"NET_INTEREST_INCOME":null,"NET_INTEREST_INCOME_YOY":null,"FEE_COMMISSION_INCOME":null,"FEE_COMMISSION_INCOME_YOY":null,"ACCOUNTS_RECE_TDAYS":4.682287442962,"INVENTORY_TDAYS":2.906063557564,"CURRENT_ASSETS_TDAYS":1.150656790452,"TOTAL_ASSETS_TDAYS":0.556335361978,"PREMIUM_EXPENSE":null,"LOAN_DEPOSIT":null,"LOAN_EQUITY":null,"LOAN_ASSETS":null,"DEPOSIT_EQUITY":null,"DEPOSIT_ASSETS":null,"EQUITY_MULTIPLIER":2.085041588933,"EQUITY_RATIO":1.489090552944},{"SECUCODE":"01958.HK","SECURITY_CODE":"01958","SECURITY_NAME_ABBR":"北京汽车","ORG_CODE":"10168694","STD_REPORT_DATE":"2024-03-31 00:00:00","REPORT_DATE":"2024-03-31 00:00:00","DATE_TYPE_CODE":"003","REPORT_TYPE":"2024年一季报","PER_NETCASH_OPERATE":0.630124655689,"PER_OI":5.804132486072,"BPS":7.384275556734,"BASIC_EPS":null,"DILUTED_EPS":null,"OPERATE_INCOME":46522084729,"OPERATE_INCOME_YOY":-2.4604950839,"GROSS_PROFIT":11712598132.17,"GROSS_PROFIT_YOY":-3.99756973616,"HOLDER_PROFIT":1034884579,"HOLDER_PROFIT_YOY":-28.8857161905,"GROSS_PROFIT_RATIO":25.176425777989,"EPS_TTM":0.325624322727,"OPERATE_INCOME_QOQ":-0.592853546519,"NET_PROFIT_RATIO":7.5051220076,"ROE_AVG":1.781263513948,"GROSS_PROFIT_QOQ":-1.217146106751,"ROA":0.604530466198,"HOLDER_PROFIT_QOQ":-13.871582091946,"ROE_YEARLY":7.125054055794,"ROIC_YEARLY":3.618189004722,"TOTAL_ASSETS":173653166098.62,"TOTAL_LIABILITIES":89634646704.33,"TAX_EBT":32.542664263526,"OCF_SALES":10.856482983471,"TOTAL_PARENT_EQUITY":59187465816.3,"DEBT_ASSET_RATIO":51.6170529557,"OPERATE_PROFIT":5433379995.16,"PRETAX_PROFIT":5175922205.14,"NETCASH_OPERATE":5050662212.16,"NETCASH_INVEST":-1722712150.37,"NETCASH_FINANCE":-524028468.78,"END_CASH":33919103169.67,"DIVI_RATIO":0.396859088774,"DIVIDEND_RATE":6.016877637131,"CURRENT_RATIO":1.112197639931,"COMMON_ACS":null,"CURRENTDEBT_DEBT":85.497352915888,"ISSUED_COMMON_SHARES":8015338182,"HK_COMMON_SHARES":2520690682,"PER_SHARES":500,"TOTAL_MARKET_CAP":18996351491.34,"HKSK_MARKET_CAP":5974036916.34,"PE_TTM":7.897511293057,"PB_TTM":0.282026790264,"REPORT_DATE_SQ":"2023-03-31 00:00:00","REPORT_TYPE_SQ":"2023年一季报","OPERATE_INCOME_SQ":47695633445.15,"DPS_HKD":0.1426,"OPERATE_INCOME_QOQ_SQ":1.031684581853,"NET_PROFIT_RATIO_SQ":8.7144018855,"HOLDER_PROFIT_SQ":1455241512.06,"HOLDER_PROFIT_QOQ_SQ":-2.657841166307,"ROE_AVG_SQ":2.634917627512,"PE_TTM_SQ":3.237296091953,"PB_TTM_SQ":0.287130235694,"ROA_SQ":0.836665617845,"START_DATE":"2024-01-01 00:00:00","FISCAL_YEAR":"12-31","CURRENCY":"HKD","IS_CNY_CODE":0,"DPS_HKD_LY":0.1426,"ORG_TYPE":"一般企业","PREMIUM_INCOME":null,"PREMIUM_INCOME_YOY":null,"NET_INTEREST_INCOME":null,"NET_INTEREST_INCOME_YOY":null,"FEE_COMMISSION_INCOME":null,"FEE_COMMISSION_INCOME_YOY":null,"ACCOUNTS_RECE_TDAYS":2.087273003141,"INVENTORY_TDAYS":1.435597576788,"CURRENT_ASSETS_TDAYS":0.560087510909,"TOTAL_ASSETS_TDAYS":0.271759944446,"PREMIUM_EXPENSE":null,"LOAN_DEPOSIT":null,"LOAN_EQUITY":null,"LOAN_ASSETS":null,"DEPOSIT_EQUITY":null,"DEPOSIT_ASSETS":null,"EQUITY_MULTIPLIER":2.066843921443,"EQUITY_RATIO":1.514419403975},{"SECUCODE":"01958.HK","SECURITY_CODE":"01958","SECURITY_NAME_ABBR":"北京汽车","ORG_CODE":"10168694","STD_REPORT_DATE":"2023-12-31 00:00:00","REPORT_DATE":"2023-12-31 00:00:00","DATE_TYPE_CODE":"001","REPORT_TYPE":"2023年年报","PER_NETCASH_OPERATE":3.025307285781,"PER_OI":24.696297586611,"BPS":7.112515742383,"BASIC_EPS":0.38,"DILUTED_EPS":0.38,"OPERATE_INCOME":197949177000,"OPERATE_INCOME_YOY":3.9307410223,"GROSS_PROFIT":40070462000,"GROSS_PROFIT_YOY":-5.347318776988,"HOLDER_PROFIT":3030346000,"HOLDER_PROFIT_YOY":-27.7903977914,"GROSS_PROFIT_RATIO":20.242803030194,"EPS_TTM":0.378068389779,"OPERATE_INCOME_QOQ":-2.485973260158,"NET_PROFIT_RATIO":6.8837411736,"ROE_AVG":5.435306454627,"GROSS_PROFIT_QOQ":-9.127779951585,"ROA":1.771621423935,"HOLDER_PROFIT_QOQ":-39.380821043816,"ROE_YEARLY":5.435306454627,"ROIC_YEARLY":2.670701191812,"TOTAL_ASSETS":168723153498.98,"TOTAL_LIABILITIES":89339535171.22,"TAX_EBT":35.112693780717,"OCF_SALES":12.25004385848,"TOTAL_PARENT_EQUITY":57009219390.15,"DEBT_ASSET_RATIO":52.9503707176,"OPERATE_PROFIT":22569113000,"PRETAX_PROFIT":20999961000,"NETCASH_OPERATE":24248861000,"NETCASH_INVEST":-9365212000,"NETCASH_FINANCE":-21281005000,"END_CASH":31124229000,"DIVI_RATIO":0.341808454485,"DIVIDEND_RATE":6.016877637131,"CURRENT_RATIO":1.05803970002,"COMMON_ACS":null,"CURRENTDEBT_DEBT":85.576292577084,"ISSUED_COMMON_SHARES":8015338182,"HK_COMMON_SHARES":2520690682,"PER_SHARES":500,"TOTAL_MARKET_CAP":18996351491.34,"HKSK_MARKET_CAP":5974036916.34,"PE_TTM":7.897511293057,"PB_TTM":0.282026790264,"REPORT_DATE_SQ":"2022-12-31 00:00:00","REPORT_TYPE_SQ":"2022年年报","OPERATE_INCOME_SQ":190462586000,"DPS_HKD":0.1426,"OPERATE_INCOME_QOQ_SQ":-1.783158458456,"NET_PROFIT_RATIO_SQ":8.5766461241,"HOLDER_PROFIT_SQ":4196597000,"HOLDER_PROFIT_QOQ_SQ":-4.701559650365,"ROE_AVG_SQ":7.838280941198,"PE_TTM_SQ":3.237296091953,"PB_TTM_SQ":0.287130235694,"ROA_SQ":2.369487405785,"START_DATE":"2023-01-01 00:00:00","FISCAL_YEAR":"12-31","CURRENCY":"HKD","IS_CNY_CODE":0,"DPS_HKD_LY":0.186,"ORG_TYPE":"一般企业","PREMIUM_INCOME":null,"PREMIUM_INCOME_YOY":null,"NET_INTEREST_INCOME":null,"NET_INTEREST_INCOME_YOY":null,"FEE_COMMISSION_INCOME":null,"FEE_COMMISSION_INCOME_YOY":null,"ACCOUNTS_RECE_TDAYS":10.768115134131,"INVENTORY_TDAYS":6.320207167413,"CURRENT_ASSETS_TDAYS":2.423684915586,"TOTAL_ASSETS_TDAYS":1.157263899315,"PREMIUM_EXPENSE":null,"LOAN_DEPOSIT":null,"LOAN_EQUITY":null,"LOAN_ASSETS":null,"DEPOSIT_EQUITY":null,"DEPOSIT_ASSETS":null,"EQUITY_MULTIPLIER":2.125415258849,"EQUITY_RATIO":1.567106796531},{"SECUCODE":"01958.HK","SECURITY_CODE":"01958","SECURITY_NAME_ABBR":"北京汽车","ORG_CODE":"10168694","STD_REPORT_DATE":"2023-09-30 00:00:00","REPORT_DATE":"2023-09-30 00:00:00","DATE_TYPE_CODE":"004","REPORT_TYPE":"2023年三季报","PER_NETCASH_OPERATE":2.873555595353,"PER_OI":19.264345471081,"BPS":7.126783060834,"BASIC_EPS":null,"DILUTED_EPS":null,"OPERATE_INCOME":154410243805.59,"OPERATE_INCOME_YOY":8.8336983876,"GROSS_PROFIT":41406866881.54,"GROSS_PROFIT_YOY":4.442313309578,"HOLDER_PROFIT":4017483935.74,"HOLDER_PROFIT_YOY":24.9570411927,"GROSS_PROFIT_RATIO":26.816139824035,"EPS_TTM":0.623677846333,"OPERATE_INCOME_QOQ":-1.377546474088,"NET_PROFIT_RATIO":8.5721383096,"ROE_AVG":7.19847986486,"GROSS_PROFIT_QOQ":-0.552544976857,"ROA":2.33009436396,"HOLDER_PROFIT_QOQ":2.354084804817,"ROE_YEARLY":9.597973153147,"ROIC_YEARLY":3.695613214198,"TOTAL_ASSETS":171458998860.41,"TOTAL_LIABILITIES":87649001612.44,"TAX_EBT":32.811392926172,"OCF_SALES":14.916445511561,"TOTAL_PARENT_EQUITY":57123576382.33,"DEBT_ASSET_RATIO":51.1195109006,"OPERATE_PROFIT":20187866430.17,"PRETAX_PROFIT":19700154891.73,"NETCASH_OPERATE":23032519881.53,"NETCASH_INVEST":-7114137860.49,"NETCASH_FINANCE":-14837950734.56,"END_CASH":38435908542.16,"DIVI_RATIO":0.207201478712,"DIVIDEND_RATE":6.016877637131,"CURRENT_RATIO":1.116536280022,"COMMON_ACS":null,"CURRENTDEBT_DEBT":83.488054942356,"ISSUED_COMMON_SHARES":8015338182,"HK_COMMON_SHARES":2520690682,"PER_SHARES":500,"TOTAL_MARKET_CAP":18996351491.34,"HKSK_MARKET_CAP":5974036916.34,"PE_TTM":7.897511293057,"PB_TTM":0.282026790264,"REPORT_DATE_SQ":"2022-09-30 00:00:00","REPORT_TYPE_SQ":"2022年三季报","OPERATE_INCOME_SQ":141877236640.2,"DPS_HKD":0.1426,"OPERATE_INCOME_QOQ_SQ":14.597283130721,"NET_PROFIT_RATIO_SQ":8.7879934861,"HOLDER_PROFIT_SQ":3215092080.76,"HOLDER_PROFIT_QOQ_SQ":35.146875456051,"ROE_AVG_SQ":6.063174201847,"PE_TTM_SQ":3.237296091953,"PB_TTM_SQ":0.287130235694,"ROA_SQ":1.788744735497,"START_DATE":"2023-01-01 00:00:00","FISCAL_YEAR":"12-31","CURRENCY":"HKD","IS_CNY_CODE":0,"DPS_HKD_LY":0.186,"ORG_TYPE":"一般企业","PREMIUM_INCOME":null,"PREMIUM_INCOME_YOY":null,"NET_INTEREST_INCOME":null,"NET_INTEREST_INCOME_YOY":null,"FEE_COMMISSION_INCOME":null,"FEE_COMMISSION_INCOME_YOY":null,"ACCOUNTS_RECE_TDAYS":8.795838754573,"INVENTORY_TDAYS":4.802330774025,"CURRENT_ASSETS_TDAYS":1.881227931956,"TOTAL_ASSETS_TDAYS":0.895561611655,"PREMIUM_EXPENSE":null,"LOAN_DEPOSIT":null,"LOAN_EQUITY":null,"LOAN_ASSETS":null,"DEPOSIT_EQUITY":null,"DEPOSIT_ASSETS":null,"EQUITY_MULTIPLIER":2.04580604332,"EQUITY_RATIO":1.534375246847},{"SECUCODE":"01958.HK","SECURITY_CODE":"01958","SECURITY_NAME_ABBR":"北京汽车","ORG_CODE":"10168694","STD_REPORT_DATE":"2023-06-30 00:00:00","REPORT_DATE":"2023-06-30 00:00:00","DATE_TYPE_CODE":"002","REPORT_TYPE":"2023年中报","PER_NETCASH_OPERATE":1.710181740152,"PER_OI":12.357191144153,"BPS":7.007783168294,"BASIC_EPS":0.36,"DILUTED_EPS":0.36,"OPERATE_INCOME":99047066000,"OPERATE_INCOME_YOY":18.366006924,"GROSS_PROFIT":20566103000,"GROSS_PROFIT_YOY":10.80924014908,"HOLDER_PROFIT":2845716000,"HOLDER_PROFIT_YOY":31.850004031,"GROSS_PROFIT_RATIO":20.763969929205,"EPS_TTM":0.609333616262,"OPERATE_INCOME_QOQ":6.96545335105,"NET_PROFIT_RATIO":8.6335772934,"ROE_AVG":5.142867149755,"GROSS_PROFIT_QOQ":5.886502197815,"ROA":1.633387058821,"HOLDER_PROFIT_QOQ":19.558029768455,"ROE_YEARLY":10.285734299511,"ROIC_YEARLY":4.995580528305,"TOTAL_ASSETS":175068117000,"TOTAL_LIABILITIES":95482299000,"TAX_EBT":32.019809345858,"OCF_SALES":13.839566938813,"TOTAL_PARENT_EQUITY":56169752000,"DEBT_ASSET_RATIO":54.5400845318,"OPERATE_PROFIT":12585178000,"PRETAX_PROFIT":12579113000,"NETCASH_OPERATE":13707685000,"NETCASH_INVEST":-5683468000,"NETCASH_FINANCE":-10026074000,"END_CASH":35501456000,"DIVI_RATIO":0.212079177238,"DIVIDEND_RATE":6.016877637131,"CURRENT_RATIO":1.004798058554,"COMMON_ACS":null,"CURRENTDEBT_DEBT":86.320758782735,"ISSUED_COMMON_SHARES":8015338182,"HK_COMMON_SHARES":2520690682,"PER_SHARES":500,"TOTAL_MARKET_CAP":18996351491.34,"HKSK_MARKET_CAP":5974036916.34,"PE_TTM":7.897511293057,"PB_TTM":0.282026790264,"REPORT_DATE_SQ":"2022-06-30 00:00:00","REPORT_TYPE_SQ":"2022年中报","OPERATE_INCOME_SQ":83678641000,"DPS_HKD":0.1426,"OPERATE_INCOME_QOQ_SQ":-1.522774568811,"NET_PROFIT_RATIO_SQ":9.1338122951,"HOLDER_PROFIT_SQ":2158298000,"HOLDER_PROFIT_QOQ_SQ":-11.081516591232,"ROE_AVG_SQ":4.078653821135,"PE_TTM_SQ":3.237296091953,"PB_TTM_SQ":0.287130235694,"ROA_SQ":1.204682325401,"START_DATE":"2023-01-01 00:00:00","FISCAL_YEAR":"12-31","CURRENCY":"HKD","IS_CNY_CODE":0,"DPS_HKD_LY":0.186,"ORG_TYPE":"一般企业","PREMIUM_INCOME":null,"PREMIUM_INCOME_YOY":null,"NET_INTEREST_INCOME":null,"NET_INTEREST_INCOME_YOY":null,"FEE_COMMISSION_INCOME":null,"FEE_COMMISSION_INCOME_YOY":null,"ACCOUNTS_RECE_TDAYS":6.130100365187,"INVENTORY_TDAYS":2.939688193482,"CURRENT_ASSETS_TDAYS":1.198599389378,"TOTAL_ASSETS_TDAYS":0.568511389817,"PREMIUM_EXPENSE":null,"LOAN_DEPOSIT":null,"LOAN_EQUITY":null,"LOAN_ASSETS":null,"DEPOSIT_EQUITY":null,"DEPOSIT_ASSETS":null,"EQUITY_MULTIPLIER":2.199740122041,"EQUITY_RATIO":1.699888206734},{"SECUCODE":"01958.HK","SECURITY_CODE":"01958","SECURITY_NAME_ABBR":"北京汽车","ORG_CODE":"10168694","STD_REPORT_DATE":"2023-03-31 00:00:00","REPORT_DATE":"2023-03-31 00:00:00","DATE_TYPE_CODE":"003","REPORT_TYPE":"2023年一季报","PER_NETCASH_OPERATE":0.872687156264,"PER_OI":5.950545362173,"BPS":6.981795337515,"BASIC_EPS":null,"DILUTED_EPS":null,"OPERATE_INCOME":47695633445.15,"OPERATE_INCOME_YOY":4.296839627,"GROSS_PROFIT":12200314200.36,"GROSS_PROFIT_YOY":-3.624343538219,"HOLDER_PROFIT":1455241512.06,"HOLDER_PROFIT_YOY":-7.1189863638,"GROSS_PROFIT_RATIO":25.579520218324,"EPS_TTM":0.509655116801,"OPERATE_INCOME_QOQ":1.031684581853,"NET_PROFIT_RATIO":8.7144018855,"ROE_AVG":2.634917627512,"GROSS_PROFIT_QOQ":-1.083781150288,"ROA":0.836665617845,"HOLDER_PROFIT_QOQ":-2.657841166307,"ROE_YEARLY":10.539670510047,"ROIC_YEARLY":5.274449989658,"TOTAL_ASSETS":174491490983.04,"TOTAL_LIABILITIES":91297002870.55,"TAX_EBT":31.690427694318,"OCF_SALES":14.665666811164,"TOTAL_PARENT_EQUITY":55961450747.69,"DEBT_ASSET_RATIO":52.3217506803,"OPERATE_PROFIT":6169603080.26,"PRETAX_PROFIT":6084636515.7,"NETCASH_OPERATE":6994882684.54,"NETCASH_INVEST":-1933485312.56,"NETCASH_FINANCE":-4876908748.24,"END_CASH":37415555427.99,"DIVI_RATIO":0.253557685854,"DIVIDEND_RATE":6.016877637131,"CURRENT_RATIO":1.096413267537,"COMMON_ACS":null,"CURRENTDEBT_DEBT":84.473022841911,"ISSUED_COMMON_SHARES":8015338182,"HK_COMMON_SHARES":2520690682,"PER_SHARES":500,"TOTAL_MARKET_CAP":18996351491.34,"HKSK_MARKET_CAP":5974036916.34,"PE_TTM":7.897511293057,"PB_TTM":0.282026790264,"REPORT_DATE_SQ":"2022-03-31 00:00:00","REPORT_TYPE_SQ":"2022年一季报","OPERATE_INCOME_SQ":45730660311.19,"DPS_HKD":0.1426,"OPERATE_INCOME_QOQ_SQ":-2.319242575979,"NET_PROFIT_RATIO_SQ":9.9800637961,"HOLDER_PROFIT_SQ":1566780394.71,"HOLDER_PROFIT_QOQ_SQ":-5.020146802569,"ROE_AVG_SQ":2.950527728192,"PE_TTM_SQ":3.237296091953,"PB_TTM_SQ":0.287130235694,"ROA_SQ":0.881862508328,"START_DATE":"2023-01-01 00:00:00","FISCAL_YEAR":"12-31","CURRENCY":"HKD","IS_CNY_CODE":0,"DPS_HKD_LY":0.186,"ORG_TYPE":"一般企业","PREMIUM_INCOME":null,"PREMIUM_INCOME_YOY":null,"NET_INTEREST_INCOME":null,"NET_INTEREST_INCOME_YOY":null,"FEE_COMMISSION_INCOME":null,"FEE_COMMISSION_INCOME_YOY":null,"ACCOUNTS_RECE_TDAYS":2.873181644726,"INVENTORY_TDAYS":1.356823315078,"CURRENT_ASSETS_TDAYS":0.571165187881,"TOTAL_ASSETS_TDAYS":0.274217690288,"PREMIUM_EXPENSE":null,"LOAN_DEPOSIT":null,"LOAN_EQUITY":null,"LOAN_ASSETS":null,"DEPOSIT_EQUITY":null,"DEPOSIT_ASSETS":null,"EQUITY_MULTIPLIER":2.097392446804,"EQUITY_RATIO":1.631426663368},{"SECUCODE":"01958.HK","SECURITY_CODE":"01958","SECURITY_NAME_ABBR":"北京汽车","ORG_CODE":"10168694","STD_REPORT_DATE":"2022-12-31 00:00:00","REPORT_DATE":"2022-12-31 00:00:00","DATE_TYPE_CODE":"001","REPORT_TYPE":"2022年年报","PER_NETCASH_OPERATE":2.327297061762,"PER_OI":23.762264507781,"BPS":6.79906009735,"BASIC_EPS":0.52,"DILUTED_EPS":0.52,"OPERATE_INCOME":190462586000,"OPERATE_INCOME_YOY":8.2692449139,"GROSS_PROFIT":42334207000,"GROSS_PROFIT_YOY":12.461660109712,"HOLDER_PROFIT":4196597000,"HOLDER_PROFIT_YOY":8.7715565002,"GROSS_PROFIT_RATIO":22.227046208435,"EPS_TTM":0.523570796978,"OPERATE_INCOME_QOQ":-1.783158458456,"NET_PROFIT_RATIO":8.5766461241,"ROE_AVG":7.838280941198,"GROSS_PROFIT_QOQ":-2.66107792088,"ROA":2.369487405785,"HOLDER_PROFIT_QOQ":-4.701559650365,"ROE_YEARLY":7.838280941198,"ROIC_YEARLY":3.66068183663,"TOTAL_ASSETS":173375442000,"TOTAL_LIABILITIES":94438337000,"TAX_EBT":33.943300177001,"OCF_SALES":9.794087853034,"TOTAL_PARENT_EQUITY":54496766000,"DEBT_ASSET_RATIO":54.4704232102,"OPERATE_PROFIT":26008890000,"PRETAX_PROFIT":24729213000,"NETCASH_OPERATE":18654073000,"NETCASH_INVEST":-7857080000,"NETCASH_FINANCE":-14680571000,"END_CASH":37227015000,"DIVI_RATIO":0.246818525299,"DIVIDEND_RATE":6.016877637131,"CURRENT_RATIO":1.039163870131,"COMMON_ACS":null,"CURRENTDEBT_DEBT":84.020212045877,"ISSUED_COMMON_SHARES":8015338182,"HK_COMMON_SHARES":2520690682,"PER_SHARES":500,"TOTAL_MARKET_CAP":18996351491.34,"HKSK_MARKET_CAP":5974036916.34,"PE_TTM":7.897511293057,"PB_TTM":0.282026790264,"REPORT_DATE_SQ":"2021-12-31 00:00:00","REPORT_TYPE_SQ":"2021年年报","OPERATE_INCOME_SQ":175915687000,"DPS_HKD":0.1426,"OPERATE_INCOME_QOQ_SQ":5.708477788563,"NET_PROFIT_RATIO_SQ":8.6129209159,"HOLDER_PROFIT_SQ":3858175000,"HOLDER_PROFIT_QOQ_SQ":29.583497291139,"ROE_AVG_SQ":7.443166511236,"PE_TTM_SQ":3.237296091953,"PB_TTM_SQ":0.287130235694,"ROA_SQ":2.060179519521,"START_DATE":"2022-01-01 00:00:00","FISCAL_YEAR":"12-31","CURRENCY":"HKD","IS_CNY_CODE":0,"DPS_HKD_LY":0.1875,"ORG_TYPE":"一般企业","PREMIUM_INCOME":null,"PREMIUM_INCOME_YOY":null,"NET_INTEREST_INCOME":null,"NET_INTEREST_INCOME_YOY":null,"FEE_COMMISSION_INCOME":null,"FEE_COMMISSION_INCOME_YOY":null,"ACCOUNTS_RECE_TDAYS":11.294176785267,"INVENTORY_TDAYS":6.272147490275,"CURRENT_ASSETS_TDAYS":2.252786513952,"TOTAL_ASSETS_TDAYS":1.075392035023,"PREMIUM_EXPENSE":null,"LOAN_DEPOSIT":null,"LOAN_EQUITY":null,"LOAN_ASSETS":null,"DEPOSIT_EQUITY":null,"DEPOSIT_ASSETS":null,"EQUITY_MULTIPLIER":2.196374468001,"EQUITY_RATIO":1.732916353238},{"SECUCODE":"01958.HK","SECURITY_CODE":"01958","SECURITY_NAME_ABBR":"北京汽车","ORG_CODE":"10168694","STD_REPORT_DATE":"2022-09-30 00:00:00","REPORT_DATE":"2022-09-30 00:00:00","DATE_TYPE_CODE":"004","REPORT_TYPE":"2022年三季报","PER_NETCASH_OPERATE":2.180288507166,"PER_OI":17.700717476751,"BPS":6.671002415638,"BASIC_EPS":null,"DILUTED_EPS":null,"OPERATE_INCOME":141877236640.2,"OPERATE_INCOME_YOY":14.5349607049,"GROSS_PROFIT":39645681495.78,"GROSS_PROFIT_YOY":17.304059023103,"HOLDER_PROFIT":3215092080.76,"HOLDER_PROFIT_YOY":20.4321012166,"GROSS_PROFIT_RATIO":27.943652156351,"EPS_TTM":0.549401223207,"OPERATE_INCOME_QOQ":14.597283130721,"NET_PROFIT_RATIO":8.7879934861,"ROE_AVG":6.063174201847,"GROSS_PROFIT_QOQ":24.695822322216,"ROA":1.788744735497,"HOLDER_PROFIT_QOQ":35.146875456051,"ROE_YEARLY":8.084232269129,"ROIC_YEARLY":2.830130081058,"TOTAL_ASSETS":178635879400.78,"TOTAL_LIABILITIES":98202833587.03,"TAX_EBT":33.904202416055,"OCF_SALES":12.317514869266,"TOTAL_PARENT_EQUITY":53470340374.28,"DEBT_ASSET_RATIO":54.9737454292,"OPERATE_PROFIT":18244674238.07,"PRETAX_PROFIT":18863774657.39,"NETCASH_OPERATE":17475749719.26,"NETCASH_INVEST":-7564244474.09,"NETCASH_FINANCE":-9435658654.27,"END_CASH":41364946374.97,"DIVI_RATIO":0.235214205104,"DIVIDEND_RATE":6.016877637131,"CURRENT_RATIO":1.050555953824,"COMMON_ACS":null,"CURRENTDEBT_DEBT":84.62885654127,"ISSUED_COMMON_SHARES":8015338182,"HK_COMMON_SHARES":2520690682,"PER_SHARES":500,"TOTAL_MARKET_CAP":18996351491.34,"HKSK_MARKET_CAP":5974036916.34,"PE_TTM":7.897511293057,"PB_TTM":0.282026790264,"REPORT_DATE_SQ":"2021-09-30 00:00:00","REPORT_TYPE_SQ":"2021年三季报","OPERATE_INCOME_SQ":123872427918.05,"DPS_HKD":0.1426,"OPERATE_INCOME_QOQ_SQ":-12.178750507534,"NET_PROFIT_RATIO_SQ":8.8642018157,"HOLDER_PROFIT_SQ":2669630479.15,"HOLDER_PROFIT_QOQ_SQ":-20.389814471176,"ROE_AVG_SQ":5.143468432305,"PE_TTM_SQ":3.237296091953,"PB_TTM_SQ":0.287130235694,"ROA_SQ":1.448762444804,"START_DATE":"2022-01-01 00:00:00","FISCAL_YEAR":"12-31","CURRENCY":"HKD","IS_CNY_CODE":0,"DPS_HKD_LY":0.1875,"ORG_TYPE":"一般企业","PREMIUM_INCOME":null,"PREMIUM_INCOME_YOY":null,"NET_INTEREST_INCOME":null,"NET_INTEREST_INCOME_YOY":null,"FEE_COMMISSION_INCOME":null,"FEE_COMMISSION_INCOME_YOY":null,"ACCOUNTS_RECE_TDAYS":7.674102648621,"INVENTORY_TDAYS":4.543573524029,"CURRENT_ASSETS_TDAYS":1.631285057628,"TOTAL_ASSETS_TDAYS":0.789346475162,"PREMIUM_EXPENSE":null,"LOAN_DEPOSIT":null,"LOAN_EQUITY":null,"LOAN_ASSETS":null,"DEPOSIT_EQUITY":null,"DEPOSIT_ASSETS":null,"EQUITY_MULTIPLIER":2.220926456203,"EQUITY_RATIO":1.836585159167}],"count":46},"success":true,"message":"ok","code":0}