{"version":"d8e84d83ec117458beaafbeb07b383c4","result":{"pages":3,"data":[{"SECUCODE":"01961.HK","SECURITY_CODE":"01961","SECURITY_NAME_ABBR":"多牛科技","ORG_CODE":"10000005009","STD_REPORT_DATE":"2024-06-30 00:00:00","REPORT_DATE":"2024-06-30 00:00:00","DATE_TYPE_CODE":"002","REPORT_TYPE":"2024年中报","PER_NETCASH_OPERATE":-0.061474775744,"PER_OI":0.182348884546,"BPS":0.307082445166,"BASIC_EPS":-0.033,"DILUTED_EPS":-0.033,"OPERATE_INCOME":133899000,"OPERATE_INCOME_YOY":-6.2246563062,"GROSS_PROFIT":21147000,"GROSS_PROFIT_YOY":-10.572165602402,"HOLDER_PROFIT":-22380000,"HOLDER_PROFIT_YOY":-114.8617511521,"GROSS_PROFIT_RATIO":15.793247148971,"EPS_TTM":-0.088906299365,"OPERATE_INCOME_QOQ":-3.368197665606,"NET_PROFIT_RATIO":-14.5318486322,"ROE_AVG":-13.295707708302,"GROSS_PROFIT_QOQ":-6.545016624342,"ROA":-7.114428493318,"HOLDER_PROFIT_QOQ":-22.438109527382,"ROE_YEARLY":-26.591415416605,"ROIC_YEARLY":-15.830798613567,"TOTAL_ASSETS":400988000,"TOTAL_LIABILITIES":169627000,"TAX_EBT":-0.745573159366,"OCF_SALES":-33.712723769408,"TOTAL_PARENT_EQUITY":225491000,"DEBT_ASSET_RATIO":42.3022634094,"OPERATE_PROFIT":-19095000,"PRETAX_PROFIT":-19314000,"NETCASH_OPERATE":-45141000,"NETCASH_INVEST":3886000,"NETCASH_FINANCE":16868000,"END_CASH":15280000,"DIVI_RATIO":null,"DIVIDEND_RATE":null,"CURRENT_RATIO":1.495653245433,"COMMON_ACS":2000000000,"CURRENTDEBT_DEBT":95.683470202267,"ISSUED_COMMON_SHARES":734301174,"HK_COMMON_SHARES":734301174,"PER_SHARES":2000,"TOTAL_MARKET_CAP":367150587,"HKSK_MARKET_CAP":367150587,"PE_TTM":-5.094956456491,"PB_TTM":1.486050431029,"REPORT_DATE_SQ":"2023-06-30 00:00:00","REPORT_TYPE_SQ":"2023年中报","OPERATE_INCOME_SQ":142787000,"DPS_HKD":null,"OPERATE_INCOME_QOQ_SQ":95.842556058127,"NET_PROFIT_RATIO_SQ":-7.384425753,"HOLDER_PROFIT_SQ":-10416000,"HOLDER_PROFIT_QOQ_SQ":27.530345195097,"ROE_AVG_SQ":-11.695486189086,"PE_TTM_SQ":-12.319556431757,"PB_TTM_SQ":5.828236086415,"ROA_SQ":-6.055021872139,"START_DATE":"2024-01-01 00:00:00","FISCAL_YEAR":"12-31","CURRENCY":"HKD","IS_CNY_CODE":0,"DPS_HKD_LY":null,"ORG_TYPE":"一般企业","PREMIUM_INCOME":null,"PREMIUM_INCOME_YOY":null,"NET_INTEREST_INCOME":null,"NET_INTEREST_INCOME_YOY":null,"FEE_COMMISSION_INCOME":null,"FEE_COMMISSION_INCOME_YOY":null,"ACCOUNTS_RECE_TDAYS":1.226282385911,"INVENTORY_TDAYS":null,"CURRENT_ASSETS_TDAYS":0.619858297206,"TOTAL_ASSETS_TDAYS":0.425654540137,"PREMIUM_EXPENSE":null,"LOAN_DEPOSIT":null,"LOAN_EQUITY":null,"LOAN_ASSETS":null,"DEPOSIT_EQUITY":null,"DEPOSIT_ASSETS":null,"EQUITY_MULTIPLIER":1.733170240447,"EQUITY_RATIO":0.752256187608},{"SECUCODE":"01961.HK","SECURITY_CODE":"01961","SECURITY_NAME_ABBR":"多牛科技","ORG_CODE":"10000005009","STD_REPORT_DATE":"2023-12-31 00:00:00","REPORT_DATE":"2023-12-31 00:00:00","DATE_TYPE_CODE":"001","REPORT_TYPE":"2023年年报","PER_NETCASH_OPERATE":-0.120362825486,"PER_OI":0.418932168954,"BPS":0.151380664959,"BASIC_EPS":-0.09,"DILUTED_EPS":-0.09,"OPERATE_INCOME":263880000,"OPERATE_INCOME_YOY":153.9505341161,"GROSS_PROFIT":38197000,"GROSS_PROFIT_YOY":138.061701464631,"HOLDER_PROFIT":-53320000,"HOLDER_PROFIT_YOY":36.8583101427,"GROSS_PROFIT_RATIO":14.475140215249,"EPS_TTM":-0.084650080524,"OPERATE_INCOME_QOQ":29.670761670762,"NET_PROFIT_RATIO":-20.3804759739,"ROE_AVG":-66.757228798758,"GROSS_PROFIT_QOQ":-1.604842864503,"ROA":-31.014876321491,"HOLDER_PROFIT_QOQ":12.871545990817,"ROE_YEARLY":-66.757228798758,"ROIC_YEARLY":-38.800333281182,"TOTAL_ASSETS":228156000,"TOTAL_LIABILITIES":111694000,"TAX_EBT":-1.320672959174,"OCF_SALES":-28.730862513264,"TOTAL_PARENT_EQUITY":111159000,"DEBT_ASSET_RATIO":48.9551008959,"OPERATE_PROFIT":-52731000,"PRETAX_PROFIT":-53079000,"NETCASH_OPERATE":-75815000,"NETCASH_INVEST":-7191000,"NETCASH_FINANCE":96858000,"END_CASH":37211000,"DIVI_RATIO":null,"DIVIDEND_RATE":null,"CURRENT_RATIO":1.811005013586,"COMMON_ACS":2000000000,"CURRENTDEBT_DEBT":93.573513348971,"ISSUED_COMMON_SHARES":734301174,"HK_COMMON_SHARES":734301174,"PER_SHARES":2000,"TOTAL_MARKET_CAP":367150587,"HKSK_MARKET_CAP":367150587,"PE_TTM":-5.094956456491,"PB_TTM":1.486050431029,"REPORT_DATE_SQ":"2022-12-31 00:00:00","REPORT_TYPE_SQ":"2022年年报","OPERATE_INCOME_SQ":103910000,"DPS_HKD":null,"OPERATE_INCOME_QOQ_SQ":-18.123079347569,"NET_PROFIT_RATIO_SQ":-82.7639303243,"HOLDER_PROFIT_SQ":-84445000,"HOLDER_PROFIT_QOQ_SQ":16.656797141786,"ROE_AVG_SQ":-94.990888433936,"PE_TTM_SQ":-13.464591969039,"PB_TTM_SQ":6.369938823488,"ROA_SQ":-58.318168790854,"START_DATE":"2023-01-01 00:00:00","FISCAL_YEAR":"12-31","CURRENCY":"HKD","IS_CNY_CODE":0,"DPS_HKD_LY":null,"ORG_TYPE":"一般企业","PREMIUM_INCOME":null,"PREMIUM_INCOME_YOY":null,"NET_INTEREST_INCOME":null,"NET_INTEREST_INCOME_YOY":null,"FEE_COMMISSION_INCOME":null,"FEE_COMMISSION_INCOME_YOY":null,"ACCOUNTS_RECE_TDAYS":4.734207646352,"INVENTORY_TDAYS":null,"CURRENT_ASSETS_TDAYS":1.91113525258,"TOTAL_ASSETS_TDAYS":1.534922273765,"PREMIUM_EXPENSE":null,"LOAN_DEPOSIT":null,"LOAN_EQUITY":null,"LOAN_ASSETS":null,"DEPOSIT_EQUITY":null,"DEPOSIT_ASSETS":null,"EQUITY_MULTIPLIER":1.959059607426,"EQUITY_RATIO":1.004812925629},{"SECUCODE":"01961.HK","SECURITY_CODE":"01961","SECURITY_NAME_ABBR":"多牛科技","ORG_CODE":"10000005009","STD_REPORT_DATE":"2023-06-30 00:00:00","REPORT_DATE":"2023-06-30 00:00:00","DATE_TYPE_CODE":"002","REPORT_TYPE":"2023年中报","PER_NETCASH_OPERATE":-0.092037814808,"PER_OI":0.232936358306,"BPS":0.17640718085,"BASIC_EPS":-0.018,"DILUTED_EPS":-0.018,"OPERATE_INCOME":142787000,"OPERATE_INCOME_YOY":230.5484177142,"GROSS_PROFIT":23647000,"GROSS_PROFIT_YOY":2611.8119266055,"HOLDER_PROFIT":-10416000,"HOLDER_PROFIT_YOY":69.0589353612,"GROSS_PROFIT_RATIO":16.56103146645,"EPS_TTM":-0.09983406276,"OPERATE_INCOME_QOQ":95.842556058127,"NET_PROFIT_RATIO":-7.384425753,"ROE_AVG":-11.695486189086,"GROSS_PROFIT_QOQ":141.944531006544,"ROA":-6.055021872139,"HOLDER_PROFIT_QOQ":27.530345195097,"ROE_YEARLY":-23.390972378172,"ROIC_YEARLY":-16.057966545903,"TOTAL_ASSETS":228366000,"TOTAL_LIABILITIES":93195000,"TAX_EBT":-3.443539684097,"OCF_SALES":-39.512000392193,"TOTAL_PARENT_EQUITY":129536000,"DEBT_ASSET_RATIO":40.8094900292,"OPERATE_PROFIT":-9997000,"PRETAX_PROFIT":-10193000,"NETCASH_OPERATE":-56418000,"NETCASH_INVEST":-760000,"NETCASH_FINANCE":87392000,"END_CASH":52472000,"DIVI_RATIO":null,"DIVIDEND_RATE":null,"CURRENT_RATIO":2.383051722866,"COMMON_ACS":2000000000,"CURRENTDEBT_DEBT":87.255754064059,"ISSUED_COMMON_SHARES":734301174,"HK_COMMON_SHARES":734301174,"PER_SHARES":2000,"TOTAL_MARKET_CAP":367150587,"HKSK_MARKET_CAP":367150587,"PE_TTM":-5.094956456491,"PB_TTM":1.486050431029,"REPORT_DATE_SQ":"2022-06-30 00:00:00","REPORT_TYPE_SQ":"2022年中报","OPERATE_INCOME_SQ":43197000,"DPS_HKD":null,"OPERATE_INCOME_QOQ_SQ":10.439110987347,"NET_PROFIT_RATIO_SQ":-81.4570456282,"HOLDER_PROFIT_SQ":-33664000,"HOLDER_PROFIT_QOQ_SQ":-19.123871331828,"ROE_AVG_SQ":-30.259231294718,"PE_TTM_SQ":-13.464591969039,"PB_TTM_SQ":6.369938823488,"ROA_SQ":-22.000241803989,"START_DATE":"2023-01-01 00:00:00","FISCAL_YEAR":"12-31","CURRENCY":"HKD","IS_CNY_CODE":0,"DPS_HKD_LY":null,"ORG_TYPE":"一般企业","PREMIUM_INCOME":null,"PREMIUM_INCOME_YOY":null,"NET_INTEREST_INCOME":null,"NET_INTEREST_INCOME_YOY":null,"FEE_COMMISSION_INCOME":null,"FEE_COMMISSION_INCOME_YOY":null,"ACCOUNTS_RECE_TDAYS":2.687274746163,"INVENTORY_TDAYS":null,"CURRENT_ASSETS_TDAYS":1.017523231287,"TOTAL_ASSETS_TDAYS":0.830048394832,"PREMIUM_EXPENSE":null,"LOAN_DEPOSIT":null,"LOAN_EQUITY":null,"LOAN_ASSETS":null,"DEPOSIT_EQUITY":null,"DEPOSIT_ASSETS":null,"EQUITY_MULTIPLIER":1.689460017312,"EQUITY_RATIO":0.719452507411},{"SECUCODE":"01961.HK","SECURITY_CODE":"01961","SECURITY_NAME_ABBR":"多牛科技","ORG_CODE":"10000005009","STD_REPORT_DATE":"2022-12-31 00:00:00","REPORT_DATE":"2022-12-31 00:00:00","DATE_TYPE_CODE":"001","REPORT_TYPE":"2022年年报","PER_NETCASH_OPERATE":-0.036794871795,"PER_OI":0.190311355311,"BPS":0.066163587531,"BASIC_EPS":-0.155,"DILUTED_EPS":-0.155,"OPERATE_INCOME":103910000,"OPERATE_INCOME_YOY":-9.5758567276,"GROSS_PROFIT":16045000,"GROSS_PROFIT_YOY":11.493294420124,"HOLDER_PROFIT":-84445000,"HOLDER_PROFIT_YOY":0.7183502634,"GROSS_PROFIT_RATIO":15.441247233183,"EPS_TTM":-0.154661172161,"OPERATE_INCOME_QOQ":-18.123079347569,"NET_PROFIT_RATIO":-82.7639303243,"ROE_AVG":-94.990888433936,"GROSS_PROFIT_QOQ":131.730213749278,"ROA":-58.318168790854,"HOLDER_PROFIT_QOQ":16.656797141786,"ROE_YEARLY":-94.990888433936,"ROIC_YEARLY":-69.877613842297,"TOTAL_ASSETS":115679000,"TOTAL_LIABILITIES":61332000,"TAX_EBT":-0.374654232659,"OCF_SALES":-19.334039072274,"TOTAL_PARENT_EQUITY":48584000,"DEBT_ASSET_RATIO":53.019130525,"OPERATE_PROFIT":-84935000,"PRETAX_PROFIT":-85679000,"NETCASH_OPERATE":-20090000,"NETCASH_INVEST":11127000,"NETCASH_FINANCE":15573000,"END_CASH":20715000,"DIVI_RATIO":null,"DIVIDEND_RATE":null,"CURRENT_RATIO":2.043590769014,"COMMON_ACS":2000000000,"CURRENTDEBT_DEBT":69.309658905628,"ISSUED_COMMON_SHARES":734301174,"HK_COMMON_SHARES":734301174,"PER_SHARES":2000,"TOTAL_MARKET_CAP":367150587,"HKSK_MARKET_CAP":367150587,"PE_TTM":-5.094956456491,"PB_TTM":1.486050431029,"REPORT_DATE_SQ":"2021-12-31 00:00:00","REPORT_TYPE_SQ":"2021年年报","OPERATE_INCOME_SQ":114914000,"DPS_HKD":null,"OPERATE_INCOME_QOQ_SQ":13.136623642575,"NET_PROFIT_RATIO_SQ":-75.5538924761,"HOLDER_PROFIT_SQ":-85056000,"HOLDER_PROFIT_QOQ_SQ":-247.493565387915,"ROE_AVG_SQ":-49.392724305836,"PE_TTM_SQ":-13.464591969039,"PB_TTM_SQ":6.369938823488,"ROA_SQ":-39.644737363403,"START_DATE":"2022-01-01 00:00:00","FISCAL_YEAR":"12-31","CURRENCY":"HKD","IS_CNY_CODE":0,"DPS_HKD_LY":null,"ORG_TYPE":"一般企业","PREMIUM_INCOME":null,"PREMIUM_INCOME_YOY":null,"NET_INTEREST_INCOME":null,"NET_INTEREST_INCOME_YOY":null,"FEE_COMMISSION_INCOME":null,"FEE_COMMISSION_INCOME_YOY":null,"ACCOUNTS_RECE_TDAYS":3.041817303611,"INVENTORY_TDAYS":null,"CURRENT_ASSETS_TDAYS":1.020326001571,"TOTAL_ASSETS_TDAYS":0.717608019309,"PREMIUM_EXPENSE":null,"LOAN_DEPOSIT":null,"LOAN_EQUITY":null,"LOAN_ASSETS":null,"DEPOSIT_EQUITY":null,"DEPOSIT_ASSETS":null,"EQUITY_MULTIPLIER":2.128525953595,"EQUITY_RATIO":1.262390910588},{"SECUCODE":"01961.HK","SECURITY_CODE":"01961","SECURITY_NAME_ABBR":"多牛科技","ORG_CODE":"10000005009","STD_REPORT_DATE":"2022-06-30 00:00:00","REPORT_DATE":"2022-06-30 00:00:00","DATE_TYPE_CODE":"002","REPORT_TYPE":"2022年中报","PER_NETCASH_OPERATE":-0.012595238095,"PER_OI":0.079115384615,"BPS":0.127048686974,"BASIC_EPS":-0.062,"DILUTED_EPS":-0.062,"OPERATE_INCOME":43197000,"OPERATE_INCOME_YOY":38.4474856575,"GROSS_PROFIT":872000,"GROSS_PROFIT_YOY":-89.543110684734,"HOLDER_PROFIT":-33664000,"HOLDER_PROFIT_YOY":-93.4935050006,"GROSS_PROFIT_RATIO":2.018658703151,"EPS_TTM":-0.185571428571,"OPERATE_INCOME_QOQ":10.439110987347,"NET_PROFIT_RATIO":-81.4570456282,"ROE_AVG":-30.259231294718,"GROSS_PROFIT_QOQ":-51.886595789035,"ROA":-22.000241803989,"HOLDER_PROFIT_QOQ":-19.123871331828,"ROE_YEARLY":-60.518462589437,"ROIC_YEARLY":-50.759186381388,"TOTAL_ASSETS":132111000,"TOTAL_LIABILITIES":31041000,"TAX_EBT":-0.276432031918,"OCF_SALES":-15.920087043082,"TOTAL_PARENT_EQUITY":93292000,"DEBT_ASSET_RATIO":23.496150964,"OPERATE_PROFIT":-34850000,"PRETAX_PROFIT":-35090000,"NETCASH_OPERATE":-6877000,"NETCASH_INVEST":351000,"NETCASH_FINANCE":4718000,"END_CASH":11542000,"DIVI_RATIO":null,"DIVIDEND_RATE":null,"CURRENT_RATIO":2.946424182846,"COMMON_ACS":2000000000,"CURRENTDEBT_DEBT":91.759286105473,"ISSUED_COMMON_SHARES":734301174,"HK_COMMON_SHARES":734301174,"PER_SHARES":2000,"TOTAL_MARKET_CAP":367150587,"HKSK_MARKET_CAP":367150587,"PE_TTM":-5.094956456491,"PB_TTM":1.486050431029,"REPORT_DATE_SQ":"2021-06-30 00:00:00","REPORT_TYPE_SQ":"2021年中报","OPERATE_INCOME_SQ":31201000,"DPS_HKD":null,"OPERATE_INCOME_QOQ_SQ":-40.315197527309,"NET_PROFIT_RATIO_SQ":-54.9084965225,"HOLDER_PROFIT_SQ":-17398000,"HOLDER_PROFIT_QOQ_SQ":-1752.91445874338,"ROE_AVG_SQ":-8.446840688351,"PE_TTM_SQ":-13.464591969039,"PB_TTM_SQ":6.369938823488,"ROA_SQ":-7.091802523586,"START_DATE":"2022-01-01 00:00:00","FISCAL_YEAR":"12-31","CURRENCY":"HKD","IS_CNY_CODE":0,"DPS_HKD_LY":null,"ORG_TYPE":"一般企业","PREMIUM_INCOME":null,"PREMIUM_INCOME_YOY":null,"NET_INTEREST_INCOME":null,"NET_INTEREST_INCOME_YOY":null,"FEE_COMMISSION_INCOME":null,"FEE_COMMISSION_INCOME_YOY":null,"ACCOUNTS_RECE_TDAYS":1.270406587751,"INVENTORY_TDAYS":null,"CURRENT_ASSETS_TDAYS":0.430394755196,"TOTAL_ASSETS_TDAYS":0.282302888904,"PREMIUM_EXPENSE":null,"LOAN_DEPOSIT":null,"LOAN_EQUITY":null,"LOAN_ASSETS":null,"DEPOSIT_EQUITY":null,"DEPOSIT_ASSETS":null,"EQUITY_MULTIPLIER":1.307123775602,"EQUITY_RATIO":0.33272949449},{"SECUCODE":"01961.HK","SECURITY_CODE":"01961","SECURITY_NAME_ABBR":"多牛科技","ORG_CODE":"10000005009","STD_REPORT_DATE":"2021-12-31 00:00:00","REPORT_DATE":"2021-12-31 00:00:00","DATE_TYPE_CODE":"001","REPORT_TYPE":"2021年年报","PER_NETCASH_OPERATE":-0.04704029304,"PER_OI":0.210465201465,"BPS":0.175965945003,"BASIC_EPS":-0.156,"DILUTED_EPS":-0.156,"OPERATE_INCOME":114914000,"OPERATE_INCOME_YOY":-32.4746296547,"GROSS_PROFIT":14391000,"GROSS_PROFIT_YOY":-74.134584276933,"HOLDER_PROFIT":-85056000,"HOLDER_PROFIT_YOY":-6338.7585162755,"GROSS_PROFIT_RATIO":12.523278277669,"EPS_TTM":-0.15578021978,"OPERATE_INCOME_QOQ":13.136623642575,"NET_PROFIT_RATIO":-75.5538924761,"ROE_AVG":-49.392724305836,"GROSS_PROFIT_QOQ":-56.476636927264,"ROA":-39.644737363403,"HOLDER_PROFIT_QOQ":-247.493565387915,"ROE_YEARLY":-49.392724305836,"ROIC_YEARLY":-48.681457994099,"TOTAL_ASSETS":173922000,"TOTAL_LIABILITIES":35409000,"TAX_EBT":-0.044939677126,"OCF_SALES":-22.350627425727,"TOTAL_PARENT_EQUITY":129212000,"DEBT_ASSET_RATIO":20.359126505,"OPERATE_PROFIT":-87024000,"PRETAX_PROFIT":-86783000,"NETCASH_OPERATE":-25684000,"NETCASH_INVEST":-7328000,"NETCASH_FINANCE":-364000,"END_CASH":12128000,"DIVI_RATIO":null,"DIVIDEND_RATE":null,"CURRENT_RATIO":3.586618766888,"COMMON_ACS":2000000000,"CURRENTDEBT_DEBT":91.976616114547,"ISSUED_COMMON_SHARES":734301174,"HK_COMMON_SHARES":734301174,"PER_SHARES":2000,"TOTAL_MARKET_CAP":367150587,"HKSK_MARKET_CAP":367150587,"PE_TTM":-5.094956456491,"PB_TTM":1.486050431029,"REPORT_DATE_SQ":"2020-12-31 00:00:00","REPORT_TYPE_SQ":"2020年年报","OPERATE_INCOME_SQ":170179000,"DPS_HKD":null,"OPERATE_INCOME_QOQ_SQ":-17.330645357169,"NET_PROFIT_RATIO_SQ":0.6011317495,"HOLDER_PROFIT_SQ":-1321000,"HOLDER_PROFIT_QOQ_SQ":-105.142478978511,"ROE_AVG_SQ":-0.798566087238,"PE_TTM_SQ":-13.464591969039,"PB_TTM_SQ":6.369938823488,"ROA_SQ":-0.591420595853,"START_DATE":"2021-01-01 00:00:00","FISCAL_YEAR":"12-31","CURRENCY":"HKD","IS_CNY_CODE":0,"DPS_HKD_LY":null,"ORG_TYPE":"一般企业","PREMIUM_INCOME":null,"PREMIUM_INCOME_YOY":null,"NET_INTEREST_INCOME":null,"NET_INTEREST_INCOME_YOY":null,"FEE_COMMISSION_INCOME":null,"FEE_COMMISSION_INCOME_YOY":null,"ACCOUNTS_RECE_TDAYS":2.308808165233,"INVENTORY_TDAYS":null,"CURRENT_ASSETS_TDAYS":0.771711392269,"TOTAL_ASSETS_TDAYS":0.535615988217,"PREMIUM_EXPENSE":null,"LOAN_DEPOSIT":null,"LOAN_EQUITY":null,"LOAN_ASSETS":null,"DEPOSIT_EQUITY":null,"DEPOSIT_ASSETS":null,"EQUITY_MULTIPLIER":1.255636655043,"EQUITY_RATIO":0.274038015045},{"SECUCODE":"01961.HK","SECURITY_CODE":"01961","SECURITY_NAME_ABBR":"多牛科技","ORG_CODE":"10000005009","STD_REPORT_DATE":"2021-06-30 00:00:00","REPORT_DATE":"2021-06-30 00:00:00","DATE_TYPE_CODE":"002","REPORT_TYPE":"2021年中报","PER_NETCASH_OPERATE":-0.059009157509,"PER_OI":0.057144688645,"BPS":0.267936382191,"BASIC_EPS":-0.032,"DILUTED_EPS":-0.032,"OPERATE_INCOME":31201000,"OPERATE_INCOME_YOY":-68.7392920478,"GROSS_PROFIT":8339000,"GROSS_PROFIT_YOY":-73.023421325052,"HOLDER_PROFIT":-17398000,"HOLDER_PROFIT_YOY":-402.1535255297,"GROSS_PROFIT_RATIO":26.726707477324,"EPS_TTM":-0.04482967033,"OPERATE_INCOME_QOQ":-40.315197527309,"NET_PROFIT_RATIO":-54.9084965225,"ROE_AVG":-8.446840688351,"GROSS_PROFIT_QOQ":-40.571192350552,"ROA":-7.091802523586,"HOLDER_PROFIT_QOQ":-1752.91445874338,"ROE_YEARLY":-16.893681376702,"ROIC_YEARLY":-17.300210559811,"TOTAL_ASSETS":235482000,"TOTAL_LIABILITIES":24103000,"TAX_EBT":-0.622577234817,"OCF_SALES":-103.262715938592,"TOTAL_PARENT_EQUITY":196746000,"DEBT_ASSET_RATIO":10.2356018719,"OPERATE_PROFIT":-16664000,"PRETAX_PROFIT":-17026000,"NETCASH_OPERATE":-32219000,"NETCASH_INVEST":-1898000,"NETCASH_FINANCE":3209000,"END_CASH":15534000,"DIVI_RATIO":null,"DIVIDEND_RATE":null,"CURRENT_RATIO":7.867587520838,"COMMON_ACS":2000000000,"CURRENTDEBT_DEBT":87.105339584284,"ISSUED_COMMON_SHARES":734301174,"HK_COMMON_SHARES":734301174,"PER_SHARES":2000,"TOTAL_MARKET_CAP":367150587,"HKSK_MARKET_CAP":367150587,"PE_TTM":-5.094956456491,"PB_TTM":1.486050431029,"REPORT_DATE_SQ":"2020-06-30 00:00:00","REPORT_TYPE_SQ":"2020年中报","OPERATE_INCOME_SQ":99809000,"DPS_HKD":null,"OPERATE_INCOME_QOQ_SQ":-6.085476792248,"NET_PROFIT_RATIO_SQ":7.2258012804,"HOLDER_PROFIT_SQ":5758000,"HOLDER_PROFIT_QOQ_SQ":-31.027816561057,"ROE_AVG_SQ":3.325334742471,"PE_TTM_SQ":-13.464591969039,"PB_TTM_SQ":6.369938823488,"ROA_SQ":2.409578051832,"START_DATE":"2021-01-01 00:00:00","FISCAL_YEAR":"12-31","CURRENCY":"HKD","IS_CNY_CODE":0,"DPS_HKD_LY":null,"ORG_TYPE":"一般企业","PREMIUM_INCOME":null,"PREMIUM_INCOME_YOY":null,"NET_INTEREST_INCOME":null,"NET_INTEREST_INCOME_YOY":null,"FEE_COMMISSION_INCOME":null,"FEE_COMMISSION_INCOME_YOY":null,"ACCOUNTS_RECE_TDAYS":0.558757163324,"INVENTORY_TDAYS":null,"CURRENT_ASSETS_TDAYS":0.180255180004,"TOTAL_ASSETS_TDAYS":0.12718204997,"PREMIUM_EXPENSE":null,"LOAN_DEPOSIT":null,"LOAN_EQUITY":null,"LOAN_ASSETS":null,"DEPOSIT_EQUITY":null,"DEPOSIT_ASSETS":null,"EQUITY_MULTIPLIER":1.114027410481,"EQUITY_RATIO":0.122508208553},{"SECUCODE":"01961.HK","SECURITY_CODE":"01961","SECURITY_NAME_ABBR":"多牛科技","ORG_CODE":"10000005009","STD_REPORT_DATE":"2020-12-31 00:00:00","REPORT_DATE":"2020-12-31 00:00:00","DATE_TYPE_CODE":"001","REPORT_TYPE":"2020年年报","PER_NETCASH_OPERATE":-0.106106227106,"PER_OI":0.311683150183,"BPS":0.293060950492,"BASIC_EPS":-0.003,"DILUTED_EPS":-0.003,"OPERATE_INCOME":170179000,"OPERATE_INCOME_YOY":-22.3614697483,"GROSS_PROFIT":55638000,"GROSS_PROFIT_YOY":-30.078419544563,"HOLDER_PROFIT":-1321000,"HOLDER_PROFIT_YOY":-103.5468800344,"GROSS_PROFIT_RATIO":32.693810634685,"EPS_TTM":-0.002419413919,"OPERATE_INCOME_QOQ":-17.330645357169,"NET_PROFIT_RATIO":0.6011317495,"ROE_AVG":-0.798566087238,"GROSS_PROFIT_QOQ":-19.818417639429,"ROA":-0.591420595853,"HOLDER_PROFIT_QOQ":-105.142478978511,"ROE_YEARLY":-0.798566087238,"ROIC_YEARLY":-0.805853878744,"TOTAL_ASSETS":255169000,"TOTAL_LIABILITIES":28907000,"TAX_EBT":81.128942999447,"OCF_SALES":-34.042978275816,"TOTAL_PARENT_EQUITY":215195000,"DEBT_ASSET_RATIO":11.3285704768,"OPERATE_PROFIT":5764000,"PRETAX_PROFIT":5421000,"NETCASH_OPERATE":-57934000,"NETCASH_INVEST":-40475000,"NETCASH_FINANCE":99996000,"END_CASH":47156000,"DIVI_RATIO":null,"DIVIDEND_RATE":null,"CURRENT_RATIO":6.76838798938,"COMMON_ACS":2000000000,"CURRENTDEBT_DEBT":92.513923963054,"ISSUED_COMMON_SHARES":734301174,"HK_COMMON_SHARES":734301174,"PER_SHARES":2000,"TOTAL_MARKET_CAP":367150587,"HKSK_MARKET_CAP":367150587,"PE_TTM":-5.094956456491,"PB_TTM":1.486050431029,"REPORT_DATE_SQ":"2019-12-31 00:00:00","REPORT_TYPE_SQ":"2019年年报","OPERATE_INCOME_SQ":219194000,"DPS_HKD":null,"OPERATE_INCOME_QOQ_SQ":13.369952002648,"NET_PROFIT_RATIO_SQ":18.7997846656,"HOLDER_PROFIT_SQ":37244000,"HOLDER_PROFIT_QOQ_SQ":11.686208654452,"ROE_AVG_SQ":38.351791497403,"PE_TTM_SQ":-13.464591969039,"PB_TTM_SQ":6.369938823488,"ROA_SQ":21.028857934944,"START_DATE":"2020-01-01 00:00:00","FISCAL_YEAR":"12-31","CURRENCY":"HKD","IS_CNY_CODE":0,"DPS_HKD_LY":0.0252,"ORG_TYPE":"一般企业","PREMIUM_INCOME":null,"PREMIUM_INCOME_YOY":null,"NET_INTEREST_INCOME":null,"NET_INTEREST_INCOME_YOY":null,"FEE_COMMISSION_INCOME":null,"FEE_COMMISSION_INCOME_YOY":null,"ACCOUNTS_RECE_TDAYS":2.729830527506,"INVENTORY_TDAYS":null,"CURRENT_ASSETS_TDAYS":0.929018487129,"TOTAL_ASSETS_TDAYS":0.761902843162,"PREMIUM_EXPENSE":null,"LOAN_DEPOSIT":null,"LOAN_EQUITY":null,"LOAN_ASSETS":null,"DEPOSIT_EQUITY":null,"DEPOSIT_ASSETS":null,"EQUITY_MULTIPLIER":1.12775896969,"EQUITY_RATIO":0.134329329213},{"SECUCODE":"01961.HK","SECURITY_CODE":"01961","SECURITY_NAME_ABBR":"多牛科技","ORG_CODE":"10000005009","STD_REPORT_DATE":"2020-06-30 00:00:00","REPORT_DATE":"2020-06-30 00:00:00","DATE_TYPE_CODE":"002","REPORT_TYPE":"2020年中报","PER_NETCASH_OPERATE":-0.120320512821,"PER_OI":0.1828003663,"BPS":0.314125876639,"BASIC_EPS":0.012,"DILUTED_EPS":0.012,"OPERATE_INCOME":99809000,"OPERATE_INCOME_YOY":-11.7889843391,"GROSS_PROFIT":30912000,"GROSS_PROFIT_YOY":-24.777339757629,"HOLDER_PROFIT":5758000,"HOLDER_PROFIT_YOY":-66.7436756382,"GROSS_PROFIT_RATIO":30.97115490587,"EPS_TTM":0.047047619048,"OPERATE_INCOME_QOQ":-6.085476792248,"NET_PROFIT_RATIO":7.2258012804,"ROE_AVG":3.325334742471,"GROSS_PROFIT_QOQ":-12.795958377319,"ROA":2.409578051832,"HOLDER_PROFIT_QOQ":-31.027816561057,"ROE_YEARLY":6.650669484943,"ROIC_YEARLY":7.260278722579,"TOTAL_ASSETS":286374000,"TOTAL_LIABILITIES":45534000,"TAX_EBT":37.515162016982,"OCF_SALES":-65.82071757056,"TOTAL_PARENT_EQUITY":230663000,"DEBT_ASSET_RATIO":15.9001864694,"OPERATE_PROFIT":11678000,"PRETAX_PROFIT":11542000,"NETCASH_OPERATE":-65695000,"NETCASH_INVEST":-9411000,"NETCASH_FINANCE":112609000,"END_CASH":89869000,"DIVI_RATIO":null,"DIVIDEND_RATE":null,"CURRENT_RATIO":5.366707946819,"COMMON_ACS":2000000000,"CURRENTDEBT_DEBT":93.989107040893,"ISSUED_COMMON_SHARES":734301174,"HK_COMMON_SHARES":734301174,"PER_SHARES":2000,"TOTAL_MARKET_CAP":367150587,"HKSK_MARKET_CAP":367150587,"PE_TTM":-5.094956456491,"PB_TTM":1.486050431029,"REPORT_DATE_SQ":"2019-06-30 00:00:00","REPORT_TYPE_SQ":"2019年中报","OPERATE_INCOME_SQ":113148000,"DPS_HKD":null,"OPERATE_INCOME_QOQ_SQ":0,"NET_PROFIT_RATIO_SQ":17.0767490367,"HOLDER_PROFIT_SQ":17314000,"HOLDER_PROFIT_QOQ_SQ":0,"ROE_AVG_SQ":null,"PE_TTM_SQ":-13.464591969039,"PB_TTM_SQ":6.369938823488,"ROA_SQ":null,"START_DATE":"2020-01-01 00:00:00","FISCAL_YEAR":"12-31","CURRENCY":"HKD","IS_CNY_CODE":0,"DPS_HKD_LY":0.0252,"ORG_TYPE":"一般企业","PREMIUM_INCOME":null,"PREMIUM_INCOME_YOY":null,"NET_INTEREST_INCOME":null,"NET_INTEREST_INCOME_YOY":null,"FEE_COMMISSION_INCOME":null,"FEE_COMMISSION_INCOME_YOY":null,"ACCOUNTS_RECE_TDAYS":1.49333073994,"INVENTORY_TDAYS":null,"CURRENT_ASSETS_TDAYS":0.480966665462,"TOTAL_ASSETS_TDAYS":0.417675539728,"PREMIUM_EXPENSE":null,"LOAN_DEPOSIT":null,"LOAN_EQUITY":null,"LOAN_ASSETS":null,"DEPOSIT_EQUITY":null,"DEPOSIT_ASSETS":null,"EQUITY_MULTIPLIER":1.189063278525,"EQUITY_RATIO":0.197404872043}],"count":19},"success":true,"message":"ok","code":0}