{"version":"1c6eaf0fa7d2d3018e805347e98fed75","result":{"pages":2,"data":[{"SECUCODE":"01969.HK","SECURITY_CODE":"01969","SECURITY_NAME_ABBR":"中国春来","ORG_CODE":"10916523","STD_REPORT_DATE":"2024-12-31 00:00:00","REPORT_DATE":"2024-08-31 00:00:00","DATE_TYPE_CODE":"001","REPORT_TYPE":"2024年年报","PER_NETCASH_OPERATE":0.861845,"PER_OI":1.35958,"BPS":3.236585833333,"BASIC_EPS":0.65,"DILUTED_EPS":0.63,"OPERATE_INCOME":1631496000,"OPERATE_INCOME_YOY":8.9143783354,"GROSS_PROFIT":955503000,"GROSS_PROFIT_YOY":7.353253450629,"HOLDER_PROFIT":778171000,"HOLDER_PROFIT_YOY":13.7023610703,"GROSS_PROFIT_RATIO":58.566064519925,"EPS_TTM":0.648475833333,"OPERATE_INCOME_QOQ":0,"NET_PROFIT_RATIO":47.6967764555,"ROE_AVG":21.737949891348,"GROSS_PROFIT_QOQ":0,"ROA":11.350522581811,"HOLDER_PROFIT_QOQ":0,"ROE_YEARLY":21.737949891348,"ROIC_YEARLY":12.829447961188,"TOTAL_ASSETS":7253830000,"TOTAL_LIABILITIES":3369927000,"TAX_EBT":1.110923316809,"OCF_SALES":63.390532370291,"TOTAL_PARENT_EQUITY":3883903000,"DEBT_ASSET_RATIO":46.4572095017,"OPERATE_PROFIT":882633000,"PRETAX_PROFIT":786913000,"NETCASH_OPERATE":1034214000,"NETCASH_INVEST":-953526000,"NETCASH_FINANCE":-194508000,"END_CASH":675900000,"DIVI_RATIO":0.280619555342,"DIVIDEND_RATE":4.739336492891,"CURRENT_RATIO":0.70379968064,"COMMON_ACS":50000000000,"CURRENTDEBT_DEBT":84.55524407502,"ISSUED_COMMON_SHARES":1200000000,"HK_COMMON_SHARES":1200000000,"PER_SHARES":1000,"TOTAL_MARKET_CAP":5064000000,"HKSK_MARKET_CAP":5064000000,"PE_TTM":5.936332862571,"PB_TTM":1.189391722708,"REPORT_DATE_SQ":"2023-12-31 00:00:00","REPORT_TYPE_SQ":"2023年年报","OPERATE_INCOME_SQ":1497962000,"DPS_HKD":0.2,"OPERATE_INCOME_QOQ_SQ":0,"NET_PROFIT_RATIO_SQ":45.6882751365,"HOLDER_PROFIT_SQ":684393000,"HOLDER_PROFIT_QOQ_SQ":0,"ROE_AVG_SQ":23.233829807061,"PE_TTM_SQ":9.036193064511,"PB_TTM_SQ":1.88795820322,"ROA_SQ":11.102850041855,"START_DATE":"2023-09-01 00:00:00","FISCAL_YEAR":"8-31","CURRENCY":"HKD","IS_CNY_CODE":0,"DPS_HKD_LY":0.158,"ORG_TYPE":"一般企业","PREMIUM_INCOME":null,"PREMIUM_INCOME_YOY":null,"NET_INTEREST_INCOME":null,"NET_INTEREST_INCOME_YOY":null,"FEE_COMMISSION_INCOME":null,"FEE_COMMISSION_INCOME_YOY":null,"ACCOUNTS_RECE_TDAYS":1.730550091407,"INVENTORY_TDAYS":null,"CURRENT_ASSETS_TDAYS":0.941386094167,"TOTAL_ASSETS_TDAYS":0.237972530332,"PREMIUM_EXPENSE":null,"LOAN_DEPOSIT":null,"LOAN_EQUITY":null,"LOAN_ASSETS":null,"DEPOSIT_EQUITY":null,"DEPOSIT_ASSETS":null,"EQUITY_MULTIPLIER":1.867665078143,"EQUITY_RATIO":0.867665078144},{"SECUCODE":"01969.HK","SECURITY_CODE":"01969","SECURITY_NAME_ABBR":"中国春来","ORG_CODE":"10916523","STD_REPORT_DATE":"2024-06-30 00:00:00","REPORT_DATE":"2024-02-29 00:00:00","DATE_TYPE_CODE":"002","REPORT_TYPE":"2024年中报","PER_NETCASH_OPERATE":0.471321666667,"PER_OI":0.678258333333,"BPS":2.9976925,"BASIC_EPS":0.32,"DILUTED_EPS":0.31,"OPERATE_INCOME":813910000,"OPERATE_INCOME_YOY":8.7083116293,"GROSS_PROFIT":493706000,"GROSS_PROFIT_YOY":4.815020826876,"HOLDER_PROFIT":384271000,"HOLDER_PROFIT_YOY":16.0336622661,"GROSS_PROFIT_RATIO":60.658549471072,"EPS_TTM":0.614576666667,"OPERATE_INCOME_QOQ":0,"NET_PROFIT_RATIO":47.2129596638,"ROE_AVG":11.182224653676,"GROSS_PROFIT_QOQ":0,"ROA":5.876644166123,"HOLDER_PROFIT_QOQ":0,"ROE_YEARLY":22.364449307351,"ROIC_YEARLY":12.910957813882,"TOTAL_ASSETS":6620103000,"TOTAL_LIABILITIES":3022872000,"TAX_EBT":0.989407669455,"OCF_SALES":69.489992751041,"TOTAL_PARENT_EQUITY":3597231000,"DEBT_ASSET_RATIO":45.662008582,"OPERATE_PROFIT":435405000,"PRETAX_PROFIT":388111000,"NETCASH_OPERATE":565586000,"NETCASH_INVEST":-615278000,"NETCASH_FINANCE":-357109000,"END_CASH":382919000,"DIVI_RATIO":0.382486112392,"DIVIDEND_RATE":6.028037383178,"CURRENT_RATIO":0.565945052789,"COMMON_ACS":50000000000,"CURRENTDEBT_DEBT":81.924937609002,"ISSUED_COMMON_SHARES":1200000000,"HK_COMMON_SHARES":1200000000,"PER_SHARES":1000,"TOTAL_MARKET_CAP":5136000000,"HKSK_MARKET_CAP":5136000000,"PE_TTM":6.02073569948,"PB_TTM":1.206302505495,"REPORT_DATE_SQ":"2023-06-30 00:00:00","REPORT_TYPE_SQ":"2023年中报","OPERATE_INCOME_SQ":748710000,"DPS_HKD":0.258,"OPERATE_INCOME_QOQ_SQ":0,"NET_PROFIT_RATIO_SQ":44.2323463023,"HOLDER_PROFIT_SQ":331172000,"HOLDER_PROFIT_QOQ_SQ":0,"ROE_AVG_SQ":11.963647234031,"PE_TTM_SQ":8.971992758547,"PB_TTM_SQ":1.874544645825,"ROA_SQ":5.601409130595,"START_DATE":"2023-09-01 00:00:00","FISCAL_YEAR":"8-31","CURRENCY":"HKD","IS_CNY_CODE":0,"DPS_HKD_LY":0.158,"ORG_TYPE":"一般企业","PREMIUM_INCOME":null,"PREMIUM_INCOME_YOY":null,"NET_INTEREST_INCOME":null,"NET_INTEREST_INCOME_YOY":null,"FEE_COMMISSION_INCOME":null,"FEE_COMMISSION_INCOME_YOY":null,"ACCOUNTS_RECE_TDAYS":0.96342543902,"INVENTORY_TDAYS":null,"CURRENT_ASSETS_TDAYS":0.568716438351,"TOTAL_ASSETS_TDAYS":0.124470997115,"PREMIUM_EXPENSE":null,"LOAN_DEPOSIT":null,"LOAN_EQUITY":null,"LOAN_ASSETS":null,"DEPOSIT_EQUITY":null,"DEPOSIT_ASSETS":null,"EQUITY_MULTIPLIER":1.840333022815,"EQUITY_RATIO":0.840333022817},{"SECUCODE":"01969.HK","SECURITY_CODE":"01969","SECURITY_NAME_ABBR":"中国春来","ORG_CODE":"10916523","STD_REPORT_DATE":"2023-12-31 00:00:00","REPORT_DATE":"2023-08-31 00:00:00","DATE_TYPE_CODE":"001","REPORT_TYPE":"2023年年报","PER_NETCASH_OPERATE":0.89519,"PER_OI":1.248301666667,"BPS":2.729715833333,"BASIC_EPS":0.57,"DILUTED_EPS":0.56,"OPERATE_INCOME":1497962000,"OPERATE_INCOME_YOY":14.4183801216,"GROSS_PROFIT":890055000,"GROSS_PROFIT_YOY":7.663211576588,"HOLDER_PROFIT":684393000,"HOLDER_PROFIT_YOY":23.9258682505,"GROSS_PROFIT_RATIO":59.417728887649,"EPS_TTM":0.5703275,"OPERATE_INCOME_QOQ":0,"NET_PROFIT_RATIO":45.6882751365,"ROE_AVG":23.233829807061,"GROSS_PROFIT_QOQ":0,"ROA":11.102850041855,"HOLDER_PROFIT_QOQ":0,"ROE_YEARLY":23.233829807061,"ROIC_YEARLY":12.548928072399,"TOTAL_ASSETS":6457803000,"TOTAL_LIABILITIES":3182144000,"TAX_EBT":0.549569513568,"OCF_SALES":71.712633564803,"TOTAL_PARENT_EQUITY":3275659000,"DEBT_ASSET_RATIO":49.2759534473,"OPERATE_PROFIT":812720000,"PRETAX_PROFIT":688175000,"NETCASH_OPERATE":1074228000,"NETCASH_INVEST":-531686000,"NETCASH_FINANCE":-383749000,"END_CASH":789720000,"DIVI_RATIO":0.412161503697,"DIVIDEND_RATE":6.028037383178,"CURRENT_RATIO":0.596660743827,"COMMON_ACS":50000000000,"CURRENTDEBT_DEBT":76.933979103397,"ISSUED_COMMON_SHARES":1200000000,"HK_COMMON_SHARES":1200000000,"PER_SHARES":1000,"TOTAL_MARKET_CAP":5136000000,"HKSK_MARKET_CAP":5136000000,"PE_TTM":6.02073569948,"PB_TTM":1.206302505495,"REPORT_DATE_SQ":"2022-12-31 00:00:00","REPORT_TYPE_SQ":"2022年年报","OPERATE_INCOME_SQ":1309197000,"DPS_HKD":0.258,"OPERATE_INCOME_QOQ_SQ":0,"NET_PROFIT_RATIO_SQ":42.1831091883,"HOLDER_PROFIT_SQ":552260000,"HOLDER_PROFIT_QOQ_SQ":0,"ROE_AVG_SQ":23.625419078897,"PE_TTM_SQ":8.971992758547,"PB_TTM_SQ":1.874544645825,"ROA_SQ":10.110358815584,"START_DATE":"2022-09-01 00:00:00","FISCAL_YEAR":"8-31","CURRENCY":"HKD","IS_CNY_CODE":0,"DPS_HKD_LY":0.1095,"ORG_TYPE":"一般企业","PREMIUM_INCOME":null,"PREMIUM_INCOME_YOY":null,"NET_INTEREST_INCOME":null,"NET_INTEREST_INCOME_YOY":null,"FEE_COMMISSION_INCOME":null,"FEE_COMMISSION_INCOME_YOY":null,"ACCOUNTS_RECE_TDAYS":2.591345068492,"INVENTORY_TDAYS":null,"CURRENT_ASSETS_TDAYS":1.162658317254,"TOTAL_ASSETS_TDAYS":0.243013114605,"PREMIUM_EXPENSE":null,"LOAN_DEPOSIT":null,"LOAN_EQUITY":null,"LOAN_ASSETS":null,"DEPOSIT_EQUITY":null,"DEPOSIT_ASSETS":null,"EQUITY_MULTIPLIER":1.971451546085,"EQUITY_RATIO":0.971451546086},{"SECUCODE":"01969.HK","SECURITY_CODE":"01969","SECURITY_NAME_ABBR":"中国春来","ORG_CODE":"10916523","STD_REPORT_DATE":"2023-06-30 00:00:00","REPORT_DATE":"2023-02-28 00:00:00","DATE_TYPE_CODE":"002","REPORT_TYPE":"2023年中报","PER_NETCASH_OPERATE":0.5533175,"PER_OI":0.623925,"BPS":2.433845833333,"BASIC_EPS":0.28,"DILUTED_EPS":0.27,"OPERATE_INCOME":748710000,"OPERATE_INCOME_YOY":14.2078319869,"GROSS_PROFIT":471026000,"GROSS_PROFIT_YOY":14.898121970675,"HOLDER_PROFIT":331172000,"HOLDER_PROFIT_YOY":32.0225637346,"GROSS_PROFIT_RATIO":62.911674747232,"EPS_TTM":0.527155833333,"OPERATE_INCOME_QOQ":0,"NET_PROFIT_RATIO":44.2323463023,"ROE_AVG":11.963647234031,"GROSS_PROFIT_QOQ":0,"ROA":5.601409130595,"HOLDER_PROFIT_QOQ":0,"ROE_YEARLY":23.927294468061,"ROIC_YEARLY":12.362159783226,"TOTAL_ASSETS":5954159000,"TOTAL_LIABILITIES":3033544000,"TAX_EBT":1.29295699085,"OCF_SALES":88.683335336779,"TOTAL_PARENT_EQUITY":2920615000,"DEBT_ASSET_RATIO":50.9483203253,"OPERATE_PROFIT":396894000,"PRETAX_PROFIT":335510000,"NETCASH_OPERATE":663981000,"NETCASH_INVEST":-327162000,"NETCASH_FINANCE":-489745000,"END_CASH":478001000,"DIVI_RATIO":0.445915657451,"DIVIDEND_RATE":6.028037383178,"CURRENT_RATIO":0.447327645509,"COMMON_ACS":50000000000,"CURRENTDEBT_DEBT":83.716504524081,"ISSUED_COMMON_SHARES":1200000000,"HK_COMMON_SHARES":1200000000,"PER_SHARES":1000,"TOTAL_MARKET_CAP":5136000000,"HKSK_MARKET_CAP":5136000000,"PE_TTM":6.02073569948,"PB_TTM":1.206302505495,"REPORT_DATE_SQ":"2022-06-30 00:00:00","REPORT_TYPE_SQ":"2022年中报","OPERATE_INCOME_SQ":655568000,"DPS_HKD":0.258,"OPERATE_INCOME_QOQ_SQ":0,"NET_PROFIT_RATIO_SQ":38.2637651624,"HOLDER_PROFIT_SQ":250845000,"HOLDER_PROFIT_QOQ_SQ":0,"ROE_AVG_SQ":11.473622606117,"PE_TTM_SQ":8.971992758547,"PB_TTM_SQ":1.874544645825,"ROA_SQ":4.840294591391,"START_DATE":"2022-09-01 00:00:00","FISCAL_YEAR":"8-31","CURRENCY":"HKD","IS_CNY_CODE":0,"DPS_HKD_LY":0.1095,"ORG_TYPE":"一般企业","PREMIUM_INCOME":null,"PREMIUM_INCOME_YOY":null,"NET_INTEREST_INCOME":null,"NET_INTEREST_INCOME_YOY":null,"FEE_COMMISSION_INCOME":null,"FEE_COMMISSION_INCOME_YOY":null,"ACCOUNTS_RECE_TDAYS":1.30990225289,"INVENTORY_TDAYS":null,"CURRENT_ASSETS_TDAYS":0.664900608145,"TOTAL_ASSETS_TDAYS":0.126636038982,"PREMIUM_EXPENSE":null,"LOAN_DEPOSIT":null,"LOAN_EQUITY":null,"LOAN_ASSETS":null,"DEPOSIT_EQUITY":null,"DEPOSIT_ASSETS":null,"EQUITY_MULTIPLIER":2.038666171336,"EQUITY_RATIO":1.038666171337},{"SECUCODE":"01969.HK","SECURITY_CODE":"01969","SECURITY_NAME_ABBR":"中国春来","ORG_CODE":"10916523","STD_REPORT_DATE":"2022-12-31 00:00:00","REPORT_DATE":"2022-08-31 00:00:00","DATE_TYPE_CODE":"001","REPORT_TYPE":"2022年年报","PER_NETCASH_OPERATE":0.966699166667,"PER_OI":1.0909975,"BPS":2.179741666667,"BASIC_EPS":0.46,"DILUTED_EPS":0.45,"OPERATE_INCOME":1309197000,"OPERATE_INCOME_YOY":25.6428269125,"GROSS_PROFIT":826703000,"GROSS_PROFIT_YOY":30.923652165926,"HOLDER_PROFIT":552260000,"HOLDER_PROFIT_YOY":-9.0068789389,"GROSS_PROFIT_RATIO":63.145806169736,"EPS_TTM":0.460216666667,"OPERATE_INCOME_QOQ":0,"NET_PROFIT_RATIO":42.1831091883,"ROE_AVG":23.625419078897,"GROSS_PROFIT_QOQ":0,"ROA":10.110358815584,"HOLDER_PROFIT_QOQ":0,"ROE_YEARLY":23.625419078897,"ROIC_YEARLY":11.163412726384,"TOTAL_ASSETS":5870437000,"TOTAL_LIABILITIES":3254747000,"TAX_EBT":0.574488118664,"OCF_SALES":88.60690942616,"TOTAL_PARENT_EQUITY":2615690000,"DEBT_ASSET_RATIO":55.4430104607,"OPERATE_PROFIT":691248000,"PRETAX_PROFIT":555451000,"NETCASH_OPERATE":1160039000,"NETCASH_INVEST":-814378000,"NETCASH_FINANCE":-114337000,"END_CASH":630927000,"DIVI_RATIO":0.510774722051,"DIVIDEND_RATE":6.028037383178,"CURRENT_RATIO":0.386994036659,"COMMON_ACS":50000000000,"CURRENTDEBT_DEBT":88.607624494316,"ISSUED_COMMON_SHARES":1200000000,"HK_COMMON_SHARES":1200000000,"PER_SHARES":1000,"TOTAL_MARKET_CAP":5136000000,"HKSK_MARKET_CAP":5136000000,"PE_TTM":6.02073569948,"PB_TTM":1.206302505495,"REPORT_DATE_SQ":"2021-12-31 00:00:00","REPORT_TYPE_SQ":"2021年年报","OPERATE_INCOME_SQ":1041999000,"DPS_HKD":0.258,"OPERATE_INCOME_QOQ_SQ":0,"NET_PROFIT_RATIO_SQ":58.2462171269,"HOLDER_PROFIT_SQ":606925000,"HOLDER_PROFIT_QOQ_SQ":0,"ROE_AVG_SQ":34.672582109765,"PE_TTM_SQ":8.971992758547,"PB_TTM_SQ":1.874544645825,"ROA_SQ":13.781662855237,"START_DATE":"2021-09-01 00:00:00","FISCAL_YEAR":"8-31","CURRENCY":"HKD","IS_CNY_CODE":0,"DPS_HKD_LY":null,"ORG_TYPE":"一般企业","PREMIUM_INCOME":null,"PREMIUM_INCOME_YOY":null,"NET_INTEREST_INCOME":null,"NET_INTEREST_INCOME_YOY":null,"FEE_COMMISSION_INCOME":null,"FEE_COMMISSION_INCOME_YOY":null,"ACCOUNTS_RECE_TDAYS":4.048390937174,"INVENTORY_TDAYS":null,"CURRENT_ASSETS_TDAYS":1.561059977893,"TOTAL_ASSETS_TDAYS":0.239677895018,"PREMIUM_EXPENSE":null,"LOAN_DEPOSIT":null,"LOAN_EQUITY":null,"LOAN_ASSETS":null,"DEPOSIT_EQUITY":null,"DEPOSIT_ASSETS":null,"EQUITY_MULTIPLIER":2.24431679595,"EQUITY_RATIO":1.244316795951},{"SECUCODE":"01969.HK","SECURITY_CODE":"01969","SECURITY_NAME_ABBR":"中国春来","ORG_CODE":"10916523","STD_REPORT_DATE":"2022-06-30 00:00:00","REPORT_DATE":"2022-02-28 00:00:00","DATE_TYPE_CODE":"002","REPORT_TYPE":"2022年中报","PER_NETCASH_OPERATE":0.662155833333,"PER_OI":0.546306666667,"BPS":1.927589166667,"BASIC_EPS":0.21,"DILUTED_EPS":0.21,"OPERATE_INCOME":655568000,"OPERATE_INCOME_YOY":30.7934177134,"GROSS_PROFIT":409951000,"GROSS_PROFIT_YOY":33.40720419925,"HOLDER_PROFIT":250845000,"HOLDER_PROFIT_YOY":52.4411736108,"GROSS_PROFIT_RATIO":62.533711224465,"EPS_TTM":0.577681666667,"OPERATE_INCOME_QOQ":0,"NET_PROFIT_RATIO":38.2637651624,"ROE_AVG":11.473622606117,"GROSS_PROFIT_QOQ":0,"ROA":4.840294591391,"HOLDER_PROFIT_QOQ":0,"ROE_YEARLY":22.947245212234,"ROIC_YEARLY":10.318722633089,"TOTAL_ASSETS":5310665000,"TOTAL_LIABILITIES":2997558000,"TAX_EBT":0.467812589277,"OCF_SALES":121.205885583189,"TOTAL_PARENT_EQUITY":2313107000,"DEBT_ASSET_RATIO":56.4441176388,"OPERATE_PROFIT":318514000,"PRETAX_PROFIT":252024000,"NETCASH_OPERATE":794587000,"NETCASH_INVEST":-627349000,"NETCASH_FINANCE":-325457000,"END_CASH":241384000,"DIVI_RATIO":0.40691448866,"DIVIDEND_RATE":6.028037383178,"CURRENT_RATIO":0.164153613509,"COMMON_ACS":50000000000,"CURRENTDEBT_DEBT":81.140515045914,"ISSUED_COMMON_SHARES":1200000000,"HK_COMMON_SHARES":1200000000,"PER_SHARES":1000,"TOTAL_MARKET_CAP":5136000000,"HKSK_MARKET_CAP":5136000000,"PE_TTM":6.02073569948,"PB_TTM":1.206302505495,"REPORT_DATE_SQ":"2021-06-30 00:00:00","REPORT_TYPE_SQ":"2021年中报","OPERATE_INCOME_SQ":501224000,"DPS_HKD":0.258,"OPERATE_INCOME_QOQ_SQ":0,"NET_PROFIT_RATIO_SQ":32.8300320815,"HOLDER_PROFIT_SQ":164552000,"HOLDER_PROFIT_QOQ_SQ":0,"ROE_AVG_SQ":10.779504974201,"PE_TTM_SQ":8.971992758547,"PB_TTM_SQ":1.874544645825,"ROA_SQ":4.136418973049,"START_DATE":"2021-09-01 00:00:00","FISCAL_YEAR":"8-31","CURRENCY":"HKD","IS_CNY_CODE":0,"DPS_HKD_LY":null,"ORG_TYPE":"一般企业","PREMIUM_INCOME":null,"PREMIUM_INCOME_YOY":null,"NET_INTEREST_INCOME":null,"NET_INTEREST_INCOME_YOY":null,"FEE_COMMISSION_INCOME":null,"FEE_COMMISSION_INCOME_YOY":null,"ACCOUNTS_RECE_TDAYS":4.103660674045,"INVENTORY_TDAYS":null,"CURRENT_ASSETS_TDAYS":1.365048594229,"TOTAL_ASSETS_TDAYS":0.126498126121,"PREMIUM_EXPENSE":null,"LOAN_DEPOSIT":null,"LOAN_EQUITY":null,"LOAN_ASSETS":null,"DEPOSIT_EQUITY":null,"DEPOSIT_ASSETS":null,"EQUITY_MULTIPLIER":2.295901140763,"EQUITY_RATIO":1.29590114076},{"SECUCODE":"01969.HK","SECURITY_CODE":"01969","SECURITY_NAME_ABBR":"中国春来","ORG_CODE":"10916523","STD_REPORT_DATE":"2021-12-31 00:00:00","REPORT_DATE":"2021-08-31 00:00:00","DATE_TYPE_CODE":"001","REPORT_TYPE":"2021年年报","PER_NETCASH_OPERATE":0.617998333333,"PER_OI":0.8683325,"BPS":1.716203333333,"BASIC_EPS":0.51,"DILUTED_EPS":0.5,"OPERATE_INCOME":1041999000,"OPERATE_INCOME_YOY":48.3287377953,"GROSS_PROFIT":631439000,"GROSS_PROFIT_YOY":70.854517461855,"HOLDER_PROFIT":606925000,"HOLDER_PROFIT_YOY":329.4321172841,"GROSS_PROFIT_RATIO":60.59881055548,"EPS_TTM":0.505770833333,"OPERATE_INCOME_QOQ":0,"NET_PROFIT_RATIO":58.2462171269,"ROE_AVG":34.672582109765,"GROSS_PROFIT_QOQ":0,"ROA":13.781662855237,"HOLDER_PROFIT_QOQ":0,"ROE_YEARLY":34.672582109765,"ROIC_YEARLY":14.79564374123,"TOTAL_ASSETS":5054200000,"TOTAL_LIABILITIES":2994756000,"TAX_EBT":0.496105424862,"OCF_SALES":71.17070169933,"TOTAL_PARENT_EQUITY":2059444000,"DEBT_ASSET_RATIO":59.2528194373,"OPERATE_PROFIT":705413000,"PRETAX_PROFIT":609951000,"NETCASH_OPERATE":741598000,"NETCASH_INVEST":-897976000,"NETCASH_FINANCE":351970000,"END_CASH":399603000,"DIVI_RATIO":0.464769861185,"DIVIDEND_RATE":6.028037383178,"CURRENT_RATIO":0.253359612245,"COMMON_ACS":50000000000,"CURRENTDEBT_DEBT":73.969665642209,"ISSUED_COMMON_SHARES":1200000000,"HK_COMMON_SHARES":1200000000,"PER_SHARES":1000,"TOTAL_MARKET_CAP":5136000000,"HKSK_MARKET_CAP":5136000000,"PE_TTM":6.02073569948,"PB_TTM":1.206302505495,"REPORT_DATE_SQ":"2020-12-31 00:00:00","REPORT_TYPE_SQ":"2020年年报","OPERATE_INCOME_SQ":702493000,"DPS_HKD":0.258,"OPERATE_INCOME_QOQ_SQ":0,"NET_PROFIT_RATIO_SQ":20.1186346341,"HOLDER_PROFIT_SQ":141332000,"HOLDER_PROFIT_QOQ_SQ":0,"ROE_AVG_SQ":10.358500329081,"PE_TTM_SQ":8.971992758547,"PB_TTM_SQ":1.874544645825,"ROA_SQ":3.922292364696,"START_DATE":"2020-09-01 00:00:00","FISCAL_YEAR":"8-31","CURRENCY":"HKD","IS_CNY_CODE":0,"DPS_HKD_LY":null,"ORG_TYPE":"一般企业","PREMIUM_INCOME":null,"PREMIUM_INCOME_YOY":null,"NET_INTEREST_INCOME":null,"NET_INTEREST_INCOME_YOY":null,"FEE_COMMISSION_INCOME":null,"FEE_COMMISSION_INCOME_YOY":null,"ACCOUNTS_RECE_TDAYS":5.402653628388,"INVENTORY_TDAYS":null,"CURRENT_ASSETS_TDAYS":2.106401688357,"TOTAL_ASSETS_TDAYS":0.236610436438,"PREMIUM_EXPENSE":null,"LOAN_DEPOSIT":null,"LOAN_EQUITY":null,"LOAN_ASSETS":null,"DEPOSIT_EQUITY":null,"DEPOSIT_ASSETS":null,"EQUITY_MULTIPLIER":2.454157529896,"EQUITY_RATIO":1.454157529896},{"SECUCODE":"01969.HK","SECURITY_CODE":"01969","SECURITY_NAME_ABBR":"中国春来","ORG_CODE":"10916523","STD_REPORT_DATE":"2021-06-30 00:00:00","REPORT_DATE":"2021-02-28 00:00:00","DATE_TYPE_CODE":"002","REPORT_TYPE":"2021年中报","PER_NETCASH_OPERATE":0.5829775,"PER_OI":0.417686666667,"BPS":1.343003333333,"BASIC_EPS":0.14,"DILUTED_EPS":0.14,"OPERATE_INCOME":501224000,"OPERATE_INCOME_YOY":42.8570614239,"GROSS_PROFIT":307293000,"GROSS_PROFIT_YOY":80.129076883397,"HOLDER_PROFIT":164552000,"HOLDER_PROFIT_YOY":128.0503353844,"GROSS_PROFIT_RATIO":61.308516750994,"EPS_TTM":0.194773333333,"OPERATE_INCOME_QOQ":0,"NET_PROFIT_RATIO":32.8300320815,"ROE_AVG":10.779504974201,"GROSS_PROFIT_QOQ":0,"ROA":4.136418973049,"HOLDER_PROFIT_QOQ":0,"ROE_YEARLY":21.559009948403,"ROIC_YEARLY":8.649979584351,"TOTAL_ASSETS":4202736000,"TOTAL_LIABILITIES":2591132000,"TAX_EBT":2.745320543508,"OCF_SALES":139.572925478429,"TOTAL_PARENT_EQUITY":1611604000,"DEBT_ASSET_RATIO":61.6534562247,"OPERATE_PROFIT":213094000,"PRETAX_PROFIT":169197000,"NETCASH_OPERATE":699573000,"NETCASH_INVEST":-647628000,"NETCASH_FINANCE":-113072000,"END_CASH":142884000,"DIVI_RATIO":1.206874863089,"DIVIDEND_RATE":6.028037383178,"CURRENT_RATIO":0.232339383274,"COMMON_ACS":50000000000,"CURRENTDEBT_DEBT":82.281875257609,"ISSUED_COMMON_SHARES":1200000000,"HK_COMMON_SHARES":1200000000,"PER_SHARES":1000,"TOTAL_MARKET_CAP":5136000000,"HKSK_MARKET_CAP":5136000000,"PE_TTM":6.02073569948,"PB_TTM":1.206302505495,"REPORT_DATE_SQ":"2020-06-30 00:00:00","REPORT_TYPE_SQ":"2020年中报","OPERATE_INCOME_SQ":350857000,"DPS_HKD":0.258,"OPERATE_INCOME_QOQ_SQ":0,"NET_PROFIT_RATIO_SQ":20.5656435528,"HOLDER_PROFIT_SQ":72156000,"HOLDER_PROFIT_QOQ_SQ":0,"ROE_AVG_SQ":5.433832679734,"PE_TTM_SQ":8.971992758547,"PB_TTM_SQ":1.874544645825,"ROA_SQ":2.120930921601,"START_DATE":"2020-09-01 00:00:00","FISCAL_YEAR":"8-31","CURRENCY":"HKD","IS_CNY_CODE":0,"DPS_HKD_LY":null,"ORG_TYPE":"一般企业","PREMIUM_INCOME":null,"PREMIUM_INCOME_YOY":null,"NET_INTEREST_INCOME":null,"NET_INTEREST_INCOME_YOY":null,"FEE_COMMISSION_INCOME":null,"FEE_COMMISSION_INCOME_YOY":null,"ACCOUNTS_RECE_TDAYS":1.738655658946,"INVENTORY_TDAYS":null,"CURRENT_ASSETS_TDAYS":1.08551837951,"TOTAL_ASSETS_TDAYS":0.125994972006,"PREMIUM_EXPENSE":null,"LOAN_DEPOSIT":null,"LOAN_EQUITY":null,"LOAN_ASSETS":null,"DEPOSIT_EQUITY":null,"DEPOSIT_ASSETS":null,"EQUITY_MULTIPLIER":2.607796952601,"EQUITY_RATIO":1.607796952601},{"SECUCODE":"01969.HK","SECURITY_CODE":"01969","SECURITY_NAME_ABBR":"中国春来","ORG_CODE":"10916523","STD_REPORT_DATE":"2020-12-31 00:00:00","REPORT_DATE":"2020-08-31 00:00:00","DATE_TYPE_CODE":"001","REPORT_TYPE":"2020年年报","PER_NETCASH_OPERATE":0.007489166667,"PER_OI":0.585410833333,"BPS":1.2012075,"BASIC_EPS":0.12,"DILUTED_EPS":0.12,"OPERATE_INCOME":702493000,"OPERATE_INCOME_YOY":25.5842182416,"GROSS_PROFIT":369577000,"GROSS_PROFIT_YOY":25.856291503491,"HOLDER_PROFIT":141332000,"HOLDER_PROFIT_YOY":-14.2059319873,"GROSS_PROFIT_RATIO":52.609349844055,"EPS_TTM":0.117776666667,"OPERATE_INCOME_QOQ":0,"NET_PROFIT_RATIO":20.1186346341,"ROE_AVG":10.358500329081,"GROSS_PROFIT_QOQ":0,"ROA":3.922292364696,"HOLDER_PROFIT_QOQ":0,"ROE_YEARLY":10.358500329081,"ROIC_YEARLY":4.329379877874,"TOTAL_ASSETS":3753518000,"TOTAL_LIABILITIES":2312069000,"TAX_EBT":4.637495361155,"OCF_SALES":1.279301003711,"TOTAL_PARENT_EQUITY":1441449000,"DEBT_ASSET_RATIO":61.5973867716,"OPERATE_PROFIT":240533000,"PRETAX_PROFIT":148205000,"NETCASH_OPERATE":8987000,"NETCASH_INVEST":-448158000,"NETCASH_FINANCE":169563000,"END_CASH":204011000,"DIVI_RATIO":1.995871055387,"DIVIDEND_RATE":6.028037383178,"CURRENT_RATIO":0.236468561461,"COMMON_ACS":50000000000,"CURRENTDEBT_DEBT":78.305145737433,"ISSUED_COMMON_SHARES":1200000000,"HK_COMMON_SHARES":1200000000,"PER_SHARES":1000,"TOTAL_MARKET_CAP":5136000000,"HKSK_MARKET_CAP":5136000000,"PE_TTM":6.02073569948,"PB_TTM":1.206302505495,"REPORT_DATE_SQ":"2019-12-31 00:00:00","REPORT_TYPE_SQ":"2019年年报","OPERATE_INCOME_SQ":559380000,"DPS_HKD":0.258,"OPERATE_INCOME_QOQ_SQ":0,"NET_PROFIT_RATIO_SQ":29.4493903965,"HOLDER_PROFIT_SQ":164734000,"HOLDER_PROFIT_QOQ_SQ":0,"ROE_AVG_SQ":17.504437633255,"PE_TTM_SQ":8.971992758547,"PB_TTM_SQ":1.874544645825,"ROA_SQ":5.959738643244,"START_DATE":"2019-09-01 00:00:00","FISCAL_YEAR":"8-31","CURRENCY":"HKD","IS_CNY_CODE":0,"DPS_HKD_LY":null,"ORG_TYPE":"一般企业","PREMIUM_INCOME":null,"PREMIUM_INCOME_YOY":null,"NET_INTEREST_INCOME":null,"NET_INTEREST_INCOME_YOY":null,"FEE_COMMISSION_INCOME":null,"FEE_COMMISSION_INCOME_YOY":null,"ACCOUNTS_RECE_TDAYS":2.292136994481,"INVENTORY_TDAYS":null,"CURRENT_ASSETS_TDAYS":0.997259461105,"TOTAL_ASSETS_TDAYS":0.194958178626,"PREMIUM_EXPENSE":null,"LOAN_DEPOSIT":null,"LOAN_EQUITY":null,"LOAN_ASSETS":null,"DEPOSIT_EQUITY":null,"DEPOSIT_ASSETS":null,"EQUITY_MULTIPLIER":2.603989457833,"EQUITY_RATIO":1.60398945783}],"count":18},"success":true,"message":"ok","code":0}