{"version":"dfc1d592bc46c2932e4396f8b04955e7","result":{"pages":2,"data":[{"SECUCODE":"01968.HK","SECURITY_CODE":"01968","SECURITY_NAME_ABBR":"兴纺控股","ORG_CODE":"10920801","STD_REPORT_DATE":"2024-06-30 00:00:00","REPORT_DATE":"2024-06-30 00:00:00","DATE_TYPE_CODE":"002","REPORT_TYPE":"2024年中报","PER_NETCASH_OPERATE":0.001019634688,"PER_OI":0.157059393438,"BPS":0.368677086,"BASIC_EPS":-0.024459824,"DILUTED_EPS":-0.024459824,"OPERATE_INCOME":100518011.8,"OPERATE_INCOME_YOY":18.9992544651,"GROSS_PROFIT":14815534.44,"GROSS_PROFIT_YOY":30.041741076781,"HOLDER_PROFIT":-15646985.92,"HOLDER_PROFIT_YOY":11.8968086746,"GROSS_PROFIT_RATIO":14.73918372906,"EPS_TTM":-0.049939520469,"OPERATE_INCOME_QOQ":10.289255891214,"NET_PROFIT_RATIO":-15.5663503882,"ROE_AVG":-6.418569824036,"GROSS_PROFIT_QOQ":17.408700289249,"ROA":-5.009986951941,"HOLDER_PROFIT_QOQ":6.696292898264,"ROE_YEARLY":-12.837139648072,"ROIC_YEARLY":-12.121190696293,"TOTAL_ASSETS":311415542.8,"TOTAL_LIABILITIES":75462207.76,"TAX_EBT":-0.274902029596,"OCF_SALES":0.649203250556,"TOTAL_PARENT_EQUITY":235953335.04,"DEBT_ASSET_RATIO":24.2319978899,"OPERATE_PROFIT":-14630260.4,"PRETAX_PROFIT":-15604089.96,"NETCASH_OPERATE":652566.2,"NETCASH_INVEST":495585.24,"NETCASH_FINANCE":-3658021.44,"END_CASH":52844172,"DIVI_RATIO":null,"DIVIDEND_RATE":null,"CURRENT_RATIO":2.657236904232,"COMMON_ACS":1000000000,"CURRENTDEBT_DEBT":89.653128855132,"ISSUED_COMMON_SHARES":640000000,"HK_COMMON_SHARES":640000000,"PER_SHARES":4000,"TOTAL_MARKET_CAP":60160000,"HKSK_MARKET_CAP":60160000,"PE_TTM":-1.695364238411,"PB_TTM":0.232702067088,"REPORT_DATE_SQ":"2023-06-30 00:00:00","REPORT_TYPE_SQ":"2023年中报","OPERATE_INCOME_SQ":85330170.98,"DPS_HKD":null,"OPERATE_INCOME_QOQ_SQ":-16.815284161662,"NET_PROFIT_RATIO_SQ":-21.0251645039,"HOLDER_PROFIT_SQ":-17940808.82,"HOLDER_PROFIT_QOQ_SQ":7.224558785178,"ROE_AVG_SQ":-6.406413327078,"PE_TTM_SQ":-2.277936962751,"PB_TTM_SQ":0.346107144922,"ROA_SQ":-5.064058689887,"START_DATE":"2024-01-01 00:00:00","FISCAL_YEAR":"12-31","CURRENCY":"HKD","IS_CNY_CODE":0,"DPS_HKD_LY":null,"ORG_TYPE":"一般企业","PREMIUM_INCOME":null,"PREMIUM_INCOME_YOY":null,"NET_INTEREST_INCOME":null,"NET_INTEREST_INCOME_YOY":null,"FEE_COMMISSION_INCOME":null,"FEE_COMMISSION_INCOME_YOY":null,"ACCOUNTS_RECE_TDAYS":2.111261274214,"INVENTORY_TDAYS":1.14948494623,"CURRENT_ASSETS_TDAYS":0.56831551354,"TOTAL_ASSETS_TDAYS":0.321847242739,"PREMIUM_EXPENSE":null,"LOAN_DEPOSIT":null,"LOAN_EQUITY":null,"LOAN_ASSETS":null,"DEPOSIT_EQUITY":null,"DEPOSIT_ASSETS":null,"EQUITY_MULTIPLIER":1.319818356233,"EQUITY_RATIO":0.319818356232},{"SECUCODE":"01968.HK","SECURITY_CODE":"01968","SECURITY_NAME_ABBR":"兴纺控股","ORG_CODE":"10920801","STD_REPORT_DATE":"2023-12-31 00:00:00","REPORT_DATE":"2023-12-31 00:00:00","DATE_TYPE_CODE":"001","REPORT_TYPE":"2023年年报","PER_NETCASH_OPERATE":-0.020463580375,"PER_OI":0.230638653875,"BPS":0.39034293725,"BASIC_EPS":-0.053557602,"DILUTED_EPS":null,"OPERATE_INCOME":147608738.48,"OPERATE_INCOME_YOY":-33.5644598166,"GROSS_PROFIT":19660442.9,"GROSS_PROFIT_YOY":16.526465726839,"HOLDER_PROFIT":-34255116,"HOLDER_PROFIT_YOY":24.3425003002,"GROSS_PROFIT_RATIO":13.319294712802,"EPS_TTM":-0.05352361875,"OPERATE_INCOME_QOQ":-18.977091855162,"NET_PROFIT_RATIO":-23.2066992461,"ROE_AVG":-12.832176853197,"GROSS_PROFIT_QOQ":10.372195266825,"ROA":-10.249457700651,"HOLDER_PROFIT_QOQ":17.268699672504,"ROE_YEARLY":-12.832176853197,"ROIC_YEARLY":-12.766668861993,"TOTAL_ASSETS":310999298.26,"TOTAL_LIABILITIES":61179818.42,"TAX_EBT":12.63751502265,"OCF_SALES":-8.872571891653,"TOTAL_PARENT_EQUITY":249819479.84,"DEBT_ASSET_RATIO":19.6720117255,"OPERATE_PROFIT":-37381575,"PRETAX_PROFIT":-39210326.96,"NETCASH_OPERATE":-13096691.44,"NETCASH_INVEST":402361.68,"NETCASH_FINANCE":-9012357.9,"END_CASH":55043802.8,"DIVI_RATIO":null,"DIVIDEND_RATE":null,"CURRENT_RATIO":3.253691343905,"COMMON_ACS":1000000000,"CURRENTDEBT_DEBT":86.775488438921,"ISSUED_COMMON_SHARES":640000000,"HK_COMMON_SHARES":640000000,"PER_SHARES":4000,"TOTAL_MARKET_CAP":73600000,"HKSK_MARKET_CAP":73600000,"PE_TTM":-2.074115823587,"PB_TTM":0.284688699096,"REPORT_DATE_SQ":"2022-12-31 00:00:00","REPORT_TYPE_SQ":"2022年年报","OPERATE_INCOME_SQ":219008365.52,"DPS_HKD":null,"OPERATE_INCOME_QOQ_SQ":-19.891384498253,"NET_PROFIT_RATIO_SQ":-20.3780141613,"HOLDER_PROFIT_SQ":-44629555.74,"HOLDER_PROFIT_QOQ_SQ":-54.112808453473,"ROE_AVG_SQ":-14.761872401781,"PE_TTM_SQ":-1.461318051576,"PB_TTM_SQ":0.222030998629,"ROA_SQ":-11.12208087673,"START_DATE":"2023-01-01 00:00:00","FISCAL_YEAR":"12-31","CURRENCY":"HKD","IS_CNY_CODE":0,"DPS_HKD_LY":null,"ORG_TYPE":"一般企业","PREMIUM_INCOME":null,"PREMIUM_INCOME_YOY":null,"NET_INTEREST_INCOME":null,"NET_INTEREST_INCOME_YOY":null,"FEE_COMMISSION_INCOME":null,"FEE_COMMISSION_INCOME_YOY":null,"ACCOUNTS_RECE_TDAYS":3.532547522745,"INVENTORY_TDAYS":1.546463230301,"CURRENT_ASSETS_TDAYS":0.772914491791,"TOTAL_ASSETS_TDAYS":0.441659436009,"PREMIUM_EXPENSE":null,"LOAN_DEPOSIT":null,"LOAN_EQUITY":null,"LOAN_ASSETS":null,"DEPOSIT_EQUITY":null,"DEPOSIT_ASSETS":null,"EQUITY_MULTIPLIER":1.244896108418,"EQUITY_RATIO":0.244896108419},{"SECUCODE":"01968.HK","SECURITY_CODE":"01968","SECURITY_NAME_ABBR":"兴纺控股","ORG_CODE":"10920801","STD_REPORT_DATE":"2023-06-30 00:00:00","REPORT_DATE":"2023-06-30 00:00:00","DATE_TYPE_CODE":"002","REPORT_TYPE":"2023年中报","PER_NETCASH_OPERATE":0.007182800438,"PER_OI":0.133328392156,"BPS":0.423553290219,"BASIC_EPS":-0.028028192,"DILUTED_EPS":-0.028028192,"OPERATE_INCOME":85330170.98,"OPERATE_INCOME_YOY":-35.2074319878,"GROSS_PROFIT":11392906.86,"GROSS_PROFIT_YOY":9.000792027871,"HOLDER_PROFIT":-17940808.82,"HOLDER_PROFIT_YOY":21.374600994,"GROSS_PROFIT_RATIO":13.351557519638,"EPS_TTM":-0.064695730078,"OPERATE_INCOME_QOQ":-16.815284161662,"NET_PROFIT_RATIO":-21.0251645039,"ROE_AVG":-6.406413327078,"GROSS_PROFIT_QOQ":5.575924665751,"ROA":-5.064058689887,"HOLDER_PROFIT_QOQ":7.224558785178,"ROE_YEARLY":-12.812826654156,"ROIC_YEARLY":-12.924265293144,"TOTAL_ASSETS":344909952.06,"TOTAL_LIABILITIES":73835846.32,"TAX_EBT":14.951923076923,"OCF_SALES":5.387299975149,"TOTAL_PARENT_EQUITY":271074105.74,"DEBT_ASSET_RATIO":21.4072820686,"OPERATE_PROFIT":-20093632.12,"PRETAX_PROFIT":-21094902.4,"NETCASH_OPERATE":4596992.28,"NETCASH_INVEST":-11063.76,"NETCASH_FINANCE":-7225557.26,"END_CASH":75209596.52,"DIVI_RATIO":null,"DIVIDEND_RATE":null,"CURRENT_RATIO":3.001776795333,"COMMON_ACS":1000000000,"CURRENTDEBT_DEBT":89.25253483842,"ISSUED_COMMON_SHARES":640000000,"HK_COMMON_SHARES":640000000,"PER_SHARES":4000,"TOTAL_MARKET_CAP":73600000,"HKSK_MARKET_CAP":73600000,"PE_TTM":-2.074115823587,"PB_TTM":0.284688699096,"REPORT_DATE_SQ":"2022-06-30 00:00:00","REPORT_TYPE_SQ":"2022年中报","OPERATE_INCOME_SQ":122157049.98,"DPS_HKD":null,"OPERATE_INCOME_QOQ_SQ":-7.88397974567,"NET_PROFIT_RATIO_SQ":-17.3261365705,"HOLDER_PROFIT_SQ":-21165097.31,"HOLDER_PROFIT_QOQ_SQ":-197.468232170982,"ROE_AVG_SQ":-7.049802099074,"PE_TTM_SQ":-1.461318051576,"PB_TTM_SQ":0.222030998629,"ROA_SQ":-5.142120446832,"START_DATE":"2023-01-01 00:00:00","FISCAL_YEAR":"12-31","CURRENCY":"HKD","IS_CNY_CODE":0,"DPS_HKD_LY":null,"ORG_TYPE":"一般企业","PREMIUM_INCOME":null,"PREMIUM_INCOME_YOY":null,"NET_INTEREST_INCOME":null,"NET_INTEREST_INCOME_YOY":null,"FEE_COMMISSION_INCOME":null,"FEE_COMMISSION_INCOME_YOY":null,"ACCOUNTS_RECE_TDAYS":1.88883446601,"INVENTORY_TDAYS":0.891391096538,"CURRENT_ASSETS_TDAYS":0.415560798964,"TOTAL_ASSETS_TDAYS":0.240857030581,"PREMIUM_EXPENSE":null,"LOAN_DEPOSIT":null,"LOAN_EQUITY":null,"LOAN_ASSETS":null,"DEPOSIT_EQUITY":null,"DEPOSIT_ASSETS":null,"EQUITY_MULTIPLIER":1.272382513699,"EQUITY_RATIO":0.272382513698},{"SECUCODE":"01968.HK","SECURITY_CODE":"01968","SECURITY_NAME_ABBR":"兴纺控股","ORG_CODE":"10920801","STD_REPORT_DATE":"2022-12-31 00:00:00","REPORT_DATE":"2022-12-31 00:00:00","DATE_TYPE_CODE":"001","REPORT_TYPE":"2022年年报","PER_NETCASH_OPERATE":0.011403149844,"PER_OI":0.342200571125,"BPS":0.437523646,"BASIC_EPS":-0.069764387,"DILUTED_EPS":null,"OPERATE_INCOME":219008365.52,"OPERATE_INCOME_YOY":-32.4582161383,"GROSS_PROFIT":16872083.76,"GROSS_PROFIT_YOY":-68.427003864791,"HOLDER_PROFIT":-44629555.74,"HOLDER_PROFIT_YOY":-319.60191484,"GROSS_PROFIT_RATIO":7.70385355826,"EPS_TTM":-0.069733680844,"OPERATE_INCOME_QOQ":-19.891384498253,"NET_PROFIT_RATIO":-20.3780141613,"ROE_AVG":-14.761872401781,"GROSS_PROFIT_QOQ":-51.001679296425,"ROA":-11.12208087673,"HOLDER_PROFIT_QOQ":-54.112808453473,"ROE_YEARLY":-14.761872401781,"ROIC_YEARLY":-14.40098923572,"TOTAL_ASSETS":352320873.59,"TOTAL_LIABILITIES":72305740.15,"TAX_EBT":9.273820116581,"OCF_SALES":3.332300061996,"TOTAL_PARENT_EQUITY":280015133.44,"DEBT_ASSET_RATIO":20.5226955228,"OPERATE_PROFIT":-46282998.51,"PRETAX_PROFIT":-49191485.63,"NETCASH_OPERATE":7298015.9,"NETCASH_INVEST":-16963197.3,"NETCASH_FINANCE":-21754697.58,"END_CASH":75653716.11,"DIVI_RATIO":null,"DIVIDEND_RATE":null,"CURRENT_RATIO":3.374439101393,"COMMON_ACS":1000000000,"CURRENTDEBT_DEBT":84.522824139848,"ISSUED_COMMON_SHARES":640000000,"HK_COMMON_SHARES":640000000,"PER_SHARES":4000,"TOTAL_MARKET_CAP":73600000,"HKSK_MARKET_CAP":73600000,"PE_TTM":-2.074115823587,"PB_TTM":0.284688699096,"REPORT_DATE_SQ":"2021-12-31 00:00:00","REPORT_TYPE_SQ":"2021年年报","OPERATE_INCOME_SQ":296787982.4,"DPS_HKD":null,"OPERATE_INCOME_QOQ_SQ":15.331196458896,"NET_PROFIT_RATIO_SQ":-3.2801743255,"HOLDER_PROFIT_SQ":-9735163.2,"HOLDER_PROFIT_QOQ_SQ":21.932656297633,"ROE_AVG_SQ":-3.223444215086,"PE_TTM_SQ":-1.461318051576,"PB_TTM_SQ":0.222030998629,"ROA_SQ":-2.328578524745,"START_DATE":"2022-01-01 00:00:00","FISCAL_YEAR":"12-31","CURRENCY":"HKD","IS_CNY_CODE":0,"DPS_HKD_LY":null,"ORG_TYPE":"一般企业","PREMIUM_INCOME":null,"PREMIUM_INCOME_YOY":null,"NET_INTEREST_INCOME":null,"NET_INTEREST_INCOME_YOY":null,"FEE_COMMISSION_INCOME":null,"FEE_COMMISSION_INCOME_YOY":null,"ACCOUNTS_RECE_TDAYS":3.984139881049,"INVENTORY_TDAYS":1.754571781919,"CURRENT_ASSETS_TDAYS":0.835062431455,"TOTAL_ASSETS_TDAYS":0.545788259284,"PREMIUM_EXPENSE":null,"LOAN_DEPOSIT":null,"LOAN_EQUITY":null,"LOAN_ASSETS":null,"DEPOSIT_EQUITY":null,"DEPOSIT_ASSETS":null,"EQUITY_MULTIPLIER":1.258220829931,"EQUITY_RATIO":0.258220829931},{"SECUCODE":"01968.HK","SECURITY_CODE":"01968","SECURITY_NAME_ABBR":"兴纺控股","ORG_CODE":"10920801","STD_REPORT_DATE":"2022-06-30 00:00:00","REPORT_DATE":"2022-06-30 00:00:00","DATE_TYPE_CODE":"002","REPORT_TYPE":"2022年中报","PER_NETCASH_OPERATE":-0.009738476125,"PER_OI":0.190870390594,"BPS":0.452562539297,"BASIC_EPS":-0.033095853,"DILUTED_EPS":null,"OPERATE_INCOME":122157049.98,"OPERATE_INCOME_YOY":-18.3433373349,"GROSS_PROFIT":10452132.18,"GROSS_PROFIT_YOY":-64.516677386623,"HOLDER_PROFIT":-21165097.31,"HOLDER_PROFIT_YOY":-960.8229747107,"GROSS_PROFIT_RATIO":8.556306968539,"EPS_TTM":-0.045248465422,"OPERATE_INCOME_QOQ":-7.88397974567,"NET_PROFIT_RATIO":-17.3261365705,"ROE_AVG":-7.049802099074,"GROSS_PROFIT_QOQ":-35.563105670057,"ROA":-5.142120446832,"HOLDER_PROFIT_QOQ":-197.468232170982,"ROE_YEARLY":-14.099604198149,"ROIC_YEARLY":-13.309831791885,"TOTAL_ASSETS":392179016.53,"TOTAL_LIABILITIES":102538991.38,"TAX_EBT":11.92213246023,"OCF_SALES":-5.102140826928,"TOTAL_PARENT_EQUITY":289640025.15,"DEBT_ASSET_RATIO":26.14596576,"OPERATE_PROFIT":-22370060.02,"PRETAX_PROFIT":-24029983.81,"NETCASH_OPERATE":-6232624.72,"NETCASH_INVEST":-8758855.98,"NETCASH_FINANCE":-2645957.86,"END_CASH":84621905.69,"DIVI_RATIO":null,"DIVIDEND_RATE":null,"CURRENT_RATIO":2.770681418154,"COMMON_ACS":1000000000,"CURRENTDEBT_DEBT":92.872512551917,"ISSUED_COMMON_SHARES":640000000,"HK_COMMON_SHARES":640000000,"PER_SHARES":4000,"TOTAL_MARKET_CAP":73600000,"HKSK_MARKET_CAP":73600000,"PE_TTM":-2.074115823587,"PB_TTM":0.284688699096,"REPORT_DATE_SQ":"2021-06-30 00:00:00","REPORT_TYPE_SQ":"2021年中报","OPERATE_INCOME_SQ":145555754.4,"DPS_HKD":null,"OPERATE_INCOME_QOQ_SQ":19.695862969838,"NET_PROFIT_RATIO_SQ":-1.3336763277,"HOLDER_PROFIT_SQ":-1941242.64,"HOLDER_PROFIT_QOQ_SQ":63.890225175594,"ROE_AVG_SQ":-0.623505877605,"PE_TTM_SQ":-1.461318051576,"PB_TTM_SQ":0.222030998629,"ROA_SQ":-0.433137929274,"START_DATE":"2022-01-01 00:00:00","FISCAL_YEAR":"12-31","CURRENCY":"HKD","IS_CNY_CODE":0,"DPS_HKD_LY":null,"ORG_TYPE":"一般企业","PREMIUM_INCOME":null,"PREMIUM_INCOME_YOY":null,"NET_INTEREST_INCOME":null,"NET_INTEREST_INCOME_YOY":null,"FEE_COMMISSION_INCOME":null,"FEE_COMMISSION_INCOME_YOY":null,"ACCOUNTS_RECE_TDAYS":2.075754383161,"INVENTORY_TDAYS":0.853750600508,"CURRENT_ASSETS_TDAYS":0.429685937187,"TOTAL_ASSETS_TDAYS":0.296784019098,"PREMIUM_EXPENSE":null,"LOAN_DEPOSIT":null,"LOAN_EQUITY":null,"LOAN_ASSETS":null,"DEPOSIT_EQUITY":null,"DEPOSIT_ASSETS":null,"EQUITY_MULTIPLIER":1.354022173996,"EQUITY_RATIO":0.354022173996},{"SECUCODE":"01968.HK","SECURITY_CODE":"01968","SECURITY_NAME_ABBR":"兴纺控股","ORG_CODE":"10920801","STD_REPORT_DATE":"2021-12-31 00:00:00","REPORT_DATE":"2021-12-31 00:00:00","DATE_TYPE_CODE":"001","REPORT_TYPE":"2021年年报","PER_NETCASH_OPERATE":-0.0076356175,"PER_OI":0.4637312225,"BPS":0.464286935,"BASIC_EPS":-0.01520736,"DILUTED_EPS":null,"OPERATE_INCOME":296787982.4,"OPERATE_INCOME_YOY":42.1056752387,"GROSS_PROFIT":53438336,"GROSS_PROFIT_YOY":166.777747646751,"HOLDER_PROFIT":-9735163.2,"HOLDER_PROFIT_YOY":70.9811854163,"GROSS_PROFIT_RATIO":18.005559243965,"EPS_TTM":-0.0152111925,"OPERATE_INCOME_QOQ":15.331196458896,"NET_PROFIT_RATIO":-3.2801743255,"ROE_AVG":-3.223444215086,"GROSS_PROFIT_QOQ":29.452587977444,"ROA":-2.328578524745,"HOLDER_PROFIT_QOQ":21.932656297633,"ROE_YEARLY":-3.223444215086,"ROIC_YEARLY":-3.209719462917,"TOTAL_ASSETS":412080211.2,"TOTAL_LIABILITIES":114936572.8,"TAX_EBT":0.849362977767,"OCF_SALES":-1.64656100981,"TOTAL_PARENT_EQUITY":297143638.4,"DEBT_ASSET_RATIO":27.8917962271,"OPERATE_PROFIT":-8823539.2,"PRETAX_PROFIT":-9818558.4,"NETCASH_OPERATE":-4886795.2,"NETCASH_INVEST":-6358475.2,"NETCASH_FINANCE":-22289411.2,"END_CASH":98003259.2,"DIVI_RATIO":null,"DIVIDEND_RATE":null,"CURRENT_RATIO":2.701902443833,"COMMON_ACS":1000000000,"CURRENTDEBT_DEBT":92.602683207899,"ISSUED_COMMON_SHARES":640000000,"HK_COMMON_SHARES":640000000,"PER_SHARES":4000,"TOTAL_MARKET_CAP":73600000,"HKSK_MARKET_CAP":73600000,"PE_TTM":-2.074115823587,"PB_TTM":0.284688699096,"REPORT_DATE_SQ":"2020-12-31 00:00:00","REPORT_TYPE_SQ":"2020年年报","OPERATE_INCOME_SQ":214991046.52,"DPS_HKD":null,"OPERATE_INCOME_QOQ_SQ":-32.280358296408,"NET_PROFIT_RATIO_SQ":-16.0630747368,"HOLDER_PROFIT_SQ":-34534172.48,"HOLDER_PROFIT_QOQ_SQ":-10.707060291767,"ROE_AVG_SQ":-10.298757332142,"PE_TTM_SQ":-1.461318051576,"PB_TTM_SQ":0.222030998629,"ROA_SQ":-7.413222281943,"START_DATE":"2021-01-01 00:00:00","FISCAL_YEAR":"12-31","CURRENCY":"HKD","IS_CNY_CODE":0,"DPS_HKD_LY":null,"ORG_TYPE":"一般企业","PREMIUM_INCOME":null,"PREMIUM_INCOME_YOY":null,"NET_INTEREST_INCOME":null,"NET_INTEREST_INCOME_YOY":null,"FEE_COMMISSION_INCOME":null,"FEE_COMMISSION_INCOME_YOY":null,"ACCOUNTS_RECE_TDAYS":5.462410088181,"INVENTORY_TDAYS":1.946300649663,"CURRENT_ASSETS_TDAYS":1.000205276855,"TOTAL_ASSETS_TDAYS":0.709894747547,"PREMIUM_EXPENSE":null,"LOAN_DEPOSIT":null,"LOAN_EQUITY":null,"LOAN_ASSETS":null,"DEPOSIT_EQUITY":null,"DEPOSIT_ASSETS":null,"EQUITY_MULTIPLIER":1.386804756848,"EQUITY_RATIO":0.386804756847},{"SECUCODE":"01968.HK","SECURITY_CODE":"01968","SECURITY_NAME_ABBR":"兴纺控股","ORG_CODE":"10920801","STD_REPORT_DATE":"2021-06-30 00:00:00","REPORT_DATE":"2021-06-30 00:00:00","DATE_TYPE_CODE":"002","REPORT_TYPE":"2021年中报","PER_NETCASH_OPERATE":0.01861518975,"PER_OI":0.22743086625,"BPS":0.484957026,"BASIC_EPS":-0.002995488,"DILUTED_EPS":null,"OPERATE_INCOME":145555754.4,"OPERATE_INCOME_YOY":54.8162701784,"GROSS_PROFIT":29456464.08,"GROSS_PROFIT_YOY":258.907477313009,"HOLDER_PROFIT":-1941242.64,"HOLDER_PROFIT_YOY":91.1225266362,"GROSS_PROFIT_RATIO":20.237237752244,"EPS_TTM":-0.019484706125,"OPERATE_INCOME_QOQ":19.695862969838,"NET_PROFIT_RATIO":-1.3336763277,"ROE_AVG":-0.623505877605,"GROSS_PROFIT_QOQ":106.081432449411,"ROA":-0.433137929274,"HOLDER_PROFIT_QOQ":63.890225175594,"ROE_YEARLY":-1.24701175521,"ROIC_YEARLY":-1.242073992046,"TOTAL_ASSETS":464785742.64,"TOTAL_LIABILITIES":154413246,"TAX_EBT":3745.3125,"OCF_SALES":8.184988281027,"TOTAL_PARENT_EQUITY":310372496.64,"DEBT_ASSET_RATIO":33.2224575399,"OPERATE_PROFIT":624060,"PRETAX_PROFIT":53253.12,"NETCASH_OPERATE":11913721.44,"NETCASH_INVEST":-3198515.52,"NETCASH_FINANCE":-6137422.08,"END_CASH":137333139.84,"DIVI_RATIO":null,"DIVIDEND_RATE":null,"CURRENT_RATIO":2.316338348031,"COMMON_ACS":1000000000,"CURRENTDEBT_DEBT":95.386231981679,"ISSUED_COMMON_SHARES":640000000,"HK_COMMON_SHARES":640000000,"PER_SHARES":4000,"TOTAL_MARKET_CAP":73600000,"HKSK_MARKET_CAP":73600000,"PE_TTM":-2.074115823587,"PB_TTM":0.284688699096,"REPORT_DATE_SQ":"2020-06-30 00:00:00","REPORT_TYPE_SQ":"2020年中报","OPERATE_INCOME_SQ":103211412.48,"DPS_HKD":null,"OPERATE_INCOME_QOQ_SQ":-29.994313453523,"NET_PROFIT_RATIO_SQ":-23.2582837723,"HOLDER_PROFIT_SQ":-24005203.2,"HOLDER_PROFIT_QOQ_SQ":-761.03827585188,"ROE_AVG_SQ":-6.476208313105,"PE_TTM_SQ":-1.461318051576,"PB_TTM_SQ":0.222030998629,"ROA_SQ":-4.782111844643,"START_DATE":"2021-01-01 00:00:00","FISCAL_YEAR":"12-31","CURRENCY":"HKD","IS_CNY_CODE":0,"DPS_HKD_LY":null,"ORG_TYPE":"一般企业","PREMIUM_INCOME":null,"PREMIUM_INCOME_YOY":null,"NET_INTEREST_INCOME":null,"NET_INTEREST_INCOME_YOY":null,"FEE_COMMISSION_INCOME":null,"FEE_COMMISSION_INCOME_YOY":null,"ACCOUNTS_RECE_TDAYS":2.488636606133,"INVENTORY_TDAYS":0.909306561613,"CURRENT_ASSETS_TDAYS":0.448805443238,"TOTAL_ASSETS_TDAYS":0.324769901277,"PREMIUM_EXPENSE":null,"LOAN_DEPOSIT":null,"LOAN_EQUITY":null,"LOAN_ASSETS":null,"DEPOSIT_EQUITY":null,"DEPOSIT_ASSETS":null,"EQUITY_MULTIPLIER":1.497509436795,"EQUITY_RATIO":0.497509436795},{"SECUCODE":"01968.HK","SECURITY_CODE":"01968","SECURITY_NAME_ABBR":"兴纺控股","ORG_CODE":"10920801","STD_REPORT_DATE":"2020-12-31 00:00:00","REPORT_DATE":"2020-12-31 00:00:00","DATE_TYPE_CODE":"001","REPORT_TYPE":"2020年年报","PER_NETCASH_OPERATE":0.020003415688,"PER_OI":0.335923510188,"BPS":0.493596873813,"BASIC_EPS":-0.053949124,"DILUTED_EPS":null,"OPERATE_INCOME":214991046.52,"OPERATE_INCOME_YOY":-49.5428211363,"GROSS_PROFIT":20031032,"GROSS_PROFIT_YOY":-78.219973643807,"HOLDER_PROFIT":-34534172.48,"HOLDER_PROFIT_YOY":-878.8914198937,"GROSS_PROFIT_RATIO":9.317147073907,"EPS_TTM":-0.0539596445,"OPERATE_INCOME_QOQ":-32.280358296408,"NET_PROFIT_RATIO":-16.0630747368,"ROE_AVG":-10.298757332142,"GROSS_PROFIT_QOQ":-49.92393445045,"ROA":-7.413222281943,"HOLDER_PROFIT_QOQ":-10.707060291767,"ROE_YEARLY":-10.298757332142,"ROIC_YEARLY":-10.396757727825,"TOTAL_ASSETS":436535102.08,"TOTAL_LIABILITIES":120633102.84,"TAX_EBT":3.802691424017,"OCF_SALES":5.954753115176,"TOTAL_PARENT_EQUITY":315901999.24,"DEBT_ASSET_RATIO":27.6342274115,"OPERATE_PROFIT":-33964382.2,"PRETAX_PROFIT":-35899312.56,"NETCASH_OPERATE":12802186.04,"NETCASH_INVEST":1339890.88,"NETCASH_FINANCE":-12135607.16,"END_CASH":135405568.12,"DIVI_RATIO":null,"DIVIDEND_RATE":null,"CURRENT_RATIO":2.774733237717,"COMMON_ACS":1000000000,"CURRENTDEBT_DEBT":92.911512512994,"ISSUED_COMMON_SHARES":640000000,"HK_COMMON_SHARES":640000000,"PER_SHARES":4000,"TOTAL_MARKET_CAP":73600000,"HKSK_MARKET_CAP":73600000,"PE_TTM":-2.074115823587,"PB_TTM":0.284688699096,"REPORT_DATE_SQ":"2019-12-31 00:00:00","REPORT_TYPE_SQ":"2019年年报","OPERATE_INCOME_SQ":453494895.46,"DPS_HKD":null,"OPERATE_INCOME_QOQ_SQ":-5.042472170061,"NET_PROFIT_RATIO_SQ":1.0405782044,"HOLDER_PROFIT_SQ":4718969.04,"HOLDER_PROFIT_QOQ_SQ":-82.682134808878,"ROE_AVG_SQ":1.238774488018,"PE_TTM_SQ":-1.461318051576,"PB_TTM_SQ":0.222030998629,"ROA_SQ":0.836549661402,"START_DATE":"2020-01-01 00:00:00","FISCAL_YEAR":"12-31","CURRENCY":"HKD","IS_CNY_CODE":0,"DPS_HKD_LY":0.008,"ORG_TYPE":"一般企业","PREMIUM_INCOME":null,"PREMIUM_INCOME_YOY":null,"NET_INTEREST_INCOME":null,"NET_INTEREST_INCOME_YOY":null,"FEE_COMMISSION_INCOME":null,"FEE_COMMISSION_INCOME_YOY":null,"ACCOUNTS_RECE_TDAYS":4.025260006303,"INVENTORY_TDAYS":1.334087793865,"CURRENT_ASSETS_TDAYS":0.63464966602,"TOTAL_ASSETS_TDAYS":0.461507052877,"PREMIUM_EXPENSE":null,"LOAN_DEPOSIT":null,"LOAN_EQUITY":null,"LOAN_ASSETS":null,"DEPOSIT_EQUITY":null,"DEPOSIT_ASSETS":null,"EQUITY_MULTIPLIER":1.381868754012,"EQUITY_RATIO":0.381868754013},{"SECUCODE":"01968.HK","SECURITY_CODE":"01968","SECURITY_NAME_ABBR":"兴纺控股","ORG_CODE":"10920801","STD_REPORT_DATE":"2020-06-30 00:00:00","REPORT_DATE":"2020-06-30 00:00:00","DATE_TYPE_CODE":"002","REPORT_TYPE":"2020年中报","PER_NETCASH_OPERATE":-0.04843943775,"PER_OI":0.161267832,"BPS":0.55676023425,"BASIC_EPS":-0.037542384,"DILUTED_EPS":null,"OPERATE_INCOME":103211412.48,"OPERATE_INCOME_YOY":-58.4530191718,"GROSS_PROFIT":8207258.4,"GROSS_PROFIT_YOY":-86.36119344789,"HOLDER_PROFIT":-24005203.2,"HOLDER_PROFIT_YOY":-294.1345940755,"GROSS_PROFIT_RATIO":7.95189039932,"EPS_TTM":-0.048740924344,"OPERATE_INCOME_QOQ":-29.994313453523,"NET_PROFIT_RATIO":-23.2582837723,"ROE_AVG":-6.476208313105,"GROSS_PROFIT_QOQ":-56.506115012886,"ROA":-4.782111844643,"HOLDER_PROFIT_QOQ":-761.03827585188,"ROE_YEARLY":-12.952416626211,"ROIC_YEARLY":-12.886569502521,"TOTAL_ASSETS":466560489.12,"TOTAL_LIABILITIES":110233939.2,"TAX_EBT":-2.44016527637,"OCF_SALES":-30.036639762107,"TOTAL_PARENT_EQUITY":356326549.92,"DEBT_ASSET_RATIO":23.6269340783,"OPERATE_PROFIT":-22175582.88,"PRETAX_PROFIT":-23433389.76,"NETCASH_OPERATE":-31001240.16,"NETCASH_INVEST":-169899.84,"NETCASH_FINANCE":-3587992.32,"END_CASH":108492922.56,"DIVI_RATIO":null,"DIVIDEND_RATE":null,"CURRENT_RATIO":3.230897655601,"COMMON_ACS":1000000000,"CURRENTDEBT_DEBT":93.806761683792,"ISSUED_COMMON_SHARES":640000000,"HK_COMMON_SHARES":640000000,"PER_SHARES":4000,"TOTAL_MARKET_CAP":73600000,"HKSK_MARKET_CAP":73600000,"PE_TTM":-2.074115823587,"PB_TTM":0.284688699096,"REPORT_DATE_SQ":"2019-06-30 00:00:00","REPORT_TYPE_SQ":"2019年中报","OPERATE_INCOME_SQ":239234092.92,"DPS_HKD":null,"OPERATE_INCOME_QOQ_SQ":-14.931502401598,"NET_PROFIT_RATIO_SQ":4.977533626,"HOLDER_PROFIT_SQ":11907957.42,"HOLDER_PROFIT_QOQ_SQ":-57.281875243323,"ROE_AVG_SQ":3.152586147671,"PE_TTM_SQ":-1.461318051576,"PB_TTM_SQ":0.222030998629,"ROA_SQ":2.075951580043,"START_DATE":"2020-01-01 00:00:00","FISCAL_YEAR":"12-31","CURRENCY":"HKD","IS_CNY_CODE":0,"DPS_HKD_LY":0.008,"ORG_TYPE":"一般企业","PREMIUM_INCOME":null,"PREMIUM_INCOME_YOY":null,"NET_INTEREST_INCOME":null,"NET_INTEREST_INCOME_YOY":null,"FEE_COMMISSION_INCOME":null,"FEE_COMMISSION_INCOME_YOY":null,"ACCOUNTS_RECE_TDAYS":1.762415772398,"INVENTORY_TDAYS":0.544760308502,"CURRENT_ASSETS_TDAYS":0.282045649699,"TOTAL_ASSETS_TDAYS":0.205608973193,"PREMIUM_EXPENSE":null,"LOAN_DEPOSIT":null,"LOAN_EQUITY":null,"LOAN_ASSETS":null,"DEPOSIT_EQUITY":null,"DEPOSIT_ASSETS":null,"EQUITY_MULTIPLIER":1.309362126466,"EQUITY_RATIO":0.309362126467}],"count":17},"success":true,"message":"ok","code":0}