{"version":"0ff88105b47545cc15c928ef950c423f","result":{"pages":2,"data":[{"SECUCODE":"01967.HK","SECURITY_CODE":"01967","SECURITY_NAME_ABBR":"信恳智能","ORG_CODE":"10000009091","STD_REPORT_DATE":"2024-06-30 00:00:00","REPORT_DATE":"2024-06-30 00:00:00","DATE_TYPE_CODE":"002","REPORT_TYPE":"2024年中报","PER_NETCASH_OPERATE":0.017364,"PER_OI":0.619936,"BPS":1.095324,"BASIC_EPS":0.0358,"DILUTED_EPS":0.0358,"OPERATE_INCOME":154984000,"OPERATE_INCOME_YOY":13.2071612748,"GROSS_PROFIT":31828000,"GROSS_PROFIT_YOY":111.173036093418,"HOLDER_PROFIT":8955000,"HOLDER_PROFIT_YOY":163.9551492644,"GROSS_PROFIT_RATIO":20.536313425902,"EPS_TTM":-0.003532,"OPERATE_INCOME_QOQ":6.837028325966,"NET_PROFIT_RATIO":8.3711867031,"ROE_AVG":3.339100475043,"GROSS_PROFIT_QOQ":100.071667462972,"ROA":2.513225657073,"HOLDER_PROFIT_QOQ":96.296140939597,"ROE_YEARLY":6.678200950087,"ROIC_YEARLY":6.230041951036,"TOTAL_ASSETS":371816000,"TOTAL_LIABILITIES":85412000,"TAX_EBT":10.002774694784,"OCF_SALES":2.800934289991,"TOTAL_PARENT_EQUITY":273831000,"DEBT_ASSET_RATIO":22.9715773393,"OPERATE_PROFIT":14952000,"PRETAX_PROFIT":14416000,"NETCASH_OPERATE":4341000,"NETCASH_INVEST":-3196000,"NETCASH_FINANCE":-11207000,"END_CASH":53451000,"DIVI_RATIO":null,"DIVIDEND_RATE":null,"CURRENT_RATIO":3.246014848018,"COMMON_ACS":100000000000,"CURRENTDEBT_DEBT":83.583103076851,"ISSUED_COMMON_SHARES":250000000,"HK_COMMON_SHARES":250000000,"PER_SHARES":200,"TOTAL_MARKET_CAP":103750000,"HKSK_MARKET_CAP":103750000,"PE_TTM":-79.293250935284,"PB_TTM":0.345799233834,"REPORT_DATE_SQ":"2023-06-30 00:00:00","REPORT_TYPE_SQ":"2023年中报","OPERATE_INCOME_SQ":136903000,"DPS_HKD":null,"OPERATE_INCOME_QOQ_SQ":4.240867926822,"NET_PROFIT_RATIO_SQ":-16.3764855657,"HOLDER_PROFIT_SQ":-14002000,"HOLDER_PROFIT_QOQ_SQ":-111.432977200132,"ROE_AVG_SQ":-4.993883366681,"PE_TTM_SQ":-3.544342150769,"PB_TTM_SQ":0.249304381781,"ROA_SQ":-3.585397736657,"START_DATE":"2024-01-01 00:00:00","FISCAL_YEAR":"12-31","CURRENCY":"HKD","IS_CNY_CODE":0,"DPS_HKD_LY":null,"ORG_TYPE":"一般企业","PREMIUM_INCOME":null,"PREMIUM_INCOME_YOY":null,"NET_INTEREST_INCOME":null,"NET_INTEREST_INCOME_YOY":null,"FEE_COMMISSION_INCOME":null,"FEE_COMMISSION_INCOME_YOY":null,"ACCOUNTS_RECE_TDAYS":2.708942179962,"INVENTORY_TDAYS":6.395720814292,"CURRENT_ASSETS_TDAYS":0.729266117857,"TOTAL_ASSETS_TDAYS":0.434963445266,"PREMIUM_EXPENSE":null,"LOAN_DEPOSIT":null,"LOAN_EQUITY":null,"LOAN_ASSETS":null,"DEPOSIT_EQUITY":null,"DEPOSIT_ASSETS":null,"EQUITY_MULTIPLIER":1.29822209187,"EQUITY_RATIO":0.311915013275},{"SECUCODE":"01967.HK","SECURITY_CODE":"01967","SECURITY_NAME_ABBR":"信恳智能","ORG_CODE":"10000009091","STD_REPORT_DATE":"2023-12-31 00:00:00","REPORT_DATE":"2023-12-31 00:00:00","DATE_TYPE_CODE":"001","REPORT_TYPE":"2023年年报","PER_NETCASH_OPERATE":-0.089576,"PER_OI":1.057828,"BPS":1.050164,"BASIC_EPS":-0.0954,"DILUTED_EPS":-0.0954,"OPERATE_INCOME":264457000,"OPERATE_INCOME_YOY":1.5135462969,"GROSS_PROFIT":16744000,"GROSS_PROFIT_YOY":-40.465777777778,"HOLDER_PROFIT":-23840000,"HOLDER_PROFIT_YOY":-162.5839850204,"GROSS_PROFIT_RATIO":6.331464094352,"EPS_TTM":-0.09536,"OPERATE_INCOME_QOQ":-3.627756803638,"NET_PROFIT_RATIO":-11.9108210408,"ROE_AVG":-8.660210257118,"GROSS_PROFIT_QOQ":-40.948686298713,"ROA":-6.338453194086,"HOLDER_PROFIT_QOQ":-24.192540112523,"ROE_YEARLY":-8.660210257118,"ROIC_YEARLY":-8.655965318045,"TOTAL_ASSETS":340814000,"TOTAL_LIABILITIES":67319000,"TAX_EBT":-1.278543617805,"OCF_SALES":-8.467917279558,"TOTAL_PARENT_EQUITY":262541000,"DEBT_ASSET_RATIO":19.752416274,"OPERATE_PROFIT":-18234000,"PRETAX_PROFIT":-19006000,"NETCASH_OPERATE":-22394000,"NETCASH_INVEST":-14659000,"NETCASH_FINANCE":-13095000,"END_CASH":60696000,"DIVI_RATIO":null,"DIVIDEND_RATE":null,"CURRENT_RATIO":3.622442095795,"COMMON_ACS":100000000000,"CURRENTDEBT_DEBT":79.270339725783,"ISSUED_COMMON_SHARES":250000000,"HK_COMMON_SHARES":250000000,"PER_SHARES":200,"TOTAL_MARKET_CAP":91250000,"HKSK_MARKET_CAP":91250000,"PE_TTM":-69.739847208141,"PB_TTM":0.304136675541,"REPORT_DATE_SQ":"2022-12-31 00:00:00","REPORT_TYPE_SQ":"2022年年报","OPERATE_INCOME_SQ":260514000,"DPS_HKD":null,"OPERATE_INCOME_QOQ_SQ":-11.255844685592,"NET_PROFIT_RATIO_SQ":-2.6883395126,"HOLDER_PROFIT_SQ":-9079000,"HOLDER_PROFIT_QOQ_SQ":-179.69808995687,"ROE_AVG_SQ":-3.153810347583,"PE_TTM_SQ":-4.685740470508,"PB_TTM_SQ":0.32958884371,"ROA_SQ":-2.233808028816,"START_DATE":"2023-01-01 00:00:00","FISCAL_YEAR":"12-31","CURRENCY":"HKD","IS_CNY_CODE":0,"DPS_HKD_LY":null,"ORG_TYPE":"一般企业","PREMIUM_INCOME":null,"PREMIUM_INCOME_YOY":null,"NET_INTEREST_INCOME":null,"NET_INTEREST_INCOME_YOY":null,"FEE_COMMISSION_INCOME":null,"FEE_COMMISSION_INCOME_YOY":null,"ACCOUNTS_RECE_TDAYS":6.243525273272,"INVENTORY_TDAYS":13.82712810494,"CURRENT_ASSETS_TDAYS":1.255454042673,"TOTAL_ASSETS_TDAYS":0.70312429377,"PREMIUM_EXPENSE":null,"LOAN_DEPOSIT":null,"LOAN_EQUITY":null,"LOAN_ASSETS":null,"DEPOSIT_EQUITY":null,"DEPOSIT_ASSETS":null,"EQUITY_MULTIPLIER":1.246143439551,"EQUITY_RATIO":0.25641328402},{"SECUCODE":"01967.HK","SECURITY_CODE":"01967","SECURITY_NAME_ABBR":"信恳智能","ORG_CODE":"10000009091","STD_REPORT_DATE":"2023-06-30 00:00:00","REPORT_DATE":"2023-06-30 00:00:00","DATE_TYPE_CODE":"002","REPORT_TYPE":"2023年中报","PER_NETCASH_OPERATE":-0.112804,"PER_OI":0.547612,"BPS":1.090972,"BASIC_EPS":-0.056,"DILUTED_EPS":-0.056,"OPERATE_INCOME":136903000,"OPERATE_INCOME_YOY":8.7848099274,"GROSS_PROFIT":15072000,"GROSS_PROFIT_YOY":7.388671179195,"HOLDER_PROFIT":-14002000,"HOLDER_PROFIT_YOY":-260.4118404118,"GROSS_PROFIT_RATIO":9.40852242725,"EPS_TTM":-0.076784,"OPERATE_INCOME_QOQ":4.240867926822,"NET_PROFIT_RATIO":-16.3764855657,"ROE_AVG":-4.993883366681,"GROSS_PROFIT_QOQ":-3.498621651976,"ROA":-3.585397736657,"HOLDER_PROFIT_QOQ":-111.432977200132,"ROE_YEARLY":-9.987766733361,"ROIC_YEARLY":-9.802730720695,"TOTAL_ASSETS":369637000,"TOTAL_LIABILITIES":90884000,"TAX_EBT":34.760994263862,"OCF_SALES":-20.398995999913,"TOTAL_PARENT_EQUITY":272743000,"DEBT_ASSET_RATIO":24.5873654423,"OPERATE_PROFIT":3025000,"PRETAX_PROFIT":2615000,"NETCASH_OPERATE":-28201000,"NETCASH_INVEST":null,"NETCASH_FINANCE":-8678000,"END_CASH":73946000,"DIVI_RATIO":null,"DIVIDEND_RATE":null,"CURRENT_RATIO":2.987398589311,"COMMON_ACS":100000000000,"CURRENTDEBT_DEBT":78.933585669645,"ISSUED_COMMON_SHARES":250000000,"HK_COMMON_SHARES":250000000,"PER_SHARES":200,"TOTAL_MARKET_CAP":91250000,"HKSK_MARKET_CAP":91250000,"PE_TTM":-69.739847208141,"PB_TTM":0.304136675541,"REPORT_DATE_SQ":"2022-06-30 00:00:00","REPORT_TYPE_SQ":"2022年中报","OPERATE_INCOME_SQ":127083000,"DPS_HKD":null,"OPERATE_INCOME_QOQ_SQ":-16.179612089427,"NET_PROFIT_RATIO_SQ":-2.2607272413,"HOLDER_PROFIT_SQ":-3885000,"HOLDER_PROFIT_QOQ_SQ":-144.828062422317,"ROE_AVG_SQ":-1.355566721099,"PE_TTM_SQ":-4.685740470508,"PB_TTM_SQ":0.32958884371,"ROA_SQ":-0.992883694601,"START_DATE":"2023-01-01 00:00:00","FISCAL_YEAR":"12-31","CURRENCY":"HKD","IS_CNY_CODE":0,"DPS_HKD_LY":null,"ORG_TYPE":"一般企业","PREMIUM_INCOME":null,"PREMIUM_INCOME_YOY":null,"NET_INTEREST_INCOME":null,"NET_INTEREST_INCOME_YOY":null,"FEE_COMMISSION_INCOME":null,"FEE_COMMISSION_INCOME_YOY":null,"ACCOUNTS_RECE_TDAYS":2.985888767721,"INVENTORY_TDAYS":6.153543790689,"CURRENT_ASSETS_TDAYS":0.625134808216,"TOTAL_ASSETS_TDAYS":0.353999772104,"PREMIUM_EXPENSE":null,"LOAN_DEPOSIT":null,"LOAN_EQUITY":null,"LOAN_ASSETS":null,"DEPOSIT_EQUITY":null,"DEPOSIT_ASSETS":null,"EQUITY_MULTIPLIER":1.326037746679,"EQUITY_RATIO":0.333222117525},{"SECUCODE":"01967.HK","SECURITY_CODE":"01967","SECURITY_NAME_ABBR":"信恳智能","ORG_CODE":"10000009091","STD_REPORT_DATE":"2022-12-31 00:00:00","REPORT_DATE":"2022-12-31 00:00:00","DATE_TYPE_CODE":"001","REPORT_TYPE":"2022年年报","PER_NETCASH_OPERATE":0.308408,"PER_OI":1.042056,"BPS":1.152092,"BASIC_EPS":-0.0363,"DILUTED_EPS":-0.0363,"OPERATE_INCOME":260514000,"OPERATE_INCOME_YOY":-25.6143047675,"GROSS_PROFIT":28125000,"GROSS_PROFIT_YOY":-47.897369396073,"HOLDER_PROFIT":-9079000,"HOLDER_PROFIT_YOY":-225.3832343599,"GROSS_PROFIT_RATIO":11.161718227679,"EPS_TTM":-0.036316,"OPERATE_INCOME_QOQ":-11.255844685592,"NET_PROFIT_RATIO":-2.6883395126,"ROE_AVG":-3.153810347583,"GROSS_PROFIT_QOQ":-25.367030734061,"ROA":-2.233808028816,"HOLDER_PROFIT_QOQ":-179.69808995687,"ROE_YEARLY":-3.153810347583,"ROIC_YEARLY":-2.909656122809,"TOTAL_ASSETS":411420000,"TOTAL_LIABILITIES":105149000,"TAX_EBT":-6.625187233552,"OCF_SALES":29.288731538321,"TOTAL_PARENT_EQUITY":288023000,"DEBT_ASSET_RATIO":25.5575810607,"OPERATE_PROFIT":-7476000,"PRETAX_PROFIT":-8679000,"NETCASH_OPERATE":77102000,"NETCASH_INVEST":-10472000,"NETCASH_FINANCE":-11617000,"END_CASH":111502000,"DIVI_RATIO":null,"DIVIDEND_RATE":null,"CURRENT_RATIO":2.722826671125,"COMMON_ACS":100000000000,"CURRENTDEBT_DEBT":79.630809613025,"ISSUED_COMMON_SHARES":250000000,"HK_COMMON_SHARES":250000000,"PER_SHARES":200,"TOTAL_MARKET_CAP":91250000,"HKSK_MARKET_CAP":91250000,"PE_TTM":-69.739847208141,"PB_TTM":0.304136675541,"REPORT_DATE_SQ":"2021-12-31 00:00:00","REPORT_TYPE_SQ":"2021年年报","OPERATE_INCOME_SQ":353896000,"DPS_HKD":null,"OPERATE_INCOME_QOQ_SQ":8.247586654105,"NET_PROFIT_RATIO_SQ":2.8463164319,"HOLDER_PROFIT_SQ":7241000,"HOLDER_PROFIT_QOQ_SQ":-52.38063922136,"ROE_AVG_SQ":2.523647212173,"PE_TTM_SQ":-4.685740470508,"PB_TTM_SQ":0.32958884371,"ROA_SQ":1.843058749566,"START_DATE":"2022-01-01 00:00:00","FISCAL_YEAR":"12-31","CURRENCY":"HKD","IS_CNY_CODE":0,"DPS_HKD_LY":null,"ORG_TYPE":"一般企业","PREMIUM_INCOME":null,"PREMIUM_INCOME_YOY":null,"NET_INTEREST_INCOME":null,"NET_INTEREST_INCOME_YOY":null,"FEE_COMMISSION_INCOME":null,"FEE_COMMISSION_INCOME_YOY":null,"ACCOUNTS_RECE_TDAYS":5.810699588477,"INVENTORY_TDAYS":9.683249487609,"CURRENT_ASSETS_TDAYS":1.206295236415,"TOTAL_ASSETS_TDAYS":0.647698530642,"PREMIUM_EXPENSE":null,"LOAN_DEPOSIT":null,"LOAN_EQUITY":null,"LOAN_ASSETS":null,"DEPOSIT_EQUITY":null,"DEPOSIT_ASSETS":null,"EQUITY_MULTIPLIER":1.343320131517,"EQUITY_RATIO":0.365071539426},{"SECUCODE":"01967.HK","SECURITY_CODE":"01967","SECURITY_NAME_ABBR":"信恳智能","ORG_CODE":"10000009091","STD_REPORT_DATE":"2022-06-30 00:00:00","REPORT_DATE":"2022-06-30 00:00:00","DATE_TYPE_CODE":"002","REPORT_TYPE":"2022年中报","PER_NETCASH_OPERATE":0.189172,"PER_OI":0.508332,"BPS":1.141868,"BASIC_EPS":-0.0155,"DILUTED_EPS":-0.0155,"OPERATE_INCOME":127083000,"OPERATE_INCOME_YOY":-31.0612882577,"GROSS_PROFIT":14035000,"GROSS_PROFIT_YOY":-51.00366556118,"HOLDER_PROFIT":-3885000,"HOLDER_PROFIT_YOY":-158.8458043017,"GROSS_PROFIT_RATIO":11.043963394002,"EPS_TTM":-0.012984,"OPERATE_INCOME_QOQ":-16.179612089427,"NET_PROFIT_RATIO":-2.2607272413,"ROE_AVG":-1.355566721099,"GROSS_PROFIT_QOQ":-27.065579844387,"ROA":-0.992883694601,"HOLDER_PROFIT_QOQ":-144.828062422317,"ROE_YEARLY":-2.711133442197,"ROIC_YEARLY":-2.498862326193,"TOTAL_ASSETS":381117000,"TOTAL_LIABILITIES":84502000,"TAX_EBT":-75.396825396825,"OCF_SALES":37.214261545604,"TOTAL_PARENT_EQUITY":285467000,"DEBT_ASSET_RATIO":22.1721938407,"OPERATE_PROFIT":-1053000,"PRETAX_PROFIT":-1638000,"NETCASH_OPERATE":47293000,"NETCASH_INVEST":-1104000,"NETCASH_FINANCE":-5910000,"END_CASH":90476000,"DIVI_RATIO":null,"DIVIDEND_RATE":null,"CURRENT_RATIO":3.494629715008,"COMMON_ACS":100000000000,"CURRENTDEBT_DEBT":69.303685119879,"ISSUED_COMMON_SHARES":250000000,"HK_COMMON_SHARES":250000000,"PER_SHARES":200,"TOTAL_MARKET_CAP":91250000,"HKSK_MARKET_CAP":91250000,"PE_TTM":-69.739847208141,"PB_TTM":0.304136675541,"REPORT_DATE_SQ":"2021-06-30 00:00:00","REPORT_TYPE_SQ":"2021年中报","OPERATE_INCOME_SQ":184342000,"DPS_HKD":null,"OPERATE_INCOME_QOQ_SQ":32.612937115413,"NET_PROFIT_RATIO_SQ":4.0169901596,"HOLDER_PROFIT_SQ":6602000,"HOLDER_PROFIT_QOQ_SQ":29.567143830948,"ROE_AVG_SQ":2.278083538931,"PE_TTM_SQ":-4.685740470508,"PB_TTM_SQ":0.32958884371,"ROA_SQ":1.617033471025,"START_DATE":"2022-01-01 00:00:00","FISCAL_YEAR":"12-31","CURRENCY":"HKD","IS_CNY_CODE":0,"DPS_HKD_LY":null,"ORG_TYPE":"一般企业","PREMIUM_INCOME":null,"PREMIUM_INCOME_YOY":null,"NET_INTEREST_INCOME":null,"NET_INTEREST_INCOME_YOY":null,"FEE_COMMISSION_INCOME":null,"FEE_COMMISSION_INCOME_YOY":null,"ACCOUNTS_RECE_TDAYS":2.6801429882,"INVENTORY_TDAYS":4.694391960634,"CURRENT_ASSETS_TDAYS":0.615223369028,"TOTAL_ASSETS_TDAYS":0.32478414044,"PREMIUM_EXPENSE":null,"LOAN_DEPOSIT":null,"LOAN_EQUITY":null,"LOAN_ASSETS":null,"DEPOSIT_EQUITY":null,"DEPOSIT_ASSETS":null,"EQUITY_MULTIPLIER":1.284887817541,"EQUITY_RATIO":0.296013199424},{"SECUCODE":"01967.HK","SECURITY_CODE":"01967","SECURITY_NAME_ABBR":"信恳智能","ORG_CODE":"10000009091","STD_REPORT_DATE":"2021-12-31 00:00:00","REPORT_DATE":"2021-12-31 00:00:00","DATE_TYPE_CODE":"001","REPORT_TYPE":"2021年年报","PER_NETCASH_OPERATE":0.06534,"PER_OI":1.415584,"BPS":1.1509,"BASIC_EPS":0.029,"DILUTED_EPS":0.029,"OPERATE_INCOME":353896000,"OPERATE_INCOME_YOY":43.5503040186,"GROSS_PROFIT":53980000,"GROSS_PROFIT_YOY":7.086176797334,"HOLDER_PROFIT":7241000,"HOLDER_PROFIT_YOY":-38.3009543286,"GROSS_PROFIT_RATIO":15.253068698149,"EPS_TTM":0.028964,"OPERATE_INCOME_QOQ":8.247586654105,"NET_PROFIT_RATIO":2.8463164319,"ROE_AVG":2.523647212173,"GROSS_PROFIT_QOQ":-7.390886631897,"ROA":1.843058749566,"HOLDER_PROFIT_QOQ":-52.38063922136,"ROE_YEARLY":2.523647212173,"ROIC_YEARLY":2.347586032495,"TOTAL_ASSETS":401452000,"TOTAL_LIABILITIES":103591000,"TAX_EBT":18.271805273834,"OCF_SALES":4.615762822976,"TOTAL_PARENT_EQUITY":287725000,"DEBT_ASSET_RATIO":25.8040811853,"OPERATE_PROFIT":13541000,"PRETAX_PROFIT":12325000,"NETCASH_OPERATE":16335000,"NETCASH_INVEST":-72573000,"NETCASH_FINANCE":2871000,"END_CASH":48926000,"DIVI_RATIO":null,"DIVIDEND_RATE":null,"CURRENT_RATIO":2.968460322659,"COMMON_ACS":100000000000,"CURRENTDEBT_DEBT":75.230473689799,"ISSUED_COMMON_SHARES":250000000,"HK_COMMON_SHARES":250000000,"PER_SHARES":200,"TOTAL_MARKET_CAP":91250000,"HKSK_MARKET_CAP":91250000,"PE_TTM":-69.739847208141,"PB_TTM":0.304136675541,"REPORT_DATE_SQ":"2020-12-31 00:00:00","REPORT_TYPE_SQ":"2020年年报","OPERATE_INCOME_SQ":246531000,"DPS_HKD":null,"OPERATE_INCOME_QOQ_SQ":-4.899105431063,"NET_PROFIT_RATIO_SQ":4.6809529025,"HOLDER_PROFIT_SQ":11736000,"HOLDER_PROFIT_QOQ_SQ":-35.470390938583,"ROE_AVG_SQ":4.155807365439,"PE_TTM_SQ":-4.685740470508,"PB_TTM_SQ":0.32958884371,"ROA_SQ":3.177211574515,"START_DATE":"2021-01-01 00:00:00","FISCAL_YEAR":"12-31","CURRENCY":"HKD","IS_CNY_CODE":0,"DPS_HKD_LY":null,"ORG_TYPE":"一般企业","PREMIUM_INCOME":null,"PREMIUM_INCOME_YOY":null,"NET_INTEREST_INCOME":null,"NET_INTEREST_INCOME_YOY":null,"FEE_COMMISSION_INCOME":null,"FEE_COMMISSION_INCOME_YOY":null,"ACCOUNTS_RECE_TDAYS":10.36860378243,"INVENTORY_TDAYS":10.78737523604,"CURRENT_ASSETS_TDAYS":1.627538314727,"TOTAL_ASSETS_TDAYS":0.900774919536,"PREMIUM_EXPENSE":null,"LOAN_DEPOSIT":null,"LOAN_EQUITY":null,"LOAN_ASSETS":null,"DEPOSIT_EQUITY":null,"DEPOSIT_ASSETS":null,"EQUITY_MULTIPLIER":1.347783026311,"EQUITY_RATIO":0.360034755409},{"SECUCODE":"01967.HK","SECURITY_CODE":"01967","SECURITY_NAME_ABBR":"信恳智能","ORG_CODE":"10000009091","STD_REPORT_DATE":"2021-06-30 00:00:00","REPORT_DATE":"2021-06-30 00:00:00","DATE_TYPE_CODE":"002","REPORT_TYPE":"2021年中报","PER_NETCASH_OPERATE":0.015308,"PER_OI":0.737368,"BPS":1.173932,"BASIC_EPS":0.0264,"DILUTED_EPS":0.0264,"OPERATE_INCOME":184342000,"OPERATE_INCOME_YOY":77.3525365351,"GROSS_PROFIT":28645000,"GROSS_PROFIT_YOY":37.94847098483,"HOLDER_PROFIT":6602000,"HOLDER_PROFIT_YOY":110.7918263091,"GROSS_PROFIT_RATIO":15.539052413449,"EPS_TTM":0.060824,"OPERATE_INCOME_QOQ":32.612937115413,"NET_PROFIT_RATIO":4.0169901596,"ROE_AVG":2.278083538931,"GROSS_PROFIT_QOQ":15.63243929535,"ROA":1.617033471025,"HOLDER_PROFIT_QOQ":29.567143830948,"ROE_YEARLY":4.556167077863,"ROIC_YEARLY":4.261451197767,"TOTAL_ASSETS":432250000,"TOTAL_LIABILITIES":130660000,"TAX_EBT":22.912762856548,"OCF_SALES":2.076032591596,"TOTAL_PARENT_EQUITY":293483000,"DEBT_ASSET_RATIO":30.2278773858,"OPERATE_PROFIT":9748000,"PRETAX_PROFIT":9606000,"NETCASH_OPERATE":3827000,"NETCASH_INVEST":-39907000,"NETCASH_FINANCE":11801000,"END_CASH":78947000,"DIVI_RATIO":null,"DIVIDEND_RATE":null,"CURRENT_RATIO":2.148004999519,"COMMON_ACS":100000000000,"CURRENTDEBT_DEBT":79.603551201592,"ISSUED_COMMON_SHARES":250000000,"HK_COMMON_SHARES":250000000,"PER_SHARES":200,"TOTAL_MARKET_CAP":91250000,"HKSK_MARKET_CAP":91250000,"PE_TTM":-69.739847208141,"PB_TTM":0.304136675541,"REPORT_DATE_SQ":"2020-06-30 00:00:00","REPORT_TYPE_SQ":"2020年中报","OPERATE_INCOME_SQ":103941000,"DPS_HKD":null,"OPERATE_INCOME_QOQ_SQ":-8.910073509776,"NET_PROFIT_RATIO_SQ":3.0132479003,"HOLDER_PROFIT_SQ":3132000,"HOLDER_PROFIT_QOQ_SQ":-34.366654637315,"ROE_AVG_SQ":1.113790086841,"PE_TTM_SQ":-4.685740470508,"PB_TTM_SQ":0.32958884371,"ROA_SQ":0.908410629449,"START_DATE":"2021-01-01 00:00:00","FISCAL_YEAR":"12-31","CURRENCY":"HKD","IS_CNY_CODE":0,"DPS_HKD_LY":null,"ORG_TYPE":"一般企业","PREMIUM_INCOME":null,"PREMIUM_INCOME_YOY":null,"NET_INTEREST_INCOME":null,"NET_INTEREST_INCOME_YOY":null,"FEE_COMMISSION_INCOME":null,"FEE_COMMISSION_INCOME_YOY":null,"ACCOUNTS_RECE_TDAYS":6.389670710572,"INVENTORY_TDAYS":4.574547163991,"CURRENT_ASSETS_TDAYS":0.819612873394,"TOTAL_ASSETS_TDAYS":0.451510427319,"PREMIUM_EXPENSE":null,"LOAN_DEPOSIT":null,"LOAN_EQUITY":null,"LOAN_ASSETS":null,"DEPOSIT_EQUITY":null,"DEPOSIT_ASSETS":null,"EQUITY_MULTIPLIER":1.4332371763,"EQUITY_RATIO":0.445204662621},{"SECUCODE":"01967.HK","SECURITY_CODE":"01967","SECURITY_NAME_ABBR":"信恳智能","ORG_CODE":"10000009091","STD_REPORT_DATE":"2020-12-31 00:00:00","REPORT_DATE":"2020-12-31 00:00:00","DATE_TYPE_CODE":"001","REPORT_TYPE":"2020年年报","PER_NETCASH_OPERATE":0.205904,"PER_OI":0.986124,"BPS":1.144508,"BASIC_EPS":0.0469,"DILUTED_EPS":0.0469,"OPERATE_INCOME":246531000,"OPERATE_INCOME_YOY":-13.3726650456,"GROSS_PROFIT":50408000,"GROSS_PROFIT_YOY":-46.390436891139,"HOLDER_PROFIT":11736000,"HOLDER_PROFIT_YOY":-57.6470588235,"GROSS_PROFIT_RATIO":20.446921482491,"EPS_TTM":0.046944,"OPERATE_INCOME_QOQ":-4.899105431063,"NET_PROFIT_RATIO":4.6809529025,"ROE_AVG":4.155807365439,"GROSS_PROFIT_QOQ":-27.974166261824,"ROA":3.177211574515,"HOLDER_PROFIT_QOQ":-35.470390938583,"ROE_YEARLY":4.155807365439,"ROIC_YEARLY":4.792345966871,"TOTAL_ASSETS":384307000,"TOTAL_LIABILITIES":92376000,"TAX_EBT":15.661770079661,"OCF_SALES":20.880132721646,"TOTAL_PARENT_EQUITY":286127000,"DEBT_ASSET_RATIO":24.037032893,"OPERATE_PROFIT":13760000,"PRETAX_PROFIT":13683000,"NETCASH_OPERATE":51476000,"NETCASH_INVEST":-74732000,"NETCASH_FINANCE":-8010000,"END_CASH":104004000,"DIVI_RATIO":null,"DIVIDEND_RATE":null,"CURRENT_RATIO":3.120312564601,"COMMON_ACS":100000000000,"CURRENTDEBT_DEBT":78.549623278774,"ISSUED_COMMON_SHARES":250000000,"HK_COMMON_SHARES":250000000,"PER_SHARES":200,"TOTAL_MARKET_CAP":91250000,"HKSK_MARKET_CAP":91250000,"PE_TTM":-69.739847208141,"PB_TTM":0.304136675541,"REPORT_DATE_SQ":"2019-12-31 00:00:00","REPORT_TYPE_SQ":"2019年年报","OPERATE_INCOME_SQ":284588000,"DPS_HKD":null,"OPERATE_INCOME_QOQ_SQ":20.480927987807,"NET_PROFIT_RATIO_SQ":9.736882792,"HOLDER_PROFIT_SQ":27710000,"HOLDER_PROFIT_QOQ_SQ":-32.106630077914,"ROE_AVG_SQ":12.984457075381,"PE_TTM_SQ":-4.685740470508,"PB_TTM_SQ":0.32958884371,"ROA_SQ":9.622864286706,"START_DATE":"2020-01-01 00:00:00","FISCAL_YEAR":"12-31","CURRENCY":"HKD","IS_CNY_CODE":0,"DPS_HKD_LY":null,"ORG_TYPE":"一般企业","PREMIUM_INCOME":null,"PREMIUM_INCOME_YOY":null,"NET_INTEREST_INCOME":null,"NET_INTEREST_INCOME_YOY":null,"FEE_COMMISSION_INCOME":null,"FEE_COMMISSION_INCOME_YOY":null,"ACCOUNTS_RECE_TDAYS":11.767589498807,"INVENTORY_TDAYS":7.94277498785,"CURRENT_ASSETS_TDAYS":1.074883587087,"TOTAL_ASSETS_TDAYS":0.66741747331,"PREMIUM_EXPENSE":null,"LOAN_DEPOSIT":null,"LOAN_EQUITY":null,"LOAN_ASSETS":null,"DEPOSIT_EQUITY":null,"DEPOSIT_ASSETS":null,"EQUITY_MULTIPLIER":1.316430937448,"EQUITY_RATIO":0.32284964369},{"SECUCODE":"01967.HK","SECURITY_CODE":"01967","SECURITY_NAME_ABBR":"信恳智能","ORG_CODE":"10000009091","STD_REPORT_DATE":"2020-06-30 00:00:00","REPORT_DATE":"2020-06-30 00:00:00","DATE_TYPE_CODE":"002","REPORT_TYPE":"2020年中报","PER_NETCASH_OPERATE":0.02306,"PER_OI":0.415764,"BPS":1.134924,"BASIC_EPS":0.0125,"DILUTED_EPS":0.0125,"OPERATE_INCOME":103941000,"OPERATE_INCOME_YOY":-19.6112855574,"GROSS_PROFIT":20765000,"GROSS_PROFIT_YOY":-53.656794697257,"HOLDER_PROFIT":3132000,"HOLDER_PROFIT_YOY":-75.2508889767,"GROSS_PROFIT_RATIO":19.977679645183,"EPS_TTM":0.072748,"OPERATE_INCOME_QOQ":-8.910073509776,"NET_PROFIT_RATIO":3.0132479003,"ROE_AVG":1.113790086841,"GROSS_PROFIT_QOQ":-25.568979452929,"ROA":0.908410629449,"HOLDER_PROFIT_QOQ":-34.366654637315,"ROE_YEARLY":2.227580173683,"ROIC_YEARLY":3.008017056955,"TOTAL_ASSETS":335102000,"TOTAL_LIABILITIES":51371000,"TAX_EBT":13.6,"OCF_SALES":5.546415755092,"TOTAL_PARENT_EQUITY":283731000,"DEBT_ASSET_RATIO":15.3299592363,"OPERATE_PROFIT":3649000,"PRETAX_PROFIT":3625000,"NETCASH_OPERATE":5765000,"NETCASH_INVEST":-6915000,"NETCASH_FINANCE":-5850000,"END_CASH":133897000,"DIVI_RATIO":null,"DIVIDEND_RATE":null,"CURRENT_RATIO":5.655176919459,"COMMON_ACS":100000000000,"CURRENTDEBT_DEBT":74.489497965778,"ISSUED_COMMON_SHARES":250000000,"HK_COMMON_SHARES":250000000,"PER_SHARES":200,"TOTAL_MARKET_CAP":91250000,"HKSK_MARKET_CAP":91250000,"PE_TTM":-69.739847208141,"PB_TTM":0.304136675541,"REPORT_DATE_SQ":"2019-06-30 00:00:00","REPORT_TYPE_SQ":"2019年中报","OPERATE_INCOME_SQ":129298000,"DPS_HKD":null,"OPERATE_INCOME_QOQ_SQ":0,"NET_PROFIT_RATIO_SQ":9.7874677103,"HOLDER_PROFIT_SQ":12655000,"HOLDER_PROFIT_QOQ_SQ":0,"ROE_AVG_SQ":null,"PE_TTM_SQ":-4.685740470508,"PB_TTM_SQ":0.32958884371,"ROA_SQ":null,"START_DATE":"2020-01-01 00:00:00","FISCAL_YEAR":"12-31","CURRENCY":"HKD","IS_CNY_CODE":0,"DPS_HKD_LY":null,"ORG_TYPE":"一般企业","PREMIUM_INCOME":null,"PREMIUM_INCOME_YOY":null,"NET_INTEREST_INCOME":null,"NET_INTEREST_INCOME_YOY":null,"FEE_COMMISSION_INCOME":null,"FEE_COMMISSION_INCOME_YOY":null,"ACCOUNTS_RECE_TDAYS":2.577869818083,"INVENTORY_TDAYS":3.691952594434,"CURRENT_ASSETS_TDAYS":0.463298417651,"TOTAL_ASSETS_TDAYS":0.30147225171,"PREMIUM_EXPENSE":null,"LOAN_DEPOSIT":null,"LOAN_EQUITY":null,"LOAN_ASSETS":null,"DEPOSIT_EQUITY":null,"DEPOSIT_ASSETS":null,"EQUITY_MULTIPLIER":1.181055295333,"EQUITY_RATIO":0.181055295333}],"count":14},"success":true,"message":"ok","code":0}