{"version":"9375658874812fd94979acb9ed018bb3","result":{"pages":6,"data":[{"SECUCODE":"01963.HK","SECURITY_CODE":"01963","SECURITY_NAME_ABBR":"重庆银行","ORG_CODE":"10008291","STD_REPORT_DATE":"2024-09-30 00:00:00","REPORT_DATE":"2024-09-30 00:00:00","DATE_TYPE_CODE":"004","REPORT_TYPE":"2024年三季报","PER_NETCASH_OPERATE":-9.320551975723,"PER_OI":2.979219090807,"BPS":15.06251300884,"BASIC_EPS":1.27,"DILUTED_EPS":1,"OPERATE_INCOME":10351494000,"OPERATE_INCOME_YOY":3.9500958914,"GROSS_PROFIT":null,"GROSS_PROFIT_YOY":null,"HOLDER_PROFIT":4428072000,"HOLDER_PROFIT_YOY":3.6951692606,"GROSS_PROFIT_RATIO":null,"EPS_TTM":1.464234867085,"OPERATE_INCOME_QOQ":1.307196194443,"NET_PROFIT_RATIO":45.457206467,"ROE_AVG":7.548402127016,"GROSS_PROFIT_QOQ":null,"ROA":0.55909012027,"HOLDER_PROFIT_QOQ":0.75219849184,"ROE_YEARLY":10.064536169354,"ROIC_YEARLY":0.589296015177,"TOTAL_ASSETS":824144121000,"TOTAL_LIABILITIES":761169123000,"TAX_EBT":9.824190228702,"OCF_SALES":-312.8521834626,"TOTAL_PARENT_EQUITY":60407017000,"DEBT_ASSET_RATIO":92.3587396433,"OPERATE_PROFIT":4932259000,"PRETAX_PROFIT":5218140000,"NETCASH_OPERATE":-32384875000,"NETCASH_INVEST":12307477000,"NETCASH_FINANCE":13783674000,"END_CASH":13003897000,"DIVI_RATIO":0.387551758347,"DIVIDEND_RATE":10.081482958199,"CURRENT_RATIO":null,"COMMON_ACS":null,"CURRENTDEBT_DEBT":null,"ISSUED_COMMON_SHARES":3474570078,"HK_COMMON_SHARES":1579020812,"PER_SHARES":500,"TOTAL_MARKET_CAP":21611825885.16,"HKSK_MARKET_CAP":9821509450.64,"PE_TTM":3.793768493205,"PB_TTM":0.372390304108,"REPORT_DATE_SQ":"2023-09-30 00:00:00","REPORT_TYPE_SQ":"2023年三季报","OPERATE_INCOME_SQ":9958138000,"DPS_HKD":0.62706824,"OPERATE_INCOME_QOQ_SQ":-4.495367220501,"NET_PROFIT_RATIO_SQ":45.1787773979,"HOLDER_PROFIT_SQ":4270278000,"HOLDER_PROFIT_QOQ_SQ":-1.860795098698,"ROE_AVG_SQ":8.328442398498,"PE_TTM_SQ":2.702033266122,"PB_TTM_SQ":0.281763471955,"ROA_SQ":0.598835453336,"START_DATE":"2024-01-01 00:00:00","FISCAL_YEAR":"12-31","CURRENCY":"HKD","IS_CNY_CODE":0,"DPS_HKD_LY":0.62706824,"ORG_TYPE":"银行","PREMIUM_INCOME":null,"PREMIUM_INCOME_YOY":null,"NET_INTEREST_INCOME":7915024000,"NET_INTEREST_INCOME_YOY":-1.821524601045,"FEE_COMMISSION_INCOME":771577000,"FEE_COMMISSION_INCOME_YOY":null,"ACCOUNTS_RECE_TDAYS":null,"INVENTORY_TDAYS":null,"CURRENT_ASSETS_TDAYS":null,"TOTAL_ASSETS_TDAYS":0.013069837224,"PREMIUM_EXPENSE":null,"LOAN_DEPOSIT":90.52913057408,"LOAN_EQUITY":6.664254137809,"LOAN_ASSETS":50.923300950174,"DEPOSIT_EQUITY":7.36144718893,"DEPOSIT_ASSETS":56.250734572673,"EQUITY_MULTIPLIER":13.086846322717,"EQUITY_RATIO":12.600673908463},{"SECUCODE":"01963.HK","SECURITY_CODE":"01963","SECURITY_NAME_ABBR":"重庆银行","ORG_CODE":"10008291","STD_REPORT_DATE":"2024-06-30 00:00:00","REPORT_DATE":"2024-06-30 00:00:00","DATE_TYPE_CODE":"002","REPORT_TYPE":"2024年中报","PER_NETCASH_OPERATE":-10.911990481263,"PER_OI":2.001396286339,"BPS":14.758899906695,"BASIC_EPS":0.87,"DILUTED_EPS":0.68,"OPERATE_INCOME":6953982000,"OPERATE_INCOME_YOY":3.3058400039,"GROSS_PROFIT":null,"GROSS_PROFIT_YOY":null,"HOLDER_PROFIT":3026280000,"HOLDER_PROFIT_YOY":4.1222184032,"GROSS_PROFIT_RATIO":null,"EPS_TTM":1.453303543884,"OPERATE_INCOME_QOQ":0.387251601385,"NET_PROFIT_RATIO":46.1644421858,"ROE_AVG":5.205615382914,"GROSS_PROFIT_QOQ":null,"ROA":0.38653466612,"HOLDER_PROFIT_QOQ":1.202258292732,"ROE_YEARLY":10.411230765829,"ROIC_YEARLY":0.815354833635,"TOTAL_ASSETS":805967923000,"TOTAL_LIABILITIES":744141290000,"TAX_EBT":13.25025867378,"OCF_SALES":-545.218883224029,"TOTAL_PARENT_EQUITY":59352093000,"DEBT_ASSET_RATIO":92.3288965683,"OPERATE_PROFIT":3494477000,"PRETAX_PROFIT":3700607000,"NETCASH_OPERATE":-37914423000,"NETCASH_INVEST":33009757000,"NETCASH_FINANCE":283206000,"END_CASH":14676221000,"DIVI_RATIO":0.390466809057,"DIVIDEND_RATE":10.468584974958,"CURRENT_RATIO":null,"COMMON_ACS":null,"CURRENTDEBT_DEBT":null,"ISSUED_COMMON_SHARES":3474570078,"HK_COMMON_SHARES":1579020812,"PER_SHARES":500,"TOTAL_MARKET_CAP":20812674767.22,"HKSK_MARKET_CAP":9458334663.88,"PE_TTM":3.653484449244,"PB_TTM":0.358620244632,"REPORT_DATE_SQ":"2023-06-30 00:00:00","REPORT_TYPE_SQ":"2023年中报","OPERATE_INCOME_SQ":6731451000,"DPS_HKD":0.62706824,"OPERATE_INCOME_QOQ_SQ":0.662578033384,"NET_PROFIT_RATIO_SQ":45.3443098672,"HOLDER_PROFIT_SQ":2906469000,"HOLDER_PROFIT_QOQ_SQ":1.69071659857,"ROE_AVG_SQ":5.751110001793,"PE_TTM_SQ":2.676360741029,"PB_TTM_SQ":0.279086384335,"ROA_SQ":0.411747206658,"START_DATE":"2024-01-01 00:00:00","FISCAL_YEAR":"12-31","CURRENCY":"HKD","IS_CNY_CODE":0,"DPS_HKD_LY":0.62706824,"ORG_TYPE":"银行","PREMIUM_INCOME":null,"PREMIUM_INCOME_YOY":null,"NET_INTEREST_INCOME":5224044000,"NET_INTEREST_INCOME_YOY":-3.014670021519,"FEE_COMMISSION_INCOME":510994000,"FEE_COMMISSION_INCOME_YOY":null,"ACCOUNTS_RECE_TDAYS":null,"INVENTORY_TDAYS":null,"CURRENT_ASSETS_TDAYS":null,"TOTAL_ASSETS_TDAYS":0.008882043666,"PREMIUM_EXPENSE":null,"LOAN_DEPOSIT":90.424131505708,"LOAN_EQUITY":6.581444165009,"LOAN_ASSETS":50.486938920024,"DEPOSIT_EQUITY":7.278415678887,"DEPOSIT_ASSETS":55.833479491962,"EQUITY_MULTIPLIER":13.035934255137,"EQUITY_RATIO":12.537743024496},{"SECUCODE":"01963.HK","SECURITY_CODE":"01963","SECURITY_NAME_ABBR":"重庆银行","ORG_CODE":"10008291","STD_REPORT_DATE":"2024-03-31 00:00:00","REPORT_DATE":"2024-03-31 00:00:00","DATE_TYPE_CODE":"003","REPORT_TYPE":"2024年一季报","PER_NETCASH_OPERATE":-5.549312525237,"PER_OI":0.948789382409,"BPS":14.635085739664,"BASIC_EPS":0.44,"DILUTED_EPS":0.35,"OPERATE_INCOME":3296629000,"OPERATE_INCOME_YOY":5.5087055278,"GROSS_PROFIT":null,"GROSS_PROFIT_YOY":null,"HOLDER_PROFIT":1542084000,"HOLDER_PROFIT_YOY":4.0359288951,"GROSS_PROFIT_RATIO":null,"EPS_TTM":1.436039357283,"OPERATE_INCOME_QOQ":1.339922922514,"NET_PROFIT_RATIO":49.1119261524,"ROE_AVG":2.662446395287,"GROSS_PROFIT_QOQ":null,"ROA":0.200181243208,"HOLDER_PROFIT_QOQ":1.213500705,"ROE_YEARLY":10.649785581148,"ROIC_YEARLY":0.843694592024,"TOTAL_ASSETS":780803934000,"TOTAL_LIABILITIES":719423393000,"TAX_EBT":13.557533879419,"OCF_SALES":-584.883497657759,"TOTAL_PARENT_EQUITY":58921894000,"DEBT_ASSET_RATIO":92.1388022873,"OPERATE_PROFIT":1767641000,"PRETAX_PROFIT":1872966000,"NETCASH_OPERATE":-19281439000,"NETCASH_INVEST":22293332000,"NETCASH_FINANCE":-9576375000,"END_CASH":12747581000,"DIVI_RATIO":0.395161034058,"DIVIDEND_RATE":10.468584974958,"CURRENT_RATIO":null,"COMMON_ACS":null,"CURRENTDEBT_DEBT":null,"ISSUED_COMMON_SHARES":3474570078,"HK_COMMON_SHARES":1579020812,"PER_SHARES":500,"TOTAL_MARKET_CAP":20812674767.22,"HKSK_MARKET_CAP":9458334663.88,"PE_TTM":3.653484449244,"PB_TTM":0.358620244632,"REPORT_DATE_SQ":"2023-03-31 00:00:00","REPORT_TYPE_SQ":"2023年一季报","OPERATE_INCOME_SQ":3124509000,"DPS_HKD":0.62706824,"OPERATE_INCOME_QOQ_SQ":-0.009008161821,"NET_PROFIT_RATIO_SQ":49.4090431489,"HOLDER_PROFIT_SQ":1482261000,"HOLDER_PROFIT_QOQ_SQ":0.79868821126,"ROE_AVG_SQ":2.946159911046,"PE_TTM_SQ":2.676360741029,"PB_TTM_SQ":0.279086384335,"ROA_SQ":0.212689048391,"START_DATE":"2024-01-01 00:00:00","FISCAL_YEAR":"12-31","CURRENCY":"HKD","IS_CNY_CODE":0,"DPS_HKD_LY":0.62706824,"ORG_TYPE":"银行","PREMIUM_INCOME":null,"PREMIUM_INCOME_YOY":null,"NET_INTEREST_INCOME":2454742000,"NET_INTEREST_INCOME_YOY":-3.61836241577,"FEE_COMMISSION_INCOME":223614000,"FEE_COMMISSION_INCOME_YOY":null,"ACCOUNTS_RECE_TDAYS":null,"INVENTORY_TDAYS":null,"CURRENT_ASSETS_TDAYS":null,"TOTAL_ASSETS_TDAYS":0.004279425061,"PREMIUM_EXPENSE":null,"LOAN_DEPOSIT":89.924745191077,"LOAN_EQUITY":6.434760048791,"LOAN_ASSETS":50.584920977102,"DEPOSIT_EQUITY":7.155716744171,"DEPOSIT_ASSETS":56.252504101753,"EQUITY_MULTIPLIER":12.720707919411,"EQUITY_RATIO":12.20978051045},{"SECUCODE":"01963.HK","SECURITY_CODE":"01963","SECURITY_NAME_ABBR":"重庆银行","ORG_CODE":"10008291","STD_REPORT_DATE":"2023-12-31 00:00:00","REPORT_DATE":"2023-12-31 00:00:00","DATE_TYPE_CODE":"001","REPORT_TYPE":"2023年年报","PER_NETCASH_OPERATE":1.280550425525,"PER_OI":3.697016936251,"BPS":14.058277399349,"BASIC_EPS":1.36,"DILUTED_EPS":1.09,"OPERATE_INCOME":12845515000,"OPERATE_INCOME_YOY":-2.2681775423,"GROSS_PROFIT":null,"GROSS_PROFIT_YOY":null,"HOLDER_PROFIT":4929787000,"HOLDER_PROFIT_YOY":1.2722230748,"GROSS_PROFIT_RATIO":null,"EPS_TTM":1.418822525303,"OPERATE_INCOME_QOQ":1.667614444691,"NET_PROFIT_RATIO":40.7064644742,"ROE_AVG":9.27922823903,"GROSS_PROFIT_QOQ":null,"ROA":0.682514076234,"HOLDER_PROFIT_QOQ":0.672677745496,"ROE_YEARLY":9.27922823903,"ROIC_YEARLY":0.725500335386,"TOTAL_ASSETS":759883870000,"TOTAL_LIABILITIES":700584443000,"TAX_EBT":14.105412243361,"OCF_SALES":34.637396787906,"TOTAL_PARENT_EQUITY":56917734000,"DEBT_ASSET_RATIO":92.1962513825,"OPERATE_PROFIT":5715290000,"PRETAX_PROFIT":6087642000,"NETCASH_OPERATE":4449352000,"NETCASH_INVEST":-20977102000,"NETCASH_FINANCE":16319636000,"END_CASH":19302429000,"DIVI_RATIO":0.399956151846,"DIVIDEND_RATE":10.468584974958,"CURRENT_RATIO":null,"COMMON_ACS":null,"CURRENTDEBT_DEBT":null,"ISSUED_COMMON_SHARES":3474570078,"HK_COMMON_SHARES":1579020812,"PER_SHARES":500,"TOTAL_MARKET_CAP":20812674767.22,"HKSK_MARKET_CAP":9458334663.88,"PE_TTM":3.653484449244,"PB_TTM":0.358620244632,"REPORT_DATE_SQ":"2022-12-31 00:00:00","REPORT_TYPE_SQ":"2022年年报","OPERATE_INCOME_SQ":13143636000,"DPS_HKD":0.62706824,"OPERATE_INCOME_QOQ_SQ":-4.009468445744,"NET_PROFIT_RATIO_SQ":38.927774628,"HOLDER_PROFIT_SQ":4867857000,"HOLDER_PROFIT_QOQ_SQ":0.65749804593,"ROE_AVG_SQ":10.077366972468,"PE_TTM_SQ":2.676360741029,"PB_TTM_SQ":0.279086384335,"ROA_SQ":0.746795009869,"START_DATE":"2023-01-01 00:00:00","FISCAL_YEAR":"12-31","CURRENCY":"HKD","IS_CNY_CODE":0,"DPS_HKD_LY":0.4322902,"ORG_TYPE":"银行","PREMIUM_INCOME":null,"PREMIUM_INCOME_YOY":null,"NET_INTEREST_INCOME":10447003000,"NET_INTEREST_INCOME_YOY":-3.342398007153,"FEE_COMMISSION_INCOME":411438000,"FEE_COMMISSION_INCOME_YOY":null,"ACCOUNTS_RECE_TDAYS":null,"INVENTORY_TDAYS":null,"CURRENT_ASSETS_TDAYS":null,"TOTAL_ASSETS_TDAYS":0.017784226385,"PREMIUM_EXPENSE":null,"LOAN_DEPOSIT":91.799393719618,"LOAN_EQUITY":6.421571999338,"LOAN_ASSETS":50.11233361224,"DEPOSIT_EQUITY":6.995222668846,"DEPOSIT_ASSETS":54.588959231363,"EQUITY_MULTIPLIER":12.814354344494,"EQUITY_RATIO":12.308719862249},{"SECUCODE":"01963.HK","SECURITY_CODE":"01963","SECURITY_NAME_ABBR":"重庆银行","ORG_CODE":"10008291","STD_REPORT_DATE":"2023-09-30 00:00:00","REPORT_DATE":"2023-09-30 00:00:00","DATE_TYPE_CODE":"004","REPORT_TYPE":"2023年三季报","PER_NETCASH_OPERATE":-2.611052524827,"PER_OI":2.866014954547,"BPS":13.710839594699,"BASIC_EPS":1.23,"DILUTED_EPS":0.98,"OPERATE_INCOME":9958138000,"OPERATE_INCOME_YOY":-4.8612113604,"GROSS_PROFIT":null,"GROSS_PROFIT_YOY":null,"HOLDER_PROFIT":4270278000,"HOLDER_PROFIT_YOY":0.6835187801,"GROSS_PROFIT_RATIO":null,"EPS_TTM":1.409343466834,"OPERATE_INCOME_QOQ":-4.495367220501,"NET_PROFIT_RATIO":45.1787773979,"ROE_AVG":8.328442398498,"GROSS_PROFIT_QOQ":null,"ROA":0.598835453336,"HOLDER_PROFIT_QOQ":-1.860795098698,"ROE_YEARLY":11.104589864665,"ROIC_YEARLY":0.634399790309,"TOTAL_ASSETS":741481553000,"TOTAL_LIABILITIES":685959995000,"TAX_EBT":11.833975362313,"OCF_SALES":-91.103939310743,"TOTAL_PARENT_EQUITY":53210346000,"DEBT_ASSET_RATIO":92.5120783146,"OPERATE_PROFIT":4809965000,"PRETAX_PROFIT":5102833000,"NETCASH_OPERATE":-9072256000,"NETCASH_INVEST":-18598084000,"NETCASH_FINANCE":23785643000,"END_CASH":15646511000,"DIVI_RATIO":0.402646204227,"DIVIDEND_RATE":10.468584974958,"CURRENT_RATIO":null,"COMMON_ACS":null,"CURRENTDEBT_DEBT":null,"ISSUED_COMMON_SHARES":3474570078,"HK_COMMON_SHARES":1579020812,"PER_SHARES":500,"TOTAL_MARKET_CAP":20812674767.22,"HKSK_MARKET_CAP":9458334663.88,"PE_TTM":3.653484449244,"PB_TTM":0.358620244632,"REPORT_DATE_SQ":"2022-09-30 00:00:00","REPORT_TYPE_SQ":"2022年三季报","OPERATE_INCOME_SQ":10466959000,"DPS_HKD":0.62706824,"OPERATE_INCOME_QOQ_SQ":-0.087350175404,"NET_PROFIT_RATIO_SQ":42.3874021098,"HOLDER_PROFIT_SQ":4241288000,"HOLDER_PROFIT_QOQ_SQ":0.983153604622,"ROE_AVG_SQ":8.631881920536,"PE_TTM_SQ":2.676360741029,"PB_TTM_SQ":0.279086384335,"ROA_SQ":0.657935714704,"START_DATE":"2023-01-01 00:00:00","FISCAL_YEAR":"12-31","CURRENCY":"HKD","IS_CNY_CODE":0,"DPS_HKD_LY":0.4322902,"ORG_TYPE":"银行","PREMIUM_INCOME":null,"PREMIUM_INCOME_YOY":null,"NET_INTEREST_INCOME":8061873000,"NET_INTEREST_INCOME_YOY":-1.868711121011,"FEE_COMMISSION_INCOME":336947000,"FEE_COMMISSION_INCOME_YOY":null,"ACCOUNTS_RECE_TDAYS":null,"INVENTORY_TDAYS":null,"CURRENT_ASSETS_TDAYS":null,"TOTAL_ASSETS_TDAYS":0.013964632007,"PREMIUM_EXPENSE":null,"LOAN_DEPOSIT":91.723669918766,"LOAN_EQUITY":6.74834324714,"LOAN_ASSETS":50.531065740485,"DEPOSIT_EQUITY":7.357253861644,"DEPOSIT_ASSETS":55.090540735273,"EQUITY_MULTIPLIER":13.354840528712,"EQUITY_RATIO":12.891477815235},{"SECUCODE":"01963.HK","SECURITY_CODE":"01963","SECURITY_NAME_ABBR":"重庆银行","ORG_CODE":"10008291","STD_REPORT_DATE":"2023-06-30 00:00:00","REPORT_DATE":"2023-06-30 00:00:00","DATE_TYPE_CODE":"002","REPORT_TYPE":"2023年中报","PER_NETCASH_OPERATE":-1.95628002264,"PER_OI":1.937356446768,"BPS":13.287247620164,"BASIC_EPS":0.84,"DILUTED_EPS":0.66,"OPERATE_INCOME":6731451000,"OPERATE_INCOME_YOY":1.2925178871,"GROSS_PROFIT":null,"GROSS_PROFIT_YOY":null,"HOLDER_PROFIT":2906469000,"HOLDER_PROFIT_YOY":4.3753732541,"GROSS_PROFIT_RATIO":null,"EPS_TTM":1.436067465343,"OPERATE_INCOME_QOQ":0.662578033384,"NET_PROFIT_RATIO":45.3443098672,"ROE_AVG":5.751110001793,"GROSS_PROFIT_QOQ":null,"ROA":0.411747206658,"HOLDER_PROFIT_QOQ":1.69071659857,"ROE_YEARLY":11.502220003585,"ROIC_YEARLY":0.873347127953,"TOTAL_ASSETS":727060949000,"TOTAL_LIABILITIES":673094013000,"TAX_EBT":10.921630891793,"OCF_SALES":-100.976773061261,"TOTAL_PARENT_EQUITY":51738550000,"DEBT_ASSET_RATIO":92.5773848707,"OPERATE_PROFIT":3180103000,"PRETAX_PROFIT":3426567000,"NETCASH_OPERATE":-6797202000,"NETCASH_INVEST":-14341502000,"NETCASH_FINANCE":14890564000,"END_CASH":13266784000,"DIVI_RATIO":0.395153299595,"DIVIDEND_RATE":10.468584974958,"CURRENT_RATIO":null,"COMMON_ACS":null,"CURRENTDEBT_DEBT":null,"ISSUED_COMMON_SHARES":3474570078,"HK_COMMON_SHARES":1579020812,"PER_SHARES":500,"TOTAL_MARKET_CAP":20812674767.22,"HKSK_MARKET_CAP":9458334663.88,"PE_TTM":3.653484449244,"PB_TTM":0.358620244632,"REPORT_DATE_SQ":"2022-06-30 00:00:00","REPORT_TYPE_SQ":"2022年中报","OPERATE_INCOME_SQ":6645556000,"DPS_HKD":0.62706824,"OPERATE_INCOME_QOQ_SQ":-0.311258878861,"NET_PROFIT_RATIO_SQ":43.5925902964,"HOLDER_PROFIT_SQ":2784631000,"HOLDER_PROFIT_QOQ_SQ":2.482094436773,"ROE_AVG_SQ":5.756337143255,"PE_TTM_SQ":2.676360741029,"PB_TTM_SQ":0.279086384335,"ROA_SQ":0.434220435839,"START_DATE":"2023-01-01 00:00:00","FISCAL_YEAR":"12-31","CURRENCY":"HKD","IS_CNY_CODE":0,"DPS_HKD_LY":0.4322902,"ORG_TYPE":"银行","PREMIUM_INCOME":null,"PREMIUM_INCOME_YOY":null,"NET_INTEREST_INCOME":5386427000,"NET_INTEREST_INCOME_YOY":0.595532127042,"FEE_COMMISSION_INCOME":196546000,"FEE_COMMISSION_INCOME_YOY":null,"ACCOUNTS_RECE_TDAYS":null,"INVENTORY_TDAYS":null,"CURRENT_ASSETS_TDAYS":null,"TOTAL_ASSETS_TDAYS":0.009536162767,"PREMIUM_EXPENSE":null,"LOAN_DEPOSIT":90.349544016824,"LOAN_EQUITY":6.800069435107,"LOAN_ASSETS":50.474298269594,"DEPOSIT_EQUITY":7.526401498873,"DEPOSIT_ASSETS":55.865581635027,"EQUITY_MULTIPLIER":13.472340712542,"EQUITY_RATIO":13.009526030397},{"SECUCODE":"01963.HK","SECURITY_CODE":"01963","SECURITY_NAME_ABBR":"重庆银行","ORG_CODE":"10008291","STD_REPORT_DATE":"2023-03-31 00:00:00","REPORT_DATE":"2023-03-31 00:00:00","DATE_TYPE_CODE":"003","REPORT_TYPE":"2023年一季报","PER_NETCASH_OPERATE":1.236319542355,"PER_OI":0.899256163433,"BPS":13.157213690827,"BASIC_EPS":0.43,"DILUTED_EPS":0.37,"OPERATE_INCOME":3124509000,"OPERATE_INCOME_YOY":-0.0378795998,"GROSS_PROFIT":null,"GROSS_PROFIT_YOY":null,"HOLDER_PROFIT":1482261000,"HOLDER_PROFIT_YOY":2.6936043265,"GROSS_PROFIT_RATIO":null,"EPS_TTM":1.412193912816,"OPERATE_INCOME_QOQ":-0.009008161821,"NET_PROFIT_RATIO":49.4090431489,"ROE_AVG":2.946159911046,"GROSS_PROFIT_QOQ":null,"ROA":0.212689048391,"HOLDER_PROFIT_QOQ":0.79868821126,"ROE_YEARLY":11.784639644186,"ROIC_YEARLY":0.902605237115,"TOTAL_ASSETS":709116608000,"TOTAL_LIABILITIES":655609371000,"TAX_EBT":14.618201849232,"OCF_SALES":137.482465244939,"TOTAL_PARENT_EQUITY":51286743000,"DEBT_ASSET_RATIO":92.4543810713,"OPERATE_PROFIT":1697092000,"PRETAX_PROFIT":1808102000,"NETCASH_OPERATE":4295652000,"NETCASH_INVEST":-11769564000,"NETCASH_FINANCE":-59767000,"END_CASH":11958993000,"DIVI_RATIO":0.401833482089,"DIVIDEND_RATE":10.468584974958,"CURRENT_RATIO":null,"COMMON_ACS":null,"CURRENTDEBT_DEBT":null,"ISSUED_COMMON_SHARES":3474570078,"HK_COMMON_SHARES":1579020812,"PER_SHARES":500,"TOTAL_MARKET_CAP":20812674767.22,"HKSK_MARKET_CAP":9458334663.88,"PE_TTM":3.653484449244,"PB_TTM":0.358620244632,"REPORT_DATE_SQ":"2022-03-31 00:00:00","REPORT_TYPE_SQ":"2022年一季报","OPERATE_INCOME_SQ":3125693000,"DPS_HKD":0.62706824,"OPERATE_INCOME_QOQ_SQ":-3.383713793576,"NET_PROFIT_RATIO_SQ":47.6567916299,"HOLDER_PROFIT_SQ":1443382000,"HOLDER_PROFIT_QOQ_SQ":0.198252776793,"ROE_AVG_SQ":2.979256384928,"PE_TTM_SQ":2.676360741029,"PB_TTM_SQ":0.279086384335,"ROA_SQ":0.228726307175,"START_DATE":"2023-01-01 00:00:00","FISCAL_YEAR":"12-31","CURRENCY":"HKD","IS_CNY_CODE":0,"DPS_HKD_LY":0.4322902,"ORG_TYPE":"银行","PREMIUM_INCOME":null,"PREMIUM_INCOME_YOY":null,"NET_INTEREST_INCOME":2546898000,"NET_INTEREST_INCOME_YOY":-5.272413158252,"FEE_COMMISSION_INCOME":75818000,"FEE_COMMISSION_INCOME_YOY":null,"ACCOUNTS_RECE_TDAYS":null,"INVENTORY_TDAYS":null,"CURRENT_ASSETS_TDAYS":null,"TOTAL_ASSETS_TDAYS":0.004483345685,"PREMIUM_EXPENSE":null,"LOAN_DEPOSIT":88.539702272388,"LOAN_EQUITY":6.655683697516,"LOAN_ASSETS":50.221252891598,"DEPOSIT_EQUITY":7.517174246915,"DEPOSIT_ASSETS":56.72173228807,"EQUITY_MULTIPLIER":13.252723327923,"EQUITY_RATIO":12.783213217498},{"SECUCODE":"01963.HK","SECURITY_CODE":"01963","SECURITY_NAME_ABBR":"重庆银行","ORG_CODE":"10008291","STD_REPORT_DATE":"2022-12-31 00:00:00","REPORT_DATE":"2022-12-31 00:00:00","DATE_TYPE_CODE":"001","REPORT_TYPE":"2022年年报","PER_NETCASH_OPERATE":1.528736822279,"PER_OI":3.78284221512,"BPS":12.595924392808,"BASIC_EPS":1.31,"DILUTED_EPS":1.11,"OPERATE_INCOME":13143636000,"OPERATE_INCOME_YOY":-7.6269410985,"GROSS_PROFIT":null,"GROSS_PROFIT_YOY":null,"HOLDER_PROFIT":4867857000,"HOLDER_PROFIT_YOY":4.3766133769,"GROSS_PROFIT_RATIO":null,"EPS_TTM":1.401007678299,"OPERATE_INCOME_QOQ":-4.009468445744,"NET_PROFIT_RATIO":38.927774628,"ROE_AVG":10.077366972468,"GROSS_PROFIT_QOQ":null,"ROA":0.746795009869,"HOLDER_PROFIT_QOQ":0.65749804593,"ROE_YEARLY":10.077366972468,"ROIC_YEARLY":0.797155183988,"TOTAL_ASSETS":684712563000,"TOTAL_LIABILITIES":633217086000,"TAX_EBT":18.642451021532,"OCF_SALES":40.412386648565,"TOTAL_PARENT_EQUITY":49336512000,"DEBT_ASSET_RATIO":92.479256292,"OPERATE_PROFIT":5958710000,"PRETAX_PROFIT":6288937000,"NETCASH_OPERATE":5311657000,"NETCASH_INVEST":-12892858000,"NETCASH_FINANCE":9944601000,"END_CASH":19486479000,"DIVI_RATIO":0.405041889607,"DIVIDEND_RATE":10.468584974958,"CURRENT_RATIO":null,"COMMON_ACS":null,"CURRENTDEBT_DEBT":null,"ISSUED_COMMON_SHARES":3474570078,"HK_COMMON_SHARES":1579020812,"PER_SHARES":500,"TOTAL_MARKET_CAP":20812674767.22,"HKSK_MARKET_CAP":9458334663.88,"PE_TTM":3.653484449244,"PB_TTM":0.358620244632,"REPORT_DATE_SQ":"2021-12-31 00:00:00","REPORT_TYPE_SQ":"2021年年报","OPERATE_INCOME_SQ":14228863000,"DPS_HKD":0.62706824,"OPERATE_INCOME_QOQ_SQ":0.927908732884,"NET_PROFIT_RATIO_SQ":34.1490743147,"HOLDER_PROFIT_SQ":4663743000,"HOLDER_PROFIT_QOQ_SQ":1.346698912223,"ROE_AVG_SQ":10.666300278273,"PE_TTM_SQ":2.676360741029,"PB_TTM_SQ":0.279086384335,"ROA_SQ":0.790066522871,"START_DATE":"2022-01-01 00:00:00","FISCAL_YEAR":"12-31","CURRENCY":"HKD","IS_CNY_CODE":0,"DPS_HKD_LY":0.45681569,"ORG_TYPE":"银行","PREMIUM_INCOME":null,"PREMIUM_INCOME_YOY":null,"NET_INTEREST_INCOME":10808258000,"NET_INTEREST_INCOME_YOY":-6.799434635825,"FEE_COMMISSION_INCOME":761341000,"FEE_COMMISSION_INCOME_YOY":null,"ACCOUNTS_RECE_TDAYS":null,"INVENTORY_TDAYS":null,"CURRENT_ASSETS_TDAYS":null,"TOTAL_ASSETS_TDAYS":0.020164112825,"PREMIUM_EXPENSE":null,"LOAN_DEPOSIT":89.506333442134,"LOAN_EQUITY":6.650026583888,"LOAN_ASSETS":50.013145589093,"DEPOSIT_EQUITY":7.429671541833,"DEPOSIT_ASSETS":55.876655501062,"EQUITY_MULTIPLIER":13.296557346267,"EQUITY_RATIO":12.834654504964},{"SECUCODE":"01963.HK","SECURITY_CODE":"01963","SECURITY_NAME_ABBR":"重庆银行","ORG_CODE":"10008291","STD_REPORT_DATE":"2022-09-30 00:00:00","REPORT_DATE":"2022-09-30 00:00:00","DATE_TYPE_CODE":"004","REPORT_TYPE":"2022年三季报","PER_NETCASH_OPERATE":-3.343169209276,"PER_OI":3.012488384994,"BPS":12.955875112443,"BASIC_EPS":1.22,"DILUTED_EPS":1.04,"OPERATE_INCOME":10466959000,"OPERATE_INCOME_YOY":-4.8733621105,"GROSS_PROFIT":null,"GROSS_PROFIT_YOY":null,"HOLDER_PROFIT":4241288000,"HOLDER_PROFIT_YOY":4.2349036157,"GROSS_PROFIT_RATIO":null,"EPS_TTM":1.391863155204,"OPERATE_INCOME_QOQ":-0.087350175404,"NET_PROFIT_RATIO":42.3874021098,"ROE_AVG":8.631881920536,"GROSS_PROFIT_QOQ":null,"ROA":0.657935714704,"HOLDER_PROFIT_QOQ":0.983153604622,"ROE_YEARLY":11.509175894048,"ROIC_YEARLY":0.698874013444,"TOTAL_ASSETS":670317628000,"TOTAL_LIABILITIES":617214838000,"TAX_EBT":17.414674135201,"OCF_SALES":-110.976999145597,"TOTAL_PARENT_EQUITY":50997109000,"DEBT_ASSET_RATIO":92.0779660594,"OPERATE_PROFIT":5177114000,"PRETAX_PROFIT":5372228000,"NETCASH_OPERATE":-11615917000,"NETCASH_INVEST":-12585716000,"NETCASH_FINANCE":18998200000,"END_CASH":12173925000,"DIVI_RATIO":0.407703009632,"DIVIDEND_RATE":10.468584974958,"CURRENT_RATIO":null,"COMMON_ACS":null,"CURRENTDEBT_DEBT":null,"ISSUED_COMMON_SHARES":3474570078,"HK_COMMON_SHARES":1579020812,"PER_SHARES":500,"TOTAL_MARKET_CAP":20812674767.22,"HKSK_MARKET_CAP":9458334663.88,"PE_TTM":3.653484449244,"PB_TTM":0.358620244632,"REPORT_DATE_SQ":"2021-09-30 00:00:00","REPORT_TYPE_SQ":"2021年三季报","OPERATE_INCOME_SQ":11003184000,"DPS_HKD":0.62706824,"OPERATE_INCOME_QOQ_SQ":4.040005310466,"NET_PROFIT_RATIO_SQ":38.3170816738,"HOLDER_PROFIT_SQ":4068971000,"HOLDER_PROFIT_QOQ_SQ":1.418452377017,"ROE_AVG_SQ":9.354983757124,"PE_TTM_SQ":2.676360741029,"PB_TTM_SQ":0.279086384335,"ROA_SQ":0.692955046324,"START_DATE":"2022-01-01 00:00:00","FISCAL_YEAR":"12-31","CURRENCY":"HKD","IS_CNY_CODE":0,"DPS_HKD_LY":0.45681569,"ORG_TYPE":"银行","PREMIUM_INCOME":null,"PREMIUM_INCOME_YOY":null,"NET_INTEREST_INCOME":8215395000,"NET_INTEREST_INCOME_YOY":-4.904922227194,"FEE_COMMISSION_INCOME":645073000,"FEE_COMMISSION_INCOME_YOY":null,"ACCOUNTS_RECE_TDAYS":null,"INVENTORY_TDAYS":null,"CURRENT_ASSETS_TDAYS":null,"TOTAL_ASSETS_TDAYS":0.016237016091,"PREMIUM_EXPENSE":null,"LOAN_DEPOSIT":86.946478143309,"LOAN_EQUITY":6.249401585114,"LOAN_ASSETS":49.50797146573,"DEPOSIT_EQUITY":7.187642005251,"DEPOSIT_ASSETS":56.940743918494,"EQUITY_MULTIPLIER":12.623020899659,"EQUITY_RATIO":12.102937795944}],"count":49},"success":true,"message":"ok","code":0}