{"version":"a67f192644416a72b4ad8c9f6a6c2a36","result":{"pages":2,"data":[{"SECUCODE":"01965.HK","SECURITY_CODE":"01965","SECURITY_NAME_ABBR":"朗诗绿色生活","ORG_CODE":"10000165296","STD_REPORT_DATE":"2024-06-30 00:00:00","REPORT_DATE":"2024-06-30 00:00:00","DATE_TYPE_CODE":"002","REPORT_TYPE":"2024年中报","PER_NETCASH_OPERATE":-0.353596338539,"PER_OI":0.953128917994,"BPS":0.659754360766,"BASIC_EPS":0.03,"DILUTED_EPS":0.03,"OPERATE_INCOME":391512000,"OPERATE_INCOME_YOY":-19.0150546709,"GROSS_PROFIT":67531000,"GROSS_PROFIT_YOY":-22.144594703651,"HOLDER_PROFIT":11146000,"HOLDER_PROFIT_YOY":-17.1793728637,"GROSS_PROFIT_RATIO":17.248768875539,"EPS_TTM":-0.332416345112,"OPERATE_INCOME_QOQ":-9.870983329307,"NET_PROFIT_RATIO":2.4019697991,"ROE_AVG":4.206990261946,"GROSS_PROFIT_QOQ":-13.212543937487,"ROA":1.045329661956,"HOLDER_PROFIT_QOQ":-1.72237825274,"ROE_YEARLY":8.413980523892,"ROIC_YEARLY":2.782250112952,"TOTAL_ASSETS":1044706000,"TOTAL_LIABILITIES":769220000,"TAX_EBT":28.816895011733,"OCF_SALES":-37.098479740085,"TOTAL_PARENT_EQUITY":271004000,"DEBT_ASSET_RATIO":73.6302845011,"OPERATE_PROFIT":9842000,"PRETAX_PROFIT":13211000,"NETCASH_OPERATE":-145245000,"NETCASH_INVEST":-50000,"NETCASH_FINANCE":-819000,"END_CASH":186600000,"DIVI_RATIO":null,"DIVIDEND_RATE":null,"CURRENT_RATIO":0.864014727069,"COMMON_ACS":2000000000,"CURRENTDEBT_DEBT":97.454564363901,"ISSUED_COMMON_SHARES":410765000,"HK_COMMON_SHARES":410765000,"PER_SHARES":1000,"TOTAL_MARKET_CAP":68186990,"HKSK_MARKET_CAP":68186990,"PE_TTM":-0.453044004678,"PB_TTM":0.229638315424,"REPORT_DATE_SQ":"2023-06-30 00:00:00","REPORT_TYPE_SQ":"2023年中报","OPERATE_INCOME_SQ":483438000,"DPS_HKD":null,"OPERATE_INCOME_QOQ_SQ":7.331464021748,"NET_PROFIT_RATIO_SQ":2.8760668379,"HOLDER_PROFIT_SQ":13458000,"HOLDER_PROFIT_QOQ_SQ":-32.002111189303,"ROE_AVG_SQ":3.374425027612,"PE_TTM_SQ":3.996841765392,"PB_TTM_SQ":0.181949032888,"ROA_SQ":1.226282240822,"START_DATE":"2024-01-01 00:00:00","FISCAL_YEAR":"12-31","CURRENCY":"HKD","IS_CNY_CODE":0,"DPS_HKD_LY":null,"ORG_TYPE":"一般企业","PREMIUM_INCOME":null,"PREMIUM_INCOME_YOY":null,"NET_INTEREST_INCOME":null,"NET_INTEREST_INCOME_YOY":null,"FEE_COMMISSION_INCOME":null,"FEE_COMMISSION_INCOME_YOY":null,"ACCOUNTS_RECE_TDAYS":1.558746829849,"INVENTORY_TDAYS":317.784207945071,"CURRENT_ASSETS_TDAYS":0.584797086112,"TOTAL_ASSETS_TDAYS":0.367180249966,"PREMIUM_EXPENSE":null,"LOAN_DEPOSIT":null,"LOAN_EQUITY":null,"LOAN_ASSETS":null,"DEPOSIT_EQUITY":null,"DEPOSIT_ASSETS":null,"EQUITY_MULTIPLIER":3.792229006194,"EQUITY_RATIO":2.838408289177},{"SECUCODE":"01965.HK","SECURITY_CODE":"01965","SECURITY_NAME_ABBR":"朗诗绿色生活","ORG_CODE":"10000165296","STD_REPORT_DATE":"2023-12-31 00:00:00","REPORT_DATE":"2023-12-31 00:00:00","DATE_TYPE_CODE":"001","REPORT_TYPE":"2023年年报","PER_NETCASH_OPERATE":0.292196267939,"PER_OI":2.267172227429,"BPS":0.630228963032,"BASIC_EPS":-0.349,"DILUTED_EPS":-0.349,"OPERATE_INCOME":931275000,"OPERATE_INCOME_YOY":4.7018732841,"GROSS_PROFIT":145377000,"GROSS_PROFIT_YOY":-26.654322731676,"HOLDER_PROFIT":-134233000,"HOLDER_PROFIT_YOY":-572.3187895848,"GROSS_PROFIT_RATIO":15.610533945397,"EPS_TTM":-0.326787822721,"OPERATE_INCOME_QOQ":-2.449971927296,"NET_PROFIT_RATIO":-14.524388607,"ROE_AVG":-41.261771084208,"GROSS_PROFIT_QOQ":-19.118170690998,"ROA":-12.493740704131,"HOLDER_PROFIT_QOQ":-794.608020698577,"ROE_YEARLY":-41.261771084208,"ROIC_YEARLY":-18.587091378375,"TOTAL_ASSETS":1087827000,"TOTAL_LIABILITIES":822727000,"TAX_EBT":19.133595590257,"OCF_SALES":12.888137231215,"TOTAL_PARENT_EQUITY":258876000,"DEBT_ASSET_RATIO":75.6303162176,"OPERATE_PROFIT":-169544000,"PRETAX_PROFIT":-167266000,"NETCASH_OPERATE":120024000,"NETCASH_INVEST":-141983000,"NETCASH_FINANCE":-3381000,"END_CASH":332783000,"DIVI_RATIO":null,"DIVIDEND_RATE":null,"CURRENT_RATIO":0.862538727504,"COMMON_ACS":2000000000,"CURRENTDEBT_DEBT":97.411778147551,"ISSUED_COMMON_SHARES":410765000,"HK_COMMON_SHARES":410765000,"PER_SHARES":1000,"TOTAL_MARKET_CAP":70651580,"HKSK_MARKET_CAP":70651580,"PE_TTM":-0.469419089184,"PB_TTM":0.2379384955,"REPORT_DATE_SQ":"2022-12-31 00:00:00","REPORT_TYPE_SQ":"2022年年报","OPERATE_INCOME_SQ":889454000,"DPS_HKD":null,"OPERATE_INCOME_QOQ_SQ":6.861089018269,"NET_PROFIT_RATIO_SQ":3.2925817412,"HOLDER_PROFIT_SQ":28420000,"HOLDER_PROFIT_QOQ_SQ":-57.226494890357,"ROE_AVG_SQ":7.546668790993,"PE_TTM_SQ":6.55891982013,"PB_TTM_SQ":0.298583028328,"ROA_SQ":2.977539067104,"START_DATE":"2023-01-01 00:00:00","FISCAL_YEAR":"12-31","CURRENCY":"HKD","IS_CNY_CODE":0,"DPS_HKD_LY":null,"ORG_TYPE":"一般企业","PREMIUM_INCOME":null,"PREMIUM_INCOME_YOY":null,"NET_INTEREST_INCOME":null,"NET_INTEREST_INCOME_YOY":null,"FEE_COMMISSION_INCOME":null,"FEE_COMMISSION_INCOME_YOY":null,"ACCOUNTS_RECE_TDAYS":3.552566075955,"INVENTORY_TDAYS":734.484112149533,"CURRENT_ASSETS_TDAYS":1.172540438182,"TOTAL_ASSETS_TDAYS":0.866784499657,"PREMIUM_EXPENSE":null,"LOAN_DEPOSIT":null,"LOAN_EQUITY":null,"LOAN_ASSETS":null,"DEPOSIT_EQUITY":null,"DEPOSIT_ASSETS":null,"EQUITY_MULTIPLIER":4.103459072055,"EQUITY_RATIO":3.178073672337},{"SECUCODE":"01965.HK","SECURITY_CODE":"01965","SECURITY_NAME_ABBR":"朗诗绿色生活","ORG_CODE":"10000165296","STD_REPORT_DATE":"2023-06-30 00:00:00","REPORT_DATE":"2023-06-30 00:00:00","DATE_TYPE_CODE":"002","REPORT_TYPE":"2023年中报","PER_NETCASH_OPERATE":-0.059459788444,"PER_OI":1.176921110611,"BPS":0.988112424379,"BASIC_EPS":0.03,"DILUTED_EPS":0.03,"OPERATE_INCOME":483438000,"OPERATE_INCOME_YOY":15.5919737559,"GROSS_PROFIT":86739000,"GROSS_PROFIT_YOY":-17.553965040349,"HOLDER_PROFIT":13458000,"HOLDER_PROFIT_YOY":-40.3272291935,"GROSS_PROFIT_RATIO":17.942114604148,"EPS_TTM":0.04704636471,"OPERATE_INCOME_QOQ":7.331464021748,"NET_PROFIT_RATIO":2.8760668379,"ROE_AVG":3.374425027612,"GROSS_PROFIT_QOQ":-9.317484662577,"ROA":1.226282240822,"HOLDER_PROFIT_QOQ":-32.002111189303,"ROE_YEARLY":6.748850055225,"ROIC_YEARLY":3.243372210581,"TOTAL_ASSETS":1133950000,"TOTAL_LIABILITIES":720369000,"TAX_EBT":24.484032152944,"OCF_SALES":-5.052147328096,"TOTAL_PARENT_EQUITY":405882000,"DEBT_ASSET_RATIO":63.5274042065,"OPERATE_PROFIT":15199000,"PRETAX_PROFIT":18412000,"NETCASH_OPERATE":-24424000,"NETCASH_INVEST":-169640000,"NETCASH_FINANCE":-1878000,"END_CASH":162045000,"DIVI_RATIO":null,"DIVIDEND_RATE":null,"CURRENT_RATIO":1.083382662151,"COMMON_ACS":2000000000,"CURRENTDEBT_DEBT":96.853001725505,"ISSUED_COMMON_SHARES":410765000,"HK_COMMON_SHARES":410765000,"PER_SHARES":1000,"TOTAL_MARKET_CAP":70651580,"HKSK_MARKET_CAP":70651580,"PE_TTM":-0.469419089184,"PB_TTM":0.2379384955,"REPORT_DATE_SQ":"2022-06-30 00:00:00","REPORT_TYPE_SQ":"2022年中报","OPERATE_INCOME_SQ":418228000,"DPS_HKD":null,"OPERATE_INCOME_QOQ_SQ":12.903645868658,"NET_PROFIT_RATIO_SQ":5.7083695974,"HOLDER_PROFIT_SQ":22553000,"HOLDER_PROFIT_QOQ_SQ":13.906841987965,"ROE_AVG_SQ":6.023602436363,"PE_TTM_SQ":6.55891982013,"PB_TTM_SQ":0.298583028328,"ROA_SQ":2.489588996487,"START_DATE":"2023-01-01 00:00:00","FISCAL_YEAR":"12-31","CURRENCY":"HKD","IS_CNY_CODE":0,"DPS_HKD_LY":null,"ORG_TYPE":"一般企业","PREMIUM_INCOME":null,"PREMIUM_INCOME_YOY":null,"NET_INTEREST_INCOME":null,"NET_INTEREST_INCOME_YOY":null,"FEE_COMMISSION_INCOME":null,"FEE_COMMISSION_INCOME_YOY":null,"ACCOUNTS_RECE_TDAYS":1.405655618183,"INVENTORY_TDAYS":365.116428900138,"CURRENT_ASSETS_TDAYS":0.58489294542,"TOTAL_ASSETS_TDAYS":0.440504855059,"PREMIUM_EXPENSE":null,"LOAN_DEPOSIT":null,"LOAN_EQUITY":null,"LOAN_ASSETS":null,"DEPOSIT_EQUITY":null,"DEPOSIT_ASSETS":null,"EQUITY_MULTIPLIER":2.741784559733,"EQUITY_RATIO":1.774823717238},{"SECUCODE":"01965.HK","SECURITY_CODE":"01965","SECURITY_NAME_ABBR":"朗诗绿色生活","ORG_CODE":"10000165296","STD_REPORT_DATE":"2022-12-31 00:00:00","REPORT_DATE":"2022-12-31 00:00:00","DATE_TYPE_CODE":"001","REPORT_TYPE":"2022年年报","PER_NETCASH_OPERATE":0.131223448931,"PER_OI":2.165359755578,"BPS":0.953744841941,"BASIC_EPS":0.074,"DILUTED_EPS":0.074,"OPERATE_INCOME":889454000,"OPERATE_INCOME_YOY":20.6500655166,"GROSS_PROFIT":198208000,"GROSS_PROFIT_YOY":6.521633982362,"HOLDER_PROFIT":28420000,"HOLDER_PROFIT_YOY":-51.278051122,"GROSS_PROFIT_RATIO":22.284232798998,"EPS_TTM":0.069187978528,"OPERATE_INCOME_QOQ":6.861089018269,"NET_PROFIT_RATIO":3.2925817412,"ROE_AVG":7.546668790993,"GROSS_PROFIT_QOQ":-7.745010425976,"ROA":2.977539067104,"HOLDER_PROFIT_QOQ":-57.226494890357,"ROE_YEARLY":7.546668790993,"ROIC_YEARLY":5.190033382762,"TOTAL_ASSETS":1060977000,"TOTAL_LIABILITIES":661949000,"TAX_EBT":28.893313261788,"OCF_SALES":6.060122277262,"TOTAL_PARENT_EQUITY":391765000,"DEBT_ASSET_RATIO":62.3905136492,"OPERATE_PROFIT":38232000,"PRETAX_PROFIT":41186000,"NETCASH_OPERATE":53902000,"NETCASH_INVEST":-134710000,"NETCASH_FINANCE":-4641000,"END_CASH":358166000,"DIVI_RATIO":null,"DIVIDEND_RATE":null,"CURRENT_RATIO":1.377734679117,"COMMON_ACS":2000000000,"CURRENTDEBT_DEBT":98.379029200135,"ISSUED_COMMON_SHARES":410765000,"HK_COMMON_SHARES":410765000,"PER_SHARES":1000,"TOTAL_MARKET_CAP":70651580,"HKSK_MARKET_CAP":70651580,"PE_TTM":-0.469419089184,"PB_TTM":0.2379384955,"REPORT_DATE_SQ":"2021-12-31 00:00:00","REPORT_TYPE_SQ":"2021年年报","OPERATE_INCOME_SQ":737218000,"DPS_HKD":null,"OPERATE_INCOME_QOQ_SQ":10.065392654524,"NET_PROFIT_RATIO_SQ":7.9138056857,"HOLDER_PROFIT_SQ":58331000,"HOLDER_PROFIT_QOQ_SQ":-10.740627390972,"ROE_AVG_SQ":23.818390438507,"PE_TTM_SQ":6.55891982013,"PB_TTM_SQ":0.298583028328,"ROA_SQ":7.96929830254,"START_DATE":"2022-01-01 00:00:00","FISCAL_YEAR":"12-31","CURRENCY":"HKD","IS_CNY_CODE":0,"DPS_HKD_LY":null,"ORG_TYPE":"一般企业","PREMIUM_INCOME":null,"PREMIUM_INCOME_YOY":null,"NET_INTEREST_INCOME":null,"NET_INTEREST_INCOME_YOY":null,"FEE_COMMISSION_INCOME":null,"FEE_COMMISSION_INCOME_YOY":null,"ACCOUNTS_RECE_TDAYS":3.391490521828,"INVENTORY_TDAYS":607.155028546333,"CURRENT_ASSETS_TDAYS":1.042199852596,"TOTAL_ASSETS_TDAYS":0.931873340391,"PREMIUM_EXPENSE":null,"LOAN_DEPOSIT":null,"LOAN_EQUITY":null,"LOAN_ASSETS":null,"DEPOSIT_EQUITY":null,"DEPOSIT_ASSETS":null,"EQUITY_MULTIPLIER":2.658903635834,"EQUITY_RATIO":1.689658341097},{"SECUCODE":"01965.HK","SECURITY_CODE":"01965","SECURITY_NAME_ABBR":"朗诗绿色生活","ORG_CODE":"10000165296","STD_REPORT_DATE":"2022-06-30 00:00:00","REPORT_DATE":"2022-06-30 00:00:00","DATE_TYPE_CODE":"002","REPORT_TYPE":"2022年中报","PER_NETCASH_OPERATE":-0.297671417964,"PER_OI":1.018168539189,"BPS":0.94313293489,"BASIC_EPS":0.06,"DILUTED_EPS":0.06,"OPERATE_INCOME":418228000,"OPERATE_INCOME_YOY":29.4422779325,"GROSS_PROFIT":105207000,"GROSS_PROFIT_YOY":37.647843835043,"HOLDER_PROFIT":22553000,"HOLDER_PROFIT_YOY":56.1733951942,"GROSS_PROFIT_RATIO":25.155417619098,"EPS_TTM":0.161754287731,"OPERATE_INCOME_QOQ":12.903645868658,"NET_PROFIT_RATIO":5.7083695974,"ROE_AVG":6.023602436363,"GROSS_PROFIT_QOQ":15.464360761637,"ROA":2.489588996487,"HOLDER_PROFIT_QOQ":13.906841987965,"ROE_YEARLY":12.047204872727,"ROIC_YEARLY":8.087534571404,"TOTAL_ASSETS":963803000,"TOTAL_LIABILITIES":568802000,"TAX_EBT":26.173541963016,"OCF_SALES":-29.235966984516,"TOTAL_PARENT_EQUITY":387406000,"DEBT_ASSET_RATIO":59.0164172554,"OPERATE_PROFIT":30326000,"PRETAX_PROFIT":32338000,"NETCASH_OPERATE":-122273000,"NETCASH_INVEST":-78654000,"NETCASH_FINANCE":-1863000,"END_CASH":240391000,"DIVI_RATIO":null,"DIVIDEND_RATE":null,"CURRENT_RATIO":1.44043114692,"COMMON_ACS":2000000000,"CURRENTDEBT_DEBT":97.994908597368,"ISSUED_COMMON_SHARES":410765000,"HK_COMMON_SHARES":410765000,"PER_SHARES":1000,"TOTAL_MARKET_CAP":77634585,"HKSK_MARKET_CAP":77634585,"PE_TTM":-0.515815161953,"PB_TTM":0.26145567238,"REPORT_DATE_SQ":"2021-06-30 00:00:00","REPORT_TYPE_SQ":"2021年中报","OPERATE_INCOME_SQ":323100000,"DPS_HKD":null,"OPERATE_INCOME_QOQ_SQ":11.465021151395,"NET_PROFIT_RATIO_SQ":4.4695140823,"HOLDER_PROFIT_SQ":14441000,"HOLDER_PROFIT_QOQ_SQ":-0.320317266626,"ROE_AVG_SQ":16.228669037866,"PE_TTM_SQ":6.55891982013,"PB_TTM_SQ":0.298583028328,"ROA_SQ":2.769626740007,"START_DATE":"2022-01-01 00:00:00","FISCAL_YEAR":"12-31","CURRENCY":"HKD","IS_CNY_CODE":0,"DPS_HKD_LY":null,"ORG_TYPE":"一般企业","PREMIUM_INCOME":null,"PREMIUM_INCOME_YOY":null,"NET_INTEREST_INCOME":null,"NET_INTEREST_INCOME_YOY":null,"FEE_COMMISSION_INCOME":null,"FEE_COMMISSION_INCOME_YOY":null,"ACCOUNTS_RECE_TDAYS":1.440179063361,"INVENTORY_TDAYS":235.886209495102,"CURRENT_ASSETS_TDAYS":0.518712137138,"TOTAL_ASSETS_TDAYS":0.46167508838,"PREMIUM_EXPENSE":null,"LOAN_DEPOSIT":null,"LOAN_EQUITY":null,"LOAN_ASSETS":null,"DEPOSIT_EQUITY":null,"DEPOSIT_ASSETS":null,"EQUITY_MULTIPLIER":2.440001417718,"EQUITY_RATIO":1.468232293769},{"SECUCODE":"01965.HK","SECURITY_CODE":"01965","SECURITY_NAME_ABBR":"朗诗绿色生活","ORG_CODE":"10000165296","STD_REPORT_DATE":"2021-12-31 00:00:00","REPORT_DATE":"2021-12-31 00:00:00","DATE_TYPE_CODE":"001","REPORT_TYPE":"2021年年报","PER_NETCASH_OPERATE":-0.002638978491,"PER_OI":1.794743953355,"BPS":0.879858313147,"BASIC_EPS":0.177,"DILUTED_EPS":0.177,"OPERATE_INCOME":737218000,"OPERATE_INCOME_YOY":22.6844132027,"GROSS_PROFIT":186073000,"GROSS_PROFIT_YOY":15.767436072917,"HOLDER_PROFIT":58331000,"HOLDER_PROFIT_YOY":-11.0265405735,"GROSS_PROFIT_RATIO":25.239888336964,"EPS_TTM":0.142005769722,"OPERATE_INCOME_QOQ":10.065392654524,"NET_PROFIT_RATIO":7.9138056857,"ROE_AVG":23.818390438507,"GROSS_PROFIT_QOQ":9.129243960659,"ROA":7.96929830254,"HOLDER_PROFIT_QOQ":-10.740627390972,"ROE_YEARLY":23.818390438507,"ROIC_YEARLY":16.635722984169,"TOTAL_ASSETS":847982000,"TOTAL_LIABILITIES":482306000,"TAX_EBT":23.796711119238,"OCF_SALES":-0.147039274679,"TOTAL_PARENT_EQUITY":361415000,"DEBT_ASSET_RATIO":56.8769148402,"OPERATE_PROFIT":74283000,"PRETAX_PROFIT":76561000,"NETCASH_OPERATE":-1084000,"NETCASH_INVEST":-96625000,"NETCASH_FINANCE":228103000,"END_CASH":444093000,"DIVI_RATIO":null,"DIVIDEND_RATE":null,"CURRENT_RATIO":1.678944530845,"COMMON_ACS":2000000000,"CURRENTDEBT_DEBT":99.988389113965,"ISSUED_COMMON_SHARES":410765000,"HK_COMMON_SHARES":410765000,"PER_SHARES":1000,"TOTAL_MARKET_CAP":77634585,"HKSK_MARKET_CAP":77634585,"PE_TTM":-0.515815161953,"PB_TTM":0.26145567238,"REPORT_DATE_SQ":"2020-12-31 00:00:00","REPORT_TYPE_SQ":"2020年年报","OPERATE_INCOME_SQ":600906000,"DPS_HKD":null,"OPERATE_INCOME_QOQ_SQ":11.803953381064,"NET_PROFIT_RATIO_SQ":10.9101922763,"HOLDER_PROFIT_SQ":65560000,"HOLDER_PROFIT_QOQ_SQ":19.639402897916,"ROE_AVG_SQ":68.598932719473,"PE_TTM_SQ":6.55891982013,"PB_TTM_SQ":0.298583028328,"ROA_SQ":8.203008186742,"START_DATE":"2021-01-01 00:00:00","FISCAL_YEAR":"12-31","CURRENCY":"HKD","IS_CNY_CODE":0,"DPS_HKD_LY":null,"ORG_TYPE":"一般企业","PREMIUM_INCOME":null,"PREMIUM_INCOME_YOY":null,"NET_INTEREST_INCOME":null,"NET_INTEREST_INCOME_YOY":null,"FEE_COMMISSION_INCOME":null,"FEE_COMMISSION_INCOME_YOY":null,"ACCOUNTS_RECE_TDAYS":4.453991547773,"INVENTORY_TDAYS":359.403325725465,"CURRENT_ASSETS_TDAYS":1.05147269618,"TOTAL_ASSETS_TDAYS":1.00720202911,"PREMIUM_EXPENSE":null,"LOAN_DEPOSIT":null,"LOAN_EQUITY":null,"LOAN_ASSETS":null,"DEPOSIT_EQUITY":null,"DEPOSIT_ASSETS":null,"EQUITY_MULTIPLIER":2.318943545654,"EQUITY_RATIO":1.334493587704},{"SECUCODE":"01965.HK","SECURITY_CODE":"01965","SECURITY_NAME_ABBR":"朗诗绿色生活","ORG_CODE":"10000165296","STD_REPORT_DATE":"2021-06-30 00:00:00","REPORT_DATE":"2021-06-30 00:00:00","DATE_TYPE_CODE":"002","REPORT_TYPE":"2021年中报","PER_NETCASH_OPERATE":-845.080270481623,"PER_OI":2972.53783522701,"BPS":0.120716224605,"BASIC_EPS":0.05,"DILUTED_EPS":0.05,"OPERATE_INCOME":323100000,"OPERATE_INCOME_YOY":27.1016419754,"GROSS_PROFIT":76432000,"GROSS_PROFIT_YOY":14.66806691171,"HOLDER_PROFIT":14441000,"HOLDER_PROFIT_YOY":-1.4333492594,"GROSS_PROFIT_RATIO":23.655834107088,"EPS_TTM":601.223607341644,"OPERATE_INCOME_QOQ":11.465021151395,"NET_PROFIT_RATIO":4.4695140823,"ROE_AVG":16.228669037866,"GROSS_PROFIT_QOQ":6.08287189697,"ROA":2.769626740007,"HOLDER_PROFIT_QOQ":-0.320317266626,"ROE_YEARLY":32.457338075732,"ROIC_YEARLY":10.610307596792,"TOTAL_ASSETS":426901000,"TOTAL_LIABILITIES":373065000,"TAX_EBT":33.863063888253,"OCF_SALES":-28.429588362736,"TOTAL_PARENT_EQUITY":49586000,"DEBT_ASSET_RATIO":87.3891136352,"OPERATE_PROFIT":21679000,"PRETAX_PROFIT":21835000,"NETCASH_OPERATE":-91856000,"NETCASH_INVEST":-1071000,"NETCASH_FINANCE":-41477000,"END_CASH":179883000,"DIVI_RATIO":null,"DIVIDEND_RATE":null,"CURRENT_RATIO":1.074367644417,"COMMON_ACS":2000000000,"CURRENTDEBT_DEBT":99.96408132631,"ISSUED_COMMON_SHARES":410765000,"HK_COMMON_SHARES":410765000,"PER_SHARES":1000,"TOTAL_MARKET_CAP":77634585,"HKSK_MARKET_CAP":77634585,"PE_TTM":-0.515815161953,"PB_TTM":0.26145567238,"REPORT_DATE_SQ":"2020-06-30 00:00:00","REPORT_TYPE_SQ":"2020年中报","OPERATE_INCOME_SQ":254206000,"DPS_HKD":null,"OPERATE_INCOME_QOQ_SQ":0,"NET_PROFIT_RATIO_SQ":5.7634359535,"HOLDER_PROFIT_SQ":14651000,"HOLDER_PROFIT_QOQ_SQ":0,"ROE_AVG_SQ":null,"PE_TTM_SQ":6.55891982013,"PB_TTM_SQ":0.298583028328,"ROA_SQ":null,"START_DATE":"2021-01-01 00:00:00","FISCAL_YEAR":"12-31","CURRENCY":"HKD","IS_CNY_CODE":0,"DPS_HKD_LY":null,"ORG_TYPE":"一般企业","PREMIUM_INCOME":null,"PREMIUM_INCOME_YOY":null,"NET_INTEREST_INCOME":null,"NET_INTEREST_INCOME_YOY":null,"FEE_COMMISSION_INCOME":null,"FEE_COMMISSION_INCOME_YOY":null,"ACCOUNTS_RECE_TDAYS":2.22550549144,"INVENTORY_TDAYS":167.687287559483,"CURRENT_ASSETS_TDAYS":0.650590182552,"TOTAL_ASSETS_TDAYS":0.619670659716,"PREMIUM_EXPENSE":null,"LOAN_DEPOSIT":null,"LOAN_EQUITY":null,"LOAN_ASSETS":null,"DEPOSIT_EQUITY":null,"DEPOSIT_ASSETS":null,"EQUITY_MULTIPLIER":7.929656735241,"EQUITY_RATIO":7.523595369661},{"SECUCODE":"01965.HK","SECURITY_CODE":"01965","SECURITY_NAME_ABBR":"朗诗绿色生活","ORG_CODE":"10000165296","STD_REPORT_DATE":"2020-12-31 00:00:00","REPORT_DATE":"2020-12-31 00:00:00","DATE_TYPE_CODE":"001","REPORT_TYPE":"2020年年报","PER_NETCASH_OPERATE":null,"PER_OI":null,"BPS":0.312546103003,"BASIC_EPS":0.238,"DILUTED_EPS":0.238,"OPERATE_INCOME":600906000,"OPERATE_INCOME_YOY":38.8450260982,"GROSS_PROFIT":160730000,"GROSS_PROFIT_YOY":58.981206726014,"HOLDER_PROFIT":65560000,"HOLDER_PROFIT_YOY":92.7951771798,"GROSS_PROFIT_RATIO":26.747943937987,"EPS_TTM":null,"OPERATE_INCOME_QOQ":11.803953381064,"NET_PROFIT_RATIO":10.9101922763,"ROE_AVG":68.598932719473,"GROSS_PROFIT_QOQ":16.745111711555,"ROA":8.203008186742,"HOLDER_PROFIT_QOQ":19.639402897916,"ROE_YEARLY":68.598932719473,"ROIC_YEARLY":20.882871490389,"TOTAL_ASSETS":615911000,"TOTAL_LIABILITIES":487528000,"TAX_EBT":23.103990241385,"OCF_SALES":15.463483473289,"TOTAL_PARENT_EQUITY":128383000,"DEBT_ASSET_RATIO":79.1555922852,"OPERATE_PROFIT":119500000,"PRETAX_PROFIT":85258000,"NETCASH_OPERATE":92921000,"NETCASH_INVEST":119629000,"NETCASH_FINANCE":-554641000,"END_CASH":314265000,"DIVI_RATIO":null,"DIVIDEND_RATE":null,"CURRENT_RATIO":1.215847398161,"COMMON_ACS":2000000000,"CURRENTDEBT_DEBT":99.97087346778,"ISSUED_COMMON_SHARES":410765000,"HK_COMMON_SHARES":410765000,"PER_SHARES":1000,"TOTAL_MARKET_CAP":77634585,"HKSK_MARKET_CAP":77634585,"PE_TTM":-0.515815161953,"PB_TTM":0.26145567238,"REPORT_DATE_SQ":"2019-12-31 00:00:00","REPORT_TYPE_SQ":"2019年年报","OPERATE_INCOME_SQ":432789000,"DPS_HKD":null,"OPERATE_INCOME_QOQ_SQ":39.553983419482,"NET_PROFIT_RATIO_SQ":7.9269574781,"HOLDER_PROFIT_SQ":34005000,"HOLDER_PROFIT_QOQ_SQ":34.593310904413,"ROE_AVG_SQ":35.128587883452,"PE_TTM_SQ":6.55891982013,"PB_TTM_SQ":0.298583028328,"ROA_SQ":3.381738116927,"START_DATE":"2020-01-01 00:00:00","FISCAL_YEAR":"12-31","CURRENCY":"HKD","IS_CNY_CODE":0,"DPS_HKD_LY":null,"ORG_TYPE":"一般企业","PREMIUM_INCOME":null,"PREMIUM_INCOME_YOY":null,"NET_INTEREST_INCOME":null,"NET_INTEREST_INCOME_YOY":null,"FEE_COMMISSION_INCOME":null,"FEE_COMMISSION_INCOME_YOY":null,"ACCOUNTS_RECE_TDAYS":6.908791979489,"INVENTORY_TDAYS":244.067646243416,"CURRENT_ASSETS_TDAYS":0.775815556825,"TOTAL_ASSETS_TDAYS":0.75186650968,"PREMIUM_EXPENSE":null,"LOAN_DEPOSIT":null,"LOAN_EQUITY":null,"LOAN_ASSETS":null,"DEPOSIT_EQUITY":null,"DEPOSIT_ASSETS":null,"EQUITY_MULTIPLIER":4.797449818111,"EQUITY_RATIO":3.797449818122},{"SECUCODE":"01965.HK","SECURITY_CODE":"01965","SECURITY_NAME_ABBR":"朗诗绿色生活","ORG_CODE":"10000165296","STD_REPORT_DATE":"2020-09-30 00:00:00","REPORT_DATE":"2020-09-30 00:00:00","DATE_TYPE_CODE":"004","REPORT_TYPE":"2020年三季报","PER_NETCASH_OPERATE":null,"PER_OI":null,"BPS":0.252813652575,"BASIC_EPS":null,"DILUTED_EPS":null,"OPERATE_INCOME":405994000,"OPERATE_INCOME_YOY":34.738931166,"GROSS_PROFIT":106899000,"GROSS_PROFIT_YOY":52.011432959345,"HOLDER_PROFIT":41074000,"HOLDER_PROFIT_YOY":102.5245303486,"GROSS_PROFIT_RATIO":26.330192071804,"EPS_TTM":null,"OPERATE_INCOME_QOQ":24.186150757066,"NET_PROFIT_RATIO":10.1168982793,"ROE_AVG":49.307339559674,"GROSS_PROFIT_QOQ":36.178041543027,"ROA":4.883590557884,"HOLDER_PROFIT_QOQ":61.146890163211,"ROE_YEARLY":65.743119412899,"ROIC_YEARLY":12.747507851973,"TOTAL_ASSETS":699596000,"TOTAL_LIABILITIES":595749000,"TAX_EBT":24.600275355668,"OCF_SALES":-13.464484696818,"TOTAL_PARENT_EQUITY":103847000,"DEBT_ASSET_RATIO":85.1561472621,"OPERATE_PROFIT":null,"PRETAX_PROFIT":54475000,"NETCASH_OPERATE":-54665000,"NETCASH_INVEST":135201000,"NETCASH_FINANCE":-355433000,"END_CASH":381409000,"DIVI_RATIO":null,"DIVIDEND_RATE":null,"CURRENT_RATIO":1.12051551912,"COMMON_ACS":2000000000,"CURRENTDEBT_DEBT":100,"ISSUED_COMMON_SHARES":410765000,"HK_COMMON_SHARES":410765000,"PER_SHARES":1000,"TOTAL_MARKET_CAP":77634585,"HKSK_MARKET_CAP":77634585,"PE_TTM":-0.515815161953,"PB_TTM":0.26145567238,"REPORT_DATE_SQ":"2019-09-30 00:00:00","REPORT_TYPE_SQ":"2019年三季报","OPERATE_INCOME_SQ":301319000,"DPS_HKD":null,"OPERATE_INCOME_QOQ_SQ":0,"NET_PROFIT_RATIO_SQ":6.8309665172,"HOLDER_PROFIT_SQ":20281000,"HOLDER_PROFIT_QOQ_SQ":0,"ROE_AVG_SQ":null,"PE_TTM_SQ":6.55891982013,"PB_TTM_SQ":0.298583028328,"ROA_SQ":null,"START_DATE":"2020-01-01 00:00:00","FISCAL_YEAR":"12-31","CURRENCY":"HKD","IS_CNY_CODE":0,"DPS_HKD_LY":null,"ORG_TYPE":"一般企业","PREMIUM_INCOME":null,"PREMIUM_INCOME_YOY":null,"NET_INTEREST_INCOME":null,"NET_INTEREST_INCOME_YOY":null,"FEE_COMMISSION_INCOME":null,"FEE_COMMISSION_INCOME_YOY":null,"ACCOUNTS_RECE_TDAYS":4.226748634875,"INVENTORY_TDAYS":217.523636363636,"CURRENT_ASSETS_TDAYS":0.49997598602,"TOTAL_ASSETS_TDAYS":0.482716186628,"PREMIUM_EXPENSE":null,"LOAN_DEPOSIT":null,"LOAN_EQUITY":null,"LOAN_ASSETS":null,"DEPOSIT_EQUITY":null,"DEPOSIT_ASSETS":null,"EQUITY_MULTIPLIER":6.736795477947,"EQUITY_RATIO":5.736795477963}],"count":13},"success":true,"message":"ok","code":0}