{"version":"cec601c89f0f0e6d02048536d79454c6","result":{"pages":2,"data":[{"SECUCODE":"01960.HK","SECURITY_CODE":"01960","SECURITY_NAME_ABBR":"TBKS HLDGS","ORG_CODE":"10000002614","STD_REPORT_DATE":"2023-12-31 00:00:00","REPORT_DATE":"2024-06-30 00:00:00","DATE_TYPE_CODE":"001","REPORT_TYPE":"2023年年报","PER_NETCASH_OPERATE":-0.018082055307,"PER_OI":0.434870486656,"BPS":0.16742996015,"BASIC_EPS":-0.049359980679,"DILUTED_EPS":-0.049359980679,"OPERATE_INCOME":434870486.656201,"OPERATE_INCOME_YOY":-21.7010925694,"GROSS_PROFIT":7376826.47023306,"GROSS_PROFIT_YOY":-66.56623509164,"HOLDER_PROFIT":-49426397.7780461,"HOLDER_PROFIT_YOY":-275.5907318192,"GROSS_PROFIT_RATIO":1.696327227666,"EPS_TTM":-0.03291243735,"OPERATE_INCOME_QOQ":-65.967994902232,"NET_PROFIT_RATIO":-13.1575567612,"ROE_AVG":-25.789479902179,"GROSS_PROFIT_QOQ":-69.104081741742,"ROA":-17.269085836491,"HOLDER_PROFIT_QOQ":-143.377620859806,"ROE_YEARLY":-25.789479902179,"ROIC_YEARLY":-21.354550494016,"TOTAL_ASSETS":273999215.070644,"TOTAL_LIABILITIES":112134705.953387,"TAX_EBT":-0.20354754289,"OCF_SALES":-4.158032302069,"TOTAL_PARENT_EQUITY":167429960.14974,"DEBT_ASSET_RATIO":40.9251924041,"OPERATE_PROFIT":-56599444.5115324,"PRETAX_PROFIT":-57102101.1955078,"NETCASH_OPERATE":-18082055.30733,"NETCASH_INVEST":-582659.099142615,"NETCASH_FINANCE":-8069677.57517208,"END_CASH":43560560.3188021,"DIVI_RATIO":null,"DIVIDEND_RATE":null,"CURRENT_RATIO":2.260366652117,"COMMON_ACS":10000000000,"CURRENTDEBT_DEBT":98.687522715953,"ISSUED_COMMON_SHARES":1000000000,"HK_COMMON_SHARES":1000000000,"PER_SHARES":5000,"TOTAL_MARKET_CAP":150000000,"HKSK_MARKET_CAP":150000000,"PE_TTM":-2.7698154387,"PB_TTM":0.817667277246,"REPORT_DATE_SQ":"2022-12-31 00:00:00","REPORT_TYPE_SQ":"2022年年报","OPERATE_INCOME_SQ":570741619.743435,"DPS_HKD":null,"OPERATE_INCOME_QOQ_SQ":-2.027591352945,"NET_PROFIT_RATIO_SQ":-2.3169538512,"HOLDER_PROFIT_SQ":-13523197.9152124,"HOLDER_PROFIT_QOQ_SQ":-13.627975989451,"ROE_AVG_SQ":-5.918935433499,"PE_TTM_SQ":-21.135074873767,"PB_TTM_SQ":1.288374444107,"ROA_SQ":-3.971030336157,"START_DATE":"2023-07-01 00:00:00","FISCAL_YEAR":"6-30","CURRENCY":"HKD","IS_CNY_CODE":0,"DPS_HKD_LY":null,"ORG_TYPE":"一般企业","PREMIUM_INCOME":null,"PREMIUM_INCOME_YOY":null,"NET_INTEREST_INCOME":null,"NET_INTEREST_INCOME_YOY":null,"FEE_COMMISSION_INCOME":null,"FEE_COMMISSION_INCOME_YOY":null,"ACCOUNTS_RECE_TDAYS":4.187641723356,"INVENTORY_TDAYS":null,"CURRENT_ASSETS_TDAYS":1.670772656889,"TOTAL_ASSETS_TDAYS":1.519393704463,"PREMIUM_EXPENSE":null,"LOAN_DEPOSIT":null,"LOAN_EQUITY":null,"LOAN_ASSETS":null,"DEPOSIT_EQUITY":null,"DEPOSIT_ASSETS":null,"EQUITY_MULTIPLIER":1.692768949567,"EQUITY_RATIO":0.669740982158},{"SECUCODE":"01960.HK","SECURITY_CODE":"01960","SECURITY_NAME_ABBR":"TBKS HLDGS","ORG_CODE":"10000002614","STD_REPORT_DATE":"2023-06-30 00:00:00","REPORT_DATE":"2023-12-31 00:00:00","DATE_TYPE_CODE":"002","REPORT_TYPE":"2023年中报","PER_NETCASH_OPERATE":-0.012159704023,"PER_OI":0.099736395869,"BPS":0.205904115924,"BASIC_EPS":-0.01556960074,"DILUTED_EPS":-0.01556960074,"OPERATE_INCOME":99736395.8686604,"OPERATE_INCOME_YOY":-78.5737940536,"GROSS_PROFIT":4057345.46015107,"GROSS_PROFIT_YOY":-78.982353847967,"HOLDER_PROFIT":-15580391.5523354,"HOLDER_PROFIT_YOY":-518.5093167702,"GROSS_PROFIT_RATIO":4.068069058254,"EPS_TTM":-0.013523197915,"OPERATE_INCOME_QOQ":-53.748852142762,"NET_PROFIT_RATIO":-16.3310097529,"ROE_AVG":-7.308448789518,"GROSS_PROFIT_QOQ":-51.748342930227,"ROA":-5.103759269405,"HOLDER_PROFIT_QOQ":-198.697894494367,"ROE_YEARLY":-14.616897579036,"ROIC_YEARLY":-12.954121620323,"TOTAL_ASSETS":305779250.809311,"TOTAL_LIABILITIES":98312008.6326499,"TAX_EBT":-0.028401022437,"OCF_SALES":-12.191842223218,"TOTAL_PARENT_EQUITY":205904115.924156,"DEBT_ASSET_RATIO":32.1513014282,"OPERATE_PROFIT":-15961153.0753815,"PRETAX_PROFIT":-16283335.9025744,"NETCASH_OPERATE":-12159704.0234315,"NETCASH_INVEST":-55495.606597811,"NETCASH_FINANCE":-4176044.39648528,"END_CASH":54849699.3987976,"DIVI_RATIO":null,"DIVIDEND_RATE":null,"CURRENT_RATIO":2.878359533469,"COMMON_ACS":10000000000,"CURRENTDEBT_DEBT":98.947863582909,"ISSUED_COMMON_SHARES":1000000000,"HK_COMMON_SHARES":1000000000,"PER_SHARES":5000,"TOTAL_MARKET_CAP":139000000,"HKSK_MARKET_CAP":139000000,"PE_TTM":-2.566695639862,"PB_TTM":0.757705010248,"REPORT_DATE_SQ":"2022-06-30 00:00:00","REPORT_TYPE_SQ":"2022年中报","OPERATE_INCOME_SQ":476243198.485924,"DPS_HKD":null,"OPERATE_INCOME_QOQ_SQ":76.732914959209,"NET_PROFIT_RATIO_SQ":0.865340672,"HOLDER_PROFIT_SQ":3808847.8826591,"HOLDER_PROFIT_QOQ_SQ":346.452903621599,"ROE_AVG_SQ":1.589757093016,"PE_TTM_SQ":-26.589287744416,"PB_TTM_SQ":1.620858171618,"ROA_SQ":1.114256251254,"START_DATE":"2023-07-01 00:00:00","FISCAL_YEAR":"6-30","CURRENCY":"HKD","IS_CNY_CODE":0,"DPS_HKD_LY":null,"ORG_TYPE":"一般企业","PREMIUM_INCOME":null,"PREMIUM_INCOME_YOY":null,"NET_INTEREST_INCOME":null,"NET_INTEREST_INCOME_YOY":null,"FEE_COMMISSION_INCOME":null,"FEE_COMMISSION_INCOME_YOY":null,"ACCOUNTS_RECE_TDAYS":1.08049566626,"INVENTORY_TDAYS":2.473527946598,"CURRENT_ASSETS_TDAYS":0.358655823674,"TOTAL_ASSETS_TDAYS":0.326712299368,"PREMIUM_EXPENSE":null,"LOAN_DEPOSIT":null,"LOAN_EQUITY":null,"LOAN_ASSETS":null,"DEPOSIT_EQUITY":null,"DEPOSIT_ASSETS":null,"EQUITY_MULTIPLIER":1.473867621708,"EQUITY_RATIO":0.477464999626},{"SECUCODE":"01960.HK","SECURITY_CODE":"01960","SECURITY_NAME_ABBR":"TBKS HLDGS","ORG_CODE":"10000002614","STD_REPORT_DATE":"2022-12-31 00:00:00","REPORT_DATE":"2023-06-30 00:00:00","DATE_TYPE_CODE":"001","REPORT_TYPE":"2022年年报","PER_NETCASH_OPERATE":-0.044253649154,"PER_OI":0.570741619743,"BPS":0.221840631641,"BASIC_EPS":-0.013495276653,"DILUTED_EPS":-0.013495276653,"OPERATE_INCOME":570741619.743435,"OPERATE_INCOME_YOY":-55.4502438528,"GROSS_PROFIT":22064001.737323,"GROSS_PROFIT_YOY":-53.15132692443,"HOLDER_PROFIT":-13523197.9152124,"HOLDER_PROFIT_YOY":-183.8108056143,"GROSS_PROFIT_RATIO":3.865847692559,"EPS_TTM":0.013701607298,"OPERATE_INCOME_QOQ":-2.027591352945,"NET_PROFIT_RATIO":-2.3169538512,"ROE_AVG":-5.918935433499,"GROSS_PROFIT_QOQ":-2.907638989837,"ROA":-3.971030336157,"HOLDER_PROFIT_QOQ":-13.627975989451,"ROE_YEARLY":-5.918935433499,"ROIC_YEARLY":-5.512993603587,"TOTAL_ASSETS":306671630.446585,"TOTAL_LIABILITIES":82578683.6676129,"TAX_EBT":-25.756011211093,"OCF_SALES":-7.753709843996,"TOTAL_PARENT_EQUITY":221840631.640995,"DEBT_ASSET_RATIO":26.9273957775,"OPERATE_PROFIT":-9263654.27272869,"PRETAX_PROFIT":-10515457.5209022,"NETCASH_OPERATE":-44222625.5293406,"NETCASH_INVEST":1394511.92082771,"NETCASH_FINANCE":-1931220.62450556,"END_CASH":71242651.2789489,"DIVI_RATIO":null,"DIVIDEND_RATE":null,"CURRENT_RATIO":3.444728594228,"COMMON_ACS":10000000000,"CURRENTDEBT_DEBT":97.691411826584,"ISSUED_COMMON_SHARES":1000000000,"HK_COMMON_SHARES":1000000000,"PER_SHARES":5000,"TOTAL_MARKET_CAP":139000000,"HKSK_MARKET_CAP":139000000,"PE_TTM":-2.566695639862,"PB_TTM":0.757705010248,"REPORT_DATE_SQ":"2021-12-31 00:00:00","REPORT_TYPE_SQ":"2021年年报","OPERATE_INCOME_SQ":1259543707.68011,"DPS_HKD":null,"OPERATE_INCOME_QOQ_SQ":142.238236721313,"NET_PROFIT_RATIO_SQ":1.2761711958,"HOLDER_PROFIT_SQ":15863478.3139145,"HOLDER_PROFIT_QOQ_SQ":279.333380316355,"ROE_AVG_SQ":7.166972123083,"PE_TTM_SQ":-26.589287744416,"PB_TTM_SQ":1.620858171618,"ROA_SQ":5.124238901259,"START_DATE":"2022-07-01 00:00:00","FISCAL_YEAR":"6-30","CURRENCY":"HKD","IS_CNY_CODE":0,"DPS_HKD_LY":null,"ORG_TYPE":"一般企业","PREMIUM_INCOME":null,"PREMIUM_INCOME_YOY":null,"NET_INTEREST_INCOME":null,"NET_INTEREST_INCOME_YOY":null,"FEE_COMMISSION_INCOME":null,"FEE_COMMISSION_INCOME_YOY":null,"ACCOUNTS_RECE_TDAYS":4.512995375879,"INVENTORY_TDAYS":13.830537634409,"CURRENT_ASSETS_TDAYS":1.862101075944,"TOTAL_ASSETS_TDAYS":1.675958822994,"PREMIUM_EXPENSE":null,"LOAN_DEPOSIT":null,"LOAN_EQUITY":null,"LOAN_ASSETS":null,"DEPOSIT_EQUITY":null,"DEPOSIT_ASSETS":null,"EQUITY_MULTIPLIER":1.368501931251,"EQUITY_RATIO":0.372243276882},{"SECUCODE":"01960.HK","SECURITY_CODE":"01960","SECURITY_NAME_ABBR":"TBKS HLDGS","ORG_CODE":"10000002614","STD_REPORT_DATE":"2022-06-30 00:00:00","REPORT_DATE":"2022-12-31 00:00:00","DATE_TYPE_CODE":"002","REPORT_TYPE":"2022年中报","PER_NETCASH_OPERATE":-0.040667139815,"PER_OI":0.476243198486,"BPS":0.24012932734,"BASIC_EPS":0.003785190442,"DILUTED_EPS":0.003785190442,"OPERATE_INCOME":476243198.485924,"OPERATE_INCOME_YOY":-8.1294381804,"GROSS_PROFIT":19304471.2562101,"GROSS_PROFIT_YOY":-6.623779301763,"HOLDER_PROFIT":3808847.8826591,"HOLDER_PROFIT_YOY":-38.2510866786,"GROSS_PROFIT_RATIO":4.05349017426,"EPS_TTM":0.015863478314,"OPERATE_INCOME_QOQ":76.732914959209,"NET_PROFIT_RATIO":0.865340672,"ROE_AVG":1.589757093016,"GROSS_PROFIT_QOQ":81.434370624148,"ROA":1.114256251254,"HOLDER_PROFIT_QOQ":346.452903621599,"ROE_YEARLY":3.179514186031,"ROIC_YEARLY":3.103823872454,"TOTAL_ASSETS":302965065.846542,"TOTAL_LIABILITIES":60556738.4275688,"TAX_EBT":43.927038626609,"OCF_SALES":-8.539153933276,"TOTAL_PARENT_EQUITY":240129327.340115,"DEBT_ASSET_RATIO":19.9880267576,"OPERATE_PROFIT":7937859.79023736,"PRETAX_PROFIT":7349578.10898194,"NETCASH_OPERATE":-40667139.815472,"NETCASH_INVEST":3255263.78045896,"NETCASH_FINANCE":-5821307.46786531,"END_CASH":71555870.9880924,"DIVI_RATIO":null,"DIVIDEND_RATE":null,"CURRENT_RATIO":4.64187690032,"COMMON_ACS":10000000000,"CURRENTDEBT_DEBT":95.080216689239,"ISSUED_COMMON_SHARES":1000000000,"HK_COMMON_SHARES":1000000000,"PER_SHARES":5000,"TOTAL_MARKET_CAP":139000000,"HKSK_MARKET_CAP":139000000,"PE_TTM":-2.566695639862,"PB_TTM":0.757705010248,"REPORT_DATE_SQ":"2021-06-30 00:00:00","REPORT_TYPE_SQ":"2021年中报","OPERATE_INCOME_SQ":501781597.789414,"DPS_HKD":null,"OPERATE_INCOME_QOQ_SQ":98.3989846581,"NET_PROFIT_RATIO_SQ":1.1899039193,"HOLDER_PROFIT_SQ":5970718.89837107,"HOLDER_PROFIT_QOQ_SQ":164.425650168677,"ROE_AVG_SQ":2.770271466771,"PE_TTM_SQ":-26.589287744416,"PB_TTM_SQ":1.620858171618,"ROA_SQ":2.088975061558,"START_DATE":"2022-07-01 00:00:00","FISCAL_YEAR":"6-30","CURRENCY":"HKD","IS_CNY_CODE":0,"DPS_HKD_LY":null,"ORG_TYPE":"一般企业","PREMIUM_INCOME":null,"PREMIUM_INCOME_YOY":null,"NET_INTEREST_INCOME":null,"NET_INTEREST_INCOME_YOY":null,"FEE_COMMISSION_INCOME":null,"FEE_COMMISSION_INCOME_YOY":null,"ACCOUNTS_RECE_TDAYS":3.128037789794,"INVENTORY_TDAYS":null,"CURRENT_ASSETS_TDAYS":1.566603285612,"TOTAL_ASSETS_TDAYS":1.393221723152,"PREMIUM_EXPENSE":null,"LOAN_DEPOSIT":null,"LOAN_EQUITY":null,"LOAN_ASSETS":null,"DEPOSIT_EQUITY":null,"DEPOSIT_ASSETS":null,"EQUITY_MULTIPLIER":1.249812946083,"EQUITY_RATIO":0.252183850671},{"SECUCODE":"01960.HK","SECURITY_CODE":"01960","SECURITY_NAME_ABBR":"TBKS HLDGS","ORG_CODE":"10000002614","STD_REPORT_DATE":"2021-12-31 00:00:00","REPORT_DATE":"2022-06-30 00:00:00","DATE_TYPE_CODE":"001","REPORT_TYPE":"2021年年报","PER_NETCASH_OPERATE":-0.006252668822,"PER_OI":1.25954370768,"BPS":0.231144390899,"BASIC_EPS":0.015860428232,"DILUTED_EPS":0.015860428232,"OPERATE_INCOME":1259543707.68011,"OPERATE_INCOME_YOY":336.8011592915,"GROSS_PROFIT":47096321.6006832,"GROSS_PROFIT_YOY":127.629269506859,"HOLDER_PROFIT":15863478.3139145,"HOLDER_PROFIT_YOY":1627.9069767442,"GROSS_PROFIT_RATIO":3.73915738799,"EPS_TTM":0.003553225477,"OPERATE_INCOME_QOQ":142.238236721313,"NET_PROFIT_RATIO":1.2761711958,"ROE_AVG":7.166972123083,"GROSS_PROFIT_QOQ":25.460941454366,"ROA":5.124238901259,"HOLDER_PROFIT_QOQ":279.333380316355,"ROE_YEARLY":7.166972123083,"ROIC_YEARLY":8.065191433932,"TOTAL_ASSETS":368111389.007503,"TOTAL_LIABILITIES":135025620.691759,"TAX_EBT":21.879632374741,"OCF_SALES":-0.496423330444,"TOTAL_PARENT_EQUITY":231144390.898554,"DEBT_ASSET_RATIO":36.6806419806,"OPERATE_PROFIT":21556457.0243397,"PRETAX_PROFIT":20575855.5480998,"NETCASH_OPERATE":-6252668.8220582,"NETCASH_INVEST":13815348.0143964,"NETCASH_FINANCE":-8343500.27450741,"END_CASH":113090953.455743,"DIVI_RATIO":null,"DIVIDEND_RATE":null,"CURRENT_RATIO":2.574271347203,"COMMON_ACS":10000000000,"CURRENTDEBT_DEBT":94.785348829329,"ISSUED_COMMON_SHARES":1000000000,"HK_COMMON_SHARES":1000000000,"PER_SHARES":5000,"TOTAL_MARKET_CAP":139000000,"HKSK_MARKET_CAP":139000000,"PE_TTM":-2.566695639862,"PB_TTM":0.757705010248,"REPORT_DATE_SQ":"2020-12-31 00:00:00","REPORT_TYPE_SQ":"2020年年报","OPERATE_INCOME_SQ":294207070.39273,"DPS_HKD":null,"OPERATE_INCOME_QOQ_SQ":-40.649220040915,"NET_PROFIT_RATIO_SQ":0.3183820691,"HOLDER_PROFIT_SQ":936702.558038215,"HOLDER_PROFIT_QOQ_SQ":-107.241985968874,"ROE_AVG_SQ":0.432618889348,"PE_TTM_SQ":-26.589287744416,"PB_TTM_SQ":1.620858171618,"ROA_SQ":0.346170986616,"START_DATE":"2021-07-01 00:00:00","FISCAL_YEAR":"6-30","CURRENCY":"HKD","IS_CNY_CODE":0,"DPS_HKD_LY":null,"ORG_TYPE":"一般企业","PREMIUM_INCOME":null,"PREMIUM_INCOME_YOY":null,"NET_INTEREST_INCOME":null,"NET_INTEREST_INCOME_YOY":null,"FEE_COMMISSION_INCOME":null,"FEE_COMMISSION_INCOME_YOY":null,"ACCOUNTS_RECE_TDAYS":12.341998102169,"INVENTORY_TDAYS":null,"CURRENT_ASSETS_TDAYS":4.590456234351,"TOTAL_ASSETS_TDAYS":4.068592484581,"PREMIUM_EXPENSE":null,"LOAN_DEPOSIT":null,"LOAN_EQUITY":null,"LOAN_ASSETS":null,"DEPOSIT_EQUITY":null,"DEPOSIT_ASSETS":null,"EQUITY_MULTIPLIER":1.579295860349,"EQUITY_RATIO":0.584161355449},{"SECUCODE":"01960.HK","SECURITY_CODE":"01960","SECURITY_NAME_ABBR":"TBKS HLDGS","ORG_CODE":"10000002614","STD_REPORT_DATE":"2021-06-30 00:00:00","REPORT_DATE":"2021-12-31 00:00:00","DATE_TYPE_CODE":"002","REPORT_TYPE":"2021年中报","PER_NETCASH_OPERATE":0.01021632597,"PER_OI":0.501781597789,"BPS":0.219295299452,"BASIC_EPS":0.005953925774,"DILUTED_EPS":0.005953925774,"OPERATE_INCOME":501781597.789414,"OPERATE_INCOME_YOY":538.0811865427,"GROSS_PROFIT":20673862.2658504,"GROSS_PROFIT_YOY":34.193462679438,"HOLDER_PROFIT":5970718.89837107,"HOLDER_PROFIT_YOY":88.5728061716,"GROSS_PROFIT_RATIO":4.120091760425,"EPS_TTM":0.000936702558,"OPERATE_INCOME_QOQ":98.3989846581,"NET_PROFIT_RATIO":1.1899039193,"ROE_AVG":2.770271466771,"GROSS_PROFIT_QOQ":-20.468172050744,"ROA":2.088975061558,"HOLDER_PROFIT_QOQ":164.425650168677,"ROE_YEARLY":5.540542933541,"ROIC_YEARLY":7.170094965717,"TOTAL_ASSETS":320333419.843366,"TOTAL_LIABILITIES":101038120.391432,"TAX_EBT":31.434081346424,"OCF_SALES":2.036010490383,"TOTAL_PARENT_EQUITY":219295299.451933,"DEBT_ASSET_RATIO":31.5415483158,"OPERATE_PROFIT":9082026.77739951,"PRETAX_PROFIT":8707998.10695693,"NETCASH_OPERATE":10216325.9698029,"NETCASH_INVEST":12358212.6009496,"NETCASH_FINANCE":-7265316.09239271,"END_CASH":127693388.089095,"DIVI_RATIO":null,"DIVIDEND_RATE":null,"CURRENT_RATIO":2.977482872611,"COMMON_ACS":10000000000,"CURRENTDEBT_DEBT":94.614931326776,"ISSUED_COMMON_SHARES":1000000000,"HK_COMMON_SHARES":1000000000,"PER_SHARES":5000,"TOTAL_MARKET_CAP":139000000,"HKSK_MARKET_CAP":139000000,"PE_TTM":-2.566695639862,"PB_TTM":0.757705010248,"REPORT_DATE_SQ":"2020-06-30 00:00:00","REPORT_TYPE_SQ":"2020年中报","OPERATE_INCOME_SQ":83306648.5533615,"DPS_HKD":null,"OPERATE_INCOME_QOQ_SQ":-26.059410554888,"NET_PROFIT_RATIO_SQ":4.0263244744,"HOLDER_PROFIT_SQ":3354195.97949315,"HOLDER_PROFIT_QOQ_SQ":-37.180758364656,"ROE_AVG_SQ":1.481661403935,"PE_TTM_SQ":-26.589287744416,"PB_TTM_SQ":1.620858171618,"ROA_SQ":1.170336429402,"START_DATE":"2021-07-01 00:00:00","FISCAL_YEAR":"6-30","CURRENCY":"HKD","IS_CNY_CODE":0,"DPS_HKD_LY":null,"ORG_TYPE":"一般企业","PREMIUM_INCOME":null,"PREMIUM_INCOME_YOY":null,"NET_INTEREST_INCOME":null,"NET_INTEREST_INCOME_YOY":null,"FEE_COMMISSION_INCOME":null,"FEE_COMMISSION_INCOME_YOY":null,"ACCOUNTS_RECE_TDAYS":7.185719595112,"INVENTORY_TDAYS":30.360308285164,"CURRENT_ASSETS_TDAYS":1.990528272863,"TOTAL_ASSETS_TDAYS":1.755582974132,"PREMIUM_EXPENSE":null,"LOAN_DEPOSIT":null,"LOAN_EQUITY":null,"LOAN_ASSETS":null,"DEPOSIT_EQUITY":null,"DEPOSIT_ASSETS":null,"EQUITY_MULTIPLIER":1.460740018797,"EQUITY_RATIO":0.460740018796},{"SECUCODE":"01960.HK","SECURITY_CODE":"01960","SECURITY_NAME_ABBR":"TBKS HLDGS","ORG_CODE":"10000002614","STD_REPORT_DATE":"2020-12-31 00:00:00","REPORT_DATE":"2021-06-30 00:00:00","DATE_TYPE_CODE":"001","REPORT_TYPE":"2020年年报","PER_NETCASH_OPERATE":-0.003068401071,"PER_OI":0.294207070393,"BPS":0.215830584428,"BASIC_EPS":0.000933590589,"DILUTED_EPS":0.000933590589,"OPERATE_INCOME":294207070.39273,"OPERATE_INCOME_YOY":25.0974217153,"GROSS_PROFIT":20689923.4455717,"GROSS_PROFIT_YOY":-63.222372210966,"HOLDER_PROFIT":936702.558038215,"HOLDER_PROFIT_YOY":-95.0432276657,"GROSS_PROFIT_RATIO":7.032435834378,"EPS_TTM":-0.001453927986,"OPERATE_INCOME_QOQ":-40.649220040915,"NET_PROFIT_RATIO":0.3183820691,"ROE_AVG":0.432618889348,"GROSS_PROFIT_QOQ":-53.757346288458,"ROA":0.346170986616,"HOLDER_PROFIT_QOQ":-107.241985968874,"ROE_YEARLY":0.432618889348,"ROIC_YEARLY":0.528359846407,"TOTAL_ASSETS":256136802.141034,"TOTAL_LIABILITIES":40306217.7133255,"TAX_EBT":72.598998634502,"OCF_SALES":-1.042939269414,"TOTAL_PARENT_EQUITY":215830584.427709,"DEBT_ASSET_RATIO":15.736207127,"OPERATE_PROFIT":4456339.08010207,"PRETAX_PROFIT":3418497.54154478,"NETCASH_OPERATE":-3068401.07051721,"NETCASH_INVEST":48412895.9980083,"NETCASH_FINANCE":-2645173.33665277,"END_CASH":112987801.082965,"DIVI_RATIO":null,"DIVIDEND_RATE":null,"CURRENT_RATIO":6.371245015507,"COMMON_ACS":10000000000,"CURRENTDEBT_DEBT":87.129400864731,"ISSUED_COMMON_SHARES":1000000000,"HK_COMMON_SHARES":1000000000,"PER_SHARES":5000,"TOTAL_MARKET_CAP":139000000,"HKSK_MARKET_CAP":139000000,"PE_TTM":-2.566695639862,"PB_TTM":0.757705010248,"REPORT_DATE_SQ":"2019-12-31 00:00:00","REPORT_TYPE_SQ":"2019年年报","OPERATE_INCOME_SQ":249854531.02787,"DPS_HKD":null,"OPERATE_INCOME_QOQ_SQ":4.963161567443,"NET_PROFIT_RATIO_SQ":8.0352239872,"HOLDER_PROFIT_SQ":20076371.210368,"HOLDER_PROFIT_QOQ_SQ":17.94477614547,"ROE_AVG_SQ":11.709240610674,"PE_TTM_SQ":-26.589287744416,"PB_TTM_SQ":1.620858171618,"ROA_SQ":7.321800517861,"START_DATE":"2020-07-01 00:00:00","FISCAL_YEAR":"6-30","CURRENCY":"HKD","IS_CNY_CODE":0,"DPS_HKD_LY":null,"ORG_TYPE":"一般企业","PREMIUM_INCOME":null,"PREMIUM_INCOME_YOY":null,"NET_INTEREST_INCOME":null,"NET_INTEREST_INCOME_YOY":null,"FEE_COMMISSION_INCOME":null,"FEE_COMMISSION_INCOME_YOY":null,"ACCOUNTS_RECE_TDAYS":7.836092749539,"INVENTORY_TDAYS":null,"CURRENT_ASSETS_TDAYS":1.246048456451,"TOTAL_ASSETS_TDAYS":1.087281666451,"PREMIUM_EXPENSE":null,"LOAN_DEPOSIT":null,"LOAN_EQUITY":null,"LOAN_ASSETS":null,"DEPOSIT_EQUITY":null,"DEPOSIT_ASSETS":null,"EQUITY_MULTIPLIER":1.186749333141,"EQUITY_RATIO":0.186749333141},{"SECUCODE":"01960.HK","SECURITY_CODE":"01960","SECURITY_NAME_ABBR":"TBKS HLDGS","ORG_CODE":"10000002614","STD_REPORT_DATE":"2020-06-30 00:00:00","REPORT_DATE":"2020-12-31 00:00:00","DATE_TYPE_CODE":"002","REPORT_TYPE":"2020年中报","PER_NETCASH_OPERATE":0.013420018437,"PER_OI":0.083306648553,"BPS":0.227000145553,"BASIC_EPS":0.003396244724,"DILUTED_EPS":0.003396244724,"OPERATE_INCOME":83306648.5533615,"OPERATE_INCOME_YOY":-52.6714260775,"GROSS_PROFIT":15406012.9704203,"GROSS_PROFIT_YOY":-66.250547161026,"HOLDER_PROFIT":3354195.97949315,"HOLDER_PROFIT_YOY":-85.843003413,"GROSS_PROFIT_RATIO":18.493137388131,"EPS_TTM":0.02007637121,"OPERATE_INCOME_QOQ":-26.059410554888,"NET_PROFIT_RATIO":4.0263244744,"ROE_AVG":1.481661403935,"GROSS_PROFIT_QOQ":-22.301334746175,"ROA":1.170336429402,"HOLDER_PROFIT_QOQ":-37.180758364656,"ROE_YEARLY":2.96332280787,"ROIC_YEARLY":3.803131991051,"TOTAL_ASSETS":276934646.54796,"TOTAL_LIABILITIES":49934500.9946145,"TAX_EBT":49.696822701916,"OCF_SALES":16.109180563375,"TOTAL_PARENT_EQUITY":227000145.553345,"DEBT_ASSET_RATIO":18.0311498099,"OPERATE_PROFIT":7146669.25428169,"PRETAX_PROFIT":6667960.47418045,"NETCASH_OPERATE":13420018.4367571,"NETCASH_INVEST":59469862.3712257,"NETCASH_FINANCE":-3588698.59136707,"END_CASH":143898888.942798,"DIVI_RATIO":null,"DIVIDEND_RATE":null,"CURRENT_RATIO":5.632062280337,"COMMON_ACS":10000000000,"CURRENTDEBT_DEBT":85.700867988081,"ISSUED_COMMON_SHARES":1000000000,"HK_COMMON_SHARES":1000000000,"PER_SHARES":5000,"TOTAL_MARKET_CAP":139000000,"HKSK_MARKET_CAP":139000000,"PE_TTM":-2.566695639862,"PB_TTM":0.757705010248,"REPORT_DATE_SQ":"2019-06-30 00:00:00","REPORT_TYPE_SQ":"2019年中报","OPERATE_INCOME_SQ":184870566.653078,"DPS_HKD":null,"OPERATE_INCOME_QOQ_SQ":3.035189365859,"NET_PROFIT_RATIO_SQ":13.460495971,"HOLDER_PROFIT_SQ":24884495.175975,"HOLDER_PROFIT_QOQ_SQ":31.367493596297,"ROE_AVG_SQ":14.124634229822,"PE_TTM_SQ":-26.589287744416,"PB_TTM_SQ":1.620858171618,"ROA_SQ":8.031600097585,"START_DATE":"2020-07-01 00:00:00","FISCAL_YEAR":"6-30","CURRENCY":"HKD","IS_CNY_CODE":0,"DPS_HKD_LY":null,"ORG_TYPE":"一般企业","PREMIUM_INCOME":null,"PREMIUM_INCOME_YOY":null,"NET_INTEREST_INCOME":null,"NET_INTEREST_INCOME_YOY":null,"FEE_COMMISSION_INCOME":null,"FEE_COMMISSION_INCOME_YOY":null,"ACCOUNTS_RECE_TDAYS":3.216924277908,"INVENTORY_TDAYS":null,"CURRENT_ASSETS_TDAYS":0.333706918891,"TOTAL_ASSETS_TDAYS":0.290671165935,"PREMIUM_EXPENSE":null,"LOAN_DEPOSIT":null,"LOAN_EQUITY":null,"LOAN_ASSETS":null,"DEPOSIT_EQUITY":null,"DEPOSIT_ASSETS":null,"EQUITY_MULTIPLIER":1.219975634257,"EQUITY_RATIO":0.219975634257},{"SECUCODE":"01960.HK","SECURITY_CODE":"01960","SECURITY_NAME_ABBR":"TBKS HLDGS","ORG_CODE":"10000002614","STD_REPORT_DATE":"2019-12-31 00:00:00","REPORT_DATE":"2020-06-30 00:00:00","DATE_TYPE_CODE":"001","REPORT_TYPE":"2019年年报","PER_NETCASH_OPERATE":0.032905742718,"PER_OI":0.249854531028,"BPS":0.230758422323,"BASIC_EPS":0.021324428869,"DILUTED_EPS":0.021324428869,"OPERATE_INCOME":249854531.02787,"OPERATE_INCOME_YOY":-22.0960018967,"GROSS_PROFIT":56256818.8580686,"GROSS_PROFIT_YOY":-18.013845542032,"HOLDER_PROFIT":20076371.210368,"HOLDER_PROFIT_YOY":-25.6276791182,"GROSS_PROFIT_RATIO":22.51582896121,"EPS_TTM":0.031958951888,"OPERATE_INCOME_QOQ":4.963161567443,"NET_PROFIT_RATIO":8.0352239872,"ROE_AVG":11.709240610674,"GROSS_PROFIT_QOQ":5.518098914746,"ROA":7.321800517861,"HOLDER_PROFIT_QOQ":17.94477614547,"ROE_YEARLY":11.709240610674,"ROIC_YEARLY":8.935994879002,"TOTAL_ASSETS":302825073.561014,"TOTAL_LIABILITIES":72066651.2381393,"TAX_EBT":31.911195828895,"OCF_SALES":13.169960369706,"TOTAL_PARENT_EQUITY":230758422.322875,"DEBT_ASSET_RATIO":23.7981123527,"OPERATE_PROFIT":30844381.2609515,"PRETAX_PROFIT":29485568.8167422,"NETCASH_OPERATE":32905742.7182861,"NETCASH_INVEST":-60688663.3385129,"NETCASH_FINANCE":80963401.3290574,"END_CASH":78214368.3671108,"DIVI_RATIO":null,"DIVIDEND_RATE":null,"CURRENT_RATIO":4.209458034585,"COMMON_ACS":10000000000,"CURRENTDEBT_DEBT":87.017157537389,"ISSUED_COMMON_SHARES":1000000000,"HK_COMMON_SHARES":1000000000,"PER_SHARES":5000,"TOTAL_MARKET_CAP":139000000,"HKSK_MARKET_CAP":139000000,"PE_TTM":-2.566695639862,"PB_TTM":0.757705010248,"REPORT_DATE_SQ":"2018-12-31 00:00:00","REPORT_TYPE_SQ":"2018年年报","OPERATE_INCOME_SQ":321934424.053363,"DPS_HKD":null,"OPERATE_INCOME_QOQ_SQ":0,"NET_PROFIT_RATIO_SQ":8.4167882196,"HOLDER_PROFIT_SQ":27096538.6785252,"HOLDER_PROFIT_QOQ_SQ":0,"ROE_AVG_SQ":28.594942915178,"PE_TTM_SQ":-26.589287744416,"PB_TTM_SQ":1.620858171618,"ROA_SQ":13.735443415945,"START_DATE":"2019-07-01 00:00:00","FISCAL_YEAR":"6-30","CURRENCY":"HKD","IS_CNY_CODE":0,"DPS_HKD_LY":null,"ORG_TYPE":"一般企业","PREMIUM_INCOME":null,"PREMIUM_INCOME_YOY":null,"NET_INTEREST_INCOME":null,"NET_INTEREST_INCOME_YOY":null,"FEE_COMMISSION_INCOME":null,"FEE_COMMISSION_INCOME_YOY":null,"ACCOUNTS_RECE_TDAYS":5.247248741538,"INVENTORY_TDAYS":null,"CURRENT_ASSETS_TDAYS":1.063733804393,"TOTAL_ASSETS_TDAYS":0.911212995367,"PREMIUM_EXPENSE":null,"LOAN_DEPOSIT":null,"LOAN_EQUITY":null,"LOAN_ASSETS":null,"DEPOSIT_EQUITY":null,"DEPOSIT_ASSETS":null,"EQUITY_MULTIPLIER":1.312303449264,"EQUITY_RATIO":0.312303449264}],"count":17},"success":true,"message":"ok","code":0}