{"version":"09e4c06008bf6a8ff6ceb928f1a19f10","result":{"pages":3,"data":[{"SECUCODE":"01962.HK","SECURITY_CODE":"01962","SECURITY_NAME_ABBR":"训修实业","ORG_CODE":"10575613","STD_REPORT_DATE":"2024-06-30 00:00:00","REPORT_DATE":"2024-06-30 00:00:00","DATE_TYPE_CODE":"002","REPORT_TYPE":"2024年中报","PER_NETCASH_OPERATE":0.296154812858,"PER_OI":0.73105772123,"BPS":1.176595835924,"BASIC_EPS":0.0365072,"DILUTED_EPS":null,"OPERATE_INCOME":479319457.04,"OPERATE_INCOME_YOY":9.5963421836,"GROSS_PROFIT":107355810.36,"GROSS_PROFIT_YOY":5.85211131982,"HOLDER_PROFIT":22709303.76,"HOLDER_PROFIT_YOY":-21.311786471,"GROSS_PROFIT_RATIO":22.397549021475,"EPS_TTM":0.060676338362,"OPERATE_INCOME_QOQ":4.227271170623,"NET_PROFIT_RATIO":4.5474105922,"ROE_AVG":2.95283439823,"GROSS_PROFIT_QOQ":2.808115503173,"ROA":1.542446093115,"HOLDER_PROFIT_QOQ":-13.94120222378,"ROE_YEARLY":5.905668796461,"ROIC_YEARLY":3.26744150545,"TOTAL_ASSETS":1455485477.84,"TOTAL_LIABILITIES":701712192.64,"TAX_EBT":15.396060649001,"OCF_SALES":40.510455502706,"TOTAL_PARENT_EQUITY":760873935.6,"DEBT_ASSET_RATIO":48.211555754,"OPERATE_PROFIT":45411306.08,"PRETAX_PROFIT":25763131.04,"NETCASH_OPERATE":194174495.36,"NETCASH_INVEST":-18375899.12,"NETCASH_FINANCE":-172349578.52,"END_CASH":94894990.32,"DIVI_RATIO":0.884377361064,"DIVIDEND_RATE":11.919191919192,"CURRENT_RATIO":1.351559827455,"COMMON_ACS":1000000000,"CURRENTDEBT_DEBT":93.531881464217,"ISSUED_COMMON_SHARES":646674000,"HK_COMMON_SHARES":646674000,"PER_SHARES":2000,"TOTAL_MARKET_CAP":320103630,"HKSK_MARKET_CAP":320103630,"PE_TTM":7.230385571016,"PB_TTM":0.38396923243,"REPORT_DATE_SQ":"2023-06-30 00:00:00","REPORT_TYPE_SQ":"2023年中报","OPERATE_INCOME_SQ":441806362.14,"DPS_HKD":0.059,"OPERATE_INCOME_QOQ_SQ":-2.21340025614,"NET_PROFIT_RATIO_SQ":6.1981289376,"HOLDER_PROFIT_SQ":29153929.58,"HOLDER_PROFIT_QOQ_SQ":10.462899740916,"ROE_AVG_SQ":3.538900938529,"PE_TTM_SQ":4.520847123719,"PB_TTM_SQ":0.3607163364,"ROA_SQ":2.003108457418,"START_DATE":"2024-01-01 00:00:00","FISCAL_YEAR":"12-31","CURRENCY":"HKD","IS_CNY_CODE":0,"DPS_HKD_LY":0.059,"ORG_TYPE":"一般企业","PREMIUM_INCOME":null,"PREMIUM_INCOME_YOY":null,"NET_INTEREST_INCOME":null,"NET_INTEREST_INCOME_YOY":null,"FEE_COMMISSION_INCOME":null,"FEE_COMMISSION_INCOME_YOY":null,"ACCOUNTS_RECE_TDAYS":1.923038616174,"INVENTORY_TDAYS":0.80097677458,"CURRENT_ASSETS_TDAYS":0.536854312878,"TOTAL_ASSETS_TDAYS":0.325560145603,"PREMIUM_EXPENSE":null,"LOAN_DEPOSIT":null,"LOAN_EQUITY":null,"LOAN_ASSETS":null,"DEPOSIT_EQUITY":null,"DEPOSIT_ASSETS":null,"EQUITY_MULTIPLIER":1.930932690795,"EQUITY_RATIO":0.922245013015},{"SECUCODE":"01962.HK","SECURITY_CODE":"01962","SECURITY_NAME_ABBR":"训修实业","ORG_CODE":"10575613","STD_REPORT_DATE":"2023-12-31 00:00:00","REPORT_DATE":"2023-12-31 00:00:00","DATE_TYPE_CODE":"001","REPORT_TYPE":"2023年年报","PER_NETCASH_OPERATE":0.531000591167,"PER_OI":1.35347237986,"BPS":1.193430559633,"BASIC_EPS":0.0724976,"DILUTED_EPS":null,"OPERATE_INCOME":887406872.8,"OPERATE_INCOME_YOY":-11.0085198228,"GROSS_PROFIT":211360409.26,"GROSS_PROFIT_YOY":-7.966219513039,"HOLDER_PROFIT":46227188.42,"HOLDER_PROFIT_YOY":-23.0475644526,"GROSS_PROFIT_RATIO":23.817756627589,"EPS_TTM":0.070505677433,"OPERATE_INCOME_QOQ":-7.674859046783,"NET_PROFIT_RATIO":4.9246354316,"ROE_AVG":5.83638199464,"GROSS_PROFIT_QOQ":-9.394152057087,"ROA":3.186057819476,"HOLDER_PROFIT_QOQ":-29.326463454093,"ROE_YEARLY":5.83638199464,"ROIC_YEARLY":3.347408007964,"TOTAL_ASSETS":1478557740.52,"TOTAL_LIABILITIES":712711218.52,"TAX_EBT":11.979119134101,"OCF_SALES":39.232465994036,"TOTAL_PARENT_EQUITY":771760513.72,"DEBT_ASSET_RATIO":48.2031373539,"OPERATE_PROFIT":83007033.34,"PRETAX_PROFIT":49649075.14,"NETCASH_OPERATE":348151599.6,"NETCASH_INVEST":-23827242.46,"NETCASH_FINANCE":-310735588.24,"END_CASH":82088126.26,"DIVI_RATIO":0.761084524737,"DIVIDEND_RATE":12.040816326531,"CURRENT_RATIO":1.341277344719,"COMMON_ACS":1000000000,"CURRENTDEBT_DEBT":93.335757680561,"ISSUED_COMMON_SHARES":646674000,"HK_COMMON_SHARES":646674000,"PER_SHARES":2000,"TOTAL_MARKET_CAP":316870260,"HKSK_MARKET_CAP":316870260,"PE_TTM":7.157351373329,"PB_TTM":0.380090755335,"REPORT_DATE_SQ":"2022-12-31 00:00:00","REPORT_TYPE_SQ":"2022年年报","OPERATE_INCOME_SQ":982931976.25,"DPS_HKD":0.059,"OPERATE_INCOME_QOQ_SQ":-1.11659482503,"NET_PROFIT_RATIO_SQ":5.2989208224,"HOLDER_PROFIT_SQ":59213975.03,"HOLDER_PROFIT_QOQ_SQ":39.286335474106,"ROE_AVG_SQ":7.307806153356,"PE_TTM_SQ":5.351206799505,"PB_TTM_SQ":0.426970357371,"ROA_SQ":4.033957808023,"START_DATE":"2023-01-01 00:00:00","FISCAL_YEAR":"12-31","CURRENCY":"HKD","IS_CNY_CODE":0,"DPS_HKD_LY":0.079,"ORG_TYPE":"一般企业","PREMIUM_INCOME":null,"PREMIUM_INCOME_YOY":null,"NET_INTEREST_INCOME":null,"NET_INTEREST_INCOME_YOY":null,"FEE_COMMISSION_INCOME":null,"FEE_COMMISSION_INCOME_YOY":null,"ACCOUNTS_RECE_TDAYS":3.84906253685,"INVENTORY_TDAYS":1.49591984672,"CURRENT_ASSETS_TDAYS":1.043699952784,"TOTAL_ASSETS_TDAYS":0.611616172814,"PREMIUM_EXPENSE":null,"LOAN_DEPOSIT":null,"LOAN_EQUITY":null,"LOAN_ASSETS":null,"DEPOSIT_EQUITY":null,"DEPOSIT_ASSETS":null,"EQUITY_MULTIPLIER":1.930618861672,"EQUITY_RATIO":0.923487540305},{"SECUCODE":"01962.HK","SECURITY_CODE":"01962","SECURITY_NAME_ABBR":"训修实业","ORG_CODE":"10575613","STD_REPORT_DATE":"2023-06-30 00:00:00","REPORT_DATE":"2023-06-30 00:00:00","DATE_TYPE_CODE":"002","REPORT_TYPE":"2023年中报","PER_NETCASH_OPERATE":0.238277811923,"PER_OI":0.643955623584,"BPS":1.269812970894,"BASIC_EPS":0.046099,"DILUTED_EPS":null,"OPERATE_INCOME":441806362.14,"OPERATE_INCOME_YOY":-11.5974674297,"GROSS_PROFIT":101420565.94,"GROSS_PROFIT_YOY":3.700696642648,"HOLDER_PROFIT":29153929.58,"HOLDER_PROFIT_YOY":17.7866348804,"GROSS_PROFIT_RATIO":22.955886250425,"EPS_TTM":0.095337691223,"OPERATE_INCOME_QOQ":-2.21340025614,"NET_PROFIT_RATIO":6.1981289376,"ROE_AVG":3.538900938529,"GROSS_PROFIT_QOQ":1.575982761011,"ROA":2.003108457418,"HOLDER_PROFIT_QOQ":10.462899740916,"ROE_YEARLY":7.077801877058,"ROIC_YEARLY":4.218371882679,"TOTAL_ASSETS":1462831907.6,"TOTAL_LIABILITIES":651609365,"TAX_EBT":2.102903853126,"OCF_SALES":37.002209965505,"TOTAL_PARENT_EQUITY":821155033.14,"DEBT_ASSET_RATIO":44.5443773556,"OPERATE_PROFIT":43525753.82,"PRETAX_PROFIT":27971951.22,"NETCASH_OPERATE":163478117.76,"NETCASH_INVEST":-17530527.72,"NETCASH_FINANCE":-124381555.86,"END_CASH":91522188.66,"DIVI_RATIO":0.562849585629,"DIVIDEND_RATE":12.040816326531,"CURRENT_RATIO":1.397882951134,"COMMON_ACS":1000000000,"CURRENTDEBT_DEBT":94.223841528122,"ISSUED_COMMON_SHARES":646674000,"HK_COMMON_SHARES":646674000,"PER_SHARES":2000,"TOTAL_MARKET_CAP":316870260,"HKSK_MARKET_CAP":316870260,"PE_TTM":7.157351373329,"PB_TTM":0.380090755335,"REPORT_DATE_SQ":"2022-06-30 00:00:00","REPORT_TYPE_SQ":"2022年中报","OPERATE_INCOME_SQ":463562581.02,"DPS_HKD":0.059,"OPERATE_INCOME_QOQ_SQ":0.693352818552,"NET_PROFIT_RATIO_SQ":4.3255518782,"HOLDER_PROFIT_SQ":22958430.74,"HOLDER_PROFIT_QOQ_SQ":-3.829350701965,"ROE_AVG_SQ":2.947128756022,"PE_TTM_SQ":5.351206799505,"PB_TTM_SQ":0.426970357371,"ROA_SQ":1.559289113785,"START_DATE":"2023-01-01 00:00:00","FISCAL_YEAR":"12-31","CURRENCY":"HKD","IS_CNY_CODE":0,"DPS_HKD_LY":0.079,"ORG_TYPE":"一般企业","PREMIUM_INCOME":null,"PREMIUM_INCOME_YOY":null,"NET_INTEREST_INCOME":null,"NET_INTEREST_INCOME_YOY":null,"FEE_COMMISSION_INCOME":null,"FEE_COMMISSION_INCOME_YOY":null,"ACCOUNTS_RECE_TDAYS":1.82743944993,"INVENTORY_TDAYS":0.804062235929,"CURRENT_ASSETS_TDAYS":0.525777980641,"TOTAL_ASSETS_TDAYS":0.303556355281,"PREMIUM_EXPENSE":null,"LOAN_DEPOSIT":null,"LOAN_EQUITY":null,"LOAN_ASSETS":null,"DEPOSIT_EQUITY":null,"DEPOSIT_ASSETS":null,"EQUITY_MULTIPLIER":1.803243660994,"EQUITY_RATIO":0.793527822034},{"SECUCODE":"01962.HK","SECURITY_CODE":"01962","SECURITY_NAME_ABBR":"训修实业","ORG_CODE":"10575613","STD_REPORT_DATE":"2022-12-31 00:00:00","REPORT_DATE":"2022-12-31 00:00:00","DATE_TYPE_CODE":"001","REPORT_TYPE":"2022年年报","PER_NETCASH_OPERATE":0.548907398591,"PER_OI":1.432674193828,"BPS":1.238236371696,"BASIC_EPS":0.089327,"DILUTED_EPS":null,"OPERATE_INCOME":982931976.25,"OPERATE_INCOME_YOY":-8.8655977208,"GROSS_PROFIT":229655250.65,"GROSS_PROFIT_YOY":12.89407673183,"HOLDER_PROFIT":59213975.03,"HOLDER_PROFIT_YOY":22.605286034,"GROSS_PROFIT_RATIO":23.364307622402,"EPS_TTM":0.086307431225,"OPERATE_INCOME_QOQ":-1.11659482503,"NET_PROFIT_RATIO":5.2989208224,"ROE_AVG":7.307806153356,"GROSS_PROFIT_QOQ":12.833033424354,"ROA":4.033957808023,"HOLDER_PROFIT_QOQ":39.286335474106,"ROE_YEARLY":7.307806153356,"ROIC_YEARLY":4.216976880071,"TOTAL_ASSETS":1402945743.71,"TOTAL_LIABILITIES":609643375.95,"TAX_EBT":6.328015807991,"OCF_SALES":38.313484039532,"TOTAL_PARENT_EQUITY":800735267.43,"DEBT_ASSET_RATIO":43.4545226487,"OPERATE_PROFIT":82246048.71,"PRETAX_PROFIT":55603377.69,"NETCASH_OPERATE":376595485.84,"NETCASH_INVEST":-34387321.92,"NETCASH_FINANCE":-329085134.35,"END_CASH":70277123.98,"DIVI_RATIO":0.621739973466,"DIVIDEND_RATE":12.040816326531,"CURRENT_RATIO":1.366385292991,"COMMON_ACS":1000000000,"CURRENTDEBT_DEBT":95.643127687788,"ISSUED_COMMON_SHARES":646674000,"HK_COMMON_SHARES":646674000,"PER_SHARES":2000,"TOTAL_MARKET_CAP":316870260,"HKSK_MARKET_CAP":316870260,"PE_TTM":7.157351373329,"PB_TTM":0.380090755335,"REPORT_DATE_SQ":"2021-12-31 00:00:00","REPORT_TYPE_SQ":"2021年年报","OPERATE_INCOME_SQ":987186592,"DPS_HKD":0.059,"OPERATE_INCOME_QOQ_SQ":13.519917775016,"NET_PROFIT_RATIO_SQ":4.7270212519,"HOLDER_PROFIT_SQ":44205179.2,"HOLDER_PROFIT_QOQ_SQ":1057.55801430478,"ROE_AVG_SQ":6.040894218151,"PE_TTM_SQ":5.351206799505,"PB_TTM_SQ":0.426970357371,"ROA_SQ":3.113412949453,"START_DATE":"2022-01-01 00:00:00","FISCAL_YEAR":"12-31","CURRENCY":"HKD","IS_CNY_CODE":0,"DPS_HKD_LY":0.028,"ORG_TYPE":"一般企业","PREMIUM_INCOME":null,"PREMIUM_INCOME_YOY":null,"NET_INTEREST_INCOME":null,"NET_INTEREST_INCOME_YOY":null,"FEE_COMMISSION_INCOME":null,"FEE_COMMISSION_INCOME_YOY":null,"ACCOUNTS_RECE_TDAYS":4.161206943822,"INVENTORY_TDAYS":1.780048127665,"CURRENT_ASSETS_TDAYS":1.199969465732,"TOTAL_ASSETS_TDAYS":0.669623364812,"PREMIUM_EXPENSE":null,"LOAN_DEPOSIT":null,"LOAN_EQUITY":null,"LOAN_ASSETS":null,"DEPOSIT_EQUITY":null,"DEPOSIT_ASSETS":null,"EQUITY_MULTIPLIER":1.768488032716,"EQUITY_RATIO":0.761354471006},{"SECUCODE":"01962.HK","SECURITY_CODE":"01962","SECURITY_NAME_ABBR":"训修实业","ORG_CODE":"10575613","STD_REPORT_DATE":"2022-06-30 00:00:00","REPORT_DATE":"2022-06-30 00:00:00","DATE_TYPE_CODE":"002","REPORT_TYPE":"2022年中报","PER_NETCASH_OPERATE":0.24130801754,"PER_OI":0.67566643786,"BPS":1.195559254075,"BASIC_EPS":0.0342076,"DILUTED_EPS":null,"OPERATE_INCOME":463562581.02,"OPERATE_INCOME_YOY":-1.2441540791,"GROSS_PROFIT":97801238.78,"GROSS_PROFIT_YOY":0.112655303123,"HOLDER_PROFIT":22958430.74,"HOLDER_PROFIT_YOY":-9.3836494971,"GROSS_PROFIT_RATIO":21.097742308019,"EPS_TTM":0.06196403325,"OPERATE_INCOME_QOQ":0.693352818552,"NET_PROFIT_RATIO":4.3255518782,"ROE_AVG":2.947128756022,"GROSS_PROFIT_QOQ":0.054100564014,"ROA":1.559289113785,"HOLDER_PROFIT_QOQ":-3.829350701965,"ROE_YEARLY":5.894257512044,"ROIC_YEARLY":3.280811147132,"TOTAL_ASSETS":1477244943.72,"TOTAL_LIABILITIES":704894633.45,"TAX_EBT":0.174557220708,"OCF_SALES":35.714074877596,"TOTAL_PARENT_EQUITY":773137085.07,"DEBT_ASSET_RATIO":47.7168418444,"OPERATE_PROFIT":29993223.68,"PRETAX_PROFIT":20086702.72,"NETCASH_OPERATE":165557087.29,"NETCASH_INVEST":-32584449.38,"NETCASH_FINANCE":-101441782.61,"END_CASH":84530400.36,"DIVI_RATIO":0.865998825218,"DIVIDEND_RATE":12.040816326531,"CURRENT_RATIO":1.279043327592,"COMMON_ACS":1000000000,"CURRENTDEBT_DEBT":93.265797599044,"ISSUED_COMMON_SHARES":646674000,"HK_COMMON_SHARES":646674000,"PER_SHARES":2000,"TOTAL_MARKET_CAP":316870260,"HKSK_MARKET_CAP":316870260,"PE_TTM":7.157351373329,"PB_TTM":0.380090755335,"REPORT_DATE_SQ":"2021-06-30 00:00:00","REPORT_TYPE_SQ":"2021年中报","OPERATE_INCOME_SQ":456717894.96,"DPS_HKD":0.059,"OPERATE_INCOME_QOQ_SQ":16.068062455456,"NET_PROFIT_RATIO_SQ":5.6024281865,"HOLDER_PROFIT_SQ":24651202.08,"HOLDER_PROFIT_QOQ_SQ":128.050001149374,"ROE_AVG_SQ":3.338225476139,"PE_TTM_SQ":5.351206799505,"PB_TTM_SQ":0.426970357371,"ROA_SQ":1.710181746497,"START_DATE":"2022-01-01 00:00:00","FISCAL_YEAR":"12-31","CURRENCY":"HKD","IS_CNY_CODE":0,"DPS_HKD_LY":0.028,"ORG_TYPE":"一般企业","PREMIUM_INCOME":null,"PREMIUM_INCOME_YOY":null,"NET_INTEREST_INCOME":null,"NET_INTEREST_INCOME_YOY":null,"FEE_COMMISSION_INCOME":null,"FEE_COMMISSION_INCOME_YOY":null,"ACCOUNTS_RECE_TDAYS":1.883885811201,"INVENTORY_TDAYS":0.884701268318,"CURRENT_ASSETS_TDAYS":0.563072133561,"TOTAL_ASSETS_TDAYS":0.3148421137,"PREMIUM_EXPENSE":null,"LOAN_DEPOSIT":null,"LOAN_EQUITY":null,"LOAN_ASSETS":null,"DEPOSIT_EQUITY":null,"DEPOSIT_ASSETS":null,"EQUITY_MULTIPLIER":1.912661811714,"EQUITY_RATIO":0.911733051049},{"SECUCODE":"01962.HK","SECURITY_CODE":"01962","SECURITY_NAME_ABBR":"训修实业","ORG_CODE":"10575613","STD_REPORT_DATE":"2021-12-31 00:00:00","REPORT_DATE":"2021-12-31 00:00:00","DATE_TYPE_CODE":"001","REPORT_TYPE":"2021年年报","PER_NETCASH_OPERATE":0.321974345924,"PER_OI":1.438875516338,"BPS":1.160373648546,"BASIC_EPS":0.065408,"DILUTED_EPS":0.065408,"OPERATE_INCOME":987186592,"OPERATE_INCOME_YOY":35.6345364699,"GROSS_PROFIT":203425420.8,"GROSS_PROFIT_YOY":58.331680670786,"HOLDER_PROFIT":44205179.2,"HOLDER_PROFIT_YOY":434.2420870425,"GROSS_PROFIT_RATIO":20.606582630733,"EPS_TTM":0.06443133503,"OPERATE_INCOME_QOQ":13.519917775016,"NET_PROFIT_RATIO":4.7270212519,"ROE_AVG":6.040894218151,"GROSS_PROFIT_QOQ":39.140072571301,"ROA":3.113412949453,"HOLDER_PROFIT_QOQ":1057.55801430478,"ROE_YEARLY":6.040894218151,"ROIC_YEARLY":3.247388191032,"TOTAL_ASSETS":1402981977.6,"TOTAL_LIABILITIES":649407416,"TAX_EBT":8.391249217534,"OCF_SALES":22.376803432111,"TOTAL_PARENT_EQUITY":750383468.8,"DEBT_ASSET_RATIO":46.2876520418,"OPERATE_PROFIT":67722625.6,"PRETAX_PROFIT":50938932.8,"NETCASH_OPERATE":390596953.6,"NETCASH_INVEST":-12052241.6,"NETCASH_FINANCE":-380771854.4,"END_CASH":55959814.4,"DIVI_RATIO":0.832836693126,"DIVIDEND_RATE":12.040816326531,"CURRENT_RATIO":1.307721564496,"COMMON_ACS":1000000000,"CURRENTDEBT_DEBT":90.699308182831,"ISSUED_COMMON_SHARES":646674000,"HK_COMMON_SHARES":646674000,"PER_SHARES":2000,"TOTAL_MARKET_CAP":316870260,"HKSK_MARKET_CAP":316870260,"PE_TTM":7.157351373329,"PB_TTM":0.380090755335,"REPORT_DATE_SQ":"2020-12-31 00:00:00","REPORT_TYPE_SQ":"2020年年报","OPERATE_INCOME_SQ":749228769.64,"DPS_HKD":0.059,"OPERATE_INCOME_QOQ_SQ":6.645428137057,"NET_PROFIT_RATIO_SQ":-2.0199932375,"HOLDER_PROFIT_SQ":-13614368.64,"HOLDER_PROFIT_QOQ_SQ":-130.413722480871,"ROE_AVG_SQ":-1.864127077783,"PE_TTM_SQ":5.351206799505,"PB_TTM_SQ":0.426970357371,"ROA_SQ":-0.929876953411,"START_DATE":"2021-01-01 00:00:00","FISCAL_YEAR":"12-31","CURRENCY":"HKD","IS_CNY_CODE":0,"DPS_HKD_LY":0.013,"ORG_TYPE":"一般企业","PREMIUM_INCOME":null,"PREMIUM_INCOME_YOY":null,"NET_INTEREST_INCOME":null,"NET_INTEREST_INCOME_YOY":null,"FEE_COMMISSION_INCOME":null,"FEE_COMMISSION_INCOME_YOY":null,"ACCOUNTS_RECE_TDAYS":4.06141467689,"INVENTORY_TDAYS":2.00134660171,"CURRENT_ASSETS_TDAYS":1.25621320521,"TOTAL_ASSETS_TDAYS":0.695284935992,"PREMIUM_EXPENSE":null,"LOAN_DEPOSIT":null,"LOAN_EQUITY":null,"LOAN_ASSETS":null,"DEPOSIT_EQUITY":null,"DEPOSIT_ASSETS":null,"EQUITY_MULTIPLIER":1.861769291445,"EQUITY_RATIO":0.865434065383},{"SECUCODE":"01962.HK","SECURITY_CODE":"01962","SECURITY_NAME_ABBR":"训修实业","ORG_CODE":"10575613","STD_REPORT_DATE":"2021-06-30 00:00:00","REPORT_DATE":"2021-06-30 00:00:00","DATE_TYPE_CODE":"002","REPORT_TYPE":"2021年中报","PER_NETCASH_OPERATE":0.144633633414,"PER_OI":0.665689953912,"BPS":1.161523328292,"BASIC_EPS":0.0332832,"DILUTED_EPS":0.0332832,"OPERATE_INCOME":456717894.96,"OPERATE_INCOME_YOY":49.0718435211,"GROSS_PROFIT":97691184.48,"GROSS_PROFIT_YOY":22.16002711198,"HOLDER_PROFIT":24651202.08,"HOLDER_PROFIT_YOY":274.9177423437,"GROSS_PROFIT_RATIO":21.389830693749,"EPS_TTM":0.005566143056,"OPERATE_INCOME_QOQ":16.068062455456,"NET_PROFIT_RATIO":5.6024281865,"ROE_AVG":3.338225476139,"GROSS_PROFIT_QOQ":13.79301285735,"ROA":1.710181746497,"HOLDER_PROFIT_QOQ":128.050001149374,"ROE_YEARLY":6.676450952278,"ROIC_YEARLY":3.573024425396,"TOTAL_ASSETS":1420752469.68,"TOTAL_LIABILITIES":667949723.76,"TAX_EBT":5.2065351418,"OCF_SALES":21.726876388036,"TOTAL_PARENT_EQUITY":751126936.8,"DEBT_ASSET_RATIO":47.0137999416,"OPERATE_PROFIT":36367720.56,"PRETAX_PROFIT":26992675.2,"NETCASH_OPERATE":207439208.16,"NETCASH_INVEST":-10177170.48,"NETCASH_FINANCE":-193716544.8,"END_CASH":62467573.92,"DIVI_RATIO":9.640567887348,"DIVIDEND_RATE":12.040816326531,"CURRENT_RATIO":1.197514172842,"COMMON_ACS":1000000000,"CURRENTDEBT_DEBT":96.838356294075,"ISSUED_COMMON_SHARES":646674000,"HK_COMMON_SHARES":646674000,"PER_SHARES":2000,"TOTAL_MARKET_CAP":316870260,"HKSK_MARKET_CAP":316870260,"PE_TTM":7.157351373329,"PB_TTM":0.380090755335,"REPORT_DATE_SQ":"2020-06-30 00:00:00","REPORT_TYPE_SQ":"2020年中报","OPERATE_INCOME_SQ":336331348.32,"DPS_HKD":0.059,"OPERATE_INCOME_QOQ_SQ":0.884283084974,"NET_PROFIT_RATIO_SQ":1.7775520569,"HOLDER_PROFIT_SQ":7218002.88,"HOLDER_PROFIT_QOQ_SQ":-44.677197645811,"ROE_AVG_SQ":0.920290412069,"PE_TTM_SQ":5.351206799505,"PB_TTM_SQ":0.426970357371,"ROA_SQ":0.463181279317,"START_DATE":"2021-01-01 00:00:00","FISCAL_YEAR":"12-31","CURRENCY":"HKD","IS_CNY_CODE":0,"DPS_HKD_LY":0.013,"ORG_TYPE":"一般企业","PREMIUM_INCOME":null,"PREMIUM_INCOME_YOY":null,"NET_INTEREST_INCOME":null,"NET_INTEREST_INCOME_YOY":null,"FEE_COMMISSION_INCOME":null,"FEE_COMMISSION_INCOME_YOY":null,"ACCOUNTS_RECE_TDAYS":1.887948351059,"INVENTORY_TDAYS":0.919879546969,"CURRENT_ASSETS_TDAYS":0.574411551712,"TOTAL_ASSETS_TDAYS":0.316848892287,"PREMIUM_EXPENSE":null,"LOAN_DEPOSIT":null,"LOAN_EQUITY":null,"LOAN_ASSETS":null,"DEPOSIT_EQUITY":null,"DEPOSIT_ASSETS":null,"EQUITY_MULTIPLIER":1.887283856736,"EQUITY_RATIO":0.889263440086},{"SECUCODE":"01962.HK","SECURITY_CODE":"01962","SECURITY_NAME_ABBR":"训修实业","ORG_CODE":"10575613","STD_REPORT_DATE":"2020-12-31 00:00:00","REPORT_DATE":"2020-12-31 00:00:00","DATE_TYPE_CODE":"001","REPORT_TYPE":"2020年年报","PER_NETCASH_OPERATE":0.097230923417,"PER_OI":1.092039682778,"BPS":1.135218489997,"BASIC_EPS":-0.0168328,"DILUTED_EPS":-0.0168328,"OPERATE_INCOME":749228769.64,"OPERATE_INCOME_YOY":14.5092969559,"GROSS_PROFIT":128480554.2,"GROSS_PROFIT_YOY":-44.192907405173,"HOLDER_PROFIT":-13614368.64,"HOLDER_PROFIT_YOY":-117.908068373,"GROSS_PROFIT_RATIO":17.148374355904,"EPS_TTM":-0.019843646445,"OPERATE_INCOME_QOQ":6.645428137057,"NET_PROFIT_RATIO":-2.0199932375,"ROE_AVG":-1.864127077783,"GROSS_PROFIT_QOQ":-35.659294406277,"ROA":-0.929876953411,"HOLDER_PROFIT_QOQ":-130.413722480871,"ROE_YEARLY":-1.864127077783,"ROIC_YEARLY":-0.96014786847,"TOTAL_ASSETS":1478921391.6,"TOTAL_LIABILITIES":744207545.4,"TAX_EBT":-3.64265129683,"OCF_SALES":8.903607162877,"TOTAL_PARENT_EQUITY":734116281.8,"DEBT_ASSET_RATIO":50.3209669984,"OPERATE_PROFIT":6145655.28,"PRETAX_PROFIT":-14602454,"NETCASH_OPERATE":66708386.4,"NETCASH_INVEST":-35933819.8,"NETCASH_FINANCE":-3408642,"END_CASH":59110902.12,"DIVI_RATIO":-2.704179403207,"DIVIDEND_RATE":12.040816326531,"CURRENT_RATIO":1.14030250787,"COMMON_ACS":1000000000,"CURRENTDEBT_DEBT":97.2155592122,"ISSUED_COMMON_SHARES":646674000,"HK_COMMON_SHARES":646674000,"PER_SHARES":2000,"TOTAL_MARKET_CAP":316870260,"HKSK_MARKET_CAP":316870260,"PE_TTM":7.157351373329,"PB_TTM":0.380090755335,"REPORT_DATE_SQ":"2019-12-31 00:00:00","REPORT_TYPE_SQ":"2019年年报","OPERATE_INCOME_SQ":696383850.9,"DPS_HKD":0.059,"OPERATE_INCOME_QOQ_SQ":6.003182254134,"NET_PROFIT_RATIO_SQ":11.0881715451,"HOLDER_PROFIT_SQ":80914015.84,"HOLDER_PROFIT_QOQ_SQ":-16.331976847256,"ROE_AVG_SQ":11.468867803548,"PE_TTM_SQ":5.351206799505,"PB_TTM_SQ":0.426970357371,"ROA_SQ":5.652089983665,"START_DATE":"2020-01-01 00:00:00","FISCAL_YEAR":"12-31","CURRENCY":"HKD","IS_CNY_CODE":0,"DPS_HKD_LY":0.02,"ORG_TYPE":"一般企业","PREMIUM_INCOME":null,"PREMIUM_INCOME_YOY":null,"NET_INTEREST_INCOME":null,"NET_INTEREST_INCOME_YOY":null,"FEE_COMMISSION_INCOME":null,"FEE_COMMISSION_INCOME_YOY":null,"ACCOUNTS_RECE_TDAYS":2.874281793599,"INVENTORY_TDAYS":1.531560640827,"CURRENT_ASSETS_TDAYS":0.934031355383,"TOTAL_ASSETS_TDAYS":0.511731821095,"PREMIUM_EXPENSE":null,"LOAN_DEPOSIT":null,"LOAN_EQUITY":null,"LOAN_ASSETS":null,"DEPOSIT_EQUITY":null,"DEPOSIT_ASSETS":null,"EQUITY_MULTIPLIER":2.012921628261,"EQUITY_RATIO":1.01374613784},{"SECUCODE":"01962.HK","SECURITY_CODE":"01962","SECURITY_NAME_ABBR":"训修实业","ORG_CODE":"10575613","STD_REPORT_DATE":"2020-06-30 00:00:00","REPORT_DATE":"2020-06-30 00:00:00","DATE_TYPE_CODE":"002","REPORT_TYPE":"2020年中报","PER_NETCASH_OPERATE":0.124285662838,"PER_OI":0.50875889575,"BPS":1.206327447833,"BASIC_EPS":0.0091344,"DILUTED_EPS":0.0091344,"OPERATE_INCOME":336331348.32,"OPERATE_INCOME_YOY":-1.9019987105,"GROSS_PROFIT":79969845.12,"GROSS_PROFIT_YOY":-27.632143813818,"HOLDER_PROFIT":7218002.88,"HOLDER_PROFIT_YOY":-83.9719275471,"GROSS_PROFIT_RATIO":23.777101218621,"EPS_TTM":0.067713084095,"OPERATE_INCOME_QOQ":0.884283084974,"NET_PROFIT_RATIO":1.7775520569,"ROE_AVG":0.920290412069,"GROSS_PROFIT_QOQ":-13.263163529448,"ROA":0.463181279317,"HOLDER_PROFIT_QOQ":-44.677197645811,"ROE_YEARLY":1.840580824139,"ROIC_YEARLY":0.949792721141,"TOTAL_ASSETS":1543782108,"TOTAL_LIABILITIES":762529664.16,"TAX_EBT":7.816901408451,"OCF_SALES":24.429187160344,"TOTAL_PARENT_EQUITY":780100596,"DEBT_ASSET_RATIO":49.3936067926,"OPERATE_PROFIT":15677370.72,"PRETAX_PROFIT":6485424,"NETCASH_OPERATE":82163014.56,"NETCASH_INVEST":-23101811.04,"NETCASH_FINANCE":-51557293.92,"END_CASH":40341164.16,"DIVI_RATIO":0.792472839139,"DIVIDEND_RATE":12.040816326531,"CURRENT_RATIO":1.116693465868,"COMMON_ACS":1000000000,"CURRENTDEBT_DEBT":98.338622094925,"ISSUED_COMMON_SHARES":646674000,"HK_COMMON_SHARES":646674000,"PER_SHARES":2000,"TOTAL_MARKET_CAP":316870260,"HKSK_MARKET_CAP":316870260,"PE_TTM":7.157351373329,"PB_TTM":0.380090755335,"REPORT_DATE_SQ":"2019-06-30 00:00:00","REPORT_TYPE_SQ":"2019年中报","OPERATE_INCOME_SQ":330173343.72,"DPS_HKD":0.059,"OPERATE_INCOME_QOQ_SQ":2.403454914878,"NET_PROFIT_RATIO_SQ":12.7742165811,"HOLDER_PROFIT_SQ":43368117.66,"HOLDER_PROFIT_QOQ_SQ":-0.542887653216,"ROE_AVG_SQ":6.721161960358,"PE_TTM_SQ":5.351206799505,"PB_TTM_SQ":0.426970357371,"ROA_SQ":3.190667648225,"START_DATE":"2020-01-01 00:00:00","FISCAL_YEAR":"12-31","CURRENCY":"HKD","IS_CNY_CODE":0,"DPS_HKD_LY":0.02,"ORG_TYPE":"一般企业","PREMIUM_INCOME":null,"PREMIUM_INCOME_YOY":null,"NET_INTEREST_INCOME":null,"NET_INTEREST_INCOME_YOY":null,"FEE_COMMISSION_INCOME":null,"FEE_COMMISSION_INCOME_YOY":null,"ACCOUNTS_RECE_TDAYS":1.186096816538,"INVENTORY_TDAYS":0.601839044966,"CURRENT_ASSETS_TDAYS":0.399646377705,"TOTAL_ASSETS_TDAYS":0.21582477422,"PREMIUM_EXPENSE":null,"LOAN_DEPOSIT":null,"LOAN_EQUITY":null,"LOAN_ASSETS":null,"DEPOSIT_EQUITY":null,"DEPOSIT_ASSETS":null,"EQUITY_MULTIPLIER":1.976034916975,"EQUITY_RATIO":0.977476069202}],"count":21},"success":true,"message":"ok","code":0}