{"version":"535cd212c1237926295e99d235438197","result":{"pages":4,"data":[{"SECUCODE":"01966.HK","SECURITY_CODE":"01966","SECURITY_NAME_ABBR":"中骏集团控股","ORG_CODE":"10143546","STD_REPORT_DATE":"2024-06-30 00:00:00","REPORT_DATE":"2024-06-30 00:00:00","DATE_TYPE_CODE":"002","REPORT_TYPE":"2024年中报","PER_NETCASH_OPERATE":-0.236673758847,"PER_OI":5.876536474323,"BPS":1.302082421286,"BASIC_EPS":-0.872,"DILUTED_EPS":-0.872,"OPERATE_INCOME":24816532000,"OPERATE_INCOME_YOY":161.7261086973,"GROSS_PROFIT":4459982000,"GROSS_PROFIT_YOY":171.719988375699,"HOLDER_PROFIT":-3682268000,"HOLDER_PROFIT_YOY":-227.3182391525,"GROSS_PROFIT_RATIO":17.971818141229,"EPS_TTM":-2.497838421741,"OPERATE_INCOME_QOQ":73.158171893588,"NET_PROFIT_RATIO":-13.7977619113,"ROE_AVG":-48.379519031955,"GROSS_PROFIT_QOQ":107.130428370744,"ROA":-2.364997114249,"HOLDER_PROFIT_QOQ":-32.001889614006,"ROE_YEARLY":-96.759038063909,"ROIC_YEARLY":-5.207176780267,"TOTAL_ASSETS":143507564000,"TOTAL_LIABILITIES":128403307000,"TAX_EBT":-25.532126279792,"OCF_SALES":-4.027436226786,"TOTAL_PARENT_EQUITY":5498676000,"DEBT_ASSET_RATIO":89.4749401502,"OPERATE_PROFIT":-2239183000,"PRETAX_PROFIT":-2727689000,"NETCASH_OPERATE":-999470000,"NETCASH_INVEST":589400000,"NETCASH_FINANCE":-534920000,"END_CASH":2985074000,"DIVI_RATIO":null,"DIVIDEND_RATE":null,"CURRENT_RATIO":0.883870397822,"COMMON_ACS":10000000000,"CURRENTDEBT_DEBT":89.545412564803,"ISSUED_COMMON_SHARES":4222986126,"HK_COMMON_SHARES":4222986126,"PER_SHARES":1000,"TOTAL_MARKET_CAP":591218057.64,"HKSK_MARKET_CAP":591218057.64,"PE_TTM":-0.050825161379,"PB_TTM":0.098131422336,"REPORT_DATE_SQ":"2023-06-30 00:00:00","REPORT_TYPE_SQ":"2023年中报","OPERATE_INCOME_SQ":9481871000,"DPS_HKD":null,"OPERATE_INCOME_QOQ_SQ":-22.106306837432,"NET_PROFIT_RATIO_SQ":-10.7802036117,"HOLDER_PROFIT_SQ":-1124981000,"HOLDER_PROFIT_QOQ_SQ":-9774.95925684485,"ROE_AVG_SQ":-6.060069174299,"PE_TTM_SQ":-0.251869845989,"PB_TTM_SQ":0.035767489549,"ROA_SQ":-0.585443681603,"START_DATE":"2024-01-01 00:00:00","FISCAL_YEAR":"12-31","CURRENCY":"HKD","IS_CNY_CODE":0,"DPS_HKD_LY":null,"ORG_TYPE":"一般企业","PREMIUM_INCOME":null,"PREMIUM_INCOME_YOY":null,"NET_INTEREST_INCOME":null,"NET_INTEREST_INCOME_YOY":null,"FEE_COMMISSION_INCOME":null,"FEE_COMMISSION_INCOME_YOY":null,"ACCOUNTS_RECE_TDAYS":95.419207240877,"INVENTORY_TDAYS":0.241695012762,"CURRENT_ASSETS_TDAYS":0.225308630276,"TOTAL_ASSETS_TDAYS":0.159388253559,"PREMIUM_EXPENSE":null,"LOAN_DEPOSIT":null,"LOAN_EQUITY":null,"LOAN_ASSETS":null,"DEPOSIT_EQUITY":null,"DEPOSIT_ASSETS":null,"EQUITY_MULTIPLIER":9.501133620813,"EQUITY_RATIO":23.351677203749},{"SECUCODE":"01966.HK","SECURITY_CODE":"01966","SECURITY_NAME_ABBR":"中骏集团控股","ORG_CODE":"10143546","STD_REPORT_DATE":"2023-12-31 00:00:00","REPORT_DATE":"2023-12-31 00:00:00","DATE_TYPE_CODE":"001","REPORT_TYPE":"2023年年报","PER_NETCASH_OPERATE":1.206277228485,"PER_OI":4.96354176277,"BPS":2.30257659151,"BASIC_EPS":-1.892,"DILUTED_EPS":-1.892,"OPERATE_INCOME":20960968000,"OPERATE_INCOME_YOY":-21.509529711,"GROSS_PROFIT":2630992000,"GROSS_PROFIT_YOY":-51.37075375376,"HOLDER_PROFIT":-7991050000,"HOLDER_PROFIT_YOY":-32658.0589960887,"GROSS_PROFIT_RATIO":12.551863062813,"EPS_TTM":-1.892274746251,"OPERATE_INCOME_QOQ":0.766143062663,"NET_PROFIT_RATIO":-40.0798474574,"ROE_AVG":-54.297282659176,"GROSS_PROFIT_QOQ":7.472046358133,"ROA":-4.416729073324,"HOLDER_PROFIT_QOQ":-236.518822785269,"ROE_YEARLY":-54.297282659176,"ROIC_YEARLY":-4.991642938865,"TOTAL_ASSETS":167889687000,"TOTAL_LIABILITIES":147407361000,"TAX_EBT":-2.307754133776,"OCF_SALES":24.302751666812,"TOTAL_PARENT_EQUITY":9723749000,"DEBT_ASSET_RATIO":87.8001285451,"OPERATE_PROFIT":-6804423000,"PRETAX_PROFIT":-8211620000,"NETCASH_OPERATE":5094092000,"NETCASH_INVEST":4044304000,"NETCASH_FINANCE":-13389527000,"END_CASH":3932025000,"DIVI_RATIO":null,"DIVIDEND_RATE":null,"CURRENT_RATIO":0.902150990345,"COMMON_ACS":10000000000,"CURRENTDEBT_DEBT":89.230827489002,"ISSUED_COMMON_SHARES":4222986126,"HK_COMMON_SHARES":4222986126,"PER_SHARES":1000,"TOTAL_MARKET_CAP":772806461.058,"HKSK_MARKET_CAP":772806461.058,"PE_TTM":-0.06643574666,"PB_TTM":0.128271787768,"REPORT_DATE_SQ":"2022-12-31 00:00:00","REPORT_TYPE_SQ":"2022年年报","OPERATE_INCOME_SQ":26705112000,"DPS_HKD":null,"OPERATE_INCOME_QOQ_SQ":-18.423455969913,"NET_PROFIT_RATIO_SQ":-0.7515115458,"HOLDER_PROFIT_SQ":24544000,"HOLDER_PROFIT_QOQ_SQ":-98.752297122465,"ROE_AVG_SQ":0.118292748961,"PE_TTM_SQ":-0.266037524826,"PB_TTM_SQ":0.037779410836,"ROA_SQ":0.01261976754,"START_DATE":"2023-01-01 00:00:00","FISCAL_YEAR":"12-31","CURRENCY":"HKD","IS_CNY_CODE":0,"DPS_HKD_LY":null,"ORG_TYPE":"一般企业","PREMIUM_INCOME":null,"PREMIUM_INCOME_YOY":null,"NET_INTEREST_INCOME":null,"NET_INTEREST_INCOME_YOY":null,"FEE_COMMISSION_INCOME":null,"FEE_COMMISSION_INCOME_YOY":null,"ACCOUNTS_RECE_TDAYS":63.070855148342,"INVENTORY_TDAYS":0.195502090422,"CURRENT_ASSETS_TDAYS":0.166458673744,"TOTAL_ASSETS_TDAYS":0.115853256794,"PREMIUM_EXPENSE":null,"LOAN_DEPOSIT":null,"LOAN_EQUITY":null,"LOAN_ASSETS":null,"DEPOSIT_EQUITY":null,"DEPOSIT_ASSETS":null,"EQUITY_MULTIPLIER":8.196807677005,"EQUITY_RATIO":15.159519337655},{"SECUCODE":"01966.HK","SECURITY_CODE":"01966","SECURITY_NAME_ABBR":"中骏集团控股","ORG_CODE":"10143546","STD_REPORT_DATE":"2023-06-30 00:00:00","REPORT_DATE":"2023-06-30 00:00:00","DATE_TYPE_CODE":"002","REPORT_TYPE":"2023年中报","PER_NETCASH_OPERATE":1.737448521279,"PER_OI":2.245300059506,"BPS":4.124326360621,"BASIC_EPS":-0.266,"DILUTED_EPS":-0.266,"OPERATE_INCOME":9481871000,"OPERATE_INCOME_YOY":-38.3709214947,"GROSS_PROFIT":1641389000,"GROSS_PROFIT_YOY":-51.980306352135,"HOLDER_PROFIT":-1124981000,"HOLDER_PROFIT_YOY":-188.2902404282,"GROSS_PROFIT_RATIO":15.249057912726,"EPS_TTM":-0.562308738213,"OPERATE_INCOME_QOQ":-22.106306837432,"NET_PROFIT_RATIO":-10.7802036117,"ROE_AVG":-6.060069174299,"GROSS_PROFIT_QOQ":-44.617950729051,"ROA":-0.585443681603,"HOLDER_PROFIT_QOQ":-9774.95925684485,"ROE_YEARLY":-12.120138348598,"ROIC_YEARLY":-1.342538157138,"TOTAL_ASSETS":190353343000,"TOTAL_LIABILITIES":158563170000,"TAX_EBT":2.755513357542,"OCF_SALES":77.381573742144,"TOTAL_PARENT_EQUITY":17416973000,"DEBT_ASSET_RATIO":83.2993881279,"OPERATE_PROFIT":-654830000,"PRETAX_PROFIT":-1051129000,"NETCASH_OPERATE":7337221000,"NETCASH_INVEST":1725016000,"NETCASH_FINANCE":-9443525000,"END_CASH":7767863000,"DIVI_RATIO":null,"DIVIDEND_RATE":null,"CURRENT_RATIO":1.012694867564,"COMMON_ACS":10000000000,"CURRENTDEBT_DEBT":81.475566488738,"ISSUED_COMMON_SHARES":4222986126,"HK_COMMON_SHARES":4222986126,"PER_SHARES":1000,"TOTAL_MARKET_CAP":772806461.058,"HKSK_MARKET_CAP":772806461.058,"PE_TTM":-0.06643574666,"PB_TTM":0.128271787768,"REPORT_DATE_SQ":"2022-06-30 00:00:00","REPORT_TYPE_SQ":"2022年中报","OPERATE_INCOME_SQ":15385385000,"DPS_HKD":null,"OPERATE_INCOME_QOQ_SQ":-13.252576413026,"NET_PROFIT_RATIO_SQ":10.0300577464,"HOLDER_PROFIT_SQ":1274185000,"HOLDER_PROFIT_QOQ_SQ":-35.924400541755,"ROE_AVG_SQ":5.846752392972,"PE_TTM_SQ":-0.266037524826,"PB_TTM_SQ":0.037779410836,"ROA_SQ":0.655536610892,"START_DATE":"2023-01-01 00:00:00","FISCAL_YEAR":"12-31","CURRENCY":"HKD","IS_CNY_CODE":0,"DPS_HKD_LY":null,"ORG_TYPE":"一般企业","PREMIUM_INCOME":null,"PREMIUM_INCOME_YOY":null,"NET_INTEREST_INCOME":null,"NET_INTEREST_INCOME_YOY":null,"FEE_COMMISSION_INCOME":null,"FEE_COMMISSION_INCOME_YOY":null,"ACCOUNTS_RECE_TDAYS":22.606482822582,"INVENTORY_TDAYS":0.082943702205,"CURRENT_ASSETS_TDAYS":0.071828614987,"TOTAL_ASSETS_TDAYS":0.049343957513,"PREMIUM_EXPENSE":null,"LOAN_DEPOSIT":null,"LOAN_EQUITY":null,"LOAN_ASSETS":null,"DEPOSIT_EQUITY":null,"DEPOSIT_ASSETS":null,"EQUITY_MULTIPLIER":5.987804564638,"EQUITY_RATIO":9.103945329651},{"SECUCODE":"01966.HK","SECURITY_CODE":"01966","SECURITY_NAME_ABBR":"中骏集团控股","ORG_CODE":"10143546","STD_REPORT_DATE":"2022-12-31 00:00:00","REPORT_DATE":"2022-12-31 00:00:00","DATE_TYPE_CODE":"001","REPORT_TYPE":"2022年年报","PER_NETCASH_OPERATE":3.890423389944,"PER_OI":6.323750825413,"BPS":4.667476617706,"BASIC_EPS":0.006,"DILUTED_EPS":0.006,"OPERATE_INCOME":26705112000,"OPERATE_INCOME_YOY":-29.2344498026,"GROSS_PROFIT":5410308000,"GROSS_PROFIT_YOY":-33.807704833916,"HOLDER_PROFIT":24544000,"HOLDER_PROFIT_YOY":-99.2005269018,"GROSS_PROFIT_RATIO":16.552385176291,"EPS_TTM":0.005812001098,"OPERATE_INCOME_QOQ":-18.423455969913,"NET_PROFIT_RATIO":-0.7515115458,"ROE_AVG":0.118292748961,"GROSS_PROFIT_QOQ":-31.806000527307,"ROA":0.01261976754,"HOLDER_PROFIT_QOQ":-98.752297122465,"ROE_YEARLY":0.118292748961,"ROIC_YEARLY":0.01504174057,"TOTAL_ASSETS":193964068000,"TOTAL_LIABILITIES":157338827000,"TAX_EBT":124.491718613472,"OCF_SALES":61.520820433182,"TOTAL_PARENT_EQUITY":19710689000,"DEBT_ASSET_RATIO":81.1175124457,"OPERATE_PROFIT":2194818000,"PRETAX_PROFIT":819428000,"NETCASH_OPERATE":16429204000,"NETCASH_INVEST":-2604642000,"NETCASH_FINANCE":-21253827000,"END_CASH":8156453000,"DIVI_RATIO":null,"DIVIDEND_RATE":null,"CURRENT_RATIO":1.077092587664,"COMMON_ACS":10000000000,"CURRENTDEBT_DEBT":78.588922618573,"ISSUED_COMMON_SHARES":4222986126,"HK_COMMON_SHARES":4222986126,"PER_SHARES":1000,"TOTAL_MARKET_CAP":772806461.058,"HKSK_MARKET_CAP":772806461.058,"PE_TTM":-0.06643574666,"PB_TTM":0.128271787768,"REPORT_DATE_SQ":"2021-12-31 00:00:00","REPORT_TYPE_SQ":"2021年年报","OPERATE_INCOME_SQ":37737447000,"DPS_HKD":null,"OPERATE_INCOME_QOQ_SQ":-0.228743854393,"NET_PROFIT_RATIO_SQ":9.7219374697,"HOLDER_PROFIT_SQ":3070022000,"HOLDER_PROFIT_QOQ_SQ":-24.493662309056,"ROE_AVG_SQ":14.351006221537,"PE_TTM_SQ":-0.266037524826,"PB_TTM_SQ":0.037779410836,"ROA_SQ":1.679317218143,"START_DATE":"2022-01-01 00:00:00","FISCAL_YEAR":"12-31","CURRENCY":"HKD","IS_CNY_CODE":0,"DPS_HKD_LY":0.06,"ORG_TYPE":"一般企业","PREMIUM_INCOME":null,"PREMIUM_INCOME_YOY":null,"NET_INTEREST_INCOME":null,"NET_INTEREST_INCOME_YOY":null,"FEE_COMMISSION_INCOME":null,"FEE_COMMISSION_INCOME_YOY":null,"ACCOUNTS_RECE_TDAYS":53.180960877656,"INVENTORY_TDAYS":0.227787577744,"CURRENT_ASSETS_TDAYS":0.196706188031,"TOTAL_ASSETS_TDAYS":0.137309446536,"PREMIUM_EXPENSE":null,"LOAN_DEPOSIT":null,"LOAN_EQUITY":null,"LOAN_ASSETS":null,"DEPOSIT_EQUITY":null,"DEPOSIT_ASSETS":null,"EQUITY_MULTIPLIER":5.295912400971,"EQUITY_RATIO":7.982411320071},{"SECUCODE":"01966.HK","SECURITY_CODE":"01966","SECURITY_NAME_ABBR":"中骏集团控股","ORG_CODE":"10143546","STD_REPORT_DATE":"2022-06-30 00:00:00","REPORT_DATE":"2022-06-30 00:00:00","DATE_TYPE_CODE":"002","REPORT_TYPE":"2022年中报","PER_NETCASH_OPERATE":2.188580077496,"PER_OI":3.643983648854,"BPS":5.162156907356,"BASIC_EPS":0.302,"DILUTED_EPS":0.302,"OPERATE_INCOME":15385385000,"OPERATE_INCOME_YOY":-24.5317591204,"GROSS_PROFIT":3418158000,"GROSS_PROFIT_YOY":-33.10561329121,"HOLDER_PROFIT":1274185000,"HOLDER_PROFIT_YOY":-46.3968697625,"GROSS_PROFIT_RATIO":22.216915598797,"EPS_TTM":0.465910198223,"OPERATE_INCOME_QOQ":-13.252576413026,"NET_PROFIT_RATIO":10.0300577464,"ROE_AVG":5.846752392972,"GROSS_PROFIT_QOQ":-20.696149149055,"ROA":0.655536610892,"HOLDER_PROFIT_QOQ":-35.924400541755,"ROE_YEARLY":11.693504785944,"ROIC_YEARLY":1.595531362667,"TOTAL_ASSETS":193732655000,"TOTAL_LIABILITIES":153770532000,"TAX_EBT":29.586672251684,"OCF_SALES":60.060095993698,"TOTAL_PARENT_EQUITY":21799717000,"DEBT_ASSET_RATIO":79.3725415057,"OPERATE_PROFIT":2850303000,"PRETAX_PROFIT":2191578000,"NETCASH_OPERATE":9240477000,"NETCASH_INVEST":-5077155000,"NETCASH_FINANCE":-6840238000,"END_CASH":12946488000,"DIVI_RATIO":null,"DIVIDEND_RATE":null,"CURRENT_RATIO":1.169396152922,"COMMON_ACS":10000000000,"CURRENTDEBT_DEBT":73.357435610615,"ISSUED_COMMON_SHARES":4222986126,"HK_COMMON_SHARES":4222986126,"PER_SHARES":1000,"TOTAL_MARKET_CAP":772806461.058,"HKSK_MARKET_CAP":772806461.058,"PE_TTM":-0.06643574666,"PB_TTM":0.128271787768,"REPORT_DATE_SQ":"2021-06-30 00:00:00","REPORT_TYPE_SQ":"2021年中报","OPERATE_INCOME_SQ":20386569000,"DPS_HKD":null,"OPERATE_INCOME_QOQ_SQ":16.12202032966,"NET_PROFIT_RATIO_SQ":13.2976961449,"HOLDER_PROFIT_SQ":2377072000,"HOLDER_PROFIT_QOQ_SQ":6.906614837147,"ROE_AVG_SQ":11.029805045633,"PE_TTM_SQ":-0.266037524826,"PB_TTM_SQ":0.037779410836,"ROA_SQ":1.362906937057,"START_DATE":"2022-01-01 00:00:00","FISCAL_YEAR":"12-31","CURRENCY":"HKD","IS_CNY_CODE":0,"DPS_HKD_LY":0.06,"ORG_TYPE":"一般企业","PREMIUM_INCOME":null,"PREMIUM_INCOME_YOY":null,"NET_INTEREST_INCOME":null,"NET_INTEREST_INCOME_YOY":null,"FEE_COMMISSION_INCOME":null,"FEE_COMMISSION_INCOME_YOY":null,"ACCOUNTS_RECE_TDAYS":36.376153350554,"INVENTORY_TDAYS":0.124676734918,"CURRENT_ASSETS_TDAYS":0.113860492173,"TOTAL_ASSETS_TDAYS":0.079153993652,"PREMIUM_EXPENSE":null,"LOAN_DEPOSIT":null,"LOAN_EQUITY":null,"LOAN_ASSETS":null,"DEPOSIT_EQUITY":null,"DEPOSIT_ASSETS":null,"EQUITY_MULTIPLIER":4.847906979313,"EQUITY_RATIO":7.053785698227},{"SECUCODE":"01966.HK","SECURITY_CODE":"01966","SECURITY_NAME_ABBR":"中骏集团控股","ORG_CODE":"10143546","STD_REPORT_DATE":"2021-12-31 00:00:00","REPORT_DATE":"2021-12-31 00:00:00","DATE_TYPE_CODE":"001","REPORT_TYPE":"2021年年报","PER_NETCASH_OPERATE":-0.873775806675,"PER_OI":8.938004464463,"BPS":5.158993979608,"BASIC_EPS":0.727,"DILUTED_EPS":0.722,"OPERATE_INCOME":37737447000,"OPERATE_INCOME_YOY":15.8563983446,"GROSS_PROFIT":8173622000,"GROSS_PROFIT_YOY":3.939626265464,"HOLDER_PROFIT":3070022000,"HOLDER_PROFIT_YOY":-19.2787303871,"GROSS_PROFIT_RATIO":21.659181131145,"EPS_TTM":0.727125773559,"OPERATE_INCOME_QOQ":-0.228743854393,"NET_PROFIT_RATIO":9.7219374697,"ROE_AVG":14.351006221537,"GROSS_PROFIT_QOQ":-6.572773333855,"ROA":1.679317218143,"HOLDER_PROFIT_QOQ":-24.493662309056,"ROE_YEARLY":14.351006221537,"ROIC_YEARLY":2.09944893895,"TOTAL_ASSETS":195012986000,"TOTAL_LIABILITIES":152305875000,"TAX_EBT":36.038023509722,"OCF_SALES":-9.775960732055,"TOTAL_PARENT_EQUITY":21786360000,"DEBT_ASSET_RATIO":78.1003758386,"OPERATE_PROFIT":5921208000,"PRETAX_PROFIT":5735925000,"NETCASH_OPERATE":-3689198000,"NETCASH_INVEST":1279696000,"NETCASH_FINANCE":1126966000,"END_CASH":15677587000,"DIVI_RATIO":null,"DIVIDEND_RATE":null,"CURRENT_RATIO":1.225764213618,"COMMON_ACS":10000000000,"CURRENTDEBT_DEBT":74.100691782244,"ISSUED_COMMON_SHARES":4222986126,"HK_COMMON_SHARES":4222986126,"PER_SHARES":1000,"TOTAL_MARKET_CAP":772806461.058,"HKSK_MARKET_CAP":772806461.058,"PE_TTM":-0.06643574666,"PB_TTM":0.128271787768,"REPORT_DATE_SQ":"2020-12-31 00:00:00","REPORT_TYPE_SQ":"2020年年报","OPERATE_INCOME_SQ":32572605000,"DPS_HKD":null,"OPERATE_INCOME_QOQ_SQ":24.884518855402,"NET_PROFIT_RATIO_SQ":13.6483587972,"HOLDER_PROFIT_SQ":3803238000,"HOLDER_PROFIT_QOQ_SQ":2.578599338176,"ROE_AVG_SQ":19.717434136913,"PE_TTM_SQ":-0.266037524826,"PB_TTM_SQ":0.037779410836,"ROA_SQ":2.377049934691,"START_DATE":"2021-01-01 00:00:00","FISCAL_YEAR":"12-31","CURRENCY":"HKD","IS_CNY_CODE":0,"DPS_HKD_LY":0.3,"ORG_TYPE":"一般企业","PREMIUM_INCOME":null,"PREMIUM_INCOME_YOY":null,"NET_INTEREST_INCOME":null,"NET_INTEREST_INCOME_YOY":null,"FEE_COMMISSION_INCOME":null,"FEE_COMMISSION_INCOME_YOY":null,"ACCOUNTS_RECE_TDAYS":96.830465941544,"INVENTORY_TDAYS":0.346598688028,"CURRENT_ASSETS_TDAYS":0.302061205326,"TOTAL_ASSETS_TDAYS":0.206425701561,"PREMIUM_EXPENSE":null,"LOAN_DEPOSIT":null,"LOAN_EQUITY":null,"LOAN_ASSETS":null,"DEPOSIT_EQUITY":null,"DEPOSIT_ASSETS":null,"EQUITY_MULTIPLIER":4.566288410386,"EQUITY_RATIO":6.9908821391},{"SECUCODE":"01966.HK","SECURITY_CODE":"01966","SECURITY_NAME_ABBR":"中骏集团控股","ORG_CODE":"10143546","STD_REPORT_DATE":"2021-06-30 00:00:00","REPORT_DATE":"2021-06-30 00:00:00","DATE_TYPE_CODE":"002","REPORT_TYPE":"2021年中报","PER_NETCASH_OPERATE":-1.645242197441,"PER_OI":4.828499520306,"BPS":5.234281700314,"BASIC_EPS":0.563,"DILUTED_EPS":0.563,"OPERATE_INCOME":20386569000,"OPERATE_INCOME_YOY":34.6963341829,"GROSS_PROFIT":5109783000,"GROSS_PROFIT_YOY":20.943069371962,"HOLDER_PROFIT":2377072000,"HOLDER_PROFIT_YOY":12.4231636727,"GROSS_PROFIT_RATIO":25.064457879107,"EPS_TTM":0.96299965777,"OPERATE_INCOME_QOQ":16.12202032966,"NET_PROFIT_RATIO":13.2976961449,"ROE_AVG":11.029805045633,"GROSS_PROFIT_QOQ":11.251965807444,"ROA":1.362906937057,"HOLDER_PROFIT_QOQ":6.906614837147,"ROE_YEARLY":22.059610091265,"ROIC_YEARLY":3.402055199872,"TOTAL_ASSETS":178209396000,"TOTAL_LIABILITIES":138643187000,"TAX_EBT":35.142723645595,"OCF_SALES":-34.073570692548,"TOTAL_PARENT_EQUITY":22104299000,"DEBT_ASSET_RATIO":77.7979108352,"OPERATE_PROFIT":4230631000,"PRETAX_PROFIT":4179861000,"NETCASH_OPERATE":-6946432000,"NETCASH_INVEST":-12693000,"NETCASH_FINANCE":5102536000,"END_CASH":15306042000,"DIVI_RATIO":null,"DIVIDEND_RATE":null,"CURRENT_RATIO":1.170752947048,"COMMON_ACS":10000000000,"CURRENTDEBT_DEBT":69.182376772686,"ISSUED_COMMON_SHARES":4222986126,"HK_COMMON_SHARES":4222986126,"PER_SHARES":1000,"TOTAL_MARKET_CAP":772806461.058,"HKSK_MARKET_CAP":772806461.058,"PE_TTM":-0.06643574666,"PB_TTM":0.128271787768,"REPORT_DATE_SQ":"2020-06-30 00:00:00","REPORT_TYPE_SQ":"2020年中报","OPERATE_INCOME_SQ":15135207000,"DPS_HKD":null,"OPERATE_INCOME_QOQ_SQ":22.051575395972,"NET_PROFIT_RATIO_SQ":16.6277144409,"HOLDER_PROFIT_SQ":2114397000,"HOLDER_PROFIT_QOQ_SQ":5.629215579857,"ROE_AVG_SQ":11.701813202513,"PE_TTM_SQ":-0.266037524826,"PB_TTM_SQ":0.037779410836,"ROA_SQ":1.359896725653,"START_DATE":"2021-01-01 00:00:00","FISCAL_YEAR":"12-31","CURRENCY":"HKD","IS_CNY_CODE":0,"DPS_HKD_LY":0.3,"ORG_TYPE":"一般企业","PREMIUM_INCOME":null,"PREMIUM_INCOME_YOY":null,"NET_INTEREST_INCOME":null,"NET_INTEREST_INCOME_YOY":null,"FEE_COMMISSION_INCOME":null,"FEE_COMMISSION_INCOME_YOY":null,"ACCOUNTS_RECE_TDAYS":67.532364842147,"INVENTORY_TDAYS":0.204424838071,"CURRENT_ASSETS_TDAYS":0.182168069337,"TOTAL_ASSETS_TDAYS":0.116887483059,"PREMIUM_EXPENSE":null,"LOAN_DEPOSIT":null,"LOAN_EQUITY":null,"LOAN_ASSETS":null,"DEPOSIT_EQUITY":null,"DEPOSIT_ASSETS":null,"EQUITY_MULTIPLIER":4.504080641138,"EQUITY_RATIO":6.272227271265},{"SECUCODE":"01966.HK","SECURITY_CODE":"01966","SECURITY_NAME_ABBR":"中骏集团控股","ORG_CODE":"10143546","STD_REPORT_DATE":"2020-12-31 00:00:00","REPORT_DATE":"2020-12-31 00:00:00","DATE_TYPE_CODE":"001","REPORT_TYPE":"2020年年报","PER_NETCASH_OPERATE":-0.800025412745,"PER_OI":7.714726672136,"BPS":4.97240634316,"BASIC_EPS":0.906,"DILUTED_EPS":0.891,"OPERATE_INCOME":32572605000,"OPERATE_INCOME_YOY":52.4235226887,"GROSS_PROFIT":7863817000,"GROSS_PROFIT_YOY":33.468926933397,"HOLDER_PROFIT":3803238000,"HOLDER_PROFIT_YOY":8.3529698337,"GROSS_PROFIT_RATIO":24.142425820717,"EPS_TTM":0.900785848693,"OPERATE_INCOME_QOQ":24.884518855402,"NET_PROFIT_RATIO":13.6483587972,"ROE_AVG":19.717434136913,"GROSS_PROFIT_QOQ":10.660729161976,"ROA":2.377049934691,"HOLDER_PROFIT_QOQ":2.578599338176,"ROE_YEARLY":19.717434136913,"ROIC_YEARLY":3.023612130027,"TOTAL_ASSETS":170614421000,"TOTAL_LIABILITIES":131461807000,"TAX_EBT":32.262773678141,"OCF_SALES":-10.370107027055,"TOTAL_PARENT_EQUITY":20998403000,"DEBT_ASSET_RATIO":77.0519902301,"OPERATE_PROFIT":6604190000,"PRETAX_PROFIT":6563047000,"NETCASH_OPERATE":-140195000,"NETCASH_INVEST":-4319277000,"NETCASH_FINANCE":2493994000,"END_CASH":17191066000,"DIVI_RATIO":null,"DIVIDEND_RATE":null,"CURRENT_RATIO":1.185775668444,"COMMON_ACS":10000000000,"CURRENTDEBT_DEBT":71.544665440359,"ISSUED_COMMON_SHARES":4222986126,"HK_COMMON_SHARES":4222986126,"PER_SHARES":1000,"TOTAL_MARKET_CAP":772806461.058,"HKSK_MARKET_CAP":772806461.058,"PE_TTM":-0.06643574666,"PB_TTM":0.128271787768,"REPORT_DATE_SQ":"2019-12-31 00:00:00","REPORT_TYPE_SQ":"2019年年报","OPERATE_INCOME_SQ":21369802000,"DPS_HKD":null,"OPERATE_INCOME_QOQ_SQ":13.723892222172,"NET_PROFIT_RATIO_SQ":18.8278113199,"HOLDER_PROFIT_SQ":3510045000,"HOLDER_PROFIT_QOQ_SQ":6.952656231146,"ROE_AVG_SQ":20.793368813119,"PE_TTM_SQ":-0.266037524826,"PB_TTM_SQ":0.037779410836,"ROA_SQ":2.798266367858,"START_DATE":"2020-01-01 00:00:00","FISCAL_YEAR":"12-31","CURRENCY":"HKD","IS_CNY_CODE":0,"DPS_HKD_LY":0.25,"ORG_TYPE":"一般企业","PREMIUM_INCOME":null,"PREMIUM_INCOME_YOY":null,"NET_INTEREST_INCOME":null,"NET_INTEREST_INCOME_YOY":null,"FEE_COMMISSION_INCOME":null,"FEE_COMMISSION_INCOME_YOY":null,"ACCOUNTS_RECE_TDAYS":63.641053695897,"INVENTORY_TDAYS":0.381294584846,"CURRENT_ASSETS_TDAYS":0.312791447996,"TOTAL_ASSETS_TDAYS":0.203581023822,"PREMIUM_EXPENSE":null,"LOAN_DEPOSIT":null,"LOAN_EQUITY":null,"LOAN_ASSETS":null,"DEPOSIT_EQUITY":null,"DEPOSIT_ASSETS":null,"EQUITY_MULTIPLIER":4.357676373799,"EQUITY_RATIO":6.260562148464},{"SECUCODE":"01966.HK","SECURITY_CODE":"01966","SECURITY_NAME_ABBR":"中骏集团控股","ORG_CODE":"10143546","STD_REPORT_DATE":"2020-06-30 00:00:00","REPORT_DATE":"2020-06-30 00:00:00","DATE_TYPE_CODE":"002","REPORT_TYPE":"2020年中报","PER_NETCASH_OPERATE":-0.969503512105,"PER_OI":3.619015852622,"BPS":4.39474046238,"BASIC_EPS":0.506,"DILUTED_EPS":0.496,"OPERATE_INCOME":15135207000,"OPERATE_INCOME_YOY":45.2120820556,"GROSS_PROFIT":4224949000,"GROSS_PROFIT_YOY":40.336712527154,"HOLDER_PROFIT":2114397000,"HOLDER_PROFIT_YOY":10.3081736365,"GROSS_PROFIT_RATIO":27.914709062123,"EPS_TTM":0.88654106962,"OPERATE_INCOME_QOQ":22.051575395972,"NET_PROFIT_RATIO":16.6277144409,"ROE_AVG":11.701813202513,"GROSS_PROFIT_QOQ":20.610923083686,"ROA":1.359896725653,"HOLDER_PROFIT_QOQ":5.629215579857,"ROE_YEARLY":23.403626405026,"ROIC_YEARLY":3.426128593196,"TOTAL_ASSETS":161582295000,"TOTAL_LIABILITIES":131510646000,"TAX_EBT":29.304636505727,"OCF_SALES":-26.789147977956,"TOTAL_PARENT_EQUITY":18558928000,"DEBT_ASSET_RATIO":81.389267308,"OPERATE_PROFIT":3815082000,"PRETAX_PROFIT":3559836000,"NETCASH_OPERATE":-2594742000,"NETCASH_INVEST":-2421088000,"NETCASH_FINANCE":4961082000,"END_CASH":19130077000,"DIVI_RATIO":null,"DIVIDEND_RATE":null,"CURRENT_RATIO":1.046805626653,"COMMON_ACS":10000000000,"CURRENTDEBT_DEBT":77.836131988889,"ISSUED_COMMON_SHARES":4222986126,"HK_COMMON_SHARES":4222986126,"PER_SHARES":1000,"TOTAL_MARKET_CAP":772806461.058,"HKSK_MARKET_CAP":772806461.058,"PE_TTM":-0.06643574666,"PB_TTM":0.128271787768,"REPORT_DATE_SQ":"2019-06-30 00:00:00","REPORT_TYPE_SQ":"2019年中报","OPERATE_INCOME_SQ":10422829000,"DPS_HKD":null,"OPERATE_INCOME_QOQ_SQ":5.668742407728,"NET_PROFIT_RATIO_SQ":21.0501390745,"HOLDER_PROFIT_SQ":1916809000,"HOLDER_PROFIT_QOQ_SQ":-3.054869251738,"ROE_AVG_SQ":11.409167533773,"PE_TTM_SQ":-0.266037524826,"PB_TTM_SQ":0.037779410836,"ROA_SQ":1.656617814633,"START_DATE":"2020-01-01 00:00:00","FISCAL_YEAR":"12-31","CURRENCY":"HKD","IS_CNY_CODE":0,"DPS_HKD_LY":0.25,"ORG_TYPE":"一般企业","PREMIUM_INCOME":null,"PREMIUM_INCOME_YOY":null,"NET_INTEREST_INCOME":null,"NET_INTEREST_INCOME_YOY":null,"FEE_COMMISSION_INCOME":null,"FEE_COMMISSION_INCOME_YOY":null,"ACCOUNTS_RECE_TDAYS":22.034268751802,"INVENTORY_TDAYS":0.179810554037,"CURRENT_ASSETS_TDAYS":0.148458940034,"TOTAL_ASSETS_TDAYS":0.097343679741,"PREMIUM_EXPENSE":null,"LOAN_DEPOSIT":null,"LOAN_EQUITY":null,"LOAN_ASSETS":null,"DEPOSIT_EQUITY":null,"DEPOSIT_ASSETS":null,"EQUITY_MULTIPLIER":5.373243582344,"EQUITY_RATIO":7.086112193549}],"count":36},"success":true,"message":"ok","code":0}