{"version":"0cc37f868965b5f1ba8fa74157f54ce5","result":{"pages":2,"data":[{"SECUCODE":"01971.HK","SECURITY_CODE":"01971","SECURITY_NAME_ABBR":"弘阳服务","ORG_CODE":"10000080271","STD_REPORT_DATE":"2024-06-30 00:00:00","REPORT_DATE":"2024-06-30 00:00:00","DATE_TYPE_CODE":"002","REPORT_TYPE":"2024年中报","PER_NETCASH_OPERATE":-0.343848192771,"PER_OI":1.121281927711,"BPS":2.217527710843,"BASIC_EPS":0.09,"DILUTED_EPS":0.09,"OPERATE_INCOME":465332000,"OPERATE_INCOME_YOY":-14.4155626794,"GROSS_PROFIT":127537000,"GROSS_PROFIT_YOY":5.927740863787,"HOLDER_PROFIT":36602000,"HOLDER_PROFIT_YOY":-30.9591625012,"GROSS_PROFIT_RATIO":27.407743288663,"EPS_TTM":-0.013368674699,"OPERATE_INCOME_QOQ":-7.368982187482,"NET_PROFIT_RATIO":8.6241651122,"ROE_AVG":4.057992866749,"GROSS_PROFIT_QOQ":2.827172866746,"ROA":2.162848256417,"HOLDER_PROFIT_QOQ":-151.063046479521,"ROE_YEARLY":8.115985733498,"ROIC_YEARLY":6.571392664141,"TOTAL_ASSETS":1690725000,"TOTAL_LIABILITIES":752022000,"TAX_EBT":26.561870951213,"OCF_SALES":-30.665632279749,"TOTAL_PARENT_EQUITY":920274000,"DEBT_ASSET_RATIO":44.4792618551,"OPERATE_PROFIT":55508000,"PRETAX_PROFIT":54646000,"NETCASH_OPERATE":-142697000,"NETCASH_INVEST":-3935000,"NETCASH_FINANCE":-8409000,"END_CASH":482866000,"DIVI_RATIO":null,"DIVIDEND_RATE":null,"CURRENT_RATIO":1.972307713879,"COMMON_ACS":1000000000,"CURRENTDEBT_DEBT":94.836986152001,"ISSUED_COMMON_SHARES":415000000,"HK_COMMON_SHARES":415000000,"PER_SHARES":1000,"TOTAL_MARKET_CAP":184675000,"HKSK_MARKET_CAP":184675000,"PE_TTM":-34.148389090232,"PB_TTM":0.183151082178,"REPORT_DATE_SQ":"2023-06-30 00:00:00","REPORT_TYPE_SQ":"2023年中报","OPERATE_INCOME_SQ":543711000,"DPS_HKD":null,"OPERATE_INCOME_QOQ_SQ":-0.923197978102,"NET_PROFIT_RATIO_SQ":10.2473556724,"HOLDER_PROFIT_SQ":53015000,"HOLDER_PROFIT_QOQ_SQ":-17.699749972823,"ROE_AVG_SQ":5.895045615299,"PE_TTM_SQ":2.350496085277,"PB_TTM_SQ":0.185975020036,"ROA_SQ":3.287342166961,"START_DATE":"2024-01-01 00:00:00","FISCAL_YEAR":"12-31","CURRENCY":"HKD","IS_CNY_CODE":0,"DPS_HKD_LY":null,"ORG_TYPE":"一般企业","PREMIUM_INCOME":null,"PREMIUM_INCOME_YOY":null,"NET_INTEREST_INCOME":null,"NET_INTEREST_INCOME_YOY":null,"FEE_COMMISSION_INCOME":null,"FEE_COMMISSION_INCOME_YOY":null,"ACCOUNTS_RECE_TDAYS":1.590560520375,"INVENTORY_TDAYS":55.290121941239,"CURRENT_ASSETS_TDAYS":0.330821829185,"TOTAL_ASSETS_TDAYS":0.274969265301,"PREMIUM_EXPENSE":null,"LOAN_DEPOSIT":null,"LOAN_EQUITY":null,"LOAN_ASSETS":null,"DEPOSIT_EQUITY":null,"DEPOSIT_ASSETS":null,"EQUITY_MULTIPLIER":1.801128791534,"EQUITY_RATIO":0.817171842299},{"SECUCODE":"01971.HK","SECURITY_CODE":"01971","SECURITY_NAME_ABBR":"弘阳服务","ORG_CODE":"10000080271","STD_REPORT_DATE":"2023-12-31 00:00:00","REPORT_DATE":"2023-12-31 00:00:00","DATE_TYPE_CODE":"001","REPORT_TYPE":"2023年年报","PER_NETCASH_OPERATE":0.295701204819,"PER_OI":2.562973493976,"BPS":2.129330120482,"BASIC_EPS":0.03,"DILUTED_EPS":0.03,"OPERATE_INCOME":1063634000,"OPERATE_INCOME_YOY":-3.5796584603,"GROSS_PROFIT":252443000,"GROSS_PROFIT_YOY":-1.532154572865,"HOLDER_PROFIT":10865000,"HOLDER_PROFIT_YOY":-88.1889335797,"GROSS_PROFIT_RATIO":23.734010007202,"EPS_TTM":0.026180722892,"OPERATE_INCOME_QOQ":-2.681213389964,"NET_PROFIT_RATIO":1.3382422901,"ROE_AVG":1.23713406195,"GROSS_PROFIT_QOQ":11.735050679414,"ROA":0.663706813242,"HOLDER_PROFIT_QOQ":-85.648808580335,"ROE_YEARLY":1.23713406195,"ROIC_YEARLY":1.055941578684,"TOTAL_ASSETS":1693886000,"TOTAL_LIABILITIES":795314000,"TAX_EBT":63.394625176803,"OCF_SALES":11.537427348129,"TOTAL_PARENT_EQUITY":883672000,"DEBT_ASSET_RATIO":46.9520380947,"OPERATE_PROFIT":41217000,"PRETAX_PROFIT":38885000,"NETCASH_OPERATE":122716000,"NETCASH_INVEST":-7789000,"NETCASH_FINANCE":-23441000,"END_CASH":637775000,"DIVI_RATIO":null,"DIVIDEND_RATE":null,"CURRENT_RATIO":1.881868451649,"COMMON_ACS":1000000000,"CURRENTDEBT_DEBT":93.978101730889,"ISSUED_COMMON_SHARES":415000000,"HK_COMMON_SHARES":415000000,"PER_SHARES":1000,"TOTAL_MARKET_CAP":203350000,"HKSK_MARKET_CAP":203350000,"PE_TTM":-37.601596975761,"PB_TTM":0.201671978128,"REPORT_DATE_SQ":"2022-12-31 00:00:00","REPORT_TYPE_SQ":"2022年年报","OPERATE_INCOME_SQ":1103122000,"DPS_HKD":null,"OPERATE_INCOME_QOQ_SQ":-4.474316131664,"NET_PROFIT_RATIO_SQ":8.5082157731,"HOLDER_PROFIT_SQ":91990000,"HOLDER_PROFIT_QOQ_SQ":-33.060208700208,"ROE_AVG_SQ":11.12586658152,"PE_TTM_SQ":2.585545693805,"PB_TTM_SQ":0.20457252204,"ROA_SQ":6.294369006442,"START_DATE":"2023-01-01 00:00:00","FISCAL_YEAR":"12-31","CURRENCY":"HKD","IS_CNY_CODE":0,"DPS_HKD_LY":null,"ORG_TYPE":"一般企业","PREMIUM_INCOME":null,"PREMIUM_INCOME_YOY":null,"NET_INTEREST_INCOME":null,"NET_INTEREST_INCOME_YOY":null,"FEE_COMMISSION_INCOME":null,"FEE_COMMISSION_INCOME_YOY":null,"ACCOUNTS_RECE_TDAYS":4.773426560873,"INVENTORY_TDAYS":132.993032215755,"CURRENT_ASSETS_TDAYS":0.787350095695,"TOTAL_ASSETS_TDAYS":0.649738732256,"PREMIUM_EXPENSE":null,"LOAN_DEPOSIT":null,"LOAN_EQUITY":null,"LOAN_ASSETS":null,"DEPOSIT_EQUITY":null,"DEPOSIT_ASSETS":null,"EQUITY_MULTIPLIER":1.885086559565,"EQUITY_RATIO":0.900010411103},{"SECUCODE":"01971.HK","SECURITY_CODE":"01971","SECURITY_NAME_ABBR":"弘阳服务","ORG_CODE":"10000080271","STD_REPORT_DATE":"2023-06-30 00:00:00","REPORT_DATE":"2023-06-30 00:00:00","DATE_TYPE_CODE":"002","REPORT_TYPE":"2023年中报","PER_NETCASH_OPERATE":-0.257959036145,"PER_OI":1.310146987952,"BPS":2.230896385542,"BASIC_EPS":0.13,"DILUTED_EPS":0.13,"OPERATE_INCOME":543711000,"OPERATE_INCOME_YOY":-1.8386156221,"GROSS_PROFIT":120400000,"GROSS_PROFIT_YOY":-20.180852685941,"HOLDER_PROFIT":53015000,"HOLDER_PROFIT_YOY":-23.4959666364,"GROSS_PROFIT_RATIO":22.144117003335,"EPS_TTM":0.182428915663,"OPERATE_INCOME_QOQ":-0.923197978102,"NET_PROFIT_RATIO":10.2473556724,"ROE_AVG":5.895045615299,"GROSS_PROFIT_QOQ":-11.873807879986,"ROA":3.287342166961,"HOLDER_PROFIT_QOQ":-17.699749972823,"ROE_YEARLY":11.790091230598,"ROIC_YEARLY":9.519965845563,"TOTAL_ASSETS":1645252000,"TOTAL_LIABILITIES":705198000,"TAX_EBT":22.779687326755,"OCF_SALES":-19.689320245498,"TOTAL_PARENT_EQUITY":925822000,"DEBT_ASSET_RATIO":42.8626131438,"OPERATE_PROFIT":73386000,"PRETAX_PROFIT":72152000,"NETCASH_OPERATE":-107053000,"NETCASH_INVEST":-3276000,"NETCASH_FINANCE":-16292000,"END_CASH":420144000,"DIVI_RATIO":null,"DIVIDEND_RATE":null,"CURRENT_RATIO":2.104524789851,"COMMON_ACS":1000000000,"CURRENTDEBT_DEBT":91.921559618717,"ISSUED_COMMON_SHARES":415000000,"HK_COMMON_SHARES":415000000,"PER_SHARES":1000,"TOTAL_MARKET_CAP":203350000,"HKSK_MARKET_CAP":203350000,"PE_TTM":-37.601596975761,"PB_TTM":0.201671978128,"REPORT_DATE_SQ":"2022-06-30 00:00:00","REPORT_TYPE_SQ":"2022年中报","OPERATE_INCOME_SQ":553895000,"DPS_HKD":null,"OPERATE_INCOME_QOQ_SQ":2.196245223341,"NET_PROFIT_RATIO_SQ":13.2532339162,"HOLDER_PROFIT_SQ":69297000,"HOLDER_PROFIT_QOQ_SQ":7.398694853659,"ROE_AVG_SQ":8.497845708985,"PE_TTM_SQ":2.585545693805,"PB_TTM_SQ":0.20457252204,"ROA_SQ":4.854024479212,"START_DATE":"2023-01-01 00:00:00","FISCAL_YEAR":"12-31","CURRENCY":"HKD","IS_CNY_CODE":0,"DPS_HKD_LY":null,"ORG_TYPE":"一般企业","PREMIUM_INCOME":null,"PREMIUM_INCOME_YOY":null,"NET_INTEREST_INCOME":null,"NET_INTEREST_INCOME_YOY":null,"FEE_COMMISSION_INCOME":null,"FEE_COMMISSION_INCOME_YOY":null,"ACCOUNTS_RECE_TDAYS":2.422080265145,"INVENTORY_TDAYS":61.77468077344,"CURRENT_ASSETS_TDAYS":0.408886271829,"TOTAL_ASSETS_TDAYS":0.337143091001,"PREMIUM_EXPENSE":null,"LOAN_DEPOSIT":null,"LOAN_EQUITY":null,"LOAN_ASSETS":null,"DEPOSIT_EQUITY":null,"DEPOSIT_ASSETS":null,"EQUITY_MULTIPLIER":1.750167543568,"EQUITY_RATIO":0.761699333133},{"SECUCODE":"01971.HK","SECURITY_CODE":"01971","SECURITY_NAME_ABBR":"弘阳服务","ORG_CODE":"10000080271","STD_REPORT_DATE":"2022-12-31 00:00:00","REPORT_DATE":"2022-12-31 00:00:00","DATE_TYPE_CODE":"001","REPORT_TYPE":"2022年年报","PER_NETCASH_OPERATE":-0.448879518072,"PER_OI":2.658125301205,"BPS":2.10314939759,"BASIC_EPS":0.22,"DILUTED_EPS":0.22,"OPERATE_INCOME":1103122000,"OPERATE_INCOME_YOY":-2.3763378626,"GROSS_PROFIT":256371000,"GROSS_PROFIT_YOY":-19.98533106537,"HOLDER_PROFIT":91990000,"HOLDER_PROFIT_YOY":-28.1075378063,"GROSS_PROFIT_RATIO":23.24049379851,"EPS_TTM":0.221662650602,"OPERATE_INCOME_QOQ":-4.474316131664,"NET_PROFIT_RATIO":8.5082157731,"ROE_AVG":11.12586658152,"GROSS_PROFIT_QOQ":-19.458450750686,"ROA":6.294369006442,"HOLDER_PROFIT_QOQ":-33.060208700208,"ROE_YEARLY":11.12586658152,"ROIC_YEARLY":11.281814803595,"TOTAL_ASSETS":1580150000,"TOTAL_LIABILITIES":689962000,"TAX_EBT":26.637745730254,"OCF_SALES":-16.887071420931,"TOTAL_PARENT_EQUITY":872807000,"DEBT_ASSET_RATIO":43.6643356643,"OPERATE_PROFIT":130714000,"PRETAX_PROFIT":127935000,"NETCASH_OPERATE":-186285000,"NETCASH_INVEST":-21035000,"NETCASH_FINANCE":54412000,"END_CASH":545342000,"DIVI_RATIO":null,"DIVIDEND_RATE":null,"CURRENT_RATIO":2.074681612066,"COMMON_ACS":1000000000,"CURRENTDEBT_DEBT":90.485707908552,"ISSUED_COMMON_SHARES":415000000,"HK_COMMON_SHARES":415000000,"PER_SHARES":1000,"TOTAL_MARKET_CAP":203350000,"HKSK_MARKET_CAP":203350000,"PE_TTM":-37.601596975761,"PB_TTM":0.201671978128,"REPORT_DATE_SQ":"2021-12-31 00:00:00","REPORT_TYPE_SQ":"2021年年报","OPERATE_INCOME_SQ":1129974000,"DPS_HKD":null,"OPERATE_INCOME_QOQ_SQ":16.046879910282,"NET_PROFIT_RATIO_SQ":12.2438215393,"HOLDER_PROFIT_SQ":127955000,"HOLDER_PROFIT_QOQ_SQ":20.418035178197,"ROE_AVG_SQ":17.396949704454,"PE_TTM_SQ":2.585545693805,"PB_TTM_SQ":0.20457252204,"ROA_SQ":10.443682023326,"START_DATE":"2022-01-01 00:00:00","FISCAL_YEAR":"12-31","CURRENCY":"HKD","IS_CNY_CODE":0,"DPS_HKD_LY":null,"ORG_TYPE":"一般企业","PREMIUM_INCOME":null,"PREMIUM_INCOME_YOY":null,"NET_INTEREST_INCOME":null,"NET_INTEREST_INCOME_YOY":null,"FEE_COMMISSION_INCOME":null,"FEE_COMMISSION_INCOME_YOY":null,"ACCOUNTS_RECE_TDAYS":7.043302260248,"INVENTORY_TDAYS":103.36946835134,"CURRENT_ASSETS_TDAYS":0.971583660351,"TOTAL_ASSETS_TDAYS":0.754805623125,"PREMIUM_EXPENSE":null,"LOAN_DEPOSIT":null,"LOAN_EQUITY":null,"LOAN_ASSETS":null,"DEPOSIT_EQUITY":null,"DEPOSIT_ASSETS":null,"EQUITY_MULTIPLIER":1.775074478648,"EQUITY_RATIO":0.79050924202},{"SECUCODE":"01971.HK","SECURITY_CODE":"01971","SECURITY_NAME_ABBR":"弘阳服务","ORG_CODE":"10000080271","STD_REPORT_DATE":"2022-06-30 00:00:00","REPORT_DATE":"2022-06-30 00:00:00","DATE_TYPE_CODE":"002","REPORT_TYPE":"2022年中报","PER_NETCASH_OPERATE":-0.067074698795,"PER_OI":1.334686746988,"BPS":2.04846746988,"BASIC_EPS":0.17,"DILUTED_EPS":0.17,"OPERATE_INCOME":553895000,"OPERATE_INCOME_YOY":4.6906127263,"GROSS_PROFIT":150841000,"GROSS_PROFIT_YOY":-1.370498963626,"HOLDER_PROFIT":69297000,"HOLDER_PROFIT_YOY":15.823165636,"GROSS_PROFIT_RATIO":27.232778775761,"EPS_TTM":0.331137349398,"OPERATE_INCOME_QOQ":2.196245223341,"NET_PROFIT_RATIO":13.2532339162,"ROE_AVG":8.497845708985,"GROSS_PROFIT_QOQ":-0.654172063482,"ROA":4.854024479212,"HOLDER_PROFIT_QOQ":7.398694853659,"ROE_YEARLY":16.995691417969,"ROIC_YEARLY":20.162367915134,"TOTAL_ASSETS":1512459000,"TOTAL_LIABILITIES":632808000,"TAX_EBT":21.450736175312,"OCF_SALES":-5.025501223156,"TOTAL_PARENT_EQUITY":850114000,"DEBT_ASSET_RATIO":41.8396796211,"OPERATE_PROFIT":95214000,"PRETAX_PROFIT":93456000,"NETCASH_OPERATE":-27836000,"NETCASH_INVEST":-9751000,"NETCASH_FINANCE":60762000,"END_CASH":721869000,"DIVI_RATIO":null,"DIVIDEND_RATE":null,"CURRENT_RATIO":2.081233771172,"COMMON_ACS":1000000000,"CURRENTDEBT_DEBT":87.271020593924,"ISSUED_COMMON_SHARES":415000000,"HK_COMMON_SHARES":415000000,"PER_SHARES":1000,"TOTAL_MARKET_CAP":203350000,"HKSK_MARKET_CAP":203350000,"PE_TTM":-37.601596975761,"PB_TTM":0.201671978128,"REPORT_DATE_SQ":"2021-06-30 00:00:00","REPORT_TYPE_SQ":"2021年中报","OPERATE_INCOME_SQ":529078000,"DPS_HKD":null,"OPERATE_INCOME_QOQ_SQ":26.811156316582,"NET_PROFIT_RATIO_SQ":12.0953810213,"HOLDER_PROFIT_SQ":59830000,"HOLDER_PROFIT_QOQ_SQ":52.340468237015,"ROE_AVG_SQ":8.43342415627,"PE_TTM_SQ":2.585545693805,"PB_TTM_SQ":0.20457252204,"ROA_SQ":4.988493863394,"START_DATE":"2022-01-01 00:00:00","FISCAL_YEAR":"12-31","CURRENCY":"HKD","IS_CNY_CODE":0,"DPS_HKD_LY":null,"ORG_TYPE":"一般企业","PREMIUM_INCOME":null,"PREMIUM_INCOME_YOY":null,"NET_INTEREST_INCOME":null,"NET_INTEREST_INCOME_YOY":null,"FEE_COMMISSION_INCOME":null,"FEE_COMMISSION_INCOME_YOY":null,"ACCOUNTS_RECE_TDAYS":3.618785974219,"INVENTORY_TDAYS":43.736530844772,"CURRENT_ASSETS_TDAYS":0.521339928185,"TOTAL_ASSETS_TDAYS":0.387985033827,"PREMIUM_EXPENSE":null,"LOAN_DEPOSIT":null,"LOAN_EQUITY":null,"LOAN_ASSETS":null,"DEPOSIT_EQUITY":null,"DEPOSIT_ASSETS":null,"EQUITY_MULTIPLIER":1.719385301672,"EQUITY_RATIO":0.744380165484},{"SECUCODE":"01971.HK","SECURITY_CODE":"01971","SECURITY_NAME_ABBR":"弘阳服务","ORG_CODE":"10000080271","STD_REPORT_DATE":"2021-12-31 00:00:00","REPORT_DATE":"2021-12-31 00:00:00","DATE_TYPE_CODE":"001","REPORT_TYPE":"2021年年报","PER_NETCASH_OPERATE":0.48686746988,"PER_OI":2.722828915663,"BPS":1.881486746988,"BASIC_EPS":0.31,"DILUTED_EPS":0.31,"OPERATE_INCOME":1129974000,"OPERATE_INCOME_YOY":47.1603902835,"GROSS_PROFIT":320405000,"GROSS_PROFIT_YOY":49.48585878379,"HOLDER_PROFIT":127955000,"HOLDER_PROFIT_YOY":83.4453986323,"GROSS_PROFIT_RATIO":28.355077196467,"EPS_TTM":0.308325301205,"OPERATE_INCOME_QOQ":16.046879910282,"NET_PROFIT_RATIO":12.2438215393,"ROE_AVG":17.396949704454,"GROSS_PROFIT_QOQ":13.488001416807,"ROA":10.443682023326,"HOLDER_PROFIT_QOQ":20.418035178197,"ROE_YEARLY":17.396949704454,"ROIC_YEARLY":29.590102329884,"TOTAL_ASSETS":1342780000,"TOTAL_LIABILITIES":530521000,"TAX_EBT":25.988455756876,"OCF_SALES":17.880942393365,"TOTAL_PARENT_EQUITY":780817000,"DEBT_ASSET_RATIO":39.5091526535,"OPERATE_PROFIT":186952000,"PRETAX_PROFIT":186933000,"NETCASH_OPERATE":202050000,"NETCASH_INVEST":-98608000,"NETCASH_FINANCE":-60292000,"END_CASH":697605000,"DIVI_RATIO":null,"DIVIDEND_RATE":null,"CURRENT_RATIO":1.961222356253,"COMMON_ACS":1000000000,"CURRENTDEBT_DEBT":93.756891810126,"ISSUED_COMMON_SHARES":415000000,"HK_COMMON_SHARES":415000000,"PER_SHARES":1000,"TOTAL_MARKET_CAP":203350000,"HKSK_MARKET_CAP":203350000,"PE_TTM":-37.601596975761,"PB_TTM":0.201671978128,"REPORT_DATE_SQ":"2020-12-31 00:00:00","REPORT_TYPE_SQ":"2020年年报","OPERATE_INCOME_SQ":767852000,"DPS_HKD":null,"OPERATE_INCOME_QOQ_SQ":22.92122240543,"NET_PROFIT_RATIO_SQ":9.5480639498,"HOLDER_PROFIT_SQ":69751000,"HOLDER_PROFIT_QOQ_SQ":16.908301627474,"ROE_AVG_SQ":15.531077295783,"PE_TTM_SQ":2.585545693805,"PB_TTM_SQ":0.20457252204,"ROA_SQ":8.469501126215,"START_DATE":"2021-01-01 00:00:00","FISCAL_YEAR":"12-31","CURRENCY":"HKD","IS_CNY_CODE":0,"DPS_HKD_LY":0.062,"ORG_TYPE":"一般企业","PREMIUM_INCOME":null,"PREMIUM_INCOME_YOY":null,"NET_INTEREST_INCOME":null,"NET_INTEREST_INCOME_YOY":null,"FEE_COMMISSION_INCOME":null,"FEE_COMMISSION_INCOME_YOY":null,"ACCOUNTS_RECE_TDAYS":11.628237715462,"INVENTORY_TDAYS":168.977040283866,"CURRENT_ASSETS_TDAYS":1.13441238847,"TOTAL_ASSETS_TDAYS":0.922284330478,"PREMIUM_EXPENSE":null,"LOAN_DEPOSIT":null,"LOAN_EQUITY":null,"LOAN_ASSETS":null,"DEPOSIT_EQUITY":null,"DEPOSIT_ASSETS":null,"EQUITY_MULTIPLIER":1.653142655238,"EQUITY_RATIO":0.67944345474},{"SECUCODE":"01971.HK","SECURITY_CODE":"01971","SECURITY_NAME_ABBR":"弘阳服务","ORG_CODE":"10000080271","STD_REPORT_DATE":"2021-06-30 00:00:00","REPORT_DATE":"2021-06-30 00:00:00","DATE_TYPE_CODE":"002","REPORT_TYPE":"2021年中报","PER_NETCASH_OPERATE":0.083701204819,"PER_OI":1.274886746988,"BPS":1.755879518072,"BASIC_EPS":0.14,"DILUTED_EPS":0.14,"OPERATE_INCOME":529078000,"OPERATE_INCOME_YOY":63.6958243608,"GROSS_PROFIT":152937000,"GROSS_PROFIT_YOY":80.031783402001,"HOLDER_PROFIT":59830000,"HOLDER_PROFIT_YOY":156.5388903182,"GROSS_PROFIT_RATIO":28.906323831269,"EPS_TTM":0.256045783133,"OPERATE_INCOME_QOQ":26.811156316582,"NET_PROFIT_RATIO":12.0953810213,"ROE_AVG":8.43342415627,"GROSS_PROFIT_QOQ":31.719527102054,"ROA":4.988493863394,"HOLDER_PROFIT_QOQ":52.340468237015,"ROE_YEARLY":16.86684831254,"ROIC_YEARLY":26.486899875047,"TOTAL_ASSETS":1291119000,"TOTAL_LIABILITIES":503444000,"TAX_EBT":23.765843895931,"OCF_SALES":6.565383554032,"TOTAL_PARENT_EQUITY":728690000,"DEBT_ASSET_RATIO":38.9928426427,"OPERATE_PROFIT":83964000,"PRETAX_PROFIT":83944000,"NETCASH_OPERATE":34736000,"NETCASH_INVEST":-109173000,"NETCASH_FINANCE":-1175000,"END_CASH":579717000,"DIVI_RATIO":null,"DIVIDEND_RATE":null,"CURRENT_RATIO":1.929952954597,"COMMON_ACS":1000000000,"CURRENTDEBT_DEBT":92.633540175273,"ISSUED_COMMON_SHARES":415000000,"HK_COMMON_SHARES":415000000,"PER_SHARES":1000,"TOTAL_MARKET_CAP":203350000,"HKSK_MARKET_CAP":203350000,"PE_TTM":-37.601596975761,"PB_TTM":0.201671978128,"REPORT_DATE_SQ":"2020-06-30 00:00:00","REPORT_TYPE_SQ":"2020年中报","OPERATE_INCOME_SQ":323208000,"DPS_HKD":null,"OPERATE_INCOME_QOQ_SQ":24.191335811845,"NET_PROFIT_RATIO_SQ":7.2405386005,"HOLDER_PROFIT_SQ":23322000,"HOLDER_PROFIT_QOQ_SQ":1.019285145866,"ROE_AVG_SQ":10.61610942941,"PE_TTM_SQ":2.585545693805,"PB_TTM_SQ":0.20457252204,"ROA_SQ":4.288578959998,"START_DATE":"2021-01-01 00:00:00","FISCAL_YEAR":"12-31","CURRENCY":"HKD","IS_CNY_CODE":0,"DPS_HKD_LY":0.062,"ORG_TYPE":"一般企业","PREMIUM_INCOME":null,"PREMIUM_INCOME_YOY":null,"NET_INTEREST_INCOME":null,"NET_INTEREST_INCOME_YOY":null,"FEE_COMMISSION_INCOME":null,"FEE_COMMISSION_INCOME_YOY":null,"ACCOUNTS_RECE_TDAYS":4.609315717715,"INVENTORY_TDAYS":1355.46306306306,"CURRENT_ASSETS_TDAYS":0.552068333688,"TOTAL_ASSETS_TDAYS":0.441133604589,"PREMIUM_EXPENSE":null,"LOAN_DEPOSIT":null,"LOAN_EQUITY":null,"LOAN_ASSETS":null,"DEPOSIT_EQUITY":null,"DEPOSIT_ASSETS":null,"EQUITY_MULTIPLIER":1.639151934491,"EQUITY_RATIO":0.690889129808},{"SECUCODE":"01971.HK","SECURITY_CODE":"01971","SECURITY_NAME_ABBR":"弘阳服务","ORG_CODE":"10000080271","STD_REPORT_DATE":"2020-12-31 00:00:00","REPORT_DATE":"2020-12-31 00:00:00","DATE_TYPE_CODE":"001","REPORT_TYPE":"2020年年报","PER_NETCASH_OPERATE":0.412739759036,"PER_OI":1.850245783133,"BPS":1.663103614458,"BASIC_EPS":0.2,"DILUTED_EPS":0.2,"OPERATE_INCOME":767852000,"OPERATE_INCOME_YOY":52.6575081016,"GROSS_PROFIT":214338000,"GROSS_PROFIT_YOY":68.182103512131,"HOLDER_PROFIT":69751000,"HOLDER_PROFIT_YOY":18.0999305802,"GROSS_PROFIT_RATIO":27.913973005215,"EPS_TTM":0.168074698795,"OPERATE_INCOME_QOQ":22.92122240543,"NET_PROFIT_RATIO":9.5480639498,"ROE_AVG":15.531077295783,"GROSS_PROFIT_QOQ":32.55123622466,"ROA":8.469501126215,"HOLDER_PROFIT_QOQ":16.908301627474,"ROE_YEARLY":15.531077295783,"ROIC_YEARLY":23.164931950874,"TOTAL_ASSETS":1107601000,"TOTAL_LIABILITIES":387186000,"TAX_EBT":32.355627727596,"OCF_SALES":22.307293593036,"TOTAL_PARENT_EQUITY":690188000,"DEBT_ASSET_RATIO":34.9571732059,"OPERATE_PROFIT":108429000,"PRETAX_PROFIT":108383000,"NETCASH_OPERATE":171287000,"NETCASH_INVEST":-52249000,"NETCASH_FINANCE":374379000,"END_CASH":656242000,"DIVI_RATIO":null,"DIVIDEND_RATE":null,"CURRENT_RATIO":2.697785066246,"COMMON_ACS":1000000000,"CURRENTDEBT_DEBT":97.330740264369,"ISSUED_COMMON_SHARES":415000000,"HK_COMMON_SHARES":415000000,"PER_SHARES":1000,"TOTAL_MARKET_CAP":203350000,"HKSK_MARKET_CAP":203350000,"PE_TTM":-37.601596975761,"PB_TTM":0.201671978128,"REPORT_DATE_SQ":"2019-12-31 00:00:00","REPORT_TYPE_SQ":"2019年年报","OPERATE_INCOME_SQ":502990000,"DPS_HKD":null,"OPERATE_INCOME_QOQ_SQ":44.131055845447,"NET_PROFIT_RATIO_SQ":11.3455535895,"HOLDER_PROFIT_SQ":59061000,"HOLDER_PROFIT_QOQ_SQ":79.021551332182,"ROE_AVG_SQ":45.748434347151,"PE_TTM_SQ":2.585545693805,"PB_TTM_SQ":0.20457252204,"ROA_SQ":14.698189510359,"START_DATE":"2020-01-01 00:00:00","FISCAL_YEAR":"12-31","CURRENCY":"HKD","IS_CNY_CODE":0,"DPS_HKD_LY":null,"ORG_TYPE":"一般企业","PREMIUM_INCOME":null,"PREMIUM_INCOME_YOY":null,"NET_INTEREST_INCOME":null,"NET_INTEREST_INCOME_YOY":null,"FEE_COMMISSION_INCOME":null,"FEE_COMMISSION_INCOME_YOY":null,"ACCOUNTS_RECE_TDAYS":15.711169766538,"INVENTORY_TDAYS":19086.6896551724,"CURRENT_ASSETS_TDAYS":1.010811049188,"TOTAL_ASSETS_TDAYS":0.932362744443,"PREMIUM_EXPENSE":null,"LOAN_DEPOSIT":null,"LOAN_EQUITY":null,"LOAN_ASSETS":null,"DEPOSIT_EQUITY":null,"DEPOSIT_ASSETS":null,"EQUITY_MULTIPLIER":1.537448553959,"EQUITY_RATIO":0.560986281999},{"SECUCODE":"01971.HK","SECURITY_CODE":"01971","SECURITY_NAME_ABBR":"弘阳服务","ORG_CODE":"10000080271","STD_REPORT_DATE":"2020-06-30 00:00:00","REPORT_DATE":"2020-06-30 00:00:00","DATE_TYPE_CODE":"002","REPORT_TYPE":"2020年中报","PER_NETCASH_OPERATE":958660,"PER_OI":3232080,"BPS":0.557460240964,"BASIC_EPS":0.08,"DILUTED_EPS":0.08,"OPERATE_INCOME":323208000,"OPERATE_INCOME_YOY":60.378706681,"GROSS_PROFIT":84950000,"GROSS_PROFIT_YOY":67.580683342539,"HOLDER_PROFIT":23322000,"HOLDER_PROFIT_YOY":2.6496478873,"GROSS_PROFIT_RATIO":26.283384074652,"EPS_TTM":596630,"OPERATE_INCOME_QOQ":24.191335811845,"NET_PROFIT_RATIO":7.2405386005,"ROE_AVG":10.61610942941,"GROSS_PROFIT_QOQ":26.880826088321,"ROA":4.288578959998,"HOLDER_PROFIT_QOQ":1.019285145866,"ROE_YEARLY":21.232218858821,"ROIC_YEARLY":18.340528935759,"TOTAL_ASSETS":548124000,"TOTAL_LIABILITIES":307388000,"TAX_EBT":26.745132410944,"OCF_SALES":29.660775723373,"TOTAL_PARENT_EQUITY":231346000,"DEBT_ASSET_RATIO":56.0800110924,"OPERATE_PROFIT":null,"PRETAX_PROFIT":31946000,"NETCASH_OPERATE":95866000,"NETCASH_INVEST":144557000,"NETCASH_FINANCE":-38356000,"END_CASH":381178000,"DIVI_RATIO":null,"DIVIDEND_RATE":null,"CURRENT_RATIO":1.662728453535,"COMMON_ACS":1000000000,"CURRENTDEBT_DEBT":99.182791781072,"ISSUED_COMMON_SHARES":415000000,"HK_COMMON_SHARES":415000000,"PER_SHARES":1000,"TOTAL_MARKET_CAP":203350000,"HKSK_MARKET_CAP":203350000,"PE_TTM":-37.601596975761,"PB_TTM":0.201671978128,"REPORT_DATE_SQ":"2019-06-30 00:00:00","REPORT_TYPE_SQ":"2019年中报","OPERATE_INCOME_SQ":201528000,"DPS_HKD":null,"OPERATE_INCOME_QOQ_SQ":0,"NET_PROFIT_RATIO_SQ":11.2738676511,"HOLDER_PROFIT_SQ":22720000,"HOLDER_PROFIT_QOQ_SQ":0,"ROE_AVG_SQ":null,"PE_TTM_SQ":2.585545693805,"PB_TTM_SQ":0.20457252204,"ROA_SQ":null,"START_DATE":"2020-01-01 00:00:00","FISCAL_YEAR":"12-31","CURRENCY":"HKD","IS_CNY_CODE":0,"DPS_HKD_LY":null,"ORG_TYPE":"一般企业","PREMIUM_INCOME":null,"PREMIUM_INCOME_YOY":null,"NET_INTEREST_INCOME":null,"NET_INTEREST_INCOME_YOY":null,"FEE_COMMISSION_INCOME":null,"FEE_COMMISSION_INCOME_YOY":null,"ACCOUNTS_RECE_TDAYS":9.961259303777,"INVENTORY_TDAYS":11081.7674418605,"CURRENT_ASSETS_TDAYS":0.640306198256,"TOTAL_ASSETS_TDAYS":0.594332831019,"PREMIUM_EXPENSE":null,"LOAN_DEPOSIT":null,"LOAN_EQUITY":null,"LOAN_ASSETS":null,"DEPOSIT_EQUITY":null,"DEPOSIT_ASSETS":null,"EQUITY_MULTIPLIER":2.276867606009,"EQUITY_RATIO":1.328693817918}],"count":13},"success":true,"message":"ok","code":0}