{"version":"d9382ebf9eec087b782797d31d50cdc1","result":{"pages":3,"data":[{"SECUCODE":"01979.HK","SECURITY_CODE":"01979","SECURITY_NAME_ABBR":"天宝集团","ORG_CODE":"10472785","STD_REPORT_DATE":"2024-06-30 00:00:00","REPORT_DATE":"2024-06-30 00:00:00","DATE_TYPE_CODE":"002","REPORT_TYPE":"2024年中报","PER_NETCASH_OPERATE":0.294898711148,"PER_OI":2.188729107245,"BPS":1.51497024889,"BASIC_EPS":0.1551556,"DILUTED_EPS":0.1551556,"OPERATE_INCOME":2255242319.48,"OPERATE_INCOME_YOY":5.6254378777,"GROSS_PROFIT":458028458,"GROSS_PROFIT_YOY":21.513042113159,"HOLDER_PROFIT":160476524.4,"HOLDER_PROFIT_YOY":28.6134355433,"GROSS_PROFIT_RATIO":20.309500848034,"EPS_TTM":0.3226419248,"OPERATE_INCOME_QOQ":2.250092986766,"NET_PROFIT_RATIO":7.0960428748,"ROE_AVG":10.449178589851,"GROSS_PROFIT_QOQ":9.863583187107,"ROA":4.118888605181,"HOLDER_PROFIT_QOQ":11.553342104084,"ROE_YEARLY":20.898357179702,"ROIC_YEARLY":8.616010181622,"TOTAL_ASSETS":3849855823.84,"TOTAL_LIABILITIES":2292778109.84,"TAX_EBT":15.302573614653,"OCF_SALES":13.473513472826,"TOTAL_PARENT_EQUITY":1561008626.76,"DEBT_ASSET_RATIO":59.5549084109,"OPERATE_PROFIT":182637307.48,"PRETAX_PROFIT":188946664.32,"NETCASH_OPERATE":303860377.76,"NETCASH_INVEST":-167823598.4,"NETCASH_FINANCE":-61012658,"END_CASH":212151553.32,"DIVI_RATIO":0.416735921977,"DIVIDEND_RATE":8.554913294798,"CURRENT_RATIO":1.140191119476,"COMMON_ACS":2000000000,"CURRENTDEBT_DEBT":92.572979669111,"ISSUED_COMMON_SHARES":1030388965,"HK_COMMON_SHARES":1030388965,"PER_SHARES":4000,"TOTAL_MARKET_CAP":1782572909.45,"HKSK_MARKET_CAP":1782572909.45,"PE_TTM":4.844290383152,"PB_TTM":1.042222711077,"REPORT_DATE_SQ":"2023-06-30 00:00:00","REPORT_TYPE_SQ":"2023年中报","OPERATE_INCOME_SQ":2156888309.82,"DPS_HKD":0.148,"OPERATE_INCOME_QOQ_SQ":-8.308408855021,"NET_PROFIT_RATIO_SQ":5.8330544167,"HOLDER_PROFIT_SQ":126045729.76,"HOLDER_PROFIT_QOQ_SQ":4.628865566042,"ROE_AVG_SQ":9.521249256544,"PE_TTM_SQ":3.359442363763,"PB_TTM_SQ":0.692602015086,"ROA_SQ":3.617736945601,"START_DATE":"2024-01-01 00:00:00","FISCAL_YEAR":"12-31","CURRENCY":"HKD","IS_CNY_CODE":0,"DPS_HKD_LY":0.148,"ORG_TYPE":"一般企业","PREMIUM_INCOME":null,"PREMIUM_INCOME_YOY":null,"NET_INTEREST_INCOME":null,"NET_INTEREST_INCOME_YOY":null,"FEE_COMMISSION_INCOME":null,"FEE_COMMISSION_INCOME_YOY":null,"ACCOUNTS_RECE_TDAYS":1.917310067075,"INVENTORY_TDAYS":2.607561043919,"CURRENT_ASSETS_TDAYS":0.904326125412,"TOTAL_ASSETS_TDAYS":0.578844284319,"PREMIUM_EXPENSE":null,"LOAN_DEPOSIT":null,"LOAN_EQUITY":null,"LOAN_ASSETS":null,"DEPOSIT_EQUITY":null,"DEPOSIT_ASSETS":null,"EQUITY_MULTIPLIER":2.47248791067,"EQUITY_RATIO":1.468779909691},{"SECUCODE":"01979.HK","SECURITY_CODE":"01979","SECURITY_NAME_ABBR":"天宝集团","ORG_CODE":"10472785","STD_REPORT_DATE":"2023-12-31 00:00:00","REPORT_DATE":"2023-12-31 00:00:00","DATE_TYPE_CODE":"001","REPORT_TYPE":"2023年年报","PER_NETCASH_OPERATE":0.426292071596,"PER_OI":4.242192822242,"BPS":1.455627066522,"BASIC_EPS":0.28908418,"DILUTED_EPS":0.28908418,"OPERATE_INCOME":4371108671.44,"OPERATE_INCOME_YOY":-12.0025614105,"GROSS_PROFIT":822122784,"GROSS_PROFIT_YOY":0.499131052026,"HOLDER_PROFIT":298015884.32,"HOLDER_PROFIT_YOY":10.7624738129,"GROSS_PROFIT_RATIO":18.808106725225,"EPS_TTM":0.28922658767,"OPERATE_INCOME_QOQ":-2.637567492449,"NET_PROFIT_RATIO":6.8042970055,"ROE_AVG":21.431899808593,"GROSS_PROFIT_QOQ":1.567423688039,"ROA":8.011131823041,"HOLDER_PROFIT_QOQ":7.3969689181,"ROE_YEARLY":21.431899808593,"ROIC_YEARLY":8.516732607445,"TOTAL_ASSETS":3914464413.44,"TOTAL_LIABILITIES":2418065013.56,"TAX_EBT":15.385468148572,"OCF_SALES":10.048861271969,"TOTAL_PARENT_EQUITY":1499862066.5,"DEBT_ASSET_RATIO":61.772563451,"OPERATE_PROFIT":354739819,"PRETAX_PROFIT":351503707.38,"NETCASH_OPERATE":439246646.44,"NETCASH_INVEST":-267310432.06,"NETCASH_FINANCE":-341894150.5,"END_CASH":136364360.72,"DIVI_RATIO":0.464882848714,"DIVIDEND_RATE":9.93288590604,"CURRENT_RATIO":1.138693762666,"COMMON_ACS":2000000000,"CURRENTDEBT_DEBT":92.591719515586,"ISSUED_COMMON_SHARES":1030388965,"HK_COMMON_SHARES":1030388965,"PER_SHARES":4000,"TOTAL_MARKET_CAP":1535279557.85,"HKSK_MARKET_CAP":1535279557.85,"PE_TTM":4.172250098784,"PB_TTM":0.897636901448,"REPORT_DATE_SQ":"2022-12-31 00:00:00","REPORT_TYPE_SQ":"2022年年报","OPERATE_INCOME_SQ":4896329980.85,"DPS_HKD":0.148,"OPERATE_INCOME_QOQ_SQ":-2.197480703823,"NET_PROFIT_RATIO_SQ":5.4098119899,"HOLDER_PROFIT_SQ":265213649.54,"HOLDER_PROFIT_QOQ_SQ":0.054822497524,"ROE_AVG_SQ":21.916439063999,"PE_TTM_SQ":3.565122508484,"PB_TTM_SQ":0.735006220091,"ROA_SQ":7.370845362493,"START_DATE":"2023-01-01 00:00:00","FISCAL_YEAR":"12-31","CURRENCY":"HKD","IS_CNY_CODE":0,"DPS_HKD_LY":0.061,"ORG_TYPE":"一般企业","PREMIUM_INCOME":null,"PREMIUM_INCOME_YOY":null,"NET_INTEREST_INCOME":null,"NET_INTEREST_INCOME_YOY":null,"FEE_COMMISSION_INCOME":null,"FEE_COMMISSION_INCOME_YOY":null,"ACCOUNTS_RECE_TDAYS":4.071014527003,"INVENTORY_TDAYS":4.794316725286,"CURRENT_ASSETS_TDAYS":1.803300182463,"TOTAL_ASSETS_TDAYS":1.175022192513,"PREMIUM_EXPENSE":null,"LOAN_DEPOSIT":null,"LOAN_EQUITY":null,"LOAN_ASSETS":null,"DEPOSIT_EQUITY":null,"DEPOSIT_ASSETS":null,"EQUITY_MULTIPLIER":2.615922202155,"EQUITY_RATIO":1.612191592526},{"SECUCODE":"01979.HK","SECURITY_CODE":"01979","SECURITY_NAME_ABBR":"天宝集团","ORG_CODE":"10472785","STD_REPORT_DATE":"2023-06-30 00:00:00","REPORT_DATE":"2023-06-30 00:00:00","DATE_TYPE_CODE":"002","REPORT_TYPE":"2023年中报","PER_NETCASH_OPERATE":0.019375746051,"PER_OI":2.093275824067,"BPS":1.304559300031,"BASIC_EPS":0.1198574,"DILUTED_EPS":0.1198574,"OPERATE_INCOME":2156888309.82,"OPERATE_INCOME_YOY":-21.9626807321,"GROSS_PROFIT":376937693.3,"GROSS_PROFIT_YOY":-2.231714356199,"HOLDER_PROFIT":126045729.76,"HOLDER_PROFIT_YOY":2.7647067667,"GROSS_PROFIT_RATIO":17.475995005576,"EPS_TTM":0.269306099217,"OPERATE_INCOME_QOQ":-8.308408855021,"NET_PROFIT_RATIO":5.8330544167,"ROE_AVG":9.521249256544,"GROSS_PROFIT_QOQ":-1.051806373759,"ROA":3.617736945601,"HOLDER_PROFIT_QOQ":4.628865566042,"ROE_YEARLY":19.042498513088,"ROIC_YEARLY":7.69444641432,"TOTAL_ASSETS":3381315551,"TOTAL_LIABILITIES":2037952889.82,"TAX_EBT":15.466529555338,"OCF_SALES":0.925618393363,"TOTAL_PARENT_EQUITY":1344203506.94,"DEBT_ASSET_RATIO":60.2710057397,"OPERATE_PROFIT":152359960.94,"PRETAX_PROFIT":148831543.48,"NETCASH_OPERATE":19964554.92,"NETCASH_INVEST":-102862542.66,"NETCASH_FINANCE":-122724757.8,"END_CASH":102342545.94,"DIVI_RATIO":0.499270088539,"DIVIDEND_RATE":9.93288590604,"CURRENT_RATIO":1.206241998329,"COMMON_ACS":2000000000,"CURRENTDEBT_DEBT":87.847181223023,"ISSUED_COMMON_SHARES":1030388965,"HK_COMMON_SHARES":1030388965,"PER_SHARES":4000,"TOTAL_MARKET_CAP":1535279557.85,"HKSK_MARKET_CAP":1535279557.85,"PE_TTM":4.172250098784,"PB_TTM":0.897636901448,"REPORT_DATE_SQ":"2022-06-30 00:00:00","REPORT_TYPE_SQ":"2022年中报","OPERATE_INCOME_SQ":2563695423.52,"DPS_HKD":0.148,"OPERATE_INCOME_QOQ_SQ":-3.763381441698,"NET_PROFIT_RATIO_SQ":4.4191956256,"HOLDER_PROFIT_SQ":113769346.46,"HOLDER_PROFIT_QOQ_SQ":-14.371566267546,"ROE_AVG_SQ":10.024028916077,"PE_TTM_SQ":3.565122508484,"PB_TTM_SQ":0.735006220091,"ROA_SQ":3.189138030892,"START_DATE":"2023-01-01 00:00:00","FISCAL_YEAR":"12-31","CURRENCY":"HKD","IS_CNY_CODE":0,"DPS_HKD_LY":0.061,"ORG_TYPE":"一般企业","PREMIUM_INCOME":null,"PREMIUM_INCOME_YOY":null,"NET_INTEREST_INCOME":null,"NET_INTEREST_INCOME_YOY":null,"FEE_COMMISSION_INCOME":null,"FEE_COMMISSION_INCOME_YOY":null,"ACCOUNTS_RECE_TDAYS":1.893593625234,"INVENTORY_TDAYS":2.478192612561,"CURRENT_ASSETS_TDAYS":0.959057377394,"TOTAL_ASSETS_TDAYS":0.619065361502,"PREMIUM_EXPENSE":null,"LOAN_DEPOSIT":null,"LOAN_EQUITY":null,"LOAN_ASSETS":null,"DEPOSIT_EQUITY":null,"DEPOSIT_ASSETS":null,"EQUITY_MULTIPLIER":2.517053397949,"EQUITY_RATIO":1.516104428606},{"SECUCODE":"01979.HK","SECURITY_CODE":"01979","SECURITY_NAME_ABBR":"天宝集团","ORG_CODE":"10472785","STD_REPORT_DATE":"2022-12-31 00:00:00","REPORT_DATE":"2022-12-31 00:00:00","DATE_TYPE_CODE":"001","REPORT_TYPE":"2022年年报","PER_NETCASH_OPERATE":0.516626642154,"PER_OI":4.751923930833,"BPS":1.225633488,"BASIC_EPS":0.26172811,"DILUTED_EPS":0.26172811,"OPERATE_INCOME":4896329980.85,"OPERATE_INCOME_YOY":-13.8513391391,"GROSS_PROFIT":818039693.87,"GROSS_PROFIT_YOY":-5.638129428425,"HOLDER_PROFIT":265213649.54,"HOLDER_PROFIT_YOY":-21.5822891795,"GROSS_PROFIT_RATIO":16.707201047916,"EPS_TTM":0.257391779754,"OPERATE_INCOME_QOQ":-2.197480703823,"NET_PROFIT_RATIO":5.4098119899,"ROE_AVG":21.916439063999,"GROSS_PROFIT_QOQ":4.84440387461,"ROA":7.370845362493,"HOLDER_PROFIT_QOQ":0.054822497524,"ROE_YEARLY":21.916439063999,"ROIC_YEARLY":8.009164213332,"TOTAL_ASSETS":3475199046.48,"TOTAL_LIABILITIES":2212908490.24,"TAX_EBT":15.705075360028,"OCF_SALES":10.871946808773,"TOTAL_PARENT_EQUITY":1262879221.17,"DEBT_ASSET_RATIO":63.6771724624,"OPERATE_PROFIT":325392356.17,"PRETAX_PROFIT":314232734.06,"NETCASH_OPERATE":532326391.1,"NETCASH_INVEST":-203658413.84,"NETCASH_FINANCE":-268316869.52,"END_CASH":304957018.38,"DIVI_RATIO":0.522380629749,"DIVIDEND_RATE":9.93288590604,"CURRENT_RATIO":1.208712182768,"COMMON_ACS":2000000000,"CURRENTDEBT_DEBT":84.702653521236,"ISSUED_COMMON_SHARES":1030388965,"HK_COMMON_SHARES":1030388965,"PER_SHARES":4000,"TOTAL_MARKET_CAP":1535279557.85,"HKSK_MARKET_CAP":1535279557.85,"PE_TTM":4.172250098784,"PB_TTM":0.897636901448,"REPORT_DATE_SQ":"2021-12-31 00:00:00","REPORT_TYPE_SQ":"2021年年报","OPERATE_INCOME_SQ":5202118992,"DPS_HKD":0.148,"OPERATE_INCOME_QOQ_SQ":5.599145822294,"NET_PROFIT_RATIO_SQ":6.1061629787,"HOLDER_PROFIT_SQ":309556441.6,"HOLDER_PROFIT_QOQ_SQ":-1.623730134447,"ROE_AVG_SQ":32.963934052281,"PE_TTM_SQ":3.565122508484,"PB_TTM_SQ":0.735006220091,"ROA_SQ":9.710394466181,"START_DATE":"2022-01-01 00:00:00","FISCAL_YEAR":"12-31","CURRENCY":"HKD","IS_CNY_CODE":0,"DPS_HKD_LY":0.084,"ORG_TYPE":"一般企业","PREMIUM_INCOME":null,"PREMIUM_INCOME_YOY":null,"NET_INTEREST_INCOME":null,"NET_INTEREST_INCOME_YOY":null,"FEE_COMMISSION_INCOME":null,"FEE_COMMISSION_INCOME_YOY":null,"ACCOUNTS_RECE_TDAYS":4.540024127411,"INVENTORY_TDAYS":4.440146521001,"CURRENT_ASSETS_TDAYS":2.053126498262,"TOTAL_ASSETS_TDAYS":1.360793126416,"PREMIUM_EXPENSE":null,"LOAN_DEPOSIT":null,"LOAN_EQUITY":null,"LOAN_ASSETS":null,"DEPOSIT_EQUITY":null,"DEPOSIT_ASSETS":null,"EQUITY_MULTIPLIER":2.753089634789,"EQUITY_RATIO":1.752272468455},{"SECUCODE":"01979.HK","SECURITY_CODE":"01979","SECURITY_NAME_ABBR":"天宝集团","ORG_CODE":"10472785","STD_REPORT_DATE":"2022-06-30 00:00:00","REPORT_DATE":"2022-06-30 00:00:00","DATE_TYPE_CODE":"002","REPORT_TYPE":"2022年中报","PER_NETCASH_OPERATE":-0.008842908184,"PER_OI":2.562526911248,"BPS":1.127655285856,"BASIC_EPS":0.1111747,"DILUTED_EPS":0.1111747,"OPERATE_INCOME":2563695423.52,"OPERATE_INCOME_YOY":-9.6052802582,"GROSS_PROFIT":385541886.94,"GROSS_PROFIT_YOY":-18.355085165293,"HOLDER_PROFIT":113769346.46,"HOLDER_PROFIT_YOY":-30.0538920582,"GROSS_PROFIT_RATIO":15.038521479695,"EPS_TTM":0.264947516393,"OPERATE_INCOME_QOQ":-3.763381441698,"NET_PROFIT_RATIO":4.4191956256,"ROE_AVG":10.024028916077,"GROSS_PROFIT_QOQ":-9.998181033651,"ROA":3.189138030892,"HOLDER_PROFIT_QOQ":-14.371566267546,"ROE_YEARLY":20.048057832153,"ROIC_YEARLY":6.802905632402,"TOTAL_ASSETS":3572342427.5,"TOTAL_LIABILITIES":2411139789.8,"TAX_EBT":17.229077504608,"OCF_SALES":-0.345085475788,"TOTAL_PARENT_EQUITY":1161923562.87,"DEBT_ASSET_RATIO":67.4946436052,"OPERATE_PROFIT":140746315.01,"PRETAX_PROFIT":136877435.45,"NETCASH_OPERATE":-8846940.55,"NETCASH_INVEST":-66902368.89,"NETCASH_FINANCE":23935057.72,"END_CASH":188376122.06,"DIVI_RATIO":0.507483451178,"DIVIDEND_RATE":9.93288590604,"CURRENT_RATIO":1.18599326734,"COMMON_ACS":2000000000,"CURRENTDEBT_DEBT":85.111334955416,"ISSUED_COMMON_SHARES":1030388965,"HK_COMMON_SHARES":1030388965,"PER_SHARES":4000,"TOTAL_MARKET_CAP":1535279557.85,"HKSK_MARKET_CAP":1535279557.85,"PE_TTM":4.172250098784,"PB_TTM":0.897636901448,"REPORT_DATE_SQ":"2021-06-30 00:00:00","REPORT_TYPE_SQ":"2021年中报","OPERATE_INCOME_SQ":2759471004.24,"DPS_HKD":0.148,"OPERATE_INCOME_QOQ_SQ":30.400778741876,"NET_PROFIT_RATIO_SQ":5.8786564639,"HOLDER_PROFIT_SQ":158257455.6,"HOLDER_PROFIT_QOQ_SQ":29.342018923846,"ROE_AVG_SQ":17.249573057309,"PE_TTM_SQ":3.565122508484,"PB_TTM_SQ":0.735006220091,"ROA_SQ":4.961469990209,"START_DATE":"2022-01-01 00:00:00","FISCAL_YEAR":"12-31","CURRENCY":"HKD","IS_CNY_CODE":0,"DPS_HKD_LY":0.084,"ORG_TYPE":"一般企业","PREMIUM_INCOME":null,"PREMIUM_INCOME_YOY":null,"NET_INTEREST_INCOME":null,"NET_INTEREST_INCOME_YOY":null,"FEE_COMMISSION_INCOME":null,"FEE_COMMISSION_INCOME_YOY":null,"ACCOUNTS_RECE_TDAYS":2.12343786634,"INVENTORY_TDAYS":2.34048455816,"CURRENT_ASSETS_TDAYS":1.061324254972,"TOTAL_ASSETS_TDAYS":0.718645120955,"PREMIUM_EXPENSE":null,"LOAN_DEPOSIT":null,"LOAN_EQUITY":null,"LOAN_ASSETS":null,"DEPOSIT_EQUITY":null,"DEPOSIT_ASSETS":null,"EQUITY_MULTIPLIER":3.076416046187,"EQUITY_RATIO":2.075127716529},{"SECUCODE":"01979.HK","SECURITY_CODE":"01979","SECURITY_NAME_ABBR":"天宝集团","ORG_CODE":"10472785","STD_REPORT_DATE":"2021-12-31 00:00:00","REPORT_DATE":"2021-12-31 00:00:00","DATE_TYPE_CODE":"001","REPORT_TYPE":"2021年年报","PER_NETCASH_OPERATE":0.200350638509,"PER_OI":5.199747906954,"BPS":1.02806445564,"BASIC_EPS":0.3090528,"DILUTED_EPS":0.3090528,"OPERATE_INCOME":5202118992,"OPERATE_INCOME_YOY":41.7509816481,"GROSS_PROFIT":866917632,"GROSS_PROFIT_YOY":24.499604353762,"HOLDER_PROFIT":309556441.6,"HOLDER_PROFIT_YOY":30.9831624904,"GROSS_PROFIT_RATIO":16.664702082616,"EPS_TTM":0.309415348201,"OPERATE_INCOME_QOQ":5.599145822294,"NET_PROFIT_RATIO":6.1061629787,"ROE_AVG":32.963934052281,"GROSS_PROFIT_QOQ":-2.476578882898,"ROA":9.710394466181,"HOLDER_PROFIT_QOQ":-1.623730134447,"ROE_YEARLY":32.963934052281,"ROIC_YEARLY":10.709013661194,"TOTAL_ASSETS":3405871414.4,"TOTAL_LIABILITIES":2336029550.4,"TAX_EBT":14.981497974734,"OCF_SALES":3.853083689709,"TOTAL_PARENT_EQUITY":1059306270.4,"DEBT_ASSET_RATIO":68.5883072544,"OPERATE_PROFIT":377311771.2,"PRETAX_PROFIT":373624395.2,"NETCASH_OPERATE":200441998.4,"NETCASH_INVEST":-499627184,"NETCASH_FINANCE":180181052.8,"END_CASH":235828544,"DIVI_RATIO":0.434550130695,"DIVIDEND_RATE":9.93288590604,"CURRENT_RATIO":1.14123774884,"COMMON_ACS":2000000000,"CURRENTDEBT_DEBT":85.969342487818,"ISSUED_COMMON_SHARES":1030388965,"HK_COMMON_SHARES":1030388965,"PER_SHARES":4000,"TOTAL_MARKET_CAP":1535279557.85,"HKSK_MARKET_CAP":1535279557.85,"PE_TTM":4.172250098784,"PB_TTM":0.897636901448,"REPORT_DATE_SQ":"2020-12-31 00:00:00","REPORT_TYPE_SQ":"2020年年报","OPERATE_INCOME_SQ":3777806345,"DPS_HKD":0.148,"OPERATE_INCOME_QOQ_SQ":16.082187939753,"NET_PROFIT_RATIO_SQ":6.4302988109,"HOLDER_PROFIT_SQ":243281933.48,"HOLDER_PROFIT_QOQ_SQ":39.921530878376,"ROE_AVG_SQ":34.078732285354,"PE_TTM_SQ":3.565122508484,"PB_TTM_SQ":0.735006220091,"ROA_SQ":9.887614698513,"START_DATE":"2021-01-01 00:00:00","FISCAL_YEAR":"12-31","CURRENCY":"HKD","IS_CNY_CODE":0,"DPS_HKD_LY":0.112,"ORG_TYPE":"一般企业","PREMIUM_INCOME":null,"PREMIUM_INCOME_YOY":null,"NET_INTEREST_INCOME":null,"NET_INTEREST_INCOME_YOY":null,"FEE_COMMISSION_INCOME":null,"FEE_COMMISSION_INCOME_YOY":null,"ACCOUNTS_RECE_TDAYS":5.056805583041,"INVENTORY_TDAYS":4.842297811795,"CURRENT_ASSETS_TDAYS":2.261653022465,"TOTAL_ASSETS_TDAYS":1.631839002,"PREMIUM_EXPENSE":null,"LOAN_DEPOSIT":null,"LOAN_EQUITY":null,"LOAN_ASSETS":null,"DEPOSIT_EQUITY":null,"DEPOSIT_ASSETS":null,"EQUITY_MULTIPLIER":3.183527892301,"EQUITY_RATIO":2.205244711256},{"SECUCODE":"01979.HK","SECURITY_CODE":"01979","SECURITY_NAME_ABBR":"天宝集团","ORG_CODE":"10472785","STD_REPORT_DATE":"2021-06-30 00:00:00","REPORT_DATE":"2021-06-30 00:00:00","DATE_TYPE_CODE":"002","REPORT_TYPE":"2021年中报","PER_NETCASH_OPERATE":-0.153100304741,"PER_OI":2.758213258994,"BPS":0.97202746654,"BASIC_EPS":0.1580952,"DILUTED_EPS":0.1580952,"OPERATE_INCOME":2759471004.24,"OPERATE_INCOME_YOY":88.0391801094,"GROSS_PROFIT":472217881.2,"GROSS_PROFIT_YOY":68.886453767672,"HOLDER_PROFIT":158257455.6,"HOLDER_PROFIT_YOY":99.9821252077,"GROSS_PROFIT_RATIO":17.112623414938,"EPS_TTM":0.314522342252,"OPERATE_INCOME_QOQ":30.400778741876,"NET_PROFIT_RATIO":5.8786564639,"ROE_AVG":17.249573057309,"GROSS_PROFIT_QOQ":27.661235555168,"ROA":4.961469990209,"HOLDER_PROFIT_QOQ":29.342018923846,"ROE_YEARLY":34.499146114617,"ROIC_YEARLY":10.695869820757,"TOTAL_ASSETS":3356956865.28,"TOTAL_LIABILITIES":2348995955.28,"TAX_EBT":21.543953125252,"OCF_SALES":-5.550705850674,"TOTAL_PARENT_EQUITY":1001566375.2,"DEBT_ASSET_RATIO":69.973968971,"OPERATE_PROFIT":209179919.52,"PRETAX_PROFIT":206765223.36,"NETCASH_OPERATE":-153170118.48,"NETCASH_INVEST":-203059139.04,"NETCASH_FINANCE":99153149.04,"END_CASH":100267304.16,"DIVI_RATIO":0.427494209274,"DIVIDEND_RATE":9.93288590604,"CURRENT_RATIO":1.183389244326,"COMMON_ACS":2000000000,"CURRENTDEBT_DEBT":89.394875951146,"ISSUED_COMMON_SHARES":1030388965,"HK_COMMON_SHARES":1030388965,"PER_SHARES":4000,"TOTAL_MARKET_CAP":1535279557.85,"HKSK_MARKET_CAP":1535279557.85,"PE_TTM":4.172250098784,"PB_TTM":0.897636901448,"REPORT_DATE_SQ":"2020-06-30 00:00:00","REPORT_TYPE_SQ":"2020年中报","OPERATE_INCOME_SQ":1610988456,"DPS_HKD":0.148,"OPERATE_INCOME_QOQ_SQ":-0.088814141217,"NET_PROFIT_RATIO_SQ":5.3799223202,"HOLDER_PROFIT_SQ":86873624.64,"HOLDER_PROFIT_QOQ_SQ":9.814480695916,"ROE_AVG_SQ":13.229405820154,"PE_TTM_SQ":3.565122508484,"PB_TTM_SQ":0.735006220091,"ROA_SQ":4.08663111393,"START_DATE":"2021-01-01 00:00:00","FISCAL_YEAR":"12-31","CURRENCY":"HKD","IS_CNY_CODE":0,"DPS_HKD_LY":0.112,"ORG_TYPE":"一般企业","PREMIUM_INCOME":null,"PREMIUM_INCOME_YOY":null,"NET_INTEREST_INCOME":null,"NET_INTEREST_INCOME_YOY":null,"FEE_COMMISSION_INCOME":null,"FEE_COMMISSION_INCOME_YOY":null,"ACCOUNTS_RECE_TDAYS":2.289088882914,"INVENTORY_TDAYS":2.6282461805,"CURRENT_ASSETS_TDAYS":1.14163885882,"TOTAL_ASSETS_TDAYS":0.865111379712,"PREMIUM_EXPENSE":null,"LOAN_DEPOSIT":null,"LOAN_EQUITY":null,"LOAN_ASSETS":null,"DEPOSIT_EQUITY":null,"DEPOSIT_ASSETS":null,"EQUITY_MULTIPLIER":3.330443504285,"EQUITY_RATIO":2.345322300592},{"SECUCODE":"01979.HK","SECURITY_CODE":"01979","SECURITY_NAME_ABBR":"天宝集团","ORG_CODE":"10472785","STD_REPORT_DATE":"2020-12-31 00:00:00","REPORT_DATE":"2020-12-31 00:00:00","DATE_TYPE_CODE":"001","REPORT_TYPE":"2020年年报","PER_NETCASH_OPERATE":0.464724329586,"PER_OI":3.776084450491,"BPS":0.818062584123,"BASIC_EPS":0.24323396,"DILUTED_EPS":0.24323396,"OPERATE_INCOME":3777806345,"OPERATE_INCOME_YOY":23.4396532071,"GROSS_PROFIT":696321595.96,"GROSS_PROFIT_YOY":22.763804884417,"HOLDER_PROFIT":243281933.48,"HOLDER_PROFIT_YOY":63.5381777858,"GROSS_PROFIT_RATIO":18.431902865577,"EPS_TTM":0.243171047482,"OPERATE_INCOME_QOQ":16.082187939753,"NET_PROFIT_RATIO":6.4302988109,"ROE_AVG":34.078732285354,"GROSS_PROFIT_QOQ":20.385457814655,"ROA":9.887614698513,"HOLDER_PROFIT_QOQ":39.921530878376,"ROE_YEARLY":34.078732285354,"ROIC_YEARLY":10.983959172049,"TOTAL_ASSETS":3057227842.6,"TOTAL_LIABILITIES":2214909480.76,"TAX_EBT":22.788714384692,"OCF_SALES":12.30704280264,"TOTAL_PARENT_EQUITY":842922659.36,"DEBT_ASSET_RATIO":72.4482961295,"OPERATE_PROFIT":320197729.8,"PRETAX_PROFIT":314622706.44,"NETCASH_OPERATE":464936243.88,"NETCASH_INVEST":-211660677.04,"NETCASH_FINANCE":-30691244.24,"END_CASH":359020899.72,"DIVI_RATIO":0.552929641058,"DIVIDEND_RATE":9.93288590604,"CURRENT_RATIO":1.177200549043,"COMMON_ACS":2000000000,"CURRENTDEBT_DEBT":91.134755680732,"ISSUED_COMMON_SHARES":1030388965,"HK_COMMON_SHARES":1030388965,"PER_SHARES":4000,"TOTAL_MARKET_CAP":1535279557.85,"HKSK_MARKET_CAP":1535279557.85,"PE_TTM":4.172250098784,"PB_TTM":0.897636901448,"REPORT_DATE_SQ":"2019-12-31 00:00:00","REPORT_TYPE_SQ":"2019年年报","OPERATE_INCOME_SQ":3257316751.98,"DPS_HKD":0.148,"OPERATE_INCOME_QOQ_SQ":2.423244098584,"NET_PROFIT_RATIO_SQ":4.8527194331,"HOLDER_PROFIT_SQ":158330906.56,"HOLDER_PROFIT_QOQ_SQ":22.133391013596,"ROE_AVG_SQ":27.656002340759,"PE_TTM_SQ":3.565122508484,"PB_TTM_SQ":0.735006220091,"ROA_SQ":8.687369322309,"START_DATE":"2020-01-01 00:00:00","FISCAL_YEAR":"12-31","CURRENCY":"HKD","IS_CNY_CODE":0,"DPS_HKD_LY":0.058,"ORG_TYPE":"一般企业","PREMIUM_INCOME":null,"PREMIUM_INCOME_YOY":null,"NET_INTEREST_INCOME":null,"NET_INTEREST_INCOME_YOY":null,"FEE_COMMISSION_INCOME":null,"FEE_COMMISSION_INCOME_YOY":null,"ACCOUNTS_RECE_TDAYS":4.307548580329,"INVENTORY_TDAYS":4.536133845761,"CURRENT_ASSETS_TDAYS":2.02297341544,"TOTAL_ASSETS_TDAYS":1.535399403097,"PREMIUM_EXPENSE":null,"LOAN_DEPOSIT":null,"LOAN_EQUITY":null,"LOAN_ASSETS":null,"DEPOSIT_EQUITY":null,"DEPOSIT_ASSETS":null,"EQUITY_MULTIPLIER":3.629539591091,"EQUITY_RATIO":2.627654454611},{"SECUCODE":"01979.HK","SECURITY_CODE":"01979","SECURITY_NAME_ABBR":"天宝集团","ORG_CODE":"10472785","STD_REPORT_DATE":"2020-06-30 00:00:00","REPORT_DATE":"2020-06-30 00:00:00","DATE_TYPE_CODE":"002","REPORT_TYPE":"2020年中报","PER_NETCASH_OPERATE":0.035518446468,"PER_OI":1.610254180094,"BPS":0.658593392603,"BASIC_EPS":0.091344,"DILUTED_EPS":0.091344,"OPERATE_INCOME":1610988456,"OPERATE_INCOME_YOY":-3.8707338942,"GROSS_PROFIT":279606724.32,"GROSS_PROFIT_YOY":4.175001447165,"HOLDER_PROFIT":86873624.64,"HOLDER_PROFIT_YOY":17.2801598165,"GROSS_PROFIT_RATIO":17.356221472514,"EPS_TTM":0.173791014118,"OPERATE_INCOME_QOQ":-0.088814141217,"NET_PROFIT_RATIO":5.3799223202,"ROE_AVG":13.229405820154,"GROSS_PROFIT_QOQ":1.975609939054,"ROA":4.08663111393,"HOLDER_PROFIT_QOQ":9.814480695916,"ROE_YEARLY":26.458811640308,"ROIC_YEARLY":8.66346673031,"TOTAL_ASSETS":2228893164.96,"TOTAL_LIABILITIES":1550757135.84,"TAX_EBT":18.121019657928,"OCF_SALES":2.205766450259,"TOTAL_PARENT_EQUITY":678607364.16,"DEBT_ASSET_RATIO":69.5752115992,"OPERATE_PROFIT":109332373.92,"PRETAX_PROFIT":105851254.08,"NETCASH_OPERATE":35534642.88,"NETCASH_INVEST":-116878301.76,"NETCASH_FINANCE":35669832,"END_CASH":96955261.92,"DIVI_RATIO":0.773667618448,"DIVIDEND_RATE":9.93288590604,"CURRENT_RATIO":1.177664566911,"COMMON_ACS":2000000000,"CURRENTDEBT_DEBT":87.270507171126,"ISSUED_COMMON_SHARES":1030388965,"HK_COMMON_SHARES":1030388965,"PER_SHARES":4000,"TOTAL_MARKET_CAP":1535279557.85,"HKSK_MARKET_CAP":1535279557.85,"PE_TTM":4.172250098784,"PB_TTM":0.897636901448,"REPORT_DATE_SQ":"2019-06-30 00:00:00","REPORT_TYPE_SQ":"2019年中报","OPERATE_INCOME_SQ":1613881413.9,"DPS_HKD":0.148,"OPERATE_INCOME_QOQ_SQ":13.338011206486,"NET_PROFIT_RATIO_SQ":4.4200439862,"HOLDER_PROFIT_SQ":71334268.38,"HOLDER_PROFIT_QOQ_SQ":166.988686999227,"ROE_AVG_SQ":13.315807276871,"PE_TTM_SQ":3.565122508484,"PB_TTM_SQ":0.735006220091,"ROA_SQ":4.138098902467,"START_DATE":"2020-01-01 00:00:00","FISCAL_YEAR":"12-31","CURRENCY":"HKD","IS_CNY_CODE":0,"DPS_HKD_LY":0.058,"ORG_TYPE":"一般企业","PREMIUM_INCOME":null,"PREMIUM_INCOME_YOY":null,"NET_INTEREST_INCOME":null,"NET_INTEREST_INCOME_YOY":null,"FEE_COMMISSION_INCOME":null,"FEE_COMMISSION_INCOME_YOY":null,"ACCOUNTS_RECE_TDAYS":1.841990789263,"INVENTORY_TDAYS":2.695158301929,"CURRENT_ASSETS_TDAYS":1.050062307726,"TOTAL_ASSETS_TDAYS":0.757826736913,"PREMIUM_EXPENSE":null,"LOAN_DEPOSIT":null,"LOAN_EQUITY":null,"LOAN_ASSETS":null,"DEPOSIT_EQUITY":null,"DEPOSIT_ASSETS":null,"EQUITY_MULTIPLIER":3.286793606669,"EQUITY_RATIO":2.285205286211}],"count":23},"success":true,"message":"ok","code":0}