{"version":"32672249362c9eb2f94abbcfc080c16f","result":{"pages":4,"data":[{"SECUCODE":"01972.HK","SECURITY_CODE":"01972","SECURITY_NAME_ABBR":"太古地产","ORG_CODE":"10130529","STD_REPORT_DATE":"2024-06-30 00:00:00","REPORT_DATE":"2024-06-30 00:00:00","DATE_TYPE_CODE":"002","REPORT_TYPE":"2024年中报","PER_NETCASH_OPERATE":0.381453435897,"PER_OI":1.13562354188,"BPS":44.295892899238,"BASIC_EPS":0.2829308,"DILUTED_EPS":0.2829308,"OPERATE_INCOME":6643397720,"OPERATE_INCOME_YOY":-0.2466767165,"GROSS_PROFIT":4814387000,"GROSS_PROFIT_YOY":-1.975011354531,"HOLDER_PROFIT":1639173280,"HOLDER_PROFIT_YOY":-19.208277103,"GROSS_PROFIT_RATIO":72.468745706828,"EPS_TTM":0.338344252991,"OPERATE_INCOME_QOQ":-0.634036192226,"NET_PROFIT_RATIO":25.9651050969,"ROE_AVG":0.634452987422,"GROSS_PROFIT_QOQ":-1.030604021658,"ROA":0.507103257348,"HOLDER_PROFIT_QOQ":-17.173197158371,"ROE_YEARLY":1.268905974844,"ROIC_YEARLY":1.038803293978,"TOTAL_ASSETS":322950905320,"TOTAL_LIABILITIES":63608319920,"TAX_EBT":38.992898644287,"OCF_SALES":33.589778815771,"TOTAL_PARENT_EQUITY":256531531000,"DEBT_ASSET_RATIO":19.6959720107,"OPERATE_PROFIT":2936091560,"PRETAX_PROFIT":2827482640,"NETCASH_OPERATE":2231502600,"NETCASH_INVEST":-1059621480,"NETCASH_FINANCE":-698200200,"END_CASH":5045295040,"DIVI_RATIO":2.845591705748,"DIVIDEND_RATE":7.057256990679,"CURRENT_RATIO":0.938929779192,"COMMON_ACS":null,"CURRENTDEBT_DEBT":28.851838034838,"ISSUED_COMMON_SHARES":5791316400,"HK_COMMON_SHARES":5791316400,"PER_SHARES":200,"TOTAL_MARKET_CAP":86985572328,"HKSK_MARKET_CAP":86985572328,"PE_TTM":39.359987478733,"PB_TTM":0.309474596915,"REPORT_DATE_SQ":"2023-06-30 00:00:00","REPORT_TYPE_SQ":"2023年中报","OPERATE_INCOME_SQ":6727688060,"DPS_HKD":1.06,"OPERATE_INCOME_QOQ_SQ":6.625926329339,"NET_PROFIT_RATIO_SQ":31.0264492257,"HOLDER_PROFIT_SQ":2049561540,"HOLDER_PROFIT_QOQ_SQ":-23.410993423308,"ROE_AVG_SQ":0.773730071578,"PE_TTM_SQ":15.546712211785,"PB_TTM_SQ":0.318932896065,"ROA_SQ":0.650525936905,"START_DATE":"2024-01-01 00:00:00","FISCAL_YEAR":"12-31","CURRENCY":"HKD","IS_CNY_CODE":0,"DPS_HKD_LY":1.06,"ORG_TYPE":"一般企业","PREMIUM_INCOME":null,"PREMIUM_INCOME_YOY":null,"NET_INTEREST_INCOME":null,"NET_INTEREST_INCOME_YOY":null,"FEE_COMMISSION_INCOME":null,"FEE_COMMISSION_INCOME_YOY":null,"ACCOUNTS_RECE_TDAYS":2.053314527504,"INVENTORY_TDAYS":0.211425858522,"CURRENT_ASSETS_TDAYS":0.391091768751,"TOTAL_ASSETS_TDAYS":0.0205523642,"PREMIUM_EXPENSE":null,"LOAN_DEPOSIT":null,"LOAN_EQUITY":null,"LOAN_ASSETS":null,"DEPOSIT_EQUITY":null,"DEPOSIT_ASSETS":null,"EQUITY_MULTIPLIER":1.245267547642,"EQUITY_RATIO":0.247955172107},{"SECUCODE":"01972.HK","SECURITY_CODE":"01972","SECURITY_NAME_ABBR":"太古地产","ORG_CODE":"10130529","STD_REPORT_DATE":"2023-12-31 00:00:00","REPORT_DATE":"2023-12-31 00:00:00","DATE_TYPE_CODE":"001","REPORT_TYPE":"2023年年报","PER_NETCASH_OPERATE":0.843481692308,"PER_OI":2.272520923077,"BPS":44.609375864872,"BASIC_EPS":0.407799,"DILUTED_EPS":0.407799,"OPERATE_INCOME":13294247400,"OPERATE_INCOME_YOY":6.1044409084,"GROSS_PROFIT":9412000920,"GROSS_PROFIT_YOY":10.643378356935,"HOLDER_PROFIT":2389702140,"HOLDER_PROFIT_YOY":-66.954887218,"GROSS_PROFIT_RATIO":70.79754601227,"EPS_TTM":0.408496092308,"OPERATE_INCOME_QOQ":0.95355993483,"NET_PROFIT_RATIO":18.7525562372,"ROE_AVG":0.91834655829,"GROSS_PROFIT_QOQ":3.329847484655,"ROA":0.762524398178,"HOLDER_PROFIT_QOQ":-56.228473149586,"ROE_YEARLY":0.91834655829,"ROIC_YEARLY":0.780250230421,"TOTAL_ASSETS":321244115360,"TOTAL_LIABILITIES":60117728580,"TAX_EBT":37.019230769231,"OCF_SALES":37.116564417178,"TOTAL_PARENT_EQUITY":258347010040,"DEBT_ASSET_RATIO":18.714032633,"OPERATE_PROFIT":4694219600,"PRETAX_PROFIT":3958368960,"NETCASH_OPERATE":4934367900,"NETCASH_INVEST":-12561115420,"NETCASH_FINANCE":8214884300,"END_CASH":4619003340,"DIVI_RATIO":2.356912631798,"DIVIDEND_RATE":7.066666666667,"CURRENT_RATIO":1.031199055596,"COMMON_ACS":null,"CURRENTDEBT_DEBT":26.815297185668,"ISSUED_COMMON_SHARES":5791316400,"HK_COMMON_SHARES":5791316400,"PER_SHARES":200,"TOTAL_MARKET_CAP":86869746000,"HKSK_MARKET_CAP":86869746000,"PE_TTM":39.307577375566,"PB_TTM":0.309062513564,"REPORT_DATE_SQ":"2022-12-31 00:00:00","REPORT_TYPE_SQ":"2022年年报","OPERATE_INCOME_SQ":12350351020,"DPS_HKD":1.06,"OPERATE_INCOME_QOQ_SQ":10.515281530197,"NET_PROFIT_RATIO_SQ":59.5038333574,"HOLDER_PROFIT_SQ":7128294600,"HOLDER_PROFIT_QOQ_SQ":-9.365137687478,"ROE_AVG_SQ":2.747768299087,"PE_TTM_SQ":14.867292912041,"PB_TTM_SQ":0.304994954591,"ROA_SQ":2.355771714503,"START_DATE":"2023-01-01 00:00:00","FISCAL_YEAR":"12-31","CURRENCY":"HKD","IS_CNY_CODE":0,"DPS_HKD_LY":1.01,"ORG_TYPE":"一般企业","PREMIUM_INCOME":null,"PREMIUM_INCOME_YOY":null,"NET_INTEREST_INCOME":null,"NET_INTEREST_INCOME_YOY":null,"FEE_COMMISSION_INCOME":null,"FEE_COMMISSION_INCOME_YOY":null,"ACCOUNTS_RECE_TDAYS":4.627760252366,"INVENTORY_TDAYS":0.488650621649,"CURRENT_ASSETS_TDAYS":0.813779331003,"TOTAL_ASSETS_TDAYS":0.042420299284,"PREMIUM_EXPENSE":null,"LOAN_DEPOSIT":null,"LOAN_EQUITY":null,"LOAN_ASSETS":null,"DEPOSIT_EQUITY":null,"DEPOSIT_ASSETS":null,"EQUITY_MULTIPLIER":1.230224640724,"EQUITY_RATIO":0.232701468349},{"SECUCODE":"01972.HK","SECURITY_CODE":"01972","SECURITY_NAME_ABBR":"太古地产","ORG_CODE":"10130529","STD_REPORT_DATE":"2023-06-30 00:00:00","REPORT_DATE":"2023-06-30 00:00:00","DATE_TYPE_CODE":"002","REPORT_TYPE":"2023年中报","PER_NETCASH_OPERATE":0.531753935043,"PER_OI":1.150032147009,"BPS":45.437073312037,"BASIC_EPS":0.3503524,"DILUTED_EPS":0.3503524,"OPERATE_INCOME":6727688060,"OPERATE_INCOME_YOY":5.6005788712,"GROSS_PROFIT":4911387460,"GROSS_PROFIT_YOY":13.971752100823,"HOLDER_PROFIT":2049561540,"HOLDER_PROFIT_YOY":-48.8730450782,"GROSS_PROFIT_RATIO":73.002603809785,"EPS_TTM":0.933246157265,"OPERATE_INCOME_QOQ":6.625926329339,"NET_PROFIT_RATIO":31.0264492257,"ROE_AVG":0.773730071578,"GROSS_PROFIT_QOQ":7.077849285867,"ROA":0.650525936905,"HOLDER_PROFIT_QOQ":-23.410993423308,"ROE_YEARLY":1.547460143156,"ROIC_YEARLY":1.329823826758,"TOTAL_ASSETS":319267844300,"TOTAL_LIABILITIES":53369734280,"TAX_EBT":29.645742697328,"OCF_SALES":46.238180074003,"TOTAL_PARENT_EQUITY":263140467840,"DEBT_ASSET_RATIO":16.7162886062,"OPERATE_PROFIT":2648848540,"PRETAX_PROFIT":2966931640,"NETCASH_OPERATE":3110760520,"NETCASH_INVEST":-6233506780,"NETCASH_FINANCE":2993669060,"END_CASH":3915649060,"DIVI_RATIO":1.031656645468,"DIVIDEND_RATE":7.066666666667,"CURRENT_RATIO":1.628505106778,"COMMON_ACS":null,"CURRENTDEBT_DEBT":18.605535017103,"ISSUED_COMMON_SHARES":5791316400,"HK_COMMON_SHARES":5791316400,"PER_SHARES":200,"TOTAL_MARKET_CAP":86869746000,"HKSK_MARKET_CAP":86869746000,"PE_TTM":39.307577375566,"PB_TTM":0.309062513564,"REPORT_DATE_SQ":"2022-06-30 00:00:00","REPORT_TYPE_SQ":"2022年中报","OPERATE_INCOME_SQ":5909362900,"DPS_HKD":1.06,"OPERATE_INCOME_QOQ_SQ":-13.986849286744,"NET_PROFIT_RATIO_SQ":66.2436548223,"HOLDER_PROFIT_SQ":3718366120,"HOLDER_PROFIT_QOQ_SQ":35.085424584159,"ROE_AVG_SQ":1.484638851888,"PE_TTM_SQ":14.867292912041,"PB_TTM_SQ":0.304994954591,"ROA_SQ":1.278957171666,"START_DATE":"2023-01-01 00:00:00","FISCAL_YEAR":"12-31","CURRENCY":"HKD","IS_CNY_CODE":0,"DPS_HKD_LY":1.01,"ORG_TYPE":"一般企业","PREMIUM_INCOME":null,"PREMIUM_INCOME_YOY":null,"NET_INTEREST_INCOME":null,"NET_INTEREST_INCOME_YOY":null,"FEE_COMMISSION_INCOME":null,"FEE_COMMISSION_INCOME_YOY":null,"ACCOUNTS_RECE_TDAYS":2.479021572957,"INVENTORY_TDAYS":0.232270235218,"CURRENT_ASSETS_TDAYS":0.414025929814,"TOTAL_ASSETS_TDAYS":0.021353521195,"PREMIUM_EXPENSE":null,"LOAN_DEPOSIT":null,"LOAN_EQUITY":null,"LOAN_ASSETS":null,"DEPOSIT_EQUITY":null,"DEPOSIT_ASSETS":null,"EQUITY_MULTIPLIER":1.200714981675,"EQUITY_RATIO":0.202818421348},{"SECUCODE":"01972.HK","SECURITY_CODE":"01972","SECURITY_NAME_ABBR":"太古地产","ORG_CODE":"10130529","STD_REPORT_DATE":"2022-12-31 00:00:00","REPORT_DATE":"2022-12-31 00:00:00","DATE_TYPE_CODE":"001","REPORT_TYPE":"2022年年报","PER_NETCASH_OPERATE":0.726220875214,"PER_OI":2.11117111453,"BPS":44.608771499689,"BASIC_EPS":1.2148472,"DILUTED_EPS":1.2148472,"OPERATE_INCOME":12350351020,"OPERATE_INCOME_YOY":-15.271479348,"GROSS_PROFIT":8506610210,"GROSS_PROFIT_YOY":-1.070964198864,"HOLDER_PROFIT":7128294600,"HOLDER_PROFIT_YOY":12.2047244094,"GROSS_PROFIT_RATIO":68.877477216838,"EPS_TTM":1.218511897436,"OPERATE_INCOME_QOQ":10.515281530197,"NET_PROFIT_RATIO":59.5038333574,"ROE_AVG":2.747768299087,"GROSS_PROFIT_QOQ":3.507233750207,"ROA":2.355771714503,"HOLDER_PROFIT_QOQ":-9.365137687478,"ROE_YEARLY":2.747768299087,"ROIC_YEARLY":2.443729903537,"TOTAL_ASSETS":301176699740,"TOTAL_LIABILITIES":40111396080,"TAX_EBT":20.064127477653,"OCF_SALES":34.398958484016,"TOTAL_PARENT_EQUITY":258343509970,"DEBT_ASSET_RATIO":13.3182268464,"OPERATE_PROFIT":8060868480,"PRETAX_PROFIT":9193534840,"NETCASH_OPERATE":4248392120,"NETCASH_INVEST":-7145266730,"NETCASH_FINANCE":-5848238690,"END_CASH":4021501540,"DIVI_RATIO":0.790135576046,"DIVIDEND_RATE":7.066666666667,"CURRENT_RATIO":1.612051702166,"COMMON_ACS":null,"CURRENTDEBT_DEBT":24.46552645644,"ISSUED_COMMON_SHARES":5791316400,"HK_COMMON_SHARES":5791316400,"PER_SHARES":200,"TOTAL_MARKET_CAP":86869746000,"HKSK_MARKET_CAP":86869746000,"PE_TTM":39.307577375566,"PB_TTM":0.309062513564,"REPORT_DATE_SQ":"2021-12-31 00:00:00","REPORT_TYPE_SQ":"2021年年报","OPERATE_INCOME_SQ":13341596800,"DPS_HKD":1.06,"OPERATE_INCOME_QOQ_SQ":1.806787858892,"NET_PROFIT_RATIO_SQ":45.8687307281,"HOLDER_PROFIT_SQ":5814771200,"HOLDER_PROFIT_QOQ_SQ":40.013116979486,"ROE_AVG_SQ":2.451750844823,"PE_TTM_SQ":14.867292912041,"PB_TTM_SQ":0.304994954591,"ROA_SQ":2.101488837408,"START_DATE":"2022-01-01 00:00:00","FISCAL_YEAR":"12-31","CURRENCY":"HKD","IS_CNY_CODE":0,"DPS_HKD_LY":0.96,"ORG_TYPE":"一般企业","PREMIUM_INCOME":null,"PREMIUM_INCOME_YOY":null,"NET_INTEREST_INCOME":null,"NET_INTEREST_INCOME_YOY":null,"FEE_COMMISSION_INCOME":null,"FEE_COMMISSION_INCOME_YOY":null,"ACCOUNTS_RECE_TDAYS":5.471309853581,"INVENTORY_TDAYS":0.580780132272,"CURRENT_ASSETS_TDAYS":0.634365680202,"TOTAL_ASSETS_TDAYS":0.040815663815,"PREMIUM_EXPENSE":null,"LOAN_DEPOSIT":null,"LOAN_EQUITY":null,"LOAN_ASSETS":null,"DEPOSIT_EQUITY":null,"DEPOSIT_ASSETS":null,"EQUITY_MULTIPLIER":1.153645067029,"EQUITY_RATIO":0.155263803936},{"SECUCODE":"01972.HK","SECURITY_CODE":"01972","SECURITY_NAME_ABBR":"太古地产","ORG_CODE":"10130529","STD_REPORT_DATE":"2022-06-30 00:00:00","REPORT_DATE":"2022-06-30 00:00:00","DATE_TYPE_CODE":"002","REPORT_TYPE":"2022年中报","PER_NETCASH_OPERATE":0.464726326496,"PER_OI":1.010147504274,"BPS":42.853295528802,"BASIC_EPS":0.6328406,"DILUTED_EPS":0.6328406,"OPERATE_INCOME":5909362900,"OPERATE_INCOME_YOY":-26.1358623732,"GROSS_PROFIT":4309302410,"GROSS_PROFIT_YOY":-7.61769468673,"HOLDER_PROFIT":3718366120,"HOLDER_PROFIT_YOY":117.6915322581,"GROSS_PROFIT_RATIO":74.723798148701,"EPS_TTM":1.344418545299,"OPERATE_INCOME_QOQ":-13.986849286744,"NET_PROFIT_RATIO":66.2436548223,"ROE_AVG":1.484638851888,"GROSS_PROFIT_QOQ":-4.468488189502,"ROA":1.278957171666,"HOLDER_PROFIT_QOQ":35.085424584159,"ROE_YEARLY":2.969277703777,"ROIC_YEARLY":2.659441818938,"TOTAL_ASSETS":286549368490,"TOTAL_LIABILITIES":35776873650,"TAX_EBT":15.599622285175,"OCF_SALES":47.46192893401,"TOTAL_PARENT_EQUITY":248176993190,"DEBT_ASSET_RATIO":12.4854135392,"OPERATE_PROFIT":4185299860,"PRETAX_PROFIT":4528231050,"NETCASH_OPERATE":2718649010,"NETCASH_INVEST":-4376862420,"NETCASH_FINANCE":-5731483380,"END_CASH":5056738470,"DIVI_RATIO":0.716138291432,"DIVIDEND_RATE":7.066666666667,"CURRENT_RATIO":1.445582691362,"COMMON_ACS":null,"CURRENTDEBT_DEBT":29.166965459543,"ISSUED_COMMON_SHARES":5791316400,"HK_COMMON_SHARES":5791316400,"PER_SHARES":200,"TOTAL_MARKET_CAP":86869746000,"HKSK_MARKET_CAP":86869746000,"PE_TTM":39.307577375566,"PB_TTM":0.309062513564,"REPORT_DATE_SQ":"2021-06-30 00:00:00","REPORT_TYPE_SQ":"2021年中报","OPERATE_INCOME_SQ":7545301440,"DPS_HKD":1.06,"OPERATE_INCOME_QOQ_SQ":13.94000009171,"NET_PROFIT_RATIO_SQ":23.0480811645,"HOLDER_PROFIT_SQ":1650846720,"HOLDER_PROFIT_QOQ_SQ":20.622084375446,"ROE_AVG_SQ":0.688187558859,"PE_TTM_SQ":14.867292912041,"PB_TTM_SQ":0.304994954591,"ROA_SQ":0.590016118384,"START_DATE":"2022-01-01 00:00:00","FISCAL_YEAR":"12-31","CURRENCY":"HKD","IS_CNY_CODE":0,"DPS_HKD_LY":0.96,"ORG_TYPE":"一般企业","PREMIUM_INCOME":null,"PREMIUM_INCOME_YOY":null,"NET_INTEREST_INCOME":null,"NET_INTEREST_INCOME_YOY":null,"FEE_COMMISSION_INCOME":null,"FEE_COMMISSION_INCOME_YOY":null,"ACCOUNTS_RECE_TDAYS":2.714061272584,"INVENTORY_TDAYS":0.258295827294,"CURRENT_ASSETS_TDAYS":0.30781957306,"TOTAL_ASSETS_TDAYS":0.019834348543,"PREMIUM_EXPENSE":null,"LOAN_DEPOSIT":null,"LOAN_EQUITY":null,"LOAN_ASSETS":null,"DEPOSIT_EQUITY":null,"DEPOSIT_ASSETS":null,"EQUITY_MULTIPLIER":1.142666657572,"EQUITY_RATIO":0.144158703795},{"SECUCODE":"01972.HK","SECURITY_CODE":"01972","SECURITY_NAME_ABBR":"太古地产","ORG_CODE":"10130529","STD_REPORT_DATE":"2021-12-31 00:00:00","REPORT_DATE":"2021-12-31 00:00:00","DATE_TYPE_CODE":"001","REPORT_TYPE":"2021年年报","PER_NETCASH_OPERATE":0.705092649573,"PER_OI":2.280614837607,"BPS":41.245532362901,"BASIC_EPS":0.997472,"DILUTED_EPS":0.997472,"OPERATE_INCOME":13341596800,"OPERATE_INCOME_YOY":19.4093778179,"GROSS_PROFIT":8598699200,"GROSS_PROFIT_YOY":3.073042488743,"HOLDER_PROFIT":5814771200,"HOLDER_PROFIT_YOY":73.8525390625,"GROSS_PROFIT_RATIO":66.213580013844,"EPS_TTM":0.99523582906,"OPERATE_INCOME_QOQ":1.806787858892,"NET_PROFIT_RATIO":45.8687307281,"ROE_AVG":2.451750844823,"GROSS_PROFIT_QOQ":2.49722050877,"ROA":2.101488837408,"HOLDER_PROFIT_QOQ":40.013116979486,"ROE_YEARLY":2.451750844823,"ROIC_YEARLY":2.233345564828,"TOTAL_ASSETS":277717462400,"TOTAL_LIABILITIES":37661926400,"TAX_EBT":21.248512387753,"OCF_SALES":31.747530048455,"TOTAL_PARENT_EQUITY":238431782400,"DEBT_ASSET_RATIO":13.5650543748,"OPERATE_PROFIT":6405078400,"PRETAX_PROFIT":7557076800,"NETCASH_OPERATE":4124792000,"NETCASH_INVEST":-2613049600,"NETCASH_FINANCE":-6844129600,"END_CASH":12127460800,"DIVI_RATIO":0.967398451591,"DIVIDEND_RATE":7.066666666667,"CURRENT_RATIO":1.371998091502,"COMMON_ACS":null,"CURRENTDEBT_DEBT":40.949548454324,"ISSUED_COMMON_SHARES":5791316400,"HK_COMMON_SHARES":5791316400,"PER_SHARES":200,"TOTAL_MARKET_CAP":86869746000,"HKSK_MARKET_CAP":86869746000,"PE_TTM":39.307577375566,"PB_TTM":0.309062513564,"REPORT_DATE_SQ":"2020-12-31 00:00:00","REPORT_TYPE_SQ":"2020年年报","OPERATE_INCOME_SQ":11200545120,"DPS_HKD":1.06,"OPERATE_INCOME_QOQ_SQ":-7.567057908565,"NET_PROFIT_RATIO_SQ":30.5755936279,"HOLDER_PROFIT_SQ":3447357440,"HOLDER_PROFIT_QOQ_SQ":-32.015451492708,"ROE_AVG_SQ":1.423054808108,"PE_TTM_SQ":14.867292912041,"PB_TTM_SQ":0.304994954591,"ROA_SQ":1.213178506955,"START_DATE":"2021-01-01 00:00:00","FISCAL_YEAR":"12-31","CURRENCY":"HKD","IS_CNY_CODE":0,"DPS_HKD_LY":0.92,"ORG_TYPE":"一般企业","PREMIUM_INCOME":null,"PREMIUM_INCOME_YOY":null,"NET_INTEREST_INCOME":null,"NET_INTEREST_INCOME_YOY":null,"FEE_COMMISSION_INCOME":null,"FEE_COMMISSION_INCOME_YOY":null,"ACCOUNTS_RECE_TDAYS":6.627944760357,"INVENTORY_TDAYS":1.064011097899,"CURRENT_ASSETS_TDAYS":0.590458142905,"TOTAL_ASSETS_TDAYS":0.046896165026,"PREMIUM_EXPENSE":null,"LOAN_DEPOSIT":null,"LOAN_EQUITY":null,"LOAN_ASSETS":null,"DEPOSIT_EQUITY":null,"DEPOSIT_ASSETS":null,"EQUITY_MULTIPLIER":1.156939467905,"EQUITY_RATIO":0.157956821112},{"SECUCODE":"01972.HK","SECURITY_CODE":"01972","SECURITY_NAME_ABBR":"太古地产","ORG_CODE":"10130529","STD_REPORT_DATE":"2021-06-30 00:00:00","REPORT_DATE":"2021-06-30 00:00:00","DATE_TYPE_CODE":"002","REPORT_TYPE":"2021年中报","PER_NETCASH_OPERATE":0.818283117949,"PER_OI":1.289795117949,"BPS":41.35761950081,"BASIC_EPS":0.2829072,"DILUTED_EPS":0.2829072,"OPERATE_INCOME":7545301440,"OPERATE_INCOME_YOY":38.4216150206,"GROSS_PROFIT":4664640480,"GROSS_PROFIT_YOY":1.102241113319,"HOLDER_PROFIT":1650846720,"HOLDER_PROFIT_YOY":92.8085519922,"GROSS_PROFIT_RATIO":61.821790913101,"EPS_TTM":0.710816136752,"OPERATE_INCOME_QOQ":13.94000009171,"NET_PROFIT_RATIO":23.0480811645,"ROE_AVG":0.688187558859,"GROSS_PROFIT_QOQ":0.609601938243,"ROA":0.590016118384,"HOLDER_PROFIT_QOQ":20.622084375446,"ROE_YEARLY":1.376375117719,"ROIC_YEARLY":1.258817352518,"TOTAL_ASSETS":278860794960,"TOTAL_LIABILITIES":37683239040,"TAX_EBT":31.899641577061,"OCF_SALES":63.44287604764,"TOTAL_PARENT_EQUITY":239515060080,"DEBT_ASSET_RATIO":13.5132796438,"OPERATE_PROFIT":2052741360,"PRETAX_PROFIT":2553653520,"NETCASH_OPERATE":4786956240,"NETCASH_INVEST":-3762665760,"NETCASH_FINANCE":-4645502640,"END_CASH":14076297360,"DIVI_RATIO":1.354484725683,"DIVIDEND_RATE":7.066666666667,"CURRENT_RATIO":1.293746312684,"COMMON_ACS":null,"CURRENTDEBT_DEBT":37.427133015368,"ISSUED_COMMON_SHARES":5791316400,"HK_COMMON_SHARES":5791316400,"PER_SHARES":200,"TOTAL_MARKET_CAP":86869746000,"HKSK_MARKET_CAP":86869746000,"PE_TTM":39.307577375566,"PB_TTM":0.309062513564,"REPORT_DATE_SQ":"2020-06-30 00:00:00","REPORT_TYPE_SQ":"2020年中报","OPERATE_INCOME_SQ":5983945440,"DPS_HKD":1.06,"OPERATE_INCOME_QOQ_SQ":-4.884707629514,"NET_PROFIT_RATIO_SQ":14.577927034,"HOLDER_PROFIT_SQ":939929760,"HOLDER_PROFIT_QOQ_SQ":-57.827907928704,"ROE_AVG_SQ":0.360554812916,"PE_TTM_SQ":14.867292912041,"PB_TTM_SQ":0.304994954591,"ROA_SQ":0.307519432897,"START_DATE":"2021-01-01 00:00:00","FISCAL_YEAR":"12-31","CURRENCY":"HKD","IS_CNY_CODE":0,"DPS_HKD_LY":0.92,"ORG_TYPE":"一般企业","PREMIUM_INCOME":null,"PREMIUM_INCOME_YOY":null,"NET_INTEREST_INCOME":null,"NET_INTEREST_INCOME_YOY":null,"FEE_COMMISSION_INCOME":null,"FEE_COMMISSION_INCOME_YOY":null,"ACCOUNTS_RECE_TDAYS":3.405182125422,"INVENTORY_TDAYS":1.287467460022,"CURRENT_ASSETS_TDAYS":0.363629072682,"TOTAL_ASSETS_TDAYS":0.026967067346,"PREMIUM_EXPENSE":null,"LOAN_DEPOSIT":null,"LOAN_EQUITY":null,"LOAN_ASSETS":null,"DEPOSIT_EQUITY":null,"DEPOSIT_ASSETS":null,"EQUITY_MULTIPLIER":1.156246873371,"EQUITY_RATIO":0.157331397146},{"SECUCODE":"01972.HK","SECURITY_CODE":"01972","SECURITY_NAME_ABBR":"太古地产","ORG_CODE":"10130529","STD_REPORT_DATE":"2020-12-31 00:00:00","REPORT_DATE":"2020-12-31 00:00:00","DATE_TYPE_CODE":"001","REPORT_TYPE":"2020年年报","PER_NETCASH_OPERATE":0.786825497436,"PER_OI":1.914623097436,"BPS":41.961403980622,"BASIC_EPS":0.589148,"DILUTED_EPS":0.589148,"OPERATE_INCOME":11200545120,"OPERATE_INCOME_YOY":-6.4266629166,"GROSS_PROFIT":8342335680,"GROSS_PROFIT_YOY":-8.643033581395,"HOLDER_PROFIT":3447357440,"HOLDER_PROFIT_YOY":-69.4852119496,"GROSS_PROFIT_RATIO":74.481514878269,"EPS_TTM":0.589291870085,"OPERATE_INCOME_QOQ":-7.567057908565,"NET_PROFIT_RATIO":30.5755936279,"ROE_AVG":1.423054808108,"GROSS_PROFIT_QOQ":-6.314289694958,"ROA":1.213178506955,"HOLDER_PROFIT_QOQ":-32.015451492708,"ROE_YEARLY":1.423054808108,"ROIC_YEARLY":1.289863424373,"TOTAL_ASSETS":283958394680,"TOTAL_LIABILITIES":39310479480,"TAX_EBT":30.515710382514,"OCF_SALES":41.09558160505,"TOTAL_PARENT_EQUITY":243011767040,"DEBT_ASSET_RATIO":13.8437462024,"OPERATE_PROFIT":4634069840,"PRETAX_PROFIT":4928643840,"NETCASH_OPERATE":4602929160,"NETCASH_INVEST":7083242240,"NETCASH_FINANCE":-6575733320,"END_CASH":17844451280,"DIVI_RATIO":1.633807708666,"DIVIDEND_RATE":7.066666666667,"CURRENT_RATIO":2.640650099216,"COMMON_ACS":null,"CURRENTDEBT_DEBT":22.658273920397,"ISSUED_COMMON_SHARES":5791316400,"HK_COMMON_SHARES":5791316400,"PER_SHARES":200,"TOTAL_MARKET_CAP":86869746000,"HKSK_MARKET_CAP":86869746000,"PE_TTM":39.307577375566,"PB_TTM":0.309062513564,"REPORT_DATE_SQ":"2019-12-31 00:00:00","REPORT_TYPE_SQ":"2019年年报","OPERATE_INCOME_SQ":12739783160,"DPS_HKD":1.06,"OPERATE_INCOME_QOQ_SQ":-4.50522155072,"NET_PROFIT_RATIO_SQ":94.6842919421,"HOLDER_PROFIT_SQ":12024054940,"HOLDER_PROFIT_QOQ_SQ":-20.54100703404,"ROE_AVG_SQ":4.741417374011,"PE_TTM_SQ":14.867292912041,"PB_TTM_SQ":0.304994954591,"ROA_SQ":3.997849625695,"START_DATE":"2020-01-01 00:00:00","FISCAL_YEAR":"12-31","CURRENCY":"HKD","IS_CNY_CODE":0,"DPS_HKD_LY":0.89,"ORG_TYPE":"一般企业","PREMIUM_INCOME":null,"PREMIUM_INCOME_YOY":null,"NET_INTEREST_INCOME":null,"NET_INTEREST_INCOME_YOY":null,"FEE_COMMISSION_INCOME":null,"FEE_COMMISSION_INCOME_YOY":null,"ACCOUNTS_RECE_TDAYS":5.748596112311,"INVENTORY_TDAYS":0.932198737304,"CURRENT_ASSETS_TDAYS":0.547868508265,"TOTAL_ASSETS_TDAYS":0.03941645403,"PREMIUM_EXPENSE":null,"LOAN_DEPOSIT":null,"LOAN_EQUITY":null,"LOAN_ASSETS":null,"DEPOSIT_EQUITY":null,"DEPOSIT_ASSETS":null,"EQUITY_MULTIPLIER":1.160681849456,"EQUITY_RATIO":0.161763687244},{"SECUCODE":"01972.HK","SECURITY_CODE":"01972","SECURITY_NAME_ABBR":"太古地产","ORG_CODE":"10130529","STD_REPORT_DATE":"2020-06-30 00:00:00","REPORT_DATE":"2020-06-30 00:00:00","DATE_TYPE_CODE":"002","REPORT_TYPE":"2020年中报","PER_NETCASH_OPERATE":0.26200894359,"PER_OI":1.02289665641,"BPS":44.772044987906,"BASIC_EPS":0.1644192,"DILUTED_EPS":0.1644192,"OPERATE_INCOME":5983945440,"OPERATE_INCOME_YOY":-12.7696404794,"GROSS_PROFIT":4613785440,"GROSS_PROFIT_YOY":-4.688997573274,"HOLDER_PROFIT":939929760,"HOLDER_PROFIT_YOY":-88.532263457,"GROSS_PROFIT_RATIO":77.102732407266,"EPS_TTM":0.866802652991,"OPERATE_INCOME_QOQ":-4.884707629514,"NET_PROFIT_RATIO":14.577927034,"ROE_AVG":0.360554812916,"GROSS_PROFIT_QOQ":-2.485698063082,"ROA":0.307519432897,"HOLDER_PROFIT_QOQ":-57.827907928704,"ROE_YEARLY":0.721109625832,"ROIC_YEARLY":0.643981293877,"TOTAL_ASSETS":302679305280,"TOTAL_LIABILITIES":41681180640,"TAX_EBT":40.683229813665,"OCF_SALES":25.614410013738,"TOTAL_PARENT_EQUITY":259289078400,"DEBT_ASSET_RATIO":13.7707401573,"OPERATE_PROFIT":1345497120,"PRETAX_PROFIT":1470638400,"NETCASH_OPERATE":1532752320,"NETCASH_INVEST":63940800,"NETCASH_FINANCE":-4951758240,"END_CASH":10264325280,"DIVI_RATIO":1.110736794214,"DIVIDEND_RATE":7.066666666667,"CURRENT_RATIO":1.689344040422,"COMMON_ACS":null,"CURRENTDEBT_DEBT":24.288312769828,"ISSUED_COMMON_SHARES":5791316400,"HK_COMMON_SHARES":5791316400,"PER_SHARES":200,"TOTAL_MARKET_CAP":86869746000,"HKSK_MARKET_CAP":86869746000,"PE_TTM":39.307577375566,"PB_TTM":0.309062513564,"REPORT_DATE_SQ":"2019-06-30 00:00:00","REPORT_TYPE_SQ":"2019年中报","OPERATE_INCOME_SQ":6606246600,"DPS_HKD":1.06,"OPERATE_INCOME_QOQ_SQ":3.442940264552,"NET_PROFIT_RATIO_SQ":120.1997336884,"HOLDER_PROFIT_SQ":7893189180,"HOLDER_PROFIT_QOQ_SQ":-39.752705374701,"ROE_AVG_SQ":3.182168790063,"PE_TTM_SQ":14.867292912041,"PB_TTM_SQ":0.304994954591,"ROA_SQ":2.683702630316,"START_DATE":"2020-01-01 00:00:00","FISCAL_YEAR":"12-31","CURRENCY":"HKD","IS_CNY_CODE":0,"DPS_HKD_LY":0.89,"ORG_TYPE":"一般企业","PREMIUM_INCOME":null,"PREMIUM_INCOME_YOY":null,"NET_INTEREST_INCOME":null,"NET_INTEREST_INCOME_YOY":null,"FEE_COMMISSION_INCOME":null,"FEE_COMMISSION_INCOME_YOY":null,"ACCOUNTS_RECE_TDAYS":2.892912342681,"INVENTORY_TDAYS":0.411409764125,"CURRENT_ASSETS_TDAYS":0.332892931551,"TOTAL_ASSETS_TDAYS":0.01957784067,"PREMIUM_EXPENSE":null,"LOAN_DEPOSIT":null,"LOAN_EQUITY":null,"LOAN_ASSETS":null,"DEPOSIT_EQUITY":null,"DEPOSIT_ASSETS":null,"EQUITY_MULTIPLIER":1.159699157599,"EQUITY_RATIO":0.160751779046}],"count":31},"success":true,"message":"ok","code":0}