{"version":"aa40fd8b87fe13d4ae21783c8b3f5191","result":{"pages":2,"data":[{"SECUCODE":"01977.HK","SECURITY_CODE":"01977","SECURITY_NAME_ABBR":"安乐工程","ORG_CODE":"10931392","STD_REPORT_DATE":"2024-06-30 00:00:00","REPORT_DATE":"2024-06-30 00:00:00","DATE_TYPE_CODE":"002","REPORT_TYPE":"2024年中报","PER_NETCASH_OPERATE":0.134379091714,"PER_OI":2.128749826029,"BPS":1.419717418257,"BASIC_EPS":0.0547608,"DILUTED_EPS":0.0547608,"OPERATE_INCOME":2980249756.44,"OPERATE_INCOME_YOY":14.9355785087,"GROSS_PROFIT":435985410.64,"GROSS_PROFIT_YOY":4.204377837412,"HOLDER_PROFIT":75213046.12,"HOLDER_PROFIT_YOY":-65.3043954193,"GROSS_PROFIT_RATIO":14.629156824789,"EPS_TTM":0.0600990618,"OPERATE_INCOME_QOQ":6.492750621252,"NET_PROFIT_RATIO":2.5197656753,"ROE_AVG":3.829287270428,"GROSS_PROFIT_QOQ":2.329474266338,"ROA":1.571978799298,"HOLDER_PROFIT_QOQ":-63.083195988598,"ROE_YEARLY":7.658574540855,"ROIC_YEARLY":3.912333887876,"TOTAL_ASSETS":4878636933.96,"TOTAL_LIABILITIES":2888629461.96,"TAX_EBT":21.985815602837,"OCF_SALES":6.312582628133,"TOTAL_PARENT_EQUITY":1987604385.56,"DEBT_ASSET_RATIO":59.2097649623,"OPERATE_PROFIT":103845643.08,"PRETAX_PROFIT":96258534.24,"NETCASH_OPERATE":188130728.4,"NETCASH_INVEST":-102402696,"NETCASH_FINANCE":142286812,"END_CASH":1047158834.6,"DIVI_RATIO":0.512220708244,"DIVIDEND_RATE":4.225,"CURRENT_RATIO":1.396613652085,"COMMON_ACS":100000000000,"CURRENTDEBT_DEBT":87.83347977897,"ISSUED_COMMON_SHARES":1400000000,"HK_COMMON_SHARES":1400000000,"PER_SHARES":2000,"TOTAL_MARKET_CAP":1120000000,"HKSK_MARKET_CAP":1120000000,"PE_TTM":11.619583147455,"PB_TTM":0.514288259488,"REPORT_DATE_SQ":"2023-06-30 00:00:00","REPORT_TYPE_SQ":"2023年中报","OPERATE_INCOME_SQ":2619395888.9,"DPS_HKD":0.0338,"OPERATE_INCOME_QOQ_SQ":0.609500958908,"NET_PROFIT_RATIO_SQ":8.3602746163,"HOLDER_PROFIT_SQ":218988689.6,"HOLDER_PROFIT_QOQ_SQ":164.546864272815,"ROE_AVG_SQ":11.08112073649,"PE_TTM_SQ":4.92313154867,"PB_TTM_SQ":0.648374006587,"ROA_SQ":4.977092112141,"START_DATE":"2024-01-01 00:00:00","FISCAL_YEAR":"12-31","CURRENCY":"HKD","IS_CNY_CODE":0,"DPS_HKD_LY":0.0338,"ORG_TYPE":"一般企业","PREMIUM_INCOME":null,"PREMIUM_INCOME_YOY":null,"NET_INTEREST_INCOME":null,"NET_INTEREST_INCOME_YOY":null,"FEE_COMMISSION_INCOME":null,"FEE_COMMISSION_INCOME_YOY":null,"ACCOUNTS_RECE_TDAYS":2.774930656116,"INVENTORY_TDAYS":32.499970853978,"CURRENT_ASSETS_TDAYS":0.858873855172,"TOTAL_ASSETS_TDAYS":0.622882555011,"PREMIUM_EXPENSE":null,"LOAN_DEPOSIT":null,"LOAN_EQUITY":null,"LOAN_ASSETS":null,"DEPOSIT_EQUITY":null,"DEPOSIT_ASSETS":null,"EQUITY_MULTIPLIER":2.451567143645,"EQUITY_RATIO":1.453322141441},{"SECUCODE":"01977.HK","SECURITY_CODE":"01977","SECURITY_NAME_ABBR":"安乐工程","ORG_CODE":"10931392","STD_REPORT_DATE":"2023-12-31 00:00:00","REPORT_DATE":"2023-12-31 00:00:00","DATE_TYPE_CODE":"001","REPORT_TYPE":"2023年年报","PER_NETCASH_OPERATE":0.1149300569,"PER_OI":3.9698546512,"BPS":1.3764031848,"BASIC_EPS":0.1631196,"DILUTED_EPS":0.1631196,"OPERATE_INCOME":5557796511.68,"OPERATE_INCOME_YOY":-5.2775980169,"GROSS_PROFIT":755144063.8,"GROSS_PROFIT_YOY":-16.427878498959,"HOLDER_PROFIT":227914330,"HOLDER_PROFIT_YOY":119.5394472669,"GROSS_PROFIT_RATIO":13.587112486271,"EPS_TTM":0.16279595,"OPERATE_INCOME_QOQ":-4.48653476138,"NET_PROFIT_RATIO":4.0992710842,"ROE_AVG":12.006830764795,"GROSS_PROFIT_QOQ":-18.859628598831,"ROA":5.054481888475,"HOLDER_PROFIT_QOQ":-15.809935480193,"ROE_YEARLY":12.006830764795,"ROIC_YEARLY":6.2358005367,"TOTAL_ASSETS":4657381757,"TOTAL_LIABILITIES":2727892569.36,"TAX_EBT":4.269683457785,"OCF_SALES":2.895069643551,"TOTAL_PARENT_EQUITY":1926964458.72,"DEBT_ASSET_RATIO":58.5713757576,"OPERATE_PROFIT":257777903.88,"PRETAX_PROFIT":237990590.18,"NETCASH_OPERATE":160902079.66,"NETCASH_INVEST":-37568256.32,"NETCASH_FINANCE":-184646856.1,"END_CASH":821419557.28,"DIVI_RATIO":0.189095514968,"DIVIDEND_RATE":3.840909090909,"CURRENT_RATIO":1.363086004676,"COMMON_ACS":100000000000,"CURRENTDEBT_DEBT":90.695963175722,"ISSUED_COMMON_SHARES":1400000000,"HK_COMMON_SHARES":1400000000,"PER_SHARES":2000,"TOTAL_MARKET_CAP":1232000000,"HKSK_MARKET_CAP":1232000000,"PE_TTM":12.7815414622,"PB_TTM":0.565717085437,"REPORT_DATE_SQ":"2022-12-31 00:00:00","REPORT_TYPE_SQ":"2022年年报","OPERATE_INCOME_SQ":5783610605.5,"DPS_HKD":0.0338,"OPERATE_INCOME_QOQ_SQ":15.277122060433,"NET_PROFIT_RATIO_SQ":1.7693311608,"HOLDER_PROFIT_SQ":102331224.66,"HOLDER_PROFIT_QOQ_SQ":-52.169622956164,"ROE_AVG_SQ":5.4647647465,"PE_TTM_SQ":4.92313154867,"PB_TTM_SQ":0.648374006587,"ROA_SQ":2.473888318059,"START_DATE":"2023-01-01 00:00:00","FISCAL_YEAR":"12-31","CURRENCY":"HKD","IS_CNY_CODE":0,"DPS_HKD_LY":0.1302,"ORG_TYPE":"一般企业","PREMIUM_INCOME":null,"PREMIUM_INCOME_YOY":null,"NET_INTEREST_INCOME":null,"NET_INTEREST_INCOME_YOY":null,"FEE_COMMISSION_INCOME":null,"FEE_COMMISSION_INCOME_YOY":null,"ACCOUNTS_RECE_TDAYS":5.51173062103,"INVENTORY_TDAYS":66.964708558143,"CURRENT_ASSETS_TDAYS":1.693905709105,"TOTAL_ASSETS_TDAYS":1.23255882191,"PREMIUM_EXPENSE":null,"LOAN_DEPOSIT":null,"LOAN_EQUITY":null,"LOAN_ASSETS":null,"DEPOSIT_EQUITY":null,"DEPOSIT_ASSETS":null,"EQUITY_MULTIPLIER":2.413790026309,"EQUITY_RATIO":1.41564238874},{"SECUCODE":"01977.HK","SECURITY_CODE":"01977","SECURITY_NAME_ABBR":"安乐工程","ORG_CODE":"10931392","STD_REPORT_DATE":"2023-06-30 00:00:00","REPORT_DATE":"2023-06-30 00:00:00","DATE_TYPE_CODE":"002","REPORT_TYPE":"2023年中报","PER_NETCASH_OPERATE":-0.050253178457,"PER_OI":1.8709970635,"BPS":1.464647549643,"BASIC_EPS":0.1567366,"DILUTED_EPS":0.1567366,"OPERATE_INCOME":2619395888.9,"OPERATE_INCOME_YOY":-5.9788795785,"GROSS_PROFIT":418394524,"GROSS_PROFIT_YOY":6.920293046894,"HOLDER_PROFIT":218988689.6,"HOLDER_PROFIT_YOY":301.3857203211,"GROSS_PROFIT_RATIO":15.972939629821,"EPS_TTM":0.193367175721,"OPERATE_INCOME_QOQ":0.609500958908,"NET_PROFIT_RATIO":8.3602746163,"ROE_AVG":11.08112073649,"GROSS_PROFIT_QOQ":2.996966932589,"ROA":4.977092112141,"HOLDER_PROFIT_QOQ":164.546864272815,"ROE_YEARLY":22.162241472979,"ROIC_YEARLY":12.285471700407,"TOTAL_ASSETS":4363099783.7,"TOTAL_LIABILITIES":2312593214.2,"TAX_EBT":11.194861326095,"OCF_SALES":-2.685903651988,"TOTAL_PARENT_EQUITY":2050506569.5,"DEBT_ASSET_RATIO":53.0034454596,"OPERATE_PROFIT":258686382.46,"PRETAX_PROFIT":246594614.76,"NETCASH_OPERATE":-70354449.84,"NETCASH_INVEST":35402188.04,"NETCASH_FINANCE":-89472627.12,"END_CASH":769981455.22,"DIVI_RATIO":0.159199636056,"DIVIDEND_RATE":3.634408602151,"CURRENT_RATIO":1.534839406084,"COMMON_ACS":100000000000,"CURRENTDEBT_DEBT":88.604945999067,"ISSUED_COMMON_SHARES":1400000000,"HK_COMMON_SHARES":1400000000,"PER_SHARES":2000,"TOTAL_MARKET_CAP":1302000000,"HKSK_MARKET_CAP":1302000000,"PE_TTM":13.507765408916,"PB_TTM":0.597860101655,"REPORT_DATE_SQ":"2022-06-30 00:00:00","REPORT_TYPE_SQ":"2022年中报","OPERATE_INCOME_SQ":2584144726.8,"DPS_HKD":0.0338,"OPERATE_INCOME_QOQ_SQ":14.683994659431,"NET_PROFIT_RATIO_SQ":1.9583217505,"HOLDER_PROFIT_SQ":50605868.25,"HOLDER_PROFIT_QOQ_SQ":-16.743052277666,"ROE_AVG_SQ":2.805052080111,"PE_TTM_SQ":4.970928942346,"PB_TTM_SQ":0.654668899855,"ROA_SQ":1.305571453093,"START_DATE":"2023-01-01 00:00:00","FISCAL_YEAR":"12-31","CURRENCY":"HKD","IS_CNY_CODE":0,"DPS_HKD_LY":0.1302,"ORG_TYPE":"一般企业","PREMIUM_INCOME":null,"PREMIUM_INCOME_YOY":null,"NET_INTEREST_INCOME":null,"NET_INTEREST_INCOME_YOY":null,"FEE_COMMISSION_INCOME":null,"FEE_COMMISSION_INCOME_YOY":null,"ACCOUNTS_RECE_TDAYS":2.772381718638,"INVENTORY_TDAYS":29.938549132477,"CURRENT_ASSETS_TDAYS":0.81981891904,"TOTAL_ASSETS_TDAYS":0.595326390647,"PREMIUM_EXPENSE":null,"LOAN_DEPOSIT":null,"LOAN_EQUITY":null,"LOAN_ASSETS":null,"DEPOSIT_EQUITY":null,"DEPOSIT_ASSETS":null,"EQUITY_MULTIPLIER":2.127815559629,"EQUITY_RATIO":1.127815559627},{"SECUCODE":"01977.HK","SECURITY_CODE":"01977","SECURITY_NAME_ABBR":"安乐工程","ORG_CODE":"10931392","STD_REPORT_DATE":"2022-12-31 00:00:00","REPORT_DATE":"2022-12-31 00:00:00","DATE_TYPE_CODE":"001","REPORT_TYPE":"2022年年报","PER_NETCASH_OPERATE":0.2818573114,"PER_OI":4.1311504325,"BPS":1.3162371733,"BASIC_EPS":0.0714616,"DILUTED_EPS":0.0714616,"OPERATE_INCOME":5783610605.5,"OPERATE_INCOME_YOY":21.0052105137,"GROSS_PROFIT":903583695.42,"GROSS_PROFIT_YOY":25.819808461501,"HOLDER_PROFIT":102331224.66,"HOLDER_PROFIT_YOY":-63.55126806,"GROSS_PROFIT_RATIO":15.623176542361,"EPS_TTM":0.0730937319,"OPERATE_INCOME_QOQ":15.277122060433,"NET_PROFIT_RATIO":1.7693311608,"ROE_AVG":5.4647647465,"GROSS_PROFIT_QOQ":7.483064594245,"ROA":2.473888318059,"HOLDER_PROFIT_QOQ":-52.169622956164,"ROE_YEARLY":5.4647647465,"ROIC_YEARLY":3.061572188595,"TOTAL_ASSETS":4298606399.78,"TOTAL_LIABILITIES":2455874357.16,"TAX_EBT":35.080272694816,"OCF_SALES":6.822731730673,"TOTAL_PARENT_EQUITY":1842732042.62,"DEBT_ASSET_RATIO":57.1318731877,"OPERATE_PROFIT":286272489.79,"PRETAX_PROFIT":157627317.47,"NETCASH_OPERATE":394600235.96,"NETCASH_INVEST":-909348.86,"NETCASH_FINANCE":-219282599.41,"END_CASH":871856531.56,"DIVI_RATIO":0.421157645119,"DIVIDEND_RATE":3.840909090909,"CURRENT_RATIO":1.458405325471,"COMMON_ACS":100000000000,"CURRENTDEBT_DEBT":87.784198787477,"ISSUED_COMMON_SHARES":1400000000,"HK_COMMON_SHARES":1400000000,"PER_SHARES":2000,"TOTAL_MARKET_CAP":1232000000,"HKSK_MARKET_CAP":1232000000,"PE_TTM":12.7815414622,"PB_TTM":0.565717085437,"REPORT_DATE_SQ":"2021-12-31 00:00:00","REPORT_TYPE_SQ":"2021年年报","OPERATE_INCOME_SQ":4374748672,"DPS_HKD":0.0338,"OPERATE_INCOME_QOQ_SQ":8.674247867363,"NET_PROFIT_RATIO_SQ":5.8739571497,"HOLDER_PROFIT_SQ":256970862.4,"HOLDER_PROFIT_QOQ_SQ":2.939786779058,"ROE_AVG_SQ":15.319212610438,"PE_TTM_SQ":4.92313154867,"PB_TTM_SQ":0.648374006587,"ROA_SQ":7.55627707319,"START_DATE":"2022-01-01 00:00:00","FISCAL_YEAR":"12-31","CURRENCY":"HKD","IS_CNY_CODE":0,"DPS_HKD_LY":0.1152,"ORG_TYPE":"一般企业","PREMIUM_INCOME":null,"PREMIUM_INCOME_YOY":null,"NET_INTEREST_INCOME":null,"NET_INTEREST_INCOME_YOY":null,"FEE_COMMISSION_INCOME":null,"FEE_COMMISSION_INCOME_YOY":null,"ACCOUNTS_RECE_TDAYS":6.126200883072,"INVENTORY_TDAYS":70.546736484611,"CURRENT_ASSETS_TDAYS":1.965518837746,"TOTAL_ASSETS_TDAYS":1.398205363093,"PREMIUM_EXPENSE":null,"LOAN_DEPOSIT":null,"LOAN_EQUITY":null,"LOAN_ASSETS":null,"DEPOSIT_EQUITY":null,"DEPOSIT_ASSETS":null,"EQUITY_MULTIPLIER":2.332735471224,"EQUITY_RATIO":1.332735471224},{"SECUCODE":"01977.HK","SECURITY_CODE":"01977","SECURITY_NAME_ABBR":"安乐工程","ORG_CODE":"10931392","STD_REPORT_DATE":"2022-06-30 00:00:00","REPORT_DATE":"2022-06-30 00:00:00","DATE_TYPE_CODE":"002","REPORT_TYPE":"2022年中报","PER_NETCASH_OPERATE":0.24376274675,"PER_OI":1.845817662,"BPS":1.2763551929,"BASIC_EPS":0.0342076,"DILUTED_EPS":0.0342076,"OPERATE_INCOME":2584144726.8,"OPERATE_INCOME_YOY":29.4864883627,"GROSS_PROFIT":391314419.44,"GROSS_PROFIT_YOY":45.580471637817,"HOLDER_PROFIT":50605868.25,"HOLDER_PROFIT_YOY":-47.4121536356,"GROSS_PROFIT_RATIO":15.142898746409,"EPS_TTM":0.152818640407,"OPERATE_INCOME_QOQ":14.683994659431,"NET_PROFIT_RATIO":1.9583217505,"ROE_AVG":2.805052080111,"GROSS_PROFIT_QOQ":17.060123784597,"ROA":1.305571453093,"HOLDER_PROFIT_QOQ":-16.743052277666,"ROE_YEARLY":5.610104160223,"ROIC_YEARLY":3.292276544553,"TOTAL_ASSETS":3947418499.22,"TOTAL_LIABILITIES":2160521229.16,"TAX_EBT":26.938130455718,"OCF_SALES":13.206220298373,"TOTAL_PARENT_EQUITY":1786897270.06,"DEBT_ASSET_RATIO":54.7325101098,"OPERATE_PROFIT":59829947.59,"PRETAX_PROFIT":69264403.67,"NETCASH_OPERATE":341267845.45,"NETCASH_INVEST":33758625.25,"NETCASH_FINANCE":-135517683.35,"END_CASH":918220923.76,"DIVI_RATIO":0.20144128961,"DIVIDEND_RATE":3.634408602151,"CURRENT_RATIO":1.498877748011,"COMMON_ACS":100000000000,"CURRENTDEBT_DEBT":86.730574058212,"ISSUED_COMMON_SHARES":1400000000,"HK_COMMON_SHARES":1400000000,"PER_SHARES":2000,"TOTAL_MARKET_CAP":1302000000,"HKSK_MARKET_CAP":1302000000,"PE_TTM":13.507765408916,"PB_TTM":0.597860101655,"REPORT_DATE_SQ":"2021-06-30 00:00:00","REPORT_TYPE_SQ":"2021年中报","OPERATE_INCOME_SQ":1941756865.44,"DPS_HKD":0.0338,"OPERATE_INCOME_QOQ_SQ":-6.676527609831,"NET_PROFIT_RATIO_SQ":4.8219545787,"HOLDER_PROFIT_SQ":93630634.08,"HOLDER_PROFIT_QOQ_SQ":-1.575536955049,"ROE_AVG_SQ":5.673444908831,"PE_TTM_SQ":4.970928942346,"PB_TTM_SQ":0.654668899855,"ROA_SQ":2.878098612335,"START_DATE":"2022-01-01 00:00:00","FISCAL_YEAR":"12-31","CURRENCY":"HKD","IS_CNY_CODE":0,"DPS_HKD_LY":0.1152,"ORG_TYPE":"一般企业","PREMIUM_INCOME":null,"PREMIUM_INCOME_YOY":null,"NET_INTEREST_INCOME":null,"NET_INTEREST_INCOME_YOY":null,"FEE_COMMISSION_INCOME":null,"FEE_COMMISSION_INCOME_YOY":null,"ACCOUNTS_RECE_TDAYS":3.258040326028,"INVENTORY_TDAYS":30.014737298006,"CURRENT_ASSETS_TDAYS":0.951322679862,"TOTAL_ASSETS_TDAYS":0.666678727713,"PREMIUM_EXPENSE":null,"LOAN_DEPOSIT":null,"LOAN_EQUITY":null,"LOAN_ASSETS":null,"DEPOSIT_EQUITY":null,"DEPOSIT_ASSETS":null,"EQUITY_MULTIPLIER":2.209090900391,"EQUITY_RATIO":1.209090900389},{"SECUCODE":"01977.HK","SECURITY_CODE":"01977","SECURITY_NAME_ABBR":"安乐工程","ORG_CODE":"10931392","STD_REPORT_DATE":"2021-12-31 00:00:00","REPORT_DATE":"2021-12-31 00:00:00","DATE_TYPE_CODE":"001","REPORT_TYPE":"2021年年报","PER_NETCASH_OPERATE":0.132423168,"PER_OI":3.12482048,"BPS":1.243744216,"BASIC_EPS":0.179872,"DILUTED_EPS":0.179872,"OPERATE_INCOME":4374748672,"OPERATE_INCOME_YOY":4.4006055591,"GROSS_PROFIT":718156947.2,"GROSS_PROFIT_YOY":-6.143029601401,"HOLDER_PROFIT":256970862.4,"HOLDER_PROFIT_YOY":4.2969968475,"GROSS_PROFIT_RATIO":16.415958973746,"EPS_TTM":0.183550616,"OPERATE_INCOME_QOQ":8.674247867363,"NET_PROFIT_RATIO":5.8739571497,"ROE_AVG":15.319212610438,"GROSS_PROFIT_QOQ":8.505290303467,"ROA":7.55627707319,"HOLDER_PROFIT_QOQ":2.939786779058,"ROE_YEARLY":15.319212610438,"ROIC_YEARLY":9.820244891379,"TOTAL_ASSETS":3637631580.8,"TOTAL_LIABILITIES":1896389678.4,"TAX_EBT":17.042173222195,"OCF_SALES":4.237784821482,"TOTAL_PARENT_EQUITY":1741241902.4,"DEBT_ASSET_RATIO":52.1325383365,"OPERATE_PROFIT":253112608,"PRETAX_PROFIT":309760841.6,"NETCASH_OPERATE":185392435.2,"NETCASH_INVEST":-513053811.2,"NETCASH_FINANCE":66604966.4,"END_CASH":655500988.8,"DIVI_RATIO":0.167713869181,"DIVIDEND_RATE":3.634408602151,"CURRENT_RATIO":1.555940767019,"COMMON_ACS":100000000000,"CURRENTDEBT_DEBT":85.023145483494,"ISSUED_COMMON_SHARES":1400000000,"HK_COMMON_SHARES":1400000000,"PER_SHARES":2000,"TOTAL_MARKET_CAP":1302000000,"HKSK_MARKET_CAP":1302000000,"PE_TTM":13.507765408916,"PB_TTM":0.597860101655,"REPORT_DATE_SQ":"2020-12-31 00:00:00","REPORT_TYPE_SQ":"2020年年报","OPERATE_INCOME_SQ":4313557336.84,"DPS_HKD":0.0338,"OPERATE_INCOME_QOQ_SQ":-2.308150758305,"NET_PROFIT_RATIO_SQ":5.9292540107,"HOLDER_PROFIT_SQ":253628214,"HOLDER_PROFIT_QOQ_SQ":14.106907483935,"ROE_AVG_SQ":16.134662727457,"PE_TTM_SQ":4.970928942346,"PB_TTM_SQ":0.654668899855,"ROA_SQ":8.266807048307,"START_DATE":"2021-01-01 00:00:00","FISCAL_YEAR":"12-31","CURRENCY":"HKD","IS_CNY_CODE":0,"DPS_HKD_LY":0.1102,"ORG_TYPE":"一般企业","PREMIUM_INCOME":null,"PREMIUM_INCOME_YOY":null,"NET_INTEREST_INCOME":null,"NET_INTEREST_INCOME_YOY":null,"FEE_COMMISSION_INCOME":null,"FEE_COMMISSION_INCOME_YOY":null,"ACCOUNTS_RECE_TDAYS":5.764268820094,"INVENTORY_TDAYS":54.149237828872,"CURRENT_ASSETS_TDAYS":1.721465719291,"TOTAL_ASSETS_TDAYS":1.286403165809,"PREMIUM_EXPENSE":null,"LOAN_DEPOSIT":null,"LOAN_EQUITY":null,"LOAN_ASSETS":null,"DEPOSIT_EQUITY":null,"DEPOSIT_ASSETS":null,"EQUITY_MULTIPLIER":2.08910179326,"EQUITY_RATIO":1.089101793258},{"SECUCODE":"01977.HK","SECURITY_CODE":"01977","SECURITY_NAME_ABBR":"安乐工程","ORG_CODE":"10931392","STD_REPORT_DATE":"2021-06-30 00:00:00","REPORT_DATE":"2021-06-30 00:00:00","DATE_TYPE_CODE":"002","REPORT_TYPE":"2021年中报","PER_NETCASH_OPERATE":0.094099332857,"PER_OI":1.3869691896,"BPS":1.184601984514,"BASIC_EPS":0.0665664,"DILUTED_EPS":0.0665664,"OPERATE_INCOME":1941756865.44,"OPERATE_INCOME_YOY":-4.4010569222,"GROSS_PROFIT":268795955.28,"GROSS_PROFIT_YOY":-27.761167491115,"HOLDER_PROFIT":93630634.08,"HOLDER_PROFIT_YOY":5.2845300249,"GROSS_PROFIT_RATIO":13.84292544881,"EPS_TTM":0.178308719829,"OPERATE_INCOME_QOQ":-6.676527609831,"NET_PROFIT_RATIO":4.8219545787,"ROE_AVG":5.673444908831,"GROSS_PROFIT_QOQ":-13.500097427415,"ROA":2.878098612335,"HOLDER_PROFIT_QOQ":-1.575536955049,"ROE_YEARLY":11.346889817662,"ROIC_YEARLY":8.262118093823,"TOTAL_ASSETS":3286500491.28,"TOTAL_LIABILITIES":1628057712.96,"TAX_EBT":17.961841021267,"OCF_SALES":6.784529430267,"TOTAL_PARENT_EQUITY":1658442778.32,"DEBT_ASSET_RATIO":49.5377291827,"OPERATE_PROFIT":65329097.04,"PRETAX_PROFIT":114130589.04,"NETCASH_OPERATE":131739066,"NETCASH_INVEST":75567841.44,"NETCASH_FINANCE":-92442423.84,"END_CASH":1044725532.72,"DIVI_RATIO":0.172644299334,"DIVIDEND_RATE":3.634408602151,"CURRENT_RATIO":1.735309561994,"COMMON_ACS":100000000000,"CURRENTDEBT_DEBT":93.436818337003,"ISSUED_COMMON_SHARES":1400000000,"HK_COMMON_SHARES":1400000000,"PER_SHARES":2000,"TOTAL_MARKET_CAP":1302000000,"HKSK_MARKET_CAP":1302000000,"PE_TTM":13.507765408916,"PB_TTM":0.597860101655,"REPORT_DATE_SQ":"2020-06-30 00:00:00","REPORT_TYPE_SQ":"2020年中报","OPERATE_INCOME_SQ":2229752712,"DPS_HKD":0.0338,"OPERATE_INCOME_QOQ_SQ":9.979731371572,"NET_PROFIT_RATIO_SQ":4.2924151492,"HOLDER_PROFIT_SQ":97626640.32,"HOLDER_PROFIT_QOQ_SQ":1.278301518654,"ROE_AVG_SQ":6.020018852339,"PE_TTM_SQ":4.970928942346,"PB_TTM_SQ":0.654668899855,"ROA_SQ":2.858698021636,"START_DATE":"2021-01-01 00:00:00","FISCAL_YEAR":"12-31","CURRENCY":"HKD","IS_CNY_CODE":0,"DPS_HKD_LY":0.1102,"ORG_TYPE":"一般企业","PREMIUM_INCOME":null,"PREMIUM_INCOME_YOY":null,"NET_INTEREST_INCOME":null,"NET_INTEREST_INCOME_YOY":null,"FEE_COMMISSION_INCOME":null,"FEE_COMMISSION_INCOME_YOY":null,"ACCOUNTS_RECE_TDAYS":3.18266350985,"INVENTORY_TDAYS":22.791523079713,"CURRENT_ASSETS_TDAYS":0.738425835465,"TOTAL_ASSETS_TDAYS":0.596873853822,"PREMIUM_EXPENSE":null,"LOAN_DEPOSIT":null,"LOAN_EQUITY":null,"LOAN_ASSETS":null,"DEPOSIT_EQUITY":null,"DEPOSIT_ASSETS":null,"EQUITY_MULTIPLIER":1.98167855668,"EQUITY_RATIO":0.981678556681},{"SECUCODE":"01977.HK","SECURITY_CODE":"01977","SECURITY_NAME_ABBR":"安乐工程","ORG_CODE":"10931392","STD_REPORT_DATE":"2020-12-31 00:00:00","REPORT_DATE":"2020-12-31 00:00:00","DATE_TYPE_CODE":"001","REPORT_TYPE":"2020年年报","PER_NETCASH_OPERATE":0.245034468429,"PER_OI":3.081112383457,"BPS":1.186491168914,"BASIC_EPS":0.1851608,"DILUTED_EPS":0.1851608,"OPERATE_INCOME":4313557336.84,"OPERATE_INCOME_YOY":14.3525830834,"GROSS_PROFIT":765161014.84,"GROSS_PROFIT_YOY":8.573566841325,"HOLDER_PROFIT":253628214,"HOLDER_PROFIT_YOY":22.9994979612,"GROSS_PROFIT_RATIO":17.738514990983,"EPS_TTM":0.18116301,"OPERATE_INCOME_QOQ":-2.308150758305,"NET_PROFIT_RATIO":5.9292540107,"ROE_AVG":16.134662727457,"GROSS_PROFIT_QOQ":1.22896994438,"ROA":8.266807048307,"HOLDER_PROFIT_QOQ":14.106907483935,"ROE_YEARLY":16.134662727457,"ROIC_YEARLY":10.98204880534,"TOTAL_ASSETS":3256917032.28,"TOTAL_LIABILITIES":1595829395.8,"TAX_EBT":11.287144320959,"OCF_SALES":7.952792301384,"TOTAL_PARENT_EQUITY":1661087636.48,"DEBT_ASSET_RATIO":48.9981593017,"OPERATE_PROFIT":268379638.28,"PRETAX_PROFIT":288302940.36,"NETCASH_OPERATE":343048255.8,"NETCASH_INVEST":120345261.96,"NETCASH_FINANCE":-112767977.04,"END_CASH":939358612.2,"DIVI_RATIO":0.169924224598,"DIVIDEND_RATE":3.634408602151,"CURRENT_RATIO":1.756917926949,"COMMON_ACS":100000000000,"CURRENTDEBT_DEBT":94.499168026919,"ISSUED_COMMON_SHARES":1400000000,"HK_COMMON_SHARES":1400000000,"PER_SHARES":2000,"TOTAL_MARKET_CAP":1302000000,"HKSK_MARKET_CAP":1302000000,"PE_TTM":13.507765408916,"PB_TTM":0.597860101655,"REPORT_DATE_SQ":"2019-12-31 00:00:00","REPORT_TYPE_SQ":"2019年年报","OPERATE_INCOME_SQ":4014806235.58,"DPS_HKD":0.0338,"OPERATE_INCOME_QOQ_SQ":-8.873029674623,"NET_PROFIT_RATIO_SQ":5.4664405429,"HOLDER_PROFIT_SQ":219466995.78,"HOLDER_PROFIT_QOQ_SQ":16.484592394454,"ROE_AVG_SQ":16.520461181963,"PE_TTM_SQ":4.970928942346,"PB_TTM_SQ":0.654668899855,"ROA_SQ":7.568947423216,"START_DATE":"2020-01-01 00:00:00","FISCAL_YEAR":"12-31","CURRENCY":"HKD","IS_CNY_CODE":0,"DPS_HKD_LY":0.0889,"ORG_TYPE":"一般企业","PREMIUM_INCOME":null,"PREMIUM_INCOME_YOY":null,"NET_INTEREST_INCOME":null,"NET_INTEREST_INCOME_YOY":null,"FEE_COMMISSION_INCOME":null,"FEE_COMMISSION_INCOME_YOY":null,"ACCOUNTS_RECE_TDAYS":5.898738635258,"INVENTORY_TDAYS":59.977807336382,"CURRENT_ASSETS_TDAYS":1.667042402044,"TOTAL_ASSETS_TDAYS":1.405969219003,"PREMIUM_EXPENSE":null,"LOAN_DEPOSIT":null,"LOAN_EQUITY":null,"LOAN_ASSETS":null,"DEPOSIT_EQUITY":null,"DEPOSIT_ASSETS":null,"EQUITY_MULTIPLIER":1.96071354741,"EQUITY_RATIO":0.960713547409},{"SECUCODE":"01977.HK","SECURITY_CODE":"01977","SECURITY_NAME_ABBR":"安乐工程","ORG_CODE":"10931392","STD_REPORT_DATE":"2020-06-30 00:00:00","REPORT_DATE":"2020-06-30 00:00:00","DATE_TYPE_CODE":"002","REPORT_TYPE":"2020年中报","PER_NETCASH_OPERATE":0.119986868571,"PER_OI":1.592680508571,"BPS":1.167212553257,"BASIC_EPS":0.0730752,"DILUTED_EPS":0.0730752,"OPERATE_INCOME":2229752712,"OPERATE_INCOME_YOY":17.397117313,"GROSS_PROFIT":372093437.76,"GROSS_PROFIT_YOY":15.930847319247,"HOLDER_PROFIT":97626640.32,"HOLDER_PROFIT_YOY":-0.8488491832,"GROSS_PROFIT_RATIO":16.687654902603,"EPS_TTM":0.158766032657,"OPERATE_INCOME_QOQ":9.979731371572,"NET_PROFIT_RATIO":4.2924151492,"ROE_AVG":6.020018852339,"GROSS_PROFIT_QOQ":7.255429844816,"ROA":2.858698021636,"HOLDER_PROFIT_QOQ":1.278301518654,"ROE_YEARLY":12.040037704678,"ROIC_YEARLY":7.504195649163,"TOTAL_ASSETS":3705383061.6,"TOTAL_LIABILITIES":1976190902.4,"TAX_EBT":14.747856085138,"OCF_SALES":7.533643309232,"TOTAL_PARENT_EQUITY":1634097574.56,"DEBT_ASSET_RATIO":53.332971775,"OPERATE_PROFIT":109649337.6,"PRETAX_PROFIT":112267256.64,"NETCASH_OPERATE":167981616,"NETCASH_INVEST":166609629.12,"NETCASH_FINANCE":-56560204.8,"END_CASH":904178631.84,"DIVI_RATIO":0.193895277754,"DIVIDEND_RATE":3.634408602151,"CURRENT_RATIO":1.78935730319,"COMMON_ACS":100000000000,"CURRENTDEBT_DEBT":87.145960637128,"ISSUED_COMMON_SHARES":1400000000,"HK_COMMON_SHARES":1400000000,"PER_SHARES":2000,"TOTAL_MARKET_CAP":1302000000,"HKSK_MARKET_CAP":1302000000,"PE_TTM":13.507765408916,"PB_TTM":0.597860101655,"REPORT_DATE_SQ":"2019-06-30 00:00:00","REPORT_TYPE_SQ":"2019年中报","OPERATE_INCOME_SQ":1829085834.6,"DPS_HKD":0.0338,"OPERATE_INCOME_QOQ_SQ":-15.719362503312,"NET_PROFIT_RATIO_SQ":5.1840754866,"HOLDER_PROFIT_SQ":94821190.38,"HOLDER_PROFIT_QOQ_SQ":-31.797811804791,"ROE_AVG_SQ":8.554884576954,"PE_TTM_SQ":4.970928942346,"PB_TTM_SQ":0.654668899855,"ROA_SQ":3.512678398949,"START_DATE":"2020-01-01 00:00:00","FISCAL_YEAR":"12-31","CURRENCY":"HKD","IS_CNY_CODE":0,"DPS_HKD_LY":0.0889,"ORG_TYPE":"一般企业","PREMIUM_INCOME":null,"PREMIUM_INCOME_YOY":null,"NET_INTEREST_INCOME":null,"NET_INTEREST_INCOME_YOY":null,"FEE_COMMISSION_INCOME":null,"FEE_COMMISSION_INCOME_YOY":null,"ACCOUNTS_RECE_TDAYS":2.542061349795,"INVENTORY_TDAYS":30.40995274837,"CURRENT_ASSETS_TDAYS":0.765892532826,"TOTAL_ASSETS_TDAYS":0.652914987716,"PREMIUM_EXPENSE":null,"LOAN_DEPOSIT":null,"LOAN_EQUITY":null,"LOAN_ASSETS":null,"DEPOSIT_EQUITY":null,"DEPOSIT_ASSETS":null,"EQUITY_MULTIPLIER":2.142840540817,"EQUITY_RATIO":1.209346940578}],"count":17},"success":true,"message":"ok","code":0}