{"version":"eefe23ae4520080871c32073edaa9b3b","result":{"pages":3,"data":[{"SECUCODE":"01978.HK","SECURITY_CODE":"01978","SECURITY_NAME_ABBR":"叙福楼集团","ORG_CODE":"10716478","STD_REPORT_DATE":"2024-06-30 00:00:00","REPORT_DATE":"2024-06-30 00:00:00","DATE_TYPE_CODE":"002","REPORT_TYPE":"2024年中报","PER_NETCASH_OPERATE":0.06846354935,"PER_OI":0.5962196185,"BPS":0.2719695132,"BASIC_EPS":-0.030300976,"DILUTED_EPS":-0.030300976,"OPERATE_INCOME":476975694.8,"OPERATE_INCOME_YOY":-20.8776867537,"GROSS_PROFIT":328868722.44,"GROSS_PROFIT_YOY":-22.332279652896,"HOLDER_PROFIT":-24217963.8,"HOLDER_PROFIT_YOY":-155.8044164038,"GROSS_PROFIT_RATIO":68.948738064714,"EPS_TTM":0.014685189375,"OPERATE_INCOME_QOQ":-11.408500659357,"NET_PROFIT_RATIO":-5.0773999732,"ROE_AVG":-9.904833715628,"GROSS_PROFIT_QOQ":-11.784722149753,"ROA":-3.656769433349,"HOLDER_PROFIT_QOQ":-85.279161224942,"ROE_YEARLY":-19.809667431257,"ROIC_YEARLY":-10.56870254091,"TOTAL_ASSETS":631236868.4,"TOTAL_LIABILITIES":413661257.84,"TAX_EBT":17.256540584365,"OCF_SALES":11.482941390329,"TOTAL_PARENT_EQUITY":217575610.56,"DEBT_ASSET_RATIO":65.5318595203,"OPERATE_PROFIT":-27436986.16,"PRETAX_PROFIT":-29268734.92,"NETCASH_OPERATE":54770839.48,"NETCASH_INVEST":26197566.72,"NETCASH_FINANCE":-89893503.92,"END_CASH":125838493.04,"DIVI_RATIO":2.505417605485,"DIVIDEND_RATE":8.547368421053,"CURRENT_RATIO":0.826128668348,"COMMON_ACS":4000000000,"CURRENTDEBT_DEBT":70.603303341732,"ISSUED_COMMON_SHARES":800000000,"HK_COMMON_SHARES":800000000,"PER_SHARES":2000,"TOTAL_MARKET_CAP":380000000,"HKSK_MARKET_CAP":380000000,"PE_TTM":27.181688125894,"PB_TTM":1.59401322192,"REPORT_DATE_SQ":"2023-06-30 00:00:00","REPORT_TYPE_SQ":"2023年中报","OPERATE_INCOME_SQ":608976087.82,"DPS_HKD":0.0406,"OPERATE_INCOME_QOQ_SQ":28.101903701943,"NET_PROFIT_RATIO_SQ":7.1989935035,"HOLDER_PROFIT_SQ":43840149,"HOLDER_PROFIT_QOQ_SQ":54.796531453395,"ROE_AVG_SQ":11.822564564132,"PE_TTM_SQ":6.212700583285,"PB_TTM_SQ":1.863800735391,"ROA_SQ":5.540417960742,"START_DATE":"2024-01-01 00:00:00","FISCAL_YEAR":"12-31","CURRENCY":"HKD","IS_CNY_CODE":0,"DPS_HKD_LY":0.0406,"ORG_TYPE":"一般企业","PREMIUM_INCOME":null,"PREMIUM_INCOME_YOY":null,"NET_INTEREST_INCOME":null,"NET_INTEREST_INCOME_YOY":null,"FEE_COMMISSION_INCOME":null,"FEE_COMMISSION_INCOME_YOY":null,"ACCOUNTS_RECE_TDAYS":63.277636517738,"INVENTORY_TDAYS":8.17413424002,"CURRENT_ASSETS_TDAYS":1.772860421292,"TOTAL_ASSETS_TDAYS":0.720205115343,"PREMIUM_EXPENSE":null,"LOAN_DEPOSIT":null,"LOAN_EQUITY":null,"LOAN_ASSETS":null,"DEPOSIT_EQUITY":null,"DEPOSIT_ASSETS":null,"EQUITY_MULTIPLIER":2.901229907047,"EQUITY_RATIO":1.901229907044},{"SECUCODE":"01978.HK","SECURITY_CODE":"01978","SECURITY_NAME_ABBR":"叙福楼集团","ORG_CODE":"10716478","STD_REPORT_DATE":"2023-12-31 00:00:00","REPORT_DATE":"2023-12-31 00:00:00","DATE_TYPE_CODE":"001","REPORT_TYPE":"2023年年报","PER_NETCASH_OPERATE":0.285485353825,"PER_OI":1.446294269525,"BPS":0.336895214425,"BASIC_EPS":0.099774822,"DILUTED_EPS":0.099774822,"OPERATE_INCOME":1157035415.62,"OPERATE_INCOME_YOY":20.0921969339,"GROSS_PROFIT":802408874.12,"GROSS_PROFIT_YOY":23.332862832273,"HOLDER_PROFIT":79806264.3,"HOLDER_PROFIT_YOY":13.3324753877,"GROSS_PROFIT_RATIO":69.350416010389,"EPS_TTM":0.099757830375,"OPERATE_INCOME_QOQ":-4.893521803062,"NET_PROFIT_RATIO":6.8974780912,"ROE_AVG":24.915512463415,"GROSS_PROFIT_QOQ":-4.755361165608,"ROA":10.965339615488,"HOLDER_PROFIT_QOQ":-25.7247634677,"ROE_YEARLY":24.915512463415,"ROIC_YEARLY":17.410894338519,"TOTAL_ASSETS":688410929.22,"TOTAL_LIABILITIES":418894757.68,"TAX_EBT":15.680473372781,"OCF_SALES":19.739091818345,"TOTAL_PARENT_EQUITY":269516171.54,"DEBT_ASSET_RATIO":60.8495216882,"OPERATE_PROFIT":94681865.6,"PRETAX_PROFIT":94647429.24,"NETCASH_OPERATE":228388283.06,"NETCASH_INVEST":26303941.72,"NETCASH_FINANCE":-298920291.88,"END_CASH":133809726.54,"DIVI_RATIO":0.368818486345,"DIVIDEND_RATE":8.20202020202,"CURRENT_RATIO":1.107163770563,"COMMON_ACS":4000000000,"CURRENTDEBT_DEBT":63.54392918026,"ISSUED_COMMON_SHARES":800000000,"HK_COMMON_SHARES":800000000,"PER_SHARES":2000,"TOTAL_MARKET_CAP":396000000,"HKSK_MARKET_CAP":396000000,"PE_TTM":28.326180257511,"PB_TTM":1.661129568106,"REPORT_DATE_SQ":"2022-12-31 00:00:00","REPORT_TYPE_SQ":"2022年年报","OPERATE_INCOME_SQ":949688039.93,"DPS_HKD":0.0406,"OPERATE_INCOME_QOQ_SQ":17.146842874206,"NET_PROFIT_RATIO_SQ":7.3088785403,"HOLDER_PROFIT_SQ":69411545.35,"HOLDER_PROFIT_QOQ_SQ":19.431478580055,"ROE_AVG_SQ":19.67965009453,"PE_TTM_SQ":6.010112520786,"PB_TTM_SQ":1.803024624454,"ROA_SQ":9.531718524506,"START_DATE":"2023-01-01 00:00:00","FISCAL_YEAR":"12-31","CURRENCY":"HKD","IS_CNY_CODE":0,"DPS_HKD_LY":0.2027,"ORG_TYPE":"一般企业","PREMIUM_INCOME":null,"PREMIUM_INCOME_YOY":null,"NET_INTEREST_INCOME":null,"NET_INTEREST_INCOME_YOY":null,"FEE_COMMISSION_INCOME":null,"FEE_COMMISSION_INCOME_YOY":null,"ACCOUNTS_RECE_TDAYS":136.465476699444,"INVENTORY_TDAYS":13.61390874776,"CURRENT_ASSETS_TDAYS":3.389384571685,"TOTAL_ASSETS_TDAYS":1.589760702459,"PREMIUM_EXPENSE":null,"LOAN_DEPOSIT":null,"LOAN_EQUITY":null,"LOAN_ASSETS":null,"DEPOSIT_EQUITY":null,"DEPOSIT_ASSETS":null,"EQUITY_MULTIPLIER":2.554247210049,"EQUITY_RATIO":1.554247210052},{"SECUCODE":"01978.HK","SECURITY_CODE":"01978","SECURITY_NAME_ABBR":"叙福楼集团","ORG_CODE":"10716478","STD_REPORT_DATE":"2023-06-30 00:00:00","REPORT_DATE":"2023-06-30 00:00:00","DATE_TYPE_CODE":"002","REPORT_TYPE":"2023年中报","PER_NETCASH_OPERATE":0.177565280675,"PER_OI":0.761220109775,"BPS":0.4551031577,"BASIC_EPS":0.054765612,"DILUTED_EPS":0.054765612,"OPERATE_INCOME":608976087.82,"OPERATE_INCOME_YOY":65.117755729,"GROSS_PROFIT":423430378.76,"GROSS_PROFIT_YOY":82.857357112242,"HOLDER_PROFIT":43840149,"HOLDER_PROFIT_YOY":600.5008839128,"GROSS_PROFIT_RATIO":69.531527957984,"EPS_TTM":0.134308330788,"OPERATE_INCOME_QOQ":28.101903701943,"NET_PROFIT_RATIO":7.1989935035,"ROE_AVG":11.822564564132,"GROSS_PROFIT_QOQ":29.490608964059,"ROA":5.540417960742,"HOLDER_PROFIT_QOQ":54.796531453395,"ROE_YEARLY":23.645129128263,"ROIC_YEARLY":18.747301748763,"TOTAL_ASSETS":802016572.3,"TOTAL_LIABILITIES":437934046.14,"TAX_EBT":15.401996192645,"OCF_SALES":23.326404333628,"TOTAL_PARENT_EQUITY":364082526.16,"DEBT_ASSET_RATIO":54.604114337,"OPERATE_PROFIT":49927982.94,"PRETAX_PROFIT":51821729.86,"NETCASH_OPERATE":142052224.54,"NETCASH_INVEST":-73141595.38,"NETCASH_FINANCE":-114015734.72,"END_CASH":136028929.2,"DIVI_RATIO":0.273940803108,"DIVIDEND_RATE":8.20202020202,"CURRENT_RATIO":1.356418295234,"COMMON_ACS":4000000000,"CURRENTDEBT_DEBT":65.0026421442,"ISSUED_COMMON_SHARES":800000000,"HK_COMMON_SHARES":800000000,"PER_SHARES":2000,"TOTAL_MARKET_CAP":396000000,"HKSK_MARKET_CAP":396000000,"PE_TTM":28.326180257511,"PB_TTM":1.661129568106,"REPORT_DATE_SQ":"2022-06-30 00:00:00","REPORT_TYPE_SQ":"2022年中报","OPERATE_INCOME_SQ":342095669.37,"DPS_HKD":0.0406,"OPERATE_INCOME_QOQ_SQ":-0.639399951622,"NET_PROFIT_RATIO_SQ":1.6153097478,"HOLDER_PROFIT_SQ":5805029.72,"HOLDER_PROFIT_QOQ_SQ":-21.084387893276,"ROE_AVG_SQ":1.888750692143,"PE_TTM_SQ":6.010112520786,"PB_TTM_SQ":1.803024624454,"ROA_SQ":0.868746128525,"START_DATE":"2023-01-01 00:00:00","FISCAL_YEAR":"12-31","CURRENCY":"HKD","IS_CNY_CODE":0,"DPS_HKD_LY":0.2027,"ORG_TYPE":"一般企业","PREMIUM_INCOME":null,"PREMIUM_INCOME_YOY":null,"NET_INTEREST_INCOME":null,"NET_INTEREST_INCOME_YOY":null,"FEE_COMMISSION_INCOME":null,"FEE_COMMISSION_INCOME_YOY":null,"ACCOUNTS_RECE_TDAYS":89.306246619794,"INVENTORY_TDAYS":6.755862161572,"CURRENT_ASSETS_TDAYS":1.559654495782,"TOTAL_ASSETS_TDAYS":0.76961007925,"PREMIUM_EXPENSE":null,"LOAN_DEPOSIT":null,"LOAN_EQUITY":null,"LOAN_ASSETS":null,"DEPOSIT_EQUITY":null,"DEPOSIT_ASSETS":null,"EQUITY_MULTIPLIER":2.202842802591,"EQUITY_RATIO":1.202842802589},{"SECUCODE":"01978.HK","SECURITY_CODE":"01978","SECURITY_NAME_ABBR":"叙福楼集团","ORG_CODE":"10716478","STD_REPORT_DATE":"2022-12-31 00:00:00","REPORT_DATE":"2022-12-31 00:00:00","DATE_TYPE_CODE":"001","REPORT_TYPE":"2022年年报","PER_NETCASH_OPERATE":0.231619328063,"PER_OI":1.187110049913,"BPS":0.457244814425,"BASIC_EPS":0.086736517,"DILUTED_EPS":0.086736517,"OPERATE_INCOME":949688039.93,"OPERATE_INCOME_YOY":6.5376047555,"GROSS_PROFIT":650604271.8,"GROSS_PROFIT_YOY":16.37753683298,"HOLDER_PROFIT":69411545.35,"HOLDER_PROFIT_YOY":-13.733957991,"GROSS_PROFIT_RATIO":68.507156502461,"EPS_TTM":0.086764431688,"OPERATE_INCOME_QOQ":17.146842874206,"NET_PROFIT_RATIO":7.3088785403,"ROE_AVG":19.67965009453,"GROSS_PROFIT_QOQ":17.320018885561,"ROA":9.531718524506,"HOLDER_PROFIT_QOQ":19.431478580055,"ROE_YEARLY":19.67965009453,"ROIC_YEARLY":16.135144423092,"TOTAL_ASSETS":756235235.84,"TOTAL_LIABILITIES":390439384.3,"TAX_EBT":7.976077688299,"OCF_SALES":19.511192587374,"TOTAL_PARENT_EQUITY":365795851.54,"DEBT_ASSET_RATIO":51.6293562897,"OPERATE_PROFIT":80297826.84,"PRETAX_PROFIT":75427718.8,"NETCASH_OPERATE":185295462.45,"NETCASH_INVEST":-86213060.78,"NETCASH_FINANCE":-139712787.62,"END_CASH":175493610.74,"DIVI_RATIO":0.424050861446,"DIVIDEND_RATE":8.20202020202,"CURRENT_RATIO":1.486431881693,"COMMON_ACS":4000000000,"CURRENTDEBT_DEBT":65.905191150564,"ISSUED_COMMON_SHARES":800000000,"HK_COMMON_SHARES":800000000,"PER_SHARES":2000,"TOTAL_MARKET_CAP":396000000,"HKSK_MARKET_CAP":396000000,"PE_TTM":28.326180257511,"PB_TTM":1.661129568106,"REPORT_DATE_SQ":"2021-12-31 00:00:00","REPORT_TYPE_SQ":"2021年年报","OPERATE_INCOME_SQ":815898574.4,"DPS_HKD":0.0406,"OPERATE_INCOME_QOQ_SQ":23.932766872643,"NET_PROFIT_RATIO_SQ":9.0263839049,"HOLDER_PROFIT_SQ":73646137.6,"HOLDER_PROFIT_QOQ_SQ":-37.206488673405,"ROE_AVG_SQ":22.6663881892,"PE_TTM_SQ":6.010112520786,"PB_TTM_SQ":1.803024624454,"ROA_SQ":11.764214199703,"START_DATE":"2022-01-01 00:00:00","FISCAL_YEAR":"12-31","CURRENCY":"HKD","IS_CNY_CODE":0,"DPS_HKD_LY":0.0605,"ORG_TYPE":"一般企业","PREMIUM_INCOME":null,"PREMIUM_INCOME_YOY":null,"NET_INTEREST_INCOME":null,"NET_INTEREST_INCOME_YOY":null,"FEE_COMMISSION_INCOME":null,"FEE_COMMISSION_INCOME_YOY":null,"ACCOUNTS_RECE_TDAYS":142.744226638024,"INVENTORY_TDAYS":7.676957822693,"CURRENT_ASSETS_TDAYS":2.51960877252,"TOTAL_ASSETS_TDAYS":1.304128734933,"PREMIUM_EXPENSE":null,"LOAN_DEPOSIT":null,"LOAN_EQUITY":null,"LOAN_ASSETS":null,"DEPOSIT_EQUITY":null,"DEPOSIT_ASSETS":null,"EQUITY_MULTIPLIER":2.067369634337,"EQUITY_RATIO":1.067369634336},{"SECUCODE":"01978.HK","SECURITY_CODE":"01978","SECURITY_NAME_ABBR":"叙福楼集团","ORG_CODE":"10716478","STD_REPORT_DATE":"2022-06-30 00:00:00","REPORT_DATE":"2022-06-30 00:00:00","DATE_TYPE_CODE":"002","REPORT_TYPE":"2022年中报","PER_NETCASH_OPERATE":0.053631102875,"PER_OI":0.427619586713,"BPS":0.361943132688,"BASIC_EPS":0.007269115,"DILUTED_EPS":0.007269115,"OPERATE_INCOME":342095669.37,"OPERATE_INCOME_YOY":-4.0945295205,"GROSS_PROFIT":231563217.06,"GROSS_PROFIT_YOY":-8.593795791036,"HOLDER_PROFIT":5805029.72,"HOLDER_PROFIT_YOY":-73.5236757937,"GROSS_PROFIT_RATIO":69.243198351375,"EPS_TTM":0.07264787535,"OPERATE_INCOME_QOQ":-0.639399951622,"NET_PROFIT_RATIO":1.6153097478,"ROE_AVG":1.888750692143,"GROSS_PROFIT_QOQ":-0.803342909023,"ROA":0.868746128525,"HOLDER_PROFIT_QOQ":-21.084387893276,"ROE_YEARLY":3.777501384286,"ROIC_YEARLY":2.837430845983,"TOTAL_ASSETS":666067297.07,"TOTAL_LIABILITIES":376512790.92,"TAX_EBT":-629.89247311828,"OCF_SALES":11.938728645572,"TOTAL_PARENT_EQUITY":289554506.15,"DEBT_ASSET_RATIO":56.5277401512,"OPERATE_PROFIT":3151375.15,"PRETAX_PROFIT":795326.7,"NETCASH_OPERATE":42904882.3,"NETCASH_INVEST":-17818738.84,"NETCASH_FINANCE":-59948819,"END_CASH":172047979.39,"DIVI_RATIO":0.506450213757,"DIVIDEND_RATE":8.20202020202,"CURRENT_RATIO":1.231120835108,"COMMON_ACS":4000000000,"CURRENTDEBT_DEBT":69.866762971645,"ISSUED_COMMON_SHARES":800000000,"HK_COMMON_SHARES":800000000,"PER_SHARES":2000,"TOTAL_MARKET_CAP":396000000,"HKSK_MARKET_CAP":396000000,"PE_TTM":28.326180257511,"PB_TTM":1.661129568106,"REPORT_DATE_SQ":"2021-06-30 00:00:00","REPORT_TYPE_SQ":"2021年中报","OPERATE_INCOME_SQ":364592493.6,"DPS_HKD":0.0406,"OPERATE_INCOME_QOQ_SQ":-2.571017429655,"NET_PROFIT_RATIO_SQ":6.0626984896,"HOLDER_PROFIT_SQ":21332867.04,"HOLDER_PROFIT_QOQ_SQ":-0.696512067658,"ROE_AVG_SQ":6.840813277123,"PE_TTM_SQ":6.010112520786,"PB_TTM_SQ":1.803024624454,"ROA_SQ":3.599859308096,"START_DATE":"2022-01-01 00:00:00","FISCAL_YEAR":"12-31","CURRENCY":"HKD","IS_CNY_CODE":0,"DPS_HKD_LY":0.0605,"ORG_TYPE":"一般企业","PREMIUM_INCOME":null,"PREMIUM_INCOME_YOY":null,"NET_INTEREST_INCOME":null,"NET_INTEREST_INCOME_YOY":null,"FEE_COMMISSION_INCOME":null,"FEE_COMMISSION_INCOME_YOY":null,"ACCOUNTS_RECE_TDAYS":62.793030374382,"INVENTORY_TDAYS":3.014694563012,"CURRENT_ASSETS_TDAYS":1.057961035381,"TOTAL_ASSETS_TDAYS":0.537820148562,"PREMIUM_EXPENSE":null,"LOAN_DEPOSIT":null,"LOAN_EQUITY":null,"LOAN_ASSETS":null,"DEPOSIT_EQUITY":null,"DEPOSIT_ASSETS":null,"EQUITY_MULTIPLIER":2.300317497821,"EQUITY_RATIO":1.300317497822},{"SECUCODE":"01978.HK","SECURITY_CODE":"01978","SECURITY_NAME_ABBR":"叙福楼集团","ORG_CODE":"10716478","STD_REPORT_DATE":"2021-12-31 00:00:00","REPORT_DATE":"2021-12-31 00:00:00","DATE_TYPE_CODE":"001","REPORT_TYPE":"2021年年报","PER_NETCASH_OPERATE":0.257248642,"PER_OI":1.019873218,"BPS":0.388561334,"BASIC_EPS":0.09206176,"DILUTED_EPS":0.09206176,"OPERATE_INCOME":815898574.4,"OPERATE_INCOME_YOY":24.2967570611,"GROSS_PROFIT":559046264,"GROSS_PROFIT_YOY":20.607404936528,"HOLDER_PROFIT":73646137.6,"HOLDER_PROFIT_YOY":-35.8103870931,"GROSS_PROFIT_RATIO":68.519088222591,"EPS_TTM":0.092057672,"OPERATE_INCOME_QOQ":23.932766872643,"NET_PROFIT_RATIO":9.0263839049,"ROE_AVG":22.6663881892,"GROSS_PROFIT_QOQ":24.465940354137,"ROA":11.764214199703,"HOLDER_PROFIT_QOQ":-37.206488673405,"ROE_YEARLY":22.6663881892,"ROIC_YEARLY":20.773410329972,"TOTAL_ASSETS":640883118.4,"TOTAL_LIABILITIES":330034051.2,"TAX_EBT":12.668819018256,"OCF_SALES":25.223590291396,"TOTAL_PARENT_EQUITY":310849067.2,"DEBT_ASSET_RATIO":51.4967615349,"OPERATE_PROFIT":87251001.6,"PRETAX_PROFIT":84329716.8,"NETCASH_OPERATE":205798913.6,"NETCASH_INVEST":27966008,"NETCASH_FINANCE":-182420459.2,"END_CASH":197815867.2,"DIVI_RATIO":0.399668286202,"DIVIDEND_RATE":8.20202020202,"CURRENT_RATIO":1.432081711392,"COMMON_ACS":4000000000,"CURRENTDEBT_DEBT":71.914126174869,"ISSUED_COMMON_SHARES":800000000,"HK_COMMON_SHARES":800000000,"PER_SHARES":2000,"TOTAL_MARKET_CAP":396000000,"HKSK_MARKET_CAP":396000000,"PE_TTM":28.326180257511,"PB_TTM":1.661129568106,"REPORT_DATE_SQ":"2020-12-31 00:00:00","REPORT_TYPE_SQ":"2020年年报","OPERATE_INCOME_SQ":675712357.28,"DPS_HKD":0.0406,"OPERATE_INCOME_QOQ_SQ":-16.861852529844,"NET_PROFIT_RATIO_SQ":17.4786884756,"HOLDER_PROFIT_SQ":118105657.92,"HOLDER_PROFIT_QOQ_SQ":618.103356573284,"ROE_AVG_SQ":40.741267633849,"PE_TTM_SQ":6.010112520786,"PB_TTM_SQ":1.803024624454,"ROA_SQ":18.839614636923,"START_DATE":"2021-01-01 00:00:00","FISCAL_YEAR":"12-31","CURRENCY":"HKD","IS_CNY_CODE":0,"DPS_HKD_LY":0.1556,"ORG_TYPE":"一般企业","PREMIUM_INCOME":null,"PREMIUM_INCOME_YOY":null,"NET_INTEREST_INCOME":null,"NET_INTEREST_INCOME_YOY":null,"FEE_COMMISSION_INCOME":null,"FEE_COMMISSION_INCOME_YOY":null,"ACCOUNTS_RECE_TDAYS":176.310777385159,"INVENTORY_TDAYS":7.649884942715,"CURRENT_ASSETS_TDAYS":2.453290884842,"TOTAL_ASSETS_TDAYS":1.303314186904,"PREMIUM_EXPENSE":null,"LOAN_DEPOSIT":null,"LOAN_EQUITY":null,"LOAN_ASSETS":null,"DEPOSIT_EQUITY":null,"DEPOSIT_ASSETS":null,"EQUITY_MULTIPLIER":2.061718004087,"EQUITY_RATIO":1.061718004087},{"SECUCODE":"01978.HK","SECURITY_CODE":"01978","SECURITY_NAME_ABBR":"叙福楼集团","ORG_CODE":"10716478","STD_REPORT_DATE":"2021-06-30 00:00:00","REPORT_DATE":"2021-06-30 00:00:00","DATE_TYPE_CODE":"002","REPORT_TYPE":"2021年中报","PER_NETCASH_OPERATE":0.1133407371,"PER_OI":0.455740617,"BPS":0.3483908559,"BASIC_EPS":0.02662656,"DILUTED_EPS":0.02662656,"OPERATE_INCOME":364592493.6,"OPERATE_INCOME_YOY":4.6129222183,"GROSS_PROFIT":253334244.72,"GROSS_PROFIT_YOY":-0.646305515885,"HOLDER_PROFIT":21332867.04,"HOLDER_PROFIT_YOY":5.7019171305,"GROSS_PROFIT_RATIO":68.380939318626,"EPS_TTM":0.1466037972,"OPERATE_INCOME_QOQ":-2.571017429655,"NET_PROFIT_RATIO":6.0626984896,"ROE_AVG":6.840813277123,"GROSS_PROFIT_QOQ":-3.100073326591,"ROA":3.599859308096,"HOLDER_PROFIT_QOQ":-0.696512067658,"ROE_YEARLY":13.681626554245,"ROIC_YEARLY":12.819753160498,"TOTAL_ASSETS":563228295.36,"TOTAL_LIABILITIES":284515610.64,"TAX_EBT":11.053288925895,"OCF_SALES":25.768715075872,"TOTAL_PARENT_EQUITY":278712684.72,"DEBT_ASSET_RATIO":50.51514865,"OPERATE_PROFIT":25050600.48,"PRETAX_PROFIT":23983873.92,"NETCASH_OPERATE":90672589.68,"NETCASH_INVEST":37251389.52,"NETCASH_FINANCE":-124767067.68,"END_CASH":152222379.36,"DIVI_RATIO":0.250965750565,"DIVIDEND_RATE":8.20202020202,"CURRENT_RATIO":1.389895578619,"COMMON_ACS":4000000000,"CURRENTDEBT_DEBT":73.434854196582,"ISSUED_COMMON_SHARES":800000000,"HK_COMMON_SHARES":800000000,"PER_SHARES":2000,"TOTAL_MARKET_CAP":396000000,"HKSK_MARKET_CAP":396000000,"PE_TTM":28.326180257511,"PB_TTM":1.661129568106,"REPORT_DATE_SQ":"2020-06-30 00:00:00","REPORT_TYPE_SQ":"2020年中报","OPERATE_INCOME_SQ":369243504.96,"DPS_HKD":0.0406,"OPERATE_INCOME_QOQ_SQ":-9.789126464315,"NET_PROFIT_RATIO_SQ":6.0002374862,"HOLDER_PROFIT_SQ":22155487.2,"HOLDER_PROFIT_QOQ_SQ":-126.687669515518,"ROE_AVG_SQ":8.468909795898,"PE_TTM_SQ":6.010112520786,"PB_TTM_SQ":1.803024624454,"ROA_SQ":3.3153226545,"START_DATE":"2021-01-01 00:00:00","FISCAL_YEAR":"12-31","CURRENCY":"HKD","IS_CNY_CODE":0,"DPS_HKD_LY":0.1556,"ORG_TYPE":"一般企业","PREMIUM_INCOME":null,"PREMIUM_INCOME_YOY":null,"NET_INTEREST_INCOME":null,"NET_INTEREST_INCOME_YOY":null,"FEE_COMMISSION_INCOME":null,"FEE_COMMISSION_INCOME_YOY":null,"ACCOUNTS_RECE_TDAYS":95.275059795608,"INVENTORY_TDAYS":4.341548152477,"CURRENT_ASSETS_TDAYS":1.132490466192,"TOTAL_ASSETS_TDAYS":0.593771785657,"PREMIUM_EXPENSE":null,"LOAN_DEPOSIT":null,"LOAN_EQUITY":null,"LOAN_ASSETS":null,"DEPOSIT_EQUITY":null,"DEPOSIT_ASSETS":null,"EQUITY_MULTIPLIER":2.020820458623,"EQUITY_RATIO":1.020820458623},{"SECUCODE":"01978.HK","SECURITY_CODE":"01978","SECURITY_NAME_ABBR":"叙福楼集团","ORG_CODE":"10716478","STD_REPORT_DATE":"2020-12-31 00:00:00","REPORT_DATE":"2020-12-31 00:00:00","DATE_TYPE_CODE":"001","REPORT_TYPE":"2020年年报","PER_NETCASH_OPERATE":0.1873637927,"PER_OI":0.8446404466,"BPS":0.43618098205,"BASIC_EPS":0.147623656,"DILUTED_EPS":0.147623656,"OPERATE_INCOME":675712357.28,"OPERATE_INCOME_YOY":-20.1758642083,"GROSS_PROFIT":463525655.24,"GROSS_PROFIT_YOY":-27.424677224697,"HOLDER_PROFIT":118105657.92,"HOLDER_PROFIT_YOY":1350.0267236772,"GROSS_PROFIT_RATIO":68.598072870218,"EPS_TTM":0.1476320724,"OPERATE_INCOME_QOQ":-16.861852529844,"NET_PROFIT_RATIO":17.4786884756,"ROE_AVG":40.741267633849,"GROSS_PROFIT_QOQ":-18.461839665492,"ROA":18.839614636923,"HOLDER_PROFIT_QOQ":618.103356573284,"ROE_YEARLY":40.741267633849,"ROIC_YEARLY":31.611457148328,"TOTAL_ASSETS":629123375.08,"TOTAL_LIABILITIES":280178589.44,"TAX_EBT":2.378484420544,"OCF_SALES":22.182668785779,"TOTAL_PARENT_EQUITY":348944785.64,"DEBT_ASSET_RATIO":44.5347606746,"OPERATE_PROFIT":122086615.12,"PRETAX_PROFIT":120983225.08,"NETCASH_OPERATE":149891034.16,"NETCASH_INVEST":-36045757.92,"NETCASH_FINANCE":-73119158.28,"END_CASH":150778122.72,"DIVI_RATIO":0.249217743827,"DIVIDEND_RATE":8.20202020202,"CURRENT_RATIO":1.832772036838,"COMMON_ACS":4000000000,"CURRENTDEBT_DEBT":65.202645871383,"ISSUED_COMMON_SHARES":800000000,"HK_COMMON_SHARES":800000000,"PER_SHARES":2000,"TOTAL_MARKET_CAP":396000000,"HKSK_MARKET_CAP":396000000,"PE_TTM":28.326180257511,"PB_TTM":1.661129568106,"REPORT_DATE_SQ":"2019-12-31 00:00:00","REPORT_TYPE_SQ":"2019年年报","OPERATE_INCOME_SQ":900954025.28,"DPS_HKD":0.0406,"OPERATE_INCOME_QOQ_SQ":-4.622530316664,"NET_PROFIT_RATIO_SQ":-1.1203289798,"HOLDER_PROFIT_SQ":-10056026.28,"HOLDER_PROFIT_QOQ_SQ":-115.910982880766,"ROE_AVG_SQ":-3.278765132818,"PE_TTM_SQ":6.010112520786,"PB_TTM_SQ":1.803024624454,"ROA_SQ":-1.706115327682,"START_DATE":"2020-01-01 00:00:00","FISCAL_YEAR":"12-31","CURRENCY":"HKD","IS_CNY_CODE":0,"DPS_HKD_LY":null,"ORG_TYPE":"一般企业","PREMIUM_INCOME":null,"PREMIUM_INCOME_YOY":null,"NET_INTEREST_INCOME":null,"NET_INTEREST_INCOME_YOY":null,"FEE_COMMISSION_INCOME":null,"FEE_COMMISSION_INCOME_YOY":null,"ACCOUNTS_RECE_TDAYS":144.423817233315,"INVENTORY_TDAYS":8.856721294198,"CURRENT_ASSETS_TDAYS":2.256425534068,"TOTAL_ASSETS_TDAYS":1.077862029708,"PREMIUM_EXPENSE":null,"LOAN_DEPOSIT":null,"LOAN_EQUITY":null,"LOAN_ASSETS":null,"DEPOSIT_EQUITY":null,"DEPOSIT_ASSETS":null,"EQUITY_MULTIPLIER":1.802931010778,"EQUITY_RATIO":0.802931010779},{"SECUCODE":"01978.HK","SECURITY_CODE":"01978","SECURITY_NAME_ABBR":"叙福楼集团","ORG_CODE":"10716478","STD_REPORT_DATE":"2020-06-30 00:00:00","REPORT_DATE":"2020-06-30 00:00:00","DATE_TYPE_CODE":"002","REPORT_TYPE":"2020年中报","PER_NETCASH_OPERATE":0.1317785634,"PER_OI":0.4615543812,"BPS":0.3408592704,"BASIC_EPS":0.027677232,"DILUTED_EPS":0.027677232,"OPERATE_INCOME":369243504.96,"OPERATE_INCOME_YOY":-22.2653831214,"GROSS_PROFIT":254982208.8,"GROSS_PROFIT_YOY":-21.589156093349,"HOLDER_PROFIT":22155487.2,"HOLDER_PROFIT_YOY":-38.8565378507,"GROSS_PROFIT_RATIO":69.055299653171,"EPS_TTM":-0.028494714525,"OPERATE_INCOME_QOQ":-9.789126464315,"NET_PROFIT_RATIO":6.0002374862,"ROE_AVG":8.468909795898,"GROSS_PROFIT_QOQ":-10.992199876028,"ROA":3.3153226545,"HOLDER_PROFIT_QOQ":-126.687669515518,"ROE_YEARLY":16.937819591795,"ROIC_YEARLY":11.047597358233,"TOTAL_ASSETS":658582019.04,"TOTAL_LIABILITIES":385894602.72,"TAX_EBT":7.58239664698,"OCF_SALES":28.551037270492,"TOTAL_PARENT_EQUITY":272687416.32,"DEBT_ASSET_RATIO":58.5947674798,"OPERATE_PROFIT":24174189.6,"PRETAX_PROFIT":23973232.8,"NETCASH_OPERATE":105422850.72,"NETCASH_INVEST":-1792169.28,"NETCASH_FINANCE":-46415540.16,"END_CASH":176655642.24,"DIVI_RATIO":-1.291205495943,"DIVIDEND_RATE":8.20202020202,"CURRENT_RATIO":1.329987471018,"COMMON_ACS":4000000000,"CURRENTDEBT_DEBT":65.746822798683,"ISSUED_COMMON_SHARES":800000000,"HK_COMMON_SHARES":800000000,"PER_SHARES":2000,"TOTAL_MARKET_CAP":396000000,"HKSK_MARKET_CAP":396000000,"PE_TTM":28.326180257511,"PB_TTM":1.661129568106,"REPORT_DATE_SQ":"2019-06-30 00:00:00","REPORT_TYPE_SQ":"2019年中报","OPERATE_INCOME_SQ":457439033.88,"DPS_HKD":0.0406,"OPERATE_INCOME_QOQ_SQ":7.367898997396,"NET_PROFIT_RATIO_SQ":7.620313143,"HOLDER_PROFIT_SQ":34895232.54,"HOLDER_PROFIT_QOQ_SQ":104.855572909658,"ROE_AVG_SQ":9.763943876214,"PE_TTM_SQ":6.010112520786,"PB_TTM_SQ":1.803024624454,"ROA_SQ":5.47358689728,"START_DATE":"2020-01-01 00:00:00","FISCAL_YEAR":"12-31","CURRENCY":"HKD","IS_CNY_CODE":0,"DPS_HKD_LY":null,"ORG_TYPE":"一般企业","PREMIUM_INCOME":null,"PREMIUM_INCOME_YOY":null,"NET_INTEREST_INCOME":null,"NET_INTEREST_INCOME_YOY":null,"FEE_COMMISSION_INCOME":null,"FEE_COMMISSION_INCOME_YOY":null,"ACCOUNTS_RECE_TDAYS":69.846047516199,"INVENTORY_TDAYS":5.094341159462,"CURRENT_ASSETS_TDAYS":1.183337480423,"TOTAL_ASSETS_TDAYS":0.552531905965,"PREMIUM_EXPENSE":null,"LOAN_DEPOSIT":null,"LOAN_EQUITY":null,"LOAN_ASSETS":null,"DEPOSIT_EQUITY":null,"DEPOSIT_ASSETS":null,"EQUITY_MULTIPLIER":2.415153687429,"EQUITY_RATIO":1.415153687426}],"count":19},"success":true,"message":"ok","code":0}