{"version":"44eae502c1da28a0f177269b135e7574","result":{"pages":3,"data":[{"SECUCODE":"01975.HK","SECURITY_CODE":"01975","SECURITY_NAME_ABBR":"新兴印刷","ORG_CODE":"10657474","STD_REPORT_DATE":"2023-12-31 00:00:00","REPORT_DATE":"2024-06-30 00:00:00","DATE_TYPE_CODE":"001","REPORT_TYPE":"2023年年报","PER_NETCASH_OPERATE":0.047489782667,"PER_OI":0.563279476167,"BPS":0.912191335917,"BASIC_EPS":0.032582676,"DILUTED_EPS":0.032582676,"OPERATE_INCOME":270374148.56,"OPERATE_INCOME_YOY":-44.5701615695,"GROSS_PROFIT":76418696.4,"GROSS_PROFIT_YOY":-62.457234208702,"HOLDER_PROFIT":15647898.6,"HOLDER_PROFIT_YOY":-77.8734222956,"GROSS_PROFIT_RATIO":28.264054387967,"EPS_TTM":0.036557969792,"OPERATE_INCOME_QOQ":-34.329834274661,"NET_PROFIT_RATIO":5.787498059,"ROE_AVG":3.539284092317,"GROSS_PROFIT_QOQ":-44.465862263355,"ROA":2.575788191938,"HOLDER_PROFIT_QOQ":-75.437160833377,"ROE_YEARLY":3.539284092317,"ROIC_YEARLY":4.83911256123,"TOTAL_ASSETS":577211688.48,"TOTAL_LIABILITIES":139359847.24,"TAX_EBT":5.12423219523,"OCF_SALES":8.430944970666,"TOTAL_PARENT_EQUITY":437851841.24,"DEBT_ASSET_RATIO":24.1436287624,"OPERATE_PROFIT":21029972.56,"PRETAX_PROFIT":16493040.28,"NETCASH_OPERATE":22795095.68,"NETCASH_INVEST":18468992.48,"NETCASH_FINANCE":-31062151.12,"END_CASH":289214601.8,"DIVI_RATIO":0.872017789327,"DIVIDEND_RATE":9.333333333333,"CURRENT_RATIO":7.05224218632,"COMMON_ACS":10000000000,"CURRENTDEBT_DEBT":34.699691537923,"ISSUED_COMMON_SHARES":480000000,"HK_COMMON_SHARES":480000000,"PER_SHARES":4000,"TOTAL_MARKET_CAP":180000000,"HKSK_MARKET_CAP":180000000,"PE_TTM":10.498687664042,"PB_TTM":0.375200888809,"REPORT_DATE_SQ":"2022-12-31 00:00:00","REPORT_TYPE_SQ":"2022年年报","OPERATE_INCOME_SQ":492747601.1,"DPS_HKD":0.035,"OPERATE_INCOME_QOQ_SQ":2.513746847098,"NET_PROFIT_RATIO_SQ":14.4984048873,"HOLDER_PROFIT_SQ":71440542.28,"HOLDER_PROFIT_QOQ_SQ":17.605856851316,"ROE_AVG_SQ":16.20266399013,"PE_TTM_SQ":2.570786980874,"PB_TTM_SQ":0.407281173264,"ROA_SQ":10.928636508523,"START_DATE":"2023-07-01 00:00:00","FISCAL_YEAR":"6-30","CURRENCY":"HKD","IS_CNY_CODE":0,"DPS_HKD_LY":0.053,"ORG_TYPE":"一般企业","PREMIUM_INCOME":null,"PREMIUM_INCOME_YOY":null,"NET_INTEREST_INCOME":null,"NET_INTEREST_INCOME_YOY":null,"FEE_COMMISSION_INCOME":null,"FEE_COMMISSION_INCOME_YOY":null,"ACCOUNTS_RECE_TDAYS":9.295324756825,"INVENTORY_TDAYS":8.997121083827,"CURRENT_ASSETS_TDAYS":0.758162139751,"TOTAL_ASSETS_TDAYS":0.445060743981,"PREMIUM_EXPENSE":null,"LOAN_DEPOSIT":null,"LOAN_EQUITY":null,"LOAN_ASSETS":null,"DEPOSIT_EQUITY":null,"DEPOSIT_ASSETS":null,"EQUITY_MULTIPLIER":1.318280829527,"EQUITY_RATIO":0.318280829527},{"SECUCODE":"01975.HK","SECURITY_CODE":"01975","SECURITY_NAME_ABBR":"新兴印刷","ORG_CODE":"10657474","STD_REPORT_DATE":"2023-06-30 00:00:00","REPORT_DATE":"2023-12-31 00:00:00","DATE_TYPE_CODE":"002","REPORT_TYPE":"2023年中报","PER_NETCASH_OPERATE":-0.025436462625,"PER_OI":0.28832522075,"BPS":0.890782164708,"BASIC_EPS":0.010693396,"DILUTED_EPS":0.010693396,"OPERATE_INCOME":138396105.96,"OPERATE_INCOME_YOY":-55.6443016761,"GROSS_PROFIT":41745930.52,"GROSS_PROFIT_YOY":-68.435669254641,"HOLDER_PROFIT":5129205.2,"HOLDER_PROFIT_YOY":-91.4338468989,"GROSS_PROFIT_RATIO":30.164093296141,"EPS_TTM":0.148834463083,"OPERATE_INCOME_QOQ":-14.545529467172,"NET_PROFIT_RATIO":3.7061773989,"ROE_AVG":1.178037713858,"GROSS_PROFIT_QOQ":-19.15050635585,"ROA":0.841563732469,"HOLDER_PROFIT_QOQ":-38.649284376154,"ROE_YEARLY":2.356075427715,"ROIC_YEARLY":2.991183671097,"TOTAL_ASSETS":585697235.76,"TOTAL_LIABILITIES":158121796.7,"TAX_EBT":20.011305822499,"OCF_SALES":-8.822142772954,"TOTAL_PARENT_EQUITY":427575439.06,"DEBT_ASSET_RATIO":26.9971901941,"OPERATE_PROFIT":9945764.5,"PRETAX_PROFIT":6412412.72,"NETCASH_OPERATE":-12209502.06,"NETCASH_INVEST":13623205.26,"NETCASH_FINANCE":-22447975.62,"END_CASH":255977244.74,"DIVI_RATIO":0.214192327097,"DIVIDEND_RATE":10.144927536232,"CURRENT_RATIO":5.402335158752,"COMMON_ACS":10000000000,"CURRENTDEBT_DEBT":38.826833252142,"ISSUED_COMMON_SHARES":480000000,"HK_COMMON_SHARES":480000000,"PER_SHARES":4000,"TOTAL_MARKET_CAP":165600000,"HKSK_MARKET_CAP":165600000,"PE_TTM":9.658792650919,"PB_TTM":0.345184817704,"REPORT_DATE_SQ":"2022-06-30 00:00:00","REPORT_TYPE_SQ":"2022年中报","OPERATE_INCOME_SQ":307555540.81,"DPS_HKD":0.035,"OPERATE_INCOME_QOQ_SQ":19.201916030233,"NET_PROFIT_RATIO_SQ":19.1906547431,"HOLDER_PROFIT_SQ":59021921.98,"HOLDER_PROFIT_QOQ_SQ":19.033158932413,"ROE_AVG_SQ":13.896360917563,"PE_TTM_SQ":3.902640476989,"PB_TTM_SQ":0.618282263028,"ROA_SQ":9.236836347903,"START_DATE":"2023-07-01 00:00:00","FISCAL_YEAR":"6-30","CURRENCY":"HKD","IS_CNY_CODE":0,"DPS_HKD_LY":0.053,"ORG_TYPE":"一般企业","PREMIUM_INCOME":null,"PREMIUM_INCOME_YOY":null,"NET_INTEREST_INCOME":null,"NET_INTEREST_INCOME_YOY":null,"FEE_COMMISSION_INCOME":null,"FEE_COMMISSION_INCOME_YOY":null,"ACCOUNTS_RECE_TDAYS":4.256413829624,"INVENTORY_TDAYS":3.743554642939,"CURRENT_ASSETS_TDAYS":0.394717049405,"TOTAL_ASSETS_TDAYS":0.227070547871,"PREMIUM_EXPENSE":null,"LOAN_DEPOSIT":null,"LOAN_EQUITY":null,"LOAN_ASSETS":null,"DEPOSIT_EQUITY":null,"DEPOSIT_ASSETS":null,"EQUITY_MULTIPLIER":1.369810289027,"EQUITY_RATIO":0.369810289028},{"SECUCODE":"01975.HK","SECURITY_CODE":"01975","SECURITY_NAME_ABBR":"新兴印刷","ORG_CODE":"10657474","STD_REPORT_DATE":"2022-12-31 00:00:00","REPORT_DATE":"2023-06-30 00:00:00","DATE_TYPE_CODE":"001","REPORT_TYPE":"2022年年报","PER_NETCASH_OPERATE":0.384052689792,"PER_OI":1.026557502292,"BPS":0.939453441792,"BASIC_EPS":0.148807572,"DILUTED_EPS":0.148807572,"OPERATE_INCOME":492747601.1,"OPERATE_INCOME_YOY":-18.7435193378,"GROSS_PROFIT":203551056.48,"GROSS_PROFIT_YOY":-10.822423761465,"HOLDER_PROFIT":71440542.28,"HOLDER_PROFIT_YOY":-33.0747970288,"GROSS_PROFIT_RATIO":41.309395728279,"EPS_TTM":0.242596132042,"OPERATE_INCOME_QOQ":2.513746847098,"NET_PROFIT_RATIO":14.4984048873,"ROE_AVG":16.20266399013,"GROSS_PROFIT_QOQ":10.300723256277,"ROA":10.928636508523,"HOLDER_PROFIT_QOQ":17.605856851316,"ROE_YEARLY":16.20266399013,"ROIC_YEARLY":17.708657098455,"TOTAL_ASSETS":644286077.86,"TOTAL_LIABILITIES":193348425.8,"TAX_EBT":25.482049950473,"OCF_SALES":37.411707472238,"TOTAL_PARENT_EQUITY":450937652.06,"DEBT_ASSET_RATIO":30.0097165598,"OPERATE_PROFIT":109604982.4,"PRETAX_PROFIT":95870246.34,"NETCASH_OPERATE":184345291.1,"NETCASH_INVEST":-73955703.72,"NETCASH_FINANCE":-46638358.3,"END_CASH":281901838.86,"DIVI_RATIO":0.131408525485,"DIVIDEND_RATE":10.144927536232,"CURRENT_RATIO":4.116712428329,"COMMON_ACS":10000000000,"CURRENTDEBT_DEBT":47.238567545658,"ISSUED_COMMON_SHARES":480000000,"HK_COMMON_SHARES":480000000,"PER_SHARES":4000,"TOTAL_MARKET_CAP":165600000,"HKSK_MARKET_CAP":165600000,"PE_TTM":9.658792650919,"PB_TTM":0.345184817704,"REPORT_DATE_SQ":"2021-12-31 00:00:00","REPORT_TYPE_SQ":"2021年年报","OPERATE_INCOME_SQ":562480697.94,"DPS_HKD":0.035,"OPERATE_INCOME_QOQ_SQ":49.201387043655,"NET_PROFIT_RATIO_SQ":17.6030748366,"HOLDER_PROFIT_SQ":99013898.2,"HOLDER_PROFIT_QOQ_SQ":28.441369096951,"ROE_AVG_SQ":27.157971526117,"PE_TTM_SQ":3.902640476989,"PB_TTM_SQ":0.618282263028,"ROA_SQ":19.146098556601,"START_DATE":"2022-07-01 00:00:00","FISCAL_YEAR":"6-30","CURRENCY":"HKD","IS_CNY_CODE":0,"DPS_HKD_LY":0.09,"ORG_TYPE":"一般企业","PREMIUM_INCOME":null,"PREMIUM_INCOME_YOY":null,"NET_INTEREST_INCOME":null,"NET_INTEREST_INCOME_YOY":null,"FEE_COMMISSION_INCOME":null,"FEE_COMMISSION_INCOME_YOY":null,"ACCOUNTS_RECE_TDAYS":9.102978998825,"INVENTORY_TDAYS":6.52301581525,"CURRENT_ASSETS_TDAYS":1.331331356267,"TOTAL_ASSETS_TDAYS":0.75378199143,"PREMIUM_EXPENSE":null,"LOAN_DEPOSIT":null,"LOAN_EQUITY":null,"LOAN_ASSETS":null,"DEPOSIT_EQUITY":null,"DEPOSIT_ASSETS":null,"EQUITY_MULTIPLIER":1.428769753239,"EQUITY_RATIO":0.428769753239},{"SECUCODE":"01975.HK","SECURITY_CODE":"01975","SECURITY_NAME_ABBR":"新兴印刷","ORG_CODE":"10657474","STD_REPORT_DATE":"2022-06-30 00:00:00","REPORT_DATE":"2022-12-31 00:00:00","DATE_TYPE_CODE":"002","REPORT_TYPE":"2022年中报","PER_NETCASH_OPERATE":0.185193480792,"PER_OI":0.640740710021,"BPS":0.899952776188,"BASIC_EPS":0.123003279,"DILUTED_EPS":0.123003279,"OPERATE_INCOME":307555540.81,"OPERATE_INCOME_YOY":-4.0604667363,"GROSS_PROFIT":132256662.93,"GROSS_PROFIT_YOY":21.621039262094,"HOLDER_PROFIT":59021921.98,"HOLDER_PROFIT_YOY":29.8930565385,"GROSS_PROFIT_RATIO":43.002529748506,"EPS_TTM":0.206278954583,"OPERATE_INCOME_QOQ":19.201916030233,"NET_PROFIT_RATIO":19.1906547431,"ROE_AVG":13.896360917563,"GROSS_PROFIT_QOQ":25.179369096269,"ROA":9.236836347903,"HOLDER_PROFIT_QOQ":19.033158932413,"ROE_YEARLY":27.792721835126,"ROIC_YEARLY":28.431244937322,"TOTAL_ASSETS":635502649.18,"TOTAL_LIABILITIES":203525316.61,"TAX_EBT":21.999763900366,"OCF_SALES":28.903030179813,"TOTAL_PARENT_EQUITY":431977332.57,"DEBT_ASSET_RATIO":32.0258801238,"OPERATE_PROFIT":79229475.92,"PRETAX_PROFIT":75668901.7,"NETCASH_OPERATE":88892870.78,"NETCASH_INVEST":-30751713.02,"NETCASH_FINANCE":-32347093.24,"END_CASH":235740205.89,"DIVI_RATIO":0.154544122373,"DIVIDEND_RATE":10.144927536232,"CURRENT_RATIO":3.350320670516,"COMMON_ACS":10000000000,"CURRENTDEBT_DEBT":50.846855071255,"ISSUED_COMMON_SHARES":480000000,"HK_COMMON_SHARES":480000000,"PER_SHARES":4000,"TOTAL_MARKET_CAP":165600000,"HKSK_MARKET_CAP":165600000,"PE_TTM":9.658792650919,"PB_TTM":0.345184817704,"REPORT_DATE_SQ":"2021-06-30 00:00:00","REPORT_TYPE_SQ":"2021年中报","OPERATE_INCOME_SQ":293416200,"DPS_HKD":0.035,"OPERATE_INCOME_QOQ_SQ":20.237958068175,"NET_PROFIT_RATIO_SQ":14.1742946708,"HOLDER_PROFIT_SQ":41589676.8,"HOLDER_PROFIT_QOQ_SQ":65.871256986184,"ROE_AVG_SQ":12.666807774195,"PE_TTM_SQ":3.902640476989,"PB_TTM_SQ":0.618282263028,"ROA_SQ":8.652565509147,"START_DATE":"2022-07-01 00:00:00","FISCAL_YEAR":"6-30","CURRENCY":"HKD","IS_CNY_CODE":0,"DPS_HKD_LY":0.09,"ORG_TYPE":"一般企业","PREMIUM_INCOME":null,"PREMIUM_INCOME_YOY":null,"NET_INTEREST_INCOME":null,"NET_INTEREST_INCOME_YOY":null,"FEE_COMMISSION_INCOME":null,"FEE_COMMISSION_INCOME_YOY":null,"ACCOUNTS_RECE_TDAYS":4.978066624255,"INVENTORY_TDAYS":3.467698614645,"CURRENT_ASSETS_TDAYS":0.879229002302,"TOTAL_ASSETS_TDAYS":0.48131950012,"PREMIUM_EXPENSE":null,"LOAN_DEPOSIT":null,"LOAN_EQUITY":null,"LOAN_ASSETS":null,"DEPOSIT_EQUITY":null,"DEPOSIT_ASSETS":null,"EQUITY_MULTIPLIER":1.471148139647,"EQUITY_RATIO":0.471148139647},{"SECUCODE":"01975.HK","SECURITY_CODE":"01975","SECURITY_NAME_ABBR":"新兴印刷","ORG_CODE":"10657474","STD_REPORT_DATE":"2021-12-31 00:00:00","REPORT_DATE":"2022-06-30 00:00:00","DATE_TYPE_CODE":"001","REPORT_TYPE":"2021年年报","PER_NETCASH_OPERATE":0.230503992979,"PER_OI":1.171834787375,"BPS":0.832675341604,"BASIC_EPS":0.206271828,"DILUTED_EPS":0.206271828,"OPERATE_INCOME":562480697.94,"OPERATE_INCOME_YOY":73.0448051777,"GROSS_PROFIT":228253631.76,"GROSS_PROFIT_YOY":81.051745246868,"HOLDER_PROFIT":99013898.2,"HOLDER_PROFIT_YOY":48.7562956111,"GROSS_PROFIT_RATIO":40.579815911185,"EPS_TTM":0.173295371167,"OPERATE_INCOME_QOQ":49.201387043655,"NET_PROFIT_RATIO":17.6030748366,"ROE_AVG":27.157971526117,"GROSS_PROFIT_QOQ":44.63385344883,"ROA":19.146098556601,"HOLDER_PROFIT_QOQ":28.441369096951,"ROE_YEARLY":27.157971526117,"ROIC_YEARLY":30.120920745921,"TOTAL_ASSETS":615077448.51,"TOTAL_LIABILITIES":215393284.54,"TAX_EBT":18.654975690639,"OCF_SALES":19.670349051125,"TOTAL_PARENT_EQUITY":399684163.97,"DEBT_ASSET_RATIO":35.0188882818,"OPERATE_PROFIT":127092351.47,"PRETAX_PROFIT":121720903.08,"NETCASH_OPERATE":110641916.63,"NETCASH_INVEST":-54142078.9,"NETCASH_FINANCE":-27484096.22,"END_CASH":202816005.21,"DIVI_RATIO":0.183958750804,"DIVIDEND_RATE":10.144927536232,"CURRENT_RATIO":3.058269337958,"COMMON_ACS":10000000000,"CURRENTDEBT_DEBT":51.287589432476,"ISSUED_COMMON_SHARES":480000000,"HK_COMMON_SHARES":480000000,"PER_SHARES":4000,"TOTAL_MARKET_CAP":165600000,"HKSK_MARKET_CAP":165600000,"PE_TTM":9.658792650919,"PB_TTM":0.345184817704,"REPORT_DATE_SQ":"2020-12-31 00:00:00","REPORT_TYPE_SQ":"2020年年报","OPERATE_INCOME_SQ":316265287.2,"DPS_HKD":0.035,"OPERATE_INCOME_QOQ_SQ":-7.656772238052,"NET_PROFIT_RATIO_SQ":20.4772553869,"HOLDER_PROFIT_SQ":64762450.56,"HOLDER_PROFIT_QOQ_SQ":-4.702695637848,"ROE_AVG_SQ":21.974181071295,"PE_TTM_SQ":3.902640476989,"PB_TTM_SQ":0.618282263028,"ROA_SQ":17.276132447685,"START_DATE":"2021-07-01 00:00:00","FISCAL_YEAR":"6-30","CURRENCY":"HKD","IS_CNY_CODE":0,"DPS_HKD_LY":0.058,"ORG_TYPE":"一般企业","PREMIUM_INCOME":null,"PREMIUM_INCOME_YOY":null,"NET_INTEREST_INCOME":null,"NET_INTEREST_INCOME_YOY":null,"FEE_COMMISSION_INCOME":null,"FEE_COMMISSION_INCOME_YOY":null,"ACCOUNTS_RECE_TDAYS":8.139568843898,"INVENTORY_TDAYS":5.877862250998,"CURRENT_ASSETS_TDAYS":1.74584690932,"TOTAL_ASSETS_TDAYS":1.087656488101,"PREMIUM_EXPENSE":null,"LOAN_DEPOSIT":null,"LOAN_EQUITY":null,"LOAN_ASSETS":null,"DEPOSIT_EQUITY":null,"DEPOSIT_ASSETS":null,"EQUITY_MULTIPLIER":1.538908728334,"EQUITY_RATIO":0.538908728333},{"SECUCODE":"01975.HK","SECURITY_CODE":"01975","SECURITY_NAME_ABBR":"新兴印刷","ORG_CODE":"10657474","STD_REPORT_DATE":"2021-06-30 00:00:00","REPORT_DATE":"2021-12-31 00:00:00","DATE_TYPE_CODE":"002","REPORT_TYPE":"2021年中报","PER_NETCASH_OPERATE":0.091308886667,"PER_OI":0.61128375,"BPS":0.711809373333,"BASIC_EPS":0.0866656,"DILUTED_EPS":0.0866656,"OPERATE_INCOME":293416200,"OPERATE_INCOME_YOY":119.1750285515,"GROSS_PROFIT":108744888,"GROSS_PROFIT_YOY":107.233497116639,"HOLDER_PROFIT":41589676.8,"HOLDER_PROFIT_YOY":84.7729749364,"GROSS_PROFIT_RATIO":37.061650992686,"EPS_TTM":0.134921772,"OPERATE_INCOME_QOQ":20.237958068175,"NET_PROFIT_RATIO":14.1742946708,"ROE_AVG":12.666807774195,"GROSS_PROFIT_QOQ":28.807579920415,"ROA":8.652565509147,"HOLDER_PROFIT_QOQ":65.871256986184,"ROE_YEARLY":25.33361554839,"ROIC_YEARLY":27.27137478706,"TOTAL_ASSETS":560531843.2,"TOTAL_LIABILITIES":218863344,"TAX_EBT":23.42270462312,"OCF_SALES":14.937234413097,"TOTAL_PARENT_EQUITY":341668499.2,"DEBT_ASSET_RATIO":39.0456575581,"OPERATE_PROFIT":57830483.2,"PRETAX_PROFIT":54310715.2,"NETCASH_OPERATE":43828265.6,"NETCASH_INVEST":-4038126.4,"NETCASH_FINANCE":-21376969.6,"END_CASH":184923950.4,"DIVI_RATIO":0.236279138107,"DIVIDEND_RATE":10.144927536232,"CURRENT_RATIO":2.91734952022,"COMMON_ACS":10000000000,"CURRENTDEBT_DEBT":50.649258470619,"ISSUED_COMMON_SHARES":480000000,"HK_COMMON_SHARES":480000000,"PER_SHARES":4000,"TOTAL_MARKET_CAP":165600000,"HKSK_MARKET_CAP":165600000,"PE_TTM":9.658792650919,"PB_TTM":0.345184817704,"REPORT_DATE_SQ":"2020-06-30 00:00:00","REPORT_TYPE_SQ":"2020年中报","OPERATE_INCOME_SQ":137809291.96,"DPS_HKD":0.035,"OPERATE_INCOME_QOQ_SQ":3.99682838785,"NET_PROFIT_RATIO_SQ":16.8133431864,"HOLDER_PROFIT_SQ":23170349.2,"HOLDER_PROFIT_QOQ_SQ":11.388914063223,"ROE_AVG_SQ":8.288486289977,"PE_TTM_SQ":3.902640476989,"PB_TTM_SQ":0.618282263028,"ROA_SQ":6.607948019716,"START_DATE":"2021-07-01 00:00:00","FISCAL_YEAR":"6-30","CURRENCY":"HKD","IS_CNY_CODE":0,"DPS_HKD_LY":0.058,"ORG_TYPE":"一般企业","PREMIUM_INCOME":null,"PREMIUM_INCOME_YOY":null,"NET_INTEREST_INCOME":null,"NET_INTEREST_INCOME_YOY":null,"FEE_COMMISSION_INCOME":null,"FEE_COMMISSION_INCOME_YOY":null,"ACCOUNTS_RECE_TDAYS":3.818022235225,"INVENTORY_TDAYS":3.783543837314,"CURRENT_ASSETS_TDAYS":0.951969791621,"TOTAL_ASSETS_TDAYS":0.61044063991,"PREMIUM_EXPENSE":null,"LOAN_DEPOSIT":null,"LOAN_EQUITY":null,"LOAN_ASSETS":null,"DEPOSIT_EQUITY":null,"DEPOSIT_ASSETS":null,"EQUITY_MULTIPLIER":1.640572205259,"EQUITY_RATIO":0.640572205259},{"SECUCODE":"01975.HK","SECURITY_CODE":"01975","SECURITY_NAME_ABBR":"新兴印刷","ORG_CODE":"10657474","STD_REPORT_DATE":"2020-12-31 00:00:00","REPORT_DATE":"2021-06-30 00:00:00","DATE_TYPE_CODE":"001","REPORT_TYPE":"2020年年报","PER_NETCASH_OPERATE":0.0813340865,"PER_OI":0.658886015,"BPS":0.667879413,"BASIC_EPS":0.134963376,"DILUTED_EPS":0.134963376,"OPERATE_INCOME":316265287.2,"OPERATE_INCOME_YOY":21.8881780429,"GROSS_PROFIT":126070937.04,"GROSS_PROFIT_YOY":20.342980293995,"HOLDER_PROFIT":64762450.56,"HOLDER_PROFIT_YOY":73.526854391,"GROSS_PROFIT_RATIO":39.862401010287,"EPS_TTM":0.081341260958,"OPERATE_INCOME_QOQ":-7.656772238052,"NET_PROFIT_RATIO":20.4772553869,"ROE_AVG":21.974181071295,"GROSS_PROFIT_QOQ":-6.57150738462,"ROA":17.276132447685,"HOLDER_PROFIT_QOQ":-4.702695637848,"ROE_YEARLY":21.974181071295,"ROIC_YEARLY":31.548930391869,"TOTAL_ASSETS":407892272.64,"TOTAL_LIABILITIES":87310154.4,"TAX_EBT":17.007528097076,"OCF_SALES":12.34418164119,"TOTAL_PARENT_EQUITY":320582118.24,"DEBT_ASSET_RATIO":21.4051994255,"OPERATE_PROFIT":78788823.12,"PRETAX_PROFIT":78034126.56,"NETCASH_OPERATE":39040361.52,"NETCASH_INVEST":-9817711.92,"NETCASH_FINANCE":-30400874.88,"END_CASH":169336600.8,"DIVI_RATIO":0.391919176374,"DIVIDEND_RATE":10.144927536232,"CURRENT_RATIO":3.418668091032,"COMMON_ACS":10000000000,"CURRENTDEBT_DEBT":99.916134565901,"ISSUED_COMMON_SHARES":480000000,"HK_COMMON_SHARES":480000000,"PER_SHARES":4000,"TOTAL_MARKET_CAP":165600000,"HKSK_MARKET_CAP":165600000,"PE_TTM":9.658792650919,"PB_TTM":0.345184817704,"REPORT_DATE_SQ":"2019-12-31 00:00:00","REPORT_TYPE_SQ":"2019年年报","OPERATE_INCOME_SQ":284842562.4,"DPS_HKD":0.035,"OPERATE_INCOME_QOQ_SQ":10.398674382968,"NET_PROFIT_RATIO_SQ":14.3835682332,"HOLDER_PROFIT_SQ":40970524.32,"HOLDER_PROFIT_QOQ_SQ":29.645681982442,"ROE_AVG_SQ":14.414515748051,"PE_TTM_SQ":3.902640476989,"PB_TTM_SQ":0.618282263028,"ROA_SQ":11.917088120773,"START_DATE":"2020-07-01 00:00:00","FISCAL_YEAR":"6-30","CURRENCY":"HKD","IS_CNY_CODE":0,"DPS_HKD_LY":0.05,"ORG_TYPE":"一般企业","PREMIUM_INCOME":null,"PREMIUM_INCOME_YOY":null,"NET_INTEREST_INCOME":null,"NET_INTEREST_INCOME_YOY":null,"FEE_COMMISSION_INCOME":null,"FEE_COMMISSION_INCOME_YOY":null,"ACCOUNTS_RECE_TDAYS":5.284459027334,"INVENTORY_TDAYS":4.998185078282,"CURRENT_ASSETS_TDAYS":1.156800681742,"TOTAL_ASSETS_TDAYS":0.843674219092,"PREMIUM_EXPENSE":null,"LOAN_DEPOSIT":null,"LOAN_EQUITY":null,"LOAN_ASSETS":null,"DEPOSIT_EQUITY":null,"DEPOSIT_ASSETS":null,"EQUITY_MULTIPLIER":1.272348797491,"EQUITY_RATIO":0.272348797492},{"SECUCODE":"01975.HK","SECURITY_CODE":"01975","SECURITY_NAME_ABBR":"新兴印刷","ORG_CODE":"10657474","STD_REPORT_DATE":"2020-06-30 00:00:00","REPORT_DATE":"2020-12-31 00:00:00","DATE_TYPE_CODE":"002","REPORT_TYPE":"2020年中报","PER_NETCASH_OPERATE":0.049434076083,"PER_OI":0.287102691583,"BPS":0.5982271915,"BASIC_EPS":0.048310136,"DILUTED_EPS":0.048310136,"OPERATE_INCOME":137809291.96,"OPERATE_INCOME_YOY":-8.1098827095,"GROSS_PROFIT":52474570.72,"GROSS_PROFIT_YOY":-11.597747636727,"HOLDER_PROFIT":23170349.2,"HOLDER_PROFIT_YOY":-1.7382303601,"GROSS_PROFIT_RATIO":38.07767239326,"EPS_TTM":0.085355259,"OPERATE_INCOME_QOQ":3.99682838785,"NET_PROFIT_RATIO":16.8133431864,"ROE_AVG":8.288486289977,"GROSS_PROFIT_QOQ":4.523479477162,"ROA":6.607948019716,"HOLDER_PROFIT_QOQ":11.388914063223,"ROE_YEARLY":16.576972579953,"ROIC_YEARLY":26.20419857319,"TOTAL_ASSETS":355518835.68,"TOTAL_LIABILITIES":68369783.76,"TAX_EBT":18.16533396748,"OCF_SALES":17.218255882838,"TOTAL_PARENT_EQUITY":287149051.92,"DEBT_ASSET_RATIO":19.230987756,"OPERATE_PROFIT":28750422.4,"PRETAX_PROFIT":28313611.24,"NETCASH_OPERATE":23728356.52,"NETCASH_INVEST":-658162.48,"NETCASH_FINANCE":-19528572.92,"END_CASH":175802604.84,"DIVI_RATIO":0.373488410363,"DIVIDEND_RATE":10.144927536232,"CURRENT_RATIO":3.877079164383,"COMMON_ACS":10000000000,"CURRENTDEBT_DEBT":96.581480660807,"ISSUED_COMMON_SHARES":480000000,"HK_COMMON_SHARES":480000000,"PER_SHARES":4000,"TOTAL_MARKET_CAP":165600000,"HKSK_MARKET_CAP":165600000,"PE_TTM":9.658792650919,"PB_TTM":0.345184817704,"REPORT_DATE_SQ":"2019-06-30 00:00:00","REPORT_TYPE_SQ":"2019年中报","OPERATE_INCOME_SQ":159619038.2,"DPS_HKD":0.035,"OPERATE_INCOME_QOQ_SQ":5.480133728056,"NET_PROFIT_RATIO_SQ":15.7231045513,"HOLDER_PROFIT_SQ":25097068.26,"HOLDER_PROFIT_QOQ_SQ":32.783254436781,"ROE_AVG_SQ":9.233065956591,"PE_TTM_SQ":3.902640476989,"PB_TTM_SQ":0.618282263028,"ROA_SQ":7.657187991522,"START_DATE":"2020-07-01 00:00:00","FISCAL_YEAR":"6-30","CURRENCY":"HKD","IS_CNY_CODE":0,"DPS_HKD_LY":0.05,"ORG_TYPE":"一般企业","PREMIUM_INCOME":null,"PREMIUM_INCOME_YOY":null,"NET_INTEREST_INCOME":null,"NET_INTEREST_INCOME_YOY":null,"FEE_COMMISSION_INCOME":null,"FEE_COMMISSION_INCOME_YOY":null,"ACCOUNTS_RECE_TDAYS":2.716690309682,"INVENTORY_TDAYS":3.875728674911,"CURRENT_ASSETS_TDAYS":0.54316773483,"TOTAL_ASSETS_TDAYS":0.393018089648,"PREMIUM_EXPENSE":null,"LOAN_DEPOSIT":null,"LOAN_EQUITY":null,"LOAN_ASSETS":null,"DEPOSIT_EQUITY":null,"DEPOSIT_ASSETS":null,"EQUITY_MULTIPLIER":1.238098587833,"EQUITY_RATIO":0.238098587834},{"SECUCODE":"01975.HK","SECURITY_CODE":"01975","SECURITY_NAME_ABBR":"新兴印刷","ORG_CODE":"10657474","STD_REPORT_DATE":"2019-12-31 00:00:00","REPORT_DATE":"2020-06-30 00:00:00","DATE_TYPE_CODE":"001","REPORT_TYPE":"2019年年报","PER_NETCASH_OPERATE":0.131976856,"PER_OI":0.593422005,"BPS":0.614891651,"BASIC_EPS":0.085315296,"DILUTED_EPS":0.085315296,"OPERATE_INCOME":284842562.4,"OPERATE_INCOME_YOY":10.5652804419,"GROSS_PROFIT":104759693.28,"GROSS_PROFIT_YOY":17.767412758192,"HOLDER_PROFIT":40970524.32,"HOLDER_PROFIT_YOY":39.0704452437,"GROSS_PROFIT_RATIO":36.778103804897,"EPS_TTM":0.076628145375,"OPERATE_INCOME_QOQ":10.398674382968,"NET_PROFIT_RATIO":14.3835682332,"ROE_AVG":14.414515748051,"GROSS_PROFIT_QOQ":12.670773444663,"ROA":11.917088120773,"HOLDER_PROFIT_QOQ":29.645681982442,"ROE_YEARLY":14.414515748051,"ROIC_YEARLY":23.986844216268,"TOTAL_ASSETS":375265814.88,"TOTAL_LIABILITIES":80117822.4,"TAX_EBT":16.552558139535,"OCF_SALES":22.239966649029,"TOTAL_PARENT_EQUITY":295147992.48,"DEBT_ASSET_RATIO":21.3496191828,"OPERATE_PROFIT":50461165.92,"PRETAX_PROFIT":49097400,"NETCASH_OPERATE":63348890.88,"NETCASH_INVEST":-11036182.08,"NETCASH_FINANCE":-25059312.96,"END_CASH":186451372.8,"DIVI_RATIO":0.416024684455,"DIVIDEND_RATE":10.144927536232,"CURRENT_RATIO":3.743874468912,"COMMON_ACS":10000000000,"CURRENTDEBT_DEBT":90.969102724889,"ISSUED_COMMON_SHARES":480000000,"HK_COMMON_SHARES":480000000,"PER_SHARES":4000,"TOTAL_MARKET_CAP":165600000,"HKSK_MARKET_CAP":165600000,"PE_TTM":9.658792650919,"PB_TTM":0.345184817704,"REPORT_DATE_SQ":"2018-12-31 00:00:00","REPORT_TYPE_SQ":"2018年年报","OPERATE_INCOME_SQ":248096667.42,"DPS_HKD":0.035,"OPERATE_INCOME_QOQ_SQ":3.250903705469,"NET_PROFIT_RATIO_SQ":11.435379046,"HOLDER_PROFIT_SQ":28370794.32,"HOLDER_PROFIT_QOQ_SQ":181.052224828635,"ROE_AVG_SQ":10.953228369989,"PE_TTM_SQ":3.902640476989,"PB_TTM_SQ":0.618282263028,"ROA_SQ":9.521981866547,"START_DATE":"2019-07-01 00:00:00","FISCAL_YEAR":"6-30","CURRENCY":"HKD","IS_CNY_CODE":0,"DPS_HKD_LY":0.035,"ORG_TYPE":"一般企业","PREMIUM_INCOME":null,"PREMIUM_INCOME_YOY":null,"NET_INTEREST_INCOME":null,"NET_INTEREST_INCOME_YOY":null,"FEE_COMMISSION_INCOME":null,"FEE_COMMISSION_INCOME_YOY":null,"ACCOUNTS_RECE_TDAYS":5.355091316555,"INVENTORY_TDAYS":7.97427496663,"CURRENT_ASSETS_TDAYS":1.081194936498,"TOTAL_ASSETS_TDAYS":0.828520985027,"PREMIUM_EXPENSE":null,"LOAN_DEPOSIT":null,"LOAN_EQUITY":null,"LOAN_ASSETS":null,"DEPOSIT_EQUITY":null,"DEPOSIT_ASSETS":null,"EQUITY_MULTIPLIER":1.27144966065,"EQUITY_RATIO":0.271449660649}],"count":19},"success":true,"message":"ok","code":0}