{"version":"47ea989d84a327085a5b73c1307c9a86","result":{"pages":3,"data":[{"SECUCODE":"01970.HK","SECURITY_CODE":"01970","SECURITY_NAME_ABBR":"IMAX CHINA","ORG_CODE":"10472819","STD_REPORT_DATE":"2024-06-30 00:00:00","REPORT_DATE":"2024-06-30 00:00:00","DATE_TYPE_CODE":"002","REPORT_TYPE":"2024年中报","PER_NETCASH_OPERATE":0.412023594978,"PER_OI":0.920193714357,"BPS":5.560954990251,"BASIC_EPS":0.285072,"DILUTED_EPS":0.285072,"OPERATE_INCOME":312873646.8,"OPERATE_INCOME_YOY":-3.1780688986,"GROSS_PROFIT":178896933.6,"GROSS_PROFIT_YOY":-13.788982936039,"HOLDER_PROFIT":90139766.4,"HOLDER_PROFIT_YOY":-8.8498126261,"GROSS_PROFIT_RATIO":57.178651966926,"EPS_TTM":0.543092071424,"OPERATE_INCOME_QOQ":-2.395610695664,"NET_PROFIT_RATIO":28.8102776702,"ROE_AVG":4.862698359301,"GROSS_PROFIT_QOQ":-7.408224335724,"ROA":3.914662341803,"HOLDER_PROFIT_QOQ":-5.19835975021,"ROE_YEARLY":9.725396718601,"ROIC_YEARLY":9.998063310001,"TOTAL_ASSETS":2336948988,"TOTAL_LIABILITIES":442403236.8,"TAX_EBT":23.107787707459,"OCF_SALES":44.775745427211,"TOTAL_PARENT_EQUITY":1894545751.2,"DEBT_ASSET_RATIO":18.9308041841,"OPERATE_PROFIT":111121065.6,"PRETAX_PROFIT":117228733.2,"NETCASH_OPERATE":140091507.6,"NETCASH_INVEST":-22919788.8,"NETCASH_FINANCE":-10633185.6,"END_CASH":552020547.6,"DIVI_RATIO":null,"DIVIDEND_RATE":null,"CURRENT_RATIO":5.588503702003,"COMMON_ACS":625625000,"CURRENTDEBT_DEBT":56.134415877312,"ISSUED_COMMON_SHARES":340687122,"HK_COMMON_SHARES":340687122,"PER_SHARES":100,"TOTAL_MARKET_CAP":3052556613.12,"HKSK_MARKET_CAP":3052556613.12,"PE_TTM":14.893992971416,"PB_TTM":1.434649676057,"REPORT_DATE_SQ":"2023-06-30 00:00:00","REPORT_TYPE_SQ":"2023年中报","OPERATE_INCOME_SQ":327632223.6,"DPS_HKD":null,"OPERATE_INCOME_QOQ_SQ":21.162954300786,"NET_PROFIT_RATIO_SQ":30.6029729611,"HOLDER_PROFIT_SQ":100265200.8,"HOLDER_PROFIT_QOQ_SQ":126.959034544318,"ROE_AVG_SQ":5.923939957991,"PE_TTM_SQ":13.11716048574,"PB_TTM_SQ":1.326836428508,"ROA_SQ":4.297618439248,"START_DATE":"2024-01-01 00:00:00","FISCAL_YEAR":"12-31","CURRENCY":"HKD","IS_CNY_CODE":0,"DPS_HKD_LY":null,"ORG_TYPE":"一般企业","PREMIUM_INCOME":null,"PREMIUM_INCOME_YOY":null,"NET_INTEREST_INCOME":null,"NET_INTEREST_INCOME_YOY":null,"FEE_COMMISSION_INCOME":null,"FEE_COMMISSION_INCOME_YOY":null,"ACCOUNTS_RECE_TDAYS":0.41081571732,"INVENTORY_TDAYS":2.838441793749,"CURRENT_ASSETS_TDAYS":0.231933749818,"TOTAL_ASSETS_TDAYS":0.135877286106,"PREMIUM_EXPENSE":null,"LOAN_DEPOSIT":null,"LOAN_EQUITY":null,"LOAN_ASSETS":null,"DEPOSIT_EQUITY":null,"DEPOSIT_ASSETS":null,"EQUITY_MULTIPLIER":1.233514147927,"EQUITY_RATIO":0.233514147927},{"SECUCODE":"01970.HK","SECURITY_CODE":"01970","SECURITY_NAME_ABBR":"IMAX CHINA","ORG_CODE":"10472819","STD_REPORT_DATE":"2023-12-31 00:00:00","REPORT_DATE":"2023-12-31 00:00:00","DATE_TYPE_CODE":"001","REPORT_TYPE":"2023年年报","PER_NETCASH_OPERATE":0.26126138789,"PER_OI":1.812059488192,"BPS":5.28823476251,"BASIC_EPS":0.566616,"DILUTED_EPS":0.566616,"OPERATE_INCOME":616067411.4,"OPERATE_INCOME_YOY":18.6172098732,"GROSS_PROFIT":386240879.1,"GROSS_PROFIT_YOY":39.702562123605,"HOLDER_PROFIT":194781332.7,"HOLDER_PROFIT_YOY":155.6330172895,"GROSS_PROFIT_RATIO":62.694580487917,"EPS_TTM":0.572916787206,"OPERATE_INCOME_QOQ":-0.441001657719,"NET_PROFIT_RATIO":31.6168862523,"ROE_AVG":11.283780872841,"GROSS_PROFIT_QOQ":7.592656270378,"ROA":8.531687863262,"HOLDER_PROFIT_QOQ":14.543945689036,"ROE_YEARLY":11.283780872841,"ROIC_YEARLY":10.848606300641,"TOTAL_ASSETS":2254253425.2,"TOTAL_LIABILITIES":452619943.5,"TAX_EBT":18.32922519526,"OCF_SALES":14.417925547815,"TOTAL_PARENT_EQUITY":1801633481.7,"DEBT_ASSET_RATIO":20.0784853398,"OPERATE_PROFIT":228254172.9,"PRETAX_PROFIT":238495757.1,"NETCASH_OPERATE":88824140.7,"NETCASH_INVEST":-26843433,"NETCASH_FINANCE":-139422949.5,"END_CASH":444163199.7,"DIVI_RATIO":null,"DIVIDEND_RATE":null,"CURRENT_RATIO":5.039282875079,"COMMON_ACS":625625000,"CURRENTDEBT_DEBT":57.08317033096,"ISSUED_COMMON_SHARES":340687122,"HK_COMMON_SHARES":340687122,"PER_SHARES":100,"TOTAL_MARKET_CAP":3052556613.12,"HKSK_MARKET_CAP":3052556613.12,"PE_TTM":14.893992971416,"PB_TTM":1.470541088469,"REPORT_DATE_SQ":"2022-12-31 00:00:00","REPORT_TYPE_SQ":"2022年年报","OPERATE_INCOME_SQ":510714118,"DPS_HKD":null,"OPERATE_INCOME_QOQ_SQ":-13.958292117176,"NET_PROFIT_RATIO_SQ":14.6706668485,"HOLDER_PROFIT_SQ":74925166.8,"HOLDER_PROFIT_QOQ_SQ":-39.954214559418,"ROE_AVG_SQ":4.418523462368,"PE_TTM_SQ":13.11716048574,"PB_TTM_SQ":1.326836428508,"ROA_SQ":3.182082373872,"START_DATE":"2023-01-01 00:00:00","FISCAL_YEAR":"12-31","CURRENCY":"HKD","IS_CNY_CODE":0,"DPS_HKD_LY":0.117,"ORG_TYPE":"一般企业","PREMIUM_INCOME":null,"PREMIUM_INCOME_YOY":null,"NET_INTEREST_INCOME":null,"NET_INTEREST_INCOME_YOY":null,"FEE_COMMISSION_INCOME":null,"FEE_COMMISSION_INCOME_YOY":null,"ACCOUNTS_RECE_TDAYS":0.883204971341,"INVENTORY_TDAYS":5.797570126854,"CURRENT_ASSETS_TDAYS":0.485852890166,"TOTAL_ASSETS_TDAYS":0.26984592332,"PREMIUM_EXPENSE":null,"LOAN_DEPOSIT":null,"LOAN_EQUITY":null,"LOAN_ASSETS":null,"DEPOSIT_EQUITY":null,"DEPOSIT_ASSETS":null,"EQUITY_MULTIPLIER":1.251227537731,"EQUITY_RATIO":0.25122753773},{"SECUCODE":"01970.HK","SECURITY_CODE":"01970","SECURITY_NAME_ABBR":"IMAX CHINA","ORG_CODE":"10472819","STD_REPORT_DATE":"2023-06-30 00:00:00","REPORT_DATE":"2023-06-30 00:00:00","DATE_TYPE_CODE":"002","REPORT_TYPE":"2023年中报","PER_NETCASH_OPERATE":0.255376333085,"PER_OI":0.964778678114,"BPS":4.992713871938,"BASIC_EPS":0.289032,"DILUTED_EPS":0.289032,"OPERATE_INCOME":327632223.6,"OPERATE_INCOME_YOY":38.6054473757,"GROSS_PROFIT":207510524.4,"GROSS_PROFIT_YOY":66.008651932113,"HOLDER_PROFIT":100265200.8,"HOLDER_PROFIT_YOY":1711.4882506527,"GROSS_PROFIT_RATIO":63.336420978342,"EPS_TTM":0.500744607791,"OPERATE_INCOME_QOQ":21.162954300786,"NET_PROFIT_RATIO":30.6029729611,"ROE_AVG":5.923939957991,"GROSS_PROFIT_QOQ":29.84395679621,"ROA":4.297618439248,"HOLDER_PROFIT_QOQ":126.959034544318,"ROE_YEARLY":11.847879915982,"ROIC_YEARLY":11.162820631428,"TOTAL_ASSETS":2307559230,"TOTAL_LIABILITIES":606605910,"TAX_EBT":17.762105138387,"OCF_SALES":26.469939570376,"TOTAL_PARENT_EQUITY":1700953320,"DEBT_ASSET_RATIO":26.287772037,"OPERATE_PROFIT":118712668.2,"PRETAX_PROFIT":121920923.4,"NETCASH_OPERATE":86724051.6,"NETCASH_INVEST":-12811343.4,"NETCASH_FINANCE":-70408195.2,"END_CASH":531522622.2,"DIVI_RATIO":null,"DIVIDEND_RATE":null,"CURRENT_RATIO":3.129406050513,"COMMON_ACS":625625000,"CURRENTDEBT_DEBT":68.669446098868,"ISSUED_COMMON_SHARES":340687122,"HK_COMMON_SHARES":340687122,"PER_SHARES":100,"TOTAL_MARKET_CAP":3052556613.12,"HKSK_MARKET_CAP":3052556613.12,"PE_TTM":14.893992971416,"PB_TTM":1.434649676057,"REPORT_DATE_SQ":"2022-06-30 00:00:00","REPORT_TYPE_SQ":"2022年中报","OPERATE_INCOME_SQ":219550028.2,"DPS_HKD":null,"OPERATE_INCOME_QOQ_SQ":-17.466926627158,"NET_PROFIT_RATIO_SQ":2.3415767432,"HOLDER_PROFIT_SQ":5140932.4,"HOLDER_PROFIT_QOQ_SQ":-48.789298812435,"ROE_AVG_SQ":0.315055196354,"PE_TTM_SQ":13.11716048574,"PB_TTM_SQ":1.326836428508,"ROA_SQ":0.226188560351,"START_DATE":"2023-01-01 00:00:00","FISCAL_YEAR":"12-31","CURRENCY":"HKD","IS_CNY_CODE":0,"DPS_HKD_LY":0.117,"ORG_TYPE":"一般企业","PREMIUM_INCOME":null,"PREMIUM_INCOME_YOY":null,"NET_INTEREST_INCOME":null,"NET_INTEREST_INCOME_YOY":null,"FEE_COMMISSION_INCOME":null,"FEE_COMMISSION_INCOME_YOY":null,"ACCOUNTS_RECE_TDAYS":0.48840703818,"INVENTORY_TDAYS":3.49610935857,"CURRENT_ASSETS_TDAYS":0.255710801246,"TOTAL_ASSETS_TDAYS":0.140431403338,"PREMIUM_EXPENSE":null,"LOAN_DEPOSIT":null,"LOAN_EQUITY":null,"LOAN_ASSETS":null,"DEPOSIT_EQUITY":null,"DEPOSIT_ASSETS":null,"EQUITY_MULTIPLIER":1.356627017843,"EQUITY_RATIO":0.356627017842},{"SECUCODE":"01970.HK","SECURITY_CODE":"01970","SECURITY_NAME_ABBR":"IMAX CHINA","ORG_CODE":"10472819","STD_REPORT_DATE":"2022-12-31 00:00:00","REPORT_DATE":"2022-12-31 00:00:00","DATE_TYPE_CODE":"001","REPORT_TYPE":"2022年年报","PER_NETCASH_OPERATE":0.023780141961,"PER_OI":1.505870302218,"BPS":4.764645172587,"BASIC_EPS":0.208938,"DILUTED_EPS":0.208938,"OPERATE_INCOME":510714118,"OPERATE_INCOME_YOY":-34.9917110664,"GROSS_PROFIT":276473726.2,"GROSS_PROFIT_YOY":-36.40572221121,"HOLDER_PROFIT":74925166.8,"HOLDER_PROFIT_YOY":-71.8502237224,"GROSS_PROFIT_RATIO":54.134733396973,"EPS_TTM":0.220921215209,"OPERATE_INCOME_QOQ":-13.958292117176,"NET_PROFIT_RATIO":14.6706668485,"ROE_AVG":4.418523462368,"GROSS_PROFIT_QOQ":-20.040722441953,"ROA":3.182082373872,"HOLDER_PROFIT_QOQ":-39.954214559418,"ROE_YEARLY":4.418523462368,"ROIC_YEARLY":4.273694413767,"TOTAL_ASSETS":2273266333.8,"TOTAL_LIABILITIES":650013082.6,"TAX_EBT":29.598848242916,"OCF_SALES":1.579162689213,"TOTAL_PARENT_EQUITY":1623253251.2,"DEBT_ASSET_RATIO":28.5937935619,"OPERATE_PROFIT":100359886,"PRETAX_PROFIT":106426052.6,"NETCASH_OPERATE":8065006.8,"NETCASH_INVEST":-95721462.4,"NETCASH_FINANCE":-40659334.8,"END_CASH":522149991.2,"DIVI_RATIO":null,"DIVIDEND_RATE":null,"CURRENT_RATIO":2.773539852592,"COMMON_ACS":625625000,"CURRENTDEBT_DEBT":67.307754122425,"ISSUED_COMMON_SHARES":340687122,"HK_COMMON_SHARES":340687122,"PER_SHARES":100,"TOTAL_MARKET_CAP":3052556613.12,"HKSK_MARKET_CAP":3052556613.12,"PE_TTM":14.893992971416,"PB_TTM":1.470541088469,"REPORT_DATE_SQ":"2021-12-31 00:00:00","REPORT_TYPE_SQ":"2021年年报","OPERATE_INCOME_SQ":719185335.7,"DPS_HKD":null,"OPERATE_INCOME_QOQ_SQ":12.467512489856,"NET_PROFIT_RATIO_SQ":33.8800187942,"HOLDER_PROFIT_SQ":243660126.9,"HOLDER_PROFIT_QOQ_SQ":22.386976390623,"ROE_AVG_SQ":15.743876214252,"PE_TTM_SQ":13.11716048574,"PB_TTM_SQ":1.326836428508,"ROA_SQ":11.165550608281,"START_DATE":"2022-01-01 00:00:00","FISCAL_YEAR":"12-31","CURRENCY":"HKD","IS_CNY_CODE":0,"DPS_HKD_LY":0.218,"ORG_TYPE":"一般企业","PREMIUM_INCOME":null,"PREMIUM_INCOME_YOY":null,"NET_INTEREST_INCOME":null,"NET_INTEREST_INCOME_YOY":null,"FEE_COMMISSION_INCOME":null,"FEE_COMMISSION_INCOME_YOY":null,"ACCOUNTS_RECE_TDAYS":0.922906532587,"INVENTORY_TDAYS":6.296545914069,"CURRENT_ASSETS_TDAYS":0.415575730785,"TOTAL_ASSETS_TDAYS":0.216901004347,"PREMIUM_EXPENSE":null,"LOAN_DEPOSIT":null,"LOAN_EQUITY":null,"LOAN_ASSETS":null,"DEPOSIT_EQUITY":null,"DEPOSIT_ASSETS":null,"EQUITY_MULTIPLIER":1.400438491109,"EQUITY_RATIO":0.40043849111},{"SECUCODE":"01970.HK","SECURITY_CODE":"01970","SECURITY_NAME_ABBR":"IMAX CHINA","ORG_CODE":"10472819","STD_REPORT_DATE":"2022-06-30 00:00:00","REPORT_DATE":"2022-06-30 00:00:00","DATE_TYPE_CODE":"002","REPORT_TYPE":"2022年中报","PER_NETCASH_OPERATE":-0.081785598509,"PER_OI":0.644531988444,"BPS":4.577911226125,"BASIC_EPS":0,"DILUTED_EPS":0,"OPERATE_INCOME":219550028.2,"OPERATE_INCOME_YOY":-38.7752428366,"GROSS_PROFIT":124999825,"GROSS_PROFIT_YOY":-41.582831919501,"HOLDER_PROFIT":5140932.4,"HOLDER_PROFIT_YOY":-96.0100010418,"GROSS_PROFIT_RATIO":56.934552012961,"EPS_TTM":0.366316235653,"OPERATE_INCOME_QOQ":-17.466926627158,"NET_PROFIT_RATIO":2.3415767432,"ROE_AVG":0.315055196354,"GROSS_PROFIT_QOQ":-20.46666787025,"ROA":0.226188560351,"HOLDER_PROFIT_QOQ":-48.789298812435,"ROE_YEARLY":0.630110392708,"ROIC_YEARLY":0.609614156419,"TOTAL_ASSETS":2198339204.2,"TOTAL_LIABILITIES":638703803.8,"TAX_EBT":72.681883024251,"OCF_SALES":-12.689144988231,"TOTAL_PARENT_EQUITY":1559635400.4,"DEBT_ASSET_RATIO":29.0539240978,"OPERATE_PROFIT":14255013.6,"PRETAX_PROFIT":18818765.6,"NETCASH_OPERATE":-27859021.4,"NETCASH_INVEST":-50174426.4,"NETCASH_FINANCE":-42187860.4,"END_CASH":516516055.4,"DIVI_RATIO":null,"DIVIDEND_RATE":null,"CURRENT_RATIO":2.910913253625,"COMMON_ACS":625625000,"CURRENTDEBT_DEBT":61.959502768817,"ISSUED_COMMON_SHARES":340687122,"HK_COMMON_SHARES":340687122,"PER_SHARES":100,"TOTAL_MARKET_CAP":3052556613.12,"HKSK_MARKET_CAP":3052556613.12,"PE_TTM":14.893992971416,"PB_TTM":1.434649676057,"REPORT_DATE_SQ":"2021-06-30 00:00:00","REPORT_TYPE_SQ":"2021年中报","OPERATE_INCOME_SQ":345169603.1,"DPS_HKD":null,"OPERATE_INCOME_QOQ_SQ":87.2754459325,"NET_PROFIT_RATIO_SQ":35.9304523591,"HOLDER_PROFIT_SQ":124020999.8,"HOLDER_PROFIT_QOQ_SQ":214.111716757487,"ROE_AVG_SQ":7.959567816778,"PE_TTM_SQ":13.11716048574,"PB_TTM_SQ":1.326836428508,"ROA_SQ":5.564807044852,"START_DATE":"2022-01-01 00:00:00","FISCAL_YEAR":"12-31","CURRENCY":"HKD","IS_CNY_CODE":0,"DPS_HKD_LY":0.218,"ORG_TYPE":"一般企业","PREMIUM_INCOME":null,"PREMIUM_INCOME_YOY":null,"NET_INTEREST_INCOME":null,"NET_INTEREST_INCOME_YOY":null,"FEE_COMMISSION_INCOME":null,"FEE_COMMISSION_INCOME_YOY":null,"ACCOUNTS_RECE_TDAYS":0.427062663185,"INVENTORY_TDAYS":2.486190770317,"CURRENT_ASSETS_TDAYS":0.186761209069,"TOTAL_ASSETS_TDAYS":0.096596688966,"PREMIUM_EXPENSE":null,"LOAN_DEPOSIT":null,"LOAN_EQUITY":null,"LOAN_ASSETS":null,"DEPOSIT_EQUITY":null,"DEPOSIT_ASSETS":null,"EQUITY_MULTIPLIER":1.409521227613,"EQUITY_RATIO":0.409521227613},{"SECUCODE":"01970.HK","SECURITY_CODE":"01970","SECURITY_NAME_ABBR":"IMAX CHINA","ORG_CODE":"10472819","STD_REPORT_DATE":"2021-12-31 00:00:00","REPORT_DATE":"2021-12-31 00:00:00","DATE_TYPE_CODE":"001","REPORT_TYPE":"2021年年报","PER_NETCASH_OPERATE":0.561671304116,"PER_OI":2.102372072458,"BPS":4.751133400927,"BASIC_EPS":0.701327,"DILUTED_EPS":0.701327,"OPERATE_INCOME":719185335.7,"OPERATE_INCOME_YOY":115.5529227418,"GROSS_PROFIT":434746231.6,"GROSS_PROFIT_YOY":244.388257036383,"HOLDER_PROFIT":243660126.9,"HOLDER_PROFIT_YOY":242.926063054,"GROSS_PROFIT_RATIO":60.449818707281,"EPS_TTM":0.712284053272,"OPERATE_INCOME_QOQ":12.467512489856,"NET_PROFIT_RATIO":33.8800187942,"ROE_AVG":15.743876214252,"GROSS_PROFIT_QOQ":17.871560262918,"ROA":11.165550608281,"HOLDER_PROFIT_QOQ":22.386976390623,"ROE_YEARLY":15.743876214252,"ROIC_YEARLY":15.337628902182,"TOTAL_ASSETS":2229952080.6,"TOTAL_LIABILITIES":611302116,"TAX_EBT":24.304785295516,"OCF_SALES":26.716075212099,"TOTAL_PARENT_EQUITY":1618649964.6,"DEBT_ASSET_RATIO":27.4132400117,"OPERATE_PROFIT":314341137.1,"PRETAX_PROFIT":321896341.6,"NETCASH_OPERATE":192138095.2,"NETCASH_INVEST":64949255.9,"NETCASH_FINANCE":-212782611.8,"END_CASH":623141790.9,"DIVI_RATIO":null,"DIVIDEND_RATE":null,"CURRENT_RATIO":3.036245921697,"COMMON_ACS":625625000,"CURRENTDEBT_DEBT":61.376720901126,"ISSUED_COMMON_SHARES":340687122,"HK_COMMON_SHARES":340687122,"PER_SHARES":100,"TOTAL_MARKET_CAP":3052556613.12,"HKSK_MARKET_CAP":3052556613.12,"PE_TTM":14.893992971416,"PB_TTM":1.434649676057,"REPORT_DATE_SQ":"2020-12-31 00:00:00","REPORT_TYPE_SQ":"2020年年报","OPERATE_INCOME_SQ":341454541.9,"DPS_HKD":null,"OPERATE_INCOME_QOQ_SQ":-32.638174027171,"NET_PROFIT_RATIO_SQ":-51.0959087348,"HOLDER_PROFIT_SQ":-174469301.1,"HOLDER_PROFIT_QOQ_SQ":-51.632986778652,"ROE_AVG_SQ":-10.899707930711,"PE_TTM_SQ":13.11716048574,"PB_TTM_SQ":1.326836428508,"ROA_SQ":-8.065321290198,"START_DATE":"2021-01-01 00:00:00","FISCAL_YEAR":"12-31","CURRENCY":"HKD","IS_CNY_CODE":0,"DPS_HKD_LY":0.372,"ORG_TYPE":"一般企业","PREMIUM_INCOME":null,"PREMIUM_INCOME_YOY":null,"NET_INTEREST_INCOME":null,"NET_INTEREST_INCOME_YOY":null,"FEE_COMMISSION_INCOME":null,"FEE_COMMISSION_INCOME_YOY":null,"ACCOUNTS_RECE_TDAYS":1.739387210683,"INVENTORY_TDAYS":7.545539112051,"CURRENT_ASSETS_TDAYS":0.669174069735,"TOTAL_ASSETS_TDAYS":0.329561523449,"PREMIUM_EXPENSE":null,"LOAN_DEPOSIT":null,"LOAN_EQUITY":null,"LOAN_ASSETS":null,"DEPOSIT_EQUITY":null,"DEPOSIT_ASSETS":null,"EQUITY_MULTIPLIER":1.377661711531,"EQUITY_RATIO":0.377661711531},{"SECUCODE":"01970.HK","SECURITY_CODE":"01970","SECURITY_NAME_ABBR":"IMAX CHINA","ORG_CODE":"10472819","STD_REPORT_DATE":"2021-06-30 00:00:00","REPORT_DATE":"2021-06-30 00:00:00","DATE_TYPE_CODE":"002","REPORT_TYPE":"2021年中报","PER_NETCASH_OPERATE":0.298448652649,"PER_OI":0.990829499172,"BPS":4.7553215064,"BASIC_EPS":0.387606,"DILUTED_EPS":0.323005,"OPERATE_INCOME":345169603.1,"OPERATE_INCOME_YOY":702.0264184929,"GROSS_PROFIT":213977892.3,"GROSS_PROFIT_YOY":847.773396289312,"HOLDER_PROFIT":124020999.8,"HOLDER_PROFIT_YOY":154.4655015887,"GROSS_PROFIT_RATIO":61.99210196328,"EPS_TTM":0.571499224441,"OPERATE_INCOME_QOQ":87.2754459325,"NET_PROFIT_RATIO":35.9304523591,"ROE_AVG":7.959567816778,"GROSS_PROFIT_QOQ":192.172476777441,"ROA":5.564807044852,"HOLDER_PROFIT_QOQ":214.111716757487,"ROE_YEARLY":15.919135633556,"ROIC_YEARLY":15.792471882153,"TOTAL_ASSETS":2294530618.5,"TOTAL_LIABILITIES":674453820.3,"TAX_EBT":24.846349579174,"OCF_SALES":30.121090752559,"TOTAL_PARENT_EQUITY":1620076798.2,"DEBT_ASSET_RATIO":29.3939777862,"OPERATE_PROFIT":161263476.3,"PRETAX_PROFIT":165023254.5,"NETCASH_OPERATE":103968849.4,"NETCASH_INVEST":96991941.4,"NETCASH_FINANCE":-34962061.2,"END_CASH":744526525,"DIVI_RATIO":null,"DIVIDEND_RATE":null,"CURRENT_RATIO":3.067147595891,"COMMON_ACS":625625000,"CURRENTDEBT_DEBT":59.482965048897,"ISSUED_COMMON_SHARES":340687122,"HK_COMMON_SHARES":340687122,"PER_SHARES":100,"TOTAL_MARKET_CAP":3052556613.12,"HKSK_MARKET_CAP":3052556613.12,"PE_TTM":14.893992971416,"PB_TTM":1.434649676057,"REPORT_DATE_SQ":"2020-06-30 00:00:00","REPORT_TYPE_SQ":"2020年中报","OPERATE_INCOME_SQ":47163629,"DPS_HKD":null,"OPERATE_INCOME_QOQ_SQ":-41.541192033125,"NET_PROFIT_RATIO_SQ":-529.0903632543,"HOLDER_PROFIT_SQ":-249538216,"HOLDER_PROFIT_QOQ_SQ":-138.452093215664,"ROE_AVG_SQ":-14.989326143719,"PE_TTM_SQ":13.11716048574,"PB_TTM_SQ":1.326836428508,"ROA_SQ":-11.268524187142,"START_DATE":"2021-01-01 00:00:00","FISCAL_YEAR":"12-31","CURRENCY":"HKD","IS_CNY_CODE":0,"DPS_HKD_LY":0.372,"ORG_TYPE":"一般企业","PREMIUM_INCOME":null,"PREMIUM_INCOME_YOY":null,"NET_INTEREST_INCOME":null,"NET_INTEREST_INCOME_YOY":null,"FEE_COMMISSION_INCOME":null,"FEE_COMMISSION_INCOME_YOY":null,"ACCOUNTS_RECE_TDAYS":0.857530333184,"INVENTORY_TDAYS":3.560932842364,"CURRENT_ASSETS_TDAYS":0.306252758401,"TOTAL_ASSETS_TDAYS":0.154877177421,"PREMIUM_EXPENSE":null,"LOAN_DEPOSIT":null,"LOAN_EQUITY":null,"LOAN_ASSETS":null,"DEPOSIT_EQUITY":null,"DEPOSIT_ASSETS":null,"EQUITY_MULTIPLIER":1.416309782998,"EQUITY_RATIO":0.416309782999},{"SECUCODE":"01970.HK","SECURITY_CODE":"01970","SECURITY_NAME_ABBR":"IMAX CHINA","ORG_CODE":"10472819","STD_REPORT_DATE":"2020-12-31 00:00:00","REPORT_DATE":"2020-12-31 00:00:00","DATE_TYPE_CODE":"001","REPORT_TYPE":"2020年年报","PER_NETCASH_OPERATE":0.172991023479,"PER_OI":0.981013572787,"BPS":4.435759064001,"BASIC_EPS":-0.521992,"DILUTED_EPS":-0.521992,"OPERATE_INCOME":341454541.9,"OPERATE_INCOME_YOY":-57.8974045408,"GROSS_PROFIT":126237240.3,"GROSS_PROFIT_YOY":-76.391227464299,"HOLDER_PROFIT":-174469301.1,"HOLDER_PROFIT_YOY":-162.3388431679,"GROSS_PROFIT_RATIO":36.970438172403,"EPS_TTM":-0.501257799827,"OPERATE_INCOME_QOQ":-32.638174027171,"NET_PROFIT_RATIO":-51.0959087348,"ROE_AVG":-10.899707930711,"GROSS_PROFIT_QOQ":-43.619838508976,"ROA":-8.065321290198,"HOLDER_PROFIT_QOQ":-51.632986778652,"ROE_YEARLY":-10.899707930711,"ROIC_YEARLY":-11.020006965037,"TOTAL_ASSETS":2184497370.6,"TOTAL_LIABILITIES":673291381.2,"TAX_EBT":-210.774058577406,"OCF_SALES":17.633907244272,"TOTAL_PARENT_EQUITY":1511205989.4,"DEBT_ASSET_RATIO":30.8213408842,"OPERATE_PROFIT":-64113667.4,"PRETAX_PROFIT":-56140239.6,"NETCASH_OPERATE":60211777.2,"NETCASH_INVEST":-30797528,"NETCASH_FINANCE":-61431933.5,"END_CASH":577270952.8,"DIVI_RATIO":null,"DIVIDEND_RATE":null,"CURRENT_RATIO":2.664010356248,"COMMON_ACS":625625000,"CURRENTDEBT_DEBT":57.64333061984,"ISSUED_COMMON_SHARES":340687122,"HK_COMMON_SHARES":340687122,"PER_SHARES":100,"TOTAL_MARKET_CAP":3052556613.12,"HKSK_MARKET_CAP":3052556613.12,"PE_TTM":14.893992971416,"PB_TTM":1.434649676057,"REPORT_DATE_SQ":"2019-12-31 00:00:00","REPORT_TYPE_SQ":"2019年年报","OPERATE_INCOME_SQ":867099802.8,"DPS_HKD":null,"OPERATE_INCOME_QOQ_SQ":-0.705607595574,"NET_PROFIT_RATIO_SQ":34.5093085748,"HOLDER_PROFIT_SQ":299230146.6,"HOLDER_PROFIT_QOQ_SQ":-7.315533070727,"ROE_AVG_SQ":16.731940987853,"PE_TTM_SQ":13.11716048574,"PB_TTM_SQ":1.326836428508,"ROA_SQ":13.045117927039,"START_DATE":"2020-01-01 00:00:00","FISCAL_YEAR":"12-31","CURRENCY":"HKD","IS_CNY_CODE":0,"DPS_HKD_LY":0.311,"ORG_TYPE":"一般企业","PREMIUM_INCOME":null,"PREMIUM_INCOME_YOY":null,"NET_INTEREST_INCOME":null,"NET_INTEREST_INCOME_YOY":null,"FEE_COMMISSION_INCOME":null,"FEE_COMMISSION_INCOME_YOY":null,"ACCOUNTS_RECE_TDAYS":0.918482505638,"INVENTORY_TDAYS":5.887371709058,"CURRENT_ASSETS_TDAYS":0.335514273349,"TOTAL_ASSETS_TDAYS":0.157846713952,"PREMIUM_EXPENSE":null,"LOAN_DEPOSIT":null,"LOAN_EQUITY":null,"LOAN_ASSETS":null,"DEPOSIT_EQUITY":null,"DEPOSIT_ASSETS":null,"EQUITY_MULTIPLIER":1.445532499157,"EQUITY_RATIO":0.445532499158},{"SECUCODE":"01970.HK","SECURITY_CODE":"01970","SECURITY_NAME_ABBR":"IMAX CHINA","ORG_CODE":"10472819","STD_REPORT_DATE":"2020-06-30 00:00:00","REPORT_DATE":"2020-06-30 00:00:00","DATE_TYPE_CODE":"002","REPORT_TYPE":"2020年中报","PER_NETCASH_OPERATE":-0.07758350888,"PER_OI":0.135339443875,"BPS":4.390349458234,"BASIC_EPS":-0.70795,"DILUTED_EPS":-0.70795,"OPERATE_INCOME":47163629,"OPERATE_INCOME_YOY":-88.7572566491,"GROSS_PROFIT":-28615339,"GROSS_PROFIT_YOY":-110.14060165135,"HOLDER_PROFIT":-249538216,"HOLDER_PROFIT_YOY":-247.081160025,"GROSS_PROFIT_RATIO":-60.672470729511,"EPS_TTM":-0.330173721583,"OPERATE_INCOME_QOQ":-41.541192033125,"NET_PROFIT_RATIO":-529.0903632543,"ROE_AVG":-14.989326143719,"GROSS_PROFIT_QOQ":-58.125745100145,"ROA":-11.268524187142,"HOLDER_PROFIT_QOQ":-138.452093215664,"ROE_YEARLY":-29.978652287437,"ROIC_YEARLY":-30.50210173569,"TOTAL_ASSETS":2104976053,"TOTAL_LIABILITIES":609240531.5,"TAX_EBT":-62.134314627415,"OCF_SALES":-57.325127589313,"TOTAL_PARENT_EQUITY":1495735521.5,"DEBT_ASSET_RATIO":28.9428723254,"OPERATE_PROFIT":-158573720.5,"PRETAX_PROFIT":-153908330,"NETCASH_OPERATE":-27036610.5,"NETCASH_INVEST":-9090078,"NETCASH_FINANCE":-63595148.5,"END_CASH":524279452,"DIVI_RATIO":null,"DIVIDEND_RATE":null,"CURRENT_RATIO":3.274384977916,"COMMON_ACS":625625000,"CURRENTDEBT_DEBT":47.093205666012,"ISSUED_COMMON_SHARES":340687122,"HK_COMMON_SHARES":340687122,"PER_SHARES":100,"TOTAL_MARKET_CAP":3052556613.12,"HKSK_MARKET_CAP":3052556613.12,"PE_TTM":14.893992971416,"PB_TTM":1.434649676057,"REPORT_DATE_SQ":"2019-06-30 00:00:00","REPORT_TYPE_SQ":"2019年中报","OPERATE_INCOME_SQ":407367223.2,"DPS_HKD":null,"OPERATE_INCOME_QOQ_SQ":8.269449152596,"NET_PROFIT_RATIO_SQ":40.4431618739,"HOLDER_PROFIT_SQ":164752185.5,"HOLDER_PROFIT_QOQ_SQ":9.997612202171,"ROE_AVG_SQ":9.511562511783,"PE_TTM_SQ":13.11716048574,"PB_TTM_SQ":1.326836428508,"ROA_SQ":7.141165024531,"START_DATE":"2020-01-01 00:00:00","FISCAL_YEAR":"12-31","CURRENCY":"HKD","IS_CNY_CODE":0,"DPS_HKD_LY":0.311,"ORG_TYPE":"一般企业","PREMIUM_INCOME":null,"PREMIUM_INCOME_YOY":null,"NET_INTEREST_INCOME":null,"NET_INTEREST_INCOME_YOY":null,"FEE_COMMISSION_INCOME":null,"FEE_COMMISSION_INCOME_YOY":null,"ACCOUNTS_RECE_TDAYS":0.130963848316,"INVENTORY_TDAYS":1.673676804003,"CURRENT_ASSETS_TDAYS":0.046556808811,"TOTAL_ASSETS_TDAYS":0.02129791992,"PREMIUM_EXPENSE":null,"LOAN_DEPOSIT":null,"LOAN_EQUITY":null,"LOAN_ASSETS":null,"DEPOSIT_EQUITY":null,"DEPOSIT_ASSETS":null,"EQUITY_MULTIPLIER":1.407318354577,"EQUITY_RATIO":0.407318354577}],"count":23},"success":true,"message":"ok","code":0}