{"version":"e1eb5257476956f427d05e24d3e0b876","result":{"pages":7,"data":[{"SECUCODE":"01988.HK","SECURITY_CODE":"01988","SECURITY_NAME_ABBR":"民生银行","ORG_CODE":"10002264","STD_REPORT_DATE":"2024-09-30 00:00:00","REPORT_DATE":"2024-09-30 00:00:00","DATE_TYPE_CODE":"004","REPORT_TYPE":"2024年三季报","PER_NETCASH_OPERATE":-4.44470649768,"PER_OI":2.321936600998,"BPS":12.513904410625,"BASIC_EPS":0.6,"DILUTED_EPS":0.6,"OPERATE_INCOME":101660000000,"OPERATE_INCOME_YOY":-4.3686032511,"GROSS_PROFIT":null,"GROSS_PROFIT_YOY":null,"HOLDER_PROFIT":30486000000,"HOLDER_PROFIT_YOY":-9.205706287,"GROSS_PROFIT_RATIO":null,"EPS_TTM":0.747606028171,"OPERATE_INCOME_QOQ":-0.2742051806,"NET_PROFIT_RATIO":30.2144402912,"ROE_AVG":4.848702694492,"GROSS_PROFIT_QOQ":null,"ROA":0.396618091163,"HOLDER_PROFIT_QOQ":-5.179606025492,"ROE_YEARLY":6.46493692599,"ROIC_YEARLY":0.416103900677,"TOTAL_ASSETS":7698010000000,"TOTAL_LIABILITIES":7051721000000,"TAX_EBT":4.183173721808,"OCF_SALES":-191.422388353335,"TOTAL_PARENT_EQUITY":632889000000,"DEBT_ASSET_RATIO":91.6044666089,"OPERATE_PROFIT":32052000000,"PRETAX_PROFIT":32057000000,"NETCASH_OPERATE":-194600000000,"NETCASH_INVEST":4335000000,"NETCASH_FINANCE":135593000000,"END_CASH":183142000000,"DIVI_RATIO":0.460435733374,"DIVIDEND_RATE":10.183701612903,"CURRENT_RATIO":null,"COMMON_ACS":null,"CURRENTDEBT_DEBT":null,"ISSUED_COMMON_SHARES":43782418502,"HK_COMMON_SHARES":8320295289,"PER_SHARES":500,"TOTAL_MARKET_CAP":162870596827.44,"HKSK_MARKET_CAP":30951498475.08,"PE_TTM":4.432428020259,"PB_TTM":0.268074510554,"REPORT_DATE_SQ":"2023-09-30 00:00:00","REPORT_TYPE_SQ":"2023年三季报","OPERATE_INCOME_SQ":106304000000,"DPS_HKD":0.3788337,"OPERATE_INCOME_QOQ_SQ":0.422439146028,"NET_PROFIT_RATIO_SQ":31.830410897,"HOLDER_PROFIT_SQ":33577000000,"HOLDER_PROFIT_QOQ_SQ":1.918158567775,"ROE_AVG_SQ":5.499949631161,"PE_TTM_SQ":3.120277442711,"PB_TTM_SQ":0.210768475953,"ROA_SQ":0.454426418095,"START_DATE":"2024-01-01 00:00:00","FISCAL_YEAR":"12-31","CURRENCY":"HKD","IS_CNY_CODE":0,"DPS_HKD_LY":0.3788337,"ORG_TYPE":"银行","PREMIUM_INCOME":null,"PREMIUM_INCOME_YOY":null,"NET_INTEREST_INCOME":73743000000,"NET_INTEREST_INCOME_YOY":-4.487876903948,"FEE_COMMISSION_INCOME":14288000000,"FEE_COMMISSION_INCOME_YOY":null,"ACCOUNTS_RECE_TDAYS":null,"INVENTORY_TDAYS":null,"CURRENT_ASSETS_TDAYS":null,"TOTAL_ASSETS_TDAYS":0.013225806976,"PREMIUM_EXPENSE":null,"LOAN_DEPOSIT":106.820201571131,"LOAN_EQUITY":7.048795507892,"LOAN_ASSETS":59.178398053523,"DEPOSIT_EQUITY":6.598747619099,"DEPOSIT_ASSETS":55.40000597557,"EQUITY_MULTIPLIER":11.911095500616,"EQUITY_RATIO":11.142113387972},{"SECUCODE":"01988.HK","SECURITY_CODE":"01988","SECURITY_NAME_ABBR":"民生银行","ORG_CODE":"10002264","STD_REPORT_DATE":"2024-06-30 00:00:00","REPORT_DATE":"2024-06-30 00:00:00","DATE_TYPE_CODE":"002","REPORT_TYPE":"2024年中报","PER_NETCASH_OPERATE":-6.483036106994,"PER_OI":1.49806708364,"BPS":12.359778616964,"BASIC_EPS":0.43,"DILUTED_EPS":0.43,"OPERATE_INCOME":65589000000,"OPERATE_INCOME_YOY":-6.1244060228,"GROSS_PROFIT":null,"GROSS_PROFIT_YOY":null,"HOLDER_PROFIT":22474000000,"HOLDER_PROFIT_YOY":-5.4800857972,"GROSS_PROFIT_RATIO":null,"EPS_TTM":0.788444338643,"OPERATE_INCOME_QOQ":-1.318842621079,"NET_PROFIT_RATIO":34.6231837656,"ROE_AVG":3.682019884611,"GROSS_PROFIT_QOQ":null,"ROA":0.295205995963,"HOLDER_PROFIT_QOQ":-1.433384729599,"ROE_YEARLY":7.364039769223,"ROIC_YEARLY":0.619128051227,"TOTAL_ASSETS":7551013000000,"TOTAL_LIABILITIES":6941371000000,"TAX_EBT":3.267166467882,"OCF_SALES":-432.760066474561,"TOTAL_PARENT_EQUITY":596141000000,"DEBT_ASSET_RATIO":91.9263547818,"OPERATE_PROFIT":23476000000,"PRETAX_PROFIT":23476000000,"NETCASH_OPERATE":-283843000000,"NETCASH_INVEST":34359000000,"NETCASH_FINANCE":125005000000,"END_CASH":113038000000,"DIVI_RATIO":0.436586976385,"DIVIDEND_RATE":12.299795454545,"CURRENT_RATIO":null,"COMMON_ACS":null,"CURRENTDEBT_DEBT":null,"ISSUED_COMMON_SHARES":43782418502,"HK_COMMON_SHARES":8320295289,"PER_SHARES":500,"TOTAL_MARKET_CAP":134849848986.16,"HKSK_MARKET_CAP":25626509490.12,"PE_TTM":3.669859758709,"PB_TTM":0.221954164652,"REPORT_DATE_SQ":"2023-06-30 00:00:00","REPORT_TYPE_SQ":"2023年中报","OPERATE_INCOME_SQ":69868000000,"DPS_HKD":0.3788337,"OPERATE_INCOME_QOQ_SQ":-2.157751976923,"NET_PROFIT_RATIO_SQ":34.3104139234,"HOLDER_PROFIT_SQ":23777000000,"HOLDER_PROFIT_QOQ_SQ":-3.826480699891,"ROE_AVG_SQ":3.919241568982,"PE_TTM_SQ":2.950697146911,"PB_TTM_SQ":0.199313667477,"ROA_SQ":0.319215977527,"START_DATE":"2024-01-01 00:00:00","FISCAL_YEAR":"12-31","CURRENCY":"HKD","IS_CNY_CODE":0,"DPS_HKD_LY":0.3788337,"ORG_TYPE":"银行","PREMIUM_INCOME":null,"PREMIUM_INCOME_YOY":null,"NET_INTEREST_INCOME":48582000000,"NET_INTEREST_INCOME_YOY":-5.360969338061,"FEE_COMMISSION_INCOME":9645000000,"FEE_COMMISSION_INCOME_YOY":null,"ACCOUNTS_RECE_TDAYS":null,"INVENTORY_TDAYS":null,"CURRENT_ASSETS_TDAYS":null,"TOTAL_ASSETS_TDAYS":0.008615407168,"PREMIUM_EXPENSE":null,"LOAN_DEPOSIT":109.774348682089,"LOAN_EQUITY":7.450193720249,"LOAN_ASSETS":60.150220904136,"DEPOSIT_EQUITY":6.786825710827,"DEPOSIT_ASSETS":54.794422946961,"EQUITY_MULTIPLIER":12.385978984384,"EQUITY_RATIO":11.643840970509},{"SECUCODE":"01988.HK","SECURITY_CODE":"01988","SECURITY_NAME_ABBR":"民生银行","ORG_CODE":"10002264","STD_REPORT_DATE":"2024-03-31 00:00:00","REPORT_DATE":"2024-03-31 00:00:00","DATE_TYPE_CODE":"003","REPORT_TYPE":"2024年一季报","PER_NETCASH_OPERATE":-2.909067254797,"PER_OI":0.782802804702,"BPS":12.430514773302,"BASIC_EPS":0.31,"DILUTED_EPS":0.31,"OPERATE_INCOME":34273000000,"OPERATE_INCOME_YOY":-6.798466266,"GROSS_PROFIT":null,"GROSS_PROFIT_YOY":null,"HOLDER_PROFIT":13431000000,"HOLDER_PROFIT_YOY":-5.6281618887,"GROSS_PROFIT_RATIO":null,"EPS_TTM":0.799910128272,"OPERATE_INCOME_QOQ":-1.819624283978,"NET_PROFIT_RATIO":39.3516762466,"ROE_AVG":2.125491176624,"GROSS_PROFIT_QOQ":null,"ROA":0.174400531447,"HOLDER_PROFIT_QOQ":-2.235993635374,"ROE_YEARLY":8.501964706497,"ROIC_YEARLY":0.731611360267,"TOTAL_ASSETS":7727511000000,"TOTAL_LIABILITIES":7075029000000,"TAX_EBT":11.578050219629,"OCF_SALES":-371.621976482946,"TOTAL_PARENT_EQUITY":639200000000,"DEBT_ASSET_RATIO":91.5563756558,"OPERATE_PROFIT":15236000000,"PRETAX_PROFIT":15253000000,"NETCASH_OPERATE":-127366000000,"NETCASH_INVEST":11242000000,"NETCASH_FINANCE":25777000000,"END_CASH":147926000000,"DIVI_RATIO":0.430329005334,"DIVIDEND_RATE":12.299795454545,"CURRENT_RATIO":null,"COMMON_ACS":null,"CURRENTDEBT_DEBT":null,"ISSUED_COMMON_SHARES":43782418502,"HK_COMMON_SHARES":8320295289,"PER_SHARES":500,"TOTAL_MARKET_CAP":134849848986.16,"HKSK_MARKET_CAP":25626509490.12,"PE_TTM":3.669859758709,"PB_TTM":0.221954164652,"REPORT_DATE_SQ":"2023-03-31 00:00:00","REPORT_TYPE_SQ":"2023年一季报","OPERATE_INCOME_SQ":36773000000,"DPS_HKD":0.3788337,"OPERATE_INCOME_QOQ_SQ":0.099842693885,"NET_PROFIT_RATIO_SQ":38.9470535447,"HOLDER_PROFIT_SQ":14232000000,"HOLDER_PROFIT_QOQ_SQ":1.440358388386,"ROE_AVG_SQ":2.342199416096,"PE_TTM_SQ":2.950697146911,"PB_TTM_SQ":0.199313667477,"ROA_SQ":0.19156350656,"START_DATE":"2024-01-01 00:00:00","FISCAL_YEAR":"12-31","CURRENCY":"HKD","IS_CNY_CODE":0,"DPS_HKD_LY":0.3788337,"ORG_TYPE":"银行","PREMIUM_INCOME":null,"PREMIUM_INCOME_YOY":null,"NET_INTEREST_INCOME":24262000000,"NET_INTEREST_INCOME_YOY":-4.363593361977,"FEE_COMMISSION_INCOME":5129000000,"FEE_COMMISSION_INCOME_YOY":null,"ACCOUNTS_RECE_TDAYS":null,"INVENTORY_TDAYS":null,"CURRENT_ASSETS_TDAYS":null,"TOTAL_ASSETS_TDAYS":0.004450323442,"PREMIUM_EXPENSE":null,"LOAN_DEPOSIT":106.744883899426,"LOAN_EQUITY":7.076538509875,"LOAN_ASSETS":59.751632834945,"DEPOSIT_EQUITY":6.629393607793,"DEPOSIT_ASSETS":55.976109254325,"EQUITY_MULTIPLIER":11.843255446187,"EQUITY_RATIO":11.068568523154},{"SECUCODE":"01988.HK","SECURITY_CODE":"01988","SECURITY_NAME_ABBR":"民生银行","ORG_CODE":"10002264","STD_REPORT_DATE":"2023-12-31 00:00:00","REPORT_DATE":"2023-12-31 00:00:00","DATE_TYPE_CODE":"001","REPORT_TYPE":"2023年年报","PER_NETCASH_OPERATE":1.682775929718,"PER_OI":3.138040444105,"BPS":12.097093265321,"BASIC_EPS":0.72,"DILUTED_EPS":0.72,"OPERATE_INCOME":137391000000,"OPERATE_INCOME_YOY":-1.3130391685,"GROSS_PROFIT":null,"GROSS_PROFIT_YOY":null,"HOLDER_PROFIT":35823000000,"HOLDER_PROFIT_YOY":1.5707845417,"GROSS_PROFIT_RATIO":null,"EPS_TTM":0.818205143198,"OPERATE_INCOME_QOQ":0.338866695392,"NET_PROFIT_RATIO":26.1923997933,"ROE_AVG":5.850897895519,"GROSS_PROFIT_QOQ":null,"ROA":0.479858931681,"HOLDER_PROFIT_QOQ":2.152959963499,"ROE_YEARLY":5.850897895519,"ROIC_YEARLY":0.50541654786,"TOTAL_ASSETS":7674965000000,"TOTAL_LIABILITIES":7037164000000,"TAX_EBT":3.672573478238,"OCF_SALES":53.625055498541,"TOTAL_PARENT_EQUITY":624602000000,"DEBT_ASSET_RATIO":91.6898513544,"OPERATE_PROFIT":37358000000,"PRETAX_PROFIT":37358000000,"NETCASH_OPERATE":73676000000,"NETCASH_INVEST":41764000000,"NETCASH_FINANCE":-7260000000,"END_CASH":237336000000,"DIVI_RATIO":0.420706876164,"DIVIDEND_RATE":12.299795454545,"CURRENT_RATIO":null,"COMMON_ACS":null,"CURRENTDEBT_DEBT":null,"ISSUED_COMMON_SHARES":43782418502,"HK_COMMON_SHARES":8320295289,"PER_SHARES":500,"TOTAL_MARKET_CAP":134849848986.16,"HKSK_MARKET_CAP":25626509490.12,"PE_TTM":3.669859758709,"PB_TTM":0.221954164652,"REPORT_DATE_SQ":"2022-12-31 00:00:00","REPORT_TYPE_SQ":"2022年年报","OPERATE_INCOME_SQ":139219000000,"DPS_HKD":0.3788337,"OPERATE_INCOME_QOQ_SQ":-2.99341532244,"NET_PROFIT_RATIO_SQ":25.6983601376,"HOLDER_PROFIT_SQ":35269000000,"HOLDER_PROFIT_QOQ_SQ":7.948702252693,"ROE_AVG_SQ":6.007283207064,"PE_TTM_SQ":2.950697146911,"PB_TTM_SQ":0.199313667477,"ROA_SQ":0.496450741069,"START_DATE":"2023-01-01 00:00:00","FISCAL_YEAR":"12-31","CURRENCY":"HKD","IS_CNY_CODE":0,"DPS_HKD_LY":0.235779,"ORG_TYPE":"银行","PREMIUM_INCOME":null,"PREMIUM_INCOME_YOY":null,"NET_INTEREST_INCOME":102431000000,"NET_INTEREST_INCOME_YOY":-4.682541898142,"FEE_COMMISSION_INCOME":19236000000,"FEE_COMMISSION_INCOME_YOY":null,"ACCOUNTS_RECE_TDAYS":null,"INVENTORY_TDAYS":null,"CURRENT_ASSETS_TDAYS":null,"TOTAL_ASSETS_TDAYS":0.018403902097,"PREMIUM_EXPENSE":null,"LOAN_DEPOSIT":103.294182020412,"LOAN_EQUITY":7.050296252279,"LOAN_ASSETS":58.589009852162,"DEPOSIT_EQUITY":6.82545339377,"DEPOSIT_ASSETS":56.720532276043,"EQUITY_MULTIPLIER":12.033479094619,"EQUITY_RATIO":11.266636994438},{"SECUCODE":"01988.HK","SECURITY_CODE":"01988","SECURITY_NAME_ABBR":"民生银行","ORG_CODE":"10002264","STD_REPORT_DATE":"2023-09-30 00:00:00","REPORT_DATE":"2023-09-30 00:00:00","DATE_TYPE_CODE":"004","REPORT_TYPE":"2023年三季报","PER_NETCASH_OPERATE":2.821612058602,"PER_OI":2.428006575177,"BPS":12.016307412894,"BASIC_EPS":0.67,"DILUTED_EPS":0.67,"OPERATE_INCOME":106304000000,"OPERATE_INCOME_YOY":-2.1105749751,"GROSS_PROFIT":null,"GROSS_PROFIT_YOY":null,"HOLDER_PROFIT":33577000000,"HOLDER_PROFIT_YOY":-0.5950618746,"GROSS_PROFIT_RATIO":null,"EPS_TTM":0.800960778318,"OPERATE_INCOME_QOQ":0.422439146028,"NET_PROFIT_RATIO":31.830410897,"ROE_AVG":5.499949631161,"GROSS_PROFIT_QOQ":null,"ROA":0.454426418095,"HOLDER_PROFIT_QOQ":1.918158567775,"ROE_YEARLY":7.333266174881,"ROIC_YEARLY":0.477382719419,"TOTAL_ASSETS":7522077000000,"TOTAL_LIABILITIES":6887701000000,"TAX_EBT":5.040271658294,"OCF_SALES":116.211055087297,"TOTAL_PARENT_EQUITY":621065000000,"DEBT_ASSET_RATIO":91.566478248,"OPERATE_PROFIT":35800000000,"PRETAX_PROFIT":35633000000,"NETCASH_OPERATE":123537000000,"NETCASH_INVEST":2769000000,"NETCASH_FINANCE":-47033000000,"END_CASH":208794000000,"DIVI_RATIO":0.429764526771,"DIVIDEND_RATE":12.299795454545,"CURRENT_RATIO":null,"COMMON_ACS":null,"CURRENTDEBT_DEBT":null,"ISSUED_COMMON_SHARES":43782418502,"HK_COMMON_SHARES":8320295289,"PER_SHARES":500,"TOTAL_MARKET_CAP":134849848986.16,"HKSK_MARKET_CAP":25626509490.12,"PE_TTM":3.669859758709,"PB_TTM":0.221954164652,"REPORT_DATE_SQ":"2022-09-30 00:00:00","REPORT_TYPE_SQ":"2022年三季报","OPERATE_INCOME_SQ":108596000000,"DPS_HKD":0.3788337,"OPERATE_INCOME_QOQ_SQ":-5.544951954719,"NET_PROFIT_RATIO_SQ":31.3427750562,"HOLDER_PROFIT_SQ":33778000000,"HOLDER_PROFIT_QOQ_SQ":0.643809875859,"ROE_AVG_SQ":5.760123872165,"PE_TTM_SQ":2.950697146911,"PB_TTM_SQ":0.199313667477,"ROA_SQ":0.479572692184,"START_DATE":"2023-01-01 00:00:00","FISCAL_YEAR":"12-31","CURRENCY":"HKD","IS_CNY_CODE":0,"DPS_HKD_LY":0.235779,"ORG_TYPE":"银行","PREMIUM_INCOME":null,"PREMIUM_INCOME_YOY":null,"NET_INTEREST_INCOME":77208000000,"NET_INTEREST_INCOME_YOY":-5.159198113208,"FEE_COMMISSION_INCOME":14933000000,"FEE_COMMISSION_INCOME_YOY":null,"ACCOUNTS_RECE_TDAYS":null,"INVENTORY_TDAYS":null,"CURRENT_ASSETS_TDAYS":null,"TOTAL_ASSETS_TDAYS":0.014387034562,"PREMIUM_EXPENSE":null,"LOAN_DEPOSIT":105.052735683239,"LOAN_EQUITY":7.102954714554,"LOAN_ASSETS":59.902923088929,"DEPOSIT_EQUITY":6.761322937816,"DEPOSIT_ASSETS":57.021764068621,"EQUITY_MULTIPLIER":11.857442589306,"EQUITY_RATIO":11.090145153889},{"SECUCODE":"01988.HK","SECURITY_CODE":"01988","SECURITY_NAME_ABBR":"民生银行","ORG_CODE":"10002264","STD_REPORT_DATE":"2023-06-30 00:00:00","REPORT_DATE":"2023-06-30 00:00:00","DATE_TYPE_CODE":"002","REPORT_TYPE":"2023年中报","PER_NETCASH_OPERATE":2.481155763358,"PER_OI":1.595800378109,"BPS":11.841671103124,"BASIC_EPS":0.46,"DILUTED_EPS":0.46,"OPERATE_INCOME":69868000000,"OPERATE_INCOME_YOY":-3.9430268368,"GROSS_PROFIT":null,"GROSS_PROFIT_YOY":null,"HOLDER_PROFIT":23777000000,"HOLDER_PROFIT_YOY":-3.4946018346,"GROSS_PROFIT_RATIO":null,"EPS_TTM":0.785886234184,"OPERATE_INCOME_QOQ":-2.157751976923,"NET_PROFIT_RATIO":34.3104139234,"ROE_AVG":3.919241568982,"GROSS_PROFIT_QOQ":null,"ROA":0.319215977527,"HOLDER_PROFIT_QOQ":-3.826480699891,"ROE_YEARLY":7.838483137965,"ROIC_YEARLY":0.670836885025,"TOTAL_ASSETS":7641451000000,"TOTAL_LIABILITIES":7014760000000,"TAX_EBT":3.131692730432,"OCF_SALES":155.480334344764,"TOTAL_PARENT_EQUITY":613419000000,"DEBT_ASSET_RATIO":91.7987958046,"OPERATE_PROFIT":24747000000,"PRETAX_PROFIT":24747000000,"NETCASH_OPERATE":108631000000,"NETCASH_INVEST":-2693000000,"NETCASH_FINANCE":-41417000000,"END_CASH":194472000000,"DIVI_RATIO":0.438008091863,"DIVIDEND_RATE":12.299795454545,"CURRENT_RATIO":null,"COMMON_ACS":null,"CURRENTDEBT_DEBT":null,"ISSUED_COMMON_SHARES":43782418502,"HK_COMMON_SHARES":8320295289,"PER_SHARES":500,"TOTAL_MARKET_CAP":134849848986.16,"HKSK_MARKET_CAP":25626509490.12,"PE_TTM":3.669859758709,"PB_TTM":0.221954164652,"REPORT_DATE_SQ":"2022-06-30 00:00:00","REPORT_TYPE_SQ":"2022年中报","OPERATE_INCOME_SQ":72736000000,"DPS_HKD":0.3788337,"OPERATE_INCOME_QOQ_SQ":-4.509917293044,"NET_PROFIT_RATIO_SQ":34.2113946326,"HOLDER_PROFIT_SQ":24638000000,"HOLDER_PROFIT_QOQ_SQ":-2.683014569219,"ROE_AVG_SQ":4.231733708907,"PE_TTM_SQ":2.950697146911,"PB_TTM_SQ":0.199313667477,"ROA_SQ":0.345230410262,"START_DATE":"2023-01-01 00:00:00","FISCAL_YEAR":"12-31","CURRENCY":"HKD","IS_CNY_CODE":0,"DPS_HKD_LY":0.235779,"ORG_TYPE":"银行","PREMIUM_INCOME":null,"PREMIUM_INCOME_YOY":null,"NET_INTEREST_INCOME":51334000000,"NET_INTEREST_INCOME_YOY":-6.364117250059,"FEE_COMMISSION_INCOME":10836000000,"FEE_COMMISSION_INCOME_YOY":null,"ACCOUNTS_RECE_TDAYS":null,"INVENTORY_TDAYS":null,"CURRENT_ASSETS_TDAYS":null,"TOTAL_ASSETS_TDAYS":0.009380065575,"PREMIUM_EXPENSE":null,"LOAN_DEPOSIT":104.8962349337,"LOAN_EQUITY":7.197794447343,"LOAN_ASSETS":59.030582019043,"DEPOSIT_EQUITY":6.861823450472,"DEPOSIT_ASSETS":56.275215269979,"EQUITY_MULTIPLIER":12.193331322745,"EQUITY_RATIO":11.43551145302},{"SECUCODE":"01988.HK","SECURITY_CODE":"01988","SECURITY_NAME_ABBR":"民生银行","ORG_CODE":"10002264","STD_REPORT_DATE":"2023-03-31 00:00:00","REPORT_DATE":"2023-03-31 00:00:00","DATE_TYPE_CODE":"003","REPORT_TYPE":"2023年一季报","PER_NETCASH_OPERATE":5.16122698863,"PER_OI":0.839903350664,"BPS":11.885547162641,"BASIC_EPS":0.33,"DILUTED_EPS":0.33,"OPERATE_INCOME":36773000000,"OPERATE_INCOME_YOY":0.3794289458,"GROSS_PROFIT":null,"GROSS_PROFIT_YOY":null,"HOLDER_PROFIT":14232000000,"HOLDER_PROFIT_YOY":3.7015447391,"GROSS_PROFIT_RATIO":null,"EPS_TTM":0.817154493153,"OPERATE_INCOME_QOQ":0.099842693885,"NET_PROFIT_RATIO":38.9470535447,"ROE_AVG":2.342199416096,"GROSS_PROFIT_QOQ":null,"ROA":0.19156350656,"HOLDER_PROFIT_QOQ":1.440358388386,"ROE_YEARLY":9.368797664383,"ROIC_YEARLY":0.804365286794,"TOTAL_ASSETS":7603107000000,"TOTAL_LIABILITIES":6974833000000,"TAX_EBT":10.705156181807,"OCF_SALES":614.502488238653,"TOTAL_PARENT_EQUITY":615340000000,"DEBT_ASSET_RATIO":91.7366150443,"OPERATE_PROFIT":16165000000,"PRETAX_PROFIT":16039000000,"NETCASH_OPERATE":225971000000,"NETCASH_INVEST":-48831000000,"NETCASH_FINANCE":-113642000000,"END_CASH":191246000000,"DIVI_RATIO":0.421247796764,"DIVIDEND_RATE":12.299795454545,"CURRENT_RATIO":null,"COMMON_ACS":null,"CURRENTDEBT_DEBT":null,"ISSUED_COMMON_SHARES":43782418502,"HK_COMMON_SHARES":8320295289,"PER_SHARES":500,"TOTAL_MARKET_CAP":134849848986.16,"HKSK_MARKET_CAP":25626509490.12,"PE_TTM":3.669859758709,"PB_TTM":0.221954164652,"REPORT_DATE_SQ":"2022-03-31 00:00:00","REPORT_TYPE_SQ":"2022年一季报","OPERATE_INCOME_SQ":36634000000,"DPS_HKD":0.3788337,"OPERATE_INCOME_QOQ_SQ":-3.888761370912,"NET_PROFIT_RATIO_SQ":37.7217885025,"HOLDER_PROFIT_SQ":13724000000,"HOLDER_PROFIT_QOQ_SQ":-2.975480643379,"ROE_AVG_SQ":2.364806360371,"PE_TTM_SQ":2.950697146911,"PB_TTM_SQ":0.199313667477,"ROA_SQ":0.19452203057,"START_DATE":"2023-01-01 00:00:00","FISCAL_YEAR":"12-31","CURRENCY":"HKD","IS_CNY_CODE":0,"DPS_HKD_LY":0.235779,"ORG_TYPE":"银行","PREMIUM_INCOME":null,"PREMIUM_INCOME_YOY":null,"NET_INTEREST_INCOME":25369000000,"NET_INTEREST_INCOME_YOY":-7.906487094783,"FEE_COMMISSION_INCOME":5935000000,"FEE_COMMISSION_INCOME_YOY":null,"ACCOUNTS_RECE_TDAYS":null,"INVENTORY_TDAYS":null,"CURRENT_ASSETS_TDAYS":null,"TOTAL_ASSETS_TDAYS":0.004949666123,"PREMIUM_EXPENSE":null,"LOAN_DEPOSIT":105.19503011942,"LOAN_EQUITY":7.125017110369,"LOAN_ASSETS":58.876759198575,"DEPOSIT_EQUITY":6.773149931399,"DEPOSIT_ASSETS":55.96914524549,"EQUITY_MULTIPLIER":12.101578292201,"EQUITY_RATIO":11.334925407092},{"SECUCODE":"01988.HK","SECURITY_CODE":"01988","SECURITY_NAME_ABBR":"民生银行","ORG_CODE":"10002264","STD_REPORT_DATE":"2022-12-31 00:00:00","REPORT_DATE":"2022-12-31 00:00:00","DATE_TYPE_CODE":"001","REPORT_TYPE":"2022年年报","PER_NETCASH_OPERATE":3.797711631494,"PER_OI":3.179792363312,"BPS":11.533533716894,"BASIC_EPS":0.71,"DILUTED_EPS":0.71,"OPERATE_INCOME":139219000000,"OPERATE_INCOME_YOY":-15.9071964435,"GROSS_PROFIT":null,"GROSS_PROFIT_YOY":null,"HOLDER_PROFIT":35269000000,"HOLDER_PROFIT_YOY":2.5828219074,"GROSS_PROFIT_RATIO":null,"EPS_TTM":0.805551662213,"OPERATE_INCOME_QOQ":-2.99341532244,"NET_PROFIT_RATIO":25.6983601376,"ROE_AVG":6.007283207064,"GROSS_PROFIT_QOQ":null,"ROA":0.496450741069,"HOLDER_PROFIT_QOQ":7.948702252693,"ROE_YEARLY":6.007283207064,"ROIC_YEARLY":0.523144652782,"TOTAL_ASSETS":7255673000000,"TOTAL_LIABILITIES":6642859000000,"TAX_EBT":3.747645951036,"OCF_SALES":119.432692376759,"TOTAL_PARENT_EQUITY":599928000000,"DEBT_ASSET_RATIO":91.5540019513,"OPERATE_PROFIT":37170000000,"PRETAX_PROFIT":37170000000,"NETCASH_OPERATE":166273000000,"NETCASH_INVEST":-112327000000,"NETCASH_FINANCE":-96205000000,"END_CASH":128305000000,"DIVI_RATIO":0.42731527474,"DIVIDEND_RATE":12.299795454545,"CURRENT_RATIO":null,"COMMON_ACS":null,"CURRENTDEBT_DEBT":null,"ISSUED_COMMON_SHARES":43782418502,"HK_COMMON_SHARES":8320295289,"PER_SHARES":500,"TOTAL_MARKET_CAP":134849848986.16,"HKSK_MARKET_CAP":25626509490.12,"PE_TTM":3.669859758709,"PB_TTM":0.221954164652,"REPORT_DATE_SQ":"2021-12-31 00:00:00","REPORT_TYPE_SQ":"2021年年报","OPERATE_INCOME_SQ":165554000000,"DPS_HKD":0.3788337,"OPERATE_INCOME_QOQ_SQ":-2.109140792687,"NET_PROFIT_RATIO_SQ":21.0523454583,"HOLDER_PROFIT_SQ":34381000000,"HOLDER_PROFIT_QOQ_SQ":5.895216681554,"ROE_AVG_SQ":6.229474632117,"PE_TTM_SQ":2.950697146911,"PB_TTM_SQ":0.199313667477,"ROA_SQ":0.494583226852,"START_DATE":"2022-01-01 00:00:00","FISCAL_YEAR":"12-31","CURRENCY":"HKD","IS_CNY_CODE":0,"DPS_HKD_LY":0.249546014,"ORG_TYPE":"银行","PREMIUM_INCOME":null,"PREMIUM_INCOME_YOY":null,"NET_INTEREST_INCOME":107463000000,"NET_INTEREST_INCOME_YOY":-14.559332140727,"FEE_COMMISSION_INCOME":20274000000,"FEE_COMMISSION_INCOME_YOY":null,"ACCOUNTS_RECE_TDAYS":null,"INVENTORY_TDAYS":null,"CURRENT_ASSETS_TDAYS":null,"TOTAL_ASSETS_TDAYS":0.01959663606,"PREMIUM_EXPENSE":null,"LOAN_DEPOSIT":105.030713852728,"LOAN_EQUITY":6.944058066559,"LOAN_ASSETS":58.649500880208,"DEPOSIT_EQUITY":6.611454699142,"DEPOSIT_ASSETS":55.840333488017,"EQUITY_MULTIPLIER":11.839926959892,"EQUITY_RATIO":11.072760397914},{"SECUCODE":"01988.HK","SECURITY_CODE":"01988","SECURITY_NAME_ABBR":"民生银行","ORG_CODE":"10002264","STD_REPORT_DATE":"2022-09-30 00:00:00","REPORT_DATE":"2022-09-30 00:00:00","DATE_TYPE_CODE":"004","REPORT_TYPE":"2022年三季报","PER_NETCASH_OPERATE":-0.294136332359,"PER_OI":2.480356355715,"BPS":11.501877174213,"BASIC_EPS":0.68,"DILUTED_EPS":0.68,"OPERATE_INCOME":108596000000,"OPERATE_INCOME_YOY":-16.8706701879,"GROSS_PROFIT":null,"GROSS_PROFIT_YOY":null,"HOLDER_PROFIT":33778000000,"HOLDER_PROFIT_YOY":-4.815848057,"GROSS_PROFIT_RATIO":null,"EPS_TTM":0.746235615068,"OPERATE_INCOME_QOQ":-5.544951954719,"NET_PROFIT_RATIO":31.3427750562,"ROE_AVG":5.760123872165,"GROSS_PROFIT_QOQ":null,"ROA":0.479572692184,"HOLDER_PROFIT_QOQ":0.643809875859,"ROE_YEARLY":7.680165162886,"ROIC_YEARLY":0.505041556631,"TOTAL_ASSETS":7133921000000,"TOTAL_LIABILITIES":6522726000000,"TAX_EBT":5.308109611907,"OCF_SALES":-11.858631993812,"TOTAL_PARENT_EQUITY":598542000000,"DEBT_ASSET_RATIO":91.432551608,"OPERATE_PROFIT":36017000000,"PRETAX_PROFIT":35945000000,"NETCASH_OPERATE":-12878000000,"NETCASH_INVEST":-110316000000,"NETCASH_FINANCE":27203000000,"END_CASH":75900000000,"DIVI_RATIO":0.46128129361,"DIVIDEND_RATE":12.299795454545,"CURRENT_RATIO":null,"COMMON_ACS":null,"CURRENTDEBT_DEBT":null,"ISSUED_COMMON_SHARES":43782418502,"HK_COMMON_SHARES":8320295289,"PER_SHARES":500,"TOTAL_MARKET_CAP":134849848986.16,"HKSK_MARKET_CAP":25626509490.12,"PE_TTM":3.669859758709,"PB_TTM":0.221954164652,"REPORT_DATE_SQ":"2021-09-30 00:00:00","REPORT_TYPE_SQ":"2021年三季报","OPERATE_INCOME_SQ":130635000000,"DPS_HKD":0.3788337,"OPERATE_INCOME_QOQ_SQ":-1.3284869135,"NET_PROFIT_RATIO_SQ":27.389290772,"HOLDER_PROFIT_SQ":35487000000,"HOLDER_PROFIT_QOQ_SQ":0.169690238183,"ROE_AVG_SQ":6.359660323494,"PE_TTM_SQ":2.950697146911,"PB_TTM_SQ":0.199313667477,"ROA_SQ":0.508197034723,"START_DATE":"2022-01-01 00:00:00","FISCAL_YEAR":"12-31","CURRENCY":"HKD","IS_CNY_CODE":0,"DPS_HKD_LY":0.249546014,"ORG_TYPE":"银行","PREMIUM_INCOME":null,"PREMIUM_INCOME_YOY":null,"NET_INTEREST_INCOME":81408000000,"NET_INTEREST_INCOME_YOY":-16.758182766343,"FEE_COMMISSION_INCOME":14370000000,"FEE_COMMISSION_INCOME_YOY":null,"ACCOUNTS_RECE_TDAYS":null,"INVENTORY_TDAYS":null,"CURRENT_ASSETS_TDAYS":null,"TOTAL_ASSETS_TDAYS":0.01541822372,"PREMIUM_EXPENSE":null,"LOAN_DEPOSIT":102.859380814777,"LOAN_EQUITY":6.905419710567,"LOAN_ASSETS":59.161826995281,"DEPOSIT_EQUITY":6.713456425527,"DEPOSIT_ASSETS":57.517191457545,"EQUITY_MULTIPLIER":11.672086649903,"EQUITY_RATIO":10.897691390078}],"count":57},"success":true,"message":"ok","code":0}