{"version":"8694c4e9247527e50fa3be2bdf227ef9","result":{"pages":3,"data":[{"SECUCODE":"01985.HK","SECURITY_CODE":"01985","SECURITY_NAME_ABBR":"美高域","ORG_CODE":"10541042","STD_REPORT_DATE":"2024-06-30 00:00:00","REPORT_DATE":"2024-09-30 00:00:00","DATE_TYPE_CODE":"002","REPORT_TYPE":"2024年中报","PER_NETCASH_OPERATE":-0.2079257203,"PER_OI":2.1665144034,"BPS":0.574903148867,"BASIC_EPS":0.0360716,"DILUTED_EPS":null,"OPERATE_INCOME":649954321.02,"OPERATE_INCOME_YOY":44.5630742755,"GROSS_PROFIT":60164723.43,"GROSS_PROFIT_YOY":15.196676733093,"HOLDER_PROFIT":10984703.99,"HOLDER_PROFIT_YOY":5.655304016,"GROSS_PROFIT_RATIO":9.256761819135,"EPS_TTM":0.109474978,"OPERATE_INCOME_QOQ":0,"NET_PROFIT_RATIO":1.6900732305,"ROE_AVG":6.539063401698,"GROSS_PROFIT_QOQ":0,"ROA":2.111287615056,"HOLDER_PROFIT_QOQ":0,"ROE_YEARLY":13.078126803396,"ROIC_YEARLY":5.334133241665,"TOTAL_ASSETS":574398747.66,"TOTAL_LIABILITIES":401927803,"TAX_EBT":19.787962597129,"OCF_SALES":-9.597246156023,"TOTAL_PARENT_EQUITY":172470944.66,"DEBT_ASSET_RATIO":69.9736558684,"OPERATE_PROFIT":16260175.49,"PRETAX_PROFIT":13694582.94,"NETCASH_OPERATE":-62377716.09,"NETCASH_INVEST":-79573949.6,"NETCASH_FINANCE":60205303.98,"END_CASH":62861075.53,"DIVI_RATIO":null,"DIVIDEND_RATE":null,"CURRENT_RATIO":1.309470996455,"COMMON_ACS":5000000000,"CURRENTDEBT_DEBT":94.373120933363,"ISSUED_COMMON_SHARES":300000000,"HK_COMMON_SHARES":300000000,"PER_SHARES":2000,"TOTAL_MARKET_CAP":372000000,"HKSK_MARKET_CAP":372000000,"PE_TTM":10.086767895879,"PB_TTM":1.945057358277,"REPORT_DATE_SQ":"2023-06-30 00:00:00","REPORT_TYPE_SQ":"2023年中报","OPERATE_INCOME_SQ":457496365.69,"DPS_HKD":null,"OPERATE_INCOME_QOQ_SQ":0,"NET_PROFIT_RATIO_SQ":2.3124459697,"HOLDER_PROFIT_SQ":10579356.27,"HOLDER_PROFIT_QOQ_SQ":0,"ROE_AVG_SQ":5.693741033309,"PE_TTM_SQ":9.61843356939,"PB_TTM_SQ":1.418181818182,"ROA_SQ":2.477290430018,"START_DATE":"2024-04-01 00:00:00","FISCAL_YEAR":"3-31","CURRENCY":"HKD","IS_CNY_CODE":0,"DPS_HKD_LY":null,"ORG_TYPE":"一般企业","PREMIUM_INCOME":null,"PREMIUM_INCOME_YOY":null,"NET_INTEREST_INCOME":null,"NET_INTEREST_INCOME_YOY":null,"FEE_COMMISSION_INCOME":null,"FEE_COMMISSION_INCOME_YOY":null,"ACCOUNTS_RECE_TDAYS":2.801490266044,"INVENTORY_TDAYS":7.51152534197,"CURRENT_ASSETS_TDAYS":1.367572388145,"TOTAL_ASSETS_TDAYS":1.249228481324,"PREMIUM_EXPENSE":null,"LOAN_DEPOSIT":null,"LOAN_EQUITY":null,"LOAN_ASSETS":null,"DEPOSIT_EQUITY":null,"DEPOSIT_ASSETS":null,"EQUITY_MULTIPLIER":3.330408775764,"EQUITY_RATIO":2.330408775764},{"SECUCODE":"01985.HK","SECURITY_CODE":"01985","SECURITY_NAME_ABBR":"美高域","ORG_CODE":"10541042","STD_REPORT_DATE":"2023-12-31 00:00:00","REPORT_DATE":"2024-03-31 00:00:00","DATE_TYPE_CODE":"001","REPORT_TYPE":"2023年年报","PER_NETCASH_OPERATE":-0.074409624,"PER_OI":3.729951625667,"BPS":0.547879536167,"BASIC_EPS":0.108786,"DILUTED_EPS":null,"OPERATE_INCOME":1118985487.7,"OPERATE_INCOME_YOY":5.7836153466,"GROSS_PROFIT":131409861.8,"GROSS_PROFIT_YOY":23.482191432338,"HOLDER_PROFIT":32842493.4,"HOLDER_PROFIT_YOY":9.1895476054,"GROSS_PROFIT_RATIO":11.743660954004,"EPS_TTM":0.082865338867,"OPERATE_INCOME_QOQ":0,"NET_PROFIT_RATIO":2.9350240697,"ROE_AVG":18.400215349766,"GROSS_PROFIT_QOQ":0,"ROA":7.008909138396,"HOLDER_PROFIT_QOQ":0,"ROE_YEARLY":18.400215349766,"ROIC_YEARLY":11.778609735202,"TOTAL_ASSETS":468631050.45,"TOTAL_LIABILITIES":304267189.6,"TAX_EBT":17.206389834769,"OCF_SALES":-1.994921957914,"TOTAL_PARENT_EQUITY":164363860.85,"DEBT_ASSET_RATIO":64.9268095462,"OPERATE_PROFIT":40339661.9,"PRETAX_PROFIT":39667908.35,"NETCASH_OPERATE":-22322887.2,"NETCASH_INVEST":3860089.9,"NETCASH_FINANCE":-61737868.1,"END_CASH":144870316.2,"DIVI_RATIO":null,"DIVIDEND_RATE":null,"CURRENT_RATIO":1.517130875973,"COMMON_ACS":5000000000,"CURRENTDEBT_DEBT":98.831756209182,"ISSUED_COMMON_SHARES":300000000,"HK_COMMON_SHARES":300000000,"PER_SHARES":2000,"TOTAL_MARKET_CAP":402000000,"HKSK_MARKET_CAP":402000000,"PE_TTM":10.90021691974,"PB_TTM":2.101916822655,"REPORT_DATE_SQ":"2022-12-31 00:00:00","REPORT_TYPE_SQ":"2022年年报","OPERATE_INCOME_SQ":1021470407.68,"DPS_HKD":null,"OPERATE_INCOME_QOQ_SQ":0,"NET_PROFIT_RATIO_SQ":2.843215226,"HOLDER_PROFIT_SQ":29045228.39,"HOLDER_PROFIT_QOQ_SQ":0,"ROE_AVG_SQ":15.642023529745,"PE_TTM_SQ":10.146918930346,"PB_TTM_SQ":1.496103896104,"ROA_SQ":6.259887495979,"START_DATE":"2023-04-01 00:00:00","FISCAL_YEAR":"3-31","CURRENCY":"HKD","IS_CNY_CODE":0,"DPS_HKD_LY":0.045,"ORG_TYPE":"一般企业","PREMIUM_INCOME":null,"PREMIUM_INCOME_YOY":null,"NET_INTEREST_INCOME":null,"NET_INTEREST_INCOME_YOY":null,"FEE_COMMISSION_INCOME":null,"FEE_COMMISSION_INCOME_YOY":null,"ACCOUNTS_RECE_TDAYS":7.428855158467,"INVENTORY_TDAYS":12.838868591632,"CURRENT_ASSETS_TDAYS":2.466191943289,"TOTAL_ASSETS_TDAYS":2.388024415489,"PREMIUM_EXPENSE":null,"LOAN_DEPOSIT":null,"LOAN_EQUITY":null,"LOAN_ASSETS":null,"DEPOSIT_EQUITY":null,"DEPOSIT_ASSETS":null,"EQUITY_MULTIPLIER":2.851180594241,"EQUITY_RATIO":1.851180594241},{"SECUCODE":"01985.HK","SECURITY_CODE":"01985","SECURITY_NAME_ABBR":"美高域","ORG_CODE":"10541042","STD_REPORT_DATE":"2023-06-30 00:00:00","REPORT_DATE":"2023-09-30 00:00:00","DATE_TYPE_CODE":"002","REPORT_TYPE":"2023年中报","PER_NETCASH_OPERATE":-0.317769151467,"PER_OI":1.524987885633,"BPS":0.588812583333,"BASIC_EPS":0.0367052,"DILUTED_EPS":null,"OPERATE_INCOME":457496365.69,"OPERATE_INCOME_YOY":-12.3766221897,"GROSS_PROFIT":52227829.08,"GROSS_PROFIT_YOY":-1.605028741162,"HOLDER_PROFIT":10579356.27,"HOLDER_PROFIT_YOY":-29.3782542113,"GROSS_PROFIT_RATIO":11.416009611624,"EPS_TTM":0.096817427967,"OPERATE_INCOME_QOQ":0,"NET_PROFIT_RATIO":2.3124459697,"ROE_AVG":5.693741033309,"GROSS_PROFIT_QOQ":0,"ROA":2.477290430018,"HOLDER_PROFIT_QOQ":0,"ROE_YEARLY":11.387482066617,"ROIC_YEARLY":8.277466358658,"TOTAL_ASSETS":379847432.72,"TOTAL_LIABILITIES":203203657.72,"TAX_EBT":17.271814006889,"OCF_SALES":-20.837486937458,"TOTAL_PARENT_EQUITY":176643775,"DEBT_ASSET_RATIO":53.4961250797,"OPERATE_PROFIT":13032181.26,"PRETAX_PROFIT":12788091.68,"NETCASH_OPERATE":-47526810.59,"NETCASH_INVEST":-40699643.39,"NETCASH_FINANCE":-34156941.49,"END_CASH":105438439.89,"DIVI_RATIO":null,"DIVIDEND_RATE":null,"CURRENT_RATIO":1.859293444401,"COMMON_ACS":5000000000,"CURRENTDEBT_DEBT":97.850923935623,"ISSUED_COMMON_SHARES":300000000,"HK_COMMON_SHARES":300000000,"PER_SHARES":2000,"TOTAL_MARKET_CAP":402000000,"HKSK_MARKET_CAP":402000000,"PE_TTM":10.90021691974,"PB_TTM":2.101916822655,"REPORT_DATE_SQ":"2022-06-30 00:00:00","REPORT_TYPE_SQ":"2022年中报","OPERATE_INCOME_SQ":514611888.96,"DPS_HKD":null,"OPERATE_INCOME_QOQ_SQ":0,"NET_PROFIT_RATIO_SQ":2.8689734685,"HOLDER_PROFIT_SQ":14764983,"HOLDER_PROFIT_QOQ_SQ":0,"ROE_AVG_SQ":7.7398830365,"PE_TTM_SQ":10.146918930346,"PB_TTM_SQ":1.496103896104,"ROA_SQ":3.310126960857,"START_DATE":"2023-04-01 00:00:00","FISCAL_YEAR":"3-31","CURRENCY":"HKD","IS_CNY_CODE":0,"DPS_HKD_LY":0.045,"ORG_TYPE":"一般企业","PREMIUM_INCOME":null,"PREMIUM_INCOME_YOY":null,"NET_INTEREST_INCOME":null,"NET_INTEREST_INCOME_YOY":null,"FEE_COMMISSION_INCOME":null,"FEE_COMMISSION_INCOME_YOY":null,"ACCOUNTS_RECE_TDAYS":null,"INVENTORY_TDAYS":6.996332702315,"CURRENT_ASSETS_TDAYS":1.107135402094,"TOTAL_ASSETS_TDAYS":1.071285756493,"PREMIUM_EXPENSE":null,"LOAN_DEPOSIT":null,"LOAN_EQUITY":null,"LOAN_ASSETS":null,"DEPOSIT_EQUITY":null,"DEPOSIT_ASSETS":null,"EQUITY_MULTIPLIER":2.150358441557,"EQUITY_RATIO":1.150358441558},{"SECUCODE":"01985.HK","SECURITY_CODE":"01985","SECURITY_NAME_ABBR":"美高域","ORG_CODE":"10541042","STD_REPORT_DATE":"2022-12-31 00:00:00","REPORT_DATE":"2023-03-31 00:00:00","DATE_TYPE_CODE":"001","REPORT_TYPE":"2022年年报","PER_NETCASH_OPERATE":0.220845516767,"PER_OI":3.404901358933,"BPS":0.619997460367,"BASIC_EPS":0.0962951,"DILUTED_EPS":null,"OPERATE_INCOME":1021470407.68,"OPERATE_INCOME_YOY":1.5562674994,"GROSS_PROFIT":106420092.06,"GROSS_PROFIT_YOY":-1.054750721691,"HOLDER_PROFIT":29045228.39,"HOLDER_PROFIT_YOY":3.7816703159,"GROSS_PROFIT_RATIO":10.418323551997,"EPS_TTM":0.099979943733,"OPERATE_INCOME_QOQ":0,"NET_PROFIT_RATIO":2.843215226,"ROE_AVG":15.642023529745,"GROSS_PROFIT_QOQ":0,"ROA":6.259887495979,"HOLDER_PROFIT_QOQ":0,"ROE_YEARLY":15.642023529745,"ROIC_YEARLY":11.635201930141,"TOTAL_ASSETS":452439025.71,"TOTAL_LIABILITIES":266439787.6,"TAX_EBT":14.351361817478,"OCF_SALES":6.4861061595,"TOTAL_PARENT_EQUITY":185999238.11,"DEBT_ASSET_RATIO":58.8896563867,"OPERATE_PROFIT":34451760.55,"PRETAX_PROFIT":33909006.35,"NETCASH_OPERATE":66253655.03,"NETCASH_INVEST":-6567325.82,"NETCASH_FINANCE":-45577346.24,"END_CASH":217339791.52,"DIVI_RATIO":null,"DIVIDEND_RATE":null,"CURRENT_RATIO":1.670997284132,"COMMON_ACS":5000000000,"CURRENTDEBT_DEBT":97.870613746879,"ISSUED_COMMON_SHARES":300000000,"HK_COMMON_SHARES":300000000,"PER_SHARES":2000,"TOTAL_MARKET_CAP":402000000,"HKSK_MARKET_CAP":402000000,"PE_TTM":10.90021691974,"PB_TTM":2.101916822655,"REPORT_DATE_SQ":"2021-12-31 00:00:00","REPORT_TYPE_SQ":"2021年年报","OPERATE_INCOME_SQ":931823726.67,"DPS_HKD":null,"OPERATE_INCOME_QOQ_SQ":0,"NET_PROFIT_RATIO_SQ":2.7830216185,"HOLDER_PROFIT_SQ":25927989.7,"HOLDER_PROFIT_QOQ_SQ":0,"ROE_AVG_SQ":14.748146678784,"PE_TTM_SQ":10.146918930346,"PB_TTM_SQ":1.496103896104,"ROA_SQ":6.191572721445,"START_DATE":"2022-04-01 00:00:00","FISCAL_YEAR":"3-31","CURRENCY":"HKD","IS_CNY_CODE":0,"DPS_HKD_LY":0.105,"ORG_TYPE":"一般企业","PREMIUM_INCOME":null,"PREMIUM_INCOME_YOY":null,"NET_INTEREST_INCOME":null,"NET_INTEREST_INCOME_YOY":null,"FEE_COMMISSION_INCOME":null,"FEE_COMMISSION_INCOME_YOY":null,"ACCOUNTS_RECE_TDAYS":7.981067290461,"INVENTORY_TDAYS":18.432220351088,"CURRENT_ASSETS_TDAYS":2.287304882376,"TOTAL_ASSETS_TDAYS":2.201494079058,"PREMIUM_EXPENSE":null,"LOAN_DEPOSIT":null,"LOAN_EQUITY":null,"LOAN_ASSETS":null,"DEPOSIT_EQUITY":null,"DEPOSIT_ASSETS":null,"EQUITY_MULTIPLIER":2.432477844035,"EQUITY_RATIO":1.432477844035},{"SECUCODE":"01985.HK","SECURITY_CODE":"01985","SECURITY_NAME_ABBR":"美高域","ORG_CODE":"10541042","STD_REPORT_DATE":"2022-06-30 00:00:00","REPORT_DATE":"2022-09-30 00:00:00","DATE_TYPE_CODE":"002","REPORT_TYPE":"2022年中报","PER_NETCASH_OPERATE":-0.2476447164,"PER_OI":1.7153729632,"BPS":0.6333582284,"BASIC_EPS":0.045222,"DILUTED_EPS":null,"OPERATE_INCOME":514611888.96,"OPERATE_INCOME_YOY":5.1056165661,"GROSS_PROFIT":53079774.72,"GROSS_PROFIT_YOY":6.754844128708,"HOLDER_PROFIT":14764983,"HOLDER_PROFIT_YOY":27.1120454722,"GROSS_PROFIT_RATIO":10.314525540261,"EPS_TTM":0.086426632333,"OPERATE_INCOME_QOQ":0,"NET_PROFIT_RATIO":2.8689734685,"ROE_AVG":7.7398830365,"GROSS_PROFIT_QOQ":0,"ROA":3.310126960857,"HOLDER_PROFIT_QOQ":0,"ROE_YEARLY":15.479766072999,"ROIC_YEARLY":10.403556008731,"TOTAL_ASSETS":400799872.68,"TOTAL_LIABILITIES":211663379.88,"TAX_EBT":12.137359384251,"OCF_SALES":-14.436785568663,"TOTAL_PARENT_EQUITY":190007468.52,"DEBT_ASSET_RATIO":52.8102412969,"OPERATE_PROFIT":17141851.32,"PRETAX_PROFIT":16803590.76,"NETCASH_OPERATE":-74293414.92,"NETCASH_INVEST":783245.04,"NETCASH_FINANCE":-29506450.56,"END_CASH":106953647.76,"DIVI_RATIO":null,"DIVIDEND_RATE":null,"CURRENT_RATIO":1.881032189412,"COMMON_ACS":5000000000,"CURRENTDEBT_DEBT":96.373495365919,"ISSUED_COMMON_SHARES":300000000,"HK_COMMON_SHARES":300000000,"PER_SHARES":2000,"TOTAL_MARKET_CAP":402000000,"HKSK_MARKET_CAP":402000000,"PE_TTM":10.90021691974,"PB_TTM":2.101916822655,"REPORT_DATE_SQ":"2021-06-30 00:00:00","REPORT_TYPE_SQ":"2021年中报","OPERATE_INCOME_SQ":450972865.7,"DPS_HKD":null,"OPERATE_INCOME_QOQ_SQ":0,"NET_PROFIT_RATIO_SQ":2.3739020403,"HOLDER_PROFIT_SQ":10698989.58,"HOLDER_PROFIT_QOQ_SQ":0,"ROE_AVG_SQ":6.023652792207,"PE_TTM_SQ":10.146918930346,"PB_TTM_SQ":1.496103896104,"ROA_SQ":2.76331416965,"START_DATE":"2022-04-01 00:00:00","FISCAL_YEAR":"3-31","CURRENCY":"HKD","IS_CNY_CODE":0,"DPS_HKD_LY":0.105,"ORG_TYPE":"一般企业","PREMIUM_INCOME":null,"PREMIUM_INCOME_YOY":null,"NET_INTEREST_INCOME":null,"NET_INTEREST_INCOME_YOY":null,"FEE_COMMISSION_INCOME":null,"FEE_COMMISSION_INCOME_YOY":null,"ACCOUNTS_RECE_TDAYS":null,"INVENTORY_TDAYS":9.237380639906,"CURRENT_ASSETS_TDAYS":1.201941327137,"TOTAL_ASSETS_TDAYS":1.153696342234,"PREMIUM_EXPENSE":null,"LOAN_DEPOSIT":null,"LOAN_EQUITY":null,"LOAN_ASSETS":null,"DEPOSIT_EQUITY":null,"DEPOSIT_ASSETS":null,"EQUITY_MULTIPLIER":2.11910386381,"EQUITY_RATIO":1.113974000752},{"SECUCODE":"01985.HK","SECURITY_CODE":"01985","SECURITY_NAME_ABBR":"美高域","ORG_CODE":"10541042","STD_REPORT_DATE":"2021-12-31 00:00:00","REPORT_DATE":"2022-03-31 00:00:00","DATE_TYPE_CODE":"001","REPORT_TYPE":"2021年年报","PER_NETCASH_OPERATE":0.124049386233,"PER_OI":3.1060790889,"BPS":0.5724595186,"BASIC_EPS":0.0892111,"DILUTED_EPS":null,"OPERATE_INCOME":931823726.67,"OPERATE_INCOME_YOY":3.1132294753,"GROSS_PROFIT":107554524.18,"GROSS_PROFIT_YOY":-10.401148564073,"HOLDER_PROFIT":25927989.7,"HOLDER_PROFIT_YOY":-32.4558438266,"GROSS_PROFIT_RATIO":11.542368057568,"EPS_TTM":0.105215092467,"OPERATE_INCOME_QOQ":0,"NET_PROFIT_RATIO":2.7830216185,"ROE_AVG":14.748146678784,"GROSS_PROFIT_QOQ":0,"ROA":6.191572721445,"HOLDER_PROFIT_QOQ":0,"ROE_YEARLY":14.748146678784,"ROIC_YEARLY":11.470457383143,"TOTAL_ASSETS":440556852.2,"TOTAL_LIABILITIES":269599188.24,"TAX_EBT":16.566210045662,"OCF_SALES":3.993761352589,"TOTAL_PARENT_EQUITY":171737855.58,"DEBT_ASSET_RATIO":61.1950959096,"OPERATE_PROFIT":31531257.79,"PRETAX_PROFIT":31081958.25,"NETCASH_OPERATE":37214815.87,"NETCASH_INVEST":-4795502.13,"NETCASH_FINANCE":-34591198.52,"END_CASH":188280026.55,"DIVI_RATIO":null,"DIVIDEND_RATE":null,"CURRENT_RATIO":1.607612150151,"COMMON_ACS":5000000000,"CURRENTDEBT_DEBT":97.776634659351,"ISSUED_COMMON_SHARES":300000000,"HK_COMMON_SHARES":300000000,"PER_SHARES":2000,"TOTAL_MARKET_CAP":402000000,"HKSK_MARKET_CAP":402000000,"PE_TTM":10.90021691974,"PB_TTM":2.101916822655,"REPORT_DATE_SQ":"2020-12-31 00:00:00","REPORT_TYPE_SQ":"2020年年报","OPERATE_INCOME_SQ":941764634.86,"DPS_HKD":null,"OPERATE_INCOME_QOQ_SQ":0,"NET_PROFIT_RATIO_SQ":4.21098165,"HOLDER_PROFIT_SQ":40004059.76,"HOLDER_PROFIT_QOQ_SQ":0,"ROE_AVG_SQ":20.748546830205,"PE_TTM_SQ":10.146918930346,"PB_TTM_SQ":1.496103896104,"ROA_SQ":9.089966314965,"START_DATE":"2021-04-01 00:00:00","FISCAL_YEAR":"3-31","CURRENCY":"HKD","IS_CNY_CODE":0,"DPS_HKD_LY":0.09,"ORG_TYPE":"一般企业","PREMIUM_INCOME":null,"PREMIUM_INCOME_YOY":null,"NET_INTEREST_INCOME":null,"NET_INTEREST_INCOME_YOY":null,"FEE_COMMISSION_INCOME":null,"FEE_COMMISSION_INCOME_YOY":null,"ACCOUNTS_RECE_TDAYS":null,"INVENTORY_TDAYS":18.647579032347,"CURRENT_ASSETS_TDAYS":2.304254570286,"TOTAL_ASSETS_TDAYS":2.22518383955,"PREMIUM_EXPENSE":null,"LOAN_DEPOSIT":null,"LOAN_EQUITY":null,"LOAN_ASSETS":null,"DEPOSIT_EQUITY":null,"DEPOSIT_ASSETS":null,"EQUITY_MULTIPLIER":2.576993870853,"EQUITY_RATIO":1.569829711274},{"SECUCODE":"01985.HK","SECURITY_CODE":"01985","SECURITY_NAME_ABBR":"美高域","ORG_CODE":"10541042","STD_REPORT_DATE":"2021-06-30 00:00:00","REPORT_DATE":"2021-09-30 00:00:00","DATE_TYPE_CODE":"002","REPORT_TYPE":"2021年中报","PER_NETCASH_OPERATE":-0.1751758568,"PER_OI":1.503242885667,"BPS":0.568233002867,"BASIC_EPS":0.0333224,"DILUTED_EPS":null,"OPERATE_INCOME":450972865.7,"OPERATE_INCOME_YOY":-6.2687213228,"GROSS_PROFIT":49721186.1,"GROSS_PROFIT_YOY":-20.733425790432,"HOLDER_PROFIT":10698989.58,"HOLDER_PROFIT_YOY":-41.0330578512,"GROSS_PROFIT_RATIO":11.025316572611,"EPS_TTM":0.133346865867,"OPERATE_INCOME_QOQ":0,"NET_PROFIT_RATIO":2.3739020403,"ROE_AVG":6.023652792207,"GROSS_PROFIT_QOQ":0,"ROA":2.76331416965,"HOLDER_PROFIT_QOQ":0,"ROE_YEARLY":12.047305584414,"ROIC_YEARLY":9.404502342338,"TOTAL_ASSETS":366598049.72,"TOTAL_LIABILITIES":196927886.46,"TAX_EBT":17.489566613162,"OCF_SALES":-11.653197129372,"TOTAL_PARENT_EQUITY":170469900.86,"DEBT_ASSET_RATIO":53.7176579664,"OPERATE_PROFIT":13150685.16,"PRETAX_PROFIT":12974909.5,"NETCASH_OPERATE":-52552757.04,"NETCASH_INVEST":-1997677.88,"NETCASH_FINANCE":-24301193.26,"END_CASH":116778350.8,"DIVI_RATIO":null,"DIVIDEND_RATE":null,"CURRENT_RATIO":1.854351656096,"COMMON_ACS":5000000000,"CURRENTDEBT_DEBT":96.044265644631,"ISSUED_COMMON_SHARES":300000000,"HK_COMMON_SHARES":300000000,"PER_SHARES":2000,"TOTAL_MARKET_CAP":402000000,"HKSK_MARKET_CAP":402000000,"PE_TTM":10.90021691974,"PB_TTM":2.101916822655,"REPORT_DATE_SQ":"2020-06-30 00:00:00","REPORT_TYPE_SQ":"2020年中报","OPERATE_INCOME_SQ":507504736,"DPS_HKD":null,"OPERATE_INCOME_QOQ_SQ":0,"NET_PROFIT_RATIO_SQ":3.742533114,"HOLDER_PROFIT_SQ":19138521.6,"HOLDER_PROFIT_QOQ_SQ":0,"ROE_AVG_SQ":9.773565601357,"PE_TTM_SQ":10.146918930346,"PB_TTM_SQ":1.496103896104,"ROA_SQ":4.273818739459,"START_DATE":"2021-04-01 00:00:00","FISCAL_YEAR":"3-31","CURRENCY":"HKD","IS_CNY_CODE":0,"DPS_HKD_LY":0.09,"ORG_TYPE":"一般企业","PREMIUM_INCOME":null,"PREMIUM_INCOME_YOY":null,"NET_INTEREST_INCOME":null,"NET_INTEREST_INCOME_YOY":null,"FEE_COMMISSION_INCOME":null,"FEE_COMMISSION_INCOME_YOY":null,"ACCOUNTS_RECE_TDAYS":3.132955804862,"INVENTORY_TDAYS":8.884257124412,"CURRENT_ASSETS_TDAYS":1.208707417984,"TOTAL_ASSETS_TDAYS":1.164763925227,"PREMIUM_EXPENSE":null,"LOAN_DEPOSIT":null,"LOAN_EQUITY":null,"LOAN_ASSETS":null,"DEPOSIT_EQUITY":null,"DEPOSIT_ASSETS":null,"EQUITY_MULTIPLIER":2.160651246374,"EQUITY_RATIO":1.155206200429},{"SECUCODE":"01985.HK","SECURITY_CODE":"01985","SECURITY_NAME_ABBR":"美高域","ORG_CODE":"10541042","STD_REPORT_DATE":"2020-12-31 00:00:00","REPORT_DATE":"2021-03-31 00:00:00","DATE_TYPE_CODE":"001","REPORT_TYPE":"2020年年报","PER_NETCASH_OPERATE":0.2426680816,"PER_OI":3.139215449533,"BPS":0.624835939467,"BASIC_EPS":0.1352288,"DILUTED_EPS":null,"OPERATE_INCOME":941764634.86,"OPERATE_INCOME_YOY":-18.3883733075,"GROSS_PROFIT":120040070.22,"GROSS_PROFIT_YOY":-12.558659521655,"HOLDER_PROFIT":40004059.76,"HOLDER_PROFIT_YOY":16.5267485659,"GROSS_PROFIT_RATIO":12.746291990232,"EPS_TTM":0.149667686833,"OPERATE_INCOME_QOQ":0,"NET_PROFIT_RATIO":4.21098165,"ROE_AVG":20.748546830205,"GROSS_PROFIT_QOQ":0,"ROA":9.089966314965,"HOLDER_PROFIT_QOQ":0,"ROE_YEARLY":20.748546830205,"ROIC_YEARLY":16.844727570376,"TOTAL_ASSETS":413693635.32,"TOTAL_LIABILITIES":227060987.72,"TAX_EBT":13.854006021884,"OCF_SALES":7.730214300394,"TOTAL_PARENT_EQUITY":187450781.84,"DEBT_ASSET_RATIO":54.8862656648,"OPERATE_PROFIT":46234726.72,"PRETAX_PROFIT":46035264.24,"NETCASH_OPERATE":71827622.3,"NETCASH_INVEST":-6592404,"NETCASH_FINANCE":-57434206.9,"END_CASH":198476154.94,"DIVI_RATIO":null,"DIVIDEND_RATE":null,"CURRENT_RATIO":1.791251457399,"COMMON_ACS":5000000000,"CURRENTDEBT_DEBT":98.649936349356,"ISSUED_COMMON_SHARES":300000000,"HK_COMMON_SHARES":300000000,"PER_SHARES":2000,"TOTAL_MARKET_CAP":402000000,"HKSK_MARKET_CAP":402000000,"PE_TTM":10.90021691974,"PB_TTM":2.101916822655,"REPORT_DATE_SQ":"2019-12-31 00:00:00","REPORT_TYPE_SQ":"2019年年报","OPERATE_INCOME_SQ":1247512071.7,"DPS_HKD":null,"OPERATE_INCOME_QOQ_SQ":0,"NET_PROFIT_RATIO_SQ":2.9526689669,"HOLDER_PROFIT_SQ":37113580.3,"HOLDER_PROFIT_QOQ_SQ":0,"ROE_AVG_SQ":18.26422628054,"PE_TTM_SQ":10.146918930346,"PB_TTM_SQ":1.496103896104,"ROA_SQ":7.620175013202,"START_DATE":"2020-04-01 00:00:00","FISCAL_YEAR":"3-31","CURRENCY":"HKD","IS_CNY_CODE":0,"DPS_HKD_LY":0.2,"ORG_TYPE":"一般企业","PREMIUM_INCOME":null,"PREMIUM_INCOME_YOY":null,"NET_INTEREST_INCOME":null,"NET_INTEREST_INCOME_YOY":null,"FEE_COMMISSION_INCOME":null,"FEE_COMMISSION_INCOME_YOY":null,"ACCOUNTS_RECE_TDAYS":5.564276636597,"INVENTORY_TDAYS":20.9292633573,"CURRENT_ASSETS_TDAYS":2.199318459715,"TOTAL_ASSETS_TDAYS":2.139935011312,"PREMIUM_EXPENSE":null,"LOAN_DEPOSIT":null,"LOAN_EQUITY":null,"LOAN_ASSETS":null,"DEPOSIT_EQUITY":null,"DEPOSIT_ASSETS":null,"EQUITY_MULTIPLIER":2.21661987139,"EQUITY_RATIO":1.211309899544},{"SECUCODE":"01985.HK","SECURITY_CODE":"01985","SECURITY_NAME_ABBR":"美高域","ORG_CODE":"10541042","STD_REPORT_DATE":"2020-06-30 00:00:00","REPORT_DATE":"2020-09-30 00:00:00","DATE_TYPE_CODE":"002","REPORT_TYPE":"2020年中报","PER_NETCASH_OPERATE":0.0332244032,"PER_OI":1.691682453333,"BPS":0.6187243264,"BASIC_EPS":0.0615104,"DILUTED_EPS":null,"OPERATE_INCOME":507504736,"OPERATE_INCOME_YOY":-11.2816881288,"GROSS_PROFIT":62726548.48,"GROSS_PROFIT_YOY":4.520849899552,"HOLDER_PROFIT":19138521.6,"HOLDER_PROFIT_YOY":73.063170441,"GROSS_PROFIT_RATIO":12.359795688685,"EPS_TTM":0.123711934333,"OPERATE_INCOME_QOQ":0,"NET_PROFIT_RATIO":3.742533114,"ROE_AVG":9.773565601357,"GROSS_PROFIT_QOQ":0,"ROA":4.273818739459,"HOLDER_PROFIT_QOQ":0,"ROE_YEARLY":19.547131202714,"ROIC_YEARLY":15.067059830686,"TOTAL_ASSETS":410617947.52,"TOTAL_LIABILITIES":225635964.16,"TAX_EBT":12.35504014273,"OCF_SALES":1.963985802095,"TOTAL_PARENT_EQUITY":185617297.92,"DEBT_ASSET_RATIO":54.9503414361,"OPERATE_PROFIT":21806315.52,"PRETAX_PROFIT":21670992.64,"NETCASH_OPERATE":9967320.96,"NETCASH_INVEST":-4727513.6,"NETCASH_FINANCE":-42810359.68,"END_CASH":160671315.84,"DIVI_RATIO":null,"DIVIDEND_RATE":null,"CURRENT_RATIO":1.8039062253,"COMMON_ACS":5000000000,"CURRENTDEBT_DEBT":98.541152279401,"ISSUED_COMMON_SHARES":300000000,"HK_COMMON_SHARES":300000000,"PER_SHARES":2000,"TOTAL_MARKET_CAP":402000000,"HKSK_MARKET_CAP":402000000,"PE_TTM":10.90021691974,"PB_TTM":2.101916822655,"REPORT_DATE_SQ":"2019-06-30 00:00:00","REPORT_TYPE_SQ":"2019年中报","OPERATE_INCOME_SQ":587202195.93,"DPS_HKD":null,"OPERATE_INCOME_QOQ_SQ":0,"NET_PROFIT_RATIO_SQ":1.9098515652,"HOLDER_PROFIT_SQ":11351795.85,"HOLDER_PROFIT_QOQ_SQ":0,"ROE_AVG_SQ":6.039461655297,"PE_TTM_SQ":10.146918930346,"PB_TTM_SQ":1.496103896104,"ROA_SQ":2.558407830741,"START_DATE":"2020-04-01 00:00:00","FISCAL_YEAR":"3-31","CURRENCY":"HKD","IS_CNY_CODE":0,"DPS_HKD_LY":0.2,"ORG_TYPE":"一般企业","PREMIUM_INCOME":null,"PREMIUM_INCOME_YOY":null,"NET_INTEREST_INCOME":null,"NET_INTEREST_INCOME_YOY":null,"FEE_COMMISSION_INCOME":null,"FEE_COMMISSION_INCOME_YOY":null,"ACCOUNTS_RECE_TDAYS":2.508948895724,"INVENTORY_TDAYS":14.592383313633,"CURRENT_ASSETS_TDAYS":1.160894022064,"TOTAL_ASSETS_TDAYS":1.133307627628,"PREMIUM_EXPENSE":null,"LOAN_DEPOSIT":null,"LOAN_EQUITY":null,"LOAN_ASSETS":null,"DEPOSIT_EQUITY":null,"DEPOSIT_ASSETS":null,"EQUITY_MULTIPLIER":2.219772650622,"EQUITY_RATIO":1.215597720086}],"count":20},"success":true,"message":"ok","code":0}