{"version":"8edcee98623999841a06322fe64ba041","result":{"pages":5,"data":[{"SECUCODE":"01980.HK","SECURITY_CODE":"01980","SECURITY_NAME_ABBR":"天鸽互动","ORG_CODE":"10401302","STD_REPORT_DATE":"2024-06-30 00:00:00","REPORT_DATE":"2024-06-30 00:00:00","DATE_TYPE_CODE":"002","REPORT_TYPE":"2024年中报","PER_NETCASH_OPERATE":-0.036549336485,"PER_OI":0.004324391256,"BPS":2.038541957046,"BASIC_EPS":0.038,"DILUTED_EPS":0.038,"OPERATE_INCOME":5333000,"OPERATE_INCOME_YOY":-86.9627927443,"GROSS_PROFIT":4146000,"GROSS_PROFIT_YOY":-88.383626124233,"HOLDER_PROFIT":44079000,"HOLDER_PROFIT_YOY":466.4225134927,"GROSS_PROFIT_RATIO":77.742358897431,"EPS_TTM":-0.079768111951,"OPERATE_INCOME_QOQ":-52.606438828175,"NET_PROFIT_RATIO":824.8078004875,"ROE_AVG":1.940943858202,"GROSS_PROFIT_QOQ":-53.604200652529,"ROA":1.710762094272,"HOLDER_PROFIT_QOQ":26.952550679439,"ROE_YEARLY":3.881887716404,"ROIC_YEARLY":4.463005848969,"TOTAL_ASSETS":2593059000,"TOTAL_LIABILITIES":304395000,"TAX_EBT":-2.295348837209,"OCF_SALES":-845.190324395275,"TOTAL_PARENT_EQUITY":2288651000,"DEBT_ASSET_RATIO":11.738838183,"OPERATE_PROFIT":41861000,"PRETAX_PROFIT":43000000,"NETCASH_OPERATE":-45074000,"NETCASH_INVEST":-31311000,"NETCASH_FINANCE":-23739000,"END_CASH":269013000,"DIVI_RATIO":-0.22802344891,"DIVIDEND_RATE":3.636363636364,"CURRENT_RATIO":3.94116860684,"COMMON_ACS":3000000000,"CURRENTDEBT_DEBT":93.382939930025,"ISSUED_COMMON_SHARES":1122690162,"HK_COMMON_SHARES":1122690162,"PER_SHARES":1000,"TOTAL_MARKET_CAP":617479589.1,"HKSK_MARKET_CAP":617479589.1,"PE_TTM":-5.677941783476,"PB_TTM":0.246241681838,"REPORT_DATE_SQ":"2023-06-30 00:00:00","REPORT_TYPE_SQ":"2023年中报","OPERATE_INCOME_SQ":40906000,"DPS_HKD":0.02,"OPERATE_INCOME_QOQ_SQ":-30.90101567504,"NET_PROFIT_RATIO_SQ":18.5302889552,"HOLDER_PROFIT_SQ":7782000,"HOLDER_PROFIT_QOQ_SQ":60.255818144952,"ROE_AVG_SQ":0.323139208969,"PE_TTM_SQ":-2.64572654518,"PB_TTM_SQ":0.221189745814,"ROA_SQ":0.275512620935,"START_DATE":"2024-01-01 00:00:00","FISCAL_YEAR":"12-31","CURRENCY":"HKD","IS_CNY_CODE":0,"DPS_HKD_LY":0.02,"ORG_TYPE":"一般企业","PREMIUM_INCOME":null,"PREMIUM_INCOME_YOY":null,"NET_INTEREST_INCOME":null,"NET_INTEREST_INCOME_YOY":null,"FEE_COMMISSION_INCOME":null,"FEE_COMMISSION_INCOME_YOY":null,"ACCOUNTS_RECE_TDAYS":1.757745550428,"INVENTORY_TDAYS":null,"CURRENT_ASSETS_TDAYS":0.004905610913,"TOTAL_ASSETS_TDAYS":0.002069805179,"PREMIUM_EXPENSE":null,"LOAN_DEPOSIT":null,"LOAN_EQUITY":null,"LOAN_ASSETS":null,"DEPOSIT_EQUITY":null,"DEPOSIT_ASSETS":null,"EQUITY_MULTIPLIER":1.133001174484,"EQUITY_RATIO":0.133001929958},{"SECUCODE":"01980.HK","SECURITY_CODE":"01980","SECURITY_NAME_ABBR":"天鸽互动","ORG_CODE":"10401302","STD_REPORT_DATE":"2023-12-31 00:00:00","REPORT_DATE":"2023-12-31 00:00:00","DATE_TYPE_CODE":"001","REPORT_TYPE":"2023年年报","PER_NETCASH_OPERATE":-0.034682795317,"PER_OI":0.054612642094,"BPS":2.007112982967,"BASIC_EPS":-0.114,"DILUTED_EPS":-0.114,"OPERATE_INCOME":67621000,"OPERATE_INCOME_YOY":-52.4040458074,"GROSS_PROFIT":58848000,"GROSS_PROFIT_YOY":-47.279210191539,"HOLDER_PROFIT":-134670000,"HOLDER_PROFIT_YOY":74.71669633,"GROSS_PROFIT_RATIO":87.026219665489,"EPS_TTM":-0.108763320727,"OPERATE_INCOME_QOQ":-31.119169612207,"NET_PROFIT_RATIO":-199.7190221972,"ROE_AVG":-5.822948131788,"GROSS_PROFIT_QOQ":-26.210329651039,"ROA":-4.928325741582,"HOLDER_PROFIT_QOQ":36.384893360731,"ROE_YEARLY":-5.822948131788,"ROIC_YEARLY":-6.216616327169,"TOTAL_ASSETS":2560083000,"TOTAL_LIABILITIES":307099000,"TAX_EBT":-9.108242175508,"OCF_SALES":-63.506898744473,"TOTAL_PARENT_EQUITY":2253366000,"DEBT_ASSET_RATIO":11.9956657655,"OPERATE_PROFIT":-137910000,"PRETAX_PROFIT":-123778000,"NETCASH_OPERATE":-42944000,"NETCASH_INVEST":109796000,"NETCASH_FINANCE":-209468000,"END_CASH":364107000,"DIVI_RATIO":-0.167234687931,"DIVIDEND_RATE":3.636363636364,"CURRENT_RATIO":3.698895900161,"COMMON_ACS":3000000000,"CURRENTDEBT_DEBT":92.783760285771,"ISSUED_COMMON_SHARES":1122690162,"HK_COMMON_SHARES":1122690162,"PER_SHARES":1000,"TOTAL_MARKET_CAP":617479589.1,"HKSK_MARKET_CAP":617479589.1,"PE_TTM":-5.677941783476,"PB_TTM":0.246241681838,"REPORT_DATE_SQ":"2022-12-31 00:00:00","REPORT_TYPE_SQ":"2022年年报","OPERATE_INCOME_SQ":142073000,"DPS_HKD":0.02,"OPERATE_INCOME_QOQ_SQ":-20.600333083707,"NET_PROFIT_RATIO_SQ":-375.4689490614,"HOLDER_PROFIT_SQ":-532644000,"HOLDER_PROFIT_QOQ_SQ":-49.507390545267,"ROE_AVG_SQ":-19.599988666358,"PE_TTM_SQ":-2.620525256269,"PB_TTM_SQ":0.219082851321,"ROA_SQ":-16.562444758191,"START_DATE":"2023-01-01 00:00:00","FISCAL_YEAR":"12-31","CURRENCY":"HKD","IS_CNY_CODE":0,"DPS_HKD_LY":0.01,"ORG_TYPE":"一般企业","PREMIUM_INCOME":null,"PREMIUM_INCOME_YOY":null,"NET_INTEREST_INCOME":null,"NET_INTEREST_INCOME_YOY":null,"FEE_COMMISSION_INCOME":null,"FEE_COMMISSION_INCOME_YOY":null,"ACCOUNTS_RECE_TDAYS":9.980222861781,"INVENTORY_TDAYS":null,"CURRENT_ASSETS_TDAYS":0.058838244641,"TOTAL_ASSETS_TDAYS":0.024746292045,"PREMIUM_EXPENSE":null,"LOAN_DEPOSIT":null,"LOAN_EQUITY":null,"LOAN_ASSETS":null,"DEPOSIT_EQUITY":null,"DEPOSIT_ASSETS":null,"EQUITY_MULTIPLIER":1.136307670183,"EQUITY_RATIO":0.136284562739},{"SECUCODE":"01980.HK","SECURITY_CODE":"01980","SECURITY_NAME_ABBR":"天鸽互动","ORG_CODE":"10401302","STD_REPORT_DATE":"2023-06-30 00:00:00","REPORT_DATE":"2023-06-30 00:00:00","DATE_TYPE_CODE":"002","REPORT_TYPE":"2023年中报","PER_NETCASH_OPERATE":-0.014712285317,"PER_OI":0.032931367615,"BPS":2.177247189595,"BASIC_EPS":0.007,"DILUTED_EPS":0.007,"OPERATE_INCOME":40906000,"OPERATE_INCOME_YOY":-51.7663427978,"GROSS_PROFIT":35691000,"GROSS_PROFIT_YOY":-47.172967052485,"HOLDER_PROFIT":7782000,"HOLDER_PROFIT_YOY":102.4849361523,"GROSS_PROFIT_RATIO":87.251258984012,"EPS_TTM":-0.170425019978,"OPERATE_INCOME_QOQ":-30.90101567504,"NET_PROFIT_RATIO":18.5302889552,"ROE_AVG":0.323139208969,"GROSS_PROFIT_QOQ":-28.552615075881,"ROA":0.275512620935,"HOLDER_PROFIT_QOQ":60.255818144952,"ROE_YEARLY":0.646278417938,"ROIC_YEARLY":0.68960154509,"TOTAL_ASSETS":2744047000,"TOTAL_LIABILITIES":299862000,"TAX_EBT":7.897934386391,"OCF_SALES":-44.675597711827,"TOTAL_PARENT_EQUITY":2444374000,"DEBT_ASSET_RATIO":10.9277282787,"OPERATE_PROFIT":1575000,"PRETAX_PROFIT":8230000,"NETCASH_OPERATE":-18275000,"NETCASH_INVEST":341334000,"NETCASH_FINANCE":-211958000,"END_CASH":627603000,"DIVI_RATIO":-0.106727286887,"DIVIDEND_RATE":3.636363636364,"CURRENT_RATIO":3.814330017318,"COMMON_ACS":3000000000,"CURRENTDEBT_DEBT":91.081564186192,"ISSUED_COMMON_SHARES":1122690162,"HK_COMMON_SHARES":1122690162,"PER_SHARES":1000,"TOTAL_MARKET_CAP":617479589.1,"HKSK_MARKET_CAP":617479589.1,"PE_TTM":-5.677941783476,"PB_TTM":0.246241681838,"REPORT_DATE_SQ":"2022-06-30 00:00:00","REPORT_TYPE_SQ":"2022年中报","OPERATE_INCOME_SQ":84808000,"DPS_HKD":0.02,"OPERATE_INCOME_QOQ_SQ":-15.007837362846,"NET_PROFIT_RATIO_SQ":-369.2788416187,"HOLDER_PROFIT_SQ":-313167000,"HOLDER_PROFIT_QOQ_SQ":-376.543919023815,"ROE_AVG_SQ":-10.628682206587,"PE_TTM_SQ":-2.620525256269,"PB_TTM_SQ":0.219082851321,"ROA_SQ":-8.957677806259,"START_DATE":"2023-01-01 00:00:00","FISCAL_YEAR":"12-31","CURRENCY":"HKD","IS_CNY_CODE":0,"DPS_HKD_LY":0.01,"ORG_TYPE":"一般企业","PREMIUM_INCOME":null,"PREMIUM_INCOME_YOY":null,"NET_INTEREST_INCOME":null,"NET_INTEREST_INCOME_YOY":null,"FEE_COMMISSION_INCOME":null,"FEE_COMMISSION_INCOME_YOY":null,"ACCOUNTS_RECE_TDAYS":4.97367621132,"INVENTORY_TDAYS":null,"CURRENT_ASSETS_TDAYS":0.03578281356,"TOTAL_ASSETS_TDAYS":0.014482291534,"PREMIUM_EXPENSE":null,"LOAN_DEPOSIT":null,"LOAN_EQUITY":null,"LOAN_ASSETS":null,"DEPOSIT_EQUITY":null,"DEPOSIT_ASSETS":null,"EQUITY_MULTIPLIER":1.122683839398,"EQUITY_RATIO":0.122674353434},{"SECUCODE":"01980.HK","SECURITY_CODE":"01980","SECURITY_NAME_ABBR":"天鸽互动","ORG_CODE":"10401302","STD_REPORT_DATE":"2022-12-31 00:00:00","REPORT_DATE":"2022-12-31 00:00:00","DATE_TYPE_CODE":"001","REPORT_TYPE":"2022年年报","PER_NETCASH_OPERATE":-0.034432785514,"PER_OI":0.114375841958,"BPS":2.112894617135,"BASIC_EPS":-0.442,"DILUTED_EPS":-0.442,"OPERATE_INCOME":142073000,"OPERATE_INCOME_YOY":-32.5165059611,"GROSS_PROFIT":111622000,"GROSS_PROFIT_YOY":-30.537975668191,"HOLDER_PROFIT":-532644000,"HOLDER_PROFIT_YOY":-513.4535970441,"GROSS_PROFIT_RATIO":78.566652354775,"EPS_TTM":-0.428804952131,"OPERATE_INCOME_QOQ":-20.600333083707,"NET_PROFIT_RATIO":-375.4689490614,"ROE_AVG":-19.599988666358,"GROSS_PROFIT_QOQ":-9.295390091093,"ROA":-16.562444758191,"HOLDER_PROFIT_QOQ":-49.507390545267,"ROE_YEARLY":-19.599988666358,"ROIC_YEARLY":-20.153922993098,"TOTAL_ASSETS":2905059000,"TOTAL_LIABILITIES":532958000,"TAX_EBT":-1.168067880314,"OCF_SALES":-30.104946048862,"TOTAL_PARENT_EQUITY":2372126000,"DEBT_ASSET_RATIO":18.3458580359,"OPERATE_PROFIT":-535241000,"PRETAX_PROFIT":-527281000,"NETCASH_OPERATE":-42771000,"NETCASH_INVEST":271552000,"NETCASH_FINANCE":-356183000,"END_CASH":497659000,"DIVI_RATIO":-0.042417886989,"DIVIDEND_RATE":3.636363636364,"CURRENT_RATIO":2.456135884624,"COMMON_ACS":3000000000,"CURRENTDEBT_DEBT":95.077660903861,"ISSUED_COMMON_SHARES":1122690162,"HK_COMMON_SHARES":1122690162,"PER_SHARES":1000,"TOTAL_MARKET_CAP":617479589.1,"HKSK_MARKET_CAP":617479589.1,"PE_TTM":-5.677941783476,"PB_TTM":0.246241681838,"REPORT_DATE_SQ":"2021-12-31 00:00:00","REPORT_TYPE_SQ":"2021年年报","OPERATE_INCOME_SQ":210530000,"DPS_HKD":0.02,"OPERATE_INCOME_QOQ_SQ":-19.305319723876,"NET_PROFIT_RATIO_SQ":62.0400892984,"HOLDER_PROFIT_SQ":128828000,"HOLDER_PROFIT_QOQ_SQ":-40.530859068458,"ROE_AVG_SQ":4.395920121517,"PE_TTM_SQ":-2.620525256269,"PB_TTM_SQ":0.219082851321,"ROA_SQ":3.642883824332,"START_DATE":"2022-01-01 00:00:00","FISCAL_YEAR":"12-31","CURRENCY":"HKD","IS_CNY_CODE":0,"DPS_HKD_LY":0.28,"ORG_TYPE":"一般企业","PREMIUM_INCOME":null,"PREMIUM_INCOME_YOY":null,"NET_INTEREST_INCOME":null,"NET_INTEREST_INCOME_YOY":null,"FEE_COMMISSION_INCOME":null,"FEE_COMMISSION_INCOME_YOY":null,"ACCOUNTS_RECE_TDAYS":18.379430789133,"INVENTORY_TDAYS":null,"CURRENT_ASSETS_TDAYS":0.094015575406,"TOTAL_ASSETS_TDAYS":0.044177278147,"PREMIUM_EXPENSE":null,"LOAN_DEPOSIT":null,"LOAN_EQUITY":null,"LOAN_ASSETS":null,"DEPOSIT_EQUITY":null,"DEPOSIT_ASSETS":null,"EQUITY_MULTIPLIER":1.224677617015,"EQUITY_RATIO":0.224675249123},{"SECUCODE":"01980.HK","SECURITY_CODE":"01980","SECURITY_NAME_ABBR":"天鸽互动","ORG_CODE":"10401302","STD_REPORT_DATE":"2022-06-30 00:00:00","REPORT_DATE":"2022-06-30 00:00:00","DATE_TYPE_CODE":"002","REPORT_TYPE":"2022年中报","PER_NETCASH_OPERATE":-0.019992678337,"PER_OI":0.066887808766,"BPS":2.520593923223,"BASIC_EPS":-0.258,"DILUTED_EPS":-0.258,"OPERATE_INCOME":84808000,"OPERATE_INCOME_YOY":-27.1433971341,"GROSS_PROFIT":67562000,"GROSS_PROFIT_YOY":-35.77512452945,"HOLDER_PROFIT":-313167000,"HOLDER_PROFIT_YOY":-282.1511455443,"GROSS_PROFIT_RATIO":79.664654277898,"EPS_TTM":-0.280985898476,"OPERATE_INCOME_QOQ":-15.007837362846,"NET_PROFIT_RATIO":-369.2788416187,"ROE_AVG":-10.628682206587,"GROSS_PROFIT_QOQ":-23.419521453686,"ROA":-8.957677806259,"HOLDER_PROFIT_QOQ":-376.543919023815,"ROE_YEARLY":-21.257364413174,"ROIC_YEARLY":-22.158757125009,"TOTAL_ASSETS":3465257000,"TOTAL_LIABILITIES":634696000,"TAX_EBT":-1.75351954799,"OCF_SALES":-29.889868880294,"TOTAL_PARENT_EQUITY":2829846000,"DEBT_ASSET_RATIO":18.3159863756,"OPERATE_PROFIT":-315284000,"PRETAX_PROFIT":-307781000,"NETCASH_OPERATE":-25349000,"NETCASH_INVEST":-11839000,"NETCASH_FINANCE":94886000,"END_CASH":669452000,"DIVI_RATIO":-0.064732785875,"DIVIDEND_RATE":3.636363636364,"CURRENT_RATIO":2.656990891277,"COMMON_ACS":3000000000,"CURRENTDEBT_DEBT":95.117505073295,"ISSUED_COMMON_SHARES":1122690162,"HK_COMMON_SHARES":1122690162,"PER_SHARES":1000,"TOTAL_MARKET_CAP":617479589.1,"HKSK_MARKET_CAP":617479589.1,"PE_TTM":-5.677941783476,"PB_TTM":0.246241681838,"REPORT_DATE_SQ":"2021-06-30 00:00:00","REPORT_TYPE_SQ":"2021年中报","OPERATE_INCOME_SQ":116404000,"DPS_HKD":0.02,"OPERATE_INCOME_QOQ_SQ":-20.853721798695,"NET_PROFIT_RATIO_SQ":149.2895433147,"HOLDER_PROFIT_SQ":171927000,"HOLDER_PROFIT_QOQ_SQ":168.715035290323,"ROE_AVG_SQ":5.776140659022,"PE_TTM_SQ":-2.620525256269,"PB_TTM_SQ":0.219082851321,"ROA_SQ":4.680130386086,"START_DATE":"2022-01-01 00:00:00","FISCAL_YEAR":"12-31","CURRENCY":"HKD","IS_CNY_CODE":0,"DPS_HKD_LY":0.28,"ORG_TYPE":"一般企业","PREMIUM_INCOME":null,"PREMIUM_INCOME_YOY":null,"NET_INTEREST_INCOME":null,"NET_INTEREST_INCOME_YOY":null,"FEE_COMMISSION_INCOME":null,"FEE_COMMISSION_INCOME_YOY":null,"ACCOUNTS_RECE_TDAYS":10.834621526669,"INVENTORY_TDAYS":null,"CURRENT_ASSETS_TDAYS":0.050155686781,"TOTAL_ASSETS_TDAYS":0.024258071233,"PREMIUM_EXPENSE":null,"LOAN_DEPOSIT":null,"LOAN_EQUITY":null,"LOAN_ASSETS":null,"DEPOSIT_EQUITY":null,"DEPOSIT_ASSETS":null,"EQUITY_MULTIPLIER":1.224229755161,"EQUITY_RATIO":0.224286409932},{"SECUCODE":"01980.HK","SECURITY_CODE":"01980","SECURITY_NAME_ABBR":"天鸽互动","ORG_CODE":"10401302","STD_REPORT_DATE":"2021-12-31 00:00:00","REPORT_DATE":"2021-12-31 00:00:00","DATE_TYPE_CODE":"001","REPORT_TYPE":"2021年年报","PER_NETCASH_OPERATE":-0.073828341701,"PER_OI":0.166044363498,"BPS":2.72828613243,"BASIC_EPS":0.103,"DILUTED_EPS":0.103,"OPERATE_INCOME":210530000,"OPERATE_INCOME_YOY":-36.133163855,"GROSS_PROFIT":160695000,"GROSS_PROFIT_YOY":-46.914714034178,"HOLDER_PROFIT":128828000,"HOLDER_PROFIT_YOY":59.802523041,"GROSS_PROFIT_RATIO":76.328789246188,"EPS_TTM":0.101606247379,"OPERATE_INCOME_QOQ":-19.305319723876,"NET_PROFIT_RATIO":62.0400892984,"ROE_AVG":4.395920121517,"GROSS_PROFIT_QOQ":-32.144380307323,"ROA":3.642883824332,"HOLDER_PROFIT_QOQ":-40.530859068458,"ROE_YEARLY":4.395920121517,"ROIC_YEARLY":5.079159313737,"TOTAL_ASSETS":3526890000,"TOTAL_LIABILITIES":463194000,"TAX_EBT":10.621682492615,"OCF_SALES":-44.463021897117,"TOTAL_PARENT_EQUITY":3063020000,"DEBT_ASSET_RATIO":13.1332136812,"OPERATE_PROFIT":80675000,"PRETAX_PROFIT":88357000,"NETCASH_OPERATE":-93608000,"NETCASH_INVEST":-331481000,"NETCASH_FINANCE":57955000,"END_CASH":593319000,"DIVI_RATIO":0.179014582953,"DIVIDEND_RATE":3.636363636364,"CURRENT_RATIO":4.093227480579,"COMMON_ACS":3000000000,"CURRENTDEBT_DEBT":93.765031498681,"ISSUED_COMMON_SHARES":1122690162,"HK_COMMON_SHARES":1122690162,"PER_SHARES":1000,"TOTAL_MARKET_CAP":617479589.1,"HKSK_MARKET_CAP":617479589.1,"PE_TTM":-5.677941783476,"PB_TTM":0.246241681838,"REPORT_DATE_SQ":"2020-12-31 00:00:00","REPORT_TYPE_SQ":"2020年年报","OPERATE_INCOME_SQ":329639000,"DPS_HKD":0.02,"OPERATE_INCOME_QOQ_SQ":-21.067616169646,"NET_PROFIT_RATIO_SQ":25.6253052582,"HOLDER_PROFIT_SQ":80617000,"HOLDER_PROFIT_QOQ_SQ":-19.804028848545,"ROE_AVG_SQ":2.903448288281,"PE_TTM_SQ":-2.620525256269,"PB_TTM_SQ":0.219082851321,"ROA_SQ":2.287418503073,"START_DATE":"2021-01-01 00:00:00","FISCAL_YEAR":"12-31","CURRENCY":"HKD","IS_CNY_CODE":0,"DPS_HKD_LY":null,"ORG_TYPE":"一般企业","PREMIUM_INCOME":null,"PREMIUM_INCOME_YOY":null,"NET_INTEREST_INCOME":null,"NET_INTEREST_INCOME_YOY":null,"FEE_COMMISSION_INCOME":null,"FEE_COMMISSION_INCOME_YOY":null,"ACCOUNTS_RECE_TDAYS":37.18954248366,"INVENTORY_TDAYS":null,"CURRENT_ASSETS_TDAYS":0.101444987549,"TOTAL_ASSETS_TDAYS":0.059531804541,"PREMIUM_EXPENSE":null,"LOAN_DEPOSIT":null,"LOAN_EQUITY":null,"LOAN_ASSETS":null,"DEPOSIT_EQUITY":null,"DEPOSIT_ASSETS":null,"EQUITY_MULTIPLIER":1.151187976875,"EQUITY_RATIO":0.151221343641},{"SECUCODE":"01980.HK","SECURITY_CODE":"01980","SECURITY_NAME_ABBR":"天鸽互动","ORG_CODE":"10401302","STD_REPORT_DATE":"2021-06-30 00:00:00","REPORT_DATE":"2021-06-30 00:00:00","DATE_TYPE_CODE":"002","REPORT_TYPE":"2021年中报","PER_NETCASH_OPERATE":-0.068909167344,"PER_OI":0.091879942218,"BPS":2.810012153647,"BASIC_EPS":0.135,"DILUTED_EPS":0.134,"OPERATE_INCOME":116404000,"OPERATE_INCOME_YOY":-37.1285363983,"GROSS_PROFIT":105196000,"GROSS_PROFIT_YOY":-38.513513513514,"HOLDER_PROFIT":171927000,"HOLDER_PROFIT_YOY":378.7186055577,"GROSS_PROFIT_RATIO":90.371464898114,"EPS_TTM":0.170990274241,"OPERATE_INCOME_QOQ":-20.853721798695,"NET_PROFIT_RATIO":149.2895433147,"ROE_AVG":5.776140659022,"GROSS_PROFIT_QOQ":-21.767296200006,"ROA":4.680130386086,"HOLDER_PROFIT_QOQ":168.715035290323,"ROE_YEARLY":11.552281318043,"ROIC_YEARLY":13.381967342308,"TOTAL_ASSETS":3801135000,"TOTAL_LIABILITIES":646557000,"TAX_EBT":8.586867847707,"OCF_SALES":-74.999140922992,"TOTAL_PARENT_EQUITY":3154773000,"DEBT_ASSET_RATIO":17.0095774025,"OPERATE_PROFIT":134502000,"PRETAX_PROFIT":133611000,"NETCASH_OPERATE":-87418000,"NETCASH_INVEST":-258943000,"NETCASH_FINANCE":194444000,"END_CASH":814721000,"DIVI_RATIO":0.106374471184,"DIVIDEND_RATE":3.636363636364,"CURRENT_RATIO":3.44971560183,"COMMON_ACS":3000000000,"CURRENTDEBT_DEBT":94.953422513406,"ISSUED_COMMON_SHARES":1122690162,"HK_COMMON_SHARES":1122690162,"PER_SHARES":1000,"TOTAL_MARKET_CAP":617479589.1,"HKSK_MARKET_CAP":617479589.1,"PE_TTM":-5.677941783476,"PB_TTM":0.246241681838,"REPORT_DATE_SQ":"2020-06-30 00:00:00","REPORT_TYPE_SQ":"2020年中报","OPERATE_INCOME_SQ":185146000,"DPS_HKD":0.02,"OPERATE_INCOME_QOQ_SQ":-8.390807971121,"NET_PROFIT_RATIO_SQ":17.6800681235,"HOLDER_PROFIT_SQ":35914000,"HOLDER_PROFIT_QOQ_SQ":58.336473247928,"ROE_AVG_SQ":1.279260583536,"PE_TTM_SQ":-2.620525256269,"PB_TTM_SQ":0.219082851321,"ROA_SQ":1.001066737875,"START_DATE":"2021-01-01 00:00:00","FISCAL_YEAR":"12-31","CURRENCY":"HKD","IS_CNY_CODE":0,"DPS_HKD_LY":null,"ORG_TYPE":"一般企业","PREMIUM_INCOME":null,"PREMIUM_INCOME_YOY":null,"NET_INTEREST_INCOME":null,"NET_INTEREST_INCOME_YOY":null,"FEE_COMMISSION_INCOME":null,"FEE_COMMISSION_INCOME_YOY":null,"ACCOUNTS_RECE_TDAYS":19.652878608813,"INVENTORY_TDAYS":null,"CURRENT_ASSETS_TDAYS":0.051841616833,"TOTAL_ASSETS_TDAYS":0.031687047262,"PREMIUM_EXPENSE":null,"LOAN_DEPOSIT":null,"LOAN_EQUITY":null,"LOAN_ASSETS":null,"DEPOSIT_EQUITY":null,"DEPOSIT_ASSETS":null,"EQUITY_MULTIPLIER":1.204958317721,"EQUITY_RATIO":0.204945649021},{"SECUCODE":"01980.HK","SECURITY_CODE":"01980","SECURITY_NAME_ABBR":"天鸽互动","ORG_CODE":"10401302","STD_REPORT_DATE":"2020-12-31 00:00:00","REPORT_DATE":"2020-12-31 00:00:00","DATE_TYPE_CODE":"001","REPORT_TYPE":"2020年年报","PER_NETCASH_OPERATE":0.016020124805,"PER_OI":0.257314131492,"BPS":2.492435664543,"BASIC_EPS":0.064,"DILUTED_EPS":0.064,"OPERATE_INCOME":329639000,"OPERATE_INCOME_YOY":-31.8220551067,"GROSS_PROFIT":302711000,"GROSS_PROFIT_YOY":-31.286063858282,"HOLDER_PROFIT":80617000,"HOLDER_PROFIT_YOY":-14.0855127139,"GROSS_PROFIT_RATIO":91.831063678752,"EPS_TTM":0.062929123491,"OPERATE_INCOME_QOQ":-21.067616169646,"NET_PROFIT_RATIO":25.6253052582,"ROE_AVG":2.903448288281,"GROSS_PROFIT_QOQ":-15.916413897315,"ROA":2.287418503073,"HOLDER_PROFIT_QOQ":-19.804028848545,"ROE_YEARLY":2.903448288281,"ROIC_YEARLY":3.624843919527,"TOTAL_ASSETS":3545968000,"TOTAL_LIABILITIES":633130000,"TAX_EBT":-14.824010268883,"OCF_SALES":6.225901668189,"TOTAL_PARENT_EQUITY":2798233000,"DEBT_ASSET_RATIO":17.8549270608,"OPERATE_PROFIT":52360000,"PRETAX_PROFIT":59208000,"NETCASH_OPERATE":20523000,"NETCASH_INVEST":-176464000,"NETCASH_FINANCE":147435000,"END_CASH":974276000,"DIVI_RATIO":0.289039462032,"DIVIDEND_RATE":3.636363636364,"CURRENT_RATIO":4.008327885579,"COMMON_ACS":3000000000,"CURRENTDEBT_DEBT":93.501650529907,"ISSUED_COMMON_SHARES":1122690162,"HK_COMMON_SHARES":1122690162,"PER_SHARES":1000,"TOTAL_MARKET_CAP":617479589.1,"HKSK_MARKET_CAP":617479589.1,"PE_TTM":-5.677941783476,"PB_TTM":0.246241681838,"REPORT_DATE_SQ":"2019-12-31 00:00:00","REPORT_TYPE_SQ":"2019年年报","OPERATE_INCOME_SQ":483498000,"DPS_HKD":0.02,"OPERATE_INCOME_QOQ_SQ":-10.53722881034,"NET_PROFIT_RATIO_SQ":18.5649204845,"HOLDER_PROFIT_SQ":93834000,"HOLDER_PROFIT_QOQ_SQ":214.270056992547,"ROE_AVG_SQ":3.359393809749,"PE_TTM_SQ":-2.620525256269,"PB_TTM_SQ":0.219082851321,"ROA_SQ":2.818132345362,"START_DATE":"2020-01-01 00:00:00","FISCAL_YEAR":"12-31","CURRENCY":"HKD","IS_CNY_CODE":0,"DPS_HKD_LY":null,"ORG_TYPE":"一般企业","PREMIUM_INCOME":null,"PREMIUM_INCOME_YOY":null,"NET_INTEREST_INCOME":null,"NET_INTEREST_INCOME_YOY":null,"FEE_COMMISSION_INCOME":null,"FEE_COMMISSION_INCOME_YOY":null,"ACCOUNTS_RECE_TDAYS":19.929204074847,"INVENTORY_TDAYS":null,"CURRENT_ASSETS_TDAYS":0.151313971476,"TOTAL_ASSETS_TDAYS":0.09353143232,"PREMIUM_EXPENSE":null,"LOAN_DEPOSIT":null,"LOAN_EQUITY":null,"LOAN_ASSETS":null,"DEPOSIT_EQUITY":null,"DEPOSIT_ASSETS":null,"EQUITY_MULTIPLIER":1.21735846621,"EQUITY_RATIO":0.226260643771},{"SECUCODE":"01980.HK","SECURITY_CODE":"01980","SECURITY_NAME_ABBR":"天鸽互动","ORG_CODE":"10401302","STD_REPORT_DATE":"2020-09-30 00:00:00","REPORT_DATE":"2020-09-30 00:00:00","DATE_TYPE_CODE":"004","REPORT_TYPE":"2020年三季报","PER_NETCASH_OPERATE":null,"PER_OI":0.232943892252,"BPS":null,"BASIC_EPS":0.059,"DILUTED_EPS":0.058,"OPERATE_INCOME":297881000,"OPERATE_INCOME_YOY":-29.0063109526,"GROSS_PROFIT":261563000,"GROSS_PROFIT_YOY":-30.497296291868,"HOLDER_PROFIT":74400000,"HOLDER_PROFIT_YOY":9.881995008,"GROSS_PROFIT_RATIO":87.807883013687,"EPS_TTM":0.078610870679,"OPERATE_INCOME_QOQ":-10.804553512313,"NET_PROFIT_RATIO":25.5826991315,"ROE_AVG":null,"GROSS_PROFIT_QOQ":-11.35482250626,"ROA":null,"HOLDER_PROFIT_QOQ":19.608543042418,"ROE_YEARLY":null,"ROIC_YEARLY":null,"TOTAL_ASSETS":null,"TOTAL_LIABILITIES":null,"TAX_EBT":12.697903539924,"OCF_SALES":null,"TOTAL_PARENT_EQUITY":null,"DEBT_ASSET_RATIO":null,"OPERATE_PROFIT":null,"PRETAX_PROFIT":87290000,"NETCASH_OPERATE":null,"NETCASH_INVEST":null,"NETCASH_FINANCE":null,"END_CASH":null,"DIVI_RATIO":0.231380212978,"DIVIDEND_RATE":3.636363636364,"CURRENT_RATIO":null,"COMMON_ACS":3000000000,"CURRENTDEBT_DEBT":null,"ISSUED_COMMON_SHARES":1122690162,"HK_COMMON_SHARES":1122690162,"PER_SHARES":1000,"TOTAL_MARKET_CAP":617479589.1,"HKSK_MARKET_CAP":617479589.1,"PE_TTM":-5.677941783476,"PB_TTM":0.246241681838,"REPORT_DATE_SQ":"2019-09-30 00:00:00","REPORT_TYPE_SQ":"2019年三季报","OPERATE_INCOME_SQ":419588000,"DPS_HKD":0.02,"OPERATE_INCOME_QOQ_SQ":-6.160077331744,"NET_PROFIT_RATIO_SQ":17.128707208,"HOLDER_PROFIT_SQ":67709000,"HOLDER_PROFIT_QOQ_SQ":-651.909165827305,"ROE_AVG_SQ":null,"PE_TTM_SQ":-2.620525256269,"PB_TTM_SQ":0.219082851321,"ROA_SQ":null,"START_DATE":"2020-01-01 00:00:00","FISCAL_YEAR":"12-31","CURRENCY":"HKD","IS_CNY_CODE":0,"DPS_HKD_LY":null,"ORG_TYPE":"一般企业","PREMIUM_INCOME":null,"PREMIUM_INCOME_YOY":null,"NET_INTEREST_INCOME":null,"NET_INTEREST_INCOME_YOY":null,"FEE_COMMISSION_INCOME":null,"FEE_COMMISSION_INCOME_YOY":null,"ACCOUNTS_RECE_TDAYS":null,"INVENTORY_TDAYS":null,"CURRENT_ASSETS_TDAYS":0.300261775619,"TOTAL_ASSETS_TDAYS":0.170083396997,"PREMIUM_EXPENSE":null,"LOAN_DEPOSIT":null,"LOAN_EQUITY":null,"LOAN_ASSETS":null,"DEPOSIT_EQUITY":null,"DEPOSIT_ASSETS":null,"EQUITY_MULTIPLIER":null,"EQUITY_RATIO":null}],"count":40},"success":true,"message":"ok","code":0}