{"version":"20e90c3f1dfff6d6c35e1740bbc83926","result":{"pages":2,"data":[{"SECUCODE":"01981.HK","SECURITY_CODE":"01981","SECURITY_NAME_ABBR":"华夏控股","ORG_CODE":"10000052947","STD_REPORT_DATE":"2024-06-30 00:00:00","REPORT_DATE":"2024-06-30 00:00:00","DATE_TYPE_CODE":"002","REPORT_TYPE":"2024年中报","PER_NETCASH_OPERATE":-0.077970943909,"PER_OI":0.233585931066,"BPS":1.313184731503,"BASIC_EPS":0.0299,"DILUTED_EPS":0.0299,"OPERATE_INCOME":386570000,"OPERATE_INCOME_YOY":2.5961548669,"GROSS_PROFIT":193768000,"GROSS_PROFIT_YOY":27.845662558391,"HOLDER_PROFIT":48547000,"HOLDER_PROFIT_YOY":140.776951829,"GROSS_PROFIT_RATIO":50.124945029361,"EPS_TTM":-0.017319692532,"OPERATE_INCOME_QOQ":1.288733136594,"NET_PROFIT_RATIO":15.3302118633,"ROE_AVG":2.212222429813,"GROSS_PROFIT_QOQ":15.192333998085,"ROA":1.685089834202,"HOLDER_PROFIT_QOQ":85.395765928719,"ROE_YEARLY":4.424444859626,"ROIC_YEARLY":4.785953369315,"TOTAL_ASSETS":2683751000,"TOTAL_LIABILITIES":299576000,"TAX_EBT":0.663783566328,"OCF_SALES":-33.379982926766,"TOTAL_PARENT_EQUITY":2173238000,"DEBT_ASSET_RATIO":11.1625855007,"OPERATE_PROFIT":60171000,"PRETAX_PROFIT":59658000,"NETCASH_OPERATE":-129037000,"NETCASH_INVEST":174383000,"NETCASH_FINANCE":-92982000,"END_CASH":295977000,"DIVI_RATIO":-3.139385985012,"DIVIDEND_RATE":3.488372093023,"CURRENT_RATIO":4.549950420124,"COMMON_ACS":5000000000,"CURRENTDEBT_DEBT":95.940596042407,"ISSUED_COMMON_SHARES":1654937000,"HK_COMMON_SHARES":1654937000,"PER_SHARES":1000,"TOTAL_MARKET_CAP":2846491640,"HKSK_MARKET_CAP":2846491640,"PE_TTM":-83.09942598712,"PB_TTM":1.195421757762,"REPORT_DATE_SQ":"2023-06-30 00:00:00","REPORT_TYPE_SQ":"2023年中报","OPERATE_INCOME_SQ":376788000,"DPS_HKD":0.06,"OPERATE_INCOME_QOQ_SQ":-0.132761888812,"NET_PROFIT_RATIO_SQ":-29.1760884105,"HOLDER_PROFIT_SQ":-119055000,"HOLDER_PROFIT_QOQ_SQ":-286.354919298828,"ROE_AVG_SQ":-4.965255100381,"PE_TTM_SQ":-5.329766337794,"PB_TTM_SQ":0.430703715995,"ROA_SQ":-3.971878744852,"START_DATE":"2024-01-01 00:00:00","FISCAL_YEAR":"12-31","CURRENCY":"HKD","IS_CNY_CODE":0,"DPS_HKD_LY":0.06,"ORG_TYPE":"一般企业","PREMIUM_INCOME":null,"PREMIUM_INCOME_YOY":null,"NET_INTEREST_INCOME":null,"NET_INTEREST_INCOME_YOY":null,"FEE_COMMISSION_INCOME":null,"FEE_COMMISSION_INCOME_YOY":null,"ACCOUNTS_RECE_TDAYS":0.856087138983,"INVENTORY_TDAYS":5.671314272267,"CURRENT_ASSETS_TDAYS":0.260183252954,"TOTAL_ASSETS_TDAYS":0.134180315407,"PREMIUM_EXPENSE":null,"LOAN_DEPOSIT":null,"LOAN_EQUITY":null,"LOAN_ASSETS":null,"DEPOSIT_EQUITY":null,"DEPOSIT_ASSETS":null,"EQUITY_MULTIPLIER":1.125651850221,"EQUITY_RATIO":0.137847764488},{"SECUCODE":"01981.HK","SECURITY_CODE":"01981","SECURITY_NAME_ABBR":"华夏控股","ORG_CODE":"10000052947","STD_REPORT_DATE":"2023-12-31 00:00:00","REPORT_DATE":"2023-12-31 00:00:00","DATE_TYPE_CODE":"001","REPORT_TYPE":"2023年年报","PER_NETCASH_OPERATE":0.225927029246,"PER_OI":0.458651900344,"BPS":1.338867884397,"BASIC_EPS":-0.1209,"DILUTED_EPS":-0.1209,"OPERATE_INCOME":759040000,"OPERATE_INCOME_YOY":15.5637432154,"GROSS_PROFIT":277798000,"GROSS_PROFIT_YOY":-12.422091985839,"HOLDER_PROFIT":-196265000,"HOLDER_PROFIT_YOY":-303.4529942882,"GROSS_PROFIT_RATIO":36.598598229342,"EPS_TTM":-0.118593638308,"OPERATE_INCOME_QOQ":15.717371783829,"NET_PROFIT_RATIO":-23.8547375632,"ROE_AVG":-8.399709146188,"GROSS_PROFIT_QOQ":-8.493257175985,"ROA":-6.227502388084,"HOLDER_PROFIT_QOQ":-9.17500597983,"ROE_YEARLY":-8.399709146188,"ROIC_YEARLY":-8.387938019906,"TOTAL_ASSETS":3078197000,"TOTAL_LIABILITIES":662233000,"TAX_EBT":0.089389667217,"OCF_SALES":49.258932335582,"TOTAL_PARENT_EQUITY":2215742000,"DEBT_ASSET_RATIO":21.5136653047,"OPERATE_PROFIT":-179902000,"PRETAX_PROFIT":-181229000,"NETCASH_OPERATE":373895000,"NETCASH_INVEST":-503191000,"NETCASH_FINANCE":-51230000,"END_CASH":342044000,"DIVI_RATIO":-0.458483277652,"DIVIDEND_RATE":5.263157894737,"CURRENT_RATIO":2.570424156284,"COMMON_ACS":5000000000,"CURRENTDEBT_DEBT":97.74278841435,"ISSUED_COMMON_SHARES":1654937000,"HK_COMMON_SHARES":1654937000,"PER_SHARES":1000,"TOTAL_MARKET_CAP":1886628180,"HKSK_MARKET_CAP":1886628180,"PE_TTM":-55.077526526347,"PB_TTM":0.792314420842,"REPORT_DATE_SQ":"2022-12-31 00:00:00","REPORT_TYPE_SQ":"2022年年报","OPERATE_INCOME_SQ":656815000,"DPS_HKD":0.06,"OPERATE_INCOME_QOQ_SQ":-11.223940874981,"NET_PROFIT_RATIO_SQ":18.5627612037,"HOLDER_PROFIT_SQ":96467000,"HOLDER_PROFIT_QOQ_SQ":-23.916524043505,"ROE_AVG_SQ":3.856132638779,"PE_TTM_SQ":-6.218060727426,"PB_TTM_SQ":0.502487668661,"ROA_SQ":2.784653590387,"START_DATE":"2023-01-01 00:00:00","FISCAL_YEAR":"12-31","CURRENCY":"HKD","IS_CNY_CODE":0,"DPS_HKD_LY":0.03,"ORG_TYPE":"一般企业","PREMIUM_INCOME":null,"PREMIUM_INCOME_YOY":null,"NET_INTEREST_INCOME":null,"NET_INTEREST_INCOME_YOY":null,"FEE_COMMISSION_INCOME":null,"FEE_COMMISSION_INCOME_YOY":null,"ACCOUNTS_RECE_TDAYS":1.159186565751,"INVENTORY_TDAYS":6.725906876961,"CURRENT_ASSETS_TDAYS":0.413743744772,"TOTAL_ASSETS_TDAYS":0.240843931045,"PREMIUM_EXPENSE":null,"LOAN_DEPOSIT":null,"LOAN_EQUITY":null,"LOAN_ASSETS":null,"DEPOSIT_EQUITY":null,"DEPOSIT_ASSETS":null,"EQUITY_MULTIPLIER":1.274107147292,"EQUITY_RATIO":0.29887640348},{"SECUCODE":"01981.HK","SECURITY_CODE":"01981","SECURITY_NAME_ABBR":"华夏控股","ORG_CODE":"10000052947","STD_REPORT_DATE":"2023-06-30 00:00:00","REPORT_DATE":"2023-06-30 00:00:00","DATE_TYPE_CODE":"002","REPORT_TYPE":"2023年中报","PER_NETCASH_OPERATE":-0.071399092533,"PER_OI":0.227675132044,"BPS":1.412819944203,"BASIC_EPS":-0.0734,"DILUTED_EPS":-0.0734,"OPERATE_INCOME":376788000,"OPERATE_INCOME_YOY":-0.2308955145,"GROSS_PROFIT":151564000,"GROSS_PROFIT_YOY":-8.244795166573,"HOLDER_PROFIT":-119055000,"HOLDER_PROFIT_YOY":-175.7429238531,"GROSS_PROFIT_RATIO":40.225272567067,"EPS_TTM":-0.108627095775,"OPERATE_INCOME_QOQ":-0.132761888812,"NET_PROFIT_RATIO":-29.1760884105,"ROE_AVG":-4.965255100381,"GROSS_PROFIT_QOQ":-4.293492139054,"ROA":-3.971878744852,"HOLDER_PROFIT_QOQ":-286.354919298828,"ROE_YEARLY":-9.930510200762,"ROIC_YEARLY":-10.169328653902,"TOTAL_ASSETS":2769924000,"TOTAL_LIABILITIES":237649000,"TAX_EBT":0.331828319643,"OCF_SALES":-31.360075161629,"TOTAL_PARENT_EQUITY":2338128000,"DEBT_ASSET_RATIO":8.5796216792,"OPERATE_PROFIT":-109623000,"PRETAX_PROFIT":-110298000,"NETCASH_OPERATE":-118161000,"NETCASH_INVEST":19415000,"NETCASH_FINANCE":-3646000,"END_CASH":411948000,"DIVI_RATIO":-0.500549145793,"DIVIDEND_RATE":4.615384615385,"CURRENT_RATIO":6.603230208448,"COMMON_ACS":5000000000,"CURRENTDEBT_DEBT":91.890140501328,"ISSUED_COMMON_SHARES":1654937000,"HK_COMMON_SHARES":1654937000,"PER_SHARES":1000,"TOTAL_MARKET_CAP":2151418100,"HKSK_MARKET_CAP":2151418100,"PE_TTM":-62.807705687939,"PB_TTM":0.90351644482,"REPORT_DATE_SQ":"2022-06-30 00:00:00","REPORT_TYPE_SQ":"2022年中报","OPERATE_INCOME_SQ":377660000,"DPS_HKD":0.06,"OPERATE_INCOME_QOQ_SQ":27.991474800666,"NET_PROFIT_RATIO_SQ":43.5632579569,"HOLDER_PROFIT_SQ":157183000,"HOLDER_PROFIT_QOQ_SQ":120.402593564761,"ROE_AVG_SQ":5.914586055376,"PE_TTM_SQ":-6.379568798268,"PB_TTM_SQ":0.515539296418,"ROA_SQ":4.516808500467,"START_DATE":"2023-01-01 00:00:00","FISCAL_YEAR":"12-31","CURRENCY":"HKD","IS_CNY_CODE":0,"DPS_HKD_LY":0.03,"ORG_TYPE":"一般企业","PREMIUM_INCOME":null,"PREMIUM_INCOME_YOY":null,"NET_INTEREST_INCOME":null,"NET_INTEREST_INCOME_YOY":null,"FEE_COMMISSION_INCOME":null,"FEE_COMMISSION_INCOME_YOY":null,"ACCOUNTS_RECE_TDAYS":0.520106454053,"INVENTORY_TDAYS":2.924835073503,"CURRENT_ASSETS_TDAYS":0.218597571854,"TOTAL_ASSETS_TDAYS":0.125702931294,"PREMIUM_EXPENSE":null,"LOAN_DEPOSIT":null,"LOAN_EQUITY":null,"LOAN_ASSETS":null,"DEPOSIT_EQUITY":null,"DEPOSIT_ASSETS":null,"EQUITY_MULTIPLIER":1.093848022036,"EQUITY_RATIO":0.101640714281},{"SECUCODE":"01981.HK","SECURITY_CODE":"01981","SECURITY_NAME_ABBR":"华夏控股","ORG_CODE":"10000052947","STD_REPORT_DATE":"2022-12-31 00:00:00","REPORT_DATE":"2022-12-31 00:00:00","DATE_TYPE_CODE":"001","REPORT_TYPE":"2022年年报","PER_NETCASH_OPERATE":0.205350415152,"PER_OI":0.396882177388,"BPS":1.484887944375,"BASIC_EPS":0.0592,"DILUTED_EPS":0.0592,"OPERATE_INCOME":656815000,"OPERATE_INCOME_YOY":13.625787344,"GROSS_PROFIT":317201000,"GROSS_PROFIT_YOY":14.856321422881,"HOLDER_PROFIT":96467000,"HOLDER_PROFIT_YOY":67.6899542823,"GROSS_PROFIT_RATIO":48.293811803933,"EPS_TTM":0.058290436434,"OPERATE_INCOME_QOQ":-11.223940874981,"NET_PROFIT_RATIO":18.5627612037,"ROE_AVG":3.856132638779,"GROSS_PROFIT_QOQ":-0.577663269016,"ROA":2.784653590387,"HOLDER_PROFIT_QOQ":-23.916524043505,"ROE_YEARLY":3.856132638779,"ROIC_YEARLY":3.32446563334,"TOTAL_ASSETS":3224972000,"TOTAL_LIABILITIES":582552000,"TAX_EBT":18.567992753548,"OCF_SALES":51.740901166995,"TOTAL_PARENT_EQUITY":2457396000,"DEBT_ASSET_RATIO":18.0637847398,"OPERATE_PROFIT":96625000,"PRETAX_PROFIT":96047000,"NETCASH_OPERATE":339842000,"NETCASH_INVEST":113568000,"NETCASH_FINANCE":-204098000,"END_CASH":520872000,"DIVI_RATIO":0.932797956694,"DIVIDEND_RATE":4.615384615385,"CURRENT_RATIO":3.56377743696,"COMMON_ACS":5000000000,"CURRENTDEBT_DEBT":96.592063884426,"ISSUED_COMMON_SHARES":1654937000,"HK_COMMON_SHARES":1654937000,"PER_SHARES":1000,"TOTAL_MARKET_CAP":2151418100,"HKSK_MARKET_CAP":2151418100,"PE_TTM":-62.807705687939,"PB_TTM":0.90351644482,"REPORT_DATE_SQ":"2021-12-31 00:00:00","REPORT_TYPE_SQ":"2021年年报","OPERATE_INCOME_SQ":578051000,"DPS_HKD":0.06,"OPERATE_INCOME_QOQ_SQ":-9.177738253853,"NET_PROFIT_RATIO_SQ":12.4248552463,"HOLDER_PROFIT_SQ":57527000,"HOLDER_PROFIT_QOQ_SQ":-79.568475635744,"ROE_AVG_SQ":2.180614151798,"PE_TTM_SQ":-6.379568798268,"PB_TTM_SQ":0.515539296418,"ROA_SQ":1.611928161921,"START_DATE":"2022-01-01 00:00:00","FISCAL_YEAR":"12-31","CURRENCY":"HKD","IS_CNY_CODE":0,"DPS_HKD_LY":0.09,"ORG_TYPE":"一般企业","PREMIUM_INCOME":null,"PREMIUM_INCOME_YOY":null,"NET_INTEREST_INCOME":null,"NET_INTEREST_INCOME_YOY":null,"FEE_COMMISSION_INCOME":null,"FEE_COMMISSION_INCOME_YOY":null,"ACCOUNTS_RECE_TDAYS":0.734097479168,"INVENTORY_TDAYS":3.332881901509,"CURRENT_ASSETS_TDAYS":0.286358415499,"TOTAL_ASSETS_TDAYS":0.189598748584,"PREMIUM_EXPENSE":null,"LOAN_DEPOSIT":null,"LOAN_EQUITY":null,"LOAN_ASSETS":null,"DEPOSIT_EQUITY":null,"DEPOSIT_ASSETS":null,"EQUITY_MULTIPLIER":1.220461546612,"EQUITY_RATIO":0.237060693515},{"SECUCODE":"01981.HK","SECURITY_CODE":"01981","SECURITY_NAME_ABBR":"华夏控股","ORG_CODE":"10000052947","STD_REPORT_DATE":"2022-06-30 00:00:00","REPORT_DATE":"2022-06-30 00:00:00","DATE_TYPE_CODE":"002","REPORT_TYPE":"2022年中报","PER_NETCASH_OPERATE":-0.086543475673,"PER_OI":0.228202040319,"BPS":1.569880907853,"BASIC_EPS":0.096,"DILUTED_EPS":0.096,"OPERATE_INCOME":377660000,"OPERATE_INCOME_YOY":74.9600426212,"GROSS_PROFIT":165183000,"GROSS_PROFIT_YOY":18.78968753371,"HOLDER_PROFIT":157183000,"HOLDER_PROFIT_YOY":83.5936179971,"GROSS_PROFIT_RATIO":48.172165439814,"EPS_TTM":0.076613792549,"OPERATE_INCOME_QOQ":27.991474800666,"NET_PROFIT_RATIO":43.5632579569,"ROE_AVG":5.914586055376,"GROSS_PROFIT_QOQ":15.523659168924,"ROA":4.516808500467,"HOLDER_PROFIT_QOQ":120.402593564761,"ROE_YEARLY":11.829172110753,"ROIC_YEARLY":10.876673606306,"TOTAL_ASSETS":3032316000,"TOTAL_LIABILITIES":262295000,"TAX_EBT":3.157506001108,"OCF_SALES":-37.924058677117,"TOTAL_PARENT_EQUITY":2598054000,"DEBT_ASSET_RATIO":8.6499889853,"OPERATE_PROFIT":129976000,"PRETAX_PROFIT":129976000,"NETCASH_OPERATE":-143224000,"NETCASH_INVEST":490322000,"NETCASH_FINANCE":-110857000,"END_CASH":550301000,"DIVI_RATIO":0.709705109104,"DIVIDEND_RATE":4.615384615385,"CURRENT_RATIO":6.798594140211,"COMMON_ACS":5000000000,"CURRENTDEBT_DEBT":99.688137402543,"ISSUED_COMMON_SHARES":1654937000,"HK_COMMON_SHARES":1654937000,"PER_SHARES":1000,"TOTAL_MARKET_CAP":2151418100,"HKSK_MARKET_CAP":2151418100,"PE_TTM":-62.807705687939,"PB_TTM":0.90351644482,"REPORT_DATE_SQ":"2021-06-30 00:00:00","REPORT_TYPE_SQ":"2021年中报","OPERATE_INCOME_SQ":215855000,"DPS_HKD":0.06,"OPERATE_INCOME_QOQ_SQ":-19.408719038979,"NET_PROFIT_RATIO_SQ":39.6151032581,"HOLDER_PROFIT_SQ":82858000,"HOLDER_PROFIT_QOQ_SQ":-11.023751437853,"ROE_AVG_SQ":3.05737457211,"PE_TTM_SQ":-6.379568798268,"PB_TTM_SQ":0.515539296418,"ROA_SQ":2.365090130206,"START_DATE":"2022-01-01 00:00:00","FISCAL_YEAR":"12-31","CURRENCY":"HKD","IS_CNY_CODE":0,"DPS_HKD_LY":0.09,"ORG_TYPE":"一般企业","PREMIUM_INCOME":null,"PREMIUM_INCOME_YOY":null,"NET_INTEREST_INCOME":null,"NET_INTEREST_INCOME_YOY":null,"FEE_COMMISSION_INCOME":null,"FEE_COMMISSION_INCOME_YOY":null,"ACCOUNTS_RECE_TDAYS":0.367830645574,"INVENTORY_TDAYS":2.498777630966,"CURRENT_ASSETS_TDAYS":0.173250254318,"TOTAL_ASSETS_TDAYS":0.112134858751,"PREMIUM_EXPENSE":null,"LOAN_DEPOSIT":null,"LOAN_EQUITY":null,"LOAN_ASSETS":null,"DEPOSIT_EQUITY":null,"DEPOSIT_ASSETS":null,"EQUITY_MULTIPLIER":1.094690617869,"EQUITY_RATIO":0.100958255679},{"SECUCODE":"01981.HK","SECURITY_CODE":"01981","SECURITY_NAME_ABBR":"华夏控股","ORG_CODE":"10000052947","STD_REPORT_DATE":"2021-12-31 00:00:00","REPORT_DATE":"2021-12-31 00:00:00","DATE_TYPE_CODE":"001","REPORT_TYPE":"2021年年报","PER_NETCASH_OPERATE":-0.013351204819,"PER_OI":0.348223493976,"BPS":1.538370947051,"BASIC_EPS":0.0347,"DILUTED_EPS":null,"OPERATE_INCOME":578051000,"OPERATE_INCOME_YOY":-26.805175861,"GROSS_PROFIT":276172000,"GROSS_PROFIT_YOY":-21.817018554063,"HOLDER_PROFIT":57527000,"HOLDER_PROFIT_YOY":-81.8207960966,"GROSS_PROFIT_RATIO":47.776407272023,"EPS_TTM":0.034654819277,"OPERATE_INCOME_QOQ":-9.177738253853,"NET_PROFIT_RATIO":12.4248552463,"ROE_AVG":2.180614151798,"GROSS_PROFIT_QOQ":-12.423100828291,"ROA":1.611928161921,"HOLDER_PROFIT_QOQ":-79.568475635744,"ROE_YEARLY":2.180614151798,"ROIC_YEARLY":2.185258668271,"TOTAL_ASSETS":3703502000,"TOTAL_LIABILITIES":988429000,"TAX_EBT":10.524889845856,"OCF_SALES":-3.834090763618,"TOTAL_PARENT_EQUITY":2545907000,"DEBT_ASSET_RATIO":26.6890364849,"OPERATE_PROFIT":140258000,"PRETAX_PROFIT":140258000,"NETCASH_OPERATE":-23407000,"NETCASH_INVEST":-709502000,"NETCASH_FINANCE":-267431000,"END_CASH":312371000,"DIVI_RATIO":1.568993898517,"DIVIDEND_RATE":4.615384615385,"CURRENT_RATIO":2.677547841705,"COMMON_ACS":5000000000,"CURRENTDEBT_DEBT":97.561483930561,"ISSUED_COMMON_SHARES":1654937000,"HK_COMMON_SHARES":1654937000,"PER_SHARES":1000,"TOTAL_MARKET_CAP":2151418100,"HKSK_MARKET_CAP":2151418100,"PE_TTM":-62.807705687939,"PB_TTM":0.90351644482,"REPORT_DATE_SQ":"2020-12-31 00:00:00","REPORT_TYPE_SQ":"2020年年报","OPERATE_INCOME_SQ":789743000,"DPS_HKD":0.06,"OPERATE_INCOME_QOQ_SQ":48.449885618796,"NET_PROFIT_RATIO_SQ":42.6898370736,"HOLDER_PROFIT_SQ":316444000,"HOLDER_PROFIT_QOQ_SQ":344.718646354489,"ROE_AVG_SQ":15.890166213436,"PE_TTM_SQ":-6.379568798268,"PB_TTM_SQ":0.515539296418,"ROA_SQ":12.164099484962,"START_DATE":"2021-01-01 00:00:00","FISCAL_YEAR":"12-31","CURRENCY":"HKD","IS_CNY_CODE":0,"DPS_HKD_LY":0.14,"ORG_TYPE":"一般企业","PREMIUM_INCOME":null,"PREMIUM_INCOME_YOY":null,"NET_INTEREST_INCOME":null,"NET_INTEREST_INCOME_YOY":null,"FEE_COMMISSION_INCOME":null,"FEE_COMMISSION_INCOME_YOY":null,"ACCOUNTS_RECE_TDAYS":0.863867663564,"INVENTORY_TDAYS":3.983203145617,"CURRENT_ASSETS_TDAYS":0.218631014044,"TOTAL_ASSETS_TDAYS":0.161972062845,"PREMIUM_EXPENSE":null,"LOAN_DEPOSIT":null,"LOAN_EQUITY":null,"LOAN_ASSETS":null,"DEPOSIT_EQUITY":null,"DEPOSIT_ASSETS":null,"EQUITY_MULTIPLIER":1.364052458258,"EQUITY_RATIO":0.388242382774},{"SECUCODE":"01981.HK","SECURITY_CODE":"01981","SECURITY_NAME_ABBR":"华夏控股","ORG_CODE":"10000052947","STD_REPORT_DATE":"2021-06-30 00:00:00","REPORT_DATE":"2021-06-30 00:00:00","DATE_TYPE_CODE":"002","REPORT_TYPE":"2021年中报","PER_NETCASH_OPERATE":-0.167145783133,"PER_OI":0.13003313253,"BPS":1.625374863212,"BASIC_EPS":0.0499,"DILUTED_EPS":0.0499,"OPERATE_INCOME":215855000,"OPERATE_INCOME_YOY":-39.8850383292,"GROSS_PROFIT":139055000,"GROSS_PROFIT_YOY":-21.794417542616,"HOLDER_PROFIT":82858000,"HOLDER_PROFIT_YOY":-29.6274906151,"GROSS_PROFIT_RATIO":60.564099678387,"EPS_TTM":0.169614457831,"OPERATE_INCOME_QOQ":-19.408719038979,"NET_PROFIT_RATIO":39.6151032581,"ROE_AVG":3.05737457211,"GROSS_PROFIT_QOQ":-10.726479031135,"ROA":2.365090130206,"HOLDER_PROFIT_QOQ":-11.023751437853,"ROE_YEARLY":6.114749144221,"ROIC_YEARLY":6.727735507382,"TOTAL_ASSETS":3572591000,"TOTAL_LIABILITIES":719165000,"TAX_EBT":-3.862001468069,"OCF_SALES":-120.101461759219,"TOTAL_PARENT_EQUITY":2689893000,"DEBT_ASSET_RATIO":20.1300680654,"OPERATE_PROFIT":102175000,"PRETAX_PROFIT":102175000,"NETCASH_OPERATE":-277462000,"NETCASH_INVEST":-444115000,"NETCASH_FINANCE":-122924000,"END_CASH":463328000,"DIVI_RATIO":0.320569370649,"DIVIDEND_RATE":4.615384615385,"CURRENT_RATIO":4.992572955265,"COMMON_ACS":5000000000,"CURRENTDEBT_DEBT":60.528668664354,"ISSUED_COMMON_SHARES":1654937000,"HK_COMMON_SHARES":1654937000,"PER_SHARES":1000,"TOTAL_MARKET_CAP":2151418100,"HKSK_MARKET_CAP":2151418100,"PE_TTM":-62.807705687939,"PB_TTM":0.90351644482,"REPORT_DATE_SQ":"2020-06-30 00:00:00","REPORT_TYPE_SQ":"2020年中报","OPERATE_INCOME_SQ":384302000,"DPS_HKD":0.06,"OPERATE_INCOME_QOQ_SQ":-28.800459323381,"NET_PROFIT_RATIO_SQ":33.1429448715,"HOLDER_PROFIT_SQ":117742000,"HOLDER_PROFIT_QOQ_SQ":-59.880016689408,"ROE_AVG_SQ":8.976170555017,"PE_TTM_SQ":-6.379568798268,"PB_TTM_SQ":0.515539296418,"ROA_SQ":6.730116014506,"START_DATE":"2021-01-01 00:00:00","FISCAL_YEAR":"12-31","CURRENCY":"HKD","IS_CNY_CODE":0,"DPS_HKD_LY":0.14,"ORG_TYPE":"一般企业","PREMIUM_INCOME":null,"PREMIUM_INCOME_YOY":null,"NET_INTEREST_INCOME":null,"NET_INTEREST_INCOME_YOY":null,"FEE_COMMISSION_INCOME":null,"FEE_COMMISSION_INCOME_YOY":null,"ACCOUNTS_RECE_TDAYS":0.641343328371,"INVENTORY_TDAYS":0.605953382574,"CURRENT_ASSETS_TDAYS":0.094697916054,"TOTAL_ASSETS_TDAYS":0.065942964729,"PREMIUM_EXPENSE":null,"LOAN_DEPOSIT":null,"LOAN_EQUITY":null,"LOAN_ASSETS":null,"DEPOSIT_EQUITY":null,"DEPOSIT_ASSETS":null,"EQUITY_MULTIPLIER":1.252035623141,"EQUITY_RATIO":0.267358218338},{"SECUCODE":"01981.HK","SECURITY_CODE":"01981","SECURITY_NAME_ABBR":"华夏控股","ORG_CODE":"10000052947","STD_REPORT_DATE":"2020-12-31 00:00:00","REPORT_DATE":"2020-12-31 00:00:00","DATE_TYPE_CODE":"001","REPORT_TYPE":"2020年年报","PER_NETCASH_OPERATE":0.099473493976,"PER_OI":0.475748795181,"BPS":1.649798753669,"BASIC_EPS":0.22,"DILUTED_EPS":0.22,"OPERATE_INCOME":789743000,"OPERATE_INCOME_YOY":5.6956366955,"GROSS_PROFIT":353238000,"GROSS_PROFIT_YOY":-5.253671293502,"HOLDER_PROFIT":316444000,"HOLDER_PROFIT_YOY":78.4210466965,"GROSS_PROFIT_RATIO":44.728221712633,"EPS_TTM":0.190628915663,"OPERATE_INCOME_QOQ":48.449885618796,"NET_PROFIT_RATIO":42.6898370736,"ROE_AVG":15.890166213436,"GROSS_PROFIT_QOQ":40.335864033467,"ROA":12.164099484962,"HOLDER_PROFIT_QOQ":344.718646354489,"ROE_YEARLY":15.890166213436,"ROIC_YEARLY":18.05814610741,"TOTAL_ASSETS":3434161000,"TOTAL_LIABILITIES":558977000,"TAX_EBT":9.241172860112,"OCF_SALES":20.908827302046,"TOTAL_PARENT_EQUITY":2730313000,"DEBT_ASSET_RATIO":16.2769596417,"OPERATE_PROFIT":368291000,"PRETAX_PROFIT":371468000,"NETCASH_OPERATE":165126000,"NETCASH_INVEST":-88891000,"NETCASH_FINANCE":1196623000,"END_CASH":1308667000,"DIVI_RATIO":0.285230600043,"DIVIDEND_RATE":4.615384615385,"CURRENT_RATIO":4.851743008065,"COMMON_ACS":5000000000,"CURRENTDEBT_DEBT":99.77405152627,"ISSUED_COMMON_SHARES":1654937000,"HK_COMMON_SHARES":1654937000,"PER_SHARES":1000,"TOTAL_MARKET_CAP":2151418100,"HKSK_MARKET_CAP":2151418100,"PE_TTM":-62.807705687939,"PB_TTM":0.90351644482,"REPORT_DATE_SQ":"2019-12-31 00:00:00","REPORT_TYPE_SQ":"2019年年报","OPERATE_INCOME_SQ":747186000,"DPS_HKD":0.06,"OPERATE_INCOME_QOQ_SQ":-6.933647878254,"NET_PROFIT_RATIO_SQ":26.0332768548,"HOLDER_PROFIT_SQ":177358000,"HOLDER_PROFIT_QOQ_SQ":-39.630823482159,"ROE_AVG_SQ":14.230740221872,"PE_TTM_SQ":-6.379568798268,"PB_TTM_SQ":0.515539296418,"ROA_SQ":9.685903618274,"START_DATE":"2020-01-01 00:00:00","FISCAL_YEAR":"12-31","CURRENCY":"HKD","IS_CNY_CODE":0,"DPS_HKD_LY":null,"ORG_TYPE":"一般企业","PREMIUM_INCOME":null,"PREMIUM_INCOME_YOY":null,"NET_INTEREST_INCOME":null,"NET_INTEREST_INCOME_YOY":null,"FEE_COMMISSION_INCOME":null,"FEE_COMMISSION_INCOME_YOY":null,"ACCOUNTS_RECE_TDAYS":3.607079484339,"INVENTORY_TDAYS":14.376214471561,"CURRENT_ASSETS_TDAYS":0.416278189623,"TOTAL_ASSETS_TDAYS":0.303577012664,"PREMIUM_EXPENSE":null,"LOAN_DEPOSIT":null,"LOAN_EQUITY":null,"LOAN_ASSETS":null,"DEPOSIT_EQUITY":null,"DEPOSIT_ASSETS":null,"EQUITY_MULTIPLIER":1.194414340091,"EQUITY_RATIO":0.204730007146},{"SECUCODE":"01981.HK","SECURITY_CODE":"01981","SECURITY_NAME_ABBR":"华夏控股","ORG_CODE":"10000052947","STD_REPORT_DATE":"2020-06-30 00:00:00","REPORT_DATE":"2020-06-30 00:00:00","DATE_TYPE_CODE":"002","REPORT_TYPE":"2020年中报","PER_NETCASH_OPERATE":-0.141508333333,"PER_OI":0.320251666667,"BPS":0.828343918832,"BASIC_EPS":0.1,"DILUTED_EPS":0.1,"OPERATE_INCOME":384302000,"OPERATE_INCOME_YOY":-35.8957122245,"GROSS_PROFIT":177807000,"GROSS_PROFIT_YOY":-40.517457673046,"HOLDER_PROFIT":117742000,"HOLDER_PROFIT_YOY":-47.4234630086,"GROSS_PROFIT_RATIO":46.267518774297,"EPS_TTM":0.059296666667,"OPERATE_INCOME_QOQ":-28.800459323381,"NET_PROFIT_RATIO":33.1429448715,"ROE_AVG":8.976170555017,"GROSS_PROFIT_QOQ":-32.486018909676,"ROA":6.730116014506,"HOLDER_PROFIT_QOQ":-59.880016689408,"ROE_YEARLY":17.952341110033,"ROIC_YEARLY":15.348831600796,"TOTAL_ASSETS":1730203000,"TOTAL_LIABILITIES":225544000,"TAX_EBT":5.759398607504,"OCF_SALES":-44.186603244324,"TOTAL_PARENT_EQUITY":1370857000,"DEBT_ASSET_RATIO":13.0356958114,"OPERATE_PROFIT":135429000,"PRETAX_PROFIT":135153000,"NETCASH_OPERATE":-169810000,"NETCASH_INVEST":133661000,"NETCASH_FINANCE":-32435000,"END_CASH":52072000,"DIVI_RATIO":0.916968913373,"DIVIDEND_RATE":4.615384615385,"CURRENT_RATIO":4.589942533864,"COMMON_ACS":5000000000,"CURRENTDEBT_DEBT":99.373958074699,"ISSUED_COMMON_SHARES":1654937000,"HK_COMMON_SHARES":1654937000,"PER_SHARES":1000,"TOTAL_MARKET_CAP":2151418100,"HKSK_MARKET_CAP":2151418100,"PE_TTM":-62.807705687939,"PB_TTM":0.90351644482,"REPORT_DATE_SQ":"2019-06-30 00:00:00","REPORT_TYPE_SQ":"2019年中报","OPERATE_INCOME_SQ":599495000,"DPS_HKD":0.06,"OPERATE_INCOME_QOQ_SQ":117.978214477707,"NET_PROFIT_RATIO_SQ":40.9955045497,"HOLDER_PROFIT_SQ":223944000,"HOLDER_PROFIT_QOQ_SQ":115.997500275705,"ROE_AVG_SQ":16.561975953245,"PE_TTM_SQ":-6.379568798268,"PB_TTM_SQ":0.515539296418,"ROA_SQ":12.071782537142,"START_DATE":"2020-01-01 00:00:00","FISCAL_YEAR":"12-31","CURRENCY":"HKD","IS_CNY_CODE":0,"DPS_HKD_LY":null,"ORG_TYPE":"一般企业","PREMIUM_INCOME":null,"PREMIUM_INCOME_YOY":null,"NET_INTEREST_INCOME":null,"NET_INTEREST_INCOME_YOY":null,"FEE_COMMISSION_INCOME":null,"FEE_COMMISSION_INCOME_YOY":null,"ACCOUNTS_RECE_TDAYS":2.271765057089,"INVENTORY_TDAYS":null,"CURRENT_ASSETS_TDAYS":0.363033329366,"TOTAL_ASSETS_TDAYS":0.219666477944,"PREMIUM_EXPENSE":null,"LOAN_DEPOSIT":null,"LOAN_EQUITY":null,"LOAN_ASSETS":null,"DEPOSIT_EQUITY":null,"DEPOSIT_ASSETS":null,"EQUITY_MULTIPLIER":1.149897086316,"EQUITY_RATIO":0.164527737029}],"count":15},"success":true,"message":"ok","code":0}