{"version":"5d8d6403afffdc4e37f8780a8222f0eb","result":{"pages":3,"data":[{"SECUCODE":"01982.HK","SECURITY_CODE":"01982","SECURITY_NAME_ABBR":"南旋控股","ORG_CODE":"10489701","STD_REPORT_DATE":"2024-06-30 00:00:00","REPORT_DATE":"2024-09-30 00:00:00","DATE_TYPE_CODE":"002","REPORT_TYPE":"2024年中报","PER_NETCASH_OPERATE":0.042145398913,"PER_OI":1.102301894312,"BPS":1.00047332812,"BASIC_EPS":0.11813449,"DILUTED_EPS":0.11813449,"OPERATE_INCOME":2512578119.48,"OPERATE_INCOME_YOY":2.1944833849,"GROSS_PROFIT":499128139.94,"GROSS_PROFIT_YOY":9.224569475334,"HOLDER_PROFIT":268900251.15,"HOLDER_PROFIT_YOY":3.1346628759,"GROSS_PROFIT_RATIO":19.865178959821,"EPS_TTM":0.143842635054,"OPERATE_INCOME_QOQ":0,"NET_PROFIT_RATIO":11.2257071608,"ROE_AVG":12.141243725742,"GROSS_PROFIT_QOQ":0,"ROA":6.426414019598,"HOLDER_PROFIT_QOQ":0,"ROE_YEARLY":24.282487451483,"ROIC_YEARLY":15.882281975819,"TOTAL_ASSETS":4357339261.62,"TOTAL_LIABILITIES":1835350963.49,"TAX_EBT":14.583777111428,"OCF_SALES":3.823398937339,"TOTAL_PARENT_EQUITY":2280470900.33,"DEBT_ASSET_RATIO":42.1209103376,"OPERATE_PROFIT":352091280.44,"PRETAX_PROFIT":330212051.46,"NETCASH_OPERATE":96065885.12,"NETCASH_INVEST":-134458692.58,"NETCASH_FINANCE":-95877411.01,"END_CASH":513143760.12,"DIVI_RATIO":0.834972676601,"DIVIDEND_RATE":15.833333333333,"CURRENT_RATIO":1.780069042635,"COMMON_ACS":5000000000,"CURRENTDEBT_DEBT":64.504324079183,"ISSUED_COMMON_SHARES":2279392000,"HK_COMMON_SHARES":2279392000,"PER_SHARES":2000,"TOTAL_MARKET_CAP":1914689280,"HKSK_MARKET_CAP":1914689280,"PE_TTM":5.164576530406,"PB_TTM":0.757145221876,"REPORT_DATE_SQ":"2023-06-30 00:00:00","REPORT_TYPE_SQ":"2023年中报","OPERATE_INCOME_SQ":2501809914.66,"DPS_HKD":0.133,"OPERATE_INCOME_QOQ_SQ":0,"NET_PROFIT_RATIO_SQ":11.2083706539,"HOLDER_PROFIT_SQ":265307020.86,"HOLDER_PROFIT_QOQ_SQ":0,"ROE_AVG_SQ":12.040285871523,"PE_TTM_SQ":5.844044412353,"PB_TTM_SQ":0.441895911531,"ROA_SQ":6.267888598763,"START_DATE":"2024-04-01 00:00:00","FISCAL_YEAR":"3-31","CURRENCY":"HKD","IS_CNY_CODE":0,"DPS_HKD_LY":0.133,"ORG_TYPE":"一般企业","PREMIUM_INCOME":null,"PREMIUM_INCOME_YOY":null,"NET_INTEREST_INCOME":null,"NET_INTEREST_INCOME_YOY":null,"FEE_COMMISSION_INCOME":null,"FEE_COMMISSION_INCOME_YOY":null,"ACCOUNTS_RECE_TDAYS":9.667918727652,"INVENTORY_TDAYS":2.553137038981,"CURRENT_ASSETS_TDAYS":1.270552623257,"TOTAL_ASSETS_TDAYS":0.600477953565,"PREMIUM_EXPENSE":null,"LOAN_DEPOSIT":null,"LOAN_EQUITY":null,"LOAN_ASSETS":null,"DEPOSIT_EQUITY":null,"DEPOSIT_ASSETS":null,"EQUITY_MULTIPLIER":1.727739682557,"EQUITY_RATIO":0.804812270669},{"SECUCODE":"01982.HK","SECURITY_CODE":"01982","SECURITY_NAME_ABBR":"南旋控股","ORG_CODE":"10489701","STD_REPORT_DATE":"2023-12-31 00:00:00","REPORT_DATE":"2024-03-31 00:00:00","DATE_TYPE_CODE":"001","REPORT_TYPE":"2023年年报","PER_NETCASH_OPERATE":0.231847973473,"PER_OI":1.741552535237,"BPS":0.94779948223,"BASIC_EPS":0.143869485,"DILUTED_EPS":0.143869485,"OPERATE_INCOME":3969680916.4,"OPERATE_INCOME_YOY":-4.8545001453,"GROSS_PROFIT":701886365.45,"GROSS_PROFIT_YOY":7.548739504545,"HOLDER_PROFIT":327873751.6,"HOLDER_PROFIT_YOY":168.2151226603,"GROSS_PROFIT_RATIO":17.6811784179,"EPS_TTM":0.075789404271,"OPERATE_INCOME_QOQ":0,"NET_PROFIT_RATIO":8.6940794101,"ROE_AVG":15.528528204901,"GROSS_PROFIT_QOQ":0,"ROA":8.148331389027,"HOLDER_PROFIT_QOQ":0,"ROE_YEARLY":15.528528204901,"ROIC_YEARLY":10.297734920851,"TOTAL_ASSETS":4032427774.65,"TOTAL_LIABILITIES":1676341493.2,"TAX_EBT":12.260978785679,"OCF_SALES":13.312717749346,"TOTAL_PARENT_EQUITY":2160406557.4,"DEBT_ASSET_RATIO":41.5715193645,"OPERATE_PROFIT":423809405.35,"PRETAX_PROFIT":393356577.75,"NETCASH_OPERATE":528472415.95,"NETCASH_INVEST":-131501423.35,"NETCASH_FINANCE":-395185089.1,"END_CASH":650362596.2,"DIVI_RATIO":1.584715847226,"DIVIDEND_RATE":15.833333333333,"CURRENT_RATIO":1.624745654115,"COMMON_ACS":5000000000,"CURRENTDEBT_DEBT":68.197933746642,"ISSUED_COMMON_SHARES":2279392000,"HK_COMMON_SHARES":2279392000,"PER_SHARES":2000,"TOTAL_MARKET_CAP":1914689280,"HKSK_MARKET_CAP":1914689280,"PE_TTM":5.164576530406,"PB_TTM":0.757145221876,"REPORT_DATE_SQ":"2022-12-31 00:00:00","REPORT_TYPE_SQ":"2022年年报","OPERATE_INCOME_SQ":4028905570.87,"DPS_HKD":0.133,"OPERATE_INCOME_QOQ_SQ":0,"NET_PROFIT_RATIO_SQ":3.4401659863,"HOLDER_PROFIT_SQ":118043786.04,"HOLDER_PROFIT_QOQ_SQ":0,"ROE_AVG_SQ":5.758309351765,"PE_TTM_SQ":6.321109262341,"PB_TTM_SQ":0.477969047166,"ROA_SQ":2.917640969873,"START_DATE":"2023-04-01 00:00:00","FISCAL_YEAR":"3-31","CURRENCY":"HKD","IS_CNY_CODE":0,"DPS_HKD_LY":0.101,"ORG_TYPE":"一般企业","PREMIUM_INCOME":null,"PREMIUM_INCOME_YOY":null,"NET_INTEREST_INCOME":null,"NET_INTEREST_INCOME_YOY":null,"FEE_COMMISSION_INCOME":null,"FEE_COMMISSION_INCOME_YOY":null,"ACCOUNTS_RECE_TDAYS":29.208164354322,"INVENTORY_TDAYS":3.711239509966,"CURRENT_ASSETS_TDAYS":2.138255760779,"TOTAL_ASSETS_TDAYS":0.986546664918,"PREMIUM_EXPENSE":null,"LOAN_DEPOSIT":null,"LOAN_EQUITY":null,"LOAN_ASSETS":null,"DEPOSIT_EQUITY":null,"DEPOSIT_ASSETS":null,"EQUITY_MULTIPLIER":1.71149410206,"EQUITY_RATIO":0.775937976793},{"SECUCODE":"01982.HK","SECURITY_CODE":"01982","SECURITY_NAME_ABBR":"南旋控股","ORG_CODE":"10489701","STD_REPORT_DATE":"2023-06-30 00:00:00","REPORT_DATE":"2023-09-30 00:00:00","DATE_TYPE_CODE":"002","REPORT_TYPE":"2023年中报","PER_NETCASH_OPERATE":0.154441286168,"PER_OI":1.097577737686,"BPS":1.017521747242,"BASIC_EPS":0.11653901,"DILUTED_EPS":0.11653901,"OPERATE_INCOME":2501809914.66,"OPERATE_INCOME_YOY":-12.034231506,"GROSS_PROFIT":456974234.22,"GROSS_PROFIT_YOY":-2.157910504922,"HOLDER_PROFIT":265307020.86,"HOLDER_PROFIT_YOY":24.167697382,"GROSS_PROFIT_RATIO":18.265745592511,"EPS_TTM":0.051787400342,"OPERATE_INCOME_QOQ":0,"NET_PROFIT_RATIO":11.2083706539,"ROE_AVG":12.040285871523,"GROSS_PROFIT_QOQ":0,"ROA":6.267888598763,"HOLDER_PROFIT_QOQ":0,"ROE_YEARLY":24.080571743046,"ROIC_YEARLY":16.586862924829,"TOTAL_ASSETS":4401318696.74,"TOTAL_LIABILITIES":1886702337.8,"TAX_EBT":12.537386909072,"OCF_SALES":14.071102288674,"TOTAL_PARENT_EQUITY":2319330930.49,"DEBT_ASSET_RATIO":42.8667512579,"OPERATE_PROFIT":341069306.55,"PRETAX_PROFIT":320607992.81,"NETCASH_OPERATE":352032232.16,"NETCASH_INVEST":-31306782.71,"NETCASH_FINANCE":48583920.35,"END_CASH":1028409964.12,"DIVI_RATIO":2.319187084256,"DIVIDEND_RATE":15.833333333333,"CURRENT_RATIO":1.558751442954,"COMMON_ACS":5000000000,"CURRENTDEBT_DEBT":75.923562541949,"ISSUED_COMMON_SHARES":2279392000,"HK_COMMON_SHARES":2279392000,"PER_SHARES":2000,"TOTAL_MARKET_CAP":1914689280,"HKSK_MARKET_CAP":1914689280,"PE_TTM":5.164576530406,"PB_TTM":0.757145221876,"REPORT_DATE_SQ":"2022-06-30 00:00:00","REPORT_TYPE_SQ":"2022年中报","OPERATE_INCOME_SQ":2803191489.48,"DPS_HKD":0.133,"OPERATE_INCOME_QOQ_SQ":0,"NET_PROFIT_RATIO_SQ":8.2316808561,"HOLDER_PROFIT_SQ":210597045.12,"HOLDER_PROFIT_QOQ_SQ":0,"ROE_AVG_SQ":9.33094337309,"PE_TTM_SQ":6.321109262341,"PB_TTM_SQ":0.477969047166,"ROA_SQ":4.719403369867,"START_DATE":"2023-04-01 00:00:00","FISCAL_YEAR":"3-31","CURRENCY":"HKD","IS_CNY_CODE":0,"DPS_HKD_LY":0.101,"ORG_TYPE":"一般企业","PREMIUM_INCOME":null,"PREMIUM_INCOME_YOY":null,"NET_INTEREST_INCOME":null,"NET_INTEREST_INCOME_YOY":null,"FEE_COMMISSION_INCOME":null,"FEE_COMMISSION_INCOME_YOY":null,"ACCOUNTS_RECE_TDAYS":9.308616262872,"INVENTORY_TDAYS":2.636353096229,"CURRENT_ASSETS_TDAYS":1.217110370551,"TOTAL_ASSETS_TDAYS":0.591053557103,"PREMIUM_EXPENSE":null,"LOAN_DEPOSIT":null,"LOAN_EQUITY":null,"LOAN_ASSETS":null,"DEPOSIT_EQUITY":null,"DEPOSIT_ASSETS":null,"EQUITY_MULTIPLIER":1.75029430676,"EQUITY_RATIO":0.813468364086},{"SECUCODE":"01982.HK","SECURITY_CODE":"01982","SECURITY_NAME_ABBR":"南旋控股","ORG_CODE":"10489701","STD_REPORT_DATE":"2022-12-31 00:00:00","REPORT_DATE":"2023-03-31 00:00:00","DATE_TYPE_CODE":"001","REPORT_TYPE":"2022年年报","PER_NETCASH_OPERATE":0.227832454576,"PER_OI":1.76753518959,"BPS":0.873743973016,"BASIC_EPS":0.051824272,"DILUTED_EPS":0.051824272,"OPERATE_INCOME":4028905570.87,"OPERATE_INCOME_YOY":13.9051823648,"GROSS_PROFIT":652621656.64,"GROSS_PROFIT_YOY":13.964684030292,"HOLDER_PROFIT":118043786.04,"HOLDER_PROFIT_YOY":-48.7873240613,"GROSS_PROFIT_RATIO":16.198484803382,"EPS_TTM":0.11570712447,"OPERATE_INCOME_QOQ":0,"NET_PROFIT_RATIO":3.4401659863,"ROE_AVG":5.758309351765,"GROSS_PROFIT_QOQ":0,"ROA":2.917640969873,"HOLDER_PROFIT_QOQ":0,"ROE_YEARLY":5.758309351765,"ROIC_YEARLY":3.586990654922,"TOTAL_ASSETS":3877279306.41,"TOTAL_LIABILITIES":1708298710.07,"TAX_EBT":24.398105261147,"OCF_SALES":12.889839812946,"TOTAL_PARENT_EQUITY":1991605022.14,"DEBT_ASSET_RATIO":44.0592120162,"OPERATE_PROFIT":211616360.94,"PRETAX_PROFIT":183330113.02,"NETCASH_OPERATE":519319474.3,"NETCASH_INVEST":40268.86,"NETCASH_FINANCE":-423498846.52,"END_CASH":627692606.07,"DIVI_RATIO":1.038005831967,"DIVIDEND_RATE":15.647058823529,"CURRENT_RATIO":1.536201754136,"COMMON_ACS":5000000000,"CURRENTDEBT_DEBT":68.277931995406,"ISSUED_COMMON_SHARES":2279392000,"HK_COMMON_SHARES":2279392000,"PER_SHARES":2000,"TOTAL_MARKET_CAP":1937483200,"HKSK_MARKET_CAP":1937483200,"PE_TTM":5.226059584339,"PB_TTM":0.766158855469,"REPORT_DATE_SQ":"2021-12-31 00:00:00","REPORT_TYPE_SQ":"2021年年报","OPERATE_INCOME_SQ":3276863196.72,"DPS_HKD":0.133,"OPERATE_INCOME_QOQ_SQ":0,"NET_PROFIT_RATIO_SQ":6.8210842694,"HOLDER_PROFIT_SQ":213540555.02,"HOLDER_PROFIT_QOQ_SQ":0,"ROE_AVG_SQ":11.325803645264,"PE_TTM_SQ":8.451959301118,"PB_TTM_SQ":0.45091419544,"ROA_SQ":5.560838394034,"START_DATE":"2022-04-01 00:00:00","FISCAL_YEAR":"3-31","CURRENCY":"HKD","IS_CNY_CODE":0,"DPS_HKD_LY":0.066,"ORG_TYPE":"一般企业","PREMIUM_INCOME":null,"PREMIUM_INCOME_YOY":null,"NET_INTEREST_INCOME":null,"NET_INTEREST_INCOME_YOY":null,"FEE_COMMISSION_INCOME":null,"FEE_COMMISSION_INCOME_YOY":null,"ACCOUNTS_RECE_TDAYS":33.005170608568,"INVENTORY_TDAYS":3.51697205793,"CURRENT_ASSETS_TDAYS":2.250570245798,"TOTAL_ASSETS_TDAYS":0.9958084497,"PREMIUM_EXPENSE":null,"LOAN_DEPOSIT":null,"LOAN_EQUITY":null,"LOAN_ASSETS":null,"DEPOSIT_EQUITY":null,"DEPOSIT_ASSETS":null,"EQUITY_MULTIPLIER":1.787604422536,"EQUITY_RATIO":0.857749750116},{"SECUCODE":"01982.HK","SECURITY_CODE":"01982","SECURITY_NAME_ABBR":"南旋控股","ORG_CODE":"10489701","STD_REPORT_DATE":"2022-06-30 00:00:00","REPORT_DATE":"2022-09-30 00:00:00","DATE_TYPE_CODE":"002","REPORT_TYPE":"2022年中报","PER_NETCASH_OPERATE":0.06681309093,"PER_OI":1.229797897632,"BPS":1.024699913205,"BASIC_EPS":0.09225288,"DILUTED_EPS":0.09225288,"OPERATE_INCOME":2803191489.48,"OPERATE_INCOME_YOY":26.3774180224,"GROSS_PROFIT":467052816,"GROSS_PROFIT_YOY":32.600913772931,"HOLDER_PROFIT":210597045.12,"HOLDER_PROFIT_YOY":20.9361268944,"GROSS_PROFIT_RATIO":16.661466680132,"EPS_TTM":0.093683120332,"OPERATE_INCOME_QOQ":0,"NET_PROFIT_RATIO":8.2316808561,"ROE_AVG":9.33094337309,"GROSS_PROFIT_QOQ":0,"ROA":4.719403369867,"HOLDER_PROFIT_QOQ":0,"ROE_YEARLY":18.66188674618,"ROIC_YEARLY":11.538229975226,"TOTAL_ASSETS":4570525133.64,"TOTAL_LIABILITIES":2043690712.8,"TAX_EBT":16.585201581131,"OCF_SALES":5.432851288666,"TOTAL_PARENT_EQUITY":2335692784.56,"DEBT_ASSET_RATIO":44.7145711498,"OPERATE_PROFIT":289845886.8,"PRETAX_PROFIT":276629305.08,"NETCASH_OPERATE":152293224.96,"NETCASH_INVEST":26116609.44,"NETCASH_FINANCE":-24242609.76,"END_CASH":704483691.48,"DIVI_RATIO":1.282031059323,"DIVIDEND_RATE":15.647058823529,"CURRENT_RATIO":1.675335692857,"COMMON_ACS":5000000000,"CURRENTDEBT_DEBT":64.007974792222,"ISSUED_COMMON_SHARES":2279392000,"HK_COMMON_SHARES":2279392000,"PER_SHARES":2000,"TOTAL_MARKET_CAP":1937483200,"HKSK_MARKET_CAP":1937483200,"PE_TTM":5.226059584339,"PB_TTM":0.766158855469,"REPORT_DATE_SQ":"2021-06-30 00:00:00","REPORT_TYPE_SQ":"2021年中报","OPERATE_INCOME_SQ":2043053825.14,"DPS_HKD":0.133,"OPERATE_INCOME_QOQ_SQ":0,"NET_PROFIT_RATIO_SQ":8.2804308638,"HOLDER_PROFIT_SQ":160395706.28,"HOLDER_PROFIT_QOQ_SQ":0,"ROE_AVG_SQ":8.285969178835,"PE_TTM_SQ":8.451959301118,"PB_TTM_SQ":0.45091419544,"ROA_SQ":3.996354798379,"START_DATE":"2022-04-01 00:00:00","FISCAL_YEAR":"3-31","CURRENCY":"HKD","IS_CNY_CODE":0,"DPS_HKD_LY":0.066,"ORG_TYPE":"一般企业","PREMIUM_INCOME":null,"PREMIUM_INCOME_YOY":null,"NET_INTEREST_INCOME":null,"NET_INTEREST_INCOME_YOY":null,"FEE_COMMISSION_INCOME":null,"FEE_COMMISSION_INCOME_YOY":null,"ACCOUNTS_RECE_TDAYS":7.906074508288,"INVENTORY_TDAYS":2.630723845326,"CURRENT_ASSETS_TDAYS":1.387928422899,"TOTAL_ASSETS_TDAYS":0.628185041927,"PREMIUM_EXPENSE":null,"LOAN_DEPOSIT":null,"LOAN_EQUITY":null,"LOAN_ASSETS":null,"DEPOSIT_EQUITY":null,"DEPOSIT_ASSETS":null,"EQUITY_MULTIPLIER":1.808794868372,"EQUITY_RATIO":0.874982671655},{"SECUCODE":"01982.HK","SECURITY_CODE":"01982","SECURITY_NAME_ABBR":"南旋控股","ORG_CODE":"10489701","STD_REPORT_DATE":"2021-12-31 00:00:00","REPORT_DATE":"2022-03-31 00:00:00","DATE_TYPE_CODE":"001","REPORT_TYPE":"2021年年报","PER_NETCASH_OPERATE":0.086800149588,"PER_OI":1.437604061399,"BPS":0.856912601273,"BASIC_EPS":0.093671655,"DILUTED_EPS":0.093671655,"OPERATE_INCOME":3276863196.72,"OPERATE_INCOME_YOY":4.9867560647,"GROSS_PROFIT":572652538.98,"GROSS_PROFIT_YOY":-3.405986237541,"HOLDER_PROFIT":213540555.02,"HOLDER_PROFIT_YOY":-16.0595134485,"GROSS_PROFIT_RATIO":17.475631559877,"EPS_TTM":0.094738779122,"OPERATE_INCOME_QOQ":0,"NET_PROFIT_RATIO":6.8210842694,"ROE_AVG":11.325803645264,"GROSS_PROFIT_QOQ":0,"ROA":5.560838394034,"HOLDER_PROFIT_QOQ":0,"ROE_YEARLY":11.325803645264,"ROIC_YEARLY":6.842110597083,"TOTAL_ASSETS":3904410569.57,"TOTAL_LIABILITIES":1793437506.63,"TAX_EBT":13.61080288127,"OCF_SALES":6.037834193629,"TOTAL_PARENT_EQUITY":1953239728.04,"DEBT_ASSET_RATIO":45.9336300492,"OPERATE_PROFIT":275288423.39,"PRETAX_PROFIT":258733276.26,"NETCASH_OPERATE":197851566.57,"NETCASH_INVEST":-73325036.12,"NETCASH_FINANCE":-273874832.96,"END_CASH":495298405.18,"DIVI_RATIO":1.267745595978,"DIVIDEND_RATE":15.647058823529,"CURRENT_RATIO":1.672436614749,"COMMON_ACS":5000000000,"CURRENTDEBT_DEBT":55.242716822159,"ISSUED_COMMON_SHARES":2279392000,"HK_COMMON_SHARES":2279392000,"PER_SHARES":2000,"TOTAL_MARKET_CAP":1937483200,"HKSK_MARKET_CAP":1937483200,"PE_TTM":5.226059584339,"PB_TTM":0.766158855469,"REPORT_DATE_SQ":"2020-12-31 00:00:00","REPORT_TYPE_SQ":"2020年年报","OPERATE_INCOME_SQ":3252720869.72,"DPS_HKD":0.133,"OPERATE_INCOME_QOQ_SQ":0,"NET_PROFIT_RATIO_SQ":7.7524701485,"HOLDER_PROFIT_SQ":265113526.86,"HOLDER_PROFIT_QOQ_SQ":0,"ROE_AVG_SQ":14.883310230167,"PE_TTM_SQ":8.451959301118,"PB_TTM_SQ":0.45091419544,"ROA_SQ":6.616279836216,"START_DATE":"2021-04-01 00:00:00","FISCAL_YEAR":"3-31","CURRENCY":"HKD","IS_CNY_CODE":0,"DPS_HKD_LY":0.054,"ORG_TYPE":"一般企业","PREMIUM_INCOME":null,"PREMIUM_INCOME_YOY":null,"NET_INTEREST_INCOME":null,"NET_INTEREST_INCOME_YOY":null,"FEE_COMMISSION_INCOME":null,"FEE_COMMISSION_INCOME_YOY":null,"ACCOUNTS_RECE_TDAYS":27.859656138923,"INVENTORY_TDAYS":3.541833346434,"CURRENT_ASSETS_TDAYS":2.110278965614,"TOTAL_ASSETS_TDAYS":0.853332364647,"PREMIUM_EXPENSE":null,"LOAN_DEPOSIT":null,"LOAN_EQUITY":null,"LOAN_ASSETS":null,"DEPOSIT_EQUITY":null,"DEPOSIT_ASSETS":null,"EQUITY_MULTIPLIER":1.849578584451,"EQUITY_RATIO":0.91818606845},{"SECUCODE":"01982.HK","SECURITY_CODE":"01982","SECURITY_NAME_ABBR":"南旋控股","ORG_CODE":"10489701","STD_REPORT_DATE":"2021-06-30 00:00:00","REPORT_DATE":"2021-09-30 00:00:00","DATE_TYPE_CODE":"002","REPORT_TYPE":"2021年中报","PER_NETCASH_OPERATE":-0.061003201687,"PER_OI":0.896315256498,"BPS":0.879381353931,"BASIC_EPS":0.06997704,"DILUTED_EPS":0.06997704,"OPERATE_INCOME":2043053825.14,"OPERATE_INCOME_YOY":6.8587403276,"GROSS_PROFIT":352224432.48,"GROSS_PROFIT_YOY":-7.861365189295,"HOLDER_PROFIT":160395706.28,"HOLDER_PROFIT_YOY":-19.266539755,"GROSS_PROFIT_RATIO":17.240095593461,"EPS_TTM":0.116308878359,"OPERATE_INCOME_QOQ":0,"NET_PROFIT_RATIO":8.2804308638,"ROE_AVG":8.285969178835,"GROSS_PROFIT_QOQ":0,"ROA":3.996354798379,"HOLDER_PROFIT_QOQ":0,"ROE_YEARLY":16.571938357671,"ROIC_YEARLY":9.733294643751,"TOTAL_ASSETS":4148697947.26,"TOTAL_LIABILITIES":1989333951.04,"TAX_EBT":13.000171364922,"OCF_SALES":-6.805998363282,"TOTAL_PARENT_EQUITY":2004454823.1,"DEBT_ASSET_RATIO":47.9508023078,"OPERATE_PROFIT":202982566.54,"PRETAX_PROFIT":194452865.2,"NETCASH_OPERATE":-139050209.9,"NETCASH_INVEST":-47125371.14,"NETCASH_FINANCE":-598970.14,"END_CASH":474037797.92,"DIVI_RATIO":1.032635441892,"DIVIDEND_RATE":15.647058823529,"CURRENT_RATIO":1.429158908702,"COMMON_ACS":5000000000,"CURRENTDEBT_DEBT":62.727514087197,"ISSUED_COMMON_SHARES":2279392000,"HK_COMMON_SHARES":2279392000,"PER_SHARES":2000,"TOTAL_MARKET_CAP":1937483200,"HKSK_MARKET_CAP":1937483200,"PE_TTM":5.226059584339,"PB_TTM":0.766158855469,"REPORT_DATE_SQ":"2020-06-30 00:00:00","REPORT_TYPE_SQ":"2020年中报","OPERATE_INCOME_SQ":2016712487.04,"DPS_HKD":0.133,"OPERATE_INCOME_QOQ_SQ":0,"NET_PROFIT_RATIO_SQ":9.9816693006,"HOLDER_PROFIT_SQ":209562417.92,"HOLDER_PROFIT_QOQ_SQ":0,"ROE_AVG_SQ":11.466701221047,"PE_TTM_SQ":8.451959301118,"PB_TTM_SQ":0.45091419544,"ROA_SQ":4.87150174746,"START_DATE":"2021-04-01 00:00:00","FISCAL_YEAR":"3-31","CURRENCY":"HKD","IS_CNY_CODE":0,"DPS_HKD_LY":0.054,"ORG_TYPE":"一般企业","PREMIUM_INCOME":null,"PREMIUM_INCOME_YOY":null,"NET_INTEREST_INCOME":null,"NET_INTEREST_INCOME_YOY":null,"FEE_COMMISSION_INCOME":null,"FEE_COMMISSION_INCOME_YOY":null,"ACCOUNTS_RECE_TDAYS":6.587947865236,"INVENTORY_TDAYS":2.629711111025,"CURRENT_ASSETS_TDAYS":1.249023559352,"TOTAL_ASSETS_TDAYS":0.509039060135,"PREMIUM_EXPENSE":null,"LOAN_DEPOSIT":null,"LOAN_EQUITY":null,"LOAN_ASSETS":null,"DEPOSIT_EQUITY":null,"DEPOSIT_ASSETS":null,"EQUITY_MULTIPLIER":1.921259201561,"EQUITY_RATIO":0.992456366746},{"SECUCODE":"01982.HK","SECURITY_CODE":"01982","SECURITY_NAME_ABBR":"南旋控股","ORG_CODE":"10489701","STD_REPORT_DATE":"2020-12-31 00:00:00","REPORT_DATE":"2021-03-31 00:00:00","DATE_TYPE_CODE":"001","REPORT_TYPE":"2020年年报","PER_NETCASH_OPERATE":0.314927617031,"PER_OI":1.427012497069,"BPS":0.831015380145,"BASIC_EPS":0.116296768,"DILUTED_EPS":0.116296768,"OPERATE_INCOME":3252720869.72,"OPERATE_INCOME_YOY":-14.1083507339,"GROSS_PROFIT":592844749.56,"GROSS_PROFIT_YOY":-5.982442669174,"HOLDER_PROFIT":265113526.86,"HOLDER_PROFIT_YOY":99.7370180522,"GROSS_PROFIT_RATIO":18.226118173215,"EPS_TTM":0.047674272381,"OPERATE_INCOME_QOQ":0,"NET_PROFIT_RATIO":7.7524701485,"ROE_AVG":14.883310230167,"GROSS_PROFIT_QOQ":0,"ROA":6.616279836216,"HOLDER_PROFIT_QOQ":0,"ROE_YEARLY":14.883310230167,"ROIC_YEARLY":8.170748606938,"TOTAL_ASSETS":3934828459.8,"TOTAL_LIABILITIES":1892759480.5,"TAX_EBT":10.849291982777,"OCF_SALES":22.069016051223,"TOTAL_PARENT_EQUITY":1894209809.38,"DEBT_ASSET_RATIO":48.1027190851,"OPERATE_PROFIT":310714368.58,"PRETAX_PROFIT":282853855.06,"NETCASH_OPERATE":717843490.84,"NETCASH_INVEST":-228431869.68,"NETCASH_FINANCE":-430329313.26,"END_CASH":670397621.18,"DIVI_RATIO":2.519276414779,"DIVIDEND_RATE":15.647058823529,"CURRENT_RATIO":1.002938212199,"COMMON_ACS":5000000000,"CURRENTDEBT_DEBT":79.528237644984,"ISSUED_COMMON_SHARES":2279392000,"HK_COMMON_SHARES":2279392000,"PER_SHARES":2000,"TOTAL_MARKET_CAP":1937483200,"HKSK_MARKET_CAP":1937483200,"PE_TTM":5.226059584339,"PB_TTM":0.766158855469,"REPORT_DATE_SQ":"2019-12-31 00:00:00","REPORT_TYPE_SQ":"2019年年报","OPERATE_INCOME_SQ":4094022899.6,"DPS_HKD":0.133,"OPERATE_INCOME_QOQ_SQ":0,"NET_PROFIT_RATIO_SQ":3.3819208929,"HOLDER_PROFIT_SQ":143492016.5,"HOLDER_PROFIT_QOQ_SQ":0,"ROE_AVG_SQ":8.016749695374,"PE_TTM_SQ":8.451959301118,"PB_TTM_SQ":0.45091419544,"ROA_SQ":3.323717068915,"START_DATE":"2020-04-01 00:00:00","FISCAL_YEAR":"3-31","CURRENCY":"HKD","IS_CNY_CODE":0,"DPS_HKD_LY":0.038,"ORG_TYPE":"一般企业","PREMIUM_INCOME":null,"PREMIUM_INCOME_YOY":null,"NET_INTEREST_INCOME":null,"NET_INTEREST_INCOME_YOY":null,"FEE_COMMISSION_INCOME":null,"FEE_COMMISSION_INCOME_YOY":null,"ACCOUNTS_RECE_TDAYS":25.003355606592,"INVENTORY_TDAYS":4.119102886869,"CURRENT_ASSETS_TDAYS":2.010904766433,"TOTAL_ASSETS_TDAYS":0.811762106523,"PREMIUM_EXPENSE":null,"LOAN_DEPOSIT":null,"LOAN_EQUITY":null,"LOAN_ASSETS":null,"DEPOSIT_EQUITY":null,"DEPOSIT_ASSETS":null,"EQUITY_MULTIPLIER":1.926883224653,"EQUITY_RATIO":0.999234335672},{"SECUCODE":"01982.HK","SECURITY_CODE":"01982","SECURITY_NAME_ABBR":"南旋控股","ORG_CODE":"10489701","STD_REPORT_DATE":"2020-06-30 00:00:00","REPORT_DATE":"2020-09-30 00:00:00","DATE_TYPE_CODE":"002","REPORT_TYPE":"2020年中报","PER_NETCASH_OPERATE":0.104004590979,"PER_OI":0.884758956353,"BPS":0.842588421053,"BASIC_EPS":0.0922656,"DILUTED_EPS":0.0922656,"OPERATE_INCOME":2016712487.04,"OPERATE_INCOME_YOY":-24.1741130574,"GROSS_PROFIT":382276591.36,"GROSS_PROFIT_YOY":-19.670256047018,"HOLDER_PROFIT":209562417.92,"HOLDER_PROFIT_YOY":-11.9766733718,"GROSS_PROFIT_RATIO":18.955433350893,"EPS_TTM":0.062951882125,"OPERATE_INCOME_QOQ":0,"NET_PROFIT_RATIO":9.9816693006,"ROE_AVG":11.466701221047,"GROSS_PROFIT_QOQ":0,"ROA":4.87150174746,"HOLDER_PROFIT_QOQ":0,"ROE_YEARLY":22.933402442094,"ROIC_YEARLY":11.956930463234,"TOTAL_ASSETS":4362582941.44,"TOTAL_LIABILITIES":2291949559.04,"TAX_EBT":13.716280856641,"OCF_SALES":11.755132879053,"TOTAL_PARENT_EQUITY":1920589306.24,"DEBT_ASSET_RATIO":52.5365268651,"OPERATE_PROFIT":250923768.32,"PRETAX_PROFIT":233301917.44,"NETCASH_OPERATE":237067232.64,"NETCASH_INVEST":-128276424.32,"NETCASH_FINANCE":-26743843.2,"END_CASH":708568174.08,"DIVI_RATIO":1.907880526305,"DIVIDEND_RATE":15.647058823529,"CURRENT_RATIO":1.436666307604,"COMMON_ACS":5000000000,"CURRENTDEBT_DEBT":57.303274722595,"ISSUED_COMMON_SHARES":2279392000,"HK_COMMON_SHARES":2279392000,"PER_SHARES":2000,"TOTAL_MARKET_CAP":1937483200,"HKSK_MARKET_CAP":1937483200,"PE_TTM":5.226059584339,"PB_TTM":0.766158855469,"REPORT_DATE_SQ":"2019-06-30 00:00:00","REPORT_TYPE_SQ":"2019年中报","OPERATE_INCOME_SQ":2730155159.46,"DPS_HKD":0.133,"OPERATE_INCOME_QOQ_SQ":0,"NET_PROFIT_RATIO_SQ":9.0451924278,"HOLDER_PROFIT_SQ":244386079.35,"HOLDER_PROFIT_QOQ_SQ":0,"ROE_AVG_SQ":13.064663902016,"PE_TTM_SQ":8.451959301118,"PB_TTM_SQ":0.45091419544,"ROA_SQ":5.540547159068,"START_DATE":"2020-04-01 00:00:00","FISCAL_YEAR":"3-31","CURRENCY":"HKD","IS_CNY_CODE":0,"DPS_HKD_LY":0.038,"ORG_TYPE":"一般企业","PREMIUM_INCOME":null,"PREMIUM_INCOME_YOY":null,"NET_INTEREST_INCOME":null,"NET_INTEREST_INCOME_YOY":null,"FEE_COMMISSION_INCOME":null,"FEE_COMMISSION_INCOME_YOY":null,"ACCOUNTS_RECE_TDAYS":6.271615700238,"INVENTORY_TDAYS":2.718684111865,"CURRENT_ASSETS_TDAYS":1.095826841695,"TOTAL_ASSETS_TDAYS":0.468806310895,"PREMIUM_EXPENSE":null,"LOAN_DEPOSIT":null,"LOAN_EQUITY":null,"LOAN_ASSETS":null,"DEPOSIT_EQUITY":null,"DEPOSIT_ASSETS":null,"EQUITY_MULTIPLIER":2.106883323009,"EQUITY_RATIO":1.193357451066}],"count":23},"success":true,"message":"ok","code":0}