{"version":"3bb0e31d767dfe415471e206ab7e644f","result":{"pages":2,"data":[{"SECUCODE":"01983.HK","SECURITY_CODE":"01983","SECURITY_NAME_ABBR":"泸州银行","ORG_CODE":"10009648","STD_REPORT_DATE":"2024-06-30 00:00:00","REPORT_DATE":"2024-06-30 00:00:00","DATE_TYPE_CODE":"002","REPORT_TYPE":"2024年中报","PER_NETCASH_OPERATE":2.021993866488,"PER_OI":1.043475613413,"BPS":3.553239876081,"BASIC_EPS":0.26,"DILUTED_EPS":0.26,"OPERATE_INCOME":2835908000,"OPERATE_INCOME_YOY":15.9095516493,"GROSS_PROFIT":null,"GROSS_PROFIT_YOY":null,"HOLDER_PROFIT":808336000,"HOLDER_PROFIT_YOY":19.7052447014,"GROSS_PROFIT_RATIO":null,"EPS_TTM":0.414791700745,"OPERATE_INCOME_QOQ":8.159825689829,"NET_PROFIT_RATIO":28.5036044893,"ROE_AVG":7.255946954505,"GROSS_PROFIT_QOQ":null,"ROA":0.500829522751,"HOLDER_PROFIT_QOQ":13.383529279236,"ROE_YEARLY":14.51189390901,"ROIC_YEARLY":1.07154366336,"TOTAL_ASSETS":165162479000,"TOTAL_LIABILITIES":153808830000,"TAX_EBT":21.909938143214,"OCF_SALES":193.774903840322,"TOTAL_PARENT_EQUITY":11353649000,"DEBT_ASSET_RATIO":93.1257698063,"OPERATE_PROFIT":1034030000,"PRETAX_PROFIT":1035133000,"NETCASH_OPERATE":5495278000,"NETCASH_INVEST":455878000,"NETCASH_FINANCE":-2710242000,"END_CASH":6321672000,"DIVI_RATIO":0.215926091282,"DIVIDEND_RATE":6.026396341463,"CURRENT_RATIO":null,"COMMON_ACS":null,"CURRENTDEBT_DEBT":null,"ISSUED_COMMON_SHARES":2717752062,"HK_COMMON_SHARES":753120000,"PER_SHARES":1000,"TOTAL_MARKET_CAP":4457113381.68,"HKSK_MARKET_CAP":1235116800,"PE_TTM":3.564597470745,"PB_TTM":0.421248002443,"REPORT_DATE_SQ":"2023-06-30 00:00:00","REPORT_TYPE_SQ":"2023年中报","OPERATE_INCOME_SQ":2446656000,"DPS_HKD":0.0988329,"OPERATE_INCOME_QOQ_SQ":2.254127822241,"NET_PROFIT_RATIO_SQ":27.5997933506,"HOLDER_PROFIT_SQ":675272000,"HOLDER_PROFIT_QOQ_SQ":3.91924005206,"ROE_AVG_SQ":6.416568184304,"PE_TTM_SQ":5.59650327722,"PB_TTM_SQ":0.498114402087,"ROA_SQ":0.446351086052,"START_DATE":"2024-01-01 00:00:00","FISCAL_YEAR":"12-31","CURRENCY":"HKD","IS_CNY_CODE":0,"DPS_HKD_LY":0.0988329,"ORG_TYPE":"银行","PREMIUM_INCOME":null,"PREMIUM_INCOME_YOY":null,"NET_INTEREST_INCOME":1757680000,"NET_INTEREST_INCOME_YOY":13.06804036968,"FEE_COMMISSION_INCOME":82592000,"FEE_COMMISSION_INCOME_YOY":null,"ACCOUNTS_RECE_TDAYS":null,"INVENTORY_TDAYS":null,"CURRENT_ASSETS_TDAYS":null,"TOTAL_ASSETS_TDAYS":0.017570743481,"PREMIUM_EXPENSE":null,"LOAN_DEPOSIT":73.159809211036,"LOAN_EQUITY":8.393405503376,"LOAN_ASSETS":57.698201538862,"DEPOSIT_EQUITY":11.472700098444,"DEPOSIT_ASSETS":78.865981419424,"EQUITY_MULTIPLIER":14.547083408939,"EQUITY_RATIO":13.547083409043},{"SECUCODE":"01983.HK","SECURITY_CODE":"01983","SECURITY_NAME_ABBR":"泸州银行","ORG_CODE":"10009648","STD_REPORT_DATE":"2023-12-31 00:00:00","REPORT_DATE":"2023-12-31 00:00:00","DATE_TYPE_CODE":"001","REPORT_TYPE":"2023年年报","PER_NETCASH_OPERATE":-3.253900943963,"PER_OI":1.755254670468,"BPS":3.396253517404,"BASIC_EPS":0.33,"DILUTED_EPS":0.33,"OPERATE_INCOME":4770347000,"OPERATE_INCOME_YOY":22.2539894316,"GROSS_PROFIT":null,"GROSS_PROFIT_YOY":null,"HOLDER_PROFIT":994237000,"HOLDER_PROFIT_YOY":23.1209033979,"GROSS_PROFIT_RATIO":null,"EPS_TTM":0.365830648756,"OPERATE_INCOME_QOQ":19.558977261136,"NET_PROFIT_RATIO":20.842026796,"ROE_AVG":9.413957504788,"GROSS_PROFIT_QOQ":null,"ROA":0.649263266751,"HOLDER_PROFIT_QOQ":18.477486302072,"ROE_YEARLY":9.413957504788,"ROIC_YEARLY":0.695328368369,"TOTAL_ASSETS":157636383000,"TOTAL_LIABILITIES":146709384000,"TAX_EBT":20.511276873016,"OCF_SALES":-185.380560365944,"TOTAL_PARENT_EQUITY":10926999000,"DEBT_ASSET_RATIO":93.0682252459,"OPERATE_PROFIT":1248321000,"PRETAX_PROFIT":1250790000,"NETCASH_OPERATE":-8843296000,"NETCASH_INVEST":5563944000,"NETCASH_FINANCE":538493000,"END_CASH":3080738000,"DIVI_RATIO":0.24482462293,"DIVIDEND_RATE":4.991560606061,"CURRENT_RATIO":null,"COMMON_ACS":null,"CURRENTDEBT_DEBT":null,"ISSUED_COMMON_SHARES":2717752062,"HK_COMMON_SHARES":753120000,"PER_SHARES":1000,"TOTAL_MARKET_CAP":5381149082.76,"HKSK_MARKET_CAP":1491177600,"PE_TTM":4.303599385411,"PB_TTM":0.508579905389,"REPORT_DATE_SQ":"2022-12-31 00:00:00","REPORT_TYPE_SQ":"2022年年报","OPERATE_INCOME_SQ":3901997000,"DPS_HKD":0.0988329,"OPERATE_INCOME_QOQ_SQ":-12.602653324562,"NET_PROFIT_RATIO_SQ":20.6952747529,"HOLDER_PROFIT_SQ":807529000,"HOLDER_PROFIT_QOQ_SQ":-0.809098457714,"ROE_AVG_SQ":8.116777691654,"PE_TTM_SQ":7.626004465662,"PB_TTM_SQ":0.678749295151,"ROA_SQ":0.570409781975,"START_DATE":"2023-01-01 00:00:00","FISCAL_YEAR":"12-31","CURRENCY":"HKD","IS_CNY_CODE":0,"DPS_HKD_LY":0.034254,"ORG_TYPE":"银行","PREMIUM_INCOME":null,"PREMIUM_INCOME_YOY":null,"NET_INTEREST_INCOME":3088261000,"NET_INTEREST_INCOME_YOY":-5.214888966847,"FEE_COMMISSION_INCOME":102948000,"FEE_COMMISSION_INCOME_YOY":null,"ACCOUNTS_RECE_TDAYS":null,"INVENTORY_TDAYS":null,"CURRENT_ASSETS_TDAYS":null,"TOTAL_ASSETS_TDAYS":0.031151637655,"PREMIUM_EXPENSE":null,"LOAN_DEPOSIT":75.210243585614,"LOAN_EQUITY":8.096064161807,"LOAN_ASSETS":56.120093164025,"DEPOSIT_EQUITY":10.76457644043,"DEPOSIT_ASSETS":74.61761920787,"EQUITY_MULTIPLIER":14.426319888835,"EQUITY_RATIO":13.426319888928},{"SECUCODE":"01983.HK","SECURITY_CODE":"01983","SECURITY_NAME_ABBR":"泸州银行","ORG_CODE":"10009648","STD_REPORT_DATE":"2023-06-30 00:00:00","REPORT_DATE":"2023-06-30 00:00:00","DATE_TYPE_CODE":"002","REPORT_TYPE":"2023年中报","PER_NETCASH_OPERATE":0.045437183813,"PER_OI":0.90024989189,"BPS":3.36871126988,"BASIC_EPS":0.21,"DILUTED_EPS":0.21,"OPERATE_INCOME":2446656000,"OPERATE_INCOME_YOY":3.7290032645,"GROSS_PROFIT":null,"GROSS_PROFIT_YOY":null,"HOLDER_PROFIT":675272000,"HOLDER_PROFIT_YOY":4.917319611,"GROSS_PROFIT_RATIO":null,"EPS_TTM":0.308776511196,"OPERATE_INCOME_QOQ":2.254127822241,"NET_PROFIT_RATIO":27.5997933506,"ROE_AVG":6.416568184304,"GROSS_PROFIT_QOQ":null,"ROA":0.446351086052,"HOLDER_PROFIT_QOQ":3.91924005206,"ROE_YEARLY":12.833136368608,"ROIC_YEARLY":0.960821015975,"TOTAL_ASSETS":153944546000,"TOTAL_LIABILITIES":143092400000,"TAX_EBT":21.507107429179,"OCF_SALES":5.047174592587,"TOTAL_PARENT_EQUITY":10852146000,"DEBT_ASSET_RATIO":92.9506135281,"OPERATE_PROFIT":857526000,"PRETAX_PROFIT":860297000,"NETCASH_OPERATE":123487000,"NETCASH_INVEST":2601257000,"NETCASH_FINANCE":-4121744000,"END_CASH":4426062000,"DIVI_RATIO":0.290062059096,"DIVIDEND_RATE":4.991560606061,"CURRENT_RATIO":null,"COMMON_ACS":null,"CURRENTDEBT_DEBT":null,"ISSUED_COMMON_SHARES":2717752062,"HK_COMMON_SHARES":753120000,"PER_SHARES":1000,"TOTAL_MARKET_CAP":5381149082.76,"HKSK_MARKET_CAP":1491177600,"PE_TTM":4.303599385411,"PB_TTM":0.508579905389,"REPORT_DATE_SQ":"2022-06-30 00:00:00","REPORT_TYPE_SQ":"2022年中报","OPERATE_INCOME_SQ":2358700000,"DPS_HKD":0.0988329,"OPERATE_INCOME_QOQ_SQ":18.227909241778,"NET_PROFIT_RATIO_SQ":27.2871920973,"HOLDER_PROFIT_SQ":643623000,"HOLDER_PROFIT_QOQ_SQ":10.876164612663,"ROE_AVG_SQ":6.436473620527,"PE_TTM_SQ":7.626004465662,"PB_TTM_SQ":0.678749295151,"ROA_SQ":0.461299671902,"START_DATE":"2023-01-01 00:00:00","FISCAL_YEAR":"12-31","CURRENCY":"HKD","IS_CNY_CODE":0,"DPS_HKD_LY":0.034254,"ORG_TYPE":"银行","PREMIUM_INCOME":null,"PREMIUM_INCOME_YOY":null,"NET_INTEREST_INCOME":1554533000,"NET_INTEREST_INCOME_YOY":-13.190371790848,"FEE_COMMISSION_INCOME":69620000,"FEE_COMMISSION_INCOME_YOY":null,"ACCOUNTS_RECE_TDAYS":null,"INVENTORY_TDAYS":null,"CURRENT_ASSETS_TDAYS":null,"TOTAL_ASSETS_TDAYS":0.016172261886,"PREMIUM_EXPENSE":null,"LOAN_DEPOSIT":73.619597721161,"LOAN_EQUITY":7.834126264059,"LOAN_ASSETS":55.225783705257,"DEPOSIT_EQUITY":10.641359782664,"DEPOSIT_ASSETS":75.015057694866,"EQUITY_MULTIPLIER":14.185631671439,"EQUITY_RATIO":13.185631671376},{"SECUCODE":"01983.HK","SECURITY_CODE":"01983","SECURITY_NAME_ABBR":"泸州银行","ORG_CODE":"10009648","STD_REPORT_DATE":"2022-12-31 00:00:00","REPORT_DATE":"2022-12-31 00:00:00","DATE_TYPE_CODE":"001","REPORT_TYPE":"2022年年报","PER_NETCASH_OPERATE":0.637506277421,"PER_OI":1.435744288288,"BPS":3.127140300556,"BASIC_EPS":0.26,"DILUTED_EPS":0.26,"OPERATE_INCOME":3901997000,"OPERATE_INCOME_YOY":3.3280557072,"GROSS_PROFIT":null,"GROSS_PROFIT_YOY":null,"HOLDER_PROFIT":807529000,"HOLDER_PROFIT_YOY":9.9790672748,"GROSS_PROFIT_RATIO":null,"EPS_TTM":0.29713122521,"OPERATE_INCOME_QOQ":-12.602653324562,"NET_PROFIT_RATIO":20.6952747529,"ROE_AVG":8.116777691654,"GROSS_PROFIT_QOQ":null,"ROA":0.570409781975,"HOLDER_PROFIT_QOQ":-0.809098457714,"ROE_YEARLY":8.116777691654,"ROIC_YEARLY":0.617666492066,"TOTAL_ASSETS":148629827000,"TOTAL_LIABILITIES":138434211000,"TAX_EBT":20.399869095755,"OCF_SALES":44.402494415039,"TOTAL_PARENT_EQUITY":10195616000,"DEBT_ASSET_RATIO":93.1402624858,"OPERATE_PROFIT":1010932000,"PRETAX_PROFIT":1014482000,"NETCASH_OPERATE":1732584000,"NETCASH_INVEST":6620728000,"NETCASH_FINANCE":-7768888000,"END_CASH":5820815000,"DIVI_RATIO":0.301430287492,"DIVIDEND_RATE":4.991560606061,"CURRENT_RATIO":null,"COMMON_ACS":null,"CURRENTDEBT_DEBT":null,"ISSUED_COMMON_SHARES":2717752062,"HK_COMMON_SHARES":753120000,"PER_SHARES":1000,"TOTAL_MARKET_CAP":5381149082.76,"HKSK_MARKET_CAP":1491177600,"PE_TTM":4.303599385411,"PB_TTM":0.508579905389,"REPORT_DATE_SQ":"2021-12-31 00:00:00","REPORT_TYPE_SQ":"2021年年报","OPERATE_INCOME_SQ":3776319000,"DPS_HKD":0.0988329,"OPERATE_INCOME_QOQ_SQ":18.722265240737,"NET_PROFIT_RATIO_SQ":19.4437228423,"HOLDER_PROFIT_SQ":734257000,"HOLDER_PROFIT_QOQ_SQ":6.302671258956,"ROE_AVG_SQ":7.873602777229,"PE_TTM_SQ":7.626004465662,"PB_TTM_SQ":0.678749295151,"ROA_SQ":0.579532335637,"START_DATE":"2022-01-01 00:00:00","FISCAL_YEAR":"12-31","CURRENCY":"HKD","IS_CNY_CODE":0,"DPS_HKD_LY":null,"ORG_TYPE":"银行","PREMIUM_INCOME":null,"PREMIUM_INCOME_YOY":null,"NET_INTEREST_INCOME":3258171000,"NET_INTEREST_INCOME_YOY":10.889883752115,"FEE_COMMISSION_INCOME":94051000,"FEE_COMMISSION_INCOME_YOY":null,"ACCOUNTS_RECE_TDAYS":null,"INVENTORY_TDAYS":null,"CURRENT_ASSETS_TDAYS":null,"TOTAL_ASSETS_TDAYS":0.027562319843,"PREMIUM_EXPENSE":null,"LOAN_DEPOSIT":73.095084074464,"LOAN_EQUITY":7.846450376319,"LOAN_ASSETS":53.824589999691,"DEPOSIT_EQUITY":10.734580137188,"DEPOSIT_ASSETS":73.636402066188,"EQUITY_MULTIPLIER":14.577817269683,"EQUITY_RATIO":13.577817269697},{"SECUCODE":"01983.HK","SECURITY_CODE":"01983","SECURITY_NAME_ABBR":"泸州银行","ORG_CODE":"10009648","STD_REPORT_DATE":"2022-06-30 00:00:00","REPORT_DATE":"2022-06-30 00:00:00","DATE_TYPE_CODE":"002","REPORT_TYPE":"2022年中报","PER_NETCASH_OPERATE":3.209619862667,"PER_OI":0.867886380432,"BPS":3.164476303873,"BASIC_EPS":0.2,"DILUTED_EPS":0.2,"OPERATE_INCOME":2358700000,"OPERATE_INCOME_YOY":41.2094188305,"GROSS_PROFIT":null,"GROSS_PROFIT_YOY":null,"HOLDER_PROFIT":643623000,"HOLDER_PROFIT_YOY":14.1653244975,"GROSS_PROFIT_RATIO":null,"EPS_TTM":0.299554919444,"OPERATE_INCOME_QOQ":18.227909241778,"NET_PROFIT_RATIO":27.2871920973,"ROE_AVG":6.436473620527,"GROSS_PROFIT_QOQ":null,"ROA":0.461299671902,"HOLDER_PROFIT_QOQ":10.876164612663,"ROE_YEARLY":12.872947241053,"ROIC_YEARLY":1.002631267799,"TOTAL_ASSETS":144537545000,"TOTAL_LIABILITIES":134240459000,"TAX_EBT":22.391851676787,"OCF_SALES":369.820282358927,"TOTAL_PARENT_EQUITY":10297086000,"DEBT_ASSET_RATIO":92.8758399764,"OPERATE_PROFIT":826179000,"PRETAX_PROFIT":829324000,"NETCASH_OPERATE":8480540000,"NETCASH_INVEST":-1556812000,"NETCASH_FINANCE":-5373891000,"END_CASH":6821524000,"DIVI_RATIO":0.298991419685,"DIVIDEND_RATE":4.991560606061,"CURRENT_RATIO":null,"COMMON_ACS":null,"CURRENTDEBT_DEBT":null,"ISSUED_COMMON_SHARES":2717752062,"HK_COMMON_SHARES":753120000,"PER_SHARES":1000,"TOTAL_MARKET_CAP":5381149082.76,"HKSK_MARKET_CAP":1491177600,"PE_TTM":4.303599385411,"PB_TTM":0.508579905389,"REPORT_DATE_SQ":"2021-06-30 00:00:00","REPORT_TYPE_SQ":"2021年中报","OPERATE_INCOME_SQ":1670356000,"DPS_HKD":0.0988329,"OPERATE_INCOME_QOQ_SQ":0.826729472029,"NET_PROFIT_RATIO_SQ":33.7511285019,"HOLDER_PROFIT_SQ":563764000,"HOLDER_PROFIT_QOQ_SQ":19.901783451432,"ROE_AVG_SQ":6.12391863923,"PE_TTM_SQ":7.626004465662,"PB_TTM_SQ":0.678749295151,"ROA_SQ":0.455978389644,"START_DATE":"2022-01-01 00:00:00","FISCAL_YEAR":"12-31","CURRENCY":"HKD","IS_CNY_CODE":0,"DPS_HKD_LY":null,"ORG_TYPE":"银行","PREMIUM_INCOME":null,"PREMIUM_INCOME_YOY":null,"NET_INTEREST_INCOME":1790738000,"NET_INTEREST_INCOME_YOY":19.149001290803,"FEE_COMMISSION_INCOME":92377000,"FEE_COMMISSION_INCOME_YOY":null,"ACCOUNTS_RECE_TDAYS":null,"INVENTORY_TDAYS":null,"CURRENT_ASSETS_TDAYS":null,"TOTAL_ASSETS_TDAYS":0.016905355093,"PREMIUM_EXPENSE":null,"LOAN_DEPOSIT":73.200347206474,"LOAN_EQUITY":7.561110589928,"LOAN_ASSETS":53.866561798874,"DEPOSIT_EQUITY":10.329337057105,"DEPOSIT_ASSETS":73.587850132642,"EQUITY_MULTIPLIER":14.036742530871,"EQUITY_RATIO":13.036742530848},{"SECUCODE":"01983.HK","SECURITY_CODE":"01983","SECURITY_NAME_ABBR":"泸州银行","ORG_CODE":"10009648","STD_REPORT_DATE":"2021-12-31 00:00:00","REPORT_DATE":"2021-12-31 00:00:00","DATE_TYPE_CODE":"001","REPORT_TYPE":"2021年年报","PER_NETCASH_OPERATE":-0.290648661828,"PER_OI":1.389500923503,"BPS":2.945571493416,"BASIC_EPS":0.24,"DILUTED_EPS":0.24,"OPERATE_INCOME":3776319000,"OPERATE_INCOME_YOY":19.7037771973,"GROSS_PROFIT":null,"GROSS_PROFIT_YOY":null,"HOLDER_PROFIT":734257000,"HOLDER_PROFIT_YOY":27.458798696,"GROSS_PROFIT_RATIO":null,"EPS_TTM":0.270170708457,"OPERATE_INCOME_QOQ":18.722265240737,"NET_PROFIT_RATIO":19.4437228423,"ROE_AVG":7.873602777229,"GROSS_PROFIT_QOQ":null,"ROA":0.579532335637,"HOLDER_PROFIT_QOQ":6.302671258956,"ROE_YEARLY":7.873602777229,"ROIC_YEARLY":0.631741129279,"TOTAL_ASSETS":134510128000,"TOTAL_LIABILITIES":124807971000,"TAX_EBT":21.411507578887,"OCF_SALES":-20.917486049245,"TOTAL_PARENT_EQUITY":9702157000,"DEBT_ASSET_RATIO":92.7870435154,"OPERATE_PROFIT":930557000,"PRETAX_PROFIT":934306000,"NETCASH_OPERATE":471906000,"NETCASH_INVEST":-3482601000,"NETCASH_FINANCE":2672102000,"END_CASH":5232603000,"DIVI_RATIO":0.331510218667,"DIVIDEND_RATE":4.991560606061,"CURRENT_RATIO":null,"COMMON_ACS":null,"CURRENTDEBT_DEBT":null,"ISSUED_COMMON_SHARES":2717752062,"HK_COMMON_SHARES":753120000,"PER_SHARES":1000,"TOTAL_MARKET_CAP":5381149082.76,"HKSK_MARKET_CAP":1491177600,"PE_TTM":4.303599385411,"PB_TTM":0.508579905389,"REPORT_DATE_SQ":"2020-12-31 00:00:00","REPORT_TYPE_SQ":"2020年年报","OPERATE_INCOME_SQ":3154720000,"DPS_HKD":0.0988329,"OPERATE_INCOME_QOQ_SQ":3.525903134472,"NET_PROFIT_RATIO_SQ":18.2607014252,"HOLDER_PROFIT_SQ":576074000,"HOLDER_PROFIT_QOQ_SQ":-2.800865231139,"ROE_AVG_SQ":7.274369765036,"PE_TTM_SQ":7.626004465662,"PB_TTM_SQ":0.678749295151,"ROA_SQ":0.547164872272,"START_DATE":"2021-01-01 00:00:00","FISCAL_YEAR":"12-31","CURRENCY":"HKD","IS_CNY_CODE":0,"DPS_HKD_LY":null,"ORG_TYPE":"银行","PREMIUM_INCOME":null,"PREMIUM_INCOME_YOY":null,"NET_INTEREST_INCOME":2938204000,"NET_INTEREST_INCOME_YOY":6.5940803398,"FEE_COMMISSION_INCOME":null,"FEE_COMMISSION_INCOME_YOY":null,"ACCOUNTS_RECE_TDAYS":null,"INVENTORY_TDAYS":null,"CURRENT_ASSETS_TDAYS":null,"TOTAL_ASSETS_TDAYS":0.029805626234,"PREMIUM_EXPENSE":null,"LOAN_DEPOSIT":76.223825419835,"LOAN_EQUITY":7.445374466729,"LOAN_ASSETS":53.703162039962,"DEPOSIT_EQUITY":9.767778546564,"DEPOSIT_ASSETS":70.454561607435,"EQUITY_MULTIPLIER":13.863940564941,"EQUITY_RATIO":12.863940564969},{"SECUCODE":"01983.HK","SECURITY_CODE":"01983","SECURITY_NAME_ABBR":"泸州银行","ORG_CODE":"10009648","STD_REPORT_DATE":"2021-06-30 00:00:00","REPORT_DATE":"2021-06-30 00:00:00","DATE_TYPE_CODE":"002","REPORT_TYPE":"2021年中报","PER_NETCASH_OPERATE":-1.13255055273,"PER_OI":0.737531295818,"BPS":2.857544699749,"BASIC_EPS":0.17,"DILUTED_EPS":0.17,"OPERATE_INCOME":1670356000,"OPERATE_INCOME_YOY":1.5861701966,"GROSS_PROFIT":null,"GROSS_PROFIT_YOY":null,"HOLDER_PROFIT":563764000,"HOLDER_PROFIT_YOY":25.5277601505,"GROSS_PROFIT_RATIO":null,"EPS_TTM":0.304982787646,"OPERATE_INCOME_QOQ":0.826729472029,"NET_PROFIT_RATIO":33.7511285019,"ROE_AVG":6.12391863923,"GROSS_PROFIT_QOQ":null,"ROA":0.455978389644,"HOLDER_PROFIT_QOQ":19.901783451432,"ROE_YEARLY":12.24783727846,"ROIC_YEARLY":0.995909444393,"TOTAL_ASSETS":128390372000,"TOTAL_LIABILITIES":118927450000,"TAX_EBT":21.821056134901,"OCF_SALES":-153.55966033588,"TOTAL_PARENT_EQUITY":9462922000,"DEBT_ASSET_RATIO":92.6295703855,"OPERATE_PROFIT":718949000,"PRETAX_PROFIT":721120000,"NETCASH_OPERATE":-2564993000,"NETCASH_INVEST":-3589214000,"NETCASH_FINANCE":4738953000,"END_CASH":4167462000,"DIVI_RATIO":0.293670181617,"DIVIDEND_RATE":4.991560606061,"CURRENT_RATIO":null,"COMMON_ACS":null,"CURRENTDEBT_DEBT":null,"ISSUED_COMMON_SHARES":2717752062,"HK_COMMON_SHARES":753120000,"PER_SHARES":1000,"TOTAL_MARKET_CAP":5381149082.76,"HKSK_MARKET_CAP":1491177600,"PE_TTM":4.303599385411,"PB_TTM":0.508579905389,"REPORT_DATE_SQ":"2020-06-30 00:00:00","REPORT_TYPE_SQ":"2020年中报","OPERATE_INCOME_SQ":1644275000,"DPS_HKD":0.0988329,"OPERATE_INCOME_QOQ_SQ":8.574158840261,"NET_PROFIT_RATIO_SQ":27.3138617324,"HOLDER_PROFIT_SQ":449115000,"HOLDER_PROFIT_QOQ_SQ":-6.50531935032,"ROE_AVG_SQ":5.735443223148,"PE_TTM_SQ":7.626004465662,"PB_TTM_SQ":0.678749295151,"ROA_SQ":0.446560251131,"START_DATE":"2021-01-01 00:00:00","FISCAL_YEAR":"12-31","CURRENCY":"HKD","IS_CNY_CODE":0,"DPS_HKD_LY":null,"ORG_TYPE":"银行","PREMIUM_INCOME":null,"PREMIUM_INCOME_YOY":null,"NET_INTEREST_INCOME":1502940000,"NET_INTEREST_INCOME_YOY":1.958315497265,"FEE_COMMISSION_INCOME":5058000,"FEE_COMMISSION_INCOME_YOY":null,"ACCOUNTS_RECE_TDAYS":null,"INVENTORY_TDAYS":null,"CURRENT_ASSETS_TDAYS":null,"TOTAL_ASSETS_TDAYS":0.013510019068,"PREMIUM_EXPENSE":null,"LOAN_DEPOSIT":75.203432750603,"LOAN_EQUITY":7.147627762334,"LOAN_ASSETS":52.681087332623,"DEPOSIT_EQUITY":9.504390292977,"DEPOSIT_ASSETS":70.05143968272,"EQUITY_MULTIPLIER":13.567730136554,"EQUITY_RATIO":12.567730136632},{"SECUCODE":"01983.HK","SECURITY_CODE":"01983","SECURITY_NAME_ABBR":"泸州银行","ORG_CODE":"10009648","STD_REPORT_DATE":"2020-12-31 00:00:00","REPORT_DATE":"2020-12-31 00:00:00","DATE_TYPE_CODE":"001","REPORT_TYPE":"2020年年报","PER_NETCASH_OPERATE":0.772592330757,"PER_OI":1.392939427011,"BPS":2.668427742692,"BASIC_EPS":0.21,"DILUTED_EPS":0.21,"OPERATE_INCOME":3154720000,"OPERATE_INCOME_YOY":12.40237851,"GROSS_PROFIT":null,"GROSS_PROFIT_YOY":null,"HOLDER_PROFIT":576074000,"HOLDER_PROFIT_YOY":-9.1239793536,"GROSS_PROFIT_RATIO":null,"EPS_TTM":0.2543605098,"OPERATE_INCOME_QOQ":3.525903134472,"NET_PROFIT_RATIO":18.2607014252,"ROE_AVG":7.274369765036,"GROSS_PROFIT_QOQ":null,"ROA":0.547164872272,"HOLDER_PROFIT_QOQ":-2.800865231139,"ROE_YEARLY":7.274369765036,"ROIC_YEARLY":0.604246072819,"TOTAL_ASSETS":118886259000,"TOTAL_LIABILITIES":109937310000,"TAX_EBT":22.178453225262,"OCF_SALES":55.464890703454,"TOTAL_PARENT_EQUITY":8948949000,"DEBT_ASSET_RATIO":92.472680127,"OPERATE_PROFIT":735813000,"PRETAX_PROFIT":740250000,"NETCASH_OPERATE":1749762000,"NETCASH_INVEST":-509851000,"NETCASH_FINANCE":-870669000,"END_CASH":5590365000,"DIVI_RATIO":0.352115785223,"DIVIDEND_RATE":4.991560606061,"CURRENT_RATIO":null,"COMMON_ACS":null,"CURRENTDEBT_DEBT":null,"ISSUED_COMMON_SHARES":2717752062,"HK_COMMON_SHARES":753120000,"PER_SHARES":1000,"TOTAL_MARKET_CAP":5381149082.76,"HKSK_MARKET_CAP":1491177600,"PE_TTM":4.303599385411,"PB_TTM":0.508579905389,"REPORT_DATE_SQ":"2019-12-31 00:00:00","REPORT_TYPE_SQ":"2019年年报","OPERATE_INCOME_SQ":2806631000,"DPS_HKD":0.0988329,"OPERATE_INCOME_QOQ_SQ":12.33668613238,"NET_PROFIT_RATIO_SQ":22.5862252644,"HOLDER_PROFIT_SQ":633912000,"HOLDER_PROFIT_QOQ_SQ":-17.870450505543,"ROE_AVG_SQ":9.563939245468,"PE_TTM_SQ":7.626004465662,"PB_TTM_SQ":0.678749295151,"ROA_SQ":0.727670795704,"START_DATE":"2020-01-01 00:00:00","FISCAL_YEAR":"12-31","CURRENCY":"HKD","IS_CNY_CODE":0,"DPS_HKD_LY":0.141849,"ORG_TYPE":"银行","PREMIUM_INCOME":null,"PREMIUM_INCOME_YOY":null,"NET_INTEREST_INCOME":2756442000,"NET_INTEREST_INCOME_YOY":1.409684985054,"FEE_COMMISSION_INCOME":5085000,"FEE_COMMISSION_INCOME_YOY":null,"ACCOUNTS_RECE_TDAYS":null,"INVENTORY_TDAYS":null,"CURRENT_ASSETS_TDAYS":null,"TOTAL_ASSETS_TDAYS":0.029964066524,"PREMIUM_EXPENSE":null,"LOAN_DEPOSIT":67.570069966004,"LOAN_EQUITY":6.434868608593,"LOAN_ASSETS":48.437314357751,"DEPOSIT_EQUITY":9.523252842317,"DEPOSIT_ASSETS":71.684570375791,"EQUITY_MULTIPLIER":13.284940946736,"EQUITY_RATIO":12.284940946697},{"SECUCODE":"01983.HK","SECURITY_CODE":"01983","SECURITY_NAME_ABBR":"泸州银行","ORG_CODE":"10009648","STD_REPORT_DATE":"2020-06-30 00:00:00","REPORT_DATE":"2020-06-30 00:00:00","DATE_TYPE_CODE":"002","REPORT_TYPE":"2020年中报","PER_NETCASH_OPERATE":-0.113564443319,"PER_OI":0.726015455048,"BPS":2.60314621739,"BASIC_EPS":0.2,"DILUTED_EPS":0.2,"OPERATE_INCOME":1644275000,"OPERATE_INCOME_YOY":17.1444753959,"GROSS_PROFIT":null,"GROSS_PROFIT_YOY":null,"HOLDER_PROFIT":449115000,"HOLDER_PROFIT_YOY":-8.4098598357,"GROSS_PROFIT_RATIO":null,"EPS_TTM":0.261690096733,"OPERATE_INCOME_QOQ":8.574158840261,"NET_PROFIT_RATIO":27.3138617324,"ROE_AVG":5.735443223148,"GROSS_PROFIT_QOQ":null,"ROA":0.446560251131,"HOLDER_PROFIT_QOQ":-6.50531935032,"ROE_YEARLY":11.470886446295,"ROIC_YEARLY":0.982861027775,"TOTAL_ASSETS":109463569000,"TOTAL_LIABILITIES":100692039000,"TAX_EBT":22.29884619976,"OCF_SALES":-15.64215231637,"TOTAL_PARENT_EQUITY":8771530000,"DEBT_ASSET_RATIO":91.9868043038,"OPERATE_PROFIT":575377000,"PRETAX_PROFIT":578003000,"NETCASH_OPERATE":-257200000,"NETCASH_INVEST":340341000,"NETCASH_FINANCE":-45711000,"END_CASH":5324617000,"DIVI_RATIO":0.342253496622,"DIVIDEND_RATE":4.991560606061,"CURRENT_RATIO":null,"COMMON_ACS":null,"CURRENTDEBT_DEBT":null,"ISSUED_COMMON_SHARES":2717752062,"HK_COMMON_SHARES":753120000,"PER_SHARES":1000,"TOTAL_MARKET_CAP":5381149082.76,"HKSK_MARKET_CAP":1491177600,"PE_TTM":4.303599385411,"PB_TTM":0.508579905389,"REPORT_DATE_SQ":"2019-06-30 00:00:00","REPORT_TYPE_SQ":"2019年中报","OPERATE_INCOME_SQ":1403630000,"DPS_HKD":0.0988329,"OPERATE_INCOME_QOQ_SQ":29.177679609201,"NET_PROFIT_RATIO_SQ":34.934633771,"HOLDER_PROFIT_SQ":490353000,"HOLDER_PROFIT_QOQ_SQ":17.246816454937,"ROE_AVG_SQ":7.484148080675,"PE_TTM_SQ":7.626004465662,"PB_TTM_SQ":0.678749295151,"ROA_SQ":0.565967546072,"START_DATE":"2020-01-01 00:00:00","FISCAL_YEAR":"12-31","CURRENCY":"HKD","IS_CNY_CODE":0,"DPS_HKD_LY":0.141849,"ORG_TYPE":"银行","PREMIUM_INCOME":null,"PREMIUM_INCOME_YOY":null,"NET_INTEREST_INCOME":1474073000,"NET_INTEREST_INCOME_YOY":8.819638535895,"FEE_COMMISSION_INCOME":2250000,"FEE_COMMISSION_INCOME_YOY":null,"ACCOUNTS_RECE_TDAYS":null,"INVENTORY_TDAYS":null,"CURRENT_ASSETS_TDAYS":null,"TOTAL_ASSETS_TDAYS":0.016349216947,"PREMIUM_EXPENSE":null,"LOAN_DEPOSIT":66.994836657934,"LOAN_EQUITY":5.87330385919,"LOAN_ASSETS":47.063933206855,"DEPOSIT_EQUITY":8.766800774779,"DEPOSIT_ASSETS":70.250090237785,"EQUITY_MULTIPLIER":12.479415677745,"EQUITY_RATIO":11.479415677767}],"count":17},"success":true,"message":"ok","code":0}