{"version":"c006895bcaf3c28f333c89166179851c","result":{"pages":3,"data":[{"SECUCODE":"01986.HK","SECURITY_CODE":"01986","SECURITY_NAME_ABBR":"彩客新能源","ORG_CODE":"10467822","STD_REPORT_DATE":"2024-06-30 00:00:00","REPORT_DATE":"2024-06-30 00:00:00","DATE_TYPE_CODE":"002","REPORT_TYPE":"2024年中报","PER_NETCASH_OPERATE":0.03531972248,"PER_OI":1.00937754852,"BPS":1.922820464756,"BASIC_EPS":0.02,"DILUTED_EPS":0.02,"OPERATE_INCOME":1005013000,"OPERATE_INCOME_YOY":0.8628934731,"GROSS_PROFIT":145421000,"GROSS_PROFIT_YOY":-17.486013232107,"HOLDER_PROFIT":15634000,"HOLDER_PROFIT_YOY":-52.4122606763,"GROSS_PROFIT_RATIO":14.469564075291,"EPS_TTM":0.011893427179,"OPERATE_INCOME_QOQ":0.416272487574,"NET_PROFIT_RATIO":2.3380792089,"ROE_AVG":0.831070799694,"GROSS_PROFIT_QOQ":-9.671537428288,"ROA":0.454446954131,"HOLDER_PROFIT_QOQ":-59.25123017102,"ROE_YEARLY":1.662141599389,"ROIC_YEARLY":1.025793113132,"TOTAL_ASSETS":3426755000,"TOTAL_LIABILITIES":1399996000,"TAX_EBT":23.010386291406,"OCF_SALES":3.49915871735,"TOTAL_PARENT_EQUITY":1866901000,"DEBT_ASSET_RATIO":40.8548612317,"OPERATE_PROFIT":52489000,"PRETAX_PROFIT":30521000,"NETCASH_OPERATE":35167000,"NETCASH_INVEST":-10758000,"NETCASH_FINANCE":-134311000,"END_CASH":177439000,"DIVI_RATIO":5.272122076811,"DIVIDEND_RATE":8.414634146341,"CURRENT_RATIO":1.275991934075,"COMMON_ACS":2000000000,"CURRENTDEBT_DEBT":81.365446758419,"ISSUED_COMMON_SHARES":970918000,"HK_COMMON_SHARES":970918000,"PER_SHARES":500,"TOTAL_MARKET_CAP":796152760,"HKSK_MARKET_CAP":796152760,"PE_TTM":58.69147435954,"PB_TTM":0.389218657549,"REPORT_DATE_SQ":"2023-06-30 00:00:00","REPORT_TYPE_SQ":"2023年中报","OPERATE_INCOME_SQ":996415000,"DPS_HKD":0.069,"OPERATE_INCOME_QOQ_SQ":3.448022398151,"NET_PROFIT_RATIO_SQ":4.3124601697,"HOLDER_PROFIT_SQ":32853000,"HOLDER_PROFIT_QOQ_SQ":-19.442229429628,"ROE_AVG_SQ":1.657940354923,"PE_TTM_SQ":4.110777490341,"PB_TTM_SQ":0.419514849597,"ROA_SQ":0.997702457024,"START_DATE":"2024-01-01 00:00:00","FISCAL_YEAR":"12-31","CURRENCY":"HKD","IS_CNY_CODE":0,"DPS_HKD_LY":0.069,"ORG_TYPE":"一般企业","PREMIUM_INCOME":null,"PREMIUM_INCOME_YOY":null,"NET_INTEREST_INCOME":null,"NET_INTEREST_INCOME_YOY":null,"FEE_COMMISSION_INCOME":null,"FEE_COMMISSION_INCOME_YOY":null,"ACCOUNTS_RECE_TDAYS":1.2973475717,"INVENTORY_TDAYS":2.706319421706,"CURRENT_ASSETS_TDAYS":0.688123989438,"TOTAL_ASSETS_TDAYS":0.29213579168,"PREMIUM_EXPENSE":null,"LOAN_DEPOSIT":null,"LOAN_EQUITY":null,"LOAN_ASSETS":null,"DEPOSIT_EQUITY":null,"DEPOSIT_ASSETS":null,"EQUITY_MULTIPLIER":1.690756029701,"EQUITY_RATIO":0.749903717444},{"SECUCODE":"01986.HK","SECURITY_CODE":"01986","SECURITY_NAME_ABBR":"彩客新能源","ORG_CODE":"10467822","STD_REPORT_DATE":"2023-12-31 00:00:00","REPORT_DATE":"2023-12-31 00:00:00","DATE_TYPE_CODE":"001","REPORT_TYPE":"2023年年报","PER_NETCASH_OPERATE":0.045604497345,"PER_OI":2.039777897931,"BPS":1.952249314566,"BASIC_EPS":0.03,"DILUTED_EPS":0.03,"OPERATE_INCOME":2065474000,"OPERATE_INCOME_YOY":-2.6783922108,"GROSS_PROFIT":318636000,"GROSS_PROFIT_YOY":-43.946817063152,"HOLDER_PROFIT":29061000,"HOLDER_PROFIT_YOY":-87.9930588551,"GROSS_PROFIT_RATIO":15.426773709086,"EPS_TTM":0.028699458571,"OPERATE_INCOME_QOQ":-5.922215298958,"NET_PROFIT_RATIO":2.1880207642,"ROE_AVG":1.477823869899,"GROSS_PROFIT_QOQ":-33.941051226182,"ROA":0.874155033851,"HOLDER_PROFIT_QOQ":-85.095241514427,"ROE_YEARLY":1.477823869899,"ROIC_YEARLY":0.976745124005,"TOTAL_ASSETS":3453696000,"TOTAL_LIABILITIES":1398865000,"TAX_EBT":24.172818791946,"OCF_SALES":2.23575799066,"TOTAL_PARENT_EQUITY":1895474000,"DEBT_ASSET_RATIO":40.5034201041,"OPERATE_PROFIT":97709000,"PRETAX_PROFIT":59600000,"NETCASH_OPERATE":46179000,"NETCASH_INVEST":-133966000,"NETCASH_FINANCE":185657000,"END_CASH":287441000,"DIVI_RATIO":2.184835642304,"DIVIDEND_RATE":8.414634146341,"CURRENT_RATIO":1.287118848023,"COMMON_ACS":2000000000,"CURRENTDEBT_DEBT":81.506221114975,"ISSUED_COMMON_SHARES":970918000,"HK_COMMON_SHARES":970918000,"PER_SHARES":500,"TOTAL_MARKET_CAP":796152760,"HKSK_MARKET_CAP":796152760,"PE_TTM":58.69147435954,"PB_TTM":0.389218657549,"REPORT_DATE_SQ":"2022-12-31 00:00:00","REPORT_TYPE_SQ":"2022年年报","OPERATE_INCOME_SQ":2122318000,"DPS_HKD":0.069,"OPERATE_INCOME_QOQ_SQ":8.785105747165,"NET_PROFIT_RATIO_SQ":11.9789777027,"HOLDER_PROFIT_SQ":242035000,"HOLDER_PROFIT_QOQ_SQ":8.494033691043,"ROE_AVG_SQ":12.370938529671,"PE_TTM_SQ":4.064064109769,"PB_TTM_SQ":0.414747635397,"ROA_SQ":8.398568979756,"START_DATE":"2023-01-01 00:00:00","FISCAL_YEAR":"12-31","CURRENCY":"HKD","IS_CNY_CODE":0,"DPS_HKD_LY":0.099,"ORG_TYPE":"一般企业","PREMIUM_INCOME":null,"PREMIUM_INCOME_YOY":null,"NET_INTEREST_INCOME":null,"NET_INTEREST_INCOME_YOY":null,"FEE_COMMISSION_INCOME":null,"FEE_COMMISSION_INCOME_YOY":null,"ACCOUNTS_RECE_TDAYS":2.957443350752,"INVENTORY_TDAYS":6.260114498687,"CURRENT_ASSETS_TDAYS":1.555658321766,"TOTAL_ASSETS_TDAYS":0.621294688548,"PREMIUM_EXPENSE":null,"LOAN_DEPOSIT":null,"LOAN_EQUITY":null,"LOAN_ASSETS":null,"DEPOSIT_EQUITY":null,"DEPOSIT_ASSETS":null,"EQUITY_MULTIPLIER":1.680768880749,"EQUITY_RATIO":0.738002737046},{"SECUCODE":"01986.HK","SECURITY_CODE":"01986","SECURITY_NAME_ABBR":"彩客新能源","ORG_CODE":"10467822","STD_REPORT_DATE":"2023-06-30 00:00:00","REPORT_DATE":"2023-06-30 00:00:00","DATE_TYPE_CODE":"002","REPORT_TYPE":"2023年中报","PER_NETCASH_OPERATE":0.034158687195,"PER_OI":0.981436802243,"BPS":1.983317849705,"BASIC_EPS":0.03,"DILUTED_EPS":0.03,"OPERATE_INCOME":996415000,"OPERATE_INCOME_YOY":7.9262421242,"GROSS_PROFIT":176238000,"GROSS_PROFIT_YOY":-32.820766943661,"HOLDER_PROFIT":32853000,"HOLDER_PROFIT_YOY":-58.8874984357,"GROSS_PROFIT_RATIO":17.687208642985,"EPS_TTM":0.192047073586,"OPERATE_INCOME_QOQ":3.448022398151,"NET_PROFIT_RATIO":4.3124601697,"ROE_AVG":1.657940354923,"GROSS_PROFIT_QOQ":-15.146722772155,"ROA":0.997702457024,"HOLDER_PROFIT_QOQ":-19.442229429628,"ROE_YEARLY":3.315880709847,"ROIC_YEARLY":2.279088635098,"TOTAL_ASSETS":3390492000,"TOTAL_LIABILITIES":1311511000,"TAX_EBT":21.471518119849,"OCF_SALES":3.48047751188,"TOTAL_PARENT_EQUITY":1925639000,"DEBT_ASSET_RATIO":38.6820260894,"OPERATE_PROFIT":71797000,"PRETAX_PROFIT":54719000,"NETCASH_OPERATE":34680000,"NETCASH_INVEST":-80800000,"NETCASH_FINANCE":271411000,"END_CASH":414843000,"DIVI_RATIO":0.326501200091,"DIVIDEND_RATE":8.414634146341,"CURRENT_RATIO":1.433798189825,"COMMON_ACS":2000000000,"CURRENTDEBT_DEBT":73.898579577297,"ISSUED_COMMON_SHARES":970918000,"HK_COMMON_SHARES":970918000,"PER_SHARES":500,"TOTAL_MARKET_CAP":796152760,"HKSK_MARKET_CAP":796152760,"PE_TTM":58.69147435954,"PB_TTM":0.389218657549,"REPORT_DATE_SQ":"2022-06-30 00:00:00","REPORT_TYPE_SQ":"2022年中报","OPERATE_INCOME_SQ":923237000,"DPS_HKD":0.069,"OPERATE_INCOME_QOQ_SQ":9.534581321943,"NET_PROFIT_RATIO_SQ":9.1309165469,"HOLDER_PROFIT_SQ":79910000,"HOLDER_PROFIT_QOQ_SQ":-1.393658918224,"ROE_AVG_SQ":4.239519312467,"PE_TTM_SQ":4.064064109769,"PB_TTM_SQ":0.414747635397,"ROA_SQ":3.125760317434,"START_DATE":"2023-01-01 00:00:00","FISCAL_YEAR":"12-31","CURRENCY":"HKD","IS_CNY_CODE":0,"DPS_HKD_LY":0.099,"ORG_TYPE":"一般企业","PREMIUM_INCOME":null,"PREMIUM_INCOME_YOY":null,"NET_INTEREST_INCOME":null,"NET_INTEREST_INCOME_YOY":null,"FEE_COMMISSION_INCOME":null,"FEE_COMMISSION_INCOME_YOY":null,"ACCOUNTS_RECE_TDAYS":1.634622167466,"INVENTORY_TDAYS":2.971607346982,"CURRENT_ASSETS_TDAYS":0.773154919632,"TOTAL_ASSETS_TDAYS":0.302598147419,"PREMIUM_EXPENSE":null,"LOAN_DEPOSIT":null,"LOAN_EQUITY":null,"LOAN_ASSETS":null,"DEPOSIT_EQUITY":null,"DEPOSIT_ASSETS":null,"EQUITY_MULTIPLIER":1.630843187118,"EQUITY_RATIO":0.681078332959},{"SECUCODE":"01986.HK","SECURITY_CODE":"01986","SECURITY_NAME_ABBR":"彩客新能源","ORG_CODE":"10467822","STD_REPORT_DATE":"2022-12-31 00:00:00","REPORT_DATE":"2022-12-31 00:00:00","DATE_TYPE_CODE":"001","REPORT_TYPE":"2022年年报","PER_NETCASH_OPERATE":0.364522768139,"PER_OI":2.082475046179,"BPS":2.09849956433,"BASIC_EPS":0.24,"DILUTED_EPS":0.24,"OPERATE_INCOME":2122318000,"OPERATE_INCOME_YOY":19.1573101208,"GROSS_PROFIT":568453000,"GROSS_PROFIT_YOY":5.211402638554,"HOLDER_PROFIT":242035000,"HOLDER_PROFIT_YOY":6.9819969148,"GROSS_PROFIT_RATIO":26.784534645609,"EPS_TTM":0.237491199623,"OPERATE_INCOME_QOQ":8.785105747165,"NET_PROFIT_RATIO":11.9789777027,"ROE_AVG":12.370938529671,"GROSS_PROFIT_QOQ":-3.364584484356,"ROA":8.398568979756,"HOLDER_PROFIT_QOQ":8.494033691043,"ROE_YEARLY":12.370938529671,"ROIC_YEARLY":9.105646339683,"TOTAL_ASSETS":3195239000,"TOTAL_LIABILITIES":1095280000,"TAX_EBT":24.049543816882,"OCF_SALES":17.504304256007,"TOTAL_PARENT_EQUITY":2037471000,"DEBT_ASSET_RATIO":34.2784999808,"OPERATE_PROFIT":369526000,"PRETAX_PROFIT":334734000,"NETCASH_OPERATE":371497000,"NETCASH_INVEST":-285236000,"NETCASH_FINANCE":-79421000,"END_CASH":189069000,"DIVI_RATIO":0.264024941132,"DIVIDEND_RATE":8.414634146341,"CURRENT_RATIO":1.148329382833,"COMMON_ACS":2000000000,"CURRENTDEBT_DEBT":94.447812431524,"ISSUED_COMMON_SHARES":970918000,"HK_COMMON_SHARES":970918000,"PER_SHARES":500,"TOTAL_MARKET_CAP":796152760,"HKSK_MARKET_CAP":796152760,"PE_TTM":58.69147435954,"PB_TTM":0.389218657549,"REPORT_DATE_SQ":"2021-12-31 00:00:00","REPORT_TYPE_SQ":"2021年年报","OPERATE_INCOME_SQ":1781106000,"DPS_HKD":0.069,"OPERATE_INCOME_QOQ_SQ":37.7318819118,"NET_PROFIT_RATIO_SQ":12.7582524566,"HOLDER_PROFIT_SQ":226239000,"HOLDER_PROFIT_QOQ_SQ":154.386911789509,"ROE_AVG_SQ":12.728713040631,"PE_TTM_SQ":4.064064109769,"PB_TTM_SQ":0.414747635397,"ROA_SQ":9.212494011588,"START_DATE":"2022-01-01 00:00:00","FISCAL_YEAR":"12-31","CURRENCY":"HKD","IS_CNY_CODE":0,"DPS_HKD_LY":0.123,"ORG_TYPE":"一般企业","PREMIUM_INCOME":null,"PREMIUM_INCOME_YOY":null,"NET_INTEREST_INCOME":null,"NET_INTEREST_INCOME_YOY":null,"FEE_COMMISSION_INCOME":null,"FEE_COMMISSION_INCOME_YOY":null,"ACCOUNTS_RECE_TDAYS":4.436877006957,"INVENTORY_TDAYS":5.823841595736,"CURRENT_ASSETS_TDAYS":2.020866461881,"TOTAL_ASSETS_TDAYS":0.736440354493,"PREMIUM_EXPENSE":null,"LOAN_DEPOSIT":null,"LOAN_EQUITY":null,"LOAN_ASSETS":null,"DEPOSIT_EQUITY":null,"DEPOSIT_ASSETS":null,"EQUITY_MULTIPLIER":1.521572087837,"EQUITY_RATIO":0.537568387476},{"SECUCODE":"01986.HK","SECURITY_CODE":"01986","SECURITY_NAME_ABBR":"彩客新能源","ORG_CODE":"10467822","STD_REPORT_DATE":"2022-06-30 00:00:00","REPORT_DATE":"2022-06-30 00:00:00","DATE_TYPE_CODE":"002","REPORT_TYPE":"2022年中报","PER_NETCASH_OPERATE":0.104422374055,"PER_OI":0.904046355978,"BPS":1.95101646071,"BASIC_EPS":0.08,"DILUTED_EPS":0.08,"OPERATE_INCOME":923237000,"OPERATE_INCOME_YOY":22.5401371885,"GROSS_PROFIT":262340000,"GROSS_PROFIT_YOY":22.365211226218,"HOLDER_PROFIT":79910000,"HOLDER_PROFIT_YOY":-3.7959139448,"GROSS_PROFIT_RATIO":28.415238990638,"EPS_TTM":0.218448876475,"OPERATE_INCOME_QOQ":9.534581321943,"NET_PROFIT_RATIO":9.1309165469,"ROE_AVG":4.239519312467,"GROSS_PROFIT_QOQ":8.874579859929,"ROA":3.125760317434,"HOLDER_PROFIT_QOQ":-1.393658918224,"ROE_YEARLY":8.479038624934,"ROIC_YEARLY":6.627851449371,"TOTAL_ASSETS":2544515000,"TOTAL_LIABILITIES":629912000,"TAX_EBT":21.785117832622,"OCF_SALES":11.55055527454,"TOTAL_PARENT_EQUITY":1894277000,"DEBT_ASSET_RATIO":24.7556803556,"OPERATE_PROFIT":126475000,"PRETAX_PROFIT":107780000,"NETCASH_OPERATE":106639000,"NETCASH_INVEST":-113939000,"NETCASH_FINANCE":-97685000,"END_CASH":73980000,"DIVI_RATIO":0.287040157917,"DIVIDEND_RATE":8.414634146341,"CURRENT_RATIO":1.192168059822,"COMMON_ACS":2000000000,"CURRENTDEBT_DEBT":94.408901560853,"ISSUED_COMMON_SHARES":970918000,"HK_COMMON_SHARES":970918000,"PER_SHARES":500,"TOTAL_MARKET_CAP":796152760,"HKSK_MARKET_CAP":796152760,"PE_TTM":58.69147435954,"PB_TTM":0.389218657549,"REPORT_DATE_SQ":"2021-06-30 00:00:00","REPORT_TYPE_SQ":"2021年中报","OPERATE_INCOME_SQ":753416000,"DPS_HKD":0.069,"OPERATE_INCOME_QOQ_SQ":1.403227855347,"NET_PROFIT_RATIO_SQ":11.0248521401,"HOLDER_PROFIT_SQ":83063000,"HOLDER_PROFIT_QOQ_SQ":-38.612597066437,"ROE_AVG_SQ":4.81101965201,"PE_TTM_SQ":4.064064109769,"PB_TTM_SQ":0.414747635397,"ROA_SQ":3.495187137873,"START_DATE":"2022-01-01 00:00:00","FISCAL_YEAR":"12-31","CURRENCY":"HKD","IS_CNY_CODE":0,"DPS_HKD_LY":0.123,"ORG_TYPE":"一般企业","PREMIUM_INCOME":null,"PREMIUM_INCOME_YOY":null,"NET_INTEREST_INCOME":null,"NET_INTEREST_INCOME_YOY":null,"FEE_COMMISSION_INCOME":null,"FEE_COMMISSION_INCOME_YOY":null,"ACCOUNTS_RECE_TDAYS":3.175806088208,"INVENTORY_TDAYS":2.650962979008,"CURRENT_ASSETS_TDAYS":1.138766845846,"TOTAL_ASSETS_TDAYS":0.36113347243,"PREMIUM_EXPENSE":null,"LOAN_DEPOSIT":null,"LOAN_EQUITY":null,"LOAN_ASSETS":null,"DEPOSIT_EQUITY":null,"DEPOSIT_ASSETS":null,"EQUITY_MULTIPLIER":1.329003976281,"EQUITY_RATIO":0.332534259773},{"SECUCODE":"01986.HK","SECURITY_CODE":"01986","SECURITY_NAME_ABBR":"彩客新能源","ORG_CODE":"10467822","STD_REPORT_DATE":"2021-12-31 00:00:00","REPORT_DATE":"2021-12-31 00:00:00","DATE_TYPE_CODE":"001","REPORT_TYPE":"2021年年报","PER_NETCASH_OPERATE":0.229414716615,"PER_OI":1.735539412719,"BPS":1.931666731897,"BASIC_EPS":0.22,"DILUTED_EPS":0.22,"OPERATE_INCOME":1781106000,"OPERATE_INCOME_YOY":39.6645740445,"GROSS_PROFIT":540296000,"GROSS_PROFIT_YOY":21.323498040801,"HOLDER_PROFIT":226239000,"HOLDER_PROFIT_YOY":56.1615185505,"GROSS_PROFIT_RATIO":30.334859351437,"EPS_TTM":0.220451057486,"OPERATE_INCOME_QOQ":37.7318819118,"NET_PROFIT_RATIO":12.7582524566,"ROE_AVG":12.728713040631,"GROSS_PROFIT_QOQ":53.167266243136,"ROA":9.212494011588,"HOLDER_PROFIT_QOQ":154.386911789509,"ROE_YEARLY":12.728713040631,"ROIC_YEARLY":9.805956156468,"TOTAL_ASSETS":2568481000,"TOTAL_LIABILITIES":677055000,"TAX_EBT":26.127649060983,"OCF_SALES":13.218640552556,"TOTAL_PARENT_EQUITY":1875490000,"DEBT_ASSET_RATIO":26.360132701,"OPERATE_PROFIT":334133000,"PRETAX_PROFIT":307609000,"NETCASH_OPERATE":235438000,"NETCASH_INVEST":-77767000,"NETCASH_FINANCE":-79428000,"END_CASH":180075000,"DIVI_RATIO":0.284433201252,"DIVIDEND_RATE":8.414634146341,"CURRENT_RATIO":1.432322512491,"COMMON_ACS":2000000000,"CURRENTDEBT_DEBT":94.094719040551,"ISSUED_COMMON_SHARES":970918000,"HK_COMMON_SHARES":970918000,"PER_SHARES":500,"TOTAL_MARKET_CAP":796152760,"HKSK_MARKET_CAP":796152760,"PE_TTM":58.69147435954,"PB_TTM":0.389218657549,"REPORT_DATE_SQ":"2020-12-31 00:00:00","REPORT_TYPE_SQ":"2020年年报","OPERATE_INCOME_SQ":1275274000,"DPS_HKD":0.069,"OPERATE_INCOME_QOQ_SQ":-13.750901193972,"NET_PROFIT_RATIO_SQ":11.3386613387,"HOLDER_PROFIT_SQ":144875000,"HOLDER_PROFIT_QOQ_SQ":-42.109742745487,"ROE_AVG_SQ":8.409624615835,"PE_TTM_SQ":4.064064109769,"PB_TTM_SQ":0.414747635397,"ROA_SQ":5.883860413509,"START_DATE":"2021-01-01 00:00:00","FISCAL_YEAR":"12-31","CURRENCY":"HKD","IS_CNY_CODE":0,"DPS_HKD_LY":0.047,"ORG_TYPE":"一般企业","PREMIUM_INCOME":null,"PREMIUM_INCOME_YOY":null,"NET_INTEREST_INCOME":null,"NET_INTEREST_INCOME_YOY":null,"FEE_COMMISSION_INCOME":null,"FEE_COMMISSION_INCOME_YOY":null,"ACCOUNTS_RECE_TDAYS":6.860579821235,"INVENTORY_TDAYS":5.657403396786,"CURRENT_ASSETS_TDAYS":2.283431173583,"TOTAL_ASSETS_TDAYS":0.725269664337,"PREMIUM_EXPENSE":null,"LOAN_DEPOSIT":null,"LOAN_EQUITY":null,"LOAN_ASSETS":null,"DEPOSIT_EQUITY":null,"DEPOSIT_ASSETS":null,"EQUITY_MULTIPLIER":1.357960078798,"EQUITY_RATIO":0.361001658233},{"SECUCODE":"01986.HK","SECURITY_CODE":"01986","SECURITY_NAME_ABBR":"彩客新能源","ORG_CODE":"10467822","STD_REPORT_DATE":"2021-06-30 00:00:00","REPORT_DATE":"2021-06-30 00:00:00","DATE_TYPE_CODE":"002","REPORT_TYPE":"2021年中报","PER_NETCASH_OPERATE":0.064315886881,"PER_OI":0.729274109867,"BPS":1.826867974432,"BASIC_EPS":0.08,"DILUTED_EPS":0.08,"OPERATE_INCOME":753416000,"OPERATE_INCOME_YOY":2.432969283,"GROSS_PROFIT":214391000,"GROSS_PROFIT_YOY":-30.160565775286,"HOLDER_PROFIT":83063000,"HOLDER_PROFIT_YOY":-40.2437357467,"GROSS_PROFIT_RATIO":28.45585971097,"EPS_TTM":0.0860852344,"OPERATE_INCOME_QOQ":1.403227855347,"NET_PROFIT_RATIO":11.0248521401,"ROE_AVG":4.81101965201,"GROSS_PROFIT_QOQ":-20.790191653474,"ROA":3.495187137873,"HOLDER_PROFIT_QOQ":-38.612597066437,"ROE_YEARLY":9.62203930402,"ROIC_YEARLY":7.306752674343,"TOTAL_ASSETS":2409905000,"TOTAL_LIABILITIES":636166000,"TAX_EBT":24.132293303131,"OCF_SALES":8.819164976587,"TOTAL_PARENT_EQUITY":1773739000,"DEBT_ASSET_RATIO":26.3979700445,"OPERATE_PROFIT":123228000,"PRETAX_PROFIT":109484000,"NETCASH_OPERATE":66445000,"NETCASH_INVEST":-25670000,"NETCASH_FINANCE":-37535000,"END_CASH":104562000,"DIVI_RATIO":0.728389722543,"DIVIDEND_RATE":8.414634146341,"CURRENT_RATIO":1.274466981002,"COMMON_ACS":2000000000,"CURRENTDEBT_DEBT":91.480525523213,"ISSUED_COMMON_SHARES":970918000,"HK_COMMON_SHARES":970918000,"PER_SHARES":500,"TOTAL_MARKET_CAP":796152760,"HKSK_MARKET_CAP":796152760,"PE_TTM":58.69147435954,"PB_TTM":0.389218657549,"REPORT_DATE_SQ":"2020-06-30 00:00:00","REPORT_TYPE_SQ":"2020年中报","OPERATE_INCOME_SQ":735521000,"DPS_HKD":0.069,"OPERATE_INCOME_QOQ_SQ":-18.684717493416,"NET_PROFIT_RATIO_SQ":18.8610522337,"HOLDER_PROFIT_SQ":139003000,"HOLDER_PROFIT_QOQ_SQ":-51.680835330075,"ROE_AVG_SQ":7.916573644188,"PE_TTM_SQ":4.064064109769,"PB_TTM_SQ":0.414747635397,"ROA_SQ":5.532750589384,"START_DATE":"2021-01-01 00:00:00","FISCAL_YEAR":"12-31","CURRENCY":"HKD","IS_CNY_CODE":0,"DPS_HKD_LY":0.047,"ORG_TYPE":"一般企业","PREMIUM_INCOME":null,"PREMIUM_INCOME_YOY":null,"NET_INTEREST_INCOME":null,"NET_INTEREST_INCOME_YOY":null,"FEE_COMMISSION_INCOME":null,"FEE_COMMISSION_INCOME_YOY":null,"ACCOUNTS_RECE_TDAYS":3.302696150955,"INVENTORY_TDAYS":2.722871056061,"CURRENT_ASSETS_TDAYS":1.084651868552,"TOTAL_ASSETS_TDAYS":0.317028028444,"PREMIUM_EXPENSE":null,"LOAN_DEPOSIT":null,"LOAN_EQUITY":null,"LOAN_ASSETS":null,"DEPOSIT_EQUITY":null,"DEPOSIT_ASSETS":null,"EQUITY_MULTIPLIER":1.358658179135,"EQUITY_RATIO":0.358658179135},{"SECUCODE":"01986.HK","SECURITY_CODE":"01986","SECURITY_NAME_ABBR":"彩客新能源","ORG_CODE":"10467822","STD_REPORT_DATE":"2020-12-31 00:00:00","REPORT_DATE":"2020-12-31 00:00:00","DATE_TYPE_CODE":"001","REPORT_TYPE":"2020年年报","PER_NETCASH_OPERATE":0.212210968112,"PER_OI":1.234410088433,"BPS":1.729591994381,"BASIC_EPS":0.14,"DILUTED_EPS":0.14,"OPERATE_INCOME":1275274000,"OPERATE_INCOME_YOY":-29.8663016465,"GROSS_PROFIT":445335000,"GROSS_PROFIT_YOY":-57.218693951816,"HOLDER_PROFIT":144875000,"HOLDER_PROFIT_YOY":-72.0279112693,"GROSS_PROFIT_RATIO":34.920730760605,"EPS_TTM":0.140232735523,"OPERATE_INCOME_QOQ":-13.750901193972,"NET_PROFIT_RATIO":11.3386613387,"ROE_AVG":8.409624615835,"GROSS_PROFIT_QOQ":-34.265082933439,"ROA":5.883860413509,"HOLDER_PROFIT_QOQ":-42.109742745487,"ROE_YEARLY":8.409624615835,"ROIC_YEARLY":6.141206851531,"TOTAL_ASSETS":2343088000,"TOTAL_LIABILITIES":663796000,"TAX_EBT":18.436059859095,"OCF_SALES":17.191285951098,"TOTAL_PARENT_EQUITY":1679292000,"DEBT_ASSET_RATIO":28.3299645596,"OPERATE_PROFIT":227968000,"PRETAX_PROFIT":177283000,"NETCASH_OPERATE":219236000,"NETCASH_INVEST":-39363000,"NETCASH_FINANCE":-185475000,"END_CASH":101240000,"DIVI_RATIO":0.447139533904,"DIVIDEND_RATE":8.414634146341,"CURRENT_RATIO":1.083543337918,"COMMON_ACS":2000000000,"CURRENTDEBT_DEBT":90.028562992245,"ISSUED_COMMON_SHARES":970918000,"HK_COMMON_SHARES":970918000,"PER_SHARES":500,"TOTAL_MARKET_CAP":796152760,"HKSK_MARKET_CAP":796152760,"PE_TTM":58.69147435954,"PB_TTM":0.389218657549,"REPORT_DATE_SQ":"2019-12-31 00:00:00","REPORT_TYPE_SQ":"2019年年报","OPERATE_INCOME_SQ":1818347000,"DPS_HKD":0.069,"OPERATE_INCOME_QOQ_SQ":-0.989642378365,"NET_PROFIT_RATIO_SQ":28.5030304997,"HOLDER_PROFIT_SQ":517927000,"HOLDER_PROFIT_QOQ_SQ":1.949317355086,"ROE_AVG_SQ":33.574274591356,"PE_TTM_SQ":4.064064109769,"PB_TTM_SQ":0.414747635397,"ROA_SQ":20.348563446275,"START_DATE":"2020-01-01 00:00:00","FISCAL_YEAR":"12-31","CURRENCY":"HKD","IS_CNY_CODE":0,"DPS_HKD_LY":0.182567,"ORG_TYPE":"一般企业","PREMIUM_INCOME":null,"PREMIUM_INCOME_YOY":null,"NET_INTEREST_INCOME":null,"NET_INTEREST_INCOME_YOY":null,"FEE_COMMISSION_INCOME":null,"FEE_COMMISSION_INCOME_YOY":null,"ACCOUNTS_RECE_TDAYS":5.066864265025,"INVENTORY_TDAYS":3.672337083375,"CURRENT_ASSETS_TDAYS":1.695893826611,"TOTAL_ASSETS_TDAYS":0.517931610352,"PREMIUM_EXPENSE":null,"LOAN_DEPOSIT":null,"LOAN_EQUITY":null,"LOAN_ASSETS":null,"DEPOSIT_EQUITY":null,"DEPOSIT_ASSETS":null,"EQUITY_MULTIPLIER":1.395283250322,"EQUITY_RATIO":0.395283250322},{"SECUCODE":"01986.HK","SECURITY_CODE":"01986","SECURITY_NAME_ABBR":"彩客新能源","ORG_CODE":"10467822","STD_REPORT_DATE":"2020-06-30 00:00:00","REPORT_DATE":"2020-06-30 00:00:00","DATE_TYPE_CODE":"002","REPORT_TYPE":"2020年中报","PER_NETCASH_OPERATE":0.149334111286,"PER_OI":0.71051410096,"BPS":1.797815057502,"BASIC_EPS":0.13,"DILUTED_EPS":0.13,"OPERATE_INCOME":735521000,"OPERATE_INCOME_YOY":-31.5968767031,"GROSS_PROFIT":306977000,"GROSS_PROFIT_YOY":-54.214177366984,"HOLDER_PROFIT":139003000,"HOLDER_PROFIT_YOY":-65.8193826966,"GROSS_PROFIT_RATIO":41.735993941709,"EPS_TTM":0.241749505287,"OPERATE_INCOME_QOQ":-18.684717493416,"NET_PROFIT_RATIO":18.8610522337,"ROE_AVG":7.916573644188,"GROSS_PROFIT_QOQ":-34.918445238372,"ROA":5.532750589384,"HOLDER_PROFIT_QOQ":-51.680835330075,"ROE_YEARLY":15.833147288376,"ROIC_YEARLY":11.584456994465,"TOTAL_ASSETS":2443334000,"TOTAL_LIABILITIES":697803000,"TAX_EBT":22.349220564776,"OCF_SALES":21.017754761591,"TOTAL_PARENT_EQUITY":1745531000,"DEBT_ASSET_RATIO":28.5594601475,"OPERATE_PROFIT":192258000,"PRETAX_PROFIT":178655000,"NETCASH_OPERATE":154590000,"NETCASH_INVEST":-49615000,"NETCASH_FINANCE":-89520000,"END_CASH":119976000,"DIVI_RATIO":0.259374263975,"DIVIDEND_RATE":8.414634146341,"CURRENT_RATIO":1.140614015614,"COMMON_ACS":2000000000,"CURRENTDEBT_DEBT":92.955748255597,"ISSUED_COMMON_SHARES":970918000,"HK_COMMON_SHARES":970918000,"PER_SHARES":500,"TOTAL_MARKET_CAP":796152760,"HKSK_MARKET_CAP":796152760,"PE_TTM":58.69147435954,"PB_TTM":0.389218657549,"REPORT_DATE_SQ":"2019-06-30 00:00:00","REPORT_TYPE_SQ":"2019年中报","OPERATE_INCOME_SQ":1075274000,"DPS_HKD":0.069,"OPERATE_INCOME_QOQ_SQ":21.152042177425,"NET_PROFIT_RATIO_SQ":37.8191047119,"HOLDER_PROFIT_SQ":406672000,"HOLDER_PROFIT_QOQ_SQ":127.914634748162,"ROE_AVG_SQ":27.327949573874,"PE_TTM_SQ":4.064064109769,"PB_TTM_SQ":0.414747635397,"ROA_SQ":16.201765106039,"START_DATE":"2020-01-01 00:00:00","FISCAL_YEAR":"12-31","CURRENCY":"HKD","IS_CNY_CODE":0,"DPS_HKD_LY":0.182567,"ORG_TYPE":"一般企业","PREMIUM_INCOME":null,"PREMIUM_INCOME_YOY":null,"NET_INTEREST_INCOME":null,"NET_INTEREST_INCOME_YOY":null,"FEE_COMMISSION_INCOME":null,"FEE_COMMISSION_INCOME_YOY":null,"ACCOUNTS_RECE_TDAYS":2.954154676006,"INVENTORY_TDAYS":1.771944949235,"CURRENT_ASSETS_TDAYS":0.921543839427,"TOTAL_ASSETS_TDAYS":0.292760173971,"PREMIUM_EXPENSE":null,"LOAN_DEPOSIT":null,"LOAN_EQUITY":null,"LOAN_ASSETS":null,"DEPOSIT_EQUITY":null,"DEPOSIT_ASSETS":null,"EQUITY_MULTIPLIER":1.39976545819,"EQUITY_RATIO":0.39976545819}],"count":23},"success":true,"message":"ok","code":0}