{"version":"a37cc9d59b417fb6bf95f61dba22d8f0","result":{"pages":3,"data":[{"SECUCODE":"01995.HK","SECURITY_CODE":"01995","SECURITY_NAME_ABBR":"永升服务","ORG_CODE":"10958707","STD_REPORT_DATE":"2024-06-30 00:00:00","REPORT_DATE":"2024-06-30 00:00:00","DATE_TYPE_CODE":"002","REPORT_TYPE":"2024年中报","PER_NETCASH_OPERATE":0.058079601194,"PER_OI":1.92715896228,"BPS":2.877733643265,"BASIC_EPS":0.15,"DILUTED_EPS":0.15,"OPERATE_INCOME":3371025000,"OPERATE_INCOME_YOY":5.8840767988,"GROSS_PROFIT":716757000,"GROSS_PROFIT_YOY":11.426919112698,"HOLDER_PROFIT":265053000,"HOLDER_PROFIT_YOY":10.2389419178,"GROSS_PROFIT_RATIO":21.262286693217,"EPS_TTM":0.262454122409,"OPERATE_INCOME_QOQ":2.865517498256,"NET_PROFIT_RATIO":9.6516341469,"ROE_AVG":5.383216496889,"GROSS_PROFIT_QOQ":5.866203567735,"ROA":3.002019842102,"HOLDER_PROFIT_QOQ":5.666187924653,"ROE_YEARLY":10.766432993778,"ROIC_YEARLY":8.586421491824,"TOTAL_ASSETS":8829068000,"TOTAL_LIABILITIES":3482620000,"TAX_EBT":22.141870888542,"OCF_SALES":3.013742111079,"TOTAL_PARENT_EQUITY":4974318000,"DEBT_ASSET_RATIO":39.4449334856,"OPERATE_PROFIT":419499000,"PRETAX_PROFIT":417887000,"NETCASH_OPERATE":101594000,"NETCASH_INVEST":22368000,"NETCASH_FINANCE":-204801000,"END_CASH":2256561000,"DIVI_RATIO":0.432435790904,"DIVIDEND_RATE":6.79347826087,"CURRENT_RATIO":1.63106158912,"COMMON_ACS":4000000000,"CURRENTDEBT_DEBT":97.606198781377,"ISSUED_COMMON_SHARES":1728554000,"HK_COMMON_SHARES":1728554000,"PER_SHARES":2000,"TOTAL_MARKET_CAP":3180539360,"HKSK_MARKET_CAP":3180539360,"PE_TTM":6.247819992679,"PB_TTM":0.583560331906,"REPORT_DATE_SQ":"2023-06-30 00:00:00","REPORT_TYPE_SQ":"2023年中报","OPERATE_INCOME_SQ":3183694000,"DPS_HKD":0.125,"OPERATE_INCOME_QOQ_SQ":0.331714644469,"NET_PROFIT_RATIO_SQ":9.2103700921,"HOLDER_PROFIT_SQ":240435000,"HOLDER_PROFIT_QOQ_SQ":-28.522570822164,"ROE_AVG_SQ":5.098104614459,"PE_TTM_SQ":6.566054167355,"PB_TTM_SQ":0.446838038539,"ROA_SQ":2.904666275971,"START_DATE":"2024-01-01 00:00:00","FISCAL_YEAR":"12-31","CURRENCY":"HKD","IS_CNY_CODE":0,"DPS_HKD_LY":0.125,"ORG_TYPE":"一般企业","PREMIUM_INCOME":null,"PREMIUM_INCOME_YOY":null,"NET_INTEREST_INCOME":null,"NET_INTEREST_INCOME_YOY":null,"FEE_COMMISSION_INCOME":null,"FEE_COMMISSION_INCOME_YOY":null,"ACCOUNTS_RECE_TDAYS":1.486779186481,"INVENTORY_TDAYS":821.500464252553,"CURRENT_ASSETS_TDAYS":0.612810739869,"TOTAL_ASSETS_TDAYS":0.381806051553,"PREMIUM_EXPENSE":null,"LOAN_DEPOSIT":null,"LOAN_EQUITY":null,"LOAN_ASSETS":null,"DEPOSIT_EQUITY":null,"DEPOSIT_ASSETS":null,"EQUITY_MULTIPLIER":1.65138948326,"EQUITY_RATIO":0.700120096866},{"SECUCODE":"01995.HK","SECURITY_CODE":"01995","SECURITY_NAME_ABBR":"永升服务","ORG_CODE":"10958707","STD_REPORT_DATE":"2023-12-31 00:00:00","REPORT_DATE":"2023-12-31 00:00:00","DATE_TYPE_CODE":"001","REPORT_TYPE":"2023年年报","PER_NETCASH_OPERATE":0.522005808303,"PER_OI":3.737336069791,"BPS":2.819157515472,"BASIC_EPS":0.2484,"DILUTED_EPS":0.2484,"OPERATE_INCOME":6537423000,"OPERATE_INCOME_YOY":4.1574902107,"GROSS_PROFIT":1253008000,"GROSS_PROFIT_YOY":-3.11416758745,"HOLDER_PROFIT":434472000,"HOLDER_PROFIT_YOY":-9.5059267544,"GROSS_PROFIT_RATIO":19.16669611252,"EPS_TTM":0.248380420988,"OPERATE_INCOME_QOQ":3.813126865979,"NET_PROFIT_RATIO":8.1066958647,"ROE_AVG":9.176711448173,"GROSS_PROFIT_QOQ":11.512204412224,"ROA":5.150100430467,"HOLDER_PROFIT_QOQ":26.6051035781,"ROE_YEARLY":9.176711448173,"ROIC_YEARLY":6.996772983405,"TOTAL_ASSETS":8829243000,"TOTAL_LIABILITIES":3615609000,"TAX_EBT":22.148560986215,"OCF_SALES":13.967323209772,"TOTAL_PARENT_EQUITY":4873066000,"DEBT_ASSET_RATIO":40.9503849877,"OPERATE_PROFIT":686612000,"PRETAX_PROFIT":680744000,"NETCASH_OPERATE":913103000,"NETCASH_INVEST":120833000,"NETCASH_FINANCE":-223769000,"END_CASH":2341510000,"DIVI_RATIO":0.456938415471,"DIVIDEND_RATE":6.188118811881,"CURRENT_RATIO":1.554075426588,"COMMON_ACS":4000000000,"CURRENTDEBT_DEBT":97.126265589006,"ISSUED_COMMON_SHARES":1728554000,"HK_COMMON_SHARES":1728554000,"PER_SHARES":2000,"TOTAL_MARKET_CAP":3491679080,"HKSK_MARKET_CAP":3491679080,"PE_TTM":6.859019774571,"PB_TTM":0.640647755679,"REPORT_DATE_SQ":"2022-12-31 00:00:00","REPORT_TYPE_SQ":"2022年年报","OPERATE_INCOME_SQ":6276479000,"DPS_HKD":0.125,"OPERATE_INCOME_QOQ_SQ":8.083944990228,"NET_PROFIT_RATIO_SQ":9.175399137,"HOLDER_PROFIT_SQ":480111000,"HOLDER_PROFIT_QOQ_SQ":-32.513894706658,"ROE_AVG_SQ":10.622206784251,"PE_TTM_SQ":6.076050125015,"PB_TTM_SQ":0.41349191626,"ROA_SQ":6.272017611934,"START_DATE":"2023-01-01 00:00:00","FISCAL_YEAR":"12-31","CURRENCY":"HKD","IS_CNY_CODE":0,"DPS_HKD_LY":0.0942,"ORG_TYPE":"一般企业","PREMIUM_INCOME":null,"PREMIUM_INCOME_YOY":null,"NET_INTEREST_INCOME":null,"NET_INTEREST_INCOME_YOY":null,"FEE_COMMISSION_INCOME":null,"FEE_COMMISSION_INCOME_YOY":null,"ACCOUNTS_RECE_TDAYS":3.30734961184,"INVENTORY_TDAYS":1711.27428756477,"CURRENT_ASSETS_TDAYS":1.264807955876,"TOTAL_ASSETS_TDAYS":0.774926462613,"PREMIUM_EXPENSE":null,"LOAN_DEPOSIT":null,"LOAN_EQUITY":null,"LOAN_ASSETS":null,"DEPOSIT_EQUITY":null,"DEPOSIT_ASSETS":null,"EQUITY_MULTIPLIER":1.693491142646,"EQUITY_RATIO":0.741957732565},{"SECUCODE":"01995.HK","SECURITY_CODE":"01995","SECURITY_NAME_ABBR":"永升服务","ORG_CODE":"10958707","STD_REPORT_DATE":"2023-06-30 00:00:00","REPORT_DATE":"2023-06-30 00:00:00","DATE_TYPE_CODE":"002","REPORT_TYPE":"2023年中报","PER_NETCASH_OPERATE":0.057215215925,"PER_OI":1.820064943232,"BPS":2.797935152735,"BASIC_EPS":0.14,"DILUTED_EPS":0.14,"OPERATE_INCOME":3183694000,"OPERATE_INCOME_YOY":0.6582620743,"GROSS_PROFIT":643253000,"GROSS_PROFIT_YOY":-20.867896442916,"HOLDER_PROFIT":240435000,"HOLDER_PROFIT_YOY":-36.2875124213,"GROSS_PROFIT_RATIO":20.204611372827,"EPS_TTM":0.196185156813,"OPERATE_INCOME_QOQ":0.331714644469,"NET_PROFIT_RATIO":9.2103700921,"ROE_AVG":5.098104614459,"GROSS_PROFIT_QOQ":-13.116386745979,"ROA":2.904666275971,"HOLDER_PROFIT_QOQ":-28.522570822164,"ROE_YEARLY":10.196209228919,"ROIC_YEARLY":7.540715583126,"TOTAL_ASSETS":8511959000,"TOTAL_LIABILITIES":3395639000,"TAX_EBT":22.578311471601,"OCF_SALES":3.143581009984,"TOTAL_PARENT_EQUITY":4836382000,"DEBT_ASSET_RATIO":39.8925676216,"OPERATE_PROFIT":382184000,"PRETAX_PROFIT":378744000,"NETCASH_OPERATE":100082000,"NETCASH_INVEST":144113000,"NETCASH_FINANCE":-28621000,"END_CASH":1750105000,"DIVI_RATIO":0.578507354195,"DIVIDEND_RATE":6.188118811881,"CURRENT_RATIO":1.659314906715,"COMMON_ACS":4000000000,"CURRENTDEBT_DEBT":95.631337724652,"ISSUED_COMMON_SHARES":1728554000,"HK_COMMON_SHARES":1728554000,"PER_SHARES":2000,"TOTAL_MARKET_CAP":3491679080,"HKSK_MARKET_CAP":3491679080,"PE_TTM":6.859019774571,"PB_TTM":0.640647755679,"REPORT_DATE_SQ":"2022-06-30 00:00:00","REPORT_TYPE_SQ":"2022年中报","OPERATE_INCOME_SQ":3162874000,"DPS_HKD":0.125,"OPERATE_INCOME_QOQ_SQ":23.480080870695,"NET_PROFIT_RATIO_SQ":13.8285938675,"HOLDER_PROFIT_SQ":377375000,"HOLDER_PROFIT_QOQ_SQ":15.30078734032,"ROE_AVG_SQ":8.328153639235,"PE_TTM_SQ":6.076050125015,"PB_TTM_SQ":0.41349191626,"ROA_SQ":4.990507621409,"START_DATE":"2023-01-01 00:00:00","FISCAL_YEAR":"12-31","CURRENCY":"HKD","IS_CNY_CODE":0,"DPS_HKD_LY":0.0942,"ORG_TYPE":"一般企业","PREMIUM_INCOME":null,"PREMIUM_INCOME_YOY":null,"NET_INTEREST_INCOME":null,"NET_INTEREST_INCOME_YOY":null,"FEE_COMMISSION_INCOME":null,"FEE_COMMISSION_INCOME_YOY":null,"ACCOUNTS_RECE_TDAYS":1.60305152866,"INVENTORY_TDAYS":737.642566782811,"CURRENT_ASSETS_TDAYS":0.620104798824,"TOTAL_ASSETS_TDAYS":0.384618237562,"PREMIUM_EXPENSE":null,"LOAN_DEPOSIT":null,"LOAN_EQUITY":null,"LOAN_ASSETS":null,"DEPOSIT_EQUITY":null,"DEPOSIT_ASSETS":null,"EQUITY_MULTIPLIER":1.66368776777,"EQUITY_RATIO":0.70210314239},{"SECUCODE":"01995.HK","SECURITY_CODE":"01995","SECURITY_NAME_ABBR":"永升服务","ORG_CODE":"10958707","STD_REPORT_DATE":"2022-12-31 00:00:00","REPORT_DATE":"2022-12-31 00:00:00","DATE_TYPE_CODE":"001","REPORT_TYPE":"2022年年报","PER_NETCASH_OPERATE":-0.582955260059,"PER_OI":3.588158722173,"BPS":2.65883912218,"BASIC_EPS":0.2742,"DILUTED_EPS":0.2742,"OPERATE_INCOME":6276479000,"OPERATE_INCOME_YOY":33.4621426822,"GROSS_PROFIT":1293283000,"GROSS_PROFIT_YOY":-0.506360275875,"HOLDER_PROFIT":480111000,"HOLDER_PROFIT_YOY":-22.1879892515,"GROSS_PROFIT_RATIO":20.605231053908,"EPS_TTM":0.274471478716,"OPERATE_INCOME_QOQ":8.083944990228,"NET_PROFIT_RATIO":9.175399137,"ROE_AVG":10.622206784251,"GROSS_PROFIT_QOQ":-13.574172284564,"ROA":6.272017611934,"HOLDER_PROFIT_QOQ":-32.513894706658,"ROE_YEARLY":10.622206784251,"ROIC_YEARLY":10.318790891517,"TOTAL_ASSETS":8043127000,"TOTAL_LIABILITIES":3210473000,"TAX_EBT":22.276956464234,"OCF_SALES":-16.246640831587,"TOTAL_PARENT_EQUITY":4595947000,"DEBT_ASSET_RATIO":39.9157317794,"OPERATE_PROFIT":744968000,"PRETAX_PROFIT":740954000,"NETCASH_OPERATE":-1019717000,"NETCASH_INVEST":-983609000,"NETCASH_FINANCE":-448456000,"END_CASH":1534374000,"DIVI_RATIO":0.413502184383,"DIVIDEND_RATE":6.188118811881,"CURRENT_RATIO":1.603280707184,"COMMON_ACS":4000000000,"CURRENTDEBT_DEBT":94.806403916183,"ISSUED_COMMON_SHARES":1728554000,"HK_COMMON_SHARES":1728554000,"PER_SHARES":2000,"TOTAL_MARKET_CAP":3491679080,"HKSK_MARKET_CAP":3491679080,"PE_TTM":6.859019774571,"PB_TTM":0.640647755679,"REPORT_DATE_SQ":"2021-12-31 00:00:00","REPORT_TYPE_SQ":"2021年年报","OPERATE_INCOME_SQ":4702816000,"DPS_HKD":0.125,"OPERATE_INCOME_QOQ_SQ":22.683799417836,"NET_PROFIT_RATIO_SQ":14.7259641883,"HOLDER_PROFIT_SQ":617014000,"HOLDER_PROFIT_QOQ_SQ":22.870769567772,"ROE_AVG_SQ":16.818678722415,"PE_TTM_SQ":6.076050125015,"PB_TTM_SQ":0.41349191626,"ROA_SQ":10.340734555931,"START_DATE":"2022-01-01 00:00:00","FISCAL_YEAR":"12-31","CURRENCY":"HKD","IS_CNY_CODE":0,"DPS_HKD_LY":0.2039,"ORG_TYPE":"一般企业","PREMIUM_INCOME":null,"PREMIUM_INCOME_YOY":null,"NET_INTEREST_INCOME":null,"NET_INTEREST_INCOME_YOY":null,"FEE_COMMISSION_INCOME":null,"FEE_COMMISSION_INCOME_YOY":null,"ACCOUNTS_RECE_TDAYS":4.903422602772,"INVENTORY_TDAYS":1525.3125191307,"CURRENT_ASSETS_TDAYS":1.229645637922,"TOTAL_ASSETS_TDAYS":0.819939281311,"PREMIUM_EXPENSE":null,"LOAN_DEPOSIT":null,"LOAN_EQUITY":null,"LOAN_ASSETS":null,"DEPOSIT_EQUITY":null,"DEPOSIT_ASSETS":null,"EQUITY_MULTIPLIER":1.664329165712,"EQUITY_RATIO":0.698544391395},{"SECUCODE":"01995.HK","SECURITY_CODE":"01995","SECURITY_NAME_ABBR":"永升服务","ORG_CODE":"10958707","STD_REPORT_DATE":"2022-06-30 00:00:00","REPORT_DATE":"2022-06-30 00:00:00","DATE_TYPE_CODE":"002","REPORT_TYPE":"2022年中报","PER_NETCASH_OPERATE":0.076708837935,"PER_OI":1.804741243546,"BPS":2.672071569647,"BASIC_EPS":0.22,"DILUTED_EPS":null,"OPERATE_INCOME":3162874000,"OPERATE_INCOME_YOY":53.6383327124,"GROSS_PROFIT":812885000,"GROSS_PROFIT_YOY":31.888626768904,"HOLDER_PROFIT":377375000,"HOLDER_PROFIT_YOY":33.3636077705,"GROSS_PROFIT_RATIO":25.700834114796,"EPS_TTM":0.405938594129,"OPERATE_INCOME_QOQ":23.480080870695,"NET_PROFIT_RATIO":13.8285938675,"ROE_AVG":8.328153639235,"GROSS_PROFIT_QOQ":15.120262488797,"ROA":4.990507621409,"HOLDER_PROFIT_QOQ":15.30078734032,"ROE_YEARLY":16.65630727847,"ROIC_YEARLY":22.272027101199,"TOTAL_ASSETS":7857220000,"TOTAL_LIABILITIES":2979470000,"TAX_EBT":22.624683338287,"OCF_SALES":4.250406434148,"TOTAL_PARENT_EQUITY":4618820000,"DEBT_ASSET_RATIO":37.9201549658,"OPERATE_PROFIT":567183000,"PRETAX_PROFIT":565272000,"NETCASH_OPERATE":134435000,"NETCASH_INVEST":-17923000,"NETCASH_FINANCE":-248047000,"END_CASH":3854251000,"DIVI_RATIO":0.279585527569,"DIVIDEND_RATE":6.188118811881,"CURRENT_RATIO":2.036112971685,"COMMON_ACS":4000000000,"CURRENTDEBT_DEBT":95.506851889766,"ISSUED_COMMON_SHARES":1728554000,"HK_COMMON_SHARES":1728554000,"PER_SHARES":2000,"TOTAL_MARKET_CAP":3491679080,"HKSK_MARKET_CAP":3491679080,"PE_TTM":6.859019774571,"PB_TTM":0.640647755679,"REPORT_DATE_SQ":"2021-06-30 00:00:00","REPORT_TYPE_SQ":"2021年中报","OPERATE_INCOME_SQ":2058649000,"DPS_HKD":0.125,"OPERATE_INCOME_QOQ_SQ":22.878813474836,"NET_PROFIT_RATIO_SQ":15.6428317795,"HOLDER_PROFIT_SQ":282967000,"HOLDER_PROFIT_QOQ_SQ":28.637555972252,"ROE_AVG_SQ":9.50733014963,"PE_TTM_SQ":6.076050125015,"PB_TTM_SQ":0.41349191626,"ROA_SQ":5.697035001793,"START_DATE":"2022-01-01 00:00:00","FISCAL_YEAR":"12-31","CURRENCY":"HKD","IS_CNY_CODE":0,"DPS_HKD_LY":0.2039,"ORG_TYPE":"一般企业","PREMIUM_INCOME":null,"PREMIUM_INCOME_YOY":null,"NET_INTEREST_INCOME":null,"NET_INTEREST_INCOME_YOY":null,"FEE_COMMISSION_INCOME":null,"FEE_COMMISSION_INCOME_YOY":null,"ACCOUNTS_RECE_TDAYS":3.073905940368,"INVENTORY_TDAYS":670.658961187215,"CURRENT_ASSETS_TDAYS":0.56872940735,"TOTAL_ASSETS_TDAYS":0.418266891091,"PREMIUM_EXPENSE":null,"LOAN_DEPOSIT":null,"LOAN_EQUITY":null,"LOAN_ASSETS":null,"DEPOSIT_EQUITY":null,"DEPOSIT_ASSETS":null,"EQUITY_MULTIPLIER":1.610828763263,"EQUITY_RATIO":0.645071684976},{"SECUCODE":"01995.HK","SECURITY_CODE":"01995","SECURITY_NAME_ABBR":"永升服务","ORG_CODE":"10958707","STD_REPORT_DATE":"2021-12-31 00:00:00","REPORT_DATE":"2021-12-31 00:00:00","DATE_TYPE_CODE":"001","REPORT_TYPE":"2021年年报","PER_NETCASH_OPERATE":0.47722130998,"PER_OI":2.681317277869,"BPS":2.570826829824,"BASIC_EPS":0.3663,"DILUTED_EPS":null,"OPERATE_INCOME":4702816000,"OPERATE_INCOME_YOY":50.7523970505,"GROSS_PROFIT":1299865000,"GROSS_PROFIT_YOY":32.70604497977,"HOLDER_PROFIT":617014000,"HOLDER_PROFIT_YOY":58.0579549763,"GROSS_PROFIT_RATIO":27.640141566245,"EPS_TTM":0.3517914158,"OPERATE_INCOME_QOQ":22.683799417836,"NET_PROFIT_RATIO":14.7259641883,"ROE_AVG":16.818678722415,"GROSS_PROFIT_QOQ":9.84629217585,"ROA":10.340734555931,"HOLDER_PROFIT_QOQ":22.870769567772,"ROE_YEARLY":16.818678722415,"ROIC_YEARLY":28.007275371542,"TOTAL_ASSETS":7266492000,"TOTAL_LIABILITIES":2574754000,"TAX_EBT":22.310421768585,"OCF_SALES":17.798017188,"TOTAL_PARENT_EQUITY":4443813000,"DEBT_ASSET_RATIO":35.4332461936,"OPERATE_PROFIT":894899000,"PRETAX_PROFIT":891413000,"NETCASH_OPERATE":837008000,"NETCASH_INVEST":-916996000,"NETCASH_FINANCE":908093000,"END_CASH":3985046000,"DIVI_RATIO":0.322618889781,"DIVIDEND_RATE":6.188118811881,"CURRENT_RATIO":2.185856804141,"COMMON_ACS":4000000000,"CURRENTDEBT_DEBT":94.680113129254,"ISSUED_COMMON_SHARES":1728554000,"HK_COMMON_SHARES":1728554000,"PER_SHARES":2000,"TOTAL_MARKET_CAP":3491679080,"HKSK_MARKET_CAP":3491679080,"PE_TTM":6.859019774571,"PB_TTM":0.640647755679,"REPORT_DATE_SQ":"2020-12-31 00:00:00","REPORT_TYPE_SQ":"2020年年报","OPERATE_INCOME_SQ":3119563000,"DPS_HKD":0.125,"OPERATE_INCOME_QOQ_SQ":24.041742712521,"NET_PROFIT_RATIO_SQ":14.1883975416,"HOLDER_PROFIT_SQ":390372000,"HOLDER_PROFIT_QOQ_SQ":28.192986316125,"ROE_AVG_SQ":19.3189817909,"PE_TTM_SQ":6.076050125015,"PB_TTM_SQ":0.41349191626,"ROA_SQ":10.926729539988,"START_DATE":"2021-01-01 00:00:00","FISCAL_YEAR":"12-31","CURRENCY":"HKD","IS_CNY_CODE":0,"DPS_HKD_LY":0.0838,"ORG_TYPE":"一般企业","PREMIUM_INCOME":null,"PREMIUM_INCOME_YOY":null,"NET_INTEREST_INCOME":null,"NET_INTEREST_INCOME_YOY":null,"FEE_COMMISSION_INCOME":null,"FEE_COMMISSION_INCOME_YOY":null,"ACCOUNTS_RECE_TDAYS":7.542946595838,"INVENTORY_TDAYS":958.847844463229,"CURRENT_ASSETS_TDAYS":1.015791060689,"TOTAL_ASSETS_TDAYS":0.788159943233,"PREMIUM_EXPENSE":null,"LOAN_DEPOSIT":null,"LOAN_EQUITY":null,"LOAN_ASSETS":null,"DEPOSIT_EQUITY":null,"DEPOSIT_ASSETS":null,"EQUITY_MULTIPLIER":1.548784693433,"EQUITY_RATIO":0.579401968535},{"SECUCODE":"01995.HK","SECURITY_CODE":"01995","SECURITY_NAME_ABBR":"永升服务","ORG_CODE":"10958707","STD_REPORT_DATE":"2021-06-30 00:00:00","REPORT_DATE":"2021-06-30 00:00:00","DATE_TYPE_CODE":"002","REPORT_TYPE":"2021年中报","PER_NETCASH_OPERATE":0.254602490421,"PER_OI":1.232428759579,"BPS":1.769787348269,"BASIC_EPS":0.17,"DILUTED_EPS":null,"OPERATE_INCOME":2058649000,"OPERATE_INCOME_YOY":53.0673715361,"GROSS_PROFIT":616342000,"GROSS_PROFIT_YOY":49.416242424242,"HOLDER_PROFIT":282967000,"HOLDER_PROFIT_YOY":65.3095680419,"GROSS_PROFIT_RATIO":29.939149413037,"EPS_TTM":0.300625598659,"OPERATE_INCOME_QOQ":22.878813474836,"NET_PROFIT_RATIO":15.6428317795,"ROE_AVG":9.50733014963,"GROSS_PROFIT_QOQ":20.810673124337,"ROA":5.697035001793,"HOLDER_PROFIT_QOQ":28.637555972252,"ROE_YEARLY":19.014660299261,"ROIC_YEARLY":32.290622103454,"TOTAL_ASSETS":5266667000,"TOTAL_LIABILITIES":2069483000,"TAX_EBT":24.357393353017,"OCF_SALES":20.658596973063,"TOTAL_PARENT_EQUITY":3059173000,"DEBT_ASSET_RATIO":39.2939785257,"OPERATE_PROFIT":430238000,"PRETAX_PROFIT":425727000,"NETCASH_OPERATE":425288000,"NETCASH_INVEST":-440509000,"NETCASH_FINANCE":-152264000,"END_CASH":2995980000,"DIVI_RATIO":0.377527916805,"DIVIDEND_RATE":6.188118811881,"CURRENT_RATIO":2.025765169431,"COMMON_ACS":4000000000,"CURRENTDEBT_DEBT":95.951694215415,"ISSUED_COMMON_SHARES":1728554000,"HK_COMMON_SHARES":1728554000,"PER_SHARES":2000,"TOTAL_MARKET_CAP":3491679080,"HKSK_MARKET_CAP":3491679080,"PE_TTM":6.859019774571,"PB_TTM":0.640647755679,"REPORT_DATE_SQ":"2020-06-30 00:00:00","REPORT_TYPE_SQ":"2020年中报","OPERATE_INCOME_SQ":1344930000,"DPS_HKD":0.125,"OPERATE_INCOME_QOQ_SQ":33.928029387237,"NET_PROFIT_RATIO_SQ":14.8703650004,"HOLDER_PROFIT_SQ":171174000,"HOLDER_PROFIT_QOQ_SQ":36.040117045277,"ROE_AVG_SQ":8.962465806429,"PE_TTM_SQ":6.076050125015,"PB_TTM_SQ":0.41349191626,"ROA_SQ":5.136968110248,"START_DATE":"2021-01-01 00:00:00","FISCAL_YEAR":"12-31","CURRENCY":"HKD","IS_CNY_CODE":0,"DPS_HKD_LY":0.0838,"ORG_TYPE":"一般企业","PREMIUM_INCOME":null,"PREMIUM_INCOME_YOY":null,"NET_INTEREST_INCOME":null,"NET_INTEREST_INCOME_YOY":null,"FEE_COMMISSION_INCOME":null,"FEE_COMMISSION_INCOME_YOY":null,"ACCOUNTS_RECE_TDAYS":3.605513400383,"INVENTORY_TDAYS":1156.62149157979,"CURRENT_ASSETS_TDAYS":0.517681107378,"TOTAL_ASSETS_TDAYS":0.414472196737,"PREMIUM_EXPENSE":null,"LOAN_DEPOSIT":null,"LOAN_EQUITY":null,"LOAN_ASSETS":null,"DEPOSIT_EQUITY":null,"DEPOSIT_ASSETS":null,"EQUITY_MULTIPLIER":1.647283046581,"EQUITY_RATIO":0.67648446165},{"SECUCODE":"01995.HK","SECURITY_CODE":"01995","SECURITY_NAME_ABBR":"永升服务","ORG_CODE":"10958707","STD_REPORT_DATE":"2020-12-31 00:00:00","REPORT_DATE":"2020-12-31 00:00:00","DATE_TYPE_CODE":"001","REPORT_TYPE":"2020年年报","PER_NETCASH_OPERATE":0.424509099617,"PER_OI":1.867554477969,"BPS":1.673904315399,"BASIC_EPS":0.2426,"DILUTED_EPS":null,"OPERATE_INCOME":3119563000,"OPERATE_INCOME_YOY":66.1266616325,"GROSS_PROFIT":979507000,"GROSS_PROFIT_YOY":76.36127605789,"HOLDER_PROFIT":390372000,"HOLDER_PROFIT_YOY":74.3938886283,"GROSS_PROFIT_RATIO":31.398852980369,"EPS_TTM":0.233699712644,"OPERATE_INCOME_QOQ":24.041742712521,"NET_PROFIT_RATIO":14.1883975416,"ROE_AVG":19.3189817909,"GROSS_PROFIT_QOQ":29.310073968266,"ROA":10.926729539988,"HOLDER_PROFIT_QOQ":28.192986316125,"ROE_YEARLY":19.3189817909,"ROIC_YEARLY":31.392978373158,"TOTAL_ASSETS":4667167000,"TOTAL_LIABILITIES":1649732000,"TAX_EBT":25.99867250497,"OCF_SALES":22.730747864364,"TOTAL_PARENT_EQUITY":2893434000,"DEBT_ASSET_RATIO":35.3476102312,"OPERATE_PROFIT":599617000,"PRETAX_PROFIT":598119000,"NETCASH_OPERATE":709100000,"NETCASH_INVEST":-12791000,"NETCASH_FINANCE":1272311000,"END_CASH":3170589000,"DIVI_RATIO":0.485642685291,"DIVIDEND_RATE":6.188118811881,"CURRENT_RATIO":2.483599482907,"COMMON_ACS":4000000000,"CURRENTDEBT_DEBT":95.936430886956,"ISSUED_COMMON_SHARES":1728554000,"HK_COMMON_SHARES":1728554000,"PER_SHARES":2000,"TOTAL_MARKET_CAP":3491679080,"HKSK_MARKET_CAP":3491679080,"PE_TTM":6.859019774571,"PB_TTM":0.640647755679,"REPORT_DATE_SQ":"2019-12-31 00:00:00","REPORT_TYPE_SQ":"2019年年报","OPERATE_INCOME_SQ":1877822000,"DPS_HKD":0.125,"OPERATE_INCOME_QOQ_SQ":39.612319761848,"NET_PROFIT_RATIO_SQ":13.2575931052,"HOLDER_PROFIT_SQ":223845000,"HOLDER_PROFIT_QOQ_SQ":49.386357721081,"ROE_AVG_SQ":21.872380092514,"PE_TTM_SQ":6.076050125015,"PB_TTM_SQ":0.41349191626,"ROA_SQ":11.274099965751,"START_DATE":"2020-01-01 00:00:00","FISCAL_YEAR":"12-31","CURRENCY":"HKD","IS_CNY_CODE":0,"DPS_HKD_LY":0.0479,"ORG_TYPE":"一般企业","PREMIUM_INCOME":null,"PREMIUM_INCOME_YOY":null,"NET_INTEREST_INCOME":null,"NET_INTEREST_INCOME_YOY":null,"FEE_COMMISSION_INCOME":null,"FEE_COMMISSION_INCOME_YOY":null,"ACCOUNTS_RECE_TDAYS":7.79273176008,"INVENTORY_TDAYS":null,"CURRENT_ASSETS_TDAYS":1.087201032289,"TOTAL_ASSETS_TDAYS":0.873183045504,"PREMIUM_EXPENSE":null,"LOAN_DEPOSIT":null,"LOAN_EQUITY":null,"LOAN_ASSETS":null,"DEPOSIT_EQUITY":null,"DEPOSIT_ASSETS":null,"EQUITY_MULTIPLIER":1.546733235347,"EQUITY_RATIO":0.570164033463},{"SECUCODE":"01995.HK","SECURITY_CODE":"01995","SECURITY_NAME_ABBR":"永升服务","ORG_CODE":"10958707","STD_REPORT_DATE":"2020-06-30 00:00:00","REPORT_DATE":"2020-06-30 00:00:00","DATE_TYPE_CODE":"002","REPORT_TYPE":"2020年中报","PER_NETCASH_OPERATE":0.143702705939,"PER_OI":0.805154454023,"BPS":1.545742857903,"BASIC_EPS":0.11,"DILUTED_EPS":null,"OPERATE_INCOME":1344930000,"OPERATE_INCOME_YOY":90.0096351908,"GROSS_PROFIT":412500000,"GROSS_PROFIT_YOY":96.044883584984,"HOLDER_PROFIT":171174000,"HOLDER_PROFIT_YOY":89.1425414365,"GROSS_PROFIT_RATIO":30.670741228168,"EPS_TTM":0.182303041188,"OPERATE_INCOME_QOQ":33.928029387237,"NET_PROFIT_RATIO":14.8703650004,"ROE_AVG":8.962465806429,"GROSS_PROFIT_QOQ":36.386339165787,"ROA":5.136968110248,"HOLDER_PROFIT_QOQ":36.040117045277,"ROE_YEARLY":17.924931612858,"ROIC_YEARLY":29.041583956838,"TOTAL_ASSETS":4186298000,"TOTAL_LIABILITIES":1404047000,"TAX_EBT":25.438060157776,"OCF_SALES":17.847843382184,"TOTAL_PARENT_EQUITY":2671900000,"DEBT_ASSET_RATIO":33.5391078227,"OPERATE_PROFIT":268975000,"PRETAX_PROFIT":268228000,"NETCASH_OPERATE":240041000,"NETCASH_INVEST":18532000,"NETCASH_FINANCE":1282821000,"END_CASH":2832732000,"DIVI_RATIO":0.6225598611,"DIVIDEND_RATE":6.188118811881,"CURRENT_RATIO":2.609107799356,"COMMON_ACS":4000000000,"CURRENTDEBT_DEBT":93.842727487043,"ISSUED_COMMON_SHARES":1728554000,"HK_COMMON_SHARES":1728554000,"PER_SHARES":2000,"TOTAL_MARKET_CAP":3491679080,"HKSK_MARKET_CAP":3491679080,"PE_TTM":6.859019774571,"PB_TTM":0.640647755679,"REPORT_DATE_SQ":"2019-06-30 00:00:00","REPORT_TYPE_SQ":"2019年中报","OPERATE_INCOME_SQ":707822000,"DPS_HKD":0.125,"OPERATE_INCOME_QOQ_SQ":25.022168930035,"NET_PROFIT_RATIO_SQ":12.7794841076,"HOLDER_PROFIT_SQ":90500000,"HOLDER_PROFIT_QOQ_SQ":49.066364242298,"ROE_AVG_SQ":9.459190387372,"PE_TTM_SQ":6.076050125015,"PB_TTM_SQ":0.41349191626,"ROA_SQ":5.483110504973,"START_DATE":"2020-01-01 00:00:00","FISCAL_YEAR":"12-31","CURRENCY":"HKD","IS_CNY_CODE":0,"DPS_HKD_LY":0.0479,"ORG_TYPE":"一般企业","PREMIUM_INCOME":null,"PREMIUM_INCOME_YOY":null,"NET_INTEREST_INCOME":null,"NET_INTEREST_INCOME_YOY":null,"FEE_COMMISSION_INCOME":null,"FEE_COMMISSION_INCOME_YOY":null,"ACCOUNTS_RECE_TDAYS":3.280605126304,"INVENTORY_TDAYS":null,"CURRENT_ASSETS_TDAYS":0.512776520552,"TOTAL_ASSETS_TDAYS":0.403616350644,"PREMIUM_EXPENSE":null,"LOAN_DEPOSIT":null,"LOAN_EQUITY":null,"LOAN_ASSETS":null,"DEPOSIT_EQUITY":null,"DEPOSIT_ASSETS":null,"EQUITY_MULTIPLIER":1.504644261067,"EQUITY_RATIO":0.525486358022}],"count":19},"success":true,"message":"ok","code":0}