{"version":"71c9528e51e6d2a94cad996c8f633df9","result":{"pages":2,"data":[{"SECUCODE":"01996.HK","SECURITY_CODE":"01996","SECURITY_NAME_ABBR":"弘阳地产","ORG_CODE":"10923357","STD_REPORT_DATE":"2024-06-30 00:00:00","REPORT_DATE":"2024-06-30 00:00:00","DATE_TYPE_CODE":"002","REPORT_TYPE":"2024年中报","PER_NETCASH_OPERATE":0.010976675538,"PER_OI":1.798927670147,"BPS":0.868888477576,"BASIC_EPS":-0.53,"DILUTED_EPS":-0.53,"OPERATE_INCOME":6006436000,"OPERATE_INCOME_YOY":-1.5135736943,"GROSS_PROFIT":532026000,"GROSS_PROFIT_YOY":516.491500480886,"HOLDER_PROFIT":-1784029000,"HOLDER_PROFIT_YOY":32.8149802082,"GROSS_PROFIT_RATIO":8.857598749075,"EPS_TTM":-1.899771421589,"OPERATE_INCOME_QOQ":-0.466332014714,"NET_PROFIT_RATIO":-28.4746894831,"ROE_AVG":-47.032982793036,"GROSS_PROFIT_QOQ":66.554529749133,"ROA":-2.510993952847,"HOLDER_PROFIT_QOQ":12.077991148672,"ROE_YEARLY":-94.065965586073,"ROIC_YEARLY":-6.0623153067,"TOTAL_ASSETS":67190997000,"TOTAL_LIABILITIES":54864859000,"TAX_EBT":-7.915233319116,"OCF_SALES":0.610178814858,"TOTAL_PARENT_EQUITY":2901130000,"DEBT_ASSET_RATIO":81.6550750095,"OPERATE_PROFIT":-428709000,"PRETAX_PROFIT":-1584868000,"NETCASH_OPERATE":36650000,"NETCASH_INVEST":487639000,"NETCASH_FINANCE":-936066000,"END_CASH":661700000,"DIVI_RATIO":null,"DIVIDEND_RATE":null,"CURRENT_RATIO":0.947079758951,"COMMON_ACS":100000000000,"CURRENTDEBT_DEBT":88.145750998832,"ISSUED_COMMON_SHARES":3338898000,"HK_COMMON_SHARES":3338898000,"PER_SHARES":1000,"TOTAL_MARKET_CAP":213689472,"HKSK_MARKET_CAP":213689472,"PE_TTM":-0.030372103122,"PB_TTM":0.06722556635,"REPORT_DATE_SQ":"2023-06-30 00:00:00","REPORT_TYPE_SQ":"2023年中报","OPERATE_INCOME_SQ":6098745000,"DPS_HKD":null,"OPERATE_INCOME_QOQ_SQ":-32.531015423143,"NET_PROFIT_RATIO_SQ":-46.6264780705,"HOLDER_PROFIT_SQ":-2655397000,"HOLDER_PROFIT_QOQ_SQ":-50.608318390734,"ROE_AVG_SQ":-25.061814619377,"PE_TTM_SQ":-0.037460995805,"PB_TTM_SQ":0.023915835444,"ROA_SQ":-2.716232902924,"START_DATE":"2024-01-01 00:00:00","FISCAL_YEAR":"12-31","CURRENCY":"HKD","IS_CNY_CODE":0,"DPS_HKD_LY":null,"ORG_TYPE":"一般企业","PREMIUM_INCOME":null,"PREMIUM_INCOME_YOY":null,"NET_INTEREST_INCOME":null,"NET_INTEREST_INCOME_YOY":null,"FEE_COMMISSION_INCOME":null,"FEE_COMMISSION_INCOME_YOY":null,"ACCOUNTS_RECE_TDAYS":1142.12511884389,"INVENTORY_TDAYS":0.225780386783,"CURRENT_ASSETS_TDAYS":0.122531966414,"TOTAL_ASSETS_TDAYS":0.084539682226,"PREMIUM_EXPENSE":null,"LOAN_DEPOSIT":null,"LOAN_EQUITY":null,"LOAN_ASSETS":null,"DEPOSIT_EQUITY":null,"DEPOSIT_ASSETS":null,"EQUITY_MULTIPLIER":5.451098876217,"EQUITY_RATIO":18.911547914089},{"SECUCODE":"01996.HK","SECURITY_CODE":"01996","SECURITY_NAME_ABBR":"弘阳地产","ORG_CODE":"10923357","STD_REPORT_DATE":"2023-12-31 00:00:00","REPORT_DATE":"2023-12-31 00:00:00","DATE_TYPE_CODE":"001","REPORT_TYPE":"2023年年报","PER_NETCASH_OPERATE":0.102504778523,"PER_OI":5.928511442997,"BPS":1.403205189257,"BASIC_EPS":-2.16,"DILUTED_EPS":-2.16,"OPERATE_INCOME":19794695000,"OPERATE_INCOME_YOY":-1.0929410901,"GROSS_PROFIT":-669717000,"GROSS_PROFIT_YOY":-140.209622686369,"HOLDER_PROFIT":-7214511000,"HOLDER_PROFIT_YOY":-85.8681908118,"GROSS_PROFIT_RATIO":-3.38331558026,"EPS_TTM":-2.160746150377,"OPERATE_INCOME_QOQ":46.59633538322,"NET_PROFIT_RATIO":-39.0997436434,"ROE_AVG":-86.878657332107,"GROSS_PROFIT_QOQ":-819.372640538129,"ROA":-8.168631594439,"HOLDER_PROFIT_QOQ":-23.411636752783,"ROE_YEARLY":-86.878657332107,"ROIC_YEARLY":-9.814788709804,"TOTAL_ASSETS":74906438000,"TOTAL_LIABILITIES":60082607000,"TAX_EBT":-11.476433410919,"OCF_SALES":1.729013758484,"TOTAL_PARENT_EQUITY":4685159000,"DEBT_ASSET_RATIO":80.2102043619,"OPERATE_PROFIT":-4399334000,"PRETAX_PROFIT":-6942880000,"NETCASH_OPERATE":342253000,"NETCASH_INVEST":1172235000,"NETCASH_FINANCE":-2903156000,"END_CASH":1074049000,"DIVI_RATIO":null,"DIVIDEND_RATE":null,"CURRENT_RATIO":0.981522738729,"COMMON_ACS":100000000000,"CURRENTDEBT_DEBT":88.578511581563,"ISSUED_COMMON_SHARES":3338898000,"HK_COMMON_SHARES":3338898000,"PER_SHARES":1000,"TOTAL_MARKET_CAP":227045064,"HKSK_MARKET_CAP":227045064,"PE_TTM":-0.032270359567,"PB_TTM":0.071427164247,"REPORT_DATE_SQ":"2022-12-31 00:00:00","REPORT_TYPE_SQ":"2022年年报","OPERATE_INCOME_SQ":20013430000,"DPS_HKD":null,"OPERATE_INCOME_QOQ_SQ":-23.937562110812,"NET_PROFIT_RATIO_SQ":-19.6758226851,"HOLDER_PROFIT_SQ":-3881520000,"HOLDER_PROFIT_QOQ_SQ":-2003.85048998352,"ROE_AVG_SQ":-28.035993942552,"PE_TTM_SQ":-0.048387119581,"PB_TTM_SQ":0.030891287449,"ROA_SQ":-3.310721798542,"START_DATE":"2023-01-01 00:00:00","FISCAL_YEAR":"12-31","CURRENCY":"HKD","IS_CNY_CODE":0,"DPS_HKD_LY":null,"ORG_TYPE":"一般企业","PREMIUM_INCOME":null,"PREMIUM_INCOME_YOY":null,"NET_INTEREST_INCOME":null,"NET_INTEREST_INCOME_YOY":null,"FEE_COMMISSION_INCOME":null,"FEE_COMMISSION_INCOME_YOY":null,"ACCOUNTS_RECE_TDAYS":4057.12133633941,"INVENTORY_TDAYS":0.599055046573,"CURRENT_ASSETS_TDAYS":0.314592423978,"TOTAL_ASSETS_TDAYS":0.224125475697,"PREMIUM_EXPENSE":null,"LOAN_DEPOSIT":null,"LOAN_EQUITY":null,"LOAN_ASSETS":null,"DEPOSIT_EQUITY":null,"DEPOSIT_ASSETS":null,"EQUITY_MULTIPLIER":5.053109280597,"EQUITY_RATIO":12.824027316896},{"SECUCODE":"01996.HK","SECURITY_CODE":"01996","SECURITY_NAME_ABBR":"弘阳地产","ORG_CODE":"10923357","STD_REPORT_DATE":"2023-06-30 00:00:00","REPORT_DATE":"2023-06-30 00:00:00","DATE_TYPE_CODE":"002","REPORT_TYPE":"2023年中报","PER_NETCASH_OPERATE":0.270638695761,"PER_OI":1.826574217002,"BPS":2.775673890008,"BASIC_EPS":-0.8,"DILUTED_EPS":-0.8,"OPERATE_INCOME":6098745000,"OPERATE_INCOME_YOY":-51.6330265945,"GROSS_PROFIT":86299000,"GROSS_PROFIT_YOY":-95.270530956186,"HOLDER_PROFIT":-2655397000,"HOLDER_PROFIT_YOY":-284.2693100828,"GROSS_PROFIT_RATIO":1.415028829702,"EPS_TTM":-1.750844739791,"OPERATE_INCOME_QOQ":-32.531015423143,"NET_PROFIT_RATIO":-46.6264780705,"ROE_AVG":-25.061814619377,"GROSS_PROFIT_QOQ":-104.373593569506,"ROA":-2.716232902924,"HOLDER_PROFIT_QOQ":-50.608318390734,"ROE_YEARLY":-50.123629238754,"ROIC_YEARLY":-6.472046392931,"TOTAL_ASSETS":93787604000,"TOTAL_LIABILITIES":73826597000,"TAX_EBT":-8.052394751101,"OCF_SALES":14.816736886032,"TOTAL_PARENT_EQUITY":9267692000,"DEBT_ASSET_RATIO":78.7167960917,"OPERATE_PROFIT":-1100489000,"PRETAX_PROFIT":-2631714000,"NETCASH_OPERATE":903635000,"NETCASH_INVEST":1533274000,"NETCASH_FINANCE":-3061953000,"END_CASH":1837969000,"DIVI_RATIO":null,"DIVIDEND_RATE":null,"CURRENT_RATIO":1.048965421756,"COMMON_ACS":100000000000,"CURRENTDEBT_DEBT":87.168801780204,"ISSUED_COMMON_SHARES":3338898000,"HK_COMMON_SHARES":3338898000,"PER_SHARES":1000,"TOTAL_MARKET_CAP":227045064,"HKSK_MARKET_CAP":227045064,"PE_TTM":-0.032270359567,"PB_TTM":0.071427164247,"REPORT_DATE_SQ":"2022-06-30 00:00:00","REPORT_TYPE_SQ":"2022年中报","OPERATE_INCOME_SQ":12609317000,"DPS_HKD":null,"OPERATE_INCOME_QOQ_SQ":-1.331740651988,"NET_PROFIT_RATIO_SQ":-3.2156063647,"HOLDER_PROFIT_SQ":-691025000,"HOLDER_PROFIT_QOQ_SQ":-114.808964232967,"ROE_AVG_SQ":-4.477869062449,"PE_TTM_SQ":-0.048387119581,"PB_TTM_SQ":0.030891287449,"ROA_SQ":-0.547078386078,"START_DATE":"2023-01-01 00:00:00","FISCAL_YEAR":"12-31","CURRENCY":"HKD","IS_CNY_CODE":0,"DPS_HKD_LY":null,"ORG_TYPE":"一般企业","PREMIUM_INCOME":null,"PREMIUM_INCOME_YOY":null,"NET_INTEREST_INCOME":null,"NET_INTEREST_INCOME_YOY":null,"FEE_COMMISSION_INCOME":null,"FEE_COMMISSION_INCOME_YOY":null,"ACCOUNTS_RECE_TDAYS":994.49571952711,"INVENTORY_TDAYS":0.148882346591,"CURRENT_ASSETS_TDAYS":0.086438737126,"TOTAL_ASSETS_TDAYS":0.062384689881,"PREMIUM_EXPENSE":null,"LOAN_DEPOSIT":null,"LOAN_EQUITY":null,"LOAN_ASSETS":null,"DEPOSIT_EQUITY":null,"DEPOSIT_ASSETS":null,"EQUITY_MULTIPLIER":4.698540709888,"EQUITY_RATIO":7.966017537052},{"SECUCODE":"01996.HK","SECURITY_CODE":"01996","SECURITY_NAME_ABBR":"弘阳地产","ORG_CODE":"10923357","STD_REPORT_DATE":"2022-12-31 00:00:00","REPORT_DATE":"2022-12-31 00:00:00","DATE_TYPE_CODE":"001","REPORT_TYPE":"2022年年报","PER_NETCASH_OPERATE":0.488593242441,"PER_OI":5.994022578707,"BPS":3.570965030977,"BASIC_EPS":-1.16,"DILUTED_EPS":-1.16,"OPERATE_INCOME":20013430000,"OPERATE_INCOME_YOY":-24.9505165171,"GROSS_PROFIT":1665564000,"GROSS_PROFIT_YOY":-67.221617826032,"HOLDER_PROFIT":-3881520000,"HOLDER_PROFIT_YOY":-411.5584665768,"GROSS_PROFIT_RATIO":8.322231621466,"EPS_TTM":-1.162515296963,"OPERATE_INCOME_QOQ":-23.937562110812,"NET_PROFIT_RATIO":-19.6758226851,"ROE_AVG":-28.035993942552,"GROSS_PROFIT_QOQ":-60.114180893379,"ROA":-3.310721798542,"HOLDER_PROFIT_QOQ":-2003.85048998352,"ROE_YEARLY":-28.035993942552,"ROIC_YEARLY":-4.179759508764,"TOTAL_ASSETS":101732964000,"TOTAL_LIABILITIES":77934497000,"TAX_EBT":-18.052977746013,"OCF_SALES":8.151341374267,"TOTAL_PARENT_EQUITY":11923088000,"DEBT_ASSET_RATIO":76.6069265415,"OPERATE_PROFIT":-776880000,"PRETAX_PROFIT":-3335627000,"NETCASH_OPERATE":1631363000,"NETCASH_INVEST":1615674000,"NETCASH_FINANCE":-14704672000,"END_CASH":2462494000,"DIVI_RATIO":null,"DIVIDEND_RATE":null,"CURRENT_RATIO":1.10514439858,"COMMON_ACS":100000000000,"CURRENTDEBT_DEBT":85.46090828045,"ISSUED_COMMON_SHARES":3338898000,"HK_COMMON_SHARES":3338898000,"PER_SHARES":1000,"TOTAL_MARKET_CAP":227045064,"HKSK_MARKET_CAP":227045064,"PE_TTM":-0.032270359567,"PB_TTM":0.071427164247,"REPORT_DATE_SQ":"2021-12-31 00:00:00","REPORT_TYPE_SQ":"2021年年报","OPERATE_INCOME_SQ":26666979000,"DPS_HKD":null,"OPERATE_INCOME_QOQ_SQ":13.479688643184,"NET_PROFIT_RATIO_SQ":6.9961093081,"HOLDER_PROFIT_SQ":1245840000,"HOLDER_PROFIT_QOQ_SQ":-27.68768210998,"ROE_AVG_SQ":8.051495603891,"PE_TTM_SQ":-0.048387119581,"PB_TTM_SQ":0.030891287449,"ROA_SQ":0.989570823934,"START_DATE":"2022-01-01 00:00:00","FISCAL_YEAR":"12-31","CURRENCY":"HKD","IS_CNY_CODE":0,"DPS_HKD_LY":null,"ORG_TYPE":"一般企业","PREMIUM_INCOME":null,"PREMIUM_INCOME_YOY":null,"NET_INTEREST_INCOME":null,"NET_INTEREST_INCOME_YOY":null,"FEE_COMMISSION_INCOME":null,"FEE_COMMISSION_INCOME_YOY":null,"ACCOUNTS_RECE_TDAYS":4002.686,"INVENTORY_TDAYS":0.401950944101,"CURRENT_ASSETS_TDAYS":0.227721096271,"TOTAL_ASSETS_TDAYS":0.170703484626,"PREMIUM_EXPENSE":null,"LOAN_DEPOSIT":null,"LOAN_EQUITY":null,"LOAN_ASSETS":null,"DEPOSIT_EQUITY":null,"DEPOSIT_ASSETS":null,"EQUITY_MULTIPLIER":4.274769631165,"EQUITY_RATIO":6.536435611311},{"SECUCODE":"01996.HK","SECURITY_CODE":"01996","SECURITY_NAME_ABBR":"弘阳地产","ORG_CODE":"10923357","STD_REPORT_DATE":"2022-06-30 00:00:00","REPORT_DATE":"2022-06-30 00:00:00","DATE_TYPE_CODE":"002","REPORT_TYPE":"2022年中报","PER_NETCASH_OPERATE":0.0795852404,"PER_OI":3.776490626548,"BPS":4.521716746064,"BASIC_EPS":-0.21,"DILUTED_EPS":-0.21,"OPERATE_INCOME":12609317000,"OPERATE_INCOME_YOY":-2.7392981979,"GROSS_PROFIT":1824708000,"GROSS_PROFIT_YOY":-33.164943084047,"HOLDER_PROFIT":-691025000,"HOLDER_PROFIT_YOY":-193.468783773,"GROSS_PROFIT_RATIO":14.471108942697,"EPS_TTM":-0.055256554708,"OPERATE_INCOME_QOQ":-1.331740651988,"NET_PROFIT_RATIO":-3.2156063647,"ROE_AVG":-4.477869062449,"GROSS_PROFIT_QOQ":-17.819458373546,"ROA":-0.547078386078,"HOLDER_PROFIT_QOQ":-114.808964232967,"ROE_YEARLY":-8.955738124899,"ROIC_YEARLY":-1.412323926009,"TOTAL_ASSETS":119874928000,"TOTAL_LIABILITIES":89387550000,"TAX_EBT":601.677761005667,"OCF_SALES":2.107386149464,"TOTAL_PARENT_EQUITY":15097551000,"DEBT_ASSET_RATIO":74.5673440571,"OPERATE_PROFIT":1677665000,"PRETAX_PROFIT":80822000,"NETCASH_OPERATE":265727000,"NETCASH_INVEST":1206955000,"NETCASH_FINANCE":-8762014000,"END_CASH":6616403000,"DIVI_RATIO":null,"DIVIDEND_RATE":null,"CURRENT_RATIO":1.266286644037,"COMMON_ACS":100000000000,"CURRENTDEBT_DEBT":79.714349481555,"ISSUED_COMMON_SHARES":3338898000,"HK_COMMON_SHARES":3338898000,"PER_SHARES":1000,"TOTAL_MARKET_CAP":227045064,"HKSK_MARKET_CAP":227045064,"PE_TTM":-0.032270359567,"PB_TTM":0.071427164247,"REPORT_DATE_SQ":"2021-06-30 00:00:00","REPORT_TYPE_SQ":"2021年中报","OPERATE_INCOME_SQ":12964452000,"DPS_HKD":null,"OPERATE_INCOME_QOQ_SQ":16.571702710408,"NET_PROFIT_RATIO_SQ":7.6360265748,"HOLDER_PROFIT_SQ":739311000,"HOLDER_PROFIT_QOQ_SQ":3.726323280354,"ROE_AVG_SQ":4.814735411009,"PE_TTM_SQ":-0.048387119581,"PB_TTM_SQ":0.030891287449,"ROA_SQ":0.59465274379,"START_DATE":"2022-01-01 00:00:00","FISCAL_YEAR":"12-31","CURRENCY":"HKD","IS_CNY_CODE":0,"DPS_HKD_LY":null,"ORG_TYPE":"一般企业","PREMIUM_INCOME":null,"PREMIUM_INCOME_YOY":null,"NET_INTEREST_INCOME":null,"NET_INTEREST_INCOME_YOY":null,"FEE_COMMISSION_INCOME":null,"FEE_COMMISSION_INCOME_YOY":null,"ACCOUNTS_RECE_TDAYS":3085.22559334475,"INVENTORY_TDAYS":0.238011680077,"CURRENT_ASSETS_TDAYS":0.131078218168,"TOTAL_ASSETS_TDAYS":0.099826848434,"PREMIUM_EXPENSE":null,"LOAN_DEPOSIT":null,"LOAN_EQUITY":null,"LOAN_ASSETS":null,"DEPOSIT_EQUITY":null,"DEPOSIT_ASSETS":null,"EQUITY_MULTIPLIER":3.931952692024,"EQUITY_RATIO":5.920665543703},{"SECUCODE":"01996.HK","SECURITY_CODE":"01996","SECURITY_NAME_ABBR":"弘阳地产","ORG_CODE":"10923357","STD_REPORT_DATE":"2021-12-31 00:00:00","REPORT_DATE":"2021-12-31 00:00:00","DATE_TYPE_CODE":"001","REPORT_TYPE":"2021年年报","PER_NETCASH_OPERATE":0.109708608458,"PER_OI":7.987389756592,"BPS":4.722055001381,"BASIC_EPS":0.37,"DILUTED_EPS":0.37,"OPERATE_INCOME":26666979000,"OPERATE_INCOME_YOY":32.2852052818,"GROSS_PROFIT":5081288000,"GROSS_PROFIT_YOY":12.723576460232,"HOLDER_PROFIT":1245840000,"HOLDER_PROFIT_YOY":-24.9930913739,"GROSS_PROFIT_RATIO":19.054606822918,"EPS_TTM":0.373158491419,"OPERATE_INCOME_QOQ":13.479688643184,"NET_PROFIT_RATIO":6.9961093081,"ROE_AVG":8.051495603891,"GROSS_PROFIT_QOQ":5.783517692805,"ROA":0.989570823934,"HOLDER_PROFIT_QOQ":-27.68768210998,"ROE_YEARLY":8.051495603891,"ROIC_YEARLY":1.318160737261,"TOTAL_ASSETS":132748834000,"TOTAL_LIABILITIES":101002979000,"TAX_EBT":40.295576181863,"OCF_SALES":1.373522662616,"TOTAL_PARENT_EQUITY":15766460000,"DEBT_ASSET_RATIO":76.0857748852,"OPERATE_PROFIT":3766616000,"PRETAX_PROFIT":3124812000,"NETCASH_OPERATE":366277000,"NETCASH_INVEST":-2586795000,"NETCASH_FINANCE":3735184000,"END_CASH":13887798000,"DIVI_RATIO":null,"DIVIDEND_RATE":null,"CURRENT_RATIO":1.376575951259,"COMMON_ACS":100000000000,"CURRENTDEBT_DEBT":73.479697069133,"ISSUED_COMMON_SHARES":3338898000,"HK_COMMON_SHARES":3338898000,"PER_SHARES":1000,"TOTAL_MARKET_CAP":227045064,"HKSK_MARKET_CAP":227045064,"PE_TTM":-0.032270359567,"PB_TTM":0.071427164247,"REPORT_DATE_SQ":"2020-12-31 00:00:00","REPORT_TYPE_SQ":"2020年年报","OPERATE_INCOME_SQ":20158701000,"DPS_HKD":null,"OPERATE_INCOME_QOQ_SQ":-3.481386435589,"NET_PROFIT_RATIO_SQ":9.201684176,"HOLDER_PROFIT_SQ":1660967000,"HOLDER_PROFIT_QOQ_SQ":18.478015863958,"ROE_AVG_SQ":11.428115552997,"PE_TTM_SQ":-0.048387119581,"PB_TTM_SQ":0.030891287449,"ROA_SQ":1.549104217119,"START_DATE":"2021-01-01 00:00:00","FISCAL_YEAR":"12-31","CURRENCY":"HKD","IS_CNY_CODE":0,"DPS_HKD_LY":0.145,"ORG_TYPE":"一般企业","PREMIUM_INCOME":null,"PREMIUM_INCOME_YOY":null,"NET_INTEREST_INCOME":null,"NET_INTEREST_INCOME_YOY":null,"FEE_COMMISSION_INCOME":null,"FEE_COMMISSION_INCOME_YOY":null,"ACCOUNTS_RECE_TDAYS":4565.48176682075,"INVENTORY_TDAYS":0.441156519428,"CURRENT_ASSETS_TDAYS":0.274214552506,"TOTAL_ASSETS_TDAYS":0.211815838156,"PREMIUM_EXPENSE":null,"LOAN_DEPOSIT":null,"LOAN_EQUITY":null,"LOAN_ASSETS":null,"DEPOSIT_EQUITY":null,"DEPOSIT_ASSETS":null,"EQUITY_MULTIPLIER":4.181611552118,"EQUITY_RATIO":6.406192575886},{"SECUCODE":"01996.HK","SECURITY_CODE":"01996","SECURITY_NAME_ABBR":"弘阳地产","ORG_CODE":"10923357","STD_REPORT_DATE":"2021-06-30 00:00:00","REPORT_DATE":"2021-06-30 00:00:00","DATE_TYPE_CODE":"002","REPORT_TYPE":"2021年中报","PER_NETCASH_OPERATE":-0.564613447189,"PER_OI":3.89096435768,"BPS":4.651238522411,"BASIC_EPS":0.22,"DILUTED_EPS":0.22,"OPERATE_INCOME":12964452000,"OPERATE_INCOME_YOY":34.7122325332,"GROSS_PROFIT":2730166000,"GROSS_PROFIT_YOY":12.148059299302,"HOLDER_PROFIT":739311000,"HOLDER_PROFIT_YOY":9.1366039875,"GROSS_PROFIT_RATIO":21.058861570084,"EPS_TTM":0.517074447364,"OPERATE_INCOME_QOQ":16.571702710408,"NET_PROFIT_RATIO":7.6360265748,"ROE_AVG":4.814735411009,"GROSS_PROFIT_QOQ":6.560623922132,"ROA":0.59465274379,"HOLDER_PROFIT_QOQ":3.726323280354,"ROE_YEARLY":9.629470822017,"ROIC_YEARLY":1.593031035717,"TOTAL_ASSETS":129607849000,"TOTAL_LIABILITIES":99384781000,"TAX_EBT":42.632009907009,"OCF_SALES":-14.510887155122,"TOTAL_PARENT_EQUITY":15530011000,"DEBT_ASSET_RATIO":76.6811437477,"OPERATE_PROFIT":2184989000,"PRETAX_PROFIT":1725647000,"NETCASH_OPERATE":-1881257000,"NETCASH_INVEST":287008000,"NETCASH_FINANCE":3171828000,"END_CASH":13968826000,"DIVI_RATIO":null,"DIVIDEND_RATE":null,"CURRENT_RATIO":1.397785492306,"COMMON_ACS":100000000000,"CURRENTDEBT_DEBT":72.519690917264,"ISSUED_COMMON_SHARES":3338898000,"HK_COMMON_SHARES":3338898000,"PER_SHARES":1000,"TOTAL_MARKET_CAP":227045064,"HKSK_MARKET_CAP":227045064,"PE_TTM":-0.032270359567,"PB_TTM":0.071427164247,"REPORT_DATE_SQ":"2020-06-30 00:00:00","REPORT_TYPE_SQ":"2020年中报","OPERATE_INCOME_SQ":9623812000,"DPS_HKD":null,"OPERATE_INCOME_QOQ_SQ":37.682908065694,"NET_PROFIT_RATIO_SQ":9.3005557465,"HOLDER_PROFIT_SQ":677418000,"HOLDER_PROFIT_QOQ_SQ":-4.472404782104,"ROE_AVG_SQ":4.822452297059,"PE_TTM_SQ":-0.048387119581,"PB_TTM_SQ":0.030891287449,"ROA_SQ":0.687409741181,"START_DATE":"2021-01-01 00:00:00","FISCAL_YEAR":"12-31","CURRENCY":"HKD","IS_CNY_CODE":0,"DPS_HKD_LY":0.145,"ORG_TYPE":"一般企业","PREMIUM_INCOME":null,"PREMIUM_INCOME_YOY":null,"NET_INTEREST_INCOME":null,"NET_INTEREST_INCOME_YOY":null,"FEE_COMMISSION_INCOME":null,"FEE_COMMISSION_INCOME_YOY":null,"ACCOUNTS_RECE_TDAYS":2545.79322533137,"INVENTORY_TDAYS":0.211097321964,"CURRENT_ASSETS_TDAYS":0.13429403116,"TOTAL_ASSETS_TDAYS":0.104277455002,"PREMIUM_EXPENSE":null,"LOAN_DEPOSIT":null,"LOAN_EQUITY":null,"LOAN_ASSETS":null,"DEPOSIT_EQUITY":null,"DEPOSIT_ASSETS":null,"EQUITY_MULTIPLIER":4.28837499224,"EQUITY_RATIO":6.39953062493},{"SECUCODE":"01996.HK","SECURITY_CODE":"01996","SECURITY_NAME_ABBR":"弘阳地产","ORG_CODE":"10923357","STD_REPORT_DATE":"2020-12-31 00:00:00","REPORT_DATE":"2020-12-31 00:00:00","DATE_TYPE_CODE":"001","REPORT_TYPE":"2020年年报","PER_NETCASH_OPERATE":-1.675518016777,"PER_OI":6.067455125479,"BPS":4.546511154279,"BASIC_EPS":0.5,"DILUTED_EPS":0.5,"OPERATE_INCOME":20158701000,"OPERATE_INCOME_YOY":32.8896339802,"GROSS_PROFIT":4507742000,"GROSS_PROFIT_YOY":18.212197794907,"HOLDER_PROFIT":1660967000,"HOLDER_PROFIT_YOY":13.1791994167,"GROSS_PROFIT_RATIO":22.361272187132,"EPS_TTM":0.499925205369,"OPERATE_INCOME_QOQ":-3.481386435589,"NET_PROFIT_RATIO":9.201684176,"ROE_AVG":11.428115552997,"GROSS_PROFIT_QOQ":-11.878200413891,"ROA":1.549104217119,"HOLDER_PROFIT_QOQ":18.478015863958,"ROE_YEARLY":11.428115552997,"ROIC_YEARLY":1.94442873808,"TOTAL_ASSETS":119045170000,"TOTAL_LIABILITIES":91641586000,"TAX_EBT":41.287048516825,"OCF_SALES":-27.61483986493,"TOTAL_PARENT_EQUITY":15180337000,"DEBT_ASSET_RATIO":76.9805158832,"OPERATE_PROFIT":3441673000,"PRETAX_PROFIT":3159337000,"NETCASH_OPERATE":-2493278000,"NETCASH_INVEST":-818987000,"NETCASH_FINANCE":7164667000,"END_CASH":12409052000,"DIVI_RATIO":null,"DIVIDEND_RATE":null,"CURRENT_RATIO":1.389472002252,"COMMON_ACS":100000000000,"CURRENTDEBT_DEBT":72.512215142152,"ISSUED_COMMON_SHARES":3338898000,"HK_COMMON_SHARES":3338898000,"PER_SHARES":1000,"TOTAL_MARKET_CAP":227045064,"HKSK_MARKET_CAP":227045064,"PE_TTM":-0.032270359567,"PB_TTM":0.071427164247,"REPORT_DATE_SQ":"2019-12-31 00:00:00","REPORT_TYPE_SQ":"2019年年报","OPERATE_INCOME_SQ":15169506000,"DPS_HKD":null,"OPERATE_INCOME_QOQ_SQ":63.420690659659,"NET_PROFIT_RATIO_SQ":10.7838712744,"HOLDER_PROFIT_SQ":1467555000,"HOLDER_PROFIT_QOQ_SQ":-2.41425077567,"ROE_AVG_SQ":11.041449968306,"PE_TTM_SQ":-0.048387119581,"PB_TTM_SQ":0.030891287449,"ROA_SQ":1.797162204153,"START_DATE":"2020-01-01 00:00:00","FISCAL_YEAR":"12-31","CURRENCY":"HKD","IS_CNY_CODE":0,"DPS_HKD_LY":0.124,"ORG_TYPE":"一般企业","PREMIUM_INCOME":null,"PREMIUM_INCOME_YOY":null,"NET_INTEREST_INCOME":null,"NET_INTEREST_INCOME_YOY":null,"FEE_COMMISSION_INCOME":null,"FEE_COMMISSION_INCOME_YOY":null,"ACCOUNTS_RECE_TDAYS":2914.37053635969,"INVENTORY_TDAYS":0.36897196282,"CURRENT_ASSETS_TDAYS":0.241957244816,"TOTAL_ASSETS_TDAYS":0.188010530798,"PREMIUM_EXPENSE":null,"LOAN_DEPOSIT":null,"LOAN_EQUITY":null,"LOAN_ASSETS":null,"DEPOSIT_EQUITY":null,"DEPOSIT_ASSETS":null,"EQUITY_MULTIPLIER":4.3441460066,"EQUITY_RATIO":6.036861105257},{"SECUCODE":"01996.HK","SECURITY_CODE":"01996","SECURITY_NAME_ABBR":"弘阳地产","ORG_CODE":"10923357","STD_REPORT_DATE":"2020-06-30 00:00:00","REPORT_DATE":"2020-06-30 00:00:00","DATE_TYPE_CODE":"002","REPORT_TYPE":"2020年中报","PER_NETCASH_OPERATE":-1.033358383496,"PER_OI":2.898734188653,"BPS":4.254874512489,"BASIC_EPS":0.2,"DILUTED_EPS":0.2,"OPERATE_INCOME":9623812000,"OPERATE_INCOME_YOY":146.290711122,"GROSS_PROFIT":2434430000,"GROSS_PROFIT_YOY":114.991270282133,"HOLDER_PROFIT":677418000,"HOLDER_PROFIT_YOY":-8.8331518748,"GROSS_PROFIT_RATIO":25.295901457759,"EPS_TTM":0.422264424301,"OPERATE_INCOME_QOQ":37.682908065694,"NET_PROFIT_RATIO":9.3005557465,"ROE_AVG":4.822452297059,"GROSS_PROFIT_QOQ":34.146372804603,"ROA":0.687409741181,"HOLDER_PROFIT_QOQ":-4.472404782104,"ROE_YEARLY":9.644904594118,"ROIC_YEARLY":1.693447997182,"TOTAL_ASSETS":101695846000,"TOTAL_LIABILITIES":81539112000,"TAX_EBT":42.820857621976,"OCF_SALES":-35.648607848948,"TOTAL_PARENT_EQUITY":14206592000,"DEBT_ASSET_RATIO":80.1793929715,"OPERATE_PROFIT":1757657000,"PRETAX_PROFIT":1565375000,"NETCASH_OPERATE":-2115315000,"NETCASH_INVEST":2841348000,"NETCASH_FINANCE":135254000,"END_CASH":9657302000,"DIVI_RATIO":null,"DIVIDEND_RATE":null,"CURRENT_RATIO":1.381356147211,"COMMON_ACS":100000000000,"CURRENTDEBT_DEBT":69.99503747355,"ISSUED_COMMON_SHARES":3338898000,"HK_COMMON_SHARES":3338898000,"PER_SHARES":1000,"TOTAL_MARKET_CAP":227045064,"HKSK_MARKET_CAP":227045064,"PE_TTM":-0.032270359567,"PB_TTM":0.071427164247,"REPORT_DATE_SQ":"2019-06-30 00:00:00","REPORT_TYPE_SQ":"2019年中报","OPERATE_INCOME_SQ":3907501000,"DPS_HKD":null,"OPERATE_INCOME_QOQ_SQ":0.473516900192,"NET_PROFIT_RATIO_SQ":18.5421065791,"HOLDER_PROFIT_SQ":743053000,"HOLDER_PROFIT_QOQ_SQ":6.485897820804,"ROE_AVG_SQ":5.757331900224,"PE_TTM_SQ":-0.048387119581,"PB_TTM_SQ":0.030891287449,"ROA_SQ":0.962607328891,"START_DATE":"2020-01-01 00:00:00","FISCAL_YEAR":"12-31","CURRENCY":"HKD","IS_CNY_CODE":0,"DPS_HKD_LY":0.124,"ORG_TYPE":"一般企业","PREMIUM_INCOME":null,"PREMIUM_INCOME_YOY":null,"NET_INTEREST_INCOME":null,"NET_INTEREST_INCOME_YOY":null,"FEE_COMMISSION_INCOME":null,"FEE_COMMISSION_INCOME_YOY":null,"ACCOUNTS_RECE_TDAYS":630.532136539344,"INVENTORY_TDAYS":0.193555665707,"CURRENT_ASSETS_TDAYS":0.125689255585,"TOTAL_ASSETS_TDAYS":0.097657607505,"PREMIUM_EXPENSE":null,"LOAN_DEPOSIT":null,"LOAN_EQUITY":null,"LOAN_ASSETS":null,"DEPOSIT_EQUITY":null,"DEPOSIT_ASSETS":null,"EQUITY_MULTIPLIER":5.045254156758,"EQUITY_RATIO":5.739526552181}],"count":17},"success":true,"message":"ok","code":0}