{"version":"3b6f90d41d82f744fc5a2d1c9103ef49","result":{"pages":3,"data":[{"SECUCODE":"01997.HK","SECURITY_CODE":"01997","SECURITY_NAME_ABBR":"九龙仓置业","ORG_CODE":"10717020","STD_REPORT_DATE":"2024-06-30 00:00:00","REPORT_DATE":"2024-06-30 00:00:00","DATE_TYPE_CODE":"002","REPORT_TYPE":"2024年中报","PER_NETCASH_OPERATE":0.980245930051,"PER_OI":1.954179328813,"BPS":56.366395453367,"BASIC_EPS":-0.319438,"DILUTED_EPS":-0.319438,"OPERATE_INCOME":5933332680,"OPERATE_INCOME_YOY":0.4325660436,"GROSS_PROFIT":4836291320,"GROSS_PROFIT_YOY":-1.250959008598,"HOLDER_PROFIT":-960139360,"HOLDER_PROFIT_YOY":-158.2825484765,"GROSS_PROFIT_RATIO":81.510536840486,"EPS_TTM":0.55817008329,"OPERATE_INCOME_QOQ":-0.287306276094,"NET_PROFIT_RATIO":-16.4128595601,"ROE_AVG":-0.555252067021,"GROSS_PROFIT_QOQ":-0.632783466841,"ROA":-0.434473758115,"HOLDER_PROFIT_QOQ":-60.761431095413,"ROE_YEARLY":-1.110504134042,"ROIC_YEARLY":-0.887921066181,"TOTAL_ASSETS":218077584560,"TOTAL_LIABILITIES":43233651600,"TAX_EBT":-131.95652173913,"OCF_SALES":50.16151361329,"TOTAL_PARENT_EQUITY":171141190200,"DEBT_ASSET_RATIO":19.8248947443,"OPERATE_PROFIT":4485822200,"PRETAX_PROFIT":-419832800,"NETCASH_OPERATE":2976249480,"NETCASH_INVEST":-60236880,"NETCASH_FINANCE":-3046525840,"END_CASH":887124960,"DIVI_RATIO":2.036851192916,"DIVIDEND_RATE":6.300403225806,"CURRENT_RATIO":0.171796866318,"COMMON_ACS":5000000000,"CURRENTDEBT_DEBT":37.994511294068,"ISSUED_COMMON_SHARES":3036227327,"HK_COMMON_SHARES":3036227327,"PER_SHARES":1000,"TOTAL_MARKET_CAP":60238750167.68,"HKSK_MARKET_CAP":60238750167.68,"PE_TTM":31.555133665626,"PB_TTM":0.321247634417,"REPORT_DATE_SQ":"2023-06-30 00:00:00","REPORT_TYPE_SQ":"2023年中报","OPERATE_INCOME_SQ":5967976540,"DPS_HKD":1.25,"OPERATE_INCOME_QOQ_SQ":5.90557840895,"NET_PROFIT_RATIO_SQ":27.498841341,"HOLDER_PROFIT_SQ":1664173900,"HOLDER_PROFIT_QOQ_SQ":36.906420902772,"ROE_AVG_SQ":0.947698091215,"PE_TTM_SQ":-14.275652397233,"PB_TTM_SQ":0.418248245078,"ROA_SQ":0.716460328738,"START_DATE":"2024-01-01 00:00:00","FISCAL_YEAR":"12-31","CURRENCY":"HKD","IS_CNY_CODE":0,"DPS_HKD_LY":1.25,"ORG_TYPE":"一般企业","PREMIUM_INCOME":null,"PREMIUM_INCOME_YOY":null,"NET_INTEREST_INCOME":null,"NET_INTEREST_INCOME_YOY":null,"FEE_COMMISSION_INCOME":null,"FEE_COMMISSION_INCOME_YOY":null,"ACCOUNTS_RECE_TDAYS":5.770972037284,"INVENTORY_TDAYS":1.085817524842,"CURRENT_ASSETS_TDAYS":1.977791299057,"TOTAL_ASSETS_TDAYS":0.026848991459,"PREMIUM_EXPENSE":null,"LOAN_DEPOSIT":null,"LOAN_EQUITY":null,"LOAN_ASSETS":null,"DEPOSIT_EQUITY":null,"DEPOSIT_ASSETS":null,"EQUITY_MULTIPLIER":1.247269955943,"EQUITY_RATIO":0.252619790417},{"SECUCODE":"01997.HK","SECURITY_CODE":"01997","SECURITY_NAME_ABBR":"九龙仓置业","ORG_CODE":"10717020","STD_REPORT_DATE":"2023-12-31 00:00:00","REPORT_DATE":"2023-12-31 00:00:00","DATE_TYPE_CODE":"001","REPORT_TYPE":"2023年年报","PER_NETCASH_OPERATE":1.750521198705,"PER_OI":3.971429679448,"BPS":57.130564993429,"BASIC_EPS":1.4227654,"DILUTED_EPS":1.4227654,"OPERATE_INCOME":12058163320,"OPERATE_INCOME_YOY":6.7982984188,"GROSS_PROFIT":9682054480,"GROSS_PROFIT_YOY":8.62787247217,"HOLDER_PROFIT":4319044520,"HOLDER_PROFIT_YOY":153.8166214995,"GROSS_PROFIT_RATIO":80.294603938073,"EPS_TTM":1.422503671445,"OPERATE_INCOME_QOQ":2.304889543196,"NET_PROFIT_RATIO":34.9015481738,"ROE_AVG":2.496752022128,"GROSS_PROFIT_QOQ":1.391326108825,"ROA":1.904225374622,"HOLDER_PROFIT_QOQ":186.533079588395,"ROE_YEARLY":2.496752022128,"ROIC_YEARLY":1.947710949233,"TOTAL_ASSETS":222315702840,"TOTAL_LIABILITIES":45052727300,"TAX_EBT":19.68177101349,"OCF_SALES":44.077859612205,"TOTAL_PARENT_EQUITY":173461382640,"DEBT_ASSET_RATIO":20.2652024686,"OPERATE_PROFIT":9055856460,"PRETAX_PROFIT":5239764040,"NETCASH_OPERATE":5314980300,"NETCASH_INVEST":6495784960,"NETCASH_FINANCE":-12008321220,"END_CASH":1018591280,"DIVI_RATIO":0.799231258816,"DIVIDEND_RATE":6.749460043197,"CURRENT_RATIO":0.237241943176,"COMMON_ACS":5000000000,"CURRENTDEBT_DEBT":29.522276978779,"ISSUED_COMMON_SHARES":3036227327,"HK_COMMON_SHARES":3036227327,"PER_SHARES":1000,"TOTAL_MARKET_CAP":56230930096.04,"HKSK_MARKET_CAP":56230930096.04,"PE_TTM":29.455699369324,"PB_TTM":0.299874303901,"REPORT_DATE_SQ":"2022-12-31 00:00:00","REPORT_TYPE_SQ":"2022年年报","OPERATE_INCOME_SQ":11129250930,"DPS_HKD":1.25,"OPERATE_INCOME_QOQ_SQ":-8.771905059114,"NET_PROFIT_RATIO_SQ":-71.7794365519,"HOLDER_PROFIT_SQ":-7910799120,"HOLDER_PROFIT_QOQ_SQ":-5690.58211211484,"ROE_AVG_SQ":-4.467425025853,"PE_TTM_SQ":-13.106408486602,"PB_TTM_SQ":0.383991722147,"ROA_SQ":-3.357616910924,"START_DATE":"2023-01-01 00:00:00","FISCAL_YEAR":"12-31","CURRENCY":"HKD","IS_CNY_CODE":0,"DPS_HKD_LY":1.28,"ORG_TYPE":"一般企业","PREMIUM_INCOME":null,"PREMIUM_INCOME_YOY":null,"NET_INTEREST_INCOME":null,"NET_INTEREST_INCOME_YOY":null,"FEE_COMMISSION_INCOME":null,"FEE_COMMISSION_INCOME_YOY":null,"ACCOUNTS_RECE_TDAYS":10.399374755764,"INVENTORY_TDAYS":1.78125,"CURRENT_ASSETS_TDAYS":3.207037840443,"TOTAL_ASSETS_TDAYS":0.053163287526,"PREMIUM_EXPENSE":null,"LOAN_DEPOSIT":null,"LOAN_EQUITY":null,"LOAN_ASSETS":null,"DEPOSIT_EQUITY":null,"DEPOSIT_ASSETS":null,"EQUITY_MULTIPLIER":1.254157571048,"EQUITY_RATIO":0.259727707772},{"SECUCODE":"01997.HK","SECURITY_CODE":"01997","SECURITY_NAME_ABBR":"九龙仓置业","ORG_CODE":"10717020","STD_REPORT_DATE":"2023-06-30 00:00:00","REPORT_DATE":"2023-06-30 00:00:00","DATE_TYPE_CODE":"002","REPORT_TYPE":"2023年中报","PER_NETCASH_OPERATE":0.963816014031,"PER_OI":1.965589495533,"BPS":57.86509635087,"BASIC_EPS":0.5439682,"DILUTED_EPS":0.5439682,"OPERATE_INCOME":5967976540,"OPERATE_INCOME_YOY":4.2351046699,"GROSS_PROFIT":4897557760,"GROSS_PROFIT_YOY":14.928057280886,"HOLDER_PROFIT":1664173900,"HOLDER_PROFIT_YOY":222.9564032698,"GROSS_PROFIT_RATIO":82.063957979299,"EPS_TTM":-1.643884255838,"OPERATE_INCOME_QOQ":5.90557840895,"NET_PROFIT_RATIO":27.498841341,"ROE_AVG":0.947698091215,"GROSS_PROFIT_QOQ":7.137244023791,"ROA":0.716460328738,"HOLDER_PROFIT_QOQ":36.906420902772,"ROE_YEARLY":1.895396182431,"ROIC_YEARLY":1.465513741729,"TOTAL_ASSETS":229219901660,"TOTAL_LIABILITIES":49497418280,"TAX_EBT":26.049023680931,"OCF_SALES":49.034450795613,"TOTAL_PARENT_EQUITY":175691586820,"DEBT_ASSET_RATIO":21.5938572181,"OPERATE_PROFIT":4554581200,"PRETAX_PROFIT":2219205860,"NETCASH_OPERATE":2926364520,"NETCASH_INVEST":4340681840,"NETCASH_FINANCE":-7584207480,"END_CASH":900774460,"DIVI_RATIO":-0.691599421287,"DIVIDEND_RATE":6.749460043197,"CURRENT_RATIO":0.307224055739,"COMMON_ACS":5000000000,"CURRENTDEBT_DEBT":25.397682822337,"ISSUED_COMMON_SHARES":3036227327,"HK_COMMON_SHARES":3036227327,"PER_SHARES":1000,"TOTAL_MARKET_CAP":56230930096.04,"HKSK_MARKET_CAP":56230930096.04,"PE_TTM":29.455699369324,"PB_TTM":0.299874303901,"REPORT_DATE_SQ":"2022-06-30 00:00:00","REPORT_TYPE_SQ":"2022年中报","OPERATE_INCOME_SQ":5310729900,"DPS_HKD":1.25,"OPERATE_INCOME_QOQ_SQ":-6.994022333326,"NET_PROFIT_RATIO_SQ":-24.6376811594,"HOLDER_PROFIT_SQ":-1255418920,"HOLDER_PROFIT_QOQ_SQ":-103.805343031757,"ROE_AVG_SQ":-0.724160469619,"PE_TTM_SQ":-13.106408486602,"PB_TTM_SQ":0.383991722147,"ROA_SQ":-0.545348839369,"START_DATE":"2023-01-01 00:00:00","FISCAL_YEAR":"12-31","CURRENCY":"HKD","IS_CNY_CODE":0,"DPS_HKD_LY":1.28,"ORG_TYPE":"一般企业","PREMIUM_INCOME":null,"PREMIUM_INCOME_YOY":null,"NET_INTEREST_INCOME":null,"NET_INTEREST_INCOME_YOY":null,"FEE_COMMISSION_INCOME":null,"FEE_COMMISSION_INCOME_YOY":null,"ACCOUNTS_RECE_TDAYS":5.01977510663,"INVENTORY_TDAYS":0.670710571924,"CURRENT_ASSETS_TDAYS":1.43764575236,"TOTAL_ASSETS_TDAYS":0.025693339102,"PREMIUM_EXPENSE":null,"LOAN_DEPOSIT":null,"LOAN_EQUITY":null,"LOAN_ASSETS":null,"DEPOSIT_EQUITY":null,"DEPOSIT_ASSETS":null,"EQUITY_MULTIPLIER":1.275410273378,"EQUITY_RATIO":0.281729018309},{"SECUCODE":"01997.HK","SECURITY_CODE":"01997","SECURITY_NAME_ABBR":"九龙仓置业","ORG_CODE":"10717020","STD_REPORT_DATE":"2022-12-31 00:00:00","REPORT_DATE":"2022-12-31 00:00:00","DATE_TYPE_CODE":"001","REPORT_TYPE":"2022年年报","PER_NETCASH_OPERATE":1.967635857458,"PER_OI":3.665486714724,"BPS":56.005836179604,"BASIC_EPS":-2.6083484,"DILUTED_EPS":-2.6083484,"OPERATE_INCOME":11129250930,"OPERATE_INCOME_YOY":-22.3399613539,"GROSS_PROFIT":8913048060,"GROSS_PROFIT_YOY":1.835381303065,"HOLDER_PROFIT":-7910799120,"HOLDER_PROFIT_YOY":-301.6852653154,"GROSS_PROFIT_RATIO":80.086684324585,"EPS_TTM":-2.605469969146,"OPERATE_INCOME_QOQ":-8.771905059114,"NET_PROFIT_RATIO":-71.7794365519,"ROE_AVG":-4.467425025853,"GROSS_PROFIT_QOQ":2.858255087326,"ROA":-3.357616910924,"HOLDER_PROFIT_QOQ":-5690.58211211484,"ROE_YEARLY":-4.467425025853,"ROIC_YEARLY":-3.438622376672,"TOTAL_ASSETS":228006274230,"TOTAL_LIABILITIES":53924923360,"TAX_EBT":-18.059405940594,"OCF_SALES":53.680070631672,"TOTAL_PARENT_EQUITY":170046450280,"DEBT_ASSET_RATIO":23.6506313443,"OPERATE_PROFIT":7897400070,"PRETAX_PROFIT":-6766520250,"NETCASH_OPERATE":5974189760,"NETCASH_INVEST":-1927676660,"NETCASH_FINANCE":-4378809540,"END_CASH":1196981800,"DIVI_RATIO":-0.436354827906,"DIVIDEND_RATE":6.749460043197,"CURRENT_RATIO":0.425141242938,"COMMON_ACS":5000000000,"CURRENTDEBT_DEBT":18.764908560827,"ISSUED_COMMON_SHARES":3036227327,"HK_COMMON_SHARES":3036227327,"PER_SHARES":1000,"TOTAL_MARKET_CAP":56230930096.04,"HKSK_MARKET_CAP":56230930096.04,"PE_TTM":29.455699369324,"PB_TTM":0.299874303901,"REPORT_DATE_SQ":"2021-12-31 00:00:00","REPORT_TYPE_SQ":"2021年年报","OPERATE_INCOME_SQ":13116756800,"DPS_HKD":1.25,"OPERATE_INCOME_QOQ_SQ":0.146205329074,"NET_PROFIT_RATIO_SQ":27.6693885184,"HOLDER_PROFIT_SQ":3590081600,"HOLDER_PROFIT_QOQ_SQ":5192.22765002581,"ROE_AVG_SQ":2.138524364616,"PE_TTM_SQ":-13.106408486602,"PB_TTM_SQ":0.383991722147,"ROA_SQ":1.596199075942,"START_DATE":"2022-01-01 00:00:00","FISCAL_YEAR":"12-31","CURRENCY":"HKD","IS_CNY_CODE":0,"DPS_HKD_LY":1.34,"ORG_TYPE":"一般企业","PREMIUM_INCOME":null,"PREMIUM_INCOME_YOY":null,"NET_INTEREST_INCOME":null,"NET_INTEREST_INCOME_YOY":null,"FEE_COMMISSION_INCOME":null,"FEE_COMMISSION_INCOME_YOY":null,"ACCOUNTS_RECE_TDAYS":9.97118847539,"INVENTORY_TDAYS":1.200290275762,"CURRENT_ASSETS_TDAYS":2.441744243018,"TOTAL_ASSETS_TDAYS":0.047236392382,"PREMIUM_EXPENSE":null,"LOAN_DEPOSIT":null,"LOAN_EQUITY":null,"LOAN_ASSETS":null,"DEPOSIT_EQUITY":null,"DEPOSIT_ASSETS":null,"EQUITY_MULTIPLIER":1.309768525408,"EQUITY_RATIO":0.317118782963},{"SECUCODE":"01997.HK","SECURITY_CODE":"01997","SECURITY_NAME_ABBR":"九龙仓置业","ORG_CODE":"10717020","STD_REPORT_DATE":"2022-06-30 00:00:00","REPORT_DATE":"2022-06-30 00:00:00","DATE_TYPE_CODE":"002","REPORT_TYPE":"2022年中报","PER_NETCASH_OPERATE":1.003280206627,"PER_OI":1.749121303525,"BPS":56.1434138986,"BASIC_EPS":-0.4104912,"DILUTED_EPS":-0.4104912,"OPERATE_INCOME":5310729900,"OPERATE_INCOME_YOY":-17.0340681363,"GROSS_PROFIT":4261411770,"GROSS_PROFIT_YOY":-2.001593864451,"HOLDER_PROFIT":-1255418920,"HOLDER_PROFIT_YOY":-149.4276094276,"GROSS_PROFIT_RATIO":80.24154589372,"EPS_TTM":-0.044994957652,"OPERATE_INCOME_QOQ":-6.994022333326,"NET_PROFIT_RATIO":-24.6376811594,"ROE_AVG":-0.724160469619,"GROSS_PROFIT_QOQ":-0.994449870253,"ROA":-0.545348839369,"HOLDER_PROFIT_QOQ":-103.805343031757,"ROE_YEARLY":-1.448320939238,"ROIC_YEARLY":-1.118422932241,"TOTAL_ASSETS":227568624570,"TOTAL_LIABILITIES":53189397240,"TAX_EBT":-79.78848413631,"OCF_SALES":57.359098228663,"TOTAL_PARENT_EQUITY":170464167510,"DEBT_ASSET_RATIO":23.3729044768,"OPERATE_PROFIT":3802174740,"PRETAX_PROFIT":-727766690,"NETCASH_OPERATE":3046186780,"NETCASH_INVEST":-1992592700,"NETCASH_FINANCE":-671324150,"END_CASH":1879707620,"DIVI_RATIO":-25.26748461005,"DIVIDEND_RATE":5.952380952381,"CURRENT_RATIO":0.466547058384,"COMMON_ACS":5000000000,"CURRENTDEBT_DEBT":21.507814007332,"ISSUED_COMMON_SHARES":3036227327,"HK_COMMON_SHARES":3036227327,"PER_SHARES":1000,"TOTAL_MARKET_CAP":63760773867,"HKSK_MARKET_CAP":63760773867,"PE_TTM":33.400091077528,"PB_TTM":0.340030258203,"REPORT_DATE_SQ":"2021-06-30 00:00:00","REPORT_TYPE_SQ":"2021年中报","OPERATE_INCOME_SQ":6228118800,"DPS_HKD":1.25,"OPERATE_INCOME_QOQ_SQ":0.302976450241,"NET_PROFIT_RATIO_SQ":39.4655978624,"HOLDER_PROFIT_SQ":2471277600,"HOLDER_PROFIT_QOQ_SQ":98.933454851452,"ROE_AVG_SQ":1.44262995813,"PE_TTM_SQ":-13.704626301343,"PB_TTM_SQ":0.401518315275,"ROA_SQ":1.067928524299,"START_DATE":"2022-01-01 00:00:00","FISCAL_YEAR":"12-31","CURRENCY":"HKD","IS_CNY_CODE":0,"DPS_HKD_LY":1.34,"ORG_TYPE":"一般企业","PREMIUM_INCOME":null,"PREMIUM_INCOME_YOY":null,"NET_INTEREST_INCOME":null,"NET_INTEREST_INCOME_YOY":null,"FEE_COMMISSION_INCOME":null,"FEE_COMMISSION_INCOME_YOY":null,"ACCOUNTS_RECE_TDAYS":4.620535714286,"INVENTORY_TDAYS":0.57083042568,"CURRENT_ASSETS_TDAYS":1.067927773001,"TOTAL_ASSETS_TDAYS":0.023069593273,"PREMIUM_EXPENSE":null,"LOAN_DEPOSIT":null,"LOAN_EQUITY":null,"LOAN_ASSETS":null,"DEPOSIT_EQUITY":null,"DEPOSIT_ASSETS":null,"EQUITY_MULTIPLIER":1.305021406817,"EQUITY_RATIO":0.312026850082},{"SECUCODE":"01997.HK","SECURITY_CODE":"01997","SECURITY_NAME_ABBR":"九龙仓置业","ORG_CODE":"10717020","STD_REPORT_DATE":"2021-12-31 00:00:00","REPORT_DATE":"2021-12-31 00:00:00","DATE_TYPE_CODE":"001","REPORT_TYPE":"2021年年报","PER_NETCASH_OPERATE":2.145635388387,"PER_OI":4.320083902598,"BPS":55.50054309224,"BASIC_EPS":1.18552,"DILUTED_EPS":1.18552,"OPERATE_INCOME":13116756800,"OPERATE_INCOME_YOY":3.403158234,"GROSS_PROFIT":8752408000,"GROSS_PROFIT_YOY":-6.624494256836,"HOLDER_PROFIT":3590081600,"HOLDER_PROFIT_YOY":155.9078176725,"GROSS_PROFIT_RATIO":66.726921398741,"EPS_TTM":1.182415284941,"OPERATE_INCOME_QOQ":0.146205329074,"NET_PROFIT_RATIO":27.6693885184,"ROE_AVG":2.138524364616,"GROSS_PROFIT_QOQ":-0.625371987468,"ROA":1.596199075942,"HOLDER_PROFIT_QOQ":5192.22765002581,"ROE_YEARLY":2.138524364616,"ROIC_YEARLY":1.63692417809,"TOTAL_ASSETS":222606316800,"TOTAL_LIABILITIES":50194099200,"TAX_EBT":26.482278900298,"OCF_SALES":49.66652122421,"TOTAL_PARENT_EQUITY":168512265600,"DEBT_ASSET_RATIO":22.5483714575,"OPERATE_PROFIT":7410726400,"PRETAX_PROFIT":4936668800,"NETCASH_OPERATE":6514636800,"NETCASH_INVEST":162702400,"NETCASH_FINANCE":-7077963200,"END_CASH":1471680000,"DIVI_RATIO":0.961514464909,"DIVIDEND_RATE":5.952380952381,"CURRENT_RATIO":0.415209184067,"COMMON_ACS":5000000000,"CURRENTDEBT_DEBT":21.141191034663,"ISSUED_COMMON_SHARES":3036227327,"HK_COMMON_SHARES":3036227327,"PER_SHARES":1000,"TOTAL_MARKET_CAP":63760773867,"HKSK_MARKET_CAP":63760773867,"PE_TTM":33.400091077528,"PB_TTM":0.340030258203,"REPORT_DATE_SQ":"2020-12-31 00:00:00","REPORT_TYPE_SQ":"2020年年报","OPERATE_INCOME_SQ":13058044600,"DPS_HKD":1.25,"OPERATE_INCOME_QOQ_SQ":-0.199930085773,"NET_PROFIT_RATIO_SQ":-52.4524653561,"HOLDER_PROFIT_SQ":-6610240560,"HOLDER_PROFIT_QOQ_SQ":1.307016329344,"ROE_AVG_SQ":-3.733643915715,"PE_TTM_SQ":-13.704626301343,"PB_TTM_SQ":0.401518315275,"ROA_SQ":-2.793750166739,"START_DATE":"2021-01-01 00:00:00","FISCAL_YEAR":"12-31","CURRENCY":"HKD","IS_CNY_CODE":0,"DPS_HKD_LY":1.36,"ORG_TYPE":"一般企业","PREMIUM_INCOME":null,"PREMIUM_INCOME_YOY":null,"NET_INTEREST_INCOME":null,"NET_INTEREST_INCOME_YOY":null,"FEE_COMMISSION_INCOME":null,"FEE_COMMISSION_INCOME_YOY":null,"ACCOUNTS_RECE_TDAYS":11.313822284908,"INVENTORY_TDAYS":1.413852469872,"CURRENT_ASSETS_TDAYS":2.186737545151,"TOTAL_ASSETS_TDAYS":0.058318883569,"PREMIUM_EXPENSE":null,"LOAN_DEPOSIT":null,"LOAN_EQUITY":null,"LOAN_ASSETS":null,"DEPOSIT_EQUITY":null,"DEPOSIT_ASSETS":null,"EQUITY_MULTIPLIER":1.291128435668,"EQUITY_RATIO":0.297866146546},{"SECUCODE":"01997.HK","SECURITY_CODE":"01997","SECURITY_NAME_ABBR":"九龙仓置业","ORG_CODE":"10717020","STD_REPORT_DATE":"2021-06-30 00:00:00","REPORT_DATE":"2021-06-30 00:00:00","DATE_TYPE_CODE":"002","REPORT_TYPE":"2021年中报","PER_NETCASH_OPERATE":1.015905671018,"PER_OI":2.051268936491,"BPS":56.782467579708,"BASIC_EPS":0.8154384,"DILUTED_EPS":0.8154384,"OPERATE_INCOME":6228118800,"OPERATE_INCOME_YOY":10.479704797,"GROSS_PROFIT":4348450080,"GROSS_PROFIT_YOY":-11.514484076209,"HOLDER_PROFIT":2471277600,"HOLDER_PROFIT_YOY":166.6816344859,"GROSS_PROFIT_RATIO":69.819639278557,"EPS_TTM":-0.023220000483,"OPERATE_INCOME_QOQ":0.302976450241,"NET_PROFIT_RATIO":39.4655978624,"ROE_AVG":1.44262995813,"GROSS_PROFIT_QOQ":-6.03687519576,"ROA":1.067928524299,"HOLDER_PROFIT_QOQ":98.933454851452,"ROE_YEARLY":2.885259916259,"ROIC_YEARLY":2.195207131097,"TOTAL_ASSETS":231570360240,"TOTAL_LIABILITIES":55028778720,"TAX_EBT":19.355719355719,"OCF_SALES":49.525718102872,"TOTAL_PARENT_EQUITY":172404479760,"DEBT_ASSET_RATIO":23.7633083366,"OPERATE_PROFIT":7502865360,"PRETAX_PROFIT":3047909040,"NETCASH_OPERATE":3084520560,"NETCASH_INVEST":-274586400,"NETCASH_FINANCE":-2243287680,"END_CASH":2452971840,"DIVI_RATIO":-48.962505441087,"DIVIDEND_RATE":5.952380952381,"CURRENT_RATIO":0.733565217391,"COMMON_ACS":5000000000,"CURRENTDEBT_DEBT":17.388937611516,"ISSUED_COMMON_SHARES":3036227327,"HK_COMMON_SHARES":3036227327,"PER_SHARES":1000,"TOTAL_MARKET_CAP":63760773867,"HKSK_MARKET_CAP":63760773867,"PE_TTM":33.400091077528,"PB_TTM":0.340030258203,"REPORT_DATE_SQ":"2020-06-30 00:00:00","REPORT_TYPE_SQ":"2020年中报","OPERATE_INCOME_SQ":6188556000,"DPS_HKD":1.25,"OPERATE_INCOME_QOQ_SQ":-8.954107652425,"NET_PROFIT_RATIO_SQ":-71.63099631,"HOLDER_PROFIT_SQ":-4068461760,"HOLDER_PROFIT_QOQ_SQ":-290.352307167907,"ROE_AVG_SQ":-2.1007055805,"PE_TTM_SQ":-13.704626301343,"PB_TTM_SQ":0.401518315275,"ROA_SQ":-1.559226268097,"START_DATE":"2021-01-01 00:00:00","FISCAL_YEAR":"12-31","CURRENCY":"HKD","IS_CNY_CODE":0,"DPS_HKD_LY":1.36,"ORG_TYPE":"一般企业","PREMIUM_INCOME":null,"PREMIUM_INCOME_YOY":null,"NET_INTEREST_INCOME":null,"NET_INTEREST_INCOME_YOY":null,"FEE_COMMISSION_INCOME":null,"FEE_COMMISSION_INCOME_YOY":null,"ACCOUNTS_RECE_TDAYS":5.121450564489,"INVENTORY_TDAYS":0.484140591513,"CURRENT_ASSETS_TDAYS":0.844808126411,"TOTAL_ASSETS_TDAYS":0.026913956244,"PREMIUM_EXPENSE":null,"LOAN_DEPOSIT":null,"LOAN_EQUITY":null,"LOAN_ASSETS":null,"DEPOSIT_EQUITY":null,"DEPOSIT_ASSETS":null,"EQUITY_MULTIPLIER":1.311704348892,"EQUITY_RATIO":0.319184158072},{"SECUCODE":"01997.HK","SECURITY_CODE":"01997","SECURITY_NAME_ABBR":"九龙仓置业","ORG_CODE":"10717020","STD_REPORT_DATE":"2020-12-31 00:00:00","REPORT_DATE":"2020-12-31 00:00:00","DATE_TYPE_CODE":"001","REPORT_TYPE":"2020年年报","PER_NETCASH_OPERATE":1.337209280707,"PER_OI":4.300746681212,"BPS":56.701387972193,"BASIC_EPS":-2.1798476,"DILUTED_EPS":-2.1798476,"OPERATE_INCOME":13058044600,"OPERATE_INCOME_YOY":-3.2911550209,"GROSS_PROFIT":9373344680,"GROSS_PROFIT_YOY":-23.12745043667,"HOLDER_PROFIT":-6610240560,"HOLDER_PROFIT_YOY":-299.9490835031,"GROSS_PROFIT_RATIO":71.782146310023,"EPS_TTM":-2.177123070205,"OPERATE_INCOME_QOQ":-0.199930085773,"NET_PROFIT_RATIO":-52.4524653561,"ROE_AVG":-3.733643915715,"GROSS_PROFIT_QOQ":-13.100566250487,"ROA":-2.793750166739,"HOLDER_PROFIT_QOQ":1.307016329344,"ROE_YEARLY":-3.733643915715,"ROIC_YEARLY":-2.871768620425,"TOTAL_ASSETS":233903538960,"TOTAL_LIABILITIES":57656548200,"TAX_EBT":-17.380643300159,"OCF_SALES":31.092491137609,"TOTAL_PARENT_EQUITY":172158303640,"DEBT_ASSET_RATIO":24.6497117813,"OPERATE_PROFIT":8393675720,"PRETAX_PROFIT":-5835090120,"NETCASH_OPERATE":4060071360,"NETCASH_INVEST":-6844216480,"NETCASH_FINANCE":2178164320,"END_CASH":1902106400,"DIVI_RATIO":-0.522207226389,"DIVIDEND_RATE":5.952380952381,"CURRENT_RATIO":0.542860484154,"COMMON_ACS":5000000000,"CURRENTDEBT_DEBT":24.964601124006,"ISSUED_COMMON_SHARES":3036227327,"HK_COMMON_SHARES":3036227327,"PER_SHARES":1000,"TOTAL_MARKET_CAP":63760773867,"HKSK_MARKET_CAP":63760773867,"PE_TTM":33.400091077528,"PB_TTM":0.340030258203,"REPORT_DATE_SQ":"2019-12-31 00:00:00","REPORT_TYPE_SQ":"2019年年报","OPERATE_INCOME_SQ":14370998540,"DPS_HKD":1.25,"OPERATE_INCOME_QOQ_SQ":-4.456822360253,"NET_PROFIT_RATIO_SQ":24.8768933491,"HOLDER_PROFIT_SQ":3518623840,"HOLDER_PROFIT_QOQ_SQ":-73.665530572452,"ROE_AVG_SQ":1.806138941192,"PE_TTM_SQ":-13.704626301343,"PB_TTM_SQ":0.401518315275,"ROA_SQ":1.391188548903,"START_DATE":"2020-01-01 00:00:00","FISCAL_YEAR":"12-31","CURRENCY":"HKD","IS_CNY_CODE":0,"DPS_HKD_LY":1.71,"ORG_TYPE":"一般企业","PREMIUM_INCOME":null,"PREMIUM_INCOME_YOY":null,"NET_INTEREST_INCOME":null,"NET_INTEREST_INCOME_YOY":null,"FEE_COMMISSION_INCOME":null,"FEE_COMMISSION_INCOME_YOY":null,"ACCOUNTS_RECE_TDAYS":12.12109375,"INVENTORY_TDAYS":0.844766039556,"CURRENT_ASSETS_TDAYS":1.70148599002,"TOTAL_ASSETS_TDAYS":0.055188482094,"PREMIUM_EXPENSE":null,"LOAN_DEPOSIT":null,"LOAN_EQUITY":null,"LOAN_ASSETS":null,"DEPOSIT_EQUITY":null,"DEPOSIT_ASSETS":null,"EQUITY_MULTIPLIER":1.327134936893,"EQUITY_RATIO":0.334904253707},{"SECUCODE":"01997.HK","SECURITY_CODE":"01997","SECURITY_NAME_ABBR":"九龙仓置业","ORG_CODE":"10717020","STD_REPORT_DATE":"2020-06-30 00:00:00","REPORT_DATE":"2020-06-30 00:00:00","DATE_TYPE_CODE":"002","REPORT_TYPE":"2020年中报","PER_NETCASH_OPERATE":0.291520780453,"PER_OI":2.038238686862,"BPS":62.54128578298,"BASIC_EPS":-1.3427568,"DILUTED_EPS":-1.3427568,"OPERATE_INCOME":6188556000,"OPERATE_INCOME_YOY":-20.275358908,"GROSS_PROFIT":4914307200,"GROSS_PROFIT_YOY":-22.257188164552,"HOLDER_PROFIT":-4068461760,"HOLDER_PROFIT_YOY":-163.7287165546,"GROSS_PROFIT_RATIO":79.409594095941,"EPS_TTM":-2.205955265747,"OPERATE_INCOME_QOQ":-8.954107652425,"NET_PROFIT_RATIO":-71.63099631,"ROE_AVG":-2.1007055805,"GROSS_PROFIT_QOQ":-11.538491971173,"ROA":-1.559226268097,"HOLDER_PROFIT_QOQ":-290.352307167907,"ROE_YEARLY":-4.201411161001,"ROIC_YEARLY":-3.221350305573,"TOTAL_ASSETS":262128049920,"TOTAL_LIABILITIES":68075942880,"TAX_EBT":-8.714157706093,"OCF_SALES":14.30258302583,"TOTAL_PARENT_EQUITY":189889560960,"DEBT_ASSET_RATIO":25.9704914834,"OPERATE_PROFIT":4536143040,"PRETAX_PROFIT":-4077596160,"NETCASH_OPERATE":885123360,"NETCASH_INVEST":-6720178080,"NETCASH_FINANCE":8268458880,"END_CASH":5055890400,"DIVI_RATIO":-0.515381892667,"DIVIDEND_RATE":5.952380952381,"CURRENT_RATIO":0.455656886069,"COMMON_ACS":5000000000,"CURRENTDEBT_DEBT":40.608101761778,"ISSUED_COMMON_SHARES":3036227327,"HK_COMMON_SHARES":3036227327,"PER_SHARES":1000,"TOTAL_MARKET_CAP":63760773867,"HKSK_MARKET_CAP":63760773867,"PE_TTM":33.400091077528,"PB_TTM":0.340030258203,"REPORT_DATE_SQ":"2019-06-30 00:00:00","REPORT_TYPE_SQ":"2019年中报","OPERATE_INCOME_SQ":7475350680,"DPS_HKD":1.25,"OPERATE_INCOME_QOQ_SQ":4.159876380099,"NET_PROFIT_RATIO_SQ":83.2313485526,"HOLDER_PROFIT_SQ":6147943740,"HOLDER_PROFIT_QOQ_SQ":-15.409506147079,"ROE_AVG_SQ":3.166046428402,"PE_TTM_SQ":-13.704626301343,"PB_TTM_SQ":0.401518315275,"ROA_SQ":2.478258942423,"START_DATE":"2020-01-01 00:00:00","FISCAL_YEAR":"12-31","CURRENCY":"HKD","IS_CNY_CODE":0,"DPS_HKD_LY":1.71,"ORG_TYPE":"一般企业","PREMIUM_INCOME":null,"PREMIUM_INCOME_YOY":null,"NET_INTEREST_INCOME":null,"NET_INTEREST_INCOME_YOY":null,"FEE_COMMISSION_INCOME":null,"FEE_COMMISSION_INCOME_YOY":null,"ACCOUNTS_RECE_TDAYS":5.652899457655,"INVENTORY_TDAYS":0.237244897959,"CURRENT_ASSETS_TDAYS":0.595787714901,"TOTAL_ASSETS_TDAYS":0.023717462879,"PREMIUM_EXPENSE":null,"LOAN_DEPOSIT":null,"LOAN_EQUITY":null,"LOAN_ASSETS":null,"DEPOSIT_EQUITY":null,"DEPOSIT_ASSETS":null,"EQUITY_MULTIPLIER":1.350812696231,"EQUITY_RATIO":0.35850281888}],"count":19},"success":true,"message":"ok","code":0}