{"version":"0128da0192b4c912e820f646d2d072e2","result":{"pages":5,"data":[{"SECUCODE":"01991.HK","SECURITY_CODE":"01991","SECURITY_NAME_ABBR":"大洋集团","ORG_CODE":"10079890","STD_REPORT_DATE":"2024-06-30 00:00:00","REPORT_DATE":"2024-06-30 00:00:00","DATE_TYPE_CODE":"002","REPORT_TYPE":"2024年中报","PER_NETCASH_OPERATE":-0.025001554187,"PER_OI":0.35905799372,"BPS":0.041146329676,"BASIC_EPS":-0.013142592,"DILUTED_EPS":-0.013142592,"OPERATE_INCOME":469205137.28,"OPERATE_INCOME_YOY":-0.8824442375,"GROSS_PROFIT":33882332.32,"GROSS_PROFIT_YOY":-54.451953068608,"HOLDER_PROFIT":-17188502.44,"HOLDER_PROFIT_YOY":9.9847050951,"GROSS_PROFIT_RATIO":7.22121938315,"EPS_TTM":-0.059442819248,"OPERATE_INCOME_QOQ":-0.81827451121,"NET_PROFIT_RATIO":-6.1577993215,"ROE_AVG":-28.183199024295,"GROSS_PROFIT_QOQ":-48.053057793005,"ROA":-2.66026496708,"HOLDER_PROFIT_QOQ":2.633727012866,"ROE_YEARLY":-56.366398048591,"ROIC_YEARLY":-5.400789915352,"TOTAL_ASSETS":654106803.84,"TOTAL_LIABILITIES":617463614.52,"TAX_EBT":-2.466418514323,"OCF_SALES":-6.963096386667,"TOTAL_PARENT_EQUITY":54044346.2,"DEBT_ASSET_RATIO":94.3979807113,"OPERATE_PROFIT":-16801526.12,"PRETAX_PROFIT":-28197248.6,"NETCASH_OPERATE":-32671205.96,"NETCASH_INVEST":17026958.08,"NETCASH_FINANCE":7154498.52,"END_CASH":17285246.52,"DIVI_RATIO":null,"DIVIDEND_RATE":null,"CURRENT_RATIO":0.751893798255,"COMMON_ACS":20000000000,"CURRENTDEBT_DEBT":85.289244226867,"ISSUED_COMMON_SHARES":1313467000,"HK_COMMON_SHARES":1313467000,"PER_SHARES":2000,"TOTAL_MARKET_CAP":119525497,"HKSK_MARKET_CAP":119525497,"PE_TTM":-1.390704593582,"PB_TTM":2.018500329308,"REPORT_DATE_SQ":"2023-06-30 00:00:00","REPORT_TYPE_SQ":"2023年中报","OPERATE_INCOME_SQ":478206132.54,"DPS_HKD":null,"OPERATE_INCOME_QOQ_SQ":102.933612145329,"NET_PROFIT_RATIO_SQ":-0.5980646766,"HOLDER_PROFIT_SQ":-19289665.56,"HOLDER_PROFIT_QOQ_SQ":20.022540323874,"ROE_AVG_SQ":-15.998531823865,"PE_TTM_SQ":-2.237614726027,"PB_TTM_SQ":1.369048160147,"ROA_SQ":-2.758507937533,"START_DATE":"2024-01-01 00:00:00","FISCAL_YEAR":"12-31","CURRENCY":"HKD","IS_CNY_CODE":0,"DPS_HKD_LY":null,"ORG_TYPE":"一般企业","PREMIUM_INCOME":null,"PREMIUM_INCOME_YOY":null,"NET_INTEREST_INCOME":null,"NET_INTEREST_INCOME_YOY":null,"FEE_COMMISSION_INCOME":null,"FEE_COMMISSION_INCOME_YOY":null,"ACCOUNTS_RECE_TDAYS":1.639156406582,"INVENTORY_TDAYS":12.457154796417,"CURRENT_ASSETS_TDAYS":1.243443210774,"TOTAL_ASSETS_TDAYS":0.72618891229,"PREMIUM_EXPENSE":null,"LOAN_DEPOSIT":null,"LOAN_EQUITY":null,"LOAN_ASSETS":null,"DEPOSIT_EQUITY":null,"DEPOSIT_ASSETS":null,"EQUITY_MULTIPLIER":17.850706119794,"EQUITY_RATIO":11.425128768049},{"SECUCODE":"01991.HK","SECURITY_CODE":"01991","SECURITY_NAME_ABBR":"大洋集团","ORG_CODE":"10079890","STD_REPORT_DATE":"2023-12-31 00:00:00","REPORT_DATE":"2023-12-31 00:00:00","DATE_TYPE_CODE":"001","REPORT_TYPE":"2023年年报","PER_NETCASH_OPERATE":-0.000757976334,"PER_OI":0.841769820175,"BPS":0.051353986846,"BASIC_EPS":-0.061079228,"DILUTED_EPS":-0.061079228,"OPERATE_INCOME":1099997022.6,"OPERATE_INCOME_YOY":253.3290058537,"GROSS_PROFIT":84293865.74,"GROSS_PROFIT_YOY":13.039644254793,"HOLDER_PROFIT":-79779077.7,"HOLDER_PROFIT_YOY":10.2260791532,"GROSS_PROFIT_RATIO":7.663099445557,"EPS_TTM":-0.061050728783,"OPERATE_INCOME_QOQ":76.634771049819,"NET_PROFIT_RATIO":-7.0610382014,"ROE_AVG":-83.093041364827,"GROSS_PROFIT_QOQ":-26.469401283171,"ROA":-13.132662491245,"HOLDER_PROFIT_QOQ":-13.876335106947,"ROE_YEARLY":-83.093041364827,"ROIC_YEARLY":-13.579225258423,"TOTAL_ASSETS":633616336.92,"TOTAL_LIABILITIES":572377614.2,"TAX_EBT":-1.309677190577,"OCF_SALES":-0.090045558274,"TOTAL_PARENT_EQUITY":67451767.04,"DEBT_ASSET_RATIO":90.3350467544,"OPERATE_PROFIT":-48983003.44,"PRETAX_PROFIT":-76667118.22,"NETCASH_OPERATE":-990498.46,"NETCASH_INVEST":28516024.74,"NETCASH_FINANCE":-26761582.82,"END_CASH":25395909.28,"DIVI_RATIO":null,"DIVIDEND_RATE":null,"CURRENT_RATIO":0.746320492639,"COMMON_ACS":20000000000,"CURRENTDEBT_DEBT":83.379458843274,"ISSUED_COMMON_SHARES":1313467000,"HK_COMMON_SHARES":1313467000,"PER_SHARES":2000,"TOTAL_MARKET_CAP":127406299,"HKSK_MARKET_CAP":127406299,"PE_TTM":-1.48239940195,"PB_TTM":2.151588263109,"REPORT_DATE_SQ":"2022-12-31 00:00:00","REPORT_TYPE_SQ":"2022年年报","OPERATE_INCOME_SQ":306874869.07,"DPS_HKD":null,"OPERATE_INCOME_QOQ_SQ":-3.732563883954,"NET_PROFIT_RATIO_SQ":-28.78957679,"HOLDER_PROFIT_SQ":-87596736.01,"HOLDER_PROFIT_QOQ_SQ":3.664211562571,"ROE_AVG_SQ":-51.62256562514,"PE_TTM_SQ":-2.753987355111,"PB_TTM_SQ":1.68498235095,"ROA_SQ":-13.715430996261,"START_DATE":"2023-01-01 00:00:00","FISCAL_YEAR":"12-31","CURRENCY":"HKD","IS_CNY_CODE":0,"DPS_HKD_LY":null,"ORG_TYPE":"一般企业","PREMIUM_INCOME":null,"PREMIUM_INCOME_YOY":null,"NET_INTEREST_INCOME":null,"NET_INTEREST_INCOME_YOY":null,"FEE_COMMISSION_INCOME":null,"FEE_COMMISSION_INCOME_YOY":null,"ACCOUNTS_RECE_TDAYS":5.128851931194,"INVENTORY_TDAYS":23.039477876561,"CURRENT_ASSETS_TDAYS":3.45109155345,"TOTAL_ASSETS_TDAYS":1.810736606094,"PREMIUM_EXPENSE":null,"LOAN_DEPOSIT":null,"LOAN_EQUITY":null,"LOAN_ASSETS":null,"DEPOSIT_EQUITY":null,"DEPOSIT_ASSETS":null,"EQUITY_MULTIPLIER":10.346661536674,"EQUITY_RATIO":8.48573194325},{"SECUCODE":"01991.HK","SECURITY_CODE":"01991","SECURITY_NAME_ABBR":"大洋集团","ORG_CODE":"10079890","STD_REPORT_DATE":"2023-06-30 00:00:00","REPORT_DATE":"2023-06-30 00:00:00","DATE_TYPE_CODE":"002","REPORT_TYPE":"2023年中报","PER_NETCASH_OPERATE":0.007650905724,"PER_OI":0.365945981602,"BPS":0.087101396746,"BASIC_EPS":-0.01475168,"DILUTED_EPS":-0.01475168,"OPERATE_INCOME":478206132.54,"OPERATE_INCOME_YOY":173.2504109243,"GROSS_PROFIT":74388112.34,"GROSS_PROFIT_YOY":116.745515591063,"HOLDER_PROFIT":-19289665.56,"HOLDER_PROFIT_YOY":51.4176245211,"GROSS_PROFIT_RATIO":15.555658382064,"EPS_TTM":-0.053611427454,"OPERATE_INCOME_QOQ":102.933612145329,"NET_PROFIT_RATIO":-0.5980646766,"ROE_AVG":-15.998531823865,"GROSS_PROFIT_QOQ":53.731434569322,"ROA":-2.758507937533,"HOLDER_PROFIT_QOQ":20.022540323874,"ROE_YEARLY":-31.99706364773,"ROIC_YEARLY":-5.890824622532,"TOTAL_ASSETS":807092072.2,"TOTAL_LIABILITIES":672447034.98,"TAX_EBT":142.371260756727,"OCF_SALES":2.090719971928,"TOTAL_PARENT_EQUITY":114404810.28,"DEBT_ASSET_RATIO":83.3172643051,"OPERATE_PROFIT":22260285.12,"PRETAX_PROFIT":6749815.58,"NETCASH_OPERATE":9997951.12,"NETCASH_INVEST":31327036.44,"NETCASH_FINANCE":-22212342.16,"END_CASH":47373176.36,"DIVI_RATIO":null,"DIVIDEND_RATE":null,"CURRENT_RATIO":0.859137958786,"COMMON_ACS":20000000000,"CURRENTDEBT_DEBT":91.145552689994,"ISSUED_COMMON_SHARES":1313467000,"HK_COMMON_SHARES":1313467000,"PER_SHARES":2000,"TOTAL_MARKET_CAP":127406299,"HKSK_MARKET_CAP":127406299,"PE_TTM":-1.48239940195,"PB_TTM":2.151588263109,"REPORT_DATE_SQ":"2022-06-30 00:00:00","REPORT_TYPE_SQ":"2022年中报","OPERATE_INCOME_SQ":162328745.04,"DPS_HKD":null,"OPERATE_INCOME_QOQ_SQ":7.547292331959,"NET_PROFIT_RATIO_SQ":-22.7072533401,"HOLDER_PROFIT_SQ":-36828757.35,"HOLDER_PROFIT_QOQ_SQ":-30.992544865366,"ROE_AVG_SQ":-18.505706624497,"PE_TTM_SQ":-2.753987355111,"PB_TTM_SQ":1.68498235095,"ROA_SQ":-5.570340668402,"START_DATE":"2023-01-01 00:00:00","FISCAL_YEAR":"12-31","CURRENCY":"HKD","IS_CNY_CODE":0,"DPS_HKD_LY":null,"ORG_TYPE":"一般企业","PREMIUM_INCOME":null,"PREMIUM_INCOME_YOY":null,"NET_INTEREST_INCOME":null,"NET_INTEREST_INCOME_YOY":null,"FEE_COMMISSION_INCOME":null,"FEE_COMMISSION_INCOME_YOY":null,"ACCOUNTS_RECE_TDAYS":1.683527704837,"INVENTORY_TDAYS":7.634078747843,"CURRENT_ASSETS_TDAYS":1.176742972525,"TOTAL_ASSETS_TDAYS":0.683856030726,"PREMIUM_EXPENSE":null,"LOAN_DEPOSIT":null,"LOAN_EQUITY":null,"LOAN_ASSETS":null,"DEPOSIT_EQUITY":null,"DEPOSIT_ASSETS":null,"EQUITY_MULTIPLIER":5.994220721879,"EQUITY_RATIO":5.877786373966},{"SECUCODE":"01991.HK","SECURITY_CODE":"01991","SECURITY_NAME_ABBR":"大洋集团","ORG_CODE":"10079890","STD_REPORT_DATE":"2022-12-31 00:00:00","REPORT_DATE":"2022-12-31 00:00:00","DATE_TYPE_CODE":"001","REPORT_TYPE":"2022年年报","PER_NETCASH_OPERATE":-0.035627799294,"PER_OI":0.234835184138,"BPS":0.093486607589,"BASIC_EPS":-0.06699525,"DILUTED_EPS":-0.06699525,"OPERATE_INCOME":306874869.07,"OPERATE_INCOME_YOY":-5.2373885603,"GROSS_PROFIT":74570179.6,"GROSS_PROFIT_YOY":19.566062789114,"HOLDER_PROFIT":-87596736.01,"HOLDER_PROFIT_YOY":-15.5027620405,"GROSS_PROFIT_RATIO":24.299865227149,"EPS_TTM":-0.067033171185,"OPERATE_INCOME_QOQ":-3.732563883954,"NET_PROFIT_RATIO":-28.78957679,"ROE_AVG":-51.62256562514,"GROSS_PROFIT_QOQ":26.005368935758,"ROA":-13.715430996261,"HOLDER_PROFIT_QOQ":3.664211562571,"ROE_YEARLY":-51.62256562514,"ROIC_YEARLY":-14.549546842811,"TOTAL_ASSETS":573047890.59,"TOTAL_LIABILITIES":451223727.99,"TAX_EBT":-2.161944407144,"OCF_SALES":-15.17140603305,"TOTAL_PARENT_EQUITY":122791574.01,"DEBT_ASSET_RATIO":78.7410154368,"OPERATE_PROFIT":-60518149.23,"PRETAX_PROFIT":-86478361.97,"NETCASH_OPERATE":-5378378.67,"NETCASH_INVEST":-7699987.4,"NETCASH_FINANCE":-26608726.76,"END_CASH":21442946.35,"DIVI_RATIO":null,"DIVIDEND_RATE":null,"CURRENT_RATIO":0.698775381568,"COMMON_ACS":20000000000,"CURRENTDEBT_DEBT":87.940499310088,"ISSUED_COMMON_SHARES":1313467000,"HK_COMMON_SHARES":1313467000,"PER_SHARES":2000,"TOTAL_MARKET_CAP":127406299,"HKSK_MARKET_CAP":127406299,"PE_TTM":-1.48239940195,"PB_TTM":2.151588263109,"REPORT_DATE_SQ":"2021-12-31 00:00:00","REPORT_TYPE_SQ":"2021年年报","OPERATE_INCOME_SQ":296402892.8,"DPS_HKD":null,"OPERATE_INCOME_QOQ_SQ":48.788636468711,"NET_PROFIT_RATIO_SQ":-23.6583105305,"HOLDER_PROFIT_SQ":-69415057.6,"HOLDER_PROFIT_QOQ_SQ":1.999621471928,"ROE_AVG_SQ":-32.810712629464,"PE_TTM_SQ":-2.753987355111,"PB_TTM_SQ":1.68498235095,"ROA_SQ":-10.782523880977,"START_DATE":"2022-01-01 00:00:00","FISCAL_YEAR":"12-31","CURRENCY":"HKD","IS_CNY_CODE":0,"DPS_HKD_LY":null,"ORG_TYPE":"一般企业","PREMIUM_INCOME":null,"PREMIUM_INCOME_YOY":null,"NET_INTEREST_INCOME":null,"NET_INTEREST_INCOME_YOY":null,"FEE_COMMISSION_INCOME":null,"FEE_COMMISSION_INCOME_YOY":null,"ACCOUNTS_RECE_TDAYS":1.563764147873,"INVENTORY_TDAYS":4.221495357444,"CURRENT_ASSETS_TDAYS":0.748505890376,"TOTAL_ASSETS_TDAYS":0.480488347275,"PREMIUM_EXPENSE":null,"LOAN_DEPOSIT":null,"LOAN_EQUITY":null,"LOAN_ASSETS":null,"DEPOSIT_EQUITY":null,"DEPOSIT_ASSETS":null,"EQUITY_MULTIPLIER":4.703893532766,"EQUITY_RATIO":3.674712468082},{"SECUCODE":"01991.HK","SECURITY_CODE":"01991","SECURITY_NAME_ABBR":"大洋集团","ORG_CODE":"10079890","STD_REPORT_DATE":"2022-06-30 00:00:00","REPORT_DATE":"2022-06-30 00:00:00","DATE_TYPE_CODE":"002","REPORT_TYPE":"2022年中报","PER_NETCASH_OPERATE":-0.044238941456,"PER_OI":0.124221643981,"BPS":0.145170440643,"BASIC_EPS":-0.02822127,"DILUTED_EPS":-0.02822127,"OPERATE_INCOME":162328745.04,"OPERATE_INCOME_YOY":12.8493546488,"GROSS_PROFIT":34320485.08,"GROSS_PROFIT_YOY":-8.497422170996,"HOLDER_PROFIT":-36828757.35,"HOLDER_PROFIT_YOY":-133.9726176247,"GROSS_PROFIT_RATIO":21.142580182914,"EPS_TTM":-0.069582833413,"OPERATE_INCOME_QOQ":7.547292331959,"NET_PROFIT_RATIO":-22.7072533401,"ROE_AVG":-18.505706624497,"GROSS_PROFIT_QOQ":-5.11034267907,"ROA":-5.570340668402,"HOLDER_PROFIT_QOQ":-30.992544865366,"ROE_YEARLY":-37.011413248995,"ROIC_YEARLY":-11.826519662464,"TOTAL_ASSETS":648042457.44,"TOTAL_LIABILITIES":457843925.49,"TAX_EBT":-0.311859988829,"OCF_SALES":-35.612909343786,"TOTAL_PARENT_EQUITY":190676583.16,"DEBT_ASSET_RATIO":70.6502977133,"OPERATE_PROFIT":-24930498.88,"PRETAX_PROFIT":-36745803.92,"NETCASH_OPERATE":-57809988.81,"NETCASH_INVEST":6324985.24,"NETCASH_FINANCE":6795339.74,"END_CASH":26656272.3,"DIVI_RATIO":null,"DIVIDEND_RATE":null,"CURRENT_RATIO":1.437554500855,"COMMON_ACS":20000000000,"CURRENTDEBT_DEBT":56.120708816877,"ISSUED_COMMON_SHARES":1313467000,"HK_COMMON_SHARES":1313467000,"PER_SHARES":2000,"TOTAL_MARKET_CAP":127406299,"HKSK_MARKET_CAP":127406299,"PE_TTM":-1.48239940195,"PB_TTM":2.151588263109,"REPORT_DATE_SQ":"2021-06-30 00:00:00","REPORT_TYPE_SQ":"2021年中报","OPERATE_INCOME_SQ":139958352.24,"DPS_HKD":null,"OPERATE_INCOME_QOQ_SQ":-33.173300702688,"NET_PROFIT_RATIO_SQ":-10.9445134748,"HOLDER_PROFIT_SQ":-15315264.48,"HOLDER_PROFIT_QOQ_SQ":12.171728386435,"ROE_AVG_SQ":-6.17937165533,"PE_TTM_SQ":-2.753987355111,"PB_TTM_SQ":1.68498235095,"ROA_SQ":-2.320435998906,"START_DATE":"2022-01-01 00:00:00","FISCAL_YEAR":"12-31","CURRENCY":"HKD","IS_CNY_CODE":0,"DPS_HKD_LY":null,"ORG_TYPE":"一般企业","PREMIUM_INCOME":null,"PREMIUM_INCOME_YOY":null,"NET_INTEREST_INCOME":null,"NET_INTEREST_INCOME_YOY":null,"FEE_COMMISSION_INCOME":null,"FEE_COMMISSION_INCOME_YOY":null,"ACCOUNTS_RECE_TDAYS":0.770572928296,"INVENTORY_TDAYS":2.125513862757,"CURRENT_ASSETS_TDAYS":0.365224970585,"TOTAL_ASSETS_TDAYS":0.245521835438,"PREMIUM_EXPENSE":null,"LOAN_DEPOSIT":null,"LOAN_EQUITY":null,"LOAN_ASSETS":null,"DEPOSIT_EQUITY":null,"DEPOSIT_ASSETS":null,"EQUITY_MULTIPLIER":3.407189586564,"EQUITY_RATIO":2.401154446458},{"SECUCODE":"01991.HK","SECURITY_CODE":"01991","SECURITY_NAME_ABBR":"大洋集团","ORG_CODE":"10079890","STD_REPORT_DATE":"2021-12-31 00:00:00","REPORT_DATE":"2021-12-31 00:00:00","DATE_TYPE_CODE":"001","REPORT_TYPE":"2021年年报","PER_NETCASH_OPERATE":-0.047231544721,"PER_OI":0.226821531918,"BPS":0.150925220047,"BASIC_EPS":-0.06148352,"DILUTED_EPS":-0.06148352,"OPERATE_INCOME":296402892.8,"OPERATE_INCOME_YOY":2.3541037296,"GROSS_PROFIT":62367345.6,"GROSS_PROFIT_YOY":-4.593582662803,"HOLDER_PROFIT":-69415057.6,"HOLDER_PROFIT_YOY":11.3971739267,"GROSS_PROFIT_RATIO":21.041409215288,"EPS_TTM":-0.053119689738,"OPERATE_INCOME_QOQ":48.788636468711,"NET_PROFIT_RATIO":-23.6583105305,"ROE_AVG":-32.810712629464,"GROSS_PROFIT_QOQ":2.852522745416,"ROA":-10.782523880977,"HOLDER_PROFIT_QOQ":1.999621471928,"ROE_YEARLY":-32.810712629464,"ROIC_YEARLY":-11.466785880217,"TOTAL_ASSETS":644635902.4,"TOTAL_LIABILITIES":446827393.6,"TAX_EBT":7.570614162706,"OCF_SALES":-20.823219172036,"TOTAL_PARENT_EQUITY":198235296,"DEBT_ASSET_RATIO":69.3146925166,"OPERATE_PROFIT":-57038228.8,"PRETAX_PROFIT":-75867556.8,"NETCASH_OPERATE":-61720624,"NETCASH_INVEST":106664913.6,"NETCASH_FINANCE":-16167222.4,"END_CASH":48711790.4,"DIVI_RATIO":null,"DIVIDEND_RATE":null,"CURRENT_RATIO":1.232260825648,"COMMON_ACS":20000000000,"CURRENTDEBT_DEBT":90.212090881977,"ISSUED_COMMON_SHARES":1313467000,"HK_COMMON_SHARES":1313467000,"PER_SHARES":2000,"TOTAL_MARKET_CAP":127406299,"HKSK_MARKET_CAP":127406299,"PE_TTM":-1.48239940195,"PB_TTM":2.151588263109,"REPORT_DATE_SQ":"2020-12-31 00:00:00","REPORT_TYPE_SQ":"2020年年报","OPERATE_INCOME_SQ":298100471.6,"DPS_HKD":null,"OPERATE_INCOME_QOQ_SQ":-7.283946911846,"NET_PROFIT_RATIO_SQ":-27.0546881617,"HOLDER_PROFIT_SQ":-80647628.08,"HOLDER_PROFIT_QOQ_SQ":-219.961247153532,"ROE_AVG_SQ":-31.477682421057,"PE_TTM_SQ":-2.753987355111,"PB_TTM_SQ":1.68498235095,"ROA_SQ":-12.047754986317,"START_DATE":"2021-01-01 00:00:00","FISCAL_YEAR":"12-31","CURRENCY":"HKD","IS_CNY_CODE":0,"DPS_HKD_LY":null,"ORG_TYPE":"一般企业","PREMIUM_INCOME":null,"PREMIUM_INCOME_YOY":null,"NET_INTEREST_INCOME":null,"NET_INTEREST_INCOME_YOY":null,"FEE_COMMISSION_INCOME":null,"FEE_COMMISSION_INCOME_YOY":null,"ACCOUNTS_RECE_TDAYS":1.486934444586,"INVENTORY_TDAYS":5.790722608836,"CURRENT_ASSETS_TDAYS":0.751273958607,"TOTAL_ASSETS_TDAYS":0.460414696826,"PREMIUM_EXPENSE":null,"LOAN_DEPOSIT":null,"LOAN_EQUITY":null,"LOAN_ASSETS":null,"DEPOSIT_EQUITY":null,"DEPOSIT_ASSETS":null,"EQUITY_MULTIPLIER":3.258888640894,"EQUITY_RATIO":2.254025406253},{"SECUCODE":"01991.HK","SECURITY_CODE":"01991","SECURITY_NAME_ABBR":"大洋集团","ORG_CODE":"10079890","STD_REPORT_DATE":"2021-06-30 00:00:00","REPORT_DATE":"2021-06-30 00:00:00","DATE_TYPE_CODE":"002","REPORT_TYPE":"2021年中报","PER_NETCASH_OPERATE":-0.003440344178,"PER_OI":0.107102759895,"BPS":0.20314031576,"BASIC_EPS":-0.015227064,"DILUTED_EPS":-0.015227064,"OPERATE_INCOME":139958352.24,"OPERATE_INCOME_YOY":-35.6732012146,"GROSS_PROFIT":37507670.16,"GROSS_PROFIT_YOY":-11.203865267521,"HOLDER_PROFIT":-15315264.48,"HOLDER_PROFIT_YOY":33.1007160252,"GROSS_PROFIT_RATIO":26.799165294317,"EPS_TTM":-0.054203555676,"OPERATE_INCOME_QOQ":-33.173300702688,"NET_PROFIT_RATIO":-10.9445134748,"ROE_AVG":-6.17937165533,"GROSS_PROFIT_QOQ":-7.239594333189,"ROA":-2.320435998906,"HOLDER_PROFIT_QOQ":12.171728386435,"ROE_YEARLY":-12.358743310661,"ROIC_YEARLY":-4.892746873584,"TOTAL_ASSETS":665735558.88,"TOTAL_LIABILITIES":396304726.56,"TAX_EBT":-0.255963402679,"OCF_SALES":-3.212190032282,"TOTAL_PARENT_EQUITY":266818101.12,"DEBT_ASSET_RATIO":59.5288506486,"OPERATE_PROFIT":-7772459.28,"PRETAX_PROFIT":-15278652.96,"NETCASH_OPERATE":-4495728.24,"NETCASH_INVEST":13288317.6,"NETCASH_FINANCE":11525972.16,"END_CASH":42318756.72,"DIVI_RATIO":null,"DIVIDEND_RATE":null,"CURRENT_RATIO":1.277772777267,"COMMON_ACS":20000000000,"CURRENTDEBT_DEBT":95.638508278709,"ISSUED_COMMON_SHARES":1313467000,"HK_COMMON_SHARES":1313467000,"PER_SHARES":2000,"TOTAL_MARKET_CAP":127406299,"HKSK_MARKET_CAP":127406299,"PE_TTM":-1.48239940195,"PB_TTM":2.151588263109,"REPORT_DATE_SQ":"2020-06-30 00:00:00","REPORT_TYPE_SQ":"2020年中报","OPERATE_INCOME_SQ":238848118.08,"DPS_HKD":null,"OPERATE_INCOME_QOQ_SQ":0,"NET_PROFIT_RATIO_SQ":-10.5227128445,"HOLDER_PROFIT_SQ":-25131474.72,"HOLDER_PROFIT_QOQ_SQ":0,"ROE_AVG_SQ":-8.803441639162,"PE_TTM_SQ":-2.753987355111,"PB_TTM_SQ":1.68498235095,"ROA_SQ":-3.41771302788,"START_DATE":"2021-01-01 00:00:00","FISCAL_YEAR":"12-31","CURRENCY":"HKD","IS_CNY_CODE":0,"DPS_HKD_LY":null,"ORG_TYPE":"一般企业","PREMIUM_INCOME":null,"PREMIUM_INCOME_YOY":null,"NET_INTEREST_INCOME":null,"NET_INTEREST_INCOME_YOY":null,"FEE_COMMISSION_INCOME":null,"FEE_COMMISSION_INCOME_YOY":null,"ACCOUNTS_RECE_TDAYS":0.653743606486,"INVENTORY_TDAYS":3.057967415061,"CURRENT_ASSETS_TDAYS":0.358026885594,"TOTAL_ASSETS_TDAYS":0.212052752539,"PREMIUM_EXPENSE":null,"LOAN_DEPOSIT":null,"LOAN_EQUITY":null,"LOAN_ASSETS":null,"DEPOSIT_EQUITY":null,"DEPOSIT_ASSETS":null,"EQUITY_MULTIPLIER":2.470895974111,"EQUITY_RATIO":1.485299254048},{"SECUCODE":"01991.HK","SECURITY_CODE":"01991","SECURITY_NAME_ABBR":"大洋集团","ORG_CODE":"10079890","STD_REPORT_DATE":"2020-12-31 00:00:00","REPORT_DATE":"2020-12-31 00:00:00","DATE_TYPE_CODE":"001","REPORT_TYPE":"2020年年报","PER_NETCASH_OPERATE":0.016261297324,"PER_OI":0.342180899426,"BPS":0.176252238084,"BASIC_EPS":-0.088203872,"DILUTED_EPS":-0.088203872,"OPERATE_INCOME":298100471.6,"OPERATE_INCOME_YOY":null,"GROSS_PROFIT":65370178.8,"GROSS_PROFIT_YOY":null,"HOLDER_PROFIT":-80647628.08,"HOLDER_PROFIT_YOY":null,"GROSS_PROFIT_RATIO":21.928908213106,"EPS_TTM":-0.092573077006,"OPERATE_INCOME_QOQ":-7.283946911846,"NET_PROFIT_RATIO":-27.0546881617,"ROE_AVG":-31.477682421057,"GROSS_PROFIT_QOQ":-7.839854552656,"ROA":-12.047754986317,"HOLDER_PROFIT_QOQ":-219.961247153532,"ROE_YEARLY":-31.477682421057,"ROIC_YEARLY":-13.146795964119,"TOTAL_ASSETS":661815197.6,"TOTAL_LIABILITIES":427669266.32,"TAX_EBT":-0.88222598882,"OCF_SALES":4.752251616364,"TOTAL_PARENT_EQUITY":231501498.4,"DEBT_ASSET_RATIO":64.620647557,"OPERATE_PROFIT":-46133654.96,"PRETAX_PROFIT":-79944858.68,"NETCASH_OPERATE":16162012.92,"NETCASH_INVEST":-4446384.12,"NETCASH_FINANCE":-68368942.12,"END_CASH":26742269.36,"DIVI_RATIO":null,"DIVIDEND_RATE":null,"CURRENT_RATIO":0.743262653117,"COMMON_ACS":20000000000,"CURRENTDEBT_DEBT":94.676446162263,"ISSUED_COMMON_SHARES":1313467000,"HK_COMMON_SHARES":1313467000,"PER_SHARES":2000,"TOTAL_MARKET_CAP":127406299,"HKSK_MARKET_CAP":127406299,"PE_TTM":-1.48239940195,"PB_TTM":2.151588263109,"REPORT_DATE_SQ":"2019-12-31 00:00:00","REPORT_TYPE_SQ":"2019年年报","OPERATE_INCOME_SQ":null,"DPS_HKD":null,"OPERATE_INCOME_QOQ_SQ":0,"NET_PROFIT_RATIO_SQ":null,"HOLDER_PROFIT_SQ":null,"HOLDER_PROFIT_QOQ_SQ":0,"ROE_AVG_SQ":null,"PE_TTM_SQ":-2.753987355111,"PB_TTM_SQ":1.68498235095,"ROA_SQ":null,"START_DATE":"2020-01-01 00:00:00","FISCAL_YEAR":"12-31","CURRENCY":"HKD","IS_CNY_CODE":0,"DPS_HKD_LY":null,"ORG_TYPE":"一般企业","PREMIUM_INCOME":null,"PREMIUM_INCOME_YOY":null,"NET_INTEREST_INCOME":null,"NET_INTEREST_INCOME_YOY":null,"FEE_COMMISSION_INCOME":null,"FEE_COMMISSION_INCOME_YOY":null,"ACCOUNTS_RECE_TDAYS":1.43963581307,"INVENTORY_TDAYS":8.302532614733,"CURRENT_ASSETS_TDAYS":0.963313107357,"TOTAL_ASSETS_TDAYS":0.445325117259,"PREMIUM_EXPENSE":null,"LOAN_DEPOSIT":null,"LOAN_EQUITY":null,"LOAN_ASSETS":null,"DEPOSIT_EQUITY":null,"DEPOSIT_ASSETS":null,"EQUITY_MULTIPLIER":2.82650735796,"EQUITY_RATIO":1.847371482586},{"SECUCODE":"01991.HK","SECURITY_CODE":"01991","SECURITY_NAME_ABBR":"大洋集团","ORG_CODE":"10079890","STD_REPORT_DATE":"2020-06-30 00:00:00","REPORT_DATE":"2020-06-30 00:00:00","DATE_TYPE_CODE":"002","REPORT_TYPE":"2020年中报","PER_NETCASH_OPERATE":-0.015225432965,"PER_OI":0.274166838557,"BPS":0.202572492373,"BASIC_EPS":-0.027494544,"DILUTED_EPS":-0.027494544,"OPERATE_INCOME":238848118.08,"OPERATE_INCOME_YOY":68.9083826959,"GROSS_PROFIT":42240205.92,"GROSS_PROFIT_YOY":26.371879343777,"HOLDER_PROFIT":-25131474.72,"HOLDER_PROFIT_YOY":26.0383343638,"GROSS_PROFIT_RATIO":17.684964930664,"EPS_TTM":-0.028932590378,"OPERATE_INCOME_QOQ":0,"NET_PROFIT_RATIO":-10.5227128445,"ROE_AVG":-8.803441639162,"GROSS_PROFIT_QOQ":0,"ROA":-3.41771302788,"HOLDER_PROFIT_QOQ":0,"ROE_YEARLY":-17.606883278325,"ROIC_YEARLY":-7.610098946776,"TOTAL_ASSETS":735922983.84,"TOTAL_LIABILITIES":466967883.36,"TAX_EBT":-0.06910096014,"OCF_SALES":-5.553345928209,"TOTAL_PARENT_EQUITY":266072283.84,"DEBT_ASSET_RATIO":63.4533631391,"OPERATE_PROFIT":-16472976.96,"PRETAX_PROFIT":-25115946.24,"NETCASH_OPERATE":-13264062.24,"NETCASH_INVEST":-2687340.48,"NETCASH_FINANCE":-16783546.56,"END_CASH":57248938.56,"DIVI_RATIO":null,"DIVIDEND_RATE":null,"CURRENT_RATIO":1.18059371998,"COMMON_ACS":20000000000,"CURRENTDEBT_DEBT":96.316255851211,"ISSUED_COMMON_SHARES":1313467000,"HK_COMMON_SHARES":1313467000,"PER_SHARES":2000,"TOTAL_MARKET_CAP":127406299,"HKSK_MARKET_CAP":127406299,"PE_TTM":-1.48239940195,"PB_TTM":2.151588263109,"REPORT_DATE_SQ":"2019-06-30 00:00:00","REPORT_TYPE_SQ":"2019年中报","OPERATE_INCOME_SQ":136177525.62,"DPS_HKD":null,"OPERATE_INCOME_QOQ_SQ":0,"NET_PROFIT_RATIO_SQ":-12.2248844094,"HOLDER_PROFIT_SQ":-32722472.34,"HOLDER_PROFIT_QOQ_SQ":0,"ROE_AVG_SQ":-5.588864524652,"PE_TTM_SQ":-2.753987355111,"PB_TTM_SQ":1.68498235095,"ROA_SQ":-2.719804135237,"START_DATE":"2020-01-01 00:00:00","FISCAL_YEAR":"12-31","CURRENCY":"HKD","IS_CNY_CODE":0,"DPS_HKD_LY":null,"ORG_TYPE":"一般企业","PREMIUM_INCOME":null,"PREMIUM_INCOME_YOY":null,"NET_INTEREST_INCOME":null,"NET_INTEREST_INCOME_YOY":null,"FEE_COMMISSION_INCOME":null,"FEE_COMMISSION_INCOME_YOY":null,"ACCOUNTS_RECE_TDAYS":1.126747332678,"INVENTORY_TDAYS":6.128149645531,"CURRENT_ASSETS_TDAYS":0.545269332588,"TOTAL_ASSETS_TDAYS":0.324817518248,"PREMIUM_EXPENSE":null,"LOAN_DEPOSIT":null,"LOAN_EQUITY":null,"LOAN_ASSETS":null,"DEPOSIT_EQUITY":null,"DEPOSIT_ASSETS":null,"EQUITY_MULTIPLIER":2.736229885683,"EQUITY_RATIO":1.755041436938}],"count":37},"success":true,"message":"ok","code":0}