{"version":"36179602d107f17e94b996e9502f3b8c","result":{"pages":2,"data":[{"SECUCODE":"01992.HK","SECURITY_CODE":"01992","SECURITY_NAME_ABBR":"复星旅游文化","ORG_CODE":"10971520","STD_REPORT_DATE":"2024-06-30 00:00:00","REPORT_DATE":"2024-06-30 00:00:00","DATE_TYPE_CODE":"002","REPORT_TYPE":"2024年中报","PER_NETCASH_OPERATE":0.961455520145,"PER_OI":7.569831396043,"BPS":2.071752138464,"BASIC_EPS":0.26,"DILUTED_EPS":0.26,"OPERATE_INCOME":9414566000,"OPERATE_INCOME_YOY":5.7957029569,"GROSS_PROFIT":3206501000,"GROSS_PROFIT_YOY":4.221480571874,"HOLDER_PROFIT":321838000,"HOLDER_PROFIT_YOY":-31.7908613089,"GROSS_PROFIT_RATIO":34.058935908464,"EPS_TTM":0.126395076094,"OPERATE_INCOME_QOQ":3.006960010882,"NET_PROFIT_RATIO":3.3687585811,"ROE_AVG":13.202879020034,"GROSS_PROFIT_QOQ":2.321259995632,"ROA":0.846163267644,"HOLDER_PROFIT_QOQ":-48.828934990023,"ROE_YEARLY":26.405758040068,"ROIC_YEARLY":1.854967835627,"TOTAL_ASSETS":37447106000,"TOTAL_LIABILITIES":34802577000,"TAX_EBT":18.220496317842,"OCF_SALES":12.70114841194,"TOTAL_PARENT_EQUITY":2578851000,"DEBT_ASSET_RATIO":92.9379616144,"OPERATE_PROFIT":1036480000,"PRETAX_PROFIT":387816000,"NETCASH_OPERATE":1195758000,"NETCASH_INVEST":-353568000,"NETCASH_FINANCE":23629000,"END_CASH":3380466000,"DIVI_RATIO":null,"DIVIDEND_RATE":null,"CURRENT_RATIO":0.618539357958,"COMMON_ACS":10000000000,"CURRENTDEBT_DEBT":40.512327578501,"ISSUED_COMMON_SHARES":1244768113,"HK_COMMON_SHARES":1244768113,"PER_SHARES":200,"TOTAL_MARKET_CAP":9472685339.93,"HKSK_MARKET_CAP":9472685339.93,"PE_TTM":52.669658949972,"PB_TTM":3.352473817234,"REPORT_DATE_SQ":"2023-06-30 00:00:00","REPORT_TYPE_SQ":"2023年中报","OPERATE_INCOME_SQ":8898817000,"DPS_HKD":null,"OPERATE_INCOME_QOQ_SQ":18.016593468726,"NET_PROFIT_RATIO_SQ":5.510080722,"HOLDER_PROFIT_SQ":471840000,"HOLDER_PROFIT_QOQ_SQ":122.68012479354,"ROE_AVG_SQ":17.86981665865,"PE_TTM_SQ":42.368733045877,"PB_TTM_SQ":1.82273123358,"ROA_SQ":1.224334981102,"START_DATE":"2024-01-01 00:00:00","FISCAL_YEAR":"12-31","CURRENCY":"HKD","IS_CNY_CODE":0,"DPS_HKD_LY":null,"ORG_TYPE":"一般企业","PREMIUM_INCOME":null,"PREMIUM_INCOME_YOY":null,"NET_INTEREST_INCOME":null,"NET_INTEREST_INCOME_YOY":null,"FEE_COMMISSION_INCOME":null,"FEE_COMMISSION_INCOME_YOY":null,"ACCOUNTS_RECE_TDAYS":15.474379393718,"INVENTORY_TDAYS":3.166418060227,"CURRENT_ASSETS_TDAYS":1.089438646502,"TOTAL_ASSETS_TDAYS":0.24752390737,"PREMIUM_EXPENSE":null,"LOAN_DEPOSIT":null,"LOAN_EQUITY":null,"LOAN_ASSETS":null,"DEPOSIT_EQUITY":null,"DEPOSIT_ASSETS":null,"EQUITY_MULTIPLIER":14.160217566065,"EQUITY_RATIO":13.495381082505},{"SECUCODE":"01992.HK","SECURITY_CODE":"01992","SECURITY_NAME_ABBR":"复星旅游文化","ORG_CODE":"10971520","STD_REPORT_DATE":"2023-12-31 00:00:00","REPORT_DATE":"2023-12-31 00:00:00","DATE_TYPE_CODE":"001","REPORT_TYPE":"2023年年报","PER_NETCASH_OPERATE":3.51015463996,"PER_OI":13.801055537879,"BPS":1.844856866124,"BASIC_EPS":0.25,"DILUTED_EPS":0.25,"OPERATE_INCOME":17151841000,"OPERATE_INCOME_YOY":24.4897809578,"GROSS_PROFIT":5595194000,"GROSS_PROFIT_YOY":40.218126229529,"HOLDER_PROFIT":307199000,"HOLDER_PROFIT_YOY":156.377133419,"GROSS_PROFIT_RATIO":32.621536078838,"EPS_TTM":0.247184571043,"OPERATE_INCOME_QOQ":5.484980797029,"NET_PROFIT_RATIO":2.0173344657,"ROE_AVG":12.921865364829,"GROSS_PROFIT_QOQ":8.144224409557,"ROA":0.802580062945,"HOLDER_PROFIT_QOQ":148.575058259969,"ROE_YEARLY":12.921865364829,"ROIC_YEARLY":0.872628021296,"TOTAL_ASSETS":38622847000,"TOTAL_LIABILITIES":36242547000,"TAX_EBT":29.266622374406,"OCF_SALES":25.433957789138,"TOTAL_PARENT_EQUITY":2296419000,"DEBT_ASSET_RATIO":93.8370674746,"OPERATE_PROFIT":1806803000,"PRETAX_PROFIT":489175000,"NETCASH_OPERATE":4362392000,"NETCASH_INVEST":-974600000,"NETCASH_FINANCE":-3240996000,"END_CASH":2556365000,"DIVI_RATIO":null,"DIVIDEND_RATE":null,"CURRENT_RATIO":0.531379726939,"COMMON_ACS":10000000000,"CURRENTDEBT_DEBT":44.459935445486,"ISSUED_COMMON_SHARES":1244768113,"HK_COMMON_SHARES":1244768113,"PER_SHARES":200,"TOTAL_MARKET_CAP":9186388673.94,"HKSK_MARKET_CAP":9186388673.94,"PE_TTM":51.077803291825,"PB_TTM":3.251150692666,"REPORT_DATE_SQ":"2022-12-31 00:00:00","REPORT_TYPE_SQ":"2022年年报","OPERATE_INCOME_SQ":13777710000,"DPS_HKD":null,"OPERATE_INCOME_QOQ_SQ":6.83252497761,"NET_PROFIT_RATIO_SQ":-3.8597923748,"HOLDER_PROFIT_SQ":-544900000,"HOLDER_PROFIT_QOQ_SQ":39.715849122566,"ROE_AVG_SQ":-21.018277492565,"PE_TTM_SQ":38.12242349785,"PB_TTM_SQ":1.640052156718,"ROA_SQ":-1.448917739018,"START_DATE":"2023-01-01 00:00:00","FISCAL_YEAR":"12-31","CURRENCY":"HKD","IS_CNY_CODE":0,"DPS_HKD_LY":null,"ORG_TYPE":"一般企业","PREMIUM_INCOME":null,"PREMIUM_INCOME_YOY":null,"NET_INTEREST_INCOME":null,"NET_INTEREST_INCOME_YOY":null,"FEE_COMMISSION_INCOME":null,"FEE_COMMISSION_INCOME_YOY":null,"ACCOUNTS_RECE_TDAYS":21.385935425148,"INVENTORY_TDAYS":4.818551217485,"CURRENT_ASSETS_TDAYS":1.903650549028,"TOTAL_ASSETS_TDAYS":0.448104506506,"PREMIUM_EXPENSE":null,"LOAN_DEPOSIT":null,"LOAN_EQUITY":null,"LOAN_ASSETS":null,"DEPOSIT_EQUITY":null,"DEPOSIT_ASSETS":null,"EQUITY_MULTIPLIER":16.226041675429,"EQUITY_RATIO":15.782201331726},{"SECUCODE":"01992.HK","SECURITY_CODE":"01992","SECURITY_NAME_ABBR":"复星旅游文化","ORG_CODE":"10971520","STD_REPORT_DATE":"2023-06-30 00:00:00","REPORT_DATE":"2023-06-30 00:00:00","DATE_TYPE_CODE":"002","REPORT_TYPE":"2023年中报","PER_NETCASH_OPERATE":1.422733081194,"PER_OI":7.16542598416,"BPS":2.267541215526,"BASIC_EPS":0.38,"DILUTED_EPS":0.38,"OPERATE_INCOME":8898817000,"OPERATE_INCOME_YOY":38.6855351862,"GROSS_PROFIT":3076622000,"GROSS_PROFIT_YOY":62.513720547702,"HOLDER_PROFIT":471840000,"HOLDER_PROFIT_YOY":339.9462988955,"GROSS_PROFIT_RATIO":34.573382057413,"EPS_TTM":0.099511205234,"OPERATE_INCOME_QOQ":18.016593468726,"NET_PROFIT_RATIO":5.510080722,"ROE_AVG":17.86981665865,"GROSS_PROFIT_QOQ":29.658451013069,"ROA":1.224334981102,"HOLDER_PROFIT_QOQ":122.68012479354,"ROE_YEARLY":35.739633317301,"ROIC_YEARLY":2.672692421966,"TOTAL_ASSETS":39146931000,"TOTAL_LIABILITIES":36236879000,"TAX_EBT":27.738265418908,"OCF_SALES":19.855526863852,"TOTAL_PARENT_EQUITY":2822563000,"DEBT_ASSET_RATIO":92.5663342549,"OPERATE_PROFIT":1352415000,"PRETAX_PROFIT":678550000,"NETCASH_OPERATE":1766907000,"NETCASH_INVEST":-228052000,"NETCASH_FINANCE":-1333301000,"END_CASH":2621375000,"DIVI_RATIO":null,"DIVIDEND_RATE":null,"CURRENT_RATIO":0.658340818141,"COMMON_ACS":10000000000,"CURRENTDEBT_DEBT":40.37837254141,"ISSUED_COMMON_SHARES":1244768113,"HK_COMMON_SHARES":1244768113,"PER_SHARES":200,"TOTAL_MARKET_CAP":9186388673.94,"HKSK_MARKET_CAP":9186388673.94,"PE_TTM":51.077803291825,"PB_TTM":3.251150692666,"REPORT_DATE_SQ":"2022-06-30 00:00:00","REPORT_TYPE_SQ":"2022年中报","OPERATE_INCOME_SQ":6416543000,"DPS_HKD":null,"OPERATE_INCOME_QOQ_SQ":39.24944768505,"NET_PROFIT_RATIO_SQ":-3.2485405303,"HOLDER_PROFIT_SQ":-196644000,"HOLDER_PROFIT_QOQ_SQ":66.671337201027,"ROE_AVG_SQ":-6.694071268418,"PE_TTM_SQ":38.12242349785,"PB_TTM_SQ":1.640052156718,"ROA_SQ":-0.531377415657,"START_DATE":"2023-01-01 00:00:00","FISCAL_YEAR":"12-31","CURRENCY":"HKD","IS_CNY_CODE":0,"DPS_HKD_LY":null,"ORG_TYPE":"一般企业","PREMIUM_INCOME":null,"PREMIUM_INCOME_YOY":null,"NET_INTEREST_INCOME":null,"NET_INTEREST_INCOME_YOY":null,"FEE_COMMISSION_INCOME":null,"FEE_COMMISSION_INCOME_YOY":null,"ACCOUNTS_RECE_TDAYS":10.808218495928,"INVENTORY_TDAYS":2.162571092794,"CURRENT_ASSETS_TDAYS":0.932283930977,"TOTAL_ASSETS_TDAYS":0.230907361468,"PREMIUM_EXPENSE":null,"LOAN_DEPOSIT":null,"LOAN_EQUITY":null,"LOAN_ASSETS":null,"DEPOSIT_EQUITY":null,"DEPOSIT_ASSETS":null,"EQUITY_MULTIPLIER":13.452313223246,"EQUITY_RATIO":12.838288817646},{"SECUCODE":"01992.HK","SECURITY_CODE":"01992","SECURITY_NAME_ABBR":"复星旅游文化","ORG_CODE":"10971520","STD_REPORT_DATE":"2022-12-31 00:00:00","REPORT_DATE":"2022-12-31 00:00:00","DATE_TYPE_CODE":"001","REPORT_TYPE":"2022年年报","PER_NETCASH_OPERATE":1.932616667993,"PER_OI":11.097634641139,"BPS":1.974903577884,"BASIC_EPS":-0.44,"DILUTED_EPS":-0.44,"OPERATE_INCOME":13777710000,"OPERATE_INCOME_YOY":48.7637009793,"GROSS_PROFIT":3990350000,"GROSS_PROFIT_YOY":55.450355498194,"HOLDER_PROFIT":-544900000,"HOLDER_PROFIT_YOY":79.9569123272,"GROSS_PROFIT_RATIO":28.962360218062,"EPS_TTM":-0.438904659479,"OPERATE_INCOME_QOQ":6.83252497761,"NET_PROFIT_RATIO":-3.8597923748,"ROE_AVG":-21.018277492565,"GROSS_PROFIT_QOQ":3.244971324219,"ROA":-1.448917739018,"HOLDER_PROFIT_QOQ":39.715849122566,"ROE_YEARLY":-21.018277492565,"ROIC_YEARLY":-1.616317300083,"TOTAL_ASSETS":37930014000,"TOTAL_LIABILITIES":35298917000,"TAX_EBT":-31.908966885775,"OCF_SALES":17.414671959273,"TOTAL_PARENT_EQUITY":2458297000,"DEBT_ASSET_RATIO":93.0632849226,"OPERATE_PROFIT":593503000,"PRETAX_PROFIT":-403150000,"NETCASH_OPERATE":2399343000,"NETCASH_INVEST":-376325000,"NETCASH_FINANCE":-3397567000,"END_CASH":2394660000,"DIVI_RATIO":null,"DIVIDEND_RATE":null,"CURRENT_RATIO":0.646857511489,"COMMON_ACS":10000000000,"CURRENTDEBT_DEBT":41.420106458224,"ISSUED_COMMON_SHARES":1244768113,"HK_COMMON_SHARES":1244768113,"PER_SHARES":200,"TOTAL_MARKET_CAP":9186388673.94,"HKSK_MARKET_CAP":9186388673.94,"PE_TTM":51.077803291825,"PB_TTM":3.251150692666,"REPORT_DATE_SQ":"2021-12-31 00:00:00","REPORT_TYPE_SQ":"2021年年报","OPERATE_INCOME_SQ":9261473000,"DPS_HKD":null,"OPERATE_INCOME_QOQ_SQ":74.287876273031,"NET_PROFIT_RATIO_SQ":-30.0245652069,"HOLDER_PROFIT_SQ":-2718643000,"HOLDER_PROFIT_QOQ_SQ":26.186276337617,"ROE_AVG_SQ":-67.52394147061,"PE_TTM_SQ":38.12242349785,"PB_TTM_SQ":1.640052156718,"ROA_SQ":-7.13963449901,"START_DATE":"2022-01-01 00:00:00","FISCAL_YEAR":"12-31","CURRENCY":"HKD","IS_CNY_CODE":0,"DPS_HKD_LY":null,"ORG_TYPE":"一般企业","PREMIUM_INCOME":null,"PREMIUM_INCOME_YOY":null,"NET_INTEREST_INCOME":null,"NET_INTEREST_INCOME_YOY":null,"FEE_COMMISSION_INCOME":null,"FEE_COMMISSION_INCOME_YOY":null,"ACCOUNTS_RECE_TDAYS":18.847730714459,"INVENTORY_TDAYS":4.106083845439,"CURRENT_ASSETS_TDAYS":1.419258626236,"TOTAL_ASSETS_TDAYS":0.36635655023,"PREMIUM_EXPENSE":null,"LOAN_DEPOSIT":null,"LOAN_EQUITY":null,"LOAN_ASSETS":null,"DEPOSIT_EQUITY":null,"DEPOSIT_ASSETS":null,"EQUITY_MULTIPLIER":14.41604547458,"EQUITY_RATIO":14.359093714063},{"SECUCODE":"01992.HK","SECURITY_CODE":"01992","SECURITY_NAME_ABBR":"复星旅游文化","ORG_CODE":"10971520","STD_REPORT_DATE":"2022-06-30 00:00:00","REPORT_DATE":"2022-06-30 00:00:00","DATE_TYPE_CODE":"002","REPORT_TYPE":"2022年中报","PER_NETCASH_OPERATE":1.065861213567,"PER_OI":5.17476811557,"BPS":2.529350621307,"BASIC_EPS":-0.16,"DILUTED_EPS":-0.16,"OPERATE_INCOME":6416543000,"OPERATE_INCOME_YOY":130.689248044,"GROSS_PROFIT":1893146000,"GROSS_PROFIT_YOY":218.083313591174,"HOLDER_PROFIT":-196644000,"HOLDER_PROFIT_YOY":90.1913212117,"GROSS_PROFIT_RATIO":29.504142651269,"EPS_TTM":-0.728959574168,"OPERATE_INCOME_QOQ":39.24944768505,"NET_PROFIT_RATIO":-3.2485405303,"ROE_AVG":-6.694071268418,"GROSS_PROFIT_QOQ":50.564578113964,"ROA":-0.531377415657,"HOLDER_PROFIT_QOQ":66.671337201027,"ROE_YEARLY":-13.388142536836,"ROIC_YEARLY":-1.197271398245,"TOTAL_ASSETS":36728185000,"TOTAL_LIABILITIES":33421310000,"TAX_EBT":-5.340186075188,"OCF_SALES":20.597274887739,"TOTAL_PARENT_EQUITY":3148455000,"DEBT_ASSET_RATIO":90.9963560682,"OPERATE_PROFIT":286574000,"PRETAX_PROFIT":-197877000,"NETCASH_OPERATE":1321633000,"NETCASH_INVEST":2453000,"NETCASH_FINANCE":-2058546000,"END_CASH":3019661000,"DIVI_RATIO":null,"DIVIDEND_RATE":null,"CURRENT_RATIO":0.830702604761,"COMMON_ACS":10000000000,"CURRENTDEBT_DEBT":35.781365242715,"ISSUED_COMMON_SHARES":1244768113,"HK_COMMON_SHARES":1244768113,"PER_SHARES":200,"TOTAL_MARKET_CAP":9186388673.94,"HKSK_MARKET_CAP":9186388673.94,"PE_TTM":51.077803291825,"PB_TTM":3.251150692666,"REPORT_DATE_SQ":"2021-06-30 00:00:00","REPORT_TYPE_SQ":"2021年中报","OPERATE_INCOME_SQ":2781466000,"DPS_HKD":null,"OPERATE_INCOME_QOQ_SQ":-24.735119415625,"NET_PROFIT_RATIO_SQ":-74.2425756777,"HOLDER_PROFIT_SQ":-2004796000,"HOLDER_PROFIT_QOQ_SQ":-43.070894012748,"ROE_AVG_SQ":-46.819040590751,"PE_TTM_SQ":38.12242349785,"PB_TTM_SQ":1.640052156718,"ROA_SQ":-5.235799484776,"START_DATE":"2022-01-01 00:00:00","FISCAL_YEAR":"12-31","CURRENCY":"HKD","IS_CNY_CODE":0,"DPS_HKD_LY":null,"ORG_TYPE":"一般企业","PREMIUM_INCOME":null,"PREMIUM_INCOME_YOY":null,"NET_INTEREST_INCOME":null,"NET_INTEREST_INCOME_YOY":null,"FEE_COMMISSION_INCOME":null,"FEE_COMMISSION_INCOME_YOY":null,"ACCOUNTS_RECE_TDAYS":11.628490653232,"INVENTORY_TDAYS":1.924568882074,"CURRENT_ASSETS_TDAYS":0.645144629216,"TOTAL_ASSETS_TDAYS":0.173389782388,"PREMIUM_EXPENSE":null,"LOAN_DEPOSIT":null,"LOAN_EQUITY":null,"LOAN_ASSETS":null,"DEPOSIT_EQUITY":null,"DEPOSIT_ASSETS":null,"EQUITY_MULTIPLIER":11.106614250571,"EQUITY_RATIO":10.615146158989},{"SECUCODE":"01992.HK","SECURITY_CODE":"01992","SECURITY_NAME_ABBR":"复星旅游文化","ORG_CODE":"10971520","STD_REPORT_DATE":"2021-12-31 00:00:00","REPORT_DATE":"2021-12-31 00:00:00","DATE_TYPE_CODE":"001","REPORT_TYPE":"2021年年报","PER_NETCASH_OPERATE":1.400635690769,"PER_OI":7.476559082393,"BPS":2.26500098336,"BASIC_EPS":-2.2,"DILUTED_EPS":-2.2,"OPERATE_INCOME":9261473000,"OPERATE_INCOME_YOY":31.1775619499,"GROSS_PROFIT":2566961000,"GROSS_PROFIT_YOY":18.588128441164,"HOLDER_PROFIT":-2718643000,"HOLDER_PROFIT_YOY":-5.3513624592,"GROSS_PROFIT_RATIO":27.71655221583,"EPS_TTM":-2.189361491492,"OPERATE_INCOME_QOQ":74.287876273031,"NET_PROFIT_RATIO":-30.0245652069,"ROE_AVG":-67.52394147061,"GROSS_PROFIT_QOQ":99.290323131615,"ROA":-7.13963449901,"HOLDER_PROFIT_QOQ":26.186276337617,"ROE_YEARLY":-67.52394147061,"ROIC_YEARLY":-8.15963598665,"TOTAL_ASSETS":37190204000,"TOTAL_LIABILITIES":34292793000,"TAX_EBT":-15.851151153439,"OCF_SALES":18.733693873534,"TOTAL_PARENT_EQUITY":2726714000,"DEBT_ASSET_RATIO":91.9753965871,"OPERATE_PROFIT":-1444282000,"PRETAX_PROFIT":-2406065000,"NETCASH_OPERATE":1699784000,"NETCASH_INVEST":442754000,"NETCASH_FINANCE":-1165950000,"END_CASH":3756551000,"DIVI_RATIO":null,"DIVIDEND_RATE":null,"CURRENT_RATIO":0.750428711181,"COMMON_ACS":10000000000,"CURRENTDEBT_DEBT":38.69449478787,"ISSUED_COMMON_SHARES":1244768113,"HK_COMMON_SHARES":1244768113,"PER_SHARES":200,"TOTAL_MARKET_CAP":9186388673.94,"HKSK_MARKET_CAP":9186388673.94,"PE_TTM":51.077803291825,"PB_TTM":3.251150692666,"REPORT_DATE_SQ":"2020-12-31 00:00:00","REPORT_TYPE_SQ":"2020年年报","OPERATE_INCOME_SQ":7060257000,"DPS_HKD":null,"OPERATE_INCOME_QOQ_SQ":-44.851638733268,"NET_PROFIT_RATIO_SQ":-39.6918979012,"HOLDER_PROFIT_SQ":-2574279000,"HOLDER_PROFIT_QOQ_SQ":-229.239706102941,"ROE_AVG_SQ":-38.746531035534,"PE_TTM_SQ":38.12242349785,"PB_TTM_SQ":1.640052156718,"ROA_SQ":-6.803788876749,"START_DATE":"2021-01-01 00:00:00","FISCAL_YEAR":"12-31","CURRENCY":"HKD","IS_CNY_CODE":0,"DPS_HKD_LY":null,"ORG_TYPE":"一般企业","PREMIUM_INCOME":null,"PREMIUM_INCOME_YOY":null,"NET_INTEREST_INCOME":null,"NET_INTEREST_INCOME_YOY":null,"FEE_COMMISSION_INCOME":null,"FEE_COMMISSION_INCOME_YOY":null,"ACCOUNTS_RECE_TDAYS":17.704823797157,"INVENTORY_TDAYS":3.775393131949,"CURRENT_ASSETS_TDAYS":0.901138849589,"TOTAL_ASSETS_TDAYS":0.243814917573,"PREMIUM_EXPENSE":null,"LOAN_DEPOSIT":null,"LOAN_EQUITY":null,"LOAN_ASSETS":null,"DEPOSIT_EQUITY":null,"DEPOSIT_ASSETS":null,"EQUITY_MULTIPLIER":12.461675032967,"EQUITY_RATIO":12.576600626248},{"SECUCODE":"01992.HK","SECURITY_CODE":"01992","SECURITY_NAME_ABBR":"复星旅游文化","ORG_CODE":"10971520","STD_REPORT_DATE":"2021-06-30 00:00:00","REPORT_DATE":"2021-06-30 00:00:00","DATE_TYPE_CODE":"002","REPORT_TYPE":"2021年中报","PER_NETCASH_OPERATE":0.939342948971,"PER_OI":2.247208331637,"BPS":2.69174793683,"BASIC_EPS":-1.62,"DILUTED_EPS":-1.62,"OPERATE_INCOME":2781466000,"OPERATE_INCOME_YOY":-38.5695440353,"GROSS_PROFIT":595173000,"GROSS_PROFIT_YOY":-59.559469030878,"HOLDER_PROFIT":-2004796000,"HOLDER_PROFIT_YOY":-123.0763410422,"GROSS_PROFIT_RATIO":21.39781683472,"EPS_TTM":-2.968439736387,"OPERATE_INCOME_QOQ":-24.735119415625,"NET_PROFIT_RATIO":-74.2425756777,"ROE_AVG":-46.819040590751,"GROSS_PROFIT_QOQ":-40.494788418379,"ROA":-5.235799484776,"HOLDER_PROFIT_QOQ":-43.070894012748,"ROE_YEARLY":-93.638081181501,"ROIC_YEARLY":-12.070392722492,"TOTAL_ASSETS":37893726000,"TOTAL_LIABILITIES":34346108000,"TAX_EBT":-10.707708836268,"OCF_SALES":41.800439049048,"TOTAL_PARENT_EQUITY":3350602000,"DEBT_ASSET_RATIO":90.6379805459,"OPERATE_PROFIT":-1380107000,"PRETAX_PROFIT":-1865301000,"NETCASH_OPERATE":1162665000,"NETCASH_INVEST":979169000,"NETCASH_FINANCE":-263439000,"END_CASH":4663888000,"DIVI_RATIO":null,"DIVIDEND_RATE":null,"CURRENT_RATIO":0.836684169213,"COMMON_ACS":10000000000,"CURRENTDEBT_DEBT":37.125303979129,"ISSUED_COMMON_SHARES":1244768113,"HK_COMMON_SHARES":1244768113,"PER_SHARES":200,"TOTAL_MARKET_CAP":9186388673.94,"HKSK_MARKET_CAP":9186388673.94,"PE_TTM":51.077803291825,"PB_TTM":3.251150692666,"REPORT_DATE_SQ":"2020-06-30 00:00:00","REPORT_TYPE_SQ":"2020年中报","OPERATE_INCOME_SQ":4527829000,"DPS_HKD":null,"OPERATE_INCOME_QOQ_SQ":-26.156934849052,"NET_PROFIT_RATIO_SQ":-22.023004844,"HOLDER_PROFIT_SQ":-898704000,"HOLDER_PROFIT_QOQ_SQ":-228.137474906443,"ROE_AVG_SQ":-11.969420378037,"PE_TTM_SQ":38.12242349785,"PB_TTM_SQ":1.640052156718,"ROA_SQ":-2.350344438868,"START_DATE":"2021-01-01 00:00:00","FISCAL_YEAR":"12-31","CURRENCY":"HKD","IS_CNY_CODE":0,"DPS_HKD_LY":null,"ORG_TYPE":"一般企业","PREMIUM_INCOME":null,"PREMIUM_INCOME_YOY":null,"NET_INTEREST_INCOME":null,"NET_INTEREST_INCOME_YOY":null,"FEE_COMMISSION_INCOME":null,"FEE_COMMISSION_INCOME_YOY":null,"ACCOUNTS_RECE_TDAYS":5.833470878953,"INVENTORY_TDAYS":1.19132833562,"CURRENT_ASSETS_TDAYS":0.261588985121,"TOTAL_ASSETS_TDAYS":0.072641796221,"PREMIUM_EXPENSE":null,"LOAN_DEPOSIT":null,"LOAN_EQUITY":null,"LOAN_ASSETS":null,"DEPOSIT_EQUITY":null,"DEPOSIT_ASSETS":null,"EQUITY_MULTIPLIER":10.681456120688,"EQUITY_RATIO":10.250727481211},{"SECUCODE":"01992.HK","SECURITY_CODE":"01992","SECURITY_NAME_ABBR":"复星旅游文化","ORG_CODE":"10971520","STD_REPORT_DATE":"2020-12-31 00:00:00","REPORT_DATE":"2020-12-31 00:00:00","DATE_TYPE_CODE":"001","REPORT_TYPE":"2020年年报","PER_NETCASH_OPERATE":-1.608174911901,"PER_OI":5.716597217545,"BPS":4.118191931865,"BASIC_EPS":-2.08,"DILUTED_EPS":-2.08,"OPERATE_INCOME":7060257000,"OPERATE_INCOME_YOY":-59.2767596601,"GROSS_PROFIT":2164602000,"GROSS_PROFIT_YOY":-60.918767405856,"HOLDER_PROFIT":-2574279000,"HOLDER_PROFIT_YOY":-521.8794457897,"GROSS_PROFIT_RATIO":30.658968929885,"EPS_TTM":-2.079334925946,"OPERATE_INCOME_QOQ":-44.851638733268,"NET_PROFIT_RATIO":-39.6918979012,"ROE_AVG":-38.746531035534,"GROSS_PROFIT_QOQ":-45.814210451745,"ROA":-6.803788876749,"HOLDER_PROFIT_QOQ":-229.239706102941,"ROE_YEARLY":-38.746531035534,"ROIC_YEARLY":-7.523111451699,"TOTAL_ASSETS":38686594000,"TOTAL_LIABILITIES":33252802000,"TAX_EBT":-8.555091931971,"OCF_SALES":-28.131681325482,"TOTAL_PARENT_EQUITY":5213418000,"DEBT_ASSET_RATIO":86.1867240109,"OPERATE_PROFIT":-1682266000,"PRETAX_PROFIT":-2587348000,"NETCASH_OPERATE":-1986169000,"NETCASH_INVEST":-2610784000,"NETCASH_FINANCE":5276439000,"END_CASH":2808354000,"DIVI_RATIO":null,"DIVIDEND_RATE":null,"CURRENT_RATIO":1.021754877791,"COMMON_ACS":10000000000,"CURRENTDEBT_DEBT":31.190306910076,"ISSUED_COMMON_SHARES":1244768113,"HK_COMMON_SHARES":1244768113,"PER_SHARES":200,"TOTAL_MARKET_CAP":9186388673.94,"HKSK_MARKET_CAP":9186388673.94,"PE_TTM":51.077803291825,"PB_TTM":3.251150692666,"REPORT_DATE_SQ":"2019-12-31 00:00:00","REPORT_TYPE_SQ":"2019年年报","OPERATE_INCOME_SQ":17337169000,"DPS_HKD":null,"OPERATE_INCOME_QOQ_SQ":-7.114533088056,"NET_PROFIT_RATIO_SQ":3.3240317378,"HOLDER_PROFIT_SQ":608722000,"HOLDER_PROFIT_QOQ_SQ":-42.190764532035,"ROE_AVG_SQ":7.530611099932,"PE_TTM_SQ":38.12242349785,"PB_TTM_SQ":1.640052156718,"ROA_SQ":1.835289849842,"START_DATE":"2020-01-01 00:00:00","FISCAL_YEAR":"12-31","CURRENCY":"HKD","IS_CNY_CODE":0,"DPS_HKD_LY":0.02,"ORG_TYPE":"一般企业","PREMIUM_INCOME":null,"PREMIUM_INCOME_YOY":null,"NET_INTEREST_INCOME":null,"NET_INTEREST_INCOME_YOY":null,"FEE_COMMISSION_INCOME":null,"FEE_COMMISSION_INCOME_YOY":null,"ACCOUNTS_RECE_TDAYS":12.426627921405,"INVENTORY_TDAYS":3.278914211773,"CURRENT_ASSETS_TDAYS":0.733256499989,"TOTAL_ASSETS_TDAYS":0.18705269688,"PREMIUM_EXPENSE":null,"LOAN_DEPOSIT":null,"LOAN_EQUITY":null,"LOAN_ASSETS":null,"DEPOSIT_EQUITY":null,"DEPOSIT_ASSETS":null,"EQUITY_MULTIPLIER":7.239412292849,"EQUITY_RATIO":6.3783111195},{"SECUCODE":"01992.HK","SECURITY_CODE":"01992","SECURITY_NAME_ABBR":"复星旅游文化","ORG_CODE":"10971520","STD_REPORT_DATE":"2020-06-30 00:00:00","REPORT_DATE":"2020-06-30 00:00:00","DATE_TYPE_CODE":"002","REPORT_TYPE":"2020年中报","PER_NETCASH_OPERATE":-0.587506345911,"PER_OI":3.666123579201,"BPS":5.532840958949,"BASIC_EPS":-0.73,"DILUTED_EPS":-0.73,"OPERATE_INCOME":4527829000,"OPERATE_INCOME_YOY":-50.0388570692,"GROSS_PROFIT":1471724000,"GROSS_PROFIT_YOY":-51.197461526805,"HOLDER_PROFIT":-898704000,"HOLDER_PROFIT_YOY":-283.4018680908,"GROSS_PROFIT_RATIO":32.503966028752,"EPS_TTM":-0.631556549044,"OPERATE_INCOME_QOQ":-26.156934849052,"NET_PROFIT_RATIO":-22.023004844,"ROE_AVG":-11.969420378037,"GROSS_PROFIT_QOQ":-27.875494811532,"ROA":-2.350344438868,"HOLDER_PROFIT_QOQ":-228.137474906443,"ROE_YEARLY":-23.938840756075,"ROIC_YEARLY":-5.322064921205,"TOTAL_ASSETS":39671335000,"TOTAL_LIABILITIES":32539448000,"TAX_EBT":-9.934722523871,"OCF_SALES":-16.025273922668,"TOTAL_PARENT_EQUITY":6887104000,"DEBT_ASSET_RATIO":82.0225686884,"OPERATE_PROFIT":-477260000,"PRETAX_PROFIT":-907051000,"NETCASH_OPERATE":-725597000,"NETCASH_INVEST":-785778000,"NETCASH_FINANCE":5626776000,"END_CASH":6254953000,"DIVI_RATIO":null,"DIVIDEND_RATE":null,"CURRENT_RATIO":1.037911255186,"COMMON_ACS":10000000000,"CURRENTDEBT_DEBT":36.501691731218,"ISSUED_COMMON_SHARES":1244768113,"HK_COMMON_SHARES":1244768113,"PER_SHARES":200,"TOTAL_MARKET_CAP":9186388673.94,"HKSK_MARKET_CAP":9186388673.94,"PE_TTM":51.077803291825,"PB_TTM":3.251150692666,"REPORT_DATE_SQ":"2019-06-30 00:00:00","REPORT_TYPE_SQ":"2019年中报","OPERATE_INCOME_SQ":9062701000,"DPS_HKD":null,"OPERATE_INCOME_QOQ_SQ":14.722259663737,"NET_PROFIT_RATIO_SQ":5.5440204857,"HOLDER_PROFIT_SQ":490019000,"HOLDER_PROFIT_QOQ_SQ":241.389114936082,"ROE_AVG_SQ":6.017542667175,"PE_TTM_SQ":38.12242349785,"PB_TTM_SQ":1.640052156718,"ROA_SQ":1.509831270265,"START_DATE":"2020-01-01 00:00:00","FISCAL_YEAR":"12-31","CURRENCY":"HKD","IS_CNY_CODE":0,"DPS_HKD_LY":0.02,"ORG_TYPE":"一般企业","PREMIUM_INCOME":null,"PREMIUM_INCOME_YOY":null,"NET_INTEREST_INCOME":null,"NET_INTEREST_INCOME_YOY":null,"FEE_COMMISSION_INCOME":null,"FEE_COMMISSION_INCOME_YOY":null,"ACCOUNTS_RECE_TDAYS":10.702088735201,"INVENTORY_TDAYS":2.137826298487,"CURRENT_ASSETS_TDAYS":0.431474180827,"TOTAL_ASSETS_TDAYS":0.118414491427,"PREMIUM_EXPENSE":null,"LOAN_DEPOSIT":null,"LOAN_EQUITY":null,"LOAN_ASSETS":null,"DEPOSIT_EQUITY":null,"DEPOSIT_ASSETS":null,"EQUITY_MULTIPLIER":5.562529944724,"EQUITY_RATIO":4.724692410627}],"count":17},"success":true,"message":"ok","code":0}