{"version":"5df5361b915caf8a7e50a9e881611ae2","result":{"pages":4,"data":[{"SECUCODE":"01999.HK","SECURITY_CODE":"01999","SECURITY_NAME_ABBR":"敏华控股","ORG_CODE":"10152032","STD_REPORT_DATE":"2024-06-30 00:00:00","REPORT_DATE":"2024-09-30 00:00:00","DATE_TYPE_CODE":"002","REPORT_TYPE":"2024年中报","PER_NETCASH_OPERATE":0.368473288823,"PER_OI":1.931457885651,"BPS":2.971321279972,"BASIC_EPS":0.264855723,"DILUTED_EPS":0.264855723,"OPERATE_INCOME":7489702317.67,"OPERATE_INCOME_YOY":-7.0734670692,"GROSS_PROFIT":2958456461.71,"GROSS_PROFIT_YOY":-7.672028615529,"HOLDER_PROFIT":1027071175.75,"HOLDER_PROFIT_YOY":0.2537758287,"GROSS_PROFIT_RATIO":39.500321057224,"EPS_TTM":0.538253437074,"OPERATE_INCOME_QOQ":0,"NET_PROFIT_RATIO":14.3829181423,"ROE_AVG":9.162217322156,"GROSS_PROFIT_QOQ":0,"ROA":5.577246821127,"HOLDER_PROFIT_QOQ":0,"ROE_YEARLY":18.324434644311,"ROIC_YEARLY":14.556344463109,"TOTAL_ASSETS":18968535825.64,"TOTAL_LIABILITIES":6548413013.88,"TAX_EBT":17.007387357219,"OCF_SALES":19.077469488727,"TOTAL_PARENT_EQUITY":11523031137.66,"DEBT_ASSET_RATIO":34.5225012308,"OPERATE_PROFIT":1363516399.69,"PRETAX_PROFIT":1297992338.29,"NETCASH_OPERATE":1428845674.45,"NETCASH_INVEST":-1635886738.76,"NETCASH_FINANCE":-103833904.18,"END_CASH":2617171330.84,"DIVI_RATIO":0.503946619411,"DIVIDEND_RATE":6.564551422319,"CURRENT_RATIO":1.277106226896,"COMMON_ACS":5000000000,"CURRENTDEBT_DEBT":96.159288925318,"ISSUED_COMMON_SHARES":3878083200,"HK_COMMON_SHARES":3878083200,"PER_SHARES":400,"TOTAL_MARKET_CAP":17722840224,"HKSK_MARKET_CAP":17722840224,"PE_TTM":7.688037267991,"PB_TTM":1.386985758753,"REPORT_DATE_SQ":"2023-06-30 00:00:00","REPORT_TYPE_SQ":"2023年中报","OPERATE_INCOME_SQ":8201381441.47,"DPS_HKD":0.3,"OPERATE_INCOME_QOQ_SQ":0,"NET_PROFIT_RATIO_SQ":13.2539284452,"HOLDER_PROFIT_SQ":1042466220.46,"HOLDER_PROFIT_QOQ_SQ":0,"ROE_AVG_SQ":9.850011375649,"PE_TTM_SQ":9.178412421732,"PB_TTM_SQ":1.562019356494,"ROA_SQ":5.736396135822,"START_DATE":"2024-04-01 00:00:00","FISCAL_YEAR":"3-31","CURRENCY":"HKD","IS_CNY_CODE":0,"DPS_HKD_LY":0.3,"ORG_TYPE":"一般企业","PREMIUM_INCOME":null,"PREMIUM_INCOME_YOY":null,"NET_INTEREST_INCOME":null,"NET_INTEREST_INCOME_YOY":null,"FEE_COMMISSION_INCOME":null,"FEE_COMMISSION_INCOME_YOY":null,"ACCOUNTS_RECE_TDAYS":4.55948488095,"INVENTORY_TDAYS":2.779027010584,"CURRENT_ASSETS_TDAYS":0.975826669009,"TOTAL_ASSETS_TDAYS":0.406709091139,"PREMIUM_EXPENSE":null,"LOAN_DEPOSIT":null,"LOAN_EQUITY":null,"LOAN_ASSETS":null,"DEPOSIT_EQUITY":null,"DEPOSIT_ASSETS":null,"EQUITY_MULTIPLIER":1.527242211137,"EQUITY_RATIO":0.568289101682},{"SECUCODE":"01999.HK","SECURITY_CODE":"01999","SECURITY_NAME_ABBR":"敏华控股","ORG_CODE":"10152032","STD_REPORT_DATE":"2023-12-31 00:00:00","REPORT_DATE":"2024-03-31 00:00:00","DATE_TYPE_CODE":"001","REPORT_TYPE":"2023年年报","PER_NETCASH_OPERATE":0.59728265401,"PER_OI":4.304451010443,"BPS":2.824641198595,"BASIC_EPS":0.535680395,"DILUTED_EPS":0.53558974,"OPERATE_INCOME":16690670640.35,"OPERATE_INCOME_YOY":6.1096451143,"GROSS_PROFIT":6570698876.85,"GROSS_PROFIT_YOY":12.392228652342,"HOLDER_PROFIT":2087209897.3,"HOLDER_PROFIT_YOY":20.2333890713,"GROSS_PROFIT_RATIO":39.367494682719,"EPS_TTM":0.443093373665,"OPERATE_INCOME_QOQ":0,"NET_PROFIT_RATIO":13.0138306597,"ROE_AVG":19.478427454159,"GROSS_PROFIT_QOQ":0,"ROA":11.672913876919,"HOLDER_PROFIT_QOQ":0,"ROE_YEARLY":19.478427454159,"ROIC_YEARLY":15.111023425976,"TOTAL_ASSETS":17956507256,"TOTAL_LIABILITIES":6102759524.05,"TAX_EBT":16.354585046125,"OCF_SALES":13.875931043484,"TOTAL_PARENT_EQUITY":10954193578.3,"DEBT_ASSET_RATIO":33.9863395317,"OPERATE_PROFIT":2774878839.1,"PRETAX_PROFIT":2596789811.25,"NETCASH_OPERATE":2315985948.75,"NETCASH_INVEST":-1394558556.7,"NETCASH_FINANCE":-1163912292.6,"END_CASH":2867346939.1,"DIVI_RATIO":0.612175708601,"DIVIDEND_RATE":6.369426751592,"CURRENT_RATIO":1.260900937903,"COMMON_ACS":5000000000,"CURRENTDEBT_DEBT":95.480945730974,"ISSUED_COMMON_SHARES":3878083200,"HK_COMMON_SHARES":3878083200,"PER_SHARES":400,"TOTAL_MARKET_CAP":18265771872,"HKSK_MARKET_CAP":18265771872,"PE_TTM":7.923557009243,"PB_TTM":1.429475475651,"REPORT_DATE_SQ":"2022-12-31 00:00:00","REPORT_TYPE_SQ":"2022年年报","OPERATE_INCOME_SQ":15189331703.46,"DPS_HKD":0.3,"OPERATE_INCOME_QOQ_SQ":0,"NET_PROFIT_RATIO_SQ":10.7092769763,"HOLDER_PROFIT_SQ":1676334864.74,"HOLDER_PROFIT_QOQ_SQ":0,"ROE_AVG_SQ":16.460710859571,"PE_TTM_SQ":9.238012502393,"PB_TTM_SQ":1.572162339328,"ROA_SQ":9.536013038482,"START_DATE":"2023-04-01 00:00:00","FISCAL_YEAR":"3-31","CURRENCY":"HKD","IS_CNY_CODE":0,"DPS_HKD_LY":0.25,"ORG_TYPE":"一般企业","PREMIUM_INCOME":null,"PREMIUM_INCOME_YOY":null,"NET_INTEREST_INCOME":null,"NET_INTEREST_INCOME_YOY":null,"FEE_COMMISSION_INCOME":null,"FEE_COMMISSION_INCOME_YOY":null,"ACCOUNTS_RECE_TDAYS":11.007524807172,"INVENTORY_TDAYS":6.17276625628,"CURRENT_ASSETS_TDAYS":2.229060347492,"TOTAL_ASSETS_TDAYS":0.933441151198,"PREMIUM_EXPENSE":null,"LOAN_DEPOSIT":null,"LOAN_EQUITY":null,"LOAN_ASSETS":null,"DEPOSIT_EQUITY":null,"DEPOSIT_ASSETS":null,"EQUITY_MULTIPLIER":1.514837978846,"EQUITY_RATIO":0.55711627519},{"SECUCODE":"01999.HK","SECURITY_CODE":"01999","SECURITY_NAME_ABBR":"敏华控股","ORG_CODE":"10152032","STD_REPORT_DATE":"2023-06-30 00:00:00","REPORT_DATE":"2023-09-30 00:00:00","DATE_TYPE_CODE":"002","REPORT_TYPE":"2023年中报","PER_NETCASH_OPERATE":0.329073950601,"PER_OI":2.099310303684,"BPS":2.723499353384,"BASIC_EPS":0.266571515,"DILUTED_EPS":0.266479752,"OPERATE_INCOME":8201381441.47,"OPERATE_INCOME_YOY":-3.783572142,"GROSS_PROFIT":3204290549.6,"GROSS_PROFIT_YOY":-1.807894831749,"HOLDER_PROFIT":1042466220.46,"HOLDER_PROFIT_YOY":4.0206715128,"GROSS_PROFIT_RATIO":39.070131934086,"EPS_TTM":0.429091986403,"OPERATE_INCOME_QOQ":0,"NET_PROFIT_RATIO":13.2539284452,"ROE_AVG":9.850011375649,"GROSS_PROFIT_QOQ":0,"ROA":5.736396135822,"HOLDER_PROFIT_QOQ":0,"ROE_YEARLY":19.700022751298,"ROIC_YEARLY":15.337652829132,"TOTAL_ASSETS":18322983491.75,"TOTAL_LIABILITIES":6875989704.15,"TAX_EBT":16.24243881227,"OCF_SALES":15.675336324676,"TOTAL_PARENT_EQUITY":10561957087.57,"DEBT_ASSET_RATIO":37.5265835242,"OPERATE_PROFIT":1385086321.71,"PRETAX_PROFIT":1297799520.85,"NETCASH_OPERATE":1285594124.22,"NETCASH_INVEST":-956788024.99,"NETCASH_FINANCE":64336874.56,"END_CASH":3540994690.24,"DIVI_RATIO":0.632151167104,"DIVIDEND_RATE":6.369426751592,"CURRENT_RATIO":1.233115230583,"COMMON_ACS":5000000000,"CURRENTDEBT_DEBT":96.090738208817,"ISSUED_COMMON_SHARES":3878083200,"HK_COMMON_SHARES":3878083200,"PER_SHARES":400,"TOTAL_MARKET_CAP":18265771872,"HKSK_MARKET_CAP":18265771872,"PE_TTM":7.923557009243,"PB_TTM":1.429475475651,"REPORT_DATE_SQ":"2022-06-30 00:00:00","REPORT_TYPE_SQ":"2022年中报","OPERATE_INCOME_SQ":8401366675.44,"DPS_HKD":0.3,"OPERATE_INCOME_QOQ_SQ":0,"NET_PROFIT_RATIO_SQ":11.4993326534,"HOLDER_PROFIT_SQ":987766961.64,"HOLDER_PROFIT_QOQ_SQ":0,"ROE_AVG_SQ":9.650837980188,"PE_TTM_SQ":9.238012502393,"PB_TTM_SQ":1.572162339328,"ROA_SQ":5.524035714272,"START_DATE":"2023-04-01 00:00:00","FISCAL_YEAR":"3-31","CURRENCY":"HKD","IS_CNY_CODE":0,"DPS_HKD_LY":0.25,"ORG_TYPE":"一般企业","PREMIUM_INCOME":null,"PREMIUM_INCOME_YOY":null,"NET_INTEREST_INCOME":null,"NET_INTEREST_INCOME_YOY":null,"FEE_COMMISSION_INCOME":null,"FEE_COMMISSION_INCOME_YOY":null,"ACCOUNTS_RECE_TDAYS":5.486405788934,"INVENTORY_TDAYS":3.124492904173,"CURRENT_ASSETS_TDAYS":1.033639068399,"TOTAL_ASSETS_TDAYS":0.451298774827,"PREMIUM_EXPENSE":null,"LOAN_DEPOSIT":null,"LOAN_EQUITY":null,"LOAN_ASSETS":null,"DEPOSIT_EQUITY":null,"DEPOSIT_ASSETS":null,"EQUITY_MULTIPLIER":1.6006808278,"EQUITY_RATIO":0.651014735919},{"SECUCODE":"01999.HK","SECURITY_CODE":"01999","SECURITY_NAME_ABBR":"敏华控股","ORG_CODE":"10152032","STD_REPORT_DATE":"2022-12-31 00:00:00","REPORT_DATE":"2023-03-31 00:00:00","DATE_TYPE_CODE":"001","REPORT_TYPE":"2022年年报","PER_NETCASH_OPERATE":0.906235366188,"PER_OI":3.873891085838,"BPS":2.608741904653,"BASIC_EPS":0.42720008,"DILUTED_EPS":0.426937457,"OPERATE_INCOME":15189331703.46,"OPERATE_INCOME_YOY":-19.2851041944,"GROSS_PROFIT":5846221714.47,"GROSS_PROFIT_YOY":-8.643528031233,"HOLDER_PROFIT":1676334864.74,"HOLDER_PROFIT_YOY":-14.7977010809,"GROSS_PROFIT_RATIO":38.488998914536,"EPS_TTM":0.507178921814,"OPERATE_INCOME_QOQ":0,"NET_PROFIT_RATIO":10.7092769763,"ROE_AVG":16.460710859571,"GROSS_PROFIT_QOQ":0,"ROA":9.536013038482,"HOLDER_PROFIT_QOQ":0,"ROE_YEARLY":16.460710859571,"ROIC_YEARLY":12.12643365897,"TOTAL_ASSETS":17193479600.08,"TOTAL_LIABILITIES":6226544464.38,"TAX_EBT":21.092186751552,"OCF_SALES":23.393413653285,"TOTAL_PARENT_EQUITY":10116918153.57,"DEBT_ASSET_RATIO":36.2145685993,"OPERATE_PROFIT":2197046240.94,"PRETAX_PROFIT":2061478497.52,"NETCASH_OPERATE":3553303196.56,"NETCASH_INVEST":-1454072642.79,"NETCASH_FINANCE":-1168441241.76,"END_CASH":3168439694.98,"DIVI_RATIO":0.534823093653,"DIVIDEND_RATE":6.369426751592,"CURRENT_RATIO":1.239995461257,"COMMON_ACS":5000000000,"CURRENTDEBT_DEBT":95.406847283978,"ISSUED_COMMON_SHARES":3878083200,"HK_COMMON_SHARES":3878083200,"PER_SHARES":400,"TOTAL_MARKET_CAP":18265771872,"HKSK_MARKET_CAP":18265771872,"PE_TTM":7.923557009243,"PB_TTM":1.429475475651,"REPORT_DATE_SQ":"2021-12-31 00:00:00","REPORT_TYPE_SQ":"2021年年报","OPERATE_INCOME_SQ":17434105980.83,"DPS_HKD":0.3,"OPERATE_INCOME_QOQ_SQ":0,"NET_PROFIT_RATIO_SQ":10.7763101111,"HOLDER_PROFIT_SQ":1822737675.91,"HOLDER_PROFIT_QOQ_SQ":0,"ROE_AVG_SQ":20.02126850722,"PE_TTM_SQ":9.238012502393,"PB_TTM_SQ":1.572162339328,"ROA_SQ":11.841331840362,"START_DATE":"2022-04-01 00:00:00","FISCAL_YEAR":"3-31","CURRENCY":"HKD","IS_CNY_CODE":0,"DPS_HKD_LY":0.32,"ORG_TYPE":"一般企业","PREMIUM_INCOME":null,"PREMIUM_INCOME_YOY":null,"NET_INTEREST_INCOME":null,"NET_INTEREST_INCOME_YOY":null,"FEE_COMMISSION_INCOME":null,"FEE_COMMISSION_INCOME_YOY":null,"ACCOUNTS_RECE_TDAYS":9.029044611045,"INVENTORY_TDAYS":4.395590587372,"CURRENT_ASSETS_TDAYS":1.954462242872,"TOTAL_ASSETS_TDAYS":0.864061639573,"PREMIUM_EXPENSE":null,"LOAN_DEPOSIT":null,"LOAN_EQUITY":null,"LOAN_ASSETS":null,"DEPOSIT_EQUITY":null,"DEPOSIT_ASSETS":null,"EQUITY_MULTIPLIER":1.567756113019,"EQUITY_RATIO":0.615458617917},{"SECUCODE":"01999.HK","SECURITY_CODE":"01999","SECURITY_NAME_ABBR":"敏华控股","ORG_CODE":"10152032","STD_REPORT_DATE":"2022-06-30 00:00:00","REPORT_DATE":"2022-09-30 00:00:00","DATE_TYPE_CODE":"002","REPORT_TYPE":"2022年中报","PER_NETCASH_OPERATE":0.523051158805,"PER_OI":2.138082241351,"BPS":2.547483452454,"BASIC_EPS":0.25143432,"DILUTED_EPS":0.251253432,"OPERATE_INCOME":8401366675.44,"OPERATE_INCOME_YOY":-9.0599582885,"GROSS_PROFIT":3263287353,"GROSS_PROFIT_YOY":5.864634581232,"HOLDER_PROFIT":987766961.64,"HOLDER_PROFIT_YOY":10.5243610191,"GROSS_PROFIT_RATIO":38.842339336762,"EPS_TTM":0.463955114832,"OPERATE_INCOME_QOQ":0,"NET_PROFIT_RATIO":11.4993326534,"ROE_AVG":9.650837980188,"GROSS_PROFIT_QOQ":0,"ROA":5.524035714272,"HOLDER_PROFIT_QOQ":0,"ROE_YEARLY":19.301675960375,"ROIC_YEARLY":13.802167388076,"TOTAL_ASSETS":17202277860.84,"TOTAL_LIABILITIES":6468635375.16,"TAX_EBT":21.471331834085,"OCF_SALES":24.463565932532,"TOTAL_PARENT_EQUITY":9879352779.24,"DEBT_ASSET_RATIO":37.603365249,"OPERATE_PROFIT":1283867955.48,"PRETAX_PROFIT":1230252752.28,"NETCASH_OPERATE":2055273875.88,"NETCASH_INVEST":-2062277859.24,"NETCASH_FINANCE":-757093157.4,"END_CASH":1601756004.48,"DIVI_RATIO":0.584649228618,"DIVIDEND_RATE":6.369426751592,"CURRENT_RATIO":1.206582621843,"COMMON_ACS":5000000000,"CURRENTDEBT_DEBT":96.080040390996,"ISSUED_COMMON_SHARES":3878083200,"HK_COMMON_SHARES":3878083200,"PER_SHARES":400,"TOTAL_MARKET_CAP":18265771872,"HKSK_MARKET_CAP":18265771872,"PE_TTM":7.923557009243,"PB_TTM":1.429475475651,"REPORT_DATE_SQ":"2021-06-30 00:00:00","REPORT_TYPE_SQ":"2021年中报","OPERATE_INCOME_SQ":8509250550.06,"DPS_HKD":0.3,"OPERATE_INCOME_QOQ_SQ":0,"NET_PROFIT_RATIO_SQ":10.0405200436,"HOLDER_PROFIT_SQ":823176576.16,"HOLDER_PROFIT_QOQ_SQ":0,"ROE_AVG_SQ":8.997179299029,"PE_TTM_SQ":9.238012502393,"PB_TTM_SQ":1.572162339328,"ROA_SQ":5.487762751572,"START_DATE":"2022-04-01 00:00:00","FISCAL_YEAR":"3-31","CURRENCY":"HKD","IS_CNY_CODE":0,"DPS_HKD_LY":0.32,"ORG_TYPE":"一般企业","PREMIUM_INCOME":null,"PREMIUM_INCOME_YOY":null,"NET_INTEREST_INCOME":null,"NET_INTEREST_INCOME_YOY":null,"FEE_COMMISSION_INCOME":null,"FEE_COMMISSION_INCOME_YOY":null,"ACCOUNTS_RECE_TDAYS":4.622848022741,"INVENTORY_TDAYS":2.144510933287,"CURRENT_ASSETS_TDAYS":1.05365229186,"TOTAL_ASSETS_TDAYS":0.469842091973,"PREMIUM_EXPENSE":null,"LOAN_DEPOSIT":null,"LOAN_EQUITY":null,"LOAN_ASSETS":null,"DEPOSIT_EQUITY":null,"DEPOSIT_ASSETS":null,"EQUITY_MULTIPLIER":1.602650533944,"EQUITY_RATIO":0.654763072005},{"SECUCODE":"01999.HK","SECURITY_CODE":"01999","SECURITY_NAME_ABBR":"敏华控股","ORG_CODE":"10152032","STD_REPORT_DATE":"2021-12-31 00:00:00","REPORT_DATE":"2022-03-31 00:00:00","DATE_TYPE_CODE":"001","REPORT_TYPE":"2021年年报","PER_NETCASH_OPERATE":0.479755329668,"PER_OI":4.438347060243,"BPS":2.44880930611,"BASIC_EPS":0.46146469,"DILUTED_EPS":0.460410377,"OPERATE_INCOME":17434105980.83,"OPERATE_INCOME_YOY":30.8061952513,"GROSS_PROFIT":6399351450.95,"GROSS_PROFIT_YOY":27.701930519256,"HOLDER_PROFIT":1822737675.91,"HOLDER_PROFIT_YOY":16.782323632,"GROSS_PROFIT_RATIO":36.705934092557,"EPS_TTM":0.453209093318,"OPERATE_INCOME_QOQ":0,"NET_PROFIT_RATIO":10.7763101111,"ROE_AVG":20.02126850722,"GROSS_PROFIT_QOQ":0,"ROA":11.841331840362,"HOLDER_PROFIT_QOQ":0,"ROE_YEARLY":20.02126850722,"ROIC_YEARLY":14.918499198945,"TOTAL_ASSETS":16642934096.44,"TOTAL_LIABILITIES":6304038311.71,"TAX_EBT":17.837593975362,"OCF_SALES":10.809324353323,"TOTAL_PARENT_EQUITY":9496686230.03,"DEBT_ASSET_RATIO":37.8781666453,"OPERATE_PROFIT":2343437725.3,"PRETAX_PROFIT":2286633773.89,"NETCASH_OPERATE":1884509063.57,"NETCASH_INVEST":-891608173.8,"NETCASH_FINANCE":-684644098.87,"END_CASH":2291674201.04,"DIVI_RATIO":0.598511821583,"DIVIDEND_RATE":6.369426751592,"CURRENT_RATIO":1.254855899846,"COMMON_ACS":5000000000,"CURRENTDEBT_DEBT":95.762369853562,"ISSUED_COMMON_SHARES":3878083200,"HK_COMMON_SHARES":3878083200,"PER_SHARES":400,"TOTAL_MARKET_CAP":18265771872,"HKSK_MARKET_CAP":18265771872,"PE_TTM":7.923557009243,"PB_TTM":1.429475475651,"REPORT_DATE_SQ":"2020-12-31 00:00:00","REPORT_TYPE_SQ":"2020年年报","OPERATE_INCOME_SQ":13889748127.78,"DPS_HKD":0.3,"OPERATE_INCOME_QOQ_SQ":0,"NET_PROFIT_RATIO_SQ":12.3122627376,"HOLDER_PROFIT_SQ":1626559897.34,"HOLDER_PROFIT_QOQ_SQ":0,"ROE_AVG_SQ":22.063171782214,"PE_TTM_SQ":9.238012502393,"PB_TTM_SQ":1.572162339328,"ROA_SQ":12.556905740947,"START_DATE":"2021-04-01 00:00:00","FISCAL_YEAR":"3-31","CURRENCY":"HKD","IS_CNY_CODE":0,"DPS_HKD_LY":0.29,"ORG_TYPE":"一般企业","PREMIUM_INCOME":null,"PREMIUM_INCOME_YOY":null,"NET_INTEREST_INCOME":null,"NET_INTEREST_INCOME_YOY":null,"FEE_COMMISSION_INCOME":null,"FEE_COMMISSION_INCOME_YOY":null,"ACCOUNTS_RECE_TDAYS":10.952053142219,"INVENTORY_TDAYS":4.938767354277,"CURRENT_ASSETS_TDAYS":2.410908965707,"TOTAL_ASSETS_TDAYS":1.1325987112,"PREMIUM_EXPENSE":null,"LOAN_DEPOSIT":null,"LOAN_EQUITY":null,"LOAN_ASSETS":null,"DEPOSIT_EQUITY":null,"DEPOSIT_ASSETS":null,"EQUITY_MULTIPLIER":1.609739999607,"EQUITY_RATIO":0.663814530565},{"SECUCODE":"01999.HK","SECURITY_CODE":"01999","SECURITY_NAME_ABBR":"敏华控股","ORG_CODE":"10152032","STD_REPORT_DATE":"2021-06-30 00:00:00","REPORT_DATE":"2021-09-30 00:00:00","DATE_TYPE_CODE":"002","REPORT_TYPE":"2021年中报","PER_NETCASH_OPERATE":0.263423062571,"PER_OI":2.150207183522,"BPS":2.411081262465,"BASIC_EPS":0.207931776,"DILUTED_EPS":0.20743194,"OPERATE_INCOME":8509250550.06,"OPERATE_INCOME_YOY":53.9041316327,"GROSS_PROFIT":3082509438.5,"GROSS_PROFIT_YOY":51.057637483171,"HOLDER_PROFIT":823176576.16,"HOLDER_PROFIT_YOY":31.8740215907,"GROSS_PROFIT_RATIO":36.225392828259,"EPS_TTM":0.41075512455,"OPERATE_INCOME_QOQ":0,"NET_PROFIT_RATIO":10.0405200436,"ROE_AVG":8.997179299029,"GROSS_PROFIT_QOQ":0,"ROA":5.487762751572,"HOLDER_PROFIT_QOQ":0,"ROE_YEARLY":17.994358598057,"ROIC_YEARLY":13.951335741255,"TOTAL_ASSETS":15472825747.98,"TOTAL_LIABILITIES":5311275663.32,"TAX_EBT":18.79463257086,"OCF_SALES":12.25105490251,"TOTAL_PARENT_EQUITY":9350373737.8,"DEBT_ASSET_RATIO":34.3264750074,"OPERATE_PROFIT":1075687891.94,"PRETAX_PROFIT":1052113960.06,"NETCASH_OPERATE":1042472956.68,"NETCASH_INVEST":-289574155.18,"NETCASH_FINANCE":-615162327.22,"END_CASH":2153613383.04,"DIVI_RATIO":0.660371554212,"DIVIDEND_RATE":6.369426751592,"CURRENT_RATIO":1.379651863489,"COMMON_ACS":5000000000,"CURRENTDEBT_DEBT":96.044903540392,"ISSUED_COMMON_SHARES":3878083200,"HK_COMMON_SHARES":3878083200,"PER_SHARES":400,"TOTAL_MARKET_CAP":18265771872,"HKSK_MARKET_CAP":18265771872,"PE_TTM":7.923557009243,"PB_TTM":1.429475475651,"REPORT_DATE_SQ":"2020-06-30 00:00:00","REPORT_TYPE_SQ":"2020年中报","OPERATE_INCOME_SQ":5831969738.24,"DPS_HKD":0.3,"OPERATE_INCOME_QOQ_SQ":0,"NET_PROFIT_RATIO_SQ":11.8782858,"HOLDER_PROFIT_SQ":658427532.16,"HOLDER_PROFIT_QOQ_SQ":0,"ROE_AVG_SQ":10.697176744691,"PE_TTM_SQ":9.238012502393,"PB_TTM_SQ":1.572162339328,"ROA_SQ":5.349089323509,"START_DATE":"2021-04-01 00:00:00","FISCAL_YEAR":"3-31","CURRENCY":"HKD","IS_CNY_CODE":0,"DPS_HKD_LY":0.29,"ORG_TYPE":"一般企业","PREMIUM_INCOME":null,"PREMIUM_INCOME_YOY":null,"NET_INTEREST_INCOME":null,"NET_INTEREST_INCOME_YOY":null,"FEE_COMMISSION_INCOME":null,"FEE_COMMISSION_INCOME_YOY":null,"ACCOUNTS_RECE_TDAYS":6.078879712055,"INVENTORY_TDAYS":2.496688476481,"CURRENT_ASSETS_TDAYS":1.205925894793,"TOTAL_ASSETS_TDAYS":0.56727498771,"PREMIUM_EXPENSE":null,"LOAN_DEPOSIT":null,"LOAN_EQUITY":null,"LOAN_ASSETS":null,"DEPOSIT_EQUITY":null,"DEPOSIT_ASSETS":null,"EQUITY_MULTIPLIER":1.522683608216,"EQUITY_RATIO":0.568028167885},{"SECUCODE":"01999.HK","SECURITY_CODE":"01999","SECURITY_NAME_ABBR":"敏华控股","ORG_CODE":"10152032","STD_REPORT_DATE":"2020-12-31 00:00:00","REPORT_DATE":"2021-03-31 00:00:00","DATE_TYPE_CODE":"001","REPORT_TYPE":"2020年年报","PER_NETCASH_OPERATE":0.410418564886,"PER_OI":3.508579612247,"BPS":2.340939714692,"BASIC_EPS":0.424787468,"DILUTED_EPS":0.42343518,"OPERATE_INCOME":13889748127.78,"OPERATE_INCOME_YOY":35.3233397827,"GROSS_PROFIT":5011162654.26,"GROSS_PROFIT_YOY":24.147721322436,"HOLDER_PROFIT":1626559897.34,"HOLDER_PROFIT_YOY":17.4866870687,"GROSS_PROFIT_RATIO":36.078139129373,"EPS_TTM":0.399223505787,"OPERATE_INCOME_QOQ":0,"NET_PROFIT_RATIO":12.3122627376,"ROE_AVG":22.063171782214,"GROSS_PROFIT_QOQ":0,"ROA":12.556905740947,"HOLDER_PROFIT_QOQ":0,"ROE_YEARLY":22.063171782214,"ROIC_YEARLY":15.941924239799,"TOTAL_ASSETS":14738976539.98,"TOTAL_LIABILITIES":5099648774.36,"TAX_EBT":14.273863562221,"OCF_SALES":11.697570249027,"TOTAL_PARENT_EQUITY":9078358979.76,"DEBT_ASSET_RATIO":34.599748229,"OPERATE_PROFIT":2071242902.54,"PRETAX_PROFIT":1994890186.52,"NETCASH_OPERATE":1624763044.66,"NETCASH_INVEST":-2301765747.54,"NETCASH_FINANCE":940706469.5,"END_CASH":2031835539.86,"DIVI_RATIO":0.679446465622,"DIVIDEND_RATE":6.369426751592,"CURRENT_RATIO":1.443717501342,"COMMON_ACS":5000000000,"CURRENTDEBT_DEBT":97.486891349766,"ISSUED_COMMON_SHARES":3878083200,"HK_COMMON_SHARES":3878083200,"PER_SHARES":400,"TOTAL_MARKET_CAP":18265771872,"HKSK_MARKET_CAP":18265771872,"PE_TTM":7.923557009243,"PB_TTM":1.429475475651,"REPORT_DATE_SQ":"2019-12-31 00:00:00","REPORT_TYPE_SQ":"2019年年报","OPERATE_INCOME_SQ":11096245996.3,"DPS_HKD":0.3,"OPERATE_INCOME_QOQ_SQ":0,"NET_PROFIT_RATIO_SQ":13.932438587,"HOLDER_PROFIT_SQ":1496703645.3,"HOLDER_PROFIT_QOQ_SQ":0,"ROE_AVG_SQ":25.342621523427,"PE_TTM_SQ":9.238012502393,"PB_TTM_SQ":1.572162339328,"ROA_SQ":12.428638397966,"START_DATE":"2020-04-01 00:00:00","FISCAL_YEAR":"3-31","CURRENCY":"HKD","IS_CNY_CODE":0,"DPS_HKD_LY":0.22,"ORG_TYPE":"一般企业","PREMIUM_INCOME":null,"PREMIUM_INCOME_YOY":null,"NET_INTEREST_INCOME":null,"NET_INTEREST_INCOME_YOY":null,"FEE_COMMISSION_INCOME":null,"FEE_COMMISSION_INCOME_YOY":null,"ACCOUNTS_RECE_TDAYS":11.368012747282,"INVENTORY_TDAYS":5.05835254599,"CURRENT_ASSETS_TDAYS":2.321465175242,"TOTAL_ASSETS_TDAYS":1.072276885046,"PREMIUM_EXPENSE":null,"LOAN_DEPOSIT":null,"LOAN_EQUITY":null,"LOAN_ASSETS":null,"DEPOSIT_EQUITY":null,"DEPOSIT_ASSETS":null,"EQUITY_MULTIPLIER":1.529046101384,"EQUITY_RATIO":0.561736849769},{"SECUCODE":"01999.HK","SECURITY_CODE":"01999","SECURITY_NAME_ABBR":"敏华控股","ORG_CODE":"10152032","STD_REPORT_DATE":"2020-06-30 00:00:00","REPORT_DATE":"2020-09-30 00:00:00","DATE_TYPE_CODE":"002","REPORT_TYPE":"2020年中报","PER_NETCASH_OPERATE":0.28427609393,"PER_OI":1.533734534169,"BPS":1.655260198482,"BASIC_EPS":0.173371456,"DILUTED_EPS":0.172932096,"OPERATE_INCOME":5831969738.24,"OPERATE_INCOME_YOY":18.6711971181,"GROSS_PROFIT":2040618064.64,"GROSS_PROFIT_YOY":15.640638191691,"HOLDER_PROFIT":658427532.16,"HOLDER_PROFIT_YOY":6.1818475539,"GROSS_PROFIT_RATIO":34.990203245736,"EPS_TTM":0.393960074098,"OPERATE_INCOME_QOQ":0,"NET_PROFIT_RATIO":11.8782858,"ROE_AVG":10.697176744691,"GROSS_PROFIT_QOQ":0,"ROA":5.349089323509,"HOLDER_PROFIT_QOQ":0,"ROE_YEARLY":21.394353489381,"ROIC_YEARLY":13.506429926257,"TOTAL_ASSETS":13007071783.68,"TOTAL_LIABILITIES":6087773917.44,"TAX_EBT":14.358111411184,"OCF_SALES":18.534895550508,"TOTAL_PARENT_EQUITY":6419236767.36,"DEBT_ASSET_RATIO":46.803569771,"OPERATE_PROFIT":855912822.4,"PRETAX_PROFIT":808877576.96,"NETCASH_OPERATE":1080949499.52,"NETCASH_INVEST":-297951105.28,"NETCASH_FINANCE":-195162833.28,"END_CASH":2378890115.84,"DIVI_RATIO":0.688524086155,"DIVIDEND_RATE":6.369426751592,"CURRENT_RATIO":1.028303571954,"COMMON_ACS":5000000000,"CURRENTDEBT_DEBT":95.593693535308,"ISSUED_COMMON_SHARES":3878083200,"HK_COMMON_SHARES":3878083200,"PER_SHARES":400,"TOTAL_MARKET_CAP":18265771872,"HKSK_MARKET_CAP":18265771872,"PE_TTM":7.923557009243,"PB_TTM":1.429475475651,"REPORT_DATE_SQ":"2019-06-30 00:00:00","REPORT_TYPE_SQ":"2019年中报","OPERATE_INCOME_SQ":5044646972.73,"DPS_HKD":0.3,"OPERATE_INCOME_QOQ_SQ":0,"NET_PROFIT_RATIO_SQ":13.1270682194,"HOLDER_PROFIT_SQ":636529514.79,"HOLDER_PROFIT_QOQ_SQ":0,"ROE_AVG_SQ":11.373240838322,"PE_TTM_SQ":9.238012502393,"PB_TTM_SQ":1.572162339328,"ROA_SQ":5.406633125696,"START_DATE":"2020-04-01 00:00:00","FISCAL_YEAR":"3-31","CURRENCY":"HKD","IS_CNY_CODE":0,"DPS_HKD_LY":0.22,"ORG_TYPE":"一般企业","PREMIUM_INCOME":null,"PREMIUM_INCOME_YOY":null,"NET_INTEREST_INCOME":null,"NET_INTEREST_INCOME_YOY":null,"FEE_COMMISSION_INCOME":null,"FEE_COMMISSION_INCOME_YOY":null,"ACCOUNTS_RECE_TDAYS":4.87636734478,"INVENTORY_TDAYS":2.401748778914,"CURRENT_ASSETS_TDAYS":1.063915222034,"TOTAL_ASSETS_TDAYS":0.473791351943,"PREMIUM_EXPENSE":null,"LOAN_DEPOSIT":null,"LOAN_EQUITY":null,"LOAN_ASSETS":null,"DEPOSIT_EQUITY":null,"DEPOSIT_ASSETS":null,"EQUITY_MULTIPLIER":1.879825386206,"EQUITY_RATIO":0.948364133941}],"count":35},"success":true,"message":"ok","code":0}