{"version":"aa5b6133ac3c4deaad21c18ae5852456","result":{"pages":3,"data":[{"SECUCODE":"01993.HK","SECURITY_CODE":"01993","SECURITY_NAME_ABBR":"雅仕维","ORG_CODE":"10431050","STD_REPORT_DATE":"2024-06-30 00:00:00","REPORT_DATE":"2024-06-30 00:00:00","DATE_TYPE_CODE":"002","REPORT_TYPE":"2024年中报","PER_NETCASH_OPERATE":0.682882380957,"PER_OI":1.198061732347,"BPS":0.225216707358,"BASIC_EPS":-0.042,"DILUTED_EPS":-0.042,"OPERATE_INCOME":580953000,"OPERATE_INCOME_YOY":-19.1357543532,"GROSS_PROFIT":164947000,"GROSS_PROFIT_YOY":7.972219312945,"HOLDER_PROFIT":-13979000,"HOLDER_PROFIT_YOY":-52.2269410868,"GROSS_PROFIT_RATIO":28.392486139154,"EPS_TTM":-0.05051238925,"OPERATE_INCOME_QOQ":-8.545398263533,"NET_PROFIT_RATIO":-1.3025150055,"ROE_AVG":-11.8528881823,"GROSS_PROFIT_QOQ":3.461339517646,"ROA":-0.50943970379,"HOLDER_PROFIT_QOQ":-24.347649507564,"ROE_YEARLY":-23.7057763646,"ROIC_YEARLY":-1.212930258246,"TOTAL_ASSETS":2610454000,"TOTAL_LIABILITIES":2374020000,"TAX_EBT":19.619715317612,"OCF_SALES":56.998931066713,"TOTAL_PARENT_EQUITY":109210000,"DEBT_ASSET_RATIO":90.9428015203,"OPERATE_PROFIT":46033000,"PRETAX_PROFIT":-9414000,"NETCASH_OPERATE":331137000,"NETCASH_INVEST":-3643000,"NETCASH_FINANCE":-434870000,"END_CASH":262815000,"DIVI_RATIO":null,"DIVIDEND_RATE":null,"CURRENT_RATIO":0.82126556832,"COMMON_ACS":1000000000,"CURRENTDEBT_DEBT":50.372701156688,"ISSUED_COMMON_SHARES":484910739,"HK_COMMON_SHARES":484910739,"PER_SHARES":500,"TOTAL_MARKET_CAP":387928591.2,"HKSK_MARKET_CAP":387928591.2,"PE_TTM":-14.318518410691,"PB_TTM":3.241961968835,"REPORT_DATE_SQ":"2023-06-30 00:00:00","REPORT_TYPE_SQ":"2023年中报","OPERATE_INCOME_SQ":718430000,"DPS_HKD":null,"OPERATE_INCOME_QOQ_SQ":-5.394906685474,"NET_PROFIT_RATIO_SQ":0.3993430118,"HOLDER_PROFIT_SQ":-9183000,"HOLDER_PROFIT_QOQ_SQ":71.504398072127,"ROE_AVG_SQ":-6.554065868969,"PE_TTM_SQ":-10.586808554995,"PB_TTM_SQ":2.15657971297,"ROA_SQ":-0.291516637289,"START_DATE":"2024-01-01 00:00:00","FISCAL_YEAR":"12-31","CURRENCY":"HKD","IS_CNY_CODE":0,"DPS_HKD_LY":null,"ORG_TYPE":"一般企业","PREMIUM_INCOME":null,"PREMIUM_INCOME_YOY":null,"NET_INTEREST_INCOME":null,"NET_INTEREST_INCOME_YOY":null,"FEE_COMMISSION_INCOME":null,"FEE_COMMISSION_INCOME_YOY":null,"ACCOUNTS_RECE_TDAYS":0.835992007788,"INVENTORY_TDAYS":7.947767110856,"CURRENT_ASSETS_TDAYS":0.534846060508,"TOTAL_ASSETS_TDAYS":0.211717951381,"PREMIUM_EXPENSE":null,"LOAN_DEPOSIT":null,"LOAN_EQUITY":null,"LOAN_ASSETS":null,"DEPOSIT_EQUITY":null,"DEPOSIT_ASSETS":null,"EQUITY_MULTIPLIER":11.040941658078,"EQUITY_RATIO":21.738119219852},{"SECUCODE":"01993.HK","SECURITY_CODE":"01993","SECURITY_NAME_ABBR":"雅仕维","ORG_CODE":"10431050","STD_REPORT_DATE":"2023-12-31 00:00:00","REPORT_DATE":"2023-12-31 00:00:00","DATE_TYPE_CODE":"001","REPORT_TYPE":"2023年年报","PER_NETCASH_OPERATE":1.393800849603,"PER_OI":3.31769101117,"BPS":0.26121302296,"BASIC_EPS":-0.065,"DILUTED_EPS":-0.065,"OPERATE_INCOME":1608784000,"OPERATE_INCOME_YOY":-2.6881987097,"GROSS_PROFIT":351858000,"GROSS_PROFIT_YOY":30.722533474016,"HOLDER_PROFIT":-19698000,"HOLDER_PROFIT_YOY":82.5159990414,"GROSS_PROFIT_RATIO":21.871052919472,"EPS_TTM":-0.04062190918,"OPERATE_INCOME_QOQ":2.861059464104,"NET_PROFIT_RATIO":-0.6184173885,"ROE_AVG":-14.815093374649,"GROSS_PROFIT_QOQ":24.78561549101,"ROA":-0.653274397799,"HOLDER_PROFIT_QOQ":38.643159730875,"ROE_YEARLY":-14.815093374649,"ROIC_YEARLY":-0.776066209503,"TOTAL_ASSETS":2877536000,"TOTAL_LIABILITIES":2630154000,"TAX_EBT":-4.069037656904,"OCF_SALES":42.011171170275,"TOTAL_PARENT_EQUITY":126665000,"DEBT_ASSET_RATIO":91.4029920043,"OPERATE_PROFIT":128164000,"PRETAX_PROFIT":-9560000,"NETCASH_OPERATE":675869000,"NETCASH_INVEST":-11773000,"NETCASH_FINANCE":-634286000,"END_CASH":367241000,"DIVI_RATIO":null,"DIVIDEND_RATE":null,"CURRENT_RATIO":0.826247185208,"COMMON_ACS":1000000000,"CURRENTDEBT_DEBT":54.772610273011,"ISSUED_COMMON_SHARES":484910739,"HK_COMMON_SHARES":484910739,"PER_SHARES":500,"TOTAL_MARKET_CAP":426721450.32,"HKSK_MARKET_CAP":426721450.32,"PE_TTM":-15.75037025176,"PB_TTM":3.566158165718,"REPORT_DATE_SQ":"2022-12-31 00:00:00","REPORT_TYPE_SQ":"2022年年报","OPERATE_INCOME_SQ":1653226000,"DPS_HKD":null,"OPERATE_INCOME_QOQ_SQ":-12.106358463874,"NET_PROFIT_RATIO_SQ":-5.4287193644,"HOLDER_PROFIT_SQ":-112663000,"HOLDER_PROFIT_QOQ_SQ":16.361649743113,"ROE_AVG_SQ":-55.737064210198,"PE_TTM_SQ":-11.988003804921,"PB_TTM_SQ":2.442009380863,"ROA_SQ":-2.294007771849,"START_DATE":"2023-01-01 00:00:00","FISCAL_YEAR":"12-31","CURRENCY":"HKD","IS_CNY_CODE":0,"DPS_HKD_LY":null,"ORG_TYPE":"一般企业","PREMIUM_INCOME":null,"PREMIUM_INCOME_YOY":null,"NET_INTEREST_INCOME":null,"NET_INTEREST_INCOME_YOY":null,"FEE_COMMISSION_INCOME":null,"FEE_COMMISSION_INCOME_YOY":null,"ACCOUNTS_RECE_TDAYS":2.092536614552,"INVENTORY_TDAYS":38.03219462011,"CURRENT_ASSETS_TDAYS":1.360440371689,"TOTAL_ASSETS_TDAYS":0.533545232404,"PREMIUM_EXPENSE":null,"LOAN_DEPOSIT":null,"LOAN_EQUITY":null,"LOAN_ASSETS":null,"DEPOSIT_EQUITY":null,"DEPOSIT_ASSETS":null,"EQUITY_MULTIPLIER":11.631953820447,"EQUITY_RATIO":20.764646903249},{"SECUCODE":"01993.HK","SECURITY_CODE":"01993","SECURITY_NAME_ABBR":"雅仕维","ORG_CODE":"10431050","STD_REPORT_DATE":"2023-06-30 00:00:00","REPORT_DATE":"2023-06-30 00:00:00","DATE_TYPE_CODE":"002","REPORT_TYPE":"2023年中报","PER_NETCASH_OPERATE":0.787299536379,"PER_OI":1.481571642405,"BPS":0.290713297649,"BASIC_EPS":-0.032,"DILUTED_EPS":-0.032,"OPERATE_INCOME":718430000,"OPERATE_INCOME_YOY":-11.0435600901,"GROSS_PROFIT":152768000,"GROSS_PROFIT_YOY":9.149626327146,"HOLDER_PROFIT":-9183000,"HOLDER_PROFIT_YOY":89.7673330213,"GROSS_PROFIT_RATIO":21.264145428225,"EPS_TTM":-0.066205999203,"OPERATE_INCOME_QOQ":-5.394906685474,"NET_PROFIT_RATIO":0.3993430118,"ROE_AVG":-6.554065868969,"GROSS_PROFIT_QOQ":4.757694193874,"ROA":-0.291516637289,"HOLDER_PROFIT_QOQ":71.504398072127,"ROE_YEARLY":-13.108131737937,"ROIC_YEARLY":-0.680429627253,"TOTAL_ASSETS":3147147000,"TOTAL_LIABILITIES":2874722000,"TAX_EBT":85.423229346611,"OCF_SALES":53.139484709714,"TOTAL_PARENT_EQUITY":140970000,"DEBT_ASSET_RATIO":91.3437472098,"OPERATE_PROFIT":97256000,"PRETAX_PROFIT":19682000,"NETCASH_OPERATE":381770000,"NETCASH_INVEST":1441000,"NETCASH_FINANCE":-429245000,"END_CASH":304131000,"DIVI_RATIO":null,"DIVIDEND_RATE":null,"CURRENT_RATIO":0.752187603233,"COMMON_ACS":1000000000,"CURRENTDEBT_DEBT":51.492735645395,"ISSUED_COMMON_SHARES":484910739,"HK_COMMON_SHARES":484910739,"PER_SHARES":500,"TOTAL_MARKET_CAP":426721450.32,"HKSK_MARKET_CAP":426721450.32,"PE_TTM":-15.75037025176,"PB_TTM":3.566158165718,"REPORT_DATE_SQ":"2022-06-30 00:00:00","REPORT_TYPE_SQ":"2022年中报","OPERATE_INCOME_SQ":807620000,"DPS_HKD":null,"OPERATE_INCOME_QOQ_SQ":0.677336252676,"NET_PROFIT_RATIO_SQ":-8.1376528633,"HOLDER_PROFIT_SQ":-89742000,"HOLDER_PROFIT_QOQ_SQ":4.90082086215,"ROE_AVG_SQ":-46.188555615909,"PE_TTM_SQ":-11.988003804921,"PB_TTM_SQ":2.442009380863,"ROA_SQ":-1.797102018443,"START_DATE":"2023-01-01 00:00:00","FISCAL_YEAR":"12-31","CURRENCY":"HKD","IS_CNY_CODE":0,"DPS_HKD_LY":null,"ORG_TYPE":"一般企业","PREMIUM_INCOME":null,"PREMIUM_INCOME_YOY":null,"NET_INTEREST_INCOME":null,"NET_INTEREST_INCOME_YOY":null,"FEE_COMMISSION_INCOME":null,"FEE_COMMISSION_INCOME_YOY":null,"ACCOUNTS_RECE_TDAYS":0.935072203458,"INVENTORY_TDAYS":22.156322829557,"CURRENT_ASSETS_TDAYS":0.627932110298,"TOTAL_ASSETS_TDAYS":0.228067404691,"PREMIUM_EXPENSE":null,"LOAN_DEPOSIT":null,"LOAN_EQUITY":null,"LOAN_ASSETS":null,"DEPOSIT_EQUITY":null,"DEPOSIT_ASSETS":null,"EQUITY_MULTIPLIER":11.552342846689,"EQUITY_RATIO":20.392438107399},{"SECUCODE":"01993.HK","SECURITY_CODE":"01993","SECURITY_NAME_ABBR":"雅仕维","ORG_CODE":"10431050","STD_REPORT_DATE":"2022-12-31 00:00:00","REPORT_DATE":"2022-12-31 00:00:00","DATE_TYPE_CODE":"001","REPORT_TYPE":"2022年年报","PER_NETCASH_OPERATE":1.685022044306,"PER_OI":3.475531929449,"BPS":0.287172439792,"BASIC_EPS":-0.263,"DILUTED_EPS":-0.263,"OPERATE_INCOME":1653226000,"OPERATE_INCOME_YOY":-12.7594431721,"GROSS_PROFIT":269164000,"GROSS_PROFIT_YOY":-24.831742450053,"HOLDER_PROFIT":-112663000,"HOLDER_PROFIT_YOY":21.582643679,"GROSS_PROFIT_RATIO":16.281137606111,"EPS_TTM":-0.236848352111,"OPERATE_INCOME_QOQ":-12.106358463874,"NET_PROFIT_RATIO":-5.4287193644,"ROE_AVG":-55.737064210198,"GROSS_PROFIT_QOQ":-26.631764883721,"ROA":-2.294007771849,"HOLDER_PROFIT_QOQ":16.361649743113,"ROE_YEARLY":-55.737064210198,"ROIC_YEARLY":-2.548982210316,"TOTAL_ASSETS":3153008000,"TOTAL_LIABILITIES":2880860000,"TAX_EBT":-7.259037944428,"OCF_SALES":48.482421641082,"TOTAL_PARENT_EQUITY":139253000,"DEBT_ASSET_RATIO":91.3686232322,"OPERATE_PROFIT":104593000,"PRETAX_PROFIT":-83675000,"NETCASH_OPERATE":801524000,"NETCASH_INVEST":-91497000,"NETCASH_FINANCE":-700223000,"END_CASH":333320000,"DIVI_RATIO":null,"DIVIDEND_RATE":null,"CURRENT_RATIO":0.768675818208,"COMMON_ACS":1000000000,"CURRENTDEBT_DEBT":53.051519337976,"ISSUED_COMMON_SHARES":484910739,"HK_COMMON_SHARES":484910739,"PER_SHARES":500,"TOTAL_MARKET_CAP":426721450.32,"HKSK_MARKET_CAP":426721450.32,"PE_TTM":-15.75037025176,"PB_TTM":3.566158165718,"REPORT_DATE_SQ":"2021-12-31 00:00:00","REPORT_TYPE_SQ":"2021年年报","OPERATE_INCOME_SQ":1895020000,"DPS_HKD":null,"OPERATE_INCOME_QOQ_SQ":21.234739561804,"NET_PROFIT_RATIO_SQ":-6.3922376595,"HOLDER_PROFIT_SQ":-143671000,"HOLDER_PROFIT_QOQ_SQ":15.972922321837,"ROE_AVG_SQ":-55.367563870654,"PE_TTM_SQ":-11.988003804921,"PB_TTM_SQ":2.442009380863,"ROA_SQ":-2.900294710282,"START_DATE":"2022-01-01 00:00:00","FISCAL_YEAR":"12-31","CURRENCY":"HKD","IS_CNY_CODE":0,"DPS_HKD_LY":null,"ORG_TYPE":"一般企业","PREMIUM_INCOME":null,"PREMIUM_INCOME_YOY":null,"NET_INTEREST_INCOME":null,"NET_INTEREST_INCOME_YOY":null,"FEE_COMMISSION_INCOME":null,"FEE_COMMISSION_INCOME_YOY":null,"ACCOUNTS_RECE_TDAYS":1.920895040283,"INVENTORY_TDAYS":83.119358616341,"CURRENT_ASSETS_TDAYS":1.20360055243,"TOTAL_ASSETS_TDAYS":0.336624561091,"PREMIUM_EXPENSE":null,"LOAN_DEPOSIT":null,"LOAN_EQUITY":null,"LOAN_ASSETS":null,"DEPOSIT_EQUITY":null,"DEPOSIT_ASSETS":null,"EQUITY_MULTIPLIER":11.585637226851,"EQUITY_RATIO":20.687956453362},{"SECUCODE":"01993.HK","SECURITY_CODE":"01993","SECURITY_NAME_ABBR":"雅仕维","ORG_CODE":"10431050","STD_REPORT_DATE":"2022-06-30 00:00:00","REPORT_DATE":"2022-06-30 00:00:00","DATE_TYPE_CODE":"002","REPORT_TYPE":"2022年中报","PER_NETCASH_OPERATE":1.169448077623,"PER_OI":1.697837498842,"BPS":0.357314771596,"BASIC_EPS":-0.204,"DILUTED_EPS":-0.204,"OPERATE_INCOME":807620000,"OPERATE_INCOME_YOY":-1.1979883068,"GROSS_PROFIT":139962000,"GROSS_PROFIT_YOY":7.498615684007,"HOLDER_PROFIT":-89742000,"HOLDER_PROFIT_YOY":9.5043365316,"GROSS_PROFIT_RATIO":17.330184747882,"EPS_TTM":-0.283181520659,"OPERATE_INCOME_QOQ":0.677336252676,"NET_PROFIT_RATIO":-8.1376528633,"ROE_AVG":-46.188555615909,"GROSS_PROFIT_QOQ":3.919596114356,"ROA":-1.797102018443,"HOLDER_PROFIT_QOQ":4.90082086215,"ROE_YEARLY":-92.377111231817,"ROIC_YEARLY":-3.949495117577,"TOTAL_ASSETS":4574588334.33,"TOTAL_LIABILITIES":4268947704.28,"TAX_EBT":2.839951509417,"OCF_SALES":66.930386421983,"TOTAL_PARENT_EQUITY":173265769.95,"DEBT_ASSET_RATIO":93.3187292995,"OPERATE_PROFIT":44869000,"PRETAX_PROFIT":-67642000,"NETCASH_OPERATE":540544000,"NETCASH_INVEST":-14560000,"NETCASH_FINANCE":-494499000,"END_CASH":350690000,"DIVI_RATIO":null,"DIVIDEND_RATE":null,"CURRENT_RATIO":0.724263697734,"COMMON_ACS":1000000000,"CURRENTDEBT_DEBT":38.645946602156,"ISSUED_COMMON_SHARES":484910739,"HK_COMMON_SHARES":484910739,"PER_SHARES":500,"TOTAL_MARKET_CAP":426721450.32,"HKSK_MARKET_CAP":426721450.32,"PE_TTM":-15.75037025176,"PB_TTM":3.566158165718,"REPORT_DATE_SQ":"2021-06-30 00:00:00","REPORT_TYPE_SQ":"2021年中报","OPERATE_INCOME_SQ":818474659.92,"DPS_HKD":null,"OPERATE_INCOME_QOQ_SQ":17.590506019452,"NET_PROFIT_RATIO_SQ":-11.5556463739,"HOLDER_PROFIT_SQ":-99296266.8,"HOLDER_PROFIT_QOQ_SQ":-22.60337234787,"ROE_AVG_SQ":-39.440590410782,"PE_TTM_SQ":-11.988003804921,"PB_TTM_SQ":2.442009380863,"ROA_SQ":-2.090117362538,"START_DATE":"2022-01-01 00:00:00","FISCAL_YEAR":"12-31","CURRENCY":"HKD","IS_CNY_CODE":0,"DPS_HKD_LY":null,"ORG_TYPE":"一般企业","PREMIUM_INCOME":null,"PREMIUM_INCOME_YOY":null,"NET_INTEREST_INCOME":null,"NET_INTEREST_INCOME_YOY":null,"FEE_COMMISSION_INCOME":null,"FEE_COMMISSION_INCOME_YOY":null,"ACCOUNTS_RECE_TDAYS":0.861591376192,"INVENTORY_TDAYS":63.985903715207,"CURRENT_ASSETS_TDAYS":0.654556585757,"TOTAL_ASSETS_TDAYS":0.161727200203,"PREMIUM_EXPENSE":null,"LOAN_DEPOSIT":null,"LOAN_EQUITY":null,"LOAN_ASSETS":null,"DEPOSIT_EQUITY":null,"DEPOSIT_ASSETS":null,"EQUITY_MULTIPLIER":14.967212747796,"EQUITY_RATIO":24.638148120728},{"SECUCODE":"01993.HK","SECURITY_CODE":"01993","SECURITY_NAME_ABBR":"雅仕维","ORG_CODE":"10431050","STD_REPORT_DATE":"2021-12-31 00:00:00","REPORT_DATE":"2021-12-31 00:00:00","DATE_TYPE_CODE":"001","REPORT_TYPE":"2021年年报","PER_NETCASH_OPERATE":1.779538870514,"PER_OI":3.98384886092,"BPS":0.557714272441,"BASIC_EPS":-0.32,"DILUTED_EPS":-0.32,"OPERATE_INCOME":1895020000,"OPERATE_INCOME_YOY":46.752270081,"GROSS_PROFIT":358082000,"GROSS_PROFIT_YOY":22.426397321523,"HOLDER_PROFIT":-143671000,"HOLDER_PROFIT_YOY":-6.0491423954,"GROSS_PROFIT_RATIO":18.895935554229,"EPS_TTM":-0.297774936888,"OPERATE_INCOME_QOQ":21.234739561804,"NET_PROFIT_RATIO":-6.3922376595,"ROE_AVG":-55.367563870654,"GROSS_PROFIT_QOQ":41.049769330239,"ROA":-2.900294710282,"HOLDER_PROFIT_QOQ":15.972922321837,"ROE_YEARLY":-55.367563870654,"ROIC_YEARLY":-3.157902795565,"TOTAL_ASSETS":5452873000,"TOTAL_LIABILITIES":5075916000,"TAX_EBT":14.007638464924,"OCF_SALES":45.308049944772,"TOTAL_PARENT_EQUITY":265013000,"DEBT_ASSET_RATIO":93.0870030355,"OPERATE_PROFIT":104709000,"PRETAX_PROFIT":-140866000,"NETCASH_OPERATE":858597000,"NETCASH_INVEST":-55805000,"NETCASH_FINANCE":-803395000,"END_CASH":315625000,"DIVI_RATIO":null,"DIVIDEND_RATE":null,"CURRENT_RATIO":0.747357713916,"COMMON_ACS":1000000000,"CURRENTDEBT_DEBT":33.887794833484,"ISSUED_COMMON_SHARES":484910739,"HK_COMMON_SHARES":484910739,"PER_SHARES":500,"TOTAL_MARKET_CAP":426721450.32,"HKSK_MARKET_CAP":426721450.32,"PE_TTM":-15.75037025176,"PB_TTM":3.566158165718,"REPORT_DATE_SQ":"2020-12-31 00:00:00","REPORT_TYPE_SQ":"2020年年报","OPERATE_INCOME_SQ":1310520168.92,"DPS_HKD":null,"OPERATE_INCOME_QOQ_SQ":-11.326465376384,"NET_PROFIT_RATIO_SQ":-9.0815443808,"HOLDER_PROFIT_SQ":-137491993.68,"HOLDER_PROFIT_QOQ_SQ":4.853549291544,"ROE_AVG_SQ":-46.746379102885,"PE_TTM_SQ":-11.988003804921,"PB_TTM_SQ":2.442009380863,"ROA_SQ":-3.371587253922,"START_DATE":"2021-01-01 00:00:00","FISCAL_YEAR":"12-31","CURRENCY":"HKD","IS_CNY_CODE":0,"DPS_HKD_LY":null,"ORG_TYPE":"一般企业","PREMIUM_INCOME":null,"PREMIUM_INCOME_YOY":null,"NET_INTEREST_INCOME":null,"NET_INTEREST_INCOME_YOY":null,"FEE_COMMISSION_INCOME":null,"FEE_COMMISSION_INCOME_YOY":null,"ACCOUNTS_RECE_TDAYS":1.947887617836,"INVENTORY_TDAYS":257.080871133306,"CURRENT_ASSETS_TDAYS":1.523488867939,"TOTAL_ASSETS_TDAYS":0.382548142374,"PREMIUM_EXPENSE":null,"LOAN_DEPOSIT":null,"LOAN_EQUITY":null,"LOAN_ASSETS":null,"DEPOSIT_EQUITY":null,"DEPOSIT_ASSETS":null,"EQUITY_MULTIPLIER":14.465506134825,"EQUITY_RATIO":19.153460396282},{"SECUCODE":"01993.HK","SECURITY_CODE":"01993","SECURITY_NAME_ABBR":"雅仕维","ORG_CODE":"10431050","STD_REPORT_DATE":"2021-06-30 00:00:00","REPORT_DATE":"2021-06-30 00:00:00","DATE_TYPE_CODE":"002","REPORT_TYPE":"2021年中报","PER_NETCASH_OPERATE":0.88738514214,"PER_OI":1.72065695434,"BPS":0.532143614497,"BASIC_EPS":-0.21467664,"DILUTED_EPS":-0.21467664,"OPERATE_INCOME":818474659.92,"OPERATE_INCOME_YOY":52.8204976828,"GROSS_PROFIT":130198885.92,"GROSS_PROFIT_YOY":-24.478171579757,"HOLDER_PROFIT":-99296266.8,"HOLDER_PROFIT_YOY":-59.7887069346,"GROSS_PROFIT_RATIO":15.90750359122,"EPS_TTM":-0.354379737004,"OPERATE_INCOME_QOQ":17.590506019452,"NET_PROFIT_RATIO":-11.5556463739,"ROE_AVG":-39.440590410782,"GROSS_PROFIT_QOQ":-14.428006386527,"ROA":-2.090117362538,"HOLDER_PROFIT_QOQ":-22.60337234787,"ROE_YEARLY":-78.881180821565,"ROIC_YEARLY":-4.525329578121,"TOTAL_ASSETS":5110379911.44,"TOTAL_LIABILITIES":4779732953.52,"TAX_EBT":20.223047283498,"OCF_SALES":51.572461314961,"TOTAL_PARENT_EQUITY":258042153.36,"DEBT_ASSET_RATIO":93.5298947701,"OPERATE_PROFIT":2081032.08,"PRETAX_PROFIT":-118555590.48,"NETCASH_OPERATE":422107527.36,"NETCASH_INVEST":-10623165.36,"NETCASH_FINANCE":-457879478.64,"END_CASH":270673127.76,"DIVI_RATIO":null,"DIVIDEND_RATE":null,"CURRENT_RATIO":0.712174263267,"COMMON_ACS":1000000000,"CURRENTDEBT_DEBT":32.7201013732,"ISSUED_COMMON_SHARES":484910739,"HK_COMMON_SHARES":484910739,"PER_SHARES":500,"TOTAL_MARKET_CAP":426721450.32,"HKSK_MARKET_CAP":426721450.32,"PE_TTM":-15.75037025176,"PB_TTM":3.566158165718,"REPORT_DATE_SQ":"2020-06-30 00:00:00","REPORT_TYPE_SQ":"2020年中报","OPERATE_INCOME_SQ":587947530.72,"DPS_HKD":null,"OPERATE_INCOME_QOQ_SQ":-12.164664475636,"NET_PROFIT_RATIO_SQ":-7.4318393321,"HOLDER_PROFIT_SQ":-68218439.52,"HOLDER_PROFIT_QOQ_SQ":-27.614078417808,"ROE_AVG_SQ":-20.663942205264,"PE_TTM_SQ":-11.988003804921,"PB_TTM_SQ":2.442009380863,"ROA_SQ":-1.67392141694,"START_DATE":"2021-01-01 00:00:00","FISCAL_YEAR":"12-31","CURRENCY":"HKD","IS_CNY_CODE":0,"DPS_HKD_LY":null,"ORG_TYPE":"一般企业","PREMIUM_INCOME":null,"PREMIUM_INCOME_YOY":null,"NET_INTEREST_INCOME":null,"NET_INTEREST_INCOME_YOY":null,"FEE_COMMISSION_INCOME":null,"FEE_COMMISSION_INCOME_YOY":null,"ACCOUNTS_RECE_TDAYS":0.991913124194,"INVENTORY_TDAYS":165.302757793765,"CURRENT_ASSETS_TDAYS":0.711234464665,"TOTAL_ASSETS_TDAYS":0.172283223995,"PREMIUM_EXPENSE":null,"LOAN_DEPOSIT":null,"LOAN_EQUITY":null,"LOAN_ASSETS":null,"DEPOSIT_EQUITY":null,"DEPOSIT_ASSETS":null,"EQUITY_MULTIPLIER":15.455699165119,"EQUITY_RATIO":18.523070325071},{"SECUCODE":"01993.HK","SECURITY_CODE":"01993","SECURITY_NAME_ABBR":"雅仕维","ORG_CODE":"10431050","STD_REPORT_DATE":"2020-12-31 00:00:00","REPORT_DATE":"2020-12-31 00:00:00","DATE_TYPE_CODE":"001","REPORT_TYPE":"2020年年报","PER_NETCASH_OPERATE":1.18903432136,"PER_OI":2.755070807783,"BPS":0.512056043453,"BASIC_EPS":-0.298698036,"DILUTED_EPS":-0.298698036,"OPERATE_INCOME":1310520168.92,"OPERATE_INCOME_YOY":-17.1031021193,"GROSS_PROFIT":292487574.44,"GROSS_PROFIT_YOY":-17.920082081187,"HOLDER_PROFIT":-137491993.68,"HOLDER_PROFIT_YOY":-29.2308422527,"GROSS_PROFIT_RATIO":22.31843365532,"EPS_TTM":-0.289045668335,"OPERATE_INCOME_QOQ":-11.326465376384,"NET_PROFIT_RATIO":-9.0815443808,"ROE_AVG":-46.746379102885,"GROSS_PROFIT_QOQ":-13.811366386326,"ROA":-3.371587253922,"HOLDER_PROFIT_QOQ":4.853549291544,"ROE_YEARLY":-46.746379102885,"ROIC_YEARLY":-3.752240756953,"TOTAL_ASSETS":4441572464.12,"TOTAL_LIABILITIES":4126166190.84,"TAX_EBT":5.670735774798,"OCF_SALES":43.158031292728,"TOTAL_PARENT_EQUITY":248301474.44,"DEBT_ASSET_RATIO":92.8987700679,"OPERATE_PROFIT":51926663.08,"PRETAX_PROFIT":-126170252.4,"NETCASH_OPERATE":565594704.6,"NETCASH_INVEST":-4860471,"NETCASH_FINANCE":-606003524.28,"END_CASH":318568314.76,"DIVI_RATIO":null,"DIVIDEND_RATE":null,"CURRENT_RATIO":0.819192312791,"COMMON_ACS":1000000000,"CURRENTDEBT_DEBT":35.543497838158,"ISSUED_COMMON_SHARES":484910739,"HK_COMMON_SHARES":484910739,"PER_SHARES":500,"TOTAL_MARKET_CAP":426721450.32,"HKSK_MARKET_CAP":426721450.32,"PE_TTM":-15.75037025176,"PB_TTM":3.566158165718,"REPORT_DATE_SQ":"2019-12-31 00:00:00","REPORT_TYPE_SQ":"2019年年报","OPERATE_INCOME_SQ":1682598216.58,"DPS_HKD":null,"OPERATE_INCOME_QOQ_SQ":-2.951939527248,"NET_PROFIT_RATIO_SQ":-5.7858420187,"HOLDER_PROFIT_SQ":-113236445.58,"HOLDER_PROFIT_QOQ_SQ":-992.655577664409,"ROE_AVG_SQ":-29.176471131309,"PE_TTM_SQ":-11.988003804921,"PB_TTM_SQ":2.442009380863,"ROA_SQ":-4.204811728807,"START_DATE":"2020-01-01 00:00:00","FISCAL_YEAR":"12-31","CURRENCY":"HKD","IS_CNY_CODE":0,"DPS_HKD_LY":null,"ORG_TYPE":"一般企业","PREMIUM_INCOME":null,"PREMIUM_INCOME_YOY":null,"NET_INTEREST_INCOME":null,"NET_INTEREST_INCOME_YOY":null,"FEE_COMMISSION_INCOME":null,"FEE_COMMISSION_INCOME_YOY":null,"ACCOUNTS_RECE_TDAYS":1.660963017483,"INVENTORY_TDAYS":413.532307692308,"CURRENT_ASSETS_TDAYS":1.137361459437,"TOTAL_ASSETS_TDAYS":0.321366574102,"PREMIUM_EXPENSE":null,"LOAN_DEPOSIT":null,"LOAN_EQUITY":null,"LOAN_ASSETS":null,"DEPOSIT_EQUITY":null,"DEPOSIT_ASSETS":null,"EQUITY_MULTIPLIER":14.082067607467,"EQUITY_RATIO":16.617566207151},{"SECUCODE":"01993.HK","SECURITY_CODE":"01993","SECURITY_NAME_ABBR":"雅仕维","ORG_CODE":"10431050","STD_REPORT_DATE":"2020-06-30 00:00:00","REPORT_DATE":"2020-06-30 00:00:00","DATE_TYPE_CODE":"002","REPORT_TYPE":"2020年中报","PER_NETCASH_OPERATE":0.720657864709,"PER_OI":1.236026058057,"BPS":0.600769877856,"BASIC_EPS":-0.15893856,"DILUTED_EPS":-0.15893856,"OPERATE_INCOME":587947530.72,"OPERATE_INCOME_YOY":-28.5663393499,"GROSS_PROFIT":172399011.84,"GROSS_PROFIT_YOY":-8.969697870021,"HOLDER_PROFIT":-68218439.52,"HOLDER_PROFIT_YOY":-77.7997333587,"GROSS_PROFIT_RATIO":29.322176356261,"EPS_TTM":-0.303790279283,"OPERATE_INCOME_QOQ":-12.164664475636,"NET_PROFIT_RATIO":-7.4318393321,"ROE_AVG":-20.663942205264,"GROSS_PROFIT_QOQ":-4.767120120824,"ROA":-1.67392141694,"HOLDER_PROFIT_QOQ":-27.614078417808,"ROE_YEARLY":-41.327884410529,"ROIC_YEARLY":-3.721946203642,"TOTAL_ASSETS":4119515748.48,"TOTAL_LIABILITIES":3754544402.4,"TAX_EBT":9.872635466124,"OCF_SALES":58.304423277398,"TOTAL_PARENT_EQUITY":291319765.44,"DEBT_ASSET_RATIO":91.1404308573,"OPERATE_PROFIT":44428808.16,"PRETAX_PROFIT":-48481741.44,"NETCASH_OPERATE":342799416.96,"NETCASH_INVEST":-7409825.28,"NETCASH_FINANCE":-438821143.2,"END_CASH":266198338.56,"DIVI_RATIO":null,"DIVIDEND_RATE":null,"CURRENT_RATIO":0.822269489971,"COMMON_ACS":1000000000,"CURRENTDEBT_DEBT":31.522783422762,"ISSUED_COMMON_SHARES":484910739,"HK_COMMON_SHARES":484910739,"PER_SHARES":500,"TOTAL_MARKET_CAP":426721450.32,"HKSK_MARKET_CAP":426721450.32,"PE_TTM":-15.75037025176,"PB_TTM":3.566158165718,"REPORT_DATE_SQ":"2019-06-30 00:00:00","REPORT_TYPE_SQ":"2019年中报","OPERATE_INCOME_SQ":792629958.24,"DPS_HKD":null,"OPERATE_INCOME_QOQ_SQ":2.586038013478,"NET_PROFIT_RATIO_SQ":-2.4199168982,"HOLDER_PROFIT_SQ":-36949238.64,"HOLDER_PROFIT_QOQ_SQ":-77.002394184046,"ROE_AVG_SQ":-10.19397035536,"PE_TTM_SQ":-11.988003804921,"PB_TTM_SQ":2.442009380863,"ROA_SQ":-1.355740514028,"START_DATE":"2020-01-01 00:00:00","FISCAL_YEAR":"12-31","CURRENCY":"HKD","IS_CNY_CODE":0,"DPS_HKD_LY":null,"ORG_TYPE":"一般企业","PREMIUM_INCOME":null,"PREMIUM_INCOME_YOY":null,"NET_INTEREST_INCOME":null,"NET_INTEREST_INCOME_YOY":null,"FEE_COMMISSION_INCOME":null,"FEE_COMMISSION_INCOME_YOY":null,"ACCOUNTS_RECE_TDAYS":0.799268609178,"INVENTORY_TDAYS":228.090749561294,"CURRENT_ASSETS_TDAYS":0.541795435004,"TOTAL_ASSETS_TDAYS":0.144268612802,"PREMIUM_EXPENSE":null,"LOAN_DEPOSIT":null,"LOAN_EQUITY":null,"LOAN_ASSETS":null,"DEPOSIT_EQUITY":null,"DEPOSIT_ASSETS":null,"EQUITY_MULTIPLIER":11.287230607867,"EQUITY_RATIO":12.88805240087}],"count":25},"success":true,"message":"ok","code":0}