{"version":"229f4dc8b7ce9abc0f1389ac56550f2a","result":{"pages":3,"data":[{"SECUCODE":"02001.HK","SECURITY_CODE":"02001","SECURITY_NAME_ABBR":"新高教集团","ORG_CODE":"10662823","STD_REPORT_DATE":"2024-12-31 00:00:00","REPORT_DATE":"2024-08-31 00:00:00","DATE_TYPE_CODE":"001","REPORT_TYPE":"2024年年报","PER_NETCASH_OPERATE":0.995627561273,"PER_OI":1.556320844385,"BPS":2.665241915261,"BASIC_EPS":0.49,"DILUTED_EPS":0.49,"OPERATE_INCOME":2411710000,"OPERATE_INCOME_YOY":13.8060722746,"GROSS_PROFIT":876135000,"GROSS_PROFIT_YOY":8.701073443804,"HOLDER_PROFIT":756074000,"HOLDER_PROFIT_YOY":7.5054493956,"GROSS_PROFIT_RATIO":36.32837281431,"EPS_TTM":0.490086879038,"OPERATE_INCOME_QOQ":0,"NET_PROFIT_RATIO":31.3501208686,"ROE_AVG":19.780675752678,"GROSS_PROFIT_QOQ":0,"ROA":7.463624069964,"HOLDER_PROFIT_QOQ":0,"ROE_YEARLY":19.780675752678,"ROIC_YEARLY":8.393872562067,"TOTAL_ASSETS":11017239000,"TOTAL_LIABILITIES":6905478000,"TAX_EBT":17.193393643353,"OCF_SALES":63.973155976465,"TOTAL_PARENT_EQUITY":4111761000,"DEBT_ASSET_RATIO":62.6788435832,"OPERATE_PROFIT":1040928000,"PRETAX_PROFIT":913060000,"NETCASH_OPERATE":1542847000,"NETCASH_INVEST":-739047000,"NETCASH_FINANCE":-279046000,"END_CASH":1379606000,"DIVI_RATIO":0.196192796242,"DIVIDEND_RATE":9.909433962264,"CURRENT_RATIO":0.539991022873,"COMMON_ACS":2000000000,"CURRENTDEBT_DEBT":62.750688656165,"ISSUED_COMMON_SHARES":1542734630,"HK_COMMON_SHARES":1542734630,"PER_SHARES":1000,"TOTAL_MARKET_CAP":1635298707.8,"HKSK_MARKET_CAP":1635298707.8,"PE_TTM":1.973024052182,"PB_TTM":0.362801288117,"REPORT_DATE_SQ":"2023-12-31 00:00:00","REPORT_TYPE_SQ":"2023年年报","OPERATE_INCOME_SQ":2119140000,"DPS_HKD":0.10504,"OPERATE_INCOME_QOQ_SQ":0,"NET_PROFIT_RATIO_SQ":33.1874722765,"HOLDER_PROFIT_SQ":703289000,"HOLDER_PROFIT_QOQ_SQ":0,"ROE_AVG_SQ":20.963898338556,"PE_TTM_SQ":4.898728230483,"PB_TTM_SQ":0.975206904215,"ROA_SQ":7.679448075669,"START_DATE":"2023-09-01 00:00:00","FISCAL_YEAR":"8-31","CURRENCY":"HKD","IS_CNY_CODE":0,"DPS_HKD_LY":0.24081,"ORG_TYPE":"一般企业","PREMIUM_INCOME":null,"PREMIUM_INCOME_YOY":null,"NET_INTEREST_INCOME":null,"NET_INTEREST_INCOME_YOY":null,"FEE_COMMISSION_INCOME":null,"FEE_COMMISSION_INCOME_YOY":null,"ACCOUNTS_RECE_TDAYS":18.497758449438,"INVENTORY_TDAYS":null,"CURRENT_ASSETS_TDAYS":1.365314520071,"TOTAL_ASSETS_TDAYS":0.238073215132,"PREMIUM_EXPENSE":null,"LOAN_DEPOSIT":null,"LOAN_EQUITY":null,"LOAN_ASSETS":null,"DEPOSIT_EQUITY":null,"DEPOSIT_ASSETS":null,"EQUITY_MULTIPLIER":2.679445376322,"EQUITY_RATIO":1.679445376324},{"SECUCODE":"02001.HK","SECURITY_CODE":"02001","SECURITY_NAME_ABBR":"新高教集团","ORG_CODE":"10662823","STD_REPORT_DATE":"2024-06-30 00:00:00","REPORT_DATE":"2024-02-29 00:00:00","DATE_TYPE_CODE":"002","REPORT_TYPE":"2024年中报","PER_NETCASH_OPERATE":0.187577483894,"PER_OI":0.84282942872,"BPS":2.468640377898,"BASIC_EPS":0.28,"DILUTED_EPS":0.28,"OPERATE_INCOME":1310811000,"OPERATE_INCOME_YOY":13.7686907858,"GROSS_PROFIT":521215000,"GROSS_PROFIT_YOY":15.126100535856,"HOLDER_PROFIT":431986000,"HOLDER_PROFIT_YOY":10.6235323341,"GROSS_PROFIT_RATIO":39.762788075474,"EPS_TTM":0.478877156925,"OPERATE_INCOME_QOQ":0,"NET_PROFIT_RATIO":32.9556282332,"ROE_AVG":11.768702627394,"GROSS_PROFIT_QOQ":0,"ROA":4.67439384159,"HOLDER_PROFIT_QOQ":0,"ROE_YEARLY":23.537405254787,"ROIC_YEARLY":9.95341271706,"TOTAL_ASSETS":9240082000,"TOTAL_LIABILITIES":5431625000,"TAX_EBT":18.495360499911,"OCF_SALES":22.255687509488,"TOTAL_PARENT_EQUITY":3808457000,"DEBT_ASSET_RATIO":58.7832986764,"OPERATE_PROFIT":588974000,"PRETAX_PROFIT":530014000,"NETCASH_OPERATE":291730000,"NETCASH_INVEST":-295274000,"NETCASH_FINANCE":-583704000,"END_CASH":267704000,"DIVI_RATIO":0.200785345071,"DIVIDEND_RATE":9.214035087719,"CURRENT_RATIO":0.299189635705,"COMMON_ACS":2000000000,"CURRENTDEBT_DEBT":64.065413205072,"ISSUED_COMMON_SHARES":1542734630,"HK_COMMON_SHARES":1542734630,"PER_SHARES":1000,"TOTAL_MARKET_CAP":1758717478.2,"HKSK_MARKET_CAP":1758717478.2,"PE_TTM":2.121931527818,"PB_TTM":0.390182517409,"REPORT_DATE_SQ":"2023-06-30 00:00:00","REPORT_TYPE_SQ":"2023年中报","OPERATE_INCOME_SQ":1152172000,"DPS_HKD":0.10504,"OPERATE_INCOME_QOQ_SQ":0,"NET_PROFIT_RATIO_SQ":33.8925958971,"HOLDER_PROFIT_SQ":390501000,"HOLDER_PROFIT_QOQ_SQ":0,"ROE_AVG_SQ":11.621052293262,"PE_TTM_SQ":4.392661264524,"PB_TTM_SQ":0.874462389317,"ROA_SQ":4.371915736102,"START_DATE":"2023-09-01 00:00:00","FISCAL_YEAR":"8-31","CURRENCY":"HKD","IS_CNY_CODE":0,"DPS_HKD_LY":0.24081,"ORG_TYPE":"一般企业","PREMIUM_INCOME":null,"PREMIUM_INCOME_YOY":null,"NET_INTEREST_INCOME":null,"NET_INTEREST_INCOME_YOY":null,"FEE_COMMISSION_INCOME":null,"FEE_COMMISSION_INCOME_YOY":null,"ACCOUNTS_RECE_TDAYS":10.022755164069,"INVENTORY_TDAYS":null,"CURRENT_ASSETS_TDAYS":1.17349085982,"TOTAL_ASSETS_TDAYS":0.141839014827,"PREMIUM_EXPENSE":null,"LOAN_DEPOSIT":null,"LOAN_EQUITY":null,"LOAN_ASSETS":null,"DEPOSIT_EQUITY":null,"DEPOSIT_ASSETS":null,"EQUITY_MULTIPLIER":2.426200952252,"EQUITY_RATIO":1.426200952249},{"SECUCODE":"02001.HK","SECURITY_CODE":"02001","SECURITY_NAME_ABBR":"新高教集团","ORG_CODE":"10662823","STD_REPORT_DATE":"2023-12-31 00:00:00","REPORT_DATE":"2023-08-31 00:00:00","DATE_TYPE_CODE":"001","REPORT_TYPE":"2023年年报","PER_NETCASH_OPERATE":0.914866692579,"PER_OI":1.362571381823,"BPS":2.289966745609,"BASIC_EPS":0.45,"DILUTED_EPS":0.45,"OPERATE_INCOME":2119140000,"OPERATE_INCOME_YOY":10.2712524821,"GROSS_PROFIT":806004000,"GROSS_PROFIT_YOY":7.407767701872,"HOLDER_PROFIT":703289000,"HOLDER_PROFIT_YOY":13.4331608073,"GROSS_PROFIT_RATIO":38.03448568759,"EPS_TTM":0.45220299959,"OPERATE_INCOME_QOQ":0,"NET_PROFIT_RATIO":33.1874722765,"ROE_AVG":20.963898338556,"GROSS_PROFIT_QOQ":0,"ROA":7.679448075669,"HOLDER_PROFIT_QOQ":0,"ROE_YEARLY":20.963898338556,"ROIC_YEARLY":8.59786211481,"TOTAL_ASSETS":9242999000,"TOTAL_LIABILITIES":5710188000,"TAX_EBT":16.853482265621,"OCF_SALES":67.142661645762,"TOTAL_PARENT_EQUITY":3532811000,"DEBT_ASSET_RATIO":61.7785201535,"OPERATE_PROFIT":989419000,"PRETAX_PROFIT":845843000,"NETCASH_OPERATE":1422847000,"NETCASH_INVEST":-631994000,"NETCASH_FINANCE":-1017422000,"END_CASH":855060000,"DIVI_RATIO":0.212629096417,"DIVIDEND_RATE":9.214035087719,"CURRENT_RATIO":0.326248992197,"COMMON_ACS":2000000000,"CURRENTDEBT_DEBT":64.034108859463,"ISSUED_COMMON_SHARES":1542734630,"HK_COMMON_SHARES":1542734630,"PER_SHARES":1000,"TOTAL_MARKET_CAP":1758717478.2,"HKSK_MARKET_CAP":1758717478.2,"PE_TTM":2.121931527818,"PB_TTM":0.390182517409,"REPORT_DATE_SQ":"2022-12-31 00:00:00","REPORT_TYPE_SQ":"2022年年报","OPERATE_INCOME_SQ":1921752000,"DPS_HKD":0.10504,"OPERATE_INCOME_QOQ_SQ":0,"NET_PROFIT_RATIO_SQ":32.7936174907,"HOLDER_PROFIT_SQ":620003000,"HOLDER_PROFIT_QOQ_SQ":0,"ROE_AVG_SQ":20.035501444165,"PE_TTM_SQ":4.392661264524,"PB_TTM_SQ":0.874462389317,"ROA_SQ":7.291897600142,"START_DATE":"2022-09-01 00:00:00","FISCAL_YEAR":"8-31","CURRENCY":"HKD","IS_CNY_CODE":0,"DPS_HKD_LY":0.10185,"ORG_TYPE":"一般企业","PREMIUM_INCOME":null,"PREMIUM_INCOME_YOY":null,"NET_INTEREST_INCOME":null,"NET_INTEREST_INCOME_YOY":null,"FEE_COMMISSION_INCOME":null,"FEE_COMMISSION_INCOME_YOY":null,"ACCOUNTS_RECE_TDAYS":16.197165874314,"INVENTORY_TDAYS":null,"CURRENT_ASSETS_TDAYS":1.587835838062,"TOTAL_ASSETS_TDAYS":0.231395992189,"PREMIUM_EXPENSE":null,"LOAN_DEPOSIT":null,"LOAN_EQUITY":null,"LOAN_ASSETS":null,"DEPOSIT_EQUITY":null,"DEPOSIT_ASSETS":null,"EQUITY_MULTIPLIER":2.61632988575,"EQUITY_RATIO":1.616329885748},{"SECUCODE":"02001.HK","SECURITY_CODE":"02001","SECURITY_NAME_ABBR":"新高教集团","ORG_CODE":"10662823","STD_REPORT_DATE":"2023-06-30 00:00:00","REPORT_DATE":"2023-02-28 00:00:00","DATE_TYPE_CODE":"002","REPORT_TYPE":"2023年中报","PER_NETCASH_OPERATE":0.281834317598,"PER_OI":0.740827219597,"BPS":2.297131944202,"BASIC_EPS":0.25,"DILUTED_EPS":0.25,"OPERATE_INCOME":1152172000,"OPERATE_INCOME_YOY":11.2015990565,"GROSS_PROFIT":452734000,"GROSS_PROFIT_YOY":8.686853167334,"HOLDER_PROFIT":390501000,"HOLDER_PROFIT_YOY":13.0569597165,"GROSS_PROFIT_RATIO":39.293959582424,"EPS_TTM":0.427649400791,"OPERATE_INCOME_QOQ":0,"NET_PROFIT_RATIO":33.8925958971,"ROE_AVG":11.621052293262,"GROSS_PROFIT_QOQ":0,"ROA":4.371915736102,"HOLDER_PROFIT_QOQ":0,"ROE_YEARLY":23.242104586525,"ROIC_YEARLY":9.548521740406,"TOTAL_ASSETS":8790933000,"TOTAL_LIABILITIES":5247068000,"TAX_EBT":15.49408243688,"OCF_SALES":38.043191467941,"TOTAL_PARENT_EQUITY":3543865000,"DEBT_ASSET_RATIO":59.6872709643,"OPERATE_PROFIT":530292000,"PRETAX_PROFIT":462099000,"NETCASH_OPERATE":438323000,"NETCASH_INVEST":-308993000,"NETCASH_FINANCE":-806856000,"END_CASH":404024000,"DIVI_RATIO":0.224837249911,"DIVIDEND_RATE":9.214035087719,"CURRENT_RATIO":0.377249094948,"COMMON_ACS":2000000000,"CURRENTDEBT_DEBT":52.096599472315,"ISSUED_COMMON_SHARES":1542734630,"HK_COMMON_SHARES":1542734630,"PER_SHARES":1000,"TOTAL_MARKET_CAP":1758717478.2,"HKSK_MARKET_CAP":1758717478.2,"PE_TTM":2.121931527818,"PB_TTM":0.390182517409,"REPORT_DATE_SQ":"2022-06-30 00:00:00","REPORT_TYPE_SQ":"2022年中报","OPERATE_INCOME_SQ":1036111000,"DPS_HKD":0.10504,"OPERATE_INCOME_QOQ_SQ":0,"NET_PROFIT_RATIO_SQ":34.3217087744,"HOLDER_PROFIT_SQ":345402000,"HOLDER_PROFIT_QOQ_SQ":0,"ROE_AVG_SQ":11.090340478545,"PE_TTM_SQ":4.392661264524,"PB_TTM_SQ":0.874462389317,"ROA_SQ":4.272115615098,"START_DATE":"2022-09-01 00:00:00","FISCAL_YEAR":"8-31","CURRENCY":"HKD","IS_CNY_CODE":0,"DPS_HKD_LY":0.10185,"ORG_TYPE":"一般企业","PREMIUM_INCOME":null,"PREMIUM_INCOME_YOY":null,"NET_INTEREST_INCOME":null,"NET_INTEREST_INCOME_YOY":null,"FEE_COMMISSION_INCOME":null,"FEE_COMMISSION_INCOME_YOY":null,"ACCOUNTS_RECE_TDAYS":8.170882103688,"INVENTORY_TDAYS":null,"CURRENT_ASSETS_TDAYS":0.918971129312,"TOTAL_ASSETS_TDAYS":0.12899323939,"PREMIUM_EXPENSE":null,"LOAN_DEPOSIT":null,"LOAN_EQUITY":null,"LOAN_ASSETS":null,"DEPOSIT_EQUITY":null,"DEPOSIT_ASSETS":null,"EQUITY_MULTIPLIER":2.480606061461,"EQUITY_RATIO":1.480606061461},{"SECUCODE":"02001.HK","SECURITY_CODE":"02001","SECURITY_NAME_ABBR":"新高教集团","ORG_CODE":"10662823","STD_REPORT_DATE":"2022-12-31 00:00:00","REPORT_DATE":"2022-08-31 00:00:00","DATE_TYPE_CODE":"001","REPORT_TYPE":"2022年年报","PER_NETCASH_OPERATE":0.981975473713,"PER_OI":1.23003886778,"BPS":2.05914480574,"BASIC_EPS":0.39,"DILUTED_EPS":0.39,"OPERATE_INCOME":1921752000,"OPERATE_INCOME_YOY":28.3345409378,"GROSS_PROFIT":750415000,"GROSS_PROFIT_YOY":12.478509749492,"HOLDER_PROFIT":620003000,"HOLDER_PROFIT_YOY":9.1892910479,"GROSS_PROFIT_RATIO":39.048482842739,"EPS_TTM":0.39683985662,"OPERATE_INCOME_QOQ":0,"NET_PROFIT_RATIO":32.7936174907,"ROE_AVG":20.035501444165,"GROSS_PROFIT_QOQ":0,"ROA":7.291897600142,"HOLDER_PROFIT_QOQ":0,"ROE_YEARLY":20.035501444165,"ROIC_YEARLY":8.362623166849,"TOTAL_ASSETS":9073135000,"TOTAL_LIABILITIES":5896421000,"TAX_EBT":15.7069407365,"OCF_SALES":79.83288166215,"TOTAL_PARENT_EQUITY":3176714000,"DEBT_ASSET_RATIO":64.9876916854,"OPERATE_PROFIT":862314000,"PRETAX_PROFIT":747644000,"NETCASH_OPERATE":1534190000,"NETCASH_INVEST":-728869000,"NETCASH_FINANCE":-500010000,"END_CASH":1081449000,"DIVI_RATIO":0.242292989466,"DIVIDEND_RATE":9.214035087719,"CURRENT_RATIO":0.466688478986,"COMMON_ACS":2000000000,"CURRENTDEBT_DEBT":53.64864550886,"ISSUED_COMMON_SHARES":1542734630,"HK_COMMON_SHARES":1542734630,"PER_SHARES":1000,"TOTAL_MARKET_CAP":1758717478.2,"HKSK_MARKET_CAP":1758717478.2,"PE_TTM":2.121931527818,"PB_TTM":0.390182517409,"REPORT_DATE_SQ":"2021-12-31 00:00:00","REPORT_TYPE_SQ":"2021年年报","OPERATE_INCOME_SQ":1497455000,"DPS_HKD":0.10504,"OPERATE_INCOME_QOQ_SQ":0,"NET_PROFIT_RATIO_SQ":39.5201859154,"HOLDER_PROFIT_SQ":567824000,"HOLDER_PROFIT_QOQ_SQ":0,"ROE_AVG_SQ":21.296907334427,"PE_TTM_SQ":4.392661264524,"PB_TTM_SQ":0.874462389317,"ROA_SQ":8.236046307889,"START_DATE":"2021-09-01 00:00:00","FISCAL_YEAR":"8-31","CURRENCY":"HKD","IS_CNY_CODE":0,"DPS_HKD_LY":0.231336,"ORG_TYPE":"一般企业","PREMIUM_INCOME":null,"PREMIUM_INCOME_YOY":null,"NET_INTEREST_INCOME":null,"NET_INTEREST_INCOME_YOY":null,"FEE_COMMISSION_INCOME":null,"FEE_COMMISSION_INCOME_YOY":null,"ACCOUNTS_RECE_TDAYS":13.675078898025,"INVENTORY_TDAYS":null,"CURRENT_ASSETS_TDAYS":1.363817620853,"TOTAL_ASSETS_TDAYS":0.226018564376,"PREMIUM_EXPENSE":null,"LOAN_DEPOSIT":null,"LOAN_EQUITY":null,"LOAN_ASSETS":null,"DEPOSIT_EQUITY":null,"DEPOSIT_ASSETS":null,"EQUITY_MULTIPLIER":2.856138449983,"EQUITY_RATIO":1.856138449983},{"SECUCODE":"02001.HK","SECURITY_CODE":"02001","SECURITY_NAME_ABBR":"新高教集团","ORG_CODE":"10662823","STD_REPORT_DATE":"2022-06-30 00:00:00","REPORT_DATE":"2022-02-28 00:00:00","DATE_TYPE_CODE":"002","REPORT_TYPE":"2022年中报","PER_NETCASH_OPERATE":0.526289991583,"PER_OI":0.661017937805,"BPS":2.084966485779,"BASIC_EPS":0.22,"DILUTED_EPS":0.22,"OPERATE_INCOME":1036111000,"OPERATE_INCOME_YOY":31.7371032894,"GROSS_PROFIT":416549000,"GROSS_PROFIT_YOY":16.75921280192,"HOLDER_PROFIT":345402000,"HOLDER_PROFIT_YOY":17.2428072939,"GROSS_PROFIT_RATIO":40.203124954759,"EPS_TTM":0.39595593212,"OPERATE_INCOME_QOQ":0,"NET_PROFIT_RATIO":34.3217087744,"ROE_AVG":11.090340478545,"GROSS_PROFIT_QOQ":0,"ROA":4.272115615098,"HOLDER_PROFIT_QOQ":0,"ROE_YEARLY":22.18068095709,"ROIC_YEARLY":9.564445721912,"TOTAL_ASSETS":8237945000,"TOTAL_LIABILITIES":5021395000,"TAX_EBT":14.118351683649,"OCF_SALES":79.618110414811,"TOTAL_PARENT_EQUITY":3216550000,"DEBT_ASSET_RATIO":60.9544613371,"OPERATE_PROFIT":479990000,"PRETAX_PROFIT":414071000,"NETCASH_OPERATE":824932000,"NETCASH_INVEST":-235161000,"NETCASH_FINANCE":-787156000,"END_CASH":578082000,"DIVI_RATIO":0.242833879733,"DIVIDEND_RATE":9.214035087719,"CURRENT_RATIO":0.453165816218,"COMMON_ACS":2000000000,"CURRENTDEBT_DEBT":52.328725384082,"ISSUED_COMMON_SHARES":1542734630,"HK_COMMON_SHARES":1542734630,"PER_SHARES":1000,"TOTAL_MARKET_CAP":1758717478.2,"HKSK_MARKET_CAP":1758717478.2,"PE_TTM":2.121931527818,"PB_TTM":0.390182517409,"REPORT_DATE_SQ":"2021-06-30 00:00:00","REPORT_TYPE_SQ":"2021年中报","OPERATE_INCOME_SQ":786499000,"DPS_HKD":0.10504,"OPERATE_INCOME_QOQ_SQ":0,"NET_PROFIT_RATIO_SQ":38.7808503253,"HOLDER_PROFIT_SQ":294604000,"HOLDER_PROFIT_QOQ_SQ":0,"ROE_AVG_SQ":11.388661400094,"PE_TTM_SQ":4.392661264524,"PB_TTM_SQ":0.874462389317,"ROA_SQ":4.704920000278,"START_DATE":"2021-09-01 00:00:00","FISCAL_YEAR":"8-31","CURRENCY":"HKD","IS_CNY_CODE":0,"DPS_HKD_LY":0.231336,"ORG_TYPE":"一般企业","PREMIUM_INCOME":null,"PREMIUM_INCOME_YOY":null,"NET_INTEREST_INCOME":null,"NET_INTEREST_INCOME_YOY":null,"FEE_COMMISSION_INCOME":null,"FEE_COMMISSION_INCOME_YOY":null,"ACCOUNTS_RECE_TDAYS":null,"INVENTORY_TDAYS":null,"CURRENT_ASSETS_TDAYS":0.818203390995,"TOTAL_ASSETS_TDAYS":0.128151718348,"PREMIUM_EXPENSE":null,"LOAN_DEPOSIT":null,"LOAN_EQUITY":null,"LOAN_ASSETS":null,"DEPOSIT_EQUITY":null,"DEPOSIT_ASSETS":null,"EQUITY_MULTIPLIER":2.561112061056,"EQUITY_RATIO":1.561112061059},{"SECUCODE":"02001.HK","SECURITY_CODE":"02001","SECURITY_NAME_ABBR":"新高教集团","ORG_CODE":"10662823","STD_REPORT_DATE":"2021-12-31 00:00:00","REPORT_DATE":"2021-08-31 00:00:00","DATE_TYPE_CODE":"001","REPORT_TYPE":"2021年年报","PER_NETCASH_OPERATE":0.459559053624,"PER_OI":0.944276663632,"BPS":1.952591159505,"BASIC_EPS":0.36,"DILUTED_EPS":0.34,"OPERATE_INCOME":1497455000,"OPERATE_INCOME_YOY":null,"GROSS_PROFIT":667163000,"GROSS_PROFIT_YOY":null,"HOLDER_PROFIT":567824000,"HOLDER_PROFIT_YOY":null,"GROSS_PROFIT_RATIO":44.553125135647,"EPS_TTM":0.358062814742,"OPERATE_INCOME_QOQ":0,"NET_PROFIT_RATIO":39.5201859154,"ROE_AVG":21.296907334427,"GROSS_PROFIT_QOQ":0,"ROA":8.236046307889,"HOLDER_PROFIT_QOQ":0,"ROE_YEARLY":21.296907334427,"ROIC_YEARLY":9.525598923139,"TOTAL_ASSETS":7932123000,"TOTAL_LIABILITIES":4739816000,"TAX_EBT":12.695635497267,"OCF_SALES":48.66783976814,"TOTAL_PARENT_EQUITY":3012330000,"DEBT_ASSET_RATIO":59.7546961892,"OPERATE_PROFIT":819958000,"PRETAX_PROFIT":677855000,"NETCASH_OPERATE":728779000,"NETCASH_INVEST":-1021523000,"NETCASH_FINANCE":460715000,"END_CASH":775787000,"DIVI_RATIO":0.268532534631,"DIVIDEND_RATE":9.214035087719,"CURRENT_RATIO":0.514317099149,"COMMON_ACS":2000000000,"CURRENTDEBT_DEBT":55.046081957612,"ISSUED_COMMON_SHARES":1542734630,"HK_COMMON_SHARES":1542734630,"PER_SHARES":1000,"TOTAL_MARKET_CAP":1758717478.2,"HKSK_MARKET_CAP":1758717478.2,"PE_TTM":2.121931527818,"PB_TTM":0.390182517409,"REPORT_DATE_SQ":"2020-12-31 00:00:00","REPORT_TYPE_SQ":"2020年年报","OPERATE_INCOME_SQ":null,"DPS_HKD":0.10504,"OPERATE_INCOME_QOQ_SQ":0,"NET_PROFIT_RATIO_SQ":null,"HOLDER_PROFIT_SQ":null,"HOLDER_PROFIT_QOQ_SQ":0,"ROE_AVG_SQ":null,"PE_TTM_SQ":4.392661264524,"PB_TTM_SQ":0.874462389317,"ROA_SQ":null,"START_DATE":"2020-09-01 00:00:00","FISCAL_YEAR":"8-31","CURRENCY":"HKD","IS_CNY_CODE":0,"DPS_HKD_LY":0.11157,"ORG_TYPE":"一般企业","PREMIUM_INCOME":null,"PREMIUM_INCOME_YOY":null,"NET_INTEREST_INCOME":null,"NET_INTEREST_INCOME_YOY":null,"FEE_COMMISSION_INCOME":null,"FEE_COMMISSION_INCOME_YOY":null,"ACCOUNTS_RECE_TDAYS":9.249030289554,"INVENTORY_TDAYS":null,"CURRENT_ASSETS_TDAYS":1.207879726249,"TOTAL_ASSETS_TDAYS":0.217199497097,"PREMIUM_EXPENSE":null,"LOAN_DEPOSIT":null,"LOAN_EQUITY":null,"LOAN_ASSETS":null,"DEPOSIT_EQUITY":null,"DEPOSIT_ASSETS":null,"EQUITY_MULTIPLIER":2.484761960554,"EQUITY_RATIO":1.573471697988},{"SECUCODE":"02001.HK","SECURITY_CODE":"02001","SECURITY_NAME_ABBR":"新高教集团","ORG_CODE":"10662823","STD_REPORT_DATE":"2021-06-30 00:00:00","REPORT_DATE":"2021-02-28 00:00:00","DATE_TYPE_CODE":"002","REPORT_TYPE":"2021年中报","PER_NETCASH_OPERATE":0.454748038351,"PER_OI":0.496038141793,"BPS":1.849645392351,"BASIC_EPS":0.19,"DILUTED_EPS":0.17,"OPERATE_INCOME":786499000,"OPERATE_INCOME_YOY":22.666984837,"GROSS_PROFIT":356759000,"GROSS_PROFIT_YOY":5.618120562967,"HOLDER_PROFIT":294604000,"HOLDER_PROFIT_YOY":23.4279489704,"GROSS_PROFIT_RATIO":45.360388252242,"EPS_TTM":0.267441690866,"OPERATE_INCOME_QOQ":0,"NET_PROFIT_RATIO":38.7808503253,"ROE_AVG":11.388661400094,"GROSS_PROFIT_QOQ":0,"ROA":4.704920000278,"HOLDER_PROFIT_QOQ":0,"ROE_YEARLY":22.777322800189,"ROIC_YEARLY":11.223720359432,"TOTAL_ASSETS":6666602000,"TOTAL_LIABILITIES":3620083000,"TAX_EBT":11.265655228592,"OCF_SALES":91.676022474282,"TOTAL_PARENT_EQUITY":2853512000,"DEBT_ASSET_RATIO":54.3017717272,"OPERATE_PROFIT":408986000,"PRETAX_PROFIT":343735000,"NETCASH_OPERATE":721031000,"NETCASH_INVEST":-840566000,"NETCASH_FINANCE":346415000,"END_CASH":834892000,"DIVI_RATIO":0.359523284827,"DIVIDEND_RATE":9.214035087719,"CURRENT_RATIO":0.69233091071,"COMMON_ACS":2000000000,"CURRENTDEBT_DEBT":71.017846828374,"ISSUED_COMMON_SHARES":1542734630,"HK_COMMON_SHARES":1542734630,"PER_SHARES":1000,"TOTAL_MARKET_CAP":1758717478.2,"HKSK_MARKET_CAP":1758717478.2,"PE_TTM":2.121931527818,"PB_TTM":0.390182517409,"REPORT_DATE_SQ":"2020-06-30 00:00:00","REPORT_TYPE_SQ":"2020年中报","OPERATE_INCOME_SQ":641166000,"DPS_HKD":0.10504,"OPERATE_INCOME_QOQ_SQ":12.866351273066,"NET_PROFIT_RATIO_SQ":41.4419978601,"HOLDER_PROFIT_SQ":238685000,"HOLDER_PROFIT_QOQ_SQ":9.747545582048,"ROE_AVG_SQ":9.60856427676,"PE_TTM_SQ":4.392661264524,"PB_TTM_SQ":0.874462389317,"ROA_SQ":4.010325009636,"START_DATE":"2020-09-01 00:00:00","FISCAL_YEAR":"8-31","CURRENCY":"HKD","IS_CNY_CODE":0,"DPS_HKD_LY":0.11157,"ORG_TYPE":"一般企业","PREMIUM_INCOME":null,"PREMIUM_INCOME_YOY":null,"NET_INTEREST_INCOME":null,"NET_INTEREST_INCOME_YOY":null,"FEE_COMMISSION_INCOME":null,"FEE_COMMISSION_INCOME_YOY":null,"ACCOUNTS_RECE_TDAYS":null,"INVENTORY_TDAYS":null,"CURRENT_ASSETS_TDAYS":0.539159924017,"TOTAL_ASSETS_TDAYS":0.125606403012,"PREMIUM_EXPENSE":null,"LOAN_DEPOSIT":null,"LOAN_EQUITY":null,"LOAN_ASSETS":null,"DEPOSIT_EQUITY":null,"DEPOSIT_ASSETS":null,"EQUITY_MULTIPLIER":2.188268643656,"EQUITY_RATIO":1.268641239287},{"SECUCODE":"02001.HK","SECURITY_CODE":"02001","SECURITY_NAME_ABBR":"新高教集团","ORG_CODE":"10662823","STD_REPORT_DATE":"2020-06-30 00:00:00","REPORT_DATE":"2020-06-30 00:00:00","DATE_TYPE_CODE":"002","REPORT_TYPE":"2020年中报","PER_NETCASH_OPERATE":-0.124240477581,"PER_OI":0.416044383882,"BPS":1.609246951305,"BASIC_EPS":0.15,"DILUTED_EPS":0.15,"OPERATE_INCOME":641166000,"OPERATE_INCOME_YOY":27.9713705758,"GROSS_PROFIT":337782000,"GROSS_PROFIT_YOY":25.741534887876,"HOLDER_PROFIT":238685000,"HOLDER_PROFIT_YOY":18.739304334,"GROSS_PROFIT_RATIO":52.682456649292,"EPS_TTM":0.275202777237,"OPERATE_INCOME_QOQ":12.866351273066,"NET_PROFIT_RATIO":41.4419978601,"ROE_AVG":9.60856427676,"GROSS_PROFIT_QOQ":12.74327868067,"ROA":4.010325009636,"HOLDER_PROFIT_QOQ":9.747545582048,"ROE_YEARLY":19.21712855352,"ROIC_YEARLY":9.786941259491,"TOTAL_ASSETS":5902159000,"TOTAL_LIABILITIES":3125351000,"TAX_EBT":10.340871513507,"OCF_SALES":-29.862313347869,"TOTAL_PARENT_EQUITY":2482641000,"DEBT_ASSET_RATIO":52.9526737589,"OPERATE_PROFIT":351355000,"PRETAX_PROFIT":296358000,"NETCASH_OPERATE":-192850000,"NETCASH_INVEST":5462000,"NETCASH_FINANCE":302334000,"END_CASH":673981000,"DIVI_RATIO":0.349384247373,"DIVIDEND_RATE":9.214035087719,"CURRENT_RATIO":0.604657398281,"COMMON_ACS":2000000000,"CURRENTDEBT_DEBT":60.024714024121,"ISSUED_COMMON_SHARES":1542734630,"HK_COMMON_SHARES":1542734630,"PER_SHARES":1000,"TOTAL_MARKET_CAP":1758717478.2,"HKSK_MARKET_CAP":1758717478.2,"PE_TTM":2.121931527818,"PB_TTM":0.390182517409,"REPORT_DATE_SQ":"2019-06-30 00:00:00","REPORT_TYPE_SQ":"2019年中报","OPERATE_INCOME_SQ":501023000,"DPS_HKD":0.10504,"OPERATE_INCOME_QOQ_SQ":44.919227001514,"NET_PROFIT_RATIO_SQ":45.0410460198,"HOLDER_PROFIT_SQ":201016000,"HOLDER_PROFIT_QOQ_SQ":21.024203191358,"ROE_AVG_SQ":9.521127761233,"PE_TTM_SQ":4.392661264524,"PB_TTM_SQ":0.874462389317,"ROA_SQ":4.099797861381,"START_DATE":"2020-01-01 00:00:00","FISCAL_YEAR":"12-31","CURRENCY":"HKD","IS_CNY_CODE":0,"DPS_HKD_LY":0.0824,"ORG_TYPE":"一般企业","PREMIUM_INCOME":null,"PREMIUM_INCOME_YOY":null,"NET_INTEREST_INCOME":null,"NET_INTEREST_INCOME_YOY":null,"FEE_COMMISSION_INCOME":null,"FEE_COMMISSION_INCOME_YOY":null,"ACCOUNTS_RECE_TDAYS":null,"INVENTORY_TDAYS":null,"CURRENT_ASSETS_TDAYS":0.560934427033,"TOTAL_ASSETS_TDAYS":0.107727089894,"PREMIUM_EXPENSE":null,"LOAN_DEPOSIT":null,"LOAN_EQUITY":null,"LOAN_ASSETS":null,"DEPOSIT_EQUITY":null,"DEPOSIT_ASSETS":null,"EQUITY_MULTIPLIER":2.1255193013,"EQUITY_RATIO":1.25888157007}],"count":19},"success":true,"message":"ok","code":0}