{"version":"cfbca74499917c029288b8b8639cff75","result":{"pages":7,"data":[{"SECUCODE":"02008.HK","SECURITY_CODE":"02008","SECURITY_NAME_ABBR":"凤凰卫视","ORG_CODE":"10010641","STD_REPORT_DATE":"2024-06-30 00:00:00","REPORT_DATE":"2024-06-30 00:00:00","DATE_TYPE_CODE":"002","REPORT_TYPE":"2024年中报","PER_NETCASH_OPERATE":-0.020862940695,"PER_OI":1.90580358809,"BPS":5.373270023557,"BASIC_EPS":-0.337143992,"DILUTED_EPS":-0.337143992,"OPERATE_INCOME":951693419.28,"OPERATE_INCOME_YOY":-7.9721854737,"GROSS_PROFIT":11401198.56,"GROSS_PROFIT_YOY":141.945637400739,"HOLDER_PROFIT":-168350214.76,"HOLDER_PROFIT_YOY":-42.8150017808,"GROSS_PROFIT_RATIO":1.197990689967,"EPS_TTM":-0.568661386504,"OPERATE_INCOME_QOQ":-4.157407315058,"NET_PROFIT_RATIO":-20.2789557572,"ROE_AVG":-6.016863540626,"GROSS_PROFIT_QOQ":30.367804659135,"ROA":-2.799449692634,"HOLDER_PROFIT_QOQ":-20.992292103183,"ROE_YEARLY":-12.033727081252,"ROIC_YEARLY":-9.317086506838,"TOTAL_ASSETS":5921189472.6,"TOTAL_LIABILITIES":2395182631.2,"TAX_EBT":3.63480590975,"OCF_SALES":-1.094705709732,"TOTAL_PARENT_EQUITY":2683228089.92,"DEBT_ASSET_RATIO":40.4510384659,"OPERATE_PROFIT":-165928874.72,"PRETAX_PROFIT":-200273023.12,"NETCASH_OPERATE":-10418242.2,"NETCASH_INVEST":-54461440.96,"NETCASH_FINANCE":87027688.72,"END_CASH":1396462462.24,"DIVI_RATIO":null,"DIVIDEND_RATE":null,"CURRENT_RATIO":1.836758224904,"COMMON_ACS":1000000000,"CURRENTDEBT_DEBT":74.15933148906,"ISSUED_COMMON_SHARES":499365950,"HK_COMMON_SHARES":499365950,"PER_SHARES":1000,"TOTAL_MARKET_CAP":674144032.5,"HKSK_MARKET_CAP":674144032.5,"PE_TTM":-2.144988139859,"PB_TTM":0.229305059042,"REPORT_DATE_SQ":"2023-06-30 00:00:00","REPORT_TYPE_SQ":"2023年中报","OPERATE_INCOME_SQ":1044674332.46,"DPS_HKD":null,"OPERATE_INCOME_QOQ_SQ":-8.55788179273,"NET_PROFIT_RATIO_SQ":-18.4637937228,"HOLDER_PROFIT_SQ":-119081092.84,"HOLDER_PROFIT_QOQ_SQ":47.871712204355,"ROE_AVG_SQ":-3.806470008775,"PE_TTM_SQ":null,"PB_TTM_SQ":null,"ROA_SQ":-1.808417490479,"START_DATE":"2024-01-01 00:00:00","FISCAL_YEAR":"12-31","CURRENCY":"HKD","IS_CNY_CODE":0,"DPS_HKD_LY":null,"ORG_TYPE":"一般企业","PREMIUM_INCOME":null,"PREMIUM_INCOME_YOY":null,"NET_INTEREST_INCOME":null,"NET_INTEREST_INCOME_YOY":null,"FEE_COMMISSION_INCOME":null,"FEE_COMMISSION_INCOME_YOY":null,"ACCOUNTS_RECE_TDAYS":1.66698932819,"INVENTORY_TDAYS":403.862798902391,"CURRENT_ASSETS_TDAYS":0.289055770167,"TOTAL_ASSETS_TDAYS":0.158254496668,"PREMIUM_EXPENSE":null,"LOAN_DEPOSIT":null,"LOAN_EQUITY":null,"LOAN_ASSETS":null,"DEPOSIT_EQUITY":null,"DEPOSIT_ASSETS":null,"EQUITY_MULTIPLIER":1.679290409502,"EQUITY_RATIO":0.892649655912},{"SECUCODE":"02008.HK","SECURITY_CODE":"02008","SECURITY_NAME_ABBR":"凤凰卫视","ORG_CODE":"10010641","STD_REPORT_DATE":"2023-12-31 00:00:00","REPORT_DATE":"2023-12-31 00:00:00","DATE_TYPE_CODE":"001","REPORT_TYPE":"2023年年报","PER_NETCASH_OPERATE":-0.008019523161,"PER_OI":0.44787034289,"BPS":5.791547152544,"BASIC_EPS":-0.469965692,"DILUTED_EPS":-0.469965692,"OPERATE_INCOME":2236511992.54,"OPERATE_INCOME_YOY":-17.8370048203,"GROSS_PROFIT":127049325.34,"GROSS_PROFIT_YOY":18.340151156463,"HOLDER_PROFIT":-234701011.58,"HOLDER_PROFIT_YOY":32.4388271508,"GROSS_PROFIT_RATIO":5.680690546877,"EPS_TTM":-0.046999802766,"OPERATE_INCOME_QOQ":-8.844919483299,"NET_PROFIT_RATIO":-13.5615815024,"ROE_AVG":-7.833872502091,"GROSS_PROFIT_QOQ":6.832559135473,"ROA":-3.723834190894,"HOLDER_PROFIT_QOQ":-31.773266873513,"ROE_YEARLY":-7.833872502091,"ROIC_YEARLY":-6.018159580254,"TOTAL_ASSETS":6062969756.9,"TOTAL_LIABILITIES":2283626370.34,"TAX_EBT":-5.138265423121,"OCF_SALES":-1.790590354694,"TOTAL_PARENT_EQUITY":2892101445.8,"DEBT_ASSET_RATIO":37.6651453315,"OPERATE_PROFIT":-293018987.24,"PRETAX_PROFIT":-288483356.14,"NETCASH_OPERATE":-40046768.02,"NETCASH_INVEST":275467318.28,"NETCASH_FINANCE":-94960075.14,"END_CASH":1403788246.98,"DIVI_RATIO":null,"DIVIDEND_RATE":null,"CURRENT_RATIO":2.042429645822,"COMMON_ACS":1000000000,"CURRENTDEBT_DEBT":70.726408134774,"ISSUED_COMMON_SHARES":499365950,"HK_COMMON_SHARES":499365950,"PER_SHARES":1000,"TOTAL_MARKET_CAP":624207437.5,"HKSK_MARKET_CAP":624207437.5,"PE_TTM":-1.986100129499,"PB_TTM":0.212319499113,"REPORT_DATE_SQ":"2022-12-31 00:00:00","REPORT_TYPE_SQ":"2022年年报","OPERATE_INCOME_SQ":2683144576.91,"DPS_HKD":null,"OPERATE_INCOME_QOQ_SQ":-0.742867230913,"NET_PROFIT_RATIO_SQ":-14.9025562525,"HOLDER_PROFIT_SQ":-342426121.8,"HOLDER_PROFIT_QOQ_SQ":24.346396884131,"ROE_AVG_SQ":-10.260197261346,"PE_TTM_SQ":-6.230014060171,"PB_TTM_SQ":0.33532467424,"ROA_SQ":-4.780544869632,"START_DATE":"2023-01-01 00:00:00","FISCAL_YEAR":"12-31","CURRENCY":"HKD","IS_CNY_CODE":0,"DPS_HKD_LY":null,"ORG_TYPE":"一般企业","PREMIUM_INCOME":null,"PREMIUM_INCOME_YOY":null,"NET_INTEREST_INCOME":null,"NET_INTEREST_INCOME_YOY":null,"FEE_COMMISSION_INCOME":null,"FEE_COMMISSION_INCOME_YOY":null,"ACCOUNTS_RECE_TDAYS":3.183501486971,"INVENTORY_TDAYS":491.295905445336,"CURRENT_ASSETS_TDAYS":0.646325648,"TOTAL_ASSETS_TDAYS":0.354851466983,"PREMIUM_EXPENSE":null,"LOAN_DEPOSIT":null,"LOAN_EQUITY":null,"LOAN_ASSETS":null,"DEPOSIT_EQUITY":null,"DEPOSIT_ASSETS":null,"EQUITY_MULTIPLIER":1.604238921095,"EQUITY_RATIO":0.789607976462},{"SECUCODE":"02008.HK","SECURITY_CODE":"02008","SECURITY_NAME_ABBR":"凤凰卫视","ORG_CODE":"10010641","STD_REPORT_DATE":"2023-06-30 00:00:00","REPORT_DATE":"2023-06-30 00:00:00","DATE_TYPE_CODE":"002","REPORT_TYPE":"2023年中报","PER_NETCASH_OPERATE":-0.010915517884,"PER_OI":0.209200153206,"BPS":6.213902405841,"BASIC_EPS":-0.238424028,"DILUTED_EPS":-0.238424028,"OPERATE_INCOME":1044674332.46,"OPERATE_INCOME_YOY":-23.9582382596,"GROSS_PROFIT":-27180892.38,"GROSS_PROFIT_YOY":29.847140745952,"HOLDER_PROFIT":-119081092.84,"HOLDER_PROFIT_YOY":60.9213695281,"GROSS_PROFIT_RATIO":-2.601853183852,"EPS_TTM":-0.03566717581,"OPERATE_INCOME_QOQ":-8.55788179273,"NET_PROFIT_RATIO":-18.4637937228,"ROE_AVG":-3.806470008775,"GROSS_PROFIT_QOQ":10.771615052671,"ROA":-1.808417490479,"HOLDER_PROFIT_QOQ":47.871712204355,"ROE_YEARLY":-7.61294001755,"ROIC_YEARLY":-5.721568467627,"TOTAL_ASSETS":6513496432.34,"TOTAL_LIABILITIES":2507231490.02,"TAX_EBT":4.030807904732,"OCF_SALES":-5.21773895331,"TOTAL_PARENT_EQUITY":3103011278.1,"DEBT_ASSET_RATIO":38.4928665589,"OPERATE_PROFIT":-252584718.82,"PRETAX_PROFIT":-200987952.08,"NETCASH_OPERATE":-54508379.58,"NETCASH_INVEST":129052306.54,"NETCASH_FINANCE":-84850741.38,"END_CASH":1300927609.7,"DIVI_RATIO":null,"DIVIDEND_RATE":null,"CURRENT_RATIO":1.983122413265,"COMMON_ACS":1000000000,"CURRENTDEBT_DEBT":70.813073035623,"ISSUED_COMMON_SHARES":499365950,"HK_COMMON_SHARES":499365950,"PER_SHARES":1000,"TOTAL_MARKET_CAP":624207437.5,"HKSK_MARKET_CAP":624207437.5,"PE_TTM":-1.986100129499,"PB_TTM":0.212319499113,"REPORT_DATE_SQ":"2022-06-30 00:00:00","REPORT_TYPE_SQ":"2022年中报","OPERATE_INCOME_SQ":1274294673.68,"DPS_HKD":null,"OPERATE_INCOME_QOQ_SQ":4.654726401784,"NET_PROFIT_RATIO_SQ":-30.0488835439,"HOLDER_PROFIT_SQ":-282647136.52,"HOLDER_PROFIT_QOQ_SQ":-21.084194127601,"ROE_AVG_SQ":-8.625347337983,"PE_TTM_SQ":-6.230014060171,"PB_TTM_SQ":0.33532467424,"ROA_SQ":-3.906717642286,"START_DATE":"2023-01-01 00:00:00","FISCAL_YEAR":"12-31","CURRENCY":"HKD","IS_CNY_CODE":0,"DPS_HKD_LY":null,"ORG_TYPE":"一般企业","PREMIUM_INCOME":null,"PREMIUM_INCOME_YOY":null,"NET_INTEREST_INCOME":null,"NET_INTEREST_INCOME_YOY":null,"FEE_COMMISSION_INCOME":null,"FEE_COMMISSION_INCOME_YOY":null,"ACCOUNTS_RECE_TDAYS":1.398375378418,"INVENTORY_TDAYS":245.991959373678,"CURRENT_ASSETS_TDAYS":0.28995243619,"TOTAL_ASSETS_TDAYS":0.158648807264,"PREMIUM_EXPENSE":null,"LOAN_DEPOSIT":null,"LOAN_EQUITY":null,"LOAN_ASSETS":null,"DEPOSIT_EQUITY":null,"DEPOSIT_ASSETS":null,"EQUITY_MULTIPLIER":1.625827678927,"EQUITY_RATIO":0.807999477061},{"SECUCODE":"02008.HK","SECURITY_CODE":"02008","SECURITY_NAME_ABBR":"凤凰卫视","ORG_CODE":"10010641","STD_REPORT_DATE":"2022-12-31 00:00:00","REPORT_DATE":"2022-12-31 00:00:00","DATE_TYPE_CODE":"001","REPORT_TYPE":"2022年年报","PER_NETCASH_OPERATE":0.052300464123,"PER_OI":0.537310278546,"BPS":6.105832688512,"BASIC_EPS":-0.685674052,"DILUTED_EPS":-0.685674052,"OPERATE_INCOME":2683144576.91,"OPERATE_INCOME_YOY":-4.9222914372,"GROSS_PROFIT":107359441.49,"GROSS_PROFIT_YOY":-40.933619050099,"HOLDER_PROFIT":-342426121.8,"HOLDER_PROFIT_YOY":16.155378879,"GROSS_PROFIT_RATIO":4.00125443906,"EPS_TTM":-0.068421920838,"OPERATE_INCOME_QOQ":-0.742867230913,"NET_PROFIT_RATIO":-14.9025562525,"ROE_AVG":-10.260197261346,"GROSS_PROFIT_QOQ":-0.454133396863,"ROA":-4.780544869632,"HOLDER_PROFIT_QOQ":24.346396884131,"ROE_YEARLY":-10.260197261346,"ROIC_YEARLY":-7.141849548584,"TOTAL_ASSETS":6458892354.32,"TOTAL_LIABILITIES":2491789170.78,"TAX_EBT":-6.955743358871,"OCF_SALES":9.73375463132,"TOTAL_PARENT_EQUITY":3055555092.8,"DEBT_ASSET_RATIO":38.6390961697,"OPERATE_PROFIT":-377006390.04,"PRETAX_PROFIT":-373219818.51,"NETCASH_OPERATE":261170709.52,"NETCASH_INVEST":490886702.53,"NETCASH_FINANCE":-450590399.56,"END_CASH":1228078315.24,"DIVI_RATIO":null,"DIVIDEND_RATE":null,"CURRENT_RATIO":2.05636110871,"COMMON_ACS":1000000000,"CURRENTDEBT_DEBT":69.674932622672,"ISSUED_COMMON_SHARES":499365950,"HK_COMMON_SHARES":499365950,"PER_SHARES":1000,"TOTAL_MARKET_CAP":624207437.5,"HKSK_MARKET_CAP":624207437.5,"PE_TTM":-1.986100129499,"PB_TTM":0.212319499113,"REPORT_DATE_SQ":"2021-12-31 00:00:00","REPORT_TYPE_SQ":"2021年年报","OPERATE_INCOME_SQ":2582994624,"DPS_HKD":null,"OPERATE_INCOME_QOQ_SQ":1.692910322859,"NET_PROFIT_RATIO_SQ":-19.7907724643,"HOLDER_PROFIT_SQ":-372989937.6,"HOLDER_PROFIT_QOQ_SQ":-68.470090437909,"ROE_AVG_SQ":-10.79815390318,"PE_TTM_SQ":-6.230014060171,"PB_TTM_SQ":0.33532467424,"ROA_SQ":-5.030522701259,"START_DATE":"2022-01-01 00:00:00","FISCAL_YEAR":"12-31","CURRENCY":"HKD","IS_CNY_CODE":0,"DPS_HKD_LY":null,"ORG_TYPE":"一般企业","PREMIUM_INCOME":null,"PREMIUM_INCOME_YOY":null,"NET_INTEREST_INCOME":null,"NET_INTEREST_INCOME_YOY":null,"FEE_COMMISSION_INCOME":null,"FEE_COMMISSION_INCOME_YOY":null,"ACCOUNTS_RECE_TDAYS":3.101248662958,"INVENTORY_TDAYS":553.835782195333,"CURRENT_ASSETS_TDAYS":0.648787567659,"TOTAL_ASSETS_TDAYS":0.37541125184,"PREMIUM_EXPENSE":null,"LOAN_DEPOSIT":null,"LOAN_EQUITY":null,"LOAN_ASSETS":null,"DEPOSIT_EQUITY":null,"DEPOSIT_ASSETS":null,"EQUITY_MULTIPLIER":1.62970220055,"EQUITY_RATIO":0.815494761214},{"SECUCODE":"02008.HK","SECURITY_CODE":"02008","SECURITY_NAME_ABBR":"凤凰卫视","ORG_CODE":"10010641","STD_REPORT_DATE":"2022-06-30 00:00:00","REPORT_DATE":"2022-06-30 00:00:00","DATE_TYPE_CODE":"002","REPORT_TYPE":"2022年中报","PER_NETCASH_OPERATE":-0.01851884892,"PER_OI":0.255182531704,"BPS":6.201149657881,"BASIC_EPS":-0.056613578,"DILUTED_EPS":-0.056613578,"OPERATE_INCOME":1274294673.68,"OPERATE_INCOME_YOY":7.4342339588,"GROSS_PROFIT":-38745238.14,"GROSS_PROFIT_YOY":-210.177503970444,"HOLDER_PROFIT":-282647136.52,"HOLDER_PROFIT_YOY":-34.8049352503,"GROSS_PROFIT_RATIO":-3.040524216279,"EPS_TTM":-0.090441060333,"OPERATE_INCOME_QOQ":4.654726401784,"NET_PROFIT_RATIO":-30.0488835439,"ROE_AVG":-8.625347337983,"GROSS_PROFIT_QOQ":-40.66415516238,"ROA":-3.906717642286,"HOLDER_PROFIT_QOQ":-21.084194127601,"ROE_YEARLY":-17.250694675967,"ROIC_YEARLY":-11.191994785097,"TOTAL_ASSETS":6958708396.08,"TOTAL_LIABILITIES":2836105935.74,"TAX_EBT":-0.1823531386,"OCF_SALES":-7.257098985821,"TOTAL_PARENT_EQUITY":3096642990,"DEBT_ASSET_RATIO":40.7562118473,"OPERATE_PROFIT":-312354726.74,"PRETAX_PROFIT":-382214342.65,"NETCASH_OPERATE":-92476825.84,"NETCASH_INVEST":118038454.94,"NETCASH_FINANCE":-96224268.42,"END_CASH":946755193.3,"DIVI_RATIO":null,"DIVIDEND_RATE":null,"CURRENT_RATIO":1.90060165161,"COMMON_ACS":1000000000,"CURRENTDEBT_DEBT":75.843805200061,"ISSUED_COMMON_SHARES":499365950,"HK_COMMON_SHARES":499365950,"PER_SHARES":1000,"TOTAL_MARKET_CAP":624207437.5,"HKSK_MARKET_CAP":624207437.5,"PE_TTM":-1.986100129499,"PB_TTM":0.212319499113,"REPORT_DATE_SQ":"2021-06-30 00:00:00","REPORT_TYPE_SQ":"2021年中报","OPERATE_INCOME_SQ":1154063340.96,"DPS_HKD":null,"OPERATE_INCOME_QOQ_SQ":-0.367600588832,"NET_PROFIT_RATIO_SQ":-18.514998969,"HOLDER_PROFIT_SQ":-204005214,"HOLDER_PROFIT_QOQ_SQ":74.634047512384,"ROE_AVG_SQ":-5.675987741672,"PE_TTM_SQ":-6.230014060171,"PB_TTM_SQ":0.33532467424,"ROA_SQ":-2.701780464235,"START_DATE":"2022-01-01 00:00:00","FISCAL_YEAR":"12-31","CURRENCY":"HKD","IS_CNY_CODE":0,"DPS_HKD_LY":null,"ORG_TYPE":"一般企业","PREMIUM_INCOME":null,"PREMIUM_INCOME_YOY":null,"NET_INTEREST_INCOME":null,"NET_INTEREST_INCOME_YOY":null,"FEE_COMMISSION_INCOME":null,"FEE_COMMISSION_INCOME_YOY":null,"ACCOUNTS_RECE_TDAYS":1.448654954841,"INVENTORY_TDAYS":307.937825912555,"CURRENT_ASSETS_TDAYS":0.296730299628,"TOTAL_ASSETS_TDAYS":0.176131608635,"PREMIUM_EXPENSE":null,"LOAN_DEPOSIT":null,"LOAN_EQUITY":null,"LOAN_ASSETS":null,"DEPOSIT_EQUITY":null,"DEPOSIT_ASSETS":null,"EQUITY_MULTIPLIER":1.687940678983,"EQUITY_RATIO":0.915864678266},{"SECUCODE":"02008.HK","SECURITY_CODE":"02008","SECURITY_NAME_ABBR":"凤凰卫视","ORG_CODE":"10010641","STD_REPORT_DATE":"2021-12-31 00:00:00","REPORT_DATE":"2021-12-31 00:00:00","DATE_TYPE_CODE":"001","REPORT_TYPE":"2021年年报","PER_NETCASH_OPERATE":-0.029112899828,"PER_OI":0.517254855682,"BPS":6.618926564777,"BASIC_EPS":-0.07472864,"DILUTED_EPS":-0.07472864,"OPERATE_INCOME":2582994624,"OPERATE_INCOME_YOY":4.2981849731,"GROSS_PROFIT":181760656,"GROSS_PROFIT_YOY":-25.117858199179,"HOLDER_PROFIT":-372989937.6,"HOLDER_PROFIT_YOY":56.0094422314,"GROSS_PROFIT_RATIO":7.03681898178,"EPS_TTM":-0.07469270534,"OPERATE_INCOME_QOQ":1.692910322859,"NET_PROFIT_RATIO":-19.7907724643,"ROE_AVG":-10.79815390318,"GROSS_PROFIT_QOQ":-40.21002493478,"ROA":-5.030522701259,"HOLDER_PROFIT_QOQ":-68.470090437909,"ROE_YEARLY":-10.79815390318,"ROIC_YEARLY":-7.515730362809,"TOTAL_ASSETS":7180941555.2,"TOTAL_LIABILITIES":2754106040,"TAX_EBT":-15.578058510147,"OCF_SALES":-5.62834732404,"TOTAL_PARENT_EQUITY":3305266552,"DEBT_ASSET_RATIO":38.3529933899,"OPERATE_PROFIT":-466753123.2,"PRETAX_PROFIT":-442293801.6,"NETCASH_OPERATE":-145379908.8,"NETCASH_INVEST":8793288,"NETCASH_FINANCE":-367376296,"END_CASH":1034350665.6,"DIVI_RATIO":null,"DIVIDEND_RATE":null,"CURRENT_RATIO":2.045026487655,"COMMON_ACS":1000000000,"CURRENTDEBT_DEBT":76.397325238792,"ISSUED_COMMON_SHARES":499365950,"HK_COMMON_SHARES":499365950,"PER_SHARES":1000,"TOTAL_MARKET_CAP":624207437.5,"HKSK_MARKET_CAP":624207437.5,"PE_TTM":-1.986100129499,"PB_TTM":0.212319499113,"REPORT_DATE_SQ":"2020-12-31 00:00:00","REPORT_TYPE_SQ":"2020年年报","OPERATE_INCOME_SQ":2549366275.44,"DPS_HKD":null,"OPERATE_INCOME_QOQ_SQ":-15.670857141574,"NET_PROFIT_RATIO_SQ":-49.4047630838,"HOLDER_PROFIT_SQ":-872816870.52,"HOLDER_PROFIT_QOQ_SQ":-53.715816125865,"ROE_AVG_SQ":-21.232024673169,"PE_TTM_SQ":-6.230014060171,"PB_TTM_SQ":0.33532467424,"ROA_SQ":-9.731722914146,"START_DATE":"2021-01-01 00:00:00","FISCAL_YEAR":"12-31","CURRENCY":"HKD","IS_CNY_CODE":0,"DPS_HKD_LY":null,"ORG_TYPE":"一般企业","PREMIUM_INCOME":null,"PREMIUM_INCOME_YOY":null,"NET_INTEREST_INCOME":null,"NET_INTEREST_INCOME_YOY":null,"FEE_COMMISSION_INCOME":null,"FEE_COMMISSION_INCOME_YOY":null,"ACCOUNTS_RECE_TDAYS":2.814339838457,"INVENTORY_TDAYS":522.353045798133,"CURRENT_ASSETS_TDAYS":0.563860065168,"TOTAL_ASSETS_TDAYS":0.348368998286,"PREMIUM_EXPENSE":null,"LOAN_DEPOSIT":null,"LOAN_EQUITY":null,"LOAN_ASSETS":null,"DEPOSIT_EQUITY":null,"DEPOSIT_ASSETS":null,"EQUITY_MULTIPLIER":1.622138778489,"EQUITY_RATIO":0.833247787031},{"SECUCODE":"02008.HK","SECURITY_CODE":"02008","SECURITY_NAME_ABBR":"凤凰卫视","ORG_CODE":"10010641","STD_REPORT_DATE":"2021-06-30 00:00:00","REPORT_DATE":"2021-06-30 00:00:00","DATE_TYPE_CODE":"002","REPORT_TYPE":"2021年中报","PER_NETCASH_OPERATE":-0.022695804662,"PER_OI":0.231105733372,"BPS":7.05176564946,"BASIC_EPS":-0.040855128,"DILUTED_EPS":-0.040855128,"OPERATE_INCOME":1154063340.96,"OPERATE_INCOME_YOY":8.8936432477,"GROSS_PROFIT":35166197.04,"GROSS_PROFIT_YOY":234.718967189732,"HOLDER_PROFIT":-204005214,"HOLDER_PROFIT_YOY":73.8196833695,"GROSS_PROFIT_RATIO":3.047163512771,"EPS_TTM":-0.044335884872,"OPERATE_INCOME_QOQ":-0.367600588832,"NET_PROFIT_RATIO":-18.514998969,"ROE_AVG":-5.675987741672,"GROSS_PROFIT_QOQ":25.241968606171,"ROA":-2.701780464235,"HOLDER_PROFIT_QOQ":74.634047512384,"ROE_YEARLY":-11.351975483345,"ROIC_YEARLY":-8.280797651823,"TOTAL_ASSETS":7317956382,"TOTAL_LIABILITIES":2540504159.76,"TAX_EBT":-9.667362774867,"OCF_SALES":-9.82052860857,"TOTAL_PARENT_EQUITY":3521411652.72,"DEBT_ASSET_RATIO":34.7160330992,"OPERATE_PROFIT":-199781575.92,"PRETAX_PROFIT":-194839020.72,"NETCASH_OPERATE":-113335120.56,"NETCASH_INVEST":-39105263.76,"NETCASH_FINANCE":-266060076.24,"END_CASH":1132886072.88,"DIVI_RATIO":null,"DIVIDEND_RATE":null,"CURRENT_RATIO":2.221040479466,"COMMON_ACS":1000000000,"CURRENTDEBT_DEBT":80.00531901479,"ISSUED_COMMON_SHARES":499365950,"HK_COMMON_SHARES":499365950,"PER_SHARES":1000,"TOTAL_MARKET_CAP":624207437.5,"HKSK_MARKET_CAP":624207437.5,"PE_TTM":-1.986100129499,"PB_TTM":0.212319499113,"REPORT_DATE_SQ":"2020-06-30 00:00:00","REPORT_TYPE_SQ":"2020年中报","OPERATE_INCOME_SQ":1163434826.4,"DPS_HKD":null,"OPERATE_INCOME_QOQ_SQ":-8.497054411373,"NET_PROFIT_RATIO_SQ":-112.6375045635,"HOLDER_PROFIT_SQ":-855423771.84,"HOLDER_PROFIT_QOQ_SQ":-616.752458977301,"ROE_AVG_SQ":-19.271194309223,"PE_TTM_SQ":-6.230014060171,"PB_TTM_SQ":0.33532467424,"ROA_SQ":-8.624524757637,"START_DATE":"2021-01-01 00:00:00","FISCAL_YEAR":"12-31","CURRENCY":"HKD","IS_CNY_CODE":0,"DPS_HKD_LY":null,"ORG_TYPE":"一般企业","PREMIUM_INCOME":null,"PREMIUM_INCOME_YOY":null,"NET_INTEREST_INCOME":null,"NET_INTEREST_INCOME_YOY":null,"FEE_COMMISSION_INCOME":null,"FEE_COMMISSION_INCOME_YOY":null,"ACCOUNTS_RECE_TDAYS":1.243005215477,"INVENTORY_TDAYS":245.831627056673,"CURRENT_ASSETS_TDAYS":0.244004335198,"TOTAL_ASSETS_TDAYS":0.152840495003,"PREMIUM_EXPENSE":null,"LOAN_DEPOSIT":null,"LOAN_EQUITY":null,"LOAN_ASSETS":null,"DEPOSIT_EQUITY":null,"DEPOSIT_ASSETS":null,"EQUITY_MULTIPLIER":1.531769663323,"EQUITY_RATIO":0.721444809725},{"SECUCODE":"02008.HK","SECURITY_CODE":"02008","SECURITY_NAME_ABBR":"凤凰卫视","ORG_CODE":"10010641","STD_REPORT_DATE":"2020-12-31 00:00:00","REPORT_DATE":"2020-12-31 00:00:00","DATE_TYPE_CODE":"001","REPORT_TYPE":"2020年年报","PER_NETCASH_OPERATE":-0.12494844478,"PER_OI":0.510540071475,"BPS":7.427576638415,"BASIC_EPS":-0.174808628,"DILUTED_EPS":-0.174808628,"OPERATE_INCOME":2549366275.44,"OPERATE_INCOME_YOY":-17.8726603621,"GROSS_PROFIT":242728976,"GROSS_PROFIT_YOY":-36.302742425503,"HOLDER_PROFIT":-872816870.52,"HOLDER_PROFIT_YOY":-945.42697591,"GROSS_PROFIT_RATIO":9.521149563262,"EPS_TTM":-0.174791669504,"OPERATE_INCOME_QOQ":-15.670857141574,"NET_PROFIT_RATIO":-49.4047630838,"ROE_AVG":-21.232024673169,"GROSS_PROFIT_QOQ":-12.807439596892,"ROA":-9.731722914146,"HOLDER_PROFIT_QOQ":-53.715816125865,"ROE_YEARLY":-21.232024673169,"ROIC_YEARLY":-14.942330327653,"TOTAL_ASSETS":7873010283.52,"TOTAL_LIABILITIES":2925661836.16,"TAX_EBT":7.67238938064,"OCF_SALES":-24.473778212678,"TOTAL_PARENT_EQUITY":3709078864.24,"DEBT_ASSET_RATIO":37.1606505111,"OPERATE_PROFIT":-1352618160.08,"PRETAX_PROFIT":-1364173035.64,"NETCASH_OPERATE":-623926248.08,"NETCASH_INVEST":1300710013.08,"NETCASH_FINANCE":-528296586.36,"END_CASH":1511915362.88,"DIVI_RATIO":null,"DIVIDEND_RATE":null,"CURRENT_RATIO":2.15610285077,"COMMON_ACS":1000000000,"CURRENTDEBT_DEBT":79.293119042249,"ISSUED_COMMON_SHARES":499365950,"HK_COMMON_SHARES":499365950,"PER_SHARES":1000,"TOTAL_MARKET_CAP":624207437.5,"HKSK_MARKET_CAP":624207437.5,"PE_TTM":-1.986100129499,"PB_TTM":0.212319499113,"REPORT_DATE_SQ":"2019-12-31 00:00:00","REPORT_TYPE_SQ":"2019年年报","OPERATE_INCOME_SQ":3303843565.18,"DPS_HKD":null,"OPERATE_INCOME_QOQ_SQ":-4.38570282359,"NET_PROFIT_RATIO_SQ":15.8403310422,"HOLDER_PROFIT_SQ":109880853.7,"HOLDER_PROFIT_QOQ_SQ":154.476711396607,"ROE_AVG_SQ":2.263060148436,"PE_TTM_SQ":-6.230014060171,"PB_TTM_SQ":0.33532467424,"ROA_SQ":1.075067851799,"START_DATE":"2020-01-01 00:00:00","FISCAL_YEAR":"12-31","CURRENCY":"HKD","IS_CNY_CODE":0,"DPS_HKD_LY":null,"ORG_TYPE":"一般企业","PREMIUM_INCOME":null,"PREMIUM_INCOME_YOY":null,"NET_INTEREST_INCOME":null,"NET_INTEREST_INCOME_YOY":null,"FEE_COMMISSION_INCOME":null,"FEE_COMMISSION_INCOME_YOY":null,"ACCOUNTS_RECE_TDAYS":2.64394370205,"INVENTORY_TDAYS":356.947903099766,"CURRENT_ASSETS_TDAYS":0.433172160653,"TOTAL_ASSETS_TDAYS":0.284248930528,"PREMIUM_EXPENSE":null,"LOAN_DEPOSIT":null,"LOAN_EQUITY":null,"LOAN_ASSETS":null,"DEPOSIT_EQUITY":null,"DEPOSIT_ASSETS":null,"EQUITY_MULTIPLIER":1.591359567108,"EQUITY_RATIO":0.788783938882},{"SECUCODE":"02008.HK","SECURITY_CODE":"02008","SECURITY_NAME_ABBR":"凤凰卫视","ORG_CODE":"10010641","STD_REPORT_DATE":"2020-06-30 00:00:00","REPORT_DATE":"2020-06-30 00:00:00","DATE_TYPE_CODE":"002","REPORT_TYPE":"2020年中报","PER_NETCASH_OPERATE":-0.079053515188,"PER_OI":0.232991275185,"BPS":7.97041169443,"BASIC_EPS":-0.17127,"DILUTED_EPS":-0.17127,"OPERATE_INCOME":1163434826.4,"OPERATE_INCOME_YOY":-22.4181199101,"GROSS_PROFIT":-26103374.88,"GROSS_PROFIT_YOY":-134.086163209914,"HOLDER_PROFIT":-855423771.84,"HOLDER_PROFIT_YOY":-363.5036749239,"GROSS_PROFIT_RATIO":-2.24364736964,"EPS_TTM":-0.113710920521,"OPERATE_INCOME_QOQ":-8.497054411373,"NET_PROFIT_RATIO":-112.6375045635,"ROE_AVG":-19.271194309223,"GROSS_PROFIT_QOQ":-26.946453596486,"ROA":-8.624524757637,"HOLDER_PROFIT_QOQ":-616.752458977301,"ROE_YEARLY":-38.542388618446,"ROIC_YEARLY":-26.746000517078,"TOTAL_ASSETS":8913852652.32,"TOTAL_LIABILITIES":3399157782.24,"TAX_EBT":9.702877693766,"OCF_SALES":-33.929817812096,"TOTAL_PARENT_EQUITY":3980152207.68,"DEBT_ASSET_RATIO":38.1334302329,"OPERATE_PROFIT":-1439691966.24,"PRETAX_PROFIT":-1451279866.08,"NETCASH_OPERATE":-394751316.96,"NETCASH_INVEST":93293280.96,"NETCASH_FINANCE":-100145907.84,"END_CASH":956219135.52,"DIVI_RATIO":null,"DIVIDEND_RATE":null,"CURRENT_RATIO":2.214093533434,"COMMON_ACS":1000000000,"CURRENTDEBT_DEBT":78.394371170495,"ISSUED_COMMON_SHARES":499365950,"HK_COMMON_SHARES":499365950,"PER_SHARES":1000,"TOTAL_MARKET_CAP":624207437.5,"HKSK_MARKET_CAP":624207437.5,"PE_TTM":-1.986100129499,"PB_TTM":0.212319499113,"REPORT_DATE_SQ":"2019-06-30 00:00:00","REPORT_TYPE_SQ":"2019年中报","OPERATE_INCOME_SQ":1444164211.8,"DPS_HKD":null,"OPERATE_INCOME_QOQ_SQ":-2.934200602148,"NET_PROFIT_RATIO_SQ":-11.0303155817,"HOLDER_PROFIT_SQ":-177730904.7,"HOLDER_PROFIT_QOQ_SQ":-79.785879746395,"ROE_AVG_SQ":-3.816346911025,"PE_TTM_SQ":-6.230014060171,"PB_TTM_SQ":0.33532467424,"ROA_SQ":-1.77016899246,"START_DATE":"2020-01-01 00:00:00","FISCAL_YEAR":"12-31","CURRENCY":"HKD","IS_CNY_CODE":0,"DPS_HKD_LY":null,"ORG_TYPE":"一般企业","PREMIUM_INCOME":null,"PREMIUM_INCOME_YOY":null,"NET_INTEREST_INCOME":null,"NET_INTEREST_INCOME_YOY":null,"FEE_COMMISSION_INCOME":null,"FEE_COMMISSION_INCOME_YOY":null,"ACCOUNTS_RECE_TDAYS":1.266542334505,"INVENTORY_TDAYS":130.53949478749,"CURRENT_ASSETS_TDAYS":0.175661827209,"TOTAL_ASSETS_TDAYS":0.117299434438,"PREMIUM_EXPENSE":null,"LOAN_DEPOSIT":null,"LOAN_EQUITY":null,"LOAN_ASSETS":null,"DEPOSIT_EQUITY":null,"DEPOSIT_ASSETS":null,"EQUITY_MULTIPLIER":1.616381842026,"EQUITY_RATIO":0.854027083608}],"count":58},"success":true,"message":"ok","code":0}