{"version":"eb2570d37ef8793d4fe59ba5c99fb79f","result":{"pages":5,"data":[{"SECUCODE":"02007.HK","SECURITY_CODE":"02007","SECURITY_NAME_ABBR":"碧桂园","ORG_CODE":"10099639","STD_REPORT_DATE":"2024-06-30 00:00:00","REPORT_DATE":"2024-06-30 00:00:00","DATE_TYPE_CODE":"002","REPORT_TYPE":"2024年中报","PER_NETCASH_OPERATE":-0.006609855744,"PER_OI":3.647997249335,"BPS":0.497025422964,"BASIC_EPS":-0.46,"DILUTED_EPS":-0.46,"OPERATE_INCOME":102102000000,"OPERATE_INCOME_YOY":-54.883809305,"GROSS_PROFIT":-1704000000,"GROSS_PROFIT_YOY":92.976960804517,"HOLDER_PROFIT":-12842000000,"HOLDER_PROFIT_YOY":73.7554156789,"GROSS_PROFIT_RATIO":-1.668919315978,"EPS_TTM":-5.084586869531,"OPERATE_INCOME_QOQ":-30.97315561762,"NET_PROFIT_RATIO":-14.7538735774,"ROE_AVG":-64.438757589443,"GROSS_PROFIT_QOQ":24.099178497794,"ROA":-1.026333666334,"HOLDER_PROFIT_QOQ":20.229820627803,"ROE_YEARLY":-128.877515178885,"ROIC_YEARLY":-2.171214333869,"TOTAL_ASSETS":1209508000000,"TOTAL_LIABILITIES":1135452000000,"TAX_EBT":-39.082263872219,"OCF_SALES":-0.181191357662,"TOTAL_PARENT_EQUITY":13911000000,"DEBT_ASSET_RATIO":93.877179812,"OPERATE_PROFIT":-9025000000,"PRETAX_PROFIT":-10831000000,"NETCASH_OPERATE":-185000000,"NETCASH_INVEST":2432000000,"NETCASH_FINANCE":-2670000000,"END_CASH":6698000000,"DIVI_RATIO":null,"DIVIDEND_RATE":null,"CURRENT_RATIO":1.007807203499,"COMMON_ACS":100000000000,"CURRENTDEBT_DEBT":94.182492963155,"ISSUED_COMMON_SHARES":27988507946,"HK_COMMON_SHARES":27988507946,"PER_SHARES":1000,"TOTAL_MARKET_CAP":11195403178.4,"HKSK_MARKET_CAP":11195403178.4,"PE_TTM":-0.07092000061,"PB_TTM":0.734513735379,"REPORT_DATE_SQ":"2023-06-30 00:00:00","REPORT_TYPE_SQ":"2023年中报","OPERATE_INCOME_SQ":226309000000,"DPS_HKD":null,"OPERATE_INCOME_QOQ_SQ":14.858343150445,"NET_PROFIT_RATIO_SQ":-22.7392635733,"HOLDER_PROFIT_SQ":-48932000000,"HOLDER_PROFIT_QOQ_SQ":-818.638466622604,"ROE_AVG_SQ":-27.284183292257,"PE_TTM_SQ":-0.323494588162,"PB_TTM_SQ":0.11649216237,"ROA_SQ":-2.910024275973,"START_DATE":"2024-01-01 00:00:00","FISCAL_YEAR":"12-31","CURRENCY":"HKD","IS_CNY_CODE":0,"DPS_HKD_LY":null,"ORG_TYPE":"一般企业","PREMIUM_INCOME":null,"PREMIUM_INCOME_YOY":null,"NET_INTEREST_INCOME":null,"NET_INTEREST_INCOME_YOY":null,"FEE_COMMISSION_INCOME":null,"FEE_COMMISSION_INCOME_YOY":null,"ACCOUNTS_RECE_TDAYS":0.340344537927,"INVENTORY_TDAYS":0.145762495287,"CURRENT_ASSETS_TDAYS":0.091410082576,"TOTAL_ASSETS_TDAYS":0.0816,"PREMIUM_EXPENSE":null,"LOAN_DEPOSIT":null,"LOAN_EQUITY":null,"LOAN_ASSETS":null,"DEPOSIT_EQUITY":null,"DEPOSIT_ASSETS":null,"EQUITY_MULTIPLIER":16.33234309183,"EQUITY_RATIO":81.622600819495},{"SECUCODE":"02007.HK","SECURITY_CODE":"02007","SECURITY_NAME_ABBR":"碧桂园","ORG_CODE":"10099639","STD_REPORT_DATE":"2023-12-31 00:00:00","REPORT_DATE":"2023-12-31 00:00:00","DATE_TYPE_CODE":"001","REPORT_TYPE":"2023年年报","PER_NETCASH_OPERATE":null,"PER_OI":14.327844870248,"BPS":0.927059064744,"BASIC_EPS":-6.49,"DILUTED_EPS":-6.49,"OPERATE_INCOME":401015000000,"OPERATE_INCOME_YOY":-6.8210915698,"GROSS_PROFIT":-93609000000,"GROSS_PROFIT_YOY":-384.672931301889,"HOLDER_PROFIT":-178400000000,"HOLDER_PROFIT_YOY":-2847.7858559154,"GROSS_PROFIT_RATIO":-23.343017094124,"EPS_TTM":-6.374044673771,"OPERATE_INCOME_QOQ":-18.874932482597,"NET_PROFIT_RATIO":-50.1133374063,"ROE_AVG":-155.421004486649,"GROSS_PROFIT_QOQ":-989.743888242142,"ROA":-11.746660613361,"HOLDER_PROFIT_QOQ":-220.886394704655,"ROE_YEARLY":-155.421004486649,"ROIC_YEARLY":-13.053168246851,"TOTAL_ASSETS":1292992000000,"TOTAL_LIABILITIES":1204383000000,"TAX_EBT":-20.154496481379,"OCF_SALES":null,"TOTAL_PARENT_EQUITY":25947000000,"DEBT_ASSET_RATIO":93.1469800277,"OPERATE_PROFIT":-161946000000,"PRETAX_PROFIT":-167253000000,"NETCASH_OPERATE":null,"NETCASH_INVEST":null,"NETCASH_FINANCE":null,"END_CASH":null,"DIVI_RATIO":null,"DIVIDEND_RATE":null,"CURRENT_RATIO":1.026585689615,"COMMON_ACS":100000000000,"CURRENTDEBT_DEBT":93.512196701548,"ISSUED_COMMON_SHARES":27988507946,"HK_COMMON_SHARES":27988507946,"PER_SHARES":1000,"TOTAL_MARKET_CAP":11335345718.13,"HKSK_MARKET_CAP":11335345718.13,"PE_TTM":-0.071806500618,"PB_TTM":0.743695157072,"REPORT_DATE_SQ":"2022-12-31 00:00:00","REPORT_TYPE_SQ":"2022年年报","OPERATE_INCOME_SQ":430371000000,"DPS_HKD":null,"OPERATE_INCOME_QOQ_SQ":-4.467510327483,"NET_PROFIT_RATIO_SQ":-0.6882433993,"HOLDER_PROFIT_SQ":-6052000000,"HOLDER_PROFIT_QOQ_SQ":-148.75533714654,"ROE_AVG_SQ":-3.008258793764,"PE_TTM_SQ":-0.332737290681,"PB_TTM_SQ":0.119820509866,"ROA_SQ":-0.327770123309,"START_DATE":"2023-01-01 00:00:00","FISCAL_YEAR":"12-31","CURRENCY":"HKD","IS_CNY_CODE":0,"DPS_HKD_LY":null,"ORG_TYPE":"一般企业","PREMIUM_INCOME":null,"PREMIUM_INCOME_YOY":null,"NET_INTEREST_INCOME":null,"NET_INTEREST_INCOME_YOY":null,"FEE_COMMISSION_INCOME":null,"FEE_COMMISSION_INCOME_YOY":null,"ACCOUNTS_RECE_TDAYS":1.180652160792,"INVENTORY_TDAYS":0.587678479667,"CURRENT_ASSETS_TDAYS":0.297790528907,"TOTAL_ASSETS_TDAYS":0.264046362436,"PREMIUM_EXPENSE":null,"LOAN_DEPOSIT":null,"LOAN_EQUITY":null,"LOAN_ASSETS":null,"DEPOSIT_EQUITY":null,"DEPOSIT_ASSETS":null,"EQUITY_MULTIPLIER":14.592106896551,"EQUITY_RATIO":46.417042432651},{"SECUCODE":"02007.HK","SECURITY_CODE":"02007","SECURITY_NAME_ABBR":"碧桂园","ORG_CODE":"10099639","STD_REPORT_DATE":"2023-06-30 00:00:00","REPORT_DATE":"2023-06-30 00:00:00","DATE_TYPE_CODE":"002","REPORT_TYPE":"2023年中报","PER_NETCASH_OPERATE":0.122513109626,"PER_OI":8.188369558876,"BPS":5.540166710536,"BASIC_EPS":-1.79,"DILUTED_EPS":-1.79,"OPERATE_INCOME":226309000000,"OPERATE_INCOME_YOY":39.3845888534,"GROSS_PROFIT":-24263000000,"GROSS_PROFIT_YOY":-240.981987216734,"HOLDER_PROFIT":-48932000000,"HOLDER_PROFIT_YOY":-8095.4248366013,"GROSS_PROFIT_RATIO":-10.721182100579,"EPS_TTM":-2.011588553682,"OPERATE_INCOME_QOQ":14.858343150445,"NET_PROFIT_RATIO":-22.7392635733,"ROE_AVG":-27.284183292257,"GROSS_PROFIT_QOQ":-126.122920658091,"ROA":-2.910024275973,"HOLDER_PROFIT_QOQ":-818.638466622604,"ROE_YEARLY":-54.568366584515,"ROIC_YEARLY":-6.683918749927,"TOTAL_ASSETS":1618529000000,"TOTAL_LIABILITIES":1364160000000,"TAX_EBT":-11.512958308052,"OCF_SALES":1.496184420416,"TOTAL_PARENT_EQUITY":155061000000,"DEBT_ASSET_RATIO":84.2839393054,"OPERATE_PROFIT":-45213000000,"PRETAX_PROFIT":-46148000000,"NETCASH_OPERATE":3386000000,"NETCASH_INVEST":6723000000,"NETCASH_FINANCE":-37349000000,"END_CASH":101115000000,"DIVI_RATIO":null,"DIVIDEND_RATE":null,"CURRENT_RATIO":1.203626223878,"COMMON_ACS":100000000000,"CURRENTDEBT_DEBT":87.253254750176,"ISSUED_COMMON_SHARES":27988507946,"HK_COMMON_SHARES":27988507946,"PER_SHARES":1000,"TOTAL_MARKET_CAP":11335345718.13,"HKSK_MARKET_CAP":11335345718.13,"PE_TTM":-0.071806500618,"PB_TTM":0.743695157072,"REPORT_DATE_SQ":"2022-06-30 00:00:00","REPORT_TYPE_SQ":"2022年中报","OPERATE_INCOME_SQ":162363000000,"DPS_HKD":null,"OPERATE_INCOME_QOQ_SQ":-13.873445696894,"NET_PROFIT_RATIO_SQ":1.1745286796,"HOLDER_PROFIT_SQ":612000000,"HOLDER_PROFIT_QOQ_SQ":-53.677650483263,"ROE_AVG_SQ":0.30893644087,"PE_TTM_SQ":-0.332737290681,"PB_TTM_SQ":0.119820509866,"ROA_SQ":0.031876294974,"START_DATE":"2023-01-01 00:00:00","FISCAL_YEAR":"12-31","CURRENCY":"HKD","IS_CNY_CODE":0,"DPS_HKD_LY":null,"ORG_TYPE":"一般企业","PREMIUM_INCOME":null,"PREMIUM_INCOME_YOY":null,"NET_INTEREST_INCOME":null,"NET_INTEREST_INCOME_YOY":null,"FEE_COMMISSION_INCOME":null,"FEE_COMMISSION_INCOME_YOY":null,"ACCOUNTS_RECE_TDAYS":0.618236007605,"INVENTORY_TDAYS":0.27457613189,"CURRENT_ASSETS_TDAYS":0.15241064246,"TOTAL_ASSETS_TDAYS":0.134587730702,"PREMIUM_EXPENSE":null,"LOAN_DEPOSIT":null,"LOAN_EQUITY":null,"LOAN_ASSETS":null,"DEPOSIT_EQUITY":null,"DEPOSIT_ASSETS":null,"EQUITY_MULTIPLIER":6.362917651136,"EQUITY_RATIO":8.797569988585},{"SECUCODE":"02007.HK","SECURITY_CODE":"02007","SECURITY_NAME_ABBR":"碧桂园","ORG_CODE":"10099639","STD_REPORT_DATE":"2022-12-31 00:00:00","REPORT_DATE":"2022-12-31 00:00:00","DATE_TYPE_CODE":"001","REPORT_TYPE":"2022年年报","PER_NETCASH_OPERATE":1.288848807966,"PER_OI":15.571801755514,"BPS":7.27523597874,"BASIC_EPS":-0.26,"DILUTED_EPS":-0.26,"OPERATE_INCOME":430371000000,"OPERATE_INCOME_YOY":-17.7211584051,"GROSS_PROFIT":32883000000,"GROSS_PROFIT_YOY":-64.558858399259,"HOLDER_PROFIT":-6052000000,"HOLDER_PROFIT_YOY":-122.5846176811,"GROSS_PROFIT_RATIO":7.640617049011,"EPS_TTM":-0.218975126633,"OPERATE_INCOME_QOQ":-4.467510327483,"NET_PROFIT_RATIO":-0.6882433993,"ROE_AVG":-3.008258793764,"GROSS_PROFIT_QOQ":-48.384818233189,"ROA":-0.327770123309,"HOLDER_PROFIT_QOQ":-148.75533714654,"ROE_YEARLY":-3.008258793764,"ROIC_YEARLY":-0.377100315413,"TOTAL_ASSETS":1744467000000,"TOTAL_LIABILITIES":1434894000000,"TAX_EBT":155.250886028726,"OCF_SALES":8.276812331686,"TOTAL_PARENT_EQUITY":203623000000,"DEBT_ASSET_RATIO":82.2540065246,"OPERATE_PROFIT":6442000000,"PRETAX_PROFIT":5361000000,"NETCASH_OPERATE":35621000000,"NETCASH_INVEST":4406000000,"NETCASH_FINANCE":-58688000000,"END_CASH":128281000000,"DIVI_RATIO":null,"DIVIDEND_RATE":null,"CURRENT_RATIO":1.248433044268,"COMMON_ACS":100000000000,"CURRENTDEBT_DEBT":85.804874785176,"ISSUED_COMMON_SHARES":27988507946,"HK_COMMON_SHARES":27988507946,"PER_SHARES":1000,"TOTAL_MARKET_CAP":11335345718.13,"HKSK_MARKET_CAP":11335345718.13,"PE_TTM":-0.071806500618,"PB_TTM":0.743695157072,"REPORT_DATE_SQ":"2021-12-31 00:00:00","REPORT_TYPE_SQ":"2021年年报","OPERATE_INCOME_SQ":523064000000,"DPS_HKD":null,"OPERATE_INCOME_QOQ_SQ":1.995791969643,"NET_PROFIT_RATIO_SQ":7.8349876879,"HOLDER_PROFIT_SQ":26797000000,"HOLDER_PROFIT_QOQ_SQ":-25.327425737056,"ROE_AVG_SQ":14.336156302998,"PE_TTM_SQ":-0.332737290681,"PB_TTM_SQ":0.119820509866,"ROA_SQ":1.351958819164,"START_DATE":"2022-01-01 00:00:00","FISCAL_YEAR":"12-31","CURRENCY":"HKD","IS_CNY_CODE":0,"DPS_HKD_LY":0.1189,"ORG_TYPE":"一般企业","PREMIUM_INCOME":null,"PREMIUM_INCOME_YOY":null,"NET_INTEREST_INCOME":null,"NET_INTEREST_INCOME_YOY":null,"FEE_COMMISSION_INCOME":null,"FEE_COMMISSION_INCOME_YOY":null,"ACCOUNTS_RECE_TDAYS":1.093957283478,"INVENTORY_TDAYS":0.39616559923,"CURRENT_ASSETS_TDAYS":0.264760679652,"TOTAL_ASSETS_TDAYS":0.233084526997,"PREMIUM_EXPENSE":null,"LOAN_DEPOSIT":null,"LOAN_EQUITY":null,"LOAN_ASSETS":null,"DEPOSIT_EQUITY":null,"DEPOSIT_ASSETS":null,"EQUITY_MULTIPLIER":5.635074764263,"EQUITY_RATIO":7.046816911646},{"SECUCODE":"02007.HK","SECURITY_CODE":"02007","SECURITY_NAME_ABBR":"碧桂园","ORG_CODE":"10099639","STD_REPORT_DATE":"2022-06-30 00:00:00","REPORT_DATE":"2022-06-30 00:00:00","DATE_TYPE_CODE":"002","REPORT_TYPE":"2022年中报","PER_NETCASH_OPERATE":0.22685850513,"PER_OI":7.011884155408,"BPS":7.055109918005,"BASIC_EPS":0.03,"DILUTED_EPS":0.03,"OPERATE_INCOME":162363000000,"OPERATE_INCOME_YOY":-30.8887753799,"GROSS_PROFIT":17210000000,"GROSS_PROFIT_YOY":-62.816524068793,"HOLDER_PROFIT":612000000,"HOLDER_PROFIT_YOY":-95.9189117098,"GROSS_PROFIT_RATIO":10.59970559795,"EPS_TTM":0.536073600642,"OPERATE_INCOME_QOQ":-13.873445696894,"NET_PROFIT_RATIO":1.1745286796,"ROE_AVG":0.30893644087,"GROSS_PROFIT_QOQ":-31.335819447738,"ROA":0.031876294974,"HOLDER_PROFIT_QOQ":-53.677650483263,"ROE_YEARLY":0.617872881741,"ROIC_YEARLY":0.072814624318,"TOTAL_ASSETS":1891479000000,"TOTAL_LIABILITIES":1588463000000,"TAX_EBT":64.408361328854,"OCF_SALES":3.23534302766,"TOTAL_PARENT_EQUITY":197462000000,"DEBT_ASSET_RATIO":83.9799437371,"OPERATE_PROFIT":7044000000,"PRETAX_PROFIT":5358000000,"NETCASH_OPERATE":5253000000,"NETCASH_INVEST":3871000000,"NETCASH_FINANCE":-32606000000,"END_CASH":123483000000,"DIVI_RATIO":null,"DIVIDEND_RATE":null,"CURRENT_RATIO":1.251786515755,"COMMON_ACS":100000000000,"CURRENTDEBT_DEBT":84.299036238175,"ISSUED_COMMON_SHARES":27988507946,"HK_COMMON_SHARES":27988507946,"PER_SHARES":1000,"TOTAL_MARKET_CAP":11335345718.13,"HKSK_MARKET_CAP":11335345718.13,"PE_TTM":-0.071806500618,"PB_TTM":0.743695157072,"REPORT_DATE_SQ":"2021-06-30 00:00:00","REPORT_TYPE_SQ":"2021年中报","OPERATE_INCOME_SQ":234930000000,"DPS_HKD":null,"OPERATE_INCOME_QOQ_SQ":10.796662460895,"NET_PROFIT_RATIO_SQ":9.5432682076,"HOLDER_PROFIT_SQ":14996000000,"HOLDER_PROFIT_QOQ_SQ":2.467020729827,"ROE_AVG_SQ":8.34077250593,"PE_TTM_SQ":-0.332737290681,"PB_TTM_SQ":0.119820509866,"ROA_SQ":0.743614613644,"START_DATE":"2022-01-01 00:00:00","FISCAL_YEAR":"12-31","CURRENCY":"HKD","IS_CNY_CODE":0,"DPS_HKD_LY":0.1189,"ORG_TYPE":"一般企业","PREMIUM_INCOME":null,"PREMIUM_INCOME_YOY":null,"NET_INTEREST_INCOME":null,"NET_INTEREST_INCOME_YOY":null,"FEE_COMMISSION_INCOME":null,"FEE_COMMISSION_INCOME_YOY":null,"ACCOUNTS_RECE_TDAYS":0.405073049518,"INVENTORY_TDAYS":0.139770642224,"CURRENT_ASSETS_TDAYS":0.095785057489,"TOTAL_ASSETS_TDAYS":0.084567498055,"PREMIUM_EXPENSE":null,"LOAN_DEPOSIT":null,"LOAN_EQUITY":null,"LOAN_ASSETS":null,"DEPOSIT_EQUITY":null,"DEPOSIT_ASSETS":null,"EQUITY_MULTIPLIER":6.242175330656,"EQUITY_RATIO":8.044398415898},{"SECUCODE":"02007.HK","SECURITY_CODE":"02007","SECURITY_NAME_ABBR":"碧桂园","ORG_CODE":"10099639","STD_REPORT_DATE":"2021-12-31 00:00:00","REPORT_DATE":"2021-12-31 00:00:00","DATE_TYPE_CODE":"001","REPORT_TYPE":"2021年年报","PER_NETCASH_OPERATE":0.468931081444,"PER_OI":22.596127792216,"BPS":7.100628600261,"BASIC_EPS":1.22,"DILUTED_EPS":1.21,"OPERATE_INCOME":523064000000,"OPERATE_INCOME_YOY":13.0079333529,"GROSS_PROFIT":92782000000,"GROSS_PROFIT_YOY":-8.050146177097,"HOLDER_PROFIT":26797000000,"HOLDER_PROFIT_YOY":-23.4852378505,"GROSS_PROFIT_RATIO":17.738173531346,"EPS_TTM":1.157618257896,"OPERATE_INCOME_QOQ":1.995791969643,"NET_PROFIT_RATIO":7.8349876879,"ROE_AVG":14.336156302998,"GROSS_PROFIT_QOQ":-9.305780923149,"ROA":1.351958819164,"HOLDER_PROFIT_QOQ":-25.327425737056,"ROE_YEARLY":14.336156302998,"ROIC_YEARLY":1.546155455063,"TOTAL_ASSETS":1948365000000,"TOTAL_LIABILITIES":1647738000000,"TAX_EBT":40.561864566564,"OCF_SALES":2.075271859658,"TOTAL_PARENT_EQUITY":198736000000,"DEBT_ASSET_RATIO":84.5702935538,"OPERATE_PROFIT":60399000000,"PRETAX_PROFIT":68949000000,"NETCASH_OPERATE":10855000000,"NETCASH_INVEST":-18042000000,"NETCASH_FINANCE":-12904000000,"END_CASH":146954000000,"DIVI_RATIO":null,"DIVIDEND_RATE":null,"CURRENT_RATIO":1.242969602692,"COMMON_ACS":100000000000,"CURRENTDEBT_DEBT":83.684724149106,"ISSUED_COMMON_SHARES":27988507946,"HK_COMMON_SHARES":27988507946,"PER_SHARES":1000,"TOTAL_MARKET_CAP":11335345718.13,"HKSK_MARKET_CAP":11335345718.13,"PE_TTM":-0.071806500618,"PB_TTM":0.743695157072,"REPORT_DATE_SQ":"2020-12-31 00:00:00","REPORT_TYPE_SQ":"2020年年报","OPERATE_INCOME_SQ":462856000000,"DPS_HKD":null,"OPERATE_INCOME_QOQ_SQ":-1.280342277742,"NET_PROFIT_RATIO_SQ":11.6921893634,"HOLDER_PROFIT_SQ":35022000000,"HOLDER_PROFIT_QOQ_SQ":-7.95069256446,"ROE_AVG_SQ":21.417498111858,"PE_TTM_SQ":-0.332737290681,"PB_TTM_SQ":0.119820509866,"ROA_SQ":1.785488053539,"START_DATE":"2021-01-01 00:00:00","FISCAL_YEAR":"12-31","CURRENCY":"HKD","IS_CNY_CODE":0,"DPS_HKD_LY":0.5566,"ORG_TYPE":"一般企业","PREMIUM_INCOME":null,"PREMIUM_INCOME_YOY":null,"NET_INTEREST_INCOME":null,"NET_INTEREST_INCOME_YOY":null,"FEE_COMMISSION_INCOME":null,"FEE_COMMISSION_INCOME_YOY":null,"ACCOUNTS_RECE_TDAYS":1.279299528576,"INVENTORY_TDAYS":0.407896632792,"CURRENT_ASSETS_TDAYS":0.302690928745,"TOTAL_ASSETS_TDAYS":0.263895580769,"PREMIUM_EXPENSE":null,"LOAN_DEPOSIT":null,"LOAN_EQUITY":null,"LOAN_ASSETS":null,"DEPOSIT_EQUITY":null,"DEPOSIT_ASSETS":null,"EQUITY_MULTIPLIER":6.481004700166,"EQUITY_RATIO":8.291089686821},{"SECUCODE":"02007.HK","SECURITY_CODE":"02007","SECURITY_NAME_ABBR":"碧桂园","ORG_CODE":"10099639","STD_REPORT_DATE":"2021-06-30 00:00:00","REPORT_DATE":"2021-06-30 00:00:00","DATE_TYPE_CODE":"002","REPORT_TYPE":"2021年中报","PER_NETCASH_OPERATE":0.470744944102,"PER_OI":10.655372359362,"BPS":6.591312418509,"BASIC_EPS":0.69,"DILUTED_EPS":0.68,"OPERATE_INCOME":234930000000,"OPERATE_INCOME_YOY":27.0187124575,"GROSS_PROFIT":46284000000,"GROSS_PROFIT_YOY":3.112259674293,"HOLDER_PROFIT":14996000000,"HOLDER_PROFIT_YOY":6.1137843193,"GROSS_PROFIT_RATIO":19.701187587792,"EPS_TTM":1.62762819771,"OPERATE_INCOME_QOQ":10.796662460895,"NET_PROFIT_RATIO":9.5432682076,"ROE_AVG":8.34077250593,"GROSS_PROFIT_QOQ":1.384470541599,"ROA":0.743614613644,"HOLDER_PROFIT_QOQ":2.467020729827,"ROE_YEARLY":16.681545011861,"ROIC_YEARLY":1.702590501212,"TOTAL_ASSETS":2017463000000,"TOTAL_LIABILITIES":1739787000000,"TAX_EBT":39.804000536985,"OCF_SALES":4.417911718384,"TOTAL_PARENT_EQUITY":184481000000,"DEBT_ASSET_RATIO":86.2363770736,"OPERATE_PROFIT":32220000000,"PRETAX_PROFIT":37245000000,"NETCASH_OPERATE":10379000000,"NETCASH_INVEST":-6429000000,"NETCASH_FINANCE":-3102000000,"END_CASH":167921000000,"DIVI_RATIO":null,"DIVIDEND_RATE":null,"CURRENT_RATIO":1.202043769992,"COMMON_ACS":100000000000,"CURRENTDEBT_DEBT":84.472237118682,"ISSUED_COMMON_SHARES":27988507946,"HK_COMMON_SHARES":27988507946,"PER_SHARES":1000,"TOTAL_MARKET_CAP":11335345718.13,"HKSK_MARKET_CAP":11335345718.13,"PE_TTM":-0.071806500618,"PB_TTM":0.743695157072,"REPORT_DATE_SQ":"2020-06-30 00:00:00","REPORT_TYPE_SQ":"2020年中报","OPERATE_INCOME_SQ":184957000000,"DPS_HKD":null,"OPERATE_INCOME_QOQ_SQ":-3.508688887608,"NET_PROFIT_RATIO_SQ":11.8546472964,"HOLDER_PROFIT_SQ":14132000000,"HOLDER_PROFIT_QOQ_SQ":-3.800252844501,"ROE_AVG_SQ":9.104878119493,"PE_TTM_SQ":-0.332737290681,"PB_TTM_SQ":0.119820509866,"ROA_SQ":0.730256475975,"START_DATE":"2021-01-01 00:00:00","FISCAL_YEAR":"12-31","CURRENCY":"HKD","IS_CNY_CODE":0,"DPS_HKD_LY":0.5566,"ORG_TYPE":"一般企业","PREMIUM_INCOME":null,"PREMIUM_INCOME_YOY":null,"NET_INTEREST_INCOME":null,"NET_INTEREST_INCOME_YOY":null,"FEE_COMMISSION_INCOME":null,"FEE_COMMISSION_INCOME_YOY":null,"ACCOUNTS_RECE_TDAYS":0.585606975536,"INVENTORY_TDAYS":0.173770786268,"CURRENT_ASSETS_TDAYS":0.133911929237,"TOTAL_ASSETS_TDAYS":0.116495986385,"PREMIUM_EXPENSE":null,"LOAN_DEPOSIT":null,"LOAN_EQUITY":null,"LOAN_ASSETS":null,"DEPOSIT_EQUITY":null,"DEPOSIT_ASSETS":null,"EQUITY_MULTIPLIER":7.265528889795,"EQUITY_RATIO":9.430711021731},{"SECUCODE":"02007.HK","SECURITY_CODE":"02007","SECURITY_NAME_ABBR":"碧桂园","ORG_CODE":"10099639","STD_REPORT_DATE":"2020-12-31 00:00:00","REPORT_DATE":"2020-12-31 00:00:00","DATE_TYPE_CODE":"001","REPORT_TYPE":"2020年年报","PER_NETCASH_OPERATE":-0.981647323586,"PER_OI":21.005101641426,"BPS":6.256210596786,"BASIC_EPS":1.62,"DILUTED_EPS":1.57,"OPERATE_INCOME":462856000000,"OPERATE_INCOME_YOY":-4.7441079381,"GROSS_PROFIT":100905000000,"GROSS_PROFIT_YOY":-20.31949588193,"HOLDER_PROFIT":35022000000,"HOLDER_PROFIT_YOY":-11.4487989886,"GROSS_PROFIT_RATIO":21.8005167914,"EPS_TTM":1.589351050188,"OPERATE_INCOME_QOQ":-1.280342277742,"NET_PROFIT_RATIO":11.6921893634,"ROE_AVG":21.417498111858,"GROSS_PROFIT_QOQ":-13.510988445846,"ROA":1.785488053539,"HOLDER_PROFIT_QOQ":-7.95069256446,"ROE_YEARLY":21.417498111858,"ROIC_YEARLY":2.085727311194,"TOTAL_ASSETS":2015809000000,"TOTAL_LIABILITIES":1758806000000,"TAX_EBT":36.725555074887,"OCF_SALES":-4.67337573673,"TOTAL_PARENT_EQUITY":175102000000,"DEBT_ASSET_RATIO":87.2506274156,"OPERATE_PROFIT":71965000000,"PRETAX_PROFIT":85529000000,"NETCASH_OPERATE":-21631000000,"NETCASH_INVEST":-5917000000,"NETCASH_FINANCE":-54136000000,"END_CASH":167153000000,"DIVI_RATIO":null,"DIVIDEND_RATE":null,"CURRENT_RATIO":1.166914831553,"COMMON_ACS":100000000000,"CURRENTDEBT_DEBT":84.884802530808,"ISSUED_COMMON_SHARES":27988507946,"HK_COMMON_SHARES":27988507946,"PER_SHARES":1000,"TOTAL_MARKET_CAP":11335345718.13,"HKSK_MARKET_CAP":11335345718.13,"PE_TTM":-0.071806500618,"PB_TTM":0.743695157072,"REPORT_DATE_SQ":"2019-12-31 00:00:00","REPORT_TYPE_SQ":"2019年年报","OPERATE_INCOME_SQ":485908000000,"DPS_HKD":null,"OPERATE_INCOME_QOQ_SQ":8.174028419982,"NET_PROFIT_RATIO_SQ":12.5953884274,"HOLDER_PROFIT_SQ":39550000000,"HOLDER_PROFIT_QOQ_SQ":5.992388915688,"ROE_AVG_SQ":28.945837251939,"PE_TTM_SQ":-0.332737290681,"PB_TTM_SQ":0.119820509866,"ROA_SQ":2.236455870569,"START_DATE":"2020-01-01 00:00:00","FISCAL_YEAR":"12-31","CURRENCY":"HKD","IS_CNY_CODE":0,"DPS_HKD_LY":0.6058,"ORG_TYPE":"一般企业","PREMIUM_INCOME":null,"PREMIUM_INCOME_YOY":null,"NET_INTEREST_INCOME":null,"NET_INTEREST_INCOME_YOY":null,"FEE_COMMISSION_INCOME":null,"FEE_COMMISSION_INCOME_YOY":null,"ACCOUNTS_RECE_TDAYS":1.090186213686,"INVENTORY_TDAYS":0.378326285791,"CURRENT_ASSETS_TDAYS":0.27439292427,"TOTAL_ASSETS_TDAYS":0.235972776686,"PREMIUM_EXPENSE":null,"LOAN_DEPOSIT":null,"LOAN_EQUITY":null,"LOAN_ASSETS":null,"DEPOSIT_EQUITY":null,"DEPOSIT_ASSETS":null,"EQUITY_MULTIPLIER":7.843523227359,"EQUITY_RATIO":10.04446551153},{"SECUCODE":"02007.HK","SECURITY_CODE":"02007","SECURITY_NAME_ABBR":"碧桂园","ORG_CODE":"10099639","STD_REPORT_DATE":"2020-06-30 00:00:00","REPORT_DATE":"2020-06-30 00:00:00","DATE_TYPE_CODE":"002","REPORT_TYPE":"2020年中报","PER_NETCASH_OPERATE":-0.734784676469,"PER_OI":8.455921441373,"BPS":5.662609822066,"BASIC_EPS":0.66,"DILUTED_EPS":0.63,"OPERATE_INCOME":184957000000,"OPERATE_INCOME_YOY":-8.4398483213,"GROSS_PROFIT":44887000000,"GROSS_PROFIT_YOY":-18.173034854893,"HOLDER_PROFIT":14132000000,"HOLDER_PROFIT_YOY":-9.6130476495,"GROSS_PROFIT_RATIO":24.268884119011,"EPS_TTM":1.739444536189,"OPERATE_INCOME_QOQ":-3.508688887608,"NET_PROFIT_RATIO":11.8546472964,"ROE_AVG":9.104878119493,"GROSS_PROFIT_QOQ":-7.872106888192,"ROA":0.730256475975,"HOLDER_PROFIT_QOQ":-3.800252844501,"ROE_YEARLY":18.209756238987,"ROIC_YEARLY":1.71844790058,"TOTAL_ASSETS":1963269000000,"TOTAL_LIABILITIES":1728273000000,"TAX_EBT":null,"OCF_SALES":-8.689587309483,"TOTAL_PARENT_EQUITY":158488000000,"DEBT_ASSET_RATIO":88.0303717932,"OPERATE_PROFIT":31418000000,"PRETAX_PROFIT":35887000000,"NETCASH_OPERATE":-16072000000,"NETCASH_INVEST":-7874000000,"NETCASH_FINANCE":-36353000000,"END_CASH":188779000000,"DIVI_RATIO":null,"DIVIDEND_RATE":null,"CURRENT_RATIO":1.173726420966,"COMMON_ACS":100000000000,"CURRENTDEBT_DEBT":84.129822082507,"ISSUED_COMMON_SHARES":27988507946,"HK_COMMON_SHARES":27988507946,"PER_SHARES":1000,"TOTAL_MARKET_CAP":11335345718.13,"HKSK_MARKET_CAP":11335345718.13,"PE_TTM":-0.071806500618,"PB_TTM":0.743695157072,"REPORT_DATE_SQ":"2019-06-30 00:00:00","REPORT_TYPE_SQ":"2019年中报","OPERATE_INCOME_SQ":202006000000,"DPS_HKD":null,"OPERATE_INCOME_QOQ_SQ":18.495353211336,"NET_PROFIT_RATIO_SQ":11.4140174054,"HOLDER_PROFIT_SQ":15635000000,"HOLDER_PROFIT_QOQ_SQ":7.787856028656,"ROE_AVG_SQ":12.399381418772,"PE_TTM_SQ":-0.332737290681,"PB_TTM_SQ":0.119820509866,"ROA_SQ":0.926127761205,"START_DATE":"2020-01-01 00:00:00","FISCAL_YEAR":"12-31","CURRENCY":"HKD","IS_CNY_CODE":0,"DPS_HKD_LY":0.6058,"ORG_TYPE":"一般企业","PREMIUM_INCOME":null,"PREMIUM_INCOME_YOY":null,"NET_INTEREST_INCOME":null,"NET_INTEREST_INCOME_YOY":null,"FEE_COMMISSION_INCOME":null,"FEE_COMMISSION_INCOME_YOY":null,"ACCOUNTS_RECE_TDAYS":0.418056084526,"INVENTORY_TDAYS":0.150681195832,"CURRENT_ASSETS_TDAYS":0.110815501121,"TOTAL_ASSETS_TDAYS":0.095574615785,"PREMIUM_EXPENSE":null,"LOAN_DEPOSIT":null,"LOAN_EQUITY":null,"LOAN_ASSETS":null,"DEPOSIT_EQUITY":null,"DEPOSIT_ASSETS":null,"EQUITY_MULTIPLIER":8.354478374123,"EQUITY_RATIO":10.904756196053}],"count":41},"success":true,"message":"ok","code":0}