{"version":"4e2e562b32e6ee2bfca3a24a9f45130e","result":{"pages":8,"data":[{"SECUCODE":"02009.HK","SECURITY_CODE":"02009","SECURITY_NAME_ABBR":"金隅集团","ORG_CODE":"10104667","STD_REPORT_DATE":"2024-09-30 00:00:00","REPORT_DATE":"2024-09-30 00:00:00","DATE_TYPE_CODE":"004","REPORT_TYPE":"2024年三季报","PER_NETCASH_OPERATE":-0.885653250988,"PER_OI":7.214666142674,"BPS":4.121872402233,"BASIC_EPS":-0.04,"DILUTED_EPS":-0.04,"OPERATE_INCOME":77036553879.69,"OPERATE_INCOME_YOY":6.1176217537,"GROSS_PROFIT":7723774815.97,"GROSS_PROFIT_YOY":-1.63706734768,"HOLDER_PROFIT":-436544760.35,"HOLDER_PROFIT_YOY":-4212.6505419626,"GROSS_PROFIT_RATIO":10.026116728991,"EPS_TTM":-0.039511674119,"OPERATE_INCOME_QOQ":7.678550604564,"NET_PROFIT_RATIO":-1.1236456973,"ROE_AVG":-0.592004120004,"GROSS_PROFIT_QOQ":7.272677063383,"ROA":-0.161707603948,"HOLDER_PROFIT_QOQ":64.590252718904,"ROE_YEARLY":-0.789338826672,"ROIC_YEARLY":-0.187990882167,"TOTAL_ASSETS":270239516052,"TOTAL_LIABILITIES":174304660883.09,"TAX_EBT":7898.41857652231,"OCF_SALES":-12.275734364882,"TOTAL_PARENT_EQUITY":74473286154.6,"DEBT_ASSET_RATIO":64.5000640282,"OPERATE_PROFIT":2295392887.36,"PRETAX_PROFIT":11099916.15,"NETCASH_OPERATE":-9456802718.13,"NETCASH_INVEST":-3394771814.58,"NETCASH_FINANCE":10797054182.39,"END_CASH":11730460205.15,"DIVI_RATIO":-0.630726248783,"DIVIDEND_RATE":3.819444444444,"CURRENT_RATIO":1.435484868731,"COMMON_ACS":null,"CURRENTDEBT_DEBT":55.943253793238,"ISSUED_COMMON_SHARES":10677771134,"HK_COMMON_SHARES":2338764870,"PER_SHARES":1000,"TOTAL_MARKET_CAP":7687995216.48,"HKSK_MARKET_CAP":1683910706.4,"PE_TTM":-16.435161398306,"PB_TTM":0.157522780096,"REPORT_DATE_SQ":"2023-09-30 00:00:00","REPORT_TYPE_SQ":"2023年三季报","OPERATE_INCOME_SQ":72595439481.75,"DPS_HKD":0.0275,"OPERATE_INCOME_QOQ_SQ":-1.118117465665,"NET_PROFIT_RATIO_SQ":-0.5770020711,"HOLDER_PROFIT_SQ":10614681.6,"HOLDER_PROFIT_QOQ_SQ":-419.706688007324,"ROE_AVG_SQ":0.015616473874,"PE_TTM_SQ":-5.665160301259,"PB_TTM_SQ":0.136879264407,"ROA_SQ":0.003763243965,"START_DATE":"2024-01-01 00:00:00","FISCAL_YEAR":"12-31","CURRENCY":"HKD","IS_CNY_CODE":0,"DPS_HKD_LY":0.0275,"ORG_TYPE":"一般企业","PREMIUM_INCOME":null,"PREMIUM_INCOME_YOY":null,"NET_INTEREST_INCOME":null,"NET_INTEREST_INCOME_YOY":null,"FEE_COMMISSION_INCOME":null,"FEE_COMMISSION_INCOME_YOY":null,"ACCOUNTS_RECE_TDAYS":6.556881146586,"INVENTORY_TDAYS":0.753975422554,"CURRENT_ASSETS_TDAYS":0.54820355617,"TOTAL_ASSETS_TDAYS":0.285363556633,"PREMIUM_EXPENSE":null,"LOAN_DEPOSIT":null,"LOAN_EQUITY":null,"LOAN_ASSETS":null,"DEPOSIT_EQUITY":null,"DEPOSIT_ASSETS":null,"EQUITY_MULTIPLIER":2.816906489055,"EQUITY_RATIO":2.340499122346},{"SECUCODE":"02009.HK","SECURITY_CODE":"02009","SECURITY_NAME_ABBR":"金隅集团","ORG_CODE":"10104667","STD_REPORT_DATE":"2024-06-30 00:00:00","REPORT_DATE":"2024-06-30 00:00:00","DATE_TYPE_CODE":"002","REPORT_TYPE":"2024年中报","PER_NETCASH_OPERATE":-0.390543702333,"PER_OI":4.267033518513,"BPS":4.107893224255,"BASIC_EPS":-0.12,"DILUTED_EPS":-0.12,"OPERATE_INCOME":45562407331.79,"OPERATE_INCOME_YOY":-7.2734287178,"GROSS_PROFIT":4579756657.34,"GROSS_PROFIT_YOY":-16.913737590276,"HOLDER_PROFIT":-806672814.7,"HOLDER_PROFIT_YOY":-296.7205399451,"GROSS_PROFIT_RATIO":10.05161255855,"EPS_TTM":-0.111584174281,"OPERATE_INCOME_QOQ":7.268430128978,"NET_PROFIT_RATIO":-3.8398821925,"ROE_AVG":-1.106283056933,"GROSS_PROFIT_QOQ":7.04549226246,"ROA":-0.298691898342,"HOLDER_PROFIT_QOQ":-25.197544115433,"ROE_YEARLY":-2.212566113865,"ROIC_YEARLY":-0.69381817529,"TOTAL_ASSETS":270457917850.6,"TOTAL_LIABILITIES":176733295020.62,"TAX_EBT":-63.439364423999,"OCF_SALES":-9.152581076265,"TOTAL_PARENT_EQUITY":72827769691.5,"DEBT_ASSET_RATIO":65.345949723,"OPERATE_PROFIT":514038160.04,"PRETAX_PROFIT":-1070453725.61,"NETCASH_OPERATE":-4170136271.34,"NETCASH_INVEST":-1881911889.73,"NETCASH_FINANCE":4167351298.53,"END_CASH":11887472377.51,"DIVI_RATIO":-0.22333857073,"DIVIDEND_RATE":3.819444444444,"CURRENT_RATIO":1.309333682709,"COMMON_ACS":null,"CURRENTDEBT_DEBT":61.05361707427,"ISSUED_COMMON_SHARES":10677771134,"HK_COMMON_SHARES":2338764870,"PER_SHARES":1000,"TOTAL_MARKET_CAP":7687995216.48,"HKSK_MARKET_CAP":1683910706.4,"PE_TTM":-16.435161398306,"PB_TTM":0.157522780096,"REPORT_DATE_SQ":"2023-06-30 00:00:00","REPORT_TYPE_SQ":"2023年中报","OPERATE_INCOME_SQ":49136301172.13,"DPS_HKD":0.0275,"OPERATE_INCOME_QOQ_SQ":-6.0967043404,"NET_PROFIT_RATIO_SQ":0.0298328088,"HOLDER_PROFIT_SQ":410060289.04,"HOLDER_PROFIT_QOQ_SQ":-135.155920633707,"ROE_AVG_SQ":0.607090385191,"PE_TTM_SQ":-5.399605912138,"PB_TTM_SQ":0.130463048888,"ROA_SQ":0.144908016689,"START_DATE":"2024-01-01 00:00:00","FISCAL_YEAR":"12-31","CURRENCY":"HKD","IS_CNY_CODE":0,"DPS_HKD_LY":0.0275,"ORG_TYPE":"一般企业","PREMIUM_INCOME":null,"PREMIUM_INCOME_YOY":null,"NET_INTEREST_INCOME":null,"NET_INTEREST_INCOME_YOY":null,"FEE_COMMISSION_INCOME":null,"FEE_COMMISSION_INCOME_YOY":null,"ACCOUNTS_RECE_TDAYS":3.915581924723,"INVENTORY_TDAYS":0.440699434907,"CURRENT_ASSETS_TDAYS":0.322732331856,"TOTAL_ASSETS_TDAYS":0.168706837406,"PREMIUM_EXPENSE":null,"LOAN_DEPOSIT":null,"LOAN_EQUITY":null,"LOAN_ASSETS":null,"DEPOSIT_EQUITY":null,"DEPOSIT_ASSETS":null,"EQUITY_MULTIPLIER":2.885665577347,"EQUITY_RATIO":2.426729471042},{"SECUCODE":"02009.HK","SECURITY_CODE":"02009","SECURITY_NAME_ABBR":"金隅集团","ORG_CODE":"10104667","STD_REPORT_DATE":"2024-03-31 00:00:00","REPORT_DATE":"2024-03-31 00:00:00","DATE_TYPE_CODE":"003","REPORT_TYPE":"2024年一季报","PER_NETCASH_OPERATE":-0.460718808308,"PER_OI":1.201900049811,"BPS":4.116759731603,"BASIC_EPS":-0.12,"DILUTED_EPS":-0.12,"OPERATE_INCOME":12833613657.82,"OPERATE_INCOME_YOY":-45.3431540407,"GROSS_PROFIT":506791854.35,"GROSS_PROFIT_YOY":-76.60754590202,"HOLDER_PROFIT":-1308584185.55,"HOLDER_PROFIT_YOY":-294.568876248,"GROSS_PROFIT_RATIO":3.948941177929,"EPS_TTM":-0.089126488119,"OPERATE_INCOME_QOQ":-9.862127778139,"NET_PROFIT_RATIO":-16.2104748754,"ROE_AVG":-1.812026608237,"GROSS_PROFIT_QOQ":-13.84930763456,"ROA":-0.482154636977,"HOLDER_PROFIT_QOQ":-3867.08506222739,"ROE_YEARLY":-7.24810643295,"ROIC_YEARLY":-2.253632766328,"TOTAL_ASSETS":273127705390.91,"TOTAL_LIABILITIES":181126733027.21,"TAX_EBT":-4.693159334804,"OCF_SALES":-38.332539247372,"TOTAL_PARENT_EQUITY":71426194227.72,"DEBT_ASSET_RATIO":66.3157671127,"OPERATE_PROFIT":-1206299668.41,"PRETAX_PROFIT":-1987130516.29,"NETCASH_OPERATE":-4919449992.24,"NETCASH_INVEST":-1242936430.48,"NETCASH_FINANCE":7598587250.14,"END_CASH":15178411333.31,"DIVI_RATIO":-0.279614405616,"DIVIDEND_RATE":3.819444444444,"CURRENT_RATIO":1.322993518784,"COMMON_ACS":null,"CURRENTDEBT_DEBT":60.215362432383,"ISSUED_COMMON_SHARES":10677771134,"HK_COMMON_SHARES":2338764870,"PER_SHARES":1000,"TOTAL_MARKET_CAP":7687995216.48,"HKSK_MARKET_CAP":1683910706.4,"PE_TTM":-16.435161398306,"PB_TTM":0.157522780096,"REPORT_DATE_SQ":"2023-03-31 00:00:00","REPORT_TYPE_SQ":"2023年一季报","OPERATE_INCOME_SQ":23480340719.59,"DPS_HKD":0.0275,"OPERATE_INCOME_QOQ_SQ":0.385219852454,"NET_PROFIT_RATIO_SQ":-3.5908819294,"HOLDER_PROFIT_SQ":-331649114.85,"HOLDER_PROFIT_QOQ_SQ":-50.081413634794,"ROE_AVG_SQ":-0.515181093318,"PE_TTM_SQ":-5.399605912138,"PB_TTM_SQ":0.130463048888,"ROA_SQ":-0.117531534122,"START_DATE":"2024-01-01 00:00:00","FISCAL_YEAR":"12-31","CURRENCY":"HKD","IS_CNY_CODE":0,"DPS_HKD_LY":0.0275,"ORG_TYPE":"一般企业","PREMIUM_INCOME":null,"PREMIUM_INCOME_YOY":null,"NET_INTEREST_INCOME":null,"NET_INTEREST_INCOME_YOY":null,"FEE_COMMISSION_INCOME":null,"FEE_COMMISSION_INCOME_YOY":null,"ACCOUNTS_RECE_TDAYS":1.290192740183,"INVENTORY_TDAYS":0.129100797064,"CURRENT_ASSETS_TDAYS":0.089944273742,"TOTAL_ASSETS_TDAYS":0.047286115808,"PREMIUM_EXPENSE":null,"LOAN_DEPOSIT":null,"LOAN_EQUITY":null,"LOAN_ASSETS":null,"DEPOSIT_EQUITY":null,"DEPOSIT_ASSETS":null,"EQUITY_MULTIPLIER":2.968748029221,"EQUITY_RATIO":2.535858657816},{"SECUCODE":"02009.HK","SECURITY_CODE":"02009","SECURITY_NAME_ABBR":"金隅集团","ORG_CODE":"10104667","STD_REPORT_DATE":"2023-12-31 00:00:00","REPORT_DATE":"2023-12-31 00:00:00","DATE_TYPE_CODE":"001","REPORT_TYPE":"2023年年报","PER_NETCASH_OPERATE":0.668751048371,"PER_OI":10.110319672827,"BPS":4.264808530331,"BASIC_EPS":0.002,"DILUTED_EPS":0.002,"OPERATE_INCOME":107955679558.02,"OPERATE_INCOME_YOY":4.9926176968,"GROSS_PROFIT":11983876579.71,"GROSS_PROFIT_YOY":-21.95715252107,"HOLDER_PROFIT":25262828.59,"HOLDER_PROFIT_YOY":-97.9167659263,"GROSS_PROFIT_RATIO":11.100737477429,"EPS_TTM":0.002365927146,"OPERATE_INCOME_QOQ":12.639685345903,"NET_PROFIT_RATIO":-1.1925324418,"ROE_AVG":0.036978036021,"GROSS_PROFIT_QOQ":11.93214720689,"ROA":0.009166496935,"HOLDER_PROFIT_QOQ":102.284120497338,"ROE_YEARLY":0.036978036021,"ROIC_YEARLY":0.010859957742,"TOTAL_ASSETS":269679139215.48,"TOTAL_LIABILITIES":175314768398.62,"TAX_EBT":528.583004616587,"OCF_SALES":6.614539104719,"TOTAL_PARENT_EQUITY":73007025417.2,"DEBT_ASSET_RATIO":65.0086502459,"OPERATE_PROFIT":2575865674.69,"PRETAX_PROFIT":300386736.67,"NETCASH_OPERATE":7140770640.13,"NETCASH_INVEST":1324362133.08,"NETCASH_FINANCE":-4463164779.56,"END_CASH":13779108469.5,"DIVI_RATIO":10.533312505802,"DIVIDEND_RATE":3.819444444444,"CURRENT_RATIO":1.199563664451,"COMMON_ACS":null,"CURRENTDEBT_DEBT":67.082034409467,"ISSUED_COMMON_SHARES":10677771134,"HK_COMMON_SHARES":2338764870,"PER_SHARES":1000,"TOTAL_MARKET_CAP":7687995216.48,"HKSK_MARKET_CAP":1683910706.4,"PE_TTM":-16.435161398306,"PB_TTM":0.157522780096,"REPORT_DATE_SQ":"2022-12-31 00:00:00","REPORT_TYPE_SQ":"2022年年报","OPERATE_INCOME_SQ":102822162096.91,"DPS_HKD":0.0275,"OPERATE_INCOME_QOQ_SQ":-11.211089711439,"NET_PROFIT_RATIO_SQ":1.6921323584,"HOLDER_PROFIT_SQ":1212673549.71,"HOLDER_PROFIT_QOQ_SQ":-52.369887602414,"ROE_AVG_SQ":1.904512342119,"PE_TTM_SQ":-5.399605912138,"PB_TTM_SQ":0.130463048888,"ROA_SQ":0.427090316561,"START_DATE":"2023-01-01 00:00:00","FISCAL_YEAR":"12-31","CURRENCY":"HKD","IS_CNY_CODE":0,"DPS_HKD_LY":0.076,"ORG_TYPE":"一般企业","PREMIUM_INCOME":null,"PREMIUM_INCOME_YOY":null,"NET_INTEREST_INCOME":null,"NET_INTEREST_INCOME_YOY":null,"FEE_COMMISSION_INCOME":null,"FEE_COMMISSION_INCOME_YOY":null,"ACCOUNTS_RECE_TDAYS":11.301810039932,"INVENTORY_TDAYS":0.927289806677,"CURRENT_ASSETS_TDAYS":0.72478114608,"TOTAL_ASSETS_TDAYS":0.3917120374,"PREMIUM_EXPENSE":null,"LOAN_DEPOSIT":null,"LOAN_EQUITY":null,"LOAN_ASSETS":null,"DEPOSIT_EQUITY":null,"DEPOSIT_ASSETS":null,"EQUITY_MULTIPLIER":2.857849174231,"EQUITY_RATIO":2.401341068161},{"SECUCODE":"02009.HK","SECURITY_CODE":"02009","SECURITY_NAME_ABBR":"金隅集团","ORG_CODE":"10104667","STD_REPORT_DATE":"2023-09-30 00:00:00","REPORT_DATE":"2023-09-30 00:00:00","DATE_TYPE_CODE":"004","REPORT_TYPE":"2023年三季报","PER_NETCASH_OPERATE":0.842513156927,"PER_OI":6.798744660353,"BPS":4.290519842768,"BASIC_EPS":0.001,"DILUTED_EPS":0.001,"OPERATE_INCOME":72595439481.75,"OPERATE_INCOME_YOY":-8.7721921431,"GROSS_PROFIT":7852322625.71,"GROSS_PROFIT_YOY":-37.188733929445,"HOLDER_PROFIT":10614681.6,"HOLDER_PROFIT_YOY":-99.5442989621,"GROSS_PROFIT_RATIO":10.816550849154,"EPS_TTM":-0.103581538244,"OPERATE_INCOME_QOQ":-1.118117465665,"NET_PROFIT_RATIO":-0.5770020711,"ROE_AVG":0.015616473874,"GROSS_PROFIT_QOQ":-14.220291108307,"ROA":0.003763243965,"HOLDER_PROFIT_QOQ":-419.706688007324,"ROE_YEARLY":0.020821965165,"ROIC_YEARLY":0.004472948946,"TOTAL_ASSETS":282603967390.09,"TOTAL_LIABILITIES":188139954093.92,"TAX_EBT":502.889653119899,"OCF_SALES":12.392187073007,"TOTAL_PARENT_EQUITY":72312188926.96,"DEBT_ASSET_RATIO":66.5737129706,"OPERATE_PROFIT":2180047735.47,"PRETAX_PROFIT":103968217.13,"NETCASH_OPERATE":8996162667.05,"NETCASH_INVEST":1509503959.5,"NETCASH_FINANCE":-4608171070.13,"END_CASH":15667316767.17,"DIVI_RATIO":-0.240593549994,"DIVIDEND_RATE":3.819444444444,"CURRENT_RATIO":1.286462571118,"COMMON_ACS":null,"CURRENTDEBT_DEBT":64.469566525625,"ISSUED_COMMON_SHARES":10677771134,"HK_COMMON_SHARES":2338764870,"PER_SHARES":1000,"TOTAL_MARKET_CAP":7687995216.48,"HKSK_MARKET_CAP":1683910706.4,"PE_TTM":-16.435161398306,"PB_TTM":0.157522780096,"REPORT_DATE_SQ":"2022-09-30 00:00:00","REPORT_TYPE_SQ":"2022年三季报","OPERATE_INCOME_SQ":79575999015.14,"DPS_HKD":0.0275,"OPERATE_INCOME_QOQ_SQ":-4.256768000245,"NET_PROFIT_RATIO_SQ":3.8882257136,"HOLDER_PROFIT_SQ":2329308190.39,"HOLDER_PROFIT_QOQ_SQ":-10.87600770234,"ROE_AVG_SQ":3.491377613039,"PE_TTM_SQ":-5.399605912138,"PB_TTM_SQ":0.130463048888,"ROA_SQ":0.808889105655,"START_DATE":"2023-01-01 00:00:00","FISCAL_YEAR":"12-31","CURRENCY":"HKD","IS_CNY_CODE":0,"DPS_HKD_LY":0.076,"ORG_TYPE":"一般企业","PREMIUM_INCOME":null,"PREMIUM_INCOME_YOY":null,"NET_INTEREST_INCOME":null,"NET_INTEREST_INCOME_YOY":null,"FEE_COMMISSION_INCOME":null,"FEE_COMMISSION_INCOME_YOY":null,"ACCOUNTS_RECE_TDAYS":6.60594283314,"INVENTORY_TDAYS":0.610462560281,"CURRENT_ASSETS_TDAYS":0.464071335303,"TOTAL_ASSETS_TDAYS":0.257374040767,"PREMIUM_EXPENSE":null,"LOAN_DEPOSIT":null,"LOAN_EQUITY":null,"LOAN_ASSETS":null,"DEPOSIT_EQUITY":null,"DEPOSIT_ASSETS":null,"EQUITY_MULTIPLIER":2.991657431531,"EQUITY_RATIO":2.601773738089},{"SECUCODE":"02009.HK","SECURITY_CODE":"02009","SECURITY_NAME_ABBR":"金隅集团","ORG_CODE":"10104667","STD_REPORT_DATE":"2023-06-30 00:00:00","REPORT_DATE":"2023-06-30 00:00:00","DATE_TYPE_CODE":"002","REPORT_TYPE":"2023年中报","PER_NETCASH_OPERATE":0.395062576792,"PER_OI":4.601737624407,"BPS":4.351230477018,"BASIC_EPS":0.0025,"DILUTED_EPS":0.0025,"OPERATE_INCOME":49136301172.13,"OPERATE_INCOME_YOY":-10.7150388616,"GROSS_PROFIT":5512050397.4,"GROSS_PROFIT_YOY":-34.273265320691,"HOLDER_PROFIT":410060289.04,"HOLDER_PROFIT_YOY":-77.6600864483,"GROSS_PROFIT_RATIO":11.217878159145,"EPS_TTM":-0.019930768765,"OPERATE_INCOME_QOQ":-6.0967043404,"NET_PROFIT_RATIO":0.0298328088,"ROE_AVG":0.607090385191,"GROSS_PROFIT_QOQ":-11.775557798039,"ROA":0.144908016689,"HOLDER_PROFIT_QOQ":-135.155920633707,"ROE_YEARLY":1.214180770383,"ROIC_YEARLY":0.34554768226,"TOTAL_ASSETS":284439370705.43,"TOTAL_LIABILITIES":190810682395.97,"TAX_EBT":96.556409654567,"OCF_SALES":8.585073922867,"TOTAL_PARENT_EQUITY":71460443184.88,"DEBT_ASSET_RATIO":67.0830771151,"OPERATE_PROFIT":1720688222.03,"PRETAX_PROFIT":425681840.45,"NETCASH_OPERATE":4218387778.59,"NETCASH_INVEST":2212350019.6,"NETCASH_FINANCE":486995773.17,"END_CASH":16683010351.17,"DIVI_RATIO":-1.250380770232,"DIVIDEND_RATE":3.819444444444,"CURRENT_RATIO":1.291313829651,"COMMON_ACS":null,"CURRENTDEBT_DEBT":64.309440844058,"ISSUED_COMMON_SHARES":10677771134,"HK_COMMON_SHARES":2338764870,"PER_SHARES":1000,"TOTAL_MARKET_CAP":7687995216.48,"HKSK_MARKET_CAP":1683910706.4,"PE_TTM":-16.435161398306,"PB_TTM":0.157522780096,"REPORT_DATE_SQ":"2022-06-30 00:00:00","REPORT_TYPE_SQ":"2022年中报","OPERATE_INCOME_SQ":55033121530.89,"DPS_HKD":0.0275,"OPERATE_INCOME_QOQ_SQ":-2.282727028535,"NET_PROFIT_RATIO_SQ":4.3964391011,"HOLDER_PROFIT_SQ":1835550026.15,"HOLDER_PROFIT_QOQ_SQ":-4.385145090116,"ROE_AVG_SQ":2.808386630604,"PE_TTM_SQ":-5.399605912138,"PB_TTM_SQ":0.130463048888,"ROA_SQ":0.643726226993,"START_DATE":"2023-01-01 00:00:00","FISCAL_YEAR":"12-31","CURRENCY":"HKD","IS_CNY_CODE":0,"DPS_HKD_LY":0.076,"ORG_TYPE":"一般企业","PREMIUM_INCOME":null,"PREMIUM_INCOME_YOY":null,"NET_INTEREST_INCOME":null,"NET_INTEREST_INCOME_YOY":null,"FEE_COMMISSION_INCOME":null,"FEE_COMMISSION_INCOME_YOY":null,"ACCOUNTS_RECE_TDAYS":4.471482248471,"INVENTORY_TDAYS":0.406026032005,"CURRENT_ASSETS_TDAYS":0.311698905068,"TOTAL_ASSETS_TDAYS":0.173638953602,"PREMIUM_EXPENSE":null,"LOAN_DEPOSIT":null,"LOAN_EQUITY":null,"LOAN_ASSETS":null,"DEPOSIT_EQUITY":null,"DEPOSIT_ASSETS":null,"EQUITY_MULTIPLIER":3.037951036604,"EQUITY_RATIO":2.67015811674},{"SECUCODE":"02009.HK","SECURITY_CODE":"02009","SECURITY_NAME_ABBR":"金隅集团","ORG_CODE":"10104667","STD_REPORT_DATE":"2023-03-31 00:00:00","REPORT_DATE":"2023-03-31 00:00:00","DATE_TYPE_CODE":"003","REPORT_TYPE":"2023年一季报","PER_NETCASH_OPERATE":0.131296702747,"PER_OI":2.198992694723,"BPS":4.36622805468,"BASIC_EPS":-0.03,"DILUTED_EPS":-0.03,"OPERATE_INCOME":23480340719.59,"OPERATE_INCOME_YOY":1.7158512513,"GROSS_PROFIT":2166475788.42,"GROSS_PROFIT_YOY":-35.804957106274,"HOLDER_PROFIT":-331649114.85,"HOLDER_PROFIT_YOY":-220.3044110216,"GROSS_PROFIT_RATIO":9.226764697722,"EPS_TTM":0.056692495619,"OPERATE_INCOME_QOQ":0.385219852454,"NET_PROFIT_RATIO":-3.5908819294,"ROE_AVG":-0.515181093318,"GROSS_PROFIT_QOQ":-7.86921268585,"ROA":-0.117531534122,"HOLDER_PROFIT_QOQ":-50.081413634794,"ROE_YEARLY":-2.060724373272,"ROIC_YEARLY":-0.568090583724,"TOTAL_ASSETS":282837617554.99,"TOTAL_LIABILITIES":186969208471.2,"TAX_EBT":-16.204541899609,"OCF_SALES":5.970765753882,"TOTAL_PARENT_EQUITY":65120583886.72,"DEBT_ASSET_RATIO":66.1047883543,"OPERATE_PROFIT":-30338502.16,"PRETAX_PROFIT":-725575178.11,"NETCASH_OPERATE":1401956142.58,"NETCASH_INVEST":976681810.74,"NETCASH_FINANCE":2306595585.44,"END_CASH":14449873415.01,"DIVI_RATIO":0.439582871202,"DIVIDEND_RATE":3.819444444444,"CURRENT_RATIO":1.275856086306,"COMMON_ACS":null,"CURRENTDEBT_DEBT":66.378540127155,"ISSUED_COMMON_SHARES":10677771134,"HK_COMMON_SHARES":2338764870,"PER_SHARES":1000,"TOTAL_MARKET_CAP":7687995216.48,"HKSK_MARKET_CAP":1683910706.4,"PE_TTM":-16.435161398306,"PB_TTM":0.157522780096,"REPORT_DATE_SQ":"2022-03-31 00:00:00","REPORT_TYPE_SQ":"2022年一季报","OPERATE_INCOME_SQ":23084249338.47,"DPS_HKD":0.0275,"OPERATE_INCOME_QOQ_SQ":0.117290807695,"NET_PROFIT_RATIO_SQ":0.7096892725,"HOLDER_PROFIT_SQ":275674941.62,"HOLDER_PROFIT_QOQ_SQ":1.865724706608,"ROE_AVG_SQ":0.42253010625,"PE_TTM_SQ":-5.399605912138,"PB_TTM_SQ":0.130463048888,"ROA_SQ":0.096909725414,"START_DATE":"2023-01-01 00:00:00","FISCAL_YEAR":"12-31","CURRENCY":"HKD","IS_CNY_CODE":0,"DPS_HKD_LY":0.076,"ORG_TYPE":"一般企业","PREMIUM_INCOME":null,"PREMIUM_INCOME_YOY":null,"NET_INTEREST_INCOME":null,"NET_INTEREST_INCOME_YOY":null,"FEE_COMMISSION_INCOME":null,"FEE_COMMISSION_INCOME_YOY":null,"ACCOUNTS_RECE_TDAYS":2.275065681697,"INVENTORY_TDAYS":0.196896743761,"CURRENT_ASSETS_TDAYS":0.149002260305,"TOTAL_ASSETS_TDAYS":0.083210849748,"PREMIUM_EXPENSE":null,"LOAN_DEPOSIT":null,"LOAN_EQUITY":null,"LOAN_ASSETS":null,"DEPOSIT_EQUITY":null,"DEPOSIT_ASSETS":null,"EQUITY_MULTIPLIER":2.950269231102,"EQUITY_RATIO":2.871123035328},{"SECUCODE":"02009.HK","SECURITY_CODE":"02009","SECURITY_NAME_ABBR":"金隅集团","ORG_CODE":"10104667","STD_REPORT_DATE":"2022-12-31 00:00:00","REPORT_DATE":"2022-12-31 00:00:00","DATE_TYPE_CODE":"001","REPORT_TYPE":"2022年年报","PER_NETCASH_OPERATE":1.307861209492,"PER_OI":9.629552910111,"BPS":4.413928222849,"BASIC_EPS":0.11,"DILUTED_EPS":0.11,"OPERATE_INCOME":102822162096.91,"OPERATE_INCOME_YOY":-16.8337274383,"GROSS_PROFIT":15355509142.52,"GROSS_PROFIT_YOY":-23.489670025513,"HOLDER_PROFIT":1212673549.71,"HOLDER_PROFIT_YOY":-58.6543629019,"GROSS_PROFIT_RATIO":14.93404615247,"EPS_TTM":0.113569914029,"OPERATE_INCOME_QOQ":-11.211089711439,"NET_PROFIT_RATIO":1.6921323584,"ROE_AVG":1.904512342119,"GROSS_PROFIT_QOQ":-16.316701930035,"ROA":0.427090316561,"HOLDER_PROFIT_QOQ":-52.369887602414,"ROE_YEARLY":1.904512342119,"ROIC_YEARLY":0.519484072649,"TOTAL_ASSETS":281559787045.54,"TOTAL_LIABILITIES":186663848537.15,"TAX_EBT":47.67292024164,"OCF_SALES":13.581743843149,"TOTAL_PARENT_EQUITY":63629915365.49,"DEBT_ASSET_RATIO":66.2915884501,"OPERATE_PROFIT":6012967877.95,"PRETAX_PROFIT":3325022310.56,"NETCASH_OPERATE":13965042669.99,"NETCASH_INVEST":-6732462406.91,"NETCASH_FINANCE":-12665336553.43,"END_CASH":9775406159.73,"DIVI_RATIO":0.219433555208,"DIVIDEND_RATE":3.819444444444,"CURRENT_RATIO":1.319574254017,"COMMON_ACS":null,"CURRENTDEBT_DEBT":63.667744463662,"ISSUED_COMMON_SHARES":10677771134,"HK_COMMON_SHARES":2338764870,"PER_SHARES":1000,"TOTAL_MARKET_CAP":7687995216.48,"HKSK_MARKET_CAP":1683910706.4,"PE_TTM":-16.435161398306,"PB_TTM":0.157522780096,"REPORT_DATE_SQ":"2021-12-31 00:00:00","REPORT_TYPE_SQ":"2021年年报","OPERATE_INCOME_SQ":123634448111.9,"DPS_HKD":0.0275,"OPERATE_INCOME_QOQ_SQ":0.049242808291,"NET_PROFIT_RATIO_SQ":4.2162344959,"HOLDER_PROFIT_SQ":2933014544.76,"HOLDER_PROFIT_QOQ_SQ":3.1338111592,"ROE_AVG_SQ":4.61552508931,"PE_TTM_SQ":-5.399605912138,"PB_TTM_SQ":0.130463048888,"ROA_SQ":1.015394795886,"START_DATE":"2022-01-01 00:00:00","FISCAL_YEAR":"12-31","CURRENCY":"HKD","IS_CNY_CODE":0,"DPS_HKD_LY":0.1234,"ORG_TYPE":"一般企业","PREMIUM_INCOME":null,"PREMIUM_INCOME_YOY":null,"NET_INTEREST_INCOME":null,"NET_INTEREST_INCOME_YOY":null,"FEE_COMMISSION_INCOME":null,"FEE_COMMISSION_INCOME_YOY":null,"ACCOUNTS_RECE_TDAYS":10.139649946092,"INVENTORY_TDAYS":0.766871422487,"CURRENT_ASSETS_TDAYS":0.629299164975,"TOTAL_ASSETS_TDAYS":0.362128371398,"PREMIUM_EXPENSE":null,"LOAN_DEPOSIT":null,"LOAN_EQUITY":null,"LOAN_ASSETS":null,"DEPOSIT_EQUITY":null,"DEPOSIT_ASSETS":null,"EQUITY_MULTIPLIER":2.966618579815,"EQUITY_RATIO":2.933586308656},{"SECUCODE":"02009.HK","SECURITY_CODE":"02009","SECURITY_NAME_ABBR":"金隅集团","ORG_CODE":"10104667","STD_REPORT_DATE":"2022-09-30 00:00:00","REPORT_DATE":"2022-09-30 00:00:00","DATE_TYPE_CODE":"004","REPORT_TYPE":"2022年三季报","PER_NETCASH_OPERATE":1.226336839617,"PER_OI":7.452491537467,"BPS":4.516443286865,"BASIC_EPS":null,"DILUTED_EPS":null,"OPERATE_INCOME":79575999015.14,"OPERATE_INCOME_YOY":-8.9574273179,"GROSS_PROFIT":12501455737.08,"GROSS_PROFIT_YOY":-12.096257787668,"HOLDER_PROFIT":2329308190.39,"HOLDER_PROFIT_YOY":-14.2470162672,"GROSS_PROFIT_RATIO":15.710083306276,"EPS_TTM":0.23844141513,"OPERATE_INCOME_QOQ":-4.256768000245,"NET_PROFIT_RATIO":3.8882257136,"ROE_AVG":3.491377613039,"GROSS_PROFIT_QOQ":-1.954640141202,"ROA":0.808889105655,"HOLDER_PROFIT_QOQ":-10.87600770234,"ROE_YEARLY":4.655170150719,"ROIC_YEARLY":0.993109852967,"TOTAL_ASSETS":289570884493.47,"TOTAL_LIABILITIES":188610227738.9,"TAX_EBT":30.48375505588,"OCF_SALES":16.455393923649,"TOTAL_PARENT_EQUITY":69714547756.84,"DEBT_ASSET_RATIO":65.1343894842,"OPERATE_PROFIT":6426083510.82,"PRETAX_PROFIT":4450894115.58,"NETCASH_OPERATE":13094544106.62,"NETCASH_INVEST":-4626539753.56,"NETCASH_FINANCE":-8687460620.2,"END_CASH":15024004538.23,"DIVI_RATIO":0.104516448983,"DIVIDEND_RATE":3.819444444444,"CURRENT_RATIO":1.312396557063,"COMMON_ACS":null,"CURRENTDEBT_DEBT":67.500008319449,"ISSUED_COMMON_SHARES":10677771134,"HK_COMMON_SHARES":2338764870,"PER_SHARES":1000,"TOTAL_MARKET_CAP":7687995216.48,"HKSK_MARKET_CAP":1683910706.4,"PE_TTM":-16.435161398306,"PB_TTM":0.157522780096,"REPORT_DATE_SQ":"2021-09-30 00:00:00","REPORT_TYPE_SQ":"2021年三季报","OPERATE_INCOME_SQ":87405261814.21,"DPS_HKD":0.0275,"OPERATE_INCOME_QOQ_SQ":-0.975111603413,"NET_PROFIT_RATIO_SQ":5.229163777,"HOLDER_PROFIT_SQ":2716299875.52,"HOLDER_PROFIT_QOQ_SQ":-12.008963428196,"ROE_AVG_SQ":4.347183739858,"PE_TTM_SQ":-5.399605912138,"PB_TTM_SQ":0.130463048888,"ROA_SQ":0.945245702425,"START_DATE":"2022-01-01 00:00:00","FISCAL_YEAR":"12-31","CURRENCY":"HKD","IS_CNY_CODE":0,"DPS_HKD_LY":0.1234,"ORG_TYPE":"一般企业","PREMIUM_INCOME":null,"PREMIUM_INCOME_YOY":null,"NET_INTEREST_INCOME":null,"NET_INTEREST_INCOME_YOY":null,"FEE_COMMISSION_INCOME":null,"FEE_COMMISSION_INCOME_YOY":null,"ACCOUNTS_RECE_TDAYS":6.782067314986,"INVENTORY_TDAYS":0.591886913615,"CURRENT_ASSETS_TDAYS":0.472201632682,"TOTAL_ASSETS_TDAYS":0.276340241023,"PREMIUM_EXPENSE":null,"LOAN_DEPOSIT":null,"LOAN_EQUITY":null,"LOAN_ASSETS":null,"DEPOSIT_EQUITY":null,"DEPOSIT_ASSETS":null,"EQUITY_MULTIPLIER":2.868155713341,"EQUITY_RATIO":2.705464408903}],"count":65},"success":true,"message":"ok","code":0}