{"version":"c55deb2580806255c91a20477771f594","result":{"pages":5,"data":[{"SECUCODE":"02000.HK","SECURITY_CODE":"02000","SECURITY_NAME_ABBR":"晨讯科技","ORG_CODE":"10010569","STD_REPORT_DATE":"2024-06-30 00:00:00","REPORT_DATE":"2024-06-30 00:00:00","DATE_TYPE_CODE":"002","REPORT_TYPE":"2024年中报","PER_NETCASH_OPERATE":-0.020937952766,"PER_OI":0.078213607373,"BPS":0.630874045109,"BASIC_EPS":-0.03468184,"DILUTED_EPS":-0.03468184,"OPERATE_INCOME":167639237.04,"OPERATE_INCOME_YOY":-38.3121637325,"GROSS_PROFIT":34937390.4,"GROSS_PROFIT_YOY":-28.166002902208,"HOLDER_PROFIT":-75074318.76,"HOLDER_PROFIT_YOY":-63.1856686571,"GROSS_PROFIT_RATIO":20.840819259792,"EPS_TTM":0.132221852666,"OPERATE_INCOME_QOQ":-21.683432980252,"NET_PROFIT_RATIO":-49.0194797417,"ROE_AVG":-5.304370816513,"GROSS_PROFIT_QOQ":-12.562662705076,"ROA":-4.048808976221,"HOLDER_PROFIT_QOQ":-9.166750182973,"ROE_YEARLY":-10.608741633027,"ROIC_YEARLY":-13.504246703644,"TOTAL_ASSETS":1746622183.72,"TOTAL_LIABILITIES":410274302.36,"TAX_EBT":0.847942912519,"OCF_SALES":-26.770217445748,"TOTAL_PARENT_EQUITY":1352184704.72,"DEBT_ASSET_RATIO":23.4895849935,"OPERATE_PROFIT":-81968703.48,"PRETAX_PROFIT":-82878645.44,"NETCASH_OPERATE":-44877388.28,"NETCASH_INVEST":315610220.08,"NETCASH_FINANCE":-110929865.24,"END_CASH":223563704.04,"DIVI_RATIO":0.274151354478,"DIVIDEND_RATE":10.526315789474,"CURRENT_RATIO":3.391294915908,"COMMON_ACS":3000000000,"CURRENTDEBT_DEBT":73.83271750084,"ISSUED_COMMON_SHARES":2143351300,"HK_COMMON_SHARES":2143351300,"PER_SHARES":2000,"TOTAL_MARKET_CAP":814473494,"HKSK_MARKET_CAP":814473494,"PE_TTM":2.606857407141,"PB_TTM":0.549742698545,"REPORT_DATE_SQ":"2023-06-30 00:00:00","REPORT_TYPE_SQ":"2023年中报","OPERATE_INCOME_SQ":274523232.92,"DPS_HKD":0.04,"OPERATE_INCOME_QOQ_SQ":6.402725111041,"NET_PROFIT_RATIO_SQ":-16.9062380354,"HOLDER_PROFIT_SQ":-46474245.86,"HOLDER_PROFIT_QOQ_SQ":50.834039693513,"ROE_AVG_SQ":-4.007247022011,"PE_TTM_SQ":-2.371276580897,"PB_TTM_SQ":0.456189356562,"ROA_SQ":-2.583081423921,"START_DATE":"2024-01-01 00:00:00","FISCAL_YEAR":"12-31","CURRENCY":"HKD","IS_CNY_CODE":0,"DPS_HKD_LY":0.04,"ORG_TYPE":"一般企业","PREMIUM_INCOME":null,"PREMIUM_INCOME_YOY":null,"NET_INTEREST_INCOME":null,"NET_INTEREST_INCOME_YOY":null,"FEE_COMMISSION_INCOME":null,"FEE_COMMISSION_INCOME_YOY":null,"ACCOUNTS_RECE_TDAYS":2.236988411816,"INVENTORY_TDAYS":1.987438233425,"CURRENT_ASSETS_TDAYS":0.150188330269,"TOTAL_ASSETS_TDAYS":0.090408978584,"PREMIUM_EXPENSE":null,"LOAN_DEPOSIT":null,"LOAN_EQUITY":null,"LOAN_ASSETS":null,"DEPOSIT_EQUITY":null,"DEPOSIT_ASSETS":null,"EQUITY_MULTIPLIER":1.307011600859,"EQUITY_RATIO":0.303415872793},{"SECUCODE":"02000.HK","SECURITY_CODE":"02000","SECURITY_NAME_ABBR":"晨讯科技","ORG_CODE":"10010569","STD_REPORT_DATE":"2023-12-31 00:00:00","REPORT_DATE":"2023-12-31 00:00:00","DATE_TYPE_CODE":"001","REPORT_TYPE":"2023年年报","PER_NETCASH_OPERATE":-0.004495687319,"PER_OI":0.229980641438,"BPS":0.68491307968,"BASIC_EPS":0.145629554,"DILUTED_EPS":0.145629554,"OPERATE_INCOME":492929306.8,"OPERATE_INCOME_YOY":-14.7452183876,"GROSS_PROFIT":109044546.38,"GROSS_PROFIT_YOY":1109.70591550494,"HOLDER_PROFIT":311997952.7,"HOLDER_PROFIT_YOY":167.5793449052,"GROSS_PROFIT_RATIO":22.121741368533,"EPS_TTM":0.145565476224,"OPERATE_INCOME_QOQ":-18.713787297302,"NET_PROFIT_RATIO":61.2519763209,"ROE_AVG":23.628591498209,"GROSS_PROFIT_QOQ":283.941508972404,"ROA":16.381286170176,"HOLDER_PROFIT_QOQ":239.444164773432,"ROE_YEARLY":23.628591498209,"ROIC_YEARLY":22.486341385357,"TOTAL_ASSETS":1947956138.8,"TOTAL_LIABILITIES":480611058.34,"TAX_EBT":20.091235492621,"OCF_SALES":-1.954811192411,"TOTAL_PARENT_EQUITY":1468009339.72,"DEBT_ASSET_RATIO":24.6725811104,"OPERATE_PROFIT":385919224.32,"PRETAX_PROFIT":377842085.46,"NETCASH_OPERATE":-9635837.26,"NETCASH_INVEST":122884338.22,"NETCASH_FINANCE":-212162413.96,"END_CASH":67258742.18,"DIVI_RATIO":0.24902058469,"DIVIDEND_RATE":11.111111111111,"CURRENT_RATIO":3.339441118673,"COMMON_ACS":3000000000,"CURRENTDEBT_DEBT":74.554395518406,"ISSUED_COMMON_SHARES":2143351300,"HK_COMMON_SHARES":2143351300,"PER_SHARES":2000,"TOTAL_MARKET_CAP":771606468,"HKSK_MARKET_CAP":771606468,"PE_TTM":2.469654385712,"PB_TTM":0.520808872306,"REPORT_DATE_SQ":"2022-12-31 00:00:00","REPORT_TYPE_SQ":"2022年年报","OPERATE_INCOME_SQ":569921445.59,"DPS_HKD":0.04,"OPERATE_INCOME_QOQ_SQ":11.609240522028,"NET_PROFIT_RATIO_SQ":-79.5938039269,"HOLDER_PROFIT_SQ":-455079081.31,"HOLDER_PROFIT_QOQ_SQ":-8.153594819989,"ROE_AVG_SQ":-32.086828228307,"PE_TTM_SQ":-2.416878053606,"PB_TTM_SQ":0.464962228804,"ROA_SQ":-21.973226851475,"START_DATE":"2023-01-01 00:00:00","FISCAL_YEAR":"12-31","CURRENCY":"HKD","IS_CNY_CODE":0,"DPS_HKD_LY":null,"ORG_TYPE":"一般企业","PREMIUM_INCOME":null,"PREMIUM_INCOME_YOY":null,"NET_INTEREST_INCOME":null,"NET_INTEREST_INCOME_YOY":null,"FEE_COMMISSION_INCOME":null,"FEE_COMMISSION_INCOME_YOY":null,"ACCOUNTS_RECE_TDAYS":5.868061923513,"INVENTORY_TDAYS":3.018634381324,"CURRENT_ASSETS_TDAYS":0.449396800008,"TOTAL_ASSETS_TDAYS":0.258809904568,"PREMIUM_EXPENSE":null,"LOAN_DEPOSIT":null,"LOAN_EQUITY":null,"LOAN_ASSETS":null,"DEPOSIT_EQUITY":null,"DEPOSIT_ASSETS":null,"EQUITY_MULTIPLIER":1.327537853734,"EQUITY_RATIO":0.327389646194},{"SECUCODE":"02000.HK","SECURITY_CODE":"02000","SECURITY_NAME_ABBR":"晨讯科技","ORG_CODE":"10010569","STD_REPORT_DATE":"2023-06-30 00:00:00","REPORT_DATE":"2023-06-30 00:00:00","DATE_TYPE_CODE":"002","REPORT_TYPE":"2023年中报","PER_NETCASH_OPERATE":-0.001281573098,"PER_OI":0.124866988303,"BPS":0.525472145616,"BASIC_EPS":-0.02120554,"DILUTED_EPS":-0.02120554,"OPERATE_INCOME":274523232.92,"OPERATE_INCOME_YOY":6.9753070896,"GROSS_PROFIT":48636288.96,"GROSS_PROFIT_YOY":415.470953402897,"HOLDER_PROFIT":-46474245.86,"HOLDER_PROFIT_YOY":84.4830399168,"GROSS_PROFIT_RATIO":17.716638567408,"EPS_TTM":-0.101770036706,"OPERATE_INCOME_QOQ":6.402725111041,"NET_PROFIT_RATIO":-16.9062380354,"ROE_AVG":-4.007247022011,"GROSS_PROFIT_QOQ":362.984306700089,"ROA":-2.583081423921,"HOLDER_PROFIT_QOQ":50.834039693513,"ROE_YEARLY":-8.014494044023,"ROIC_YEARLY":-6.350304180162,"TOTAL_ASSETS":1704744707.92,"TOTAL_LIABILITIES":568092728.68,"TAX_EBT":2.842970740369,"OCF_SALES":-1.026350611579,"TOTAL_PARENT_EQUITY":1126271406.42,"DEBT_ASSET_RATIO":33.3242113051,"OPERATE_PROFIT":-44910567.78,"PRETAX_PROFIT":-47769627.76,"NETCASH_OPERATE":-2817570.88,"NETCASH_INVEST":-14586645.58,"NETCASH_FINANCE":-60386002.08,"END_CASH":89615534.02,"DIVI_RATIO":-0.356183422678,"DIVIDEND_RATE":11.111111111111,"CURRENT_RATIO":1.988565368259,"COMMON_ACS":3000000000,"CURRENTDEBT_DEBT":77.125807006553,"ISSUED_COMMON_SHARES":2143351300,"HK_COMMON_SHARES":2143351300,"PER_SHARES":2000,"TOTAL_MARKET_CAP":771606468,"HKSK_MARKET_CAP":771606468,"PE_TTM":2.469654385712,"PB_TTM":0.520808872306,"REPORT_DATE_SQ":"2022-06-30 00:00:00","REPORT_TYPE_SQ":"2022年中报","OPERATE_INCOME_SQ":238032729.41,"DPS_HKD":0.04,"OPERATE_INCOME_QOQ_SQ":-13.819242126995,"NET_PROFIT_RATIO_SQ":-116.7428926597,"HOLDER_PROFIT_SQ":-277809326.69,"HOLDER_PROFIT_QOQ_SQ":-109.37419383908,"ROE_AVG_SQ":-19.17804741689,"PE_TTM_SQ":-2.416878053606,"PB_TTM_SQ":0.464962228804,"ROA_SQ":-13.539697951254,"START_DATE":"2023-01-01 00:00:00","FISCAL_YEAR":"12-31","CURRENCY":"HKD","IS_CNY_CODE":0,"DPS_HKD_LY":null,"ORG_TYPE":"一般企业","PREMIUM_INCOME":null,"PREMIUM_INCOME_YOY":null,"NET_INTEREST_INCOME":null,"NET_INTEREST_INCOME_YOY":null,"FEE_COMMISSION_INCOME":null,"FEE_COMMISSION_INCOME_YOY":null,"ACCOUNTS_RECE_TDAYS":3.1749420201,"INVENTORY_TDAYS":1.482694972797,"CURRENT_ASSETS_TDAYS":0.291150275037,"TOTAL_ASSETS_TDAYS":0.152582543357,"PREMIUM_EXPENSE":null,"LOAN_DEPOSIT":null,"LOAN_EQUITY":null,"LOAN_ASSETS":null,"DEPOSIT_EQUITY":null,"DEPOSIT_ASSETS":null,"EQUITY_MULTIPLIER":1.499794782445,"EQUITY_RATIO":0.504401270814},{"SECUCODE":"02000.HK","SECURITY_CODE":"02000","SECURITY_NAME_ABBR":"晨讯科技","ORG_CODE":"10010569","STD_REPORT_DATE":"2022-12-31 00:00:00","REPORT_DATE":"2022-12-31 00:00:00","DATE_TYPE_CODE":"001","REPORT_TYPE":"2022年年报","PER_NETCASH_OPERATE":-0.084395877236,"PER_OI":0.259228968432,"BPS":0.539380383659,"BASIC_EPS":-0.207595948,"DILUTED_EPS":-0.207595948,"OPERATE_INCOME":569921445.59,"OPERATE_INCOME_YOY":-11.9623186686,"GROSS_PROFIT":-10799634.3,"GROSS_PROFIT_YOY":-161.431243891935,"HOLDER_PROFIT":-455079081.31,"HOLDER_PROFIT_YOY":-107.2632221318,"GROSS_PROFIT_RATIO":-1.894933834051,"EPS_TTM":-0.206992878958,"OPERATE_INCOME_QOQ":11.609240522028,"NET_PROFIT_RATIO":-79.5938039269,"ROE_AVG":-32.086828228307,"GROSS_PROFIT_QOQ":56.460285053789,"ROA":-21.973226851475,"HOLDER_PROFIT_QOQ":-8.153594819989,"ROE_YEARLY":-32.086828228307,"ROIC_YEARLY":-28.504391312157,"TOTAL_ASSETS":1834646162.58,"TOTAL_LIABILITIES":665948863.86,"TAX_EBT":-1.703734115739,"OCF_SALES":-32.556499278232,"TOTAL_PARENT_EQUITY":1156081646.51,"DEBT_ASSET_RATIO":36.2984905451,"OPERATE_PROFIT":-446044548.53,"PRETAX_PROFIT":-446023110.05,"NETCASH_OPERATE":-185546471.32,"NETCASH_INVEST":-58151877,"NETCASH_FINANCE":147684329.1,"END_CASH":171341691.78,"DIVI_RATIO":-0.175121000212,"DIVIDEND_RATE":11.111111111111,"CURRENT_RATIO":1.844818133807,"COMMON_ACS":3000000000,"CURRENTDEBT_DEBT":80.0054458779,"ISSUED_COMMON_SHARES":2143351300,"HK_COMMON_SHARES":2143351300,"PER_SHARES":2000,"TOTAL_MARKET_CAP":771606468,"HKSK_MARKET_CAP":771606468,"PE_TTM":2.469654385712,"PB_TTM":0.520808872306,"REPORT_DATE_SQ":"2021-12-31 00:00:00","REPORT_TYPE_SQ":"2021年年报","OPERATE_INCOME_SQ":592522078.4,"DPS_HKD":0.04,"OPERATE_INCOME_QOQ_SQ":-29.260612237387,"NET_PROFIT_RATIO_SQ":-33.8787016582,"HOLDER_PROFIT_SQ":-200966080,"HOLDER_PROFIT_QOQ_SQ":-324.553016174846,"ROE_AVG_SQ":-12.248190800702,"PE_TTM_SQ":-2.416878053606,"PB_TTM_SQ":0.464962228804,"ROA_SQ":-9.129374151317,"START_DATE":"2022-01-01 00:00:00","FISCAL_YEAR":"12-31","CURRENCY":"HKD","IS_CNY_CODE":0,"DPS_HKD_LY":null,"ORG_TYPE":"一般企业","PREMIUM_INCOME":null,"PREMIUM_INCOME_YOY":null,"NET_INTEREST_INCOME":null,"NET_INTEREST_INCOME_YOY":null,"FEE_COMMISSION_INCOME":null,"FEE_COMMISSION_INCOME_YOY":null,"ACCOUNTS_RECE_TDAYS":5.686223307547,"INVENTORY_TDAYS":2.964241176564,"CURRENT_ASSETS_TDAYS":0.542432062832,"TOTAL_ASSETS_TDAYS":0.27518323135,"PREMIUM_EXPENSE":null,"LOAN_DEPOSIT":null,"LOAN_EQUITY":null,"LOAN_ASSETS":null,"DEPOSIT_EQUITY":null,"DEPOSIT_ASSETS":null,"EQUITY_MULTIPLIER":1.56982151374,"EQUITY_RATIO":0.576039647261},{"SECUCODE":"02000.HK","SECURITY_CODE":"02000","SECURITY_NAME_ABBR":"晨讯科技","ORG_CODE":"10010569","STD_REPORT_DATE":"2022-06-30 00:00:00","REPORT_DATE":"2022-06-30 00:00:00","DATE_TYPE_CODE":"002","REPORT_TYPE":"2022年中报","PER_NETCASH_OPERATE":-0.070114547537,"PER_OI":0.106333571513,"BPS":0.601082875374,"BASIC_EPS":-0.12571293,"DILUTED_EPS":-0.12571293,"OPERATE_INCOME":238032729.41,"OPERATE_INCOME_YOY":-27.6056242782,"GROSS_PROFIT":9435311.27,"GROSS_PROFIT_YOY":-81.791948835449,"HOLDER_PROFIT":-277809326.69,"HOLDER_PROFIT_YOY":-366.0034428346,"GROSS_PROFIT_RATIO":3.963871394235,"EPS_TTM":-0.187966146567,"OPERATE_INCOME_QOQ":-13.819242126995,"NET_PROFIT_RATIO":-116.7428926597,"ROE_AVG":-19.17804741689,"GROSS_PROFIT_QOQ":-241.092434729596,"ROA":-13.539697951254,"HOLDER_PROFIT_QOQ":-109.37419383908,"ROE_YEARLY":-38.35609483378,"ROIC_YEARLY":-36.015391723692,"TOTAL_ASSETS":1894516945.23,"TOTAL_LIABILITIES":595578261.32,"TAX_EBT":-5.726194272179,"OCF_SALES":-65.938298262191,"TOTAL_PARENT_EQUITY":1288331762.34,"DEBT_ASSET_RATIO":31.4369455929,"OPERATE_PROFIT":-262564709.75,"PRETAX_PROFIT":-262835804.98,"NETCASH_OPERATE":-156954731.08,"NETCASH_INVEST":68846215.76,"NETCASH_FINANCE":60892948.76,"END_CASH":245185538.57,"DIVI_RATIO":-0.192847492285,"DIVIDEND_RATE":11.111111111111,"CURRENT_RATIO":1.950765690781,"COMMON_ACS":3000000000,"CURRENTDEBT_DEBT":78.753151797458,"ISSUED_COMMON_SHARES":2143351300,"HK_COMMON_SHARES":2143351300,"PER_SHARES":2000,"TOTAL_MARKET_CAP":771606468,"HKSK_MARKET_CAP":771606468,"PE_TTM":2.469654385712,"PB_TTM":0.520808872306,"REPORT_DATE_SQ":"2021-06-30 00:00:00","REPORT_TYPE_SQ":"2021年中报","OPERATE_INCOME_SQ":319914790.08,"DPS_HKD":0.04,"OPERATE_INCOME_QOQ_SQ":6.062017244872,"NET_PROFIT_RATIO_SQ":-18.0778514134,"HOLDER_PROFIT_SQ":-58004296.8,"HOLDER_PROFIT_QOQ_SQ":-46.759074348915,"ROE_AVG_SQ":-3.321996323931,"PE_TTM_SQ":-2.416878053606,"PB_TTM_SQ":0.464962228804,"ROA_SQ":-2.540879233151,"START_DATE":"2022-01-01 00:00:00","FISCAL_YEAR":"12-31","CURRENCY":"HKD","IS_CNY_CODE":0,"DPS_HKD_LY":null,"ORG_TYPE":"一般企业","PREMIUM_INCOME":null,"PREMIUM_INCOME_YOY":null,"NET_INTEREST_INCOME":null,"NET_INTEREST_INCOME_YOY":null,"FEE_COMMISSION_INCOME":null,"FEE_COMMISSION_INCOME_YOY":null,"ACCOUNTS_RECE_TDAYS":2.495016045465,"INVENTORY_TDAYS":0.992024642334,"CURRENT_ASSETS_TDAYS":0.239741256979,"TOTAL_ASSETS_TDAYS":0.116010909249,"PREMIUM_EXPENSE":null,"LOAN_DEPOSIT":null,"LOAN_EQUITY":null,"LOAN_ASSETS":null,"DEPOSIT_EQUITY":null,"DEPOSIT_ASSETS":null,"EQUITY_MULTIPLIER":1.458511451462,"EQUITY_RATIO":0.46228640691},{"SECUCODE":"02000.HK","SECURITY_CODE":"02000","SECURITY_NAME_ABBR":"晨讯科技","ORG_CODE":"10010569","STD_REPORT_DATE":"2021-12-31 00:00:00","REPORT_DATE":"2021-12-31 00:00:00","DATE_TYPE_CODE":"001","REPORT_TYPE":"2021年年报","PER_NETCASH_OPERATE":-0.029184715893,"PER_OI":0.259903490749,"BPS":0.717619941817,"BASIC_EPS":-0.0866656,"DILUTED_EPS":-0.0866656,"OPERATE_INCOME":592522078.4,"OPERATE_INCOME_YOY":2.0292976862,"GROSS_PROFIT":17580035.2,"GROSS_PROFIT_YOY":-81.236901003053,"HOLDER_PROFIT":-200966080,"HOLDER_PROFIT_YOY":-541.3902878167,"GROSS_PROFIT_RATIO":2.966983989436,"EPS_TTM":-0.088151627793,"OPERATE_INCOME_QOQ":-29.260612237387,"NET_PROFIT_RATIO":-33.8787016582,"ROE_AVG":-12.248190800702,"GROSS_PROFIT_QOQ":-84.19529325304,"ROA":-9.129374151317,"HOLDER_PROFIT_QOQ":-324.553016174846,"ROE_YEARLY":-12.248190800702,"ROIC_YEARLY":-13.174736237278,"TOTAL_ASSETS":2112007968,"TOTAL_LIABILITIES":563323947.2,"TAX_EBT":2.799417681531,"OCF_SALES":-11.229058836029,"TOTAL_PARENT_EQUITY":1538111635.2,"DEBT_ASSET_RATIO":26.672434751,"OPERATE_PROFIT":-207902598.4,"PRETAX_PROFIT":-198250830.4,"NETCASH_OPERATE":-66534652.8,"NETCASH_INVEST":-161064747.2,"NETCASH_FINANCE":-47543440,"END_CASH":263519838.4,"DIVI_RATIO":-0.411209649868,"DIVIDEND_RATE":11.111111111111,"CURRENT_RATIO":2.580352653142,"COMMON_ACS":3000000000,"CURRENTDEBT_DEBT":70.426431464869,"ISSUED_COMMON_SHARES":2143351300,"HK_COMMON_SHARES":2143351300,"PER_SHARES":2000,"TOTAL_MARKET_CAP":771606468,"HKSK_MARKET_CAP":771606468,"PE_TTM":2.469654385712,"PB_TTM":0.520808872306,"REPORT_DATE_SQ":"2020-12-31 00:00:00","REPORT_TYPE_SQ":"2020年年报","OPERATE_INCOME_SQ":597812683.8,"DPS_HKD":0.04,"OPERATE_INCOME_QOQ_SQ":-27.371965180765,"NET_PROFIT_RATIO_SQ":-5.029451165,"HOLDER_PROFIT_SQ":-32254169.72,"HOLDER_PROFIT_QOQ_SQ":-6.733691789737,"ROE_AVG_SQ":-1.814216864789,"PE_TTM_SQ":-2.416878053606,"PB_TTM_SQ":0.464962228804,"ROA_SQ":-1.352123270683,"START_DATE":"2021-01-01 00:00:00","FISCAL_YEAR":"12-31","CURRENCY":"HKD","IS_CNY_CODE":0,"DPS_HKD_LY":null,"ORG_TYPE":"一般企业","PREMIUM_INCOME":null,"PREMIUM_INCOME_YOY":null,"NET_INTEREST_INCOME":null,"NET_INTEREST_INCOME_YOY":null,"FEE_COMMISSION_INCOME":null,"FEE_COMMISSION_INCOME_YOY":null,"ACCOUNTS_RECE_TDAYS":5.481333292995,"INVENTORY_TDAYS":3.028871334551,"CURRENT_ASSETS_TDAYS":0.507666388797,"TOTAL_ASSETS_TDAYS":0.269167600156,"PREMIUM_EXPENSE":null,"LOAN_DEPOSIT":null,"LOAN_EQUITY":null,"LOAN_ASSETS":null,"DEPOSIT_EQUITY":null,"DEPOSIT_ASSETS":null,"EQUITY_MULTIPLIER":1.36374362984,"EQUITY_RATIO":0.366243863129},{"SECUCODE":"02000.HK","SECURITY_CODE":"02000","SECURITY_NAME_ABBR":"晨讯科技","ORG_CODE":"10010569","STD_REPORT_DATE":"2021-06-30 00:00:00","REPORT_DATE":"2021-06-30 00:00:00","DATE_TYPE_CODE":"002","REPORT_TYPE":"2021年中报","PER_NETCASH_OPERATE":-0.028471862695,"PER_OI":0.135410842043,"BPS":0.80145791395,"BASIC_EPS":-0.0249624,"DILUTED_EPS":-0.0249624,"OPERATE_INCOME":319914790.08,"OPERATE_INCOME_YOY":29.096769861,"GROSS_PROFIT":51819446.16,"GROSS_PROFIT_YOY":29.974556057452,"HOLDER_PROFIT":-58004296.8,"HOLDER_PROFIT_YOY":-48.3507129176,"GROSS_PROFIT_RATIO":16.197890115378,"EPS_TTM":-0.020035950539,"OPERATE_INCOME_QOQ":6.062017244872,"NET_PROFIT_RATIO":-18.0778514134,"ROE_AVG":-3.321996323931,"GROSS_PROFIT_QOQ":12.036909834203,"ROA":-2.540879233151,"HOLDER_PROFIT_QOQ":-46.759074348915,"ROE_YEARLY":-6.643992647861,"ROIC_YEARLY":-7.648347187345,"TOTAL_ASSETS":2234501747.28,"TOTAL_LIABILITIES":502721101.92,"TAX_EBT":6.047390380225,"OCF_SALES":-21.026279923844,"TOTAL_PARENT_EQUITY":1717805861.76,"DEBT_ASSET_RATIO":22.4981297299,"OPERATE_PROFIT":-59462933.04,"PRETAX_PROFIT":-52849561.2,"NETCASH_OPERATE":-67266179.28,"NETCASH_INVEST":-184447173.6,"NETCASH_FINANCE":13502994.24,"END_CASH":319508735.04,"DIVI_RATIO":-1.809187935956,"DIVIDEND_RATE":11.111111111111,"CURRENT_RATIO":3.599289182434,"COMMON_ACS":3000000000,"CURRENTDEBT_DEBT":65.757381151787,"ISSUED_COMMON_SHARES":2143351300,"HK_COMMON_SHARES":2143351300,"PER_SHARES":2000,"TOTAL_MARKET_CAP":771606468,"HKSK_MARKET_CAP":771606468,"PE_TTM":2.469654385712,"PB_TTM":0.520808872306,"REPORT_DATE_SQ":"2020-06-30 00:00:00","REPORT_TYPE_SQ":"2020年中报","OPERATE_INCOME_SQ":272040700.8,"DPS_HKD":0.04,"OPERATE_INCOME_QOQ_SQ":-5.27657387167,"NET_PROFIT_RATIO_SQ":-9.9349375433,"HOLDER_PROFIT_SQ":-42922545.6,"HOLDER_PROFIT_QOQ_SQ":56.152778224652,"ROE_AVG_SQ":-2.291214370434,"PE_TTM_SQ":-2.416878053606,"PB_TTM_SQ":0.464962228804,"ROA_SQ":-1.669665894489,"START_DATE":"2021-01-01 00:00:00","FISCAL_YEAR":"12-31","CURRENCY":"HKD","IS_CNY_CODE":0,"DPS_HKD_LY":null,"ORG_TYPE":"一般企业","PREMIUM_INCOME":null,"PREMIUM_INCOME_YOY":null,"NET_INTEREST_INCOME":null,"NET_INTEREST_INCOME_YOY":null,"FEE_COMMISSION_INCOME":null,"FEE_COMMISSION_INCOME_YOY":null,"ACCOUNTS_RECE_TDAYS":2.740560691705,"INVENTORY_TDAYS":1.428601832536,"CURRENT_ASSETS_TDAYS":0.253533702304,"TOTAL_ASSETS_TDAYS":0.1401387296,"PREMIUM_EXPENSE":null,"LOAN_DEPOSIT":null,"LOAN_EQUITY":null,"LOAN_ASSETS":null,"DEPOSIT_EQUITY":null,"DEPOSIT_ASSETS":null,"EQUITY_MULTIPLIER":1.290291442664,"EQUITY_RATIO":0.292653036709},{"SECUCODE":"02000.HK","SECURITY_CODE":"02000","SECURITY_NAME_ABBR":"晨讯科技","ORG_CODE":"10010569","STD_REPORT_DATE":"2020-12-31 00:00:00","REPORT_DATE":"2020-12-31 00:00:00","DATE_TYPE_CODE":"001","REPORT_TYPE":"2020年年报","PER_NETCASH_OPERATE":0.065995751364,"PER_OI":0.253037446843,"BPS":0.837340486032,"BASIC_EPS":-0.013550404,"DILUTED_EPS":-0.013550404,"OPERATE_INCOME":597812683.8,"OPERATE_INCOME_YOY":-18.7603136921,"GROSS_PROFIT":93694731.36,"GROSS_PROFIT_YOY":-14.622729036674,"HOLDER_PROFIT":-32254169.72,"HOLDER_PROFIT_YOY":50.1897631859,"GROSS_PROFIT_RATIO":12.571549758988,"EPS_TTM":-0.013652291056,"OPERATE_INCOME_QOQ":-27.371965180765,"NET_PROFIT_RATIO":-5.029451165,"ROE_AVG":-1.814216864789,"GROSS_PROFIT_QOQ":-34.660201152448,"ROA":-1.352123270683,"HOLDER_PROFIT_QOQ":-6.733691789737,"ROE_YEARLY":-1.814216864789,"ROIC_YEARLY":-2.029214267881,"TOTAL_ASSETS":2357968923.04,"TOTAL_LIABILITIES":550239824.44,"TAX_EBT":20.096866261135,"OCF_SALES":19.742991027706,"TOTAL_PARENT_EQUITY":1794714819.28,"DEBT_ASSET_RATIO":23.3353297859,"OPERATE_PROFIT":-25279499.04,"PRETAX_PROFIT":-29193966.68,"NETCASH_OPERATE":157925329.6,"NETCASH_INVEST":-36260376.12,"NETCASH_FINANCE":-66322915.28,"END_CASH":562160813.4,"DIVI_RATIO":-2.655144096496,"DIVIDEND_RATE":11.111111111111,"CURRENT_RATIO":3.577130181938,"COMMON_ACS":3000000000,"CURRENTDEBT_DEBT":68.543725555279,"ISSUED_COMMON_SHARES":2143351300,"HK_COMMON_SHARES":2143351300,"PER_SHARES":2000,"TOTAL_MARKET_CAP":771606468,"HKSK_MARKET_CAP":771606468,"PE_TTM":2.469654385712,"PB_TTM":0.520808872306,"REPORT_DATE_SQ":"2019-12-31 00:00:00","REPORT_TYPE_SQ":"2019年年报","OPERATE_INCOME_SQ":1034642024.04,"DPS_HKD":0.04,"OPERATE_INCOME_QOQ_SQ":-3.7111301761,"NET_PROFIT_RATIO_SQ":-5.8416471258,"HOLDER_PROFIT_SQ":-68919521.64,"HOLDER_PROFIT_QOQ_SQ":54.46025628271,"ROE_AVG_SQ":-3.619440769163,"PE_TTM_SQ":-2.416878053606,"PB_TTM_SQ":0.464962228804,"ROA_SQ":-2.635340894864,"START_DATE":"2020-01-01 00:00:00","FISCAL_YEAR":"12-31","CURRENCY":"HKD","IS_CNY_CODE":0,"DPS_HKD_LY":null,"ORG_TYPE":"一般企业","PREMIUM_INCOME":null,"PREMIUM_INCOME_YOY":null,"NET_INTEREST_INCOME":null,"NET_INTEREST_INCOME_YOY":null,"FEE_COMMISSION_INCOME":null,"FEE_COMMISSION_INCOME_YOY":null,"ACCOUNTS_RECE_TDAYS":3.324658486411,"INVENTORY_TDAYS":3.488368137499,"CURRENT_ASSETS_TDAYS":0.558704978956,"TOTAL_ASSETS_TDAYS":0.331065387613,"PREMIUM_EXPENSE":null,"LOAN_DEPOSIT":null,"LOAN_EQUITY":null,"LOAN_ASSETS":null,"DEPOSIT_EQUITY":null,"DEPOSIT_ASSETS":null,"EQUITY_MULTIPLIER":1.304381793083,"EQUITY_RATIO":0.306589001511},{"SECUCODE":"02000.HK","SECURITY_CODE":"02000","SECURITY_NAME_ABBR":"晨讯科技","ORG_CODE":"10010569","STD_REPORT_DATE":"2020-06-30 00:00:00","REPORT_DATE":"2020-06-30 00:00:00","DATE_TYPE_CODE":"002","REPORT_TYPE":"2020年中报","PER_NETCASH_OPERATE":0.016038494189,"PER_OI":0.115023583199,"BPS":0.856359442412,"BASIC_EPS":-0.01735536,"DILUTED_EPS":-0.01735536,"OPERATE_INCOME":272040700.8,"OPERATE_INCOME_YOY":-16.5200695313,"GROSS_PROFIT":39868915.68,"GROSS_PROFIT_YOY":-14.969237183137,"HOLDER_PROFIT":-42922545.6,"HOLDER_PROFIT_YOY":49.3582213409,"GROSS_PROFIT_RATIO":14.157627640774,"EPS_TTM":-0.012777248551,"OPERATE_INCOME_QOQ":-5.27657387167,"NET_PROFIT_RATIO":-9.9349375433,"ROE_AVG":-2.291214370434,"GROSS_PROFIT_QOQ":6.255471442732,"ROA":-1.669665894489,"HOLDER_PROFIT_QOQ":56.152778224652,"ROE_YEARLY":-4.582428740868,"ROIC_YEARLY":-4.952289814871,"TOTAL_ASSETS":2522684699.04,"TOTAL_LIABILITIES":666982926.72,"TAX_EBT":6.182744174584,"OCF_SALES":9.618542684353,"TOTAL_PARENT_EQUITY":1835479124.16,"DEBT_ASSET_RATIO":26.4394090539,"OPERATE_PROFIT":-31887276.96,"PRETAX_PROFIT":-33359742.24,"NETCASH_OPERATE":37932422.88,"NETCASH_INVEST":-49988917.44,"NETCASH_FINANCE":-34981098.24,"END_CASH":512493732.96,"DIVI_RATIO":-2.836980109991,"DIVIDEND_RATE":11.111111111111,"CURRENT_RATIO":2.987321787644,"COMMON_ACS":3000000000,"CURRENTDEBT_DEBT":77.029614291114,"ISSUED_COMMON_SHARES":2143351300,"HK_COMMON_SHARES":2143351300,"PER_SHARES":2000,"TOTAL_MARKET_CAP":771606468,"HKSK_MARKET_CAP":771606468,"PE_TTM":2.469654385712,"PB_TTM":0.520808872306,"REPORT_DATE_SQ":"2019-06-30 00:00:00","REPORT_TYPE_SQ":"2019年中报","OPERATE_INCOME_SQ":454939919.82,"DPS_HKD":0.04,"OPERATE_INCOME_QOQ_SQ":-41.154765615907,"NET_PROFIT_RATIO_SQ":-17.3689085168,"HOLDER_PROFIT_SQ":-81622771.74,"HOLDER_PROFIT_QOQ_SQ":-172.568737842665,"ROE_AVG_SQ":-4.413304551498,"PE_TTM_SQ":-2.416878053606,"PB_TTM_SQ":0.464962228804,"ROA_SQ":-3.1750882064,"START_DATE":"2020-01-01 00:00:00","FISCAL_YEAR":"12-31","CURRENCY":"HKD","IS_CNY_CODE":0,"DPS_HKD_LY":null,"ORG_TYPE":"一般企业","PREMIUM_INCOME":null,"PREMIUM_INCOME_YOY":null,"NET_INTEREST_INCOME":null,"NET_INTEREST_INCOME_YOY":null,"FEE_COMMISSION_INCOME":null,"FEE_COMMISSION_INCOME_YOY":null,"ACCOUNTS_RECE_TDAYS":1.176930858967,"INVENTORY_TDAYS":1.340185868229,"CURRENT_ASSETS_TDAYS":0.251286512046,"TOTAL_ASSETS_TDAYS":0.153407083129,"PREMIUM_EXPENSE":null,"LOAN_DEPOSIT":null,"LOAN_EQUITY":null,"LOAN_ASSETS":null,"DEPOSIT_EQUITY":null,"DEPOSIT_ASSETS":null,"EQUITY_MULTIPLIER":1.359423554295,"EQUITY_RATIO":0.363383553613}],"count":42},"success":true,"message":"ok","code":0}