{"version":"b45674e6ba942a5fe9c063233187bd0d","result":{"pages":5,"data":[{"SECUCODE":"02005.HK","SECURITY_CODE":"02005","SECURITY_NAME_ABBR":"石四药集团","ORG_CODE":"10010845","STD_REPORT_DATE":"2024-06-30 00:00:00","REPORT_DATE":"2024-06-30 00:00:00","DATE_TYPE_CODE":"002","REPORT_TYPE":"2024年中报","PER_NETCASH_OPERATE":0.099264565055,"PER_OI":1.02638542162,"BPS":2.240729087051,"BASIC_EPS":0.211011616,"DILUTED_EPS":0.21037274,"OPERATE_INCOME":3047382846.52,"OPERATE_INCOME_YOY":0.1734691765,"GROSS_PROFIT":1682484509.4,"GROSS_PROFIT_YOY":-6.164846094524,"HOLDER_PROFIT":625858445.16,"HOLDER_PROFIT_YOY":7.3794532196,"GROSS_PROFIT_RATIO":55.210801994286,"EPS_TTM":0.414957919822,"OPERATE_INCOME_QOQ":-0.439160804128,"NET_PROFIT_RATIO":20.8984351017,"ROE_AVG":9.66867573079,"GROSS_PROFIT_QOQ":-3.369836585668,"ROA":5.594424021815,"HOLDER_PROFIT_QOQ":3.10236271782,"ROE_YEARLY":19.33735146158,"ROIC_YEARLY":13.262782823447,"TOTAL_ASSETS":11452930175.08,"TOTAL_LIABILITIES":4544167094.36,"TAX_EBT":15.28135096054,"OCF_SALES":9.671275815461,"TOTAL_PARENT_EQUITY":6618919642.4,"DEBT_ASSET_RATIO":39.6768951255,"OPERATE_PROFIT":775123608.44,"PRETAX_PROFIT":751729794.68,"NETCASH_OPERATE":294720800.24,"NETCASH_INVEST":-262853665.36,"NETCASH_FINANCE":-62986784.84,"END_CASH":1427919803.8,"DIVI_RATIO":0.394344564071,"DIVIDEND_RATE":5.538461538462,"CURRENT_RATIO":2.629274086544,"COMMON_ACS":10000000000,"CURRENTDEBT_DEBT":40.279501989083,"ISSUED_COMMON_SHARES":2953913385,"HK_COMMON_SHARES":2953913385,"PER_SHARES":2000,"TOTAL_MARKET_CAP":9600218501.25,"HKSK_MARKET_CAP":9600218501.25,"PE_TTM":7.02930604847,"PB_TTM":1.323770025186,"REPORT_DATE_SQ":"2023-06-30 00:00:00","REPORT_TYPE_SQ":"2023年中报","OPERATE_INCOME_SQ":3073104090.86,"DPS_HKD":0.18,"OPERATE_INCOME_QOQ_SQ":2.811720521631,"NET_PROFIT_RATIO_SQ":19.486180819,"HOLDER_PROFIT_SQ":588786569.78,"HOLDER_PROFIT_QOQ_SQ":10.097778839347,"ROE_AVG_SQ":10.165555945729,"PE_TTM_SQ":10.815624320878,"PB_TTM_SQ":2.029040396563,"ROA_SQ":5.727850782101,"START_DATE":"2024-01-01 00:00:00","FISCAL_YEAR":"12-31","CURRENCY":"HKD","IS_CNY_CODE":0,"DPS_HKD_LY":0.18,"ORG_TYPE":"一般企业","PREMIUM_INCOME":null,"PREMIUM_INCOME_YOY":null,"NET_INTEREST_INCOME":null,"NET_INTEREST_INCOME_YOY":null,"FEE_COMMISSION_INCOME":null,"FEE_COMMISSION_INCOME_YOY":null,"ACCOUNTS_RECE_TDAYS":1.517991413804,"INVENTORY_TDAYS":1.341716572239,"CURRENT_ASSETS_TDAYS":0.642283246123,"TOTAL_ASSETS_TDAYS":0.272399484773,"PREMIUM_EXPENSE":null,"LOAN_DEPOSIT":null,"LOAN_EQUITY":null,"LOAN_ASSETS":null,"DEPOSIT_EQUITY":null,"DEPOSIT_ASSETS":null,"EQUITY_MULTIPLIER":1.65773960422,"EQUITY_RATIO":0.686542115612},{"SECUCODE":"02005.HK","SECURITY_CODE":"02005","SECURITY_NAME_ABBR":"石四药集团","ORG_CODE":"10010845","STD_REPORT_DATE":"2023-12-31 00:00:00","REPORT_DATE":"2023-12-31 00:00:00","DATE_TYPE_CODE":"001","REPORT_TYPE":"2023年年报","PER_NETCASH_OPERATE":0.282559173968,"PER_OI":1.972658279623,"BPS":2.126806084898,"BASIC_EPS":0.402452302,"DILUTED_EPS":0.401092972,"OPERATE_INCOME":5856908015.98,"OPERATE_INCOME_YOY":0.450480065,"GROSS_PROFIT":3280189254.58,"GROSS_PROFIT_YOY":2.929935806044,"HOLDER_PROFIT":1194956191.52,"HOLDER_PROFIT_YOY":17.4361015891,"GROSS_PROFIT_RATIO":56.005476705974,"EPS_TTM":0.402471785208,"OPERATE_INCOME_QOQ":-0.880230448449,"NET_PROFIT_RATIO":20.5676334351,"ROE_AVG":20.060893947985,"GROSS_PROFIT_QOQ":-1.236107500377,"ROA":11.499801507427,"HOLDER_PROFIT_QOQ":8.211635896515,"ROE_YEARLY":20.060893947985,"ROIC_YEARLY":13.893542052136,"TOTAL_ASSETS":10844133009.92,"TOTAL_LIABILITIES":4257098945.68,"TAX_EBT":16.05746260504,"OCF_SALES":14.323777051835,"TOTAL_PARENT_EQUITY":6282400961.48,"DEBT_ASSET_RATIO":39.2571627606,"OPERATE_PROFIT":1485204864.22,"PRETAX_PROFIT":1435061899.18,"NETCASH_OPERATE":838930446.34,"NETCASH_INVEST":-580156606.68,"NETCASH_FINANCE":-276008331.62,"END_CASH":1463733793.76,"DIVI_RATIO":0.406578562807,"DIVIDEND_RATE":5.487804878049,"CURRENT_RATIO":2.032218494194,"COMMON_ACS":10000000000,"CURRENTDEBT_DEBT":53.674565377879,"ISSUED_COMMON_SHARES":2953913385,"HK_COMMON_SHARES":2953913385,"PER_SHARES":2000,"TOTAL_MARKET_CAP":9688835902.8,"HKSK_MARKET_CAP":9688835902.8,"PE_TTM":7.094191950456,"PB_TTM":1.335989440803,"REPORT_DATE_SQ":"2022-12-31 00:00:00","REPORT_TYPE_SQ":"2022年年报","OPERATE_INCOME_SQ":5747321511.75,"DPS_HKD":0.18,"OPERATE_INCOME_QOQ_SQ":9.293794567902,"NET_PROFIT_RATIO_SQ":18.4884267624,"HOLDER_PROFIT_SQ":1002996606.99,"HOLDER_PROFIT_QOQ_SQ":11.396294949157,"ROE_AVG_SQ":18.062985588616,"PE_TTM_SQ":10.416891627021,"PB_TTM_SQ":1.954237063971,"ROA_SQ":10.360553464895,"START_DATE":"2023-01-01 00:00:00","FISCAL_YEAR":"12-31","CURRENCY":"HKD","IS_CNY_CODE":0,"DPS_HKD_LY":0.15,"ORG_TYPE":"一般企业","PREMIUM_INCOME":null,"PREMIUM_INCOME_YOY":null,"NET_INTEREST_INCOME":null,"NET_INTEREST_INCOME_YOY":null,"FEE_COMMISSION_INCOME":null,"FEE_COMMISSION_INCOME_YOY":null,"ACCOUNTS_RECE_TDAYS":3.013247453802,"INVENTORY_TDAYS":2.997852328331,"CURRENT_ASSETS_TDAYS":1.291495117834,"TOTAL_ASSETS_TDAYS":0.563646434145,"PREMIUM_EXPENSE":null,"LOAN_DEPOSIT":null,"LOAN_EQUITY":null,"LOAN_ASSETS":null,"DEPOSIT_EQUITY":null,"DEPOSIT_ASSETS":null,"EQUITY_MULTIPLIER":1.646284641033,"EQUITY_RATIO":0.677622929797},{"SECUCODE":"02005.HK","SECURITY_CODE":"02005","SECURITY_NAME_ABBR":"石四药集团","ORG_CODE":"10010845","STD_REPORT_DATE":"2023-06-30 00:00:00","REPORT_DATE":"2023-06-30 00:00:00","DATE_TYPE_CODE":"002","REPORT_TYPE":"2023年中报","PER_NETCASH_OPERATE":0.143914008845,"PER_OI":1.034700067474,"BPS":1.982162808663,"BASIC_EPS":0.198133502,"DILUTED_EPS":0.197211522,"OPERATE_INCOME":3073104090.86,"OPERATE_INCOME_YOY":-2.0959238517,"GROSS_PROFIT":1793021526.98,"GROSS_PROFIT_YOY":8.104799058422,"HOLDER_PROFIT":588786569.78,"HOLDER_PROFIT_YOY":12.0260114796,"GROSS_PROFIT_RATIO":58.345616483112,"EPS_TTM":0.371805001808,"OPERATE_INCOME_QOQ":2.811720521631,"NET_PROFIT_RATIO":19.486180819,"ROE_AVG":10.165555945729,"GROSS_PROFIT_QOQ":4.218184602675,"ROA":5.727850782101,"HOLDER_PROFIT_QOQ":10.097778839347,"ROE_YEARLY":20.331111891458,"ROIC_YEARLY":14.052277819925,"TOTAL_ASSETS":10447821119.22,"TOTAL_LIABILITIES":4287586855.76,"TAX_EBT":15.725205300643,"OCF_SALES":13.908765773709,"TOTAL_PARENT_EQUITY":5855137251.76,"DEBT_ASSET_RATIO":41.0380959516,"OPERATE_PROFIT":730654398.32,"PRETAX_PROFIT":710569064.02,"NETCASH_OPERATE":427430849.98,"NETCASH_INVEST":-244675974.38,"NETCASH_FINANCE":-22782125.8,"END_CASH":1649990159.68,"DIVI_RATIO":0.440113498216,"DIVIDEND_RATE":5.487804878049,"CURRENT_RATIO":1.865505751222,"COMMON_ACS":10000000000,"CURRENTDEBT_DEBT":58.17041586853,"ISSUED_COMMON_SHARES":2953913385,"HK_COMMON_SHARES":2953913385,"PER_SHARES":2000,"TOTAL_MARKET_CAP":9688835902.8,"HKSK_MARKET_CAP":9688835902.8,"PE_TTM":7.094191950456,"PB_TTM":1.335989440803,"REPORT_DATE_SQ":"2022-06-30 00:00:00","REPORT_TYPE_SQ":"2022年中报","OPERATE_INCOME_SQ":2911505472.47,"DPS_HKD":0.18,"OPERATE_INCOME_QOQ_SQ":20.067833200465,"NET_PROFIT_RATIO_SQ":17.9607479836,"HOLDER_PROFIT_SQ":487506190.64,"HOLDER_PROFIT_QOQ_SQ":40.19205449901,"ROE_AVG_SQ":9.17318978648,"PE_TTM_SQ":10.416891627021,"PB_TTM_SQ":1.954237063971,"ROA_SQ":5.256320738689,"START_DATE":"2023-01-01 00:00:00","FISCAL_YEAR":"12-31","CURRENCY":"HKD","IS_CNY_CODE":0,"DPS_HKD_LY":0.15,"ORG_TYPE":"一般企业","PREMIUM_INCOME":null,"PREMIUM_INCOME_YOY":null,"NET_INTEREST_INCOME":null,"NET_INTEREST_INCOME_YOY":null,"FEE_COMMISSION_INCOME":null,"FEE_COMMISSION_INCOME_YOY":null,"ACCOUNTS_RECE_TDAYS":1.62451097602,"INVENTORY_TDAYS":1.533100822144,"CURRENT_ASSETS_TDAYS":0.671266427556,"TOTAL_ASSETS_TDAYS":0.298958613762,"PREMIUM_EXPENSE":null,"LOAN_DEPOSIT":null,"LOAN_EQUITY":null,"LOAN_ASSETS":null,"DEPOSIT_EQUITY":null,"DEPOSIT_ASSETS":null,"EQUITY_MULTIPLIER":1.69601035811,"EQUITY_RATIO":0.732277771024},{"SECUCODE":"02005.HK","SECURITY_CODE":"02005","SECURITY_NAME_ABBR":"石四药集团","ORG_CODE":"10010845","STD_REPORT_DATE":"2022-12-31 00:00:00","REPORT_DATE":"2022-12-31 00:00:00","DATE_TYPE_CODE":"001","REPORT_TYPE":"2022年年报","PER_NETCASH_OPERATE":0.220379311555,"PER_OI":1.93259814448,"BPS":1.879006507159,"BASIC_EPS":0.335958847,"DILUTED_EPS":0.335958847,"OPERATE_INCOME":5747321511.75,"OPERATE_INCOME_YOY":20.1103166222,"GROSS_PROFIT":3186817546.22,"GROSS_PROFIT_YOY":22.948533691206,"HOLDER_PROFIT":1002996606.99,"HOLDER_PROFIT_YOY":42.9395073154,"GROSS_PROFIT_RATIO":55.44874320507,"EPS_TTM":0.337268304483,"OPERATE_INCOME_QOQ":9.293794567902,"NET_PROFIT_RATIO":18.4884267624,"ROE_AVG":18.062985588616,"GROSS_PROFIT_QOQ":5.256493623799,"ROA":10.360553464895,"HOLDER_PROFIT_QOQ":11.396294949157,"ROE_YEARLY":18.062985588616,"ROIC_YEARLY":12.658901864049,"TOTAL_ASSETS":9796056174.24,"TOTAL_LIABILITIES":3948867969.76,"TAX_EBT":14.980645419511,"OCF_SALES":11.403266229149,"TOTAL_PARENT_EQUITY":5550422472,"DEBT_ASSET_RATIO":40.310793441,"OPERATE_PROFIT":1271760111.51,"PRETAX_PROFIT":1249820507.04,"NETCASH_OPERATE":655382373.03,"NETCASH_INVEST":-359741267.48,"NETCASH_FINANCE":-170173294.62,"END_CASH":1489569708.69,"DIVI_RATIO":0.48518167235,"DIVIDEND_RATE":5.487804878049,"CURRENT_RATIO":1.823995494954,"COMMON_ACS":10000000000,"CURRENTDEBT_DEBT":60.576227048821,"ISSUED_COMMON_SHARES":2953913385,"HK_COMMON_SHARES":2953913385,"PER_SHARES":2000,"TOTAL_MARKET_CAP":9688835902.8,"HKSK_MARKET_CAP":9688835902.8,"PE_TTM":7.094191950456,"PB_TTM":1.335989440803,"REPORT_DATE_SQ":"2021-12-31 00:00:00","REPORT_TYPE_SQ":"2021年年报","OPERATE_INCOME_SQ":4379689428.8,"DPS_HKD":0.18,"OPERATE_INCOME_QOQ_SQ":9.760382518725,"NET_PROFIT_RATIO_SQ":14.7158461183,"HOLDER_PROFIT_SQ":642251780.8,"HOLDER_PROFIT_QOQ_SQ":23.800501691451,"ROE_AVG_SQ":13.234600007969,"PE_TTM_SQ":10.416891627021,"PB_TTM_SQ":1.954237063971,"ROA_SQ":7.870115191905,"START_DATE":"2022-01-01 00:00:00","FISCAL_YEAR":"12-31","CURRENCY":"HKD","IS_CNY_CODE":0,"DPS_HKD_LY":0.13,"ORG_TYPE":"一般企业","PREMIUM_INCOME":null,"PREMIUM_INCOME_YOY":null,"NET_INTEREST_INCOME":null,"NET_INTEREST_INCOME_YOY":null,"FEE_COMMISSION_INCOME":null,"FEE_COMMISSION_INCOME_YOY":null,"ACCOUNTS_RECE_TDAYS":3.11076359183,"INVENTORY_TDAYS":3.49958367925,"CURRENT_ASSETS_TDAYS":1.317317767997,"TOTAL_ASSETS_TDAYS":0.593675306451,"PREMIUM_EXPENSE":null,"LOAN_DEPOSIT":null,"LOAN_EQUITY":null,"LOAN_ASSETS":null,"DEPOSIT_EQUITY":null,"DEPOSIT_ASSETS":null,"EQUITY_MULTIPLIER":1.675344769429,"EQUITY_RATIO":0.711453585683},{"SECUCODE":"02005.HK","SECURITY_CODE":"02005","SECURITY_NAME_ABBR":"石四药集团","ORG_CODE":"10010845","STD_REPORT_DATE":"2022-06-30 00:00:00","REPORT_DATE":"2022-06-30 00:00:00","DATE_TYPE_CODE":"002","REPORT_TYPE":"2022年中报","PER_NETCASH_OPERATE":0.055370072993,"PER_OI":0.974806770691,"BPS":1.797827110906,"BASIC_EPS":0.162999214,"DILUTED_EPS":0.162999214,"OPERATE_INCOME":2911505472.47,"OPERATE_INCOME_YOY":39.3698598733,"GROSS_PROFIT":1658595679.93,"GROSS_PROFIT_YOY":35.625802166032,"HOLDER_PROFIT":487506190.64,"HOLDER_PROFIT_YOY":106.7960284552,"GROSS_PROFIT_RATIO":56.966943583414,"EPS_TTM":0.301459964523,"OPERATE_INCOME_QOQ":20.067833200465,"NET_PROFIT_RATIO":17.9607479836,"ROE_AVG":9.17318978648,"GROSS_PROFIT_QOQ":16.808502219959,"ROA":5.256320738689,"HOLDER_PROFIT_QOQ":40.19205449901,"ROE_YEARLY":18.346379572959,"ROIC_YEARLY":12.803319012993,"TOTAL_ASSETS":9391341676.15,"TOTAL_LIABILITIES":3807168194.41,"TAX_EBT":18.384878119749,"OCF_SALES":5.680107551359,"TOTAL_PARENT_EQUITY":5310625566.82,"DEBT_ASSET_RATIO":40.5391298251,"OPERATE_PROFIT":646799866.37,"PRETAX_PROFIT":640724596.61,"NETCASH_OPERATE":165376642.2,"NETCASH_INVEST":-210326283.79,"NETCASH_FINANCE":70134987.09,"END_CASH":1389875312.56,"DIVI_RATIO":0.542813040727,"DIVIDEND_RATE":5.487804878049,"CURRENT_RATIO":1.595241433328,"COMMON_ACS":10000000000,"CURRENTDEBT_DEBT":72.098429435566,"ISSUED_COMMON_SHARES":2953913385,"HK_COMMON_SHARES":2953913385,"PER_SHARES":2000,"TOTAL_MARKET_CAP":9688835902.8,"HKSK_MARKET_CAP":9688835902.8,"PE_TTM":7.094191950456,"PB_TTM":1.335989440803,"REPORT_DATE_SQ":"2021-06-30 00:00:00","REPORT_TYPE_SQ":"2021年中报","OPERATE_INCOME_SQ":2032596703.2,"DPS_HKD":0.18,"OPERATE_INCOME_QOQ_SQ":11.267978400307,"NET_PROFIT_RATIO_SQ":11.3816987952,"HOLDER_PROFIT_SQ":229372004.88,"HOLDER_PROFIT_QOQ_SQ":0.722315795302,"ROE_AVG_SQ":4.796698736186,"PE_TTM_SQ":10.416891627021,"PB_TTM_SQ":1.954237063971,"ROA_SQ":2.929730095104,"START_DATE":"2022-01-01 00:00:00","FISCAL_YEAR":"12-31","CURRENCY":"HKD","IS_CNY_CODE":0,"DPS_HKD_LY":0.13,"ORG_TYPE":"一般企业","PREMIUM_INCOME":null,"PREMIUM_INCOME_YOY":null,"NET_INTEREST_INCOME":null,"NET_INTEREST_INCOME_YOY":null,"FEE_COMMISSION_INCOME":null,"FEE_COMMISSION_INCOME_YOY":null,"ACCOUNTS_RECE_TDAYS":1.569657341584,"INVENTORY_TDAYS":1.749730535722,"CURRENT_ASSETS_TDAYS":0.680618373767,"TOTAL_ASSETS_TDAYS":0.313920251467,"PREMIUM_EXPENSE":null,"LOAN_DEPOSIT":null,"LOAN_EQUITY":null,"LOAN_ASSETS":null,"DEPOSIT_EQUITY":null,"DEPOSIT_ASSETS":null,"EQUITY_MULTIPLIER":1.681778280504,"EQUITY_RATIO":0.716896370589},{"SECUCODE":"02005.HK","SECURITY_CODE":"02005","SECURITY_NAME_ABBR":"石四药集团","ORG_CODE":"10010845","STD_REPORT_DATE":"2021-12-31 00:00:00","REPORT_DATE":"2021-12-31 00:00:00","DATE_TYPE_CODE":"001","REPORT_TYPE":"2021年年报","PER_NETCASH_OPERATE":0.189790713861,"PER_OI":1.461509307812,"BPS":1.721290277034,"BASIC_EPS":0.21249424,"DILUTED_EPS":0.21184016,"OPERATE_INCOME":4379689428.8,"OPERATE_INCOME_YOY":25.7191089766,"GROSS_PROFIT":2591993129.6,"GROSS_PROFIT_YOY":13.710005888698,"HOLDER_PROFIT":642251780.8,"HOLDER_PROFIT_YOY":28.3611478322,"GROSS_PROFIT_RATIO":59.182121740312,"EPS_TTM":0.214320437752,"OPERATE_INCOME_QOQ":9.760382518725,"NET_PROFIT_RATIO":14.7158461183,"ROE_AVG":13.234600007969,"GROSS_PROFIT_QOQ":5.368840621292,"ROA":7.870115191905,"HOLDER_PROFIT_QOQ":23.800501691451,"ROE_YEARLY":13.234600007969,"ROIC_YEARLY":9.627947845312,"TOTAL_ASSETS":8755449472,"TOTAL_LIABILITIES":3447011411.2,"TAX_EBT":16.881538005709,"OCF_SALES":12.985939456347,"TOTAL_PARENT_EQUITY":5084542388.8,"DEBT_ASSET_RATIO":39.3698966823,"OPERATE_PROFIT":807858296,"PRETAX_PROFIT":775409387.2,"NETCASH_OPERATE":568743817.6,"NETCASH_INVEST":-536774022.4,"NETCASH_FINANCE":111299888,"END_CASH":1358635353.6,"DIVI_RATIO":0.763512811547,"DIVIDEND_RATE":5.487804878049,"CURRENT_RATIO":2.039764362427,"COMMON_ACS":10000000000,"CURRENTDEBT_DEBT":56.791939871139,"ISSUED_COMMON_SHARES":2953913385,"HK_COMMON_SHARES":2953913385,"PER_SHARES":2000,"TOTAL_MARKET_CAP":9688835902.8,"HKSK_MARKET_CAP":9688835902.8,"PE_TTM":7.094191950456,"PB_TTM":1.335989440803,"REPORT_DATE_SQ":"2020-12-31 00:00:00","REPORT_TYPE_SQ":"2020年年报","OPERATE_INCOME_SQ":3586142192.72,"DPS_HKD":0.18,"OPERATE_INCOME_QOQ_SQ":-3.988495905926,"NET_PROFIT_RATIO_SQ":14.335452292,"HOLDER_PROFIT_SQ":515059272.44,"HOLDER_PROFIT_QOQ_SQ":-32.325202499372,"ROE_AVG_SQ":11.504881628522,"PE_TTM_SQ":10.416891627021,"PB_TTM_SQ":1.954237063971,"ROA_SQ":7.208967296537,"START_DATE":"2021-01-01 00:00:00","FISCAL_YEAR":"12-31","CURRENCY":"HKD","IS_CNY_CODE":0,"DPS_HKD_LY":0.1,"ORG_TYPE":"一般企业","PREMIUM_INCOME":null,"PREMIUM_INCOME_YOY":null,"NET_INTEREST_INCOME":null,"NET_INTEREST_INCOME_YOY":null,"FEE_COMMISSION_INCOME":null,"FEE_COMMISSION_INCOME_YOY":null,"ACCOUNTS_RECE_TDAYS":2.791977283756,"INVENTORY_TDAYS":2.983366818915,"CURRENT_ASSETS_TDAYS":1.171835502193,"TOTAL_ASSETS_TDAYS":0.536684542416,"PREMIUM_EXPENSE":null,"LOAN_DEPOSIT":null,"LOAN_EQUITY":null,"LOAN_ASSETS":null,"DEPOSIT_EQUITY":null,"DEPOSIT_ASSETS":null,"EQUITY_MULTIPLIER":1.649345696741,"EQUITY_RATIO":0.677939359655},{"SECUCODE":"02005.HK","SECURITY_CODE":"02005","SECURITY_NAME_ABBR":"石四药集团","ORG_CODE":"10010845","STD_REPORT_DATE":"2021-06-30 00:00:00","REPORT_DATE":"2021-06-30 00:00:00","DATE_TYPE_CODE":"002","REPORT_TYPE":"2021年中报","PER_NETCASH_OPERATE":0.032862484255,"PER_OI":0.671688236645,"BPS":1.645545320389,"BASIC_EPS":0.07571928,"DILUTED_EPS":0.075469656,"OPERATE_INCOME":2032596703.2,"OPERATE_INCOME_YOY":37.0173201865,"GROSS_PROFIT":1222920457.2,"GROSS_PROFIT_YOY":17.309506513944,"HOLDER_PROFIT":229372004.88,"HOLDER_PROFIT_YOY":11.5878316838,"GROSS_PROFIT_RATIO":60.165425599417,"EPS_TTM":0.171434978845,"OPERATE_INCOME_QOQ":11.267978400307,"NET_PROFIT_RATIO":11.3816987952,"ROE_AVG":4.796698736186,"GROSS_PROFIT_QOQ":7.916159291707,"ROA":2.929730095104,"HOLDER_PROFIT_QOQ":0.722315795302,"ROE_YEARLY":9.593397472372,"ROIC_YEARLY":7.094876122268,"TOTAL_ASSETS":7958410022.16,"TOTAL_LIABILITIES":2876586264.24,"TAX_EBT":17.979148966299,"OCF_SALES":4.892520437696,"TOTAL_PARENT_EQUITY":4860798347.52,"DEBT_ASSET_RATIO":36.1452382603,"OPERATE_PROFIT":299166043.2,"PRETAX_PROFIT":282055150.08,"NETCASH_OPERATE":99445209.12,"NETCASH_INVEST":-59474582.16,"NETCASH_FINANCE":-169772610.72,"END_CASH":1083418916.88,"DIVI_RATIO":0.954509990333,"DIVIDEND_RATE":5.487804878049,"CURRENT_RATIO":2.228934622519,"COMMON_ACS":10000000000,"CURRENTDEBT_DEBT":57.882452446456,"ISSUED_COMMON_SHARES":2953913385,"HK_COMMON_SHARES":2953913385,"PER_SHARES":2000,"TOTAL_MARKET_CAP":9688835902.8,"HKSK_MARKET_CAP":9688835902.8,"PE_TTM":7.094191950456,"PB_TTM":1.335989440803,"REPORT_DATE_SQ":"2020-06-30 00:00:00","REPORT_TYPE_SQ":"2020年中报","OPERATE_INCOME_SQ":1628510975.52,"DPS_HKD":0.18,"OPERATE_INCOME_QOQ_SQ":-10.05233579637,"NET_PROFIT_RATIO_SQ":13.8936176299,"HOLDER_PROFIT_SQ":225651650.4,"HOLDER_PROFIT_QOQ_SQ":-25.21544026919,"ROE_AVG_SQ":4.987850650989,"PE_TTM_SQ":10.416891627021,"PB_TTM_SQ":1.954237063971,"ROA_SQ":3.147044904006,"START_DATE":"2021-01-01 00:00:00","FISCAL_YEAR":"12-31","CURRENCY":"HKD","IS_CNY_CODE":0,"DPS_HKD_LY":0.1,"ORG_TYPE":"一般企业","PREMIUM_INCOME":null,"PREMIUM_INCOME_YOY":null,"NET_INTEREST_INCOME":null,"NET_INTEREST_INCOME_YOY":null,"FEE_COMMISSION_INCOME":null,"FEE_COMMISSION_INCOME_YOY":null,"ACCOUNTS_RECE_TDAYS":1.280025948561,"INVENTORY_TDAYS":1.40496768679,"CURRENT_ASSETS_TDAYS":0.560348762791,"TOTAL_ASSETS_TDAYS":0.259620163136,"PREMIUM_EXPENSE":null,"LOAN_DEPOSIT":null,"LOAN_EQUITY":null,"LOAN_ASSETS":null,"DEPOSIT_EQUITY":null,"DEPOSIT_ASSETS":null,"EQUITY_MULTIPLIER":1.566053921047,"EQUITY_RATIO":0.591792964567},{"SECUCODE":"02005.HK","SECURITY_CODE":"02005","SECURITY_NAME_ABBR":"石四药集团","ORG_CODE":"10010845","STD_REPORT_DATE":"2020-12-31 00:00:00","REPORT_DATE":"2020-12-31 00:00:00","DATE_TYPE_CODE":"001","REPORT_TYPE":"2020年年报","PER_NETCASH_OPERATE":0.139518748904,"PER_OI":1.17820742107,"BPS":1.610399141422,"BASIC_EPS":0.169927116,"DILUTED_EPS":0.169337968,"OPERATE_INCOME":3586142192.72,"OPERATE_INCOME_YOY":-8.084626295,"GROSS_PROFIT":2279476735,"GROSS_PROFIT_YOY":-11.545659176305,"HOLDER_PROFIT":515059272.44,"HOLDER_PROFIT_YOY":-46.1341025138,"GROSS_PROFIT_RATIO":63.563478872294,"EPS_TTM":0.169219909437,"OPERATE_INCOME_QOQ":-3.988495905926,"NET_PROFIT_RATIO":14.335452292,"ROE_AVG":11.504881628522,"GROSS_PROFIT_QOQ":-1.25998588702,"ROA":7.208967296537,"HOLDER_PROFIT_QOQ":-32.325202499372,"ROE_YEARLY":11.504881628522,"ROIC_YEARLY":8.588576063094,"TOTAL_ASSETS":7788289959.48,"TOTAL_LIABILITIES":2809811773.44,"TAX_EBT":15.774080789835,"OCF_SALES":11.841611791693,"TOTAL_PARENT_EQUITY":4756979579.04,"DEBT_ASSET_RATIO":36.0773903907,"OPERATE_PROFIT":638705446.48,"PRETAX_PROFIT":610369952.6,"NETCASH_OPERATE":424657036.76,"NETCASH_INVEST":-262916553.04,"NETCASH_FINANCE":308337338.92,"END_CASH":1216931484.2,"DIVI_RATIO":0.96700441777,"DIVIDEND_RATE":5.487804878049,"CURRENT_RATIO":2.010912083802,"COMMON_ACS":10000000000,"CURRENTDEBT_DEBT":63.434073307262,"ISSUED_COMMON_SHARES":2953913385,"HK_COMMON_SHARES":2953913385,"PER_SHARES":2000,"TOTAL_MARKET_CAP":9688835902.8,"HKSK_MARKET_CAP":9688835902.8,"PE_TTM":7.094191950456,"PB_TTM":1.335989440803,"REPORT_DATE_SQ":"2019-12-31 00:00:00","REPORT_TYPE_SQ":"2019年年报","OPERATE_INCOME_SQ":4152544951.5,"DPS_HKD":0.18,"OPERATE_INCOME_QOQ_SQ":5.268055424006,"NET_PROFIT_RATIO_SQ":24.5337518269,"HOLDER_PROFIT_SQ":1017696553.78,"HOLDER_PROFIT_QOQ_SQ":12.387373064579,"ROE_AVG_SQ":24.631305817957,"PE_TTM_SQ":10.416891627021,"PB_TTM_SQ":1.954237063971,"ROA_SQ":15.557606743459,"START_DATE":"2020-01-01 00:00:00","FISCAL_YEAR":"12-31","CURRENCY":"HKD","IS_CNY_CODE":0,"DPS_HKD_LY":0.11,"ORG_TYPE":"一般企业","PREMIUM_INCOME":null,"PREMIUM_INCOME_YOY":null,"NET_INTEREST_INCOME":null,"NET_INTEREST_INCOME_YOY":null,"FEE_COMMISSION_INCOME":null,"FEE_COMMISSION_INCOME_YOY":null,"ACCOUNTS_RECE_TDAYS":2.356305604835,"INVENTORY_TDAYS":2.711300147395,"CURRENT_ASSETS_TDAYS":1.117823693917,"TOTAL_ASSETS_TDAYS":0.501930227672,"PREMIUM_EXPENSE":null,"LOAN_DEPOSIT":null,"LOAN_EQUITY":null,"LOAN_ASSETS":null,"DEPOSIT_EQUITY":null,"DEPOSIT_ASSETS":null,"EQUITY_MULTIPLIER":1.564391701328,"EQUITY_RATIO":0.590671396997},{"SECUCODE":"02005.HK","SECURITY_CODE":"02005","SECURITY_NAME_ABBR":"石四药集团","ORG_CODE":"10010845","STD_REPORT_DATE":"2020-06-30 00:00:00","REPORT_DATE":"2020-06-30 00:00:00","DATE_TYPE_CODE":"002","REPORT_TYPE":"2020年中报","PER_NETCASH_OPERATE":0.033130556155,"PER_OI":0.537351814673,"BPS":1.521119175158,"BASIC_EPS":0.07444536,"DILUTED_EPS":0.074079984,"OPERATE_INCOME":1628510975.52,"OPERATE_INCOME_YOY":-23.3463423149,"GROSS_PROFIT":1042473447.84,"GROSS_PROFIT_YOY":-20.477636564286,"HOLDER_PROFIT":225651650.4,"HOLDER_PROFIT_YOY":-54.9406833454,"GROSS_PROFIT_RATIO":64.013903713921,"EPS_TTM":0.251129814053,"OPERATE_INCOME_QOQ":-10.05233579637,"NET_PROFIT_RATIO":13.8936176299,"ROE_AVG":4.987850650989,"GROSS_PROFIT_QOQ":-10.416925075092,"ROA":3.147044904006,"HOLDER_PROFIT_QOQ":-25.21544026919,"ROE_YEARLY":9.975701301978,"ROIC_YEARLY":7.385446871331,"TOTAL_ASSETS":7284819189.12,"TOTAL_LIABILITIES":2611155930.24,"TAX_EBT":14.975852043566,"OCF_SALES":6.165524196602,"TOTAL_PARENT_EQUITY":4493254291.68,"DEBT_ASSET_RATIO":35.8437987609,"OPERATE_PROFIT":280828907.04,"PRETAX_PROFIT":266111561.76,"NETCASH_OPERATE":100406238.24,"NETCASH_INVEST":-78748575.84,"NETCASH_FINANCE":259077160.32,"END_CASH":1008688042.56,"DIVI_RATIO":0.651600848816,"DIVIDEND_RATE":5.487804878049,"CURRENT_RATIO":2.140375324339,"COMMON_ACS":10000000000,"CURRENTDEBT_DEBT":59.496655001266,"ISSUED_COMMON_SHARES":2953913385,"HK_COMMON_SHARES":2953913385,"PER_SHARES":2000,"TOTAL_MARKET_CAP":9688835902.8,"HKSK_MARKET_CAP":9688835902.8,"PE_TTM":7.094191950456,"PB_TTM":1.335989440803,"REPORT_DATE_SQ":"2019-06-30 00:00:00","REPORT_TYPE_SQ":"2019年中报","OPERATE_INCOME_SQ":2045938738.14,"DPS_HKD":0.18,"OPERATE_INCOME_QOQ_SQ":7.685281398163,"NET_PROFIT_RATIO_SQ":23.6739674327,"HOLDER_PROFIT_SQ":482268317.04,"HOLDER_PROFIT_QOQ_SQ":13.347078591114,"ROE_AVG_SQ":12.328516220693,"PE_TTM_SQ":10.416891627021,"PB_TTM_SQ":1.954237063971,"ROA_SQ":7.705555045672,"START_DATE":"2020-01-01 00:00:00","FISCAL_YEAR":"12-31","CURRENCY":"HKD","IS_CNY_CODE":0,"DPS_HKD_LY":0.11,"ORG_TYPE":"一般企业","PREMIUM_INCOME":null,"PREMIUM_INCOME_YOY":null,"NET_INTEREST_INCOME":null,"NET_INTEREST_INCOME_YOY":null,"FEE_COMMISSION_INCOME":null,"FEE_COMMISSION_INCOME_YOY":null,"ACCOUNTS_RECE_TDAYS":1.040233318824,"INVENTORY_TDAYS":1.155270566775,"CURRENT_ASSETS_TDAYS":0.508999325791,"TOTAL_ASSETS_TDAYS":0.227119861855,"PREMIUM_EXPENSE":null,"LOAN_DEPOSIT":null,"LOAN_EQUITY":null,"LOAN_ASSETS":null,"DEPOSIT_EQUITY":null,"DEPOSIT_ASSETS":null,"EQUITY_MULTIPLIER":1.558695777939,"EQUITY_RATIO":0.581128011178}],"count":44},"success":true,"message":"ok","code":0}