{"version":"2ebdcf095543de1a2bb07f456f6007e6","result":{"pages":5,"data":[{"SECUCODE":"02002.HK","SECURITY_CODE":"02002","SECURITY_NAME_ABBR":"阳光纸业","ORG_CODE":"10106288","STD_REPORT_DATE":"2024-06-30 00:00:00","REPORT_DATE":"2024-06-30 00:00:00","DATE_TYPE_CODE":"002","REPORT_TYPE":"2024年中报","PER_NETCASH_OPERATE":0.224466287579,"PER_OI":3.714635454404,"BPS":4.465501750829,"BASIC_EPS":0.18,"DILUTED_EPS":0.18,"OPERATE_INCOME":3956623000,"OPERATE_INCOME_YOY":-5.9826133241,"GROSS_PROFIT":566402000,"GROSS_PROFIT_YOY":-11.265511639311,"HOLDER_PROFIT":189440000,"HOLDER_PROFIT_YOY":-1.6636819019,"GROSS_PROFIT_RATIO":14.315288568054,"EPS_TTM":0.366245191747,"OPERATE_INCOME_QOQ":-3.011809087966,"NET_PROFIT_RATIO":5.5075755259,"ROE_AVG":4.062689460105,"GROSS_PROFIT_QOQ":-5.489827531055,"ROA":1.562640744076,"HOLDER_PROFIT_QOQ":-0.814880920599,"ROE_YEARLY":8.125378920209,"ROIC_YEARLY":3.695739973947,"TOTAL_ASSETS":12091001000,"TOTAL_LIABILITIES":6914216000,"TAX_EBT":23.205362240187,"OCF_SALES":6.042754136545,"TOTAL_PARENT_EQUITY":4756404000,"DEBT_ASSET_RATIO":57.1848104222,"OPERATE_PROFIT":373055000,"PRETAX_PROFIT":283762000,"NETCASH_OPERATE":239089000,"NETCASH_INVEST":-110548000,"NETCASH_FINANCE":-344791000,"END_CASH":1358323000,"DIVI_RATIO":null,"DIVIDEND_RATE":null,"CURRENT_RATIO":0.885253514803,"COMMON_ACS":2000000000,"CURRENTDEBT_DEBT":76.113777758751,"ISSUED_COMMON_SHARES":1065144359,"HK_COMMON_SHARES":1065144359,"PER_SHARES":2000,"TOTAL_MARKET_CAP":2385923364.16,"HKSK_MARKET_CAP":2385923364.16,"PE_TTM":5.514953748311,"PB_TTM":0.457821609771,"REPORT_DATE_SQ":"2023-06-30 00:00:00","REPORT_TYPE_SQ":"2023年中报","OPERATE_INCOME_SQ":4208395000,"DPS_HKD":null,"OPERATE_INCOME_QOQ_SQ":-1.958036444711,"NET_PROFIT_RATIO_SQ":5.3123340371,"HOLDER_PROFIT_SQ":192645000,"HOLDER_PROFIT_QOQ_SQ":14.542432034375,"ROE_AVG_SQ":4.657498743422,"PE_TTM_SQ":9.529835920612,"PB_TTM_SQ":0.523276198598,"ROA_SQ":1.610823004755,"START_DATE":"2024-01-01 00:00:00","FISCAL_YEAR":"12-31","CURRENCY":"HKD","IS_CNY_CODE":0,"DPS_HKD_LY":null,"ORG_TYPE":"一般企业","PREMIUM_INCOME":null,"PREMIUM_INCOME_YOY":null,"NET_INTEREST_INCOME":null,"NET_INTEREST_INCOME_YOY":null,"FEE_COMMISSION_INCOME":null,"FEE_COMMISSION_INCOME_YOY":null,"ACCOUNTS_RECE_TDAYS":4.909479287518,"INVENTORY_TDAYS":5.285147054697,"CURRENT_ASSETS_TDAYS":0.844640775188,"TOTAL_ASSETS_TDAYS":0.326371426771,"PREMIUM_EXPENSE":null,"LOAN_DEPOSIT":null,"LOAN_EQUITY":null,"LOAN_ASSETS":null,"DEPOSIT_EQUITY":null,"DEPOSIT_ASSETS":null,"EQUITY_MULTIPLIER":2.335619694461,"EQUITY_RATIO":1.453664575171},{"SECUCODE":"02002.HK","SECURITY_CODE":"02002","SECURITY_NAME_ABBR":"阳光纸业","ORG_CODE":"10106288","STD_REPORT_DATE":"2023-12-31 00:00:00","REPORT_DATE":"2023-12-31 00:00:00","DATE_TYPE_CODE":"001","REPORT_TYPE":"2023年年报","PER_NETCASH_OPERATE":1.244049720925,"PER_OI":7.398735893181,"BPS":4.289970614209,"BASIC_EPS":0.39,"DILUTED_EPS":0.39,"OPERATE_INCOME":8359494000,"OPERATE_INCOME_YOY":-12.3580069214,"GROSS_PROFIT":1309859000,"GROSS_PROFIT_YOY":12.520788520613,"HOLDER_PROFIT":393309000,"HOLDER_PROFIT_YOY":91.1782004482,"GROSS_PROFIT_RATIO":15.669118250459,"EPS_TTM":0.348105927872,"OPERATE_INCOME_QOQ":-10.607672571587,"NET_PROFIT_RATIO":5.3985564198,"ROE_AVG":9.081917226673,"GROSS_PROFIT_QOQ":9.860772127586,"ROA":3.242507417385,"HOLDER_PROFIT_QOQ":66.90600771493,"ROE_YEARLY":9.081917226673,"ROIC_YEARLY":3.726183948198,"TOTAL_ASSETS":12155135000,"TOTAL_LIABILITIES":7193790000,"TAX_EBT":24.20687037516,"OCF_SALES":16.814355031537,"TOTAL_PARENT_EQUITY":4569438000,"DEBT_ASSET_RATIO":59.183135358,"OPERATE_PROFIT":760089000,"PRETAX_PROFIT":595426000,"NETCASH_OPERATE":1405595000,"NETCASH_INVEST":-118006000,"NETCASH_FINANCE":-559809000,"END_CASH":1571918000,"DIVI_RATIO":null,"DIVIDEND_RATE":null,"CURRENT_RATIO":0.824236146585,"COMMON_ACS":2000000000,"CURRENTDEBT_DEBT":79.434470564195,"ISSUED_COMMON_SHARES":1065144359,"HK_COMMON_SHARES":1065144359,"PER_SHARES":2000,"TOTAL_MARKET_CAP":2066380056.46,"HKSK_MARKET_CAP":2066380056.46,"PE_TTM":4.776343871305,"PB_TTM":0.396506215605,"REPORT_DATE_SQ":"2022-12-31 00:00:00","REPORT_TYPE_SQ":"2022年年报","OPERATE_INCOME_SQ":9538229000,"DPS_HKD":null,"OPERATE_INCOME_QOQ_SQ":11.296043869518,"NET_PROFIT_RATIO_SQ":2.4589994642,"HOLDER_PROFIT_SQ":205729000,"HOLDER_PROFIT_QOQ_SQ":-46.962298784198,"ROE_AVG_SQ":5.227099031052,"PE_TTM_SQ":13.523290973059,"PB_TTM_SQ":0.742553843725,"ROA_SQ":1.77868542983,"START_DATE":"2023-01-01 00:00:00","FISCAL_YEAR":"12-31","CURRENCY":"HKD","IS_CNY_CODE":0,"DPS_HKD_LY":null,"ORG_TYPE":"一般企业","PREMIUM_INCOME":null,"PREMIUM_INCOME_YOY":null,"NET_INTEREST_INCOME":null,"NET_INTEREST_INCOME_YOY":null,"FEE_COMMISSION_INCOME":null,"FEE_COMMISSION_INCOME_YOY":null,"ACCOUNTS_RECE_TDAYS":10.295501234057,"INVENTORY_TDAYS":8.983293394899,"CURRENT_ASSETS_TDAYS":1.768208894798,"TOTAL_ASSETS_TDAYS":0.689171142806,"PREMIUM_EXPENSE":null,"LOAN_DEPOSIT":null,"LOAN_EQUITY":null,"LOAN_ASSETS":null,"DEPOSIT_EQUITY":null,"DEPOSIT_ASSETS":null,"EQUITY_MULTIPLIER":2.44996770029,"EQUITY_RATIO":1.574327083549},{"SECUCODE":"02002.HK","SECURITY_CODE":"02002","SECURITY_NAME_ABBR":"阳光纸业","ORG_CODE":"10106288","STD_REPORT_DATE":"2023-06-30 00:00:00","REPORT_DATE":"2023-06-30 00:00:00","DATE_TYPE_CODE":"002","REPORT_TYPE":"2023年中报","PER_NETCASH_OPERATE":0.709154216869,"PER_OI":4.348169702256,"BPS":3.924856724515,"BASIC_EPS":0.19,"DILUTED_EPS":0.19,"OPERATE_INCOME":4208395000,"OPERATE_INCOME_YOY":-4.2492680011,"GROSS_PROFIT":638311000,"GROSS_PROFIT_YOY":4.619709076009,"HOLDER_PROFIT":192645000,"HOLDER_PROFIT_YOY":18.385393942,"GROSS_PROFIT_RATIO":15.167563881242,"EPS_TTM":0.243473615435,"OPERATE_INCOME_QOQ":-1.958036444711,"NET_PROFIT_RATIO":5.3123340371,"ROE_AVG":4.657498743422,"GROSS_PROFIT_QOQ":2.421261330603,"ROA":1.610823004755,"HOLDER_PROFIT_QOQ":14.542432034375,"ROE_YEARLY":9.314997486844,"ROIC_YEARLY":3.584849009554,"TOTAL_ASSETS":11814405000,"TOTAL_LIABILITIES":7269022000,"TAX_EBT":18.471569857339,"OCF_SALES":16.309258042555,"TOTAL_PARENT_EQUITY":4180539000,"DEBT_ASSET_RATIO":61.5267717672,"OPERATE_PROFIT":378504000,"PRETAX_PROFIT":274216000,"NETCASH_OPERATE":686358000,"NETCASH_INVEST":-95921000,"NETCASH_FINANCE":-569024000,"END_CASH":873337000,"DIVI_RATIO":null,"DIVIDEND_RATE":null,"CURRENT_RATIO":0.741986205814,"COMMON_ACS":2000000000,"CURRENTDEBT_DEBT":80.947244347314,"ISSUED_COMMON_SHARES":1065144359,"HK_COMMON_SHARES":1065144359,"PER_SHARES":2000,"TOTAL_MARKET_CAP":2066380056.46,"HKSK_MARKET_CAP":2066380056.46,"PE_TTM":4.776343871305,"PB_TTM":0.396506215605,"REPORT_DATE_SQ":"2022-06-30 00:00:00","REPORT_TYPE_SQ":"2022年中报","OPERATE_INCOME_SQ":4395157000,"DPS_HKD":null,"OPERATE_INCOME_QOQ_SQ":7.365246633429,"NET_PROFIT_RATIO_SQ":4.0909118832,"HOLDER_PROFIT_SQ":162727000,"HOLDER_PROFIT_QOQ_SQ":-30.299561735305,"ROE_AVG_SQ":4.156366339632,"PE_TTM_SQ":13.523290973059,"PB_TTM_SQ":0.742553843725,"ROA_SQ":1.421502781429,"START_DATE":"2023-01-01 00:00:00","FISCAL_YEAR":"12-31","CURRENCY":"HKD","IS_CNY_CODE":0,"DPS_HKD_LY":null,"ORG_TYPE":"一般企业","PREMIUM_INCOME":null,"PREMIUM_INCOME_YOY":null,"NET_INTEREST_INCOME":null,"NET_INTEREST_INCOME_YOY":null,"FEE_COMMISSION_INCOME":null,"FEE_COMMISSION_INCOME_YOY":null,"ACCOUNTS_RECE_TDAYS":4.887032811348,"INVENTORY_TDAYS":4.417119709788,"CURRENT_ASSETS_TDAYS":0.923779739601,"TOTAL_ASSETS_TDAYS":0.351889718347,"PREMIUM_EXPENSE":null,"LOAN_DEPOSIT":null,"LOAN_EQUITY":null,"LOAN_ASSETS":null,"DEPOSIT_EQUITY":null,"DEPOSIT_ASSETS":null,"EQUITY_MULTIPLIER":2.599210011567,"EQUITY_RATIO":1.738776267845},{"SECUCODE":"02002.HK","SECURITY_CODE":"02002","SECURITY_NAME_ABBR":"阳光纸业","ORG_CODE":"10106288","STD_REPORT_DATE":"2022-12-31 00:00:00","REPORT_DATE":"2022-12-31 00:00:00","DATE_TYPE_CODE":"001","REPORT_TYPE":"2022年年报","PER_NETCASH_OPERATE":0.535256900208,"PER_OI":9.34372663203,"BPS":3.84166424525,"BASIC_EPS":0.2,"DILUTED_EPS":0.2,"OPERATE_INCOME":9538229000,"OPERATE_INCOME_YOY":19.4932719938,"GROSS_PROFIT":1164104000,"GROSS_PROFIT_YOY":-24.097779928004,"HOLDER_PROFIT":205729000,"HOLDER_PROFIT_YOY":-63.0396625352,"GROSS_PROFIT_RATIO":12.204613665703,"EPS_TTM":0.201533800067,"OPERATE_INCOME_QOQ":11.296043869518,"NET_PROFIT_RATIO":2.4589994642,"ROE_AVG":5.227099031052,"GROSS_PROFIT_QOQ":-13.318495540099,"ROA":1.77868542983,"HOLDER_PROFIT_QOQ":-46.962298784198,"ROE_YEARLY":5.227099031052,"ROIC_YEARLY":1.976930351232,"TOTAL_ASSETS":12104424000,"TOTAL_LIABILITIES":7678494000,"TAX_EBT":34.645103224207,"OCF_SALES":5.728516268586,"TOTAL_PARENT_EQUITY":4091927000,"DEBT_ASSET_RATIO":63.435434846,"OPERATE_PROFIT":627293000,"PRETAX_PROFIT":358879000,"NETCASH_OPERATE":546399000,"NETCASH_INVEST":-1132647000,"NETCASH_FINANCE":607548000,"END_CASH":851179000,"DIVI_RATIO":null,"DIVIDEND_RATE":null,"CURRENT_RATIO":0.793175120112,"COMMON_ACS":2000000000,"CURRENTDEBT_DEBT":77.91538288628,"ISSUED_COMMON_SHARES":1065144359,"HK_COMMON_SHARES":1065144359,"PER_SHARES":2000,"TOTAL_MARKET_CAP":2066380056.46,"HKSK_MARKET_CAP":2066380056.46,"PE_TTM":4.776343871305,"PB_TTM":0.396506215605,"REPORT_DATE_SQ":"2021-12-31 00:00:00","REPORT_TYPE_SQ":"2021年年报","OPERATE_INCOME_SQ":7982231000,"DPS_HKD":null,"OPERATE_INCOME_QOQ_SQ":4.43125274497,"NET_PROFIT_RATIO_SQ":6.8701845386,"HOLDER_PROFIT_SQ":556621000,"HOLDER_PROFIT_QOQ_SQ":-10.631044106925,"ROE_AVG_SQ":16.134630123332,"PE_TTM_SQ":13.523290973059,"PB_TTM_SQ":0.742553843725,"ROA_SQ":5.453674348083,"START_DATE":"2022-01-01 00:00:00","FISCAL_YEAR":"12-31","CURRENCY":"HKD","IS_CNY_CODE":0,"DPS_HKD_LY":0.095,"ORG_TYPE":"一般企业","PREMIUM_INCOME":null,"PREMIUM_INCOME_YOY":null,"NET_INTEREST_INCOME":null,"NET_INTEREST_INCOME_YOY":null,"FEE_COMMISSION_INCOME":null,"FEE_COMMISSION_INCOME_YOY":null,"ACCOUNTS_RECE_TDAYS":11.813321063694,"INVENTORY_TDAYS":8.420793035,"CURRENT_ASSETS_TDAYS":2.144104265076,"TOTAL_ASSETS_TDAYS":0.824653254946,"PREMIUM_EXPENSE":null,"LOAN_DEPOSIT":null,"LOAN_EQUITY":null,"LOAN_ASSETS":null,"DEPOSIT_EQUITY":null,"DEPOSIT_ASSETS":null,"EQUITY_MULTIPLIER":2.734888260775,"EQUITY_RATIO":1.876498285527},{"SECUCODE":"02002.HK","SECURITY_CODE":"02002","SECURITY_NAME_ABBR":"阳光纸业","ORG_CODE":"10106288","STD_REPORT_DATE":"2022-06-30 00:00:00","REPORT_DATE":"2022-06-30 00:00:00","DATE_TYPE_CODE":"002","REPORT_TYPE":"2022年中报","PER_NETCASH_OPERATE":0.260981319168,"PER_OI":4.305531510394,"BPS":3.80281598994,"BASIC_EPS":0.16,"DILUTED_EPS":0.16,"OPERATE_INCOME":4395157000,"OPERATE_INCOME_YOY":15.4418968462,"GROSS_PROFIT":610125000,"GROSS_PROFIT_YOY":-23.80209588728,"HOLDER_PROFIT":162727000,"HOLDER_PROFIT_YOY":-50.88939725,"GROSS_PROFIT_RATIO":13.881756669898,"EPS_TTM":0.379982155047,"OPERATE_INCOME_QOQ":7.365246633429,"NET_PROFIT_RATIO":4.0909118832,"ROE_AVG":4.156366339632,"GROSS_PROFIT_QOQ":-12.427741330101,"ROA":1.421502781429,"HOLDER_PROFIT_QOQ":-30.299561735305,"ROE_YEARLY":8.312732679263,"ROIC_YEARLY":3.144204062664,"TOTAL_ASSETS":11866788000,"TOTAL_LIABILITIES":7494082000,"TAX_EBT":33.54916678678,"OCF_SALES":6.061535458233,"TOTAL_PARENT_EQUITY":4050548000,"DEBT_ASSET_RATIO":63.1517306958,"OPERATE_PROFIT":389799000,"PRETAX_PROFIT":270579000,"NETCASH_OPERATE":266414000,"NETCASH_INVEST":-656673000,"NETCASH_FINANCE":297212000,"END_CASH":736525000,"DIVI_RATIO":null,"DIVIDEND_RATE":null,"CURRENT_RATIO":0.738132820107,"COMMON_ACS":2000000000,"CURRENTDEBT_DEBT":81.646851475604,"ISSUED_COMMON_SHARES":1065144359,"HK_COMMON_SHARES":1065144359,"PER_SHARES":2000,"TOTAL_MARKET_CAP":2066380056.46,"HKSK_MARKET_CAP":2066380056.46,"PE_TTM":4.776343871305,"PB_TTM":0.396506215605,"REPORT_DATE_SQ":"2021-06-30 00:00:00","REPORT_TYPE_SQ":"2021年中报","OPERATE_INCOME_SQ":3807246000,"DPS_HKD":null,"OPERATE_INCOME_QOQ_SQ":14.536621694824,"NET_PROFIT_RATIO_SQ":8.790973843,"HOLDER_PROFIT_SQ":331348000,"HOLDER_PROFIT_QOQ_SQ":25.115830503707,"ROE_AVG_SQ":9.929431239585,"PE_TTM_SQ":13.523290973059,"PB_TTM_SQ":0.742553843725,"ROA_SQ":3.346573765986,"START_DATE":"2022-01-01 00:00:00","FISCAL_YEAR":"12-31","CURRENCY":"HKD","IS_CNY_CODE":0,"DPS_HKD_LY":0.095,"ORG_TYPE":"一般企业","PREMIUM_INCOME":null,"PREMIUM_INCOME_YOY":null,"NET_INTEREST_INCOME":null,"NET_INTEREST_INCOME_YOY":null,"FEE_COMMISSION_INCOME":null,"FEE_COMMISSION_INCOME_YOY":null,"ACCOUNTS_RECE_TDAYS":5.531240640015,"INVENTORY_TDAYS":3.594107612464,"CURRENT_ASSETS_TDAYS":1.014085478699,"TOTAL_ASSETS_TDAYS":0.383939229527,"PREMIUM_EXPENSE":null,"LOAN_DEPOSIT":null,"LOAN_EQUITY":null,"LOAN_ASSETS":null,"DEPOSIT_EQUITY":null,"DEPOSIT_ASSETS":null,"EQUITY_MULTIPLIER":2.713831663964,"EQUITY_RATIO":1.850140277316},{"SECUCODE":"02002.HK","SECURITY_CODE":"02002","SECURITY_NAME_ABBR":"阳光纸业","ORG_CODE":"10106288","STD_REPORT_DATE":"2021-12-31 00:00:00","REPORT_DATE":"2021-12-31 00:00:00","DATE_TYPE_CODE":"001","REPORT_TYPE":"2021年年报","PER_NETCASH_OPERATE":1.178839414736,"PER_OI":8.818546694301,"BPS":3.548436386171,"BASIC_EPS":0.63,"DILUTED_EPS":0.63,"OPERATE_INCOME":7982231000,"OPERATE_INCOME_YOY":19.6120288877,"GROSS_PROFIT":1533689000,"GROSS_PROFIT_YOY":6.762484659352,"HOLDER_PROFIT":556621000,"HOLDER_PROFIT_YOY":11.8147113781,"GROSS_PROFIT_RATIO":19.212084942167,"EPS_TTM":0.614820076804,"OPERATE_INCOME_QOQ":4.43125274497,"NET_PROFIT_RATIO":6.8701845386,"ROE_AVG":16.134630123332,"GROSS_PROFIT_QOQ":-5.760544806286,"ROA":5.453674348083,"HOLDER_PROFIT_QOQ":-10.631044106925,"ROE_YEARLY":16.134630123332,"ROIC_YEARLY":6.066195305779,"TOTAL_ASSETS":11028136000,"TOTAL_LIABILITIES":6943707000,"TAX_EBT":26.600132212471,"OCF_SALES":13.367728896846,"TOTAL_PARENT_EQUITY":3779705000,"DEBT_ASSET_RATIO":62.9627490348,"OPERATE_PROFIT":905171000,"PRETAX_PROFIT":747282000,"NETCASH_OPERATE":1067043000,"NETCASH_INVEST":-1386804000,"NETCASH_FINANCE":536065000,"END_CASH":829572000,"DIVI_RATIO":null,"DIVIDEND_RATE":null,"CURRENT_RATIO":0.705779417264,"COMMON_ACS":2000000000,"CURRENTDEBT_DEBT":84.7184364202,"ISSUED_COMMON_SHARES":1065144359,"HK_COMMON_SHARES":1065144359,"PER_SHARES":2000,"TOTAL_MARKET_CAP":2066380056.46,"HKSK_MARKET_CAP":2066380056.46,"PE_TTM":4.776343871305,"PB_TTM":0.396506215605,"REPORT_DATE_SQ":"2020-12-31 00:00:00","REPORT_TYPE_SQ":"2020年年报","OPERATE_INCOME_SQ":6673435000,"DPS_HKD":null,"OPERATE_INCOME_QOQ_SQ":9.324691681217,"NET_PROFIT_RATIO_SQ":7.7020155287,"HOLDER_PROFIT_SQ":497710000,"HOLDER_PROFIT_QOQ_SQ":14.799019257339,"ROE_AVG_SQ":17.34232546957,"PE_TTM_SQ":13.523290973059,"PB_TTM_SQ":0.742553843725,"ROA_SQ":5.294561088694,"START_DATE":"2021-01-01 00:00:00","FISCAL_YEAR":"12-31","CURRENCY":"HKD","IS_CNY_CODE":0,"DPS_HKD_LY":null,"ORG_TYPE":"一般企业","PREMIUM_INCOME":null,"PREMIUM_INCOME_YOY":null,"NET_INTEREST_INCOME":null,"NET_INTEREST_INCOME_YOY":null,"FEE_COMMISSION_INCOME":null,"FEE_COMMISSION_INCOME_YOY":null,"ACCOUNTS_RECE_TDAYS":10.669049824438,"INVENTORY_TDAYS":7.481694226022,"CURRENT_ASSETS_TDAYS":2.118201624031,"TOTAL_ASSETS_TDAYS":0.78223668531,"PREMIUM_EXPENSE":null,"LOAN_DEPOSIT":null,"LOAN_EQUITY":null,"LOAN_ASSETS":null,"DEPOSIT_EQUITY":null,"DEPOSIT_ASSETS":null,"EQUITY_MULTIPLIER":2.699984404727,"EQUITY_RATIO":1.837102895596},{"SECUCODE":"02002.HK","SECURITY_CODE":"02002","SECURITY_NAME_ABBR":"阳光纸业","ORG_CODE":"10106288","STD_REPORT_DATE":"2021-06-30 00:00:00","REPORT_DATE":"2021-06-30 00:00:00","DATE_TYPE_CODE":"002","REPORT_TYPE":"2021年中报","PER_NETCASH_OPERATE":0.761055455144,"PER_OI":4.206139439925,"BPS":3.337846151988,"BASIC_EPS":0.39,"DILUTED_EPS":0.39,"OPERATE_INCOME":3807246000,"OPERATE_INCOME_YOY":34.1924336853,"GROSS_PROFIT":800711000,"GROSS_PROFIT_YOY":31.272706406978,"HOLDER_PROFIT":331348000,"HOLDER_PROFIT_YOY":60.5803900283,"GROSS_PROFIT_RATIO":21.031238853492,"EPS_TTM":0.687957099487,"OPERATE_INCOME_QOQ":14.536621694824,"NET_PROFIT_RATIO":8.790973843,"ROE_AVG":9.929431239585,"GROSS_PROFIT_QOQ":13.278474782864,"ROA":3.346573765986,"HOLDER_PROFIT_QOQ":25.115830503707,"ROE_YEARLY":19.858862479169,"ROIC_YEARLY":7.548280039349,"TOTAL_ASSETS":10421765000,"TOTAL_LIABILITIES":6550217000,"TAX_EBT":27.74636728473,"OCF_SALES":18.093918806402,"TOTAL_PARENT_EQUITY":3555288000,"DEBT_ASSET_RATIO":62.8513212493,"OPERATE_PROFIT":530612000,"PRETAX_PROFIT":463221000,"NETCASH_OPERATE":688880000,"NETCASH_INVEST":-862355000,"NETCASH_FINANCE":561127000,"END_CASH":1000920000,"DIVI_RATIO":null,"DIVIDEND_RATE":null,"CURRENT_RATIO":0.733392722125,"COMMON_ACS":2000000000,"CURRENTDEBT_DEBT":84.642325590129,"ISSUED_COMMON_SHARES":1065144359,"HK_COMMON_SHARES":1065144359,"PER_SHARES":2000,"TOTAL_MARKET_CAP":2066380056.46,"HKSK_MARKET_CAP":2066380056.46,"PE_TTM":4.776343871305,"PB_TTM":0.396506215605,"REPORT_DATE_SQ":"2020-06-30 00:00:00","REPORT_TYPE_SQ":"2020年中报","OPERATE_INCOME_SQ":2837154000,"DPS_HKD":null,"OPERATE_INCOME_QOQ_SQ":-3.279344657118,"NET_PROFIT_RATIO_SQ":7.6213698657,"HOLDER_PROFIT_SQ":206344000,"HOLDER_PROFIT_QOQ_SQ":23.87185069629,"ROE_AVG_SQ":7.574391608351,"PE_TTM_SQ":13.523290973059,"PB_TTM_SQ":0.742553843725,"ROA_SQ":2.113291814246,"START_DATE":"2021-01-01 00:00:00","FISCAL_YEAR":"12-31","CURRENCY":"HKD","IS_CNY_CODE":0,"DPS_HKD_LY":null,"ORG_TYPE":"一般企业","PREMIUM_INCOME":null,"PREMIUM_INCOME_YOY":null,"NET_INTEREST_INCOME":null,"NET_INTEREST_INCOME_YOY":null,"FEE_COMMISSION_INCOME":null,"FEE_COMMISSION_INCOME_YOY":null,"ACCOUNTS_RECE_TDAYS":5.249046112655,"INVENTORY_TDAYS":4.389678935919,"CURRENT_ASSETS_TDAYS":1.021928711456,"TOTAL_ASSETS_TDAYS":0.384527131121,"PREMIUM_EXPENSE":null,"LOAN_DEPOSIT":null,"LOAN_EQUITY":null,"LOAN_ASSETS":null,"DEPOSIT_EQUITY":null,"DEPOSIT_ASSETS":null,"EQUITY_MULTIPLIER":2.691885777987,"EQUITY_RATIO":1.842387170885},{"SECUCODE":"02002.HK","SECURITY_CODE":"02002","SECURITY_NAME_ABBR":"阳光纸业","ORG_CODE":"10106288","STD_REPORT_DATE":"2020-12-31 00:00:00","REPORT_DATE":"2020-12-31 00:00:00","DATE_TYPE_CODE":"001","REPORT_TYPE":"2020年年报","PER_NETCASH_OPERATE":1.143289535028,"PER_OI":8.144672318218,"BPS":2.928025646146,"BASIC_EPS":0.61,"DILUTED_EPS":0.61,"OPERATE_INCOME":6673435000,"OPERATE_INCOME_YOY":5.7395582457,"GROSS_PROFIT":1436543000,"GROSS_PROFIT_YOY":13.713258022818,"HOLDER_PROFIT":497710000,"HOLDER_PROFIT_YOY":42.2036697353,"GROSS_PROFIT_RATIO":21.526290433637,"EPS_TTM":0.607436029496,"OPERATE_INCOME_QOQ":9.324691681217,"NET_PROFIT_RATIO":7.7020155287,"ROE_AVG":17.34232546957,"GROSS_PROFIT_QOQ":8.693477678592,"ROA":5.294561088694,"HOLDER_PROFIT_QOQ":14.799019257339,"ROE_YEARLY":17.34232546957,"ROIC_YEARLY":5.904497940022,"TOTAL_ASSETS":9380458000,"TOTAL_LIABILITIES":5948774000,"TAX_EBT":29.943994886075,"OCF_SALES":14.03726866299,"TOTAL_PARENT_EQUITY":3118770000,"DEBT_ASSET_RATIO":63.4166689942,"OPERATE_PROFIT":891173000,"PRETAX_PROFIT":733683000,"NETCASH_OPERATE":936768000,"NETCASH_INVEST":-363221000,"NETCASH_FINANCE":-679593000,"END_CASH":613268000,"DIVI_RATIO":null,"DIVIDEND_RATE":null,"CURRENT_RATIO":0.652781093662,"COMMON_ACS":2000000000,"CURRENTDEBT_DEBT":87.168851934869,"ISSUED_COMMON_SHARES":1065144359,"HK_COMMON_SHARES":1065144359,"PER_SHARES":2000,"TOTAL_MARKET_CAP":2066380056.46,"HKSK_MARKET_CAP":2066380056.46,"PE_TTM":4.776343871305,"PB_TTM":0.396506215605,"REPORT_DATE_SQ":"2019-12-31 00:00:00","REPORT_TYPE_SQ":"2019年年报","OPERATE_INCOME_SQ":6311200000,"DPS_HKD":null,"OPERATE_INCOME_QOQ_SQ":-0.003057962006,"NET_PROFIT_RATIO_SQ":5.6983457979,"HOLDER_PROFIT_SQ":349998000,"HOLDER_PROFIT_QOQ_SQ":26.458983697537,"ROE_AVG_SQ":14.224802751662,"PE_TTM_SQ":13.523290973059,"PB_TTM_SQ":0.742553843725,"ROA_SQ":3.765863724341,"START_DATE":"2020-01-01 00:00:00","FISCAL_YEAR":"12-31","CURRENCY":"HKD","IS_CNY_CODE":0,"DPS_HKD_LY":null,"ORG_TYPE":"一般企业","PREMIUM_INCOME":null,"PREMIUM_INCOME_YOY":null,"NET_INTEREST_INCOME":null,"NET_INTEREST_INCOME_YOY":null,"FEE_COMMISSION_INCOME":null,"FEE_COMMISSION_INCOME_YOY":null,"ACCOUNTS_RECE_TDAYS":7.899654997097,"INVENTORY_TDAYS":8.718279881368,"CURRENT_ASSETS_TDAYS":1.849857520637,"TOTAL_ASSETS_TDAYS":0.709909571416,"PREMIUM_EXPENSE":null,"LOAN_DEPOSIT":null,"LOAN_EQUITY":null,"LOAN_ASSETS":null,"DEPOSIT_EQUITY":null,"DEPOSIT_ASSETS":null,"EQUITY_MULTIPLIER":2.733485367534,"EQUITY_RATIO":1.90741029316},{"SECUCODE":"02002.HK","SECURITY_CODE":"02002","SECURITY_NAME_ABBR":"阳光纸业","ORG_CODE":"10106288","STD_REPORT_DATE":"2020-06-30 00:00:00","REPORT_DATE":"2020-06-30 00:00:00","DATE_TYPE_CODE":"002","REPORT_TYPE":"2020年中报","PER_NETCASH_OPERATE":0.36338272949,"PER_OI":3.462638003715,"BPS":2.654479626268,"BASIC_EPS":0.25,"DILUTED_EPS":0.25,"OPERATE_INCOME":2837154000,"OPERATE_INCOME_YOY":-6.7988778366,"GROSS_PROFIT":609960000,"GROSS_PROFIT_YOY":10.576722617323,"HOLDER_PROFIT":206344000,"HOLDER_PROFIT_YOY":68.0421522399,"GROSS_PROFIT_RATIO":21.499009218393,"EPS_TTM":0.52912998162,"OPERATE_INCOME_QOQ":-3.279344657118,"NET_PROFIT_RATIO":7.6213698657,"ROE_AVG":7.574391608351,"GROSS_PROFIT_QOQ":4.618290307234,"ROA":2.113291814246,"HOLDER_PROFIT_QOQ":23.87185069629,"ROE_YEARLY":15.148783216701,"ROIC_YEARLY":4.743558222692,"TOTAL_ASSETS":10107862000,"TOTAL_LIABILITIES":6973937000,"TAX_EBT":31.263470427048,"OCF_SALES":10.494389800483,"TOTAL_PARENT_EQUITY":2827404000,"DEBT_ASSET_RATIO":68.9951742515,"OPERATE_PROFIT":417310000,"PRETAX_PROFIT":314578000,"NETCASH_OPERATE":297742000,"NETCASH_INVEST":-607730000,"NETCASH_FINANCE":396478000,"END_CASH":805804000,"DIVI_RATIO":null,"DIVIDEND_RATE":null,"CURRENT_RATIO":0.677253779073,"COMMON_ACS":2000000000,"CURRENTDEBT_DEBT":91.291905848877,"ISSUED_COMMON_SHARES":1065144359,"HK_COMMON_SHARES":1065144359,"PER_SHARES":2000,"TOTAL_MARKET_CAP":2066380056.46,"HKSK_MARKET_CAP":2066380056.46,"PE_TTM":4.776343871305,"PB_TTM":0.396506215605,"REPORT_DATE_SQ":"2019-06-30 00:00:00","REPORT_TYPE_SQ":"2019年中报","OPERATE_INCOME_SQ":3044120000,"DPS_HKD":null,"OPERATE_INCOME_QOQ_SQ":-4.164550957414,"NET_PROFIT_RATIO_SQ":4.1565707002,"HOLDER_PROFIT_SQ":122793000,"HOLDER_PROFIT_QOQ_SQ":-16.874254770221,"ROE_AVG_SQ":5.232192859056,"PE_TTM_SQ":13.523290973059,"PB_TTM_SQ":0.742553843725,"ROA_SQ":1.308171332699,"START_DATE":"2020-01-01 00:00:00","FISCAL_YEAR":"12-31","CURRENCY":"HKD","IS_CNY_CODE":0,"DPS_HKD_LY":null,"ORG_TYPE":"一般企业","PREMIUM_INCOME":null,"PREMIUM_INCOME_YOY":null,"NET_INTEREST_INCOME":null,"NET_INTEREST_INCOME_YOY":null,"FEE_COMMISSION_INCOME":null,"FEE_COMMISSION_INCOME_YOY":null,"ACCOUNTS_RECE_TDAYS":3.221594983351,"INVENTORY_TDAYS":3.692469146446,"CURRENT_ASSETS_TDAYS":0.696924279246,"TOTAL_ASSETS_TDAYS":0.290569840846,"PREMIUM_EXPENSE":null,"LOAN_DEPOSIT":null,"LOAN_EQUITY":null,"LOAN_ASSETS":null,"DEPOSIT_EQUITY":null,"DEPOSIT_ASSETS":null,"EQUITY_MULTIPLIER":3.225304370718,"EQUITY_RATIO":2.466551295818}],"count":39},"success":true,"message":"ok","code":0}