{"version":"1750bd9297baa75f66a59e48c79a0a1d","result":{"pages":2,"data":[{"SECUCODE":"02003.HK","SECURITY_CODE":"02003","SECURITY_NAME_ABBR":"维信金科","ORG_CODE":"10917006","STD_REPORT_DATE":"2024-06-30 00:00:00","REPORT_DATE":"2024-06-30 00:00:00","DATE_TYPE_CODE":"002","REPORT_TYPE":"2024年中报","PER_NETCASH_OPERATE":0.959521109915,"PER_OI":3.551582865574,"BPS":8.666344192781,"BASIC_EPS":0.25,"DILUTED_EPS":0.25,"OPERATE_INCOME":1738357000,"OPERATE_INCOME_YOY":-9.3475879051,"GROSS_PROFIT":null,"GROSS_PROFIT_YOY":null,"HOLDER_PROFIT":120345000,"HOLDER_PROFIT_YOY":-60.1650397704,"GROSS_PROFIT_RATIO":null,"EPS_TTM":0.556004816159,"OPERATE_INCOME_QOQ":-5.021728606456,"NET_PROFIT_RATIO":6.9228012428,"ROE_AVG":2.862044666875,"GROSS_PROFIT_QOQ":null,"ROA":1.016602308041,"HOLDER_PROFIT_QOQ":-40.044414482294,"ROE_YEARLY":5.72408933375,"ROIC_YEARLY":2.402061767189,"TOTAL_ASSETS":11741462000,"TOTAL_LIABILITIES":7498234000,"TAX_EBT":21.107767747688,"OCF_SALES":27.016717509695,"TOTAL_PARENT_EQUITY":4241827000,"DEBT_ASSET_RATIO":63.8611614124,"OPERATE_PROFIT":154417000,"PRETAX_PROFIT":152541000,"NETCASH_OPERATE":469647000,"NETCASH_INVEST":13421000,"NETCASH_FINANCE":11101000,"END_CASH":1390556000,"DIVI_RATIO":0.162987796807,"DIVIDEND_RATE":3.623188405797,"CURRENT_RATIO":null,"COMMON_ACS":850000000,"CURRENTDEBT_DEBT":null,"ISSUED_COMMON_SHARES":489459789,"HK_COMMON_SHARES":489459789,"PER_SHARES":200,"TOTAL_MARKET_CAP":1350909017.64,"HKSK_MARKET_CAP":1350909017.64,"PE_TTM":4.428292891919,"PB_TTM":0.290664292113,"REPORT_DATE_SQ":"2023-06-30 00:00:00","REPORT_TYPE_SQ":"2023年中报","OPERATE_INCOME_SQ":1917607000,"DPS_HKD":0.1,"OPERATE_INCOME_QOQ_SQ":10.743373232485,"NET_PROFIT_RATIO_SQ":15.7546880044,"HOLDER_PROFIT_SQ":302109000,"HOLDER_PROFIT_QOQ_SQ":-4.862657897406,"ROE_AVG_SQ":7.644646136304,"PE_TTM_SQ":1.920804747743,"PB_TTM_SQ":0.234420880035,"ROA_SQ":2.986518362092,"START_DATE":"2024-01-01 00:00:00","FISCAL_YEAR":"12-31","CURRENCY":"HKD","IS_CNY_CODE":0,"DPS_HKD_LY":0.1,"ORG_TYPE":"银行","PREMIUM_INCOME":null,"PREMIUM_INCOME_YOY":null,"NET_INTEREST_INCOME":874986000,"NET_INTEREST_INCOME_YOY":46.18647678271,"FEE_COMMISSION_INCOME":null,"FEE_COMMISSION_INCOME_YOY":null,"ACCOUNTS_RECE_TDAYS":null,"INVENTORY_TDAYS":null,"CURRENT_ASSETS_TDAYS":null,"TOTAL_ASSETS_TDAYS":0.146845962724,"PREMIUM_EXPENSE":null,"LOAN_DEPOSIT":null,"LOAN_EQUITY":null,"LOAN_ASSETS":null,"DEPOSIT_EQUITY":null,"DEPOSIT_ASSETS":null,"EQUITY_MULTIPLIER":2.767106080557,"EQUITY_RATIO":1.767689724263},{"SECUCODE":"02003.HK","SECURITY_CODE":"02003","SECURITY_NAME_ABBR":"维信金科","ORG_CODE":"10917006","STD_REPORT_DATE":"2023-12-31 00:00:00","REPORT_DATE":"2023-12-31 00:00:00","DATE_TYPE_CODE":"001","REPORT_TYPE":"2023年年报","PER_NETCASH_OPERATE":-2.747663914839,"PER_OI":7.292709391496,"BPS":8.515296033848,"BASIC_EPS":0.93,"DILUTED_EPS":0.93,"OPERATE_INCOME":3569488000,"OPERATE_INCOME_YOY":14.4330376135,"GROSS_PROFIT":null,"GROSS_PROFIT_YOY":null,"HOLDER_PROFIT":453906000,"HOLDER_PROFIT_YOY":-14.7539936822,"GROSS_PROFIT_RATIO":null,"EPS_TTM":0.927361164698,"OPERATE_INCOME_QOQ":3.331724755435,"NET_PROFIT_RATIO":12.7164175927,"ROE_AVG":11.361009126607,"GROSS_PROFIT_QOQ":null,"ROA":4.119321900876,"HOLDER_PROFIT_QOQ":-10.396901538571,"ROE_YEARLY":11.361009126607,"ROIC_YEARLY":4.939645490715,"TOTAL_ASSETS":11934463000,"TOTAL_LIABILITIES":7765873000,"TAX_EBT":23.967242551851,"OCF_SALES":-37.676860098703,"TOTAL_PARENT_EQUITY":4167895000,"DEBT_ASSET_RATIO":65.0709881123,"OPERATE_PROFIT":604845000,"PRETAX_PROFIT":596994000,"NETCASH_OPERATE":-1344871000,"NETCASH_INVEST":70356000,"NETCASH_FINANCE":580516000,"END_CASH":896700000,"DIVI_RATIO":0.097720287898,"DIVIDEND_RATE":5.050505050505,"CURRENT_RATIO":null,"COMMON_ACS":850000000,"CURRENTDEBT_DEBT":null,"ISSUED_COMMON_SHARES":489459789,"HK_COMMON_SHARES":489459789,"PER_SHARES":200,"TOTAL_MARKET_CAP":969130382.22,"HKSK_MARKET_CAP":969130382.22,"PE_TTM":3.176818813768,"PB_TTM":0.208520035646,"REPORT_DATE_SQ":"2022-12-31 00:00:00","REPORT_TYPE_SQ":"2022年年报","OPERATE_INCOME_SQ":3119281000,"DPS_HKD":0.1,"OPERATE_INCOME_QOQ_SQ":-1.311467941139,"NET_PROFIT_RATIO_SQ":17.0703120367,"HOLDER_PROFIT_SQ":532466000,"HOLDER_PROFIT_QOQ_SQ":-27.023763676209,"ROE_AVG_SQ":14.763276880411,"PE_TTM_SQ":2.065771143799,"PB_TTM_SQ":0.252113021924,"ROA_SQ":4.980884110531,"START_DATE":"2023-01-01 00:00:00","FISCAL_YEAR":"12-31","CURRENCY":"HKD","IS_CNY_CODE":0,"DPS_HKD_LY":0.25,"ORG_TYPE":"银行","PREMIUM_INCOME":null,"PREMIUM_INCOME_YOY":null,"NET_INTEREST_INCOME":1149654000,"NET_INTEREST_INCOME_YOY":-17.468018205574,"FEE_COMMISSION_INCOME":null,"FEE_COMMISSION_INCOME_YOY":null,"ACCOUNTS_RECE_TDAYS":null,"INVENTORY_TDAYS":null,"CURRENT_ASSETS_TDAYS":null,"TOTAL_ASSETS_TDAYS":0.323940862058,"PREMIUM_EXPENSE":null,"LOAN_DEPOSIT":null,"LOAN_EQUITY":null,"LOAN_ASSETS":null,"DEPOSIT_EQUITY":null,"DEPOSIT_ASSETS":null,"EQUITY_MULTIPLIER":2.862949582471,"EQUITY_RATIO":1.863260230884},{"SECUCODE":"02003.HK","SECURITY_CODE":"02003","SECURITY_NAME_ABBR":"维信金科","ORG_CODE":"10917006","STD_REPORT_DATE":"2023-06-30 00:00:00","REPORT_DATE":"2023-06-30 00:00:00","DATE_TYPE_CODE":"002","REPORT_TYPE":"2023年中报","PER_NETCASH_OPERATE":1.182148182555,"PER_OI":3.917802939273,"BPS":8.337984226116,"BASIC_EPS":0.62,"DILUTED_EPS":0.62,"OPERATE_INCOME":1917607000,"OPERATE_INCOME_YOY":21.1764869437,"GROSS_PROFIT":null,"GROSS_PROFIT_YOY":null,"HOLDER_PROFIT":302109000,"HOLDER_PROFIT_YOY":-7.8938783723,"GROSS_PROFIT_RATIO":null,"EPS_TTM":1.0349655097,"OPERATE_INCOME_QOQ":10.743373232485,"NET_PROFIT_RATIO":15.7546880044,"ROE_AVG":7.644646136304,"GROSS_PROFIT_QOQ":null,"ROA":2.986518362092,"HOLDER_PROFIT_QOQ":-4.862657897406,"ROE_YEARLY":15.289292272609,"ROIC_YEARLY":7.432788136974,"TOTAL_ASSETS":10128082000,"TOTAL_LIABILITIES":6043927000,"TAX_EBT":22.130205272545,"OCF_SALES":30.173753016129,"TOTAL_PARENT_EQUITY":4081108000,"DEBT_ASSET_RATIO":59.6749414154,"OPERATE_PROFIT":389497000,"PRETAX_PROFIT":387972000,"NETCASH_OPERATE":578614000,"NETCASH_INVEST":47651000,"NETCASH_FINANCE":-959371000,"END_CASH":1261311000,"DIVI_RATIO":0.087560405782,"DIVIDEND_RATE":5.050505050505,"CURRENT_RATIO":null,"COMMON_ACS":850000000,"CURRENTDEBT_DEBT":null,"ISSUED_COMMON_SHARES":489459789,"HK_COMMON_SHARES":489459789,"PER_SHARES":200,"TOTAL_MARKET_CAP":969130382.22,"HKSK_MARKET_CAP":969130382.22,"PE_TTM":3.176818813768,"PB_TTM":0.208520035646,"REPORT_DATE_SQ":"2022-06-30 00:00:00","REPORT_TYPE_SQ":"2022年中报","OPERATE_INCOME_SQ":1582491000,"DPS_HKD":0.1,"OPERATE_INCOME_QOQ_SQ":-8.602262783896,"NET_PROFIT_RATIO_SQ":20.7266897568,"HOLDER_PROFIT_SQ":328001000,"HOLDER_PROFIT_QOQ_SQ":-38.127832778614,"ROE_AVG_SQ":9.31117526403,"PE_TTM_SQ":2.065771143799,"PB_TTM_SQ":0.252113021924,"ROA_SQ":2.970587649276,"START_DATE":"2023-01-01 00:00:00","FISCAL_YEAR":"12-31","CURRENCY":"HKD","IS_CNY_CODE":0,"DPS_HKD_LY":0.25,"ORG_TYPE":"银行","PREMIUM_INCOME":null,"PREMIUM_INCOME_YOY":null,"NET_INTEREST_INCOME":598541000,"NET_INTEREST_INCOME_YOY":-26.512679224341,"FEE_COMMISSION_INCOME":null,"FEE_COMMISSION_INCOME_YOY":null,"ACCOUNTS_RECE_TDAYS":null,"INVENTORY_TDAYS":null,"CURRENT_ASSETS_TDAYS":null,"TOTAL_ASSETS_TDAYS":0.189566299474,"PREMIUM_EXPENSE":null,"LOAN_DEPOSIT":null,"LOAN_EQUITY":null,"LOAN_ASSETS":null,"DEPOSIT_EQUITY":null,"DEPOSIT_ASSETS":null,"EQUITY_MULTIPLIER":2.479847606178,"EQUITY_RATIO":1.480952476631},{"SECUCODE":"02003.HK","SECURITY_CODE":"02003","SECURITY_NAME_ABBR":"维信金科","ORG_CODE":"10917006","STD_REPORT_DATE":"2022-12-31 00:00:00","REPORT_DATE":"2022-12-31 00:00:00","DATE_TYPE_CODE":"001","REPORT_TYPE":"2022年年报","PER_NETCASH_OPERATE":6.216945841898,"PER_OI":6.372905538109,"BPS":7.810034830052,"BASIC_EPS":1.09,"DILUTED_EPS":1.09,"OPERATE_INCOME":3119281000,"OPERATE_INCOME_YOY":-9.8009148064,"GROSS_PROFIT":null,"GROSS_PROFIT_YOY":null,"HOLDER_PROFIT":532466000,"HOLDER_PROFIT_YOY":-54.8480210299,"GROSS_PROFIT_RATIO":null,"EPS_TTM":1.087864645813,"OPERATE_INCOME_QOQ":-1.311467941139,"NET_PROFIT_RATIO":17.0703120367,"ROE_AVG":14.763276880411,"GROSS_PROFIT_QOQ":null,"ROA":4.980884110531,"HOLDER_PROFIT_QOQ":-27.023763676209,"ROE_YEARLY":14.763276880411,"ROIC_YEARLY":6.154273268568,"TOTAL_ASSETS":10103436000,"TOTAL_LIABILITIES":6277695000,"TAX_EBT":23.398693750719,"OCF_SALES":97.552769372173,"TOTAL_PARENT_EQUITY":3822698000,"DEBT_ASSET_RATIO":62.134258088,"OPERATE_PROFIT":695120000,"PRETAX_PROFIT":695120000,"NETCASH_OPERATE":3042945000,"NETCASH_INVEST":-176109000,"NETCASH_FINANCE":-3177292000,"END_CASH":1592514000,"DIVI_RATIO":0.083302642796,"DIVIDEND_RATE":5.050505050505,"CURRENT_RATIO":null,"COMMON_ACS":850000000,"CURRENTDEBT_DEBT":null,"ISSUED_COMMON_SHARES":489459789,"HK_COMMON_SHARES":489459789,"PER_SHARES":200,"TOTAL_MARKET_CAP":969130382.22,"HKSK_MARKET_CAP":969130382.22,"PE_TTM":3.176818813768,"PB_TTM":0.208520035646,"REPORT_DATE_SQ":"2021-12-31 00:00:00","REPORT_TYPE_SQ":"2021年年报","OPERATE_INCOME_SQ":3458218000,"DPS_HKD":0.1,"OPERATE_INCOME_QOQ_SQ":6.429598242822,"NET_PROFIT_RATIO_SQ":34.1012625578,"HOLDER_PROFIT_SQ":1179275000,"HOLDER_PROFIT_QOQ_SQ":19.203935743946,"ROE_AVG_SQ":41.567574560091,"PE_TTM_SQ":2.065771143799,"PB_TTM_SQ":0.252113021924,"ROA_SQ":12.024743986978,"START_DATE":"2022-01-01 00:00:00","FISCAL_YEAR":"12-31","CURRENCY":"HKD","IS_CNY_CODE":0,"DPS_HKD_LY":0.25,"ORG_TYPE":"银行","PREMIUM_INCOME":null,"PREMIUM_INCOME_YOY":null,"NET_INTEREST_INCOME":1392980000,"NET_INTEREST_INCOME_YOY":0.94211578582,"FEE_COMMISSION_INCOME":null,"FEE_COMMISSION_INCOME_YOY":null,"ACCOUNTS_RECE_TDAYS":null,"INVENTORY_TDAYS":null,"CURRENT_ASSETS_TDAYS":null,"TOTAL_ASSETS_TDAYS":0.291789093936,"PREMIUM_EXPENSE":null,"LOAN_DEPOSIT":null,"LOAN_EQUITY":null,"LOAN_ASSETS":null,"DEPOSIT_EQUITY":null,"DEPOSIT_ASSETS":null,"EQUITY_MULTIPLIER":2.640909564968,"EQUITY_RATIO":1.642215785814},{"SECUCODE":"02003.HK","SECURITY_CODE":"02003","SECURITY_NAME_ABBR":"维信金科","ORG_CODE":"10917006","STD_REPORT_DATE":"2022-06-30 00:00:00","REPORT_DATE":"2022-06-30 00:00:00","DATE_TYPE_CODE":"002","REPORT_TYPE":"2022年中报","PER_NETCASH_OPERATE":3.301315607524,"PER_OI":3.227527684498,"BPS":7.46666443727,"BASIC_EPS":0.67,"DILUTED_EPS":0.67,"OPERATE_INCOME":1582491000,"OPERATE_INCOME_YOY":-15.8238722196,"GROSS_PROFIT":null,"GROSS_PROFIT_YOY":null,"HOLDER_PROFIT":328001000,"HOLDER_PROFIT_YOY":-57.8205914615,"GROSS_PROFIT_RATIO":null,"EPS_TTM":1.488124091891,"OPERATE_INCOME_QOQ":-8.602262783896,"NET_PROFIT_RATIO":20.7266897568,"ROE_AVG":9.31117526403,"GROSS_PROFIT_QOQ":null,"ROA":2.970587649276,"HOLDER_PROFIT_QOQ":-38.127832778614,"ROE_YEARLY":18.62235052806,"ROIC_YEARLY":7.249192783848,"TOTAL_ASSETS":10806295000,"TOTAL_LIABILITIES":7148628000,"TAX_EBT":23.783786295869,"OCF_SALES":102.286205735135,"TOTAL_PARENT_EQUITY":3654632000,"DEBT_ASSET_RATIO":66.1524417018,"OPERATE_PROFIT":430352000,"PRETAX_PROFIT":430352000,"NETCASH_OPERATE":1618670000,"NETCASH_INVEST":-219524000,"NETCASH_FINANCE":-1469378000,"END_CASH":1843129000,"DIVI_RATIO":0.060896803226,"DIVIDEND_RATE":5.050505050505,"CURRENT_RATIO":null,"COMMON_ACS":850000000,"CURRENTDEBT_DEBT":null,"ISSUED_COMMON_SHARES":489459789,"HK_COMMON_SHARES":489459789,"PER_SHARES":200,"TOTAL_MARKET_CAP":969130382.22,"HKSK_MARKET_CAP":969130382.22,"PE_TTM":3.176818813768,"PB_TTM":0.208520035646,"REPORT_DATE_SQ":"2021-06-30 00:00:00","REPORT_TYPE_SQ":"2021年中报","OPERATE_INCOME_SQ":1879976000,"DPS_HKD":0.1,"OPERATE_INCOME_QOQ_SQ":26.277120930719,"NET_PROFIT_RATIO_SQ":41.3635067682,"HOLDER_PROFIT_SQ":777633000,"HOLDER_PROFIT_QOQ_SQ":213.76651513775,"ROE_AVG_SQ":28.973528871515,"PE_TTM_SQ":2.065771143799,"PB_TTM_SQ":0.252113021924,"ROA_SQ":7.910045764122,"START_DATE":"2022-01-01 00:00:00","FISCAL_YEAR":"12-31","CURRENCY":"HKD","IS_CNY_CODE":0,"DPS_HKD_LY":0.25,"ORG_TYPE":"银行","PREMIUM_INCOME":null,"PREMIUM_INCOME_YOY":null,"NET_INTEREST_INCOME":814482000,"NET_INTEREST_INCOME_YOY":45.391029291272,"FEE_COMMISSION_INCOME":null,"FEE_COMMISSION_INCOME_YOY":null,"ACCOUNTS_RECE_TDAYS":null,"INVENTORY_TDAYS":null,"CURRENT_ASSETS_TDAYS":null,"TOTAL_ASSETS_TDAYS":0.143320545355,"PREMIUM_EXPENSE":null,"LOAN_DEPOSIT":null,"LOAN_EQUITY":null,"LOAN_ASSETS":null,"DEPOSIT_EQUITY":null,"DEPOSIT_ASSETS":null,"EQUITY_MULTIPLIER":2.954422860255,"EQUITY_RATIO":1.956045916525},{"SECUCODE":"02003.HK","SECURITY_CODE":"02003","SECURITY_NAME_ABBR":"维信金科","ORG_CODE":"10917006","STD_REPORT_DATE":"2021-12-31 00:00:00","REPORT_DATE":"2021-12-31 00:00:00","DATE_TYPE_CODE":"001","REPORT_TYPE":"2021年年报","PER_NETCASH_OPERATE":-2.075941292449,"PER_OI":7.052472711787,"BPS":6.927406655667,"BASIC_EPS":2.42,"DILUTED_EPS":2.4,"OPERATE_INCOME":3458218000,"OPERATE_INCOME_YOY":34.3962324792,"GROSS_PROFIT":null,"GROSS_PROFIT_YOY":null,"HOLDER_PROFIT":1179275000,"HOLDER_PROFIT_YOY":235.6141636029,"GROSS_PROFIT_RATIO":null,"EPS_TTM":2.40493941018,"OPERATE_INCOME_QOQ":6.429598242822,"NET_PROFIT_RATIO":34.1012625578,"ROE_AVG":41.567574560091,"GROSS_PROFIT_QOQ":null,"ROA":12.024743986978,"HOLDER_PROFIT_QOQ":19.203935743946,"ROE_YEARLY":41.567574560091,"ROIC_YEARLY":14.827190976709,"TOTAL_ASSETS":11276945000,"TOTAL_LIABILITIES":7883220000,"TAX_EBT":22.121565524956,"OCF_SALES":-29.435651540765,"TOTAL_PARENT_EQUITY":3390687000,"DEBT_ASSET_RATIO":69.9056349038,"OPERATE_PROFIT":1513587000,"PRETAX_PROFIT":1514278000,"NETCASH_OPERATE":-1017949000,"NETCASH_INVEST":-122736000,"NETCASH_FINANCE":1545565000,"END_CASH":1908110000,"DIVI_RATIO":0.037681614604,"DIVIDEND_RATE":5.050505050505,"CURRENT_RATIO":null,"COMMON_ACS":850000000,"CURRENTDEBT_DEBT":null,"ISSUED_COMMON_SHARES":489459789,"HK_COMMON_SHARES":489459789,"PER_SHARES":200,"TOTAL_MARKET_CAP":969130382.22,"HKSK_MARKET_CAP":969130382.22,"PE_TTM":3.176818813768,"PB_TTM":0.208520035646,"REPORT_DATE_SQ":"2020-12-31 00:00:00","REPORT_TYPE_SQ":"2020年年报","OPERATE_INCOME_SQ":2573151000,"DPS_HKD":0.1,"OPERATE_INCOME_QOQ_SQ":-19.788657229321,"NET_PROFIT_RATIO_SQ":-33.7937416032,"HOLDER_PROFIT_SQ":-869581000,"HOLDER_PROFIT_QOQ_SQ":14.965715649154,"ROE_AVG_SQ":-32.322796414158,"PE_TTM_SQ":2.065771143799,"PB_TTM_SQ":0.252113021924,"ROA_SQ":-7.686376947154,"START_DATE":"2021-01-01 00:00:00","FISCAL_YEAR":"12-31","CURRENCY":"HKD","IS_CNY_CODE":0,"DPS_HKD_LY":0.1,"ORG_TYPE":"银行","PREMIUM_INCOME":null,"PREMIUM_INCOME_YOY":null,"NET_INTEREST_INCOME":1379979000,"NET_INTEREST_INCOME_YOY":6.037139689153,"FEE_COMMISSION_INCOME":null,"FEE_COMMISSION_INCOME_YOY":null,"ACCOUNTS_RECE_TDAYS":null,"INVENTORY_TDAYS":null,"CURRENT_ASSETS_TDAYS":null,"TOTAL_ASSETS_TDAYS":0.352625011988,"PREMIUM_EXPENSE":null,"LOAN_DEPOSIT":null,"LOAN_EQUITY":null,"LOAN_ASSETS":null,"DEPOSIT_EQUITY":null,"DEPOSIT_ASSETS":null,"EQUITY_MULTIPLIER":3.322881199864,"EQUITY_RATIO":2.324962463359},{"SECUCODE":"02003.HK","SECURITY_CODE":"02003","SECURITY_NAME_ABBR":"维信金科","ORG_CODE":"10917006","STD_REPORT_DATE":"2021-06-30 00:00:00","REPORT_DATE":"2021-06-30 00:00:00","DATE_TYPE_CODE":"002","REPORT_TYPE":"2021年中报","PER_NETCASH_OPERATE":-3.380579448361,"PER_OI":3.812896438673,"BPS":6.301966104921,"BASIC_EPS":1.59,"DILUTED_EPS":1.58,"OPERATE_INCOME":1879976000,"OPERATE_INCOME_YOY":56.1667549962,"GROSS_PROFIT":null,"GROSS_PROFIT_YOY":null,"HOLDER_PROFIT":777633000,"HOLDER_PROFIT_YOY":171.9204801894,"GROSS_PROFIT_RATIO":null,"EPS_TTM":2.006444733128,"OPERATE_INCOME_QOQ":26.277120930719,"NET_PROFIT_RATIO":41.3635067682,"ROE_AVG":28.973528871515,"GROSS_PROFIT_QOQ":null,"ROA":7.910045764122,"HOLDER_PROFIT_QOQ":213.76651513775,"ROE_YEARLY":57.94705774303,"ROIC_YEARLY":19.29036497578,"TOTAL_ASSETS":11324715000,"TOTAL_LIABILITIES":8237148000,"TAX_EBT":22.937634527948,"OCF_SALES":-88.661716958089,"TOTAL_PARENT_EQUITY":3084559000,"DEBT_ASSET_RATIO":72.7360291186,"OPERATE_PROFIT":1008756000,"PRETAX_PROFIT":1009084000,"NETCASH_OPERATE":-1666819000,"NETCASH_INVEST":-32853000,"NETCASH_FINANCE":1849090000,"END_CASH":1650716000,"DIVI_RATIO":0.045165460331,"DIVIDEND_RATE":5.050505050505,"CURRENT_RATIO":null,"COMMON_ACS":850000000,"CURRENTDEBT_DEBT":null,"ISSUED_COMMON_SHARES":489459789,"HK_COMMON_SHARES":489459789,"PER_SHARES":200,"TOTAL_MARKET_CAP":969130382.22,"HKSK_MARKET_CAP":969130382.22,"PE_TTM":3.176818813768,"PB_TTM":0.208520035646,"REPORT_DATE_SQ":"2020-06-30 00:00:00","REPORT_TYPE_SQ":"2020年中报","OPERATE_INCOME_SQ":1203826000,"DPS_HKD":0.1,"OPERATE_INCOME_QOQ_SQ":-16.985827137607,"NET_PROFIT_RATIO_SQ":-89.8159700821,"HOLDER_PROFIT_SQ":-1081240000,"HOLDER_PROFIT_QOQ_SQ":-1678.36703194937,"ROE_AVG_SQ":-41.955670344313,"PE_TTM_SQ":2.065771143799,"PB_TTM_SQ":0.252113021924,"ROA_SQ":-9.045087196493,"START_DATE":"2021-01-01 00:00:00","FISCAL_YEAR":"12-31","CURRENCY":"HKD","IS_CNY_CODE":0,"DPS_HKD_LY":0.1,"ORG_TYPE":"银行","PREMIUM_INCOME":null,"PREMIUM_INCOME_YOY":null,"NET_INTEREST_INCOME":560201000,"NET_INTEREST_INCOME_YOY":-35.16957488815,"FEE_COMMISSION_INCOME":null,"FEE_COMMISSION_INCOME_YOY":null,"ACCOUNTS_RECE_TDAYS":null,"INVENTORY_TDAYS":null,"CURRENT_ASSETS_TDAYS":null,"TOTAL_ASSETS_TDAYS":0.191230261517,"PREMIUM_EXPENSE":null,"LOAN_DEPOSIT":null,"LOAN_EQUITY":null,"LOAN_ASSETS":null,"DEPOSIT_EQUITY":null,"DEPOSIT_ASSETS":null,"EQUITY_MULTIPLIER":3.667844292932,"EQUITY_RATIO":2.670445921119},{"SECUCODE":"02003.HK","SECURITY_CODE":"02003","SECURITY_NAME_ABBR":"维信金科","ORG_CODE":"10917006","STD_REPORT_DATE":"2020-12-31 00:00:00","REPORT_DATE":"2020-12-31 00:00:00","DATE_TYPE_CODE":"001","REPORT_TYPE":"2020年年报","PER_NETCASH_OPERATE":10.675997625081,"PER_OI":5.213455593505,"BPS":4.664994043055,"BASIC_EPS":-1.77,"DILUTED_EPS":-1.77,"OPERATE_INCOME":2573151000,"OPERATE_INCOME_YOY":-33.4132172571,"GROSS_PROFIT":null,"GROSS_PROFIT_YOY":null,"HOLDER_PROFIT":-869581000,"HOLDER_PROFIT_YOY":-1442.1531100478,"GROSS_PROFIT_RATIO":null,"EPS_TTM":-1.761856155529,"OPERATE_INCOME_QOQ":-19.788657229321,"NET_PROFIT_RATIO":-33.7937416032,"ROE_AVG":-32.322796414158,"GROSS_PROFIT_QOQ":null,"ROA":-7.686376947154,"HOLDER_PROFIT_QOQ":14.965715649154,"ROE_YEARLY":-32.322796414158,"ROIC_YEARLY":-9.427211738219,"TOTAL_ASSETS":8337194000,"TOTAL_LIABILITIES":6050850000,"TAX_EBT":18.183246629953,"OCF_SALES":204.777760807663,"TOTAL_PARENT_EQUITY":2283327000,"DEBT_ASSET_RATIO":72.5765767235,"OPERATE_PROFIT":-1051749000,"PRETAX_PROFIT":-1062819000,"NETCASH_OPERATE":5269241000,"NETCASH_INVEST":-27359000,"NETCASH_FINANCE":-5913393000,"END_CASH":1501835000,"DIVI_RATIO":-0.051435527081,"DIVIDEND_RATE":5.050505050505,"CURRENT_RATIO":null,"COMMON_ACS":850000000,"CURRENTDEBT_DEBT":null,"ISSUED_COMMON_SHARES":489459789,"HK_COMMON_SHARES":489459789,"PER_SHARES":200,"TOTAL_MARKET_CAP":969130382.22,"HKSK_MARKET_CAP":969130382.22,"PE_TTM":3.176818813768,"PB_TTM":0.208520035646,"REPORT_DATE_SQ":"2019-12-31 00:00:00","REPORT_TYPE_SQ":"2019年年报","OPERATE_INCOME_SQ":3864357000,"DPS_HKD":0.1,"OPERATE_INCOME_QOQ_SQ":16.178739992009,"NET_PROFIT_RATIO_SQ":1.6766049307,"HOLDER_PROFIT_SQ":64790000,"HOLDER_PROFIT_QOQ_SQ":722.62156448203,"ROE_AVG_SQ":2.202990306877,"PE_TTM_SQ":2.065771143799,"PB_TTM_SQ":0.252113021924,"ROA_SQ":0.499017369409,"START_DATE":"2020-01-01 00:00:00","FISCAL_YEAR":"12-31","CURRENCY":"HKD","IS_CNY_CODE":0,"DPS_HKD_LY":null,"ORG_TYPE":"银行","PREMIUM_INCOME":null,"PREMIUM_INCOME_YOY":null,"NET_INTEREST_INCOME":1301411000,"NET_INTEREST_INCOME_YOY":-26.883202324616,"FEE_COMMISSION_INCOME":null,"FEE_COMMISSION_INCOME_YOY":null,"ACCOUNTS_RECE_TDAYS":null,"INVENTORY_TDAYS":null,"CURRENT_ASSETS_TDAYS":null,"TOTAL_ASSETS_TDAYS":0.22744526994,"PREMIUM_EXPENSE":null,"LOAN_DEPOSIT":null,"LOAN_EQUITY":null,"LOAN_ASSETS":null,"DEPOSIT_EQUITY":null,"DEPOSIT_ASSETS":null,"EQUITY_MULTIPLIER":3.646517759353,"EQUITY_RATIO":2.650014649676},{"SECUCODE":"02003.HK","SECURITY_CODE":"02003","SECURITY_NAME_ABBR":"维信金科","ORG_CODE":"10917006","STD_REPORT_DATE":"2020-06-30 00:00:00","REPORT_DATE":"2020-06-30 00:00:00","DATE_TYPE_CODE":"002","REPORT_TYPE":"2020年中报","PER_NETCASH_OPERATE":7.659215598513,"PER_OI":2.414923871891,"BPS":4.202437148519,"BASIC_EPS":-2.19,"DILUTED_EPS":-2.19,"OPERATE_INCOME":1203826000,"OPERATE_INCOME_YOY":-35.2857916192,"GROSS_PROFIT":null,"GROSS_PROFIT_YOY":null,"HOLDER_PROFIT":-1081240000,"HOLDER_PROFIT_YOY":-17612.7955944282,"GROSS_PROFIT_RATIO":null,"EPS_TTM":-2.051425296986,"OPERATE_INCOME_QOQ":-16.985827137607,"NET_PROFIT_RATIO":-89.8159700821,"ROE_AVG":-41.955670344313,"GROSS_PROFIT_QOQ":null,"ROA":-9.045087196493,"HOLDER_PROFIT_QOQ":-1678.36703194937,"ROE_YEARLY":-83.911340688627,"ROIC_YEARLY":-22.287366635931,"TOTAL_ASSETS":9618428000,"TOTAL_LIABILITIES":7558492000,"TAX_EBT":19.926712473839,"OCF_SALES":317.161782516742,"TOTAL_PARENT_EQUITY":2056924000,"DEBT_ASSET_RATIO":78.5834441969,"OPERATE_PROFIT":-1339063000,"PRETAX_PROFIT":-1350298000,"NETCASH_OPERATE":3818076000,"NETCASH_INVEST":-3171000,"NETCASH_FINANCE":-4170254000,"END_CASH":1814054000,"DIVI_RATIO":-0.044175140149,"DIVIDEND_RATE":5.050505050505,"CURRENT_RATIO":null,"COMMON_ACS":850000000,"CURRENTDEBT_DEBT":null,"ISSUED_COMMON_SHARES":489459789,"HK_COMMON_SHARES":489459789,"PER_SHARES":200,"TOTAL_MARKET_CAP":969130382.22,"HKSK_MARKET_CAP":969130382.22,"PE_TTM":3.176818813768,"PB_TTM":0.208520035646,"REPORT_DATE_SQ":"2019-06-30 00:00:00","REPORT_TYPE_SQ":"2019年中报","OPERATE_INCOME_SQ":1860219000,"DPS_HKD":0.1,"OPERATE_INCOME_QOQ_SQ":21.546359090881,"NET_PROFIT_RATIO_SQ":0.3318964057,"HOLDER_PROFIT_SQ":6174000,"HOLDER_PROFIT_QOQ_SQ":98.986711173734,"ROE_AVG_SQ":0.216131102732,"PE_TTM_SQ":2.065771143799,"PB_TTM_SQ":0.252113021924,"ROA_SQ":0.052694964648,"START_DATE":"2020-01-01 00:00:00","FISCAL_YEAR":"12-31","CURRENCY":"HKD","IS_CNY_CODE":0,"DPS_HKD_LY":null,"ORG_TYPE":"银行","PREMIUM_INCOME":null,"PREMIUM_INCOME_YOY":null,"NET_INTEREST_INCOME":864102000,"NET_INTEREST_INCOME_YOY":14.194377119417,"FEE_COMMISSION_INCOME":null,"FEE_COMMISSION_INCOME_YOY":null,"ACCOUNTS_RECE_TDAYS":null,"INVENTORY_TDAYS":null,"CURRENT_ASSETS_TDAYS":null,"TOTAL_ASSETS_TDAYS":0.100705774291,"PREMIUM_EXPENSE":null,"LOAN_DEPOSIT":null,"LOAN_EQUITY":null,"LOAN_ASSETS":null,"DEPOSIT_EQUITY":null,"DEPOSIT_ASSETS":null,"EQUITY_MULTIPLIER":4.669284870984,"EQUITY_RATIO":3.674657887214}],"count":17},"success":true,"message":"ok","code":0}