{"version":"17cc56c35d0621f667308c3386a31e50","result":{"pages":7,"data":[{"SECUCODE":"02012.HK","SECURITY_CODE":"02012","SECURITY_NAME_ABBR":"阳光油砂","ORG_CODE":"10204879","STD_REPORT_DATE":"2024-09-30 00:00:00","REPORT_DATE":"2024-09-30 00:00:00","DATE_TYPE_CODE":"004","REPORT_TYPE":"2024年三季报","PER_NETCASH_OPERATE":-0.043308779055,"PER_OI":0.560883838532,"BPS":1.041036818771,"BASIC_EPS":-0.726152,"DILUTED_EPS":-0.726152,"OPERATE_INCOME":136563257.2,"OPERATE_INCOME_YOY":46.3047343854,"GROSS_PROFIT":136563257.2,"GROSS_PROFIT_YOY":41.688150474307,"HOLDER_PROFIT":-174395776.4,"HOLDER_PROFIT_YOY":-56.2842800037,"GROSS_PROFIT_RATIO":null,"EPS_TTM":-0.669138684056,"OPERATE_INCOME_QOQ":15.183702068322,"NET_PROFIT_RATIO":-128.5426715789,"ROE_AVG":-44.56121982413,"GROSS_PROFIT_QOQ":15.183702068322,"ROA":-4.521551095222,"HOLDER_PROFIT_QOQ":33.496078105597,"ROE_YEARLY":-59.414959765507,"ROIC_YEARLY":-4.516746540034,"TOTAL_ASSETS":3844980026.8,"TOTAL_LIABILITIES":3548279506.4,"TAX_EBT":null,"OCF_SALES":-7.721523795055,"TOTAL_PARENT_EQUITY":304164325.6,"DEBT_ASSET_RATIO":92.2834314266,"OPERATE_PROFIT":-132543487.2,"PRETAX_PROFIT":-175542059.2,"NETCASH_OPERATE":-10544764.4,"NETCASH_INVEST":342328.8,"NETCASH_FINANCE":10472149.2,"END_CASH":2842366.4,"DIVI_RATIO":null,"DIVIDEND_RATE":null,"CURRENT_RATIO":0.014395579322,"COMMON_ACS":null,"CURRENTDEBT_DEBT":76.238930679523,"ISSUED_COMMON_SHARES":292174417,"HK_COMMON_SHARES":292174417,"PER_SHARES":1000,"TOTAL_MARKET_CAP":116869766.8,"HKSK_MARKET_CAP":116869766.8,"PE_TTM":-0.641059478371,"PB_TTM":0.346496870424,"REPORT_DATE_SQ":"2023-09-30 00:00:00","REPORT_TYPE_SQ":"2023年三季报","OPERATE_INCOME_SQ":96382976.8,"DPS_HKD":null,"OPERATE_INCOME_QOQ_SQ":-22.706583701097,"NET_PROFIT_RATIO_SQ":-120.7879528784,"HOLDER_PROFIT_SQ":-115224681.2,"HOLDER_PROFIT_QOQ_SQ":-195.859527325157,"ROE_AVG_SQ":-21.460135060997,"PE_TTM_SQ":-0.037944115035,"PB_TTM_SQ":0.214421388926,"ROA_SQ":-2.892780620494,"START_DATE":"2024-01-01 00:00:00","FISCAL_YEAR":"12-31","CURRENCY":"HKD","IS_CNY_CODE":0,"DPS_HKD_LY":null,"ORG_TYPE":"一般企业","PREMIUM_INCOME":null,"PREMIUM_INCOME_YOY":null,"NET_INTEREST_INCOME":null,"NET_INTEREST_INCOME_YOY":null,"FEE_COMMISSION_INCOME":null,"FEE_COMMISSION_INCOME_YOY":null,"ACCOUNTS_RECE_TDAYS":4.252099483204,"INVENTORY_TDAYS":null,"CURRENT_ASSETS_TDAYS":3.912474923843,"TOTAL_ASSETS_TDAYS":0.035406691487,"PREMIUM_EXPENSE":null,"LOAN_DEPOSIT":null,"LOAN_EQUITY":null,"LOAN_ASSETS":null,"DEPOSIT_EQUITY":null,"DEPOSIT_ASSETS":null,"EQUITY_MULTIPLIER":12.959128017693,"EQUITY_RATIO":11.665666246035},{"SECUCODE":"02012.HK","SECURITY_CODE":"02012","SECURITY_NAME_ABBR":"阳光油砂","ORG_CODE":"10204879","STD_REPORT_DATE":"2024-06-30 00:00:00","REPORT_DATE":"2024-06-30 00:00:00","DATE_TYPE_CODE":"002","REPORT_TYPE":"2024年中报","PER_NETCASH_OPERATE":-0.024196285998,"PER_OI":0.460695567839,"BPS":1.058220740114,"BASIC_EPS":-0.731836,"DILUTED_EPS":-0.731836,"OPERATE_INCOME":112169549.2,"OPERATE_INCOME_YOY":19.5764837002,"GROSS_PROFIT":112169549.2,"GROSS_PROFIT_YOY":14.229292391294,"HOLDER_PROFIT":-173121033.2,"HOLDER_PROFIT_YOY":-468.2566918325,"GROSS_PROFIT_RATIO":null,"EPS_TTM":-1.006164245649,"OPERATE_INCOME_QOQ":-4.727704526505,"NET_PROFIT_RATIO":-155.0237673595,"ROE_AVG":-43.74554196497,"GROSS_PROFIT_QOQ":-4.727704526505,"ROA":-4.451188533734,"HOLDER_PROFIT_QOQ":-51.489083888866,"ROE_YEARLY":-87.49108392994,"ROIC_YEARLY":-8.895550210382,"TOTAL_ASSETS":3879358088,"TOTAL_LIABILITIES":3577308461.2,"TAX_EBT":null,"OCF_SALES":-5.252120421288,"TOTAL_PARENT_EQUITY":309185027.8,"DEBT_ASSET_RATIO":92.2139276667,"OPERATE_PROFIT":-144302377,"PRETAX_PROFIT":-173889461,"NETCASH_OPERATE":-5891279.8,"NETCASH_INVEST":1777316,"NETCASH_FINANCE":6231060.8,"END_CASH":4777843.6,"DIVI_RATIO":null,"DIVIDEND_RATE":null,"CURRENT_RATIO":0.08579784796,"COMMON_ACS":null,"CURRENTDEBT_DEBT":13.390166847377,"ISSUED_COMMON_SHARES":292174417,"HK_COMMON_SHARES":292174417,"PER_SHARES":1000,"TOTAL_MARKET_CAP":157774185.18,"HKSK_MARKET_CAP":157774185.18,"PE_TTM":-0.865430295801,"PB_TTM":0.467770775073,"REPORT_DATE_SQ":"2023-06-30 00:00:00","REPORT_TYPE_SQ":"2023年中报","OPERATE_INCOME_SQ":98196834.5,"DPS_HKD":null,"OPERATE_INCOME_QOQ_SQ":52.522705639186,"NET_PROFIT_RATIO_SQ":-33.3184731123,"HOLDER_PROFIT_SQ":-31891398.8,"HOLDER_PROFIT_QOQ_SQ":-32.331065767503,"ROE_AVG_SQ":-5.39160360427,"PE_TTM_SQ":-0.044543091563,"PB_TTM_SQ":0.251712065261,"ROA_SQ":-0.781126964629,"START_DATE":"2024-01-01 00:00:00","FISCAL_YEAR":"12-31","CURRENCY":"HKD","IS_CNY_CODE":0,"DPS_HKD_LY":null,"ORG_TYPE":"一般企业","PREMIUM_INCOME":null,"PREMIUM_INCOME_YOY":null,"NET_INTEREST_INCOME":null,"NET_INTEREST_INCOME_YOY":null,"FEE_COMMISSION_INCOME":null,"FEE_COMMISSION_INCOME_YOY":null,"ACCOUNTS_RECE_TDAYS":3.468800517297,"INVENTORY_TDAYS":null,"CURRENT_ASSETS_TDAYS":3.106928255991,"TOTAL_ASSETS_TDAYS":0.028840389986,"PREMIUM_EXPENSE":null,"LOAN_DEPOSIT":null,"LOAN_EQUITY":null,"LOAN_ASSETS":null,"DEPOSIT_EQUITY":null,"DEPOSIT_ASSETS":null,"EQUITY_MULTIPLIER":12.843446055891,"EQUITY_RATIO":11.570121899674},{"SECUCODE":"02012.HK","SECURITY_CODE":"02012","SECURITY_NAME_ABBR":"阳光油砂","ORG_CODE":"10204879","STD_REPORT_DATE":"2024-03-31 00:00:00","REPORT_DATE":"2024-03-31 00:00:00","DATE_TYPE_CODE":"003","REPORT_TYPE":"2024年一季报","PER_NETCASH_OPERATE":-0.019840754764,"PER_OI":0.242421099694,"BPS":1.265696475404,"BASIC_EPS":-0.474642,"DILUTED_EPS":-0.474642,"OPERATE_INCOME":59024369.6,"OPERATE_INCOME_YOY":55.8991502995,"GROSS_PROFIT":59024369.6,"GROSS_PROFIT_YOY":61.770214632737,"HOLDER_PROFIT":-116783027.2,"HOLDER_PROFIT_YOY":-91.3419165299,"GROSS_PROFIT_RATIO":null,"EPS_TTM":-0.664182672322,"OPERATE_INCOME_QOQ":14.207742321314,"NET_PROFIT_RATIO":-198.5078627591,"ROE_AVG":-27.273287106031,"GROSS_PROFIT_QOQ":14.207742321314,"ROA":-2.968573525617,"HOLDER_PROFIT_QOQ":-55.869361774573,"ROE_YEARLY":-109.093148424125,"ROIC_YEARLY":-11.861620674809,"TOTAL_ASSETS":3934059669.4,"TOTAL_LIABILITIES":3571064015.4,"TAX_EBT":null,"OCF_SALES":-8.184417441029,"TOTAL_PARENT_EQUITY":369804129.8,"DEBT_ASSET_RATIO":90.7730008057,"OPERATE_PROFIT":-102717802.6,"PRETAX_PROFIT":-117168014.6,"NETCASH_OPERATE":-4830800.8,"NETCASH_INVEST":1365914.2,"NETCASH_FINANCE":2784566.4,"END_CASH":2046234.4,"DIVI_RATIO":null,"DIVIDEND_RATE":null,"CURRENT_RATIO":0.071590733761,"COMMON_ACS":null,"CURRENTDEBT_DEBT":13.400321650252,"ISSUED_COMMON_SHARES":292174417,"HK_COMMON_SHARES":292174417,"PER_SHARES":1000,"TOTAL_MARKET_CAP":157774185.18,"HKSK_MARKET_CAP":157774185.18,"PE_TTM":-0.865430295801,"PB_TTM":0.467770775073,"REPORT_DATE_SQ":"2023-03-31 00:00:00","REPORT_TYPE_SQ":"2023年一季报","OPERATE_INCOME_SQ":36486549.6,"DPS_HKD":null,"OPERATE_INCOME_QOQ_SQ":48.412236121811,"NET_PROFIT_RATIO_SQ":-162.2788689232,"HOLDER_PROFIT_SQ":-58818615.2,"HOLDER_PROFIT_QOQ_SQ":-102.702119799809,"ROE_AVG_SQ":-10.998702736608,"PE_TTM_SQ":-0.044543091563,"PB_TTM_SQ":0.251712065261,"ROA_SQ":-1.547941650906,"START_DATE":"2024-01-01 00:00:00","FISCAL_YEAR":"12-31","CURRENCY":"HKD","IS_CNY_CODE":0,"DPS_HKD_LY":null,"ORG_TYPE":"一般企业","PREMIUM_INCOME":null,"PREMIUM_INCOME_YOY":null,"NET_INTEREST_INCOME":null,"NET_INTEREST_INCOME_YOY":null,"FEE_COMMISSION_INCOME":null,"FEE_COMMISSION_INCOME_YOY":null,"ACCOUNTS_RECE_TDAYS":1.941033645508,"INVENTORY_TDAYS":null,"CURRENT_ASSETS_TDAYS":1.798344982727,"TOTAL_ASSETS_TDAYS":0.015003736858,"PREMIUM_EXPENSE":null,"LOAN_DEPOSIT":null,"LOAN_EQUITY":null,"LOAN_ASSETS":null,"DEPOSIT_EQUITY":null,"DEPOSIT_ASSETS":null,"EQUITY_MULTIPLIER":10.837759697841,"EQUITY_RATIO":9.656636385676},{"SECUCODE":"02012.HK","SECURITY_CODE":"02012","SECURITY_NAME_ABBR":"阳光油砂","ORG_CODE":"10204879","STD_REPORT_DATE":"2023-12-31 00:00:00","REPORT_DATE":"2023-12-31 00:00:00","DATE_TYPE_CODE":"001","REPORT_TYPE":"2023年年报","PER_NETCASH_OPERATE":-0.167271615867,"PER_OI":0.651517212302,"BPS":1.694925721371,"BASIC_EPS":-0.42616362,"DILUTED_EPS":null,"OPERATE_INCOME":158630551.5,"OPERATE_INCOME_YOY":101.5067839367,"GROSS_PROFIT":158630551.5,"GROSS_PROFIT_YOY":110.479198486641,"HOLDER_PROFIT":-103749909,"HOLDER_PROFIT_YOY":70.4447808205,"GROSS_PROFIT_RATIO":null,"EPS_TTM":-0.426114962402,"OPERATE_INCOME_QOQ":20.299125074095,"NET_PROFIT_RATIO":-66.4050076129,"ROE_AVG":-19.018758024922,"GROSS_PROFIT_QOQ":20.299125074095,"ROA":-2.588288696623,"HOLDER_PROFIT_QOQ":96.110014036644,"ROE_YEARLY":-19.018758024922,"ROIC_YEARLY":-2.586300900656,"TOTAL_ASSETS":4003640823.6,"TOTAL_LIABILITIES":3514964260.5,"TAX_EBT":null,"OCF_SALES":-25.674166807647,"TOTAL_PARENT_EQUITY":495213934.5,"DEBT_ASSET_RATIO":87.7941957176,"OPERATE_PROFIT":-113700883.2,"PRETAX_PROFIT":-105338629.8,"NETCASH_OPERATE":-40727072.4,"NETCASH_INVEST":-14888890.2,"NETCASH_FINANCE":55637431.8,"END_CASH":2828567.1,"DIVI_RATIO":null,"DIVIDEND_RATE":null,"CURRENT_RATIO":0.069676497793,"COMMON_ACS":null,"CURRENTDEBT_DEBT":13.041831771991,"ISSUED_COMMON_SHARES":292174417,"HK_COMMON_SHARES":292174417,"PER_SHARES":1000,"TOTAL_MARKET_CAP":157774185.18,"HKSK_MARKET_CAP":157774185.18,"PE_TTM":-0.865430295801,"PB_TTM":0.467770775073,"REPORT_DATE_SQ":"2022-12-31 00:00:00","REPORT_TYPE_SQ":"2022年年报","OPERATE_INCOME_SQ":75366379.5,"DPS_HKD":null,"OPERATE_INCOME_QOQ_SQ":89.009431750366,"NET_PROFIT_RATIO_SQ":-447.9784550351,"HOLDER_PROFIT_SQ":-336073315.5,"HOLDER_PROFIT_QOQ_SQ":-150.214490828945,"ROE_AVG_SQ":-45.409605010102,"PE_TTM_SQ":-0.044543091563,"PB_TTM_SQ":0.251712065261,"ROA_SQ":-8.700429613893,"START_DATE":"2023-01-01 00:00:00","FISCAL_YEAR":"12-31","CURRENCY":"HKD","IS_CNY_CODE":0,"DPS_HKD_LY":null,"ORG_TYPE":"一般企业","PREMIUM_INCOME":null,"PREMIUM_INCOME_YOY":null,"NET_INTEREST_INCOME":null,"NET_INTEREST_INCOME_YOY":null,"FEE_COMMISSION_INCOME":null,"FEE_COMMISSION_INCOME_YOY":null,"ACCOUNTS_RECE_TDAYS":4.297658862876,"INVENTORY_TDAYS":null,"CURRENT_ASSETS_TDAYS":3.618167350187,"TOTAL_ASSETS_TDAYS":0.039574170941,"PREMIUM_EXPENSE":null,"LOAN_DEPOSIT":null,"LOAN_EQUITY":null,"LOAN_ASSETS":null,"DEPOSIT_EQUITY":null,"DEPOSIT_ASSETS":null,"EQUITY_MULTIPLIER":8.192823486789,"EQUITY_RATIO":7.097870264998},{"SECUCODE":"02012.HK","SECURITY_CODE":"02012","SECURITY_NAME_ABBR":"阳光油砂","ORG_CODE":"10204879","STD_REPORT_DATE":"2023-09-30 00:00:00","REPORT_DATE":"2023-09-30 00:00:00","DATE_TYPE_CODE":"004","REPORT_TYPE":"2023年三季报","PER_NETCASH_OPERATE":-0.114450379333,"PER_OI":0.395857971647,"BPS":1.640499432228,"BASIC_EPS":-0.482022,"DILUTED_EPS":-0.482022,"OPERATE_INCOME":96382976.8,"OPERATE_INCOME_YOY":134.9960825281,"GROSS_PROFIT":96382976.8,"GROSS_PROFIT_YOY":141.646574534188,"HOLDER_PROFIT":-115224681.2,"HOLDER_PROFIT_YOY":-105.0570130386,"GROSS_PROFIT_RATIO":null,"EPS_TTM":-10.954151670881,"OPERATE_INCOME_QOQ":-22.706583701097,"NET_PROFIT_RATIO":-120.7879528784,"ROE_AVG":-21.460135060997,"GROSS_PROFIT_QOQ":-22.706583701097,"ROA":-2.892780620494,"HOLDER_PROFIT_QOQ":-195.859527325157,"ROE_YEARLY":-28.613513414663,"ROIC_YEARLY":-2.890858469675,"TOTAL_ASSETS":3961728106.4,"TOTAL_LIABILITIES":3488960928.8,"TAX_EBT":null,"OCF_SALES":-28.911980440098,"TOTAL_PARENT_EQUITY":479311965.2,"DEBT_ASSET_RATIO":88.066642513,"OPERATE_PROFIT":-76566516.8,"PRETAX_PROFIT":-116419024.6,"NETCASH_OPERATE":-27866227.4,"NETCASH_INVEST":-12843208.4,"NETCASH_FINANCE":42225127.2,"END_CASH":3695502,"DIVI_RATIO":null,"DIVIDEND_RATE":null,"CURRENT_RATIO":0.057417370483,"COMMON_ACS":null,"CURRENTDEBT_DEBT":15.321996328112,"ISSUED_COMMON_SHARES":292174417,"HK_COMMON_SHARES":292174417,"PER_SHARES":1000,"TOTAL_MARKET_CAP":157774185.18,"HKSK_MARKET_CAP":157774185.18,"PE_TTM":-0.865430295801,"PB_TTM":0.467770775073,"REPORT_DATE_SQ":"2022-09-30 00:00:00","REPORT_TYPE_SQ":"2022年三季报","OPERATE_INCOME_SQ":39885927.2,"DPS_HKD":null,"OPERATE_INCOME_QOQ_SQ":1259.61528396234,"NET_PROFIT_RATIO_SQ":1683.3638025594,"HOLDER_PROFIT_SQ":2215804403.6,"HOLDER_PROFIT_QOQ_SQ":-0.591471064171,"ROE_AVG_SQ":53.44725901676,"PE_TTM_SQ":-0.044543091563,"PB_TTM_SQ":0.251712065261,"ROA_SQ":15.190259056265,"START_DATE":"2023-01-01 00:00:00","FISCAL_YEAR":"12-31","CURRENCY":"HKD","IS_CNY_CODE":0,"DPS_HKD_LY":null,"ORG_TYPE":"一般企业","PREMIUM_INCOME":null,"PREMIUM_INCOME_YOY":null,"NET_INTEREST_INCOME":null,"NET_INTEREST_INCOME_YOY":null,"FEE_COMMISSION_INCOME":null,"FEE_COMMISSION_INCOME_YOY":null,"ACCOUNTS_RECE_TDAYS":2.691795677212,"INVENTORY_TDAYS":null,"CURRENT_ASSETS_TDAYS":2.233169944779,"TOTAL_ASSETS_TDAYS":0.024197490028,"PREMIUM_EXPENSE":null,"LOAN_DEPOSIT":null,"LOAN_EQUITY":null,"LOAN_ASSETS":null,"DEPOSIT_EQUITY":null,"DEPOSIT_ASSETS":null,"EQUITY_MULTIPLIER":8.379871306876,"EQUITY_RATIO":7.279102509665},{"SECUCODE":"02012.HK","SECURITY_CODE":"02012","SECURITY_NAME_ABBR":"阳光油砂","ORG_CODE":"10204879","STD_REPORT_DATE":"2023-06-30 00:00:00","REPORT_DATE":"2023-06-30 00:00:00","DATE_TYPE_CODE":"002","REPORT_TYPE":"2023年中报","PER_NETCASH_OPERATE":-0.044724568719,"PER_OI":0.403307731489,"BPS":1.969903744173,"BASIC_EPS":-0.109442,"DILUTED_EPS":-0.109442,"OPERATE_INCOME":98196834.5,"OPERATE_INCOME_YOY":3053.7785588752,"GROSS_PROFIT":98196834.5,"GROSS_PROFIT_YOY":3215.10846594589,"HOLDER_PROFIT":-31891398.8,"HOLDER_PROFIT_YOY":-105.686741345,"GROSS_PROFIT_RATIO":null,"EPS_TTM":-3.702484003107,"OPERATE_INCOME_QOQ":52.522705639186,"NET_PROFIT_RATIO":-33.3184731123,"ROE_AVG":-5.39160360427,"GROSS_PROFIT_QOQ":52.522705639186,"ROA":-0.781126964629,"HOLDER_PROFIT_QOQ":-32.331065767503,"ROE_YEARLY":-10.783207208541,"ROIC_YEARLY":-1.56081779568,"TOTAL_ASSETS":4073890896.4,"TOTAL_LIABILITIES":3504628333.4,"TAX_EBT":null,"OCF_SALES":-11.089439955419,"TOTAL_PARENT_EQUITY":575555478,"DEBT_ASSET_RATIO":86.0265633647,"OPERATE_PROFIT":-6599352.6,"PRETAX_PROFIT":-32717685.9,"NETCASH_OPERATE":-10889479,"NETCASH_INVEST":-2933045.6,"NETCASH_FINANCE":12651495.2,"END_CASH":1280471.4,"DIVI_RATIO":null,"DIVIDEND_RATE":null,"CURRENT_RATIO":0.102315368438,"COMMON_ACS":null,"CURRENTDEBT_DEBT":15.146130713525,"ISSUED_COMMON_SHARES":292174417,"HK_COMMON_SHARES":292174417,"PER_SHARES":1000,"TOTAL_MARKET_CAP":157774185.18,"HKSK_MARKET_CAP":157774185.18,"PE_TTM":-0.865430295801,"PB_TTM":0.467770775073,"REPORT_DATE_SQ":"2022-06-30 00:00:00","REPORT_TYPE_SQ":"2022年中报","OPERATE_INCOME_SQ":2962100.2,"DPS_HKD":null,"OPERATE_INCOME_QOQ_SQ":8753.53899265295,"NET_PROFIT_RATIO_SQ":17984.3585237258,"HOLDER_PROFIT_SQ":533511207.2,"HOLDER_PROFIT_QOQ_SQ":119.06228146133,"ROE_AVG_SQ":44.891630017697,"PE_TTM_SQ":-0.044543091563,"PB_TTM_SQ":0.251712065261,"ROA_SQ":12.552914200604,"START_DATE":"2023-01-01 00:00:00","FISCAL_YEAR":"12-31","CURRENCY":"HKD","IS_CNY_CODE":0,"DPS_HKD_LY":null,"ORG_TYPE":"一般企业","PREMIUM_INCOME":null,"PREMIUM_INCOME_YOY":null,"NET_INTEREST_INCOME":null,"NET_INTEREST_INCOME_YOY":null,"FEE_COMMISSION_INCOME":null,"FEE_COMMISSION_INCOME_YOY":null,"ACCOUNTS_RECE_TDAYS":1.991565395927,"INVENTORY_TDAYS":null,"CURRENT_ASSETS_TDAYS":1.76702279553,"TOTAL_ASSETS_TDAYS":0.024051687337,"PREMIUM_EXPENSE":null,"LOAN_DEPOSIT":null,"LOAN_EQUITY":null,"LOAN_ASSETS":null,"DEPOSIT_EQUITY":null,"DEPOSIT_ASSETS":null,"EQUITY_MULTIPLIER":7.156435643568,"EQUITY_RATIO":6.089123407492},{"SECUCODE":"02012.HK","SECURITY_CODE":"02012","SECURITY_NAME_ABBR":"阳光油砂","ORG_CODE":"10204879","STD_REPORT_DATE":"2023-03-31 00:00:00","REPORT_DATE":"2023-03-31 00:00:00","DATE_TYPE_CODE":"003","REPORT_TYPE":"2023年一季报","PER_NETCASH_OPERATE":-0.063916515138,"PER_OI":0.149855212991,"BPS":1.729680679058,"BASIC_EPS":-0.25412,"DILUTED_EPS":-0.25412,"OPERATE_INCOME":36486549.6,"OPERATE_INCOME_YOY":null,"GROSS_PROFIT":36486549.6,"GROSS_PROFIT_YOY":null,"HOLDER_PROFIT":-58818615.2,"HOLDER_PROFIT_YOY":-120.5519347907,"GROSS_PROFIT_RATIO":null,"EPS_TTM":-2.797894796383,"OPERATE_INCOME_QOQ":48.412236121811,"NET_PROFIT_RATIO":-162.2788689232,"ROE_AVG":-10.998702736608,"GROSS_PROFIT_QOQ":48.412236121811,"ROA":-1.547941650906,"HOLDER_PROFIT_QOQ":-102.702119799809,"ROE_YEARLY":-43.994810946432,"ROIC_YEARLY":-6.185681347616,"TOTAL_ASSETS":3799383696.8,"TOTAL_LIABILITIES":3299483915.2,"TAX_EBT":null,"OCF_SALES":-42.652179969355,"TOTAL_PARENT_EQUITY":505368444,"DEBT_ASSET_RATIO":86.8426086573,"OPERATE_PROFIT":-46320993.6,"PRETAX_PROFIT":-59209960,"NETCASH_OPERATE":-15562308.8,"NETCASH_INVEST":279532,"NETCASH_FINANCE":13092262.4,"END_CASH":320191.2,"DIVI_RATIO":null,"DIVIDEND_RATE":null,"CURRENT_RATIO":0.019204051577,"COMMON_ACS":null,"CURRENTDEBT_DEBT":81.269042726564,"ISSUED_COMMON_SHARES":292174417,"HK_COMMON_SHARES":292174417,"PER_SHARES":1000,"TOTAL_MARKET_CAP":157774185.18,"HKSK_MARKET_CAP":157774185.18,"PE_TTM":-0.865430295801,"PB_TTM":0.467770775073,"REPORT_DATE_SQ":"2022-03-31 00:00:00","REPORT_TYPE_SQ":"2022年一季报","OPERATE_INCOME_SQ":null,"DPS_HKD":null,"OPERATE_INCOME_QOQ_SQ":-104.735643208248,"NET_PROFIT_RATIO_SQ":null,"HOLDER_PROFIT_SQ":286335803.9,"HOLDER_PROFIT_QOQ_SQ":4089.00011034869,"ROE_AVG_SQ":27.441272285587,"PE_TTM_SQ":-0.044543091563,"PB_TTM_SQ":0.251712065261,"ROA_SQ":7.18231022412,"START_DATE":"2023-01-01 00:00:00","FISCAL_YEAR":"12-31","CURRENCY":"HKD","IS_CNY_CODE":0,"DPS_HKD_LY":null,"ORG_TYPE":"一般企业","PREMIUM_INCOME":null,"PREMIUM_INCOME_YOY":null,"NET_INTEREST_INCOME":null,"NET_INTEREST_INCOME_YOY":null,"FEE_COMMISSION_INCOME":null,"FEE_COMMISSION_INCOME_YOY":null,"ACCOUNTS_RECE_TDAYS":0.850592417062,"INVENTORY_TDAYS":null,"CURRENT_ASSETS_TDAYS":0.699775806609,"TOTAL_ASSETS_TDAYS":0.009602240657,"PREMIUM_EXPENSE":null,"LOAN_DEPOSIT":null,"LOAN_EQUITY":null,"LOAN_ASSETS":null,"DEPOSIT_EQUITY":null,"DEPOSIT_ASSETS":null,"EQUITY_MULTIPLIER":7.600290771581,"EQUITY_RATIO":6.528868104792},{"SECUCODE":"02012.HK","SECURITY_CODE":"02012","SECURITY_NAME_ABBR":"阳光油砂","ORG_CODE":"10204879","STD_REPORT_DATE":"2022-12-31 00:00:00","REPORT_DATE":"2022-12-31 00:00:00","DATE_TYPE_CODE":"001","REPORT_TYPE":"2022年年报","PER_NETCASH_OPERATE":-0.450053828327,"PER_OI":0.30953995311,"BPS":1.952308534939,"BASIC_EPS":-1.3802011,"DILUTED_EPS":null,"OPERATE_INCOME":75366379.5,"OPERATE_INCOME_YOY":10156.6433566434,"GROSS_PROFIT":75366379.5,"GROSS_PROFIT_YOY":10431.0637989274,"HOLDER_PROFIT":-336073315.5,"HOLDER_PROFIT_YOY":-4561.3233287858,"GROSS_PROFIT_RATIO":null,"EPS_TTM":-1.380298735477,"OPERATE_INCOME_QOQ":89.009431750366,"NET_PROFIT_RATIO":-447.9784550351,"ROE_AVG":-45.409605010102,"GROSS_PROFIT_QOQ":89.009431750366,"ROA":-8.700429613893,"HOLDER_PROFIT_QOQ":-150.214490828945,"ROE_YEARLY":-45.409605010102,"ROIC_YEARLY":-8.695640612629,"TOTAL_ASSETS":3842154081.5,"TOTAL_LIABILITIES":3276872835,"TAX_EBT":null,"OCF_SALES":-145.394422854026,"TOTAL_PARENT_EQUITY":570414608,"DEBT_ASSET_RATIO":85.2873873741,"OPERATE_PROFIT":-138523683,"PRETAX_PROFIT":-337625142.5,"NETCASH_OPERATE":-109578512.5,"NETCASH_INVEST":-8170215,"NETCASH_FINANCE":118848366.5,"END_CASH":2785067,"DIVI_RATIO":null,"DIVIDEND_RATE":null,"CURRENT_RATIO":0.01989773339,"COMMON_ACS":null,"CURRENTDEBT_DEBT":81.850527669317,"ISSUED_COMMON_SHARES":292174417,"HK_COMMON_SHARES":292174417,"PER_SHARES":1000,"TOTAL_MARKET_CAP":157774185.18,"HKSK_MARKET_CAP":157774185.18,"PE_TTM":-0.865430295801,"PB_TTM":0.467770775073,"REPORT_DATE_SQ":"2021-12-31 00:00:00","REPORT_TYPE_SQ":"2021年年报","OPERATE_INCOME_SQ":715657.8,"DPS_HKD":null,"OPERATE_INCOME_QOQ_SQ":-42.890173410405,"NET_PROFIT_RATIO_SQ":784.6153846154,"HOLDER_PROFIT_SQ":7336743.6,"HOLDER_PROFIT_QOQ_SQ":-96.683055300058,"ROE_AVG_SQ":0.855329179211,"PE_TTM_SQ":-0.044543091563,"PB_TTM_SQ":0.251712065261,"ROA_SQ":0.19322729118,"START_DATE":"2022-01-01 00:00:00","FISCAL_YEAR":"12-31","CURRENCY":"HKD","IS_CNY_CODE":0,"DPS_HKD_LY":null,"ORG_TYPE":"一般企业","PREMIUM_INCOME":null,"PREMIUM_INCOME_YOY":null,"NET_INTEREST_INCOME":null,"NET_INTEREST_INCOME_YOY":null,"FEE_COMMISSION_INCOME":null,"FEE_COMMISSION_INCOME_YOY":null,"ACCOUNTS_RECE_TDAYS":2.762146892655,"INVENTORY_TDAYS":null,"CURRENT_ASSETS_TDAYS":1.235323844016,"TOTAL_ASSETS_TDAYS":0.019511215257,"PREMIUM_EXPENSE":null,"LOAN_DEPOSIT":null,"LOAN_EQUITY":null,"LOAN_ASSETS":null,"DEPOSIT_EQUITY":null,"DEPOSIT_ASSETS":null,"EQUITY_MULTIPLIER":6.796889345402,"EQUITY_RATIO":5.744721101182},{"SECUCODE":"02012.HK","SECURITY_CODE":"02012","SECURITY_NAME_ABBR":"阳光油砂","ORG_CODE":"10204879","STD_REPORT_DATE":"2022-09-30 00:00:00","REPORT_DATE":"2022-09-30 00:00:00","DATE_TYPE_CODE":"004","REPORT_TYPE":"2022年三季报","PER_NETCASH_OPERATE":-0.344276506081,"PER_OI":0.163816918328,"BPS":5.458228697689,"BASIC_EPS":9.1147,"DILUTED_EPS":9.1147,"OPERATE_INCOME":39885927.2,"OPERATE_INCOME_YOY":5255.2447552448,"GROSS_PROFIT":39885927.2,"GROSS_PROFIT_YOY":5384.98717517832,"HOLDER_PROFIT":2215804403.6,"HOLDER_PROFIT_YOY":6055.3384175405,"GROSS_PROFIT_RATIO":null,"EPS_TTM":2.748805599123,"OPERATE_INCOME_QOQ":1259.61528396234,"NET_PROFIT_RATIO":1683.3638025594,"ROE_AVG":53.44725901676,"GROSS_PROFIT_QOQ":1259.61528396234,"ROA":15.190259056265,"HOLDER_PROFIT_QOQ":-0.591471064171,"ROE_YEARLY":71.263012022346,"ROIC_YEARLY":15.18689170818,"TOTAL_ASSETS":6462858765.2,"TOTAL_LIABILITIES":3329646785.6,"TAX_EBT":null,"OCF_SALES":-210.159310524941,"TOTAL_PARENT_EQUITY":3137951623.6,"DEBT_ASSET_RATIO":67.6803982371,"OPERATE_PROFIT":2406291216.8,"PRETAX_PROFIT":2214622096.8,"NETCASH_OPERATE":-83823989.6,"NETCASH_INVEST":-5895908.8,"NETCASH_FINANCE":93245985.2,"END_CASH":4708393.6,"DIVI_RATIO":null,"DIVIDEND_RATE":null,"CURRENT_RATIO":0.020282853179,"COMMON_ACS":null,"CURRENTDEBT_DEBT":79.713085264139,"ISSUED_COMMON_SHARES":292174417,"HK_COMMON_SHARES":292174417,"PER_SHARES":1000,"TOTAL_MARKET_CAP":157774185.18,"HKSK_MARKET_CAP":157774185.18,"PE_TTM":-0.865430295801,"PB_TTM":0.467770775073,"REPORT_DATE_SQ":"2021-09-30 00:00:00","REPORT_TYPE_SQ":"2021年三季报","OPERATE_INCOME_SQ":727183.6,"DPS_HKD":null,"OPERATE_INCOME_QOQ_SQ":-44.269935444987,"NET_PROFIT_RATIO_SQ":1279.020979021,"HOLDER_PROFIT_SQ":10668749.6,"HOLDER_PROFIT_QOQ_SQ":1067.13195058971,"ROE_AVG_SQ":1.225259739881,"PE_TTM_SQ":-0.044543091563,"PB_TTM_SQ":0.251712065261,"ROA_SQ":0.275236519085,"START_DATE":"2022-01-01 00:00:00","FISCAL_YEAR":"12-31","CURRENCY":"HKD","IS_CNY_CODE":0,"DPS_HKD_LY":null,"ORG_TYPE":"一般企业","PREMIUM_INCOME":null,"PREMIUM_INCOME_YOY":null,"NET_INTEREST_INCOME":null,"NET_INTEREST_INCOME_YOY":null,"FEE_COMMISSION_INCOME":null,"FEE_COMMISSION_INCOME_YOY":null,"ACCOUNTS_RECE_TDAYS":1.43609939053,"INVENTORY_TDAYS":null,"CURRENT_ASSETS_TDAYS":0.64635381499,"TOTAL_ASSETS_TDAYS":0.009007891021,"PREMIUM_EXPENSE":null,"LOAN_DEPOSIT":null,"LOAN_EQUITY":null,"LOAN_ASSETS":null,"DEPOSIT_EQUITY":null,"DEPOSIT_ASSETS":null,"EQUITY_MULTIPLIER":3.094097530459,"EQUITY_RATIO":1.061089266182}],"count":59},"success":true,"message":"ok","code":0}