{"version":"c62b448d74895b6c33eb3d7d14e771a1","result":{"pages":3,"data":[{"SECUCODE":"02017.HK","SECURITY_CODE":"02017","SECURITY_NAME_ABBR":"沧海控股","ORG_CODE":"10543525","STD_REPORT_DATE":"2024-06-30 00:00:00","REPORT_DATE":"2024-06-30 00:00:00","DATE_TYPE_CODE":"002","REPORT_TYPE":"2024年中报","PER_NETCASH_OPERATE":0.000108326246,"PER_OI":1.77526992637,"BPS":1.595252723516,"BASIC_EPS":0.025,"DILUTED_EPS":0.025,"OPERATE_INCOME":1098008000,"OPERATE_INCOME_YOY":6.6834042446,"GROSS_PROFIT":62042000,"GROSS_PROFIT_YOY":7.96484816845,"HOLDER_PROFIT":15697000,"HOLDER_PROFIT_YOY":18.0580625752,"GROSS_PROFIT_RATIO":5.650414204632,"EPS_TTM":0.053590772544,"OPERATE_INCOME_QOQ":3.659967341388,"NET_PROFIT_RATIO":1.437603369,"ROE_AVG":1.603668095771,"GROSS_PROFIT_QOQ":3.236779203146,"ROA":0.696898608067,"HOLDER_PROFIT_QOQ":7.809399902423,"ROE_YEARLY":3.207336191541,"ROIC_YEARLY":1.652073195568,"TOTAL_ASSETS":2178833000,"TOTAL_LIABILITIES":1185991000,"TAX_EBT":15.669409124907,"OCF_SALES":0.006101959184,"TOTAL_PARENT_EQUITY":986667000,"DEBT_ASSET_RATIO":54.4323956907,"OPERATE_PROFIT":33437000,"PRETAX_PROFIT":18718000,"NETCASH_OPERATE":67000,"NETCASH_INVEST":111362000,"NETCASH_FINANCE":-95129000,"END_CASH":268872000,"DIVI_RATIO":null,"DIVIDEND_RATE":null,"CURRENT_RATIO":1.779546825119,"COMMON_ACS":2000000000,"CURRENTDEBT_DEBT":99.969982908808,"ISSUED_COMMON_SHARES":618502000,"HK_COMMON_SHARES":618502000,"PER_SHARES":2000,"TOTAL_MARKET_CAP":145347970,"HKSK_MARKET_CAP":145347970,"PE_TTM":3.959970921155,"PB_TTM":0.13444879099,"REPORT_DATE_SQ":"2023-06-30 00:00:00","REPORT_TYPE_SQ":"2023年中报","OPERATE_INCOME_SQ":1029221000,"DPS_HKD":null,"OPERATE_INCOME_QOQ_SQ":9.511739303629,"NET_PROFIT_RATIO_SQ":1.2867984621,"HOLDER_PROFIT_SQ":13296000,"HOLDER_PROFIT_QOQ_SQ":25.701624815362,"ROE_AVG_SQ":1.404200985771,"PE_TTM_SQ":3.564657859855,"PB_TTM_SQ":0.158481371254,"ROA_SQ":0.576662724953,"START_DATE":"2024-01-01 00:00:00","FISCAL_YEAR":"12-31","CURRENCY":"HKD","IS_CNY_CODE":0,"DPS_HKD_LY":null,"ORG_TYPE":"一般企业","PREMIUM_INCOME":null,"PREMIUM_INCOME_YOY":null,"NET_INTEREST_INCOME":null,"NET_INTEREST_INCOME_YOY":null,"FEE_COMMISSION_INCOME":null,"FEE_COMMISSION_INCOME_YOY":null,"ACCOUNTS_RECE_TDAYS":1.792158466132,"INVENTORY_TDAYS":null,"CURRENT_ASSETS_TDAYS":0.508601344912,"TOTAL_ASSETS_TDAYS":0.487481841656,"PREMIUM_EXPENSE":null,"LOAN_DEPOSIT":null,"LOAN_EQUITY":null,"LOAN_ASSETS":null,"DEPOSIT_EQUITY":null,"DEPOSIT_ASSETS":null,"EQUITY_MULTIPLIER":2.194541528258,"EQUITY_RATIO":1.202017499318},{"SECUCODE":"02017.HK","SECURITY_CODE":"02017","SECURITY_NAME_ABBR":"沧海控股","ORG_CODE":"10543525","STD_REPORT_DATE":"2023-12-31 00:00:00","REPORT_DATE":"2023-12-31 00:00:00","DATE_TYPE_CODE":"001","REPORT_TYPE":"2023年年报","PER_NETCASH_OPERATE":0.156849937429,"PER_OI":3.038701572509,"BPS":1.569873662494,"BASIC_EPS":0.05,"DILUTED_EPS":0.05,"OPERATE_INCOME":1879443000,"OPERATE_INCOME_YOY":-6.8821134908,"GROSS_PROFIT":141406000,"GROSS_PROFIT_YOY":1.316920784134,"HOLDER_PROFIT":30745000,"HOLDER_PROFIT_YOY":-7.3192053779,"GROSS_PROFIT_RATIO":7.523824877903,"EPS_TTM":0.049708812583,"OPERATE_INCOME_QOQ":-14.969950161243,"NET_PROFIT_RATIO":1.6059545301,"ROE_AVG":3.217358772914,"GROSS_PROFIT_QOQ":2.265067908645,"ROA":1.332517079038,"HOLDER_PROFIT_QOQ":-26.269215089091,"ROE_YEARLY":3.217358772914,"ROIC_YEARLY":1.595967644605,"TOTAL_ASSETS":2325983000,"TOTAL_LIABILITIES":1348926000,"TAX_EBT":31.078026168566,"OCF_SALES":5.161742069326,"TOTAL_PARENT_EQUITY":970970000,"DEBT_ASSET_RATIO":57.9938030502,"OPERATE_PROFIT":71494000,"PRETAX_PROFIT":43793000,"NETCASH_OPERATE":97012000,"NETCASH_INVEST":-83312000,"NETCASH_FINANCE":9619000,"END_CASH":252572000,"DIVI_RATIO":null,"DIVIDEND_RATE":null,"CURRENT_RATIO":1.771413946264,"COMMON_ACS":2000000000,"CURRENTDEBT_DEBT":92.398248680802,"ISSUED_COMMON_SHARES":618502000,"HK_COMMON_SHARES":618502000,"PER_SHARES":2000,"TOTAL_MARKET_CAP":170088050,"HKSK_MARKET_CAP":170088050,"PE_TTM":4.634008524756,"PB_TTM":0.157333691584,"REPORT_DATE_SQ":"2022-12-31 00:00:00","REPORT_TYPE_SQ":"2022年年报","OPERATE_INCOME_SQ":2018348000,"DPS_HKD":null,"OPERATE_INCOME_QOQ_SQ":16.922784599672,"NET_PROFIT_RATIO_SQ":1.6399055069,"HOLDER_PROFIT_SQ":33173000,"HOLDER_PROFIT_QOQ_SQ":38.209315890342,"ROE_AVG_SQ":3.591556653388,"PE_TTM_SQ":4.035461728137,"PB_TTM_SQ":0.179412873118,"ROA_SQ":1.448982266096,"START_DATE":"2023-01-01 00:00:00","FISCAL_YEAR":"12-31","CURRENCY":"HKD","IS_CNY_CODE":0,"DPS_HKD_LY":null,"ORG_TYPE":"一般企业","PREMIUM_INCOME":null,"PREMIUM_INCOME_YOY":null,"NET_INTEREST_INCOME":null,"NET_INTEREST_INCOME_YOY":null,"FEE_COMMISSION_INCOME":null,"FEE_COMMISSION_INCOME_YOY":null,"ACCOUNTS_RECE_TDAYS":2.772129774122,"INVENTORY_TDAYS":null,"CURRENT_ASSETS_TDAYS":0.856464968632,"TOTAL_ASSETS_TDAYS":0.814568188836,"PREMIUM_EXPENSE":null,"LOAN_DEPOSIT":null,"LOAN_EQUITY":null,"LOAN_ASSETS":null,"DEPOSIT_EQUITY":null,"DEPOSIT_ASSETS":null,"EQUITY_MULTIPLIER":2.380601131769,"EQUITY_RATIO":1.38925610472},{"SECUCODE":"02017.HK","SECURITY_CODE":"02017","SECURITY_NAME_ABBR":"沧海控股","ORG_CODE":"10543525","STD_REPORT_DATE":"2023-06-30 00:00:00","REPORT_DATE":"2023-06-30 00:00:00","DATE_TYPE_CODE":"002","REPORT_TYPE":"2023年中报","PER_NETCASH_OPERATE":-0.062428254072,"PER_OI":1.664054441214,"BPS":1.541661950972,"BASIC_EPS":0.021,"DILUTED_EPS":0.021,"OPERATE_INCOME":1029221000,"OPERATE_INCOME_YOY":22.9300762863,"GROSS_PROFIT":57465000,"GROSS_PROFIT_YOY":-2.202215830766,"HOLDER_PROFIT":13296000,"HOLDER_PROFIT_YOY":178.7421383648,"GROSS_PROFIT_RATIO":5.583348960039,"EPS_TTM":0.067419345451,"OPERATE_INCOME_QOQ":9.511739303629,"NET_PROFIT_RATIO":1.2867984621,"ROE_AVG":1.404200985771,"GROSS_PROFIT_QOQ":-0.927146623868,"ROA":0.576662724953,"HOLDER_PROFIT_QOQ":25.701624815362,"ROE_YEARLY":2.808401971542,"ROIC_YEARLY":1.332937007799,"TOTAL_ASSETS":2322769000,"TOTAL_LIABILITIES":1362651000,"TAX_EBT":30.23598820059,"OCF_SALES":-3.751575220482,"TOTAL_PARENT_EQUITY":953521000,"DEBT_ASSET_RATIO":58.6649382698,"OPERATE_PROFIT":31333000,"PRETAX_PROFIT":18984000,"NETCASH_OPERATE":-38612000,"NETCASH_INVEST":28030000,"NETCASH_FINANCE":20700000,"END_CASH":239371000,"DIVI_RATIO":null,"DIVIDEND_RATE":null,"CURRENT_RATIO":1.756505988555,"COMMON_ACS":2000000000,"CURRENTDEBT_DEBT":92.294285183807,"ISSUED_COMMON_SHARES":618502000,"HK_COMMON_SHARES":618502000,"PER_SHARES":2000,"TOTAL_MARKET_CAP":170088050,"HKSK_MARKET_CAP":170088050,"PE_TTM":4.634008524756,"PB_TTM":0.157333691584,"REPORT_DATE_SQ":"2022-06-30 00:00:00","REPORT_TYPE_SQ":"2022年中报","OPERATE_INCOME_SQ":837241000,"DPS_HKD":null,"OPERATE_INCOME_QOQ_SQ":-2.405015485407,"NET_PROFIT_RATIO_SQ":0.5645925128,"HOLDER_PROFIT_SQ":4770000,"HOLDER_PROFIT_QOQ_SQ":-23.584845590576,"ROE_AVG_SQ":0.524500322727,"PE_TTM_SQ":4.035461728137,"PB_TTM_SQ":0.179412873118,"ROA_SQ":0.209681435874,"START_DATE":"2023-01-01 00:00:00","FISCAL_YEAR":"12-31","CURRENCY":"HKD","IS_CNY_CODE":0,"DPS_HKD_LY":null,"ORG_TYPE":"一般企业","PREMIUM_INCOME":null,"PREMIUM_INCOME_YOY":null,"NET_INTEREST_INCOME":null,"NET_INTEREST_INCOME_YOY":null,"FEE_COMMISSION_INCOME":null,"FEE_COMMISSION_INCOME_YOY":null,"ACCOUNTS_RECE_TDAYS":1.354342406619,"INVENTORY_TDAYS":1315.85104942451,"CURRENT_ASSETS_TDAYS":0.46888869451,"TOTAL_ASSETS_TDAYS":0.446384917598,"PREMIUM_EXPENSE":null,"LOAN_DEPOSIT":null,"LOAN_EQUITY":null,"LOAN_ASSETS":null,"DEPOSIT_EQUITY":null,"DEPOSIT_ASSETS":null,"EQUITY_MULTIPLIER":2.419253675069,"EQUITY_RATIO":1.429072878311},{"SECUCODE":"02017.HK","SECURITY_CODE":"02017","SECURITY_NAME_ABBR":"沧海控股","ORG_CODE":"10543525","STD_REPORT_DATE":"2022-12-31 00:00:00","REPORT_DATE":"2022-12-31 00:00:00","DATE_TYPE_CODE":"001","REPORT_TYPE":"2022年年报","PER_NETCASH_OPERATE":-0.132049694261,"PER_OI":3.263284516461,"BPS":1.520164849912,"BASIC_EPS":0.054,"DILUTED_EPS":0.054,"OPERATE_INCOME":2018348000,"OPERATE_INCOME_YOY":14.1107735241,"GROSS_PROFIT":139568000,"GROSS_PROFIT_YOY":-9.954967160867,"HOLDER_PROFIT":33173000,"HOLDER_PROFIT_YOY":5.6128621458,"GROSS_PROFIT_RATIO":6.914962137352,"EPS_TTM":0.053634426404,"OPERATE_INCOME_QOQ":16.922784599672,"NET_PROFIT_RATIO":1.6399055069,"ROE_AVG":3.591556653388,"GROSS_PROFIT_QOQ":3.603188978131,"ROA":1.448982266096,"HOLDER_PROFIT_QOQ":38.209315890342,"ROE_YEARLY":3.591556653388,"ROIC_YEARLY":1.710490255805,"TOTAL_ASSETS":2288592000,"TOTAL_LIABILITIES":1341718000,"TAX_EBT":29.513607904936,"OCF_SALES":-4.046527159836,"TOTAL_PARENT_EQUITY":940225000,"DEBT_ASSET_RATIO":58.6263519229,"OPERATE_PROFIT":74165000,"PRETAX_PROFIT":46958000,"NETCASH_OPERATE":-81673000,"NETCASH_INVEST":33370000,"NETCASH_FINANCE":-22794000,"END_CASH":229253000,"DIVI_RATIO":null,"DIVIDEND_RATE":null,"CURRENT_RATIO":1.764949227816,"COMMON_ACS":2000000000,"CURRENTDEBT_DEBT":92.099532092437,"ISSUED_COMMON_SHARES":618502000,"HK_COMMON_SHARES":618502000,"PER_SHARES":2000,"TOTAL_MARKET_CAP":170088050,"HKSK_MARKET_CAP":170088050,"PE_TTM":4.634008524756,"PB_TTM":0.157333691584,"REPORT_DATE_SQ":"2021-12-31 00:00:00","REPORT_TYPE_SQ":"2021年年报","OPERATE_INCOME_SQ":1768762000,"DPS_HKD":null,"OPERATE_INCOME_QOQ_SQ":-0.93006087824,"NET_PROFIT_RATIO_SQ":1.7695993017,"HOLDER_PROFIT_SQ":31410000,"HOLDER_PROFIT_QOQ_SQ":7.366262177406,"ROE_AVG_SQ":3.52388014993,"PE_TTM_SQ":4.035461728137,"PB_TTM_SQ":0.179412873118,"ROA_SQ":1.392487527572,"START_DATE":"2022-01-01 00:00:00","FISCAL_YEAR":"12-31","CURRENCY":"HKD","IS_CNY_CODE":0,"DPS_HKD_LY":null,"ORG_TYPE":"一般企业","PREMIUM_INCOME":null,"PREMIUM_INCOME_YOY":null,"NET_INTEREST_INCOME":null,"NET_INTEREST_INCOME_YOY":null,"FEE_COMMISSION_INCOME":null,"FEE_COMMISSION_INCOME_YOY":null,"ACCOUNTS_RECE_TDAYS":2.613561892084,"INVENTORY_TDAYS":1388.60310421286,"CURRENT_ASSETS_TDAYS":0.935183670746,"TOTAL_ASSETS_TDAYS":0.881605660872,"PREMIUM_EXPENSE":null,"LOAN_DEPOSIT":null,"LOAN_EQUITY":null,"LOAN_ASSETS":null,"DEPOSIT_EQUITY":null,"DEPOSIT_ASSETS":null,"EQUITY_MULTIPLIER":2.416997404088,"EQUITY_RATIO":1.42701800101},{"SECUCODE":"02017.HK","SECURITY_CODE":"02017","SECURITY_NAME_ABBR":"沧海控股","ORG_CODE":"10543525","STD_REPORT_DATE":"2022-06-30 00:00:00","REPORT_DATE":"2022-06-30 00:00:00","DATE_TYPE_CODE":"002","REPORT_TYPE":"2022年中报","PER_NETCASH_OPERATE":-0.068738662122,"PER_OI":1.353659325273,"BPS":1.474242605521,"BASIC_EPS":0.008,"DILUTED_EPS":0.008,"OPERATE_INCOME":837241000,"OPERATE_INCOME_YOY":-4.8351860692,"GROSS_PROFIT":58759000,"GROSS_PROFIT_YOY":-25.661981453133,"HOLDER_PROFIT":4770000,"HOLDER_PROFIT_YOY":-60.8310067335,"GROSS_PROFIT_RATIO":7.018170395382,"EPS_TTM":0.038806665136,"OPERATE_INCOME_QOQ":-2.405015485407,"NET_PROFIT_RATIO":0.5645925128,"ROE_AVG":0.524500322727,"GROSS_PROFIT_QOQ":-13.086620472522,"ROA":0.209681435874,"HOLDER_PROFIT_QOQ":-23.584845590576,"ROE_YEARLY":1.049000645454,"ROIC_YEARLY":0.49650365664,"TOTAL_ASSETS":2259551000,"TOTAL_LIABILITIES":1341049000,"TAX_EBT":26.803964075565,"OCF_SALES":-5.077988297276,"TOTAL_PARENT_EQUITY":911822000,"DEBT_ASSET_RATIO":59.3502425924,"OPERATE_PROFIT":18549000,"PRETAX_PROFIT":6458000,"NETCASH_OPERATE":-57767000,"NETCASH_INVEST":-19874000,"NETCASH_FINANCE":427000,"END_CASH":223136000,"DIVI_RATIO":null,"DIVIDEND_RATE":null,"CURRENT_RATIO":1.741383364509,"COMMON_ACS":2000000000,"CURRENTDEBT_DEBT":91.648179894993,"ISSUED_COMMON_SHARES":618502000,"HK_COMMON_SHARES":618502000,"PER_SHARES":2000,"TOTAL_MARKET_CAP":170088050,"HKSK_MARKET_CAP":170088050,"PE_TTM":4.634008524756,"PB_TTM":0.157333691584,"REPORT_DATE_SQ":"2021-06-30 00:00:00","REPORT_TYPE_SQ":"2021年中报","OPERATE_INCOME_SQ":879780000,"DPS_HKD":null,"OPERATE_INCOME_QOQ_SQ":11.965560578163,"NET_PROFIT_RATIO_SQ":1.375343836,"HOLDER_PROFIT_SQ":12178000,"HOLDER_PROFIT_QOQ_SQ":27.029960920538,"ROE_AVG_SQ":1.381146857715,"PE_TTM_SQ":4.035461728137,"PB_TTM_SQ":0.179412873118,"ROA_SQ":0.551625796773,"START_DATE":"2022-01-01 00:00:00","FISCAL_YEAR":"12-31","CURRENCY":"HKD","IS_CNY_CODE":0,"DPS_HKD_LY":null,"ORG_TYPE":"一般企业","PREMIUM_INCOME":null,"PREMIUM_INCOME_YOY":null,"NET_INTEREST_INCOME":null,"NET_INTEREST_INCOME_YOY":null,"FEE_COMMISSION_INCOME":null,"FEE_COMMISSION_INCOME_YOY":null,"ACCOUNTS_RECE_TDAYS":1.139986697176,"INVENTORY_TDAYS":null,"CURRENT_ASSETS_TDAYS":0.391623906037,"TOTAL_ASSETS_TDAYS":0.368037515833,"PREMIUM_EXPENSE":null,"LOAN_DEPOSIT":null,"LOAN_EQUITY":null,"LOAN_ASSETS":null,"DEPOSIT_EQUITY":null,"DEPOSIT_ASSETS":null,"EQUITY_MULTIPLIER":2.460039281349,"EQUITY_RATIO":1.470735516362},{"SECUCODE":"02017.HK","SECURITY_CODE":"02017","SECURITY_NAME_ABBR":"沧海控股","ORG_CODE":"10543525","STD_REPORT_DATE":"2021-12-31 00:00:00","REPORT_DATE":"2021-12-31 00:00:00","DATE_TYPE_CODE":"001","REPORT_TYPE":"2021年年报","PER_NETCASH_OPERATE":0.074269767923,"PER_OI":2.859751464021,"BPS":1.466530423507,"BASIC_EPS":0.051,"DILUTED_EPS":0.051,"OPERATE_INCOME":1768762000,"OPERATE_INCOME_YOY":10.9242127021,"GROSS_PROFIT":154998000,"GROSS_PROFIT_YOY":12.899889283841,"HOLDER_PROFIT":31410000,"HOLDER_PROFIT_YOY":36.3873208858,"GROSS_PROFIT_RATIO":8.7630783565,"EPS_TTM":0.050783990998,"OPERATE_INCOME_QOQ":-0.93006087824,"NET_PROFIT_RATIO":1.7695993017,"ROE_AVG":3.52388014993,"GROSS_PROFIT_QOQ":-0.336929823433,"ROA":1.392487527572,"HOLDER_PROFIT_QOQ":7.366262177406,"ROE_YEARLY":3.52388014993,"ROIC_YEARLY":1.635485611918,"TOTAL_ASSETS":2290208000,"TOTAL_LIABILITIES":1376433000,"TAX_EBT":20.546276082652,"OCF_SALES":2.59707071952,"TOTAL_PARENT_EQUITY":907052000,"DEBT_ASSET_RATIO":60.1007856055,"OPERATE_PROFIT":68410000,"PRETAX_PROFIT":39394000,"NETCASH_OPERATE":44482000,"NETCASH_INVEST":-24907000,"NETCASH_FINANCE":7279000,"END_CASH":300350000,"DIVI_RATIO":null,"DIVIDEND_RATE":null,"CURRENT_RATIO":1.680172840419,"COMMON_ACS":2000000000,"CURRENTDEBT_DEBT":92.340055781865,"ISSUED_COMMON_SHARES":618502000,"HK_COMMON_SHARES":618502000,"PER_SHARES":2000,"TOTAL_MARKET_CAP":170088050,"HKSK_MARKET_CAP":170088050,"PE_TTM":4.634008524756,"PB_TTM":0.157333691584,"REPORT_DATE_SQ":"2020-12-31 00:00:00","REPORT_TYPE_SQ":"2020年年报","OPERATE_INCOME_SQ":1594568000,"DPS_HKD":null,"OPERATE_INCOME_QOQ_SQ":4.631956629295,"NET_PROFIT_RATIO_SQ":1.4171236347,"HOLDER_PROFIT_SQ":23030000,"HOLDER_PROFIT_QOQ_SQ":-37.126320674875,"ROE_AVG_SQ":2.665117511662,"PE_TTM_SQ":4.035461728137,"PB_TTM_SQ":0.179412873118,"ROA_SQ":1.08331098975,"START_DATE":"2021-01-01 00:00:00","FISCAL_YEAR":"12-31","CURRENCY":"HKD","IS_CNY_CODE":0,"DPS_HKD_LY":null,"ORG_TYPE":"一般企业","PREMIUM_INCOME":null,"PREMIUM_INCOME_YOY":null,"NET_INTEREST_INCOME":null,"NET_INTEREST_INCOME_YOY":null,"FEE_COMMISSION_INCOME":null,"FEE_COMMISSION_INCOME_YOY":null,"ACCOUNTS_RECE_TDAYS":2.190312907682,"INVENTORY_TDAYS":null,"CURRENT_ASSETS_TDAYS":0.841633187935,"TOTAL_ASSETS_TDAYS":0.784138498645,"PREMIUM_EXPENSE":null,"LOAN_DEPOSIT":null,"LOAN_EQUITY":null,"LOAN_ASSETS":null,"DEPOSIT_EQUITY":null,"DEPOSIT_ASSETS":null,"EQUITY_MULTIPLIER":2.506315011901,"EQUITY_RATIO":1.517479703479},{"SECUCODE":"02017.HK","SECURITY_CODE":"02017","SECURITY_NAME_ABBR":"沧海控股","ORG_CODE":"10543525","STD_REPORT_DATE":"2021-06-30 00:00:00","REPORT_DATE":"2021-06-30 00:00:00","DATE_TYPE_CODE":"002","REPORT_TYPE":"2021年中报","PER_NETCASH_OPERATE":-0.161886299478,"PER_OI":1.422436790827,"BPS":1.435435940385,"BASIC_EPS":0.02,"DILUTED_EPS":0.02,"OPERATE_INCOME":879780000,"OPERATE_INCOME_YOY":27.69292622,"GROSS_PROFIT":79043000,"GROSS_PROFIT_YOY":29.9856929073,"HOLDER_PROFIT":12178000,"HOLDER_PROFIT_YOY":104.569124811,"GROSS_PROFIT_RATIO":8.984405192207,"EPS_TTM":0.047299766209,"OPERATE_INCOME_QOQ":11.965560578163,"NET_PROFIT_RATIO":1.375343836,"ROE_AVG":1.381146857715,"GROSS_PROFIT_QOQ":13.281568673154,"ROA":0.551625796773,"HOLDER_PROFIT_QOQ":27.029960920538,"ROE_YEARLY":2.76229371543,"ROIC_YEARLY":1.263245902983,"TOTAL_ASSETS":2194169000,"TOTAL_LIABILITIES":1299594000,"TAX_EBT":21.254718209033,"OCF_SALES":-11.380913410171,"TOTAL_PARENT_EQUITY":887820000,"DEBT_ASSET_RATIO":59.2294394826,"OPERATE_PROFIT":32197000,"PRETAX_PROFIT":15366000,"NETCASH_OPERATE":-100127000,"NETCASH_INVEST":6676000,"NETCASH_FINANCE":43411000,"END_CASH":231443000,"DIVI_RATIO":null,"DIVIDEND_RATE":null,"CURRENT_RATIO":1.728559859584,"COMMON_ACS":2000000000,"CURRENTDEBT_DEBT":90.835753319883,"ISSUED_COMMON_SHARES":618502000,"HK_COMMON_SHARES":618502000,"PER_SHARES":2000,"TOTAL_MARKET_CAP":170088050,"HKSK_MARKET_CAP":170088050,"PE_TTM":4.634008524756,"PB_TTM":0.157333691584,"REPORT_DATE_SQ":"2020-06-30 00:00:00","REPORT_TYPE_SQ":"2020年中报","OPERATE_INCOME_SQ":688981000,"DPS_HKD":null,"OPERATE_INCOME_QOQ_SQ":12.380382113563,"NET_PROFIT_RATIO_SQ":0.8148265337,"HOLDER_PROFIT_SQ":5953000,"HOLDER_PROFIT_QOQ_SQ":-11.228248751878,"ROE_AVG_SQ":0.695778402819,"PE_TTM_SQ":4.035461728137,"PB_TTM_SQ":0.179412873118,"ROA_SQ":0.291767028463,"START_DATE":"2021-01-01 00:00:00","FISCAL_YEAR":"12-31","CURRENCY":"HKD","IS_CNY_CODE":0,"DPS_HKD_LY":null,"ORG_TYPE":"一般企业","PREMIUM_INCOME":null,"PREMIUM_INCOME_YOY":null,"NET_INTEREST_INCOME":null,"NET_INTEREST_INCOME_YOY":null,"FEE_COMMISSION_INCOME":null,"FEE_COMMISSION_INCOME_YOY":null,"ACCOUNTS_RECE_TDAYS":1.072676130524,"INVENTORY_TDAYS":null,"CURRENT_ASSETS_TDAYS":0.428301656238,"TOTAL_ASSETS_TDAYS":0.398513174154,"PREMIUM_EXPENSE":null,"LOAN_DEPOSIT":null,"LOAN_EQUITY":null,"LOAN_ASSETS":null,"DEPOSIT_EQUITY":null,"DEPOSIT_ASSETS":null,"EQUITY_MULTIPLIER":2.45275018864,"EQUITY_RATIO":1.463803473677},{"SECUCODE":"02017.HK","SECURITY_CODE":"02017","SECURITY_NAME_ABBR":"沧海控股","ORG_CODE":"10543525","STD_REPORT_DATE":"2020-12-31 00:00:00","REPORT_DATE":"2020-12-31 00:00:00","DATE_TYPE_CODE":"001","REPORT_TYPE":"2020年年报","PER_NETCASH_OPERATE":0.010556150182,"PER_OI":2.578112924453,"BPS":1.41574643251,"BASIC_EPS":0.037,"DILUTED_EPS":0.037,"OPERATE_INCOME":1594568000,"OPERATE_INCOME_YOY":17.5857926729,"GROSS_PROFIT":137288000,"GROSS_PROFIT_YOY":-6.708978601668,"HOLDER_PROFIT":23030000,"HOLDER_PROFIT_YOY":-44.185933789,"GROSS_PROFIT_RATIO":8.609730033464,"EPS_TTM":0.03723512616,"OPERATE_INCOME_QOQ":4.631956629295,"NET_PROFIT_RATIO":1.4171236347,"ROE_AVG":2.665117511662,"GROSS_PROFIT_QOQ":-5.556358132976,"ROA":1.08331098975,"HOLDER_PROFIT_QOQ":-37.126320674875,"ROE_YEARLY":2.665117511662,"ROIC_YEARLY":1.235603184133,"TOTAL_ASSETS":2221143000,"TOTAL_LIABILITIES":1338668000,"TAX_EBT":23.908138869246,"OCF_SALES":0.409452591548,"TOTAL_PARENT_EQUITY":875642000,"DEBT_ASSET_RATIO":60.2693298,"OPERATE_PROFIT":55778000,"PRETAX_PROFIT":29697000,"NETCASH_OPERATE":6529000,"NETCASH_INVEST":9435000,"NETCASH_FINANCE":103616000,"END_CASH":281483000,"DIVI_RATIO":null,"DIVIDEND_RATE":null,"CURRENT_RATIO":1.690453454377,"COMMON_ACS":2000000000,"CURRENTDEBT_DEBT":91.370227718897,"ISSUED_COMMON_SHARES":618502000,"HK_COMMON_SHARES":618502000,"PER_SHARES":2000,"TOTAL_MARKET_CAP":170088050,"HKSK_MARKET_CAP":170088050,"PE_TTM":4.634008524756,"PB_TTM":0.157333691584,"REPORT_DATE_SQ":"2019-12-31 00:00:00","REPORT_TYPE_SQ":"2019年年报","OPERATE_INCOME_SQ":1356089000,"DPS_HKD":null,"OPERATE_INCOME_QOQ_SQ":50.448375519351,"NET_PROFIT_RATIO_SQ":3.0531919365,"HOLDER_PROFIT_SQ":41262000,"HOLDER_PROFIT_QOQ_SQ":110.724682089781,"ROE_AVG_SQ":4.959392882426,"PE_TTM_SQ":4.035461728137,"PB_TTM_SQ":0.179412873118,"ROA_SQ":2.117908833218,"START_DATE":"2020-01-01 00:00:00","FISCAL_YEAR":"12-31","CURRENCY":"HKD","IS_CNY_CODE":0,"DPS_HKD_LY":null,"ORG_TYPE":"一般企业","PREMIUM_INCOME":null,"PREMIUM_INCOME_YOY":null,"NET_INTEREST_INCOME":null,"NET_INTEREST_INCOME_YOY":null,"FEE_COMMISSION_INCOME":null,"FEE_COMMISSION_INCOME_YOY":null,"ACCOUNTS_RECE_TDAYS":1.981942656001,"INVENTORY_TDAYS":null,"CURRENT_ASSETS_TDAYS":0.805137512582,"TOTAL_ASSETS_TDAYS":0.750070793879,"PREMIUM_EXPENSE":null,"LOAN_DEPOSIT":null,"LOAN_EQUITY":null,"LOAN_ASSETS":null,"DEPOSIT_EQUITY":null,"DEPOSIT_ASSETS":null,"EQUITY_MULTIPLIER":2.5169472223,"EQUITY_RATIO":1.528784594617},{"SECUCODE":"02017.HK","SECURITY_CODE":"02017","SECURITY_NAME_ABBR":"沧海控股","ORG_CODE":"10543525","STD_REPORT_DATE":"2020-06-30 00:00:00","REPORT_DATE":"2020-06-30 00:00:00","DATE_TYPE_CODE":"002","REPORT_TYPE":"2020年中报","PER_NETCASH_OPERATE":-0.040420241163,"PER_OI":1.113951127078,"BPS":1.388136174176,"BASIC_EPS":0.01,"DILUTED_EPS":0.01,"OPERATE_INCOME":688981000,"OPERATE_INCOME_YOY":32.2186869113,"GROSS_PROFIT":60809000,"GROSS_PROFIT_YOY":-2.868780448846,"HOLDER_PROFIT":5953000,"HOLDER_PROFIT_YOY":-43.7653504629,"GROSS_PROFIT_RATIO":8.825932790599,"EPS_TTM":0.059222120543,"OPERATE_INCOME_QOQ":12.380382113563,"NET_PROFIT_RATIO":0.8148265337,"ROE_AVG":0.695778402819,"GROSS_PROFIT_QOQ":-1.220432043816,"ROA":0.291767028463,"HOLDER_PROFIT_QOQ":-11.228248751878,"ROE_YEARLY":1.391556805637,"ROIC_YEARLY":0.650402951014,"TOTAL_ASSETS":2050016000,"TOTAL_LIABILITIES":1184524000,"TAX_EBT":59.283434870902,"OCF_SALES":-3.628547086204,"TOTAL_PARENT_EQUITY":858565000,"DEBT_ASSET_RATIO":57.7812075613,"OPERATE_PROFIT":27148000,"PRETAX_PROFIT":13788000,"NETCASH_OPERATE":-25000000,"NETCASH_INVEST":3597000,"NETCASH_FINANCE":30441000,"END_CASH":170941000,"DIVI_RATIO":null,"DIVIDEND_RATE":null,"CURRENT_RATIO":1.810373578261,"COMMON_ACS":2000000000,"CURRENTDEBT_DEBT":88.698076189254,"ISSUED_COMMON_SHARES":618502000,"HK_COMMON_SHARES":618502000,"PER_SHARES":2000,"TOTAL_MARKET_CAP":170088050,"HKSK_MARKET_CAP":170088050,"PE_TTM":4.634008524756,"PB_TTM":0.157333691584,"REPORT_DATE_SQ":"2019-06-30 00:00:00","REPORT_TYPE_SQ":"2019年中报","OPERATE_INCOME_SQ":521092000,"DPS_HKD":null,"OPERATE_INCOME_QOQ_SQ":22.897209004268,"NET_PROFIT_RATIO_SQ":2.0374521198,"HOLDER_PROFIT_SQ":10586000,"HOLDER_PROFIT_QOQ_SQ":14.871524111228,"ROE_AVG_SQ":1.296257066903,"PE_TTM_SQ":4.035461728137,"PB_TTM_SQ":0.179412873118,"ROA_SQ":0.558662166127,"START_DATE":"2020-01-01 00:00:00","FISCAL_YEAR":"12-31","CURRENCY":"HKD","IS_CNY_CODE":0,"DPS_HKD_LY":null,"ORG_TYPE":"一般企业","PREMIUM_INCOME":null,"PREMIUM_INCOME_YOY":null,"NET_INTEREST_INCOME":null,"NET_INTEREST_INCOME_YOY":null,"FEE_COMMISSION_INCOME":null,"FEE_COMMISSION_INCOME_YOY":null,"ACCOUNTS_RECE_TDAYS":0.888540541586,"INVENTORY_TDAYS":null,"CURRENT_ASSETS_TDAYS":0.363062604469,"TOTAL_ASSETS_TDAYS":0.337681738683,"PREMIUM_EXPENSE":null,"LOAN_DEPOSIT":null,"LOAN_EQUITY":null,"LOAN_ASSETS":null,"DEPOSIT_EQUITY":null,"DEPOSIT_ASSETS":null,"EQUITY_MULTIPLIER":2.368613459165,"EQUITY_RATIO":1.379655588103}],"count":20},"success":true,"message":"ok","code":0}