{"version":"63a6aad75d2b010ec2df5f8797335b8c","result":{"pages":4,"data":[{"SECUCODE":"02011.HK","SECURITY_CODE":"02011","SECURITY_NAME_ABBR":"进腾集团","ORG_CODE":"10169526","STD_REPORT_DATE":"2024-06-30 00:00:00","REPORT_DATE":"2024-06-30 00:00:00","DATE_TYPE_CODE":"002","REPORT_TYPE":"2024年中报","PER_NETCASH_OPERATE":0.017187680997,"PER_OI":0.254798355155,"BPS":0.250914088583,"BASIC_EPS":0.01734092,"DILUTED_EPS":0.01642824,"OPERATE_INCOME":146381094.48,"OPERATE_INCOME_YOY":29.9871946574,"GROSS_PROFIT":81146378.8,"GROSS_PROFIT_YOY":106.632779293511,"HOLDER_PROFIT":9898927.28,"HOLDER_PROFIT_YOY":219.5639363583,"GROSS_PROFIT_RATIO":55.435013031063,"EPS_TTM":-0.097125559576,"OPERATE_INCOME_QOQ":13.505078777513,"NET_PROFIT_RATIO":6.5672814335,"ROE_AVG":7.710819390087,"GROSS_PROFIT_QOQ":41.803009877692,"ROA":3.475040169939,"HOLDER_PROFIT_QOQ":10.819766022844,"ROE_YEARLY":15.421638780175,"ROIC_YEARLY":9.335051845859,"TOTAL_ASSETS":315896801.6,"TOTAL_LIABILITIES":163059408.8,"TAX_EBT":56.261938377211,"OCF_SALES":6.745601237016,"TOTAL_PARENT_EQUITY":144149591.88,"DEBT_ASSET_RATIO":51.617935976,"OPERATE_PROFIT":23764361.84,"PRETAX_PROFIT":21979159.76,"NETCASH_OPERATE":9874284.92,"NETCASH_INVEST":-16363439.72,"NETCASH_FINANCE":19050369.64,"END_CASH":69342688.36,"DIVI_RATIO":null,"DIVIDEND_RATE":null,"CURRENT_RATIO":1.985809535992,"COMMON_ACS":2000000000,"CURRENTDEBT_DEBT":70.012313892309,"ISSUED_COMMON_SHARES":574497800,"HK_COMMON_SHARES":574497800,"PER_SHARES":2000,"TOTAL_MARKET_CAP":758337096,"HKSK_MARKET_CAP":758337096,"PE_TTM":-12.312466042117,"PB_TTM":4.801394799324,"REPORT_DATE_SQ":"2023-06-30 00:00:00","REPORT_TYPE_SQ":"2023年中报","OPERATE_INCOME_SQ":113759424.28,"DPS_HKD":null,"OPERATE_INCOME_QOQ_SQ":3.290917100221,"NET_PROFIT_RATIO_SQ":4.789846498,"HOLDER_PROFIT_SQ":3129200.12,"HOLDER_PROFIT_QOQ_SQ":-249.886273519328,"ROE_AVG_SQ":1.862783032977,"PE_TTM_SQ":-121.698446547098,"PB_TTM_SQ":4.801138237654,"ROA_SQ":1.149139245949,"START_DATE":"2024-01-01 00:00:00","FISCAL_YEAR":"12-31","CURRENCY":"HKD","IS_CNY_CODE":0,"DPS_HKD_LY":null,"ORG_TYPE":"一般企业","PREMIUM_INCOME":null,"PREMIUM_INCOME_YOY":null,"NET_INTEREST_INCOME":null,"NET_INTEREST_INCOME_YOY":null,"FEE_COMMISSION_INCOME":null,"FEE_COMMISSION_INCOME_YOY":null,"ACCOUNTS_RECE_TDAYS":1.37064478913,"INVENTORY_TDAYS":2.065004478086,"CURRENT_ASSETS_TDAYS":0.723868067591,"TOTAL_ASSETS_TDAYS":0.513874048217,"PREMIUM_EXPENSE":null,"LOAN_DEPOSIT":null,"LOAN_EQUITY":null,"LOAN_ASSETS":null,"DEPOSIT_EQUITY":null,"DEPOSIT_ASSETS":null,"EQUITY_MULTIPLIER":2.066881643379,"EQUITY_RATIO":1.131181897038},{"SECUCODE":"02011.HK","SECURITY_CODE":"02011","SECURITY_NAME_ABBR":"进腾集团","ORG_CODE":"10169526","STD_REPORT_DATE":"2023-12-31 00:00:00","REPORT_DATE":"2023-12-31 00:00:00","DATE_TYPE_CODE":"001","REPORT_TYPE":"2023年年报","PER_NETCASH_OPERATE":0.002107281313,"PER_OI":0.433069868446,"BPS":0.194617997075,"BASIC_EPS":-0.11237128,"DILUTED_EPS":-0.11237128,"OPERATE_INCOME":241551128.56,"OPERATE_INCOME_YOY":23.6434144486,"GROSS_PROFIT":100173558.8,"GROSS_PROFIT_YOY":60.870077678377,"HOLDER_PROFIT":-62568147.46,"HOLDER_PROFIT_YOY":-3556.938559322,"GROSS_PROFIT_RATIO":41.470954574786,"EPS_TTM":-0.112176579555,"OPERATE_INCOME_QOQ":21.439438436061,"NET_PROFIT_RATIO":-29.964209073,"ROE_AVG":-44.7907983042,"GROSS_PROFIT_QOQ":50.315787514435,"ROA":-23.652355626354,"HOLDER_PROFIT_QOQ":-960.331474110105,"ROE_YEARLY":-44.7907983042,"ROIC_YEARLY":-36.047856357832,"TOTAL_ASSETS":252022500.66,"TOTAL_LIABILITIES":131079285.68,"TAX_EBT":-13.125690490354,"OCF_SALES":0.486591533232,"TOTAL_PARENT_EQUITY":111807611.16,"DEBT_ASSET_RATIO":52.0109455849,"OPERATE_PROFIT":-61059291.16,"PRETAX_PROFIT":-63980944.44,"NETCASH_OPERATE":1175367.34,"NETCASH_INVEST":-7575999.2,"NETCASH_FINANCE":-30251436.04,"END_CASH":57392725.04,"DIVI_RATIO":null,"DIVIDEND_RATE":null,"CURRENT_RATIO":2.236702769132,"COMMON_ACS":2000000000,"CURRENTDEBT_DEBT":60.19399352894,"ISSUED_COMMON_SHARES":574497800,"HK_COMMON_SHARES":574497800,"PER_SHARES":2000,"TOTAL_MARKET_CAP":689397360,"HKSK_MARKET_CAP":689397360,"PE_TTM":-11.193150947379,"PB_TTM":4.364904363022,"REPORT_DATE_SQ":"2022-12-31 00:00:00","REPORT_TYPE_SQ":"2022年年报","OPERATE_INCOME_SQ":192569360.06,"DPS_HKD":null,"OPERATE_INCOME_QOQ_SQ":-7.990620527814,"NET_PROFIT_RATIO_SQ":0.3052259507,"HOLDER_PROFIT_SQ":-1686493.76,"HOLDER_PROFIT_QOQ_SQ":52.026485414918,"ROE_AVG_SQ":-1.156221580557,"PE_TTM_SQ":-96.098440333286,"PB_TTM_SQ":3.791189695133,"ROA_SQ":-0.649365166443,"START_DATE":"2023-01-01 00:00:00","FISCAL_YEAR":"12-31","CURRENCY":"HKD","IS_CNY_CODE":0,"DPS_HKD_LY":null,"ORG_TYPE":"一般企业","PREMIUM_INCOME":null,"PREMIUM_INCOME_YOY":null,"NET_INTEREST_INCOME":null,"NET_INTEREST_INCOME_YOY":null,"FEE_COMMISSION_INCOME":null,"FEE_COMMISSION_INCOME_YOY":null,"ACCOUNTS_RECE_TDAYS":3.614136661627,"INVENTORY_TDAYS":5.147334906049,"CURRENT_ASSETS_TDAYS":1.412964597431,"TOTAL_ASSETS_TDAYS":0.913124876887,"PREMIUM_EXPENSE":null,"LOAN_DEPOSIT":null,"LOAN_EQUITY":null,"LOAN_ASSETS":null,"DEPOSIT_EQUITY":null,"DEPOSIT_ASSETS":null,"EQUITY_MULTIPLIER":2.083808510478,"EQUITY_RATIO":1.17236460309},{"SECUCODE":"02011.HK","SECURITY_CODE":"02011","SECURITY_NAME_ABBR":"进腾集团","ORG_CODE":"10169526","STD_REPORT_DATE":"2023-06-30 00:00:00","REPORT_DATE":"2023-06-30 00:00:00","DATE_TYPE_CODE":"002","REPORT_TYPE":"2023年中报","PER_NETCASH_OPERATE":-0.027356995278,"PER_OI":0.203955904496,"BPS":0.288050443779,"BASIC_EPS":0.00553188,"DILUTED_EPS":0.00553188,"OPERATE_INCOME":113759424.28,"OPERATE_INCOME_YOY":-1.7721236825,"GROSS_PROFIT":39270816.12,"GROSS_PROFIT_YOY":12.528363349355,"HOLDER_PROFIT":3129200.12,"HOLDER_PROFIT_YOY":-60.4751368348,"GROSS_PROFIT_RATIO":34.52093430373,"EPS_TTM":-0.010579387889,"OPERATE_INCOME_QOQ":3.290917100221,"NET_PROFIT_RATIO":4.789846498,"ROE_AVG":1.862783032977,"GROSS_PROFIT_QOQ":7.021411615149,"ROA":1.149139245949,"HOLDER_PROFIT_QOQ":-249.886273519328,"ROE_YEARLY":3.725566065955,"ROIC_YEARLY":3.629830058929,"TOTAL_ASSETS":262756002.18,"TOTAL_LIABILITIES":76558453.26,"TAX_EBT":-0.836034806347,"OCF_SALES":-13.41319112379,"TOTAL_PARENT_EQUITY":165484346.24,"DEBT_ASSET_RATIO":29.1367095803,"OPERATE_PROFIT":6760879.34,"PRETAX_PROFIT":5403724.78,"NETCASH_OPERATE":-15258769,"NETCASH_INVEST":-2682039.82,"NETCASH_FINANCE":-11582834.74,"END_CASH":62194004.86,"DIVI_RATIO":null,"DIVIDEND_RATE":null,"CURRENT_RATIO":2.566941477009,"COMMON_ACS":2000000000,"CURRENTDEBT_DEBT":82.970242181196,"ISSUED_COMMON_SHARES":574497800,"HK_COMMON_SHARES":574497800,"PER_SHARES":2000,"TOTAL_MARKET_CAP":689397360,"HKSK_MARKET_CAP":689397360,"PE_TTM":-11.193150947379,"PB_TTM":4.364904363022,"REPORT_DATE_SQ":"2022-06-30 00:00:00","REPORT_TYPE_SQ":"2022年中报","OPERATE_INCOME_SQ":107422126.28,"DPS_HKD":null,"OPERATE_INCOME_QOQ_SQ":6.786258102111,"NET_PROFIT_RATIO_SQ":8.7396108652,"HOLDER_PROFIT_SQ":7343516.53,"HOLDER_PROFIT_QOQ_SQ":75.434261381303,"ROE_AVG_SQ":6.144829634294,"PE_TTM_SQ":-96.098440333286,"PB_TTM_SQ":3.791189695133,"ROA_SQ":3.019885809139,"START_DATE":"2023-01-01 00:00:00","FISCAL_YEAR":"12-31","CURRENCY":"HKD","IS_CNY_CODE":0,"DPS_HKD_LY":null,"ORG_TYPE":"一般企业","PREMIUM_INCOME":null,"PREMIUM_INCOME_YOY":null,"NET_INTEREST_INCOME":null,"NET_INTEREST_INCOME_YOY":null,"FEE_COMMISSION_INCOME":null,"FEE_COMMISSION_INCOME_YOY":null,"ACCOUNTS_RECE_TDAYS":1.947795063658,"INVENTORY_TDAYS":2.693874829115,"CURRENT_ASSETS_TDAYS":0.686625968981,"TOTAL_ASSETS_TDAYS":0.41775985563,"PREMIUM_EXPENSE":null,"LOAN_DEPOSIT":null,"LOAN_EQUITY":null,"LOAN_ASSETS":null,"DEPOSIT_EQUITY":null,"DEPOSIT_ASSETS":null,"EQUITY_MULTIPLIER":1.411167889717,"EQUITY_RATIO":0.462632599394},{"SECUCODE":"02011.HK","SECURITY_CODE":"02011","SECURITY_NAME_ABBR":"进腾集团","ORG_CODE":"10169526","STD_REPORT_DATE":"2022-12-31 00:00:00","REPORT_DATE":"2022-12-31 00:00:00","DATE_TYPE_CODE":"001","REPORT_TYPE":"2022年年报","PER_NETCASH_OPERATE":0.025065347921,"PER_OI":0.34525190557,"BPS":0.287515871271,"BASIC_EPS":-0.00357308,"DILUTED_EPS":-0.00357308,"OPERATE_INCOME":192569360.06,"OPERATE_INCOME_YOY":-10.0697906281,"GROSS_PROFIT":62269851.7,"GROSS_PROFIT_YOY":5.908189052259,"HOLDER_PROFIT":-1686493.76,"HOLDER_PROFIT_YOY":89.2132777238,"GROSS_PROFIT_RATIO":32.33632374361,"EPS_TTM":-0.003023664742,"OPERATE_INCOME_QOQ":-7.990620527814,"NET_PROFIT_RATIO":0.3052259507,"ROE_AVG":-1.156221580557,"GROSS_PROFIT_QOQ":-8.341491877504,"ROA":-0.649365166443,"HOLDER_PROFIT_QOQ":52.026485414918,"ROE_YEARLY":-1.156221580557,"ROIC_YEARLY":-1.015722720609,"TOTAL_ASSETS":273083358.24,"TOTAL_LIABILITIES":88699031.19,"TAX_EBT":-20.955882352941,"OCF_SALES":7.260017255935,"TOTAL_PARENT_EQUITY":165177235.51,"DEBT_ASSET_RATIO":32.4805699482,"OPERATE_PROFIT":3925921.65,"PRETAX_PROFIT":485938.88,"NETCASH_OPERATE":13980568.77,"NETCASH_INVEST":-12195815.31,"NETCASH_FINANCE":45139612.91,"END_CASH":94030959.82,"DIVI_RATIO":null,"DIVIDEND_RATE":null,"CURRENT_RATIO":2.355067602436,"COMMON_ACS":2000000000,"CURRENTDEBT_DEBT":78.060767193369,"ISSUED_COMMON_SHARES":574497800,"HK_COMMON_SHARES":574497800,"PER_SHARES":2000,"TOTAL_MARKET_CAP":689397360,"HKSK_MARKET_CAP":689397360,"PE_TTM":-11.193150947379,"PB_TTM":4.364904363022,"REPORT_DATE_SQ":"2021-12-31 00:00:00","REPORT_TYPE_SQ":"2021年年报","OPERATE_INCOME_SQ":195992619.2,"DPS_HKD":null,"OPERATE_INCOME_QOQ_SQ":18.869438203366,"NET_PROFIT_RATIO_SQ":-7.054568512,"HOLDER_PROFIT_SQ":-14310452.8,"HOLDER_PROFIT_QOQ_SQ":58.848544516774,"ROE_AVG_SQ":-11.925420980374,"PE_TTM_SQ":-96.098440333286,"PB_TTM_SQ":3.791189695133,"ROA_SQ":-6.179554124498,"START_DATE":"2022-01-01 00:00:00","FISCAL_YEAR":"12-31","CURRENCY":"HKD","IS_CNY_CODE":0,"DPS_HKD_LY":null,"ORG_TYPE":"一般企业","PREMIUM_INCOME":null,"PREMIUM_INCOME_YOY":null,"NET_INTEREST_INCOME":null,"NET_INTEREST_INCOME_YOY":null,"FEE_COMMISSION_INCOME":null,"FEE_COMMISSION_INCOME_YOY":null,"ACCOUNTS_RECE_TDAYS":4.50929247503,"INVENTORY_TDAYS":4.533300183361,"CURRENT_ASSETS_TDAYS":1.325752730493,"TOTAL_ASSETS_TDAYS":0.741466333959,"PREMIUM_EXPENSE":null,"LOAN_DEPOSIT":null,"LOAN_EQUITY":null,"LOAN_ASSETS":null,"DEPOSIT_EQUITY":null,"DEPOSIT_ASSETS":null,"EQUITY_MULTIPLIER":1.481055155876,"EQUITY_RATIO":0.536993072418},{"SECUCODE":"02011.HK","SECURITY_CODE":"02011","SECURITY_NAME_ABBR":"进腾集团","ORG_CODE":"10169526","STD_REPORT_DATE":"2022-06-30 00:00:00","REPORT_DATE":"2022-06-30 00:00:00","DATE_TYPE_CODE":"002","REPORT_TYPE":"2022年中报","PER_NETCASH_OPERATE":-0.022198318754,"PER_OI":0.231112740596,"BPS":0.205155582162,"BASIC_EPS":0.01539342,"DILUTED_EPS":0.01539342,"OPERATE_INCOME":107422126.28,"OPERATE_INCOME_YOY":11.047066728,"GROSS_PROFIT":34898593.52,"GROSS_PROFIT_YOY":35.487117449557,"HOLDER_PROFIT":7343516.53,"HOLDER_PROFIT_YOY":307.0154291225,"GROSS_PROFIT_RATIO":32.487341973697,"EPS_TTM":-0.007563335148,"OPERATE_INCOME_QOQ":6.786258102111,"NET_PROFIT_RATIO":8.7396108652,"ROE_AVG":6.144829634294,"GROSS_PROFIT_QOQ":15.546490142212,"ROA":3.019885809139,"HOLDER_PROFIT_QOQ":75.434261381303,"ROE_YEARLY":12.289659268589,"ROIC_YEARLY":8.148991696323,"TOTAL_ASSETS":250500544.42,"TOTAL_LIABILITIES":112708055.67,"TAX_EBT":-1.931290622098,"OCF_SALES":-9.604974047066,"TOTAL_PARENT_EQUITY":117861430.61,"DEBT_ASSET_RATIO":44.9931380113,"OPERATE_PROFIT":10996033.02,"PRETAX_PROFIT":9210396.3,"NETCASH_OPERATE":-10317867.35,"NETCASH_INVEST":-3692710.42,"NETCASH_FINANCE":382269.93,"END_CASH":34996940.37,"DIVI_RATIO":null,"DIVIDEND_RATE":null,"CURRENT_RATIO":1.591570857607,"COMMON_ACS":2000000000,"CURRENTDEBT_DEBT":73.849900981084,"ISSUED_COMMON_SHARES":574497800,"HK_COMMON_SHARES":574497800,"PER_SHARES":2000,"TOTAL_MARKET_CAP":689397360,"HKSK_MARKET_CAP":689397360,"PE_TTM":-11.193150947379,"PB_TTM":4.364904363022,"REPORT_DATE_SQ":"2021-06-30 00:00:00","REPORT_TYPE_SQ":"2021年中报","OPERATE_INCOME_SQ":94121561.28,"DPS_HKD":null,"OPERATE_INCOME_QOQ_SQ":15.177304656067,"NET_PROFIT_RATIO_SQ":-3.0216768627,"HOLDER_PROFIT_SQ":-3451467.84,"HOLDER_PROFIT_QOQ_SQ":11.914555631861,"ROE_AVG_SQ":-2.744620596565,"PE_TTM_SQ":-96.098440333286,"PB_TTM_SQ":3.791189695133,"ROA_SQ":-1.431238117584,"START_DATE":"2022-01-01 00:00:00","FISCAL_YEAR":"12-31","CURRENCY":"HKD","IS_CNY_CODE":0,"DPS_HKD_LY":null,"ORG_TYPE":"一般企业","PREMIUM_INCOME":null,"PREMIUM_INCOME_YOY":null,"NET_INTEREST_INCOME":null,"NET_INTEREST_INCOME_YOY":null,"FEE_COMMISSION_INCOME":null,"FEE_COMMISSION_INCOME_YOY":null,"ACCOUNTS_RECE_TDAYS":1.904250803469,"INVENTORY_TDAYS":2.619671320895,"CURRENT_ASSETS_TDAYS":0.844234750114,"TOTAL_ASSETS_TDAYS":0.441753693091,"PREMIUM_EXPENSE":null,"LOAN_DEPOSIT":null,"LOAN_EQUITY":null,"LOAN_ASSETS":null,"DEPOSIT_EQUITY":null,"DEPOSIT_ASSETS":null,"EQUITY_MULTIPLIER":1.817955003878,"EQUITY_RATIO":0.956275985169},{"SECUCODE":"02011.HK","SECURITY_CODE":"02011","SECURITY_NAME_ABBR":"进腾集团","ORG_CODE":"10169526","STD_REPORT_DATE":"2021-12-31 00:00:00","REPORT_DATE":"2021-12-31 00:00:00","DATE_TYPE_CODE":"001","REPORT_TYPE":"2021年年报","PER_NETCASH_OPERATE":0.062594762524,"PER_OI":0.421667238664,"BPS":0.201615666413,"BASIC_EPS":-0.0310688,"DILUTED_EPS":-0.0310688,"OPERATE_INCOME":195992619.2,"OPERATE_INCOME_YOY":40.9362157459,"GROSS_PROFIT":58796068.8,"GROSS_PROFIT_YOY":104.057043254385,"HOLDER_PROFIT":-14310452.8,"HOLDER_PROFIT_YOY":62.6857398682,"GROSS_PROFIT_RATIO":29.999123967011,"EPS_TTM":-0.03078814468,"OPERATE_INCOME_QOQ":18.869438203366,"NET_PROFIT_RATIO":-7.054568512,"ROE_AVG":-11.925420980374,"GROSS_PROFIT_QOQ":56.582996437849,"ROA":-6.179554124498,"HOLDER_PROFIT_QOQ":58.848544516774,"ROE_YEARLY":-11.925420980374,"ROIC_YEARLY":-8.720650698155,"TOTAL_ASSETS":225476910.4,"TOTAL_LIABILITIES":90764228.8,"TAX_EBT":0.182977216385,"OCF_SALES":14.844587576184,"TOTAL_PARENT_EQUITY":115827756.8,"DEBT_ASSET_RATIO":40.2543340864,"OPERATE_PROFIT":-10810307.2,"PRETAX_PROFIT":-13851779.2,"NETCASH_OPERATE":29094296,"NETCASH_INVEST":-14922017.6,"NETCASH_FINANCE":-17014256,"END_CASH":48949712,"DIVI_RATIO":null,"DIVIDEND_RATE":null,"CURRENT_RATIO":1.876594849131,"COMMON_ACS":2000000000,"CURRENTDEBT_DEBT":68.483871258321,"ISSUED_COMMON_SHARES":574497800,"HK_COMMON_SHARES":574497800,"PER_SHARES":2000,"TOTAL_MARKET_CAP":689397360,"HKSK_MARKET_CAP":689397360,"PE_TTM":-11.193150947379,"PB_TTM":4.364904363022,"REPORT_DATE_SQ":"2020-12-31 00:00:00","REPORT_TYPE_SQ":"2020年年报","OPERATE_INCOME_SQ":143153705.96,"DPS_HKD":null,"OPERATE_INCOME_QOQ_SQ":-6.685451908376,"NET_PROFIT_RATIO_SQ":-30.1071791827,"HOLDER_PROFIT_SQ":-39478807.48,"HOLDER_PROFIT_QOQ_SQ":24.155822358679,"ROE_AVG_SQ":-25.456272216645,"PE_TTM_SQ":-96.098440333286,"PB_TTM_SQ":3.791189695133,"ROA_SQ":-14.913599872824,"START_DATE":"2021-01-01 00:00:00","FISCAL_YEAR":"12-31","CURRENCY":"HKD","IS_CNY_CODE":0,"DPS_HKD_LY":null,"ORG_TYPE":"一般企业","PREMIUM_INCOME":null,"PREMIUM_INCOME_YOY":null,"NET_INTEREST_INCOME":null,"NET_INTEREST_INCOME_YOY":null,"FEE_COMMISSION_INCOME":null,"FEE_COMMISSION_INCOME_YOY":null,"ACCOUNTS_RECE_TDAYS":4.74950467586,"INVENTORY_TDAYS":5.815623483746,"CURRENT_ASSETS_TDAYS":1.704024111973,"TOTAL_ASSETS_TDAYS":0.846337299927,"PREMIUM_EXPENSE":null,"LOAN_DEPOSIT":null,"LOAN_EQUITY":null,"LOAN_ASSETS":null,"DEPOSIT_EQUITY":null,"DEPOSIT_ASSETS":null,"EQUITY_MULTIPLIER":1.673761577026,"EQUITY_RATIO":0.783613801282},{"SECUCODE":"02011.HK","SECURITY_CODE":"02011","SECURITY_NAME_ABBR":"进腾集团","ORG_CODE":"10169526","STD_REPORT_DATE":"2021-06-30 00:00:00","REPORT_DATE":"2021-06-30 00:00:00","DATE_TYPE_CODE":"002","REPORT_TYPE":"2021年中报","PER_NETCASH_OPERATE":-0.0024095741,"PER_OI":0.202497313448,"BPS":0.217820404673,"BASIC_EPS":-0.00748872,"DILUTED_EPS":-0.00748872,"OPERATE_INCOME":94121561.28,"OPERATE_INCOME_YOY":42.7241183522,"GROSS_PROFIT":25757868.48,"GROSS_PROFIT_YOY":51.321451548478,"HOLDER_PROFIT":-3451467.84,"HOLDER_PROFIT_YOY":53.5394265233,"GROSS_PROFIT_RATIO":27.366597121539,"EPS_TTM":-0.074816660356,"OPERATE_INCOME_QOQ":15.177304656067,"NET_PROFIT_RATIO":-3.0216768627,"ROE_AVG":-2.744620596565,"GROSS_PROFIT_QOQ":30.318775279907,"ROA":-1.431238117584,"HOLDER_PROFIT_QOQ":11.914555631861,"ROE_YEARLY":-5.489241193129,"ROIC_YEARLY":-3.801563516721,"TOTAL_ASSETS":240417866.88,"TOTAL_LIABILITIES":96629450.4,"TAX_EBT":1.070911722142,"OCF_SALES":-1.189928922522,"TOTAL_PARENT_EQUITY":125137343.28,"DEBT_ASSET_RATIO":40.1922917186,"OPERATE_PROFIT":-1257272.88,"PRETAX_PROFIT":-2874836.4,"NETCASH_OPERATE":-1119979.68,"NETCASH_INVEST":-10569080.16,"NETCASH_FINANCE":-9721190.64,"END_CASH":32179029.84,"DIVI_RATIO":null,"DIVIDEND_RATE":null,"CURRENT_RATIO":1.950635449763,"COMMON_ACS":2000000000,"CURRENTDEBT_DEBT":66.129337811074,"ISSUED_COMMON_SHARES":574497800,"HK_COMMON_SHARES":574497800,"PER_SHARES":2000,"TOTAL_MARKET_CAP":689397360,"HKSK_MARKET_CAP":689397360,"PE_TTM":-11.193150947379,"PB_TTM":4.364904363022,"REPORT_DATE_SQ":"2020-06-30 00:00:00","REPORT_TYPE_SQ":"2020年中报","OPERATE_INCOME_SQ":72394687.2,"DPS_HKD":null,"OPERATE_INCOME_QOQ_SQ":-16.782445842527,"NET_PROFIT_RATIO_SQ":-10.8043656552,"HOLDER_PROFIT_SQ":-8155192.32,"HOLDER_PROFIT_QOQ_SQ":-31.526936760698,"ROE_AVG_SQ":-4.630141035714,"PE_TTM_SQ":-96.098440333286,"PB_TTM_SQ":3.791189695133,"ROA_SQ":-2.844299454269,"START_DATE":"2021-01-01 00:00:00","FISCAL_YEAR":"12-31","CURRENCY":"HKD","IS_CNY_CODE":0,"DPS_HKD_LY":null,"ORG_TYPE":"一般企业","PREMIUM_INCOME":null,"PREMIUM_INCOME_YOY":null,"NET_INTEREST_INCOME":null,"NET_INTEREST_INCOME_YOY":null,"FEE_COMMISSION_INCOME":null,"FEE_COMMISSION_INCOME_YOY":null,"ACCOUNTS_RECE_TDAYS":1.790518401266,"INVENTORY_TDAYS":2.788440326495,"CURRENT_ASSETS_TDAYS":0.784207151152,"TOTAL_ASSETS_TDAYS":0.390298772682,"PREMIUM_EXPENSE":null,"LOAN_DEPOSIT":null,"LOAN_EQUITY":null,"LOAN_ASSETS":null,"DEPOSIT_EQUITY":null,"DEPOSIT_ASSETS":null,"EQUITY_MULTIPLIER":1.672025276901,"EQUITY_RATIO":0.772187165455},{"SECUCODE":"02011.HK","SECURITY_CODE":"02011","SECURITY_NAME_ABBR":"进腾集团","ORG_CODE":"10169526","STD_REPORT_DATE":"2020-12-31 00:00:00","REPORT_DATE":"2020-12-31 00:00:00","DATE_TYPE_CODE":"001","REPORT_TYPE":"2020年年报","PER_NETCASH_OPERATE":0.033802926653,"PER_OI":0.307987250454,"BPS":0.222494136131,"BASIC_EPS":-0.08500564,"DILUTED_EPS":-0.08500564,"OPERATE_INCOME":143153705.96,"OPERATE_INCOME_YOY":-17.3506773698,"GROSS_PROFIT":28813545.4,"GROSS_PROFIT_YOY":-39.231707384377,"HOLDER_PROFIT":-39478807.48,"HOLDER_PROFIT_YOY":-6.1724762336,"GROSS_PROFIT_RATIO":20.127697852301,"EPS_TTM":-0.084936462423,"OPERATE_INCOME_QOQ":-6.685451908376,"NET_PROFIT_RATIO":-30.1071791827,"ROE_AVG":-25.456272216645,"GROSS_PROFIT_QOQ":-4.491183962636,"ROA":-14.913599872824,"HOLDER_PROFIT_QOQ":24.155822358679,"ROE_YEARLY":-25.456272216645,"ROIC_YEARLY":-21.659097887745,"TOTAL_ASSETS":244666431.28,"TOTAL_LIABILITIES":99028204.04,"TAX_EBT":4.982001707055,"OCF_SALES":10.97543050991,"TOTAL_PARENT_EQUITY":127822391.72,"DEBT_ASSET_RATIO":40.4747817352,"OPERATE_PROFIT":-41664546.56,"PRETAX_PROFIT":-45359346.16,"NETCASH_OPERATE":15711735.52,"NETCASH_INVEST":2537544.6,"NETCASH_FINANCE":-47625882.68,"END_CASH":51281125.2,"DIVI_RATIO":null,"DIVIDEND_RATE":null,"CURRENT_RATIO":1.946524064171,"COMMON_ACS":2000000000,"CURRENTDEBT_DEBT":60.552774496222,"ISSUED_COMMON_SHARES":574497800,"HK_COMMON_SHARES":574497800,"PER_SHARES":2000,"TOTAL_MARKET_CAP":689397360,"HKSK_MARKET_CAP":689397360,"PE_TTM":-11.193150947379,"PB_TTM":4.364904363022,"REPORT_DATE_SQ":"2019-12-31 00:00:00","REPORT_TYPE_SQ":"2019年年报","OPERATE_INCOME_SQ":184347940.88,"DPS_HKD":null,"OPERATE_INCOME_QOQ_SQ":1.091529565539,"NET_PROFIT_RATIO_SQ":-21.4600866878,"HOLDER_PROFIT_SQ":-39575560.4,"HOLDER_PROFIT_QOQ_SQ":-10.473054211229,"ROE_AVG_SQ":-18.355294181189,"PE_TTM_SQ":-96.098440333286,"PB_TTM_SQ":3.791189695133,"ROA_SQ":-13.211682979417,"START_DATE":"2020-01-01 00:00:00","FISCAL_YEAR":"12-31","CURRENCY":"HKD","IS_CNY_CODE":0,"DPS_HKD_LY":0.075,"ORG_TYPE":"一般企业","PREMIUM_INCOME":null,"PREMIUM_INCOME_YOY":null,"NET_INTEREST_INCOME":null,"NET_INTEREST_INCOME_YOY":null,"FEE_COMMISSION_INCOME":null,"FEE_COMMISSION_INCOME_YOY":null,"ACCOUNTS_RECE_TDAYS":3.627404563873,"INVENTORY_TDAYS":4.43199686817,"CURRENT_ASSETS_TDAYS":1.016406373716,"TOTAL_ASSETS_TDAYS":0.540780542087,"PREMIUM_EXPENSE":null,"LOAN_DEPOSIT":null,"LOAN_EQUITY":null,"LOAN_ASSETS":null,"DEPOSIT_EQUITY":null,"DEPOSIT_ASSETS":null,"EQUITY_MULTIPLIER":1.679960240635,"EQUITY_RATIO":0.774732835988},{"SECUCODE":"02011.HK","SECURITY_CODE":"02011","SECURITY_NAME_ABBR":"进腾集团","ORG_CODE":"10169526","STD_REPORT_DATE":"2020-06-30 00:00:00","REPORT_DATE":"2020-06-30 00:00:00","DATE_TYPE_CODE":"002","REPORT_TYPE":"2020年中报","PER_NETCASH_OPERATE":-0.016896922402,"PER_OI":0.155753150145,"BPS":0.268690716657,"BASIC_EPS":-0.01735536,"DILUTED_EPS":-0.01735536,"OPERATE_INCOME":72394687.2,"OPERATE_INCOME_YOY":-32.5311358741,"GROSS_PROFIT":17021954.4,"GROSS_PROFIT_YOY":-50.32829434853,"HOLDER_PROFIT":-8155192.32,"HOLDER_PROFIT_YOY":-281.7219621413,"GROSS_PROFIT_RATIO":23.512712131727,"EPS_TTM":-0.111988111763,"OPERATE_INCOME_QOQ":-16.782445842527,"NET_PROFIT_RATIO":-10.8043656552,"ROE_AVG":-4.630141035714,"GROSS_PROFIT_QOQ":-36.374153573582,"ROA":-2.844299454269,"HOLDER_PROFIT_QOQ":-31.526936760698,"ROE_YEARLY":-9.260282071428,"ROIC_YEARLY":-8.163004073273,"TOTAL_ASSETS":264380592.96,"TOTAL_LIABILITIES":89722644,"TAX_EBT":0.279492255735,"OCF_SALES":-10.84852690682,"TOTAL_PARENT_EQUITY":154362225.6,"DEBT_ASSET_RATIO":33.9369251712,"OPERATE_PROFIT":-6052453.44,"PRETAX_PROFIT":-7843709.28,"NETCASH_OPERATE":-7853757.12,"NETCASH_INVEST":18059622.24,"NETCASH_FINANCE":-41820023.52,"END_CASH":49566908.16,"DIVI_RATIO":null,"DIVIDEND_RATE":null,"CURRENT_RATIO":2.555641030124,"COMMON_ACS":2000000000,"CURRENTDEBT_DEBT":58.230593026215,"ISSUED_COMMON_SHARES":574497800,"HK_COMMON_SHARES":574497800,"PER_SHARES":2000,"TOTAL_MARKET_CAP":689397360,"HKSK_MARKET_CAP":689397360,"PE_TTM":-11.193150947379,"PB_TTM":4.364904363022,"REPORT_DATE_SQ":"2019-06-30 00:00:00","REPORT_TYPE_SQ":"2019年中报","OPERATE_INCOME_SQ":103332780.54,"DPS_HKD":null,"OPERATE_INCOME_QOQ_SQ":5.361710725602,"NET_PROFIT_RATIO_SQ":5.4022763452,"HOLDER_PROFIT_SQ":4321769.58,"HOLDER_PROFIT_QOQ_SQ":-23.233944786073,"ROE_AVG_SQ":1.832815720508,"PE_TTM_SQ":-96.098440333286,"PB_TTM_SQ":3.791189695133,"ROA_SQ":1.324735450627,"START_DATE":"2020-01-01 00:00:00","FISCAL_YEAR":"12-31","CURRENCY":"HKD","IS_CNY_CODE":0,"DPS_HKD_LY":0.075,"ORG_TYPE":"一般企业","PREMIUM_INCOME":null,"PREMIUM_INCOME_YOY":null,"NET_INTEREST_INCOME":null,"NET_INTEREST_INCOME_YOY":null,"FEE_COMMISSION_INCOME":null,"FEE_COMMISSION_INCOME_YOY":null,"ACCOUNTS_RECE_TDAYS":1.528941961745,"INVENTORY_TDAYS":1.811174185838,"CURRENT_ASSETS_TDAYS":0.46323843146,"TOTAL_ASSETS_TDAYS":0.252492107133,"PREMIUM_EXPENSE":null,"LOAN_DEPOSIT":null,"LOAN_EQUITY":null,"LOAN_ASSETS":null,"DEPOSIT_EQUITY":null,"DEPOSIT_ASSETS":null,"EQUITY_MULTIPLIER":1.513704898828,"EQUITY_RATIO":0.581247411089}],"count":33},"success":true,"message":"ok","code":0}