{"version":"d58532ca50fcfea0dfc65c549964ee48","result":{"pages":2,"data":[{"SECUCODE":"02019.HK","SECURITY_CODE":"02019","SECURITY_NAME_ABBR":"德信中国","ORG_CODE":"10979468","STD_REPORT_DATE":"2023-12-31 00:00:00","REPORT_DATE":"2023-12-31 00:00:00","DATE_TYPE_CODE":"001","REPORT_TYPE":"2023年年报","PER_NETCASH_OPERATE":1.638513730824,"PER_OI":8.254292787524,"BPS":1.465718487705,"BASIC_EPS":-0.74,"DILUTED_EPS":-0.74,"OPERATE_INCOME":24509810000,"OPERATE_INCOME_YOY":10.6763497257,"GROSS_PROFIT":1799254000,"GROSS_PROFIT_YOY":-17.380671183838,"HOLDER_PROFIT":-2188918000,"HOLDER_PROFIT_YOY":-685.716961543,"GROSS_PROFIT_RATIO":7.340954499443,"EPS_TTM":-0.737172995624,"OPERATE_INCOME_QOQ":2.688743982072,"NET_PROFIT_RATIO":-7.9980424165,"ROE_AVG":-40.114413745923,"GROSS_PROFIT_QOQ":-25.689198370267,"ROA":-2.34679622868,"HOLDER_PROFIT_QOQ":-147.319438183077,"ROE_YEARLY":-40.114413745923,"ROIC_YEARLY":-2.855082845993,"TOTAL_ASSETS":76496828000,"TOTAL_LIABILITIES":64402568000,"TAX_EBT":-49.516283298426,"OCF_SALES":19.85044355709,"TOTAL_PARENT_EQUITY":4352218000,"DEBT_ASSET_RATIO":84.1898542512,"OPERATE_PROFIT":-754564000,"PRETAX_PROFIT":-1311098000,"NETCASH_OPERATE":4865306000,"NETCASH_INVEST":-844066000,"NETCASH_FINANCE":-6746133000,"END_CASH":4599819000,"DIVI_RATIO":null,"DIVIDEND_RATE":null,"CURRENT_RATIO":1.078694935693,"COMMON_ACS":5000000000,"CURRENTDEBT_DEBT":95.139515244175,"ISSUED_COMMON_SHARES":2969341000,"HK_COMMON_SHARES":2969341000,"PER_SHARES":1000,"TOTAL_MARKET_CAP":252393985,"HKSK_MARKET_CAP":252393985,"PE_TTM":-0.104492026237,"PB_TTM":0.052553543294,"REPORT_DATE_SQ":"2022-12-31 00:00:00","REPORT_TYPE_SQ":"2022年年报","OPERATE_INCOME_SQ":22145481000,"DPS_HKD":null,"OPERATE_INCOME_QOQ_SQ":9.174178503719,"NET_PROFIT_RATIO_SQ":0.7294219529,"HOLDER_PROFIT_SQ":373716000,"HOLDER_PROFIT_QOQ_SQ":-64.466410452913,"ROE_AVG_SQ":5.915394174021,"PE_TTM_SQ":-0.279391936666,"PB_TTM_SQ":0.043293505372,"ROA_SQ":0.329581865431,"START_DATE":"2023-01-01 00:00:00","FISCAL_YEAR":"12-31","CURRENCY":"HKD","IS_CNY_CODE":0,"DPS_HKD_LY":null,"ORG_TYPE":"一般企业","PREMIUM_INCOME":null,"PREMIUM_INCOME_YOY":null,"NET_INTEREST_INCOME":null,"NET_INTEREST_INCOME_YOY":null,"FEE_COMMISSION_INCOME":null,"FEE_COMMISSION_INCOME_YOY":null,"ACCOUNTS_RECE_TDAYS":5.830775361155,"INVENTORY_TDAYS":0.435088464241,"CURRENT_ASSETS_TDAYS":0.298801552056,"TOTAL_ASSETS_TDAYS":0.262776082401,"PREMIUM_EXPENSE":null,"LOAN_DEPOSIT":null,"LOAN_EQUITY":null,"LOAN_ASSETS":null,"DEPOSIT_EQUITY":null,"DEPOSIT_ASSETS":null,"EQUITY_MULTIPLIER":6.325052380215,"EQUITY_RATIO":14.797642948952},{"SECUCODE":"02019.HK","SECURITY_CODE":"02019","SECURITY_NAME_ABBR":"德信中国","ORG_CODE":"10979468","STD_REPORT_DATE":"2023-06-30 00:00:00","REPORT_DATE":"2023-06-30 00:00:00","DATE_TYPE_CODE":"002","REPORT_TYPE":"2023年中报","PER_NETCASH_OPERATE":0.709018263648,"PER_OI":4.03088597773,"BPS":2.023123312546,"BASIC_EPS":-0.17,"DILUTED_EPS":-0.17,"OPERATE_INCOME":11969075000,"OPERATE_INCOME_YOY":16.8113844175,"GROSS_PROFIT":1515886000,"GROSS_PROFIT_YOY":19.136431689845,"HOLDER_PROFIT":-518318000,"HOLDER_PROFIT_YOY":-169.999932474,"GROSS_PROFIT_RATIO":12.665022150835,"EPS_TTM":-0.298065126235,"OPERATE_INCOME_QOQ":7.77846279338,"NET_PROFIT_RATIO":-3.0586239956,"ROE_AVG":-8.247890221418,"GROSS_PROFIT_QOQ":11.18077991922,"ROA":-0.503750923714,"HOLDER_PROFIT_QOQ":-336.82609254086,"ROE_YEARLY":-16.495780442836,"ROIC_YEARLY":-1.227380809046,"TOTAL_ASSETS":95735060000,"TOTAL_LIABILITIES":79144386000,"TAX_EBT":955.628009161875,"OCF_SALES":17.589638297028,"TOTAL_PARENT_EQUITY":6007343000,"DEBT_ASSET_RATIO":82.6702213379,"OPERATE_PROFIT":298146000,"PRETAX_PROFIT":42786000,"NETCASH_OPERATE":2105317000,"NETCASH_INVEST":-1597558000,"NETCASH_FINANCE":-2489183000,"END_CASH":5413179000,"DIVI_RATIO":null,"DIVIDEND_RATE":null,"CURRENT_RATIO":1.228073192401,"COMMON_ACS":5000000000,"CURRENTDEBT_DEBT":86.089763839977,"ISSUED_COMMON_SHARES":2969341000,"HK_COMMON_SHARES":2969341000,"PER_SHARES":1000,"TOTAL_MARKET_CAP":252393985,"HKSK_MARKET_CAP":252393985,"PE_TTM":-0.104492026237,"PB_TTM":0.052553543294,"REPORT_DATE_SQ":"2022-06-30 00:00:00","REPORT_TYPE_SQ":"2022年中报","OPERATE_INCOME_SQ":10246497000,"DPS_HKD":null,"OPERATE_INCOME_QOQ_SQ":-12.222591581798,"NET_PROFIT_RATIO_SQ":8.8208096874,"HOLDER_PROFIT_SQ":740455000,"HOLDER_PROFIT_QOQ_SQ":11.712708825479,"ROE_AVG_SQ":11.844517858435,"PE_TTM_SQ":-0.311742581965,"PB_TTM_SQ":0.048306437573,"ROA_SQ":0.634304253029,"START_DATE":"2023-01-01 00:00:00","FISCAL_YEAR":"12-31","CURRENCY":"HKD","IS_CNY_CODE":0,"DPS_HKD_LY":null,"ORG_TYPE":"一般企业","PREMIUM_INCOME":null,"PREMIUM_INCOME_YOY":null,"NET_INTEREST_INCOME":null,"NET_INTEREST_INCOME_YOY":null,"FEE_COMMISSION_INCOME":null,"FEE_COMMISSION_INCOME_YOY":null,"ACCOUNTS_RECE_TDAYS":null,"INVENTORY_TDAYS":0.177419152672,"CURRENT_ASSETS_TDAYS":0.131792590088,"TOTAL_ASSETS_TDAYS":0.116326899456,"PREMIUM_EXPENSE":null,"LOAN_DEPOSIT":null,"LOAN_EQUITY":null,"LOAN_ASSETS":null,"DEPOSIT_EQUITY":null,"DEPOSIT_ASSETS":null,"EQUITY_MULTIPLIER":5.77041414953,"EQUITY_RATIO":13.174607476217},{"SECUCODE":"02019.HK","SECURITY_CODE":"02019","SECURITY_NAME_ABBR":"德信中国","ORG_CODE":"10979468","STD_REPORT_DATE":"2022-12-31 00:00:00","REPORT_DATE":"2022-12-31 00:00:00","DATE_TYPE_CODE":"001","REPORT_TYPE":"2022年年报","PER_NETCASH_OPERATE":1.181952157061,"PER_OI":7.458045741463,"BPS":2.209633720075,"BASIC_EPS":0.14,"DILUTED_EPS":0.14,"OPERATE_INCOME":22145481000,"OPERATE_INCOME_YOY":-4.1697354476,"GROSS_PROFIT":2177764000,"GROSS_PROFIT_YOY":-56.538483874888,"HOLDER_PROFIT":373716000,"HOLDER_PROFIT_YOY":-60.304464574,"GROSS_PROFIT_RATIO":9.833897940623,"EPS_TTM":0.125858229149,"OPERATE_INCOME_QOQ":9.174178503719,"NET_PROFIT_RATIO":0.7294219529,"ROE_AVG":5.915394174021,"GROSS_PROFIT_QOQ":-36.565004322669,"ROA":0.329581865431,"HOLDER_PROFIT_QOQ":-64.466410452913,"ROE_YEARLY":5.915394174021,"ROIC_YEARLY":0.430028508392,"TOTAL_ASSETS":110048384000,"TOTAL_LIABILITIES":89926175000,"TAX_EBT":86.097534316371,"OCF_SALES":15.84801431949,"TOTAL_PARENT_EQUITY":6561156000,"DEBT_ASSET_RATIO":81.7151254125,"OPERATE_PROFIT":633651000,"PRETAX_PROFIT":1161909000,"NETCASH_OPERATE":3509619000,"NETCASH_INVEST":-7236552000,"NETCASH_FINANCE":-5034926000,"END_CASH":7307483000,"DIVI_RATIO":null,"DIVIDEND_RATE":null,"CURRENT_RATIO":1.262414242714,"COMMON_ACS":5000000000,"CURRENTDEBT_DEBT":86.290051811945,"ISSUED_COMMON_SHARES":2969341000,"HK_COMMON_SHARES":2969341000,"PER_SHARES":1000,"TOTAL_MARKET_CAP":252393985,"HKSK_MARKET_CAP":252393985,"PE_TTM":-0.104492026237,"PB_TTM":0.052553543294,"REPORT_DATE_SQ":"2021-12-31 00:00:00","REPORT_TYPE_SQ":"2021年年报","OPERATE_INCOME_SQ":23109068000,"DPS_HKD":null,"OPERATE_INCOME_QOQ_SQ":10.133112505392,"NET_PROFIT_RATIO_SQ":10.2848803768,"HOLDER_PROFIT_SQ":941456000,"HOLDER_PROFIT_QOQ_SQ":-16.139399489063,"ROE_AVG_SQ":15.796908208459,"PE_TTM_SQ":-0.311742581965,"PB_TTM_SQ":0.048306437573,"ROA_SQ":0.882600608094,"START_DATE":"2022-01-01 00:00:00","FISCAL_YEAR":"12-31","CURRENCY":"HKD","IS_CNY_CODE":0,"DPS_HKD_LY":0.102,"ORG_TYPE":"一般企业","PREMIUM_INCOME":null,"PREMIUM_INCOME_YOY":null,"NET_INTEREST_INCOME":null,"NET_INTEREST_INCOME_YOY":null,"FEE_COMMISSION_INCOME":null,"FEE_COMMISSION_INCOME_YOY":null,"ACCOUNTS_RECE_TDAYS":4.920605657963,"INVENTORY_TDAYS":0.312413548401,"CURRENT_ASSETS_TDAYS":0.21946412771,"TOTAL_ASSETS_TDAYS":0.195302019149,"PREMIUM_EXPENSE":null,"LOAN_DEPOSIT":null,"LOAN_EQUITY":null,"LOAN_ASSETS":null,"DEPOSIT_EQUITY":null,"DEPOSIT_ASSETS":null,"EQUITY_MULTIPLIER":5.46900114198,"EQUITY_RATIO":13.705843147153},{"SECUCODE":"02019.HK","SECURITY_CODE":"02019","SECURITY_NAME_ABBR":"德信中国","ORG_CODE":"10979468","STD_REPORT_DATE":"2022-06-30 00:00:00","REPORT_DATE":"2022-06-30 00:00:00","DATE_TYPE_CODE":"002","REPORT_TYPE":"2022年中报","PER_NETCASH_OPERATE":1.069035712263,"PER_OI":3.793114975118,"BPS":2.165025842434,"BASIC_EPS":0.27,"DILUTED_EPS":0.27,"OPERATE_INCOME":10246497000,"OPERATE_INCOME_YOY":-21.6090720972,"GROSS_PROFIT":1272395000,"GROSS_PROFIT_YOY":-55.356409804787,"HOLDER_PROFIT":740455000,"HOLDER_PROFIT_YOY":17.4980362909,"GROSS_PROFIT_RATIO":12.417853633295,"EPS_TTM":0.389334778541,"OPERATE_INCOME_QOQ":-12.222591581798,"NET_PROFIT_RATIO":8.8208096874,"ROE_AVG":11.844517858435,"GROSS_PROFIT_QOQ":-31.486530958111,"ROA":0.634304253029,"HOLDER_PROFIT_QOQ":11.712708825479,"ROE_YEARLY":23.689035716871,"ROIC_YEARLY":1.697937686933,"TOTAL_ASSETS":116736467000,"TOTAL_LIABILITIES":93972755000,"TAX_EBT":19.862960257056,"OCF_SALES":28.183583130898,"TOTAL_PARENT_EQUITY":6428700000,"DEBT_ASSET_RATIO":80.499913536,"OPERATE_PROFIT":560388000,"PRETAX_PROFIT":1127848000,"NETCASH_OPERATE":2887830000,"NETCASH_INVEST":-3474515000,"NETCASH_FINANCE":-4934361000,"END_CASH":10595160000,"DIVI_RATIO":null,"DIVIDEND_RATE":null,"CURRENT_RATIO":1.304376253019,"COMMON_ACS":5000000000,"CURRENTDEBT_DEBT":85.481711161921,"ISSUED_COMMON_SHARES":2969341000,"HK_COMMON_SHARES":2969341000,"PER_SHARES":1000,"TOTAL_MARKET_CAP":252393985,"HKSK_MARKET_CAP":252393985,"PE_TTM":-0.104492026237,"PB_TTM":0.052553543294,"REPORT_DATE_SQ":"2021-06-30 00:00:00","REPORT_TYPE_SQ":"2021年中报","OPERATE_INCOME_SQ":13071024000,"DPS_HKD":null,"OPERATE_INCOME_QOQ_SQ":33.915076322176,"NET_PROFIT_RATIO_SQ":10.5452181864,"HOLDER_PROFIT_SQ":630185000,"HOLDER_PROFIT_QOQ_SQ":-5.858103382636,"ROE_AVG_SQ":10.67608212681,"PE_TTM_SQ":-0.311742581965,"PB_TTM_SQ":0.048306437573,"ROA_SQ":0.59868805723,"START_DATE":"2022-01-01 00:00:00","FISCAL_YEAR":"12-31","CURRENCY":"HKD","IS_CNY_CODE":0,"DPS_HKD_LY":0.102,"ORG_TYPE":"一般企业","PREMIUM_INCOME":null,"PREMIUM_INCOME_YOY":null,"NET_INTEREST_INCOME":null,"NET_INTEREST_INCOME_YOY":null,"FEE_COMMISSION_INCOME":null,"FEE_COMMISSION_INCOME_YOY":null,"ACCOUNTS_RECE_TDAYS":null,"INVENTORY_TDAYS":0.135502186209,"CURRENT_ASSETS_TDAYS":0.098224587073,"TOTAL_ASSETS_TDAYS":0.087775713929,"PREMIUM_EXPENSE":null,"LOAN_DEPOSIT":null,"LOAN_EQUITY":null,"LOAN_ASSETS":null,"DEPOSIT_EQUITY":null,"DEPOSIT_ASSETS":null,"EQUITY_MULTIPLIER":5.128182389581,"EQUITY_RATIO":14.617691757276},{"SECUCODE":"02019.HK","SECURITY_CODE":"02019","SECURITY_NAME_ABBR":"德信中国","ORG_CODE":"10979468","STD_REPORT_DATE":"2021-12-31 00:00:00","REPORT_DATE":"2021-12-31 00:00:00","DATE_TYPE_CODE":"001","REPORT_TYPE":"2021年年报","PER_NETCASH_OPERATE":2.000694099708,"PER_OI":8.554665256996,"BPS":2.045644134507,"BASIC_EPS":0.35,"DILUTED_EPS":0.35,"OPERATE_INCOME":23109068000,"OPERATE_INCOME_YOY":45.5769653809,"GROSS_PROFIT":5010787000,"GROSS_PROFIT_YOY":21.987984731743,"HOLDER_PROFIT":941456000,"HOLDER_PROFIT_YOY":-21.0520401643,"GROSS_PROFIT_RATIO":21.683206782723,"EPS_TTM":0.348514311966,"OPERATE_INCOME_QOQ":10.133112505392,"NET_PROFIT_RATIO":10.2848803768,"ROE_AVG":15.796908208459,"GROSS_PROFIT_QOQ":7.007095100485,"ROA":0.882600608094,"HOLDER_PROFIT_QOQ":-16.139399489063,"ROE_YEARLY":15.796908208459,"ROIC_YEARLY":1.208943417346,"TOTAL_ASSETS":116733511000,"TOTAL_LIABILITIES":94666006000,"TAX_EBT":34.238344429002,"OCF_SALES":23.387169919618,"TOTAL_PARENT_EQUITY":6074215000,"DEBT_ASSET_RATIO":81.0958268873,"OPERATE_PROFIT":3581859000,"PRETAX_PROFIT":3614173000,"NETCASH_OPERATE":5404557000,"NETCASH_INVEST":-4184984000,"NETCASH_FINANCE":208919000,"END_CASH":16110197000,"DIVI_RATIO":null,"DIVIDEND_RATE":null,"CURRENT_RATIO":1.312117692759,"COMMON_ACS":5000000000,"CURRENTDEBT_DEBT":83.609757445561,"ISSUED_COMMON_SHARES":2969341000,"HK_COMMON_SHARES":2969341000,"PER_SHARES":1000,"TOTAL_MARKET_CAP":252393985,"HKSK_MARKET_CAP":252393985,"PE_TTM":-0.104492026237,"PB_TTM":0.052553543294,"REPORT_DATE_SQ":"2020-12-31 00:00:00","REPORT_TYPE_SQ":"2020年年报","OPERATE_INCOME_SQ":15874124000,"DPS_HKD":null,"OPERATE_INCOME_QOQ_SQ":14.83473718232,"NET_PROFIT_RATIO_SQ":14.4267500172,"HOLDER_PROFIT_SQ":1192502000,"HOLDER_PROFIT_QOQ_SQ":-5.41283559549,"ROE_AVG_SQ":21.963856485732,"PE_TTM_SQ":-0.311742581965,"PB_TTM_SQ":0.048306437573,"ROA_SQ":1.455244139188,"START_DATE":"2021-01-01 00:00:00","FISCAL_YEAR":"12-31","CURRENCY":"HKD","IS_CNY_CODE":0,"DPS_HKD_LY":0.134,"ORG_TYPE":"一般企业","PREMIUM_INCOME":null,"PREMIUM_INCOME_YOY":null,"NET_INTEREST_INCOME":null,"NET_INTEREST_INCOME_YOY":null,"FEE_COMMISSION_INCOME":null,"FEE_COMMISSION_INCOME_YOY":null,"ACCOUNTS_RECE_TDAYS":null,"INVENTORY_TDAYS":0.315778107715,"CURRENT_ASSETS_TDAYS":0.243100117526,"TOTAL_ASSETS_TDAYS":0.216643979849,"PREMIUM_EXPENSE":null,"LOAN_DEPOSIT":null,"LOAN_EQUITY":null,"LOAN_ASSETS":null,"DEPOSIT_EQUITY":null,"DEPOSIT_ASSETS":null,"EQUITY_MULTIPLIER":5.289837296973,"EQUITY_RATIO":15.584895496784},{"SECUCODE":"02019.HK","SECURITY_CODE":"02019","SECURITY_NAME_ABBR":"德信中国","ORG_CODE":"10979468","STD_REPORT_DATE":"2021-06-30 00:00:00","REPORT_DATE":"2021-06-30 00:00:00","DATE_TYPE_CODE":"002","REPORT_TYPE":"2021年中报","PER_NETCASH_OPERATE":0.571574636449,"PER_OI":4.838716770671,"BPS":2.007268952943,"BASIC_EPS":0.23,"DILUTED_EPS":0.23,"OPERATE_INCOME":13071024000,"OPERATE_INCOME_YOY":68.5073264005,"GROSS_PROFIT":2850118000,"GROSS_PROFIT_YOY":37.706285137807,"HOLDER_PROFIT":630185000,"HOLDER_PROFIT_YOY":-9.9791012838,"GROSS_PROFIT_RATIO":21.80485629894,"EPS_TTM":0.415587665534,"OPERATE_INCOME_QOQ":33.915076322176,"NET_PROFIT_RATIO":10.5452181864,"ROE_AVG":10.67608212681,"GROSS_PROFIT_QOQ":19.998933950549,"ROA":0.59868805723,"HOLDER_PROFIT_QOQ":-5.858103382636,"ROE_YEARLY":21.35216425362,"ROIC_YEARLY":1.633452143972,"TOTAL_ASSETS":113918687000,"TOTAL_LIABILITIES":93872843000,"TAX_EBT":35.750813271699,"OCF_SALES":11.812525170178,"TOTAL_PARENT_EQUITY":5960266000,"DEBT_ASSET_RATIO":82.4033751372,"OPERATE_PROFIT":2250756000,"PRETAX_PROFIT":2145347000,"NETCASH_OPERATE":1544018000,"NETCASH_INVEST":-3126421000,"NETCASH_FINANCE":3519600000,"END_CASH":16631853000,"DIVI_RATIO":null,"DIVIDEND_RATE":null,"CURRENT_RATIO":1.381316150949,"COMMON_ACS":5000000000,"CURRENTDEBT_DEBT":78.916976020424,"ISSUED_COMMON_SHARES":2969341000,"HK_COMMON_SHARES":2969341000,"PER_SHARES":1000,"TOTAL_MARKET_CAP":252393985,"HKSK_MARKET_CAP":252393985,"PE_TTM":-0.104492026237,"PB_TTM":0.052553543294,"REPORT_DATE_SQ":"2020-06-30 00:00:00","REPORT_TYPE_SQ":"2020年中报","OPERATE_INCOME_SQ":7756947000,"DPS_HKD":null,"OPERATE_INCOME_QOQ_SQ":43.431485037047,"NET_PROFIT_RATIO_SQ":17.555419393,"HOLDER_PROFIT_SQ":700043000,"HOLDER_PROFIT_QOQ_SQ":-19.002077719828,"ROE_AVG_SQ":13.37830716522,"PE_TTM_SQ":-0.311742581965,"PB_TTM_SQ":0.048306437573,"ROA_SQ":0.957890733753,"START_DATE":"2021-01-01 00:00:00","FISCAL_YEAR":"12-31","CURRENCY":"HKD","IS_CNY_CODE":0,"DPS_HKD_LY":0.134,"ORG_TYPE":"一般企业","PREMIUM_INCOME":null,"PREMIUM_INCOME_YOY":null,"NET_INTEREST_INCOME":null,"NET_INTEREST_INCOME_YOY":null,"FEE_COMMISSION_INCOME":null,"FEE_COMMISSION_INCOME_YOY":null,"ACCOUNTS_RECE_TDAYS":null,"INVENTORY_TDAYS":0.188768278334,"CURRENT_ASSETS_TDAYS":0.138614199056,"TOTAL_ASSETS_TDAYS":0.124177280712,"PREMIUM_EXPENSE":null,"LOAN_DEPOSIT":null,"LOAN_EQUITY":null,"LOAN_ASSETS":null,"DEPOSIT_EQUITY":null,"DEPOSIT_ASSETS":null,"EQUITY_MULTIPLIER":5.682907988304,"EQUITY_RATIO":15.749774087264},{"SECUCODE":"02019.HK","SECURITY_CODE":"02019","SECURITY_NAME_ABBR":"德信中国","ORG_CODE":"10979468","STD_REPORT_DATE":"2020-12-31 00:00:00","REPORT_DATE":"2020-12-31 00:00:00","DATE_TYPE_CODE":"001","REPORT_TYPE":"2020年年报","PER_NETCASH_OPERATE":0.033713625936,"PER_OI":5.876386579851,"BPS":1.96854520919,"BASIC_EPS":0.44,"DILUTED_EPS":0.44,"OPERATE_INCOME":15874124000,"OPERATE_INCOME_YOY":64.709168879,"GROSS_PROFIT":4107607000,"GROSS_PROFIT_YOY":34.265227960565,"HOLDER_PROFIT":1192502000,"HOLDER_PROFIT_YOY":-23.3863620886,"GROSS_PROFIT_RATIO":24.904678253405,"EPS_TTM":0.441448154824,"OPERATE_INCOME_QOQ":14.83473718232,"NET_PROFIT_RATIO":14.4267500172,"ROE_AVG":21.963856485732,"GROSS_PROFIT_QOQ":2.542071134056,"ROA":1.455244139188,"HOLDER_PROFIT_QOQ":-5.41283559549,"ROE_YEARLY":21.963856485732,"ROIC_YEARLY":1.937138066462,"TOTAL_ASSETS":96603301000,"TOTAL_LIABILITIES":79992497000,"TAX_EBT":27.209012513444,"OCF_SALES":0.581232419254,"TOTAL_PARENT_EQUITY":5845282000,"DEBT_ASSET_RATIO":82.8051383047,"OPERATE_PROFIT":2993857000,"PRETAX_PROFIT":3105460000,"NETCASH_OPERATE":91072000,"NETCASH_INVEST":-9203885000,"NETCASH_FINANCE":14324117000,"END_CASH":14719240000,"DIVI_RATIO":null,"DIVIDEND_RATE":null,"CURRENT_RATIO":1.383870695287,"COMMON_ACS":5000000000,"CURRENTDEBT_DEBT":77.927902413148,"ISSUED_COMMON_SHARES":2969341000,"HK_COMMON_SHARES":2969341000,"PER_SHARES":1000,"TOTAL_MARKET_CAP":252393985,"HKSK_MARKET_CAP":252393985,"PE_TTM":-0.104492026237,"PB_TTM":0.052553543294,"REPORT_DATE_SQ":"2019-12-31 00:00:00","REPORT_TYPE_SQ":"2019年年报","OPERATE_INCOME_SQ":9512995000,"DPS_HKD":null,"OPERATE_INCOME_QOQ_SQ":2.744476738943,"NET_PROFIT_RATIO_SQ":23.7215198789,"HOLDER_PROFIT_SQ":1556514000,"HOLDER_PROFIT_QOQ_SQ":-22.807203736564,"ROE_AVG_SQ":41.579382581775,"PE_TTM_SQ":-0.311742581965,"PB_TTM_SQ":0.048306437573,"ROA_SQ":2.663064686645,"START_DATE":"2020-01-01 00:00:00","FISCAL_YEAR":"12-31","CURRENCY":"HKD","IS_CNY_CODE":0,"DPS_HKD_LY":0.087,"ORG_TYPE":"一般企业","PREMIUM_INCOME":null,"PREMIUM_INCOME_YOY":null,"NET_INTEREST_INCOME":null,"NET_INTEREST_INCOME_YOY":null,"FEE_COMMISSION_INCOME":null,"FEE_COMMISSION_INCOME_YOY":null,"ACCOUNTS_RECE_TDAYS":null,"INVENTORY_TDAYS":0.26680445894,"CURRENT_ASSETS_TDAYS":0.215435212086,"TOTAL_ASSETS_TDAYS":0.19121052197,"PREMIUM_EXPENSE":null,"LOAN_DEPOSIT":null,"LOAN_EQUITY":null,"LOAN_ASSETS":null,"DEPOSIT_EQUITY":null,"DEPOSIT_ASSETS":null,"EQUITY_MULTIPLIER":5.815690859981,"EQUITY_RATIO":13.684967979304},{"SECUCODE":"02019.HK","SECURITY_CODE":"02019","SECURITY_NAME_ABBR":"德信中国","ORG_CODE":"10979468","STD_REPORT_DATE":"2020-06-30 00:00:00","REPORT_DATE":"2020-06-30 00:00:00","DATE_TYPE_CODE":"002","REPORT_TYPE":"2020年中报","PER_NETCASH_OPERATE":0.322770801613,"PER_OI":2.871517146484,"BPS":1.836050490664,"BASIC_EPS":0.26,"DILUTED_EPS":0.26,"OPERATE_INCOME":7756947000,"OPERATE_INCOME_YOY":117.4521380054,"GROSS_PROFIT":2069708000,"GROSS_PROFIT_YOY":70.217728498139,"HOLDER_PROFIT":700043000,"HOLDER_PROFIT_YOY":-29.7013595926,"GROSS_PROFIT_RATIO":25.650718433311,"EPS_TTM":0.466710422712,"OPERATE_INCOME_QOQ":43.431485037047,"NET_PROFIT_RATIO":17.555419393,"ROE_AVG":13.37830716522,"GROSS_PROFIT_QOQ":24.39088648044,"ROA":0.957890733753,"HOLDER_PROFIT_QOQ":-19.002077719828,"ROE_YEARLY":26.75661433044,"ROIC_YEARLY":2.516818324418,"TOTAL_ASSETS":78876435000,"TOTAL_LIABILITIES":66004155000,"TAX_EBT":25.392710589213,"OCF_SALES":11.398532660213,"TOTAL_PARENT_EQUITY":5451860000,"DEBT_ASSET_RATIO":83.6804490467,"OPERATE_PROFIT":1662071000,"PRETAX_PROFIT":1799926000,"NETCASH_OPERATE":871914000,"NETCASH_INVEST":-5899734000,"NETCASH_FINANCE":7615511000,"END_CASH":12199048000,"DIVI_RATIO":null,"DIVIDEND_RATE":null,"CURRENT_RATIO":1.338934047735,"COMMON_ACS":5000000000,"CURRENTDEBT_DEBT":78.024365284276,"ISSUED_COMMON_SHARES":2969341000,"HK_COMMON_SHARES":2969341000,"PER_SHARES":1000,"TOTAL_MARKET_CAP":252393985,"HKSK_MARKET_CAP":252393985,"PE_TTM":-0.104492026237,"PB_TTM":0.052553543294,"REPORT_DATE_SQ":"2019-06-30 00:00:00","REPORT_TYPE_SQ":"2019年中报","OPERATE_INCOME_SQ":3517718000,"DPS_HKD":null,"OPERATE_INCOME_QOQ_SQ":12.74724265758,"NET_PROFIT_RATIO_SQ":36.4833963382,"HOLDER_PROFIT_SQ":995813000,"HOLDER_PROFIT_QOQ_SQ":38.731272222895,"ROE_AVG_SQ":27.272076215119,"PE_TTM_SQ":-0.311742581965,"PB_TTM_SQ":0.048306437573,"ROA_SQ":1.852144153894,"START_DATE":"2020-01-01 00:00:00","FISCAL_YEAR":"12-31","CURRENCY":"HKD","IS_CNY_CODE":0,"DPS_HKD_LY":0.087,"ORG_TYPE":"一般企业","PREMIUM_INCOME":null,"PREMIUM_INCOME_YOY":null,"NET_INTEREST_INCOME":null,"NET_INTEREST_INCOME_YOY":null,"FEE_COMMISSION_INCOME":null,"FEE_COMMISSION_INCOME_YOY":null,"ACCOUNTS_RECE_TDAYS":null,"INVENTORY_TDAYS":0.153226521397,"CURRENT_ASSETS_TDAYS":0.119381079571,"TOTAL_ASSETS_TDAYS":0.104668489763,"PREMIUM_EXPENSE":null,"LOAN_DEPOSIT":null,"LOAN_EQUITY":null,"LOAN_ASSETS":null,"DEPOSIT_EQUITY":null,"DEPOSIT_ASSETS":null,"EQUITY_MULTIPLIER":6.127619582558,"EQUITY_RATIO":12.106722292942},{"SECUCODE":"02019.HK","SECURITY_CODE":"02019","SECURITY_NAME_ABBR":"德信中国","ORG_CODE":"10979468","STD_REPORT_DATE":"2019-12-31 00:00:00","REPORT_DATE":"2019-12-31 00:00:00","DATE_TYPE_CODE":"001","REPORT_TYPE":"2019年年报","PER_NETCASH_OPERATE":-0.062612235923,"PER_OI":3.521582428875,"BPS":1.688416722768,"BASIC_EPS":0.6,"DILUTED_EPS":0.6,"OPERATE_INCOME":9512995000,"OPERATE_INCOME_YOY":15.8415645061,"GROSS_PROFIT":3059323000,"GROSS_PROFIT_YOY":-2.050322697145,"HOLDER_PROFIT":1556514000,"HOLDER_PROFIT_YOY":7.0905483207,"GROSS_PROFIT_RATIO":32.15940931326,"EPS_TTM":0.576200487091,"OPERATE_INCOME_QOQ":2.744476738943,"NET_PROFIT_RATIO":23.7215198789,"ROE_AVG":41.579382581775,"GROSS_PROFIT_QOQ":-12.956008018924,"ROA":2.663064686645,"HOLDER_PROFIT_QOQ":-22.807203736564,"ROE_YEARLY":41.579382581775,"ROIC_YEARLY":3.469374149479,"TOTAL_ASSETS":67287000000,"TOTAL_LIABILITIES":56552272000,"TAX_EBT":24.305098526976,"OCF_SALES":-1.777957415094,"TOTAL_PARENT_EQUITY":5013485000,"DEBT_ASSET_RATIO":84.0463566514,"OPERATE_PROFIT":2237846000,"PRETAX_PROFIT":2981214000,"NETCASH_OPERATE":-169137000,"NETCASH_INVEST":-4136468000,"NETCASH_FINANCE":6379023000,"END_CASH":9564316000,"DIVI_RATIO":null,"DIVIDEND_RATE":null,"CURRENT_RATIO":1.289629186362,"COMMON_ACS":5000000000,"CURRENTDEBT_DEBT":81.166585137375,"ISSUED_COMMON_SHARES":2969341000,"HK_COMMON_SHARES":2969341000,"PER_SHARES":1000,"TOTAL_MARKET_CAP":252393985,"HKSK_MARKET_CAP":252393985,"PE_TTM":-0.104492026237,"PB_TTM":0.052553543294,"REPORT_DATE_SQ":"2018-12-31 00:00:00","REPORT_TYPE_SQ":"2018年年报","OPERATE_INCOME_SQ":8212074000,"DPS_HKD":null,"OPERATE_INCOME_QOQ_SQ":-10.752983939268,"NET_PROFIT_RATIO_SQ":22.4187823929,"HOLDER_PROFIT_SQ":1453456000,"HOLDER_PROFIT_QOQ_SQ":15.830486295568,"ROE_AVG_SQ":72.886631154149,"PE_TTM_SQ":-0.311742581965,"PB_TTM_SQ":0.048306437573,"ROA_SQ":3.418823844773,"START_DATE":"2019-01-01 00:00:00","FISCAL_YEAR":"12-31","CURRENCY":"HKD","IS_CNY_CODE":0,"DPS_HKD_LY":0.110765,"ORG_TYPE":"一般企业","PREMIUM_INCOME":null,"PREMIUM_INCOME_YOY":null,"NET_INTEREST_INCOME":null,"NET_INTEREST_INCOME_YOY":null,"FEE_COMMISSION_INCOME":null,"FEE_COMMISSION_INCOME_YOY":null,"ACCOUNTS_RECE_TDAYS":null,"INVENTORY_TDAYS":0.197724511486,"CURRENT_ASSETS_TDAYS":0.182984734376,"TOTAL_ASSETS_TDAYS":0.162759352301,"PREMIUM_EXPENSE":null,"LOAN_DEPOSIT":null,"LOAN_EQUITY":null,"LOAN_ASSETS":null,"DEPOSIT_EQUITY":null,"DEPOSIT_ASSETS":null,"EQUITY_MULTIPLIER":6.268160683733,"EQUITY_RATIO":11.280032153283}],"count":18},"success":true,"message":"ok","code":0}