{"version":"708fd211618fe3064a494cee52a14aa2","result":{"pages":3,"data":[{"SECUCODE":"02013.HK","SECURITY_CODE":"02013","SECURITY_NAME_ABBR":"微盟集团","ORG_CODE":"10957478","STD_REPORT_DATE":"2024-06-30 00:00:00","REPORT_DATE":"2024-06-30 00:00:00","DATE_TYPE_CODE":"002","REPORT_TYPE":"2024年中报","PER_NETCASH_OPERATE":0.009585328792,"PER_OI":0.281871316529,"BPS":0.671432262377,"BASIC_EPS":-0.19,"DILUTED_EPS":-0.19,"OPERATE_INCOME":867434000,"OPERATE_INCOME_YOY":-28.2857544417,"GROSS_PROFIT":575905000,"GROSS_PROFIT_YOY":-29.445628031368,"HOLDER_PROFIT":-550784000,"HOLDER_PROFIT_YOY":-21.7915464305,"GROSS_PROFIT_RATIO":66.391794649507,"EPS_TTM":-0.278415814923,"OPERATE_INCOME_QOQ":-15.358372192824,"NET_PROFIT_RATIO":-65.6928365732,"ROE_AVG":-21.481514849607,"GROSS_PROFIT_QOQ":-16.201412177078,"ROA":-7.181380699661,"HOLDER_PROFIT_QOQ":-12.996883617694,"ROE_YEARLY":-42.963029699213,"ROIC_YEARLY":-17.982655114293,"TOTAL_ASSETS":7471127000,"TOTAL_LIABILITIES":4960485000,"TAX_EBT":-4.148260515951,"OCF_SALES":3.400604541671,"TOTAL_PARENT_EQUITY":2427824000,"DEBT_ASSET_RATIO":66.3954046023,"OPERATE_PROFIT":-287323000,"PRETAX_PROFIT":-547145000,"NETCASH_OPERATE":29498000,"NETCASH_INVEST":92767000,"NETCASH_FINANCE":-562499000,"END_CASH":1213720000,"DIVI_RATIO":null,"DIVIDEND_RATE":null,"CURRENT_RATIO":0.974552146146,"COMMON_ACS":5000000000,"CURRENTDEBT_DEBT":92.789011558346,"ISSUED_COMMON_SHARES":3615888208,"HK_COMMON_SHARES":3615888208,"PER_SHARES":1000,"TOTAL_MARKET_CAP":11281571208.96,"HKSK_MARKET_CAP":11281571208.96,"PE_TTM":-11.879162129737,"PB_TTM":4.241025877903,"REPORT_DATE_SQ":"2023-06-30 00:00:00","REPORT_TYPE_SQ":"2023年中报","OPERATE_INCOME_SQ":1209570000,"DPS_HKD":null,"OPERATE_INCOME_QOQ_SQ":16.854813625755,"NET_PROFIT_RATIO_SQ":-38.8262771067,"HOLDER_PROFIT_SQ":-452235000,"HOLDER_PROFIT_QOQ_SQ":8.54839256554,"ROE_AVG_SQ":-17.630269008429,"PE_TTM_SQ":-2.81608665488,"PB_TTM_SQ":1.590541062816,"ROA_SQ":-5.631603928394,"START_DATE":"2024-01-01 00:00:00","FISCAL_YEAR":"12-31","CURRENCY":"HKD","IS_CNY_CODE":0,"DPS_HKD_LY":null,"ORG_TYPE":"一般企业","PREMIUM_INCOME":null,"PREMIUM_INCOME_YOY":null,"NET_INTEREST_INCOME":null,"NET_INTEREST_INCOME_YOY":null,"FEE_COMMISSION_INCOME":null,"FEE_COMMISSION_INCOME_YOY":null,"ACCOUNTS_RECE_TDAYS":2.815617397457,"INVENTORY_TDAYS":null,"CURRENT_ASSETS_TDAYS":0.18623165653,"TOTAL_ASSETS_TDAYS":0.113100122477,"PREMIUM_EXPENSE":null,"LOAN_DEPOSIT":null,"LOAN_EQUITY":null,"LOAN_ASSETS":null,"DEPOSIT_EQUITY":null,"DEPOSIT_ASSETS":null,"EQUITY_MULTIPLIER":2.975783484864,"EQUITY_RATIO":2.043181466202},{"SECUCODE":"02013.HK","SECURITY_CODE":"02013","SECURITY_NAME_ABBR":"微盟集团","ORG_CODE":"10957478","STD_REPORT_DATE":"2023-12-31 00:00:00","REPORT_DATE":"2023-12-31 00:00:00","DATE_TYPE_CODE":"001","REPORT_TYPE":"2023年年报","PER_NETCASH_OPERATE":-0.213162909878,"PER_OI":0.797140196691,"BPS":0.746747920477,"BASIC_EPS":-0.28,"DILUTED_EPS":-0.28,"OPERATE_INCOME":2227684000,"OPERATE_INCOME_YOY":21.1364076329,"GROSS_PROFIT":1483525000,"GROSS_PROFIT_YOY":36.021972198256,"HOLDER_PROFIT":-758251000,"HOLDER_PROFIT_YOY":58.5330253324,"GROSS_PROFIT_RATIO":66.594947936961,"EPS_TTM":-0.271327688883,"OPERATE_INCOME_QOQ":3.664028784344,"NET_PROFIT_RATIO":-34.1726205333,"ROE_AVG":-31.270003806419,"GROSS_PROFIT_QOQ":13.312613807179,"ROA":-9.574594357203,"HOLDER_PROFIT_QOQ":54.656920932419,"ROE_YEARLY":-31.270003806419,"ROIC_YEARLY":-12.384100811756,"TOTAL_ASSETS":7868096000,"TOTAL_LIABILITIES":5065842000,"TAX_EBT":-4.804937516951,"OCF_SALES":-26.740956078151,"TOTAL_PARENT_EQUITY":2700157000,"DEBT_ASSET_RATIO":64.384598256,"OPERATE_PROFIT":-604291000,"PRETAX_PROFIT":-726357000,"NETCASH_OPERATE":-595704000,"NETCASH_INVEST":-288579000,"NETCASH_FINANCE":821709000,"END_CASH":1666760000,"DIVI_RATIO":null,"DIVIDEND_RATE":null,"CURRENT_RATIO":1.091653401433,"COMMON_ACS":5000000000,"CURRENTDEBT_DEBT":87.339340626889,"ISSUED_COMMON_SHARES":3615888208,"HK_COMMON_SHARES":3615888208,"PER_SHARES":1000,"TOTAL_MARKET_CAP":6617075420.64,"HKSK_MARKET_CAP":6617075420.64,"PE_TTM":-6.967585479942,"PB_TTM":2.48752479377,"REPORT_DATE_SQ":"2022-12-31 00:00:00","REPORT_TYPE_SQ":"2022年年报","OPERATE_INCOME_SQ":1838988000,"DPS_HKD":null,"OPERATE_INCOME_QOQ_SQ":-29.968018900761,"NET_PROFIT_RATIO_SQ":-104.3903494748,"HOLDER_PROFIT_SQ":-1828566000,"HOLDER_PROFIT_QOQ_SQ":-119.289855107225,"ROE_AVG_SQ":-58.862407931218,"PE_TTM_SQ":-3.611937231259,"PB_TTM_SQ":2.04004179796,"ROA_SQ":-21.009213560513,"START_DATE":"2023-01-01 00:00:00","FISCAL_YEAR":"12-31","CURRENCY":"HKD","IS_CNY_CODE":0,"DPS_HKD_LY":null,"ORG_TYPE":"一般企业","PREMIUM_INCOME":null,"PREMIUM_INCOME_YOY":null,"NET_INTEREST_INCOME":null,"NET_INTEREST_INCOME_YOY":null,"FEE_COMMISSION_INCOME":null,"FEE_COMMISSION_INCOME_YOY":null,"ACCOUNTS_RECE_TDAYS":6.106296984108,"INVENTORY_TDAYS":null,"CURRENT_ASSETS_TDAYS":0.455908630154,"TOTAL_ASSETS_TDAYS":0.281294329398,"PREMIUM_EXPENSE":null,"LOAN_DEPOSIT":null,"LOAN_EQUITY":null,"LOAN_ASSETS":null,"DEPOSIT_EQUITY":null,"DEPOSIT_ASSETS":null,"EQUITY_MULTIPLIER":2.807774027618,"EQUITY_RATIO":1.876128684369},{"SECUCODE":"02013.HK","SECURITY_CODE":"02013","SECURITY_NAME_ABBR":"微盟集团","ORG_CODE":"10957478","STD_REPORT_DATE":"2023-06-30 00:00:00","REPORT_DATE":"2023-06-30 00:00:00","DATE_TYPE_CODE":"002","REPORT_TYPE":"2023年中报","PER_NETCASH_OPERATE":-0.235097394202,"PER_OI":0.432824793692,"BPS":0.824324710428,"BASIC_EPS":-0.17,"DILUTED_EPS":-0.17,"OPERATE_INCOME":1209570000,"OPERATE_INCOME_YOY":34.4546315523,"GROSS_PROFIT":816257000,"GROSS_PROFIT_YOY":36.571821522029,"HOLDER_PROFIT":-452235000,"HOLDER_PROFIT_YOY":25.6862236011,"GROSS_PROFIT_RATIO":67.483237844854,"EPS_TTM":-0.59838831959,"OPERATE_INCOME_QOQ":16.854813625755,"NET_PROFIT_RATIO":-38.8262771067,"ROE_AVG":-17.630269008429,"GROSS_PROFIT_QOQ":20.041333112059,"ROA":-5.631603928394,"HOLDER_PROFIT_QOQ":8.54839256554,"ROE_YEARLY":-35.260538016857,"ROIC_YEARLY":-15.028974730712,"TOTAL_ASSETS":8089895000,"TOTAL_LIABILITIES":5019625000,"TAX_EBT":-7.115307856353,"OCF_SALES":-54.316988681928,"TOTAL_PARENT_EQUITY":2980666000,"DEBT_ASSET_RATIO":62.0480859146,"OPERATE_PROFIT":-385297000,"PRETAX_PROFIT":-438435000,"NETCASH_OPERATE":-657002000,"NETCASH_INVEST":166126000,"NETCASH_FINANCE":881075000,"END_CASH":2110530000,"DIVI_RATIO":null,"DIVIDEND_RATE":null,"CURRENT_RATIO":1.074426412862,"COMMON_ACS":5000000000,"CURRENTDEBT_DEBT":92.407859152825,"ISSUED_COMMON_SHARES":3615888208,"HK_COMMON_SHARES":3615888208,"PER_SHARES":1000,"TOTAL_MARKET_CAP":6617075420.64,"HKSK_MARKET_CAP":6617075420.64,"PE_TTM":-6.967585479942,"PB_TTM":2.48752479377,"REPORT_DATE_SQ":"2022-06-30 00:00:00","REPORT_TYPE_SQ":"2022年中报","OPERATE_INCOME_SQ":899612000,"DPS_HKD":null,"OPERATE_INCOME_QOQ_SQ":-2.225129817857,"NET_PROFIT_RATIO_SQ":-73.3219432378,"HOLDER_PROFIT_SQ":-608548000,"HOLDER_PROFIT_QOQ_SQ":-6.492146463131,"ROE_AVG_SQ":-16.39231790238,"PE_TTM_SQ":-3.611937231259,"PB_TTM_SQ":2.04004179796,"ROA_SQ":-6.476564428565,"START_DATE":"2023-01-01 00:00:00","FISCAL_YEAR":"12-31","CURRENCY":"HKD","IS_CNY_CODE":0,"DPS_HKD_LY":null,"ORG_TYPE":"一般企业","PREMIUM_INCOME":null,"PREMIUM_INCOME_YOY":null,"NET_INTEREST_INCOME":null,"NET_INTEREST_INCOME_YOY":null,"FEE_COMMISSION_INCOME":null,"FEE_COMMISSION_INCOME_YOY":null,"ACCOUNTS_RECE_TDAYS":3.149249379039,"INVENTORY_TDAYS":null,"CURRENT_ASSETS_TDAYS":0.243710929425,"TOTAL_ASSETS_TDAYS":0.150625651789,"PREMIUM_EXPENSE":null,"LOAN_DEPOSIT":null,"LOAN_EQUITY":null,"LOAN_ASSETS":null,"DEPOSIT_EQUITY":null,"DEPOSIT_ASSETS":null,"EQUITY_MULTIPLIER":2.634913216102,"EQUITY_RATIO":1.684061548661},{"SECUCODE":"02013.HK","SECURITY_CODE":"02013","SECURITY_NAME_ABBR":"微盟集团","ORG_CODE":"10957478","STD_REPORT_DATE":"2022-12-31 00:00:00","REPORT_DATE":"2022-12-31 00:00:00","DATE_TYPE_CODE":"001","REPORT_TYPE":"2022年年报","PER_NETCASH_OPERATE":-0.286307160047,"PER_OI":0.721361726123,"BPS":0.594472195032,"BASIC_EPS":-0.73,"DILUTED_EPS":-0.73,"OPERATE_INCOME":1838988000,"OPERATE_INCOME_YOY":-6.5036087097,"GROSS_PROFIT":1090651000,"GROSS_PROFIT_YOY":-27.36271589201,"HOLDER_PROFIT":-1828566000,"HOLDER_PROFIT_YOY":-133.5264736796,"GROSS_PROFIT_RATIO":59.30712979095,"EPS_TTM":-0.717273590741,"OPERATE_INCOME_QOQ":-29.968018900761,"NET_PROFIT_RATIO":-104.3903494748,"ROE_AVG":-58.862407931218,"GROSS_PROFIT_QOQ":-19.45803240433,"ROA":-21.009213560513,"HOLDER_PROFIT_QOQ":-119.289855107225,"ROE_YEARLY":-58.862407931218,"ROIC_YEARLY":-31.40289899176,"TOTAL_ASSETS":7970716000,"TOTAL_LIABILITIES":5729670000,"TAX_EBT":3.561473922697,"OCF_SALES":-39.689818530627,"TOTAL_PARENT_EQUITY":2149545000,"DEBT_ASSET_RATIO":71.8840064054,"OPERATE_PROFIT":-1849652000,"PRETAX_PROFIT":-1989738000,"NETCASH_OPERATE":-729891000,"NETCASH_INVEST":-1481865000,"NETCASH_FINANCE":66755000,"END_CASH":1710103000,"DIVI_RATIO":null,"DIVIDEND_RATE":null,"CURRENT_RATIO":1.318421664054,"COMMON_ACS":5000000000,"CURRENTDEBT_DEBT":65.428008942923,"ISSUED_COMMON_SHARES":3615888208,"HK_COMMON_SHARES":3615888208,"PER_SHARES":1000,"TOTAL_MARKET_CAP":6617075420.64,"HKSK_MARKET_CAP":6617075420.64,"PE_TTM":-6.967585479942,"PB_TTM":2.48752479377,"REPORT_DATE_SQ":"2021-12-31 00:00:00","REPORT_TYPE_SQ":"2021年年报","OPERATE_INCOME_SQ":1966908000,"DPS_HKD":null,"OPERATE_INCOME_QOQ_SQ":12.14455394362,"NET_PROFIT_RATIO_SQ":-31.7700207694,"HOLDER_PROFIT_SQ":-783023000,"HOLDER_PROFIT_QOQ_SQ":33.112859977637,"ROE_AVG_SQ":-30.637759244369,"PE_TTM_SQ":-3.611937231259,"PB_TTM_SQ":2.04004179796,"ROA_SQ":-10.241769956068,"START_DATE":"2022-01-01 00:00:00","FISCAL_YEAR":"12-31","CURRENCY":"HKD","IS_CNY_CODE":0,"DPS_HKD_LY":null,"ORG_TYPE":"一般企业","PREMIUM_INCOME":null,"PREMIUM_INCOME_YOY":null,"NET_INTEREST_INCOME":null,"NET_INTEREST_INCOME_YOY":null,"FEE_COMMISSION_INCOME":null,"FEE_COMMISSION_INCOME_YOY":null,"ACCOUNTS_RECE_TDAYS":4.985071794719,"INVENTORY_TDAYS":null,"CURRENT_ASSETS_TDAYS":0.32093824176,"TOTAL_ASSETS_TDAYS":0.211289565852,"PREMIUM_EXPENSE":null,"LOAN_DEPOSIT":null,"LOAN_EQUITY":null,"LOAN_ASSETS":null,"DEPOSIT_EQUITY":null,"DEPOSIT_ASSETS":null,"EQUITY_MULTIPLIER":3.556694507827,"EQUITY_RATIO":2.665526890575},{"SECUCODE":"02013.HK","SECURITY_CODE":"02013","SECURITY_NAME_ABBR":"微盟集团","ORG_CODE":"10957478","STD_REPORT_DATE":"2022-06-30 00:00:00","REPORT_DATE":"2022-06-30 00:00:00","DATE_TYPE_CODE":"002","REPORT_TYPE":"2022年中报","PER_NETCASH_OPERATE":-0.191010103658,"PER_OI":0.355061764392,"BPS":0.92959787655,"BASIC_EPS":-0.24,"DILUTED_EPS":-0.24,"OPERATE_INCOME":899612000,"OPERATE_INCOME_YOY":-6.2290748531,"GROSS_PROFIT":597676000,"GROSS_PROFIT_YOY":-21.359559269537,"HOLDER_PROFIT":-608548000,"HOLDER_PROFIT_YOY":-9.114903185,"GROSS_PROFIT_RATIO":66.4370862105,"EPS_TTM":-0.32910976369,"OPERATE_INCOME_QOQ":-2.225129817857,"NET_PROFIT_RATIO":-73.3219432378,"ROE_AVG":-16.39231790238,"GROSS_PROFIT_QOQ":-10.704759392671,"ROA":-6.476564428565,"HOLDER_PROFIT_QOQ":-6.492146463131,"ROE_YEARLY":-32.78463580476,"ROIC_YEARLY":-20.515790687341,"TOTAL_ASSETS":9355748000,"TOTAL_LIABILITIES":5906690000,"TAX_EBT":3.184603853446,"OCF_SALES":-53.796303295198,"TOTAL_PARENT_EQUITY":3361322000,"DEBT_ASSET_RATIO":63.1343426522,"OPERATE_PROFIT":-630555000,"PRETAX_PROFIT":-680430000,"NETCASH_OPERATE":-483958000,"NETCASH_INVEST":-762930000,"NETCASH_FINANCE":199085000,"END_CASH":2880191000,"DIVI_RATIO":null,"DIVIDEND_RATE":null,"CURRENT_RATIO":1.671285729512,"COMMON_ACS":5000000000,"CURRENTDEBT_DEBT":58.294357753666,"ISSUED_COMMON_SHARES":3615888208,"HK_COMMON_SHARES":3615888208,"PER_SHARES":1000,"TOTAL_MARKET_CAP":6617075420.64,"HKSK_MARKET_CAP":6617075420.64,"PE_TTM":-6.967585479942,"PB_TTM":2.48752479377,"REPORT_DATE_SQ":"2021-06-30 00:00:00","REPORT_TYPE_SQ":"2021年中报","OPERATE_INCOME_SQ":959372000,"DPS_HKD":null,"OPERATE_INCOME_QOQ_SQ":21.638864819125,"NET_PROFIT_RATIO_SQ":-42.2484599589,"HOLDER_PROFIT_SQ":-557713000,"HOLDER_PROFIT_QOQ_SQ":-1.213966187743,"ROE_AVG_SQ":-28.932267545388,"PE_TTM_SQ":-3.611937231259,"PB_TTM_SQ":2.04004179796,"ROA_SQ":-7.186856490442,"START_DATE":"2022-01-01 00:00:00","FISCAL_YEAR":"12-31","CURRENCY":"HKD","IS_CNY_CODE":0,"DPS_HKD_LY":null,"ORG_TYPE":"一般企业","PREMIUM_INCOME":null,"PREMIUM_INCOME_YOY":null,"NET_INTEREST_INCOME":null,"NET_INTEREST_INCOME_YOY":null,"FEE_COMMISSION_INCOME":null,"FEE_COMMISSION_INCOME_YOY":null,"ACCOUNTS_RECE_TDAYS":2.726811724892,"INVENTORY_TDAYS":null,"CURRENT_ASSETS_TDAYS":0.146609186289,"TOTAL_ASSETS_TDAYS":0.095742572134,"PREMIUM_EXPENSE":null,"LOAN_DEPOSIT":null,"LOAN_EQUITY":null,"LOAN_ASSETS":null,"DEPOSIT_EQUITY":null,"DEPOSIT_ASSETS":null,"EQUITY_MULTIPLIER":2.71255165903,"EQUITY_RATIO":1.757252057375},{"SECUCODE":"02013.HK","SECURITY_CODE":"02013","SECURITY_NAME_ABBR":"微盟集团","ORG_CODE":"10957478","STD_REPORT_DATE":"2021-12-31 00:00:00","REPORT_DATE":"2021-12-31 00:00:00","DATE_TYPE_CODE":"001","REPORT_TYPE":"2021年年报","PER_NETCASH_OPERATE":-0.264939952041,"PER_OI":0.771802430416,"BPS":1.123782806949,"BASIC_EPS":-0.33,"DILUTED_EPS":-0.33,"OPERATE_INCOME":1966908000,"OPERATE_INCOME_YOY":36.4113623735,"GROSS_PROFIT":1501503000,"GROSS_PROFIT_YOY":49.758083579106,"HOLDER_PROFIT":-783023000,"HOLDER_PROFIT_YOY":32.3008727138,"GROSS_PROFIT_RATIO":56.465089366367,"EPS_TTM":-0.307253341016,"OPERATE_INCOME_QOQ":12.14455394362,"NET_PROFIT_RATIO":-31.7700207694,"ROE_AVG":-30.637759244369,"GROSS_PROFIT_QOQ":12.546904593682,"ROA":-10.241769956068,"HOLDER_PROFIT_QOQ":33.112859977637,"ROE_YEARLY":-30.637759244369,"ROIC_YEARLY":-16.833933288846,"TOTAL_ASSETS":9436561000,"TOTAL_LIABILITIES":5222743000,"TAX_EBT":-2.522426949797,"OCF_SALES":-25.140280732744,"TOTAL_PARENT_EQUITY":4063473000,"DEBT_ASSET_RATIO":55.3458299056,"OPERATE_PROFIT":-712314000,"PRETAX_PROFIT":-795583000,"NETCASH_OPERATE":-675189000,"NETCASH_INVEST":-1232425000,"NETCASH_FINANCE":3938791000,"END_CASH":3809069000,"DIVI_RATIO":null,"DIVIDEND_RATE":null,"CURRENT_RATIO":2.333584203891,"COMMON_ACS":5000000000,"CURRENTDEBT_DEBT":53.476516075939,"ISSUED_COMMON_SHARES":3615888208,"HK_COMMON_SHARES":3615888208,"PER_SHARES":1000,"TOTAL_MARKET_CAP":6617075420.64,"HKSK_MARKET_CAP":6617075420.64,"PE_TTM":-6.967585479942,"PB_TTM":2.48752479377,"REPORT_DATE_SQ":"2020-12-31 00:00:00","REPORT_TYPE_SQ":"2020年年报","OPERATE_INCOME_SQ":1968814000,"DPS_HKD":null,"OPERATE_INCOME_QOQ_SQ":13.336322916421,"NET_PROFIT_RATIO_SQ":-59.2427217604,"HOLDER_PROFIT_SQ":-1156622000,"HOLDER_PROFIT_QOQ_SQ":-122.147913969738,"ROE_AVG_SQ":-76.140639606072,"PE_TTM_SQ":-3.611937231259,"PB_TTM_SQ":2.04004179796,"ROA_SQ":-25.258914784887,"START_DATE":"2021-01-01 00:00:00","FISCAL_YEAR":"12-31","CURRENCY":"HKD","IS_CNY_CODE":0,"DPS_HKD_LY":null,"ORG_TYPE":"一般企业","PREMIUM_INCOME":null,"PREMIUM_INCOME_YOY":null,"NET_INTEREST_INCOME":null,"NET_INTEREST_INCOME_YOY":null,"FEE_COMMISSION_INCOME":null,"FEE_COMMISSION_INCOME_YOY":null,"ACCOUNTS_RECE_TDAYS":6.546039078386,"INVENTORY_TDAYS":null,"CURRENT_ASSETS_TDAYS":0.500193088538,"TOTAL_ASSETS_TDAYS":0.351281867662,"PREMIUM_EXPENSE":null,"LOAN_DEPOSIT":null,"LOAN_EQUITY":null,"LOAN_ASSETS":null,"DEPOSIT_EQUITY":null,"DEPOSIT_ASSETS":null,"EQUITY_MULTIPLIER":2.239432505152,"EQUITY_RATIO":1.285290439976},{"SECUCODE":"02013.HK","SECURITY_CODE":"02013","SECURITY_NAME_ABBR":"微盟集团","ORG_CODE":"10957478","STD_REPORT_DATE":"2021-06-30 00:00:00","REPORT_DATE":"2021-06-30 00:00:00","DATE_TYPE_CODE":"002","REPORT_TYPE":"2021年中报","PER_NETCASH_OPERATE":-0.204993636885,"PER_OI":0.394543927933,"BPS":0.776374666061,"BASIC_EPS":-0.24,"DILUTED_EPS":-0.24,"OPERATE_INCOME":959372000,"OPERATE_INCOME_YOY":44.5147646259,"GROSS_PROFIT":760011000,"GROSS_PROFIT_YOY":80.296488539477,"HOLDER_PROFIT":-557713000,"HOLDER_PROFIT_YOY":-2.5826233464,"GROSS_PROFIT_RATIO":55.407568614975,"EPS_TTM":-0.481437834652,"OPERATE_INCOME_QOQ":21.638864819125,"NET_PROFIT_RATIO":-42.2484599589,"ROE_AVG":-28.932267545388,"GROSS_PROFIT_QOQ":34.389633549733,"ROA":-7.186856490442,"HOLDER_PROFIT_QOQ":-1.213966187743,"ROE_YEARLY":-57.864535090775,"ROIC_YEARLY":-26.753399322234,"TOTAL_ASSETS":9666146000,"TOTAL_LIABILITIES":6668552000,"TAX_EBT":1.670884831806,"OCF_SALES":-36.039997686323,"TOTAL_PARENT_EQUITY":2807284000,"DEBT_ASSET_RATIO":68.9887365657,"OPERATE_PROFIT":-163677000,"PRETAX_PROFIT":-569758000,"NETCASH_OPERATE":-498462000,"NETCASH_INVEST":-357963000,"NETCASH_FINANCE":4021489000,"END_CASH":4963027000,"DIVI_RATIO":null,"DIVIDEND_RATE":null,"CURRENT_RATIO":3.345920547191,"COMMON_ACS":5000000000,"CURRENTDEBT_DEBT":33.841844526368,"ISSUED_COMMON_SHARES":3615888208,"HK_COMMON_SHARES":3615888208,"PER_SHARES":1000,"TOTAL_MARKET_CAP":6617075420.64,"HKSK_MARKET_CAP":6617075420.64,"PE_TTM":-6.967585479942,"PB_TTM":2.48752479377,"REPORT_DATE_SQ":"2020-06-30 00:00:00","REPORT_TYPE_SQ":"2020年中报","OPERATE_INCOME_SQ":957051000,"DPS_HKD":null,"OPERATE_INCOME_QOQ_SQ":20.904699165569,"NET_PROFIT_RATIO_SQ":-57.015038906,"HOLDER_PROFIT_SQ":-543672000,"HOLDER_PROFIT_QOQ_SQ":-266.888049798383,"ROE_AVG_SQ":-31.626801968327,"PE_TTM_SQ":-3.611937231259,"PB_TTM_SQ":2.04004179796,"ROA_SQ":-13.40017250807,"START_DATE":"2021-01-01 00:00:00","FISCAL_YEAR":"12-31","CURRENCY":"HKD","IS_CNY_CODE":0,"DPS_HKD_LY":null,"ORG_TYPE":"一般企业","PREMIUM_INCOME":null,"PREMIUM_INCOME_YOY":null,"NET_INTEREST_INCOME":null,"NET_INTEREST_INCOME_YOY":null,"FEE_COMMISSION_INCOME":null,"FEE_COMMISSION_INCOME_YOY":null,"ACCOUNTS_RECE_TDAYS":3.629125394595,"INVENTORY_TDAYS":null,"CURRENT_ASSETS_TDAYS":0.234978372792,"TOTAL_ASSETS_TDAYS":0.178227824612,"PREMIUM_EXPENSE":null,"LOAN_DEPOSIT":null,"LOAN_EQUITY":null,"LOAN_ASSETS":null,"DEPOSIT_EQUITY":null,"DEPOSIT_ASSETS":null,"EQUITY_MULTIPLIER":3.224634823791,"EQUITY_RATIO":2.375446160773},{"SECUCODE":"02013.HK","SECURITY_CODE":"02013","SECURITY_NAME_ABBR":"微盟集团","ORG_CODE":"10957478","STD_REPORT_DATE":"2020-12-31 00:00:00","REPORT_DATE":"2020-12-31 00:00:00","DATE_TYPE_CODE":"001","REPORT_TYPE":"2020年年报","PER_NETCASH_OPERATE":-0.021244115097,"PER_OI":0.873096988212,"BPS":0.289836670747,"BASIC_EPS":-0.52,"DILUTED_EPS":-0.52,"OPERATE_INCOME":1968814000,"OPERATE_INCOME_YOY":37.0289402674,"GROSS_PROFIT":1002619000,"GROSS_PROFIT_YOY":25.778605748121,"HOLDER_PROFIT":-1156622000,"HOLDER_PROFIT_YOY":-470.7383212919,"GROSS_PROFIT_RATIO":50.925023897636,"EPS_TTM":-0.512919546844,"OPERATE_INCOME_QOQ":13.336322916421,"NET_PROFIT_RATIO":-59.2427217604,"ROE_AVG":-76.140639606072,"GROSS_PROFIT_QOQ":17.50175792237,"ROA":-25.258914784887,"HOLDER_PROFIT_QOQ":-122.147913969738,"ROE_YEARLY":-76.140639606072,"ROIC_YEARLY":-39.430427636093,"TOTAL_ASSETS":5854214000,"TOTAL_LIABILITIES":4601724000,"TAX_EBT":-1.950235432016,"OCF_SALES":-2.43319074326,"TOTAL_PARENT_EQUITY":1048017000,"DEBT_ASSET_RATIO":78.6053260096,"OPERATE_PROFIT":8997000,"PRETAX_PROFIT":-1144067000,"NETCASH_OPERATE":-47905000,"NETCASH_INVEST":-106780000,"NETCASH_FINANCE":1163588000,"END_CASH":1823976000,"DIVI_RATIO":null,"DIVIDEND_RATE":null,"CURRENT_RATIO":1.781008217213,"COMMON_ACS":5000000000,"CURRENTDEBT_DEBT":51.502980187425,"ISSUED_COMMON_SHARES":3615888208,"HK_COMMON_SHARES":3615888208,"PER_SHARES":1000,"TOTAL_MARKET_CAP":6617075420.64,"HKSK_MARKET_CAP":6617075420.64,"PE_TTM":-6.967585479942,"PB_TTM":2.48752479377,"REPORT_DATE_SQ":"2019-12-31 00:00:00","REPORT_TYPE_SQ":"2019年年报","OPERATE_INCOME_SQ":1436787000,"DPS_HKD":null,"OPERATE_INCOME_QOQ_SQ":20.77463575207,"NET_PROFIT_RATIO_SQ":21.6669555056,"HOLDER_PROFIT_SQ":311978000,"HOLDER_PROFIT_QOQ_SQ":270.275079139832,"ROE_AVG_SQ":-141.397165965296,"PE_TTM_SQ":-3.611937231259,"PB_TTM_SQ":2.04004179796,"ROA_SQ":14.230424146719,"START_DATE":"2020-01-01 00:00:00","FISCAL_YEAR":"12-31","CURRENCY":"HKD","IS_CNY_CODE":0,"DPS_HKD_LY":null,"ORG_TYPE":"一般企业","PREMIUM_INCOME":null,"PREMIUM_INCOME_YOY":null,"NET_INTEREST_INCOME":null,"NET_INTEREST_INCOME_YOY":null,"FEE_COMMISSION_INCOME":null,"FEE_COMMISSION_INCOME_YOY":null,"ACCOUNTS_RECE_TDAYS":9.946921164844,"INVENTORY_TDAYS":null,"CURRENT_ASSETS_TDAYS":0.556461441408,"TOTAL_ASSETS_TDAYS":0.429959874992,"PREMIUM_EXPENSE":null,"LOAN_DEPOSIT":null,"LOAN_EQUITY":null,"LOAN_ASSETS":null,"DEPOSIT_EQUITY":null,"DEPOSIT_ASSETS":null,"EQUITY_MULTIPLIER":4.674060471539,"EQUITY_RATIO":4.39088678905},{"SECUCODE":"02013.HK","SECURITY_CODE":"02013","SECURITY_NAME_ABBR":"微盟集团","ORG_CODE":"10957478","STD_REPORT_DATE":"2020-06-30 00:00:00","REPORT_DATE":"2020-06-30 00:00:00","DATE_TYPE_CODE":"002","REPORT_TYPE":"2020年中报","PER_NETCASH_OPERATE":-0.063981940398,"PER_OI":0.427566805429,"BPS":0.400439094548,"BASIC_EPS":-0.24,"DILUTED_EPS":-0.24,"OPERATE_INCOME":957051000,"OPERATE_INCOME_YOY":45.7375189395,"GROSS_PROFIT":421534000,"GROSS_PROFIT_YOY":15.36739430298,"HOLDER_PROFIT":-543672000,"HOLDER_PROFIT_YOY":-288.1478405316,"GROSS_PROFIT_RATIO":44.045092685761,"EPS_TTM":-0.232604498103,"OPERATE_INCOME_QOQ":20.904699165569,"NET_PROFIT_RATIO":-57.015038906,"ROE_AVG":-31.626801968327,"GROSS_PROFIT_QOQ":7.044020423268,"ROA":-13.40017250807,"HOLDER_PROFIT_QOQ":-266.888049798383,"ROE_YEARLY":-63.253603936655,"ROIC_YEARLY":-46.252037242592,"TOTAL_ASSETS":4810488000,"TOTAL_LIABILITIES":3361110000,"TAX_EBT":2.118663830062,"OCF_SALES":-14.964197310279,"TOTAL_PARENT_EQUITY":1447943000,"DEBT_ASSET_RATIO":69.8704580492,"OPERATE_PROFIT":-23881000,"PRETAX_PROFIT":-557474000,"NETCASH_OPERATE":-143215000,"NETCASH_INVEST":284614000,"NETCASH_FINANCE":1123713000,"END_CASH":2148114000,"DIVI_RATIO":null,"DIVIDEND_RATE":null,"CURRENT_RATIO":2.537242031655,"COMMON_ACS":5000000000,"CURRENTDEBT_DEBT":48.690402872861,"ISSUED_COMMON_SHARES":3615888208,"HK_COMMON_SHARES":3615888208,"PER_SHARES":1000,"TOTAL_MARKET_CAP":6617075420.64,"HKSK_MARKET_CAP":6617075420.64,"PE_TTM":-6.967585479942,"PB_TTM":2.48752479377,"REPORT_DATE_SQ":"2019-06-30 00:00:00","REPORT_TYPE_SQ":"2019年中报","OPERATE_INCOME_SQ":656695000,"DPS_HKD":null,"OPERATE_INCOME_QOQ_SQ":37.526053979568,"NET_PROFIT_RATIO_SQ":43.8677011398,"HOLDER_PROFIT_SQ":288960000,"HOLDER_PROFIT_QOQ_SQ":83.178572281093,"ROE_AVG_SQ":-41.157849382725,"PE_TTM_SQ":-3.611937231259,"PB_TTM_SQ":2.04004179796,"ROA_SQ":18.990648603994,"START_DATE":"2020-01-01 00:00:00","FISCAL_YEAR":"12-31","CURRENCY":"HKD","IS_CNY_CODE":0,"DPS_HKD_LY":null,"ORG_TYPE":"一般企业","PREMIUM_INCOME":null,"PREMIUM_INCOME_YOY":null,"NET_INTEREST_INCOME":null,"NET_INTEREST_INCOME_YOY":null,"FEE_COMMISSION_INCOME":null,"FEE_COMMISSION_INCOME_YOY":null,"ACCOUNTS_RECE_TDAYS":4.112130137472,"INVENTORY_TDAYS":null,"CURRENT_ASSETS_TDAYS":0.273152391647,"TOTAL_ASSETS_TDAYS":0.235889442514,"PREMIUM_EXPENSE":null,"LOAN_DEPOSIT":null,"LOAN_EQUITY":null,"LOAN_ASSETS":null,"DEPOSIT_EQUITY":null,"DEPOSIT_ASSETS":null,"EQUITY_MULTIPLIER":3.319001668306,"EQUITY_RATIO":2.321299940674}],"count":19},"success":true,"message":"ok","code":0}