{"version":"a86785509d4855e5f3ef1c65828bb0c5","result":{"pages":3,"data":[{"SECUCODE":"02015.HK","SECURITY_CODE":"02015","SECURITY_NAME_ABBR":"理想汽车-W","ORG_CODE":"10000105870","STD_REPORT_DATE":"2024-09-30 00:00:00","REPORT_DATE":"2024-09-30 00:00:00","DATE_TYPE_CODE":"004","REPORT_TYPE":"2024年三季报","PER_NETCASH_OPERATE":3.417902792623,"PER_OI":47.212684775356,"BPS":31.38271674604,"BASIC_EPS":2.26,"DILUTED_EPS":2.13,"OPERATE_INCOME":100186274000,"OPERATE_INCOME_YOY":22.0009830827,"GROSS_PROFIT":20685920000,"GROSS_PROFIT_YOY":16.804484369957,"HOLDER_PROFIT":4509413000,"HOLDER_PROFIT_YOY":-25.4155769749,"GROSS_PROFIT_RATIO":20.647459151939,"EPS_TTM":4.791421718881,"OPERATE_INCOME_QOQ":6.12813483166,"NET_PROFIT_RATIO":4.50416591,"ROE_AVG":7.116152822626,"GROSS_PROFIT_QOQ":5.469179770304,"ROA":3.023528118937,"HOLDER_PROFIT_QOQ":-0.0881347478,"ROE_YEARLY":9.488203763501,"ROIC_YEARLY":10.293030038218,"TOTAL_ASSETS":154820676000,"TOTAL_LIABILITIES":87790174000,"TAX_EBT":14.110683070926,"OCF_SALES":7.239373928608,"TOTAL_PARENT_EQUITY":66594761000,"DEBT_ASSET_RATIO":56.7044249309,"OPERATE_PROFIT":null,"PRETAX_PROFIT":5253920000,"NETCASH_OPERATE":7252859000,"NETCASH_INVEST":-21150111000,"NETCASH_FINANCE":318819000,"END_CASH":77593454000,"DIVI_RATIO":null,"DIVIDEND_RATE":null,"CURRENT_RATIO":1.762005013054,"COMMON_ACS":5000000000,"CURRENTDEBT_DEBT":77.414325434644,"ISSUED_COMMON_SHARES":2122020268,"HK_COMMON_SHARES":1766208188,"PER_SHARES":100,"TOTAL_MARKET_CAP":221751118006,"HKSK_MARKET_CAP":184568755646,"PE_TTM":19.577081464083,"PB_TTM":3.002832921146,"REPORT_DATE_SQ":"2023-09-30 00:00:00","REPORT_TYPE_SQ":"2023年三季报","OPERATE_INCOME_SQ":82119235000,"DPS_HKD":null,"OPERATE_INCOME_QOQ_SQ":34.040722760158,"NET_PROFIT_RATIO_SQ":7.3756276468,"HOLDER_PROFIT_SQ":6046052000,"HOLDER_PROFIT_QOQ_SQ":242.658464161336,"ROE_AVG_SQ":12.279954641333,"PE_TTM_SQ":38.937098420544,"PB_TTM_SQ":4.561926516988,"ROA_SQ":5.850822401691,"START_DATE":"2024-01-01 00:00:00","FISCAL_YEAR":"12-31","CURRENCY":"HKD","IS_CNY_CODE":0,"DPS_HKD_LY":null,"ORG_TYPE":"一般企业","PREMIUM_INCOME":null,"PREMIUM_INCOME_YOY":null,"NET_INTEREST_INCOME":null,"NET_INTEREST_INCOME_YOY":null,"FEE_COMMISSION_INCOME":null,"FEE_COMMISSION_INCOME_YOY":null,"ACCOUNTS_RECE_TDAYS":550.613198940392,"INVENTORY_TDAYS":10.561899028961,"CURRENT_ASSETS_TDAYS":0.855286808548,"TOTAL_ASSETS_TDAYS":0.671741569403,"PREMIUM_EXPENSE":null,"LOAN_DEPOSIT":null,"LOAN_EQUITY":null,"LOAN_ASSETS":null,"DEPOSIT_EQUITY":null,"DEPOSIT_ASSETS":null,"EQUITY_MULTIPLIER":2.309704856452,"EQUITY_RATIO":1.318274481081},{"SECUCODE":"02015.HK","SECURITY_CODE":"02015","SECURITY_NAME_ABBR":"理想汽车-W","ORG_CODE":"10000105870","STD_REPORT_DATE":"2024-06-30 00:00:00","REPORT_DATE":"2024-06-30 00:00:00","DATE_TYPE_CODE":"002","REPORT_TYPE":"2024年中报","PER_NETCASH_OPERATE":-1.777449092678,"PER_OI":27.00825098811,"BPS":29.634194804024,"BASIC_EPS":0.85,"DILUTED_EPS":0.8,"OPERATE_INCOME":57312056000,"OPERATE_INCOME_YOY":20.8101218007,"GROSS_PROFIT":11461247000,"GROSS_PROFIT_YOY":13.867955758071,"HOLDER_PROFIT":1695151000,"HOLDER_PROFIT_YOY":-47.4016397436,"GROSS_PROFIT_RATIO":19.997968664743,"EPS_TTM":4.795648351461,"OPERATE_INCOME_QOQ":2.315008961235,"NET_PROFIT_RATIO":2.9523735809,"ROE_AVG":2.755738484888,"GROSS_PROFIT_QOQ":-0.201499432661,"ROA":1.174831718615,"HOLDER_PROFIT_QOQ":-10.473806554275,"ROE_YEARLY":5.511476969776,"ROIC_YEARLY":7.775339402894,"TOTAL_ASSETS":145110199000,"TOTAL_LIABILITIES":81796324000,"TAX_EBT":8.716628516525,"OCF_SALES":-6.5811336449,"TOTAL_PARENT_EQUITY":62884362000,"DEBT_ASSET_RATIO":56.3684183219,"OPERATE_PROFIT":-116873000,"PRETAX_PROFIT":1853641000,"NETCASH_OPERATE":-3771783000,"NETCASH_INVEST":-6937514000,"NETCASH_FINANCE":80514000,"END_CASH":80788796000,"DIVI_RATIO":null,"DIVIDEND_RATE":null,"CURRENT_RATIO":1.758062152015,"COMMON_ACS":5000000000,"CURRENTDEBT_DEBT":76.359753037313,"ISSUED_COMMON_SHARES":2122020268,"HK_COMMON_SHARES":1766208188,"PER_SHARES":100,"TOTAL_MARKET_CAP":182387642034.6,"HKSK_MARKET_CAP":151805593758.6,"PE_TTM":14.12179176062,"PB_TTM":2.469794158588,"REPORT_DATE_SQ":"2023-06-30 00:00:00","REPORT_TYPE_SQ":"2023年中报","OPERATE_INCOME_SQ":47439780000,"DPS_HKD":null,"OPERATE_INCOME_QOQ_SQ":36.542719082662,"NET_PROFIT_RATIO_SQ":6.8380059941,"HOLDER_PROFIT_SQ":3222821000,"HOLDER_PROFIT_QOQ_SQ":271.64044151198,"ROE_AVG_SQ":6.87509787639,"PE_TTM_SQ":1122.84672551254,"PB_TTM_SQ":4.925137226939,"ROA_SQ":3.398491256028,"START_DATE":"2024-01-01 00:00:00","FISCAL_YEAR":"12-31","CURRENCY":"HKD","IS_CNY_CODE":0,"DPS_HKD_LY":null,"ORG_TYPE":"一般企业","PREMIUM_INCOME":null,"PREMIUM_INCOME_YOY":null,"NET_INTEREST_INCOME":null,"NET_INTEREST_INCOME_YOY":null,"FEE_COMMISSION_INCOME":null,"FEE_COMMISSION_INCOME_YOY":null,"ACCOUNTS_RECE_TDAYS":380.208480248908,"INVENTORY_TDAYS":6.041143612447,"CURRENT_ASSETS_TDAYS":0.510954704095,"TOTAL_ASSETS_TDAYS":0.397203678303,"PREMIUM_EXPENSE":null,"LOAN_DEPOSIT":null,"LOAN_EQUITY":null,"LOAN_ASSETS":null,"DEPOSIT_EQUITY":null,"DEPOSIT_ASSETS":null,"EQUITY_MULTIPLIER":2.29191783002,"EQUITY_RATIO":1.300741891919},{"SECUCODE":"02015.HK","SECURITY_CODE":"02015","SECURITY_NAME_ABBR":"理想汽车-W","ORG_CODE":"10000105870","STD_REPORT_DATE":"2024-03-31 00:00:00","REPORT_DATE":"2024-03-31 00:00:00","DATE_TYPE_CODE":"003","REPORT_TYPE":"2024年一季报","PER_NETCASH_OPERATE":-1.575096171513,"PER_OI":12.07983749569,"BPS":28.916935867834,"BASIC_EPS":0.3,"DILUTED_EPS":0.28,"OPERATE_INCOME":25633660000,"OPERATE_INCOME_YOY":36.4432197003,"GROSS_PROFIT":5284305000,"GROSS_PROFIT_YOY":37.967591497468,"HOLDER_PROFIT":592558000,"HOLDER_PROFIT_YOY":-36.2613320024,"GROSS_PROFIT_RATIO":20.614711281963,"EPS_TTM":5.356698600581,"OPERATE_INCOME_QOQ":5.528085075419,"NET_PROFIT_RATIO":2.306053837,"ROE_AVG":0.975364394214,"GROSS_PROFIT_QOQ":5.288621190191,"ROA":0.404300759064,"HOLDER_PROFIT_QOQ":-2.880264603965,"ROE_YEARLY":3.901457576855,"ROIC_YEARLY":5.260585681581,"TOTAL_ASSETS":149659854000,"TOTAL_LIABILITIES":87866364000,"TAX_EBT":12.499925988644,"OCF_SALES":-13.03905099779,"TOTAL_PARENT_EQUITY":61362324000,"DEBT_ASSET_RATIO":58.7107107561,"OPERATE_PROFIT":-584902000,"PRETAX_PROFIT":675572000,"NETCASH_OPERATE":-3342386000,"NETCASH_INVEST":-3098206000,"NETCASH_FINANCE":185257000,"END_CASH":85129987000,"DIVI_RATIO":null,"DIVIDEND_RATE":null,"CURRENT_RATIO":1.529815948411,"COMMON_ACS":5000000000,"CURRENTDEBT_DEBT":86.040429532284,"ISSUED_COMMON_SHARES":2122020268,"HK_COMMON_SHARES":1766208188,"PER_SHARES":100,"TOTAL_MARKET_CAP":191830632227.2,"HKSK_MARKET_CAP":159665220195.2,"PE_TTM":14.852937465503,"PB_TTM":2.597665991116,"REPORT_DATE_SQ":"2023-03-31 00:00:00","REPORT_TYPE_SQ":"2023年一季报","OPERATE_INCOME_SQ":18787053000,"DPS_HKD":null,"OPERATE_INCOME_QOQ_SQ":20.370204432124,"NET_PROFIT_RATIO_SQ":4.9706412177,"HOLDER_PROFIT_SQ":929668000,"HOLDER_PROFIT_QOQ_SQ":46.741227950294,"ROE_AVG_SQ":2.039672278302,"PE_TTM_SQ":1122.84672551254,"PB_TTM_SQ":4.925137226939,"ROA_SQ":1.029815594465,"START_DATE":"2024-01-01 00:00:00","FISCAL_YEAR":"12-31","CURRENCY":"HKD","IS_CNY_CODE":0,"DPS_HKD_LY":null,"ORG_TYPE":"一般企业","PREMIUM_INCOME":null,"PREMIUM_INCOME_YOY":null,"NET_INTEREST_INCOME":null,"NET_INTEREST_INCOME_YOY":null,"FEE_COMMISSION_INCOME":null,"FEE_COMMISSION_INCOME_YOY":null,"ACCOUNTS_RECE_TDAYS":232.212086349183,"INVENTORY_TDAYS":2.138595243098,"CURRENT_ASSETS_TDAYS":0.22272651903,"TOTAL_ASSETS_TDAYS":0.174897785459,"PREMIUM_EXPENSE":null,"LOAN_DEPOSIT":null,"LOAN_EQUITY":null,"LOAN_ASSETS":null,"DEPOSIT_EQUITY":null,"DEPOSIT_ASSETS":null,"EQUITY_MULTIPLIER":2.421935611662,"EQUITY_RATIO":1.431926926366},{"SECUCODE":"02015.HK","SECURITY_CODE":"02015","SECURITY_NAME_ABBR":"理想汽车-W","ORG_CODE":"10000105870","STD_REPORT_DATE":"2023-12-31 00:00:00","REPORT_DATE":"2023-12-31 00:00:00","DATE_TYPE_CODE":"001","REPORT_TYPE":"2023年年报","PER_NETCASH_OPERATE":23.889272767304,"PER_OI":58.364820481536,"BPS":28.342153421882,"BASIC_EPS":5.95,"DILUTED_EPS":5.55,"OPERATE_INCOME":123851332000,"OPERATE_INCOME_YOY":173.4820924483,"GROSS_PROFIT":27496751000,"GROSS_PROFIT_YOY":212.802327888337,"HOLDER_PROFIT":11704133000,"HOLDER_PROFIT_YOY":681.6541969919,"GROSS_PROFIT_RATIO":22.201417260494,"EPS_TTM":5.515561362207,"OPERATE_INCOME_QOQ":24.137955366525,"NET_PROFIT_RATIO":9.5349196567,"ROE_AVG":22.293305346385,"GROSS_PROFIT_QOQ":29.237139584942,"ROA":10.177267038514,"HOLDER_PROFIT_QOQ":4455.23628268298,"ROE_YEARLY":22.293305346385,"ROIC_YEARLY":33.693794882027,"TOTAL_ASSETS":143467471000,"TOTAL_LIABILITIES":82892249000,"TAX_EBT":-12.986919048968,"OCF_SALES":40.930945336946,"TOTAL_PARENT_EQUITY":60142624000,"DEBT_ASSET_RATIO":57.7777306746,"OPERATE_PROFIT":7406877000,"PRETAX_PROFIT":10451763000,"NETCASH_OPERATE":50693521000,"NETCASH_INVEST":-12068000,"NETCASH_FINANCE":185385000,"END_CASH":91329509000,"DIVI_RATIO":null,"DIVIDEND_RATE":null,"CURRENT_RATIO":1.574392617135,"COMMON_ACS":5000000000,"CURRENTDEBT_DEBT":87.755743000772,"ISSUED_COMMON_SHARES":2122020268,"HK_COMMON_SHARES":1766208188,"PER_SHARES":100,"TOTAL_MARKET_CAP":191830632227.2,"HKSK_MARKET_CAP":159665220195.2,"PE_TTM":14.852937465503,"PB_TTM":2.597665991116,"REPORT_DATE_SQ":"2022-12-31 00:00:00","REPORT_TYPE_SQ":"2022年年报","OPERATE_INCOME_SQ":45286816000,"DPS_HKD":null,"OPERATE_INCOME_QOQ_SQ":18.374022025651,"NET_PROFIT_RATIO_SQ":-4.4877255226,"HOLDER_PROFIT_SQ":-2012215000,"HOLDER_PROFIT_QOQ_SQ":-1.954407131587,"ROE_AVG_SQ":-4.683763205995,"PE_TTM_SQ":1122.84672551254,"PB_TTM_SQ":4.925137226939,"ROA_SQ":-2.712120124056,"START_DATE":"2023-01-01 00:00:00","FISCAL_YEAR":"12-31","CURRENCY":"HKD","IS_CNY_CODE":0,"DPS_HKD_LY":null,"ORG_TYPE":"一般企业","PREMIUM_INCOME":null,"PREMIUM_INCOME_YOY":null,"NET_INTEREST_INCOME":null,"NET_INTEREST_INCOME_YOY":null,"FEE_COMMISSION_INCOME":null,"FEE_COMMISSION_INCOME_YOY":null,"ACCOUNTS_RECE_TDAYS":1290.76342337836,"INVENTORY_TDAYS":14.090354875806,"CURRENT_ASSETS_TDAYS":1.364617101952,"TOTAL_ASSETS_TDAYS":1.076942716594,"PREMIUM_EXPENSE":null,"LOAN_DEPOSIT":null,"LOAN_EQUITY":null,"LOAN_ASSETS":null,"DEPOSIT_EQUITY":null,"DEPOSIT_ASSETS":null,"EQUITY_MULTIPLIER":2.36841841042,"EQUITY_RATIO":1.378261264424},{"SECUCODE":"02015.HK","SECURITY_CODE":"02015","SECURITY_NAME_ABBR":"理想汽车-W","ORG_CODE":"10000105870","STD_REPORT_DATE":"2023-09-30 00:00:00","REPORT_DATE":"2023-09-30 00:00:00","DATE_TYPE_CODE":"004","REPORT_TYPE":"2023年三季报","PER_NETCASH_OPERATE":15.739384540129,"PER_OI":38.698610111485,"BPS":25.264398181516,"BASIC_EPS":3.07,"DILUTED_EPS":2.88,"OPERATE_INCOME":82119235000,"OPERATE_INCOME_YOY":197.1357504025,"GROSS_PROFIT":17709868000,"GROSS_PROFIT_YOY":239.001612710262,"HOLDER_PROFIT":6046052000,"HOLDER_PROFIT_YOY":366.4453212278,"GROSS_PROFIT_RATIO":21.566041135186,"EPS_TTM":0.866833379369,"OPERATE_INCOME_QOQ":0,"NET_PROFIT_RATIO":7.3756276468,"ROE_AVG":12.279954641333,"GROSS_PROFIT_QOQ":0,"ROA":5.850822401691,"HOLDER_PROFIT_QOQ":0,"ROE_YEARLY":16.373272855111,"ROIC_YEARLY":19.479269729554,"TOTAL_ASSETS":120135627000,"TOTAL_LIABILITIES":66185699000,"TAX_EBT":3.489943644126,"OCF_SALES":40.67170499092,"TOTAL_PARENT_EQUITY":53611565000,"DEBT_ASSET_RATIO":55.0924822659,"OPERATE_PROFIT":null,"PRETAX_PROFIT":6275832000,"NETCASH_OPERATE":33399293000,"NETCASH_INVEST":457036000,"NETCASH_FINANCE":-677970000,"END_CASH":73689210000,"DIVI_RATIO":null,"DIVIDEND_RATE":null,"CURRENT_RATIO":1.692433597467,"COMMON_ACS":5000000000,"CURRENTDEBT_DEBT":87.251454426734,"ISSUED_COMMON_SHARES":2122020268,"HK_COMMON_SHARES":1766208188,"PER_SHARES":100,"TOTAL_MARKET_CAP":182387642034.6,"HKSK_MARKET_CAP":151805593758.6,"PE_TTM":16.173242264463,"PB_TTM":2.469794158588,"REPORT_DATE_SQ":"2022-09-30 00:00:00","REPORT_TYPE_SQ":"2022年三季报","OPERATE_INCOME_SQ":27636942000,"DPS_HKD":null,"OPERATE_INCOME_QOQ_SQ":4.271188096314,"NET_PROFIT_RATIO_SQ":-8.3136911457,"HOLDER_PROFIT_SQ":-2269153000,"HOLDER_PROFIT_QOQ_SQ":-456.220285149832,"ROE_AVG_SQ":-5.344132195825,"PE_TTM_SQ":145.457241482412,"PB_TTM_SQ":4.925137226939,"ROA_SQ":-3.21684959818,"START_DATE":"2023-01-01 00:00:00","FISCAL_YEAR":"12-31","CURRENCY":"HKD","IS_CNY_CODE":0,"DPS_HKD_LY":null,"ORG_TYPE":"一般企业","PREMIUM_INCOME":null,"PREMIUM_INCOME_YOY":null,"NET_INTEREST_INCOME":null,"NET_INTEREST_INCOME_YOY":null,"FEE_COMMISSION_INCOME":null,"FEE_COMMISSION_INCOME_YOY":null,"ACCOUNTS_RECE_TDAYS":1215.27596285471,"INVENTORY_TDAYS":10.039382010033,"CURRENT_ASSETS_TDAYS":0.997033597085,"TOTAL_ASSETS_TDAYS":0.7946756987,"PREMIUM_EXPENSE":null,"LOAN_DEPOSIT":null,"LOAN_EQUITY":null,"LOAN_ASSETS":null,"DEPOSIT_EQUITY":null,"DEPOSIT_ASSETS":null,"EQUITY_MULTIPLIER":2.226798653003,"EQUITY_RATIO":1.234541446421},{"SECUCODE":"02015.HK","SECURITY_CODE":"02015","SECURITY_NAME_ABBR":"理想汽车-W","ORG_CODE":"10000105870","STD_REPORT_DATE":"2023-06-30 00:00:00","REPORT_DATE":"2023-06-30 00:00:00","DATE_TYPE_CODE":"002","REPORT_TYPE":"2023年中报","PER_NETCASH_OPERATE":9.063110728234,"PER_OI":22.757498444143,"BPS":23.041606971117,"BASIC_EPS":1.64,"DILUTED_EPS":1.54,"OPERATE_INCOME":47439780000,"OPERATE_INCOME_YOY":159.3094803581,"GROSS_PROFIT":10065384000,"GROSS_PROFIT_YOY":149.010342255554,"HOLDER_PROFIT":3222821000,"HOLDER_PROFIT_YOY":612.5090644242,"GROSS_PROFIT_RATIO":21.217181024027,"EPS_TTM":0.882403068123,"OPERATE_INCOME_QOQ":36.542719082662,"NET_PROFIT_RATIO":6.8380059941,"ROE_AVG":6.87509787639,"GROSS_PROFIT_QOQ":41.666826850939,"ROA":3.398491256028,"HOLDER_PROFIT_QOQ":271.64044151198,"ROE_YEARLY":13.75019575278,"ROIC_YEARLY":21.406226057387,"TOTAL_ASSETS":103123917000,"TOTAL_LIABILITIES":53880440000,"TAX_EBT":2.43120796134,"OCF_SALES":39.824723048884,"TOTAL_PARENT_EQUITY":48894757000,"DEBT_ASSET_RATIO":52.2482480955,"OPERATE_PROFIT":2031073000,"PRETAX_PROFIT":3324767000,"NETCASH_OPERATE":18892761000,"NETCASH_INVEST":4881188000,"NETCASH_FINANCE":-2049403000,"END_CASH":62255649000,"DIVI_RATIO":null,"DIVIDEND_RATE":null,"CURRENT_RATIO":1.766940421743,"COMMON_ACS":5000000000,"CURRENTDEBT_DEBT":86.758159361728,"ISSUED_COMMON_SHARES":2122020268,"HK_COMMON_SHARES":1766208188,"PER_SHARES":100,"TOTAL_MARKET_CAP":191830632227.2,"HKSK_MARKET_CAP":159665220195.2,"PE_TTM":14.852937465503,"PB_TTM":2.597665991116,"REPORT_DATE_SQ":"2022-06-30 00:00:00","REPORT_TYPE_SQ":"2022年中报","OPERATE_INCOME_SQ":18294657000,"DPS_HKD":null,"OPERATE_INCOME_QOQ_SQ":11.194084944595,"NET_PROFIT_RATIO_SQ":-3.563401052,"HOLDER_PROFIT_SQ":-628832000,"HOLDER_PROFIT_QOQ_SQ":-1383.48043116545,"ROE_AVG_SQ":-1.507620914011,"PE_TTM_SQ":1122.84672551254,"PB_TTM_SQ":4.925137226939,"ROA_SQ":-0.93620863789,"START_DATE":"2023-01-01 00:00:00","FISCAL_YEAR":"12-31","CURRENCY":"HKD","IS_CNY_CODE":0,"DPS_HKD_LY":null,"ORG_TYPE":"一般企业","PREMIUM_INCOME":null,"PREMIUM_INCOME_YOY":null,"NET_INTEREST_INCOME":null,"NET_INTEREST_INCOME_YOY":null,"FEE_COMMISSION_INCOME":null,"FEE_COMMISSION_INCOME_YOY":null,"ACCOUNTS_RECE_TDAYS":714.589041611749,"INVENTORY_TDAYS":5.997181960891,"CURRENT_ASSETS_TDAYS":0.634266959508,"TOTAL_ASSETS_TDAYS":0.500256382585,"PREMIUM_EXPENSE":null,"LOAN_DEPOSIT":null,"LOAN_EQUITY":null,"LOAN_ASSETS":null,"DEPOSIT_EQUITY":null,"DEPOSIT_ASSETS":null,"EQUITY_MULTIPLIER":2.094164004705,"EQUITY_RATIO":1.101967640416},{"SECUCODE":"02015.HK","SECURITY_CODE":"02015","SECURITY_NAME_ABBR":"理想汽车-W","ORG_CODE":"10000105870","STD_REPORT_DATE":"2023-03-31 00:00:00","REPORT_DATE":"2023-03-31 00:00:00","DATE_TYPE_CODE":"003","REPORT_TYPE":"2023年一季报","PER_NETCASH_OPERATE":3.732345873861,"PER_OI":9.012401183512,"BPS":21.818766624523,"BASIC_EPS":0.47,"DILUTED_EPS":0.45,"OPERATE_INCOME":18787053000,"OPERATE_INCOME_YOY":96.4754472792,"GROSS_PROFIT":3830106000,"GROSS_PROFIT_YOY":77.003819572014,"HOLDER_PROFIT":929668000,"HOLDER_PROFIT_YOY":8655.7518866188,"GROSS_PROFIT_RATIO":20.386944136475,"EPS_TTM":-0.514099742666,"OPERATE_INCOME_QOQ":20.370204432124,"NET_PROFIT_RATIO":4.9706412177,"ROE_AVG":2.039672278302,"GROSS_PROFIT_QOQ":18.955228261196,"ROA":1.029815594465,"HOLDER_PROFIT_QOQ":46.741227950294,"ROE_YEARLY":8.15868911321,"ROIC_YEARLY":12.38637191052,"TOTAL_ASSETS":94012432000,"TOTAL_LIABILITIES":47380792000,"TAX_EBT":4.003663711574,"OCF_SALES":41.413445738403,"TOTAL_PARENT_EQUITY":46299865000,"DEBT_ASSET_RATIO":50.3984324116,"OPERATE_PROFIT":405203000,"PRETAX_PROFIT":972784000,"NETCASH_OPERATE":7780366000,"NETCASH_INVEST":-2692753000,"NETCASH_FINANCE":-195821000,"END_CASH":45284709000,"DIVI_RATIO":null,"DIVIDEND_RATE":null,"CURRENT_RATIO":2.164436083758,"COMMON_ACS":5000000000,"CURRENTDEBT_DEBT":71.248264486588,"ISSUED_COMMON_SHARES":2122020268,"HK_COMMON_SHARES":1766208188,"PER_SHARES":100,"TOTAL_MARKET_CAP":191830632227.2,"HKSK_MARKET_CAP":159665220195.2,"PE_TTM":14.852937465503,"PB_TTM":2.597665991116,"REPORT_DATE_SQ":"2022-03-31 00:00:00","REPORT_TYPE_SQ":"2022年一季报","OPERATE_INCOME_SQ":9562036000,"DPS_HKD":null,"OPERATE_INCOME_QOQ_SQ":22.165434970793,"NET_PROFIT_RATIO_SQ":-0.1136368865,"HOLDER_PROFIT_SQ":-10866000,"HOLDER_PROFIT_QOQ_SQ":108.600270644414,"ROE_AVG_SQ":-0.026335094274,"PE_TTM_SQ":1122.84672551254,"PB_TTM_SQ":4.925137226939,"ROA_SQ":-0.017025576079,"START_DATE":"2023-01-01 00:00:00","FISCAL_YEAR":"12-31","CURRENCY":"HKD","IS_CNY_CODE":0,"DPS_HKD_LY":null,"ORG_TYPE":"一般企业","PREMIUM_INCOME":null,"PREMIUM_INCOME_YOY":null,"NET_INTEREST_INCOME":null,"NET_INTEREST_INCOME_YOY":null,"FEE_COMMISSION_INCOME":null,"FEE_COMMISSION_INCOME_YOY":null,"ACCOUNTS_RECE_TDAYS":366.884468920265,"INVENTORY_TDAYS":2.289247447603,"CURRENT_ASSETS_TDAYS":0.268272449889,"TOTAL_ASSETS_TDAYS":0.208108702821,"PREMIUM_EXPENSE":null,"LOAN_DEPOSIT":null,"LOAN_EQUITY":null,"LOAN_ASSETS":null,"DEPOSIT_EQUITY":null,"DEPOSIT_ASSETS":null,"EQUITY_MULTIPLIER":2.01606531531,"EQUITY_RATIO":1.02334622358},{"SECUCODE":"02015.HK","SECURITY_CODE":"02015","SECURITY_NAME_ABBR":"理想汽车-W","ORG_CODE":"10000105870","STD_REPORT_DATE":"2022-12-31 00:00:00","REPORT_DATE":"2022-12-31 00:00:00","DATE_TYPE_CODE":"001","REPORT_TYPE":"2022年年报","PER_NETCASH_OPERATE":3.540412540116,"PER_OI":21.724692750687,"BPS":21.139619482654,"BASIC_EPS":-1.04,"DILUTED_EPS":-1.04,"OPERATE_INCOME":45286816000,"OPERATE_INCOME_YOY":67.6682212024,"GROSS_PROFIT":8790456000,"GROSS_PROFIT_YOY":52.573569102522,"HOLDER_PROFIT":-2012215000,"HOLDER_PROFIT_YOY":-525.9709757198,"GROSS_PROFIT_RATIO":19.410629354027,"EPS_TTM":-0.965286511273,"OPERATE_INCOME_QOQ":18.374022025651,"NET_PROFIT_RATIO":-4.4877255226,"ROE_AVG":-4.683763205995,"GROSS_PROFIT_QOQ":15.601469943073,"ROA":-2.712120124056,"HOLDER_PROFIT_QOQ":-1.954407131587,"ROE_YEARLY":-4.683763205995,"ROIC_YEARLY":-9.140742952159,"TOTAL_ASSETS":86537951000,"TOTAL_LIABILITIES":41351644000,"TAX_EBT":5.881710047676,"OCF_SALES":16.296720882298,"TOTAL_PARENT_EQUITY":44858701000,"DEBT_ASSET_RATIO":47.7844038623,"OPERATE_PROFIT":-3654877000,"PRETAX_PROFIT":-2159355000,"NETCASH_OPERATE":7380266000,"NETCASH_INVEST":-4364661000,"NETCASH_FINANCE":5639392000,"END_CASH":40418158000,"DIVI_RATIO":null,"DIVIDEND_RATE":null,"CURRENT_RATIO":2.447428616667,"COMMON_ACS":5000000000,"CURRENTDEBT_DEBT":66.194710420703,"ISSUED_COMMON_SHARES":2122020268,"HK_COMMON_SHARES":1766208188,"PER_SHARES":100,"TOTAL_MARKET_CAP":191830632227.2,"HKSK_MARKET_CAP":159665220195.2,"PE_TTM":14.852937465503,"PB_TTM":2.597665991116,"REPORT_DATE_SQ":"2021-12-31 00:00:00","REPORT_TYPE_SQ":"2021年年报","OPERATE_INCOME_SQ":27009779000,"DPS_HKD":null,"OPERATE_INCOME_QOQ_SQ":31.522615842133,"NET_PROFIT_RATIO_SQ":-1.1901430219,"HOLDER_PROFIT_SQ":-321455000,"HOLDER_PROFIT_QOQ_SQ":77.184799187481,"ROE_AVG_SQ":-0.907194948731,"PE_TTM_SQ":1122.84672551254,"PB_TTM_SQ":4.925137226939,"ROA_SQ":-0.654546601481,"START_DATE":"2022-01-01 00:00:00","FISCAL_YEAR":"12-31","CURRENCY":"HKD","IS_CNY_CODE":0,"DPS_HKD_LY":null,"ORG_TYPE":"一般企业","PREMIUM_INCOME":null,"PREMIUM_INCOME_YOY":null,"NET_INTEREST_INCOME":null,"NET_INTEREST_INCOME_YOY":null,"FEE_COMMISSION_INCOME":null,"FEE_COMMISSION_INCOME_YOY":null,"ACCOUNTS_RECE_TDAYS":536.186121405146,"INVENTORY_TDAYS":8.666310560549,"CURRENT_ASSETS_TDAYS":0.758745337017,"TOTAL_ASSETS_TDAYS":0.610388477514,"PREMIUM_EXPENSE":null,"LOAN_DEPOSIT":null,"LOAN_EQUITY":null,"LOAN_ASSETS":null,"DEPOSIT_EQUITY":null,"DEPOSIT_ASSETS":null,"EQUITY_MULTIPLIER":1.915136614284,"EQUITY_RATIO":0.921819916274},{"SECUCODE":"02015.HK","SECURITY_CODE":"02015","SECURITY_NAME_ABBR":"理想汽车-W","ORG_CODE":"10000105870","STD_REPORT_DATE":"2022-09-30 00:00:00","REPORT_DATE":"2022-09-30 00:00:00","DATE_TYPE_CODE":"004","REPORT_TYPE":"2022年三季报","PER_NETCASH_OPERATE":1.177656115827,"PER_OI":13.257811578508,"BPS":20.667563199731,"BASIC_EPS":-1.17,"DILUTED_EPS":-1.17,"OPERATE_INCOME":27636942000,"OPERATE_INCOME_YOY":68.6276806851,"GROSS_PROFIT":5224125000,"GROSS_PROFIT_YOY":54.492492181666,"HOLDER_PROFIT":-2269153000,"HOLDER_PROFIT_YOY":-267.792228421,"GROSS_PROFIT_RATIO":18.902688293083,"EPS_TTM":-0.946782526063,"OPERATE_INCOME_QOQ":4.271188096314,"NET_PROFIT_RATIO":-8.3136911457,"ROE_AVG":-5.344132195825,"GROSS_PROFIT_QOQ":-7.651015970666,"ROA":-3.21684959818,"HOLDER_PROFIT_QOQ":-456.220285149832,"ROE_YEARLY":-7.125509594433,"ROIC_YEARLY":-10.988220661426,"TOTAL_ASSETS":79230297000,"TOTAL_LIABILITIES":35083138000,"TAX_EBT":1.296104812183,"OCF_SALES":8.882733842261,"TOTAL_PARENT_EQUITY":43856988000,"DEBT_ASSET_RATIO":44.279952655,"OPERATE_PROFIT":-3521258000,"PRETAX_PROFIT":-2327821000,"NETCASH_OPERATE":2454916000,"NETCASH_INVEST":943613000,"NETCASH_FINANCE":5388368000,"END_CASH":40569744000,"DIVI_RATIO":null,"DIVIDEND_RATE":null,"CURRENT_RATIO":2.834168589363,"COMMON_ACS":5000000000,"CURRENTDEBT_DEBT":62.425060152829,"ISSUED_COMMON_SHARES":2122020268,"HK_COMMON_SHARES":1766208188,"PER_SHARES":100,"TOTAL_MARKET_CAP":191830632227.2,"HKSK_MARKET_CAP":159665220195.2,"PE_TTM":14.852937465503,"PB_TTM":2.597665991116,"REPORT_DATE_SQ":"2021-09-30 00:00:00","REPORT_TYPE_SQ":"2021年三季报","OPERATE_INCOME_SQ":16389327000,"DPS_HKD":null,"OPERATE_INCOME_QOQ_SQ":34.471104317493,"NET_PROFIT_RATIO_SQ":-3.7644376734,"HOLDER_PROFIT_SQ":-616966000,"HOLDER_PROFIT_QOQ_SQ":-74.254568930653,"ROE_AVG_SQ":-1.749005446383,"PE_TTM_SQ":1122.84672551254,"PB_TTM_SQ":4.925137226939,"ROA_SQ":-1.293577052767,"START_DATE":"2022-01-01 00:00:00","FISCAL_YEAR":"12-31","CURRENCY":"HKD","IS_CNY_CODE":0,"DPS_HKD_LY":null,"ORG_TYPE":"一般企业","PREMIUM_INCOME":null,"PREMIUM_INCOME_YOY":null,"NET_INTEREST_INCOME":null,"NET_INTEREST_INCOME_YOY":null,"FEE_COMMISSION_INCOME":null,"FEE_COMMISSION_INCOME_YOY":null,"ACCOUNTS_RECE_TDAYS":360.977018475343,"INVENTORY_TDAYS":6.283669936559,"CURRENT_ASSETS_TDAYS":0.482949688208,"TOTAL_ASSETS_TDAYS":0.391793262806,"PREMIUM_EXPENSE":null,"LOAN_DEPOSIT":null,"LOAN_EQUITY":null,"LOAN_ASSETS":null,"DEPOSIT_EQUITY":null,"DEPOSIT_ASSETS":null,"EQUITY_MULTIPLIER":1.7946861994,"EQUITY_RATIO":0.799944081887}],"count":21},"success":true,"message":"ok","code":0}