{"version":"0fbd914841050f02fe36218c3fc7a5fd","result":{"pages":4,"data":[{"SECUCODE":"02016.HK","SECURITY_CODE":"02016","SECURITY_NAME_ABBR":"浙商银行","ORG_CODE":"10053837","STD_REPORT_DATE":"2024-09-30 00:00:00","REPORT_DATE":"2024-09-30 00:00:00","DATE_TYPE_CODE":"004","REPORT_TYPE":"2024年三季报","PER_NETCASH_OPERATE":-3.086041268276,"PER_OI":1.912204482548,"BPS":6.204014509042,"BASIC_EPS":0.47,"DILUTED_EPS":0.47,"OPERATE_INCOME":52518000000,"OPERATE_INCOME_YOY":5.6296385688,"GROSS_PROFIT":null,"GROSS_PROFIT_YOY":null,"HOLDER_PROFIT":12905000000,"HOLDER_PROFIT_YOY":1.1918764212,"GROSS_PROFIT_RATIO":null,"EPS_TTM":0.55343897587,"OPERATE_INCOME_QOQ":1.142666119646,"NET_PROFIT_RATIO":25.3703492136,"ROE_AVG":6.763077422956,"GROSS_PROFIT_QOQ":null,"ROA":0.402020726575,"HOLDER_PROFIT_QOQ":-0.679560899111,"ROE_YEARLY":9.017436563941,"ROIC_YEARLY":0.422325144545,"TOTAL_ASSETS":3276188000000,"TOTAL_LIABILITIES":3077052000000,"TAX_EBT":13.351108798855,"OCF_SALES":-161.386572222857,"TOTAL_PARENT_EQUITY":195386000000,"DEBT_ASSET_RATIO":93.9217163362,"OPERATE_PROFIT":15377000000,"PRETAX_PROFIT":15377000000,"NETCASH_OPERATE":-84757000000,"NETCASH_INVEST":-7322000000,"NETCASH_FINANCE":70391000000,"END_CASH":148557000000,"DIVI_RATIO":0.295139357764,"DIVIDEND_RATE":7.735836909871,"CURRENT_RATIO":null,"COMMON_ACS":null,"CURRENTDEBT_DEBT":null,"ISSUED_COMMON_SHARES":27464635963,"HK_COMMON_SHARES":5920200000,"PER_SHARES":1000,"TOTAL_MARKET_CAP":63992601793.79,"HKSK_MARKET_CAP":13794066000,"PE_TTM":3.760309532894,"PB_TTM":0.338679204721,"REPORT_DATE_SQ":"2023-09-30 00:00:00","REPORT_TYPE_SQ":"2023年三季报","OPERATE_INCOME_SQ":49719000000,"DPS_HKD":0.180245,"OPERATE_INCOME_QOQ_SQ":0.742550541343,"NET_PROFIT_RATIO_SQ":26.370200527,"HOLDER_PROFIT_SQ":12753000000,"HOLDER_PROFIT_QOQ_SQ":3.106971571558,"ROE_AVG_SQ":7.36214381379,"PE_TTM_SQ":3.569902824066,"PB_TTM_SQ":0.338639013401,"ROA_SQ":0.457194194247,"START_DATE":"2024-01-01 00:00:00","FISCAL_YEAR":"12-31","CURRENCY":"HKD","IS_CNY_CODE":0,"DPS_HKD_LY":0.180245,"ORG_TYPE":"银行","PREMIUM_INCOME":null,"PREMIUM_INCOME_YOY":null,"NET_INTEREST_INCOME":35587000000,"NET_INTEREST_INCOME_YOY":-1.00698211355,"FEE_COMMISSION_INCOME":3977000000,"FEE_COMMISSION_INCOME_YOY":null,"ACCOUNTS_RECE_TDAYS":null,"INVENTORY_TDAYS":null,"CURRENT_ASSETS_TDAYS":null,"TOTAL_ASSETS_TDAYS":0.016360576922,"PREMIUM_EXPENSE":null,"LOAN_DEPOSIT":93.899243048038,"LOAN_EQUITY":9.025108468584,"LOAN_ASSETS":54.857169368791,"DEPOSIT_EQUITY":9.611481600514,"DEPOSIT_ASSETS":58.421311597503,"EQUITY_MULTIPLIER":16.452012694893,"EQUITY_RATIO":15.748579734474},{"SECUCODE":"02016.HK","SECURITY_CODE":"02016","SECURITY_NAME_ABBR":"浙商银行","ORG_CODE":"10053837","STD_REPORT_DATE":"2024-06-30 00:00:00","REPORT_DATE":"2024-06-30 00:00:00","DATE_TYPE_CODE":"002","REPORT_TYPE":"2024年中报","PER_NETCASH_OPERATE":-3.45407818723,"PER_OI":1.285107148245,"BPS":6.03696332343,"BASIC_EPS":0.29,"DILUTED_EPS":0.29,"OPERATE_INCOME":35295000000,"OPERATE_INCOME_YOY":6.156761309,"GROSS_PROFIT":null,"GROSS_PROFIT_YOY":null,"HOLDER_PROFIT":7999000000,"HOLDER_PROFIT_YOY":3.3062120625,"GROSS_PROFIT_RATIO":null,"EPS_TTM":0.557225663599,"OPERATE_INCOME_QOQ":-0.866146476667,"NET_PROFIT_RATIO":23.3545828021,"ROE_AVG":4.243017374676,"GROSS_PROFIT_QOQ":null,"ROA":0.250340779868,"HOLDER_PROFIT_QOQ":-0.208659363589,"ROE_YEARLY":8.486034749352,"ROIC_YEARLY":0.526191582349,"TOTAL_ASSETS":3246610000000,"TOTAL_LIABILITIES":3052236000000,"TAX_EBT":15.378297916025,"OCF_SALES":-268.777447230486,"TOTAL_PARENT_EQUITY":190798000000,"DEBT_ASSET_RATIO":94.0130166543,"OPERATE_PROFIT":9741000000,"PRETAX_PROFIT":9741000000,"NETCASH_OPERATE":-94865000000,"NETCASH_INVEST":-16833000000,"NETCASH_FINANCE":65479000000,"END_CASH":124485000000,"DIVI_RATIO":0.293133706091,"DIVIDEND_RATE":8.268119266055,"CURRENT_RATIO":null,"COMMON_ACS":null,"CURRENTDEBT_DEBT":null,"ISSUED_COMMON_SHARES":27464635963,"HK_COMMON_SHARES":5920200000,"PER_SHARES":1000,"TOTAL_MARKET_CAP":59872906399.34,"HKSK_MARKET_CAP":12906036000,"PE_TTM":3.518229520047,"PB_TTM":0.316875822443,"REPORT_DATE_SQ":"2023-06-30 00:00:00","REPORT_TYPE_SQ":"2023年中报","OPERATE_INCOME_SQ":33248000000,"DPS_HKD":0.180245,"OPERATE_INCOME_QOQ_SQ":1.773089987161,"NET_PROFIT_RATIO_SQ":23.9563282002,"HOLDER_PROFIT_SQ":7743000000,"HOLDER_PROFIT_QOQ_SQ":1.854867256637,"ROE_AVG_SQ":4.564263988116,"PE_TTM_SQ":3.318501216738,"PB_TTM_SQ":0.314791195556,"ROA_SQ":0.279824147707,"START_DATE":"2024-01-01 00:00:00","FISCAL_YEAR":"12-31","CURRENCY":"HKD","IS_CNY_CODE":0,"DPS_HKD_LY":0.180245,"ORG_TYPE":"银行","PREMIUM_INCOME":null,"PREMIUM_INCOME_YOY":null,"NET_INTEREST_INCOME":23642000000,"NET_INTEREST_INCOME_YOY":-1.364262171972,"FEE_COMMISSION_INCOME":null,"FEE_COMMISSION_INCOME_YOY":null,"ACCOUNTS_RECE_TDAYS":null,"INVENTORY_TDAYS":null,"CURRENT_ASSETS_TDAYS":null,"TOTAL_ASSETS_TDAYS":0.011046103045,"PREMIUM_EXPENSE":null,"LOAN_DEPOSIT":91.673007548702,"LOAN_EQUITY":9.142488192865,"LOAN_ASSETS":54.735924548991,"DEPOSIT_EQUITY":9.97293362281,"DEPOSIT_ASSETS":59.707787507585,"EQUITY_MULTIPLIER":16.702902651604,"EQUITY_RATIO":15.997211710815},{"SECUCODE":"02016.HK","SECURITY_CODE":"02016","SECURITY_NAME_ABBR":"浙商银行","ORG_CODE":"10053837","STD_REPORT_DATE":"2024-03-31 00:00:00","REPORT_DATE":"2024-03-31 00:00:00","DATE_TYPE_CODE":"003","REPORT_TYPE":"2024年一季报","PER_NETCASH_OPERATE":-3.280545939927,"PER_OI":0.670462190899,"BPS":6.096203140124,"BASIC_EPS":0.22,"DILUTED_EPS":0.22,"OPERATE_INCOME":18414000000,"OPERATE_INCOME_YOY":16.603343465,"GROSS_PROFIT":null,"GROSS_PROFIT_YOY":null,"HOLDER_PROFIT":5913000000,"HOLDER_PROFIT_YOY":5.12,"GROSS_PROFIT_RATIO":null,"EPS_TTM":0.558390798285,"OPERATE_INCOME_QOQ":4.112038140644,"NET_PROFIT_RATIO":32.7305311176,"ROE_AVG":3.123035888769,"GROSS_PROFIT_QOQ":null,"ROA":0.187548469052,"HOLDER_PROFIT_QOQ":1.913875598086,"ROE_YEARLY":12.492143555074,"ROIC_YEARLY":0.789936030612,"TOTAL_ASSETS":3161691000000,"TOTAL_LIABILITIES":2965819000000,"TAX_EBT":21.091908876669,"OCF_SALES":-489.296187683284,"TOTAL_PARENT_EQUITY":192425000000,"DEBT_ASSET_RATIO":93.8048341853,"OPERATE_PROFIT":7638000000,"PRETAX_PROFIT":7638000000,"NETCASH_OPERATE":-90099000000,"NETCASH_INVEST":54379000000,"NETCASH_FINANCE":39210000000,"END_CASH":174148000000,"DIVI_RATIO":0.292522055166,"DIVIDEND_RATE":8.268119266055,"CURRENT_RATIO":null,"COMMON_ACS":null,"CURRENTDEBT_DEBT":null,"ISSUED_COMMON_SHARES":27464635963,"HK_COMMON_SHARES":5920200000,"PER_SHARES":1000,"TOTAL_MARKET_CAP":59872906399.34,"HKSK_MARKET_CAP":12906036000,"PE_TTM":3.518229520047,"PB_TTM":0.316875822443,"REPORT_DATE_SQ":"2023-03-31 00:00:00","REPORT_TYPE_SQ":"2023年一季报","OPERATE_INCOME_SQ":15792000000,"DPS_HKD":0.180245,"OPERATE_INCOME_QOQ_SQ":0.619767137624,"NET_PROFIT_RATIO_SQ":36.3348530902,"HOLDER_PROFIT_SQ":5625000000,"HOLDER_PROFIT_QOQ_SQ":3.723013658393,"ROE_AVG_SQ":3.400065281253,"PE_TTM_SQ":3.318501216738,"PB_TTM_SQ":0.314791195556,"ROA_SQ":0.209540168291,"START_DATE":"2024-01-01 00:00:00","FISCAL_YEAR":"12-31","CURRENCY":"HKD","IS_CNY_CODE":0,"DPS_HKD_LY":0.180245,"ORG_TYPE":"银行","PREMIUM_INCOME":null,"PREMIUM_INCOME_YOY":null,"NET_INTEREST_INCOME":11818000000,"NET_INTEREST_INCOME_YOY":0.612974629661,"FEE_COMMISSION_INCOME":1490000000,"FEE_COMMISSION_INCOME_YOY":null,"ACCOUNTS_RECE_TDAYS":null,"INVENTORY_TDAYS":null,"CURRENT_ASSETS_TDAYS":null,"TOTAL_ASSETS_TDAYS":0.005840550497,"PREMIUM_EXPENSE":null,"LOAN_DEPOSIT":91.95062310375,"LOAN_EQUITY":8.88288780428,"LOAN_ASSETS":55.03096286133,"DEPOSIT_EQUITY":9.660497671949,"DEPOSIT_ASSETS":59.848384930722,"EQUITY_MULTIPLIER":16.141617995554,"EQUITY_RATIO":15.412856957256},{"SECUCODE":"02016.HK","SECURITY_CODE":"02016","SECURITY_NAME_ABBR":"浙商银行","ORG_CODE":"10053837","STD_REPORT_DATE":"2023-12-31 00:00:00","REPORT_DATE":"2023-12-31 00:00:00","DATE_TYPE_CODE":"001","REPORT_TYPE":"2023年年报","PER_NETCASH_OPERATE":7.076991672558,"PER_OI":2.321676503774,"BPS":5.871186503882,"BASIC_EPS":0.57,"DILUTED_EPS":0.57,"OPERATE_INCOME":63764000000,"OPERATE_INCOME_YOY":4.2713239142,"GROSS_PROFIT":null,"GROSS_PROFIT_YOY":null,"HOLDER_PROFIT":15048000000,"HOLDER_PROFIT_YOY":10.5008077544,"GROSS_PROFIT_RATIO":null,"EPS_TTM":0.547904586111,"OPERATE_INCOME_QOQ":1.073121245264,"NET_PROFIT_RATIO":24.2974091964,"ROE_AVG":8.619099714186,"GROSS_PROFIT_QOQ":null,"ROA":0.521973586014,"HOLDER_PROFIT_QOQ":1.44263179183,"ROE_YEARLY":8.619099714186,"ROIC_YEARLY":0.556392411943,"TOTAL_ASSETS":3143879000000,"TOTAL_LIABILITIES":2954302000000,"TAX_EBT":11.428081408644,"OCF_SALES":304.82247035945,"TOTAL_PARENT_EQUITY":186245000000,"DEBT_ASSET_RATIO":93.9699651291,"OPERATE_PROFIT":17492000000,"PRETAX_PROFIT":17492000000,"NETCASH_OPERATE":194367000000,"NETCASH_INVEST":-201459000000,"NETCASH_FINANCE":69440000000,"END_CASH":170461000000,"DIVI_RATIO":0.298120563398,"DIVIDEND_RATE":8.268119266055,"CURRENT_RATIO":null,"COMMON_ACS":null,"CURRENTDEBT_DEBT":null,"ISSUED_COMMON_SHARES":27464635963,"HK_COMMON_SHARES":5920200000,"PER_SHARES":1000,"TOTAL_MARKET_CAP":59872906399.34,"HKSK_MARKET_CAP":12906036000,"PE_TTM":3.518229520047,"PB_TTM":0.316875822443,"REPORT_DATE_SQ":"2022-12-31 00:00:00","REPORT_TYPE_SQ":"2022年年报","OPERATE_INCOME_SQ":61152000000,"DPS_HKD":0.180245,"OPERATE_INCOME_QOQ_SQ":-1.18445503757,"NET_PROFIT_RATIO_SQ":22.8757849294,"HOLDER_PROFIT_SQ":13618000000,"HOLDER_PROFIT_QOQ_SQ":0.080840743735,"ROE_AVG_SQ":8.326454745003,"PE_TTM_SQ":3.318501216738,"PB_TTM_SQ":0.314791195556,"ROA_SQ":0.554856902698,"START_DATE":"2023-01-01 00:00:00","FISCAL_YEAR":"12-31","CURRENCY":"HKD","IS_CNY_CODE":0,"DPS_HKD_LY":0.238824,"ORG_TYPE":"银行","PREMIUM_INCOME":null,"PREMIUM_INCOME_YOY":null,"NET_INTEREST_INCOME":47528000000,"NET_INTEREST_INCOME_YOY":0.990183162637,"FEE_COMMISSION_INCOME":5040000000,"FEE_COMMISSION_INCOME_YOY":null,"ACCOUNTS_RECE_TDAYS":null,"INVENTORY_TDAYS":null,"CURRENT_ASSETS_TDAYS":null,"TOTAL_ASSETS_TDAYS":0.02211797165,"PREMIUM_EXPENSE":null,"LOAN_DEPOSIT":90.002830907084,"LOAN_EQUITY":8.871571973393,"LOAN_ASSETS":53.495888359571,"DEPOSIT_EQUITY":9.856992145672,"DEPOSIT_ASSETS":59.438006360932,"EQUITY_MULTIPLIER":16.583652025394,"EQUITY_RATIO":15.862449998658},{"SECUCODE":"02016.HK","SECURITY_CODE":"02016","SECURITY_NAME_ABBR":"浙商银行","ORG_CODE":"10053837","STD_REPORT_DATE":"2023-09-30 00:00:00","REPORT_DATE":"2023-09-30 00:00:00","DATE_TYPE_CODE":"004","REPORT_TYPE":"2023年三季报","PER_NETCASH_OPERATE":-0.548450742995,"PER_OI":1.810291607978,"BPS":5.771785950979,"BASIC_EPS":0.53,"DILUTED_EPS":0.53,"OPERATE_INCOME":49719000000,"OPERATE_INCOME_YOY":4.0494726268,"GROSS_PROFIT":null,"GROSS_PROFIT_YOY":null,"HOLDER_PROFIT":12753000000,"HOLDER_PROFIT_YOY":10.5400017336,"GROSS_PROFIT_RATIO":null,"EPS_TTM":0.540112747898,"OPERATE_INCOME_QOQ":0.742550541343,"NET_PROFIT_RATIO":26.370200527,"ROE_AVG":7.36214381379,"GROSS_PROFIT_QOQ":null,"ROA":0.457194194247,"HOLDER_PROFIT_QOQ":3.106971571558,"ROE_YEARLY":9.81619175172,"ROIC_YEARLY":0.487092972004,"TOTAL_ASSETS":2956881000000,"TOTAL_LIABILITIES":2770121000000,"TAX_EBT":15.161123333765,"OCF_SALES":-30.296265009353,"TOTAL_PARENT_EQUITY":183515000000,"DEBT_ASSET_RATIO":93.6838851479,"OPERATE_PROFIT":15454000000,"PRETAX_PROFIT":15454000000,"NETCASH_OPERATE":-15063000000,"NETCASH_INVEST":-47497000000,"NETCASH_FINANCE":37091000000,"END_CASH":82875000000,"DIVI_RATIO":0.302421345424,"DIVIDEND_RATE":8.268119266055,"CURRENT_RATIO":null,"COMMON_ACS":null,"CURRENTDEBT_DEBT":null,"ISSUED_COMMON_SHARES":27464635963,"HK_COMMON_SHARES":5920200000,"PER_SHARES":1000,"TOTAL_MARKET_CAP":59872906399.34,"HKSK_MARKET_CAP":12906036000,"PE_TTM":3.518229520047,"PB_TTM":0.316875822443,"REPORT_DATE_SQ":"2022-09-30 00:00:00","REPORT_TYPE_SQ":"2022年三季报","OPERATE_INCOME_SQ":47784000000,"DPS_HKD":0.180245,"OPERATE_INCOME_QOQ_SQ":2.434866090641,"NET_PROFIT_RATIO_SQ":24.7446844132,"HOLDER_PROFIT_SQ":11537000000,"HOLDER_PROFIT_QOQ_SQ":6.546080964686,"ROE_AVG_SQ":7.120264394666,"PE_TTM_SQ":3.318501216738,"PB_TTM_SQ":0.314791195556,"ROA_SQ":0.477735029941,"START_DATE":"2023-01-01 00:00:00","FISCAL_YEAR":"12-31","CURRENCY":"HKD","IS_CNY_CODE":0,"DPS_HKD_LY":0.238824,"ORG_TYPE":"银行","PREMIUM_INCOME":null,"PREMIUM_INCOME_YOY":null,"NET_INTEREST_INCOME":35949000000,"NET_INTEREST_INCOME_YOY":1.444817563564,"FEE_COMMISSION_INCOME":4093000000,"FEE_COMMISSION_INCOME_YOY":null,"ACCOUNTS_RECE_TDAYS":null,"INVENTORY_TDAYS":null,"CURRENT_ASSETS_TDAYS":null,"TOTAL_ASSETS_TDAYS":0.017824228138,"PREMIUM_EXPENSE":null,"LOAN_DEPOSIT":92.838642658121,"LOAN_EQUITY":8.915099593061,"LOAN_ASSETS":56.308792947704,"DEPOSIT_EQUITY":9.60278967659,"DEPOSIT_ASSETS":60.652322497929,"EQUITY_MULTIPLIER":15.832517669743,"EQUITY_RATIO":15.094793341144},{"SECUCODE":"02016.HK","SECURITY_CODE":"02016","SECURITY_NAME_ABBR":"浙商银行","ORG_CODE":"10053837","STD_REPORT_DATE":"2023-06-30 00:00:00","REPORT_DATE":"2023-06-30 00:00:00","DATE_TYPE_CODE":"002","REPORT_TYPE":"2023年中报","PER_NETCASH_OPERATE":0.11804270788,"PER_OI":1.210574938797,"BPS":5.511087064977,"BASIC_EPS":0.34,"DILUTED_EPS":0.34,"OPERATE_INCOME":33248000000,"OPERATE_INCOME_YOY":4.6258417773,"GROSS_PROFIT":null,"GROSS_PROFIT_YOY":null,"HOLDER_PROFIT":7743000000,"HOLDER_PROFIT_YOY":11.0266704904,"GROSS_PROFIT_RATIO":null,"EPS_TTM":0.523837272753,"OPERATE_INCOME_QOQ":1.773089987161,"NET_PROFIT_RATIO":23.9563282002,"ROE_AVG":4.564263988116,"GROSS_PROFIT_QOQ":null,"ROA":0.279824147707,"HOLDER_PROFIT_QOQ":1.854867256637,"ROE_YEARLY":9.128527976233,"ROIC_YEARLY":0.59662241441,"TOTAL_ASSETS":2912260000000,"TOTAL_LIABILITIES":2732795000000,"TAX_EBT":15.067178502879,"OCF_SALES":9.750962463908,"TOTAL_PARENT_EQUITY":176355000000,"DEBT_ASSET_RATIO":93.8376037854,"OPERATE_PROFIT":9378000000,"PRETAX_PROFIT":9378000000,"NETCASH_OPERATE":3242000000,"NETCASH_INVEST":-20593000000,"NETCASH_FINANCE":9876000000,"END_CASH":100817000000,"DIVI_RATIO":0.311817490653,"DIVIDEND_RATE":8.268119266055,"CURRENT_RATIO":null,"COMMON_ACS":null,"CURRENTDEBT_DEBT":null,"ISSUED_COMMON_SHARES":27464635963,"HK_COMMON_SHARES":5920200000,"PER_SHARES":1000,"TOTAL_MARKET_CAP":59872906399.34,"HKSK_MARKET_CAP":12906036000,"PE_TTM":3.518229520047,"PB_TTM":0.316875822443,"REPORT_DATE_SQ":"2022-06-30 00:00:00","REPORT_TYPE_SQ":"2022年中报","OPERATE_INCOME_SQ":31778000000,"DPS_HKD":0.180245,"OPERATE_INCOME_QOQ_SQ":6.039703017219,"NET_PROFIT_RATIO_SQ":22.5722197747,"HOLDER_PROFIT_SQ":6974000000,"HOLDER_PROFIT_QOQ_SQ":-3.176648976497,"ROE_AVG_SQ":4.362894750013,"PE_TTM_SQ":3.318501216738,"PB_TTM_SQ":0.314791195556,"ROA_SQ":0.290101824742,"START_DATE":"2023-01-01 00:00:00","FISCAL_YEAR":"12-31","CURRENCY":"HKD","IS_CNY_CODE":0,"DPS_HKD_LY":0.238824,"ORG_TYPE":"银行","PREMIUM_INCOME":null,"PREMIUM_INCOME_YOY":null,"NET_INTEREST_INCOME":23969000000,"NET_INTEREST_INCOME_YOY":3.150148470112,"FEE_COMMISSION_INCOME":null,"FEE_COMMISSION_INCOME_YOY":null,"ACCOUNTS_RECE_TDAYS":null,"INVENTORY_TDAYS":null,"CURRENT_ASSETS_TDAYS":null,"TOTAL_ASSETS_TDAYS":0.012015489168,"PREMIUM_EXPENSE":null,"LOAN_DEPOSIT":88.901060623099,"LOAN_EQUITY":9.030468336444,"LOAN_ASSETS":55.649323892784,"DEPOSIT_EQUITY":10.157885938762,"DEPOSIT_ASSETS":62.596917857609,"EQUITY_MULTIPLIER":16.227453821142,"EQUITY_RATIO":15.495988205608},{"SECUCODE":"02016.HK","SECURITY_CODE":"02016","SECURITY_NAME_ABBR":"浙商银行","ORG_CODE":"10053837","STD_REPORT_DATE":"2023-03-31 00:00:00","REPORT_DATE":"2023-03-31 00:00:00","DATE_TYPE_CODE":"003","REPORT_TYPE":"2023年一季报","PER_NETCASH_OPERATE":-1.787697685329,"PER_OI":0.742499654061,"BPS":5.204802284384,"BASIC_EPS":0.25,"DILUTED_EPS":0.25,"OPERATE_INCOME":15792000000,"OPERATE_INCOME_YOY":2.4589632129,"GROSS_PROFIT":null,"GROSS_PROFIT_YOY":null,"HOLDER_PROFIT":5625000000,"HOLDER_PROFIT_YOY":9.9062133646,"GROSS_PROFIT_RATIO":null,"EPS_TTM":0.66412155608,"OPERATE_INCOME_QOQ":0.619767137624,"NET_PROFIT_RATIO":36.3348530902,"ROE_AVG":3.400065281253,"GROSS_PROFIT_QOQ":null,"ROA":0.209540168291,"HOLDER_PROFIT_QOQ":3.723013658393,"ROE_YEARLY":13.600261125014,"ROIC_YEARLY":0.895096660494,"TOTAL_ASSETS":2746969000000,"TOTAL_LIABILITIES":2575916000000,"TAX_EBT":19.534427149068,"OCF_SALES":-240.767477203647,"TOTAL_PARENT_EQUITY":167943000000,"DEBT_ASSET_RATIO":93.7730276534,"OPERATE_PROFIT":7131000000,"PRETAX_PROFIT":7131000000,"NETCASH_OPERATE":-38022000000,"NETCASH_INVEST":-44540000000,"NETCASH_FINANCE":50099000000,"END_CASH":74351000000,"DIVI_RATIO":0.245951396103,"DIVIDEND_RATE":8.268119266055,"CURRENT_RATIO":null,"COMMON_ACS":null,"CURRENTDEBT_DEBT":null,"ISSUED_COMMON_SHARES":27464635963,"HK_COMMON_SHARES":5920200000,"PER_SHARES":1000,"TOTAL_MARKET_CAP":59872906399.34,"HKSK_MARKET_CAP":12906036000,"PE_TTM":3.518229520047,"PB_TTM":0.316875822443,"REPORT_DATE_SQ":"2022-03-31 00:00:00","REPORT_TYPE_SQ":"2022年一季报","OPERATE_INCOME_SQ":15413000000,"DPS_HKD":0.180245,"OPERATE_INCOME_QOQ_SQ":4.376740436758,"NET_PROFIT_RATIO_SQ":33.880490495,"HOLDER_PROFIT_SQ":5118000000,"HOLDER_PROFIT_QOQ_SQ":4.285262492094,"ROE_AVG_SQ":3.222394318311,"PE_TTM_SQ":3.318501216738,"PB_TTM_SQ":0.314791195556,"ROA_SQ":0.21466355954,"START_DATE":"2023-01-01 00:00:00","FISCAL_YEAR":"12-31","CURRENCY":"HKD","IS_CNY_CODE":0,"DPS_HKD_LY":0.238824,"ORG_TYPE":"银行","PREMIUM_INCOME":null,"PREMIUM_INCOME_YOY":null,"NET_INTEREST_INCOME":11746000000,"NET_INTEREST_INCOME_YOY":2.156896851626,"FEE_COMMISSION_INCOME":1543000000,"FEE_COMMISSION_INCOME_YOY":null,"ACCOUNTS_RECE_TDAYS":null,"INVENTORY_TDAYS":null,"CURRENT_ASSETS_TDAYS":null,"TOTAL_ASSETS_TDAYS":0.005882770378,"PREMIUM_EXPENSE":null,"LOAN_DEPOSIT":91.443185752112,"LOAN_EQUITY":9.141827386833,"LOAN_ASSETS":56.92590633531,"DEPOSIT_EQUITY":9.997275698175,"DEPOSIT_ASSETS":62.252759313993,"EQUITY_MULTIPLIER":16.059168795667,"EQUITY_RATIO":15.338037310278},{"SECUCODE":"02016.HK","SECURITY_CODE":"02016","SECURITY_NAME_ABBR":"浙商银行","ORG_CODE":"10053837","STD_REPORT_DATE":"2022-12-31 00:00:00","REPORT_DATE":"2022-12-31 00:00:00","DATE_TYPE_CODE":"001","REPORT_TYPE":"2022年年报","PER_NETCASH_OPERATE":7.887883388019,"PER_OI":2.875211426365,"BPS":5.022385885101,"BASIC_EPS":0.53,"DILUTED_EPS":0.53,"OPERATE_INCOME":61152000000,"OPERATE_INCOME_YOY":12.0328301334,"GROSS_PROFIT":null,"GROSS_PROFIT_YOY":null,"HOLDER_PROFIT":13618000000,"HOLDER_PROFIT_YOY":7.6691967109,"GROSS_PROFIT_RATIO":null,"EPS_TTM":0.640283706244,"OPERATE_INCOME_QOQ":-1.18445503757,"NET_PROFIT_RATIO":22.8757849294,"ROE_AVG":8.326454745003,"GROSS_PROFIT_QOQ":null,"ROA":0.554856902698,"HOLDER_PROFIT_QOQ":0.080840743735,"ROE_YEARLY":8.326454745003,"ROIC_YEARLY":0.595217411923,"TOTAL_ASSETS":2621930000000,"TOTAL_LIABILITIES":2456000000000,"TAX_EBT":11.635398900891,"OCF_SALES":274.340986394558,"TOTAL_PARENT_EQUITY":162933000000,"DEBT_ASSET_RATIO":93.6714557597,"OPERATE_PROFIT":15831000000,"PRETAX_PROFIT":15831000000,"NETCASH_OPERATE":167765000000,"NETCASH_INVEST":-130201000000,"NETCASH_FINANCE":-22184000000,"END_CASH":107748000000,"DIVI_RATIO":0.255108200173,"DIVIDEND_RATE":8.383488372093,"CURRENT_RATIO":null,"COMMON_ACS":null,"CURRENTDEBT_DEBT":null,"ISSUED_COMMON_SHARES":27464635963,"HK_COMMON_SHARES":5920200000,"PER_SHARES":1000,"TOTAL_MARKET_CAP":59048967320.45,"HKSK_MARKET_CAP":12728430000,"PE_TTM":3.469813517478,"PB_TTM":0.312515145987,"REPORT_DATE_SQ":"2021-12-31 00:00:00","REPORT_TYPE_SQ":"2021年年报","OPERATE_INCOME_SQ":54584000000,"DPS_HKD":0.180245,"OPERATE_INCOME_QOQ_SQ":3.054789865197,"NET_PROFIT_RATIO_SQ":23.6626117544,"HOLDER_PROFIT_SQ":12648000000,"HOLDER_PROFIT_QOQ_SQ":-0.745507337362,"ROE_AVG_SQ":8.584197827481,"PE_TTM_SQ":3.385541645359,"PB_TTM_SQ":0.321150613648,"ROA_SQ":0.583536411509,"START_DATE":"2022-01-01 00:00:00","FISCAL_YEAR":"12-31","CURRENCY":"HKD","IS_CNY_CODE":0,"DPS_HKD_LY":null,"ORG_TYPE":"银行","PREMIUM_INCOME":null,"PREMIUM_INCOME_YOY":null,"NET_INTEREST_INCOME":47062000000,"NET_INTEREST_INCOME_YOY":12.18058733791,"FEE_COMMISSION_INCOME":4791000000,"FEE_COMMISSION_INCOME_YOY":null,"ACCOUNTS_RECE_TDAYS":null,"INVENTORY_TDAYS":null,"CURRENT_ASSETS_TDAYS":null,"TOTAL_ASSETS_TDAYS":0.024916000377,"PREMIUM_EXPENSE":null,"LOAN_DEPOSIT":88.963586633624,"LOAN_EQUITY":9.015078647622,"LOAN_ASSETS":57.052324051367,"DEPOSIT_EQUITY":10.13344783945,"DEPOSIT_ASSETS":64.129972958851,"EQUITY_MULTIPLIER":15.801422286535,"EQUITY_RATIO":15.073680592636},{"SECUCODE":"02016.HK","SECURITY_CODE":"02016","SECURITY_NAME_ABBR":"浙商银行","ORG_CODE":"10053837","STD_REPORT_DATE":"2022-09-30 00:00:00","REPORT_DATE":"2022-09-30 00:00:00","DATE_TYPE_CODE":"004","REPORT_TYPE":"2022年三季报","PER_NETCASH_OPERATE":5.787284537684,"PER_OI":2.246682083945,"BPS":4.911661679468,"BASIC_EPS":0.48,"DILUTED_EPS":0.48,"OPERATE_INCOME":47784000000,"OPERATE_INCOME_YOY":18.0347306277,"GROSS_PROFIT":null,"GROSS_PROFIT_YOY":null,"HOLDER_PROFIT":11537000000,"HOLDER_PROFIT_YOY":9.0659860087,"GROSS_PROFIT_RATIO":null,"EPS_TTM":0.639766514236,"OPERATE_INCOME_QOQ":2.434866090641,"NET_PROFIT_RATIO":24.7446844132,"ROE_AVG":7.120264394666,"GROSS_PROFIT_QOQ":null,"ROA":0.477735029941,"HOLDER_PROFIT_QOQ":6.546080964686,"ROE_YEARLY":9.493685859555,"ROIC_YEARLY":0.509725520517,"TOTAL_ASSETS":2543151000000,"TOTAL_LIABILITIES":2380346000000,"TAX_EBT":16.337649472865,"OCF_SALES":257.59249958145,"TOTAL_PARENT_EQUITY":159892000000,"DEBT_ASSET_RATIO":93.5982959722,"OPERATE_PROFIT":14133000000,"PRETAX_PROFIT":14133000000,"NETCASH_OPERATE":123088000000,"NETCASH_INVEST":-72127000000,"NETCASH_FINANCE":-64203000000,"END_CASH":79414000000,"DIVI_RATIO":0.255314431539,"DIVIDEND_RATE":8.268119266055,"CURRENT_RATIO":null,"COMMON_ACS":null,"CURRENTDEBT_DEBT":null,"ISSUED_COMMON_SHARES":27464635963,"HK_COMMON_SHARES":5920200000,"PER_SHARES":1000,"TOTAL_MARKET_CAP":59872906399.34,"HKSK_MARKET_CAP":12906036000,"PE_TTM":3.518229520047,"PB_TTM":0.316875822443,"REPORT_DATE_SQ":"2021-09-30 00:00:00","REPORT_TYPE_SQ":"2021年三季报","OPERATE_INCOME_SQ":40483000000,"DPS_HKD":0.180245,"OPERATE_INCOME_QOQ_SQ":9.122749186205,"NET_PROFIT_RATIO_SQ":26.7025665094,"HOLDER_PROFIT_SQ":10578000000,"HOLDER_PROFIT_QOQ_SQ":2.89059345983,"ROE_AVG_SQ":7.904027856131,"PE_TTM_SQ":3.318501216738,"PB_TTM_SQ":0.314791195556,"ROA_SQ":0.500801054438,"START_DATE":"2022-01-01 00:00:00","FISCAL_YEAR":"12-31","CURRENCY":"HKD","IS_CNY_CODE":0,"DPS_HKD_LY":null,"ORG_TYPE":"银行","PREMIUM_INCOME":null,"PREMIUM_INCOME_YOY":null,"NET_INTEREST_INCOME":35437000000,"NET_INTEREST_INCOME_YOY":14.394086125638,"FEE_COMMISSION_INCOME":3749000000,"FEE_COMMISSION_INCOME_YOY":null,"ACCOUNTS_RECE_TDAYS":null,"INVENTORY_TDAYS":null,"CURRENT_ASSETS_TDAYS":null,"TOTAL_ASSETS_TDAYS":0.019786851582,"PREMIUM_EXPENSE":null,"LOAN_DEPOSIT":85.798970209978,"LOAN_EQUITY":9.072467061822,"LOAN_ASSETS":58.079248931739,"DEPOSIT_EQUITY":10.574097847118,"DEPOSIT_ASSETS":67.69224477823,"EQUITY_MULTIPLIER":15.620840883262,"EQUITY_RATIO":14.887211367673}],"count":36},"success":true,"message":"ok","code":0}