{"version":"992f15fbd8d2366b8035e4f080dde46b","result":{"pages":5,"data":[{"SECUCODE":"02028.HK","SECURITY_CODE":"02028","SECURITY_NAME_ABBR":"映美控股","ORG_CODE":"10010571","STD_REPORT_DATE":"2024-06-30 00:00:00","REPORT_DATE":"2024-06-30 00:00:00","DATE_TYPE_CODE":"002","REPORT_TYPE":"2024年中报","PER_NETCASH_OPERATE":-0.030488764957,"PER_OI":0.137444187824,"BPS":0.051815889368,"BASIC_EPS":-0.071,"DILUTED_EPS":-0.071,"OPERATE_INCOME":84237000,"OPERATE_INCOME_YOY":-28.6054514018,"GROSS_PROFIT":-3973000,"GROSS_PROFIT_YOY":-117.831336115973,"HOLDER_PROFIT":-43406000,"HOLDER_PROFIT_YOY":-26.7994858612,"GROSS_PROFIT_RATIO":-4.716454764533,"EPS_TTM":-0.144633179497,"OPERATE_INCOME_QOQ":-16.58656208842,"NET_PROFIT_RATIO":-51.6340800361,"ROE_AVG":-79.201525422183,"GROSS_PROFIT_QOQ":-116.565288815877,"ROA":-18.835363062189,"HOLDER_PROFIT_QOQ":-11.544124123872,"ROE_YEARLY":-158.403050844365,"ROIC_YEARLY":-43.581196409567,"TOTAL_ASSETS":206709000,"TOTAL_LIABILITIES":176198000,"TAX_EBT":null,"OCF_SALES":-22.182651328988,"TOTAL_PARENT_EQUITY":31757000,"DEBT_ASSET_RATIO":85.2396363971,"OPERATE_PROFIT":-38530000,"PRETAX_PROFIT":-43495000,"NETCASH_OPERATE":-18686000,"NETCASH_INVEST":-1839000,"NETCASH_FINANCE":10757000,"END_CASH":27539000,"DIVI_RATIO":null,"DIVIDEND_RATE":null,"CURRENT_RATIO":0.783360113118,"COMMON_ACS":10000000000,"CURRENTDEBT_DEBT":88.304067015517,"ISSUED_COMMON_SHARES":612881500,"HK_COMMON_SHARES":612881500,"PER_SHARES":2000,"TOTAL_MARKET_CAP":42288823.5,"HKSK_MARKET_CAP":42288823.5,"PE_TTM":-0.430978197269,"PB_TTM":1.215359241489,"REPORT_DATE_SQ":"2023-06-30 00:00:00","REPORT_TYPE_SQ":"2023年中报","OPERATE_INCOME_SQ":117988000,"DPS_HKD":null,"OPERATE_INCOME_QOQ_SQ":-12.094587576247,"NET_PROFIT_RATIO_SQ":-29.1817811981,"HOLDER_PROFIT_SQ":-34232000,"HOLDER_PROFIT_QOQ_SQ":-61.653383965823,"ROE_AVG_SQ":-24.398101292888,"PE_TTM_SQ":-0.779455223291,"PB_TTM_SQ":0.410922783479,"ROA_SQ":-9.711618934139,"START_DATE":"2024-01-01 00:00:00","FISCAL_YEAR":"12-31","CURRENCY":"HKD","IS_CNY_CODE":0,"DPS_HKD_LY":null,"ORG_TYPE":"一般企业","PREMIUM_INCOME":null,"PREMIUM_INCOME_YOY":null,"NET_INTEREST_INCOME":null,"NET_INTEREST_INCOME_YOY":null,"FEE_COMMISSION_INCOME":null,"FEE_COMMISSION_INCOME_YOY":null,"ACCOUNTS_RECE_TDAYS":2.680530142718,"INVENTORY_TDAYS":1.324554027269,"CURRENT_ASSETS_TDAYS":0.645808496855,"TOTAL_ASSETS_TDAYS":0.36553344659,"PREMIUM_EXPENSE":null,"LOAN_DEPOSIT":null,"LOAN_EQUITY":null,"LOAN_ASSETS":null,"DEPOSIT_EQUITY":null,"DEPOSIT_ASSETS":null,"EQUITY_MULTIPLIER":6.774900855447,"EQUITY_RATIO":5.548320055421},{"SECUCODE":"02028.HK","SECURITY_CODE":"02028","SECURITY_NAME_ABBR":"映美控股","ORG_CODE":"10010571","STD_REPORT_DATE":"2023-12-31 00:00:00","REPORT_DATE":"2023-12-31 00:00:00","DATE_TYPE_CODE":"001","REPORT_TYPE":"2023年年报","PER_NETCASH_OPERATE":-0.031978449341,"PER_OI":0.332011979477,"BPS":0.127026186955,"BASIC_EPS":-0.13,"DILUTED_EPS":-0.13,"OPERATE_INCOME":203484000,"OPERATE_INCOME_YOY":-27.1165617803,"GROSS_PROFIT":22523000,"GROSS_PROFIT_YOY":-65.401926296871,"HOLDER_PROFIT":-79469000,"HOLDER_PROFIT_YOY":-98.5384865216,"GROSS_PROFIT_RATIO":11.068683532858,"EPS_TTM":-0.129664543635,"OPERATE_INCOME_QOQ":-17.088793272052,"NET_PROFIT_RATIO":-39.213402528,"ROE_AVG":-67.718487967823,"GROSS_PROFIT_QOQ":-49.343259412532,"ROA":-26.021837399945,"HOLDER_PROFIT_QOQ":-22.817402055483,"ROE_YEARLY":-67.718487967823,"ROIC_YEARLY":-31.387348531526,"TOTAL_ASSETS":254190000,"TOTAL_LIABILITIES":177415000,"TAX_EBT":-5.476536682089,"OCF_SALES":-9.631715515716,"TOTAL_PARENT_EQUITY":77852000,"DEBT_ASSET_RATIO":69.7962154294,"OPERATE_PROFIT":-66318000,"PRETAX_PROFIT":-75650000,"NETCASH_OPERATE":-19599000,"NETCASH_INVEST":-2357000,"NETCASH_FINANCE":-9855000,"END_CASH":37291000,"DIVI_RATIO":null,"DIVIDEND_RATE":null,"CURRENT_RATIO":0.913008349044,"COMMON_ACS":10000000000,"CURRENTDEBT_DEBT":85.806160696672,"ISSUED_COMMON_SHARES":612881500,"HK_COMMON_SHARES":612881500,"PER_SHARES":2000,"TOTAL_MARKET_CAP":33708482.5,"HKSK_MARKET_CAP":33708482.5,"PE_TTM":-0.343533345649,"PB_TTM":0.968764612781,"REPORT_DATE_SQ":"2022-12-31 00:00:00","REPORT_TYPE_SQ":"2022年年报","OPERATE_INCOME_SQ":279191000,"DPS_HKD":null,"OPERATE_INCOME_QOQ_SQ":-21.212163969771,"NET_PROFIT_RATIO_SQ":-14.3303329978,"HOLDER_PROFIT_SQ":-40027000,"HOLDER_PROFIT_QOQ_SQ":-66.848686952897,"ROE_AVG_SQ":-22.061526675063,"PE_TTM_SQ":-0.666867246593,"PB_TTM_SQ":0.351567270309,"ROA_SQ":-9.837906922444,"START_DATE":"2023-01-01 00:00:00","FISCAL_YEAR":"12-31","CURRENCY":"HKD","IS_CNY_CODE":0,"DPS_HKD_LY":null,"ORG_TYPE":"一般企业","PREMIUM_INCOME":null,"PREMIUM_INCOME_YOY":null,"NET_INTEREST_INCOME":null,"NET_INTEREST_INCOME_YOY":null,"FEE_COMMISSION_INCOME":null,"FEE_COMMISSION_INCOME_YOY":null,"ACCOUNTS_RECE_TDAYS":5.415337121263,"INVENTORY_TDAYS":2.110369277597,"CURRENT_ASSETS_TDAYS":1.15316806125,"TOTAL_ASSETS_TDAYS":0.666301018195,"PREMIUM_EXPENSE":null,"LOAN_DEPOSIT":null,"LOAN_EQUITY":null,"LOAN_ASSETS":null,"DEPOSIT_EQUITY":null,"DEPOSIT_ASSETS":null,"EQUITY_MULTIPLIER":3.310843373494,"EQUITY_RATIO":2.278875301855},{"SECUCODE":"02028.HK","SECURITY_CODE":"02028","SECURITY_NAME_ABBR":"映美控股","ORG_CODE":"10010571","STD_REPORT_DATE":"2023-06-30 00:00:00","REPORT_DATE":"2023-06-30 00:00:00","DATE_TYPE_CODE":"002","REPORT_TYPE":"2023年中报","PER_NETCASH_OPERATE":0.002746044708,"PER_OI":0.192513560941,"BPS":0.201931368462,"BASIC_EPS":-0.056,"DILUTED_EPS":-0.056,"OPERATE_INCOME":117988000,"OPERATE_INCOME_YOY":-22.2509966723,"GROSS_PROFIT":22281000,"GROSS_PROFIT_YOY":-48.084719698029,"HOLDER_PROFIT":-34232000,"HOLDER_PROFIT_YOY":-258.3001884028,"GROSS_PROFIT_RATIO":18.884123809201,"EPS_TTM":-0.105575058147,"OPERATE_INCOME_QOQ":-12.094587576247,"NET_PROFIT_RATIO":-29.1817811981,"ROE_AVG":-24.398101292888,"GROSS_PROFIT_QOQ":-31.700947787216,"ROA":-9.711618934139,"HOLDER_PROFIT_QOQ":-61.653383965823,"ROE_YEARLY":-48.796202585777,"ROIC_YEARLY":-24.965221751219,"TOTAL_ASSETS":348373000,"TOTAL_LIABILITIES":225518000,"TAX_EBT":-0.168737090158,"OCF_SALES":1.42641624572,"TOTAL_PARENT_EQUITY":123760000,"DEBT_ASSET_RATIO":64.7346378738,"OPERATE_PROFIT":-29821000,"PRETAX_PROFIT":-34373000,"NETCASH_OPERATE":1683000,"NETCASH_INVEST":-1908000,"NETCASH_FINANCE":20249000,"END_CASH":89203000,"DIVI_RATIO":null,"DIVIDEND_RATE":null,"CURRENT_RATIO":1.104515813249,"COMMON_ACS":10000000000,"CURRENTDEBT_DEBT":86.969997960252,"ISSUED_COMMON_SHARES":612881500,"HK_COMMON_SHARES":612881500,"PER_SHARES":2000,"TOTAL_MARKET_CAP":33708482.5,"HKSK_MARKET_CAP":33708482.5,"PE_TTM":-0.343533345649,"PB_TTM":0.968764612781,"REPORT_DATE_SQ":"2022-06-30 00:00:00","REPORT_TYPE_SQ":"2022年中报","OPERATE_INCOME_SQ":151755000,"DPS_HKD":null,"OPERATE_INCOME_QOQ_SQ":2.829898492771,"NET_PROFIT_RATIO_SQ":-6.3081941287,"HOLDER_PROFIT_SQ":-9554000,"HOLDER_PROFIT_QOQ_SQ":4.570587533315,"ROE_AVG_SQ":-4.85488448434,"PE_TTM_SQ":-0.666867246593,"PB_TTM_SQ":0.351567270309,"ROA_SQ":-2.219648559517,"START_DATE":"2023-01-01 00:00:00","FISCAL_YEAR":"12-31","CURRENCY":"HKD","IS_CNY_CODE":0,"DPS_HKD_LY":null,"ORG_TYPE":"一般企业","PREMIUM_INCOME":null,"PREMIUM_INCOME_YOY":null,"NET_INTEREST_INCOME":null,"NET_INTEREST_INCOME_YOY":null,"FEE_COMMISSION_INCOME":null,"FEE_COMMISSION_INCOME_YOY":null,"ACCOUNTS_RECE_TDAYS":3.12812015324,"INVENTORY_TDAYS":0.97193575741,"CURRENT_ASSETS_TDAYS":0.548073997515,"TOTAL_ASSETS_TDAYS":0.33473197441,"PREMIUM_EXPENSE":null,"LOAN_DEPOSIT":null,"LOAN_EQUITY":null,"LOAN_ASSETS":null,"DEPOSIT_EQUITY":null,"DEPOSIT_ASSETS":null,"EQUITY_MULTIPLIER":2.835643644949,"EQUITY_RATIO":1.822220426632},{"SECUCODE":"02028.HK","SECURITY_CODE":"02028","SECURITY_NAME_ABBR":"映美控股","ORG_CODE":"10010571","STD_REPORT_DATE":"2022-12-31 00:00:00","REPORT_DATE":"2022-12-31 00:00:00","DATE_TYPE_CODE":"001","REPORT_TYPE":"2022年年报","PER_NETCASH_OPERATE":-0.11372345225,"PER_OI":0.455538305529,"BPS":0.255925492938,"BASIC_EPS":-0.065,"DILUTED_EPS":-0.065,"OPERATE_INCOME":279191000,"OPERATE_INCOME_YOY":-18.9825481855,"GROSS_PROFIT":65099000,"GROSS_PROFIT_YOY":-31.910509580788,"HOLDER_PROFIT":-40027000,"HOLDER_PROFIT_YOY":-59.2227216675,"GROSS_PROFIT_RATIO":23.317012367877,"EPS_TTM":-0.065309525577,"OPERATE_INCOME_QOQ":-21.212163969771,"NET_PROFIT_RATIO":-14.3303329978,"ROE_AVG":-22.061526675063,"GROSS_PROFIT_QOQ":-31.623006953343,"ROA":-9.837906922444,"HOLDER_PROFIT_QOQ":-66.848686952897,"ROE_YEARLY":-22.061526675063,"ROIC_YEARLY":-11.732325815543,"TOTAL_ASSETS":356597000,"TOTAL_LIABILITIES":200522000,"TAX_EBT":-14.066999287242,"OCF_SALES":-24.964629948673,"TOTAL_PARENT_EQUITY":156852000,"DEBT_ASSET_RATIO":56.2321051495,"OPERATE_PROFIT":-28589000,"PRETAX_PROFIT":-35075000,"NETCASH_OPERATE":-69699000,"NETCASH_INVEST":60611000,"NETCASH_FINANCE":14661000,"END_CASH":68974000,"DIVI_RATIO":null,"DIVIDEND_RATE":null,"CURRENT_RATIO":1.098009526351,"COMMON_ACS":10000000000,"CURRENTDEBT_DEBT":97.160411326438,"ISSUED_COMMON_SHARES":612881500,"HK_COMMON_SHARES":612881500,"PER_SHARES":2000,"TOTAL_MARKET_CAP":33708482.5,"HKSK_MARKET_CAP":33708482.5,"PE_TTM":-0.343533345649,"PB_TTM":0.968764612781,"REPORT_DATE_SQ":"2021-12-31 00:00:00","REPORT_TYPE_SQ":"2021年年报","OPERATE_INCOME_SQ":344606000,"DPS_HKD":null,"OPERATE_INCOME_QOQ_SQ":9.083254460908,"NET_PROFIT_RATIO_SQ":-7.3074757839,"HOLDER_PROFIT_SQ":-25139000,"HOLDER_PROFIT_QOQ_SQ":-71.726210806749,"ROE_AVG_SQ":-11.886052009456,"PE_TTM_SQ":-0.666867246593,"PB_TTM_SQ":0.351567270309,"ROA_SQ":-5.876625691507,"START_DATE":"2022-01-01 00:00:00","FISCAL_YEAR":"12-31","CURRENCY":"HKD","IS_CNY_CODE":0,"DPS_HKD_LY":null,"ORG_TYPE":"一般企业","PREMIUM_INCOME":null,"PREMIUM_INCOME_YOY":null,"NET_INTEREST_INCOME":null,"NET_INTEREST_INCOME_YOY":null,"FEE_COMMISSION_INCOME":null,"FEE_COMMISSION_INCOME_YOY":null,"ACCOUNTS_RECE_TDAYS":6.177748766402,"INVENTORY_TDAYS":2.002169643692,"CURRENT_ASSETS_TDAYS":1.11723323796,"TOTAL_ASSETS_TDAYS":0.686200582503,"PREMIUM_EXPENSE":null,"LOAN_DEPOSIT":null,"LOAN_EQUITY":null,"LOAN_ASSETS":null,"DEPOSIT_EQUITY":null,"DEPOSIT_ASSETS":null,"EQUITY_MULTIPLIER":2.284779753323,"EQUITY_RATIO":1.27841532145},{"SECUCODE":"02028.HK","SECURITY_CODE":"02028","SECURITY_NAME_ABBR":"映美控股","ORG_CODE":"10010571","STD_REPORT_DATE":"2022-06-30 00:00:00","REPORT_DATE":"2022-06-30 00:00:00","DATE_TYPE_CODE":"002","REPORT_TYPE":"2022年中报","PER_NETCASH_OPERATE":-0.097987947099,"PER_OI":0.247609040247,"BPS":0.306042848414,"BASIC_EPS":-0.016,"DILUTED_EPS":-0.016,"OPERATE_INCOME":151755000,"OPERATE_INCOME_YOY":6.8674605466,"GROSS_PROFIT":42918000,"GROSS_PROFIT_YOY":-0.927977839335,"HOLDER_PROFIT":-9554000,"HOLDER_PROFIT_YOY":10.7353078576,"GROSS_PROFIT_RATIO":28.281111001285,"EPS_TTM":-0.039142966463,"OPERATE_INCOME_QOQ":2.829898492771,"NET_PROFIT_RATIO":-6.3081941287,"ROE_AVG":-4.85488448434,"GROSS_PROFIT_QOQ":-0.420466906535,"ROA":-2.219648559517,"HOLDER_PROFIT_QOQ":4.570587533315,"ROE_YEARLY":-9.70976896868,"ROIC_YEARLY":-5.301695554822,"TOTAL_ASSETS":403724000,"TOTAL_LIABILITIES":216595000,"TAX_EBT":-36.523103251569,"OCF_SALES":-39.573654904287,"TOTAL_PARENT_EQUITY":187568000,"DEBT_ASSET_RATIO":53.6492752474,"OPERATE_PROFIT":-4301000,"PRETAX_PROFIT":-7012000,"NETCASH_OPERATE":-60055000,"NETCASH_INVEST":59862000,"NETCASH_FINANCE":14019000,"END_CASH":77274000,"DIVI_RATIO":null,"DIVIDEND_RATE":null,"CURRENT_RATIO":1.293066935326,"COMMON_ACS":10000000000,"CURRENTDEBT_DEBT":89.820171287426,"ISSUED_COMMON_SHARES":612881500,"HK_COMMON_SHARES":612881500,"PER_SHARES":2000,"TOTAL_MARKET_CAP":33708482.5,"HKSK_MARKET_CAP":33708482.5,"PE_TTM":-0.343533345649,"PB_TTM":0.968764612781,"REPORT_DATE_SQ":"2021-06-30 00:00:00","REPORT_TYPE_SQ":"2021年中报","OPERATE_INCOME_SQ":142003000,"DPS_HKD":null,"OPERATE_INCOME_QOQ_SQ":14.474194378313,"NET_PROFIT_RATIO_SQ":-7.573079442,"HOLDER_PROFIT_SQ":-10703000,"HOLDER_PROFIT_QOQ_SQ":41.707482180544,"ROE_AVG_SQ":-5.060161217881,"PE_TTM_SQ":-0.666867246593,"PB_TTM_SQ":0.351567270309,"ROA_SQ":-2.578526652565,"START_DATE":"2022-01-01 00:00:00","FISCAL_YEAR":"12-31","CURRENCY":"HKD","IS_CNY_CODE":0,"DPS_HKD_LY":null,"ORG_TYPE":"一般企业","PREMIUM_INCOME":null,"PREMIUM_INCOME_YOY":null,"NET_INTEREST_INCOME":null,"NET_INTEREST_INCOME_YOY":null,"FEE_COMMISSION_INCOME":null,"FEE_COMMISSION_INCOME_YOY":null,"ACCOUNTS_RECE_TDAYS":3.155645664379,"INVENTORY_TDAYS":0.917491749175,"CURRENT_ASSETS_TDAYS":0.564745417061,"TOTAL_ASSETS_TDAYS":0.35256726727,"PREMIUM_EXPENSE":null,"LOAN_DEPOSIT":null,"LOAN_EQUITY":null,"LOAN_ASSETS":null,"DEPOSIT_EQUITY":null,"DEPOSIT_ASSETS":null,"EQUITY_MULTIPLIER":2.157463567911,"EQUITY_RATIO":1.154754542353},{"SECUCODE":"02028.HK","SECURITY_CODE":"02028","SECURITY_NAME_ABBR":"映美控股","ORG_CODE":"10010571","STD_REPORT_DATE":"2021-12-31 00:00:00","REPORT_DATE":"2021-12-31 00:00:00","DATE_TYPE_CODE":"001","REPORT_TYPE":"2021年年报","PER_NETCASH_OPERATE":0.010729643496,"PER_OI":0.562271825793,"BPS":0.336141652179,"BASIC_EPS":-0.041,"DILUTED_EPS":-0.041,"OPERATE_INCOME":344606000,"OPERATE_INCOME_YOY":24.8721767458,"GROSS_PROFIT":95608000,"GROSS_PROFIT_YOY":12.615138165799,"HOLDER_PROFIT":-25139000,"HOLDER_PROFIT_YOY":-0.1035320352,"GROSS_PROFIT_RATIO":27.744148389755,"EPS_TTM":-0.041017717128,"OPERATE_INCOME_QOQ":9.083254460908,"NET_PROFIT_RATIO":-7.3074757839,"ROE_AVG":-11.886052009456,"GROSS_PROFIT_QOQ":-2.624637164536,"ROA":-5.876625691507,"HOLDER_PROFIT_QOQ":-71.726210806749,"ROE_YEARLY":-11.886052009456,"ROIC_YEARLY":-7.299308222211,"TOTAL_ASSETS":457133000,"TOTAL_LIABILITIES":251247000,"TAX_EBT":-1.421724596238,"OCF_SALES":1.908266251893,"TOTAL_PARENT_EQUITY":206015000,"DEBT_ASSET_RATIO":54.9614663566,"OPERATE_PROFIT":-17872000,"PRETAX_PROFIT":-24829000,"NETCASH_OPERATE":6576000,"NETCASH_INVEST":-69130000,"NETCASH_FINANCE":21514000,"END_CASH":63325000,"DIVI_RATIO":null,"DIVIDEND_RATE":null,"CURRENT_RATIO":1.266624426209,"COMMON_ACS":10000000000,"CURRENTDEBT_DEBT":89.828734273444,"ISSUED_COMMON_SHARES":612881500,"HK_COMMON_SHARES":612881500,"PER_SHARES":2000,"TOTAL_MARKET_CAP":33708482.5,"HKSK_MARKET_CAP":33708482.5,"PE_TTM":-0.343533345649,"PB_TTM":0.968764612781,"REPORT_DATE_SQ":"2020-12-31 00:00:00","REPORT_TYPE_SQ":"2020年年报","OPERATE_INCOME_SQ":275967000,"DPS_HKD":null,"OPERATE_INCOME_QOQ_SQ":5.210847162971,"NET_PROFIT_RATIO_SQ":-9.2163193425,"HOLDER_PROFIT_SQ":-25113000,"HOLDER_PROFIT_QOQ_SQ":40.677485649493,"ROE_AVG_SQ":-10.943628091827,"PE_TTM_SQ":-0.666867246593,"PB_TTM_SQ":0.351567270309,"ROA_SQ":-6.239277910352,"START_DATE":"2021-01-01 00:00:00","FISCAL_YEAR":"12-31","CURRENCY":"HKD","IS_CNY_CODE":0,"DPS_HKD_LY":null,"ORG_TYPE":"一般企业","PREMIUM_INCOME":null,"PREMIUM_INCOME_YOY":null,"NET_INTEREST_INCOME":null,"NET_INTEREST_INCOME_YOY":null,"FEE_COMMISSION_INCOME":null,"FEE_COMMISSION_INCOME_YOY":null,"ACCOUNTS_RECE_TDAYS":8.478122347558,"INVENTORY_TDAYS":2.332544883114,"CURRENT_ASSETS_TDAYS":1.309464956463,"TOTAL_ASSETS_TDAYS":0.805569224332,"PREMIUM_EXPENSE":null,"LOAN_DEPOSIT":null,"LOAN_EQUITY":null,"LOAN_ASSETS":null,"DEPOSIT_EQUITY":null,"DEPOSIT_ASSETS":null,"EQUITY_MULTIPLIER":2.220320954314,"EQUITY_RATIO":1.219556828386},{"SECUCODE":"02028.HK","SECURITY_CODE":"02028","SECURITY_NAME_ABBR":"映美控股","ORG_CODE":"10010571","STD_REPORT_DATE":"2021-06-30 00:00:00","REPORT_DATE":"2021-06-30 00:00:00","DATE_TYPE_CODE":"002","REPORT_TYPE":"2021年中报","PER_NETCASH_OPERATE":-0.013343525624,"PER_OI":0.231697318323,"BPS":0.336190601283,"BASIC_EPS":-0.017,"DILUTED_EPS":-0.017,"OPERATE_INCOME":142003000,"OPERATE_INCOME_YOY":39.1381455825,"GROSS_PROFIT":43320000,"GROSS_PROFIT_YOY":44.241334532015,"HOLDER_PROFIT":-10703000,"HOLDER_PROFIT_YOY":49.4593190726,"GROSS_PROFIT_RATIO":30.50639775216,"EPS_TTM":-0.02388553089,"OPERATE_INCOME_QOQ":14.474194378313,"NET_PROFIT_RATIO":-7.573079442,"ROE_AVG":-5.060161217881,"GROSS_PROFIT_QOQ":15.650545360315,"ROA":-2.578526652565,"HOLDER_PROFIT_QOQ":41.707482180544,"ROE_YEARLY":-10.120322435761,"ROIC_YEARLY":-7.042802644588,"TOTAL_ASSETS":431738000,"TOTAL_LIABILITIES":226582000,"TAX_EBT":0.130014858841,"OCF_SALES":-5.759033259861,"TOTAL_PARENT_EQUITY":206045000,"DEBT_ASSET_RATIO":52.4813660136,"OPERATE_PROFIT":-7478000,"PRETAX_PROFIT":-10768000,"NETCASH_OPERATE":-8178000,"NETCASH_INVEST":-6815000,"NETCASH_FINANCE":30206000,"END_CASH":119612000,"DIVI_RATIO":null,"DIVIDEND_RATE":null,"CURRENT_RATIO":1.221049466794,"COMMON_ACS":10000000000,"CURRENTDEBT_DEBT":96.883688907327,"ISSUED_COMMON_SHARES":612881500,"HK_COMMON_SHARES":612881500,"PER_SHARES":2000,"TOTAL_MARKET_CAP":33708482.5,"HKSK_MARKET_CAP":33708482.5,"PE_TTM":-0.343533345649,"PB_TTM":0.968764612781,"REPORT_DATE_SQ":"2020-06-30 00:00:00","REPORT_TYPE_SQ":"2020年中报","OPERATE_INCOME_SQ":102059000,"DPS_HKD":null,"OPERATE_INCOME_QOQ_SQ":-11.702865375811,"NET_PROFIT_RATIO_SQ":-21.0956407568,"HOLDER_PROFIT_SQ":-21177000,"HOLDER_PROFIT_QOQ_SQ":-17.405774190864,"ROE_AVG_SQ":-9.140901183996,"PE_TTM_SQ":-0.666867246593,"PB_TTM_SQ":0.351567270309,"ROA_SQ":-5.210856751267,"START_DATE":"2021-01-01 00:00:00","FISCAL_YEAR":"12-31","CURRENCY":"HKD","IS_CNY_CODE":0,"DPS_HKD_LY":null,"ORG_TYPE":"一般企业","PREMIUM_INCOME":null,"PREMIUM_INCOME_YOY":null,"NET_INTEREST_INCOME":null,"NET_INTEREST_INCOME_YOY":null,"FEE_COMMISSION_INCOME":null,"FEE_COMMISSION_INCOME_YOY":null,"ACCOUNTS_RECE_TDAYS":3.92522873649,"INVENTORY_TDAYS":0.937022565529,"CURRENT_ASSETS_TDAYS":0.558506224066,"TOTAL_ASSETS_TDAYS":0.342108306311,"PREMIUM_EXPENSE":null,"LOAN_DEPOSIT":null,"LOAN_EQUITY":null,"LOAN_ASSETS":null,"DEPOSIT_EQUITY":null,"DEPOSIT_ASSETS":null,"EQUITY_MULTIPLIER":2.104437598703,"EQUITY_RATIO":1.09967240166},{"SECUCODE":"02028.HK","SECURITY_CODE":"02028","SECURITY_NAME_ABBR":"映美控股","ORG_CODE":"10010571","STD_REPORT_DATE":"2020-12-31 00:00:00","REPORT_DATE":"2020-12-31 00:00:00","DATE_TYPE_CODE":"001","REPORT_TYPE":"2020年年报","PER_NETCASH_OPERATE":0.001561476403,"PER_OI":0.450277908535,"BPS":0.354040707706,"BASIC_EPS":-0.041,"DILUTED_EPS":-0.041,"OPERATE_INCOME":275967000,"OPERATE_INCOME_YOY":-7.1018366413,"GROSS_PROFIT":84898000,"GROSS_PROFIT_YOY":0.049495616103,"HOLDER_PROFIT":-25113000,"HOLDER_PROFIT_YOY":30.3519427573,"GROSS_PROFIT_RATIO":30.763823210746,"EPS_TTM":-0.040975294572,"OPERATE_INCOME_QOQ":5.210847162971,"NET_PROFIT_RATIO":-9.2163193425,"ROE_AVG":-10.943628091827,"GROSS_PROFIT_QOQ":16.079192758894,"ROA":-6.239277910352,"HOLDER_PROFIT_QOQ":40.677485649493,"ROE_YEARLY":-10.943628091827,"ROIC_YEARLY":-8.666693124934,"TOTAL_ASSETS":398426000,"TOTAL_LIABILITIES":182313000,"TAX_EBT":-4.878149354666,"OCF_SALES":0.346780593332,"TOTAL_PARENT_EQUITY":216985000,"DEBT_ASSET_RATIO":45.7583089457,"OPERATE_PROFIT":-19162000,"PRETAX_PROFIT":-24251000,"NETCASH_OPERATE":957000,"NETCASH_INVEST":-16344000,"NETCASH_FINANCE":-1402000,"END_CASH":104430000,"DIVI_RATIO":null,"DIVIDEND_RATE":null,"CURRENT_RATIO":1.329830829043,"COMMON_ACS":10000000000,"CURRENTDEBT_DEBT":99.182724216046,"ISSUED_COMMON_SHARES":612881500,"HK_COMMON_SHARES":612881500,"PER_SHARES":2000,"TOTAL_MARKET_CAP":33708482.5,"HKSK_MARKET_CAP":33708482.5,"PE_TTM":-0.343533345649,"PB_TTM":0.968764612781,"REPORT_DATE_SQ":"2019-12-31 00:00:00","REPORT_TYPE_SQ":"2019年年报","OPERATE_INCOME_SQ":297064000,"DPS_HKD":null,"OPERATE_INCOME_QOQ_SQ":-5.672108139347,"NET_PROFIT_RATIO_SQ":-12.2680634476,"HOLDER_PROFIT_SQ":-36057000,"HOLDER_PROFIT_QOQ_SQ":3.922300087932,"ROE_AVG_SQ":-13.874347060691,"PE_TTM_SQ":-0.666867246593,"PB_TTM_SQ":0.351567270309,"ROA_SQ":-8.624333119262,"START_DATE":"2020-01-01 00:00:00","FISCAL_YEAR":"12-31","CURRENCY":"HKD","IS_CNY_CODE":0,"DPS_HKD_LY":null,"ORG_TYPE":"一般企业","PREMIUM_INCOME":null,"PREMIUM_INCOME_YOY":null,"NET_INTEREST_INCOME":null,"NET_INTEREST_INCOME_YOY":null,"FEE_COMMISSION_INCOME":null,"FEE_COMMISSION_INCOME_YOY":null,"ACCOUNTS_RECE_TDAYS":7.963840992713,"INVENTORY_TDAYS":2.039614001003,"CURRENT_ASSETS_TDAYS":1.123509187618,"TOTAL_ASSETS_TDAYS":0.685634853298,"PREMIUM_EXPENSE":null,"LOAN_DEPOSIT":null,"LOAN_EQUITY":null,"LOAN_ASSETS":null,"DEPOSIT_EQUITY":null,"DEPOSIT_ASSETS":null,"EQUITY_MULTIPLIER":1.843600338712,"EQUITY_RATIO":0.840210152776},{"SECUCODE":"02028.HK","SECURITY_CODE":"02028","SECURITY_NAME_ABBR":"映美控股","ORG_CODE":"10010571","STD_REPORT_DATE":"2020-06-30 00:00:00","REPORT_DATE":"2020-06-30 00:00:00","DATE_TYPE_CODE":"002","REPORT_TYPE":"2020年中报","PER_NETCASH_OPERATE":-0.068177943044,"PER_OI":0.166523218599,"BPS":0.361210119738,"BASIC_EPS":-0.035,"DILUTED_EPS":-0.035,"OPERATE_INCOME":102059000,"OPERATE_INCOME_YOY":-25.4085540548,"GROSS_PROFIT":30033000,"GROSS_PROFIT_YOY":-28.066393619315,"HOLDER_PROFIT":-21177000,"HOLDER_PROFIT_YOY":-42.1179786592,"GROSS_PROFIT_RATIO":29.427096091477,"EPS_TTM":-0.069072080002,"OPERATE_INCOME_QOQ":-11.702865375811,"NET_PROFIT_RATIO":-21.0956407568,"ROE_AVG":-9.140901183996,"GROSS_PROFIT_QOQ":-13.809276892618,"ROA":-5.210856751267,"HOLDER_PROFIT_QOQ":-17.405774190864,"ROE_YEARLY":-18.281802367993,"ROIC_YEARLY":-14.391241709253,"TOTAL_ASSETS":406232000,"TOTAL_LIABILITIES":185745000,"TAX_EBT":15.329557967595,"OCF_SALES":-40.942004134863,"TOTAL_PARENT_EQUITY":221379000,"DEBT_ASSET_RATIO":45.7238720731,"OPERATE_PROFIT":-23483000,"PRETAX_PROFIT":-25428000,"NETCASH_OPERATE":-41785000,"NETCASH_INVEST":-7229000,"NETCASH_FINANCE":29278000,"END_CASH":103177000,"DIVI_RATIO":null,"DIVIDEND_RATE":null,"CURRENT_RATIO":1.325749606897,"COMMON_ACS":10000000000,"CURRENTDEBT_DEBT":99.292040162589,"ISSUED_COMMON_SHARES":612881500,"HK_COMMON_SHARES":612881500,"PER_SHARES":2000,"TOTAL_MARKET_CAP":33708482.5,"HKSK_MARKET_CAP":33708482.5,"PE_TTM":-0.343533345649,"PB_TTM":0.968764612781,"REPORT_DATE_SQ":"2019-06-30 00:00:00","REPORT_TYPE_SQ":"2019年中报","OPERATE_INCOME_SQ":136824000,"DPS_HKD":null,"OPERATE_INCOME_QOQ_SQ":-4.457847042512,"NET_PROFIT_RATIO_SQ":-11.1464362977,"HOLDER_PROFIT_SQ":-14901000,"HOLDER_PROFIT_QOQ_SQ":-32.733253165452,"ROE_AVG_SQ":-5.510215401683,"PE_TTM_SQ":-0.666867246593,"PB_TTM_SQ":0.351567270309,"ROA_SQ":-3.39776492237,"START_DATE":"2020-01-01 00:00:00","FISCAL_YEAR":"12-31","CURRENCY":"HKD","IS_CNY_CODE":0,"DPS_HKD_LY":null,"ORG_TYPE":"一般企业","PREMIUM_INCOME":null,"PREMIUM_INCOME_YOY":null,"NET_INTEREST_INCOME":null,"NET_INTEREST_INCOME_YOY":null,"FEE_COMMISSION_INCOME":null,"FEE_COMMISSION_INCOME_YOY":null,"ACCOUNTS_RECE_TDAYS":2.872635667642,"INVENTORY_TDAYS":0.753055570077,"CURRENT_ASSETS_TDAYS":0.412107336317,"TOTAL_ASSETS_TDAYS":0.251128502232,"PREMIUM_EXPENSE":null,"LOAN_DEPOSIT":null,"LOAN_EQUITY":null,"LOAN_ASSETS":null,"DEPOSIT_EQUITY":null,"DEPOSIT_ASSETS":null,"EQUITY_MULTIPLIER":1.842430619492,"EQUITY_RATIO":0.839036222948}],"count":42},"success":true,"message":"ok","code":0}