{"version":"0a56af7c78eb754c47cc56c2e2805d19","result":{"pages":5,"data":[{"SECUCODE":"02020.HK","SECURITY_CODE":"02020","SECURITY_NAME_ABBR":"安踏体育","ORG_CODE":"10093189","STD_REPORT_DATE":"2024-06-30 00:00:00","REPORT_DATE":"2024-06-30 00:00:00","DATE_TYPE_CODE":"002","REPORT_TYPE":"2024年中报","PER_NETCASH_OPERATE":3.001457835819,"PER_OI":11.909454256805,"BPS":20.413840331537,"BASIC_EPS":2.75,"DILUTED_EPS":2.68,"OPERATE_INCOME":33735000000,"OPERATE_INCOME_YOY":13.7965930174,"GROSS_PROFIT":21618000000,"GROSS_PROFIT_YOY":15.265262596641,"HOLDER_PROFIT":7721000000,"HOLDER_PROFIT_YOY":62.6158382477,"GROSS_PROFIT_RATIO":64.081814139618,"EPS_TTM":4.663168260801,"OPERATE_INCOME_QOQ":6.559112194496,"NET_PROFIT_RATIO":24.9562768638,"ROE_AVG":14.197451409448,"GROSS_PROFIT_QOQ":7.335758942298,"ROA":8.152856826077,"HOLDER_PROFIT_QOQ":29.044548651817,"ROE_YEARLY":28.394902818896,"ROIC_YEARLY":26.586092316168,"TOTAL_ASSETS":97178000000,"TOTAL_LIABILITIES":35548000000,"TAX_EBT":22.973467520586,"OCF_SALES":25.202312138728,"TOTAL_PARENT_EQUITY":57306000000,"DEBT_ASSET_RATIO":36.5802959518,"OPERATE_PROFIT":8660000000,"PRETAX_PROFIT":10930000000,"NETCASH_OPERATE":8502000000,"NETCASH_INVEST":-9319000000,"NETCASH_FINANCE":-5408000000,"END_CASH":9105000000,"DIVI_RATIO":0.454436829529,"DIVIDEND_RATE":2.765578635015,"CURRENT_RATIO":1.591364434045,"COMMON_ACS":5000000000,"CURRENTDEBT_DEBT":76.943850568246,"ISSUED_COMMON_SHARES":2807213100,"HK_COMMON_SHARES":2807213100,"PER_SHARES":200,"TOTAL_MARKET_CAP":236507703675,"HKSK_MARKET_CAP":236507703675,"PE_TTM":16.193406647942,"PB_TTM":3.766723397028,"REPORT_DATE_SQ":"2023-06-30 00:00:00","REPORT_TYPE_SQ":"2023年中报","OPERATE_INCOME_SQ":29645000000,"DPS_HKD":2.33,"OPERATE_INCOME_QOQ_SQ":6.859145216305,"NET_PROFIT_RATIO_SQ":17.8579861697,"HOLDER_PROFIT_SQ":4748000000,"HOLDER_PROFIT_QOQ_SQ":15.283267457181,"ROE_AVG_SQ":11.427058639487,"PE_TTM_SQ":22.733282548882,"PB_TTM_SQ":4.067504670789,"ROA_SQ":6.211367010943,"START_DATE":"2024-01-01 00:00:00","FISCAL_YEAR":"12-31","CURRENCY":"HKD","IS_CNY_CODE":0,"DPS_HKD_LY":2.33,"ORG_TYPE":"一般企业","PREMIUM_INCOME":null,"PREMIUM_INCOME_YOY":null,"NET_INTEREST_INCOME":null,"NET_INTEREST_INCOME_YOY":null,"FEE_COMMISSION_INCOME":null,"FEE_COMMISSION_INCOME_YOY":null,"ACCOUNTS_RECE_TDAYS":9.509513742072,"INVENTORY_TDAYS":1.591933258885,"CURRENT_ASSETS_TDAYS":0.705258866694,"TOTAL_ASSETS_TDAYS":0.356218915979,"PREMIUM_EXPENSE":null,"LOAN_DEPOSIT":null,"LOAN_EQUITY":null,"LOAN_ASSETS":null,"DEPOSIT_EQUITY":null,"DEPOSIT_ASSETS":null,"EQUITY_MULTIPLIER":1.576797014442,"EQUITY_RATIO":0.620318989286},{"SECUCODE":"02020.HK","SECURITY_CODE":"02020","SECURITY_NAME_ABBR":"安踏体育","ORG_CODE":"10093189","STD_REPORT_DATE":"2023-12-31 00:00:00","REPORT_DATE":"2023-12-31 00:00:00","DATE_TYPE_CODE":"001","REPORT_TYPE":"2023年年报","PER_NETCASH_OPERATE":6.931383574273,"PER_OI":22.013515032972,"BPS":18.331347912276,"BASIC_EPS":3.69,"DILUTED_EPS":3.6,"OPERATE_INCOME":62356000000,"OPERATE_INCOME_YOY":16.2252334532,"GROSS_PROFIT":39028000000,"GROSS_PROFIT_YOY":20.762423417291,"HOLDER_PROFIT":10236000000,"HOLDER_PROFIT_YOY":34.8616600791,"GROSS_PROFIT_RATIO":62.589005067676,"EPS_TTM":3.613611198241,"OPERATE_INCOME_QOQ":8.764891594425,"NET_PROFIT_RATIO":18.0848675348,"ROE_AVG":23.843466107617,"GROSS_PROFIT_QOQ":11.623384052168,"ROA":12.682207616015,"HOLDER_PROFIT_QOQ":16.982857142857,"ROE_YEARLY":23.843466107617,"ROIC_YEARLY":22.982879595846,"TOTAL_ASSETS":92228000000,"TOTAL_LIABILITIES":36218000000,"TAX_EBT":27.89641943734,"OCF_SALES":31.486945923408,"TOTAL_PARENT_EQUITY":51460000000,"DEBT_ASSET_RATIO":39.270069827,"OPERATE_PROFIT":15367000000,"PRETAX_PROFIT":15640000000,"NETCASH_OPERATE":19634000000,"NETCASH_INVEST":-25793000000,"NETCASH_FINANCE":3471000000,"END_CASH":15228000000,"DIVI_RATIO":0.586425955574,"DIVIDEND_RATE":2.643221781055,"CURRENT_RATIO":2.532174250886,"COMMON_ACS":5000000000,"CURRENTDEBT_DEBT":56.852946048926,"ISSUED_COMMON_SHARES":2807213100,"HK_COMMON_SHARES":2807213100,"PER_SHARES":200,"TOTAL_MARKET_CAP":247455834765,"HKSK_MARKET_CAP":247455834765,"PE_TTM":16.943012415621,"PB_TTM":3.941088040926,"REPORT_DATE_SQ":"2022-12-31 00:00:00","REPORT_TYPE_SQ":"2022年年报","OPERATE_INCOME_SQ":53651000000,"DPS_HKD":2.33,"OPERATE_INCOME_QOQ_SQ":2.229378251177,"NET_PROFIT_RATIO_SQ":15.3678403012,"HOLDER_PROFIT_SQ":7590000000,"HOLDER_PROFIT_QOQ_SQ":1.633636850562,"ROE_AVG_SQ":23.972332327906,"PE_TTM_SQ":23.497552430223,"PB_TTM_SQ":4.204250048647,"ROA_SQ":11.511948006643,"START_DATE":"2023-01-01 00:00:00","FISCAL_YEAR":"12-31","CURRENCY":"HKD","IS_CNY_CODE":0,"DPS_HKD_LY":1.54,"ORG_TYPE":"一般企业","PREMIUM_INCOME":null,"PREMIUM_INCOME_YOY":null,"NET_INTEREST_INCOME":null,"NET_INTEREST_INCOME_YOY":null,"FEE_COMMISSION_INCOME":null,"FEE_COMMISSION_INCOME_YOY":null,"ACCOUNTS_RECE_TDAYS":18.585991058122,"INVENTORY_TDAYS":2.971719745223,"CURRENT_ASSETS_TDAYS":1.316416145921,"TOTAL_ASSETS_TDAYS":0.772578876616,"PREMIUM_EXPENSE":null,"LOAN_DEPOSIT":null,"LOAN_EQUITY":null,"LOAN_ASSETS":null,"DEPOSIT_EQUITY":null,"DEPOSIT_ASSETS":null,"EQUITY_MULTIPLIER":1.64663452955,"EQUITY_RATIO":0.703808783521},{"SECUCODE":"02020.HK","SECURITY_CODE":"02020","SECURITY_NAME_ABBR":"安踏体育","ORG_CODE":"10093189","STD_REPORT_DATE":"2023-06-30 00:00:00","REPORT_DATE":"2023-06-30 00:00:00","DATE_TYPE_CODE":"002","REPORT_TYPE":"2023年中报","PER_NETCASH_OPERATE":3.588193065545,"PER_OI":10.46556310784,"BPS":17.348522632642,"BASIC_EPS":1.74,"DILUTED_EPS":1.7,"OPERATE_INCOME":29645000000,"OPERATE_INCOME_YOY":14.1729250915,"GROSS_PROFIT":18755000000,"GROSS_PROFIT_YOY":16.42560059594,"HOLDER_PROFIT":4748000000,"HOLDER_PROFIT_YOY":32.3299888517,"GROSS_PROFIT_RATIO":63.265306122449,"EPS_TTM":3.089009181771,"OPERATE_INCOME_QOQ":6.859145216305,"NET_PROFIT_RATIO":17.8579861697,"ROE_AVG":11.427058639487,"GROSS_PROFIT_QOQ":8.187387833406,"ROA":6.211367010943,"HOLDER_PROFIT_QOQ":15.283267457181,"ROE_YEARLY":22.854117278974,"ROIC_YEARLY":24.323147460362,"TOTAL_ASSETS":83686000000,"TOTAL_LIABILITIES":30880000000,"TAX_EBT":29.063379338068,"OCF_SALES":34.285714285714,"TOTAL_PARENT_EQUITY":48701000000,"DEBT_ASSET_RATIO":36.8998398776,"OPERATE_PROFIT":7623000000,"PRETAX_PROFIT":7463000000,"NETCASH_OPERATE":10164000000,"NETCASH_INVEST":-9337000000,"NETCASH_FINANCE":7307000000,"END_CASH":25829000000,"DIVI_RATIO":0.686017837857,"DIVIDEND_RATE":2.643221781055,"CURRENT_RATIO":3.299853977525,"COMMON_ACS":5000000000,"CURRENTDEBT_DEBT":51.007124352332,"ISSUED_COMMON_SHARES":2807213100,"HK_COMMON_SHARES":2807213100,"PER_SHARES":200,"TOTAL_MARKET_CAP":247455834765,"HKSK_MARKET_CAP":247455834765,"PE_TTM":16.943012415621,"PB_TTM":3.941088040926,"REPORT_DATE_SQ":"2022-06-30 00:00:00","REPORT_TYPE_SQ":"2022年中报","OPERATE_INCOME_SQ":25965000000,"DPS_HKD":2.33,"OPERATE_INCOME_QOQ_SQ":6.391907233214,"NET_PROFIT_RATIO_SQ":15.2127864433,"HOLDER_PROFIT_SQ":3588000000,"HOLDER_PROFIT_QOQ_SQ":-3.264248704663,"ROE_AVG_SQ":11.84647131655,"PE_TTM_SQ":23.497552430223,"PB_TTM_SQ":4.204250048647,"ROA_SQ":5.649904338994,"START_DATE":"2023-01-01 00:00:00","FISCAL_YEAR":"12-31","CURRENCY":"HKD","IS_CNY_CODE":0,"DPS_HKD_LY":1.54,"ORG_TYPE":"一般企业","PREMIUM_INCOME":null,"PREMIUM_INCOME_YOY":null,"NET_INTEREST_INCOME":null,"NET_INTEREST_INCOME_YOY":null,"FEE_COMMISSION_INCOME":null,"FEE_COMMISSION_INCOME_YOY":null,"ACCOUNTS_RECE_TDAYS":10.361761621811,"INVENTORY_TDAYS":1.454229819056,"CURRENT_ASSETS_TDAYS":0.626929746648,"TOTAL_ASSETS_TDAYS":0.387817976073,"PREMIUM_EXPENSE":null,"LOAN_DEPOSIT":null,"LOAN_EQUITY":null,"LOAN_ASSETS":null,"DEPOSIT_EQUITY":null,"DEPOSIT_ASSETS":null,"EQUITY_MULTIPLIER":1.584782032344,"EQUITY_RATIO":0.634073222316},{"SECUCODE":"02020.HK","SECURITY_CODE":"02020","SECURITY_NAME_ABBR":"安踏体育","ORG_CODE":"10093189","STD_REPORT_DATE":"2022-12-31 00:00:00","REPORT_DATE":"2022-12-31 00:00:00","DATE_TYPE_CODE":"001","REPORT_TYPE":"2022年年报","PER_NETCASH_OPERATE":4.476302626359,"PER_OI":19.770981493932,"BPS":12.254146291922,"BASIC_EPS":2.82,"DILUTED_EPS":2.76,"OPERATE_INCOME":53651000000,"OPERATE_INCOME_YOY":8.7637852741,"GROSS_PROFIT":32318000000,"GROSS_PROFIT_YOY":6.29522431259,"HOLDER_PROFIT":7590000000,"HOLDER_PROFIT_YOY":-1.6839378238,"GROSS_PROFIT_RATIO":60.237460625151,"EPS_TTM":2.796998183425,"OPERATE_INCOME_QOQ":2.229378251177,"NET_PROFIT_RATIO":15.3678403012,"ROE_AVG":23.972332327906,"GROSS_PROFIT_QOQ":0.66344806105,"ROA":11.511948006643,"HOLDER_PROFIT_QOQ":1.633636850562,"ROE_YEARLY":23.972332327906,"ROIC_YEARLY":20.674438875572,"TOTAL_ASSETS":69195000000,"TOTAL_LIABILITIES":31356000000,"TAX_EBT":27.38881549978,"OCF_SALES":22.640770908278,"TOTAL_PARENT_EQUITY":34400000000,"DEBT_ASSET_RATIO":45.3154129634,"OPERATE_PROFIT":11230000000,"PRETAX_PROFIT":11355000000,"NETCASH_OPERATE":12147000000,"NETCASH_INVEST":-4774000000,"NETCASH_FINANCE":-7841000000,"END_CASH":17378000000,"DIVI_RATIO":0.75763917637,"DIVIDEND_RATE":2.643221781055,"CURRENT_RATIO":1.625367268287,"COMMON_ACS":5000000000,"CURRENTDEBT_DEBT":83.578900369945,"ISSUED_COMMON_SHARES":2807213100,"HK_COMMON_SHARES":2807213100,"PER_SHARES":200,"TOTAL_MARKET_CAP":247455834765,"HKSK_MARKET_CAP":247455834765,"PE_TTM":16.943012415621,"PB_TTM":3.941088040926,"REPORT_DATE_SQ":"2021-12-31 00:00:00","REPORT_TYPE_SQ":"2021年年报","OPERATE_INCOME_SQ":49328000000,"DPS_HKD":2.33,"OPERATE_INCOME_QOQ_SQ":12.995075020044,"NET_PROFIT_RATIO_SQ":16.6619364256,"HOLDER_PROFIT_SQ":7720000000,"HOLDER_PROFIT_QOQ_SQ":5.119825708061,"ROE_AVG_SQ":29.167296357866,"PE_TTM_SQ":23.497552430223,"PB_TTM_SQ":4.204250048647,"ROA_SQ":13.480595451172,"START_DATE":"2022-01-01 00:00:00","FISCAL_YEAR":"12-31","CURRENCY":"HKD","IS_CNY_CODE":0,"DPS_HKD_LY":1.6,"ORG_TYPE":"一般企业","PREMIUM_INCOME":null,"PREMIUM_INCOME_YOY":null,"NET_INTEREST_INCOME":null,"NET_INTEREST_INCOME_YOY":null,"FEE_COMMISSION_INCOME":null,"FEE_COMMISSION_INCOME_YOY":null,"ACCOUNTS_RECE_TDAYS":17.102645839975,"INVENTORY_TDAYS":2.64447750093,"CURRENT_ASSETS_TDAYS":1.300661834226,"TOTAL_ASSETS_TDAYS":0.813738501323,"PREMIUM_EXPENSE":null,"LOAN_DEPOSIT":null,"LOAN_EQUITY":null,"LOAN_ASSETS":null,"DEPOSIT_EQUITY":null,"DEPOSIT_ASSETS":null,"EQUITY_MULTIPLIER":1.828668833744,"EQUITY_RATIO":0.911511627907},{"SECUCODE":"02020.HK","SECURITY_CODE":"02020","SECURITY_NAME_ABBR":"安踏体育","ORG_CODE":"10093189","STD_REPORT_DATE":"2022-06-30 00:00:00","REPORT_DATE":"2022-06-30 00:00:00","DATE_TYPE_CODE":"002","REPORT_TYPE":"2022年中报","PER_NETCASH_OPERATE":1.834816067889,"PER_OI":9.568387066223,"BPS":11.2752394893,"BASIC_EPS":1.33,"DILUTED_EPS":1.31,"OPERATE_INCOME":25965000000,"OPERATE_INCOME_YOY":13.8216728038,"GROSS_PROFIT":16109000000,"GROSS_PROFIT_YOY":11.805941143809,"HOLDER_PROFIT":3588000000,"HOLDER_PROFIT_YOY":-6.5625,"GROSS_PROFIT_RATIO":62.041209320239,"EPS_TTM":2.752039846353,"OPERATE_INCOME_QOQ":6.391907233214,"NET_PROFIT_RATIO":15.2127864433,"ROE_AVG":11.84647131655,"GROSS_PROFIT_QOQ":5.594658597553,"ROA":5.649904338994,"HOLDER_PROFIT_QOQ":-3.264248704663,"ROE_YEARLY":23.6929426331,"ROIC_YEARLY":20.047492666574,"TOTAL_ASSETS":64343000000,"TOTAL_LIABILITIES":29501000000,"TAX_EBT":29.363376251788,"OCF_SALES":19.175813595224,"TOTAL_PARENT_EQUITY":31652000000,"DEBT_ASSET_RATIO":45.8495873677,"OPERATE_PROFIT":5792000000,"PRETAX_PROFIT":5592000000,"NETCASH_OPERATE":4979000000,"NETCASH_INVEST":-3877000000,"NETCASH_FINANCE":-3940000000,"END_CASH":14904000000,"DIVI_RATIO":0.77001624915,"DIVIDEND_RATE":2.643221781055,"CURRENT_RATIO":1.658554044381,"COMMON_ACS":5000000000,"CURRENTDEBT_DEBT":80.502355852344,"ISSUED_COMMON_SHARES":2807213100,"HK_COMMON_SHARES":2807213100,"PER_SHARES":200,"TOTAL_MARKET_CAP":247455834765,"HKSK_MARKET_CAP":247455834765,"PE_TTM":16.943012415621,"PB_TTM":3.941088040926,"REPORT_DATE_SQ":"2021-06-30 00:00:00","REPORT_TYPE_SQ":"2021年中报","OPERATE_INCOME_SQ":22812000000,"DPS_HKD":2.33,"OPERATE_INCOME_QOQ_SQ":22.930277089435,"NET_PROFIT_RATIO_SQ":18.1132737156,"HOLDER_PROFIT_SQ":3840000000,"HOLDER_PROFIT_QOQ_SQ":42.2704378148,"ROE_AVG_SQ":15.099384621434,"PE_TTM_SQ":23.497552430223,"PB_TTM_SQ":4.204250048647,"ROA_SQ":7.241184235338,"START_DATE":"2022-01-01 00:00:00","FISCAL_YEAR":"12-31","CURRENCY":"HKD","IS_CNY_CODE":0,"DPS_HKD_LY":1.6,"ORG_TYPE":"一般企业","PREMIUM_INCOME":null,"PREMIUM_INCOME_YOY":null,"NET_INTEREST_INCOME":null,"NET_INTEREST_INCOME_YOY":null,"FEE_COMMISSION_INCOME":null,"FEE_COMMISSION_INCOME_YOY":null,"ACCOUNTS_RECE_TDAYS":8.198610672561,"INVENTORY_TDAYS":1.244758777469,"CURRENT_ASSETS_TDAYS":0.654929311019,"TOTAL_ASSETS_TDAYS":0.408862224532,"PREMIUM_EXPENSE":null,"LOAN_DEPOSIT":null,"LOAN_EQUITY":null,"LOAN_ASSETS":null,"DEPOSIT_EQUITY":null,"DEPOSIT_ASSETS":null,"EQUITY_MULTIPLIER":1.846707996097,"EQUITY_RATIO":0.932042209023},{"SECUCODE":"02020.HK","SECURITY_CODE":"02020","SECURITY_NAME_ABBR":"安踏体育","ORG_CODE":"10093189","STD_REPORT_DATE":"2021-12-31 00:00:00","REPORT_DATE":"2021-12-31 00:00:00","DATE_TYPE_CODE":"001","REPORT_TYPE":"2021年年报","PER_NETCASH_OPERATE":4.38755327228,"PER_OI":18.247131592196,"BPS":10.303100965153,"BASIC_EPS":2.87,"DILUTED_EPS":2.81,"OPERATE_INCOME":49328000000,"OPERATE_INCOME_YOY":38.9051588196,"GROSS_PROFIT":30404000000,"GROSS_PROFIT_YOY":47.227737155586,"HOLDER_PROFIT":7720000000,"HOLDER_PROFIT_YOY":49.554436265,"GROSS_PROFIT_RATIO":61.636393123581,"EPS_TTM":2.855738239778,"OPERATE_INCOME_QOQ":12.995075020044,"NET_PROFIT_RATIO":16.6619364256,"ROE_AVG":29.167296357866,"GROSS_PROFIT_QOQ":13.787425149701,"ROA":13.480595451172,"HOLDER_PROFIT_QOQ":5.119825708061,"ROE_YEARLY":29.167296357866,"ROIC_YEARLY":23.731574983477,"TOTAL_ASSETS":62668000000,"TOTAL_LIABILITIES":31005000000,"TAX_EBT":26.877224199288,"OCF_SALES":24.045167045086,"TOTAL_PARENT_EQUITY":28923000000,"DEBT_ASSET_RATIO":49.47501117,"OPERATE_PROFIT":10989000000,"PRETAX_PROFIT":11240000000,"NETCASH_OPERATE":11861000000,"NETCASH_INVEST":-4669000000,"NETCASH_FINANCE":-4947000000,"END_CASH":17592000000,"DIVI_RATIO":0.742055196265,"DIVIDEND_RATE":2.643221781055,"CURRENT_RATIO":2.502791193627,"COMMON_ACS":5000000000,"CURRENTDEBT_DEBT":51.42073859055,"ISSUED_COMMON_SHARES":2807213100,"HK_COMMON_SHARES":2807213100,"PER_SHARES":200,"TOTAL_MARKET_CAP":247455834765,"HKSK_MARKET_CAP":247455834765,"PE_TTM":16.943012415621,"PB_TTM":3.941088040926,"REPORT_DATE_SQ":"2020-12-31 00:00:00","REPORT_TYPE_SQ":"2020年年报","OPERATE_INCOME_SQ":35512000000,"DPS_HKD":2.33,"OPERATE_INCOME_QOQ_SQ":5.109107083159,"NET_PROFIT_RATIO_SQ":15.6820229781,"HOLDER_PROFIT_SQ":5162000000,"HOLDER_PROFIT_QOQ_SQ":10.31922905623,"ROE_AVG_SQ":23.41308538383,"PE_TTM_SQ":23.497552430223,"PB_TTM_SQ":4.204250048647,"ROA_SQ":11.090891326185,"START_DATE":"2021-01-01 00:00:00","FISCAL_YEAR":"12-31","CURRENCY":"HKD","IS_CNY_CODE":0,"DPS_HKD_LY":1.07,"ORG_TYPE":"一般企业","PREMIUM_INCOME":null,"PREMIUM_INCOME_YOY":null,"NET_INTEREST_INCOME":null,"NET_INTEREST_INCOME_YOY":null,"FEE_COMMISSION_INCOME":null,"FEE_COMMISSION_INCOME_YOY":null,"ACCOUNTS_RECE_TDAYS":14.039561690622,"INVENTORY_TDAYS":2.882559025133,"CURRENT_ASSETS_TDAYS":1.358542530192,"TOTAL_ASSETS_TDAYS":0.861361155979,"PREMIUM_EXPENSE":null,"LOAN_DEPOSIT":null,"LOAN_EQUITY":null,"LOAN_ASSETS":null,"DEPOSIT_EQUITY":null,"DEPOSIT_ASSETS":null,"EQUITY_MULTIPLIER":1.979218646371,"EQUITY_RATIO":1.071984234001},{"SECUCODE":"02020.HK","SECURITY_CODE":"02020","SECURITY_NAME_ABBR":"安踏体育","ORG_CODE":"10093189","STD_REPORT_DATE":"2021-06-30 00:00:00","REPORT_DATE":"2021-06-30 00:00:00","DATE_TYPE_CODE":"002","REPORT_TYPE":"2021年中报","PER_NETCASH_OPERATE":2.33526884815,"PER_OI":8.438484549975,"BPS":9.564646160991,"BASIC_EPS":1.43,"DILUTED_EPS":1.4,"OPERATE_INCOME":22812000000,"OPERATE_INCOME_YOY":55.5116231509,"GROSS_PROFIT":14408000000,"GROSS_PROFIT_YOY":72.778510612783,"HOLDER_PROFIT":3840000000,"HOLDER_PROFIT_YOY":131.6043425814,"GROSS_PROFIT_RATIO":63.159740487463,"EPS_TTM":2.716650470586,"OPERATE_INCOME_QOQ":22.930277089435,"NET_PROFIT_RATIO":18.1132737156,"ROE_AVG":15.099384621434,"GROSS_PROFIT_QOQ":29.388407341049,"ROA":7.241184235338,"HOLDER_PROFIT_QOQ":42.2704378148,"ROE_YEARLY":30.198769242868,"ROIC_YEARLY":25.832926890799,"TOTAL_ASSETS":54193000000,"TOTAL_LIABILITIES":25193000000,"TAX_EBT":28.635578583765,"OCF_SALES":27.674031211643,"TOTAL_PARENT_EQUITY":26850000000,"DEBT_ASSET_RATIO":46.4875537431,"OPERATE_PROFIT":5905000000,"PRETAX_PROFIT":5790000000,"NETCASH_OPERATE":6313000000,"NETCASH_INVEST":-1207000000,"NETCASH_FINANCE":-4206000000,"END_CASH":16245000000,"DIVI_RATIO":0.780047128971,"DIVIDEND_RATE":2.643221781055,"CURRENT_RATIO":3.26486800116,"COMMON_ACS":5000000000,"CURRENTDEBT_DEBT":41.047116262454,"ISSUED_COMMON_SHARES":2807213100,"HK_COMMON_SHARES":2807213100,"PER_SHARES":200,"TOTAL_MARKET_CAP":247455834765,"HKSK_MARKET_CAP":247455834765,"PE_TTM":16.943012415621,"PB_TTM":3.941088040926,"REPORT_DATE_SQ":"2020-06-30 00:00:00","REPORT_TYPE_SQ":"2020年中报","OPERATE_INCOME_SQ":14669000000,"DPS_HKD":2.33,"OPERATE_INCOME_QOQ_SQ":-0.41853527685,"NET_PROFIT_RATIO_SQ":12.1344331584,"HOLDER_PROFIT_SQ":1658000000,"HOLDER_PROFIT_QOQ_SQ":-12.443517657071,"ROE_AVG_SQ":8.015663902922,"PE_TTM_SQ":23.497552430223,"PB_TTM_SQ":4.204250048647,"ROA_SQ":3.654260456092,"START_DATE":"2021-01-01 00:00:00","FISCAL_YEAR":"12-31","CURRENCY":"HKD","IS_CNY_CODE":0,"DPS_HKD_LY":1.07,"ORG_TYPE":"一般企业","PREMIUM_INCOME":null,"PREMIUM_INCOME_YOY":null,"NET_INTEREST_INCOME":null,"NET_INTEREST_INCOME_YOY":null,"FEE_COMMISSION_INCOME":null,"FEE_COMMISSION_INCOME_YOY":null,"ACCOUNTS_RECE_TDAYS":6.547646383467,"INVENTORY_TDAYS":1.546985734008,"CURRENT_ASSETS_TDAYS":0.686291911732,"TOTAL_ASSETS_TDAYS":0.430171600981,"PREMIUM_EXPENSE":null,"LOAN_DEPOSIT":null,"LOAN_EQUITY":null,"LOAN_ASSETS":null,"DEPOSIT_EQUITY":null,"DEPOSIT_ASSETS":null,"EQUITY_MULTIPLIER":1.868724137931,"EQUITY_RATIO":0.938286778399},{"SECUCODE":"02020.HK","SECURITY_CODE":"02020","SECURITY_NAME_ABBR":"安踏体育","ORG_CODE":"10093189","STD_REPORT_DATE":"2020-12-31 00:00:00","REPORT_DATE":"2020-12-31 00:00:00","DATE_TYPE_CODE":"001","REPORT_TYPE":"2020年年报","PER_NETCASH_OPERATE":2.75882069848,"PER_OI":13.136395902977,"BPS":8.554035317091,"BASIC_EPS":1.92,"DILUTED_EPS":1.89,"OPERATE_INCOME":35512000000,"OPERATE_INCOME_YOY":4.6687102099,"GROSS_PROFIT":20651000000,"GROSS_PROFIT_YOY":10.675813280455,"HOLDER_PROFIT":5162000000,"HOLDER_PROFIT_YOY":-3.4056886228,"GROSS_PROFIT_RATIO":58.152173913044,"EPS_TTM":1.909497512142,"OPERATE_INCOME_QOQ":5.109107083159,"NET_PROFIT_RATIO":15.6820229781,"ROE_AVG":23.41308538383,"GROSS_PROFIT_QOQ":10.457059878146,"ROA":11.090891326185,"HOLDER_PROFIT_QOQ":10.31922905623,"ROE_YEARLY":23.41308538383,"ROIC_YEARLY":18.002902959383,"TOTAL_ASSETS":51867000000,"TOTAL_LIABILITIES":26043000000,"TAX_EBT":31.153418222277,"OCF_SALES":21.001351655778,"TOTAL_PARENT_EQUITY":24013000000,"DEBT_ASSET_RATIO":50.2111168951,"OPERATE_PROFIT":9152000000,"PRETAX_PROFIT":8089000000,"NETCASH_OPERATE":7458000000,"NETCASH_INVEST":-1923000000,"NETCASH_FINANCE":1229000000,"END_CASH":15323000000,"DIVI_RATIO":1.10977646555,"DIVIDEND_RATE":2.643221781055,"CURRENT_RATIO":2.792744344857,"COMMON_ACS":5000000000,"CURRENTDEBT_DEBT":44.983296855201,"ISSUED_COMMON_SHARES":2807213100,"HK_COMMON_SHARES":2807213100,"PER_SHARES":200,"TOTAL_MARKET_CAP":247455834765,"HKSK_MARKET_CAP":247455834765,"PE_TTM":16.943012415621,"PB_TTM":3.941088040926,"REPORT_DATE_SQ":"2019-12-31 00:00:00","REPORT_TYPE_SQ":"2019年年报","OPERATE_INCOME_SQ":33928000000,"DPS_HKD":2.33,"OPERATE_INCOME_QOQ_SQ":19.645088193693,"NET_PROFIT_RATIO_SQ":16.5765641761,"HOLDER_PROFIT_SQ":5344000000,"HOLDER_PROFIT_QOQ_SQ":15.156890453577,"ROE_AVG_SQ":29.806448064958,"PE_TTM_SQ":23.497552430223,"PB_TTM_SQ":4.204250048647,"ROA_SQ":16.294966833312,"START_DATE":"2020-01-01 00:00:00","FISCAL_YEAR":"12-31","CURRENCY":"HKD","IS_CNY_CODE":0,"DPS_HKD_LY":0.57,"ORG_TYPE":"一般企业","PREMIUM_INCOME":null,"PREMIUM_INCOME_YOY":null,"NET_INTEREST_INCOME":null,"NET_INTEREST_INCOME_YOY":null,"FEE_COMMISSION_INCOME":null,"FEE_COMMISSION_INCOME_YOY":null,"ACCOUNTS_RECE_TDAYS":9.312180411695,"INVENTORY_TDAYS":3.004868631272,"CURRENT_ASSETS_TDAYS":1.267429882258,"TOTAL_ASSETS_TDAYS":0.762998319983,"PREMIUM_EXPENSE":null,"LOAN_DEPOSIT":null,"LOAN_EQUITY":null,"LOAN_ASSETS":null,"DEPOSIT_EQUITY":null,"DEPOSIT_ASSETS":null,"EQUITY_MULTIPLIER":2.00848048327,"EQUITY_RATIO":1.084537542165},{"SECUCODE":"02020.HK","SECURITY_CODE":"02020","SECURITY_NAME_ABBR":"安踏体育","ORG_CODE":"10093189","STD_REPORT_DATE":"2020-06-30 00:00:00","REPORT_DATE":"2020-06-30 00:00:00","DATE_TYPE_CODE":"002","REPORT_TYPE":"2020年中报","PER_NETCASH_OPERATE":0.886108592145,"PER_OI":5.427276383375,"BPS":7.582965468493,"BASIC_EPS":0.6163,"DILUTED_EPS":0.6135,"OPERATE_INCOME":14669000000,"OPERATE_INCOME_YOY":-0.9587468773,"GROSS_PROFIT":8339000000,"GROSS_PROFIT_YOY":0.445675740785,"HOLDER_PROFIT":1658000000,"HOLDER_PROFIT_YOY":-28.6267757211,"GROSS_PROFIT_RATIO":56.847774217738,"EPS_TTM":1.731203860844,"OPERATE_INCOME_QOQ":-0.41853527685,"NET_PROFIT_RATIO":12.1344331584,"ROE_AVG":8.015663902922,"GROSS_PROFIT_QOQ":0.19829622809,"ROA":3.654260456092,"HOLDER_PROFIT_QOQ":-12.443517657071,"ROE_YEARLY":16.031327805845,"ROIC_YEARLY":12.164497982339,"TOTAL_ASSETS":49525000000,"TOTAL_LIABILITIES":27155000000,"TAX_EBT":36.879432624114,"OCF_SALES":16.326947985548,"TOTAL_PARENT_EQUITY":21287000000,"DEBT_ASSET_RATIO":54.8308934881,"OPERATE_PROFIT":3604000000,"PRETAX_PROFIT":2820000000,"NETCASH_OPERATE":2395000000,"NETCASH_INVEST":-2953000000,"NETCASH_FINANCE":6681000000,"END_CASH":14596000000,"DIVI_RATIO":1.2240703986,"DIVIDEND_RATE":2.643221781055,"CURRENT_RATIO":2.634705787,"COMMON_ACS":5000000000,"CURRENTDEBT_DEBT":45.435463082305,"ISSUED_COMMON_SHARES":2807213100,"HK_COMMON_SHARES":2807213100,"PER_SHARES":200,"TOTAL_MARKET_CAP":247455834765,"HKSK_MARKET_CAP":247455834765,"PE_TTM":16.943012415621,"PB_TTM":3.941088040926,"REPORT_DATE_SQ":"2019-06-30 00:00:00","REPORT_TYPE_SQ":"2019年中报","OPERATE_INCOME_SQ":14811000000,"DPS_HKD":2.33,"OPERATE_INCOME_QOQ_SQ":17.664012908859,"NET_PROFIT_RATIO_SQ":17.4299160484,"HOLDER_PROFIT_SQ":2323000000,"HOLDER_PROFIT_QOQ_SQ":13.110358518641,"ROE_AVG_SQ":14.691093200623,"PE_TTM_SQ":23.497552430223,"PB_TTM_SQ":4.204250048647,"ROA_SQ":8.329646396628,"START_DATE":"2020-01-01 00:00:00","FISCAL_YEAR":"12-31","CURRENCY":"HKD","IS_CNY_CODE":0,"DPS_HKD_LY":0.57,"ORG_TYPE":"一般企业","PREMIUM_INCOME":null,"PREMIUM_INCOME_YOY":null,"NET_INTEREST_INCOME":null,"NET_INTEREST_INCOME_YOY":null,"FEE_COMMISSION_INCOME":null,"FEE_COMMISSION_INCOME_YOY":null,"ACCOUNTS_RECE_TDAYS":3.945931405514,"INVENTORY_TDAYS":1.34548006378,"CURRENT_ASSETS_TDAYS":0.52550866491,"TOTAL_ASSETS_TDAYS":0.323307277626,"PREMIUM_EXPENSE":null,"LOAN_DEPOSIT":null,"LOAN_EQUITY":null,"LOAN_ASSETS":null,"DEPOSIT_EQUITY":null,"DEPOSIT_ASSETS":null,"EQUITY_MULTIPLIER":2.213902548054,"EQUITY_RATIO":1.275661201672}],"count":39},"success":true,"message":"ok","code":0}