{"version":"38d5154a977a548665d32d18052f33f8","result":{"pages":4,"data":[{"SECUCODE":"02023.HK","SECURITY_CODE":"02023","SECURITY_NAME_ABBR":"中国绿岛科技","ORG_CODE":"10337028","STD_REPORT_DATE":"2024-06-30 00:00:00","REPORT_DATE":"2024-06-30 00:00:00","DATE_TYPE_CODE":"002","REPORT_TYPE":"2024年中报","PER_NETCASH_OPERATE":0.022063847092,"PER_OI":1.12439202928,"BPS":0.93515046767,"BASIC_EPS":0.08,"DILUTED_EPS":0.08,"OPERATE_INCOME":552976000,"OPERATE_INCOME_YOY":36.0809926223,"GROSS_PROFIT":65304000,"GROSS_PROFIT_YOY":-0.563388860127,"HOLDER_PROFIT":41617000,"HOLDER_PROFIT_YOY":37.5632168711,"GROSS_PROFIT_RATIO":11.809554121698,"EPS_TTM":0.111720211468,"OPERATE_INCOME_QOQ":20.77469029533,"NET_PROFIT_RATIO":7.5260047452,"ROE_AVG":9.577132889421,"GROSS_PROFIT_QOQ":-0.277963504143,"ROA":2.949427701035,"HOLDER_PROFIT_QOQ":26.076181734741,"ROE_YEARLY":19.154265778843,"ROIC_YEARLY":6.038163450591,"TOTAL_ASSETS":1433028000,"TOTAL_LIABILITIES":972739000,"TAX_EBT":9.153023357346,"OCF_SALES":1.962291311015,"TOTAL_PARENT_EQUITY":459907000,"DEBT_ASSET_RATIO":67.8799716405,"OPERATE_PROFIT":54883000,"PRETAX_PROFIT":45810000,"NETCASH_OPERATE":10851000,"NETCASH_INVEST":-45331000,"NETCASH_FINANCE":32313000,"END_CASH":32765000,"DIVI_RATIO":null,"DIVIDEND_RATE":null,"CURRENT_RATIO":0.801456095067,"COMMON_ACS":2000000000,"CURRENTDEBT_DEBT":65.038103746226,"ISSUED_COMMON_SHARES":491800000,"HK_COMMON_SHARES":491800000,"PER_SHARES":4000,"TOTAL_MARKET_CAP":467210000,"HKSK_MARKET_CAP":467210000,"PE_TTM":7.674848591354,"PB_TTM":0.927172717093,"REPORT_DATE_SQ":"2023-06-30 00:00:00","REPORT_TYPE_SQ":"2023年中报","OPERATE_INCOME_SQ":406358000,"DPS_HKD":null,"OPERATE_INCOME_QOQ_SQ":34.559875519215,"NET_PROFIT_RATIO_SQ":7.4449131062,"HOLDER_PROFIT_SQ":30253000,"HOLDER_PROFIT_QOQ_SQ":37.767125128802,"ROE_AVG_SQ":7.342640370081,"PE_TTM_SQ":15.081807240795,"PB_TTM_SQ":0.994456037377,"ROA_SQ":2.536859427901,"START_DATE":"2024-01-01 00:00:00","FISCAL_YEAR":"12-31","CURRENCY":"HKD","IS_CNY_CODE":0,"DPS_HKD_LY":null,"ORG_TYPE":"一般企业","PREMIUM_INCOME":null,"PREMIUM_INCOME_YOY":null,"NET_INTEREST_INCOME":null,"NET_INTEREST_INCOME_YOY":null,"FEE_COMMISSION_INCOME":null,"FEE_COMMISSION_INCOME_YOY":null,"ACCOUNTS_RECE_TDAYS":1.531952853698,"INVENTORY_TDAYS":9.487228371885,"CURRENT_ASSETS_TDAYS":1.099034675751,"TOTAL_ASSETS_TDAYS":0.39189819843,"PREMIUM_EXPENSE":null,"LOAN_DEPOSIT":null,"LOAN_EQUITY":null,"LOAN_ASSETS":null,"DEPOSIT_EQUITY":null,"DEPOSIT_ASSETS":null,"EQUITY_MULTIPLIER":3.113322282308,"EQUITY_RATIO":2.115077613518},{"SECUCODE":"02023.HK","SECURITY_CODE":"02023","SECURITY_NAME_ABBR":"中国绿岛科技","ORG_CODE":"10337028","STD_REPORT_DATE":"2023-12-31 00:00:00","REPORT_DATE":"2023-12-31 00:00:00","DATE_TYPE_CODE":"001","REPORT_TYPE":"2023年年报","PER_NETCASH_OPERATE":0.061010573404,"PER_OI":1.435040666938,"BPS":0.83201301342,"BASIC_EPS":0.09,"DILUTED_EPS":0.09,"OPERATE_INCOME":705753000,"OPERATE_INCOME_YOY":31.9902150922,"GROSS_PROFIT":133111000,"GROSS_PROFIT_YOY":59.653373313343,"HOLDER_PROFIT":43580000,"HOLDER_PROFIT_YOY":95.2421486493,"GROSS_PROFIT_RATIO":18.860847917048,"EPS_TTM":0.088613257422,"OPERATE_INCOME_QOQ":-1.909678064971,"NET_PROFIT_RATIO":6.1718476577,"ROE_AVG":11.148317647751,"GROSS_PROFIT_QOQ":16.309001625221,"ROA":3.432531227921,"HOLDER_PROFIT_QOQ":41.71896848883,"ROE_YEARLY":11.148317647751,"ROIC_YEARLY":3.550677199202,"TOTAL_ASSETS":1389011000,"TOTAL_LIABILITIES":979445000,"TAX_EBT":10.185987051012,"OCF_SALES":4.251487418403,"TOTAL_PARENT_EQUITY":409184000,"DEBT_ASSET_RATIO":70.5138404232,"OPERATE_PROFIT":58922000,"PRETAX_PROFIT":48498000,"NETCASH_OPERATE":30005000,"NETCASH_INVEST":-139951000,"NETCASH_FINANCE":94219000,"END_CASH":31579000,"DIVI_RATIO":null,"DIVIDEND_RATE":null,"CURRENT_RATIO":0.769516035309,"COMMON_ACS":2000000000,"CURRENTDEBT_DEBT":66.240268723614,"ISSUED_COMMON_SHARES":491800000,"HK_COMMON_SHARES":491800000,"PER_SHARES":4000,"TOTAL_MARKET_CAP":447538000,"HKSK_MARKET_CAP":447538000,"PE_TTM":7.351697071718,"PB_TTM":0.888133865847,"REPORT_DATE_SQ":"2022-12-31 00:00:00","REPORT_TYPE_SQ":"2022年年报","OPERATE_INCOME_SQ":534701000,"DPS_HKD":null,"OPERATE_INCOME_QOQ_SQ":38.585328177323,"NET_PROFIT_RATIO_SQ":4.1239870507,"HOLDER_PROFIT_SQ":22321000,"HOLDER_PROFIT_QOQ_SQ":-32.411809235428,"ROE_AVG_SQ":5.949141384393,"PE_TTM_SQ":13.558392367987,"PB_TTM_SQ":0.894005932592,"ROA_SQ":2.14215210422,"START_DATE":"2023-01-01 00:00:00","FISCAL_YEAR":"12-31","CURRENCY":"HKD","IS_CNY_CODE":0,"DPS_HKD_LY":null,"ORG_TYPE":"一般企业","PREMIUM_INCOME":null,"PREMIUM_INCOME_YOY":null,"NET_INTEREST_INCOME":null,"NET_INTEREST_INCOME_YOY":null,"FEE_COMMISSION_INCOME":null,"FEE_COMMISSION_INCOME_YOY":null,"ACCOUNTS_RECE_TDAYS":2.325656420531,"INVENTORY_TDAYS":11.620759981736,"CURRENT_ASSETS_TDAYS":1.611350526327,"TOTAL_ASSETS_TDAYS":0.55587866262,"PREMIUM_EXPENSE":null,"LOAN_DEPOSIT":null,"LOAN_EQUITY":null,"LOAN_ASSETS":null,"DEPOSIT_EQUITY":null,"DEPOSIT_ASSETS":null,"EQUITY_MULTIPLIER":3.391421651217,"EQUITY_RATIO":2.393654199578},{"SECUCODE":"02023.HK","SECURITY_CODE":"02023","SECURITY_NAME_ABBR":"中国绿岛科技","ORG_CODE":"10337028","STD_REPORT_DATE":"2023-06-30 00:00:00","REPORT_DATE":"2023-06-30 00:00:00","DATE_TYPE_CODE":"002","REPORT_TYPE":"2023年中报","PER_NETCASH_OPERATE":-0.079910532737,"PER_OI":0.826266775112,"BPS":0.917848718991,"BASIC_EPS":0.06,"DILUTED_EPS":0.06,"OPERATE_INCOME":406358000,"OPERATE_INCOME_YOY":83.4026881381,"GROSS_PROFIT":65674000,"GROSS_PROFIT_YOY":89.792792532439,"HOLDER_PROFIT":30253000,"HOLDER_PROFIT_YOY":38.6289694359,"GROSS_PROFIT_RATIO":16.161611190133,"EPS_TTM":0.062527450183,"OPERATE_INCOME_QOQ":34.559875519215,"NET_PROFIT_RATIO":7.4449131062,"ROE_AVG":7.342640370081,"GROSS_PROFIT_QOQ":37.266566716642,"ROA":2.536859427901,"HOLDER_PROFIT_QOQ":37.767125128802,"ROE_YEARLY":14.685280740162,"ROIC_YEARLY":5.272559961797,"TOTAL_ASSETS":1234852000,"TOTAL_LIABILITIES":781710000,"TAX_EBT":11.093805101681,"OCF_SALES":-9.671275082563,"TOTAL_PARENT_EQUITY":451398000,"DEBT_ASSET_RATIO":63.3039424968,"OPERATE_PROFIT":41413000,"PRETAX_PROFIT":34028000,"NETCASH_OPERATE":-39300000,"NETCASH_INVEST":-39449000,"NETCASH_FINANCE":26310000,"END_CASH":35673000,"DIVI_RATIO":null,"DIVIDEND_RATE":null,"CURRENT_RATIO":1.822832952256,"COMMON_ACS":2000000000,"CURRENTDEBT_DEBT":28.254083995344,"ISSUED_COMMON_SHARES":491800000,"HK_COMMON_SHARES":491800000,"PER_SHARES":4000,"TOTAL_MARKET_CAP":447538000,"HKSK_MARKET_CAP":447538000,"PE_TTM":7.351697071718,"PB_TTM":0.888133865847,"REPORT_DATE_SQ":"2022-06-30 00:00:00","REPORT_TYPE_SQ":"2022年中报","OPERATE_INCOME_SQ":221566000,"DPS_HKD":null,"OPERATE_INCOME_QOQ_SQ":-19.01124482312,"NET_PROFIT_RATIO_SQ":9.8494353827,"HOLDER_PROFIT_SQ":21823000,"HOLDER_PROFIT_QOQ_SQ":-6.958726581209,"ROE_AVG_SQ":5.598978878434,"PE_TTM_SQ":13.558392367987,"PB_TTM_SQ":0.894005932592,"ROA_SQ":2.164104211787,"START_DATE":"2023-01-01 00:00:00","FISCAL_YEAR":"12-31","CURRENCY":"HKD","IS_CNY_CODE":0,"DPS_HKD_LY":null,"ORG_TYPE":"一般企业","PREMIUM_INCOME":null,"PREMIUM_INCOME_YOY":null,"NET_INTEREST_INCOME":null,"NET_INTEREST_INCOME_YOY":null,"FEE_COMMISSION_INCOME":null,"FEE_COMMISSION_INCOME_YOY":null,"ACCOUNTS_RECE_TDAYS":1.57720424849,"INVENTORY_TDAYS":5.240123357097,"CURRENT_ASSETS_TDAYS":1.042846052674,"TOTAL_ASSETS_TDAYS":0.340750710145,"PREMIUM_EXPENSE":null,"LOAN_DEPOSIT":null,"LOAN_EQUITY":null,"LOAN_ASSETS":null,"DEPOSIT_EQUITY":null,"DEPOSIT_ASSETS":null,"EQUITY_MULTIPLIER":2.725088382895,"EQUITY_RATIO":1.731753352917},{"SECUCODE":"02023.HK","SECURITY_CODE":"02023","SECURITY_NAME_ABBR":"中国绿岛科技","ORG_CODE":"10337028","STD_REPORT_DATE":"2022-12-31 00:00:00","REPORT_DATE":"2022-12-31 00:00:00","DATE_TYPE_CODE":"001","REPORT_TYPE":"2022年年报","PER_NETCASH_OPERATE":0.08512403416,"PER_OI":1.087232614884,"BPS":0.757702318015,"BASIC_EPS":0.05,"DILUTED_EPS":0.05,"OPERATE_INCOME":534701000,"OPERATE_INCOME_YOY":12.2385321486,"GROSS_PROFIT":83375000,"GROSS_PROFIT_YOY":-35.161134787072,"HOLDER_PROFIT":22321000,"HOLDER_PROFIT_YOY":-37.1150866319,"GROSS_PROFIT_RATIO":15.592826645172,"EPS_TTM":0.045386335909,"OPERATE_INCOME_QOQ":38.585328177323,"NET_PROFIT_RATIO":4.1239870507,"ROE_AVG":5.949141384393,"GROSS_PROFIT_QOQ":5.49924711182,"ROA":2.14215210422,"HOLDER_PROFIT_QOQ":-32.411809235428,"ROE_YEARLY":5.949141384393,"ROIC_YEARLY":2.226338236644,"TOTAL_ASSETS":1150223000,"TOTAL_LIABILITIES":775841000,"TAX_EBT":10.854624838292,"OCF_SALES":7.829422424869,"TOTAL_PARENT_EQUITY":372638000,"DEBT_ASSET_RATIO":67.4513550851,"OPERATE_PROFIT":38640000,"PRETAX_PROFIT":24736000,"NETCASH_OPERATE":41864000,"NETCASH_INVEST":-157543000,"NETCASH_FINANCE":142017000,"END_CASH":50786000,"DIVI_RATIO":null,"DIVIDEND_RATE":null,"CURRENT_RATIO":1.409862017088,"COMMON_ACS":2000000000,"CURRENTDEBT_DEBT":34.440948596426,"ISSUED_COMMON_SHARES":491800000,"HK_COMMON_SHARES":491800000,"PER_SHARES":4000,"TOTAL_MARKET_CAP":447538000,"HKSK_MARKET_CAP":447538000,"PE_TTM":7.351697071718,"PB_TTM":0.888133865847,"REPORT_DATE_SQ":"2021-12-31 00:00:00","REPORT_TYPE_SQ":"2021年年报","OPERATE_INCOME_SQ":476397000,"DPS_HKD":null,"OPERATE_INCOME_QOQ_SQ":-22.525609480427,"NET_PROFIT_RATIO_SQ":7.3950927483,"HOLDER_PROFIT_SQ":35495000,"HOLDER_PROFIT_QOQ_SQ":-1.594122539507,"ROE_AVG_SQ":10.214300308199,"PE_TTM_SQ":13.558392367987,"PB_TTM_SQ":0.894005932592,"ROA_SQ":3.958511189388,"START_DATE":"2022-01-01 00:00:00","FISCAL_YEAR":"12-31","CURRENCY":"HKD","IS_CNY_CODE":0,"DPS_HKD_LY":null,"ORG_TYPE":"一般企业","PREMIUM_INCOME":null,"PREMIUM_INCOME_YOY":null,"NET_INTEREST_INCOME":null,"NET_INTEREST_INCOME_YOY":null,"FEE_COMMISSION_INCOME":null,"FEE_COMMISSION_INCOME_YOY":null,"ACCOUNTS_RECE_TDAYS":2.242614631282,"INVENTORY_TDAYS":8.453143290599,"CURRENT_ASSETS_TDAYS":1.470817516642,"TOTAL_ASSETS_TDAYS":0.513153923336,"PREMIUM_EXPENSE":null,"LOAN_DEPOSIT":null,"LOAN_EQUITY":null,"LOAN_ASSETS":null,"DEPOSIT_EQUITY":null,"DEPOSIT_ASSETS":null,"EQUITY_MULTIPLIER":3.072324524153,"EQUITY_RATIO":2.082023304118},{"SECUCODE":"02023.HK","SECURITY_CODE":"02023","SECURITY_NAME_ABBR":"中国绿岛科技","ORG_CODE":"10337028","STD_REPORT_DATE":"2022-06-30 00:00:00","REPORT_DATE":"2022-06-30 00:00:00","DATE_TYPE_CODE":"002","REPORT_TYPE":"2022年中报","PER_NETCASH_OPERATE":0.11,"PER_OI":0.450520536804,"BPS":0.816956079707,"BASIC_EPS":0.04,"DILUTED_EPS":0.04,"OPERATE_INCOME":221566000,"OPERATE_INCOME_YOY":-29.0159706537,"GROSS_PROFIT":34603000,"GROSS_PROFIT_YOY":-58.885245122502,"HOLDER_PROFIT":21823000,"HOLDER_PROFIT_YOY":-10.1675379739,"GROSS_PROFIT_RATIO":15.617468384138,"EPS_TTM":0.067151281009,"OPERATE_INCOME_QOQ":-19.01124482312,"NET_PROFIT_RATIO":9.8494353827,"ROE_AVG":5.598978878434,"GROSS_PROFIT_QOQ":-38.540921392354,"ROA":2.164104211787,"HOLDER_PROFIT_QOQ":-6.958726581209,"ROE_YEARLY":11.197957756868,"ROIC_YEARLY":4.599753181919,"TOTAL_ASSETS":1083060000,"TOTAL_LIABILITIES":679267000,"TAX_EBT":17.6117487164,"OCF_SALES":24.416201041676,"TOTAL_PARENT_EQUITY":401779000,"DEBT_ASSET_RATIO":62.7173933115,"OPERATE_PROFIT":30430000,"PRETAX_PROFIT":26488000,"NETCASH_OPERATE":61531000,"NETCASH_INVEST":-93498000,"NETCASH_FINANCE":86780000,"END_CASH":90775000,"DIVI_RATIO":null,"DIVIDEND_RATE":null,"CURRENT_RATIO":1.058492239356,"COMMON_ACS":2000000000,"CURRENTDEBT_DEBT":58.265601008146,"ISSUED_COMMON_SHARES":491800000,"HK_COMMON_SHARES":491800000,"PER_SHARES":4000,"TOTAL_MARKET_CAP":447538000,"HKSK_MARKET_CAP":447538000,"PE_TTM":7.351697071718,"PB_TTM":0.888133865847,"REPORT_DATE_SQ":"2021-06-30 00:00:00","REPORT_TYPE_SQ":"2021年中报","OPERATE_INCOME_SQ":312135000,"DPS_HKD":null,"OPERATE_INCOME_QOQ_SQ":8.585338633318,"NET_PROFIT_RATIO_SQ":7.7642686658,"HOLDER_PROFIT_SQ":24293000,"HOLDER_PROFIT_QOQ_SQ":-10.975639854876,"ROE_AVG_SQ":7.37037076366,"PE_TTM_SQ":13.558392367987,"PB_TTM_SQ":0.894005932592,"ROA_SQ":2.749117171599,"START_DATE":"2022-01-01 00:00:00","FISCAL_YEAR":"12-31","CURRENCY":"HKD","IS_CNY_CODE":0,"DPS_HKD_LY":null,"ORG_TYPE":"一般企业","PREMIUM_INCOME":null,"PREMIUM_INCOME_YOY":null,"NET_INTEREST_INCOME":null,"NET_INTEREST_INCOME_YOY":null,"FEE_COMMISSION_INCOME":null,"FEE_COMMISSION_INCOME_YOY":null,"ACCOUNTS_RECE_TDAYS":0.943044722757,"INVENTORY_TDAYS":3.299152991001,"CURRENT_ASSETS_TDAYS":0.576031738604,"TOTAL_ASSETS_TDAYS":0.219718605961,"PREMIUM_EXPENSE":null,"LOAN_DEPOSIT":null,"LOAN_EQUITY":null,"LOAN_ASSETS":null,"DEPOSIT_EQUITY":null,"DEPOSIT_ASSETS":null,"EQUITY_MULTIPLIER":2.68221588784,"EQUITY_RATIO":1.690648341501},{"SECUCODE":"02023.HK","SECURITY_CODE":"02023","SECURITY_NAME_ABBR":"中国绿岛科技","ORG_CODE":"10337028","STD_REPORT_DATE":"2021-12-31 00:00:00","REPORT_DATE":"2021-12-31 00:00:00","DATE_TYPE_CODE":"001","REPORT_TYPE":"2021年年报","PER_NETCASH_OPERATE":-0.002027246848,"PER_OI":0.968680357869,"BPS":0.768108987393,"BASIC_EPS":0.07,"DILUTED_EPS":0.07,"OPERATE_INCOME":476397000,"OPERATE_INCOME_YOY":-15.8741707002,"GROSS_PROFIT":128588000,"GROSS_PROFIT_YOY":-28.96475527566,"HOLDER_PROFIT":35495000,"HOLDER_PROFIT_YOY":-12.3947972456,"GROSS_PROFIT_RATIO":26.99177366776,"EPS_TTM":0.072173647824,"OPERATE_INCOME_QOQ":-22.525609480427,"NET_PROFIT_RATIO":7.3950927483,"ROE_AVG":10.214300308199,"GROSS_PROFIT_QOQ":-30.653033269157,"ROA":3.958511189388,"HOLDER_PROFIT_QOQ":-1.594122539507,"ROE_YEARLY":10.214300308199,"ROIC_YEARLY":4.1664612488,"TOTAL_ASSETS":933756000,"TOTAL_LIABILITIES":553986000,"TAX_EBT":12.030563324011,"OCF_SALES":-0.209279235596,"TOTAL_PARENT_EQUITY":377756000,"DEBT_ASSET_RATIO":59.3287753974,"OPERATE_PROFIT":59653000,"PRETAX_PROFIT":40048000,"NETCASH_OPERATE":6436000,"NETCASH_INVEST":-110160000,"NETCASH_FINANCE":68613000,"END_CASH":24259000,"DIVI_RATIO":null,"DIVIDEND_RATE":null,"CURRENT_RATIO":0.739580892551,"COMMON_ACS":2000000000,"CURRENTDEBT_DEBT":85.511366713238,"ISSUED_COMMON_SHARES":491800000,"HK_COMMON_SHARES":491800000,"PER_SHARES":4000,"TOTAL_MARKET_CAP":447538000,"HKSK_MARKET_CAP":447538000,"PE_TTM":7.351697071718,"PB_TTM":0.888133865847,"REPORT_DATE_SQ":"2020-12-31 00:00:00","REPORT_TYPE_SQ":"2020年年报","OPERATE_INCOME_SQ":566291000,"DPS_HKD":null,"OPERATE_INCOME_QOQ_SQ":23.698880292181,"NET_PROFIT_RATIO_SQ":7.1397920857,"HOLDER_PROFIT_SQ":40517000,"HOLDER_PROFIT_QOQ_SQ":3.041631698075,"ROE_AVG_SQ":12.575596508244,"PE_TTM_SQ":13.558392367987,"PB_TTM_SQ":0.894005932592,"ROA_SQ":5.046284908286,"START_DATE":"2021-01-01 00:00:00","FISCAL_YEAR":"12-31","CURRENCY":"HKD","IS_CNY_CODE":0,"DPS_HKD_LY":null,"ORG_TYPE":"一般企业","PREMIUM_INCOME":null,"PREMIUM_INCOME_YOY":null,"NET_INTEREST_INCOME":null,"NET_INTEREST_INCOME_YOY":null,"FEE_COMMISSION_INCOME":null,"FEE_COMMISSION_INCOME_YOY":null,"ACCOUNTS_RECE_TDAYS":2.151130999013,"INVENTORY_TDAYS":5.534173992601,"CURRENT_ASSETS_TDAYS":1.292819838559,"TOTAL_ASSETS_TDAYS":0.531292535594,"PREMIUM_EXPENSE":null,"LOAN_DEPOSIT":null,"LOAN_EQUITY":null,"LOAN_ASSETS":null,"DEPOSIT_EQUITY":null,"DEPOSIT_ASSETS":null,"EQUITY_MULTIPLIER":2.458740816809,"EQUITY_RATIO":1.466518069865},{"SECUCODE":"02023.HK","SECURITY_CODE":"02023","SECURITY_NAME_ABBR":"中国绿岛科技","ORG_CODE":"10337028","STD_REPORT_DATE":"2021-06-30 00:00:00","REPORT_DATE":"2021-06-30 00:00:00","DATE_TYPE_CODE":"002","REPORT_TYPE":"2021年中报","PER_NETCASH_OPERATE":0.120760471736,"PER_OI":0.634678731192,"BPS":0.695317202115,"BASIC_EPS":0.05,"DILUTED_EPS":0.05,"OPERATE_INCOME":312135000,"OPERATE_INCOME_YOY":18.4496635891,"GROSS_PROFIT":84162000,"GROSS_PROFIT_YOY":5.525672371638,"HOLDER_PROFIT":24293000,"HOLDER_PROFIT_YOY":-15.4732080724,"GROSS_PROFIT_RATIO":26.963333173146,"EPS_TTM":0.073342822285,"OPERATE_INCOME_QOQ":8.585338633318,"NET_PROFIT_RATIO":7.7642686658,"ROE_AVG":7.37037076366,"GROSS_PROFIT_QOQ":2.434537620152,"ROA":2.749117171599,"HOLDER_PROFIT_QOQ":-10.975639854876,"ROE_YEARLY":14.74074152732,"ROIC_YEARLY":5.849837397493,"TOTAL_ASSETS":907736000,"TOTAL_LIABILITIES":563558000,"TAX_EBT":21.330260338895,"OCF_SALES":19.027023563522,"TOTAL_PARENT_EQUITY":341957000,"DEBT_ASSET_RATIO":62.0839098593,"OPERATE_PROFIT":38257000,"PRETAX_PROFIT":30806000,"NETCASH_OPERATE":59390000,"NETCASH_INVEST":-52545000,"NETCASH_FINANCE":-8476000,"END_CASH":40770000,"DIVI_RATIO":null,"DIVIDEND_RATE":null,"CURRENT_RATIO":0.684850503873,"COMMON_ACS":2000000000,"CURRENTDEBT_DEBT":98.006238931929,"ISSUED_COMMON_SHARES":491800000,"HK_COMMON_SHARES":491800000,"PER_SHARES":4000,"TOTAL_MARKET_CAP":447538000,"HKSK_MARKET_CAP":447538000,"PE_TTM":7.351697071718,"PB_TTM":0.888133865847,"REPORT_DATE_SQ":"2020-06-30 00:00:00","REPORT_TYPE_SQ":"2020年中报","OPERATE_INCOME_SQ":263517000,"DPS_HKD":null,"OPERATE_INCOME_QOQ_SQ":10.96035173955,"NET_PROFIT_RATIO_SQ":10.9063172395,"HOLDER_PROFIT_SQ":28740000,"HOLDER_PROFIT_QOQ_SQ":65.548164365106,"ROE_AVG_SQ":8.464268359128,"PE_TTM_SQ":13.558392367987,"PB_TTM_SQ":0.894005932592,"ROA_SQ":3.737646843093,"START_DATE":"2021-01-01 00:00:00","FISCAL_YEAR":"12-31","CURRENCY":"HKD","IS_CNY_CODE":0,"DPS_HKD_LY":null,"ORG_TYPE":"一般企业","PREMIUM_INCOME":null,"PREMIUM_INCOME_YOY":null,"NET_INTEREST_INCOME":null,"NET_INTEREST_INCOME_YOY":null,"FEE_COMMISSION_INCOME":null,"FEE_COMMISSION_INCOME_YOY":null,"ACCOUNTS_RECE_TDAYS":1.370570077412,"INVENTORY_TDAYS":3.904148649227,"CURRENT_ASSETS_TDAYS":0.816154437489,"TOTAL_ASSETS_TDAYS":0.35322755047,"PREMIUM_EXPENSE":null,"LOAN_DEPOSIT":null,"LOAN_EQUITY":null,"LOAN_ASSETS":null,"DEPOSIT_EQUITY":null,"DEPOSIT_ASSETS":null,"EQUITY_MULTIPLIER":2.637402739283,"EQUITY_RATIO":1.648037618765},{"SECUCODE":"02023.HK","SECURITY_CODE":"02023","SECURITY_NAME_ABBR":"中国绿岛科技","ORG_CODE":"10337028","STD_REPORT_DATE":"2020-12-31 00:00:00","REPORT_DATE":"2020-12-31 00:00:00","DATE_TYPE_CODE":"001","REPORT_TYPE":"2020年年报","PER_NETCASH_OPERATE":0.027627084181,"PER_OI":1.151466043107,"BPS":0.645079300529,"BASIC_EPS":0.08,"DILUTED_EPS":0.08,"OPERATE_INCOME":566291000,"OPERATE_INCOME_YOY":37.2567126701,"GROSS_PROFIT":181020000,"GROSS_PROFIT_YOY":59.466506924134,"HOLDER_PROFIT":40517000,"HOLDER_PROFIT_YOY":70.583529808,"GROSS_PROFIT_RATIO":31.965897391977,"EPS_TTM":0.082385115901,"OPERATE_INCOME_QOQ":23.698880292181,"NET_PROFIT_RATIO":7.1397920857,"ROE_AVG":12.575596508244,"GROSS_PROFIT_QOQ":35.669692041341,"ROA":5.046284908286,"HOLDER_PROFIT_QOQ":3.041631698075,"ROE_YEARLY":12.575596508244,"ROIC_YEARLY":5.827742366523,"TOTAL_ASSETS":859595000,"TOTAL_LIABILITIES":532819000,"TAX_EBT":23.871210694784,"OCF_SALES":2.399296474781,"TOTAL_PARENT_EQUITY":317250000,"DEBT_ASSET_RATIO":61.9848882322,"OPERATE_PROFIT":74720000,"PRETAX_PROFIT":53110000,"NETCASH_OPERATE":13587000,"NETCASH_INVEST":-77501000,"NETCASH_FINANCE":64811000,"END_CASH":53708000,"DIVI_RATIO":null,"DIVIDEND_RATE":null,"CURRENT_RATIO":0.742921156595,"COMMON_ACS":2000000000,"CURRENTDEBT_DEBT":97.673694068718,"ISSUED_COMMON_SHARES":491800000,"HK_COMMON_SHARES":491800000,"PER_SHARES":4000,"TOTAL_MARKET_CAP":447538000,"HKSK_MARKET_CAP":447538000,"PE_TTM":7.351697071718,"PB_TTM":0.888133865847,"REPORT_DATE_SQ":"2019-12-31 00:00:00","REPORT_TYPE_SQ":"2019年年报","OPERATE_INCOME_SQ":412578000,"DPS_HKD":null,"OPERATE_INCOME_QOQ_SQ":-0.943797132835,"NET_PROFIT_RATIO_SQ":5.756972015,"HOLDER_PROFIT_SQ":23752000,"HOLDER_PROFIT_QOQ_SQ":-0.260351054002,"ROE_AVG_SQ":6.64325640391,"PE_TTM_SQ":13.558392367987,"PB_TTM_SQ":0.894005932592,"ROA_SQ":3.07981561562,"START_DATE":"2020-01-01 00:00:00","FISCAL_YEAR":"12-31","CURRENCY":"HKD","IS_CNY_CODE":0,"DPS_HKD_LY":null,"ORG_TYPE":"一般企业","PREMIUM_INCOME":null,"PREMIUM_INCOME_YOY":null,"NET_INTEREST_INCOME":null,"NET_INTEREST_INCOME_YOY":null,"FEE_COMMISSION_INCOME":null,"FEE_COMMISSION_INCOME_YOY":null,"ACCOUNTS_RECE_TDAYS":2.783994847832,"INVENTORY_TDAYS":7.167099180549,"CURRENT_ASSETS_TDAYS":1.402640860769,"TOTAL_ASSETS_TDAYS":0.705300423772,"PREMIUM_EXPENSE":null,"LOAN_DEPOSIT":null,"LOAN_EQUITY":null,"LOAN_ASSETS":null,"DEPOSIT_EQUITY":null,"DEPOSIT_ASSETS":null,"EQUITY_MULTIPLIER":2.630532842066,"EQUITY_RATIO":1.67949251379},{"SECUCODE":"02023.HK","SECURITY_CODE":"02023","SECURITY_NAME_ABBR":"中国绿岛科技","ORG_CODE":"10337028","STD_REPORT_DATE":"2020-06-30 00:00:00","REPORT_DATE":"2020-06-30 00:00:00","DATE_TYPE_CODE":"002","REPORT_TYPE":"2020年中报","PER_NETCASH_OPERATE":0.023969093127,"PER_OI":0.535821472143,"BPS":0.71566693778,"BASIC_EPS":0.06,"DILUTED_EPS":0.06,"OPERATE_INCOME":263517000,"OPERATE_INCOME_YOY":20.7148975936,"GROSS_PROFIT":79755000,"GROSS_PROFIT_YOY":33.27150591538,"HOLDER_PROFIT":28740000,"HOLDER_PROFIT_YOY":118.2066661605,"GROSS_PROFIT_RATIO":30.265599562837,"EPS_TTM":0.079953233022,"OPERATE_INCOME_QOQ":10.96035173955,"NET_PROFIT_RATIO":10.9063172395,"ROE_AVG":8.464268359128,"GROSS_PROFIT_QOQ":17.540258641954,"ROA":3.737646843093,"HOLDER_PROFIT_QOQ":65.548164365106,"ROE_YEARLY":16.928536718255,"ROIC_YEARLY":8.934039186673,"TOTAL_ASSETS":791646000,"TOTAL_LIABILITIES":439681000,"TAX_EBT":19.765494137353,"OCF_SALES":4.473335686123,"TOTAL_PARENT_EQUITY":351965000,"DEBT_ASSET_RATIO":55.5401025206,"OPERATE_PROFIT":44600000,"PRETAX_PROFIT":35820000,"NETCASH_OPERATE":11788000,"NETCASH_INVEST":-33399000,"NETCASH_FINANCE":13957000,"END_CASH":40067000,"DIVI_RATIO":null,"DIVIDEND_RATE":null,"CURRENT_RATIO":0.925803635464,"COMMON_ACS":2000000000,"CURRENTDEBT_DEBT":99.259008235516,"ISSUED_COMMON_SHARES":491800000,"HK_COMMON_SHARES":491800000,"PER_SHARES":4000,"TOTAL_MARKET_CAP":447538000,"HKSK_MARKET_CAP":447538000,"PE_TTM":7.351697071718,"PB_TTM":0.888133865847,"REPORT_DATE_SQ":"2019-06-30 00:00:00","REPORT_TYPE_SQ":"2019年中报","OPERATE_INCOME_SQ":218297000,"DPS_HKD":null,"OPERATE_INCOME_QOQ_SQ":2.82979506082,"NET_PROFIT_RATIO_SQ":6.0335231359,"HOLDER_PROFIT_SQ":13171000,"HOLDER_PROFIT_QOQ_SQ":2.474288910883,"ROE_AVG_SQ":3.337527097928,"PE_TTM_SQ":13.558392367987,"PB_TTM_SQ":0.894005932592,"ROA_SQ":1.617785693449,"START_DATE":"2020-01-01 00:00:00","FISCAL_YEAR":"12-31","CURRENCY":"HKD","IS_CNY_CODE":0,"DPS_HKD_LY":null,"ORG_TYPE":"一般企业","PREMIUM_INCOME":null,"PREMIUM_INCOME_YOY":null,"NET_INTEREST_INCOME":null,"NET_INTEREST_INCOME_YOY":null,"FEE_COMMISSION_INCOME":null,"FEE_COMMISSION_INCOME_YOY":null,"ACCOUNTS_RECE_TDAYS":1.22579159631,"INVENTORY_TDAYS":4.627425305012,"CURRENT_ASSETS_TDAYS":0.638928221591,"TOTAL_ASSETS_TDAYS":0.342704761013,"PREMIUM_EXPENSE":null,"LOAN_DEPOSIT":null,"LOAN_EQUITY":null,"LOAN_ASSETS":null,"DEPOSIT_EQUITY":null,"DEPOSIT_ASSETS":null,"EQUITY_MULTIPLIER":2.249217962015,"EQUITY_RATIO":1.249217962013}],"count":28},"success":true,"message":"ok","code":0}