{"version":"df9d2747b31f9cc22b6c91be72dfdb66","result":{"pages":3,"data":[{"SECUCODE":"02022.HK","SECURITY_CODE":"02022","SECURITY_NAME_ABBR":"游莱互动","ORG_CODE":"10695887","STD_REPORT_DATE":"2024-06-30 00:00:00","REPORT_DATE":"2024-06-30 00:00:00","DATE_TYPE_CODE":"002","REPORT_TYPE":"2024年中报","PER_NETCASH_OPERATE":0.005789851517,"PER_OI":0.016127510102,"BPS":0.093094669526,"BASIC_EPS":-0.0071268,"DILUTED_EPS":-0.0071268,"OPERATE_INCOME":32255020.2036,"OPERATE_INCOME_YOY":-5.3349968835,"GROSS_PROFIT":14415948.504,"GROSS_PROFIT_YOY":7.325089203392,"HOLDER_PROFIT":-13640509.9032,"HOLDER_PROFIT_YOY":25.8800029741,"GROSS_PROFIT_RATIO":44.693658267779,"EPS_TTM":-0.017927679843,"OPERATE_INCOME_QOQ":-3.2645040132,"NET_PROFIT_RATIO":-42.2895717228,"ROE_AVG":-7.048322949559,"GROSS_PROFIT_QOQ":3.387076197483,"ROA":-5.272311204242,"HOLDER_PROFIT_QOQ":12.277832312602,"ROE_YEARLY":-14.096645899118,"ROIC_YEARLY":-28.159289140426,"TOTAL_ASSETS":246896041.4832,"TOTAL_LIABILITIES":60706702.4316,"TAX_EBT":-3.468400894143,"OCF_SALES":35.90046746741,"TOTAL_PARENT_EQUITY":186189339.0516,"DEBT_ASSET_RATIO":24.5879610167,"OPERATE_PROFIT":-12532990.9296,"PRETAX_PROFIT":-13183261.542,"NETCASH_OPERATE":11579703.0348,"NETCASH_INVEST":-1885900.9428,"NETCASH_FINANCE":-1450432.0824,"END_CASH":165041949.7776,"DIVI_RATIO":null,"DIVIDEND_RATE":null,"CURRENT_RATIO":3.633249094477,"COMMON_ACS":4000000000,"CURRENTDEBT_DEBT":94.631681972725,"ISSUED_COMMON_SHARES":2000000000,"HK_COMMON_SHARES":2000000000,"PER_SHARES":4000,"TOTAL_MARKET_CAP":114000000,"HKSK_MARKET_CAP":114000000,"PE_TTM":-2.863511447574,"PB_TTM":0.558815668956,"REPORT_DATE_SQ":"2023-06-30 00:00:00","REPORT_TYPE_SQ":"2023年中报","OPERATE_INCOME_SQ":34546116.252,"DPS_HKD":null,"OPERATE_INCOME_QOQ_SQ":-8.695635131648,"NET_PROFIT_RATIO_SQ":-54.0116378787,"HOLDER_PROFIT_SQ":-18658923.2112,"HOLDER_PROFIT_QOQ_SQ":-13.720075640424,"ROE_AVG_SQ":-7.879953401951,"PE_TTM_SQ":-1.854520256241,"PB_TTM_SQ":0.383913798937,"ROA_SQ":-6.066309328979,"START_DATE":"2024-01-01 00:00:00","FISCAL_YEAR":"12-31","CURRENCY":"HKD","IS_CNY_CODE":0,"DPS_HKD_LY":null,"ORG_TYPE":"一般企业","PREMIUM_INCOME":null,"PREMIUM_INCOME_YOY":null,"NET_INTEREST_INCOME":null,"NET_INTEREST_INCOME_YOY":null,"FEE_COMMISSION_INCOME":null,"FEE_COMMISSION_INCOME_YOY":null,"ACCOUNTS_RECE_TDAYS":3.793005711872,"INVENTORY_TDAYS":null,"CURRENT_ASSETS_TDAYS":0.147179342301,"TOTAL_ASSETS_TDAYS":0.124671662291,"PREMIUM_EXPENSE":null,"LOAN_DEPOSIT":null,"LOAN_EQUITY":null,"LOAN_ASSETS":null,"DEPOSIT_EQUITY":null,"DEPOSIT_ASSETS":null,"EQUITY_MULTIPLIER":1.326048219199,"EQUITY_RATIO":0.326048219199},{"SECUCODE":"02022.HK","SECURITY_CODE":"02022","SECURITY_NAME_ABBR":"游莱互动","ORG_CODE":"10695887","STD_REPORT_DATE":"2023-12-31 00:00:00","REPORT_DATE":"2023-12-31 00:00:00","DATE_TYPE_CODE":"001","REPORT_TYPE":"2023年年报","PER_NETCASH_OPERATE":-0.008749723227,"PER_OI":0.03509102821,"BPS":0.099812301683,"BASIC_EPS":-0.02195637,"DILUTED_EPS":-0.02195637,"OPERATE_INCOME":70182056.4207,"OPERATE_INCOME_YOY":-11.069726542,"GROSS_PROFIT":29048914.953,"GROSS_PROFIT_YOY":-10.474777858569,"HOLDER_PROFIT":-40873772.9937,"HOLDER_PROFIT_YOY":1.5781957026,"GROSS_PROFIT_RATIO":41.390800490184,"EPS_TTM":-0.020436886497,"OPERATE_INCOME_QOQ":-0.94856850329,"NET_PROFIT_RATIO":-58.2396342858,"ROE_AVG":-18.471838919158,"GROSS_PROFIT_QOQ":1.561186995224,"ROA":-14.031152131711,"HOLDER_PROFIT_QOQ":11.984968065922,"ROE_YEARLY":-18.471838919158,"ROIC_YEARLY":-33.007587088508,"TOTAL_ASSETS":268869342.3513,"TOTAL_LIABILITIES":69244738.9854,"TAX_EBT":-2.573230715033,"OCF_SALES":-24.934359786783,"TOTAL_PARENT_EQUITY":199624603.3659,"DEBT_ASSET_RATIO":25.7540478136,"OPERATE_PROFIT":-40615070.2935,"PRETAX_PROFIT":-39848382.1839,"NETCASH_OPERATE":-17499446.4537,"NETCASH_INVEST":-450842.1858,"NETCASH_FINANCE":-2354664.8631,"END_CASH":157653776.8038,"DIVI_RATIO":null,"DIVIDEND_RATE":null,"CURRENT_RATIO":3.532775773245,"COMMON_ACS":4000000000,"CURRENTDEBT_DEBT":93.271445436768,"ISSUED_COMMON_SHARES":2000000000,"HK_COMMON_SHARES":2000000000,"PER_SHARES":4000,"TOTAL_MARKET_CAP":102000000,"HKSK_MARKET_CAP":102000000,"PE_TTM":-2.562089189934,"PB_TTM":0.499992966961,"REPORT_DATE_SQ":"2022-12-31 00:00:00","REPORT_TYPE_SQ":"2022年年报","OPERATE_INCOME_SQ":77602157.0666,"DPS_HKD":null,"OPERATE_INCOME_QOQ_SQ":-7.163122479299,"NET_PROFIT_RATIO_SQ":-52.6231625208,"HOLDER_PROFIT_SQ":-40836709.2328,"HOLDER_PROFIT_QOQ_SQ":-48.487117517056,"ROE_AVG_SQ":-15.533935827791,"PE_TTM_SQ":-1.617772989487,"PB_TTM_SQ":0.334903526733,"ROA_SQ":-12.17774175169,"START_DATE":"2023-01-01 00:00:00","FISCAL_YEAR":"12-31","CURRENCY":"HKD","IS_CNY_CODE":0,"DPS_HKD_LY":null,"ORG_TYPE":"一般企业","PREMIUM_INCOME":null,"PREMIUM_INCOME_YOY":null,"NET_INTEREST_INCOME":null,"NET_INTEREST_INCOME_YOY":null,"FEE_COMMISSION_INCOME":null,"FEE_COMMISSION_INCOME_YOY":null,"ACCOUNTS_RECE_TDAYS":9.434238425161,"INVENTORY_TDAYS":null,"CURRENT_ASSETS_TDAYS":0.288520903732,"TOTAL_ASSETS_TDAYS":0.240921020603,"PREMIUM_EXPENSE":null,"LOAN_DEPOSIT":null,"LOAN_EQUITY":null,"LOAN_ASSETS":null,"DEPOSIT_EQUITY":null,"DEPOSIT_ASSETS":null,"EQUITY_MULTIPLIER":1.346874773037,"EQUITY_RATIO":0.346874773038},{"SECUCODE":"02022.HK","SECURITY_CODE":"02022","SECURITY_NAME_ABBR":"游莱互动","ORG_CODE":"10695887","STD_REPORT_DATE":"2023-06-30 00:00:00","REPORT_DATE":"2023-06-30 00:00:00","DATE_TYPE_CODE":"002","REPORT_TYPE":"2023年中报","PER_NETCASH_OPERATE":-0.006555697373,"PER_OI":0.017273058126,"BPS":0.112871848125,"BASIC_EPS":-0.01011612,"DILUTED_EPS":-0.01011612,"OPERATE_INCOME":34546116.252,"OPERATE_INCOME_YOY":-22.2969195323,"GROSS_PROFIT":13432039.62,"GROSS_PROFIT_YOY":-22.256615769133,"HOLDER_PROFIT":-18658923.2112,"HOLDER_PROFIT_YOY":-32.7395789265,"GROSS_PROFIT_RATIO":38.881475191071,"EPS_TTM":-0.023219768314,"OPERATE_INCOME_QOQ":-8.695635131648,"NET_PROFIT_RATIO":-54.0116378787,"ROE_AVG":-7.879953401951,"GROSS_PROFIT_QOQ":-11.850949373365,"ROA":-6.066309328979,"HOLDER_PROFIT_QOQ":-13.720075640424,"ROE_YEARLY":-15.759906803902,"ROIC_YEARLY":-27.523327018999,"TOTAL_ASSETS":295081316.9214,"TOTAL_LIABILITIES":69337620.672,"TAX_EBT":-2.941875280051,"OCF_SALES":-37.95331043686,"TOTAL_PARENT_EQUITY":225743696.2494,"DEBT_ASSET_RATIO":23.4978010114,"OPERATE_PROFIT":-18503915.3496,"PRETAX_PROFIT":-18125688.0744,"NETCASH_OPERATE":-13111394.745,"NETCASH_INVEST":-251566.227,"NETCASH_FINANCE":-2131921.7094,"END_CASH":163112954.7504,"DIVI_RATIO":null,"DIVIDEND_RATE":null,"CURRENT_RATIO":3.799646918681,"COMMON_ACS":4000000000,"CURRENTDEBT_DEBT":92.216554256845,"ISSUED_COMMON_SHARES":2000000000,"HK_COMMON_SHARES":2000000000,"PER_SHARES":4000,"TOTAL_MARKET_CAP":102000000,"HKSK_MARKET_CAP":102000000,"PE_TTM":-2.562089189934,"PB_TTM":0.499992966961,"REPORT_DATE_SQ":"2022-06-30 00:00:00","REPORT_TYPE_SQ":"2022年中报","OPERATE_INCOME_SQ":41294116.6848,"DPS_HKD":null,"OPERATE_INCOME_QOQ_SQ":2.801063746061,"NET_PROFIT_RATIO_SQ":-31.6173267855,"HOLDER_PROFIT_SQ":-13056095.8154,"HOLDER_PROFIT_QOQ_SQ":-28.077346268332,"ROE_AVG_SQ":-4.867541187739,"PE_TTM_SQ":-1.617772989487,"PB_TTM_SQ":0.334903526733,"ROA_SQ":-3.865929561765,"START_DATE":"2023-01-01 00:00:00","FISCAL_YEAR":"12-31","CURRENCY":"HKD","IS_CNY_CODE":0,"DPS_HKD_LY":null,"ORG_TYPE":"一般企业","PREMIUM_INCOME":null,"PREMIUM_INCOME_YOY":null,"NET_INTEREST_INCOME":null,"NET_INTEREST_INCOME_YOY":null,"FEE_COMMISSION_INCOME":null,"FEE_COMMISSION_INCOME_YOY":null,"ACCOUNTS_RECE_TDAYS":3.963835044025,"INVENTORY_TDAYS":null,"CURRENT_ASSETS_TDAYS":0.136410907794,"TOTAL_ASSETS_TDAYS":0.112314855969,"PREMIUM_EXPENSE":null,"LOAN_DEPOSIT":null,"LOAN_EQUITY":null,"LOAN_ASSETS":null,"DEPOSIT_EQUITY":null,"DEPOSIT_ASSETS":null,"EQUITY_MULTIPLIER":1.307151968467,"EQUITY_RATIO":0.307151968467},{"SECUCODE":"02022.HK","SECURITY_CODE":"02022","SECURITY_NAME_ABBR":"游莱互动","ORG_CODE":"10695887","STD_REPORT_DATE":"2022-12-31 00:00:00","REPORT_DATE":"2022-12-31 00:00:00","DATE_TYPE_CODE":"001","REPORT_TYPE":"2022年年报","PER_NETCASH_OPERATE":-0.01032106709,"PER_OI":0.038801078533,"BPS":0.119438502302,"BASIC_EPS":-0.02228672,"DILUTED_EPS":-0.02228672,"OPERATE_INCOME":77602157.0666,"OPERATE_INCOME_YOY":-12.6325160723,"GROSS_PROFIT":32447744.0638,"GROSS_PROFIT_YOY":-5.986711727733,"HOLDER_PROFIT":-40836709.2328,"HOLDER_PROFIT_YOY":-74.0976032685,"GROSS_PROFIT_RATIO":41.812940890229,"EPS_TTM":-0.020418354616,"OPERATE_INCOME_QOQ":-7.163122479299,"NET_PROFIT_RATIO":-52.6231625208,"ROE_AVG":-15.533935827791,"GROSS_PROFIT_QOQ":-3.942113720906,"ROA":-12.17774175169,"HOLDER_PROFIT_QOQ":-48.487117517056,"ROE_YEARLY":-15.533935827791,"ROIC_YEARLY":-30.392848697576,"TOTAL_ASSETS":308513769.5444,"TOTAL_LIABILITIES":69636764.9404,"TAX_EBT":-1.69118558851,"OCF_SALES":-26.599948969569,"TOTAL_PARENT_EQUITY":238877004.604,"DEBT_ASSET_RATIO":22.5716878191,"OPERATE_PROFIT":-38353467.1736,"PRETAX_PROFIT":-40157570.193,"NETCASH_OPERATE":-20642134.179,"NETCASH_INVEST":-19392162.594,"NETCASH_FINANCE":-2270111.37,"END_CASH":174341621.1194,"DIVI_RATIO":null,"DIVIDEND_RATE":null,"CURRENT_RATIO":4.029814316949,"COMMON_ACS":4000000000,"CURRENTDEBT_DEBT":90.520533022679,"ISSUED_COMMON_SHARES":2000000000,"HK_COMMON_SHARES":2000000000,"PER_SHARES":4000,"TOTAL_MARKET_CAP":102000000,"HKSK_MARKET_CAP":102000000,"PE_TTM":-2.562089189934,"PB_TTM":0.499992966961,"REPORT_DATE_SQ":"2021-12-31 00:00:00","REPORT_TYPE_SQ":"2021年年报","OPERATE_INCOME_SQ":81312190.2921,"DPS_HKD":null,"OPERATE_INCOME_QOQ_SQ":-3.282252936458,"NET_PROFIT_RATIO_SQ":-26.407906941,"HOLDER_PROFIT_SQ":-21472847.544,"HOLDER_PROFIT_QOQ_SQ":-3.176908067593,"ROE_AVG_SQ":-7.805224795118,"PE_TTM_SQ":-1.617772989487,"PB_TTM_SQ":0.334903526733,"ROA_SQ":-6.221164032746,"START_DATE":"2022-01-01 00:00:00","FISCAL_YEAR":"12-31","CURRENCY":"HKD","IS_CNY_CODE":0,"DPS_HKD_LY":null,"ORG_TYPE":"一般企业","PREMIUM_INCOME":null,"PREMIUM_INCOME_YOY":null,"NET_INTEREST_INCOME":null,"NET_INTEREST_INCOME_YOY":null,"FEE_COMMISSION_INCOME":null,"FEE_COMMISSION_INCOME_YOY":null,"ACCOUNTS_RECE_TDAYS":11.339058305365,"INVENTORY_TDAYS":null,"CURRENT_ASSETS_TDAYS":0.273809565497,"TOTAL_ASSETS_TDAYS":0.231414099198,"PREMIUM_EXPENSE":null,"LOAN_DEPOSIT":null,"LOAN_EQUITY":null,"LOAN_ASSETS":null,"DEPOSIT_EQUITY":null,"DEPOSIT_ASSETS":null,"EQUITY_MULTIPLIER":1.291517239409,"EQUITY_RATIO":0.291517239409},{"SECUCODE":"02022.HK","SECURITY_CODE":"02022","SECURITY_NAME_ABBR":"游莱互动","ORG_CODE":"10695887","STD_REPORT_DATE":"2022-06-30 00:00:00","REPORT_DATE":"2022-06-30 00:00:00","DATE_TYPE_CODE":"002","REPORT_TYPE":"2022年中报","PER_NETCASH_OPERATE":-0.007712942222,"PER_OI":0.020647058342,"BPS":0.129994284451,"BASIC_EPS":-0.0067114,"DILUTED_EPS":-0.0067114,"OPERATE_INCOME":41294116.6848,"OPERATE_INCOME_YOY":1.8745899986,"GROSS_PROFIT":17277405.3418,"GROSS_PROFIT_YOY":-4.078564358385,"HOLDER_PROFIT":-13056095.8154,"HOLDER_PROFIT_YOY":-78.8396974355,"GROSS_PROFIT_RATIO":41.839871460817,"EPS_TTM":-0.013750926651,"OPERATE_INCOME_QOQ":2.801063746061,"NET_PROFIT_RATIO":-31.6173267855,"ROE_AVG":-4.867541187739,"GROSS_PROFIT_QOQ":-2.128506139399,"ROA":-3.865929561765,"HOLDER_PROFIT_QOQ":-28.077346268332,"ROE_YEARLY":-9.735082375478,"ROIC_YEARLY":-18.809771734048,"TOTAL_ASSETS":326446542.9742,"TOTAL_LIABILITIES":66457974.0728,"TAX_EBT":-7.787638470331,"OCF_SALES":-37.356131290437,"TOTAL_PARENT_EQUITY":259988568.9014,"DEBT_ASSET_RATIO":20.357995973,"OPERATE_PROFIT":-9258027.3072,"PRETAX_PROFIT":-12112795.1226,"NETCASH_OPERATE":-15425884.444,"NETCASH_INVEST":-19692281.1556,"NETCASH_FINANCE":-1908071.1542,"END_CASH":178463474.983,"DIVI_RATIO":null,"DIVIDEND_RATE":null,"CURRENT_RATIO":4.365943440629,"COMMON_ACS":4000000000,"CURRENTDEBT_DEBT":88.464351341493,"ISSUED_COMMON_SHARES":2000000000,"HK_COMMON_SHARES":2000000000,"PER_SHARES":4000,"TOTAL_MARKET_CAP":102000000,"HKSK_MARKET_CAP":102000000,"PE_TTM":-2.562089189934,"PB_TTM":0.499992966961,"REPORT_DATE_SQ":"2021-06-30 00:00:00","REPORT_TYPE_SQ":"2021年中报","OPERATE_INCOME_SQ":39016510.4014,"DPS_HKD":null,"OPERATE_INCOME_QOQ_SQ":-26.583988527626,"NET_PROFIT_RATIO_SQ":-18.0105549792,"HOLDER_PROFIT_SQ":-7027090.0568,"HOLDER_PROFIT_QOQ_SQ":12.349660471223,"ROE_AVG_SQ":-2.455919957774,"PE_TTM_SQ":-1.617772989487,"PB_TTM_SQ":0.334903526733,"ROA_SQ":-1.956933636212,"START_DATE":"2022-01-01 00:00:00","FISCAL_YEAR":"12-31","CURRENCY":"HKD","IS_CNY_CODE":0,"DPS_HKD_LY":null,"ORG_TYPE":"一般企业","PREMIUM_INCOME":null,"PREMIUM_INCOME_YOY":null,"NET_INTEREST_INCOME":null,"NET_INTEREST_INCOME_YOY":null,"FEE_COMMISSION_INCOME":null,"FEE_COMMISSION_INCOME_YOY":null,"ACCOUNTS_RECE_TDAYS":5.113079594782,"INVENTORY_TDAYS":null,"CURRENT_ASSETS_TDAYS":0.147975780708,"TOTAL_ASSETS_TDAYS":0.122272499127,"PREMIUM_EXPENSE":null,"LOAN_DEPOSIT":null,"LOAN_EQUITY":null,"LOAN_ASSETS":null,"DEPOSIT_EQUITY":null,"DEPOSIT_ASSETS":null,"EQUITY_MULTIPLIER":1.255618831064,"EQUITY_RATIO":0.255618831065},{"SECUCODE":"02022.HK","SECURITY_CODE":"02022","SECURITY_NAME_ABBR":"游莱互动","ORG_CODE":"10695887","STD_REPORT_DATE":"2021-12-31 00:00:00","REPORT_DATE":"2021-12-31 00:00:00","DATE_TYPE_CODE":"001","REPORT_TYPE":"2021年年报","PER_NETCASH_OPERATE":0.005873508426,"PER_OI":0.040656095146,"BPS":0.13131910702,"BASIC_EPS":-0.01147626,"DILUTED_EPS":-0.01147626,"OPERATE_INCOME":81312190.2921,"OPERATE_INCOME_YOY":-27.3320440115,"GROSS_PROFIT":34513997.6062,"GROSS_PROFIT_YOY":-42.255765842921,"HOLDER_PROFIT":-21472847.544,"HOLDER_PROFIT_YOY":7.4487905952,"GROSS_PROFIT_RATIO":42.446277098445,"EPS_TTM":-0.010736423772,"OPERATE_INCOME_QOQ":-3.282252936458,"NET_PROFIT_RATIO":-26.407906941,"ROE_AVG":-7.805224795118,"GROSS_PROFIT_QOQ":-13.431660492753,"ROA":-6.221164032746,"HOLDER_PROFIT_QOQ":-3.176908067593,"ROE_YEARLY":-7.805224795118,"ROIC_YEARLY":-15.42175118419,"TOTAL_ASSETS":331540882.1171,"TOTAL_LIABILITIES":68902668.0775,"TAX_EBT":-5.538952413274,"OCF_SALES":14.446809032816,"TOTAL_PARENT_EQUITY":262638214.0396,"DEBT_ASSET_RATIO":20.7825555743,"OPERATE_PROFIT":-21071312.3337,"PRETAX_PROFIT":-20345897.9391,"NETCASH_OPERATE":11747016.8519,"NETCASH_INVEST":22440697.9311,"NETCASH_FINANCE":-1963964.2523,"END_CASH":201988895.9878,"DIVI_RATIO":null,"DIVIDEND_RATE":null,"CURRENT_RATIO":4.762381725053,"COMMON_ACS":4000000000,"CURRENTDEBT_DEBT":87.267803730427,"ISSUED_COMMON_SHARES":2000000000,"HK_COMMON_SHARES":2000000000,"PER_SHARES":4000,"TOTAL_MARKET_CAP":106000000,"HKSK_MARKET_CAP":106000000,"PE_TTM":-2.662563275814,"PB_TTM":0.519600534293,"REPORT_DATE_SQ":"2020-12-31 00:00:00","REPORT_TYPE_SQ":"2020年年报","OPERATE_INCOME_SQ":114514030.7688,"DPS_HKD":null,"OPERATE_INCOME_QOQ_SQ":-13.818603868588,"NET_PROFIT_RATIO_SQ":-20.7345601605,"HOLDER_PROFIT_SQ":-23743980.602,"HOLDER_PROFIT_QOQ_SQ":-37.007451519307,"ROE_AVG_SQ":-7.878181642467,"PE_TTM_SQ":-1.736146622864,"PB_TTM_SQ":0.359408662835,"ROA_SQ":-6.295345844613,"START_DATE":"2021-01-01 00:00:00","FISCAL_YEAR":"12-31","CURRENCY":"HKD","IS_CNY_CODE":0,"DPS_HKD_LY":null,"ORG_TYPE":"一般企业","PREMIUM_INCOME":null,"PREMIUM_INCOME_YOY":null,"NET_INTEREST_INCOME":null,"NET_INTEREST_INCOME_YOY":null,"FEE_COMMISSION_INCOME":null,"FEE_COMMISSION_INCOME_YOY":null,"ACCOUNTS_RECE_TDAYS":11.017806866512,"INVENTORY_TDAYS":null,"CURRENT_ASSETS_TDAYS":0.275714805184,"TOTAL_ASSETS_TDAYS":0.235579595409,"PREMIUM_EXPENSE":null,"LOAN_DEPOSIT":null,"LOAN_EQUITY":null,"LOAN_ASSETS":null,"DEPOSIT_EQUITY":null,"DEPOSIT_ASSETS":null,"EQUITY_MULTIPLIER":1.262348220458,"EQUITY_RATIO":0.262348220458},{"SECUCODE":"02022.HK","SECURITY_CODE":"02022","SECURITY_NAME_ABBR":"游莱互动","ORG_CODE":"10695887","STD_REPORT_DATE":"2021-06-30 00:00:00","REPORT_DATE":"2021-06-30 00:00:00","DATE_TYPE_CODE":"002","REPORT_TYPE":"2021年中报","PER_NETCASH_OPERATE":0.013319905767,"PER_OI":0.019508255201,"BPS":0.140435645543,"BASIC_EPS":-0.00387606,"DILUTED_EPS":-0.00387606,"OPERATE_INCOME":39016510.4014,"OPERATE_INCOME_YOY":-38.442096148,"GROSS_PROFIT":18012037.8998,"GROSS_PROFIT_YOY":-52.491664860484,"HOLDER_PROFIT":-7027090.0568,"HOLDER_PROFIT_YOY":22.6774656968,"GROSS_PROFIT_RATIO":46.165168833637,"EPS_TTM":-0.010405839808,"OPERATE_INCOME_QOQ":-26.583988527626,"NET_PROFIT_RATIO":-18.0105549792,"ROE_AVG":-2.455919957774,"GROSS_PROFIT_QOQ":-33.296359285896,"ROA":-1.956933636212,"HOLDER_PROFIT_QOQ":12.349660471223,"ROE_YEARLY":-4.911839915547,"ROIC_YEARLY":-9.985559847982,"TOTAL_ASSETS":354648998.7976,"TOTAL_LIABILITIES":73777707.7121,"TAX_EBT":-17.429346541195,"OCF_SALES":68.27830387836,"TOTAL_PARENT_EQUITY":280871291.0855,"DEBT_ASSET_RATIO":20.8030215684,"OPERATE_PROFIT":-5374137.8097,"PRETAX_PROFIT":-5984100.4517,"NETCASH_OPERATE":26639811.5346,"NETCASH_INVEST":12239641.3852,"NETCASH_FINANCE":-1179866.2039,"END_CASH":210482409.7112,"DIVI_RATIO":null,"DIVIDEND_RATE":null,"CURRENT_RATIO":4.783351087502,"COMMON_ACS":4000000000,"CURRENTDEBT_DEBT":86.96573475063,"ISSUED_COMMON_SHARES":2000000000,"HK_COMMON_SHARES":2000000000,"PER_SHARES":4000,"TOTAL_MARKET_CAP":102000000,"HKSK_MARKET_CAP":102000000,"PE_TTM":-2.562089189934,"PB_TTM":0.499992966961,"REPORT_DATE_SQ":"2020-06-30 00:00:00","REPORT_TYPE_SQ":"2020年中报","OPERATE_INCOME_SQ":69458907.2035,"DPS_HKD":null,"OPERATE_INCOME_QOQ_SQ":6.29497902537,"NET_PROFIT_RATIO_SQ":-14.3385369055,"HOLDER_PROFIT_SQ":-9959391.0435,"HOLDER_PROFIT_QOQ_SQ":56.884662863512,"ROE_AVG_SQ":-3.02538028841,"PE_TTM_SQ":-1.617772989487,"PB_TTM_SQ":0.334903526733,"ROA_SQ":-2.407931486443,"START_DATE":"2021-01-01 00:00:00","FISCAL_YEAR":"12-31","CURRENCY":"HKD","IS_CNY_CODE":0,"DPS_HKD_LY":null,"ORG_TYPE":"一般企业","PREMIUM_INCOME":null,"PREMIUM_INCOME_YOY":null,"NET_INTEREST_INCOME":null,"NET_INTEREST_INCOME_YOY":null,"FEE_COMMISSION_INCOME":null,"FEE_COMMISSION_INCOME_YOY":null,"ACCOUNTS_RECE_TDAYS":3.290045586931,"INVENTORY_TDAYS":null,"CURRENT_ASSETS_TDAYS":0.127008866122,"TOTAL_ASSETS_TDAYS":0.108654821491,"PREMIUM_EXPENSE":null,"LOAN_DEPOSIT":null,"LOAN_EQUITY":null,"LOAN_ASSETS":null,"DEPOSIT_EQUITY":null,"DEPOSIT_ASSETS":null,"EQUITY_MULTIPLIER":1.262674435065,"EQUITY_RATIO":0.262674435066},{"SECUCODE":"02022.HK","SECURITY_CODE":"02022","SECURITY_NAME_ABBR":"游莱互动","ORG_CODE":"10695887","STD_REPORT_DATE":"2020-12-31 00:00:00","REPORT_DATE":"2020-12-31 00:00:00","DATE_TYPE_CODE":"001","REPORT_TYPE":"2020年年报","PER_NETCASH_OPERATE":0.021414979534,"PER_OI":0.057257015384,"BPS":0.147154399326,"BASIC_EPS":-0.0130498,"DILUTED_EPS":-0.0130498,"OPERATE_INCOME":114514030.7688,"OPERATE_INCOME_YOY":-2.0574654072,"GROSS_PROFIT":59770465.5885,"GROSS_PROFIT_YOY":2.039151242077,"HOLDER_PROFIT":-23743980.602,"HOLDER_PROFIT_YOY":36.8430662192,"GROSS_PROFIT_RATIO":52.194884056762,"EPS_TTM":-0.011871990301,"OPERATE_INCOME_QOQ":-13.818603868588,"NET_PROFIT_RATIO":-20.7345601605,"ROE_AVG":-7.878181642467,"GROSS_PROFIT_QOQ":-12.506830836195,"ROA":-6.295345844613,"HOLDER_PROFIT_QOQ":-37.007451519307,"ROE_YEARLY":-7.878181642467,"ROIC_YEARLY":-12.467831088775,"TOTAL_ASSETS":367171012.8218,"TOTAL_LIABILITIES":72862214.1706,"TAX_EBT":-5.82383244904,"OCF_SALES":37.4014946287,"TOTAL_PARENT_EQUITY":294308798.6512,"DEBT_ASSET_RATIO":19.8442174426,"OPERATE_PROFIT":-23156204.5602,"PRETAX_PROFIT":-22437271.5035,"NETCASH_OPERATE":42829959.0671,"NETCASH_INVEST":-32964440.7651,"NETCASH_FINANCE":-2075635.939,"END_CASH":175613775.0849,"DIVI_RATIO":null,"DIVIDEND_RATE":null,"CURRENT_RATIO":4.987289166972,"COMMON_ACS":4000000000,"CURRENTDEBT_DEBT":85.465434394151,"ISSUED_COMMON_SHARES":2000000000,"HK_COMMON_SHARES":2000000000,"PER_SHARES":4000,"TOTAL_MARKET_CAP":106000000,"HKSK_MARKET_CAP":106000000,"PE_TTM":-2.662563275814,"PB_TTM":0.519600534293,"REPORT_DATE_SQ":"2019-12-31 00:00:00","REPORT_TYPE_SQ":"2019年年报","OPERATE_INCOME_SQ":125006451.0618,"DPS_HKD":null,"OPERATE_INCOME_QOQ_SQ":-6.777176255737,"NET_PROFIT_RATIO_SQ":-32.1547493556,"HOLDER_PROFIT_SQ":-40195511.0172,"HOLDER_PROFIT_QOQ_SQ":1.747582435619,"ROE_AVG_SQ":-11.460307097244,"PE_TTM_SQ":-1.736146622864,"PB_TTM_SQ":0.359408662835,"ROA_SQ":-9.363658654451,"START_DATE":"2020-01-01 00:00:00","FISCAL_YEAR":"12-31","CURRENCY":"HKD","IS_CNY_CODE":0,"DPS_HKD_LY":null,"ORG_TYPE":"一般企业","PREMIUM_INCOME":null,"PREMIUM_INCOME_YOY":null,"NET_INTEREST_INCOME":null,"NET_INTEREST_INCOME_YOY":null,"FEE_COMMISSION_INCOME":null,"FEE_COMMISSION_INCOME_YOY":null,"ACCOUNTS_RECE_TDAYS":9.979632812904,"INVENTORY_TDAYS":null,"CURRENT_ASSETS_TDAYS":0.364131804199,"TOTAL_ASSETS_TDAYS":0.303616078464,"PREMIUM_EXPENSE":null,"LOAN_DEPOSIT":null,"LOAN_EQUITY":null,"LOAN_ASSETS":null,"DEPOSIT_EQUITY":null,"DEPOSIT_ASSETS":null,"EQUITY_MULTIPLIER":1.247570628212,"EQUITY_RATIO":0.247570628213},{"SECUCODE":"02022.HK","SECURITY_CODE":"02022","SECURITY_NAME_ABBR":"游莱互动","ORG_CODE":"10695887","STD_REPORT_DATE":"2020-06-30 00:00:00","REPORT_DATE":"2020-06-30 00:00:00","DATE_TYPE_CODE":"002","REPORT_TYPE":"2020年中报","PER_NETCASH_OPERATE":0.007219415698,"PER_OI":0.034729453602,"BPS":0.161850424598,"BASIC_EPS":-0.0056636,"DILUTED_EPS":-0.0056636,"OPERATE_INCOME":69458907.2035,"OPERATE_INCOME_YOY":9.5142106668,"GROSS_PROFIT":37913426.869,"GROSS_PROFIT_YOY":34.564059216584,"HOLDER_PROFIT":-9959391.0435,"HOLDER_PROFIT_YOY":70.5363734552,"GROSS_PROFIT_RATIO":54.583966830808,"EPS_TTM":-0.008665215044,"OPERATE_INCOME_QOQ":6.29497902537,"NET_PROFIT_RATIO":-14.3385369055,"ROE_AVG":-3.02538028841,"GROSS_PROFIT_QOQ":16.625277398557,"ROA":-2.407931486443,"HOLDER_PROFIT_QOQ":56.884662863512,"ROE_YEARLY":-6.050760576819,"ROIC_YEARLY":-8.744774003376,"TOTAL_ASSETS":407144154.691,"TOTAL_LIABILITIES":83443305.495,"TAX_EBT":-8.19911566703,"OCF_SALES":20.787587910356,"TOTAL_PARENT_EQUITY":323700849.196,"DEBT_ASSET_RATIO":20.4947816476,"OPERATE_PROFIT":-9469517.9615,"PRETAX_PROFIT":-9204688.0255,"NETCASH_OPERATE":14438831.3965,"NETCASH_INVEST":-723680.649,"NETCASH_FINANCE":-1116430.0705,"END_CASH":192402070.5635,"DIVI_RATIO":null,"DIVIDEND_RATE":null,"CURRENT_RATIO":4.848743007263,"COMMON_ACS":4000000000,"CURRENTDEBT_DEBT":85.965998705311,"ISSUED_COMMON_SHARES":2000000000,"HK_COMMON_SHARES":2000000000,"PER_SHARES":4000,"TOTAL_MARKET_CAP":102000000,"HKSK_MARKET_CAP":102000000,"PE_TTM":-2.562089189934,"PB_TTM":0.499992966961,"REPORT_DATE_SQ":"2019-06-30 00:00:00","REPORT_TYPE_SQ":"2019年中报","OPERATE_INCOME_SQ":61589777.3288,"DPS_HKD":null,"OPERATE_INCOME_QOQ_SQ":-19.134674572587,"NET_PROFIT_RATIO_SQ":-53.2953249639,"HOLDER_PROFIT_SQ":-32824471.9719,"HOLDER_PROFIT_QOQ_SQ":-736.091896035551,"ROE_AVG_SQ":-9.364647472535,"PE_TTM_SQ":-1.617772989487,"PB_TTM_SQ":0.334903526733,"ROA_SQ":-7.674867963851,"START_DATE":"2020-01-01 00:00:00","FISCAL_YEAR":"12-31","CURRENCY":"HKD","IS_CNY_CODE":0,"DPS_HKD_LY":null,"ORG_TYPE":"一般企业","PREMIUM_INCOME":null,"PREMIUM_INCOME_YOY":null,"NET_INTEREST_INCOME":null,"NET_INTEREST_INCOME_YOY":null,"FEE_COMMISSION_INCOME":null,"FEE_COMMISSION_INCOME_YOY":null,"ACCOUNTS_RECE_TDAYS":4.186635271687,"INVENTORY_TDAYS":null,"CURRENT_ASSETS_TDAYS":0.20037784602,"TOTAL_ASSETS_TDAYS":0.167934253147,"PREMIUM_EXPENSE":null,"LOAN_DEPOSIT":null,"LOAN_EQUITY":null,"LOAN_ASSETS":null,"DEPOSIT_EQUITY":null,"DEPOSIT_ASSETS":null,"EQUITY_MULTIPLIER":1.257779075038,"EQUITY_RATIO":0.257779075039}],"count":21},"success":true,"message":"ok","code":0}