{"version":"1a5c5164adf617a51d9f36b2eb3f0f71","result":{"pages":3,"data":[{"SECUCODE":"02025.HK","SECURITY_CODE":"02025","SECURITY_NAME_ABBR":"瑞丰动力","ORG_CODE":"10716700","STD_REPORT_DATE":"2024-06-30 00:00:00","REPORT_DATE":"2024-06-30 00:00:00","DATE_TYPE_CODE":"002","REPORT_TYPE":"2024年中报","PER_NETCASH_OPERATE":0.02511875,"PER_OI":0.53871375,"BPS":1.23521875,"BASIC_EPS":0.0176,"DILUTED_EPS":0.0176,"OPERATE_INCOME":430971000,"OPERATE_INCOME_YOY":26.0410787035,"GROSS_PROFIT":51111000,"GROSS_PROFIT_YOY":1.493278262078,"HOLDER_PROFIT":14062000,"HOLDER_PROFIT_YOY":17.3789649416,"GROSS_PROFIT_RATIO":11.859498666964,"EPS_TTM":0.0166875,"OPERATE_INCOME_QOQ":12.392986929478,"NET_PROFIT_RATIO":3.2628645547,"ROE_AVG":1.425456491747,"GROSS_PROFIT_QOQ":0.857409983353,"ROA":0.829584950897,"HOLDER_PROFIT_QOQ":18.477103301384,"ROE_YEARLY":2.850912983494,"ROIC_YEARLY":1.713483231638,"TOTAL_ASSETS":1750989000,"TOTAL_LIABILITIES":762814000,"TAX_EBT":18.039284257155,"OCF_SALES":4.662726726392,"TOTAL_PARENT_EQUITY":988175000,"DEBT_ASSET_RATIO":43.5647511207,"OPERATE_PROFIT":22401000,"PRETAX_PROFIT":17157000,"NETCASH_OPERATE":20095000,"NETCASH_INVEST":-51290000,"NETCASH_FINANCE":51566000,"END_CASH":40904000,"DIVI_RATIO":0.814579775281,"DIVIDEND_RATE":0.625,"CURRENT_RATIO":1.271407935758,"COMMON_ACS":10000000000,"CURRENTDEBT_DEBT":77.412973542699,"ISSUED_COMMON_SHARES":800000000,"HK_COMMON_SHARES":800000000,"PER_SHARES":2000,"TOTAL_MARKET_CAP":1920000000,"HKSK_MARKET_CAP":1920000000,"PE_TTM":129.313269259885,"PB_TTM":1.773315050472,"REPORT_DATE_SQ":"2023-06-30 00:00:00","REPORT_TYPE_SQ":"2023年中报","OPERATE_INCOME_SQ":341929000,"DPS_HKD":0.015,"OPERATE_INCOME_QOQ_SQ":9.690800966549,"NET_PROFIT_RATIO_SQ":3.5036513428,"HOLDER_PROFIT_SQ":11980000,"HOLDER_PROFIT_QOQ_SQ":-2.023319615912,"ROE_AVG_SQ":1.208739651806,"PE_TTM_SQ":67.437415383261,"PB_TTM_SQ":1.33071450479,"ROA_SQ":0.730933273053,"START_DATE":"2024-01-01 00:00:00","FISCAL_YEAR":"12-31","CURRENCY":"HKD","IS_CNY_CODE":0,"DPS_HKD_LY":0.015,"ORG_TYPE":"一般企业","PREMIUM_INCOME":null,"PREMIUM_INCOME_YOY":null,"NET_INTEREST_INCOME":null,"NET_INTEREST_INCOME_YOY":null,"FEE_COMMISSION_INCOME":null,"FEE_COMMISSION_INCOME_YOY":null,"ACCOUNTS_RECE_TDAYS":1.262792864594,"INVENTORY_TDAYS":1.291900201339,"CURRENT_ASSETS_TDAYS":0.62070366031,"TOTAL_ASSETS_TDAYS":0.254250501972,"PREMIUM_EXPENSE":null,"LOAN_DEPOSIT":null,"LOAN_EQUITY":null,"LOAN_ASSETS":null,"DEPOSIT_EQUITY":null,"DEPOSIT_ASSETS":null,"EQUITY_MULTIPLIER":1.771942216714,"EQUITY_RATIO":0.771942216713},{"SECUCODE":"02025.HK","SECURITY_CODE":"02025","SECURITY_NAME_ABBR":"瑞丰动力","ORG_CODE":"10716700","STD_REPORT_DATE":"2023-12-31 00:00:00","REPORT_DATE":"2023-12-31 00:00:00","DATE_TYPE_CODE":"001","REPORT_TYPE":"2023年年报","PER_NETCASH_OPERATE":0.16178375,"PER_OI":0.89810875,"BPS":1.23100875,"BASIC_EPS":0.014,"DILUTED_EPS":0.014,"OPERATE_INCOME":718487000,"OPERATE_INCOME_YOY":19.6507168348,"GROSS_PROFIT":87706000,"GROSS_PROFIT_YOY":-10.013748384052,"HOLDER_PROFIT":11268000,"HOLDER_PROFIT_YOY":-44.7971781305,"GROSS_PROFIT_RATIO":12.207040628432,"EPS_TTM":0.014085,"OPERATE_INCOME_QOQ":9.079991923228,"NET_PROFIT_RATIO":1.5682955989,"ROE_AVG":1.144343355816,"GROSS_PROFIT_QOQ":-13.676046495605,"ROA":0.694880834844,"HOLDER_PROFIT_QOQ":-43.657182859143,"ROE_YEARLY":1.144343355816,"ROIC_YEARLY":0.706227215507,"TOTAL_ASSETS":1639140000,"TOTAL_LIABILITIES":654333000,"TAX_EBT":11.658173265386,"OCF_SALES":18.013826276606,"TOTAL_PARENT_EQUITY":984807000,"DEBT_ASSET_RATIO":39.9192869432,"OPERATE_PROFIT":22761000,"PRETAX_PROFIT":12755000,"NETCASH_OPERATE":129427000,"NETCASH_INVEST":-100819000,"NETCASH_FINANCE":-19551000,"END_CASH":20555000,"DIVI_RATIO":0.965090521832,"DIVIDEND_RATE":0.980392156863,"CURRENT_RATIO":1.321017108514,"COMMON_ACS":10000000000,"CURRENTDEBT_DEBT":73.794077327599,"ISSUED_COMMON_SHARES":800000000,"HK_COMMON_SHARES":800000000,"PER_SHARES":2000,"TOTAL_MARKET_CAP":1224000000,"HKSK_MARKET_CAP":1224000000,"PE_TTM":82.437209153176,"PB_TTM":1.130488344676,"REPORT_DATE_SQ":"2022-12-31 00:00:00","REPORT_TYPE_SQ":"2022年年报","OPERATE_INCOME_SQ":600487000,"DPS_HKD":0.015,"OPERATE_INCOME_QOQ_SQ":1.462579689134,"NET_PROFIT_RATIO_SQ":3.3992409494,"HOLDER_PROFIT_SQ":20412000,"HOLDER_PROFIT_QOQ_SQ":27.567027060809,"ROE_AVG_SQ":2.084209752452,"PE_TTM_SQ":61.81763076799,"PB_TTM_SQ":1.219821629391,"ROA_SQ":1.310275345904,"START_DATE":"2023-01-01 00:00:00","FISCAL_YEAR":"12-31","CURRENCY":"HKD","IS_CNY_CODE":0,"DPS_HKD_LY":0.015,"ORG_TYPE":"一般企业","PREMIUM_INCOME":null,"PREMIUM_INCOME_YOY":null,"NET_INTEREST_INCOME":null,"NET_INTEREST_INCOME_YOY":null,"FEE_COMMISSION_INCOME":null,"FEE_COMMISSION_INCOME_YOY":null,"ACCOUNTS_RECE_TDAYS":2.256983503461,"INVENTORY_TDAYS":2.309821247114,"CURRENT_ASSETS_TDAYS":1.147687810488,"TOTAL_ASSETS_TDAYS":0.443080268357,"PREMIUM_EXPENSE":null,"LOAN_DEPOSIT":null,"LOAN_EQUITY":null,"LOAN_ASSETS":null,"DEPOSIT_EQUITY":null,"DEPOSIT_ASSETS":null,"EQUITY_MULTIPLIER":1.664427649277,"EQUITY_RATIO":0.664427649275},{"SECUCODE":"02025.HK","SECURITY_CODE":"02025","SECURITY_NAME_ABBR":"瑞丰动力","ORG_CODE":"10716700","STD_REPORT_DATE":"2023-06-30 00:00:00","REPORT_DATE":"2023-06-30 00:00:00","DATE_TYPE_CODE":"002","REPORT_TYPE":"2023年中报","PER_NETCASH_OPERATE":0.07751,"PER_OI":0.42741125,"BPS":1.2471225,"BASIC_EPS":0.015,"DILUTED_EPS":0.015,"OPERATE_INCOME":341929000,"OPERATE_INCOME_YOY":20.5091334581,"GROSS_PROFIT":50359000,"GROSS_PROFIT_YOY":8.945569401177,"HOLDER_PROFIT":11980000,"HOLDER_PROFIT_YOY":-3.3325264262,"GROSS_PROFIT_RATIO":14.727911350017,"EPS_TTM":0.02499875,"OPERATE_INCOME_QOQ":9.690800966549,"NET_PROFIT_RATIO":3.5036513428,"ROE_AVG":1.208739651806,"GROSS_PROFIT_QOQ":4.242505078694,"ROA":0.730933273053,"HOLDER_PROFIT_QOQ":-2.023319615912,"ROE_YEARLY":2.417479303613,"ROIC_YEARLY":1.502035207555,"TOTAL_ASSETS":1673995000,"TOTAL_LIABILITIES":676297000,"TAX_EBT":6.690552223693,"OCF_SALES":18.13475897043,"TOTAL_PARENT_EQUITY":997698000,"DEBT_ASSET_RATIO":40.4001804068,"OPERATE_PROFIT":18087000,"PRETAX_PROFIT":12839000,"NETCASH_OPERATE":62008000,"NETCASH_INVEST":-46923000,"NETCASH_FINANCE":49882000,"END_CASH":76113000,"DIVI_RATIO":0.543759187959,"DIVIDEND_RATE":0.980392156863,"CURRENT_RATIO":1.291173757501,"COMMON_ACS":10000000000,"CURRENTDEBT_DEBT":80.307764192359,"ISSUED_COMMON_SHARES":800000000,"HK_COMMON_SHARES":800000000,"PER_SHARES":2000,"TOTAL_MARKET_CAP":1224000000,"HKSK_MARKET_CAP":1224000000,"PE_TTM":82.437209153176,"PB_TTM":1.130488344676,"REPORT_DATE_SQ":"2022-06-30 00:00:00","REPORT_TYPE_SQ":"2022年中报","OPERATE_INCOME_SQ":283737000,"DPS_HKD":0.015,"OPERATE_INCOME_QOQ_SQ":-12.93568493725,"NET_PROFIT_RATIO_SQ":4.3677772021,"HOLDER_PROFIT_SQ":12393000,"HOLDER_PROFIT_QOQ_SQ":-56.24555646705,"ROE_AVG_SQ":1.263384531007,"PE_TTM_SQ":61.81763076799,"PB_TTM_SQ":1.219821629391,"ROA_SQ":0.796375217199,"START_DATE":"2023-01-01 00:00:00","FISCAL_YEAR":"12-31","CURRENCY":"HKD","IS_CNY_CODE":0,"DPS_HKD_LY":0.015,"ORG_TYPE":"一般企业","PREMIUM_INCOME":null,"PREMIUM_INCOME_YOY":null,"NET_INTEREST_INCOME":null,"NET_INTEREST_INCOME_YOY":null,"FEE_COMMISSION_INCOME":null,"FEE_COMMISSION_INCOME_YOY":null,"ACCOUNTS_RECE_TDAYS":1.015527129412,"INVENTORY_TDAYS":1.100741831361,"CURRENT_ASSETS_TDAYS":0.51986383429,"TOTAL_ASSETS_TDAYS":0.208620436662,"PREMIUM_EXPENSE":null,"LOAN_DEPOSIT":null,"LOAN_EQUITY":null,"LOAN_ASSETS":null,"DEPOSIT_EQUITY":null,"DEPOSIT_ASSETS":null,"EQUITY_MULTIPLIER":1.6778574278,"EQUITY_RATIO":0.677857427799},{"SECUCODE":"02025.HK","SECURITY_CODE":"02025","SECURITY_NAME_ABBR":"瑞丰动力","ORG_CODE":"10716700","STD_REPORT_DATE":"2022-12-31 00:00:00","REPORT_DATE":"2022-12-31 00:00:00","DATE_TYPE_CODE":"001","REPORT_TYPE":"2022年年报","PER_NETCASH_OPERATE":0.11689625,"PER_OI":0.75060875,"BPS":1.230665,"BASIC_EPS":0.026,"DILUTED_EPS":0.026,"OPERATE_INCOME":600487000,"OPERATE_INCOME_YOY":-11.6622999487,"GROSS_PROFIT":97466000,"GROSS_PROFIT_YOY":-17.555405176789,"HOLDER_PROFIT":20412000,"HOLDER_PROFIT_YOY":-44.183757178,"GROSS_PROFIT_RATIO":16.231159042577,"EPS_TTM":0.025515,"OPERATE_INCOME_QOQ":1.462579689134,"NET_PROFIT_RATIO":3.3992409494,"ROE_AVG":2.084209752452,"GROSS_PROFIT_QOQ":20.218565754743,"ROA":1.310275345904,"HOLDER_PROFIT_QOQ":27.567027060809,"ROE_YEARLY":2.084209752452,"ROIC_YEARLY":1.327988934727,"TOTAL_ASSETS":1604006000,"TOTAL_LIABILITIES":619474000,"TAX_EBT":11.857673374212,"OCF_SALES":15.573526154605,"TOTAL_PARENT_EQUITY":984532000,"DEBT_ASSET_RATIO":38.6204291006,"OPERATE_PROFIT":31407000,"PRETAX_PROFIT":23158000,"NETCASH_OPERATE":93517000,"NETCASH_INVEST":-160572000,"NETCASH_FINANCE":59022000,"END_CASH":11550000,"DIVI_RATIO":0.532757201646,"DIVIDEND_RATE":0.980392156863,"CURRENT_RATIO":1.0613284166,"COMMON_ACS":10000000000,"CURRENTDEBT_DEBT":93.418609982017,"ISSUED_COMMON_SHARES":800000000,"HK_COMMON_SHARES":800000000,"PER_SHARES":2000,"TOTAL_MARKET_CAP":1224000000,"HKSK_MARKET_CAP":1224000000,"PE_TTM":82.437209153176,"PB_TTM":1.130488344676,"REPORT_DATE_SQ":"2021-12-31 00:00:00","REPORT_TYPE_SQ":"2021年年报","OPERATE_INCOME_SQ":679763000,"DPS_HKD":0.015,"OPERATE_INCOME_QOQ_SQ":6.350559786724,"NET_PROFIT_RATIO_SQ":5.3798162006,"HOLDER_PROFIT_SQ":36570000,"HOLDER_PROFIT_QOQ_SQ":-28.713450292398,"ROE_AVG_SQ":3.784822932487,"PE_TTM_SQ":61.81763076799,"PB_TTM_SQ":1.219821629391,"ROA_SQ":2.47735023107,"START_DATE":"2022-01-01 00:00:00","FISCAL_YEAR":"12-31","CURRENCY":"HKD","IS_CNY_CODE":0,"DPS_HKD_LY":0.017,"ORG_TYPE":"一般企业","PREMIUM_INCOME":null,"PREMIUM_INCOME_YOY":null,"NET_INTEREST_INCOME":null,"NET_INTEREST_INCOME_YOY":null,"FEE_COMMISSION_INCOME":null,"FEE_COMMISSION_INCOME_YOY":null,"ACCOUNTS_RECE_TDAYS":1.91652330996,"INVENTORY_TDAYS":1.962396129989,"CURRENT_ASSETS_TDAYS":0.99694518094,"TOTAL_ASSETS_TDAYS":0.385461156004,"PREMIUM_EXPENSE":null,"LOAN_DEPOSIT":null,"LOAN_EQUITY":null,"LOAN_ASSETS":null,"DEPOSIT_EQUITY":null,"DEPOSIT_ASSETS":null,"EQUITY_MULTIPLIER":1.62920656718,"EQUITY_RATIO":0.629206567181},{"SECUCODE":"02025.HK","SECURITY_CODE":"02025","SECURITY_NAME_ABBR":"瑞丰动力","ORG_CODE":"10716700","STD_REPORT_DATE":"2022-06-30 00:00:00","REPORT_DATE":"2022-06-30 00:00:00","DATE_TYPE_CODE":"002","REPORT_TYPE":"2022年中报","PER_NETCASH_OPERATE":0.03546,"PER_OI":0.35467125,"BPS":1.23459625,"BASIC_EPS":0.0155,"DILUTED_EPS":0.0155,"OPERATE_INCOME":283737000,"OPERATE_INCOME_YOY":-23.6586855509,"GROSS_PROFIT":46224000,"GROSS_PROFIT_YOY":-44.555595537963,"HOLDER_PROFIT":12393000,"HOLDER_PROFIT_YOY":-62.4021600631,"GROSS_PROFIT_RATIO":16.291142854122,"EPS_TTM":0.02000125,"OPERATE_INCOME_QOQ":-12.93568493725,"NET_PROFIT_RATIO":4.3677772021,"ROE_AVG":1.263384531007,"GROSS_PROFIT_QOQ":-31.421079343597,"ROA":0.796375217199,"HOLDER_PROFIT_QOQ":-56.24555646705,"ROE_YEARLY":2.526769062014,"ROIC_YEARLY":1.631039901451,"TOTAL_ASSETS":1600677000,"TOTAL_LIABILITIES":613000000,"TAX_EBT":6.269853274845,"OCF_SALES":9.997991097389,"TOTAL_PARENT_EQUITY":987677000,"DEBT_ASSET_RATIO":38.2962958798,"OPERATE_PROFIT":16889000,"PRETAX_PROFIT":13222000,"NETCASH_OPERATE":28368000,"NETCASH_INVEST":-54497000,"NETCASH_FINANCE":29250000,"END_CASH":23055000,"DIVI_RATIO":0.679622523592,"DIVIDEND_RATE":0.980392156863,"CURRENT_RATIO":1.17732746251,"COMMON_ACS":10000000000,"CURRENTDEBT_DEBT":92.771288743883,"ISSUED_COMMON_SHARES":800000000,"HK_COMMON_SHARES":800000000,"PER_SHARES":2000,"TOTAL_MARKET_CAP":1224000000,"HKSK_MARKET_CAP":1224000000,"PE_TTM":82.437209153176,"PB_TTM":1.130488344676,"REPORT_DATE_SQ":"2021-06-30 00:00:00","REPORT_TYPE_SQ":"2021年中报","OPERATE_INCOME_SQ":371669000,"DPS_HKD":0.015,"OPERATE_INCOME_QOQ_SQ":47.453024972605,"NET_PROFIT_RATIO_SQ":8.868643874,"HOLDER_PROFIT_SQ":32962000,"HOLDER_PROFIT_QOQ_SQ":52.678571428571,"ROE_AVG_SQ":3.382494191822,"PE_TTM_SQ":61.81763076799,"PB_TTM_SQ":1.219821629391,"ROA_SQ":2.192742038488,"START_DATE":"2022-01-01 00:00:00","FISCAL_YEAR":"12-31","CURRENCY":"HKD","IS_CNY_CODE":0,"DPS_HKD_LY":0.017,"ORG_TYPE":"一般企业","PREMIUM_INCOME":null,"PREMIUM_INCOME_YOY":null,"NET_INTEREST_INCOME":null,"NET_INTEREST_INCOME_YOY":null,"FEE_COMMISSION_INCOME":null,"FEE_COMMISSION_INCOME_YOY":null,"ACCOUNTS_RECE_TDAYS":0.849300922226,"INVENTORY_TDAYS":0.960923892925,"CURRENT_ASSETS_TDAYS":0.450379407472,"TOTAL_ASSETS_TDAYS":0.182329633666,"PREMIUM_EXPENSE":null,"LOAN_DEPOSIT":null,"LOAN_EQUITY":null,"LOAN_ASSETS":null,"DEPOSIT_EQUITY":null,"DEPOSIT_ASSETS":null,"EQUITY_MULTIPLIER":1.620648248364,"EQUITY_RATIO":0.620648248365},{"SECUCODE":"02025.HK","SECURITY_CODE":"02025","SECURITY_NAME_ABBR":"瑞丰动力","ORG_CODE":"10716700","STD_REPORT_DATE":"2021-12-31 00:00:00","REPORT_DATE":"2021-12-31 00:00:00","DATE_TYPE_CODE":"001","REPORT_TYPE":"2021年年报","PER_NETCASH_OPERATE":0.20008125,"PER_OI":0.84970375,"BPS":1.217745,"BASIC_EPS":0.046,"DILUTED_EPS":0.046,"OPERATE_INCOME":679763000,"OPERATE_INCOME_YOY":56.8171174808,"GROSS_PROFIT":118220000,"GROSS_PROFIT_YOY":11.013033842918,"HOLDER_PROFIT":36570000,"HOLDER_PROFIT_YOY":8.8392857143,"GROSS_PROFIT_RATIO":17.391355516555,"EPS_TTM":0.0457125,"OPERATE_INCOME_QOQ":6.350559786724,"NET_PROFIT_RATIO":5.3798162006,"ROE_AVG":3.784822932487,"GROSS_PROFIT_QOQ":-23.326372044154,"ROA":2.47735023107,"HOLDER_PROFIT_QOQ":-28.713450292398,"ROE_YEARLY":3.784822932487,"ROIC_YEARLY":2.525534172577,"TOTAL_ASSETS":1511675000,"TOTAL_LIABILITIES":537479000,"TAX_EBT":12.959657265262,"OCF_SALES":23.547177472148,"TOTAL_PARENT_EQUITY":974196000,"DEBT_ASSET_RATIO":35.5551953958,"OPERATE_PROFIT":48462000,"PRETAX_PROFIT":42015000,"NETCASH_OPERATE":160065000,"NETCASH_INVEST":-142045000,"NETCASH_FINANCE":-24379000,"END_CASH":20009000,"DIVI_RATIO":0.297365053322,"DIVIDEND_RATE":0.980392156863,"CURRENT_RATIO":1.20628619876,"COMMON_ACS":10000000000,"CURRENTDEBT_DEBT":91.070534848803,"ISSUED_COMMON_SHARES":800000000,"HK_COMMON_SHARES":800000000,"PER_SHARES":2000,"TOTAL_MARKET_CAP":1224000000,"HKSK_MARKET_CAP":1224000000,"PE_TTM":82.437209153176,"PB_TTM":1.130488344676,"REPORT_DATE_SQ":"2020-12-31 00:00:00","REPORT_TYPE_SQ":"2020年年报","OPERATE_INCOME_SQ":433475000,"DPS_HKD":0.015,"OPERATE_INCOME_QOQ_SQ":29.82180293501,"NET_PROFIT_RATIO_SQ":7.7513120711,"HOLDER_PROFIT_SQ":33600000,"HOLDER_PROFIT_QOQ_SQ":28.868944885514,"ROE_AVG_SQ":3.53949299923,"PE_TTM_SQ":61.81763076799,"PB_TTM_SQ":1.219821629391,"ROA_SQ":2.434766729782,"START_DATE":"2021-01-01 00:00:00","FISCAL_YEAR":"12-31","CURRENCY":"HKD","IS_CNY_CODE":0,"DPS_HKD_LY":0.03,"ORG_TYPE":"一般企业","PREMIUM_INCOME":null,"PREMIUM_INCOME_YOY":null,"NET_INTEREST_INCOME":null,"NET_INTEREST_INCOME_YOY":null,"FEE_COMMISSION_INCOME":null,"FEE_COMMISSION_INCOME_YOY":null,"ACCOUNTS_RECE_TDAYS":1.984283664673,"INVENTORY_TDAYS":2.571774021805,"CURRENT_ASSETS_TDAYS":1.136829131034,"TOTAL_ASSETS_TDAYS":0.460489752563,"PREMIUM_EXPENSE":null,"LOAN_DEPOSIT":null,"LOAN_EQUITY":null,"LOAN_ASSETS":null,"DEPOSIT_EQUITY":null,"DEPOSIT_ASSETS":null,"EQUITY_MULTIPLIER":1.551715465881,"EQUITY_RATIO":0.551715465882},{"SECUCODE":"02025.HK","SECURITY_CODE":"02025","SECURITY_NAME_ABBR":"瑞丰动力","ORG_CODE":"10716700","STD_REPORT_DATE":"2021-06-30 00:00:00","REPORT_DATE":"2021-06-30 00:00:00","DATE_TYPE_CODE":"002","REPORT_TYPE":"2021年中报","PER_NETCASH_OPERATE":0.11796125,"PER_OI":0.46458625,"BPS":1.23839625,"BASIC_EPS":0.0412,"DILUTED_EPS":0.0412,"OPERATE_INCOME":371669000,"OPERATE_INCOME_YOY":123.93476008,"GROSS_PROFIT":83370000,"GROSS_PROFIT_YOY":133.686511940801,"HOLDER_PROFIT":32962000,"HOLDER_PROFIT_YOY":115.9743152929,"GROSS_PROFIT_RATIO":22.431249310542,"EPS_TTM":0.064125,"OPERATE_INCOME_QOQ":47.453024972605,"NET_PROFIT_RATIO":8.868643874,"ROE_AVG":3.382494191822,"GROSS_PROFIT_QOQ":44.786462832889,"ROA":2.192742038488,"HOLDER_PROFIT_QOQ":52.678571428571,"ROE_YEARLY":6.764988383644,"ROIC_YEARLY":4.493945437187,"TOTAL_ASSETS":1565791000,"TOTAL_LIABILITIES":575074000,"TAX_EBT":12.10836466416,"OCF_SALES":25.39060292895,"TOTAL_PARENT_EQUITY":990717000,"DEBT_ASSET_RATIO":36.7273793246,"OPERATE_PROFIT":40956000,"PRETAX_PROFIT":37503000,"NETCASH_OPERATE":94369000,"NETCASH_INVEST":-65835000,"NETCASH_FINANCE":-8611000,"END_CASH":46243000,"DIVI_RATIO":0.21198128655,"DIVIDEND_RATE":0.980392156863,"CURRENT_RATIO":1.323843192079,"COMMON_ACS":10000000000,"CURRENTDEBT_DEBT":91.048456372571,"ISSUED_COMMON_SHARES":800000000,"HK_COMMON_SHARES":800000000,"PER_SHARES":2000,"TOTAL_MARKET_CAP":1224000000,"HKSK_MARKET_CAP":1224000000,"PE_TTM":82.437209153176,"PB_TTM":1.130488344676,"REPORT_DATE_SQ":"2020-06-30 00:00:00","REPORT_TYPE_SQ":"2020年中报","OPERATE_INCOME_SQ":165972000,"DPS_HKD":0.015,"OPERATE_INCOME_QOQ_SQ":-5.95664260426,"NET_PROFIT_RATIO_SQ":9.1955269564,"HOLDER_PROFIT_SQ":15262000,"HOLDER_PROFIT_QOQ_SQ":-13.421882782666,"ROE_AVG_SQ":1.609437703889,"PE_TTM_SQ":61.81763076799,"PB_TTM_SQ":1.219821629391,"ROA_SQ":1.153082201872,"START_DATE":"2021-01-01 00:00:00","FISCAL_YEAR":"12-31","CURRENCY":"HKD","IS_CNY_CODE":0,"DPS_HKD_LY":0.03,"ORG_TYPE":"一般企业","PREMIUM_INCOME":null,"PREMIUM_INCOME_YOY":null,"NET_INTEREST_INCOME":null,"NET_INTEREST_INCOME_YOY":null,"FEE_COMMISSION_INCOME":null,"FEE_COMMISSION_INCOME_YOY":null,"ACCOUNTS_RECE_TDAYS":0.940384230994,"INVENTORY_TDAYS":1.369451576205,"CURRENT_ASSETS_TDAYS":0.572417993937,"TOTAL_ASSETS_TDAYS":0.247246599327,"PREMIUM_EXPENSE":null,"LOAN_DEPOSIT":null,"LOAN_EQUITY":null,"LOAN_ASSETS":null,"DEPOSIT_EQUITY":null,"DEPOSIT_ASSETS":null,"EQUITY_MULTIPLIER":1.580462432764,"EQUITY_RATIO":0.580462432763},{"SECUCODE":"02025.HK","SECURITY_CODE":"02025","SECURITY_NAME_ABBR":"瑞丰动力","ORG_CODE":"10716700","STD_REPORT_DATE":"2020-12-31 00:00:00","REPORT_DATE":"2020-12-31 00:00:00","DATE_TYPE_CODE":"001","REPORT_TYPE":"2020年年报","PER_NETCASH_OPERATE":0.07682375,"PER_OI":0.54184375,"BPS":1.19782375,"BASIC_EPS":0.042,"DILUTED_EPS":0.042,"OPERATE_INCOME":433475000,"OPERATE_INCOME_YOY":22.0887821118,"GROSS_PROFIT":106492000,"GROSS_PROFIT_YOY":24.290382819795,"HOLDER_PROFIT":33600000,"HOLDER_PROFIT_YOY":11.5723061597,"GROSS_PROFIT_RATIO":24.567045389007,"EPS_TTM":0.042,"OPERATE_INCOME_QOQ":29.82180293501,"NET_PROFIT_RATIO":7.7513120711,"ROE_AVG":3.53949299923,"GROSS_PROFIT_QOQ":36.756132014897,"ROA":2.434766729782,"HOLDER_PROFIT_QOQ":28.868944885514,"ROE_YEARLY":3.53949299923,"ROIC_YEARLY":2.503336851167,"TOTAL_ASSETS":1440673000,"TOTAL_LIABILITIES":482414000,"TAX_EBT":15.005565111808,"OCF_SALES":14.178210969491,"TOTAL_PARENT_EQUITY":958259000,"DEBT_ASSET_RATIO":33.4853224847,"OPERATE_PROFIT":47033000,"PRETAX_PROFIT":39532000,"NETCASH_OPERATE":61459000,"NETCASH_INVEST":-102281000,"NETCASH_FINANCE":17690000,"END_CASH":26318000,"DIVI_RATIO":0.32365,"DIVIDEND_RATE":0.980392156863,"CURRENT_RATIO":1.415656931746,"COMMON_ACS":10000000000,"CURRENTDEBT_DEBT":88.652070628133,"ISSUED_COMMON_SHARES":800000000,"HK_COMMON_SHARES":800000000,"PER_SHARES":2000,"TOTAL_MARKET_CAP":1224000000,"HKSK_MARKET_CAP":1224000000,"PE_TTM":82.437209153176,"PB_TTM":1.130488344676,"REPORT_DATE_SQ":"2019-12-31 00:00:00","REPORT_TYPE_SQ":"2019年年报","OPERATE_INCOME_SQ":355049000,"DPS_HKD":0.015,"OPERATE_INCOME_QOQ_SQ":-22.46467169958,"NET_PROFIT_RATIO_SQ":8.4819278466,"HOLDER_PROFIT_SQ":30115000,"HOLDER_PROFIT_QOQ_SQ":-58.310837936238,"ROE_AVG_SQ":3.261878534424,"PE_TTM_SQ":61.81763076799,"PB_TTM_SQ":1.219821629391,"ROA_SQ":2.208064733727,"START_DATE":"2020-01-01 00:00:00","FISCAL_YEAR":"12-31","CURRENCY":"HKD","IS_CNY_CODE":0,"DPS_HKD_LY":0.02,"ORG_TYPE":"一般企业","PREMIUM_INCOME":null,"PREMIUM_INCOME_YOY":null,"NET_INTEREST_INCOME":null,"NET_INTEREST_INCOME_YOY":null,"FEE_COMMISSION_INCOME":null,"FEE_COMMISSION_INCOME_YOY":null,"ACCOUNTS_RECE_TDAYS":1.274772747992,"INVENTORY_TDAYS":1.825023093045,"CURRENT_ASSETS_TDAYS":0.768958537706,"TOTAL_ASSETS_TDAYS":0.314110270295,"PREMIUM_EXPENSE":null,"LOAN_DEPOSIT":null,"LOAN_EQUITY":null,"LOAN_ASSETS":null,"DEPOSIT_EQUITY":null,"DEPOSIT_ASSETS":null,"EQUITY_MULTIPLIER":1.503427570208,"EQUITY_RATIO":0.503427570208},{"SECUCODE":"02025.HK","SECURITY_CODE":"02025","SECURITY_NAME_ABBR":"瑞丰动力","ORG_CODE":"10716700","STD_REPORT_DATE":"2020-06-30 00:00:00","REPORT_DATE":"2020-06-30 00:00:00","DATE_TYPE_CODE":"002","REPORT_TYPE":"2020年中报","PER_NETCASH_OPERATE":0.0423325,"PER_OI":0.207465,"BPS":1.19530625,"BASIC_EPS":0.0191,"DILUTED_EPS":0.0191,"OPERATE_INCOME":165972000,"OPERATE_INCOME_YOY":-11.3023124075,"GROSS_PROFIT":35676000,"GROSS_PROFIT_YOY":-17.959803155038,"HOLDER_PROFIT":15262000,"HOLDER_PROFIT_YOY":-20.9386655615,"GROSS_PROFIT_RATIO":21.49519196009,"EPS_TTM":0.03259125,"OPERATE_INCOME_QOQ":-5.95664260426,"NET_PROFIT_RATIO":9.1955269564,"ROE_AVG":1.609437703889,"GROSS_PROFIT_QOQ":-9.115312791783,"ROA":1.153082201872,"HOLDER_PROFIT_QOQ":-13.421882782666,"ROE_YEARLY":3.218875407777,"ROIC_YEARLY":2.380589352626,"TOTAL_ASSETS":1327821000,"TOTAL_LIABILITIES":371576000,"TAX_EBT":16.54636920385,"OCF_SALES":20.404646566891,"TOTAL_PARENT_EQUITY":956245000,"DEBT_ASSET_RATIO":27.9838924072,"OPERATE_PROFIT":23160000,"PRETAX_PROFIT":18288000,"NETCASH_OPERATE":33866000,"NETCASH_INVEST":-73641000,"NETCASH_FINANCE":24056000,"END_CASH":33476000,"DIVI_RATIO":0.417084340122,"DIVIDEND_RATE":0.980392156863,"CURRENT_RATIO":1.64248696406,"COMMON_ACS":10000000000,"CURRENTDEBT_DEBT":84.437100350938,"ISSUED_COMMON_SHARES":800000000,"HK_COMMON_SHARES":800000000,"PER_SHARES":2000,"TOTAL_MARKET_CAP":1224000000,"HKSK_MARKET_CAP":1224000000,"PE_TTM":82.437209153176,"PB_TTM":1.130488344676,"REPORT_DATE_SQ":"2019-06-30 00:00:00","REPORT_TYPE_SQ":"2019年中报","OPERATE_INCOME_SQ":187121000,"DPS_HKD":0.015,"OPERATE_INCOME_QOQ_SQ":-25.021531468692,"NET_PROFIT_RATIO_SQ":10.3163193869,"HOLDER_PROFIT_SQ":19304000,"HOLDER_PROFIT_QOQ_SQ":-29.420902988793,"ROE_AVG_SQ":2.107315454338,"PE_TTM_SQ":61.81763076799,"PB_TTM_SQ":1.219821629391,"ROA_SQ":1.370729694859,"START_DATE":"2020-01-01 00:00:00","FISCAL_YEAR":"12-31","CURRENCY":"HKD","IS_CNY_CODE":0,"DPS_HKD_LY":0.02,"ORG_TYPE":"一般企业","PREMIUM_INCOME":null,"PREMIUM_INCOME_YOY":null,"NET_INTEREST_INCOME":null,"NET_INTEREST_INCOME_YOY":null,"FEE_COMMISSION_INCOME":null,"FEE_COMMISSION_INCOME_YOY":null,"ACCOUNTS_RECE_TDAYS":0.529981750863,"INVENTORY_TDAYS":0.825583089917,"CURRENT_ASSETS_TDAYS":0.31999938303,"TOTAL_ASSETS_TDAYS":0.125395989522,"PREMIUM_EXPENSE":null,"LOAN_DEPOSIT":null,"LOAN_EQUITY":null,"LOAN_ASSETS":null,"DEPOSIT_EQUITY":null,"DEPOSIT_ASSETS":null,"EQUITY_MULTIPLIER":1.388578240932,"EQUITY_RATIO":0.388578240932}],"count":21},"success":true,"message":"ok","code":0}