{"version":"f7638326df7de1acabab5a679ca87986","result":{"pages":6,"data":[{"SECUCODE":"02038.HK","SECURITY_CODE":"02038","SECURITY_NAME_ABBR":"富智康集团","ORG_CODE":"10010572","STD_REPORT_DATE":"2024-06-30 00:00:00","REPORT_DATE":"2024-06-30 00:00:00","DATE_TYPE_CODE":"002","REPORT_TYPE":"2024年中报","PER_NETCASH_OPERATE":-0.178401850365,"PER_OI":1.713369675185,"BPS":1.357532243617,"BASIC_EPS":-0.0285072,"DILUTED_EPS":-0.0285072,"OPERATE_INCOME":13509063204,"OPERATE_INCOME_YOY":-29.1845196933,"GROSS_PROFIT":203983269.6,"GROSS_PROFIT_YOY":-28.75027713962,"HOLDER_PROFIT":-225050090.4,"HOLDER_PROFIT_YOY":36.8642034549,"GROSS_PROFIT_RATIO":1.509973463886,"EPS_TTM":-0.091113540947,"OPERATE_INCOME_QOQ":-12.775228373102,"NET_PROFIT_RATIO":-1.6693484144,"ROE_AVG":-2.063686874826,"GROSS_PROFIT_QOQ":-10.582516083037,"ROA":-0.702236446734,"HOLDER_PROFIT_QOQ":15.952861074859,"ROE_YEARLY":-4.127373749652,"ROIC_YEARLY":-2.370834189699,"TOTAL_ASSETS":33311489908.8,"TOTAL_LIABILITIES":22589119533.6,"TAX_EBT":-7.948691706751,"OCF_SALES":-10.412338501633,"TOTAL_PARENT_EQUITY":10703462974.8,"DEBT_ASSET_RATIO":67.8117958562,"OPERATE_PROFIT":-20553691.2,"PRETAX_PROFIT":-208907888.4,"NETCASH_OPERATE":-1406609389.2,"NETCASH_INVEST":-354921766.8,"NETCASH_FINANCE":904041706.8,"END_CASH":12156931074,"DIVI_RATIO":null,"DIVIDEND_RATE":null,"CURRENT_RATIO":1.219222148141,"COMMON_ACS":20000000000,"CURRENTDEBT_DEBT":99.372097821745,"ISSUED_COMMON_SHARES":7884500000,"HK_COMMON_SHARES":7884500000,"PER_SHARES":1000,"TOTAL_MARKET_CAP":7411430000,"HKSK_MARKET_CAP":7411430000,"PE_TTM":-9.289998758312,"PB_TTM":0.631969667376,"REPORT_DATE_SQ":"2023-06-30 00:00:00","REPORT_TYPE_SQ":"2023年中报","OPERATE_INCOME_SQ":19341421698.6,"DPS_HKD":null,"OPERATE_INCOME_QOQ_SQ":-12.754350853588,"NET_PROFIT_RATIO_SQ":-1.861795625,"HOLDER_PROFIT_SQ":-361405612.8,"HOLDER_PROFIT_QOQ_SQ":-40.185177730746,"ROE_AVG_SQ":-2.978191428708,"PE_TTM_SQ":-4.98593486413,"PB_TTM_SQ":0.309614636257,"ROA_SQ":-0.982677692582,"START_DATE":"2024-01-01 00:00:00","FISCAL_YEAR":"12-31","CURRENCY":"HKD","IS_CNY_CODE":0,"DPS_HKD_LY":null,"ORG_TYPE":"一般企业","PREMIUM_INCOME":null,"PREMIUM_INCOME_YOY":null,"NET_INTEREST_INCOME":null,"NET_INTEREST_INCOME_YOY":null,"FEE_COMMISSION_INCOME":null,"FEE_COMMISSION_INCOME_YOY":null,"ACCOUNTS_RECE_TDAYS":2.082088228397,"INVENTORY_TDAYS":2.053739789237,"CURRENT_ASSETS_TDAYS":0.519385685102,"TOTAL_ASSETS_TDAYS":0.421530892355,"PREMIUM_EXPENSE":null,"LOAN_DEPOSIT":null,"LOAN_EQUITY":null,"LOAN_ASSETS":null,"DEPOSIT_EQUITY":null,"DEPOSIT_ASSETS":null,"EQUITY_MULTIPLIER":3.10672815275,"EQUITY_RATIO":2.110449635486},{"SECUCODE":"02038.HK","SECURITY_CODE":"02038","SECURITY_NAME_ABBR":"富智康集团","ORG_CODE":"10010572","STD_REPORT_DATE":"2023-12-31 00:00:00","REPORT_DATE":"2023-12-31 00:00:00","DATE_TYPE_CODE":"001","REPORT_TYPE":"2023年年报","PER_NETCASH_OPERATE":0.091978334459,"PER_OI":5.775288234611,"BPS":1.399999476809,"BASIC_EPS":-0.10765704,"DILUTED_EPS":-0.10765704,"OPERATE_INCOME":45653653494.6,"OPERATE_INCOME_YOY":-31.3862133061,"GROSS_PROFIT":777793783.2,"GROSS_PROFIT_YOY":-41.82095372897,"HOLDER_PROFIT":-854740236,"HOLDER_PROFIT_YOY":-67.3623920008,"GROSS_PROFIT_RATIO":1.703683547018,"EPS_TTM":-0.108126532068,"OPERATE_INCOME_QOQ":-20.022048152405,"NET_PROFIT_RATIO":-1.8736702577,"ROE_AVG":-7.2260444173,"GROSS_PROFIT_QOQ":-27.647745399197,"ROA":-2.455409235212,"HOLDER_PROFIT_QOQ":-21.411114600812,"ROE_YEARLY":-7.2260444173,"ROIC_YEARLY":-3.97257056555,"TOTAL_ASSETS":30593269357.2,"TOTAL_LIABILITIES":19534539892.8,"TAX_EBT":-20.889053491352,"OCF_SALES":1.59261894338,"TOTAL_PARENT_EQUITY":11038295874.9,"DEBT_ASSET_RATIO":63.852410361,"OPERATE_PROFIT":-133048519.5,"PRETAX_PROFIT":-707590060.8,"NETCASH_OPERATE":727088733.9,"NETCASH_INVEST":-283924194.9,"NETCASH_FINANCE":-262987733.7,"END_CASH":13069869212.1,"DIVI_RATIO":null,"DIVIDEND_RATE":null,"CURRENT_RATIO":1.263786347286,"COMMON_ACS":20000000000,"CURRENTDEBT_DEBT":99.235006874387,"ISSUED_COMMON_SHARES":7884500000,"HK_COMMON_SHARES":7884500000,"PER_SHARES":1000,"TOTAL_MARKET_CAP":7017205000,"HKSK_MARKET_CAP":7017205000,"PE_TTM":-8.795849888189,"PB_TTM":0.598354259536,"REPORT_DATE_SQ":"2022-12-31 00:00:00","REPORT_TYPE_SQ":"2022年年报","OPERATE_INCOME_SQ":65427674107.4,"DPS_HKD":null,"OPERATE_INCOME_QOQ_SQ":14.851677460654,"NET_PROFIT_RATIO_SQ":-0.7678576808,"HOLDER_PROFIT_SQ":-502196412.2,"HOLDER_PROFIT_QOQ_SQ":-231.601179404464,"ROE_AVG_SQ":-3.658755945853,"PE_TTM_SQ":-5.56134016817,"PB_TTM_SQ":0.34534593014,"ROA_SQ":-1.255128272188,"START_DATE":"2023-01-01 00:00:00","FISCAL_YEAR":"12-31","CURRENCY":"HKD","IS_CNY_CODE":0,"DPS_HKD_LY":null,"ORG_TYPE":"一般企业","PREMIUM_INCOME":null,"PREMIUM_INCOME_YOY":null,"NET_INTEREST_INCOME":null,"NET_INTEREST_INCOME_YOY":null,"FEE_COMMISSION_INCOME":null,"FEE_COMMISSION_INCOME_YOY":null,"ACCOUNTS_RECE_TDAYS":4.480354046642,"INVENTORY_TDAYS":9.574911122781,"CURRENT_ASSETS_TDAYS":1.622427044184,"TOTAL_ASSETS_TDAYS":1.311490879807,"PREMIUM_EXPENSE":null,"LOAN_DEPOSIT":null,"LOAN_EQUITY":null,"LOAN_ASSETS":null,"DEPOSIT_EQUITY":null,"DEPOSIT_ASSETS":null,"EQUITY_MULTIPLIER":2.766436185612,"EQUITY_RATIO":1.769706131652},{"SECUCODE":"02038.HK","SECURITY_CODE":"02038","SECURITY_NAME_ABBR":"富智康集团","ORG_CODE":"10010572","STD_REPORT_DATE":"2023-06-30 00:00:00","REPORT_DATE":"2023-06-30 00:00:00","DATE_TYPE_CODE":"002","REPORT_TYPE":"2023年中报","PER_NETCASH_OPERATE":-0.573893900189,"PER_OI":2.44302408723,"BPS":1.445401944473,"BASIC_EPS":-0.0433548,"DILUTED_EPS":-0.0433548,"OPERATE_INCOME":19341421698.6,"OPERATE_INCOME_YOY":-35.1140436103,"GROSS_PROFIT":286293421.8,"GROSS_PROFIT_YOY":-47.773871412369,"HOLDER_PROFIT":-361405612.8,"HOLDER_PROFIT_YOY":-110.3280067283,"GROSS_PROFIT_RATIO":1.480208778141,"EPS_TTM":-0.088923194771,"OPERATE_INCOME_QOQ":-12.754350853588,"NET_PROFIT_RATIO":-1.861795625,"ROE_AVG":-2.978191428708,"GROSS_PROFIT_QOQ":-19.589173009151,"ROA":-0.982677692582,"HOLDER_PROFIT_QOQ":-40.185177730746,"ROE_YEARLY":-5.956382857417,"ROIC_YEARLY":-2.844809272477,"TOTAL_ASSETS":33739016069.4,"TOTAL_LIABILITIES":22320199942.2,"TAX_EBT":-68.355798790581,"OCF_SALES":-23.491127377306,"TOTAL_PARENT_EQUITY":11396271631.2,"DEBT_ASSET_RATIO":66.1554560343,"OPERATE_PROFIT":-5173672.8,"PRETAX_PROFIT":-213890905.8,"NETCASH_OPERATE":-4543518007.8,"NETCASH_INVEST":-276307366.2,"NETCASH_FINANCE":777105886.8,"END_CASH":8970093668.4,"DIVI_RATIO":null,"DIVIDEND_RATE":null,"CURRENT_RATIO":1.225477866549,"COMMON_ACS":20000000000,"CURRENTDEBT_DEBT":99.518316688567,"ISSUED_COMMON_SHARES":7884500000,"HK_COMMON_SHARES":7884500000,"PER_SHARES":1000,"TOTAL_MARKET_CAP":7017205000,"HKSK_MARKET_CAP":7017205000,"PE_TTM":-8.795849888189,"PB_TTM":0.598354259536,"REPORT_DATE_SQ":"2022-06-30 00:00:00","REPORT_TYPE_SQ":"2022年中报","OPERATE_INCOME_SQ":27686296809.6,"DPS_HKD":null,"OPERATE_INCOME_QOQ_SQ":4.106888774002,"NET_PROFIT_RATIO_SQ":-0.5774903133,"HOLDER_PROFIT_SQ":-159597092,"HOLDER_PROFIT_QOQ_SQ":6.257995576992,"ROE_AVG_SQ":-1.159069069647,"PE_TTM_SQ":-5.56134016817,"PB_TTM_SQ":0.34534593014,"ROA_SQ":-0.415928123143,"START_DATE":"2023-01-01 00:00:00","FISCAL_YEAR":"12-31","CURRENCY":"HKD","IS_CNY_CODE":0,"DPS_HKD_LY":null,"ORG_TYPE":"一般企业","PREMIUM_INCOME":null,"PREMIUM_INCOME_YOY":null,"NET_INTEREST_INCOME":null,"NET_INTEREST_INCOME_YOY":null,"FEE_COMMISSION_INCOME":null,"FEE_COMMISSION_INCOME_YOY":null,"ACCOUNTS_RECE_TDAYS":1.563297463826,"INVENTORY_TDAYS":3.120703641576,"CURRENT_ASSETS_TDAYS":0.648574916687,"TOTAL_ASSETS_TDAYS":0.525901728498,"PREMIUM_EXPENSE":null,"LOAN_DEPOSIT":null,"LOAN_EQUITY":null,"LOAN_ASSETS":null,"DEPOSIT_EQUITY":null,"DEPOSIT_ASSETS":null,"EQUITY_MULTIPLIER":2.95468599315,"EQUITY_RATIO":1.958552820125},{"SECUCODE":"02038.HK","SECURITY_CODE":"02038","SECURITY_NAME_ABBR":"富智康集团","ORG_CODE":"10010572","STD_REPORT_DATE":"2022-12-31 00:00:00","REPORT_DATE":"2022-12-31 00:00:00","DATE_TYPE_CODE":"001","REPORT_TYPE":"2022年年报","PER_NETCASH_OPERATE":0.359176028384,"PER_OI":8.241570116791,"BPS":1.573784067956,"BASIC_EPS":-0.06337786,"DILUTED_EPS":-0.06337786,"OPERATE_INCOME":65427674107.4,"OPERATE_INCOME_YOY":9.4582513211,"GROSS_PROFIT":1336896757.6,"GROSS_PROFIT_YOY":-6.559002279381,"HOLDER_PROFIT":-502196412.2,"HOLDER_PROFIT_YOY":-228.0127112626,"GROSS_PROFIT_RATIO":2.043320010743,"EPS_TTM":-0.063258964957,"OPERATE_INCOME_QOQ":14.851677460654,"NET_PROFIT_RATIO":-0.7678576808,"ROE_AVG":-3.658755945853,"GROSS_PROFIT_QOQ":-15.190109844581,"ROA":-1.255128272188,"HOLDER_PROFIT_QOQ":-231.601179404464,"ROE_YEARLY":-3.658755945853,"ROIC_YEARLY":-1.866095660597,"TOTAL_ASSETS":38376965734,"TOTAL_LIABILITIES":25925821004.4,"TAX_EBT":-20.861537430467,"OCF_SALES":4.358101955022,"TOTAL_PARENT_EQUITY":12408500483.8,"DEBT_ASSET_RATIO":67.5556821873,"OPERATE_PROFIT":-157817836,"PRETAX_PROFIT":-415675186.4,"NETCASH_OPERATE":2851404744.4,"NETCASH_INVEST":-884232580.6,"NETCASH_FINANCE":-1490584585.8,"END_CASH":12711154141.4,"DIVI_RATIO":null,"DIVIDEND_RATE":null,"CURRENT_RATIO":1.209926998796,"COMMON_ACS":20000000000,"CURRENTDEBT_DEBT":99.621707265574,"ISSUED_COMMON_SHARES":7884500000,"HK_COMMON_SHARES":7884500000,"PER_SHARES":1000,"TOTAL_MARKET_CAP":7017205000,"HKSK_MARKET_CAP":7017205000,"PE_TTM":-8.795849888189,"PB_TTM":0.598354259536,"REPORT_DATE_SQ":"2021-12-31 00:00:00","REPORT_TYPE_SQ":"2021年年报","OPERATE_INCOME_SQ":54719821416.3,"DPS_HKD":null,"OPERATE_INCOME_QOQ_SQ":-5.276258846888,"NET_PROFIT_RATIO_SQ":0.6574146475,"HOLDER_PROFIT_SQ":359130429.6,"HOLDER_PROFIT_QOQ_SQ":159.315336294328,"ROE_AVG_SQ":2.659871860739,"PE_TTM_SQ":-5.56134016817,"PB_TTM_SQ":0.34534593014,"ROA_SQ":0.93788048634,"START_DATE":"2022-01-01 00:00:00","FISCAL_YEAR":"12-31","CURRENCY":"HKD","IS_CNY_CODE":0,"DPS_HKD_LY":null,"ORG_TYPE":"一般企业","PREMIUM_INCOME":null,"PREMIUM_INCOME_YOY":null,"NET_INTEREST_INCOME":null,"NET_INTEREST_INCOME_YOY":null,"FEE_COMMISSION_INCOME":null,"FEE_COMMISSION_INCOME_YOY":null,"ACCOUNTS_RECE_TDAYS":4.808928618962,"INVENTORY_TDAYS":11.630232102573,"CURRENT_ASSETS_TDAYS":2.03385207357,"TOTAL_ASSETS_TDAYS":1.635219240136,"PREMIUM_EXPENSE":null,"LOAN_DEPOSIT":null,"LOAN_EQUITY":null,"LOAN_ASSETS":null,"DEPOSIT_EQUITY":null,"DEPOSIT_ASSETS":null,"EQUITY_MULTIPLIER":3.082203810766,"EQUITY_RATIO":2.089359712582},{"SECUCODE":"02038.HK","SECURITY_CODE":"02038","SECURITY_NAME_ABBR":"富智康集团","ORG_CODE":"10010572","STD_REPORT_DATE":"2022-06-30 00:00:00","REPORT_DATE":"2022-06-30 00:00:00","DATE_TYPE_CODE":"002","REPORT_TYPE":"2022年中报","PER_NETCASH_OPERATE":-0.179093283908,"PER_OI":3.472506811689,"BPS":1.654193049172,"BASIC_EPS":-0.0201342,"DILUTED_EPS":-0.0201342,"OPERATE_INCOME":27686296809.6,"OPERATE_INCOME_YOY":4.7588453343,"GROSS_PROFIT":548180440.6,"GROSS_PROFIT_YOY":36.168846025999,"HOLDER_PROFIT":-159597092,"HOLDER_PROFIT_YOY":15.6258870281,"GROSS_PROFIT_RATIO":1.979970251601,"EPS_TTM":0.047862134203,"OPERATE_INCOME_QOQ":4.106888774002,"NET_PROFIT_RATIO":-0.5774903133,"ROE_AVG":-1.159069069647,"GROSS_PROFIT_QOQ":10.177005947518,"ROA":-0.415928123143,"HOLDER_PROFIT_QOQ":6.257995576992,"ROE_YEARLY":-2.318138139294,"ROIC_YEARLY":-1.22012837259,"TOTAL_ASSETS":36610532637.8,"TOTAL_LIABILITIES":23525597936.6,"TAX_EBT":-25.595740194011,"OCF_SALES":-5.157463861707,"TOTAL_PARENT_EQUITY":13042485096.2,"DEBT_ASSET_RATIO":64.2590977011,"OPERATE_PROFIT":80563645.6,"PRETAX_PROFIT":-127301835.2,"NETCASH_OPERATE":-1427910752.6,"NETCASH_INVEST":-617093095.8,"NETCASH_FINANCE":1163508438.2,"END_CASH":11248031232.6,"DIVI_RATIO":null,"DIVIDEND_RATE":null,"CURRENT_RATIO":1.257296901808,"COMMON_ACS":20000000000,"CURRENTDEBT_DEBT":99.11557264831,"ISSUED_COMMON_SHARES":7884500000,"HK_COMMON_SHARES":7884500000,"PER_SHARES":1000,"TOTAL_MARKET_CAP":7017205000,"HKSK_MARKET_CAP":7017205000,"PE_TTM":-8.795849888189,"PB_TTM":0.598354259536,"REPORT_DATE_SQ":"2021-06-30 00:00:00","REPORT_TYPE_SQ":"2021年中报","OPERATE_INCOME_SQ":25439014606.7,"DPS_HKD":null,"OPERATE_INCOME_QOQ_SQ":-0.910016032714,"NET_PROFIT_RATIO_SQ":-0.7193996141,"HOLDER_PROFIT_SQ":-182071458.4,"HOLDER_PROFIT_QOQ_SQ":46.652462301997,"ROE_AVG_SQ":-1.367415873164,"PE_TTM_SQ":-5.56134016817,"PB_TTM_SQ":0.34534593014,"ROA_SQ":-0.480357275097,"START_DATE":"2022-01-01 00:00:00","FISCAL_YEAR":"12-31","CURRENCY":"HKD","IS_CNY_CODE":0,"DPS_HKD_LY":null,"ORG_TYPE":"一般企业","PREMIUM_INCOME":null,"PREMIUM_INCOME_YOY":null,"NET_INTEREST_INCOME":null,"NET_INTEREST_INCOME_YOY":null,"FEE_COMMISSION_INCOME":null,"FEE_COMMISSION_INCOME_YOY":null,"ACCOUNTS_RECE_TDAYS":2.151867244808,"INVENTORY_TDAYS":4.871745134833,"CURRENT_ASSETS_TDAYS":0.904735278788,"TOTAL_ASSETS_TDAYS":0.721536296463,"PREMIUM_EXPENSE":null,"LOAN_DEPOSIT":null,"LOAN_EQUITY":null,"LOAN_ASSETS":null,"DEPOSIT_EQUITY":null,"DEPOSIT_ASSETS":null,"EQUITY_MULTIPLIER":2.797914813781,"EQUITY_RATIO":1.803766518656},{"SECUCODE":"02038.HK","SECURITY_CODE":"02038","SECURITY_NAME_ABBR":"富智康集团","ORG_CODE":"10010572","STD_REPORT_DATE":"2021-12-31 00:00:00","REPORT_DATE":"2021-12-31 00:00:00","DATE_TYPE_CODE":"001","REPORT_TYPE":"2021年年报","PER_NETCASH_OPERATE":0.223912036904,"PER_OI":6.831438379064,"BPS":1.746624005581,"BASIC_EPS":0.0446299,"DILUTED_EPS":0.0446299,"OPERATE_INCOME":54719821416.3,"OPERATE_INCOME_YOY":-3.9417684621,"GROSS_PROFIT":1430738958.5,"GROSS_PROFIT_YOY":130.317419236272,"HOLDER_PROFIT":359130429.6,"HOLDER_PROFIT_YOY":132.3837667228,"GROSS_PROFIT_RATIO":2.614663062613,"EPS_TTM":0.044835259625,"OPERATE_INCOME_QOQ":-5.276258846888,"NET_PROFIT_RATIO":0.6574146475,"ROE_AVG":2.659871860739,"GROSS_PROFIT_QOQ":37.2221895468,"ROA":0.93788048634,"HOLDER_PROFIT_QOQ":159.315336294328,"ROE_YEARLY":2.659871860739,"ROIC_YEARLY":1.356657854781,"TOTAL_ASSETS":38124715908.7,"TOTAL_LIABILITIES":24306858945.4,"TAX_EBT":19.577239944126,"OCF_SALES":3.277670447707,"TOTAL_PARENT_EQUITY":13771256972,"DEBT_ASSET_RATIO":63.7561706784,"OPERATE_PROFIT":511025106.4,"PRETAX_PROFIT":447306360.6,"NETCASH_OPERATE":1793535415.6,"NETCASH_INVEST":-555565746.6,"NETCASH_FINANCE":-706950367.4,"END_CASH":12016402928.3,"DIVI_RATIO":null,"DIVIDEND_RATE":null,"CURRENT_RATIO":1.257455432822,"COMMON_ACS":20000000000,"CURRENTDEBT_DEBT":99.104584959378,"ISSUED_COMMON_SHARES":7884500000,"HK_COMMON_SHARES":7884500000,"PER_SHARES":1000,"TOTAL_MARKET_CAP":6386445000,"HKSK_MARKET_CAP":6386445000,"PE_TTM":-8.005211695992,"PB_TTM":0.544569606994,"REPORT_DATE_SQ":"2020-12-31 00:00:00","REPORT_TYPE_SQ":"2020年年报","OPERATE_INCOME_SQ":58298324175.4,"DPS_HKD":null,"OPERATE_INCOME_QOQ_SQ":-29.210309302597,"NET_PROFIT_RATIO_SQ":-1.9456177042,"HOLDER_PROFIT_SQ":-1134934581.1,"HOLDER_PROFIT_QOQ_SQ":-417.621828937446,"ROE_AVG_SQ":-8.342562131917,"PE_TTM_SQ":-5.242941815889,"PB_TTM_SQ":0.32557415359,"ROA_SQ":-2.668882308963,"START_DATE":"2021-01-01 00:00:00","FISCAL_YEAR":"12-31","CURRENCY":"HKD","IS_CNY_CODE":0,"DPS_HKD_LY":null,"ORG_TYPE":"一般企业","PREMIUM_INCOME":null,"PREMIUM_INCOME_YOY":null,"NET_INTEREST_INCOME":null,"NET_INTEREST_INCOME_YOY":null,"FEE_COMMISSION_INCOME":null,"FEE_COMMISSION_INCOME_YOY":null,"ACCOUNTS_RECE_TDAYS":3.940918088701,"INVENTORY_TDAYS":11.455104506373,"CURRENT_ASSETS_TDAYS":1.805184825362,"TOTAL_ASSETS_TDAYS":1.429025459622,"PREMIUM_EXPENSE":null,"LOAN_DEPOSIT":null,"LOAN_EQUITY":null,"LOAN_ASSETS":null,"DEPOSIT_EQUITY":null,"DEPOSIT_ASSETS":null,"EQUITY_MULTIPLIER":2.759090357497,"EQUITY_RATIO":1.765042871164},{"SECUCODE":"02038.HK","SECURITY_CODE":"02038","SECURITY_NAME_ABBR":"富智康集团","ORG_CODE":"10010572","STD_REPORT_DATE":"2021-06-30 00:00:00","REPORT_DATE":"2021-06-30 00:00:00","DATE_TYPE_CODE":"002","REPORT_TYPE":"2021年中报","PER_NETCASH_OPERATE":-0.014344381679,"PER_OI":3.146516669479,"BPS":1.677025409297,"BASIC_EPS":-0.0193803,"DILUTED_EPS":null,"OPERATE_INCOME":25439014606.7,"OPERATE_INCOME_YOY":7.3493439556,"GROSS_PROFIT":402574051.7,"GROSS_PROFIT_YOY":2233.76201269236,"HOLDER_PROFIT":-182071458.4,"HOLDER_PROFIT_YOY":71.9584510686,"GROSS_PROFIT_RATIO":1.582506468603,"EPS_TTM":-0.074888470402,"OPERATE_INCOME_QOQ":-0.910016032714,"NET_PROFIT_RATIO":-0.7193996141,"ROE_AVG":-1.367415873164,"GROSS_PROFIT_QOQ":67.842693661232,"ROA":-0.480357275097,"HOLDER_PROFIT_QOQ":46.652462301997,"ROE_YEARLY":-2.734831746327,"ROIC_YEARLY":-1.38007135151,"TOTAL_ASSETS":36838881752.5,"TOTAL_LIABILITIES":23574203380.1,"TAX_EBT":9.820462214299,"OCF_SALES":-0.45588131849,"TOTAL_PARENT_EQUITY":13222506839.6,"DEBT_ASSET_RATIO":63.992722522,"OPERATE_PROFIT":-176942139,"PRETAX_PROFIT":-202937581.4,"NETCASH_OPERATE":-115971715.2,"NETCASH_INVEST":-322042445.1,"NETCASH_FINANCE":171638396.9,"END_CASH":11253978707.5,"DIVI_RATIO":null,"DIVIDEND_RATE":null,"CURRENT_RATIO":1.24187694961,"COMMON_ACS":20000000000,"CURRENTDEBT_DEBT":99.022881995264,"ISSUED_COMMON_SHARES":7884500000,"HK_COMMON_SHARES":7884500000,"PER_SHARES":1000,"TOTAL_MARKET_CAP":7017205000,"HKSK_MARKET_CAP":7017205000,"PE_TTM":-8.795849888189,"PB_TTM":0.598354259536,"REPORT_DATE_SQ":"2020-06-30 00:00:00","REPORT_TYPE_SQ":"2020年中报","OPERATE_INCOME_SQ":25969538703.5,"DPS_HKD":null,"OPERATE_INCOME_QOQ_SQ":-17.898937180881,"NET_PROFIT_RATIO_SQ":-2.7614629555,"HOLDER_PROFIT_SQ":-711546386,"HOLDER_PROFIT_QOQ_SQ":-155.67098324073,"ROE_AVG_SQ":-5.050716717547,"PE_TTM_SQ":-5.56134016817,"PB_TTM_SQ":0.34534593014,"ROA_SQ":-1.600245192183,"START_DATE":"2021-01-01 00:00:00","FISCAL_YEAR":"12-31","CURRENCY":"HKD","IS_CNY_CODE":0,"DPS_HKD_LY":null,"ORG_TYPE":"一般企业","PREMIUM_INCOME":null,"PREMIUM_INCOME_YOY":null,"NET_INTEREST_INCOME":null,"NET_INTEREST_INCOME_YOY":null,"FEE_COMMISSION_INCOME":null,"FEE_COMMISSION_INCOME_YOY":null,"ACCOUNTS_RECE_TDAYS":1.75785509437,"INVENTORY_TDAYS":6.392933965003,"CURRENT_ASSETS_TDAYS":0.851859948024,"TOTAL_ASSETS_TDAYS":0.67115493252,"PREMIUM_EXPENSE":null,"LOAN_DEPOSIT":null,"LOAN_EQUITY":null,"LOAN_ASSETS":null,"DEPOSIT_EQUITY":null,"DEPOSIT_ASSETS":null,"EQUITY_MULTIPLIER":2.777216357474,"EQUITY_RATIO":1.782884566904},{"SECUCODE":"02038.HK","SECURITY_CODE":"02038","SECURITY_NAME_ABBR":"富智康集团","ORG_CODE":"10010572","STD_REPORT_DATE":"2020-12-31 00:00:00","REPORT_DATE":"2020-12-31 00:00:00","DATE_TYPE_CODE":"001","REPORT_TYPE":"2020年年报","PER_NETCASH_OPERATE":-0.071223549319,"PER_OI":7.15755975143,"BPS":1.717545342989,"BASIC_EPS":-0.13898037,"DILUTED_EPS":null,"OPERATE_INCOME":58298324175.4,"OPERATE_INCOME_YOY":-37.861057687,"GROSS_PROFIT":621203104.5,"GROSS_PROFIT_YOY":-64.842700248554,"HOLDER_PROFIT":-1134934581.1,"HOLDER_PROFIT_YOY":-1314.9434637599,"GROSS_PROFIT_RATIO":1.065559110466,"EPS_TTM":-0.139341262259,"OPERATE_INCOME_QOQ":-29.210309302597,"NET_PROFIT_RATIO":-1.9456177042,"ROE_AVG":-8.342562131917,"GROSS_PROFIT_QOQ":-57.108135789077,"ROA":-2.668882308963,"HOLDER_PROFIT_QOQ":-417.621828937446,"ROE_YEARLY":-8.342562131917,"ROIC_YEARLY":-3.600275621167,"TOTAL_ASSETS":39358679642.6,"TOTAL_LIABILITIES":25773394149.4,"TAX_EBT":-16.686468381025,"OCF_SALES":-0.995081449433,"TOTAL_PARENT_EQUITY":13541986256.8,"DEBT_ASSET_RATIO":65.4833810063,"OPERATE_PROFIT":-920448068.3,"PRETAX_PROFIT":-972060027.3,"NETCASH_OPERATE":-580115809.2,"NETCASH_INVEST":-76484877.8,"NETCASH_FINANCE":1817445646,"END_CASH":11609963366.8,"DIVI_RATIO":null,"DIVIDEND_RATE":null,"CURRENT_RATIO":1.217041168131,"COMMON_ACS":20000000000,"CURRENTDEBT_DEBT":98.969115489951,"ISSUED_COMMON_SHARES":7884500000,"HK_COMMON_SHARES":7884500000,"PER_SHARES":1000,"TOTAL_MARKET_CAP":6386445000,"HKSK_MARKET_CAP":6386445000,"PE_TTM":-8.005211695992,"PB_TTM":0.544569606994,"REPORT_DATE_SQ":"2019-12-31 00:00:00","REPORT_TYPE_SQ":"2019年年报","OPERATE_INCOME_SQ":100308393939.6,"DPS_HKD":null,"OPERATE_INCOME_QOQ_SQ":-2.579078547024,"NET_PROFIT_RATIO_SQ":-0.0846949694,"HOLDER_PROFIT_SQ":-85758426.6,"HOLDER_PROFIT_QOQ_SQ":97.937338039599,"ROE_AVG_SQ":-0.580018816522,"PE_TTM_SQ":-5.242941815889,"PB_TTM_SQ":0.32557415359,"ROA_SQ":-0.154562012271,"START_DATE":"2020-01-01 00:00:00","FISCAL_YEAR":"12-31","CURRENCY":"HKD","IS_CNY_CODE":0,"DPS_HKD_LY":null,"ORG_TYPE":"一般企业","PREMIUM_INCOME":null,"PREMIUM_INCOME_YOY":null,"NET_INTEREST_INCOME":null,"NET_INTEREST_INCOME_YOY":null,"FEE_COMMISSION_INCOME":null,"FEE_COMMISSION_INCOME_YOY":null,"ACCOUNTS_RECE_TDAYS":3.160923716446,"INVENTORY_TDAYS":12.587294716052,"CURRENT_ASSETS_TDAYS":1.703638873969,"TOTAL_ASSETS_TDAYS":1.37092805722,"PREMIUM_EXPENSE":null,"LOAN_DEPOSIT":null,"LOAN_EQUITY":null,"LOAN_ASSETS":null,"DEPOSIT_EQUITY":null,"DEPOSIT_ASSETS":null,"EQUITY_MULTIPLIER":2.897155136146,"EQUITY_RATIO":1.90322111252},{"SECUCODE":"02038.HK","SECURITY_CODE":"02038","SECURITY_NAME_ABBR":"富智康集团","ORG_CODE":"10010572","STD_REPORT_DATE":"2020-06-30 00:00:00","REPORT_DATE":"2020-06-30 00:00:00","DATE_TYPE_CODE":"002","REPORT_TYPE":"2020年中报","PER_NETCASH_OPERATE":-0.304700713398,"PER_OI":3.165858674083,"BPS":1.69295990716,"BASIC_EPS":-0.084954,"DILUTED_EPS":null,"OPERATE_INCOME":25969538703.5,"OPERATE_INCOME_YOY":-42.5861421588,"GROSS_PROFIT":-18866867.5,"GROSS_PROFIT_YOY":-106.294042592538,"HOLDER_PROFIT":-711546386,"HOLDER_PROFIT_YOY":-19.5342697097,"GROSS_PROFIT_RATIO":-0.072649990881,"EPS_TTM":-0.026729173778,"OPERATE_INCOME_QOQ":-17.898937180881,"NET_PROFIT_RATIO":-2.7614629555,"ROE_AVG":-5.050716717547,"GROSS_PROFIT_QOQ":-18.032707604972,"ROA":-1.600245192183,"HOLDER_PROFIT_QOQ":-155.67098324073,"ROE_YEARLY":-10.101433435093,"ROIC_YEARLY":-4.221978141765,"TOTAL_ASSETS":39355322793,"TOTAL_LIABILITIES":25968809515,"TAX_EBT":-16.498757935413,"OCF_SALES":-9.62458355744,"TOTAL_PARENT_EQUITY":13348142388,"DEBT_ASSET_RATIO":65.9855076062,"OPERATE_PROFIT":-590260392,"PRETAX_PROFIT":-615576684,"NETCASH_OPERATE":-1349841185.5,"NETCASH_INVEST":-640843419.5,"NETCASH_FINANCE":1566105751.5,"END_CASH":10225551925.5,"DIVI_RATIO":null,"DIVIDEND_RATE":null,"CURRENT_RATIO":1.20848572629,"COMMON_ACS":20000000000,"CURRENTDEBT_DEBT":98.627926186627,"ISSUED_COMMON_SHARES":7884500000,"HK_COMMON_SHARES":7884500000,"PER_SHARES":1000,"TOTAL_MARKET_CAP":7017205000,"HKSK_MARKET_CAP":7017205000,"PE_TTM":-8.795849888189,"PB_TTM":0.598354259536,"REPORT_DATE_SQ":"2019-06-30 00:00:00","REPORT_TYPE_SQ":"2019年中报","OPERATE_INCOME_SQ":43923675121.9,"DPS_HKD":null,"OPERATE_INCOME_QOQ_SQ":0.485038428496,"NET_PROFIT_RATIO_SQ":-1.312203434,"HOLDER_PROFIT_SQ":-578045400.1,"HOLDER_PROFIT_QOQ_SQ":29.322699314827,"ROE_AVG_SQ":-3.988408035445,"PE_TTM_SQ":-5.56134016817,"PB_TTM_SQ":0.34534593014,"ROA_SQ":-1.058498925079,"START_DATE":"2020-01-01 00:00:00","FISCAL_YEAR":"12-31","CURRENCY":"HKD","IS_CNY_CODE":0,"DPS_HKD_LY":null,"ORG_TYPE":"一般企业","PREMIUM_INCOME":null,"PREMIUM_INCOME_YOY":null,"NET_INTEREST_INCOME":null,"NET_INTEREST_INCOME_YOY":null,"FEE_COMMISSION_INCOME":null,"FEE_COMMISSION_INCOME_YOY":null,"ACCOUNTS_RECE_TDAYS":1.365220216558,"INVENTORY_TDAYS":4.864914508054,"CURRENT_ASSETS_TDAYS":0.726149122668,"TOTAL_ASSETS_TDAYS":0.584046666123,"PREMIUM_EXPENSE":null,"LOAN_DEPOSIT":null,"LOAN_EQUITY":null,"LOAN_ASSETS":null,"DEPOSIT_EQUITY":null,"DEPOSIT_ASSETS":null,"EQUITY_MULTIPLIER":2.939923337449,"EQUITY_RATIO":1.945499887561}],"count":46},"success":true,"message":"ok","code":0}