{"version":"3887dce99df7d2478a1cc21d3a1e5982","result":{"pages":3,"data":[{"SECUCODE":"02030.HK","SECURITY_CODE":"02030","SECURITY_NAME_ABBR":"卡宾","ORG_CODE":"10342411","STD_REPORT_DATE":"2024-06-30 00:00:00","REPORT_DATE":"2024-06-30 00:00:00","DATE_TYPE_CODE":"002","REPORT_TYPE":"2024年中报","PER_NETCASH_OPERATE":0.098493403311,"PER_OI":0.756138637407,"BPS":1.985188298412,"BASIC_EPS":0.0214,"DILUTED_EPS":0.0214,"OPERATE_INCOME":505549000,"OPERATE_INCOME_YOY":-14.1217399576,"GROSS_PROFIT":237582000,"GROSS_PROFIT_YOY":-15.054632304568,"HOLDER_PROFIT":14282000,"HOLDER_PROFIT_YOY":36.5783685569,"GROSS_PROFIT_RATIO":46.994851142026,"EPS_TTM":0.036850520421,"OPERATE_INCOME_QOQ":-6.993828282216,"NET_PROFIT_RATIO":3.3612963333,"ROE_AVG":1.079586428143,"GROSS_PROFIT_QOQ":-8.229775423646,"ROA":0.666099224625,"HOLDER_PROFIT_QOQ":18.377936866382,"ROE_YEARLY":2.159172856285,"ROIC_YEARLY":1.667675247044,"TOTAL_ASSETS":2061976000,"TOTAL_LIABILITIES":723978000,"TAX_EBT":45.571890714583,"OCF_SALES":13.025839236157,"TOTAL_PARENT_EQUITY":1327283000,"DEBT_ASSET_RATIO":35.1108839288,"OPERATE_PROFIT":42931000,"PRETAX_PROFIT":31221000,"NETCASH_OPERATE":65852000,"NETCASH_INVEST":30915000,"NETCASH_FINANCE":-143542000,"END_CASH":153694000,"DIVI_RATIO":0.402476378365,"DIVIDEND_RATE":1.293650793651,"CURRENT_RATIO":2.077028159571,"COMMON_ACS":10000000000,"CURRENTDEBT_DEBT":98.88698275362,"ISSUED_COMMON_SHARES":668593000,"HK_COMMON_SHARES":668593000,"PER_SHARES":1000,"TOTAL_MARKET_CAP":842427180,"HKSK_MARKET_CAP":842427180,"PE_TTM":30.888286032501,"PB_TTM":0.579278449767,"REPORT_DATE_SQ":"2023-06-30 00:00:00","REPORT_TYPE_SQ":"2023年中报","OPERATE_INCOME_SQ":588681000,"DPS_HKD":0.0163,"OPERATE_INCOME_QOQ_SQ":-0.821147479978,"NET_PROFIT_RATIO_SQ":2.7921743695,"HOLDER_PROFIT_SQ":10457000,"HOLDER_PROFIT_QOQ_SQ":-3.715930451128,"ROE_AVG_SQ":0.79959870957,"PE_TTM_SQ":-6.560429747663,"PB_TTM_SQ":0.460270772849,"ROA_SQ":0.473760586218,"START_DATE":"2024-01-01 00:00:00","FISCAL_YEAR":"12-31","CURRENCY":"HKD","IS_CNY_CODE":0,"DPS_HKD_LY":0.0163,"ORG_TYPE":"一般企业","PREMIUM_INCOME":null,"PREMIUM_INCOME_YOY":null,"NET_INTEREST_INCOME":null,"NET_INTEREST_INCOME_YOY":null,"FEE_COMMISSION_INCOME":null,"FEE_COMMISSION_INCOME_YOY":null,"ACCOUNTS_RECE_TDAYS":0.629266586507,"INVENTORY_TDAYS":0.993388334776,"CURRENT_ASSETS_TDAYS":0.325725643818,"TOTAL_ASSETS_TDAYS":0.235783361511,"PREMIUM_EXPENSE":null,"LOAN_DEPOSIT":null,"LOAN_EQUITY":null,"LOAN_ASSETS":null,"DEPOSIT_EQUITY":null,"DEPOSIT_ASSETS":null,"EQUITY_MULTIPLIER":1.541090494903,"EQUITY_RATIO":0.545458655012},{"SECUCODE":"02030.HK","SECURITY_CODE":"02030","SECURITY_NAME_ABBR":"卡宾","ORG_CODE":"10342411","STD_REPORT_DATE":"2023-12-31 00:00:00","REPORT_DATE":"2023-12-31 00:00:00","DATE_TYPE_CODE":"001","REPORT_TYPE":"2023年年报","PER_NETCASH_OPERATE":0.143435542999,"PER_OI":1.777834945924,"BPS":1.97211906197,"BASIC_EPS":0.0311,"DILUTED_EPS":0.0311,"OPERATE_INCOME":1188648000,"OPERATE_INCOME_YOY":0.3037005221,"GROSS_PROFIT":511630000,"GROSS_PROFIT_YOY":0.914409243502,"HOLDER_PROFIT":20813000,"HOLDER_PROFIT_YOY":124.451362782,"GROSS_PROFIT_RATIO":43.043020305423,"EPS_TTM":0.031129551162,"OPERATE_INCOME_QOQ":1.134161137667,"NET_PROFIT_RATIO":2.3053923449,"ROE_AVG":1.587798675398,"GROSS_PROFIT_QOQ":-0.92005708963,"ROA":0.940852802397,"HOLDER_PROFIT_QOQ":123.575320276837,"ROE_YEARLY":1.587798675398,"ROIC_YEARLY":1.162966450097,"TOTAL_ASSETS":2226274000,"TOTAL_LIABILITIES":892515000,"TAX_EBT":57.523948290294,"OCF_SALES":8.067989850654,"TOTAL_PARENT_EQUITY":1318545000,"DEBT_ASSET_RATIO":40.0900787594,"OPERATE_PROFIT":88693000,"PRETAX_PROFIT":64514000,"NETCASH_OPERATE":95900000,"NETCASH_INVEST":-121278000,"NETCASH_FINANCE":12613000,"END_CASH":200265000,"DIVI_RATIO":0.476443233083,"DIVIDEND_RATE":1.253846153846,"CURRENT_RATIO":1.844613261244,"COMMON_ACS":10000000000,"CURRENTDEBT_DEBT":98.226920555957,"ISSUED_COMMON_SHARES":668593000,"HK_COMMON_SHARES":668593000,"PER_SHARES":1000,"TOTAL_MARKET_CAP":869170900,"HKSK_MARKET_CAP":869170900,"PE_TTM":31.868866541469,"PB_TTM":0.597668241823,"REPORT_DATE_SQ":"2022-12-31 00:00:00","REPORT_TYPE_SQ":"2022年年报","OPERATE_INCOME_SQ":1185049000,"DPS_HKD":0.0163,"OPERATE_INCOME_QOQ_SQ":-9.625445371794,"NET_PROFIT_RATIO_SQ":-6.3486826283,"HOLDER_PROFIT_SQ":-85120000,"HOLDER_PROFIT_QOQ_SQ":-242.307820911492,"ROE_AVG_SQ":-6.270209030294,"PE_TTM_SQ":-6.828202390424,"PB_TTM_SQ":0.479057335007,"ROA_SQ":-3.647965344329,"START_DATE":"2023-01-01 00:00:00","FISCAL_YEAR":"12-31","CURRENCY":"HKD","IS_CNY_CODE":0,"DPS_HKD_LY":0.007,"ORG_TYPE":"一般企业","PREMIUM_INCOME":null,"PREMIUM_INCOME_YOY":null,"NET_INTEREST_INCOME":null,"NET_INTEREST_INCOME_YOY":null,"FEE_COMMISSION_INCOME":null,"FEE_COMMISSION_INCOME_YOY":null,"ACCOUNTS_RECE_TDAYS":1.550148931398,"INVENTORY_TDAYS":2.004930754731,"CURRENT_ASSETS_TDAYS":0.753360227406,"TOTAL_ASSETS_TDAYS":0.537328977977,"PREMIUM_EXPENSE":null,"LOAN_DEPOSIT":null,"LOAN_EQUITY":null,"LOAN_ASSETS":null,"DEPOSIT_EQUITY":null,"DEPOSIT_ASSETS":null,"EQUITY_MULTIPLIER":1.669172616642,"EQUITY_RATIO":0.676893848902},{"SECUCODE":"02030.HK","SECURITY_CODE":"02030","SECURITY_NAME_ABBR":"卡宾","ORG_CODE":"10342411","STD_REPORT_DATE":"2023-06-30 00:00:00","REPORT_DATE":"2023-06-30 00:00:00","DATE_TYPE_CODE":"002","REPORT_TYPE":"2023年中报","PER_NETCASH_OPERATE":0.117509456426,"PER_OI":0.880477360666,"BPS":1.963062730241,"BASIC_EPS":0.0156,"DILUTED_EPS":0.0156,"OPERATE_INCOME":588681000,"OPERATE_INCOME_YOY":-1.6261371764,"GROSS_PROFIT":279688000,"GROSS_PROFIT_YOY":3.472795143192,"HOLDER_PROFIT":10457000,"HOLDER_PROFIT_YOY":-23.2232011747,"GROSS_PROFIT_RATIO":47.510960944892,"EPS_TTM":-0.132042961862,"OPERATE_INCOME_QOQ":-0.821147479978,"NET_PROFIT_RATIO":2.7921743695,"ROE_AVG":0.79959870957,"GROSS_PROFIT_QOQ":1.851501201198,"ROA":0.473760586218,"HOLDER_PROFIT_QOQ":-3.715930451128,"ROE_YEARLY":1.59919741914,"ROIC_YEARLY":1.172413909087,"TOTAL_ASSETS":2216456000,"TOTAL_LIABILITIES":881788000,"TAX_EBT":43.193364437532,"OCF_SALES":13.34610765423,"TOTAL_PARENT_EQUITY":1312490000,"DEBT_ASSET_RATIO":39.7836907207,"OPERATE_PROFIT":38801000,"PRETAX_PROFIT":28935000,"NETCASH_OPERATE":78566000,"NETCASH_INVEST":-58754000,"NETCASH_FINANCE":25275000,"END_CASH":258180000,"DIVI_RATIO":-0.112323018137,"DIVIDEND_RATE":1.253846153846,"CURRENT_RATIO":1.832247346239,"COMMON_ACS":10000000000,"CURRENTDEBT_DEBT":97.273380903346,"ISSUED_COMMON_SHARES":668593000,"HK_COMMON_SHARES":668593000,"PER_SHARES":1000,"TOTAL_MARKET_CAP":869170900,"HKSK_MARKET_CAP":869170900,"PE_TTM":31.868866541469,"PB_TTM":0.597668241823,"REPORT_DATE_SQ":"2022-06-30 00:00:00","REPORT_TYPE_SQ":"2022年中报","OPERATE_INCOME_SQ":598412000,"DPS_HKD":0.0163,"OPERATE_INCOME_QOQ_SQ":-4.472914672367,"NET_PROFIT_RATIO_SQ":3.419884628,"HOLDER_PROFIT_SQ":13620000,"HOLDER_PROFIT_QOQ_SQ":-63.570697719743,"ROE_AVG_SQ":0.966246635518,"PE_TTM_SQ":-6.828202390424,"PB_TTM_SQ":0.479057335007,"ROA_SQ":0.575305942801,"START_DATE":"2023-01-01 00:00:00","FISCAL_YEAR":"12-31","CURRENCY":"HKD","IS_CNY_CODE":0,"DPS_HKD_LY":0.007,"ORG_TYPE":"一般企业","PREMIUM_INCOME":null,"PREMIUM_INCOME_YOY":null,"NET_INTEREST_INCOME":null,"NET_INTEREST_INCOME_YOY":null,"FEE_COMMISSION_INCOME":null,"FEE_COMMISSION_INCOME_YOY":null,"ACCOUNTS_RECE_TDAYS":0.790255394838,"INVENTORY_TDAYS":0.911711031216,"CURRENT_ASSETS_TDAYS":0.378568486484,"TOTAL_ASSETS_TDAYS":0.266705418051,"PREMIUM_EXPENSE":null,"LOAN_DEPOSIT":null,"LOAN_EQUITY":null,"LOAN_ASSETS":null,"DEPOSIT_EQUITY":null,"DEPOSIT_ASSETS":null,"EQUITY_MULTIPLIER":1.660679659661,"EQUITY_RATIO":0.671843594999},{"SECUCODE":"02030.HK","SECURITY_CODE":"02030","SECURITY_NAME_ABBR":"卡宾","ORG_CODE":"10342411","STD_REPORT_DATE":"2022-12-31 00:00:00","REPORT_DATE":"2022-12-31 00:00:00","DATE_TYPE_CODE":"001","REPORT_TYPE":"2022年年报","PER_NETCASH_OPERATE":-0.134540744519,"PER_OI":1.772451999946,"BPS":1.948976432598,"BASIC_EPS":-0.1273,"DILUTED_EPS":-0.1273,"OPERATE_INCOME":1185049000,"OPERATE_INCOME_YOY":-13.6678220858,"GROSS_PROFIT":506994000,"GROSS_PROFIT_YOY":-19.375927307076,"HOLDER_PROFIT":-85120000,"HOLDER_PROFIT_YOY":-151.8417462483,"GROSS_PROFIT_RATIO":42.782534730631,"EPS_TTM":-0.127312131596,"OPERATE_INCOME_QOQ":-9.625445371794,"NET_PROFIT_RATIO":-6.3486826283,"ROE_AVG":-6.270209030294,"GROSS_PROFIT_QOQ":-7.662971320544,"ROA":-3.647965344329,"HOLDER_PROFIT_QOQ":-242.307820911492,"ROE_YEARLY":-6.270209030294,"ROIC_YEARLY":-4.557253847659,"TOTAL_ASSETS":2198010000,"TOTAL_LIABILITIES":871596000,"TAX_EBT":6.418309596368,"OCF_SALES":-7.590656588884,"TOTAL_PARENT_EQUITY":1303072000,"DEBT_ASSET_RATIO":39.6538687267,"OPERATE_PROFIT":-56072000,"PRETAX_PROFIT":-80395000,"NETCASH_OPERATE":-89953000,"NETCASH_INVEST":110321000,"NETCASH_FINANCE":-59882000,"END_CASH":212784000,"DIVI_RATIO":-0.116496863371,"DIVIDEND_RATE":1.253846153846,"CURRENT_RATIO":1.8313711392,"COMMON_ACS":10000000000,"CURRENTDEBT_DEBT":96.380203672344,"ISSUED_COMMON_SHARES":668593000,"HK_COMMON_SHARES":668593000,"PER_SHARES":1000,"TOTAL_MARKET_CAP":869170900,"HKSK_MARKET_CAP":869170900,"PE_TTM":31.868866541469,"PB_TTM":0.597668241823,"REPORT_DATE_SQ":"2021-12-31 00:00:00","REPORT_TYPE_SQ":"2021年年报","OPERATE_INCOME_SQ":1372662000,"DPS_HKD":0.0163,"OPERATE_INCOME_QOQ_SQ":-6.5988859872,"NET_PROFIT_RATIO_SQ":12.2856901408,"HOLDER_PROFIT_SQ":164192000,"HOLDER_PROFIT_QOQ_SQ":-16.4072722089,"ROE_AVG_SQ":12.012771324806,"PE_TTM_SQ":-6.828202390424,"PB_TTM_SQ":0.479057335007,"ROA_SQ":6.754808458732,"START_DATE":"2022-01-01 00:00:00","FISCAL_YEAR":"12-31","CURRENCY":"HKD","IS_CNY_CODE":0,"DPS_HKD_LY":0.044,"ORG_TYPE":"一般企业","PREMIUM_INCOME":null,"PREMIUM_INCOME_YOY":null,"NET_INTEREST_INCOME":null,"NET_INTEREST_INCOME_YOY":null,"FEE_COMMISSION_INCOME":null,"FEE_COMMISSION_INCOME_YOY":null,"ACCOUNTS_RECE_TDAYS":1.648028948483,"INVENTORY_TDAYS":1.486099087153,"CURRENT_ASSETS_TDAYS":0.690733105644,"TOTAL_ASSETS_TDAYS":0.507873318061,"PREMIUM_EXPENSE":null,"LOAN_DEPOSIT":null,"LOAN_EQUITY":null,"LOAN_ASSETS":null,"DEPOSIT_EQUITY":null,"DEPOSIT_ASSETS":null,"EQUITY_MULTIPLIER":1.657107057072,"EQUITY_RATIO":0.668877851723},{"SECUCODE":"02030.HK","SECURITY_CODE":"02030","SECURITY_NAME_ABBR":"卡宾","ORG_CODE":"10342411","STD_REPORT_DATE":"2022-06-30 00:00:00","REPORT_DATE":"2022-06-30 00:00:00","DATE_TYPE_CODE":"002","REPORT_TYPE":"2022年中报","PER_NETCASH_OPERATE":-0.230567774416,"PER_OI":0.895031805598,"BPS":2.104669058755,"BASIC_EPS":0.0204,"DILUTED_EPS":0.0204,"OPERATE_INCOME":598412000,"OPERATE_INCOME_YOY":-9.3054061018,"GROSS_PROFIT":270301000,"GROSS_PROFIT_YOY":-22.786364973762,"HOLDER_PROFIT":13620000,"HOLDER_PROFIT_YOY":-88.4574314819,"GROSS_PROFIT_RATIO":45.169715847944,"EPS_TTM":0.089462498112,"OPERATE_INCOME_QOQ":-4.472914672367,"NET_PROFIT_RATIO":3.419884628,"ROE_AVG":0.966246635518,"GROSS_PROFIT_QOQ":-12.68500422208,"ROA":0.575305942801,"HOLDER_PROFIT_QOQ":-63.570697719743,"ROE_YEARLY":1.932493271036,"ROIC_YEARLY":1.466300916815,"TOTAL_ASSETS":2266171000,"TOTAL_LIABILITIES":838181000,"TAX_EBT":42.825613231268,"OCF_SALES":-25.760847041837,"TOTAL_PARENT_EQUITY":1407167000,"DEBT_ASSET_RATIO":36.986661642,"OPERATE_PROFIT":45598000,"PRETAX_PROFIT":35794000,"NETCASH_OPERATE":-154156000,"NETCASH_INVEST":161598000,"NETCASH_FINANCE":69111000,"END_CASH":328575000,"DIVI_RATIO":0.165784147694,"DIVIDEND_RATE":1.253846153846,"CURRENT_RATIO":2.044086335792,"COMMON_ACS":10000000000,"CURRENTDEBT_DEBT":97.555420607244,"ISSUED_COMMON_SHARES":668593000,"HK_COMMON_SHARES":668593000,"PER_SHARES":1000,"TOTAL_MARKET_CAP":869170900,"HKSK_MARKET_CAP":869170900,"PE_TTM":31.868866541469,"PB_TTM":0.597668241823,"REPORT_DATE_SQ":"2021-06-30 00:00:00","REPORT_TYPE_SQ":"2021年中报","OPERATE_INCOME_SQ":659810000,"DPS_HKD":0.0163,"OPERATE_INCOME_QOQ_SQ":14.065267435669,"NET_PROFIT_RATIO_SQ":17.881662903,"HOLDER_PROFIT_SQ":117998000,"HOLDER_PROFIT_QOQ_SQ":1.137949322637,"ROE_AVG_SQ":8.641266040164,"PE_TTM_SQ":-6.828202390424,"PB_TTM_SQ":0.479057335007,"ROA_SQ":5.081173116349,"START_DATE":"2022-01-01 00:00:00","FISCAL_YEAR":"12-31","CURRENCY":"HKD","IS_CNY_CODE":0,"DPS_HKD_LY":0.044,"ORG_TYPE":"一般企业","PREMIUM_INCOME":null,"PREMIUM_INCOME_YOY":null,"NET_INTEREST_INCOME":null,"NET_INTEREST_INCOME_YOY":null,"FEE_COMMISSION_INCOME":null,"FEE_COMMISSION_INCOME_YOY":null,"ACCOUNTS_RECE_TDAYS":0.822991591461,"INVENTORY_TDAYS":0.703038003705,"CURRENT_ASSETS_TDAYS":0.335783388146,"TOTAL_ASSETS_TDAYS":0.252767973453,"PREMIUM_EXPENSE":null,"LOAN_DEPOSIT":null,"LOAN_EQUITY":null,"LOAN_ASSETS":null,"DEPOSIT_EQUITY":null,"DEPOSIT_ASSETS":null,"EQUITY_MULTIPLIER":1.586965594996,"EQUITY_RATIO":0.59565140456},{"SECUCODE":"02030.HK","SECURITY_CODE":"02030","SECURITY_NAME_ABBR":"卡宾","ORG_CODE":"10342411","STD_REPORT_DATE":"2021-12-31 00:00:00","REPORT_DATE":"2021-12-31 00:00:00","DATE_TYPE_CODE":"001","REPORT_TYPE":"2021年年报","PER_NETCASH_OPERATE":-0.005547470584,"PER_OI":2.053060681162,"BPS":2.111881219217,"BASIC_EPS":0.2456,"DILUTED_EPS":0.2452,"OPERATE_INCOME":1372662000,"OPERATE_INCOME_YOY":6.5382304866,"GROSS_PROFIT":628837000,"GROSS_PROFIT_YOY":3.348097261141,"HOLDER_PROFIT":164192000,"HOLDER_PROFIT_YOY":-15.4560293292,"GROSS_PROFIT_RATIO":45.81149620227,"EPS_TTM":0.24557840121,"OPERATE_INCOME_QOQ":-6.5988859872,"NET_PROFIT_RATIO":12.2856901408,"ROE_AVG":12.012771324806,"GROSS_PROFIT_QOQ":-13.363165805814,"ROA":6.754808458732,"HOLDER_PROFIT_QOQ":-16.4072722089,"ROE_YEARLY":12.012771324806,"ROIC_YEARLY":9.433632711595,"TOTAL_ASSETS":2468701000,"TOTAL_LIABILITIES":1043381000,"TAX_EBT":28.997149629705,"OCF_SALES":-0.270204901134,"TOTAL_PARENT_EQUITY":1411989000,"DEBT_ASSET_RATIO":42.2643730448,"OPERATE_PROFIT":255300000,"PRETAX_PROFIT":237513000,"NETCASH_OPERATE":-3709000,"NETCASH_INVEST":-84680000,"NETCASH_FINANCE":-188537000,"END_CASH":251671000,"DIVI_RATIO":0.060394008296,"DIVIDEND_RATE":1.253846153846,"CURRENT_RATIO":1.863634260239,"COMMON_ACS":10000000000,"CURRENTDEBT_DEBT":97.344402476181,"ISSUED_COMMON_SHARES":668593000,"HK_COMMON_SHARES":668593000,"PER_SHARES":1000,"TOTAL_MARKET_CAP":869170900,"HKSK_MARKET_CAP":869170900,"PE_TTM":31.868866541469,"PB_TTM":0.597668241823,"REPORT_DATE_SQ":"2020-12-31 00:00:00","REPORT_TYPE_SQ":"2020年年报","OPERATE_INCOME_SQ":1288422000,"DPS_HKD":0.0163,"OPERATE_INCOME_QOQ_SQ":7.940223383186,"NET_PROFIT_RATIO_SQ":15.1379749802,"HOLDER_PROFIT_SQ":194209000,"HOLDER_PROFIT_QOQ_SQ":18.846229163097,"ROE_AVG_SQ":15.37451274078,"PE_TTM_SQ":-6.828202390424,"PB_TTM_SQ":0.479057335007,"ROA_SQ":8.382424570847,"START_DATE":"2021-01-01 00:00:00","FISCAL_YEAR":"12-31","CURRENCY":"HKD","IS_CNY_CODE":0,"DPS_HKD_LY":0.138,"ORG_TYPE":"一般企业","PREMIUM_INCOME":null,"PREMIUM_INCOME_YOY":null,"NET_INTEREST_INCOME":null,"NET_INTEREST_INCOME_YOY":null,"FEE_COMMISSION_INCOME":null,"FEE_COMMISSION_INCOME_YOY":null,"ACCOUNTS_RECE_TDAYS":2.072850002265,"INVENTORY_TDAYS":1.618333681444,"CURRENT_ASSETS_TDAYS":0.720694998757,"TOTAL_ASSETS_TDAYS":0.56470893153,"PREMIUM_EXPENSE":null,"LOAN_DEPOSIT":null,"LOAN_EQUITY":null,"LOAN_ASSETS":null,"DEPOSIT_EQUITY":null,"DEPOSIT_ASSETS":null,"EQUITY_MULTIPLIER":1.732032806669,"EQUITY_RATIO":0.738944141916},{"SECUCODE":"02030.HK","SECURITY_CODE":"02030","SECURITY_NAME_ABBR":"卡宾","ORG_CODE":"10342411","STD_REPORT_DATE":"2021-06-30 00:00:00","REPORT_DATE":"2021-06-30 00:00:00","DATE_TYPE_CODE":"002","REPORT_TYPE":"2021年中报","PER_NETCASH_OPERATE":-0.091359018117,"PER_OI":0.986863458038,"BPS":2.10800890826,"BASIC_EPS":0.1765,"DILUTED_EPS":0.1763,"OPERATE_INCOME":659810000,"OPERATE_INCOME_YOY":37.8653962682,"GROSS_PROFIT":350069000,"GROSS_PROFIT_YOY":50.435963438374,"HOLDER_PROFIT":117998000,"HOLDER_PROFIT_YOY":1.9086606557,"GROSS_PROFIT_RATIO":53.056031281733,"EPS_TTM":0.293779623777,"OPERATE_INCOME_QOQ":14.065267435669,"NET_PROFIT_RATIO":17.881662903,"ROE_AVG":8.641266040164,"GROSS_PROFIT_QOQ":19.288866245388,"ROA":5.081173116349,"HOLDER_PROFIT_QOQ":1.137949322637,"ROE_YEARLY":17.282532080329,"ROIC_YEARLY":14.947533900125,"TOTAL_ASSETS":2251734000,"TOTAL_LIABILITIES":834082000,"TAX_EBT":27.515174600054,"OCF_SALES":-9.257513526621,"TOTAL_PARENT_EQUITY":1409400000,"DEBT_ASSET_RATIO":37.0417642581,"OPERATE_PROFIT":171320000,"PRETAX_PROFIT":162772000,"NETCASH_OPERATE":-61082000,"NETCASH_INVEST":19151000,"NETCASH_FINANCE":-115447000,"END_CASH":371525000,"DIVI_RATIO":0.050484998957,"DIVIDEND_RATE":1.253846153846,"CURRENT_RATIO":2.917120225243,"COMMON_ACS":10000000000,"CURRENTDEBT_DEBT":72.560491654298,"ISSUED_COMMON_SHARES":668593000,"HK_COMMON_SHARES":668593000,"PER_SHARES":1000,"TOTAL_MARKET_CAP":869170900,"HKSK_MARKET_CAP":869170900,"PE_TTM":31.868866541469,"PB_TTM":0.597668241823,"REPORT_DATE_SQ":"2020-06-30 00:00:00","REPORT_TYPE_SQ":"2020年中报","OPERATE_INCOME_SQ":478590000,"DPS_HKD":0.0163,"OPERATE_INCOME_QOQ_SQ":-6.378366168196,"NET_PROFIT_RATIO_SQ":24.3672036608,"HOLDER_PROFIT_SQ":115788000,"HOLDER_PROFIT_QOQ_SQ":3.658876963284,"ROE_AVG_SQ":9.22019926613,"PE_TTM_SQ":-6.828202390424,"PB_TTM_SQ":0.479057335007,"ROA_SQ":5.166946943834,"START_DATE":"2021-01-01 00:00:00","FISCAL_YEAR":"12-31","CURRENCY":"HKD","IS_CNY_CODE":0,"DPS_HKD_LY":0.138,"ORG_TYPE":"一般企业","PREMIUM_INCOME":null,"PREMIUM_INCOME_YOY":null,"NET_INTEREST_INCOME":null,"NET_INTEREST_INCOME_YOY":null,"FEE_COMMISSION_INCOME":null,"FEE_COMMISSION_INCOME_YOY":null,"ACCOUNTS_RECE_TDAYS":1.020326583063,"INVENTORY_TDAYS":0.823543800642,"CURRENT_ASSETS_TDAYS":0.358406175922,"TOTAL_ASSETS_TDAYS":0.284124208368,"PREMIUM_EXPENSE":null,"LOAN_DEPOSIT":null,"LOAN_EQUITY":null,"LOAN_ASSETS":null,"DEPOSIT_EQUITY":null,"DEPOSIT_ASSETS":null,"EQUITY_MULTIPLIER":1.588354546813,"EQUITY_RATIO":0.59179934724},{"SECUCODE":"02030.HK","SECURITY_CODE":"02030","SECURITY_NAME_ABBR":"卡宾","ORG_CODE":"10342411","STD_REPORT_DATE":"2020-12-31 00:00:00","REPORT_DATE":"2020-12-31 00:00:00","DATE_TYPE_CODE":"001","REPORT_TYPE":"2020年年报","PER_NETCASH_OPERATE":0.543261745187,"PER_OI":1.927064746415,"BPS":1.976740707725,"BASIC_EPS":0.2905,"DILUTED_EPS":0.2905,"OPERATE_INCOME":1288422000,"OPERATE_INCOME_YOY":1.055400693,"GROSS_PROFIT":608465000,"GROSS_PROFIT_YOY":8.636810803959,"HOLDER_PROFIT":194209000,"HOLDER_PROFIT_YOY":23.1946664637,"GROSS_PROFIT_RATIO":47.22559844523,"EPS_TTM":0.290474174872,"OPERATE_INCOME_QOQ":7.940223383186,"NET_PROFIT_RATIO":15.1379749802,"ROE_AVG":15.37451274078,"GROSS_PROFIT_QOQ":15.919291908616,"ROA":8.382424570847,"HOLDER_PROFIT_QOQ":18.846229163097,"ROE_YEARLY":15.37451274078,"ROIC_YEARLY":12.13085601335,"TOTAL_ASSETS":2392784000,"TOTAL_LIABILITIES":1063052000,"TAX_EBT":28.656500221301,"OCF_SALES":28.191151656833,"TOTAL_PARENT_EQUITY":1321635000,"DEBT_ASSET_RATIO":44.4274117513,"OPERATE_PROFIT":292844000,"PRETAX_PROFIT":273383000,"NETCASH_OPERATE":363221000,"NETCASH_INVEST":15036000,"NETCASH_FINANCE":-110762000,"END_CASH":529037000,"DIVI_RATIO":0.051059492661,"DIVIDEND_RATE":1.253846153846,"CURRENT_RATIO":2.402161460227,"COMMON_ACS":10000000000,"CURRENTDEBT_DEBT":75.047504731659,"ISSUED_COMMON_SHARES":668593000,"HK_COMMON_SHARES":668593000,"PER_SHARES":1000,"TOTAL_MARKET_CAP":869170900,"HKSK_MARKET_CAP":869170900,"PE_TTM":31.868866541469,"PB_TTM":0.597668241823,"REPORT_DATE_SQ":"2019-12-31 00:00:00","REPORT_TYPE_SQ":"2019年年报","OPERATE_INCOME_SQ":1274966000,"DPS_HKD":0.0163,"OPERATE_INCOME_QOQ_SQ":-0.022818929831,"NET_PROFIT_RATIO_SQ":12.403624881,"HOLDER_PROFIT_SQ":157644000,"HOLDER_PROFIT_QOQ_SQ":-25.784203415045,"ROE_AVG_SQ":13.574214125125,"PE_TTM_SQ":-6.828202390424,"PB_TTM_SQ":0.479057335007,"ROA_SQ":7.267042993813,"START_DATE":"2020-01-01 00:00:00","FISCAL_YEAR":"12-31","CURRENCY":"HKD","IS_CNY_CODE":0,"DPS_HKD_LY":0.106,"ORG_TYPE":"一般企业","PREMIUM_INCOME":null,"PREMIUM_INCOME_YOY":null,"NET_INTEREST_INCOME":null,"NET_INTEREST_INCOME_YOY":null,"FEE_COMMISSION_INCOME":null,"FEE_COMMISSION_INCOME_YOY":null,"ACCOUNTS_RECE_TDAYS":1.905655116923,"INVENTORY_TDAYS":1.761526096198,"CURRENT_ASSETS_TDAYS":0.691013518351,"TOTAL_ASSETS_TDAYS":0.556107092381,"PREMIUM_EXPENSE":null,"LOAN_DEPOSIT":null,"LOAN_EQUITY":null,"LOAN_ASSETS":null,"DEPOSIT_EQUITY":null,"DEPOSIT_ASSETS":null,"EQUITY_MULTIPLIER":1.799448309884,"EQUITY_RATIO":0.804346131875},{"SECUCODE":"02030.HK","SECURITY_CODE":"02030","SECURITY_NAME_ABBR":"卡宾","ORG_CODE":"10342411","STD_REPORT_DATE":"2020-06-30 00:00:00","REPORT_DATE":"2020-06-30 00:00:00","DATE_TYPE_CODE":"002","REPORT_TYPE":"2020年中报","PER_NETCASH_OPERATE":0.176573790034,"PER_OI":0.715816647796,"BPS":1.954664496936,"BASIC_EPS":0.1732,"DILUTED_EPS":0.1732,"OPERATE_INCOME":478590000,"OPERATE_INCOME_YOY":-14.5240680678,"GROSS_PROFIT":232703000,"GROSS_PROFIT_YOY":-13.134868789429,"HOLDER_PROFIT":115788000,"HOLDER_PROFIT_YOY":5.2426831485,"GROSS_PROFIT_RATIO":48.622620614722,"EPS_TTM":0.244411772184,"OPERATE_INCOME_QOQ":-6.378366168196,"NET_PROFIT_RATIO":24.3672036608,"ROE_AVG":9.22019926613,"GROSS_PROFIT_QOQ":-6.282371971697,"ROA":5.166946943834,"HOLDER_PROFIT_QOQ":3.658876963284,"ROE_YEARLY":18.44039853226,"ROIC_YEARLY":14.800295141824,"TOTAL_ASSETS":2240938000,"TOTAL_LIABILITIES":902151000,"TAX_EBT":27.009569827192,"OCF_SALES":24.667460665706,"TOTAL_PARENT_EQUITY":1306875000,"DEBT_ASSET_RATIO":40.2577402855,"OPERATE_PROFIT":169981000,"PRETAX_PROFIT":159773000,"NETCASH_OPERATE":118056000,"NETCASH_INVEST":67254000,"NETCASH_FINANCE":-13297000,"END_CASH":442373000,"DIVI_RATIO":0.060682281657,"DIVIDEND_RATE":1.253846153846,"CURRENT_RATIO":2.962279816337,"COMMON_ACS":10000000000,"CURRENTDEBT_DEBT":66.219402295181,"ISSUED_COMMON_SHARES":668593000,"HK_COMMON_SHARES":668593000,"PER_SHARES":1000,"TOTAL_MARKET_CAP":869170900,"HKSK_MARKET_CAP":869170900,"PE_TTM":31.868866541469,"PB_TTM":0.597668241823,"REPORT_DATE_SQ":"2019-06-30 00:00:00","REPORT_TYPE_SQ":"2019年中报","OPERATE_INCOME_SQ":559912000,"DPS_HKD":0.0163,"OPERATE_INCOME_QOQ_SQ":0.140089346221,"NET_PROFIT_RATIO_SQ":19.6479089571,"HOLDER_PROFIT_SQ":110020000,"HOLDER_PROFIT_QOQ_SQ":0.247772408065,"ROE_AVG_SQ":9.490115469397,"PE_TTM_SQ":-6.828202390424,"PB_TTM_SQ":0.479057335007,"ROA_SQ":5.347510408738,"START_DATE":"2020-01-01 00:00:00","FISCAL_YEAR":"12-31","CURRENCY":"HKD","IS_CNY_CODE":0,"DPS_HKD_LY":0.106,"ORG_TYPE":"一般企业","PREMIUM_INCOME":null,"PREMIUM_INCOME_YOY":null,"NET_INTEREST_INCOME":null,"NET_INTEREST_INCOME_YOY":null,"FEE_COMMISSION_INCOME":null,"FEE_COMMISSION_INCOME_YOY":null,"ACCOUNTS_RECE_TDAYS":0.73073646216,"INVENTORY_TDAYS":0.627378788169,"CURRENT_ASSETS_TDAYS":0.267196157119,"TOTAL_ASSETS_TDAYS":0.213566961848,"PREMIUM_EXPENSE":null,"LOAN_DEPOSIT":null,"LOAN_EQUITY":null,"LOAN_ASSETS":null,"DEPOSIT_EQUITY":null,"DEPOSIT_ASSETS":null,"EQUITY_MULTIPLIER":1.673857006379,"EQUITY_RATIO":0.690311621234}],"count":27},"success":true,"message":"ok","code":0}