{"version":"b99735d732126c6af99669cee552c485","result":{"pages":7,"data":[{"SECUCODE":"02039.HK","SECURITY_CODE":"02039","SECURITY_NAME_ABBR":"中集集团","ORG_CODE":"10004123","STD_REPORT_DATE":"2024-09-30 00:00:00","REPORT_DATE":"2024-09-30 00:00:00","DATE_TYPE_CODE":"004","REPORT_TYPE":"2024年三季报","PER_NETCASH_OPERATE":0.298653854787,"PER_OI":23.916587753428,"BPS":8.674241293573,"BASIC_EPS":0.3357,"DILUTED_EPS":0.3307,"OPERATE_INCOME":128970687000,"OPERATE_INCOME_YOY":35.5814899547,"GROSS_PROFIT":15269000000,"GROSS_PROFIT_YOY":18.551809174834,"HOLDER_PROFIT":1828020000,"HOLDER_PROFIT_YOY":268.8669974595,"GROSS_PROFIT_RATIO":11.839124343038,"EPS_TTM":0.325208228211,"OPERATE_INCOME_QOQ":10.458106510999,"NET_PROFIT_RATIO":2.1138175375,"ROE_AVG":3.704310987609,"GROSS_PROFIT_QOQ":11.520360765955,"ROA":1.067090313231,"HOLDER_PROFIT_QOQ":97.382478271733,"ROE_YEARLY":4.939081316812,"ROIC_YEARLY":1.3841658752,"TOTAL_ASSETS":180854440000,"TOTAL_LIABILITIES":113646922000,"TAX_EBT":36.383543384864,"OCF_SALES":1.24873103917,"TOTAL_PARENT_EQUITY":50839092000,"DEBT_ASSET_RATIO":62.8388896618,"OPERATE_PROFIT":6511662000,"PRETAX_PROFIT":4285377000,"NETCASH_OPERATE":1610497000,"NETCASH_INVEST":-4557327000,"NETCASH_FINANCE":4777961000,"END_CASH":21639432000,"DIVI_RATIO":0.067156671035,"DIVIDEND_RATE":0.445471349353,"CURRENT_RATIO":1.269135825882,"COMMON_ACS":null,"CURRENTDEBT_DEBT":74.795616550002,"ISSUED_COMMON_SHARES":5392520385,"HK_COMMON_SHARES":3089837895,"PER_SHARES":100,"TOTAL_MARKET_CAP":29173535282.85,"HKSK_MARKET_CAP":16716023011.95,"PE_TTM":14.946365037165,"PB_TTM":0.562433501085,"REPORT_DATE_SQ":"2023-09-30 00:00:00","REPORT_TYPE_SQ":"2023年三季报","OPERATE_INCOME_SQ":95124111000,"DPS_HKD":0.0241,"OPERATE_INCOME_QOQ_SQ":-1.88998732186,"NET_PROFIT_RATIO_SQ":1.5258076893,"HOLDER_PROFIT_SQ":495577000,"HOLDER_PROFIT_QOQ_SQ":-44.666116912357,"ROE_AVG_SQ":1.027975794859,"PE_TTM_SQ":47.663034758752,"PB_TTM_SQ":0.665964204886,"ROA_SQ":0.327663986304,"START_DATE":"2024-01-01 00:00:00","FISCAL_YEAR":"12-31","CURRENCY":"HKD","IS_CNY_CODE":0,"DPS_HKD_LY":0.0241,"ORG_TYPE":"一般企业","PREMIUM_INCOME":null,"PREMIUM_INCOME_YOY":null,"NET_INTEREST_INCOME":null,"NET_INTEREST_INCOME_YOY":null,"FEE_COMMISSION_INCOME":null,"FEE_COMMISSION_INCOME_YOY":null,"ACCOUNTS_RECE_TDAYS":4.306617763981,"INVENTORY_TDAYS":5.713183787481,"CURRENT_ASSETS_TDAYS":1.313880818656,"TOTAL_ASSETS_TDAYS":0.752854841787,"PREMIUM_EXPENSE":null,"LOAN_DEPOSIT":null,"LOAN_EQUITY":null,"LOAN_ASSETS":null,"DEPOSIT_EQUITY":null,"DEPOSIT_ASSETS":null,"EQUITY_MULTIPLIER":2.690985255551,"EQUITY_RATIO":2.235423913551},{"SECUCODE":"02039.HK","SECURITY_CODE":"02039","SECURITY_NAME_ABBR":"中集集团","ORG_CODE":"10004123","STD_REPORT_DATE":"2024-06-30 00:00:00","REPORT_DATE":"2024-06-30 00:00:00","DATE_TYPE_CODE":"002","REPORT_TYPE":"2024年中报","PER_NETCASH_OPERATE":-0.268317390885,"PER_OI":14.671255248301,"BPS":8.501348113124,"BASIC_EPS":0.16,"DILUTED_EPS":0.15,"OPERATE_INCOME":79115043000,"OPERATE_INCOME_YOY":30.6089820631,"GROSS_PROFIT":8486227000,"GROSS_PROFIT_YOY":3.97821833445,"HOLDER_PROFIT":865781000,"HOLDER_PROFIT_YOY":117.2294483084,"GROSS_PROFIT_RATIO":10.726439218392,"EPS_TTM":0.164760434188,"OPERATE_INCOME_QOQ":9.541584960528,"NET_PROFIT_RATIO":1.7631665826,"ROE_AVG":1.7716977394,"GROSS_PROFIT_QOQ":3.877070854382,"ROA":0.507975364778,"HOLDER_PROFIT_QOQ":157.747594333739,"ROE_YEARLY":3.543395478799,"ROIC_YEARLY":1.308374383164,"TOTAL_ASSETS":179111959000,"TOTAL_LIABILITIES":112923839000,"TAX_EBT":37.047804550476,"OCF_SALES":-1.828864581417,"TOTAL_PARENT_EQUITY":49876812000,"DEBT_ASSET_RATIO":63.0465099206,"OPERATE_PROFIT":2738796000,"PRETAX_PROFIT":2215856000,"NETCASH_OPERATE":-1446907000,"NETCASH_INVEST":-3694391000,"NETCASH_FINANCE":6538194000,"END_CASH":21742209000,"DIVI_RATIO":0.132555501614,"DIVIDEND_RATE":0.428063943162,"CURRENT_RATIO":1.214987189926,"COMMON_ACS":null,"CURRENTDEBT_DEBT":76.376222030496,"ISSUED_COMMON_SHARES":5392520385,"HK_COMMON_SHARES":3089837895,"PER_SHARES":100,"TOTAL_MARKET_CAP":30359889767.55,"HKSK_MARKET_CAP":17395787348.85,"PE_TTM":15.554165463815,"PB_TTM":0.585305103717,"REPORT_DATE_SQ":"2023-06-30 00:00:00","REPORT_TYPE_SQ":"2023年中报","OPERATE_INCOME_SQ":60573968000,"DPS_HKD":0.0241,"OPERATE_INCOME_QOQ_SQ":-1.993177557782,"NET_PROFIT_RATIO_SQ":1.6349960762,"HOLDER_PROFIT_SQ":398556000,"HOLDER_PROFIT_QOQ_SQ":-35.4940701068,"ROE_AVG_SQ":0.831234985842,"PE_TTM_SQ":38.764903269699,"PB_TTM_SQ":0.541636471831,"ROA_SQ":0.265746404268,"START_DATE":"2024-01-01 00:00:00","FISCAL_YEAR":"12-31","CURRENCY":"HKD","IS_CNY_CODE":0,"DPS_HKD_LY":0.0241,"ORG_TYPE":"一般企业","PREMIUM_INCOME":null,"PREMIUM_INCOME_YOY":null,"NET_INTEREST_INCOME":null,"NET_INTEREST_INCOME_YOY":null,"FEE_COMMISSION_INCOME":null,"FEE_COMMISSION_INCOME_YOY":null,"ACCOUNTS_RECE_TDAYS":2.716156884711,"INVENTORY_TDAYS":3.39589647857,"CURRENT_ASSETS_TDAYS":0.818873685219,"TOTAL_ASSETS_TDAYS":0.464187742944,"PREMIUM_EXPENSE":null,"LOAN_DEPOSIT":null,"LOAN_EQUITY":null,"LOAN_ASSETS":null,"DEPOSIT_EQUITY":null,"DEPOSIT_ASSETS":null,"EQUITY_MULTIPLIER":2.706104343193,"EQUITY_RATIO":2.264054867821},{"SECUCODE":"02039.HK","SECURITY_CODE":"02039","SECURITY_NAME_ABBR":"中集集团","ORG_CODE":"10004123","STD_REPORT_DATE":"2024-03-31 00:00:00","REPORT_DATE":"2024-03-31 00:00:00","DATE_TYPE_CODE":"003","REPORT_TYPE":"2024年一季报","PER_NETCASH_OPERATE":-0.363853237432,"PER_OI":6.016325889142,"BPS":8.461565416966,"BASIC_EPS":0.0126,"DILUTED_EPS":0.0126,"OPERATE_INCOME":32443160000,"OPERATE_INCOME_YOY":21.7383610382,"GROSS_PROFIT":3302079000,"GROSS_PROFIT_YOY":-9.44080348384,"HOLDER_PROFIT":83635000,"HOLDER_PROFIT_YOY":-47.7858868627,"GROSS_PROFIT_RATIO":10.178043692415,"EPS_TTM":0.063923170501,"OPERATE_INCOME_QOQ":4.532724201865,"NET_PROFIT_RATIO":0.6716885778,"ROE_AVG":0.171576329085,"GROSS_PROFIT_QOQ":-1.956184094811,"ROA":0.050072570802,"HOLDER_PROFIT_QOQ":-18.17025084926,"ROE_YEARLY":0.686305316339,"ROIC_YEARLY":0.262027127593,"TOTAL_ASSETS":172291914000,"TOTAL_LIABILITIES":105685930000,"TAX_EBT":55.844342681148,"OCF_SALES":-6.047764767674,"TOTAL_PARENT_EQUITY":49632333000,"DEBT_ASSET_RATIO":61.3412014217,"OPERATE_PROFIT":646830000,"PRETAX_PROFIT":493520000,"NETCASH_OPERATE":-1962086000,"NETCASH_INVEST":-4496563000,"NETCASH_FINANCE":9696016000,"END_CASH":23642836000,"DIVI_RATIO":0.341658616568,"DIVIDEND_RATE":0.428063943162,"CURRENT_RATIO":1.217498860512,"COMMON_ACS":null,"CURRENTDEBT_DEBT":76.539620742326,"ISSUED_COMMON_SHARES":5392520385,"HK_COMMON_SHARES":3089837895,"PER_SHARES":100,"TOTAL_MARKET_CAP":30359889767.55,"HKSK_MARKET_CAP":17395787348.85,"PE_TTM":15.554165463815,"PB_TTM":0.585305103717,"REPORT_DATE_SQ":"2023-03-31 00:00:00","REPORT_TYPE_SQ":"2023年一季报","OPERATE_INCOME_SQ":26649907000,"DPS_HKD":0.0241,"OPERATE_INCOME_QOQ_SQ":-6.294327828324,"NET_PROFIT_RATIO_SQ":1.7914584092,"HOLDER_PROFIT_SQ":160177000,"HOLDER_PROFIT_QOQ_SQ":-48.02685490239,"ROE_AVG_SQ":0.32880565677,"PE_TTM_SQ":38.764903269699,"PB_TTM_SQ":0.541636471831,"ROA_SQ":0.108878342019,"START_DATE":"2024-01-01 00:00:00","FISCAL_YEAR":"12-31","CURRENCY":"HKD","IS_CNY_CODE":0,"DPS_HKD_LY":0.0241,"ORG_TYPE":"一般企业","PREMIUM_INCOME":null,"PREMIUM_INCOME_YOY":null,"NET_INTEREST_INCOME":null,"NET_INTEREST_INCOME_YOY":null,"FEE_COMMISSION_INCOME":null,"FEE_COMMISSION_INCOME_YOY":null,"ACCOUNTS_RECE_TDAYS":1.297582783538,"INVENTORY_TDAYS":1.456853769028,"CURRENT_ASSETS_TDAYS":0.347124111569,"TOTAL_ASSETS_TDAYS":0.194238348317,"PREMIUM_EXPENSE":null,"LOAN_DEPOSIT":null,"LOAN_EQUITY":null,"LOAN_ASSETS":null,"DEPOSIT_EQUITY":null,"DEPOSIT_ASSETS":null,"EQUITY_MULTIPLIER":2.586733258082,"EQUITY_RATIO":2.129376630351},{"SECUCODE":"02039.HK","SECURITY_CODE":"02039","SECURITY_NAME_ABBR":"中集集团","ORG_CODE":"10004123","STD_REPORT_DATE":"2023-12-31 00:00:00","REPORT_DATE":"2023-12-31 00:00:00","DATE_TYPE_CODE":"001","REPORT_TYPE":"2023年年报","PER_NETCASH_OPERATE":0.501284335896,"PER_OI":23.70125838662,"BPS":8.494734878967,"BASIC_EPS":0.07,"DILUTED_EPS":0.05,"OPERATE_INCOME":127809519000,"OPERATE_INCOME_YOY":-9.6986431515,"GROSS_PROFIT":17597628000,"GROSS_PROFIT_YOY":-18.623324293139,"HOLDER_PROFIT":421249000,"HOLDER_PROFIT_YOY":-86.9145875437,"GROSS_PROFIT_RATIO":13.768636434662,"EPS_TTM":0.078117275397,"OPERATE_INCOME_QOQ":0.221005360436,"NET_PROFIT_RATIO":1.4579305318,"ROE_AVG":0.873315251674,"GROSS_PROFIT_QOQ":-0.524751788521,"ROA":0.273837771073,"HOLDER_PROFIT_QOQ":-29.462895301757,"ROE_YEARLY":0.873315251674,"ROIC_YEARLY":0.35337910755,"TOTAL_ASSETS":161763233000,"TOTAL_LIABILITIES":97132883000,"TAX_EBT":34.253366236512,"OCF_SALES":2.115011480483,"TOTAL_PARENT_EQUITY":47857805000,"DEBT_ASSET_RATIO":60.0463289455,"OPERATE_PROFIT":4340931000,"PRETAX_PROFIT":2834174000,"NETCASH_OPERATE":2703186000,"NETCASH_INVEST":-8174551000,"NETCASH_FINANCE":9705012000,"END_CASH":20350816000,"DIVI_RATIO":0.27957838889,"DIVIDEND_RATE":0.428063943162,"CURRENT_RATIO":1.119703658775,"COMMON_ACS":null,"CURRENTDEBT_DEBT":81.316605211852,"ISSUED_COMMON_SHARES":5392520385,"HK_COMMON_SHARES":3089837895,"PER_SHARES":100,"TOTAL_MARKET_CAP":30359889767.55,"HKSK_MARKET_CAP":17395787348.85,"PE_TTM":15.554165463815,"PB_TTM":0.585305103717,"REPORT_DATE_SQ":"2022-12-31 00:00:00","REPORT_TYPE_SQ":"2022年年报","OPERATE_INCOME_SQ":141536654000,"DPS_HKD":0.0241,"OPERATE_INCOME_QOQ_SQ":-8.441934101643,"NET_PROFIT_RATIO_SQ":3.2508483633,"HOLDER_PROFIT_SQ":3219226000,"HOLDER_PROFIT_QOQ_SQ":227.245243891902,"ROE_AVG_SQ":6.868996437953,"PE_TTM_SQ":38.764903269699,"PB_TTM_SQ":0.541636471831,"ROA_SQ":2.144560475074,"START_DATE":"2023-01-01 00:00:00","FISCAL_YEAR":"12-31","CURRENCY":"HKD","IS_CNY_CODE":0,"DPS_HKD_LY":0.1953,"ORG_TYPE":"一般企业","PREMIUM_INCOME":null,"PREMIUM_INCOME_YOY":null,"NET_INTEREST_INCOME":null,"NET_INTEREST_INCOME_YOY":null,"FEE_COMMISSION_INCOME":null,"FEE_COMMISSION_INCOME_YOY":null,"ACCOUNTS_RECE_TDAYS":5.292466348084,"INVENTORY_TDAYS":5.87301069897,"CURRENT_ASSETS_TDAYS":1.545233990667,"TOTAL_ASSETS_TDAYS":0.830840519617,"PREMIUM_EXPENSE":null,"LOAN_DEPOSIT":null,"LOAN_EQUITY":null,"LOAN_ASSETS":null,"DEPOSIT_EQUITY":null,"DEPOSIT_ASSETS":null,"EQUITY_MULTIPLIER":2.502898916688,"EQUITY_RATIO":2.029614249964},{"SECUCODE":"02039.HK","SECURITY_CODE":"02039","SECURITY_NAME_ABBR":"中集集团","ORG_CODE":"10004123","STD_REPORT_DATE":"2023-09-30 00:00:00","REPORT_DATE":"2023-09-30 00:00:00","DATE_TYPE_CODE":"004","REPORT_TYPE":"2023年三季报","PER_NETCASH_OPERATE":-0.262822372251,"PER_OI":17.640009533316,"BPS":8.487844779839,"BASIC_EPS":0.083,"DILUTED_EPS":0.0751,"OPERATE_INCOME":95124111000,"OPERATE_INCOME_YOY":-12.836599906,"GROSS_PROFIT":12879601000,"GROSS_PROFIT_YOY":-24.047205180802,"HOLDER_PROFIT":495577000,"HOLDER_PROFIT_YOY":-84.1038991199,"GROSS_PROFIT_RATIO":13.690462768162,"EPS_TTM":0.110746359283,"OPERATE_INCOME_QOQ":-1.88998732186,"NET_PROFIT_RATIO":1.5258076893,"ROE_AVG":1.027975794859,"GROSS_PROFIT_QOQ":-6.75662740778,"ROA":0.327663986304,"HOLDER_PROFIT_QOQ":-44.666116912357,"ROE_YEARLY":1.370634393145,"ROIC_YEARLY":0.420041062021,"TOTAL_ASSETS":156591030000,"TOTAL_LIABILITIES":91835853000,"TAX_EBT":43.211377358203,"OCF_SALES":-1.48992193998,"TOTAL_PARENT_EQUITY":47804600000,"DEBT_ASSET_RATIO":58.6469435701,"OPERATE_PROFIT":3363154000,"PRETAX_PROFIT":2555813000,"NETCASH_OPERATE":-1417275000,"NETCASH_INVEST":-5279996000,"NETCASH_FINANCE":7988788000,"END_CASH":17266395000,"DIVI_RATIO":0.197206500885,"DIVIDEND_RATE":0.428063943162,"CURRENT_RATIO":1.237398636928,"COMMON_ACS":null,"CURRENTDEBT_DEBT":74.184390708496,"ISSUED_COMMON_SHARES":5392520385,"HK_COMMON_SHARES":3089837895,"PER_SHARES":100,"TOTAL_MARKET_CAP":30359889767.55,"HKSK_MARKET_CAP":17395787348.85,"PE_TTM":15.554165463815,"PB_TTM":0.585305103717,"REPORT_DATE_SQ":"2022-09-30 00:00:00","REPORT_TYPE_SQ":"2022年三季报","OPERATE_INCOME_SQ":109133089000,"DPS_HKD":0.0241,"OPERATE_INCOME_QOQ_SQ":-4.950219134016,"NET_PROFIT_RATIO_SQ":3.8429545415,"HOLDER_PROFIT_SQ":3117601000,"HOLDER_PROFIT_QOQ_SQ":-79.949865236582,"ROE_AVG_SQ":6.727588845534,"PE_TTM_SQ":38.764903269699,"PB_TTM_SQ":0.541636471831,"ROA_SQ":2.013908288031,"START_DATE":"2023-01-01 00:00:00","FISCAL_YEAR":"12-31","CURRENCY":"HKD","IS_CNY_CODE":0,"DPS_HKD_LY":0.1953,"ORG_TYPE":"一般企业","PREMIUM_INCOME":null,"PREMIUM_INCOME_YOY":null,"NET_INTEREST_INCOME":null,"NET_INTEREST_INCOME_YOY":null,"FEE_COMMISSION_INCOME":null,"FEE_COMMISSION_INCOME_YOY":null,"ACCOUNTS_RECE_TDAYS":3.958232424337,"INVENTORY_TDAYS":4.292641308152,"CURRENT_ASSETS_TDAYS":1.179574121339,"TOTAL_ASSETS_TDAYS":0.62893849803,"PREMIUM_EXPENSE":null,"LOAN_DEPOSIT":null,"LOAN_EQUITY":null,"LOAN_ASSETS":null,"DEPOSIT_EQUITY":null,"DEPOSIT_ASSETS":null,"EQUITY_MULTIPLIER":2.418200941677,"EQUITY_RATIO":1.921067282228},{"SECUCODE":"02039.HK","SECURITY_CODE":"02039","SECURITY_NAME_ABBR":"中集集团","ORG_CODE":"10004123","STD_REPORT_DATE":"2023-06-30 00:00:00","REPORT_DATE":"2023-06-30 00:00:00","DATE_TYPE_CODE":"002","REPORT_TYPE":"2023年中报","PER_NETCASH_OPERATE":-0.372419918075,"PER_OI":11.23296041096,"BPS":8.393811941056,"BASIC_EPS":0.07,"DILUTED_EPS":0.07,"OPERATE_INCOME":60573968000,"OPERATE_INCOME_YOY":-16.016760498,"GROSS_PROFIT":8161543000,"GROSS_PROFIT_YOY":-25.311645959209,"HOLDER_PROFIT":398556000,"HOLDER_PROFIT_YOY":-84.2996211954,"GROSS_PROFIT_RATIO":13.660835294792,"EPS_TTM":0.200142034326,"OPERATE_INCOME_QOQ":-1.993177557782,"NET_PROFIT_RATIO":1.6349960762,"ROE_AVG":0.831234985842,"GROSS_PROFIT_QOQ":-4.335153177409,"ROA":0.265746404268,"HOLDER_PROFIT_QOQ":-35.4940701068,"ROE_YEARLY":1.662469971684,"ROIC_YEARLY":0.675945432004,"TOTAL_ASSETS":154052181000,"TOTAL_LIABILITIES":91634178000,"TAX_EBT":40.048463320482,"OCF_SALES":-3.315420908203,"TOTAL_PARENT_EQUITY":47281476000,"DEBT_ASSET_RATIO":59.4825580561,"OPERATE_PROFIT":1782956000,"PRETAX_PROFIT":1651971000,"NETCASH_OPERATE":-2008282000,"NETCASH_INVEST":-4072863000,"NETCASH_FINANCE":6904668000,"END_CASH":17042395000,"DIVI_RATIO":0.109122014641,"DIVIDEND_RATE":0.428063943162,"CURRENT_RATIO":1.184654258235,"COMMON_ACS":null,"CURRENTDEBT_DEBT":74.956846341766,"ISSUED_COMMON_SHARES":5392520385,"HK_COMMON_SHARES":3089837895,"PER_SHARES":100,"TOTAL_MARKET_CAP":30359889767.55,"HKSK_MARKET_CAP":17395787348.85,"PE_TTM":15.554165463815,"PB_TTM":0.585305103717,"REPORT_DATE_SQ":"2022-06-30 00:00:00","REPORT_TYPE_SQ":"2022年中报","OPERATE_INCOME_SQ":72126258000,"DPS_HKD":0.0241,"OPERATE_INCOME_QOQ_SQ":-4.550062915161,"NET_PROFIT_RATIO_SQ":4.4839259511,"HOLDER_PROFIT_SQ":2538512000,"HOLDER_PROFIT_QOQ_SQ":-28.522891463059,"ROE_AVG_SQ":5.491884467479,"PE_TTM_SQ":38.764903269699,"PB_TTM_SQ":0.541636471831,"ROA_SQ":1.623748097574,"START_DATE":"2023-01-01 00:00:00","FISCAL_YEAR":"12-31","CURRENCY":"HKD","IS_CNY_CODE":0,"DPS_HKD_LY":0.1953,"ORG_TYPE":"一般企业","PREMIUM_INCOME":null,"PREMIUM_INCOME_YOY":null,"NET_INTEREST_INCOME":null,"NET_INTEREST_INCOME_YOY":null,"FEE_COMMISSION_INCOME":null,"FEE_COMMISSION_INCOME_YOY":null,"ACCOUNTS_RECE_TDAYS":2.520465393816,"INVENTORY_TDAYS":2.779928965954,"CURRENT_ASSETS_TDAYS":0.765047633473,"TOTAL_ASSETS_TDAYS":0.403890900858,"PREMIUM_EXPENSE":null,"LOAN_DEPOSIT":null,"LOAN_EQUITY":null,"LOAN_ASSETS":null,"DEPOSIT_EQUITY":null,"DEPOSIT_ASSETS":null,"EQUITY_MULTIPLIER":2.468072889164,"EQUITY_RATIO":1.938056629197},{"SECUCODE":"02039.HK","SECURITY_CODE":"02039","SECURITY_NAME_ABBR":"中集集团","ORG_CODE":"10004123","STD_REPORT_DATE":"2023-03-31 00:00:00","REPORT_DATE":"2023-03-31 00:00:00","DATE_TYPE_CODE":"003","REPORT_TYPE":"2023年一季报","PER_NETCASH_OPERATE":0.107103350338,"PER_OI":4.942013214105,"BPS":8.681383222995,"BASIC_EPS":0.0267,"DILUTED_EPS":0.0267,"OPERATE_INCOME":26649907000,"OPERATE_INCOME_YOY":-25.0537393281,"GROSS_PROFIT":3646321000,"GROSS_PROFIT_YOY":-32.961232904643,"HOLDER_PROFIT":160177000,"HOLDER_PROFIT_YOY":-90.6124470336,"GROSS_PROFIT_RATIO":13.682302906348,"EPS_TTM":0.310269202626,"OPERATE_INCOME_QOQ":-6.294327828324,"NET_PROFIT_RATIO":1.7914584092,"ROE_AVG":0.32880565677,"GROSS_PROFIT_QOQ":-8.290450676683,"ROA":0.108878342019,"HOLDER_PROFIT_QOQ":-48.02685490239,"ROE_YEARLY":1.315222627081,"ROIC_YEARLY":0.555930987223,"TOTAL_ASSETS":148331203000,"TOTAL_LIABILITIES":84860130000,"TAX_EBT":42.309681473247,"OCF_SALES":2.167200808618,"TOTAL_PARENT_EQUITY":48816160000,"DEBT_ASSET_RATIO":57.2098980415,"OPERATE_PROFIT":1336793000,"PRETAX_PROFIT":827560000,"NETCASH_OPERATE":577557000,"NETCASH_INVEST":-2775064000,"NETCASH_FINANCE":3433367000,"END_CASH":16979301000,"DIVI_RATIO":0.070390170262,"DIVIDEND_RATE":0.428063943162,"CURRENT_RATIO":1.259945678157,"COMMON_ACS":null,"CURRENTDEBT_DEBT":73.60775784812,"ISSUED_COMMON_SHARES":5392520385,"HK_COMMON_SHARES":3089837895,"PER_SHARES":100,"TOTAL_MARKET_CAP":30359889767.55,"HKSK_MARKET_CAP":17395787348.85,"PE_TTM":15.554165463815,"PB_TTM":0.585305103717,"REPORT_DATE_SQ":"2022-03-31 00:00:00","REPORT_TYPE_SQ":"2022年一季报","OPERATE_INCOME_SQ":35558688000,"DPS_HKD":0.0241,"OPERATE_INCOME_QOQ_SQ":4.08964655088,"NET_PROFIT_RATIO_SQ":5.6783759851,"HOLDER_PROFIT_SQ":1706270000,"HOLDER_PROFIT_QOQ_SQ":2.984686563577,"ROE_AVG_SQ":3.62815211889,"PE_TTM_SQ":38.764903269699,"PB_TTM_SQ":0.541636471831,"ROA_SQ":1.085020445631,"START_DATE":"2023-01-01 00:00:00","FISCAL_YEAR":"12-31","CURRENCY":"HKD","IS_CNY_CODE":0,"DPS_HKD_LY":0.1953,"ORG_TYPE":"一般企业","PREMIUM_INCOME":null,"PREMIUM_INCOME_YOY":null,"NET_INTEREST_INCOME":null,"NET_INTEREST_INCOME_YOY":null,"FEE_COMMISSION_INCOME":null,"FEE_COMMISSION_INCOME_YOY":null,"ACCOUNTS_RECE_TDAYS":1.164974009623,"INVENTORY_TDAYS":1.226193682707,"CURRENT_ASSETS_TDAYS":0.342356820065,"TOTAL_ASSETS_TDAYS":0.18114945898,"PREMIUM_EXPENSE":null,"LOAN_DEPOSIT":null,"LOAN_EQUITY":null,"LOAN_ASSETS":null,"DEPOSIT_EQUITY":null,"DEPOSIT_ASSETS":null,"EQUITY_MULTIPLIER":2.336989056417,"EQUITY_RATIO":1.738361436049},{"SECUCODE":"02039.HK","SECURITY_CODE":"02039","SECURITY_NAME_ABBR":"中集集团","ORG_CODE":"10004123","STD_REPORT_DATE":"2022-12-31 00:00:00","REPORT_DATE":"2022-12-31 00:00:00","DATE_TYPE_CODE":"001","REPORT_TYPE":"2022年年报","PER_NETCASH_OPERATE":2.710692766347,"PER_OI":26.246846352904,"BPS":8.634859337671,"BASIC_EPS":0.59,"DILUTED_EPS":0.57,"OPERATE_INCOME":141536654000,"OPERATE_INCOME_YOY":-13.5368785477,"GROSS_PROFIT":21624904000,"GROSS_PROFIT_YOY":-26.744982076747,"HOLDER_PROFIT":3219226000,"HOLDER_PROFIT_YOY":-51.701875513,"GROSS_PROFIT_RATIO":15.27865990106,"EPS_TTM":0.596979848042,"OPERATE_INCOME_QOQ":-8.441934101643,"NET_PROFIT_RATIO":3.2508483633,"ROE_AVG":6.868996437953,"GROSS_PROFIT_QOQ":-13.780882379736,"ROA":2.144560475074,"HOLDER_PROFIT_QOQ":227.245243891902,"ROE_YEARLY":6.868996437953,"ROIC_YEARLY":2.674175341267,"TOTAL_ASSETS":145899949000,"TOTAL_LIABILITIES":83243865000,"TAX_EBT":33.680587836205,"OCF_SALES":10.327689391329,"TOTAL_PARENT_EQUITY":48613429000,"DEBT_ASSET_RATIO":57.0554448926,"OPERATE_PROFIT":6914333000,"PRETAX_PROFIT":6937851000,"NETCASH_OPERATE":14617466000,"NETCASH_INVEST":-6257577000,"NETCASH_FINANCE":-9763357000,"END_CASH":15912300000,"DIVI_RATIO":0.036583985325,"DIVIDEND_RATE":0.428063943162,"CURRENT_RATIO":1.222007013094,"COMMON_ACS":null,"CURRENTDEBT_DEBT":75.679035325907,"ISSUED_COMMON_SHARES":5392520385,"HK_COMMON_SHARES":3089837895,"PER_SHARES":100,"TOTAL_MARKET_CAP":30359889767.55,"HKSK_MARKET_CAP":17395787348.85,"PE_TTM":15.554165463815,"PB_TTM":0.585305103717,"REPORT_DATE_SQ":"2021-12-31 00:00:00","REPORT_TYPE_SQ":"2021年年报","OPERATE_INCOME_SQ":163695980000,"DPS_HKD":0.0241,"OPERATE_INCOME_QOQ_SQ":10.00376716715,"NET_PROFIT_RATIO_SQ":5.1074974474,"HOLDER_PROFIT_SQ":6665323000,"HOLDER_PROFIT_QOQ_SQ":-50.448267189622,"ROE_AVG_SQ":14.955375736504,"PE_TTM_SQ":38.764903269699,"PB_TTM_SQ":0.541636471831,"ROA_SQ":4.435653026853,"START_DATE":"2022-01-01 00:00:00","FISCAL_YEAR":"12-31","CURRENCY":"HKD","IS_CNY_CODE":0,"DPS_HKD_LY":0.8076,"ORG_TYPE":"一般企业","PREMIUM_INCOME":null,"PREMIUM_INCOME_YOY":null,"NET_INTEREST_INCOME":null,"NET_INTEREST_INCOME_YOY":null,"FEE_COMMISSION_INCOME":null,"FEE_COMMISSION_INCOME_YOY":null,"ACCOUNTS_RECE_TDAYS":5.545876343234,"INVENTORY_TDAYS":6.283255185909,"CURRENT_ASSETS_TDAYS":1.786610148669,"TOTAL_ASSETS_TDAYS":0.942878548889,"PREMIUM_EXPENSE":null,"LOAN_DEPOSIT":null,"LOAN_EQUITY":null,"LOAN_ASSETS":null,"DEPOSIT_EQUITY":null,"DEPOSIT_ASSETS":null,"EQUITY_MULTIPLIER":2.328583908947,"EQUITY_RATIO":1.712363573448},{"SECUCODE":"02039.HK","SECURITY_CODE":"02039","SECURITY_NAME_ABBR":"中集集团","ORG_CODE":"10004123","STD_REPORT_DATE":"2022-09-30 00:00:00","REPORT_DATE":"2022-09-30 00:00:00","DATE_TYPE_CODE":"004","REPORT_TYPE":"2022年三季报","PER_NETCASH_OPERATE":1.524131095148,"PER_OI":20.237863041477,"BPS":8.441889645263,"BASIC_EPS":0.5708,"DILUTED_EPS":0.564,"OPERATE_INCOME":109133089000,"OPERATE_INCOME_YOY":-7.7038528901,"GROSS_PROFIT":16957376000,"GROSS_PROFIT_YOY":-20.745385344994,"HOLDER_PROFIT":3117601000,"HOLDER_PROFIT_YOY":-64.5694506619,"GROSS_PROFIT_RATIO":15.538253480574,"EPS_TTM":0.182425828697,"OPERATE_INCOME_QOQ":-4.950219134016,"NET_PROFIT_RATIO":3.8429545415,"ROE_AVG":6.727588845534,"GROSS_PROFIT_QOQ":-11.388724213829,"ROA":2.013908288031,"HOLDER_PROFIT_QOQ":-79.949865236582,"ROE_YEARLY":8.970118460711,"ROIC_YEARLY":2.5104449749,"TOTAL_ASSETS":155284547000,"TOTAL_LIABILITIES":94169165000,"TAX_EBT":32.683166341447,"OCF_SALES":7.531087111444,"TOTAL_PARENT_EQUITY":47562447000,"DEBT_ASSET_RATIO":60.6429724137,"OPERATE_PROFIT":5615000000,"PRETAX_PROFIT":6230143000,"NETCASH_OPERATE":8218908000,"NETCASH_INVEST":-6690298000,"NETCASH_FINANCE":128188000,"END_CASH":18852384000,"DIVI_RATIO":0.119719352002,"DIVIDEND_RATE":0.428063943162,"CURRENT_RATIO":1.26797666343,"COMMON_ACS":null,"CURRENTDEBT_DEBT":72.140451707308,"ISSUED_COMMON_SHARES":5392520385,"HK_COMMON_SHARES":3089837895,"PER_SHARES":100,"TOTAL_MARKET_CAP":30359889767.55,"HKSK_MARKET_CAP":17395787348.85,"PE_TTM":15.554165463815,"PB_TTM":0.585305103717,"REPORT_DATE_SQ":"2021-09-30 00:00:00","REPORT_TYPE_SQ":"2021年三季报","OPERATE_INCOME_SQ":118242302000,"DPS_HKD":0.0241,"OPERATE_INCOME_QOQ_SQ":16.337509061418,"NET_PROFIT_RATIO_SQ":8.4097643836,"HOLDER_PROFIT_SQ":8799189000,"HOLDER_PROFIT_QOQ_SQ":36.840490956695,"ROE_AVG_SQ":18.414296511708,"PE_TTM_SQ":38.764903269699,"PB_TTM_SQ":0.541636471831,"ROA_SQ":5.678566488524,"START_DATE":"2022-01-01 00:00:00","FISCAL_YEAR":"12-31","CURRENCY":"HKD","IS_CNY_CODE":0,"DPS_HKD_LY":0.8076,"ORG_TYPE":"一般企业","PREMIUM_INCOME":null,"PREMIUM_INCOME_YOY":null,"NET_INTEREST_INCOME":null,"NET_INTEREST_INCOME_YOY":null,"FEE_COMMISSION_INCOME":null,"FEE_COMMISSION_INCOME_YOY":null,"ACCOUNTS_RECE_TDAYS":4.002087532158,"INVENTORY_TDAYS":4.631818874696,"CURRENT_ASSETS_TDAYS":1.302333824631,"TOTAL_ASSETS_TDAYS":0.704978066262,"PREMIUM_EXPENSE":null,"LOAN_DEPOSIT":null,"LOAN_EQUITY":null,"LOAN_ASSETS":null,"DEPOSIT_EQUITY":null,"DEPOSIT_ASSETS":null,"EQUITY_MULTIPLIER":2.54084228746,"EQUITY_RATIO":1.979905806781}],"count":57},"success":true,"message":"ok","code":0}