{"version":"52a31160ba88e7b433ab9d6ad266d286","result":{"pages":3,"data":[{"SECUCODE":"02031.HK","SECURITY_CODE":"02031","SECURITY_NAME_ABBR":"澳至尊","ORG_CODE":"10500744","STD_REPORT_DATE":"2024-06-30 00:00:00","REPORT_DATE":"2024-09-30 00:00:00","DATE_TYPE_CODE":"002","REPORT_TYPE":"2024年中报","PER_NETCASH_OPERATE":0.019676063701,"PER_OI":0.149753945669,"BPS":0.210246066207,"BASIC_EPS":0.015691146,"DILUTED_EPS":null,"OPERATE_INCOME":114112506.6,"OPERATE_INCOME_YOY":-3.2443054525,"GROSS_PROFIT":99509821.13,"GROSS_PROFIT_YOY":-4.603293947002,"HOLDER_PROFIT":11938797.81,"HOLDER_PROFIT_YOY":-12.7463257101,"GROSS_PROFIT_RATIO":87.203255887466,"EPS_TTM":0.036492801444,"OPERATE_INCOME_QOQ":0,"NET_PROFIT_RATIO":10.4623044097,"ROE_AVG":7.440461972939,"GROSS_PROFIT_QOQ":0,"ROA":5.846401144639,"HOLDER_PROFIT_QOQ":0,"ROE_YEARLY":14.880923945878,"ROIC_YEARLY":18.128042393247,"TOTAL_ASSETS":211093708.57,"TOTAL_LIABILITIES":50886206.12,"TAX_EBT":16.939582156974,"OCF_SALES":13.138928402086,"TOTAL_PARENT_EQUITY":160207502.45,"DEBT_ASSET_RATIO":24.105979503,"OPERATE_PROFIT":14880436.79,"PRETAX_PROFIT":14373630.81,"NETCASH_OPERATE":14993160.54,"NETCASH_INVEST":305706.81,"NETCASH_FINANCE":-6142993.48,"END_CASH":72170253.7,"DIVI_RATIO":0.496837712721,"DIVIDEND_RATE":10,"CURRENT_RATIO":2.898279893781,"COMMON_ACS":2000000000,"CURRENTDEBT_DEBT":89.427234706174,"ISSUED_COMMON_SHARES":762000000,"HK_COMMON_SHARES":762000000,"PER_SHARES":5000,"TOTAL_MARKET_CAP":152400000,"HKSK_MARKET_CAP":152400000,"PE_TTM":5.302713987474,"PB_TTM":0.85784244744,"REPORT_DATE_SQ":"2023-06-30 00:00:00","REPORT_TYPE_SQ":"2023年中报","OPERATE_INCOME_SQ":120010404.29,"DPS_HKD":0.02,"OPERATE_INCOME_QOQ_SQ":0,"NET_PROFIT_RATIO_SQ":11.6016607663,"HOLDER_PROFIT_SQ":13923199.99,"HOLDER_PROFIT_QOQ_SQ":0,"ROE_AVG_SQ":9.517148806985,"PE_TTM_SQ":10.121983161833,"PB_TTM_SQ":0.996990098037,"ROA_SQ":7.596185136048,"START_DATE":"2024-04-01 00:00:00","FISCAL_YEAR":"3-31","CURRENCY":"HKD","IS_CNY_CODE":0,"DPS_HKD_LY":0.02,"ORG_TYPE":"一般企业","PREMIUM_INCOME":null,"PREMIUM_INCOME_YOY":null,"NET_INTEREST_INCOME":null,"NET_INTEREST_INCOME_YOY":null,"FEE_COMMISSION_INCOME":null,"FEE_COMMISSION_INCOME_YOY":null,"ACCOUNTS_RECE_TDAYS":3.738974987812,"INVENTORY_TDAYS":0.689944610141,"CURRENT_ASSETS_TDAYS":0.918957585176,"TOTAL_ASSETS_TDAYS":0.558806254885,"PREMIUM_EXPENSE":null,"LOAN_DEPOSIT":null,"LOAN_EQUITY":null,"LOAN_ASSETS":null,"DEPOSIT_EQUITY":null,"DEPOSIT_ASSETS":null,"EQUITY_MULTIPLIER":1.317626861051,"EQUITY_RATIO":0.317626861051},{"SECUCODE":"02031.HK","SECURITY_CODE":"02031","SECURITY_NAME_ABBR":"澳至尊","ORG_CODE":"10500744","STD_REPORT_DATE":"2023-12-31 00:00:00","REPORT_DATE":"2024-03-31 00:00:00","DATE_TYPE_CODE":"001","REPORT_TYPE":"2023年年报","PER_NETCASH_OPERATE":0.057688463911,"PER_OI":0.320054979134,"BPS":0.21201610958,"BASIC_EPS":0.036533965,"DILUTED_EPS":null,"OPERATE_INCOME":243881894.1,"OPERATE_INCOME_YOY":84.0624529619,"GROSS_PROFIT":212398319.15,"GROSS_PROFIT_YOY":100.131355869834,"HOLDER_PROFIT":27807514.7,"HOLDER_PROFIT_YOY":6071.8309859155,"GROSS_PROFIT_RATIO":87.090646861595,"EPS_TTM":0.019276114646,"OPERATE_INCOME_QOQ":0,"NET_PROFIT_RATIO":11.4020414687,"ROE_AVG":18.35282855177,"GROSS_PROFIT_QOQ":0,"ROA":15.028060643325,"HOLDER_PROFIT_QOQ":0,"ROE_YEARLY":18.35282855177,"ROIC_YEARLY":21.562838303317,"TOTAL_ASSETS":198363112.05,"TOTAL_LIABILITIES":36806836.55,"TAX_EBT":18.244089661238,"OCF_SALES":18.024548178216,"TOTAL_PARENT_EQUITY":161556275.5,"DEBT_ASSET_RATIO":18.5552828697,"OPERATE_PROFIT":35010054.45,"PRETAX_PROFIT":34012849.45,"NETCASH_OPERATE":43958609.5,"NETCASH_INVEST":1661706.15,"NETCASH_FINANCE":-19275066.1,"END_CASH":63317078.2,"DIVI_RATIO":0.940594115219,"DIVIDEND_RATE":10.309278350515,"CURRENT_RATIO":4.083409744838,"COMMON_ACS":2000000000,"CURRENTDEBT_DEBT":77.897096130637,"ISSUED_COMMON_SHARES":762000000,"HK_COMMON_SHARES":762000000,"PER_SHARES":5000,"TOTAL_MARKET_CAP":147828000,"HKSK_MARKET_CAP":147828000,"PE_TTM":5.14363256785,"PB_TTM":0.832107174017,"REPORT_DATE_SQ":"2022-12-31 00:00:00","REPORT_TYPE_SQ":"2022年年报","OPERATE_INCOME_SQ":127948174.78,"DPS_HKD":0.02,"OPERATE_INCOME_QOQ_SQ":0,"NET_PROFIT_RATIO_SQ":0.3400429672,"HOLDER_PROFIT_SQ":435078.77,"HOLDER_PROFIT_QOQ_SQ":0,"ROE_AVG_SQ":0.308097636575,"PE_TTM_SQ":364.901408450704,"PB_TTM_SQ":1.114007715177,"ROA_SQ":0.256527383137,"START_DATE":"2023-04-01 00:00:00","FISCAL_YEAR":"3-31","CURRENCY":"HKD","IS_CNY_CODE":0,"DPS_HKD_LY":0.01,"ORG_TYPE":"一般企业","PREMIUM_INCOME":null,"PREMIUM_INCOME_YOY":null,"NET_INTEREST_INCOME":null,"NET_INTEREST_INCOME_YOY":null,"FEE_COMMISSION_INCOME":null,"FEE_COMMISSION_INCOME_YOY":null,"ACCOUNTS_RECE_TDAYS":8.700019403661,"INVENTORY_TDAYS":1.754255695307,"CURRENT_ASSETS_TDAYS":2.389681683122,"TOTAL_ASSETS_TDAYS":1.318014908518,"PREMIUM_EXPENSE":null,"LOAN_DEPOSIT":null,"LOAN_EQUITY":null,"LOAN_ASSETS":null,"DEPOSIT_EQUITY":null,"DEPOSIT_ASSETS":null,"EQUITY_MULTIPLIER":1.227826721284,"EQUITY_RATIO":0.227826721284},{"SECUCODE":"02031.HK","SECURITY_CODE":"02031","SECURITY_NAME_ABBR":"澳至尊","ORG_CODE":"10500744","STD_REPORT_DATE":"2023-06-30 00:00:00","REPORT_DATE":"2023-09-30 00:00:00","DATE_TYPE_CODE":"002","REPORT_TYPE":"2023年中报","PER_NETCASH_OPERATE":0.02421242622,"PER_OI":0.157493968885,"BPS":0.196045267034,"BASIC_EPS":0.018260837,"DILUTED_EPS":null,"OPERATE_INCOME":120010404.29,"OPERATE_INCOME_YOY":113.3769496835,"GROSS_PROFIT":104311590.25,"GROSS_PROFIT_YOY":125.625118528168,"HOLDER_PROFIT":13923199.99,"HOLDER_PROFIT_YOY":4256.9863013699,"GROSS_PROFIT_RATIO":86.918789139261,"EPS_TTM":0.000570969514,"OPERATE_INCOME_QOQ":0,"NET_PROFIT_RATIO":11.6016607663,"ROE_AVG":9.517148806985,"GROSS_PROFIT_QOQ":0,"ROA":7.596185136048,"HOLDER_PROFIT_QOQ":0,"ROE_YEARLY":19.03429761397,"ROIC_YEARLY":20.94221326607,"TOTAL_ASSETS":192773875.14,"TOTAL_LIABILITIES":43387381.66,"TAX_EBT":21.211963859175,"OCF_SALES":15.373557725392,"TOTAL_PARENT_EQUITY":149386493.48,"DEBT_ASSET_RATIO":22.5068783975,"OPERATE_PROFIT":18133286.43,"PRETAX_PROFIT":17671718.54,"NETCASH_OPERATE":18449868.78,"NETCASH_INVEST":-5140563.26,"NETCASH_FINANCE":-6191249.61,"END_CASH":44548183.61,"DIVI_RATIO":31.754760178255,"DIVIDEND_RATE":10.25641025641,"CURRENT_RATIO":3.148900258452,"COMMON_ACS":2000000000,"CURRENTDEBT_DEBT":80.195423205448,"ISSUED_COMMON_SHARES":762000000,"HK_COMMON_SHARES":762000000,"PER_SHARES":5000,"TOTAL_MARKET_CAP":148590000,"HKSK_MARKET_CAP":148590000,"PE_TTM":5.170146137787,"PB_TTM":0.836396386254,"REPORT_DATE_SQ":"2022-06-30 00:00:00","REPORT_TYPE_SQ":"2022年中报","OPERATE_INCOME_SQ":55434936.48,"DPS_HKD":0.02,"OPERATE_INCOME_QOQ_SQ":0,"NET_PROFIT_RATIO_SQ":-0.5955100176,"HOLDER_PROFIT_SQ":-330120.6,"HOLDER_PROFIT_QOQ_SQ":0,"ROE_AVG_SQ":-0.226530086609,"PE_TTM_SQ":10.97736202058,"PB_TTM_SQ":1.081242782378,"ROA_SQ":-0.185979205996,"START_DATE":"2023-04-01 00:00:00","FISCAL_YEAR":"3-31","CURRENCY":"HKD","IS_CNY_CODE":0,"DPS_HKD_LY":0.01,"ORG_TYPE":"一般企业","PREMIUM_INCOME":null,"PREMIUM_INCOME_YOY":null,"NET_INTEREST_INCOME":null,"NET_INTEREST_INCOME_YOY":null,"FEE_COMMISSION_INCOME":null,"FEE_COMMISSION_INCOME_YOY":null,"ACCOUNTS_RECE_TDAYS":3.945843201738,"INVENTORY_TDAYS":0.867655635856,"CURRENT_ASSETS_TDAYS":1.214287372277,"TOTAL_ASSETS_TDAYS":0.654749806003,"PREMIUM_EXPENSE":null,"LOAN_DEPOSIT":null,"LOAN_EQUITY":null,"LOAN_ASSETS":null,"DEPOSIT_EQUITY":null,"DEPOSIT_ASSETS":null,"EQUITY_MULTIPLIER":1.290437111476,"EQUITY_RATIO":0.290437111477},{"SECUCODE":"02031.HK","SECURITY_CODE":"02031","SECURITY_NAME_ABBR":"澳至尊","ORG_CODE":"10500744","STD_REPORT_DATE":"2022-12-31 00:00:00","REPORT_DATE":"2023-03-31 00:00:00","DATE_TYPE_CODE":"001","REPORT_TYPE":"2022年年报","PER_NETCASH_OPERATE":0.002039176837,"PER_OI":0.167910990525,"BPS":0.179286725197,"BASIC_EPS":0.000612787,"DILUTED_EPS":null,"OPERATE_INCOME":127948174.78,"OPERATE_INCOME_YOY":13.5419417989,"GROSS_PROFIT":106129455.94,"GROSS_PROFIT_YOY":24.456325025325,"HOLDER_PROFIT":435078.77,"HOLDER_PROFIT_YOY":158.956109134,"GROSS_PROFIT_RATIO":82.947221500021,"EPS_TTM":-0.001101958648,"OPERATE_INCOME_QOQ":0,"NET_PROFIT_RATIO":0.3400429672,"ROE_AVG":0.308097636575,"GROSS_PROFIT_QOQ":0,"ROA":0.256527383137,"HOLDER_PROFIT_QOQ":0,"ROE_YEARLY":0.308097636575,"ROIC_YEARLY":0.407661075339,"TOTAL_ASSETS":165813158.92,"TOTAL_LIABILITIES":29196674.32,"TAX_EBT":57.155172413793,"OCF_SALES":1.214439168571,"TOTAL_PARENT_EQUITY":136616484.6,"DEBT_ASSET_RATIO":17.6081768843,"OPERATE_PROFIT":1512708.48,"PRETAX_PROFIT":1015475.6,"NETCASH_OPERATE":1553852.75,"NETCASH_INVEST":4440079.52,"NETCASH_FINANCE":-18978013.39,"END_CASH":35930328.04,"DIVI_RATIO":-16.453430469528,"DIVIDEND_RATE":10.471204188482,"CURRENT_RATIO":3.673081337516,"COMMON_ACS":2000000000,"CURRENTDEBT_DEBT":78.370112736867,"ISSUED_COMMON_SHARES":762000000,"HK_COMMON_SHARES":762000000,"PER_SHARES":5000,"TOTAL_MARKET_CAP":145542000,"HKSK_MARKET_CAP":145542000,"PE_TTM":5.064091858038,"PB_TTM":0.819239537305,"REPORT_DATE_SQ":"2021-12-31 00:00:00","REPORT_TYPE_SQ":"2021年年报","OPERATE_INCOME_SQ":104398073.26,"DPS_HKD":0.02,"OPERATE_INCOME_QOQ_SQ":0,"NET_PROFIT_RATIO_SQ":-0.6548793562,"HOLDER_PROFIT_SQ":-683681.43,"HOLDER_PROFIT_QOQ_SQ":0,"ROE_AVG_SQ":-0.491843450256,"PE_TTM_SQ":343.43661971831,"PB_TTM_SQ":1.048477849579,"ROA_SQ":-0.421245146686,"START_DATE":"2022-04-01 00:00:00","FISCAL_YEAR":"3-31","CURRENCY":"HKD","IS_CNY_CODE":0,"DPS_HKD_LY":0.01,"ORG_TYPE":"一般企业","PREMIUM_INCOME":null,"PREMIUM_INCOME_YOY":null,"NET_INTEREST_INCOME":null,"NET_INTEREST_INCOME_YOY":null,"FEE_COMMISSION_INCOME":null,"FEE_COMMISSION_INCOME_YOY":null,"ACCOUNTS_RECE_TDAYS":6.022663589913,"INVENTORY_TDAYS":1.514906549157,"CURRENT_ASSETS_TDAYS":1.288621255136,"TOTAL_ASSETS_TDAYS":0.754396967093,"PREMIUM_EXPENSE":null,"LOAN_DEPOSIT":null,"LOAN_EQUITY":null,"LOAN_ASSETS":null,"DEPOSIT_EQUITY":null,"DEPOSIT_ASSETS":null,"EQUITY_MULTIPLIER":1.213712674613,"EQUITY_RATIO":0.213712674612},{"SECUCODE":"02031.HK","SECURITY_CODE":"02031","SECURITY_NAME_ABBR":"澳至尊","ORG_CODE":"10500744","STD_REPORT_DATE":"2022-06-30 00:00:00","REPORT_DATE":"2022-09-30 00:00:00","DATE_TYPE_CODE":"002","REPORT_TYPE":"2022年中报","PER_NETCASH_OPERATE":-0.00194656378,"PER_OI":0.072749260472,"BPS":0.184790622992,"BASIC_EPS":-0.00045222,"DILUTED_EPS":null,"OPERATE_INCOME":55434936.48,"OPERATE_INCOME_YOY":-3.3127208481,"GROSS_PROFIT":46232259.48,"GROSS_PROFIT_YOY":5.708408312212,"HOLDER_PROFIT":-330120.6,"HOLDER_PROFIT_YOY":-74.6411483254,"GROSS_PROFIT_RATIO":83.399138549892,"EPS_TTM":-0.000897219724,"OPERATE_INCOME_QOQ":0,"NET_PROFIT_RATIO":-0.5955100176,"ROE_AVG":-0.226530086609,"GROSS_PROFIT_QOQ":0,"ROA":-0.185979205996,"HOLDER_PROFIT_QOQ":0,"ROE_YEARLY":-0.453060173218,"ROIC_YEARLY":-0.69150397378,"TOTAL_ASSETS":175864740.24,"TOTAL_LIABILITIES":35054285.52,"TAX_EBT":15.704387990762,"OCF_SALES":-2.675716243555,"TOTAL_PARENT_EQUITY":140810454.72,"DEBT_ASSET_RATIO":19.9325262541,"OPERATE_PROFIT":-208021.2,"PRETAX_PROFIT":-391622.52,"NETCASH_OPERATE":-1483281.6,"NETCASH_INVEST":-7274410.92,"NETCASH_FINANCE":-6606934.2,"END_CASH":35086845.36,"DIVI_RATIO":-20.207981954402,"DIVIDEND_RATE":10.471204188482,"CURRENT_RATIO":4.142347137479,"COMMON_ACS":2000000000,"CURRENTDEBT_DEBT":79.498426131379,"ISSUED_COMMON_SHARES":762000000,"HK_COMMON_SHARES":762000000,"PER_SHARES":5000,"TOTAL_MARKET_CAP":145542000,"HKSK_MARKET_CAP":145542000,"PE_TTM":5.064091858038,"PB_TTM":0.819239537305,"REPORT_DATE_SQ":"2021-06-30 00:00:00","REPORT_TYPE_SQ":"2021年中报","OPERATE_INCOME_SQ":52809339.52,"DPS_HKD":0.02,"OPERATE_INCOME_QOQ_SQ":0,"NET_PROFIT_RATIO_SQ":-0.3296945987,"HOLDER_PROFIT_SQ":-174109.54,"HOLDER_PROFIT_QOQ_SQ":0,"ROE_AVG_SQ":-0.121756911452,"PE_TTM_SQ":343.43661971831,"PB_TTM_SQ":1.048477849579,"ROA_SQ":-0.103548903323,"START_DATE":"2022-04-01 00:00:00","FISCAL_YEAR":"3-31","CURRENCY":"HKD","IS_CNY_CODE":0,"DPS_HKD_LY":0.01,"ORG_TYPE":"一般企业","PREMIUM_INCOME":null,"PREMIUM_INCOME_YOY":null,"NET_INTEREST_INCOME":null,"NET_INTEREST_INCOME_YOY":null,"FEE_COMMISSION_INCOME":null,"FEE_COMMISSION_INCOME_YOY":null,"ACCOUNTS_RECE_TDAYS":3.201211709712,"INVENTORY_TDAYS":0.57656891911,"CURRENT_ASSETS_TDAYS":0.474265971811,"TOTAL_ASSETS_TDAYS":0.312302397094,"PREMIUM_EXPENSE":null,"LOAN_DEPOSIT":null,"LOAN_EQUITY":null,"LOAN_ASSETS":null,"DEPOSIT_EQUITY":null,"DEPOSIT_ASSETS":null,"EQUITY_MULTIPLIER":1.248946611171,"EQUITY_RATIO":0.248946611171},{"SECUCODE":"02031.HK","SECURITY_CODE":"02031","SECURITY_NAME_ABBR":"澳至尊","ORG_CODE":"10500744","STD_REPORT_DATE":"2021-12-31 00:00:00","REPORT_DATE":"2022-03-31 00:00:00","DATE_TYPE_CODE":"001","REPORT_TYPE":"2021年年报","PER_NETCASH_OPERATE":0.019233283084,"PER_OI":0.137005345486,"BPS":0.177278058596,"BASIC_EPS":-0.000892111,"DILUTED_EPS":null,"OPERATE_INCOME":104398073.26,"OPERATE_INCOME_YOY":25.0896440475,"GROSS_PROFIT":85274457.46,"GROSS_PROFIT_YOY":19.240117322842,"HOLDER_PROFIT":-683681.43,"HOLDER_PROFIT_YOY":-121.9302809573,"GROSS_PROFIT_RATIO":81.682022279881,"EPS_TTM":0.000794697087,"OPERATE_INCOME_QOQ":0,"NET_PROFIT_RATIO":-0.6548793562,"ROE_AVG":-0.491843450256,"GROSS_PROFIT_QOQ":0,"ROA":-0.421245146686,"HOLDER_PROFIT_QOQ":0,"ROE_YEARLY":-0.491843450256,"ROIC_YEARLY":-0.824611170889,"TOTAL_ASSETS":160637561.71,"TOTAL_LIABILITIES":25551681.06,"TAX_EBT":71.577882670263,"OCF_SALES":14.038345011886,"TOTAL_PARENT_EQUITY":135085880.65,"DEBT_ASSET_RATIO":15.9064173958,"OPERATE_PROFIT":-2141066.4,"PRETAX_PROFIT":-2405455.66,"NETCASH_OPERATE":14655761.71,"NETCASH_INVEST":82723.02,"NETCASH_FINANCE":-17873038.38,"END_CASH":45543077.56,"DIVI_RATIO":22.814982344087,"DIVIDEND_RATE":10.471204188482,"CURRENT_RATIO":5.128248343982,"COMMON_ACS":2000000000,"CURRENTDEBT_DEBT":80.97822636958,"ISSUED_COMMON_SHARES":762000000,"HK_COMMON_SHARES":762000000,"PER_SHARES":5000,"TOTAL_MARKET_CAP":145542000,"HKSK_MARKET_CAP":145542000,"PE_TTM":5.064091858038,"PB_TTM":0.819239537305,"REPORT_DATE_SQ":"2020-12-31 00:00:00","REPORT_TYPE_SQ":"2020年年报","OPERATE_INCOME_SQ":86974938.26,"DPS_HKD":0.02,"OPERATE_INCOME_QOQ_SQ":0,"NET_PROFIT_RATIO_SQ":3.7354115852,"HOLDER_PROFIT_SQ":3248871.92,"HOLDER_PROFIT_QOQ_SQ":0,"ROE_AVG_SQ":2.148128071798,"PE_TTM_SQ":343.43661971831,"PB_TTM_SQ":1.048477849579,"ROA_SQ":1.844277534022,"START_DATE":"2021-04-01 00:00:00","FISCAL_YEAR":"3-31","CURRENCY":"HKD","IS_CNY_CODE":0,"DPS_HKD_LY":0.01,"ORG_TYPE":"一般企业","PREMIUM_INCOME":null,"PREMIUM_INCOME_YOY":null,"NET_INTEREST_INCOME":null,"NET_INTEREST_INCOME_YOY":null,"FEE_COMMISSION_INCOME":null,"FEE_COMMISSION_INCOME_YOY":null,"ACCOUNTS_RECE_TDAYS":6.233402740787,"INVENTORY_TDAYS":1.596317232509,"CURRENT_ASSETS_TDAYS":0.96601978177,"TOTAL_ASSETS_TDAYS":0.643240839292,"PREMIUM_EXPENSE":null,"LOAN_DEPOSIT":null,"LOAN_EQUITY":null,"LOAN_ASSETS":null,"DEPOSIT_EQUITY":null,"DEPOSIT_ASSETS":null,"EQUITY_MULTIPLIER":1.189151382343,"EQUITY_RATIO":0.189151382343},{"SECUCODE":"02031.HK","SECURITY_CODE":"02031","SECURITY_NAME_ABBR":"澳至尊","ORG_CODE":"10500744","STD_REPORT_DATE":"2021-06-30 00:00:00","REPORT_DATE":"2021-09-30 00:00:00","DATE_TYPE_CODE":"002","REPORT_TYPE":"2021年中报","PER_NETCASH_OPERATE":0.01066797832,"PER_OI":0.069303595171,"BPS":0.182660977428,"BASIC_EPS":-0.000249918,"DILUTED_EPS":null,"OPERATE_INCOME":52809339.52,"OPERATE_INCOME_YOY":53.9014323865,"GROSS_PROFIT":43735650,"GROSS_PROFIT_YOY":47.634437475292,"HOLDER_PROFIT":-174109.54,"HOLDER_PROFIT_YOY":-107.4377224199,"GROSS_PROFIT_RATIO":82.818021201413,"EPS_TTM":0.004263611444,"OPERATE_INCOME_QOQ":0,"NET_PROFIT_RATIO":-0.3296945987,"ROE_AVG":-0.121756911452,"GROSS_PROFIT_QOQ":0,"ROA":-0.103548903323,"HOLDER_PROFIT_QOQ":0,"ROE_YEARLY":-0.243513822905,"ROIC_YEARLY":-0.417816160889,"TOTAL_ASSETS":167864089.18,"TOTAL_LIABILITIES":28676424.38,"TAX_EBT":509.803921568628,"OCF_SALES":15.393109540636,"TOTAL_PARENT_EQUITY":139187664.8,"DEBT_ASSET_RATIO":17.0831203506,"OPERATE_PROFIT":189937.68,"PRETAX_PROFIT":42486.06,"NETCASH_OPERATE":8128999.48,"NETCASH_INVEST":18900465.28,"NETCASH_FINANCE":-5961377.36,"END_CASH":71009201.34,"DIVI_RATIO":4.252498202515,"DIVIDEND_RATE":10.471204188482,"CURRENT_RATIO":4.47918814433,"COMMON_ACS":2000000000,"CURRENTDEBT_DEBT":90.172268541382,"ISSUED_COMMON_SHARES":762000000,"HK_COMMON_SHARES":762000000,"PER_SHARES":5000,"TOTAL_MARKET_CAP":145542000,"HKSK_MARKET_CAP":145542000,"PE_TTM":5.064091858038,"PB_TTM":0.819239537305,"REPORT_DATE_SQ":"2020-06-30 00:00:00","REPORT_TYPE_SQ":"2020年中报","OPERATE_INCOME_SQ":36194476.8,"DPS_HKD":0.02,"OPERATE_INCOME_QOQ_SQ":0,"NET_PROFIT_RATIO_SQ":6.8220441855,"HOLDER_PROFIT_SQ":2469203.2,"HOLDER_PROFIT_QOQ_SQ":0,"ROE_AVG_SQ":1.569683326165,"PE_TTM_SQ":343.43661971831,"PB_TTM_SQ":1.048477849579,"ROA_SQ":1.302176859715,"START_DATE":"2021-04-01 00:00:00","FISCAL_YEAR":"3-31","CURRENCY":"HKD","IS_CNY_CODE":0,"DPS_HKD_LY":0.01,"ORG_TYPE":"一般企业","PREMIUM_INCOME":null,"PREMIUM_INCOME_YOY":null,"NET_INTEREST_INCOME":null,"NET_INTEREST_INCOME_YOY":null,"FEE_COMMISSION_INCOME":null,"FEE_COMMISSION_INCOME_YOY":null,"ACCOUNTS_RECE_TDAYS":3.105852379903,"INVENTORY_TDAYS":0.716178452839,"CURRENT_ASSETS_TDAYS":0.461527820753,"TOTAL_ASSETS_TDAYS":0.314075219112,"PREMIUM_EXPENSE":null,"LOAN_DEPOSIT":null,"LOAN_EQUITY":null,"LOAN_ASSETS":null,"DEPOSIT_EQUITY":null,"DEPOSIT_ASSETS":null,"EQUITY_MULTIPLIER":1.206027052909,"EQUITY_RATIO":0.206027052909},{"SECUCODE":"02031.HK","SECURITY_CODE":"02031","SECURITY_NAME_ABBR":"澳至尊","ORG_CODE":"10500744","STD_REPORT_DATE":"2020-12-31 00:00:00","REPORT_DATE":"2021-03-31 00:00:00","DATE_TYPE_CODE":"001","REPORT_TYPE":"2020年年报","PER_NETCASH_OPERATE":0.028131627743,"PER_OI":0.114140338924,"BPS":0.195463957822,"BASIC_EPS":0.0042259,"DILUTED_EPS":null,"OPERATE_INCOME":86974938.26,"OPERATE_INCOME_YOY":-51.1230484984,"GROSS_PROFIT":71514905.7,"GROSS_PROFIT_YOY":-56.554558520188,"HOLDER_PROFIT":3248871.92,"HOLDER_PROFIT_YOY":-68.0916410725,"GROSS_PROFIT_RATIO":82.224727180853,"EPS_TTM":0.007124427664,"OPERATE_INCOME_QOQ":0,"NET_PROFIT_RATIO":3.7354115852,"ROE_AVG":2.148128071798,"GROSS_PROFIT_QOQ":0,"ROA":1.844277534022,"HOLDER_PROFIT_QOQ":0,"ROE_YEARLY":2.148128071798,"ROIC_YEARLY":3.800691124635,"TOTAL_ASSETS":170870885.78,"TOTAL_LIABILITIES":21927349.92,"TAX_EBT":-10.650546919977,"OCF_SALES":24.64652550361,"TOTAL_PARENT_EQUITY":148943535.86,"DEBT_ASSET_RATIO":12.8327010303,"OPERATE_PROFIT":3395933.24,"PRETAX_PROFIT":2936155.32,"NETCASH_OPERATE":21436300.34,"NETCASH_INVEST":1417366.86,"NETCASH_FINANCE":-18603256.98,"END_CASH":50699812.66,"DIVI_RATIO":2.544906181238,"DIVIDEND_RATE":10.471204188482,"CURRENT_RATIO":6.093191412917,"COMMON_ACS":2000000000,"CURRENTDEBT_DEBT":85.823311748381,"ISSUED_COMMON_SHARES":762000000,"HK_COMMON_SHARES":762000000,"PER_SHARES":5000,"TOTAL_MARKET_CAP":145542000,"HKSK_MARKET_CAP":145542000,"PE_TTM":5.064091858038,"PB_TTM":0.819239537305,"REPORT_DATE_SQ":"2019-12-31 00:00:00","REPORT_TYPE_SQ":"2019年年报","OPERATE_INCOME_SQ":192373139.1,"DPS_HKD":0.02,"OPERATE_INCOME_QOQ_SQ":0,"NET_PROFIT_RATIO_SQ":5.7218715417,"HOLDER_PROFIT_SQ":11007343.9,"HOLDER_PROFIT_QOQ_SQ":0,"ROE_AVG_SQ":6.515061381212,"PE_TTM_SQ":343.43661971831,"PB_TTM_SQ":1.048477849579,"ROA_SQ":5.697112428946,"START_DATE":"2020-04-01 00:00:00","FISCAL_YEAR":"3-31","CURRENCY":"HKD","IS_CNY_CODE":0,"DPS_HKD_LY":0.01,"ORG_TYPE":"一般企业","PREMIUM_INCOME":null,"PREMIUM_INCOME_YOY":null,"NET_INTEREST_INCOME":null,"NET_INTEREST_INCOME_YOY":null,"FEE_COMMISSION_INCOME":null,"FEE_COMMISSION_INCOME_YOY":null,"ACCOUNTS_RECE_TDAYS":5.326311430864,"INVENTORY_TDAYS":1.163428207982,"CURRENT_ASSETS_TDAYS":0.71475355182,"TOTAL_ASSETS_TDAYS":0.49372806502,"PREMIUM_EXPENSE":null,"LOAN_DEPOSIT":null,"LOAN_EQUITY":null,"LOAN_ASSETS":null,"DEPOSIT_EQUITY":null,"DEPOSIT_ASSETS":null,"EQUITY_MULTIPLIER":1.147219211585,"EQUITY_RATIO":0.147219211585},{"SECUCODE":"02031.HK","SECURITY_CODE":"02031","SECURITY_NAME_ABBR":"澳至尊","ORG_CODE":"10500744","STD_REPORT_DATE":"2020-06-30 00:00:00","REPORT_DATE":"2020-09-30 00:00:00","DATE_TYPE_CODE":"002","REPORT_TYPE":"2020年中报","PER_NETCASH_OPERATE":0.018144068871,"PER_OI":0.047499313386,"BPS":0.203383318845,"BASIC_EPS":0.003251264,"DILUTED_EPS":0.003251264,"OPERATE_INCOME":36194476.8,"OPERATE_INCOME_YOY":-66.7838652968,"GROSS_PROFIT":29624287.36,"GROSS_PROFIT_YOY":-69.219173241127,"HOLDER_PROFIT":2469203.2,"HOLDER_PROFIT_YOY":-68.5048195472,"GROSS_PROFIT_RATIO":81.847535809663,"EPS_TTM":0.014445333202,"OPERATE_INCOME_QOQ":0,"NET_PROFIT_RATIO":6.8220441855,"ROE_AVG":1.569683326165,"GROSS_PROFIT_QOQ":0,"ROA":1.302176859715,"HOLDER_PROFIT_QOQ":0,"ROE_YEARLY":3.139366652329,"ROIC_YEARLY":5.791068153247,"TOTAL_ASSETS":190593489.28,"TOTAL_LIABILITIES":35615400.32,"TAX_EBT":8.498860306089,"OCF_SALES":38.198591891236,"TOTAL_PARENT_EQUITY":154978088.96,"DEBT_ASSET_RATIO":18.6865776237,"OPERATE_PROFIT":2974467.2,"PRETAX_PROFIT":2698549.12,"NETCASH_OPERATE":13825780.48,"NETCASH_INVEST":-18453.12,"NETCASH_FINANCE":-6241548.16,"END_CASH":55852321.92,"DIVI_RATIO":1.255145848582,"DIVIDEND_RATE":10.471204188482,"CURRENT_RATIO":4.678292754473,"COMMON_ACS":2000000000,"CURRENTDEBT_DEBT":84.108460190965,"ISSUED_COMMON_SHARES":762000000,"HK_COMMON_SHARES":762000000,"PER_SHARES":5000,"TOTAL_MARKET_CAP":145542000,"HKSK_MARKET_CAP":145542000,"PE_TTM":5.064091858038,"PB_TTM":0.819239537305,"REPORT_DATE_SQ":"2019-06-30 00:00:00","REPORT_TYPE_SQ":"2019年中报","OPERATE_INCOME_SQ":111854652.06,"DPS_HKD":0.02,"OPERATE_INCOME_QOQ_SQ":0,"NET_PROFIT_RATIO_SQ":7.1948131542,"HOLDER_PROFIT_SQ":8047733.22,"HOLDER_PROFIT_QOQ_SQ":0,"ROE_AVG_SQ":4.930425844671,"PE_TTM_SQ":343.43661971831,"PB_TTM_SQ":1.048477849579,"ROA_SQ":3.976033280673,"START_DATE":"2020-04-01 00:00:00","FISCAL_YEAR":"3-31","CURRENCY":"HKD","IS_CNY_CODE":0,"DPS_HKD_LY":0.01,"ORG_TYPE":"一般企业","PREMIUM_INCOME":null,"PREMIUM_INCOME_YOY":null,"NET_INTEREST_INCOME":null,"NET_INTEREST_INCOME_YOY":null,"FEE_COMMISSION_INCOME":null,"FEE_COMMISSION_INCOME_YOY":null,"ACCOUNTS_RECE_TDAYS":2.786591347292,"INVENTORY_TDAYS":0.432171550777,"CURRENT_ASSETS_TDAYS":0.264239181686,"TOTAL_ASSETS_TDAYS":0.19087781086,"PREMIUM_EXPENSE":null,"LOAN_DEPOSIT":null,"LOAN_EQUITY":null,"LOAN_ASSETS":null,"DEPOSIT_EQUITY":null,"DEPOSIT_ASSETS":null,"EQUITY_MULTIPLIER":1.229809262451,"EQUITY_RATIO":0.229809262451}],"count":23},"success":true,"message":"ok","code":0}