{"version":"2adffd2b879cc4052c1bf3c10f159303","result":{"pages":4,"data":[{"SECUCODE":"02033.HK","SECURITY_CODE":"02033","SECURITY_NAME_ABBR":"时计宝","ORG_CODE":"10317491","STD_REPORT_DATE":"2023-12-31 00:00:00","REPORT_DATE":"2024-06-30 00:00:00","DATE_TYPE_CODE":"001","REPORT_TYPE":"2023年年报","PER_NETCASH_OPERATE":0.079281244526,"PER_OI":0.390708147875,"BPS":1.026439275359,"BASIC_EPS":0.01460288,"DILUTED_EPS":null,"OPERATE_INCOME":804103936.48,"OPERATE_INCOME_YOY":-10.2595338983,"GROSS_PROFIT":585169345.4,"GROSS_PROFIT_YOY":-11.971562109903,"HOLDER_PROFIT":30698904.48,"HOLDER_PROFIT_YOY":-9.2635554357,"GROSS_PROFIT_RATIO":72.772849236581,"EPS_TTM":0.041150651796,"OPERATE_INCOME_QOQ":-2.707915529434,"NET_PROFIT_RATIO":3.8635197654,"ROE_AVG":1.431120923464,"GROSS_PROFIT_QOQ":-0.941969581249,"ROA":1.30360345434,"HOLDER_PROFIT_QOQ":147.794893495569,"ROE_YEARLY":1.431120923464,"ROIC_YEARLY":1.975146832401,"TOTAL_ASSETS":2319003969.64,"TOTAL_LIABILITIES":205083759.4,"TAX_EBT":20.432445067789,"OCF_SALES":20.291679341139,"TOTAL_PARENT_EQUITY":2112481826.56,"DEBT_ASSET_RATIO":8.8436139862,"OPERATE_PROFIT":45654078.96,"PRETAX_PROFIT":39044450.4,"NETCASH_OPERATE":163166192.36,"NETCASH_INVEST":74983050.76,"NETCASH_FINANCE":-81728668.64,"END_CASH":875473687.12,"DIVI_RATIO":0.221789925596,"DIVIDEND_RATE":2.985074626866,"CURRENT_RATIO":9.988876896131,"COMMON_ACS":100000000000,"CURRENTDEBT_DEBT":68.856055717496,"ISSUED_COMMON_SHARES":2058068000,"HK_COMMON_SHARES":2058068000,"PER_SHARES":2000,"TOTAL_MARKET_CAP":689452780,"HKSK_MARKET_CAP":689452780,"PE_TTM":20.497466405042,"PB_TTM":0.297872272954,"REPORT_DATE_SQ":"2022-12-31 00:00:00","REPORT_TYPE_SQ":"2022年年报","OPERATE_INCOME_SQ":905163084.8,"DPS_HKD":0.01,"OPERATE_INCOME_QOQ_SQ":-17.783035997932,"NET_PROFIT_RATIO_SQ":3.8725350391,"HOLDER_PROFIT_SQ":34177798.6,"HOLDER_PROFIT_QOQ_SQ":-259.992537530614,"ROE_AVG_SQ":1.492091552516,"PE_TTM_SQ":20.541817102779,"PB_TTM_SQ":0.319139283647,"ROA_SQ":1.334183678978,"START_DATE":"2023-07-01 00:00:00","FISCAL_YEAR":"6-30","CURRENCY":"HKD","IS_CNY_CODE":0,"DPS_HKD_LY":0.008,"ORG_TYPE":"一般企业","PREMIUM_INCOME":null,"PREMIUM_INCOME_YOY":null,"NET_INTEREST_INCOME":null,"NET_INTEREST_INCOME_YOY":null,"FEE_COMMISSION_INCOME":null,"FEE_COMMISSION_INCOME_YOY":null,"ACCOUNTS_RECE_TDAYS":5.989001352738,"INVENTORY_TDAYS":1.153229683474,"CURRENT_ASSETS_TDAYS":0.553637662412,"TOTAL_ASSETS_TDAYS":0.341456050957,"PREMIUM_EXPENSE":null,"LOAN_DEPOSIT":null,"LOAN_EQUITY":null,"LOAN_ASSETS":null,"DEPOSIT_EQUITY":null,"DEPOSIT_ASSETS":null,"EQUITY_MULTIPLIER":1.097015846864,"EQUITY_RATIO":0.097081904716},{"SECUCODE":"02033.HK","SECURITY_CODE":"02033","SECURITY_NAME_ABBR":"时计宝","ORG_CODE":"10317491","STD_REPORT_DATE":"2023-06-30 00:00:00","REPORT_DATE":"2023-12-31 00:00:00","DATE_TYPE_CODE":"002","REPORT_TYPE":"2023年中报","PER_NETCASH_OPERATE":0.03711108079,"PER_OI":0.190204801824,"BPS":1.021946811077,"BASIC_EPS":0.00543732,"DILUTED_EPS":null,"OPERATE_INCOME":391454416.08,"OPERATE_INCOME_YOY":-7.2373761451,"GROSS_PROFIT":285986720.04,"GROSS_PROFIT_YOY":-2.14261040743,"HOLDER_PROFIT":10405218.04,"HOLDER_PROFIT_YOY":125.5723830735,"GROSS_PROFIT_RATIO":73.057477011973,"EPS_TTM":0.016606739233,"OPERATE_INCOME_QOQ":-8.573571826823,"NET_PROFIT_RATIO":2.5518330231,"ROE_AVG":0.487874520815,"GROSS_PROFIT_QOQ":-7.325121387016,"ROA":0.444350017163,"HOLDER_PROFIT_QOQ":175.649258752862,"ROE_YEARLY":0.97574904163,"ROIC_YEARLY":1.333226895025,"TOTAL_ASSETS":2309416485.32,"TOTAL_LIABILITIES":204720535.32,"TAX_EBT":28.235677083333,"OCF_SALES":19.51111666713,"TOTAL_PARENT_EQUITY":2103236029.58,"DEBT_ASSET_RATIO":8.8646000677,"OPERATE_PROFIT":14202279.84,"PRETAX_PROFIT":13919539.2,"NETCASH_OPERATE":76377127.82,"NETCASH_INVEST":120599757.6,"NETCASH_FINANCE":-77723770.74,"END_CASH":840773697.82,"DIVI_RATIO":0.549584109914,"DIVIDEND_RATE":3.125,"CURRENT_RATIO":10.846896041243,"COMMON_ACS":100000000000,"CURRENTDEBT_DEBT":68.175701397927,"ISSUED_COMMON_SHARES":2058068000,"HK_COMMON_SHARES":2058068000,"PER_SHARES":2000,"TOTAL_MARKET_CAP":658581760,"HKSK_MARKET_CAP":658581760,"PE_TTM":19.579669401831,"PB_TTM":0.284534708493,"REPORT_DATE_SQ":"2022-06-30 00:00:00","REPORT_TYPE_SQ":"2022年中报","OPERATE_INCOME_SQ":415965467.82,"DPS_HKD":0.01,"OPERATE_INCOME_QOQ_SQ":-14.909320964332,"NET_PROFIT_RATIO_SQ":-9.7103932862,"HOLDER_PROFIT_SQ":-40107823,"HOLDER_PROFIT_QOQ_SQ":-76.103731455622,"ROE_AVG_SQ":-1.828319570715,"PE_TTM_SQ":24.705698947936,"PB_TTM_SQ":0.383829678981,"ROA_SQ":-1.618334686751,"START_DATE":"2023-07-01 00:00:00","FISCAL_YEAR":"6-30","CURRENCY":"HKD","IS_CNY_CODE":0,"DPS_HKD_LY":0.008,"ORG_TYPE":"一般企业","PREMIUM_INCOME":null,"PREMIUM_INCOME_YOY":null,"NET_INTEREST_INCOME":null,"NET_INTEREST_INCOME_YOY":null,"FEE_COMMISSION_INCOME":null,"FEE_COMMISSION_INCOME_YOY":null,"ACCOUNTS_RECE_TDAYS":2.984485599693,"INVENTORY_TDAYS":0.507994290728,"CURRENT_ASSETS_TDAYS":0.261181321198,"TOTAL_ASSETS_TDAYS":0.167168795344,"PREMIUM_EXPENSE":null,"LOAN_DEPOSIT":null,"LOAN_EQUITY":null,"LOAN_ASSETS":null,"DEPOSIT_EQUITY":null,"DEPOSIT_ASSETS":null,"EQUITY_MULTIPLIER":1.097268460711,"EQUITY_RATIO":0.097335977722},{"SECUCODE":"02033.HK","SECURITY_CODE":"02033","SECURITY_NAME_ABBR":"时计宝","ORG_CODE":"10317491","STD_REPORT_DATE":"2022-12-31 00:00:00","REPORT_DATE":"2023-06-30 00:00:00","DATE_TYPE_CODE":"001","REPORT_TYPE":"2022年年报","PER_NETCASH_OPERATE":0.048205238068,"PER_OI":0.439812039641,"BPS":1.068914475528,"BASIC_EPS":0.01659564,"DILUTED_EPS":null,"OPERATE_INCOME":905163084.8,"OPERATE_INCOME_YOY":-30.2772830184,"GROSS_PROFIT":664750345.94,"GROSS_PROFIT_YOY":-23.962952640059,"HOLDER_PROFIT":34177798.6,"HOLDER_PROFIT_YOY":12.2652937614,"GROSS_PROFIT_RATIO":73.439842731421,"EPS_TTM":-0.021952282821,"OPERATE_INCOME_QOQ":-17.783035997932,"NET_PROFIT_RATIO":3.8725350391,"ROE_AVG":1.492091552516,"GROSS_PROFIT_QOQ":-17.952903205327,"ROA":1.334183678978,"HOLDER_PROFIT_QOQ":-259.992537530614,"ROE_YEARLY":1.492091552516,"ROIC_YEARLY":1.903993918725,"TOTAL_ASSETS":2415211432.16,"TOTAL_LIABILITIES":213901203.96,"TAX_EBT":16.472966144517,"OCF_SALES":10.960418024772,"TOTAL_PARENT_EQUITY":2199898676.82,"DEBT_ASSET_RATIO":8.8564173352,"OPERATE_PROFIT":47043107.52,"PRETAX_PROFIT":41965763.66,"NETCASH_OPERATE":99209657.9,"NETCASH_INVEST":-19436260.38,"NETCASH_FINANCE":-112553474.44,"END_CASH":730392556,"DIVI_RATIO":-0.415756305373,"DIVIDEND_RATE":3.125,"CURRENT_RATIO":10.550992131262,"COMMON_ACS":100000000000,"CURRENTDEBT_DEBT":66.883475142456,"ISSUED_COMMON_SHARES":2058068000,"HK_COMMON_SHARES":2058068000,"PER_SHARES":2000,"TOTAL_MARKET_CAP":658581760,"HKSK_MARKET_CAP":658581760,"PE_TTM":19.579669401831,"PB_TTM":0.284534708493,"REPORT_DATE_SQ":"2021-12-31 00:00:00","REPORT_TYPE_SQ":"2021年年报","OPERATE_INCOME_SQ":1204186197.48,"DPS_HKD":0.01,"OPERATE_INCOME_QOQ_SQ":-11.324133345959,"NET_PROFIT_RATIO_SQ":2.2465151425,"HOLDER_PROFIT_SQ":28238373.8,"HOLDER_PROFIT_QOQ_SQ":-45.188451984986,"ROE_AVG_SQ":1.273769623218,"PE_TTM_SQ":24.705698947936,"PB_TTM_SQ":0.383829678981,"ROA_SQ":1.097893935532,"START_DATE":"2022-07-01 00:00:00","FISCAL_YEAR":"6-30","CURRENCY":"HKD","IS_CNY_CODE":0,"DPS_HKD_LY":0.043,"ORG_TYPE":"一般企业","PREMIUM_INCOME":null,"PREMIUM_INCOME_YOY":null,"NET_INTEREST_INCOME":null,"NET_INTEREST_INCOME_YOY":null,"FEE_COMMISSION_INCOME":null,"FEE_COMMISSION_INCOME_YOY":null,"ACCOUNTS_RECE_TDAYS":5.60512463318,"INVENTORY_TDAYS":0.894455383053,"CURRENT_ASSETS_TDAYS":0.606562922346,"TOTAL_ASSETS_TDAYS":0.353344528911,"PREMIUM_EXPENSE":null,"LOAN_DEPOSIT":null,"LOAN_EQUITY":null,"LOAN_ASSETS":null,"DEPOSIT_EQUITY":null,"DEPOSIT_ASSETS":null,"EQUITY_MULTIPLIER":1.097169949614,"EQUITY_RATIO":0.097232298112},{"SECUCODE":"02033.HK","SECURITY_CODE":"02033","SECURITY_NAME_ABBR":"时计宝","ORG_CODE":"10317491","STD_REPORT_DATE":"2022-06-30 00:00:00","REPORT_DATE":"2022-12-31 00:00:00","DATE_TYPE_CODE":"002","REPORT_TYPE":"2022年中报","PER_NETCASH_OPERATE":0.017333987016,"PER_OI":0.202114540346,"BPS":1.010780603668,"BASIC_EPS":-0.01965194,"DILUTED_EPS":null,"OPERATE_INCOME":415965467.82,"OPERATE_INCOME_YOY":-39.5770996447,"GROSS_PROFIT":292248466.09,"GROSS_PROFIT_YOY":-34.940363000584,"HOLDER_PROFIT":-40107823,"HOLDER_PROFIT_YOY":-210.208389583,"GROSS_PROFIT_RATIO":70.257867226725,"EPS_TTM":0.013720816708,"OPERATE_INCOME_QOQ":-14.909320964332,"NET_PROFIT_RATIO":-9.7103932862,"ROE_AVG":-1.828319570715,"GROSS_PROFIT_QOQ":-15.957813721657,"ROA":-1.618334686751,"HOLDER_PROFIT_QOQ":-76.103731455622,"ROE_YEARLY":-3.656639141431,"ROIC_YEARLY":-4.450019908636,"TOTAL_ASSETS":2332819268.5,"TOTAL_LIABILITIES":247113319.53,"TAX_EBT":7.201346276192,"OCF_SALES":8.576318648989,"TOTAL_PARENT_EQUITY":2080255215.43,"DEBT_ASSET_RATIO":10.5929045969,"OPERATE_PROFIT":-43136008.3,"PRETAX_PROFIT":-43526367.29,"NETCASH_OPERATE":35674523.99,"NETCASH_INVEST":-113093341.62,"NETCASH_FINANCE":-96432962.85,"END_CASH":569522153.9,"DIVI_RATIO":0.66517906291,"DIVIDEND_RATE":3.125,"CURRENT_RATIO":7.102339794942,"COMMON_ACS":100000000000,"CURRENTDEBT_DEBT":70.61874862185,"ISSUED_COMMON_SHARES":2058068000,"HK_COMMON_SHARES":2058068000,"PER_SHARES":2000,"TOTAL_MARKET_CAP":658581760,"HKSK_MARKET_CAP":658581760,"PE_TTM":19.579669401831,"PB_TTM":0.284534708493,"REPORT_DATE_SQ":"2021-06-30 00:00:00","REPORT_TYPE_SQ":"2021年中报","OPERATE_INCOME_SQ":630106332.8,"DPS_HKD":0.01,"OPERATE_INCOME_QOQ_SQ":10.884873615628,"NET_PROFIT_RATIO_SQ":5.0059817459,"HOLDER_PROFIT_SQ":33309841.6,"HOLDER_PROFIT_QOQ_SQ":72.651644483737,"ROE_AVG_SQ":1.546348416692,"PE_TTM_SQ":24.705698947936,"PB_TTM_SQ":0.383829678981,"ROA_SQ":1.325585863498,"START_DATE":"2022-07-01 00:00:00","FISCAL_YEAR":"6-30","CURRENCY":"HKD","IS_CNY_CODE":0,"DPS_HKD_LY":0.043,"ORG_TYPE":"一般企业","PREMIUM_INCOME":null,"PREMIUM_INCOME_YOY":null,"NET_INTEREST_INCOME":null,"NET_INTEREST_INCOME_YOY":null,"FEE_COMMISSION_INCOME":null,"FEE_COMMISSION_INCOME_YOY":null,"ACCOUNTS_RECE_TDAYS":2.937511039338,"INVENTORY_TDAYS":0.43640700525,"CURRENT_ASSETS_TDAYS":0.311750963958,"TOTAL_ASSETS_TDAYS":0.167840409853,"PREMIUM_EXPENSE":null,"LOAN_DEPOSIT":null,"LOAN_EQUITY":null,"LOAN_ASSETS":null,"DEPOSIT_EQUITY":null,"DEPOSIT_ASSETS":null,"EQUITY_MULTIPLIER":1.118479462387,"EQUITY_RATIO":0.118789905054},{"SECUCODE":"02033.HK","SECURITY_CODE":"02033","SECURITY_NAME_ABBR":"时计宝","ORG_CODE":"10317491","STD_REPORT_DATE":"2021-12-31 00:00:00","REPORT_DATE":"2022-06-30 00:00:00","DATE_TYPE_CODE":"001","REPORT_TYPE":"2021年年报","PER_NETCASH_OPERATE":0.072927262734,"PER_OI":0.585105155651,"BPS":1.073234221585,"BASIC_EPS":0.01368304,"DILUTED_EPS":null,"OPERATE_INCOME":1204186197.48,"OPERATE_INCOME_YOY":-26.5841383089,"GROSS_PROFIT":874245343.58,"GROSS_PROFIT_YOY":-27.380519031719,"HOLDER_PROFIT":28238373.8,"HOLDER_PROFIT_YOY":-87.2560333149,"GROSS_PROFIT_RATIO":72.60051189837,"EPS_TTM":0.05698903598,"OPERATE_INCOME_QOQ":-11.324133345959,"NET_PROFIT_RATIO":2.2465151425,"ROE_AVG":1.273769623218,"GROSS_PROFIT_QOQ":-13.591632745286,"ROA":1.097893935532,"HOLDER_PROFIT_QOQ":-45.188451984986,"ROE_YEARLY":1.273769623218,"ROIC_YEARLY":1.359126273615,"TOTAL_ASSETS":2512004319.16,"TOTAL_LIABILITIES":278579852.88,"TAX_EBT":-33.438791867038,"OCF_SALES":12.463958320905,"TOTAL_PARENT_EQUITY":2208789007.95,"DEBT_ASSET_RATIO":11.089943228,"OPERATE_PROFIT":20092689.05,"PRETAX_PROFIT":20273134.14,"NETCASH_OPERATE":150089265.76,"NETCASH_INVEST":412066459.98,"NETCASH_FINANCE":-51921150.47,"END_CASH":718785484.62,"DIVI_RATIO":0.160150103313,"DIVIDEND_RATE":3.125,"CURRENT_RATIO":6.77130426318,"COMMON_ACS":100000000000,"CURRENTDEBT_DEBT":72.533399641445,"ISSUED_COMMON_SHARES":2058068000,"HK_COMMON_SHARES":2058068000,"PER_SHARES":2000,"TOTAL_MARKET_CAP":658581760,"HKSK_MARKET_CAP":658581760,"PE_TTM":19.579669401831,"PB_TTM":0.284534708493,"REPORT_DATE_SQ":"2020-12-31 00:00:00","REPORT_TYPE_SQ":"2020年年报","OPERATE_INCOME_SQ":1595901981.36,"DPS_HKD":0.01,"OPERATE_INCOME_QOQ_SQ":-8.734969087663,"NET_PROFIT_RATIO_SQ":14.0006058498,"HOLDER_PROFIT_SQ":215594424.24,"HOLDER_PROFIT_QOQ_SQ":49.565380806807,"ROE_AVG_SQ":10.860974843993,"PE_TTM_SQ":24.705698947936,"PB_TTM_SQ":0.383829678981,"ROA_SQ":9.297017615151,"START_DATE":"2021-07-01 00:00:00","FISCAL_YEAR":"6-30","CURRENCY":"HKD","IS_CNY_CODE":0,"DPS_HKD_LY":null,"ORG_TYPE":"一般企业","PREMIUM_INCOME":null,"PREMIUM_INCOME_YOY":null,"NET_INTEREST_INCOME":null,"NET_INTEREST_INCOME_YOY":null,"FEE_COMMISSION_INCOME":null,"FEE_COMMISSION_INCOME_YOY":null,"ACCOUNTS_RECE_TDAYS":5.958702289592,"INVENTORY_TDAYS":1.05254829852,"CURRENT_ASSETS_TDAYS":0.817794700479,"TOTAL_ASSETS_TDAYS":0.468181607351,"PREMIUM_EXPENSE":null,"LOAN_DEPOSIT":null,"LOAN_EQUITY":null,"LOAN_ASSETS":null,"DEPOSIT_EQUITY":null,"DEPOSIT_ASSETS":null,"EQUITY_MULTIPLIER":1.124732157763,"EQUITY_RATIO":0.126123342645},{"SECUCODE":"02033.HK","SECURITY_CODE":"02033","SECURITY_NAME_ABBR":"时计宝","ORG_CODE":"10317491","STD_REPORT_DATE":"2021-06-30 00:00:00","REPORT_DATE":"2021-12-31 00:00:00","DATE_TYPE_CODE":"002","REPORT_TYPE":"2021年中报","PER_NETCASH_OPERATE":0.061477876202,"PER_OI":0.303875413201,"BPS":1.059710851925,"BASIC_EPS":0.016352,"DILUTED_EPS":null,"OPERATE_INCOME":630106332.8,"OPERATE_INCOME_YOY":-20.0036122405,"GROSS_PROFIT":449200886.4,"GROSS_PROFIT_YOY":-26.700176970762,"HOLDER_PROFIT":33309841.6,"HOLDER_PROFIT_YOY":-73.7716632761,"GROSS_PROFIT_RATIO":71.289695566761,"EPS_TTM":0.103832072919,"OPERATE_INCOME_QOQ":10.884873615628,"NET_PROFIT_RATIO":5.0059817459,"ROE_AVG":1.546348416692,"GROSS_PROFIT_QOQ":12.314339663443,"ROA":1.325585863498,"HOLDER_PROFIT_QOQ":72.651644483737,"ROE_YEARLY":3.092696833385,"ROIC_YEARLY":3.299564381534,"TOTAL_ASSETS":2509278172.8,"TOTAL_LIABILITIES":303157086.4,"TAX_EBT":26.015418248763,"OCF_SALES":20.231276875686,"TOTAL_PARENT_EQUITY":2180956993.6,"DEBT_ASSET_RATIO":12.0814459587,"OPERATE_PROFIT":42740040,"PRETAX_PROFIT":42634569.6,"NETCASH_OPERATE":127478556.8,"NETCASH_INVEST":426214880,"NETCASH_FINANCE":-34370268.8,"END_CASH":727901104,"DIVI_RATIO":0.087899622375,"DIVIDEND_RATE":3.125,"CURRENT_RATIO":5.996872478154,"COMMON_ACS":100000000000,"CURRENTDEBT_DEBT":77.868275488216,"ISSUED_COMMON_SHARES":2058068000,"HK_COMMON_SHARES":2058068000,"PER_SHARES":2000,"TOTAL_MARKET_CAP":658581760,"HKSK_MARKET_CAP":658581760,"PE_TTM":19.579669401831,"PB_TTM":0.284534708493,"REPORT_DATE_SQ":"2020-06-30 00:00:00","REPORT_TYPE_SQ":"2020年中报","OPERATE_INCOME_SQ":810828401.24,"DPS_HKD":0.01,"OPERATE_INCOME_QOQ_SQ":-29.999351848612,"NET_PROFIT_RATIO_SQ":16.5656519523,"HOLDER_PROFIT_SQ":130733624.48,"HOLDER_PROFIT_QOQ_SQ":-66.927511572564,"ROE_AVG_SQ":6.711829311818,"PE_TTM_SQ":24.705698947936,"PB_TTM_SQ":0.383829678981,"ROA_SQ":5.789065392714,"START_DATE":"2021-07-01 00:00:00","FISCAL_YEAR":"6-30","CURRENCY":"HKD","IS_CNY_CODE":0,"DPS_HKD_LY":null,"ORG_TYPE":"一般企业","PREMIUM_INCOME":null,"PREMIUM_INCOME_YOY":null,"NET_INTEREST_INCOME":null,"NET_INTEREST_INCOME_YOY":null,"FEE_COMMISSION_INCOME":null,"FEE_COMMISSION_INCOME_YOY":null,"ACCOUNTS_RECE_TDAYS":3.308525481139,"INVENTORY_TDAYS":0.584639165043,"CURRENT_ASSETS_TDAYS":0.431127547918,"TOTAL_ASSETS_TDAYS":0.250754734078,"PREMIUM_EXPENSE":null,"LOAN_DEPOSIT":null,"LOAN_EQUITY":null,"LOAN_ASSETS":null,"DEPOSIT_EQUITY":null,"DEPOSIT_ASSETS":null,"EQUITY_MULTIPLIER":1.137416340503,"EQUITY_RATIO":0.139001863535},{"SECUCODE":"02033.HK","SECURITY_CODE":"02033","SECURITY_NAME_ABBR":"时计宝","ORG_CODE":"10317491","STD_REPORT_DATE":"2020-12-31 00:00:00","REPORT_DATE":"2021-06-30 00:00:00","DATE_TYPE_CODE":"001","REPORT_TYPE":"2020年年报","PER_NETCASH_OPERATE":0.171045229843,"PER_OI":0.76859970514,"BPS":1.051914094423,"BASIC_EPS":0.10401,"DILUTED_EPS":null,"OPERATE_INCOME":1595901981.36,"OPERATE_INCOME_YOY":11.0942684102,"GROSS_PROFIT":1203871649.76,"GROSS_PROFIT_YOY":3.514570628776,"HOLDER_PROFIT":215594424.24,"HOLDER_PROFIT_YOY":183.4762915472,"GROSS_PROFIT_RATIO":75.435187362452,"EPS_TTM":0.060036414263,"OPERATE_INCOME_QOQ":-8.734969087663,"NET_PROFIT_RATIO":14.0006058498,"ROE_AVG":10.860974843993,"GROSS_PROFIT_QOQ":-7.834947043304,"ROA":9.297017615151,"HOLDER_PROFIT_QOQ":49.565380806807,"ROE_YEARLY":10.860974843993,"ROIC_YEARLY":11.340083909522,"TOTAL_ASSETS":2560966671.12,"TOTAL_LIABILITIES":369439359.6,"TAX_EBT":27.813576134907,"OCF_SALES":22.254136802145,"TOTAL_PARENT_EQUITY":2164910736.48,"DEBT_ASSET_RATIO":14.4257777255,"OPERATE_PROFIT":308382993.36,"PRETAX_PROFIT":309526271.28,"NETCASH_OPERATE":355913899.2,"NETCASH_INVEST":-723164888.4,"NETCASH_FINANCE":-23041959.36,"END_CASH":212060580.48,"DIVI_RATIO":0.15202107108,"DIVIDEND_RATE":3.125,"CURRENT_RATIO":5.607422771967,"COMMON_ACS":100000000000,"CURRENTDEBT_DEBT":74.054662777734,"ISSUED_COMMON_SHARES":2058068000,"HK_COMMON_SHARES":2058068000,"PER_SHARES":2000,"TOTAL_MARKET_CAP":658581760,"HKSK_MARKET_CAP":658581760,"PE_TTM":19.579669401831,"PB_TTM":0.284534708493,"REPORT_DATE_SQ":"2019-12-31 00:00:00","REPORT_TYPE_SQ":"2019年年报","OPERATE_INCOME_SQ":1576992046.08,"DPS_HKD":0.01,"OPERATE_INCOME_QOQ_SQ":-4.089237849028,"NET_PROFIT_RATIO_SQ":3.4409116606,"HOLDER_PROFIT_SQ":83490242.88,"HOLDER_PROFIT_QOQ_SQ":-6.018610822324,"ROE_AVG_SQ":4.16124896654,"PE_TTM_SQ":24.705698947936,"PB_TTM_SQ":0.383829678981,"ROA_SQ":3.50873758269,"START_DATE":"2020-07-01 00:00:00","FISCAL_YEAR":"6-30","CURRENCY":"HKD","IS_CNY_CODE":0,"DPS_HKD_LY":null,"ORG_TYPE":"一般企业","PREMIUM_INCOME":null,"PREMIUM_INCOME_YOY":null,"NET_INTEREST_INCOME":null,"NET_INTEREST_INCOME_YOY":null,"FEE_COMMISSION_INCOME":null,"FEE_COMMISSION_INCOME_YOY":null,"ACCOUNTS_RECE_TDAYS":7.111549050325,"INVENTORY_TDAYS":1.251394437125,"CURRENT_ASSETS_TDAYS":1.169768823356,"TOTAL_ASSETS_TDAYS":0.688196315144,"PREMIUM_EXPENSE":null,"LOAN_DEPOSIT":null,"LOAN_EQUITY":null,"LOAN_ASSETS":null,"DEPOSIT_EQUITY":null,"DEPOSIT_ASSETS":null,"EQUITY_MULTIPLIER":1.168576206036,"EQUITY_RATIO":0.17064877243},{"SECUCODE":"02033.HK","SECURITY_CODE":"02033","SECURITY_NAME_ABBR":"时计宝","ORG_CODE":"10317491","STD_REPORT_DATE":"2020-06-30 00:00:00","REPORT_DATE":"2020-12-31 00:00:00","DATE_TYPE_CODE":"002","REPORT_TYPE":"2020年中报","PER_NETCASH_OPERATE":0.123037609303,"PER_OI":0.389831467375,"BPS":1.005658683853,"BASIC_EPS":0.063123,"DILUTED_EPS":null,"OPERATE_INCOME":810828401.24,"OPERATE_INCOME_YOY":-9.0231655966,"GROSS_PROFIT":612826699.76,"GROSS_PROFIT_YOY":-12.944189242792,"HOLDER_PROFIT":130733624.48,"HOLDER_PROFIT_YOY":55.7259867465,"GROSS_PROFIT_RATIO":75.580319932405,"EPS_TTM":0.040140581957,"OPERATE_INCOME_QOQ":-29.999351848612,"NET_PROFIT_RATIO":16.5656519523,"ROE_AVG":6.711829311818,"GROSS_PROFIT_QOQ":-27.131240450844,"ROA":5.789065392714,"HOLDER_PROFIT_QOQ":-66.927511572564,"ROE_YEARLY":13.423658623637,"ROIC_YEARLY":15.35795422384,"TOTAL_ASSETS":2415748350.68,"TOTAL_LIABILITIES":322512239.8,"TAX_EBT":25.087894704725,"OCF_SALES":31.561743881768,"TOTAL_PARENT_EQUITY":2069713956.16,"DEBT_ASSET_RATIO":13.3504071196,"OPERATE_PROFIT":125659376.92,"PRETAX_PROFIT":179302143.96,"NETCASH_OPERATE":255911583.32,"NETCASH_INVEST":-373849754.88,"NETCASH_FINANCE":-5614580.44,"END_CASH":484309113.4,"DIVI_RATIO":0.227370893867,"DIVIDEND_RATE":3.125,"CURRENT_RATIO":5.916461784568,"COMMON_ACS":100000000000,"CURRENTDEBT_DEBT":72.920836649748,"ISSUED_COMMON_SHARES":2058068000,"HK_COMMON_SHARES":2058068000,"PER_SHARES":2000,"TOTAL_MARKET_CAP":658581760,"HKSK_MARKET_CAP":658581760,"PE_TTM":19.579669401831,"PB_TTM":0.284534708493,"REPORT_DATE_SQ":"2019-06-30 00:00:00","REPORT_TYPE_SQ":"2019年中报","OPERATE_INCOME_SQ":948578168.98,"DPS_HKD":0.01,"OPERATE_INCOME_QOQ_SQ":-4.18246698425,"NET_PROFIT_RATIO_SQ":7.4977737192,"HOLDER_PROFIT_SQ":89351367.66,"HOLDER_PROFIT_QOQ_SQ":17.271115299494,"ROE_AVG_SQ":4.506133269003,"PE_TTM_SQ":24.705698947936,"PB_TTM_SQ":0.383829678981,"ROA_SQ":3.74386185241,"START_DATE":"2020-07-01 00:00:00","FISCAL_YEAR":"6-30","CURRENCY":"HKD","IS_CNY_CODE":0,"DPS_HKD_LY":null,"ORG_TYPE":"一般企业","PREMIUM_INCOME":null,"PREMIUM_INCOME_YOY":null,"NET_INTEREST_INCOME":null,"NET_INTEREST_INCOME_YOY":null,"FEE_COMMISSION_INCOME":null,"FEE_COMMISSION_INCOME_YOY":null,"ACCOUNTS_RECE_TDAYS":4.045218355234,"INVENTORY_TDAYS":0.606109088661,"CURRENT_ASSETS_TDAYS":0.623808413787,"TOTAL_ASSETS_TDAYS":0.35904601098,"PREMIUM_EXPENSE":null,"LOAN_DEPOSIT":null,"LOAN_EQUITY":null,"LOAN_ASSETS":null,"DEPOSIT_EQUITY":null,"DEPOSIT_ASSETS":null,"EQUITY_MULTIPLIER":1.154073512359,"EQUITY_RATIO":0.155824547078},{"SECUCODE":"02033.HK","SECURITY_CODE":"02033","SECURITY_NAME_ABBR":"时计宝","ORG_CODE":"10317491","STD_REPORT_DATE":"2019-12-31 00:00:00","REPORT_DATE":"2020-06-30 00:00:00","DATE_TYPE_CODE":"001","REPORT_TYPE":"2019年年报","PER_NETCASH_OPERATE":0.13916883196,"PER_OI":0.758188936674,"BPS":0.962879527013,"BASIC_EPS":0.04019136,"DILUTED_EPS":null,"OPERATE_INCOME":1576992046.08,"OPERATE_INCOME_YOY":-27.3972061227,"GROSS_PROFIT":1162997288.64,"GROSS_PROFIT_YOY":-24.649183836134,"HOLDER_PROFIT":83490242.88,"HOLDER_PROFIT_YOY":-70.0674613571,"GROSS_PROFIT_RATIO":73.74782209783,"EPS_TTM":0.121371520155,"OPERATE_INCOME_QOQ":-4.089237849028,"NET_PROFIT_RATIO":3.4409116606,"ROE_AVG":4.16124896654,"GROSS_PROFIT_QOQ":-3.760461426244,"ROA":3.50873758269,"HOLDER_PROFIT_QOQ":-6.018610822324,"ROE_YEARLY":4.16124896654,"ROIC_YEARLY":4.420502460846,"TOTAL_ASSETS":2280043064.64,"TOTAL_LIABILITIES":276696504.48,"TAX_EBT":27.333272139441,"OCF_SALES":18.355429000389,"TOTAL_PARENT_EQUITY":1981671542.4,"DEBT_ASSET_RATIO":12.1355823831,"OPERATE_PROFIT":141456231.84,"PRETAX_PROFIT":179123757.12,"NETCASH_OPERATE":289463655.36,"NETCASH_INVEST":128267985.12,"NETCASH_FINANCE":-144526303.68,"END_CASH":633596694.72,"DIVI_RATIO":0.075197212562,"DIVIDEND_RATE":3.125,"CURRENT_RATIO":6.627098221705,"COMMON_ACS":100000000000,"CURRENTDEBT_DEBT":71.508697101846,"ISSUED_COMMON_SHARES":2058068000,"HK_COMMON_SHARES":2058068000,"PER_SHARES":2000,"TOTAL_MARKET_CAP":658581760,"HKSK_MARKET_CAP":658581760,"PE_TTM":19.579669401831,"PB_TTM":0.284534708493,"REPORT_DATE_SQ":"2018-12-31 00:00:00","REPORT_TYPE_SQ":"2018年年报","OPERATE_INCOME_SQ":2091755829.24,"DPS_HKD":0.01,"OPERATE_INCOME_QOQ_SQ":-1.844970544702,"NET_PROFIT_RATIO_SQ":10.9754330092,"HOLDER_PROFIT_SQ":268612977.6,"HOLDER_PROFIT_QOQ_SQ":-6.782541731169,"ROE_AVG_SQ":14.123165603783,"PE_TTM_SQ":24.705698947936,"PB_TTM_SQ":0.383829678981,"ROA_SQ":11.344050419653,"START_DATE":"2019-07-01 00:00:00","FISCAL_YEAR":"6-30","CURRENCY":"HKD","IS_CNY_CODE":0,"DPS_HKD_LY":0.043,"ORG_TYPE":"一般企业","PREMIUM_INCOME":null,"PREMIUM_INCOME_YOY":null,"NET_INTEREST_INCOME":null,"NET_INTEREST_INCOME_YOY":null,"FEE_COMMISSION_INCOME":null,"FEE_COMMISSION_INCOME_YOY":null,"ACCOUNTS_RECE_TDAYS":5.529067579621,"INVENTORY_TDAYS":1.060202577838,"CURRENT_ASSETS_TDAYS":1.105069244772,"TOTAL_ASSETS_TDAYS":0.662742264104,"PREMIUM_EXPENSE":null,"LOAN_DEPOSIT":null,"LOAN_EQUITY":null,"LOAN_ASSETS":null,"DEPOSIT_EQUITY":null,"DEPOSIT_ASSETS":null,"EQUITY_MULTIPLIER":1.138117143575,"EQUITY_RATIO":0.139627833654}],"count":30},"success":true,"message":"ok","code":0}