{"version":"93cfffdece39d6b455e189bfe571a82a","result":{"pages":3,"data":[{"SECUCODE":"02048.HK","SECURITY_CODE":"02048","SECURITY_NAME_ABBR":"易居企业控股","ORG_CODE":"10931168","STD_REPORT_DATE":"2024-06-30 00:00:00","REPORT_DATE":"2024-06-30 00:00:00","DATE_TYPE_CODE":"002","REPORT_TYPE":"2024年中报","PER_NETCASH_OPERATE":-0.067526003532,"PER_OI":0.911413804195,"BPS":-4.028486097326,"BASIC_EPS":-0.285,"DILUTED_EPS":-0.285,"OPERATE_INCOME":1594117000,"OPERATE_INCOME_YOY":-30.6752233429,"GROSS_PROFIT":1594117000,"GROSS_PROFIT_YOY":-30.675223342905,"HOLDER_PROFIT":-498416000,"HOLDER_PROFIT_YOY":31.3367819971,"GROSS_PROFIT_RATIO":null,"EPS_TTM":-0.578756744775,"OPERATE_INCOME_QOQ":-15.863795725073,"NET_PROFIT_RATIO":-35.4370475944,"ROE_AVG":7.333129756257,"GROSS_PROFIT_QOQ":-15.863795725073,"ROA":-13.328503777737,"HOLDER_PROFIT_QOQ":18.347988181479,"ROE_YEARLY":14.666259512514,"ROIC_YEARLY":-30.099061321698,"TOTAL_ASSETS":3396485000,"TOTAL_LIABILITIES":10523539000,"TAX_EBT":0.178471085917,"OCF_SALES":-7.408929206576,"TOTAL_PARENT_EQUITY":-7046062000,"DEBT_ASSET_RATIO":309.8361688628,"OPERATE_PROFIT":-315624000,"PRETAX_PROFIT":-565918000,"NETCASH_OPERATE":-118107000,"NETCASH_INVEST":-17196000,"NETCASH_FINANCE":-192377000,"END_CASH":312883000,"DIVI_RATIO":null,"DIVIDEND_RATE":null,"CURRENT_RATIO":0.114685327676,"COMMON_ACS":5000000000,"CURRENTDEBT_DEBT":94.120989146332,"ISSUED_COMMON_SHARES":1749059530,"HK_COMMON_SHARES":1749059530,"PER_SHARES":300,"TOTAL_MARKET_CAP":351560965.53,"HKSK_MARKET_CAP":351560965.53,"PE_TTM":-0.311989809801,"PB_TTM":-0.045537870944,"REPORT_DATE_SQ":"2023-06-30 00:00:00","REPORT_TYPE_SQ":"2023年中报","OPERATE_INCOME_SQ":2299491000,"DPS_HKD":null,"OPERATE_INCOME_QOQ_SQ":-2.766864304562,"NET_PROFIT_RATIO_SQ":-37.5754460444,"HOLDER_PROFIT_SQ":-725885000,"HOLDER_PROFIT_QOQ_SQ":18.036808776739,"ROE_AVG_SQ":13.004620238072,"PE_TTM_SQ":-0.100058858424,"PB_TTM_SQ":-0.053985536967,"ROA_SQ":-13.385855013571,"START_DATE":"2024-01-01 00:00:00","FISCAL_YEAR":"12-31","CURRENCY":"HKD","IS_CNY_CODE":0,"DPS_HKD_LY":null,"ORG_TYPE":"一般企业","PREMIUM_INCOME":null,"PREMIUM_INCOME_YOY":null,"NET_INTEREST_INCOME":null,"NET_INTEREST_INCOME_YOY":null,"FEE_COMMISSION_INCOME":null,"FEE_COMMISSION_INCOME_YOY":null,"ACCOUNTS_RECE_TDAYS":10.174413929116,"INVENTORY_TDAYS":null,"CURRENT_ASSETS_TDAYS":1.20033145993,"TOTAL_ASSETS_TDAYS":0.42629438976,"PREMIUM_EXPENSE":null,"LOAN_DEPOSIT":null,"LOAN_EQUITY":null,"LOAN_ASSETS":null,"DEPOSIT_EQUITY":null,"DEPOSIT_ASSETS":null,"EQUITY_MULTIPLIER":-0.476562265419,"EQUITY_RATIO":-1.493534828391},{"SECUCODE":"02048.HK","SECURITY_CODE":"02048","SECURITY_NAME_ABBR":"易居企业控股","ORG_CODE":"10931168","STD_REPORT_DATE":"2023-12-31 00:00:00","REPORT_DATE":"2023-12-31 00:00:00","DATE_TYPE_CODE":"001","REPORT_TYPE":"2023年年报","PER_NETCASH_OPERATE":-0.247418679912,"PER_OI":2.542188486861,"BPS":-3.743428332597,"BASIC_EPS":-0.7088,"DILUTED_EPS":-0.7088,"OPERATE_INCOME":4446439000,"OPERATE_INCOME_YOY":-11.6591987053,"GROSS_PROFIT":4446439000,"GROSS_PROFIT_YOY":-11.659198705258,"HOLDER_PROFIT":-1239749000,"HOLDER_PROFIT_YOY":68.1813690376,"GROSS_PROFIT_RATIO":null,"EPS_TTM":-0.708808922015,"OPERATE_INCOME_QOQ":-9.145374503347,"NET_PROFIT_RATIO":-34.2925428641,"ROE_AVG":21.072234692957,"GROSS_PROFIT_QOQ":-9.145374503347,"ROA":-24.961179018257,"HOLDER_PROFIT_QOQ":61.179365410888,"ROE_YEARLY":21.072234692957,"ROIC_YEARLY":-31.497115842535,"TOTAL_ASSETS":4082464000,"TOTAL_LIABILITIES":10645408000,"TAX_EBT":1.174270779661,"OCF_SALES":-9.732507294039,"TOTAL_PARENT_EQUITY":-6547479000,"DEBT_ASSET_RATIO":260.7593845286,"OPERATE_PROFIT":-1101823000,"PRETAX_PROFIT":-1542915000,"NETCASH_OPERATE":-432750000,"NETCASH_INVEST":32997000,"NETCASH_FINANCE":-208992000,"END_CASH":638848000,"DIVI_RATIO":null,"DIVIDEND_RATE":null,"CURRENT_RATIO":0.152844572067,"COMMON_ACS":5000000000,"CURRENTDEBT_DEBT":93.429580153245,"ISSUED_COMMON_SHARES":1749059530,"HK_COMMON_SHARES":1749059530,"PER_SHARES":300,"TOTAL_MARKET_CAP":297340120.1,"HKSK_MARKET_CAP":297340120.1,"PE_TTM":-0.263871978439,"PB_TTM":-0.038514617216,"REPORT_DATE_SQ":"2022-12-31 00:00:00","REPORT_TYPE_SQ":"2022年年报","OPERATE_INCOME_SQ":5033279000,"DPS_HKD":null,"OPERATE_INCOME_QOQ_SQ":-0.466691016336,"NET_PROFIT_RATIO_SQ":-98.7134629334,"HOLDER_PROFIT_SQ":-3896299000,"HOLDER_PROFIT_QOQ_SQ":66.549619350831,"ROE_AVG_SQ":122.070069296705,"PE_TTM_SQ":-0.096036391754,"PB_TTM_SQ":-0.051815264124,"ROA_SQ":-43.339718666056,"START_DATE":"2023-01-01 00:00:00","FISCAL_YEAR":"12-31","CURRENCY":"HKD","IS_CNY_CODE":0,"DPS_HKD_LY":null,"ORG_TYPE":"一般企业","PREMIUM_INCOME":null,"PREMIUM_INCOME_YOY":null,"NET_INTEREST_INCOME":null,"NET_INTEREST_INCOME_YOY":null,"FEE_COMMISSION_INCOME":null,"FEE_COMMISSION_INCOME_YOY":null,"ACCOUNTS_RECE_TDAYS":11.724434436269,"INVENTORY_TDAYS":null,"CURRENT_ASSETS_TDAYS":2.05082887555,"TOTAL_ASSETS_TDAYS":0.89524863398,"PREMIUM_EXPENSE":null,"LOAN_DEPOSIT":null,"LOAN_EQUITY":null,"LOAN_ASSETS":null,"DEPOSIT_EQUITY":null,"DEPOSIT_ASSETS":null,"EQUITY_MULTIPLIER":-0.622047666413,"EQUITY_RATIO":-1.625878906981},{"SECUCODE":"02048.HK","SECURITY_CODE":"02048","SECURITY_NAME_ABBR":"易居企业控股","ORG_CODE":"10931168","STD_REPORT_DATE":"2023-06-30 00:00:00","REPORT_DATE":"2023-06-30 00:00:00","DATE_TYPE_CODE":"002","REPORT_TYPE":"2023年中报","PER_NETCASH_OPERATE":-0.047061291276,"PER_OI":1.314701392696,"BPS":-3.39857729142,"BASIC_EPS":-0.415,"DILUTED_EPS":-0.415,"OPERATE_INCOME":2299491000,"OPERATE_INCOME_YOY":-5.7104547197,"GROSS_PROFIT":2299491000,"GROSS_PROFIT_YOY":-5.710454719724,"HOLDER_PROFIT":-725885000,"HOLDER_PROFIT_YOY":49.1909511967,"GROSS_PROFIT_RATIO":null,"EPS_TTM":-1.825856093074,"OPERATE_INCOME_QOQ":-2.766864304562,"NET_PROFIT_RATIO":-37.5754460444,"ROE_AVG":13.004620238072,"GROSS_PROFIT_QOQ":-2.766864304562,"ROA":-13.385855013571,"HOLDER_PROFIT_QOQ":18.036808776739,"ROE_YEARLY":26.009240476145,"ROIC_YEARLY":-34.774429223963,"TOTAL_ASSETS":4994600000,"TOTAL_LIABILITIES":10902149000,"TAX_EBT":3.157748442645,"OCF_SALES":-3.579618272044,"TOTAL_PARENT_EQUITY":-5944314000,"DEBT_ASSET_RATIO":218.2787210187,"OPERATE_PROFIT":-658092000,"PRETAX_PROFIT":-892218000,"NETCASH_OPERATE":-82313000,"NETCASH_INVEST":2335000,"NETCASH_FINANCE":-150850000,"END_CASH":1021256000,"DIVI_RATIO":null,"DIVIDEND_RATE":null,"CURRENT_RATIO":0.212573865328,"COMMON_ACS":5000000000,"CURRENTDEBT_DEBT":93.765816262464,"ISSUED_COMMON_SHARES":1749059530,"HK_COMMON_SHARES":1749059530,"PER_SHARES":300,"TOTAL_MARKET_CAP":297340120.1,"HKSK_MARKET_CAP":297340120.1,"PE_TTM":-0.263871978439,"PB_TTM":-0.038514617216,"REPORT_DATE_SQ":"2022-06-30 00:00:00","REPORT_TYPE_SQ":"2022年中报","OPERATE_INCOME_SQ":2438755000,"DPS_HKD":null,"OPERATE_INCOME_QOQ_SQ":-42.963157965379,"NET_PROFIT_RATIO_SQ":-75.3787485828,"HOLDER_PROFIT_SQ":-1428653000,"HOLDER_PROFIT_QOQ_SQ":-0.045599439373,"ROE_AVG_SQ":76.158250397609,"PE_TTM_SQ":-0.096036391754,"PB_TTM_SQ":-0.051815264124,"ROA_SQ":-13.675955348887,"START_DATE":"2023-01-01 00:00:00","FISCAL_YEAR":"12-31","CURRENCY":"HKD","IS_CNY_CODE":0,"DPS_HKD_LY":null,"ORG_TYPE":"一般企业","PREMIUM_INCOME":null,"PREMIUM_INCOME_YOY":null,"NET_INTEREST_INCOME":null,"NET_INTEREST_INCOME_YOY":null,"FEE_COMMISSION_INCOME":null,"FEE_COMMISSION_INCOME_YOY":null,"ACCOUNTS_RECE_TDAYS":4.377193959277,"INVENTORY_TDAYS":null,"CURRENT_ASSETS_TDAYS":0.921808893176,"TOTAL_ASSETS_TDAYS":0.424043107806,"PREMIUM_EXPENSE":null,"LOAN_DEPOSIT":null,"LOAN_EQUITY":null,"LOAN_ASSETS":null,"DEPOSIT_EQUITY":null,"DEPOSIT_ASSETS":null,"EQUITY_MULTIPLIER":-0.845460613192,"EQUITY_RATIO":-1.834046620014},{"SECUCODE":"02048.HK","SECURITY_CODE":"02048","SECURITY_NAME_ABBR":"易居企业控股","ORG_CODE":"10931168","STD_REPORT_DATE":"2022-12-31 00:00:00","REPORT_DATE":"2022-12-31 00:00:00","DATE_TYPE_CODE":"001","REPORT_TYPE":"2022年年报","PER_NETCASH_OPERATE":-0.621004592108,"PER_OI":2.877705940632,"BPS":-2.983992202941,"BASIC_EPS":-2.2277,"DILUTED_EPS":-2.2277,"OPERATE_INCOME":5033279000,"OPERATE_INCOME_YOY":-43.2293437832,"GROSS_PROFIT":5033279000,"GROSS_PROFIT_YOY":-43.229343783157,"HOLDER_PROFIT":-3896299000,"HOLDER_PROFIT_YOY":66.5343661648,"GROSS_PROFIT_RATIO":null,"EPS_TTM":-2.227653738006,"OPERATE_INCOME_QOQ":-0.466691016336,"NET_PROFIT_RATIO":-98.7134629334,"ROE_AVG":122.070069296705,"GROSS_PROFIT_QOQ":-0.466691016336,"ROA":-43.339718666056,"HOLDER_PROFIT_QOQ":66.549619350831,"ROE_YEARLY":122.070069296705,"ROIC_YEARLY":-64.545113215716,"TOTAL_ASSETS":5850953000,"TOTAL_LIABILITIES":10878825000,"TAX_EBT":0.778610060523,"OCF_SALES":-21.579848842077,"TOTAL_PARENT_EQUITY":-5219180000,"DEBT_ASSET_RATIO":185.9325309911,"OPERATE_PROFIT":-4538549000,"PRETAX_PROFIT":-5007513000,"NETCASH_OPERATE":-1086174000,"NETCASH_INVEST":715513000,"NETCASH_FINANCE":-1747264000,"END_CASH":1246583000,"DIVI_RATIO":null,"DIVIDEND_RATE":null,"CURRENT_RATIO":0.27944189617,"COMMON_ACS":5000000000,"CURRENTDEBT_DEBT":92.633239343403,"ISSUED_COMMON_SHARES":1749059530,"HK_COMMON_SHARES":1749059530,"PER_SHARES":300,"TOTAL_MARKET_CAP":297340120.1,"HKSK_MARKET_CAP":297340120.1,"PE_TTM":-0.263871978439,"PB_TTM":-0.038514617216,"REPORT_DATE_SQ":"2021-12-31 00:00:00","REPORT_TYPE_SQ":"2021年年报","OPERATE_INCOME_SQ":8865987000,"DPS_HKD":null,"OPERATE_INCOME_QOQ_SQ":-22.597664935923,"NET_PROFIT_RATIO_SQ":-138.3338256643,"HOLDER_PROFIT_SQ":-11642687000,"HOLDER_PROFIT_QOQ_SQ":-913.407754609985,"ROE_AVG_SQ":-255.89318529534,"PE_TTM_SQ":-0.096036391754,"PB_TTM_SQ":-0.051815264124,"ROA_SQ":-61.435321346818,"START_DATE":"2022-01-01 00:00:00","FISCAL_YEAR":"12-31","CURRENCY":"HKD","IS_CNY_CODE":0,"DPS_HKD_LY":null,"ORG_TYPE":"一般企业","PREMIUM_INCOME":null,"PREMIUM_INCOME_YOY":null,"NET_INTEREST_INCOME":null,"NET_INTEREST_INCOME_YOY":null,"FEE_COMMISSION_INCOME":null,"FEE_COMMISSION_INCOME_YOY":null,"ACCOUNTS_RECE_TDAYS":3.596389947672,"INVENTORY_TDAYS":null,"CURRENT_ASSETS_TDAYS":0.970719005829,"TOTAL_ASSETS_TDAYS":0.559866929688,"PREMIUM_EXPENSE":null,"LOAN_DEPOSIT":null,"LOAN_EQUITY":null,"LOAN_ASSETS":null,"DEPOSIT_EQUITY":null,"DEPOSIT_ASSETS":null,"EQUITY_MULTIPLIER":-1.163703650371,"EQUITY_RATIO":-2.08439352542},{"SECUCODE":"02048.HK","SECURITY_CODE":"02048","SECURITY_NAME_ABBR":"易居企业控股","ORG_CODE":"10931168","STD_REPORT_DATE":"2022-06-30 00:00:00","REPORT_DATE":"2022-06-30 00:00:00","DATE_TYPE_CODE":"002","REPORT_TYPE":"2022年中报","PER_NETCASH_OPERATE":-0.41934250231,"PER_OI":1.394323611158,"BPS":-1.479236101244,"BASIC_EPS":-0.8168,"DILUTED_EPS":-0.8168,"OPERATE_INCOME":2438755000,"OPERATE_INCOME_YOY":-60.9665736909,"GROSS_PROFIT":2438755000,"GROSS_PROFIT_YOY":-60.966573690876,"HOLDER_PROFIT":-1428653000,"HOLDER_PROFIT_YOY":-0.3729948628,"GROSS_PROFIT_RATIO":null,"EPS_TTM":-6.659576646885,"OPERATE_INCOME_QOQ":-42.963157965379,"NET_PROFIT_RATIO":-75.3787485828,"ROE_AVG":76.158250397609,"GROSS_PROFIT_QOQ":-42.963157965379,"ROA":-13.675955348887,"HOLDER_PROFIT_QOQ":-0.045599439373,"ROE_YEARLY":152.316500795218,"ROIC_YEARLY":-41.994716169563,"TOTAL_ASSETS":8763601000,"TOTAL_LIABILITIES":10637006000,"TAX_EBT":-0.48968346594,"OCF_SALES":-30.074976781186,"TOTAL_PARENT_EQUITY":-2587272000,"DEBT_ASSET_RATIO":121.3771142707,"OPERATE_PROFIT":-1585209000,"PRETAX_PROFIT":-1829345000,"NETCASH_OPERATE":-733455000,"NETCASH_INVEST":727054000,"NETCASH_FINANCE":-1247955000,"END_CASH":2101844000,"DIVI_RATIO":null,"DIVIDEND_RATE":null,"CURRENT_RATIO":0.500016233745,"COMMON_ACS":5000000000,"CURRENTDEBT_DEBT":84.550220240545,"ISSUED_COMMON_SHARES":1749059530,"HK_COMMON_SHARES":1749059530,"PER_SHARES":300,"TOTAL_MARKET_CAP":297340120.1,"HKSK_MARKET_CAP":297340120.1,"PE_TTM":-0.263871978439,"PB_TTM":-0.038514617216,"REPORT_DATE_SQ":"2021-06-30 00:00:00","REPORT_TYPE_SQ":"2021年中报","OPERATE_INCOME_SQ":6247863000,"DPS_HKD":null,"OPERATE_INCOME_QOQ_SQ":42.264238914718,"NET_PROFIT_RATIO_SQ":-25.01248827,"HOLDER_PROFIT_SQ":-1423344000,"HOLDER_PROFIT_QOQ_SQ":-477.40339604419,"ROE_AVG_SQ":-15.028907288193,"PE_TTM_SQ":-0.096036391754,"PB_TTM_SQ":-0.051815264124,"ROA_SQ":-5.65231475943,"START_DATE":"2022-01-01 00:00:00","FISCAL_YEAR":"12-31","CURRENCY":"HKD","IS_CNY_CODE":0,"DPS_HKD_LY":null,"ORG_TYPE":"一般企业","PREMIUM_INCOME":null,"PREMIUM_INCOME_YOY":null,"NET_INTEREST_INCOME":null,"NET_INTEREST_INCOME_YOY":null,"FEE_COMMISSION_INCOME":null,"FEE_COMMISSION_INCOME_YOY":null,"ACCOUNTS_RECE_TDAYS":1.327029446254,"INVENTORY_TDAYS":null,"CURRENT_ASSETS_TDAYS":0.404735331434,"TOTAL_ASSETS_TDAYS":0.233452801253,"PREMIUM_EXPENSE":null,"LOAN_DEPOSIT":null,"LOAN_EQUITY":null,"LOAN_ASSETS":null,"DEPOSIT_EQUITY":null,"DEPOSIT_ASSETS":null,"EQUITY_MULTIPLIER":-4.677899866825,"EQUITY_RATIO":-4.111282462764},{"SECUCODE":"02048.HK","SECURITY_CODE":"02048","SECURITY_NAME_ABBR":"易居企业控股","ORG_CODE":"10931168","STD_REPORT_DATE":"2021-12-31 00:00:00","REPORT_DATE":"2021-12-31 00:00:00","DATE_TYPE_CODE":"001","REPORT_TYPE":"2021年年报","PER_NETCASH_OPERATE":-1.355526189552,"PER_OI":5.069002425549,"BPS":-0.665802952973,"BASIC_EPS":-6.6565,"DILUTED_EPS":-6.6565,"OPERATE_INCOME":8865987000,"OPERATE_INCOME_YOY":10.1158428811,"GROSS_PROFIT":8865987000,"GROSS_PROFIT_YOY":10.11584288113,"HOLDER_PROFIT":-11642687000,"HOLDER_PROFIT_YOY":-3924.6352816733,"GROSS_PROFIT_RATIO":null,"EPS_TTM":-6.65654130137,"OPERATE_INCOME_QOQ":-22.597664935923,"NET_PROFIT_RATIO":-138.3338256643,"ROE_AVG":-255.89318529534,"GROSS_PROFIT_QOQ":-22.597664935923,"ROA":-61.435321346818,"HOLDER_PROFIT_QOQ":-913.407754609985,"ROE_YEARLY":-255.89318529534,"ROIC_YEARLY":-94.319848964287,"TOTAL_ASSETS":12129316000,"TOTAL_LIABILITIES":12139311000,"TAX_EBT":-3.031832723064,"OCF_SALES":-26.741478416334,"TOTAL_PARENT_EQUITY":-1164529000,"DEBT_ASSET_RATIO":100.0824036574,"OPERATE_PROFIT":-11331918000,"PRETAX_PROFIT":-11903757000,"NETCASH_OPERATE":-2370896000,"NETCASH_INVEST":299327000,"NETCASH_FINANCE":-2058858000,"END_CASH":3314741000,"DIVI_RATIO":null,"DIVIDEND_RATE":null,"CURRENT_RATIO":0.879809311086,"COMMON_ACS":5000000000,"CURRENTDEBT_DEBT":70.72996976517,"ISSUED_COMMON_SHARES":1749059530,"HK_COMMON_SHARES":1749059530,"PER_SHARES":300,"TOTAL_MARKET_CAP":297340120.1,"HKSK_MARKET_CAP":297340120.1,"PE_TTM":-0.263871978439,"PB_TTM":-0.038514617216,"REPORT_DATE_SQ":"2020-12-31 00:00:00","REPORT_TYPE_SQ":"2020年年报","OPERATE_INCOME_SQ":8051509000,"DPS_HKD":null,"OPERATE_INCOME_QOQ_SQ":5.81277697546,"NET_PROFIT_RATIO_SQ":5.4551513263,"HOLDER_PROFIT_SQ":304413000,"HOLDER_PROFIT_QOQ_SQ":-2.724181786808,"ROE_AVG_SQ":3.356341408919,"PE_TTM_SQ":-0.096036391754,"PB_TTM_SQ":-0.051815264124,"ROA_SQ":1.417903735621,"START_DATE":"2021-01-01 00:00:00","FISCAL_YEAR":"12-31","CURRENCY":"HKD","IS_CNY_CODE":0,"DPS_HKD_LY":0.063,"ORG_TYPE":"一般企业","PREMIUM_INCOME":null,"PREMIUM_INCOME_YOY":null,"NET_INTEREST_INCOME":null,"NET_INTEREST_INCOME_YOY":null,"FEE_COMMISSION_INCOME":null,"FEE_COMMISSION_INCOME_YOY":null,"ACCOUNTS_RECE_TDAYS":3.267056864229,"INVENTORY_TDAYS":null,"CURRENT_ASSETS_TDAYS":0.633142464333,"TOTAL_ASSETS_TDAYS":0.467834238266,"PREMIUM_EXPENSE":null,"LOAN_DEPOSIT":null,"LOAN_EQUITY":null,"LOAN_ASSETS":null,"DEPOSIT_EQUITY":null,"DEPOSIT_ASSETS":null,"EQUITY_MULTIPLIER":-1213.53836898994,"EQUITY_RATIO":-10.424223870767},{"SECUCODE":"02048.HK","SECURITY_CODE":"02048","SECURITY_NAME_ABBR":"易居企业控股","ORG_CODE":"10931168","STD_REPORT_DATE":"2021-06-30 00:00:00","REPORT_DATE":"2021-06-30 00:00:00","DATE_TYPE_CODE":"002","REPORT_TYPE":"2021年中报","PER_NETCASH_OPERATE":0.318587784145,"PER_OI":3.572127130516,"BPS":4.961090146543,"BASIC_EPS":-0.8138,"DILUTED_EPS":-0.8138,"OPERATE_INCOME":6247863000,"OPERATE_INCOME_YOY":119.6120921463,"GROSS_PROFIT":6247863000,"GROSS_PROFIT_YOY":119.612092146305,"HOLDER_PROFIT":-1423344000,"HOLDER_PROFIT_YOY":-4854.9408699138,"GROSS_PROFIT_RATIO":null,"EPS_TTM":-0.656847282951,"OPERATE_INCOME_QOQ":42.264238914718,"NET_PROFIT_RATIO":-25.01248827,"ROE_AVG":-15.028907288193,"GROSS_PROFIT_QOQ":42.264238914718,"ROA":-5.65231475943,"HOLDER_PROFIT_QOQ":-477.40339604419,"ROE_YEARLY":-30.057814576386,"ROIC_YEARLY":-16.535047513122,"TOTAL_ASSETS":24590283000,"TOTAL_LIABILITIES":14818164000,"TAX_EBT":-0.73562495246,"OCF_SALES":8.918713486515,"TOTAL_PARENT_EQUITY":8677242000,"DEBT_ASSET_RATIO":60.2602418199,"OPERATE_PROFIT":-1288201000,"PRETAX_PROFIT":-1551334000,"NETCASH_OPERATE":557229000,"NETCASH_INVEST":-742520000,"NETCASH_FINANCE":-1205684000,"END_CASH":6090864000,"DIVI_RATIO":null,"DIVIDEND_RATE":null,"CURRENT_RATIO":1.687191253454,"COMMON_ACS":5000000000,"CURRENTDEBT_DEBT":74.404811554252,"ISSUED_COMMON_SHARES":1749059530,"HK_COMMON_SHARES":1749059530,"PER_SHARES":300,"TOTAL_MARKET_CAP":297340120.1,"HKSK_MARKET_CAP":297340120.1,"PE_TTM":-0.263871978439,"PB_TTM":-0.038514617216,"REPORT_DATE_SQ":"2020-06-30 00:00:00","REPORT_TYPE_SQ":"2020年中报","OPERATE_INCOME_SQ":2844954000,"DPS_HKD":null,"OPERATE_INCOME_QOQ_SQ":-16.333490274866,"NET_PROFIT_RATIO_SQ":3.6787238036,"HOLDER_PROFIT_SQ":29934000,"HOLDER_PROFIT_QOQ_SQ":-63.64871897332,"ROE_AVG_SQ":0.386062516359,"PE_TTM_SQ":-0.096036391754,"PB_TTM_SQ":-0.051815264124,"ROA_SQ":0.172099826293,"START_DATE":"2021-01-01 00:00:00","FISCAL_YEAR":"12-31","CURRENCY":"HKD","IS_CNY_CODE":0,"DPS_HKD_LY":0.063,"ORG_TYPE":"一般企业","PREMIUM_INCOME":null,"PREMIUM_INCOME_YOY":null,"NET_INTEREST_INCOME":null,"NET_INTEREST_INCOME_YOY":null,"FEE_COMMISSION_INCOME":null,"FEE_COMMISSION_INCOME_YOY":null,"ACCOUNTS_RECE_TDAYS":1.190875649213,"INVENTORY_TDAYS":null,"CURRENT_ASSETS_TDAYS":0.319959061959,"TOTAL_ASSETS_TDAYS":0.24811210958,"PREMIUM_EXPENSE":null,"LOAN_DEPOSIT":null,"LOAN_EQUITY":null,"LOAN_ASSETS":null,"DEPOSIT_EQUITY":null,"DEPOSIT_ASSETS":null,"EQUITY_MULTIPLIER":2.516371628302,"EQUITY_RATIO":1.707704360441},{"SECUCODE":"02048.HK","SECURITY_CODE":"02048","SECURITY_NAME_ABBR":"易居企业控股","ORG_CODE":"10931168","STD_REPORT_DATE":"2020-12-31 00:00:00","REPORT_DATE":"2020-12-31 00:00:00","DATE_TYPE_CODE":"001","REPORT_TYPE":"2020年年报","PER_NETCASH_OPERATE":0.3360891896,"PER_OI":4.603336171182,"BPS":5.868396600543,"BASIC_EPS":0.2111,"DILUTED_EPS":0.177,"OPERATE_INCOME":8051509000,"OPERATE_INCOME_YOY":-11.4701426614,"GROSS_PROFIT":8051509000,"GROSS_PROFIT_YOY":-11.470142661393,"HOLDER_PROFIT":304413000,"HOLDER_PROFIT_YOY":-64.6389939503,"GROSS_PROFIT_RATIO":null,"EPS_TTM":0.174043818852,"OPERATE_INCOME_QOQ":5.81277697546,"NET_PROFIT_RATIO":5.4551513263,"ROE_AVG":3.356341408919,"GROSS_PROFIT_QOQ":5.81277697546,"ROA":1.417903735621,"HOLDER_PROFIT_QOQ":-2.724181786808,"ROE_YEARLY":3.356341408919,"ROIC_YEARLY":1.919989494751,"TOTAL_ASSETS":25772942000,"TOTAL_LIABILITIES":14279291000,"TAX_EBT":36.491260032996,"OCF_SALES":7.300991652621,"TOTAL_PARENT_EQUITY":10264175000,"DEBT_ASSET_RATIO":55.4041948335,"OPERATE_PROFIT":1152450000,"PRETAX_PROFIT":691593000,"NETCASH_OPERATE":826706000,"NETCASH_INVEST":1585010000,"NETCASH_FINANCE":3064268000,"END_CASH":7515836000,"DIVI_RATIO":null,"DIVIDEND_RATE":null,"CURRENT_RATIO":2.215805591979,"COMMON_ACS":5000000000,"CURRENTDEBT_DEBT":64.639855018012,"ISSUED_COMMON_SHARES":1749059530,"HK_COMMON_SHARES":1749059530,"PER_SHARES":300,"TOTAL_MARKET_CAP":297340120.1,"HKSK_MARKET_CAP":297340120.1,"PE_TTM":-0.263871978439,"PB_TTM":-0.038514617216,"REPORT_DATE_SQ":"2019-12-31 00:00:00","REPORT_TYPE_SQ":"2019年年报","OPERATE_INCOME_SQ":9094682000,"DPS_HKD":null,"OPERATE_INCOME_QOQ_SQ":21.281249516592,"NET_PROFIT_RATIO_SQ":10.67341332,"HOLDER_PROFIT_SQ":860872000,"HOLDER_PROFIT_QOQ_SQ":-18.835813718881,"ROE_AVG_SQ":10.933576016067,"PE_TTM_SQ":-0.096036391754,"PB_TTM_SQ":-0.051815264124,"ROA_SQ":5.940301512711,"START_DATE":"2020-01-01 00:00:00","FISCAL_YEAR":"12-31","CURRENCY":"HKD","IS_CNY_CODE":0,"DPS_HKD_LY":0.1695,"ORG_TYPE":"一般企业","PREMIUM_INCOME":null,"PREMIUM_INCOME_YOY":null,"NET_INTEREST_INCOME":null,"NET_INTEREST_INCOME_YOY":null,"FEE_COMMISSION_INCOME":null,"FEE_COMMISSION_INCOME_YOY":null,"ACCOUNTS_RECE_TDAYS":1.837090429857,"INVENTORY_TDAYS":null,"CURRENT_ASSETS_TDAYS":0.453249018921,"TOTAL_ASSETS_TDAYS":0.375025530726,"PREMIUM_EXPENSE":null,"LOAN_DEPOSIT":null,"LOAN_EQUITY":null,"LOAN_ASSETS":null,"DEPOSIT_EQUITY":null,"DEPOSIT_ASSETS":null,"EQUITY_MULTIPLIER":2.242363370874,"EQUITY_RATIO":1.39117766406},{"SECUCODE":"02048.HK","SECURITY_CODE":"02048","SECURITY_NAME_ABBR":"易居企业控股","ORG_CODE":"10931168","STD_REPORT_DATE":"2020-06-30 00:00:00","REPORT_DATE":"2020-06-30 00:00:00","DATE_TYPE_CODE":"002","REPORT_TYPE":"2020年中报","PER_NETCASH_OPERATE":0.601461828341,"PER_OI":2.053562837549,"BPS":4.363450682551,"BASIC_EPS":0.0217,"DILUTED_EPS":0.0217,"OPERATE_INCOME":2844954000,"OPERATE_INCOME_YOY":-34.3032440405,"GROSS_PROFIT":2844954000,"GROSS_PROFIT_YOY":-34.303244040492,"HOLDER_PROFIT":29934000,"HOLDER_PROFIT_YOY":-94.8199242734,"GROSS_PROFIT_RATIO":null,"EPS_TTM":0.225886902655,"OPERATE_INCOME_QOQ":-16.333490274866,"NET_PROFIT_RATIO":3.6787238036,"ROE_AVG":0.386062516359,"GROSS_PROFIT_QOQ":-16.333490274866,"ROA":0.172099826293,"HOLDER_PROFIT_QOQ":-63.64871897332,"ROE_YEARLY":0.772125032718,"ROIC_YEARLY":0.404224097254,"TOTAL_ASSETS":17621271000,"TOTAL_LIABILITIES":9720126000,"TAX_EBT":35.135235639735,"OCF_SALES":29.288698516742,"TOTAL_PARENT_EQUITY":7631935000,"DEBT_ASSET_RATIO":55.1613217911,"OPERATE_PROFIT":367573000,"PRETAX_PROFIT":161348000,"NETCASH_OPERATE":833250000,"NETCASH_INVEST":-618127000,"NETCASH_FINANCE":-115315000,"END_CASH":2413099000,"DIVI_RATIO":null,"DIVIDEND_RATE":null,"CURRENT_RATIO":1.805874523288,"COMMON_ACS":5000000000,"CURRENTDEBT_DEBT":84.287333312346,"ISSUED_COMMON_SHARES":1749059530,"HK_COMMON_SHARES":1749059530,"PER_SHARES":300,"TOTAL_MARKET_CAP":297340120.1,"HKSK_MARKET_CAP":297340120.1,"PE_TTM":-0.263871978439,"PB_TTM":-0.038514617216,"REPORT_DATE_SQ":"2019-06-30 00:00:00","REPORT_TYPE_SQ":"2019年中报","OPERATE_INCOME_SQ":4330433000,"DPS_HKD":null,"OPERATE_INCOME_QOQ_SQ":26.069589110739,"NET_PROFIT_RATIO_SQ":15.1037783058,"HOLDER_PROFIT_SQ":577868000,"HOLDER_PROFIT_QOQ_SQ":11.61123925616,"ROE_AVG_SQ":7.493817323192,"PE_TTM_SQ":-0.096036391754,"PB_TTM_SQ":-0.051815264124,"ROA_SQ":4.273127968302,"START_DATE":"2020-01-01 00:00:00","FISCAL_YEAR":"12-31","CURRENCY":"HKD","IS_CNY_CODE":0,"DPS_HKD_LY":0.1695,"ORG_TYPE":"一般企业","PREMIUM_INCOME":null,"PREMIUM_INCOME_YOY":null,"NET_INTEREST_INCOME":null,"NET_INTEREST_INCOME_YOY":null,"FEE_COMMISSION_INCOME":null,"FEE_COMMISSION_INCOME_YOY":null,"ACCOUNTS_RECE_TDAYS":0.544009554836,"INVENTORY_TDAYS":null,"CURRENT_ASSETS_TDAYS":0.190482248257,"TOTAL_ASSETS_TDAYS":0.163565206525,"PREMIUM_EXPENSE":null,"LOAN_DEPOSIT":null,"LOAN_EQUITY":null,"LOAN_ASSETS":null,"DEPOSIT_EQUITY":null,"DEPOSIT_ASSETS":null,"EQUITY_MULTIPLIER":2.23021739254,"EQUITY_RATIO":1.273612262159}],"count":19},"success":true,"message":"ok","code":0}