{"version":"be42e8a080ec8dde6f6be39b4dd0fd48","result":{"pages":2,"data":[{"SECUCODE":"02051.HK","SECURITY_CODE":"02051","SECURITY_NAME_ABBR":"51信用卡","ORG_CODE":"10920200","STD_REPORT_DATE":"2024-06-30 00:00:00","REPORT_DATE":"2024-06-30 00:00:00","DATE_TYPE_CODE":"002","REPORT_TYPE":"2024年中报","PER_NETCASH_OPERATE":-0.014006270516,"PER_OI":0.085817763021,"BPS":0.479278258046,"BASIC_EPS":-0.0345,"DILUTED_EPS":-0.0345,"OPERATE_INCOME":116568000,"OPERATE_INCOME_YOY":-15.8141046474,"GROSS_PROFIT":null,"GROSS_PROFIT_YOY":null,"HOLDER_PROFIT":-42165000,"HOLDER_PROFIT_YOY":-31803.007518797,"GROSS_PROFIT_RATIO":null,"EPS_TTM":-0.023014455852,"OPERATE_INCOME_QOQ":-10.083441549471,"NET_PROFIT_RATIO":-41.2883467161,"ROE_AVG":-5.596197797356,"GROSS_PROFIT_QOQ":null,"ROA":-3.731181492136,"HOLDER_PROFIT_QOQ":-383.238198785902,"ROE_YEARLY":-11.192395594711,"ROIC_YEARLY":-10.071207846299,"TOTAL_ASSETS":1095176000,"TOTAL_LIABILITIES":332995000,"TAX_EBT":-7.019923507961,"OCF_SALES":-16.32094571409,"TOTAL_PARENT_EQUITY":781216000,"DEBT_ASSET_RATIO":30.4056151705,"OPERATE_PROFIT":-34084000,"PRETAX_PROFIT":-44972000,"NETCASH_OPERATE":-19025000,"NETCASH_INVEST":-56262000,"NETCASH_FINANCE":-7327000,"END_CASH":271142000,"DIVI_RATIO":null,"DIVIDEND_RATE":null,"CURRENT_RATIO":2.538959577542,"COMMON_ACS":5000000000,"CURRENTDEBT_DEBT":92.069550593853,"ISSUED_COMMON_SHARES":1629984225,"HK_COMMON_SHARES":1629984225,"PER_SHARES":10000,"TOTAL_MARKET_CAP":399346135.125,"HKSK_MARKET_CAP":399346135.125,"PE_TTM":-11.689023833889,"PB_TTM":0.466548599371,"REPORT_DATE_SQ":"2023-06-30 00:00:00","REPORT_TYPE_SQ":"2023年中报","OPERATE_INCOME_SQ":138465000,"DPS_HKD":null,"OPERATE_INCOME_QOQ_SQ":-31.192275717076,"NET_PROFIT_RATIO_SQ":-4.485610082,"HOLDER_PROFIT_SQ":133000,"HOLDER_PROFIT_QOQ_SQ":7.886622247482,"ROE_AVG_SQ":0.018629016444,"PE_TTM_SQ":-1.262992654717,"PB_TTM_SQ":0.138285201907,"ROA_SQ":0.011837874523,"START_DATE":"2024-01-01 00:00:00","FISCAL_YEAR":"12-31","CURRENCY":"HKD","IS_CNY_CODE":0,"DPS_HKD_LY":null,"ORG_TYPE":"证券","PREMIUM_INCOME":null,"PREMIUM_INCOME_YOY":null,"NET_INTEREST_INCOME":null,"NET_INTEREST_INCOME_YOY":null,"FEE_COMMISSION_INCOME":null,"FEE_COMMISSION_INCOME_YOY":null,"ACCOUNTS_RECE_TDAYS":2.610471626282,"INVENTORY_TDAYS":null,"CURRENT_ASSETS_TDAYS":0.140411146598,"TOTAL_ASSETS_TDAYS":0.103151040952,"PREMIUM_EXPENSE":null,"LOAN_DEPOSIT":null,"LOAN_EQUITY":null,"LOAN_ASSETS":null,"DEPOSIT_EQUITY":null,"DEPOSIT_ASSETS":null,"EQUITY_MULTIPLIER":1.436897534837,"EQUITY_RATIO":0.426252150494},{"SECUCODE":"02051.HK","SECURITY_CODE":"02051","SECURITY_NAME_ABBR":"51信用卡","ORG_CODE":"10920200","STD_REPORT_DATE":"2023-12-31 00:00:00","REPORT_DATE":"2023-12-31 00:00:00","DATE_TYPE_CODE":"001","REPORT_TYPE":"2023年年报","PER_NETCASH_OPERATE":0.01897343515,"PER_OI":0.159872467419,"BPS":0.445219032718,"BASIC_EPS":0.01,"DILUTED_EPS":0.01,"OPERATE_INCOME":217158000,"OPERATE_INCOME_YOY":-45.1259542274,"GROSS_PROFIT":null,"GROSS_PROFIT_YOY":null,"HOLDER_PROFIT":11037000,"HOLDER_PROFIT_YOY":113.3463124418,"GROSS_PROFIT_RATIO":null,"EPS_TTM":0.008125477408,"OPERATE_INCOME_QOQ":-20.250166177621,"NET_PROFIT_RATIO":-1.4496357491,"ROE_AVG":1.534902446707,"GROSS_PROFIT_QOQ":null,"ROA":0.959126123738,"HOLDER_PROFIT_QOQ":114.489005579258,"ROE_YEARLY":1.534902446707,"ROIC_YEARLY":1.38611200418,"TOTAL_ASSETS":1164966000,"TOTAL_LIABILITIES":455396000,"TAX_EBT":76.431833495545,"OCF_SALES":11.867856583686,"TOTAL_PARENT_EQUITY":725700000,"DEBT_ASSET_RATIO":39.0909262588,"OPERATE_PROFIT":22562000,"PRETAX_PROFIT":-13357000,"NETCASH_OPERATE":25772000,"NETCASH_INVEST":-15347000,"NETCASH_FINANCE":-38946000,"END_CASH":349490000,"DIVI_RATIO":null,"DIVIDEND_RATE":null,"CURRENT_RATIO":2.395366080207,"COMMON_ACS":5000000000,"CURRENTDEBT_DEBT":80.85226923381,"ISSUED_COMMON_SHARES":1629984225,"HK_COMMON_SHARES":1629984225,"PER_SHARES":10000,"TOTAL_MARKET_CAP":396086166.675,"HKSK_MARKET_CAP":396086166.675,"PE_TTM":-11.593603231163,"PB_TTM":0.462740039376,"REPORT_DATE_SQ":"2022-12-31 00:00:00","REPORT_TYPE_SQ":"2022年年报","OPERATE_INCOME_SQ":395739000,"DPS_HKD":null,"OPERATE_INCOME_QOQ_SQ":-19.404380287484,"NET_PROFIT_RATIO_SQ":-24.6700476829,"HOLDER_PROFIT_SQ":-82697000,"HOLDER_PROFIT_QOQ_SQ":-31.714581508322,"ROE_AVG_SQ":-11.192785466988,"PE_TTM_SQ":-1.534775884213,"PB_TTM_SQ":0.168042777,"ROA_SQ":-6.135434047627,"START_DATE":"2023-01-01 00:00:00","FISCAL_YEAR":"12-31","CURRENCY":"HKD","IS_CNY_CODE":0,"DPS_HKD_LY":null,"ORG_TYPE":"证券","PREMIUM_INCOME":null,"PREMIUM_INCOME_YOY":null,"NET_INTEREST_INCOME":null,"NET_INTEREST_INCOME_YOY":null,"FEE_COMMISSION_INCOME":null,"FEE_COMMISSION_INCOME_YOY":null,"ACCOUNTS_RECE_TDAYS":7.221629171447,"INVENTORY_TDAYS":null,"CURRENT_ASSETS_TDAYS":0.24761530107,"TOTAL_ASSETS_TDAYS":0.18871243162,"PREMIUM_EXPENSE":null,"LOAN_DEPOSIT":null,"LOAN_EQUITY":null,"LOAN_ASSETS":null,"DEPOSIT_EQUITY":null,"DEPOSIT_ASSETS":null,"EQUITY_MULTIPLIER":1.641791507533,"EQUITY_RATIO":0.627526526113},{"SECUCODE":"02051.HK","SECURITY_CODE":"02051","SECURITY_NAME_ABBR":"51信用卡","ORG_CODE":"10920200","STD_REPORT_DATE":"2023-06-30 00:00:00","REPORT_DATE":"2023-06-30 00:00:00","DATE_TYPE_CODE":"002","REPORT_TYPE":"2023年中报","PER_NETCASH_OPERATE":-0.000617674689,"PER_OI":0.101938409827,"BPS":0.438926333781,"BASIC_EPS":0.0001,"DILUTED_EPS":0.0001,"OPERATE_INCOME":138465000,"OPERATE_INCOME_YOY":-47.1315935167,"GROSS_PROFIT":null,"GROSS_PROFIT_YOY":null,"HOLDER_PROFIT":133000,"HOLDER_PROFIT_YOY":102.0817029269,"GROSS_PROFIT_RATIO":null,"EPS_TTM":-0.056080297321,"OPERATE_INCOME_QOQ":-31.192275717076,"NET_PROFIT_RATIO":-4.485610082,"ROE_AVG":0.018629016444,"GROSS_PROFIT_QOQ":null,"ROA":0.011837874523,"HOLDER_PROFIT_QOQ":7.886622247482,"ROE_YEARLY":0.037258032888,"ROIC_YEARLY":0.034858022358,"TOTAL_ASSETS":1110521000,"TOTAL_LIABILITIES":402330000,"TAX_EBT":39.215110589156,"OCF_SALES":-0.605929296212,"TOTAL_PARENT_EQUITY":715443000,"DEBT_ASSET_RATIO":36.2289411907,"OPERATE_PROFIT":7725000,"PRETAX_PROFIT":-10218000,"NETCASH_OPERATE":-839000,"NETCASH_INVEST":-9855000,"NETCASH_FINANCE":-15103000,"END_CASH":352488000,"DIVI_RATIO":null,"DIVIDEND_RATE":null,"CURRENT_RATIO":2.604123686095,"COMMON_ACS":5000000000,"CURRENTDEBT_DEBT":81.201501255189,"ISSUED_COMMON_SHARES":1629984225,"HK_COMMON_SHARES":1629984225,"PER_SHARES":10000,"TOTAL_MARKET_CAP":396086166.675,"HKSK_MARKET_CAP":396086166.675,"PE_TTM":-11.593603231163,"PB_TTM":0.462740039376,"REPORT_DATE_SQ":"2022-06-30 00:00:00","REPORT_TYPE_SQ":"2022年中报","OPERATE_INCOME_SQ":261905000,"DPS_HKD":null,"OPERATE_INCOME_QOQ_SQ":11.570150284709,"NET_PROFIT_RATIO_SQ":-7.754720223,"HOLDER_PROFIT_SQ":-6389000,"HOLDER_PROFIT_QOQ_SQ":73.132865756332,"ROE_AVG_SQ":-0.823731300371,"PE_TTM_SQ":-1.534775884213,"PB_TTM_SQ":0.168042777,"ROA_SQ":-0.410844256331,"START_DATE":"2023-01-01 00:00:00","FISCAL_YEAR":"12-31","CURRENCY":"HKD","IS_CNY_CODE":0,"DPS_HKD_LY":null,"ORG_TYPE":"证券","PREMIUM_INCOME":null,"PREMIUM_INCOME_YOY":null,"NET_INTEREST_INCOME":null,"NET_INTEREST_INCOME_YOY":null,"FEE_COMMISSION_INCOME":null,"FEE_COMMISSION_INCOME_YOY":null,"ACCOUNTS_RECE_TDAYS":6.616097665862,"INVENTORY_TDAYS":null,"CURRENT_ASSETS_TDAYS":0.160745257107,"TOTAL_ASSETS_TDAYS":0.123242954573,"PREMIUM_EXPENSE":null,"LOAN_DEPOSIT":null,"LOAN_EQUITY":null,"LOAN_ASSETS":null,"DEPOSIT_EQUITY":null,"DEPOSIT_ASSETS":null,"EQUITY_MULTIPLIER":1.5681094507,"EQUITY_RATIO":0.562350879106},{"SECUCODE":"02051.HK","SECURITY_CODE":"02051","SECURITY_NAME_ABBR":"51信用卡","ORG_CODE":"10920200","STD_REPORT_DATE":"2022-12-31 00:00:00","REPORT_DATE":"2022-12-31 00:00:00","DATE_TYPE_CODE":"001","REPORT_TYPE":"2022年年报","PER_NETCASH_OPERATE":0.09304139121,"PER_OI":0.291344414591,"BPS":0.437082144154,"BASIC_EPS":-0.07,"DILUTED_EPS":-0.07,"OPERATE_INCOME":395739000,"OPERATE_INCOME_YOY":-10.0793459639,"GROSS_PROFIT":null,"GROSS_PROFIT_YOY":null,"HOLDER_PROFIT":-82697000,"HOLDER_PROFIT_YOY":64.6120665677,"GROSS_PROFIT_RATIO":null,"EPS_TTM":-0.06088181618,"OPERATE_INCOME_QOQ":-19.404380287484,"NET_PROFIT_RATIO":-24.6700476829,"ROE_AVG":-11.192785466988,"GROSS_PROFIT_QOQ":null,"ROA":-6.135434047627,"HOLDER_PROFIT_QOQ":-31.714581508322,"ROE_YEARLY":-11.192785466988,"ROIC_YEARLY":-8.240971971707,"TOTAL_ASSETS":1136504000,"TOTAL_LIABILITIES":425282000,"TAX_EBT":-3.426028921023,"OCF_SALES":31.935189607292,"TOTAL_PARENT_EQUITY":712437000,"DEBT_ASSET_RATIO":37.4201938577,"OPERATE_PROFIT":-40735000,"PRETAX_PROFIT":-94395000,"NETCASH_OPERATE":126380000,"NETCASH_INVEST":-37001000,"NETCASH_FINANCE":-23598000,"END_CASH":376813000,"DIVI_RATIO":null,"DIVIDEND_RATE":null,"CURRENT_RATIO":2.150373714931,"COMMON_ACS":5000000000,"CURRENTDEBT_DEBT":95.353906349199,"ISSUED_COMMON_SHARES":1629984225,"HK_COMMON_SHARES":1629984225,"PER_SHARES":10000,"TOTAL_MARKET_CAP":396086166.675,"HKSK_MARKET_CAP":396086166.675,"PE_TTM":-11.593603231163,"PB_TTM":0.462740039376,"REPORT_DATE_SQ":"2021-12-31 00:00:00","REPORT_TYPE_SQ":"2021年年报","OPERATE_INCOME_SQ":440098000,"DPS_HKD":null,"OPERATE_INCOME_QOQ_SQ":37.231289250323,"NET_PROFIT_RATIO_SQ":-59.2370335698,"HOLDER_PROFIT_SQ":-233687000,"HOLDER_PROFIT_QOQ_SQ":79.599973112718,"ROE_AVG_SQ":-26.855450569202,"PE_TTM_SQ":-1.534775884213,"PB_TTM_SQ":0.168042777,"ROA_SQ":-13.622283261322,"START_DATE":"2022-01-01 00:00:00","FISCAL_YEAR":"12-31","CURRENCY":"HKD","IS_CNY_CODE":0,"DPS_HKD_LY":null,"ORG_TYPE":"证券","PREMIUM_INCOME":null,"PREMIUM_INCOME_YOY":null,"NET_INTEREST_INCOME":null,"NET_INTEREST_INCOME_YOY":null,"FEE_COMMISSION_INCOME":null,"FEE_COMMISSION_INCOME_YOY":null,"ACCOUNTS_RECE_TDAYS":20.756812042695,"INVENTORY_TDAYS":null,"CURRENT_ASSETS_TDAYS":0.431297071403,"TOTAL_ASSETS_TDAYS":0.293605636791,"PREMIUM_EXPENSE":null,"LOAN_DEPOSIT":null,"LOAN_EQUITY":null,"LOAN_ASSETS":null,"DEPOSIT_EQUITY":null,"DEPOSIT_ASSETS":null,"EQUITY_MULTIPLIER":1.597959568181,"EQUITY_RATIO":0.596939799589},{"SECUCODE":"02051.HK","SECURITY_CODE":"02051","SECURITY_NAME_ABBR":"51信用卡","ORG_CODE":"10920200","STD_REPORT_DATE":"2022-06-30 00:00:00","REPORT_DATE":"2022-06-30 00:00:00","DATE_TYPE_CODE":"002","REPORT_TYPE":"2022年中报","PER_NETCASH_OPERATE":0.048224270374,"PER_OI":0.192815362912,"BPS":0.482205280238,"BASIC_EPS":-0.0052,"DILUTED_EPS":-0.0052,"OPERATE_INCOME":261905000,"OPERATE_INCOME_YOY":24.1344171387,"GROSS_PROFIT":null,"GROSS_PROFIT_YOY":null,"HOLDER_PROFIT":-6389000,"HOLDER_PROFIT_YOY":96.3963201742,"GROSS_PROFIT_RATIO":null,"EPS_TTM":-0.04622253321,"OPERATE_INCOME_QOQ":11.570150284709,"NET_PROFIT_RATIO":-7.754720223,"ROE_AVG":-0.823731300371,"GROSS_PROFIT_QOQ":null,"ROA":-0.410844256331,"HOLDER_PROFIT_QOQ":73.132865756332,"ROE_YEARLY":-1.647462600742,"ROIC_YEARLY":-1.037611171901,"TOTAL_ASSETS":1550967000,"TOTAL_LIABILITIES":782657000,"TAX_EBT":-9.754120507971,"OCF_SALES":25.010595444913,"TOTAL_PARENT_EQUITY":785987000,"DEBT_ASSET_RATIO":50.4625179001,"OPERATE_PROFIT":-10706000,"PRETAX_PROFIT":-18505000,"NETCASH_OPERATE":65504000,"NETCASH_INVEST":-12947000,"NETCASH_FINANCE":-14569000,"END_CASH":351745000,"DIVI_RATIO":null,"DIVIDEND_RATE":null,"CURRENT_RATIO":1.357643382191,"COMMON_ACS":5000000000,"CURRENTDEBT_DEBT":87.084124974286,"ISSUED_COMMON_SHARES":1629984225,"HK_COMMON_SHARES":1629984225,"PER_SHARES":10000,"TOTAL_MARKET_CAP":396086166.675,"HKSK_MARKET_CAP":396086166.675,"PE_TTM":-11.593603231163,"PB_TTM":0.462740039376,"REPORT_DATE_SQ":"2021-06-30 00:00:00","REPORT_TYPE_SQ":"2021年中报","OPERATE_INCOME_SQ":210985000,"DPS_HKD":null,"OPERATE_INCOME_QOQ_SQ":16.911220557838,"NET_PROFIT_RATIO_SQ":-92.1316681281,"HOLDER_PROFIT_SQ":-177291000,"HOLDER_PROFIT_QOQ_SQ":32.57945077045,"ROE_AVG_SQ":-19.661566561885,"PE_TTM_SQ":-1.534775884213,"PB_TTM_SQ":0.168042777,"ROA_SQ":-9.998733880594,"START_DATE":"2022-01-01 00:00:00","FISCAL_YEAR":"12-31","CURRENCY":"HKD","IS_CNY_CODE":0,"DPS_HKD_LY":null,"ORG_TYPE":"证券","PREMIUM_INCOME":null,"PREMIUM_INCOME_YOY":null,"NET_INTEREST_INCOME":null,"NET_INTEREST_INCOME_YOY":null,"FEE_COMMISSION_INCOME":null,"FEE_COMMISSION_INCOME_YOY":null,"ACCOUNTS_RECE_TDAYS":10.755631301205,"INVENTORY_TDAYS":null,"CURRENT_ASSETS_TDAYS":0.277380913295,"TOTAL_ASSETS_TDAYS":0.168417850923,"PREMIUM_EXPENSE":null,"LOAN_DEPOSIT":null,"LOAN_EQUITY":null,"LOAN_ASSETS":null,"DEPOSIT_EQUITY":null,"DEPOSIT_ASSETS":null,"EQUITY_MULTIPLIER":2.018673452121,"EQUITY_RATIO":0.995763288706},{"SECUCODE":"02051.HK","SECURITY_CODE":"02051","SECURITY_NAME_ABBR":"51信用卡","ORG_CODE":"10920200","STD_REPORT_DATE":"2021-12-31 00:00:00","REPORT_DATE":"2021-12-31 00:00:00","DATE_TYPE_CODE":"001","REPORT_TYPE":"2021年年报","PER_NETCASH_OPERATE":-0.016889979404,"PER_OI":0.324001663148,"BPS":0.465492848558,"BASIC_EPS":-0.19,"DILUTED_EPS":-0.19,"OPERATE_INCOME":440098000,"OPERATE_INCOME_YOY":60.4387752498,"GROSS_PROFIT":null,"GROSS_PROFIT_YOY":null,"HOLDER_PROFIT":-233687000,"HOLDER_PROFIT_YOY":86.2461898296,"GROSS_PROFIT_RATIO":null,"EPS_TTM":-0.172041174139,"OPERATE_INCOME_QOQ":37.231289250323,"NET_PROFIT_RATIO":-59.2370335698,"ROE_AVG":-26.855450569202,"GROSS_PROFIT_QOQ":null,"ROA":-13.622283261322,"HOLDER_PROFIT_QOQ":79.599973112718,"ROE_YEARLY":-26.855450569202,"ROIC_YEARLY":-17.277385106761,"TOTAL_ASSETS":1559214000,"TOTAL_LIABILITIES":800468000,"TAX_EBT":-23.608872114856,"OCF_SALES":-5.212929847443,"TOTAL_PARENT_EQUITY":765247000,"DEBT_ASSET_RATIO":51.3379176944,"OPERATE_PROFIT":-199301000,"PRETAX_PROFIT":-210908000,"NETCASH_OPERATE":-22892000,"NETCASH_INVEST":-56495000,"NETCASH_FINANCE":-18241000,"END_CASH":313148000,"DIVI_RATIO":null,"DIVIDEND_RATE":null,"CURRENT_RATIO":1.373232457898,"COMMON_ACS":5000000000,"CURRENTDEBT_DEBT":87.614620447039,"ISSUED_COMMON_SHARES":1629984225,"HK_COMMON_SHARES":1629984225,"PER_SHARES":10000,"TOTAL_MARKET_CAP":396086166.675,"HKSK_MARKET_CAP":396086166.675,"PE_TTM":-11.593603231163,"PB_TTM":0.462740039376,"REPORT_DATE_SQ":"2020-12-31 00:00:00","REPORT_TYPE_SQ":"2020年年报","OPERATE_INCOME_SQ":274309000,"DPS_HKD":null,"OPERATE_INCOME_QOQ_SQ":-66.126787608467,"NET_PROFIT_RATIO_SQ":-625.719899821,"HOLDER_PROFIT_SQ":-1699071000,"HOLDER_PROFIT_QOQ_SQ":16.844968596706,"ROE_AVG_SQ":-96.102822895385,"PE_TTM_SQ":-1.534775884213,"PB_TTM_SQ":0.168042777,"ROA_SQ":-44.640945728442,"START_DATE":"2021-01-01 00:00:00","FISCAL_YEAR":"12-31","CURRENCY":"HKD","IS_CNY_CODE":0,"DPS_HKD_LY":null,"ORG_TYPE":"证券","PREMIUM_INCOME":null,"PREMIUM_INCOME_YOY":null,"NET_INTEREST_INCOME":null,"NET_INTEREST_INCOME_YOY":null,"FEE_COMMISSION_INCOME":null,"FEE_COMMISSION_INCOME_YOY":null,"ACCOUNTS_RECE_TDAYS":22.966028283672,"INVENTORY_TDAYS":null,"CURRENT_ASSETS_TDAYS":0.446698642491,"TOTAL_ASSETS_TDAYS":0.256545705099,"PREMIUM_EXPENSE":null,"LOAN_DEPOSIT":null,"LOAN_EQUITY":null,"LOAN_ASSETS":null,"DEPOSIT_EQUITY":null,"DEPOSIT_ASSETS":null,"EQUITY_MULTIPLIER":2.054988098783,"EQUITY_RATIO":1.046025662302},{"SECUCODE":"02051.HK","SECURITY_CODE":"02051","SECURITY_NAME_ABBR":"51信用卡","ORG_CODE":"10920200","STD_REPORT_DATE":"2021-06-30 00:00:00","REPORT_DATE":"2021-06-30 00:00:00","DATE_TYPE_CODE":"002","REPORT_TYPE":"2021年中报","PER_NETCASH_OPERATE":-0.050720736251,"PER_OI":0.155327883561,"BPS":0.504201812137,"BASIC_EPS":-0.15,"DILUTED_EPS":-0.15,"OPERATE_INCOME":210985000,"OPERATE_INCOME_YOY":28.1835524557,"GROSS_PROFIT":null,"GROSS_PROFIT_YOY":null,"HOLDER_PROFIT":-177291000,"HOLDER_PROFIT_YOY":75.7414423697,"GROSS_PROFIT_RATIO":null,"EPS_TTM":-0.843337977393,"OPERATE_INCOME_QOQ":16.911220557838,"NET_PROFIT_RATIO":-92.1316681281,"ROE_AVG":-19.661566561885,"GROSS_PROFIT_QOQ":null,"ROA":-9.998733880594,"HOLDER_PROFIT_QOQ":32.57945077045,"ROE_YEARLY":-39.323133123769,"ROIC_YEARLY":-24.821407695867,"TOTAL_ASSETS":1674531000,"TOTAL_LIABILITIES":852690000,"TAX_EBT":12.80061367582,"OCF_SALES":-32.653980140768,"TOTAL_PARENT_EQUITY":821841000,"DEBT_ASSET_RATIO":50.9211235862,"OPERATE_PROFIT":-203722000,"PRETAX_PROFIT":-222919000,"NETCASH_OPERATE":-68895000,"NETCASH_INVEST":-62934000,"NETCASH_FINANCE":-4734000,"END_CASH":276519000,"DIVI_RATIO":null,"DIVIDEND_RATE":null,"CURRENT_RATIO":1.320909613552,"COMMON_ACS":5000000000,"CURRENTDEBT_DEBT":87.512108738228,"ISSUED_COMMON_SHARES":1629984225,"HK_COMMON_SHARES":1629984225,"PER_SHARES":10000,"TOTAL_MARKET_CAP":396086166.675,"HKSK_MARKET_CAP":396086166.675,"PE_TTM":-11.593603231163,"PB_TTM":0.462740039376,"REPORT_DATE_SQ":"2020-06-30 00:00:00","REPORT_TYPE_SQ":"2020年中报","OPERATE_INCOME_SQ":164596000,"DPS_HKD":null,"OPERATE_INCOME_QOQ_SQ":-60.408048722177,"NET_PROFIT_RATIO_SQ":-461.7645629298,"HOLDER_PROFIT_SQ":-730839000,"HOLDER_PROFIT_QOQ_SQ":-80.998921052585,"ROE_AVG_SQ":-33.135774616214,"PE_TTM_SQ":-1.534775884213,"PB_TTM_SQ":0.168042777,"ROA_SQ":-16.064069092033,"START_DATE":"2021-01-01 00:00:00","FISCAL_YEAR":"12-31","CURRENCY":"HKD","IS_CNY_CODE":0,"DPS_HKD_LY":null,"ORG_TYPE":"证券","PREMIUM_INCOME":null,"PREMIUM_INCOME_YOY":null,"NET_INTEREST_INCOME":null,"NET_INTEREST_INCOME_YOY":null,"FEE_COMMISSION_INCOME":null,"FEE_COMMISSION_INCOME_YOY":null,"ACCOUNTS_RECE_TDAYS":null,"INVENTORY_TDAYS":null,"CURRENT_ASSETS_TDAYS":0.211722429221,"TOTAL_ASSETS_TDAYS":0.118989845384,"PREMIUM_EXPENSE":null,"LOAN_DEPOSIT":null,"LOAN_EQUITY":null,"LOAN_ASSETS":null,"DEPOSIT_EQUITY":null,"DEPOSIT_ASSETS":null,"EQUITY_MULTIPLIER":2.03753645778,"EQUITY_RATIO":1.037536457782},{"SECUCODE":"02051.HK","SECURITY_CODE":"02051","SECURITY_NAME_ABBR":"51信用卡","ORG_CODE":"10920200","STD_REPORT_DATE":"2020-12-31 00:00:00","REPORT_DATE":"2020-12-31 00:00:00","DATE_TYPE_CODE":"001","REPORT_TYPE":"2020年年报","PER_NETCASH_OPERATE":-0.830780555254,"PER_OI":0.201947230427,"BPS":0.602205828096,"BASIC_EPS":-1.56,"DILUTED_EPS":-1.56,"OPERATE_INCOME":274309000,"OPERATE_INCOME_YOY":-86.5889342537,"GROSS_PROFIT":null,"GROSS_PROFIT_YOY":null,"HOLDER_PROFIT":-1699071000,"HOLDER_PROFIT_YOY":-50.5097096409,"GROSS_PROFIT_RATIO":null,"EPS_TTM":-1.250861921225,"OPERATE_INCOME_QOQ":-66.126787608467,"NET_PROFIT_RATIO":-625.719899821,"ROE_AVG":-96.102822895385,"GROSS_PROFIT_QOQ":null,"ROA":-44.640945728442,"HOLDER_PROFIT_QOQ":16.844968596706,"ROE_YEARLY":-96.102822895385,"ROIC_YEARLY":-57.436595893134,"TOTAL_ASSETS":1871738000,"TOTAL_LIABILITIES":890152000,"TAX_EBT":-19.977547976172,"OCF_SALES":-411.384970963403,"TOTAL_PARENT_EQUITY":981586000,"DEBT_ASSET_RATIO":47.55751072,"OPERATE_PROFIT":-1438437000,"PRETAX_PROFIT":-1430606000,"NETCASH_OPERATE":-1128466000,"NETCASH_INVEST":117102000,"NETCASH_FINANCE":140777000,"END_CASH":412684000,"DIVI_RATIO":null,"DIVIDEND_RATE":null,"CURRENT_RATIO":1.358716602352,"COMMON_ACS":5000000000,"CURRENTDEBT_DEBT":83.289932505909,"ISSUED_COMMON_SHARES":1629984225,"HK_COMMON_SHARES":1629984225,"PER_SHARES":10000,"TOTAL_MARKET_CAP":396086166.675,"HKSK_MARKET_CAP":396086166.675,"PE_TTM":-11.593603231163,"PB_TTM":0.462740039376,"REPORT_DATE_SQ":"2019-12-31 00:00:00","REPORT_TYPE_SQ":"2019年年报","OPERATE_INCOME_SQ":2045393000,"DPS_HKD":null,"OPERATE_INCOME_QOQ_SQ":-30.355208718874,"NET_PROFIT_RATIO_SQ":-54.3192921849,"HOLDER_PROFIT_SQ":-1128878000,"HOLDER_PROFIT_QOQ_SQ":-537.605585210511,"ROE_AVG_SQ":-37.008668307813,"PE_TTM_SQ":-1.534775884213,"PB_TTM_SQ":0.168042777,"ROA_SQ":-17.010622767585,"START_DATE":"2020-01-01 00:00:00","FISCAL_YEAR":"12-31","CURRENCY":"HKD","IS_CNY_CODE":0,"DPS_HKD_LY":null,"ORG_TYPE":"证券","PREMIUM_INCOME":null,"PREMIUM_INCOME_YOY":null,"NET_INTEREST_INCOME":null,"NET_INTEREST_INCOME_YOY":null,"FEE_COMMISSION_INCOME":null,"FEE_COMMISSION_INCOME_YOY":null,"ACCOUNTS_RECE_TDAYS":null,"INVENTORY_TDAYS":null,"CURRENT_ASSETS_TDAYS":0.109863170171,"TOTAL_ASSETS_TDAYS":0.072071227052,"PREMIUM_EXPENSE":null,"LOAN_DEPOSIT":null,"LOAN_EQUITY":null,"LOAN_ASSETS":null,"DEPOSIT_EQUITY":null,"DEPOSIT_ASSETS":null,"EQUITY_MULTIPLIER":1.906850749706,"EQUITY_RATIO":0.906850749705},{"SECUCODE":"02051.HK","SECURITY_CODE":"02051","SECURITY_NAME_ABBR":"51信用卡","ORG_CODE":"10920200","STD_REPORT_DATE":"2020-06-30 00:00:00","REPORT_DATE":"2020-06-30 00:00:00","DATE_TYPE_CODE":"002","REPORT_TYPE":"2020年中报","PER_NETCASH_OPERATE":-0.962897334516,"PER_OI":0.138124041058,"BPS":1.139164398968,"BASIC_EPS":-0.73,"DILUTED_EPS":-0.73,"OPERATE_INCOME":164596000,"OPERATE_INCOME_YOY":-88.2446374675,"GROSS_PROFIT":null,"GROSS_PROFIT_YOY":null,"HOLDER_PROFIT":-730839000,"HOLDER_PROFIT_YOY":-498.1905851585,"GROSS_PROFIT_RATIO":null,"EPS_TTM":-1.714640172062,"OPERATE_INCOME_QOQ":-60.408048722177,"NET_PROFIT_RATIO":-461.7645629298,"ROE_AVG":-33.135774616214,"GROSS_PROFIT_QOQ":null,"ROA":-16.064069092033,"HOLDER_PROFIT_QOQ":-80.998921052585,"ROE_YEARLY":-66.271549232427,"ROIC_YEARLY":-38.849679220199,"TOTAL_ASSETS":3358626000,"TOTAL_LIABILITIES":1501806000,"TAX_EBT":-1.294086915728,"OCF_SALES":-697.125082019004,"TOTAL_PARENT_EQUITY":1856820000,"DEBT_ASSET_RATIO":44.7148923399,"OPERATE_PROFIT":-765598000,"PRETAX_PROFIT":-750336000,"NETCASH_OPERATE":-1147440000,"NETCASH_INVEST":99464000,"NETCASH_FINANCE":56716000,"END_CASH":291120000,"DIVI_RATIO":null,"DIVIDEND_RATE":null,"CURRENT_RATIO":1.298355365606,"COMMON_ACS":5000000000,"CURRENTDEBT_DEBT":86.375204254078,"ISSUED_COMMON_SHARES":1629984225,"HK_COMMON_SHARES":1629984225,"PER_SHARES":10000,"TOTAL_MARKET_CAP":396086166.675,"HKSK_MARKET_CAP":396086166.675,"PE_TTM":-11.593603231163,"PB_TTM":0.462740039376,"REPORT_DATE_SQ":"2019-06-30 00:00:00","REPORT_TYPE_SQ":"2019年中报","OPERATE_INCOME_SQ":1400178000,"DPS_HKD":null,"OPERATE_INCOME_QOQ_SQ":4.441652435958,"NET_PROFIT_RATIO_SQ":13.8333840412,"HOLDER_PROFIT_SQ":183540000,"HOLDER_PROFIT_QOQ_SQ":-88.068594929707,"ROE_AVG_SQ":5.005113101812,"PE_TTM_SQ":-1.534775884213,"PB_TTM_SQ":0.168042777,"ROA_SQ":2.260901978431,"START_DATE":"2020-01-01 00:00:00","FISCAL_YEAR":"12-31","CURRENCY":"HKD","IS_CNY_CODE":0,"DPS_HKD_LY":null,"ORG_TYPE":"证券","PREMIUM_INCOME":null,"PREMIUM_INCOME_YOY":null,"NET_INTEREST_INCOME":null,"NET_INTEREST_INCOME_YOY":null,"FEE_COMMISSION_INCOME":null,"FEE_COMMISSION_INCOME_YOY":null,"ACCOUNTS_RECE_TDAYS":null,"INVENTORY_TDAYS":null,"CURRENT_ASSETS_TDAYS":0.058053465155,"TOTAL_ASSETS_TDAYS":0.036178714002,"PREMIUM_EXPENSE":null,"LOAN_DEPOSIT":null,"LOAN_EQUITY":null,"LOAN_ASSETS":null,"DEPOSIT_EQUITY":null,"DEPOSIT_ASSETS":null,"EQUITY_MULTIPLIER":1.808805376935,"EQUITY_RATIO":0.808805376935}],"count":17},"success":true,"message":"ok","code":0}