{"version":"b218a024de6afaf3c60e4e9e3373a4ec","result":{"pages":3,"data":[{"SECUCODE":"02057.HK","SECURITY_CODE":"02057","SECURITY_NAME_ABBR":"中通快递-W","ORG_CODE":"10581420","STD_REPORT_DATE":"2024-09-30 00:00:00","REPORT_DATE":"2024-09-30 00:00:00","DATE_TYPE_CODE":"004","REPORT_TYPE":"2024年三季报","PER_NETCASH_OPERATE":10.641330434889,"PER_OI":38.701100349853,"BPS":74.772881955991,"BASIC_EPS":7.99,"DILUTED_EPS":7.8,"OPERATE_INCOME":31361018000,"OPERATE_INCOME_YOY":12.8115233518,"GROSS_PROFIT":9957373000,"GROSS_PROFIT_YOY":16.675062222611,"HOLDER_PROFIT":6434145000,"HOLDER_PROFIT_YOY":-1.8691268074,"GROSS_PROFIT_RATIO":31.750796482436,"EPS_TTM":10.64548178296,"OPERATE_INCOME_QOQ":3.960073422064,"NET_PROFIT_RATIO":20.5375539786,"ROE_AVG":10.68855741541,"GROSS_PROFIT_QOQ":5.044185095352,"ROA":7.078841499432,"HOLDER_PROFIT_QOQ":0.59635147969,"ROE_YEARLY":14.251409887213,"ROIC_YEARLY":8.210017781102,"TOTAL_ASSETS":93320033000,"TOTAL_LIABILITIES":32197962000,"TAX_EBT":21.712188593229,"OCF_SALES":27.496196073737,"TOTAL_PARENT_EQUITY":60591396000,"DEBT_ASSET_RATIO":34.5027331913,"OPERATE_PROFIT":8323688000,"PRETAX_PROFIT":8227061000,"NETCASH_OPERATE":8623087000,"NETCASH_INVEST":-8955072000,"NETCASH_FINANCE":-963309000,"END_CASH":11747744000,"DIVI_RATIO":0.646517746975,"DIVIDEND_RATE":4.825031210191,"CURRENT_RATIO":0.964000653394,"COMMON_ACS":10000000000,"CURRENTDEBT_DEBT":97.157671035204,"ISSUED_COMMON_SHARES":810339182,"HK_COMMON_SHARES":604239182,"PER_SHARES":50,"TOTAL_MARKET_CAP":127223251574,"HKSK_MARKET_CAP":94865551574,"PE_TTM":13.191958775956,"PB_TTM":1.893480982629,"REPORT_DATE_SQ":"2023-09-30 00:00:00","REPORT_TYPE_SQ":"2023年三季报","OPERATE_INCOME_SQ":27799481000,"DPS_HKD":7.575299,"OPERATE_INCOME_QOQ_SQ":0.348898737746,"NET_PROFIT_RATIO_SQ":23.5423244053,"HOLDER_PROFIT_SQ":6556698000,"HOLDER_PROFIT_QOQ_SQ":4.93629609304,"ROE_AVG_SQ":11.71632238668,"PE_TTM_SQ":12.179708403239,"PB_TTM_SQ":1.859120686245,"ROA_SQ":7.900241131718,"START_DATE":"2024-01-01 00:00:00","FISCAL_YEAR":"12-31","CURRENCY":"HKD","IS_CNY_CODE":0,"DPS_HKD_LY":7.575299,"ORG_TYPE":"一般企业","PREMIUM_INCOME":null,"PREMIUM_INCOME_YOY":null,"NET_INTEREST_INCOME":null,"NET_INTEREST_INCOME_YOY":null,"FEE_COMMISSION_INCOME":null,"FEE_COMMISSION_INCOME_YOY":null,"ACCOUNTS_RECE_TDAYS":46.278054791084,"INVENTORY_TDAYS":768.188245850157,"CURRENT_ASSETS_TDAYS":1.098263710542,"TOTAL_ASSETS_TDAYS":0.345033684635,"PREMIUM_EXPENSE":null,"LOAN_DEPOSIT":null,"LOAN_EQUITY":null,"LOAN_ASSETS":null,"DEPOSIT_EQUITY":null,"DEPOSIT_ASSETS":null,"EQUITY_MULTIPLIER":1.526781266951,"EQUITY_RATIO":0.531394952511},{"SECUCODE":"02057.HK","SECURITY_CODE":"02057","SECURITY_NAME_ABBR":"中通快递-W","ORG_CODE":"10581420","STD_REPORT_DATE":"2024-06-30 00:00:00","REPORT_DATE":"2024-06-30 00:00:00","DATE_TYPE_CODE":"002","REPORT_TYPE":"2024年中报","PER_NETCASH_OPERATE":6.779851174682,"PER_OI":25.44817119656,"BPS":74.569612752602,"BASIC_EPS":5.01,"DILUTED_EPS":4.9,"OPERATE_INCOME":20685970000,"OPERATE_INCOME_YOY":10.4809485246,"GROSS_PROFIT":6622562000,"GROSS_PROFIT_YOY":13.636784032761,"HOLDER_PROFIT":4037848000,"HOLDER_PROFIT_YOY":-4.1241921008,"GROSS_PROFIT_RATIO":32.014752027582,"EPS_TTM":10.549469415256,"OPERATE_INCOME_QOQ":2.501898558324,"NET_PROFIT_RATIO":19.6352600337,"ROE_AVG":6.71696070806,"GROSS_PROFIT_QOQ":2.603135784815,"ROA":4.497265756071,"HOLDER_PROFIT_QOQ":0.830104339781,"ROE_YEARLY":13.43392141612,"ROIC_YEARLY":10.37559460363,"TOTAL_ASSETS":91103798000,"TOTAL_LIABILITIES":30129924000,"TAX_EBT":23.352723194075,"OCF_SALES":26.641801182154,"TOTAL_PARENT_EQUITY":60426679000,"DEBT_ASSET_RATIO":33.0720833395,"OPERATE_PROFIT":5481898000,"PRETAX_PROFIT":5272687000,"NETCASH_OPERATE":5511115000,"NETCASH_INVEST":-7044941000,"NETCASH_FINANCE":-973492000,"END_CASH":10579069000,"DIVI_RATIO":0.652401805898,"DIVIDEND_RATE":5.160285422343,"CURRENT_RATIO":1.264760819028,"COMMON_ACS":10000000000,"CURRENTDEBT_DEBT":73.312727240865,"ISSUED_COMMON_SHARES":810339182,"HK_COMMON_SHARES":604239182,"PER_SHARES":50,"TOTAL_MARKET_CAP":118957791917.6,"HKSK_MARKET_CAP":88702311917.6,"PE_TTM":12.334901581594,"PB_TTM":1.7704650207,"REPORT_DATE_SQ":"2023-06-30 00:00:00","REPORT_TYPE_SQ":"2023年中报","OPERATE_INCOME_SQ":18723563000,"DPS_HKD":7.575299,"OPERATE_INCOME_QOQ_SQ":2.972464068854,"NET_PROFIT_RATIO_SQ":22.4051052676,"HOLDER_PROFIT_SQ":4211540000,"HOLDER_PROFIT_QOQ_SQ":9.718884761133,"ROE_AVG_SQ":7.662008483254,"PE_TTM_SQ":13.85093658331,"PB_TTM_SQ":2.114218327186,"ROA_SQ":5.245471341696,"START_DATE":"2024-01-01 00:00:00","FISCAL_YEAR":"12-31","CURRENCY":"HKD","IS_CNY_CODE":0,"DPS_HKD_LY":7.575299,"ORG_TYPE":"一般企业","PREMIUM_INCOME":null,"PREMIUM_INCOME_YOY":null,"NET_INTEREST_INCOME":null,"NET_INTEREST_INCOME_YOY":null,"FEE_COMMISSION_INCOME":null,"FEE_COMMISSION_INCOME_YOY":null,"ACCOUNTS_RECE_TDAYS":32.825754750665,"INVENTORY_TDAYS":500.753369296231,"CURRENT_ASSETS_TDAYS":0.75371167375,"TOTAL_ASSETS_TDAYS":0.230395756631,"PREMIUM_EXPENSE":null,"LOAN_DEPOSIT":null,"LOAN_EQUITY":null,"LOAN_ASSETS":null,"DEPOSIT_EQUITY":null,"DEPOSIT_ASSETS":null,"EQUITY_MULTIPLIER":1.494144820124,"EQUITY_RATIO":0.498619558424},{"SECUCODE":"02057.HK","SECURITY_CODE":"02057","SECURITY_NAME_ABBR":"中通快递-W","ORG_CODE":"10581420","STD_REPORT_DATE":"2024-03-31 00:00:00","REPORT_DATE":"2024-03-31 00:00:00","DATE_TYPE_CODE":"003","REPORT_TYPE":"2024年一季报","PER_NETCASH_OPERATE":2.498589365818,"PER_OI":12.252939446725,"BPS":71.381629180557,"BASIC_EPS":1.77,"DILUTED_EPS":1.75,"OPERATE_INCOME":9960006000,"OPERATE_INCOME_YOY":10.8732162197,"GROSS_PROFIT":3002085000,"GROSS_PROFIT_YOY":18.969465104335,"HOLDER_PROFIT":1426046000,"HOLDER_PROFIT_YOY":-14.6252011571,"GROSS_PROFIT_RATIO":30.141397505182,"EPS_TTM":10.462618762851,"OPERATE_INCOME_QOQ":2.542411726099,"NET_PROFIT_RATIO":14.5356036934,"ROE_AVG":2.424319059473,"GROSS_PROFIT_QOQ":4.104402425341,"ROA":1.599238957272,"HOLDER_PROFIT_QOQ":-2.792203546827,"ROE_YEARLY":9.697276237894,"ROIC_YEARLY":7.485944735811,"TOTAL_ASSETS":89875357000,"TOTAL_LIABILITIES":31485000000,"TAX_EBT":28.117695074407,"OCF_SALES":20.391754784084,"TOTAL_PARENT_EQUITY":57843331000,"DEBT_ASSET_RATIO":35.0318497205,"OPERATE_PROFIT":2266701000,"PRETAX_PROFIT":2014052000,"NETCASH_OPERATE":2031020000,"NETCASH_INVEST":-2378652000,"NETCASH_FINANCE":130130000,"END_CASH":12872411000,"DIVI_RATIO":0.657817421602,"DIVIDEND_RATE":5.160285422343,"CURRENT_RATIO":1.149559249535,"COMMON_ACS":10000000000,"CURRENTDEBT_DEBT":73.878208670796,"ISSUED_COMMON_SHARES":810339182,"HK_COMMON_SHARES":604239182,"PER_SHARES":50,"TOTAL_MARKET_CAP":118957791917.6,"HKSK_MARKET_CAP":88702311917.6,"PE_TTM":12.334901581594,"PB_TTM":1.7704650207,"REPORT_DATE_SQ":"2023-03-31 00:00:00","REPORT_TYPE_SQ":"2023年一季报","OPERATE_INCOME_SQ":8983239000,"DPS_HKD":7.575299,"OPERATE_INCOME_QOQ_SQ":3.050538830374,"NET_PROFIT_RATIO_SQ":18.5325248499,"HOLDER_PROFIT_SQ":1670336000,"HOLDER_PROFIT_QOQ_SQ":11.221320547224,"ROE_AVG_SQ":3.104902068689,"PE_TTM_SQ":13.85093658331,"PB_TTM_SQ":2.114218327186,"ROA_SQ":2.098145640615,"START_DATE":"2024-01-01 00:00:00","FISCAL_YEAR":"12-31","CURRENCY":"HKD","IS_CNY_CODE":0,"DPS_HKD_LY":7.575299,"ORG_TYPE":"一般企业","PREMIUM_INCOME":null,"PREMIUM_INCOME_YOY":null,"NET_INTEREST_INCOME":null,"NET_INTEREST_INCOME_YOY":null,"FEE_COMMISSION_INCOME":null,"FEE_COMMISSION_INCOME_YOY":null,"ACCOUNTS_RECE_TDAYS":17.600946492095,"INVENTORY_TDAYS":200.16170188283,"CURRENT_ASSETS_TDAYS":0.370998768125,"TOTAL_ASSETS_TDAYS":0.111696464279,"PREMIUM_EXPENSE":null,"LOAN_DEPOSIT":null,"LOAN_EQUITY":null,"LOAN_ASSETS":null,"DEPOSIT_EQUITY":null,"DEPOSIT_ASSETS":null,"EQUITY_MULTIPLIER":1.539215747559,"EQUITY_RATIO":0.544315125974},{"SECUCODE":"02057.HK","SECURITY_CODE":"02057","SECURITY_NAME_ABBR":"中通快递-W","ORG_CODE":"10581420","STD_REPORT_DATE":"2023-12-31 00:00:00","REPORT_DATE":"2023-12-31 00:00:00","DATE_TYPE_CODE":"001","REPORT_TYPE":"2023年年报","PER_NETCASH_OPERATE":16.436849495943,"PER_OI":47.263489510333,"BPS":73.798412230794,"BASIC_EPS":10.83,"DILUTED_EPS":10.6,"OPERATE_INCOME":38418915000,"OPERATE_INCOME_YOY":8.5985791445,"GROSS_PROFIT":11662526000,"GROSS_PROFIT_YOY":29.020590700029,"HOLDER_PROFIT":8749004000,"HOLDER_PROFIT_YOY":28.4907041446,"GROSS_PROFIT_RATIO":30.356208653992,"EPS_TTM":10.763147756251,"OPERATE_INCOME_QOQ":1.9859064345,"NET_PROFIT_RATIO":22.7868408048,"ROE_AVG":15.372013088677,"GROSS_PROFIT_QOQ":3.145768680354,"ROA":10.478551415725,"HOLDER_PROFIT_QOQ":0.340565978336,"ROE_YEARLY":15.372013088677,"ROIC_YEARLY":12.31910815161,"TOTAL_ASSETS":88465221000,"TOTAL_LIABILITIES":28184813000,"TAX_EBT":18.129520865736,"OCF_SALES":34.777054479545,"TOTAL_PARENT_EQUITY":59801745000,"DEBT_ASSET_RATIO":31.859766676,"OPERATE_PROFIT":10007924000,"PRETAX_PROFIT":10693057000,"NETCASH_OPERATE":13360967000,"NETCASH_INVEST":-12252751000,"NETCASH_FINANCE":-769836000,"END_CASH":13051310000,"DIVI_RATIO":0.639449820224,"DIVIDEND_RATE":5.160285422343,"CURRENT_RATIO":1.343567159346,"COMMON_ACS":10000000000,"CURRENTDEBT_DEBT":71.177282602514,"ISSUED_COMMON_SHARES":810339182,"HK_COMMON_SHARES":604239182,"PER_SHARES":50,"TOTAL_MARKET_CAP":118957791917.6,"HKSK_MARKET_CAP":88702311917.6,"PE_TTM":12.334901581594,"PB_TTM":1.7704650207,"REPORT_DATE_SQ":"2022-12-31 00:00:00","REPORT_TYPE_SQ":"2022年年报","OPERATE_INCOME_SQ":35376996000,"DPS_HKD":7.575299,"OPERATE_INCOME_QOQ_SQ":1.882914667858,"NET_PROFIT_RATIO_SQ":18.8228700933,"HOLDER_PROFIT_SQ":6809056000,"HOLDER_PROFIT_QOQ_SQ":6.245827010622,"ROE_AVG_SQ":13.264507036706,"PE_TTM_SQ":13.85093658331,"PB_TTM_SQ":2.114218327186,"ROA_SQ":9.638007334238,"START_DATE":"2023-01-01 00:00:00","FISCAL_YEAR":"12-31","CURRENCY":"HKD","IS_CNY_CODE":0,"DPS_HKD_LY":2.90387,"ORG_TYPE":"一般企业","PREMIUM_INCOME":null,"PREMIUM_INCOME_YOY":null,"NET_INTEREST_INCOME":null,"NET_INTEREST_INCOME_YOY":null,"FEE_COMMISSION_INCOME":null,"FEE_COMMISSION_INCOME_YOY":null,"ACCOUNTS_RECE_TDAYS":55.218393332212,"INVENTORY_TDAYS":779.944586145079,"CURRENT_ASSETS_TDAYS":1.494068812912,"TOTAL_ASSETS_TDAYS":0.460137606708,"PREMIUM_EXPENSE":null,"LOAN_DEPOSIT":null,"LOAN_EQUITY":null,"LOAN_ASSETS":null,"DEPOSIT_EQUITY":null,"DEPOSIT_ASSETS":null,"EQUITY_MULTIPLIER":1.467561749085,"EQUITY_RATIO":0.471304190204},{"SECUCODE":"02057.HK","SECURITY_CODE":"02057","SECURITY_NAME_ABBR":"中通快递-W","ORG_CODE":"10581420","STD_REPORT_DATE":"2023-09-30 00:00:00","REPORT_DATE":"2023-09-30 00:00:00","DATE_TYPE_CODE":"004","REPORT_TYPE":"2023年三季报","PER_NETCASH_OPERATE":11.578429245924,"PER_OI":34.105230906477,"BPS":71.446149076869,"BASIC_EPS":8.11,"DILUTED_EPS":7.94,"OPERATE_INCOME":27799481000,"OPERATE_INCOME_YOY":8.9933418331,"GROSS_PROFIT":8534277000,"GROSS_PROFIT_YOY":36.184264382301,"HOLDER_PROFIT":6556698000,"HOLDER_PROFIT_YOY":41.112140572,"GROSS_PROFIT_RATIO":30.699411258793,"EPS_TTM":10.69710786291,"OPERATE_INCOME_QOQ":0.348898737746,"NET_PROFIT_RATIO":23.5423244053,"ROE_AVG":11.71632238668,"GROSS_PROFIT_QOQ":2.372445258663,"ROA":7.900241131718,"HOLDER_PROFIT_QOQ":4.93629609304,"ROE_YEARLY":15.62176318224,"ROIC_YEARLY":9.098205828046,"TOTAL_ASSETS":87463702000,"TOTAL_LIABILITIES":29133787000,"TAX_EBT":16.592857844706,"OCF_SALES":33.949130201388,"TOTAL_PARENT_EQUITY":57895614000,"DEBT_ASSET_RATIO":33.309574525,"OPERATE_PROFIT":7252829000,"PRETAX_PROFIT":7846623000,"NETCASH_OPERATE":9437682000,"NETCASH_INVEST":-13433920000,"NETCASH_FINANCE":1396265000,"END_CASH":10108507000,"DIVI_RATIO":0.643397541278,"DIVIDEND_RATE":5.160285422343,"CURRENT_RATIO":1.170461909831,"COMMON_ACS":10000000000,"CURRENTDEBT_DEBT":72.513617951556,"ISSUED_COMMON_SHARES":810339182,"HK_COMMON_SHARES":604239182,"PER_SHARES":50,"TOTAL_MARKET_CAP":118957791917.6,"HKSK_MARKET_CAP":88702311917.6,"PE_TTM":12.334901581594,"PB_TTM":1.7704650207,"REPORT_DATE_SQ":"2022-09-30 00:00:00","REPORT_TYPE_SQ":"2022年三季报","OPERATE_INCOME_SQ":25505669000,"DPS_HKD":7.575299,"OPERATE_INCOME_QOQ_SQ":4.685762165233,"NET_PROFIT_RATIO_SQ":17.7595067199,"HOLDER_PROFIT_SQ":4646445000,"HOLDER_PROFIT_QOQ_SQ":13.621072387266,"ROE_AVG_SQ":9.24187659714,"PE_TTM_SQ":13.85093658331,"PB_TTM_SQ":2.114218327186,"ROA_SQ":6.620493644753,"START_DATE":"2023-01-01 00:00:00","FISCAL_YEAR":"12-31","CURRENCY":"HKD","IS_CNY_CODE":0,"DPS_HKD_LY":2.90387,"ORG_TYPE":"一般企业","PREMIUM_INCOME":null,"PREMIUM_INCOME_YOY":null,"NET_INTEREST_INCOME":null,"NET_INTEREST_INCOME_YOY":null,"FEE_COMMISSION_INCOME":null,"FEE_COMMISSION_INCOME_YOY":null,"ACCOUNTS_RECE_TDAYS":40.085971594666,"INVENTORY_TDAYS":565.550763991839,"CURRENT_ASSETS_TDAYS":1.130010547098,"TOTAL_ASSETS_TDAYS":0.334959156631,"PREMIUM_EXPENSE":null,"LOAN_DEPOSIT":null,"LOAN_EQUITY":null,"LOAN_ASSETS":null,"DEPOSIT_EQUITY":null,"DEPOSIT_ASSETS":null,"EQUITY_MULTIPLIER":1.499465617257,"EQUITY_RATIO":0.503212333148},{"SECUCODE":"02057.HK","SECURITY_CODE":"02057","SECURITY_NAME_ABBR":"中通快递-W","ORG_CODE":"10581420","STD_REPORT_DATE":"2023-06-30 00:00:00","REPORT_DATE":"2023-06-30 00:00:00","DATE_TYPE_CODE":"002","REPORT_TYPE":"2023年中报","PER_NETCASH_OPERATE":7.954275474192,"PER_OI":22.914161190218,"BPS":68.989017490209,"BASIC_EPS":5.21,"DILUTED_EPS":5.1,"OPERATE_INCOME":18723563000,"OPERATE_INCOME_YOY":13.0600305168,"GROSS_PROFIT":5827833000,"GROSS_PROFIT_YOY":52.469232538202,"HOLDER_PROFIT":4211540000,"HOLDER_PROFIT_YOY":55.3242157059,"GROSS_PROFIT_RATIO":31.125662353901,"EPS_TTM":10.1688491599,"OPERATE_INCOME_QOQ":2.972464068854,"NET_PROFIT_RATIO":22.4051052676,"ROE_AVG":7.662008483254,"GROSS_PROFIT_QOQ":11.078954027293,"ROA":5.245471341696,"HOLDER_PROFIT_QOQ":9.718884761133,"ROE_YEARLY":15.324016966508,"ROIC_YEARLY":12.013171148268,"TOTAL_ASSETS":82054548000,"TOTAL_LIABILITIES":25720795000,"TAX_EBT":19.736793471985,"OCF_SALES":34.713360913198,"TOTAL_PARENT_EQUITY":55904504000,"DEBT_ASSET_RATIO":31.345971219,"OPERATE_PROFIT":4829217000,"PRETAX_PROFIT":5221679000,"NETCASH_OPERATE":6499578000,"NETCASH_INVEST":-9408160000,"NETCASH_FINANCE":-1133723000,"END_CASH":8656716000,"DIVI_RATIO":0.676821220332,"DIVIDEND_RATE":5.160285422343,"CURRENT_RATIO":1.316338692508,"COMMON_ACS":10000000000,"CURRENTDEBT_DEBT":68.923480009074,"ISSUED_COMMON_SHARES":810339182,"HK_COMMON_SHARES":604239182,"PER_SHARES":50,"TOTAL_MARKET_CAP":118957791917.6,"HKSK_MARKET_CAP":88702311917.6,"PE_TTM":12.334901581594,"PB_TTM":1.7704650207,"REPORT_DATE_SQ":"2022-06-30 00:00:00","REPORT_TYPE_SQ":"2022年中报","OPERATE_INCOME_SQ":16560727000,"DPS_HKD":7.575299,"OPERATE_INCOME_QOQ_SQ":4.18256204222,"NET_PROFIT_RATIO_SQ":15.9064635266,"HOLDER_PROFIT_SQ":2711451000,"HOLDER_PROFIT_QOQ_SQ":10.005105829929,"ROE_AVG_SQ":5.480137099885,"PE_TTM_SQ":13.85093658331,"PB_TTM_SQ":2.114218327186,"ROA_SQ":4.130841871418,"START_DATE":"2023-01-01 00:00:00","FISCAL_YEAR":"12-31","CURRENCY":"HKD","IS_CNY_CODE":0,"DPS_HKD_LY":2.90387,"ORG_TYPE":"一般企业","PREMIUM_INCOME":null,"PREMIUM_INCOME_YOY":null,"NET_INTEREST_INCOME":null,"NET_INTEREST_INCOME_YOY":null,"FEE_COMMISSION_INCOME":null,"FEE_COMMISSION_INCOME_YOY":null,"ACCOUNTS_RECE_TDAYS":26.937587760692,"INVENTORY_TDAYS":383.950040194123,"CURRENT_ASSETS_TDAYS":0.783238317177,"TOTAL_ASSETS_TDAYS":0.233201900328,"PREMIUM_EXPENSE":null,"LOAN_DEPOSIT":null,"LOAN_EQUITY":null,"LOAN_ASSETS":null,"DEPOSIT_EQUITY":null,"DEPOSIT_ASSETS":null,"EQUITY_MULTIPLIER":1.456578758386,"EQUITY_RATIO":0.460084486216},{"SECUCODE":"02057.HK","SECURITY_CODE":"02057","SECURITY_NAME_ABBR":"中通快递-W","ORG_CODE":"10581420","STD_REPORT_DATE":"2023-03-31 00:00:00","REPORT_DATE":"2023-03-31 00:00:00","DATE_TYPE_CODE":"003","REPORT_TYPE":"2023年一季报","PER_NETCASH_OPERATE":3.358357364665,"PER_OI":11.01870465322,"BPS":66.101854865016,"BASIC_EPS":2.07,"DILUTED_EPS":2.03,"OPERATE_INCOME":8983239000,"OPERATE_INCOME_YOY":13.6536206122,"GROSS_PROFIT":2523408000,"GROSS_PROFIT_YOY":55.81603713293,"HOLDER_PROFIT":1670336000,"HOLDER_PROFIT_YOY":84.3088704249,"GROSS_PROFIT_RATIO":28.090179945118,"EPS_TTM":9.28907653696,"OPERATE_INCOME_QOQ":3.050538830374,"NET_PROFIT_RATIO":18.5325248499,"ROE_AVG":3.104902068689,"GROSS_PROFIT_QOQ":10.000016594251,"ROA":2.098145640615,"HOLDER_PROFIT_QOQ":11.221320547224,"ROE_YEARLY":12.419608274755,"ROIC_YEARLY":9.747428478534,"TOTAL_ASSETS":80696629000,"TOTAL_LIABILITIES":26693302000,"TAX_EBT":21.464335785734,"OCF_SALES":30.478694822658,"TOTAL_PARENT_EQUITY":53564923000,"DEBT_ASSET_RATIO":33.0785837411,"OPERATE_PROFIT":1950442000,"PRETAX_PROFIT":2119828000,"NETCASH_OPERATE":2737974000,"NETCASH_INVEST":-5866601000,"NETCASH_FINANCE":840572000,"END_CASH":10306095000,"DIVI_RATIO":0.740923262974,"DIVIDEND_RATE":5.160285422343,"CURRENT_RATIO":1.323635387053,"COMMON_ACS":10000000000,"CURRENTDEBT_DEBT":71.560442391129,"ISSUED_COMMON_SHARES":810339182,"HK_COMMON_SHARES":604239182,"PER_SHARES":50,"TOTAL_MARKET_CAP":118957791917.6,"HKSK_MARKET_CAP":88702311917.6,"PE_TTM":12.334901581594,"PB_TTM":1.7704650207,"REPORT_DATE_SQ":"2022-03-31 00:00:00","REPORT_TYPE_SQ":"2022年一季报","OPERATE_INCOME_SQ":7904050000,"DPS_HKD":7.575299,"OPERATE_INCOME_QOQ_SQ":4.708020061541,"NET_PROFIT_RATIO_SQ":11.0769036127,"HOLDER_PROFIT_SQ":906270000,"HOLDER_PROFIT_QOQ_SQ":7.837193656047,"ROE_AVG_SQ":1.867575950525,"PE_TTM_SQ":13.85093658331,"PB_TTM_SQ":2.114218327186,"ROA_SQ":1.414723909199,"START_DATE":"2023-01-01 00:00:00","FISCAL_YEAR":"12-31","CURRENCY":"HKD","IS_CNY_CODE":0,"DPS_HKD_LY":2.90387,"ORG_TYPE":"一般企业","PREMIUM_INCOME":null,"PREMIUM_INCOME_YOY":null,"NET_INTEREST_INCOME":null,"NET_INTEREST_INCOME_YOY":null,"FEE_COMMISSION_INCOME":null,"FEE_COMMISSION_INCOME_YOY":null,"ACCOUNTS_RECE_TDAYS":12.876186640255,"INVENTORY_TDAYS":185.432836249336,"CURRENT_ASSETS_TDAYS":0.361070606357,"TOTAL_ASSETS_TDAYS":0.112840432981,"PREMIUM_EXPENSE":null,"LOAN_DEPOSIT":null,"LOAN_EQUITY":null,"LOAN_ASSETS":null,"DEPOSIT_EQUITY":null,"DEPOSIT_ASSETS":null,"EQUITY_MULTIPLIER":1.494289953654,"EQUITY_RATIO":0.498335487199},{"SECUCODE":"02057.HK","SECURITY_CODE":"02057","SECURITY_NAME_ABBR":"中通快递-W","ORG_CODE":"10581420","STD_REPORT_DATE":"2022-12-31 00:00:00","REPORT_DATE":"2022-12-31 00:00:00","DATE_TYPE_CODE":"001","REPORT_TYPE":"2022年年报","PER_NETCASH_OPERATE":14.08034501535,"PER_OI":43.392886512555,"BPS":66.673995531911,"BASIC_EPS":8.41,"DILUTED_EPS":8.36,"OPERATE_INCOME":35376996000,"OPERATE_INCOME_YOY":16.3493498732,"GROSS_PROFIT":9039275000,"GROSS_PROFIT_YOY":37.179508776019,"HOLDER_PROFIT":6809056000,"HOLDER_PROFIT_YOY":43.2030229491,"GROSS_PROFIT_RATIO":25.55127914196,"EPS_TTM":8.351884774661,"OPERATE_INCOME_QOQ":1.882914667858,"NET_PROFIT_RATIO":18.8228700933,"ROE_AVG":13.264507036706,"GROSS_PROFIT_QOQ":6.124210270994,"ROA":9.638007334238,"HOLDER_PROFIT_QOQ":6.245827010622,"ROE_YEARLY":13.264507036706,"ROIC_YEARLY":11.429607549717,"TOTAL_ASSETS":78523586000,"TOTAL_LIABILITIES":24051116000,"TAX_EBT":19.696957272148,"OCF_SALES":32.44850976041,"TOTAL_PARENT_EQUITY":54028551000,"DEBT_ASSET_RATIO":30.6291615363,"OPERATE_PROFIT":7736481000,"PRETAX_PROFIT":8292296000,"NETCASH_OPERATE":11479308000,"NETCASH_INVEST":-16041890000,"NETCASH_FINANCE":7058202000,"END_CASH":12603087000,"DIVI_RATIO":0.824064637321,"DIVIDEND_RATE":5.160285422343,"CURRENT_RATIO":1.49189537494,"COMMON_ACS":10000000000,"CURRENTDEBT_DEBT":68.210240223364,"ISSUED_COMMON_SHARES":810339182,"HK_COMMON_SHARES":604239182,"PER_SHARES":50,"TOTAL_MARKET_CAP":118957791917.6,"HKSK_MARKET_CAP":88702311917.6,"PE_TTM":12.334901581594,"PB_TTM":1.7704650207,"REPORT_DATE_SQ":"2021-12-31 00:00:00","REPORT_TYPE_SQ":"2021年年报","OPERATE_INCOME_SQ":30405839000,"DPS_HKD":7.575299,"OPERATE_INCOME_QOQ_SQ":3.261538008027,"NET_PROFIT_RATIO_SQ":15.4619216395,"HOLDER_PROFIT_SQ":4754827000,"HOLDER_PROFIT_QOQ_SQ":11.077530966178,"ROE_AVG_SQ":9.741894929994,"PE_TTM_SQ":13.85093658331,"PB_TTM_SQ":2.114218327186,"ROA_SQ":7.79626220474,"START_DATE":"2022-01-01 00:00:00","FISCAL_YEAR":"12-31","CURRENCY":"HKD","IS_CNY_CODE":0,"DPS_HKD_LY":1.954177,"ORG_TYPE":"一般企业","PREMIUM_INCOME":null,"PREMIUM_INCOME_YOY":null,"NET_INTEREST_INCOME":null,"NET_INTEREST_INCOME_YOY":null,"FEE_COMMISSION_INCOME":null,"FEE_COMMISSION_INCOME_YOY":null,"ACCOUNTS_RECE_TDAYS":40.375204004538,"INVENTORY_TDAYS":426.528704918298,"CURRENT_ASSETS_TDAYS":1.640049116642,"TOTAL_ASSETS_TDAYS":0.50075039317,"PREMIUM_EXPENSE":null,"LOAN_DEPOSIT":null,"LOAN_EQUITY":null,"LOAN_ASSETS":null,"DEPOSIT_EQUITY":null,"DEPOSIT_ASSETS":null,"EQUITY_MULTIPLIER":1.441527913092,"EQUITY_RATIO":0.44515567334},{"SECUCODE":"02057.HK","SECURITY_CODE":"02057","SECURITY_NAME_ABBR":"中通快递-W","ORG_CODE":"10581420","STD_REPORT_DATE":"2022-09-30 00:00:00","REPORT_DATE":"2022-09-30 00:00:00","DATE_TYPE_CODE":"004","REPORT_TYPE":"2022年三季报","PER_NETCASH_OPERATE":9.013749502712,"PER_OI":29.820689524063,"BPS":64.065437230703,"BASIC_EPS":5.74,"DILUTED_EPS":5.73,"OPERATE_INCOME":25505669000,"OPERATE_INCOME_YOY":20.3760798402,"GROSS_PROFIT":6266713000,"GROSS_PROFIT_YOY":44.445796692969,"HOLDER_PROFIT":4646445000,"HOLDER_PROFIT_YOY":55.2698298444,"GROSS_PROFIT_RATIO":24.569882875842,"EPS_TTM":7.493004378932,"OPERATE_INCOME_QOQ":4.685762165233,"NET_PROFIT_RATIO":17.7595067199,"ROE_AVG":9.24187659714,"GROSS_PROFIT_QOQ":11.465466937591,"ROA":6.620493644753,"HOLDER_PROFIT_QOQ":13.621072387266,"ROE_YEARLY":12.322502129521,"ROIC_YEARLY":8.059282120292,"TOTAL_ASSETS":77593172000,"TOTAL_LIABILITIES":25223348000,"TAX_EBT":20.005534664679,"OCF_SALES":30.226495921358,"TOTAL_PARENT_EQUITY":51914734000,"DEBT_ASSET_RATIO":32.5071747292,"OPERATE_PROFIT":5276646000,"PRETAX_PROFIT":5662493000,"NETCASH_OPERATE":7709470000,"NETCASH_INVEST":-11661085000,"NETCASH_FINANCE":8765322000,"END_CASH":14980394000,"DIVI_RATIO":0.918522471057,"DIVIDEND_RATE":5.160285422343,"CURRENT_RATIO":1.586299891108,"COMMON_ACS":10000000000,"CURRENTDEBT_DEBT":69.38348945588,"ISSUED_COMMON_SHARES":810339182,"HK_COMMON_SHARES":604239182,"PER_SHARES":50,"TOTAL_MARKET_CAP":118957791917.6,"HKSK_MARKET_CAP":88702311917.6,"PE_TTM":12.334901581594,"PB_TTM":1.7704650207,"REPORT_DATE_SQ":"2021-09-30 00:00:00","REPORT_TYPE_SQ":"2021年三季报","OPERATE_INCOME_SQ":21188320000,"DPS_HKD":7.575299,"OPERATE_INCOME_QOQ_SQ":2.620401771449,"NET_PROFIT_RATIO_SQ":13.9399489908,"HOLDER_PROFIT_SQ":2992497000,"HOLDER_PROFIT_QOQ_SQ":-0.795326765789,"ROE_AVG_SQ":6.240933041385,"PE_TTM_SQ":13.85093658331,"PB_TTM_SQ":2.114218327186,"ROA_SQ":4.993014028056,"START_DATE":"2022-01-01 00:00:00","FISCAL_YEAR":"12-31","CURRENCY":"HKD","IS_CNY_CODE":0,"DPS_HKD_LY":1.954177,"ORG_TYPE":"一般企业","PREMIUM_INCOME":null,"PREMIUM_INCOME_YOY":null,"NET_INTEREST_INCOME":null,"NET_INTEREST_INCOME_YOY":null,"FEE_COMMISSION_INCOME":null,"FEE_COMMISSION_INCOME_YOY":null,"ACCOUNTS_RECE_TDAYS":29.922042834149,"INVENTORY_TDAYS":260.633954698168,"CURRENT_ASSETS_TDAYS":1.09872073147,"TOTAL_ASSETS_TDAYS":0.363417880809,"PREMIUM_EXPENSE":null,"LOAN_DEPOSIT":null,"LOAN_EQUITY":null,"LOAN_ASSETS":null,"DEPOSIT_EQUITY":null,"DEPOSIT_ASSETS":null,"EQUITY_MULTIPLIER":1.481638968272,"EQUITY_RATIO":0.485861065955}],"count":24},"success":true,"message":"ok","code":0}