{"version":"fcd2f42b2c2960b8d14d78a9153e2e73","result":{"pages":3,"data":[{"SECUCODE":"02066.HK","SECURITY_CODE":"02066","SECURITY_NAME_ABBR":"盛京银行","ORG_CODE":"10061629","STD_REPORT_DATE":"2024-06-30 00:00:00","REPORT_DATE":"2024-06-30 00:00:00","DATE_TYPE_CODE":"002","REPORT_TYPE":"2024年中报","PER_NETCASH_OPERATE":-5.896857998771,"PER_OI":0.518393973217,"BPS":9.036100232449,"BASIC_EPS":0.07,"DILUTED_EPS":0.07,"OPERATE_INCOME":4560146000,"OPERATE_INCOME_YOY":-36.1676061813,"GROSS_PROFIT":null,"GROSS_PROFIT_YOY":null,"HOLDER_PROFIT":576594000,"HOLDER_PROFIT_YOY":-21.8574961884,"GROSS_PROFIT_RATIO":null,"EPS_TTM":0.06492824418,"OPERATE_INCOME_QOQ":-25.735418695047,"NET_PROFIT_RATIO":12.9752424593,"ROE_AVG":0.726107284677,"GROSS_PROFIT_QOQ":null,"ROA":0.053677645979,"HOLDER_PROFIT_QOQ":-22.019868001759,"ROE_YEARLY":1.452214569353,"ROIC_YEARLY":0.116028322708,"TOTAL_ASSETS":1068305291000,"TOTAL_LIABILITIES":988241417000,"TAX_EBT":9.10780669145,"OCF_SALES":-1137.52441259556,"TOTAL_PARENT_EQUITY":79487684000,"DEBT_ASSET_RATIO":92.5055249024,"OPERATE_PROFIT":650980000,"PRETAX_PROFIT":650980000,"NETCASH_OPERATE":-51872774000,"NETCASH_INVEST":76545682000,"NETCASH_FINANCE":-272951000,"END_CASH":60164061000,"DIVI_RATIO":null,"DIVIDEND_RATE":null,"CURRENT_RATIO":null,"COMMON_ACS":null,"CURRENTDEBT_DEBT":null,"ISSUED_COMMON_SHARES":8796680200,"HK_COMMON_SHARES":2340742500,"PER_SHARES":500,"TOTAL_MARKET_CAP":9412447814,"HKSK_MARKET_CAP":2504594475,"PE_TTM":14.714459159375,"PB_TTM":0.108074011452,"REPORT_DATE_SQ":"2023-06-30 00:00:00","REPORT_TYPE_SQ":"2023年中报","OPERATE_INCOME_SQ":7143937000,"DPS_HKD":null,"OPERATE_INCOME_QOQ_SQ":-5.801557359446,"NET_PROFIT_RATIO_SQ":11.0532189744,"HOLDER_PROFIT_SQ":737875000,"HOLDER_PROFIT_QOQ_SQ":-21.046884471649,"ROE_AVG_SQ":0.908743461281,"PE_TTM_SQ":9.092591491373,"PB_TTM_SQ":0.081480847692,"ROA_SQ":0.067770245068,"START_DATE":"2024-01-01 00:00:00","FISCAL_YEAR":"12-31","CURRENCY":"HKD","IS_CNY_CODE":0,"DPS_HKD_LY":null,"ORG_TYPE":"银行","PREMIUM_INCOME":null,"PREMIUM_INCOME_YOY":null,"NET_INTEREST_INCOME":3235788000,"NET_INTEREST_INCOME_YOY":-45.87464509272,"FEE_COMMISSION_INCOME":19337000,"FEE_COMMISSION_INCOME_YOY":null,"ACCOUNTS_RECE_TDAYS":null,"INVENTORY_TDAYS":null,"CURRENT_ASSETS_TDAYS":null,"TOTAL_ASSETS_TDAYS":0.004245238462,"PREMIUM_EXPENSE":null,"LOAN_DEPOSIT":66.34500578664,"LOAN_EQUITY":6.633014260589,"LOAN_ASSETS":49.7109601978,"DEPOSIT_EQUITY":9.997759713701,"DEPOSIT_ASSETS":74.927961205801,"EQUITY_MULTIPLIER":13.343162622826,"EQUITY_RATIO":12.432635689826},{"SECUCODE":"02066.HK","SECURITY_CODE":"02066","SECURITY_NAME_ABBR":"盛京银行","ORG_CODE":"10061629","STD_REPORT_DATE":"2023-12-31 00:00:00","REPORT_DATE":"2023-12-31 00:00:00","DATE_TYPE_CODE":"001","REPORT_TYPE":"2023年年报","PER_NETCASH_OPERATE":-0.871171262995,"PER_OI":1.141319767428,"BPS":9.018194045522,"BASIC_EPS":0.08,"DILUTED_EPS":0.08,"OPERATE_INCOME":10039825000,"OPERATE_INCOME_YOY":-37.8458737763,"GROSS_PROFIT":null,"GROSS_PROFIT_YOY":null,"HOLDER_PROFIT":732434000,"HOLDER_PROFIT_YOY":-25.2540570549,"GROSS_PROFIT_RATIO":null,"EPS_TTM":0.08326254716,"OPERATE_INCOME_QOQ":-34.017883436879,"NET_PROFIT_RATIO":7.6172542848,"ROE_AVG":0.914945760938,"GROSS_PROFIT_QOQ":null,"ROA":0.067740631544,"HOLDER_PROFIT_QOQ":-5.328697360598,"ROE_YEARLY":0.914945760938,"ROIC_YEARLY":0.072883280468,"TOTAL_ASSETS":1080052706000,"TOTAL_LIABILITIES":1000157843000,"TAX_EBT":16.906987988461,"OCF_SALES":-76.33016511742,"TOTAL_PARENT_EQUITY":79330169000,"DEBT_ASSET_RATIO":92.6026885025,"OPERATE_PROFIT":920365000,"PRETAX_PROFIT":920365000,"NETCASH_OPERATE":-7663415000,"NETCASH_INVEST":6437511000,"NETCASH_FINANCE":-1003035000,"END_CASH":35769940000,"DIVI_RATIO":null,"DIVIDEND_RATE":null,"CURRENT_RATIO":null,"COMMON_ACS":null,"CURRENTDEBT_DEBT":null,"ISSUED_COMMON_SHARES":8796680200,"HK_COMMON_SHARES":2340742500,"PER_SHARES":500,"TOTAL_MARKET_CAP":11435684260,"HKSK_MARKET_CAP":3042965250,"PE_TTM":17.877380287091,"PB_TTM":0.131304873726,"REPORT_DATE_SQ":"2022-12-31 00:00:00","REPORT_TYPE_SQ":"2022年年报","OPERATE_INCOME_SQ":16153111000,"DPS_HKD":null,"OPERATE_INCOME_QOQ_SQ":7.405117376836,"NET_PROFIT_RATIO_SQ":6.3100476435,"HOLDER_PROFIT_SQ":979898000,"HOLDER_PROFIT_QOQ_SQ":210.375213009243,"ROE_AVG_SQ":1.219889351117,"PE_TTM_SQ":11.64295251944,"PB_TTM_SQ":0.104335231801,"ROA_SQ":0.093835722499,"START_DATE":"2023-01-01 00:00:00","FISCAL_YEAR":"12-31","CURRENCY":"HKD","IS_CNY_CODE":0,"DPS_HKD_LY":null,"ORG_TYPE":"银行","PREMIUM_INCOME":null,"PREMIUM_INCOME_YOY":null,"NET_INTEREST_INCOME":8866241000,"NET_INTEREST_INCOME_YOY":-31.021791106736,"FEE_COMMISSION_INCOME":146523000,"FEE_COMMISSION_INCOME_YOY":null,"ACCOUNTS_RECE_TDAYS":null,"INVENTORY_TDAYS":null,"CURRENT_ASSETS_TDAYS":null,"TOTAL_ASSETS_TDAYS":0.00928553407,"PREMIUM_EXPENSE":null,"LOAN_DEPOSIT":64.859259381012,"LOAN_EQUITY":6.331830846246,"LOAN_ASSETS":46.838525119162,"DEPOSIT_EQUITY":9.762416201903,"DEPOSIT_ASSETS":72.215633613717,"EQUITY_MULTIPLIER":13.518424907995,"EQUITY_RATIO":12.607534505567},{"SECUCODE":"02066.HK","SECURITY_CODE":"02066","SECURITY_NAME_ABBR":"盛京银行","ORG_CODE":"10061629","STD_REPORT_DATE":"2023-06-30 00:00:00","REPORT_DATE":"2023-06-30 00:00:00","DATE_TYPE_CODE":"002","REPORT_TYPE":"2023年中报","PER_NETCASH_OPERATE":-1.129081400504,"PER_OI":0.812117394014,"BPS":9.278543626037,"BASIC_EPS":0.08,"DILUTED_EPS":0.08,"OPERATE_INCOME":7143937000,"OPERATE_INCOME_YOY":-11.5966340592,"GROSS_PROFIT":null,"GROSS_PROFIT_YOY":null,"HOLDER_PROFIT":737875000,"HOLDER_PROFIT_YOY":-21.8446308863,"GROSS_PROFIT_RATIO":null,"EPS_TTM":0.087949087884,"OPERATE_INCOME_QOQ":-5.801557359446,"NET_PROFIT_RATIO":11.0532189744,"ROE_AVG":0.908743461281,"GROSS_PROFIT_QOQ":null,"ROA":0.067770245068,"HOLDER_PROFIT_QOQ":-21.046884471649,"ROE_YEARLY":1.817486922561,"ROIC_YEARLY":0.145293454344,"TOTAL_ASSETS":1095164969000,"TOTAL_LIABILITIES":1012829918000,"TAX_EBT":14.100455369245,"OCF_SALES":-139.029333545355,"TOTAL_PARENT_EQUITY":81620381000,"DEBT_ASSET_RATIO":92.4819499043,"OPERATE_PROFIT":919254000,"PRETAX_PROFIT":919254000,"NETCASH_OPERATE":-9932168000,"NETCASH_INVEST":15795239000,"NETCASH_FINANCE":-3462323000,"END_CASH":40985549000,"DIVI_RATIO":null,"DIVIDEND_RATE":null,"CURRENT_RATIO":null,"COMMON_ACS":null,"CURRENTDEBT_DEBT":null,"ISSUED_COMMON_SHARES":8796680200,"HK_COMMON_SHARES":2340742500,"PER_SHARES":500,"TOTAL_MARKET_CAP":11435684260,"HKSK_MARKET_CAP":3042965250,"PE_TTM":17.877380287091,"PB_TTM":0.131304873726,"REPORT_DATE_SQ":"2022-06-30 00:00:00","REPORT_TYPE_SQ":"2022年中报","OPERATE_INCOME_SQ":8081069000,"DPS_HKD":null,"OPERATE_INCOME_QOQ_SQ":-2.761994854594,"NET_PROFIT_RATIO_SQ":11.9273205067,"HOLDER_PROFIT_SQ":944113000,"HOLDER_PROFIT_QOQ_SQ":-21.456559218432,"ROE_AVG_SQ":1.174360789304,"PE_TTM_SQ":11.64295251944,"PB_TTM_SQ":0.104335231801,"ROA_SQ":0.091555028479,"START_DATE":"2023-01-01 00:00:00","FISCAL_YEAR":"12-31","CURRENCY":"HKD","IS_CNY_CODE":0,"DPS_HKD_LY":null,"ORG_TYPE":"银行","PREMIUM_INCOME":null,"PREMIUM_INCOME_YOY":null,"NET_INTEREST_INCOME":5978322000,"NET_INTEREST_INCOME_YOY":-1.28742141231,"FEE_COMMISSION_INCOME":140434000,"FEE_COMMISSION_INCOME_YOY":null,"ACCOUNTS_RECE_TDAYS":null,"INVENTORY_TDAYS":null,"CURRENT_ASSETS_TDAYS":null,"TOTAL_ASSETS_TDAYS":0.006561360139,"PREMIUM_EXPENSE":null,"LOAN_DEPOSIT":80.3273023616,"LOAN_EQUITY":8.052704224353,"LOAN_ASSETS":60.540633764556,"DEPOSIT_EQUITY":10.024865752497,"DEPOSIT_ASSETS":75.367442929961,"EQUITY_MULTIPLIER":13.301321316972,"EQUITY_RATIO":12.409031979402},{"SECUCODE":"02066.HK","SECURITY_CODE":"02066","SECURITY_NAME_ABBR":"盛京银行","ORG_CODE":"10061629","STD_REPORT_DATE":"2022-12-31 00:00:00","REPORT_DATE":"2022-12-31 00:00:00","DATE_TYPE_CODE":"001","REPORT_TYPE":"2022年年报","PER_NETCASH_OPERATE":2.539459033648,"PER_OI":1.836273529644,"BPS":9.182348700138,"BASIC_EPS":0.11,"DILUTED_EPS":0.11,"OPERATE_INCOME":16153111000,"OPERATE_INCOME_YOY":4.4385935613,"GROSS_PROFIT":null,"GROSS_PROFIT_YOY":null,"HOLDER_PROFIT":979898000,"HOLDER_PROFIT_YOY":143.7793716306,"GROSS_PROFIT_RATIO":null,"EPS_TTM":0.111394068867,"OPERATE_INCOME_QOQ":7.405117376836,"NET_PROFIT_RATIO":6.3100476435,"ROE_AVG":1.219889351117,"GROSS_PROFIT_QOQ":null,"ROA":0.093835722499,"HOLDER_PROFIT_QOQ":210.375213009243,"ROE_YEARLY":1.219889351117,"ROIC_YEARLY":0.101037921149,"TOTAL_ASSETS":1082413109000,"TOTAL_LIABILITIES":1000976014000,"TAX_EBT":14.436948110764,"OCF_SALES":138.294158939414,"TOTAL_PARENT_EQUITY":80774185000,"DEBT_ASSET_RATIO":92.4763388098,"OPERATE_PROFIT":1191249000,"PRETAX_PROFIT":1191249000,"NETCASH_OPERATE":22338809000,"NETCASH_INVEST":-15689264000,"NETCASH_FINANCE":7815096000,"END_CASH":38211017000,"DIVI_RATIO":null,"DIVIDEND_RATE":null,"CURRENT_RATIO":null,"COMMON_ACS":null,"CURRENTDEBT_DEBT":null,"ISSUED_COMMON_SHARES":8796680200,"HK_COMMON_SHARES":2340742500,"PER_SHARES":500,"TOTAL_MARKET_CAP":11435684260,"HKSK_MARKET_CAP":3042965250,"PE_TTM":17.877380287091,"PB_TTM":0.131304873726,"REPORT_DATE_SQ":"2021-12-31 00:00:00","REPORT_TYPE_SQ":"2021年年报","OPERATE_INCOME_SQ":15466611000,"DPS_HKD":null,"OPERATE_INCOME_QOQ_SQ":3.550227877156,"NET_PROFIT_RATIO_SQ":2.7858914923,"HOLDER_PROFIT_SQ":401961000,"HOLDER_PROFIT_QOQ_SQ":167.527416775303,"ROE_AVG_SQ":0.504559887762,"PE_TTM_SQ":11.64295251944,"PB_TTM_SQ":0.104335231801,"ROA_SQ":0.039329193566,"START_DATE":"2022-01-01 00:00:00","FISCAL_YEAR":"12-31","CURRENCY":"HKD","IS_CNY_CODE":0,"DPS_HKD_LY":null,"ORG_TYPE":"银行","PREMIUM_INCOME":null,"PREMIUM_INCOME_YOY":null,"NET_INTEREST_INCOME":12853684000,"NET_INTEREST_INCOME_YOY":3.762429053097,"FEE_COMMISSION_INCOME":264272000,"FEE_COMMISSION_INCOME_YOY":null,"ACCOUNTS_RECE_TDAYS":null,"INVENTORY_TDAYS":null,"CURRENT_ASSETS_TDAYS":null,"TOTAL_ASSETS_TDAYS":0.01546833284,"PREMIUM_EXPENSE":null,"LOAN_DEPOSIT":80.739088271606,"LOAN_EQUITY":7.819918478182,"LOAN_ASSETS":58.834417165212,"DEPOSIT_EQUITY":9.685418358796,"DEPOSIT_ASSETS":72.869806217397,"EQUITY_MULTIPLIER":13.291401283494,"EQUITY_RATIO":12.392276245189},{"SECUCODE":"02066.HK","SECURITY_CODE":"02066","SECURITY_NAME_ABBR":"盛京银行","ORG_CODE":"10061629","STD_REPORT_DATE":"2022-06-30 00:00:00","REPORT_DATE":"2022-06-30 00:00:00","DATE_TYPE_CODE":"002","REPORT_TYPE":"2022年中报","PER_NETCASH_OPERATE":0.868814464802,"PER_OI":0.918649856113,"BPS":9.197578081786,"BASIC_EPS":0.11,"DILUTED_EPS":0.11,"OPERATE_INCOME":8081069000,"OPERATE_INCOME_YOY":-5.0208526871,"GROSS_PROFIT":null,"GROSS_PROFIT_YOY":null,"HOLDER_PROFIT":944113000,"HOLDER_PROFIT_YOY":-8.3705695097,"GROSS_PROFIT_RATIO":null,"EPS_TTM":0.035890130461,"OPERATE_INCOME_QOQ":-2.761994854594,"NET_PROFIT_RATIO":11.9273205067,"ROE_AVG":1.174360789304,"GROSS_PROFIT_QOQ":null,"ROA":0.091555028479,"HOLDER_PROFIT_QOQ":-21.456559218432,"ROE_YEARLY":2.348721578607,"ROIC_YEARLY":0.198186212312,"TOTAL_ASSETS":1056268387000,"TOTAL_LIABILITIES":974716953000,"TAX_EBT":-3.546907682209,"OCF_SALES":94.575148411677,"TOTAL_PARENT_EQUITY":80908153000,"DEBT_ASSET_RATIO":92.2792885782,"OPERATE_PROFIT":930839000,"PRETAX_PROFIT":930839000,"NETCASH_OPERATE":7642683000,"NETCASH_INVEST":-618218000,"NETCASH_FINANCE":5698916000,"END_CASH":37271904000,"DIVI_RATIO":null,"DIVIDEND_RATE":null,"CURRENT_RATIO":null,"COMMON_ACS":null,"CURRENTDEBT_DEBT":null,"ISSUED_COMMON_SHARES":8796680200,"HK_COMMON_SHARES":2340742500,"PER_SHARES":500,"TOTAL_MARKET_CAP":11435684260,"HKSK_MARKET_CAP":3042965250,"PE_TTM":17.877380287091,"PB_TTM":0.131304873726,"REPORT_DATE_SQ":"2021-06-30 00:00:00","REPORT_TYPE_SQ":"2021年中报","OPERATE_INCOME_SQ":8508256000,"DPS_HKD":null,"OPERATE_INCOME_QOQ_SQ":-8.179082159486,"NET_PROFIT_RATIO_SQ":12.2974790603,"HOLDER_PROFIT_SQ":1030360000,"HOLDER_PROFIT_QOQ_SQ":-149.449025857779,"ROE_AVG_SQ":1.288523787696,"PE_TTM_SQ":11.64295251944,"PB_TTM_SQ":0.104335231801,"ROA_SQ":0.100304611494,"START_DATE":"2022-01-01 00:00:00","FISCAL_YEAR":"12-31","CURRENCY":"HKD","IS_CNY_CODE":0,"DPS_HKD_LY":null,"ORG_TYPE":"银行","PREMIUM_INCOME":null,"PREMIUM_INCOME_YOY":null,"NET_INTEREST_INCOME":6056292000,"NET_INTEREST_INCOME_YOY":-8.667511783223,"FEE_COMMISSION_INCOME":54772000,"FEE_COMMISSION_INCOME_YOY":null,"ACCOUNTS_RECE_TDAYS":null,"INVENTORY_TDAYS":null,"CURRENT_ASSETS_TDAYS":null,"TOTAL_ASSETS_TDAYS":0.007836588443,"PREMIUM_EXPENSE":null,"LOAN_DEPOSIT":74.151797683376,"LOAN_EQUITY":7.518733146985,"LOAN_ASSETS":58.049968885417,"DEPOSIT_EQUITY":10.139650530241,"DEPOSIT_ASSETS":78.285315661918,"EQUITY_MULTIPLIER":12.952174292856,"EQUITY_RATIO":12.047203116848},{"SECUCODE":"02066.HK","SECURITY_CODE":"02066","SECURITY_NAME_ABBR":"盛京银行","ORG_CODE":"10061629","STD_REPORT_DATE":"2021-12-31 00:00:00","REPORT_DATE":"2021-12-31 00:00:00","DATE_TYPE_CODE":"001","REPORT_TYPE":"2021年年报","PER_NETCASH_OPERATE":-3.138913018573,"PER_OI":1.758232725114,"BPS":9.080630440561,"BASIC_EPS":0.05,"DILUTED_EPS":0.05,"OPERATE_INCOME":15466611000,"OPERATE_INCOME_YOY":-4.9192303373,"GROSS_PROFIT":null,"GROSS_PROFIT_YOY":null,"HOLDER_PROFIT":401961000,"HOLDER_PROFIT_YOY":-66.6083502177,"GROSS_PROFIT_RATIO":null,"EPS_TTM":0.045694624661,"OPERATE_INCOME_QOQ":3.550227877156,"NET_PROFIT_RATIO":2.7858914923,"ROE_AVG":0.504559887762,"GROSS_PROFIT_QOQ":null,"ROA":0.039329193566,"HOLDER_PROFIT_QOQ":167.527416775303,"ROE_YEARLY":0.504559887762,"ROIC_YEARLY":0.042489922278,"TOTAL_ASSETS":1006126253000,"TOTAL_LIABILITIES":925623312000,"TAX_EBT":-315.930305516676,"OCF_SALES":-178.526595128047,"TOTAL_PARENT_EQUITY":79879402000,"DEBT_ASSET_RATIO":91.9987237427,"OPERATE_PROFIT":103595000,"PRETAX_PROFIT":103595000,"NETCASH_OPERATE":-27612014000,"NETCASH_INVEST":41383812000,"NETCASH_FINANCE":-38350477000,"END_CASH":24289535000,"DIVI_RATIO":null,"DIVIDEND_RATE":null,"CURRENT_RATIO":null,"COMMON_ACS":null,"CURRENTDEBT_DEBT":null,"ISSUED_COMMON_SHARES":8796680200,"HK_COMMON_SHARES":2340742500,"PER_SHARES":500,"TOTAL_MARKET_CAP":11435684260,"HKSK_MARKET_CAP":3042965250,"PE_TTM":17.877380287091,"PB_TTM":0.131304873726,"REPORT_DATE_SQ":"2020-12-31 00:00:00","REPORT_TYPE_SQ":"2020年年报","OPERATE_INCOME_SQ":16266813000,"DPS_HKD":null,"OPERATE_INCOME_QOQ_SQ":-21.448302880901,"NET_PROFIT_RATIO_SQ":7.5733396579,"HOLDER_PROFIT_SQ":1203777000,"HOLDER_PROFIT_QOQ_SQ":-76.472914017588,"ROE_AVG_SQ":1.523696374242,"PE_TTM_SQ":11.64295251944,"PB_TTM_SQ":0.104335231801,"ROA_SQ":0.116903380003,"START_DATE":"2021-01-01 00:00:00","FISCAL_YEAR":"12-31","CURRENCY":"HKD","IS_CNY_CODE":0,"DPS_HKD_LY":null,"ORG_TYPE":"银行","PREMIUM_INCOME":null,"PREMIUM_INCOME_YOY":null,"NET_INTEREST_INCOME":12387609000,"NET_INTEREST_INCOME_YOY":-14.910689465662,"FEE_COMMISSION_INCOME":429470000,"FEE_COMMISSION_INCOME_YOY":null,"ACCOUNTS_RECE_TDAYS":null,"INVENTORY_TDAYS":null,"CURRENT_ASSETS_TDAYS":null,"TOTAL_ASSETS_TDAYS":0.015133043699,"PREMIUM_EXPENSE":null,"LOAN_DEPOSIT":77.455131537783,"LOAN_EQUITY":7.263011906608,"LOAN_ASSETS":58.113364725013,"DEPOSIT_EQUITY":9.3770570941,"DEPOSIT_ASSETS":75.028424290604,"EQUITY_MULTIPLIER":12.498006166049,"EQUITY_RATIO":11.58775965799},{"SECUCODE":"02066.HK","SECURITY_CODE":"02066","SECURITY_NAME_ABBR":"盛京银行","ORG_CODE":"10061629","STD_REPORT_DATE":"2021-06-30 00:00:00","REPORT_DATE":"2021-06-30 00:00:00","DATE_TYPE_CODE":"002","REPORT_TYPE":"2021年中报","PER_NETCASH_OPERATE":-7.126780737124,"PER_OI":0.967212153512,"BPS":9.14854435654,"BASIC_EPS":0.12,"DILUTED_EPS":0.12,"OPERATE_INCOME":8508256000,"OPERATE_INCOME_YOY":-13.5228401383,"GROSS_PROFIT":null,"GROSS_PROFIT_YOY":null,"HOLDER_PROFIT":1030360000,"HOLDER_PROFIT_YOY":-63.5837085905,"GROSS_PROFIT_RATIO":null,"EPS_TTM":-0.067668255122,"OPERATE_INCOME_QOQ":-8.179082159486,"NET_PROFIT_RATIO":12.2974790603,"ROE_AVG":1.288523787696,"GROSS_PROFIT_QOQ":null,"ROA":0.100304611494,"HOLDER_PROFIT_QOQ":-149.449025857779,"ROE_YEARLY":2.577047575392,"ROIC_YEARLY":0.21943550438,"TOTAL_ASSETS":1016503498000,"TOTAL_LIABILITIES":935416121000,"TAX_EBT":-14.373335723624,"OCF_SALES":-736.837384770745,"TOTAL_PARENT_EQUITY":80476819000,"DEBT_ASSET_RATIO":92.0229121533,"OPERATE_PROFIT":914812000,"PRETAX_PROFIT":914812000,"NETCASH_OPERATE":-62692011000,"NETCASH_INVEST":59338092000,"NETCASH_FINANCE":-4829962000,"END_CASH":40882732000,"DIVI_RATIO":null,"DIVIDEND_RATE":null,"CURRENT_RATIO":null,"COMMON_ACS":null,"CURRENTDEBT_DEBT":null,"ISSUED_COMMON_SHARES":8796680200,"HK_COMMON_SHARES":2340742500,"PER_SHARES":500,"TOTAL_MARKET_CAP":11435684260,"HKSK_MARKET_CAP":3042965250,"PE_TTM":17.877380287091,"PB_TTM":0.131304873726,"REPORT_DATE_SQ":"2020-06-30 00:00:00","REPORT_TYPE_SQ":"2020年中报","OPERATE_INCOME_SQ":9838732000,"DPS_HKD":null,"OPERATE_INCOME_QOQ_SQ":-1.422602949732,"NET_PROFIT_RATIO_SQ":28.9238186384,"HOLDER_PROFIT_SQ":2829393000,"HOLDER_PROFIT_QOQ_SQ":-6.001333033511,"ROE_AVG_SQ":3.55915912538,"PE_TTM_SQ":11.64295251944,"PB_TTM_SQ":0.104335231801,"ROA_SQ":0.272074013392,"START_DATE":"2021-01-01 00:00:00","FISCAL_YEAR":"12-31","CURRENCY":"HKD","IS_CNY_CODE":0,"DPS_HKD_LY":null,"ORG_TYPE":"银行","PREMIUM_INCOME":null,"PREMIUM_INCOME_YOY":null,"NET_INTEREST_INCOME":6631038000,"NET_INTEREST_INCOME_YOY":-11.389349838615,"FEE_COMMISSION_INCOME":166084000,"FEE_COMMISSION_INCOME_YOY":null,"ACCOUNTS_RECE_TDAYS":null,"INVENTORY_TDAYS":null,"CURRENT_ASSETS_TDAYS":null,"TOTAL_ASSETS_TDAYS":0.008282710049,"PREMIUM_EXPENSE":null,"LOAN_DEPOSIT":78.53423389523,"LOAN_EQUITY":7.223034542109,"LOAN_ASSETS":57.618781061981,"DEPOSIT_EQUITY":9.197306937182,"DEPOSIT_ASSETS":73.367725390749,"EQUITY_MULTIPLIER":12.535903066602,"EQUITY_RATIO":11.623423149963},{"SECUCODE":"02066.HK","SECURITY_CODE":"02066","SECURITY_NAME_ABBR":"盛京银行","ORG_CODE":"10061629","STD_REPORT_DATE":"2020-12-31 00:00:00","REPORT_DATE":"2020-12-31 00:00:00","DATE_TYPE_CODE":"001","REPORT_TYPE":"2020年年报","PER_NETCASH_OPERATE":-5.785521906321,"PER_OI":1.849199087629,"BPS":9.032035971934,"BASIC_EPS":0.14,"DILUTED_EPS":0.14,"OPERATE_INCOME":16266813000,"OPERATE_INCOME_YOY":-22.5657816412,"GROSS_PROFIT":null,"GROSS_PROFIT_YOY":null,"HOLDER_PROFIT":1203777000,"HOLDER_PROFIT_YOY":-77.8848528005,"GROSS_PROFIT_RATIO":null,"EPS_TTM":0.136844465484,"OPERATE_INCOME_QOQ":-21.448302880901,"NET_PROFIT_RATIO":7.5733396579,"ROE_AVG":1.523696374242,"GROSS_PROFIT_QOQ":null,"ROA":0.116903380003,"HOLDER_PROFIT_QOQ":-76.472914017588,"ROE_YEARLY":1.523696374242,"ROIC_YEARLY":0.127435118409,"TOTAL_ASSETS":1037958375000,"TOTAL_LIABILITIES":957911826000,"TAX_EBT":-108.321947227089,"OCF_SALES":-312.866361714492,"TOTAL_PARENT_EQUITY":79451932000,"DEBT_ASSET_RATIO":92.2880771592,"OPERATE_PROFIT":591364000,"PRETAX_PROFIT":591364000,"NETCASH_OPERATE":-50893386000,"NETCASH_INVEST":64240430000,"NETCASH_FINANCE":-38993905000,"END_CASH":49207489000,"DIVI_RATIO":null,"DIVIDEND_RATE":null,"CURRENT_RATIO":null,"COMMON_ACS":null,"CURRENTDEBT_DEBT":null,"ISSUED_COMMON_SHARES":8796680200,"HK_COMMON_SHARES":2340742500,"PER_SHARES":500,"TOTAL_MARKET_CAP":11435684260,"HKSK_MARKET_CAP":3042965250,"PE_TTM":17.877380287091,"PB_TTM":0.131304873726,"REPORT_DATE_SQ":"2019-12-31 00:00:00","REPORT_TYPE_SQ":"2019年年报","OPERATE_INCOME_SQ":21007267000,"DPS_HKD":null,"OPERATE_INCOME_QOQ_SQ":5.067666178054,"NET_PROFIT_RATIO_SQ":25.8865705853,"HOLDER_PROFIT_SQ":5443224000,"HOLDER_PROFIT_QOQ_SQ":-0.015484746973,"ROE_AVG_SQ":8.063235204802,"PE_TTM_SQ":11.64295251944,"PB_TTM_SQ":0.104335231801,"ROA_SQ":0.542447231524,"START_DATE":"2020-01-01 00:00:00","FISCAL_YEAR":"12-31","CURRENCY":"HKD","IS_CNY_CODE":0,"DPS_HKD_LY":null,"ORG_TYPE":"银行","PREMIUM_INCOME":null,"PREMIUM_INCOME_YOY":null,"NET_INTEREST_INCOME":14558361000,"NET_INTEREST_INCOME_YOY":-10.957230683189,"FEE_COMMISSION_INCOME":688878000,"FEE_COMMISSION_INCOME_YOY":null,"ACCOUNTS_RECE_TDAYS":null,"INVENTORY_TDAYS":null,"CURRENT_ASSETS_TDAYS":null,"TOTAL_ASSETS_TDAYS":0.015797323105,"PREMIUM_EXPENSE":null,"LOAN_DEPOSIT":77.296417616982,"LOAN_EQUITY":6.734048134917,"LOAN_ASSETS":51.932459622959,"DEPOSIT_EQUITY":8.71197960077,"DEPOSIT_ASSETS":67.186114472076,"EQUITY_MULTIPLIER":12.966934714511,"EQUITY_RATIO":12.056495064211},{"SECUCODE":"02066.HK","SECURITY_CODE":"02066","SECURITY_NAME_ABBR":"盛京银行","ORG_CODE":"10061629","STD_REPORT_DATE":"2020-06-30 00:00:00","REPORT_DATE":"2020-06-30 00:00:00","DATE_TYPE_CODE":"002","REPORT_TYPE":"2020年中报","PER_NETCASH_OPERATE":-2.16679719697,"PER_OI":1.118459666182,"BPS":9.143981953556,"BASIC_EPS":0.32,"DILUTED_EPS":0.32,"OPERATE_INCOME":9838732000,"OPERATE_INCOME_YOY":-2.9479416295,"GROSS_PROFIT":null,"GROSS_PROFIT_YOY":null,"HOLDER_PROFIT":2829393000,"HOLDER_PROFIT_YOY":-10.3504402167,"GROSS_PROFIT_RATIO":null,"EPS_TTM":0.581646471586,"OPERATE_INCOME_QOQ":-1.422602949732,"NET_PROFIT_RATIO":28.9238186384,"ROE_AVG":3.55915912538,"GROSS_PROFIT_QOQ":null,"ROA":0.272074013392,"HOLDER_PROFIT_QOQ":-6.001333033511,"ROE_YEARLY":7.118318250761,"ROIC_YEARLY":0.591984746063,"TOTAL_ASSETS":1058389284000,"TOTAL_LIABILITIES":977369802000,"TAX_EBT":12.523296744035,"OCF_SALES":-193.730472585288,"TOTAL_PARENT_EQUITY":80436685000,"DEBT_ASSET_RATIO":92.3450205681,"OPERATE_PROFIT":3253137000,"PRETAX_PROFIT":3253137000,"NETCASH_OPERATE":-19060622000,"NETCASH_INVEST":-15112040000,"NETCASH_FINANCE":-8001517000,"END_CASH":33300511000,"DIVI_RATIO":null,"DIVIDEND_RATE":null,"CURRENT_RATIO":null,"COMMON_ACS":null,"CURRENTDEBT_DEBT":null,"ISSUED_COMMON_SHARES":8796680200,"HK_COMMON_SHARES":2340742500,"PER_SHARES":500,"TOTAL_MARKET_CAP":11435684260,"HKSK_MARKET_CAP":3042965250,"PE_TTM":17.877380287091,"PB_TTM":0.131304873726,"REPORT_DATE_SQ":"2019-06-30 00:00:00","REPORT_TYPE_SQ":"2019年中报","OPERATE_INCOME_SQ":10137582000,"DPS_HKD":null,"OPERATE_INCOME_QOQ_SQ":25.86370459639,"NET_PROFIT_RATIO_SQ":31.0151967205,"HOLDER_PROFIT_SQ":3156059000,"HOLDER_PROFIT_QOQ_SQ":6.148711266385,"ROE_AVG_SQ":5.50476360709,"PE_TTM_SQ":11.64295251944,"PB_TTM_SQ":0.104335231801,"ROA_SQ":0.312652265915,"START_DATE":"2020-01-01 00:00:00","FISCAL_YEAR":"12-31","CURRENCY":"HKD","IS_CNY_CODE":0,"DPS_HKD_LY":null,"ORG_TYPE":"银行","PREMIUM_INCOME":null,"PREMIUM_INCOME_YOY":null,"NET_INTEREST_INCOME":7483342000,"NET_INTEREST_INCOME_YOY":8.893197723868,"FEE_COMMISSION_INCOME":580900000,"FEE_COMMISSION_INCOME_YOY":null,"ACCOUNTS_RECE_TDAYS":null,"INVENTORY_TDAYS":null,"CURRENT_ASSETS_TDAYS":null,"TOTAL_ASSETS_TDAYS":0.009460910174,"PREMIUM_EXPENSE":null,"LOAN_DEPOSIT":77.440124005973,"LOAN_EQUITY":6.26597443563,"LOAN_ASSETS":47.965905425777,"DEPOSIT_EQUITY":8.091379651131,"DEPOSIT_ASSETS":61.939344805384,"EQUITY_MULTIPLIER":13.063392382647,"EQUITY_RATIO":12.150796642104}],"count":25},"success":true,"message":"ok","code":0}