{"version":"6a5bbb1f2b830912f2e5e4d41a168999","result":{"pages":2,"data":[{"SECUCODE":"02060.HK","SECURITY_CODE":"02060","SECURITY_NAME_ABBR":"浦江国际","ORG_CODE":"10997884","STD_REPORT_DATE":"2023-06-30 00:00:00","REPORT_DATE":"2023-06-30 00:00:00","DATE_TYPE_CODE":"002","REPORT_TYPE":"2023年中报","PER_NETCASH_OPERATE":-0.298609188013,"PER_OI":1.112681732766,"BPS":2.801970626051,"BASIC_EPS":0.0513,"DILUTED_EPS":0.0513,"OPERATE_INCOME":900026000,"OPERATE_INCOME_YOY":-12.4714811148,"GROSS_PROFIT":225342000,"GROSS_PROFIT_YOY":-2.115016224246,"HOLDER_PROFIT":41491000,"HOLDER_PROFIT_YOY":-41.4894517148,"GROSS_PROFIT_RATIO":25.037276700895,"EPS_TTM":0.175406735239,"OPERATE_INCOME_QOQ":-5.959753077355,"NET_PROFIT_RATIO":4.8611928989,"ROE_AVG":1.848198784601,"GROSS_PROFIT_QOQ":-0.859400096724,"ROA":0.728793289502,"HOLDER_PROFIT_QOQ":-17.174730304021,"ROE_YEARLY":3.696397569203,"ROIC_YEARLY":1.602814612148,"TOTAL_ASSETS":5790567000,"TOTAL_LIABILITIES":3414658000,"TAX_EBT":18.788283773249,"OCF_SALES":-26.836891378694,"TOTAL_PARENT_EQUITY":2266458000,"DEBT_ASSET_RATIO":58.9693202755,"OPERATE_PROFIT":138009000,"PRETAX_PROFIT":53874000,"NETCASH_OPERATE":-241539000,"NETCASH_INVEST":-10638000,"NETCASH_FINANCE":-47639000,"END_CASH":260915000,"DIVI_RATIO":null,"DIVIDEND_RATE":null,"CURRENT_RATIO":1.560749055739,"COMMON_ACS":10000000000,"CURRENTDEBT_DEBT":97.904065355886,"ISSUED_COMMON_SHARES":808880000,"HK_COMMON_SHARES":808880000,"PER_SHARES":1000,"TOTAL_MARKET_CAP":156113840,"HKSK_MARKET_CAP":156113840,"PE_TTM":1.014686361771,"PB_TTM":0.063506069031,"REPORT_DATE_SQ":"2022-06-30 00:00:00","REPORT_TYPE_SQ":"2022年中报","OPERATE_INCOME_SQ":1028266000,"DPS_HKD":null,"OPERATE_INCOME_QOQ_SQ":3.529300461029,"NET_PROFIT_RATIO_SQ":7.3629780621,"HOLDER_PROFIT_SQ":70912000,"HOLDER_PROFIT_QOQ_SQ":-4.163069404001,"ROE_AVG_SQ":3.365708756932,"PE_TTM_SQ":1.119835207551,"PB_TTM_SQ":0.070087008827,"ROA_SQ":1.280020910089,"START_DATE":"2023-01-01 00:00:00","FISCAL_YEAR":"12-31","CURRENCY":"HKD","IS_CNY_CODE":0,"DPS_HKD_LY":null,"ORG_TYPE":"一般企业","PREMIUM_INCOME":null,"PREMIUM_INCOME_YOY":null,"NET_INTEREST_INCOME":null,"NET_INTEREST_INCOME_YOY":null,"FEE_COMMISSION_INCOME":null,"FEE_COMMISSION_INCOME_YOY":null,"ACCOUNTS_RECE_TDAYS":0.538960315702,"INVENTORY_TDAYS":1.205985921787,"CURRENT_ASSETS_TDAYS":0.176812566217,"TOTAL_ASSETS_TDAYS":0.15809040736,"PREMIUM_EXPENSE":null,"LOAN_DEPOSIT":null,"LOAN_EQUITY":null,"LOAN_ASSETS":null,"DEPOSIT_EQUITY":null,"DEPOSIT_ASSETS":null,"EQUITY_MULTIPLIER":2.437200667195,"EQUITY_RATIO":1.506605461032},{"SECUCODE":"02060.HK","SECURITY_CODE":"02060","SECURITY_NAME_ABBR":"浦江国际","ORG_CODE":"10997884","STD_REPORT_DATE":"2022-12-31 00:00:00","REPORT_DATE":"2022-12-31 00:00:00","DATE_TYPE_CODE":"001","REPORT_TYPE":"2022年年报","PER_NETCASH_OPERATE":0.46652216156,"PER_OI":2.653082940013,"BPS":2.74877237662,"BASIC_EPS":0.2112,"DILUTED_EPS":0.2112,"OPERATE_INCOME":2151767000,"OPERATE_INCOME_YOY":-0.2085088878,"GROSS_PROFIT":566558000,"GROSS_PROFIT_YOY":-1.202193034465,"HOLDER_PROFIT":171304000,"HOLDER_PROFIT_YOY":-16.4440022047,"GROSS_PROFIT_RATIO":26.329895383655,"EPS_TTM":0.211214188133,"OPERATE_INCOME_QOQ":-3.610387911649,"NET_PROFIT_RATIO":8.4483124799,"ROE_AVG":7.974769962587,"GROSS_PROFIT_QOQ":4.546813355526,"ROA":3.138443245749,"HOLDER_PROFIT_QOQ":-12.814405390825,"ROE_YEARLY":7.974769962587,"ROIC_YEARLY":3.501181391196,"TOTAL_ASSETS":5595652000,"TOTAL_LIABILITIES":3265035000,"TAX_EBT":16.858146427134,"OCF_SALES":17.584152931056,"TOTAL_PARENT_EQUITY":2223427000,"DEBT_ASSET_RATIO":58.349500648,"OPERATE_PROFIT":374326000,"PRETAX_PROFIT":218648000,"NETCASH_OPERATE":378370000,"NETCASH_INVEST":-195881000,"NETCASH_FINANCE":-3841000,"END_CASH":554128000,"DIVI_RATIO":null,"DIVIDEND_RATE":null,"CURRENT_RATIO":1.565890648595,"COMMON_ACS":10000000000,"CURRENTDEBT_DEBT":97.069158523569,"ISSUED_COMMON_SHARES":808880000,"HK_COMMON_SHARES":808880000,"PER_SHARES":1000,"TOTAL_MARKET_CAP":156113840,"HKSK_MARKET_CAP":156113840,"PE_TTM":1.014686361771,"PB_TTM":0.063506069031,"REPORT_DATE_SQ":"2021-12-31 00:00:00","REPORT_TYPE_SQ":"2021年年报","OPERATE_INCOME_SQ":2156263000,"DPS_HKD":null,"OPERATE_INCOME_QOQ_SQ":1.681213574767,"NET_PROFIT_RATIO_SQ":9.9957194461,"HOLDER_PROFIT_SQ":205017000,"HOLDER_PROFIT_QOQ_SQ":23.839179467354,"ROE_AVG_SQ":10.686102989333,"PE_TTM_SQ":1.78753037825,"PB_TTM_SQ":0.111875976531,"ROA_SQ":4.134877390379,"START_DATE":"2022-01-01 00:00:00","FISCAL_YEAR":"12-31","CURRENCY":"HKD","IS_CNY_CODE":0,"DPS_HKD_LY":null,"ORG_TYPE":"一般企业","PREMIUM_INCOME":null,"PREMIUM_INCOME_YOY":null,"NET_INTEREST_INCOME":null,"NET_INTEREST_INCOME_YOY":null,"FEE_COMMISSION_INCOME":null,"FEE_COMMISSION_INCOME_YOY":null,"ACCOUNTS_RECE_TDAYS":1.500031718789,"INVENTORY_TDAYS":2.721902848607,"CURRENT_ASSETS_TDAYS":0.442408773636,"TOTAL_ASSETS_TDAYS":0.394223054195,"PREMIUM_EXPENSE":null,"LOAN_DEPOSIT":null,"LOAN_EQUITY":null,"LOAN_ASSETS":null,"DEPOSIT_EQUITY":null,"DEPOSIT_ASSETS":null,"EQUITY_MULTIPLIER":2.4009315988,"EQUITY_RATIO":1.468469619196},{"SECUCODE":"02060.HK","SECURITY_CODE":"02060","SECURITY_NAME_ABBR":"浦江国际","ORG_CODE":"10997884","STD_REPORT_DATE":"2022-06-30 00:00:00","REPORT_DATE":"2022-06-30 00:00:00","DATE_TYPE_CODE":"002","REPORT_TYPE":"2022年中报","PER_NETCASH_OPERATE":0.240422221236,"PER_OI":1.267830105395,"BPS":2.646957521511,"BASIC_EPS":0.0874,"DILUTED_EPS":0.0872,"OPERATE_INCOME":1028266000,"OPERATE_INCOME_YOY":7.9924172806,"GROSS_PROFIT":230211000,"GROSS_PROFIT_YOY":-12.047603583641,"HOLDER_PROFIT":70912000,"HOLDER_PROFIT_YOY":-10.743011064,"GROSS_PROFIT_RATIO":22.38827307331,"EPS_TTM":0.242258126563,"OPERATE_INCOME_QOQ":3.529300461029,"NET_PROFIT_RATIO":7.3629780621,"ROE_AVG":3.365708756932,"GROSS_PROFIT_QOQ":-5.498978118482,"ROA":1.280020910089,"HOLDER_PROFIT_QOQ":-4.163069404001,"ROE_YEARLY":6.731417513865,"ROIC_YEARLY":2.791670341022,"TOTAL_ASSETS":5758976000,"TOTAL_LIABILITIES":3516400000,"TAX_EBT":8.362381989833,"OCF_SALES":18.963283819556,"TOTAL_PARENT_EQUITY":2141071000,"DEBT_ASSET_RATIO":61.0594661273,"OPERATE_PROFIT":167129000,"PRETAX_PROFIT":82620000,"NETCASH_OPERATE":194993000,"NETCASH_INVEST":-131343000,"NETCASH_FINANCE":-89131000,"END_CASH":348122000,"DIVI_RATIO":null,"DIVIDEND_RATE":null,"CURRENT_RATIO":1.55916818794,"COMMON_ACS":10000000000,"CURRENTDEBT_DEBT":91.941701740416,"ISSUED_COMMON_SHARES":808880000,"HK_COMMON_SHARES":808880000,"PER_SHARES":1000,"TOTAL_MARKET_CAP":156113840,"HKSK_MARKET_CAP":156113840,"PE_TTM":1.014686361771,"PB_TTM":0.063506069031,"REPORT_DATE_SQ":"2021-06-30 00:00:00","REPORT_TYPE_SQ":"2021年中报","OPERATE_INCOME_SQ":952165000,"DPS_HKD":null,"OPERATE_INCOME_QOQ_SQ":8.911140762015,"NET_PROFIT_RATIO_SQ":10.2863474293,"HOLDER_PROFIT_SQ":79447000,"HOLDER_PROFIT_QOQ_SQ":9.477645004927,"ROE_AVG_SQ":4.468795157207,"PE_TTM_SQ":1.78753037825,"PB_TTM_SQ":0.111875976531,"ROA_SQ":1.697775562905,"START_DATE":"2022-01-01 00:00:00","FISCAL_YEAR":"12-31","CURRENCY":"HKD","IS_CNY_CODE":0,"DPS_HKD_LY":null,"ORG_TYPE":"一般企业","PREMIUM_INCOME":null,"PREMIUM_INCOME_YOY":null,"NET_INTEREST_INCOME":null,"NET_INTEREST_INCOME_YOY":null,"FEE_COMMISSION_INCOME":null,"FEE_COMMISSION_INCOME_YOY":null,"ACCOUNTS_RECE_TDAYS":0.687844753196,"INVENTORY_TDAYS":1.261348190296,"CURRENT_ASSETS_TDAYS":0.209732219008,"TOTAL_ASSETS_TDAYS":0.185610613314,"PREMIUM_EXPENSE":null,"LOAN_DEPOSIT":null,"LOAN_EQUITY":null,"LOAN_ASSETS":null,"DEPOSIT_EQUITY":null,"DEPOSIT_ASSETS":null,"EQUITY_MULTIPLIER":2.568018207632,"EQUITY_RATIO":1.642355624825},{"SECUCODE":"02060.HK","SECURITY_CODE":"02060","SECURITY_NAME_ABBR":"浦江国际","ORG_CODE":"10997884","STD_REPORT_DATE":"2021-12-31 00:00:00","REPORT_DATE":"2021-12-31 00:00:00","DATE_TYPE_CODE":"001","REPORT_TYPE":"2021年年报","PER_NETCASH_OPERATE":-0.804228870444,"PER_OI":2.658626412377,"BPS":2.562459202848,"BASIC_EPS":0.2528,"DILUTED_EPS":0.2519,"OPERATE_INCOME":2156263000,"OPERATE_INCOME_YOY":10.7421696449,"GROSS_PROFIT":573452000,"GROSS_PROFIT_YOY":10.738796775851,"HOLDER_PROFIT":205017000,"HOLDER_PROFIT_YOY":35.5762172743,"GROSS_PROFIT_RATIO":26.594715023167,"EPS_TTM":0.252781600012,"OPERATE_INCOME_QOQ":1.681213574767,"NET_PROFIT_RATIO":9.9957194461,"ROE_AVG":10.686102989333,"GROSS_PROFIT_QOQ":0.668134244777,"ROA":4.134877390379,"HOLDER_PROFIT_QOQ":23.839179467354,"ROE_YEARLY":10.686102989333,"ROIC_YEARLY":4.978668175847,"TOTAL_ASSETS":5320843000,"TOTAL_LIABILITIES":3151415000,"TAX_EBT":15.07856456163,"OCF_SALES":-30.249788638956,"TOTAL_PARENT_EQUITY":2072722000,"DEBT_ASSET_RATIO":59.2277389128,"OPERATE_PROFIT":370351000,"PRETAX_PROFIT":253804000,"NETCASH_OPERATE":-652265000,"NETCASH_INVEST":-62246000,"NETCASH_FINANCE":219732000,"END_CASH":372974000,"DIVI_RATIO":null,"DIVIDEND_RATE":null,"CURRENT_RATIO":1.566985216348,"COMMON_ACS":10000000000,"CURRENTDEBT_DEBT":97.754691146675,"ISSUED_COMMON_SHARES":808880000,"HK_COMMON_SHARES":808880000,"PER_SHARES":1000,"TOTAL_MARKET_CAP":156113840,"HKSK_MARKET_CAP":156113840,"PE_TTM":1.014686361771,"PB_TTM":0.063506069031,"REPORT_DATE_SQ":"2020-12-31 00:00:00","REPORT_TYPE_SQ":"2020年年报","OPERATE_INCOME_SQ":1947102000,"DPS_HKD":null,"OPERATE_INCOME_QOQ_SQ":6.103260801449,"NET_PROFIT_RATIO_SQ":9.6230192358,"HOLDER_PROFIT_SQ":151219000,"HOLDER_PROFIT_QOQ_SQ":15.475781387215,"ROE_AVG_SQ":8.928138108972,"PE_TTM_SQ":1.78753037825,"PB_TTM_SQ":0.111875976531,"ROA_SQ":3.634666273441,"START_DATE":"2021-01-01 00:00:00","FISCAL_YEAR":"12-31","CURRENCY":"HKD","IS_CNY_CODE":0,"DPS_HKD_LY":0.05,"ORG_TYPE":"一般企业","PREMIUM_INCOME":null,"PREMIUM_INCOME_YOY":null,"NET_INTEREST_INCOME":null,"NET_INTEREST_INCOME_YOY":null,"FEE_COMMISSION_INCOME":null,"FEE_COMMISSION_INCOME_YOY":null,"ACCOUNTS_RECE_TDAYS":1.865325399458,"INVENTORY_TDAYS":3.003729966021,"CURRENT_ASSETS_TDAYS":0.489066190301,"TOTAL_ASSETS_TDAYS":0.434885064478,"PREMIUM_EXPENSE":null,"LOAN_DEPOSIT":null,"LOAN_EQUITY":null,"LOAN_ASSETS":null,"DEPOSIT_EQUITY":null,"DEPOSIT_ASSETS":null,"EQUITY_MULTIPLIER":2.452647886908,"EQUITY_RATIO":1.520423385288},{"SECUCODE":"02060.HK","SECURITY_CODE":"02060","SECURITY_NAME_ABBR":"浦江国际","ORG_CODE":"10997884","STD_REPORT_DATE":"2021-06-30 00:00:00","REPORT_DATE":"2021-06-30 00:00:00","DATE_TYPE_CODE":"002","REPORT_TYPE":"2021年中报","PER_NETCASH_OPERATE":-0.661313073027,"PER_OI":1.173999191166,"BPS":2.214517604589,"BASIC_EPS":0.098,"DILUTED_EPS":0.0978,"OPERATE_INCOME":952165000,"OPERATE_INCOME_YOY":22.2831391526,"GROSS_PROFIT":261745000,"GROSS_PROFIT_YOY":24.675504070191,"HOLDER_PROFIT":79447000,"HOLDER_PROFIT_YOY":22.0102894878,"GROSS_PROFIT_RATIO":27.489458234655,"EPS_TTM":0.204120861507,"OPERATE_INCOME_QOQ":8.911140762015,"NET_PROFIT_RATIO":10.2863474293,"ROE_AVG":4.468795157207,"GROSS_PROFIT_QOQ":10.003823560082,"ROA":1.697775562905,"HOLDER_PROFIT_QOQ":9.477645004927,"ROE_YEARLY":8.937590314414,"ROIC_YEARLY":4.231144798225,"TOTAL_ASSETS":4763322000,"TOTAL_LIABILITIES":2633580000,"TAX_EBT":19.125552206763,"OCF_SALES":-56.329942814533,"TOTAL_PARENT_EQUITY":1791279000,"DEBT_ASSET_RATIO":55.2887249697,"OPERATE_PROFIT":173043000,"PRETAX_PROFIT":121105000,"NETCASH_OPERATE":-536354000,"NETCASH_INVEST":-20217000,"NETCASH_FINANCE":-25464000,"END_CASH":298827000,"DIVI_RATIO":null,"DIVIDEND_RATE":null,"CURRENT_RATIO":2.100190003031,"COMMON_ACS":10000000000,"CURRENTDEBT_DEBT":77.040188640558,"ISSUED_COMMON_SHARES":808880000,"HK_COMMON_SHARES":808880000,"PER_SHARES":1000,"TOTAL_MARKET_CAP":156113840,"HKSK_MARKET_CAP":156113840,"PE_TTM":1.014686361771,"PB_TTM":0.063506069031,"REPORT_DATE_SQ":"2020-06-30 00:00:00","REPORT_TYPE_SQ":"2020年中报","OPERATE_INCOME_SQ":778656000,"DPS_HKD":null,"OPERATE_INCOME_QOQ_SQ":1.251700079728,"NET_PROFIT_RATIO_SQ":10.624460609,"HOLDER_PROFIT_SQ":65115000,"HOLDER_PROFIT_QOQ_SQ":31.295681729314,"ROE_AVG_SQ":3.924424911887,"PE_TTM_SQ":1.78753037825,"PB_TTM_SQ":0.111875976531,"ROA_SQ":1.631827694633,"START_DATE":"2021-01-01 00:00:00","FISCAL_YEAR":"12-31","CURRENCY":"HKD","IS_CNY_CODE":0,"DPS_HKD_LY":0.05,"ORG_TYPE":"一般企业","PREMIUM_INCOME":null,"PREMIUM_INCOME_YOY":null,"NET_INTEREST_INCOME":null,"NET_INTEREST_INCOME_YOY":null,"FEE_COMMISSION_INCOME":null,"FEE_COMMISSION_INCOME_YOY":null,"ACCOUNTS_RECE_TDAYS":0.969582581494,"INVENTORY_TDAYS":1.130530395633,"CURRENT_ASSETS_TDAYS":0.229042127548,"TOTAL_ASSETS_TDAYS":0.203476842279,"PREMIUM_EXPENSE":null,"LOAN_DEPOSIT":null,"LOAN_EQUITY":null,"LOAN_ASSETS":null,"DEPOSIT_EQUITY":null,"DEPOSIT_ASSETS":null,"EQUITY_MULTIPLIER":2.236572317212,"EQUITY_RATIO":1.470223231557},{"SECUCODE":"02060.HK","SECURITY_CODE":"02060","SECURITY_NAME_ABBR":"浦江国际","ORG_CODE":"10997884","STD_REPORT_DATE":"2020-12-31 00:00:00","REPORT_DATE":"2020-12-31 00:00:00","DATE_TYPE_CODE":"001","REPORT_TYPE":"2020年年报","PER_NETCASH_OPERATE":0.136505541006,"PER_OI":2.400735348514,"BPS":2.181232073979,"BASIC_EPS":0.1865,"DILUTED_EPS":0.1861,"OPERATE_INCOME":1947102000,"OPERATE_INCOME_YOY":7.4313554015,"GROSS_PROFIT":517842000,"GROSS_PROFIT_YOY":13.537441514762,"HOLDER_PROFIT":151219000,"HOLDER_PROFIT_YOY":51.6147144046,"GROSS_PROFIT_RATIO":26.595525041831,"EPS_TTM":0.186449810368,"OPERATE_INCOME_QOQ":6.103260801449,"NET_PROFIT_RATIO":9.6230192358,"ROE_AVG":8.928138108972,"GROSS_PROFIT_QOQ":9.160012479236,"ROA":3.634666273441,"HOLDER_PROFIT_QOQ":15.475781387215,"ROE_YEARLY":8.928138108972,"ROIC_YEARLY":4.637266858656,"TOTAL_ASSETS":4595630000,"TOTAL_LIABILITIES":2512220000,"TAX_EBT":8.331702544031,"OCF_SALES":5.685988715537,"TOTAL_PARENT_EQUITY":1764355000,"DEBT_ASSET_RATIO":54.6654104008,"OPERATE_PROFIT":299564000,"PRETAX_PROFIT":204400000,"NETCASH_OPERATE":110712000,"NETCASH_INVEST":-120569000,"NETCASH_FINANCE":601079000,"END_CASH":891921000,"DIVI_RATIO":null,"DIVIDEND_RATE":null,"CURRENT_RATIO":2.128338907259,"COMMON_ACS":10000000000,"CURRENTDEBT_DEBT":75.805582313651,"ISSUED_COMMON_SHARES":808880000,"HK_COMMON_SHARES":808880000,"PER_SHARES":1000,"TOTAL_MARKET_CAP":156113840,"HKSK_MARKET_CAP":156113840,"PE_TTM":1.014686361771,"PB_TTM":0.063506069031,"REPORT_DATE_SQ":"2019-12-31 00:00:00","REPORT_TYPE_SQ":"2019年年报","OPERATE_INCOME_SQ":1812415000,"DPS_HKD":null,"OPERATE_INCOME_QOQ_SQ":19.077387835338,"NET_PROFIT_RATIO_SQ":7.4127614261,"HOLDER_PROFIT_SQ":99739000,"HOLDER_PROFIT_QOQ_SQ":-10.868535580558,"ROE_AVG_SQ":7.604028482991,"PE_TTM_SQ":1.78753037825,"PB_TTM_SQ":0.111875976531,"ROA_SQ":3.193168459093,"START_DATE":"2020-01-01 00:00:00","FISCAL_YEAR":"12-31","CURRENCY":"HKD","IS_CNY_CODE":0,"DPS_HKD_LY":null,"ORG_TYPE":"一般企业","PREMIUM_INCOME":null,"PREMIUM_INCOME_YOY":null,"NET_INTEREST_INCOME":null,"NET_INTEREST_INCOME_YOY":null,"FEE_COMMISSION_INCOME":null,"FEE_COMMISSION_INCOME_YOY":null,"ACCOUNTS_RECE_TDAYS":1.795021496261,"INVENTORY_TDAYS":3.806964225308,"CURRENT_ASSETS_TDAYS":0.525451062748,"TOTAL_ASSETS_TDAYS":0.468001109011,"PREMIUM_EXPENSE":null,"LOAN_DEPOSIT":null,"LOAN_EQUITY":null,"LOAN_ASSETS":null,"DEPOSIT_EQUITY":null,"DEPOSIT_ASSETS":null,"EQUITY_MULTIPLIER":2.205821225781,"EQUITY_RATIO":1.423874447036},{"SECUCODE":"02060.HK","SECURITY_CODE":"02060","SECURITY_NAME_ABBR":"浦江国际","ORG_CODE":"10997884","STD_REPORT_DATE":"2020-06-30 00:00:00","REPORT_DATE":"2020-06-30 00:00:00","DATE_TYPE_CODE":"002","REPORT_TYPE":"2020年中报","PER_NETCASH_OPERATE":0.029304205444,"PER_OI":0.960066284936,"BPS":2.095901740678,"BASIC_EPS":0.0803,"DILUTED_EPS":0.0798,"OPERATE_INCOME":778656000,"OPERATE_INCOME_YOY":3.0009127346,"GROSS_PROFIT":209941000,"GROSS_PROFIT_YOY":9.543388763951,"HOLDER_PROFIT":65115000,"HOLDER_PROFIT_YOY":92.0739801186,"GROSS_PROFIT_RATIO":26.961970369457,"EPS_TTM":0.161462263453,"OPERATE_INCOME_QOQ":1.251700079728,"NET_PROFIT_RATIO":10.624460609,"ROE_AVG":3.924424911887,"GROSS_PROFIT_QOQ":4.010103091879,"ROA":1.631827694633,"HOLDER_PROFIT_QOQ":31.295681729314,"ROE_YEARLY":7.848849823773,"ROIC_YEARLY":4.037810875859,"TOTAL_ASSETS":4255323000,"TOTAL_LIABILITIES":2263125000,"TAX_EBT":7.949083140466,"OCF_SALES":3.052310648091,"TOTAL_PARENT_EQUITY":1695333000,"DEBT_ASSET_RATIO":53.183389369,"OPERATE_PROFIT":119598000,"PRETAX_PROFIT":89872000,"NETCASH_OPERATE":23767000,"NETCASH_INVEST":61772000,"NETCASH_FINANCE":246156000,"END_CASH":645181000,"DIVI_RATIO":null,"DIVIDEND_RATE":null,"CURRENT_RATIO":1.890906959656,"COMMON_ACS":10000000000,"CURRENTDEBT_DEBT":91.223993371997,"ISSUED_COMMON_SHARES":808880000,"HK_COMMON_SHARES":808880000,"PER_SHARES":1000,"TOTAL_MARKET_CAP":156113840,"HKSK_MARKET_CAP":156113840,"PE_TTM":1.014686361771,"PB_TTM":0.063506069031,"REPORT_DATE_SQ":"2019-06-30 00:00:00","REPORT_TYPE_SQ":"2019年中报","OPERATE_INCOME_SQ":755970000,"DPS_HKD":null,"OPERATE_INCOME_QOQ_SQ":10.027433701887,"NET_PROFIT_RATIO_SQ":6.6863764435,"HOLDER_PROFIT_SQ":33901000,"HOLDER_PROFIT_QOQ_SQ":-3.409551924455,"ROE_AVG_SQ":2.67109893175,"PE_TTM_SQ":1.78753037825,"PB_TTM_SQ":0.111875976531,"ROA_SQ":1.142934010488,"START_DATE":"2020-01-01 00:00:00","FISCAL_YEAR":"12-31","CURRENCY":"HKD","IS_CNY_CODE":0,"DPS_HKD_LY":null,"ORG_TYPE":"一般企业","PREMIUM_INCOME":null,"PREMIUM_INCOME_YOY":null,"NET_INTEREST_INCOME":null,"NET_INTEREST_INCOME_YOY":null,"FEE_COMMISSION_INCOME":null,"FEE_COMMISSION_INCOME_YOY":null,"ACCOUNTS_RECE_TDAYS":0.712609237995,"INVENTORY_TDAYS":1.245784607836,"CURRENT_ASSETS_TDAYS":0.214454062113,"TOTAL_ASSETS_TDAYS":0.195136669798,"PREMIUM_EXPENSE":null,"LOAN_DEPOSIT":null,"LOAN_EQUITY":null,"LOAN_ASSETS":null,"DEPOSIT_EQUITY":null,"DEPOSIT_ASSETS":null,"EQUITY_MULTIPLIER":2.135994012642,"EQUITY_RATIO":1.334914733566},{"SECUCODE":"02060.HK","SECURITY_CODE":"02060","SECURITY_NAME_ABBR":"浦江国际","ORG_CODE":"10997884","STD_REPORT_DATE":"2019-12-31 00:00:00","REPORT_DATE":"2019-12-31 00:00:00","DATE_TYPE_CODE":"001","REPORT_TYPE":"2019年年报","PER_NETCASH_OPERATE":-0.226152958409,"PER_OI":2.234669142488,"BPS":2.006620265058,"BASIC_EPS":0.139,"DILUTED_EPS":0.1376,"OPERATE_INCOME":1812415000,"OPERATE_INCOME_YOY":31.0177939545,"GROSS_PROFIT":456098000,"GROSS_PROFIT_YOY":39.692680879997,"HOLDER_PROFIT":99739000,"HOLDER_PROFIT_YOY":-13.907519141,"GROSS_PROFIT_RATIO":25.165207747674,"EPS_TTM":0.122976065417,"OPERATE_INCOME_QOQ":19.077387835338,"NET_PROFIT_RATIO":7.4127614261,"ROE_AVG":7.604028482991,"GROSS_PROFIT_QOQ":15.506447724303,"ROA":3.193168459093,"HOLDER_PROFIT_QOQ":-10.868535580558,"ROE_YEARLY":7.604028482991,"ROIC_YEARLY":3.726810888047,"TOTAL_ASSETS":3725299000,"TOTAL_LIABILITIES":1821771000,"TAX_EBT":20.510484214512,"OCF_SALES":-10.120198740355,"TOTAL_PARENT_EQUITY":1623115000,"DEBT_ASSET_RATIO":48.9026786843,"OPERATE_PROFIT":236543000,"PRETAX_PROFIT":169016000,"NETCASH_OPERATE":-183420000,"NETCASH_INVEST":-175495000,"NETCASH_FINANCE":601080000,"END_CASH":307638000,"DIVI_RATIO":null,"DIVIDEND_RATE":null,"CURRENT_RATIO":1.889078787258,"COMMON_ACS":10000000000,"CURRENTDEBT_DEBT":97.573130761221,"ISSUED_COMMON_SHARES":808880000,"HK_COMMON_SHARES":808880000,"PER_SHARES":1000,"TOTAL_MARKET_CAP":156113840,"HKSK_MARKET_CAP":156113840,"PE_TTM":1.014686361771,"PB_TTM":0.063506069031,"REPORT_DATE_SQ":"2018-12-31 00:00:00","REPORT_TYPE_SQ":"2018年年报","OPERATE_INCOME_SQ":1383335000,"DPS_HKD":null,"OPERATE_INCOME_QOQ_SQ":-4.248058602886,"NET_PROFIT_RATIO_SQ":10.7420111542,"HOLDER_PROFIT_SQ":115851000,"HOLDER_PROFIT_QOQ_SQ":21.052631578947,"ROE_AVG_SQ":12.294674865168,"PE_TTM_SQ":1.78753037825,"PB_TTM_SQ":0.111875976531,"ROA_SQ":5.215675434268,"START_DATE":"2019-01-01 00:00:00","FISCAL_YEAR":"12-31","CURRENCY":"HKD","IS_CNY_CODE":0,"DPS_HKD_LY":null,"ORG_TYPE":"一般企业","PREMIUM_INCOME":null,"PREMIUM_INCOME_YOY":null,"NET_INTEREST_INCOME":null,"NET_INTEREST_INCOME_YOY":null,"FEE_COMMISSION_INCOME":null,"FEE_COMMISSION_INCOME_YOY":null,"ACCOUNTS_RECE_TDAYS":1.823945986527,"INVENTORY_TDAYS":5.693297037953,"CURRENT_ASSETS_TDAYS":0.632068381672,"TOTAL_ASSETS_TDAYS":0.580249091407,"PREMIUM_EXPENSE":null,"LOAN_DEPOSIT":null,"LOAN_EQUITY":null,"LOAN_ASSETS":null,"DEPOSIT_EQUITY":null,"DEPOSIT_ASSETS":null,"EQUITY_MULTIPLIER":1.957049751829,"EQUITY_RATIO":1.122391820666},{"SECUCODE":"02060.HK","SECURITY_CODE":"02060","SECURITY_NAME_ABBR":"浦江国际","ORG_CODE":"10997884","STD_REPORT_DATE":"2019-06-30 00:00:00","REPORT_DATE":"2019-06-30 00:00:00","DATE_TYPE_CODE":"002","REPORT_TYPE":"2019年中报","PER_NETCASH_OPERATE":-0.093390740823,"PER_OI":0.932094929498,"BPS":1.901581198694,"BASIC_EPS":0.0535,"DILUTED_EPS":0.0534,"OPERATE_INCOME":755970000,"OPERATE_INCOME_YOY":22.4724871488,"GROSS_PROFIT":191651000,"GROSS_PROFIT_YOY":55.454884656565,"HOLDER_PROFIT":33901000,"HOLDER_PROFIT_YOY":-10.4356555969,"GROSS_PROFIT_RATIO":25.351667394209,"EPS_TTM":0.137971552715,"OPERATE_INCOME_QOQ":10.027433701887,"NET_PROFIT_RATIO":6.6863764435,"ROE_AVG":2.67109893175,"GROSS_PROFIT_QOQ":20.939292682105,"ROA":1.142934010488,"HOLDER_PROFIT_QOQ":-3.409551924455,"ROE_YEARLY":5.342197863499,"ROIC_YEARLY":2.790648475303,"TOTAL_ASSETS":3410551000,"TOTAL_LIABILITIES":1610697000,"TAX_EBT":18.13853304614,"OCF_SALES":-10.01944521608,"TOTAL_PARENT_EQUITY":1538151000,"DEBT_ASSET_RATIO":47.22688504,"OPERATE_PROFIT":121428000,"PRETAX_PROFIT":61747000,"NETCASH_OPERATE":-75744000,"NETCASH_INVEST":-60678000,"NETCASH_FINANCE":579914000,"END_CASH":504883000,"DIVI_RATIO":null,"DIVIDEND_RATE":null,"CURRENT_RATIO":2.032452401321,"COMMON_ACS":10000000000,"CURRENTDEBT_DEBT":99.860371007086,"ISSUED_COMMON_SHARES":808880000,"HK_COMMON_SHARES":808880000,"PER_SHARES":1000,"TOTAL_MARKET_CAP":156113840,"HKSK_MARKET_CAP":156113840,"PE_TTM":1.014686361771,"PB_TTM":0.063506069031,"REPORT_DATE_SQ":"2018-06-30 00:00:00","REPORT_TYPE_SQ":"2018年中报","OPERATE_INCOME_SQ":617257000,"DPS_HKD":null,"OPERATE_INCOME_QOQ_SQ":9.639119278922,"NET_PROFIT_RATIO_SQ":8.3174431396,"HOLDER_PROFIT_SQ":37851000,"HOLDER_PROFIT_QOQ_SQ":33.824146321,"ROE_AVG_SQ":4.190680328182,"PE_TTM_SQ":1.78753037825,"PB_TTM_SQ":0.111875976531,"ROA_SQ":1.821408077262,"START_DATE":"2019-01-01 00:00:00","FISCAL_YEAR":"12-31","CURRENCY":"HKD","IS_CNY_CODE":0,"DPS_HKD_LY":null,"ORG_TYPE":"一般企业","PREMIUM_INCOME":null,"PREMIUM_INCOME_YOY":null,"NET_INTEREST_INCOME":null,"NET_INTEREST_INCOME_YOY":null,"FEE_COMMISSION_INCOME":null,"FEE_COMMISSION_INCOME_YOY":null,"ACCOUNTS_RECE_TDAYS":0.920844994077,"INVENTORY_TDAYS":2.64948448768,"CURRENT_ASSETS_TDAYS":0.2677888741,"TOTAL_ASSETS_TDAYS":0.254866766145,"PREMIUM_EXPENSE":null,"LOAN_DEPOSIT":null,"LOAN_EQUITY":null,"LOAN_ASSETS":null,"DEPOSIT_EQUITY":null,"DEPOSIT_ASSETS":null,"EQUITY_MULTIPLIER":1.894904253346,"EQUITY_RATIO":1.047164420138}],"count":15},"success":true,"message":"ok","code":0}