{"version":"f039fd69023aff0626aa428e9120f399","result":{"pages":6,"data":[{"SECUCODE":"02068.HK","SECURITY_CODE":"02068","SECURITY_NAME_ABBR":"中铝国际","ORG_CODE":"10053139","STD_REPORT_DATE":"2024-09-30 00:00:00","REPORT_DATE":"2024-09-30 00:00:00","DATE_TYPE_CODE":"004","REPORT_TYPE":"2024年三季报","PER_NETCASH_OPERATE":-0.699436209239,"PER_OI":5.406250228255,"BPS":0.822476780506,"BASIC_EPS":0.0421,"DILUTED_EPS":0.0421,"OPERATE_INCOME":16142178000,"OPERATE_INCOME_YOY":7.3328713899,"GROSS_PROFIT":1382710000,"GROSS_PROFIT_YOY":-15.274188073153,"HOLDER_PROFIT":251218000,"HOLDER_PROFIT_YOY":132.8292127695,"GROSS_PROFIT_RATIO":8.565820547884,"EPS_TTM":-0.549768256934,"OPERATE_INCOME_QOQ":0.061458428093,"NET_PROFIT_RATIO":1.8404827403,"ROE_AVG":3.79573948195,"GROSS_PROFIT_QOQ":-11.878432800939,"ROA":0.608201159935,"HOLDER_PROFIT_QOQ":1.747575139985,"ROE_YEARLY":5.060985975934,"ROIC_YEARLY":0.680348260812,"TOTAL_ASSETS":41666365000,"TOTAL_LIABILITIES":35162467000,"TAX_EBT":23.842555209495,"OCF_SALES":-12.937547832765,"TOTAL_PARENT_EQUITY":6220301000,"DEBT_ASSET_RATIO":84.3905317875,"OPERATE_PROFIT":581633000,"PRETAX_PROFIT":390105000,"NETCASH_OPERATE":-2088402000,"NETCASH_INVEST":694000000,"NETCASH_FINANCE":1845521000,"END_CASH":3806017000,"DIVI_RATIO":null,"DIVIDEND_RATE":null,"CURRENT_RATIO":1.219005916142,"COMMON_ACS":null,"CURRENTDEBT_DEBT":77.267206535878,"ISSUED_COMMON_SHARES":2985836267,"HK_COMMON_SHARES":399476000,"PER_SHARES":1000,"TOTAL_MARKET_CAP":5702947269.97,"HKSK_MARKET_CAP":762999160,"PE_TTM":-3.132578701291,"PB_TTM":2.094185441856,"REPORT_DATE_SQ":"2023-09-30 00:00:00","REPORT_TYPE_SQ":"2023年三季报","OPERATE_INCOME_SQ":15039361000,"DPS_HKD":null,"OPERATE_INCOME_QOQ_SQ":-1.653253813034,"NET_PROFIT_RATIO_SQ":-4.9280950168,"HOLDER_PROFIT_SQ":-765227000,"HOLDER_PROFIT_QOQ_SQ":4.345163980812,"ROE_AVG_SQ":-11.139864323079,"PE_TTM_SQ":-5.232494589582,"PB_TTM_SQ":0.982101564718,"ROA_SQ":-1.708639476478,"START_DATE":"2024-01-01 00:00:00","FISCAL_YEAR":"12-31","CURRENCY":"HKD","IS_CNY_CODE":0,"DPS_HKD_LY":null,"ORG_TYPE":"一般企业","PREMIUM_INCOME":null,"PREMIUM_INCOME_YOY":null,"NET_INTEREST_INCOME":null,"NET_INTEREST_INCOME_YOY":null,"FEE_COMMISSION_INCOME":null,"FEE_COMMISSION_INCOME_YOY":null,"ACCOUNTS_RECE_TDAYS":0.995720890089,"INVENTORY_TDAYS":6.732813315759,"CURRENT_ASSETS_TDAYS":0.49489150186,"TOTAL_ASSETS_TDAYS":0.390803659908,"PREMIUM_EXPENSE":null,"LOAN_DEPOSIT":null,"LOAN_EQUITY":null,"LOAN_ASSETS":null,"DEPOSIT_EQUITY":null,"DEPOSIT_ASSETS":null,"EQUITY_MULTIPLIER":6.40636815032,"EQUITY_RATIO":5.652856188149},{"SECUCODE":"02068.HK","SECURITY_CODE":"02068","SECURITY_NAME_ABBR":"中铝国际","ORG_CODE":"10053139","STD_REPORT_DATE":"2024-06-30 00:00:00","REPORT_DATE":"2024-06-30 00:00:00","DATE_TYPE_CODE":"002","REPORT_TYPE":"2024年中报","PER_NETCASH_OPERATE":-0.687665817973,"PER_OI":3.61954535173,"BPS":0.79702595427,"BASIC_EPS":0.02,"DILUTED_EPS":null,"OPERATE_INCOME":10710476000,"OPERATE_INCOME_YOY":11.3117196574,"GROSS_PROFIT":1025526000,"GROSS_PROFIT_YOY":-1.82220264992,"HOLDER_PROFIT":155989000,"HOLDER_PROFIT_YOY":118.7653908108,"GROSS_PROFIT_RATIO":9.574980607771,"EPS_TTM":-0.564608772973,"OPERATE_INCOME_QOQ":1.778022627823,"NET_PROFIT_RATIO":1.8588716318,"ROE_AVG":2.370500565731,"GROSS_PROFIT_QOQ":-2.445694981929,"ROA":0.377408952259,"HOLDER_PROFIT_QOQ":34.661662927289,"ROE_YEARLY":4.741001131462,"ROIC_YEARLY":0.842028850186,"TOTAL_ASSETS":41719313000,"TOTAL_LIABILITIES":35290408000,"TAX_EBT":26.078594448487,"OCF_SALES":-18.998679423772,"TOTAL_PARENT_EQUITY":6144309000,"DEBT_ASSET_RATIO":84.5900985953,"OPERATE_PROFIT":374317000,"PRETAX_PROFIT":269332000,"NETCASH_OPERATE":-2034849000,"NETCASH_INVEST":702903000,"NETCASH_FINANCE":1269801000,"END_CASH":3295538000,"DIVI_RATIO":null,"DIVIDEND_RATE":null,"CURRENT_RATIO":1.189249457488,"COMMON_ACS":null,"CURRENTDEBT_DEBT":78.60470471183,"ISSUED_COMMON_SHARES":2985836267,"HK_COMMON_SHARES":399476000,"PER_SHARES":1000,"TOTAL_MARKET_CAP":6120964347.35,"HKSK_MARKET_CAP":818925800,"PE_TTM":-3.362191799815,"PB_TTM":2.247685945447,"REPORT_DATE_SQ":"2023-06-30 00:00:00","REPORT_TYPE_SQ":"2023年中报","OPERATE_INCOME_SQ":9622056000,"DPS_HKD":null,"OPERATE_INCOME_QOQ_SQ":-1.648654835518,"NET_PROFIT_RATIO_SQ":-8.471973538,"HOLDER_PROFIT_SQ":-831259000,"HOLDER_PROFIT_QOQ_SQ":-1738.60146152009,"ROE_AVG_SQ":-11.730440163726,"PE_TTM_SQ":-4.89491429348,"PB_TTM_SQ":0.918740173446,"ROA_SQ":-1.861548629081,"START_DATE":"2024-01-01 00:00:00","FISCAL_YEAR":"12-31","CURRENCY":"HKD","IS_CNY_CODE":0,"DPS_HKD_LY":null,"ORG_TYPE":"一般企业","PREMIUM_INCOME":null,"PREMIUM_INCOME_YOY":null,"NET_INTEREST_INCOME":null,"NET_INTEREST_INCOME_YOY":null,"FEE_COMMISSION_INCOME":null,"FEE_COMMISSION_INCOME_YOY":null,"ACCOUNTS_RECE_TDAYS":0.659711912115,"INVENTORY_TDAYS":4.453822224665,"CURRENT_ASSETS_TDAYS":0.329018245509,"TOTAL_ASSETS_TDAYS":0.259135549645,"PREMIUM_EXPENSE":null,"LOAN_DEPOSIT":null,"LOAN_EQUITY":null,"LOAN_ASSETS":null,"DEPOSIT_EQUITY":null,"DEPOSIT_ASSETS":null,"EQUITY_MULTIPLIER":6.489334186752,"EQUITY_RATIO":5.743592648091},{"SECUCODE":"02068.HK","SECURITY_CODE":"02068","SECURITY_NAME_ABBR":"中铝国际","ORG_CODE":"10053139","STD_REPORT_DATE":"2024-03-31 00:00:00","REPORT_DATE":"2024-03-31 00:00:00","DATE_TYPE_CODE":"003","REPORT_TYPE":"2024年一季报","PER_NETCASH_OPERATE":-0.28780561435,"PER_OI":1.68474304942,"BPS":0.791471396512,"BASIC_EPS":0.0189,"DILUTED_EPS":null,"OPERATE_INCOME":4985267000,"OPERATE_INCOME_YOY":15.7726639268,"GROSS_PROFIT":470860000,"GROSS_PROFIT_YOY":6.698149335714,"HOLDER_PROFIT":103961000,"HOLDER_PROFIT_YOY":3343.5574693607,"GROSS_PROFIT_RATIO":9.445030727542,"EPS_TTM":-0.864130919562,"OPERATE_INCOME_QOQ":3.040599904079,"NET_PROFIT_RATIO":2.3117317488,"ROE_AVG":1.472361897295,"GROSS_PROFIT_QOQ":1.510177181043,"ROA":0.254247371068,"HOLDER_PROFIT_QOQ":3.797720284293,"ROE_YEARLY":5.889447589179,"ROIC_YEARLY":1.137828368844,"TOTAL_ASSETS":40835607000,"TOTAL_LIABILITIES":33481229000,"TAX_EBT":12.447010559903,"OCF_SALES":-17.083056935566,"TOTAL_PARENT_EQUITY":7105124000,"DEBT_ASSET_RATIO":81.9902811779,"OPERATE_PROFIT":174909000,"PRETAX_PROFIT":131630000,"NETCASH_OPERATE":-851636000,"NETCASH_INVEST":685834000,"NETCASH_FINANCE":239293000,"END_CASH":3420813000,"DIVI_RATIO":null,"DIVIDEND_RATE":null,"CURRENT_RATIO":1.177536757488,"COMMON_ACS":null,"CURRENTDEBT_DEBT":81.325790041937,"ISSUED_COMMON_SHARES":2985836267,"HK_COMMON_SHARES":399476000,"PER_SHARES":1000,"TOTAL_MARKET_CAP":6120964347.35,"HKSK_MARKET_CAP":818925800,"PE_TTM":-3.362191799815,"PB_TTM":2.247685945447,"REPORT_DATE_SQ":"2023-03-31 00:00:00","REPORT_TYPE_SQ":"2023年一季报","OPERATE_INCOME_SQ":4306083000,"DPS_HKD":null,"OPERATE_INCOME_QOQ_SQ":-2.163967061532,"NET_PROFIT_RATIO_SQ":1.0706666432,"HOLDER_PROFIT_SQ":3019000,"HOLDER_PROFIT_QOQ_SQ":-54.338662449787,"ROE_AVG_SQ":0.045679409608,"PE_TTM_SQ":-4.89491429348,"PB_TTM_SQ":0.918740173446,"ROA_SQ":0.007545925919,"START_DATE":"2024-01-01 00:00:00","FISCAL_YEAR":"12-31","CURRENCY":"HKD","IS_CNY_CODE":0,"DPS_HKD_LY":null,"ORG_TYPE":"一般企业","PREMIUM_INCOME":null,"PREMIUM_INCOME_YOY":null,"NET_INTEREST_INCOME":null,"NET_INTEREST_INCOME_YOY":null,"FEE_COMMISSION_INCOME":null,"FEE_COMMISSION_INCOME_YOY":null,"ACCOUNTS_RECE_TDAYS":0.317576611891,"INVENTORY_TDAYS":2.023039237104,"CURRENT_ASSETS_TDAYS":0.15535513341,"TOTAL_ASSETS_TDAYS":0.121919857333,"PREMIUM_EXPENSE":null,"LOAN_DEPOSIT":null,"LOAN_EQUITY":null,"LOAN_ASSETS":null,"DEPOSIT_EQUITY":null,"DEPOSIT_ASSETS":null,"EQUITY_MULTIPLIER":5.552557537838,"EQUITY_RATIO":4.712265260958},{"SECUCODE":"02068.HK","SECURITY_CODE":"02068","SECURITY_NAME_ABBR":"中铝国际","ORG_CODE":"10053139","STD_REPORT_DATE":"2023-12-31 00:00:00","REPORT_DATE":"2023-12-31 00:00:00","DATE_TYPE_CODE":"001","REPORT_TYPE":"2023年年报","PER_NETCASH_OPERATE":0.244220587545,"PER_OI":7.548721780793,"BPS":0.761803661219,"BASIC_EPS":-0.8982,"DILUTED_EPS":null,"OPERATE_INCOME":22337171000,"OPERATE_INCOME_YOY":-5.7397101589,"GROSS_PROFIT":1957320000,"GROSS_PROFIT_YOY":-35.276313714053,"HOLDER_PROFIT":-2657963000,"HOLDER_PROFIT_YOY":-2463.5161571431,"GROSS_PROFIT_RATIO":8.762613672072,"EPS_TTM":-0.898243702868,"OPERATE_INCOME_QOQ":-0.393050980465,"NET_PROFIT_RATIO":-12.6874884917,"ROE_AVG":-36.543186419109,"GROSS_PROFIT_QOQ":-34.628608277865,"ROA":-6.017909648592,"HOLDER_PROFIT_QOQ":-230.098211899016,"ROE_YEARLY":-36.543186419109,"ROIC_YEARLY":-7.238749895588,"TOTAL_ASSETS":40943804000,"TOTAL_LIABILITIES":33689305000,"TAX_EBT":3.764851538101,"OCF_SALES":3.235257499708,"TOTAL_PARENT_EQUITY":7016540000,"DEBT_ASSET_RATIO":82.2818119753,"OPERATE_PROFIT":-2685635000,"PRETAX_PROFIT":-2944897000,"NETCASH_OPERATE":722665000,"NETCASH_INVEST":94597000,"NETCASH_FINANCE":-4412289000,"END_CASH":3339604000,"DIVI_RATIO":null,"DIVIDEND_RATE":null,"CURRENT_RATIO":1.197918613248,"COMMON_ACS":null,"CURRENTDEBT_DEBT":79.579620297896,"ISSUED_COMMON_SHARES":2985836267,"HK_COMMON_SHARES":399476000,"PER_SHARES":1000,"TOTAL_MARKET_CAP":6120964347.35,"HKSK_MARKET_CAP":818925800,"PE_TTM":-3.362191799815,"PB_TTM":2.247685945447,"REPORT_DATE_SQ":"2022-12-31 00:00:00","REPORT_TYPE_SQ":"2022年年报","OPERATE_INCOME_SQ":23697329000,"DPS_HKD":null,"OPERATE_INCOME_QOQ_SQ":0.872727498147,"NET_PROFIT_RATIO_SQ":0.8645574952,"HOLDER_PROFIT_SQ":112458000,"HOLDER_PROFIT_QOQ_SQ":112.907761776394,"ROE_AVG_SQ":1.493658176886,"PE_TTM_SQ":-4.89491429348,"PB_TTM_SQ":0.918740173446,"ROA_SQ":0.211837734718,"START_DATE":"2023-01-01 00:00:00","FISCAL_YEAR":"12-31","CURRENCY":"HKD","IS_CNY_CODE":0,"DPS_HKD_LY":null,"ORG_TYPE":"一般企业","PREMIUM_INCOME":null,"PREMIUM_INCOME_YOY":null,"NET_INTEREST_INCOME":null,"NET_INTEREST_INCOME_YOY":null,"FEE_COMMISSION_INCOME":null,"FEE_COMMISSION_INCOME_YOY":null,"ACCOUNTS_RECE_TDAYS":1.406918063664,"INVENTORY_TDAYS":8.016619479826,"CURRENT_ASSETS_TDAYS":0.635497126675,"TOTAL_ASSETS_TDAYS":0.50573720132,"PREMIUM_EXPENSE":null,"LOAN_DEPOSIT":null,"LOAN_EQUITY":null,"LOAN_ASSETS":null,"DEPOSIT_EQUITY":null,"DEPOSIT_ASSETS":null,"EQUITY_MULTIPLIER":5.64391798194,"EQUITY_RATIO":4.801412804602},{"SECUCODE":"02068.HK","SECURITY_CODE":"02068","SECURITY_NAME_ABBR":"中铝国际","ORG_CODE":"10053139","STD_REPORT_DATE":"2023-09-30 00:00:00","REPORT_DATE":"2023-09-30 00:00:00","DATE_TYPE_CODE":"004","REPORT_TYPE":"2023年三季报","PER_NETCASH_OPERATE":0.003036092461,"PER_OI":5.082467782062,"BPS":1.435263563298,"BASIC_EPS":-0.278,"DILUTED_EPS":-0.278,"OPERATE_INCOME":15039361000,"OPERATE_INCOME_YOY":-7.7983304413,"GROSS_PROFIT":1631982000,"GROSS_PROFIT_YOY":-1.802887580516,"HOLDER_PROFIT":-765227000,"HOLDER_PROFIT_YOY":-604.2813495931,"GROSS_PROFIT_RATIO":10.851405189356,"EPS_TTM":-0.272114077111,"OPERATE_INCOME_QOQ":-1.653253813034,"NET_PROFIT_RATIO":-4.9280950168,"ROE_AVG":-11.139864323079,"GROSS_PROFIT_QOQ":0.443498343511,"ROA":-1.708639476478,"HOLDER_PROFIT_QOQ":4.345163980812,"ROE_YEARLY":-14.853152430772,"ROIC_YEARLY":-2.058784499641,"TOTAL_ASSETS":42252198000,"TOTAL_LIABILITIES":35601243000,"TAX_EBT":16.382054503558,"OCF_SALES":0.059736580563,"TOTAL_PARENT_EQUITY":6219147000,"DEBT_ASSET_RATIO":84.2589135836,"OPERATE_PROFIT":-771237000,"PRETAX_PROFIT":-887465000,"NETCASH_OPERATE":8984000,"NETCASH_INVEST":804141000,"NETCASH_FINANCE":-4016402000,"END_CASH":3733989000,"DIVI_RATIO":null,"DIVIDEND_RATE":null,"CURRENT_RATIO":1.214643578211,"COMMON_ACS":null,"CURRENTDEBT_DEBT":77.241348005742,"ISSUED_COMMON_SHARES":2985836267,"HK_COMMON_SHARES":399476000,"PER_SHARES":1000,"TOTAL_MARKET_CAP":6120964347.35,"HKSK_MARKET_CAP":818925800,"PE_TTM":-3.362191799815,"PB_TTM":2.247685945447,"REPORT_DATE_SQ":"2022-09-30 00:00:00","REPORT_TYPE_SQ":"2022年三季报","OPERATE_INCOME_SQ":16311376000,"DPS_HKD":null,"OPERATE_INCOME_QOQ_SQ":0.532713728936,"NET_PROFIT_RATIO_SQ":0.9140136865,"HOLDER_PROFIT_SQ":151868000,"HOLDER_PROFIT_QOQ_SQ":1.752805221114,"ROE_AVG_SQ":1.040887174572,"PE_TTM_SQ":-4.89491429348,"PB_TTM_SQ":0.918740173446,"ROA_SQ":0.136635482293,"START_DATE":"2023-01-01 00:00:00","FISCAL_YEAR":"12-31","CURRENCY":"HKD","IS_CNY_CODE":0,"DPS_HKD_LY":null,"ORG_TYPE":"一般企业","PREMIUM_INCOME":null,"PREMIUM_INCOME_YOY":null,"NET_INTEREST_INCOME":null,"NET_INTEREST_INCOME_YOY":null,"FEE_COMMISSION_INCOME":null,"FEE_COMMISSION_INCOME_YOY":null,"ACCOUNTS_RECE_TDAYS":0.951316492313,"INVENTORY_TDAYS":4.61268918125,"CURRENT_ASSETS_TDAYS":0.420190023908,"TOTAL_ASSETS_TDAYS":0.335537172231,"PREMIUM_EXPENSE":null,"LOAN_DEPOSIT":null,"LOAN_EQUITY":null,"LOAN_ASSETS":null,"DEPOSIT_EQUITY":null,"DEPOSIT_ASSETS":null,"EQUITY_MULTIPLIER":6.352801665317,"EQUITY_RATIO":5.724457550207},{"SECUCODE":"02068.HK","SECURITY_CODE":"02068","SECURITY_NAME_ABBR":"中铝国际","ORG_CODE":"10053139","STD_REPORT_DATE":"2023-06-30 00:00:00","REPORT_DATE":"2023-06-30 00:00:00","DATE_TYPE_CODE":"002","REPORT_TYPE":"2023年中报","PER_NETCASH_OPERATE":-0.29160182922,"PER_OI":3.251719911318,"BPS":1.405988046467,"BASIC_EPS":-0.3,"DILUTED_EPS":null,"OPERATE_INCOME":9622056000,"OPERATE_INCOME_YOY":-8.5102924269,"GROSS_PROFIT":1044560000,"GROSS_PROFIT_YOY":-3.970008230104,"HOLDER_PROFIT":-831259000,"HOLDER_PROFIT_YOY":-771.7974571031,"GROSS_PROFIT_RATIO":10.855893224266,"EPS_TTM":-0.284474981543,"OPERATE_INCOME_QOQ":-1.648654835518,"NET_PROFIT_RATIO":-8.471973538,"ROE_AVG":-11.730440163726,"GROSS_PROFIT_QOQ":-3.376413721141,"ROA":-1.861548629081,"HOLDER_PROFIT_QOQ":-1738.60146152009,"ROE_YEARLY":-23.460880327452,"ROIC_YEARLY":-4.469161002242,"TOTAL_ASSETS":41850755979.39,"TOTAL_LIABILITIES":34795200280.68,"TAX_EBT":13.796552736706,"OCF_SALES":-8.967618356964,"TOTAL_PARENT_EQUITY":6631735005.76,"DEBT_ASSET_RATIO":83.1411511367,"OPERATE_PROFIT":-913952000,"PRETAX_PROFIT":-946722000,"NETCASH_OPERATE":-862869000,"NETCASH_INVEST":803200000,"NETCASH_FINANCE":-3713763000,"END_CASH":3120917000,"DIVI_RATIO":null,"DIVIDEND_RATE":null,"CURRENT_RATIO":1.136293630548,"COMMON_ACS":null,"CURRENTDEBT_DEBT":83.298138058292,"ISSUED_COMMON_SHARES":2985836267,"HK_COMMON_SHARES":399476000,"PER_SHARES":1000,"TOTAL_MARKET_CAP":6120964347.35,"HKSK_MARKET_CAP":818925800,"PE_TTM":-3.362191799815,"PB_TTM":2.247685945447,"REPORT_DATE_SQ":"2022-06-30 00:00:00","REPORT_TYPE_SQ":"2022年中报","OPERATE_INCOME_SQ":10517091128.51,"DPS_HKD":null,"OPERATE_INCOME_QOQ_SQ":1.613816827124,"NET_PROFIT_RATIO_SQ":0.9473901899,"HOLDER_PROFIT_SQ":123644711.64,"HOLDER_PROFIT_QOQ_SQ":9.399456633547,"ROE_AVG_SQ":0.84288013583,"PE_TTM_SQ":-4.89491429348,"PB_TTM_SQ":0.918740173446,"ROA_SQ":0.110452261799,"START_DATE":"2023-01-01 00:00:00","FISCAL_YEAR":"12-31","CURRENCY":"HKD","IS_CNY_CODE":0,"DPS_HKD_LY":null,"ORG_TYPE":"一般企业","PREMIUM_INCOME":null,"PREMIUM_INCOME_YOY":null,"NET_INTEREST_INCOME":null,"NET_INTEREST_INCOME_YOY":null,"FEE_COMMISSION_INCOME":null,"FEE_COMMISSION_INCOME_YOY":null,"ACCOUNTS_RECE_TDAYS":0.608299973068,"INVENTORY_TDAYS":2.979007741561,"CURRENT_ASSETS_TDAYS":0.270600445503,"TOTAL_ASSETS_TDAYS":0.215639522041,"PREMIUM_EXPENSE":null,"LOAN_DEPOSIT":null,"LOAN_EQUITY":null,"LOAN_ASSETS":null,"DEPOSIT_EQUITY":null,"DEPOSIT_ASSETS":null,"EQUITY_MULTIPLIER":5.931603089324,"EQUITY_RATIO":5.246771810161},{"SECUCODE":"02068.HK","SECURITY_CODE":"02068","SECURITY_NAME_ABBR":"中铝国际","ORG_CODE":"10053139","STD_REPORT_DATE":"2023-03-31 00:00:00","REPORT_DATE":"2023-03-31 00:00:00","DATE_TYPE_CODE":"003","REPORT_TYPE":"2023年一季报","PER_NETCASH_OPERATE":-0.56207324699,"PER_OI":1.455216622194,"BPS":1.701872355126,"BASIC_EPS":0.0012,"DILUTED_EPS":null,"OPERATE_INCOME":4306083000,"OPERATE_INCOME_YOY":-10.6415138167,"GROSS_PROFIT":441301000,"GROSS_PROFIT_YOY":16.034520255288,"HOLDER_PROFIT":3019000,"HOLDER_PROFIT_YOY":-94.6781261966,"GROSS_PROFIT_RATIO":10.248316192828,"EPS_TTM":0.017360840218,"OPERATE_INCOME_QOQ":-2.163967061532,"NET_PROFIT_RATIO":1.0706666432,"ROE_AVG":0.045679409608,"GROSS_PROFIT_QOQ":2.016533208928,"ROA":0.007545925919,"HOLDER_PROFIT_QOQ":-54.338662449787,"ROE_YEARLY":0.182717638433,"ROIC_YEARLY":0.037744359341,"TOTAL_ASSETS":43687696202.24,"TOTAL_LIABILITIES":33205130202.8,"TAX_EBT":39.958026451255,"OCF_SALES":-38.624710064429,"TOTAL_PARENT_EQUITY":7515197105.39,"DEBT_ASSET_RATIO":76.0056791484,"OPERATE_PROFIT":134522000,"PRETAX_PROFIT":75762000,"NETCASH_OPERATE":-1663212000,"NETCASH_INVEST":440854000,"NETCASH_FINANCE":-1806091000,"END_CASH":3820210000,"DIVI_RATIO":null,"DIVIDEND_RATE":null,"CURRENT_RATIO":1.237912972923,"COMMON_ACS":null,"CURRENTDEBT_DEBT":84.304784202802,"ISSUED_COMMON_SHARES":2985836267,"HK_COMMON_SHARES":399476000,"PER_SHARES":1000,"TOTAL_MARKET_CAP":6120964347.35,"HKSK_MARKET_CAP":818925800,"PE_TTM":-3.362191799815,"PB_TTM":2.247685945447,"REPORT_DATE_SQ":"2022-03-31 00:00:00","REPORT_TYPE_SQ":"2022年一季报","OPERATE_INCOME_SQ":4818885743.53,"DPS_HKD":null,"OPERATE_INCOME_QOQ_SQ":-1.505466856291,"NET_PROFIT_RATIO_SQ":0.8119352516,"HOLDER_PROFIT_SQ":64570797.56,"HOLDER_PROFIT_QOQ_SQ":-3.060459957322,"ROE_AVG_SQ":0.240521371457,"PE_TTM_SQ":-4.89491429348,"PB_TTM_SQ":0.918740173446,"ROA_SQ":0.030744284748,"START_DATE":"2023-01-01 00:00:00","FISCAL_YEAR":"12-31","CURRENCY":"HKD","IS_CNY_CODE":0,"DPS_HKD_LY":null,"ORG_TYPE":"一般企业","PREMIUM_INCOME":null,"PREMIUM_INCOME_YOY":null,"NET_INTEREST_INCOME":null,"NET_INTEREST_INCOME_YOY":null,"FEE_COMMISSION_INCOME":null,"FEE_COMMISSION_INCOME_YOY":null,"ACCOUNTS_RECE_TDAYS":0.275819785552,"INVENTORY_TDAYS":1.363091385171,"CURRENT_ASSETS_TDAYS":0.118240826201,"TOTAL_ASSETS_TDAYS":0.094557122284,"PREMIUM_EXPENSE":null,"LOAN_DEPOSIT":null,"LOAN_EQUITY":null,"LOAN_ASSETS":null,"DEPOSIT_EQUITY":null,"DEPOSIT_ASSETS":null,"EQUITY_MULTIPLIER":4.167652863295,"EQUITY_RATIO":4.418397779479},{"SECUCODE":"02068.HK","SECURITY_CODE":"02068","SECURITY_NAME_ABBR":"中铝国际","ORG_CODE":"10053139","STD_REPORT_DATE":"2022-12-31 00:00:00","REPORT_DATE":"2022-12-31 00:00:00","DATE_TYPE_CODE":"001","REPORT_TYPE":"2022年年报","PER_NETCASH_OPERATE":0.1773766099,"PER_OI":8.008379555715,"BPS":1.706768256677,"BASIC_EPS":-0.0036,"DILUTED_EPS":null,"OPERATE_INCOME":23697329000,"OPERATE_INCOME_YOY":-0.8426999341,"GROSS_PROFIT":3024117000,"GROSS_PROFIT_YOY":-2.460300755136,"HOLDER_PROFIT":112458000,"HOLDER_PROFIT_YOY":110.510473168,"GROSS_PROFIT_RATIO":12.761424700529,"EPS_TTM":0.038020875317,"OPERATE_INCOME_QOQ":0.872727498147,"NET_PROFIT_RATIO":0.8645574952,"ROE_AVG":1.493658176886,"GROSS_PROFIT_QOQ":-1.039190386726,"ROA":0.211837734718,"HOLDER_PROFIT_QOQ":112.907761776394,"ROE_YEARLY":1.493658176886,"ROIC_YEARLY":0.284014693802,"TOTAL_ASSETS":47392218000,"TOTAL_LIABILITIES":36936230000,"TAX_EBT":28.12246688306,"OCF_SALES":2.214887659768,"TOTAL_PARENT_EQUITY":7530428000,"DEBT_ASSET_RATIO":77.9388626614,"OPERATE_PROFIT":572323000,"PRETAX_PROFIT":284975000,"NETCASH_OPERATE":524870000,"NETCASH_INVEST":-4321047000,"NETCASH_FINANCE":3866958000,"END_CASH":6857364000,"DIVI_RATIO":null,"DIVIDEND_RATE":null,"CURRENT_RATIO":1.232747806548,"COMMON_ACS":null,"CURRENTDEBT_DEBT":83.856170486268,"ISSUED_COMMON_SHARES":2985836267,"HK_COMMON_SHARES":399476000,"PER_SHARES":1000,"TOTAL_MARKET_CAP":6120964347.35,"HKSK_MARKET_CAP":818925800,"PE_TTM":-3.362191799815,"PB_TTM":2.247685945447,"REPORT_DATE_SQ":"2021-12-31 00:00:00","REPORT_TYPE_SQ":"2021年年报","OPERATE_INCOME_SQ":23898723442.93,"DPS_HKD":null,"OPERATE_INCOME_QOQ_SQ":3.27805723312,"NET_PROFIT_RATIO_SQ":-3.69023315,"HOLDER_PROFIT_SQ":-1070420931.6,"HOLDER_PROFIT_QOQ_SQ":47.003503476332,"ROE_AVG_SQ":-11.608045559714,"PE_TTM_SQ":-4.89491429348,"PB_TTM_SQ":0.918740173446,"ROA_SQ":-1.676570332314,"START_DATE":"2022-01-01 00:00:00","FISCAL_YEAR":"12-31","CURRENCY":"HKD","IS_CNY_CODE":0,"DPS_HKD_LY":null,"ORG_TYPE":"一般企业","PREMIUM_INCOME":null,"PREMIUM_INCOME_YOY":null,"NET_INTEREST_INCOME":null,"NET_INTEREST_INCOME_YOY":null,"FEE_COMMISSION_INCOME":null,"FEE_COMMISSION_INCOME_YOY":null,"ACCOUNTS_RECE_TDAYS":1.440198143106,"INVENTORY_TDAYS":7.696333457268,"CURRENT_ASSETS_TDAYS":0.627249633706,"TOTAL_ASSETS_TDAYS":0.446196191885,"PREMIUM_EXPENSE":null,"LOAN_DEPOSIT":null,"LOAN_EQUITY":null,"LOAN_ASSETS":null,"DEPOSIT_EQUITY":null,"DEPOSIT_ASSETS":null,"EQUITY_MULTIPLIER":4.532857869709,"EQUITY_RATIO":4.904931034464},{"SECUCODE":"02068.HK","SECURITY_CODE":"02068","SECURITY_NAME_ABBR":"中铝国际","ORG_CODE":"10053139","STD_REPORT_DATE":"2022-09-30 00:00:00","REPORT_DATE":"2022-09-30 00:00:00","DATE_TYPE_CODE":"004","REPORT_TYPE":"2022年三季报","PER_NETCASH_OPERATE":-0.338948048915,"PER_OI":5.512338124013,"BPS":1.811693483221,"BASIC_EPS":0.05,"DILUTED_EPS":null,"OPERATE_INCOME":16311376000,"OPERATE_INCOME_YOY":0.9031059879,"GROSS_PROFIT":1661945000,"GROSS_PROFIT_YOY":-2.03192731982,"HOLDER_PROFIT":151868000,"HOLDER_PROFIT_YOY":1832.589559123,"GROSS_PROFIT_RATIO":9.837454408629,"EPS_TTM":-0.294558235389,"OPERATE_INCOME_QOQ":0.532713728936,"NET_PROFIT_RATIO":0.9140136865,"ROE_AVG":1.040887174572,"GROSS_PROFIT_QOQ":-0.710899948158,"ROA":0.136635482293,"HOLDER_PROFIT_QOQ":1.752805221114,"ROE_YEARLY":1.387849566095,"ROIC_YEARLY":0.193858537481,"TOTAL_ASSETS":62365140307.6,"TOTAL_LIABILITIES":42520334199.41,"TAX_EBT":26.382097925126,"OCF_SALES":-6.229189872194,"TOTAL_PARENT_EQUITY":8374105012.54,"DEBT_ASSET_RATIO":68.1796497044,"OPERATE_PROFIT":621185000,"PRETAX_PROFIT":340117000,"NETCASH_OPERATE":-861294000,"NETCASH_INVEST":-2095390000,"NETCASH_FINANCE":3623634000,"END_CASH":7460708000,"DIVI_RATIO":null,"DIVIDEND_RATE":null,"CURRENT_RATIO":1.372154950682,"COMMON_ACS":null,"CURRENTDEBT_DEBT":65.580280322343,"ISSUED_COMMON_SHARES":2985836267,"HK_COMMON_SHARES":399476000,"PER_SHARES":1000,"TOTAL_MARKET_CAP":6120964347.35,"HKSK_MARKET_CAP":818925800,"PE_TTM":-3.362191799815,"PB_TTM":2.247685945447,"REPORT_DATE_SQ":"2021-09-30 00:00:00","REPORT_TYPE_SQ":"2021年三季报","OPERATE_INCOME_SQ":15957019819.86,"DPS_HKD":null,"OPERATE_INCOME_QOQ_SQ":-3.441444401041,"NET_PROFIT_RATIO_SQ":0.5451168643,"HOLDER_PROFIT_SQ":4284222.67,"HOLDER_PROFIT_QOQ_SQ":2.011505261265,"ROE_AVG_SQ":0.049092214846,"PE_TTM_SQ":-4.89491429348,"PB_TTM_SQ":0.918740173446,"ROA_SQ":0.00763934732,"START_DATE":"2022-01-01 00:00:00","FISCAL_YEAR":"12-31","CURRENCY":"HKD","IS_CNY_CODE":0,"DPS_HKD_LY":null,"ORG_TYPE":"一般企业","PREMIUM_INCOME":null,"PREMIUM_INCOME_YOY":null,"NET_INTEREST_INCOME":null,"NET_INTEREST_INCOME_YOY":null,"FEE_COMMISSION_INCOME":null,"FEE_COMMISSION_INCOME_YOY":null,"ACCOUNTS_RECE_TDAYS":0.994835863801,"INVENTORY_TDAYS":5.669888298687,"CURRENT_ASSETS_TDAYS":0.425732323535,"TOTAL_ASSETS_TDAYS":0.265710153042,"PREMIUM_EXPENSE":null,"LOAN_DEPOSIT":null,"LOAN_EQUITY":null,"LOAN_ASSETS":null,"DEPOSIT_EQUITY":null,"DEPOSIT_ASSETS":null,"EQUITY_MULTIPLIER":3.14264296499,"EQUITY_RATIO":5.077597443039}],"count":52},"success":true,"message":"ok","code":0}