{"version":"01cf9b274aedb8195c8c4ebd8428297c","result":{"pages":2,"data":[{"SECUCODE":"02076.HK","SECURITY_CODE":"02076","SECURITY_NAME_ABBR":"BOSS直聘-W","ORG_CODE":"10000210026","STD_REPORT_DATE":"2024-09-30 00:00:00","REPORT_DATE":"2024-09-30 00:00:00","DATE_TYPE_CODE":"004","REPORT_TYPE":"2024年三季报","PER_NETCASH_OPERATE":2.873273267845,"PER_OI":6.145697345416,"BPS":16.149309068941,"BASIC_EPS":1.28,"DILUTED_EPS":1.24,"OPERATE_INCOME":5532071000,"OPERATE_INCOME_YOY":26.5399788691,"GROSS_PROFIT":4606074000,"GROSS_PROFIT_YOY":28.418008119813,"HOLDER_PROFIT":1135056000,"HOLDER_PROFIT_YOY":47.7981762475,"GROSS_PROFIT_RATIO":83.261295814895,"EPS_TTM":1.628951054997,"OPERATE_INCOME_QOQ":4.479546632081,"NET_PROFIT_RATIO":20.2962145641,"ROE_AVG":8.089357403888,"GROSS_PROFIT_QOQ":4.571753454837,"ROA":6.176592977653,"HOLDER_PROFIT_QOQ":2.996169707323,"ROE_YEARLY":10.78580987185,"ROIC_YEARLY":12.085443168372,"TOTAL_ASSETS":18813418000,"TOTAL_LIABILITIES":4179665000,"TAX_EBT":13.477080848152,"OCF_SALES":46.752599523759,"TOTAL_PARENT_EQUITY":14633753000,"DEBT_ASSET_RATIO":22.2164042706,"OPERATE_PROFIT":792385000,"PRETAX_PROFIT":1297692000,"NETCASH_OPERATE":2586387000,"NETCASH_INVEST":-1293771000,"NETCASH_FINANCE":-940188000,"END_CASH":2816158000,"DIVI_RATIO":null,"DIVIDEND_RATE":null,"CURRENT_RATIO":3.796532040813,"COMMON_ACS":2000000000,"CURRENTDEBT_DEBT":95.45559273291,"ISSUED_COMMON_SHARES":906153504,"HK_COMMON_SHARES":767723103,"PER_SHARES":100,"TOTAL_MARKET_CAP":58265670307.2,"HKSK_MARKET_CAP":49364595522.9,"PE_TTM":35.642235427847,"PB_TTM":3.590562094791,"REPORT_DATE_SQ":"2023-09-30 00:00:00","REPORT_TYPE_SQ":"2023年三季报","OPERATE_INCOME_SQ":4371797000,"DPS_HKD":null,"OPERATE_INCOME_QOQ_SQ":8.517172406919,"NET_PROFIT_RATIO_SQ":17.566620774,"HOLDER_PROFIT_SQ":767977000,"HOLDER_PROFIT_QOQ_SQ":57.965675652249,"ROE_AVG_SQ":6.10332046869,"PE_TTM_SQ":79.107132085909,"PB_TTM_SQ":3.40318500867,"ROA_SQ":4.777390570841,"START_DATE":"2024-01-01 00:00:00","FISCAL_YEAR":"12-31","CURRENCY":"HKD","IS_CNY_CODE":0,"DPS_HKD_LY":null,"ORG_TYPE":"一般企业","PREMIUM_INCOME":null,"PREMIUM_INCOME_YOY":null,"NET_INTEREST_INCOME":null,"NET_INTEREST_INCOME_YOY":null,"FEE_COMMISSION_INCOME":null,"FEE_COMMISSION_INCOME_YOY":null,"ACCOUNTS_RECE_TDAYS":241.306449150509,"INVENTORY_TDAYS":323.210122164049,"CURRENT_ASSETS_TDAYS":0.387941200313,"TOTAL_ASSETS_TDAYS":0.301036696784,"PREMIUM_EXPENSE":null,"LOAN_DEPOSIT":null,"LOAN_EQUITY":null,"LOAN_ASSETS":null,"DEPOSIT_EQUITY":null,"DEPOSIT_ASSETS":null,"EQUITY_MULTIPLIER":1.285618118605,"EQUITY_RATIO":0.285618118606},{"SECUCODE":"02076.HK","SECURITY_CODE":"02076","SECURITY_NAME_ABBR":"BOSS直聘-W","ORG_CODE":"10000210026","STD_REPORT_DATE":"2024-06-30 00:00:00","REPORT_DATE":"2024-06-30 00:00:00","DATE_TYPE_CODE":"002","REPORT_TYPE":"2024年中报","PER_NETCASH_OPERATE":1.97088273513,"PER_OI":4.022087326119,"BPS":16.196032940573,"BASIC_EPS":0.75,"DILUTED_EPS":0.73,"OPERATE_INCOME":3620496000,"OPERATE_INCOME_YOY":30.9325569108,"GROSS_PROFIT":3008525000,"GROSS_PROFIT_YOY":33.850534441145,"HOLDER_PROFIT":666684000,"HOLDER_PROFIT_YOY":94.7887570853,"GROSS_PROFIT_RATIO":83.097039742621,"EPS_TTM":1.58156469277,"OPERATE_INCOME_QOQ":6.728005474869,"NET_PROFIT_RATIO":18.2012077903,"ROE_AVG":4.744189571463,"GROSS_PROFIT_QOQ":7.265859711554,"ROA":3.593509503611,"HOLDER_PROFIT_QOQ":8.550111893497,"ROE_YEARLY":9.488379142926,"ROIC_YEARLY":14.136280770195,"TOTAL_ASSETS":19164849000,"TOTAL_LIABILITIES":4383498000,"TAX_EBT":14.601071481335,"OCF_SALES":49.001490403525,"TOTAL_PARENT_EQUITY":14676092000,"DEBT_ASSET_RATIO":22.8725934653,"OPERATE_PROFIT":462202000,"PRETAX_PROFIT":771642000,"NETCASH_OPERATE":1774097000,"NETCASH_INVEST":-595771000,"NETCASH_FINANCE":-186425000,"END_CASH":3472390000,"DIVI_RATIO":null,"DIVIDEND_RATE":null,"CURRENT_RATIO":3.583239826758,"COMMON_ACS":2000000000,"CURRENTDEBT_DEBT":94.579169421316,"ISSUED_COMMON_SHARES":906153504,"HK_COMMON_SHARES":767723103,"PER_SHARES":100,"TOTAL_MARKET_CAP":57857901230.4,"HKSK_MARKET_CAP":49019120126.55,"PE_TTM":35.392795211011,"PB_TTM":3.565433744205,"REPORT_DATE_SQ":"2023-06-30 00:00:00","REPORT_TYPE_SQ":"2023年中报","OPERATE_INCOME_SQ":2765161000,"DPS_HKD":null,"OPERATE_INCOME_QOQ_SQ":8.069080797673,"NET_PROFIT_RATIO_SQ":12.377579461,"HOLDER_PROFIT_SQ":342260000,"HOLDER_PROFIT_QOQ_SQ":142.756443976854,"ROE_AVG_SQ":2.797067810588,"PE_TTM_SQ":79.107132085909,"PB_TTM_SQ":3.40318500867,"ROA_SQ":2.193294718803,"START_DATE":"2024-01-01 00:00:00","FISCAL_YEAR":"12-31","CURRENCY":"HKD","IS_CNY_CODE":0,"DPS_HKD_LY":null,"ORG_TYPE":"一般企业","PREMIUM_INCOME":null,"PREMIUM_INCOME_YOY":null,"NET_INTEREST_INCOME":null,"NET_INTEREST_INCOME_YOY":null,"FEE_COMMISSION_INCOME":null,"FEE_COMMISSION_INCOME_YOY":null,"ACCOUNTS_RECE_TDAYS":155.442801021832,"INVENTORY_TDAYS":219.580552565483,"CURRENT_ASSETS_TDAYS":0.256511660737,"TOTAL_ASSETS_TDAYS":0.195149227877,"PREMIUM_EXPENSE":null,"LOAN_DEPOSIT":null,"LOAN_EQUITY":null,"LOAN_ASSETS":null,"DEPOSIT_EQUITY":null,"DEPOSIT_ASSETS":null,"EQUITY_MULTIPLIER":1.296555977868,"EQUITY_RATIO":0.298682919131},{"SECUCODE":"02076.HK","SECURITY_CODE":"02076","SECURITY_NAME_ABBR":"BOSS直聘-W","ORG_CODE":"10000210026","STD_REPORT_DATE":"2024-03-31 00:00:00","REPORT_DATE":"2024-03-31 00:00:00","DATE_TYPE_CODE":"003","REPORT_TYPE":"2024年一季报","PER_NETCASH_OPERATE":1.016969068241,"PER_OI":1.91340215509,"BPS":15.576932537029,"BASIC_EPS":0.28,"DILUTED_EPS":0.27,"OPERATE_INCOME":1703753000,"OPERATE_INCOME_YOY":33.3613818994,"GROSS_PROFIT":1408314000,"GROSS_PROFIT_YOY":36.678823970139,"HOLDER_PROFIT":244951000,"HOLDER_PROFIT_YOY":649.9341762851,"GROSS_PROFIT_RATIO":82.659516960498,"EPS_TTM":1.472898728532,"OPERATE_INCOME_QOQ":7.160702200998,"NET_PROFIT_RATIO":14.187737307,"ROE_AVG":1.778597629236,"GROSS_PROFIT_QOQ":7.725247318826,"ROA":1.336444142851,"HOLDER_PROFIT_QOQ":19.312480497659,"ROE_YEARLY":7.114390516944,"ROIC_YEARLY":10.209865651409,"TOTAL_ASSETS":18717077000,"TOTAL_LIABILITIES":4601985000,"TAX_EBT":6.821370750135,"OCF_SALES":53.149781687839,"TOTAL_PARENT_EQUITY":14115092000,"DEBT_ASSET_RATIO":24.5870923115,"OPERATE_PROFIT":103593000,"PRETAX_PROFIT":259420000,"NETCASH_OPERATE":905541000,"NETCASH_INVEST":-523462000,"NETCASH_FINANCE":-104578000,"END_CASH":2747166000,"DIVI_RATIO":null,"DIVIDEND_RATE":null,"CURRENT_RATIO":2.827569565873,"COMMON_ACS":2000000000,"CURRENTDEBT_DEBT":96.943970916898,"ISSUED_COMMON_SHARES":906153504,"HK_COMMON_SHARES":767723103,"PER_SHARES":100,"TOTAL_MARKET_CAP":57857901230.4,"HKSK_MARKET_CAP":49019120126.55,"PE_TTM":35.392795211011,"PB_TTM":3.565433744205,"REPORT_DATE_SQ":"2023-03-31 00:00:00","REPORT_TYPE_SQ":"2023年一季报","OPERATE_INCOME_SQ":1277546000,"DPS_HKD":null,"OPERATE_INCOME_QOQ_SQ":3.096078041047,"NET_PROFIT_RATIO_SQ":2.5566985455,"HOLDER_PROFIT_SQ":32663000,"HOLDER_PROFIT_QOQ_SQ":41.806144808616,"ROE_AVG_SQ":0.279073514891,"PE_TTM_SQ":79.107132085909,"PB_TTM_SQ":3.40318500867,"ROA_SQ":0.218981505707,"START_DATE":"2024-01-01 00:00:00","FISCAL_YEAR":"12-31","CURRENCY":"HKD","IS_CNY_CODE":0,"DPS_HKD_LY":null,"ORG_TYPE":"一般企业","PREMIUM_INCOME":null,"PREMIUM_INCOME_YOY":null,"NET_INTEREST_INCOME":null,"NET_INTEREST_INCOME_YOY":null,"FEE_COMMISSION_INCOME":null,"FEE_COMMISSION_INCOME_YOY":null,"ACCOUNTS_RECE_TDAYS":80.426406722054,"INVENTORY_TDAYS":113.674105425164,"CURRENT_ASSETS_TDAYS":0.131119418084,"TOTAL_ASSETS_TDAYS":0.092956171549,"PREMIUM_EXPENSE":null,"LOAN_DEPOSIT":null,"LOAN_EQUITY":null,"LOAN_ASSETS":null,"DEPOSIT_EQUITY":null,"DEPOSIT_ASSETS":null,"EQUITY_MULTIPLIER":1.326032944029,"EQUITY_RATIO":0.326032944029},{"SECUCODE":"02076.HK","SECURITY_CODE":"02076","SECURITY_NAME_ABBR":"BOSS直聘-W","ORG_CODE":"10000210026","STD_REPORT_DATE":"2023-12-31 00:00:00","REPORT_DATE":"2023-12-31 00:00:00","DATE_TYPE_CODE":"001","REPORT_TYPE":"2023年年报","PER_NETCASH_OPERATE":3.423015228618,"PER_OI":6.686518643418,"BPS":14.820007803005,"BASIC_EPS":1.26,"DILUTED_EPS":1.22,"OPERATE_INCOME":5952028000,"OPERATE_INCOME_YOY":31.9429438123,"GROSS_PROFIT":4892167000,"GROSS_PROFIT_YOY":30.242417804585,"HOLDER_PROFIT":1099227000,"HOLDER_PROFIT_YOY":924.9680637792,"GROSS_PROFIT_RATIO":82.193279332691,"EPS_TTM":1.234873530307,"OPERATE_INCOME_QOQ":9.129985816102,"NET_PROFIT_RATIO":18.467957476,"ROE_AVG":8.769274308919,"GROSS_PROFIT_QOQ":9.526241296073,"ROA":6.709371327755,"HOLDER_PROFIT_QOQ":88.487167000466,"ROE_YEARLY":8.769274308919,"ROIC_YEARLY":16.14215022786,"TOTAL_ASSETS":17940048000,"TOTAL_LIABILITIES":4510855000,"TAX_EBT":10.032092284347,"OCF_SALES":51.192786727482,"TOTAL_PARENT_EQUITY":13429193000,"DEBT_ASSET_RATIO":25.1440520115,"OPERATE_PROFIT":580971000,"PRETAX_PROFIT":1221789000,"NETCASH_OPERATE":3047009000,"NETCASH_INVEST":-9938645000,"NETCASH_FINANCE":-417022000,"END_CASH":2472959000,"DIVI_RATIO":null,"DIVIDEND_RATE":null,"CURRENT_RATIO":3.069074995335,"COMMON_ACS":2000000000,"CURRENTDEBT_DEBT":96.597008771065,"ISSUED_COMMON_SHARES":906153504,"HK_COMMON_SHARES":767723103,"PER_SHARES":100,"TOTAL_MARKET_CAP":57857901230.4,"HKSK_MARKET_CAP":49019120126.55,"PE_TTM":35.392795211011,"PB_TTM":3.565433744205,"REPORT_DATE_SQ":"2022-12-31 00:00:00","REPORT_TYPE_SQ":"2022年年报","OPERATE_INCOME_SQ":4511062000,"DPS_HKD":null,"OPERATE_INCOME_QOQ_SQ":-0.18531069246,"NET_PROFIT_RATIO_SQ":2.3773780985,"HOLDER_PROFIT_SQ":107245000,"HOLDER_PROFIT_QOQ_SQ":-70.295781942871,"ROE_AVG_SQ":0.961199819725,"PE_TTM_SQ":79.107132085909,"PB_TTM_SQ":3.40318500867,"ROA_SQ":0.75342949345,"START_DATE":"2023-01-01 00:00:00","FISCAL_YEAR":"12-31","CURRENCY":"HKD","IS_CNY_CODE":0,"DPS_HKD_LY":0.702827,"ORG_TYPE":"一般企业","PREMIUM_INCOME":null,"PREMIUM_INCOME_YOY":null,"NET_INTEREST_INCOME":null,"NET_INTEREST_INCOME_YOY":null,"FEE_COMMISSION_INCOME":null,"FEE_COMMISSION_INCOME_YOY":null,"ACCOUNTS_RECE_TDAYS":447.706043852721,"INVENTORY_TDAYS":null,"CURRENT_ASSETS_TDAYS":0.437660397057,"TOTAL_ASSETS_TDAYS":0.363294988253,"PREMIUM_EXPENSE":null,"LOAN_DEPOSIT":null,"LOAN_EQUITY":null,"LOAN_ASSETS":null,"DEPOSIT_EQUITY":null,"DEPOSIT_ASSETS":null,"EQUITY_MULTIPLIER":1.335899186199,"EQUITY_RATIO":0.335899186198},{"SECUCODE":"02076.HK","SECURITY_CODE":"02076","SECURITY_NAME_ABBR":"BOSS直聘-W","ORG_CODE":"10000210026","STD_REPORT_DATE":"2023-09-30 00:00:00","REPORT_DATE":"2023-09-30 00:00:00","DATE_TYPE_CODE":"004","REPORT_TYPE":"2023年三季报","PER_NETCASH_OPERATE":2.381804925187,"PER_OI":4.911284380003,"BPS":14.925850797129,"BASIC_EPS":0.88,"DILUTED_EPS":0.85,"OPERATE_INCOME":4371797000,"OPERATE_INCOME_YOY":27.5027290992,"GROSS_PROFIT":3586782000,"GROSS_PROFIT_YOY":24.700337688318,"HOLDER_PROFIT":767977000,"HOLDER_PROFIT_YOY":162.9715995864,"GROSS_PROFIT_RATIO":82.043653902503,"EPS_TTM":0.655149923445,"OPERATE_INCOME_QOQ":8.517172406919,"NET_PROFIT_RATIO":17.566620774,"ROE_AVG":6.10332046869,"GROSS_PROFIT_QOQ":8.804183931229,"ROA":4.777390570841,"HOLDER_PROFIT_QOQ":57.965675652249,"ROE_YEARLY":8.13776062492,"ROIC_YEARLY":16.000459193597,"TOTAL_ASSETS":17323613000,"TOTAL_LIABILITIES":3798501000,"TAX_EBT":8.718803895256,"OCF_SALES":48.496579324246,"TOTAL_PARENT_EQUITY":13525112000,"DEBT_ASSET_RATIO":21.9267251006,"OPERATE_PROFIT":358719000,"PRETAX_PROFIT":841331000,"NETCASH_OPERATE":2120172000,"NETCASH_INVEST":-9449149000,"NETCASH_FINANCE":25129000,"END_CASH":2444620000,"DIVI_RATIO":null,"DIVIDEND_RATE":null,"CURRENT_RATIO":3.673111487596,"COMMON_ACS":2000000000,"CURRENTDEBT_DEBT":96.451652902026,"ISSUED_COMMON_SHARES":906153504,"HK_COMMON_SHARES":767723103,"PER_SHARES":100,"TOTAL_MARKET_CAP":57857901230.4,"HKSK_MARKET_CAP":49019120126.55,"PE_TTM":35.392795211011,"PB_TTM":3.565433744205,"REPORT_DATE_SQ":"2022-09-30 00:00:00","REPORT_TYPE_SQ":"2022年三季报","OPERATE_INCOME_SQ":3428787000,"DPS_HKD":null,"OPERATE_INCOME_QOQ_SQ":-0.729204076321,"NET_PROFIT_RATIO_SQ":8.5172394786,"HOLDER_PROFIT_SQ":292038000,"HOLDER_PROFIT_QOQ_SQ":-39.781906367847,"ROE_AVG_SQ":2.541344558349,"PE_TTM_SQ":79.107132085909,"PB_TTM_SQ":3.40318500867,"ROA_SQ":2.014457299769,"START_DATE":"2023-01-01 00:00:00","FISCAL_YEAR":"12-31","CURRENCY":"HKD","IS_CNY_CODE":0,"DPS_HKD_LY":0.702827,"ORG_TYPE":"一般企业","PREMIUM_INCOME":null,"PREMIUM_INCOME_YOY":null,"NET_INTEREST_INCOME":null,"NET_INTEREST_INCOME_YOY":null,"FEE_COMMISSION_INCOME":null,"FEE_COMMISSION_INCOME_YOY":null,"ACCOUNTS_RECE_TDAYS":332.152940282632,"INVENTORY_TDAYS":null,"CURRENT_ASSETS_TDAYS":0.320471825044,"TOTAL_ASSETS_TDAYS":0.271958427992,"PREMIUM_EXPENSE":null,"LOAN_DEPOSIT":null,"LOAN_EQUITY":null,"LOAN_ASSETS":null,"DEPOSIT_EQUITY":null,"DEPOSIT_ASSETS":null,"EQUITY_MULTIPLIER":1.28084802551,"EQUITY_RATIO":0.28084802551},{"SECUCODE":"02076.HK","SECURITY_CODE":"02076","SECURITY_NAME_ABBR":"BOSS直聘-W","ORG_CODE":"10000210026","STD_REPORT_DATE":"2023-06-30 00:00:00","REPORT_DATE":"2023-06-30 00:00:00","DATE_TYPE_CODE":"002","REPORT_TYPE":"2023年中报","PER_NETCASH_OPERATE":1.468980343417,"PER_OI":3.106386693502,"BPS":14.160964939556,"BASIC_EPS":0.39,"DILUTED_EPS":0.38,"OPERATE_INCOME":2765161000,"OPERATE_INCOME_YOY":22.8838106784,"GROSS_PROFIT":2247675000,"GROSS_PROFIT_YOY":18.383047708736,"HOLDER_PROFIT":342260000,"HOLDER_PROFIT_YOY":326.115212709,"GROSS_PROFIT_RATIO":81.285502001511,"EPS_TTM":0.414741949946,"OPERATE_INCOME_QOQ":8.069080797673,"NET_PROFIT_RATIO":12.377579461,"ROE_AVG":2.797067810588,"GROSS_PROFIT_QOQ":7.296792436902,"ROA":2.193294718803,"HOLDER_PROFIT_QOQ":142.756443976854,"ROE_YEARLY":5.594135621177,"ROIC_YEARLY":15.795985975328,"TOTAL_ASSETS":16382801000,"TOTAL_LIABILITIES":3550793000,"TAX_EBT":10.809402199406,"OCF_SALES":47.289036696236,"TOTAL_PARENT_EQUITY":12832008000,"DEBT_ASSET_RATIO":21.6739066781,"OPERATE_PROFIT":97732000,"PRETAX_PROFIT":383740000,"NETCASH_OPERATE":1307618000,"NETCASH_INVEST":-8390368000,"NETCASH_FINANCE":68955000,"END_CASH":2740769000,"DIVI_RATIO":null,"DIVIDEND_RATE":null,"CURRENT_RATIO":3.889559103991,"COMMON_ACS":2000000000,"CURRENTDEBT_DEBT":95.955973778252,"ISSUED_COMMON_SHARES":906153504,"HK_COMMON_SHARES":767723103,"PER_SHARES":100,"TOTAL_MARKET_CAP":57857901230.4,"HKSK_MARKET_CAP":49019120126.55,"PE_TTM":35.392795211011,"PB_TTM":3.565433744205,"REPORT_DATE_SQ":"2022-06-30 00:00:00","REPORT_TYPE_SQ":"2022年中报","OPERATE_INCOME_SQ":2250224000,"DPS_HKD":null,"OPERATE_INCOME_QOQ_SQ":6.891246283277,"NET_PROFIT_RATIO_SQ":3.569466862,"HOLDER_PROFIT_SQ":80321000,"HOLDER_PROFIT_QOQ_SQ":148.541824037618,"ROE_AVG_SQ":0.728834680266,"PE_TTM_SQ":79.107132085909,"PB_TTM_SQ":3.40318500867,"ROA_SQ":0.573429430114,"START_DATE":"2023-01-01 00:00:00","FISCAL_YEAR":"12-31","CURRENCY":"HKD","IS_CNY_CODE":0,"DPS_HKD_LY":0.702827,"ORG_TYPE":"一般企业","PREMIUM_INCOME":null,"PREMIUM_INCOME_YOY":null,"NET_INTEREST_INCOME":null,"NET_INTEREST_INCOME_YOY":null,"FEE_COMMISSION_INCOME":null,"FEE_COMMISSION_INCOME_YOY":null,"ACCOUNTS_RECE_TDAYS":220.700854018677,"INVENTORY_TDAYS":null,"CURRENT_ASSETS_TDAYS":0.204230991375,"TOTAL_ASSETS_TDAYS":0.177199001284,"PREMIUM_EXPENSE":null,"LOAN_DEPOSIT":null,"LOAN_EQUITY":null,"LOAN_ASSETS":null,"DEPOSIT_EQUITY":null,"DEPOSIT_ASSETS":null,"EQUITY_MULTIPLIER":1.276713745814,"EQUITY_RATIO":0.276713745814},{"SECUCODE":"02076.HK","SECURITY_CODE":"02076","SECURITY_NAME_ABBR":"BOSS直聘-W","ORG_CODE":"10000210026","STD_REPORT_DATE":"2023-03-31 00:00:00","REPORT_DATE":"2023-03-31 00:00:00","DATE_TYPE_CODE":"003","REPORT_TYPE":"2023年一季报","PER_NETCASH_OPERATE":0.611029443299,"PER_OI":1.435197406132,"BPS":12.986106601206,"BASIC_EPS":0.04,"DILUTED_EPS":0.04,"OPERATE_INCOME":1277546000,"OPERATE_INCOME_YOY":12.2742292685,"GROSS_PROFIT":1030382000,"GROSS_PROFIT_YOY":7.27201176015,"HOLDER_PROFIT":32663000,"HOLDER_PROFIT_YOY":368.3453828459,"GROSS_PROFIT_RATIO":80.653221097323,"EPS_TTM":0.170846937429,"OPERATE_INCOME_QOQ":3.096078041047,"NET_PROFIT_RATIO":2.5566985455,"ROE_AVG":0.279073514891,"GROSS_PROFIT_QOQ":1.859591645921,"ROA":0.218981505707,"HOLDER_PROFIT_QOQ":41.806144808616,"ROE_YEARLY":1.116294059565,"ROIC_YEARLY":1.890035743768,"TOTAL_ASSETS":15004876000,"TOTAL_LIABILITIES":3237470000,"TAX_EBT":40.21816717609,"OCF_SALES":42.574592226033,"TOTAL_PARENT_EQUITY":11767406000,"DEBT_ASSET_RATIO":21.576119656,"OPERATE_PROFIT":-77299000,"PRETAX_PROFIT":54637000,"NETCASH_OPERATE":543910000,"NETCASH_INVEST":-3962775000,"NETCASH_FINANCE":45789000,"END_CASH":6254572000,"DIVI_RATIO":null,"DIVIDEND_RATE":null,"CURRENT_RATIO":4.523420241342,"COMMON_ACS":2000000000,"CURRENTDEBT_DEBT":95.303060723343,"ISSUED_COMMON_SHARES":906153504,"HK_COMMON_SHARES":767723103,"PER_SHARES":100,"TOTAL_MARKET_CAP":57857901230.4,"HKSK_MARKET_CAP":49019120126.55,"PE_TTM":35.392795211011,"PB_TTM":3.565433744205,"REPORT_DATE_SQ":"2022-03-31 00:00:00","REPORT_TYPE_SQ":"2022年一季报","OPERATE_INCOME_SQ":1137880000,"DPS_HKD":null,"OPERATE_INCOME_QOQ_SQ":0,"NET_PROFIT_RATIO_SQ":-1.0697085809,"HOLDER_PROFIT_SQ":-12172000,"HOLDER_PROFIT_QOQ_SQ":0,"ROE_AVG_SQ":null,"PE_TTM_SQ":79.107132085909,"PB_TTM_SQ":3.40318500867,"ROA_SQ":null,"START_DATE":"2023-01-01 00:00:00","FISCAL_YEAR":"12-31","CURRENCY":"HKD","IS_CNY_CODE":0,"DPS_HKD_LY":0.702827,"ORG_TYPE":"一般企业","PREMIUM_INCOME":null,"PREMIUM_INCOME_YOY":null,"NET_INTEREST_INCOME":null,"NET_INTEREST_INCOME_YOY":null,"FEE_COMMISSION_INCOME":null,"FEE_COMMISSION_INCOME_YOY":null,"ACCOUNTS_RECE_TDAYS":110.619620746385,"INVENTORY_TDAYS":null,"CURRENT_ASSETS_TDAYS":0.091966489122,"TOTAL_ASSETS_TDAYS":0.085650107672,"PREMIUM_EXPENSE":null,"LOAN_DEPOSIT":null,"LOAN_EQUITY":null,"LOAN_ASSETS":null,"DEPOSIT_EQUITY":null,"DEPOSIT_ASSETS":null,"EQUITY_MULTIPLIER":1.275121806794,"EQUITY_RATIO":0.275121806794},{"SECUCODE":"02076.HK","SECURITY_CODE":"02076","SECURITY_NAME_ABBR":"BOSS直聘-W","ORG_CODE":"10000210026","STD_REPORT_DATE":"2022-12-31 00:00:00","REPORT_DATE":"2022-12-31 00:00:00","DATE_TYPE_CODE":"001","REPORT_TYPE":"2022年年报","PER_NETCASH_OPERATE":1.126819133433,"PER_OI":5.067734924065,"BPS":12.846347719911,"BASIC_EPS":0.12,"DILUTED_EPS":0.12,"OPERATE_INCOME":4511062000,"OPERATE_INCOME_YOY":5.9151544635,"GROSS_PROFIT":3756201000,"GROSS_PROFIT_YOY":1.396174361854,"HOLDER_PROFIT":107245000,"HOLDER_PROFIT_YOY":108.6828284104,"GROSS_PROFIT_RATIO":83.266445905643,"EPS_TTM":0.120479220177,"OPERATE_INCOME_QOQ":-0.18531069246,"NET_PROFIT_RATIO":2.3773780985,"ROE_AVG":0.961199819725,"GROSS_PROFIT_QOQ":-1.597642870953,"ROA":0.75342949345,"HOLDER_PROFIT_QOQ":-70.295781942871,"ROE_YEARLY":0.961199819725,"ROIC_YEARLY":2.9083752638,"TOTAL_ASSETS":14826867000,"TOTAL_LIABILITIES":3186104000,"TAX_EBT":8.334472973435,"OCF_SALES":22.235163249807,"TOTAL_PARENT_EQUITY":11640763000,"DEBT_ASSET_RATIO":21.4887204424,"OPERATE_PROFIT":-129519000,"PRETAX_PROFIT":116996000,"NETCASH_OPERATE":1003042000,"NETCASH_INVEST":-2816581000,"NETCASH_FINANCE":-669232000,"END_CASH":9751824000,"DIVI_RATIO":null,"DIVIDEND_RATE":null,"CURRENT_RATIO":4.561453250279,"COMMON_ACS":2000000000,"CURRENTDEBT_DEBT":95.135281208649,"ISSUED_COMMON_SHARES":906153504,"HK_COMMON_SHARES":767723103,"PER_SHARES":100,"TOTAL_MARKET_CAP":57857901230.4,"HKSK_MARKET_CAP":49019120126.55,"PE_TTM":35.392795211011,"PB_TTM":3.565433744205,"REPORT_DATE_SQ":"2021-12-31 00:00:00","REPORT_TYPE_SQ":"2021年年报","OPERATE_INCOME_SQ":4259128000,"DPS_HKD":null,"OPERATE_INCOME_QOQ_SQ":119.050494276006,"NET_PROFIT_RATIO_SQ":-25.14772977,"HOLDER_PROFIT_SQ":-1235139000,"HOLDER_PROFIT_QOQ_SQ":-0.755622917816,"ROE_AVG_SQ":-17.69421096962,"PE_TTM_SQ":79.107132085909,"PB_TTM_SQ":3.40318500867,"ROA_SQ":-13.192474919228,"START_DATE":"2022-01-01 00:00:00","FISCAL_YEAR":"12-31","CURRENCY":"HKD","IS_CNY_CODE":0,"DPS_HKD_LY":null,"ORG_TYPE":"一般企业","PREMIUM_INCOME":null,"PREMIUM_INCOME_YOY":null,"NET_INTEREST_INCOME":null,"NET_INTEREST_INCOME_YOY":null,"FEE_COMMISSION_INCOME":null,"FEE_COMMISSION_INCOME_YOY":null,"ACCOUNTS_RECE_TDAYS":830.460603829161,"INVENTORY_TDAYS":null,"CURRENT_ASSETS_TDAYS":0.336832228644,"TOTAL_ASSETS_TDAYS":0.31691614132,"PREMIUM_EXPENSE":null,"LOAN_DEPOSIT":null,"LOAN_EQUITY":null,"LOAN_ASSETS":null,"DEPOSIT_EQUITY":null,"DEPOSIT_ASSETS":null,"EQUITY_MULTIPLIER":1.273702333773,"EQUITY_RATIO":0.273702333773},{"SECUCODE":"02076.HK","SECURITY_CODE":"02076","SECURITY_NAME_ABBR":"BOSS直聘-W","ORG_CODE":"10000210026","STD_REPORT_DATE":"2022-09-30 00:00:00","REPORT_DATE":"2022-09-30 00:00:00","DATE_TYPE_CODE":"004","REPORT_TYPE":"2022年三季报","PER_NETCASH_OPERATE":1.074477392893,"PER_OI":4.347089632607,"BPS":13.583676436349,"BASIC_EPS":0.34,"DILUTED_EPS":0.32,"OPERATE_INCOME":3428787000,"OPERATE_INCOME_YOY":8.215584896,"GROSS_PROFIT":2876321000,"GROSS_PROFIT_YOY":4.078209157209,"HOLDER_PROFIT":292038000,"HOLDER_PROFIT_YOY":122.3930792919,"GROSS_PROFIT_RATIO":83.887421411712,"EPS_TTM":0.457738052036,"OPERATE_INCOME_QOQ":-0.729204076321,"NET_PROFIT_RATIO":8.5172394786,"ROE_AVG":2.541344558349,"GROSS_PROFIT_QOQ":-2.033960247796,"ROA":2.014457299769,"HOLDER_PROFIT_QOQ":-39.781906367847,"ROE_YEARLY":3.388459411132,"ROIC_YEARLY":8.994506519168,"TOTAL_ASSETS":15352588000,"TOTAL_LIABILITIES":3043692000,"TAX_EBT":12.540429813843,"OCF_SALES":24.717166741475,"TOTAL_PARENT_EQUITY":12308896000,"DEBT_ASSET_RATIO":19.8252698503,"OPERATE_PROFIT":210969000,"PRETAX_PROFIT":333912000,"NETCASH_OPERATE":847499000,"NETCASH_INVEST":-2091086000,"NETCASH_FINANCE":-41278000,"END_CASH":11158756000,"DIVI_RATIO":null,"DIVIDEND_RATE":null,"CURRENT_RATIO":5.03034801305,"COMMON_ACS":2000000000,"CURRENTDEBT_DEBT":94.618377943629,"ISSUED_COMMON_SHARES":906153504,"HK_COMMON_SHARES":767723103,"PER_SHARES":100,"TOTAL_MARKET_CAP":57857901230.4,"HKSK_MARKET_CAP":49019120126.55,"PE_TTM":35.392795211011,"PB_TTM":3.565433744205,"REPORT_DATE_SQ":"2021-09-30 00:00:00","REPORT_TYPE_SQ":"2021年三季报","OPERATE_INCOME_SQ":3168478000,"DPS_HKD":null,"OPERATE_INCOME_QOQ_SQ":0,"NET_PROFIT_RATIO_SQ":-41.1599512447,"HOLDER_PROFIT_SQ":-1304144000,"HOLDER_PROFIT_QOQ_SQ":0,"ROE_AVG_SQ":null,"PE_TTM_SQ":79.107132085909,"PB_TTM_SQ":3.40318500867,"ROA_SQ":null,"START_DATE":"2022-01-01 00:00:00","FISCAL_YEAR":"12-31","CURRENCY":"HKD","IS_CNY_CODE":0,"DPS_HKD_LY":null,"ORG_TYPE":"一般企业","PREMIUM_INCOME":null,"PREMIUM_INCOME_YOY":null,"NET_INTEREST_INCOME":null,"NET_INTEREST_INCOME_YOY":null,"FEE_COMMISSION_INCOME":null,"FEE_COMMISSION_INCOME_YOY":null,"ACCOUNTS_RECE_TDAYS":1243.89152911301,"INVENTORY_TDAYS":null,"CURRENT_ASSETS_TDAYS":0.249858657858,"TOTAL_ASSETS_TDAYS":0.236515282309,"PREMIUM_EXPENSE":null,"LOAN_DEPOSIT":null,"LOAN_EQUITY":null,"LOAN_ASSETS":null,"DEPOSIT_EQUITY":null,"DEPOSIT_ASSETS":null,"EQUITY_MULTIPLIER":1.247275791428,"EQUITY_RATIO":0.247275791428}],"count":16},"success":true,"message":"ok","code":0}