{"version":"c26ee6d0e5983f0a0f9efdd86d916385","result":{"pages":3,"data":[{"SECUCODE":"02078.HK","SECURITY_CODE":"02078","SECURITY_NAME_ABBR":"荣阳实业","ORG_CODE":"10317492","STD_REPORT_DATE":"2024-06-30 00:00:00","REPORT_DATE":"2024-06-30 00:00:00","DATE_TYPE_CODE":"002","REPORT_TYPE":"2024年中报","PER_NETCASH_OPERATE":0.083466107133,"PER_OI":0.330041820467,"BPS":0.548554144933,"BASIC_EPS":0.004472132,"DILUTED_EPS":0.004472132,"OPERATE_INCOME":396050184.56,"OPERATE_INCOME_YOY":-9.4021412346,"GROSS_PROFIT":68106006.96,"GROSS_PROFIT_YOY":3.749001233545,"HOLDER_PROFIT":5381161.28,"HOLDER_PROFIT_YOY":1103.2653061224,"GROSS_PROFIT_RATIO":17.196307340612,"EPS_TTM":0.025376054117,"OPERATE_INCOME_QOQ":-4.849202774766,"NET_PROFIT_RATIO":1.358706924,"ROE_AVG":0.817590396364,"GROSS_PROFIT_QOQ":1.658124988723,"ROA":0.408587545564,"HOLDER_PROFIT_QOQ":19.314377568983,"ROE_YEARLY":1.635180792727,"ROIC_YEARLY":1.053332553219,"TOTAL_ASSETS":1327512226.28,"TOTAL_LIABILITIES":669247252.36,"TAX_EBT":null,"OCF_SALES":25.289554825299,"TOTAL_PARENT_EQUITY":658264973.92,"DEBT_ASSET_RATIO":50.4136413293,"OPERATE_PROFIT":1175531.84,"PRETAX_PROFIT":5381161.28,"NETCASH_OPERATE":100159328.56,"NETCASH_INVEST":28432720.04,"NETCASH_FINANCE":51579197.52,"END_CASH":384066696.16,"DIVI_RATIO":null,"DIVIDEND_RATE":null,"CURRENT_RATIO":1.22408778715,"COMMON_ACS":2400000000,"CURRENTDEBT_DEBT":92.984097414756,"ISSUED_COMMON_SHARES":1200000000,"HK_COMMON_SHARES":1200000000,"PER_SHARES":1000,"TOTAL_MARKET_CAP":148800000,"HKSK_MARKET_CAP":148800000,"PE_TTM":4.432661086121,"PB_TTM":0.206310208473,"REPORT_DATE_SQ":"2023-06-30 00:00:00","REPORT_TYPE_SQ":"2023年中报","OPERATE_INCOME_SQ":441606292.48,"DPS_HKD":null,"OPERATE_INCOME_QOQ_SQ":-27.665012557621,"NET_PROFIT_RATIO_SQ":0.1023015767,"HOLDER_PROFIT_SQ":451770.2,"HOLDER_PROFIT_QOQ_SQ":0.093582766727,"ROE_AVG_SQ":0.069906973791,"PE_TTM_SQ":-0.941095458067,"PB_TTM_SQ":0.143475160863,"ROA_SQ":0.031799164266,"START_DATE":"2024-01-01 00:00:00","FISCAL_YEAR":"12-31","CURRENCY":"HKD","IS_CNY_CODE":0,"DPS_HKD_LY":null,"ORG_TYPE":"一般企业","PREMIUM_INCOME":null,"PREMIUM_INCOME_YOY":null,"NET_INTEREST_INCOME":null,"NET_INTEREST_INCOME_YOY":null,"FEE_COMMISSION_INCOME":null,"FEE_COMMISSION_INCOME_YOY":null,"ACCOUNTS_RECE_TDAYS":2.263881824181,"INVENTORY_TDAYS":4.413572854291,"CURRENT_ASSETS_TDAYS":0.539482264015,"TOTAL_ASSETS_TDAYS":0.300717938767,"PREMIUM_EXPENSE":null,"LOAN_DEPOSIT":null,"LOAN_EQUITY":null,"LOAN_ASSETS":null,"DEPOSIT_EQUITY":null,"DEPOSIT_ASSETS":null,"EQUITY_MULTIPLIER":2.016683674316,"EQUITY_RATIO":1.016683674318},{"SECUCODE":"02078.HK","SECURITY_CODE":"02078","SECURITY_NAME_ABBR":"荣阳实业","ORG_CODE":"10317492","STD_REPORT_DATE":"2023-12-31 00:00:00","REPORT_DATE":"2023-12-31 00:00:00","DATE_TYPE_CODE":"001","REPORT_TYPE":"2023年年报","PER_NETCASH_OPERATE":0.171295214767,"PER_OI":0.782879682083,"BPS":0.544519656217,"BASIC_EPS":0.02174928,"DILUTED_EPS":0.02174928,"OPERATE_INCOME":939455618.5,"OPERATE_INCOME_YOY":-35.6582849326,"GROSS_PROFIT":148422524.04,"GROSS_PROFIT_YOY":-25.501095713981,"HOLDER_PROFIT":25521873.86,"HOLDER_PROFIT_YOY":126.9185551934,"GROSS_PROFIT_RATIO":15.798779752574,"EPS_TTM":0.021268228217,"OPERATE_INCOME_QOQ":-9.760824888754,"NET_PROFIT_RATIO":2.7166662647,"ROE_AVG":3.91949469512,"GROSS_PROFIT_QOQ":-0.337572837566,"ROA":1.807915334894,"HOLDER_PROFIT_QOQ":127.334381738755,"ROE_YEARLY":3.91949469512,"ROIC_YEARLY":2.000484440716,"TOTAL_ASSETS":1297271148.18,"TOTAL_LIABILITIES":643847560.72,"TAX_EBT":-934.83699772555,"OCF_SALES":21.880145657993,"TOTAL_PARENT_EQUITY":653423587.46,"DEBT_ASSET_RATIO":49.6309165299,"OPERATE_PROFIT":11076727.06,"PRETAX_PROFIT":2390608.36,"NETCASH_OPERATE":205554257.72,"NETCASH_INVEST":10064479.32,"NETCASH_FINANCE":-72637157.88,"END_CASH":205022306.58,"DIVI_RATIO":null,"DIVIDEND_RATE":null,"CURRENT_RATIO":1.802499377135,"COMMON_ACS":2400000000,"CURRENTDEBT_DEBT":60.447784302355,"ISSUED_COMMON_SHARES":1200000000,"HK_COMMON_SHARES":1200000000,"PER_SHARES":1000,"TOTAL_MARKET_CAP":141600000,"HKSK_MARKET_CAP":141600000,"PE_TTM":4.21817748518,"PB_TTM":0.19632745645,"REPORT_DATE_SQ":"2022-12-31 00:00:00","REPORT_TYPE_SQ":"2022年年报","OPERATE_INCOME_SQ":1439238410.54,"DPS_HKD":null,"OPERATE_INCOME_QOQ_SQ":-5.93436912961,"NET_PROFIT_RATIO_SQ":-6.4934750578,"HOLDER_PROFIT_SQ":-93456587.21,"HOLDER_PROFIT_QOQ_SQ":54.88646455723,"ROE_AVG_SQ":-12.840620460823,"PE_TTM_SQ":-1.526410925889,"PB_TTM_SQ":0.232709712131,"ROA_SQ":-5.467374760757,"START_DATE":"2023-01-01 00:00:00","FISCAL_YEAR":"12-31","CURRENCY":"HKD","IS_CNY_CODE":0,"DPS_HKD_LY":null,"ORG_TYPE":"一般企业","PREMIUM_INCOME":null,"PREMIUM_INCOME_YOY":null,"NET_INTEREST_INCOME":null,"NET_INTEREST_INCOME_YOY":null,"FEE_COMMISSION_INCOME":null,"FEE_COMMISSION_INCOME_YOY":null,"ACCOUNTS_RECE_TDAYS":4.175174691395,"INVENTORY_TDAYS":8.908116768805,"CURRENT_ASSETS_TDAYS":1.384704569422,"TOTAL_ASSETS_TDAYS":0.665490405781,"PREMIUM_EXPENSE":null,"LOAN_DEPOSIT":null,"LOAN_EQUITY":null,"LOAN_ASSETS":null,"DEPOSIT_EQUITY":null,"DEPOSIT_ASSETS":null,"EQUITY_MULTIPLIER":1.985344840737,"EQUITY_RATIO":0.985344840738},{"SECUCODE":"02078.HK","SECURITY_CODE":"02078","SECURITY_NAME_ABBR":"荣阳实业","ORG_CODE":"10317492","STD_REPORT_DATE":"2023-06-30 00:00:00","REPORT_DATE":"2023-06-30 00:00:00","DATE_TYPE_CODE":"002","REPORT_TYPE":"2023年中报","PER_NETCASH_OPERATE":0.152881955283,"PER_OI":0.368005243733,"BPS":0.52693692445,"BASIC_EPS":0.000368792,"DILUTED_EPS":0.000368792,"OPERATE_INCOME":441606292.48,"OPERATE_INCOME_YOY":-51.2229994572,"GROSS_PROFIT":65644976,"GROSS_PROFIT_YOY":-43.383887287971,"HOLDER_PROFIT":451770.2,"HOLDER_PROFIT_YOY":15.0234741784,"GROSS_PROFIT_RATIO":14.865045430251,"EPS_TTM":-0.077807606625,"OPERATE_INCOME_QOQ":-27.665012557621,"NET_PROFIT_RATIO":0.1023015767,"ROE_AVG":0.069906973791,"GROSS_PROFIT_QOQ":-25.248755817879,"ROA":0.031799164266,"HOLDER_PROFIT_QOQ":0.093582766727,"ROE_YEARLY":0.139813947583,"ROIC_YEARLY":0.069744833545,"TOTAL_ASSETS":1288779601.22,"TOTAL_LIABILITIES":656455291.88,"TAX_EBT":130.063109581182,"OCF_SALES":41.543417624265,"TOTAL_PARENT_EQUITY":632324309.34,"DEBT_ASSET_RATIO":50.936195084,"OPERATE_PROFIT":1838428.12,"PRETAX_PROFIT":-4821033.42,"NETCASH_OPERATE":183458346.34,"NETCASH_INVEST":-383543.68,"NETCASH_FINANCE":-57704884.24,"END_CASH":182490267.34,"DIVI_RATIO":null,"DIVIDEND_RATE":null,"CURRENT_RATIO":1.905433388385,"COMMON_ACS":2400000000,"CURRENTDEBT_DEBT":50.258424788555,"ISSUED_COMMON_SHARES":1200000000,"HK_COMMON_SHARES":1200000000,"PER_SHARES":1000,"TOTAL_MARKET_CAP":141600000,"HKSK_MARKET_CAP":141600000,"PE_TTM":4.21817748518,"PB_TTM":0.19632745645,"REPORT_DATE_SQ":"2022-06-30 00:00:00","REPORT_TYPE_SQ":"2022年中报","OPERATE_INCOME_SQ":839771779.49,"DPS_HKD":null,"OPERATE_INCOME_QOQ_SQ":0.902345924625,"NET_PROFIT_RATIO_SQ":0.0433821365,"HOLDER_PROFIT_SQ":364310.94,"HOLDER_PROFIT_QOQ_SQ":25.636782616037,"ROE_AVG_SQ":0.048000270424,"PE_TTM_SQ":-1.526410925889,"PB_TTM_SQ":0.232709712131,"ROA_SQ":0.020096932317,"START_DATE":"2023-01-01 00:00:00","FISCAL_YEAR":"12-31","CURRENCY":"HKD","IS_CNY_CODE":0,"DPS_HKD_LY":null,"ORG_TYPE":"一般企业","PREMIUM_INCOME":null,"PREMIUM_INCOME_YOY":null,"NET_INTEREST_INCOME":null,"NET_INTEREST_INCOME_YOY":null,"FEE_COMMISSION_INCOME":null,"FEE_COMMISSION_INCOME_YOY":null,"ACCOUNTS_RECE_TDAYS":2.024040381418,"INVENTORY_TDAYS":4.593623972063,"CURRENT_ASSETS_TDAYS":0.681789680831,"TOTAL_ASSETS_TDAYS":0.310837479663,"PREMIUM_EXPENSE":null,"LOAN_DEPOSIT":null,"LOAN_EQUITY":null,"LOAN_ASSETS":null,"DEPOSIT_EQUITY":null,"DEPOSIT_ASSETS":null,"EQUITY_MULTIPLIER":2.038162351477,"EQUITY_RATIO":1.038162351476},{"SECUCODE":"02078.HK","SECURITY_CODE":"02078","SECURITY_NAME_ABBR":"荣阳实业","ORG_CODE":"10317492","STD_REPORT_DATE":"2022-12-31 00:00:00","REPORT_DATE":"2022-12-31 00:00:00","DATE_TYPE_CODE":"001","REPORT_TYPE":"2022年年报","PER_NETCASH_OPERATE":0.12533024735,"PER_OI":1.199365342117,"BPS":0.533006765083,"BASIC_EPS":-0.07771449,"DILUTED_EPS":-0.07771449,"OPERATE_INCOME":1439238410.54,"OPERATE_INCOME_YOY":-13.1258896605,"GROSS_PROFIT":199227794.64,"GROSS_PROFIT_YOY":61.404453254789,"HOLDER_PROFIT":-93456587.21,"HOLDER_PROFIT_YOY":69.2940054296,"GROSS_PROFIT_RATIO":13.842584604538,"EPS_TTM":-0.077880489342,"OPERATE_INCOME_QOQ":-5.93436912961,"NET_PROFIT_RATIO":-6.4934750578,"ROE_AVG":-12.840620460823,"GROSS_PROFIT_QOQ":11.104275970188,"ROA":-5.467374760757,"HOLDER_PROFIT_QOQ":54.88646455723,"ROE_YEARLY":-12.840620460823,"ROIC_YEARLY":-5.697748604263,"TOTAL_ASSETS":1504269359.81,"TOTAL_LIABILITIES":864661241.71,"TAX_EBT":20.618905533852,"OCF_SALES":10.449713940276,"TOTAL_PARENT_EQUITY":639608118.1,"DEBT_ASSET_RATIO":57.4804795478,"OPERATE_PROFIT":-38443660.99,"PRETAX_PROFIT":-58078628.86,"NETCASH_OPERATE":150396296.82,"NETCASH_INVEST":-43734499.2,"NETCASH_FINANCE":-82740027.02,"END_CASH":65802734.55,"DIVI_RATIO":null,"DIVIDEND_RATE":null,"CURRENT_RATIO":1.526955754305,"COMMON_ACS":2400000000,"CURRENTDEBT_DEBT":48.929877176326,"ISSUED_COMMON_SHARES":1200000000,"HK_COMMON_SHARES":1200000000,"PER_SHARES":1000,"TOTAL_MARKET_CAP":141600000,"HKSK_MARKET_CAP":141600000,"PE_TTM":4.21817748518,"PB_TTM":0.19632745645,"REPORT_DATE_SQ":"2021-12-31 00:00:00","REPORT_TYPE_SQ":"2021年年报","OPERATE_INCOME_SQ":1516353664,"DPS_HKD":null,"OPERATE_INCOME_QOQ_SQ":-2.039751563301,"NET_PROFIT_RATIO_SQ":-18.3714898848,"HOLDER_PROFIT_SQ":-278576760,"HOLDER_PROFIT_QOQ_SQ":-133.291466249888,"ROE_AVG_SQ":-31.837730127991,"PE_TTM_SQ":-1.526410925889,"PB_TTM_SQ":0.232709712131,"ROA_SQ":-11.071761816338,"START_DATE":"2022-01-01 00:00:00","FISCAL_YEAR":"12-31","CURRENCY":"HKD","IS_CNY_CODE":0,"DPS_HKD_LY":null,"ORG_TYPE":"一般企业","PREMIUM_INCOME":null,"PREMIUM_INCOME_YOY":null,"NET_INTEREST_INCOME":null,"NET_INTEREST_INCOME_YOY":null,"FEE_COMMISSION_INCOME":null,"FEE_COMMISSION_INCOME_YOY":null,"ACCOUNTS_RECE_TDAYS":4.927878785098,"INVENTORY_TDAYS":9.136604469016,"CURRENT_ASSETS_TDAYS":2.022585848695,"TOTAL_ASSETS_TDAYS":0.84197978927,"PREMIUM_EXPENSE":null,"LOAN_DEPOSIT":null,"LOAN_EQUITY":null,"LOAN_ASSETS":null,"DEPOSIT_EQUITY":null,"DEPOSIT_ASSETS":null,"EQUITY_MULTIPLIER":2.351860955544,"EQUITY_RATIO":1.351860955547},{"SECUCODE":"02078.HK","SECURITY_CODE":"02078","SECURITY_NAME_ABBR":"荣阳实业","ORG_CODE":"10317492","STD_REPORT_DATE":"2022-06-30 00:00:00","REPORT_DATE":"2022-06-30 00:00:00","DATE_TYPE_CODE":"002","REPORT_TYPE":"2022年中报","PER_NETCASH_OPERATE":0.074152099583,"PER_OI":0.699809816242,"BPS":0.613924509858,"BASIC_EPS":0.000342076,"DILUTED_EPS":0.000342076,"OPERATE_INCOME":839771779.49,"OPERATE_INCOME_YOY":-1.0907534247,"GROSS_PROFIT":115947515.39,"GROSS_PROFIT_YOY":93.035582235035,"HOLDER_PROFIT":364310.94,"HOLDER_PROFIT_YOY":100.4988699308,"GROSS_PROFIT_RATIO":13.807026887759,"EPS_TTM":-0.17263220135,"OPERATE_INCOME_QOQ":0.902345924625,"NET_PROFIT_RATIO":0.0433821365,"ROE_AVG":0.048000270424,"GROSS_PROFIT_QOQ":45.272944578747,"ROA":0.020096932317,"HOLDER_PROFIT_QOQ":25.636782616037,"ROE_YEARLY":0.096000540848,"ROIC_YEARLY":0.042333731413,"TOTAL_ASSETS":1792718548.39,"TOTAL_LIABILITIES":1056009136.56,"TAX_EBT":null,"OCF_SALES":10.596035931815,"TOTAL_PARENT_EQUITY":736709411.83,"DEBT_ASSET_RATIO":58.9054616247,"OPERATE_PROFIT":10148539.73,"PRETAX_PROFIT":364310.94,"NETCASH_OPERATE":88982519.5,"NETCASH_INVEST":-5397959.28,"NETCASH_FINANCE":3566142.3,"END_CASH":113925846.23,"DIVI_RATIO":null,"DIVIDEND_RATE":null,"CURRENT_RATIO":1.292039608296,"COMMON_ACS":2400000000,"CURRENTDEBT_DEBT":57.706847291598,"ISSUED_COMMON_SHARES":1200000000,"HK_COMMON_SHARES":1200000000,"PER_SHARES":1000,"TOTAL_MARKET_CAP":141600000,"HKSK_MARKET_CAP":141600000,"PE_TTM":4.21817748518,"PB_TTM":0.19632745645,"REPORT_DATE_SQ":"2021-06-30 00:00:00","REPORT_TYPE_SQ":"2021年中报","OPERATE_INCOME_SQ":826089024,"DPS_HKD":null,"OPERATE_INCOME_QOQ_SQ":1.185448382226,"NET_PROFIT_RATIO_SQ":-8.6012288477,"HOLDER_PROFIT_SQ":-71053807.44,"HOLDER_PROFIT_QOQ_SQ":7.970519017807,"ROE_AVG_SQ":-7.174239512381,"PE_TTM_SQ":-1.526410925889,"PB_TTM_SQ":0.232709712131,"ROA_SQ":-2.565851486318,"START_DATE":"2022-01-01 00:00:00","FISCAL_YEAR":"12-31","CURRENCY":"HKD","IS_CNY_CODE":0,"DPS_HKD_LY":null,"ORG_TYPE":"一般企业","PREMIUM_INCOME":null,"PREMIUM_INCOME_YOY":null,"NET_INTEREST_INCOME":null,"NET_INTEREST_INCOME_YOY":null,"FEE_COMMISSION_INCOME":null,"FEE_COMMISSION_INCOME_YOY":null,"ACCOUNTS_RECE_TDAYS":2.511360919052,"INVENTORY_TDAYS":5.266255805923,"CURRENT_ASSETS_TDAYS":1.096757656309,"TOTAL_ASSETS_TDAYS":0.463253632013,"PREMIUM_EXPENSE":null,"LOAN_DEPOSIT":null,"LOAN_EQUITY":null,"LOAN_ASSETS":null,"DEPOSIT_EQUITY":null,"DEPOSIT_ASSETS":null,"EQUITY_MULTIPLIER":2.433413391501,"EQUITY_RATIO":1.433413391498},{"SECUCODE":"02078.HK","SECURITY_CODE":"02078","SECURITY_NAME_ABBR":"荣阳实业","ORG_CODE":"10317492","STD_REPORT_DATE":"2021-12-31 00:00:00","REPORT_DATE":"2021-12-31 00:00:00","DATE_TYPE_CODE":"001","REPORT_TYPE":"2021年年报","PER_NETCASH_OPERATE":-0.195880608,"PER_OI":1.263628053333,"BPS":0.622420484,"BASIC_EPS":-0.2321984,"DILUTED_EPS":-0.2321984,"OPERATE_INCOME":1516353664,"OPERATE_INCOME_YOY":2.0359995665,"GROSS_PROFIT":123433889.6,"GROSS_PROFIT_YOY":61.481125369696,"HOLDER_PROFIT":-278576760,"HOLDER_PROFIT_YOY":-137.0018635321,"GROSS_PROFIT_RATIO":8.140178147781,"EPS_TTM":-0.2321473,"OPERATE_INCOME_QOQ":-2.039751563301,"NET_PROFIT_RATIO":-18.3714898848,"ROE_AVG":-31.837730127991,"GROSS_PROFIT_QOQ":52.869098185359,"ROA":-11.071761816338,"HOLDER_PROFIT_QOQ":-133.291466249888,"ROE_YEARLY":-31.837730127991,"ROIC_YEARLY":-11.269185273211,"TOTAL_ASSETS":1752257427.2,"TOTAL_LIABILITIES":1005352846.4,"TAX_EBT":4.842164647003,"OCF_SALES":-15.501445024371,"TOTAL_PARENT_EQUITY":746904580.8,"DEBT_ASSET_RATIO":57.374723074,"OPERATE_PROFIT":-257744312,"PRETAX_PROFIT":-292752308.8,"NETCASH_OPERATE":-230661312,"NETCASH_INVEST":1432424571.2,"NETCASH_FINANCE":-1179773907.2,"END_CASH":44640142.4,"DIVI_RATIO":null,"DIVIDEND_RATE":null,"CURRENT_RATIO":1.263988853665,"COMMON_ACS":2400000000,"CURRENTDEBT_DEBT":55.975615607508,"ISSUED_COMMON_SHARES":1200000000,"HK_COMMON_SHARES":1200000000,"PER_SHARES":1000,"TOTAL_MARKET_CAP":141600000,"HKSK_MARKET_CAP":141600000,"PE_TTM":4.21817748518,"PB_TTM":0.19632745645,"REPORT_DATE_SQ":"2020-12-31 00:00:00","REPORT_TYPE_SQ":"2020年年报","OPERATE_INCOME_SQ":1529792638.12,"DPS_HKD":null,"OPERATE_INCOME_QOQ_SQ":-9.967148673361,"NET_PROFIT_RATIO_SQ":50.6610520386,"HOLDER_PROFIT_SQ":775009044.48,"HOLDER_PROFIT_QOQ_SQ":299.766150163683,"ROE_AVG_SQ":125.275254507535,"PE_TTM_SQ":-1.526410925889,"PB_TTM_SQ":0.232709712131,"ROA_SQ":29.840750620459,"START_DATE":"2021-01-01 00:00:00","FISCAL_YEAR":"12-31","CURRENCY":"HKD","IS_CNY_CODE":0,"DPS_HKD_LY":null,"ORG_TYPE":"一般企业","PREMIUM_INCOME":null,"PREMIUM_INCOME_YOY":null,"NET_INTEREST_INCOME":null,"NET_INTEREST_INCOME_YOY":null,"FEE_COMMISSION_INCOME":null,"FEE_COMMISSION_INCOME_YOY":null,"ACCOUNTS_RECE_TDAYS":4.78426021109,"INVENTORY_TDAYS":7.209466378909,"CURRENT_ASSETS_TDAYS":1.036236195968,"TOTAL_ASSETS_TDAYS":0.602659984887,"PREMIUM_EXPENSE":null,"LOAN_DEPOSIT":null,"LOAN_EQUITY":null,"LOAN_ASSETS":null,"DEPOSIT_EQUITY":null,"DEPOSIT_ASSETS":null,"EQUITY_MULTIPLIER":2.346025814063,"EQUITY_RATIO":1.346025814065},{"SECUCODE":"02078.HK","SECURITY_CODE":"02078","SECURITY_NAME_ABBR":"荣阳实业","ORG_CODE":"10317492","STD_REPORT_DATE":"2021-06-30 00:00:00","REPORT_DATE":"2021-06-30 00:00:00","DATE_TYPE_CODE":"002","REPORT_TYPE":"2021年中报","PER_NETCASH_OPERATE":-0.1251427518,"PER_OI":0.68840752,"BPS":0.7999707262,"BASIC_EPS":-0.05907768,"DILUTED_EPS":-0.05907768,"OPERATE_INCOME":826089024,"OPERATE_INCOME_YOY":12.2419215889,"GROSS_PROFIT":60065358.96,"GROSS_PROFIT_YOY":7.722936087652,"HOLDER_PROFIT":-71053807.44,"HOLDER_PROFIT_YOY":41.2755393259,"GROSS_PROFIT_RATIO":7.271051571313,"EPS_TTM":0.6973177398,"OPERATE_INCOME_QOQ":1.185448382226,"NET_PROFIT_RATIO":-8.6012288477,"ROE_AVG":-7.174239512381,"GROSS_PROFIT_QOQ":5.633595858526,"ROA":-2.565851486318,"HOLDER_PROFIT_QOQ":7.970519017807,"ROE_YEARLY":-14.348479024761,"ROIC_YEARLY":-5.318895148758,"TOTAL_ASSETS":2200384803.12,"TOTAL_LIABILITIES":1240419931.68,"TAX_EBT":-0.727800320846,"OCF_SALES":-18.178585817889,"TOTAL_PARENT_EQUITY":959964871.44,"DEBT_ASSET_RATIO":56.3728639609,"OPERATE_PROFIT":-47900349.36,"PRETAX_PROFIT":-70540414.08,"NETCASH_OPERATE":-150171302.16,"NETCASH_INVEST":1449497505.36,"NETCASH_FINANCE":-1148528344.8,"END_CASH":172660760.4,"DIVI_RATIO":null,"DIVIDEND_RATE":null,"CURRENT_RATIO":1.159040285403,"COMMON_ACS":2400000000,"CURRENTDEBT_DEBT":73.933520532673,"ISSUED_COMMON_SHARES":1200000000,"HK_COMMON_SHARES":1200000000,"PER_SHARES":1000,"TOTAL_MARKET_CAP":141600000,"HKSK_MARKET_CAP":141600000,"PE_TTM":4.21817748518,"PB_TTM":0.19632745645,"REPORT_DATE_SQ":"2020-06-30 00:00:00","REPORT_TYPE_SQ":"2020年中报","OPERATE_INCOME_SQ":807954121.92,"DPS_HKD":null,"OPERATE_INCOME_QOQ_SQ":10.446424598284,"NET_PROFIT_RATIO_SQ":-16.439801112,"HOLDER_PROFIT_SQ":-132826050.72,"HOLDER_PROFIT_QOQ_SQ":12.610859268124,"ROE_AVG_SQ":-84.269057360424,"PE_TTM_SQ":-1.526410925889,"PB_TTM_SQ":0.232709712131,"ROA_SQ":-6.619303879002,"START_DATE":"2021-01-01 00:00:00","FISCAL_YEAR":"12-31","CURRENCY":"HKD","IS_CNY_CODE":0,"DPS_HKD_LY":null,"ORG_TYPE":"一般企业","PREMIUM_INCOME":null,"PREMIUM_INCOME_YOY":null,"NET_INTEREST_INCOME":null,"NET_INTEREST_INCOME_YOY":null,"FEE_COMMISSION_INCOME":null,"FEE_COMMISSION_INCOME_YOY":null,"ACCOUNTS_RECE_TDAYS":2.290563308304,"INVENTORY_TDAYS":3.568627070945,"CURRENT_ASSETS_TDAYS":0.49801631194,"TOTAL_ASSETS_TDAYS":0.298312198379,"PREMIUM_EXPENSE":null,"LOAN_DEPOSIT":null,"LOAN_EQUITY":null,"LOAN_ASSETS":null,"DEPOSIT_EQUITY":null,"DEPOSIT_ASSETS":null,"EQUITY_MULTIPLIER":2.292151378224,"EQUITY_RATIO":1.292151378226},{"SECUCODE":"02078.HK","SECURITY_CODE":"02078","SECURITY_NAME_ABBR":"荣阳实业","ORG_CODE":"10317492","STD_REPORT_DATE":"2020-12-31 00:00:00","REPORT_DATE":"2020-12-31 00:00:00","DATE_TYPE_CODE":"001","REPORT_TYPE":"2020年年报","PER_NETCASH_OPERATE":-0.0681118211,"PER_OI":1.274827198433,"BPS":0.860473097733,"BASIC_EPS":0.64637952,"DILUTED_EPS":0.64637952,"OPERATE_INCOME":1529792638.12,"OPERATE_INCOME_YOY":5.8345968506,"GROSS_PROFIT":76438586.44,"GROSS_PROFIT_YOY":3022.27860917676,"HOLDER_PROFIT":775009044.48,"HOLDER_PROFIT_YOY":285.803702224,"GROSS_PROFIT_RATIO":4.9966632428,"EPS_TTM":0.6458408704,"OPERATE_INCOME_QOQ":-9.967148673361,"NET_PROFIT_RATIO":50.6610520386,"ROE_AVG":125.275254507535,"GROSS_PROFIT_QOQ":147.63490937538,"ROA":29.840750620459,"HOLDER_PROFIT_QOQ":299.766150163683,"ROE_YEARLY":125.275254507535,"ROIC_YEARLY":30.04851223754,"TOTAL_ASSETS":3376386147,"TOTAL_LIABILITIES":2343818429.72,"TAX_EBT":25.089323484429,"OCF_SALES":-5.342827732551,"TOTAL_PARENT_EQUITY":1032567717.28,"DEBT_ASSET_RATIO":69.4179613254,"OPERATE_PROFIT":1306136907.8,"PRETAX_PROFIT":1034577553.6,"NETCASH_OPERATE":-81734185.32,"NETCASH_INVEST":34220240.76,"NETCASH_FINANCE":56614597.88,"END_CASH":22513028.36,"DIVI_RATIO":null,"DIVIDEND_RATE":null,"CURRENT_RATIO":1.006184002769,"COMMON_ACS":2400000000,"CURRENTDEBT_DEBT":96.69971843812,"ISSUED_COMMON_SHARES":1200000000,"HK_COMMON_SHARES":1200000000,"PER_SHARES":1000,"TOTAL_MARKET_CAP":141600000,"HKSK_MARKET_CAP":141600000,"PE_TTM":4.21817748518,"PB_TTM":0.19632745645,"REPORT_DATE_SQ":"2019-12-31 00:00:00","REPORT_TYPE_SQ":"2019年年报","OPERATE_INCOME_SQ":1538437653.84,"DPS_HKD":null,"OPERATE_INCOME_QOQ_SQ":9.584954034359,"NET_PROFIT_RATIO_SQ":-28.856755567,"HOLDER_PROFIT_SQ":-443943193.32,"HOLDER_PROFIT_QOQ_SQ":-55.754253519883,"ROE_AVG_SQ":-100.30947344985,"PE_TTM_SQ":-1.526410925889,"PB_TTM_SQ":0.232709712131,"ROA_SQ":-23.318899217942,"START_DATE":"2020-01-01 00:00:00","FISCAL_YEAR":"12-31","CURRENCY":"HKD","IS_CNY_CODE":0,"DPS_HKD_LY":null,"ORG_TYPE":"一般企业","PREMIUM_INCOME":null,"PREMIUM_INCOME_YOY":null,"NET_INTEREST_INCOME":null,"NET_INTEREST_INCOME_YOY":null,"FEE_COMMISSION_INCOME":null,"FEE_COMMISSION_INCOME_YOY":null,"ACCOUNTS_RECE_TDAYS":4.668030376574,"INVENTORY_TDAYS":7.006942781901,"CURRENT_ASSETS_TDAYS":1.039305754531,"TOTAL_ASSETS_TDAYS":0.589027456393,"PREMIUM_EXPENSE":null,"LOAN_DEPOSIT":null,"LOAN_EQUITY":null,"LOAN_ASSETS":null,"DEPOSIT_EQUITY":null,"DEPOSIT_ASSETS":null,"EQUITY_MULTIPLIER":3.269893190053,"EQUITY_RATIO":2.269893190051},{"SECUCODE":"02078.HK","SECURITY_CODE":"02078","SECURITY_NAME_ABBR":"荣阳实业","ORG_CODE":"10317492","STD_REPORT_DATE":"2020-06-30 00:00:00","REPORT_DATE":"2020-06-30 00:00:00","DATE_TYPE_CODE":"002","REPORT_TYPE":"2020年中报","PER_NETCASH_OPERATE":0.1036921864,"PER_OI":0.6732951016,"BPS":0.0775464888,"BASIC_EPS":-0.11052624,"DILUTED_EPS":-0.11052624,"OPERATE_INCOME":807954121.92,"OPERATE_INCOME_YOY":20.2138662412,"GROSS_PROFIT":55759117.92,"GROSS_PROFIT_YOY":103.948276962396,"HOLDER_PROFIT":-132826050.72,"HOLDER_PROFIT_YOY":32.2529246509,"GROSS_PROFIT_RATIO":6.901272783595,"EPS_TTM":-0.32329845165,"OPERATE_INCOME_QOQ":10.446424598284,"NET_PROFIT_RATIO":-16.439801112,"ROE_AVG":-84.269057360424,"GROSS_PROFIT_QOQ":1160.83944184292,"ROA":-6.619303879002,"HOLDER_PROFIT_QOQ":12.610859268124,"ROE_YEARLY":-168.538114720848,"ROIC_YEARLY":-13.332413411814,"TOTAL_ASSETS":2040294294.72,"TOTAL_LIABILITIES":1947238508.16,"TAX_EBT":-2.532770182131,"OCF_SALES":15.400704112296,"TOTAL_PARENT_EQUITY":93055786.56,"DEBT_ASSET_RATIO":95.4390998004,"OPERATE_PROFIT":-73119045.12,"PRETAX_PROFIT":-129544974.24,"NETCASH_OPERATE":124430623.68,"NETCASH_INVEST":-58326797.76,"NETCASH_FINANCE":-64957458.72,"END_CASH":13692465.6,"DIVI_RATIO":null,"DIVIDEND_RATE":null,"CURRENT_RATIO":0.664341248603,"COMMON_ACS":2400000000,"CURRENTDEBT_DEBT":62.561662548012,"ISSUED_COMMON_SHARES":1200000000,"HK_COMMON_SHARES":1200000000,"PER_SHARES":1000,"TOTAL_MARKET_CAP":141600000,"HKSK_MARKET_CAP":141600000,"PE_TTM":4.21817748518,"PB_TTM":0.19632745645,"REPORT_DATE_SQ":"2019-06-30 00:00:00","REPORT_TYPE_SQ":"2019年中报","OPERATE_INCOME_SQ":647242392.42,"DPS_HKD":null,"OPERATE_INCOME_QOQ_SQ":-2.434627371372,"NET_PROFIT_RATIO_SQ":-29.1716216786,"HOLDER_PROFIT_SQ":-188811102.06,"HOLDER_PROFIT_QOQ_SQ":-39.336909992487,"ROE_AVG_SQ":-33.597975114698,"PE_TTM_SQ":-1.526410925889,"PB_TTM_SQ":0.232709712131,"ROA_SQ":-9.85751583859,"START_DATE":"2020-01-01 00:00:00","FISCAL_YEAR":"12-31","CURRENCY":"HKD","IS_CNY_CODE":0,"DPS_HKD_LY":null,"ORG_TYPE":"一般企业","PREMIUM_INCOME":null,"PREMIUM_INCOME_YOY":null,"NET_INTEREST_INCOME":null,"NET_INTEREST_INCOME_YOY":null,"FEE_COMMISSION_INCOME":null,"FEE_COMMISSION_INCOME_YOY":null,"ACCOUNTS_RECE_TDAYS":2.325592034516,"INVENTORY_TDAYS":3.155469550806,"CURRENT_ASSETS_TDAYS":1.056630415046,"TOTAL_ASSETS_TDAYS":0.402638926949,"PREMIUM_EXPENSE":null,"LOAN_DEPOSIT":null,"LOAN_EQUITY":null,"LOAN_ASSETS":null,"DEPOSIT_EQUITY":null,"DEPOSIT_ASSETS":null,"EQUITY_MULTIPLIER":21.925496201116,"EQUITY_RATIO":20.92549620119}],"count":27},"success":true,"message":"ok","code":0}