{"version":"ab006c99e8b86ea83869cd346a359702","result":{"pages":3,"data":[{"SECUCODE":"02080.HK","SECURITY_CODE":"02080","SECURITY_NAME_ABBR":"奥克斯国际","ORG_CODE":"10374013","STD_REPORT_DATE":"2024-06-30 00:00:00","REPORT_DATE":"2024-09-30 00:00:00","DATE_TYPE_CODE":"002","REPORT_TYPE":"2024年中报","PER_NETCASH_OPERATE":0.000155486081,"PER_OI":0.308700235342,"BPS":0.466632020613,"BASIC_EPS":0.02615191,"DILUTED_EPS":0.02615191,"OPERATE_INCOME":152184276.82,"OPERATE_INCOME_YOY":-11.0203048629,"GROSS_PROFIT":137838601.5,"GROSS_PROFIT_YOY":-0.233440621151,"HOLDER_PROFIT":12903713.11,"HOLDER_PROFIT_YOY":68.9972835715,"GROSS_PROFIT_RATIO":90.573483923725,"EPS_TTM":0.03074830532,"OPERATE_INCOME_QOQ":0,"NET_PROFIT_RATIO":8.4790054397,"ROE_AVG":5.899925163434,"GROSS_PROFIT_QOQ":0,"ROA":2.620892777663,"HOLDER_PROFIT_QOQ":0,"ROE_YEARLY":11.799850326869,"ROIC_YEARLY":14.172132629134,"TOTAL_ASSETS":507529215.58,"TOTAL_LIABILITIES":277487095.53,"TAX_EBT":32.779002203967,"OCF_SALES":0.050367982555,"TOTAL_PARENT_EQUITY":230042120.05,"DEBT_ASSET_RATIO":54.674112743,"OPERATE_PROFIT":23057868.51,"PRETAX_PROFIT":22504169.45,"NETCASH_OPERATE":76652.15,"NETCASH_INVEST":-234092960.73,"NETCASH_FINANCE":14667614.35,"END_CASH":52236185.75,"DIVI_RATIO":null,"DIVIDEND_RATE":null,"CURRENT_RATIO":1.70157896201,"COMMON_ACS":10000000000,"CURRENTDEBT_DEBT":81.772920343054,"ISSUED_COMMON_SHARES":492984000,"HK_COMMON_SHARES":492984000,"PER_SHARES":2000,"TOTAL_MARKET_CAP":98596800,"HKSK_MARKET_CAP":98596800,"PE_TTM":4.36984443558,"PB_TTM":0.386510123679,"REPORT_DATE_SQ":"2023-06-30 00:00:00","REPORT_TYPE_SQ":"2023年中报","OPERATE_INCOME_SQ":174036788.17,"DPS_HKD":null,"OPERATE_INCOME_QOQ_SQ":0,"NET_PROFIT_RATIO_SQ":4.2361475922,"HOLDER_PROFIT_SQ":7769573.21,"HOLDER_PROFIT_QOQ_SQ":0,"ROE_AVG_SQ":3.743611057072,"PE_TTM_SQ":7.680809893104,"PB_TTM_SQ":0.498826760078,"ROA_SQ":1.627513375999,"START_DATE":"2024-04-01 00:00:00","FISCAL_YEAR":"3-31","CURRENCY":"HKD","IS_CNY_CODE":0,"DPS_HKD_LY":null,"ORG_TYPE":"一般企业","PREMIUM_INCOME":null,"PREMIUM_INCOME_YOY":null,"NET_INTEREST_INCOME":null,"NET_INTEREST_INCOME_YOY":null,"FEE_COMMISSION_INCOME":null,"FEE_COMMISSION_INCOME_YOY":null,"ACCOUNTS_RECE_TDAYS":2.01982022956,"INVENTORY_TDAYS":8.791378833932,"CURRENT_ASSETS_TDAYS":0.384841937231,"TOTAL_ASSETS_TDAYS":0.309103797172,"PREMIUM_EXPENSE":null,"LOAN_DEPOSIT":null,"LOAN_EQUITY":null,"LOAN_ASSETS":null,"DEPOSIT_EQUITY":null,"DEPOSIT_ASSETS":null,"EQUITY_MULTIPLIER":2.206244732353,"EQUITY_RATIO":1.206244732355},{"SECUCODE":"02080.HK","SECURITY_CODE":"02080","SECURITY_NAME_ABBR":"奥克斯国际","ORG_CODE":"10374013","STD_REPORT_DATE":"2023-12-31 00:00:00","REPORT_DATE":"2024-03-31 00:00:00","DATE_TYPE_CODE":"001","REPORT_TYPE":"2023年年报","PER_NETCASH_OPERATE":0.005367759298,"PER_OI":0.669083197325,"BPS":0.422877925247,"BASIC_EPS":0.0308227,"DILUTED_EPS":0.0308227,"OPERATE_INCOME":329847310.95,"OPERATE_INCOME_YOY":-3.2622654,"GROSS_PROFIT":272692053.1,"GROSS_PROFIT_YOY":-3.197085148123,"HOLDER_PROFIT":15158422.55,"HOLDER_PROFIT_YOY":-22.2676770025,"GROSS_PROFIT_RATIO":82.672207426707,"EPS_TTM":0.025218800448,"OPERATE_INCOME_QOQ":0,"NET_PROFIT_RATIO":4.5955877301,"ROE_AVG":7.239813127005,"GROSS_PROFIT_QOQ":0,"ROA":3.134631102979,"HOLDER_PROFIT_QOQ":0,"ROE_YEARLY":7.239813127005,"ROIC_YEARLY":7.887059533833,"TOTAL_ASSETS":479670109.8,"TOTAL_LIABILITIES":271198058.7,"TAX_EBT":34.193257413463,"OCF_SALES":0.802255880874,"TOTAL_PARENT_EQUITY":208472051.1,"DEBT_ASSET_RATIO":56.5384528156,"OPERATE_PROFIT":41182753.4,"PRETAX_PROFIT":40200959.75,"NETCASH_OPERATE":2646219.45,"NETCASH_INVEST":6085670.15,"NETCASH_FINANCE":16782960.15,"END_CASH":270742064.05,"DIVI_RATIO":null,"DIVIDEND_RATE":null,"CURRENT_RATIO":2.515816612487,"COMMON_ACS":10000000000,"CURRENTDEBT_DEBT":59.641522426576,"ISSUED_COMMON_SHARES":492984000,"HK_COMMON_SHARES":492984000,"PER_SHARES":2000,"TOTAL_MARKET_CAP":122260032,"HKSK_MARKET_CAP":122260032,"PE_TTM":5.41860710012,"PB_TTM":0.479272553362,"REPORT_DATE_SQ":"2022-12-31 00:00:00","REPORT_TYPE_SQ":"2022年年报","OPERATE_INCOME_SQ":329258333.79,"DPS_HKD":null,"OPERATE_INCOME_QOQ_SQ":0,"NET_PROFIT_RATIO_SQ":6.0781884299,"HOLDER_PROFIT_SQ":18830944.51,"HOLDER_PROFIT_QOQ_SQ":0,"ROE_AVG_SQ":9.269485591166,"PE_TTM_SQ":8.955204359673,"PB_TTM_SQ":0.581591738207,"ROA_SQ":3.773601455339,"START_DATE":"2023-04-01 00:00:00","FISCAL_YEAR":"3-31","CURRENCY":"HKD","IS_CNY_CODE":0,"DPS_HKD_LY":null,"ORG_TYPE":"一般企业","PREMIUM_INCOME":null,"PREMIUM_INCOME_YOY":null,"NET_INTEREST_INCOME":null,"NET_INTEREST_INCOME_YOY":null,"FEE_COMMISSION_INCOME":null,"FEE_COMMISSION_INCOME_YOY":null,"ACCOUNTS_RECE_TDAYS":4.293127555265,"INVENTORY_TDAYS":37.923007518797,"CURRENT_ASSETS_TDAYS":0.877662422871,"TOTAL_ASSETS_TDAYS":0.682095802995,"PREMIUM_EXPENSE":null,"LOAN_DEPOSIT":null,"LOAN_EQUITY":null,"LOAN_ASSETS":null,"DEPOSIT_EQUITY":null,"DEPOSIT_ASSETS":null,"EQUITY_MULTIPLIER":2.300884493958,"EQUITY_RATIO":1.30088449396},{"SECUCODE":"02080.HK","SECURITY_CODE":"02080","SECURITY_NAME_ABBR":"奥克斯国际","ORG_CODE":"10374013","STD_REPORT_DATE":"2023-06-30 00:00:00","REPORT_DATE":"2023-09-30 00:00:00","DATE_TYPE_CODE":"002","REPORT_TYPE":"2023年中报","PER_NETCASH_OPERATE":-0.008837826867,"PER_OI":0.353027254779,"BPS":0.410225566022,"BASIC_EPS":0.01559971,"DILUTED_EPS":0.01559971,"OPERATE_INCOME":174036788.17,"OPERATE_INCOME_YOY":22.6746291375,"GROSS_PROFIT":138161125.69,"GROSS_PROFIT_YOY":-2.989374192265,"HOLDER_PROFIT":7769573.21,"HOLDER_PROFIT_YOY":-45.9495691031,"GROSS_PROFIT_RATIO":78.641651031895,"EPS_TTM":0.038197881696,"OPERATE_INCOME_QOQ":0,"NET_PROFIT_RATIO":4.2361475922,"ROE_AVG":3.743611057072,"GROSS_PROFIT_QOQ":0,"ROA":1.627513375999,"HOLDER_PROFIT_QOQ":0,"ROE_YEARLY":7.487222114143,"ROIC_YEARLY":6.899094529491,"TOTAL_ASSETS":461332059.09,"TOTAL_LIABILITIES":259097418.65,"TAX_EBT":32.529012480841,"OCF_SALES":-2.375484677924,"TOTAL_PARENT_EQUITY":202234640.44,"DEBT_ASSET_RATIO":56.1628903834,"OPERATE_PROFIT":21445013.1,"PRETAX_PROFIT":20954081.05,"NETCASH_OPERATE":-4356907.24,"NETCASH_INVEST":3201611.07,"NETCASH_FINANCE":-4889132.64,"END_CASH":241467911.09,"DIVI_RATIO":null,"DIVIDEND_RATE":null,"CURRENT_RATIO":1.872937843693,"COMMON_ACS":10000000000,"CURRENTDEBT_DEBT":68.010837420977,"ISSUED_COMMON_SHARES":492984000,"HK_COMMON_SHARES":492984000,"PER_SHARES":2000,"TOTAL_MARKET_CAP":122260032,"HKSK_MARKET_CAP":122260032,"PE_TTM":5.41860710012,"PB_TTM":0.479272553362,"REPORT_DATE_SQ":"2022-06-30 00:00:00","REPORT_TYPE_SQ":"2022年中报","OPERATE_INCOME_SQ":147361313.64,"DPS_HKD":null,"OPERATE_INCOME_QOQ_SQ":0,"NET_PROFIT_RATIO_SQ":11.2256108414,"HOLDER_PROFIT_SQ":14168052.6,"HOLDER_PROFIT_QOQ_SQ":0,"ROE_AVG_SQ":6.97198299842,"PE_TTM_SQ":8.955204359673,"PB_TTM_SQ":0.581591738207,"ROA_SQ":2.787669124229,"START_DATE":"2023-04-01 00:00:00","FISCAL_YEAR":"3-31","CURRENCY":"HKD","IS_CNY_CODE":0,"DPS_HKD_LY":null,"ORG_TYPE":"一般企业","PREMIUM_INCOME":null,"PREMIUM_INCOME_YOY":null,"NET_INTEREST_INCOME":null,"NET_INTEREST_INCOME_YOY":null,"FEE_COMMISSION_INCOME":null,"FEE_COMMISSION_INCOME_YOY":null,"ACCOUNTS_RECE_TDAYS":2.147115428157,"INVENTORY_TDAYS":40.890804597701,"CURRENT_ASSETS_TDAYS":0.540258188679,"TOTAL_ASSETS_TDAYS":0.384196570247,"PREMIUM_EXPENSE":null,"LOAN_DEPOSIT":null,"LOAN_EQUITY":null,"LOAN_ASSETS":null,"DEPOSIT_EQUITY":null,"DEPOSIT_ASSETS":null,"EQUITY_MULTIPLIER":2.281172296135,"EQUITY_RATIO":1.281172296132},{"SECUCODE":"02080.HK","SECURITY_CODE":"02080","SECURITY_NAME_ABBR":"奥克斯国际","ORG_CODE":"10374013","STD_REPORT_DATE":"2022-12-31 00:00:00","REPORT_DATE":"2023-03-31 00:00:00","DATE_TYPE_CODE":"001","REPORT_TYPE":"2022年年报","PER_NETCASH_OPERATE":0.043288920087,"PER_OI":0.667888478713,"BPS":0.411892884881,"BASIC_EPS":0.03851804,"DILUTED_EPS":0.03851804,"OPERATE_INCOME":329258333.79,"OPERATE_INCOME_YOY":11.1558368487,"GROSS_PROFIT":281698183.9,"GROSS_PROFIT_YOY":-0.633251986394,"HOLDER_PROFIT":18830944.51,"HOLDER_PROFIT_YOY":74.9288444336,"GROSS_PROFIT_RATIO":84.556727408258,"EPS_TTM":0.034367385372,"OPERATE_INCOME_QOQ":0,"NET_PROFIT_RATIO":6.0781884299,"ROE_AVG":9.269485591166,"GROSS_PROFIT_QOQ":0,"ROA":3.773601455339,"HOLDER_PROFIT_QOQ":0,"ROE_YEARLY":9.269485591166,"ROIC_YEARLY":8.407841481838,"TOTAL_ASSETS":470742973.4,"TOTAL_LIABILITIES":267686371.44,"TAX_EBT":25.086729362591,"OCF_SALES":6.139131485903,"TOTAL_PARENT_EQUITY":203056601.96,"DEBT_ASSET_RATIO":56.8646557816,"OPERATE_PROFIT":64080887.41,"PRETAX_PROFIT":62832552.75,"NETCASH_OPERATE":21340744.98,"NETCASH_INVEST":8987834.47,"NETCASH_FINANCE":-52052754.01,"END_CASH":250748063.35,"DIVI_RATIO":null,"DIVIDEND_RATE":null,"CURRENT_RATIO":1.62106627333,"COMMON_ACS":10000000000,"CURRENTDEBT_DEBT":76.712319807446,"ISSUED_COMMON_SHARES":492984000,"HK_COMMON_SHARES":492984000,"PER_SHARES":2000,"TOTAL_MARKET_CAP":119302128,"HKSK_MARKET_CAP":119302128,"PE_TTM":5.287511767052,"PB_TTM":0.467677249652,"REPORT_DATE_SQ":"2021-12-31 00:00:00","REPORT_TYPE_SQ":"2021年年报","OPERATE_INCOME_SQ":289724401.39,"DPS_HKD":null,"OPERATE_INCOME_QOQ_SQ":0,"NET_PROFIT_RATIO_SQ":-0.0302318616,"HOLDER_PROFIT_SQ":9972989.97,"HOLDER_PROFIT_QOQ_SQ":0,"ROE_AVG_SQ":6.685695645082,"PE_TTM_SQ":5.958618381293,"PB_TTM_SQ":0.581591738207,"ROA_SQ":2.34321184087,"START_DATE":"2022-04-01 00:00:00","FISCAL_YEAR":"3-31","CURRENCY":"HKD","IS_CNY_CODE":0,"DPS_HKD_LY":null,"ORG_TYPE":"一般企业","PREMIUM_INCOME":null,"PREMIUM_INCOME_YOY":null,"NET_INTEREST_INCOME":null,"NET_INTEREST_INCOME_YOY":null,"FEE_COMMISSION_INCOME":null,"FEE_COMMISSION_INCOME_YOY":null,"ACCOUNTS_RECE_TDAYS":4.201977432689,"INVENTORY_TDAYS":68.826038159371,"CURRENT_ASSETS_TDAYS":0.978562856249,"TOTAL_ASSETS_TDAYS":0.696604969134,"PREMIUM_EXPENSE":null,"LOAN_DEPOSIT":null,"LOAN_EQUITY":null,"LOAN_ASSETS":null,"DEPOSIT_EQUITY":null,"DEPOSIT_ASSETS":null,"EQUITY_MULTIPLIER":2.318284502233,"EQUITY_RATIO":1.318284502233},{"SECUCODE":"02080.HK","SECURITY_CODE":"02080","SECURITY_NAME_ABBR":"奥克斯国际","ORG_CODE":"10374013","STD_REPORT_DATE":"2022-06-30 00:00:00","REPORT_DATE":"2022-09-30 00:00:00","DATE_TYPE_CODE":"002","REPORT_TYPE":"2022年中报","PER_NETCASH_OPERATE":-0.021424732486,"PER_OI":0.29891703106,"BPS":0.398482044935,"BASIC_EPS":0.02894208,"DILUTED_EPS":0.02894208,"OPERATE_INCOME":147361313.64,"OPERATE_INCOME_YOY":-3.0340000833,"GROSS_PROFIT":142418549.04,"GROSS_PROFIT_YOY":4.47093850068,"HOLDER_PROFIT":14168052.6,"HOLDER_PROFIT_YOY":81.2868880917,"GROSS_PROFIT_RATIO":98.523915031516,"EPS_TTM":0.020229845127,"OPERATE_INCOME_QOQ":0,"NET_PROFIT_RATIO":11.2256108414,"ROE_AVG":6.97198299842,"GROSS_PROFIT_QOQ":0,"ROA":2.787669124229,"HOLDER_PROFIT_QOQ":0,"ROE_YEARLY":13.94396599684,"ROIC_YEARLY":12.399081842647,"TOTAL_ASSETS":471701637.6,"TOTAL_LIABILITIES":275256365.16,"TAX_EBT":24.642577561699,"OCF_SALES":-7.167451252371,"TOTAL_PARENT_EQUITY":196445272.44,"DEBT_ASSET_RATIO":58.3539134103,"OPERATE_PROFIT":22813594.56,"PRETAX_PROFIT":21951663.24,"NETCASH_OPERATE":-10562050.32,"NETCASH_INVEST":5955737.4,"NETCASH_FINANCE":-18568153.2,"END_CASH":250135544.16,"DIVI_RATIO":null,"DIVIDEND_RATE":null,"CURRENT_RATIO":1.617171779303,"COMMON_ACS":10000000000,"CURRENTDEBT_DEBT":74.786997394353,"ISSUED_COMMON_SHARES":492984000,"HK_COMMON_SHARES":492984000,"PER_SHARES":2000,"TOTAL_MARKET_CAP":119302128,"HKSK_MARKET_CAP":119302128,"PE_TTM":5.287511767052,"PB_TTM":0.467677249652,"REPORT_DATE_SQ":"2021-06-30 00:00:00","REPORT_TYPE_SQ":"2021年中报","OPERATE_INCOME_SQ":139978238.74,"DPS_HKD":null,"OPERATE_INCOME_QOQ_SQ":0,"NET_PROFIT_RATIO_SQ":5.1425646763,"HOLDER_PROFIT_SQ":7198471.46,"HOLDER_PROFIT_QOQ_SQ":0,"ROE_AVG_SQ":6.086968772674,"PE_TTM_SQ":5.958618381293,"PB_TTM_SQ":0.581591738207,"ROA_SQ":1.864295430739,"START_DATE":"2022-04-01 00:00:00","FISCAL_YEAR":"3-31","CURRENCY":"HKD","IS_CNY_CODE":0,"DPS_HKD_LY":null,"ORG_TYPE":"一般企业","PREMIUM_INCOME":null,"PREMIUM_INCOME_YOY":null,"NET_INTEREST_INCOME":null,"NET_INTEREST_INCOME_YOY":null,"FEE_COMMISSION_INCOME":null,"FEE_COMMISSION_INCOME_YOY":null,"ACCOUNTS_RECE_TDAYS":1.869385881881,"INVENTORY_TDAYS":4.376706096451,"CURRENT_ASSETS_TDAYS":0.407633224919,"TOTAL_ASSETS_TDAYS":0.289944282209,"PREMIUM_EXPENSE":null,"LOAN_DEPOSIT":null,"LOAN_EQUITY":null,"LOAN_ASSETS":null,"DEPOSIT_EQUITY":null,"DEPOSIT_ASSETS":null,"EQUITY_MULTIPLIER":2.401185998224,"EQUITY_RATIO":1.401185998223},{"SECUCODE":"02080.HK","SECURITY_CODE":"02080","SECURITY_NAME_ABBR":"奥克斯国际","ORG_CODE":"10374013","STD_REPORT_DATE":"2021-12-31 00:00:00","REPORT_DATE":"2022-03-31 00:00:00","DATE_TYPE_CODE":"001","REPORT_TYPE":"2021年年报","PER_NETCASH_OPERATE":0.085030495655,"PER_OI":0.587695343845,"BPS":0.381942173965,"BASIC_EPS":0.02595232,"DILUTED_EPS":0.02595232,"OPERATE_INCOME":289724401.39,"OPERATE_INCOME_YOY":17.9368585077,"GROSS_PROFIT":283493411.56,"GROSS_PROFIT_YOY":12.240778738295,"HOLDER_PROFIT":9972989.97,"HOLDER_PROFIT_YOY":242.6400649577,"GROSS_PROFIT_RATIO":97.849338957953,"EPS_TTM":0.016237219615,"OPERATE_INCOME_QOQ":0,"NET_PROFIT_RATIO":-0.0302318616,"ROE_AVG":6.685695645082,"GROSS_PROFIT_QOQ":0,"ROA":2.34321184087,"HOLDER_PROFIT_QOQ":0,"ROE_YEARLY":6.685695645082,"ROIC_YEARLY":5.119132116237,"TOTAL_ASSETS":488502141.38,"TOTAL_LIABILITIES":290704912.48,"TAX_EBT":100.584320727155,"OCF_SALES":14.468465089198,"TOTAL_PARENT_EQUITY":188291380.69,"DEBT_ASSET_RATIO":59.5094448632,"OPERATE_PROFIT":16895771.33,"PRETAX_PROFIT":14989897.83,"NETCASH_OPERATE":41918673.87,"NETCASH_INVEST":-51945190.5,"NETCASH_FINANCE":85490997.13,"END_CASH":267822265.33,"DIVI_RATIO":null,"DIVIDEND_RATE":null,"CURRENT_RATIO":1.35290390575,"COMMON_ACS":10000000000,"CURRENTDEBT_DEBT":88.942329152346,"ISSUED_COMMON_SHARES":492984000,"HK_COMMON_SHARES":492984000,"PER_SHARES":2000,"TOTAL_MARKET_CAP":119302128,"HKSK_MARKET_CAP":119302128,"PE_TTM":5.287511767052,"PB_TTM":0.467677249652,"REPORT_DATE_SQ":"2020-12-31 00:00:00","REPORT_TYPE_SQ":"2020年年报","OPERATE_INCOME_SQ":256010938.26,"DPS_HKD":null,"OPERATE_INCOME_QOQ_SQ":0,"NET_PROFIT_RATIO_SQ":-2.8460880732,"HOLDER_PROFIT_SQ":-7286296.78,"HOLDER_PROFIT_QOQ_SQ":0,"ROE_AVG_SQ":-6.529452975593,"PE_TTM_SQ":5.958618381293,"PB_TTM_SQ":0.581591738207,"ROA_SQ":-1.958336788041,"START_DATE":"2021-04-01 00:00:00","FISCAL_YEAR":"3-31","CURRENCY":"HKD","IS_CNY_CODE":0,"DPS_HKD_LY":null,"ORG_TYPE":"一般企业","PREMIUM_INCOME":null,"PREMIUM_INCOME_YOY":null,"NET_INTEREST_INCOME":null,"NET_INTEREST_INCOME_YOY":null,"FEE_COMMISSION_INCOME":null,"FEE_COMMISSION_INCOME_YOY":null,"ACCOUNTS_RECE_TDAYS":3.946520106054,"INVENTORY_TDAYS":14.136154553818,"CURRENT_ASSETS_TDAYS":0.945319301514,"TOTAL_ASSETS_TDAYS":0.680724286266,"PREMIUM_EXPENSE":null,"LOAN_DEPOSIT":null,"LOAN_EQUITY":null,"LOAN_ASSETS":null,"DEPOSIT_EQUITY":null,"DEPOSIT_ASSETS":null,"EQUITY_MULTIPLIER":2.469711755301,"EQUITY_RATIO":1.543909824309},{"SECUCODE":"02080.HK","SECURITY_CODE":"02080","SECURITY_NAME_ABBR":"奥克斯国际","ORG_CODE":"10374013","STD_REPORT_DATE":"2021-06-30 00:00:00","REPORT_DATE":"2021-09-30 00:00:00","DATE_TYPE_CODE":"002","REPORT_TYPE":"2021年中报","PER_NETCASH_OPERATE":0.031990868944,"PER_OI":0.373291230399,"BPS":0.250478686164,"BASIC_EPS":0.01916038,"DILUTED_EPS":0.01916038,"OPERATE_INCOME":139978238.74,"OPERATE_INCOME_YOY":22.4567284918,"GROSS_PROFIT":136323604.52,"GROSS_PROFIT_YOY":15.193272388095,"HOLDER_PROFIT":7198471.46,"HOLDER_PROFIT_YOY":222.9335609617,"GROSS_PROFIT_RATIO":97.389141160157,"EPS_TTM":-0.019430953801,"OPERATE_INCOME_QOQ":0,"NET_PROFIT_RATIO":5.1425646763,"ROE_AVG":6.086968772674,"GROSS_PROFIT_QOQ":0,"ROA":1.864295430739,"HOLDER_PROFIT_QOQ":0,"ROE_YEARLY":12.173937545348,"ROIC_YEARLY":7.721331507474,"TOTAL_ASSETS":399662201.12,"TOTAL_LIABILITIES":276180216.5,"TAX_EBT":41.858430897591,"OCF_SALES":8.569949234953,"TOTAL_PARENT_EQUITY":123481984.62,"DEBT_ASSET_RATIO":69.1034117627,"OPERATE_PROFIT":13379776.66,"PRETAX_PROFIT":12380937.72,"NETCASH_OPERATE":11996064,"NETCASH_INVEST":2019337.44,"NETCASH_FINANCE":3664630.94,"END_CASH":210062743.48,"DIVI_RATIO":null,"DIVIDEND_RATE":null,"CURRENT_RATIO":1.199038889502,"COMMON_ACS":10000000000,"CURRENTDEBT_DEBT":90.13528391524,"ISSUED_COMMON_SHARES":492984000,"HK_COMMON_SHARES":492984000,"PER_SHARES":2000,"TOTAL_MARKET_CAP":119302128,"HKSK_MARKET_CAP":119302128,"PE_TTM":5.287511767052,"PB_TTM":0.467677249652,"REPORT_DATE_SQ":"2020-06-30 00:00:00","REPORT_TYPE_SQ":"2020年中报","OPERATE_INCOME_SQ":120573564.8,"DPS_HKD":null,"OPERATE_INCOME_QOQ_SQ":0,"NET_PROFIT_RATIO_SQ":-5.1226177896,"HOLDER_PROFIT_SQ":-6176522.88,"HOLDER_PROFIT_QOQ_SQ":0,"ROE_AVG_SQ":-5.464234490211,"PE_TTM_SQ":5.958618381293,"PB_TTM_SQ":0.581591738207,"ROA_SQ":-1.661311346385,"START_DATE":"2021-04-01 00:00:00","FISCAL_YEAR":"3-31","CURRENCY":"HKD","IS_CNY_CODE":0,"DPS_HKD_LY":null,"ORG_TYPE":"一般企业","PREMIUM_INCOME":null,"PREMIUM_INCOME_YOY":null,"NET_INTEREST_INCOME":null,"NET_INTEREST_INCOME_YOY":null,"FEE_COMMISSION_INCOME":null,"FEE_COMMISSION_INCOME_YOY":null,"ACCOUNTS_RECE_TDAYS":1.791726425003,"INVENTORY_TDAYS":8.101569713758,"CURRENT_ASSETS_TDAYS":0.492189307861,"TOTAL_ASSETS_TDAYS":0.362522505418,"PREMIUM_EXPENSE":null,"LOAN_DEPOSIT":null,"LOAN_EQUITY":null,"LOAN_ASSETS":null,"DEPOSIT_EQUITY":null,"DEPOSIT_ASSETS":null,"EQUITY_MULTIPLIER":3.236603317879,"EQUITY_RATIO":2.236603317884},{"SECUCODE":"02080.HK","SECURITY_CODE":"02080","SECURITY_NAME_ABBR":"奥克斯国际","ORG_CODE":"10374013","STD_REPORT_DATE":"2020-12-31 00:00:00","REPORT_DATE":"2021-03-31 00:00:00","DATE_TYPE_CODE":"001","REPORT_TYPE":"2020年年报","PER_NETCASH_OPERATE":0.109235723924,"PER_OI":0.682724964959,"BPS":0.23263091577,"BASIC_EPS":-0.01943914,"DILUTED_EPS":-0.01943914,"OPERATE_INCOME":256010938.26,"OPERATE_INCOME_YOY":-10.9023684303,"GROSS_PROFIT":252576126.74,"GROSS_PROFIT_YOY":-15.561757962371,"HOLDER_PROFIT":-7286296.78,"HOLDER_PROFIT_YOY":-165.2463482933,"GROSS_PROFIT_RATIO":98.658334076136,"EPS_TTM":-0.028596790876,"OPERATE_INCOME_QOQ":0,"NET_PROFIT_RATIO":-2.8460880732,"ROE_AVG":-6.529452975593,"GROSS_PROFIT_QOQ":0,"ROA":-1.958336788041,"HOLDER_PROFIT_QOQ":0,"ROE_YEARLY":-6.529452975593,"ROIC_YEARLY":-3.861520958191,"TOTAL_ASSETS":378004219.46,"TOTAL_LIABILITIES":263320900.08,"TAX_EBT":222.145083593086,"OCF_SALES":15.99996038388,"TOTAL_PARENT_EQUITY":114683319.38,"DEBT_ASSET_RATIO":69.6608361822,"OPERATE_PROFIT":7981879.92,"PRETAX_PROFIT":5965280.44,"NETCASH_OPERATE":40961648.7,"NETCASH_INVEST":2236346.28,"NETCASH_FINANCE":-40601602.02,"END_CASH":192023205.64,"DIVI_RATIO":null,"DIVIDEND_RATE":null,"CURRENT_RATIO":1.603356096018,"COMMON_ACS":10000000000,"CURRENTDEBT_DEBT":64.957182657371,"ISSUED_COMMON_SHARES":492984000,"HK_COMMON_SHARES":492984000,"PER_SHARES":2000,"TOTAL_MARKET_CAP":119302128,"HKSK_MARKET_CAP":119302128,"PE_TTM":5.287511767052,"PB_TTM":0.467677249652,"REPORT_DATE_SQ":"2019-12-31 00:00:00","REPORT_TYPE_SQ":"2019年年报","OPERATE_INCOME_SQ":310632416.4,"DPS_HKD":null,"OPERATE_INCOME_QOQ_SQ":0,"NET_PROFIT_RATIO_SQ":3.886496535,"HOLDER_PROFIT_SQ":12072718.1,"HOLDER_PROFIT_QOQ_SQ":0,"ROE_AVG_SQ":10.218001562125,"PE_TTM_SQ":5.958618381293,"PB_TTM_SQ":0.581591738207,"ROA_SQ":3.069464255017,"START_DATE":"2020-04-01 00:00:00","FISCAL_YEAR":"3-31","CURRENCY":"HKD","IS_CNY_CODE":0,"DPS_HKD_LY":null,"ORG_TYPE":"一般企业","PREMIUM_INCOME":null,"PREMIUM_INCOME_YOY":null,"NET_INTEREST_INCOME":null,"NET_INTEREST_INCOME_YOY":null,"FEE_COMMISSION_INCOME":null,"FEE_COMMISSION_INCOME_YOY":null,"ACCOUNTS_RECE_TDAYS":3.328721510363,"INVENTORY_TDAYS":5.62102351314,"CURRENT_ASSETS_TDAYS":0.966111912022,"TOTAL_ASSETS_TDAYS":0.688080178002,"PREMIUM_EXPENSE":null,"LOAN_DEPOSIT":null,"LOAN_EQUITY":null,"LOAN_ASSETS":null,"DEPOSIT_EQUITY":null,"DEPOSIT_ASSETS":null,"EQUITY_MULTIPLIER":3.296069746699,"EQUITY_RATIO":2.296069746704},{"SECUCODE":"02080.HK","SECURITY_CODE":"02080","SECURITY_NAME_ABBR":"奥克斯国际","ORG_CODE":"10374013","STD_REPORT_DATE":"2020-06-30 00:00:00","REPORT_DATE":"2020-09-30 00:00:00","DATE_TYPE_CODE":"002","REPORT_TYPE":"2020年中报","PER_NETCASH_OPERATE":0.028860739445,"PER_OI":0.321543225311,"BPS":0.229756197524,"BASIC_EPS":-0.01669568,"DILUTED_EPS":-0.01669568,"OPERATE_INCOME":120573564.8,"OPERATE_INCOME_YOY":-21.0305196337,"GROSS_PROFIT":118343373.44,"GROSS_PROFIT_YOY":-20.700386429283,"HOLDER_PROFIT":-6176522.88,"HOLDER_PROFIT_YOY":-138.1492537313,"GROSS_PROFIT_RATIO":98.150347994024,"EPS_TTM":0.032195288599,"OPERATE_INCOME_QOQ":0,"NET_PROFIT_RATIO":-5.1226177896,"ROE_AVG":-5.464234490211,"GROSS_PROFIT_QOQ":0,"ROA":-1.661311346385,"HOLDER_PROFIT_QOQ":0,"ROE_YEARLY":-10.928468980422,"ROIC_YEARLY":-6.265054871595,"TOTAL_ASSETS":362915753.6,"TOTAL_LIABILITIES":249649624.32,"TAX_EBT":20773.5294117647,"OCF_SALES":8.975695077069,"TOTAL_PARENT_EQUITY":113266129.28,"DEBT_ASSET_RATIO":68.7899662232,"OPERATE_PROFIT":1117731.84,"PRETAX_PROFIT":29876.48,"NETCASH_OPERATE":10822315.52,"NETCASH_INVEST":1469219.84,"NETCASH_FINANCE":-33667278.08,"END_CASH":167562238.08,"DIVI_RATIO":null,"DIVIDEND_RATE":null,"CURRENT_RATIO":1.588503115182,"COMMON_ACS":10000000000,"CURRENTDEBT_DEBT":66.098568844023,"ISSUED_COMMON_SHARES":492984000,"HK_COMMON_SHARES":492984000,"PER_SHARES":2000,"TOTAL_MARKET_CAP":119302128,"HKSK_MARKET_CAP":119302128,"PE_TTM":5.287511767052,"PB_TTM":0.467677249652,"REPORT_DATE_SQ":"2019-06-30 00:00:00","REPORT_TYPE_SQ":"2019年中报","OPERATE_INCOME_SQ":156730551.57,"DPS_HKD":null,"OPERATE_INCOME_QOQ_SQ":0,"NET_PROFIT_RATIO_SQ":10.6038893397,"HOLDER_PROFIT_SQ":16619534.25,"HOLDER_PROFIT_QOQ_SQ":0,"ROE_AVG_SQ":13.90497824635,"PE_TTM_SQ":5.958618381293,"PB_TTM_SQ":0.581591738207,"ROA_SQ":4.274173437491,"START_DATE":"2020-04-01 00:00:00","FISCAL_YEAR":"3-31","CURRENCY":"HKD","IS_CNY_CODE":0,"DPS_HKD_LY":null,"ORG_TYPE":"一般企业","PREMIUM_INCOME":null,"PREMIUM_INCOME_YOY":null,"NET_INTEREST_INCOME":null,"NET_INTEREST_INCOME_YOY":null,"FEE_COMMISSION_INCOME":null,"FEE_COMMISSION_INCOME_YOY":null,"ACCOUNTS_RECE_TDAYS":1.421489914948,"INVENTORY_TDAYS":3.032258064516,"CURRENT_ASSETS_TDAYS":0.456709686546,"TOTAL_ASSETS_TDAYS":0.324309057326,"PREMIUM_EXPENSE":null,"LOAN_DEPOSIT":null,"LOAN_EQUITY":null,"LOAN_ASSETS":null,"DEPOSIT_EQUITY":null,"DEPOSIT_ASSETS":null,"EQUITY_MULTIPLIER":3.204097781988,"EQUITY_RATIO":2.204097781984}],"count":26},"success":true,"message":"ok","code":0}