{"version":"25e723f110472626634aea67a5fd3a58","result":{"pages":5,"data":[{"SECUCODE":"02088.HK","SECURITY_CODE":"02088","SECURITY_NAME_ABBR":"西王置业","ORG_CODE":"10010846","STD_REPORT_DATE":"2024-06-30 00:00:00","REPORT_DATE":"2024-06-30 00:00:00","DATE_TYPE_CODE":"002","REPORT_TYPE":"2024年中报","PER_NETCASH_OPERATE":-0.006099585737,"PER_OI":0.00098808604,"BPS":0.306652360676,"BASIC_EPS":-0.001,"DILUTED_EPS":-0.001,"OPERATE_INCOME":1392000,"OPERATE_INCOME_YOY":-86.5011636928,"GROSS_PROFIT":776000,"GROSS_PROFIT_YOY":11.01573676681,"HOLDER_PROFIT":-1839000,"HOLDER_PROFIT_YOY":4.368174727,"GROSS_PROFIT_RATIO":55.747126436782,"EPS_TTM":-0.095371597858,"OPERATE_INCOME_QOQ":-42.905242905243,"NET_PROFIT_RATIO":-132.1120689655,"ROE_AVG":-0.424876655234,"GROSS_PROFIT_QOQ":5.339805825243,"ROA":-0.325226832009,"HOLDER_PROFIT_QOQ":0.062480474852,"ROE_YEARLY":-0.849753310468,"ROIC_YEARLY":-0.881237758091,"TOTAL_ASSETS":563355000,"TOTAL_LIABILITIES":131348000,"TAX_EBT":-40.274599542334,"OCF_SALES":-617.313218390805,"TOTAL_PARENT_EQUITY":432007000,"DEBT_ASSET_RATIO":23.3153162748,"OPERATE_PROFIT":-1256000,"PRETAX_PROFIT":-1311000,"NETCASH_OPERATE":-8593000,"NETCASH_INVEST":3270000,"NETCASH_FINANCE":-464000,"END_CASH":145286000,"DIVI_RATIO":null,"DIVIDEND_RATE":null,"CURRENT_RATIO":8.103226496107,"COMMON_ACS":4000000000,"CURRENTDEBT_DEBT":42.733045040655,"ISSUED_COMMON_SHARES":1408784198,"HK_COMMON_SHARES":1408784198,"PER_SHARES":2000,"TOTAL_MARKET_CAP":39445957.544,"HKSK_MARKET_CAP":39445957.544,"PE_TTM":-0.266016418916,"PB_TTM":0.083335539774,"REPORT_DATE_SQ":"2023-06-30 00:00:00","REPORT_TYPE_SQ":"2023年中报","OPERATE_INCOME_SQ":10312000,"DPS_HKD":null,"OPERATE_INCOME_QOQ_SQ":-27.037457434733,"NET_PROFIT_RATIO_SQ":-18.6481768813,"HOLDER_PROFIT_SQ":-1923000,"HOLDER_PROFIT_QOQ_SQ":18.139661756683,"ROE_AVG_SQ":-0.339029965277,"PE_TTM_SQ":-13.024319317053,"PB_TTM_SQ":0.137534702627,"ROA_SQ":-0.264197707264,"START_DATE":"2024-01-01 00:00:00","FISCAL_YEAR":"12-31","CURRENCY":"HKD","IS_CNY_CODE":0,"DPS_HKD_LY":null,"ORG_TYPE":"一般企业","PREMIUM_INCOME":null,"PREMIUM_INCOME_YOY":null,"NET_INTEREST_INCOME":null,"NET_INTEREST_INCOME_YOY":null,"FEE_COMMISSION_INCOME":null,"FEE_COMMISSION_INCOME_YOY":null,"ACCOUNTS_RECE_TDAYS":4.998204667864,"INVENTORY_TDAYS":0.002061000254,"CURRENT_ASSETS_TDAYS":0.003047809223,"TOTAL_ASSETS_TDAYS":0.002461749593,"PREMIUM_EXPENSE":null,"LOAN_DEPOSIT":null,"LOAN_EQUITY":null,"LOAN_ASSETS":null,"DEPOSIT_EQUITY":null,"DEPOSIT_ASSETS":null,"EQUITY_MULTIPLIER":1.3040413697,"EQUITY_RATIO":0.3040413697},{"SECUCODE":"02088.HK","SECURITY_CODE":"02088","SECURITY_NAME_ABBR":"西王置业","ORG_CODE":"10010846","STD_REPORT_DATE":"2023-12-31 00:00:00","REPORT_DATE":"2023-12-31 00:00:00","DATE_TYPE_CODE":"001","REPORT_TYPE":"2023年年报","PER_NETCASH_OPERATE":-0.001788776452,"PER_OI":0.014757405733,"BPS":0.307822873521,"BASIC_EPS":-0.095,"DILUTED_EPS":-0.095,"OPERATE_INCOME":20790000,"OPERATE_INCOME_YOY":-57.0942111237,"GROSS_PROFIT":1442000,"GROSS_PROFIT_YOY":54.389721627409,"HOLDER_PROFIT":-134442000,"HOLDER_PROFIT_YOY":-1733.6333878887,"GROSS_PROFIT_RATIO":6.936026936027,"EPS_TTM":-0.095431223739,"OPERATE_INCOME_QOQ":-41.194772868699,"NET_PROFIT_RATIO":-646.6666666667,"ROE_AVG":-26.849950870354,"GROSS_PROFIT_QOQ":-1.771117166213,"ROA":-20.768503528307,"HOLDER_PROFIT_QOQ":-2139.95334888371,"ROE_YEARLY":-26.849950870354,"ROIC_YEARLY":-27.070039968187,"TOTAL_ASSETS":567548000,"TOTAL_LIABILITIES":133892000,"TAX_EBT":11.633287542477,"OCF_SALES":-12.121212121212,"TOTAL_PARENT_EQUITY":433656000,"DEBT_ASSET_RATIO":23.5913085765,"OPERATE_PROFIT":-151986000,"PRETAX_PROFIT":-152141000,"NETCASH_OPERATE":-2520000,"NETCASH_INVEST":3273000,"NETCASH_FINANCE":-919000,"END_CASH":150882000,"DIVI_RATIO":null,"DIVIDEND_RATE":null,"CURRENT_RATIO":7.875281188289,"COMMON_ACS":4000000000,"CURRENTDEBT_DEBT":43.494010097691,"ISSUED_COMMON_SHARES":1408784198,"HK_COMMON_SHARES":1408784198,"PER_SHARES":2000,"TOTAL_MARKET_CAP":43672310.138,"HKSK_MARKET_CAP":43672310.138,"PE_TTM":-0.294518178085,"PB_TTM":0.092264347607,"REPORT_DATE_SQ":"2022-12-31 00:00:00","REPORT_TYPE_SQ":"2022年年报","OPERATE_INCOME_SQ":48455000,"DPS_HKD":null,"OPERATE_INCOME_QOQ_SQ":42.456047509849,"NET_PROFIT_RATIO_SQ":-15.1315653699,"HOLDER_PROFIT_SQ":-7332000,"HOLDER_PROFIT_QOQ_SQ":-3187.89237668161,"ROE_AVG_SQ":-1.28621198991,"PE_TTM_SQ":-14.326751248758,"PB_TTM_SQ":0.151288172889,"ROA_SQ":-1.008524036352,"START_DATE":"2023-01-01 00:00:00","FISCAL_YEAR":"12-31","CURRENCY":"HKD","IS_CNY_CODE":0,"DPS_HKD_LY":null,"ORG_TYPE":"一般企业","PREMIUM_INCOME":null,"PREMIUM_INCOME_YOY":null,"NET_INTEREST_INCOME":null,"NET_INTEREST_INCOME_YOY":null,"FEE_COMMISSION_INCOME":null,"FEE_COMMISSION_INCOME_YOY":null,"ACCOUNTS_RECE_TDAYS":4.603121886416,"INVENTORY_TDAYS":0.064711843659,"CURRENT_ASSETS_TDAYS":0.041373751847,"TOTAL_ASSETS_TDAYS":0.03211624257,"PREMIUM_EXPENSE":null,"LOAN_DEPOSIT":null,"LOAN_EQUITY":null,"LOAN_ASSETS":null,"DEPOSIT_EQUITY":null,"DEPOSIT_ASSETS":null,"EQUITY_MULTIPLIER":1.308751637242,"EQUITY_RATIO":0.308751637242},{"SECUCODE":"02088.HK","SECURITY_CODE":"02088","SECURITY_NAME_ABBR":"西王置业","ORG_CODE":"10010846","STD_REPORT_DATE":"2023-06-30 00:00:00","REPORT_DATE":"2023-06-30 00:00:00","DATE_TYPE_CODE":"002","REPORT_TYPE":"2023年中报","PER_NETCASH_OPERATE":0.000088728991,"PER_OI":0.007319786817,"BPS":0.402217032818,"BASIC_EPS":-0.001,"DILUTED_EPS":-0.001,"OPERATE_INCOME":10312000,"OPERATE_INCOME_YOY":-55.956092769,"GROSS_PROFIT":699000,"GROSS_PROFIT_YOY":323.636363636364,"HOLDER_PROFIT":-1923000,"HOLDER_PROFIT_YOY":40.8853366124,"GROSS_PROFIT_RATIO":6.778510473235,"EPS_TTM":-0.004260411217,"OPERATE_INCOME_QOQ":-27.037457434733,"NET_PROFIT_RATIO":-18.6481768813,"ROE_AVG":-0.339029965277,"GROSS_PROFIT_QOQ":57.173447537473,"ROA":-0.264197707264,"HOLDER_PROFIT_QOQ":18.139661756683,"ROE_YEARLY":-0.678059930554,"ROIC_YEARLY":-0.666533798948,"TOTAL_ASSETS":728604000,"TOTAL_LIABILITIES":161967000,"TAX_EBT":-1.638477801269,"OCF_SALES":1.212179984484,"TOTAL_PARENT_EQUITY":566637000,"DEBT_ASSET_RATIO":22.2297709044,"OPERATE_PROFIT":-1806000,"PRETAX_PROFIT":-1892000,"NETCASH_OPERATE":125000,"NETCASH_INVEST":253000,"NETCASH_FINANCE":-463000,"END_CASH":151198000,"DIVI_RATIO":null,"DIVIDEND_RATE":null,"CURRENT_RATIO":8.048996432085,"COMMON_ACS":4000000000,"CURRENTDEBT_DEBT":42.0499237499,"ISSUED_COMMON_SHARES":1408784198,"HK_COMMON_SHARES":1408784198,"PER_SHARES":2000,"TOTAL_MARKET_CAP":43672310.138,"HKSK_MARKET_CAP":43672310.138,"PE_TTM":-0.294518178085,"PB_TTM":0.092264347607,"REPORT_DATE_SQ":"2022-06-30 00:00:00","REPORT_TYPE_SQ":"2022年中报","OPERATE_INCOME_SQ":23413000,"DPS_HKD":null,"OPERATE_INCOME_QOQ_SQ":35.142437125035,"NET_PROFIT_RATIO_SQ":-13.8939905181,"HOLDER_PROFIT_SQ":-3253000,"HOLDER_PROFIT_QOQ_SQ":-102.871860914359,"ROE_AVG_SQ":-0.569336345991,"PE_TTM_SQ":-14.326751248758,"PB_TTM_SQ":0.151288172889,"ROA_SQ":-0.447787594783,"START_DATE":"2023-01-01 00:00:00","FISCAL_YEAR":"12-31","CURRENCY":"HKD","IS_CNY_CODE":0,"DPS_HKD_LY":null,"ORG_TYPE":"一般企业","PREMIUM_INCOME":null,"PREMIUM_INCOME_YOY":null,"NET_INTEREST_INCOME":null,"NET_INTEREST_INCOME_YOY":null,"FEE_COMMISSION_INCOME":null,"FEE_COMMISSION_INCOME_YOY":null,"ACCOUNTS_RECE_TDAYS":1.181552563735,"INVENTORY_TDAYS":0.032151899581,"CURRENT_ASSETS_TDAYS":0.018842257307,"TOTAL_ASSETS_TDAYS":0.014167481837,"PREMIUM_EXPENSE":null,"LOAN_DEPOSIT":null,"LOAN_EQUITY":null,"LOAN_ASSETS":null,"DEPOSIT_EQUITY":null,"DEPOSIT_ASSETS":null,"EQUITY_MULTIPLIER":1.285839082164,"EQUITY_RATIO":0.285839082164},{"SECUCODE":"02088.HK","SECURITY_CODE":"02088","SECURITY_NAME_ABBR":"西王置业","ORG_CODE":"10010846","STD_REPORT_DATE":"2022-12-31 00:00:00","REPORT_DATE":"2022-12-31 00:00:00","DATE_TYPE_CODE":"001","REPORT_TYPE":"2022年年报","PER_NETCASH_OPERATE":-0.002142982583,"PER_OI":0.034394905954,"BPS":0.403025531381,"BASIC_EPS":-0.005,"DILUTED_EPS":-0.005,"OPERATE_INCOME":48455000,"OPERATE_INCOME_YOY":92.5185744368,"GROSS_PROFIT":934000,"GROSS_PROFIT_YOY":34.582132564842,"HOLDER_PROFIT":-7332000,"HOLDER_PROFIT_YOY":-194.4236960721,"GROSS_PROFIT_RATIO":1.927561655144,"EPS_TTM":-0.005204487678,"OPERATE_INCOME_QOQ":42.456047509849,"NET_PROFIT_RATIO":-15.1315653699,"ROE_AVG":-1.28621198991,"GROSS_PROFIT_QOQ":402.150537634409,"ROA":-1.008524036352,"HOLDER_PROFIT_QOQ":-3187.89237668161,"ROE_YEARLY":-1.28621198991,"ROIC_YEARLY":-1.269310370795,"TOTAL_ASSETS":727124000,"TOTAL_LIABILITIES":159348000,"TAX_EBT":11.406476558724,"OCF_SALES":-6.230523165824,"TOTAL_PARENT_EQUITY":567776000,"DEBT_ASSET_RATIO":21.9148315831,"OPERATE_PROFIT":-8233000,"PRETAX_PROFIT":-8276000,"NETCASH_OPERATE":-3019000,"NETCASH_INVEST":3134000,"NETCASH_FINANCE":-642000,"END_CASH":150500000,"DIVI_RATIO":null,"DIVIDEND_RATE":null,"CURRENT_RATIO":8.389785482856,"COMMON_ACS":4000000000,"CURRENTDEBT_DEBT":40.868413786179,"ISSUED_COMMON_SHARES":1408784198,"HK_COMMON_SHARES":1408784198,"PER_SHARES":2000,"TOTAL_MARKET_CAP":43672310.138,"HKSK_MARKET_CAP":43672310.138,"PE_TTM":-0.294518178085,"PB_TTM":0.092264347607,"REPORT_DATE_SQ":"2021-12-31 00:00:00","REPORT_TYPE_SQ":"2021年年报","OPERATE_INCOME_SQ":25169000,"DPS_HKD":null,"OPERATE_INCOME_QOQ_SQ":-1.305779938828,"NET_PROFIT_RATIO_SQ":30.851444237,"HOLDER_PROFIT_SQ":7765000,"HOLDER_PROFIT_QOQ_SQ":264.443032613299,"ROE_AVG_SQ":1.36460292076,"PE_TTM_SQ":-14.326751248758,"PB_TTM_SQ":0.151288172889,"ROA_SQ":1.068923175191,"START_DATE":"2022-01-01 00:00:00","FISCAL_YEAR":"12-31","CURRENCY":"HKD","IS_CNY_CODE":0,"DPS_HKD_LY":null,"ORG_TYPE":"一般企业","PREMIUM_INCOME":null,"PREMIUM_INCOME_YOY":null,"NET_INTEREST_INCOME":null,"NET_INTEREST_INCOME_YOY":null,"FEE_COMMISSION_INCOME":null,"FEE_COMMISSION_INCOME_YOY":null,"ACCOUNTS_RECE_TDAYS":4.981750886753,"INVENTORY_TDAYS":0.158788925775,"CURRENT_ASSETS_TDAYS":0.088713575347,"TOTAL_ASSETS_TDAYS":0.066650343946,"PREMIUM_EXPENSE":null,"LOAN_DEPOSIT":null,"LOAN_EQUITY":null,"LOAN_ASSETS":null,"DEPOSIT_EQUITY":null,"DEPOSIT_ASSETS":null,"EQUITY_MULTIPLIER":1.280652933552,"EQUITY_RATIO":0.280652933551},{"SECUCODE":"02088.HK","SECURITY_CODE":"02088","SECURITY_NAME_ABBR":"西王置业","ORG_CODE":"10010846","STD_REPORT_DATE":"2022-06-30 00:00:00","REPORT_DATE":"2022-06-30 00:00:00","DATE_TYPE_CODE":"002","REPORT_TYPE":"2022年中报","PER_NETCASH_OPERATE":-0.001144249064,"PER_OI":0.016619294874,"BPS":0.404900907328,"BASIC_EPS":-0.002,"DILUTED_EPS":-0.002,"OPERATE_INCOME":23413000,"OPERATE_INCOME_YOY":60.7152663372,"GROSS_PROFIT":165000,"GROSS_PROFIT_YOY":-75.482912332838,"HOLDER_PROFIT":-3253000,"HOLDER_PROFIT_YOY":-168.7011615628,"GROSS_PROFIT_RATIO":0.704736684748,"EPS_TTM":-0.000158292519,"OPERATE_INCOME_QOQ":35.142437125035,"NET_PROFIT_RATIO":-13.8939905181,"ROE_AVG":-0.569336345991,"GROSS_PROFIT_QOQ":-73.198847262248,"ROA":-0.447787594783,"HOLDER_PROFIT_QOQ":-102.871860914359,"ROE_YEARLY":-1.138672691983,"ROIC_YEARLY":-1.124812524042,"TOTAL_ASSETS":726039000,"TOTAL_LIABILITIES":155621000,"TAX_EBT":null,"OCF_SALES":-6.885063853415,"TOTAL_PARENT_EQUITY":570418000,"DEBT_ASSET_RATIO":21.4342480225,"OPERATE_PROFIT":-3245000,"PRETAX_PROFIT":-3253000,"NETCASH_OPERATE":-1612000,"NETCASH_INVEST":189000,"NETCASH_FINANCE":-291000,"END_CASH":147873000,"DIVI_RATIO":null,"DIVIDEND_RATE":null,"CURRENT_RATIO":8.73224148696,"COMMON_ACS":4000000000,"CURRENTDEBT_DEBT":40.137899126725,"ISSUED_COMMON_SHARES":1408784198,"HK_COMMON_SHARES":1408784198,"PER_SHARES":2000,"TOTAL_MARKET_CAP":43672310.138,"HKSK_MARKET_CAP":43672310.138,"PE_TTM":-0.294518178085,"PB_TTM":0.092264347607,"REPORT_DATE_SQ":"2021-06-30 00:00:00","REPORT_TYPE_SQ":"2021年中报","OPERATE_INCOME_SQ":14568000,"DPS_HKD":null,"OPERATE_INCOME_QOQ_SQ":1.086094815285,"NET_PROFIT_RATIO_SQ":32.5027457441,"HOLDER_PROFIT_SQ":4735000,"HOLDER_PROFIT_QOQ_SQ":57.54360726488,"ROE_AVG_SQ":0.8337412532,"PE_TTM_SQ":-14.326751248758,"PB_TTM_SQ":0.151288172889,"ROA_SQ":0.653080928244,"START_DATE":"2022-01-01 00:00:00","FISCAL_YEAR":"12-31","CURRENCY":"HKD","IS_CNY_CODE":0,"DPS_HKD_LY":null,"ORG_TYPE":"一般企业","PREMIUM_INCOME":null,"PREMIUM_INCOME_YOY":null,"NET_INTEREST_INCOME":null,"NET_INTEREST_INCOME_YOY":null,"FEE_COMMISSION_INCOME":null,"FEE_COMMISSION_INCOME_YOY":null,"ACCOUNTS_RECE_TDAYS":2.366742481678,"INVENTORY_TDAYS":0.077634887612,"CURRENT_ASSETS_TDAYS":0.042901931897,"TOTAL_ASSETS_TDAYS":0.032228868603,"PREMIUM_EXPENSE":null,"LOAN_DEPOSIT":null,"LOAN_EQUITY":null,"LOAN_ASSETS":null,"DEPOSIT_EQUITY":null,"DEPOSIT_ASSETS":null,"EQUITY_MULTIPLIER":1.27281923081,"EQUITY_RATIO":0.27281923081},{"SECUCODE":"02088.HK","SECURITY_CODE":"02088","SECURITY_NAME_ABBR":"西王置业","ORG_CODE":"10010846","STD_REPORT_DATE":"2021-12-31 00:00:00","REPORT_DATE":"2021-12-31 00:00:00","DATE_TYPE_CODE":"001","REPORT_TYPE":"2021年年报","PER_NETCASH_OPERATE":0.001923644518,"PER_OI":0.017865759735,"BPS":0.406248168323,"BASIC_EPS":0.006,"DILUTED_EPS":0.004,"OPERATE_INCOME":25169000,"OPERATE_INCOME_YOY":-0.2338671318,"GROSS_PROFIT":694000,"GROSS_PROFIT_YOY":107.884571688253,"HOLDER_PROFIT":7765000,"HOLDER_PROFIT_YOY":169.8165797518,"GROSS_PROFIT_RATIO":2.757360244746,"EPS_TTM":0.005511844902,"OPERATE_INCOME_QOQ":-1.305779938828,"NET_PROFIT_RATIO":30.851444237,"ROE_AVG":1.36460292076,"GROSS_PROFIT_QOQ":107.507572479446,"ROA":1.068923175191,"HOLDER_PROFIT_QOQ":264.443032613299,"ROE_YEARLY":1.36460292076,"ROIC_YEARLY":1.33848963554,"TOTAL_ASSETS":726882000,"TOTAL_LIABILITIES":154566000,"TAX_EBT":557.033549146557,"OCF_SALES":10.767213635822,"TOTAL_PARENT_EQUITY":572316000,"DEBT_ASSET_RATIO":21.2642492179,"OPERATE_PROFIT":-1664000,"PRETAX_PROFIT":-1699000,"NETCASH_OPERATE":2691000,"NETCASH_INVEST":2946000,"NETCASH_FINANCE":-579000,"END_CASH":148233000,"DIVI_RATIO":null,"DIVIDEND_RATE":null,"CURRENT_RATIO":8.891740489838,"COMMON_ACS":4000000000,"CURRENTDEBT_DEBT":39.729306574538,"ISSUED_COMMON_SHARES":1408784198,"HK_COMMON_SHARES":1408784198,"PER_SHARES":2000,"TOTAL_MARKET_CAP":43672310.138,"HKSK_MARKET_CAP":43672310.138,"PE_TTM":-0.294518178085,"PB_TTM":0.092264347607,"REPORT_DATE_SQ":"2020-12-31 00:00:00","REPORT_TYPE_SQ":"2020年年报","OPERATE_INCOME_SQ":25228000,"DPS_HKD":null,"OPERATE_INCOME_QOQ_SQ":-76.180674887173,"NET_PROFIT_RATIO_SQ":-44.0859362613,"HOLDER_PROFIT_SQ":-11122000,"HOLDER_PROFIT_QOQ_SQ":83.134685955175,"ROE_AVG_SQ":-1.948042849236,"PE_TTM_SQ":-14.326751248758,"PB_TTM_SQ":0.151288172889,"ROA_SQ":-1.52019846504,"START_DATE":"2021-01-01 00:00:00","FISCAL_YEAR":"12-31","CURRENCY":"HKD","IS_CNY_CODE":0,"DPS_HKD_LY":null,"ORG_TYPE":"一般企业","PREMIUM_INCOME":null,"PREMIUM_INCOME_YOY":null,"NET_INTEREST_INCOME":null,"NET_INTEREST_INCOME_YOY":null,"FEE_COMMISSION_INCOME":null,"FEE_COMMISSION_INCOME_YOY":null,"ACCOUNTS_RECE_TDAYS":2.161078435582,"INVENTORY_TDAYS":0.081908921295,"CURRENT_ASSETS_TDAYS":0.046158402786,"TOTAL_ASSETS_TDAYS":0.034647427426,"PREMIUM_EXPENSE":null,"LOAN_DEPOSIT":null,"LOAN_EQUITY":null,"LOAN_ASSETS":null,"DEPOSIT_EQUITY":null,"DEPOSIT_ASSETS":null,"EQUITY_MULTIPLIER":1.270071079613,"EQUITY_RATIO":0.270071079613},{"SECUCODE":"02088.HK","SECURITY_CODE":"02088","SECURITY_NAME_ABBR":"西王置业","ORG_CODE":"10010846","STD_REPORT_DATE":"2021-06-30 00:00:00","REPORT_DATE":"2021-06-30 00:00:00","DATE_TYPE_CODE":"002","REPORT_TYPE":"2021年中报","PER_NETCASH_OPERATE":0.001706435949,"PER_OI":0.010340831492,"BPS":0.404675180776,"BASIC_EPS":0.003,"DILUTED_EPS":0.003,"OPERATE_INCOME":14568000,"OPERATE_INCOME_YOY":1.9168882048,"GROSS_PROFIT":673000,"GROSS_PROFIT_YOY":-39.641255605381,"HOLDER_PROFIT":4735000,"HOLDER_PROFIT_YOY":384.3843843844,"GROSS_PROFIT_RATIO":4.619714442614,"EPS_TTM":-0.003351826353,"OPERATE_INCOME_QOQ":1.086094815285,"NET_PROFIT_RATIO":32.5027457441,"ROE_AVG":0.8337412532,"GROSS_PROFIT_QOQ":-5.021586003181,"ROA":0.653080928244,"HOLDER_PROFIT_QOQ":57.54360726488,"ROE_YEARLY":1.667482506401,"ROIC_YEARLY":1.635572934118,"TOTAL_ASSETS":724068000,"TOTAL_LIABILITIES":153968000,"TAX_EBT":-6664.28571428571,"OCF_SALES":16.501922020868,"TOTAL_PARENT_EQUITY":570100000,"DEBT_ASSET_RATIO":21.264301143,"OPERATE_PROFIT":94000,"PRETAX_PROFIT":70000,"NETCASH_OPERATE":2404000,"NETCASH_INVEST":1476000,"NETCASH_FINANCE":-285000,"END_CASH":147678000,"DIVI_RATIO":null,"DIVIDEND_RATE":null,"CURRENT_RATIO":8.997298641034,"COMMON_ACS":4000000000,"CURRENTDEBT_DEBT":39.189961550452,"ISSUED_COMMON_SHARES":1408784198,"HK_COMMON_SHARES":1408784198,"PER_SHARES":2000,"TOTAL_MARKET_CAP":43672310.138,"HKSK_MARKET_CAP":43672310.138,"PE_TTM":-0.294518178085,"PB_TTM":0.092264347607,"REPORT_DATE_SQ":"2020-06-30 00:00:00","REPORT_TYPE_SQ":"2020年中报","OPERATE_INCOME_SQ":14294000,"DPS_HKD":null,"OPERATE_INCOME_QOQ_SQ":-5.181644017117,"NET_PROFIT_RATIO_SQ":-11.6482440185,"HOLDER_PROFIT_SQ":-1665000,"HOLDER_PROFIT_QOQ_SQ":-26.81679198477,"ROE_AVG_SQ":-0.289245286952,"PE_TTM_SQ":-14.326751248758,"PB_TTM_SQ":0.151288172889,"ROA_SQ":-0.227108425518,"START_DATE":"2021-01-01 00:00:00","FISCAL_YEAR":"12-31","CURRENCY":"HKD","IS_CNY_CODE":0,"DPS_HKD_LY":null,"ORG_TYPE":"一般企业","PREMIUM_INCOME":null,"PREMIUM_INCOME_YOY":null,"NET_INTEREST_INCOME":null,"NET_INTEREST_INCOME_YOY":null,"FEE_COMMISSION_INCOME":null,"FEE_COMMISSION_INCOME_YOY":null,"ACCOUNTS_RECE_TDAYS":1.208360982084,"INVENTORY_TDAYS":0.046615471841,"CURRENT_ASSETS_TDAYS":0.026793645889,"TOTAL_ASSETS_TDAYS":0.020093100238,"PREMIUM_EXPENSE":null,"LOAN_DEPOSIT":null,"LOAN_EQUITY":null,"LOAN_ASSETS":null,"DEPOSIT_EQUITY":null,"DEPOSIT_ASSETS":null,"EQUITY_MULTIPLIER":1.270071917208,"EQUITY_RATIO":0.270071917208},{"SECUCODE":"02088.HK","SECURITY_CODE":"02088","SECURITY_NAME_ABBR":"西王置业","ORG_CODE":"10010846","STD_REPORT_DATE":"2020-12-31 00:00:00","REPORT_DATE":"2020-12-31 00:00:00","DATE_TYPE_CODE":"001","REPORT_TYPE":"2020年年报","PER_NETCASH_OPERATE":-0.001646100235,"PER_OI":0.017907639819,"BPS":0.401583152908,"BASIC_EPS":-0.008,"DILUTED_EPS":-0.008,"OPERATE_INCOME":25228000,"OPERATE_INCOME_YOY":-77.4149075218,"GROSS_PROFIT":-8802000,"GROSS_PROFIT_YOY":74.883004223262,"HOLDER_PROFIT":-11122000,"HOLDER_PROFIT_YOY":78.6119497702,"GROSS_PROFIT_RATIO":-34.889804978595,"EPS_TTM":-0.007894750676,"OPERATE_INCOME_QOQ":-76.180674887173,"NET_PROFIT_RATIO":-44.0859362613,"ROE_AVG":-1.948042849236,"GROSS_PROFIT_QOQ":82.099932890001,"ROA":-1.52019846504,"HOLDER_PROFIT_QOQ":83.134685955175,"ROE_YEARLY":-1.948042849236,"ROIC_YEARLY":-1.893059660655,"TOTAL_ASSETS":725982000,"TOTAL_LIABILITIES":160238000,"TAX_EBT":1.479316148463,"OCF_SALES":-9.192167433011,"TOTAL_PARENT_EQUITY":565744000,"DEBT_ASSET_RATIO":22.0718970994,"OPERATE_PROFIT":-11275000,"PRETAX_PROFIT":-11289000,"NETCASH_OPERATE":-2319000,"NETCASH_INVEST":2551000,"NETCASH_FINANCE":-603000,"END_CASH":144368000,"DIVI_RATIO":null,"DIVIDEND_RATE":null,"CURRENT_RATIO":8.175560026425,"COMMON_ACS":4000000000,"CURRENTDEBT_DEBT":41.565671064292,"ISSUED_COMMON_SHARES":1408784198,"HK_COMMON_SHARES":1408784198,"PER_SHARES":2000,"TOTAL_MARKET_CAP":43672310.138,"HKSK_MARKET_CAP":43672310.138,"PE_TTM":-0.294518178085,"PB_TTM":0.092264347607,"REPORT_DATE_SQ":"2019-12-31 00:00:00","REPORT_TYPE_SQ":"2019年年报","OPERATE_INCOME_SQ":111702000,"DPS_HKD":null,"OPERATE_INCOME_QOQ_SQ":125.332849189058,"NET_PROFIT_RATIO_SQ":-46.5533293943,"HOLDER_PROFIT_SQ":-52001000,"HOLDER_PROFIT_QOQ_SQ":-470.879395192925,"ROE_AVG_SQ":-8.642325139625,"PE_TTM_SQ":-14.326751248758,"PB_TTM_SQ":0.151288172889,"ROA_SQ":-6.452265321974,"START_DATE":"2020-01-01 00:00:00","FISCAL_YEAR":"12-31","CURRENCY":"HKD","IS_CNY_CODE":0,"DPS_HKD_LY":null,"ORG_TYPE":"一般企业","PREMIUM_INCOME":null,"PREMIUM_INCOME_YOY":null,"NET_INTEREST_INCOME":null,"NET_INTEREST_INCOME_YOY":null,"FEE_COMMISSION_INCOME":null,"FEE_COMMISSION_INCOME_YOY":null,"ACCOUNTS_RECE_TDAYS":2.000475775117,"INVENTORY_TDAYS":0.111536652557,"CURRENT_ASSETS_TDAYS":0.045835422708,"TOTAL_ASSETS_TDAYS":0.034482617224,"PREMIUM_EXPENSE":null,"LOAN_DEPOSIT":null,"LOAN_EQUITY":null,"LOAN_ASSETS":null,"DEPOSIT_EQUITY":null,"DEPOSIT_ASSETS":null,"EQUITY_MULTIPLIER":1.283234112956,"EQUITY_RATIO":0.283234112956},{"SECUCODE":"02088.HK","SECURITY_CODE":"02088","SECURITY_NAME_ABBR":"西王置业","ORG_CODE":"10010846","STD_REPORT_DATE":"2020-06-30 00:00:00","REPORT_DATE":"2020-06-30 00:00:00","DATE_TYPE_CODE":"002","REPORT_TYPE":"2020年中报","PER_NETCASH_OPERATE":-0.000662983018,"PER_OI":0.010146337544,"BPS":0.408261251664,"BASIC_EPS":-0.001,"DILUTED_EPS":-0.001,"OPERATE_INCOME":14294000,"OPERATE_INCOME_YOY":-28.821830495,"GROSS_PROFIT":1115000,"GROSS_PROFIT_YOY":-92.68564681186,"HOLDER_PROFIT":-1665000,"HOLDER_PROFIT_YOY":-113.5586319218,"GROSS_PROFIT_RATIO":7.80047572408,"EPS_TTM":-0.046810576165,"OPERATE_INCOME_QOQ":-5.181644017117,"NET_PROFIT_RATIO":-11.6482440185,"ROE_AVG":-0.289245286952,"GROSS_PROFIT_QOQ":-40.317886086063,"ROA":-0.227108425518,"HOLDER_PROFIT_QOQ":-26.81679198477,"ROE_YEARLY":-0.578490573904,"ROIC_YEARLY":-0.565262817504,"TOTAL_ASSETS":729012000,"TOTAL_LIABILITIES":153860000,"TAX_EBT":-14.590502408809,"OCF_SALES":-6.534210158108,"TOTAL_PARENT_EQUITY":575152000,"DEBT_ASSET_RATIO":21.1052767307,"OPERATE_PROFIT":-1447000,"PRETAX_PROFIT":-1453000,"NETCASH_OPERATE":-934000,"NETCASH_INVEST":1655000,"NETCASH_FINANCE":-347000,"END_CASH":144214000,"DIVI_RATIO":null,"DIVIDEND_RATE":null,"CURRENT_RATIO":9.024471323953,"COMMON_ACS":4000000000,"CURRENTDEBT_DEBT":39.493695567399,"ISSUED_COMMON_SHARES":1408784198,"HK_COMMON_SHARES":1408784198,"PER_SHARES":2000,"TOTAL_MARKET_CAP":43672310.138,"HKSK_MARKET_CAP":43672310.138,"PE_TTM":-0.294518178085,"PB_TTM":0.092264347607,"REPORT_DATE_SQ":"2019-06-30 00:00:00","REPORT_TYPE_SQ":"2019年中报","OPERATE_INCOME_SQ":20082000,"DPS_HKD":null,"OPERATE_INCOME_QOQ_SQ":17.781790534119,"NET_PROFIT_RATIO_SQ":61.1492879195,"HOLDER_PROFIT_SQ":12280000,"HOLDER_PROFIT_QOQ_SQ":-70.72860125261,"ROE_AVG_SQ":1.938438783298,"PE_TTM_SQ":-14.326751248758,"PB_TTM_SQ":0.151288172889,"ROA_SQ":1.399405480587,"START_DATE":"2020-01-01 00:00:00","FISCAL_YEAR":"12-31","CURRENCY":"HKD","IS_CNY_CODE":0,"DPS_HKD_LY":null,"ORG_TYPE":"一般企业","PREMIUM_INCOME":null,"PREMIUM_INCOME_YOY":null,"NET_INTEREST_INCOME":null,"NET_INTEREST_INCOME_YOY":null,"FEE_COMMISSION_INCOME":null,"FEE_COMMISSION_INCOME_YOY":null,"ACCOUNTS_RECE_TDAYS":null,"INVENTORY_TDAYS":0.043136998183,"CURRENT_ASSETS_TDAYS":0.02587957326,"TOTAL_ASSETS_TDAYS":0.01949722423,"PREMIUM_EXPENSE":null,"LOAN_DEPOSIT":null,"LOAN_EQUITY":null,"LOAN_ASSETS":null,"DEPOSIT_EQUITY":null,"DEPOSIT_ASSETS":null,"EQUITY_MULTIPLIER":1.267511892508,"EQUITY_RATIO":0.267511892508}],"count":41},"success":true,"message":"ok","code":0}