{"version":"69b5440626d64b0422833e487cd33c60","result":{"pages":7,"data":[{"SECUCODE":"02086.HK","SECURITY_CODE":"02086","SECURITY_NAME_ABBR":"高维科技","ORG_CODE":"10010778","STD_REPORT_DATE":"2024-06-30 00:00:00","REPORT_DATE":"2024-06-30 00:00:00","DATE_TYPE_CODE":"002","REPORT_TYPE":"2024年中报","PER_NETCASH_OPERATE":0.01746734707,"PER_OI":0.134832154215,"BPS":0.170389458176,"BASIC_EPS":0.0060145612,"DILUTED_EPS":0.0060145612,"OPERATE_INCOME":43087622.8,"OPERATE_INCOME_YOY":3.5784023344,"GROSS_PROFIT":22416333.48,"GROSS_PROFIT_YOY":-0.343265485104,"HOLDER_PROFIT":1921191.4,"HOLDER_PROFIT_YOY":148.2466192986,"GROSS_PROFIT_RATIO":52.024994704512,"EPS_TTM":-0.035878791967,"OPERATE_INCOME_QOQ":1.483298543416,"NET_PROFIT_RATIO":4.4588011015,"ROE_AVG":3.571125625583,"GROSS_PROFIT_QOQ":-0.201644598821,"ROA":2.683374550646,"HOLDER_PROFIT_QOQ":34.14128417929,"ROE_YEARLY":7.142251251166,"ROIC_YEARLY":7.4066254992,"TOTAL_ASSETS":72352707,"TOTAL_LIABILITIES":17902218.2,"TAX_EBT":null,"OCF_SALES":12.954882440161,"TOTAL_PARENT_EQUITY":54450488.8,"DEBT_ASSET_RATIO":24.742983286,"OPERATE_PROFIT":2084561.12,"PRETAX_PROFIT":1921191.4,"NETCASH_OPERATE":5581950.88,"NETCASH_INVEST":-825062.72,"NETCASH_FINANCE":-2208685.6,"END_CASH":20976124.44,"DIVI_RATIO":null,"DIVIDEND_RATE":null,"CURRENT_RATIO":3.761792174016,"COMMON_ACS":1000000000,"CURRENTDEBT_DEBT":86.250318633699,"ISSUED_COMMON_SHARES":319564892,"HK_COMMON_SHARES":319564892,"PER_SHARES":1000,"TOTAL_MARKET_CAP":126228132.34,"HKSK_MARKET_CAP":126228132.34,"PE_TTM":-9.905684088519,"PB_TTM":2.115791691921,"REPORT_DATE_SQ":"2023-06-30 00:00:00","REPORT_TYPE_SQ":"2023年中报","OPERATE_INCOME_SQ":42022926.42,"DPS_HKD":null,"OPERATE_INCOME_QOQ_SQ":3.930406760571,"NET_PROFIT_RATIO_SQ":-9.572390794,"HOLDER_PROFIT_SQ":-4022598.74,"HOLDER_PROFIT_QOQ_SQ":-410.814535557692,"ROE_AVG_SQ":-5.768760371009,"PE_TTM_SQ":-56.030694288262,"PB_TTM_SQ":2.571091560028,"ROA_SQ":-4.561898787118,"START_DATE":"2024-01-01 00:00:00","FISCAL_YEAR":"12-31","CURRENCY":"HKD","IS_CNY_CODE":0,"DPS_HKD_LY":null,"ORG_TYPE":"一般企业","PREMIUM_INCOME":null,"PREMIUM_INCOME_YOY":null,"NET_INTEREST_INCOME":null,"NET_INTEREST_INCOME_YOY":null,"FEE_COMMISSION_INCOME":null,"FEE_COMMISSION_INCOME_YOY":null,"ACCOUNTS_RECE_TDAYS":3.789989162285,"INVENTORY_TDAYS":0.842643748721,"CURRENT_ASSETS_TDAYS":0.765929831677,"TOTAL_ASSETS_TDAYS":0.601815261454,"PREMIUM_EXPENSE":null,"LOAN_DEPOSIT":null,"LOAN_EQUITY":null,"LOAN_ASSETS":null,"DEPOSIT_EQUITY":null,"DEPOSIT_ASSETS":null,"EQUITY_MULTIPLIER":1.328779751927,"EQUITY_RATIO":0.328779751928},{"SECUCODE":"02086.HK","SECURITY_CODE":"02086","SECURITY_NAME_ABBR":"高维科技","ORG_CODE":"10010778","STD_REPORT_DATE":"2023-12-31 00:00:00","REPORT_DATE":"2023-12-31 00:00:00","DATE_TYPE_CODE":"001","REPORT_TYPE":"2023年年报","PER_NETCASH_OPERATE":-0.035240404131,"PER_OI":0.224614684957,"BPS":0.165128247567,"BASIC_EPS":-0.0544819464,"DILUTED_EPS":-0.0544819464,"OPERATE_INCOME":71778967.54,"OPERATE_INCOME_YOY":-15.9464736719,"GROSS_PROFIT":38291419.88,"GROSS_PROFIT_YOY":-11.788108315252,"HOLDER_PROFIT":-17409392.42,"HOLDER_PROFIT_YOY":-1806.1278863233,"GROSS_PROFIT_RATIO":53.346295150681,"EPS_TTM":-0.05447842631,"OPERATE_INCOME_QOQ":-17.95271675076,"NET_PROFIT_RATIO":-24.2541694547,"ROE_AVG":-28.218065378486,"GROSS_PROFIT_QOQ":-16.400351354133,"ROA":-21.416109739308,"HOLDER_PROFIT_QOQ":-456.879402363677,"ROE_YEARLY":-28.218065378486,"ROIC_YEARLY":-32.230247208731,"TOTAL_ASSETS":70338077.74,"TOTAL_LIABILITIES":17568887.14,"TAX_EBT":null,"OCF_SALES":-15.689269887762,"TOTAL_PARENT_EQUITY":52769190.6,"DEBT_ASSET_RATIO":24.9777754873,"OPERATE_PROFIT":-17144776.18,"PRETAX_PROFIT":-17409392.42,"NETCASH_OPERATE":-11261595.94,"NETCASH_INVEST":-2531978.68,"NETCASH_FINANCE":-4097020.62,"END_CASH":18330111.94,"DIVI_RATIO":null,"DIVIDEND_RATE":null,"CURRENT_RATIO":3.939812367865,"COMMON_ACS":1000000000,"CURRENTDEBT_DEBT":78.072935472224,"ISSUED_COMMON_SHARES":319564892,"HK_COMMON_SHARES":319564892,"PER_SHARES":1000,"TOTAL_MARKET_CAP":159782446,"HKSK_MARKET_CAP":159782446,"PE_TTM":-12.538840618379,"PB_TTM":2.678217331545,"REPORT_DATE_SQ":"2022-12-31 00:00:00","REPORT_TYPE_SQ":"2022年年报","OPERATE_INCOME_SQ":84176405.18,"DPS_HKD":null,"OPERATE_INCOME_QOQ_SQ":-5.174242881239,"NET_PROFIT_RATIO_SQ":1.1948978076,"HOLDER_PROFIT_SQ":1005822.02,"HOLDER_PROFIT_QOQ_SQ":112.171567874762,"ROE_AVG_SQ":1.413037340076,"PE_TTM_SQ":-73.124804410104,"PB_TTM_SQ":3.355492374952,"ROA_SQ":1.106693727917,"START_DATE":"2023-01-01 00:00:00","FISCAL_YEAR":"12-31","CURRENCY":"HKD","IS_CNY_CODE":0,"DPS_HKD_LY":null,"ORG_TYPE":"一般企业","PREMIUM_INCOME":null,"PREMIUM_INCOME_YOY":null,"NET_INTEREST_INCOME":null,"NET_INTEREST_INCOME_YOY":null,"FEE_COMMISSION_INCOME":null,"FEE_COMMISSION_INCOME_YOY":null,"ACCOUNTS_RECE_TDAYS":5.55176280928,"INVENTORY_TDAYS":1.314702481544,"CURRENT_ASSETS_TDAYS":1.082314198653,"TOTAL_ASSETS_TDAYS":0.8829867285,"PREMIUM_EXPENSE":null,"LOAN_DEPOSIT":null,"LOAN_EQUITY":null,"LOAN_ASSETS":null,"DEPOSIT_EQUITY":null,"DEPOSIT_ASSETS":null,"EQUITY_MULTIPLIER":1.33293834793,"EQUITY_RATIO":0.332938347931},{"SECUCODE":"02086.HK","SECURITY_CODE":"02086","SECURITY_NAME_ABBR":"高维科技","ORG_CODE":"10010778","STD_REPORT_DATE":"2023-06-30 00:00:00","REPORT_DATE":"2023-06-30 00:00:00","DATE_TYPE_CODE":"002","REPORT_TYPE":"2023年中报","PER_NETCASH_OPERATE":-0.026046776878,"PER_OI":0.131500447865,"BPS":0.211570917371,"BASIC_EPS":-0.012585027,"DILUTED_EPS":-0.012585027,"OPERATE_INCOME":42022926.42,"OPERATE_INCOME_YOY":0.6825712392,"GROSS_PROFIT":22493546.06,"GROSS_PROFIT_YOY":11.915564755989,"HOLDER_PROFIT":-4022598.74,"HOLDER_PROFIT_YOY":-3508.59375,"GROSS_PROFIT_RATIO":53.52684350249,"EPS_TTM":-0.009782805052,"OPERATE_INCOME_QOQ":3.930406760571,"NET_PROFIT_RATIO":-9.572390794,"ROE_AVG":-5.768760371009,"GROSS_PROFIT_QOQ":5.517060314953,"ROA":-4.561898787118,"HOLDER_PROFIT_QOQ":-410.814535557692,"ROE_YEARLY":-11.537520742019,"ROIC_YEARLY":-14.017220330271,"TOTAL_ASSETS":82507990.2,"TOTAL_LIABILITIES":14897352.84,"TAX_EBT":-2.369779446269,"OCF_SALES":-19.807367427982,"TOTAL_PARENT_EQUITY":67610637.36,"DEBT_ASSET_RATIO":18.0556486758,"OPERATE_PROFIT":-3845578.58,"PRETAX_PROFIT":-3929478.76,"NETCASH_OPERATE":-8323635.44,"NETCASH_INVEST":-1633748.56,"NETCASH_FINANCE":-2175872.8,"END_CASH":24715517.86,"DIVI_RATIO":null,"DIVIDEND_RATE":null,"CURRENT_RATIO":4.924669089022,"COMMON_ACS":1000000000,"CURRENTDEBT_DEBT":95.383091966828,"ISSUED_COMMON_SHARES":319564892,"HK_COMMON_SHARES":319564892,"PER_SHARES":1000,"TOTAL_MARKET_CAP":159782446,"HKSK_MARKET_CAP":159782446,"PE_TTM":-12.538840618379,"PB_TTM":2.678217331545,"REPORT_DATE_SQ":"2022-06-30 00:00:00","REPORT_TYPE_SQ":"2022年中报","OPERATE_INCOME_SQ":38714451.3,"DPS_HKD":null,"OPERATE_INCOME_QOQ_SQ":10.660388712926,"NET_PROFIT_RATIO_SQ":0.2827479567,"HOLDER_PROFIT_SQ":109464.32,"HOLDER_PROFIT_QOQ_SQ":52.599226986139,"ROE_AVG_SQ":0.158587579371,"PE_TTM_SQ":-73.124804410104,"PB_TTM_SQ":3.355492374952,"ROA_SQ":0.129880672132,"START_DATE":"2023-01-01 00:00:00","FISCAL_YEAR":"12-31","CURRENCY":"HKD","IS_CNY_CODE":0,"DPS_HKD_LY":null,"ORG_TYPE":"一般企业","PREMIUM_INCOME":null,"PREMIUM_INCOME_YOY":null,"NET_INTEREST_INCOME":null,"NET_INTEREST_INCOME_YOY":null,"FEE_COMMISSION_INCOME":null,"FEE_COMMISSION_INCOME_YOY":null,"ACCOUNTS_RECE_TDAYS":2.366879576258,"INVENTORY_TDAYS":0.757500983442,"CURRENT_ASSETS_TDAYS":0.560516995425,"TOTAL_ASSETS_TDAYS":0.47656838143,"PREMIUM_EXPENSE":null,"LOAN_DEPOSIT":null,"LOAN_EQUITY":null,"LOAN_ASSETS":null,"DEPOSIT_EQUITY":null,"DEPOSIT_ASSETS":null,"EQUITY_MULTIPLIER":1.220340369824,"EQUITY_RATIO":0.220340369825},{"SECUCODE":"02086.HK","SECURITY_CODE":"02086","SECURITY_NAME_ABBR":"高维科技","ORG_CODE":"10010778","STD_REPORT_DATE":"2022-12-31 00:00:00","REPORT_DATE":"2022-12-31 00:00:00","DATE_TYPE_CODE":"001","REPORT_TYPE":"2022年年报","PER_NETCASH_OPERATE":0.005691168728,"PER_OI":0.263409427278,"BPS":0.21783814841,"BASIC_EPS":0.0031443104,"DILUTED_EPS":0.0031443104,"OPERATE_INCOME":84176405.18,"OPERATE_INCOME_YOY":-3.9545834437,"GROSS_PROFIT":43408455.65,"GROSS_PROFIT_YOY":1.482374406967,"HOLDER_PROFIT":1005822.02,"HOLDER_PROFIT_YOY":105.2806828307,"GROSS_PROFIT_RATIO":51.568436020969,"EPS_TTM":0.003147473472,"OPERATE_INCOME_QOQ":-5.174242881239,"NET_PROFIT_RATIO":1.1948978076,"ROE_AVG":1.413037340076,"GROSS_PROFIT_QOQ":-5.649431820509,"ROA":1.106693727917,"HOLDER_PROFIT_QOQ":112.171567874762,"ROE_YEARLY":1.413037340076,"ROIC_YEARLY":2.011127285067,"TOTAL_ASSETS":90925953.3,"TOTAL_LIABILITIES":21312528.93,"TAX_EBT":null,"OCF_SALES":2.160578984231,"TOTAL_PARENT_EQUITY":69613424.37,"DEBT_ASSET_RATIO":23.4394341291,"OPERATE_PROFIT":1209487.58,"PRETAX_PROFIT":1005822.02,"NETCASH_OPERATE":1818697.72,"NETCASH_INVEST":-7930451.06,"NETCASH_FINANCE":-3967905.34,"END_CASH":35703108.63,"DIVI_RATIO":null,"DIVIDEND_RATE":null,"CURRENT_RATIO":3.787632647714,"COMMON_ACS":1000000000,"CURRENTDEBT_DEBT":95.976361121589,"ISSUED_COMMON_SHARES":319564892,"HK_COMMON_SHARES":319564892,"PER_SHARES":1000,"TOTAL_MARKET_CAP":159782446,"HKSK_MARKET_CAP":159782446,"PE_TTM":-12.538840618379,"PB_TTM":2.678217331545,"REPORT_DATE_SQ":"2021-12-31 00:00:00","REPORT_TYPE_SQ":"2021年年报","OPERATE_INCOME_SQ":80218006.4,"DPS_HKD":null,"OPERATE_INCOME_QOQ_SQ":15.347532453452,"NET_PROFIT_RATIO_SQ":-21.7328821575,"HOLDER_PROFIT_SQ":-17433684.8,"HOLDER_PROFIT_QOQ_SQ":30.799876485112,"ROE_AVG_SQ":-23.334427664697,"PE_TTM_SQ":-73.124804410104,"PB_TTM_SQ":3.355492374952,"ROA_SQ":-19.110312470593,"START_DATE":"2022-01-01 00:00:00","FISCAL_YEAR":"12-31","CURRENCY":"HKD","IS_CNY_CODE":0,"DPS_HKD_LY":null,"ORG_TYPE":"一般企业","PREMIUM_INCOME":null,"PREMIUM_INCOME_YOY":null,"NET_INTEREST_INCOME":null,"NET_INTEREST_INCOME_YOY":null,"FEE_COMMISSION_INCOME":null,"FEE_COMMISSION_INCOME_YOY":null,"ACCOUNTS_RECE_TDAYS":5.672817024351,"INVENTORY_TDAYS":1.840059670201,"CURRENT_ASSETS_TDAYS":1.071827477565,"TOTAL_ASSETS_TDAYS":0.926182742065,"PREMIUM_EXPENSE":null,"LOAN_DEPOSIT":null,"LOAN_EQUITY":null,"LOAN_ASSETS":null,"DEPOSIT_EQUITY":null,"DEPOSIT_ASSETS":null,"EQUITY_MULTIPLIER":1.306155445202,"EQUITY_RATIO":0.306155445202},{"SECUCODE":"02086.HK","SECURITY_CODE":"02086","SECURITY_NAME_ABBR":"高维科技","ORG_CODE":"10010778","STD_REPORT_DATE":"2022-06-30 00:00:00","REPORT_DATE":"2022-06-30 00:00:00","DATE_TYPE_CODE":"002","REPORT_TYPE":"2022年中报","PER_NETCASH_OPERATE":-0.006109553392,"PER_OI":0.121147385927,"BPS":0.214043105117,"BASIC_EPS":0.000342076,"DILUTED_EPS":0.000342076,"OPERATE_INCOME":38714451.3,"OPERATE_INCOME_YOY":24.8827586207,"GROSS_PROFIT":20098675.38,"GROSS_PROFIT_YOY":19.170848012888,"HOLDER_PROFIT":109464.32,"HOLDER_PROFIT_YOY":101.1754982092,"GROSS_PROFIT_RATIO":51.915175612989,"EPS_TTM":-0.025859227865,"OPERATE_INCOME_QOQ":10.660388712926,"NET_PROFIT_RATIO":0.2827479567,"ROE_AVG":0.158587579371,"GROSS_PROFIT_QOQ":7.558837604357,"ROA":0.129880672132,"HOLDER_PROFIT_QOQ":52.599226986139,"ROE_YEARLY":0.317175158742,"ROIC_YEARLY":0.502798782284,"TOTAL_ASSETS":81589401.95,"TOTAL_LIABILITIES":13188740.18,"TAX_EBT":null,"OCF_SALES":-5.043074884029,"TOTAL_PARENT_EQUITY":68400661.77,"DEBT_ASSET_RATIO":16.1647712384,"OPERATE_PROFIT":212087.12,"PRETAX_PROFIT":109464.32,"NETCASH_OPERATE":-1952398.77,"NETCASH_INVEST":-2726345.72,"NETCASH_FINANCE":-1914770.41,"END_CASH":37398313.89,"DIVI_RATIO":null,"DIVIDEND_RATE":null,"CURRENT_RATIO":5.583360932636,"COMMON_ACS":1000000000,"CURRENTDEBT_DEBT":97.892620931137,"ISSUED_COMMON_SHARES":319564892,"HK_COMMON_SHARES":319564892,"PER_SHARES":1000,"TOTAL_MARKET_CAP":159782446,"HKSK_MARKET_CAP":159782446,"PE_TTM":-12.538840618379,"PB_TTM":2.678217331545,"REPORT_DATE_SQ":"2021-06-30 00:00:00","REPORT_TYPE_SQ":"2021年中报","OPERATE_INCOME_SQ":30162900,"DPS_HKD":null,"OPERATE_INCOME_QOQ_SQ":-26.712114168729,"NET_PROFIT_RATIO_SQ":-30.0386206897,"HOLDER_PROFIT_SQ":-9060519.12,"HOLDER_PROFIT_QOQ_SQ":-48.016581750054,"ROE_AVG_SQ":-11.266949832118,"PE_TTM_SQ":-73.124804410104,"PB_TTM_SQ":3.355492374952,"ROA_SQ":-9.275957389715,"START_DATE":"2022-01-01 00:00:00","FISCAL_YEAR":"12-31","CURRENCY":"HKD","IS_CNY_CODE":0,"DPS_HKD_LY":null,"ORG_TYPE":"一般企业","PREMIUM_INCOME":null,"PREMIUM_INCOME_YOY":null,"NET_INTEREST_INCOME":null,"NET_INTEREST_INCOME_YOY":null,"FEE_COMMISSION_INCOME":null,"FEE_COMMISSION_INCOME_YOY":null,"ACCOUNTS_RECE_TDAYS":2.707940780619,"INVENTORY_TDAYS":1.009647495362,"CURRENT_ASSETS_TDAYS":0.522154362532,"TOTAL_ASSETS_TDAYS":0.459351408394,"PREMIUM_EXPENSE":null,"LOAN_DEPOSIT":null,"LOAN_EQUITY":null,"LOAN_ASSETS":null,"DEPOSIT_EQUITY":null,"DEPOSIT_ASSETS":null,"EQUITY_MULTIPLIER":1.192815973394,"EQUITY_RATIO":0.192815973394},{"SECUCODE":"02086.HK","SECURITY_CODE":"02086","SECURITY_NAME_ABBR":"高维科技","ORG_CODE":"10010778","STD_REPORT_DATE":"2021-12-31 00:00:00","REPORT_DATE":"2021-12-31 00:00:00","DATE_TYPE_CODE":"001","REPORT_TYPE":"2021年年报","PER_NETCASH_OPERATE":0.007071635391,"PER_OI":0.251022588551,"BPS":0.208367630071,"BASIC_EPS":-0.054558448,"DILUTED_EPS":-0.054558448,"OPERATE_INCOME":80218006.4,"OPERATE_INCOME_YOY":-12.978615839,"GROSS_PROFIT":42774379.2,"GROSS_PROFIT_YOY":-7.951651211153,"HOLDER_PROFIT":-17433684.8,"HOLDER_PROFIT_YOY":-5.4393512337,"GROSS_PROFIT_RATIO":53.322665470779,"EPS_TTM":-0.054554443359,"OPERATE_INCOME_QOQ":15.347532453452,"NET_PROFIT_RATIO":-21.7328821575,"ROE_AVG":-23.334427664697,"GROSS_PROFIT_QOQ":33.375724989359,"ROA":-19.110312470593,"HOLDER_PROFIT_QOQ":30.799876485112,"ROE_YEARLY":-23.334427664697,"ROIC_YEARLY":-36.374026594338,"TOTAL_ASSETS":83149102.4,"TOTAL_LIABILITIES":16562123.2,"TAX_EBT":-7.719120990149,"OCF_SALES":2.817131092403,"TOTAL_PARENT_EQUITY":66586979.2,"DEBT_ASSET_RATIO":19.9185832702,"OPERATE_PROFIT":-15867980.8,"PRETAX_PROFIT":-16184392,"NETCASH_OPERATE":2259846.4,"NETCASH_INVEST":-1005648,"NETCASH_FINANCE":-3607251.2,"END_CASH":42141556.8,"DIVI_RATIO":null,"DIVIDEND_RATE":null,"CURRENT_RATIO":4.851363859095,"COMMON_ACS":1000000000,"CURRENTDEBT_DEBT":90.669891889224,"ISSUED_COMMON_SHARES":319564892,"HK_COMMON_SHARES":319564892,"PER_SHARES":1000,"TOTAL_MARKET_CAP":159782446,"HKSK_MARKET_CAP":159782446,"PE_TTM":-12.538840618379,"PB_TTM":2.678217331545,"REPORT_DATE_SQ":"2020-12-31 00:00:00","REPORT_TYPE_SQ":"2020年年报","OPERATE_INCOME_SQ":94892385.08,"DPS_HKD":null,"OPERATE_INCOME_QOQ_SQ":-29.695731656131,"NET_PROFIT_RATIO_SQ":-17.9366191562,"HOLDER_PROFIT_SQ":-17020485.72,"HOLDER_PROFIT_QOQ_SQ":-238.879868344747,"ROE_AVG_SQ":-18.37610914989,"PE_TTM_SQ":-73.124804410104,"PB_TTM_SQ":3.355492374952,"ROA_SQ":-15.129954661759,"START_DATE":"2021-01-01 00:00:00","FISCAL_YEAR":"12-31","CURRENCY":"HKD","IS_CNY_CODE":0,"DPS_HKD_LY":null,"ORG_TYPE":"一般企业","PREMIUM_INCOME":null,"PREMIUM_INCOME_YOY":null,"NET_INTEREST_INCOME":null,"NET_INTEREST_INCOME_YOY":null,"FEE_COMMISSION_INCOME":null,"FEE_COMMISSION_INCOME_YOY":null,"ACCOUNTS_RECE_TDAYS":6.816075584425,"INVENTORY_TDAYS":2.301125515024,"CURRENT_ASSETS_TDAYS":1.113622046797,"TOTAL_ASSETS_TDAYS":0.87932711051,"PREMIUM_EXPENSE":null,"LOAN_DEPOSIT":null,"LOAN_EQUITY":null,"LOAN_ASSETS":null,"DEPOSIT_EQUITY":null,"DEPOSIT_ASSETS":null,"EQUITY_MULTIPLIER":1.248729156945,"EQUITY_RATIO":0.248729156946},{"SECUCODE":"02086.HK","SECURITY_CODE":"02086","SECURITY_NAME_ABBR":"高维科技","ORG_CODE":"10010778","STD_REPORT_DATE":"2021-06-30 00:00:00","REPORT_DATE":"2021-06-30 00:00:00","DATE_TYPE_CODE":"002","REPORT_TYPE":"2021年中报","PER_NETCASH_OPERATE":0.006413135771,"PER_OI":0.094387402231,"BPS":0.239478415044,"BASIC_EPS":-0.0283489656,"DILUTED_EPS":-0.0283489656,"OPERATE_INCOME":30162900,"OPERATE_INCOME_YOY":-40.3498379161,"GROSS_PROFIT":16865429.52,"GROSS_PROFIT_YOY":-46.055329398644,"HOLDER_PROFIT":-9060519.12,"HOLDER_PROFIT_YOY":-1020.2674897119,"GROSS_PROFIT_RATIO":55.914482758621,"EPS_TTM":-0.078835760093,"OPERATE_INCOME_QOQ":-26.712114168729,"NET_PROFIT_RATIO":-30.0386206897,"ROE_AVG":-11.266949832118,"GROSS_PROFIT_QOQ":-30.985680643017,"ROA":-9.275957389715,"HOLDER_PROFIT_QOQ":-48.016581750054,"ROE_YEARLY":-22.533899664237,"ROIC_YEARLY":-33.93110325164,"TOTAL_ASSETS":94292137.68,"TOTAL_LIABILITIES":17763243.84,"TAX_EBT":-5.924124513619,"OCF_SALES":6.794482758621,"TOTAL_PARENT_EQUITY":76528893.84,"DEBT_ASSET_RATIO":18.8385206625,"OPERATE_PROFIT":-8373221.04,"PRETAX_PROFIT":-8553782.4,"NETCASH_OPERATE":2049413.04,"NETCASH_INVEST":-2244951.84,"NETCASH_FINANCE":-1821423.12,"END_CASH":43303107.36,"DIVI_RATIO":null,"DIVIDEND_RATE":null,"CURRENT_RATIO":4.849814514259,"COMMON_ACS":1000000000,"CURRENTDEBT_DEBT":80.813190931235,"ISSUED_COMMON_SHARES":319564892,"HK_COMMON_SHARES":319564892,"PER_SHARES":1000,"TOTAL_MARKET_CAP":159782446,"HKSK_MARKET_CAP":159782446,"PE_TTM":-12.538840618379,"PB_TTM":2.678217331545,"REPORT_DATE_SQ":"2020-06-30 00:00:00","REPORT_TYPE_SQ":"2020年中报","OPERATE_INCOME_SQ":55510662.24,"DPS_HKD":null,"OPERATE_INCOME_QOQ_SQ":-9.080918614783,"NET_PROFIT_RATIO_SQ":-1.5994471047,"HOLDER_PROFIT_SQ":-887863.68,"HOLDER_PROFIT_QOQ_SQ":32.111321960158,"ROE_AVG_SQ":-0.824133896322,"PE_TTM_SQ":-73.124804410104,"PB_TTM_SQ":3.355492374952,"ROA_SQ":-0.683104753271,"START_DATE":"2021-01-01 00:00:00","FISCAL_YEAR":"12-31","CURRENCY":"HKD","IS_CNY_CODE":0,"DPS_HKD_LY":null,"ORG_TYPE":"一般企业","PREMIUM_INCOME":null,"PREMIUM_INCOME_YOY":null,"NET_INTEREST_INCOME":null,"NET_INTEREST_INCOME_YOY":null,"FEE_COMMISSION_INCOME":null,"FEE_COMMISSION_INCOME_YOY":null,"ACCOUNTS_RECE_TDAYS":3.203711886876,"INVENTORY_TDAYS":0.799829834088,"CURRENT_ASSETS_TDAYS":0.424545151109,"TOTAL_ASSETS_TDAYS":0.308801042683,"PREMIUM_EXPENSE":null,"LOAN_DEPOSIT":null,"LOAN_EQUITY":null,"LOAN_ASSETS":null,"DEPOSIT_EQUITY":null,"DEPOSIT_ASSETS":null,"EQUITY_MULTIPLIER":1.232111597968,"EQUITY_RATIO":0.232111597969},{"SECUCODE":"02086.HK","SECURITY_CODE":"02086","SECURITY_NAME_ABBR":"高维科技","ORG_CODE":"10010778","STD_REPORT_DATE":"2020-12-31 00:00:00","REPORT_DATE":"2020-12-31 00:00:00","DATE_TYPE_CODE":"001","REPORT_TYPE":"2020年年报","PER_NETCASH_OPERATE":0.050243210947,"PER_OI":0.296942459749,"BPS":0.266841832926,"BASIC_EPS":-0.0532673956,"DILUTED_EPS":-0.0532673956,"OPERATE_INCOME":94892385.08,"OPERATE_INCOME_YOY":-31.9682369198,"GROSS_PROFIT":46469469.32,"GROSS_PROFIT_YOY":-43.219298596992,"HOLDER_PROFIT":-17020485.72,"HOLDER_PROFIT_YOY":-144.8601525608,"GROSS_PROFIT_RATIO":48.970704320292,"EPS_TTM":-0.053261438118,"OPERATE_INCOME_QOQ":-29.695731656131,"NET_PROFIT_RATIO":-17.9366191562,"ROE_AVG":-18.37610914989,"GROSS_PROFIT_QOQ":-38.57911245998,"ROA":-15.129954661759,"HOLDER_PROFIT_QOQ":-238.879868344747,"ROE_YEARLY":-18.37610914989,"ROIC_YEARLY":-24.146289043844,"TOTAL_ASSETS":102223911.12,"TOTAL_LIABILITIES":16950629.6,"TAX_EBT":-1.610062893082,"OCF_SALES":16.920184129068,"TOTAL_PARENT_EQUITY":85273281.52,"DEBT_ASSET_RATIO":16.5818636895,"OPERATE_PROFIT":-16459953.48,"PRETAX_PROFIT":-16727595,"NETCASH_OPERATE":16055966.28,"NETCASH_INVEST":-5107913.16,"NETCASH_FINANCE":-3629993.32,"END_CASH":45760808.44,"DIVI_RATIO":null,"DIVIDEND_RATE":null,"CURRENT_RATIO":6.139564389934,"COMMON_ACS":1000000000,"CURRENTDEBT_DEBT":70.441906653426,"ISSUED_COMMON_SHARES":319564892,"HK_COMMON_SHARES":319564892,"PER_SHARES":1000,"TOTAL_MARKET_CAP":159782446,"HKSK_MARKET_CAP":159782446,"PE_TTM":-12.538840618379,"PB_TTM":2.678217331545,"REPORT_DATE_SQ":"2019-12-31 00:00:00","REPORT_TYPE_SQ":"2019年年报","OPERATE_INCOME_SQ":148454932.06,"DPS_HKD":null,"OPERATE_INCOME_QOQ_SQ":10.398796307738,"NET_PROFIT_RATIO_SQ":-4.9834969558,"HOLDER_PROFIT_SQ":-7398247.02,"HOLDER_PROFIT_QOQ_SQ":50.284904286752,"ROE_AVG_SQ":-6.696748926647,"PE_TTM_SQ":-73.124804410104,"PB_TTM_SQ":3.355492374952,"ROA_SQ":-5.432158853978,"START_DATE":"2020-01-01 00:00:00","FISCAL_YEAR":"12-31","CURRENCY":"HKD","IS_CNY_CODE":0,"DPS_HKD_LY":null,"ORG_TYPE":"一般企业","PREMIUM_INCOME":null,"PREMIUM_INCOME_YOY":null,"NET_INTEREST_INCOME":null,"NET_INTEREST_INCOME_YOY":null,"FEE_COMMISSION_INCOME":null,"FEE_COMMISSION_INCOME_YOY":null,"ACCOUNTS_RECE_TDAYS":6.089330560881,"INVENTORY_TDAYS":2.284817918272,"CURRENT_ASSETS_TDAYS":1.186179978012,"TOTAL_ASSETS_TDAYS":0.843523215274,"PREMIUM_EXPENSE":null,"LOAN_DEPOSIT":null,"LOAN_EQUITY":null,"LOAN_ASSETS":null,"DEPOSIT_EQUITY":null,"DEPOSIT_ASSETS":null,"EQUITY_MULTIPLIER":1.198780078564,"EQUITY_RATIO":0.198780078565},{"SECUCODE":"02086.HK","SECURITY_CODE":"02086","SECURITY_NAME_ABBR":"高维科技","ORG_CODE":"10010778","STD_REPORT_DATE":"2020-06-30 00:00:00","REPORT_DATE":"2020-06-30 00:00:00","DATE_TYPE_CODE":"002","REPORT_TYPE":"2020年中报","PER_NETCASH_OPERATE":0.012273911992,"PER_OI":0.173707011094,"BPS":0.334719927369,"BASIC_EPS":-0.0027768576,"DILUTED_EPS":-0.0027768576,"OPERATE_INCOME":55510662.24,"OPERATE_INCOME_YOY":-22.5156190233,"GROSS_PROFIT":31264310.88,"GROSS_PROFIT_YOY":-16.510787201609,"HOLDER_PROFIT":-887863.68,"HOLDER_PROFIT_YOY":73.8005390836,"GROSS_PROFIT_RATIO":56.32127165918,"EPS_TTM":-0.015716908289,"OPERATE_INCOME_QOQ":-9.080918614783,"NET_PROFIT_RATIO":-1.5994471047,"ROE_AVG":-0.824133896322,"GROSS_PROFIT_QOQ":-7.554736381803,"ROA":-0.683104753271,"HOLDER_PROFIT_QOQ":32.111321960158,"ROE_YEARLY":-1.648267792644,"ROIC_YEARLY":-2.001729890028,"TOTAL_ASSETS":126709656.48,"TOTAL_LIABILITIES":19744919.04,"TAX_EBT":-52.258064516129,"OCF_SALES":7.065870234158,"TOTAL_PARENT_EQUITY":106964737.44,"DEBT_ASSET_RATIO":15.5828052798,"OPERATE_PROFIT":-476815.68,"PRETAX_PROFIT":-566332.8,"NETCASH_OPERATE":3922311.36,"NETCASH_INVEST":-2295474.72,"NETCASH_FINANCE":-2135622.72,"END_CASH":41015282.88,"DIVI_RATIO":null,"DIVIDEND_RATE":null,"CURRENT_RATIO":5.472947810821,"COMMON_ACS":1000000000,"CURRENTDEBT_DEBT":86.95873427091,"ISSUED_COMMON_SHARES":319564892,"HK_COMMON_SHARES":319564892,"PER_SHARES":1000,"TOTAL_MARKET_CAP":159782446,"HKSK_MARKET_CAP":159782446,"PE_TTM":-12.538840618379,"PB_TTM":2.678217331545,"REPORT_DATE_SQ":"2019-06-30 00:00:00","REPORT_TYPE_SQ":"2019年中报","OPERATE_INCOME_SQ":68991733.8,"DPS_HKD":null,"OPERATE_INCOME_QOQ_SQ":11.46548616206,"NET_PROFIT_RATIO_SQ":-4.7303327808,"HOLDER_PROFIT_SQ":-3263538.6,"HOLDER_PROFIT_QOQ_SQ":27.586360044042,"ROE_AVG_SQ":-2.939207523104,"PE_TTM_SQ":-73.124804410104,"PB_TTM_SQ":3.355492374952,"ROA_SQ":-2.440364015484,"START_DATE":"2020-01-01 00:00:00","FISCAL_YEAR":"12-31","CURRENCY":"HKD","IS_CNY_CODE":0,"DPS_HKD_LY":null,"ORG_TYPE":"一般企业","PREMIUM_INCOME":null,"PREMIUM_INCOME_YOY":null,"NET_INTEREST_INCOME":null,"NET_INTEREST_INCOME_YOY":null,"FEE_COMMISSION_INCOME":null,"FEE_COMMISSION_INCOME_YOY":null,"ACCOUNTS_RECE_TDAYS":2.686011049724,"INVENTORY_TDAYS":0.80170343859,"CURRENT_ASSETS_TDAYS":0.59037080933,"TOTAL_ASSETS_TDAYS":0.427088055154,"PREMIUM_EXPENSE":null,"LOAN_DEPOSIT":null,"LOAN_EQUITY":null,"LOAN_ASSETS":null,"DEPOSIT_EQUITY":null,"DEPOSIT_ASSETS":null,"EQUITY_MULTIPLIER":1.184592787423,"EQUITY_RATIO":0.184592787423}],"count":63},"success":true,"message":"ok","code":0}