{"version":"ed9da1d6f5c474941f1f18a72a706798","result":{"pages":2,"data":[{"SECUCODE":"02096.HK","SECURITY_CODE":"02096","SECURITY_NAME_ABBR":"先声药业","ORG_CODE":"10000051768","STD_REPORT_DATE":"2024-06-30 00:00:00","REPORT_DATE":"2024-06-30 00:00:00","DATE_TYPE_CODE":"002","REPORT_TYPE":"2024年中报","PER_NETCASH_OPERATE":0.339124096738,"PER_OI":1.223972640606,"BPS":2.778689502063,"BASIC_EPS":0.18,"DILUTED_EPS":0.18,"OPERATE_INCOME":3113524000,"OPERATE_INCOME_YOY":-7.9300764853,"GROSS_PROFIT":2461932000,"GROSS_PROFIT_YOY":-3.88098090958,"HOLDER_PROFIT":456600000,"HOLDER_PROFIT_YOY":-79.9180536961,"GROSS_PROFIT_RATIO":79.072202430429,"EPS_TTM":-0.433339583415,"OPERATE_INCOME_QOQ":-4.058397607072,"NET_PROFIT_RATIO":14.6650547739,"ROE_AVG":6.462182328224,"GROSS_PROFIT_QOQ":-1.994421118292,"ROA":4.046648480382,"HOLDER_PROFIT_QOQ":-254.222600281773,"ROE_YEARLY":12.924364656448,"ROIC_YEARLY":10.441277759941,"TOTAL_ASSETS":11713156000,"TOTAL_LIABILITIES":4804443000,"TAX_EBT":7.700331316594,"OCF_SALES":27.706836369336,"TOTAL_PARENT_EQUITY":6908713000,"DEBT_ASSET_RATIO":41.0174934919,"OPERATE_PROFIT":492160000,"PRETAX_PROFIT":494693000,"NETCASH_OPERATE":862659000,"NETCASH_INVEST":-401964000,"NETCASH_FINANCE":286533000,"END_CASH":2754982000,"DIVI_RATIO":-0.367432055815,"DIVIDEND_RATE":2.267096774194,"CURRENT_RATIO":2.099437167243,"COMMON_ACS":null,"CURRENTDEBT_DEBT":63.629353080055,"ISSUED_COMMON_SHARES":2486320618,"HK_COMMON_SHARES":2486320618,"PER_SHARES":1000,"TOTAL_MARKET_CAP":19268984789.5,"HKSK_MARKET_CAP":19268984789.5,"PE_TTM":-16.370220977868,"PB_TTM":2.545541700412,"REPORT_DATE_SQ":"2023-06-30 00:00:00","REPORT_TYPE_SQ":"2023年中报","OPERATE_INCOME_SQ":3381695000,"DPS_HKD":0.1757,"OPERATE_INCOME_QOQ_SQ":10.755953066704,"NET_PROFIT_RATIO_SQ":67.2866418156,"HOLDER_PROFIT_SQ":2273684000,"HOLDER_PROFIT_QOQ_SQ":237.021853236818,"ROE_AVG_SQ":28.108173033257,"PE_TTM_SQ":4.161322476623,"PB_TTM_SQ":1.456459729234,"ROA_SQ":19.382835125905,"START_DATE":"2024-01-01 00:00:00","FISCAL_YEAR":"12-31","CURRENCY":"HKD","IS_CNY_CODE":0,"DPS_HKD_LY":0.1757,"ORG_TYPE":"一般企业","PREMIUM_INCOME":null,"PREMIUM_INCOME_YOY":null,"NET_INTEREST_INCOME":null,"NET_INTEREST_INCOME_YOY":null,"FEE_COMMISSION_INCOME":null,"FEE_COMMISSION_INCOME_YOY":null,"ACCOUNTS_RECE_TDAYS":1.234309210409,"INVENTORY_TDAYS":1.02525161535,"CURRENT_ASSETS_TDAYS":0.516467489132,"TOTAL_ASSETS_TDAYS":0.275938177031,"PREMIUM_EXPENSE":null,"LOAN_DEPOSIT":null,"LOAN_EQUITY":null,"LOAN_ASSETS":null,"DEPOSIT_EQUITY":null,"DEPOSIT_ASSETS":null,"EQUITY_MULTIPLIER":1.695417945425,"EQUITY_RATIO":0.695417945426},{"SECUCODE":"02096.HK","SECURITY_CODE":"02096","SECURITY_NAME_ABBR":"先声药业","ORG_CODE":"10000051768","STD_REPORT_DATE":"2023-12-31 00:00:00","REPORT_DATE":"2023-12-31 00:00:00","DATE_TYPE_CODE":"001","REPORT_TYPE":"2023年年报","PER_NETCASH_OPERATE":0.057411402434,"PER_OI":2.511541709012,"BPS":2.904989785995,"BASIC_EPS":0.27,"DILUTED_EPS":0.27,"OPERATE_INCOME":6607805000,"OPERATE_INCOME_YOY":4.4863902777,"GROSS_PROFIT":4984153000,"GROSS_PROFIT_YOY":-0.250666542851,"HOLDER_PROFIT":714761000,"HOLDER_PROFIT_YOY":-23.2156438937,"GROSS_PROFIT_RATIO":75.428270053369,"EPS_TTM":0.271671464802,"OPERATE_INCOME_QOQ":-5.586263310365,"NET_PROFIT_RATIO":10.8046469289,"ROE_AVG":9.958740309448,"GROSS_PROFIT_QOQ":-7.971349391446,"ROA":6.607518079685,"HOLDER_PROFIT_QOQ":-77.263210197631,"ROE_YEARLY":9.958740309448,"ROIC_YEARLY":8.419555142172,"TOTAL_ASSETS":10853667000,"TOTAL_LIABILITIES":3630931000,"TAX_EBT":3.52522438037,"OCF_SALES":2.285902807362,"TOTAL_PARENT_EQUITY":7222736000,"DEBT_ASSET_RATIO":33.4534954868,"OPERATE_PROFIT":711802000,"PRETAX_PROFIT":740038000,"NETCASH_OPERATE":151048000,"NETCASH_INVEST":1087807000,"NETCASH_FINANCE":-894834000,"END_CASH":2007162000,"DIVI_RATIO":0.58608604373,"DIVIDEND_RATE":2.55749636099,"CURRENT_RATIO":2.099461632972,"COMMON_ACS":null,"CURRENTDEBT_DEBT":73.972763459289,"ISSUED_COMMON_SHARES":2486320618,"HK_COMMON_SHARES":2486320618,"PER_SHARES":1000,"TOTAL_MARKET_CAP":17081022645.66,"HKSK_MARKET_CAP":17081022645.66,"PE_TTM":-14.511408789413,"PB_TTM":2.256499546043,"REPORT_DATE_SQ":"2022-12-31 00:00:00","REPORT_TYPE_SQ":"2022年年报","OPERATE_INCOME_SQ":6324082000,"DPS_HKD":0.1757,"OPERATE_INCOME_QOQ_SQ":13.258316446707,"NET_PROFIT_RATIO_SQ":14.6956463393,"HOLDER_PROFIT_SQ":930868000,"HOLDER_PROFIT_QOQ_SQ":-7.926235802998,"ROE_AVG_SQ":13.753828400654,"PE_TTM_SQ":4.294668617792,"PB_TTM_SQ":1.503130778102,"ROA_SQ":8.907999214602,"START_DATE":"2023-01-01 00:00:00","FISCAL_YEAR":"12-31","CURRENCY":"HKD","IS_CNY_CODE":0,"DPS_HKD_LY":0.17576,"ORG_TYPE":"一般企业","PREMIUM_INCOME":null,"PREMIUM_INCOME_YOY":null,"NET_INTEREST_INCOME":null,"NET_INTEREST_INCOME_YOY":null,"FEE_COMMISSION_INCOME":null,"FEE_COMMISSION_INCOME_YOY":null,"ACCOUNTS_RECE_TDAYS":2.658822345953,"INVENTORY_TDAYS":3.54147676771,"CURRENT_ASSETS_TDAYS":1.191376007777,"TOTAL_ASSETS_TDAYS":0.610850214331,"PREMIUM_EXPENSE":null,"LOAN_DEPOSIT":null,"LOAN_EQUITY":null,"LOAN_ASSETS":null,"DEPOSIT_EQUITY":null,"DEPOSIT_ASSETS":null,"EQUITY_MULTIPLIER":1.502708530396,"EQUITY_RATIO":0.502708530396},{"SECUCODE":"02096.HK","SECURITY_CODE":"02096","SECURITY_NAME_ABBR":"先声药业","ORG_CODE":"10000051768","STD_REPORT_DATE":"2023-06-30 00:00:00","REPORT_DATE":"2023-06-30 00:00:00","DATE_TYPE_CODE":"002","REPORT_TYPE":"2023年中报","PER_NETCASH_OPERATE":-0.030792640879,"PER_OI":1.269383293271,"BPS":3.641223072543,"BASIC_EPS":0.87,"DILUTED_EPS":0.86,"OPERATE_INCOME":3381695000,"OPERATE_INCOME_YOY":25.1765599244,"GROSS_PROFIT":2561337000,"GROSS_PROFIT_YOY":19.5613176435,"HOLDER_PROFIT":2273684000,"HOLDER_PROFIT_YOY":3466.1733350056,"GROSS_PROFIT_RATIO":75.793153019431,"EPS_TTM":1.180021835497,"OPERATE_INCOME_QOQ":10.755953066704,"NET_PROFIT_RATIO":67.2866418156,"ROE_AVG":28.108173033257,"GROSS_PROFIT_QOQ":8.385702992886,"ROA":19.382835125905,"HOLDER_PROFIT_QOQ":237.021853236818,"ROE_YEARLY":56.216346066514,"ROIC_YEARLY":49.514476246244,"TOTAL_ASSETS":12689633000,"TOTAL_LIABILITIES":3636385000,"TAX_EBT":2.20917219935,"OCF_SALES":-2.427493742101,"TOTAL_PARENT_EQUITY":9053248000,"DEBT_ASSET_RATIO":28.6563449077,"OPERATE_PROFIT":2311046000,"PRETAX_PROFIT":2324219000,"NETCASH_OPERATE":-81936000,"NETCASH_INVEST":1352104000,"NETCASH_FINANCE":-484364000,"END_CASH":2447104000,"DIVI_RATIO":0.134932125161,"DIVIDEND_RATE":2.55749636099,"CURRENT_RATIO":2.350847613231,"COMMON_ACS":null,"CURRENTDEBT_DEBT":68.894520244694,"ISSUED_COMMON_SHARES":2486320618,"HK_COMMON_SHARES":2486320618,"PER_SHARES":1000,"TOTAL_MARKET_CAP":17081022645.66,"HKSK_MARKET_CAP":17081022645.66,"PE_TTM":-14.511408789413,"PB_TTM":2.256499546043,"REPORT_DATE_SQ":"2022-06-30 00:00:00","REPORT_TYPE_SQ":"2022年中报","OPERATE_INCOME_SQ":2699650000,"DPS_HKD":0.1757,"OPERATE_INCOME_QOQ_SQ":11.593613879823,"NET_PROFIT_RATIO_SQ":2.2936676977,"HOLDER_PROFIT_SQ":63784000,"HOLDER_PROFIT_QOQ_SQ":-32.780260846024,"ROE_AVG_SQ":1.015231335033,"PE_TTM_SQ":4.294668617792,"PB_TTM_SQ":1.503130778102,"ROA_SQ":0.6346265368,"START_DATE":"2023-01-01 00:00:00","FISCAL_YEAR":"12-31","CURRENCY":"HKD","IS_CNY_CODE":0,"DPS_HKD_LY":0.17576,"ORG_TYPE":"一般企业","PREMIUM_INCOME":null,"PREMIUM_INCOME_YOY":null,"NET_INTEREST_INCOME":null,"NET_INTEREST_INCOME_YOY":null,"FEE_COMMISSION_INCOME":null,"FEE_COMMISSION_INCOME_YOY":null,"ACCOUNTS_RECE_TDAYS":1.43092347106,"INVENTORY_TDAYS":1.676606733858,"CURRENT_ASSETS_TDAYS":0.595828618359,"TOTAL_ASSETS_TDAYS":0.287960936563,"PREMIUM_EXPENSE":null,"LOAN_DEPOSIT":null,"LOAN_EQUITY":null,"LOAN_ASSETS":null,"DEPOSIT_EQUITY":null,"DEPOSIT_ASSETS":null,"EQUITY_MULTIPLIER":1.401666341185,"EQUITY_RATIO":0.401666341185},{"SECUCODE":"02096.HK","SECURITY_CODE":"02096","SECURITY_NAME_ABBR":"先声药业","ORG_CODE":"10000051768","STD_REPORT_DATE":"2022-12-31 00:00:00","REPORT_DATE":"2022-12-31 00:00:00","DATE_TYPE_CODE":"001","REPORT_TYPE":"2022年年报","PER_NETCASH_OPERATE":0.509218127552,"PER_OI":2.377137867327,"BPS":2.866388569682,"BASIC_EPS":0.36,"DILUTED_EPS":0.36,"OPERATE_INCOME":6324082000,"OPERATE_INCOME_YOY":26.3890483423,"GROSS_PROFIT":4996678000,"GROSS_PROFIT_YOY":27.474893073129,"HOLDER_PROFIT":930868000,"HOLDER_PROFIT_YOY":-38.1082558775,"GROSS_PROFIT_RATIO":79.075393062552,"EPS_TTM":0.350615019576,"OPERATE_INCOME_QOQ":13.258316446707,"NET_PROFIT_RATIO":14.6956463393,"ROE_AVG":13.753828400654,"GROSS_PROFIT_QOQ":13.590872811912,"ROA":8.907999214602,"HOLDER_PROFIT_QOQ":-7.926235802998,"ROE_YEARLY":13.753828400654,"ROIC_YEARLY":11.590498174291,"TOTAL_ASSETS":10788952000,"TOTAL_LIABILITIES":3641180000,"TAX_EBT":-4.567313659515,"OCF_SALES":21.438382958575,"TOTAL_PARENT_EQUITY":7131710000,"DEBT_ASSET_RATIO":33.746886801,"OPERATE_PROFIT":860605000,"PRETAX_PROFIT":886254000,"NETCASH_OPERATE":1354099000,"NETCASH_INVEST":68306000,"NETCASH_FINANCE":-753681000,"END_CASH":1658312000,"DIVI_RATIO":0.454124453061,"DIVIDEND_RATE":2.55749636099,"CURRENT_RATIO":1.840176966307,"COMMON_ACS":null,"CURRENTDEBT_DEBT":81.474082577626,"ISSUED_COMMON_SHARES":2486320618,"HK_COMMON_SHARES":2486320618,"PER_SHARES":1000,"TOTAL_MARKET_CAP":17081022645.66,"HKSK_MARKET_CAP":17081022645.66,"PE_TTM":-14.511408789413,"PB_TTM":2.256499546043,"REPORT_DATE_SQ":"2021-12-31 00:00:00","REPORT_TYPE_SQ":"2021年年报","OPERATE_INCOME_SQ":4999718000,"DPS_HKD":0.1757,"OPERATE_INCOME_QOQ_SQ":6.302137495112,"NET_PROFIT_RATIO_SQ":29.9801108783,"HOLDER_PROFIT_SQ":1507096000,"HOLDER_PROFIT_QOQ_SQ":44.658533541941,"ROE_AVG_SQ":25.677203758549,"PE_TTM_SQ":4.294668617792,"PB_TTM_SQ":1.503130778102,"ROA_SQ":14.282188303159,"START_DATE":"2022-01-01 00:00:00","FISCAL_YEAR":"12-31","CURRENCY":"HKD","IS_CNY_CODE":0,"DPS_HKD_LY":0.1757,"ORG_TYPE":"一般企业","PREMIUM_INCOME":null,"PREMIUM_INCOME_YOY":null,"NET_INTEREST_INCOME":null,"NET_INTEREST_INCOME_YOY":null,"FEE_COMMISSION_INCOME":null,"FEE_COMMISSION_INCOME_YOY":null,"ACCOUNTS_RECE_TDAYS":2.669742487594,"INVENTORY_TDAYS":4.919710527784,"CURRENT_ASSETS_TDAYS":1.21132834541,"TOTAL_ASSETS_TDAYS":0.603478058906,"PREMIUM_EXPENSE":null,"LOAN_DEPOSIT":null,"LOAN_EQUITY":null,"LOAN_ASSETS":null,"DEPOSIT_EQUITY":null,"DEPOSIT_ASSETS":null,"EQUITY_MULTIPLIER":1.509363034755,"EQUITY_RATIO":0.510561983031},{"SECUCODE":"02096.HK","SECURITY_CODE":"02096","SECURITY_NAME_ABBR":"先声药业","ORG_CODE":"10000051768","STD_REPORT_DATE":"2022-06-30 00:00:00","REPORT_DATE":"2022-06-30 00:00:00","DATE_TYPE_CODE":"002","REPORT_TYPE":"2022年中报","PER_NETCASH_OPERATE":0.25879218275,"PER_OI":1.019926038084,"BPS":2.464853066669,"BASIC_EPS":0.02,"DILUTED_EPS":0.02,"OPERATE_INCOME":2699650000,"OPERATE_INCOME_YOY":27.3418609982,"GROSS_PROFIT":2142279000,"GROSS_PROFIT_YOY":28.818207784008,"HOLDER_PROFIT":63784000,"HOLDER_PROFIT_YOY":-88.5653640819,"GROSS_PROFIT_RATIO":79.353953290241,"EPS_TTM":0.382735684884,"OPERATE_INCOME_QOQ":11.593613879823,"NET_PROFIT_RATIO":2.2936676977,"ROE_AVG":1.015231335033,"GROSS_PROFIT_QOQ":12.226693896399,"ROA":0.6346265368,"HOLDER_PROFIT_QOQ":-32.780260846024,"ROE_YEARLY":2.030462670066,"ROIC_YEARLY":1.694718008425,"TOTAL_ASSETS":9940128000,"TOTAL_LIABILITIES":3787816000,"TAX_EBT":-17.893113493136,"OCF_SALES":25.373622506621,"TOTAL_PARENT_EQUITY":6128415000,"DEBT_ASSET_RATIO":38.1063100998,"OPERATE_PROFIT":41111000,"PRETAX_PROFIT":52523000,"NETCASH_OPERATE":684999000,"NETCASH_INVEST":498560000,"NETCASH_FINANCE":-293446000,"END_CASH":1865035000,"DIVI_RATIO":0.416012565038,"DIVIDEND_RATE":2.55749636099,"CURRENT_RATIO":1.780893469891,"COMMON_ACS":null,"CURRENTDEBT_DEBT":80.707985815573,"ISSUED_COMMON_SHARES":2486320618,"HK_COMMON_SHARES":2486320618,"PER_SHARES":1000,"TOTAL_MARKET_CAP":17081022645.66,"HKSK_MARKET_CAP":17081022645.66,"PE_TTM":-14.511408789413,"PB_TTM":2.256499546043,"REPORT_DATE_SQ":"2021-06-30 00:00:00","REPORT_TYPE_SQ":"2021年中报","OPERATE_INCOME_SQ":2120002000,"DPS_HKD":0.1757,"OPERATE_INCOME_QOQ_SQ":4.315836867226,"NET_PROFIT_RATIO_SQ":26.1742677601,"HOLDER_PROFIT_SQ":557814000,"HOLDER_PROFIT_QOQ_SQ":55.605241854783,"ROE_AVG_SQ":10.194799302465,"PE_TTM_SQ":4.294668617792,"PB_TTM_SQ":1.503130778102,"ROA_SQ":5.340557042118,"START_DATE":"2022-01-01 00:00:00","FISCAL_YEAR":"12-31","CURRENCY":"HKD","IS_CNY_CODE":0,"DPS_HKD_LY":0.1757,"ORG_TYPE":"一般企业","PREMIUM_INCOME":null,"PREMIUM_INCOME_YOY":null,"NET_INTEREST_INCOME":null,"NET_INTEREST_INCOME_YOY":null,"FEE_COMMISSION_INCOME":null,"FEE_COMMISSION_INCOME_YOY":null,"ACCOUNTS_RECE_TDAYS":1.198338266392,"INVENTORY_TDAYS":1.946885746371,"CURRENT_ASSETS_TDAYS":0.517974858654,"TOTAL_ASSETS_TDAYS":0.26860490563,"PREMIUM_EXPENSE":null,"LOAN_DEPOSIT":null,"LOAN_EQUITY":null,"LOAN_ASSETS":null,"DEPOSIT_EQUITY":null,"DEPOSIT_ASSETS":null,"EQUITY_MULTIPLIER":1.615673587425,"EQUITY_RATIO":0.618074330802},{"SECUCODE":"02096.HK","SECURITY_CODE":"02096","SECURITY_NAME_ABBR":"先声药业","ORG_CODE":"10000051768","STD_REPORT_DATE":"2021-12-31 00:00:00","REPORT_DATE":"2021-12-31 00:00:00","DATE_TYPE_CODE":"001","REPORT_TYPE":"2021年年报","PER_NETCASH_OPERATE":-0.076844622363,"PER_OI":1.90226985013,"BPS":2.588964976358,"BASIC_EPS":0.58,"DILUTED_EPS":0.58,"OPERATE_INCOME":4999718000,"OPERATE_INCOME_YOY":10.8899643358,"GROSS_PROFIT":3919735000,"GROSS_PROFIT_YOY":8.61623262958,"HOLDER_PROFIT":1507096000,"HOLDER_PROFIT_YOY":125.0962609815,"GROSS_PROFIT_RATIO":78.399121710465,"EPS_TTM":0.573412996903,"OPERATE_INCOME_QOQ":6.302137495112,"NET_PROFIT_RATIO":29.9801108783,"ROE_AVG":25.677203758549,"GROSS_PROFIT_QOQ":4.959118069586,"ROA":14.282188303159,"HOLDER_PROFIT_QOQ":44.658533541941,"ROE_YEARLY":25.677203758549,"ROIC_YEARLY":19.332401195531,"TOTAL_ASSETS":10161143000,"TOTAL_LIABILITIES":3698386000,"TAX_EBT":-6.928535301474,"OCF_SALES":-4.03962783501,"TOTAL_PARENT_EQUITY":6436997000,"DEBT_ASSET_RATIO":36.3973423069,"OPERATE_PROFIT":1448544000,"PRETAX_PROFIT":1401797000,"NETCASH_OPERATE":-201970000,"NETCASH_INVEST":-435503000,"NETCASH_FINANCE":-1624531000,"END_CASH":973139000,"DIVI_RATIO":0.277675697726,"DIVIDEND_RATE":2.55749636099,"CURRENT_RATIO":1.625304894667,"COMMON_ACS":null,"CURRENTDEBT_DEBT":82.840541793096,"ISSUED_COMMON_SHARES":2486320618,"HK_COMMON_SHARES":2486320618,"PER_SHARES":1000,"TOTAL_MARKET_CAP":17081022645.66,"HKSK_MARKET_CAP":17081022645.66,"PE_TTM":-14.511408789413,"PB_TTM":2.256499546043,"REPORT_DATE_SQ":"2020-12-31 00:00:00","REPORT_TYPE_SQ":"2020年年报","OPERATE_INCOME_SQ":4508720000,"DPS_HKD":0.1757,"OPERATE_INCOME_QOQ_SQ":-0.86472262386,"NET_PROFIT_RATIO_SQ":14.7333833106,"HOLDER_PROFIT_SQ":669534000,"HOLDER_PROFIT_QOQ_SQ":-8.047969192484,"ROE_AVG_SQ":19.743704636203,"PE_TTM_SQ":4.294668617792,"PB_TTM_SQ":1.503130778102,"ROA_SQ":7.560964592316,"START_DATE":"2021-01-01 00:00:00","FISCAL_YEAR":"12-31","CURRENCY":"HKD","IS_CNY_CODE":0,"DPS_HKD_LY":0.18031,"ORG_TYPE":"一般企业","PREMIUM_INCOME":null,"PREMIUM_INCOME_YOY":null,"NET_INTEREST_INCOME":null,"NET_INTEREST_INCOME_YOY":null,"FEE_COMMISSION_INCOME":null,"FEE_COMMISSION_INCOME_YOY":null,"ACCOUNTS_RECE_TDAYS":2.341909499297,"INVENTORY_TDAYS":4.33876222807,"CURRENT_ASSETS_TDAYS":0.873589303029,"TOTAL_ASSETS_TDAYS":0.473804680914,"PREMIUM_EXPENSE":null,"LOAN_DEPOSIT":null,"LOAN_EQUITY":null,"LOAN_ASSETS":null,"DEPOSIT_EQUITY":null,"DEPOSIT_ASSETS":null,"EQUITY_MULTIPLIER":1.572261342954,"EQUITY_RATIO":0.574551456215},{"SECUCODE":"02096.HK","SECURITY_CODE":"02096","SECURITY_NAME_ABBR":"先声药业","ORG_CODE":"10000051768","STD_REPORT_DATE":"2021-06-30 00:00:00","REPORT_DATE":"2021-06-30 00:00:00","DATE_TYPE_CODE":"002","REPORT_TYPE":"2021年中报","PER_NETCASH_OPERATE":-0.200422701375,"PER_OI":0.812684266544,"BPS":2.268943095737,"BASIC_EPS":0.21,"DILUTED_EPS":0.21,"OPERATE_INCOME":2120002000,"OPERATE_INCOME_YOY":10.1063512088,"GROSS_PROFIT":1663025000,"GROSS_PROFIT_YOY":8.179495902836,"HOLDER_PROFIT":557814000,"HOLDER_PROFIT_YOY":200.6791793788,"GROSS_PROFIT_RATIO":78.444501467451,"EPS_TTM":0.399376438991,"OPERATE_INCOME_QOQ":4.315836867226,"NET_PROFIT_RATIO":26.1742677601,"ROE_AVG":10.194799302465,"GROSS_PROFIT_QOQ":3.484322874712,"ROA":5.340557042118,"HOLDER_PROFIT_QOQ":55.605241854783,"ROE_YEARLY":20.38959860493,"ROIC_YEARLY":14.8237074775,"TOTAL_ASSETS":9946321000,"TOTAL_LIABILITIES":4273985000,"TAX_EBT":-6.33431703204,"OCF_SALES":-24.661816356777,"TOTAL_PARENT_EQUITY":5641320000,"DEBT_ASSET_RATIO":42.9705114082,"OPERATE_PROFIT":556106000,"PRETAX_PROFIT":521840000,"NETCASH_OPERATE":-522831000,"NETCASH_INVEST":-621439000,"NETCASH_FINANCE":-833004000,"END_CASH":1284596000,"DIVI_RATIO":0.398678636132,"DIVIDEND_RATE":2.55749636099,"CURRENT_RATIO":1.445626007446,"COMMON_ACS":null,"CURRENTDEBT_DEBT":83.129000218765,"ISSUED_COMMON_SHARES":2486320618,"HK_COMMON_SHARES":2486320618,"PER_SHARES":1000,"TOTAL_MARKET_CAP":17081022645.66,"HKSK_MARKET_CAP":17081022645.66,"PE_TTM":-14.511408789413,"PB_TTM":2.256499546043,"REPORT_DATE_SQ":"2020-06-30 00:00:00","REPORT_TYPE_SQ":"2020年中报","OPERATE_INCOME_SQ":1925413000,"DPS_HKD":0.1757,"OPERATE_INCOME_QOQ_SQ":-9.701075594174,"NET_PROFIT_RATIO_SQ":9.5997585972,"HOLDER_PROFIT_SQ":185518000,"HOLDER_PROFIT_QOQ_SQ":-27.449522928906,"ROE_AVG_SQ":11.240854815875,"PE_TTM_SQ":4.294668617792,"PB_TTM_SQ":1.503130778102,"ROA_SQ":2.555430941599,"START_DATE":"2021-01-01 00:00:00","FISCAL_YEAR":"12-31","CURRENCY":"HKD","IS_CNY_CODE":0,"DPS_HKD_LY":0.18031,"ORG_TYPE":"一般企业","PREMIUM_INCOME":null,"PREMIUM_INCOME_YOY":null,"NET_INTEREST_INCOME":null,"NET_INTEREST_INCOME_YOY":null,"FEE_COMMISSION_INCOME":null,"FEE_COMMISSION_INCOME_YOY":null,"ACCOUNTS_RECE_TDAYS":1.097448693028,"INVENTORY_TDAYS":1.6458179893,"CURRENT_ASSETS_TDAYS":0.365422229906,"TOTAL_ASSETS_TDAYS":0.202970732366,"PREMIUM_EXPENSE":null,"LOAN_DEPOSIT":null,"LOAN_EQUITY":null,"LOAN_ASSETS":null,"DEPOSIT_EQUITY":null,"DEPOSIT_ASSETS":null,"EQUITY_MULTIPLIER":1.753478813667,"EQUITY_RATIO":0.757621443208},{"SECUCODE":"02096.HK","SECURITY_CODE":"02096","SECURITY_NAME_ABBR":"先声药业","ORG_CODE":"10000051768","STD_REPORT_DATE":"2020-12-31 00:00:00","REPORT_DATE":"2020-12-31 00:00:00","DATE_TYPE_CODE":"001","REPORT_TYPE":"2020年年报","PER_NETCASH_OPERATE":0.037080984729,"PER_OI":1.728378466743,"BPS":2.132383475251,"BASIC_EPS":0.28,"DILUTED_EPS":0.28,"OPERATE_INCOME":4508720000,"OPERATE_INCOME_YOY":-10.4819108226,"GROSS_PROFIT":3608793000,"GROSS_PROFIT_YOY":-13.002811840975,"HOLDER_PROFIT":669534000,"HOLDER_PROFIT_YOY":-33.2883629726,"GROSS_PROFIT_RATIO":80.040299685942,"EPS_TTM":0.256660016225,"OPERATE_INCOME_QOQ":-0.86472262386,"NET_PROFIT_RATIO":14.7333833106,"ROE_AVG":19.743704636203,"GROSS_PROFIT_QOQ":-2.461389765724,"ROA":7.560964592316,"HOLDER_PROFIT_QOQ":-8.047969192484,"ROE_YEARLY":19.743704636203,"ROIC_YEARLY":9.529851330482,"TOTAL_ASSETS":10943410000,"TOTAL_LIABILITIES":5607686000,"TAX_EBT":17.488895623832,"OCF_SALES":2.145420429745,"TOTAL_PARENT_EQUITY":5301789000,"DEBT_ASSET_RATIO":51.2425834361,"OPERATE_PROFIT":926836000,"PRETAX_PROFIT":805088000,"NETCASH_OPERATE":96731000,"NETCASH_INVEST":529083000,"NETCASH_FINANCE":2353622000,"END_CASH":3270241000,"DIVI_RATIO":0.620364855976,"DIVIDEND_RATE":2.55749636099,"CURRENT_RATIO":1.849167809976,"COMMON_ACS":null,"CURRENTDEBT_DEBT":62.363655882302,"ISSUED_COMMON_SHARES":2486320618,"HK_COMMON_SHARES":2486320618,"PER_SHARES":1000,"TOTAL_MARKET_CAP":17081022645.66,"HKSK_MARKET_CAP":17081022645.66,"PE_TTM":-14.511408789413,"PB_TTM":2.256499546043,"REPORT_DATE_SQ":"2019-12-31 00:00:00","REPORT_TYPE_SQ":"2019年年报","OPERATE_INCOME_SQ":5036658000,"DPS_HKD":0.1757,"OPERATE_INCOME_QOQ_SQ":11.573557597308,"NET_PROFIT_RATIO_SQ":19.926387696,"HOLDER_PROFIT_SQ":1003624000,"HOLDER_PROFIT_QOQ_SQ":36.791847204598,"ROE_AVG_SQ":65.906531328166,"PE_TTM_SQ":4.294668617792,"PB_TTM_SQ":1.503130778102,"ROA_SQ":15.316418171253,"START_DATE":"2020-01-01 00:00:00","FISCAL_YEAR":"12-31","CURRENCY":"HKD","IS_CNY_CODE":0,"DPS_HKD_LY":null,"ORG_TYPE":"一般企业","PREMIUM_INCOME":null,"PREMIUM_INCOME_YOY":null,"NET_INTEREST_INCOME":null,"NET_INTEREST_INCOME_YOY":null,"FEE_COMMISSION_INCOME":null,"FEE_COMMISSION_INCOME_YOY":null,"ACCOUNTS_RECE_TDAYS":2.810985782723,"INVENTORY_TDAYS":3.523274091851,"CURRENT_ASSETS_TDAYS":0.962941534457,"TOTAL_ASSETS_TDAYS":0.509164169059,"PREMIUM_EXPENSE":null,"LOAN_DEPOSIT":null,"LOAN_EQUITY":null,"LOAN_ASSETS":null,"DEPOSIT_EQUITY":null,"DEPOSIT_ASSETS":null,"EQUITY_MULTIPLIER":2.050970027687,"EQUITY_RATIO":1.057696939656},{"SECUCODE":"02096.HK","SECURITY_CODE":"02096","SECURITY_NAME_ABBR":"先声药业","ORG_CODE":"10000051768","STD_REPORT_DATE":"2020-06-30 00:00:00","REPORT_DATE":"2020-06-30 00:00:00","DATE_TYPE_CODE":"002","REPORT_TYPE":"2020年中报","PER_NETCASH_OPERATE":null,"PER_OI":9168.63333333333,"BPS":0.732132849972,"BASIC_EPS":0.08,"DILUTED_EPS":0.08,"OPERATE_INCOME":1925413000,"OPERATE_INCOME_YOY":-20.2404865239,"GROSS_PROFIT":1537283000,"GROSS_PROFIT_YOY":-22.578180635115,"HOLDER_PROFIT":185518000,"HOLDER_PROFIT_YOY":-59.7581820706,"GROSS_PROFIT_RATIO":79.841727463147,"EPS_TTM":3467.30476190476,"OPERATE_INCOME_QOQ":-9.701075594174,"NET_PROFIT_RATIO":9.5997585972,"ROE_AVG":11.240854815875,"GROSS_PROFIT_QOQ":-10.807435178676,"ROA":2.555430941599,"HOLDER_PROFIT_QOQ":-27.449522928906,"ROE_YEARLY":22.481709631751,"ROIC_YEARLY":5.484524388208,"TOTAL_ASSETS":7752638000,"TOTAL_LIABILITIES":5893822000,"TAX_EBT":17.753511945286,"OCF_SALES":-11.823852856504,"TOTAL_PARENT_EQUITY":1820317000,"DEBT_ASSET_RATIO":76.0234387314,"OPERATE_PROFIT":297851000,"PRETAX_PROFIT":224733000,"NETCASH_OPERATE":-227658000,"NETCASH_INVEST":496173000,"NETCASH_FINANCE":-26805000,"END_CASH":595916000,"DIVI_RATIO":0.000045921217,"DIVIDEND_RATE":2.55749636099,"CURRENT_RATIO":0.93342653925,"COMMON_ACS":null,"CURRENTDEBT_DEBT":65.54543045243,"ISSUED_COMMON_SHARES":2486320618,"HK_COMMON_SHARES":2486320618,"PER_SHARES":1000,"TOTAL_MARKET_CAP":17081022645.66,"HKSK_MARKET_CAP":17081022645.66,"PE_TTM":-14.511408789413,"PB_TTM":2.256499546043,"REPORT_DATE_SQ":"2019-06-30 00:00:00","REPORT_TYPE_SQ":"2019年中报","OPERATE_INCOME_SQ":2414023000,"DPS_HKD":0.1757,"OPERATE_INCOME_QOQ_SQ":0,"NET_PROFIT_RATIO_SQ":19.0970839963,"HOLDER_PROFIT_SQ":461008000,"HOLDER_PROFIT_QOQ_SQ":0,"ROE_AVG_SQ":null,"PE_TTM_SQ":4.294668617792,"PB_TTM_SQ":1.503130778102,"ROA_SQ":null,"START_DATE":"2020-01-01 00:00:00","FISCAL_YEAR":"12-31","CURRENCY":"HKD","IS_CNY_CODE":0,"DPS_HKD_LY":null,"ORG_TYPE":"一般企业","PREMIUM_INCOME":null,"PREMIUM_INCOME_YOY":null,"NET_INTEREST_INCOME":null,"NET_INTEREST_INCOME_YOY":null,"FEE_COMMISSION_INCOME":null,"FEE_COMMISSION_INCOME_YOY":null,"ACCOUNTS_RECE_TDAYS":1.288587769809,"INVENTORY_TDAYS":1.429265831735,"CURRENT_ASSETS_TDAYS":0.592107743569,"TOTAL_ASSETS_TDAYS":0.265217388909,"PREMIUM_EXPENSE":null,"LOAN_DEPOSIT":null,"LOAN_EQUITY":null,"LOAN_ASSETS":null,"DEPOSIT_EQUITY":null,"DEPOSIT_ASSETS":null,"EQUITY_MULTIPLIER":4.170739868814,"EQUITY_RATIO":3.237799789817}],"count":13},"success":true,"message":"ok","code":0}