{"version":"d49d8984581e0efb3f68a88e73a3c506","result":{"pages":4,"data":[{"SECUCODE":"02098.HK","SECURITY_CODE":"02098","SECURITY_NAME_ABBR":"卓尔智联","ORG_CODE":"10162338","STD_REPORT_DATE":"2024-06-30 00:00:00","REPORT_DATE":"2024-06-30 00:00:00","DATE_TYPE_CODE":"002","REPORT_TYPE":"2024年中报","PER_NETCASH_OPERATE":-0.275150966097,"PER_OI":5.506380423646,"BPS":1.11674063655,"BASIC_EPS":0.004,"DILUTED_EPS":0.004,"OPERATE_INCOME":68276396000,"OPERATE_INCOME_YOY":24.2936021552,"GROSS_PROFIT":363830000,"GROSS_PROFIT_YOY":-8.917945290184,"HOLDER_PROFIT":49817000,"HOLDER_PROFIT_YOY":122.7553210517,"GROSS_PROFIT_RATIO":0.532878156017,"EPS_TTM":0.006320251893,"OPERATE_INCOME_QOQ":10.651129364746,"NET_PROFIT_RATIO":0.059698523,"ROE_AVG":0.360323114004,"GROSS_PROFIT_QOQ":-4.207583406367,"ROA":0.07803550958,"HOLDER_PROFIT_QOQ":53.91927722675,"ROE_YEARLY":0.720646228008,"ROIC_YEARLY":0.161914480036,"TOTAL_ASSETS":63899098000,"TOTAL_LIABILITIES":49654447000,"TAX_EBT":70.598418835478,"OCF_SALES":-4.996947993564,"TOTAL_PARENT_EQUITY":13847032000,"DEBT_ASSET_RATIO":77.7075867331,"OPERATE_PROFIT":354292000,"PRETAX_PROFIT":138632000,"NETCASH_OPERATE":-3411736000,"NETCASH_INVEST":4139967000,"NETCASH_FINANCE":-483720000,"END_CASH":2024826000,"DIVI_RATIO":null,"DIVIDEND_RATE":null,"CURRENT_RATIO":0.880251612066,"COMMON_ACS":24000000000,"CURRENTDEBT_DEBT":85.280708090456,"ISSUED_COMMON_SHARES":12399505800,"HK_COMMON_SHARES":12399505800,"PER_SHARES":1000,"TOTAL_MARKET_CAP":4401824559,"HKSK_MARKET_CAP":4401824559,"PE_TTM":50.88188472604,"PB_TTM":0.290131288677,"REPORT_DATE_SQ":"2023-06-30 00:00:00","REPORT_TYPE_SQ":"2023年中报","OPERATE_INCOME_SQ":54931545000,"DPS_HKD":null,"OPERATE_INCOME_QOQ_SQ":4.509133234779,"NET_PROFIT_RATIO_SQ":0.0676332697,"HOLDER_PROFIT_SQ":22364000,"HOLDER_PROFIT_QOQ_SQ":0.73302844753,"ROE_AVG_SQ":0.162444707131,"PE_TTM_SQ":-0.829237229454,"PB_TTM_SQ":0.187462625928,"ROA_SQ":0.037128236803,"START_DATE":"2024-01-01 00:00:00","FISCAL_YEAR":"12-31","CURRENCY":"HKD","IS_CNY_CODE":0,"DPS_HKD_LY":null,"ORG_TYPE":"一般企业","PREMIUM_INCOME":null,"PREMIUM_INCOME_YOY":null,"NET_INTEREST_INCOME":null,"NET_INTEREST_INCOME_YOY":null,"FEE_COMMISSION_INCOME":null,"FEE_COMMISSION_INCOME_YOY":null,"ACCOUNTS_RECE_TDAYS":3.155778279436,"INVENTORY_TDAYS":13.59075327371,"CURRENT_ASSETS_TDAYS":1.826628526426,"TOTAL_ASSETS_TDAYS":1.069511081381,"PREMIUM_EXPENSE":null,"LOAN_DEPOSIT":null,"LOAN_EQUITY":null,"LOAN_ASSETS":null,"DEPOSIT_EQUITY":null,"DEPOSIT_ASSETS":null,"EQUITY_MULTIPLIER":4.485831067401,"EQUITY_RATIO":3.585927078092},{"SECUCODE":"02098.HK","SECURITY_CODE":"02098","SECURITY_NAME_ABBR":"卓尔智联","ORG_CODE":"10162338","STD_REPORT_DATE":"2023-12-31 00:00:00","REPORT_DATE":"2023-12-31 00:00:00","DATE_TYPE_CODE":"001","REPORT_TYPE":"2023年年报","PER_NETCASH_OPERATE":0.163049643479,"PER_OI":10.104473599262,"BPS":1.113291224881,"BASIC_EPS":0.0041,"DILUTED_EPS":0.0041,"OPERATE_INCOME":125290479000,"OPERATE_INCOME_YOY":12.9697546706,"GROSS_PROFIT":846638000,"GROSS_PROFIT_YOY":44.126994935524,"HOLDER_PROFIT":50915000,"HOLDER_PROFIT_YOY":101.6746900927,"GROSS_PROFIT_RATIO":0.675740093547,"EPS_TTM":0.00410621204,"OPERATE_INCOME_QOQ":8.095580906658,"NET_PROFIT_RATIO":0.0524189871,"ROE_AVG":0.369534116658,"GROSS_PROFIT_QOQ":21.555891520615,"ROA":0.082029845814,"HOLDER_PROFIT_QOQ":101.687056698226,"ROE_YEARLY":0.369534116658,"ROIC_YEARLY":0.084706596994,"TOTAL_ASSETS":63778674000,"TOTAL_LIABILITIES":49571989000,"TAX_EBT":69.730098447697,"OCF_SALES":1.61363817597,"TOTAL_PARENT_EQUITY":13804261000,"DEBT_ASSET_RATIO":77.7250229442,"OPERATE_PROFIT":503730000,"PRETAX_PROFIT":216968000,"NETCASH_OPERATE":2021735000,"NETCASH_INVEST":866660000,"NETCASH_FINANCE":-2448005000,"END_CASH":1782996000,"DIVI_RATIO":null,"DIVIDEND_RATE":null,"CURRENT_RATIO":0.929787717502,"COMMON_ACS":24000000000,"CURRENTDEBT_DEBT":81.320763627217,"ISSUED_COMMON_SHARES":12399505800,"HK_COMMON_SHARES":12399505800,"PER_SHARES":1000,"TOTAL_MARKET_CAP":4029839385,"HKSK_MARKET_CAP":4029839385,"PE_TTM":46.582007143558,"PB_TTM":0.265613151605,"REPORT_DATE_SQ":"2022-12-31 00:00:00","REPORT_TYPE_SQ":"2022年年报","OPERATE_INCOME_SQ":110906215000,"DPS_HKD":null,"OPERATE_INCOME_QOQ_SQ":6.311260527736,"NET_PROFIT_RATIO_SQ":-2.6880287998,"HOLDER_PROFIT_SQ":-3040264000,"HOLDER_PROFIT_QOQ_SQ":-123.937255872502,"ROE_AVG_SQ":-20.129678829399,"PE_TTM_SQ":-0.880605907384,"PB_TTM_SQ":0.199075354968,"ROA_SQ":-5.082605606558,"START_DATE":"2023-01-01 00:00:00","FISCAL_YEAR":"12-31","CURRENCY":"HKD","IS_CNY_CODE":0,"DPS_HKD_LY":null,"ORG_TYPE":"一般企业","PREMIUM_INCOME":null,"PREMIUM_INCOME_YOY":null,"NET_INTEREST_INCOME":null,"NET_INTEREST_INCOME_YOY":null,"FEE_COMMISSION_INCOME":null,"FEE_COMMISSION_INCOME_YOY":null,"ACCOUNTS_RECE_TDAYS":6.693131153003,"INVENTORY_TDAYS":26.796958152471,"CURRENT_ASSETS_TDAYS":3.446125666979,"TOTAL_ASSETS_TDAYS":2.018571869648,"PREMIUM_EXPENSE":null,"LOAN_DEPOSIT":null,"LOAN_EQUITY":null,"LOAN_ASSETS":null,"DEPOSIT_EQUITY":null,"DEPOSIT_ASSETS":null,"EQUITY_MULTIPLIER":4.489342446885,"EQUITY_RATIO":3.591064309781},{"SECUCODE":"02098.HK","SECURITY_CODE":"02098","SECURITY_NAME_ABBR":"卓尔智联","ORG_CODE":"10162338","STD_REPORT_DATE":"2023-06-30 00:00:00","REPORT_DATE":"2023-06-30 00:00:00","DATE_TYPE_CODE":"002","REPORT_TYPE":"2023年中报","PER_NETCASH_OPERATE":0.217698756994,"PER_OI":4.430139868962,"BPS":1.111514783113,"BASIC_EPS":0.0018,"DILUTED_EPS":0.0018,"OPERATE_INCOME":54931545000,"OPERATE_INCOME_YOY":10.0157125978,"GROSS_PROFIT":399453000,"GROSS_PROFIT_YOY":37.563581137625,"HOLDER_PROFIT":22364000,"HOLDER_PROFIT_YOY":28571.7948717949,"GROSS_PROFIT_RATIO":0.727183260547,"EPS_TTM":-0.24339502305,"OPERATE_INCOME_QOQ":4.509133234779,"NET_PROFIT_RATIO":0.0676332697,"ROE_AVG":0.162444707131,"GROSS_PROFIT_QOQ":18.568498106141,"ROA":0.037128236803,"HOLDER_PROFIT_QOQ":0.73302844753,"ROE_YEARLY":0.324889414262,"ROIC_YEARLY":0.076572469843,"TOTAL_ASSETS":60109888000,"TOTAL_LIABILITIES":45913048000,"TAX_EBT":35.797604852507,"OCF_SALES":4.91403800858,"TOTAL_PARENT_EQUITY":13782234000,"DEBT_ASSET_RATIO":76.3818558438,"OPERATE_PROFIT":211085000,"PRETAX_PROFIT":57867000,"NETCASH_OPERATE":2699357000,"NETCASH_INVEST":610036000,"NETCASH_FINANCE":-3160689000,"END_CASH":1491709000,"DIVI_RATIO":null,"DIVIDEND_RATE":null,"CURRENT_RATIO":0.931984583356,"COMMON_ACS":24000000000,"CURRENTDEBT_DEBT":81.08726085883,"ISSUED_COMMON_SHARES":12399505800,"HK_COMMON_SHARES":12399505800,"PER_SHARES":1000,"TOTAL_MARKET_CAP":4029839385,"HKSK_MARKET_CAP":4029839385,"PE_TTM":46.582007143558,"PB_TTM":0.265613151605,"REPORT_DATE_SQ":"2022-06-30 00:00:00","REPORT_TYPE_SQ":"2022年中报","OPERATE_INCOME_SQ":49930636000,"DPS_HKD":null,"OPERATE_INCOME_QOQ_SQ":-0.219644206457,"NET_PROFIT_RATIO_SQ":0.0620901364,"HOLDER_PROFIT_SQ":78000,"HOLDER_PROFIT_QOQ_SQ":-2.320300500281,"ROE_AVG_SQ":0.000469884953,"PE_TTM_SQ":-0.880605907384,"PB_TTM_SQ":0.199075354968,"ROA_SQ":0.000127395635,"START_DATE":"2023-01-01 00:00:00","FISCAL_YEAR":"12-31","CURRENCY":"HKD","IS_CNY_CODE":0,"DPS_HKD_LY":null,"ORG_TYPE":"一般企业","PREMIUM_INCOME":null,"PREMIUM_INCOME_YOY":null,"NET_INTEREST_INCOME":null,"NET_INTEREST_INCOME_YOY":null,"FEE_COMMISSION_INCOME":null,"FEE_COMMISSION_INCOME_YOY":null,"ACCOUNTS_RECE_TDAYS":3.263126892355,"INVENTORY_TDAYS":11.233222035387,"CURRENT_ASSETS_TDAYS":1.571058068983,"TOTAL_ASSETS_TDAYS":0.911961818413,"PREMIUM_EXPENSE":null,"LOAN_DEPOSIT":null,"LOAN_EQUITY":null,"LOAN_ASSETS":null,"DEPOSIT_EQUITY":null,"DEPOSIT_ASSETS":null,"EQUITY_MULTIPLIER":4.234032925646,"EQUITY_RATIO":3.331321177684},{"SECUCODE":"02098.HK","SECURITY_CODE":"02098","SECURITY_NAME_ABBR":"卓尔智联","ORG_CODE":"10162338","STD_REPORT_DATE":"2022-12-31 00:00:00","REPORT_DATE":"2022-12-31 00:00:00","DATE_TYPE_CODE":"001","REPORT_TYPE":"2022年年报","PER_NETCASH_OPERATE":0.069256227938,"PER_OI":8.944406074636,"BPS":1.109081137734,"BASIC_EPS":-0.2494,"DILUTED_EPS":-0.2494,"OPERATE_INCOME":110906215000,"OPERATE_INCOME_YOY":6.0777540032,"GROSS_PROFIT":587425000,"GROSS_PROFIT_YOY":-33.680871121247,"HOLDER_PROFIT":-3040264000,"HOLDER_PROFIT_YOY":-129.1332731408,"GROSS_PROFIT_RATIO":0.529659226041,"EPS_TTM":-0.245192352747,"OPERATE_INCOME_QOQ":6.311260527736,"NET_PROFIT_RATIO":-2.6880287998,"ROE_AVG":-20.129678829399,"GROSS_PROFIT_QOQ":3.143151122692,"ROA":-5.082605606558,"HOLDER_PROFIT_QOQ":-123.937255872502,"ROE_YEARLY":-20.129678829399,"ROIC_YEARLY":-5.220398401835,"TOTAL_ASSETS":60359070000,"TOTAL_LIABILITIES":46210964000,"TAX_EBT":7.493909604285,"OCF_SALES":0.774296553173,"TOTAL_PARENT_EQUITY":13752058000,"DEBT_ASSET_RATIO":76.5600994184,"OPERATE_PROFIT":-2666741000,"PRETAX_PROFIT":-3222697000,"NETCASH_OPERATE":858743000,"NETCASH_INVEST":709204000,"NETCASH_FINANCE":-1326858000,"END_CASH":1341318000,"DIVI_RATIO":null,"DIVIDEND_RATE":null,"CURRENT_RATIO":0.960675501055,"COMMON_ACS":24000000000,"CURRENTDEBT_DEBT":79.362356517817,"ISSUED_COMMON_SHARES":12399505800,"HK_COMMON_SHARES":12399505800,"PER_SHARES":1000,"TOTAL_MARKET_CAP":4029839385,"HKSK_MARKET_CAP":4029839385,"PE_TTM":46.582007143558,"PB_TTM":0.265613151605,"REPORT_DATE_SQ":"2021-12-31 00:00:00","REPORT_TYPE_SQ":"2021年年报","OPERATE_INCOME_SQ":104551813000,"DPS_HKD":null,"OPERATE_INCOME_QOQ_SQ":19.944755241225,"NET_PROFIT_RATIO_SQ":-1.3869926866,"HOLDER_PROFIT_SQ":-1326854000,"HOLDER_PROFIT_QOQ_SQ":12.728963688755,"ROE_AVG_SQ":-7.731156422757,"PE_TTM_SQ":-0.880605907384,"PB_TTM_SQ":0.199075354968,"ROA_SQ":-2.185868148439,"START_DATE":"2022-01-01 00:00:00","FISCAL_YEAR":"12-31","CURRENCY":"HKD","IS_CNY_CODE":0,"DPS_HKD_LY":null,"ORG_TYPE":"一般企业","PREMIUM_INCOME":null,"PREMIUM_INCOME_YOY":null,"NET_INTEREST_INCOME":null,"NET_INTEREST_INCOME_YOY":null,"FEE_COMMISSION_INCOME":null,"FEE_COMMISSION_INCOME_YOY":null,"ACCOUNTS_RECE_TDAYS":7.662890342446,"INVENTORY_TDAYS":26.544003568754,"CURRENT_ASSETS_TDAYS":3.242267792745,"TOTAL_ASSETS_TDAYS":1.854090796593,"PREMIUM_EXPENSE":null,"LOAN_DEPOSIT":null,"LOAN_EQUITY":null,"LOAN_ASSETS":null,"DEPOSIT_EQUITY":null,"DEPOSIT_ASSETS":null,"EQUITY_MULTIPLIER":4.266229698879,"EQUITY_RATIO":3.360294437385},{"SECUCODE":"02098.HK","SECURITY_CODE":"02098","SECURITY_NAME_ABBR":"卓尔智联","ORG_CODE":"10162338","STD_REPORT_DATE":"2022-06-30 00:00:00","REPORT_DATE":"2022-06-30 00:00:00","DATE_TYPE_CODE":"002","REPORT_TYPE":"2022年中报","PER_NETCASH_OPERATE":0.084121751919,"PER_OI":4.032248923343,"BPS":1.350448418678,"BASIC_EPS":0,"DILUTED_EPS":0,"OPERATE_INCOME":49930636000,"OPERATE_INCOME_YOY":-0.4578164419,"GROSS_PROFIT":290377000,"GROSS_PROFIT_YOY":-52.131030253475,"HOLDER_PROFIT":78000,"HOLDER_PROFIT_YOY":-99.7472865705,"GROSS_PROFIT_RATIO":0.581560787649,"EPS_TTM":-0.109639029243,"OPERATE_INCOME_QOQ":-0.219644206457,"NET_PROFIT_RATIO":0.0620901364,"ROE_AVG":0.000469884953,"GROSS_PROFIT_QOQ":-35.701858866165,"ROA":0.000127395635,"HOLDER_PROFIT_QOQ":-2.320300500281,"ROE_YEARLY":0.000939769906,"ROIC_YEARLY":0.000261386915,"TOTAL_ASSETS":63178174000,"TOTAL_LIABILITIES":46073143000,"TAX_EBT":37.242914979757,"OCF_SALES":2.086224177076,"TOTAL_PARENT_EQUITY":16744893000,"DEBT_ASSET_RATIO":72.925727483,"OPERATE_PROFIT":171057000,"PRETAX_PROFIT":49400000,"NETCASH_OPERATE":1041665000,"NETCASH_INVEST":-1169776000,"NETCASH_FINANCE":340442000,"END_CASH":1309371000,"DIVI_RATIO":null,"DIVIDEND_RATE":null,"CURRENT_RATIO":0.966266558409,"COMMON_ACS":24000000000,"CURRENTDEBT_DEBT":81.653285516033,"ISSUED_COMMON_SHARES":12399505800,"HK_COMMON_SHARES":12399505800,"PER_SHARES":1000,"TOTAL_MARKET_CAP":4029839385,"HKSK_MARKET_CAP":4029839385,"PE_TTM":46.582007143558,"PB_TTM":0.265613151605,"REPORT_DATE_SQ":"2021-06-30 00:00:00","REPORT_TYPE_SQ":"2021年中报","OPERATE_INCOME_SQ":50160278000,"DPS_HKD":null,"OPERATE_INCOME_QOQ_SQ":19.7847018884,"NET_PROFIT_RATIO_SQ":0.0645969307,"HOLDER_PROFIT_SQ":30865000,"HOLDER_PROFIT_QOQ_SQ":-20.622238089571,"ROE_AVG_SQ":0.172587786527,"PE_TTM_SQ":-0.880605907384,"PB_TTM_SQ":0.199075354968,"ROA_SQ":0.051427145783,"START_DATE":"2022-01-01 00:00:00","FISCAL_YEAR":"12-31","CURRENCY":"HKD","IS_CNY_CODE":0,"DPS_HKD_LY":null,"ORG_TYPE":"一般企业","PREMIUM_INCOME":null,"PREMIUM_INCOME_YOY":null,"NET_INTEREST_INCOME":null,"NET_INTEREST_INCOME_YOY":null,"FEE_COMMISSION_INCOME":null,"FEE_COMMISSION_INCOME_YOY":null,"ACCOUNTS_RECE_TDAYS":4.047182101259,"INVENTORY_TDAYS":12.704418178945,"CURRENT_ASSETS_TDAYS":1.436191607783,"TOTAL_ASSETS_TDAYS":0.815505780067,"PREMIUM_EXPENSE":null,"LOAN_DEPOSIT":null,"LOAN_EQUITY":null,"LOAN_ASSETS":null,"DEPOSIT_EQUITY":null,"DEPOSIT_ASSETS":null,"EQUITY_MULTIPLIER":3.693543379133,"EQUITY_RATIO":2.751474315184},{"SECUCODE":"02098.HK","SECURITY_CODE":"02098","SECURITY_NAME_ABBR":"卓尔智联","ORG_CODE":"10162338","STD_REPORT_DATE":"2021-12-31 00:00:00","REPORT_DATE":"2021-12-31 00:00:00","DATE_TYPE_CODE":"001","REPORT_TYPE":"2021年年报","PER_NETCASH_OPERATE":0.061981651295,"PER_OI":8.873237606551,"BPS":1.327046679554,"BASIC_EPS":-0.1127,"DILUTED_EPS":-0.1127,"OPERATE_INCOME":104551813000,"OPERATE_INCOME_YOY":43.6754674965,"GROSS_PROFIT":885755000,"GROSS_PROFIT_YOY":-28.205176006763,"HOLDER_PROFIT":-1326854000,"HOLDER_PROFIT_YOY":-5.2682772026,"GROSS_PROFIT_RATIO":0.847192386803,"EPS_TTM":-0.112609150175,"OPERATE_INCOME_QOQ":19.944755241225,"NET_PROFIT_RATIO":-1.3869926866,"ROE_AVG":-7.731156422757,"GROSS_PROFIT_QOQ":-30.742387374426,"ROA":-2.185868148439,"HOLDER_PROFIT_QOQ":12.728963688755,"ROE_YEARLY":-7.731156422757,"ROIC_YEARLY":-2.242566754885,"TOTAL_ASSETS":59275001000,"TOTAL_LIABILITIES":42495660000,"TAX_EBT":9.86349546342,"OCF_SALES":0.6985235158,"TOTAL_PARENT_EQUITY":16454723000,"DEBT_ASSET_RATIO":71.6923817513,"OPERATE_PROFIT":-823107000,"PRETAX_PROFIT":-1608811000,"NETCASH_OPERATE":721573000,"NETCASH_INVEST":2261610000,"NETCASH_FINANCE":-3069713000,"END_CASH":1095766000,"DIVI_RATIO":null,"DIVIDEND_RATE":null,"CURRENT_RATIO":0.986721754787,"COMMON_ACS":24000000000,"CURRENTDEBT_DEBT":79.131221870657,"ISSUED_COMMON_SHARES":12399505800,"HK_COMMON_SHARES":12399505800,"PER_SHARES":1000,"TOTAL_MARKET_CAP":4029839385,"HKSK_MARKET_CAP":4029839385,"PE_TTM":46.582007143558,"PB_TTM":0.265613151605,"REPORT_DATE_SQ":"2020-12-31 00:00:00","REPORT_TYPE_SQ":"2020年年报","OPERATE_INCOME_SQ":72769426000,"DPS_HKD":null,"OPERATE_INCOME_QOQ_SQ":-1.581625640925,"NET_PROFIT_RATIO_SQ":-1.8541275837,"HOLDER_PROFIT_SQ":-1260450000,"HOLDER_PROFIT_QOQ_SQ":-3026.71883344556,"ROE_AVG_SQ":-6.822624721025,"PE_TTM_SQ":-0.880605907384,"PB_TTM_SQ":0.199075354968,"ROA_SQ":-2.039279834988,"START_DATE":"2021-01-01 00:00:00","FISCAL_YEAR":"12-31","CURRENCY":"HKD","IS_CNY_CODE":0,"DPS_HKD_LY":null,"ORG_TYPE":"一般企业","PREMIUM_INCOME":null,"PREMIUM_INCOME_YOY":null,"NET_INTEREST_INCOME":null,"NET_INTEREST_INCOME_YOY":null,"FEE_COMMISSION_INCOME":null,"FEE_COMMISSION_INCOME_YOY":null,"ACCOUNTS_RECE_TDAYS":8.65194077541,"INVENTORY_TDAYS":24.875072930983,"CURRENT_ASSETS_TDAYS":3.331512467368,"TOTAL_ASSETS_TDAYS":1.722393555721,"PREMIUM_EXPENSE":null,"LOAN_DEPOSIT":null,"LOAN_EQUITY":null,"LOAN_ASSETS":null,"DEPOSIT_EQUITY":null,"DEPOSIT_ASSETS":null,"EQUITY_MULTIPLIER":3.532617937738,"EQUITY_RATIO":2.582581305076},{"SECUCODE":"02098.HK","SECURITY_CODE":"02098","SECURITY_NAME_ABBR":"卓尔智联","ORG_CODE":"10162338","STD_REPORT_DATE":"2021-06-30 00:00:00","REPORT_DATE":"2021-06-30 00:00:00","DATE_TYPE_CODE":"002","REPORT_TYPE":"2021年中报","PER_NETCASH_OPERATE":0.114229050216,"PER_OI":4.257066925321,"BPS":1.443378170765,"BASIC_EPS":0.0026,"DILUTED_EPS":0.0026,"OPERATE_INCOME":50160278000,"OPERATE_INCOME_YOY":40.2572162161,"GROSS_PROFIT":606608000,"GROSS_PROFIT_YOY":8.050608199697,"HOLDER_PROFIT":30865000,"HOLDER_PROFIT_YOY":-89.3861030681,"GROSS_PROFIT_RATIO":1.209339390025,"EPS_TTM":-0.129033818017,"OPERATE_INCOME_QOQ":19.7847018884,"NET_PROFIT_RATIO":0.0645969307,"ROE_AVG":0.172587786527,"GROSS_PROFIT_QOQ":3.663440409619,"ROA":0.051427145783,"HOLDER_PROFIT_QOQ":-20.622238089571,"ROE_YEARLY":0.345175573055,"ROIC_YEARLY":0.105441732878,"TOTAL_ASSETS":57905953000,"TOTAL_LIABILITIES":39548240000,"TAX_EBT":39.6666977004,"OCF_SALES":2.683280583094,"TOTAL_PARENT_EQUITY":17897176000,"DEBT_ASSET_RATIO":68.2973648668,"OPERATE_PROFIT":225949000,"PRETAX_PROFIT":53705000,"NETCASH_OPERATE":1345941000,"NETCASH_INVEST":2928199000,"NETCASH_FINANCE":-4622573000,"END_CASH":835947000,"DIVI_RATIO":null,"DIVIDEND_RATE":null,"CURRENT_RATIO":0.88947249827,"COMMON_ACS":24000000000,"CURRENTDEBT_DEBT":71.998030759397,"ISSUED_COMMON_SHARES":12399505800,"HK_COMMON_SHARES":12399505800,"PER_SHARES":1000,"TOTAL_MARKET_CAP":4029839385,"HKSK_MARKET_CAP":4029839385,"PE_TTM":46.582007143558,"PB_TTM":0.265613151605,"REPORT_DATE_SQ":"2020-06-30 00:00:00","REPORT_TYPE_SQ":"2020年中报","OPERATE_INCOME_SQ":35763064000,"DPS_HKD":null,"OPERATE_INCOME_QOQ_SQ":1.42678154892,"NET_PROFIT_RATIO_SQ":0.7859030199,"HOLDER_PROFIT_SQ":290798000,"HOLDER_PROFIT_QOQ_SQ":-53.590094507366,"ROE_AVG_SQ":1.510222296591,"PE_TTM_SQ":-0.880605907384,"PB_TTM_SQ":0.199075354968,"ROA_SQ":0.448843282928,"START_DATE":"2021-01-01 00:00:00","FISCAL_YEAR":"12-31","CURRENCY":"HKD","IS_CNY_CODE":0,"DPS_HKD_LY":null,"ORG_TYPE":"一般企业","PREMIUM_INCOME":null,"PREMIUM_INCOME_YOY":null,"NET_INTEREST_INCOME":null,"NET_INTEREST_INCOME_YOY":null,"FEE_COMMISSION_INCOME":null,"FEE_COMMISSION_INCOME_YOY":null,"ACCOUNTS_RECE_TDAYS":4.40151163358,"INVENTORY_TDAYS":9.612867757105,"CURRENT_ASSETS_TDAYS":1.8269548281,"TOTAL_ASSETS_TDAYS":0.835768647091,"PREMIUM_EXPENSE":null,"LOAN_DEPOSIT":null,"LOAN_EQUITY":null,"LOAN_ASSETS":null,"DEPOSIT_EQUITY":null,"DEPOSIT_ASSETS":null,"EQUITY_MULTIPLIER":3.154311923278,"EQUITY_RATIO":2.209747504299},{"SECUCODE":"02098.HK","SECURITY_CODE":"02098","SECURITY_NAME_ABBR":"卓尔智联","ORG_CODE":"10162338","STD_REPORT_DATE":"2020-12-31 00:00:00","REPORT_DATE":"2020-12-31 00:00:00","DATE_TYPE_CODE":"001","REPORT_TYPE":"2020年年报","PER_NETCASH_OPERATE":-0.015731200914,"PER_OI":6.175889148764,"BPS":1.441196874153,"BASIC_EPS":-0.1071,"DILUTED_EPS":-0.1071,"OPERATE_INCOME":72769426000,"OPERATE_INCOME_YOY":-0.1774104348,"GROSS_PROFIT":1233731000,"GROSS_PROFIT_YOY":0.720052314005,"HOLDER_PROFIT":-1260450000,"HOLDER_PROFIT_YOY":-1458.2874446372,"GROSS_PROFIT_RATIO":1.695397459917,"EPS_TTM":-0.106973490179,"OPERATE_INCOME_QOQ":-1.581625640925,"NET_PROFIT_RATIO":-1.8541275837,"ROE_AVG":-6.822624721025,"GROSS_PROFIT_QOQ":6.3702422563,"ROA":-2.039279834988,"HOLDER_PROFIT_QOQ":-3026.71883344556,"ROE_YEARLY":-6.822624721025,"ROIC_YEARLY":-2.098115186948,"TOTAL_ASSETS":62127930000,"TOTAL_LIABILITIES":43793474000,"TAX_EBT":9.972476054167,"OCF_SALES":-0.254719612602,"TOTAL_PARENT_EQUITY":17870129000,"DEBT_ASSET_RATIO":70.4891890008,"OPERATE_PROFIT":-495505000,"PRETAX_PROFIT":-1498695000,"NETCASH_OPERATE":-185358000,"NETCASH_INVEST":-502073000,"NETCASH_FINANCE":634874000,"END_CASH":1184708000,"DIVI_RATIO":null,"DIVIDEND_RATE":null,"CURRENT_RATIO":0.889685422789,"COMMON_ACS":24000000000,"CURRENTDEBT_DEBT":75.930998303537,"ISSUED_COMMON_SHARES":12399505800,"HK_COMMON_SHARES":12399505800,"PER_SHARES":1000,"TOTAL_MARKET_CAP":4029839385,"HKSK_MARKET_CAP":4029839385,"PE_TTM":46.582007143558,"PB_TTM":0.265613151605,"REPORT_DATE_SQ":"2019-12-31 00:00:00","REPORT_TYPE_SQ":"2019年年报","OPERATE_INCOME_SQ":72898756000,"DPS_HKD":null,"OPERATE_INCOME_QOQ_SQ":0.766247082584,"NET_PROFIT_RATIO_SQ":0.078902581,"HOLDER_PROFIT_SQ":92797000,"HOLDER_PROFIT_QOQ_SQ":-80.49294738391,"ROE_AVG_SQ":0.490229613964,"PE_TTM_SQ":-0.880605907384,"PB_TTM_SQ":0.199075354968,"ROA_SQ":0.161991290644,"START_DATE":"2020-01-01 00:00:00","FISCAL_YEAR":"12-31","CURRENCY":"HKD","IS_CNY_CODE":0,"DPS_HKD_LY":null,"ORG_TYPE":"一般企业","PREMIUM_INCOME":null,"PREMIUM_INCOME_YOY":null,"NET_INTEREST_INCOME":null,"NET_INTEREST_INCOME_YOY":null,"FEE_COMMISSION_INCOME":null,"FEE_COMMISSION_INCOME_YOY":null,"ACCOUNTS_RECE_TDAYS":5.97961909189,"INVENTORY_TDAYS":13.803772029548,"CURRENT_ASSETS_TDAYS":2.475696376324,"TOTAL_ASSETS_TDAYS":1.177335261577,"PREMIUM_EXPENSE":null,"LOAN_DEPOSIT":null,"LOAN_EQUITY":null,"LOAN_ASSETS":null,"DEPOSIT_EQUITY":null,"DEPOSIT_ASSETS":null,"EQUITY_MULTIPLIER":3.388588676967,"EQUITY_RATIO":2.45065237078},{"SECUCODE":"02098.HK","SECURITY_CODE":"02098","SECURITY_NAME_ABBR":"卓尔智联","ORG_CODE":"10162338","STD_REPORT_DATE":"2020-06-30 00:00:00","REPORT_DATE":"2020-06-30 00:00:00","DATE_TYPE_CODE":"002","REPORT_TYPE":"2020年中报","PER_NETCASH_OPERATE":-0.11647180594,"PER_OI":3.03518566828,"BPS":1.567129231876,"BASIC_EPS":0.0247,"DILUTED_EPS":0.0247,"OPERATE_INCOME":35763064000,"OPERATE_INCOME_YOY":2.9954418054,"GROSS_PROFIT":561411000,"GROSS_PROFIT_YOY":-10.385872722977,"HOLDER_PROFIT":290798000,"HOLDER_PROFIT_YOY":-14.6037917587,"GROSS_PROFIT_RATIO":1.569806770471,"EPS_TTM":0.003655065494,"OPERATE_INCOME_QOQ":1.42678154892,"NET_PROFIT_RATIO":0.7859030199,"ROE_AVG":1.510222296591,"GROSS_PROFIT_QOQ":-5.311814491012,"ROA":0.448843282928,"HOLDER_PROFIT_QOQ":-53.590094507366,"ROE_YEARLY":3.020444593183,"ROIC_YEARLY":0.923067295314,"TOTAL_ASSETS":68087391000,"TOTAL_LIABILITIES":48119680000,"TAX_EBT":43.184243933599,"OCF_SALES":-3.837386528179,"TOTAL_PARENT_EQUITY":19431628000,"DEBT_ASSET_RATIO":70.6734085317,"OPERATE_PROFIT":806500000,"PRETAX_PROFIT":494692000,"NETCASH_OPERATE":-1372367000,"NETCASH_INVEST":-371437000,"NETCASH_FINANCE":1677403000,"END_CASH":1179313000,"DIVI_RATIO":null,"DIVIDEND_RATE":null,"CURRENT_RATIO":0.8430133572,"COMMON_ACS":24000000000,"CURRENTDEBT_DEBT":84.794073859178,"ISSUED_COMMON_SHARES":12399505800,"HK_COMMON_SHARES":12399505800,"PER_SHARES":1000,"TOTAL_MARKET_CAP":4029839385,"HKSK_MARKET_CAP":4029839385,"PE_TTM":46.582007143558,"PB_TTM":0.265613151605,"REPORT_DATE_SQ":"2019-06-30 00:00:00","REPORT_TYPE_SQ":"2019年中报","OPERATE_INCOME_SQ":34722958000,"DPS_HKD":null,"OPERATE_INCOME_QOQ_SQ":28.919249729382,"NET_PROFIT_RATIO_SQ":0.8991227072,"HOLDER_PROFIT_SQ":340528000,"HOLDER_PROFIT_QOQ_SQ":-65.309661460916,"ROE_AVG_SQ":1.788683126118,"PE_TTM_SQ":-0.880605907384,"PB_TTM_SQ":0.199075354968,"ROA_SQ":0.622491985161,"START_DATE":"2020-01-01 00:00:00","FISCAL_YEAR":"12-31","CURRENCY":"HKD","IS_CNY_CODE":0,"DPS_HKD_LY":null,"ORG_TYPE":"一般企业","PREMIUM_INCOME":null,"PREMIUM_INCOME_YOY":null,"NET_INTEREST_INCOME":null,"NET_INTEREST_INCOME_YOY":null,"FEE_COMMISSION_INCOME":null,"FEE_COMMISSION_INCOME_YOY":null,"ACCOUNTS_RECE_TDAYS":2.749195001122,"INVENTORY_TDAYS":6.179775265119,"CURRENT_ASSETS_TDAYS":1.124630790045,"TOTAL_ASSETS_TDAYS":0.551998674452,"PREMIUM_EXPENSE":null,"LOAN_DEPOSIT":null,"LOAN_EQUITY":null,"LOAN_ASSETS":null,"DEPOSIT_EQUITY":null,"DEPOSIT_ASSETS":null,"EQUITY_MULTIPLIER":3.409874622085,"EQUITY_RATIO":2.476358645812}],"count":31},"success":true,"message":"ok","code":0}