{"version":"115b2ee52f6609fd8321f07cdd3c55e7","result":{"pages":7,"data":[{"SECUCODE":"02099.HK","SECURITY_CODE":"02099","SECURITY_NAME_ABBR":"中国黄金国际","ORG_CODE":"10167446","STD_REPORT_DATE":"2024-09-30 00:00:00","REPORT_DATE":"2024-09-30 00:00:00","DATE_TYPE_CODE":"004","REPORT_TYPE":"2024年三季报","PER_NETCASH_OPERATE":4.317585930476,"PER_OI":8.18584057703,"BPS":30.410336139372,"BASIC_EPS":-0.0805851,"DILUTED_EPS":null,"OPERATE_INCOME":3244979784.6,"OPERATE_INCOME_YOY":19.3136641082,"GROSS_PROFIT":453841268.4,"GROSS_PROFIT_YOY":-23.165650421973,"HOLDER_PROFIT":-31890677.4,"HOLDER_PROFIT_YOY":40.0711087701,"GROSS_PROFIT_RATIO":13.985950561351,"EPS_TTM":-0.398513232713,"OPERATE_INCOME_QOQ":55.601583149742,"NET_PROFIT_RATIO":-0.6519405976,"ROE_AVG":-0.265581774939,"GROSS_PROFIT_QOQ":70132.3069686602,"ROA":-0.155319858741,"HOLDER_PROFIT_QOQ":72.780067530259,"ROE_YEARLY":-0.354109033253,"ROIC_YEARLY":-0.168173769954,"TOTAL_ASSETS":21200531322.6,"TOTAL_LIABILITIES":8990312007.6,"TAX_EBT":139.309895833333,"OCF_SALES":52.744564102453,"TOTAL_PARENT_EQUITY":12055075479,"DEBT_ASSET_RATIO":42.406069314,"OPERATE_PROFIT":191175886.8,"PRETAX_PROFIT":53816832,"NETCASH_OPERATE":1711550442.6,"NETCASH_INVEST":-999591595.2,"NETCASH_FINANCE":223662193.2,"END_CASH":1605801769.2,"DIVI_RATIO":null,"DIVIDEND_RATE":null,"CURRENT_RATIO":1.678835150863,"COMMON_ACS":null,"CURRENTDEBT_DEBT":31.877497127767,"ISSUED_COMMON_SHARES":396413753,"HK_COMMON_SHARES":396413753,"PER_SHARES":100,"TOTAL_MARKET_CAP":18096287824.45,"HKSK_MARKET_CAP":18096287824.45,"PE_TTM":-103.262648745661,"PB_TTM":1.353707940138,"REPORT_DATE_SQ":"2023-09-30 00:00:00","REPORT_TYPE_SQ":"2023年三季报","OPERATE_INCOME_SQ":2786616796.2,"DPS_HKD":null,"OPERATE_INCOME_QOQ_SQ":-26.607902627298,"NET_PROFIT_RATIO_SQ":-1.4060120736,"HOLDER_PROFIT_SQ":-54523401.2,"HOLDER_PROFIT_QOQ_SQ":-64.374717154591,"ROE_AVG_SQ":-0.422031793543,"PE_TTM_SQ":47.003279497392,"PB_TTM_SQ":1.047384706058,"ROA_SQ":-0.251767494675,"START_DATE":"2024-01-01 00:00:00","FISCAL_YEAR":"12-31","CURRENCY":"HKD","IS_CNY_CODE":0,"DPS_HKD_LY":null,"ORG_TYPE":"一般企业","PREMIUM_INCOME":null,"PREMIUM_INCOME_YOY":null,"NET_INTEREST_INCOME":null,"NET_INTEREST_INCOME_YOY":null,"FEE_COMMISSION_INCOME":null,"FEE_COMMISSION_INCOME_YOY":null,"ACCOUNTS_RECE_TDAYS":34.945402407275,"INVENTORY_TDAYS":1.346552761645,"CURRENT_ASSETS_TDAYS":0.796493617958,"TOTAL_ASSETS_TDAYS":0.158042990257,"PREMIUM_EXPENSE":null,"LOAN_DEPOSIT":null,"LOAN_EQUITY":null,"LOAN_ASSETS":null,"DEPOSIT_EQUITY":null,"DEPOSIT_ASSETS":null,"EQUITY_MULTIPLIER":1.736294064477,"EQUITY_RATIO":0.74576986459},{"SECUCODE":"02099.HK","SECURITY_CODE":"02099","SECURITY_NAME_ABBR":"中国黄金国际","ORG_CODE":"10167446","STD_REPORT_DATE":"2024-06-30 00:00:00","REPORT_DATE":"2024-06-30 00:00:00","DATE_TYPE_CODE":"002","REPORT_TYPE":"2024年中报","PER_NETCASH_OPERATE":1.58371634195,"PER_OI":3.748415727645,"BPS":30.323068436024,"BASIC_EPS":-0.56943132,"DILUTED_EPS":null,"OPERATE_INCOME":1485923546.4,"OPERATE_INCOME_YOY":-36.003118535,"GROSS_PROFIT":127904679.6,"GROSS_PROFIT_YOY":-81.668278939159,"HOLDER_PROFIT":-225734263.2,"HOLDER_PROFIT_YOY":-231.5146985551,"GROSS_PROFIT_RATIO":8.607756429318,"EPS_TTM":-1.464049307089,"OPERATE_INCOME_QOQ":22.566000160119,"NET_PROFIT_RATIO":-14.8164490786,"ROE_AVG":-1.866735896711,"GROSS_PROFIT_QOQ":99.71699836513,"ROA":-1.105015936455,"HOLDER_PROFIT_QOQ":35.63425964567,"ROE_YEARLY":-3.733471793423,"ROIC_YEARLY":-2.336861792487,"TOTAL_ASSETS":20653836993.6,"TOTAL_LIABILITIES":8480920507.2,"TAX_EBT":-37.383260695544,"OCF_SALES":42.25028537444,"TOTAL_PARENT_EQUITY":12020481361.2,"DEBT_ASSET_RATIO":41.0622031627,"OPERATE_PROFIT":-34493712,"PRETAX_PROFIT":-160253224.8,"NETCASH_OPERATE":627806938.8,"NETCASH_INVEST":-432710788.8,"NETCASH_FINANCE":237849823.2,"END_CASH":1123162299.6,"DIVI_RATIO":null,"DIVIDEND_RATE":null,"CURRENT_RATIO":1.577743553688,"COMMON_ACS":null,"CURRENTDEBT_DEBT":30.119394556657,"ISSUED_COMMON_SHARES":396413753,"HK_COMMON_SHARES":396413753,"PER_SHARES":100,"TOTAL_MARKET_CAP":16114219059.45,"HKSK_MARKET_CAP":16114219059.45,"PE_TTM":-91.952391489839,"PB_TTM":1.205437629061,"REPORT_DATE_SQ":"2023-06-30 00:00:00","REPORT_TYPE_SQ":"2023年中报","OPERATE_INCOME_SQ":2354122285.2,"DPS_HKD":null,"OPERATE_INCOME_QOQ_SQ":-19.366749182365,"NET_PROFIT_RATIO_SQ":7.7720891115,"HOLDER_PROFIT_SQ":174026167.2,"HOLDER_PROFIT_QOQ_SQ":-57.004876205127,"ROE_AVG_SQ":1.333067649696,"PE_TTM_SQ":41.765960625327,"PB_TTM_SQ":0.930680345299,"ROA_SQ":0.794777778034,"START_DATE":"2024-01-01 00:00:00","FISCAL_YEAR":"12-31","CURRENCY":"HKD","IS_CNY_CODE":0,"DPS_HKD_LY":null,"ORG_TYPE":"一般企业","PREMIUM_INCOME":null,"PREMIUM_INCOME_YOY":null,"NET_INTEREST_INCOME":null,"NET_INTEREST_INCOME_YOY":null,"FEE_COMMISSION_INCOME":null,"FEE_COMMISSION_INCOME_YOY":null,"ACCOUNTS_RECE_TDAYS":16.345092505488,"INVENTORY_TDAYS":0.630487578914,"CURRENT_ASSETS_TDAYS":0.400310267433,"TOTAL_ASSETS_TDAYS":0.072739032872,"PREMIUM_EXPENSE":null,"LOAN_DEPOSIT":null,"LOAN_EQUITY":null,"LOAN_ASSETS":null,"DEPOSIT_EQUITY":null,"DEPOSIT_ASSETS":null,"EQUITY_MULTIPLIER":1.696704073891,"EQUITY_RATIO":0.705539175376},{"SECUCODE":"02099.HK","SECURITY_CODE":"02099","SECURITY_NAME_ABBR":"中国黄金国际","ORG_CODE":"10167446","STD_REPORT_DATE":"2024-03-31 00:00:00","REPORT_DATE":"2024-03-31 00:00:00","DATE_TYPE_CODE":"003","REPORT_TYPE":"2024年一季报","PER_NETCASH_OPERATE":0.128883255471,"PER_OI":1.083596574915,"BPS":30.28477295287,"BASIC_EPS":-0.4703985,"DILUTED_EPS":null,"OPERATE_INCOME":429552585,"OPERATE_INCOME_YOY":-76.0489441328,"GROSS_PROFIT":-81564120,"GROSS_PROFIT_YOY":-111.556391192005,"HOLDER_PROFIT":-186591405,"HOLDER_PROFIT_YOY":-133.8124686612,"GROSS_PROFIT_RATIO":-18.988157177543,"EPS_TTM":-2.274578524272,"OPERATE_INCOME_QOQ":-40.179737591329,"NET_PROFIT_RATIO":-43.0239664371,"ROE_AVG":-1.547483816264,"GROSS_PROFIT_QOQ":-138.326561338478,"ROA":-0.923448963723,"HOLDER_PROFIT_QOQ":-399.241432133586,"ROE_YEARLY":-6.189935265055,"ROIC_YEARLY":-3.857450066215,"TOTAL_ASSETS":20299539975,"TOTAL_LIABILITIES":8146251960,"TAX_EBT":1.370692919349,"OCF_SALES":11.894025733776,"TOTAL_PARENT_EQUITY":12005300505,"DEBT_ASSET_RATIO":40.1302294044,"OPERATE_PROFIT":-152336745,"PRETAX_PROFIT":-187378950,"NETCASH_OPERATE":51091095,"NETCASH_INVEST":-293449200,"NETCASH_FINANCE":281855970,"END_CASH":728443650,"DIVI_RATIO":null,"DIVIDEND_RATE":null,"CURRENT_RATIO":1.574424683676,"COMMON_ACS":null,"CURRENTDEBT_DEBT":27.154998223257,"ISSUED_COMMON_SHARES":396413753,"HK_COMMON_SHARES":396413753,"PER_SHARES":100,"TOTAL_MARKET_CAP":16114219059.45,"HKSK_MARKET_CAP":16114219059.45,"PE_TTM":-91.952391489839,"PB_TTM":1.205437629061,"REPORT_DATE_SQ":"2023-03-31 00:00:00","REPORT_TYPE_SQ":"2023年一季报","OPERATE_INCOME_SQ":1737014582.6,"DPS_HKD":null,"OPERATE_INCOME_QOQ_SQ":-2.507580174872,"NET_PROFIT_RATIO_SQ":31.1178187975,"HOLDER_PROFIT_SQ":534473954.3,"HOLDER_PROFIT_QOQ_SQ":5.305454860401,"ROE_AVG_SQ":4.196454657016,"PE_TTM_SQ":41.765960625327,"PB_TTM_SQ":0.930680345299,"ROA_SQ":2.395065203086,"START_DATE":"2024-01-01 00:00:00","FISCAL_YEAR":"12-31","CURRENCY":"HKD","IS_CNY_CODE":0,"DPS_HKD_LY":null,"ORG_TYPE":"一般企业","PREMIUM_INCOME":null,"PREMIUM_INCOME_YOY":null,"NET_INTEREST_INCOME":null,"NET_INTEREST_INCOME_YOY":null,"FEE_COMMISSION_INCOME":null,"FEE_COMMISSION_INCOME_YOY":null,"ACCOUNTS_RECE_TDAYS":3.62315978456,"INVENTORY_TDAYS":0.242958441186,"CURRENT_ASSETS_TDAYS":0.12520965477,"TOTAL_ASSETS_TDAYS":0.021258743911,"PREMIUM_EXPENSE":null,"LOAN_DEPOSIT":null,"LOAN_EQUITY":null,"LOAN_ASSETS":null,"DEPOSIT_EQUITY":null,"DEPOSIT_ASSETS":null,"EQUITY_MULTIPLIER":1.670292018913,"EQUITY_RATIO":0.678554606493},{"SECUCODE":"02099.HK","SECURITY_CODE":"02099","SECURITY_NAME_ABBR":"中国黄金国际","ORG_CODE":"10167446","STD_REPORT_DATE":"2023-12-31 00:00:00","REPORT_DATE":"2023-12-31 00:00:00","DATE_TYPE_CODE":"001","REPORT_TYPE":"2023年年报","PER_NETCASH_OPERATE":0.028122560622,"PER_OI":8.208678854288,"BPS":30.496326288155,"BASIC_EPS":-0.45541761,"DILUTED_EPS":null,"OPERATE_INCOME":3254033191.8,"OPERATE_INCOME_YOY":-58.4203433824,"GROSS_PROFIT":569201185.5,"GROSS_PROFIT_YOY":-79.338666532775,"HOLDER_PROFIT":-180608850,"HOLDER_PROFIT_YOY":-111.4481712108,"GROSS_PROFIT_RATIO":17.492175154647,"EPS_TTM":-0.455606922397,"OPERATE_INCOME_QOQ":-26.709236048175,"NET_PROFIT_RATIO":-4.9994123204,"ROE_AVG":-1.42028167806,"GROSS_PROFIT_QOQ":-53.468897570842,"ROA":-0.845823464702,"HOLDER_PROFIT_QOQ":-172.178921906778,"ROE_YEARLY":-1.42028167806,"ROIC_YEARLY":-0.933449959669,"TOTAL_ASSETS":20077443013.2,"TOTAL_LIABILITIES":7840371832.5,"TAX_EBT":-23.019656151251,"OCF_SALES":0.342595454407,"TOTAL_PARENT_EQUITY":12089163156.6,"DEBT_ASSET_RATIO":39.0506491656,"OPERATE_PROFIT":226391422.8,"PRETAX_PROFIT":-132241091.7,"NETCASH_OPERATE":11148169.8,"NETCASH_INVEST":-859145675.4,"NETCASH_FINANCE":-1453603769.1,"END_CASH":688700499.9,"DIVI_RATIO":null,"DIVIDEND_RATE":null,"CURRENT_RATIO":1.559086518785,"COMMON_ACS":null,"CURRENTDEBT_DEBT":27.590957338693,"ISSUED_COMMON_SHARES":396413753,"HK_COMMON_SHARES":396413753,"PER_SHARES":100,"TOTAL_MARKET_CAP":16114219059.45,"HKSK_MARKET_CAP":16114219059.45,"PE_TTM":-91.952391489839,"PB_TTM":1.205437629061,"REPORT_DATE_SQ":"2022-12-31 00:00:00","REPORT_TYPE_SQ":"2022年年报","OPERATE_INCOME_SQ":7695527805.4,"DPS_HKD":null,"OPERATE_INCOME_QOQ_SQ":-3.091564970309,"NET_PROFIT_RATIO_SQ":20.3992220455,"HOLDER_PROFIT_SQ":1551315897.8,"HOLDER_PROFIT_QOQ_SQ":-2.851835124648,"ROE_AVG_SQ":12.040484326473,"PE_TTM_SQ":41.765960625327,"PB_TTM_SQ":0.930680345299,"ROA_SQ":6.904667950205,"START_DATE":"2023-01-01 00:00:00","FISCAL_YEAR":"12-31","CURRENCY":"HKD","IS_CNY_CODE":0,"DPS_HKD_LY":2.9045,"ORG_TYPE":"一般企业","PREMIUM_INCOME":null,"PREMIUM_INCOME_YOY":null,"NET_INTEREST_INCOME":null,"NET_INTEREST_INCOME_YOY":null,"FEE_COMMISSION_INCOME":null,"FEE_COMMISSION_INCOME_YOY":null,"ACCOUNTS_RECE_TDAYS":35.62332325347,"INVENTORY_TDAYS":1.296755963479,"CURRENT_ASSETS_TDAYS":0.760132558367,"TOTAL_ASSETS_TDAYS":0.152392179483,"PREMIUM_EXPENSE":null,"LOAN_DEPOSIT":null,"LOAN_EQUITY":null,"LOAN_ASSETS":null,"DEPOSIT_EQUITY":null,"DEPOSIT_ASSETS":null,"EQUITY_MULTIPLIER":1.640706564237,"EQUITY_RATIO":0.648545456037},{"SECUCODE":"02099.HK","SECURITY_CODE":"02099","SECURITY_NAME_ABBR":"中国黄金国际","ORG_CODE":"10167446","STD_REPORT_DATE":"2023-09-30 00:00:00","REPORT_DATE":"2023-09-30 00:00:00","DATE_TYPE_CODE":"004","REPORT_TYPE":"2023年三季报","PER_NETCASH_OPERATE":0.407589842626,"PER_OI":7.029566393979,"BPS":31.058295294815,"BASIC_EPS":-0.13785216,"DILUTED_EPS":null,"OPERATE_INCOME":2786616796.2,"OPERATE_INCOME_YOY":-54.3950084896,"GROSS_PROFIT":590674966.2,"GROSS_PROFIT_YOY":-72.168362484165,"HOLDER_PROFIT":-54523401.2,"HOLDER_PROFIT_YOY":-104.3251432412,"GROSS_PROFIT_RATIO":21.196849419894,"EPS_TTM":0.631218796791,"OPERATE_INCOME_QOQ":-26.607902627298,"NET_PROFIT_RATIO":-1.4060120736,"ROE_AVG":-0.422031793543,"GROSS_PROFIT_QOQ":-37.41352112764,"ROA":-0.251767494675,"HOLDER_PROFIT_QOQ":-64.374717154591,"ROE_YEARLY":-0.562709058058,"ROIC_YEARLY":-0.277947972415,"TOTAL_ASSETS":20373680492.2,"TOTAL_LIABILITIES":7914645350.2,"TAX_EBT":402.159468438538,"OCF_SALES":5.798221679433,"TOTAL_PARENT_EQUITY":12311935399.6,"DEBT_ASSET_RATIO":38.8474009555,"OPERATE_PROFIT":324519780.2,"PRETAX_PROFIT":12966718.8,"NETCASH_OPERATE":161574219.2,"NETCASH_INVEST":-728189675.6,"NETCASH_FINANCE":-1691919870,"END_CASH":716730714.8,"DIVI_RATIO":null,"DIVIDEND_RATE":null,"CURRENT_RATIO":1.588332627728,"COMMON_ACS":null,"CURRENTDEBT_DEBT":28.069785521645,"ISSUED_COMMON_SHARES":396413753,"HK_COMMON_SHARES":396413753,"PER_SHARES":100,"TOTAL_MARKET_CAP":16114219059.45,"HKSK_MARKET_CAP":16114219059.45,"PE_TTM":-91.952391489839,"PB_TTM":1.205437629061,"REPORT_DATE_SQ":"2022-09-30 00:00:00","REPORT_TYPE_SQ":"2022年三季报","OPERATE_INCOME_SQ":6042249291,"DPS_HKD":null,"OPERATE_INCOME_QOQ_SQ":5.54311699289,"NET_PROFIT_RATIO_SQ":20.7840948481,"HOLDER_PROFIT_SQ":1246568684.4,"HOLDER_PROFIT_QOQ_SQ":-6.850809081117,"ROE_AVG_SQ":9.69202171042,"PE_TTM_SQ":41.765960625327,"PB_TTM_SQ":0.930680345299,"ROA_SQ":5.488441881183,"START_DATE":"2023-01-01 00:00:00","FISCAL_YEAR":"12-31","CURRENCY":"HKD","IS_CNY_CODE":0,"DPS_HKD_LY":2.9045,"ORG_TYPE":"一般企业","PREMIUM_INCOME":null,"PREMIUM_INCOME_YOY":null,"NET_INTEREST_INCOME":null,"NET_INTEREST_INCOME_YOY":null,"FEE_COMMISSION_INCOME":null,"FEE_COMMISSION_INCOME_YOY":null,"ACCOUNTS_RECE_TDAYS":29.908222239347,"INVENTORY_TDAYS":1.023918207063,"CURRENT_ASSETS_TDAYS":0.634121794112,"TOTAL_ASSETS_TDAYS":0.128674938459,"PREMIUM_EXPENSE":null,"LOAN_DEPOSIT":null,"LOAN_EQUITY":null,"LOAN_ASSETS":null,"DEPOSIT_EQUITY":null,"DEPOSIT_ASSETS":null,"EQUITY_MULTIPLIER":1.635253473482,"EQUITY_RATIO":0.642843313689},{"SECUCODE":"02099.HK","SECURITY_CODE":"02099","SECURITY_NAME_ABBR":"中国黄金国际","ORG_CODE":"10167446","STD_REPORT_DATE":"2023-06-30 00:00:00","REPORT_DATE":"2023-06-30 00:00:00","DATE_TYPE_CODE":"002","REPORT_TYPE":"2023年中报","PER_NETCASH_OPERATE":0.987497815193,"PER_OI":5.938548467061,"BPS":31.522297355309,"BASIC_EPS":0.43932864,"DILUTED_EPS":null,"OPERATE_INCOME":2354122285.2,"OPERATE_INCOME_YOY":-45.3379529039,"GROSS_PROFIT":697723248,"GROSS_PROFIT_YOY":-53.426287531797,"HOLDER_PROFIT":174026167.2,"HOLDER_PROFIT_YOY":-84.199131359,"GROSS_PROFIT_RATIO":29.638360436349,"EPS_TTM":1.77182816914,"OPERATE_INCOME_QOQ":-19.366749182365,"NET_PROFIT_RATIO":7.7720891115,"ROE_AVG":1.333067649696,"GROSS_PROFIT_QOQ":-29.965049102378,"ROA":0.794777778034,"HOLDER_PROFIT_QOQ":-57.004876205127,"ROE_YEARLY":2.666135299392,"ROIC_YEARLY":1.766457765897,"TOTAL_ASSETS":20706620995.8,"TOTAL_LIABILITIES":8069253182.4,"TAX_EBT":26.061437832156,"OCF_SALES":16.628605806123,"TOTAL_PARENT_EQUITY":12495872197.8,"DEBT_ASSET_RATIO":38.9694348684,"OPERATE_PROFIT":526876432.8,"PRETAX_PROFIT":247454746.8,"NETCASH_OPERATE":391457715,"NETCASH_INVEST":-661464183.6,"NETCASH_FINANCE":-1696256550,"END_CASH":1007637810,"DIVI_RATIO":null,"DIVIDEND_RATE":null,"CURRENT_RATIO":1.646604059079,"COMMON_ACS":null,"CURRENTDEBT_DEBT":29.235230064976,"ISSUED_COMMON_SHARES":396413753,"HK_COMMON_SHARES":396413753,"PER_SHARES":100,"TOTAL_MARKET_CAP":16114219059.45,"HKSK_MARKET_CAP":16114219059.45,"PE_TTM":-91.952391489839,"PB_TTM":1.205437629061,"REPORT_DATE_SQ":"2022-06-30 00:00:00","REPORT_TYPE_SQ":"2022年中报","OPERATE_INCOME_SQ":4000095071,"DPS_HKD":null,"OPERATE_INCOME_QOQ_SQ":1.763618285703,"NET_PROFIT_RATIO_SQ":25.7587476825,"HOLDER_PROFIT_SQ":1022965010.8,"HOLDER_PROFIT_QOQ_SQ":-3.919034793385,"ROE_AVG_SQ":8.3614843552,"PE_TTM_SQ":41.765960625327,"PB_TTM_SQ":0.930680345299,"ROA_SQ":4.715383822938,"START_DATE":"2023-01-01 00:00:00","FISCAL_YEAR":"12-31","CURRENCY":"HKD","IS_CNY_CODE":0,"DPS_HKD_LY":2.9045,"ORG_TYPE":"一般企业","PREMIUM_INCOME":null,"PREMIUM_INCOME_YOY":null,"NET_INTEREST_INCOME":null,"NET_INTEREST_INCOME_YOY":null,"FEE_COMMISSION_INCOME":null,"FEE_COMMISSION_INCOME_YOY":null,"ACCOUNTS_RECE_TDAYS":28.026495763259,"INVENTORY_TDAYS":0.756477949232,"CURRENT_ASSETS_TDAYS":0.512971748246,"TOTAL_ASSETS_TDAYS":0.107512801618,"PREMIUM_EXPENSE":null,"LOAN_DEPOSIT":null,"LOAN_EQUITY":null,"LOAN_ASSETS":null,"DEPOSIT_EQUITY":null,"DEPOSIT_ASSETS":null,"EQUITY_MULTIPLIER":1.638523251167,"EQUITY_RATIO":0.645753498009},{"SECUCODE":"02099.HK","SECURITY_CODE":"02099","SECURITY_NAME_ABBR":"中国黄金国际","ORG_CODE":"10167446","STD_REPORT_DATE":"2023-03-31 00:00:00","REPORT_DATE":"2023-03-31 00:00:00","DATE_TYPE_CODE":"003","REPORT_TYPE":"2023年一季报","PER_NETCASH_OPERATE":2.213844862239,"PER_OI":4.381822198283,"BPS":31.599570639518,"BASIC_EPS":1.34822754,"DILUTED_EPS":null,"OPERATE_INCOME":1737014582.6,"OPERATE_INCOME_YOY":-16.8550856684,"GROSS_PROFIT":705792307,"GROSS_PROFIT_YOY":5.355839557552,"HOLDER_PROFIT":534473954.3,"HOLDER_PROFIT_YOY":9.1972258101,"GROSS_PROFIT_RATIO":40.632491751656,"EPS_TTM":4.120997947566,"OPERATE_INCOME_QOQ":-2.507580174872,"NET_PROFIT_RATIO":31.1178187975,"ROE_AVG":4.196454657016,"GROSS_PROFIT_QOQ":1.302382097664,"ROA":2.395065203086,"HOLDER_PROFIT_QOQ":5.305454860401,"ROE_YEARLY":16.785818628063,"ROIC_YEARLY":11.366853169439,"TOTAL_ASSETS":22676795535.9,"TOTAL_LIABILITIES":10013537443.8,"TAX_EBT":9.745043143015,"OCF_SALES":50.523384155267,"TOTAL_PARENT_EQUITY":12526504390.4,"DEBT_ASSET_RATIO":44.1576387102,"OPERATE_PROFIT":607794993.3,"PRETAX_PROFIT":598882398.4,"NETCASH_OPERATE":877598550.4,"NETCASH_INVEST":-48967734.2,"NETCASH_FINANCE":-3133495.2,"END_CASH":3800331839.7,"DIVI_RATIO":null,"DIVIDEND_RATE":null,"CURRENT_RATIO":1.092620754308,"COMMON_ACS":null,"CURRENTDEBT_DEBT":54.827705470851,"ISSUED_COMMON_SHARES":396413753,"HK_COMMON_SHARES":396413753,"PER_SHARES":100,"TOTAL_MARKET_CAP":16114219059.45,"HKSK_MARKET_CAP":16114219059.45,"PE_TTM":-91.952391489839,"PB_TTM":1.205437629061,"REPORT_DATE_SQ":"2022-03-31 00:00:00","REPORT_TYPE_SQ":"2022年一季报","OPERATE_INCOME_SQ":1929986112.2,"DPS_HKD":null,"OPERATE_INCOME_QOQ_SQ":1.960059084476,"NET_PROFIT_RATIO_SQ":23.6171185543,"HOLDER_PROFIT_SQ":452169589.6,"HOLDER_PROFIT_QOQ_SQ":4.670251338872,"ROE_AVG_SQ":3.94202301801,"PE_TTM_SQ":41.765960625327,"PB_TTM_SQ":0.930680345299,"ROA_SQ":2.153108999254,"START_DATE":"2023-01-01 00:00:00","FISCAL_YEAR":"12-31","CURRENCY":"HKD","IS_CNY_CODE":0,"DPS_HKD_LY":2.9045,"ORG_TYPE":"一般企业","PREMIUM_INCOME":null,"PREMIUM_INCOME_YOY":null,"NET_INTEREST_INCOME":null,"NET_INTEREST_INCOME_YOY":null,"FEE_COMMISSION_INCOME":null,"FEE_COMMISSION_INCOME_YOY":null,"ACCOUNTS_RECE_TDAYS":25.656229383405,"INVENTORY_TDAYS":0.499701979588,"CURRENT_ASSETS_TDAYS":0.314870649521,"TOTAL_ASSETS_TDAYS":0.077838464355,"PREMIUM_EXPENSE":null,"LOAN_DEPOSIT":null,"LOAN_EQUITY":null,"LOAN_ASSETS":null,"DEPOSIT_EQUITY":null,"DEPOSIT_ASSETS":null,"EQUITY_MULTIPLIER":1.790755220415,"EQUITY_RATIO":0.799388012148},{"SECUCODE":"02099.HK","SECURITY_CODE":"02099","SECURITY_NAME_ABBR":"中国黄金国际","ORG_CODE":"10167446","STD_REPORT_DATE":"2022-12-31 00:00:00","REPORT_DATE":"2022-12-31 00:00:00","DATE_TYPE_CODE":"001","REPORT_TYPE":"2022年年报","PER_NETCASH_OPERATE":7.85825239368,"PER_OI":19.412867861323,"BPS":33.09965924265,"BASIC_EPS":3.91340874,"DILUTED_EPS":null,"OPERATE_INCOME":7695527805.4,"OPERATE_INCOME_YOY":-2.8493277391,"GROSS_PROFIT":2754910211.4,"GROSS_PROFIT_YOY":6.915916934967,"HOLDER_PROFIT":1551315897.8,"HOLDER_PROFIT_YOY":-16.6882978445,"GROSS_PROFIT_RATIO":35.798846824605,"EPS_TTM":3.913375573022,"OPERATE_INCOME_QOQ":-3.091564970309,"NET_PROFIT_RATIO":20.3992220455,"ROE_AVG":12.040484326473,"GROSS_PROFIT_QOQ":-1.718695629375,"ROA":6.904667950205,"HOLDER_PROFIT_QOQ":-2.851835124648,"ROE_YEARLY":12.040484326473,"ROIC_YEARLY":7.709434983625,"TOTAL_ASSETS":22251277150.6,"TOTAL_LIABILITIES":8994648572.6,"TAX_EBT":18.114609974425,"OCF_SALES":40.479605846062,"TOTAL_PARENT_EQUITY":13121160143.4,"DEBT_ASSET_RATIO":40.423066558,"OPERATE_PROFIT":2206796191.4,"PRETAX_PROFIT":1917103654.4,"NETCASH_OPERATE":3115119323.4,"NETCASH_INVEST":-232185834.8,"NETCASH_FINANCE":-1290623955.2,"END_CASH":2984003763.8,"DIVI_RATIO":null,"DIVIDEND_RATE":null,"CURRENT_RATIO":1.14719988726,"COMMON_ACS":null,"CURRENTDEBT_DEBT":49.449817689923,"ISSUED_COMMON_SHARES":396413753,"HK_COMMON_SHARES":396413753,"PER_SHARES":100,"TOTAL_MARKET_CAP":16114219059.45,"HKSK_MARKET_CAP":16114219059.45,"PE_TTM":-91.952391489839,"PB_TTM":1.205437629061,"REPORT_DATE_SQ":"2021-12-31 00:00:00","REPORT_TYPE_SQ":"2021年年报","OPERATE_INCOME_SQ":7251440649.2,"DPS_HKD":null,"OPERATE_INCOME_QOQ_SQ":4.8436812099,"NET_PROFIT_RATIO_SQ":23.6227707068,"HOLDER_PROFIT_SQ":1704613527.7,"HOLDER_PROFIT_QOQ_SQ":0.081660620668,"ROE_AVG_SQ":15.752859673042,"PE_TTM_SQ":41.765960625327,"PB_TTM_SQ":0.930680345299,"ROA_SQ":8.126863216096,"START_DATE":"2022-01-01 00:00:00","FISCAL_YEAR":"12-31","CURRENCY":"HKD","IS_CNY_CODE":0,"DPS_HKD_LY":1.956881,"ORG_TYPE":"一般企业","PREMIUM_INCOME":null,"PREMIUM_INCOME_YOY":null,"NET_INTEREST_INCOME":null,"NET_INTEREST_INCOME_YOY":null,"FEE_COMMISSION_INCOME":null,"FEE_COMMISSION_INCOME_YOY":null,"ACCOUNTS_RECE_TDAYS":63.814553855039,"INVENTORY_TDAYS":2.39362007241,"CURRENT_ASSETS_TDAYS":1.73452259575,"TOTAL_ASSETS_TDAYS":0.342516081175,"PREMIUM_EXPENSE":null,"LOAN_DEPOSIT":null,"LOAN_EQUITY":null,"LOAN_ASSETS":null,"DEPOSIT_EQUITY":null,"DEPOSIT_ASSETS":null,"EQUITY_MULTIPLIER":1.6785019675,"EQUITY_RATIO":0.685507110217},{"SECUCODE":"02099.HK","SECURITY_CODE":"02099","SECURITY_NAME_ABBR":"中国黄金国际","ORG_CODE":"10167446","STD_REPORT_DATE":"2022-09-30 00:00:00","REPORT_DATE":"2022-09-30 00:00:00","DATE_TYPE_CODE":"004","REPORT_TYPE":"2022年三季报","PER_NETCASH_OPERATE":6.415747023792,"PER_OI":15.242279676911,"BPS":32.367499256263,"BASIC_EPS":3.14450142,"DILUTED_EPS":null,"OPERATE_INCOME":6042249291,"OPERATE_INCOME_YOY":3.1144740349,"GROSS_PROFIT":2122314814.8,"GROSS_PROFIT_YOY":11.940252294381,"HOLDER_PROFIT":1246568684.4,"HOLDER_PROFIT_YOY":-15.9217917223,"GROSS_PROFIT_RATIO":35.12458213138,"EPS_TTM":4.028254757095,"OPERATE_INCOME_QOQ":5.54311699289,"NET_PROFIT_RATIO":20.7840948481,"ROE_AVG":9.69202171042,"GROSS_PROFIT_QOQ":3.048281490735,"ROA":5.488441881183,"HOLDER_PROFIT_QOQ":-6.850809081117,"ROE_YEARLY":12.922695613894,"ROIC_YEARLY":6.102428330493,"TOTAL_ASSETS":22300876488.6,"TOTAL_LIABILITIES":9339680403,"TAX_EBT":13.573599398032,"OCF_SALES":42.091781280661,"TOTAL_PARENT_EQUITY":12830921855.4,"DEBT_ASSET_RATIO":41.8803288192,"OPERATE_PROFIT":1742134724.4,"PRETAX_PROFIT":1453059267.6,"NETCASH_OPERATE":2543290356,"NETCASH_INVEST":-260931849.6,"NETCASH_FINANCE":-889058255.4,"END_CASH":2838414842.4,"DIVI_RATIO":null,"DIVIDEND_RATE":null,"CURRENT_RATIO":1.063156284356,"COMMON_ACS":null,"CURRENTDEBT_DEBT":50.682980041582,"ISSUED_COMMON_SHARES":396413753,"HK_COMMON_SHARES":396413753,"PER_SHARES":100,"TOTAL_MARKET_CAP":16114219059.45,"HKSK_MARKET_CAP":16114219059.45,"PE_TTM":-91.952391489839,"PB_TTM":1.205437629061,"REPORT_DATE_SQ":"2021-09-30 00:00:00","REPORT_TYPE_SQ":"2021年三季报","OPERATE_INCOME_SQ":5352660036,"DPS_HKD":null,"OPERATE_INCOME_QOQ_SQ":1.229135050515,"NET_PROFIT_RATIO_SQ":25.431822037,"HOLDER_PROFIT_SQ":1354326625.8,"HOLDER_PROFIT_QOQ_SQ":1.369560842365,"ROE_AVG_SQ":12.538897530283,"PE_TTM_SQ":41.765960625327,"PB_TTM_SQ":0.930680345299,"ROA_SQ":6.277114085174,"START_DATE":"2022-01-01 00:00:00","FISCAL_YEAR":"12-31","CURRENCY":"HKD","IS_CNY_CODE":0,"DPS_HKD_LY":1.956881,"ORG_TYPE":"一般企业","PREMIUM_INCOME":null,"PREMIUM_INCOME_YOY":null,"NET_INTEREST_INCOME":null,"NET_INTEREST_INCOME_YOY":null,"FEE_COMMISSION_INCOME":null,"FEE_COMMISSION_INCOME_YOY":null,"ACCOUNTS_RECE_TDAYS":48.385070214339,"INVENTORY_TDAYS":1.853808974598,"CURRENT_ASSETS_TDAYS":1.361388831123,"TOTAL_ASSETS_TDAYS":0.266030540317,"PREMIUM_EXPENSE":null,"LOAN_DEPOSIT":null,"LOAN_EQUITY":null,"LOAN_ASSETS":null,"DEPOSIT_EQUITY":null,"DEPOSIT_ASSETS":null,"EQUITY_MULTIPLIER":1.720587848629,"EQUITY_RATIO":0.727904082673}],"count":63},"success":true,"message":"ok","code":0}