{"version":"86cf535a108f75278dd1e3d6b37cdada","result":{"pages":2,"data":[{"SECUCODE":"02101.HK","SECURITY_CODE":"02101","SECURITY_NAME_ABBR":"福禄控股","ORG_CODE":"10000077186","STD_REPORT_DATE":"2024-06-30 00:00:00","REPORT_DATE":"2024-06-30 00:00:00","DATE_TYPE_CODE":"002","REPORT_TYPE":"2024年中报","PER_NETCASH_OPERATE":0.07646811906,"PER_OI":0.479751307901,"BPS":3.222673958189,"BASIC_EPS":0.09,"DILUTED_EPS":0.09,"OPERATE_INCOME":196046000,"OPERATE_INCOME_YOY":-21.878461845,"GROSS_PROFIT":146739000,"GROSS_PROFIT_YOY":-20.5708501586,"HOLDER_PROFIT":36320000,"HOLDER_PROFIT_YOY":-10.9956625089,"GROSS_PROFIT_RATIO":74.84927006927,"EPS_TTM":0.213211655446,"OPERATE_INCOME_QOQ":-9.797182756787,"NET_PROFIT_RATIO":17.9789437173,"ROE_AVG":2.814470812458,"GROSS_PROFIT_QOQ":-9.131495164294,"ROA":2.054387534302,"HOLDER_PROFIT_QOQ":-4.897723055428,"ROE_YEARLY":5.628941624915,"ROIC_YEARLY":4.516165934282,"TOTAL_ASSETS":1773214000,"TOTAL_LIABILITIES":481412000,"TAX_EBT":21.237514245492,"OCF_SALES":15.939116329841,"TOTAL_PARENT_EQUITY":1308908000,"DEBT_ASSET_RATIO":27.1491201852,"OPERATE_PROFIT":46748000,"PRETAX_PROFIT":44751000,"NETCASH_OPERATE":31248000,"NETCASH_INVEST":361000,"NETCASH_FINANCE":24237000,"END_CASH":203405000,"DIVI_RATIO":null,"DIVIDEND_RATE":null,"CURRENT_RATIO":3.584522576117,"COMMON_ACS":1000000000,"CURRENTDEBT_DEBT":99.444135169044,"ISSUED_COMMON_SHARES":406155887,"HK_COMMON_SHARES":406155887,"PER_SHARES":500,"TOTAL_MARKET_CAP":735142155.47,"HKSK_MARKET_CAP":735142155.47,"PE_TTM":7.607854364787,"PB_TTM":0.51260252245,"REPORT_DATE_SQ":"2023-06-30 00:00:00","REPORT_TYPE_SQ":"2023年中报","OPERATE_INCOME_SQ":250950000,"DPS_HKD":null,"OPERATE_INCOME_QOQ_SQ":11.36782790088,"NET_PROFIT_RATIO_SQ":15.327356047,"HOLDER_PROFIT_SQ":40807000,"HOLDER_PROFIT_QOQ_SQ":5.46990733646,"ROE_AVG_SQ":3.352652968335,"PE_TTM_SQ":7.890649099459,"PB_TTM_SQ":0.671590248433,"ROA_SQ":2.476914172954,"START_DATE":"2024-01-01 00:00:00","FISCAL_YEAR":"12-31","CURRENCY":"HKD","IS_CNY_CODE":0,"DPS_HKD_LY":null,"ORG_TYPE":"一般企业","PREMIUM_INCOME":null,"PREMIUM_INCOME_YOY":null,"NET_INTEREST_INCOME":null,"NET_INTEREST_INCOME_YOY":null,"FEE_COMMISSION_INCOME":null,"FEE_COMMISSION_INCOME_YOY":null,"ACCOUNTS_RECE_TDAYS":0.329403541433,"INVENTORY_TDAYS":null,"CURRENT_ASSETS_TDAYS":0.115603998252,"TOTAL_ASSETS_TDAYS":0.110890544755,"PREMIUM_EXPENSE":null,"LOAN_DEPOSIT":null,"LOAN_EQUITY":null,"LOAN_ASSETS":null,"DEPOSIT_EQUITY":null,"DEPOSIT_ASSETS":null,"EQUITY_MULTIPLIER":1.372667018631,"EQUITY_RATIO":0.367796667145},{"SECUCODE":"02101.HK","SECURITY_CODE":"02101","SECURITY_NAME_ABBR":"福禄控股","ORG_CODE":"10000077186","STD_REPORT_DATE":"2023-12-31 00:00:00","REPORT_DATE":"2023-12-31 00:00:00","DATE_TYPE_CODE":"001","REPORT_TYPE":"2023年年报","PER_NETCASH_OPERATE":-0.122121896236,"PER_OI":1.371389936318,"BPS":3.131898467349,"BASIC_EPS":0.23,"DILUTED_EPS":0.23,"OPERATE_INCOME":560406000,"OPERATE_INCOME_YOY":16.7845822662,"GROSS_PROFIT":416175000,"GROSS_PROFIT_YOY":15.850026166643,"HOLDER_PROFIT":91614000,"HOLDER_PROFIT_YOY":-6.4026726331,"GROSS_PROFIT_RATIO":74.263123521161,"EPS_TTM":0.224191956592,"OPERATE_INCOME_QOQ":4.863841261347,"NET_PROFIT_RATIO":14.2983836718,"ROE_AVG":7.361537265502,"GROSS_PROFIT_QOQ":5.129740216436,"ROA":5.488974299828,"HOLDER_PROFIT_QOQ":-11.256841187582,"ROE_YEARLY":7.361537265502,"ROIC_YEARLY":5.983551014877,"TOTAL_ASSETS":1762633000,"TOTAL_LIABILITIES":505281000,"TAX_EBT":15.973867997735,"OCF_SALES":-8.90497246639,"TOTAL_PARENT_EQUITY":1272039000,"DEBT_ASSET_RATIO":28.6662623473,"OPERATE_PROFIT":98920000,"PRETAX_PROFIT":95362000,"NETCASH_OPERATE":-49904000,"NETCASH_INVEST":1525000,"NETCASH_FINANCE":45664000,"END_CASH":147347000,"DIVI_RATIO":null,"DIVIDEND_RATE":null,"CURRENT_RATIO":3.349247657424,"COMMON_ACS":1000000000,"CURRENTDEBT_DEBT":99.015003532688,"ISSUED_COMMON_SHARES":406155887,"HK_COMMON_SHARES":406155887,"PER_SHARES":500,"TOTAL_MARKET_CAP":751388390.95,"HKSK_MARKET_CAP":751388390.95,"PE_TTM":7.775983743014,"PB_TTM":0.52393075499,"REPORT_DATE_SQ":"2022-12-31 00:00:00","REPORT_TYPE_SQ":"2022年年报","OPERATE_INCOME_SQ":479863000,"DPS_HKD":null,"OPERATE_INCOME_QOQ_SQ":21.439724658037,"NET_PROFIT_RATIO_SQ":18.906646272,"HOLDER_PROFIT_SQ":97881000,"HOLDER_PROFIT_QOQ_SQ":213.590491141512,"ROE_AVG_SQ":8.22225050307,"PE_TTM_SQ":8.654260302633,"PB_TTM_SQ":0.73658285312,"ROA_SQ":6.629741074951,"START_DATE":"2023-01-01 00:00:00","FISCAL_YEAR":"12-31","CURRENCY":"HKD","IS_CNY_CODE":0,"DPS_HKD_LY":0.116,"ORG_TYPE":"一般企业","PREMIUM_INCOME":null,"PREMIUM_INCOME_YOY":null,"NET_INTEREST_INCOME":null,"NET_INTEREST_INCOME_YOY":null,"FEE_COMMISSION_INCOME":null,"FEE_COMMISSION_INCOME_YOY":null,"ACCOUNTS_RECE_TDAYS":1.098948421161,"INVENTORY_TDAYS":null,"CURRENT_ASSETS_TDAYS":0.354297054416,"TOTAL_ASSETS_TDAYS":0.335762452406,"PREMIUM_EXPENSE":null,"LOAN_DEPOSIT":null,"LOAN_EQUITY":null,"LOAN_ASSETS":null,"DEPOSIT_EQUITY":null,"DEPOSIT_ASSETS":null,"EQUITY_MULTIPLIER":1.401861213089,"EQUITY_RATIO":0.397221311611},{"SECUCODE":"02101.HK","SECURITY_CODE":"02101","SECURITY_NAME_ABBR":"福禄控股","ORG_CODE":"10000077186","STD_REPORT_DATE":"2023-06-30 00:00:00","REPORT_DATE":"2023-06-30 00:00:00","DATE_TYPE_CODE":"002","REPORT_TYPE":"2023年中报","PER_NETCASH_OPERATE":-0.032708425479,"PER_OI":0.61410888627,"BPS":2.997270355951,"BASIC_EPS":0.1,"DILUTED_EPS":0.1,"OPERATE_INCOME":250950000,"OPERATE_INCOME_YOY":27.7749490835,"GROSS_PROFIT":184742000,"GROSS_PROFIT_YOY":24.73296873945,"HOLDER_PROFIT":40807000,"HOLDER_PROFIT_YOY":15.1016839196,"GROSS_PROFIT_RATIO":73.617055190277,"EPS_TTM":0.252630129006,"OPERATE_INCOME_QOQ":11.36782790088,"NET_PROFIT_RATIO":15.327356047,"ROE_AVG":3.352652968335,"GROSS_PROFIT_QOQ":10.197196272089,"ROA":2.476914172954,"HOLDER_PROFIT_QOQ":5.46990733646,"ROE_YEARLY":6.70530593667,"ROIC_YEARLY":5.515603574525,"TOTAL_ASSETS":1719510000,"TOTAL_LIABILITIES":509894000,"TAX_EBT":16.428028245519,"OCF_SALES":-5.326160589759,"TOTAL_PARENT_EQUITY":1217359000,"DEBT_ASSET_RATIO":29.6534477845,"OPERATE_PROFIT":47556000,"PRETAX_PROFIT":46025000,"NETCASH_OPERATE":-13366000,"NETCASH_INVEST":-18284000,"NETCASH_FINANCE":81811000,"END_CASH":200089000,"DIVI_RATIO":null,"DIVIDEND_RATE":null,"CURRENT_RATIO":3.275502668692,"COMMON_ACS":1000000000,"CURRENTDEBT_DEBT":97.997426916183,"ISSUED_COMMON_SHARES":406155887,"HK_COMMON_SHARES":406155887,"PER_SHARES":500,"TOTAL_MARKET_CAP":751388390.95,"HKSK_MARKET_CAP":751388390.95,"PE_TTM":7.775983743014,"PB_TTM":0.52393075499,"REPORT_DATE_SQ":"2022-06-30 00:00:00","REPORT_TYPE_SQ":"2022年中报","OPERATE_INCOME_SQ":196400000,"DPS_HKD":null,"OPERATE_INCOME_QOQ_SQ":-1.036357671125,"NET_PROFIT_RATIO_SQ":17.0371690428,"HOLDER_PROFIT_SQ":35453000,"HOLDER_PROFIT_QOQ_SQ":-54.247896572953,"ROE_AVG_SQ":3.065571743441,"PE_TTM_SQ":8.654260302633,"PB_TTM_SQ":0.73658285312,"ROA_SQ":2.520163153428,"START_DATE":"2023-01-01 00:00:00","FISCAL_YEAR":"12-31","CURRENCY":"HKD","IS_CNY_CODE":0,"DPS_HKD_LY":0.116,"ORG_TYPE":"一般企业","PREMIUM_INCOME":null,"PREMIUM_INCOME_YOY":null,"NET_INTEREST_INCOME":null,"NET_INTEREST_INCOME_YOY":null,"FEE_COMMISSION_INCOME":null,"FEE_COMMISSION_INCOME_YOY":null,"ACCOUNTS_RECE_TDAYS":0.526432270225,"INVENTORY_TDAYS":null,"CURRENT_ASSETS_TDAYS":0.160631028064,"TOTAL_ASSETS_TDAYS":0.152322300513,"PREMIUM_EXPENSE":null,"LOAN_DEPOSIT":null,"LOAN_EQUITY":null,"LOAN_ASSETS":null,"DEPOSIT_EQUITY":null,"DEPOSIT_ASSETS":null,"EQUITY_MULTIPLIER":1.421533776007,"EQUITY_RATIO":0.418852614553},{"SECUCODE":"02101.HK","SECURITY_CODE":"02101","SECURITY_NAME_ABBR":"福禄控股","ORG_CODE":"10000077186","STD_REPORT_DATE":"2022-12-31 00:00:00","REPORT_DATE":"2022-12-31 00:00:00","DATE_TYPE_CODE":"001","REPORT_TYPE":"2022年年报","PER_NETCASH_OPERATE":0.055313217472,"PER_OI":1.180570496633,"BPS":2.996268277653,"BASIC_EPS":0.24,"DILUTED_EPS":0.24,"OPERATE_INCOME":479863000,"OPERATE_INCOME_YOY":20.1811747557,"GROSS_PROFIT":359236000,"GROSS_PROFIT_YOY":21.674276191896,"HOLDER_PROFIT":97881000,"HOLDER_PROFIT_YOY":43.4742458444,"GROSS_PROFIT_RATIO":74.862200252989,"EPS_TTM":0.240809190917,"OPERATE_INCOME_QOQ":21.439724658037,"NET_PROFIT_RATIO":18.906646272,"ROE_AVG":8.22225050307,"GROSS_PROFIT_QOQ":20.500873812135,"ROA":6.629741074951,"HOLDER_PROFIT_QOQ":213.590491141512,"ROE_YEARLY":8.22225050307,"ROIC_YEARLY":7.529061549911,"TOTAL_ASSETS":1575477000,"TOTAL_LIABILITIES":365095000,"TAX_EBT":-5.154209019576,"OCF_SALES":4.685295594784,"TOTAL_PARENT_EQUITY":1216952000,"DEBT_ASSET_RATIO":23.1736166253,"OPERATE_PROFIT":87789000,"PRETAX_PROFIT":86279000,"NETCASH_OPERATE":22483000,"NETCASH_INVEST":-22406000,"NETCASH_FINANCE":-59867000,"END_CASH":149825000,"DIVI_RATIO":null,"DIVIDEND_RATE":null,"CURRENT_RATIO":4.17554627556,"COMMON_ACS":1000000000,"CURRENTDEBT_DEBT":97.597063777921,"ISSUED_COMMON_SHARES":406155887,"HK_COMMON_SHARES":406155887,"PER_SHARES":500,"TOTAL_MARKET_CAP":751388390.95,"HKSK_MARKET_CAP":751388390.95,"PE_TTM":7.775983743014,"PB_TTM":0.52393075499,"REPORT_DATE_SQ":"2021-12-31 00:00:00","REPORT_TYPE_SQ":"2021年年报","OPERATE_INCOME_SQ":399283000,"DPS_HKD":null,"OPERATE_INCOME_QOQ_SQ":7.885749179947,"NET_PROFIT_RATIO_SQ":17.0861268824,"HOLDER_PROFIT_SQ":68222000,"HOLDER_PROFIT_QOQ_SQ":-44.143052473861,"ROE_AVG_SQ":6.010717123962,"PE_TTM_SQ":8.654260302633,"PB_TTM_SQ":0.73658285312,"ROA_SQ":4.923762230106,"START_DATE":"2022-01-01 00:00:00","FISCAL_YEAR":"12-31","CURRENCY":"HKD","IS_CNY_CODE":0,"DPS_HKD_LY":0.176,"ORG_TYPE":"一般企业","PREMIUM_INCOME":null,"PREMIUM_INCOME_YOY":null,"NET_INTEREST_INCOME":null,"NET_INTEREST_INCOME_YOY":null,"FEE_COMMISSION_INCOME":null,"FEE_COMMISSION_INCOME_YOY":null,"ACCOUNTS_RECE_TDAYS":1.275034342758,"INVENTORY_TDAYS":null,"CURRENT_ASSETS_TDAYS":0.338938720042,"TOTAL_ASSETS_TDAYS":0.325024002763,"PREMIUM_EXPENSE":null,"LOAN_DEPOSIT":null,"LOAN_EQUITY":null,"LOAN_ASSETS":null,"DEPOSIT_EQUITY":null,"DEPOSIT_ASSETS":null,"EQUITY_MULTIPLIER":1.301636177669,"EQUITY_RATIO":0.300007724216},{"SECUCODE":"02101.HK","SECURITY_CODE":"02101","SECURITY_NAME_ABBR":"福禄控股","ORG_CODE":"10000077186","STD_REPORT_DATE":"2022-06-30 00:00:00","REPORT_DATE":"2022-06-30 00:00:00","DATE_TYPE_CODE":"002","REPORT_TYPE":"2022年中报","PER_NETCASH_OPERATE":0.265605789187,"PER_OI":0.483188004782,"BPS":2.829083701057,"BASIC_EPS":0.09,"DILUTED_EPS":0.09,"OPERATE_INCOME":196400000,"OPERATE_INCOME_YOY":-2.0634493213,"GROSS_PROFIT":148110000,"GROSS_PROFIT_YOY":1.979550383861,"HOLDER_PROFIT":35453000,"HOLDER_PROFIT_YOY":-51.0736661975,"GROSS_PROFIT_RATIO":75.412423625255,"EPS_TTM":0.076790973489,"OPERATE_INCOME_QOQ":-1.036357671125,"NET_PROFIT_RATIO":17.0371690428,"ROE_AVG":3.065571743441,"GROSS_PROFIT_QOQ":0.973770847164,"ROA":2.520163153428,"HOLDER_PROFIT_QOQ":-54.247896572953,"ROE_YEARLY":6.131143486881,"ROIC_YEARLY":6.065212193894,"TOTAL_ASSETS":1436240000,"TOTAL_LIABILITIES":289183000,"TAX_EBT":6.611777839799,"OCF_SALES":54.969450101833,"TOTAL_PARENT_EQUITY":1149049000,"DEBT_ASSET_RATIO":20.1347267866,"OPERATE_PROFIT":36352000,"PRETAX_PROFIT":35830000,"NETCASH_OPERATE":107960000,"NETCASH_INVEST":-15311000,"NETCASH_FINANCE":-34245000,"END_CASH":267974000,"DIVI_RATIO":null,"DIVIDEND_RATE":null,"CURRENT_RATIO":4.982496676129,"COMMON_ACS":1000000000,"CURRENTDEBT_DEBT":96.233181065277,"ISSUED_COMMON_SHARES":406155887,"HK_COMMON_SHARES":406155887,"PER_SHARES":500,"TOTAL_MARKET_CAP":751388390.95,"HKSK_MARKET_CAP":751388390.95,"PE_TTM":7.775983743014,"PB_TTM":0.52393075499,"REPORT_DATE_SQ":"2021-06-30 00:00:00","REPORT_TYPE_SQ":"2021年中报","OPERATE_INCOME_SQ":200538000,"DPS_HKD":null,"OPERATE_INCOME_QOQ_SQ":12.762560555742,"NET_PROFIT_RATIO_SQ":36.1338000778,"HOLDER_PROFIT_SQ":72462000,"HOLDER_PROFIT_QOQ_SQ":1.024830849146,"ROE_AVG_SQ":6.651731435724,"PE_TTM_SQ":8.654260302633,"PB_TTM_SQ":0.73658285312,"ROA_SQ":5.343263496511,"START_DATE":"2022-01-01 00:00:00","FISCAL_YEAR":"12-31","CURRENCY":"HKD","IS_CNY_CODE":0,"DPS_HKD_LY":0.176,"ORG_TYPE":"一般企业","PREMIUM_INCOME":null,"PREMIUM_INCOME_YOY":null,"NET_INTEREST_INCOME":null,"NET_INTEREST_INCOME_YOY":null,"FEE_COMMISSION_INCOME":null,"FEE_COMMISSION_INCOME_YOY":null,"ACCOUNTS_RECE_TDAYS":0.61049624579,"INVENTORY_TDAYS":null,"CURRENT_ASSETS_TDAYS":0.14386686894,"TOTAL_ASSETS_TDAYS":0.139610200359,"PREMIUM_EXPENSE":null,"LOAN_DEPOSIT":null,"LOAN_EQUITY":null,"LOAN_ASSETS":null,"DEPOSIT_EQUITY":null,"DEPOSIT_ASSETS":null,"EQUITY_MULTIPLIER":1.252108657198,"EQUITY_RATIO":0.251671599732},{"SECUCODE":"02101.HK","SECURITY_CODE":"02101","SECURITY_NAME_ABBR":"福禄控股","ORG_CODE":"10000077186","STD_REPORT_DATE":"2021-12-31 00:00:00","REPORT_DATE":"2021-12-31 00:00:00","DATE_TYPE_CODE":"001","REPORT_TYPE":"2021年年报","PER_NETCASH_OPERATE":-0.307116559007,"PER_OI":0.990000573446,"BPS":2.865719880603,"BASIC_EPS":0.17,"DILUTED_EPS":0.17,"OPERATE_INCOME":399283000,"OPERATE_INCOME_YOY":21.6547332501,"GROSS_PROFIT":295244000,"GROSS_PROFIT_YOY":13.399242581369,"HOLDER_PROFIT":68222000,"HOLDER_PROFIT_YOY":-43.5706132442,"GROSS_PROFIT_RATIO":73.943543802266,"EPS_TTM":0.169152754116,"OPERATE_INCOME_QOQ":7.885749179947,"NET_PROFIT_RATIO":17.0861268824,"ROE_AVG":6.010717123962,"GROSS_PROFIT_QOQ":8.235207859814,"ROA":4.923762230106,"HOLDER_PROFIT_QOQ":-44.143052473861,"ROE_YEARLY":6.010717123962,"ROIC_YEARLY":6.485609821485,"TOTAL_ASSETS":1377308000,"TOTAL_LIABILITIES":213379000,"TAX_EBT":9.275635996117,"OCF_SALES":-31.021856678096,"TOTAL_PARENT_EQUITY":1163929000,"DEBT_ASSET_RATIO":15.4924679157,"OPERATE_PROFIT":75857000,"PRETAX_PROFIT":75197000,"NETCASH_OPERATE":-123865000,"NETCASH_INVEST":-19592000,"NETCASH_FINANCE":-101319000,"END_CASH":209445000,"DIVI_RATIO":null,"DIVIDEND_RATE":null,"CURRENT_RATIO":6.477833913438,"COMMON_ACS":1000000000,"CURRENTDEBT_DEBT":97.213877654315,"ISSUED_COMMON_SHARES":406155887,"HK_COMMON_SHARES":406155887,"PER_SHARES":500,"TOTAL_MARKET_CAP":751388390.95,"HKSK_MARKET_CAP":751388390.95,"PE_TTM":7.775983743014,"PB_TTM":0.52393075499,"REPORT_DATE_SQ":"2020-12-31 00:00:00","REPORT_TYPE_SQ":"2020年年报","OPERATE_INCOME_SQ":328210000,"DPS_HKD":null,"OPERATE_INCOME_QOQ_SQ":17.747721891368,"NET_PROFIT_RATIO_SQ":36.8355625971,"HOLDER_PROFIT_SQ":120898000,"HOLDER_PROFIT_QOQ_SQ":21.085682808353,"ROE_AVG_SQ":17.781118022836,"PE_TTM_SQ":8.654260302633,"PB_TTM_SQ":0.73658285312,"ROA_SQ":12.872732461011,"START_DATE":"2021-01-01 00:00:00","FISCAL_YEAR":"12-31","CURRENCY":"HKD","IS_CNY_CODE":0,"DPS_HKD_LY":0.32,"ORG_TYPE":"一般企业","PREMIUM_INCOME":null,"PREMIUM_INCOME_YOY":null,"NET_INTEREST_INCOME":null,"NET_INTEREST_INCOME_YOY":null,"FEE_COMMISSION_INCOME":null,"FEE_COMMISSION_INCOME_YOY":null,"ACCOUNTS_RECE_TDAYS":1.952450691553,"INVENTORY_TDAYS":null,"CURRENT_ASSETS_TDAYS":0.310519580559,"TOTAL_ASSETS_TDAYS":0.288173104647,"PREMIUM_EXPENSE":null,"LOAN_DEPOSIT":null,"LOAN_EQUITY":null,"LOAN_ASSETS":null,"DEPOSIT_EQUITY":null,"DEPOSIT_ASSETS":null,"EQUITY_MULTIPLIER":1.183326474382,"EQUITY_RATIO":0.183326474381},{"SECUCODE":"02101.HK","SECURITY_CODE":"02101","SECURITY_NAME_ABBR":"福禄控股","ORG_CODE":"10000077186","STD_REPORT_DATE":"2021-06-30 00:00:00","REPORT_DATE":"2021-06-30 00:00:00","DATE_TYPE_CODE":"002","REPORT_TYPE":"2021年中报","PER_NETCASH_OPERATE":-0.574485,"PER_OI":0.501345,"BPS":2.641000744623,"BASIC_EPS":0.18,"DILUTED_EPS":0.18,"OPERATE_INCOME":200538000,"OPERATE_INCOME_YOY":26.4027734006,"GROSS_PROFIT":145235000,"GROSS_PROFIT_YOY":9.353000082823,"HOLDER_PROFIT":72462000,"HOLDER_PROFIT_YOY":1.7396065878,"GROSS_PROFIT_RATIO":72.422682982776,"EPS_TTM":0.3053425,"OPERATE_INCOME_QOQ":12.762560555742,"NET_PROFIT_RATIO":36.1338000778,"ROE_AVG":6.651731435724,"GROSS_PROFIT_QOQ":4.771122838553,"ROA":5.343263496511,"HOLDER_PROFIT_QOQ":1.024830849146,"ROE_YEARLY":13.303462871447,"ROIC_YEARLY":13.654035399456,"TOTAL_ASSETS":1318450000,"TOTAL_LIABILITIES":245792000,"TAX_EBT":4.409999340413,"OCF_SALES":-114.588756245699,"TOTAL_PARENT_EQUITY":1072658000,"DEBT_ASSET_RATIO":18.6424968713,"OPERATE_PROFIT":76120000,"PRETAX_PROFIT":75805000,"NETCASH_OPERATE":-229794000,"NETCASH_INVEST":-684000,"NETCASH_FINANCE":-94352000,"END_CASH":131582000,"DIVI_RATIO":null,"DIVIDEND_RATE":null,"CURRENT_RATIO":5.07041618876,"COMMON_ACS":1000000000,"CURRENTDEBT_DEBT":99.319750032548,"ISSUED_COMMON_SHARES":406155887,"HK_COMMON_SHARES":406155887,"PER_SHARES":500,"TOTAL_MARKET_CAP":751388390.95,"HKSK_MARKET_CAP":751388390.95,"PE_TTM":7.775983743014,"PB_TTM":0.52393075499,"REPORT_DATE_SQ":"2020-06-30 00:00:00","REPORT_TYPE_SQ":"2020年中报","OPERATE_INCOME_SQ":158650000,"DPS_HKD":null,"OPERATE_INCOME_QOQ_SQ":6.128447632537,"NET_PROFIT_RATIO_SQ":44.8931610463,"HOLDER_PROFIT_SQ":71223000,"HOLDER_PROFIT_QOQ_SQ":3.09241094476,"ROE_AVG_SQ":24.612657256748,"PE_TTM_SQ":8.654260302633,"PB_TTM_SQ":0.73658285312,"ROA_SQ":13.711985352936,"START_DATE":"2021-01-01 00:00:00","FISCAL_YEAR":"12-31","CURRENCY":"HKD","IS_CNY_CODE":0,"DPS_HKD_LY":0.32,"ORG_TYPE":"一般企业","PREMIUM_INCOME":null,"PREMIUM_INCOME_YOY":null,"NET_INTEREST_INCOME":null,"NET_INTEREST_INCOME_YOY":null,"FEE_COMMISSION_INCOME":null,"FEE_COMMISSION_INCOME_YOY":null,"ACCOUNTS_RECE_TDAYS":1.199946147287,"INVENTORY_TDAYS":null,"CURRENT_ASSETS_TDAYS":0.162657110784,"TOTAL_ASSETS_TDAYS":0.147874385894,"PREMIUM_EXPENSE":null,"LOAN_DEPOSIT":null,"LOAN_EQUITY":null,"LOAN_ASSETS":null,"DEPOSIT_EQUITY":null,"DEPOSIT_ASSETS":null,"EQUITY_MULTIPLIER":1.229142932789,"EQUITY_RATIO":0.229142932789},{"SECUCODE":"02101.HK","SECURITY_CODE":"02101","SECURITY_NAME_ABBR":"福禄控股","ORG_CODE":"10000077186","STD_REPORT_DATE":"2020-12-31 00:00:00","REPORT_DATE":"2020-12-31 00:00:00","DATE_TYPE_CODE":"001","REPORT_TYPE":"2020年年报","PER_NETCASH_OPERATE":-0.46466,"PER_OI":0.820525,"BPS":2.723296732616,"BASIC_EPS":0.37,"DILUTED_EPS":0.37,"OPERATE_INCOME":328210000,"OPERATE_INCOME_YOY":35.6693769402,"GROSS_PROFIT":260358000,"GROSS_PROFIT_YOY":34.540813162736,"HOLDER_PROFIT":120898000,"HOLDER_PROFIT_YOY":49.9268335028,"GROSS_PROFIT_RATIO":79.32665062003,"EPS_TTM":0.302245,"OPERATE_INCOME_QOQ":17.747721891368,"NET_PROFIT_RATIO":36.8355625971,"ROE_AVG":17.781118022836,"GROSS_PROFIT_QOQ":13.000642349959,"ROA":12.872732461011,"HOLDER_PROFIT_QOQ":21.085682808353,"ROE_YEARLY":17.781118022836,"ROIC_YEARLY":17.130634942114,"TOTAL_ASSETS":1393825000,"TOTAL_LIABILITIES":287742000,"TAX_EBT":1.128575868104,"OCF_SALES":-56.629596904421,"TOTAL_PARENT_EQUITY":1106083000,"DEBT_ASSET_RATIO":20.6440550284,"OPERATE_PROFIT":135507000,"PRETAX_PROFIT":122278000,"NETCASH_OPERATE":-185864000,"NETCASH_INVEST":-2977000,"NETCASH_FINANCE":647005000,"END_CASH":457892000,"DIVI_RATIO":null,"DIVIDEND_RATE":null,"CURRENT_RATIO":4.294693474999,"COMMON_ACS":1000000000,"CURRENTDEBT_DEBT":99.370616733046,"ISSUED_COMMON_SHARES":406155887,"HK_COMMON_SHARES":406155887,"PER_SHARES":500,"TOTAL_MARKET_CAP":751388390.95,"HKSK_MARKET_CAP":751388390.95,"PE_TTM":7.775983743014,"PB_TTM":0.52393075499,"REPORT_DATE_SQ":"2019-12-31 00:00:00","REPORT_TYPE_SQ":"2019年年报","OPERATE_INCOME_SQ":241919000,"DPS_HKD":null,"OPERATE_INCOME_QOQ_SQ":4.868934963825,"NET_PROFIT_RATIO_SQ":33.3231370831,"HOLDER_PROFIT_SQ":80638000,"HOLDER_PROFIT_QOQ_SQ":-1.767593709267,"ROE_AVG_SQ":36.662301998654,"PE_TTM_SQ":8.654260302633,"PB_TTM_SQ":0.73658285312,"ROA_SQ":17.980529529025,"START_DATE":"2020-01-01 00:00:00","FISCAL_YEAR":"12-31","CURRENCY":"HKD","IS_CNY_CODE":0,"DPS_HKD_LY":null,"ORG_TYPE":"一般企业","PREMIUM_INCOME":null,"PREMIUM_INCOME_YOY":null,"NET_INTEREST_INCOME":null,"NET_INTEREST_INCOME_YOY":null,"FEE_COMMISSION_INCOME":null,"FEE_COMMISSION_INCOME_YOY":null,"ACCOUNTS_RECE_TDAYS":3.539281920773,"INVENTORY_TDAYS":null,"CURRENT_ASSETS_TDAYS":0.386875398563,"TOTAL_ASSETS_TDAYS":0.34946479851,"PREMIUM_EXPENSE":null,"LOAN_DEPOSIT":null,"LOAN_EQUITY":null,"LOAN_ASSETS":null,"DEPOSIT_EQUITY":null,"DEPOSIT_ASSETS":null,"EQUITY_MULTIPLIER":1.260145034323,"EQUITY_RATIO":0.260145034324},{"SECUCODE":"02101.HK","SECURITY_CODE":"02101","SECURITY_NAME_ABBR":"福禄控股","ORG_CODE":"10000077186","STD_REPORT_DATE":"2020-06-30 00:00:00","REPORT_DATE":"2020-06-30 00:00:00","DATE_TYPE_CODE":"002","REPORT_TYPE":"2020年中报","PER_NETCASH_OPERATE":0.07744973,"PER_OI":1.604518107143,"BPS":0.800153365745,"BASIC_EPS":0.24,"DILUTED_EPS":0.24,"OPERATE_INCOME":158650000,"OPERATE_INCOME_YOY":30.2235100017,"GROSS_PROFIT":132813000,"GROSS_PROFIT_YOY":38.455043002346,"HOLDER_PROFIT":71223000,"HOLDER_PROFIT_YOY":36.9251768687,"GROSS_PROFIT_RATIO":83.714465805232,"EPS_TTM":1.009789539286,"OPERATE_INCOME_QOQ":6.128447632537,"NET_PROFIT_RATIO":44.8931610463,"ROE_AVG":24.612657256748,"GROSS_PROFIT_QOQ":5.33380269456,"ROA":13.711985352936,"HOLDER_PROFIT_QOQ":3.09241094476,"ROE_YEARLY":49.225314513495,"ROIC_YEARLY":27.80958925772,"TOTAL_ASSETS":554310000,"TOTAL_LIABILITIES":229323000,"TAX_EBT":4.494803888703,"OCF_SALES":4.8269776237,"TOTAL_PARENT_EQUITY":324987000,"DEBT_ASSET_RATIO":41.3708935433,"OPERATE_PROFIT":77591000,"PRETAX_PROFIT":74575000,"NETCASH_OPERATE":7658000,"NETCASH_INVEST":89000,"NETCASH_FINANCE":-11308000,"END_CASH":5422000,"DIVI_RATIO":null,"DIVIDEND_RATE":null,"CURRENT_RATIO":2.358166276674,"COMMON_ACS":1000000000,"CURRENTDEBT_DEBT":99.887058864571,"ISSUED_COMMON_SHARES":406155887,"HK_COMMON_SHARES":406155887,"PER_SHARES":500,"TOTAL_MARKET_CAP":751388390.95,"HKSK_MARKET_CAP":751388390.95,"PE_TTM":7.775983743014,"PB_TTM":0.52393075499,"REPORT_DATE_SQ":"2019-06-30 00:00:00","REPORT_TYPE_SQ":"2019年中报","OPERATE_INCOME_SQ":121829000,"DPS_HKD":null,"OPERATE_INCOME_QOQ_SQ":0,"NET_PROFIT_RATIO_SQ":42.6614352904,"HOLDER_PROFIT_SQ":52016000,"HOLDER_PROFIT_QOQ_SQ":0,"ROE_AVG_SQ":null,"PE_TTM_SQ":8.654260302633,"PB_TTM_SQ":0.73658285312,"ROA_SQ":null,"START_DATE":"2020-01-01 00:00:00","FISCAL_YEAR":"12-31","CURRENCY":"HKD","IS_CNY_CODE":0,"DPS_HKD_LY":null,"ORG_TYPE":"一般企业","PREMIUM_INCOME":null,"PREMIUM_INCOME_YOY":null,"NET_INTEREST_INCOME":null,"NET_INTEREST_INCOME_YOY":null,"FEE_COMMISSION_INCOME":null,"FEE_COMMISSION_INCOME_YOY":null,"ACCOUNTS_RECE_TDAYS":2.370139086006,"INVENTORY_TDAYS":null,"CURRENT_ASSETS_TDAYS":0.314498759549,"TOTAL_ASSETS_TDAYS":0.305435951342,"PREMIUM_EXPENSE":null,"LOAN_DEPOSIT":null,"LOAN_EQUITY":null,"LOAN_ASSETS":null,"DEPOSIT_EQUITY":null,"DEPOSIT_ASSETS":null,"EQUITY_MULTIPLIER":1.705637456267,"EQUITY_RATIO":0.705637456267}],"count":17},"success":true,"message":"ok","code":0}