{"version":"f14ee656cbcf1e93ee9e997a8d8abd62","result":{"pages":3,"data":[{"SECUCODE":"02102.HK","SECURITY_CODE":"02102","SECURITY_NAME_ABBR":"德利机械","ORG_CODE":"10576730","STD_REPORT_DATE":"2024-12-31 00:00:00","REPORT_DATE":"2024-07-31 00:00:00","DATE_TYPE_CODE":"001","REPORT_TYPE":"2024年年报","PER_NETCASH_OPERATE":0.04251051448,"PER_OI":0.2551334156,"BPS":0.40528249272,"BASIC_EPS":0.006484856,"DILUTED_EPS":0.006484856,"OPERATE_INCOME":255133415.6,"OPERATE_INCOME_YOY":2.6978238731,"GROSS_PROFIT":52351055.12,"GROSS_PROFIT_YOY":7.818327865419,"HOLDER_PROFIT":6472068.96,"HOLDER_PROFIT_YOY":0.1271725307,"GROSS_PROFIT_RATIO":20.519089981563,"EPS_TTM":0.00647206896,"OPERATE_INCOME_QOQ":0,"NET_PROFIT_RATIO":2.5367390409,"ROE_AVG":1.600690334415,"GROSS_PROFIT_QOQ":0,"ROA":1.430210626065,"HOLDER_PROFIT_QOQ":0,"ROE_YEARLY":1.600690334415,"ROIC_YEARLY":1.628748350795,"TOTAL_ASSETS":449100025.36,"TOTAL_LIABILITIES":43817532.64,"TAX_EBT":37.710970464135,"OCF_SALES":16.662072422002,"TOTAL_PARENT_EQUITY":405282492.72,"DEBT_ASSET_RATIO":9.7567424105,"OPERATE_PROFIT":11378638.88,"PRETAX_PROFIT":10390383.36,"NETCASH_OPERATE":42510514.48,"NETCASH_INVEST":-3552970.4,"NETCASH_FINANCE":-13902252.56,"END_CASH":67374000.4,"DIVI_RATIO":2.116850127011,"DIVIDEND_RATE":10.06711409396,"CURRENT_RATIO":12.635917728041,"COMMON_ACS":10000000000,"CURRENTDEBT_DEBT":50.571142702297,"ISSUED_COMMON_SHARES":1000000000,"HK_COMMON_SHARES":1000000000,"PER_SHARES":10000,"TOTAL_MARKET_CAP":149000000,"HKSK_MARKET_CAP":149000000,"PE_TTM":21.027377928309,"PB_TTM":0.33579205232,"REPORT_DATE_SQ":"2023-12-31 00:00:00","REPORT_TYPE_SQ":"2023年年报","OPERATE_INCOME_SQ":248705896.89,"DPS_HKD":0.015,"OPERATE_INCOME_QOQ_SQ":0,"NET_PROFIT_RATIO_SQ":2.6018669324,"HOLDER_PROFIT_SQ":6470996.49,"HOLDER_PROFIT_QOQ_SQ":0,"ROE_AVG_SQ":1.597147386891,"PE_TTM_SQ":22.608449908153,"PB_TTM_SQ":0.362285204499,"ROA_SQ":1.37472598236,"START_DATE":"2023-08-01 00:00:00","FISCAL_YEAR":"7-31","CURRENCY":"HKD","IS_CNY_CODE":0,"DPS_HKD_LY":0.005,"ORG_TYPE":"一般企业","PREMIUM_INCOME":null,"PREMIUM_INCOME_YOY":null,"NET_INTEREST_INCOME":null,"NET_INTEREST_INCOME_YOY":null,"FEE_COMMISSION_INCOME":null,"FEE_COMMISSION_INCOME_YOY":null,"ACCOUNTS_RECE_TDAYS":3.024480824617,"INVENTORY_TDAYS":1.585191796227,"CURRENT_ASSETS_TDAYS":0.907659714121,"TOTAL_ASSETS_TDAYS":0.563798878397,"PREMIUM_EXPENSE":null,"LOAN_DEPOSIT":null,"LOAN_EQUITY":null,"LOAN_ASSETS":null,"DEPOSIT_EQUITY":null,"DEPOSIT_ASSETS":null,"EQUITY_MULTIPLIER":1.108116026295,"EQUITY_RATIO":0.108116026295},{"SECUCODE":"02102.HK","SECURITY_CODE":"02102","SECURITY_NAME_ABBR":"德利机械","ORG_CODE":"10576730","STD_REPORT_DATE":"2024-06-30 00:00:00","REPORT_DATE":"2024-01-31 00:00:00","DATE_TYPE_CODE":"002","REPORT_TYPE":"2024年中报","PER_NETCASH_OPERATE":-0.00552447362,"PER_OI":0.12048877874,"BPS":0.40454432578,"BASIC_EPS":0.00772463,"DILUTED_EPS":0.00772463,"OPERATE_INCOME":120488778.74,"OPERATE_INCOME_YOY":0.7423673693,"GROSS_PROFIT":29433566.64,"GROSS_PROFIT_YOY":14.443864862364,"HOLDER_PROFIT":7733717.8,"HOLDER_PROFIT_YOY":56.9531538178,"GROSS_PROFIT_RATIO":24.428471221801,"EPS_TTM":0.00952731755,"OPERATE_INCOME_QOQ":0,"NET_PROFIT_RATIO":6.4186207885,"ROE_AVG":1.919277575801,"GROSS_PROFIT_QOQ":0,"ROA":1.687012580237,"HOLDER_PROFIT_QOQ":0,"ROE_YEARLY":3.838555151603,"ROIC_YEARLY":3.713789461741,"TOTAL_ASSETS":463188807.96,"TOTAL_LIABILITIES":58644482.18,"TAX_EBT":16.091500690199,"OCF_SALES":-4.585052382281,"TOTAL_PARENT_EQUITY":404544325.78,"DEBT_ASSET_RATIO":12.6610317806,"OPERATE_PROFIT":9656696.28,"PRETAX_PROFIT":9216846.76,"NETCASH_OPERATE":-5524473.62,"NETCASH_INVEST":-2145629.58,"NETCASH_FINANCE":6306933.2,"END_CASH":41147740.84,"DIVI_RATIO":1.438012318588,"DIVIDEND_RATE":11.029411764706,"CURRENT_RATIO":8.15250382995,"COMMON_ACS":10000000000,"CURRENTDEBT_DEBT":64.73787791914,"ISSUED_COMMON_SHARES":1000000000,"HK_COMMON_SHARES":1000000000,"PER_SHARES":10000,"TOTAL_MARKET_CAP":136000000,"HKSK_MARKET_CAP":136000000,"PE_TTM":19.1927744849,"PB_TTM":0.306494759165,"REPORT_DATE_SQ":"2023-06-30 00:00:00","REPORT_TYPE_SQ":"2023年中报","OPERATE_INCOME_SQ":113532548.02,"DPS_HKD":0.015,"OPERATE_INCOME_QOQ_SQ":0,"NET_PROFIT_RATIO_SQ":4.1198729541,"HOLDER_PROFIT_SQ":4677396.74,"HOLDER_PROFIT_QOQ_SQ":0,"ROE_AVG_SQ":1.225934090781,"PE_TTM_SQ":21.901935848523,"PB_TTM_SQ":0.350963791858,"ROA_SQ":1.060156344709,"START_DATE":"2023-08-01 00:00:00","FISCAL_YEAR":"7-31","CURRENCY":"HKD","IS_CNY_CODE":0,"DPS_HKD_LY":0.005,"ORG_TYPE":"一般企业","PREMIUM_INCOME":null,"PREMIUM_INCOME_YOY":null,"NET_INTEREST_INCOME":null,"NET_INTEREST_INCOME_YOY":null,"FEE_COMMISSION_INCOME":null,"FEE_COMMISSION_INCOME_YOY":null,"ACCOUNTS_RECE_TDAYS":1.328047839893,"INVENTORY_TDAYS":0.608158347572,"CURRENT_ASSETS_TDAYS":0.408246025942,"TOTAL_ASSETS_TDAYS":0.262831009313,"PREMIUM_EXPENSE":null,"LOAN_DEPOSIT":null,"LOAN_EQUITY":null,"LOAN_ASSETS":null,"DEPOSIT_EQUITY":null,"DEPOSIT_ASSETS":null,"EQUITY_MULTIPLIER":1.144964293015,"EQUITY_RATIO":0.144964293015},{"SECUCODE":"02102.HK","SECURITY_CODE":"02102","SECURITY_NAME_ABBR":"德利机械","ORG_CODE":"10576730","STD_REPORT_DATE":"2023-12-31 00:00:00","REPORT_DATE":"2023-07-31 00:00:00","DATE_TYPE_CODE":"001","REPORT_TYPE":"2023年年报","PER_NETCASH_OPERATE":-0.00326704401,"PER_OI":0.24870589689,"BPS":0.40382328117,"BASIC_EPS":0.006492027,"DILUTED_EPS":0.006492027,"OPERATE_INCOME":248705896.89,"OPERATE_INCOME_YOY":-31.1717132865,"GROSS_PROFIT":48554875.74,"GROSS_PROFIT_YOY":-35.057312780367,"HOLDER_PROFIT":6470996.49,"HOLDER_PROFIT_YOY":-84.2949713728,"GROSS_PROFIT_RATIO":19.523009444957,"EPS_TTM":0.00647099649,"OPERATE_INCOME_QOQ":0,"NET_PROFIT_RATIO":2.6018669324,"ROE_AVG":1.597147386891,"GROSS_PROFIT_QOQ":0,"ROA":1.37472598236,"HOLDER_PROFIT_QOQ":0,"ROE_YEARLY":1.597147386891,"ROIC_YEARLY":1.580881983374,"TOTAL_ASSETS":456455332.74,"TOTAL_LIABILITIES":52632051.57,"TAX_EBT":18.999656632712,"OCF_SALES":-1.313617429604,"TOTAL_PARENT_EQUITY":403823281.17,"DEBT_ASSET_RATIO":11.5306028421,"OPERATE_PROFIT":8777952,"PRETAX_PROFIT":7988850.69,"NETCASH_OPERATE":-3267044.01,"NETCASH_INVEST":1617520.53,"NETCASH_FINANCE":-34394941.92,"END_CASH":42995506.14,"DIVI_RATIO":2.117200962969,"DIVIDEND_RATE":11.029411764706,"CURRENT_RATIO":9.426270022883,"COMMON_ACS":10000000000,"CURRENTDEBT_DEBT":56.939594517121,"ISSUED_COMMON_SHARES":1000000000,"HK_COMMON_SHARES":1000000000,"PER_SHARES":10000,"TOTAL_MARKET_CAP":136000000,"HKSK_MARKET_CAP":136000000,"PE_TTM":19.1927744849,"PB_TTM":0.306494759165,"REPORT_DATE_SQ":"2022-12-31 00:00:00","REPORT_TYPE_SQ":"2022年年报","OPERATE_INCOME_SQ":339492952.56,"DPS_HKD":0.015,"OPERATE_INCOME_QOQ_SQ":0,"NET_PROFIT_RATIO_SQ":11.4028472957,"HOLDER_PROFIT_SQ":38711862.96,"HOLDER_PROFIT_QOQ_SQ":0,"ROE_AVG_SQ":10.310891854849,"PE_TTM_SQ":21.901935848523,"PB_TTM_SQ":0.350963791858,"ROA_SQ":8.659233174959,"START_DATE":"2022-08-01 00:00:00","FISCAL_YEAR":"7-31","CURRENCY":"HKD","IS_CNY_CODE":0,"DPS_HKD_LY":0.01,"ORG_TYPE":"一般企业","PREMIUM_INCOME":null,"PREMIUM_INCOME_YOY":null,"NET_INTEREST_INCOME":null,"NET_INTEREST_INCOME_YOY":null,"FEE_COMMISSION_INCOME":null,"FEE_COMMISSION_INCOME_YOY":null,"ACCOUNTS_RECE_TDAYS":2.72142596289,"INVENTORY_TDAYS":1.542464546816,"CURRENT_ASSETS_TDAYS":0.837779981766,"TOTAL_ASSETS_TDAYS":0.528361372084,"PREMIUM_EXPENSE":null,"LOAN_DEPOSIT":null,"LOAN_EQUITY":null,"LOAN_ASSETS":null,"DEPOSIT_EQUITY":null,"DEPOSIT_ASSETS":null,"EQUITY_MULTIPLIER":1.1303343666,"EQUITY_RATIO":0.130334366601},{"SECUCODE":"02102.HK","SECURITY_CODE":"02102","SECURITY_NAME_ABBR":"德利机械","ORG_CODE":"10576730","STD_REPORT_DATE":"2023-06-30 00:00:00","REPORT_DATE":"2023-01-31 00:00:00","DATE_TYPE_CODE":"002","REPORT_TYPE":"2023年中报","PER_NETCASH_OPERATE":-0.00879664599,"PER_OI":0.11353254802,"BPS":0.37956272262,"BASIC_EPS":0.004658418,"DILUTED_EPS":0.004658418,"OPERATE_INCOME":113532548.02,"OPERATE_INCOME_YOY":-27.4842136584,"GROSS_PROFIT":25718780.71,"GROSS_PROFIT_YOY":-21.682787263031,"HOLDER_PROFIT":4677396.74,"HOLDER_PROFIT_YOY":-68.2979594223,"GROSS_PROFIT_RATIO":22.653222497455,"EPS_TTM":0.02939490098,"OPERATE_INCOME_QOQ":0,"NET_PROFIT_RATIO":4.1198729541,"ROE_AVG":1.225934090781,"GROSS_PROFIT_QOQ":0,"ROA":1.060156344709,"HOLDER_PROFIT_QOQ":0,"ROE_YEARLY":2.451868181561,"ROIC_YEARLY":2.439180746577,"TOTAL_ASSETS":424850309.61,"TOTAL_LIABILITIES":45287586.99,"TAX_EBT":17.598784194529,"OCF_SALES":-7.748126985092,"TOTAL_PARENT_EQUITY":379562722.62,"DEBT_ASSET_RATIO":10.6596572877,"OPERATE_PROFIT":6194833.27,"PRETAX_PROFIT":5676368.6,"NETCASH_OPERATE":-8796645.99,"NETCASH_INVEST":-330402.61,"NETCASH_FINANCE":-26382173.94,"END_CASH":40092588.25,"DIVI_RATIO":0.466080835221,"DIVIDEND_RATE":11.029411764706,"CURRENT_RATIO":10.656375033342,"COMMON_ACS":10000000000,"CURRENTDEBT_DEBT":57.130883669543,"ISSUED_COMMON_SHARES":1000000000,"HK_COMMON_SHARES":1000000000,"PER_SHARES":10000,"TOTAL_MARKET_CAP":136000000,"HKSK_MARKET_CAP":136000000,"PE_TTM":19.1927744849,"PB_TTM":0.306494759165,"REPORT_DATE_SQ":"2022-06-30 00:00:00","REPORT_TYPE_SQ":"2022年中报","OPERATE_INCOME_SQ":148499104.64,"DPS_HKD":0.015,"OPERATE_INCOME_QOQ_SQ":0,"NET_PROFIT_RATIO_SQ":9.4238674058,"HOLDER_PROFIT_SQ":13994358.72,"HOLDER_PROFIT_QOQ_SQ":0,"ROE_AVG_SQ":3.995528596309,"PE_TTM_SQ":21.901935848523,"PB_TTM_SQ":0.350963791858,"ROA_SQ":3.434796011917,"START_DATE":"2022-08-01 00:00:00","FISCAL_YEAR":"7-31","CURRENCY":"HKD","IS_CNY_CODE":0,"DPS_HKD_LY":0.01,"ORG_TYPE":"一般企业","PREMIUM_INCOME":null,"PREMIUM_INCOME_YOY":null,"NET_INTEREST_INCOME":null,"NET_INTEREST_INCOME_YOY":null,"FEE_COMMISSION_INCOME":null,"FEE_COMMISSION_INCOME_YOY":null,"ACCOUNTS_RECE_TDAYS":1.451139301919,"INVENTORY_TDAYS":0.646358112098,"CURRENT_ASSETS_TDAYS":0.398813311757,"TOTAL_ASSETS_TDAYS":0.257327436189,"PREMIUM_EXPENSE":null,"LOAN_DEPOSIT":null,"LOAN_EQUITY":null,"LOAN_ASSETS":null,"DEPOSIT_EQUITY":null,"DEPOSIT_ASSETS":null,"EQUITY_MULTIPLIER":1.119315160028,"EQUITY_RATIO":0.119315160028},{"SECUCODE":"02102.HK","SECURITY_CODE":"02102","SECURITY_NAME_ABBR":"德利机械","ORG_CODE":"10576730","STD_REPORT_DATE":"2022-12-31 00:00:00","REPORT_DATE":"2022-07-31 00:00:00","DATE_TYPE_CODE":"001","REPORT_TYPE":"2022年年报","PER_NETCASH_OPERATE":0.03702806616,"PER_OI":0.33949295256,"BPS":0.38191604112,"BASIC_EPS":0.038744508,"DILUTED_EPS":0.038744508,"OPERATE_INCOME":339492952.56,"OPERATE_INCOME_YOY":-18.6528529406,"GROSS_PROFIT":74765732.4,"GROSS_PROFIT_YOY":-0.694264942178,"HOLDER_PROFIT":38711862.96,"HOLDER_PROFIT_YOY":-14.3047314773,"GROSS_PROFIT_RATIO":22.022764194726,"EPS_TTM":0.03871186296,"OPERATE_INCOME_QOQ":0,"NET_PROFIT_RATIO":11.4028472957,"ROE_AVG":10.310891854849,"GROSS_PROFIT_QOQ":0,"ROA":8.659233174959,"HOLDER_PROFIT_QOQ":0,"ROE_YEARLY":10.310891854849,"ROIC_YEARLY":10.674000274773,"TOTAL_ASSETS":455643145.8,"TOTAL_LIABILITIES":73727104.68,"TAX_EBT":15.47969614555,"OCF_SALES":10.906873288763,"TOTAL_PARENT_EQUITY":381916041.12,"DEBT_ASSET_RATIO":16.1808874685,"OPERATE_PROFIT":46588767.48,"PRETAX_PROFIT":45801850.2,"NETCASH_OPERATE":37028066.16,"NETCASH_INVEST":-24571406.16,"NETCASH_FINANCE":-30507648.96,"END_CASH":74947857.36,"DIVI_RATIO":0.353907018481,"DIVIDEND_RATE":11.029411764706,"CURRENT_RATIO":5.614363237501,"COMMON_ACS":10000000000,"CURRENTDEBT_DEBT":70.643548781767,"ISSUED_COMMON_SHARES":1000000000,"HK_COMMON_SHARES":1000000000,"PER_SHARES":10000,"TOTAL_MARKET_CAP":136000000,"HKSK_MARKET_CAP":136000000,"PE_TTM":19.1927744849,"PB_TTM":0.306494759165,"REPORT_DATE_SQ":"2021-12-31 00:00:00","REPORT_TYPE_SQ":"2021年年报","OPERATE_INCOME_SQ":403794466.4,"DPS_HKD":0.015,"OPERATE_INCOME_QOQ_SQ":0,"NET_PROFIT_RATIO_SQ":10.8242743368,"HOLDER_PROFIT_SQ":43707820.8,"HOLDER_PROFIT_QOQ_SQ":0,"ROE_AVG_SQ":12.649202569099,"PE_TTM_SQ":21.901935848523,"PB_TTM_SQ":0.350963791858,"ROA_SQ":10.008822244619,"START_DATE":"2021-08-01 00:00:00","FISCAL_YEAR":"7-31","CURRENCY":"HKD","IS_CNY_CODE":0,"DPS_HKD_LY":0.03,"ORG_TYPE":"一般企业","PREMIUM_INCOME":null,"PREMIUM_INCOME_YOY":null,"NET_INTEREST_INCOME":null,"NET_INTEREST_INCOME_YOY":null,"FEE_COMMISSION_INCOME":null,"FEE_COMMISSION_INCOME_YOY":null,"ACCOUNTS_RECE_TDAYS":3.95087179077,"INVENTORY_TDAYS":2.537191035289,"CURRENT_ASSETS_TDAYS":1.168667519352,"TOTAL_ASSETS_TDAYS":0.759392189549,"PREMIUM_EXPENSE":null,"LOAN_DEPOSIT":null,"LOAN_EQUITY":null,"LOAN_ASSETS":null,"DEPOSIT_EQUITY":null,"DEPOSIT_ASSETS":null,"EQUITY_MULTIPLIER":1.193045320808,"EQUITY_RATIO":0.193045320809},{"SECUCODE":"02102.HK","SECURITY_CODE":"02102","SECURITY_NAME_ABBR":"德利机械","ORG_CODE":"10576730","STD_REPORT_DATE":"2022-06-30 00:00:00","REPORT_DATE":"2022-01-31 00:00:00","DATE_TYPE_CODE":"002","REPORT_TYPE":"2022年中报","PER_NETCASH_OPERATE":0.04062888896,"PER_OI":0.14849910464,"BPS":0.3490652752,"BASIC_EPS":0.013991904,"DILUTED_EPS":0.013991904,"OPERATE_INCOME":148499104.64,"OPERATE_INCOME_YOY":-30.7836354552,"GROSS_PROFIT":32839244.16,"GROSS_PROFIT_YOY":-19.302796998273,"HOLDER_PROFIT":13994358.72,"HOLDER_PROFIT_YOY":-44.7523984882,"GROSS_PROFIT_RATIO":22.114102465204,"EPS_TTM":0.03186484818,"OPERATE_INCOME_QOQ":0,"NET_PROFIT_RATIO":9.4238674058,"ROE_AVG":3.995528596309,"GROSS_PROFIT_QOQ":0,"ROA":3.434796011917,"HOLDER_PROFIT_QOQ":0,"ROE_YEARLY":7.991057192617,"ROIC_YEARLY":8.788424951152,"TOTAL_ASSETS":397228518.08,"TOTAL_LIABILITIES":48163242.88,"TAX_EBT":15.864817001181,"OCF_SALES":27.35968614659,"TOTAL_PARENT_EQUITY":349065275.2,"DEBT_ASSET_RATIO":12.1248200187,"OPERATE_PROFIT":17001390.72,"PRETAX_PROFIT":16633182.72,"NETCASH_OPERATE":40628888.96,"NETCASH_INVEST":-2646188.16,"NETCASH_FINANCE":-38759210.56,"END_CASH":88552387.52,"DIVI_RATIO":0.429953405791,"DIVIDEND_RATE":11.029411764706,"CURRENT_RATIO":8.942384087563,"COMMON_ACS":10000000000,"CURRENTDEBT_DEBT":61.154904692331,"ISSUED_COMMON_SHARES":1000000000,"HK_COMMON_SHARES":1000000000,"PER_SHARES":10000,"TOTAL_MARKET_CAP":136000000,"HKSK_MARKET_CAP":136000000,"PE_TTM":19.1927744849,"PB_TTM":0.306494759165,"REPORT_DATE_SQ":"2021-06-30 00:00:00","REPORT_TYPE_SQ":"2021年中报","OPERATE_INCOME_SQ":218838198.62,"DPS_HKD":0.015,"OPERATE_INCOME_QOQ_SQ":0,"NET_PROFIT_RATIO_SQ":11.8065911267,"HOLDER_PROFIT_SQ":25837331.34,"HOLDER_PROFIT_QOQ_SQ":0,"ROE_AVG_SQ":7.506610749606,"PE_TTM_SQ":21.901935848523,"PB_TTM_SQ":0.350963791858,"ROA_SQ":5.639557973206,"START_DATE":"2021-08-01 00:00:00","FISCAL_YEAR":"7-31","CURRENCY":"HKD","IS_CNY_CODE":0,"DPS_HKD_LY":0.03,"ORG_TYPE":"一般企业","PREMIUM_INCOME":null,"PREMIUM_INCOME_YOY":null,"NET_INTEREST_INCOME":null,"NET_INTEREST_INCOME_YOY":null,"FEE_COMMISSION_INCOME":null,"FEE_COMMISSION_INCOME_YOY":null,"ACCOUNTS_RECE_TDAYS":2.020304794559,"INVENTORY_TDAYS":1.351318795828,"CURRENT_ASSETS_TDAYS":0.551786832712,"TOTAL_ASSETS_TDAYS":0.364478389182,"PREMIUM_EXPENSE":null,"LOAN_DEPOSIT":null,"LOAN_EQUITY":null,"LOAN_ASSETS":null,"DEPOSIT_EQUITY":null,"DEPOSIT_ASSETS":null,"EQUITY_MULTIPLIER":1.137977754598,"EQUITY_RATIO":0.137977754597},{"SECUCODE":"02102.HK","SECURITY_CODE":"02102","SECURITY_NAME_ABBR":"德利机械","ORG_CODE":"10576730","STD_REPORT_DATE":"2021-12-31 00:00:00","REPORT_DATE":"2021-07-31 00:00:00","DATE_TYPE_CODE":"001","REPORT_TYPE":"2021年年报","PER_NETCASH_OPERATE":0.0968381248,"PER_OI":0.4037944664,"BPS":0.3570020624,"BASIC_EPS":0.04372112,"DILUTED_EPS":0.04372112,"OPERATE_INCOME":403794466.4,"OPERATE_INCOME_YOY":-22.7419616475,"GROSS_PROFIT":75288433.6,"GROSS_PROFIT_YOY":-21.990726790162,"HOLDER_PROFIT":43707820.8,"HOLDER_PROFIT_YOY":2.532904358,"GROSS_PROFIT_RATIO":18.645236590592,"EPS_TTM":0.0437078208,"OPERATE_INCOME_QOQ":0,"NET_PROFIT_RATIO":10.8242743368,"ROE_AVG":12.649202569099,"GROSS_PROFIT_QOQ":0,"ROA":10.008822244619,"HOLDER_PROFIT_QOQ":0,"ROE_YEARLY":12.649202569099,"ROIC_YEARLY":12.05672051424,"TOTAL_ASSETS":424244480,"TOTAL_LIABILITIES":67242417.6,"TAX_EBT":13.085734120097,"OCF_SALES":23.982033647799,"TOTAL_PARENT_EQUITY":357002062.4,"DEBT_ASSET_RATIO":15.8499216301,"OPERATE_PROFIT":51838619.2,"PRETAX_PROFIT":50288431.2,"NETCASH_OPERATE":96838124.8,"NETCASH_INVEST":-3535093.6,"NETCASH_FINANCE":-60106565.6,"END_CASH":90776183.2,"DIVI_RATIO":0.31345419994,"DIVIDEND_RATE":11.029411764706,"CURRENT_RATIO":6.12387654276,"COMMON_ACS":10000000000,"CURRENTDEBT_DEBT":67.805137333432,"ISSUED_COMMON_SHARES":1000000000,"HK_COMMON_SHARES":1000000000,"PER_SHARES":10000,"TOTAL_MARKET_CAP":136000000,"HKSK_MARKET_CAP":136000000,"PE_TTM":19.1927744849,"PB_TTM":0.306494759165,"REPORT_DATE_SQ":"2020-12-31 00:00:00","REPORT_TYPE_SQ":"2020年年报","OPERATE_INCOME_SQ":566704197.5,"DPS_HKD":0.015,"OPERATE_INCOME_QOQ_SQ":0,"NET_PROFIT_RATIO_SQ":8.156037392,"HOLDER_PROFIT_SQ":46220606.25,"HOLDER_PROFIT_QOQ_SQ":0,"ROE_AVG_SQ":13.363281397588,"PE_TTM_SQ":21.901935848523,"PB_TTM_SQ":0.350963791858,"ROA_SQ":9.463399332017,"START_DATE":"2020-08-01 00:00:00","FISCAL_YEAR":"7-31","CURRENCY":"HKD","IS_CNY_CODE":0,"DPS_HKD_LY":0.025,"ORG_TYPE":"一般企业","PREMIUM_INCOME":null,"PREMIUM_INCOME_YOY":null,"NET_INTEREST_INCOME":null,"NET_INTEREST_INCOME_YOY":null,"FEE_COMMISSION_INCOME":null,"FEE_COMMISSION_INCOME_YOY":null,"ACCOUNTS_RECE_TDAYS":3.690709352944,"INVENTORY_TDAYS":3.310166631071,"CURRENT_ASSETS_TDAYS":1.364617480583,"TOTAL_ASSETS_TDAYS":0.924664502504,"PREMIUM_EXPENSE":null,"LOAN_DEPOSIT":null,"LOAN_EQUITY":null,"LOAN_ASSETS":null,"DEPOSIT_EQUITY":null,"DEPOSIT_ASSETS":null,"EQUITY_MULTIPLIER":1.188353022803,"EQUITY_RATIO":0.188353022803},{"SECUCODE":"02102.HK","SECURITY_CODE":"02102","SECURITY_NAME_ABBR":"德利机械","ORG_CODE":"10576730","STD_REPORT_DATE":"2021-06-30 00:00:00","REPORT_DATE":"2021-01-31 00:00:00","DATE_TYPE_CODE":"002","REPORT_TYPE":"2021年中报","PER_NETCASH_OPERATE":0.01626340532,"PER_OI":0.21883819862,"BPS":0.3529399325,"BASIC_EPS":0.02587322,"DILUTED_EPS":0.02587322,"OPERATE_INCOME":218838198.62,"OPERATE_INCOME_YOY":-25.299286044,"GROSS_PROFIT":40694401.96,"GROSS_PROFIT_YOY":-18.442312178031,"HOLDER_PROFIT":25837331.34,"HOLDER_PROFIT_YOY":11.806558798,"GROSS_PROFIT_RATIO":18.59565752991,"EPS_TTM":0.04752830775,"OPERATE_INCOME_QOQ":0,"NET_PROFIT_RATIO":11.8065911267,"ROE_AVG":7.506610749606,"GROSS_PROFIT_QOQ":0,"ROA":5.639557973206,"HOLDER_PROFIT_QOQ":0,"ROE_YEARLY":15.013221499213,"ROIC_YEARLY":12.94410831288,"TOTAL_ASSETS":465299815.38,"TOTAL_LIABILITIES":112359882.88,"TAX_EBT":13.290571956753,"OCF_SALES":7.431703159027,"TOTAL_PARENT_EQUITY":352939932.5,"DEBT_ASSET_RATIO":24.1478460051,"OPERATE_PROFIT":30879270.76,"PRETAX_PROFIT":29797603.24,"NETCASH_OPERATE":16263405.32,"NETCASH_INVEST":-160247.04,"NETCASH_FINANCE":-13973208.04,"END_CASH":60052578.24,"DIVI_RATIO":0.288257685758,"DIVIDEND_RATE":11.029411764706,"CURRENT_RATIO":3.695507472675,"COMMON_ACS":10000000000,"CURRENTDEBT_DEBT":83.250386260994,"ISSUED_COMMON_SHARES":1000000000,"HK_COMMON_SHARES":1000000000,"PER_SHARES":10000,"TOTAL_MARKET_CAP":136000000,"HKSK_MARKET_CAP":136000000,"PE_TTM":19.1927744849,"PB_TTM":0.306494759165,"REPORT_DATE_SQ":"2020-06-30 00:00:00","REPORT_TYPE_SQ":"2020年中报","OPERATE_INCOME_SQ":310963201.86,"DPS_HKD":0.015,"OPERATE_INCOME_QOQ_SQ":0.597913591098,"NET_PROFIT_RATIO_SQ":7.8882741409,"HOLDER_PROFIT_SQ":24529629.84,"HOLDER_PROFIT_QOQ_SQ":7.788065770552,"ROE_AVG_SQ":7.296357882032,"PE_TTM_SQ":21.901935848523,"PB_TTM_SQ":0.350963791858,"ROA_SQ":5.046476870922,"START_DATE":"2020-08-01 00:00:00","FISCAL_YEAR":"7-31","CURRENCY":"HKD","IS_CNY_CODE":0,"DPS_HKD_LY":0.025,"ORG_TYPE":"一般企业","PREMIUM_INCOME":null,"PREMIUM_INCOME_YOY":null,"NET_INTEREST_INCOME":null,"NET_INTEREST_INCOME_YOY":null,"FEE_COMMISSION_INCOME":null,"FEE_COMMISSION_INCOME_YOY":null,"ACCOUNTS_RECE_TDAYS":1.605674340846,"INVENTORY_TDAYS":1.507429693349,"CURRENT_ASSETS_TDAYS":0.663589163443,"TOTAL_ASSETS_TDAYS":0.4776618342,"PREMIUM_EXPENSE":null,"LOAN_DEPOSIT":null,"LOAN_EQUITY":null,"LOAN_ASSETS":null,"DEPOSIT_EQUITY":null,"DEPOSIT_ASSETS":null,"EQUITY_MULTIPLIER":1.318354123559,"EQUITY_RATIO":0.318354123559},{"SECUCODE":"02102.HK","SECURITY_CODE":"02102","SECURITY_NAME_ABBR":"德利机械","ORG_CODE":"10576730","STD_REPORT_DATE":"2020-12-31 00:00:00","REPORT_DATE":"2020-07-31 00:00:00","DATE_TYPE_CODE":"001","REPORT_TYPE":"2020年年报","PER_NETCASH_OPERATE":0.07597898,"PER_OI":0.5667041975,"BPS":0.3622285975,"BASIC_EPS":0.046234125,"DILUTED_EPS":0.046234125,"OPERATE_INCOME":566704197.5,"OPERATE_INCOME_YOY":9.9203040299,"GROSS_PROFIT":96512158.75,"GROSS_PROFIT_YOY":36.450866805986,"HOLDER_PROFIT":46220606.25,"HOLDER_PROFIT_YOY":33.0315685715,"GROSS_PROFIT_RATIO":17.030429486099,"EPS_TTM":0.04622060625,"OPERATE_INCOME_QOQ":0,"NET_PROFIT_RATIO":8.156037392,"ROE_AVG":13.363281397588,"GROSS_PROFIT_QOQ":0,"ROA":9.463399332017,"HOLDER_PROFIT_QOQ":0,"ROE_YEARLY":13.363281397588,"ROIC_YEARLY":10.823559206673,"TOTAL_ASSETS":486993141.25,"TOTAL_LIABILITIES":124764543.75,"TAX_EBT":18.153526970954,"OCF_SALES":13.407167325596,"TOTAL_PARENT_EQUITY":362228597.5,"DEBT_ASSET_RATIO":25.6193636382,"OPERATE_PROFIT":61471558.75,"PRETAX_PROFIT":56472325,"NETCASH_OPERATE":75978980,"NETCASH_INVEST":-2755121.25,"NETCASH_FINANCE":-69957728.75,"END_CASH":62425081.25,"DIVI_RATIO":0.2964132475,"DIVIDEND_RATE":11.029411764706,"CURRENT_RATIO":3.293576214039,"COMMON_ACS":10000000000,"CURRENTDEBT_DEBT":82.482753638892,"ISSUED_COMMON_SHARES":1000000000,"HK_COMMON_SHARES":1000000000,"PER_SHARES":10000,"TOTAL_MARKET_CAP":136000000,"HKSK_MARKET_CAP":136000000,"PE_TTM":19.1927744849,"PB_TTM":0.306494759165,"REPORT_DATE_SQ":"2019-12-31 00:00:00","REPORT_TYPE_SQ":"2019年年报","OPERATE_INCOME_SQ":503311592.16,"DPS_HKD":0.015,"OPERATE_INCOME_QOQ_SQ":6.681214908182,"NET_PROFIT_RATIO_SQ":6.7391080135,"HOLDER_PROFIT_SQ":33918711.84,"HOLDER_PROFIT_QOQ_SQ":14.963810695235,"ROE_AVG_SQ":11.050643887547,"PE_TTM_SQ":21.901935848523,"PB_TTM_SQ":0.350963791858,"ROA_SQ":7.515686517247,"START_DATE":"2019-08-01 00:00:00","FISCAL_YEAR":"7-31","CURRENCY":"HKD","IS_CNY_CODE":0,"DPS_HKD_LY":null,"ORG_TYPE":"一般企业","PREMIUM_INCOME":null,"PREMIUM_INCOME_YOY":null,"NET_INTEREST_INCOME":null,"NET_INTEREST_INCOME_YOY":null,"FEE_COMMISSION_INCOME":null,"FEE_COMMISSION_INCOME_YOY":null,"ACCOUNTS_RECE_TDAYS":5.038788699551,"INVENTORY_TDAYS":3.252136565662,"CURRENT_ASSETS_TDAYS":1.675391805262,"TOTAL_ASSETS_TDAYS":1.160293764877,"PREMIUM_EXPENSE":null,"LOAN_DEPOSIT":null,"LOAN_EQUITY":null,"LOAN_ASSETS":null,"DEPOSIT_EQUITY":null,"DEPOSIT_ASSETS":null,"EQUITY_MULTIPLIER":1.344435929717,"EQUITY_RATIO":0.344435929717}],"count":27},"success":true,"message":"ok","code":0}