{"version":"1a5d660c0a77d1836c40698bd769948e","result":{"pages":2,"data":[{"SECUCODE":"02108.HK","SECURITY_CODE":"02108","SECURITY_NAME_ABBR":"K2 F\u0026B","ORG_CODE":"10978179","STD_REPORT_DATE":"2024-06-30 00:00:00","REPORT_DATE":"2024-06-30 00:00:00","DATE_TYPE_CODE":"002","REPORT_TYPE":"2024年中报","PER_NETCASH_OPERATE":0.02748379375,"PER_OI":0.18884962625,"BPS":0.56949852,"BASIC_EPS":-0.0005279,"DILUTED_EPS":-0.0005279,"OPERATE_INCOME":151079701,"OPERATE_INCOME_YOY":8.4710430564,"GROSS_PROFIT":101214267,"GROSS_PROFIT_YOY":7.614561471691,"HOLDER_PROFIT":-601806,"HOLDER_PROFIT_YOY":80.1739130435,"GROSS_PROFIT_RATIO":66.993955064817,"EPS_TTM":0.05222305125,"OPERATE_INCOME_QOQ":3.362523611968,"NET_PROFIT_RATIO":-0.4542436843,"ROE_AVG":-0.132004029597,"GROSS_PROFIT_QOQ":3.59885033151,"ROA":-0.057140565792,"HOLDER_PROFIT_QOQ":6.286636294725,"ROE_YEARLY":-0.264008059193,"ROIC_YEARLY":-0.118390819519,"TOTAL_ASSETS":1060482473,"TOTAL_LIABILITIES":604968121,"TAX_EBT":204,"OCF_SALES":14.553268807436,"TOTAL_PARENT_EQUITY":455598816,"DEBT_ASSET_RATIO":57.0464987779,"OPERATE_PROFIT":9713360,"PRETAX_PROFIT":659875,"NETCASH_OPERATE":21987035,"NETCASH_INVEST":-28548832,"NETCASH_FINANCE":1784302,"END_CASH":34213199,"DIVI_RATIO":null,"DIVIDEND_RATE":null,"CURRENT_RATIO":0.424106400665,"COMMON_ACS":10000000000,"CURRENTDEBT_DEBT":20.994947599892,"ISSUED_COMMON_SHARES":800000000,"HK_COMMON_SHARES":800000000,"PER_SHARES":4000,"TOTAL_MARKET_CAP":176000000,"HKSK_MARKET_CAP":176000000,"PE_TTM":3.822047873223,"PB_TTM":0.352572646044,"REPORT_DATE_SQ":"2023-06-30 00:00:00","REPORT_TYPE_SQ":"2023年中报","OPERATE_INCOME_SQ":141001372.8,"DPS_HKD":null,"OPERATE_INCOME_QOQ_SQ":14.463482724665,"NET_PROFIT_RATIO_SQ":-2.1793511219,"HOLDER_PROFIT_SQ":-3072915,"HOLDER_PROFIT_QOQ_SQ":-32.020582170925,"ROE_AVG_SQ":-0.743985042666,"PE_TTM_SQ":8.190665162553,"PB_TTM_SQ":0.406883011129,"ROA_SQ":-0.301132257287,"START_DATE":"2024-01-01 00:00:00","FISCAL_YEAR":"12-31","CURRENCY":"HKD","IS_CNY_CODE":0,"DPS_HKD_LY":null,"ORG_TYPE":"一般企业","PREMIUM_INCOME":null,"PREMIUM_INCOME_YOY":null,"NET_INTEREST_INCOME":null,"NET_INTEREST_INCOME_YOY":null,"FEE_COMMISSION_INCOME":null,"FEE_COMMISSION_INCOME_YOY":null,"ACCOUNTS_RECE_TDAYS":60.441393875396,"INVENTORY_TDAYS":47.467336683417,"CURRENT_ASSETS_TDAYS":2.729258058364,"TOTAL_ASSETS_TDAYS":0.143447881789,"PREMIUM_EXPENSE":null,"LOAN_DEPOSIT":null,"LOAN_EQUITY":null,"LOAN_ASSETS":null,"DEPOSIT_EQUITY":null,"DEPOSIT_ASSETS":null,"EQUITY_MULTIPLIER":2.328098924531,"EQUITY_RATIO":1.327852706711},{"SECUCODE":"02108.HK","SECURITY_CODE":"02108","SECURITY_NAME_ABBR":"K2 F\u0026B","ORG_CODE":"10978179","STD_REPORT_DATE":"2023-12-31 00:00:00","REPORT_DATE":"2023-12-31 00:00:00","DATE_TYPE_CODE":"001","REPORT_TYPE":"2023年年报","PER_NETCASH_OPERATE":0.0597742995,"PER_OI":0.37465641,"BPS":0.580858587,"BASIC_EPS":0.04893252,"DILUTED_EPS":0.04893252,"OPERATE_INCOME":299725128,"OPERATE_INCOME_YOY":17.8684711355,"GROSS_PROFIT":198999417.6,"GROSS_PROFIT_YOY":20.720346311119,"HOLDER_PROFIT":39307332,"HOLDER_PROFIT_YOY":28.8332745858,"GROSS_PROFIT_RATIO":66.393972012917,"EPS_TTM":0.049134165,"OPERATE_INCOME_QOQ":6.831000701662,"NET_PROFIT_RATIO":13.1144599928,"ROE_AVG":8.915069027757,"GROSS_PROFIT_QOQ":5.710313280591,"ROA":3.758895882184,"HOLDER_PROFIT_QOQ":96.615253015088,"ROE_YEARLY":8.915069027757,"ROIC_YEARLY":3.89231440955,"TOTAL_ASSETS":1065379258.8,"TOTAL_LIABILITIES":600692389.2,"TAX_EBT":7.690364945069,"OCF_SALES":15.954431288123,"TOTAL_PARENT_EQUITY":464686869.6,"DEBT_ASSET_RATIO":56.3829626153,"OPERATE_PROFIT":57584434.8,"PRETAX_PROFIT":42582046.8,"NETCASH_OPERATE":47819439.6,"NETCASH_INVEST":19793473.2,"NETCASH_FINANCE":-59869744.8,"END_CASH":39715999.2,"DIVI_RATIO":null,"DIVIDEND_RATE":null,"CURRENT_RATIO":0.528412994406,"COMMON_ACS":10000000000,"CURRENTDEBT_DEBT":18.241712991559,"ISSUED_COMMON_SHARES":800000000,"HK_COMMON_SHARES":800000000,"PER_SHARES":4000,"TOTAL_MARKET_CAP":176000000,"HKSK_MARKET_CAP":176000000,"PE_TTM":3.822047873223,"PB_TTM":0.352572646044,"REPORT_DATE_SQ":"2022-12-31 00:00:00","REPORT_TYPE_SQ":"2022年年报","OPERATE_INCOME_SQ":245108799,"DPS_HKD":null,"OPERATE_INCOME_QOQ_SQ":27.232405717137,"NET_PROFIT_RATIO_SQ":11.9983083104,"HOLDER_PROFIT_SQ":29408909.4,"HOLDER_PROFIT_QOQ_SQ":36.219136611837,"ROE_AVG_SQ":7.591955791643,"PE_TTM_SQ":5.773156061712,"PB_TTM_SQ":0.28678978758,"ROA_SQ":3.164069906204,"START_DATE":"2023-01-01 00:00:00","FISCAL_YEAR":"12-31","CURRENCY":"HKD","IS_CNY_CODE":0,"DPS_HKD_LY":null,"ORG_TYPE":"一般企业","PREMIUM_INCOME":null,"PREMIUM_INCOME_YOY":null,"NET_INTEREST_INCOME":null,"NET_INTEREST_INCOME_YOY":null,"FEE_COMMISSION_INCOME":null,"FEE_COMMISSION_INCOME_YOY":null,"ACCOUNTS_RECE_TDAYS":108.128031037827,"INVENTORY_TDAYS":82.701986754967,"CURRENT_ASSETS_TDAYS":5.408762311387,"TOTAL_ASSETS_TDAYS":0.286622238677,"PREMIUM_EXPENSE":null,"LOAN_DEPOSIT":null,"LOAN_EQUITY":null,"LOAN_ASSETS":null,"DEPOSIT_EQUITY":null,"DEPOSIT_ASSETS":null,"EQUITY_MULTIPLIER":2.292682080124,"EQUITY_RATIO":1.292682080122},{"SECUCODE":"02108.HK","SECURITY_CODE":"02108","SECURITY_NAME_ABBR":"K2 F\u0026B","ORG_CODE":"10978179","STD_REPORT_DATE":"2023-06-30 00:00:00","REPORT_DATE":"2023-06-30 00:00:00","DATE_TYPE_CODE":"002","REPORT_TYPE":"2023年中报","PER_NETCASH_OPERATE":0.02580580575,"PER_OI":0.176251716,"BPS":0.51437256975,"BASIC_EPS":-0.00374094,"DILUTED_EPS":-0.00374094,"OPERATE_INCOME":141001372.8,"OPERATE_INCOME_YOY":20.4089083607,"GROSS_PROFIT":94052575.8,"GROSS_PROFIT_YOY":33.131972622645,"HOLDER_PROFIT":-3072915,"HOLDER_PROFIT_YOY":-143.6598329537,"GROSS_PROFIT_RATIO":66.703305033354,"EPS_TTM":0.02499000675,"OPERATE_INCOME_QOQ":14.463482724665,"NET_PROFIT_RATIO":-2.1793511219,"ROE_AVG":-0.743985042666,"GROSS_PROFIT_QOQ":14.199213458659,"ROA":-0.301132257287,"HOLDER_PROFIT_QOQ":-32.020582170925,"ROE_YEARLY":-1.487970085332,"ROIC_YEARLY":-0.622896033236,"TOTAL_ASSETS":1021153703.4,"TOTAL_LIABILITIES":609655647.6,"TAX_EBT":-75.304878048781,"OCF_SALES":14.641449363251,"TOTAL_PARENT_EQUITY":411498055.8,"DEBT_ASSET_RATIO":59.70263297,"OPERATE_PROFIT":4884598.8,"PRETAX_PROFIT":-1752897.6,"NETCASH_OPERATE":20644644.6,"NETCASH_INVEST":-7310865.6,"NETCASH_FINANCE":-9288219.6,"END_CASH":35822172.6,"DIVI_RATIO":null,"DIVIDEND_RATE":null,"CURRENT_RATIO":0.46905261279,"COMMON_ACS":10000000000,"CURRENTDEBT_DEBT":19.643577201564,"ISSUED_COMMON_SHARES":800000000,"HK_COMMON_SHARES":800000000,"PER_SHARES":4000,"TOTAL_MARKET_CAP":176000000,"HKSK_MARKET_CAP":176000000,"PE_TTM":3.822047873223,"PB_TTM":0.352572646044,"REPORT_DATE_SQ":"2022-06-30 00:00:00","REPORT_TYPE_SQ":"2022年中报","OPERATE_INCOME_SQ":105550104,"DPS_HKD":null,"OPERATE_INCOME_QOQ_SQ":9.220316329819,"NET_PROFIT_RATIO_SQ":6.0104052574,"HOLDER_PROFIT_SQ":6343989,"HOLDER_PROFIT_QOQ_SQ":0.17652661962,"ROE_AVG_SQ":1.815087136586,"PE_TTM_SQ":5.773156061712,"PB_TTM_SQ":0.28678978758,"ROA_SQ":0.744785230971,"START_DATE":"2023-01-01 00:00:00","FISCAL_YEAR":"12-31","CURRENCY":"HKD","IS_CNY_CODE":0,"DPS_HKD_LY":null,"ORG_TYPE":"一般企业","PREMIUM_INCOME":null,"PREMIUM_INCOME_YOY":null,"NET_INTEREST_INCOME":null,"NET_INTEREST_INCOME_YOY":null,"FEE_COMMISSION_INCOME":null,"FEE_COMMISSION_INCOME_YOY":null,"ACCOUNTS_RECE_TDAYS":45.885217391304,"INVENTORY_TDAYS":46.604774535809,"CURRENT_ASSETS_TDAYS":2.59251252825,"TOTAL_ASSETS_TDAYS":0.138175190892,"PREMIUM_EXPENSE":null,"LOAN_DEPOSIT":null,"LOAN_EQUITY":null,"LOAN_ASSETS":null,"DEPOSIT_EQUITY":null,"DEPOSIT_ASSETS":null,"EQUITY_MULTIPLIER":2.481551708467,"EQUITY_RATIO":1.481551708464},{"SECUCODE":"02108.HK","SECURITY_CODE":"02108","SECURITY_NAME_ABBR":"K2 F\u0026B","ORG_CODE":"10978179","STD_REPORT_DATE":"2022-12-31 00:00:00","REPORT_DATE":"2022-12-31 00:00:00","DATE_TYPE_CODE":"001","REPORT_TYPE":"2022年年报","PER_NETCASH_OPERATE":0.06368734125,"PER_OI":0.30638599875,"BPS":0.50259224925,"BASIC_EPS":0.03680001,"DILUTED_EPS":0.03680001,"OPERATE_INCOME":245108799,"OPERATE_INCOME_YOY":26.4911999144,"GROSS_PROFIT":164843312.4,"GROSS_PROFIT_YOY":44.834919256717,"HOLDER_PROFIT":29408909.4,"HOLDER_PROFIT_YOY":24.2119089317,"GROSS_PROFIT_RATIO":67.253119052654,"EPS_TTM":0.03676113675,"OPERATE_INCOME_QOQ":27.232405717137,"NET_PROFIT_RATIO":11.9983083104,"ROE_AVG":7.591955791643,"GROSS_PROFIT_QOQ":28.914235064839,"ROA":3.164069906204,"HOLDER_PROFIT_QOQ":36.219136611837,"ROE_YEARLY":7.591955791643,"ROIC_YEARLY":3.281779587493,"TOTAL_ASSETS":989013226.5,"TOTAL_LIABILITIES":586939427.1,"TAX_EBT":8.128238341969,"OCF_SALES":20.786635652358,"TOTAL_PARENT_EQUITY":402073799.4,"DEBT_ASSET_RATIO":59.3459633677,"OPERATE_PROFIT":40511109.6,"PRETAX_PROFIT":32010825.6,"NETCASH_OPERATE":50949873,"NETCASH_INVEST":-30927557.7,"NETCASH_FINANCE":-25060288.5,"END_CASH":30818712.6,"DIVI_RATIO":null,"DIVIDEND_RATE":null,"CURRENT_RATIO":0.659320785049,"COMMON_ACS":10000000000,"CURRENTDEBT_DEBT":13.183387642285,"ISSUED_COMMON_SHARES":800000000,"HK_COMMON_SHARES":800000000,"PER_SHARES":4000,"TOTAL_MARKET_CAP":176000000,"HKSK_MARKET_CAP":176000000,"PE_TTM":3.822047873223,"PB_TTM":0.352572646044,"REPORT_DATE_SQ":"2021-12-31 00:00:00","REPORT_TYPE_SQ":"2021年年报","OPERATE_INCOME_SQ":176383409.4,"DPS_HKD":null,"OPERATE_INCOME_QOQ_SQ":-1.483839455929,"NET_PROFIT_RATIO_SQ":12.2184775049,"HOLDER_PROFIT_SQ":21551367.2,"HOLDER_PROFIT_QOQ_SQ":78.176010576055,"ROE_AVG_SQ":6.561709951735,"PE_TTM_SQ":5.773156061712,"PB_TTM_SQ":0.28678978758,"ROA_SQ":2.894867756889,"START_DATE":"2022-01-01 00:00:00","FISCAL_YEAR":"12-31","CURRENCY":"HKD","IS_CNY_CODE":0,"DPS_HKD_LY":null,"ORG_TYPE":"一般企业","PREMIUM_INCOME":null,"PREMIUM_INCOME_YOY":null,"NET_INTEREST_INCOME":null,"NET_INTEREST_INCOME_YOY":null,"FEE_COMMISSION_INCOME":null,"FEE_COMMISSION_INCOME_YOY":null,"ACCOUNTS_RECE_TDAYS":110.879249706917,"INVENTORY_TDAYS":77.43,"CURRENT_ASSETS_TDAYS":4.26055227713,"TOTAL_ASSETS_TDAYS":0.263709668425,"PREMIUM_EXPENSE":null,"LOAN_DEPOSIT":null,"LOAN_EQUITY":null,"LOAN_ASSETS":null,"DEPOSIT_EQUITY":null,"DEPOSIT_ASSETS":null,"EQUITY_MULTIPLIER":2.459780338776,"EQUITY_RATIO":1.459780338773},{"SECUCODE":"02108.HK","SECURITY_CODE":"02108","SECURITY_NAME_ABBR":"K2 F\u0026B","ORG_CODE":"10978179","STD_REPORT_DATE":"2022-06-30 00:00:00","REPORT_DATE":"2022-06-30 00:00:00","DATE_TYPE_CODE":"002","REPORT_TYPE":"2022年中报","PER_NETCASH_OPERATE":0.029889485,"PER_OI":0.13193763,"BPS":0.44085786125,"BASIC_EPS":0.0077072,"DILUTED_EPS":0.0077072,"OPERATE_INCOME":105550104,"OPERATE_INCOME_YOY":17.8634823302,"GROSS_PROFIT":70646122,"GROSS_PROFIT_YOY":24.838053934841,"HOLDER_PROFIT":6343989,"HOLDER_PROFIT_YOY":0.3046458492,"GROSS_PROFIT_RATIO":66.93136181088,"EPS_TTM":0.026986763875,"OPERATE_INCOME_QOQ":9.220316329819,"NET_PROFIT_RATIO":6.0104052574,"ROE_AVG":1.815087136586,"GROSS_PROFIT_QOQ":12.349826366243,"ROA":0.744785230971,"HOLDER_PROFIT_QOQ":0.17652661962,"ROE_YEARLY":3.630174273173,"ROIC_YEARLY":1.546323665386,"TOTAL_ASSETS":895104574,"TOTAL_LIABILITIES":542418285,"TAX_EBT":10.040983606557,"OCF_SALES":22.654253377145,"TOTAL_PARENT_EQUITY":352686289,"DEBT_ASSET_RATIO":60.598314516,"OPERATE_PROFIT":16146584,"PRETAX_PROFIT":7052088,"NETCASH_OPERATE":23911588,"NETCASH_INVEST":-27692933,"NETCASH_FINANCE":-342007,"END_CASH":29200654,"DIVI_RATIO":null,"DIVIDEND_RATE":null,"CURRENT_RATIO":0.802040816327,"COMMON_ACS":10000000000,"CURRENTDEBT_DEBT":11.749034234714,"ISSUED_COMMON_SHARES":800000000,"HK_COMMON_SHARES":800000000,"PER_SHARES":4000,"TOTAL_MARKET_CAP":176000000,"HKSK_MARKET_CAP":176000000,"PE_TTM":3.822047873223,"PB_TTM":0.352572646044,"REPORT_DATE_SQ":"2021-06-30 00:00:00","REPORT_TYPE_SQ":"2021年中报","OPERATE_INCOME_SQ":89286995.7,"DPS_HKD":null,"OPERATE_INCOME_QOQ_SQ":4.026060913226,"NET_PROFIT_RATIO_SQ":7.0625571513,"HOLDER_PROFIT_SQ":6305945.1,"HOLDER_PROFIT_QOQ_SQ":11.998253480677,"ROE_AVG_SQ":1.931208954456,"PE_TTM_SQ":5.773156061712,"PB_TTM_SQ":0.28678978758,"ROA_SQ":0.885415261781,"START_DATE":"2022-01-01 00:00:00","FISCAL_YEAR":"12-31","CURRENCY":"HKD","IS_CNY_CODE":0,"DPS_HKD_LY":null,"ORG_TYPE":"一般企业","PREMIUM_INCOME":null,"PREMIUM_INCOME_YOY":null,"NET_INTEREST_INCOME":null,"NET_INTEREST_INCOME_YOY":null,"FEE_COMMISSION_INCOME":null,"FEE_COMMISSION_INCOME_YOY":null,"ACCOUNTS_RECE_TDAYS":50.488479262673,"INVENTORY_TDAYS":46.300319488818,"CURRENT_ASSETS_TDAYS":1.908129054731,"TOTAL_ASSETS_TDAYS":0.123915975558,"PREMIUM_EXPENSE":null,"LOAN_DEPOSIT":null,"LOAN_EQUITY":null,"LOAN_ASSETS":null,"DEPOSIT_EQUITY":null,"DEPOSIT_ASSETS":null,"EQUITY_MULTIPLIER":2.537962495046,"EQUITY_RATIO":1.537962495049},{"SECUCODE":"02108.HK","SECURITY_CODE":"02108","SECURITY_NAME_ABBR":"K2 F\u0026B","ORG_CODE":"10978179","STD_REPORT_DATE":"2021-12-31 00:00:00","REPORT_DATE":"2021-12-31 00:00:00","DATE_TYPE_CODE":"001","REPORT_TYPE":"2021年年报","PER_NETCASH_OPERATE":0.0407862455,"PER_OI":0.22047926175,"BPS":0.4240212625,"BASIC_EPS":0.02689203,"DILUTED_EPS":0.02689203,"OPERATE_INCOME":176383409.4,"OPERATE_INCOME_YOY":7.1201398241,"GROSS_PROFIT":113814619.6,"GROSS_PROFIT_YOY":7.752816184624,"HOLDER_PROFIT":21551367.2,"HOLDER_PROFIT_YOY":108.5844748858,"GROSS_PROFIT_RATIO":64.526828224469,"EPS_TTM":0.026939209,"OPERATE_INCOME_QOQ":-1.483839455929,"NET_PROFIT_RATIO":12.2184775049,"ROE_AVG":6.561709951735,"GROSS_PROFIT_QOQ":1.858256551239,"ROA":2.894867756889,"HOLDER_PROFIT_QOQ":78.176010576055,"ROE_YEARLY":6.561709951735,"ROIC_YEARLY":3.060923637728,"TOTAL_ASSETS":791838182.3,"TOTAL_LIABILITIES":452621172.3,"TAX_EBT":8.713029576339,"OCF_SALES":18.498903332798,"TOTAL_PARENT_EQUITY":339217010,"DEBT_ASSET_RATIO":57.1608167448,"OPERATE_PROFIT":37139308.8,"PRETAX_PROFIT":23608371.6,"NETCASH_OPERATE":32628996.4,"NETCASH_INVEST":-22834636,"NETCASH_FINANCE":-25292661.9,"END_CASH":32638432.2,"DIVI_RATIO":null,"DIVIDEND_RATE":null,"CURRENT_RATIO":0.84324029209,"COMMON_ACS":10000000000,"CURRENTDEBT_DEBT":15.273564943661,"ISSUED_COMMON_SHARES":800000000,"HK_COMMON_SHARES":800000000,"PER_SHARES":4000,"TOTAL_MARKET_CAP":176000000,"HKSK_MARKET_CAP":176000000,"PE_TTM":3.822047873223,"PB_TTM":0.352572646044,"REPORT_DATE_SQ":"2020-12-31 00:00:00","REPORT_TYPE_SQ":"2020年年报","OPERATE_INCOME_SQ":172110791.4,"DPS_HKD":null,"OPERATE_INCOME_QOQ_SQ":-9.596336814819,"NET_PROFIT_RATIO_SQ":6.2748918369,"HOLDER_PROFIT_SQ":10799766,"HOLDER_PROFIT_QOQ_SQ":-71.293251872804,"ROE_AVG_SQ":3.306309162553,"PE_TTM_SQ":5.773156061712,"PB_TTM_SQ":0.28678978758,"ROA_SQ":1.585141649416,"START_DATE":"2021-01-01 00:00:00","FISCAL_YEAR":"12-31","CURRENCY":"HKD","IS_CNY_CODE":0,"DPS_HKD_LY":null,"ORG_TYPE":"一般企业","PREMIUM_INCOME":null,"PREMIUM_INCOME_YOY":null,"NET_INTEREST_INCOME":null,"NET_INTEREST_INCOME_YOY":null,"FEE_COMMISSION_INCOME":null,"FEE_COMMISSION_INCOME_YOY":null,"ACCOUNTS_RECE_TDAYS":63.798634812287,"INVENTORY_TDAYS":78.473372781065,"CURRENT_ASSETS_TDAYS":2.80317912574,"TOTAL_ASSETS_TDAYS":0.236925407091,"PREMIUM_EXPENSE":null,"LOAN_DEPOSIT":null,"LOAN_EQUITY":null,"LOAN_ASSETS":null,"DEPOSIT_EQUITY":null,"DEPOSIT_ASSETS":null,"EQUITY_MULTIPLIER":2.33431154381,"EQUITY_RATIO":1.334311543811},{"SECUCODE":"02108.HK","SECURITY_CODE":"02108","SECURITY_NAME_ABBR":"K2 F\u0026B","ORG_CODE":"10978179","STD_REPORT_DATE":"2021-06-30 00:00:00","REPORT_DATE":"2021-06-30 00:00:00","DATE_TYPE_CODE":"002","REPORT_TYPE":"2021年中报","PER_NETCASH_OPERATE":0.016395217125,"PER_OI":0.111608744625,"BPS":0.412101676875,"BASIC_EPS":0.00768432,"DILUTED_EPS":0.00768432,"OPERATE_INCOME":89286995.7,"OPERATE_INCOME_YOY":14.7026159921,"GROSS_PROFIT":56590214.1,"GROSS_PROFIT_YOY":12.109481747463,"HOLDER_PROFIT":6305945.1,"HOLDER_PROFIT_YOY":33.1643002028,"GROSS_PROFIT_RATIO":63.380130170513,"EPS_TTM":0.015119436625,"OPERATE_INCOME_QOQ":4.026060913226,"NET_PROFIT_RATIO":7.0625571513,"ROE_AVG":1.931208954456,"GROSS_PROFIT_QOQ":5.787021919445,"ROA":0.885415261781,"HOLDER_PROFIT_QOQ":11.998253480677,"ROE_YEARLY":3.862417908911,"ROIC_YEARLY":1.87498438108,"TOTAL_ASSETS":714776235.6,"TOTAL_LIABILITIES":385094894.1,"TAX_EBT":13.958060288336,"OCF_SALES":14.689903716852,"TOTAL_PARENT_EQUITY":329681341.5,"DEBT_ASSET_RATIO":53.8762867202,"OPERATE_PROFIT":11478453,"PRETAX_PROFIT":7328920.2,"NETCASH_OPERATE":13116173.7,"NETCASH_INVEST":-10383437.4,"NETCASH_FINANCE":-21612150,"END_CASH":30122534.4,"DIVI_RATIO":null,"DIVIDEND_RATE":null,"CURRENT_RATIO":1.130616621984,"COMMON_ACS":10000000000,"CURRENTDEBT_DEBT":11.629647182071,"ISSUED_COMMON_SHARES":800000000,"HK_COMMON_SHARES":800000000,"PER_SHARES":4000,"TOTAL_MARKET_CAP":176000000,"HKSK_MARKET_CAP":176000000,"PE_TTM":3.822047873223,"PB_TTM":0.352572646044,"REPORT_DATE_SQ":"2020-06-30 00:00:00","REPORT_TYPE_SQ":"2020年中报","OPERATE_INCOME_SQ":82357710.4,"DPS_HKD":null,"OPERATE_INCOME_QOQ_SQ":-12.398126831313,"NET_PROFIT_RATIO_SQ":6.0834155972,"HOLDER_PROFIT_SQ":5010161.8,"HOLDER_PROFIT_QOQ_SQ":40.971388882941,"ROE_AVG_SQ":1.502247276605,"PE_TTM_SQ":5.773156061712,"PB_TTM_SQ":0.28678978758,"ROA_SQ":0.709434179474,"START_DATE":"2021-01-01 00:00:00","FISCAL_YEAR":"12-31","CURRENCY":"HKD","IS_CNY_CODE":0,"DPS_HKD_LY":null,"ORG_TYPE":"一般企业","PREMIUM_INCOME":null,"PREMIUM_INCOME_YOY":null,"NET_INTEREST_INCOME":null,"NET_INTEREST_INCOME_YOY":null,"FEE_COMMISSION_INCOME":null,"FEE_COMMISSION_INCOME_YOY":null,"ACCOUNTS_RECE_TDAYS":33.139037433155,"INVENTORY_TDAYS":38.57223796034,"CURRENT_ASSETS_TDAYS":1.495595511041,"TOTAL_ASSETS_TDAYS":0.12536751814,"PREMIUM_EXPENSE":null,"LOAN_DEPOSIT":null,"LOAN_EQUITY":null,"LOAN_ASSETS":null,"DEPOSIT_EQUITY":null,"DEPOSIT_ASSETS":null,"EQUITY_MULTIPLIER":2.168082161845,"EQUITY_RATIO":1.168082161847},{"SECUCODE":"02108.HK","SECURITY_CODE":"02108","SECURITY_NAME_ABBR":"K2 F\u0026B","ORG_CODE":"10978179","STD_REPORT_DATE":"2020-12-31 00:00:00","REPORT_DATE":"2020-12-31 00:00:00","DATE_TYPE_CODE":"001","REPORT_TYPE":"2020年年报","PER_NETCASH_OPERATE":0.0476003385,"PER_OI":0.21513848925,"BPS":0.415051281,"BASIC_EPS":0.01331478,"DILUTED_EPS":0.01331478,"OPERATE_INCOME":172110791.4,"OPERATE_INCOME_YOY":-16.9102942577,"GROSS_PROFIT":105625656.6,"GROSS_PROFIT_YOY":-20.050541065623,"HOLDER_PROFIT":10799766,"HOLDER_PROFIT_YOY":-57.5416828228,"GROSS_PROFIT_RATIO":61.370734362912,"EPS_TTM":0.0134997075,"OPERATE_INCOME_QOQ":-9.596336814819,"NET_PROFIT_RATIO":6.2748918369,"ROE_AVG":3.306309162553,"GROSS_PROFIT_QOQ":-8.210129534824,"ROA":1.585141649416,"HOLDER_PROFIT_QOQ":-71.293251872804,"ROE_YEARLY":3.306309162553,"ROIC_YEARLY":1.721528937801,"TOTAL_ASSETS":728643938.4,"TOTAL_LIABILITIES":396602913.6,"TAX_EBT":11.228212403729,"OCF_SALES":22.12544053179,"TOTAL_PARENT_EQUITY":332041024.8,"DEBT_ASSET_RATIO":54.4302769431,"OPERATE_PROFIT":20588595,"PRETAX_PROFIT":12165763.8,"NETCASH_OPERATE":38080270.8,"NETCASH_INVEST":-33607491,"NETCASH_FINANCE":-11795908.8,"END_CASH":50315074.2,"DIVI_RATIO":null,"DIVIDEND_RATE":null,"CURRENT_RATIO":1.614569237709,"COMMON_ACS":10000000000,"CURRENTDEBT_DEBT":11.026559236049,"ISSUED_COMMON_SHARES":800000000,"HK_COMMON_SHARES":800000000,"PER_SHARES":4000,"TOTAL_MARKET_CAP":176000000,"HKSK_MARKET_CAP":176000000,"PE_TTM":3.822047873223,"PB_TTM":0.352572646044,"REPORT_DATE_SQ":"2019-12-31 00:00:00","REPORT_TYPE_SQ":"2019年年报","OPERATE_INCOME_SQ":217324495.6,"DPS_HKD":null,"OPERATE_INCOME_QOQ_SQ":-3.985457701089,"NET_PROFIT_RATIO_SQ":12.2797828778,"HOLDER_PROFIT_SQ":26686976.2,"HOLDER_PROFIT_QOQ_SQ":397.681707880587,"ROE_AVG_SQ":10.110058116174,"PE_TTM_SQ":5.773156061712,"PB_TTM_SQ":0.28678978758,"ROA_SQ":4.603733504701,"START_DATE":"2020-01-01 00:00:00","FISCAL_YEAR":"12-31","CURRENCY":"HKD","IS_CNY_CODE":0,"DPS_HKD_LY":null,"ORG_TYPE":"一般企业","PREMIUM_INCOME":null,"PREMIUM_INCOME_YOY":null,"NET_INTEREST_INCOME":null,"NET_INTEREST_INCOME_YOY":null,"FEE_COMMISSION_INCOME":null,"FEE_COMMISSION_INCOME_YOY":null,"ACCOUNTS_RECE_TDAYS":36.971398305085,"INVENTORY_TDAYS":83.222222222222,"CURRENT_ASSETS_TDAYS":2.335139836746,"TOTAL_ASSETS_TDAYS":0.252616569435,"PREMIUM_EXPENSE":null,"LOAN_DEPOSIT":null,"LOAN_EQUITY":null,"LOAN_ASSETS":null,"DEPOSIT_EQUITY":null,"DEPOSIT_ASSETS":null,"EQUITY_MULTIPLIER":2.194439493853,"EQUITY_RATIO":1.194439493851},{"SECUCODE":"02108.HK","SECURITY_CODE":"02108","SECURITY_NAME_ABBR":"K2 F\u0026B","ORG_CODE":"10978179","STD_REPORT_DATE":"2020-06-30 00:00:00","REPORT_DATE":"2020-06-30 00:00:00","DATE_TYPE_CODE":"002","REPORT_TYPE":"2020年中报","PER_NETCASH_OPERATE":0.017181145625,"PER_OI":0.102947138,"BPS":0.420020258,"BASIC_EPS":0.00609756,"DILUTED_EPS":0.00609756,"OPERATE_INCOME":82357710.4,"OPERATE_INCOME_YOY":-24.6630101329,"GROSS_PROFIT":50477634.2,"GROSS_PROFIT_YOY":-25.240299055781,"HOLDER_PROFIT":5010161.8,"HOLDER_PROFIT_YOY":184.5626072041,"GROSS_PROFIT_RATIO":61.290720631787,"EPS_TTM":0.04702625125,"OPERATE_INCOME_QOQ":-12.398126831313,"NET_PROFIT_RATIO":6.0834155972,"ROE_AVG":1.502247276605,"GROSS_PROFIT_QOQ":-12.899475149919,"ROA":0.709434179474,"HOLDER_PROFIT_QOQ":40.971388882941,"ROE_YEARLY":3.004494553211,"ROIC_YEARLY":1.541847636993,"TOTAL_ASSETS":759186870.4,"TOTAL_LIABILITIES":423170664,"TAX_EBT":9.789569990851,"OCF_SALES":16.689289239882,"TOTAL_PARENT_EQUITY":336016206.4,"DEBT_ASSET_RATIO":55.7399871493,"OPERATE_PROFIT":9639226.1,"PRETAX_PROFIT":5553860.9,"NETCASH_OPERATE":13744916.5,"NETCASH_INVEST":-31509141.3,"NETCASH_FINANCE":11641258.3,"END_CASH":53267267.9,"DIVI_RATIO":null,"DIVIDEND_RATE":null,"CURRENT_RATIO":1.020280474649,"COMMON_ACS":10000000000,"CURRENTDEBT_DEBT":16.696685878963,"ISSUED_COMMON_SHARES":800000000,"HK_COMMON_SHARES":800000000,"PER_SHARES":4000,"TOTAL_MARKET_CAP":176000000,"HKSK_MARKET_CAP":176000000,"PE_TTM":3.822047873223,"PB_TTM":0.352572646044,"REPORT_DATE_SQ":"2019-06-30 00:00:00","REPORT_TYPE_SQ":"2019年中报","OPERATE_INCOME_SQ":109301877,"DPS_HKD":null,"OPERATE_INCOME_QOQ_SQ":0.484531573337,"NET_PROFIT_RATIO_SQ":-5.4197266896,"HOLDER_PROFIT_SQ":-5923863,"HOLDER_PROFIT_QOQ_SQ":-73.215219629285,"ROE_AVG_SQ":-2.436450638889,"PE_TTM_SQ":5.773156061712,"PB_TTM_SQ":0.28678978758,"ROA_SQ":-1.059321071495,"START_DATE":"2020-01-01 00:00:00","FISCAL_YEAR":"12-31","CURRENCY":"HKD","IS_CNY_CODE":0,"DPS_HKD_LY":null,"ORG_TYPE":"一般企业","PREMIUM_INCOME":null,"PREMIUM_INCOME_YOY":null,"NET_INTEREST_INCOME":null,"NET_INTEREST_INCOME_YOY":null,"FEE_COMMISSION_INCOME":null,"FEE_COMMISSION_INCOME_YOY":null,"ACCOUNTS_RECE_TDAYS":20.349026993095,"INVENTORY_TDAYS":38.024242424242,"CURRENT_ASSETS_TDAYS":1.089210712006,"TOTAL_ASSETS_TDAYS":0.116617740172,"PREMIUM_EXPENSE":null,"LOAN_DEPOSIT":null,"LOAN_EQUITY":null,"LOAN_ASSETS":null,"DEPOSIT_EQUITY":null,"DEPOSIT_ASSETS":null,"EQUITY_MULTIPLIER":2.25937575611,"EQUITY_RATIO":1.259375756109}],"count":17},"success":true,"message":"ok","code":0}