{"version":"97834ea0afb072047704b9e9f9f3e674","result":{"pages":3,"data":[{"SECUCODE":"02100.HK","SECURITY_CODE":"02100","SECURITY_NAME_ABBR":"百奥家庭互动","ORG_CODE":"10391905","STD_REPORT_DATE":"2024-06-30 00:00:00","REPORT_DATE":"2024-06-30 00:00:00","DATE_TYPE_CODE":"002","REPORT_TYPE":"2024年中报","PER_NETCASH_OPERATE":-0.003001207166,"PER_OI":0.094778553935,"BPS":0.559504585351,"BASIC_EPS":-0.0055,"DILUTED_EPS":-0.0055,"OPERATE_INCOME":272284000,"OPERATE_INCOME_YOY":-39.5742206658,"GROSS_PROFIT":125490000,"GROSS_PROFIT_YOY":-25.846042935903,"HOLDER_PROFIT":-14908000,"HOLDER_PROFIT_YOY":25.4152491495,"GROSS_PROFIT_RATIO":46.087908213483,"EPS_TTM":-0.009188803847,"OPERATE_INCOME_QOQ":-22.781451369762,"NET_PROFIT_RATIO":-5.4652495189,"ROE_AVG":-0.917989905067,"GROSS_PROFIT_QOQ":-13.752067259019,"ROA":-0.783259020574,"HOLDER_PROFIT_QOQ":16.138255289408,"ROE_YEARLY":-1.835979810133,"ROIC_YEARLY":-4.238005453859,"TOTAL_ASSETS":1886560000,"TOTAL_LIABILITIES":275070000,"TAX_EBT":0.52807486631,"OCF_SALES":-3.166546693893,"TOTAL_PARENT_EQUITY":1604197000,"DEBT_ASSET_RATIO":14.5805063184,"OPERATE_PROFIT":-25675000,"PRETAX_PROFIT":-14960000,"NETCASH_OPERATE":-8622000,"NETCASH_INVEST":-128494000,"NETCASH_FINANCE":-8704000,"END_CASH":821188000,"DIVI_RATIO":-1.183466333668,"DIVIDEND_RATE":3.809523809524,"CURRENT_RATIO":4.937447264422,"COMMON_ACS":100000000000,"CURRENTDEBT_DEBT":92.634238557458,"ISSUED_COMMON_SHARES":2867174000,"HK_COMMON_SHARES":2867174000,"PER_SHARES":2000,"TOTAL_MARKET_CAP":903159810,"HKSK_MARKET_CAP":903159810,"PE_TTM":-30.729778874352,"PB_TTM":0.51383707574,"REPORT_DATE_SQ":"2023-06-30 00:00:00","REPORT_TYPE_SQ":"2023年中报","OPERATE_INCOME_SQ":450609000,"DPS_HKD":0.012,"OPERATE_INCOME_QOQ_SQ":17.146892866007,"NET_PROFIT_RATIO_SQ":-4.4191305544,"HOLDER_PROFIT_SQ":-19988000,"HOLDER_PROFIT_QOQ_SQ":196.124717222386,"ROE_AVG_SQ":-1.196315649452,"PE_TTM_SQ":18.709482319253,"PB_TTM_SQ":0.380289208714,"ROA_SQ":-0.984975040531,"START_DATE":"2024-01-01 00:00:00","FISCAL_YEAR":"12-31","CURRENCY":"HKD","IS_CNY_CODE":0,"DPS_HKD_LY":0.012,"ORG_TYPE":"一般企业","PREMIUM_INCOME":null,"PREMIUM_INCOME_YOY":null,"NET_INTEREST_INCOME":null,"NET_INTEREST_INCOME_YOY":null,"FEE_COMMISSION_INCOME":null,"FEE_COMMISSION_INCOME_YOY":null,"ACCOUNTS_RECE_TDAYS":9.843428592086,"INVENTORY_TDAYS":1513.34020618557,"CURRENT_ASSETS_TDAYS":0.210017651621,"TOTAL_ASSETS_TDAYS":0.143056680412,"PREMIUM_EXPENSE":null,"LOAN_DEPOSIT":null,"LOAN_EQUITY":null,"LOAN_ASSETS":null,"DEPOSIT_EQUITY":null,"DEPOSIT_ASSETS":null,"EQUITY_MULTIPLIER":1.170692961173,"EQUITY_RATIO":0.17146896547},{"SECUCODE":"02100.HK","SECURITY_CODE":"02100","SECURITY_NAME_ABBR":"百奥家庭互动","ORG_CODE":"10391905","STD_REPORT_DATE":"2023-12-31 00:00:00","REPORT_DATE":"2023-12-31 00:00:00","DATE_TYPE_CODE":"001","REPORT_TYPE":"2023年年报","PER_NETCASH_OPERATE":0.003144270973,"PER_OI":0.272470067988,"BPS":0.57330632881,"BASIC_EPS":-0.0117,"DILUTED_EPS":-0.0117,"OPERATE_INCOME":782764000,"OPERATE_INCOME_YOY":-16.6171509408,"GROSS_PROFIT":318054000,"GROSS_PROFIT_YOY":-11.805517042493,"HOLDER_PROFIT":-31478000,"HOLDER_PROFIT_YOY":-409.6095209993,"GROSS_PROFIT_RATIO":40.63217010491,"EPS_TTM":-0.010957086427,"OPERATE_INCOME_QOQ":-28.821971271052,"NET_PROFIT_RATIO":-4.0116816818,"ROE_AVG":-1.887926905957,"GROSS_PROFIT_QOQ":-22.824718103266,"ROA":-1.58325466016,"HOLDER_PROFIT_QOQ":-204.553758262198,"ROE_YEARLY":-1.887926905957,"ROIC_YEARLY":-4.768061049601,"TOTAL_ASSETS":1920099000,"TOTAL_LIABILITIES":269064000,"TAX_EBT":-34.036196004781,"OCF_SALES":1.153987664226,"TOTAL_PARENT_EQUITY":1643769000,"DEBT_ASSET_RATIO":14.0130274533,"OPERATE_PROFIT":-55126000,"PRETAX_PROFIT":-23428000,"NETCASH_OPERATE":9033000,"NETCASH_INVEST":-291551000,"NETCASH_FINANCE":-57171000,"END_CASH":966042000,"DIVI_RATIO":-0.992475515476,"DIVIDEND_RATE":4,"CURRENT_RATIO":5.58008594671,"COMMON_ACS":100000000000,"CURRENTDEBT_DEBT":88.907471828264,"ISSUED_COMMON_SHARES":2867174000,"HK_COMMON_SHARES":2867174000,"PER_SHARES":2000,"TOTAL_MARKET_CAP":860152200,"HKSK_MARKET_CAP":860152200,"PE_TTM":-29.266456070812,"PB_TTM":0.489368643562,"REPORT_DATE_SQ":"2022-12-31 00:00:00","REPORT_TYPE_SQ":"2022年年报","OPERATE_INCOME_SQ":938759000,"DPS_HKD":0.012,"OPERATE_INCOME_QOQ_SQ":43.615354724613,"NET_PROFIT_RATIO_SQ":1.1013476302,"HOLDER_PROFIT_SQ":10167000,"HOLDER_PROFIT_QOQ_SQ":117.006791341875,"ROE_AVG_SQ":0.604007228838,"PE_TTM_SQ":19.025254172742,"PB_TTM_SQ":0.386707591984,"ROA_SQ":0.50199858836,"START_DATE":"2023-01-01 00:00:00","FISCAL_YEAR":"12-31","CURRENCY":"HKD","IS_CNY_CODE":0,"DPS_HKD_LY":0.015,"ORG_TYPE":"一般企业","PREMIUM_INCOME":null,"PREMIUM_INCOME_YOY":null,"NET_INTEREST_INCOME":null,"NET_INTEREST_INCOME_YOY":null,"FEE_COMMISSION_INCOME":null,"FEE_COMMISSION_INCOME_YOY":null,"ACCOUNTS_RECE_TDAYS":15.49536780426,"INVENTORY_TDAYS":2895.38940809969,"CURRENT_ASSETS_TDAYS":0.537167150183,"TOTAL_ASSETS_TDAYS":0.393708225048,"PREMIUM_EXPENSE":null,"LOAN_DEPOSIT":null,"LOAN_EQUITY":null,"LOAN_ASSETS":null,"DEPOSIT_EQUITY":null,"DEPOSIT_ASSETS":null,"EQUITY_MULTIPLIER":1.162966866239,"EQUITY_RATIO":0.163687233425},{"SECUCODE":"02100.HK","SECURITY_CODE":"02100","SECURITY_NAME_ABBR":"百奥家庭互动","ORG_CODE":"10391905","STD_REPORT_DATE":"2023-06-30 00:00:00","REPORT_DATE":"2023-06-30 00:00:00","DATE_TYPE_CODE":"002","REPORT_TYPE":"2023年中报","PER_NETCASH_OPERATE":-0.00048178362,"PER_OI":0.159629437546,"BPS":0.575723342915,"BASIC_EPS":-0.0075,"DILUTED_EPS":-0.0075,"OPERATE_INCOME":450609000,"OPERATE_INCOME_YOY":55.5750049199,"GROSS_PROFIT":169229000,"GROSS_PROFIT_YOY":43.733543970511,"HOLDER_PROFIT":-19988000,"HOLDER_PROFIT_YOY":49.9398918052,"GROSS_PROFIT_RATIO":37.555619173163,"EPS_TTM":0.01066548488,"OPERATE_INCOME_QOQ":17.146892866007,"NET_PROFIT_RATIO":-4.4191305544,"ROE_AVG":-1.196315649452,"GROSS_PROFIT_QOQ":14.278148119392,"ROA":-0.984975040531,"HOLDER_PROFIT_QOQ":196.124717222386,"ROE_YEARLY":-2.392631298904,"ROIC_YEARLY":-6.539527366358,"TOTAL_ASSETS":2002313000,"TOTAL_LIABILITIES":344349000,"TAX_EBT":-11.588680302606,"OCF_SALES":-0.30181376759,"TOTAL_PARENT_EQUITY":1650699000,"DEBT_ASSET_RATIO":17.1975610207,"OPERATE_PROFIT":-38905000,"PRETAX_PROFIT":-17845000,"NETCASH_OPERATE":-1360000,"NETCASH_INVEST":-53728000,"NETCASH_FINANCE":-9665000,"END_CASH":1244088000,"DIVI_RATIO":1.019610465213,"DIVIDEND_RATE":4,"CURRENT_RATIO":5.099488046126,"COMMON_ACS":100000000000,"CURRENTDEBT_DEBT":87.639284563045,"ISSUED_COMMON_SHARES":2867174000,"HK_COMMON_SHARES":2867174000,"PER_SHARES":2000,"TOTAL_MARKET_CAP":860152200,"HKSK_MARKET_CAP":860152200,"PE_TTM":-29.266456070812,"PB_TTM":0.489368643562,"REPORT_DATE_SQ":"2022-06-30 00:00:00","REPORT_TYPE_SQ":"2022年中报","OPERATE_INCOME_SQ":289641000,"DPS_HKD":0.012,"OPERATE_INCOME_QOQ_SQ":-26.048638546093,"NET_PROFIT_RATIO_SQ":-13.7587565296,"HOLDER_PROFIT_SQ":-39928000,"HOLDER_PROFIT_QOQ_SQ":-326.14715339512,"ROE_AVG_SQ":-2.421165674119,"PE_TTM_SQ":19.025254172742,"PB_TTM_SQ":0.386707591984,"ROA_SQ":-2.026118087042,"START_DATE":"2023-01-01 00:00:00","FISCAL_YEAR":"12-31","CURRENCY":"HKD","IS_CNY_CODE":0,"DPS_HKD_LY":0.015,"ORG_TYPE":"一般企业","PREMIUM_INCOME":null,"PREMIUM_INCOME_YOY":null,"NET_INTEREST_INCOME":null,"NET_INTEREST_INCOME_YOY":null,"FEE_COMMISSION_INCOME":null,"FEE_COMMISSION_INCOME_YOY":null,"ACCOUNTS_RECE_TDAYS":7.811816306364,"INVENTORY_TDAYS":1496.70212765957,"CURRENT_ASSETS_TDAYS":0.288990212304,"TOTAL_ASSETS_TDAYS":0.222052540544,"PREMIUM_EXPENSE":null,"LOAN_DEPOSIT":null,"LOAN_EQUITY":null,"LOAN_ASSETS":null,"DEPOSIT_EQUITY":null,"DEPOSIT_ASSETS":null,"EQUITY_MULTIPLIER":1.20769389444,"EQUITY_RATIO":0.208607989706},{"SECUCODE":"02100.HK","SECURITY_CODE":"02100","SECURITY_NAME_ABBR":"百奥家庭互动","ORG_CODE":"10391905","STD_REPORT_DATE":"2022-12-31 00:00:00","REPORT_DATE":"2022-12-31 00:00:00","DATE_TYPE_CODE":"001","REPORT_TYPE":"2022年年报","PER_NETCASH_OPERATE":0.010686740039,"PER_OI":0.332557874257,"BPS":0.589742373501,"BASIC_EPS":0.0039,"DILUTED_EPS":0.0038,"OPERATE_INCOME":938759000,"OPERATE_INCOME_YOY":6.2055100757,"GROSS_PROFIT":360628000,"GROSS_PROFIT_YOY":-9.96881857604,"HOLDER_PROFIT":10167000,"HOLDER_PROFIT_YOY":-61.5396254965,"GROSS_PROFIT_RATIO":38.415397349053,"EPS_TTM":0.003601686809,"OPERATE_INCOME_QOQ":43.615354724613,"NET_PROFIT_RATIO":1.1013476302,"ROE_AVG":0.604007228838,"GROSS_PROFIT_QOQ":29.686848199773,"ROA":0.50199858836,"HOLDER_PROFIT_QOQ":117.006791341875,"ROE_YEARLY":0.604007228838,"ROIC_YEARLY":1.784466871435,"TOTAL_ASSETS":2056267000,"TOTAL_LIABILITIES":358183000,"TAX_EBT":-292.371916508539,"OCF_SALES":3.213497819994,"TOTAL_PARENT_EQUITY":1690894000,"DEBT_ASSET_RATIO":17.4190900306,"OPERATE_PROFIT":-37082000,"PRETAX_PROFIT":2635000,"NETCASH_OPERATE":30167000,"NETCASH_INVEST":-100591000,"NETCASH_FINANCE":-64709000,"END_CASH":1303705000,"DIVI_RATIO":3.019318606881,"DIVIDEND_RATE":4,"CURRENT_RATIO":5.168558517583,"COMMON_ACS":100000000000,"CURRENTDEBT_DEBT":85.322028125288,"ISSUED_COMMON_SHARES":2867174000,"HK_COMMON_SHARES":2867174000,"PER_SHARES":2000,"TOTAL_MARKET_CAP":860152200,"HKSK_MARKET_CAP":860152200,"PE_TTM":-29.266456070812,"PB_TTM":0.489368643562,"REPORT_DATE_SQ":"2021-12-31 00:00:00","REPORT_TYPE_SQ":"2021年年报","OPERATE_INCOME_SQ":883908000,"DPS_HKD":0.012,"OPERATE_INCOME_QOQ_SQ":-10.79178512712,"NET_PROFIT_RATIO_SQ":3.0439819529,"HOLDER_PROFIT_SQ":26435000,"HOLDER_PROFIT_QOQ_SQ":-84.361597027905,"ROE_AVG_SQ":1.55344472769,"PE_TTM_SQ":19.025254172742,"PB_TTM_SQ":0.386707591984,"ROA_SQ":1.297351361618,"START_DATE":"2022-01-01 00:00:00","FISCAL_YEAR":"12-31","CURRENCY":"HKD","IS_CNY_CODE":0,"DPS_HKD_LY":0.02,"ORG_TYPE":"一般企业","PREMIUM_INCOME":null,"PREMIUM_INCOME_YOY":null,"NET_INTEREST_INCOME":null,"NET_INTEREST_INCOME_YOY":null,"FEE_COMMISSION_INCOME":null,"FEE_COMMISSION_INCOME_YOY":null,"ACCOUNTS_RECE_TDAYS":18.596652139461,"INVENTORY_TDAYS":2792.90338164251,"CURRENT_ASSETS_TDAYS":0.595757548834,"TOTAL_ASSETS_TDAYS":0.463514992437,"PREMIUM_EXPENSE":null,"LOAN_DEPOSIT":null,"LOAN_EQUITY":null,"LOAN_ASSETS":null,"DEPOSIT_EQUITY":null,"DEPOSIT_ASSETS":null,"EQUITY_MULTIPLIER":1.210933616947,"EQUITY_RATIO":0.211830546445},{"SECUCODE":"02100.HK","SECURITY_CODE":"02100","SECURITY_NAME_ABBR":"百奥家庭互动","ORG_CODE":"10391905","STD_REPORT_DATE":"2022-06-30 00:00:00","REPORT_DATE":"2022-06-30 00:00:00","DATE_TYPE_CODE":"002","REPORT_TYPE":"2022年中报","PER_NETCASH_OPERATE":-0.015129940379,"PER_OI":0.104518485534,"BPS":0.565931471198,"BASIC_EPS":-0.0152,"DILUTED_EPS":-0.0152,"OPERATE_INCOME":289641000,"OPERATE_INCOME_YOY":-44.2877009812,"GROSS_PROFIT":117738000,"GROSS_PROFIT_YOY":-50.987632221996,"HOLDER_PROFIT":-39928000,"HOLDER_PROFIT_YOY":-186.2580742725,"GROSS_PROFIT_RATIO":40.649631785555,"EPS_TTM":-0.021572650634,"OPERATE_INCOME_QOQ":-26.048638546093,"NET_PROFIT_RATIO":-13.7587565296,"ROE_AVG":-2.421165674119,"GROSS_PROFIT_QOQ":-30.578017220934,"ROA":-2.026118087042,"HOLDER_PROFIT_QOQ":-326.14715339512,"ROE_YEARLY":-4.842331348238,"ROIC_YEARLY":-16.390871883711,"TOTAL_ASSETS":1946988000,"TOTAL_LIABILITIES":317269000,"TAX_EBT":4.874322679207,"OCF_SALES":-14.475851139859,"TOTAL_PARENT_EQUITY":1622624000,"DEBT_ASSET_RATIO":16.2953752155,"OPERATE_PROFIT":-61884000,"PRETAX_PROFIT":-41893000,"NETCASH_OPERATE":-41928000,"NETCASH_INVEST":-208944000,"NETCASH_FINANCE":-9205000,"END_CASH":1174631000,"DIVI_RATIO":-0.504093826238,"DIVIDEND_RATE":4,"CURRENT_RATIO":6.006505690557,"COMMON_ACS":100000000000,"CURRENTDEBT_DEBT":81.974601993892,"ISSUED_COMMON_SHARES":2867174000,"HK_COMMON_SHARES":2867174000,"PER_SHARES":2000,"TOTAL_MARKET_CAP":860152200,"HKSK_MARKET_CAP":860152200,"PE_TTM":-29.266456070812,"PB_TTM":0.489368643562,"REPORT_DATE_SQ":"2021-06-30 00:00:00","REPORT_TYPE_SQ":"2021年中报","OPERATE_INCOME_SQ":519887000,"DPS_HKD":0.012,"OPERATE_INCOME_QOQ_SQ":-12.235078616115,"NET_PROFIT_RATIO_SQ":8.8944328287,"HOLDER_PROFIT_SQ":46289000,"HOLDER_PROFIT_QOQ_SQ":-38.349684525329,"ROE_AVG_SQ":2.727662179784,"PE_TTM_SQ":19.025254172742,"PB_TTM_SQ":0.386707591984,"ROA_SQ":2.199089607593,"START_DATE":"2022-01-01 00:00:00","FISCAL_YEAR":"12-31","CURRENCY":"HKD","IS_CNY_CODE":0,"DPS_HKD_LY":0.02,"ORG_TYPE":"一般企业","PREMIUM_INCOME":null,"PREMIUM_INCOME_YOY":null,"NET_INTEREST_INCOME":null,"NET_INTEREST_INCOME_YOY":null,"FEE_COMMISSION_INCOME":null,"FEE_COMMISSION_INCOME_YOY":null,"ACCOUNTS_RECE_TDAYS":9.827500212062,"INVENTORY_TDAYS":null,"CURRENT_ASSETS_TDAYS":0.184832363037,"TOTAL_ASSETS_TDAYS":0.146976274506,"PREMIUM_EXPENSE":null,"LOAN_DEPOSIT":null,"LOAN_EQUITY":null,"LOAN_ASSETS":null,"DEPOSIT_EQUITY":null,"DEPOSIT_ASSETS":null,"EQUITY_MULTIPLIER":1.194677119185,"EQUITY_RATIO":0.195528354073},{"SECUCODE":"02100.HK","SECURITY_CODE":"02100","SECURITY_NAME_ABBR":"百奥家庭互动","ORG_CODE":"10391905","STD_REPORT_DATE":"2021-12-31 00:00:00","REPORT_DATE":"2021-12-31 00:00:00","DATE_TYPE_CODE":"001","REPORT_TYPE":"2021年年报","PER_NETCASH_OPERATE":0.042783724272,"PER_OI":0.318962873043,"BPS":0.584415874307,"BASIC_EPS":0.0101,"DILUTED_EPS":0.0099,"OPERATE_INCOME":883908000,"OPERATE_INCOME_YOY":-21.7064803488,"GROSS_PROFIT":400559000,"GROSS_PROFIT_YOY":-6.705066065444,"HOLDER_PROFIT":26435000,"HOLDER_PROFIT_YOY":-90.3588752325,"GROSS_PROFIT_RATIO":45.316820302565,"EPS_TTM":0.009539209453,"OPERATE_INCOME_QOQ":-10.79178512712,"NET_PROFIT_RATIO":3.0439819529,"ROE_AVG":1.55344472769,"GROSS_PROFIT_QOQ":-4.397086271009,"ROA":1.297351361618,"HOLDER_PROFIT_QOQ":-84.361597027905,"ROE_YEARLY":1.55344472769,"ROIC_YEARLY":5.468301537475,"TOTAL_ASSETS":1994342000,"TOTAL_LIABILITIES":311702000,"TAX_EBT":47.586394981883,"OCF_SALES":13.41338691357,"TOTAL_PARENT_EQUITY":1675622000,"DEBT_ASSET_RATIO":15.6293153331,"OPERATE_PROFIT":29706000,"PRETAX_PROFIT":51334000,"NETCASH_OPERATE":118562000,"NETCASH_INVEST":81633000,"NETCASH_FINANCE":-148956000,"END_CASH":1429190000,"DIVI_RATIO":1.139993838478,"DIVIDEND_RATE":4,"CURRENT_RATIO":6.327373285245,"COMMON_ACS":100000000000,"CURRENTDEBT_DEBT":79.701766430758,"ISSUED_COMMON_SHARES":2867174000,"HK_COMMON_SHARES":2867174000,"PER_SHARES":2000,"TOTAL_MARKET_CAP":860152200,"HKSK_MARKET_CAP":860152200,"PE_TTM":-29.266456070812,"PB_TTM":0.489368643562,"REPORT_DATE_SQ":"2020-12-31 00:00:00","REPORT_TYPE_SQ":"2020年年报","OPERATE_INCOME_SQ":1128967000,"DPS_HKD":0.012,"OPERATE_INCOME_QOQ_SQ":-4.970867542857,"NET_PROFIT_RATIO_SQ":24.2018588674,"HOLDER_PROFIT_SQ":274190000,"HOLDER_PROFIT_QOQ_SQ":-3.020892650611,"ROE_AVG_SQ":16.766354288677,"PE_TTM_SQ":19.025254172742,"PB_TTM_SQ":0.386707591984,"ROA_SQ":13.662980965558,"START_DATE":"2021-01-01 00:00:00","FISCAL_YEAR":"12-31","CURRENCY":"HKD","IS_CNY_CODE":0,"DPS_HKD_LY":0.06,"ORG_TYPE":"一般企业","PREMIUM_INCOME":null,"PREMIUM_INCOME_YOY":null,"NET_INTEREST_INCOME":null,"NET_INTEREST_INCOME_YOY":null,"FEE_COMMISSION_INCOME":null,"FEE_COMMISSION_INCOME_YOY":null,"ACCOUNTS_RECE_TDAYS":22.179765130985,"INVENTORY_TDAYS":null,"CURRENT_ASSETS_TDAYS":0.53606000373,"TOTAL_ASSETS_TDAYS":0.433795818931,"PREMIUM_EXPENSE":null,"LOAN_DEPOSIT":null,"LOAN_EQUITY":null,"LOAN_ASSETS":null,"DEPOSIT_EQUITY":null,"DEPOSIT_ASSETS":null,"EQUITY_MULTIPLIER":1.185245804213,"EQUITY_RATIO":0.186021668372},{"SECUCODE":"02100.HK","SECURITY_CODE":"02100","SECURITY_NAME_ABBR":"百奥家庭互动","ORG_CODE":"10391905","STD_REPORT_DATE":"2021-06-30 00:00:00","REPORT_DATE":"2021-06-30 00:00:00","DATE_TYPE_CODE":"002","REPORT_TYPE":"2021年中报","PER_NETCASH_OPERATE":0.01870606221,"PER_OI":0.191332308256,"BPS":0.581150638224,"BASIC_EPS":0.0177,"DILUTED_EPS":0.0173,"OPERATE_INCOME":519887000,"OPERATE_INCOME_YOY":-20.9918588729,"GROSS_PROFIT":240221000,"GROSS_PROFIT_YOY":-4.136304502247,"HOLDER_PROFIT":46289000,"HOLDER_PROFIT_YOY":-69.4340993133,"GROSS_PROFIT_RATIO":46.206387157209,"EPS_TTM":0.062210869007,"OPERATE_INCOME_QOQ":-12.235078616115,"NET_PROFIT_RATIO":8.8944328287,"ROE_AVG":2.727662179784,"GROSS_PROFIT_QOQ":-2.414131227189,"ROA":2.199089607593,"HOLDER_PROFIT_QOQ":-38.349684525329,"ROE_YEARLY":5.455324359569,"ROIC_YEARLY":19.706272702987,"TOTAL_ASSETS":2128949000,"TOTAL_LIABILITIES":456190000,"TAX_EBT":31.208438090421,"OCF_SALES":9.776739945411,"TOTAL_PARENT_EQUITY":1666260000,"DEBT_ASSET_RATIO":21.4279440231,"OPERATE_PROFIT":56995000,"PRETAX_PROFIT":67219000,"NETCASH_OPERATE":50828000,"NETCASH_INVEST":-59480000,"NETCASH_FINANCE":-11323000,"END_CASH":1360519000,"DIVI_RATIO":0.174802894954,"DIVIDEND_RATE":4,"CURRENT_RATIO":4.546809731996,"COMMON_ACS":100000000000,"CURRENTDEBT_DEBT":85.538481772946,"ISSUED_COMMON_SHARES":2867174000,"HK_COMMON_SHARES":2867174000,"PER_SHARES":2000,"TOTAL_MARKET_CAP":860152200,"HKSK_MARKET_CAP":860152200,"PE_TTM":-29.266456070812,"PB_TTM":0.489368643562,"REPORT_DATE_SQ":"2020-06-30 00:00:00","REPORT_TYPE_SQ":"2020年中报","OPERATE_INCOME_SQ":658017000,"DPS_HKD":0.012,"OPERATE_INCOME_QOQ_SQ":74.555611388808,"NET_PROFIT_RATIO_SQ":22.9756981962,"HOLDER_PROFIT_SQ":151440000,"HOLDER_PROFIT_QOQ_SQ":86.467271228359,"ROE_AVG_SQ":9.57358842673,"PE_TTM_SQ":19.025254172742,"PB_TTM_SQ":0.386707591984,"ROA_SQ":7.692934859221,"START_DATE":"2021-01-01 00:00:00","FISCAL_YEAR":"12-31","CURRENCY":"HKD","IS_CNY_CODE":0,"DPS_HKD_LY":0.06,"ORG_TYPE":"一般企业","PREMIUM_INCOME":null,"PREMIUM_INCOME_YOY":null,"NET_INTEREST_INCOME":null,"NET_INTEREST_INCOME_YOY":null,"FEE_COMMISSION_INCOME":null,"FEE_COMMISSION_INCOME_YOY":null,"ACCOUNTS_RECE_TDAYS":8.894179034259,"INVENTORY_TDAYS":null,"CURRENT_ASSETS_TDAYS":0.297068100522,"TOTAL_ASSETS_TDAYS":0.246986994496,"PREMIUM_EXPENSE":null,"LOAN_DEPOSIT":null,"LOAN_EQUITY":null,"LOAN_ASSETS":null,"DEPOSIT_EQUITY":null,"DEPOSIT_ASSETS":null,"EQUITY_MULTIPLIER":1.272717109877,"EQUITY_RATIO":0.273780802516},{"SECUCODE":"02100.HK","SECURITY_CODE":"02100","SECURITY_NAME_ABBR":"百奥家庭互动","ORG_CODE":"10391905","STD_REPORT_DATE":"2020-12-31 00:00:00","REPORT_DATE":"2020-12-31 00:00:00","DATE_TYPE_CODE":"001","REPORT_TYPE":"2020年年报","PER_NETCASH_OPERATE":0.122528595928,"PER_OI":0.415306611183,"BPS":0.60260800356,"BASIC_EPS":0.104,"DILUTED_EPS":0.1034,"OPERATE_INCOME":1128967000,"OPERATE_INCOME_YOY":65.878683158,"GROSS_PROFIT":429347000,"GROSS_PROFIT_YOY":18.556328110762,"HOLDER_PROFIT":274190000,"HOLDER_PROFIT_YOY":80.834295136,"GROSS_PROFIT_RATIO":38.030075281208,"EPS_TTM":0.100864701732,"OPERATE_INCOME_QOQ":-4.970867542857,"NET_PROFIT_RATIO":24.2018588674,"ROE_AVG":16.766354288677,"GROSS_PROFIT_QOQ":-14.967489963777,"ROA":13.662980965558,"HOLDER_PROFIT_QOQ":-3.020892650611,"ROE_YEARLY":16.766354288677,"ROIC_YEARLY":61.762294343431,"TOTAL_ASSETS":2080884000,"TOTAL_LIABILITIES":346555000,"TAX_EBT":5.619363106608,"OCF_SALES":29.503165282953,"TOTAL_PARENT_EQUITY":1727782000,"DEBT_ASSET_RATIO":16.6542200334,"OPERATE_PROFIT":281624000,"PRETAX_PROFIT":289499000,"NETCASH_OPERATE":333081000,"NETCASH_INVEST":-94203000,"NETCASH_FINANCE":-123607000,"END_CASH":1381965000,"DIVI_RATIO":0.107814129356,"DIVIDEND_RATE":4,"CURRENT_RATIO":6.500952990809,"COMMON_ACS":100000000000,"CURRENTDEBT_DEBT":76.605445023157,"ISSUED_COMMON_SHARES":2867174000,"HK_COMMON_SHARES":2867174000,"PER_SHARES":2000,"TOTAL_MARKET_CAP":860152200,"HKSK_MARKET_CAP":860152200,"PE_TTM":-29.266456070812,"PB_TTM":0.489368643562,"REPORT_DATE_SQ":"2019-12-31 00:00:00","REPORT_TYPE_SQ":"2019年年报","OPERATE_INCOME_SQ":680598000,"DPS_HKD":0.012,"OPERATE_INCOME_QOQ_SQ":134.511060574736,"NET_PROFIT_RATIO_SQ":22.2109086421,"HOLDER_PROFIT_SQ":151625000,"HOLDER_PROFIT_QOQ_SQ":359.971484043199,"ROE_AVG_SQ":9.888247316723,"PE_TTM_SQ":19.025254172742,"PB_TTM_SQ":0.386707591984,"ROA_SQ":8.442071106598,"START_DATE":"2020-01-01 00:00:00","FISCAL_YEAR":"12-31","CURRENCY":"HKD","IS_CNY_CODE":0,"DPS_HKD_LY":0.025,"ORG_TYPE":"一般企业","PREMIUM_INCOME":null,"PREMIUM_INCOME_YOY":null,"NET_INTEREST_INCOME":null,"NET_INTEREST_INCOME_YOY":null,"FEE_COMMISSION_INCOME":null,"FEE_COMMISSION_INCOME_YOY":null,"ACCOUNTS_RECE_TDAYS":12.199509411943,"INVENTORY_TDAYS":null,"CURRENT_ASSETS_TDAYS":0.656751312887,"TOTAL_ASSETS_TDAYS":0.562568096274,"PREMIUM_EXPENSE":null,"LOAN_DEPOSIT":null,"LOAN_EQUITY":null,"LOAN_ASSETS":null,"DEPOSIT_EQUITY":null,"DEPOSIT_ASSETS":null,"EQUITY_MULTIPLIER":1.199820795247,"EQUITY_RATIO":0.200577966433},{"SECUCODE":"02100.HK","SECURITY_CODE":"02100","SECURITY_NAME_ABBR":"百奥家庭互动","ORG_CODE":"10391905","STD_REPORT_DATE":"2020-06-30 00:00:00","REPORT_DATE":"2020-06-30 00:00:00","DATE_TYPE_CODE":"002","REPORT_TYPE":"2020年中报","PER_NETCASH_OPERATE":0.069574141816,"PER_OI":0.239223757141,"BPS":0.565284492675,"BASIC_EPS":0.0571,"DILUTED_EPS":0.0571,"OPERATE_INCOME":658017000,"OPERATE_INCOME_YOY":336.9505886728,"GROSS_PROFIT":250586000,"GROSS_PROFIT_YOY":132.430828023115,"HOLDER_PROFIT":151440000,"HOLDER_PROFIT_YOY":644.7624668044,"GROSS_PROFIT_RATIO":38.081994842079,"EPS_TTM":0.102787575519,"OPERATE_INCOME_QOQ":74.555611388808,"NET_PROFIT_RATIO":22.9756981962,"ROE_AVG":9.57358842673,"GROSS_PROFIT_QOQ":39.424707162305,"ROA":7.692934859221,"HOLDER_PROFIT_QOQ":86.467271228359,"ROE_YEARLY":19.14717685346,"ROIC_YEARLY":80.654009000613,"TOTAL_ASSETS":2004384000,"TOTAL_LIABILITIES":376365000,"TAX_EBT":5.782054318156,"OCF_SALES":29.083291161171,"TOTAL_PARENT_EQUITY":1620769000,"DEBT_ASSET_RATIO":18.7770906174,"OPERATE_PROFIT":151601000,"PRETAX_PROFIT":160462000,"NETCASH_OPERATE":191373000,"NETCASH_INVEST":7022000,"NETCASH_FINANCE":-32316000,"END_CASH":1441572000,"DIVI_RATIO":0.105797222525,"DIVIDEND_RATE":4,"CURRENT_RATIO":6.323143152773,"COMMON_ACS":100000000000,"CURRENTDEBT_DEBT":76.779456113082,"ISSUED_COMMON_SHARES":2867174000,"HK_COMMON_SHARES":2867174000,"PER_SHARES":2000,"TOTAL_MARKET_CAP":860152200,"HKSK_MARKET_CAP":860152200,"PE_TTM":-29.266456070812,"PB_TTM":0.489368643562,"REPORT_DATE_SQ":"2019-06-30 00:00:00","REPORT_TYPE_SQ":"2019年中报","OPERATE_INCOME_SQ":150593000,"DPS_HKD":0.012,"OPERATE_INCOME_QOQ_SQ":2.014489136663,"NET_PROFIT_RATIO_SQ":13.4222706235,"HOLDER_PROFIT_SQ":20334000,"HOLDER_PROFIT_QOQ_SQ":-70.587552977917,"ROE_AVG_SQ":1.349958075218,"PE_TTM_SQ":19.025254172742,"PB_TTM_SQ":0.386707591984,"ROA_SQ":1.184826598058,"START_DATE":"2020-01-01 00:00:00","FISCAL_YEAR":"12-31","CURRENCY":"HKD","IS_CNY_CODE":0,"DPS_HKD_LY":0.025,"ORG_TYPE":"一般企业","PREMIUM_INCOME":null,"PREMIUM_INCOME_YOY":null,"NET_INTEREST_INCOME":null,"NET_INTEREST_INCOME_YOY":null,"FEE_COMMISSION_INCOME":null,"FEE_COMMISSION_INCOME_YOY":null,"ACCOUNTS_RECE_TDAYS":5.984148781375,"INVENTORY_TDAYS":null,"CURRENT_ASSETS_TDAYS":0.371827504749,"TOTAL_ASSETS_TDAYS":0.334263201087,"PREMIUM_EXPENSE":null,"LOAN_DEPOSIT":null,"LOAN_EQUITY":null,"LOAN_ASSETS":null,"DEPOSIT_EQUITY":null,"DEPOSIT_ASSETS":null,"EQUITY_MULTIPLIER":1.231179734389,"EQUITY_RATIO":0.232213844169}],"count":25},"success":true,"message":"ok","code":0}