{"version":"ebb06887a7622f809265c3e7fd664037","result":{"pages":2,"data":[{"SECUCODE":"02107.HK","SECURITY_CODE":"02107","SECURITY_NAME_ABBR":"第一服务控股","ORG_CODE":"10000098356","STD_REPORT_DATE":"2024-06-30 00:00:00","REPORT_DATE":"2024-06-30 00:00:00","DATE_TYPE_CODE":"002","REPORT_TYPE":"2024年中报","PER_NETCASH_OPERATE":-0.020285601266,"PER_OI":0.521016613924,"BPS":0.520227848101,"BASIC_EPS":0.0362,"DILUTED_EPS":0.0362,"OPERATE_INCOME":658565000,"OPERATE_INCOME_YOY":9.7246242073,"GROSS_PROFIT":180866000,"GROSS_PROFIT_YOY":6.867640020562,"HOLDER_PROFIT":37284000,"HOLDER_PROFIT_YOY":0.8329727391,"GROSS_PROFIT_RATIO":27.463652031311,"EPS_TTM":0.045439082278,"OPERATE_INCOME_QOQ":4.820078056741,"NET_PROFIT_RATIO":7.1868380494,"ROE_AVG":5.67032024443,"GROSS_PROFIT_QOQ":3.815072539881,"ROA":2.338648672043,"HOLDER_PROFIT_QOQ":0.539149614018,"ROE_YEARLY":11.340640488861,"ROIC_YEARLY":6.700115729925,"TOTAL_ASSETS":1716572000,"TOTAL_LIABILITIES":993458000,"TAX_EBT":22.383115498778,"OCF_SALES":-3.893465337514,"TOTAL_PARENT_EQUITY":657568000,"DEBT_ASSET_RATIO":57.8745313334,"OPERATE_PROFIT":61437000,"PRETAX_PROFIT":60979000,"NETCASH_OPERATE":-25641000,"NETCASH_INVEST":-153632000,"NETCASH_FINANCE":-1077000,"END_CASH":330881000,"DIVI_RATIO":0.658139612431,"DIVIDEND_RATE":11.578947368421,"CURRENT_RATIO":1.414966436127,"COMMON_ACS":250000000000,"CURRENTDEBT_DEBT":98.967445025356,"ISSUED_COMMON_SHARES":1264000000,"HK_COMMON_SHARES":1264000000,"PER_SHARES":2500,"TOTAL_MARKET_CAP":360240000,"HKSK_MARKET_CAP":360240000,"PE_TTM":5.647731247837,"PB_TTM":0.499999761546,"REPORT_DATE_SQ":"2023-06-30 00:00:00","REPORT_TYPE_SQ":"2023年中报","OPERATE_INCOME_SQ":600198000,"DPS_HKD":0.033,"OPERATE_INCOME_QOQ_SQ":4.189269624476,"NET_PROFIT_RATIO_SQ":7.4018907094,"HOLDER_PROFIT_SQ":36976000,"HOLDER_PROFIT_QOQ_SQ":39.35362136533,"ROE_AVG_SQ":5.820503517,"PE_TTM_SQ":3.667502261229,"PB_TTM_SQ":0.327808465481,"ROA_SQ":2.658815433584,"START_DATE":"2024-01-01 00:00:00","FISCAL_YEAR":"12-31","CURRENCY":"HKD","IS_CNY_CODE":0,"DPS_HKD_LY":0.033,"ORG_TYPE":"一般企业","PREMIUM_INCOME":null,"PREMIUM_INCOME_YOY":null,"NET_INTEREST_INCOME":null,"NET_INTEREST_INCOME_YOY":null,"FEE_COMMISSION_INCOME":null,"FEE_COMMISSION_INCOME_YOY":null,"ACCOUNTS_RECE_TDAYS":1.089777374748,"INVENTORY_TDAYS":277.087587006961,"CURRENT_ASSETS_TDAYS":0.514990330711,"TOTAL_ASSETS_TDAYS":0.413086622332,"PREMIUM_EXPENSE":null,"LOAN_DEPOSIT":null,"LOAN_EQUITY":null,"LOAN_ASSETS":null,"DEPOSIT_EQUITY":null,"DEPOSIT_ASSETS":null,"EQUITY_MULTIPLIER":2.373860829691,"EQUITY_RATIO":1.510806486934},{"SECUCODE":"02107.HK","SECURITY_CODE":"02107","SECURITY_NAME_ABBR":"第一服务控股","ORG_CODE":"10000098356","STD_REPORT_DATE":"2023-12-31 00:00:00","REPORT_DATE":"2023-12-31 00:00:00","DATE_TYPE_CODE":"001","REPORT_TYPE":"2023年年报","PER_NETCASH_OPERATE":0.093391,"PER_OI":1.210914,"BPS":0.520166139241,"BASIC_EPS":0.0588,"DILUTED_EPS":0.0588,"OPERATE_INCOME":1210914000,"OPERATE_INCOME_YOY":7.8984417325,"GROSS_PROFIT":304660000,"GROSS_PROFIT_YOY":16.778081015608,"HOLDER_PROFIT":57127000,"HOLDER_PROFIT_YOY":38.1948812231,"GROSS_PROFIT_RATIO":25.159507611606,"EPS_TTM":0.057127,"OPERATE_INCOME_QOQ":3.560032737899,"NET_PROFIT_RATIO":5.7928969357,"ROE_AVG":8.879131468716,"GROSS_PROFIT_QOQ":4.67185685524,"ROA":4.021265325588,"HOLDER_PROFIT_QOQ":-0.831510606534,"ROE_YEARLY":8.879131468716,"ROIC_YEARLY":6.230331518375,"TOTAL_ASSETS":1471936000,"TOTAL_LIABILITIES":758066000,"TAX_EBT":20.830887996027,"OCF_SALES":7.712438703327,"TOTAL_PARENT_EQUITY":657490000,"DEBT_ASSET_RATIO":51.5012880995,"OPERATE_PROFIT":89612000,"PRETAX_PROFIT":88604000,"NETCASH_OPERATE":93391000,"NETCASH_INVEST":50095000,"NETCASH_FINANCE":-35268000,"END_CASH":509829000,"DIVI_RATIO":0.523487317731,"DIVIDEND_RATE":11.186440677966,"CURRENT_RATIO":1.556799662583,"COMMON_ACS":250000000000,"CURRENTDEBT_DEBT":98.833215049877,"ISSUED_COMMON_SHARES":1264000000,"HK_COMMON_SHARES":1264000000,"PER_SHARES":2500,"TOTAL_MARKET_CAP":372880000,"HKSK_MARKET_CAP":372880000,"PE_TTM":5.845897256533,"PB_TTM":0.517543612828,"REPORT_DATE_SQ":"2022-12-31 00:00:00","REPORT_TYPE_SQ":"2022年年报","OPERATE_INCOME_SQ":1122272000,"DPS_HKD":0.033,"OPERATE_INCOME_QOQ_SQ":-3.608729111697,"NET_PROFIT_RATIO_SQ":4.5037210231,"HOLDER_PROFIT_SQ":41338000,"HOLDER_PROFIT_QOQ_SQ":556.168616199514,"ROE_AVG_SQ":6.526582030664,"PE_TTM_SQ":3.796186551096,"PB_TTM_SQ":0.339310516902,"ROA_SQ":3.031553071429,"START_DATE":"2023-01-01 00:00:00","FISCAL_YEAR":"12-31","CURRENCY":"HKD","IS_CNY_CODE":0,"DPS_HKD_LY":0.03,"ORG_TYPE":"一般企业","PREMIUM_INCOME":null,"PREMIUM_INCOME_YOY":null,"NET_INTEREST_INCOME":null,"NET_INTEREST_INCOME_YOY":null,"FEE_COMMISSION_INCOME":null,"FEE_COMMISSION_INCOME_YOY":null,"ACCOUNTS_RECE_TDAYS":2.222488556399,"INVENTORY_TDAYS":747.734323432343,"CURRENT_ASSETS_TDAYS":1.083004652511,"TOTAL_ASSETS_TDAYS":0.852382670273,"PREMIUM_EXPENSE":null,"LOAN_DEPOSIT":null,"LOAN_EQUITY":null,"LOAN_ASSETS":null,"DEPOSIT_EQUITY":null,"DEPOSIT_ASSETS":null,"EQUITY_MULTIPLIER":2.061910431872,"EQUITY_RATIO":1.152969626914},{"SECUCODE":"02107.HK","SECURITY_CODE":"02107","SECURITY_NAME_ABBR":"第一服务控股","ORG_CODE":"10000098356","STD_REPORT_DATE":"2023-06-30 00:00:00","REPORT_DATE":"2023-06-30 00:00:00","DATE_TYPE_CODE":"002","REPORT_TYPE":"2023年中报","PER_NETCASH_OPERATE":-0.00364,"PER_OI":0.600198,"BPS":0.507328322785,"BASIC_EPS":0.0376,"DILUTED_EPS":0.0376,"OPERATE_INCOME":600198000,"OPERATE_INCOME_YOY":8.4989958115,"GROSS_PROFIT":169243000,"GROSS_PROFIT_YOY":21.69714314477,"HOLDER_PROFIT":36976000,"HOLDER_PROFIT_YOY":78.5590110102,"GROSS_PROFIT_RATIO":28.197861372414,"EPS_TTM":0.057606,"OPERATE_INCOME_QOQ":4.189269624476,"NET_PROFIT_RATIO":7.4018907094,"ROE_AVG":5.820503517,"GROSS_PROFIT_QOQ":11.565882677624,"ROA":2.658815433584,"HOLDER_PROFIT_QOQ":39.35362136533,"ROE_YEARLY":11.641007034,"ROIC_YEARLY":7.670657132974,"TOTAL_ASSETS":1412080000,"TOTAL_LIABILITIES":719014000,"TAX_EBT":19.646216177109,"OCF_SALES":-0.606466532711,"TOTAL_PARENT_EQUITY":641263000,"DEBT_ASSET_RATIO":50.918786471,"OPERATE_PROFIT":55859000,"PRETAX_PROFIT":55288000,"NETCASH_OPERATE":-3640000,"NETCASH_INVEST":-34690000,"NETCASH_FINANCE":-5317000,"END_CASH":360206000,"DIVI_RATIO":0.51913446516,"DIVIDEND_RATE":11.186440677966,"CURRENT_RATIO":1.55927163109,"COMMON_ACS":250000000000,"CURRENTDEBT_DEBT":99.009476866932,"ISSUED_COMMON_SHARES":1264000000,"HK_COMMON_SHARES":1264000000,"PER_SHARES":2500,"TOTAL_MARKET_CAP":372880000,"HKSK_MARKET_CAP":372880000,"PE_TTM":5.845897256533,"PB_TTM":0.517543612828,"REPORT_DATE_SQ":"2022-06-30 00:00:00","REPORT_TYPE_SQ":"2022年中报","OPERATE_INCOME_SQ":553183000,"DPS_HKD":0.033,"OPERATE_INCOME_QOQ_SQ":3.966446075389,"NET_PROFIT_RATIO_SQ":4.5455120638,"HOLDER_PROFIT_SQ":20708000,"HOLDER_PROFIT_QOQ_SQ":-125.551232166018,"ROE_AVG_SQ":3.32173581068,"PE_TTM_SQ":3.796186551096,"PB_TTM_SQ":0.339310516902,"ROA_SQ":1.523491700546,"START_DATE":"2023-01-01 00:00:00","FISCAL_YEAR":"12-31","CURRENCY":"HKD","IS_CNY_CODE":0,"DPS_HKD_LY":0.03,"ORG_TYPE":"一般企业","PREMIUM_INCOME":null,"PREMIUM_INCOME_YOY":null,"NET_INTEREST_INCOME":null,"NET_INTEREST_INCOME_YOY":null,"FEE_COMMISSION_INCOME":null,"FEE_COMMISSION_INCOME_YOY":null,"ACCOUNTS_RECE_TDAYS":1.107485702002,"INVENTORY_TDAYS":530.079950799508,"CURRENT_ASSETS_TDAYS":0.550676236709,"TOTAL_ASSETS_TDAYS":0.431581486804,"PREMIUM_EXPENSE":null,"LOAN_DEPOSIT":null,"LOAN_EQUITY":null,"LOAN_ASSETS":null,"DEPOSIT_EQUITY":null,"DEPOSIT_ASSETS":null,"EQUITY_MULTIPLIER":2.037439435782,"EQUITY_RATIO":1.121246664785},{"SECUCODE":"02107.HK","SECURITY_CODE":"02107","SECURITY_NAME_ABBR":"第一服务控股","ORG_CODE":"10000098356","STD_REPORT_DATE":"2022-12-31 00:00:00","REPORT_DATE":"2022-12-31 00:00:00","DATE_TYPE_CODE":"001","REPORT_TYPE":"2022年年报","PER_NETCASH_OPERATE":-0.012409,"PER_OI":1.122272,"BPS":0.497848101266,"BASIC_EPS":0.0418,"DILUTED_EPS":0.0418,"OPERATE_INCOME":1122272000,"OPERATE_INCOME_YOY":0.2145786695,"GROSS_PROFIT":260888000,"GROSS_PROFIT_YOY":-22.207279872854,"HOLDER_PROFIT":41338000,"HOLDER_PROFIT_YOY":16.5567021937,"GROSS_PROFIT_RATIO":23.246414416469,"EPS_TTM":0.041338,"OPERATE_INCOME_QOQ":-3.608729111697,"NET_PROFIT_RATIO":4.5037210231,"ROE_AVG":6.526582030664,"GROSS_PROFIT_QOQ":-14.06568068777,"ROA":3.031553071429,"HOLDER_PROFIT_QOQ":556.168616199514,"ROE_YEARLY":6.526582030664,"ROIC_YEARLY":4.713262649976,"TOTAL_ASSETS":1369309000,"TOTAL_LIABILITIES":694902000,"TAX_EBT":19.63876876113,"OCF_SALES":-1.105703430184,"TOTAL_PARENT_EQUITY":629280000,"DEBT_ASSET_RATIO":50.7483701633,"OPERATE_PROFIT":64290000,"PRETAX_PROFIT":62896000,"NETCASH_OPERATE":-12409000,"NETCASH_INVEST":-17548000,"NETCASH_FINANCE":-84771000,"END_CASH":396074000,"DIVI_RATIO":0.723432676956,"DIVIDEND_RATE":11.186440677966,"CURRENT_RATIO":1.604686150043,"COMMON_ACS":250000000000,"CURRENTDEBT_DEBT":95.939859145606,"ISSUED_COMMON_SHARES":1264000000,"HK_COMMON_SHARES":1264000000,"PER_SHARES":2500,"TOTAL_MARKET_CAP":372880000,"HKSK_MARKET_CAP":372880000,"PE_TTM":5.845897256533,"PB_TTM":0.517543612828,"REPORT_DATE_SQ":"2021-12-31 00:00:00","REPORT_TYPE_SQ":"2021年年报","OPERATE_INCOME_SQ":1119869000,"DPS_HKD":0.033,"OPERATE_INCOME_QOQ_SQ":17.919302173023,"NET_PROFIT_RATIO_SQ":3.0011545993,"HOLDER_PROFIT_SQ":35466000,"HOLDER_PROFIT_QOQ_SQ":-72.200318239181,"ROE_AVG_SQ":5.497177089671,"PE_TTM_SQ":3.796186551096,"PB_TTM_SQ":0.339310516902,"ROA_SQ":2.760155728631,"START_DATE":"2022-01-01 00:00:00","FISCAL_YEAR":"12-31","CURRENCY":"HKD","IS_CNY_CODE":0,"DPS_HKD_LY":0.0677,"ORG_TYPE":"一般企业","PREMIUM_INCOME":null,"PREMIUM_INCOME_YOY":null,"NET_INTEREST_INCOME":null,"NET_INTEREST_INCOME_YOY":null,"FEE_COMMISSION_INCOME":null,"FEE_COMMISSION_INCOME_YOY":null,"ACCOUNTS_RECE_TDAYS":2.378922177013,"INVENTORY_TDAYS":1059.51291512915,"CURRENT_ASSETS_TDAYS":1.04920730191,"TOTAL_ASSETS_TDAYS":0.82302654424,"PREMIUM_EXPENSE":null,"LOAN_DEPOSIT":null,"LOAN_EQUITY":null,"LOAN_ASSETS":null,"DEPOSIT_EQUITY":null,"DEPOSIT_ASSETS":null,"EQUITY_MULTIPLIER":2.030389660841,"EQUITY_RATIO":1.104281083143},{"SECUCODE":"02107.HK","SECURITY_CODE":"02107","SECURITY_NAME_ABBR":"第一服务控股","ORG_CODE":"10000098356","STD_REPORT_DATE":"2022-06-30 00:00:00","REPORT_DATE":"2022-06-30 00:00:00","DATE_TYPE_CODE":"002","REPORT_TYPE":"2022年中报","PER_NETCASH_OPERATE":-0.06117,"PER_OI":0.553183,"BPS":0.48207278481,"BASIC_EPS":0.0208,"DILUTED_EPS":0.0208,"OPERATE_INCOME":553183000,"OPERATE_INCOME_YOY":8.730767114,"GROSS_PROFIT":139069000,"GROSS_PROFIT_YOY":-18.597885765795,"HOLDER_PROFIT":20708000,"HOLDER_PROFIT_YOY":-68.256790729,"GROSS_PROFIT_RATIO":25.139781952808,"EPS_TTM":-0.009062,"OPERATE_INCOME_QOQ":3.966446075389,"NET_PROFIT_RATIO":4.5455120638,"ROE_AVG":3.32173581068,"GROSS_PROFIT_QOQ":-9.474211526018,"ROA":1.523491700546,"HOLDER_PROFIT_QOQ":-125.551232166018,"ROE_YEARLY":6.643471621359,"ROIC_YEARLY":5.063325185018,"TOTAL_ASSETS":1360618000,"TOTAL_LIABILITIES":711074000,"TAX_EBT":24.232380148854,"OCF_SALES":-11.057823541215,"TOTAL_PARENT_EQUITY":609340000,"DEBT_ASSET_RATIO":52.2611048803,"OPERATE_PROFIT":34217000,"PRETAX_PROFIT":33187000,"NETCASH_OPERATE":-61170000,"NETCASH_INVEST":87529000,"NETCASH_FINANCE":-22621000,"END_CASH":510499000,"DIVI_RATIO":-3.300072831605,"DIVIDEND_RATE":11.186440677966,"CURRENT_RATIO":1.595288967092,"COMMON_ACS":250000000000,"CURRENTDEBT_DEBT":93.991061408517,"ISSUED_COMMON_SHARES":1264000000,"HK_COMMON_SHARES":1264000000,"PER_SHARES":2500,"TOTAL_MARKET_CAP":372880000,"HKSK_MARKET_CAP":372880000,"PE_TTM":5.845897256533,"PB_TTM":0.517543612828,"REPORT_DATE_SQ":"2021-06-30 00:00:00","REPORT_TYPE_SQ":"2021年中报","OPERATE_INCOME_SQ":508764000,"DPS_HKD":0.033,"OPERATE_INCOME_QOQ_SQ":23.049006282724,"NET_PROFIT_RATIO_SQ":14.1033956805,"HOLDER_PROFIT_SQ":65236000,"HOLDER_PROFIT_QOQ_SQ":34.53373967879,"ROE_AVG_SQ":9.835704711748,"PE_TTM_SQ":3.796186551096,"PB_TTM_SQ":0.339310516902,"ROA_SQ":4.985517879114,"START_DATE":"2022-01-01 00:00:00","FISCAL_YEAR":"12-31","CURRENCY":"HKD","IS_CNY_CODE":0,"DPS_HKD_LY":0.0677,"ORG_TYPE":"一般企业","PREMIUM_INCOME":null,"PREMIUM_INCOME_YOY":null,"NET_INTEREST_INCOME":null,"NET_INTEREST_INCOME_YOY":null,"FEE_COMMISSION_INCOME":null,"FEE_COMMISSION_INCOME_YOY":null,"ACCOUNTS_RECE_TDAYS":1.204640578385,"INVENTORY_TDAYS":499.835847917924,"CURRENT_ASSETS_TDAYS":0.518045040962,"TOTAL_ASSETS_TDAYS":0.406977839184,"PREMIUM_EXPENSE":null,"LOAN_DEPOSIT":null,"LOAN_EQUITY":null,"LOAN_ASSETS":null,"DEPOSIT_EQUITY":null,"DEPOSIT_ASSETS":null,"EQUITY_MULTIPLIER":2.094727993793,"EQUITY_RATIO":1.166957691929},{"SECUCODE":"02107.HK","SECURITY_CODE":"02107","SECURITY_NAME_ABBR":"第一服务控股","ORG_CODE":"10000098356","STD_REPORT_DATE":"2021-12-31 00:00:00","REPORT_DATE":"2021-12-31 00:00:00","DATE_TYPE_CODE":"001","REPORT_TYPE":"2021年年报","PER_NETCASH_OPERATE":0.001237,"PER_OI":1.119869,"BPS":0.504333860759,"BASIC_EPS":0.0356,"DILUTED_EPS":0.0356,"OPERATE_INCOME":1119869000,"OPERATE_INCOME_YOY":44.4308308195,"GROSS_PROFIT":335363000,"GROSS_PROFIT_YOY":25.364659265074,"HOLDER_PROFIT":35466000,"HOLDER_PROFIT_YOY":-61.6919238289,"GROSS_PROFIT_RATIO":29.946627685917,"EPS_TTM":0.035466,"OPERATE_INCOME_QOQ":17.919302173023,"NET_PROFIT_RATIO":3.0011545993,"ROE_AVG":5.497177089671,"GROSS_PROFIT_QOQ":3.080460194073,"ROA":2.760155728631,"HOLDER_PROFIT_QOQ":-72.200318239181,"ROE_YEARLY":5.497177089671,"ROIC_YEARLY":5.516724310779,"TOTAL_ASSETS":1357874000,"TOTAL_LIABILITIES":684354000,"TAX_EBT":14.463504021175,"OCF_SALES":0.11045934837,"TOTAL_PARENT_EQUITY":637478000,"DEBT_ASSET_RATIO":50.3989324488,"OPERATE_PROFIT":40277000,"PRETAX_PROFIT":39292000,"NETCASH_OPERATE":1237000,"NETCASH_INVEST":-192099000,"NETCASH_FINANCE":-39645000,"END_CASH":495826000,"DIVI_RATIO":0.843209270851,"DIVIDEND_RATE":11.186440677966,"CURRENT_RATIO":1.666304669606,"COMMON_ACS":250000000000,"CURRENTDEBT_DEBT":93.783334356196,"ISSUED_COMMON_SHARES":1264000000,"HK_COMMON_SHARES":1264000000,"PER_SHARES":2500,"TOTAL_MARKET_CAP":372880000,"HKSK_MARKET_CAP":372880000,"PE_TTM":5.845897256533,"PB_TTM":0.517543612828,"REPORT_DATE_SQ":"2020-12-31 00:00:00","REPORT_TYPE_SQ":"2020年年报","OPERATE_INCOME_SQ":775367000,"DPS_HKD":0.033,"OPERATE_INCOME_QOQ_SQ":23.551295945598,"NET_PROFIT_RATIO_SQ":13.1965706097,"HOLDER_PROFIT_SQ":92581000,"HOLDER_PROFIT_QOQ_SQ":22.686107589205,"ROE_AVG_SQ":21.146748789674,"PE_TTM_SQ":3.796186551096,"PB_TTM_SQ":0.339310516902,"ROA_SQ":9.815548954053,"START_DATE":"2021-01-01 00:00:00","FISCAL_YEAR":"12-31","CURRENCY":"HKD","IS_CNY_CODE":0,"DPS_HKD_LY":0.0397,"ORG_TYPE":"一般企业","PREMIUM_INCOME":null,"PREMIUM_INCOME_YOY":null,"NET_INTEREST_INCOME":null,"NET_INTEREST_INCOME_YOY":null,"FEE_COMMISSION_INCOME":null,"FEE_COMMISSION_INCOME_YOY":null,"ACCOUNTS_RECE_TDAYS":3.059032577045,"INVENTORY_TDAYS":975.753731343284,"CURRENT_ASSETS_TDAYS":1.004431225859,"TOTAL_ASSETS_TDAYS":0.871542557849,"PREMIUM_EXPENSE":null,"LOAN_DEPOSIT":null,"LOAN_EQUITY":null,"LOAN_ASSETS":null,"DEPOSIT_EQUITY":null,"DEPOSIT_ASSETS":null,"EQUITY_MULTIPLIER":2.016085639624,"EQUITY_RATIO":1.073533518019},{"SECUCODE":"02107.HK","SECURITY_CODE":"02107","SECURITY_NAME_ABBR":"第一服务控股","ORG_CODE":"10000098356","STD_REPORT_DATE":"2021-06-30 00:00:00","REPORT_DATE":"2021-06-30 00:00:00","DATE_TYPE_CODE":"002","REPORT_TYPE":"2021年中报","PER_NETCASH_OPERATE":0.00077,"PER_OI":0.508764,"BPS":0.532956487342,"BASIC_EPS":0.0653,"DILUTED_EPS":0.0653,"OPERATE_INCOME":508764000,"OPERATE_INCOME_YOY":53.7645977901,"GROSS_PROFIT":170842000,"GROSS_PROFIT_YOY":51.395276706988,"HOLDER_PROFIT":65236000,"HOLDER_PROFIT_YOY":100.8002954937,"GROSS_PROFIT_RATIO":33.579813037086,"EPS_TTM":0.127577,"OPERATE_INCOME_QOQ":23.049006282724,"NET_PROFIT_RATIO":14.1033956805,"ROE_AVG":9.835704711748,"GROSS_PROFIT_QOQ":21.693772817045,"ROA":4.985517879114,"HOLDER_PROFIT_QOQ":34.53373967879,"ROE_YEARLY":19.671409423497,"ROIC_YEARLY":20.470964609011,"TOTAL_ASSETS":1405039000,"TOTAL_LIABILITIES":689757000,"TAX_EBT":23.039878156038,"OCF_SALES":0.151347186515,"TOTAL_PARENT_EQUITY":673657000,"DEBT_ASSET_RATIO":49.0916622243,"OPERATE_PROFIT":93552000,"PRETAX_PROFIT":93234000,"NETCASH_OPERATE":770000,"NETCASH_INVEST":-176250000,"NETCASH_FINANCE":-5400000,"END_CASH":548468000,"DIVI_RATIO":0.234409493874,"DIVIDEND_RATE":11.186440677966,"CURRENT_RATIO":1.742692938991,"COMMON_ACS":250000000000,"CURRENTDEBT_DEBT":93.892051838546,"ISSUED_COMMON_SHARES":1264000000,"HK_COMMON_SHARES":1264000000,"PER_SHARES":2500,"TOTAL_MARKET_CAP":372880000,"HKSK_MARKET_CAP":372880000,"PE_TTM":5.845897256533,"PB_TTM":0.517543612828,"REPORT_DATE_SQ":"2020-06-30 00:00:00","REPORT_TYPE_SQ":"2020年中报","OPERATE_INCOME_SQ":330872000,"DPS_HKD":0.033,"OPERATE_INCOME_QOQ_SQ":0,"NET_PROFIT_RATIO_SQ":10.3375323388,"HOLDER_PROFIT_SQ":32488000,"HOLDER_PROFIT_QOQ_SQ":0,"ROE_AVG_SQ":null,"PE_TTM_SQ":3.796186551096,"PB_TTM_SQ":0.339310516902,"ROA_SQ":null,"START_DATE":"2021-01-01 00:00:00","FISCAL_YEAR":"12-31","CURRENCY":"HKD","IS_CNY_CODE":0,"DPS_HKD_LY":0.0397,"ORG_TYPE":"一般企业","PREMIUM_INCOME":null,"PREMIUM_INCOME_YOY":null,"NET_INTEREST_INCOME":null,"NET_INTEREST_INCOME_YOY":null,"FEE_COMMISSION_INCOME":null,"FEE_COMMISSION_INCOME_YOY":null,"ACCOUNTS_RECE_TDAYS":1.376183417548,"INVENTORY_TDAYS":425.059119496855,"CURRENT_ASSETS_TDAYS":0.444525410645,"TOTAL_ASSETS_TDAYS":0.388811701859,"PREMIUM_EXPENSE":null,"LOAN_DEPOSIT":null,"LOAN_EQUITY":null,"LOAN_ASSETS":null,"DEPOSIT_EQUITY":null,"DEPOSIT_ASSETS":null,"EQUITY_MULTIPLIER":1.964314773753,"EQUITY_RATIO":1.023899402812},{"SECUCODE":"02107.HK","SECURITY_CODE":"02107","SECURITY_NAME_ABBR":"第一服务控股","ORG_CODE":"10000098356","STD_REPORT_DATE":"2020-12-31 00:00:00","REPORT_DATE":"2020-12-31 00:00:00","DATE_TYPE_CODE":"001","REPORT_TYPE":"2020年年报","PER_NETCASH_OPERATE":0.084643,"PER_OI":0.775367,"BPS":0.51720806962,"BASIC_EPS":0.1159,"DILUTED_EPS":0.1159,"OPERATE_INCOME":775367000,"OPERATE_INCOME_YOY":23.5512959456,"GROSS_PROFIT":267510000,"GROSS_PROFIT_YOY":22.988014289064,"HOLDER_PROFIT":92581000,"HOLDER_PROFIT_YOY":22.6861075892,"GROSS_PROFIT_RATIO":34.639070535204,"EPS_TTM":0.094829,"OPERATE_INCOME_QOQ":23.551295945598,"NET_PROFIT_RATIO":13.1965706097,"ROE_AVG":21.146748789674,"GROSS_PROFIT_QOQ":22.911695607998,"ROA":9.815548954053,"HOLDER_PROFIT_QOQ":22.686107589205,"ROE_YEARLY":21.146748789674,"ROIC_YEARLY":21.399452765789,"TOTAL_ASSETS":1213754000,"TOTAL_LIABILITIES":540339000,"TAX_EBT":18.138109014399,"OCF_SALES":10.96697456203,"TOTAL_PARENT_EQUITY":652857000,"DEBT_ASSET_RATIO":44.3630716983,"OPERATE_PROFIT":132786000,"PRETAX_PROFIT":121672000,"NETCASH_OPERATE":85939000,"NETCASH_INVEST":134430000,"NETCASH_FINANCE":256730000,"END_CASH":734040000,"DIVI_RATIO":0.315359858271,"DIVIDEND_RATE":11.186440677966,"CURRENT_RATIO":2.162205572439,"COMMON_ACS":250000000000,"CURRENTDEBT_DEBT":99.815856342037,"ISSUED_COMMON_SHARES":1264000000,"HK_COMMON_SHARES":1264000000,"PER_SHARES":2500,"TOTAL_MARKET_CAP":372880000,"HKSK_MARKET_CAP":372880000,"PE_TTM":5.845897256533,"PB_TTM":0.517543612828,"REPORT_DATE_SQ":"2019-12-31 00:00:00","REPORT_TYPE_SQ":"2019年年报","OPERATE_INCOME_SQ":624679000,"DPS_HKD":0.033,"OPERATE_INCOME_QOQ_SQ":26.062547045493,"NET_PROFIT_RATIO_SQ":13.424814985,"HOLDER_PROFIT_SQ":77294000,"HOLDER_PROFIT_QOQ_SQ":51.94118456488,"ROE_AVG_SQ":27.564293445216,"PE_TTM_SQ":3.796186551096,"PB_TTM_SQ":0.339310516902,"ROA_SQ":11.058065789869,"START_DATE":"2020-01-01 00:00:00","FISCAL_YEAR":"12-31","CURRENCY":"HKD","IS_CNY_CODE":0,"DPS_HKD_LY":null,"ORG_TYPE":"一般企业","PREMIUM_INCOME":null,"PREMIUM_INCOME_YOY":null,"NET_INTEREST_INCOME":null,"NET_INTEREST_INCOME_YOY":null,"FEE_COMMISSION_INCOME":null,"FEE_COMMISSION_INCOME_YOY":null,"ACCOUNTS_RECE_TDAYS":3.157501012976,"INVENTORY_TDAYS":577.179633867277,"CURRENT_ASSETS_TDAYS":0.843365291944,"TOTAL_ASSETS_TDAYS":0.798872799164,"PREMIUM_EXPENSE":null,"LOAN_DEPOSIT":null,"LOAN_EQUITY":null,"LOAN_ASSETS":null,"DEPOSIT_EQUITY":null,"DEPOSIT_ASSETS":null,"EQUITY_MULTIPLIER":1.79736737905,"EQUITY_RATIO":0.827652916335},{"SECUCODE":"02107.HK","SECURITY_CODE":"02107","SECURITY_NAME_ABBR":"第一服务控股","ORG_CODE":"10000098356","STD_REPORT_DATE":"2020-06-30 00:00:00","REPORT_DATE":"2020-06-30 00:00:00","DATE_TYPE_CODE":"002","REPORT_TYPE":"2020年中报","PER_NETCASH_OPERATE":null,"PER_OI":null,"BPS":null,"BASIC_EPS":0.0433,"DILUTED_EPS":0.0433,"OPERATE_INCOME":330872000,"OPERATE_INCOME_YOY":null,"GROSS_PROFIT":112845000,"GROSS_PROFIT_YOY":null,"HOLDER_PROFIT":32488000,"HOLDER_PROFIT_YOY":null,"GROSS_PROFIT_RATIO":34.105333784666,"EPS_TTM":null,"OPERATE_INCOME_QOQ":0,"NET_PROFIT_RATIO":10.3375323388,"ROE_AVG":null,"GROSS_PROFIT_QOQ":0,"ROA":null,"HOLDER_PROFIT_QOQ":0,"ROE_YEARLY":null,"ROIC_YEARLY":null,"TOTAL_ASSETS":null,"TOTAL_LIABILITIES":null,"TAX_EBT":26.115695338489,"OCF_SALES":-3.351447085278,"TOTAL_PARENT_EQUITY":null,"DEBT_ASSET_RATIO":null,"OPERATE_PROFIT":46243000,"PRETAX_PROFIT":46294000,"NETCASH_OPERATE":-11089000,"NETCASH_INVEST":120484000,"NETCASH_FINANCE":-129108000,"END_CASH":241357000,"DIVI_RATIO":null,"DIVIDEND_RATE":11.186440677966,"CURRENT_RATIO":null,"COMMON_ACS":250000000000,"CURRENTDEBT_DEBT":null,"ISSUED_COMMON_SHARES":1264000000,"HK_COMMON_SHARES":1264000000,"PER_SHARES":2500,"TOTAL_MARKET_CAP":372880000,"HKSK_MARKET_CAP":372880000,"PE_TTM":5.845897256533,"PB_TTM":0.517543612828,"REPORT_DATE_SQ":"2019-06-30 00:00:00","REPORT_TYPE_SQ":"2019年中报","OPERATE_INCOME_SQ":null,"DPS_HKD":0.033,"OPERATE_INCOME_QOQ_SQ":0,"NET_PROFIT_RATIO_SQ":null,"HOLDER_PROFIT_SQ":null,"HOLDER_PROFIT_QOQ_SQ":0,"ROE_AVG_SQ":null,"PE_TTM_SQ":3.796186551096,"PB_TTM_SQ":0.339310516902,"ROA_SQ":null,"START_DATE":"2020-01-01 00:00:00","FISCAL_YEAR":"12-31","CURRENCY":"HKD","IS_CNY_CODE":0,"DPS_HKD_LY":null,"ORG_TYPE":"一般企业","PREMIUM_INCOME":null,"PREMIUM_INCOME_YOY":null,"NET_INTEREST_INCOME":null,"NET_INTEREST_INCOME_YOY":null,"FEE_COMMISSION_INCOME":null,"FEE_COMMISSION_INCOME_YOY":null,"ACCOUNTS_RECE_TDAYS":null,"INVENTORY_TDAYS":null,"CURRENT_ASSETS_TDAYS":0.987857490468,"TOTAL_ASSETS_TDAYS":0.918783903676,"PREMIUM_EXPENSE":null,"LOAN_DEPOSIT":null,"LOAN_EQUITY":null,"LOAN_ASSETS":null,"DEPOSIT_EQUITY":null,"DEPOSIT_ASSETS":null,"EQUITY_MULTIPLIER":null,"EQUITY_RATIO":null}],"count":12},"success":true,"message":"ok","code":0}