{"version":"cbbd0d332e7e30eb306d67ff1c5f91b2","result":{"pages":2,"data":[{"SECUCODE":"02115.HK","SECURITY_CODE":"02115","SECURITY_NAME_ABBR":"捷芯隆","ORG_CODE":"10000048908","STD_REPORT_DATE":"2024-06-30 00:00:00","REPORT_DATE":"2024-06-30 00:00:00","DATE_TYPE_CODE":"002","REPORT_TYPE":"2024年中报","PER_NETCASH_OPERATE":-0.002935,"PER_OI":0.126045714286,"BPS":0.239764285714,"BASIC_EPS":0.0156,"DILUTED_EPS":0.0156,"OPERATE_INCOME":176464000,"OPERATE_INCOME_YOY":22.4109824705,"GROSS_PROFIT":45830000,"GROSS_PROFIT_YOY":-11.140840701101,"HOLDER_PROFIT":21868000,"HOLDER_PROFIT_YOY":-29.0460739779,"GROSS_PROFIT_RATIO":25.971302928643,"EPS_TTM":0.032612142857,"OPERATE_INCOME_QOQ":9.060493030821,"NET_PROFIT_RATIO":12.4574984133,"ROE_AVG":6.656479626935,"GROSS_PROFIT_QOQ":-5.087612116061,"ROA":4.257323967792,"HOLDER_PROFIT_QOQ":-16.392902268857,"ROE_YEARLY":13.31295925387,"ROIC_YEARLY":11.37588191306,"TOTAL_ASSETS":528940000,"TOTAL_LIABILITIES":193270000,"TAX_EBT":16.979493183277,"OCF_SALES":-2.328520264757,"TOTAL_PARENT_EQUITY":335670000,"DEBT_ASSET_RATIO":36.5391159678,"OPERATE_PROFIT":27341000,"PRETAX_PROFIT":26479000,"NETCASH_OPERATE":-4109000,"NETCASH_INVEST":-7240000,"NETCASH_FINANCE":517000,"END_CASH":123153000,"DIVI_RATIO":0.270413325448,"DIVIDEND_RATE":3.911290322581,"CURRENT_RATIO":2.339167587633,"COMMON_ACS":10000000000,"CURRENTDEBT_DEBT":97.849122988565,"ISSUED_COMMON_SHARES":1400000000,"HK_COMMON_SHARES":1400000000,"PER_SHARES":10000,"TOTAL_MARKET_CAP":347200000,"HKSK_MARKET_CAP":347200000,"PE_TTM":6.835675081657,"PB_TTM":0.94402983883,"REPORT_DATE_SQ":"2023-06-30 00:00:00","REPORT_TYPE_SQ":"2023年中报","OPERATE_INCOME_SQ":144157000,"DPS_HKD":0.0097,"OPERATE_INCOME_QOQ_SQ":-23.830272603352,"NET_PROFIT_RATIO_SQ":21.5057194586,"HOLDER_PROFIT_SQ":30820000,"HOLDER_PROFIT_QOQ_SQ":-11.568274297912,"ROE_AVG_SQ":10.311123601332,"PE_TTM_SQ":3.954423548689,"PB_TTM_SQ":0.84528275552,"ROA_SQ":6.709363938366,"START_DATE":"2024-01-01 00:00:00","FISCAL_YEAR":"12-31","CURRENCY":"HKD","IS_CNY_CODE":0,"DPS_HKD_LY":0.0097,"ORG_TYPE":"一般企业","PREMIUM_INCOME":null,"PREMIUM_INCOME_YOY":null,"NET_INTEREST_INCOME":null,"NET_INTEREST_INCOME_YOY":null,"FEE_COMMISSION_INCOME":null,"FEE_COMMISSION_INCOME_YOY":null,"ACCOUNTS_RECE_TDAYS":1.895648250599,"INVENTORY_TDAYS":2.510261337433,"CURRENT_ASSETS_TDAYS":0.412429154056,"TOTAL_ASSETS_TDAYS":0.343545096329,"PREMIUM_EXPENSE":null,"LOAN_DEPOSIT":null,"LOAN_EQUITY":null,"LOAN_ASSETS":null,"DEPOSIT_EQUITY":null,"DEPOSIT_ASSETS":null,"EQUITY_MULTIPLIER":1.575773825484,"EQUITY_RATIO":0.575773825483},{"SECUCODE":"02115.HK","SECURITY_CODE":"02115","SECURITY_NAME_ABBR":"捷芯隆","ORG_CODE":"10000048908","STD_REPORT_DATE":"2023-12-31 00:00:00","REPORT_DATE":"2023-12-31 00:00:00","DATE_TYPE_CODE":"001","REPORT_TYPE":"2023年年报","PER_NETCASH_OPERATE":0.004219285714,"PER_OI":0.254692857143,"BPS":0.229552857143,"BASIC_EPS":0.039,"DILUTED_EPS":0.039,"OPERATE_INCOME":356570000,"OPERATE_INCOME_YOY":-22.9715688032,"GROSS_PROFIT":112941000,"GROSS_PROFIT_YOY":-24.503165170425,"HOLDER_PROFIT":54609000,"HOLDER_PROFIT_YOY":-27.1442865719,"GROSS_PROFIT_RATIO":31.674285554029,"EPS_TTM":0.039006428571,"OPERATE_INCOME_QOQ":1.127355748096,"NET_PROFIT_RATIO":15.3851978574,"ROE_AVG":17.839024438049,"GROSS_PROFIT_QOQ":-9.43927256982,"ROA":11.312909921817,"HOLDER_PROFIT_QOQ":-17.613602075916,"ROE_YEARLY":17.839024438049,"ROIC_YEARLY":16.326219443834,"TOTAL_ASSETS":498372000,"TOTAL_LIABILITIES":176136000,"TAX_EBT":20.475762495651,"OCF_SALES":1.656617214011,"TOTAL_PARENT_EQUITY":321374000,"DEBT_ASSET_RATIO":35.3422744456,"OPERATE_PROFIT":70141000,"PRETAX_PROFIT":68984000,"NETCASH_OPERATE":5907000,"NETCASH_INVEST":224000,"NETCASH_FINANCE":-31299000,"END_CASH":134372000,"DIVI_RATIO":0.226084733286,"DIVIDEND_RATE":4.02489626556,"CURRENT_RATIO":2.428989475787,"COMMON_ACS":10000000000,"CURRENTDEBT_DEBT":96.617954308035,"ISSUED_COMMON_SHARES":1400000000,"HK_COMMON_SHARES":1400000000,"PER_SHARES":10000,"TOTAL_MARKET_CAP":337400000,"HKSK_MARKET_CAP":337400000,"PE_TTM":6.642732639836,"PB_TTM":0.917383835314,"REPORT_DATE_SQ":"2022-12-31 00:00:00","REPORT_TYPE_SQ":"2022年年报","OPERATE_INCOME_SQ":462907000,"DPS_HKD":0.0097,"OPERATE_INCOME_QOQ_SQ":9.492778647694,"NET_PROFIT_RATIO_SQ":16.2905291992,"HOLDER_PROFIT_SQ":74955000,"HOLDER_PROFIT_QOQ_SQ":16.19489055621,"ROE_AVG_SQ":29.04624613453,"PE_TTM_SQ":4.603657265637,"PB_TTM_SQ":0.984060521352,"ROA_SQ":17.411635167531,"START_DATE":"2023-01-01 00:00:00","FISCAL_YEAR":"12-31","CURRENCY":"HKD","IS_CNY_CODE":0,"DPS_HKD_LY":0.0145,"ORG_TYPE":"一般企业","PREMIUM_INCOME":null,"PREMIUM_INCOME_YOY":null,"NET_INTEREST_INCOME":null,"NET_INTEREST_INCOME_YOY":null,"FEE_COMMISSION_INCOME":null,"FEE_COMMISSION_INCOME_YOY":null,"ACCOUNTS_RECE_TDAYS":4.185118457268,"INVENTORY_TDAYS":5.518898163984,"CURRENT_ASSETS_TDAYS":0.89078697383,"TOTAL_ASSETS_TDAYS":0.738677560626,"PREMIUM_EXPENSE":null,"LOAN_DEPOSIT":null,"LOAN_EQUITY":null,"LOAN_ASSETS":null,"DEPOSIT_EQUITY":null,"DEPOSIT_ASSETS":null,"EQUITY_MULTIPLIER":1.546605593416,"EQUITY_RATIO":0.548071717065},{"SECUCODE":"02115.HK","SECURITY_CODE":"02115","SECURITY_NAME_ABBR":"捷芯隆","ORG_CODE":"10000048908","STD_REPORT_DATE":"2023-06-30 00:00:00","REPORT_DATE":"2023-06-30 00:00:00","DATE_TYPE_CODE":"002","REPORT_TYPE":"2023年中报","PER_NETCASH_OPERATE":-0.002896428571,"PER_OI":0.102969285714,"BPS":0.219237857143,"BASIC_EPS":0.022,"DILUTED_EPS":0.022,"OPERATE_INCOME":144157000,"OPERATE_INCOME_YOY":-43.3498775882,"GROSS_PROFIT":51576000,"GROSS_PROFIT_YOY":-32.545121632226,"HOLDER_PROFIT":30820000,"HOLDER_PROFIT_YOY":-21.9569015725,"GROSS_PROFIT_RATIO":35.777659080031,"EPS_TTM":0.047345714286,"OPERATE_INCOME_QOQ":-23.830272603352,"NET_PROFIT_RATIO":21.5057194586,"ROE_AVG":10.311123601332,"GROSS_PROFIT_QOQ":-16.63402340956,"ROA":6.709363938366,"HOLDER_PROFIT_QOQ":-11.568274297912,"ROE_YEARLY":20.622247202664,"ROIC_YEARLY":19.777741057262,"TOTAL_ASSETS":451660000,"TOTAL_LIABILITIES":143408000,"TAX_EBT":21.184695563747,"OCF_SALES":-2.812905374002,"TOTAL_PARENT_EQUITY":306933000,"DEBT_ASSET_RATIO":31.7513173626,"OPERATE_PROFIT":39846000,"PRETAX_PROFIT":39335000,"NETCASH_OPERATE":-4055000,"NETCASH_INVEST":-2755000,"NETCASH_FINANCE":-20526000,"END_CASH":132849000,"DIVI_RATIO":0.18626306801,"DIVIDEND_RATE":4.02489626556,"CURRENT_RATIO":2.657033595425,"COMMON_ACS":10000000000,"CURRENTDEBT_DEBT":97.55383242218,"ISSUED_COMMON_SHARES":1400000000,"HK_COMMON_SHARES":1400000000,"PER_SHARES":10000,"TOTAL_MARKET_CAP":337400000,"HKSK_MARKET_CAP":337400000,"PE_TTM":6.642732639836,"PB_TTM":0.917383835314,"REPORT_DATE_SQ":"2022-06-30 00:00:00","REPORT_TYPE_SQ":"2022年中报","OPERATE_INCOME_SQ":254469000,"DPS_HKD":0.0097,"OPERATE_INCOME_QOQ_SQ":58.01740989501,"NET_PROFIT_RATIO_SQ":15.5378454743,"HOLDER_PROFIT_SQ":39491000,"HOLDER_PROFIT_QOQ_SQ":86.256279956113,"ROE_AVG_SQ":16.358273995187,"PE_TTM_SQ":4.603657265637,"PB_TTM_SQ":0.984060521352,"ROA_SQ":8.91273683379,"START_DATE":"2023-01-01 00:00:00","FISCAL_YEAR":"12-31","CURRENCY":"HKD","IS_CNY_CODE":0,"DPS_HKD_LY":0.0145,"ORG_TYPE":"一般企业","PREMIUM_INCOME":null,"PREMIUM_INCOME_YOY":null,"NET_INTEREST_INCOME":null,"NET_INTEREST_INCOME_YOY":null,"FEE_COMMISSION_INCOME":null,"FEE_COMMISSION_INCOME_YOY":null,"ACCOUNTS_RECE_TDAYS":1.910718191036,"INVENTORY_TDAYS":2.075411636796,"CURRENT_ASSETS_TDAYS":0.379895879588,"TOTAL_ASSETS_TDAYS":0.31382277004,"PREMIUM_EXPENSE":null,"LOAN_DEPOSIT":null,"LOAN_EQUITY":null,"LOAN_ASSETS":null,"DEPOSIT_EQUITY":null,"DEPOSIT_ASSETS":null,"EQUITY_MULTIPLIER":1.46522974709,"EQUITY_RATIO":0.467229004376},{"SECUCODE":"02115.HK","SECURITY_CODE":"02115","SECURITY_NAME_ABBR":"捷芯隆","ORG_CODE":"10000048908","STD_REPORT_DATE":"2022-12-31 00:00:00","REPORT_DATE":"2022-12-31 00:00:00","DATE_TYPE_CODE":"001","REPORT_TYPE":"2022年年报","PER_NETCASH_OPERATE":0.051470714286,"PER_OI":0.330647857143,"BPS":0.207762857143,"BASIC_EPS":0.0535,"DILUTED_EPS":0.0535,"OPERATE_INCOME":462907000,"OPERATE_INCOME_YOY":73.0176528412,"GROSS_PROFIT":149597000,"GROSS_PROFIT_YOY":56.963287061811,"HOLDER_PROFIT":74955000,"HOLDER_PROFIT_YOY":116.4202806491,"GROSS_PROFIT_RATIO":32.316858461851,"EPS_TTM":0.053539285714,"OPERATE_INCOME_QOQ":9.492778647694,"NET_PROFIT_RATIO":16.2905291992,"ROE_AVG":29.04624613453,"GROSS_PROFIT_QOQ":7.784254249134,"ROA":17.411635167531,"HOLDER_PROFIT_QOQ":16.19489055621,"ROE_YEARLY":29.04624613453,"ROIC_YEARLY":25.468822735906,"TOTAL_ASSETS":467056000,"TOTAL_LIABILITIES":175051000,"TAX_EBT":19.499983987532,"OCF_SALES":15.566625693714,"TOTAL_PARENT_EQUITY":290868000,"DEBT_ASSET_RATIO":37.4796598267,"OPERATE_PROFIT":96407000,"PRETAX_PROFIT":93677000,"NETCASH_OPERATE":72059000,"NETCASH_INVEST":485000,"NETCASH_FINANCE":-24879000,"END_CASH":160084000,"DIVI_RATIO":0.164715645387,"DIVIDEND_RATE":4.02489626556,"CURRENT_RATIO":2.260539082614,"COMMON_ACS":10000000000,"CURRENTDEBT_DEBT":97.852054544104,"ISSUED_COMMON_SHARES":1400000000,"HK_COMMON_SHARES":1400000000,"PER_SHARES":10000,"TOTAL_MARKET_CAP":337400000,"HKSK_MARKET_CAP":337400000,"PE_TTM":6.642732639836,"PB_TTM":0.917383835314,"REPORT_DATE_SQ":"2021-12-31 00:00:00","REPORT_TYPE_SQ":"2021年年报","OPERATE_INCOME_SQ":267549000,"DPS_HKD":0.0097,"OPERATE_INCOME_QOQ_SQ":9.257187193728,"NET_PROFIT_RATIO_SQ":12.9673442995,"HOLDER_PROFIT_SQ":34634000,"HOLDER_PROFIT_QOQ_SQ":90.673860383176,"ROE_AVG_SQ":16.02528213362,"PE_TTM_SQ":4.603657265637,"PB_TTM_SQ":0.984060521352,"ROA_SQ":9.908961381544,"START_DATE":"2022-01-01 00:00:00","FISCAL_YEAR":"12-31","CURRENCY":"HKD","IS_CNY_CODE":0,"DPS_HKD_LY":0.0138,"ORG_TYPE":"一般企业","PREMIUM_INCOME":null,"PREMIUM_INCOME_YOY":null,"NET_INTEREST_INCOME":null,"NET_INTEREST_INCOME_YOY":null,"FEE_COMMISSION_INCOME":null,"FEE_COMMISSION_INCOME_YOY":null,"ACCOUNTS_RECE_TDAYS":5.429166226851,"INVENTORY_TDAYS":8.643511366144,"CURRENT_ASSETS_TDAYS":1.320339306954,"TOTAL_ASSETS_TDAYS":1.075307557934,"PREMIUM_EXPENSE":null,"LOAN_DEPOSIT":null,"LOAN_EQUITY":null,"LOAN_ASSETS":null,"DEPOSIT_EQUITY":null,"DEPOSIT_ASSETS":null,"EQUITY_MULTIPLIER":1.599479460969,"EQUITY_RATIO":0.601822819973},{"SECUCODE":"02115.HK","SECURITY_CODE":"02115","SECURITY_NAME_ABBR":"捷芯隆","ORG_CODE":"10000048908","STD_REPORT_DATE":"2022-06-30 00:00:00","REPORT_DATE":"2022-06-30 00:00:00","DATE_TYPE_CODE":"002","REPORT_TYPE":"2022年中报","PER_NETCASH_OPERATE":0.008640714286,"PER_OI":0.181763571429,"BPS":0.18399,"BASIC_EPS":0.0282,"DILUTED_EPS":0.0282,"OPERATE_INCOME":254469000,"OPERATE_INCOME_YOY":156.4074402483,"GROSS_PROFIT":76460000,"GROSS_PROFIT_YOY":131.879662764602,"HOLDER_PROFIT":39491000,"HOLDER_PROFIT_YOY":310.6374129146,"GROSS_PROFIT_RATIO":30.046881938468,"EPS_TTM":0.046077142857,"OPERATE_INCOME_QOQ":58.01740989501,"NET_PROFIT_RATIO":15.5378454743,"ROE_AVG":16.358273995187,"GROSS_PROFIT_QOQ":45.627288656657,"ROA":8.91273683379,"HOLDER_PROFIT_QOQ":86.256279956113,"ROE_YEARLY":32.716547990373,"ROIC_YEARLY":24.125775866282,"TOTAL_ASSETS":492250000,"TOTAL_LIABILITIES":233999000,"TAX_EBT":24.154533770693,"OCF_SALES":4.753820701146,"TOTAL_PARENT_EQUITY":257586000,"DEBT_ASSET_RATIO":47.5366175724,"OPERATE_PROFIT":53364000,"PRETAX_PROFIT":52131000,"NETCASH_OPERATE":12097000,"NETCASH_INVEST":-1066000,"NETCASH_FINANCE":-3891000,"END_CASH":119600000,"DIVI_RATIO":0.191391163887,"DIVIDEND_RATE":4.02489626556,"CURRENT_RATIO":1.791396019313,"COMMON_ACS":10000000000,"CURRENTDEBT_DEBT":98.424352240822,"ISSUED_COMMON_SHARES":1400000000,"HK_COMMON_SHARES":1400000000,"PER_SHARES":10000,"TOTAL_MARKET_CAP":337400000,"HKSK_MARKET_CAP":337400000,"PE_TTM":6.642732639836,"PB_TTM":0.917383835314,"REPORT_DATE_SQ":"2021-06-30 00:00:00","REPORT_TYPE_SQ":"2021年中报","OPERATE_INCOME_SQ":99244000,"DPS_HKD":0.0097,"OPERATE_INCOME_QOQ_SQ":20.257920040859,"NET_PROFIT_RATIO_SQ":9.7607915844,"HOLDER_PROFIT_SQ":9617000,"HOLDER_PROFIT_QOQ_SQ":72.612372897463,"ROE_AVG_SQ":4.643291681956,"PE_TTM_SQ":4.603657265637,"PB_TTM_SQ":0.984060521352,"ROA_SQ":3.262770589942,"START_DATE":"2022-01-01 00:00:00","FISCAL_YEAR":"12-31","CURRENCY":"HKD","IS_CNY_CODE":0,"DPS_HKD_LY":0.0138,"ORG_TYPE":"一般企业","PREMIUM_INCOME":null,"PREMIUM_INCOME_YOY":null,"NET_INTEREST_INCOME":null,"NET_INTEREST_INCOME_YOY":null,"FEE_COMMISSION_INCOME":null,"FEE_COMMISSION_INCOME_YOY":null,"ACCOUNTS_RECE_TDAYS":2.520967693999,"INVENTORY_TDAYS":4.985059579652,"CURRENT_ASSETS_TDAYS":0.700472360315,"TOTAL_ASSETS_TDAYS":0.574311926606,"PREMIUM_EXPENSE":null,"LOAN_DEPOSIT":null,"LOAN_EQUITY":null,"LOAN_ASSETS":null,"DEPOSIT_EQUITY":null,"DEPOSIT_ASSETS":null,"EQUITY_MULTIPLIER":1.906091360731,"EQUITY_RATIO":0.908430582407},{"SECUCODE":"02115.HK","SECURITY_CODE":"02115","SECURITY_NAME_ABBR":"捷芯隆","ORG_CODE":"10000048908","STD_REPORT_DATE":"2021-12-31 00:00:00","REPORT_DATE":"2021-12-31 00:00:00","DATE_TYPE_CODE":"001","REPORT_TYPE":"2021年年报","PER_NETCASH_OPERATE":0.006525714286,"PER_OI":0.191106428571,"BPS":0.160885714286,"BASIC_EPS":0.0247,"DILUTED_EPS":0.0247,"OPERATE_INCOME":267549000,"OPERATE_INCOME_YOY":31.3904208143,"GROSS_PROFIT":95307000,"GROSS_PROFIT_YOY":32.068177094159,"HOLDER_PROFIT":34634000,"HOLDER_PROFIT_YOY":229.1266749026,"GROSS_PROFIT_RATIO":35.622259847729,"EPS_TTM":0.024738571429,"OPERATE_INCOME_QOQ":9.257187193728,"NET_PROFIT_RATIO":12.9673442995,"ROE_AVG":16.02528213362,"GROSS_PROFIT_QOQ":14.771016726677,"ROA":9.908961381544,"HOLDER_PROFIT_QOQ":90.673860383176,"ROE_YEARLY":16.02528213362,"ROIC_YEARLY":14.780294931623,"TOTAL_ASSETS":393920000,"TOTAL_LIABILITIES":168063000,"TAX_EBT":19.919675006925,"OCF_SALES":3.414701606061,"TOTAL_PARENT_EQUITY":225240000,"DEBT_ASSET_RATIO":42.6642465475,"OPERATE_PROFIT":44021000,"PRETAX_PROFIT":43324000,"NETCASH_OPERATE":9136000,"NETCASH_INVEST":-44845000,"NETCASH_FINANCE":30244000,"END_CASH":110259000,"DIVI_RATIO":0.35647806202,"DIVIDEND_RATE":4.02489626556,"CURRENT_RATIO":1.903983409032,"COMMON_ACS":10000000000,"CURRENTDEBT_DEBT":98.123322801569,"ISSUED_COMMON_SHARES":1400000000,"HK_COMMON_SHARES":1400000000,"PER_SHARES":10000,"TOTAL_MARKET_CAP":337400000,"HKSK_MARKET_CAP":337400000,"PE_TTM":6.642732639836,"PB_TTM":0.917383835314,"REPORT_DATE_SQ":"2020-12-31 00:00:00","REPORT_TYPE_SQ":"2020年年报","OPERATE_INCOME_SQ":203629000,"DPS_HKD":0.0097,"OPERATE_INCOME_QOQ_SQ":11.163943465135,"NET_PROFIT_RATIO_SQ":5.2055453791,"HOLDER_PROFIT_SQ":10523000,"HOLDER_PROFIT_QOQ_SQ":-22.573762048414,"ROE_AVG_SQ":6.043411716397,"PE_TTM_SQ":4.603657265637,"PB_TTM_SQ":0.984060521352,"ROA_SQ":4.042021971268,"START_DATE":"2021-01-01 00:00:00","FISCAL_YEAR":"12-31","CURRENCY":"HKD","IS_CNY_CODE":0,"DPS_HKD_LY":0.0064,"ORG_TYPE":"一般企业","PREMIUM_INCOME":null,"PREMIUM_INCOME_YOY":null,"NET_INTEREST_INCOME":null,"NET_INTEREST_INCOME_YOY":null,"FEE_COMMISSION_INCOME":null,"FEE_COMMISSION_INCOME_YOY":null,"ACCOUNTS_RECE_TDAYS":3.24933962436,"INVENTORY_TDAYS":6.532483786551,"CURRENT_ASSETS_TDAYS":0.917670059423,"TOTAL_ASSETS_TDAYS":0.765471129142,"PREMIUM_EXPENSE":null,"LOAN_DEPOSIT":null,"LOAN_EQUITY":null,"LOAN_ASSETS":null,"DEPOSIT_EQUITY":null,"DEPOSIT_ASSETS":null,"EQUITY_MULTIPLIER":1.744112425118,"EQUITY_RATIO":0.746150772509},{"SECUCODE":"02115.HK","SECURITY_CODE":"02115","SECURITY_NAME_ABBR":"捷芯隆","ORG_CODE":"10000048908","STD_REPORT_DATE":"2021-06-30 00:00:00","REPORT_DATE":"2021-06-30 00:00:00","DATE_TYPE_CODE":"002","REPORT_TYPE":"2021年中报","PER_NETCASH_OPERATE":-0.002928571429,"PER_OI":0.070888571429,"BPS":0.148021428571,"BASIC_EPS":0.0069,"DILUTED_EPS":0.0069,"OPERATE_INCOME":99244000,"OPERATE_INCOME_YOY":71.1309985688,"GROSS_PROFIT":32974000,"GROSS_PROFIT_YOY":49.217123721604,"HOLDER_PROFIT":9617000,"HOLDER_PROFIT_YOY":386.6902834008,"GROSS_PROFIT_RATIO":33.225182378784,"EPS_TTM":0.012974285714,"OPERATE_INCOME_QOQ":20.257920040859,"NET_PROFIT_RATIO":9.7607915844,"ROE_AVG":4.643291681956,"GROSS_PROFIT_QOQ":15.071017806416,"ROA":3.262770589942,"HOLDER_PROFIT_QOQ":72.612372897463,"ROE_YEARLY":9.286583363912,"ROIC_YEARLY":10.421825472082,"TOTAL_ASSETS":284375000,"TOTAL_LIABILITIES":76518000,"TAX_EBT":32.51828631139,"OCF_SALES":-4.131232114788,"TOTAL_PARENT_EQUITY":207230000,"DEBT_ASSET_RATIO":26.9074285714,"OPERATE_PROFIT":14687000,"PRETAX_PROFIT":14355000,"NETCASH_OPERATE":-4100000,"NETCASH_INVEST":411000,"NETCASH_FINANCE":-11764000,"END_CASH":100522000,"DIVI_RATIO":0.679710482273,"DIVIDEND_RATE":4.02489626556,"CURRENT_RATIO":3.354942942452,"COMMON_ACS":10000000000,"CURRENTDEBT_DEBT":95.855877048538,"ISSUED_COMMON_SHARES":1400000000,"HK_COMMON_SHARES":1400000000,"PER_SHARES":10000,"TOTAL_MARKET_CAP":337400000,"HKSK_MARKET_CAP":337400000,"PE_TTM":6.642732639836,"PB_TTM":0.917383835314,"REPORT_DATE_SQ":"2020-06-30 00:00:00","REPORT_TYPE_SQ":"2020年中报","OPERATE_INCOME_SQ":57993000,"DPS_HKD":0.0097,"OPERATE_INCOME_QOQ_SQ":-0.751492690961,"NET_PROFIT_RATIO_SQ":3.5297363475,"HOLDER_PROFIT_SQ":1976000,"HOLDER_PROFIT_QOQ_SQ":-6.616737666621,"ROE_AVG_SQ":null,"PE_TTM_SQ":4.603657265637,"PB_TTM_SQ":0.984060521352,"ROA_SQ":null,"START_DATE":"2021-01-01 00:00:00","FISCAL_YEAR":"12-31","CURRENCY":"HKD","IS_CNY_CODE":0,"DPS_HKD_LY":0.0064,"ORG_TYPE":"一般企业","PREMIUM_INCOME":null,"PREMIUM_INCOME_YOY":null,"NET_INTEREST_INCOME":null,"NET_INTEREST_INCOME_YOY":null,"FEE_COMMISSION_INCOME":null,"FEE_COMMISSION_INCOME_YOY":null,"ACCOUNTS_RECE_TDAYS":1.42553038682,"INVENTORY_TDAYS":2.935483156519,"CURRENT_ASSETS_TDAYS":0.385266966358,"TOTAL_ASSETS_TDAYS":0.336706253955,"PREMIUM_EXPENSE":null,"LOAN_DEPOSIT":null,"LOAN_EQUITY":null,"LOAN_ASSETS":null,"DEPOSIT_EQUITY":null,"DEPOSIT_ASSETS":null,"EQUITY_MULTIPLIER":1.36812808806,"EQUITY_RATIO":0.36924190513},{"SECUCODE":"02115.HK","SECURITY_CODE":"02115","SECURITY_NAME_ABBR":"捷芯隆","ORG_CODE":"10000048908","STD_REPORT_DATE":"2020-12-31 00:00:00","REPORT_DATE":"2020-12-31 00:00:00","DATE_TYPE_CODE":"001","REPORT_TYPE":"2020年年报","PER_NETCASH_OPERATE":0.00868,"PER_OI":0.145449285714,"BPS":0.147858571429,"BASIC_EPS":0.0093,"DILUTED_EPS":0.0093,"OPERATE_INCOME":203629000,"OPERATE_INCOME_YOY":-1.2319989911,"GROSS_PROFIT":72165000,"GROSS_PROFIT_YOY":-10.637112253111,"HOLDER_PROFIT":10523000,"HOLDER_PROFIT_YOY":-42.1304443467,"GROSS_PROFIT_RATIO":35.439451158725,"EPS_TTM":0.007516428571,"OPERATE_INCOME_QOQ":11.163943465135,"NET_PROFIT_RATIO":5.2055453791,"ROE_AVG":6.043411716397,"GROSS_PROFIT_QOQ":2.695279702865,"ROA":4.042021971268,"HOLDER_PROFIT_QOQ":-22.573762048414,"ROE_YEARLY":6.043411716397,"ROIC_YEARLY":5.747713450021,"TOTAL_ASSETS":305124000,"TOTAL_LIABILITIES":97565000,"TAX_EBT":36.519343633968,"OCF_SALES":5.967715796866,"TOTAL_PARENT_EQUITY":207002000,"DEBT_ASSET_RATIO":31.9755247047,"OPERATE_PROFIT":17596000,"PRETAX_PROFIT":16698000,"NETCASH_OPERATE":12152000,"NETCASH_INVEST":6143000,"NETCASH_FINANCE":67122000,"END_CASH":118683000,"DIVI_RATIO":1.173264392284,"DIVIDEND_RATE":4.02489626556,"CURRENT_RATIO":2.866496245407,"COMMON_ACS":10000000000,"CURRENTDEBT_DEBT":96.228155588582,"ISSUED_COMMON_SHARES":1400000000,"HK_COMMON_SHARES":1400000000,"PER_SHARES":10000,"TOTAL_MARKET_CAP":337400000,"HKSK_MARKET_CAP":337400000,"PE_TTM":6.642732639836,"PB_TTM":0.917383835314,"REPORT_DATE_SQ":"2019-12-31 00:00:00","REPORT_TYPE_SQ":"2019年年报","OPERATE_INCOME_SQ":206169000,"DPS_HKD":0.0097,"OPERATE_INCOME_QOQ_SQ":41.869490720671,"NET_PROFIT_RATIO_SQ":12.5765755278,"HOLDER_PROFIT_SQ":18184000,"HOLDER_PROFIT_QOQ_SQ":33.588010578901,"ROE_AVG_SQ":15.080069329839,"PE_TTM_SQ":4.603657265637,"PB_TTM_SQ":0.984060521352,"ROA_SQ":8.986787188985,"START_DATE":"2020-01-01 00:00:00","FISCAL_YEAR":"12-31","CURRENCY":"HKD","IS_CNY_CODE":0,"DPS_HKD_LY":null,"ORG_TYPE":"一般企业","PREMIUM_INCOME":null,"PREMIUM_INCOME_YOY":null,"NET_INTEREST_INCOME":null,"NET_INTEREST_INCOME_YOY":null,"FEE_COMMISSION_INCOME":null,"FEE_COMMISSION_INCOME_YOY":null,"ACCOUNTS_RECE_TDAYS":2.903407025073,"INVENTORY_TDAYS":8.665194608312,"CURRENT_ASSETS_TDAYS":0.910989822168,"TOTAL_ASSETS_TDAYS":0.782165629561,"PREMIUM_EXPENSE":null,"LOAN_DEPOSIT":null,"LOAN_EQUITY":null,"LOAN_ASSETS":null,"DEPOSIT_EQUITY":null,"DEPOSIT_ASSETS":null,"EQUITY_MULTIPLIER":1.470059115721,"EQUITY_RATIO":0.471323948561},{"SECUCODE":"02115.HK","SECURITY_CODE":"02115","SECURITY_NAME_ABBR":"捷芯隆","ORG_CODE":"10000048908","STD_REPORT_DATE":"2020-06-30 00:00:00","REPORT_DATE":"2020-06-30 00:00:00","DATE_TYPE_CODE":"002","REPORT_TYPE":"2020年中报","PER_NETCASH_OPERATE":null,"PER_OI":null,"BPS":null,"BASIC_EPS":0.0019,"DILUTED_EPS":0.0019,"OPERATE_INCOME":57993000,"OPERATE_INCOME_YOY":-28.3886741662,"GROSS_PROFIT":22098000,"GROSS_PROFIT_YOY":-32.177275796452,"HOLDER_PROFIT":1976000,"HOLDER_PROFIT_YOY":-69.9193180088,"GROSS_PROFIT_RATIO":38.104598830893,"EPS_TTM":null,"OPERATE_INCOME_QOQ":-0.751492690961,"NET_PROFIT_RATIO":3.5297363475,"ROE_AVG":null,"GROSS_PROFIT_QOQ":-1.755980259203,"ROA":null,"HOLDER_PROFIT_QOQ":-6.616737666621,"ROE_YEARLY":null,"ROIC_YEARLY":null,"TOTAL_ASSETS":null,"TOTAL_LIABILITIES":null,"TAX_EBT":37.189321877877,"OCF_SALES":17.42279240598,"TOTAL_PARENT_EQUITY":null,"DEBT_ASSET_RATIO":null,"OPERATE_PROFIT":3695000,"PRETAX_PROFIT":3259000,"NETCASH_OPERATE":10104000,"NETCASH_INVEST":7300000,"NETCASH_FINANCE":8452000,"END_CASH":59718000,"DIVI_RATIO":null,"DIVIDEND_RATE":4.02489626556,"CURRENT_RATIO":null,"COMMON_ACS":10000000000,"CURRENTDEBT_DEBT":null,"ISSUED_COMMON_SHARES":1400000000,"HK_COMMON_SHARES":1400000000,"PER_SHARES":10000,"TOTAL_MARKET_CAP":337400000,"HKSK_MARKET_CAP":337400000,"PE_TTM":6.642732639836,"PB_TTM":0.917383835314,"REPORT_DATE_SQ":"2019-06-30 00:00:00","REPORT_TYPE_SQ":"2019年中报","OPERATE_INCOME_SQ":80983000,"DPS_HKD":0.0097,"OPERATE_INCOME_QOQ_SQ":-18.150021402663,"NET_PROFIT_RATIO_SQ":14.0078781967,"HOLDER_PROFIT_SQ":6569000,"HOLDER_PROFIT_QOQ_SQ":-34.228836490143,"ROE_AVG_SQ":6.974164061131,"PE_TTM_SQ":4.603657265637,"PB_TTM_SQ":0.984060521352,"ROA_SQ":3.576591267324,"START_DATE":"2020-01-01 00:00:00","FISCAL_YEAR":"12-31","CURRENCY":"HKD","IS_CNY_CODE":0,"DPS_HKD_LY":null,"ORG_TYPE":"一般企业","PREMIUM_INCOME":null,"PREMIUM_INCOME_YOY":null,"NET_INTEREST_INCOME":null,"NET_INTEREST_INCOME_YOY":null,"FEE_COMMISSION_INCOME":null,"FEE_COMMISSION_INCOME_YOY":null,"ACCOUNTS_RECE_TDAYS":null,"INVENTORY_TDAYS":null,"CURRENT_ASSETS_TDAYS":0.651866755841,"TOTAL_ASSETS_TDAYS":0.538078272004,"PREMIUM_EXPENSE":null,"LOAN_DEPOSIT":null,"LOAN_EQUITY":null,"LOAN_ASSETS":null,"DEPOSIT_EQUITY":null,"DEPOSIT_ASSETS":null,"EQUITY_MULTIPLIER":null,"EQUITY_RATIO":null}],"count":17},"success":true,"message":"ok","code":0}