{"version":"4fc961d62fcffa6015a8c7a40f2415d8","result":{"pages":3,"data":[{"SECUCODE":"02111.HK","SECURITY_CODE":"02111","SECURITY_NAME_ABBR":"超盈国际控股","ORG_CODE":"10398421","STD_REPORT_DATE":"2024-06-30 00:00:00","REPORT_DATE":"2024-06-30 00:00:00","DATE_TYPE_CODE":"002","REPORT_TYPE":"2024年中报","PER_NETCASH_OPERATE":0.267568191281,"PER_OI":2.093765554256,"BPS":2.896645675894,"BASIC_EPS":0.243411756,"DILUTED_EPS":null,"OPERATE_INCOME":2177114173.44,"OPERATE_INCOME_YOY":25.1058366444,"GROSS_PROFIT":588826454.16,"GROSS_PROFIT_YOY":59.274934032217,"HOLDER_PROFIT":253139099.44,"HOLDER_PROFIT_YOY":100.1024471892,"GROSS_PROFIT_RATIO":27.046190840309,"EPS_TTM":0.422894732066,"OPERATE_INCOME_QOQ":11.011025818088,"NET_PROFIT_RATIO":11.8708833038,"ROE_AVG":8.515175517773,"GROSS_PROFIT_QOQ":24.093806179466,"ROA":4.698719303454,"HOLDER_PROFIT_QOQ":39.870121779388,"ROE_YEARLY":17.030351035546,"ROIC_YEARLY":11.191938324454,"TOTAL_ASSETS":5313886724.52,"TOTAL_LIABILITIES":2204243586.44,"TAX_EBT":12.661464437728,"OCF_SALES":12.779281364027,"TOTAL_PARENT_EQUITY":3011955346.96,"DEBT_ASSET_RATIO":41.4808162219,"OPERATE_PROFIT":334190559.52,"PRETAX_PROFIT":295909109.6,"NETCASH_OPERATE":278219545.84,"NETCASH_INVEST":-109852902.84,"NETCASH_FINANCE":-319683510.92,"END_CASH":690727176.16,"DIVI_RATIO":0.531546181486,"DIVIDEND_RATE":8.433447098976,"CURRENT_RATIO":1.709139994461,"COMMON_ACS":50000000000,"CURRENTDEBT_DEBT":67.575408890525,"ISSUED_COMMON_SHARES":1039808000,"HK_COMMON_SHARES":1039808000,"PER_SHARES":2000,"TOTAL_MARKET_CAP":3046637440,"HKSK_MARKET_CAP":3046637440,"PE_TTM":6.273086635315,"PB_TTM":0.923189336637,"REPORT_DATE_SQ":"2023-06-30 00:00:00","REPORT_TYPE_SQ":"2023年中报","OPERATE_INCOME_SQ":1757950329.76,"DPS_HKD":0.2471,"OPERATE_INCOME_QOQ_SQ":-4.748516645786,"NET_PROFIT_RATIO_SQ":6.2242226409,"HOLDER_PROFIT_SQ":127793803.84,"HOLDER_PROFIT_QOQ_SQ":-6.063824055898,"ROE_AVG_SQ":4.567210147584,"PE_TTM_SQ":4.129545584453,"PB_TTM_SQ":0.367255224154,"ROA_SQ":2.304539831073,"START_DATE":"2024-01-01 00:00:00","FISCAL_YEAR":"12-31","CURRENCY":"HKD","IS_CNY_CODE":0,"DPS_HKD_LY":0.2471,"ORG_TYPE":"一般企业","PREMIUM_INCOME":null,"PREMIUM_INCOME_YOY":null,"NET_INTEREST_INCOME":null,"NET_INTEREST_INCOME_YOY":null,"FEE_COMMISSION_INCOME":null,"FEE_COMMISSION_INCOME_YOY":null,"ACCOUNTS_RECE_TDAYS":3.131151134569,"INVENTORY_TDAYS":1.690111381048,"CURRENT_ASSETS_TDAYS":0.841385858811,"TOTAL_ASSETS_TDAYS":0.404111747857,"PREMIUM_EXPENSE":null,"LOAN_DEPOSIT":null,"LOAN_EQUITY":null,"LOAN_ASSETS":null,"DEPOSIT_EQUITY":null,"DEPOSIT_ASSETS":null,"EQUITY_MULTIPLIER":1.70884133277,"EQUITY_RATIO":0.731831429262},{"SECUCODE":"02111.HK","SECURITY_CODE":"02111","SECURITY_NAME_ABBR":"超盈国际控股","ORG_CODE":"10398421","STD_REPORT_DATE":"2023-12-31 00:00:00","REPORT_DATE":"2023-12-31 00:00:00","DATE_TYPE_CODE":"001","REPORT_TYPE":"2023年年报","PER_NETCASH_OPERATE":0.871267438469,"PER_OI":3.661026552537,"BPS":2.801362614983,"BASIC_EPS":0.302314992,"DILUTED_EPS":null,"OPERATE_INCOME":3806764697.54,"OPERATE_INCOME_YOY":-6.5011496197,"GROSS_PROFIT":909505953.72,"GROSS_PROFIT_YOY":19.79765736576,"HOLDER_PROFIT":314384029.96,"HOLDER_PROFIT_YOY":15.9489169416,"GROSS_PROFIT_RATIO":23.891835350573,"EPS_TTM":0.302348154621,"OPERATE_INCOME_QOQ":-0.416951430302,"NET_PROFIT_RATIO":8.3181473976,"ROE_AVG":11.093330229451,"GROSS_PROFIT_QOQ":23.096507644626,"ROA":5.661170497645,"HOLDER_PROFIT_QOQ":25.223175822632,"ROE_YEARLY":11.093330229451,"ROIC_YEARLY":6.910276635752,"TOTAL_ASSETS":5422273123.12,"TOTAL_LIABILITIES":2417663558.1,"TAX_EBT":9.322555112951,"OCF_SALES":23.798446309157,"TOTAL_PARENT_EQUITY":2912879257.96,"DEBT_ASSET_RATIO":44.5876388593,"OPERATE_PROFIT":452279902.48,"PRETAX_PROFIT":349207345.9,"NETCASH_OPERATE":905950852.66,"NETCASH_INVEST":-216278465.2,"NETCASH_FINANCE":-790252839.04,"END_CASH":840825352.36,"DIVI_RATIO":0.743474291358,"DIVIDEND_RATE":8.182119205298,"CURRENT_RATIO":1.370182463647,"COMMON_ACS":50000000000,"CURRENTDEBT_DEBT":78.80866838715,"ISSUED_COMMON_SHARES":1039808000,"HK_COMMON_SHARES":1039808000,"PER_SHARES":2000,"TOTAL_MARKET_CAP":3140220160,"HKSK_MARKET_CAP":3140220160,"PE_TTM":6.465775303294,"PB_TTM":0.951546688274,"REPORT_DATE_SQ":"2022-12-31 00:00:00","REPORT_TYPE_SQ":"2022年年报","OPERATE_INCOME_SQ":4013274523.3,"DPS_HKD":0.2471,"OPERATE_INCOME_QOQ_SQ":-3.046401820607,"NET_PROFIT_RATIO_SQ":6.3096205253,"HOLDER_PROFIT_SQ":267265490.73,"HOLDER_PROFIT_QOQ_SQ":-18.192809097695,"ROE_AVG_SQ":9.465817039255,"PE_TTM_SQ":4.052357816519,"PB_TTM_SQ":0.360390640524,"ROA_SQ":4.507884832197,"START_DATE":"2023-01-01 00:00:00","FISCAL_YEAR":"12-31","CURRENCY":"HKD","IS_CNY_CODE":0,"DPS_HKD_LY":0.0952,"ORG_TYPE":"一般企业","PREMIUM_INCOME":null,"PREMIUM_INCOME_YOY":null,"NET_INTEREST_INCOME":null,"NET_INTEREST_INCOME_YOY":null,"FEE_COMMISSION_INCOME":null,"FEE_COMMISSION_INCOME_YOY":null,"ACCOUNTS_RECE_TDAYS":6.033682390143,"INVENTORY_TDAYS":2.981830136986,"CURRENT_ASSETS_TDAYS":1.409665388338,"TOTAL_ASSETS_TDAYS":0.685491053726,"PREMIUM_EXPENSE":null,"LOAN_DEPOSIT":null,"LOAN_EQUITY":null,"LOAN_ASSETS":null,"DEPOSIT_EQUITY":null,"DEPOSIT_ASSETS":null,"EQUITY_MULTIPLIER":1.80465148825,"EQUITY_RATIO":0.829990996535},{"SECUCODE":"02111.HK","SECURITY_CODE":"02111","SECURITY_NAME_ABBR":"超盈国际控股","ORG_CODE":"10398421","STD_REPORT_DATE":"2023-06-30 00:00:00","REPORT_DATE":"2023-06-30 00:00:00","DATE_TYPE_CODE":"002","REPORT_TYPE":"2023年中报","PER_NETCASH_OPERATE":0.342202861759,"PER_OI":1.690648975349,"BPS":2.686193510994,"BASIC_EPS":0.122899934,"DILUTED_EPS":null,"OPERATE_INCOME":1757950329.76,"OPERATE_INCOME_YOY":-16.3159775042,"GROSS_PROFIT":369691852.48,"GROSS_PROFIT_YOY":-5.216360475647,"HOLDER_PROFIT":127793803.84,"HOLDER_PROFIT_YOY":-17.6833903459,"GROSS_PROFIT_RATIO":21.029709783124,"EPS_TTM":0.241447441845,"OPERATE_INCOME_QOQ":-4.748516645786,"NET_PROFIT_RATIO":6.2242226409,"ROE_AVG":4.567210147584,"GROSS_PROFIT_QOQ":-2.679889415214,"ROA":2.304539831073,"HOLDER_PROFIT_QOQ":-6.063824055898,"ROE_YEARLY":9.134420295168,"ROIC_YEARLY":5.632103085105,"TOTAL_ASSETS":5307350210.6,"TOTAL_LIABILITIES":2442031830.36,"TAX_EBT":13.99023060979,"OCF_SALES":20.240917348818,"TOTAL_PARENT_EQUITY":2793125502.28,"DEBT_ASSET_RATIO":46.0122609863,"OPERATE_PROFIT":180850986.9,"PRETAX_PROFIT":127216644.36,"NETCASH_OPERATE":355825273.28,"NETCASH_INVEST":-54619939.16,"NETCASH_FINANCE":-400520097.74,"END_CASH":848530463.3,"DIVI_RATIO":0.931002119063,"DIVIDEND_RATE":8.182119205298,"CURRENT_RATIO":1.222771119773,"COMMON_ACS":50000000000,"CURRENTDEBT_DEBT":81.385156844046,"ISSUED_COMMON_SHARES":1039808000,"HK_COMMON_SHARES":1039808000,"PER_SHARES":2000,"TOTAL_MARKET_CAP":3140220160,"HKSK_MARKET_CAP":3140220160,"PE_TTM":6.465775303294,"PB_TTM":0.951546688274,"REPORT_DATE_SQ":"2022-06-30 00:00:00","REPORT_TYPE_SQ":"2022年中报","OPERATE_INCOME_SQ":1948521338.54,"DPS_HKD":0.2471,"OPERATE_INCOME_QOQ_SQ":5.637312259731,"NET_PROFIT_RATIO_SQ":7.3682907711,"HOLDER_PROFIT_SQ":144000312.96,"HOLDER_PROFIT_QOQ_SQ":-0.549475864934,"ROE_AVG_SQ":5.234142910031,"PE_TTM_SQ":4.052357816519,"PB_TTM_SQ":0.360390640524,"ROA_SQ":2.477373975347,"START_DATE":"2023-01-01 00:00:00","FISCAL_YEAR":"12-31","CURRENCY":"HKD","IS_CNY_CODE":0,"DPS_HKD_LY":0.0952,"ORG_TYPE":"一般企业","PREMIUM_INCOME":null,"PREMIUM_INCOME_YOY":null,"NET_INTEREST_INCOME":null,"NET_INTEREST_INCOME_YOY":null,"FEE_COMMISSION_INCOME":null,"FEE_COMMISSION_INCOME_YOY":null,"ACCOUNTS_RECE_TDAYS":3.063143706755,"INVENTORY_TDAYS":1.449473944122,"CURRENT_ASSETS_TDAYS":0.667277350911,"TOTAL_ASSETS_TDAYS":0.317015882949,"PREMIUM_EXPENSE":null,"LOAN_DEPOSIT":null,"LOAN_EQUITY":null,"LOAN_ASSETS":null,"DEPOSIT_EQUITY":null,"DEPOSIT_ASSETS":null,"EQUITY_MULTIPLIER":1.852272420125,"EQUITY_RATIO":0.874300788979},{"SECUCODE":"02111.HK","SECURITY_CODE":"02111","SECURITY_NAME_ABBR":"超盈国际控股","ORG_CODE":"10398421","STD_REPORT_DATE":"2022-12-31 00:00:00","REPORT_DATE":"2022-12-31 00:00:00","DATE_TYPE_CODE":"001","REPORT_TYPE":"2022年年报","PER_NETCASH_OPERATE":0.664544641386,"PER_OI":3.859630358008,"BPS":2.611763761242,"BASIC_EPS":0.256993779,"DILUTED_EPS":null,"OPERATE_INCOME":4013274523.3,"OPERATE_INCOME_YOY":-6.2568790073,"GROSS_PROFIT":759201785.51,"GROSS_PROFIT_YOY":-16.482560997131,"HOLDER_PROFIT":267265490.73,"HOLDER_PROFIT_YOY":-25.534228983,"GROSS_PROFIT_RATIO":18.917265218272,"EPS_TTM":0.257033501118,"OPERATE_INCOME_QOQ":-3.046401820607,"NET_PROFIT_RATIO":6.3096205253,"ROE_AVG":9.465817039255,"GROSS_PROFIT_QOQ":-13.449496577836,"ROA":4.507884832197,"HOLDER_PROFIT_QOQ":-18.192809097695,"ROE_YEARLY":9.465817039255,"ROIC_YEARLY":5.47299242074,"TOTAL_ASSETS":5603175425.12,"TOTAL_LIABILITIES":2799694873.43,"TAX_EBT":10.482139248181,"OCF_SALES":17.21783123627,"TOTAL_PARENT_EQUITY":2715732853.05,"DEBT_ASSET_RATIO":49.9662184567,"OPERATE_PROFIT":348310091.29,"PRETAX_PROFIT":282873597.44,"NETCASH_OPERATE":690998834.47,"NETCASH_INVEST":-155632645.56,"NETCASH_FINANCE":-337252301.96,"END_CASH":938974159.55,"DIVI_RATIO":0.874547788606,"DIVIDEND_RATE":8.182119205298,"CURRENT_RATIO":1.061396889634,"COMMON_ACS":50000000000,"CURRENTDEBT_DEBT":92.557484200958,"ISSUED_COMMON_SHARES":1039808000,"HK_COMMON_SHARES":1039808000,"PER_SHARES":2000,"TOTAL_MARKET_CAP":3140220160,"HKSK_MARKET_CAP":3140220160,"PE_TTM":6.465775303294,"PB_TTM":0.951546688274,"REPORT_DATE_SQ":"2021-12-31 00:00:00","REPORT_TYPE_SQ":"2021年年报","OPERATE_INCOME_SQ":3918479633.6,"DPS_HKD":0.2471,"OPERATE_INCOME_QOQ_SQ":15.806160026693,"NET_PROFIT_RATIO_SQ":8.3741787704,"HOLDER_PROFIT_SQ":328506774.4,"HOLDER_PROFIT_QOQ_SQ":15.370451988999,"ROE_AVG_SQ":12.928231957439,"PE_TTM_SQ":4.052357816519,"PB_TTM_SQ":0.360390640524,"ROA_SQ":6.029020910946,"START_DATE":"2022-01-01 00:00:00","FISCAL_YEAR":"12-31","CURRENCY":"HKD","IS_CNY_CODE":0,"DPS_HKD_LY":0.1908,"ORG_TYPE":"一般企业","PREMIUM_INCOME":null,"PREMIUM_INCOME_YOY":null,"NET_INTEREST_INCOME":null,"NET_INTEREST_INCOME_YOY":null,"FEE_COMMISSION_INCOME":null,"FEE_COMMISSION_INCOME_YOY":null,"ACCOUNTS_RECE_TDAYS":5.973759702162,"INVENTORY_TDAYS":2.81024063739,"CURRENT_ASSETS_TDAYS":1.340621706942,"TOTAL_ASSETS_TDAYS":0.676906670652,"PREMIUM_EXPENSE":null,"LOAN_DEPOSIT":null,"LOAN_EQUITY":null,"LOAN_ASSETS":null,"DEPOSIT_EQUITY":null,"DEPOSIT_ASSETS":null,"EQUITY_MULTIPLIER":1.998649650606,"EQUITY_RATIO":1.030916892391},{"SECUCODE":"02111.HK","SECURITY_CODE":"02111","SECURITY_NAME_ABBR":"超盈国际控股","ORG_CODE":"10398421","STD_REPORT_DATE":"2022-06-30 00:00:00","REPORT_DATE":"2022-06-30 00:00:00","DATE_TYPE_CODE":"002","REPORT_TYPE":"2022年中报","PER_NETCASH_OPERATE":0.226001011821,"PER_OI":1.873924165365,"BPS":2.592858888141,"BASIC_EPS":0.138455261,"DILUTED_EPS":null,"OPERATE_INCOME":1948521338.54,"OPERATE_INCOME_YOY":9.7383194495,"GROSS_PROFIT":390037620.77,"GROSS_PROFIT_YOY":-7.550732169911,"HOLDER_PROFIT":144000312.96,"HOLDER_PROFIT_YOY":-3.9068652628,"GROSS_PROFIT_RATIO":20.017108001612,"EPS_TTM":0.31419426371,"OPERATE_INCOME_QOQ":5.637312259731,"NET_PROFIT_RATIO":7.3682907711,"ROE_AVG":5.234142910031,"GROSS_PROFIT_QOQ":-3.50438680235,"ROA":2.477373975347,"HOLDER_PROFIT_QOQ":-0.549475864934,"ROE_YEARLY":10.468285820062,"ROIC_YEARLY":5.992125513507,"TOTAL_ASSETS":5637353471.89,"TOTAL_LIABILITIES":2844579158.26,"TAX_EBT":11.064729222179,"OCF_SALES":12.060307241802,"TOTAL_PARENT_EQUITY":2696075414.76,"DEBT_ASSET_RATIO":50.4594784138,"OPERATE_PROFIT":185709639.64,"PRETAX_PROFIT":161435071.49,"NETCASH_OPERATE":234997660.1,"NETCASH_INVEST":-170063938.59,"NETCASH_FINANCE":-35084169.75,"END_CASH":749053224.29,"DIVI_RATIO":0.715442978957,"DIVIDEND_RATE":8.182119205298,"CURRENT_RATIO":1.199182950034,"COMMON_ACS":50000000000,"CURRENTDEBT_DEBT":82.333850631972,"ISSUED_COMMON_SHARES":1039808000,"HK_COMMON_SHARES":1039808000,"PER_SHARES":2000,"TOTAL_MARKET_CAP":3140220160,"HKSK_MARKET_CAP":3140220160,"PE_TTM":6.465775303294,"PB_TTM":0.951546688274,"REPORT_DATE_SQ":"2021-06-30 00:00:00","REPORT_TYPE_SQ":"2021年中报","OPERATE_INCOME_SQ":1727624405.76,"DPS_HKD":0.2471,"OPERATE_INCOME_QOQ_SQ":15.054234746227,"NET_PROFIT_RATIO_SQ":8.1247543674,"HOLDER_PROFIT_SQ":145805378.4,"HOLDER_PROFIT_QOQ_SQ":31.247996138038,"ROE_AVG_SQ":5.831266644093,"PE_TTM_SQ":4.052357816519,"PB_TTM_SQ":0.360390640524,"ROA_SQ":2.70467734147,"START_DATE":"2022-01-01 00:00:00","FISCAL_YEAR":"12-31","CURRENCY":"HKD","IS_CNY_CODE":0,"DPS_HKD_LY":0.1908,"ORG_TYPE":"一般企业","PREMIUM_INCOME":null,"PREMIUM_INCOME_YOY":null,"NET_INTEREST_INCOME":null,"NET_INTEREST_INCOME_YOY":null,"FEE_COMMISSION_INCOME":null,"FEE_COMMISSION_INCOME_YOY":null,"ACCOUNTS_RECE_TDAYS":3.122407462096,"INVENTORY_TDAYS":1.295208062148,"CURRENT_ASSETS_TDAYS":0.659696870772,"TOTAL_ASSETS_TDAYS":0.335222608568,"PREMIUM_EXPENSE":null,"LOAN_DEPOSIT":null,"LOAN_EQUITY":null,"LOAN_ASSETS":null,"DEPOSIT_EQUITY":null,"DEPOSIT_ASSETS":null,"EQUITY_MULTIPLIER":2.018549599362,"EQUITY_RATIO":1.055081450128},{"SECUCODE":"02111.HK","SECURITY_CODE":"02111","SECURITY_NAME_ABBR":"超盈国际控股","ORG_CODE":"10398421","STD_REPORT_DATE":"2021-12-31 00:00:00","REPORT_DATE":"2021-12-31 00:00:00","DATE_TYPE_CODE":"001","REPORT_TYPE":"2021年年报","PER_NETCASH_OPERATE":0.410977261956,"PER_OI":3.768464595002,"BPS":2.580207173632,"BASIC_EPS":0.31592064,"DILUTED_EPS":null,"OPERATE_INCOME":3918479633.6,"OPERATE_INCOME_YOY":37.1575611987,"GROSS_PROFIT":909033843.2,"GROSS_PROFIT_YOY":28.068017207661,"HOLDER_PROFIT":328506774.4,"HOLDER_PROFIT_YOY":55.8736698362,"GROSS_PROFIT_RATIO":23.198636415136,"EPS_TTM":0.315930224041,"OPERATE_INCOME_QOQ":15.806160026693,"NET_PROFIT_RATIO":8.3741787704,"ROE_AVG":12.928231957439,"GROSS_PROFIT_QOQ":10.903540889137,"ROA":6.029020910946,"HOLDER_PROFIT_QOQ":15.370451988999,"ROE_YEARLY":12.928231957439,"ROIC_YEARLY":7.312575597473,"TOTAL_ASSETS":5724686396.8,"TOTAL_LIABILITIES":2966720467.2,"TAX_EBT":12.104455156072,"OCF_SALES":10.90569518687,"TOTAL_PARENT_EQUITY":2682920060.8,"DEBT_ASSET_RATIO":51.8232836101,"OPERATE_PROFIT":420608596.8,"PRETAX_PROFIT":373330059.2,"NETCASH_OPERATE":427337444.8,"NETCASH_INVEST":-338711240,"NETCASH_FINANCE":-297531180.8,"END_CASH":734914476.8,"DIVI_RATIO":0.71151179246,"DIVIDEND_RATE":8.182119205298,"CURRENT_RATIO":1.290260128481,"COMMON_ACS":50000000000,"CURRENTDEBT_DEBT":77.395267339328,"ISSUED_COMMON_SHARES":1039808000,"HK_COMMON_SHARES":1039808000,"PER_SHARES":2000,"TOTAL_MARKET_CAP":3140220160,"HKSK_MARKET_CAP":3140220160,"PE_TTM":6.465775303294,"PB_TTM":0.951546688274,"REPORT_DATE_SQ":"2020-12-31 00:00:00","REPORT_TYPE_SQ":"2020年年报","OPERATE_INCOME_SQ":2940920769.36,"DPS_HKD":0.2471,"OPERATE_INCOME_QOQ_SQ":-6.147723128336,"NET_PROFIT_RATIO_SQ":7.1314670801,"HOLDER_PROFIT_SQ":216948701.16,"HOLDER_PROFIT_QOQ_SQ":-9.98867946132,"ROE_AVG_SQ":9.431381739191,"PE_TTM_SQ":4.052357816519,"PB_TTM_SQ":0.360390640524,"ROA_SQ":4.228468429572,"START_DATE":"2021-01-01 00:00:00","FISCAL_YEAR":"12-31","CURRENCY":"HKD","IS_CNY_CODE":0,"DPS_HKD_LY":0.149,"ORG_TYPE":"一般企业","PREMIUM_INCOME":null,"PREMIUM_INCOME_YOY":null,"NET_INTEREST_INCOME":null,"NET_INTEREST_INCOME_YOY":null,"FEE_COMMISSION_INCOME":null,"FEE_COMMISSION_INCOME_YOY":null,"ACCOUNTS_RECE_TDAYS":5.783599866774,"INVENTORY_TDAYS":3.094306329542,"CURRENT_ASSETS_TDAYS":1.443111185987,"TOTAL_ASSETS_TDAYS":0.719150942724,"PREMIUM_EXPENSE":null,"LOAN_DEPOSIT":null,"LOAN_EQUITY":null,"LOAN_ASSETS":null,"DEPOSIT_EQUITY":null,"DEPOSIT_ASSETS":null,"EQUITY_MULTIPLIER":2.075691485295,"EQUITY_RATIO":1.105780418338},{"SECUCODE":"02111.HK","SECURITY_CODE":"02111","SECURITY_NAME_ABBR":"超盈国际控股","ORG_CODE":"10398421","STD_REPORT_DATE":"2021-06-30 00:00:00","REPORT_DATE":"2021-06-30 00:00:00","DATE_TYPE_CODE":"002","REPORT_TYPE":"2021年中报","PER_NETCASH_OPERATE":0.204807098003,"PER_OI":1.661484048747,"BPS":2.461260579799,"BASIC_EPS":0.14020548,"DILUTED_EPS":null,"OPERATE_INCOME":1727624405.76,"OPERATE_INCOME_YOY":47.6039188114,"GROSS_PROFIT":421893682.8,"GROSS_PROFIT_YOY":35.206084331517,"HOLDER_PROFIT":145805378.4,"HOLDER_PROFIT_YOY":105.1729386694,"GROSS_PROFIT_RATIO":24.42045165566,"EPS_TTM":0.273839807849,"OPERATE_INCOME_QOQ":15.054234746227,"NET_PROFIT_RATIO":8.1247543674,"ROE_AVG":5.831266644093,"GROSS_PROFIT_QOQ":15.476941656608,"ROA":2.70467734147,"HOLDER_PROFIT_QOQ":31.247996138038,"ROE_YEARLY":11.662533288187,"ROIC_YEARLY":6.724778196107,"TOTAL_ASSETS":5517277848.48,"TOTAL_LIABILITIES":2893686340.32,"TAX_EBT":13.585230416163,"OCF_SALES":12.326756802577,"TOTAL_PARENT_EQUITY":2559238440.96,"DEBT_ASSET_RATIO":52.4477182369,"OPERATE_PROFIT":183958742.64,"PRETAX_PROFIT":162432000.96,"NETCASH_OPERATE":212960058.96,"NETCASH_INVEST":-80712592.08,"NETCASH_FINANCE":-11312959.68,"END_CASH":1039412701.92,"DIVI_RATIO":0.820874370916,"DIVIDEND_RATE":8.182119205298,"CURRENT_RATIO":1.345457720655,"COMMON_ACS":50000000000,"CURRENTDEBT_DEBT":71.790379376442,"ISSUED_COMMON_SHARES":1039808000,"HK_COMMON_SHARES":1039808000,"PER_SHARES":2000,"TOTAL_MARKET_CAP":3140220160,"HKSK_MARKET_CAP":3140220160,"PE_TTM":6.465775303294,"PB_TTM":0.951546688274,"REPORT_DATE_SQ":"2020-06-30 00:00:00","REPORT_TYPE_SQ":"2020年中报","OPERATE_INCOME_SQ":1284891289.44,"DPS_HKD":0.2471,"OPERATE_INCOME_QOQ_SQ":-3.838137233112,"NET_PROFIT_RATIO_SQ":5.4868620575,"HOLDER_PROFIT_SQ":78013256.64,"HOLDER_PROFIT_QOQ_SQ":-10.527315060253,"ROE_AVG_SQ":3.396186199728,"PE_TTM_SQ":4.052357816519,"PB_TTM_SQ":0.360390640524,"ROA_SQ":1.494912054936,"START_DATE":"2021-01-01 00:00:00","FISCAL_YEAR":"12-31","CURRENCY":"HKD","IS_CNY_CODE":0,"DPS_HKD_LY":0.149,"ORG_TYPE":"一般企业","PREMIUM_INCOME":null,"PREMIUM_INCOME_YOY":null,"NET_INTEREST_INCOME":null,"NET_INTEREST_INCOME_YOY":null,"FEE_COMMISSION_INCOME":null,"FEE_COMMISSION_INCOME_YOY":null,"ACCOUNTS_RECE_TDAYS":2.6835586357,"INVENTORY_TDAYS":1.496493213155,"CURRENT_ASSETS_TDAYS":0.651100830892,"TOTAL_ASSETS_TDAYS":0.320472854713,"PREMIUM_EXPENSE":null,"LOAN_DEPOSIT":null,"LOAN_EQUITY":null,"LOAN_ASSETS":null,"DEPOSIT_EQUITY":null,"DEPOSIT_ASSETS":null,"EQUITY_MULTIPLIER":2.102948508301,"EQUITY_RATIO":1.130682586666},{"SECUCODE":"02111.HK","SECURITY_CODE":"02111","SECURITY_NAME_ABBR":"超盈国际控股","ORG_CODE":"10398421","STD_REPORT_DATE":"2020-12-31 00:00:00","REPORT_DATE":"2020-12-31 00:00:00","DATE_TYPE_CODE":"001","REPORT_TYPE":"2020年年报","PER_NETCASH_OPERATE":0.610482171439,"PER_OI":2.828330585416,"BPS":2.375079607889,"BASIC_EPS":0.208642556,"DILUTED_EPS":null,"OPERATE_INCOME":2940920769.36,"OPERATE_INCOME_YOY":-3.9444031798,"GROSS_PROFIT":709805510.4,"GROSS_PROFIT_YOY":-9.214019378233,"HOLDER_PROFIT":216948701.16,"HOLDER_PROFIT_YOY":-14.283861614,"GROSS_PROFIT_RATIO":24.135485654531,"EPS_TTM":0.208643039061,"OPERATE_INCOME_QOQ":-6.147723128336,"NET_PROFIT_RATIO":7.1314670801,"ROE_AVG":9.431381739191,"GROSS_PROFIT_QOQ":-5.240614154609,"ROA":4.228468429572,"HOLDER_PROFIT_QOQ":-9.98867946132,"ROE_YEARLY":9.431381739191,"ROIC_YEARLY":4.991635874271,"TOTAL_ASSETS":5324927509.08,"TOTAL_LIABILITIES":2784705652.24,"TAX_EBT":14.061303739059,"OCF_SALES":21.584540880309,"TOTAL_PARENT_EQUITY":2469626776.92,"DEBT_ASSET_RATIO":52.2956537435,"OPERATE_PROFIT":306090160.12,"PRETAX_PROFIT":244046984.24,"NETCASH_OPERATE":634784245.72,"NETCASH_INVEST":-179003361.76,"NETCASH_FINANCE":-40264057.6,"END_CASH":919790482.2,"DIVI_RATIO":1.077381162638,"DIVIDEND_RATE":8.182119205298,"CURRENT_RATIO":1.357082261673,"COMMON_ACS":50000000000,"CURRENTDEBT_DEBT":67.228091321397,"ISSUED_COMMON_SHARES":1039808000,"HK_COMMON_SHARES":1039808000,"PER_SHARES":2000,"TOTAL_MARKET_CAP":3140220160,"HKSK_MARKET_CAP":3140220160,"PE_TTM":6.465775303294,"PB_TTM":0.951546688274,"REPORT_DATE_SQ":"2019-12-31 00:00:00","REPORT_TYPE_SQ":"2019年年报","OPERATE_INCOME_SQ":3258634444.36,"DPS_HKD":0.2471,"OPERATE_INCOME_QOQ_SQ":5.609594244571,"NET_PROFIT_RATIO_SQ":8.221510918,"HOLDER_PROFIT_SQ":269382544.72,"HOLDER_PROFIT_QOQ_SQ":0.857126850832,"ROE_AVG_SQ":12.263056850045,"PE_TTM_SQ":4.052357816519,"PB_TTM_SQ":0.360390640524,"ROA_SQ":5.441165108902,"START_DATE":"2020-01-01 00:00:00","FISCAL_YEAR":"12-31","CURRENCY":"HKD","IS_CNY_CODE":0,"DPS_HKD_LY":0.058,"ORG_TYPE":"一般企业","PREMIUM_INCOME":null,"PREMIUM_INCOME_YOY":null,"NET_INTEREST_INCOME":null,"NET_INTEREST_INCOME_YOY":null,"FEE_COMMISSION_INCOME":null,"FEE_COMMISSION_INCOME_YOY":null,"ACCOUNTS_RECE_TDAYS":4.47299134402,"INVENTORY_TDAYS":2.667638761213,"CURRENT_ASSETS_TDAYS":1.244612770207,"TOTAL_ASSETS_TDAYS":0.573204198072,"PREMIUM_EXPENSE":null,"LOAN_DEPOSIT":null,"LOAN_EQUITY":null,"LOAN_ASSETS":null,"DEPOSIT_EQUITY":null,"DEPOSIT_ASSETS":null,"EQUITY_MULTIPLIER":2.096245056212,"EQUITY_RATIO":1.127581575591},{"SECUCODE":"02111.HK","SECURITY_CODE":"02111","SECURITY_NAME_ABBR":"超盈国际控股","ORG_CODE":"10398421","STD_REPORT_DATE":"2020-06-30 00:00:00","REPORT_DATE":"2020-06-30 00:00:00","DATE_TYPE_CODE":"002","REPORT_TYPE":"2020年中报","PER_NETCASH_OPERATE":0.252469605619,"PER_OI":1.23570052302,"BPS":2.194091826337,"BASIC_EPS":0.074993424,"DILUTED_EPS":null,"OPERATE_INCOME":1284891289.44,"OPERATE_INCOME_YOY":-12.2405791188,"GROSS_PROFIT":312037498.08,"GROSS_PROFIT_YOY":-9.507513154068,"HOLDER_PROFIT":78013256.64,"HOLDER_PROFIT_YOY":-29.3721676425,"GROSS_PROFIT_RATIO":24.285128294083,"EPS_TTM":0.231796442728,"OPERATE_INCOME_QOQ":-3.838137233112,"NET_PROFIT_RATIO":5.4868620575,"ROE_AVG":3.396186199728,"GROSS_PROFIT_QOQ":-4.19315214865,"ROA":1.494912054936,"HOLDER_PROFIT_QOQ":-10.527315060253,"ROE_YEARLY":6.792372399456,"ROIC_YEARLY":3.458323298725,"TOTAL_ASSETS":5079637099.68,"TOTAL_LIABILITIES":2721005311.2,"TAX_EBT":11.311692042517,"OCF_SALES":20.431293903036,"TOTAL_PARENT_EQUITY":2281434233.76,"DEBT_ASSET_RATIO":53.5669233413,"OPERATE_PROFIT":116982433.92,"PRETAX_PROFIT":79492116,"NETCASH_OPERATE":262519915.68,"NETCASH_INVEST":-12351535.68,"NETCASH_FINANCE":-26687063.04,"END_CASH":715379718.24,"DIVI_RATIO":0.969765011726,"DIVIDEND_RATE":8.182119205298,"CURRENT_RATIO":1.134063625421,"COMMON_ACS":50000000000,"CURRENTDEBT_DEBT":69.22142903901,"ISSUED_COMMON_SHARES":1039808000,"HK_COMMON_SHARES":1039808000,"PER_SHARES":2000,"TOTAL_MARKET_CAP":3140220160,"HKSK_MARKET_CAP":3140220160,"PE_TTM":6.465775303294,"PB_TTM":0.951546688274,"REPORT_DATE_SQ":"2019-06-30 00:00:00","REPORT_TYPE_SQ":"2019年中报","OPERATE_INCOME_SQ":1409962151.34,"DPS_HKD":0.2471,"OPERATE_INCOME_QOQ_SQ":9.614747111491,"NET_PROFIT_RATIO_SQ":7.5609742402,"HOLDER_PROFIT_SQ":106372005.84,"HOLDER_PROFIT_QOQ_SQ":7.504183168055,"ROE_AVG_SQ":5.065468342394,"PE_TTM_SQ":4.052357816519,"PB_TTM_SQ":0.360390640524,"ROA_SQ":2.296707642131,"START_DATE":"2020-01-01 00:00:00","FISCAL_YEAR":"12-31","CURRENCY":"HKD","IS_CNY_CODE":0,"DPS_HKD_LY":0.058,"ORG_TYPE":"一般企业","PREMIUM_INCOME":null,"PREMIUM_INCOME_YOY":null,"NET_INTEREST_INCOME":null,"NET_INTEREST_INCOME_YOY":null,"FEE_COMMISSION_INCOME":null,"FEE_COMMISSION_INCOME_YOY":null,"ACCOUNTS_RECE_TDAYS":2.171600551757,"INVENTORY_TDAYS":1.078988305364,"CURRENT_ASSETS_TDAYS":0.570088193085,"TOTAL_ASSETS_TDAYS":0.246214497458,"PREMIUM_EXPENSE":null,"LOAN_DEPOSIT":null,"LOAN_EQUITY":null,"LOAN_ASSETS":null,"DEPOSIT_EQUITY":null,"DEPOSIT_ASSETS":null,"EQUITY_MULTIPLIER":2.1536371741,"EQUITY_RATIO":1.192673131198}],"count":25},"success":true,"message":"ok","code":0}