{"version":"7e9f80c9f0d36821469a3aea0d67e049","result":{"pages":2,"data":[{"SECUCODE":"02110.HK","SECURITY_CODE":"02110","SECURITY_NAME_ABBR":"天成控股","ORG_CODE":"10000033195","STD_REPORT_DATE":"2024-06-30 00:00:00","REPORT_DATE":"2024-11-30 00:00:00","DATE_TYPE_CODE":"002","REPORT_TYPE":"2024年中报","PER_NETCASH_OPERATE":-0.006575676,"PER_OI":0.33290899,"BPS":0.1992435985,"BASIC_EPS":-0.0406362,"DILUTED_EPS":-0.0406362,"OPERATE_INCOME":99872697,"OPERATE_INCOME_YOY":-12.5003034251,"GROSS_PROFIT":-5550535.5,"GROSS_PROFIT_YOY":53.113299570755,"HOLDER_PROFIT":-11491732.65,"HOLDER_PROFIT_YOY":37.8750811324,"GROSS_PROFIT_RATIO":-5.557610504901,"EPS_TTM":-0.150372979317,"OPERATE_INCOME_QOQ":17.638900665235,"NET_PROFIT_RATIO":-11.5063806177,"ROE_AVG":-17.952028854824,"GROSS_PROFIT_QOQ":39.852429931162,"ROA":-11.342029223295,"HOLDER_PROFIT_QOQ":43.630261706445,"ROE_YEARLY":-35.904057709648,"ROIC_YEARLY":-30.350075917875,"TOTAL_ASSETS":94154998.95,"TOTAL_LIABILITIES":34381919.4,"TAX_EBT":2.659782523664,"OCF_SALES":-1.975217310893,"TOTAL_PARENT_EQUITY":59773079.55,"DEBT_ASSET_RATIO":36.5162973644,"OPERATE_PROFIT":-11744785.35,"PRETAX_PROFIT":-11805739.65,"NETCASH_OPERATE":-1972702.8,"NETCASH_INVEST":3470700.9,"NETCASH_FINANCE":2038274.85,"END_CASH":27336156.45,"DIVI_RATIO":null,"DIVIDEND_RATE":null,"CURRENT_RATIO":2.158952438674,"COMMON_ACS":300000000,"CURRENTDEBT_DEBT":84.208122918234,"ISSUED_COMMON_SHARES":300000000,"HK_COMMON_SHARES":300000000,"PER_SHARES":10000,"TOTAL_MARKET_CAP":35400000,"HKSK_MARKET_CAP":35400000,"PE_TTM":-0.96853625171,"PB_TTM":0.546963118617,"REPORT_DATE_SQ":"2023-06-30 00:00:00","REPORT_TYPE_SQ":"2023年中报","OPERATE_INCOME_SQ":112440036.31,"DPS_HKD":null,"OPERATE_INCOME_QOQ_SQ":-10.123895415783,"NET_PROFIT_RATIO_SQ":-16.2061348502,"HOLDER_PROFIT_SQ":-18222183.91,"HOLDER_PROFIT_QOQ_SQ":-297.060641427399,"ROE_AVG_SQ":-19.566831441355,"PE_TTM_SQ":-0.597137547878,"PB_TTM_SQ":0.480776770175,"ROA_SQ":-13.692889323389,"START_DATE":"2024-06-01 00:00:00","FISCAL_YEAR":"5-31","CURRENCY":"HKD","IS_CNY_CODE":0,"DPS_HKD_LY":null,"ORG_TYPE":"一般企业","PREMIUM_INCOME":null,"PREMIUM_INCOME_YOY":null,"NET_INTEREST_INCOME":null,"NET_INTEREST_INCOME_YOY":null,"FEE_COMMISSION_INCOME":null,"FEE_COMMISSION_INCOME_YOY":null,"ACCOUNTS_RECE_TDAYS":3.737213160077,"INVENTORY_TDAYS":null,"CURRENT_ASSETS_TDAYS":1.506684221892,"TOTAL_ASSETS_TDAYS":0.985716499403,"PREMIUM_EXPENSE":null,"LOAN_DEPOSIT":null,"LOAN_EQUITY":null,"LOAN_ASSETS":null,"DEPOSIT_EQUITY":null,"DEPOSIT_ASSETS":null,"EQUITY_MULTIPLIER":1.575207428811,"EQUITY_RATIO":0.57520742881},{"SECUCODE":"02110.HK","SECURITY_CODE":"02110","SECURITY_NAME_ABBR":"天成控股","ORG_CODE":"10000033195","STD_REPORT_DATE":"2023-12-31 00:00:00","REPORT_DATE":"2024-05-31 00:00:00","DATE_TYPE_CODE":"001","REPORT_TYPE":"2023年年报","PER_NETCASH_OPERATE":-0.090954256295,"PER_OI":0.760896951326,"BPS":0.2239956336,"BASIC_EPS":-0.158394834,"DILUTED_EPS":-0.158394834,"OPERATE_INCOME":203068178.37,"OPERATE_INCOME_YOY":12.7791945461,"GROSS_PROFIT":-28972979.28,"GROSS_PROFIT_YOY":48.570374204895,"HOLDER_PROFIT":-40131540.72,"HOLDER_PROFIT_YOY":49.2981045376,"GROSS_PROFIT_RATIO":-14.267611751168,"EPS_TTM":-0.2667618901,"OPERATE_INCOME_QOQ":-3.542278259442,"NET_PROFIT_RATIO":-19.7625945346,"ROE_AVG":-48.938045738046,"GROSS_PROFIT_QOQ":14.494258477532,"ROA":-33.505913790748,"HOLDER_PROFIT_QOQ":9.502382519348,"ROE_YEARLY":-48.938045738046,"ROIC_YEARLY":-43.282681925832,"TOTAL_ASSETS":106807400.55,"TOTAL_LIABILITIES":39608710.47,"TAX_EBT":3.82218348224,"OCF_SALES":-11.953557723737,"TOTAL_PARENT_EQUITY":67198690.08,"DEBT_ASSET_RATIO":37.0842378581,"OPERATE_PROFIT":-41475441.78,"PRETAX_PROFIT":-41726400.3,"NETCASH_OPERATE":-24273871.92,"NETCASH_INVEST":7999757.46,"NETCASH_FINANCE":9143619.12,"END_CASH":23479169.94,"DIVI_RATIO":null,"DIVIDEND_RATE":null,"CURRENT_RATIO":2.06068013907,"COMMON_ACS":300000000,"CURRENTDEBT_DEBT":84.51596611648,"ISSUED_COMMON_SHARES":300000000,"HK_COMMON_SHARES":300000000,"PER_SHARES":10000,"TOTAL_MARKET_CAP":33000000,"HKSK_MARKET_CAP":33000000,"PE_TTM":-0.902872777018,"PB_TTM":0.509880873287,"REPORT_DATE_SQ":"2022-12-31 00:00:00","REPORT_TYPE_SQ":"2022年年报","OPERATE_INCOME_SQ":178959153,"DPS_HKD":null,"OPERATE_INCOME_QOQ_SQ":10.525312370103,"NET_PROFIT_RATIO_SQ":-43.9590960737,"HOLDER_PROFIT_SQ":-78668826,"HOLDER_PROFIT_QOQ_SQ":-239.931997147288,"ROE_AVG_SQ":-58.043007167861,"PE_TTM_SQ":-0.527321769098,"PB_TTM_SQ":0.431134863014,"ROA_SQ":-46.581316637905,"START_DATE":"2023-06-01 00:00:00","FISCAL_YEAR":"5-31","CURRENCY":"HKD","IS_CNY_CODE":0,"DPS_HKD_LY":null,"ORG_TYPE":"一般企业","PREMIUM_INCOME":null,"PREMIUM_INCOME_YOY":null,"NET_INTEREST_INCOME":null,"NET_INTEREST_INCOME_YOY":null,"FEE_COMMISSION_INCOME":null,"FEE_COMMISSION_INCOME_YOY":null,"ACCOUNTS_RECE_TDAYS":7.254657376277,"INVENTORY_TDAYS":null,"CURRENT_ASSETS_TDAYS":2.85332277167,"TOTAL_ASSETS_TDAYS":1.695420797716,"PREMIUM_EXPENSE":null,"LOAN_DEPOSIT":null,"LOAN_EQUITY":null,"LOAN_ASSETS":null,"DEPOSIT_EQUITY":null,"DEPOSIT_ASSETS":null,"EQUITY_MULTIPLIER":1.589426823988,"EQUITY_RATIO":0.589426823988},{"SECUCODE":"02110.HK","SECURITY_CODE":"02110","SECURITY_NAME_ABBR":"天成控股","ORG_CODE":"10000033195","STD_REPORT_DATE":"2023-06-30 00:00:00","REPORT_DATE":"2023-11-30 00:00:00","DATE_TYPE_CODE":"002","REPORT_TYPE":"2023年中报","PER_NETCASH_OPERATE":-0.007557720436,"PER_OI":0.421313085694,"BPS":0.2979653229,"BASIC_EPS":-0.07642236,"DILUTED_EPS":-0.07642236,"OPERATE_INCOME":112440036.31,"OPERATE_INCOME_YOY":-4.4109457662,"GROSS_PROFIT":-11838187.48,"GROSS_PROFIT_YOY":40.819585055318,"HOLDER_PROFIT":-18222183.91,"HOLDER_PROFIT_YOY":28.3962533963,"GROSS_PROFIT_RATIO":-10.528445088155,"EPS_TTM":-0.035372673561,"OPERATE_INCOME_QOQ":-10.123895415783,"NET_PROFIT_RATIO":-16.2061348502,"ROE_AVG":-19.566831441355,"GROSS_PROFIT_QOQ":-675.936191171729,"ROA":-13.692889323389,"HOLDER_PROFIT_QOQ":-297.060641427399,"ROE_YEARLY":-39.13366288271,"ROIC_YEARLY":-37.956176714438,"TOTAL_ASSETS":133337912.61,"TOTAL_LIABILITIES":43948315.74,"TAX_EBT":2.473584262551,"OCF_SALES":-1.793848967141,"TOTAL_PARENT_EQUITY":89389596.87,"DEBT_ASSET_RATIO":32.9601048042,"OPERATE_PROFIT":-18593378.23,"PRETAX_PROFIT":-18684357.23,"NETCASH_OPERATE":-2017004.43,"NETCASH_INVEST":4838263.22,"NETCASH_FINANCE":9964929.87,"END_CASH":43473405.36,"DIVI_RATIO":null,"DIVIDEND_RATE":null,"CURRENT_RATIO":2.311978628494,"COMMON_ACS":300000000,"CURRENTDEBT_DEBT":82.140934873515,"ISSUED_COMMON_SHARES":300000000,"HK_COMMON_SHARES":300000000,"PER_SHARES":10000,"TOTAL_MARKET_CAP":38100000,"HKSK_MARKET_CAP":38100000,"PE_TTM":-1.042407660739,"PB_TTM":0.588680644613,"REPORT_DATE_SQ":"2022-06-30 00:00:00","REPORT_TYPE_SQ":"2022年中报","OPERATE_INCOME_SQ":118779267.48,"DPS_HKD":null,"OPERATE_INCOME_QOQ_SQ":-21.064824840352,"NET_PROFIT_RATIO_SQ":-21.6347492498,"HOLDER_PROFIT_SQ":-25697596.68,"HOLDER_PROFIT_QOQ_SQ":-30.908554685706,"ROE_AVG_SQ":-15.582158395214,"PE_TTM_SQ":-0.600511206341,"PB_TTM_SQ":0.483493023114,"ROA_SQ":-12.13335762434,"START_DATE":"2023-06-01 00:00:00","FISCAL_YEAR":"5-31","CURRENCY":"HKD","IS_CNY_CODE":0,"DPS_HKD_LY":null,"ORG_TYPE":"一般企业","PREMIUM_INCOME":null,"PREMIUM_INCOME_YOY":null,"NET_INTEREST_INCOME":null,"NET_INTEREST_INCOME_YOY":null,"FEE_COMMISSION_INCOME":null,"FEE_COMMISSION_INCOME_YOY":null,"ACCOUNTS_RECE_TDAYS":4.373206418853,"INVENTORY_TDAYS":null,"CURRENT_ASSETS_TDAYS":1.433647309932,"TOTAL_ASSETS_TDAYS":0.844920115127,"PREMIUM_EXPENSE":null,"LOAN_DEPOSIT":null,"LOAN_EQUITY":null,"LOAN_ASSETS":null,"DEPOSIT_EQUITY":null,"DEPOSIT_ASSETS":null,"EQUITY_MULTIPLIER":1.491649109951,"EQUITY_RATIO":0.491649109951},{"SECUCODE":"02110.HK","SECURITY_CODE":"02110","SECURITY_NAME_ABBR":"天成控股","ORG_CODE":"10000033195","STD_REPORT_DATE":"2022-12-31 00:00:00","REPORT_DATE":"2023-05-31 00:00:00","DATE_TYPE_CODE":"001","REPORT_TYPE":"2022年年报","PER_NETCASH_OPERATE":-0.012070188345,"PER_OI":0.080467245054,"BPS":0.3207332404,"BASIC_EPS":-0.353716008,"DILUTED_EPS":-0.353716008,"OPERATE_INCOME":178959153,"OPERATE_INCOME_YOY":-6.717384648,"GROSS_PROFIT":-56335193.64,"GROSS_PROFIT_YOY":-319.721067257786,"HOLDER_PROFIT":-78668826,"HOLDER_PROFIT_YOY":-621.7573723328,"GROSS_PROFIT_RATIO":-31.479358666835,"EPS_TTM":-0.008908632554,"OPERATE_INCOME_QOQ":10.525312370103,"NET_PROFIT_RATIO":-43.9590960737,"ROE_AVG":-58.043007167861,"GROSS_PROFIT_QOQ":-128.316898961239,"ROA":-46.581316637905,"HOLDER_PROFIT_QOQ":-239.931997147288,"ROE_YEARLY":-58.043007167861,"ROIC_YEARLY":-65.726139825662,"TOTAL_ASSETS":132523308.24,"TOTAL_LIABILITIES":36303336.12,"TAX_EBT":2.097508856773,"OCF_SALES":-15.000126246686,"TOTAL_PARENT_EQUITY":96219972.12,"DEBT_ASSET_RATIO":27.0681636036,"OPERATE_PROFIT":-80193401.64,"PRETAX_PROFIT":-80354263.8,"NETCASH_OPERATE":-26844098.88,"NETCASH_INVEST":-8830248.12,"NETCASH_FINANCE":-1824610.68,"END_CASH":30443615.64,"DIVI_RATIO":null,"DIVIDEND_RATE":null,"CURRENT_RATIO":2.712858968323,"COMMON_ACS":300000000,"CURRENTDEBT_DEBT":74.028528042618,"ISSUED_COMMON_SHARES":300000000,"HK_COMMON_SHARES":300000000,"PER_SHARES":10000,"TOTAL_MARKET_CAP":33000000,"HKSK_MARKET_CAP":33000000,"PE_TTM":-0.747688961392,"PB_TTM":0.509880873287,"REPORT_DATE_SQ":"2021-12-31 00:00:00","REPORT_TYPE_SQ":"2021年年报","OPERATE_INCOME_SQ":180155665.25,"DPS_HKD":null,"OPERATE_INCOME_QOQ_SQ":-19.510457022944,"NET_PROFIT_RATIO_SQ":7.8592458252,"HOLDER_PROFIT_SQ":14158876.6,"HOLDER_PROFIT_QOQ_SQ":-33.630114844121,"ROE_AVG_SQ":8.441781861604,"PE_TTM_SQ":-0.557980011488,"PB_TTM_SQ":0.456200843422,"ROA_SQ":6.765118523384,"START_DATE":"2022-06-01 00:00:00","FISCAL_YEAR":"5-31","CURRENCY":"HKD","IS_CNY_CODE":0,"DPS_HKD_LY":null,"ORG_TYPE":"一般企业","PREMIUM_INCOME":null,"PREMIUM_INCOME_YOY":null,"NET_INTEREST_INCOME":null,"NET_INTEREST_INCOME_YOY":null,"FEE_COMMISSION_INCOME":null,"FEE_COMMISSION_INCOME_YOY":null,"ACCOUNTS_RECE_TDAYS":7.39313048348,"INVENTORY_TDAYS":null,"CURRENT_ASSETS_TDAYS":1.694295309191,"TOTAL_ASSETS_TDAYS":1.059651375901,"PREMIUM_EXPENSE":null,"LOAN_DEPOSIT":null,"LOAN_EQUITY":null,"LOAN_ASSETS":null,"DEPOSIT_EQUITY":null,"DEPOSIT_ASSETS":null,"EQUITY_MULTIPLIER":1.37114331602,"EQUITY_RATIO":0.37729522593},{"SECUCODE":"02110.HK","SECURITY_CODE":"02110","SECURITY_NAME_ABBR":"天成控股","ORG_CODE":"10000033195","STD_REPORT_DATE":"2022-06-30 00:00:00","REPORT_DATE":"2022-11-30 00:00:00","DATE_TYPE_CODE":"002","REPORT_TYPE":"2022年中报","PER_NETCASH_OPERATE":0.00286801469,"PER_OI":0.053407944011,"BPS":0.5069545781,"BASIC_EPS":-0.11575494,"DILUTED_EPS":-0.11575494,"OPERATE_INCOME":118779267.48,"OPERATE_INCOME_YOY":5.9440502139,"GROSS_PROFIT":-20003556.06,"GROSS_PROFIT_YOY":-255.112683816797,"HOLDER_PROFIT":-25697596.68,"HOLDER_PROFIT_YOY":-376.512455516,"GROSS_PROFIT_RATIO":-16.840949169322,"EPS_TTM":0.006366401349,"OPERATE_INCOME_QOQ":-21.064824840352,"NET_PROFIT_RATIO":-21.6347492498,"ROE_AVG":-15.582158395214,"GROSS_PROFIT_QOQ":-21.978765526779,"ROA":-12.13335762434,"HOLDER_PROFIT_QOQ":-30.908554685706,"ROE_YEARLY":-31.164316790427,"ROIC_YEARLY":-36.312889050441,"TOTAL_ASSETS":214337726.52,"TOTAL_LIABILITIES":62251353.09,"TAX_EBT":1.842299189388,"OCF_SALES":5.370015159484,"TOTAL_PARENT_EQUITY":152086373.43,"DEBT_ASSET_RATIO":29.0435818746,"OPERATE_PROFIT":-26116519.32,"PRETAX_PROFIT":-26179908.93,"NETCASH_OPERATE":6378464.67,"NETCASH_INVEST":-3292584.96,"NETCASH_FINANCE":-741382.83,"END_CASH":71449277.37,"DIVI_RATIO":null,"DIVIDEND_RATE":null,"CURRENT_RATIO":2.647577313553,"COMMON_ACS":300000000,"CURRENTDEBT_DEBT":88.235120497041,"ISSUED_COMMON_SHARES":300000000,"HK_COMMON_SHARES":300000000,"PER_SHARES":10000,"TOTAL_MARKET_CAP":33000000,"HKSK_MARKET_CAP":33000000,"PE_TTM":-0.747688961392,"PB_TTM":0.509880873287,"REPORT_DATE_SQ":"2021-06-30 00:00:00","REPORT_TYPE_SQ":"2021年中报","OPERATE_INCOME_SQ":99817320.96,"DPS_HKD":null,"OPERATE_INCOME_QOQ_SQ":6.73112762032,"NET_PROFIT_RATIO_SQ":8.2892213901,"HOLDER_PROFIT_SQ":8274078.72,"HOLDER_PROFIT_QOQ_SQ":28.322276829306,"ROE_AVG_SQ":5.204975495556,"PE_TTM_SQ":-0.557980011488,"PB_TTM_SQ":0.456200843422,"ROA_SQ":3.930444039934,"START_DATE":"2022-06-01 00:00:00","FISCAL_YEAR":"5-31","CURRENCY":"HKD","IS_CNY_CODE":0,"DPS_HKD_LY":null,"ORG_TYPE":"一般企业","PREMIUM_INCOME":null,"PREMIUM_INCOME_YOY":null,"NET_INTEREST_INCOME":null,"NET_INTEREST_INCOME_YOY":null,"FEE_COMMISSION_INCOME":null,"FEE_COMMISSION_INCOME_YOY":null,"ACCOUNTS_RECE_TDAYS":3.093998277017,"INVENTORY_TDAYS":null,"CURRENT_ASSETS_TDAYS":0.830455783362,"TOTAL_ASSETS_TDAYS":0.56082728227,"PREMIUM_EXPENSE":null,"LOAN_DEPOSIT":null,"LOAN_EQUITY":null,"LOAN_ASSETS":null,"DEPOSIT_EQUITY":null,"DEPOSIT_ASSETS":null,"EQUITY_MULTIPLIER":1.409315783433,"EQUITY_RATIO":0.409315783433},{"SECUCODE":"02110.HK","SECURITY_CODE":"02110","SECURITY_NAME_ABBR":"天成控股","ORG_CODE":"10000033195","STD_REPORT_DATE":"2021-12-31 00:00:00","REPORT_DATE":"2022-05-31 00:00:00","DATE_TYPE_CODE":"001","REPORT_TYPE":"2021年年报","PER_NETCASH_OPERATE":0.001724011106,"PER_OI":0.081005245166,"BPS":0.5473198445,"BASIC_EPS":0.006364875,"DILUTED_EPS":0.006364875,"OPERATE_INCOME":180155665.25,"OPERATE_INCOME_YOY":-38.5781411848,"GROSS_PROFIT":25639413.8,"GROSS_PROFIT_YOY":-44.206259398452,"HOLDER_PROFIT":14158876.6,"HOLDER_PROFIT_YOY":-55.6689252026,"GROSS_PROFIT_RATIO":14.231811008785,"EPS_TTM":0.009214456754,"OPERATE_INCOME_QOQ":-19.510457022944,"NET_PROFIT_RATIO":7.8592458252,"ROE_AVG":8.441781861604,"GROSS_PROFIT_QOQ":-28.489031251232,"ROA":6.765118523384,"HOLDER_PROFIT_QOQ":-33.630114844121,"ROE_YEARLY":8.441781861604,"ROIC_YEARLY":11.367523114554,"TOTAL_ASSETS":193295313.2,"TOTAL_LIABILITIES":29099359.85,"TAX_EBT":17.299494398731,"OCF_SALES":2.128270956497,"TOTAL_PARENT_EQUITY":164195953.35,"DEBT_ASSET_RATIO":15.0543535527,"OPERATE_PROFIT":17174130.05,"PRETAX_PROFIT":17120665.1,"NETCASH_OPERATE":3834200.7,"NETCASH_INVEST":-23914108.35,"NETCASH_FINANCE":-21789088.75,"END_CASH":63802355.65,"DIVI_RATIO":null,"DIVIDEND_RATE":null,"CURRENT_RATIO":5.760301034807,"COMMON_ACS":300000000,"CURRENTDEBT_DEBT":77.502989296859,"ISSUED_COMMON_SHARES":300000000,"HK_COMMON_SHARES":300000000,"PER_SHARES":10000,"TOTAL_MARKET_CAP":33000000,"HKSK_MARKET_CAP":33000000,"PE_TTM":-0.747688961392,"PB_TTM":0.509880873287,"REPORT_DATE_SQ":"2020-12-31 00:00:00","REPORT_TYPE_SQ":"2020年年报","OPERATE_INCOME_SQ":283555375.74,"DPS_HKD":null,"OPERATE_INCOME_QOQ_SQ":-7.919939110263,"NET_PROFIT_RATIO_SQ":10.8891897991,"HOLDER_PROFIT_SQ":30876883.05,"HOLDER_PROFIT_QOQ_SQ":-6.956014314411,"ROE_AVG_SQ":24.92854611632,"PE_TTM_SQ":-0.557980011488,"PB_TTM_SQ":0.456200843422,"ROA_SQ":18.01540895481,"START_DATE":"2021-06-01 00:00:00","FISCAL_YEAR":"5-31","CURRENCY":"HKD","IS_CNY_CODE":0,"DPS_HKD_LY":0.01124,"ORG_TYPE":"一般企业","PREMIUM_INCOME":null,"PREMIUM_INCOME_YOY":null,"NET_INTEREST_INCOME":null,"NET_INTEREST_INCOME_YOY":null,"FEE_COMMISSION_INCOME":null,"FEE_COMMISSION_INCOME_YOY":null,"ACCOUNTS_RECE_TDAYS":null,"INVENTORY_TDAYS":null,"CURRENT_ASSETS_TDAYS":1.173743444569,"TOTAL_ASSETS_TDAYS":0.860784695359,"PREMIUM_EXPENSE":null,"LOAN_DEPOSIT":null,"LOAN_EQUITY":null,"LOAN_ASSETS":null,"DEPOSIT_EQUITY":null,"DEPOSIT_ASSETS":null,"EQUITY_MULTIPLIER":1.17722336791,"EQUITY_RATIO":0.177223367911},{"SECUCODE":"02110.HK","SECURITY_CODE":"02110","SECURITY_NAME_ABBR":"天成控股","ORG_CODE":"10000033195","STD_REPORT_DATE":"2021-06-30 00:00:00","REPORT_DATE":"2021-11-30 00:00:00","DATE_TYPE_CODE":"002","REPORT_TYPE":"2021年中报","PER_NETCASH_OPERATE":-0.003812301583,"PER_OI":0.044881888921,"BPS":0.5095968768,"BASIC_EPS":0.00368064,"DILUTED_EPS":0.00368064,"OPERATE_INCOME":99817320.96,"OPERATE_INCOME_YOY":-33.2410669351,"GROSS_PROFIT":12896144.64,"GROSS_PROFIT_YOY":-50.376488504813,"HOLDER_PROFIT":8274078.72,"HOLDER_PROFIT_YOY":-53.9868091881,"GROSS_PROFIT_RATIO":12.919746308527,"EPS_TTM":0.01388349058,"OPERATE_INCOME_QOQ":6.73112762032,"NET_PROFIT_RATIO":8.2892213901,"ROE_AVG":5.204975495556,"GROSS_PROFIT_QOQ":11.801005486172,"ROA":3.930444039934,"HOLDER_PROFIT_QOQ":28.322276829306,"ROE_YEARLY":10.409950991112,"ROIC_YEARLY":13.189177208382,"TOTAL_ASSETS":203893551.36,"TOTAL_LIABILITIES":51014488.32,"TAX_EBT":15.889249189324,"OCF_SALES":-8.494075615792,"TOTAL_PARENT_EQUITY":152879063.04,"DEBT_ASSET_RATIO":25.0201578126,"OPERATE_PROFIT":9865751.04,"PRETAX_PROFIT":9837123.84,"NETCASH_OPERATE":-8478558.72,"NETCASH_INVEST":-4399591.68,"NETCASH_FINANCE":-20722003.2,"END_CASH":68244791.04,"DIVI_RATIO":null,"DIVIDEND_RATE":null,"CURRENT_RATIO":3.402403095272,"COMMON_ACS":300000000,"CURRENTDEBT_DEBT":90.336855269276,"ISSUED_COMMON_SHARES":300000000,"HK_COMMON_SHARES":300000000,"PER_SHARES":10000,"TOTAL_MARKET_CAP":33000000,"HKSK_MARKET_CAP":33000000,"PE_TTM":-0.747688961392,"PB_TTM":0.509880873287,"REPORT_DATE_SQ":"2020-06-30 00:00:00","REPORT_TYPE_SQ":"2020年中报","OPERATE_INCOME_SQ":155140270.68,"DPS_HKD":null,"OPERATE_INCOME_QOQ_SQ":10.39013345049,"NET_PROFIT_RATIO_SQ":12.0265420888,"HOLDER_PROFIT_SQ":18658009.95,"HOLDER_PROFIT_QOQ_SQ":2.310905903577,"ROE_AVG_SQ":24.121567874482,"PE_TTM_SQ":-0.557980011488,"PB_TTM_SQ":0.456200843422,"ROA_SQ":14.771291891747,"START_DATE":"2021-06-01 00:00:00","FISCAL_YEAR":"5-31","CURRENCY":"HKD","IS_CNY_CODE":0,"DPS_HKD_LY":0.01124,"ORG_TYPE":"一般企业","PREMIUM_INCOME":null,"PREMIUM_INCOME_YOY":null,"NET_INTEREST_INCOME":null,"NET_INTEREST_INCOME_YOY":null,"FEE_COMMISSION_INCOME":null,"FEE_COMMISSION_INCOME_YOY":null,"ACCOUNTS_RECE_TDAYS":2.095036995073,"INVENTORY_TDAYS":null,"CURRENT_ASSETS_TDAYS":0.609659596151,"TOTAL_ASSETS_TDAYS":0.474163236205,"PREMIUM_EXPENSE":null,"LOAN_DEPOSIT":null,"LOAN_EQUITY":null,"LOAN_ASSETS":null,"DEPOSIT_EQUITY":null,"DEPOSIT_ASSETS":null,"EQUITY_MULTIPLIER":1.333691790789,"EQUITY_RATIO":0.333691790789},{"SECUCODE":"02110.HK","SECURITY_CODE":"02110","SECURITY_NAME_ABBR":"天成控股","ORG_CODE":"10000033195","STD_REPORT_DATE":"2020-12-31 00:00:00","REPORT_DATE":"2021-05-31 00:00:00","DATE_TYPE_CODE":"001","REPORT_TYPE":"2020年年报","PER_NETCASH_OPERATE":0.012644360917,"PER_OI":0.127497920746,"BPS":0.551856769967,"BASIC_EPS":0.015916342,"DILUTED_EPS":0.015916342,"OPERATE_INCOME":283555375.74,"OPERATE_INCOME_YOY":10.1922525108,"GROSS_PROFIT":45953925.16,"GROSS_PROFIT_YOY":-2.112529609245,"HOLDER_PROFIT":30876883.05,"HOLDER_PROFIT_YOY":33.8704513926,"GROSS_PROFIT_RATIO":16.206331846142,"EPS_TTM":0.010819236475,"OPERATE_INCOME_QOQ":-7.919939110263,"NET_PROFIT_RATIO":10.8891897991,"ROE_AVG":24.92854611632,"GROSS_PROFIT_QOQ":-12.444910521971,"ROA":18.01540895481,"HOLDER_PROFIT_QOQ":-6.956014314411,"ROE_YEARLY":24.92854611632,"ROIC_YEARLY":28.698447073536,"TOTAL_ASSETS":217797911.24,"TOTAL_LIABILITIES":52240880.25,"TAX_EBT":17.167381974249,"OCF_SALES":9.917307547639,"TOTAL_PARENT_EQUITY":165557030.99,"DEBT_ASSET_RATIO":23.9859418084,"OPERATE_PROFIT":37447706.92,"PRETAX_PROFIT":37276237.05,"NETCASH_OPERATE":28121058.68,"NETCASH_INVEST":-19696063.01,"NETCASH_FINANCE":68288491.05,"END_CASH":102157482.31,"DIVI_RATIO":null,"DIVIDEND_RATE":null,"CURRENT_RATIO":3.655017167683,"COMMON_ACS":300000000,"CURRENTDEBT_DEBT":89.648998822144,"ISSUED_COMMON_SHARES":300000000,"HK_COMMON_SHARES":300000000,"PER_SHARES":10000,"TOTAL_MARKET_CAP":33000000,"HKSK_MARKET_CAP":33000000,"PE_TTM":-0.747688961392,"PB_TTM":0.509880873287,"REPORT_DATE_SQ":"2019-12-31 00:00:00","REPORT_TYPE_SQ":"2019年年报","OPERATE_INCOME_SQ":288523498.5,"DPS_HKD":null,"OPERATE_INCOME_QOQ_SQ":0,"NET_PROFIT_RATIO_SQ":8.9631755141,"HOLDER_PROFIT_SQ":25860867.57,"HOLDER_PROFIT_QOQ_SQ":0,"ROE_AVG_SQ":30.861697047539,"PE_TTM_SQ":-0.557980011488,"PB_TTM_SQ":0.456200843422,"ROA_SQ":19.212974036891,"START_DATE":"2020-06-01 00:00:00","FISCAL_YEAR":"5-31","CURRENCY":"HKD","IS_CNY_CODE":0,"DPS_HKD_LY":null,"ORG_TYPE":"一般企业","PREMIUM_INCOME":null,"PREMIUM_INCOME_YOY":null,"NET_INTEREST_INCOME":null,"NET_INTEREST_INCOME_YOY":null,"FEE_COMMISSION_INCOME":null,"FEE_COMMISSION_INCOME_YOY":null,"ACCOUNTS_RECE_TDAYS":null,"INVENTORY_TDAYS":null,"CURRENT_ASSETS_TDAYS":2.215975866612,"TOTAL_ASSETS_TDAYS":1.654430613031,"PREMIUM_EXPENSE":null,"LOAN_DEPOSIT":null,"LOAN_EQUITY":null,"LOAN_ASSETS":null,"DEPOSIT_EQUITY":null,"DEPOSIT_ASSETS":null,"EQUITY_MULTIPLIER":1.315546128953,"EQUITY_RATIO":0.315546128954},{"SECUCODE":"02110.HK","SECURITY_CODE":"02110","SECURITY_NAME_ABBR":"天成控股","ORG_CODE":"10000033195","STD_REPORT_DATE":"2020-06-30 00:00:00","REPORT_DATE":"2020-11-30 00:00:00","DATE_TYPE_CODE":"002","REPORT_TYPE":"2020年中报","PER_NETCASH_OPERATE":7174231.845,"PER_OI":77570135.34,"BPS":0.2323517015,"BASIC_EPS":0.011202444,"DILUTED_EPS":0.011202444,"OPERATE_INCOME":155140270.68,"OPERATE_INCOME_YOY":-7.7697725576,"GROSS_PROFIT":25987972.74,"GROSS_PROFIT_YOY":-18.354657954746,"HOLDER_PROFIT":18658009.95,"HOLDER_PROFIT_YOY":-3.4899034241,"GROSS_PROFIT_RATIO":16.751274589178,"EPS_TTM":null,"OPERATE_INCOME_QOQ":10.39013345049,"NET_PROFIT_RATIO":12.0265420888,"ROE_AVG":24.121567874482,"GROSS_PROFIT_QOQ":1.065808702772,"ROA":14.771291891747,"HOLDER_PROFIT_QOQ":2.310905903577,"ROE_YEARLY":48.243135748965,"ROIC_YEARLY":36.68201688524,"TOTAL_ASSETS":123338059.77,"TOTAL_LIABILITIES":53632549.32,"TAX_EBT":16.381408793549,"OCF_SALES":9.248703529463,"TOTAL_PARENT_EQUITY":69705510.45,"DEBT_ASSET_RATIO":43.4841843791,"OPERATE_PROFIT":22429499.43,"PRETAX_PROFIT":22313231.64,"NETCASH_OPERATE":14348463.69,"NETCASH_INVEST":-8471423.94,"NETCASH_FINANCE":-9348100.05,"END_CASH":22848742.41,"DIVI_RATIO":null,"DIVIDEND_RATE":null,"CURRENT_RATIO":1.706221630661,"COMMON_ACS":300000000,"CURRENTDEBT_DEBT":92.730552566618,"ISSUED_COMMON_SHARES":300000000,"HK_COMMON_SHARES":300000000,"PER_SHARES":10000,"TOTAL_MARKET_CAP":33000000,"HKSK_MARKET_CAP":33000000,"PE_TTM":-0.747688961392,"PB_TTM":0.509880873287,"REPORT_DATE_SQ":"2019-06-30 00:00:00","REPORT_TYPE_SQ":"2019年中报","OPERATE_INCOME_SQ":177991156.08,"DPS_HKD":null,"OPERATE_INCOME_QOQ_SQ":0.414230176595,"NET_PROFIT_RATIO_SQ":11.493209017,"HOLDER_PROFIT_SQ":20456895.6,"HOLDER_PROFIT_QOQ_SQ":-3.576098452054,"ROE_AVG_SQ":null,"PE_TTM_SQ":-0.557980011488,"PB_TTM_SQ":0.456200843422,"ROA_SQ":null,"START_DATE":"2020-06-01 00:00:00","FISCAL_YEAR":"5-31","CURRENCY":"HKD","IS_CNY_CODE":0,"DPS_HKD_LY":null,"ORG_TYPE":"一般企业","PREMIUM_INCOME":null,"PREMIUM_INCOME_YOY":null,"NET_INTEREST_INCOME":null,"NET_INTEREST_INCOME_YOY":null,"FEE_COMMISSION_INCOME":null,"FEE_COMMISSION_INCOME_YOY":null,"ACCOUNTS_RECE_TDAYS":5.169650179576,"INVENTORY_TDAYS":null,"CURRENT_ASSETS_TDAYS":1.798561575773,"TOTAL_ASSETS_TDAYS":1.228224354323,"PREMIUM_EXPENSE":null,"LOAN_DEPOSIT":null,"LOAN_EQUITY":null,"LOAN_ASSETS":null,"DEPOSIT_EQUITY":null,"DEPOSIT_ASSETS":null,"EQUITY_MULTIPLIER":1.769416205028,"EQUITY_RATIO":0.769416205028}],"count":16},"success":true,"message":"ok","code":0}