{"version":"2830389217e299af3de62b9472bf3750","result":{"pages":3,"data":[{"SECUCODE":"02119.HK","SECURITY_CODE":"02119","SECURITY_NAME_ABBR":"捷荣国际控股","ORG_CODE":"10089430","STD_REPORT_DATE":"2024-06-30 00:00:00","REPORT_DATE":"2024-06-30 00:00:00","DATE_TYPE_CODE":"002","REPORT_TYPE":"2024年中报","PER_NETCASH_OPERATE":0.080848490221,"PER_OI":0.442500648092,"BPS":0.642774939304,"BASIC_EPS":0.045816536,"DILUTED_EPS":0.045816536,"OPERATE_INCOME":318924161.16,"OPERATE_INCOME_YOY":-2.7672504466,"GROSS_PROFIT":113909765.44,"GROSS_PROFIT_YOY":6.410575994032,"HOLDER_PROFIT":32989731.28,"HOLDER_PROFIT_YOY":63.6306020824,"GROSS_PROFIT_RATIO":35.716881726892,"EPS_TTM":0.078761750464,"OPERATE_INCOME_QOQ":-1.880018384327,"NET_PROFIT_RATIO":10.3440677433,"ROE_AVG":6.58380895916,"GROSS_PROFIT_QOQ":3.147957035275,"ROA":5.114936063299,"HOLDER_PROFIT_QOQ":28.596213903514,"ROE_YEARLY":13.167617918321,"ROIC_YEARLY":15.032365790617,"TOTAL_ASSETS":619010607.12,"TOTAL_LIABILITIES":155742453.24,"TAX_EBT":19.896285790267,"OCF_SALES":18.270818488025,"TOTAL_PARENT_EQUITY":463268153.88,"DEBT_ASSET_RATIO":25.1599005653,"OPERATE_PROFIT":44920284.24,"PRETAX_PROFIT":41183772.32,"NETCASH_OPERATE":58270054.6,"NETCASH_INVEST":5679607.64,"NETCASH_FINANCE":-114399874.6,"END_CASH":180510763.08,"DIVI_RATIO":2.198867813104,"DIVIDEND_RATE":33.660714285714,"CURRENT_RATIO":3.176709838512,"COMMON_ACS":2000000000,"CURRENTDEBT_DEBT":82.847230768329,"ISSUED_COMMON_SHARES":720731512,"HK_COMMON_SHARES":720731512,"PER_SHARES":2000,"TOTAL_MARKET_CAP":403609646.72,"HKSK_MARKET_CAP":403609646.72,"PE_TTM":6.430284173531,"PB_TTM":0.795147366127,"REPORT_DATE_SQ":"2023-06-30 00:00:00","REPORT_TYPE_SQ":"2023年中报","OPERATE_INCOME_SQ":331343016.36,"DPS_HKD":0.1885,"OPERATE_INCOME_QOQ_SQ":8.042981915883,"NET_PROFIT_RATIO_SQ":6.1466628824,"HOLDER_PROFIT_SQ":20366538.2,"HOLDER_PROFIT_QOQ_SQ":5.628708516626,"ROE_AVG_SQ":3.833322487582,"PE_TTM_SQ":11.594253704292,"PB_TTM_SQ":0.973811348146,"ROA_SQ":3.091769859793,"START_DATE":"2024-01-01 00:00:00","FISCAL_YEAR":"12-31","CURRENCY":"HKD","IS_CNY_CODE":0,"DPS_HKD_LY":0.1885,"ORG_TYPE":"一般企业","PREMIUM_INCOME":null,"PREMIUM_INCOME_YOY":null,"NET_INTEREST_INCOME":null,"NET_INTEREST_INCOME_YOY":null,"FEE_COMMISSION_INCOME":null,"FEE_COMMISSION_INCOME_YOY":null,"ACCOUNTS_RECE_TDAYS":3.324978947519,"INVENTORY_TDAYS":1.691209630971,"CURRENT_ASSETS_TDAYS":0.723049896334,"TOTAL_ASSETS_TDAYS":0.494480139753,"PREMIUM_EXPENSE":null,"LOAN_DEPOSIT":null,"LOAN_EQUITY":null,"LOAN_ASSETS":null,"DEPOSIT_EQUITY":null,"DEPOSIT_ASSETS":null,"EQUITY_MULTIPLIER":1.336182083607,"EQUITY_RATIO":0.336182083607},{"SECUCODE":"02119.HK","SECURITY_CODE":"02119","SECURITY_NAME_ABBR":"捷荣国际控股","ORG_CODE":"10089430","STD_REPORT_DATE":"2023-12-31 00:00:00","REPORT_DATE":"2023-12-31 00:00:00","DATE_TYPE_CODE":"001","REPORT_TYPE":"2023年年报","PER_NETCASH_OPERATE":0.180241502719,"PER_OI":0.916528462543,"BPS":0.742391449536,"BASIC_EPS":0.061260472,"DILUTED_EPS":0.061260472,"OPERATE_INCOME":660570944.6,"OPERATE_INCOME_YOY":4.7406521845,"GROSS_PROFIT":217993939.66,"GROSS_PROFIT_YOY":3.95224446587,"HOLDER_PROFIT":44142882.42,"HOLDER_PROFIT_YOY":2.7138157895,"GROSS_PROFIT_RATIO":33.000836843044,"EPS_TTM":0.061247332308,"OPERATE_INCOME_QOQ":-1.651077575441,"NET_PROFIT_RATIO":6.6825346741,"ROE_AVG":8.357582578976,"GROSS_PROFIT_QOQ":-1.098139733528,"ROA":6.646844348866,"HOLDER_PROFIT_QOQ":-1.3498414495,"ROE_YEARLY":8.357582578976,"ROIC_YEARLY":9.53111440918,"TOTAL_ASSETS":666177727.74,"TOTAL_LIABILITIES":131112815.82,"TAX_EBT":17.436184277433,"OCF_SALES":19.665674344587,"TOTAL_PARENT_EQUITY":535064911.92,"DEBT_ASSET_RATIO":19.6813568452,"OPERATE_PROFIT":58299851.26,"PRETAX_PROFIT":53465167.56,"NETCASH_OPERATE":129905730.78,"NETCASH_INVEST":-29035288.8,"NETCASH_FINANCE":-41698807.08,"END_CASH":229955137.44,"DIVI_RATIO":2.827660756395,"DIVIDEND_RATE":33.660714285714,"CURRENT_RATIO":4.109262582787,"COMMON_ACS":2000000000,"CURRENTDEBT_DEBT":87.036998638384,"ISSUED_COMMON_SHARES":720731512,"HK_COMMON_SHARES":720731512,"PER_SHARES":2000,"TOTAL_MARKET_CAP":403609646.72,"HKSK_MARKET_CAP":403609646.72,"PE_TTM":6.430284173531,"PB_TTM":0.795147366127,"REPORT_DATE_SQ":"2022-12-31 00:00:00","REPORT_TYPE_SQ":"2022年年报","OPERATE_INCOME_SQ":621660537.26,"DPS_HKD":0.1885,"OPERATE_INCOME_QOQ_SQ":2.305286296953,"NET_PROFIT_RATIO_SQ":6.8144001333,"HOLDER_PROFIT_SQ":42362436.48,"HOLDER_PROFIT_QOQ_SQ":-18.086271930737,"ROE_AVG_SQ":8.150162061463,"PE_TTM_SQ":10.10781092169,"PB_TTM_SQ":0.84896373941,"ROA_SQ":6.352774281874,"START_DATE":"2023-01-01 00:00:00","FISCAL_YEAR":"12-31","CURRENCY":"HKD","IS_CNY_CODE":0,"DPS_HKD_LY":0.0403,"ORG_TYPE":"一般企业","PREMIUM_INCOME":null,"PREMIUM_INCOME_YOY":null,"NET_INTEREST_INCOME":null,"NET_INTEREST_INCOME_YOY":null,"FEE_COMMISSION_INCOME":null,"FEE_COMMISSION_INCOME_YOY":null,"ACCOUNTS_RECE_TDAYS":6.485200046264,"INVENTORY_TDAYS":2.9831654562,"CURRENT_ASSETS_TDAYS":1.408129104419,"TOTAL_ASSETS_TDAYS":0.994659163478,"PREMIUM_EXPENSE":null,"LOAN_DEPOSIT":null,"LOAN_EQUITY":null,"LOAN_ASSETS":null,"DEPOSIT_EQUITY":null,"DEPOSIT_ASSETS":null,"EQUITY_MULTIPLIER":1.245040952787,"EQUITY_RATIO":0.245040952787},{"SECUCODE":"02119.HK","SECURITY_CODE":"02119","SECURITY_NAME_ABBR":"捷荣国际控股","ORG_CODE":"10089430","STD_REPORT_DATE":"2023-06-30 00:00:00","REPORT_DATE":"2023-06-30 00:00:00","DATE_TYPE_CODE":"002","REPORT_TYPE":"2023年中报","PER_NETCASH_OPERATE":0.109449476687,"PER_OI":0.459731551685,"BPS":0.738484308454,"BASIC_EPS":0.028212588,"DILUTED_EPS":0.028212588,"OPERATE_INCOME":331343016.36,"OPERATE_INCOME_YOY":9.2402950912,"GROSS_PROFIT":107047409.88,"GROSS_PROFIT_YOY":11.115499569663,"HOLDER_PROFIT":20366538.2,"HOLDER_PROFIT_YOY":5.0554049555,"GROSS_PROFIT_RATIO":32.307127235087,"EPS_TTM":0.06208538659,"OPERATE_INCOME_QOQ":8.042981915883,"NET_PROFIT_RATIO":6.1466628824,"ROE_AVG":3.833322487582,"GROSS_PROFIT_QOQ":5.106460268585,"ROA":3.091769859793,"HOLDER_PROFIT_QOQ":5.628708516626,"ROE_YEARLY":7.666644975163,"ROIC_YEARLY":8.720101135804,"TOTAL_ASSETS":643896080.32,"TOTAL_LIABILITIES":111647168.1,"TAX_EBT":16.792225403044,"OCF_SALES":23.807258015148,"TOTAL_PARENT_EQUITY":532248912.22,"DEBT_ASSET_RATIO":17.3393147609,"OPERATE_PROFIT":26616640.62,"PRETAX_PROFIT":24476725.04,"NETCASH_OPERATE":78883686.82,"NETCASH_INVEST":-20723344.46,"NETCASH_FINANCE":-23507724.06,"END_CASH":208252232.5,"DIVI_RATIO":2.789491819454,"DIVIDEND_RATE":33.660714285714,"CURRENT_RATIO":4.394325710427,"COMMON_ACS":2000000000,"CURRENTDEBT_DEBT":90.492588463603,"ISSUED_COMMON_SHARES":720731512,"HK_COMMON_SHARES":720731512,"PER_SHARES":2000,"TOTAL_MARKET_CAP":403609646.72,"HKSK_MARKET_CAP":403609646.72,"PE_TTM":6.430284173531,"PB_TTM":0.795147366127,"REPORT_DATE_SQ":"2022-06-30 00:00:00","REPORT_TYPE_SQ":"2022年中报","OPERATE_INCOME_SQ":281342971.77,"DPS_HKD":0.1885,"OPERATE_INCOME_QOQ_SQ":-3.074912446104,"NET_PROFIT_RATIO_SQ":6.391515671,"HOLDER_PROFIT_SQ":17982080.13,"HOLDER_PROFIT_QOQ_SQ":-21.173764486882,"ROE_AVG_SQ":3.621891541341,"PE_TTM_SQ":10.10781092169,"PB_TTM_SQ":0.84896373941,"ROA_SQ":2.835355987055,"START_DATE":"2023-01-01 00:00:00","FISCAL_YEAR":"12-31","CURRENCY":"HKD","IS_CNY_CODE":0,"DPS_HKD_LY":0.0403,"ORG_TYPE":"一般企业","PREMIUM_INCOME":null,"PREMIUM_INCOME_YOY":null,"NET_INTEREST_INCOME":null,"NET_INTEREST_INCOME_YOY":null,"FEE_COMMISSION_INCOME":null,"FEE_COMMISSION_INCOME_YOY":null,"ACCOUNTS_RECE_TDAYS":3.424903747189,"INVENTORY_TDAYS":1.467542573792,"CURRENT_ASSETS_TDAYS":0.719200554737,"TOTAL_ASSETS_TDAYS":0.502999744569,"PREMIUM_EXPENSE":null,"LOAN_DEPOSIT":null,"LOAN_EQUITY":null,"LOAN_ASSETS":null,"DEPOSIT_EQUITY":null,"DEPOSIT_ASSETS":null,"EQUITY_MULTIPLIER":1.209764953082,"EQUITY_RATIO":0.209764953082},{"SECUCODE":"02119.HK","SECURITY_CODE":"02119","SECURITY_NAME_ABBR":"捷荣国际控股","ORG_CODE":"10089430","STD_REPORT_DATE":"2022-12-31 00:00:00","REPORT_DATE":"2022-12-31 00:00:00","DATE_TYPE_CODE":"001","REPORT_TYPE":"2022年年报","PER_NETCASH_OPERATE":0.051800454161,"PER_OI":0.862541080707,"BPS":0.7129437983,"BASIC_EPS":0.058777166,"DILUTED_EPS":0.058777166,"OPERATE_INCOME":621660537.26,"OPERATE_INCOME_YOY":-9.2404338589,"GROSS_PROFIT":209705851.74,"GROSS_PROFIT_YOY":-14.211231364254,"HOLDER_PROFIT":42362436.48,"HOLDER_PROFIT_YOY":-40.9002542246,"GROSS_PROFIT_RATIO":33.733177380744,"EPS_TTM":0.058777000554,"OPERATE_INCOME_QOQ":2.305286296953,"NET_PROFIT_RATIO":6.8144001333,"ROE_AVG":8.150162061463,"GROSS_PROFIT_QOQ":-4.41860269844,"ROA":6.352774281874,"HOLDER_PROFIT_QOQ":-18.086271930737,"ROE_YEARLY":8.150162061463,"ROIC_YEARLY":9.19859491773,"TOTAL_ASSETS":652597157.17,"TOTAL_LIABILITIES":138756095.45,"TAX_EBT":17.147399500341,"OCF_SALES":6.005563714009,"TOTAL_PARENT_EQUITY":513841061.72,"DEBT_ASSET_RATIO":21.2621360552,"OPERATE_PROFIT":55686451.8,"PRETAX_PROFIT":51129881.53,"NETCASH_OPERATE":37334219.65,"NETCASH_INVEST":-65094371.44,"NETCASH_FINANCE":-39910410.33,"END_CASH":169532820.03,"DIVI_RATIO":2.946504183066,"DIVIDEND_RATE":33.660714285714,"CURRENT_RATIO":3.614683381729,"COMMON_ACS":2000000000,"CURRENTDEBT_DEBT":92.229053336338,"ISSUED_COMMON_SHARES":720731512,"HK_COMMON_SHARES":720731512,"PER_SHARES":2000,"TOTAL_MARKET_CAP":403609646.72,"HKSK_MARKET_CAP":403609646.72,"PE_TTM":6.430284173531,"PB_TTM":0.795147366127,"REPORT_DATE_SQ":"2021-12-31 00:00:00","REPORT_TYPE_SQ":"2021年年报","OPERATE_INCOME_SQ":626929956.8,"DPS_HKD":0.1885,"OPERATE_INCOME_QOQ_SQ":9.333613174014,"NET_PROFIT_RATIO_SQ":10.4648842647,"HOLDER_PROFIT_SQ":65607494.4,"HOLDER_PROFIT_QOQ_SQ":-6.506997422903,"ROE_AVG_SQ":14.065273005014,"PE_TTM_SQ":10.10781092169,"PB_TTM_SQ":0.84896373941,"ROA_SQ":11.089659518542,"START_DATE":"2022-01-01 00:00:00","FISCAL_YEAR":"12-31","CURRENCY":"HKD","IS_CNY_CODE":0,"DPS_HKD_LY":0.0526,"ORG_TYPE":"一般企业","PREMIUM_INCOME":null,"PREMIUM_INCOME_YOY":null,"NET_INTEREST_INCOME":null,"NET_INTEREST_INCOME_YOY":null,"FEE_COMMISSION_INCOME":null,"FEE_COMMISSION_INCOME_YOY":null,"ACCOUNTS_RECE_TDAYS":5.937530927395,"INVENTORY_TDAYS":2.544236827152,"CURRENT_ASSETS_TDAYS":1.267621231633,"TOTAL_ASSETS_TDAYS":0.932257301826,"PREMIUM_EXPENSE":null,"LOAN_DEPOSIT":null,"LOAN_EQUITY":null,"LOAN_ASSETS":null,"DEPOSIT_EQUITY":null,"DEPOSIT_ASSETS":null,"EQUITY_MULTIPLIER":1.270036993512,"EQUITY_RATIO":0.270036993512},{"SECUCODE":"02119.HK","SECURITY_CODE":"02119","SECURITY_NAME_ABBR":"捷荣国际控股","ORG_CODE":"10089430","STD_REPORT_DATE":"2022-06-30 00:00:00","REPORT_DATE":"2022-06-30 00:00:00","DATE_TYPE_CODE":"002","REPORT_TYPE":"2022年中报","PER_NETCASH_OPERATE":0.050554505434,"PER_OI":0.390357528547,"BPS":0.679406704421,"BASIC_EPS":0.024971548,"DILUTED_EPS":0.024971548,"OPERATE_INCOME":281342971.77,"OPERATE_INCOME_YOY":-8.9416199818,"GROSS_PROFIT":96338863.88,"GROSS_PROFIT_YOY":-20.632324779107,"HOLDER_PROFIT":17982080.13,"HOLDER_PROFIT_YOY":-45.1078160079,"GROSS_PROFIT_RATIO":34.242498852524,"EPS_TTM":0.071754761918,"OPERATE_INCOME_QOQ":-3.074912446104,"NET_PROFIT_RATIO":6.391515671,"ROE_AVG":3.621891541341,"GROSS_PROFIT_QOQ":-10.245329051759,"ROA":2.835355987055,"HOLDER_PROFIT_QOQ":-21.173764486882,"ROE_YEARLY":7.243783082682,"ROIC_YEARLY":8.596835520667,"TOTAL_ASSETS":616381613.26,"TOTAL_LIABILITIES":126711791.92,"TAX_EBT":19.707499618146,"OCF_SALES":12.950821167051,"TOTAL_PARENT_EQUITY":489669821.34,"DEBT_ASSET_RATIO":20.5573607639,"OPERATE_PROFIT":25112654.35,"PRETAX_PROFIT":22395715.72,"NETCASH_OPERATE":36436225.14,"NETCASH_INVEST":-46443658.52,"NETCASH_FINANCE":-20189325.52,"END_CASH":199024947.94,"DIVI_RATIO":2.413591424066,"DIVIDEND_RATE":33.660714285714,"CURRENT_RATIO":3.830711124848,"COMMON_ACS":2000000000,"CURRENTDEBT_DEBT":89.52607850548,"ISSUED_COMMON_SHARES":720731512,"HK_COMMON_SHARES":720731512,"PER_SHARES":2000,"TOTAL_MARKET_CAP":403609646.72,"HKSK_MARKET_CAP":403609646.72,"PE_TTM":6.430284173531,"PB_TTM":0.795147366127,"REPORT_DATE_SQ":"2021-06-30 00:00:00","REPORT_TYPE_SQ":"2021年中报","OPERATE_INCOME_SQ":300620519.04,"DPS_HKD":0.1885,"OPERATE_INCOME_QOQ_SQ":6.702179710222,"NET_PROFIT_RATIO_SQ":10.6026217311,"HOLDER_PROFIT_SQ":31873656.48,"HOLDER_PROFIT_QOQ_SQ":8.56847102309,"ROE_AVG_SQ":6.860651194113,"PE_TTM_SQ":10.10781092169,"PB_TTM_SQ":0.84896373941,"ROA_SQ":5.529659885353,"START_DATE":"2022-01-01 00:00:00","FISCAL_YEAR":"12-31","CURRENCY":"HKD","IS_CNY_CODE":0,"DPS_HKD_LY":0.0526,"ORG_TYPE":"一般企业","PREMIUM_INCOME":null,"PREMIUM_INCOME_YOY":null,"NET_INTEREST_INCOME":null,"NET_INTEREST_INCOME_YOY":null,"FEE_COMMISSION_INCOME":null,"FEE_COMMISSION_INCOME_YOY":null,"ACCOUNTS_RECE_TDAYS":2.925671649755,"INVENTORY_TDAYS":1.353121647782,"CURRENT_ASSETS_TDAYS":0.604577013125,"TOTAL_ASSETS_TDAYS":0.443612459547,"PREMIUM_EXPENSE":null,"LOAN_DEPOSIT":null,"LOAN_EQUITY":null,"LOAN_ASSETS":null,"DEPOSIT_EQUITY":null,"DEPOSIT_ASSETS":null,"EQUITY_MULTIPLIER":1.258769861646,"EQUITY_RATIO":0.258769861645},{"SECUCODE":"02119.HK","SECURITY_CODE":"02119","SECURITY_NAME_ABBR":"捷荣国际控股","ORG_CODE":"10089430","STD_REPORT_DATE":"2021-12-31 00:00:00","REPORT_DATE":"2021-12-31 00:00:00","DATE_TYPE_CODE":"001","REPORT_TYPE":"2021年年报","PER_NETCASH_OPERATE":0.110709793413,"PER_OI":0.869852290849,"BPS":0.66761886221,"BASIC_EPS":0.09099888,"DILUTED_EPS":0.09099888,"OPERATE_INCOME":626929956.8,"OPERATE_INCOME_YOY":20.0915573361,"GROSS_PROFIT":244444412.8,"GROSS_PROFIT_YOY":10.410108688535,"HOLDER_PROFIT":65607494.4,"HOLDER_PROFIT_YOY":4.4884565803,"GROSS_PROFIT_RATIO":38.990705444625,"EPS_TTM":0.091029035511,"OPERATE_INCOME_QOQ":9.333613174014,"NET_PROFIT_RATIO":10.4648842647,"ROE_AVG":14.065273005014,"GROSS_PROFIT_QOQ":4.244892480044,"ROA":11.089659518542,"HOLDER_PROFIT_QOQ":-6.506997422903,"ROE_YEARLY":14.065273005014,"ROIC_YEARLY":17.866442530879,"TOTAL_ASSETS":623375849.6,"TOTAL_LIABILITIES":142201897.6,"TAX_EBT":20.231420732435,"OCF_SALES":12.727424480923,"TOTAL_PARENT_EQUITY":481173952,"DEBT_ASSET_RATIO":22.8115827219,"OPERATE_PROFIT":82953696,"PRETAX_PROFIT":82247289.6,"NETCASH_OPERATE":79792036.8,"NETCASH_INVEST":-24558251.2,"NETCASH_FINANCE":-60746862.4,"END_CASH":222480406.4,"DIVI_RATIO":1.902543260259,"DIVIDEND_RATE":33.660714285714,"CURRENT_RATIO":3.79922334929,"COMMON_ACS":2000000000,"CURRENTDEBT_DEBT":87.799983901199,"ISSUED_COMMON_SHARES":720731512,"HK_COMMON_SHARES":720731512,"PER_SHARES":2000,"TOTAL_MARKET_CAP":403609646.72,"HKSK_MARKET_CAP":403609646.72,"PE_TTM":6.430284173531,"PB_TTM":0.795147366127,"REPORT_DATE_SQ":"2020-12-31 00:00:00","REPORT_TYPE_SQ":"2020年年报","OPERATE_INCOME_SQ":537393031.48,"DPS_HKD":0.1885,"OPERATE_INCOME_QOQ_SQ":-13.970436591203,"NET_PROFIT_RATIO_SQ":12.0275893608,"HOLDER_PROFIT_SQ":64635427.08,"HOLDER_PROFIT_QOQ_SQ":7.474975619529,"ROE_AVG_SQ":13.934740047068,"PE_TTM_SQ":10.10781092169,"PB_TTM_SQ":0.84896373941,"ROA_SQ":10.791832455877,"START_DATE":"2021-01-01 00:00:00","FISCAL_YEAR":"12-31","CURRENCY":"HKD","IS_CNY_CODE":0,"DPS_HKD_LY":0.0719,"ORG_TYPE":"一般企业","PREMIUM_INCOME":null,"PREMIUM_INCOME_YOY":null,"NET_INTEREST_INCOME":null,"NET_INTEREST_INCOME_YOY":null,"FEE_COMMISSION_INCOME":null,"FEE_COMMISSION_INCOME_YOY":null,"ACCOUNTS_RECE_TDAYS":6.500862635383,"INVENTORY_TDAYS":3.287930701246,"CURRENT_ASSETS_TDAYS":1.390518348191,"TOTAL_ASSETS_TDAYS":1.059702070086,"PREMIUM_EXPENSE":null,"LOAN_DEPOSIT":null,"LOAN_EQUITY":null,"LOAN_ASSETS":null,"DEPOSIT_EQUITY":null,"DEPOSIT_ASSETS":null,"EQUITY_MULTIPLIER":1.295531162917,"EQUITY_RATIO":0.295531162917},{"SECUCODE":"02119.HK","SECURITY_CODE":"02119","SECURITY_NAME_ABBR":"捷荣国际控股","ORG_CODE":"10089430","STD_REPORT_DATE":"2021-06-30 00:00:00","REPORT_DATE":"2021-06-30 00:00:00","DATE_TYPE_CODE":"002","REPORT_TYPE":"2021年中报","PER_NETCASH_OPERATE":0.059623827853,"PER_OI":0.417104724901,"BPS":0.651346881472,"BASIC_EPS":0.044266656,"DILUTED_EPS":0.044266656,"OPERATE_INCOME":300620519.04,"OPERATE_INCOME_YOY":24.7205517851,"GROSS_PROFIT":121382998.32,"GROSS_PROFIT_YOY":12.091482626085,"HOLDER_PROFIT":31873656.48,"HOLDER_PROFIT_YOY":32.8639311852,"GROSS_PROFIT_RATIO":40.377482783818,"EPS_TTM":0.097364543872,"OPERATE_INCOME_QOQ":6.702179710222,"NET_PROFIT_RATIO":10.6026217311,"ROE_AVG":6.860651194113,"GROSS_PROFIT_QOQ":5.914166211713,"ROA":5.529659885353,"HOLDER_PROFIT_QOQ":8.56847102309,"ROE_YEARLY":13.721302388225,"ROIC_YEARLY":18.158353489662,"TOTAL_ASSETS":583066746.72,"TOTAL_LIABILITIES":113620524,"TAX_EBT":20.974563158872,"OCF_SALES":14.294690108722,"TOTAL_PARENT_EQUITY":469446222.72,"DEBT_ASSET_RATIO":19.4867096502,"OPERATE_PROFIT":40651268.4,"PRETAX_PROFIT":40333413.84,"NETCASH_OPERATE":42972771.6,"NETCASH_INVEST":-14685379.92,"NETCASH_FINANCE":-38551930.56,"END_CASH":220373059.68,"DIVI_RATIO":1.778744819344,"DIVIDEND_RATE":33.660714285714,"CURRENT_RATIO":4.47460989497,"COMMON_ACS":2000000000,"CURRENTDEBT_DEBT":85.274990845844,"ISSUED_COMMON_SHARES":720731512,"HK_COMMON_SHARES":720731512,"PER_SHARES":2000,"TOTAL_MARKET_CAP":403609646.72,"HKSK_MARKET_CAP":403609646.72,"PE_TTM":6.430284173531,"PB_TTM":0.795147366127,"REPORT_DATE_SQ":"2020-06-30 00:00:00","REPORT_TYPE_SQ":"2020年中报","OPERATE_INCOME_SQ":264603472.32,"DPS_HKD":0.1885,"OPERATE_INCOME_QOQ_SQ":-11.166985564621,"NET_PROFIT_RATIO_SQ":9.9527751503,"HOLDER_PROFIT_SQ":26335388.64,"HOLDER_PROFIT_QOQ_SQ":-11.050907426282,"ROE_AVG_SQ":5.354811269416,"PE_TTM_SQ":10.10781092169,"PB_TTM_SQ":0.84896373941,"ROA_SQ":4.127597465116,"START_DATE":"2021-01-01 00:00:00","FISCAL_YEAR":"12-31","CURRENCY":"HKD","IS_CNY_CODE":0,"DPS_HKD_LY":0.0719,"ORG_TYPE":"一般企业","PREMIUM_INCOME":null,"PREMIUM_INCOME_YOY":null,"NET_INTEREST_INCOME":null,"NET_INTEREST_INCOME_YOY":null,"FEE_COMMISSION_INCOME":null,"FEE_COMMISSION_INCOME_YOY":null,"ACCOUNTS_RECE_TDAYS":3.349244239674,"INVENTORY_TDAYS":1.748655482991,"CURRENT_ASSETS_TDAYS":0.692283740373,"TOTAL_ASSETS_TDAYS":0.521537033535,"PREMIUM_EXPENSE":null,"LOAN_DEPOSIT":null,"LOAN_EQUITY":null,"LOAN_ASSETS":null,"DEPOSIT_EQUITY":null,"DEPOSIT_ASSETS":null,"EQUITY_MULTIPLIER":1.242030968621,"EQUITY_RATIO":0.24203096862},{"SECUCODE":"02119.HK","SECURITY_CODE":"02119","SECURITY_NAME_ABBR":"捷荣国际控股","ORG_CODE":"10089430","STD_REPORT_DATE":"2020-12-31 00:00:00","REPORT_DATE":"2020-12-31 00:00:00","DATE_TYPE_CODE":"001","REPORT_TYPE":"2020年年报","PER_NETCASH_OPERATE":0.123955526267,"PER_OI":0.745918903833,"BPS":0.645189806714,"BASIC_EPS":0.086857248,"DILUTED_EPS":0.086773084,"OPERATE_INCOME":537393031.48,"OPERATE_INCOME_YOY":-18.6613214301,"GROSS_PROFIT":221396768.56,"GROSS_PROFIT_YOY":-20.229255461244,"HOLDER_PROFIT":64635427.08,"HOLDER_PROFIT_YOY":1.7475290813,"GROSS_PROFIT_RATIO":41.198295398484,"EPS_TTM":0.089716062718,"OPERATE_INCOME_QOQ":-13.970436591203,"NET_PROFIT_RATIO":12.0275893608,"ROE_AVG":13.934740047068,"GROSS_PROFIT_QOQ":-13.414456800108,"ROA":10.791832455877,"HOLDER_PROFIT_QOQ":7.474975619529,"ROE_YEARLY":13.934740047068,"ROIC_YEARLY":18.478029414419,"TOTAL_ASSETS":576304573.6,"TOTAL_LIABILITIES":111295948.68,"TAX_EBT":16.323995685288,"OCF_SALES":16.617828778698,"TOTAL_PARENT_EQUITY":465008624.92,"DEBT_ASSET_RATIO":19.3120016357,"OPERATE_PROFIT":78457680.8,"PRETAX_PROFIT":77244877.56,"NETCASH_OPERATE":89303053.84,"NETCASH_INVEST":-26110197.72,"NETCASH_FINANCE":-98651990.96,"END_CASH":232971843.48,"DIVI_RATIO":1.930386518911,"DIVIDEND_RATE":33.660714285714,"CURRENT_RATIO":4.302753426349,"COMMON_ACS":2000000000,"CURRENTDEBT_DEBT":91.869144036843,"ISSUED_COMMON_SHARES":720731512,"HK_COMMON_SHARES":720731512,"PER_SHARES":2000,"TOTAL_MARKET_CAP":403609646.72,"HKSK_MARKET_CAP":403609646.72,"PE_TTM":6.430284173531,"PB_TTM":0.795147366127,"REPORT_DATE_SQ":"2019-12-31 00:00:00","REPORT_TYPE_SQ":"2019年年报","OPERATE_INCOME_SQ":703185508.44,"DPS_HKD":0.1885,"OPERATE_INCOME_QOQ_SQ":-25.345280950429,"NET_PROFIT_RATIO_SQ":9.8458849577,"HOLDER_PROFIT_SQ":67611682.84,"HOLDER_PROFIT_QOQ_SQ":-7.902034573388,"ROE_AVG_SQ":13.897074595648,"PE_TTM_SQ":10.10781092169,"PB_TTM_SQ":0.84896373941,"ROA_SQ":9.43449055151,"START_DATE":"2020-01-01 00:00:00","FISCAL_YEAR":"12-31","CURRENCY":"HKD","IS_CNY_CODE":0,"DPS_HKD_LY":0.0491,"ORG_TYPE":"一般企业","PREMIUM_INCOME":null,"PREMIUM_INCOME_YOY":null,"NET_INTEREST_INCOME":null,"NET_INTEREST_INCOME_YOY":null,"FEE_COMMISSION_INCOME":null,"FEE_COMMISSION_INCOME_YOY":null,"ACCOUNTS_RECE_TDAYS":5.552983228174,"INVENTORY_TDAYS":3.081183552381,"CURRENT_ASSETS_TDAYS":1.165593729777,"TOTAL_ASSETS_TDAYS":0.897256476933,"PREMIUM_EXPENSE":null,"LOAN_DEPOSIT":null,"LOAN_EQUITY":null,"LOAN_ASSETS":null,"DEPOSIT_EQUITY":null,"DEPOSIT_ASSETS":null,"EQUITY_MULTIPLIER":1.239341686833,"EQUITY_RATIO":0.239341686832},{"SECUCODE":"02119.HK","SECURITY_CODE":"02119","SECURITY_NAME_ABBR":"捷荣国际控股","ORG_CODE":"10089430","STD_REPORT_DATE":"2020-06-30 00:00:00","REPORT_DATE":"2020-06-30 00:00:00","DATE_TYPE_CODE":"002","REPORT_TYPE":"2020年中报","PER_NETCASH_OPERATE":0.044484499957,"PER_OI":0.353278346819,"BPS":0.66802407696,"BASIC_EPS":0.034984752,"DILUTED_EPS":0.034893408,"OPERATE_INCOME":264603472.32,"OPERATE_INCOME_YOY":-25.7367286301,"GROSS_PROFIT":108289225.44,"GROSS_PROFIT_YOY":-16.785974532105,"HOLDER_PROFIT":26335388.64,"HOLDER_PROFIT_YOY":-24.9817860117,"GROSS_PROFIT_RATIO":40.925096141233,"EPS_TTM":0.08029430584,"OPERATE_INCOME_QOQ":-11.166985564621,"NET_PROFIT_RATIO":9.9527751503,"ROE_AVG":5.354811269416,"GROSS_PROFIT_QOQ":-7.870596417468,"ROA":4.127597465116,"HOLDER_PROFIT_QOQ":-11.050907426282,"ROE_YEARLY":10.709622538832,"ROIC_YEARLY":14.163043745241,"TOTAL_ASSETS":601485624.96,"TOTAL_LIABILITIES":120019621.92,"TAX_EBT":16.521411819208,"OCF_SALES":12.591912399285,"TOTAL_PARENT_EQUITY":481466003.04,"DEBT_ASSET_RATIO":19.9538637233,"OPERATE_PROFIT":32354958.24,"PRETAX_PROFIT":31547477.28,"NETCASH_OPERATE":33318637.44,"NETCASH_INVEST":-12787246.56,"NETCASH_FINANCE":-63023706.24,"END_CASH":244359815.04,"DIVI_RATIO":2.156898626729,"DIVIDEND_RATE":33.660714285714,"CURRENT_RATIO":4.206908533123,"COMMON_ACS":2000000000,"CURRENTDEBT_DEBT":89.806154056913,"ISSUED_COMMON_SHARES":720731512,"HK_COMMON_SHARES":720731512,"PER_SHARES":2000,"TOTAL_MARKET_CAP":403609646.72,"HKSK_MARKET_CAP":403609646.72,"PE_TTM":6.430284173531,"PB_TTM":0.795147366127,"REPORT_DATE_SQ":"2019-06-30 00:00:00","REPORT_TYPE_SQ":"2019年中报","OPERATE_INCOME_SQ":343128096.54,"DPS_HKD":0.1885,"OPERATE_INCOME_QOQ_SQ":0.351960240932,"NET_PROFIT_RATIO_SQ":7.6440118683,"HOLDER_PROFIT_SQ":33807093.12,"HOLDER_PROFIT_QOQ_SQ":10.558194136398,"ROE_AVG_SQ":7.181282921843,"PE_TTM_SQ":10.10781092169,"PB_TTM_SQ":0.84896373941,"ROA_SQ":4.519266442342,"START_DATE":"2020-01-01 00:00:00","FISCAL_YEAR":"12-31","CURRENCY":"HKD","IS_CNY_CODE":0,"DPS_HKD_LY":0.0491,"ORG_TYPE":"一般企业","PREMIUM_INCOME":null,"PREMIUM_INCOME_YOY":null,"NET_INTEREST_INCOME":null,"NET_INTEREST_INCOME_YOY":null,"FEE_COMMISSION_INCOME":null,"FEE_COMMISSION_INCOME_YOY":null,"ACCOUNTS_RECE_TDAYS":2.838130042668,"INVENTORY_TDAYS":1.371248392383,"CURRENT_ASSETS_TDAYS":0.541817780529,"TOTAL_ASSETS_TDAYS":0.414718247199,"PREMIUM_EXPENSE":null,"LOAN_DEPOSIT":null,"LOAN_EQUITY":null,"LOAN_ASSETS":null,"DEPOSIT_EQUITY":null,"DEPOSIT_ASSETS":null,"EQUITY_MULTIPLIER":1.249279536171,"EQUITY_RATIO":0.249279536171}],"count":19},"success":true,"message":"ok","code":0}