{"version":"1813a018712238e3662750a1ae8821e6","result":{"pages":3,"data":[{"SECUCODE":"02116.HK","SECURITY_CODE":"02116","SECURITY_NAME_ABBR":"江苏创新","ORG_CODE":"10727039","STD_REPORT_DATE":"2024-06-30 00:00:00","REPORT_DATE":"2024-06-30 00:00:00","DATE_TYPE_CODE":"002","REPORT_TYPE":"2024年中报","PER_NETCASH_OPERATE":0.0316625,"PER_OI":0.144035416667,"BPS":0.467210416667,"BASIC_EPS":0.0143,"DILUTED_EPS":0.0143,"OPERATE_INCOME":69137000,"OPERATE_INCOME_YOY":-30.7903298463,"GROSS_PROFIT":19032000,"GROSS_PROFIT_YOY":-24.795511123405,"HOLDER_PROFIT":6870000,"HOLDER_PROFIT_YOY":-36.8450082736,"GROSS_PROFIT_RATIO":27.527951747979,"EPS_TTM":0.035652083333,"OPERATE_INCOME_QOQ":-16.530249205948,"NET_PROFIT_RATIO":9.9367921663,"ROE_AVG":3.053238343696,"GROSS_PROFIT_QOQ":-12.886068670938,"ROA":2.719553470697,"HOLDER_PROFIT_QOQ":-18.976374224705,"ROE_YEARLY":6.106476687392,"ROIC_YEARLY":8.832264119409,"TOTAL_ASSETS":245834000,"TOTAL_LIABILITIES":21573000,"TAX_EBT":20.834293616041,"OCF_SALES":21.982440661296,"TOTAL_PARENT_EQUITY":224261000,"DEBT_ASSET_RATIO":8.7754338293,"OPERATE_PROFIT":8683000,"PRETAX_PROFIT":8678000,"NETCASH_OPERATE":15198000,"NETCASH_INVEST":-3101000,"NETCASH_FINANCE":-8716000,"END_CASH":98894000,"DIVI_RATIO":0.50836860866,"DIVIDEND_RATE":3.703703703704,"CURRENT_RATIO":11.036318816763,"COMMON_ACS":1500000000,"CURRENTDEBT_DEBT":84.619663468224,"ISSUED_COMMON_SHARES":480000000,"HK_COMMON_SHARES":480000000,"PER_SHARES":2000,"TOTAL_MARKET_CAP":259200000,"HKSK_MARKET_CAP":259200000,"PE_TTM":13.616689153177,"PB_TTM":1.054872028574,"REPORT_DATE_SQ":"2023-06-30 00:00:00","REPORT_TYPE_SQ":"2023年中报","OPERATE_INCOME_SQ":99895000,"DPS_HKD":0.02,"OPERATE_INCOME_QOQ_SQ":-4.880571421906,"NET_PROFIT_RATIO_SQ":10.8894339056,"HOLDER_PROFIT_SQ":10878000,"HOLDER_PROFIT_QOQ_SQ":19.968580904172,"ROE_AVG_SQ":3.552400188756,"PE_TTM_SQ":11.686442979158,"PB_TTM_SQ":0.503620403139,"ROA_SQ":3.130328183745,"START_DATE":"2024-01-01 00:00:00","FISCAL_YEAR":"12-31","CURRENCY":"HKD","IS_CNY_CODE":0,"DPS_HKD_LY":0.02,"ORG_TYPE":"一般企业","PREMIUM_INCOME":null,"PREMIUM_INCOME_YOY":null,"NET_INTEREST_INCOME":null,"NET_INTEREST_INCOME_YOY":null,"FEE_COMMISSION_INCOME":null,"FEE_COMMISSION_INCOME_YOY":null,"ACCOUNTS_RECE_TDAYS":0.928393503381,"INVENTORY_TDAYS":1.372269770626,"CURRENT_ASSETS_TDAYS":0.330627401564,"TOTAL_ASSETS_TDAYS":0.273685252261,"PREMIUM_EXPENSE":null,"LOAN_DEPOSIT":null,"LOAN_EQUITY":null,"LOAN_ASSETS":null,"DEPOSIT_EQUITY":null,"DEPOSIT_ASSETS":null,"EQUITY_MULTIPLIER":1.096195950254,"EQUITY_RATIO":0.096195950254},{"SECUCODE":"02116.HK","SECURITY_CODE":"02116","SECURITY_NAME_ABBR":"江苏创新","ORG_CODE":"10727039","STD_REPORT_DATE":"2023-12-31 00:00:00","REPORT_DATE":"2023-12-31 00:00:00","DATE_TYPE_CODE":"001","REPORT_TYPE":"2023年年报","PER_NETCASH_OPERATE":0.09766875,"PER_OI":0.387647916667,"BPS":0.47031875,"BASIC_EPS":0.044,"DILUTED_EPS":0.044,"OPERATE_INCOME":186071000,"OPERATE_INCOME_YOY":-27.6503501398,"GROSS_PROFIT":48696000,"GROSS_PROFIT_YOY":-9.619703409492,"HOLDER_PROFIT":21121000,"HOLDER_PROFIT_YOY":84.334089719,"GROSS_PROFIT_RATIO":26.170655287498,"EPS_TTM":0.044002083333,"OPERATE_INCOME_QOQ":-23.938094517866,"NET_PROFIT_RATIO":11.3510434189,"ROE_AVG":8.027257939464,"GROSS_PROFIT_QOQ":-14.461873561805,"ROA":6.960576725026,"HOLDER_PROFIT_QOQ":53.651971482613,"ROE_YEARLY":8.027257939464,"ROIC_YEARLY":11.567224463083,"TOTAL_ASSETS":259396000,"TOTAL_LIABILITIES":33643000,"TAX_EBT":16.159892029216,"OCF_SALES":25.195221179012,"TOTAL_PARENT_EQUITY":225753000,"DEBT_ASSET_RATIO":12.9697451002,"OPERATE_PROFIT":25205000,"PRETAX_PROFIT":25192000,"NETCASH_OPERATE":46881000,"NETCASH_INVEST":-2409000,"NETCASH_FINANCE":-96697000,"END_CASH":95204000,"DIVI_RATIO":0.41189867904,"DIVIDEND_RATE":3.846153846154,"CURRENT_RATIO":6.990550216087,"COMMON_ACS":1500000000,"CURRENTDEBT_DEBT":92.161816722647,"ISSUED_COMMON_SHARES":480000000,"HK_COMMON_SHARES":480000000,"PER_SHARES":2000,"TOTAL_MARKET_CAP":249600000,"HKSK_MARKET_CAP":249600000,"PE_TTM":13.112367332689,"PB_TTM":1.015802694182,"REPORT_DATE_SQ":"2022-12-31 00:00:00","REPORT_TYPE_SQ":"2022年年报","OPERATE_INCOME_SQ":257183000,"DPS_HKD":0.02,"OPERATE_INCOME_QOQ_SQ":25.241295349403,"NET_PROFIT_RATIO_SQ":4.4551933837,"HOLDER_PROFIT_SQ":11458000,"HOLDER_PROFIT_QOQ_SQ":-5.927750410509,"ROE_AVG_SQ":3.884258717801,"PE_TTM_SQ":11.686442979158,"PB_TTM_SQ":0.503620403139,"ROA_SQ":3.457333254881,"START_DATE":"2023-01-01 00:00:00","FISCAL_YEAR":"12-31","CURRENCY":"HKD","IS_CNY_CODE":0,"DPS_HKD_LY":0.22,"ORG_TYPE":"一般企业","PREMIUM_INCOME":null,"PREMIUM_INCOME_YOY":null,"NET_INTEREST_INCOME":null,"NET_INTEREST_INCOME_YOY":null,"FEE_COMMISSION_INCOME":null,"FEE_COMMISSION_INCOME_YOY":null,"ACCOUNTS_RECE_TDAYS":1.838973335178,"INVENTORY_TDAYS":3.88927423807,"CURRENT_ASSETS_TDAYS":0.711977317252,"TOTAL_ASSETS_TDAYS":0.613210298661,"PREMIUM_EXPENSE":null,"LOAN_DEPOSIT":null,"LOAN_EQUITY":null,"LOAN_ASSETS":null,"DEPOSIT_EQUITY":null,"DEPOSIT_ASSETS":null,"EQUITY_MULTIPLIER":1.149025705085,"EQUITY_RATIO":0.149025705085},{"SECUCODE":"02116.HK","SECURITY_CODE":"02116","SECURITY_NAME_ABBR":"江苏创新","ORG_CODE":"10727039","STD_REPORT_DATE":"2023-06-30 00:00:00","REPORT_DATE":"2023-06-30 00:00:00","DATE_TYPE_CODE":"002","REPORT_TYPE":"2023年中报","PER_NETCASH_OPERATE":0.03405625,"PER_OI":0.208114583333,"BPS":0.6499,"BASIC_EPS":0.0227,"DILUTED_EPS":0.0227,"OPERATE_INCOME":99895000,"OPERATE_INCOME_YOY":-11.1625921545,"GROSS_PROFIT":25307000,"GROSS_PROFIT_YOY":13.703553938087,"HOLDER_PROFIT":10878000,"HOLDER_PROFIT_YOY":26.6356228172,"GROSS_PROFIT_RATIO":25.333600280294,"EPS_TTM":0.0286375,"OPERATE_INCOME_QOQ":-4.880571421906,"NET_PROFIT_RATIO":10.8894339056,"ROE_AVG":3.552400188756,"GROSS_PROFIT_QOQ":5.660832606396,"ROA":3.130328183745,"HOLDER_PROFIT_QOQ":19.968580904172,"ROE_YEARLY":7.104800377512,"ROIC_YEARLY":11.303491685782,"TOTAL_ASSETS":347528000,"TOTAL_LIABILITIES":35576000,"TAX_EBT":18.118178396688,"OCF_SALES":16.364182391511,"TOTAL_PARENT_EQUITY":311952000,"DEBT_ASSET_RATIO":10.2368730002,"OPERATE_PROFIT":13298000,"PRETAX_PROFIT":13285000,"NETCASH_OPERATE":16347000,"NETCASH_INVEST":1905000,"NETCASH_FINANCE":-4236000,"END_CASH":163580000,"DIVI_RATIO":0.632890440856,"DIVIDEND_RATE":3.846153846154,"CURRENT_RATIO":10.411889525093,"COMMON_ACS":1500000000,"CURRENTDEBT_DEBT":83.45513829548,"ISSUED_COMMON_SHARES":480000000,"HK_COMMON_SHARES":480000000,"PER_SHARES":2000,"TOTAL_MARKET_CAP":249600000,"HKSK_MARKET_CAP":249600000,"PE_TTM":13.112367332689,"PB_TTM":1.015802694182,"REPORT_DATE_SQ":"2022-06-30 00:00:00","REPORT_TYPE_SQ":"2022年中报","OPERATE_INCOME_SQ":112447000,"DPS_HKD":0.02,"OPERATE_INCOME_QOQ_SQ":15.801048891896,"NET_PROFIT_RATIO_SQ":7.6391544461,"HOLDER_PROFIT_SQ":8590000,"HOLDER_PROFIT_QOQ_SQ":4.477611940299,"ROE_AVG_SQ":2.93485075481,"PE_TTM_SQ":11.686442979158,"PB_TTM_SQ":0.503620403139,"ROA_SQ":2.66469373859,"START_DATE":"2023-01-01 00:00:00","FISCAL_YEAR":"12-31","CURRENCY":"HKD","IS_CNY_CODE":0,"DPS_HKD_LY":0.22,"ORG_TYPE":"一般企业","PREMIUM_INCOME":null,"PREMIUM_INCOME_YOY":null,"NET_INTEREST_INCOME":null,"NET_INTEREST_INCOME_YOY":null,"FEE_COMMISSION_INCOME":null,"FEE_COMMISSION_INCOME_YOY":null,"ACCOUNTS_RECE_TDAYS":0.883463633791,"INVENTORY_TDAYS":2.11747338538,"CURRENT_ASSETS_TDAYS":0.324825872912,"TOTAL_ASSETS_TDAYS":0.287464730571,"PREMIUM_EXPENSE":null,"LOAN_DEPOSIT":null,"LOAN_EQUITY":null,"LOAN_ASSETS":null,"DEPOSIT_EQUITY":null,"DEPOSIT_ASSETS":null,"EQUITY_MULTIPLIER":1.114043186132,"EQUITY_RATIO":0.114043186131},{"SECUCODE":"02116.HK","SECURITY_CODE":"02116","SECURITY_NAME_ABBR":"江苏创新","ORG_CODE":"10727039","STD_REPORT_DATE":"2022-12-31 00:00:00","REPORT_DATE":"2022-12-31 00:00:00","DATE_TYPE_CODE":"001","REPORT_TYPE":"2022年年报","PER_NETCASH_OPERATE":-0.0098375,"PER_OI":0.535797916667,"BPS":0.625997916667,"BASIC_EPS":0.0239,"DILUTED_EPS":0.0239,"OPERATE_INCOME":257183000,"OPERATE_INCOME_YOY":45.0307336604,"GROSS_PROFIT":53879000,"GROSS_PROFIT_YOY":47.650105505467,"HOLDER_PROFIT":11458000,"HOLDER_PROFIT_YOY":-1.7155601304,"GROSS_PROFIT_RATIO":20.949673967564,"EPS_TTM":0.023870833333,"OPERATE_INCOME_QOQ":25.241295349403,"NET_PROFIT_RATIO":4.4551933837,"ROE_AVG":3.884258717801,"GROSS_PROFIT_QOQ":43.333333333333,"ROA":3.457333254881,"HOLDER_PROFIT_QOQ":-5.927750410509,"ROE_YEARLY":3.884258717801,"ROIC_YEARLY":6.290765345339,"TOTAL_ASSETS":347479000,"TOTAL_LIABILITIES":47000000,"TAX_EBT":56.275519938943,"OCF_SALES":-1.836046706042,"TOTAL_PARENT_EQUITY":300479000,"DEBT_ASSET_RATIO":13.5259972545,"OPERATE_PROFIT":26205000,"PRETAX_PROFIT":26205000,"NETCASH_OPERATE":-4722000,"NETCASH_INVEST":-484000,"NETCASH_FINANCE":-3874000,"END_CASH":146484000,"DIVI_RATIO":0.759269680573,"DIVIDEND_RATE":3.846153846154,"CURRENT_RATIO":9.096663891532,"COMMON_ACS":1500000000,"CURRENTDEBT_DEBT":71.557446808511,"ISSUED_COMMON_SHARES":480000000,"HK_COMMON_SHARES":480000000,"PER_SHARES":2000,"TOTAL_MARKET_CAP":249600000,"HKSK_MARKET_CAP":249600000,"PE_TTM":13.112367332689,"PB_TTM":1.015802694182,"REPORT_DATE_SQ":"2021-12-31 00:00:00","REPORT_TYPE_SQ":"2021年年报","OPERATE_INCOME_SQ":177330000,"DPS_HKD":0.02,"OPERATE_INCOME_QOQ_SQ":3.74361584499,"NET_PROFIT_RATIO_SQ":6.5741837253,"HOLDER_PROFIT_SQ":11658000,"HOLDER_PROFIT_QOQ_SQ":-37.560923357078,"ROE_AVG_SQ":4.071867163105,"PE_TTM_SQ":11.686442979158,"PB_TTM_SQ":0.503620403139,"ROA_SQ":3.754885651203,"START_DATE":"2022-01-01 00:00:00","FISCAL_YEAR":"12-31","CURRENCY":"HKD","IS_CNY_CODE":0,"DPS_HKD_LY":0.01,"ORG_TYPE":"一般企业","PREMIUM_INCOME":null,"PREMIUM_INCOME_YOY":null,"NET_INTEREST_INCOME":null,"NET_INTEREST_INCOME_YOY":null,"FEE_COMMISSION_INCOME":null,"FEE_COMMISSION_INCOME_YOY":null,"ACCOUNTS_RECE_TDAYS":2.600053581629,"INVENTORY_TDAYS":5.824244768166,"CURRENT_ASSETS_TDAYS":0.890567566585,"TOTAL_ASSETS_TDAYS":0.776023161538,"PREMIUM_EXPENSE":null,"LOAN_DEPOSIT":null,"LOAN_EQUITY":null,"LOAN_ASSETS":null,"DEPOSIT_EQUITY":null,"DEPOSIT_ASSETS":null,"EQUITY_MULTIPLIER":1.156416920983,"EQUITY_RATIO":0.156416920983},{"SECUCODE":"02116.HK","SECURITY_CODE":"02116","SECURITY_NAME_ABBR":"江苏创新","ORG_CODE":"10727039","STD_REPORT_DATE":"2022-06-30 00:00:00","REPORT_DATE":"2022-06-30 00:00:00","DATE_TYPE_CODE":"002","REPORT_TYPE":"2022年中报","PER_NETCASH_OPERATE":-0.007802083333,"PER_OI":0.234264583333,"BPS":0.61643125,"BASIC_EPS":0.0179,"DILUTED_EPS":0.0179,"OPERATE_INCOME":112447000,"OPERATE_INCOME_YOY":33.1884349793,"GROSS_PROFIT":22257000,"GROSS_PROFIT_YOY":5.194252764912,"HOLDER_PROFIT":8590000,"HOLDER_PROFIT_YOY":6.4700049579,"GROSS_PROFIT_RATIO":19.793324855265,"EPS_TTM":0.025375,"OPERATE_INCOME_QOQ":15.801048891896,"NET_PROFIT_RATIO":7.6391544461,"ROE_AVG":2.93485075481,"GROSS_PROFIT_QOQ":3.011701515442,"ROA":2.66469373859,"HOLDER_PROFIT_QOQ":4.477611940299,"ROE_YEARLY":5.86970150962,"ROIC_YEARLY":9.862029178518,"TOTAL_ASSETS":329383000,"TOTAL_LIABILITIES":33496000,"TAX_EBT":10.697577710781,"OCF_SALES":-3.330457904613,"TOTAL_PARENT_EQUITY":295887000,"DEBT_ASSET_RATIO":10.1693165707,"OPERATE_PROFIT":9619000,"PRETAX_PROFIT":9619000,"NETCASH_OPERATE":-3745000,"NETCASH_INVEST":-1984000,"NETCASH_FINANCE":-3874000,"END_CASH":144261000,"DIVI_RATIO":0.714262068966,"DIVIDEND_RATE":3.846153846154,"CURRENT_RATIO":9.072825568453,"COMMON_ACS":1500000000,"CURRENTDEBT_DEBT":93.876880821591,"ISSUED_COMMON_SHARES":480000000,"HK_COMMON_SHARES":480000000,"PER_SHARES":2000,"TOTAL_MARKET_CAP":249600000,"HKSK_MARKET_CAP":249600000,"PE_TTM":13.112367332689,"PB_TTM":1.015802694182,"REPORT_DATE_SQ":"2021-06-30 00:00:00","REPORT_TYPE_SQ":"2021年中报","OPERATE_INCOME_SQ":84427000,"DPS_HKD":0.02,"OPERATE_INCOME_QOQ_SQ":6.87596133405,"NET_PROFIT_RATIO_SQ":9.5561846329,"HOLDER_PROFIT_SQ":8068000,"HOLDER_PROFIT_QOQ_SQ":-15.331942680936,"ROE_AVG_SQ":2.832009996981,"PE_TTM_SQ":11.686442979158,"PB_TTM_SQ":0.503620403139,"ROA_SQ":2.619744195033,"START_DATE":"2022-01-01 00:00:00","FISCAL_YEAR":"12-31","CURRENCY":"HKD","IS_CNY_CODE":0,"DPS_HKD_LY":0.01,"ORG_TYPE":"一般企业","PREMIUM_INCOME":null,"PREMIUM_INCOME_YOY":null,"NET_INTEREST_INCOME":null,"NET_INTEREST_INCOME_YOY":null,"FEE_COMMISSION_INCOME":null,"FEE_COMMISSION_INCOME_YOY":null,"ACCOUNTS_RECE_TDAYS":1.377410839514,"INVENTORY_TDAYS":1.961270400452,"CURRENT_ASSETS_TDAYS":0.403812348836,"TOTAL_ASSETS_TDAYS":0.348820508525,"PREMIUM_EXPENSE":null,"LOAN_DEPOSIT":null,"LOAN_EQUITY":null,"LOAN_ASSETS":null,"DEPOSIT_EQUITY":null,"DEPOSIT_ASSETS":null,"EQUITY_MULTIPLIER":1.113205379081,"EQUITY_RATIO":0.113205379081},{"SECUCODE":"02116.HK","SECURITY_CODE":"02116","SECURITY_NAME_ABBR":"江苏创新","ORG_CODE":"10727039","STD_REPORT_DATE":"2021-12-31 00:00:00","REPORT_DATE":"2021-12-31 00:00:00","DATE_TYPE_CODE":"001","REPORT_TYPE":"2021年年报","PER_NETCASH_OPERATE":0.021839583333,"PER_OI":0.3694375,"BPS":0.603108333333,"BASIC_EPS":0.0243,"DILUTED_EPS":0.0243,"OPERATE_INCOME":177330000,"OPERATE_INCOME_YOY":10.876986757,"GROSS_PROFIT":36491000,"GROSS_PROFIT_YOY":-18.751809053058,"HOLDER_PROFIT":11658000,"HOLDER_PROFIT_YOY":-47.1340467985,"GROSS_PROFIT_RATIO":20.578018383804,"EPS_TTM":0.0242875,"OPERATE_INCOME_QOQ":3.74361584499,"NET_PROFIT_RATIO":6.5741837253,"ROE_AVG":4.071867163105,"GROSS_PROFIT_QOQ":-13.407370494293,"ROA":3.754885651203,"HOLDER_PROFIT_QOQ":-37.560923357078,"ROE_YEARLY":4.071867163105,"ROIC_YEARLY":7.193410051523,"TOTAL_ASSETS":315344000,"TOTAL_LIABILITIES":25852000,"TAX_EBT":9.634912022324,"OCF_SALES":5.911577285287,"TOTAL_PARENT_EQUITY":289492000,"DEBT_ASSET_RATIO":8.1980313562,"OPERATE_PROFIT":12918000,"PRETAX_PROFIT":12901000,"NETCASH_OPERATE":10483000,"NETCASH_INVEST":1956000,"NETCASH_FINANCE":-4043000,"END_CASH":152059000,"DIVI_RATIO":0.746243952651,"DIVIDEND_RATE":3.846153846154,"CURRENT_RATIO":11.472399374921,"COMMON_ACS":1500000000,"CURRENTDEBT_DEBT":91.586724431379,"ISSUED_COMMON_SHARES":480000000,"HK_COMMON_SHARES":480000000,"PER_SHARES":2000,"TOTAL_MARKET_CAP":249600000,"HKSK_MARKET_CAP":249600000,"PE_TTM":13.112367332689,"PB_TTM":1.015802694182,"REPORT_DATE_SQ":"2020-12-31 00:00:00","REPORT_TYPE_SQ":"2020年年报","OPERATE_INCOME_SQ":159934000,"DPS_HKD":0.02,"OPERATE_INCOME_QOQ_SQ":-4.260948686636,"NET_PROFIT_RATIO_SQ":13.7881876274,"HOLDER_PROFIT_SQ":22052000,"HOLDER_PROFIT_QOQ_SQ":-8.482735723772,"ROE_AVG_SQ":7.994837362414,"PE_TTM_SQ":11.686442979158,"PB_TTM_SQ":0.503620403139,"ROA_SQ":7.330946420795,"START_DATE":"2021-01-01 00:00:00","FISCAL_YEAR":"12-31","CURRENCY":"HKD","IS_CNY_CODE":0,"DPS_HKD_LY":0.01,"ORG_TYPE":"一般企业","PREMIUM_INCOME":null,"PREMIUM_INCOME_YOY":null,"NET_INTEREST_INCOME":null,"NET_INTEREST_INCOME_YOY":null,"FEE_COMMISSION_INCOME":null,"FEE_COMMISSION_INCOME_YOY":null,"ACCOUNTS_RECE_TDAYS":2.224382534088,"INVENTORY_TDAYS":4.445394861436,"CURRENT_ASSETS_TDAYS":0.670077576793,"TOTAL_ASSETS_TDAYS":0.571156178185,"PREMIUM_EXPENSE":null,"LOAN_DEPOSIT":null,"LOAN_EQUITY":null,"LOAN_ASSETS":null,"DEPOSIT_EQUITY":null,"DEPOSIT_ASSETS":null,"EQUITY_MULTIPLIER":1.089301258756,"EQUITY_RATIO":0.089301258757},{"SECUCODE":"02116.HK","SECURITY_CODE":"02116","SECURITY_NAME_ABBR":"江苏创新","ORG_CODE":"10727039","STD_REPORT_DATE":"2021-06-30 00:00:00","REPORT_DATE":"2021-06-30 00:00:00","DATE_TYPE_CODE":"002","REPORT_TYPE":"2021年中报","PER_NETCASH_OPERATE":0.035577083333,"PER_OI":0.175889583333,"BPS":0.597191666667,"BASIC_EPS":0.0168,"DILUTED_EPS":0.0168,"OPERATE_INCOME":84427000,"OPERATE_INCOME_YOY":14.9761677788,"GROSS_PROFIT":21158000,"GROSS_PROFIT_YOY":-11.583786042624,"HOLDER_PROFIT":8068000,"HOLDER_PROFIT_YOY":-29.5309634029,"GROSS_PROFIT_RATIO":25.060703329504,"EPS_TTM":0.038897916667,"OPERATE_INCOME_QOQ":6.87596133405,"NET_PROFIT_RATIO":9.5561846329,"ROE_AVG":2.832009996981,"GROSS_PROFIT_QOQ":-6.171932402645,"ROA":2.619744195033,"HOLDER_PROFIT_QOQ":-15.331942680936,"ROE_YEARLY":5.664019993963,"ROIC_YEARLY":10.304847480466,"TOTAL_ASSETS":310331000,"TOTAL_LIABILITIES":23679000,"TAX_EBT":12.447097124254,"OCF_SALES":20.226941618203,"TOTAL_PARENT_EQUITY":286652000,"DEBT_ASSET_RATIO":7.6302399696,"OPERATE_PROFIT":9215000,"PRETAX_PROFIT":9215000,"NETCASH_OPERATE":17077000,"NETCASH_INVEST":634000,"NETCASH_FINANCE":-4026000,"END_CASH":158003000,"DIVI_RATIO":0.465947833539,"DIVIDEND_RATE":3.846153846154,"CURRENT_RATIO":12.381384471469,"COMMON_ACS":1500000000,"CURRENTDEBT_DEBT":90.290975125639,"ISSUED_COMMON_SHARES":480000000,"HK_COMMON_SHARES":480000000,"PER_SHARES":2000,"TOTAL_MARKET_CAP":249600000,"HKSK_MARKET_CAP":249600000,"PE_TTM":13.112367332689,"PB_TTM":1.015802694182,"REPORT_DATE_SQ":"2020-06-30 00:00:00","REPORT_TYPE_SQ":"2020年中报","OPERATE_INCOME_SQ":73430000,"DPS_HKD":0.02,"OPERATE_INCOME_QOQ_SQ":-4.951238663131,"NET_PROFIT_RATIO_SQ":15.5917200054,"HOLDER_PROFIT_SQ":11449000,"HOLDER_PROFIT_QOQ_SQ":-10.576708973503,"ROE_AVG_SQ":4.199641623734,"PE_TTM_SQ":11.686442979158,"PB_TTM_SQ":0.503620403139,"ROA_SQ":3.831243255001,"START_DATE":"2021-01-01 00:00:00","FISCAL_YEAR":"12-31","CURRENCY":"HKD","IS_CNY_CODE":0,"DPS_HKD_LY":0.01,"ORG_TYPE":"一般企业","PREMIUM_INCOME":null,"PREMIUM_INCOME_YOY":null,"NET_INTEREST_INCOME":null,"NET_INTEREST_INCOME_YOY":null,"FEE_COMMISSION_INCOME":null,"FEE_COMMISSION_INCOME_YOY":null,"ACCOUNTS_RECE_TDAYS":1.015424952943,"INVENTORY_TDAYS":2.60435919073,"CURRENT_ASSETS_TDAYS":0.323249687957,"TOTAL_ASSETS_TDAYS":0.2741412285,"PREMIUM_EXPENSE":null,"LOAN_DEPOSIT":null,"LOAN_EQUITY":null,"LOAN_ASSETS":null,"DEPOSIT_EQUITY":null,"DEPOSIT_ASSETS":null,"EQUITY_MULTIPLIER":1.082605389113,"EQUITY_RATIO":0.082605389113},{"SECUCODE":"02116.HK","SECURITY_CODE":"02116","SECURITY_NAME_ABBR":"江苏创新","ORG_CODE":"10727039","STD_REPORT_DATE":"2020-12-31 00:00:00","REPORT_DATE":"2020-12-31 00:00:00","DATE_TYPE_CODE":"001","REPORT_TYPE":"2020年年报","PER_NETCASH_OPERATE":0.0155125,"PER_OI":0.333195833333,"BPS":0.589833333333,"BASIC_EPS":0.0459,"DILUTED_EPS":0.0459,"OPERATE_INCOME":159934000,"OPERATE_INCOME_YOY":-9.001217611,"GROSS_PROFIT":44913000,"GROSS_PROFIT_YOY":-25.420942512703,"HOLDER_PROFIT":22052000,"HOLDER_PROFIT_YOY":-18.1622504268,"GROSS_PROFIT_RATIO":28.082208911176,"EPS_TTM":0.045941666667,"OPERATE_INCOME_QOQ":-4.260948686636,"NET_PROFIT_RATIO":13.7881876274,"ROE_AVG":7.994837362414,"GROSS_PROFIT_QOQ":-19.719367235678,"ROA":7.330946420795,"HOLDER_PROFIT_QOQ":-8.482735723772,"ROE_YEARLY":7.994837362414,"ROIC_YEARLY":14.219803391164,"TOTAL_ASSETS":305607000,"TOTAL_LIABILITIES":22487000,"TAX_EBT":5.04241484735,"OCF_SALES":4.655670464066,"TOTAL_PARENT_EQUITY":283120000,"DEBT_ASSET_RATIO":7.3581429745,"OPERATE_PROFIT":23276000,"PRETAX_PROFIT":23223000,"NETCASH_OPERATE":7446000,"NETCASH_INVEST":-1792000,"NETCASH_FINANCE":-4383000,"END_CASH":144762000,"DIVI_RATIO":0.394508978777,"DIVIDEND_RATE":3.846153846154,"CURRENT_RATIO":12.841407496013,"COMMON_ACS":1500000000,"CURRENTDEBT_DEBT":89.224885489394,"ISSUED_COMMON_SHARES":480000000,"HK_COMMON_SHARES":480000000,"PER_SHARES":2000,"TOTAL_MARKET_CAP":249600000,"HKSK_MARKET_CAP":249600000,"PE_TTM":13.112367332689,"PB_TTM":1.015802694182,"REPORT_DATE_SQ":"2019-12-31 00:00:00","REPORT_TYPE_SQ":"2019年年报","OPERATE_INCOME_SQ":175754000,"DPS_HKD":0.02,"OPERATE_INCOME_QOQ_SQ":-1.270672299119,"NET_PROFIT_RATIO_SQ":15.3316567475,"HOLDER_PROFIT_SQ":26946000,"HOLDER_PROFIT_QOQ_SQ":-2.309393466991,"ROE_AVG_SQ":10.504382673577,"PE_TTM_SQ":11.686442979158,"PB_TTM_SQ":0.503620403139,"ROA_SQ":9.506069618043,"START_DATE":"2020-01-01 00:00:00","FISCAL_YEAR":"12-31","CURRENCY":"HKD","IS_CNY_CODE":0,"DPS_HKD_LY":0.01,"ORG_TYPE":"一般企业","PREMIUM_INCOME":null,"PREMIUM_INCOME_YOY":null,"NET_INTEREST_INCOME":null,"NET_INTEREST_INCOME_YOY":null,"FEE_COMMISSION_INCOME":null,"FEE_COMMISSION_INCOME_YOY":null,"ACCOUNTS_RECE_TDAYS":2.064476987718,"INVENTORY_TDAYS":4.208290648324,"CURRENT_ASSETS_TDAYS":0.632423914698,"TOTAL_ASSETS_TDAYS":0.531683105779,"PREMIUM_EXPENSE":null,"LOAN_DEPOSIT":null,"LOAN_EQUITY":null,"LOAN_ASSETS":null,"DEPOSIT_EQUITY":null,"DEPOSIT_ASSETS":null,"EQUITY_MULTIPLIER":1.079425685222,"EQUITY_RATIO":0.079425685222},{"SECUCODE":"02116.HK","SECURITY_CODE":"02116","SECURITY_NAME_ABBR":"江苏创新","ORG_CODE":"10727039","STD_REPORT_DATE":"2020-06-30 00:00:00","REPORT_DATE":"2020-06-30 00:00:00","DATE_TYPE_CODE":"002","REPORT_TYPE":"2020年中报","PER_NETCASH_OPERATE":0.008689583333,"PER_OI":0.152979166667,"BPS":0.576460416667,"BASIC_EPS":0.0239,"DILUTED_EPS":0.0239,"OPERATE_INCOME":73430000,"OPERATE_INCOME_YOY":-10.5951395315,"GROSS_PROFIT":23930000,"GROSS_PROFIT_YOY":-15.16290282554,"HOLDER_PROFIT":11449000,"HOLDER_PROFIT_YOY":-19.9314637387,"GROSS_PROFIT_RATIO":32.588860138908,"EPS_TTM":0.0502,"OPERATE_INCOME_QOQ":-4.951238663131,"NET_PROFIT_RATIO":15.5917200054,"ROE_AVG":4.199641623734,"GROSS_PROFIT_QOQ":-7.102055727143,"ROA":3.831243255001,"HOLDER_PROFIT_QOQ":-10.576708973503,"ROE_YEARLY":8.399283247469,"ROIC_YEARLY":15.063581761606,"TOTAL_ASSETS":301658000,"TOTAL_LIABILITIES":24957000,"TAX_EBT":21.555327166838,"OCF_SALES":5.680239684053,"TOTAL_PARENT_EQUITY":276701000,"DEBT_ASSET_RATIO":8.2732763593,"OPERATE_PROFIT":14610000,"PRETAX_PROFIT":14595000,"NETCASH_OPERATE":4171000,"NETCASH_INVEST":-455000,"NETCASH_FINANCE":-4345000,"END_CASH":146954000,"DIVI_RATIO":0.361043824701,"DIVIDEND_RATE":3.846153846154,"CURRENT_RATIO":12.261539204326,"COMMON_ACS":1500000000,"CURRENTDEBT_DEBT":82.990744079817,"ISSUED_COMMON_SHARES":480000000,"HK_COMMON_SHARES":480000000,"PER_SHARES":2000,"TOTAL_MARKET_CAP":249600000,"HKSK_MARKET_CAP":249600000,"PE_TTM":13.112367332689,"PB_TTM":1.015802694182,"REPORT_DATE_SQ":"2019-06-30 00:00:00","REPORT_TYPE_SQ":"2019年中报","OPERATE_INCOME_SQ":82132000,"DPS_HKD":0.02,"OPERATE_INCOME_QOQ_SQ":0.506439173663,"NET_PROFIT_RATIO_SQ":17.4097793795,"HOLDER_PROFIT_SQ":14299000,"HOLDER_PROFIT_QOQ_SQ":20.072261884033,"ROE_AVG_SQ":5.727205729208,"PE_TTM_SQ":11.686442979158,"PB_TTM_SQ":0.503620403139,"ROA_SQ":5.236817769802,"START_DATE":"2020-01-01 00:00:00","FISCAL_YEAR":"12-31","CURRENCY":"HKD","IS_CNY_CODE":0,"DPS_HKD_LY":0.01,"ORG_TYPE":"一般企业","PREMIUM_INCOME":null,"PREMIUM_INCOME_YOY":null,"NET_INTEREST_INCOME":null,"NET_INTEREST_INCOME_YOY":null,"FEE_COMMISSION_INCOME":null,"FEE_COMMISSION_INCOME_YOY":null,"ACCOUNTS_RECE_TDAYS":0.922591750324,"INVENTORY_TDAYS":2.009621825711,"CURRENT_ASSETS_TDAYS":0.292496195916,"TOTAL_ASSETS_TDAYS":0.245722938435,"PREMIUM_EXPENSE":null,"LOAN_DEPOSIT":null,"LOAN_EQUITY":null,"LOAN_ASSETS":null,"DEPOSIT_EQUITY":null,"DEPOSIT_ASSETS":null,"EQUITY_MULTIPLIER":1.090194831244,"EQUITY_RATIO":0.090194831244}],"count":21},"success":true,"message":"ok","code":0}