{"version":"00852ed20fb861eefcfb29ef3260de3f","result":{"pages":3,"data":[{"SECUCODE":"02113.HK","SECURITY_CODE":"02113","SECURITY_NAME_ABBR":"世纪集团国际","ORG_CODE":"10539665","STD_REPORT_DATE":"2024-06-30 00:00:00","REPORT_DATE":"2024-09-30 00:00:00","DATE_TYPE_CODE":"002","REPORT_TYPE":"2024年中报","PER_NETCASH_OPERATE":-0.00237339698,"PER_OI":0.009335585573,"BPS":-0.0224710716,"BASIC_EPS":-0.0090179,"DILUTED_EPS":-0.0090179,"OPERATE_INCOME":7512812.49,"OPERATE_INCOME_YOY":-71.9343754211,"GROSS_PROFIT":-4179796.65,"GROSS_PROFIT_YOY":13.320812904106,"HOLDER_PROFIT":-5547812.08,"HOLDER_PROFIT_YOY":0.58177117,"GROSS_PROFIT_RATIO":-55.635577961829,"EPS_TTM":-0.01454648046,"OPERATE_INCOME_QOQ":0,"NET_PROFIT_RATIO":-73.8446765094,"ROE_AVG":36.237262178241,"GROSS_PROFIT_QOQ":0,"ROA":-15.722956999553,"HOLDER_PROFIT_QOQ":0,"ROE_YEARLY":72.474524356482,"ROIC_YEARLY":-32.587766344868,"TOTAL_ASSETS":32799905.88,"TOTAL_LIABILITIES":50883500.75,"TAX_EBT":null,"OCF_SALES":-25.423118473173,"TOTAL_PARENT_EQUITY":-18083594.87,"DEBT_ASSET_RATIO":155.133069394,"OPERATE_PROFIT":-5243007.06,"PRETAX_PROFIT":-5547812.08,"NETCASH_OPERATE":-1909991.22,"NETCASH_INVEST":null,"NETCASH_FINANCE":557306.22,"END_CASH":560011.59,"DIVI_RATIO":null,"DIVIDEND_RATE":null,"CURRENT_RATIO":0.643774922463,"COMMON_ACS":2000000000,"CURRENTDEBT_DEBT":100,"ISSUED_COMMON_SHARES":804750000,"HK_COMMON_SHARES":804750000,"PER_SHARES":5000,"TOTAL_MARKET_CAP":32190000,"HKSK_MARKET_CAP":32190000,"PE_TTM":-2.499805855401,"PB_TTM":-1.605246097841,"REPORT_DATE_SQ":"2023-06-30 00:00:00","REPORT_TYPE_SQ":"2023年中报","OPERATE_INCOME_SQ":27238928.92,"DPS_HKD":null,"OPERATE_INCOME_QOQ_SQ":0,"NET_PROFIT_RATIO_SQ":-20.8462471365,"HOLDER_PROFIT_SQ":-5678294.44,"HOLDER_PROFIT_QOQ_SQ":0,"ROE_AVG_SQ":153.282140203121,"PE_TTM_SQ":-5.08304316139,"PB_TTM_SQ":-8.750941028858,"ROA_SQ":-10.204569628707,"START_DATE":"2024-04-01 00:00:00","FISCAL_YEAR":"3-31","CURRENCY":"HKD","IS_CNY_CODE":0,"DPS_HKD_LY":null,"ORG_TYPE":"一般企业","PREMIUM_INCOME":null,"PREMIUM_INCOME_YOY":null,"NET_INTEREST_INCOME":null,"NET_INTEREST_INCOME_YOY":null,"FEE_COMMISSION_INCOME":null,"FEE_COMMISSION_INCOME_YOY":null,"ACCOUNTS_RECE_TDAYS":6.125735294118,"INVENTORY_TDAYS":null,"CURRENT_ASSETS_TDAYS":0.213746921182,"TOTAL_ASSETS_TDAYS":0.212919302281,"PREMIUM_EXPENSE":null,"LOAN_DEPOSIT":null,"LOAN_EQUITY":null,"LOAN_ASSETS":null,"DEPOSIT_EQUITY":null,"DEPOSIT_ASSETS":null,"EQUITY_MULTIPLIER":-1.813793447366,"EQUITY_RATIO":-2.813793447364},{"SECUCODE":"02113.HK","SECURITY_CODE":"02113","SECURITY_NAME_ABBR":"世纪集团国际","ORG_CODE":"10539665","STD_REPORT_DATE":"2023-12-31 00:00:00","REPORT_DATE":"2024-03-31 00:00:00","DATE_TYPE_CODE":"001","REPORT_TYPE":"2023年年报","PER_NETCASH_OPERATE":-0.010861702516,"PER_OI":0.053557137807,"BPS":-0.015659461386,"BASIC_EPS":-0.018131,"DILUTED_EPS":-0.018131,"OPERATE_INCOME":43100106.65,"OPERATE_INCOME_YOY":-62.6199012485,"GROSS_PROFIT":-4872706.25,"GROSS_PROFIT_YOY":75.547164341041,"HOLDER_PROFIT":-11706280.15,"HOLDER_PROFIT_YOY":42.7209013485,"GROSS_PROFIT_RATIO":-11.305554971289,"EPS_TTM":-0.013166942479,"OPERATE_INCOME_QOQ":0,"NET_PROFIT_RATIO":-27.1606755989,"ROE_AVG":174.476422105121,"GROSS_PROFIT_QOQ":0,"ROA":-23.49398686389,"HOLDER_PROFIT_QOQ":0,"ROE_YEARLY":174.476422105121,"ROIC_YEARLY":-25.586003289148,"TOTAL_ASSETS":37969033.65,"TOTAL_LIABILITIES":50570985.2,"TAX_EBT":null,"OCF_SALES":-20.280588099194,"TOTAL_PARENT_EQUITY":-12601951.55,"DEBT_ASSET_RATIO":133.1900771196,"OPERATE_PROFIT":-6368513.75,"PRETAX_PROFIT":-6828134.6,"NETCASH_OPERATE":-8740955.1,"NETCASH_INVEST":125103.9,"NETCASH_FINANCE":4392234.75,"END_CASH":1922792.55,"DIVI_RATIO":null,"DIVIDEND_RATE":null,"CURRENT_RATIO":0.74621755342,"COMMON_ACS":2000000000,"CURRENTDEBT_DEBT":100,"ISSUED_COMMON_SHARES":804750000,"HK_COMMON_SHARES":804750000,"PER_SHARES":5000,"TOTAL_MARKET_CAP":28166250,"HKSK_MARKET_CAP":28166250,"PE_TTM":-2.187330123476,"PB_TTM":-1.404590335611,"REPORT_DATE_SQ":"2022-12-31 00:00:00","REPORT_TYPE_SQ":"2022年年报","OPERATE_INCOME_SQ":111341647.08,"DPS_HKD":null,"OPERATE_INCOME_QOQ_SQ":0,"NET_PROFIT_RATIO_SQ":-17.0244900733,"HOLDER_PROFIT_SQ":-19735243.04,"HOLDER_PROFIT_QOQ_SQ":0,"ROE_AVG_SQ":-215.938697318008,"PE_TTM_SQ":-1.891933552165,"PB_TTM_SQ":-5.946152237558,"ROA_SQ":-28.374542960171,"START_DATE":"2023-04-01 00:00:00","FISCAL_YEAR":"3-31","CURRENCY":"HKD","IS_CNY_CODE":0,"DPS_HKD_LY":null,"ORG_TYPE":"一般企业","PREMIUM_INCOME":null,"PREMIUM_INCOME_YOY":null,"NET_INTEREST_INCOME":null,"NET_INTEREST_INCOME_YOY":null,"FEE_COMMISSION_INCOME":null,"FEE_COMMISSION_INCOME_YOY":null,"ACCOUNTS_RECE_TDAYS":6.064931751499,"INVENTORY_TDAYS":null,"CURRENT_ASSETS_TDAYS":0.873318087051,"TOTAL_ASSETS_TDAYS":0.86500009097,"PREMIUM_EXPENSE":null,"LOAN_DEPOSIT":null,"LOAN_EQUITY":null,"LOAN_ASSETS":null,"DEPOSIT_EQUITY":null,"DEPOSIT_ASSETS":null,"EQUITY_MULTIPLIER":-3.012948708726,"EQUITY_RATIO":-4.012948708726},{"SECUCODE":"02113.HK","SECURITY_CODE":"02113","SECURITY_NAME_ABBR":"世纪集团国际","ORG_CODE":"10539665","STD_REPORT_DATE":"2023-06-30 00:00:00","REPORT_DATE":"2023-09-30 00:00:00","DATE_TYPE_CODE":"002","REPORT_TYPE":"2023年中报","PER_NETCASH_OPERATE":-0.013010448338,"PER_OI":0.033847690488,"BPS":-0.008179136365,"BASIC_EPS":-0.0091763,"DILUTED_EPS":-0.0091763,"OPERATE_INCOME":27238928.92,"OPERATE_INCOME_YOY":-59.7701460982,"GROSS_PROFIT":-4822145.65,"GROSS_PROFIT_YOY":68.95699057221,"HOLDER_PROFIT":-5678294.44,"HOLDER_PROFIT_YOY":62.2291399622,"GROSS_PROFIT_RATIO":-17.70313973858,"EPS_TTM":-0.02452344584,"OPERATE_INCOME_QOQ":0,"NET_PROFIT_RATIO":-20.8462471365,"ROE_AVG":153.282140203121,"GROSS_PROFIT_QOQ":0,"ROA":-10.204569628707,"HOLDER_PROFIT_QOQ":0,"ROE_YEARLY":306.564280406242,"ROIC_YEARLY":-21.716852670738,"TOTAL_ASSETS":48850950.68,"TOTAL_LIABILITIES":55433110.67,"TAX_EBT":null,"OCF_SALES":-38.438215873871,"TOTAL_PARENT_EQUITY":-6582159.99,"DEBT_ASSET_RATIO":113.4739649861,"OPERATE_PROFIT":-5470910.06,"PRETAX_PROFIT":-5678294.44,"NETCASH_OPERATE":-10470158.3,"NETCASH_INVEST":125715.31,"NETCASH_FINANCE":4522998.27,"END_CASH":400086.68,"DIVI_RATIO":null,"DIVIDEND_RATE":null,"CURRENT_RATIO":0.873197702329,"COMMON_ACS":2000000000,"CURRENTDEBT_DEBT":100,"ISSUED_COMMON_SHARES":804750000,"HK_COMMON_SHARES":804750000,"PER_SHARES":5000,"TOTAL_MARKET_CAP":28166250,"HKSK_MARKET_CAP":28166250,"PE_TTM":-2.187330123476,"PB_TTM":-1.404590335611,"REPORT_DATE_SQ":"2022-06-30 00:00:00","REPORT_TYPE_SQ":"2022年中报","OPERATE_INCOME_SQ":66735009.84,"DPS_HKD":null,"OPERATE_INCOME_QOQ_SQ":0,"NET_PROFIT_RATIO_SQ":-22.2033990188,"HOLDER_PROFIT_SQ":-14817440.52,"HOLDER_PROFIT_QOQ_SQ":0,"ROE_AVG_SQ":-121.513072501391,"PE_TTM_SQ":-1.891933552165,"PB_TTM_SQ":-5.946152237558,"ROA_SQ":-18.221554888222,"START_DATE":"2023-04-01 00:00:00","FISCAL_YEAR":"3-31","CURRENCY":"HKD","IS_CNY_CODE":0,"DPS_HKD_LY":null,"ORG_TYPE":"一般企业","PREMIUM_INCOME":null,"PREMIUM_INCOME_YOY":null,"NET_INTEREST_INCOME":null,"NET_INTEREST_INCOME_YOY":null,"FEE_COMMISSION_INCOME":null,"FEE_COMMISSION_INCOME_YOY":null,"ACCOUNTS_RECE_TDAYS":null,"INVENTORY_TDAYS":null,"CURRENT_ASSETS_TDAYS":0.49472921059,"TOTAL_ASSETS_TDAYS":0.489515909597,"PREMIUM_EXPENSE":null,"LOAN_DEPOSIT":null,"LOAN_EQUITY":null,"LOAN_ASSETS":null,"DEPOSIT_EQUITY":null,"DEPOSIT_ASSETS":null,"EQUITY_MULTIPLIER":-7.421720340164,"EQUITY_RATIO":-8.421720340165},{"SECUCODE":"02113.HK","SECURITY_CODE":"02113","SECURITY_NAME_ABBR":"世纪集团国际","ORG_CODE":"10539665","STD_REPORT_DATE":"2022-12-31 00:00:00","REPORT_DATE":"2023-03-31 00:00:00","DATE_TYPE_CODE":"001","REPORT_TYPE":"2022年年报","PER_NETCASH_OPERATE":-0.014664681218,"PER_OI":0.138355572637,"BPS":-0.000980111103,"BASIC_EPS":-0.0262623,"DILUTED_EPS":-0.0262623,"OPERATE_INCOME":111341647.08,"OPERATE_INCOME_YOY":-60.187306455,"GROSS_PROFIT":-19926957.83,"GROSS_PROFIT_YOY":-22.223275927668,"HOLDER_PROFIT":-19735243.04,"HOLDER_PROFIT_YOY":6.1917443409,"GROSS_PROFIT_RATIO":-17.047900257512,"EPS_TTM":-0.026484700789,"OPERATE_INCOME_QOQ":0,"NET_PROFIT_RATIO":-17.0244900733,"ROE_AVG":-215.938697318008,"GROSS_PROFIT_QOQ":0,"ROA":-28.374542960171,"HOLDER_PROFIT_QOQ":0,"ROE_YEARLY":-215.938697318008,"ROIC_YEARLY":-30.916920376313,"TOTAL_ASSETS":59565522.63,"TOTAL_LIABILITIES":60354267.04,"TAX_EBT":null,"OCF_SALES":-10.180409451673,"TOTAL_PARENT_EQUITY":-788744.41,"DEBT_ASSET_RATIO":101.3241626618,"OPERATE_PROFIT":-19502383.98,"PRETAX_PROFIT":-19751000.42,"NETCASH_OPERATE":-11801402.21,"NETCASH_INVEST":14421504.34,"NETCASH_FINANCE":-1922400.36,"END_CASH":6011440.47,"DIVI_RATIO":null,"DIVIDEND_RATE":null,"CURRENT_RATIO":0.975458343003,"COMMON_ACS":2000000000,"CURRENTDEBT_DEBT":100,"ISSUED_COMMON_SHARES":804750000,"HK_COMMON_SHARES":804750000,"PER_SHARES":5000,"TOTAL_MARKET_CAP":28166250,"HKSK_MARKET_CAP":28166250,"PE_TTM":-2.187330123476,"PB_TTM":-1.404590335611,"REPORT_DATE_SQ":"2021-12-31 00:00:00","REPORT_TYPE_SQ":"2021年年报","OPERATE_INCOME_SQ":269750036.1,"DPS_HKD":null,"OPERATE_INCOME_QOQ_SQ":0,"NET_PROFIT_RATIO_SQ":-7.2252788551,"HOLDER_PROFIT_SQ":-19490192.32,"HOLDER_PROFIT_QOQ_SQ":0,"ROE_AVG_SQ":-71.155326582578,"PE_TTM_SQ":-1.891933552165,"PB_TTM_SQ":-5.946152237558,"ROA_SQ":-23.778638605657,"START_DATE":"2022-04-01 00:00:00","FISCAL_YEAR":"3-31","CURRENCY":"HKD","IS_CNY_CODE":0,"DPS_HKD_LY":null,"ORG_TYPE":"一般企业","PREMIUM_INCOME":null,"PREMIUM_INCOME_YOY":null,"NET_INTEREST_INCOME":null,"NET_INTEREST_INCOME_YOY":null,"FEE_COMMISSION_INCOME":null,"FEE_COMMISSION_INCOME_YOY":null,"ACCOUNTS_RECE_TDAYS":8.972065462754,"INVENTORY_TDAYS":null,"CURRENT_ASSETS_TDAYS":1.696900188372,"TOTAL_ASSETS_TDAYS":1.66668974154,"PREMIUM_EXPENSE":null,"LOAN_DEPOSIT":null,"LOAN_EQUITY":null,"LOAN_ASSETS":null,"DEPOSIT_EQUITY":null,"DEPOSIT_ASSETS":null,"EQUITY_MULTIPLIER":-75.519422866119,"EQUITY_RATIO":-76.519422863485},{"SECUCODE":"02113.HK","SECURITY_CODE":"02113","SECURITY_NAME_ABBR":"世纪集团国际","ORG_CODE":"10539665","STD_REPORT_DATE":"2022-06-30 00:00:00","REPORT_DATE":"2022-09-30 00:00:00","DATE_TYPE_CODE":"002","REPORT_TYPE":"2022年中报","PER_NETCASH_OPERATE":-0.008693188444,"PER_OI":0.082926386878,"BPS":0.005826178267,"BASIC_EPS":-0.0180888,"DILUTED_EPS":-0.0180888,"OPERATE_INCOME":66735009.84,"OPERATE_INCOME_YOY":-56.5964705882,"GROSS_PROFIT":-15533757,"GROSS_PROFIT_YOY":-22.691304729791,"HOLDER_PROFIT":-14817440.52,"HOLDER_PROFIT_YOY":-5.0326964996,"GROSS_PROFIT_RATIO":-23.276773371642,"EPS_TTM":-0.024218940441,"OPERATE_INCOME_QOQ":0,"NET_PROFIT_RATIO":-22.2033990188,"ROE_AVG":-121.513072501391,"GROSS_PROFIT_QOQ":0,"ROA":-18.221554888222,"HOLDER_PROFIT_QOQ":0,"ROE_YEARLY":-243.026145002781,"ROIC_YEARLY":-39.091375463797,"TOTAL_ASSETS":80458982.4,"TOTAL_LIABILITIES":75770365.44,"TAX_EBT":1.674468851278,"OCF_SALES":-10.483018458786,"TOTAL_PARENT_EQUITY":4688616.96,"DEBT_ASSET_RATIO":94.1726618705,"OPERATE_PROFIT":-14963959.8,"PRETAX_PROFIT":-15069779.28,"NETCASH_OPERATE":-6995843.4,"NETCASH_INVEST":627681.36,"NETCASH_FINANCE":6359117.64,"END_CASH":5410360.08,"DIVI_RATIO":null,"DIVIDEND_RATE":null,"CURRENT_RATIO":1.046373663102,"COMMON_ACS":2000000000,"CURRENTDEBT_DEBT":100,"ISSUED_COMMON_SHARES":804750000,"HK_COMMON_SHARES":804750000,"PER_SHARES":5000,"TOTAL_MARKET_CAP":28166250,"HKSK_MARKET_CAP":28166250,"PE_TTM":-2.187330123476,"PB_TTM":-1.404590335611,"REPORT_DATE_SQ":"2021-06-30 00:00:00","REPORT_TYPE_SQ":"2021年中报","OPERATE_INCOME_SQ":141620200,"DPS_HKD":null,"OPERATE_INCOME_QOQ_SQ":0,"NET_PROFIT_RATIO_SQ":-9.1752941176,"HOLDER_PROFIT_SQ":-12994069.88,"HOLDER_PROFIT_QOQ_SQ":0,"ROE_AVG_SQ":-41.074391046741,"PE_TTM_SQ":-1.891933552165,"PB_TTM_SQ":-5.946152237558,"ROA_SQ":-15.5281234445,"START_DATE":"2022-04-01 00:00:00","FISCAL_YEAR":"3-31","CURRENCY":"HKD","IS_CNY_CODE":0,"DPS_HKD_LY":null,"ORG_TYPE":"一般企业","PREMIUM_INCOME":null,"PREMIUM_INCOME_YOY":null,"NET_INTEREST_INCOME":null,"NET_INTEREST_INCOME_YOY":null,"FEE_COMMISSION_INCOME":null,"FEE_COMMISSION_INCOME_YOY":null,"ACCOUNTS_RECE_TDAYS":null,"INVENTORY_TDAYS":null,"CURRENT_ASSETS_TDAYS":0.836182521829,"TOTAL_ASSETS_TDAYS":0.820665109554,"PREMIUM_EXPENSE":null,"LOAN_DEPOSIT":null,"LOAN_EQUITY":null,"LOAN_ASSETS":null,"DEPOSIT_EQUITY":null,"DEPOSIT_ASSETS":null,"EQUITY_MULTIPLIER":17.16049382715,"EQUITY_RATIO":16.16049382716},{"SECUCODE":"02113.HK","SECURITY_CODE":"02113","SECURITY_NAME_ABBR":"世纪集团国际","ORG_CODE":"10539665","STD_REPORT_DATE":"2021-12-31 00:00:00","REPORT_DATE":"2022-03-31 00:00:00","DATE_TYPE_CODE":"001","REPORT_TYPE":"2021年年报","PER_NETCASH_OPERATE":-0.009136522721,"PER_OI":0.33519731109,"BPS":0.021950430332,"BASIC_EPS":-0.0243303,"DILUTED_EPS":-0.0243303,"OPERATE_INCOME":269750036.1,"OPERATE_INCOME_YOY":34.3715913223,"GROSS_PROFIT":-16303734.03,"GROSS_PROFIT_YOY":32.205487337453,"HOLDER_PROFIT":-19490192.32,"HOLDER_PROFIT_YOY":24.6314997177,"GROSS_PROFIT_RATIO":-6.044015513665,"EPS_TTM":-0.038525482547,"OPERATE_INCOME_QOQ":0,"NET_PROFIT_RATIO":-7.2252788551,"ROE_AVG":-71.155326582578,"GROSS_PROFIT_QOQ":0,"ROA":-23.778638605657,"HOLDER_PROFIT_QOQ":0,"ROE_YEARLY":-71.155326582578,"ROIC_YEARLY":-25.550599905376,"TOTAL_ASSETS":73688368.6,"TOTAL_LIABILITIES":56023759.79,"TAX_EBT":-0.653375774837,"OCF_SALES":-2.725714801118,"TOTAL_PARENT_EQUITY":17664608.81,"DEBT_ASSET_RATIO":76.0279550958,"OPERATE_PROFIT":-19292305.88,"PRETAX_PROFIT":-19363674.76,"NETCASH_OPERATE":-7352616.66,"NETCASH_INVEST":5457286.29,"NETCASH_FINANCE":542565.69,"END_CASH":5028262,"DIVI_RATIO":null,"DIVIDEND_RATE":null,"CURRENT_RATIO":1.288115437604,"COMMON_ACS":2000000000,"CURRENTDEBT_DEBT":99.820495374861,"ISSUED_COMMON_SHARES":804750000,"HK_COMMON_SHARES":804750000,"PER_SHARES":5000,"TOTAL_MARKET_CAP":28166250,"HKSK_MARKET_CAP":28166250,"PE_TTM":-2.187330123476,"PB_TTM":-1.404590335611,"REPORT_DATE_SQ":"2020-12-31 00:00:00","REPORT_TYPE_SQ":"2020年年报","OPERATE_INCOME_SQ":209207405.4,"DPS_HKD":null,"OPERATE_INCOME_QOQ_SQ":0,"NET_PROFIT_RATIO_SQ":-12.8719751141,"HOLDER_PROFIT_SQ":-26949409.48,"HOLDER_PROFIT_QOQ_SQ":0,"ROE_AVG_SQ":-51.682861797052,"PE_TTM_SQ":-1.891933552165,"PB_TTM_SQ":-5.946152237558,"ROA_SQ":-27.54123281696,"START_DATE":"2021-04-01 00:00:00","FISCAL_YEAR":"3-31","CURRENCY":"HKD","IS_CNY_CODE":0,"DPS_HKD_LY":null,"ORG_TYPE":"一般企业","PREMIUM_INCOME":null,"PREMIUM_INCOME_YOY":null,"NET_INTEREST_INCOME":null,"NET_INTEREST_INCOME_YOY":null,"FEE_COMMISSION_INCOME":null,"FEE_COMMISSION_INCOME_YOY":null,"ACCOUNTS_RECE_TDAYS":null,"INVENTORY_TDAYS":null,"CURRENT_ASSETS_TDAYS":3.385498572454,"TOTAL_ASSETS_TDAYS":3.291034032385,"PREMIUM_EXPENSE":null,"LOAN_DEPOSIT":null,"LOAN_EQUITY":null,"LOAN_ASSETS":null,"DEPOSIT_EQUITY":null,"DEPOSIT_ASSETS":null,"EQUITY_MULTIPLIER":4.171525641623,"EQUITY_RATIO":3.171525641614},{"SECUCODE":"02113.HK","SECURITY_CODE":"02113","SECURITY_NAME_ABBR":"世纪集团国际","ORG_CODE":"10539665","STD_REPORT_DATE":"2021-06-30 00:00:00","REPORT_DATE":"2021-09-30 00:00:00","DATE_TYPE_CODE":"002","REPORT_TYPE":"2021年中报","PER_NETCASH_OPERATE":-0.001354013644,"PER_OI":0.175980366573,"BPS":0.031244796496,"BASIC_EPS":-0.016161364,"DILUTED_EPS":-0.016161364,"OPERATE_INCOME":141620200,"OPERATE_INCOME_YOY":62.716796202,"GROSS_PROFIT":-12660845.88,"GROSS_PROFIT_YOY":-21.81503521524,"HOLDER_PROFIT":-12994069.88,"HOLDER_PROFIT_YOY":-53.3123648516,"GROSS_PROFIT_RATIO":-8.94,"EPS_TTM":-0.033487927282,"OPERATE_INCOME_QOQ":0,"NET_PROFIT_RATIO":-9.1752941176,"ROE_AVG":-41.074391046741,"GROSS_PROFIT_QOQ":0,"ROA":-15.5281234445,"HOLDER_PROFIT_QOQ":0,"ROE_YEARLY":-82.148782093483,"ROIC_YEARLY":-33.081128083859,"TOTAL_ASSETS":74666334.74,"TOTAL_LIABILITIES":49522084.76,"TAX_EBT":0.977653631285,"OCF_SALES":-0.769411764706,"TOTAL_PARENT_EQUITY":25144249.98,"DEBT_ASSET_RATIO":66.3245155028,"OPERATE_PROFIT":-13092370.96,"PRETAX_PROFIT":-13122361.12,"NETCASH_OPERATE":-1089642.48,"NETCASH_INVEST":4561003.5,"NETCASH_FINANCE":-6262945.08,"END_CASH":3731275.74,"DIVI_RATIO":null,"DIVIDEND_RATE":null,"CURRENT_RATIO":1.486696268176,"COMMON_ACS":2000000000,"CURRENTDEBT_DEBT":99.259832452983,"ISSUED_COMMON_SHARES":804750000,"HK_COMMON_SHARES":804750000,"PER_SHARES":5000,"TOTAL_MARKET_CAP":28166250,"HKSK_MARKET_CAP":28166250,"PE_TTM":-2.187330123476,"PB_TTM":-1.404590335611,"REPORT_DATE_SQ":"2020-06-30 00:00:00","REPORT_TYPE_SQ":"2020年中报","OPERATE_INCOME_SQ":91805150.72,"DPS_HKD":null,"OPERATE_INCOME_QOQ_SQ":0,"NET_PROFIT_RATIO_SQ":-9.7151498909,"HOLDER_PROFIT_SQ":-8940097.28,"HOLDER_PROFIT_QOQ_SQ":0,"ROE_AVG_SQ":-14.025461989675,"PE_TTM_SQ":-1.891933552165,"PB_TTM_SQ":-5.946152237558,"ROA_SQ":-9.553545018757,"START_DATE":"2021-04-01 00:00:00","FISCAL_YEAR":"3-31","CURRENCY":"HKD","IS_CNY_CODE":0,"DPS_HKD_LY":null,"ORG_TYPE":"一般企业","PREMIUM_INCOME":null,"PREMIUM_INCOME_YOY":null,"NET_INTEREST_INCOME":null,"NET_INTEREST_INCOME_YOY":null,"FEE_COMMISSION_INCOME":null,"FEE_COMMISSION_INCOME_YOY":null,"ACCOUNTS_RECE_TDAYS":7.180873532145,"INVENTORY_TDAYS":null,"CURRENT_ASSETS_TDAYS":1.74008280747,"TOTAL_ASSETS_TDAYS":1.692384270781,"PREMIUM_EXPENSE":null,"LOAN_DEPOSIT":null,"LOAN_EQUITY":null,"LOAN_ASSETS":null,"DEPOSIT_EQUITY":null,"DEPOSIT_ASSETS":null,"EQUITY_MULTIPLIER":2.969519265812,"EQUITY_RATIO":1.969519265812},{"SECUCODE":"02113.HK","SECURITY_CODE":"02113","SECURITY_NAME_ABBR":"世纪集团国际","ORG_CODE":"10539665","STD_REPORT_DATE":"2020-12-31 00:00:00","REPORT_DATE":"2021-03-31 00:00:00","DATE_TYPE_CODE":"001","REPORT_TYPE":"2020年年报","PER_NETCASH_OPERATE":-0.041483398347,"PER_OI":0.259965710345,"BPS":0.048066297683,"BASIC_EPS":-0.0338072,"DILUTED_EPS":-0.0338072,"OPERATE_INCOME":209207405.4,"OPERATE_INCOME_YOY":-1.680171592,"GROSS_PROFIT":-24048751.72,"GROSS_PROFIT_YOY":-433.504606707349,"HOLDER_PROFIT":-26949409.48,"HOLDER_PROFIT_YOY":-291.4794352363,"GROSS_PROFIT_RATIO":-11.495172302347,"EPS_TTM":-0.020635954358,"OPERATE_INCOME_QOQ":0,"NET_PROFIT_RATIO":-12.8719751141,"ROE_AVG":-51.682861797052,"GROSS_PROFIT_QOQ":0,"ROA":-27.54123281696,"HOLDER_PROFIT_QOQ":0,"ROE_YEARLY":-51.682861797052,"ROIC_YEARLY":-32.511190187302,"TOTAL_ASSETS":94044023.78,"TOTAL_LIABILITIES":55362670.72,"TAX_EBT":4.39296645262,"OCF_SALES":-15.957257706137,"TOTAL_PARENT_EQUITY":38681353.06,"DEBT_ASSET_RATIO":58.8688876706,"OPERATE_PROFIT":-28127590.4,"PRETAX_PROFIT":-28166468.68,"NETCASH_OPERATE":-33383764.82,"NETCASH_INVEST":1781639.44,"NETCASH_FINANCE":14908130.02,"END_CASH":6607617.24,"DIVI_RATIO":null,"DIVIDEND_RATE":null,"CURRENT_RATIO":1.658512916095,"COMMON_ACS":2000000000,"CURRENTDEBT_DEBT":99.106924767953,"ISSUED_COMMON_SHARES":804750000,"HK_COMMON_SHARES":804750000,"PER_SHARES":5000,"TOTAL_MARKET_CAP":28166250,"HKSK_MARKET_CAP":28166250,"PE_TTM":-2.187330123476,"PB_TTM":-1.404590335611,"REPORT_DATE_SQ":"2019-12-31 00:00:00","REPORT_TYPE_SQ":"2019年年报","OPERATE_INCOME_SQ":230033112,"DPS_HKD":null,"OPERATE_INCOME_QOQ_SQ":0,"NET_PROFIT_RATIO_SQ":-3.2352240229,"HOLDER_PROFIT_SQ":-7442086.5,"HOLDER_PROFIT_QOQ_SQ":0,"ROE_AVG_SQ":-10.478310091082,"PE_TTM_SQ":-1.891933552165,"PB_TTM_SQ":-5.946152237558,"ROA_SQ":-6.948591513249,"START_DATE":"2020-04-01 00:00:00","FISCAL_YEAR":"3-31","CURRENCY":"HKD","IS_CNY_CODE":0,"DPS_HKD_LY":null,"ORG_TYPE":"一般企业","PREMIUM_INCOME":null,"PREMIUM_INCOME_YOY":null,"NET_INTEREST_INCOME":null,"NET_INTEREST_INCOME_YOY":null,"FEE_COMMISSION_INCOME":null,"FEE_COMMISSION_INCOME_YOY":null,"ACCOUNTS_RECE_TDAYS":16.908941867614,"INVENTORY_TDAYS":null,"CURRENT_ASSETS_TDAYS":2.306294722719,"TOTAL_ASSETS_TDAYS":2.138017110701,"PREMIUM_EXPENSE":null,"LOAN_DEPOSIT":null,"LOAN_EQUITY":null,"LOAN_ASSETS":null,"DEPOSIT_EQUITY":null,"DEPOSIT_ASSETS":null,"EQUITY_MULTIPLIER":2.431249590314,"EQUITY_RATIO":1.431249590316},{"SECUCODE":"02113.HK","SECURITY_CODE":"02113","SECURITY_NAME_ABBR":"世纪集团国际","ORG_CODE":"10539665","STD_REPORT_DATE":"2020-06-30 00:00:00","REPORT_DATE":"2020-09-30 00:00:00","DATE_TYPE_CODE":"002","REPORT_TYPE":"2020年中报","PER_NETCASH_OPERATE":-0.017354924734,"PER_OI":0.114079093781,"BPS":0.073655243989,"BASIC_EPS":-0.011071872,"DILUTED_EPS":-0.011071872,"OPERATE_INCOME":91805150.72,"OPERATE_INCOME_YOY":-23.2042574461,"GROSS_PROFIT":-10393500.16,"GROSS_PROFIT_YOY":-207.557170774788,"HOLDER_PROFIT":-8940097.28,"HOLDER_PROFIT_YOY":-4185.9437751004,"GROSS_PROFIT_RATIO":-11.32126038516,"EPS_TTM":-0.009247699907,"OPERATE_INCOME_QOQ":0,"NET_PROFIT_RATIO":-9.7151498909,"ROE_AVG":-14.025461989675,"GROSS_PROFIT_QOQ":0,"ROA":-9.553545018757,"HOLDER_PROFIT_QOQ":0,"ROE_YEARLY":-28.050923979349,"ROIC_YEARLY":-23.253528369807,"TOTAL_ASSETS":81465252.48,"TOTAL_LIABILITIES":22191194.88,"TAX_EBT":7.500227831951,"OCF_SALES":-15.213063287262,"TOTAL_PARENT_EQUITY":59274057.6,"DEBT_ASSET_RATIO":27.2400737792,"OPERATE_PROFIT":-9633407.36,"PRETAX_PROFIT":-9642194.56,"NETCASH_OPERATE":-13966375.68,"NETCASH_INVEST":-933200.64,"NETCASH_FINANCE":-200348.16,"END_CASH":9138688,"DIVI_RATIO":null,"DIVIDEND_RATE":null,"CURRENT_RATIO":3.446139999182,"COMMON_ACS":2000000000,"CURRENTDEBT_DEBT":96.788627544151,"ISSUED_COMMON_SHARES":804750000,"HK_COMMON_SHARES":804750000,"PER_SHARES":5000,"TOTAL_MARKET_CAP":28166250,"HKSK_MARKET_CAP":28166250,"PE_TTM":-2.187330123476,"PB_TTM":-1.404590335611,"REPORT_DATE_SQ":"2019-06-30 00:00:00","REPORT_TYPE_SQ":"2019年中报","OPERATE_INCOME_SQ":122713048.44,"DPS_HKD":null,"OPERATE_INCOME_QOQ_SQ":0,"NET_PROFIT_RATIO_SQ":0.18302902,"HOLDER_PROFIT_SQ":224600.49,"HOLDER_PROFIT_QOQ_SQ":0,"ROE_AVG_SQ":0.303921688291,"PE_TTM_SQ":-1.891933552165,"PB_TTM_SQ":-5.946152237558,"ROA_SQ":0.177394017761,"START_DATE":"2020-04-01 00:00:00","FISCAL_YEAR":"3-31","CURRENCY":"HKD","IS_CNY_CODE":0,"DPS_HKD_LY":null,"ORG_TYPE":"一般企业","PREMIUM_INCOME":null,"PREMIUM_INCOME_YOY":null,"NET_INTEREST_INCOME":null,"NET_INTEREST_INCOME_YOY":null,"FEE_COMMISSION_INCOME":null,"FEE_COMMISSION_INCOME_YOY":null,"ACCOUNTS_RECE_TDAYS":null,"INVENTORY_TDAYS":null,"CURRENT_ASSETS_TDAYS":1.092725171399,"TOTAL_ASSETS_TDAYS":0.98104596951,"PREMIUM_EXPENSE":null,"LOAN_DEPOSIT":null,"LOAN_EQUITY":null,"LOAN_ASSETS":null,"DEPOSIT_EQUITY":null,"DEPOSIT_ASSETS":null,"EQUITY_MULTIPLIER":1.374382921947,"EQUITY_RATIO":0.374382921948}],"count":21},"success":true,"message":"ok","code":0}