{"version":"923e0d043e47d9daeb69329a9bc1e833","result":{"pages":2,"data":[{"SECUCODE":"02121.HK","SECURITY_CODE":"02121","SECURITY_NAME_ABBR":"创新奇智","ORG_CODE":"10787147","STD_REPORT_DATE":"2024-06-30 00:00:00","REPORT_DATE":"2024-06-30 00:00:00","DATE_TYPE_CODE":"002","REPORT_TYPE":"2024年中报","PER_NETCASH_OPERATE":-0.045836591758,"PER_OI":1.011774627573,"BPS":3.324083795993,"BASIC_EPS":-0.36,"DILUTED_EPS":-0.36,"OPERATE_INCOME":571704000,"OPERATE_INCOME_YOY":-38.117293806,"GROSS_PROFIT":193225000,"GROSS_PROFIT_YOY":-35.34857731738,"HOLDER_PROFIT":-195483000,"HOLDER_PROFIT_YOY":0.1047585953,"GROSS_PROFIT_RATIO":33.798084323356,"EPS_TTM":-1.030229607452,"OPERATE_INCOME_QOQ":-20.110676767302,"NET_PROFIT_RATIO":-32.2812154542,"ROE_AVG":-9.996880497484,"GROSS_PROFIT_QOQ":-17.952369219266,"ROA":-6.151024399822,"HOLDER_PROFIT_QOQ":0.035202983839,"ROE_YEARLY":-19.993760994968,"ROIC_YEARLY":-23.870815298921,"TOTAL_ASSETS":3066955000,"TOTAL_LIABILITIES":977308000,"TAX_EBT":1.239370896189,"OCF_SALES":-4.530316387501,"TOTAL_PARENT_EQUITY":1877558000,"DEBT_ASSET_RATIO":31.8657430579,"OPERATE_PROFIT":-190751000,"PRETAX_PROFIT":-186869000,"NETCASH_OPERATE":-25900000,"NETCASH_INVEST":-5098000,"NETCASH_FINANCE":19578000,"END_CASH":1332903000,"DIVI_RATIO":null,"DIVIDEND_RATE":null,"CURRENT_RATIO":2.982426204493,"COMMON_ACS":null,"CURRENTDEBT_DEBT":79.39441813635,"ISSUED_COMMON_SHARES":564834738,"HK_COMMON_SHARES":564834738,"PER_SHARES":100,"TOTAL_MARKET_CAP":3993381597.66,"HKSK_MARKET_CAP":3993381597.66,"PE_TTM":-6.195725518883,"PB_TTM":1.941180787253,"REPORT_DATE_SQ":"2023-06-30 00:00:00","REPORT_TYPE_SQ":"2023年中报","OPERATE_INCOME_SQ":923851000,"DPS_HKD":null,"OPERATE_INCOME_QOQ_SQ":17.86256542738,"NET_PROFIT_RATIO_SQ":-21.221279189,"HOLDER_PROFIT_SQ":-195688000,"HOLDER_PROFIT_QOQ_SQ":10.381443469351,"ROE_AVG_SQ":-8.419726516364,"PE_TTM_SQ":-11.586283983906,"PB_TTM_SQ":1.552673974448,"ROA_SQ":-5.524461497831,"START_DATE":"2024-01-01 00:00:00","FISCAL_YEAR":"12-31","CURRENCY":"HKD","IS_CNY_CODE":0,"DPS_HKD_LY":null,"ORG_TYPE":"一般企业","PREMIUM_INCOME":null,"PREMIUM_INCOME_YOY":null,"NET_INTEREST_INCOME":null,"NET_INTEREST_INCOME_YOY":null,"FEE_COMMISSION_INCOME":null,"FEE_COMMISSION_INCOME_YOY":null,"ACCOUNTS_RECE_TDAYS":1.04366113106,"INVENTORY_TDAYS":2.522764463375,"CURRENT_ASSETS_TDAYS":0.237843077502,"TOTAL_ASSETS_TDAYS":0.17989110324,"PREMIUM_EXPENSE":null,"LOAN_DEPOSIT":null,"LOAN_EQUITY":null,"LOAN_ASSETS":null,"DEPOSIT_EQUITY":null,"DEPOSIT_ASSETS":null,"EQUITY_MULTIPLIER":1.467690475952,"EQUITY_RATIO":0.520520804151},{"SECUCODE":"02121.HK","SECURITY_CODE":"02121","SECURITY_NAME_ABBR":"创新奇智","ORG_CODE":"10787147","STD_REPORT_DATE":"2023-12-31 00:00:00","REPORT_DATE":"2023-12-31 00:00:00","DATE_TYPE_CODE":"001","REPORT_TYPE":"2023年年报","PER_NETCASH_OPERATE":-0.319128863787,"PER_OI":3.098916402088,"BPS":3.599852953803,"BASIC_EPS":-1.05,"DILUTED_EPS":-1.05,"OPERATE_INCOME":1751045000,"OPERATE_INCOME_YOY":12.4163238945,"GROSS_PROFIT":588485000,"GROSS_PROFIT_YOY":16.054137627742,"HOLDER_PROFIT":-582337000,"HOLDER_PROFIT_YOY":-60.4048567383,"GROSS_PROFIT_RATIO":33.607645720127,"EPS_TTM":-1.03059240673,"OPERATE_INCOME_QOQ":-4.620840818399,"NET_PROFIT_RATIO":-32.5675239643,"ROE_AVG":-27.068124555662,"GROSS_PROFIT_QOQ":-1.965896256118,"ROA":-17.760663803426,"HOLDER_PROFIT_QOQ":-78.986208825491,"ROE_YEARLY":-27.068124555662,"ROIC_YEARLY":-35.400909738887,"TOTAL_ASSETS":3289157000,"TOTAL_LIABILITIES":1065012000,"TAX_EBT":1.598350401615,"OCF_SALES":-10.298079147024,"TOTAL_PARENT_EQUITY":2033322000,"DEBT_ASSET_RATIO":32.3794820375,"OPERATE_PROFIT":-600012000,"PRETAX_PROFIT":-579535000,"NETCASH_OPERATE":-180324000,"NETCASH_INVEST":-188699000,"NETCASH_FINANCE":75826000,"END_CASH":1344615000,"DIVI_RATIO":null,"DIVIDEND_RATE":null,"CURRENT_RATIO":2.880822723455,"COMMON_ACS":null,"CURRENTDEBT_DEBT":81.263591396153,"ISSUED_COMMON_SHARES":564834738,"HK_COMMON_SHARES":564834738,"PER_SHARES":100,"TOTAL_MARKET_CAP":3219558006.6,"HKSK_MARKET_CAP":3219558006.6,"PE_TTM":-4.995139385804,"PB_TTM":1.565025528619,"REPORT_DATE_SQ":"2022-12-31 00:00:00","REPORT_TYPE_SQ":"2022年年报","OPERATE_INCOME_SQ":1557643000,"DPS_HKD":null,"OPERATE_INCOME_QOQ_SQ":36.614619009571,"NET_PROFIT_RATIO_SQ":-23.1863141939,"HOLDER_PROFIT_SQ":-363042000,"HOLDER_PROFIT_QOQ_SQ":38.335977389077,"ROE_AVG_SQ":-17.908203696802,"PE_TTM_SQ":-12.681179649522,"PB_TTM_SQ":1.699400570059,"ROA_SQ":-13.121950990304,"START_DATE":"2023-01-01 00:00:00","FISCAL_YEAR":"12-31","CURRENCY":"HKD","IS_CNY_CODE":0,"DPS_HKD_LY":null,"ORG_TYPE":"一般企业","PREMIUM_INCOME":null,"PREMIUM_INCOME_YOY":null,"NET_INTEREST_INCOME":null,"NET_INTEREST_INCOME_YOY":null,"FEE_COMMISSION_INCOME":null,"FEE_COMMISSION_INCOME_YOY":null,"ACCOUNTS_RECE_TDAYS":2.816357615148,"INVENTORY_TDAYS":9.75297922408,"CURRENT_ASSETS_TDAYS":0.676289218022,"TOTAL_ASSETS_TDAYS":0.534050241521,"PREMIUM_EXPENSE":null,"LOAN_DEPOSIT":null,"LOAN_EQUITY":null,"LOAN_ASSETS":null,"DEPOSIT_EQUITY":null,"DEPOSIT_ASSETS":null,"EQUITY_MULTIPLIER":1.478841082753,"EQUITY_RATIO":0.523779312868},{"SECUCODE":"02121.HK","SECURITY_CODE":"02121","SECURITY_NAME_ABBR":"创新奇智","ORG_CODE":"10787147","STD_REPORT_DATE":"2023-06-30 00:00:00","REPORT_DATE":"2023-06-30 00:00:00","DATE_TYPE_CODE":"002","REPORT_TYPE":"2023年中报","PER_NETCASH_OPERATE":-0.197837101135,"PER_OI":1.634987688486,"BPS":4.211661995902,"BASIC_EPS":-0.36,"DILUTED_EPS":-0.36,"OPERATE_INCOME":923851000,"OPERATE_INCOME_YOY":43.0960509033,"GROSS_PROFIT":298872000,"GROSS_PROFIT_YOY":45.320522794461,"HOLDER_PROFIT":-195688000,"HOLDER_PROFIT_YOY":16.1494063254,"GROSS_PROFIT_RATIO":32.350671266254,"EPS_TTM":-0.575794310351,"OPERATE_INCOME_QOQ":17.86256542738,"NET_PROFIT_RATIO":-21.221279189,"ROE_AVG":-8.419726516364,"GROSS_PROFIT_QOQ":18.381393000682,"ROA":-5.524461497831,"HOLDER_PROFIT_QOQ":10.381443469351,"ROE_YEARLY":-16.839453032729,"ROIC_YEARLY":-22.361257003676,"TOTAL_ASSETS":3815972000,"TOTAL_LIABILITIES":1254821000,"TAX_EBT":1.799685443235,"OCF_SALES":-12.10021962416,"TOTAL_PARENT_EQUITY":2378893000,"DEBT_ASSET_RATIO":32.8833911779,"OPERATE_PROFIT":-211049000,"PRETAX_PROFIT":-199646000,"NETCASH_OPERATE":-111788000,"NETCASH_INVEST":-124612000,"NETCASH_FINANCE":265104000,"END_CASH":1669467000,"DIVI_RATIO":null,"DIVIDEND_RATE":null,"CURRENT_RATIO":2.85696457907,"COMMON_ACS":null,"CURRENTDEBT_DEBT":82.952867381085,"ISSUED_COMMON_SHARES":564834738,"HK_COMMON_SHARES":564834738,"PER_SHARES":100,"TOTAL_MARKET_CAP":3219558006.6,"HKSK_MARKET_CAP":3219558006.6,"PE_TTM":-4.995139385804,"PB_TTM":1.565025528619,"REPORT_DATE_SQ":"2022-06-30 00:00:00","REPORT_TYPE_SQ":"2022年中报","OPERATE_INCOME_SQ":645616000,"DPS_HKD":null,"OPERATE_INCOME_QOQ_SQ":32.398440257882,"NET_PROFIT_RATIO_SQ":-35.6495192189,"HOLDER_PROFIT_SQ":-233377000,"HOLDER_PROFIT_QOQ_SQ":7.517605274278,"ROE_AVG_SQ":-10.949832017996,"PE_TTM_SQ":-12.681179649522,"PB_TTM_SQ":1.699400570059,"ROA_SQ":-8.153261486262,"START_DATE":"2023-01-01 00:00:00","FISCAL_YEAR":"12-31","CURRENCY":"HKD","IS_CNY_CODE":0,"DPS_HKD_LY":null,"ORG_TYPE":"一般企业","PREMIUM_INCOME":null,"PREMIUM_INCOME_YOY":null,"NET_INTEREST_INCOME":null,"NET_INTEREST_INCOME_YOY":null,"FEE_COMMISSION_INCOME":null,"FEE_COMMISSION_INCOME_YOY":null,"ACCOUNTS_RECE_TDAYS":1.319077667512,"INVENTORY_TDAYS":6.139071839377,"CURRENT_ASSETS_TDAYS":0.326508130356,"TOTAL_ASSETS_TDAYS":0.260812072239,"PREMIUM_EXPENSE":null,"LOAN_DEPOSIT":null,"LOAN_EQUITY":null,"LOAN_ASSETS":null,"DEPOSIT_EQUITY":null,"DEPOSIT_ASSETS":null,"EQUITY_MULTIPLIER":1.489944169633,"EQUITY_RATIO":0.527481059468},{"SECUCODE":"02121.HK","SECURITY_CODE":"02121","SECURITY_NAME_ABBR":"创新奇智","ORG_CODE":"10787147","STD_REPORT_DATE":"2022-12-31 00:00:00","REPORT_DATE":"2022-12-31 00:00:00","DATE_TYPE_CODE":"001","REPORT_TYPE":"2022年年报","PER_NETCASH_OPERATE":-0.544071817952,"PER_OI":2.784962500181,"BPS":4.017863717157,"BASIC_EPS":-0.66,"DILUTED_EPS":-0.66,"OPERATE_INCOME":1557643000,"OPERATE_INCOME_YOY":80.8756247329,"GROSS_PROFIT":507078000,"GROSS_PROFIT_YOY":89.745585445347,"HOLDER_PROFIT":-363042000,"HOLDER_PROFIT_YOY":42.9716352052,"GROSS_PROFIT_RATIO":32.55418603621,"EPS_TTM":-0.649095046805,"OPERATE_INCOME_QOQ":36.614619009571,"NET_PROFIT_RATIO":-23.1863141939,"ROE_AVG":-17.908203696802,"GROSS_PROFIT_QOQ":40.948574192311,"ROA":-13.121950990304,"HOLDER_PROFIT_QOQ":38.335977389077,"ROE_YEARLY":-17.908203696802,"ROIC_YEARLY":-32.447302694289,"TOTAL_ASSETS":3268447000,"TOTAL_LIABILITIES":909472000,"TAX_EBT":0.141564732686,"OCF_SALES":-19.536055437607,"TOTAL_PARENT_EQUITY":2269429000,"DEBT_ASSET_RATIO":27.8258145229,"OPERATE_PROFIT":-392291000,"PRETAX_PROFIT":-361672000,"NETCASH_OPERATE":-304302000,"NETCASH_INVEST":-292807000,"NETCASH_FINANCE":685687000,"END_CASH":1642665000,"DIVI_RATIO":null,"DIVIDEND_RATE":null,"CURRENT_RATIO":3.712296836203,"COMMON_ACS":null,"CURRENTDEBT_DEBT":79.530540797298,"ISSUED_COMMON_SHARES":564834738,"HK_COMMON_SHARES":564834738,"PER_SHARES":100,"TOTAL_MARKET_CAP":3219558006.6,"HKSK_MARKET_CAP":3219558006.6,"PE_TTM":-4.995139385804,"PB_TTM":1.565025528619,"REPORT_DATE_SQ":"2021-12-31 00:00:00","REPORT_TYPE_SQ":"2021年年报","OPERATE_INCOME_SQ":861168000,"DPS_HKD":null,"OPERATE_INCOME_QOQ_SQ":19.989967953184,"NET_PROFIT_RATIO_SQ":-73.7514631291,"HOLDER_PROFIT_SQ":-636599000,"HOLDER_PROFIT_QOQ_SQ":-13.368249716846,"ROE_AVG_SQ":-100.478401686954,"PE_TTM_SQ":-12.681179649522,"PB_TTM_SQ":1.699400570059,"ROA_SQ":-34.780055142263,"START_DATE":"2022-01-01 00:00:00","FISCAL_YEAR":"12-31","CURRENCY":"HKD","IS_CNY_CODE":0,"DPS_HKD_LY":null,"ORG_TYPE":"一般企业","PREMIUM_INCOME":null,"PREMIUM_INCOME_YOY":null,"NET_INTEREST_INCOME":null,"NET_INTEREST_INCOME_YOY":null,"FEE_COMMISSION_INCOME":null,"FEE_COMMISSION_INCOME_YOY":null,"ACCOUNTS_RECE_TDAYS":3.335656121679,"INVENTORY_TDAYS":11.705785676481,"CURRENT_ASSETS_TDAYS":0.65361020923,"TOTAL_ASSETS_TDAYS":0.5630013912,"PREMIUM_EXPENSE":null,"LOAN_DEPOSIT":null,"LOAN_EQUITY":null,"LOAN_ASSETS":null,"DEPOSIT_EQUITY":null,"DEPOSIT_ASSETS":null,"EQUITY_MULTIPLIER":1.385536938712,"EQUITY_RATIO":0.400749263361},{"SECUCODE":"02121.HK","SECURITY_CODE":"02121","SECURITY_NAME_ABBR":"创新奇智","ORG_CODE":"10787147","STD_REPORT_DATE":"2022-06-30 00:00:00","REPORT_DATE":"2022-06-30 00:00:00","DATE_TYPE_CODE":"002","REPORT_TYPE":"2022年中报","PER_NETCASH_OPERATE":-0.449647460407,"PER_OI":1.154318640097,"BPS":4.386435240816,"BASIC_EPS":-0.42,"DILUTED_EPS":-0.42,"OPERATE_INCOME":645616000,"OPERATE_INCOME_YOY":76.1038266719,"GROSS_PROFIT":205664000,"GROSS_PROFIT_YOY":81.771901293926,"HOLDER_PROFIT":-233377000,"HOLDER_PROFIT_YOY":17.0167902885,"GROSS_PROFIT_RATIO":31.855468265966,"EPS_TTM":-1.052631695634,"OPERATE_INCOME_QOQ":32.398440257882,"NET_PROFIT_RATIO":-35.6495192189,"ROE_AVG":-10.949832017996,"GROSS_PROFIT_QOQ":34.620436235458,"ROA":-8.153261486262,"HOLDER_PROFIT_QOQ":7.517605274278,"ROE_YEARLY":-21.899664035993,"ROIC_YEARLY":-38.224968081299,"TOTAL_ASSETS":3459845000,"TOTAL_LIABILITIES":900617000,"TAX_EBT":-1.26627390763,"OCF_SALES":-38.953495576318,"TOTAL_PARENT_EQUITY":2477611000,"DEBT_ASSET_RATIO":26.0305591724,"OPERATE_PROFIT":-241340000,"PRETAX_PROFIT":-227281000,"NETCASH_OPERATE":-251490000,"NETCASH_INVEST":-357168000,"NETCASH_FINANCE":692269000,"END_CASH":1637583000,"DIVI_RATIO":null,"DIVIDEND_RATE":null,"CURRENT_RATIO":4.247355327364,"COMMON_ACS":null,"CURRENTDEBT_DEBT":75.204554211169,"ISSUED_COMMON_SHARES":564834738,"HK_COMMON_SHARES":564834738,"PER_SHARES":100,"TOTAL_MARKET_CAP":3219558006.6,"HKSK_MARKET_CAP":3219558006.6,"PE_TTM":-4.995139385804,"PB_TTM":1.565025528619,"REPORT_DATE_SQ":"2021-06-30 00:00:00","REPORT_TYPE_SQ":"2021年中报","OPERATE_INCOME_SQ":366611000,"DPS_HKD":null,"OPERATE_INCOME_QOQ_SQ":0,"NET_PROFIT_RATIO_SQ":-77.4442119849,"HOLDER_PROFIT_SQ":-281234000,"HOLDER_PROFIT_QOQ_SQ":0,"ROE_AVG_SQ":null,"PE_TTM_SQ":-12.681179649522,"PB_TTM_SQ":1.699400570059,"ROA_SQ":null,"START_DATE":"2022-01-01 00:00:00","FISCAL_YEAR":"12-31","CURRENCY":"HKD","IS_CNY_CODE":0,"DPS_HKD_LY":null,"ORG_TYPE":"一般企业","PREMIUM_INCOME":null,"PREMIUM_INCOME_YOY":null,"NET_INTEREST_INCOME":null,"NET_INTEREST_INCOME_YOY":null,"FEE_COMMISSION_INCOME":null,"FEE_COMMISSION_INCOME_YOY":null,"ACCOUNTS_RECE_TDAYS":1.52179452276,"INVENTORY_TDAYS":4.004040882077,"CURRENT_ASSETS_TDAYS":0.260439509018,"TOTAL_ASSETS_TDAYS":0.225552478081,"PREMIUM_EXPENSE":null,"LOAN_DEPOSIT":null,"LOAN_EQUITY":null,"LOAN_ASSETS":null,"DEPOSIT_EQUITY":null,"DEPOSIT_ASSETS":null,"EQUITY_MULTIPLIER":1.351909638374,"EQUITY_RATIO":0.363502180124},{"SECUCODE":"02121.HK","SECURITY_CODE":"02121","SECURITY_NAME_ABBR":"创新奇智","ORG_CODE":"10787147","STD_REPORT_DATE":"2021-12-31 00:00:00","REPORT_DATE":"2021-12-31 00:00:00","DATE_TYPE_CODE":"001","REPORT_TYPE":"2021年年报","PER_NETCASH_OPERATE":-0.46014653296,"PER_OI":1.673600746269,"BPS":3.160301376506,"BASIC_EPS":-1.43,"DILUTED_EPS":-1.43,"OPERATE_INCOME":861168000,"OPERATE_INCOME_YOY":86.2693695331,"GROSS_PROFIT":267241000,"GROSS_PROFIT_YOY":98.513604861054,"HOLDER_PROFIT":-636599000,"HOLDER_PROFIT_YOY":-76.3437017831,"GROSS_PROFIT_RATIO":31.032388569942,"EPS_TTM":-1.237171564055,"OPERATE_INCOME_QOQ":19.989967953184,"NET_PROFIT_RATIO":-73.7514631291,"ROE_AVG":-100.478401686954,"GROSS_PROFIT_QOQ":21.322631461868,"ROA":-34.780055142263,"HOLDER_PROFIT_QOQ":-13.368249716846,"ROE_YEARLY":-100.478401686954,"ROIC_YEARLY":-121.151262327341,"TOTAL_ASSETS":2264907000,"TOTAL_LIABILITIES":469599000,"TAX_EBT":-0.03276023915,"OCF_SALES":-27.494402950412,"TOTAL_PARENT_EQUITY":1785048000,"DEBT_ASSET_RATIO":20.7336989996,"OPERATE_PROFIT":-622841000,"PRETAX_PROFIT":-634916000,"NETCASH_OPERATE":-236773000,"NETCASH_INVEST":-46989000,"NETCASH_FINANCE":800160000,"END_CASH":1553150000,"DIVI_RATIO":null,"DIVIDEND_RATE":null,"CURRENT_RATIO":5.705961379757,"COMMON_ACS":null,"CURRENTDEBT_DEBT":77.66860661969,"ISSUED_COMMON_SHARES":564834738,"HK_COMMON_SHARES":564834738,"PER_SHARES":100,"TOTAL_MARKET_CAP":3219558006.6,"HKSK_MARKET_CAP":3219558006.6,"PE_TTM":-4.995139385804,"PB_TTM":1.565025528619,"REPORT_DATE_SQ":"2020-12-31 00:00:00","REPORT_TYPE_SQ":"2020年年报","OPERATE_INCOME_SQ":462324000,"DPS_HKD":null,"OPERATE_INCOME_QOQ_SQ":101.763979383873,"NET_PROFIT_RATIO_SQ":-78.0048191312,"HOLDER_PROFIT_SQ":-360999000,"HOLDER_PROFIT_QOQ_SQ":-47.812895380118,"ROE_AVG_SQ":104.662722716947,"PE_TTM_SQ":-12.681179649522,"PB_TTM_SQ":1.699400570059,"ROA_SQ":-32.084236908529,"START_DATE":"2021-01-01 00:00:00","FISCAL_YEAR":"12-31","CURRENCY":"HKD","IS_CNY_CODE":0,"DPS_HKD_LY":null,"ORG_TYPE":"一般企业","PREMIUM_INCOME":null,"PREMIUM_INCOME_YOY":null,"NET_INTEREST_INCOME":null,"NET_INTEREST_INCOME_YOY":null,"FEE_COMMISSION_INCOME":null,"FEE_COMMISSION_INCOME_YOY":null,"ACCOUNTS_RECE_TDAYS":3.122696961676,"INVENTORY_TDAYS":9.350751379563,"CURRENT_ASSETS_TDAYS":0.50603584162,"TOTAL_ASSETS_TDAYS":0.470491950612,"PREMIUM_EXPENSE":null,"LOAN_DEPOSIT":null,"LOAN_EQUITY":null,"LOAN_ASSETS":null,"DEPOSIT_EQUITY":null,"DEPOSIT_ASSETS":null,"EQUITY_MULTIPLIER":1.26157015955,"EQUITY_RATIO":0.263073598021},{"SECUCODE":"02121.HK","SECURITY_CODE":"02121","SECURITY_NAME_ABBR":"创新奇智","ORG_CODE":"10787147","STD_REPORT_DATE":"2021-09-30 00:00:00","REPORT_DATE":"2021-09-30 00:00:00","DATE_TYPE_CODE":"004","REPORT_TYPE":"2021年三季报","PER_NETCASH_OPERATE":-0.338903140547,"PER_OI":1.074733753109,"BPS":3.319160231962,"BASIC_EPS":-1.03,"DILUTED_EPS":-1.03,"OPERATE_INCOME":553015000,"OPERATE_INCOME_YOY":85.8005839289,"GROSS_PROFIT":170924000,"GROSS_PROFIT_YOY":100.445632798574,"HOLDER_PROFIT":-435488000,"HOLDER_PROFIT_YOY":-85.3495350173,"GROSS_PROFIT_RATIO":30.90766073253,"EPS_TTM":-1.091285758706,"OPERATE_INCOME_QOQ":55.237452522473,"NET_PROFIT_RATIO":-79.2056273338,"ROE_AVG":-64.190321070998,"GROSS_PROFIT_QOQ":63.624545947512,"ROA":-24.419543238222,"HOLDER_PROFIT_QOQ":-55.549461355849,"ROE_YEARLY":-85.587094761331,"ROIC_YEARLY":-101.340736491699,"TOTAL_ASSETS":2170911000,"TOTAL_LIABILITIES":289880000,"TAX_EBT":-0.59042641142,"OCF_SALES":-31.533683534805,"TOTAL_PARENT_EQUITY":1874777000,"DEBT_ASSET_RATIO":13.3529195808,"OPERATE_PROFIT":null,"PRETAX_PROFIT":-435448000,"NETCASH_OPERATE":-174386000,"NETCASH_INVEST":-36334000,"NETCASH_FINANCE":828591000,"END_CASH":1654623000,"DIVI_RATIO":null,"DIVIDEND_RATE":null,"CURRENT_RATIO":8.520381332119,"COMMON_ACS":null,"CURRENTDEBT_DEBT":84.095832758383,"ISSUED_COMMON_SHARES":564834738,"HK_COMMON_SHARES":564834738,"PER_SHARES":100,"TOTAL_MARKET_CAP":3219558006.6,"HKSK_MARKET_CAP":3219558006.6,"PE_TTM":-4.995139385804,"PB_TTM":1.565025528619,"REPORT_DATE_SQ":"2020-09-30 00:00:00","REPORT_TYPE_SQ":"2020年三季报","OPERATE_INCOME_SQ":297639000,"DPS_HKD":null,"OPERATE_INCOME_QOQ_SQ":0,"NET_PROFIT_RATIO_SQ":-78.2861116991,"HOLDER_PROFIT_SQ":-234955000,"HOLDER_PROFIT_QOQ_SQ":0,"ROE_AVG_SQ":null,"PE_TTM_SQ":-12.681179649522,"PB_TTM_SQ":1.699400570059,"ROA_SQ":null,"START_DATE":"2021-01-01 00:00:00","FISCAL_YEAR":"12-31","CURRENCY":"HKD","IS_CNY_CODE":0,"DPS_HKD_LY":null,"ORG_TYPE":"一般企业","PREMIUM_INCOME":null,"PREMIUM_INCOME_YOY":null,"NET_INTEREST_INCOME":null,"NET_INTEREST_INCOME_YOY":null,"FEE_COMMISSION_INCOME":null,"FEE_COMMISSION_INCOME_YOY":null,"ACCOUNTS_RECE_TDAYS":2.276217465482,"INVENTORY_TDAYS":7.744904681308,"CURRENT_ASSETS_TDAYS":0.325349159895,"TOTAL_ASSETS_TDAYS":0.310097493017,"PREMIUM_EXPENSE":null,"LOAN_DEPOSIT":null,"LOAN_EQUITY":null,"LOAN_ASSETS":null,"DEPOSIT_EQUITY":null,"DEPOSIT_ASSETS":null,"EQUITY_MULTIPLIER":1.154106976441,"EQUITY_RATIO":0.154621056264},{"SECUCODE":"02121.HK","SECURITY_CODE":"02121","SECURITY_NAME_ABBR":"创新奇智","ORG_CODE":"10787147","STD_REPORT_DATE":"2021-06-30 00:00:00","REPORT_DATE":"2021-06-30 00:00:00","DATE_TYPE_CODE":"002","REPORT_TYPE":"2021年中报","PER_NETCASH_OPERATE":null,"PER_OI":null,"BPS":null,"BASIC_EPS":-0.75,"DILUTED_EPS":-0.75,"OPERATE_INCOME":366611000,"OPERATE_INCOME_YOY":null,"GROSS_PROFIT":113144000,"GROSS_PROFIT_YOY":null,"HOLDER_PROFIT":-281234000,"HOLDER_PROFIT_YOY":null,"GROSS_PROFIT_RATIO":30.862139979433,"EPS_TTM":-14.976104542626,"OPERATE_INCOME_QOQ":0,"NET_PROFIT_RATIO":-77.4442119849,"ROE_AVG":null,"GROSS_PROFIT_QOQ":0,"ROA":null,"HOLDER_PROFIT_QOQ":0,"ROE_YEARLY":null,"ROIC_YEARLY":null,"TOTAL_ASSETS":null,"TOTAL_LIABILITIES":null,"TAX_EBT":-1.973974851216,"OCF_SALES":-24.437619165819,"TOTAL_PARENT_EQUITY":null,"DEBT_ASSET_RATIO":null,"OPERATE_PROFIT":-249063000,"PRETAX_PROFIT":-278423000,"NETCASH_OPERATE":-89591000,"NETCASH_INVEST":-1023693000,"NETCASH_FINANCE":829952000,"END_CASH":753420000,"DIVI_RATIO":null,"DIVIDEND_RATE":null,"CURRENT_RATIO":null,"COMMON_ACS":null,"CURRENTDEBT_DEBT":null,"ISSUED_COMMON_SHARES":564834738,"HK_COMMON_SHARES":564834738,"PER_SHARES":100,"TOTAL_MARKET_CAP":3219558006.6,"HKSK_MARKET_CAP":3219558006.6,"PE_TTM":-4.995139385804,"PB_TTM":1.565025528619,"REPORT_DATE_SQ":"2020-06-30 00:00:00","REPORT_TYPE_SQ":"2020年中报","OPERATE_INCOME_SQ":null,"DPS_HKD":null,"OPERATE_INCOME_QOQ_SQ":0,"NET_PROFIT_RATIO_SQ":null,"HOLDER_PROFIT_SQ":null,"HOLDER_PROFIT_QOQ_SQ":0,"ROE_AVG_SQ":null,"PE_TTM_SQ":-12.681179649522,"PB_TTM_SQ":1.699400570059,"ROA_SQ":null,"START_DATE":"2021-01-01 00:00:00","FISCAL_YEAR":"12-31","CURRENCY":"HKD","IS_CNY_CODE":0,"DPS_HKD_LY":null,"ORG_TYPE":"一般企业","PREMIUM_INCOME":null,"PREMIUM_INCOME_YOY":null,"NET_INTEREST_INCOME":null,"NET_INTEREST_INCOME_YOY":null,"FEE_COMMISSION_INCOME":null,"FEE_COMMISSION_INCOME_YOY":null,"ACCOUNTS_RECE_TDAYS":null,"INVENTORY_TDAYS":null,"CURRENT_ASSETS_TDAYS":0.554444649452,"TOTAL_ASSETS_TDAYS":0.525303659678,"PREMIUM_EXPENSE":null,"LOAN_DEPOSIT":null,"LOAN_EQUITY":null,"LOAN_ASSETS":null,"DEPOSIT_EQUITY":null,"DEPOSIT_ASSETS":null,"EQUITY_MULTIPLIER":null,"EQUITY_RATIO":null},{"SECUCODE":"02121.HK","SECURITY_CODE":"02121","SECURITY_NAME_ABBR":"创新奇智","ORG_CODE":"10787147","STD_REPORT_DATE":"2020-12-31 00:00:00","REPORT_DATE":"2020-12-31 00:00:00","DATE_TYPE_CODE":"001","REPORT_TYPE":"2020年年报","PER_NETCASH_OPERATE":-7.226923874715,"PER_OI":19.179589296826,"BPS":-0.916926607301,"BASIC_EPS":-1.49,"DILUTED_EPS":-1.49,"OPERATE_INCOME":462324000,"OPERATE_INCOME_YOY":101.7639793839,"GROSS_PROFIT":134621000,"GROSS_PROFIT_YOY":87.984025246813,"HOLDER_PROFIT":-360999000,"HOLDER_PROFIT_YOY":-47.8128953801,"GROSS_PROFIT_RATIO":29.118323945977,"EPS_TTM":-14.976104542626,"OPERATE_INCOME_QOQ":101.763979383873,"NET_PROFIT_RATIO":-78.0048191312,"ROE_AVG":104.662722716947,"GROSS_PROFIT_QOQ":87.984025246813,"ROA":-32.084236908529,"HOLDER_PROFIT_QOQ":-47.812895380118,"ROE_YEARLY":104.662722716947,"ROIC_YEARLY":-122.466571791562,"TOTAL_ASSETS":1395806000,"TOTAL_LIABILITIES":1909833000,"TAX_EBT":-0.047716409174,"OCF_SALES":-37.6802848219,"TOTAL_PARENT_EQUITY":-517912000,"DEBT_ASSET_RATIO":136.8265360659,"OPERATE_PROFIT":-286801000,"PRETAX_PROFIT":-360463000,"NETCASH_OPERATE":-174205000,"NETCASH_INVEST":-19233000,"NETCASH_FINANCE":630309000,"END_CASH":1042502000,"DIVI_RATIO":null,"DIVIDEND_RATE":null,"CURRENT_RATIO":6.862602035256,"COMMON_ACS":null,"CURRENTDEBT_DEBT":10.090044522217,"ISSUED_COMMON_SHARES":564834738,"HK_COMMON_SHARES":564834738,"PER_SHARES":100,"TOTAL_MARKET_CAP":3219558006.6,"HKSK_MARKET_CAP":3219558006.6,"PE_TTM":-4.995139385804,"PB_TTM":1.565025528619,"REPORT_DATE_SQ":"2019-12-31 00:00:00","REPORT_TYPE_SQ":"2019年年报","OPERATE_INCOME_SQ":229141000,"DPS_HKD":null,"OPERATE_INCOME_QOQ_SQ":null,"NET_PROFIT_RATIO_SQ":-108.3869757049,"HOLDER_PROFIT_SQ":-244227000,"HOLDER_PROFIT_QOQ_SQ":null,"ROE_AVG_SQ":320.531009456063,"PE_TTM_SQ":-12.681179649522,"PB_TTM_SQ":1.699400570059,"ROA_SQ":-48.23198560705,"START_DATE":"2020-01-01 00:00:00","FISCAL_YEAR":"12-31","CURRENCY":"HKD","IS_CNY_CODE":0,"DPS_HKD_LY":null,"ORG_TYPE":"一般企业","PREMIUM_INCOME":null,"PREMIUM_INCOME_YOY":null,"NET_INTEREST_INCOME":null,"NET_INTEREST_INCOME_YOY":null,"FEE_COMMISSION_INCOME":null,"FEE_COMMISSION_INCOME_YOY":null,"ACCOUNTS_RECE_TDAYS":2.979938187057,"INVENTORY_TDAYS":7.478644864612,"CURRENT_ASSETS_TDAYS":0.437443110747,"TOTAL_ASSETS_TDAYS":0.410896228092,"PREMIUM_EXPENSE":null,"LOAN_DEPOSIT":null,"LOAN_EQUITY":null,"LOAN_ASSETS":null,"DEPOSIT_EQUITY":null,"DEPOSIT_ASSETS":null,"EQUITY_MULTIPLIER":-2.715433235997,"EQUITY_RATIO":-3.687562751973}],"count":11},"success":true,"message":"ok","code":0}