{"version":"bb95e104f3767daca350839c63489c0c","result":{"pages":4,"data":[{"SECUCODE":"02128.HK","SECURITY_CODE":"02128","SECURITY_NAME_ABBR":"中国联塑","ORG_CODE":"10145615","STD_REPORT_DATE":"2024-06-30 00:00:00","REPORT_DATE":"2024-06-30 00:00:00","DATE_TYPE_CODE":"002","REPORT_TYPE":"2024年中报","PER_NETCASH_OPERATE":0.200830100801,"PER_OI":4.371919338797,"BPS":7.521113851052,"BASIC_EPS":0.34,"DILUTED_EPS":0.34,"OPERATE_INCOME":13563523000,"OPERATE_INCOME_YOY":-11.3317370654,"GROSS_PROFIT":3727786000,"GROSS_PROFIT_YOY":-12.475576043791,"HOLDER_PROFIT":1043151000,"HOLDER_PROFIT_YOY":-30.1619766589,"GROSS_PROFIT_RATIO":27.483906651686,"EPS_TTM":0.618079431195,"OPERATE_INCOME_QOQ":-5.615497509434,"NET_PROFIT_RATIO":7.495073367,"ROE_AVG":4.454376736403,"GROSS_PROFIT_QOQ":-6.542926782296,"ROA":1.74404831856,"HOLDER_PROFIT_QOQ":-19.024881949881,"ROE_YEARLY":8.908753472806,"ROIC_YEARLY":3.973677946729,"TOTAL_ASSETS":59592824000,"TOTAL_LIABILITIES":35703354000,"TAX_EBT":20.782916596535,"OCF_SALES":4.593636918668,"TOTAL_PARENT_EQUITY":23333642000,"DEBT_ASSET_RATIO":59.9121699619,"OPERATE_PROFIT":1749182000,"PRETAX_PROFIT":1283304000,"NETCASH_OPERATE":623059000,"NETCASH_INVEST":-1514002000,"NETCASH_FINANCE":772548000,"END_CASH":5032200000,"DIVI_RATIO":0.293237391268,"DIVIDEND_RATE":5.681818181818,"CURRENT_RATIO":1.025774793258,"COMMON_ACS":20000000000,"CURRENTDEBT_DEBT":58.88367518637,"ISSUED_COMMON_SHARES":3102418400,"HK_COMMON_SHARES":3102418400,"PER_SHARES":1000,"TOTAL_MARKET_CAP":10920512768,"HKSK_MARKET_CAP":10920512768,"PE_TTM":5.112589310202,"PB_TTM":0.427148646281,"REPORT_DATE_SQ":"2023-06-30 00:00:00","REPORT_TYPE_SQ":"2023年中报","OPERATE_INCOME_SQ":15296931000,"DPS_HKD":0.2,"OPERATE_INCOME_QOQ_SQ":1.323870402163,"NET_PROFIT_RATIO_SQ":9.384882497,"HOLDER_PROFIT_SQ":1493672000,"HOLDER_PROFIT_QOQ_SQ":7.824267217305,"ROE_AVG_SQ":6.712631776685,"PE_TTM_SQ":3.588839428581,"PB_TTM_SQ":0.426639638695,"ROA_SQ":2.473372475458,"START_DATE":"2024-01-01 00:00:00","FISCAL_YEAR":"12-31","CURRENCY":"HKD","IS_CNY_CODE":0,"DPS_HKD_LY":0.2,"ORG_TYPE":"一般企业","PREMIUM_INCOME":null,"PREMIUM_INCOME_YOY":null,"NET_INTEREST_INCOME":null,"NET_INTEREST_INCOME_YOY":null,"FEE_COMMISSION_INCOME":null,"FEE_COMMISSION_INCOME_YOY":null,"ACCOUNTS_RECE_TDAYS":2.948707340722,"INVENTORY_TDAYS":1.566121229718,"CURRENT_ASSETS_TDAYS":0.640100990761,"TOTAL_ASSETS_TDAYS":0.226769082155,"PREMIUM_EXPENSE":null,"LOAN_DEPOSIT":null,"LOAN_EQUITY":null,"LOAN_ASSETS":null,"DEPOSIT_EQUITY":null,"DEPOSIT_ASSETS":null,"EQUITY_MULTIPLIER":2.494522649516,"EQUITY_RATIO":1.530123501509},{"SECUCODE":"02128.HK","SECURITY_CODE":"02128","SECURITY_NAME_ABBR":"中国联塑","ORG_CODE":"10145615","STD_REPORT_DATE":"2023-12-31 00:00:00","REPORT_DATE":"2023-12-31 00:00:00","DATE_TYPE_CODE":"001","REPORT_TYPE":"2023年年报","PER_NETCASH_OPERATE":2.160078730838,"PER_OI":9.949750491423,"BPS":7.575858562469,"BASIC_EPS":0.77,"DILUTED_EPS":0.77,"OPERATE_INCOME":30868289000,"OPERATE_INCOME_YOY":0.3285250652,"GROSS_PROFIT":8121014000,"GROSS_PROFIT_YOY":-1.461021961863,"HOLDER_PROFIT":2368062000,"HOLDER_PROFIT_YOY":-6.0756887966,"GROSS_PROFIT_RATIO":26.308597797565,"EPS_TTM":0.763295498763,"OPERATE_INCOME_QOQ":-0.98234042285,"NET_PROFIT_RATIO":7.5169245694,"ROE_AVG":10.444438936167,"GROSS_PROFIT_QOQ":-5.104683807856,"ROA":3.980475539063,"HOLDER_PROFIT_QOQ":-12.755555424561,"ROE_YEARLY":10.444438936167,"ROIC_YEARLY":4.577469679093,"TOTAL_ASSETS":60031270000,"TOTAL_LIABILITIES":35720192000,"TAX_EBT":12.905450067169,"OCF_SALES":21.709878380366,"TOTAL_PARENT_EQUITY":23503483000,"DEBT_ASSET_RATIO":59.5026425395,"OPERATE_PROFIT":3449358000,"PRETAX_PROFIT":2664169000,"NETCASH_OPERATE":6701468000,"NETCASH_INVEST":-4254042000,"NETCASH_FINANCE":-3042796000,"END_CASH":5155480000,"DIVI_RATIO":0.237449323746,"DIVIDEND_RATE":5.333333333333,"CURRENT_RATIO":0.849110176268,"COMMON_ACS":20000000000,"CURRENTDEBT_DEBT":68.624267193189,"ISSUED_COMMON_SHARES":3102418400,"HK_COMMON_SHARES":3102418400,"PER_SHARES":1000,"TOTAL_MARKET_CAP":11634069000,"HKSK_MARKET_CAP":11634069000,"PE_TTM":5.446650543539,"PB_TTM":0.455058927146,"REPORT_DATE_SQ":"2022-12-31 00:00:00","REPORT_TYPE_SQ":"2022年年报","OPERATE_INCOME_SQ":30767211000,"DPS_HKD":0.2,"OPERATE_INCOME_QOQ_SQ":-4.520618402497,"NET_PROFIT_RATIO_SQ":8.1739615593,"HOLDER_PROFIT_SQ":2521245000,"HOLDER_PROFIT_QOQ_SQ":-0.306013863493,"ROE_AVG_SQ":11.828021608352,"PE_TTM_SQ":4.162204307704,"PB_TTM_SQ":0.49480100109,"ROA_SQ":4.438320451465,"START_DATE":"2023-01-01 00:00:00","FISCAL_YEAR":"12-31","CURRENCY":"HKD","IS_CNY_CODE":0,"DPS_HKD_LY":0.3,"ORG_TYPE":"一般企业","PREMIUM_INCOME":null,"PREMIUM_INCOME_YOY":null,"NET_INTEREST_INCOME":null,"NET_INTEREST_INCOME_YOY":null,"FEE_COMMISSION_INCOME":null,"FEE_COMMISSION_INCOME_YOY":null,"ACCOUNTS_RECE_TDAYS":6.562547123752,"INVENTORY_TDAYS":3.585844888034,"CURRENT_ASSETS_TDAYS":1.377831945847,"TOTAL_ASSETS_TDAYS":0.518865085869,"PREMIUM_EXPENSE":null,"LOAN_DEPOSIT":null,"LOAN_EQUITY":null,"LOAN_ASSETS":null,"DEPOSIT_EQUITY":null,"DEPOSIT_ASSETS":null,"EQUITY_MULTIPLIER":2.46929691888,"EQUITY_RATIO":1.519782918983},{"SECUCODE":"02128.HK","SECURITY_CODE":"02128","SECURITY_NAME_ABBR":"中国联塑","ORG_CODE":"10145615","STD_REPORT_DATE":"2023-06-30 00:00:00","REPORT_DATE":"2023-06-30 00:00:00","DATE_TYPE_CODE":"002","REPORT_TYPE":"2023年中报","PER_NETCASH_OPERATE":0.429176799622,"PER_OI":4.930647329838,"BPS":7.304273014884,"BASIC_EPS":0.49,"DILUTED_EPS":0.49,"OPERATE_INCOME":15296931000,"OPERATE_INCOME_YOY":2.7355848671,"GROSS_PROFIT":4259138000,"GROSS_PROFIT_YOY":8.026058317978,"HOLDER_PROFIT":1493672000,"HOLDER_PROFIT_YOY":15.1893638516,"GROSS_PROFIT_RATIO":27.843088263914,"EPS_TTM":0.874892954477,"OPERATE_INCOME_QOQ":1.323870402163,"NET_PROFIT_RATIO":9.384882497,"ROE_AVG":6.712631776685,"GROSS_PROFIT_QOQ":3.839664582197,"ROA":2.473372475458,"HOLDER_PROFIT_QOQ":7.824267217305,"ROE_YEARLY":13.425263553371,"ROIC_YEARLY":5.705287300423,"TOTAL_ASSETS":61827587000,"TOTAL_LIABILITIES":38375552000,"TAX_EBT":14.573408247278,"OCF_SALES":8.704268849745,"TOTAL_PARENT_EQUITY":22660911000,"DEBT_ASSET_RATIO":62.068655534,"OPERATE_PROFIT":2073907000,"PRETAX_PROFIT":1680506000,"NETCASH_OPERATE":1331486000,"NETCASH_INVEST":-2532149000,"NETCASH_FINANCE":794295000,"END_CASH":5347486000,"DIVI_RATIO":0.207161343651,"DIVIDEND_RATE":5.333333333333,"CURRENT_RATIO":1.106179652934,"COMMON_ACS":20000000000,"CURRENTDEBT_DEBT":54.897795346371,"ISSUED_COMMON_SHARES":3102418400,"HK_COMMON_SHARES":3102418400,"PER_SHARES":1000,"TOTAL_MARKET_CAP":11634069000,"HKSK_MARKET_CAP":11634069000,"PE_TTM":5.446650543539,"PB_TTM":0.455058927146,"REPORT_DATE_SQ":"2022-06-30 00:00:00","REPORT_TYPE_SQ":"2022年中报","OPERATE_INCOME_SQ":14889613000,"DPS_HKD":0.2,"OPERATE_INCOME_QOQ_SQ":0.518903732733,"NET_PROFIT_RATIO_SQ":8.7409927981,"HOLDER_PROFIT_SQ":1296710000,"HOLDER_PROFIT_QOQ_SQ":-17.052657236366,"ROE_AVG_SQ":6.236351237563,"PE_TTM_SQ":4.162204307704,"PB_TTM_SQ":0.49480100109,"ROA_SQ":2.406320411413,"START_DATE":"2023-01-01 00:00:00","FISCAL_YEAR":"12-31","CURRENCY":"HKD","IS_CNY_CODE":0,"DPS_HKD_LY":0.3,"ORG_TYPE":"一般企业","PREMIUM_INCOME":null,"PREMIUM_INCOME_YOY":null,"NET_INTEREST_INCOME":null,"NET_INTEREST_INCOME_YOY":null,"FEE_COMMISSION_INCOME":null,"FEE_COMMISSION_INCOME_YOY":null,"ACCOUNTS_RECE_TDAYS":3.081421755113,"INVENTORY_TDAYS":1.659433956733,"CURRENT_ASSETS_TDAYS":0.646841630428,"TOTAL_ASSETS_TDAYS":0.253301983932,"PREMIUM_EXPENSE":null,"LOAN_DEPOSIT":null,"LOAN_EQUITY":null,"LOAN_ASSETS":null,"DEPOSIT_EQUITY":null,"DEPOSIT_ASSETS":null,"EQUITY_MULTIPLIER":2.636342091424,"EQUITY_RATIO":1.693469075449},{"SECUCODE":"02128.HK","SECURITY_CODE":"02128","SECURITY_NAME_ABBR":"中国联塑","ORG_CODE":"10145615","STD_REPORT_DATE":"2022-12-31 00:00:00","REPORT_DATE":"2022-12-31 00:00:00","DATE_TYPE_CODE":"001","REPORT_TYPE":"2022年年报","PER_NETCASH_OPERATE":1.47391144921,"PER_OI":9.917170101879,"BPS":7.024923846506,"BASIC_EPS":0.82,"DILUTED_EPS":0.82,"OPERATE_INCOME":30767211000,"OPERATE_INCOME_YOY":-4.0251723274,"GROSS_PROFIT":8241423000,"GROSS_PROFIT_YOY":-2.441731724863,"HOLDER_PROFIT":2521245000,"HOLDER_PROFIT_YOY":-17.3064876046,"GROSS_PROFIT_RATIO":26.786383075151,"EPS_TTM":0.811406353186,"OPERATE_INCOME_QOQ":-4.520618402497,"NET_PROFIT_RATIO":8.1739615593,"ROE_AVG":11.828021608352,"GROSS_PROFIT_QOQ":2.804634940031,"ROA":4.438320451465,"HOLDER_PROFIT_QOQ":-0.306013863493,"ROE_YEARLY":11.828021608352,"ROIC_YEARLY":5.212029697523,"TOTAL_ASSETS":59004001000,"TOTAL_LIABILITIES":36362915000,"TAX_EBT":20.996394209672,"OCF_SALES":14.862218093151,"TOTAL_PARENT_EQUITY":21842409000,"DEBT_ASSET_RATIO":61.6814297126,"OPERATE_PROFIT":3799024000,"PRETAX_PROFIT":3190424000,"NETCASH_OPERATE":4572690000,"NETCASH_INVEST":-4551485000,"NETCASH_FINANCE":-504400000,"END_CASH":5735188000,"DIVI_RATIO":0.223370200749,"DIVIDEND_RATE":5.333333333333,"CURRENT_RATIO":1.118709584227,"COMMON_ACS":20000000000,"CURRENTDEBT_DEBT":58.98061802801,"ISSUED_COMMON_SHARES":3102418400,"HK_COMMON_SHARES":3102418400,"PER_SHARES":1000,"TOTAL_MARKET_CAP":11634069000,"HKSK_MARKET_CAP":11634069000,"PE_TTM":5.446650543539,"PB_TTM":0.455058927146,"REPORT_DATE_SQ":"2021-12-31 00:00:00","REPORT_TYPE_SQ":"2021年年报","OPERATE_INCOME_SQ":32057584000,"DPS_HKD":0.2,"OPERATE_INCOME_QOQ_SQ":2.405849954987,"NET_PROFIT_RATIO_SQ":9.4161462698,"HOLDER_PROFIT_SQ":3044159000,"HOLDER_PROFIT_QOQ_SQ":-27.122599049675,"ROE_AVG_SQ":14.991327251165,"PE_TTM_SQ":4.162204307704,"PB_TTM_SQ":0.49480100109,"ROA_SQ":6.027396034309,"START_DATE":"2022-01-01 00:00:00","FISCAL_YEAR":"12-31","CURRENCY":"HKD","IS_CNY_CODE":0,"DPS_HKD_LY":0.26,"ORG_TYPE":"一般企业","PREMIUM_INCOME":null,"PREMIUM_INCOME_YOY":null,"NET_INTEREST_INCOME":null,"NET_INTEREST_INCOME_YOY":null,"FEE_COMMISSION_INCOME":null,"FEE_COMMISSION_INCOME_YOY":null,"ACCOUNTS_RECE_TDAYS":6.772156583724,"INVENTORY_TDAYS":3.366752520212,"CURRENT_ASSETS_TDAYS":1.272819582795,"TOTAL_ASSETS_TDAYS":0.542460367866,"PREMIUM_EXPENSE":null,"LOAN_DEPOSIT":null,"LOAN_EQUITY":null,"LOAN_ASSETS":null,"DEPOSIT_EQUITY":null,"DEPOSIT_ASSETS":null,"EQUITY_MULTIPLIER":2.609700707776,"EQUITY_RATIO":1.664785006086},{"SECUCODE":"02128.HK","SECURITY_CODE":"02128","SECURITY_NAME_ABBR":"中国联塑","ORG_CODE":"10145615","STD_REPORT_DATE":"2022-06-30 00:00:00","REPORT_DATE":"2022-06-30 00:00:00","DATE_TYPE_CODE":"002","REPORT_TYPE":"2022年中报","PER_NETCASH_OPERATE":0.412310280264,"PER_OI":4.799356850127,"BPS":6.693208756111,"BASIC_EPS":0.42,"DILUTED_EPS":0.42,"OPERATE_INCOME":14889613000,"OPERATE_INCOME_YOY":1.1298309173,"GROSS_PROFIT":3942695000,"GROSS_PROFIT_YOY":-9.856552687239,"HOLDER_PROFIT":1296710000,"HOLDER_PROFIT_YOY":-28.6123892401,"GROSS_PROFIT_RATIO":26.479499500759,"EPS_TTM":0.813896990812,"OPERATE_INCOME_QOQ":0.518903732733,"NET_PROFIT_RATIO":8.7409927981,"ROE_AVG":6.236351237563,"GROSS_PROFIT_QOQ":-5.1032394288,"ROA":2.406320411413,"HOLDER_PROFIT_QOQ":-17.052657236366,"ROE_YEARLY":12.472702475126,"ROIC_YEARLY":5.609596066759,"TOTAL_ASSETS":53164487000,"TOTAL_LIABILITIES":31369031000,"TAX_EBT":16.328782281191,"OCF_SALES":8.590948602895,"TOTAL_PARENT_EQUITY":20765134000,"DEBT_ASSET_RATIO":59.0037311937,"OPERATE_PROFIT":1757480000,"PRETAX_PROFIT":1558028000,"NETCASH_OPERATE":1279159000,"NETCASH_INVEST":-1823868000,"NETCASH_FINANCE":-1747518000,"END_CASH":3905531000,"DIVI_RATIO":0.222686656968,"DIVIDEND_RATE":5.333333333333,"CURRENT_RATIO":1.193902226713,"COMMON_ACS":20000000000,"CURRENTDEBT_DEBT":58.210727006518,"ISSUED_COMMON_SHARES":3102418400,"HK_COMMON_SHARES":3102418400,"PER_SHARES":1000,"TOTAL_MARKET_CAP":11634069000,"HKSK_MARKET_CAP":11634069000,"PE_TTM":5.446650543539,"PB_TTM":0.455058927146,"REPORT_DATE_SQ":"2021-06-30 00:00:00","REPORT_TYPE_SQ":"2021年中报","OPERATE_INCOME_SQ":14723265000,"DPS_HKD":0.2,"OPERATE_INCOME_QOQ_SQ":11.510609903122,"NET_PROFIT_RATIO_SQ":12.0843372717,"HOLDER_PROFIT_SQ":1814284000,"HOLDER_PROFIT_QOQ_SQ":11.364607664066,"ROE_AVG_SQ":8.986682548249,"PE_TTM_SQ":4.162204307704,"PB_TTM_SQ":0.49480100109,"ROA_SQ":3.674727910917,"START_DATE":"2022-01-01 00:00:00","FISCAL_YEAR":"12-31","CURRENCY":"HKD","IS_CNY_CODE":0,"DPS_HKD_LY":0.26,"ORG_TYPE":"一般企业","PREMIUM_INCOME":null,"PREMIUM_INCOME_YOY":null,"NET_INTEREST_INCOME":null,"NET_INTEREST_INCOME_YOY":null,"FEE_COMMISSION_INCOME":null,"FEE_COMMISSION_INCOME_YOY":null,"ACCOUNTS_RECE_TDAYS":3.253775756359,"INVENTORY_TDAYS":1.616642071775,"CURRENT_ASSETS_TDAYS":0.645231943512,"TOTAL_ASSETS_TDAYS":0.276636032533,"PREMIUM_EXPENSE":null,"LOAN_DEPOSIT":null,"LOAN_EQUITY":null,"LOAN_ASSETS":null,"DEPOSIT_EQUITY":null,"DEPOSIT_ASSETS":null,"EQUITY_MULTIPLIER":2.439246373188,"EQUITY_RATIO":1.510658732084},{"SECUCODE":"02128.HK","SECURITY_CODE":"02128","SECURITY_NAME_ABBR":"中国联塑","ORG_CODE":"10145615","STD_REPORT_DATE":"2021-12-31 00:00:00","REPORT_DATE":"2021-12-31 00:00:00","DATE_TYPE_CODE":"001","REPORT_TYPE":"2021年年报","PER_NETCASH_OPERATE":1.667464001632,"PER_OI":10.333094981644,"BPS":6.695144987536,"BASIC_EPS":0.99,"DILUTED_EPS":0.99,"OPERATE_INCOME":32057584000,"OPERATE_INCOME_YOY":14.1933878613,"GROSS_PROFIT":8447693000,"GROSS_PROFIT_YOY":0.759949422583,"HOLDER_PROFIT":3044159000,"HOLDER_PROFIT_YOY":-18.8403683559,"GROSS_PROFIT_RATIO":26.351620883221,"EPS_TTM":0.981221294974,"OPERATE_INCOME_QOQ":2.405849954987,"NET_PROFIT_RATIO":9.4161462698,"ROE_AVG":14.991327251165,"GROSS_PROFIT_QOQ":-9.920878269232,"ROA":6.027396034309,"HOLDER_PROFIT_QOQ":-27.122599049675,"ROE_YEARLY":14.991327251165,"ROIC_YEARLY":7.216344583981,"TOTAL_ASSETS":54483189000,"TOTAL_LIABILITIES":32676426000,"TAX_EBT":20.715381734266,"OCF_SALES":16.137120626433,"TOTAL_PARENT_EQUITY":20771141000,"DEBT_ASSET_RATIO":59.9752448411,"OPERATE_PROFIT":4109413000,"PRETAX_PROFIT":3807282000,"NETCASH_OPERATE":5173171000,"NETCASH_INVEST":-5494967000,"NETCASH_FINANCE":87176000,"END_CASH":6174456000,"DIVI_RATIO":0.184712664644,"DIVIDEND_RATE":5.333333333333,"CURRENT_RATIO":1.167196432946,"COMMON_ACS":20000000000,"CURRENTDEBT_DEBT":63.849097205429,"ISSUED_COMMON_SHARES":3102418400,"HK_COMMON_SHARES":3102418400,"PER_SHARES":1000,"TOTAL_MARKET_CAP":11634069000,"HKSK_MARKET_CAP":11634069000,"PE_TTM":5.446650543539,"PB_TTM":0.455058927146,"REPORT_DATE_SQ":"2020-12-31 00:00:00","REPORT_TYPE_SQ":"2020年年报","OPERATE_INCOME_SQ":28073065000,"DPS_HKD":0.2,"OPERATE_INCOME_QOQ_SQ":5.145507254454,"NET_PROFIT_RATIO_SQ":13.3843205222,"HOLDER_PROFIT_SQ":3750829000,"HOLDER_PROFIT_QOQ_SQ":19.111106735848,"ROE_AVG_SQ":20.599119563048,"PE_TTM_SQ":4.162204307704,"PB_TTM_SQ":0.49480100109,"ROA_SQ":8.59174816248,"START_DATE":"2021-01-01 00:00:00","FISCAL_YEAR":"12-31","CURRENCY":"HKD","IS_CNY_CODE":0,"DPS_HKD_LY":0.5,"ORG_TYPE":"一般企业","PREMIUM_INCOME":null,"PREMIUM_INCOME_YOY":null,"NET_INTEREST_INCOME":null,"NET_INTEREST_INCOME_YOY":null,"FEE_COMMISSION_INCOME":null,"FEE_COMMISSION_INCOME_YOY":null,"ACCOUNTS_RECE_TDAYS":7.95213476089,"INVENTORY_TDAYS":3.932302624479,"CURRENT_ASSETS_TDAYS":1.456483856595,"TOTAL_ASSETS_TDAYS":0.634736078737,"PREMIUM_EXPENSE":null,"LOAN_DEPOSIT":null,"LOAN_EQUITY":null,"LOAN_ASSETS":null,"DEPOSIT_EQUITY":null,"DEPOSIT_ASSETS":null,"EQUITY_MULTIPLIER":2.498453759504,"EQUITY_RATIO":1.573164709632},{"SECUCODE":"02128.HK","SECURITY_CODE":"02128","SECURITY_NAME_ABBR":"中国联塑","ORG_CODE":"10145615","STD_REPORT_DATE":"2021-06-30 00:00:00","REPORT_DATE":"2021-06-30 00:00:00","DATE_TYPE_CODE":"002","REPORT_TYPE":"2021年中报","PER_NETCASH_OPERATE":0.058427000046,"PER_OI":4.74573803456,"BPS":6.619365718048,"BASIC_EPS":0.59,"DILUTED_EPS":0.59,"OPERATE_INCOME":14723265000,"OPERATE_INCOME_YOY":28.1188097617,"GROSS_PROFIT":4373801000,"GROSS_PROFIT_YOY":29.413921180555,"HOLDER_PROFIT":1814284000,"HOLDER_PROFIT_YOY":30.7105028253,"GROSS_PROFIT_RATIO":29.706732847639,"EPS_TTM":1.346399956885,"OPERATE_INCOME_QOQ":11.510609903122,"NET_PROFIT_RATIO":12.0843372717,"ROE_AVG":8.986682548249,"GROSS_PROFIT_QOQ":11.857162333064,"ROA":3.674727910917,"HOLDER_PROFIT_QOQ":11.364607664066,"ROE_YEARLY":17.973365096498,"ROIC_YEARLY":8.861987312441,"TOTAL_ASSETS":52216293000,"TOTAL_LIABILITIES":31073407000,"TAX_EBT":21.277073036915,"OCF_SALES":1.231146759907,"TOTAL_PARENT_EQUITY":20536042000,"DEBT_ASSET_RATIO":59.5090252768,"OPERATE_PROFIT":3198033000,"PRETAX_PROFIT":2260090000,"NETCASH_OPERATE":181265000,"NETCASH_INVEST":-1834398000,"NETCASH_FINANCE":2583610000,"END_CASH":7357908000,"DIVI_RATIO":0.134613789219,"DIVIDEND_RATE":5.333333333333,"CURRENT_RATIO":1.182291932054,"COMMON_ACS":20000000000,"CURRENTDEBT_DEBT":65.495029238345,"ISSUED_COMMON_SHARES":3102418400,"HK_COMMON_SHARES":3102418400,"PER_SHARES":1000,"TOTAL_MARKET_CAP":11634069000,"HKSK_MARKET_CAP":11634069000,"PE_TTM":5.446650543539,"PB_TTM":0.455058927146,"REPORT_DATE_SQ":"2020-06-30 00:00:00","REPORT_TYPE_SQ":"2020年中报","OPERATE_INCOME_SQ":11491884000,"DPS_HKD":0.2,"OPERATE_INCOME_QOQ_SQ":1.346503787524,"NET_PROFIT_RATIO_SQ":12.0637921511,"HOLDER_PROFIT_SQ":1388017000,"HOLDER_PROFIT_QOQ_SQ":4.110026081917,"ROE_AVG_SQ":8.238504392633,"PE_TTM_SQ":4.162204307704,"PB_TTM_SQ":0.49480100109,"ROA_SQ":3.360066677625,"START_DATE":"2021-01-01 00:00:00","FISCAL_YEAR":"12-31","CURRENCY":"HKD","IS_CNY_CODE":0,"DPS_HKD_LY":0.5,"ORG_TYPE":"一般企业","PREMIUM_INCOME":null,"PREMIUM_INCOME_YOY":null,"NET_INTEREST_INCOME":null,"NET_INTEREST_INCOME_YOY":null,"FEE_COMMISSION_INCOME":null,"FEE_COMMISSION_INCOME_YOY":null,"ACCOUNTS_RECE_TDAYS":3.566625820254,"INVENTORY_TDAYS":1.733164864333,"CURRENT_ASSETS_TDAYS":0.673370615249,"TOTAL_ASSETS_TDAYS":0.298211265906,"PREMIUM_EXPENSE":null,"LOAN_DEPOSIT":null,"LOAN_EQUITY":null,"LOAN_ASSETS":null,"DEPOSIT_EQUITY":null,"DEPOSIT_ASSETS":null,"EQUITY_MULTIPLIER":2.469686162993,"EQUITY_RATIO":1.513115672436},{"SECUCODE":"02128.HK","SECURITY_CODE":"02128","SECURITY_NAME_ABBR":"中国联塑","ORG_CODE":"10145615","STD_REPORT_DATE":"2020-12-31 00:00:00","REPORT_DATE":"2020-12-31 00:00:00","DATE_TYPE_CODE":"001","REPORT_TYPE":"2020年年报","PER_NETCASH_OPERATE":0.914552337622,"PER_OI":9.048768212566,"BPS":6.395374331199,"BASIC_EPS":1.22,"DILUTED_EPS":1.22,"OPERATE_INCOME":28073065000,"OPERATE_INCOME_YOY":6.561295492,"GROSS_PROFIT":8383979000,"GROSS_PROFIT_YOY":11.235858157474,"HOLDER_PROFIT":3750829000,"HOLDER_PROFIT_YOY":24.0066042892,"GROSS_PROFIT_RATIO":29.864850881085,"EPS_TTM":1.209001661414,"OPERATE_INCOME_QOQ":5.145507254454,"NET_PROFIT_RATIO":13.3843205222,"ROE_AVG":20.599119563048,"GROSS_PROFIT_QOQ":8.652106591301,"ROA":8.59174816248,"HOLDER_PROFIT_QOQ":19.111106735848,"ROE_YEARLY":20.599119563048,"ROIC_YEARLY":10.531664692673,"TOTAL_ASSETS":46527562000,"TOTAL_LIABILITIES":26173440000,"TAX_EBT":20.956314846136,"OCF_SALES":10.106926336686,"TOTAL_PARENT_EQUITY":19841127000,"DEBT_ASSET_RATIO":56.2536244646,"OPERATE_PROFIT":6240401000,"PRETAX_PROFIT":4753560000,"NETCASH_OPERATE":2837324000,"NETCASH_INVEST":-4255547000,"NETCASH_FINANCE":1559421000,"END_CASH":6442254000,"DIVI_RATIO":0.149912118225,"DIVIDEND_RATE":5.333333333333,"CURRENT_RATIO":1.224817730703,"COMMON_ACS":20000000000,"CURRENTDEBT_DEBT":61.353731110622,"ISSUED_COMMON_SHARES":3102418400,"HK_COMMON_SHARES":3102418400,"PER_SHARES":1000,"TOTAL_MARKET_CAP":11634069000,"HKSK_MARKET_CAP":11634069000,"PE_TTM":5.446650543539,"PB_TTM":0.455058927146,"REPORT_DATE_SQ":"2019-12-31 00:00:00","REPORT_TYPE_SQ":"2019年年报","OPERATE_INCOME_SQ":26344523000,"DPS_HKD":0.2,"OPERATE_INCOME_QOQ_SQ":7.870464982328,"NET_PROFIT_RATIO_SQ":11.4951217754,"HOLDER_PROFIT_SQ":3024701000,"HOLDER_PROFIT_QOQ_SQ":11.436546179264,"ROE_AVG_SQ":19.278152087087,"PE_TTM_SQ":4.162204307704,"PB_TTM_SQ":0.49480100109,"ROA_SQ":8.02083778335,"START_DATE":"2020-01-01 00:00:00","FISCAL_YEAR":"12-31","CURRENCY":"HKD","IS_CNY_CODE":0,"DPS_HKD_LY":0.4,"ORG_TYPE":"一般企业","PREMIUM_INCOME":null,"PREMIUM_INCOME_YOY":null,"NET_INTEREST_INCOME":null,"NET_INTEREST_INCOME_YOY":null,"FEE_COMMISSION_INCOME":null,"FEE_COMMISSION_INCOME_YOY":null,"ACCOUNTS_RECE_TDAYS":7.897172153341,"INVENTORY_TDAYS":4.330652888876,"CURRENT_ASSETS_TDAYS":1.501236432961,"TOTAL_ASSETS_TDAYS":0.643049055633,"PREMIUM_EXPENSE":null,"LOAN_DEPOSIT":null,"LOAN_EQUITY":null,"LOAN_ASSETS":null,"DEPOSIT_EQUITY":null,"DEPOSIT_ASSETS":null,"EQUITY_MULTIPLIER":2.285903661186,"EQUITY_RATIO":1.319150872831},{"SECUCODE":"02128.HK","SECURITY_CODE":"02128","SECURITY_NAME_ABBR":"中国联塑","ORG_CODE":"10145615","STD_REPORT_DATE":"2020-06-30 00:00:00","REPORT_DATE":"2020-06-30 00:00:00","DATE_TYPE_CODE":"002","REPORT_TYPE":"2020年中报","PER_NETCASH_OPERATE":0.204355415117,"PER_OI":3.704169624574,"BPS":5.518148035739,"BASIC_EPS":0.45,"DILUTED_EPS":0.45,"OPERATE_INCOME":11491884000,"OPERATE_INCOME_YOY":3.1851045608,"GROSS_PROFIT":3379699000,"GROSS_PROFIT_YOY":5.600215718586,"HOLDER_PROFIT":1388017000,"HOLDER_PROFIT_YOY":9.8374536382,"GROSS_PROFIT_RATIO":29.409442350793,"EPS_TTM":1.015020088844,"OPERATE_INCOME_QOQ":1.346503787524,"NET_PROFIT_RATIO":12.0637921511,"ROE_AVG":8.238504392633,"GROSS_PROFIT_QOQ":2.378004115366,"ROA":3.360066677625,"HOLDER_PROFIT_QOQ":4.110026081917,"ROE_YEARLY":16.477008785266,"ROIC_YEARLY":8.312525947317,"TOTAL_ASSETS":41833623000,"TOTAL_LIABILITIES":24161708000,"TAX_EBT":19.379381090785,"OCF_SALES":5.516902189406,"TOTAL_PARENT_EQUITY":17119604000,"DEBT_ASSET_RATIO":57.7566709917,"OPERATE_PROFIT":2458837000,"PRETAX_PROFIT":1719606000,"NETCASH_OPERATE":633996000,"NETCASH_INVEST":-1367539000,"NETCASH_FINANCE":664400000,"END_CASH":6299252000,"DIVI_RATIO":0.178561983149,"DIVIDEND_RATE":5.333333333333,"CURRENT_RATIO":0.807878171774,"COMMON_ACS":20000000000,"CURRENTDEBT_DEBT":90.708653543864,"ISSUED_COMMON_SHARES":3102418400,"HK_COMMON_SHARES":3102418400,"PER_SHARES":1000,"TOTAL_MARKET_CAP":11634069000,"HKSK_MARKET_CAP":11634069000,"PE_TTM":5.446650543539,"PB_TTM":0.455058927146,"REPORT_DATE_SQ":"2019-06-30 00:00:00","REPORT_TYPE_SQ":"2019年中报","OPERATE_INCOME_SQ":11137154000,"DPS_HKD":0.2,"OPERATE_INCOME_QOQ_SQ":2.902443830807,"NET_PROFIT_RATIO_SQ":11.2900477088,"HOLDER_PROFIT_SQ":1263701000,"HOLDER_PROFIT_QOQ_SQ":8.929662160372,"ROE_AVG_SQ":8.38570329299,"PE_TTM_SQ":4.162204307704,"PB_TTM_SQ":0.49480100109,"ROA_SQ":3.571239228357,"START_DATE":"2020-01-01 00:00:00","FISCAL_YEAR":"12-31","CURRENCY":"HKD","IS_CNY_CODE":0,"DPS_HKD_LY":0.4,"ORG_TYPE":"一般企业","PREMIUM_INCOME":null,"PREMIUM_INCOME_YOY":null,"NET_INTEREST_INCOME":null,"NET_INTEREST_INCOME_YOY":null,"FEE_COMMISSION_INCOME":null,"FEE_COMMISSION_INCOME_YOY":null,"ACCOUNTS_RECE_TDAYS":3.556255755919,"INVENTORY_TDAYS":1.972367307104,"CURRENT_ASSETS_TDAYS":0.648573656887,"TOTAL_ASSETS_TDAYS":0.278191812431,"PREMIUM_EXPENSE":null,"LOAN_DEPOSIT":null,"LOAN_EQUITY":null,"LOAN_ASSETS":null,"DEPOSIT_EQUITY":null,"DEPOSIT_ASSETS":null,"EQUITY_MULTIPLIER":2.367237676281,"EQUITY_RATIO":1.411347365278}],"count":33},"success":true,"message":"ok","code":0}