{"version":"4334255e2cf05157eab3999db9713774","result":{"pages":3,"data":[{"SECUCODE":"02120.HK","SECURITY_CODE":"02120","SECURITY_NAME_ABBR":"康宁医院","ORG_CODE":"10472794","STD_REPORT_DATE":"2024-06-30 00:00:00","REPORT_DATE":"2024-06-30 00:00:00","DATE_TYPE_CODE":"002","REPORT_TYPE":"2024年中报","PER_NETCASH_OPERATE":1.562138270355,"PER_OI":11.111986864798,"BPS":17.763952229531,"BASIC_EPS":0.68,"DILUTED_EPS":0.68,"OPERATE_INCOME":828957553.71,"OPERATE_INCOME_YOY":6.5600641607,"GROSS_PROFIT":226157092.6,"GROSS_PROFIT_YOY":12.217519185208,"HOLDER_PROFIT":50723744.2,"HOLDER_PROFIT_YOY":15.9398344708,"GROSS_PROFIT_RATIO":27.282107701152,"EPS_TTM":1.245591416925,"OPERATE_INCOME_QOQ":3.196986268438,"NET_PROFIT_RATIO":5.428074464,"ROE_AVG":3.969038938315,"GROSS_PROFIT_QOQ":5.988906306456,"ROA":1.675146061608,"HOLDER_PROFIT_QOQ":8.113862369065,"ROE_YEARLY":7.93807787663,"ROIC_YEARLY":4.069964925696,"TOTAL_ASSETS":3008351772.44,"TOTAL_LIABILITIES":1581889916.28,"TAX_EBT":26.850026859808,"OCF_SALES":14.058136401369,"TOTAL_PARENT_EQUITY":1290906408.52,"DEBT_ASSET_RATIO":52.5832760242,"OPERATE_PROFIT":85978027.79,"PRETAX_PROFIT":61512576.64,"NETCASH_OPERATE":116535983.61,"NETCASH_INVEST":-112710924.09,"NETCASH_FINANCE":-41659865.28,"END_CASH":366789288.94,"DIVI_RATIO":0.360588281436,"DIVIDEND_RATE":5.193802521008,"CURRENT_RATIO":1.780808778647,"COMMON_ACS":null,"CURRENTDEBT_DEBT":33.972542751507,"ISSUED_COMMON_SHARES":72670000,"HK_COMMON_SHARES":19910000,"PER_SHARES":100,"TOTAL_MARKET_CAP":691818400,"HKSK_MARKET_CAP":189543200,"PE_TTM":6.718867731237,"PB_TTM":0.489120522715,"REPORT_DATE_SQ":"2023-06-30 00:00:00","REPORT_TYPE_SQ":"2023年中报","OPERATE_INCOME_SQ":777925163.84,"DPS_HKD":0.49445,"OPERATE_INCOME_QOQ_SQ":2.668230087937,"NET_PROFIT_RATIO_SQ":6.2639999752,"HOLDER_PROFIT_SQ":43750057.46,"HOLDER_PROFIT_QOQ_SQ":20.486132555476,"ROE_AVG_SQ":3.579376964206,"PE_TTM_SQ":-34.469480115664,"PB_TTM_SQ":0.639670826791,"ROA_SQ":1.625785734215,"START_DATE":"2024-01-01 00:00:00","FISCAL_YEAR":"12-31","CURRENCY":"HKD","IS_CNY_CODE":0,"DPS_HKD_LY":0.49445,"ORG_TYPE":"一般企业","PREMIUM_INCOME":null,"PREMIUM_INCOME_YOY":null,"NET_INTEREST_INCOME":null,"NET_INTEREST_INCOME_YOY":null,"FEE_COMMISSION_INCOME":null,"FEE_COMMISSION_INCOME_YOY":null,"ACCOUNTS_RECE_TDAYS":1.907167960654,"INVENTORY_TDAYS":10.717422353377,"CURRENT_ASSETS_TDAYS":0.852543658971,"TOTAL_ASSETS_TDAYS":0.273762318464,"PREMIUM_EXPENSE":null,"LOAN_DEPOSIT":null,"LOAN_EQUITY":null,"LOAN_ASSETS":null,"DEPOSIT_EQUITY":null,"DEPOSIT_ASSETS":null,"EQUITY_MULTIPLIER":2.108960544196,"EQUITY_RATIO":1.225410227914},{"SECUCODE":"02120.HK","SECURITY_CODE":"02120","SECURITY_NAME_ABBR":"康宁医院","ORG_CODE":"10472794","STD_REPORT_DATE":"2023-12-31 00:00:00","REPORT_DATE":"2023-12-31 00:00:00","DATE_TYPE_CODE":"001","REPORT_TYPE":"2023年年报","PER_NETCASH_OPERATE":3.552710075697,"PER_OI":21.397575239376,"BPS":17.40834864786,"BASIC_EPS":1.15,"DILUTED_EPS":1.15,"OPERATE_INCOME":1596265532.13,"OPERATE_INCOME_YOY":7.4996472303,"GROSS_PROFIT":411135577.35,"GROSS_PROFIT_YOY":16.491739593297,"HOLDER_PROFIT":85947806.64,"HOLDER_PROFIT_YOY":454.8514888576,"GROSS_PROFIT_RATIO":25.756089389551,"EPS_TTM":1.152110737356,"OPERATE_INCOME_QOQ":4.705854126613,"NET_PROFIT_RATIO":5.4459365356,"ROE_AVG":6.968789179291,"GROSS_PROFIT_QOQ":15.261757480615,"ROA":3.023417447021,"HOLDER_PROFIT_QOQ":546.27622861535,"ROE_YEARLY":6.968789179291,"ROIC_YEARLY":3.63564910918,"TOTAL_ASSETS":3047686606.84,"TOTAL_LIABILITIES":1639480660.02,"TAX_EBT":12.351088661633,"OCF_SALES":16.603330218272,"TOTAL_PARENT_EQUITY":1265064696.24,"DEBT_ASSET_RATIO":53.7942666526,"OPERATE_PROFIT":140633628.49,"PRETAX_PROFIT":99181617.31,"NETCASH_OPERATE":265033237.46,"NETCASH_INVEST":-215017085.34,"NETCASH_FINANCE":96106871.01,"END_CASH":404723339.37,"DIVI_RATIO":0.38984591831,"DIVIDEND_RATE":3.899447949527,"CURRENT_RATIO":1.232817468082,"COMMON_ACS":null,"CURRENTDEBT_DEBT":48.864889740159,"ISSUED_COMMON_SHARES":72670000,"HK_COMMON_SHARES":19910000,"PER_SHARES":100,"TOTAL_MARKET_CAP":921455600,"HKSK_MARKET_CAP":252458800,"PE_TTM":8.949080129421,"PB_TTM":0.651475654205,"REPORT_DATE_SQ":"2022-12-31 00:00:00","REPORT_TYPE_SQ":"2022年年报","OPERATE_INCOME_SQ":1484903042.25,"DPS_HKD":0.49445,"OPERATE_INCOME_QOQ_SQ":3.984938148129,"NET_PROFIT_RATIO_SQ":-0.738690544,"HOLDER_PROFIT_SQ":-24220782.31,"HOLDER_PROFIT_QOQ_SQ":-150.635411555572,"ROE_AVG_SQ":-2.01014950722,"PE_TTM_SQ":-39.657792866637,"PB_TTM_SQ":0.73595345989,"ROA_SQ":-0.965788041422,"START_DATE":"2023-01-01 00:00:00","FISCAL_YEAR":"12-31","CURRENCY":"HKD","IS_CNY_CODE":0,"DPS_HKD_LY":0.10901,"ORG_TYPE":"一般企业","PREMIUM_INCOME":null,"PREMIUM_INCOME_YOY":null,"NET_INTEREST_INCOME":null,"NET_INTEREST_INCOME_YOY":null,"FEE_COMMISSION_INCOME":null,"FEE_COMMISSION_INCOME_YOY":null,"ACCOUNTS_RECE_TDAYS":3.97437999836,"INVENTORY_TDAYS":19.92960958723,"CURRENT_ASSETS_TDAYS":1.792851303045,"TOTAL_ASSETS_TDAYS":0.561524167817,"PREMIUM_EXPENSE":null,"LOAN_DEPOSIT":null,"LOAN_EQUITY":null,"LOAN_ASSETS":null,"DEPOSIT_EQUITY":null,"DEPOSIT_ASSETS":null,"EQUITY_MULTIPLIER":2.164233586515,"EQUITY_RATIO":1.295965862373},{"SECUCODE":"02120.HK","SECURITY_CODE":"02120","SECURITY_NAME_ABBR":"康宁医院","ORG_CODE":"10472794","STD_REPORT_DATE":"2023-06-30 00:00:00","REPORT_DATE":"2023-06-30 00:00:00","DATE_TYPE_CODE":"002","REPORT_TYPE":"2023年中报","PER_NETCASH_OPERATE":1.522665977215,"PER_OI":10.427909322617,"BPS":17.104414151507,"BASIC_EPS":0.59,"DILUTED_EPS":0.59,"OPERATE_INCOME":777925163.84,"OPERATE_INCOME_YOY":5.3664345701,"GROSS_PROFIT":201534568.08,"GROSS_PROFIT_YOY":1.90434951477,"HOLDER_PROFIT":43750057.46,"HOLDER_PROFIT_YOY":12.7923110964,"GROSS_PROFIT_RATIO":25.906678103223,"EPS_TTM":-0.258160902034,"OPERATE_INCOME_QOQ":2.668230087937,"NET_PROFIT_RATIO":6.2639999752,"ROE_AVG":3.579376964206,"GROSS_PROFIT_QOQ":1.067120734203,"ROA":1.625785734215,"HOLDER_PROFIT_QOQ":20.486132555476,"ROE_YEARLY":7.158753928413,"ROIC_YEARLY":3.82758493814,"TOTAL_ASSETS":2744232688.19,"TOTAL_LIABILITIES":1361682980.62,"TAX_EBT":19.063993707771,"OCF_SALES":14.601833695582,"TOTAL_PARENT_EQUITY":1242977776.39,"DEBT_ASSET_RATIO":49.6198076235,"OPERATE_PROFIT":80366746.1,"PRETAX_PROFIT":60207112.14,"NETCASH_OPERATE":113591338.7,"NETCASH_INVEST":-119121752.63,"NETCASH_FINANCE":9790257.54,"END_CASH":262868904.62,"DIVI_RATIO":-1.739789661647,"DIVIDEND_RATE":3.899447949527,"CURRENT_RATIO":1.080526664315,"COMMON_ACS":null,"CURRENTDEBT_DEBT":57.137531726786,"ISSUED_COMMON_SHARES":72670000,"HK_COMMON_SHARES":19910000,"PER_SHARES":100,"TOTAL_MARKET_CAP":921455600,"HKSK_MARKET_CAP":252458800,"PE_TTM":8.949080129421,"PB_TTM":0.651475654205,"REPORT_DATE_SQ":"2022-06-30 00:00:00","REPORT_TYPE_SQ":"2022年中报","OPERATE_INCOME_SQ":738304534.09,"DPS_HKD":0.49445,"OPERATE_INCOME_QOQ_SQ":10.063571081438,"NET_PROFIT_RATIO_SQ":5.9894983287,"HOLDER_PROFIT_SQ":38788155.89,"HOLDER_PROFIT_QOQ_SQ":8.592296991774,"ROE_AVG_SQ":3.155998765879,"PE_TTM_SQ":-39.657792866637,"PB_TTM_SQ":0.73595345989,"ROA_SQ":1.529594691208,"START_DATE":"2023-01-01 00:00:00","FISCAL_YEAR":"12-31","CURRENCY":"HKD","IS_CNY_CODE":0,"DPS_HKD_LY":0.10901,"ORG_TYPE":"一般企业","PREMIUM_INCOME":null,"PREMIUM_INCOME_YOY":null,"NET_INTEREST_INCOME":null,"NET_INTEREST_INCOME_YOY":null,"FEE_COMMISSION_INCOME":null,"FEE_COMMISSION_INCOME_YOY":null,"ACCOUNTS_RECE_TDAYS":1.982342890515,"INVENTORY_TDAYS":10.192132101319,"CURRENT_ASSETS_TDAYS":0.952325938593,"TOTAL_ASSETS_TDAYS":0.289082965163,"PREMIUM_EXPENSE":null,"LOAN_DEPOSIT":null,"LOAN_EQUITY":null,"LOAN_ASSETS":null,"DEPOSIT_EQUITY":null,"DEPOSIT_ASSETS":null,"EQUITY_MULTIPLIER":1.984907069284,"EQUITY_RATIO":1.095500665004},{"SECUCODE":"02120.HK","SECURITY_CODE":"02120","SECURITY_NAME_ABBR":"康宁医院","ORG_CODE":"10472794","STD_REPORT_DATE":"2022-12-31 00:00:00","REPORT_DATE":"2022-12-31 00:00:00","DATE_TYPE_CODE":"001","REPORT_TYPE":"2022年年报","PER_NETCASH_OPERATE":3.04583982169,"PER_OI":19.904786472038,"BPS":16.534814157974,"BASIC_EPS":-0.32,"DILUTED_EPS":-0.32,"OPERATE_INCOME":1484903042.25,"OPERATE_INCOME_YOY":14.4495363127,"GROSS_PROFIT":352931099.48,"GROSS_PROFIT_YOY":7.274570563055,"HOLDER_PROFIT":-24220782.31,"HOLDER_PROFIT_YOY":-155.0022366805,"GROSS_PROFIT_RATIO":23.767955848836,"EPS_TTM":-0.324674060426,"OPERATE_INCOME_QOQ":3.984938148129,"NET_PROFIT_RATIO":-0.738690544,"ROE_AVG":-2.01014950722,"GROSS_PROFIT_QOQ":-5.423754001832,"ROA":-0.965788041422,"HOLDER_PROFIT_QOQ":-150.635411555572,"ROE_YEARLY":-2.01014950722,"ROIC_YEARLY":-1.111148894558,"TOTAL_ASSETS":2637787406.99,"TOTAL_LIABILITIES":1311884788.16,"TAX_EBT":170.291104360225,"OCF_SALES":15.302047203412,"TOTAL_PARENT_EQUITY":1201584944.86,"DEBT_ASSET_RATIO":49.7342880887,"OPERATE_PROFIT":59914591.27,"PRETAX_PROFIT":15604874.13,"NETCASH_OPERATE":227220564.45,"NETCASH_INVEST":-273615413.57,"NETCASH_FINANCE":116177531.45,"END_CASH":258595990.97,"DIVI_RATIO":-1.383374045375,"DIVIDEND_RATE":3.899447949527,"CURRENT_RATIO":1.206262470341,"COMMON_ACS":null,"CURRENTDEBT_DEBT":50.11464005632,"ISSUED_COMMON_SHARES":72670000,"HK_COMMON_SHARES":19910000,"PER_SHARES":100,"TOTAL_MARKET_CAP":921455600,"HKSK_MARKET_CAP":252458800,"PE_TTM":8.949080129421,"PB_TTM":0.651475654205,"REPORT_DATE_SQ":"2021-12-31 00:00:00","REPORT_TYPE_SQ":"2021年年报","OPERATE_INCOME_SQ":1297430369.83,"DPS_HKD":0.49445,"OPERATE_INCOME_QOQ_SQ":9.124534174299,"NET_PROFIT_RATIO_SQ":3.1503122565,"HOLDER_PROFIT_SQ":44035995.21,"HOLDER_PROFIT_QOQ_SQ":-42.422306365217,"ROE_AVG_SQ":3.810242370015,"PE_TTM_SQ":-39.657792866637,"PB_TTM_SQ":0.73595345989,"ROA_SQ":1.904027635425,"START_DATE":"2022-01-01 00:00:00","FISCAL_YEAR":"12-31","CURRENCY":"HKD","IS_CNY_CODE":0,"DPS_HKD_LY":null,"ORG_TYPE":"一般企业","PREMIUM_INCOME":null,"PREMIUM_INCOME_YOY":null,"NET_INTEREST_INCOME":null,"NET_INTEREST_INCOME_YOY":null,"FEE_COMMISSION_INCOME":null,"FEE_COMMISSION_INCOME_YOY":null,"ACCOUNTS_RECE_TDAYS":4.275596482285,"INVENTORY_TDAYS":19.71206020631,"CURRENT_ASSETS_TDAYS":2.117254653262,"TOTAL_ASSETS_TDAYS":0.592095491599,"PREMIUM_EXPENSE":null,"LOAN_DEPOSIT":null,"LOAN_EQUITY":null,"LOAN_ASSETS":null,"DEPOSIT_EQUITY":null,"DEPOSIT_ASSETS":null,"EQUITY_MULTIPLIER":1.98942770723,"EQUITY_RATIO":1.091795294017},{"SECUCODE":"02120.HK","SECURITY_CODE":"02120","SECURITY_NAME_ABBR":"康宁医院","ORG_CODE":"10472794","STD_REPORT_DATE":"2022-06-30 00:00:00","REPORT_DATE":"2022-06-30 00:00:00","DATE_TYPE_CODE":"002","REPORT_TYPE":"2022年中报","PER_NETCASH_OPERATE":0.750325060221,"PER_OI":9.89680382103,"BPS":17.198226301913,"BASIC_EPS":0.52,"DILUTED_EPS":0.52,"OPERATE_INCOME":738304534.09,"OPERATE_INCOME_YOY":21.4842753588,"GROSS_PROFIT":197768367.14,"GROSS_PROFIT_YOY":28.75938220493,"HOLDER_PROFIT":38788155.89,"HOLDER_PROFIT_YOY":10.8127091961,"GROSS_PROFIT_RATIO":26.786828200068,"EPS_TTM":0.641199608044,"OPERATE_INCOME_QOQ":10.063571081438,"NET_PROFIT_RATIO":5.9894983287,"ROE_AVG":3.155998765879,"GROSS_PROFIT_QOQ":13.426547470633,"ROA":1.529594691208,"HOLDER_PROFIT_QOQ":8.592296991774,"ROE_YEARLY":6.311997531758,"ROIC_YEARLY":3.501328629334,"TOTAL_ASSETS":2693722838.45,"TOTAL_LIABILITIES":1339417630.03,"TAX_EBT":30.175009288748,"OCF_SALES":7.581488668357,"TOTAL_PARENT_EQUITY":1249795105.36,"DEBT_ASSET_RATIO":49.7236616519,"OPERATE_PROFIT":84978947.2,"PRETAX_PROFIT":63330817.92,"NETCASH_OPERATE":55974474.59,"NETCASH_INVEST":-164454134.91,"NETCASH_FINANCE":194881073.75,"END_CASH":275180571.08,"DIVI_RATIO":0.700477141229,"DIVIDEND_RATE":3.899447949527,"CURRENT_RATIO":1.242574640739,"COMMON_ACS":null,"CURRENTDEBT_DEBT":47.983651762565,"ISSUED_COMMON_SHARES":72670000,"HK_COMMON_SHARES":19910000,"PER_SHARES":100,"TOTAL_MARKET_CAP":921455600,"HKSK_MARKET_CAP":252458800,"PE_TTM":8.949080129421,"PB_TTM":0.651475654205,"REPORT_DATE_SQ":"2021-06-30 00:00:00","REPORT_TYPE_SQ":"2021年中报","OPERATE_INCOME_SQ":607736706.59,"DPS_HKD":0.49445,"OPERATE_INCOME_QOQ_SQ":15.287833486295,"NET_PROFIT_RATIO_SQ":6.6060367977,"HOLDER_PROFIT_SQ":35003345.89,"HOLDER_PROFIT_QOQ_SQ":9.290312215688,"ROE_AVG_SQ":3.575180767118,"PE_TTM_SQ":-39.657792866637,"PB_TTM_SQ":0.73595345989,"ROA_SQ":1.841840404158,"START_DATE":"2022-01-01 00:00:00","FISCAL_YEAR":"12-31","CURRENCY":"HKD","IS_CNY_CODE":0,"DPS_HKD_LY":null,"ORG_TYPE":"一般企业","PREMIUM_INCOME":null,"PREMIUM_INCOME_YOY":null,"NET_INTEREST_INCOME":null,"NET_INTEREST_INCOME_YOY":null,"FEE_COMMISSION_INCOME":null,"FEE_COMMISSION_INCOME_YOY":null,"ACCOUNTS_RECE_TDAYS":null,"INVENTORY_TDAYS":9.671918091969,"CURRENT_ASSETS_TDAYS":1.048564136745,"TOTAL_ASSETS_TDAYS":0.291147302553,"PREMIUM_EXPENSE":null,"LOAN_DEPOSIT":null,"LOAN_EQUITY":null,"LOAN_ASSETS":null,"DEPOSIT_EQUITY":null,"DEPOSIT_ASSETS":null,"EQUITY_MULTIPLIER":1.989007220606,"EQUITY_RATIO":1.071709774095},{"SECUCODE":"02120.HK","SECURITY_CODE":"02120","SECURITY_NAME_ABBR":"康宁医院","ORG_CODE":"10472794","STD_REPORT_DATE":"2021-12-31 00:00:00","REPORT_DATE":"2021-12-31 00:00:00","DATE_TYPE_CODE":"001","REPORT_TYPE":"2021年年报","PER_NETCASH_OPERATE":2.599138320891,"PER_OI":17.391758073761,"BPS":16.50024815591,"BASIC_EPS":0.61,"DILUTED_EPS":0.59,"OPERATE_INCOME":1297430369.83,"OPERATE_INCOME_YOY":31.1844916685,"GROSS_PROFIT":328997914.07,"GROSS_PROFIT_YOY":26.615894970833,"HOLDER_PROFIT":44035995.21,"HOLDER_PROFIT_YOY":-21.0171319432,"GROSS_PROFIT_RATIO":25.357654770568,"EPS_TTM":0.590465093572,"OPERATE_INCOME_QOQ":9.124534174299,"NET_PROFIT_RATIO":3.1503122565,"ROE_AVG":3.810242370015,"GROSS_PROFIT_QOQ":-4.07042355862,"ROA":1.904027635425,"HOLDER_PROFIT_QOQ":-42.422306365217,"ROE_YEARLY":3.810242370015,"ROIC_YEARLY":2.171453144475,"TOTAL_ASSETS":2377954988.76,"TOTAL_LIABILITIES":1097675868.19,"TAX_EBT":57.299882990582,"OCF_SALES":14.944655450404,"TOTAL_PARENT_EQUITY":1208263897.03,"DEBT_ASSET_RATIO":46.5472904472,"OPERATE_PROFIT":133349569,"PRETAX_PROFIT":95691143.05,"NETCASH_OPERATE":193896498.48,"NETCASH_INVEST":-239048971.28,"NETCASH_FINANCE":33833357.3,"END_CASH":188734845.77,"DIVI_RATIO":0.760664217563,"DIVIDEND_RATE":3.899447949527,"CURRENT_RATIO":1.118604935092,"COMMON_ACS":null,"CURRENTDEBT_DEBT":48.809912871043,"ISSUED_COMMON_SHARES":72670000,"HK_COMMON_SHARES":19910000,"PER_SHARES":100,"TOTAL_MARKET_CAP":921455600,"HKSK_MARKET_CAP":252458800,"PE_TTM":8.949080129421,"PB_TTM":0.651475654205,"REPORT_DATE_SQ":"2020-12-31 00:00:00","REPORT_TYPE_SQ":"2020年年报","OPERATE_INCOME_SQ":989012003.88,"DPS_HKD":0.49445,"OPERATE_INCOME_QOQ_SQ":8.907913112948,"NET_PROFIT_RATIO_SQ":5.7167140885,"HOLDER_PROFIT_SQ":55770161.56,"HOLDER_PROFIT_QOQ_SQ":68.127222682663,"ROE_AVG_SQ":5.891448438913,"PE_TTM_SQ":-39.657792866637,"PB_TTM_SQ":0.73595345989,"ROA_SQ":3.206382758412,"START_DATE":"2021-01-01 00:00:00","FISCAL_YEAR":"12-31","CURRENCY":"HKD","IS_CNY_CODE":0,"DPS_HKD_LY":null,"ORG_TYPE":"一般企业","PREMIUM_INCOME":null,"PREMIUM_INCOME_YOY":null,"NET_INTEREST_INCOME":null,"NET_INTEREST_INCOME_YOY":null,"FEE_COMMISSION_INCOME":null,"FEE_COMMISSION_INCOME_YOY":null,"ACCOUNTS_RECE_TDAYS":4.831619951535,"INVENTORY_TDAYS":20.598859949402,"CURRENT_ASSETS_TDAYS":2.075232492416,"TOTAL_ASSETS_TDAYS":0.560818723436,"PREMIUM_EXPENSE":null,"LOAN_DEPOSIT":null,"LOAN_EQUITY":null,"LOAN_ASSETS":null,"DEPOSIT_EQUITY":null,"DEPOSIT_ASSETS":null,"EQUITY_MULTIPLIER":1.870812552565,"EQUITY_RATIO":0.908473613164},{"SECUCODE":"02120.HK","SECURITY_CODE":"02120","SECURITY_NAME_ABBR":"康宁医院","ORG_CODE":"10472794","STD_REPORT_DATE":"2021-06-30 00:00:00","REPORT_DATE":"2021-06-30 00:00:00","DATE_TYPE_CODE":"002","REPORT_TYPE":"2021年中报","PER_NETCASH_OPERATE":0.500208725702,"PER_OI":8.146571884966,"BPS":17.71789127563,"BASIC_EPS":0.48,"DILUTED_EPS":0.48,"OPERATE_INCOME":607736706.59,"OPERATE_INCOME_YOY":33.8946126618,"GROSS_PROFIT":153595306.03,"GROSS_PROFIT_YOY":19.729095623738,"HOLDER_PROFIT":35003345.89,"HOLDER_PROFIT_YOY":17.8611383312,"GROSS_PROFIT_RATIO":27.080676121732,"EPS_TTM":1.025510152104,"OPERATE_INCOME_QOQ":15.287833486295,"NET_PROFIT_RATIO":6.6060367977,"ROE_AVG":3.575180767118,"GROSS_PROFIT_QOQ":13.343771697018,"ROA":1.841840404158,"HOLDER_PROFIT_QOQ":9.290312215688,"ROE_YEARLY":7.150361534237,"ROIC_YEARLY":4.324585713502,"TOTAL_ASSETS":2410867584,"TOTAL_LIABILITIES":1038771097,"TAX_EBT":32.573372122511,"OCF_SALES":5.991496180009,"TOTAL_PARENT_EQUITY":1287559159,"DEBT_ASSET_RATIO":43.0870241026,"OPERATE_PROFIT":70982366.75,"PRETAX_PROFIT":53744668.48,"NETCASH_OPERATE":37315721,"NETCASH_INVEST":-60918009,"NETCASH_FINANCE":93138579,"END_CASH":269607921,"DIVI_RATIO":0.437972912778,"DIVIDEND_RATE":3.899447949527,"CURRENT_RATIO":1.41431438106,"COMMON_ACS":null,"CURRENTDEBT_DEBT":53.348488189598,"ISSUED_COMMON_SHARES":72670000,"HK_COMMON_SHARES":19910000,"PER_SHARES":100,"TOTAL_MARKET_CAP":921455600,"HKSK_MARKET_CAP":252458800,"PE_TTM":8.949080129421,"PB_TTM":0.651475654205,"REPORT_DATE_SQ":"2020-06-30 00:00:00","REPORT_TYPE_SQ":"2020年中报","OPERATE_INCOME_SQ":465150452,"DPS_HKD":0.49445,"OPERATE_INCOME_QOQ_SQ":10.019866357981,"NET_PROFIT_RATIO_SQ":6.213309022,"HOLDER_PROFIT_SQ":36409947,"HOLDER_PROFIT_QOQ_SQ":-27.324738327656,"ROE_AVG_SQ":3.097475217775,"PE_TTM_SQ":-39.657792866637,"PB_TTM_SQ":0.73595345989,"ROA_SQ":1.657914099948,"START_DATE":"2021-01-01 00:00:00","FISCAL_YEAR":"12-31","CURRENCY":"HKD","IS_CNY_CODE":0,"DPS_HKD_LY":null,"ORG_TYPE":"一般企业","PREMIUM_INCOME":null,"PREMIUM_INCOME_YOY":null,"NET_INTEREST_INCOME":null,"NET_INTEREST_INCOME_YOY":null,"FEE_COMMISSION_INCOME":null,"FEE_COMMISSION_INCOME_YOY":null,"ACCOUNTS_RECE_TDAYS":2.031824492246,"INVENTORY_TDAYS":11.860098712665,"CURRENT_ASSETS_TDAYS":0.874398351006,"TOTAL_ASSETS_TDAYS":0.267311638705,"PREMIUM_EXPENSE":null,"LOAN_DEPOSIT":null,"LOAN_EQUITY":null,"LOAN_ASSETS":null,"DEPOSIT_EQUITY":null,"DEPOSIT_ASSETS":null,"EQUITY_MULTIPLIER":1.757068549363,"EQUITY_RATIO":0.806775432211},{"SECUCODE":"02120.HK","SECURITY_CODE":"02120","SECURITY_NAME_ABBR":"康宁医院","ORG_CODE":"10472794","STD_REPORT_DATE":"2020-12-31 00:00:00","REPORT_DATE":"2020-12-31 00:00:00","DATE_TYPE_CODE":"001","REPORT_TYPE":"2020年年报","PER_NETCASH_OPERATE":2.676343017387,"PER_OI":13.257480249811,"BPS":16.676012866382,"BASIC_EPS":0.77,"DILUTED_EPS":0.75,"OPERATE_INCOME":989012003.88,"OPERATE_INCOME_YOY":19.8203404601,"GROSS_PROFIT":259839346.51,"GROSS_PROFIT_YOY":27.056353507223,"HOLDER_PROFIT":55770161.56,"HOLDER_PROFIT_YOY":22.1868990271,"GROSS_PROFIT_RATIO":29.340315414256,"EPS_TTM":0.938335824387,"OPERATE_INCOME_QOQ":8.907913112948,"NET_PROFIT_RATIO":5.7167140885,"ROE_AVG":5.891448438913,"GROSS_PROFIT_QOQ":25.675333169093,"ROA":3.206382758412,"HOLDER_PROFIT_QOQ":68.127222682663,"ROE_YEARLY":5.891448438913,"ROIC_YEARLY":3.699633639803,"TOTAL_ASSETS":2161274652.59,"TOTAL_LIABILITIES":955552957.3,"TAX_EBT":41.257959269951,"OCF_SALES":19.359947256418,"TOTAL_PARENT_EQUITY":1113056686.48,"DEBT_ASSET_RATIO":41.5537966993,"OPERATE_PROFIT":97395656.62,"PRETAX_PROFIT":74318254.52,"NETCASH_OPERATE":199655992,"NETCASH_INVEST":-186319636,"NETCASH_FINANCE":22052380,"END_CASH":200092665.42,"DIVI_RATIO":0.478661963795,"DIVIDEND_RATE":3.899447949527,"CURRENT_RATIO":1.069658211437,"COMMON_ACS":null,"CURRENTDEBT_DEBT":64.390030843349,"ISSUED_COMMON_SHARES":72670000,"HK_COMMON_SHARES":19910000,"PER_SHARES":100,"TOTAL_MARKET_CAP":921455600,"HKSK_MARKET_CAP":252458800,"PE_TTM":8.949080129421,"PB_TTM":0.651475654205,"REPORT_DATE_SQ":"2019-12-31 00:00:00","REPORT_TYPE_SQ":"2019年年报","OPERATE_INCOME_SQ":860691729,"DPS_HKD":0.49445,"OPERATE_INCOME_QOQ_SQ":12.054047262745,"NET_PROFIT_RATIO_SQ":4.4414994024,"HOLDER_PROFIT_SQ":57289394,"HOLDER_PROFIT_QOQ_SQ":-36.817544928809,"ROE_AVG_SQ":5.013336138054,"PE_TTM_SQ":-39.657792866637,"PB_TTM_SQ":0.73595345989,"ROA_SQ":2.894810286217,"START_DATE":"2020-01-01 00:00:00","FISCAL_YEAR":"12-31","CURRENCY":"HKD","IS_CNY_CODE":0,"DPS_HKD_LY":null,"ORG_TYPE":"一般企业","PREMIUM_INCOME":null,"PREMIUM_INCOME_YOY":null,"NET_INTEREST_INCOME":null,"NET_INTEREST_INCOME_YOY":null,"FEE_COMMISSION_INCOME":null,"FEE_COMMISSION_INCOME_YOY":null,"ACCOUNTS_RECE_TDAYS":3.69157709055,"INVENTORY_TDAYS":23.861857909268,"CURRENT_ASSETS_TDAYS":1.634012997982,"TOTAL_ASSETS_TDAYS":0.472383448165,"PREMIUM_EXPENSE":null,"LOAN_DEPOSIT":null,"LOAN_EQUITY":null,"LOAN_ASSETS":null,"DEPOSIT_EQUITY":null,"DEPOSIT_ASSETS":null,"EQUITY_MULTIPLIER":1.710975125031,"EQUITY_RATIO":0.858494422527},{"SECUCODE":"02120.HK","SECURITY_CODE":"02120","SECURITY_NAME_ABBR":"康宁医院","ORG_CODE":"10472794","STD_REPORT_DATE":"2020-06-30 00:00:00","REPORT_DATE":"2020-06-30 00:00:00","DATE_TYPE_CODE":"002","REPORT_TYPE":"2020年中报","PER_NETCASH_OPERATE":0.235744993377,"PER_OI":6.160933139073,"BPS":16.326671501307,"BASIC_EPS":0.5,"DILUTED_EPS":0.5,"OPERATE_INCOME":465150452,"OPERATE_INCOME_YOY":22.7600471796,"GROSS_PROFIT":128285698,"GROSS_PROFIT_YOY":39.398386849374,"HOLDER_PROFIT":36409947,"HOLDER_PROFIT_YOY":-30.0671091671,"GROSS_PROFIT_RATIO":27.57939876193,"EPS_TTM":0.551459827815,"OPERATE_INCOME_QOQ":10.019866357981,"NET_PROFIT_RATIO":6.213309022,"ROE_AVG":3.097475217775,"GROSS_PROFIT_QOQ":17.72925168661,"ROA":1.657914099948,"HOLDER_PROFIT_QOQ":-27.324738327656,"ROE_YEARLY":6.19495043555,"ROIC_YEARLY":3.857922382851,"TOTAL_ASSETS":2274907913,"TOTAL_LIABILITIES":960484674,"TAX_EBT":26.654026320131,"OCF_SALES":3.82644946887,"TOTAL_PARENT_EQUITY":1186459218,"DEBT_ASSET_RATIO":42.2208155553,"OPERATE_PROFIT":51250179,"PRETAX_PROFIT":39403983,"NETCASH_OPERATE":17798747,"NETCASH_INVEST":-76436244,"NETCASH_FINANCE":94945096,"END_CASH":201376292,"DIVI_RATIO":0.814466704093,"DIVIDEND_RATE":3.899447949527,"CURRENT_RATIO":1.08711674826,"COMMON_ACS":null,"CURRENTDEBT_DEBT":66.17954374564,"ISSUED_COMMON_SHARES":72670000,"HK_COMMON_SHARES":19910000,"PER_SHARES":100,"TOTAL_MARKET_CAP":921455600,"HKSK_MARKET_CAP":252458800,"PE_TTM":8.949080129421,"PB_TTM":0.651475654205,"REPORT_DATE_SQ":"2019-06-30 00:00:00","REPORT_TYPE_SQ":"2019年中报","OPERATE_INCOME_SQ":378910291,"DPS_HKD":0.49445,"OPERATE_INCOME_QOQ_SQ":2.966895985764,"NET_PROFIT_RATIO_SQ":12.0190008247,"HOLDER_PROFIT_SQ":52064124,"HOLDER_PROFIT_QOQ_SQ":12.503487004644,"ROE_AVG_SQ":4.568534787197,"PE_TTM_SQ":-39.657792866637,"PB_TTM_SQ":0.73595345989,"ROA_SQ":2.703959457469,"START_DATE":"2020-01-01 00:00:00","FISCAL_YEAR":"12-31","CURRENCY":"HKD","IS_CNY_CODE":0,"DPS_HKD_LY":null,"ORG_TYPE":"一般企业","PREMIUM_INCOME":null,"PREMIUM_INCOME_YOY":null,"NET_INTEREST_INCOME":null,"NET_INTEREST_INCOME_YOY":null,"FEE_COMMISSION_INCOME":null,"FEE_COMMISSION_INCOME_YOY":null,"ACCOUNTS_RECE_TDAYS":1.402818075563,"INVENTORY_TDAYS":11.732063593184,"CURRENT_ASSETS_TDAYS":0.708794676023,"TOTAL_ASSETS_TDAYS":0.211804618383,"PREMIUM_EXPENSE":null,"LOAN_DEPOSIT":null,"LOAN_EQUITY":null,"LOAN_ASSETS":null,"DEPOSIT_EQUITY":null,"DEPOSIT_ASSETS":null,"EQUITY_MULTIPLIER":1.730727094213,"EQUITY_RATIO":0.809538717748}],"count":23},"success":true,"message":"ok","code":0}