{"version":"0e801f0157905b7168cde58507aa1e36","result":{"pages":3,"data":[{"SECUCODE":"02127.HK","SECURITY_CODE":"02127","SECURITY_NAME_ABBR":"汇森股份","ORG_CODE":"10000004478","STD_REPORT_DATE":"2024-06-30 00:00:00","REPORT_DATE":"2024-06-30 00:00:00","DATE_TYPE_CODE":"002","REPORT_TYPE":"2024年中报","PER_NETCASH_OPERATE":-0.077831974081,"PER_OI":0.22714903549,"BPS":1.337029868788,"BASIC_EPS":-0.11,"DILUTED_EPS":-0.11,"OPERATE_INCOME":836569000,"OPERATE_INCOME_YOY":-43.5533301126,"GROSS_PROFIT":-184956000,"GROSS_PROFIT_YOY":-194.410584668157,"HOLDER_PROFIT":-404684000,"HOLDER_PROFIT_YOY":-350.8454824953,"GROSS_PROFIT_RATIO":-22.108875657597,"EPS_TTM":-0.097452610817,"OPERATE_INCOME_QOQ":-17.729581466482,"NET_PROFIT_RATIO":-45.4744318759,"ROE_AVG":-7.950361223335,"GROSS_PROFIT_QOQ":-78.802349616087,"ROA":-6.440885114784,"HOLDER_PROFIT_QOQ":-273.299759057088,"ROE_YEARLY":-15.900722446671,"ROIC_YEARLY":-13.438173159716,"TOTAL_ASSETS":5931803000,"TOTAL_LIABILITIES":1007645000,"TAX_EBT":-0.076815219936,"OCF_SALES":-34.264716956999,"TOTAL_PARENT_EQUITY":4924158000,"DEBT_ASSET_RATIO":16.9871622507,"OPERATE_PROFIT":-362906000,"PRETAX_PROFIT":-380133000,"NETCASH_OPERATE":-286648000,"NETCASH_INVEST":-82723000,"NETCASH_FINANCE":-48516000,"END_CASH":45468000,"DIVI_RATIO":null,"DIVIDEND_RATE":null,"CURRENT_RATIO":2.768741021828,"COMMON_ACS":10000000000,"CURRENTDEBT_DEBT":90.017913054697,"ISSUED_COMMON_SHARES":3682908000,"HK_COMMON_SHARES":3682908000,"PER_SHARES":2000,"TOTAL_MARKET_CAP":73658160,"HKSK_MARKET_CAP":73658160,"PE_TTM":-0.188941311279,"PB_TTM":0.013652350203,"REPORT_DATE_SQ":"2023-06-30 00:00:00","REPORT_TYPE_SQ":"2023年中报","OPERATE_INCOME_SQ":1482052000,"DPS_HKD":null,"OPERATE_INCOME_QOQ_SQ":-15.958259360684,"NET_PROFIT_RATIO_SQ":10.8605501022,"HOLDER_PROFIT_SQ":161328000,"HOLDER_PROFIT_QOQ_SQ":-40.812182741117,"ROE_AVG_SQ":3.144997631427,"PE_TTM_SQ":3.838179814201,"PB_TTM_SQ":0.136802444127,"ROA_SQ":2.76774152374,"START_DATE":"2024-01-01 00:00:00","FISCAL_YEAR":"12-31","CURRENCY":"HKD","IS_CNY_CODE":0,"DPS_HKD_LY":null,"ORG_TYPE":"一般企业","PREMIUM_INCOME":null,"PREMIUM_INCOME_YOY":null,"NET_INTEREST_INCOME":null,"NET_INTEREST_INCOME_YOY":null,"FEE_COMMISSION_INCOME":null,"FEE_COMMISSION_INCOME_YOY":null,"ACCOUNTS_RECE_TDAYS":0.612170989806,"INVENTORY_TDAYS":1.135191749919,"CURRENT_ASSETS_TDAYS":0.290788247493,"TOTAL_ASSETS_TDAYS":0.133146969477,"PREMIUM_EXPENSE":null,"LOAN_DEPOSIT":null,"LOAN_EQUITY":null,"LOAN_ASSETS":null,"DEPOSIT_EQUITY":null,"DEPOSIT_ASSETS":null,"EQUITY_MULTIPLIER":1.204632954508,"EQUITY_RATIO":0.204632954507},{"SECUCODE":"02127.HK","SECURITY_CODE":"02127","SECURITY_NAME_ABBR":"汇森股份","ORG_CODE":"10000004478","STD_REPORT_DATE":"2023-12-31 00:00:00","REPORT_DATE":"2023-12-31 00:00:00","DATE_TYPE_CODE":"001","REPORT_TYPE":"2023年年报","PER_NETCASH_OPERATE":-0.030517840793,"PER_OI":1.186251299245,"BPS":1.427162720329,"BASIC_EPS":0.0675,"DILUTED_EPS":0.0675,"OPERATE_INCOME":3640712000,"OPERATE_INCOME_YOY":20.7456509389,"GROSS_PROFIT":483313000,"GROSS_PROFIT_YOY":-11.28192608311,"HOLDER_PROFIT":207103000,"HOLDER_PROFIT_YOY":-38.1597491789,"GROSS_PROFIT_RATIO":13.275232976407,"EPS_TTM":0.067480262879,"OPERATE_INCOME_QOQ":43.673429441531,"NET_PROFIT_RATIO":5.5760246897,"ROE_AVG":4.019421423245,"GROSS_PROFIT_QOQ":45.135116468324,"ROA":3.357051452512,"HOLDER_PROFIT_QOQ":4.481384320452,"ROE_YEARLY":4.019421423245,"ROIC_YEARLY":4.33488250985,"TOTAL_ASSETS":6634296000,"TOTAL_LIABILITIES":1379715000,"TAX_EBT":18.583889791253,"OCF_SALES":-2.57262865066,"TOTAL_PARENT_EQUITY":5256109000,"DEBT_ASSET_RATIO":20.7967054831,"OPERATE_PROFIT":272541000,"PRETAX_PROFIT":249345000,"NETCASH_OPERATE":-93662000,"NETCASH_INVEST":-1345201000,"NETCASH_FINANCE":396410000,"END_CASH":463355000,"DIVI_RATIO":null,"DIVIDEND_RATE":null,"CURRENT_RATIO":2.551239037348,"COMMON_ACS":10000000000,"CURRENTDEBT_DEBT":92.113661154659,"ISSUED_COMMON_SHARES":3682908000,"HK_COMMON_SHARES":3682908000,"PER_SHARES":2000,"TOTAL_MARKET_CAP":110487240,"HKSK_MARKET_CAP":110487240,"PE_TTM":-0.283411966919,"PB_TTM":0.020478525304,"REPORT_DATE_SQ":"2022-12-31 00:00:00","REPORT_TYPE_SQ":"2022年年报","OPERATE_INCOME_SQ":3015191000,"DPS_HKD":null,"OPERATE_INCOME_QOQ_SQ":-35.846535911111,"NET_PROFIT_RATIO_SQ":11.0927632777,"HOLDER_PROFIT_SQ":334900000,"HOLDER_PROFIT_QOQ_SQ":-56.239554790717,"ROE_AVG_SQ":6.861019188113,"PE_TTM_SQ":2.13316798262,"PB_TTM_SQ":0.076031506569,"ROA_SQ":5.880424577541,"START_DATE":"2023-01-01 00:00:00","FISCAL_YEAR":"12-31","CURRENCY":"HKD","IS_CNY_CODE":0,"DPS_HKD_LY":null,"ORG_TYPE":"一般企业","PREMIUM_INCOME":null,"PREMIUM_INCOME_YOY":null,"NET_INTEREST_INCOME":null,"NET_INTEREST_INCOME_YOY":null,"FEE_COMMISSION_INCOME":null,"FEE_COMMISSION_INCOME_YOY":null,"ACCOUNTS_RECE_TDAYS":3.166272916745,"INVENTORY_TDAYS":3.289702614915,"CURRENT_ASSETS_TDAYS":0.97094560141,"TOTAL_ASSETS_TDAYS":0.590143914273,"PREMIUM_EXPENSE":null,"LOAN_DEPOSIT":null,"LOAN_EQUITY":null,"LOAN_ASSETS":null,"DEPOSIT_EQUITY":null,"DEPOSIT_ASSETS":null,"EQUITY_MULTIPLIER":1.262573742796,"EQUITY_RATIO":0.262497410156},{"SECUCODE":"02127.HK","SECURITY_CODE":"02127","SECURITY_NAME_ABBR":"汇森股份","ORG_CODE":"10000004478","STD_REPORT_DATE":"2023-06-30 00:00:00","REPORT_DATE":"2023-06-30 00:00:00","DATE_TYPE_CODE":"002","REPORT_TYPE":"2023年中报","PER_NETCASH_OPERATE":-0.07131723084,"PER_OI":0.482896233085,"BPS":1.414733683274,"BASIC_EPS":0.053,"DILUTED_EPS":0.053,"OPERATE_INCOME":1482052000,"OPERATE_INCOME_YOY":-24.5092765777,"GROSS_PROFIT":195906000,"GROSS_PROFIT_YOY":-51.945073355721,"HOLDER_PROFIT":161328000,"HOLDER_PROFIT_YOY":-45.8645405492,"GROSS_PROFIT_RATIO":13.218564530799,"EPS_TTM":0.064585919605,"OPERATE_INCOME_QOQ":-15.958259360684,"NET_PROFIT_RATIO":10.8605501022,"ROE_AVG":3.144997631427,"GROSS_PROFIT_QOQ":-38.872082735226,"ROA":2.76774152374,"HOLDER_PROFIT_QOQ":-40.812182741117,"ROE_YEARLY":6.289995262853,"ROIC_YEARLY":7.661693089894,"TOTAL_ASSETS":5953645000,"TOTAL_LIABILITIES":741112000,"TAX_EBT":12.387053931068,"OCF_SALES":-14.768645094774,"TOTAL_PARENT_EQUITY":5210334000,"DEBT_ASSET_RATIO":12.4480381346,"OPERATE_PROFIT":193328000,"PRETAX_PROFIT":183716000,"NETCASH_OPERATE":-218879000,"NETCASH_INVEST":-332893000,"NETCASH_FINANCE":-29452000,"END_CASH":924584000,"DIVI_RATIO":null,"DIVIDEND_RATE":null,"CURRENT_RATIO":5.051742338035,"COMMON_ACS":10000000000,"CURRENTDEBT_DEBT":91.778030850938,"ISSUED_COMMON_SHARES":3682908000,"HK_COMMON_SHARES":3682908000,"PER_SHARES":2000,"TOTAL_MARKET_CAP":110487240,"HKSK_MARKET_CAP":110487240,"PE_TTM":-0.283411966919,"PB_TTM":0.020478525304,"REPORT_DATE_SQ":"2022-06-30 00:00:00","REPORT_TYPE_SQ":"2022年中报","OPERATE_INCOME_SQ":1963224000,"DPS_HKD":null,"OPERATE_INCOME_QOQ_SQ":-8.54597359061,"NET_PROFIT_RATIO_SQ":15.1795210328,"HOLDER_PROFIT_SQ":298008000,"HOLDER_PROFIT_QOQ_SQ":-13.823731767986,"ROE_AVG_SQ":6.123098089398,"PE_TTM_SQ":2.13316798262,"PB_TTM_SQ":0.076031506569,"ROA_SQ":5.224657301048,"START_DATE":"2023-01-01 00:00:00","FISCAL_YEAR":"12-31","CURRENCY":"HKD","IS_CNY_CODE":0,"DPS_HKD_LY":null,"ORG_TYPE":"一般企业","PREMIUM_INCOME":null,"PREMIUM_INCOME_YOY":null,"NET_INTEREST_INCOME":null,"NET_INTEREST_INCOME_YOY":null,"FEE_COMMISSION_INCOME":null,"FEE_COMMISSION_INCOME_YOY":null,"ACCOUNTS_RECE_TDAYS":1.422460847707,"INVENTORY_TDAYS":1.222815760363,"CURRENT_ASSETS_TDAYS":0.385298292177,"TOTAL_ASSETS_TDAYS":0.254260690069,"PREMIUM_EXPENSE":null,"LOAN_DEPOSIT":null,"LOAN_EQUITY":null,"LOAN_ASSETS":null,"DEPOSIT_EQUITY":null,"DEPOSIT_ASSETS":null,"EQUITY_MULTIPLIER":1.142178860066,"EQUITY_RATIO":0.142238866069},{"SECUCODE":"02127.HK","SECURITY_CODE":"02127","SECURITY_NAME_ABBR":"汇森股份","ORG_CODE":"10000004478","STD_REPORT_DATE":"2022-12-31 00:00:00","REPORT_DATE":"2022-12-31 00:00:00","DATE_TYPE_CODE":"001","REPORT_TYPE":"2022年年报","PER_NETCASH_OPERATE":-0.050352384583,"PER_OI":0.982438116836,"BPS":1.370929167929,"BASIC_EPS":0.1091,"DILUTED_EPS":0.1091,"OPERATE_INCOME":3015191000,"OPERATE_INCOME_YOY":-41.3290740096,"GROSS_PROFIT":544774000,"GROSS_PROFIT_YOY":-58.068665068253,"HOLDER_PROFIT":334900000,"HOLDER_PROFIT_YOY":-62.2888813569,"GROSS_PROFIT_RATIO":18.067644802601,"EPS_TTM":0.109120292986,"OPERATE_INCOME_QOQ":-35.846535911111,"NET_PROFIT_RATIO":11.0927632777,"ROE_AVG":6.861019188113,"GROSS_PROFIT_QOQ":-49.388649249759,"ROA":5.880424577541,"HOLDER_PROFIT_QOQ":-56.239554790717,"ROE_YEARLY":6.861019188113,"ROIC_YEARLY":11.266824752094,"TOTAL_ASSETS":5704091000,"TOTAL_LIABILITIES":652517000,"TAX_EBT":14.23699521271,"OCF_SALES":-5.125247455302,"TOTAL_PARENT_EQUITY":5049006000,"DEBT_ASSET_RATIO":11.4394563481,"OPERATE_PROFIT":414962000,"PRETAX_PROFIT":389991000,"NETCASH_OPERATE":-154536000,"NETCASH_INVEST":-1353483000,"NETCASH_FINANCE":-123244000,"END_CASH":1505808000,"DIVI_RATIO":null,"DIVIDEND_RATE":null,"CURRENT_RATIO":7.750266721528,"COMMON_ACS":10000000000,"CURRENTDEBT_DEBT":84.175891202835,"ISSUED_COMMON_SHARES":3682908000,"HK_COMMON_SHARES":3682908000,"PER_SHARES":2000,"TOTAL_MARKET_CAP":110487240,"HKSK_MARKET_CAP":110487240,"PE_TTM":-0.283411966919,"PB_TTM":0.020478525304,"REPORT_DATE_SQ":"2021-12-31 00:00:00","REPORT_TYPE_SQ":"2021年年报","OPERATE_INCOME_SQ":5139157000,"DPS_HKD":null,"OPERATE_INCOME_QOQ_SQ":10.111713158644,"NET_PROFIT_RATIO_SQ":17.2804022138,"HOLDER_PROFIT_SQ":888067000,"HOLDER_PROFIT_QOQ_SQ":22.956691496137,"ROE_AVG_SQ":20.52446450616,"PE_TTM_SQ":2.13316798262,"PB_TTM_SQ":0.076031506569,"ROA_SQ":16.646207247264,"START_DATE":"2022-01-01 00:00:00","FISCAL_YEAR":"12-31","CURRENCY":"HKD","IS_CNY_CODE":0,"DPS_HKD_LY":null,"ORG_TYPE":"一般企业","PREMIUM_INCOME":null,"PREMIUM_INCOME_YOY":null,"NET_INTEREST_INCOME":null,"NET_INTEREST_INCOME_YOY":null,"FEE_COMMISSION_INCOME":null,"FEE_COMMISSION_INCOME_YOY":null,"ACCOUNTS_RECE_TDAYS":2.921236723869,"INVENTORY_TDAYS":3.929833296613,"CURRENT_ASSETS_TDAYS":0.673497787426,"TOTAL_ASSETS_TDAYS":0.529429777915,"PREMIUM_EXPENSE":null,"LOAN_DEPOSIT":null,"LOAN_EQUITY":null,"LOAN_ASSETS":null,"DEPOSIT_EQUITY":null,"DEPOSIT_ASSETS":null,"EQUITY_MULTIPLIER":1.129171026694,"EQUITY_RATIO":0.129236725011},{"SECUCODE":"02127.HK","SECURITY_CODE":"02127","SECURITY_NAME_ABBR":"汇森股份","ORG_CODE":"10000004478","STD_REPORT_DATE":"2022-06-30 00:00:00","REPORT_DATE":"2022-06-30 00:00:00","DATE_TYPE_CODE":"002","REPORT_TYPE":"2022年中报","PER_NETCASH_OPERATE":0.214309127461,"PER_OI":0.639676255828,"BPS":1.363190174721,"BASIC_EPS":0.097,"DILUTED_EPS":0.097,"OPERATE_INCOME":1963224000,"OPERATE_INCOME_YOY":-18.2812295128,"GROSS_PROFIT":407671000,"GROSS_PROFIT_YOY":-35.340505544109,"HOLDER_PROFIT":298008000,"HOLDER_PROFIT_YOY":-29.1758957345,"GROSS_PROFIT_RATIO":20.765383878763,"EPS_TTM":0.249358278838,"OPERATE_INCOME_QOQ":-8.54597359061,"NET_PROFIT_RATIO":15.1795210328,"ROE_AVG":6.123098089398,"GROSS_PROFIT_QOQ":-17.150334242864,"ROA":5.224657301048,"HOLDER_PROFIT_QOQ":-13.823731767986,"ROE_YEARLY":12.246196178796,"ROIC_YEARLY":25.377528503713,"TOTAL_ASSETS":5721510000,"TOTAL_LIABILITIES":701006000,"TAX_EBT":14.640482812549,"OCF_SALES":33.502748540156,"TOTAL_PARENT_EQUITY":5020504000,"DEBT_ASSET_RATIO":12.2521152633,"OPERATE_PROFIT":362461000,"PRETAX_PROFIT":349121000,"NETCASH_OPERATE":657734000,"NETCASH_INVEST":-917863000,"NETCASH_FINANCE":-103455000,"END_CASH":2773487000,"DIVI_RATIO":null,"DIVIDEND_RATE":null,"CURRENT_RATIO":7.967005362013,"COMMON_ACS":10000000000,"CURRENTDEBT_DEBT":83.590440024764,"ISSUED_COMMON_SHARES":3682908000,"HK_COMMON_SHARES":3682908000,"PER_SHARES":2000,"TOTAL_MARKET_CAP":110487240,"HKSK_MARKET_CAP":110487240,"PE_TTM":-0.283411966919,"PB_TTM":0.020478525304,"REPORT_DATE_SQ":"2021-06-30 00:00:00","REPORT_TYPE_SQ":"2021年中报","OPERATE_INCOME_SQ":2402415000,"DPS_HKD":null,"OPERATE_INCOME_QOQ_SQ":19.809100029059,"NET_PROFIT_RATIO_SQ":17.5145426581,"HOLDER_PROFIT_SQ":420772000,"HOLDER_PROFIT_QOQ_SQ":33.582894228226,"ROE_AVG_SQ":10.27972333782,"PE_TTM_SQ":2.13316798262,"PB_TTM_SQ":0.076031506569,"ROA_SQ":8.052402274878,"START_DATE":"2022-01-01 00:00:00","FISCAL_YEAR":"12-31","CURRENCY":"HKD","IS_CNY_CODE":0,"DPS_HKD_LY":null,"ORG_TYPE":"一般企业","PREMIUM_INCOME":null,"PREMIUM_INCOME_YOY":null,"NET_INTEREST_INCOME":null,"NET_INTEREST_INCOME_YOY":null,"FEE_COMMISSION_INCOME":null,"FEE_COMMISSION_INCOME_YOY":null,"ACCOUNTS_RECE_TDAYS":1.876582199834,"INVENTORY_TDAYS":6.809370389988,"CURRENT_ASSETS_TDAYS":0.419252357385,"TOTAL_ASSETS_TDAYS":0.344191182961,"PREMIUM_EXPENSE":null,"LOAN_DEPOSIT":null,"LOAN_EQUITY":null,"LOAN_ASSETS":null,"DEPOSIT_EQUITY":null,"DEPOSIT_ASSETS":null,"EQUITY_MULTIPLIER":1.139628610992,"EQUITY_RATIO":0.139628610992},{"SECUCODE":"02127.HK","SECURITY_CODE":"02127","SECURITY_NAME_ABBR":"汇森股份","ORG_CODE":"10000004478","STD_REPORT_DATE":"2021-12-31 00:00:00","REPORT_DATE":"2021-12-31 00:00:00","DATE_TYPE_CODE":"001","REPORT_TYPE":"2021年年报","PER_NETCASH_OPERATE":0.285300528821,"PER_OI":1.674488855003,"BPS":1.2798017219,"BASIC_EPS":0.2896,"DILUTED_EPS":0.2896,"OPERATE_INCOME":5139157000,"OPERATE_INCOME_YOY":31.923852562,"GROSS_PROFIT":1299205000,"GROSS_PROFIT_YOY":37.606511711655,"HOLDER_PROFIT":888067000,"HOLDER_PROFIT_YOY":64.2491071478,"GROSS_PROFIT_RATIO":25.280508067763,"EPS_TTM":0.28935840917,"OPERATE_INCOME_QOQ":10.111713158644,"NET_PROFIT_RATIO":17.2804022138,"ROE_AVG":20.52446450616,"GROSS_PROFIT_QOQ":7.519286694374,"ROA":16.646207247264,"HOLDER_PROFIT_QOQ":22.956691496137,"ROE_YEARLY":20.52446450616,"ROIC_YEARLY":36.359062047913,"TOTAL_ASSETS":5686243000,"TOTAL_LIABILITIES":972851000,"TAX_EBT":14.5284017632,"OCF_SALES":17.03806674908,"TOTAL_PARENT_EQUITY":4713392000,"DEBT_ASSET_RATIO":17.1088537722,"OPERATE_PROFIT":1075786000,"PRETAX_PROFIT":1039020000,"NETCASH_OPERATE":875613000,"NETCASH_INVEST":-146239000,"NETCASH_FINANCE":-240151000,"END_CASH":3137071000,"DIVI_RATIO":null,"DIVIDEND_RATE":null,"CURRENT_RATIO":5.518699593932,"COMMON_ACS":10000000000,"CURRENTDEBT_DEBT":87.483900412293,"ISSUED_COMMON_SHARES":3682908000,"HK_COMMON_SHARES":3682908000,"PER_SHARES":2000,"TOTAL_MARKET_CAP":110487240,"HKSK_MARKET_CAP":110487240,"PE_TTM":-0.283411966919,"PB_TTM":0.020478525304,"REPORT_DATE_SQ":"2020-12-31 00:00:00","REPORT_TYPE_SQ":"2020年年报","OPERATE_INCOME_SQ":3895548000,"DPS_HKD":null,"OPERATE_INCOME_QOQ_SQ":8.306450514251,"NET_PROFIT_RATIO_SQ":13.8795106619,"HOLDER_PROFIT_SQ":540683000,"HOLDER_PROFIT_QOQ_SQ":-2.405376085948,"ROE_AVG_SQ":17.139385593778,"PE_TTM_SQ":2.13316798262,"PB_TTM_SQ":0.076031506569,"ROA_SQ":12.918220220888,"START_DATE":"2021-01-01 00:00:00","FISCAL_YEAR":"12-31","CURRENCY":"HKD","IS_CNY_CODE":0,"DPS_HKD_LY":0.079,"ORG_TYPE":"一般企业","PREMIUM_INCOME":null,"PREMIUM_INCOME_YOY":null,"NET_INTEREST_INCOME":null,"NET_INTEREST_INCOME_YOY":null,"FEE_COMMISSION_INCOME":null,"FEE_COMMISSION_INCOME_YOY":null,"ACCOUNTS_RECE_TDAYS":4.149075548975,"INVENTORY_TDAYS":20.99389857196,"CURRENT_ASSETS_TDAYS":1.176875638342,"TOTAL_ASSETS_TDAYS":0.963299756643,"PREMIUM_EXPENSE":null,"LOAN_DEPOSIT":null,"LOAN_EQUITY":null,"LOAN_ASSETS":null,"DEPOSIT_EQUITY":null,"DEPOSIT_ASSETS":null,"EQUITY_MULTIPLIER":1.206401462047,"EQUITY_RATIO":0.206401462047},{"SECUCODE":"02127.HK","SECURITY_CODE":"02127","SECURITY_NAME_ABBR":"汇森股份","ORG_CODE":"10000004478","STD_REPORT_DATE":"2021-06-30 00:00:00","REPORT_DATE":"2021-06-30 00:00:00","DATE_TYPE_CODE":"002","REPORT_TYPE":"2021年中报","PER_NETCASH_OPERATE":0.130133036177,"PER_OI":0.782777631155,"BPS":1.152919649364,"BASIC_EPS":0.137,"DILUTED_EPS":0.137,"OPERATE_INCOME":2402415000,"OPERATE_INCOME_YOY":47.3203609155,"GROSS_PROFIT":630489000,"GROSS_PROFIT_YOY":72.129308085441,"HOLDER_PROFIT":420772000,"HOLDER_PROFIT_YOY":75.91170384,"GROSS_PROFIT_RATIO":26.243967008198,"EPS_TTM":0.235333600514,"OPERATE_INCOME_QOQ":19.809100029059,"NET_PROFIT_RATIO":17.5145426581,"ROE_AVG":10.27972333782,"GROSS_PROFIT_QOQ":27.98309581685,"ROA":8.052402274878,"HOLDER_PROFIT_QOQ":33.582894228226,"ROE_YEARLY":20.559446675639,"ROIC_YEARLY":35.487439726691,"TOTAL_ASSETS":5467185000,"TOTAL_LIABILITIES":1221088000,"TAX_EBT":13.879468260385,"OCF_SALES":16.624521575165,"TOTAL_PARENT_EQUITY":4246097000,"DEBT_ASSET_RATIO":22.3348578839,"OPERATE_PROFIT":507960000,"PRETAX_PROFIT":488585000,"NETCASH_OPERATE":399390000,"NETCASH_INVEST":-58573000,"NETCASH_FINANCE":71560000,"END_CASH":3060225000,"DIVI_RATIO":null,"DIVIDEND_RATE":null,"CURRENT_RATIO":3.949330314771,"COMMON_ACS":10000000000,"CURRENTDEBT_DEBT":93.617249534841,"ISSUED_COMMON_SHARES":3682908000,"HK_COMMON_SHARES":3682908000,"PER_SHARES":2000,"TOTAL_MARKET_CAP":110487240,"HKSK_MARKET_CAP":110487240,"PE_TTM":-0.283411966919,"PB_TTM":0.020478525304,"REPORT_DATE_SQ":"2020-06-30 00:00:00","REPORT_TYPE_SQ":"2020年中报","OPERATE_INCOME_SQ":1630742000,"DPS_HKD":null,"OPERATE_INCOME_QOQ_SQ":-2.688628925325,"NET_PROFIT_RATIO_SQ":14.6678628502,"HOLDER_PROFIT_SQ":239195000,"HOLDER_PROFIT_QOQ_SQ":-4.653488179978,"ROE_AVG_SQ":9.612036514447,"PE_TTM_SQ":2.13316798262,"PB_TTM_SQ":0.076031506569,"ROA_SQ":6.966922446221,"START_DATE":"2021-01-01 00:00:00","FISCAL_YEAR":"12-31","CURRENCY":"HKD","IS_CNY_CODE":0,"DPS_HKD_LY":0.079,"ORG_TYPE":"一般企业","PREMIUM_INCOME":null,"PREMIUM_INCOME_YOY":null,"NET_INTEREST_INCOME":null,"NET_INTEREST_INCOME_YOY":null,"FEE_COMMISSION_INCOME":null,"FEE_COMMISSION_INCOME_YOY":null,"ACCOUNTS_RECE_TDAYS":2.042148373598,"INVENTORY_TDAYS":9.072818553972,"CURRENT_ASSETS_TDAYS":0.561880754512,"TOTAL_ASSETS_TDAYS":0.459755212115,"PREMIUM_EXPENSE":null,"LOAN_DEPOSIT":null,"LOAN_EQUITY":null,"LOAN_ASSETS":null,"DEPOSIT_EQUITY":null,"DEPOSIT_ASSETS":null,"EQUITY_MULTIPLIER":1.287578922479,"EQUITY_RATIO":0.287578922479},{"SECUCODE":"02127.HK","SECURITY_CODE":"02127","SECURITY_NAME_ABBR":"汇森股份","ORG_CODE":"10000004478","STD_REPORT_DATE":"2020-12-31 00:00:00","REPORT_DATE":"2020-12-31 00:00:00","DATE_TYPE_CODE":"001","REPORT_TYPE":"2020年年报","PER_NETCASH_OPERATE":0.216963333333,"PER_OI":1.298516,"BPS":1.069901556053,"BASIC_EPS":0.24,"DILUTED_EPS":0.24,"OPERATE_INCOME":3895548000,"OPERATE_INCOME_YOY":4.7453312203,"GROSS_PROFIT":944145000,"GROSS_PROFIT_YOY":6.886921042621,"HOLDER_PROFIT":540683000,"HOLDER_PROFIT_YOY":-4.8600834414,"GROSS_PROFIT_RATIO":24.236513065684,"EPS_TTM":0.180227666667,"OPERATE_INCOME_QOQ":8.306450514251,"NET_PROFIT_RATIO":13.8795106619,"ROE_AVG":17.139385593778,"GROSS_PROFIT_QOQ":13.833739044884,"ROA":12.918220220888,"HOLDER_PROFIT_QOQ":-2.405376085948,"ROE_YEARLY":17.139385593778,"ROIC_YEARLY":23.313466461854,"TOTAL_ASSETS":4983659000,"TOTAL_LIABILITIES":1043310000,"TAX_EBT":15.234714882129,"OCF_SALES":16.708560644099,"TOTAL_PARENT_EQUITY":3940349000,"DEBT_ASSET_RATIO":20.9346185202,"OPERATE_PROFIT":680579000,"PRETAX_PROFIT":637859000,"NETCASH_OPERATE":650890000,"NETCASH_INVEST":-25971000,"NETCASH_FINANCE":938293000,"END_CASH":2647848000,"DIVI_RATIO":null,"DIVIDEND_RATE":null,"CURRENT_RATIO":5.082509260588,"COMMON_ACS":10000000000,"CURRENTDEBT_DEBT":76.125600253041,"ISSUED_COMMON_SHARES":3682908000,"HK_COMMON_SHARES":3682908000,"PER_SHARES":2000,"TOTAL_MARKET_CAP":110487240,"HKSK_MARKET_CAP":110487240,"PE_TTM":-0.283411966919,"PB_TTM":0.020478525304,"REPORT_DATE_SQ":"2019-12-31 00:00:00","REPORT_TYPE_SQ":"2019年年报","OPERATE_INCOME_SQ":3719066000,"DPS_HKD":null,"OPERATE_INCOME_QOQ_SQ":8.421163412195,"NET_PROFIT_RATIO_SQ":15.2807989963,"HOLDER_PROFIT_SQ":568303000,"HOLDER_PROFIT_QOQ_SQ":25.546043983962,"ROE_AVG_SQ":27.259601847868,"PE_TTM_SQ":2.13316798262,"PB_TTM_SQ":0.076031506569,"ROA_SQ":17.096105143951,"START_DATE":"2020-01-01 00:00:00","FISCAL_YEAR":"12-31","CURRENCY":"HKD","IS_CNY_CODE":0,"DPS_HKD_LY":null,"ORG_TYPE":"一般企业","PREMIUM_INCOME":null,"PREMIUM_INCOME_YOY":null,"NET_INTEREST_INCOME":null,"NET_INTEREST_INCOME_YOY":null,"FEE_COMMISSION_INCOME":null,"FEE_COMMISSION_INCOME_YOY":null,"ACCOUNTS_RECE_TDAYS":3.484319859395,"INVENTORY_TDAYS":18.343601903099,"CURRENT_ASSETS_TDAYS":1.216103123525,"TOTAL_ASSETS_TDAYS":0.930740321871,"PREMIUM_EXPENSE":null,"LOAN_DEPOSIT":null,"LOAN_EQUITY":null,"LOAN_ASSETS":null,"DEPOSIT_EQUITY":null,"DEPOSIT_ASSETS":null,"EQUITY_MULTIPLIER":1.264776038873,"EQUITY_RATIO":0.264776038874},{"SECUCODE":"02127.HK","SECURITY_CODE":"02127","SECURITY_NAME_ABBR":"汇森股份","ORG_CODE":"10000004478","STD_REPORT_DATE":"2020-06-30 00:00:00","REPORT_DATE":"2020-06-30 00:00:00","DATE_TYPE_CODE":"002","REPORT_TYPE":"2020年中报","PER_NETCASH_OPERATE":5325.31460266667,"PER_OI":16550.9441386667,"BPS":0.708161050996,"BASIC_EPS":0.11,"DILUTED_EPS":0.11,"OPERATE_INCOME":1630742000,"OPERATE_INCOME_YOY":-6.9755422769,"GROSS_PROFIT":366288000,"GROSS_PROFIT_YOY":-12.82862874917,"HOLDER_PROFIT":239195000,"HOLDER_PROFIT_YOY":-5.6389034633,"GROSS_PROFIT_RATIO":22.461431667302,"EPS_TTM":5622.82201066667,"OPERATE_INCOME_QOQ":-2.688628925325,"NET_PROFIT_RATIO":14.6678628502,"ROE_AVG":9.612036514447,"GROSS_PROFIT_QOQ":-2.463097634862,"ROA":6.966922446221,"HOLDER_PROFIT_QOQ":-4.653488179978,"ROE_YEARLY":19.224073028894,"ROIC_YEARLY":22.492100683405,"TOTAL_ASSETS":3479390000,"TOTAL_LIABILITIES":871298000,"TAX_EBT":15.189303417319,"OCF_SALES":32.175291983649,"TOTAL_PARENT_EQUITY":2608092000,"DEBT_ASSET_RATIO":25.0416883419,"OPERATE_PROFIT":303706000,"PRETAX_PROFIT":282034000,"NETCASH_OPERATE":524696000,"NETCASH_INVEST":-17605000,"NETCASH_FINANCE":-63622000,"END_CASH":1528105000,"DIVI_RATIO":null,"DIVIDEND_RATE":null,"CURRENT_RATIO":3.329991631309,"COMMON_ACS":10000000000,"CURRENTDEBT_DEBT":86.126216288801,"ISSUED_COMMON_SHARES":3682908000,"HK_COMMON_SHARES":3682908000,"PER_SHARES":2000,"TOTAL_MARKET_CAP":110487240,"HKSK_MARKET_CAP":110487240,"PE_TTM":-0.283411966919,"PB_TTM":0.020478525304,"REPORT_DATE_SQ":"2019-06-30 00:00:00","REPORT_TYPE_SQ":"2019年中报","OPERATE_INCOME_SQ":1753025000,"DPS_HKD":null,"OPERATE_INCOME_QOQ_SQ":0,"NET_PROFIT_RATIO_SQ":14.4600904151,"HOLDER_PROFIT_SQ":253489000,"HOLDER_PROFIT_QOQ_SQ":0,"ROE_AVG_SQ":null,"PE_TTM_SQ":2.13316798262,"PB_TTM_SQ":0.076031506569,"ROA_SQ":null,"START_DATE":"2020-01-01 00:00:00","FISCAL_YEAR":"12-31","CURRENCY":"HKD","IS_CNY_CODE":0,"DPS_HKD_LY":null,"ORG_TYPE":"一般企业","PREMIUM_INCOME":null,"PREMIUM_INCOME_YOY":null,"NET_INTEREST_INCOME":null,"NET_INTEREST_INCOME_YOY":null,"FEE_COMMISSION_INCOME":null,"FEE_COMMISSION_INCOME_YOY":null,"ACCOUNTS_RECE_TDAYS":1.78319149925,"INVENTORY_TDAYS":8.066769378973,"CURRENT_ASSETS_TDAYS":0.669870724483,"TOTAL_ASSETS_TDAYS":0.474978701219,"PREMIUM_EXPENSE":null,"LOAN_DEPOSIT":null,"LOAN_EQUITY":null,"LOAN_ASSETS":null,"DEPOSIT_EQUITY":null,"DEPOSIT_ASSETS":null,"EQUITY_MULTIPLIER":1.334074871592,"EQUITY_RATIO":0.334074871592}],"count":19},"success":true,"message":"ok","code":0}