{"version":"2e6533bfbfbed44a0ab7d4ef6f614c38","result":{"pages":2,"data":[{"SECUCODE":"02122.HK","SECURITY_CODE":"02122","SECURITY_NAME_ABBR":"凯知乐国际","ORG_CODE":"10684555","STD_REPORT_DATE":"2024-06-30 00:00:00","REPORT_DATE":"2024-06-30 00:00:00","DATE_TYPE_CODE":"002","REPORT_TYPE":"2024年中报","PER_NETCASH_OPERATE":-0.0085925,"PER_OI":0.617065,"BPS":0.025965845964,"BASIC_EPS":-0.1002,"DILUTED_EPS":-0.1002,"OPERATE_INCOME":493652000,"OPERATE_INCOME_YOY":-15.1614100696,"GROSS_PROFIT":167910000,"GROSS_PROFIT_YOY":-14.701982717893,"HOLDER_PROFIT":-80154000,"HOLDER_PROFIT_YOY":3.0657040235,"GROSS_PROFIT_RATIO":34.013839708945,"EPS_TTM":-0.25995,"OPERATE_INCOME_QOQ":-7.633217909249,"NET_PROFIT_RATIO":-16.2503139864,"ROE_AVG":-118.114970306951,"GROSS_PROFIT_QOQ":-8.399554206307,"ROA":-14.427098192068,"HOLDER_PROFIT_QOQ":1.204304140241,"ROE_YEARLY":-236.229940613902,"ROIC_YEARLY":-30.318326542153,"TOTAL_ASSETS":530406000,"TOTAL_LIABILITIES":495517000,"TAX_EBT":-2.491376006133,"OCF_SALES":-1.39247891227,"TOTAL_PARENT_EQUITY":28716000,"DEBT_ASSET_RATIO":93.4222086477,"OPERATE_PROFIT":-72580000,"PRETAX_PROFIT":-78270000,"NETCASH_OPERATE":-6874000,"NETCASH_INVEST":-5325000,"NETCASH_FINANCE":9475000,"END_CASH":19271000,"DIVI_RATIO":null,"DIVIDEND_RATE":null,"CURRENT_RATIO":1.121574968441,"COMMON_ACS":50000000000,"CURRENTDEBT_DEBT":71.140848850796,"ISSUED_COMMON_SHARES":1105914286,"HK_COMMON_SHARES":1105914286,"PER_SHARES":2000,"TOTAL_MARKET_CAP":44236571.44,"HKSK_MARKET_CAP":44236571.44,"PE_TTM":-0.191987023084,"PB_TTM":1.405969982653,"REPORT_DATE_SQ":"2023-06-30 00:00:00","REPORT_TYPE_SQ":"2023年中报","OPERATE_INCOME_SQ":581872000,"DPS_HKD":null,"OPERATE_INCOME_QOQ_SQ":-1.914972796746,"NET_PROFIT_RATIO_SQ":-14.2417920092,"HOLDER_PROFIT_SQ":-82689000,"HOLDER_PROFIT_QOQ_SQ":-11.371753024111,"ROE_AVG_SQ":-29.891659948885,"PE_TTM_SQ":-0.180750577057,"PB_TTM_SQ":0.153975775845,"ROA_SQ":-11.223801424947,"START_DATE":"2024-01-01 00:00:00","FISCAL_YEAR":"12-31","CURRENCY":"HKD","IS_CNY_CODE":0,"DPS_HKD_LY":null,"ORG_TYPE":"一般企业","PREMIUM_INCOME":null,"PREMIUM_INCOME_YOY":null,"NET_INTEREST_INCOME":null,"NET_INTEREST_INCOME_YOY":null,"FEE_COMMISSION_INCOME":null,"FEE_COMMISSION_INCOME_YOY":null,"ACCOUNTS_RECE_TDAYS":9.04323294497,"INVENTORY_TDAYS":1.142102818074,"CURRENT_ASSETS_TDAYS":1.193966460719,"TOTAL_ASSETS_TDAYS":0.888535304128,"PREMIUM_EXPENSE":null,"LOAN_DEPOSIT":null,"LOAN_EQUITY":null,"LOAN_ASSETS":null,"DEPOSIT_EQUITY":null,"DEPOSIT_ASSETS":null,"EQUITY_MULTIPLIER":15.202671329037,"EQUITY_RATIO":17.255780749408},{"SECUCODE":"02122.HK","SECURITY_CODE":"02122","SECURITY_NAME_ABBR":"凯知乐国际","ORG_CODE":"10684555","STD_REPORT_DATE":"2023-12-31 00:00:00","REPORT_DATE":"2023-12-31 00:00:00","DATE_TYPE_CODE":"001","REPORT_TYPE":"2023年年报","PER_NETCASH_OPERATE":0.0616,"PER_OI":1.4446725,"BPS":0.096757950733,"BASIC_EPS":-0.2631,"DILUTED_EPS":-0.2631,"OPERATE_INCOME":1155738000,"OPERATE_INCOME_YOY":0.96285891,"GROSS_PROFIT":344554000,"GROSS_PROFIT_YOY":-15.356307607649,"HOLDER_PROFIT":-210495000,"HOLDER_PROFIT_YOY":-15.4757659709,"GROSS_PROFIT_RATIO":29.812466147172,"EPS_TTM":-0.26311875,"OPERATE_INCOME_QOQ":2.934017340654,"NET_PROFIT_RATIO":-18.2519740633,"ROE_AVG":-100.056803192387,"GROSS_PROFIT_QOQ":-5.995689302376,"ROA":-31.468476583085,"HOLDER_PROFIT_QOQ":-3.684967539184,"ROE_YEARLY":-100.056803192387,"ROIC_YEARLY":-32.780387985741,"TOTAL_ASSETS":580753000,"TOTAL_LIABILITIES":467468000,"TAX_EBT":-0.622975686776,"OCF_SALES":4.263942173745,"TOTAL_PARENT_EQUITY":107006000,"DEBT_ASSET_RATIO":80.4934283594,"OPERATE_PROFIT":-197103000,"PRETAX_PROFIT":-209639000,"NETCASH_OPERATE":49280000,"NETCASH_INVEST":-13828000,"NETCASH_FINANCE":-32160000,"END_CASH":21937000,"DIVI_RATIO":null,"DIVIDEND_RATE":null,"CURRENT_RATIO":1.239377925845,"COMMON_ACS":50000000000,"CURRENTDEBT_DEBT":74.484242771698,"ISSUED_COMMON_SHARES":1105914286,"HK_COMMON_SHARES":1105914286,"PER_SHARES":2000,"TOTAL_MARKET_CAP":44236571.44,"HKSK_MARKET_CAP":44236571.44,"PE_TTM":-0.191987023084,"PB_TTM":1.405969982653,"REPORT_DATE_SQ":"2022-12-31 00:00:00","REPORT_TYPE_SQ":"2022年年报","OPERATE_INCOME_SQ":1144716000,"DPS_HKD":null,"OPERATE_INCOME_QOQ_SQ":-13.249714107732,"NET_PROFIT_RATIO_SQ":-16.0942976249,"HOLDER_PROFIT_SQ":-182285000,"HOLDER_PROFIT_QOQ_SQ":-149.934871731589,"ROE_AVG_SQ":-46.40757246529,"PE_TTM_SQ":-0.184365588598,"PB_TTM_SQ":0.157055291362,"ROA_SQ":-21.906398023815,"START_DATE":"2023-01-01 00:00:00","FISCAL_YEAR":"12-31","CURRENCY":"HKD","IS_CNY_CODE":0,"DPS_HKD_LY":null,"ORG_TYPE":"一般企业","PREMIUM_INCOME":null,"PREMIUM_INCOME_YOY":null,"NET_INTEREST_INCOME":null,"NET_INTEREST_INCOME_YOY":null,"FEE_COMMISSION_INCOME":null,"FEE_COMMISSION_INCOME_YOY":null,"ACCOUNTS_RECE_TDAYS":20.170475666902,"INVENTORY_TDAYS":2.270370271893,"CURRENT_ASSETS_TDAYS":2.36588666144,"TOTAL_ASSETS_TDAYS":1.727799434152,"PREMIUM_EXPENSE":null,"LOAN_DEPOSIT":null,"LOAN_EQUITY":null,"LOAN_ASSETS":null,"DEPOSIT_EQUITY":null,"DEPOSIT_ASSETS":null,"EQUITY_MULTIPLIER":5.126477468335,"EQUITY_RATIO":4.368614844027},{"SECUCODE":"02122.HK","SECURITY_CODE":"02122","SECURITY_NAME_ABBR":"凯知乐国际","ORG_CODE":"10684555","STD_REPORT_DATE":"2023-06-30 00:00:00","REPORT_DATE":"2023-06-30 00:00:00","DATE_TYPE_CODE":"002","REPORT_TYPE":"2023年中报","PER_NETCASH_OPERATE":0.040855,"PER_OI":0.72734,"BPS":0.216574650524,"BASIC_EPS":-0.1034,"DILUTED_EPS":-0.1034,"OPERATE_INCOME":581872000,"OPERATE_INCOME_YOY":-3.6305488802,"GROSS_PROFIT":196851000,"GROSS_PROFIT_YOY":-17.075215367441,"HOLDER_PROFIT":-82689000,"HOLDER_PROFIT_YOY":-33.4554551323,"GROSS_PROFIT_RATIO":33.830636291143,"EPS_TTM":-0.2537675,"OPERATE_INCOME_QOQ":-1.914972796746,"NET_PROFIT_RATIO":-14.2417920092,"ROE_AVG":-29.891659948885,"GROSS_PROFIT_QOQ":-9.957647937425,"ROA":-11.223801424947,"HOLDER_PROFIT_QOQ":-11.371753024111,"ROE_YEARLY":-59.783319897769,"ROIC_YEARLY":-23.262860277672,"TOTAL_ASSETS":716396000,"TOTAL_LIABILITIES":470452000,"TAX_EBT":-0.99940279589,"OCF_SALES":5.61704292353,"TOTAL_PARENT_EQUITY":239513000,"DEBT_ASSET_RATIO":65.6692667184,"OPERATE_PROFIT":-76503000,"PRETAX_PROFIT":-82049000,"NETCASH_OPERATE":32684000,"NETCASH_INVEST":-9699000,"NETCASH_FINANCE":-21887000,"END_CASH":19882000,"DIVI_RATIO":null,"DIVIDEND_RATE":null,"CURRENT_RATIO":1.253856443302,"COMMON_ACS":50000000000,"CURRENTDEBT_DEBT":91.372764915443,"ISSUED_COMMON_SHARES":1105914286,"HK_COMMON_SHARES":1105914286,"PER_SHARES":2000,"TOTAL_MARKET_CAP":44236571.44,"HKSK_MARKET_CAP":44236571.44,"PE_TTM":-0.191987023084,"PB_TTM":1.405969982653,"REPORT_DATE_SQ":"2022-06-30 00:00:00","REPORT_TYPE_SQ":"2022年中报","OPERATE_INCOME_SQ":603793000,"DPS_HKD":null,"OPERATE_INCOME_QOQ_SQ":-10.222275139475,"NET_PROFIT_RATIO_SQ":-10.5372205375,"HOLDER_PROFIT_SQ":-61960000,"HOLDER_PROFIT_QOQ_SQ":-5538.70246085011,"ROE_AVG_SQ":-13.860088269704,"PE_TTM_SQ":-0.184365588598,"PB_TTM_SQ":0.157055291362,"ROA_SQ":-7.051329834602,"START_DATE":"2023-01-01 00:00:00","FISCAL_YEAR":"12-31","CURRENCY":"HKD","IS_CNY_CODE":0,"DPS_HKD_LY":null,"ORG_TYPE":"一般企业","PREMIUM_INCOME":null,"PREMIUM_INCOME_YOY":null,"NET_INTEREST_INCOME":null,"NET_INTEREST_INCOME_YOY":null,"FEE_COMMISSION_INCOME":null,"FEE_COMMISSION_INCOME_YOY":null,"ACCOUNTS_RECE_TDAYS":9.280255183413,"INVENTORY_TDAYS":0.958826261441,"CURRENT_ASSETS_TDAYS":1.073117113528,"TOTAL_ASSETS_TDAYS":0.789804663587,"PREMIUM_EXPENSE":null,"LOAN_DEPOSIT":null,"LOAN_EQUITY":null,"LOAN_ASSETS":null,"DEPOSIT_EQUITY":null,"DEPOSIT_ASSETS":null,"EQUITY_MULTIPLIER":2.91284194776,"EQUITY_RATIO":1.964202360623},{"SECUCODE":"02122.HK","SECURITY_CODE":"02122","SECURITY_NAME_ABBR":"凯知乐国际","ORG_CODE":"10684555","STD_REPORT_DATE":"2022-12-31 00:00:00","REPORT_DATE":"2022-12-31 00:00:00","DATE_TYPE_CODE":"001","REPORT_TYPE":"2022年年报","PER_NETCASH_OPERATE":0.108795,"PER_OI":1.430895,"BPS":0.283697393163,"BASIC_EPS":-0.2279,"DILUTED_EPS":-0.2279,"OPERATE_INCOME":1144716000,"OPERATE_INCOME_YOY":-22.1175670159,"GROSS_PROFIT":407064000,"GROSS_PROFIT_YOY":-33.572023042152,"HOLDER_PROFIT":-182285000,"HOLDER_PROFIT_YOY":-13693.2140193885,"GROSS_PROFIT_RATIO":35.560261235101,"EPS_TTM":-0.22785625,"OPERATE_INCOME_QOQ":-13.249714107732,"NET_PROFIT_RATIO":-16.0942976249,"ROE_AVG":-46.40757246529,"GROSS_PROFIT_QOQ":-23.593649697238,"ROA":-21.906398023815,"HOLDER_PROFIT_QOQ":-149.934871731589,"ROE_YEARLY":-46.40757246529,"ROIC_YEARLY":-22.649825142132,"TOTAL_ASSETS":757062000,"TOTAL_LIABILITIES":436482000,"TAX_EBT":-0.147856622563,"OCF_SALES":7.603283259778,"TOTAL_PARENT_EQUITY":313745000,"DEBT_ASSET_RATIO":57.654723127,"OPERATE_PROFIT":-173271000,"PRETAX_PROFIT":-183962000,"NETCASH_OPERATE":87036000,"NETCASH_INVEST":-27280000,"NETCASH_FINANCE":-62084000,"END_CASH":18490000,"DIVI_RATIO":null,"DIVIDEND_RATE":null,"CURRENT_RATIO":1.416323488936,"COMMON_ACS":50000000000,"CURRENTDEBT_DEBT":88.234108164827,"ISSUED_COMMON_SHARES":1105914286,"HK_COMMON_SHARES":1105914286,"PER_SHARES":2000,"TOTAL_MARKET_CAP":44236571.44,"HKSK_MARKET_CAP":44236571.44,"PE_TTM":-0.191987023084,"PB_TTM":1.405969982653,"REPORT_DATE_SQ":"2021-12-31 00:00:00","REPORT_TYPE_SQ":"2021年年报","OPERATE_INCOME_SQ":1469800000,"DPS_HKD":null,"OPERATE_INCOME_QOQ_SQ":-1.198882790469,"NET_PROFIT_RATIO_SQ":0.1411756702,"HOLDER_PROFIT_SQ":1341000,"HOLDER_PROFIT_QOQ_SQ":-92.072593993852,"ROE_AVG_SQ":0.282271814496,"PE_TTM_SQ":-0.184365588598,"PB_TTM_SQ":0.157055291362,"ROA_SQ":0.151327671805,"START_DATE":"2022-01-01 00:00:00","FISCAL_YEAR":"12-31","CURRENCY":"HKD","IS_CNY_CODE":0,"DPS_HKD_LY":null,"ORG_TYPE":"一般企业","PREMIUM_INCOME":null,"PREMIUM_INCOME_YOY":null,"NET_INTEREST_INCOME":null,"NET_INTEREST_INCOME_YOY":null,"FEE_COMMISSION_INCOME":null,"FEE_COMMISSION_INCOME_YOY":null,"ACCOUNTS_RECE_TDAYS":14.67048578404,"INVENTORY_TDAYS":1.666658005597,"CURRENT_ASSETS_TDAYS":1.877283741067,"TOTAL_ASSETS_TDAYS":1.375681176193,"PREMIUM_EXPENSE":null,"LOAN_DEPOSIT":null,"LOAN_EQUITY":null,"LOAN_ASSETS":null,"DEPOSIT_EQUITY":null,"DEPOSIT_ASSETS":null,"EQUITY_MULTIPLIER":2.361538461536,"EQUITY_RATIO":1.391199859759},{"SECUCODE":"02122.HK","SECURITY_CODE":"02122","SECURITY_NAME_ABBR":"凯知乐国际","ORG_CODE":"10684555","STD_REPORT_DATE":"2022-06-30 00:00:00","REPORT_DATE":"2022-06-30 00:00:00","DATE_TYPE_CODE":"002","REPORT_TYPE":"2022年中报","PER_NETCASH_OPERATE":0.06716,"PER_OI":0.75474125,"BPS":0.381801741188,"BASIC_EPS":-0.0775,"DILUTED_EPS":-0.0775,"OPERATE_INCOME":603793000,"OPERATE_INCOME_YOY":-19.9256007639,"GROSS_PROFIT":237385000,"GROSS_PROFIT_YOY":-25.212577934741,"HOLDER_PROFIT":-61960000,"HOLDER_PROFIT_YOY":-603.1671268475,"GROSS_PROFIT_RATIO":39.315626381889,"EPS_TTM":-0.09116625,"OPERATE_INCOME_QOQ":-10.222275139475,"NET_PROFIT_RATIO":-10.5372205375,"ROE_AVG":-13.860088269704,"GROSS_PROFIT_QOQ":-13.059612591589,"ROA":-7.051329834602,"HOLDER_PROFIT_QOQ":-5538.70246085011,"ROE_YEARLY":-27.720176539407,"ROIC_YEARLY":-14.720049415272,"TOTAL_ASSETS":850244000,"TOTAL_LIABILITIES":420608000,"TAX_EBT":-2.487153465745,"OCF_SALES":8.898413860379,"TOTAL_PARENT_EQUITY":422240000,"DEBT_ASSET_RATIO":49.4690935778,"OPERATE_PROFIT":-56984000,"PRETAX_PROFIT":-62079000,"NETCASH_OPERATE":53728000,"NETCASH_INVEST":-11008000,"NETCASH_FINANCE":-25653000,"END_CASH":37014000,"DIVI_RATIO":null,"DIVIDEND_RATE":null,"CURRENT_RATIO":1.752342029214,"COMMON_ACS":50000000000,"CURRENTDEBT_DEBT":84.409711655508,"ISSUED_COMMON_SHARES":1105914286,"HK_COMMON_SHARES":1105914286,"PER_SHARES":2000,"TOTAL_MARKET_CAP":44236571.44,"HKSK_MARKET_CAP":44236571.44,"PE_TTM":-0.191987023084,"PB_TTM":1.405969982653,"REPORT_DATE_SQ":"2021-06-30 00:00:00","REPORT_TYPE_SQ":"2021年中报","OPERATE_INCOME_SQ":754040000,"DPS_HKD":null,"OPERATE_INCOME_QOQ_SQ":8.208634956473,"NET_PROFIT_RATIO_SQ":1.5977932205,"HOLDER_PROFIT_SQ":12314000,"HOLDER_PROFIT_QOQ_SQ":113.30983366642,"ROE_AVG_SQ":2.549939067763,"PE_TTM_SQ":-0.184365588598,"PB_TTM_SQ":0.157055291362,"ROA_SQ":1.380385721068,"START_DATE":"2022-01-01 00:00:00","FISCAL_YEAR":"12-31","CURRENCY":"HKD","IS_CNY_CODE":0,"DPS_HKD_LY":null,"ORG_TYPE":"一般企业","PREMIUM_INCOME":null,"PREMIUM_INCOME_YOY":null,"NET_INTEREST_INCOME":null,"NET_INTEREST_INCOME_YOY":null,"FEE_COMMISSION_INCOME":null,"FEE_COMMISSION_INCOME_YOY":null,"ACCOUNTS_RECE_TDAYS":6.935127436454,"INVENTORY_TDAYS":0.80477318477,"CURRENT_ASSETS_TDAYS":0.931619019258,"TOTAL_ASSETS_TDAYS":0.687143898454,"PREMIUM_EXPENSE":null,"LOAN_DEPOSIT":null,"LOAN_EQUITY":null,"LOAN_ASSETS":null,"DEPOSIT_EQUITY":null,"DEPOSIT_ASSETS":null,"EQUITY_MULTIPLIER":1.978986863297,"EQUITY_RATIO":0.996134899583},{"SECUCODE":"02122.HK","SECURITY_CODE":"02122","SECURITY_NAME_ABBR":"凯知乐国际","ORG_CODE":"10684555","STD_REPORT_DATE":"2021-12-31 00:00:00","REPORT_DATE":"2021-12-31 00:00:00","DATE_TYPE_CODE":"001","REPORT_TYPE":"2021年年报","PER_NETCASH_OPERATE":0.1069,"PER_OI":1.83725,"BPS":0.426649701494,"BASIC_EPS":0.0017,"DILUTED_EPS":0.0017,"OPERATE_INCOME":1469800000,"OPERATE_INCOME_YOY":6.9113402542,"GROSS_PROFIT":612790000,"GROSS_PROFIT_YOY":21.754178910831,"HOLDER_PROFIT":1341000,"HOLDER_PROFIT_YOY":101.0551245535,"GROSS_PROFIT_RATIO":41.692066947884,"EPS_TTM":0.00167625,"OPERATE_INCOME_QOQ":-1.198882790469,"NET_PROFIT_RATIO":0.1411756702,"ROE_AVG":0.282271814496,"GROSS_PROFIT_QOQ":1.069260292228,"ROA":0.151327671805,"HOLDER_PROFIT_QOQ":-92.072593993852,"ROE_YEARLY":0.282271814496,"ROIC_YEARLY":0.159049356894,"TOTAL_ASSETS":907155000,"TOTAL_LIABILITIES":426002000,"TAX_EBT":66.055946343857,"OCF_SALES":5.818478704586,"TOTAL_PARENT_EQUITY":471838000,"DEBT_ASSET_RATIO":46.9602217923,"OPERATE_PROFIT":15987000,"PRETAX_PROFIT":6113000,"NETCASH_OPERATE":85520000,"NETCASH_INVEST":-29414000,"NETCASH_FINANCE":-84078000,"END_CASH":19984000,"DIVI_RATIO":null,"DIVIDEND_RATE":null,"CURRENT_RATIO":1.924095941907,"COMMON_ACS":50000000000,"CURRENTDEBT_DEBT":82.238346298844,"ISSUED_COMMON_SHARES":1105914286,"HK_COMMON_SHARES":1105914286,"PER_SHARES":2000,"TOTAL_MARKET_CAP":44236571.44,"HKSK_MARKET_CAP":44236571.44,"PE_TTM":-0.191987023084,"PB_TTM":1.405969982653,"REPORT_DATE_SQ":"2020-12-31 00:00:00","REPORT_TYPE_SQ":"2020年年报","OPERATE_INCOME_SQ":1374784000,"DPS_HKD":null,"OPERATE_INCOME_QOQ_SQ":-8.425022614247,"NET_PROFIT_RATIO_SQ":-9.4631593036,"HOLDER_PROFIT_SQ":-127094000,"HOLDER_PROFIT_QOQ_SQ":39.305635148042,"ROE_AVG_SQ":-23.117541239748,"PE_TTM_SQ":-0.184365588598,"PB_TTM_SQ":0.157055291362,"ROA_SQ":-12.399317858983,"START_DATE":"2021-01-01 00:00:00","FISCAL_YEAR":"12-31","CURRENCY":"HKD","IS_CNY_CODE":0,"DPS_HKD_LY":null,"ORG_TYPE":"一般企业","PREMIUM_INCOME":null,"PREMIUM_INCOME_YOY":null,"NET_INTEREST_INCOME":null,"NET_INTEREST_INCOME_YOY":null,"FEE_COMMISSION_INCOME":null,"FEE_COMMISSION_INCOME_YOY":null,"ACCOUNTS_RECE_TDAYS":15.251238683234,"INVENTORY_TDAYS":1.921725900504,"CURRENT_ASSETS_TDAYS":2.203267875881,"TOTAL_ASSETS_TDAYS":1.65862350499,"PREMIUM_EXPENSE":null,"LOAN_DEPOSIT":null,"LOAN_EQUITY":null,"LOAN_ASSETS":null,"DEPOSIT_EQUITY":null,"DEPOSIT_ASSETS":null,"EQUITY_MULTIPLIER":1.885377416331,"EQUITY_RATIO":0.90285648888},{"SECUCODE":"02122.HK","SECURITY_CODE":"02122","SECURITY_NAME_ABBR":"凯知乐国际","ORG_CODE":"10684555","STD_REPORT_DATE":"2021-06-30 00:00:00","REPORT_DATE":"2021-06-30 00:00:00","DATE_TYPE_CODE":"002","REPORT_TYPE":"2021年中报","PER_NETCASH_OPERATE":0.1351425,"PER_OI":0.94255,"BPS":0.440827111261,"BASIC_EPS":0.0154,"DILUTED_EPS":0.0154,"OPERATE_INCOME":754040000,"OPERATE_INCOME_YOY":17.600270747,"GROSS_PROFIT":317413000,"GROSS_PROFIT_YOY":48.042274739164,"HOLDER_PROFIT":12314000,"HOLDER_PROFIT_YOY":109.3503219536,"GROSS_PROFIT_RATIO":42.094981698584,"EPS_TTM":0.021145,"OPERATE_INCOME_QOQ":8.208634956473,"NET_PROFIT_RATIO":1.5977932205,"ROE_AVG":2.549939067763,"GROSS_PROFIT_QOQ":20.466082920558,"ROA":1.380385721068,"HOLDER_PROFIT_QOQ":113.30983366642,"ROE_YEARLY":5.099878135525,"ROIC_YEARLY":3.026041676266,"TOTAL_ASSETS":918981000,"TOTAL_LIABILITIES":423252000,"TAX_EBT":13.89980704638,"OCF_SALES":14.337966155642,"TOTAL_PARENT_EQUITY":487517000,"DEBT_ASSET_RATIO":46.0566649365,"OPERATE_PROFIT":18543000,"PRETAX_PROFIT":13993000,"NETCASH_OPERATE":106246000,"NETCASH_INVEST":-10952000,"NETCASH_FINANCE":-53128000,"END_CASH":91445000,"DIVI_RATIO":null,"DIVIDEND_RATE":null,"CURRENT_RATIO":2.016187471936,"COMMON_ACS":50000000000,"CURRENTDEBT_DEBT":83.6619791519,"ISSUED_COMMON_SHARES":1105914286,"HK_COMMON_SHARES":1105914286,"PER_SHARES":2000,"TOTAL_MARKET_CAP":44236571.44,"HKSK_MARKET_CAP":44236571.44,"PE_TTM":-0.191987023084,"PB_TTM":1.405969982653,"REPORT_DATE_SQ":"2020-06-30 00:00:00","REPORT_TYPE_SQ":"2020年中报","OPERATE_INCOME_SQ":641189000,"DPS_HKD":null,"OPERATE_INCOME_QOQ_SQ":-12.208771602552,"NET_PROFIT_RATIO_SQ":-21.1502380733,"HOLDER_PROFIT_SQ":-131696000,"HOLDER_PROFIT_QOQ_SQ":-154.719735305566,"ROE_AVG_SQ":-23.563997341142,"PE_TTM_SQ":-0.184365588598,"PB_TTM_SQ":0.157055291362,"ROA_SQ":-11.795405742486,"START_DATE":"2021-01-01 00:00:00","FISCAL_YEAR":"12-31","CURRENCY":"HKD","IS_CNY_CODE":0,"DPS_HKD_LY":null,"ORG_TYPE":"一般企业","PREMIUM_INCOME":null,"PREMIUM_INCOME_YOY":null,"NET_INTEREST_INCOME":null,"NET_INTEREST_INCOME_YOY":null,"FEE_COMMISSION_INCOME":null,"FEE_COMMISSION_INCOME_YOY":null,"ACCOUNTS_RECE_TDAYS":7.888066532416,"INVENTORY_TDAYS":1.035531032585,"CURRENT_ASSETS_TDAYS":1.097542159976,"TOTAL_ASSETS_TDAYS":0.845270463792,"PREMIUM_EXPENSE":null,"LOAN_DEPOSIT":null,"LOAN_EQUITY":null,"LOAN_ASSETS":null,"DEPOSIT_EQUITY":null,"DEPOSIT_ASSETS":null,"EQUITY_MULTIPLIER":1.853797135129,"EQUITY_RATIO":0.868178955811},{"SECUCODE":"02122.HK","SECURITY_CODE":"02122","SECURITY_NAME_ABBR":"凯知乐国际","ORG_CODE":"10684555","STD_REPORT_DATE":"2020-12-31 00:00:00","REPORT_DATE":"2020-12-31 00:00:00","DATE_TYPE_CODE":"001","REPORT_TYPE":"2020年年报","PER_NETCASH_OPERATE":0.16147375,"PER_OI":1.71848,"BPS":0.432501872934,"BASIC_EPS":-0.1589,"DILUTED_EPS":-0.1589,"OPERATE_INCOME":1374784000,"OPERATE_INCOME_YOY":-19.6052024484,"GROSS_PROFIT":503301000,"GROSS_PROFIT_YOY":-25.854301708898,"HOLDER_PROFIT":-127094000,"HOLDER_PROFIT_YOY":-54.6005254963,"GROSS_PROFIT_RATIO":36.609460104278,"EPS_TTM":-0.1588675,"OPERATE_INCOME_QOQ":-8.425022614247,"NET_PROFIT_RATIO":-9.4631593036,"ROE_AVG":-23.117541239748,"GROSS_PROFIT_QOQ":-5.33992360253,"ROA":-12.399317858983,"HOLDER_PROFIT_QOQ":39.305635148042,"ROE_YEARLY":-23.117541239748,"ROIC_YEARLY":-13.024962273481,"TOTAL_ASSETS":865158000,"TOTAL_LIABILITIES":378437000,"TAX_EBT":1.175880771159,"OCF_SALES":9.396312438899,"TOTAL_PARENT_EQUITY":478310000,"DEBT_ASSET_RATIO":43.741952337,"OPERATE_PROFIT":-120898000,"PRETAX_PROFIT":-131646000,"NETCASH_OPERATE":129179000,"NETCASH_INVEST":-32474000,"NETCASH_FINANCE":-78263000,"END_CASH":48334000,"DIVI_RATIO":null,"DIVIDEND_RATE":null,"CURRENT_RATIO":2.100313399831,"COMMON_ACS":50000000000,"CURRENTDEBT_DEBT":83.050811627827,"ISSUED_COMMON_SHARES":1105914286,"HK_COMMON_SHARES":1105914286,"PER_SHARES":2000,"TOTAL_MARKET_CAP":44236571.44,"HKSK_MARKET_CAP":44236571.44,"PE_TTM":-0.191987023084,"PB_TTM":1.405969982653,"REPORT_DATE_SQ":"2019-12-31 00:00:00","REPORT_TYPE_SQ":"2019年年报","OPERATE_INCOME_SQ":1710041000,"DPS_HKD":null,"OPERATE_INCOME_QOQ_SQ":-2.358034936168,"NET_PROFIT_RATIO_SQ":-4.6479587332,"HOLDER_PROFIT_SQ":-82208000,"HOLDER_PROFIT_QOQ_SQ":-117.481011998662,"ROE_AVG_SQ":-12.519007013464,"PE_TTM_SQ":-0.184365588598,"PB_TTM_SQ":0.157055291362,"ROA_SQ":-6.959469269356,"START_DATE":"2020-01-01 00:00:00","FISCAL_YEAR":"12-31","CURRENCY":"HKD","IS_CNY_CODE":0,"DPS_HKD_LY":null,"ORG_TYPE":"一般企业","PREMIUM_INCOME":null,"PREMIUM_INCOME_YOY":null,"NET_INTEREST_INCOME":null,"NET_INTEREST_INCOME_YOY":null,"FEE_COMMISSION_INCOME":null,"FEE_COMMISSION_INCOME_YOY":null,"ACCOUNTS_RECE_TDAYS":12.037071248769,"INVENTORY_TDAYS":1.749544286517,"CURRENT_ASSETS_TDAYS":1.781604473502,"TOTAL_ASSETS_TDAYS":1.341242214695,"PREMIUM_EXPENSE":null,"LOAN_DEPOSIT":null,"LOAN_EQUITY":null,"LOAN_ASSETS":null,"DEPOSIT_EQUITY":null,"DEPOSIT_ASSETS":null,"EQUITY_MULTIPLIER":1.777523468269,"EQUITY_RATIO":0.79119608622},{"SECUCODE":"02122.HK","SECURITY_CODE":"02122","SECURITY_NAME_ABBR":"凯知乐国际","ORG_CODE":"10684555","STD_REPORT_DATE":"2020-06-30 00:00:00","REPORT_DATE":"2020-06-30 00:00:00","DATE_TYPE_CODE":"002","REPORT_TYPE":"2020年中报","PER_NETCASH_OPERATE":0.1679725,"PER_OI":0.80148625,"BPS":0.448983258726,"BASIC_EPS":-0.1646,"DILUTED_EPS":-0.1646,"OPERATE_INCOME":641189000,"OPERATE_INCOME_YOY":-24.5628050129,"GROSS_PROFIT":214407000,"GROSS_PROFIT_YOY":-40.691923410988,"HOLDER_PROFIT":-131696000,"HOLDER_PROFIT_YOY":-2823.9786856128,"GROSS_PROFIT_RATIO":33.43897041278,"EPS_TTM":-0.26175,"OPERATE_INCOME_QOQ":-12.208771602552,"NET_PROFIT_RATIO":-21.1502380733,"ROE_AVG":-23.563997341142,"GROSS_PROFIT_QOQ":-21.671626399529,"ROA":-11.795405742486,"HOLDER_PROFIT_QOQ":-154.719735305566,"ROE_YEARLY":-47.127994682283,"ROIC_YEARLY":-25.424576292455,"TOTAL_ASSETS":1048147000,"TOTAL_LIABILITIES":544614000,"TAX_EBT":1.102643573382,"OCF_SALES":20.957627158295,"TOTAL_PARENT_EQUITY":496537000,"DEBT_ASSET_RATIO":51.959696493,"OPERATE_PROFIT":-131097000,"PRETAX_PROFIT":-137125000,"NETCASH_OPERATE":134378000,"NETCASH_INVEST":-24424000,"NETCASH_FINANCE":-28885000,"END_CASH":112335000,"DIVI_RATIO":null,"DIVIDEND_RATE":null,"CURRENT_RATIO":1.734174096288,"COMMON_ACS":50000000000,"CURRENTDEBT_DEBT":84.954665138979,"ISSUED_COMMON_SHARES":1105914286,"HK_COMMON_SHARES":1105914286,"PER_SHARES":2000,"TOTAL_MARKET_CAP":44236571.44,"HKSK_MARKET_CAP":44236571.44,"PE_TTM":-0.191987023084,"PB_TTM":1.405969982653,"REPORT_DATE_SQ":"2019-06-30 00:00:00","REPORT_TYPE_SQ":"2019年中报","OPERATE_INCOME_SQ":849964000,"DPS_HKD":null,"OPERATE_INCOME_QOQ_SQ":2.270719034925,"NET_PROFIT_RATIO_SQ":-0.2278920048,"HOLDER_PROFIT_SQ":-4504000,"HOLDER_PROFIT_QOQ_SQ":55.783731802308,"ROE_AVG_SQ":-0.654240835871,"PE_TTM_SQ":-0.184365588598,"PB_TTM_SQ":0.157055291362,"ROA_SQ":-0.37059496784,"START_DATE":"2020-01-01 00:00:00","FISCAL_YEAR":"12-31","CURRENCY":"HKD","IS_CNY_CODE":0,"DPS_HKD_LY":null,"ORG_TYPE":"一般企业","PREMIUM_INCOME":null,"PREMIUM_INCOME_YOY":null,"NET_INTEREST_INCOME":null,"NET_INTEREST_INCOME_YOY":null,"FEE_COMMISSION_INCOME":null,"FEE_COMMISSION_INCOME_YOY":null,"ACCOUNTS_RECE_TDAYS":5.221111174444,"INVENTORY_TDAYS":0.812698279703,"CURRENT_ASSETS_TDAYS":0.760806406926,"TOTAL_ASSETS_TDAYS":0.574283532728,"PREMIUM_EXPENSE":null,"LOAN_DEPOSIT":null,"LOAN_EQUITY":null,"LOAN_ASSETS":null,"DEPOSIT_EQUITY":null,"DEPOSIT_ASSETS":null,"EQUITY_MULTIPLIER":2.081585516741,"EQUITY_RATIO":1.09682460723}],"count":18},"success":true,"message":"ok","code":0}