{"version":"d4b5121c39037e7d107ac8f759b2df40","result":{"pages":2,"data":[{"SECUCODE":"02129.HK","SECURITY_CODE":"02129","SECURITY_NAME_ABBR":"LEGION CONSO","ORG_CODE":"10950045","STD_REPORT_DATE":"2024-06-30 00:00:00","REPORT_DATE":"2024-06-30 00:00:00","DATE_TYPE_CODE":"002","REPORT_TYPE":"2024年中报","PER_NETCASH_OPERATE":0.034644978968,"PER_OI":0.132791319221,"BPS":0.219277138212,"BASIC_EPS":0.0137254,"DILUTED_EPS":0.0137254,"OPERATE_INCOME":165989149.026,"OPERATE_INCOME_YOY":-1.0612616785,"GROSS_PROFIT":54226716.803,"GROSS_PROFIT_YOY":-5.189506112241,"HOLDER_PROFIT":17263280.22,"HOLDER_PROFIT_YOY":7.1879143265,"GROSS_PROFIT_RATIO":32.668832343075,"EPS_TTM":0.015508943328,"OPERATE_INCOME_QOQ":-1.184602235107,"NET_PROFIT_RATIO":10.3677051138,"ROE_AVG":6.503039705434,"GROSS_PROFIT_QOQ":-2.87978275581,"ROA":4.586170054703,"HOLDER_PROFIT_QOQ":5.202788222591,"ROE_YEARLY":13.006079410869,"ROIC_YEARLY":15.703889731819,"TOTAL_ASSETS":375584073.338,"TOTAL_LIABILITIES":96567559.225,"TAX_EBT":12.961425276726,"OCF_SALES":26.089791991895,"TOTAL_PARENT_EQUITY":274096422.765,"DEBT_ASSET_RATIO":25.7113030291,"OPERATE_PROFIT":21438124.58,"PRETAX_PROFIT":19771998.274,"NETCASH_OPERATE":43306223.71,"NETCASH_INVEST":19647229.109,"NETCASH_FINANCE":-21731209.381,"END_CASH":161553173.652,"DIVI_RATIO":null,"DIVIDEND_RATE":null,"CURRENT_RATIO":3.99392490506,"COMMON_ACS":2000000000,"CURRENTDEBT_DEBT":65.117227976619,"ISSUED_COMMON_SHARES":1250000000,"HK_COMMON_SHARES":1250000000,"PER_SHARES":5000,"TOTAL_MARKET_CAP":130000000,"HKSK_MARKET_CAP":130000000,"PE_TTM":6.028268556868,"PB_TTM":0.432871027177,"REPORT_DATE_SQ":"2023-06-30 00:00:00","REPORT_TYPE_SQ":"2023年中报","OPERATE_INCOME_SQ":169841716.8498,"DPS_HKD":null,"OPERATE_INCOME_QOQ_SQ":13.992834876299,"NET_PROFIT_RATIO_SQ":9.6260988908,"HOLDER_PROFIT_SQ":16304539.617,"HOLDER_PROFIT_QOQ_SQ":13.089392501025,"ROE_AVG_SQ":6.543757826614,"PE_TTM_SQ":4.508942476633,"PB_TTM_SQ":0.460104751066,"ROA_SQ":4.544435368468,"START_DATE":"2024-01-01 00:00:00","FISCAL_YEAR":"12-31","CURRENCY":"HKD","IS_CNY_CODE":0,"DPS_HKD_LY":null,"ORG_TYPE":"一般企业","PREMIUM_INCOME":null,"PREMIUM_INCOME_YOY":null,"NET_INTEREST_INCOME":null,"NET_INTEREST_INCOME_YOY":null,"FEE_COMMISSION_INCOME":null,"FEE_COMMISSION_INCOME_YOY":null,"ACCOUNTS_RECE_TDAYS":2.321145226387,"INVENTORY_TDAYS":null,"CURRENT_ASSETS_TDAYS":0.703926207248,"TOTAL_ASSETS_TDAYS":0.440967449388,"PREMIUM_EXPENSE":null,"LOAN_DEPOSIT":null,"LOAN_EQUITY":null,"LOAN_ASSETS":null,"DEPOSIT_EQUITY":null,"DEPOSIT_ASSETS":null,"EQUITY_MULTIPLIER":1.346099798186,"EQUITY_RATIO":0.352312366031},{"SECUCODE":"02129.HK","SECURITY_CODE":"02129","SECURITY_NAME_ABBR":"LEGION CONSO","ORG_CODE":"10950045","STD_REPORT_DATE":"2023-12-31 00:00:00","REPORT_DATE":"2023-12-31 00:00:00","DATE_TYPE_CODE":"001","REPORT_TYPE":"2023年年报","PER_NETCASH_OPERATE":0.060235729937,"PER_OI":0.260176299495,"BPS":0.209288603765,"BASIC_EPS":0.01451844,"DILUTED_EPS":0.01451844,"OPERATE_INCOME":325220374.3692,"OPERATE_INCOME_YOY":6.0407391708,"GROSS_PROFIT":103067846.6496,"GROSS_PROFIT_YOY":9.497646538733,"HOLDER_PROFIT":18427438.5576,"HOLDER_PROFIT_YOY":-24.5031732408,"GROSS_PROFIT_RATIO":31.691694239486,"EPS_TTM":0.014741950846,"OPERATE_INCOME_QOQ":-3.492338079043,"NET_PROFIT_RATIO":5.6924049708,"ROE_AVG":7.30097266254,"GROSS_PROFIT_QOQ":-10.224492593299,"ROA":5.023206523811,"HOLDER_PROFIT_QOQ":-30.741444583194,"ROE_YEARLY":7.30097266254,"ROIC_YEARLY":8.252000249658,"TOTAL_ASSETS":384274483.9644,"TOTAL_LIABILITIES":117597094.8216,"TAX_EBT":23.335943844542,"OCF_SALES":23.151889720207,"TOTAL_PARENT_EQUITY":261610754.706,"DEBT_ASSET_RATIO":30.602368809,"OPERATE_PROFIT":28198359.432,"PRETAX_PROFIT":24148031.9268,"NETCASH_OPERATE":75294662.4216,"NETCASH_INVEST":37828731.0528,"NETCASH_FINANCE":-46044640.968,"END_CASH":122569327.1352,"DIVI_RATIO":null,"DIVIDEND_RATE":null,"CURRENT_RATIO":3.440155796952,"COMMON_ACS":2000000000,"CURRENTDEBT_DEBT":55.509287833538,"ISSUED_COMMON_SHARES":1250000000,"HK_COMMON_SHARES":1250000000,"PER_SHARES":5000,"TOTAL_MARKET_CAP":126250000,"HKSK_MARKET_CAP":126250000,"PE_TTM":5.854376194651,"PB_TTM":0.420384362931,"REPORT_DATE_SQ":"2022-12-31 00:00:00","REPORT_TYPE_SQ":"2022年年报","OPERATE_INCOME_SQ":295623120.5577,"DPS_HKD":null,"OPERATE_INCOME_QOQ_SQ":22.366954428665,"NET_PROFIT_RATIO_SQ":8.0047139378,"HOLDER_PROFIT_SQ":23527168.9848,"HOLDER_PROFIT_QOQ_SQ":10.753589853747,"ROE_AVG_SQ":10.567284455492,"PE_TTM_SQ":4.377614054983,"PB_TTM_SQ":0.446703641812,"ROA_SQ":7.826845555316,"START_DATE":"2023-01-01 00:00:00","FISCAL_YEAR":"12-31","CURRENCY":"HKD","IS_CNY_CODE":0,"DPS_HKD_LY":null,"ORG_TYPE":"一般企业","PREMIUM_INCOME":null,"PREMIUM_INCOME_YOY":null,"NET_INTEREST_INCOME":null,"NET_INTEREST_INCOME_YOY":null,"FEE_COMMISSION_INCOME":null,"FEE_COMMISSION_INCOME_YOY":null,"ACCOUNTS_RECE_TDAYS":4.5566036588,"INVENTORY_TDAYS":null,"CURRENT_ASSETS_TDAYS":1.443338112971,"TOTAL_ASSETS_TDAYS":0.886530757436,"PREMIUM_EXPENSE":null,"LOAN_DEPOSIT":null,"LOAN_EQUITY":null,"LOAN_ASSETS":null,"DEPOSIT_EQUITY":null,"DEPOSIT_ASSETS":null,"EQUITY_MULTIPLIER":1.440971374437,"EQUITY_RATIO":0.449511698989},{"SECUCODE":"02129.HK","SECURITY_CODE":"02129","SECURITY_NAME_ABBR":"LEGION CONSO","ORG_CODE":"10950045","STD_REPORT_DATE":"2023-06-30 00:00:00","REPORT_DATE":"2023-06-30 00:00:00","DATE_TYPE_CODE":"002","REPORT_TYPE":"2023年中报","PER_NETCASH_OPERATE":0.031684427888,"PER_OI":0.13587337348,"BPS":0.206396347332,"BASIC_EPS":0.01282608,"DILUTED_EPS":0.01282608,"OPERATE_INCOME":169841716.8498,"OPERATE_INCOME_YOY":19.1564213851,"GROSS_PROFIT":57194846.8776,"GROSS_PROFIT_YOY":56.627151433902,"HOLDER_PROFIT":16304539.617,"HOLDER_PROFIT_YOY":11.0533963859,"GROSS_PROFIT_RATIO":33.675381960594,"EPS_TTM":0.021285385982,"OPERATE_INCOME_QOQ":13.992834876299,"NET_PROFIT_RATIO":9.6260988908,"ROE_AVG":6.543757826614,"GROSS_PROFIT_QOQ":21.968284782492,"ROA":4.544435368468,"HOLDER_PROFIT_QOQ":13.089392501025,"ROE_YEARLY":13.087515653229,"ROIC_YEARLY":15.347448643168,"TOTAL_ASSETS":372249737.9568,"TOTAL_LIABILITIES":109259069.364,"TAX_EBT":13.635482065107,"OCF_SALES":23.319085319083,"TOTAL_PARENT_EQUITY":257995434.1644,"DEBT_ASSET_RATIO":29.3510131031,"OPERATE_PROFIT":20815284.906,"PRETAX_PROFIT":18930380.2218,"NETCASH_OPERATE":68677908.0408,"NETCASH_INVEST":-21677454.0036,"NETCASH_FINANCE":-18801510.183,"END_CASH":83348971.551,"DIVI_RATIO":null,"DIVIDEND_RATE":null,"CURRENT_RATIO":4.172031985466,"COMMON_ACS":2000000000,"CURRENTDEBT_DEBT":49.044208639815,"ISSUED_COMMON_SHARES":1250000000,"HK_COMMON_SHARES":1250000000,"PER_SHARES":5000,"TOTAL_MARKET_CAP":126250000,"HKSK_MARKET_CAP":126250000,"PE_TTM":5.854376194651,"PB_TTM":0.420384362931,"REPORT_DATE_SQ":"2022-06-30 00:00:00","REPORT_TYPE_SQ":"2022年中报","OPERATE_INCOME_SQ":128475661.734,"DPS_HKD":null,"OPERATE_INCOME_QOQ_SQ":11.839705978389,"NET_PROFIT_RATIO_SQ":10.328468404,"HOLDER_PROFIT_SQ":13269568.129,"HOLDER_PROFIT_QOQ_SQ":57.634546705828,"ROE_AVG_SQ":6.549065055482,"PE_TTM_SQ":4.377614054983,"PB_TTM_SQ":0.446703641812,"ROA_SQ":5.334480217297,"START_DATE":"2023-01-01 00:00:00","FISCAL_YEAR":"12-31","CURRENCY":"HKD","IS_CNY_CODE":0,"DPS_HKD_LY":null,"ORG_TYPE":"一般企业","PREMIUM_INCOME":null,"PREMIUM_INCOME_YOY":null,"NET_INTEREST_INCOME":null,"NET_INTEREST_INCOME_YOY":null,"FEE_COMMISSION_INCOME":null,"FEE_COMMISSION_INCOME_YOY":null,"ACCOUNTS_RECE_TDAYS":2.315790068135,"INVENTORY_TDAYS":null,"CURRENT_ASSETS_TDAYS":0.75778547146,"TOTAL_ASSETS_TDAYS":0.472095229856,"PREMIUM_EXPENSE":null,"LOAN_DEPOSIT":null,"LOAN_EQUITY":null,"LOAN_ASSETS":null,"DEPOSIT_EQUITY":null,"DEPOSIT_ASSETS":null,"EQUITY_MULTIPLIER":1.415448464193,"EQUITY_RATIO":0.423492259535},{"SECUCODE":"02129.HK","SECURITY_CODE":"02129","SECURITY_NAME_ABBR":"LEGION CONSO","ORG_CODE":"10950045","STD_REPORT_DATE":"2022-12-31 00:00:00","REPORT_DATE":"2022-12-31 00:00:00","DATE_TYPE_CODE":"001","REPORT_TYPE":"2022年年报","PER_NETCASH_OPERATE":0.027560831557,"PER_OI":0.236498496446,"BPS":0.187524130913,"BASIC_EPS":0.01865916,"DILUTED_EPS":0.01865916,"OPERATE_INCOME":295623120.5577,"OPERATE_INCOME_YOY":24.571677046,"GROSS_PROFIT":94127910.4233,"GROSS_PROFIT_YOY":49.297976190845,"HOLDER_PROFIT":23527168.9848,"HOLDER_PROFIT_YOY":58.916268023,"GROSS_PROFIT_RATIO":31.840510392328,"EPS_TTM":0.018821735188,"OPERATE_INCOME_QOQ":22.366954428665,"NET_PROFIT_RATIO":8.0047139378,"ROE_AVG":10.567284455492,"GROSS_PROFIT_QOQ":38.493541676258,"ROA":7.826845555316,"HOLDER_PROFIT_QOQ":10.753589853747,"ROE_YEARLY":10.567284455492,"ROIC_YEARLY":13.656953704988,"TOTAL_ASSETS":336804887.016,"TOTAL_LIABILITIES":97598317.2255,"TAX_EBT":17.777268314171,"OCF_SALES":11.653702653976,"TOTAL_PARENT_EQUITY":234405163.6407,"DEBT_ASSET_RATIO":28.9777022211,"OPERATE_PROFIT":29661461.1306,"PRETAX_PROFIT":28780100.8911,"NETCASH_OPERATE":34451039.4462,"NETCASH_INVEST":-85130256.1473,"NETCASH_FINANCE":-19751337.6489,"END_CASH":53487539.4924,"DIVI_RATIO":null,"DIVIDEND_RATE":null,"CURRENT_RATIO":3.596898402483,"COMMON_ACS":2000000000,"CURRENTDEBT_DEBT":62.077885386194,"ISSUED_COMMON_SHARES":1250000000,"HK_COMMON_SHARES":1250000000,"PER_SHARES":5000,"TOTAL_MARKET_CAP":126250000,"HKSK_MARKET_CAP":126250000,"PE_TTM":5.854376194651,"PB_TTM":0.420384362931,"REPORT_DATE_SQ":"2021-12-31 00:00:00","REPORT_TYPE_SQ":"2021年年报","OPERATE_INCOME_SQ":216012174.7498,"DPS_HKD":null,"OPERATE_INCOME_QOQ_SQ":7.079511988048,"NET_PROFIT_RATIO_SQ":6.2385294331,"HOLDER_PROFIT_SQ":13475983.1008,"HOLDER_PROFIT_QOQ_SQ":8.656316356475,"ROE_AVG_SQ":8.686440694074,"PE_TTM_SQ":4.377614054983,"PB_TTM_SQ":0.446703641812,"ROA_SQ":6.430835315358,"START_DATE":"2022-01-01 00:00:00","FISCAL_YEAR":"12-31","CURRENCY":"HKD","IS_CNY_CODE":0,"DPS_HKD_LY":null,"ORG_TYPE":"一般企业","PREMIUM_INCOME":null,"PREMIUM_INCOME_YOY":null,"NET_INTEREST_INCOME":null,"NET_INTEREST_INCOME_YOY":null,"FEE_COMMISSION_INCOME":null,"FEE_COMMISSION_INCOME_YOY":null,"ACCOUNTS_RECE_TDAYS":4.537839919004,"INVENTORY_TDAYS":null,"CURRENT_ASSETS_TDAYS":1.442829133665,"TOTAL_ASSETS_TDAYS":0.983457256876,"PREMIUM_EXPENSE":null,"LOAN_DEPOSIT":null,"LOAN_EQUITY":null,"LOAN_ASSETS":null,"DEPOSIT_EQUITY":null,"DEPOSIT_ASSETS":null,"EQUITY_MULTIPLIER":1.408008514612,"EQUITY_RATIO":0.416365901287},{"SECUCODE":"02129.HK","SECURITY_CODE":"02129","SECURITY_NAME_ABBR":"LEGION CONSO","ORG_CODE":"10950045","STD_REPORT_DATE":"2022-06-30 00:00:00","REPORT_DATE":"2022-06-30 00:00:00","DATE_TYPE_CODE":"002","REPORT_TYPE":"2022年中报","PER_NETCASH_OPERATE":0.013388192534,"PER_OI":0.102780529387,"BPS":0.167402025634,"BASIC_EPS":0.0105974,"DILUTED_EPS":0.0105974,"OPERATE_INCOME":128475661.734,"OPERATE_INCOME_YOY":24.483668862,"GROSS_PROFIT":36516559.456,"GROSS_PROFIT_YOY":15.566009133096,"HOLDER_PROFIT":13269568.129,"HOLDER_PROFIT_YOY":140.4285885102,"GROSS_PROFIT_RATIO":28.422939382562,"EPS_TTM":0.0169942439,"OPERATE_INCOME_QOQ":11.839705978389,"NET_PROFIT_RATIO":10.328468404,"ROE_AVG":6.549065055482,"GROSS_PROFIT_QOQ":7.801399533737,"ROA":5.334480217297,"HOLDER_PROFIT_QOQ":57.634546705828,"ROE_YEARLY":13.098130110965,"ROIC_YEARLY":21.012523515488,"TOTAL_ASSETS":251789643.033,"TOTAL_LIABILITIES":42537110.991,"TAX_EBT":13.433945994594,"OCF_SALES":13.026000755419,"TOTAL_PARENT_EQUITY":209252532.042,"DEBT_ASSET_RATIO":16.8939081364,"OPERATE_PROFIT":15691955.54,"PRETAX_PROFIT":15328835.629,"NETCASH_OPERATE":16735240.668,"NETCASH_INVEST":4124546.616,"NETCASH_FINANCE":-6291676.38,"END_CASH":129733447.872,"DIVI_RATIO":null,"DIVIDEND_RATE":null,"CURRENT_RATIO":5.361353458973,"COMMON_ACS":2000000000,"CURRENTDEBT_DEBT":87.383698749228,"ISSUED_COMMON_SHARES":1250000000,"HK_COMMON_SHARES":1250000000,"PER_SHARES":5000,"TOTAL_MARKET_CAP":126250000,"HKSK_MARKET_CAP":126250000,"PE_TTM":5.854376194651,"PB_TTM":0.420384362931,"REPORT_DATE_SQ":"2021-06-30 00:00:00","REPORT_TYPE_SQ":"2021年中报","OPERATE_INCOME_SQ":102900455.3661,"DPS_HKD":null,"OPERATE_INCOME_QOQ_SQ":1.520599454475,"NET_PROFIT_RATIO_SQ":5.3476404309,"HOLDER_PROFIT_SQ":5502746.3547,"HOLDER_PROFIT_QOQ_SQ":-40.924262029412,"ROE_AVG_SQ":3.57741916609,"PE_TTM_SQ":4.377614054983,"PB_TTM_SQ":0.446703641812,"ROA_SQ":2.605955584504,"START_DATE":"2022-01-01 00:00:00","FISCAL_YEAR":"12-31","CURRENCY":"HKD","IS_CNY_CODE":0,"DPS_HKD_LY":null,"ORG_TYPE":"一般企业","PREMIUM_INCOME":null,"PREMIUM_INCOME_YOY":null,"NET_INTEREST_INCOME":null,"NET_INTEREST_INCOME_YOY":null,"FEE_COMMISSION_INCOME":null,"FEE_COMMISSION_INCOME_YOY":null,"ACCOUNTS_RECE_TDAYS":2.301987453788,"INVENTORY_TDAYS":null,"CURRENT_ASSETS_TDAYS":0.680503430079,"TOTAL_ASSETS_TDAYS":0.516483181112,"PREMIUM_EXPENSE":null,"LOAN_DEPOSIT":null,"LOAN_EQUITY":null,"LOAN_ASSETS":null,"DEPOSIT_EQUITY":null,"DEPOSIT_ASSETS":null,"EQUITY_MULTIPLIER":1.203281224728,"EQUITY_RATIO":0.203281224728},{"SECUCODE":"02129.HK","SECURITY_CODE":"02129","SECURITY_NAME_ABBR":"LEGION CONSO","ORG_CODE":"10950045","STD_REPORT_DATE":"2021-12-31 00:00:00","REPORT_DATE":"2021-12-31 00:00:00","DATE_TYPE_CODE":"001","REPORT_TYPE":"2021年年报","PER_NETCASH_OPERATE":0.019284284149,"PER_OI":0.1728097398,"BPS":0.153560809706,"BASIC_EPS":0.01085117,"DILUTED_EPS":0.01085117,"OPERATE_INCOME":216012174.7498,"OPERATE_INCOME_YOY":13.627134914,"GROSS_PROFIT":63047010.2977,"GROSS_PROFIT_YOY":-7.921553267981,"HOLDER_PROFIT":13475983.1008,"HOLDER_PROFIT_YOY":-32.9056990242,"GROSS_PROFIT_RATIO":29.186785592398,"EPS_TTM":0.010780786481,"OPERATE_INCOME_QOQ":7.079511988048,"NET_PROFIT_RATIO":6.2385294331,"ROE_AVG":8.686440694074,"GROSS_PROFIT_QOQ":-1.485506768401,"ROA":6.430835315358,"HOLDER_PROFIT_QOQ":8.656316356475,"ROE_YEARLY":8.686440694074,"ROIC_YEARLY":10.947127139505,"TOTAL_ASSETS":240657149.1841,"TOTAL_LIABILITIES":48706137.051,"TAX_EBT":23.179338003684,"OCF_SALES":11.159257673287,"TOTAL_PARENT_EQUITY":191951012.1331,"DEBT_ASSET_RATIO":20.2388074554,"OPERATE_PROFIT":18596282.2276,"PRETAX_PROFIT":17542133.5232,"NETCASH_OPERATE":24105355.186,"NETCASH_INVEST":-16667312.1978,"NETCASH_FINANCE":45250100.7387,"END_CASH":112796043.8616,"DIVI_RATIO":null,"DIVIDEND_RATE":null,"CURRENT_RATIO":4.599638027829,"COMMON_ACS":2000000000,"CURRENTDEBT_DEBT":77.952553786485,"ISSUED_COMMON_SHARES":1250000000,"HK_COMMON_SHARES":1250000000,"PER_SHARES":5000,"TOTAL_MARKET_CAP":126250000,"HKSK_MARKET_CAP":126250000,"PE_TTM":5.854376194651,"PB_TTM":0.420384362931,"REPORT_DATE_SQ":"2020-12-31 00:00:00","REPORT_TYPE_SQ":"2020年年报","OPERATE_INCOME_SQ":198709061.667,"DPS_HKD":null,"OPERATE_INCOME_QOQ_SQ":-12.066604921633,"NET_PROFIT_RATIO_SQ":10.5652226083,"HOLDER_PROFIT_SQ":20994054.708,"HOLDER_PROFIT_QOQ_SQ":-33.109203691734,"ROE_AVG_SQ":17.062004858713,"PE_TTM_SQ":4.377614054983,"PB_TTM_SQ":0.446703641812,"ROA_SQ":11.456712911414,"START_DATE":"2021-01-01 00:00:00","FISCAL_YEAR":"12-31","CURRENCY":"HKD","IS_CNY_CODE":0,"DPS_HKD_LY":null,"ORG_TYPE":"一般企业","PREMIUM_INCOME":null,"PREMIUM_INCOME_YOY":null,"NET_INTEREST_INCOME":null,"NET_INTEREST_INCOME_YOY":null,"FEE_COMMISSION_INCOME":null,"FEE_COMMISSION_INCOME_YOY":null,"ACCOUNTS_RECE_TDAYS":4.402028778574,"INVENTORY_TDAYS":null,"CURRENT_ASSETS_TDAYS":1.473817109071,"TOTAL_ASSETS_TDAYS":1.030825514946,"PREMIUM_EXPENSE":null,"LOAN_DEPOSIT":null,"LOAN_EQUITY":null,"LOAN_ASSETS":null,"DEPOSIT_EQUITY":null,"DEPOSIT_ASSETS":null,"EQUITY_MULTIPLIER":1.253742538316,"EQUITY_RATIO":0.253742538316},{"SECUCODE":"02129.HK","SECURITY_CODE":"02129","SECURITY_NAME_ABBR":"LEGION CONSO","ORG_CODE":"10950045","STD_REPORT_DATE":"2021-06-30 00:00:00","REPORT_DATE":"2021-06-30 00:00:00","DATE_TYPE_CODE":"002","REPORT_TYPE":"2021年中报","PER_NETCASH_OPERATE":0.008184380966,"PER_OI":0.082320364293,"BPS":0.149748562532,"BASIC_EPS":0.00432243,"DILUTED_EPS":0.00432243,"OPERATE_INCOME":102900455.3661,"OPERATE_INCOME_YOY":9.0016273772,"GROSS_PROFIT":31598010.2886,"GROSS_PROFIT_YOY":-12.401206681174,"HOLDER_PROFIT":5502746.3547,"HOLDER_PROFIT_YOY":-58.6931551889,"GROSS_PROFIT_RATIO":30.707357101755,"EPS_TTM":0.009921914199,"OPERATE_INCOME_QOQ":1.520599454475,"NET_PROFIT_RATIO":5.3476404309,"ROE_AVG":3.57741916609,"GROSS_PROFIT_QOQ":-6.533096084096,"ROA":2.605955584504,"HOLDER_PROFIT_QOQ":-40.924262029412,"ROE_YEARLY":7.15483833218,"ROIC_YEARLY":8.727883986644,"TOTAL_ASSETS":240665299.7259,"TOTAL_LIABILITIES":53479596.5613,"TAX_EBT":26.847003645005,"OCF_SALES":9.942109751898,"TOTAL_PARENT_EQUITY":187185703.1646,"DEBT_ASSET_RATIO":22.2215652286,"OPERATE_PROFIT":8108206.302,"PRETAX_PROFIT":7522243.2831,"NETCASH_OPERATE":10800018.7953,"NETCASH_INVEST":-2007134.7786,"NETCASH_FINANCE":38959809.7728,"END_CASH":108940979.2506,"DIVI_RATIO":null,"DIVIDEND_RATE":null,"CURRENT_RATIO":4.9749064618,"COMMON_ACS":2000000000,"CURRENTDEBT_DEBT":67.404957145817,"ISSUED_COMMON_SHARES":1250000000,"HK_COMMON_SHARES":1250000000,"PER_SHARES":5000,"TOTAL_MARKET_CAP":126250000,"HKSK_MARKET_CAP":126250000,"PE_TTM":5.854376194651,"PB_TTM":0.420384362931,"REPORT_DATE_SQ":"2020-06-30 00:00:00","REPORT_TYPE_SQ":"2020年中报","OPERATE_INCOME_SQ":99878886.4584,"DPS_HKD":null,"OPERATE_INCOME_QOQ_SQ":0,"NET_PROFIT_RATIO_SQ":14.1114992505,"HOLDER_PROFIT_SQ":14094408.314,"HOLDER_PROFIT_QOQ_SQ":0,"ROE_AVG_SQ":null,"PE_TTM_SQ":4.377614054983,"PB_TTM_SQ":0.446703641812,"ROA_SQ":null,"START_DATE":"2021-01-01 00:00:00","FISCAL_YEAR":"12-31","CURRENCY":"HKD","IS_CNY_CODE":0,"DPS_HKD_LY":null,"ORG_TYPE":"一般企业","PREMIUM_INCOME":null,"PREMIUM_INCOME_YOY":null,"NET_INTEREST_INCOME":null,"NET_INTEREST_INCOME_YOY":null,"FEE_COMMISSION_INCOME":null,"FEE_COMMISSION_INCOME_YOY":null,"ACCOUNTS_RECE_TDAYS":2.200384587695,"INVENTORY_TDAYS":null,"CURRENT_ASSETS_TDAYS":0.686094184014,"TOTAL_ASSETS_TDAYS":0.487309425193,"PREMIUM_EXPENSE":null,"LOAN_DEPOSIT":null,"LOAN_EQUITY":null,"LOAN_ASSETS":null,"DEPOSIT_EQUITY":null,"DEPOSIT_ASSETS":null,"EQUITY_MULTIPLIER":1.285703425299,"EQUITY_RATIO":0.2857034253},{"SECUCODE":"02129.HK","SECURITY_CODE":"02129","SECURITY_NAME_ABBR":"LEGION CONSO","ORG_CODE":"10950045","STD_REPORT_DATE":"2020-12-31 00:00:00","REPORT_DATE":"2020-12-31 00:00:00","DATE_TYPE_CODE":"001","REPORT_TYPE":"2020年年报","PER_NETCASH_OPERATE":0.526036619827,"PER_OI":2.543475989338,"BPS":0.098943901539,"BASIC_EPS":0.02071188,"DILUTED_EPS":0.02071188,"OPERATE_INCOME":198709061.667,"OPERATE_INCOME_YOY":-7.7425086596,"GROSS_PROFIT":68470975.0602,"GROSS_PROFIT_YOY":-22.349487999732,"HOLDER_PROFIT":20994054.708,"HOLDER_PROFIT_YOY":-29.8198704183,"GROSS_PROFIT_RATIO":34.45790266724,"EPS_TTM":0.268723900262,"OPERATE_INCOME_QOQ":-12.066604921633,"NET_PROFIT_RATIO":10.5652226083,"ROE_AVG":17.062004858713,"GROSS_PROFIT_QOQ":-22.349487999732,"ROA":11.456712911414,"HOLDER_PROFIT_QOQ":-33.109203691734,"ROE_YEARLY":17.062004858713,"ROIC_YEARLY":16.885239295542,"TOTAL_ASSETS":186523409.5308,"TOTAL_LIABILITIES":62843532.6072,"TAX_EBT":18.60778128286,"OCF_SALES":20.681800104753,"TOTAL_PARENT_EQUITY":123679876.9236,"DEBT_ASSET_RATIO":33.6920350991,"OPERATE_PROFIT":26996475.8856,"PRETAX_PROFIT":25793687.7,"NETCASH_OPERATE":42299399.1096,"NETCASH_INVEST":-1535993.0208,"NETCASH_FINANCE":-32933427.7968,"END_CASH":62827974.0402,"DIVI_RATIO":null,"DIVIDEND_RATE":null,"CURRENT_RATIO":3.03103829919,"COMMON_ACS":2000000000,"CURRENTDEBT_DEBT":65.023578990718,"ISSUED_COMMON_SHARES":1250000000,"HK_COMMON_SHARES":1250000000,"PER_SHARES":5000,"TOTAL_MARKET_CAP":126250000,"HKSK_MARKET_CAP":126250000,"PE_TTM":5.854376194651,"PB_TTM":0.420384362931,"REPORT_DATE_SQ":"2019-12-31 00:00:00","REPORT_TYPE_SQ":"2019年年报","OPERATE_INCOME_SQ":225976787.8744,"DPS_HKD":null,"OPERATE_INCOME_QOQ_SQ":10.994100063861,"NET_PROFIT_RATIO_SQ":13.8888448782,"HOLDER_PROFIT_SQ":31385565.5287,"HOLDER_PROFIT_QOQ_SQ":73.38915352351,"ROE_AVG_SQ":27.832757790736,"PE_TTM_SQ":4.377614054983,"PB_TTM_SQ":0.446703641812,"ROA_SQ":19.506754893834,"START_DATE":"2020-01-01 00:00:00","FISCAL_YEAR":"12-31","CURRENCY":"HKD","IS_CNY_CODE":0,"DPS_HKD_LY":null,"ORG_TYPE":"一般企业","PREMIUM_INCOME":null,"PREMIUM_INCOME_YOY":null,"NET_INTEREST_INCOME":null,"NET_INTEREST_INCOME_YOY":null,"FEE_COMMISSION_INCOME":null,"FEE_COMMISSION_INCOME_YOY":null,"ACCOUNTS_RECE_TDAYS":3.988739077955,"INVENTORY_TDAYS":null,"CURRENT_ASSETS_TDAYS":1.670146773357,"TOTAL_ASSETS_TDAYS":1.084379698957,"PREMIUM_EXPENSE":null,"LOAN_DEPOSIT":null,"LOAN_EQUITY":null,"LOAN_ASSETS":null,"DEPOSIT_EQUITY":null,"DEPOSIT_ASSETS":null,"EQUITY_MULTIPLIER":1.508114449742,"EQUITY_RATIO":0.508114449742},{"SECUCODE":"02129.HK","SECURITY_CODE":"02129","SECURITY_NAME_ABBR":"LEGION CONSO","ORG_CODE":"10950045","STD_REPORT_DATE":"2020-06-30 00:00:00","REPORT_DATE":"2020-06-30 00:00:00","DATE_TYPE_CODE":"002","REPORT_TYPE":"2020年中报","PER_NETCASH_OPERATE":null,"PER_OI":null,"BPS":null,"BASIC_EPS":0.01371951,"DILUTED_EPS":0.01371951,"OPERATE_INCOME":99878886.4584,"OPERATE_INCOME_YOY":null,"GROSS_PROFIT":36071284.879,"GROSS_PROFIT_YOY":null,"HOLDER_PROFIT":14094408.314,"HOLDER_PROFIT_YOY":null,"GROSS_PROFIT_RATIO":36.115025064906,"EPS_TTM":3881.37187337236,"OPERATE_INCOME_QOQ":0,"NET_PROFIT_RATIO":14.1114992505,"ROE_AVG":null,"GROSS_PROFIT_QOQ":0,"ROA":null,"HOLDER_PROFIT_QOQ":0,"ROE_YEARLY":null,"ROIC_YEARLY":null,"TOTAL_ASSETS":null,"TOTAL_LIABILITIES":null,"TAX_EBT":18.482969406648,"OCF_SALES":22.103937044087,"TOTAL_PARENT_EQUITY":null,"DEBT_ASSET_RATIO":null,"OPERATE_PROFIT":17865134.3367,"PRETAX_PROFIT":17290139.51,"NETCASH_OPERATE":22077166.1831,"NETCASH_INVEST":-545132.0266,"NETCASH_FINANCE":-14702228.3387,"END_CASH":63499578.2547,"DIVI_RATIO":null,"DIVIDEND_RATE":null,"CURRENT_RATIO":null,"COMMON_ACS":2000000000,"CURRENTDEBT_DEBT":null,"ISSUED_COMMON_SHARES":1250000000,"HK_COMMON_SHARES":1250000000,"PER_SHARES":5000,"TOTAL_MARKET_CAP":126250000,"HKSK_MARKET_CAP":126250000,"PE_TTM":5.854376194651,"PB_TTM":0.420384362931,"REPORT_DATE_SQ":"2019-06-30 00:00:00","REPORT_TYPE_SQ":"2019年中报","OPERATE_INCOME_SQ":null,"DPS_HKD":null,"OPERATE_INCOME_QOQ_SQ":0,"NET_PROFIT_RATIO_SQ":null,"HOLDER_PROFIT_SQ":null,"HOLDER_PROFIT_QOQ_SQ":0,"ROE_AVG_SQ":null,"PE_TTM_SQ":4.377614054983,"PB_TTM_SQ":0.446703641812,"ROA_SQ":null,"START_DATE":"2020-01-01 00:00:00","FISCAL_YEAR":"12-31","CURRENCY":"HKD","IS_CNY_CODE":0,"DPS_HKD_LY":null,"ORG_TYPE":"一般企业","PREMIUM_INCOME":null,"PREMIUM_INCOME_YOY":null,"NET_INTEREST_INCOME":null,"NET_INTEREST_INCOME_YOY":null,"FEE_COMMISSION_INCOME":null,"FEE_COMMISSION_INCOME_YOY":null,"ACCOUNTS_RECE_TDAYS":null,"INVENTORY_TDAYS":null,"CURRENT_ASSETS_TDAYS":1.69913287134,"TOTAL_ASSETS_TDAYS":1.077205891218,"PREMIUM_EXPENSE":null,"LOAN_DEPOSIT":null,"LOAN_EQUITY":null,"LOAN_ASSETS":null,"DEPOSIT_EQUITY":null,"DEPOSIT_ASSETS":null,"EQUITY_MULTIPLIER":null,"EQUITY_RATIO":null}],"count":14},"success":true,"message":"ok","code":0}