{"version":"09d694e0e59b40c02fb7c6246caf6363","result":{"pages":2,"data":[{"SECUCODE":"02125.HK","SECURITY_CODE":"02125","SECURITY_NAME_ABBR":"稻草熊娱乐","ORG_CODE":"10000107517","STD_REPORT_DATE":"2024-06-30 00:00:00","REPORT_DATE":"2024-06-30 00:00:00","DATE_TYPE_CODE":"002","REPORT_TYPE":"2024年中报","PER_NETCASH_OPERATE":-0.017744001981,"PER_OI":1.199571299927,"BPS":2.517200832699,"BASIC_EPS":0.044,"DILUTED_EPS":0.044,"OPERATE_INCOME":846947000,"OPERATE_INCOME_YOY":83.2833798964,"GROSS_PROFIT":142924000,"GROSS_PROFIT_YOY":72.590597867433,"HOLDER_PROFIT":29883000,"HOLDER_PROFIT_YOY":2141.7854463616,"GROSS_PROFIT_RATIO":16.875199982998,"EPS_TTM":-0.114379978285,"OPERATE_INCOME_QOQ":45.779343208872,"NET_PROFIT_RATIO":3.5422523487,"ROE_AVG":1.699948289897,"GROSS_PROFIT_QOQ":95.02979907362,"ROA":1.14373503376,"HOLDER_PROFIT_QOQ":26.11909575782,"ROE_YEARLY":3.399896579795,"ROIC_YEARLY":2.408005087891,"TOTAL_ASSETS":2641883000,"TOTAL_LIABILITIES":863705000,"TAX_EBT":26.307386210115,"OCF_SALES":-1.479195274321,"TOTAL_PARENT_EQUITY":1777248000,"DEBT_ASSET_RATIO":32.6927801118,"OPERATE_PROFIT":48124000,"PRETAX_PROFIT":40711000,"NETCASH_OPERATE":-12528000,"NETCASH_INVEST":-18816000,"NETCASH_FINANCE":-17608000,"END_CASH":105437000,"DIVI_RATIO":null,"DIVIDEND_RATE":null,"CURRENT_RATIO":2.883571900052,"COMMON_ACS":2000000000,"CURRENTDEBT_DEBT":99.279499366103,"ISSUED_COMMON_SHARES":706041400,"HK_COMMON_SHARES":706041400,"PER_SHARES":1000,"TOTAL_MARKET_CAP":388322770,"HKSK_MARKET_CAP":388322770,"PE_TTM":-4.347429698591,"PB_TTM":0.199417540897,"REPORT_DATE_SQ":"2023-06-30 00:00:00","REPORT_TYPE_SQ":"2023年中报","OPERATE_INCOME_SQ":462097000,"DPS_HKD":null,"OPERATE_INCOME_QOQ_SQ":-0.153121091054,"NET_PROFIT_RATIO_SQ":0.8348896444,"HOLDER_PROFIT_SQ":1333000,"HOLDER_PROFIT_QOQ_SQ":-141.725403962068,"ROE_AVG_SQ":0.072696256715,"PE_TTM_SQ":-11.332635727642,"PB_TTM_SQ":0.156115234902,"ROA_SQ":0.052732747036,"START_DATE":"2024-01-01 00:00:00","FISCAL_YEAR":"12-31","CURRENCY":"HKD","IS_CNY_CODE":0,"DPS_HKD_LY":null,"ORG_TYPE":"一般企业","PREMIUM_INCOME":null,"PREMIUM_INCOME_YOY":null,"NET_INTEREST_INCOME":null,"NET_INTEREST_INCOME_YOY":null,"FEE_COMMISSION_INCOME":null,"FEE_COMMISSION_INCOME_YOY":null,"ACCOUNTS_RECE_TDAYS":1.183714314266,"INVENTORY_TDAYS":0.593429166765,"CURRENT_ASSETS_TDAYS":0.34626441334,"TOTAL_ASSETS_TDAYS":0.32415853684,"PREMIUM_EXPENSE":null,"LOAN_DEPOSIT":null,"LOAN_EQUITY":null,"LOAN_ASSETS":null,"DEPOSIT_EQUITY":null,"DEPOSIT_ASSETS":null,"EQUITY_MULTIPLIER":1.485724713725,"EQUITY_RATIO":0.485978884207},{"SECUCODE":"02125.HK","SECURITY_CODE":"02125","SECURITY_NAME_ABBR":"稻草熊娱乐","ORG_CODE":"10000107517","STD_REPORT_DATE":"2023-12-31 00:00:00","REPORT_DATE":"2023-12-31 00:00:00","DATE_TYPE_CODE":"001","REPORT_TYPE":"2023年年报","PER_NETCASH_OPERATE":-0.076878135199,"PER_OI":1.200271218694,"BPS":2.462328696306,"BASIC_EPS":-0.161,"DILUTED_EPS":-0.161,"OPERATE_INCOME":840663000,"OPERATE_INCOME_YOY":-14.2987777838,"GROSS_PROFIT":63257000,"GROSS_PROFIT_YOY":-71.214499915815,"HOLDER_PROFIT":-109307000,"HOLDER_PROFIT_YOY":-314.6093888049,"GROSS_PROFIT_RATIO":7.524656134503,"EPS_TTM":-0.15606497027,"OPERATE_INCOME_QOQ":-14.167349893457,"NET_PROFIT_RATIO":-12.7885966196,"ROE_AVG":-6.131992646568,"GROSS_PROFIT_QOQ":-60.374722810358,"ROA":-4.306654339839,"HOLDER_PROFIT_QOQ":-414.337474120083,"ROE_YEARLY":-6.131992646568,"ROIC_YEARLY":-4.637580195194,"TOTAL_ASSETS":2583628000,"TOTAL_LIABILITIES":844310000,"TAX_EBT":8.492075651567,"OCF_SALES":-6.405063622403,"TOTAL_PARENT_EQUITY":1738506000,"DEBT_ASSET_RATIO":32.6792402002,"OPERATE_PROFIT":-104399000,"PRETAX_PROFIT":-117486000,"NETCASH_OPERATE":-53845000,"NETCASH_INVEST":-13397000,"NETCASH_FINANCE":13962000,"END_CASH":154389000,"DIVI_RATIO":null,"DIVIDEND_RATE":null,"CURRENT_RATIO":2.985821869963,"COMMON_ACS":2000000000,"CURRENTDEBT_DEBT":95.967357960939,"ISSUED_COMMON_SHARES":706041400,"HK_COMMON_SHARES":706041400,"PER_SHARES":1000,"TOTAL_MARKET_CAP":409504012,"HKSK_MARKET_CAP":409504012,"PE_TTM":-4.584562227605,"PB_TTM":0.210294861309,"REPORT_DATE_SQ":"2022-12-31 00:00:00","REPORT_TYPE_SQ":"2022年年报","OPERATE_INCOME_SQ":980923000,"DPS_HKD":null,"OPERATE_INCOME_QOQ_SQ":-17.685704215897,"NET_PROFIT_RATIO_SQ":5.097953662,"HOLDER_PROFIT_SQ":50933000,"HOLDER_PROFIT_QOQ_SQ":-65.729376934464,"ROE_AVG_SQ":2.829639407505,"PE_TTM_SQ":-12.223966627569,"PB_TTM_SQ":0.168393961242,"ROA_SQ":1.91006032105,"START_DATE":"2023-01-01 00:00:00","FISCAL_YEAR":"12-31","CURRENCY":"HKD","IS_CNY_CODE":0,"DPS_HKD_LY":null,"ORG_TYPE":"一般企业","PREMIUM_INCOME":null,"PREMIUM_INCOME_YOY":null,"NET_INTEREST_INCOME":null,"NET_INTEREST_INCOME_YOY":null,"FEE_COMMISSION_INCOME":null,"FEE_COMMISSION_INCOME_YOY":null,"ACCOUNTS_RECE_TDAYS":1.529134319453,"INVENTORY_TDAYS":0.643038586153,"CURRENT_ASSETS_TDAYS":0.351926712966,"TOTAL_ASSETS_TDAYS":0.331218033364,"PREMIUM_EXPENSE":null,"LOAN_DEPOSIT":null,"LOAN_EQUITY":null,"LOAN_ASSETS":null,"DEPOSIT_EQUITY":null,"DEPOSIT_ASSETS":null,"EQUITY_MULTIPLIER":1.485425896817,"EQUITY_RATIO":0.485652623574},{"SECUCODE":"02125.HK","SECURITY_CODE":"02125","SECURITY_NAME_ABBR":"稻草熊娱乐","ORG_CODE":"10000107517","STD_REPORT_DATE":"2023-06-30 00:00:00","REPORT_DATE":"2023-06-30 00:00:00","DATE_TYPE_CODE":"002","REPORT_TYPE":"2023年中报","PER_NETCASH_OPERATE":-0.094976514654,"PER_OI":0.659767028339,"BPS":2.607045422549,"BASIC_EPS":0.002,"DILUTED_EPS":0.002,"OPERATE_INCOME":462097000,"OPERATE_INCOME_YOY":-0.3239868938,"GROSS_PROFIT":82811000,"GROSS_PROFIT_YOY":-42.0602269706,"HOLDER_PROFIT":1333000,"HOLDER_PROFIT_YOY":-98.1868385974,"GROSS_PROFIT_RATIO":17.920696304023,"EPS_TTM":-0.030342912606,"OPERATE_INCOME_QOQ":-0.153121091054,"NET_PROFIT_RATIO":0.8348896444,"ROE_AVG":0.072696256715,"GROSS_PROFIT_QOQ":-27.355713005056,"ROA":0.052732747036,"HOLDER_PROFIT_QOQ":-141.725403962068,"ROE_YEARLY":0.145392513431,"ROIC_YEARLY":0.114989106011,"TOTAL_ASSETS":2563119000,"TOTAL_LIABILITIES":720898000,"TAX_EBT":61.937647987372,"OCF_SALES":-14.395462424556,"TOTAL_PARENT_EQUITY":1840682000,"DEBT_ASSET_RATIO":28.1258107798,"OPERATE_PROFIT":18061000,"PRETAX_PROFIT":10136000,"NETCASH_OPERATE":-66521000,"NETCASH_INVEST":-105000,"NETCASH_FINANCE":68914000,"END_CASH":210159000,"DIVI_RATIO":null,"DIVIDEND_RATE":null,"CURRENT_RATIO":3.557645057231,"COMMON_ACS":2000000000,"CURRENTDEBT_DEBT":94.903994739894,"ISSUED_COMMON_SHARES":706041400,"HK_COMMON_SHARES":706041400,"PER_SHARES":1000,"TOTAL_MARKET_CAP":409504012,"HKSK_MARKET_CAP":409504012,"PE_TTM":-4.584562227605,"PB_TTM":0.210294861309,"REPORT_DATE_SQ":"2022-06-30 00:00:00","REPORT_TYPE_SQ":"2022年中报","OPERATE_INCOME_SQ":463599000,"DPS_HKD":null,"OPERATE_INCOME_QOQ_SQ":-30.027291986678,"NET_PROFIT_RATIO_SQ":15.805685517,"HOLDER_PROFIT_SQ":73518000,"HOLDER_PROFIT_QOQ_SQ":-12.188550597049,"ROE_AVG_SQ":4.075846515145,"PE_TTM_SQ":-12.223966627569,"PB_TTM_SQ":0.168393961242,"ROA_SQ":2.563158097501,"START_DATE":"2023-01-01 00:00:00","FISCAL_YEAR":"12-31","CURRENCY":"HKD","IS_CNY_CODE":0,"DPS_HKD_LY":null,"ORG_TYPE":"一般企业","PREMIUM_INCOME":null,"PREMIUM_INCOME_YOY":null,"NET_INTEREST_INCOME":null,"NET_INTEREST_INCOME_YOY":null,"FEE_COMMISSION_INCOME":null,"FEE_COMMISSION_INCOME_YOY":null,"ACCOUNTS_RECE_TDAYS":0.823138152193,"INVENTORY_TDAYS":0.326359328603,"CURRENT_ASSETS_TDAYS":0.192854085802,"TOTAL_ASSETS_TDAYS":0.182803032311,"PREMIUM_EXPENSE":null,"LOAN_DEPOSIT":null,"LOAN_EQUITY":null,"LOAN_ASSETS":null,"DEPOSIT_EQUITY":null,"DEPOSIT_ASSETS":null,"EQUITY_MULTIPLIER":1.391320042493,"EQUITY_RATIO":0.391647226408},{"SECUCODE":"02125.HK","SECURITY_CODE":"02125","SECURITY_NAME_ABBR":"稻草熊娱乐","ORG_CODE":"10000107517","STD_REPORT_DATE":"2022-12-31 00:00:00","REPORT_DATE":"2022-12-31 00:00:00","DATE_TYPE_CODE":"001","REPORT_TYPE":"2022年年报","PER_NETCASH_OPERATE":0.108175164585,"PER_OI":1.408098768154,"BPS":2.587145739612,"BASIC_EPS":0.075,"DILUTED_EPS":0.073,"OPERATE_INCOME":980923000,"OPERATE_INCOME_YOY":-42.4024581578,"GROSS_PROFIT":219753000,"GROSS_PROFIT_YOY":-57.427472708428,"HOLDER_PROFIT":50933000,"HOLDER_PROFIT_YOY":-69.9064691667,"GROSS_PROFIT_RATIO":22.402675847136,"EPS_TTM":0.073113480424,"OPERATE_INCOME_QOQ":-17.685704215897,"NET_PROFIT_RATIO":5.097953662,"ROE_AVG":2.829639407505,"GROSS_PROFIT_QOQ":-48.34069522249,"ROA":1.91006032105,"HOLDER_PROFIT_QOQ":-65.729376934464,"ROE_YEARLY":2.829639407505,"ROIC_YEARLY":2.111907942325,"TOTAL_ASSETS":2492563000,"TOTAL_LIABILITIES":666957000,"TAX_EBT":35.835814001232,"OCF_SALES":7.682356311352,"TOTAL_PARENT_EQUITY":1826632000,"DEBT_ASSET_RATIO":26.7578793395,"OPERATE_PROFIT":99847000,"PRETAX_PROFIT":77936000,"NETCASH_OPERATE":75358000,"NETCASH_INVEST":-61238000,"NETCASH_FINANCE":-109887000,"END_CASH":208049000,"DIVI_RATIO":null,"DIVIDEND_RATE":null,"CURRENT_RATIO":3.563449345092,"COMMON_ACS":2000000000,"CURRENTDEBT_DEBT":99.222588562681,"ISSUED_COMMON_SHARES":706041400,"HK_COMMON_SHARES":706041400,"PER_SHARES":1000,"TOTAL_MARKET_CAP":409504012,"HKSK_MARKET_CAP":409504012,"PE_TTM":-4.584562227605,"PB_TTM":0.210294861309,"REPORT_DATE_SQ":"2021-12-31 00:00:00","REPORT_TYPE_SQ":"2021年年报","OPERATE_INCOME_SQ":1703064000,"DPS_HKD":null,"OPERATE_INCOME_QOQ_SQ":26.385719469868,"NET_PROFIT_RATIO_SQ":9.9454864879,"HOLDER_PROFIT_SQ":169249000,"HOLDER_PROFIT_QOQ_SQ":189.56697291656,"ROE_AVG_SQ":16.949994466808,"PE_TTM_SQ":-12.223966627569,"PB_TTM_SQ":0.168393961242,"ROA_SQ":7.201338925094,"START_DATE":"2022-01-01 00:00:00","FISCAL_YEAR":"12-31","CURRENCY":"HKD","IS_CNY_CODE":0,"DPS_HKD_LY":null,"ORG_TYPE":"一般企业","PREMIUM_INCOME":null,"PREMIUM_INCOME_YOY":null,"NET_INTEREST_INCOME":null,"NET_INTEREST_INCOME_YOY":null,"FEE_COMMISSION_INCOME":null,"FEE_COMMISSION_INCOME_YOY":null,"ACCOUNTS_RECE_TDAYS":1.4550364381,"INVENTORY_TDAYS":0.689015597603,"CURRENT_ASSETS_TDAYS":0.388646587526,"TOTAL_ASSETS_TDAYS":0.367860149668,"PREMIUM_EXPENSE":null,"LOAN_DEPOSIT":null,"LOAN_EQUITY":null,"LOAN_ASSETS":null,"DEPOSIT_EQUITY":null,"DEPOSIT_ASSETS":null,"EQUITY_MULTIPLIER":1.365334579313,"EQUITY_RATIO":0.365129374718},{"SECUCODE":"02125.HK","SECURITY_CODE":"02125","SECURITY_NAME_ABBR":"稻草熊娱乐","ORG_CODE":"10000107517","STD_REPORT_DATE":"2022-06-30 00:00:00","REPORT_DATE":"2022-06-30 00:00:00","DATE_TYPE_CODE":"002","REPORT_TYPE":"2022年中报","PER_NETCASH_OPERATE":-0.111115034766,"PER_OI":0.665488708918,"BPS":2.597813669283,"BASIC_EPS":0.109,"DILUTED_EPS":0.104,"OPERATE_INCOME":463599000,"OPERATE_INCOME_YOY":-52.4505555481,"GROSS_PROFIT":142926000,"GROSS_PROFIT_YOY":-38.847861989885,"HOLDER_PROFIT":73518000,"HOLDER_PROFIT_YOY":-21.9114788575,"GROSS_PROFIT_RATIO":30.829660978561,"EPS_TTM":0.213341555783,"OPERATE_INCOME_QOQ":-30.027291986678,"NET_PROFIT_RATIO":15.805685517,"ROE_AVG":4.075846515145,"GROSS_PROFIT_QOQ":-17.589817604154,"ROA":2.563158097501,"HOLDER_PROFIT_QOQ":-12.188550597049,"ROE_YEARLY":8.15169303029,"ROIC_YEARLY":5.676373075717,"TOTAL_ASSETS":2895950000,"TOTAL_LIABILITIES":1062129000,"TAX_EBT":31.333227127475,"OCF_SALES":-16.696757326914,"TOTAL_PARENT_EQUITY":1834164000,"DEBT_ASSET_RATIO":36.6763583625,"OPERATE_PROFIT":115967000,"PRETAX_PROFIT":106711000,"NETCASH_OPERATE":-77406000,"NETCASH_INVEST":-35283000,"NETCASH_FINANCE":63353000,"END_CASH":253532000,"DIVI_RATIO":null,"DIVIDEND_RATE":null,"CURRENT_RATIO":2.606239388311,"COMMON_ACS":2000000000,"CURRENTDEBT_DEBT":99.148408526648,"ISSUED_COMMON_SHARES":706041400,"HK_COMMON_SHARES":706041400,"PER_SHARES":1000,"TOTAL_MARKET_CAP":409504012,"HKSK_MARKET_CAP":409504012,"PE_TTM":-4.584562227605,"PB_TTM":0.210294861309,"REPORT_DATE_SQ":"2021-06-30 00:00:00","REPORT_TYPE_SQ":"2021年中报","OPERATE_INCOME_SQ":974983000,"DPS_HKD":null,"OPERATE_INCOME_QOQ_SQ":41.491680684446,"NET_PROFIT_RATIO_SQ":9.6904253715,"HOLDER_PROFIT_SQ":94147000,"HOLDER_PROFIT_QOQ_SQ":217.140531741725,"ROE_AVG_SQ":9.767025926237,"PE_TTM_SQ":-12.223966627569,"PB_TTM_SQ":0.168393961242,"ROA_SQ":4.149045149352,"START_DATE":"2022-01-01 00:00:00","FISCAL_YEAR":"12-31","CURRENCY":"HKD","IS_CNY_CODE":0,"DPS_HKD_LY":null,"ORG_TYPE":"一般企业","PREMIUM_INCOME":null,"PREMIUM_INCOME_YOY":null,"NET_INTEREST_INCOME":null,"NET_INTEREST_INCOME_YOY":null,"FEE_COMMISSION_INCOME":null,"FEE_COMMISSION_INCOME_YOY":null,"ACCOUNTS_RECE_TDAYS":0.607663178756,"INVENTORY_TDAYS":0.265799271912,"CURRENT_ASSETS_TDAYS":0.170619896987,"TOTAL_ASSETS_TDAYS":0.161630829299,"PREMIUM_EXPENSE":null,"LOAN_DEPOSIT":null,"LOAN_EQUITY":null,"LOAN_ASSETS":null,"DEPOSIT_EQUITY":null,"DEPOSIT_ASSETS":null,"EQUITY_MULTIPLIER":1.579189026627,"EQUITY_RATIO":0.579080714702},{"SECUCODE":"02125.HK","SECURITY_CODE":"02125","SECURITY_NAME_ABBR":"稻草熊娱乐","ORG_CODE":"10000107517","STD_REPORT_DATE":"2021-12-31 00:00:00","REPORT_DATE":"2021-12-31 00:00:00","DATE_TYPE_CODE":"001","REPORT_TYPE":"2021年年报","PER_NETCASH_OPERATE":-0.862614736012,"PER_OI":2.451344158377,"BPS":2.511654415733,"BASIC_EPS":0.251,"DILUTED_EPS":0.242,"OPERATE_INCOME":1703064000,"OPERATE_INCOME_YOY":78.825278623,"GROSS_PROFIT":516185000,"GROSS_PROFIT_YOY":98.669468595687,"HOLDER_PROFIT":169249000,"HOLDER_PROFIT_YOY":818.334237656,"GROSS_PROFIT_RATIO":30.309195661467,"EPS_TTM":0.24361242294,"OPERATE_INCOME_QOQ":26.385719469868,"NET_PROFIT_RATIO":9.9454864879,"ROE_AVG":16.949994466808,"GROSS_PROFIT_QOQ":44.225637816044,"ROA":7.201338925094,"HOLDER_PROFIT_QOQ":189.56697291656,"ROE_YEARLY":16.949994466808,"ROIC_YEARLY":7.869735005741,"TOTAL_ASSETS":2840567000,"TOTAL_LIABILITIES":1067335000,"TAX_EBT":31.191628175285,"OCF_SALES":-35.189458528863,"TOTAL_PARENT_EQUITY":1773332000,"DEBT_ASSET_RATIO":37.5747165971,"OPERATE_PROFIT":267094000,"PRETAX_PROFIT":246159000,"NETCASH_OPERATE":-599299000,"NETCASH_INVEST":-95433000,"NETCASH_FINANCE":901599000,"END_CASH":302796000,"DIVI_RATIO":null,"DIVIDEND_RATE":null,"CURRENT_RATIO":2.544816937308,"COMMON_ACS":2000000000,"CURRENTDEBT_DEBT":99.025423133318,"ISSUED_COMMON_SHARES":706041400,"HK_COMMON_SHARES":706041400,"PER_SHARES":1000,"TOTAL_MARKET_CAP":409504012,"HKSK_MARKET_CAP":409504012,"PE_TTM":-4.584562227605,"PB_TTM":0.210294861309,"REPORT_DATE_SQ":"2020-12-31 00:00:00","REPORT_TYPE_SQ":"2020年年报","OPERATE_INCOME_SQ":952362000,"DPS_HKD":null,"OPERATE_INCOME_QOQ_SQ":36.601241566072,"NET_PROFIT_RATIO_SQ":1.9101980129,"HOLDER_PROFIT_SQ":18430000,"HOLDER_PROFIT_QOQ_SQ":-72.227245328511,"ROE_AVG_SQ":8.814849889276,"PE_TTM_SQ":-12.223966627569,"PB_TTM_SQ":0.168393961242,"ROA_SQ":0.942186890924,"START_DATE":"2021-01-01 00:00:00","FISCAL_YEAR":"12-31","CURRENCY":"HKD","IS_CNY_CODE":0,"DPS_HKD_LY":null,"ORG_TYPE":"一般企业","PREMIUM_INCOME":null,"PREMIUM_INCOME_YOY":null,"NET_INTEREST_INCOME":null,"NET_INTEREST_INCOME_YOY":null,"FEE_COMMISSION_INCOME":null,"FEE_COMMISSION_INCOME_YOY":null,"ACCOUNTS_RECE_TDAYS":2.738727496402,"INVENTORY_TDAYS":1.213362455638,"CURRENT_ASSETS_TDAYS":0.782383570838,"TOTAL_ASSETS_TDAYS":0.724633000793,"PREMIUM_EXPENSE":null,"LOAN_DEPOSIT":null,"LOAN_EQUITY":null,"LOAN_ASSETS":null,"DEPOSIT_EQUITY":null,"DEPOSIT_ASSETS":null,"EQUITY_MULTIPLIER":1.601915034243,"EQUITY_RATIO":0.60188109164},{"SECUCODE":"02125.HK","SECURITY_CODE":"02125","SECURITY_NAME_ABBR":"稻草熊娱乐","ORG_CODE":"10000107517","STD_REPORT_DATE":"2021-06-30 00:00:00","REPORT_DATE":"2021-06-30 00:00:00","DATE_TYPE_CODE":"002","REPORT_TYPE":"2021年中报","PER_NETCASH_OPERATE":-0.222125479856,"PER_OI":1.417194429384,"BPS":2.41366441118,"BASIC_EPS":0.141,"DILUTED_EPS":0.137,"OPERATE_INCOME":974983000,"OPERATE_INCOME_YOY":68.1492225334,"GROSS_PROFIT":233722000,"GROSS_PROFIT_YOY":72.307987201604,"HOLDER_PROFIT":94147000,"HOLDER_PROFIT_YOY":73.9340082767,"GROSS_PROFIT_RATIO":23.971905151167,"EPS_TTM":0.08495901693,"OPERATE_INCOME_QOQ":41.491680684446,"NET_PROFIT_RATIO":9.6904253715,"ROE_AVG":9.767025926237,"GROSS_PROFIT_QOQ":37.749065702926,"ROA":4.149045149352,"HOLDER_PROFIT_QOQ":217.140531741725,"ROE_YEARLY":19.534051852474,"ROIC_YEARLY":10.198379148064,"TOTAL_ASSETS":2678329000,"TOTAL_LIABILITIES":973107000,"TAX_EBT":30.515106051246,"OCF_SALES":-15.673606616731,"TOTAL_PARENT_EQUITY":1704147000,"DEBT_ASSET_RATIO":36.332616344,"OPERATE_PROFIT":142480000,"PRETAX_PROFIT":135972000,"NETCASH_OPERATE":-152815000,"NETCASH_INVEST":-14100000,"NETCASH_FINANCE":812656000,"END_CASH":748020000,"DIVI_RATIO":null,"DIVIDEND_RATE":null,"CURRENT_RATIO":2.610873704824,"COMMON_ACS":2000000000,"CURRENTDEBT_DEBT":98.812258055897,"ISSUED_COMMON_SHARES":706041400,"HK_COMMON_SHARES":706041400,"PER_SHARES":1000,"TOTAL_MARKET_CAP":409504012,"HKSK_MARKET_CAP":409504012,"PE_TTM":-4.584562227605,"PB_TTM":0.210294861309,"REPORT_DATE_SQ":"2020-06-30 00:00:00","REPORT_TYPE_SQ":"2020年中报","OPERATE_INCOME_SQ":579832000,"DPS_HKD":null,"OPERATE_INCOME_QOQ_SQ":-6.038119317615,"NET_PROFIT_RATIO_SQ":9.3351177582,"HOLDER_PROFIT_SQ":54128000,"HOLDER_PROFIT_QOQ_SQ":-9.155623699485,"ROE_AVG_SQ":24.312275839766,"PE_TTM_SQ":-12.223966627569,"PB_TTM_SQ":0.168393961242,"ROA_SQ":2.675646123457,"START_DATE":"2021-01-01 00:00:00","FISCAL_YEAR":"12-31","CURRENCY":"HKD","IS_CNY_CODE":0,"DPS_HKD_LY":null,"ORG_TYPE":"一般企业","PREMIUM_INCOME":null,"PREMIUM_INCOME_YOY":null,"NET_INTEREST_INCOME":null,"NET_INTEREST_INCOME_YOY":null,"FEE_COMMISSION_INCOME":null,"FEE_COMMISSION_INCOME_YOY":null,"ACCOUNTS_RECE_TDAYS":1.555638169804,"INVENTORY_TDAYS":1.010961869062,"CURRENT_ASSETS_TDAYS":0.467135039596,"TOTAL_ASSETS_TDAYS":0.429673647259,"PREMIUM_EXPENSE":null,"LOAN_DEPOSIT":null,"LOAN_EQUITY":null,"LOAN_ASSETS":null,"DEPOSIT_EQUITY":null,"DEPOSIT_ASSETS":null,"EQUITY_MULTIPLIER":1.570662940075,"EQUITY_RATIO":0.571022922318},{"SECUCODE":"02125.HK","SECURITY_CODE":"02125","SECURITY_NAME_ABBR":"稻草熊娱乐","ORG_CODE":"10000107517","STD_REPORT_DATE":"2020-12-31 00:00:00","REPORT_DATE":"2020-12-31 00:00:00","DATE_TYPE_CODE":"001","REPORT_TYPE":"2020年年报","PER_NETCASH_OPERATE":0.025643448886,"PER_OI":1.914988337489,"BPS":0.316846859122,"BASIC_EPS":0.046,"DILUTED_EPS":0.046,"OPERATE_INCOME":952362000,"OPERATE_INCOME_YOY":24.4759814769,"GROSS_PROFIT":259821000,"GROSS_PROFIT_YOY":141.379598662207,"HOLDER_PROFIT":18430000,"HOLDER_PROFIT_YOY":-63.1635753118,"GROSS_PROFIT_RATIO":27.281747906783,"EPS_TTM":0.03705863428,"OPERATE_INCOME_QOQ":36.601241566072,"NET_PROFIT_RATIO":1.9101980129,"ROE_AVG":8.814849889276,"GROSS_PROFIT_QOQ":52.388577059103,"ROA":0.942186890924,"HOLDER_PROFIT_QOQ":-72.227245328511,"ROE_YEARLY":8.814849889276,"ROIC_YEARLY":0.979460037446,"TOTAL_ASSETS":1859920000,"TOTAL_LIABILITIES":1635283000,"TAX_EBT":62.428748451053,"OCF_SALES":1.339091647924,"TOTAL_PARENT_EQUITY":223707000,"DEBT_ASSET_RATIO":87.9222224612,"OPERATE_PROFIT":58057000,"PRETAX_PROFIT":48420000,"NETCASH_OPERATE":12753000,"NETCASH_INVEST":23367000,"NETCASH_FINANCE":7129000,"END_CASH":95598000,"DIVI_RATIO":null,"DIVIDEND_RATE":null,"CURRENT_RATIO":1.451964108999,"COMMON_ACS":2000000000,"CURRENTDEBT_DEBT":70.074354102623,"ISSUED_COMMON_SHARES":706041400,"HK_COMMON_SHARES":706041400,"PER_SHARES":1000,"TOTAL_MARKET_CAP":409504012,"HKSK_MARKET_CAP":409504012,"PE_TTM":-4.584562227605,"PB_TTM":0.210294861309,"REPORT_DATE_SQ":"2019-12-31 00:00:00","REPORT_TYPE_SQ":"2019年年报","OPERATE_INCOME_SQ":765097000,"DPS_HKD":null,"OPERATE_INCOME_QOQ_SQ":12.661884910964,"NET_PROFIT_RATIO_SQ":6.587400029,"HOLDER_PROFIT_SQ":50032000,"HOLDER_PROFIT_QOQ_SQ":302.380569406466,"ROE_AVG_SQ":29.528727830732,"PE_TTM_SQ":-12.223966627569,"PB_TTM_SQ":0.168393961242,"ROA_SQ":3.194746598334,"START_DATE":"2020-01-01 00:00:00","FISCAL_YEAR":"12-31","CURRENCY":"HKD","IS_CNY_CODE":0,"DPS_HKD_LY":null,"ORG_TYPE":"一般企业","PREMIUM_INCOME":null,"PREMIUM_INCOME_YOY":null,"NET_INTEREST_INCOME":null,"NET_INTEREST_INCOME_YOY":null,"FEE_COMMISSION_INCOME":null,"FEE_COMMISSION_INCOME_YOY":null,"ACCOUNTS_RECE_TDAYS":2.056655296736,"INVENTORY_TDAYS":0.780127032082,"CURRENT_ASSETS_TDAYS":0.541282693381,"TOTAL_ASSETS_TDAYS":0.486870858282,"PREMIUM_EXPENSE":null,"LOAN_DEPOSIT":null,"LOAN_EQUITY":null,"LOAN_ASSETS":null,"DEPOSIT_EQUITY":null,"DEPOSIT_ASSETS":null,"EQUITY_MULTIPLIER":8.279668977074,"EQUITY_RATIO":7.309932188085},{"SECUCODE":"02125.HK","SECURITY_CODE":"02125","SECURITY_NAME_ABBR":"稻草熊娱乐","ORG_CODE":"10000107517","STD_REPORT_DATE":"2020-06-30 00:00:00","REPORT_DATE":"2020-06-30 00:00:00","DATE_TYPE_CODE":"002","REPORT_TYPE":"2020年中报","PER_NETCASH_OPERATE":null,"PER_OI":null,"BPS":0.355251122668,"BASIC_EPS":0.1353,"DILUTED_EPS":0.1197,"OPERATE_INCOME":579832000,"OPERATE_INCOME_YOY":-10.4845270901,"GROSS_PROFIT":135642000,"GROSS_PROFIT_YOY":86.364947858703,"HOLDER_PROFIT":54128000,"HOLDER_PROFIT_YOY":43.1957671958,"GROSS_PROFIT_RATIO":23.393327722513,"EPS_TTM":null,"OPERATE_INCOME_QOQ":-6.038119317615,"NET_PROFIT_RATIO":9.3351177582,"ROE_AVG":24.312275839766,"GROSS_PROFIT_QOQ":0.695125264289,"ROA":2.675646123457,"HOLDER_PROFIT_QOQ":-9.155623699485,"ROE_YEARLY":48.624551679531,"ROIC_YEARLY":5.538158997999,"TOTAL_ASSETS":1993721000,"TOTAL_LIABILITIES":1742025000,"TAX_EBT":27.502611770379,"OCF_SALES":2.039556285269,"TOTAL_PARENT_EQUITY":250822000,"DEBT_ASSET_RATIO":87.3755655882,"OPERATE_PROFIT":80175000,"PRETAX_PROFIT":74662000,"NETCASH_OPERATE":11826000,"NETCASH_INVEST":20139000,"NETCASH_FINANCE":-1019000,"END_CASH":83295000,"DIVI_RATIO":null,"DIVIDEND_RATE":null,"CURRENT_RATIO":1.350716035708,"COMMON_ACS":2000000000,"CURRENTDEBT_DEBT":76.289605487866,"ISSUED_COMMON_SHARES":706041400,"HK_COMMON_SHARES":706041400,"PER_SHARES":1000,"TOTAL_MARKET_CAP":409504012,"HKSK_MARKET_CAP":409504012,"PE_TTM":-4.584562227605,"PB_TTM":0.210294861309,"REPORT_DATE_SQ":"2019-06-30 00:00:00","REPORT_TYPE_SQ":"2019年中报","OPERATE_INCOME_SQ":647745000,"DPS_HKD":null,"OPERATE_INCOME_QOQ_SQ":0,"NET_PROFIT_RATIO_SQ":5.8353209982,"HOLDER_PROFIT_SQ":37800000,"HOLDER_PROFIT_QOQ_SQ":0,"ROE_AVG_SQ":null,"PE_TTM_SQ":-12.223966627569,"PB_TTM_SQ":0.168393961242,"ROA_SQ":null,"START_DATE":"2020-01-01 00:00:00","FISCAL_YEAR":"12-31","CURRENCY":"HKD","IS_CNY_CODE":0,"DPS_HKD_LY":null,"ORG_TYPE":"一般企业","PREMIUM_INCOME":null,"PREMIUM_INCOME_YOY":null,"NET_INTEREST_INCOME":null,"NET_INTEREST_INCOME_YOY":null,"FEE_COMMISSION_INCOME":null,"FEE_COMMISSION_INCOME_YOY":null,"ACCOUNTS_RECE_TDAYS":0.918887823586,"INVENTORY_TDAYS":0.555154226866,"CURRENT_ASSETS_TDAYS":0.317702063634,"TOTAL_ASSETS_TDAYS":0.286621571655,"PREMIUM_EXPENSE":null,"LOAN_DEPOSIT":null,"LOAN_EQUITY":null,"LOAN_ASSETS":null,"DEPOSIT_EQUITY":null,"DEPOSIT_ASSETS":null,"EQUITY_MULTIPLIER":7.921146939187,"EQUITY_RATIO":6.94526397206}],"count":15},"success":true,"message":"ok","code":0}