{"version":"ada484fa7475237d146d44a04aa077bf","result":{"pages":2,"data":[{"SECUCODE":"02130.HK","SECURITY_CODE":"02130","SECURITY_NAME_ABBR":"嘉泓物流","ORG_CODE":"10000083133","STD_REPORT_DATE":"2024-06-30 00:00:00","REPORT_DATE":"2024-06-30 00:00:00","DATE_TYPE_CODE":"002","REPORT_TYPE":"2024年中报","PER_NETCASH_OPERATE":-0.04563870784,"PER_OI":3.71640195508,"BPS":1.568430415623,"BASIC_EPS":0.05841152,"DILUTED_EPS":0.05841152,"OPERATE_INCOME":1116737907.08,"OPERATE_INCOME_YOY":20.3532554704,"GROSS_PROFIT":208319210,"GROSS_PROFIT_YOY":10.284534274295,"HOLDER_PROFIT":16984974.8,"HOLDER_PROFIT_YOY":41.6609576007,"GROSS_PROFIT_RATIO":18.654261548684,"EPS_TTM":0.161814285049,"OPERATE_INCOME_QOQ":9.409151659563,"NET_PROFIT_RATIO":1.6548148427,"ROE_AVG":4.232257947139,"GROSS_PROFIT_QOQ":5.103629975229,"ROA":1.261845053428,"HOLDER_PROFIT_QOQ":11.137986416973,"ROE_YEARLY":8.464515894278,"ROIC_YEARLY":3.18346854379,"TOTAL_ASSETS":1401002132.56,"TOTAL_LIABILITIES":888815243.36,"TAX_EBT":48.189657378266,"OCF_SALES":-1.228034760265,"TOTAL_PARENT_EQUITY":471296087.16,"DEBT_ASSET_RATIO":63.4413911802,"OPERATE_PROFIT":45664118.44,"PRETAX_PROFIT":35668447.08,"NETCASH_OPERATE":-13713929.68,"NETCASH_INVEST":-13698414.12,"NETCASH_FINANCE":-17764403.52,"END_CASH":190218027.56,"DIVI_RATIO":0.168809570748,"DIVIDEND_RATE":0.869565217391,"CURRENT_RATIO":1.143433579784,"COMMON_ACS":50000000000,"CURRENTDEBT_DEBT":91.817134431105,"ISSUED_COMMON_SHARES":300489000,"HK_COMMON_SHARES":300489000,"PER_SHARES":1000,"TOTAL_MARKET_CAP":1036687050,"HKSK_MARKET_CAP":1036687050,"PE_TTM":19.286842105263,"PB_TTM":2.007577746922,"REPORT_DATE_SQ":"2023-06-30 00:00:00","REPORT_TYPE_SQ":"2023年中报","OPERATE_INCOME_SQ":937338342.84,"DPS_HKD":0.03,"OPERATE_INCOME_QOQ_SQ":-12.938959993336,"NET_PROFIT_RATIO_SQ":1.3232571819,"HOLDER_PROFIT_SQ":12112051.26,"HOLDER_PROFIT_QOQ_SQ":-40.927379458988,"ROE_AVG_SQ":3.846379069046,"PE_TTM_SQ":37.428886578411,"PB_TTM_SQ":5.495426268012,"ROA_SQ":0.901375632188,"START_DATE":"2024-01-01 00:00:00","FISCAL_YEAR":"12-31","CURRENCY":"HKD","IS_CNY_CODE":0,"DPS_HKD_LY":0.03,"ORG_TYPE":"一般企业","PREMIUM_INCOME":null,"PREMIUM_INCOME_YOY":null,"NET_INTEREST_INCOME":null,"NET_INTEREST_INCOME_YOY":null,"FEE_COMMISSION_INCOME":null,"FEE_COMMISSION_INCOME_YOY":null,"ACCOUNTS_RECE_TDAYS":1.832275869918,"INVENTORY_TDAYS":null,"CURRENT_ASSETS_TDAYS":1.274136838548,"TOTAL_ASSETS_TDAYS":0.82964515439,"PREMIUM_EXPENSE":null,"LOAN_DEPOSIT":null,"LOAN_EQUITY":null,"LOAN_ASSETS":null,"DEPOSIT_EQUITY":null,"DEPOSIT_ASSETS":null,"EQUITY_MULTIPLIER":2.735333844154,"EQUITY_RATIO":1.885895655778},{"SECUCODE":"02130.HK","SECURITY_CODE":"02130","SECURITY_NAME_ABBR":"嘉泓物流","ORG_CODE":"10000083133","STD_REPORT_DATE":"2023-12-31 00:00:00","REPORT_DATE":"2023-12-31 00:00:00","DATE_TYPE_CODE":"001","REPORT_TYPE":"2023年年报","PER_NETCASH_OPERATE":0.328185554437,"PER_OI":6.905649130677,"BPS":1.094889545973,"BASIC_EPS":0.1495263,"DILUTED_EPS":0.1495263,"OPERATE_INCOME":1906649724.98,"OPERATE_INCOME_YOY":-24.5344286098,"GROSS_PROFIT":380645023.92,"GROSS_PROFIT_YOY":-17.552576418129,"HOLDER_PROFIT":43750489.16,"HOLDER_PROFIT_YOY":-44.2723243143,"GROSS_PROFIT_RATIO":19.964077246752,"EPS_TTM":0.158458852445,"OPERATE_INCOME_QOQ":-12.062136927602,"NET_PROFIT_RATIO":2.293153051,"ROE_AVG":13.498294469608,"GROSS_PROFIT_QOQ":-11.234403313929,"ROA":3.354253123204,"HOLDER_PROFIT_QOQ":-4.294788680824,"ROE_YEARLY":13.498294469608,"ROIC_YEARLY":4.433278144631,"TOTAL_ASSETS":1281945155.54,"TOTAL_LIABILITIES":907225904.2,"TAX_EBT":33.337478411054,"OCF_SALES":4.752421506313,"TOTAL_PARENT_EQUITY":329002264.78,"DEBT_ASSET_RATIO":70.7694787315,"OPERATE_PROFIT":83159278.3,"PRETAX_PROFIT":65587672.5,"NETCASH_OPERATE":90612031.58,"NETCASH_INVEST":-32745353.48,"NETCASH_FINANCE":-92210603.66,"END_CASH":235807506.2,"DIVI_RATIO":0.17238418415,"DIVIDEND_RATE":0.877192982456,"CURRENT_RATIO":0.996620335903,"COMMON_ACS":50000000000,"CURRENTDEBT_DEBT":90.027369619722,"ISSUED_COMMON_SHARES":300489000,"HK_COMMON_SHARES":300489000,"PER_SHARES":1000,"TOTAL_MARKET_CAP":1027672380,"HKSK_MARKET_CAP":1027672380,"PE_TTM":19.119130434783,"PB_TTM":1.990120549123,"REPORT_DATE_SQ":"2022-12-31 00:00:00","REPORT_TYPE_SQ":"2022年年报","OPERATE_INCOME_SQ":2490411748.44,"DPS_HKD":0.03,"OPERATE_INCOME_QOQ_SQ":-4.176195717016,"NET_PROFIT_RATIO_SQ":3.5691534922,"HOLDER_PROFIT_SQ":77385766.64,"HOLDER_PROFIT_QOQ_SQ":-6.455011573901,"ROE_AVG_SQ":22.937390286717,"PE_TTM_SQ":34.277305387989,"PB_TTM_SQ":5.032701254183,"ROA_SQ":6.335346585844,"START_DATE":"2023-01-01 00:00:00","FISCAL_YEAR":"12-31","CURRENCY":"HKD","IS_CNY_CODE":0,"DPS_HKD_LY":0.13,"ORG_TYPE":"一般企业","PREMIUM_INCOME":null,"PREMIUM_INCOME_YOY":null,"NET_INTEREST_INCOME":null,"NET_INTEREST_INCOME_YOY":null,"FEE_COMMISSION_INCOME":null,"FEE_COMMISSION_INCOME_YOY":null,"ACCOUNTS_RECE_TDAYS":3.497394357183,"INVENTORY_TDAYS":null,"CURRENT_ASSETS_TDAYS":2.272455925755,"TOTAL_ASSETS_TDAYS":1.461786123461,"PREMIUM_EXPENSE":null,"LOAN_DEPOSIT":null,"LOAN_EQUITY":null,"LOAN_ASSETS":null,"DEPOSIT_EQUITY":null,"DEPOSIT_ASSETS":null,"EQUITY_MULTIPLIER":3.42108165234,"EQUITY_RATIO":2.757506562475},{"SECUCODE":"02130.HK","SECURITY_CODE":"02130","SECURITY_NAME_ABBR":"嘉泓物流","ORG_CODE":"10000083133","STD_REPORT_DATE":"2023-06-30 00:00:00","REPORT_DATE":"2023-06-30 00:00:00","DATE_TYPE_CODE":"002","REPORT_TYPE":"2023年中报","PER_NETCASH_OPERATE":0.152428906411,"PER_OI":3.394923371387,"BPS":1.01502207981,"BASIC_EPS":0.0414891,"DILUTED_EPS":0.0414891,"OPERATE_INCOME":937338342.84,"OPERATE_INCOME_YOY":-30.9737000766,"GROSS_PROFIT":188892496.46,"GROSS_PROFIT_YOY":-14.81897213845,"HOLDER_PROFIT":12112051.26,"HOLDER_PROFIT_YOY":-74.3407945623,"GROSS_PROFIT_RATIO":20.152007853182,"EPS_TTM":0.16556972213,"OPERATE_INCOME_QOQ":-12.938959993336,"NET_PROFIT_RATIO":1.3232571819,"ROE_AVG":3.846379069046,"GROSS_PROFIT_QOQ":-7.117817420351,"ROA":0.901375632188,"HOLDER_PROFIT_QOQ":-40.927379458988,"ROE_YEARLY":7.692758138091,"ROIC_YEARLY":2.400847615989,"TOTAL_ASSETS":1337674044.58,"TOTAL_LIABILITIES":983952729.66,"TAX_EBT":49.768501232171,"OCF_SALES":4.489907127077,"TOTAL_PARENT_EQUITY":305002969.74,"DEBT_ASSET_RATIO":73.5569874923,"OPERATE_PROFIT":33275180.18,"PRETAX_PROFIT":24692468.36,"NETCASH_OPERATE":42085621.06,"NETCASH_INVEST":-14751680,"NETCASH_FINANCE":-33563759.92,"END_CASH":266811792.2,"DIVI_RATIO":0.164980647721,"DIVIDEND_RATE":0.877192982456,"CURRENT_RATIO":0.967559015371,"COMMON_ACS":50000000000,"CURRENTDEBT_DEBT":89.842834212723,"ISSUED_COMMON_SHARES":300489000,"HK_COMMON_SHARES":300489000,"PER_SHARES":1000,"TOTAL_MARKET_CAP":1027672380,"HKSK_MARKET_CAP":1027672380,"PE_TTM":19.119130434783,"PB_TTM":1.990120549123,"REPORT_DATE_SQ":"2022-06-30 00:00:00","REPORT_TYPE_SQ":"2022年中报","OPERATE_INCOME_SQ":1259571722.64,"DPS_HKD":0.03,"OPERATE_INCOME_QOQ_SQ":18.901962405249,"NET_PROFIT_RATIO_SQ":3.9356189607,"HOLDER_PROFIT_SQ":43784017.62,"HOLDER_PROFIT_QOQ_SQ":21.301435348355,"ROE_AVG_SQ":13.252658077125,"PE_TTM_SQ":34.277305387989,"PB_TTM_SQ":5.032701254183,"ROA_SQ":3.626086319099,"START_DATE":"2023-01-01 00:00:00","FISCAL_YEAR":"12-31","CURRENCY":"HKD","IS_CNY_CODE":0,"DPS_HKD_LY":0.13,"ORG_TYPE":"一般企业","PREMIUM_INCOME":null,"PREMIUM_INCOME_YOY":null,"NET_INTEREST_INCOME":null,"NET_INTEREST_INCOME_YOY":null,"FEE_COMMISSION_INCOME":null,"FEE_COMMISSION_INCOME_YOY":null,"ACCOUNTS_RECE_TDAYS":1.684770648283,"INVENTORY_TDAYS":null,"CURRENT_ASSETS_TDAYS":1.080866323515,"TOTAL_ASSETS_TDAYS":0.697564700821,"PREMIUM_EXPENSE":null,"LOAN_DEPOSIT":null,"LOAN_EQUITY":null,"LOAN_ASSETS":null,"DEPOSIT_EQUITY":null,"DEPOSIT_ASSETS":null,"EQUITY_MULTIPLIER":3.781717380759,"EQUITY_RATIO":3.22604311197},{"SECUCODE":"02130.HK","SECURITY_CODE":"02130","SECURITY_NAME_ABBR":"嘉泓物流","ORG_CODE":"10000083133","STD_REPORT_DATE":"2022-12-31 00:00:00","REPORT_DATE":"2022-12-31 00:00:00","DATE_TYPE_CODE":"001","REPORT_TYPE":"2022年年报","PER_NETCASH_OPERATE":0.527106947519,"PER_OI":9.01996287012,"BPS":1.047203445617,"BASIC_EPS":0.28763294,"DILUTED_EPS":0.28763294,"OPERATE_INCOME":2490411748.44,"OPERATE_INCOME_YOY":4.284692589,"GROSS_PROFIT":461682133.15,"GROSS_PROFIT_YOY":12.32310767589,"HOLDER_PROFIT":77385766.64,"HOLDER_PROFIT_YOY":3.8591106902,"GROSS_PROFIT_RATIO":18.53838560789,"EPS_TTM":0.280281661137,"OPERATE_INCOME_QOQ":-4.176195717016,"NET_PROFIT_RATIO":3.5691534922,"ROE_AVG":22.937390286717,"GROSS_PROFIT_QOQ":1.551266565802,"ROA":6.335346585844,"HOLDER_PROFIT_QOQ":-6.455011573901,"ROE_YEARLY":22.937390286717,"ROIC_YEARLY":8.617411384608,"TOTAL_ASSETS":1307753532.89,"TOTAL_LIABILITIES":938042478.94,"TAX_EBT":32.656790357402,"OCF_SALES":5.843781788339,"TOTAL_PARENT_EQUITY":314673116.17,"DEBT_ASSET_RATIO":71.7293018408,"OPERATE_PROFIT":143337677.28,"PRETAX_PROFIT":131990468.47,"NETCASH_OPERATE":145534228.21,"NETCASH_INVEST":-62299329.61,"NETCASH_FINANCE":-70674629.13,"END_CASH":266331130.31,"DIVI_RATIO":0.097458391995,"DIVIDEND_RATE":0.877192982456,"CURRENT_RATIO":0.992497028165,"COMMON_ACS":50000000000,"CURRENTDEBT_DEBT":91.483275276587,"ISSUED_COMMON_SHARES":300489000,"HK_COMMON_SHARES":300489000,"PER_SHARES":1000,"TOTAL_MARKET_CAP":1027672380,"HKSK_MARKET_CAP":1027672380,"PE_TTM":19.119130434783,"PB_TTM":1.990120549123,"REPORT_DATE_SQ":"2021-12-31 00:00:00","REPORT_TYPE_SQ":"2021年年报","OPERATE_INCOME_SQ":2185791462.4,"DPS_HKD":0.03,"OPERATE_INCOME_QOQ_SQ":19.269993664997,"NET_PROFIT_RATIO_SQ":4.6138958878,"HOLDER_PROFIT_SQ":68198468.8,"HOLDER_PROFIT_QOQ_SQ":25.55044400608,"ROE_AVG_SQ":22.073821986758,"PE_TTM_SQ":34.277305387989,"PB_TTM_SQ":5.032701254183,"ROA_SQ":7.20484082936,"START_DATE":"2022-01-01 00:00:00","FISCAL_YEAR":"12-31","CURRENCY":"HKD","IS_CNY_CODE":0,"DPS_HKD_LY":0.22,"ORG_TYPE":"一般企业","PREMIUM_INCOME":null,"PREMIUM_INCOME_YOY":null,"NET_INTEREST_INCOME":null,"NET_INTEREST_INCOME_YOY":null,"FEE_COMMISSION_INCOME":null,"FEE_COMMISSION_INCOME_YOY":null,"ACCOUNTS_RECE_TDAYS":4.613525642723,"INVENTORY_TDAYS":null,"CURRENT_ASSETS_TDAYS":2.871640106132,"TOTAL_ASSETS_TDAYS":2.038827326118,"PREMIUM_EXPENSE":null,"LOAN_DEPOSIT":null,"LOAN_EQUITY":null,"LOAN_ASSETS":null,"DEPOSIT_EQUITY":null,"DEPOSIT_ASSETS":null,"EQUITY_MULTIPLIER":3.53723135654,"EQUITY_RATIO":2.981006100417},{"SECUCODE":"02130.HK","SECURITY_CODE":"02130","SECURITY_NAME_ABBR":"嘉泓物流","ORG_CODE":"10000083133","STD_REPORT_DATE":"2022-06-30 00:00:00","REPORT_DATE":"2022-06-30 00:00:00","DATE_TYPE_CODE":"002","REPORT_TYPE":"2022年中报","PER_NETCASH_OPERATE":0.355472221478,"PER_OI":4.562012758566,"BPS":1.051703064738,"BASIC_EPS":0.16163091,"DILUTED_EPS":0.16163091,"OPERATE_INCOME":1259571722.64,"OPERATE_INCOME_YOY":44.7912806089,"GROSS_PROFIT":221754187.76,"GROSS_PROFIT_YOY":24.472626016107,"HOLDER_PROFIT":43784017.62,"HOLDER_PROFIT_YOY":45.6101931117,"GROSS_PROFIT_RATIO":17.605522875285,"EPS_TTM":0.299622316335,"OPERATE_INCOME_QOQ":18.901962405249,"NET_PROFIT_RATIO":3.9356189607,"ROE_AVG":13.252658077125,"GROSS_PROFIT_QOQ":10.607293709241,"ROA":3.626086319099,"HOLDER_PROFIT_QOQ":21.301435348355,"ROE_YEARLY":26.505316154249,"ROIC_YEARLY":9.91484423452,"TOTAL_ASSETS":1328110070,"TOTAL_LIABILITIES":957552822.24,"TAX_EBT":32.134452600892,"OCF_SALES":7.792004106308,"TOTAL_PARENT_EQUITY":316025202.22,"DEBT_ASSET_RATIO":72.0989053445,"OPERATE_PROFIT":77170635.22,"PRETAX_PROFIT":73044343.47,"NETCASH_OPERATE":98145880.35,"NETCASH_INVEST":-7037358.51,"NETCASH_FINANCE":-47963331.15,"END_CASH":289054220,"DIVI_RATIO":0.091167441512,"DIVIDEND_RATE":0.877192982456,"CURRENT_RATIO":1.03372274643,"COMMON_ACS":50000000000,"CURRENTDEBT_DEBT":93.259331104157,"ISSUED_COMMON_SHARES":300489000,"HK_COMMON_SHARES":300489000,"PER_SHARES":1000,"TOTAL_MARKET_CAP":1027672380,"HKSK_MARKET_CAP":1027672380,"PE_TTM":19.119130434783,"PB_TTM":1.990120549123,"REPORT_DATE_SQ":"2021-06-30 00:00:00","REPORT_TYPE_SQ":"2021年中报","OPERATE_INCOME_SQ":846414242.16,"DPS_HKD":0.03,"OPERATE_INCOME_QOQ_SQ":7.765309442755,"NET_PROFIT_RATIO_SQ":4.6513708346,"HOLDER_PROFIT_SQ":29256764.88,"HOLDER_PROFIT_QOQ_SQ":16.244582929118,"ROE_AVG_SQ":9.749449598776,"PE_TTM_SQ":34.277305387989,"PB_TTM_SQ":5.032701254183,"ROA_SQ":3.43207591739,"START_DATE":"2022-01-01 00:00:00","FISCAL_YEAR":"12-31","CURRENCY":"HKD","IS_CNY_CODE":0,"DPS_HKD_LY":0.22,"ORG_TYPE":"一般企业","PREMIUM_INCOME":null,"PREMIUM_INCOME_YOY":null,"NET_INTEREST_INCOME":null,"NET_INTEREST_INCOME_YOY":null,"FEE_COMMISSION_INCOME":null,"FEE_COMMISSION_INCOME_YOY":null,"ACCOUNTS_RECE_TDAYS":2.262036385026,"INVENTORY_TDAYS":null,"CURRENT_ASSETS_TDAYS":1.424642535009,"TOTAL_ASSETS_TDAYS":1.043146800969,"PREMIUM_EXPENSE":null,"LOAN_DEPOSIT":null,"LOAN_EQUITY":null,"LOAN_ASSETS":null,"DEPOSIT_EQUITY":null,"DEPOSIT_ASSETS":null,"EQUITY_MULTIPLIER":3.584088769087,"EQUITY_RATIO":3.029988796822},{"SECUCODE":"02130.HK","SECURITY_CODE":"02130","SECURITY_NAME_ABBR":"嘉泓物流","ORG_CODE":"10000083133","STD_REPORT_DATE":"2021-12-31 00:00:00","REPORT_DATE":"2021-12-31 00:00:00","DATE_TYPE_CODE":"001","REPORT_TYPE":"2021年年报","PER_NETCASH_OPERATE":0.564973148859,"PER_OI":7.916665926838,"BPS":1.096813138584,"BASIC_EPS":0.2689904,"DILUTED_EPS":0.2689904,"OPERATE_INCOME":2185791462.4,"OPERATE_INCOME_YOY":32.3109115187,"GROSS_PROFIT":411030412.8,"GROSS_PROFIT_YOY":23.85456008055,"HOLDER_PROFIT":68198468.8,"HOLDER_PROFIT_YOY":50.236847319,"GROSS_PROFIT_RATIO":18.804649019385,"EPS_TTM":0.247006406375,"OPERATE_INCOME_QOQ":19.269993664997,"NET_PROFIT_RATIO":4.6138958878,"ROE_AVG":22.073821986758,"GROSS_PROFIT_QOQ":16.309482057631,"ROA":7.20484082936,"HOLDER_PROFIT_QOQ":25.55044400608,"ROE_YEARLY":22.073821986758,"ROIC_YEARLY":10.380858390571,"TOTAL_ASSETS":1039064129.6,"TOTAL_LIABILITIES":659276665.6,"TAX_EBT":27.434935052711,"OCF_SALES":7.136503599878,"TOTAL_PARENT_EQUITY":329580283.2,"DEBT_ASSET_RATIO":63.4490833452,"OPERATE_PROFIT":144712747.2,"PRETAX_PROFIT":138978918.4,"NETCASH_OPERATE":155989086.4,"NETCASH_INVEST":-48002931.2,"NETCASH_FINANCE":-75982838.4,"END_CASH":241290112,"DIVI_RATIO":0.110587415124,"DIVIDEND_RATE":0.877192982456,"CURRENT_RATIO":1.36123152024,"COMMON_ACS":50000000000,"CURRENTDEBT_DEBT":90.034302466901,"ISSUED_COMMON_SHARES":300489000,"HK_COMMON_SHARES":300489000,"PER_SHARES":1000,"TOTAL_MARKET_CAP":1027672380,"HKSK_MARKET_CAP":1027672380,"PE_TTM":19.119130434783,"PB_TTM":1.990120549123,"REPORT_DATE_SQ":"2020-12-31 00:00:00","REPORT_TYPE_SQ":"2020年年报","OPERATE_INCOME_SQ":1700585801.68,"DPS_HKD":0.03,"OPERATE_INCOME_QOQ_SQ":25.309532072288,"NET_PROFIT_RATIO_SQ":4.0588212586,"HOLDER_PROFIT_SQ":46728694.44,"HOLDER_PROFIT_QOQ_SQ":248.183124443192,"ROE_AVG_SQ":17.759502538169,"PE_TTM_SQ":34.277305387989,"PB_TTM_SQ":5.032701254183,"ROA_SQ":5.536865315086,"START_DATE":"2021-01-01 00:00:00","FISCAL_YEAR":"12-31","CURRENCY":"HKD","IS_CNY_CODE":0,"DPS_HKD_LY":0.24,"ORG_TYPE":"一般企业","PREMIUM_INCOME":null,"PREMIUM_INCOME_YOY":null,"NET_INTEREST_INCOME":null,"NET_INTEREST_INCOME_YOY":null,"FEE_COMMISSION_INCOME":null,"FEE_COMMISSION_INCOME_YOY":null,"ACCOUNTS_RECE_TDAYS":5.562789942789,"INVENTORY_TDAYS":null,"CURRENT_ASSETS_TDAYS":3.069997002835,"TOTAL_ASSETS_TDAYS":2.309183747065,"PREMIUM_EXPENSE":null,"LOAN_DEPOSIT":null,"LOAN_EQUITY":null,"LOAN_ASSETS":null,"DEPOSIT_EQUITY":null,"DEPOSIT_ASSETS":null,"EQUITY_MULTIPLIER":2.735909497002,"EQUITY_RATIO":2.000352263791},{"SECUCODE":"02130.HK","SECURITY_CODE":"02130","SECURITY_NAME_ABBR":"嘉泓物流","ORG_CODE":"10000083133","STD_REPORT_DATE":"2021-06-30 00:00:00","REPORT_DATE":"2021-06-30 00:00:00","DATE_TYPE_CODE":"002","REPORT_TYPE":"2021年中报","PER_NETCASH_OPERATE":0.221447487059,"PER_OI":3.319271537882,"BPS":1.020782161077,"BASIC_EPS":0.1164912,"DILUTED_EPS":0.1164912,"OPERATE_INCOME":846414242.16,"OPERATE_INCOME_YOY":30.0713634498,"GROSS_PROFIT":178154984.64,"GROSS_PROFIT_YOY":13.745005842025,"HOLDER_PROFIT":29256764.88,"HOLDER_PROFIT_YOY":48.2398077491,"GROSS_PROFIT_RATIO":21.048202613576,"EPS_TTM":0.213017944941,"OPERATE_INCOME_QOQ":7.765309442755,"NET_PROFIT_RATIO":4.6513708346,"ROE_AVG":9.749449598776,"GROSS_PROFIT_QOQ":6.487070434362,"ROA":3.43207591739,"HOLDER_PROFIT_QOQ":16.244582929118,"ROE_YEARLY":19.498899197551,"ROIC_YEARLY":10.257861474672,"TOTAL_ASSETS":835711197.12,"TOTAL_LIABILITIES":453747369.36,"TAX_EBT":29.067222355481,"OCF_SALES":6.671568882855,"TOTAL_PARENT_EQUITY":306733810.8,"DEBT_ASSET_RATIO":54.2947576775,"OPERATE_PROFIT":58721549.76,"PRETAX_PROFIT":55503064.32,"NETCASH_OPERATE":56469109.2,"NETCASH_INVEST":-22918811.52,"NETCASH_FINANCE":-49705962.96,"END_CASH":196038880.08,"DIVI_RATIO":0.128232389095,"DIVIDEND_RATE":0.877192982456,"CURRENT_RATIO":1.613841136849,"COMMON_ACS":50000000000,"CURRENTDEBT_DEBT":81.594558761234,"ISSUED_COMMON_SHARES":300489000,"HK_COMMON_SHARES":300489000,"PER_SHARES":1000,"TOTAL_MARKET_CAP":1027672380,"HKSK_MARKET_CAP":1027672380,"PE_TTM":19.119130434783,"PB_TTM":1.990120549123,"REPORT_DATE_SQ":"2020-06-30 00:00:00","REPORT_TYPE_SQ":"2020年中报","OPERATE_INCOME_SQ":714358492.32,"DPS_HKD":0.03,"OPERATE_INCOME_QOQ_SQ":0,"NET_PROFIT_RATIO_SQ":4.2241382617,"HOLDER_PROFIT_SQ":21665883.36,"HOLDER_PROFIT_QOQ_SQ":0,"ROE_AVG_SQ":null,"PE_TTM_SQ":34.277305387989,"PB_TTM_SQ":5.032701254183,"ROA_SQ":null,"START_DATE":"2021-01-01 00:00:00","FISCAL_YEAR":"12-31","CURRENCY":"HKD","IS_CNY_CODE":0,"DPS_HKD_LY":0.24,"ORG_TYPE":"一般企业","PREMIUM_INCOME":null,"PREMIUM_INCOME_YOY":null,"NET_INTEREST_INCOME":null,"NET_INTEREST_INCOME_YOY":null,"FEE_COMMISSION_INCOME":null,"FEE_COMMISSION_INCOME_YOY":null,"ACCOUNTS_RECE_TDAYS":2.553841518908,"INVENTORY_TDAYS":null,"CURRENT_ASSETS_TDAYS":1.382596894404,"TOTAL_ASSETS_TDAYS":0.992918372407,"PREMIUM_EXPENSE":null,"LOAN_DEPOSIT":null,"LOAN_EQUITY":null,"LOAN_ASSETS":null,"DEPOSIT_EQUITY":null,"DEPOSIT_ASSETS":null,"EQUITY_MULTIPLIER":2.187932826051,"EQUITY_RATIO":1.479287099706},{"SECUCODE":"02130.HK","SECURITY_CODE":"02130","SECURITY_NAME_ABBR":"嘉泓物流","ORG_CODE":"10000083133","STD_REPORT_DATE":"2020-12-31 00:00:00","REPORT_DATE":"2020-12-31 00:00:00","DATE_TYPE_CODE":"001","REPORT_TYPE":"2020年年报","PER_NETCASH_OPERATE":0.74440701408,"PER_OI":6.80234320672,"BPS":0.987757413682,"BASIC_EPS":0.34675568,"DILUTED_EPS":0.34675568,"OPERATE_INCOME":1700585801.68,"OPERATE_INCOME_YOY":36.1703246085,"GROSS_PROFIT":331865385.12,"GROSS_PROFIT_YOY":20.759755812328,"HOLDER_PROFIT":46728694.44,"HOLDER_PROFIT_YOY":135.118997205,"GROSS_PROFIT_RATIO":19.514768663372,"EPS_TTM":0.18691477776,"OPERATE_INCOME_QOQ":25.309532072288,"NET_PROFIT_RATIO":4.0588212586,"ROE_AVG":17.759502538169,"GROSS_PROFIT_QOQ":19.958266951055,"ROA":5.536865315086,"HOLDER_PROFIT_QOQ":248.183124443192,"ROE_YEARLY":17.759502538169,"ROIC_YEARLY":7.684466432621,"TOTAL_ASSETS":879177144,"TOTAL_LIABILITIES":501112456,"TAX_EBT":29.727344392652,"OCF_SALES":10.943390997158,"TOTAL_PARENT_EQUITY":296810237.48,"DEBT_ASSET_RATIO":56.9978939307,"OPERATE_PROFIT":107612932.04,"PRETAX_PROFIT":98222754.56,"NETCASH_OPERATE":186101753.52,"NETCASH_INVEST":-30948786.08,"NETCASH_FINANCE":-30877246.68,"END_CASH":214859750.68,"DIVI_RATIO":0.146140397925,"DIVIDEND_RATE":0.877192982456,"CURRENT_RATIO":1.559952045817,"COMMON_ACS":50000000000,"CURRENTDEBT_DEBT":81.115384615385,"ISSUED_COMMON_SHARES":300489000,"HK_COMMON_SHARES":300489000,"PER_SHARES":1000,"TOTAL_MARKET_CAP":1027672380,"HKSK_MARKET_CAP":1027672380,"PE_TTM":19.119130434783,"PB_TTM":1.990120549123,"REPORT_DATE_SQ":"2019-12-31 00:00:00","REPORT_TYPE_SQ":"2019年年报","OPERATE_INCOME_SQ":1329202257.22,"DPS_HKD":0.03,"OPERATE_INCOME_QOQ_SQ":-1.40945241975,"NET_PROFIT_RATIO_SQ":3.0023270562,"HOLDER_PROFIT_SQ":21152948.92,"HOLDER_PROFIT_QOQ_SQ":4.945618857866,"ROE_AVG_SQ":9.311881383335,"PE_TTM_SQ":34.277305387989,"PB_TTM_SQ":5.032701254183,"ROA_SQ":2.564882378626,"START_DATE":"2020-01-01 00:00:00","FISCAL_YEAR":"12-31","CURRENCY":"HKD","IS_CNY_CODE":0,"DPS_HKD_LY":null,"ORG_TYPE":"一般企业","PREMIUM_INCOME":null,"PREMIUM_INCOME_YOY":null,"NET_INTEREST_INCOME":null,"NET_INTEREST_INCOME_YOY":null,"FEE_COMMISSION_INCOME":null,"FEE_COMMISSION_INCOME_YOY":null,"ACCOUNTS_RECE_TDAYS":5.985901494134,"INVENTORY_TDAYS":null,"CURRENT_ASSETS_TDAYS":2.784259255432,"TOTAL_ASSETS_TDAYS":2.015017678857,"PREMIUM_EXPENSE":null,"LOAN_DEPOSIT":null,"LOAN_EQUITY":null,"LOAN_ASSETS":null,"DEPOSIT_EQUITY":null,"DEPOSIT_ASSETS":null,"EQUITY_MULTIPLIER":2.325467497774,"EQUITY_RATIO":1.688326050525},{"SECUCODE":"02130.HK","SECURITY_CODE":"02130","SECURITY_NAME_ABBR":"嘉泓物流","ORG_CODE":"10000083133","STD_REPORT_DATE":"2020-06-30 00:00:00","REPORT_DATE":"2020-06-30 00:00:00","DATE_TYPE_CODE":"002","REPORT_TYPE":"2020年中报","PER_NETCASH_OPERATE":null,"PER_OI":null,"BPS":null,"BASIC_EPS":null,"DILUTED_EPS":null,"OPERATE_INCOME":714358492.32,"OPERATE_INCOME_YOY":null,"GROSS_PROFIT":156626643.36,"GROSS_PROFIT_YOY":null,"HOLDER_PROFIT":21665883.36,"HOLDER_PROFIT_YOY":null,"GROSS_PROFIT_RATIO":21.925496098091,"EPS_TTM":0.127378526724,"OPERATE_INCOME_QOQ":0,"NET_PROFIT_RATIO":4.2241382617,"ROE_AVG":null,"GROSS_PROFIT_QOQ":0,"ROA":null,"HOLDER_PROFIT_QOQ":0,"ROE_YEARLY":null,"ROIC_YEARLY":null,"TOTAL_ASSETS":null,"TOTAL_LIABILITIES":null,"TAX_EBT":32.411972911594,"OCF_SALES":5.61355816038,"TOTAL_PARENT_EQUITY":null,"DEBT_ASSET_RATIO":null,"OPERATE_PROFIT":49476477.6,"PRETAX_PROFIT":44646206.88,"NETCASH_OPERATE":40100929.44,"NETCASH_INVEST":8697775.68,"NETCASH_FINANCE":-22540045.44,"END_CASH":114840417.12,"DIVI_RATIO":0.214445877987,"DIVIDEND_RATE":0.877192982456,"CURRENT_RATIO":null,"COMMON_ACS":50000000000,"CURRENTDEBT_DEBT":null,"ISSUED_COMMON_SHARES":300489000,"HK_COMMON_SHARES":300489000,"PER_SHARES":1000,"TOTAL_MARKET_CAP":1027672380,"HKSK_MARKET_CAP":1027672380,"PE_TTM":19.119130434783,"PB_TTM":1.990120549123,"REPORT_DATE_SQ":"2019-06-30 00:00:00","REPORT_TYPE_SQ":"2019年中报","OPERATE_INCOME_SQ":null,"DPS_HKD":0.03,"OPERATE_INCOME_QOQ_SQ":0,"NET_PROFIT_RATIO_SQ":null,"HOLDER_PROFIT_SQ":null,"HOLDER_PROFIT_QOQ_SQ":0,"ROE_AVG_SQ":null,"PE_TTM_SQ":34.277305387989,"PB_TTM_SQ":5.032701254183,"ROA_SQ":null,"START_DATE":"2020-01-01 00:00:00","FISCAL_YEAR":"12-31","CURRENCY":"HKD","IS_CNY_CODE":0,"DPS_HKD_LY":null,"ORG_TYPE":"一般企业","PREMIUM_INCOME":null,"PREMIUM_INCOME_YOY":null,"NET_INTEREST_INCOME":null,"NET_INTEREST_INCOME_YOY":null,"FEE_COMMISSION_INCOME":null,"FEE_COMMISSION_INCOME_YOY":null,"ACCOUNTS_RECE_TDAYS":null,"INVENTORY_TDAYS":null,"CURRENT_ASSETS_TDAYS":2.240768915593,"TOTAL_ASSETS_TDAYS":1.627745984766,"PREMIUM_EXPENSE":null,"LOAN_DEPOSIT":null,"LOAN_EQUITY":null,"LOAN_ASSETS":null,"DEPOSIT_EQUITY":null,"DEPOSIT_ASSETS":null,"EQUITY_MULTIPLIER":null,"EQUITY_RATIO":null}],"count":14},"success":true,"message":"ok","code":0}