{"version":"06da1c18d281ce340145a1739049cb8e","result":{"pages":2,"data":[{"SECUCODE":"02132.HK","SECURITY_CODE":"02132","SECURITY_NAME_ABBR":"誉燊丰控股","ORG_CODE":"10994830","STD_REPORT_DATE":"2024-06-30 00:00:00","REPORT_DATE":"2024-09-30 00:00:00","DATE_TYPE_CODE":"002","REPORT_TYPE":"2024年中报","PER_NETCASH_OPERATE":0.019509099413,"PER_OI":0.363246084569,"BPS":0.178924717519,"BASIC_EPS":0.001352685,"DILUTED_EPS":0.001352685,"OPERATE_INCOME":581193735.31,"OPERATE_INCOME_YOY":16.0175334377,"GROSS_PROFIT":10457156.84,"GROSS_PROFIT_YOY":-76.380717379128,"HOLDER_PROFIT":2119206.5,"HOLDER_PROFIT_YOY":-86.6727159304,"GROSS_PROFIT_RATIO":1.799254913583,"EPS_TTM":0.014815859969,"OPERATE_INCOME_QOQ":0,"NET_PROFIT_RATIO":0.3646299627,"ROE_AVG":0.743097102238,"GROSS_PROFIT_QOQ":0,"ROA":0.369118740787,"HOLDER_PROFIT_QOQ":0,"ROE_YEARLY":1.486194204475,"ROIC_YEARLY":0.953915722561,"TOTAL_ASSETS":564232868.99,"TOTAL_LIABILITIES":277953320.96,"TAX_EBT":46.808510638298,"OCF_SALES":5.370766607343,"TOTAL_PARENT_EQUITY":286279548.03,"DEBT_ASSET_RATIO":49.2621639462,"OPERATE_PROFIT":4430494.27,"PRETAX_PROFIT":3984108.22,"NETCASH_OPERATE":31214559.06,"NETCASH_INVEST":-4944514.57,"NETCASH_FINANCE":-1990250.53,"END_CASH":122906762.68,"DIVI_RATIO":null,"DIVIDEND_RATE":null,"CURRENT_RATIO":1.968031329036,"COMMON_ACS":10000000000,"CURRENTDEBT_DEBT":99.416333575581,"ISSUED_COMMON_SHARES":1600000000,"HK_COMMON_SHARES":1600000000,"PER_SHARES":8000,"TOTAL_MARKET_CAP":232000000,"HKSK_MARKET_CAP":232000000,"PE_TTM":21.351003129026,"PB_TTM":0.73080763694,"REPORT_DATE_SQ":"2023-06-30 00:00:00","REPORT_TYPE_SQ":"2023年中报","OPERATE_INCOME_SQ":509752641.3,"DPS_HKD":null,"OPERATE_INCOME_QOQ_SQ":0,"NET_PROFIT_RATIO_SQ":3.1742002844,"HOLDER_PROFIT_SQ":16180569.79,"HOLDER_PROFIT_QOQ_SQ":0,"ROE_AVG_SQ":5.925754161689,"PE_TTM_SQ":20.150438203023,"PB_TTM_SQ":1.905569876334,"ROA_SQ":2.764826663259,"START_DATE":"2024-04-01 00:00:00","FISCAL_YEAR":"3-31","CURRENCY":"HKD","IS_CNY_CODE":0,"DPS_HKD_LY":null,"ORG_TYPE":"一般企业","PREMIUM_INCOME":null,"PREMIUM_INCOME_YOY":null,"NET_INTEREST_INCOME":null,"NET_INTEREST_INCOME_YOY":null,"FEE_COMMISSION_INCOME":null,"FEE_COMMISSION_INCOME_YOY":null,"ACCOUNTS_RECE_TDAYS":9.40701925954,"INVENTORY_TDAYS":null,"CURRENT_ASSETS_TDAYS":1.046801516061,"TOTAL_ASSETS_TDAYS":1.012310502685,"PREMIUM_EXPENSE":null,"LOAN_DEPOSIT":null,"LOAN_EQUITY":null,"LOAN_ASSETS":null,"DEPOSIT_EQUITY":null,"DEPOSIT_ASSETS":null,"EQUITY_MULTIPLIER":1.970915746071,"EQUITY_RATIO":0.97091574607},{"SECUCODE":"02132.HK","SECURITY_CODE":"02132","SECURITY_NAME_ABBR":"誉燊丰控股","ORG_CODE":"10994830","STD_REPORT_DATE":"2023-12-31 00:00:00","REPORT_DATE":"2024-03-31 00:00:00","DATE_TYPE_CODE":"001","REPORT_TYPE":"2023年年报","PER_NETCASH_OPERATE":-0.010321638344,"PER_OI":0.774499094031,"BPS":0.178494595656,"BASIC_EPS":0.015139385,"DILUTED_EPS":0.015139385,"OPERATE_INCOME":1239198550.45,"OPERATE_INCOME_YOY":42.9108058773,"GROSS_PROFIT":73507606.75,"GROSS_PROFIT_YOY":17.206872772006,"HOLDER_PROFIT":23705375.95,"HOLDER_PROFIT_YOY":-20.2555579275,"GROSS_PROFIT_RATIO":5.931866747529,"EPS_TTM":0.015933210388,"OPERATE_INCOME_QOQ":0,"NET_PROFIT_RATIO":1.9129602711,"ROE_AVG":8.663026841502,"GROSS_PROFIT_QOQ":0,"ROA":4.113948944177,"HOLDER_PROFIT_QOQ":0,"ROE_YEARLY":8.663026841502,"ROIC_YEARLY":5.338072116744,"TOTAL_ASSETS":587101724.1,"TOTAL_LIABILITIES":301510371.05,"TAX_EBT":22.441049977755,"OCF_SALES":-1.332685657517,"TOTAL_PARENT_EQUITY":285591353.05,"DEBT_ASSET_RATIO":51.3557291136,"OPERATE_PROFIT":31739222.05,"PRETAX_PROFIT":30564333.25,"NETCASH_OPERATE":-16514621.35,"NETCASH_INVEST":885699.35,"NETCASH_FINANCE":-16140216.2,"END_CASH":99147560.4,"DIVI_RATIO":null,"DIVIDEND_RATE":null,"CURRENT_RATIO":1.901296995667,"COMMON_ACS":10000000000,"CURRENTDEBT_DEBT":99.358070422832,"ISSUED_COMMON_SHARES":1600000000,"HK_COMMON_SHARES":1600000000,"PER_SHARES":8000,"TOTAL_MARKET_CAP":248000000,"HKSK_MARKET_CAP":248000000,"PE_TTM":22.823486103442,"PB_TTM":0.781208163625,"REPORT_DATE_SQ":"2022-12-31 00:00:00","REPORT_TYPE_SQ":"2022年年报","OPERATE_INCOME_SQ":837327914.18,"DPS_HKD":null,"OPERATE_INCOME_QOQ_SQ":0,"NET_PROFIT_RATIO_SQ":3.4282350826,"HOLDER_PROFIT_SQ":28705569.31,"HOLDER_PROFIT_QOQ_SQ":0,"ROE_AVG_SQ":11.947874024642,"PE_TTM_SQ":13.174346619499,"PB_TTM_SQ":1.409599634548,"ROA_SQ":5.572701224631,"START_DATE":"2023-04-01 00:00:00","FISCAL_YEAR":"3-31","CURRENCY":"HKD","IS_CNY_CODE":0,"DPS_HKD_LY":null,"ORG_TYPE":"一般企业","PREMIUM_INCOME":null,"PREMIUM_INCOME_YOY":null,"NET_INTEREST_INCOME":null,"NET_INTEREST_INCOME_YOY":null,"FEE_COMMISSION_INCOME":null,"FEE_COMMISSION_INCOME_YOY":null,"ACCOUNTS_RECE_TDAYS":16.92216940256,"INVENTORY_TDAYS":null,"CURRENT_ASSETS_TDAYS":2.232456996338,"TOTAL_ASSETS_TDAYS":2.1505668499,"PREMIUM_EXPENSE":null,"LOAN_DEPOSIT":null,"LOAN_EQUITY":null,"LOAN_ASSETS":null,"DEPOSIT_EQUITY":null,"DEPOSIT_ASSETS":null,"EQUITY_MULTIPLIER":2.055740546169,"EQUITY_RATIO":1.055740546168},{"SECUCODE":"02132.HK","SECURITY_CODE":"02132","SECURITY_NAME_ABBR":"誉燊丰控股","ORG_CODE":"10994830","STD_REPORT_DATE":"2023-06-30 00:00:00","REPORT_DATE":"2023-09-30 00:00:00","DATE_TYPE_CODE":"002","REPORT_TYPE":"2023年中报","PER_NETCASH_OPERATE":0.0131037564,"PER_OI":0.318595400813,"BPS":0.175766291313,"BASIC_EPS":0.010369219,"DILUTED_EPS":0.010277456,"OPERATE_INCOME":509752641.3,"OPERATE_INCOME_YOY":26.3251968182,"GROSS_PROFIT":44273812.24,"GROSS_PROFIT_YOY":49.955979668839,"HOLDER_PROFIT":16180569.79,"HOLDER_PROFIT_YOY":-17.7642011006,"GROSS_PROFIT_RATIO":8.68535219888,"EPS_TTM":0.017940980819,"OPERATE_INCOME_QOQ":0,"NET_PROFIT_RATIO":3.1742002844,"ROE_AVG":5.925754161689,"GROSS_PROFIT_QOQ":0,"ROA":2.764826663259,"HOLDER_PROFIT_QOQ":0,"ROE_YEARLY":11.851508323378,"ROIC_YEARLY":7.462558655021,"TOTAL_ASSETS":598211255.67,"TOTAL_LIABILITIES":316985189.57,"TAX_EBT":23.851269649335,"OCF_SALES":4.112977264136,"TOTAL_PARENT_EQUITY":281226066.1,"DEBT_ASSET_RATIO":52.9888373991,"OPERATE_PROFIT":21856111.34,"PRETAX_PROFIT":21248640.28,"NETCASH_OPERATE":20966010.24,"NETCASH_INVEST":2910722.36,"NETCASH_FINANCE":-13564406.66,"END_CASH":142829109.5,"DIVI_RATIO":null,"DIVIDEND_RATE":null,"CURRENT_RATIO":1.834882244708,"COMMON_ACS":10000000000,"CURRENTDEBT_DEBT":98.961900653951,"ISSUED_COMMON_SHARES":1600000000,"HK_COMMON_SHARES":1600000000,"PER_SHARES":8000,"TOTAL_MARKET_CAP":267200000,"HKSK_MARKET_CAP":267200000,"PE_TTM":24.590465672741,"PB_TTM":0.841688795648,"REPORT_DATE_SQ":"2022-06-30 00:00:00","REPORT_TYPE_SQ":"2022年中报","OPERATE_INCOME_SQ":397723872.24,"DPS_HKD":null,"OPERATE_INCOME_QOQ_SQ":0,"NET_PROFIT_RATIO_SQ":4.875996598,"HOLDER_PROFIT_SQ":19393002.48,"HOLDER_PROFIT_QOQ_SQ":0,"ROE_AVG_SQ":7.981848943453,"PE_TTM_SQ":13.174346619499,"PB_TTM_SQ":1.409599634548,"ROA_SQ":3.747317352795,"START_DATE":"2023-04-01 00:00:00","FISCAL_YEAR":"3-31","CURRENCY":"HKD","IS_CNY_CODE":0,"DPS_HKD_LY":null,"ORG_TYPE":"一般企业","PREMIUM_INCOME":null,"PREMIUM_INCOME_YOY":null,"NET_INTEREST_INCOME":null,"NET_INTEREST_INCOME_YOY":null,"FEE_COMMISSION_INCOME":null,"FEE_COMMISSION_INCOME_YOY":null,"ACCOUNTS_RECE_TDAYS":7.015521008297,"INVENTORY_TDAYS":null,"CURRENT_ASSETS_TDAYS":0.908015070654,"TOTAL_ASSETS_TDAYS":0.871030941818,"PREMIUM_EXPENSE":null,"LOAN_DEPOSIT":null,"LOAN_EQUITY":null,"LOAN_ASSETS":null,"DEPOSIT_EQUITY":null,"DEPOSIT_ASSETS":null,"EQUITY_MULTIPLIER":2.127154370738,"EQUITY_RATIO":1.127154370738},{"SECUCODE":"02132.HK","SECURITY_CODE":"02132","SECURITY_NAME_ABBR":"誉燊丰控股","ORG_CODE":"10994830","STD_REPORT_DATE":"2022-12-31 00:00:00","REPORT_DATE":"2023-03-31 00:00:00","DATE_TYPE_CODE":"001","REPORT_TYPE":"2022年年报","PER_NETCASH_OPERATE":0.035286135706,"PER_OI":0.523329946363,"BPS":0.157935453756,"BASIC_EPS":0.01838361,"DILUTED_EPS":0.018296069,"OPERATE_INCOME":837327914.18,"OPERATE_INCOME_YOY":-3.7960653363,"GROSS_PROFIT":62716123.22,"GROSS_PROFIT_YOY":-10.864958812247,"HOLDER_PROFIT":28705569.31,"HOLDER_PROFIT_YOY":-20.4681057482,"GROSS_PROFIT_RATIO":7.490031343505,"EPS_TTM":0.018121624375,"OPERATE_INCOME_QOQ":0,"NET_PROFIT_RATIO":3.4282350826,"ROE_AVG":11.947874024642,"GROSS_PROFIT_QOQ":0,"ROA":5.572701224631,"HOLDER_PROFIT_QOQ":0,"ROE_YEARLY":11.947874024642,"ROIC_YEARLY":7.336212692223,"TOTAL_ASSETS":545917931.74,"TOTAL_LIABILITIES":293221205.73,"TAX_EBT":14.54445950172,"OCF_SALES":6.742617339503,"TOTAL_PARENT_EQUITY":252696726.01,"DEBT_ASSET_RATIO":53.7115908238,"OPERATE_PROFIT":35148586.91,"PRETAX_PROFIT":33591232.52,"NETCASH_OPERATE":56457817.13,"NETCASH_INVEST":-13228320.51,"NETCASH_FINANCE":-10797306.94,"END_CASH":126419708.92,"DIVI_RATIO":null,"DIVIDEND_RATE":null,"CURRENT_RATIO":1.79498448266,"COMMON_ACS":10000000000,"CURRENTDEBT_DEBT":99.180780587127,"ISSUED_COMMON_SHARES":1600000000,"HK_COMMON_SHARES":1600000000,"PER_SHARES":8000,"TOTAL_MARKET_CAP":241600000,"HKSK_MARKET_CAP":241600000,"PE_TTM":22.234492913676,"PB_TTM":0.761047952951,"REPORT_DATE_SQ":"2021-12-31 00:00:00","REPORT_TYPE_SQ":"2021年年报","OPERATE_INCOME_SQ":806338582.4,"DPS_HKD":null,"OPERATE_INCOME_QOQ_SQ":0,"NET_PROFIT_RATIO_SQ":4.1468860637,"HOLDER_PROFIT_SQ":33437942.3,"HOLDER_PROFIT_QOQ_SQ":0,"ROE_AVG_SQ":16.901419998032,"PE_TTM_SQ":11.612942575707,"PB_TTM_SQ":1.242535974157,"ROA_SQ":8.922610474924,"START_DATE":"2022-04-01 00:00:00","FISCAL_YEAR":"3-31","CURRENCY":"HKD","IS_CNY_CODE":0,"DPS_HKD_LY":null,"ORG_TYPE":"一般企业","PREMIUM_INCOME":null,"PREMIUM_INCOME_YOY":null,"NET_INTEREST_INCOME":null,"NET_INTEREST_INCOME_YOY":null,"FEE_COMMISSION_INCOME":null,"FEE_COMMISSION_INCOME_YOY":null,"ACCOUNTS_RECE_TDAYS":13.417095084129,"INVENTORY_TDAYS":null,"CURRENT_ASSETS_TDAYS":1.714670366705,"TOTAL_ASSETS_TDAYS":1.62553065657,"PREMIUM_EXPENSE":null,"LOAN_DEPOSIT":null,"LOAN_EQUITY":null,"LOAN_ASSETS":null,"DEPOSIT_EQUITY":null,"DEPOSIT_ASSETS":null,"EQUITY_MULTIPLIER":2.160368044176,"EQUITY_RATIO":1.160368044176},{"SECUCODE":"02132.HK","SECURITY_CODE":"02132","SECURITY_NAME_ABBR":"誉燊丰控股","ORG_CODE":"10994830","STD_REPORT_DATE":"2022-06-30 00:00:00","REPORT_DATE":"2022-09-30 00:00:00","DATE_TYPE_CODE":"002","REPORT_TYPE":"2022年中报","PER_NETCASH_OPERATE":0.030371660475,"PER_OI":0.24857742015,"BPS":0.156597567975,"BASIC_EPS":0.012390828,"DILUTED_EPS":0.012390828,"OPERATE_INCOME":397723872.24,"OPERATE_INCOME_YOY":-8.2156841464,"GROSS_PROFIT":29524539.36,"GROSS_PROFIT_YOY":-26.294952888459,"HOLDER_PROFIT":19393002.48,"HOLDER_PROFIT_YOY":-25.0620347395,"GROSS_PROFIT_RATIO":7.423376221728,"EPS_TTM":0.020898713938,"OPERATE_INCOME_QOQ":0,"NET_PROFIT_RATIO":4.875996598,"ROE_AVG":7.981848943453,"GROSS_PROFIT_QOQ":0,"ROA":3.747317352795,"HOLDER_PROFIT_QOQ":0,"ROE_YEARLY":15.963697886906,"ROIC_YEARLY":10.064563976071,"TOTAL_ASSETS":534670559.28,"TOTAL_LIABILITIES":284114450.52,"TAX_EBT":11.135977454515,"OCF_SALES":12.218189591264,"TOTAL_PARENT_EQUITY":250556108.76,"DEBT_ASSET_RATIO":53.13822607,"OPERATE_PROFIT":22506989.4,"PRETAX_PROFIT":21823232.76,"NETCASH_OPERATE":48594656.76,"NETCASH_INVEST":-1116983.4,"NETCASH_FINANCE":-15290462.64,"END_CASH":129291506.88,"DIVI_RATIO":null,"DIVIDEND_RATE":null,"CURRENT_RATIO":1.804632351989,"COMMON_ACS":10000000000,"CURRENTDEBT_DEBT":98.311224863354,"ISSUED_COMMON_SHARES":1600000000,"HK_COMMON_SHARES":1600000000,"PER_SHARES":8000,"TOTAL_MARKET_CAP":241600000,"HKSK_MARKET_CAP":241600000,"PE_TTM":22.234492913676,"PB_TTM":0.761047952951,"REPORT_DATE_SQ":"2021-06-30 00:00:00","REPORT_TYPE_SQ":"2021年中报","OPERATE_INCOME_SQ":399125710.48,"DPS_HKD":null,"OPERATE_INCOME_QOQ_SQ":0,"NET_PROFIT_RATIO_SQ":5.9721398933,"HOLDER_PROFIT_SQ":23836345.78,"HOLDER_PROFIT_QOQ_SQ":0,"ROE_AVG_SQ":11.949242966827,"PE_TTM_SQ":11.612942575707,"PB_TTM_SQ":1.242535974157,"ROA_SQ":7.014571913275,"START_DATE":"2022-04-01 00:00:00","FISCAL_YEAR":"3-31","CURRENCY":"HKD","IS_CNY_CODE":0,"DPS_HKD_LY":null,"ORG_TYPE":"一般企业","PREMIUM_INCOME":null,"PREMIUM_INCOME_YOY":null,"NET_INTEREST_INCOME":null,"NET_INTEREST_INCOME_YOY":null,"FEE_COMMISSION_INCOME":null,"FEE_COMMISSION_INCOME_YOY":null,"ACCOUNTS_RECE_TDAYS":8.40035531104,"INVENTORY_TDAYS":null,"CURRENT_ASSETS_TDAYS":0.816859312234,"TOTAL_ASSETS_TDAYS":0.76852337311,"PREMIUM_EXPENSE":null,"LOAN_DEPOSIT":null,"LOAN_EQUITY":null,"LOAN_ASSETS":null,"DEPOSIT_EQUITY":null,"DEPOSIT_ASSETS":null,"EQUITY_MULTIPLIER":2.133935436362,"EQUITY_RATIO":1.133935436362},{"SECUCODE":"02132.HK","SECURITY_CODE":"02132","SECURITY_NAME_ABBR":"誉燊丰控股","ORG_CODE":"10994830","STD_REPORT_DATE":"2021-12-31 00:00:00","REPORT_DATE":"2022-03-31 00:00:00","DATE_TYPE_CODE":"001","REPORT_TYPE":"2021年年报","PER_NETCASH_OPERATE":0.008413721869,"PER_OI":0.503961614,"BPS":0.1319107765,"BASIC_EPS":0.020924058,"DILUTED_EPS":0.020924058,"OPERATE_INCOME":806338582.4,"OPERATE_INCOME_YOY":56.7094545179,"GROSS_PROFIT":70360794.57,"GROSS_PROFIT_YOY":23.546708950433,"HOLDER_PROFIT":33437942.3,"HOLDER_PROFIT_YOY":-13.8762977043,"GROSS_PROFIT_RATIO":8.725961538462,"EPS_TTM":0.02932724755,"OPERATE_INCOME_QOQ":0,"NET_PROFIT_RATIO":4.1468860637,"ROE_AVG":16.901419998032,"GROSS_PROFIT_QOQ":0,"ROA":8.922610474924,"HOLDER_PROFIT_QOQ":0,"ROE_YEARLY":16.901419998032,"ROIC_YEARLY":12.133161670039,"TOTAL_ASSETS":448675062.3,"TOTAL_LIABILITIES":237617819.9,"TAX_EBT":15.175081265687,"OCF_SALES":1.669516414548,"TOTAL_PARENT_EQUITY":211057242.4,"DEBT_ASSET_RATIO":52.9598901,"OPERATE_PROFIT":40112554.6,"PRETAX_PROFIT":39419952.06,"NETCASH_OPERATE":13461954.99,"NETCASH_INVEST":-15539762.61,"NETCASH_FINANCE":-247358.05,"END_CASH":87073277.64,"DIVI_RATIO":null,"DIVIDEND_RATE":null,"CURRENT_RATIO":1.802968183159,"COMMON_ACS":10000000000,"CURRENTDEBT_DEBT":98.315642172088,"ISSUED_COMMON_SHARES":1600000000,"HK_COMMON_SHARES":1600000000,"PER_SHARES":8000,"TOTAL_MARKET_CAP":241600000,"HKSK_MARKET_CAP":241600000,"PE_TTM":22.234492913676,"PB_TTM":0.761047952951,"REPORT_DATE_SQ":"2020-12-31 00:00:00","REPORT_TYPE_SQ":"2020年年报","OPERATE_INCOME_SQ":536222760.64,"DPS_HKD":null,"OPERATE_INCOME_QOQ_SQ":0,"NET_PROFIT_RATIO_SQ":7.5456144554,"HOLDER_PROFIT_SQ":40461302.14,"HOLDER_PROFIT_QOQ_SQ":0,"ROE_AVG_SQ":28.193010197021,"PE_TTM_SQ":11.612942575707,"PB_TTM_SQ":1.242535974157,"ROA_SQ":15.478428716231,"START_DATE":"2021-04-01 00:00:00","FISCAL_YEAR":"3-31","CURRENCY":"HKD","IS_CNY_CODE":0,"DPS_HKD_LY":0.003125,"ORG_TYPE":"一般企业","PREMIUM_INCOME":null,"PREMIUM_INCOME_YOY":null,"NET_INTEREST_INCOME":null,"NET_INTEREST_INCOME_YOY":null,"FEE_COMMISSION_INCOME":null,"FEE_COMMISSION_INCOME_YOY":null,"ACCOUNTS_RECE_TDAYS":14.972592012529,"INVENTORY_TDAYS":null,"CURRENT_ASSETS_TDAYS":2.328657234837,"TOTAL_ASSETS_TDAYS":2.151641095947,"PREMIUM_EXPENSE":null,"LOAN_DEPOSIT":null,"LOAN_EQUITY":null,"LOAN_ASSETS":null,"DEPOSIT_EQUITY":null,"DEPOSIT_ASSETS":null,"EQUITY_MULTIPLIER":2.125845373503,"EQUITY_RATIO":1.125845373501},{"SECUCODE":"02132.HK","SECURITY_CODE":"02132","SECURITY_NAME_ABBR":"誉燊丰控股","ORG_CODE":"10994830","STD_REPORT_DATE":"2021-06-30 00:00:00","REPORT_DATE":"2021-09-30 00:00:00","DATE_TYPE_CODE":"002","REPORT_TYPE":"2021年中报","PER_NETCASH_OPERATE":-0.0078349293,"PER_OI":0.24945356905,"BPS":0.130822180413,"BASIC_EPS":0.014911774,"DILUTED_EPS":0.014911774,"OPERATE_INCOME":399125710.48,"OPERATE_INCOME_YOY":118.2784039655,"GROSS_PROFIT":40057690.1,"GROSS_PROFIT_YOY":104.818303866921,"HOLDER_PROFIT":23836345.78,"HOLDER_PROFIT_YOY":44.7147481287,"GROSS_PROFIT_RATIO":10.036359234244,"EPS_TTM":0.025288313838,"OPERATE_INCOME_QOQ":0,"NET_PROFIT_RATIO":5.9721398933,"ROE_AVG":11.949242966827,"GROSS_PROFIT_QOQ":0,"ROA":7.014571913275,"HOLDER_PROFIT_QOQ":0,"ROE_YEARLY":23.898485933653,"ROIC_YEARLY":19.212478408372,"TOTAL_ASSETS":370609233.62,"TOTAL_LIABILITIES":161293744.96,"TAX_EBT":17.927315492069,"OCF_SALES":-3.140836721574,"TOTAL_PARENT_EQUITY":209315488.66,"DEBT_ASSET_RATIO":43.5212429503,"OPERATE_PROFIT":29291222.66,"PRETAX_PROFIT":29042970.78,"NETCASH_OPERATE":-12535886.88,"NETCASH_INVEST":-10364099.46,"NETCASH_FINANCE":3528842.16,"END_CASH":72457892.68,"DIVI_RATIO":null,"DIVIDEND_RATE":null,"CURRENT_RATIO":2.187956742498,"COMMON_ACS":10000000000,"CURRENTDEBT_DEBT":96.33036525907,"ISSUED_COMMON_SHARES":1600000000,"HK_COMMON_SHARES":1600000000,"PER_SHARES":8000,"TOTAL_MARKET_CAP":241600000,"HKSK_MARKET_CAP":241600000,"PE_TTM":22.234492913676,"PB_TTM":0.761047952951,"REPORT_DATE_SQ":"2020-06-30 00:00:00","REPORT_TYPE_SQ":"2020年中报","OPERATE_INCOME_SQ":192873767.68,"DPS_HKD":null,"OPERATE_INCOME_QOQ_SQ":0,"NET_PROFIT_RATIO_SQ":9.0079911068,"HOLDER_PROFIT_SQ":17374051.84,"HOLDER_PROFIT_QOQ_SQ":0,"ROE_AVG_SQ":17.521068349181,"PE_TTM_SQ":11.612942575707,"PB_TTM_SQ":1.242535974157,"ROA_SQ":8.133429043318,"START_DATE":"2021-04-01 00:00:00","FISCAL_YEAR":"3-31","CURRENCY":"HKD","IS_CNY_CODE":0,"DPS_HKD_LY":0.003125,"ORG_TYPE":"一般企业","PREMIUM_INCOME":null,"PREMIUM_INCOME_YOY":null,"NET_INTEREST_INCOME":null,"NET_INTEREST_INCOME_YOY":null,"FEE_COMMISSION_INCOME":null,"FEE_COMMISSION_INCOME_YOY":null,"ACCOUNTS_RECE_TDAYS":9.433209620099,"INVENTORY_TDAYS":null,"CURRENT_ASSETS_TDAYS":1.290281576159,"TOTAL_ASSETS_TDAYS":1.174549163047,"PREMIUM_EXPENSE":null,"LOAN_DEPOSIT":null,"LOAN_EQUITY":null,"LOAN_ASSETS":null,"DEPOSIT_EQUITY":null,"DEPOSIT_ASSETS":null,"EQUITY_MULTIPLIER":1.77057720856,"EQUITY_RATIO":0.77057720856},{"SECUCODE":"02132.HK","SECURITY_CODE":"02132","SECURITY_NAME_ABBR":"誉燊丰控股","ORG_CODE":"10994830","STD_REPORT_DATE":"2020-12-31 00:00:00","REPORT_DATE":"2021-03-31 00:00:00","DATE_TYPE_CODE":"001","REPORT_TYPE":"2020年年报","PER_NETCASH_OPERATE":0.015588288625,"PER_OI":0.3351392254,"BPS":0.1202522104,"BASIC_EPS":0.028398048,"DILUTED_EPS":0.028398048,"OPERATE_INCOME":536222760.64,"OPERATE_INCOME_YOY":4.1453065111,"GROSS_PROFIT":56950763.94,"GROSS_PROFIT_YOY":-16.805931440444,"HOLDER_PROFIT":40461302.14,"HOLDER_PROFIT_YOY":18.3539766125,"GROSS_PROFIT_RATIO":10.620728570348,"EPS_TTM":0.021715722494,"OPERATE_INCOME_QOQ":0,"NET_PROFIT_RATIO":7.5456144554,"ROE_AVG":28.193010197021,"GROSS_PROFIT_QOQ":0,"ROA":15.478428716231,"HOLDER_PROFIT_QOQ":0,"ROE_YEARLY":28.193010197021,"ROIC_YEARLY":21.938907614437,"TOTAL_ASSETS":313510224.02,"TOTAL_LIABILITIES":121106687.38,"TAX_EBT":16.06529209622,"OCF_SALES":4.651287418354,"TOTAL_PARENT_EQUITY":192403536.64,"DEBT_ASSET_RATIO":38.6292624933,"OPERATE_PROFIT":48698426.42,"PRETAX_PROFIT":48205686.48,"NETCASH_OPERATE":24941261.8,"NETCASH_INVEST":-17759767.34,"NETCASH_FINANCE":44886664.62,"END_CASH":93165036.58,"DIVI_RATIO":null,"DIVIDEND_RATE":null,"CURRENT_RATIO":2.416227927635,"COMMON_ACS":10000000000,"CURRENTDEBT_DEBT":96.632028529356,"ISSUED_COMMON_SHARES":1600000000,"HK_COMMON_SHARES":1600000000,"PER_SHARES":8000,"TOTAL_MARKET_CAP":241600000,"HKSK_MARKET_CAP":241600000,"PE_TTM":22.234492913676,"PB_TTM":0.761047952951,"REPORT_DATE_SQ":"2019-12-31 00:00:00","REPORT_TYPE_SQ":"2019年年报","OPERATE_INCOME_SQ":556621471.5,"DPS_HKD":null,"OPERATE_INCOME_QOQ_SQ":0,"NET_PROFIT_RATIO_SQ":6.6397458942,"HOLDER_PROFIT_SQ":36958251.3,"HOLDER_PROFIT_QOQ_SQ":0,"ROE_AVG_SQ":44.092591280461,"PE_TTM_SQ":11.612942575707,"PB_TTM_SQ":1.242535974157,"ROA_SQ":17.33300766185,"START_DATE":"2020-04-01 00:00:00","FISCAL_YEAR":"3-31","CURRENCY":"HKD","IS_CNY_CODE":0,"DPS_HKD_LY":null,"ORG_TYPE":"一般企业","PREMIUM_INCOME":null,"PREMIUM_INCOME_YOY":null,"NET_INTEREST_INCOME":null,"NET_INTEREST_INCOME_YOY":null,"FEE_COMMISSION_INCOME":null,"FEE_COMMISSION_INCOME_YOY":null,"ACCOUNTS_RECE_TDAYS":9.842506981074,"INVENTORY_TDAYS":null,"CURRENT_ASSETS_TDAYS":2.234526528592,"TOTAL_ASSETS_TDAYS":2.051314549361,"PREMIUM_EXPENSE":null,"LOAN_DEPOSIT":null,"LOAN_EQUITY":null,"LOAN_ASSETS":null,"DEPOSIT_EQUITY":null,"DEPOSIT_ASSETS":null,"EQUITY_MULTIPLIER":1.62944106691,"EQUITY_RATIO":0.62944106691},{"SECUCODE":"02132.HK","SECURITY_CODE":"02132","SECURITY_NAME_ABBR":"誉燊丰控股","ORG_CODE":"10994830","STD_REPORT_DATE":"2020-06-30 00:00:00","REPORT_DATE":"2020-09-30 00:00:00","DATE_TYPE_CODE":"002","REPORT_TYPE":"2020年中报","PER_NETCASH_OPERATE":1429.325952,"PER_OI":19287.376768,"BPS":0.0624621636,"BASIC_EPS":0.01449888,"DILUTED_EPS":0.01449888,"OPERATE_INCOME":192873767.68,"OPERATE_INCOME_YOY":-32.3424337046,"GROSS_PROFIT":19557671.04,"GROSS_PROFIT_YOY":-42.429181275302,"HOLDER_PROFIT":17374051.84,"HOLDER_PROFIT_YOY":-8.9477319825,"GROSS_PROFIT_RATIO":10.14014050498,"EPS_TTM":184.7912565,"OPERATE_INCOME_QOQ":0,"NET_PROFIT_RATIO":9.0079911068,"ROE_AVG":17.521068349181,"GROSS_PROFIT_QOQ":0,"ROA":8.133429043318,"HOLDER_PROFIT_QOQ":0,"ROE_YEARLY":35.042136698362,"ROIC_YEARLY":20.55242703561,"TOTAL_ASSETS":209621292.16,"TOTAL_LIABILITIES":109681830.4,"TAX_EBT":8.190936106984,"OCF_SALES":7.410680929775,"TOTAL_PARENT_EQUITY":99939461.76,"DEBT_ASSET_RATIO":52.3238022578,"OPERATE_PROFIT":19262421.12,"PRETAX_PROFIT":18924113.92,"NETCASH_OPERATE":14293259.52,"NETCASH_INVEST":-2597496.32,"NETCASH_FINANCE":-28235031.04,"END_CASH":26188492.16,"DIVI_RATIO":null,"DIVIDEND_RATE":null,"CURRENT_RATIO":1.780742431427,"COMMON_ACS":10000000000,"CURRENTDEBT_DEBT":99.686748918443,"ISSUED_COMMON_SHARES":1600000000,"HK_COMMON_SHARES":1600000000,"PER_SHARES":8000,"TOTAL_MARKET_CAP":241600000,"HKSK_MARKET_CAP":241600000,"PE_TTM":22.234492913676,"PB_TTM":0.761047952951,"REPORT_DATE_SQ":"2019-06-30 00:00:00","REPORT_TYPE_SQ":"2019年中报","OPERATE_INCOME_SQ":292629182.19,"DPS_HKD":null,"OPERATE_INCOME_QOQ_SQ":0,"NET_PROFIT_RATIO_SQ":6.6935043878,"HOLDER_PROFIT_SQ":19587147.15,"HOLDER_PROFIT_QOQ_SQ":0,"ROE_AVG_SQ":26.362913457044,"PE_TTM_SQ":11.612942575707,"PB_TTM_SQ":1.242535974157,"ROA_SQ":9.477318156822,"START_DATE":"2020-04-01 00:00:00","FISCAL_YEAR":"3-31","CURRENCY":"HKD","IS_CNY_CODE":0,"DPS_HKD_LY":null,"ORG_TYPE":"一般企业","PREMIUM_INCOME":null,"PREMIUM_INCOME_YOY":null,"NET_INTEREST_INCOME":null,"NET_INTEREST_INCOME_YOY":null,"FEE_COMMISSION_INCOME":null,"FEE_COMMISSION_INCOME_YOY":null,"ACCOUNTS_RECE_TDAYS":3.331496786042,"INVENTORY_TDAYS":null,"CURRENT_ASSETS_TDAYS":0.965080286322,"TOTAL_ASSETS_TDAYS":0.902912641328,"PREMIUM_EXPENSE":null,"LOAN_DEPOSIT":null,"LOAN_EQUITY":null,"LOAN_ASSETS":null,"DEPOSIT_EQUITY":null,"DEPOSIT_ASSETS":null,"EQUITY_MULTIPLIER":2.097482700712,"EQUITY_RATIO":1.097482700711}],"count":16},"success":true,"message":"ok","code":0}