{"version":"0a947e56f288697c63832a7c9a6faee4","result":{"pages":3,"data":[{"SECUCODE":"02139.HK","SECURITY_CODE":"02139","SECURITY_NAME_ABBR":"甘肃银行","ORG_CODE":"10181281","STD_REPORT_DATE":"2024-06-30 00:00:00","REPORT_DATE":"2024-06-30 00:00:00","DATE_TYPE_CODE":"002","REPORT_TYPE":"2024年中报","PER_NETCASH_OPERATE":0.120786675817,"PER_OI":0.209480538308,"BPS":2.226962687479,"BASIC_EPS":0.0261,"DILUTED_EPS":0.0261,"OPERATE_INCOME":3156828000,"OPERATE_INCOME_YOY":-9.4629688529,"GROSS_PROFIT":null,"GROSS_PROFIT_YOY":null,"HOLDER_PROFIT":393681000,"HOLDER_PROFIT_YOY":-3.3292489177,"GROSS_PROFIT_RATIO":null,"EPS_TTM":0.04187204628,"OPERATE_INCOME_QOQ":-4.950427162692,"NET_PROFIT_RATIO":12.4970064888,"ROE_AVG":1.180497020128,"GROSS_PROFIT_QOQ":null,"ROA":0.097113825174,"HOLDER_PROFIT_QOQ":-2.103447152403,"ROE_YEARLY":2.360994040256,"ROIC_YEARLY":0.204102581599,"TOTAL_ASSETS":422173357000,"TOTAL_LIABILITIES":388570231000,"TAX_EBT":-16.468473043109,"OCF_SALES":57.660094246503,"TOTAL_PARENT_EQUITY":33559863000,"DEBT_ASSET_RATIO":92.0404437081,"OPERATE_PROFIT":338622000,"PRETAX_PROFIT":338726000,"NETCASH_OPERATE":1820230000,"NETCASH_INVEST":-8469154000,"NETCASH_FINANCE":9506926000,"END_CASH":23601216000,"DIVI_RATIO":null,"DIVIDEND_RATE":null,"CURRENT_RATIO":null,"COMMON_ACS":null,"CURRENTDEBT_DEBT":null,"ISSUED_COMMON_SHARES":15069791330,"HK_COMMON_SHARES":3793800000,"PER_SHARES":1000,"TOTAL_MARKET_CAP":3737308249.84,"HKSK_MARKET_CAP":940862400,"PE_TTM":5.332088114037,"PB_TTM":0.101638272286,"REPORT_DATE_SQ":"2023-06-30 00:00:00","REPORT_TYPE_SQ":"2023年中报","OPERATE_INCOME_SQ":3486781000,"DPS_HKD":null,"OPERATE_INCOME_QOQ_SQ":7.34343466534,"NET_PROFIT_RATIO_SQ":11.7009929789,"HOLDER_PROFIT_SQ":407239000,"HOLDER_PROFIT_QOQ_SQ":2.217709044298,"ROE_AVG_SQ":1.243176994783,"PE_TTM_SQ":8.877259014477,"PB_TTM_SQ":0.162308772815,"ROA_SQ":0.106158253754,"START_DATE":"2024-01-01 00:00:00","FISCAL_YEAR":"12-31","CURRENCY":"HKD","IS_CNY_CODE":0,"DPS_HKD_LY":null,"ORG_TYPE":"银行","PREMIUM_INCOME":null,"PREMIUM_INCOME_YOY":null,"NET_INTEREST_INCOME":2537133000,"NET_INTEREST_INCOME_YOY":-11.579144366576,"FEE_COMMISSION_INCOME":null,"FEE_COMMISSION_INCOME_YOY":null,"ACCOUNTS_RECE_TDAYS":null,"INVENTORY_TDAYS":null,"CURRENT_ASSETS_TDAYS":null,"TOTAL_ASSETS_TDAYS":0.00778731111,"PREMIUM_EXPENSE":null,"LOAN_DEPOSIT":72.817021388455,"LOAN_EQUITY":6.970722247686,"LOAN_ASSETS":55.483856125956,"DEPOSIT_EQUITY":9.572929673269,"DEPOSIT_ASSETS":76.196272613196,"EQUITY_MULTIPLIER":12.56351438858,"EQUITY_RATIO":11.578421252792},{"SECUCODE":"02139.HK","SECURITY_CODE":"02139","SECURITY_NAME_ABBR":"甘肃银行","ORG_CODE":"10181281","STD_REPORT_DATE":"2023-12-31 00:00:00","REPORT_DATE":"2023-12-31 00:00:00","DATE_TYPE_CODE":"001","REPORT_TYPE":"2023年年报","PER_NETCASH_OPERATE":0.703735623657,"PER_OI":0.442284956311,"BPS":2.198944648559,"BASIC_EPS":0.0428,"DILUTED_EPS":0.0428,"OPERATE_INCOME":6665142000,"OPERATE_INCOME_YOY":2.1196617759,"GROSS_PROFIT":null,"GROSS_PROFIT_YOY":null,"HOLDER_PROFIT":644561000,"HOLDER_PROFIT_YOY":7.1706953714,"GROSS_PROFIT_RATIO":null,"EPS_TTM":0.042771726953,"OPERATE_INCOME_QOQ":-4.866411165034,"NET_PROFIT_RATIO":9.7014587236,"ROE_AVG":1.962238355941,"GROSS_PROFIT_QOQ":null,"ROA":0.168338594527,"HOLDER_PROFIT_QOQ":4.971890715793,"ROE_YEARLY":1.962238355941,"ROIC_YEARLY":0.177464355307,"TOTAL_ASSETS":388588652000,"TOTAL_LIABILITIES":355408580000,"TAX_EBT":-13.53342533773,"OCF_SALES":159.113624285874,"TOTAL_PARENT_EQUITY":33137637000,"DEBT_ASSET_RATIO":91.4613893563,"OPERATE_PROFIT":569357000,"PRETAX_PROFIT":569538000,"NETCASH_OPERATE":10605149000,"NETCASH_INVEST":-681385000,"NETCASH_FINANCE":-4599349000,"END_CASH":20743214000,"DIVI_RATIO":null,"DIVIDEND_RATE":null,"CURRENT_RATIO":null,"COMMON_ACS":null,"CURRENTDEBT_DEBT":null,"ISSUED_COMMON_SHARES":15069791330,"HK_COMMON_SHARES":3793800000,"PER_SHARES":1000,"TOTAL_MARKET_CAP":3993494702.45,"HKSK_MARKET_CAP":1005357000,"PE_TTM":5.697594154112,"PB_TTM":0.108605411918,"REPORT_DATE_SQ":"2022-12-31 00:00:00","REPORT_TYPE_SQ":"2022年年报","OPERATE_INCOME_SQ":6526796000,"DPS_HKD":null,"OPERATE_INCOME_QOQ_SQ":3.518797488572,"NET_PROFIT_RATIO_SQ":9.2476614866,"HOLDER_PROFIT_SQ":601434000,"HOLDER_PROFIT_QOQ_SQ":3.015648445874,"ROE_AVG_SQ":1.860257013748,"PE_TTM_SQ":8.531391780147,"PB_TTM_SQ":0.155985054393,"ROA_SQ":0.163301408557,"START_DATE":"2023-01-01 00:00:00","FISCAL_YEAR":"12-31","CURRENCY":"HKD","IS_CNY_CODE":0,"DPS_HKD_LY":null,"ORG_TYPE":"银行","PREMIUM_INCOME":null,"PREMIUM_INCOME_YOY":null,"NET_INTEREST_INCOME":5434532000,"NET_INTEREST_INCOME_YOY":7.233910223182,"FEE_COMMISSION_INCOME":379909000,"FEE_COMMISSION_INCOME_YOY":null,"ACCOUNTS_RECE_TDAYS":null,"INVENTORY_TDAYS":null,"CURRENT_ASSETS_TDAYS":null,"TOTAL_ASSETS_TDAYS":0.017407206402,"PREMIUM_EXPENSE":null,"LOAN_DEPOSIT":74.265781936912,"LOAN_EQUITY":6.61532913491,"LOAN_ASSETS":56.485719763119,"DEPOSIT_EQUITY":8.90764085744,"DEPOSIT_ASSETS":76.058877035864,"EQUITY_MULTIPLIER":11.711507196289,"EQUITY_RATIO":10.72522401039},{"SECUCODE":"02139.HK","SECURITY_CODE":"02139","SECURITY_NAME_ABBR":"甘肃银行","ORG_CODE":"10181281","STD_REPORT_DATE":"2023-06-30 00:00:00","REPORT_DATE":"2023-06-30 00:00:00","DATE_TYPE_CODE":"002","REPORT_TYPE":"2023年中报","PER_NETCASH_OPERATE":0.621108334882,"PER_OI":0.231375532922,"BPS":2.186956957685,"BASIC_EPS":0.027,"DILUTED_EPS":0.027,"OPERATE_INCOME":3486781000,"OPERATE_INCOME_YOY":15.9365783427,"GROSS_PROFIT":null,"GROSS_PROFIT_YOY":null,"HOLDER_PROFIT":407239000,"HOLDER_PROFIT_YOY":3.3819307113,"GROSS_PROFIT_RATIO":null,"EPS_TTM":0.040745886028,"OPERATE_INCOME_QOQ":7.34343466534,"NET_PROFIT_RATIO":11.7009929789,"ROE_AVG":1.243176994783,"GROSS_PROFIT_QOQ":null,"ROA":0.106158253754,"HOLDER_PROFIT_QOQ":2.217709044298,"ROE_YEARLY":2.486353989566,"ROIC_YEARLY":0.223622443734,"TOTAL_ASSETS":390027565000,"TOTAL_LIABILITIES":357029451000,"TAX_EBT":-9.841021982312,"OCF_SALES":268.441665823004,"TOTAL_PARENT_EQUITY":32956985000,"DEBT_ASSET_RATIO":91.539543109,"OPERATE_PROFIT":371124000,"PRETAX_PROFIT":371435000,"NETCASH_OPERATE":9359973000,"NETCASH_INVEST":8478001000,"NETCASH_FINANCE":-4118805000,"END_CASH":29137968000,"DIVI_RATIO":null,"DIVIDEND_RATE":null,"CURRENT_RATIO":null,"COMMON_ACS":null,"CURRENTDEBT_DEBT":null,"ISSUED_COMMON_SHARES":15069791330,"HK_COMMON_SHARES":3793800000,"PER_SHARES":1000,"TOTAL_MARKET_CAP":3993494702.45,"HKSK_MARKET_CAP":1005357000,"PE_TTM":5.697594154112,"PB_TTM":0.108605411918,"REPORT_DATE_SQ":"2022-06-30 00:00:00","REPORT_TYPE_SQ":"2022年中报","OPERATE_INCOME_SQ":3007490000,"DPS_HKD":null,"OPERATE_INCOME_QOQ_SQ":0.435036927961,"NET_PROFIT_RATIO_SQ":13.140991325,"HOLDER_PROFIT_SQ":393917000,"HOLDER_PROFIT_QOQ_SQ":2.185208225635,"ROE_AVG_SQ":1.22319212538,"PE_TTM_SQ":8.531391780147,"PB_TTM_SQ":0.155985054393,"ROA_SQ":0.107442003804,"START_DATE":"2023-01-01 00:00:00","FISCAL_YEAR":"12-31","CURRENCY":"HKD","IS_CNY_CODE":0,"DPS_HKD_LY":null,"ORG_TYPE":"银行","PREMIUM_INCOME":null,"PREMIUM_INCOME_YOY":null,"NET_INTEREST_INCOME":2869383000,"NET_INTEREST_INCOME_YOY":20.99407676216,"FEE_COMMISSION_INCOME":null,"FEE_COMMISSION_INCOME_YOY":null,"ACCOUNTS_RECE_TDAYS":null,"INVENTORY_TDAYS":null,"CURRENT_ASSETS_TDAYS":null,"TOTAL_ASSETS_TDAYS":0.009089271464,"PREMIUM_EXPENSE":null,"LOAN_DEPOSIT":76.355571534082,"LOAN_EQUITY":6.786116109545,"LOAN_ASSETS":57.4136428024,"DEPOSIT_EQUITY":8.887519238221,"DEPOSIT_ASSETS":75.192473383259,"EQUITY_MULTIPLIER":11.819692634611,"EQUITY_RATIO":10.833195178503},{"SECUCODE":"02139.HK","SECURITY_CODE":"02139","SECURITY_NAME_ABBR":"甘肃银行","ORG_CODE":"10181281","STD_REPORT_DATE":"2022-12-31 00:00:00","REPORT_DATE":"2022-12-31 00:00:00","DATE_TYPE_CODE":"001","REPORT_TYPE":"2022年年报","PER_NETCASH_OPERATE":0.236162526877,"PER_OI":0.433104603579,"BPS":2.160923883211,"BASIC_EPS":0.0399,"DILUTED_EPS":0.0399,"OPERATE_INCOME":6526796000,"OPERATE_INCOME_YOY":3.969142485,"GROSS_PROFIT":null,"GROSS_PROFIT_YOY":null,"HOLDER_PROFIT":601434000,"HOLDER_PROFIT_YOY":5.2667548694,"GROSS_PROFIT_RATIO":null,"EPS_TTM":0.039861865825,"OPERATE_INCOME_QOQ":3.518797488572,"NET_PROFIT_RATIO":9.2476614866,"ROE_AVG":1.860257013748,"GROSS_PROFIT_QOQ":null,"ROA":0.163301408557,"HOLDER_PROFIT_QOQ":3.015648445874,"ROE_YEARLY":1.860257013748,"ROIC_YEARLY":0.172882590748,"TOTAL_ASSETS":377202463000,"TOTAL_LIABILITIES":344603216000,"TAX_EBT":-5.940597530916,"OCF_SALES":54.527826517023,"TOTAL_PARENT_EQUITY":32558867000,"DEBT_ASSET_RATIO":91.356087195,"OPERATE_PROFIT":570554000,"PRETAX_PROFIT":570414000,"NETCASH_OPERATE":3558920000,"NETCASH_INVEST":-11028569000,"NETCASH_FINANCE":-3811194000,"END_CASH":15418799000,"DIVI_RATIO":null,"DIVIDEND_RATE":null,"CURRENT_RATIO":null,"COMMON_ACS":null,"CURRENTDEBT_DEBT":null,"ISSUED_COMMON_SHARES":15069791330,"HK_COMMON_SHARES":3793800000,"PER_SHARES":1000,"TOTAL_MARKET_CAP":3993494702.45,"HKSK_MARKET_CAP":1005357000,"PE_TTM":5.697594154112,"PB_TTM":0.108605411918,"REPORT_DATE_SQ":"2021-12-31 00:00:00","REPORT_TYPE_SQ":"2021年年报","OPERATE_INCOME_SQ":6277628000,"DPS_HKD":null,"OPERATE_INCOME_QOQ_SQ":0.764817864584,"NET_PROFIT_RATIO_SQ":9.1323665563,"HOLDER_PROFIT_SQ":570655000,"HOLDER_PROFIT_QOQ_SQ":-0.482715203262,"ROE_AVG_SQ":1.798828636004,"PE_TTM_SQ":8.531391780147,"PB_TTM_SQ":0.155985054393,"ROA_SQ":0.162842270572,"START_DATE":"2022-01-01 00:00:00","FISCAL_YEAR":"12-31","CURRENCY":"HKD","IS_CNY_CODE":0,"DPS_HKD_LY":null,"ORG_TYPE":"银行","PREMIUM_INCOME":null,"PREMIUM_INCOME_YOY":null,"NET_INTEREST_INCOME":5067923000,"NET_INTEREST_INCOME_YOY":2.917537187344,"FEE_COMMISSION_INCOME":399978000,"FEE_COMMISSION_INCOME_YOY":null,"ACCOUNTS_RECE_TDAYS":null,"INVENTORY_TDAYS":null,"CURRENT_ASSETS_TDAYS":null,"TOTAL_ASSETS_TDAYS":0.017742920547,"PREMIUM_EXPENSE":null,"LOAN_DEPOSIT":75.302568077302,"LOAN_EQUITY":6.445660324608,"LOAN_ASSETS":55.70580619459,"DEPOSIT_EQUITY":8.559681946028,"DEPOSIT_ASSETS":73.975971360505,"EQUITY_MULTIPLIER":11.56883488484,"EQUITY_RATIO":10.584005149811},{"SECUCODE":"02139.HK","SECURITY_CODE":"02139","SECURITY_NAME_ABBR":"甘肃银行","ORG_CODE":"10181281","STD_REPORT_DATE":"2022-06-30 00:00:00","REPORT_DATE":"2022-06-30 00:00:00","DATE_TYPE_CODE":"002","REPORT_TYPE":"2022年中报","PER_NETCASH_OPERATE":-0.196541938448,"PER_OI":0.199570779325,"BPS":2.149277072969,"BASIC_EPS":0.0261,"DILUTED_EPS":0.0261,"OPERATE_INCOME":3007490000,"OPERATE_INCOME_YOY":0.9163876007,"GROSS_PROFIT":null,"GROSS_PROFIT_YOY":null,"HOLDER_PROFIT":393917000,"HOLDER_PROFIT_YOY":3.2691304428,"GROSS_PROFIT_RATIO":null,"EPS_TTM":0.03869496181,"OPERATE_INCOME_QOQ":0.435036927961,"NET_PROFIT_RATIO":13.140991325,"ROE_AVG":1.22319212538,"GROSS_PROFIT_QOQ":null,"ROA":0.107442003804,"HOLDER_PROFIT_QOQ":2.185208225635,"ROE_YEARLY":2.44638425076,"ROIC_YEARLY":0.226696979907,"TOTAL_ASSETS":374759831000,"TOTAL_LIABILITIES":342331863000,"TAX_EBT":-35.48134969199,"OCF_SALES":-98.482322468238,"TOTAL_PARENT_EQUITY":32389157000,"DEBT_ASSET_RATIO":91.3470000471,"OPERATE_PROFIT":291638000,"PRETAX_PROFIT":291711000,"NETCASH_OPERATE":-2961846000,"NETCASH_INVEST":-10358485000,"NETCASH_FINANCE":4816489000,"END_CASH":18195800000,"DIVI_RATIO":null,"DIVIDEND_RATE":null,"CURRENT_RATIO":null,"COMMON_ACS":null,"CURRENTDEBT_DEBT":null,"ISSUED_COMMON_SHARES":15069791330,"HK_COMMON_SHARES":3793800000,"PER_SHARES":1000,"TOTAL_MARKET_CAP":3993494702.45,"HKSK_MARKET_CAP":1005357000,"PE_TTM":5.697594154112,"PB_TTM":0.108605411918,"REPORT_DATE_SQ":"2021-06-30 00:00:00","REPORT_TYPE_SQ":"2021年中报","OPERATE_INCOME_SQ":2980180000,"DPS_HKD":null,"OPERATE_INCOME_QOQ_SQ":-4.053749785545,"NET_PROFIT_RATIO_SQ":12.8422108732,"HOLDER_PROFIT_SQ":381447000,"HOLDER_PROFIT_QOQ_SQ":2.734704627176,"ROE_AVG_SQ":1.206520786102,"PE_TTM_SQ":8.531391780147,"PB_TTM_SQ":0.155985054393,"ROA_SQ":0.110253501979,"START_DATE":"2022-01-01 00:00:00","FISCAL_YEAR":"12-31","CURRENCY":"HKD","IS_CNY_CODE":0,"DPS_HKD_LY":null,"ORG_TYPE":"银行","PREMIUM_INCOME":null,"PREMIUM_INCOME_YOY":null,"NET_INTEREST_INCOME":2371507000,"NET_INTEREST_INCOME_YOY":-0.812278746997,"FEE_COMMISSION_INCOME":226562000,"FEE_COMMISSION_INCOME_YOY":null,"ACCOUNTS_RECE_TDAYS":null,"INVENTORY_TDAYS":null,"CURRENT_ASSETS_TDAYS":null,"TOTAL_ASSETS_TDAYS":0.008203016169,"PREMIUM_EXPENSE":null,"LOAN_DEPOSIT":74.520456879593,"LOAN_EQUITY":6.270005138774,"LOAN_ASSETS":54.254354170631,"DEPOSIT_EQUITY":8.413803942325,"DEPOSIT_ASSETS":72.804645116835,"EQUITY_MULTIPLIER":11.556685605492,"EQUITY_RATIO":10.569335379738},{"SECUCODE":"02139.HK","SECURITY_CODE":"02139","SECURITY_NAME_ABBR":"甘肃银行","ORG_CODE":"10181281","STD_REPORT_DATE":"2021-12-31 00:00:00","REPORT_DATE":"2021-12-31 00:00:00","DATE_TYPE_CODE":"001","REPORT_TYPE":"2021年年报","PER_NETCASH_OPERATE":-0.550114916555,"PER_OI":0.416570333492,"BPS":2.124706062536,"BASIC_EPS":0.0379,"DILUTED_EPS":0.0379,"OPERATE_INCOME":6277628000,"OPERATE_INCOME_YOY":-3.3199357235,"GROSS_PROFIT":null,"GROSS_PROFIT_YOY":null,"HOLDER_PROFIT":570655000,"HOLDER_PROFIT_YOY":2.2387885889,"GROSS_PROFIT_RATIO":null,"EPS_TTM":0.037867478554,"OPERATE_INCOME_QOQ":0.764817864584,"NET_PROFIT_RATIO":9.1323665563,"ROE_AVG":1.798828636004,"GROSS_PROFIT_QOQ":null,"ROA":0.162842270572,"HOLDER_PROFIT_QOQ":-0.482715203262,"ROE_YEARLY":1.798828636004,"ROIC_YEARLY":0.174654462839,"TOTAL_ASSETS":358504602000,"TOTAL_LIABILITIES":326448211000,"TAX_EBT":-4.169725337423,"OCF_SALES":-132.058111758135,"TOTAL_PARENT_EQUITY":32018877000,"DEBT_ASSET_RATIO":91.0583041832,"OPERATE_PROFIT":550260000,"PRETAX_PROFIT":550348000,"NETCASH_OPERATE":-8290117000,"NETCASH_INVEST":2230945000,"NETCASH_FINANCE":4280147000,"END_CASH":26699642000,"DIVI_RATIO":null,"DIVIDEND_RATE":null,"CURRENT_RATIO":null,"COMMON_ACS":null,"CURRENTDEBT_DEBT":null,"ISSUED_COMMON_SHARES":15069791330,"HK_COMMON_SHARES":3793800000,"PER_SHARES":1000,"TOTAL_MARKET_CAP":3993494702.45,"HKSK_MARKET_CAP":1005357000,"PE_TTM":5.697594154112,"PB_TTM":0.108605411918,"REPORT_DATE_SQ":"2020-12-31 00:00:00","REPORT_TYPE_SQ":"2020年年报","OPERATE_INCOME_SQ":6493198000,"DPS_HKD":null,"OPERATE_INCOME_QOQ_SQ":-1.897521767948,"NET_PROFIT_RATIO_SQ":8.66064765,"HOLDER_PROFIT_SQ":558159000,"HOLDER_PROFIT_QOQ_SQ":54.368376219661,"ROE_AVG_SQ":1.99038624888,"PE_TTM_SQ":8.531391780147,"PB_TTM_SQ":0.155985054393,"ROA_SQ":0.164792495825,"START_DATE":"2021-01-01 00:00:00","FISCAL_YEAR":"12-31","CURRENCY":"HKD","IS_CNY_CODE":0,"DPS_HKD_LY":null,"ORG_TYPE":"银行","PREMIUM_INCOME":null,"PREMIUM_INCOME_YOY":null,"NET_INTEREST_INCOME":4924256000,"NET_INTEREST_INCOME_YOY":-14.366886123444,"FEE_COMMISSION_INCOME":350803000,"FEE_COMMISSION_INCOME_YOY":null,"ACCOUNTS_RECE_TDAYS":null,"INVENTORY_TDAYS":null,"CURRENT_ASSETS_TDAYS":null,"TOTAL_ASSETS_TDAYS":0.017913856837,"PREMIUM_EXPENSE":null,"LOAN_DEPOSIT":75.936511819355,"LOAN_EQUITY":6.235583101042,"LOAN_ASSETS":55.756687329777,"DEPOSIT_EQUITY":8.211574316023,"DEPOSIT_ASSETS":73.425399710769,"EQUITY_MULTIPLIER":11.18356093171,"EQUITY_RATIO":10.195492209174},{"SECUCODE":"02139.HK","SECURITY_CODE":"02139","SECURITY_NAME_ABBR":"甘肃银行","ORG_CODE":"10181281","STD_REPORT_DATE":"2021-06-30 00:00:00","REPORT_DATE":"2021-06-30 00:00:00","DATE_TYPE_CODE":"002","REPORT_TYPE":"2021年中报","PER_NETCASH_OPERATE":-0.935471347366,"PER_OI":0.197758544544,"BPS":2.110339838395,"BASIC_EPS":0.0253,"DILUTED_EPS":0.0253,"OPERATE_INCOME":2980180000,"OPERATE_INCOME_YOY":-8.1155010887,"GROSS_PROFIT":null,"GROSS_PROFIT_YOY":null,"HOLDER_PROFIT":381447000,"HOLDER_PROFIT_YOY":4.1684075995,"GROSS_PROFIT_RATIO":null,"EPS_TTM":0.038051157275,"OPERATE_INCOME_QOQ":-4.053749785545,"NET_PROFIT_RATIO":12.8422108732,"ROE_AVG":1.206520786102,"GROSS_PROFIT_QOQ":null,"ROA":0.110253501979,"HOLDER_PROFIT_QOQ":2.734704627176,"ROE_YEARLY":2.413041572203,"ROIC_YEARLY":0.237876468762,"TOTAL_ASSETS":349581580000,"TOTAL_LIABILITIES":317742603000,"TAX_EBT":-4.686995672701,"OCF_SALES":-473.037131985316,"TOTAL_PARENT_EQUITY":31802381000,"DEBT_ASSET_RATIO":90.892261257,"OPERATE_PROFIT":365255000,"PRETAX_PROFIT":365586000,"NETCASH_OPERATE":-14097358000,"NETCASH_INVEST":7314333000,"NETCASH_FINANCE":3493933000,"END_CASH":25189575000,"DIVI_RATIO":null,"DIVIDEND_RATE":null,"CURRENT_RATIO":null,"COMMON_ACS":null,"CURRENTDEBT_DEBT":null,"ISSUED_COMMON_SHARES":15069791330,"HK_COMMON_SHARES":3793800000,"PER_SHARES":1000,"TOTAL_MARKET_CAP":3993494702.45,"HKSK_MARKET_CAP":1005357000,"PE_TTM":5.697594154112,"PB_TTM":0.108605411918,"REPORT_DATE_SQ":"2020-06-30 00:00:00","REPORT_TYPE_SQ":"2020年中报","OPERATE_INCOME_SQ":3243398000,"DPS_HKD":null,"OPERATE_INCOME_QOQ_SQ":-8.495833587942,"NET_PROFIT_RATIO_SQ":11.3624353225,"HOLDER_PROFIT_SQ":366183000,"HOLDER_PROFIT_QOQ_SQ":-28.978945652323,"ROE_AVG_SQ":1.473838790936,"PE_TTM_SQ":8.531391780147,"PB_TTM_SQ":0.155985054393,"ROA_SQ":0.10869782072,"START_DATE":"2021-01-01 00:00:00","FISCAL_YEAR":"12-31","CURRENCY":"HKD","IS_CNY_CODE":0,"DPS_HKD_LY":null,"ORG_TYPE":"银行","PREMIUM_INCOME":null,"PREMIUM_INCOME_YOY":null,"NET_INTEREST_INCOME":2390928000,"NET_INTEREST_INCOME_YOY":-3.894229822305,"FEE_COMMISSION_INCOME":166853000,"FEE_COMMISSION_INCOME_YOY":null,"ACCOUNTS_RECE_TDAYS":null,"INVENTORY_TDAYS":null,"CURRENT_ASSETS_TDAYS":null,"TOTAL_ASSETS_TDAYS":0.008613917046,"PREMIUM_EXPENSE":null,"LOAN_DEPOSIT":74.22679826754,"LOAN_EQUITY":5.93450329764,"LOAN_ASSETS":54.049905604294,"DEPOSIT_EQUITY":7.995095351211,"DEPOSIT_ASSETS":72.817239684082,"EQUITY_MULTIPLIER":10.979673750178,"EQUITY_RATIO":9.991157674641},{"SECUCODE":"02139.HK","SECURITY_CODE":"02139","SECURITY_NAME_ABBR":"甘肃银行","ORG_CODE":"10181281","STD_REPORT_DATE":"2020-12-31 00:00:00","REPORT_DATE":"2020-12-31 00:00:00","DATE_TYPE_CODE":"001","REPORT_TYPE":"2020年年报","PER_NETCASH_OPERATE":0.834482954981,"PER_OI":0.4308751102,"BPS":2.085531399326,"BASIC_EPS":0.0552,"DILUTED_EPS":0.0552,"OPERATE_INCOME":6493198000,"OPERATE_INCOME_YOY":-10.2321450642,"GROSS_PROFIT":null,"GROSS_PROFIT_YOY":null,"HOLDER_PROFIT":558159000,"HOLDER_PROFIT_YOY":9.6340483706,"GROSS_PROFIT_RATIO":null,"EPS_TTM":0.037038269992,"OPERATE_INCOME_QOQ":-1.897521767948,"NET_PROFIT_RATIO":8.66064765,"ROE_AVG":1.99038624888,"GROSS_PROFIT_QOQ":null,"ROA":0.164792495825,"HOLDER_PROFIT_QOQ":54.368376219661,"ROE_YEARLY":1.99038624888,"ROIC_YEARLY":0.17849690958,"TOTAL_ASSETS":342363788000,"TOTAL_LIABILITIES":310899042000,"TAX_EBT":-33.725777417383,"OCF_SALES":193.671654552965,"TOTAL_PARENT_EQUITY":31428523000,"DEBT_ASSET_RATIO":90.8095578146,"OPERATE_PROFIT":419205000,"PRETAX_PROFIT":420527000,"NETCASH_OPERATE":12575484000,"NETCASH_INVEST":1805397000,"NETCASH_FINANCE":-11073261000,"END_CASH":28478667000,"DIVI_RATIO":null,"DIVIDEND_RATE":null,"CURRENT_RATIO":null,"COMMON_ACS":null,"CURRENTDEBT_DEBT":null,"ISSUED_COMMON_SHARES":15069791330,"HK_COMMON_SHARES":3793800000,"PER_SHARES":1000,"TOTAL_MARKET_CAP":3993494702.45,"HKSK_MARKET_CAP":1005357000,"PE_TTM":5.697594154112,"PB_TTM":0.108605411918,"REPORT_DATE_SQ":"2019-12-31 00:00:00","REPORT_TYPE_SQ":"2019年年报","OPERATE_INCOME_SQ":7233322000,"DPS_HKD":null,"OPERATE_INCOME_QOQ_SQ":-13.135536635885,"NET_PROFIT_RATIO_SQ":7.0696977129,"HOLDER_PROFIT_SQ":509111000,"HOLDER_PROFIT_QOQ_SQ":-70.700468690291,"ROE_AVG_SQ":2.041617540512,"PE_TTM_SQ":8.531391780147,"PB_TTM_SQ":0.155985054393,"ROA_SQ":0.153423662911,"START_DATE":"2020-01-01 00:00:00","FISCAL_YEAR":"12-31","CURRENCY":"HKD","IS_CNY_CODE":0,"DPS_HKD_LY":null,"ORG_TYPE":"银行","PREMIUM_INCOME":null,"PREMIUM_INCOME_YOY":null,"NET_INTEREST_INCOME":5750411000,"NET_INTEREST_INCOME_YOY":8.746611839598,"FEE_COMMISSION_INCOME":328837000,"FEE_COMMISSION_INCOME_YOY":null,"ACCOUNTS_RECE_TDAYS":null,"INVENTORY_TDAYS":null,"CURRENT_ASSETS_TDAYS":null,"TOTAL_ASSETS_TDAYS":0.019170707707,"PREMIUM_EXPENSE":null,"LOAN_DEPOSIT":70.645783060939,"LOAN_EQUITY":5.605853834002,"LOAN_ASSETS":51.520275561386,"DEPOSIT_EQUITY":7.935157048463,"DEPOSIT_ASSETS":72.927602086235,"EQUITY_MULTIPLIER":10.880869275132,"EQUITY_RATIO":9.892257488524},{"SECUCODE":"02139.HK","SECURITY_CODE":"02139","SECURITY_NAME_ABBR":"甘肃银行","ORG_CODE":"10181281","STD_REPORT_DATE":"2020-06-30 00:00:00","REPORT_DATE":"2020-06-30 00:00:00","DATE_TYPE_CODE":"002","REPORT_TYPE":"2020年中报","PER_NETCASH_OPERATE":0.289848508708,"PER_OI":0.322091877946,"BPS":1.661209399109,"BASIC_EPS":0.0364,"DILUTED_EPS":0.0364,"OPERATE_INCOME":3243398000,"OPERATE_INCOME_YOY":-15.9290386111,"GROSS_PROFIT":null,"GROSS_PROFIT_YOY":null,"HOLDER_PROFIT":366183000,"HOLDER_PROFIT_YOY":-28.7190637665,"GROSS_PROFIT_RATIO":null,"EPS_TTM":0.035907000269,"OPERATE_INCOME_QOQ":-8.495833587942,"NET_PROFIT_RATIO":11.3624353225,"ROE_AVG":1.473838790936,"GROSS_PROFIT_QOQ":null,"ROA":0.10869782072,"HOLDER_PROFIT_QOQ":-28.978945652323,"ROE_YEARLY":2.947677581871,"ROIC_YEARLY":0.234168940341,"TOTAL_ASSETS":338718793000,"TOTAL_LIABILITIES":313650339000,"TAX_EBT":6.926309621825,"OCF_SALES":89.989387673052,"TOTAL_PARENT_EQUITY":25034079000,"DEBT_ASSET_RATIO":92.5990365701,"OPERATE_PROFIT":395337000,"PRETAX_PROFIT":395954000,"NETCASH_OPERATE":2918714000,"NETCASH_INVEST":-212572000,"NETCASH_FINANCE":-4360586000,"END_CASH":23516603000,"DIVI_RATIO":null,"DIVIDEND_RATE":null,"CURRENT_RATIO":null,"COMMON_ACS":null,"CURRENTDEBT_DEBT":null,"ISSUED_COMMON_SHARES":15069791330,"HK_COMMON_SHARES":3793800000,"PER_SHARES":1000,"TOTAL_MARKET_CAP":3993494702.45,"HKSK_MARKET_CAP":1005357000,"PE_TTM":5.697594154112,"PB_TTM":0.108605411918,"REPORT_DATE_SQ":"2019-06-30 00:00:00","REPORT_TYPE_SQ":"2019年中报","OPERATE_INCOME_SQ":3857929000,"DPS_HKD":null,"OPERATE_INCOME_QOQ_SQ":-6.143916997727,"NET_PROFIT_RATIO_SQ":13.4357578898,"HOLDER_PROFIT_SQ":513718000,"HOLDER_PROFIT_QOQ_SQ":-49.418707889143,"ROE_AVG_SQ":2.059437690983,"PE_TTM_SQ":8.531391780147,"PB_TTM_SQ":0.155985054393,"ROA_SQ":0.153025771881,"START_DATE":"2020-01-01 00:00:00","FISCAL_YEAR":"12-31","CURRENCY":"HKD","IS_CNY_CODE":0,"DPS_HKD_LY":null,"ORG_TYPE":"银行","PREMIUM_INCOME":null,"PREMIUM_INCOME_YOY":null,"NET_INTEREST_INCOME":2487809000,"NET_INTEREST_INCOME_YOY":-13.383216082991,"FEE_COMMISSION_INCOME":186513000,"FEE_COMMISSION_INCOME_YOY":null,"ACCOUNTS_RECE_TDAYS":null,"INVENTORY_TDAYS":null,"CURRENT_ASSETS_TDAYS":null,"TOTAL_ASSETS_TDAYS":0.009627707849,"PREMIUM_EXPENSE":null,"LOAN_DEPOSIT":66.394738342921,"LOAN_EQUITY":6.711088246607,"LOAN_ASSETS":49.668518687713,"DEPOSIT_EQUITY":10.107861577742,"DEPOSIT_ASSETS":74.807913890978,"EQUITY_MULTIPLIER":13.511754374572,"EQUITY_RATIO":12.528934617487}],"count":19},"success":true,"message":"ok","code":0}