{"version":"64221f7f26685f912182fb0675e83953","result":{"pages":2,"data":[{"SECUCODE":"02135.HK","SECURITY_CODE":"02135","SECURITY_NAME_ABBR":"瑞丽医美","ORG_CODE":"10000073988","STD_REPORT_DATE":"2024-06-30 00:00:00","REPORT_DATE":"2024-06-30 00:00:00","DATE_TYPE_CODE":"002","REPORT_TYPE":"2024年中报","PER_NETCASH_OPERATE":0.003667354385,"PER_OI":0.210877364849,"BPS":0.282641189424,"BASIC_EPS":-0.0032,"DILUTED_EPS":-0.0032,"OPERATE_INCOME":117475000,"OPERATE_INCOME_YOY":20.3883992621,"GROSS_PROFIT":48467000,"GROSS_PROFIT_YOY":24.182018499065,"HOLDER_PROFIT":-1617000,"HOLDER_PROFIT_YOY":28.2926829268,"GROSS_PROFIT_RATIO":41.257288784848,"EPS_TTM":-0.057117743112,"OPERATE_INCOME_QOQ":10.505111308241,"NET_PROFIT_RATIO":-2.5511811024,"ROE_AVG":-1.094164456233,"GROSS_PROFIT_QOQ":13.201292434224,"ROA":-0.540360808636,"HOLDER_PROFIT_QOQ":1.965677665835,"ROE_YEARLY":-2.188328912467,"ROIC_YEARLY":-1.205890742719,"TOTAL_ASSETS":324890000,"TOTAL_LIABILITIES":174342000,"TAX_EBT":-32.786885245902,"OCF_SALES":1.739093424133,"TOTAL_PARENT_EQUITY":157453000,"DEBT_ASSET_RATIO":53.6618547816,"OPERATE_PROFIT":-640000,"PRETAX_PROFIT":-2257000,"NETCASH_OPERATE":2043000,"NETCASH_INVEST":-3307000,"NETCASH_FINANCE":19684000,"END_CASH":34476000,"DIVI_RATIO":null,"DIVIDEND_RATE":null,"CURRENT_RATIO":0.717793860381,"COMMON_ACS":1000000000,"CURRENTDEBT_DEBT":79.017677897466,"ISSUED_COMMON_SHARES":557077333,"HK_COMMON_SHARES":557077333,"PER_SHARES":10000,"TOTAL_MARKET_CAP":55707733.3,"HKSK_MARKET_CAP":55707733.3,"PE_TTM":-1.585232118078,"PB_TTM":0.322911180024,"REPORT_DATE_SQ":"2023-06-30 00:00:00","REPORT_TYPE_SQ":"2023年中报","OPERATE_INCOME_SQ":97580000,"DPS_HKD":null,"OPERATE_INCOME_QOQ_SQ":1.934695663802,"NET_PROFIT_RATIO_SQ":-4.1975814716,"HOLDER_PROFIT_SQ":-2255000,"HOLDER_PROFIT_QOQ_SQ":-23.486895858211,"ROE_AVG_SQ":-1.356505209461,"PE_TTM_SQ":-11.399502178303,"PB_TTM_SQ":1.389047381509,"ROA_SQ":-0.741148533726,"START_DATE":"2024-01-01 00:00:00","FISCAL_YEAR":"12-31","CURRENCY":"HKD","IS_CNY_CODE":0,"DPS_HKD_LY":null,"ORG_TYPE":"一般企业","PREMIUM_INCOME":null,"PREMIUM_INCOME_YOY":null,"NET_INTEREST_INCOME":null,"NET_INTEREST_INCOME_YOY":null,"FEE_COMMISSION_INCOME":null,"FEE_COMMISSION_INCOME_YOY":null,"ACCOUNTS_RECE_TDAYS":9.872678376334,"INVENTORY_TDAYS":6.004350474202,"CURRENT_ASSETS_TDAYS":1.316246498599,"TOTAL_ASSETS_TDAYS":0.392571960387,"PREMIUM_EXPENSE":null,"LOAN_DEPOSIT":null,"LOAN_EQUITY":null,"LOAN_ASSETS":null,"DEPOSIT_EQUITY":null,"DEPOSIT_ASSETS":null,"EQUITY_MULTIPLIER":2.158049260036,"EQUITY_RATIO":1.107263754898},{"SECUCODE":"02135.HK","SECURITY_CODE":"02135","SECURITY_NAME_ABBR":"瑞丽医美","ORG_CODE":"10000073988","STD_REPORT_DATE":"2023-12-31 00:00:00","REPORT_DATE":"2023-12-31 00:00:00","DATE_TYPE_CODE":"001","REPORT_TYPE":"2023年年报","PER_NETCASH_OPERATE":0.003838605292,"PER_OI":0.090655995098,"BPS":0.247927876111,"BASIC_EPS":-0.0777,"DILUTED_EPS":-0.0777,"OPERATE_INCOME":189384000,"OPERATE_INCOME_YOY":15.1116567997,"GROSS_PROFIT":71493000,"GROSS_PROFIT_YOY":7.052693050627,"HOLDER_PROFIT":-32457000,"HOLDER_PROFIT_YOY":-103.9909496575,"GROSS_PROFIT_RATIO":37.750285134964,"EPS_TTM":-0.015536801593,"OPERATE_INCOME_QOQ":12.926865627143,"NET_PROFIT_RATIO":-19.9483588899,"ROE_AVG":-21.339601242624,"GROSS_PROFIT_QOQ":16.367986718101,"ROA":-11.264902386117,"HOLDER_PROFIT_QOQ":-65.192385993485,"ROE_YEARLY":-21.339601242624,"ROIC_YEARLY":-14.007928201653,"TOTAL_ASSETS":273599000,"TOTAL_LIABILITIES":141009000,"TAX_EBT":-7.909168808912,"OCF_SALES":4.234254213661,"TOTAL_PARENT_EQUITY":138115000,"DEBT_ASSET_RATIO":51.5385655649,"OPERATE_PROFIT":-30472000,"PRETAX_PROFIT":-35010000,"NETCASH_OPERATE":8019000,"NETCASH_INVEST":-26141000,"NETCASH_FINANCE":-10482000,"END_CASH":15930000,"DIVI_RATIO":null,"DIVIDEND_RATE":null,"CURRENT_RATIO":0.863898262785,"COMMON_ACS":1000000000,"CURRENTDEBT_DEBT":65.35682119581,"ISSUED_COMMON_SHARES":557077333,"HK_COMMON_SHARES":557077333,"PER_SHARES":10000,"TOTAL_MARKET_CAP":61278506.63,"HKSK_MARKET_CAP":61278506.63,"PE_TTM":-1.743755329885,"PB_TTM":0.355202298026,"REPORT_DATE_SQ":"2022-12-31 00:00:00","REPORT_TYPE_SQ":"2022年年报","OPERATE_INCOME_SQ":164522000,"DPS_HKD":null,"OPERATE_INCOME_QOQ_SQ":-13.985319335815,"NET_PROFIT_RATIO_SQ":-12.3065608247,"HOLDER_PROFIT_SQ":-15911000,"HOLDER_PROFIT_QOQ_SQ":-45.014582573824,"ROE_AVG_SQ":-9.242494212913,"PE_TTM_SQ":-8.169643227784,"PB_TTM_SQ":0.995483956748,"ROA_SQ":-4.915535948197,"START_DATE":"2023-01-01 00:00:00","FISCAL_YEAR":"12-31","CURRENCY":"HKD","IS_CNY_CODE":0,"DPS_HKD_LY":null,"ORG_TYPE":"一般企业","PREMIUM_INCOME":null,"PREMIUM_INCOME_YOY":null,"NET_INTEREST_INCOME":null,"NET_INTEREST_INCOME_YOY":null,"FEE_COMMISSION_INCOME":null,"FEE_COMMISSION_INCOME_YOY":null,"ACCOUNTS_RECE_TDAYS":25.523450134771,"INVENTORY_TDAYS":9.776994526455,"CURRENT_ASSETS_TDAYS":1.970943301973,"TOTAL_ASSETS_TDAYS":0.657298047722,"PREMIUM_EXPENSE":null,"LOAN_DEPOSIT":null,"LOAN_EQUITY":null,"LOAN_ASSETS":null,"DEPOSIT_EQUITY":null,"DEPOSIT_ASSETS":null,"EQUITY_MULTIPLIER":2.063496492947,"EQUITY_RATIO":1.020953553198},{"SECUCODE":"02135.HK","SECURITY_CODE":"02135","SECURITY_NAME_ABBR":"瑞丽医美","ORG_CODE":"10000073988","STD_REPORT_DATE":"2023-06-30 00:00:00","REPORT_DATE":"2023-06-30 00:00:00","DATE_TYPE_CODE":"002","REPORT_TYPE":"2023年中报","PER_NETCASH_OPERATE":0.003344119787,"PER_OI":0.046710450733,"BPS":0.298687435556,"BASIC_EPS":-0.0047,"DILUTED_EPS":-0.0047,"OPERATE_INCOME":97580000,"OPERATE_INCOME_YOY":3.3719291927,"GROSS_PROFIT":39029000,"GROSS_PROFIT_YOY":-12.047323943662,"HOLDER_PROFIT":-2255000,"HOLDER_PROFIT_YOY":-252.1592442645,"GROSS_PROFIT_RATIO":39.996925599508,"EPS_TTM":-0.009405277065,"OPERATE_INCOME_QOQ":1.934695663802,"NET_PROFIT_RATIO":-4.1975814716,"ROE_AVG":-1.356505209461,"GROSS_PROFIT_QOQ":-8.00503122052,"ROA":-0.741148533726,"HOLDER_PROFIT_QOQ":-23.486895858211,"ROE_YEARLY":-2.713010418923,"ROIC_YEARLY":-1.901597594964,"TOTAL_ASSETS":305864000,"TOTAL_LIABILITIES":141516000,"TAX_EBT":-46.494992846924,"OCF_SALES":7.159253945481,"TOTAL_PARENT_EQUITY":166392000,"DEBT_ASSET_RATIO":46.2676222112,"OPERATE_PROFIT":-1405000,"PRETAX_PROFIT":-2796000,"NETCASH_OPERATE":6986000,"NETCASH_INVEST":-30022000,"NETCASH_FINANCE":1384000,"END_CASH":22906000,"DIVI_RATIO":null,"DIVIDEND_RATE":null,"CURRENT_RATIO":1.436312321362,"COMMON_ACS":1000000000,"CURRENTDEBT_DEBT":59.08801831595,"ISSUED_COMMON_SHARES":557077333,"HK_COMMON_SHARES":557077333,"PER_SHARES":10000,"TOTAL_MARKET_CAP":61278506.63,"HKSK_MARKET_CAP":61278506.63,"PE_TTM":-1.743755329885,"PB_TTM":0.355202298026,"REPORT_DATE_SQ":"2022-06-30 00:00:00","REPORT_TYPE_SQ":"2022年中报","OPERATE_INCOME_SQ":94397000,"DPS_HKD":null,"OPERATE_INCOME_QOQ_SQ":1.542202190405,"NET_PROFIT_RATIO_SQ":0.063561342,"HOLDER_PROFIT_SQ":1482000,"HOLDER_PROFIT_QOQ_SQ":37.979763721666,"ROE_AVG_SQ":0.823539218138,"PE_TTM_SQ":-8.169643227784,"PB_TTM_SQ":0.995483956748,"ROA_SQ":0.446834395394,"START_DATE":"2023-01-01 00:00:00","FISCAL_YEAR":"12-31","CURRENCY":"HKD","IS_CNY_CODE":0,"DPS_HKD_LY":null,"ORG_TYPE":"一般企业","PREMIUM_INCOME":null,"PREMIUM_INCOME_YOY":null,"NET_INTEREST_INCOME":null,"NET_INTEREST_INCOME_YOY":null,"FEE_COMMISSION_INCOME":null,"FEE_COMMISSION_INCOME_YOY":null,"ACCOUNTS_RECE_TDAYS":13.192726289461,"INVENTORY_TDAYS":4.769161847357,"CURRENT_ASSETS_TDAYS":0.83880978067,"TOTAL_ASSETS_TDAYS":0.320715183685,"PREMIUM_EXPENSE":null,"LOAN_DEPOSIT":null,"LOAN_EQUITY":null,"LOAN_ASSETS":null,"DEPOSIT_EQUITY":null,"DEPOSIT_ASSETS":null,"EQUITY_MULTIPLIER":1.861075279286,"EQUITY_RATIO":0.850497620078},{"SECUCODE":"02135.HK","SECURITY_CODE":"02135","SECURITY_NAME_ABBR":"瑞丽医美","ORG_CODE":"10000073988","STD_REPORT_DATE":"2022-12-31 00:00:00","REPORT_DATE":"2022-12-31 00:00:00","DATE_TYPE_CODE":"001","REPORT_TYPE":"2022年年报","PER_NETCASH_OPERATE":-0.001089016965,"PER_OI":0.078754834757,"BPS":0.298127369688,"BASIC_EPS":-0.0381,"DILUTED_EPS":-0.0381,"OPERATE_INCOME":164522000,"OPERATE_INCOME_YOY":-12.6587990465,"GROSS_PROFIT":66783000,"GROSS_PROFIT_YOY":-4.174080238765,"HOLDER_PROFIT":-15911000,"HOLDER_PROFIT_YOY":10.0616132497,"GROSS_PROFIT_RATIO":40.592139653056,"EPS_TTM":-0.00761641711,"OPERATE_INCOME_QOQ":-13.985319335815,"NET_PROFIT_RATIO":-12.3065608247,"ROE_AVG":-9.242494212913,"GROSS_PROFIT_QOQ":-13.236153876135,"ROA":-4.915535948197,"HOLDER_PROFIT_QOQ":-45.014582573824,"ROE_YEARLY":-9.242494212913,"ROIC_YEARLY":-7.184138996,"TOTAL_ASSETS":302651000,"TOTAL_LIABILITIES":136774000,"TAX_EBT":8.388760689562,"OCF_SALES":-1.382793790496,"TOTAL_PARENT_EQUITY":166080000,"DEBT_ASSET_RATIO":45.1919868099,"OPERATE_PROFIT":-19137000,"PRETAX_PROFIT":-22101000,"NETCASH_OPERATE":-2275000,"NETCASH_INVEST":558000,"NETCASH_FINANCE":-25651000,"END_CASH":43937000,"DIVI_RATIO":null,"DIVIDEND_RATE":null,"CURRENT_RATIO":1.473047779828,"COMMON_ACS":1000000000,"CURRENTDEBT_DEBT":55.868074341615,"ISSUED_COMMON_SHARES":557077333,"HK_COMMON_SHARES":557077333,"PER_SHARES":10000,"TOTAL_MARKET_CAP":61278506.63,"HKSK_MARKET_CAP":61278506.63,"PE_TTM":-1.743755329885,"PB_TTM":0.355202298026,"REPORT_DATE_SQ":"2021-12-31 00:00:00","REPORT_TYPE_SQ":"2021年年报","OPERATE_INCOME_SQ":188367000,"DPS_HKD":null,"OPERATE_INCOME_QOQ_SQ":-4.531010050328,"NET_PROFIT_RATIO_SQ":-9.697027611,"HOLDER_PROFIT_SQ":-17691000,"HOLDER_PROFIT_QOQ_SQ":-260.622843653532,"ROE_AVG_SQ":-9.717820123375,"PE_TTM_SQ":-8.169643227784,"PB_TTM_SQ":0.995483956748,"ROA_SQ":-5.733992159557,"START_DATE":"2022-01-01 00:00:00","FISCAL_YEAR":"12-31","CURRENCY":"HKD","IS_CNY_CODE":0,"DPS_HKD_LY":null,"ORG_TYPE":"一般企业","PREMIUM_INCOME":null,"PREMIUM_INCOME_YOY":null,"NET_INTEREST_INCOME":null,"NET_INTEREST_INCOME_YOY":null,"FEE_COMMISSION_INCOME":null,"FEE_COMMISSION_INCOME_YOY":null,"ACCOUNTS_RECE_TDAYS":28.775163970267,"INVENTORY_TDAYS":7.534613012643,"CURRENT_ASSETS_TDAYS":1.24838376787,"TOTAL_ASSETS_TDAYS":0.508273399076,"PREMIUM_EXPENSE":null,"LOAN_DEPOSIT":null,"LOAN_EQUITY":null,"LOAN_ASSETS":null,"DEPOSIT_EQUITY":null,"DEPOSIT_ASSETS":null,"EQUITY_MULTIPLIER":1.824550721318,"EQUITY_RATIO":0.823542870906},{"SECUCODE":"02135.HK","SECURITY_CODE":"02135","SECURITY_NAME_ABBR":"瑞丽医美","ORG_CODE":"10000073988","STD_REPORT_DATE":"2022-06-30 00:00:00","REPORT_DATE":"2022-06-30 00:00:00","DATE_TYPE_CODE":"002","REPORT_TYPE":"2022年中报","PER_NETCASH_OPERATE":-0.000188124689,"PER_OI":0.04518678436,"BPS":0.32614681883,"BASIC_EPS":0.0007,"DILUTED_EPS":0.0007,"OPERATE_INCOME":94397000,"OPERATE_INCOME_YOY":3.1751409959,"GROSS_PROFIT":44375000,"GROSS_PROFIT_YOY":19.622061677809,"HOLDER_PROFIT":1482000,"HOLDER_PROFIT_YOY":128.298644262,"GROSS_PROFIT_RATIO":47.008909181436,"EPS_TTM":-0.005252173247,"OPERATE_INCOME_QOQ":1.542202190405,"NET_PROFIT_RATIO":0.063561342,"ROE_AVG":0.823539218138,"GROSS_PROFIT_QOQ":10.444527348907,"ROA":0.446834395394,"HOLDER_PROFIT_QOQ":37.979763721666,"ROE_YEARLY":1.647078436276,"ROIC_YEARLY":1.340133470783,"TOTAL_ASSETS":318608000,"TOTAL_LIABILITIES":134208000,"TAX_EBT":96.935648621042,"OCF_SALES":-0.416326790046,"TOTAL_PARENT_EQUITY":181689000,"DEBT_ASSET_RATIO":42.1232360769,"OPERATE_PROFIT":3748000,"PRETAX_PROFIT":1958000,"NETCASH_OPERATE":-393000,"NETCASH_INVEST":29522000,"NETCASH_FINANCE":-22240000,"END_CASH":76926000,"DIVI_RATIO":null,"DIVIDEND_RATE":null,"CURRENT_RATIO":1.420792633749,"COMMON_ACS":1000000000,"CURRENTDEBT_DEBT":66.517644253696,"ISSUED_COMMON_SHARES":557077333,"HK_COMMON_SHARES":557077333,"PER_SHARES":10000,"TOTAL_MARKET_CAP":61278506.63,"HKSK_MARKET_CAP":61278506.63,"PE_TTM":-1.743755329885,"PB_TTM":0.355202298026,"REPORT_DATE_SQ":"2021-06-30 00:00:00","REPORT_TYPE_SQ":"2021年中报","OPERATE_INCOME_SQ":91492000,"DPS_HKD":null,"OPERATE_INCOME_QOQ_SQ":19.910662736637,"NET_PROFIT_RATIO_SQ":-5.9447820574,"HOLDER_PROFIT_SQ":-5237000,"HOLDER_PROFIT_QOQ_SQ":159.091978358033,"ROE_AVG_SQ":-2.789451537474,"PE_TTM_SQ":-8.169643227784,"PB_TTM_SQ":0.995483956748,"ROA_SQ":-1.928086106698,"START_DATE":"2022-01-01 00:00:00","FISCAL_YEAR":"12-31","CURRENCY":"HKD","IS_CNY_CODE":0,"DPS_HKD_LY":null,"ORG_TYPE":"一般企业","PREMIUM_INCOME":null,"PREMIUM_INCOME_YOY":null,"NET_INTEREST_INCOME":null,"NET_INTEREST_INCOME_YOY":null,"FEE_COMMISSION_INCOME":null,"FEE_COMMISSION_INCOME_YOY":null,"ACCOUNTS_RECE_TDAYS":14.228201070164,"INVENTORY_TDAYS":4.488290713324,"CURRENT_ASSETS_TDAYS":0.679474398333,"TOTAL_ASSETS_TDAYS":0.284614213374,"PREMIUM_EXPENSE":null,"LOAN_DEPOSIT":null,"LOAN_EQUITY":null,"LOAN_ASSETS":null,"DEPOSIT_EQUITY":null,"DEPOSIT_ASSETS":null,"EQUITY_MULTIPLIER":1.727809110628,"EQUITY_RATIO":0.7386688242},{"SECUCODE":"02135.HK","SECURITY_CODE":"02135","SECURITY_NAME_ABBR":"瑞丽医美","ORG_CODE":"10000073988","STD_REPORT_DATE":"2021-12-31 00:00:00","REPORT_DATE":"2021-12-31 00:00:00","DATE_TYPE_CODE":"001","REPORT_TYPE":"2021年年报","PER_NETCASH_OPERATE":-0.001180446521,"PER_OI":0.090169168613,"BPS":0.319921471298,"BASIC_EPS":-0.0085,"DILUTED_EPS":-0.0085,"OPERATE_INCOME":188367000,"OPERATE_INCOME_YOY":14.4774985566,"GROSS_PROFIT":69692000,"GROSS_PROFIT_YOY":-13.070811141186,"HOLDER_PROFIT":-17691000,"HOLDER_PROFIT_YOY":-516.1609033169,"GROSS_PROFIT_RATIO":36.997987970292,"EPS_TTM":-0.008468483131,"OPERATE_INCOME_QOQ":-4.531010050328,"NET_PROFIT_RATIO":-9.697027611,"ROE_AVG":-9.717820123375,"GROSS_PROFIT_QOQ":-25.047052623654,"ROA":-5.733992159557,"HOLDER_PROFIT_QOQ":-260.622843653532,"ROE_YEARLY":-9.717820123375,"ROIC_YEARLY":-10.675557432942,"TOTAL_ASSETS":344725000,"TOTAL_LIABILITIES":162371000,"TAX_EBT":20.402649468363,"OCF_SALES":-1.309146506554,"TOTAL_PARENT_EQUITY":178221000,"DEBT_ASSET_RATIO":47.1016027268,"OPERATE_PROFIT":-20377000,"PRETAX_PROFIT":-22948000,"NETCASH_OPERATE":-2466000,"NETCASH_INVEST":-82452000,"NETCASH_FINANCE":11971000,"END_CASH":68515000,"DIVI_RATIO":null,"DIVIDEND_RATE":null,"CURRENT_RATIO":1.3097431094,"COMMON_ACS":1000000000,"CURRENTDEBT_DEBT":71.011449088815,"ISSUED_COMMON_SHARES":557077333,"HK_COMMON_SHARES":557077333,"PER_SHARES":10000,"TOTAL_MARKET_CAP":61278506.63,"HKSK_MARKET_CAP":61278506.63,"PE_TTM":-1.743755329885,"PB_TTM":0.355202298026,"REPORT_DATE_SQ":"2020-12-31 00:00:00","REPORT_TYPE_SQ":"2020年年报","OPERATE_INCOME_SQ":164545000,"DPS_HKD":null,"OPERATE_INCOME_QOQ_SQ":4.271094071797,"NET_PROFIT_RATIO_SQ":2.9845938801,"HOLDER_PROFIT_SQ":4251000,"HOLDER_PROFIT_QOQ_SQ":198.837479655894,"ROE_AVG_SQ":3.048065650645,"PE_TTM_SQ":-8.169643227784,"PB_TTM_SQ":0.995483956748,"ROA_SQ":1.866663739255,"START_DATE":"2021-01-01 00:00:00","FISCAL_YEAR":"12-31","CURRENCY":"HKD","IS_CNY_CODE":0,"DPS_HKD_LY":null,"ORG_TYPE":"一般企业","PREMIUM_INCOME":null,"PREMIUM_INCOME_YOY":null,"NET_INTEREST_INCOME":null,"NET_INTEREST_INCOME_YOY":null,"FEE_COMMISSION_INCOME":null,"FEE_COMMISSION_INCOME_YOY":null,"ACCOUNTS_RECE_TDAYS":33.571021208341,"INVENTORY_TDAYS":9.537107726926,"CURRENT_ASSETS_TDAYS":1.099555197534,"TOTAL_ASSETS_TDAYS":0.610533548765,"PREMIUM_EXPENSE":null,"LOAN_DEPOSIT":null,"LOAN_EQUITY":null,"LOAN_ASSETS":null,"DEPOSIT_EQUITY":null,"DEPOSIT_ASSETS":null,"EQUITY_MULTIPLIER":1.890416442743,"EQUITY_RATIO":0.911065474888},{"SECUCODE":"02135.HK","SECURITY_CODE":"02135","SECURITY_NAME_ABBR":"瑞丽医美","ORG_CODE":"10000073988","STD_REPORT_DATE":"2021-06-30 00:00:00","REPORT_DATE":"2021-06-30 00:00:00","DATE_TYPE_CODE":"002","REPORT_TYPE":"2021年中报","PER_NETCASH_OPERATE":-0.007570462988,"PER_OI":0.043796193467,"BPS":0.340371055808,"BASIC_EPS":-0.0025,"DILUTED_EPS":-0.0025,"OPERATE_INCOME":91492000,"OPERATE_INCOME_YOY":55.7840967138,"GROSS_PROFIT":37096000,"GROSS_PROFIT_YOY":52.746438277197,"HOLDER_PROFIT":-5237000,"HOLDER_PROFIT_YOY":56.3583333333,"GROSS_PROFIT_RATIO":40.545621475102,"EPS_TTM":0.005272278176,"OPERATE_INCOME_QOQ":19.910662736637,"NET_PROFIT_RATIO":-5.9447820574,"ROE_AVG":-2.789451537474,"GROSS_PROFIT_QOQ":15.978346284816,"ROA":-1.928086106698,"HOLDER_PROFIT_QOQ":159.091978358033,"ROE_YEARLY":-5.578903074948,"ROIC_YEARLY":-8.881276312498,"TOTAL_ASSETS":270901000,"TOTAL_LIABILITIES":80613000,"TAX_EBT":1.982339160209,"OCF_SALES":-17.285664320378,"TOTAL_PARENT_EQUITY":189613000,"DEBT_ASSET_RATIO":29.7573652367,"OPERATE_PROFIT":-4481000,"PRETAX_PROFIT":-5549000,"NETCASH_OPERATE":-15815000,"NETCASH_INVEST":-30823000,"NETCASH_FINANCE":7926000,"END_CASH":103633000,"DIVI_RATIO":null,"DIVIDEND_RATE":null,"CURRENT_RATIO":2.822789051233,"COMMON_ACS":1000000000,"CURRENTDEBT_DEBT":85.156240308635,"ISSUED_COMMON_SHARES":557077333,"HK_COMMON_SHARES":557077333,"PER_SHARES":10000,"TOTAL_MARKET_CAP":61278506.63,"HKSK_MARKET_CAP":61278506.63,"PE_TTM":-1.743755329885,"PB_TTM":0.355202298026,"REPORT_DATE_SQ":"2020-06-30 00:00:00","REPORT_TYPE_SQ":"2020年中报","OPERATE_INCOME_SQ":58730000,"DPS_HKD":null,"OPERATE_INCOME_QOQ_SQ":-17.447006633326,"NET_PROFIT_RATIO_SQ":-20.0527839264,"HOLDER_PROFIT_SQ":-12000000,"HOLDER_PROFIT_QOQ_SQ":-143.457613418208,"ROE_AVG_SQ":-13.789378731032,"PE_TTM_SQ":-8.169643227784,"PB_TTM_SQ":0.995483956748,"ROA_SQ":-6.761877660728,"START_DATE":"2021-01-01 00:00:00","FISCAL_YEAR":"12-31","CURRENCY":"HKD","IS_CNY_CODE":0,"DPS_HKD_LY":null,"ORG_TYPE":"一般企业","PREMIUM_INCOME":null,"PREMIUM_INCOME_YOY":null,"NET_INTEREST_INCOME":null,"NET_INTEREST_INCOME_YOY":null,"FEE_COMMISSION_INCOME":null,"FEE_COMMISSION_INCOME_YOY":null,"ACCOUNTS_RECE_TDAYS":20.38364709814,"INVENTORY_TDAYS":4.066838622855,"CURRENT_ASSETS_TDAYS":0.474809540614,"TOTAL_ASSETS_TDAYS":0.336842570315,"PREMIUM_EXPENSE":null,"LOAN_DEPOSIT":null,"LOAN_EQUITY":null,"LOAN_ASSETS":null,"DEPOSIT_EQUITY":null,"DEPOSIT_ASSETS":null,"EQUITY_MULTIPLIER":1.423636803161,"EQUITY_RATIO":0.425144900402},{"SECUCODE":"02135.HK","SECURITY_CODE":"02135","SECURITY_NAME_ABBR":"瑞丽医美","ORG_CODE":"10000073988","STD_REPORT_DATE":"2020-12-31 00:00:00","REPORT_DATE":"2020-12-31 00:00:00","DATE_TYPE_CODE":"001","REPORT_TYPE":"2020年年报","PER_NETCASH_OPERATE":0.006889537713,"PER_OI":0.080070559611,"BPS":0.333657445725,"BASIC_EPS":0.0025,"DILUTED_EPS":0.0025,"OPERATE_INCOME":164545000,"OPERATE_INCOME_YOY":-13.9210906276,"GROSS_PROFIT":80171000,"GROSS_PROFIT_YOY":-20.652625744769,"HOLDER_PROFIT":4251000,"HOLDER_PROFIT_YOY":-57.0475901788,"GROSS_PROFIT_RATIO":48.722841775806,"EPS_TTM":0.002068613139,"OPERATE_INCOME_QOQ":4.271094071797,"NET_PROFIT_RATIO":2.9845938801,"ROE_AVG":3.048065650645,"GROSS_PROFIT_QOQ":2.586052463212,"ROA":1.866663739255,"HOLDER_PROFIT_QOQ":198.837479655894,"ROE_YEARLY":3.048065650645,"ROIC_YEARLY":3.455212689433,"TOTAL_ASSETS":272332000,"TOTAL_LIABILITIES":85582000,"TAX_EBT":57.543010287888,"OCF_SALES":8.604333161141,"TOTAL_PARENT_EQUITY":185873000,"DEBT_ASSET_RATIO":31.4256128549,"OPERATE_PROFIT":15160000,"PRETAX_PROFIT":11567000,"NETCASH_OPERATE":14158000,"NETCASH_INVEST":-13336000,"NETCASH_FINANCE":92671000,"END_CASH":143398000,"DIVI_RATIO":null,"DIVIDEND_RATE":null,"CURRENT_RATIO":2.680844514712,"COMMON_ACS":1000000000,"CURRENTDEBT_DEBT":83.514056694165,"ISSUED_COMMON_SHARES":557077333,"HK_COMMON_SHARES":557077333,"PER_SHARES":10000,"TOTAL_MARKET_CAP":61278506.63,"HKSK_MARKET_CAP":61278506.63,"PE_TTM":-1.743755329885,"PB_TTM":0.355202298026,"REPORT_DATE_SQ":"2019-12-31 00:00:00","REPORT_TYPE_SQ":"2019年年报","OPERATE_INCOME_SQ":191156000,"DPS_HKD":null,"OPERATE_INCOME_QOQ_SQ":1.692787300371,"NET_PROFIT_RATIO_SQ":5.3762372094,"HOLDER_PROFIT_SQ":9897000,"HOLDER_PROFIT_QOQ_SQ":-5.653002859867,"ROE_AVG_SQ":18.310992701135,"PE_TTM_SQ":-8.169643227784,"PB_TTM_SQ":0.995483956748,"ROA_SQ":6.576757074649,"START_DATE":"2020-01-01 00:00:00","FISCAL_YEAR":"12-31","CURRENCY":"HKD","IS_CNY_CODE":0,"DPS_HKD_LY":null,"ORG_TYPE":"一般企业","PREMIUM_INCOME":null,"PREMIUM_INCOME_YOY":null,"NET_INTEREST_INCOME":null,"NET_INTEREST_INCOME_YOY":null,"FEE_COMMISSION_INCOME":null,"FEE_COMMISSION_INCOME_YOY":null,"ACCOUNTS_RECE_TDAYS":24.469477284556,"INVENTORY_TDAYS":8.647091980528,"CURRENT_ASSETS_TDAYS":1.155046241862,"TOTAL_ASSETS_TDAYS":0.722536309047,"PREMIUM_EXPENSE":null,"LOAN_DEPOSIT":null,"LOAN_EQUITY":null,"LOAN_ASSETS":null,"DEPOSIT_EQUITY":null,"DEPOSIT_ASSETS":null,"EQUITY_MULTIPLIER":1.458270414993,"EQUITY_RATIO":0.46043266101},{"SECUCODE":"02135.HK","SECURITY_CODE":"02135","SECURITY_NAME_ABBR":"瑞丽医美","ORG_CODE":"10000073988","STD_REPORT_DATE":"2020-06-30 00:00:00","REPORT_DATE":"2020-06-30 00:00:00","DATE_TYPE_CODE":"002","REPORT_TYPE":"2020年中报","PER_NETCASH_OPERATE":-817.5052625,"PER_OI":5197.23793749999,"BPS":0.145381969796,"BASIC_EPS":-0.007,"DILUTED_EPS":-0.007,"OPERATE_INCOME":58730000,"OPERATE_INCOME_YOY":-36.2191983145,"GROSS_PROFIT":24286000,"GROSS_PROFIT_YOY":-48.51825157926,"HOLDER_PROFIT":-12000000,"HOLDER_PROFIT_YOY":-645.9508644222,"GROSS_PROFIT_RATIO":41.351949599864,"EPS_TTM":-380.611618749999,"OPERATE_INCOME_QOQ":-17.447006633326,"NET_PROFIT_RATIO":-20.0527839264,"ROE_AVG":-13.789378731032,"GROSS_PROFIT_QOQ":-22.652863279162,"ROA":-6.761877660728,"HOLDER_PROFIT_QOQ":-143.457613418208,"ROE_YEARLY":-27.578757462065,"ROIC_YEARLY":-17.305716294414,"TOTAL_ASSETS":171798000,"TOTAL_LIABILITIES":90369000,"TAX_EBT":4.655116580311,"OCF_SALES":-15.729610080027,"TOTAL_PARENT_EQUITY":80989000,"DEBT_ASSET_RATIO":52.6018929208,"OPERATE_PROFIT":-10039000,"PRETAX_PROFIT":-12352000,"NETCASH_OPERATE":-9238000,"NETCASH_INVEST":-18240000,"NETCASH_FINANCE":5562000,"END_CASH":27499000,"DIVI_RATIO":null,"DIVIDEND_RATE":null,"CURRENT_RATIO":1.172930480552,"COMMON_ACS":1000000000,"CURRENTDEBT_DEBT":80.940366718676,"ISSUED_COMMON_SHARES":557077333,"HK_COMMON_SHARES":557077333,"PER_SHARES":10000,"TOTAL_MARKET_CAP":61278506.63,"HKSK_MARKET_CAP":61278506.63,"PE_TTM":-1.743755329885,"PB_TTM":0.355202298026,"REPORT_DATE_SQ":"2019-06-30 00:00:00","REPORT_TYPE_SQ":"2019年中报","OPERATE_INCOME_SQ":92081000,"DPS_HKD":null,"OPERATE_INCOME_QOQ_SQ":0,"NET_PROFIT_RATIO_SQ":2.3978888153,"HOLDER_PROFIT_SQ":2198000,"HOLDER_PROFIT_QOQ_SQ":0,"ROE_AVG_SQ":null,"PE_TTM_SQ":-8.169643227784,"PB_TTM_SQ":0.995483956748,"ROA_SQ":null,"START_DATE":"2020-01-01 00:00:00","FISCAL_YEAR":"12-31","CURRENCY":"HKD","IS_CNY_CODE":0,"DPS_HKD_LY":null,"ORG_TYPE":"一般企业","PREMIUM_INCOME":null,"PREMIUM_INCOME_YOY":null,"NET_INTEREST_INCOME":null,"NET_INTEREST_INCOME_YOY":null,"FEE_COMMISSION_INCOME":null,"FEE_COMMISSION_INCOME_YOY":null,"ACCOUNTS_RECE_TDAYS":8.549384962515,"INVENTORY_TDAYS":4.773943173943,"CURRENT_ASSETS_TDAYS":0.655831067387,"TOTAL_ASSETS_TDAYS":0.330937562512,"PREMIUM_EXPENSE":null,"LOAN_DEPOSIT":null,"LOAN_EQUITY":null,"LOAN_ASSETS":null,"DEPOSIT_EQUITY":null,"DEPOSIT_ASSETS":null,"EQUITY_MULTIPLIER":2.10978889585,"EQUITY_RATIO":1.115818197533}],"count":15},"success":true,"message":"ok","code":0}