{"version":"9f39893fb657385a27503dc672f5517e","result":{"pages":2,"data":[{"SECUCODE":"02131.HK","SECURITY_CODE":"02131","SECURITY_NAME_ABBR":"云想科技","ORG_CODE":"10000103238","STD_REPORT_DATE":"2024-06-30 00:00:00","REPORT_DATE":"2024-06-30 00:00:00","DATE_TYPE_CODE":"002","REPORT_TYPE":"2024年中报","PER_NETCASH_OPERATE":0.068666437087,"PER_OI":1.959320461806,"BPS":1.800165397696,"BASIC_EPS":0.031,"DILUTED_EPS":0.031,"OPERATE_INCOME":1558949000,"OPERATE_INCOME_YOY":-3.8128738248,"GROSS_PROFIT":129886000,"GROSS_PROFIT_YOY":6.677289004238,"HOLDER_PROFIT":23919000,"HOLDER_PROFIT_YOY":-28.6085243553,"GROSS_PROFIT_RATIO":8.331638815638,"EPS_TTM":-0.000991632083,"OPERATE_INCOME_QOQ":-2.053130827661,"NET_PROFIT_RATIO":1.5298768593,"ROE_AVG":1.697093109883,"GROSS_PROFIT_QOQ":3.242260250208,"ROA":0.870645656973,"HOLDER_PROFIT_QOQ":-108.969986357435,"ROE_YEARLY":3.394186219766,"ROIC_YEARLY":2.02242602342,"TOTAL_ASSETS":2848093000,"TOTAL_LIABILITIES":1415897000,"TAX_EBT":18.229505948503,"OCF_SALES":3.504604704836,"TOTAL_PARENT_EQUITY":1432316000,"DEBT_ASSET_RATIO":49.7138611696,"OPERATE_PROFIT":39521000,"PRETAX_PROFIT":29167000,"NETCASH_OPERATE":54635000,"NETCASH_INVEST":8128000,"NETCASH_FINANCE":-19286000,"END_CASH":404331000,"DIVI_RATIO":null,"DIVIDEND_RATE":null,"CURRENT_RATIO":1.867609892862,"COMMON_ACS":3000000000,"CURRENTDEBT_DEBT":99.402640163797,"ISSUED_COMMON_SHARES":795658000,"HK_COMMON_SHARES":795658000,"PER_SHARES":1000,"TOTAL_MARKET_CAP":588786920,"HKSK_MARKET_CAP":588786920,"PE_TTM":-1383.76064251124,"PB_TTM":0.375178414641,"REPORT_DATE_SQ":"2023-06-30 00:00:00","REPORT_TYPE_SQ":"2023年中报","OPERATE_INCOME_SQ":1620746000,"DPS_HKD":null,"OPERATE_INCOME_QOQ_SQ":0.08011878849,"NET_PROFIT_RATIO_SQ":1.9413282525,"HOLDER_PROFIT_SQ":33504000,"HOLDER_PROFIT_QOQ_SQ":-16.110571333899,"ROE_AVG_SQ":2.415083894323,"PE_TTM_SQ":-1.569623679717,"PB_TTM_SQ":0.243025909309,"ROA_SQ":1.309682381305,"START_DATE":"2024-01-01 00:00:00","FISCAL_YEAR":"12-31","CURRENCY":"HKD","IS_CNY_CODE":0,"DPS_HKD_LY":null,"ORG_TYPE":"一般企业","PREMIUM_INCOME":null,"PREMIUM_INCOME_YOY":null,"NET_INTEREST_INCOME":null,"NET_INTEREST_INCOME_YOY":null,"FEE_COMMISSION_INCOME":null,"FEE_COMMISSION_INCOME_YOY":null,"ACCOUNTS_RECE_TDAYS":1.015105643788,"INVENTORY_TDAYS":140.104215686275,"CURRENT_ASSETS_TDAYS":0.618957964669,"TOTAL_ASSETS_TDAYS":0.567453562562,"PREMIUM_EXPENSE":null,"LOAN_DEPOSIT":null,"LOAN_EQUITY":null,"LOAN_ASSETS":null,"DEPOSIT_EQUITY":null,"DEPOSIT_ASSETS":null,"EQUITY_MULTIPLIER":1.988619574417,"EQUITY_RATIO":0.988536747478},{"SECUCODE":"02131.HK","SECURITY_CODE":"02131","SECURITY_NAME_ABBR":"云想科技","ORG_CODE":"10000103238","STD_REPORT_DATE":"2023-12-31 00:00:00","REPORT_DATE":"2023-12-31 00:00:00","DATE_TYPE_CODE":"001","REPORT_TYPE":"2023年年报","PER_NETCASH_OPERATE":0.203502007144,"PER_OI":3.782895414864,"BPS":1.742587895804,"BASIC_EPS":0.011,"DILUTED_EPS":0.011,"OPERATE_INCOME":3009891000,"OPERATE_INCOME_YOY":-9.0690722444,"GROSS_PROFIT":250751000,"GROSS_PROFIT_YOY":722.61990683026,"HOLDER_PROFIT":8796000,"HOLDER_PROFIT_YOY":104.9399911264,"GROSS_PROFIT_RATIO":8.330899690387,"EPS_TTM":0.011055001018,"OPERATE_INCOME_QOQ":-9.141866680029,"NET_PROFIT_RATIO":0.2486801017,"ROE_AVG":0.637980743078,"GROSS_PROFIT_QOQ":735.697383769372,"ROA":0.352153909995,"HOLDER_PROFIT_QOQ":104.254557590825,"ROE_YEARLY":0.637980743078,"ROIC_YEARLY":0.403829679002,"TOTAL_ASSETS":2646450000,"TOTAL_LIABILITIES":1261274000,"TAX_EBT":20.414673046252,"OCF_SALES":5.379530355086,"TOTAL_PARENT_EQUITY":1386504000,"DEBT_ASSET_RATIO":47.6590904797,"OPERATE_PROFIT":31549000,"PRETAX_PROFIT":9405000,"NETCASH_OPERATE":161918000,"NETCASH_INVEST":-135081000,"NETCASH_FINANCE":56365000,"END_CASH":360906000,"DIVI_RATIO":null,"DIVIDEND_RATE":null,"CURRENT_RATIO":1.923751527397,"COMMON_ACS":3000000000,"CURRENTDEBT_DEBT":99.275018750882,"ISSUED_COMMON_SHARES":795658000,"HK_COMMON_SHARES":795658000,"PER_SHARES":1000,"TOTAL_MARKET_CAP":564917180,"HKSK_MARKET_CAP":564917180,"PE_TTM":-1327.66223808511,"PB_TTM":0.359968478913,"REPORT_DATE_SQ":"2022-12-31 00:00:00","REPORT_TYPE_SQ":"2022年年报","OPERATE_INCOME_SQ":3310085000,"DPS_HKD":null,"OPERATE_INCOME_QOQ_SQ":4.423301634893,"NET_PROFIT_RATIO_SQ":-5.3948463559,"HOLDER_PROFIT_SQ":-178057000,"HOLDER_PROFIT_QOQ_SQ":-336.253267345125,"ROE_AVG_SQ":-12.056837237742,"PE_TTM_SQ":-1.991565529103,"PB_TTM_SQ":0.308355454822,"ROA_SQ":-7.408056136754,"START_DATE":"2023-01-01 00:00:00","FISCAL_YEAR":"12-31","CURRENCY":"HKD","IS_CNY_CODE":0,"DPS_HKD_LY":null,"ORG_TYPE":"一般企业","PREMIUM_INCOME":null,"PREMIUM_INCOME_YOY":null,"NET_INTEREST_INCOME":null,"NET_INTEREST_INCOME_YOY":null,"FEE_COMMISSION_INCOME":null,"FEE_COMMISSION_INCOME_YOY":null,"ACCOUNTS_RECE_TDAYS":1.935343055194,"INVENTORY_TDAYS":70.766231934239,"CURRENT_ASSETS_TDAYS":1.304110523253,"TOTAL_ASSETS_TDAYS":1.205030564245,"PREMIUM_EXPENSE":null,"LOAN_DEPOSIT":null,"LOAN_EQUITY":null,"LOAN_ASSETS":null,"DEPOSIT_EQUITY":null,"DEPOSIT_ASSETS":null,"EQUITY_MULTIPLIER":1.910551438951,"EQUITY_RATIO":0.909679308534},{"SECUCODE":"02131.HK","SECURITY_CODE":"02131","SECURITY_NAME_ABBR":"云想科技","ORG_CODE":"10000103238","STD_REPORT_DATE":"2023-06-30 00:00:00","REPORT_DATE":"2023-06-30 00:00:00","DATE_TYPE_CODE":"002","REPORT_TYPE":"2023年中报","PER_NETCASH_OPERATE":0.393885312534,"PER_OI":2.036988253747,"BPS":1.764094623569,"BASIC_EPS":0.043,"DILUTED_EPS":0.043,"OPERATE_INCOME":1620746000,"OPERATE_INCOME_YOY":0.1638965351,"GROSS_PROFIT":121756000,"GROSS_PROFIT_YOY":24.884353043746,"HOLDER_PROFIT":33504000,"HOLDER_PROFIT_YOY":-46.1263868789,"GROSS_PROFIT_RATIO":5.986008911945,"EPS_TTM":-0.259839026315,"OPERATE_INCOME_QOQ":0.08011878849,"NET_PROFIT_RATIO":1.9413282525,"ROE_AVG":2.415083894323,"GROSS_PROFIT_QOQ":-1.564857948953,"ROA":1.309682381305,"HOLDER_PROFIT_QOQ":-16.110571333899,"ROE_YEARLY":4.830167788646,"ROIC_YEARLY":3.107529479746,"TOTAL_ASSETS":2767262000,"TOTAL_LIABILITIES":1365703000,"TAX_EBT":14.386003101956,"OCF_SALES":19.336651147064,"TOTAL_PARENT_EQUITY":1403616000,"DEBT_ASSET_RATIO":49.3521394071,"OPERATE_PROFIT":47001000,"PRETAX_PROFIT":36751000,"NETCASH_OPERATE":313398000,"NETCASH_INVEST":-75715000,"NETCASH_FINANCE":10496000,"END_CASH":526117000,"DIVI_RATIO":null,"DIVIDEND_RATE":null,"CURRENT_RATIO":1.893955331894,"COMMON_ACS":3000000000,"CURRENTDEBT_DEBT":99.610896366194,"ISSUED_COMMON_SHARES":795658000,"HK_COMMON_SHARES":795658000,"PER_SHARES":1000,"TOTAL_MARKET_CAP":564917180,"HKSK_MARKET_CAP":564917180,"PE_TTM":-1327.66223808511,"PB_TTM":0.359968478913,"REPORT_DATE_SQ":"2022-06-30 00:00:00","REPORT_TYPE_SQ":"2022年中报","OPERATE_INCOME_SQ":1618094000,"DPS_HKD":null,"OPERATE_INCOME_QOQ_SQ":1.517377786717,"NET_PROFIT_RATIO_SQ":3.8434108278,"HOLDER_PROFIT_SQ":62190000,"HOLDER_PROFIT_QOQ_SQ":-35.802689971806,"ROE_AVG_SQ":3.891771334811,"PE_TTM_SQ":-1.991565529103,"PB_TTM_SQ":0.308355454822,"ROA_SQ":2.387762400939,"START_DATE":"2023-01-01 00:00:00","FISCAL_YEAR":"12-31","CURRENCY":"HKD","IS_CNY_CODE":0,"DPS_HKD_LY":null,"ORG_TYPE":"一般企业","PREMIUM_INCOME":null,"PREMIUM_INCOME_YOY":null,"NET_INTEREST_INCOME":null,"NET_INTEREST_INCOME_YOY":null,"FEE_COMMISSION_INCOME":null,"FEE_COMMISSION_INCOME_YOY":null,"ACCOUNTS_RECE_TDAYS":1.022288885707,"INVENTORY_TDAYS":34.903060289536,"CURRENT_ASSETS_TDAYS":0.677606932658,"TOTAL_ASSETS_TDAYS":0.633554942923,"PREMIUM_EXPENSE":null,"LOAN_DEPOSIT":null,"LOAN_EQUITY":null,"LOAN_ASSETS":null,"DEPOSIT_EQUITY":null,"DEPOSIT_ASSETS":null,"EQUITY_MULTIPLIER":1.974417059859,"EQUITY_RATIO":0.972989051136},{"SECUCODE":"02131.HK","SECURITY_CODE":"02131","SECURITY_NAME_ABBR":"云想科技","ORG_CODE":"10000103238","STD_REPORT_DATE":"2022-12-31 00:00:00","REPORT_DATE":"2022-12-31 00:00:00","DATE_TYPE_CODE":"001","REPORT_TYPE":"2022年年报","PER_NETCASH_OPERATE":-0.239868134299,"PER_OI":4.160185657657,"BPS":1.723034268492,"BASIC_EPS":-0.229,"DILUTED_EPS":-0.229,"OPERATE_INCOME":3310085000,"OPERATE_INCOME_YOY":6.0077976181,"GROSS_PROFIT":30482000,"GROSS_PROFIT_YOY":-86.060273471441,"HOLDER_PROFIT":-178057000,"HOLDER_PROFIT_YOY":-251.6682424893,"GROSS_PROFIT_RATIO":0.920882696366,"EPS_TTM":-0.223785847688,"OPERATE_INCOME_QOQ":4.423301634893,"NET_PROFIT_RATIO":-5.3948463559,"ROE_AVG":-12.056837237742,"GROSS_PROFIT_QOQ":-81.734618058052,"ROA":-7.408056136754,"HOLDER_PROFIT_QOQ":-336.253267345125,"ROE_YEARLY":-12.056837237742,"ROIC_YEARLY":-8.536436277445,"TOTAL_ASSETS":2349093000,"TOTAL_LIABILITIES":978164000,"TAX_EBT":11.695388799604,"OCF_SALES":-5.765803597189,"TOTAL_PARENT_EQUITY":1370946000,"DEBT_ASSET_RATIO":41.6400712956,"OPERATE_PROFIT":-170978000,"PRETAX_PROFIT":-202225000,"NETCASH_OPERATE":-190853000,"NETCASH_INVEST":-57360000,"NETCASH_FINANCE":171961000,"END_CASH":279690000,"DIVI_RATIO":null,"DIVIDEND_RATE":null,"CURRENT_RATIO":2.26704402477,"COMMON_ACS":3000000000,"CURRENTDEBT_DEBT":99.534536130956,"ISSUED_COMMON_SHARES":795658000,"HK_COMMON_SHARES":795658000,"PER_SHARES":1000,"TOTAL_MARKET_CAP":564917180,"HKSK_MARKET_CAP":564917180,"PE_TTM":-1327.66223808511,"PB_TTM":0.359968478913,"REPORT_DATE_SQ":"2021-12-31 00:00:00","REPORT_TYPE_SQ":"2021年年报","OPERATE_INCOME_SQ":3122492000,"DPS_HKD":null,"OPERATE_INCOME_QOQ_SQ":-6.812841805254,"NET_PROFIT_RATIO_SQ":3.7597854534,"HOLDER_PROFIT_SQ":117399000,"HOLDER_PROFIT_QOQ_SQ":-22.125449407644,"ROE_AVG_SQ":7.604293547663,"PE_TTM_SQ":-1.991565529103,"PB_TTM_SQ":0.308355454822,"ROA_SQ":5.22035975433,"START_DATE":"2022-01-01 00:00:00","FISCAL_YEAR":"12-31","CURRENCY":"HKD","IS_CNY_CODE":0,"DPS_HKD_LY":0.05,"ORG_TYPE":"一般企业","PREMIUM_INCOME":null,"PREMIUM_INCOME_YOY":null,"NET_INTEREST_INCOME":null,"NET_INTEREST_INCOME_YOY":null,"FEE_COMMISSION_INCOME":null,"FEE_COMMISSION_INCOME_YOY":null,"ACCOUNTS_RECE_TDAYS":2.147752493129,"INVENTORY_TDAYS":47.661720680134,"CURRENT_ASSETS_TDAYS":1.440393918038,"TOTAL_ASSETS_TDAYS":1.377159870009,"PREMIUM_EXPENSE":null,"LOAN_DEPOSIT":null,"LOAN_EQUITY":null,"LOAN_ASSETS":null,"DEPOSIT_EQUITY":null,"DEPOSIT_ASSETS":null,"EQUITY_MULTIPLIER":1.713504492209,"EQUITY_RATIO":0.713495644613},{"SECUCODE":"02131.HK","SECURITY_CODE":"02131","SECURITY_NAME_ABBR":"云想科技","ORG_CODE":"10000103238","STD_REPORT_DATE":"2022-06-30 00:00:00","REPORT_DATE":"2022-06-30 00:00:00","DATE_TYPE_CODE":"002","REPORT_TYPE":"2022年中报","PER_NETCASH_OPERATE":0.24400433352,"PER_OI":2.033655163399,"BPS":2.027621163867,"BASIC_EPS":0.08,"DILUTED_EPS":0.08,"OPERATE_INCOME":1618094000,"OPERATE_INCOME_YOY":3.0164625769,"GROSS_PROFIT":97495000,"GROSS_PROFIT_YOY":-34.690282085463,"HOLDER_PROFIT":62190000,"HOLDER_PROFIT_YOY":-40.3292970774,"GROSS_PROFIT_RATIO":6.025298901053,"EPS_TTM":0.094722858313,"OPERATE_INCOME_QOQ":1.517377786717,"NET_PROFIT_RATIO":3.8434108278,"ROE_AVG":3.891771334811,"GROSS_PROFIT_QOQ":-23.682260941144,"ROA":2.387762400939,"HOLDER_PROFIT_QOQ":-35.802689971806,"ROE_YEARLY":7.783542669621,"ROIC_YEARLY":5.868302884258,"TOTAL_ASSETS":2751036000,"TOTAL_LIABILITIES":1137743000,"TAX_EBT":11.36227587583,"OCF_SALES":11.998314065808,"TOTAL_PARENT_EQUITY":1613293000,"DEBT_ASSET_RATIO":41.356892458,"OPERATE_PROFIT":83910000,"PRETAX_PROFIT":70162000,"NETCASH_OPERATE":194144000,"NETCASH_INVEST":-30874000,"NETCASH_FINANCE":94766000,"END_CASH":614265000,"DIVI_RATIO":null,"DIVIDEND_RATE":null,"CURRENT_RATIO":2.333997532387,"COMMON_ACS":3000000000,"CURRENTDEBT_DEBT":99.732540652854,"ISSUED_COMMON_SHARES":795658000,"HK_COMMON_SHARES":795658000,"PER_SHARES":1000,"TOTAL_MARKET_CAP":564917180,"HKSK_MARKET_CAP":564917180,"PE_TTM":-1327.66223808511,"PB_TTM":0.359968478913,"REPORT_DATE_SQ":"2021-06-30 00:00:00","REPORT_TYPE_SQ":"2021年中报","OPERATE_INCOME_SQ":1570714000,"DPS_HKD":null,"OPERATE_INCOME_QOQ_SQ":30.024881394289,"NET_PROFIT_RATIO_SQ":6.6353263548,"HOLDER_PROFIT_SQ":104222000,"HOLDER_PROFIT_QOQ_SQ":45.504208169253,"ROE_AVG_SQ":6.678194051575,"PE_TTM_SQ":-1.991565529103,"PB_TTM_SQ":0.308355454822,"ROA_SQ":4.685892304327,"START_DATE":"2022-01-01 00:00:00","FISCAL_YEAR":"12-31","CURRENCY":"HKD","IS_CNY_CODE":0,"DPS_HKD_LY":0.05,"ORG_TYPE":"一般企业","PREMIUM_INCOME":null,"PREMIUM_INCOME_YOY":null,"NET_INTEREST_INCOME":null,"NET_INTEREST_INCOME_YOY":null,"FEE_COMMISSION_INCOME":null,"FEE_COMMISSION_INCOME_YOY":null,"ACCOUNTS_RECE_TDAYS":0.997018054036,"INVENTORY_TDAYS":null,"CURRENT_ASSETS_TDAYS":0.642451209995,"TOTAL_ASSETS_TDAYS":0.621261298341,"PREMIUM_EXPENSE":null,"LOAN_DEPOSIT":null,"LOAN_EQUITY":null,"LOAN_ASSETS":null,"DEPOSIT_EQUITY":null,"DEPOSIT_ASSETS":null,"EQUITY_MULTIPLIER":1.705230234063,"EQUITY_RATIO":0.705230234062},{"SECUCODE":"02131.HK","SECURITY_CODE":"02131","SECURITY_NAME_ABBR":"云想科技","ORG_CODE":"10000103238","STD_REPORT_DATE":"2021-12-31 00:00:00","REPORT_DATE":"2021-12-31 00:00:00","DATE_TYPE_CODE":"001","REPORT_TYPE":"2021年年报","PER_NETCASH_OPERATE":-0.855982092809,"PER_OI":3.924414761116,"BPS":1.989147347227,"BASIC_EPS":0.147,"DILUTED_EPS":0.147,"OPERATE_INCOME":3122492000,"OPERATE_INCOME_YOY":21.1664919174,"GROSS_PROFIT":218670000,"GROSS_PROFIT_YOY":7.905255366395,"HOLDER_PROFIT":117399000,"HOLDER_PROFIT_YOY":13.3107482048,"GROSS_PROFIT_RATIO":7.003060376135,"EPS_TTM":0.14754957532,"OPERATE_INCOME_QOQ":-6.812841805254,"NET_PROFIT_RATIO":3.7597854534,"ROE_AVG":7.604293547663,"GROSS_PROFIT_QOQ":-18.26948233975,"ROA":5.22035975433,"HOLDER_PROFIT_QOQ":-22.125449407644,"ROE_YEARLY":7.604293547663,"ROIC_YEARLY":7.518140710823,"TOTAL_ASSETS":2458025000,"TOTAL_LIABILITIES":875344000,"TAX_EBT":12.600131026473,"OCF_SALES":-21.811713208553,"TOTAL_PARENT_EQUITY":1582681000,"DEBT_ASSET_RATIO":35.611680109,"OPERATE_PROFIT":152461000,"PRETAX_PROFIT":134324000,"NETCASH_OPERATE":-681069000,"NETCASH_INVEST":-21423000,"NETCASH_FINANCE":49352000,"END_CASH":355751000,"DIVI_RATIO":null,"DIVIDEND_RATE":null,"CURRENT_RATIO":2.74024570701,"COMMON_ACS":3000000000,"CURRENTDEBT_DEBT":99.591703376044,"ISSUED_COMMON_SHARES":795658000,"HK_COMMON_SHARES":795658000,"PER_SHARES":1000,"TOTAL_MARKET_CAP":564917180,"HKSK_MARKET_CAP":564917180,"PE_TTM":-1327.66223808511,"PB_TTM":0.359968478913,"REPORT_DATE_SQ":"2020-12-31 00:00:00","REPORT_TYPE_SQ":"2020年年报","OPERATE_INCOME_SQ":2577026000,"DPS_HKD":null,"OPERATE_INCOME_QOQ_SQ":41.324687588944,"NET_PROFIT_RATIO_SQ":4.0204483773,"HOLDER_PROFIT_SQ":103608000,"HOLDER_PROFIT_QOQ_SQ":9.682200249836,"ROE_AVG_SQ":11.597700564001,"PE_TTM_SQ":-1.991565529103,"PB_TTM_SQ":0.308355454822,"ROA_SQ":7.735773547489,"START_DATE":"2021-01-01 00:00:00","FISCAL_YEAR":"12-31","CURRENCY":"HKD","IS_CNY_CODE":0,"DPS_HKD_LY":null,"ORG_TYPE":"一般企业","PREMIUM_INCOME":null,"PREMIUM_INCOME_YOY":null,"NET_INTEREST_INCOME":null,"NET_INTEREST_INCOME_YOY":null,"FEE_COMMISSION_INCOME":null,"FEE_COMMISSION_INCOME_YOY":null,"ACCOUNTS_RECE_TDAYS":2.839101414144,"INVENTORY_TDAYS":null,"CURRENT_ASSETS_TDAYS":1.426511620789,"TOTAL_ASSETS_TDAYS":1.388472778304,"PREMIUM_EXPENSE":null,"LOAN_DEPOSIT":null,"LOAN_EQUITY":null,"LOAN_ASSETS":null,"DEPOSIT_EQUITY":null,"DEPOSIT_ASSETS":null,"EQUITY_MULTIPLIER":1.553076709709,"EQUITY_RATIO":0.55307670971},{"SECUCODE":"02131.HK","SECURITY_CODE":"02131","SECURITY_NAME_ABBR":"云想科技","ORG_CODE":"10000103238","STD_REPORT_DATE":"2021-06-30 00:00:00","REPORT_DATE":"2021-06-30 00:00:00","DATE_TYPE_CODE":"002","REPORT_TYPE":"2021年中报","PER_NETCASH_OPERATE":-0.80991125,"PER_OI":1.9633925,"BPS":2.031326273349,"BASIC_EPS":0.13,"DILUTED_EPS":0.13,"OPERATE_INCOME":1570714000,"OPERATE_INCOME_YOY":97.0869486113,"GROSS_PROFIT":149281000,"GROSS_PROFIT_YOY":76.913049146135,"HOLDER_PROFIT":104222000,"HOLDER_PROFIT_YOY":82.6021445091,"GROSS_PROFIT_RATIO":9.504021737885,"EPS_TTM":0.1884425,"OPERATE_INCOME_QOQ":30.024881394289,"NET_PROFIT_RATIO":6.6353263548,"ROE_AVG":6.678194051575,"GROSS_PROFIT_QOQ":32.025660004935,"ROA":4.685892304327,"HOLDER_PROFIT_QOQ":45.504208169253,"ROE_YEARLY":13.356388103149,"ROIC_YEARLY":14.534951830013,"TOTAL_ASSETS":2408620000,"TOTAL_LIABILITIES":792379000,"TAX_EBT":8.079694486828,"OCF_SALES":-41.25060322885,"TOTAL_PARENT_EQUITY":1616241000,"DEBT_ASSET_RATIO":32.89763433,"OPERATE_PROFIT":118468000,"PRETAX_PROFIT":113383000,"NETCASH_OPERATE":-647929000,"NETCASH_INVEST":-3145000,"NETCASH_FINANCE":202994000,"END_CASH":561256000,"DIVI_RATIO":null,"DIVIDEND_RATE":null,"CURRENT_RATIO":2.973791915623,"COMMON_ACS":3000000000,"CURRENTDEBT_DEBT":99.505287242595,"ISSUED_COMMON_SHARES":795658000,"HK_COMMON_SHARES":795658000,"PER_SHARES":1000,"TOTAL_MARKET_CAP":549004020,"HKSK_MARKET_CAP":549004020,"PE_TTM":-1290.26330180102,"PB_TTM":0.34982852176,"REPORT_DATE_SQ":"2020-06-30 00:00:00","REPORT_TYPE_SQ":"2020年中报","OPERATE_INCOME_SQ":796965000,"DPS_HKD":null,"OPERATE_INCOME_QOQ_SQ":-21.165126699282,"NET_PROFIT_RATIO_SQ":7.161669584,"HOLDER_PROFIT_SQ":57076000,"HOLDER_PROFIT_QOQ_SQ":29.51709764993,"ROE_AVG_SQ":18.396361725924,"PE_TTM_SQ":-2.126586920907,"PB_TTM_SQ":0.329260909386,"ROA_SQ":8.717326824917,"START_DATE":"2021-01-01 00:00:00","FISCAL_YEAR":"12-31","CURRENCY":"HKD","IS_CNY_CODE":0,"DPS_HKD_LY":null,"ORG_TYPE":"一般企业","PREMIUM_INCOME":null,"PREMIUM_INCOME_YOY":null,"NET_INTEREST_INCOME":null,"NET_INTEREST_INCOME_YOY":null,"FEE_COMMISSION_INCOME":null,"FEE_COMMISSION_INCOME_YOY":null,"ACCOUNTS_RECE_TDAYS":1.399483050342,"INVENTORY_TDAYS":null,"CURRENT_ASSETS_TDAYS":0.724891950204,"TOTAL_ASSETS_TDAYS":0.706203742482,"PREMIUM_EXPENSE":null,"LOAN_DEPOSIT":null,"LOAN_EQUITY":null,"LOAN_ASSETS":null,"DEPOSIT_EQUITY":null,"DEPOSIT_ASSETS":null,"EQUITY_MULTIPLIER":1.49026042527,"EQUITY_RATIO":0.490260425271},{"SECUCODE":"02131.HK","SECURITY_CODE":"02131","SECURITY_NAME_ABBR":"云想科技","ORG_CODE":"10000103238","STD_REPORT_DATE":"2020-12-31 00:00:00","REPORT_DATE":"2020-12-31 00:00:00","DATE_TYPE_CODE":"001","REPORT_TYPE":"2020年年报","PER_NETCASH_OPERATE":-0.27844875,"PER_OI":3.2212825,"BPS":1.891543854269,"BASIC_EPS":0.171,"DILUTED_EPS":0.171,"OPERATE_INCOME":2577026000,"OPERATE_INCOME_YOY":11.4131384034,"GROSS_PROFIT":202650000,"GROSS_PROFIT_YOY":27.221590944761,"HOLDER_PROFIT":103608000,"HOLDER_PROFIT_YOY":42.0572024022,"GROSS_PROFIT_RATIO":7.863715771591,"EPS_TTM":0.12951,"OPERATE_INCOME_QOQ":41.324687588944,"NET_PROFIT_RATIO":4.0204483773,"ROE_AVG":11.597700564001,"GROSS_PROFIT_QOQ":16.000847181119,"ROA":7.735773547489,"HOLDER_PROFIT_QOQ":9.682200249836,"ROE_YEARLY":11.597700564001,"ROIC_YEARLY":12.752279632453,"TOTAL_ASSETS":2039711000,"TOTAL_LIABILITIES":534689000,"TAX_EBT":6.777037970128,"OCF_SALES":-8.644033859185,"TOTAL_PARENT_EQUITY":1505022000,"DEBT_ASSET_RATIO":26.2139587422,"OPERATE_PROFIT":124942000,"PRETAX_PROFIT":111140000,"NETCASH_OPERATE":-222399000,"NETCASH_INVEST":-17304000,"NETCASH_FINANCE":1226271000,"END_CASH":1018899000,"DIVI_RATIO":null,"DIVIDEND_RATE":null,"CURRENT_RATIO":3.742549944584,"COMMON_ACS":3000000000,"CURRENTDEBT_DEBT":99.392170027811,"ISSUED_COMMON_SHARES":795658000,"HK_COMMON_SHARES":795658000,"PER_SHARES":1000,"TOTAL_MARKET_CAP":549004020,"HKSK_MARKET_CAP":549004020,"PE_TTM":-1290.26330180102,"PB_TTM":0.34982852176,"REPORT_DATE_SQ":"2019-12-31 00:00:00","REPORT_TYPE_SQ":"2019年年报","OPERATE_INCOME_SQ":2313036000,"DPS_HKD":null,"OPERATE_INCOME_QOQ_SQ":95.000050582883,"NET_PROFIT_RATIO_SQ":3.1531718486,"HOLDER_PROFIT_SQ":72934000,"HOLDER_PROFIT_QOQ_SQ":4.966682497877,"ROE_AVG_SQ":29.775056133905,"PE_TTM_SQ":-2.126586920907,"PB_TTM_SQ":0.329260909386,"ROA_SQ":13.600999552439,"START_DATE":"2020-01-01 00:00:00","FISCAL_YEAR":"12-31","CURRENCY":"HKD","IS_CNY_CODE":0,"DPS_HKD_LY":null,"ORG_TYPE":"一般企业","PREMIUM_INCOME":null,"PREMIUM_INCOME_YOY":null,"NET_INTEREST_INCOME":null,"NET_INTEREST_INCOME_YOY":null,"FEE_COMMISSION_INCOME":null,"FEE_COMMISSION_INCOME_YOY":null,"ACCOUNTS_RECE_TDAYS":4.500667583557,"INVENTORY_TDAYS":null,"CURRENT_ASSETS_TDAYS":1.991895686627,"TOTAL_ASSETS_TDAYS":1.924107169523,"PREMIUM_EXPENSE":null,"LOAN_DEPOSIT":null,"LOAN_EQUITY":null,"LOAN_ASSETS":null,"DEPOSIT_EQUITY":null,"DEPOSIT_ASSETS":null,"EQUITY_MULTIPLIER":1.355269889743,"EQUITY_RATIO":0.355269889742},{"SECUCODE":"02131.HK","SECURITY_CODE":"02131","SECURITY_NAME_ABBR":"云想科技","ORG_CODE":"10000103238","STD_REPORT_DATE":"2020-06-30 00:00:00","REPORT_DATE":"2020-06-30 00:00:00","DATE_TYPE_CODE":"002","REPORT_TYPE":"2020年中报","PER_NETCASH_OPERATE":0.301620411905,"PER_OI":3.358401022321,"BPS":0.425857592081,"BASIC_EPS":0.096,"DILUTED_EPS":0.096,"OPERATE_INCOME":796965000,"OPERATE_INCOME_YOY":-38.0527499724,"GROSS_PROFIT":84381000,"GROSS_PROFIT_YOY":22.339176199382,"HOLDER_PROFIT":57076000,"HOLDER_PROFIT_YOY":60.5603690784,"GROSS_PROFIT_RATIO":10.58779243756,"EPS_TTM":0.398061743452,"OPERATE_INCOME_QOQ":-21.165126699282,"NET_PROFIT_RATIO":7.161669584,"ROE_AVG":18.396361725924,"GROSS_PROFIT_QOQ":9.67298432409,"ROA":8.717326824917,"HOLDER_PROFIT_QOQ":29.51709764993,"ROE_YEARLY":36.792723451848,"ROIC_YEARLY":18.563594850746,"TOTAL_ASSETS":670523000,"TOTAL_LIABILITIES":331686000,"TAX_EBT":6.066291432145,"OCF_SALES":8.981071941679,"TOTAL_PARENT_EQUITY":338837000,"DEBT_ASSET_RATIO":49.4667595295,"OPERATE_PROFIT":63904000,"PRETAX_PROFIT":60762000,"NETCASH_OPERATE":71576000,"NETCASH_INVEST":-45772000,"NETCASH_FINANCE":-15848000,"END_CASH":44796000,"DIVI_RATIO":null,"DIVIDEND_RATE":null,"CURRENT_RATIO":1.903166487674,"COMMON_ACS":3000000000,"CURRENTDEBT_DEBT":98.535663247771,"ISSUED_COMMON_SHARES":795658000,"HK_COMMON_SHARES":795658000,"PER_SHARES":1000,"TOTAL_MARKET_CAP":549004020,"HKSK_MARKET_CAP":549004020,"PE_TTM":-1290.26330180102,"PB_TTM":0.34982852176,"REPORT_DATE_SQ":"2019-06-30 00:00:00","REPORT_TYPE_SQ":"2019年中报","OPERATE_INCOME_SQ":1286522000,"DPS_HKD":null,"OPERATE_INCOME_QOQ_SQ":0,"NET_PROFIT_RATIO_SQ":2.7631085982,"HOLDER_PROFIT_SQ":35548000,"HOLDER_PROFIT_QOQ_SQ":0,"ROE_AVG_SQ":null,"PE_TTM_SQ":-2.126586920907,"PB_TTM_SQ":0.329260909386,"ROA_SQ":null,"START_DATE":"2020-01-01 00:00:00","FISCAL_YEAR":"12-31","CURRENCY":"HKD","IS_CNY_CODE":0,"DPS_HKD_LY":null,"ORG_TYPE":"一般企业","PREMIUM_INCOME":null,"PREMIUM_INCOME_YOY":null,"NET_INTEREST_INCOME":null,"NET_INTEREST_INCOME_YOY":null,"FEE_COMMISSION_INCOME":null,"FEE_COMMISSION_INCOME_YOY":null,"ACCOUNTS_RECE_TDAYS":1.936787950074,"INVENTORY_TDAYS":null,"CURRENT_ASSETS_TDAYS":1.305874892674,"TOTAL_ASSETS_TDAYS":1.217219912576,"PREMIUM_EXPENSE":null,"LOAN_DEPOSIT":null,"LOAN_EQUITY":null,"LOAN_ASSETS":null,"DEPOSIT_EQUITY":null,"DEPOSIT_ASSETS":null,"EQUITY_MULTIPLIER":1.978895457108,"EQUITY_RATIO":0.978895457108}],"count":13},"success":true,"message":"ok","code":0}