{"version":"6432bf486461a9c9a43191f20005a838","result":{"pages":3,"data":[{"SECUCODE":"02138.HK","SECURITY_CODE":"02138","SECURITY_NAME_ABBR":"医思健康","ORG_CODE":"10494577","STD_REPORT_DATE":"2024-06-30 00:00:00","REPORT_DATE":"2024-09-30 00:00:00","DATE_TYPE_CODE":"002","REPORT_TYPE":"2024年中报","PER_NETCASH_OPERATE":0.301349605718,"PER_OI":1.569593489841,"BPS":1.530539627895,"BASIC_EPS":0.01082148,"DILUTED_EPS":0.01082148,"OPERATE_INCOME":1860299885.63,"OPERATE_INCOME_YOY":-2.7537203391,"GROSS_PROFIT":1529347464.58,"GROSS_PROFIT_YOY":-6.827405561528,"HOLDER_PROFIT":12712533.63,"HOLDER_PROFIT_YOY":111.9530897609,"GROSS_PROFIT_RATIO":82.209727388231,"EPS_TTM":-0.014492271005,"OPERATE_INCOME_QOQ":0,"NET_PROFIT_RATIO":1.9536118381,"ROE_AVG":0.709655431756,"GROSS_PROFIT_QOQ":0,"ROA":0.258680509203,"HOLDER_PROFIT_QOQ":0,"ROE_YEARLY":1.419310863512,"ROIC_YEARLY":0.662727379145,"TOTAL_ASSETS":4983386227.95,"TOTAL_LIABILITIES":2688472258.98,"TAX_EBT":28.849616892059,"OCF_SALES":19.199213533201,"TOTAL_PARENT_EQUITY":1814012808.51,"DEBT_ASSET_RATIO":53.948703472,"OPERATE_PROFIT":93444381.59,"PRETAX_PROFIT":51079189.18,"NETCASH_OPERATE":357162947.4,"NETCASH_INVEST":21907184.47,"NETCASH_FINANCE":-205547700.07,"END_CASH":673087038.1,"DIVI_RATIO":-0.622255821547,"DIVIDEND_RATE":1.428571428571,"CURRENT_RATIO":1.081238422863,"COMMON_ACS":38000000000,"CURRENTDEBT_DEBT":53.745561443442,"ISSUED_COMMON_SHARES":1185211265,"HK_COMMON_SHARES":1185211265,"PER_SHARES":1000,"TOTAL_MARKET_CAP":829647885.5,"HKSK_MARKET_CAP":829647885.5,"PE_TTM":-72.137021606817,"PB_TTM":0.412438194017,"REPORT_DATE_SQ":"2023-06-30 00:00:00","REPORT_TYPE_SQ":"2023年中报","OPERATE_INCOME_SQ":1946579530.56,"DPS_HKD":0.01,"OPERATE_INCOME_QOQ_SQ":0,"NET_PROFIT_RATIO_SQ":1.0102710021,"HOLDER_PROFIT_SQ":6103157.13,"HOLDER_PROFIT_QOQ_SQ":0,"ROE_AVG_SQ":0.356201036416,"PE_TTM_SQ":-418.198040577386,"PB_TTM_SQ":0.832203253855,"ROA_SQ":0.120107343568,"START_DATE":"2024-04-01 00:00:00","FISCAL_YEAR":"3-31","CURRENCY":"HKD","IS_CNY_CODE":0,"DPS_HKD_LY":0.01,"ORG_TYPE":"一般企业","PREMIUM_INCOME":null,"PREMIUM_INCOME_YOY":null,"NET_INTEREST_INCOME":null,"NET_INTEREST_INCOME_YOY":null,"FEE_COMMISSION_INCOME":null,"FEE_COMMISSION_INCOME_YOY":null,"ACCOUNTS_RECE_TDAYS":6.855004270053,"INVENTORY_TDAYS":2.9333551806,"CURRENT_ASSETS_TDAYS":1.352225449459,"TOTAL_ASSETS_TDAYS":0.378542417814,"PREMIUM_EXPENSE":null,"LOAN_DEPOSIT":null,"LOAN_EQUITY":null,"LOAN_ASSETS":null,"DEPOSIT_EQUITY":null,"DEPOSIT_ASSETS":null,"EQUITY_MULTIPLIER":2.171491522268,"EQUITY_RATIO":1.482058035295},{"SECUCODE":"02138.HK","SECURITY_CODE":"02138","SECURITY_NAME_ABBR":"医思健康","ORG_CODE":"10494577","STD_REPORT_DATE":"2023-12-31 00:00:00","REPORT_DATE":"2024-03-31 00:00:00","DATE_TYPE_CODE":"001","REPORT_TYPE":"2023年年报","PER_NETCASH_OPERATE":0.527082833245,"PER_OI":3.220955609716,"BPS":1.500202843372,"BASIC_EPS":-0.0145048,"DILUTED_EPS":-0.0145048,"OPERATE_INCOME":3817512872.7,"OPERATE_INCOME_YOY":8.6612734709,"GROSS_PROFIT":3213630908.1,"GROSS_PROFIT_YOY":10.49164440442,"HOLDER_PROFIT":-17176402.85,"HOLDER_PROFIT_YOY":-127.2015964625,"GROSS_PROFIT_RATIO":84.181272343087,"EPS_TTM":-0.004486827899,"OPERATE_INCOME_QOQ":0,"NET_PROFIT_RATIO":0.3727113103,"ROE_AVG":-0.993073851056,"GROSS_PROFIT_QOQ":0,"ROA":-0.348086196482,"HOLDER_PROFIT_QOQ":0,"ROE_YEARLY":-0.993073851056,"ROIC_YEARLY":-0.439376093831,"TOTAL_ASSETS":4870942103.7,"TOTAL_LIABILITIES":2692710053.65,"TAX_EBT":6.987080715894,"OCF_SALES":16.364175639522,"TOTAL_PARENT_EQUITY":1778057309.75,"DEBT_ASSET_RATIO":55.2810933968,"OPERATE_PROFIT":101791966.75,"PRETAX_PROFIT":15297124.7,"NETCASH_OPERATE":624704511.55,"NETCASH_INVEST":-324866725.25,"NETCASH_FINANCE":-441003939.2,"END_CASH":501888743.75,"DIVI_RATIO":-2.009860909091,"DIVIDEND_RATE":1.515151515152,"CURRENT_RATIO":0.921413777779,"COMMON_ACS":38000000000,"CURRENTDEBT_DEBT":48.181132908884,"ISSUED_COMMON_SHARES":1185211265,"HK_COMMON_SHARES":1185211265,"PER_SHARES":1000,"TOTAL_MARKET_CAP":782239434.9,"HKSK_MARKET_CAP":782239434.9,"PE_TTM":-68.014906086427,"PB_TTM":0.388870297216,"REPORT_DATE_SQ":"2022-12-31 00:00:00","REPORT_TYPE_SQ":"2022年年报","OPERATE_INCOME_SQ":3392543779.57,"DPS_HKD":0.01,"OPERATE_INCOME_QOQ_SQ":0,"NET_PROFIT_RATIO_SQ":2.7617184083,"HOLDER_PROFIT_SQ":60975808.14,"HOLDER_PROFIT_QOQ_SQ":0,"ROE_AVG_SQ":3.729062370006,"PE_TTM_SQ":-484.729547032879,"PB_TTM_SQ":0.964599226059,"ROA_SQ":1.342865168464,"START_DATE":"2023-04-01 00:00:00","FISCAL_YEAR":"3-31","CURRENCY":"HKD","IS_CNY_CODE":0,"DPS_HKD_LY":0.047,"ORG_TYPE":"一般企业","PREMIUM_INCOME":null,"PREMIUM_INCOME_YOY":null,"NET_INTEREST_INCOME":null,"NET_INTEREST_INCOME_YOY":null,"FEE_COMMISSION_INCOME":null,"FEE_COMMISSION_INCOME_YOY":null,"ACCOUNTS_RECE_TDAYS":17.734328345638,"INVENTORY_TDAYS":6.868119065049,"CURRENT_ASSETS_TDAYS":3.07009246656,"TOTAL_ASSETS_TDAYS":0.773633191701,"PREMIUM_EXPENSE":null,"LOAN_DEPOSIT":null,"LOAN_EQUITY":null,"LOAN_ASSETS":null,"DEPOSIT_EQUITY":null,"DEPOSIT_ASSETS":null,"EQUITY_MULTIPLIER":2.236190631567,"EQUITY_RATIO":1.514411284093},{"SECUCODE":"02138.HK","SECURITY_CODE":"02138","SECURITY_NAME_ABBR":"医思健康","ORG_CODE":"10494577","STD_REPORT_DATE":"2023-06-30 00:00:00","REPORT_DATE":"2023-09-30 00:00:00","DATE_TYPE_CODE":"002","REPORT_TYPE":"2023年中报","PER_NETCASH_OPERATE":0.225956110323,"PER_OI":1.642390338367,"BPS":1.455499716432,"BASIC_EPS":0.00550578,"DILUTED_EPS":0.00550578,"OPERATE_INCOME":1946579530.56,"OPERATE_INCOME_YOY":12.0498461324,"GROSS_PROFIT":1641413415.39,"GROSS_PROFIT_YOY":11.000238881815,"HOLDER_PROFIT":6103157.13,"HOLDER_PROFIT_YOY":-91.6910276591,"GROSS_PROFIT_RATIO":84.322956736209,"EPS_TTM":0.05144720603,"OPERATE_INCOME_QOQ":0,"NET_PROFIT_RATIO":1.0102710021,"ROE_AVG":0.356201036416,"GROSS_PROFIT_QOQ":0,"ROA":0.120107343568,"HOLDER_PROFIT_QOQ":0,"ROE_YEARLY":0.712402072832,"ROIC_YEARLY":0.306946091756,"TOTAL_ASSETS":5103640581.69,"TOTAL_LIABILITIES":2903005091.7,"TAX_EBT":39.257978572643,"OCF_SALES":13.757759348931,"TOTAL_PARENT_EQUITY":1725074660.12,"DEBT_ASSET_RATIO":56.8810645114,"OPERATE_PROFIT":64781925.11,"PRETAX_PROFIT":32375821.66,"NETCASH_OPERATE":267805727.35,"NETCASH_INVEST":-196945421.12,"NETCASH_FINANCE":-143155785.78,"END_CASH":578633619.62,"DIVI_RATIO":0.175284543045,"DIVIDEND_RATE":1.449275362319,"CURRENT_RATIO":0.882140605929,"COMMON_ACS":38000000000,"CURRENTDEBT_DEBT":53.557003277922,"ISSUED_COMMON_SHARES":1185211265,"HK_COMMON_SHARES":1185211265,"PER_SHARES":1000,"TOTAL_MARKET_CAP":817795772.85,"HKSK_MARKET_CAP":817795772.85,"PE_TTM":-71.106492726719,"PB_TTM":0.406546219816,"REPORT_DATE_SQ":"2022-06-30 00:00:00","REPORT_TYPE_SQ":"2022年中报","OPERATE_INCOME_SQ":1712273145.84,"DPS_HKD":0.01,"OPERATE_INCOME_QOQ_SQ":0,"NET_PROFIT_RATIO_SQ":5.5571401859,"HOLDER_PROFIT_SQ":72396804.24,"HOLDER_PROFIT_QOQ_SQ":0,"ROE_AVG_SQ":4.183240854093,"PE_TTM_SQ":-551.261053488372,"PB_TTM_SQ":1.096995198263,"ROA_SQ":1.588707919961,"START_DATE":"2023-04-01 00:00:00","FISCAL_YEAR":"3-31","CURRENCY":"HKD","IS_CNY_CODE":0,"DPS_HKD_LY":0.047,"ORG_TYPE":"一般企业","PREMIUM_INCOME":null,"PREMIUM_INCOME_YOY":null,"NET_INTEREST_INCOME":null,"NET_INTEREST_INCOME_YOY":null,"FEE_COMMISSION_INCOME":null,"FEE_COMMISSION_INCOME_YOY":null,"ACCOUNTS_RECE_TDAYS":8.708016477528,"INVENTORY_TDAYS":3.298770991836,"CURRENT_ASSETS_TDAYS":1.453329697689,"TOTAL_ASSETS_TDAYS":0.383077956998,"PREMIUM_EXPENSE":null,"LOAN_DEPOSIT":null,"LOAN_EQUITY":null,"LOAN_ASSETS":null,"DEPOSIT_EQUITY":null,"DEPOSIT_ASSETS":null,"EQUITY_MULTIPLIER":2.319166715663,"EQUITY_RATIO":1.682828667542},{"SECUCODE":"02138.HK","SECURITY_CODE":"02138","SECURITY_NAME_ABBR":"医思健康","ORG_CODE":"10494577","STD_REPORT_DATE":"2022-12-31 00:00:00","REPORT_DATE":"2023-03-31 00:00:00","DATE_TYPE_CODE":"001","REPORT_TYPE":"2022年年报","PER_NETCASH_OPERATE":0.447064949201,"PER_OI":2.862395827439,"BPS":1.369742160222,"BASIC_EPS":0.05164919,"DILUTED_EPS":0.05164919,"OPERATE_INCOME":3392543779.57,"OPERATE_INCOME_YOY":32.7411200548,"GROSS_PROFIT":2908483193.84,"GROSS_PROFIT_YOY":39.548326285025,"HOLDER_PROFIT":60975808.14,"HOLDER_PROFIT_YOY":-64.7323304692,"GROSS_PROFIT_RATIO":85.731633335286,"EPS_TTM":0.083902499201,"OPERATE_INCOME_QOQ":0,"NET_PROFIT_RATIO":2.7617184083,"ROE_AVG":3.729062370006,"GROSS_PROFIT_QOQ":0,"ROA":1.342865168464,"HOLDER_PROFIT_QOQ":0,"ROE_YEARLY":3.729062370006,"ROIC_YEARLY":1.784835737919,"TOTAL_ASSETS":4826424215.3,"TOTAL_LIABILITIES":2750875252.85,"TAX_EBT":21.41288944041,"OCF_SALES":15.61855788482,"TOTAL_PARENT_EQUITY":1623433838.44,"DEBT_ASSET_RATIO":56.9961348223,"OPERATE_PROFIT":164136748.77,"PRETAX_PROFIT":119221212.49,"NETCASH_OPERATE":529866413.98,"NETCASH_INVEST":-633596371.11,"NETCASH_FINANCE":-35121449.2,"END_CASH":621417667.19,"DIVI_RATIO":0.107480707796,"DIVIDEND_RATE":1.515151515152,"CURRENT_RATIO":0.850213118452,"COMMON_ACS":38000000000,"CURRENTDEBT_DEBT":53.322365018927,"ISSUED_COMMON_SHARES":1185211265,"HK_COMMON_SHARES":1185211265,"PER_SHARES":1000,"TOTAL_MARKET_CAP":782239434.9,"HKSK_MARKET_CAP":782239434.9,"PE_TTM":-68.014906086427,"PB_TTM":0.388870297216,"REPORT_DATE_SQ":"2021-12-31 00:00:00","REPORT_TYPE_SQ":"2021年年报","OPERATE_INCOME_SQ":2367743695,"DPS_HKD":0.01,"OPERATE_INCOME_QOQ_SQ":0,"NET_PROFIT_RATIO_SQ":9.2653879089,"HOLDER_PROFIT_SQ":160175286.01,"HOLDER_PROFIT_QOQ_SQ":0,"ROE_AVG_SQ":12.539750012619,"PE_TTM_SQ":-484.729547032879,"PB_TTM_SQ":0.964599226059,"ROA_SQ":4.565921992099,"START_DATE":"2022-04-01 00:00:00","FISCAL_YEAR":"3-31","CURRENCY":"HKD","IS_CNY_CODE":0,"DPS_HKD_LY":0.1,"ORG_TYPE":"一般企业","PREMIUM_INCOME":null,"PREMIUM_INCOME_YOY":null,"NET_INTEREST_INCOME":null,"NET_INTEREST_INCOME_YOY":null,"FEE_COMMISSION_INCOME":null,"FEE_COMMISSION_INCOME_YOY":null,"ACCOUNTS_RECE_TDAYS":21.09743344067,"INVENTORY_TDAYS":5.882822931129,"CURRENT_ASSETS_TDAYS":2.636095692869,"TOTAL_ASSETS_TDAYS":0.74713710454,"PREMIUM_EXPENSE":null,"LOAN_DEPOSIT":null,"LOAN_EQUITY":null,"LOAN_ASSETS":null,"DEPOSIT_EQUITY":null,"DEPOSIT_ASSETS":null,"EQUITY_MULTIPLIER":2.325372372618,"EQUITY_RATIO":1.694479434711},{"SECUCODE":"02138.HK","SECURITY_CODE":"02138","SECURITY_NAME_ABBR":"医思健康","ORG_CODE":"10494577","STD_REPORT_DATE":"2022-06-30 00:00:00","REPORT_DATE":"2022-09-30 00:00:00","DATE_TYPE_CODE":"002","REPORT_TYPE":"2022年中报","PER_NETCASH_OPERATE":0.128700520831,"PER_OI":1.450615149673,"BPS":1.48479600018,"BASIC_EPS":0.06150192,"DILUTED_EPS":0.06150192,"OPERATE_INCOME":1712273145.84,"OPERATE_INCOME_YOY":31.1361243489,"GROSS_PROFIT":1478747642.28,"GROSS_PROFIT_YOY":37.920913607729,"HOLDER_PROFIT":72396804.24,"HOLDER_PROFIT_YOY":-50.0362029362,"GROSS_PROFIT_RATIO":86.36166758047,"EPS_TTM":0.135928696603,"OPERATE_INCOME_QOQ":0,"NET_PROFIT_RATIO":5.5571401859,"ROE_AVG":4.183240854093,"GROSS_PROFIT_QOQ":0,"ROA":1.588707919961,"HOLDER_PROFIT_QOQ":0,"ROE_YEARLY":8.366481708185,"ROIC_YEARLY":4.239654963292,"TOTAL_ASSETS":4717794194.4,"TOTAL_LIABILITIES":2539531854,"TAX_EBT":15.424377381546,"OCF_SALES":8.872134063954,"TOTAL_PARENT_EQUITY":1759796945.64,"DEBT_ASSET_RATIO":53.8287968775,"OPERATE_PROFIT":137738072.04,"PRETAX_PROFIT":112506909.36,"NETCASH_OPERATE":151915169.04,"NETCASH_INVEST":-415663439.64,"NETCASH_FINANCE":122812098.72,"END_CASH":641731835.4,"DIVI_RATIO":0.066342871118,"DIVIDEND_RATE":1.449275362319,"CURRENT_RATIO":1.150424666468,"COMMON_ACS":38000000000,"CURRENTDEBT_DEBT":45.546806275264,"ISSUED_COMMON_SHARES":1185211265,"HK_COMMON_SHARES":1185211265,"PER_SHARES":1000,"TOTAL_MARKET_CAP":817795772.85,"HKSK_MARKET_CAP":817795772.85,"PE_TTM":-71.106492726719,"PB_TTM":0.406546219816,"REPORT_DATE_SQ":"2021-06-30 00:00:00","REPORT_TYPE_SQ":"2021年中报","OPERATE_INCOME_SQ":1202672060.8,"DPS_HKD":0.01,"OPERATE_INCOME_QOQ_SQ":0,"NET_PROFIT_RATIO_SQ":13.580897639,"HOLDER_PROFIT_SQ":133462876.48,"HOLDER_PROFIT_QOQ_SQ":0,"ROE_AVG_SQ":9.489767659336,"PE_TTM_SQ":-551.261053488372,"PB_TTM_SQ":1.096995198263,"ROA_SQ":3.845120593327,"START_DATE":"2022-04-01 00:00:00","FISCAL_YEAR":"3-31","CURRENCY":"HKD","IS_CNY_CODE":0,"DPS_HKD_LY":0.1,"ORG_TYPE":"一般企业","PREMIUM_INCOME":null,"PREMIUM_INCOME_YOY":null,"NET_INTEREST_INCOME":null,"NET_INTEREST_INCOME_YOY":null,"FEE_COMMISSION_INCOME":null,"FEE_COMMISSION_INCOME_YOY":null,"ACCOUNTS_RECE_TDAYS":10.00941628049,"INVENTORY_TDAYS":2.749708468006,"CURRENT_ASSETS_TDAYS":1.267663690327,"TOTAL_ASSETS_TDAYS":0.375748893406,"PREMIUM_EXPENSE":null,"LOAN_DEPOSIT":null,"LOAN_EQUITY":null,"LOAN_ASSETS":null,"DEPOSIT_EQUITY":null,"DEPOSIT_ASSETS":null,"EQUITY_MULTIPLIER":2.165852159726,"EQUITY_RATIO":1.443082317134},{"SECUCODE":"02138.HK","SECURITY_CODE":"02138","SECURITY_NAME_ABBR":"医思健康","ORG_CODE":"10494577","STD_REPORT_DATE":"2021-12-31 00:00:00","REPORT_DATE":"2022-03-31 00:00:00","DATE_TYPE_CODE":"001","REPORT_TYPE":"2021年年报","PER_NETCASH_OPERATE":0.418700648689,"PER_OI":2.0093341988,"BPS":1.287294385056,"BASIC_EPS":0.13868271,"DILUTED_EPS":0.13624968,"OPERATE_INCOME":2367743695,"OPERATE_INCOME_YOY":40.3333873293,"GROSS_PROFIT":2084212165.97,"GROSS_PROFIT_YOY":33.652196807852,"HOLDER_PROFIT":160175286.01,"HOLDER_PROFIT_YOY":2.4037539211,"GROSS_PROFIT_RATIO":88.025244048639,"EPS_TTM":0.218989984743,"OPERATE_INCOME_QOQ":0,"NET_PROFIT_RATIO":9.2653879089,"ROE_AVG":12.539750012619,"GROSS_PROFIT_QOQ":0,"ROA":4.565921992099,"HOLDER_PROFIT_QOQ":0,"ROE_YEARLY":12.539750012619,"ROIC_YEARLY":6.570548859663,"TOTAL_ASSETS":3942001694.08,"TOTAL_LIABILITIES":2035677272.52,"TAX_EBT":15.838910304874,"OCF_SALES":20.837780441857,"TOTAL_PARENT_EQUITY":1525715806.54,"DEBT_ASSET_RATIO":51.6407000935,"OPERATE_PROFIT":300873355.86,"PRETAX_PROFIT":260667535.11,"NETCASH_OPERATE":493385232.59,"NETCASH_INVEST":-463239990.89,"NETCASH_FINANCE":-81062071.52,"END_CASH":705763610.28,"DIVI_RATIO":0.041179508782,"DIVIDEND_RATE":1.449275362319,"CURRENT_RATIO":1.111627944502,"COMMON_ACS":38000000000,"CURRENTDEBT_DEBT":54.31883482892,"ISSUED_COMMON_SHARES":1185211265,"HK_COMMON_SHARES":1185211265,"PER_SHARES":1000,"TOTAL_MARKET_CAP":817795772.85,"HKSK_MARKET_CAP":817795772.85,"PE_TTM":-71.106492726719,"PB_TTM":0.406546219816,"REPORT_DATE_SQ":"2020-12-31 00:00:00","REPORT_TYPE_SQ":"2020年年报","OPERATE_INCOME_SQ":1758315007.54,"DPS_HKD":0.01,"OPERATE_INCOME_QOQ_SQ":0,"NET_PROFIT_RATIO_SQ":10.8437315403,"HOLDER_PROFIT_SQ":163005640.7,"HOLDER_PROFIT_QOQ_SQ":0,"ROE_AVG_SQ":16.981493097188,"PE_TTM_SQ":-551.261053488372,"PB_TTM_SQ":1.096995198263,"ROA_SQ":6.078555555022,"START_DATE":"2021-04-01 00:00:00","FISCAL_YEAR":"3-31","CURRENCY":"HKD","IS_CNY_CODE":0,"DPS_HKD_LY":0.231,"ORG_TYPE":"一般企业","PREMIUM_INCOME":null,"PREMIUM_INCOME_YOY":null,"NET_INTEREST_INCOME":null,"NET_INTEREST_INCOME_YOY":null,"FEE_COMMISSION_INCOME":null,"FEE_COMMISSION_INCOME_YOY":null,"ACCOUNTS_RECE_TDAYS":17.457104673864,"INVENTORY_TDAYS":4.972234942684,"CURRENT_ASSETS_TDAYS":1.992585904194,"TOTAL_ASSETS_TDAYS":0.67494388666,"PREMIUM_EXPENSE":null,"LOAN_DEPOSIT":null,"LOAN_EQUITY":null,"LOAN_ASSETS":null,"DEPOSIT_EQUITY":null,"DEPOSIT_ASSETS":null,"EQUITY_MULTIPLIER":2.067854584193,"EQUITY_RATIO":1.334244073368},{"SECUCODE":"02138.HK","SECURITY_CODE":"02138","SECURITY_NAME_ABBR":"医思健康","ORG_CODE":"10494577","STD_REPORT_DATE":"2021-06-30 00:00:00","REPORT_DATE":"2021-09-30 00:00:00","DATE_TYPE_CODE":"002","REPORT_TYPE":"2021年中报","PER_NETCASH_OPERATE":0.271977248963,"PER_OI":1.021680443559,"BPS":1.481446130535,"BASIC_EPS":0.11829452,"DILUTED_EPS":0.1166284,"OPERATE_INCOME":1202672060.8,"OPERATE_INCOME_YOY":81.0559911501,"GROSS_PROFIT":1072170712.62,"GROSS_PROFIT_YOY":73.217653684633,"HOLDER_PROFIT":133462876.48,"HOLDER_PROFIT_YOY":264.7023067419,"GROSS_PROFIT_RATIO":89.149051127584,"EPS_TTM":0.146979014592,"OPERATE_INCOME_QOQ":0,"NET_PROFIT_RATIO":13.580897639,"ROE_AVG":9.489767659336,"GROSS_PROFIT_QOQ":0,"ROA":3.845120593327,"HOLDER_PROFIT_QOQ":0,"ROE_YEARLY":18.979535318673,"ROIC_YEARLY":12.385585622278,"TOTAL_ASSETS":3784218611.54046,"TOTAL_LIABILITIES":1704616776.41434,"TAX_EBT":15.386374817666,"OCF_SALES":26.6205717458,"TOTAL_PARENT_EQUITY":1755826642.40046,"DEBT_ASSET_RATIO":45.045409671,"OPERATE_PROFIT":207137869.82,"PRETAX_PROFIT":193034997.08,"NETCASH_OPERATE":320158286.96,"NETCASH_INVEST":-231926403.18,"NETCASH_FINANCE":360770795.02,"END_CASH":1225803637.82,"DIVI_RATIO":0.061355017416,"DIVIDEND_RATE":1.449275362319,"CURRENT_RATIO":1.635568027923,"COMMON_ACS":38000000000,"CURRENTDEBT_DEBT":61.706921899403,"ISSUED_COMMON_SHARES":1185211265,"HK_COMMON_SHARES":1185211265,"PER_SHARES":1000,"TOTAL_MARKET_CAP":817795772.85,"HKSK_MARKET_CAP":817795772.85,"PE_TTM":-71.106492726719,"PB_TTM":0.406546219816,"REPORT_DATE_SQ":"2020-06-30 00:00:00","REPORT_TYPE_SQ":"2020年中报","OPERATE_INCOME_SQ":700662167.6768,"DPS_HKD":0.01,"OPERATE_INCOME_QOQ_SQ":0,"NET_PROFIT_RATIO_SQ":6.6849931546,"HOLDER_PROFIT_SQ":38600694.22912,"HOLDER_PROFIT_QOQ_SQ":0,"ROE_AVG_SQ":4.189317498304,"PE_TTM_SQ":-551.261053488372,"PB_TTM_SQ":1.096995198263,"ROA_SQ":1.686713491888,"START_DATE":"2021-04-01 00:00:00","FISCAL_YEAR":"3-31","CURRENCY":"HKD","IS_CNY_CODE":0,"DPS_HKD_LY":0.231,"ORG_TYPE":"一般企业","PREMIUM_INCOME":null,"PREMIUM_INCOME_YOY":null,"NET_INTEREST_INCOME":null,"NET_INTEREST_INCOME_YOY":null,"FEE_COMMISSION_INCOME":null,"FEE_COMMISSION_INCOME_YOY":null,"ACCOUNTS_RECE_TDAYS":7.574718627336,"INVENTORY_TDAYS":3.164099668207,"CURRENT_ASSETS_TDAYS":0.829727240072,"TOTAL_ASSETS_TDAYS":0.346495746629,"PREMIUM_EXPENSE":null,"LOAN_DEPOSIT":null,"LOAN_EQUITY":null,"LOAN_ASSETS":null,"DEPOSIT_EQUITY":null,"DEPOSIT_ASSETS":null,"EQUITY_MULTIPLIER":1.819684204747,"EQUITY_RATIO":0.970834326835},{"SECUCODE":"02138.HK","SECURITY_CODE":"02138","SECURITY_NAME_ABBR":"医思健康","ORG_CODE":"10494577","STD_REPORT_DATE":"2020-12-31 00:00:00","REPORT_DATE":"2021-03-31 00:00:00","DATE_TYPE_CODE":"001","REPORT_TYPE":"2020年年报","PER_NETCASH_OPERATE":0.489902521515,"PER_OI":1.641726483041,"BPS":0.904748398388,"BASIC_EPS":0.15889384,"DILUTED_EPS":0.15804866,"OPERATE_INCOME":1758315007.54,"OPERATE_INCOME_YOY":6.7694486771,"GROSS_PROFIT":1559429785.48,"GROSS_PROFIT_YOY":-1.508766876426,"HOLDER_PROFIT":163005640.7,"HOLDER_PROFIT_YOY":-32.7002684505,"GROSS_PROFIT_RATIO":88.688889439487,"EPS_TTM":0.117523352837,"OPERATE_INCOME_QOQ":0,"NET_PROFIT_RATIO":10.8437315403,"ROE_AVG":16.981493097188,"GROSS_PROFIT_QOQ":0,"ROA":6.078555555022,"HOLDER_PROFIT_QOQ":0,"ROE_YEARLY":16.981493097188,"ROIC_YEARLY":8.847630143409,"TOTAL_ASSETS":3203638731.58,"TOTAL_LIABILITIES":1825331020.1,"TAX_EBT":15.157429972621,"OCF_SALES":29.840685022455,"TOTAL_PARENT_EQUITY":1072317899.1,"DEBT_ASSET_RATIO":56.9768214539,"OPERATE_PROFIT":240501885.26,"PRETAX_PROFIT":224729981.28,"NETCASH_OPERATE":524693660.26,"NETCASH_INVEST":-311884097.7,"NETCASH_FINANCE":132505630.04,"END_CASH":786916671.52,"DIVI_RATIO":0.076732834644,"DIVIDEND_RATE":1.449275362319,"CURRENT_RATIO":1.074025136085,"COMMON_ACS":38000000000,"CURRENTDEBT_DEBT":60.991343685104,"ISSUED_COMMON_SHARES":1185211265,"HK_COMMON_SHARES":1185211265,"PER_SHARES":1000,"TOTAL_MARKET_CAP":817795772.85,"HKSK_MARKET_CAP":817795772.85,"PE_TTM":-71.106492726719,"PB_TTM":0.406546219816,"REPORT_DATE_SQ":"2019-12-31 00:00:00","REPORT_TYPE_SQ":"2019年年报","OPERATE_INCOME_SQ":1780345037.5091,"DPS_HKD":0.01,"OPERATE_INCOME_QOQ_SQ":0,"NET_PROFIT_RATIO_SQ":15.9236269238,"HOLDER_PROFIT_SQ":261844632.8235,"HOLDER_PROFIT_QOQ_SQ":0,"ROE_AVG_SQ":28.030766674384,"PE_TTM_SQ":-551.261053488372,"PB_TTM_SQ":1.096995198263,"ROA_SQ":11.691610781436,"START_DATE":"2020-04-01 00:00:00","FISCAL_YEAR":"3-31","CURRENCY":"HKD","IS_CNY_CODE":0,"DPS_HKD_LY":0.11,"ORG_TYPE":"一般企业","PREMIUM_INCOME":null,"PREMIUM_INCOME_YOY":null,"NET_INTEREST_INCOME":null,"NET_INTEREST_INCOME_YOY":null,"FEE_COMMISSION_INCOME":null,"FEE_COMMISSION_INCOME_YOY":null,"ACCOUNTS_RECE_TDAYS":16.126531417039,"INVENTORY_TDAYS":4.746306051039,"CURRENT_ASSETS_TDAYS":1.686557202589,"TOTAL_ASSETS_TDAYS":0.655683961421,"PREMIUM_EXPENSE":null,"LOAN_DEPOSIT":null,"LOAN_EQUITY":null,"LOAN_ASSETS":null,"DEPOSIT_EQUITY":null,"DEPOSIT_ASSETS":null,"EQUITY_MULTIPLIER":2.324328498715,"EQUITY_RATIO":1.702229368392},{"SECUCODE":"02138.HK","SECURITY_CODE":"02138","SECURITY_NAME_ABBR":"医思健康","ORG_CODE":"10494577","STD_REPORT_DATE":"2020-06-30 00:00:00","REPORT_DATE":"2020-09-30 00:00:00","DATE_TYPE_CODE":"002","REPORT_TYPE":"2020年中报","PER_NETCASH_OPERATE":0.20939544551,"PER_OI":0.679979499823,"BPS":0.811415419395,"BASIC_EPS":0.03866368,"DILUTED_EPS":0.03866368,"OPERATE_INCOME":700662167.6768,"OPERATE_INCOME_YOY":-28.7095684399,"GROSS_PROFIT":618973118.3936,"GROSS_PROFIT_YOY":-30.648625571057,"HOLDER_PROFIT":38600694.22912,"HOLDER_PROFIT_YOY":-77.7590022424,"GROSS_PROFIT_RATIO":88.341164536676,"EPS_TTM":0.263145525623,"OPERATE_INCOME_QOQ":0,"NET_PROFIT_RATIO":6.6849931546,"ROE_AVG":4.189317498304,"GROSS_PROFIT_QOQ":0,"ROA":1.686713491888,"HOLDER_PROFIT_QOQ":0,"ROE_YEARLY":8.378634996609,"ROIC_YEARLY":4.74783509386,"TOTAL_ASSETS":2331664464.07808,"TOTAL_LIABILITIES":1240526610.36928,"TAX_EBT":12.432661064915,"OCF_SALES":30.79437623699,"TOTAL_PARENT_EQUITY":961698695.66144,"DEBT_ASSET_RATIO":53.2034788659,"OPERATE_PROFIT":61053802.14976,"PRETAX_PROFIT":53489370.02752,"NETCASH_OPERATE":215764544.06464,"NETCASH_INVEST":-23980088.6624,"NETCASH_FINANCE":-59228581.20384,"END_CASH":589956487.00288,"DIVI_RATIO":0.034269630763,"DIVIDEND_RATE":1.449275362319,"CURRENT_RATIO":0.94113811803,"COMMON_ACS":38000000000,"CURRENTDEBT_DEBT":85.080501428513,"ISSUED_COMMON_SHARES":1185211265,"HK_COMMON_SHARES":1185211265,"PER_SHARES":1000,"TOTAL_MARKET_CAP":817795772.85,"HKSK_MARKET_CAP":817795772.85,"PE_TTM":-71.106492726719,"PB_TTM":0.406546219816,"REPORT_DATE_SQ":"2019-06-30 00:00:00","REPORT_TYPE_SQ":"2019年中报","OPERATE_INCOME_SQ":1008877103.22228,"DPS_HKD":0.01,"OPERATE_INCOME_QOQ_SQ":0,"NET_PROFIT_RATIO_SQ":18.8715001025,"HOLDER_PROFIT_SQ":178156507.44168,"HOLDER_PROFIT_QOQ_SQ":0,"ROE_AVG_SQ":18.888311814099,"PE_TTM_SQ":-551.261053488372,"PB_TTM_SQ":1.096995198263,"ROA_SQ":8.160840001361,"START_DATE":"2020-04-01 00:00:00","FISCAL_YEAR":"3-31","CURRENCY":"HKD","IS_CNY_CODE":0,"DPS_HKD_LY":0.11,"ORG_TYPE":"一般企业","PREMIUM_INCOME":null,"PREMIUM_INCOME_YOY":null,"NET_INTEREST_INCOME":null,"NET_INTEREST_INCOME_YOY":null,"FEE_COMMISSION_INCOME":null,"FEE_COMMISSION_INCOME_YOY":null,"ACCOUNTS_RECE_TDAYS":8.050202390147,"INVENTORY_TDAYS":1.739656648505,"CURRENT_ASSETS_TDAYS":0.730616124367,"TOTAL_ASSETS_TDAYS":0.306164527628,"PREMIUM_EXPENSE":null,"LOAN_DEPOSIT":null,"LOAN_EQUITY":null,"LOAN_ASSETS":null,"DEPOSIT_EQUITY":null,"DEPOSIT_ASSETS":null,"EQUITY_MULTIPLIER":2.136910983478,"EQUITY_RATIO":1.289932715897}],"count":23},"success":true,"message":"ok","code":0}