{"version":"7d6dcccbf3fdf90036d243c96f8ae4fa","result":{"pages":3,"data":[{"SECUCODE":"02136.HK","SECURITY_CODE":"02136","SECURITY_NAME_ABBR":"利福中国","ORG_CODE":"10527659","STD_REPORT_DATE":"2024-06-30 00:00:00","REPORT_DATE":"2024-06-30 00:00:00","DATE_TYPE_CODE":"002","REPORT_TYPE":"2024年中报","PER_NETCASH_OPERATE":0.032787769594,"PER_OI":0.440167749156,"BPS":6.446284044813,"BASIC_EPS":0.028,"DILUTED_EPS":0.028,"OPERATE_INCOME":644603000,"OPERATE_INCOME_YOY":-7.2827173546,"GROSS_PROFIT":362066000,"GROSS_PROFIT_YOY":-8.121399751313,"HOLDER_PROFIT":41668000,"HOLDER_PROFIT_YOY":-67.3504568178,"GROSS_PROFIT_RATIO":56.168835701975,"EPS_TTM":0.001238008711,"OPERATE_INCOME_QOQ":-3.753368298152,"NET_PROFIT_RATIO":20.3095548733,"ROE_AVG":0.442362904577,"GROSS_PROFIT_QOQ":-4.074689916658,"ROA":0.245138247812,"HOLDER_PROFIT_QOQ":-97.934303325851,"ROE_YEARLY":0.884725809155,"ROIC_YEARLY":0.664591797719,"TOTAL_ASSETS":16958578000,"TOTAL_LIABILITIES":5811121000,"TAX_EBT":20.283510019668,"OCF_SALES":7.448925928052,"TOTAL_PARENT_EQUITY":9440251000,"DEBT_ASSET_RATIO":34.2665581985,"OPERATE_PROFIT":55188000,"PRETAX_PROFIT":164227000,"NETCASH_OPERATE":48016000,"NETCASH_INVEST":81863000,"NETCASH_FINANCE":-142744000,"END_CASH":2230368000,"DIVI_RATIO":null,"DIVIDEND_RATE":null,"CURRENT_RATIO":3.229720914546,"COMMON_ACS":4000000000,"CURRENTDEBT_DEBT":17.041565646284,"ISSUED_COMMON_SHARES":1464448500,"HK_COMMON_SHARES":1464448500,"PER_SHARES":500,"TOTAL_MARKET_CAP":1200847770,"HKSK_MARKET_CAP":1200847770,"PE_TTM":294.148875378962,"PB_TTM":0.116097521424,"REPORT_DATE_SQ":"2023-06-30 00:00:00","REPORT_TYPE_SQ":"2023年中报","OPERATE_INCOME_SQ":695235000,"DPS_HKD":null,"OPERATE_INCOME_QOQ_SQ":16.559328407184,"NET_PROFIT_RATIO_SQ":38.2044920063,"HOLDER_PROFIT_SQ":127622000,"HOLDER_PROFIT_QOQ_SQ":408.076592610777,"ROE_AVG_SQ":1.361356368433,"PE_TTM_SQ":13.066304991176,"PB_TTM_SQ":0.100136638935,"ROA_SQ":0.80962287879,"START_DATE":"2024-01-01 00:00:00","FISCAL_YEAR":"12-31","CURRENCY":"HKD","IS_CNY_CODE":0,"DPS_HKD_LY":null,"ORG_TYPE":"一般企业","PREMIUM_INCOME":null,"PREMIUM_INCOME_YOY":null,"NET_INTEREST_INCOME":null,"NET_INTEREST_INCOME_YOY":null,"FEE_COMMISSION_INCOME":null,"FEE_COMMISSION_INCOME_YOY":null,"ACCOUNTS_RECE_TDAYS":3.388500913356,"INVENTORY_TDAYS":2.968963941007,"CURRENT_ASSETS_TDAYS":0.200698674729,"TOTAL_ASSETS_TDAYS":0.037922830458,"PREMIUM_EXPENSE":null,"LOAN_DEPOSIT":null,"LOAN_EQUITY":null,"LOAN_ASSETS":null,"DEPOSIT_EQUITY":null,"DEPOSIT_ASSETS":null,"EQUITY_MULTIPLIER":1.521295664115,"EQUITY_RATIO":0.615568484355},{"SECUCODE":"02136.HK","SECURITY_CODE":"02136","SECURITY_NAME_ABBR":"利福中国","ORG_CODE":"10527659","STD_REPORT_DATE":"2023-12-31 00:00:00","REPORT_DATE":"2023-12-31 00:00:00","DATE_TYPE_CODE":"001","REPORT_TYPE":"2023年年报","PER_NETCASH_OPERATE":0.442721611583,"PER_OI":0.921148814724,"BPS":6.417828964282,"BASIC_EPS":0.06,"DILUTED_EPS":0.06,"OPERATE_INCOME":1348975000,"OPERATE_INCOME_YOY":19.6336782584,"GROSS_PROFIT":785434000,"GROSS_PROFIT_YOY":19.34800578632,"HOLDER_PROFIT":87767000,"HOLDER_PROFIT_YOY":459.0974182726,"GROSS_PROFIT_RATIO":58.224503789915,"EPS_TTM":0.059931776365,"OPERATE_INCOME_QOQ":2.63758370368,"NET_PROFIT_RATIO":20.4265460813,"ROE_AVG":0.93821423091,"GROSS_PROFIT_QOQ":2.81585971361,"ROA":0.557505777325,"HOLDER_PROFIT_QOQ":16.561084770974,"ROE_YEARLY":0.93821423091,"ROIC_YEARLY":0.733015264936,"TOTAL_ASSETS":17036933000,"TOTAL_LIABILITIES":6020395000,"TAX_EBT":22.969251886289,"OCF_SALES":48.061898849126,"TOTAL_PARENT_EQUITY":9398580000,"DEBT_ASSET_RATIO":35.3373168751,"OPERATE_PROFIT":129612000,"PRETAX_PROFIT":357713000,"NETCASH_OPERATE":648343000,"NETCASH_INVEST":-756275000,"NETCASH_FINANCE":740957000,"END_CASH":2242826000,"DIVI_RATIO":null,"DIVIDEND_RATE":null,"CURRENT_RATIO":2.806611227914,"COMMON_ACS":4000000000,"CURRENTDEBT_DEBT":19.08738546225,"ISSUED_COMMON_SHARES":1464448500,"HK_COMMON_SHARES":1464448500,"PER_SHARES":500,"TOTAL_MARKET_CAP":1186203285,"HKSK_MARKET_CAP":1186203285,"PE_TTM":290.561693971901,"PB_TTM":0.114681697992,"REPORT_DATE_SQ":"2022-12-31 00:00:00","REPORT_TYPE_SQ":"2022年年报","OPERATE_INCOME_SQ":1127588000,"DPS_HKD":null,"OPERATE_INCOME_QOQ_SQ":-2.215777976463,"NET_PROFIT_RATIO_SQ":9.4514131048,"HOLDER_PROFIT_SQ":-24441000,"HOLDER_PROFIT_QOQ_SQ":-1033.93198318685,"ROE_AVG_SQ":-0.262160212594,"PE_TTM_SQ":13.066304991176,"PB_TTM_SQ":0.100136638935,"ROA_SQ":-0.165808306846,"START_DATE":"2023-01-01 00:00:00","FISCAL_YEAR":"12-31","CURRENCY":"HKD","IS_CNY_CODE":0,"DPS_HKD_LY":null,"ORG_TYPE":"一般企业","PREMIUM_INCOME":null,"PREMIUM_INCOME_YOY":null,"NET_INTEREST_INCOME":null,"NET_INTEREST_INCOME_YOY":null,"FEE_COMMISSION_INCOME":null,"FEE_COMMISSION_INCOME_YOY":null,"ACCOUNTS_RECE_TDAYS":6.64076441587,"INVENTORY_TDAYS":5.542626433503,"CURRENT_ASSETS_TDAYS":0.512517006648,"TOTAL_ASSETS_TDAYS":0.08568839723,"PREMIUM_EXPENSE":null,"LOAN_DEPOSIT":null,"LOAN_EQUITY":null,"LOAN_ASSETS":null,"DEPOSIT_EQUITY":null,"DEPOSIT_ASSETS":null,"EQUITY_MULTIPLIER":1.546487017974,"EQUITY_RATIO":0.640564319291},{"SECUCODE":"02136.HK","SECURITY_CODE":"02136","SECURITY_NAME_ABBR":"利福中国","ORG_CODE":"10527659","STD_REPORT_DATE":"2023-06-30 00:00:00","REPORT_DATE":"2023-06-30 00:00:00","DATE_TYPE_CODE":"002","REPORT_TYPE":"2023年中报","PER_NETCASH_OPERATE":0.23929486083,"PER_OI":0.474741856747,"BPS":6.445053547462,"BASIC_EPS":0.087,"DILUTED_EPS":0.087,"OPERATE_INCOME":695235000,"OPERATE_INCOME_YOY":36.7189497241,"GROSS_PROFIT":394070000,"GROSS_PROFIT_YOY":36.710713926404,"HOLDER_PROFIT":127622000,"HOLDER_PROFIT_YOY":357.6889972744,"GROSS_PROFIT_RATIO":56.681553719246,"EPS_TTM":0.05141662544,"OPERATE_INCOME_QOQ":16.559328407184,"NET_PROFIT_RATIO":38.2044920063,"ROE_AVG":1.361356368433,"GROSS_PROFIT_QOQ":16.079373472886,"ROA":0.80962287879,"HOLDER_PROFIT_QOQ":408.076592610777,"ROE_YEARLY":2.722712736867,"ROIC_YEARLY":2.121474098852,"TOTAL_ASSETS":17077623000,"TOTAL_LIABILITIES":6013114000,"TAX_EBT":12.538485094949,"OCF_SALES":50.405258653549,"TOTAL_PARENT_EQUITY":9438449000,"DEBT_ASSET_RATIO":35.2104856747,"OPERATE_PROFIT":87788000,"PRETAX_PROFIT":303689000,"NETCASH_OPERATE":350435000,"NETCASH_INVEST":-150717000,"NETCASH_FINANCE":927902000,"END_CASH":2740164000,"DIVI_RATIO":null,"DIVIDEND_RATE":null,"CURRENT_RATIO":2.504767149138,"COMMON_ACS":4000000000,"CURRENTDEBT_DEBT":20.657300027906,"ISSUED_COMMON_SHARES":1464448500,"HK_COMMON_SHARES":1464448500,"PER_SHARES":500,"TOTAL_MARKET_CAP":1186203285,"HKSK_MARKET_CAP":1186203285,"PE_TTM":290.561693971901,"PB_TTM":0.114681697992,"REPORT_DATE_SQ":"2022-06-30 00:00:00","REPORT_TYPE_SQ":"2022年中报","OPERATE_INCOME_SQ":508514000,"DPS_HKD":null,"OPERATE_INCOME_QOQ_SQ":-11.278982808817,"NET_PROFIT_RATIO_SQ":25.7450139033,"HOLDER_PROFIT_SQ":27884000,"HOLDER_PROFIT_QOQ_SQ":-98.174945778385,"ROE_AVG_SQ":0.298254759345,"PE_TTM_SQ":13.066304991176,"PB_TTM_SQ":0.100136638935,"ROA_SQ":0.188395291888,"START_DATE":"2023-01-01 00:00:00","FISCAL_YEAR":"12-31","CURRENCY":"HKD","IS_CNY_CODE":0,"DPS_HKD_LY":null,"ORG_TYPE":"一般企业","PREMIUM_INCOME":null,"PREMIUM_INCOME_YOY":null,"NET_INTEREST_INCOME":null,"NET_INTEREST_INCOME_YOY":null,"FEE_COMMISSION_INCOME":null,"FEE_COMMISSION_INCOME_YOY":null,"ACCOUNTS_RECE_TDAYS":3.633999602747,"INVENTORY_TDAYS":2.955118581535,"CURRENT_ASSETS_TDAYS":0.269982169725,"TOTAL_ASSETS_TDAYS":0.044105104303,"PREMIUM_EXPENSE":null,"LOAN_DEPOSIT":null,"LOAN_EQUITY":null,"LOAN_ASSETS":null,"DEPOSIT_EQUITY":null,"DEPOSIT_ASSETS":null,"EQUITY_MULTIPLIER":1.543459632957,"EQUITY_RATIO":0.637087089203},{"SECUCODE":"02136.HK","SECURITY_CODE":"02136","SECURITY_NAME_ABBR":"利福中国","ORG_CODE":"10527659","STD_REPORT_DATE":"2022-12-31 00:00:00","REPORT_DATE":"2022-12-31 00:00:00","DATE_TYPE_CODE":"001","REPORT_TYPE":"2022年年报","PER_NETCASH_OPERATE":0.183471798428,"PER_OI":0.769974498933,"BPS":6.357883530899,"BASIC_EPS":-0.017,"DILUTED_EPS":-0.017,"OPERATE_INCOME":1127588000,"OPERATE_INCOME_YOY":-13.2448435682,"GROSS_PROFIT":658104000,"GROSS_PROFIT_YOY":-16.733851070775,"HOLDER_PROFIT":-24441000,"HOLDER_PROFIT_YOY":-117.0447650862,"GROSS_PROFIT_RATIO":58.363870491704,"EPS_TTM":-0.016689559244,"OPERATE_INCOME_QOQ":-2.215777976463,"NET_PROFIT_RATIO":9.4514131048,"ROE_AVG":-0.262160212594,"GROSS_PROFIT_QOQ":-4.876684450085,"ROA":-0.165808306846,"HOLDER_PROFIT_QOQ":-1033.93198318685,"ROE_YEARLY":-0.262160212594,"ROIC_YEARLY":-0.211790301346,"TOTAL_ASSETS":14448660000,"TOTAL_LIABILITIES":3649796000,"TAX_EBT":42.523770230988,"OCF_SALES":23.828295441243,"TOTAL_PARENT_EQUITY":9310793000,"DEBT_ASSET_RATIO":25.2604462974,"OPERATE_PROFIT":73587000,"PRETAX_PROFIT":185421000,"NETCASH_OPERATE":268685000,"NETCASH_INVEST":-120327000,"NETCASH_FINANCE":-404644000,"END_CASH":1609097000,"DIVI_RATIO":null,"DIVIDEND_RATE":null,"CURRENT_RATIO":0.852232568113,"COMMON_ACS":4000000000,"CURRENTDEBT_DEBT":65.550759549301,"ISSUED_COMMON_SHARES":1464448500,"HK_COMMON_SHARES":1464448500,"PER_SHARES":500,"TOTAL_MARKET_CAP":1186203285,"HKSK_MARKET_CAP":1186203285,"PE_TTM":290.561693971901,"PB_TTM":0.114681697992,"REPORT_DATE_SQ":"2021-12-31 00:00:00","REPORT_TYPE_SQ":"2021年年报","OPERATE_INCOME_SQ":1299736000,"DPS_HKD":null,"OPERATE_INCOME_QOQ_SQ":0.553854818707,"NET_PROFIT_RATIO_SQ":24.9723790062,"HOLDER_PROFIT_SQ":143393000,"HOLDER_PROFIT_QOQ_SQ":-49.192316822983,"ROE_AVG_SQ":1.547983906227,"PE_TTM_SQ":13.066304991176,"PB_TTM_SQ":0.100136638935,"ROA_SQ":0.968143126626,"START_DATE":"2022-01-01 00:00:00","FISCAL_YEAR":"12-31","CURRENCY":"HKD","IS_CNY_CODE":0,"DPS_HKD_LY":null,"ORG_TYPE":"一般企业","PREMIUM_INCOME":null,"PREMIUM_INCOME_YOY":null,"NET_INTEREST_INCOME":null,"NET_INTEREST_INCOME_YOY":null,"FEE_COMMISSION_INCOME":null,"FEE_COMMISSION_INCOME_YOY":null,"ACCOUNTS_RECE_TDAYS":4.539705737297,"INVENTORY_TDAYS":4.438641606474,"CURRENT_ASSETS_TDAYS":0.513068810695,"TOTAL_ASSETS_TDAYS":0.07649582959,"PREMIUM_EXPENSE":null,"LOAN_DEPOSIT":null,"LOAN_EQUITY":null,"LOAN_ASSETS":null,"DEPOSIT_EQUITY":null,"DEPOSIT_ASSETS":null,"EQUITY_MULTIPLIER":1.337979624523,"EQUITY_RATIO":0.391996256388},{"SECUCODE":"02136.HK","SECURITY_CODE":"02136","SECURITY_NAME_ABBR":"利福中国","ORG_CODE":"10527659","STD_REPORT_DATE":"2022-06-30 00:00:00","REPORT_DATE":"2022-06-30 00:00:00","DATE_TYPE_CODE":"002","REPORT_TYPE":"2022年中报","PER_NETCASH_OPERATE":-0.068664756733,"PER_OI":0.347239250817,"BPS":6.393568636931,"BASIC_EPS":0.019,"DILUTED_EPS":0.019,"OPERATE_INCOME":508514000,"OPERATE_INCOME_YOY":-22.3774291685,"GROSS_PROFIT":288251000,"GROSS_PROFIT_YOY":-25.472244486387,"HOLDER_PROFIT":27884000,"HOLDER_PROFIT_YOY":-83.4673307245,"GROSS_PROFIT_RATIO":56.684968358787,"EPS_TTM":0.001787020848,"OPERATE_INCOME_QOQ":-11.278982808817,"NET_PROFIT_RATIO":25.7450139033,"ROE_AVG":0.298254759345,"GROSS_PROFIT_QOQ":-12.465047661704,"ROA":0.188395291888,"HOLDER_PROFIT_QOQ":-98.174945778385,"ROE_YEARLY":0.59650951869,"ROIC_YEARLY":0.479266675922,"TOTAL_ASSETS":14569217000,"TOTAL_LIABILITIES":3657843000,"TAX_EBT":19.397499122661,"OCF_SALES":-19.774480151972,"TOTAL_PARENT_EQUITY":9363052000,"DEBT_ASSET_RATIO":25.1066546679,"OPERATE_PROFIT":1057000,"PRETAX_PROFIT":162423000,"NETCASH_OPERATE":-100556000,"NETCASH_INVEST":-125746000,"NETCASH_FINANCE":-159005000,"END_CASH":1477559000,"DIVI_RATIO":null,"DIVIDEND_RATE":null,"CURRENT_RATIO":1.067627802616,"COMMON_ACS":4000000000,"CURRENTDEBT_DEBT":48.980505724275,"ISSUED_COMMON_SHARES":1464448500,"HK_COMMON_SHARES":1464448500,"PER_SHARES":500,"TOTAL_MARKET_CAP":1186203285,"HKSK_MARKET_CAP":1186203285,"PE_TTM":290.561693971901,"PB_TTM":0.114681697992,"REPORT_DATE_SQ":"2021-06-30 00:00:00","REPORT_TYPE_SQ":"2021年中报","OPERATE_INCOME_SQ":655111000,"DPS_HKD":null,"OPERATE_INCOME_QOQ_SQ":14.995907546129,"NET_PROFIT_RATIO_SQ":41.8603870184,"HOLDER_PROFIT_SQ":168660000,"HOLDER_PROFIT_QOQ_SQ":32.657886325606,"ROE_AVG_SQ":1.818267377479,"PE_TTM_SQ":13.066304991176,"PB_TTM_SQ":0.100136638935,"ROA_SQ":1.15583564738,"START_DATE":"2022-01-01 00:00:00","FISCAL_YEAR":"12-31","CURRENCY":"HKD","IS_CNY_CODE":0,"DPS_HKD_LY":null,"ORG_TYPE":"一般企业","PREMIUM_INCOME":null,"PREMIUM_INCOME_YOY":null,"NET_INTEREST_INCOME":null,"NET_INTEREST_INCOME_YOY":null,"FEE_COMMISSION_INCOME":null,"FEE_COMMISSION_INCOME_YOY":null,"ACCOUNTS_RECE_TDAYS":1.97065987192,"INVENTORY_TDAYS":2.177867644878,"CURRENT_ASSETS_TDAYS":0.238217851606,"TOTAL_ASSETS_TDAYS":0.034357209675,"PREMIUM_EXPENSE":null,"LOAN_DEPOSIT":null,"LOAN_EQUITY":null,"LOAN_ASSETS":null,"DEPOSIT_EQUITY":null,"DEPOSIT_ASSETS":null,"EQUITY_MULTIPLIER":1.335232116506,"EQUITY_RATIO":0.39066780789},{"SECUCODE":"02136.HK","SECURITY_CODE":"02136","SECURITY_NAME_ABBR":"利福中国","ORG_CODE":"10527659","STD_REPORT_DATE":"2021-12-31 00:00:00","REPORT_DATE":"2021-12-31 00:00:00","DATE_TYPE_CODE":"001","REPORT_TYPE":"2021年年报","PER_NETCASH_OPERATE":0.234312097694,"PER_OI":0.88752591846,"BPS":6.374452225531,"BASIC_EPS":0.098,"DILUTED_EPS":0.098,"OPERATE_INCOME":1299736000,"OPERATE_INCOME_YOY":15.6328179214,"GROSS_PROFIT":790362000,"GROSS_PROFIT_YOY":15.991411761425,"HOLDER_PROFIT":143393000,"HOLDER_PROFIT_YOY":-32.5996014064,"GROSS_PROFIT_RATIO":60.809425914186,"EPS_TTM":0.097916041431,"OPERATE_INCOME_QOQ":0.553854818707,"NET_PROFIT_RATIO":24.9723790062,"ROE_AVG":1.547983906227,"GROSS_PROFIT_QOQ":0.643312831875,"ROA":0.968143126626,"HOLDER_PROFIT_QOQ":-49.192316822983,"ROE_YEARLY":1.547983906227,"ROIC_YEARLY":1.243029129001,"TOTAL_ASSETS":15032372000,"TOTAL_LIABILITIES":4252026000,"TAX_EBT":27.522396991702,"OCF_SALES":26.400592120246,"TOTAL_PARENT_EQUITY":9335057000,"DEBT_ASSET_RATIO":28.2857954819,"OPERATE_PROFIT":158841000,"PRETAX_PROFIT":447828000,"NETCASH_OPERATE":343138000,"NETCASH_INVEST":-41187000,"NETCASH_FINANCE":-348953000,"END_CASH":1858198000,"DIVI_RATIO":null,"DIVIDEND_RATE":null,"CURRENT_RATIO":1.327220430586,"COMMON_ACS":4000000000,"CURRENTDEBT_DEBT":41.757364606896,"ISSUED_COMMON_SHARES":1464448500,"HK_COMMON_SHARES":1464448500,"PER_SHARES":500,"TOTAL_MARKET_CAP":1186203285,"HKSK_MARKET_CAP":1186203285,"PE_TTM":290.561693971901,"PB_TTM":0.114681697992,"REPORT_DATE_SQ":"2020-12-31 00:00:00","REPORT_TYPE_SQ":"2020年年报","OPERATE_INCOME_SQ":1124020000,"DPS_HKD":null,"OPERATE_INCOME_QOQ_SQ":3.347232246705,"NET_PROFIT_RATIO_SQ":33.9466379602,"HOLDER_PROFIT_SQ":212748000,"HOLDER_PROFIT_QOQ_SQ":221.495999588823,"ROE_AVG_SQ":2.34173454321,"PE_TTM_SQ":13.066304991176,"PB_TTM_SQ":0.100136638935,"ROA_SQ":1.466493732516,"START_DATE":"2021-01-01 00:00:00","FISCAL_YEAR":"12-31","CURRENCY":"HKD","IS_CNY_CODE":0,"DPS_HKD_LY":null,"ORG_TYPE":"一般企业","PREMIUM_INCOME":null,"PREMIUM_INCOME_YOY":null,"NET_INTEREST_INCOME":null,"NET_INTEREST_INCOME_YOY":null,"FEE_COMMISSION_INCOME":null,"FEE_COMMISSION_INCOME_YOY":null,"ACCOUNTS_RECE_TDAYS":5.278276495731,"INVENTORY_TDAYS":0.671162835129,"CURRENT_ASSETS_TDAYS":0.428425898991,"TOTAL_ASSETS_TDAYS":0.087753968104,"PREMIUM_EXPENSE":null,"LOAN_DEPOSIT":null,"LOAN_EQUITY":null,"LOAN_ASSETS":null,"DEPOSIT_EQUITY":null,"DEPOSIT_ASSETS":null,"EQUITY_MULTIPLIER":1.394423889548,"EQUITY_RATIO":0.455490095026},{"SECUCODE":"02136.HK","SECURITY_CODE":"02136","SECURITY_NAME_ABBR":"利福中国","ORG_CODE":"10527659","STD_REPORT_DATE":"2021-06-30 00:00:00","REPORT_DATE":"2021-06-30 00:00:00","DATE_TYPE_CODE":"002","REPORT_TYPE":"2021年中报","PER_NETCASH_OPERATE":0.087951880862,"PER_OI":0.447343146584,"BPS":6.391733133668,"BASIC_EPS":0.115,"DILUTED_EPS":0.115,"OPERATE_INCOME":655111000,"OPERATE_INCOME_YOY":34.6430200964,"GROSS_PROFIT":386770000,"GROSS_PROFIT_YOY":36.736937745928,"HOLDER_PROFIT":168660000,"HOLDER_PROFIT_YOY":70.052731874,"GROSS_PROFIT_RATIO":59.038849904825,"EPS_TTM":0.192718965535,"OPERATE_INCOME_QOQ":14.995907546129,"NET_PROFIT_RATIO":41.8603870184,"ROE_AVG":1.818267377479,"GROSS_PROFIT_QOQ":15.249993762814,"ROA":1.15583564738,"HOLDER_PROFIT_QOQ":32.657886325606,"ROE_YEARLY":3.636534754958,"ROIC_YEARLY":2.981127348145,"TOTAL_ASSETS":14594179000,"TOTAL_LIABILITIES":3787907000,"TAX_EBT":19.44256766681,"OCF_SALES":19.660942954705,"TOTAL_PARENT_EQUITY":9360364000,"DEBT_ASSET_RATIO":25.9549166829,"OPERATE_PROFIT":152755000,"PRETAX_PROFIT":340418000,"NETCASH_OPERATE":128801000,"NETCASH_INVEST":-33161000,"NETCASH_FINANCE":-141496000,"END_CASH":1860564000,"DIVI_RATIO":null,"DIVIDEND_RATE":null,"CURRENT_RATIO":2.927951379631,"COMMON_ACS":4000000000,"CURRENTDEBT_DEBT":32.179063530335,"ISSUED_COMMON_SHARES":1464448500,"HK_COMMON_SHARES":1464448500,"PER_SHARES":500,"TOTAL_MARKET_CAP":1186203285,"HKSK_MARKET_CAP":1186203285,"PE_TTM":290.561693971901,"PB_TTM":0.114681697992,"REPORT_DATE_SQ":"2020-06-30 00:00:00","REPORT_TYPE_SQ":"2020年中报","OPERATE_INCOME_SQ":486554000,"DPS_HKD":null,"OPERATE_INCOME_QOQ_SQ":-9.670804621376,"NET_PROFIT_RATIO_SQ":34.9190429017,"HOLDER_PROFIT_SQ":99181000,"HOLDER_PROFIT_QOQ_SQ":-109.668805977298,"ROE_AVG_SQ":1.098548912153,"PE_TTM_SQ":13.066304991176,"PB_TTM_SQ":0.100136638935,"ROA_SQ":0.691820846016,"START_DATE":"2021-01-01 00:00:00","FISCAL_YEAR":"12-31","CURRENCY":"HKD","IS_CNY_CODE":0,"DPS_HKD_LY":null,"ORG_TYPE":"一般企业","PREMIUM_INCOME":null,"PREMIUM_INCOME_YOY":null,"NET_INTEREST_INCOME":null,"NET_INTEREST_INCOME_YOY":null,"FEE_COMMISSION_INCOME":null,"FEE_COMMISSION_INCOME_YOY":null,"ACCOUNTS_RECE_TDAYS":3.593321394192,"INVENTORY_TDAYS":0.187875711515,"CURRENT_ASSETS_TDAYS":0.179978318348,"TOTAL_ASSETS_TDAYS":0.044895093489,"PREMIUM_EXPENSE":null,"LOAN_DEPOSIT":null,"LOAN_EQUITY":null,"LOAN_ASSETS":null,"DEPOSIT_EQUITY":null,"DEPOSIT_ASSETS":null,"EQUITY_MULTIPLIER":1.350528563412,"EQUITY_RATIO":0.404675181435},{"SECUCODE":"02136.HK","SECURITY_CODE":"02136","SECURITY_NAME_ABBR":"利福中国","ORG_CODE":"10527659","STD_REPORT_DATE":"2020-12-31 00:00:00","REPORT_DATE":"2020-12-31 00:00:00","DATE_TYPE_CODE":"001","REPORT_TYPE":"2020年年报","PER_NETCASH_OPERATE":0.199681996328,"PER_OI":0.767538086863,"BPS":6.276330645974,"BASIC_EPS":0.145,"DILUTED_EPS":0.145,"OPERATE_INCOME":1124020000,"OPERATE_INCOME_YOY":-6.6472766655,"GROSS_PROFIT":681397000,"GROSS_PROFIT_YOY":-13.897621875711,"HOLDER_PROFIT":212748000,"HOLDER_PROFIT_YOY":354.7392116481,"GROSS_PROFIT_RATIO":60.621430223662,"EPS_TTM":0.145275166727,"OPERATE_INCOME_QOQ":3.347232246705,"NET_PROFIT_RATIO":33.9466379602,"ROE_AVG":2.34173454321,"GROSS_PROFIT_QOQ":0.027891668759,"ROA":1.466493732516,"HOLDER_PROFIT_QOQ":221.495999588823,"ROE_YEARLY":2.34173454321,"ROIC_YEARLY":1.857215007678,"TOTAL_ASSETS":14589901000,"TOTAL_LIABILITIES":4058202000,"TAX_EBT":22.975976357878,"OCF_SALES":26.015907190264,"TOTAL_PARENT_EQUITY":9191363000,"DEBT_ASSET_RATIO":27.8151441878,"OPERATE_PROFIT":219822000,"PRETAX_PROFIT":495387000,"NETCASH_OPERATE":292424000,"NETCASH_INVEST":393301000,"NETCASH_FINANCE":-358802000,"END_CASH":1906907000,"DIVI_RATIO":null,"DIVIDEND_RATE":null,"CURRENT_RATIO":2.685605731654,"COMMON_ACS":4000000000,"CURRENTDEBT_DEBT":34.049561850297,"ISSUED_COMMON_SHARES":1464448500,"HK_COMMON_SHARES":1464448500,"PER_SHARES":500,"TOTAL_MARKET_CAP":1186203285,"HKSK_MARKET_CAP":1186203285,"PE_TTM":290.561693971901,"PB_TTM":0.114681697992,"REPORT_DATE_SQ":"2019-12-31 00:00:00","REPORT_TYPE_SQ":"2019年年报","OPERATE_INCOME_SQ":1204057000,"DPS_HKD":null,"OPERATE_INCOME_QOQ_SQ":2.27708643024,"NET_PROFIT_RATIO_SQ":-15.0838373931,"HOLDER_PROFIT_SQ":-83516000,"HOLDER_PROFIT_QOQ_SQ":-123.723238354406,"ROE_AVG_SQ":-0.925845296945,"PE_TTM_SQ":13.066304991176,"PB_TTM_SQ":0.100136638935,"ROA_SQ":-0.592955266014,"START_DATE":"2020-01-01 00:00:00","FISCAL_YEAR":"12-31","CURRENCY":"HKD","IS_CNY_CODE":0,"DPS_HKD_LY":null,"ORG_TYPE":"一般企业","PREMIUM_INCOME":null,"PREMIUM_INCOME_YOY":null,"NET_INTEREST_INCOME":null,"NET_INTEREST_INCOME_YOY":null,"FEE_COMMISSION_INCOME":null,"FEE_COMMISSION_INCOME_YOY":null,"ACCOUNTS_RECE_TDAYS":3.998043696702,"INVENTORY_TDAYS":0.599152485589,"CURRENT_ASSETS_TDAYS":0.362908387765,"TOTAL_ASSETS_TDAYS":0.077479848705,"PREMIUM_EXPENSE":null,"LOAN_DEPOSIT":null,"LOAN_EQUITY":null,"LOAN_ASSETS":null,"DEPOSIT_EQUITY":null,"DEPOSIT_ASSETS":null,"EQUITY_MULTIPLIER":1.385332129223,"EQUITY_RATIO":0.441523417147},{"SECUCODE":"02136.HK","SECURITY_CODE":"02136","SECURITY_NAME_ABBR":"利福中国","ORG_CODE":"10527659","STD_REPORT_DATE":"2020-06-30 00:00:00","REPORT_DATE":"2020-06-30 00:00:00","DATE_TYPE_CODE":"002","REPORT_TYPE":"2020年中报","PER_NETCASH_OPERATE":-0.024512982191,"PER_OI":0.332243844696,"BPS":6.19890081488,"BASIC_EPS":0.068,"DILUTED_EPS":0.068,"OPERATE_INCOME":486554000,"OPERATE_INCOME_YOY":-19.3105758579,"GROSS_PROFIT":282857000,"GROSS_PROFIT_YOY":-28.031702414574,"HOLDER_PROFIT":99181000,"HOLDER_PROFIT_YOY":-48.0107143606,"GROSS_PROFIT_RATIO":58.134759964978,"EPS_TTM":-0.119571975389,"OPERATE_INCOME_QOQ":-9.670804621376,"NET_PROFIT_RATIO":34.9190429017,"ROE_AVG":1.098548912153,"GROSS_PROFIT_QOQ":-13.921630569385,"ROA":0.691820846016,"HOLDER_PROFIT_QOQ":-109.668805977298,"ROE_YEARLY":2.197097824307,"ROIC_YEARLY":1.731830845241,"TOTAL_ASSETS":14247841000,"TOTAL_LIABILITIES":3828000000,"TAX_EBT":21.803445435006,"OCF_SALES":-7.37800942958,"TOTAL_PARENT_EQUITY":9077971000,"DEBT_ASSET_RATIO":26.8672285155,"OPERATE_PROFIT":89518000,"PRETAX_PROFIT":217273000,"NETCASH_OPERATE":-35898000,"NETCASH_INVEST":144361000,"NETCASH_FINANCE":-129855000,"END_CASH":1565966000,"DIVI_RATIO":null,"DIVIDEND_RATE":null,"CURRENT_RATIO":3.218507360734,"COMMON_ACS":4000000000,"CURRENTDEBT_DEBT":28.147178683386,"ISSUED_COMMON_SHARES":1464448500,"HK_COMMON_SHARES":1464448500,"PER_SHARES":500,"TOTAL_MARKET_CAP":1186203285,"HKSK_MARKET_CAP":1186203285,"PE_TTM":290.561693971901,"PB_TTM":0.114681697992,"REPORT_DATE_SQ":"2019-06-30 00:00:00","REPORT_TYPE_SQ":"2019年中报","OPERATE_INCOME_SQ":602996000,"DPS_HKD":null,"OPERATE_INCOME_QOQ_SQ":-0.549270455298,"NET_PROFIT_RATIO_SQ":53.0282124591,"HOLDER_PROFIT_SQ":190772000,"HOLDER_PROFIT_QOQ_SQ":4.13193561173,"ROE_AVG_SQ":2.083199906526,"PE_TTM_SQ":13.066304991176,"PB_TTM_SQ":0.100136638935,"ROA_SQ":1.340452593519,"START_DATE":"2020-01-01 00:00:00","FISCAL_YEAR":"12-31","CURRENCY":"HKD","IS_CNY_CODE":0,"DPS_HKD_LY":null,"ORG_TYPE":"一般企业","PREMIUM_INCOME":null,"PREMIUM_INCOME_YOY":null,"NET_INTEREST_INCOME":null,"NET_INTEREST_INCOME_YOY":null,"FEE_COMMISSION_INCOME":null,"FEE_COMMISSION_INCOME_YOY":null,"ACCOUNTS_RECE_TDAYS":1.524012673116,"INVENTORY_TDAYS":0.288795914548,"CURRENT_ASSETS_TDAYS":0.163509117772,"TOTAL_ASSETS_TDAYS":0.033938778588,"PREMIUM_EXPENSE":null,"LOAN_DEPOSIT":null,"LOAN_EQUITY":null,"LOAN_ASSETS":null,"DEPOSIT_EQUITY":null,"DEPOSIT_ASSETS":null,"EQUITY_MULTIPLIER":1.367376047292,"EQUITY_RATIO":0.421680130946}],"count":21},"success":true,"message":"ok","code":0}