{"version":"6d503ce95e8312c5877fd052060d9c56","result":{"pages":2,"data":[{"SECUCODE":"02145.HK","SECURITY_CODE":"02145","SECURITY_NAME_ABBR":"上美股份","ORG_CODE":"10000108833","STD_REPORT_DATE":"2024-06-30 00:00:00","REPORT_DATE":"2024-06-30 00:00:00","DATE_TYPE_CODE":"002","REPORT_TYPE":"2024年中报","PER_NETCASH_OPERATE":0.545930816552,"PER_OI":8.799975819155,"BPS":5.28929669583,"BASIC_EPS":1.01,"DILUTED_EPS":1.01,"OPERATE_INCOME":3502399000,"OPERATE_INCOME_YOY":120.7172683079,"GROSS_PROFIT":2679879000,"GROSS_PROFIT_YOY":144.629456359512,"HOLDER_PROFIT":401199000,"HOLDER_PROFIT_YOY":297.3644332194,"GROSS_PROFIT_RATIO":76.515525501235,"EPS_TTM":1.912904837571,"OPERATE_INCOME_QOQ":45.709801664484,"NET_PROFIT_RATIO":11.7755001643,"ROE_AVG":19.502623527456,"GROSS_PROFIT_QOQ":52.472899055855,"ROA":12.16528515642,"HOLDER_PROFIT_QOQ":65.111992088553,"ROE_YEARLY":39.005247054912,"ROIC_YEARLY":30.346332543535,"TOTAL_ASSETS":3466974000,"TOTAL_LIABILITIES":1341437000,"TAX_EBT":11.971304897207,"OCF_SALES":6.203776325884,"TOTAL_PARENT_EQUITY":2105272000,"DEBT_ASSET_RATIO":38.691867894,"OPERATE_PROFIT":474668000,"PRETAX_PROFIT":468512000,"NETCASH_OPERATE":217281000,"NETCASH_INVEST":-130012000,"NETCASH_FINANCE":-211243000,"END_CASH":569386000,"DIVI_RATIO":0.78528615956,"DIVIDEND_RATE":4.482293080054,"CURRENT_RATIO":1.829985837961,"COMMON_ACS":null,"CURRENTDEBT_DEBT":97.328685581209,"ISSUED_COMMON_SHARES":398024940,"HK_COMMON_SHARES":206272380,"PER_SHARES":100,"TOTAL_MARKET_CAP":14667219039,"HKSK_MARKET_CAP":7601137203,"PE_TTM":17.483958144119,"PB_TTM":6.358550093534,"REPORT_DATE_SQ":"2023-06-30 00:00:00","REPORT_TYPE_SQ":"2023年中报","OPERATE_INCOME_SQ":1586826000,"DPS_HKD":1.651725,"OPERATE_INCOME_QOQ_SQ":12.126798515772,"NET_PROFIT_RATIO_SQ":6.3609998828,"HOLDER_PROFIT_SQ":100965000,"HOLDER_PROFIT_QOQ_SQ":24.218240156624,"ROE_AVG_SQ":5.883736115615,"PE_TTM_SQ":76.76008448505,"PB_TTM_SQ":8.105535425323,"ROA_SQ":3.383656701862,"START_DATE":"2024-01-01 00:00:00","FISCAL_YEAR":"12-31","CURRENCY":"HKD","IS_CNY_CODE":0,"DPS_HKD_LY":1.651725,"ORG_TYPE":"一般企业","PREMIUM_INCOME":null,"PREMIUM_INCOME_YOY":null,"NET_INTEREST_INCOME":null,"NET_INTEREST_INCOME_YOY":null,"FEE_COMMISSION_INCOME":null,"FEE_COMMISSION_INCOME_YOY":null,"ACCOUNTS_RECE_TDAYS":10.942056197397,"INVENTORY_TDAYS":1.433666017102,"CURRENT_ASSETS_TDAYS":1.56792793188,"TOTAL_ASSETS_TDAYS":1.062008693106,"PREMIUM_EXPENSE":null,"LOAN_DEPOSIT":null,"LOAN_EQUITY":null,"LOAN_ASSETS":null,"DEPOSIT_EQUITY":null,"DEPOSIT_ASSETS":null,"EQUITY_MULTIPLIER":1.631104986645,"EQUITY_RATIO":0.637179898844},{"SECUCODE":"02145.HK","SECURITY_CODE":"02145","SECURITY_NAME_ABBR":"上美股份","ORG_CODE":"10000108833","STD_REPORT_DATE":"2023-12-31 00:00:00","REPORT_DATE":"2023-12-31 00:00:00","DATE_TYPE_CODE":"001","REPORT_TYPE":"2023年年报","PER_NETCASH_OPERATE":1.874982253148,"PER_OI":10.530578737098,"BPS":5.047512851833,"BASIC_EPS":1.16,"DILUTED_EPS":1.16,"OPERATE_INCOME":4190727000,"OPERATE_INCOME_YOY":56.6433088093,"GROSS_PROFIT":3019452000,"GROSS_PROFIT_YOY":77.653280239487,"HOLDER_PROFIT":461104000,"HOLDER_PROFIT_YOY":213.4544268001,"GROSS_PROFIT_RATIO":72.050792141793,"EPS_TTM":1.158675327214,"OPERATE_INCOME_QOQ":39.70193645298,"NET_PROFIT_RATIO":11.016298604,"ROE_AVG":24.829771342998,"GROSS_PROFIT_QOQ":52.839148096124,"ROA":14.6977270199,"HOLDER_PROFIT_QOQ":152.341706342691,"ROE_YEARLY":24.829771342998,"ROIC_YEARLY":20.924333845282,"TOTAL_ASSETS":3128827000,"TOTAL_LIABILITIES":1099600000,"TAX_EBT":17.444158129371,"OCF_SALES":17.805120686697,"TOTAL_PARENT_EQUITY":2009036000,"DEBT_ASSET_RATIO":35.1441610546,"OPERATE_PROFIT":581445000,"PRETAX_PROFIT":559213000,"NETCASH_OPERATE":746164000,"NETCASH_INVEST":-457486000,"NETCASH_FINANCE":-737210000,"END_CASH":697689000,"DIVI_RATIO":1.296461276268,"DIVIDEND_RATE":4.569087136929,"CURRENT_RATIO":1.976701673759,"COMMON_ACS":null,"CURRENTDEBT_DEBT":95.617133503092,"ISSUED_COMMON_SHARES":398024940,"HK_COMMON_SHARES":206272380,"PER_SHARES":100,"TOTAL_MARKET_CAP":14388601581,"HKSK_MARKET_CAP":7456746537,"PE_TTM":17.151834108817,"PB_TTM":6.237763524593,"REPORT_DATE_SQ":"2022-12-31 00:00:00","REPORT_TYPE_SQ":"2022年年报","OPERATE_INCOME_SQ":2675331000,"DPS_HKD":1.651725,"OPERATE_INCOME_QOQ_SQ":-12.271516068886,"NET_PROFIT_RATIO_SQ":5.1238519645,"HOLDER_PROFIT_SQ":147104000,"HOLDER_PROFIT_QOQ_SQ":-35.936731076591,"ROE_AVG_SQ":11.081009316156,"PE_TTM_SQ":43.460493443698,"PB_TTM_SQ":4.589241551428,"ROA_SQ":5.427961544067,"START_DATE":"2023-01-01 00:00:00","FISCAL_YEAR":"12-31","CURRENCY":"HKD","IS_CNY_CODE":0,"DPS_HKD_LY":0.493212,"ORG_TYPE":"一般企业","PREMIUM_INCOME":null,"PREMIUM_INCOME_YOY":null,"NET_INTEREST_INCOME":null,"NET_INTEREST_INCOME_YOY":null,"FEE_COMMISSION_INCOME":null,"FEE_COMMISSION_INCOME_YOY":null,"ACCOUNTS_RECE_TDAYS":12.055639060974,"INVENTORY_TDAYS":2.276818256923,"CURRENT_ASSETS_TDAYS":1.935455221844,"TOTAL_ASSETS_TDAYS":1.33579759579,"PREMIUM_EXPENSE":null,"LOAN_DEPOSIT":null,"LOAN_EQUITY":null,"LOAN_ASSETS":null,"DEPOSIT_EQUITY":null,"DEPOSIT_ASSETS":null,"EQUITY_MULTIPLIER":1.541881218809,"EQUITY_RATIO":0.54732717582},{"SECUCODE":"02145.HK","SECURITY_CODE":"02145","SECURITY_NAME_ABBR":"上美股份","ORG_CODE":"10000108833","STD_REPORT_DATE":"2023-06-30 00:00:00","REPORT_DATE":"2023-06-30 00:00:00","DATE_TYPE_CODE":"002","REPORT_TYPE":"2023年中报","PER_NETCASH_OPERATE":0.431309442531,"PER_OI":3.987421785068,"BPS":4.338715558879,"BASIC_EPS":0.25,"DILUTED_EPS":0.25,"OPERATE_INCOME":1586826000,"OPERATE_INCOME_YOY":25.6997419189,"GROSS_PROFIT":1095485000,"GROSS_PROFIT_YOY":33.670391511356,"HOLDER_PROFIT":100965000,"HOLDER_PROFIT_YOY":54.5248626395,"GROSS_PROFIT_RATIO":69.03623963812,"EPS_TTM":0.459169173423,"OPERATE_INCOME_QOQ":12.126798515772,"NET_PROFIT_RATIO":6.3609998828,"ROE_AVG":5.883736115615,"GROSS_PROFIT_QOQ":16.235455675111,"ROA":3.383656701862,"HOLDER_PROFIT_QOQ":24.218240156624,"ROE_YEARLY":11.767472231231,"ROIC_YEARLY":9.559017929608,"TOTAL_ASSETS":2822137000,"TOTAL_LIABILITIES":1082608000,"TAX_EBT":18.872519470499,"OCF_SALES":10.816749914609,"TOTAL_PARENT_EQUITY":1726917000,"DEBT_ASSET_RATIO":38.3612843742,"OPERATE_PROFIT":138962000,"PRETAX_PROFIT":124419000,"NETCASH_OPERATE":171643000,"NETCASH_INVEST":-351318000,"NETCASH_FINANCE":-385587000,"END_CASH":581014000,"DIVI_RATIO":3.271512506606,"DIVIDEND_RATE":4.569087136929,"CURRENT_RATIO":1.785393244146,"COMMON_ACS":null,"CURRENTDEBT_DEBT":94.474361911237,"ISSUED_COMMON_SHARES":398024940,"HK_COMMON_SHARES":206272380,"PER_SHARES":100,"TOTAL_MARKET_CAP":14388601581,"HKSK_MARKET_CAP":7456746537,"PE_TTM":17.151834108817,"PB_TTM":6.237763524593,"REPORT_DATE_SQ":"2022-06-30 00:00:00","REPORT_TYPE_SQ":"2022年中报","OPERATE_INCOME_SQ":1262394000,"DPS_HKD":1.651725,"OPERATE_INCOME_QOQ_SQ":-15.732041000508,"NET_PROFIT_RATIO_SQ":4.9731700246,"HOLDER_PROFIT_SQ":65339000,"HOLDER_PROFIT_QOQ_SQ":-32.24201577517,"ROE_AVG_SQ":7.421179990221,"PE_TTM_SQ":43.460493443698,"PB_TTM_SQ":4.589241551428,"ROA_SQ":2.962818193814,"START_DATE":"2023-01-01 00:00:00","FISCAL_YEAR":"12-31","CURRENCY":"HKD","IS_CNY_CODE":0,"DPS_HKD_LY":0.493212,"ORG_TYPE":"一般企业","PREMIUM_INCOME":null,"PREMIUM_INCOME_YOY":null,"NET_INTEREST_INCOME":null,"NET_INTEREST_INCOME_YOY":null,"FEE_COMMISSION_INCOME":null,"FEE_COMMISSION_INCOME_YOY":null,"ACCOUNTS_RECE_TDAYS":4.780460324155,"INVENTORY_TDAYS":0.992037909525,"CURRENT_ASSETS_TDAYS":0.778191000389,"TOTAL_ASSETS_TDAYS":0.531795615272,"PREMIUM_EXPENSE":null,"LOAN_DEPOSIT":null,"LOAN_EQUITY":null,"LOAN_ASSETS":null,"DEPOSIT_EQUITY":null,"DEPOSIT_ASSETS":null,"EQUITY_MULTIPLIER":1.622356971341,"EQUITY_RATIO":0.626902161482},{"SECUCODE":"02145.HK","SECURITY_CODE":"02145","SECURITY_NAME_ABBR":"上美股份","ORG_CODE":"10000108833","STD_REPORT_DATE":"2022-12-31 00:00:00","REPORT_DATE":"2022-12-31 00:00:00","DATE_TYPE_CODE":"001","REPORT_TYPE":"2022年年报","PER_NETCASH_OPERATE":0.092102942881,"PER_OI":6.739582021272,"BPS":4.283867237063,"BASIC_EPS":0.41,"DILUTED_EPS":0.41,"OPERATE_INCOME":2675331000,"OPERATE_INCOME_YOY":-26.0729971301,"GROSS_PROFIT":1699632000,"GROSS_PROFIT_YOY":-28.001189508434,"HOLDER_PROFIT":147104000,"HOLDER_PROFIT_YOY":-56.592020349,"GROSS_PROFIT_RATIO":63.529783791239,"EPS_TTM":0.370578247573,"OPERATE_INCOME_QOQ":-12.271516068886,"NET_PROFIT_RATIO":5.1238519645,"ROE_AVG":11.081009316156,"GROSS_PROFIT_QOQ":-13.299165808398,"ROA":5.427961544067,"HOLDER_PROFIT_QOQ":-35.936731076591,"ROE_YEARLY":11.081009316156,"ROIC_YEARLY":7.139764738772,"TOTAL_ASSETS":3145667000,"TOTAL_LIABILITIES":1439022000,"TAX_EBT":11.120908760828,"OCF_SALES":1.366597254695,"TOTAL_PARENT_EQUITY":1705086000,"DEBT_ASSET_RATIO":45.7461644859,"OPERATE_PROFIT":175935000,"PRETAX_PROFIT":154232000,"NETCASH_OPERATE":36561000,"NETCASH_INVEST":-66784000,"NETCASH_FINANCE":1028061000,"END_CASH":1147708000,"DIVI_RATIO":4.053604612087,"DIVIDEND_RATE":4.569087136929,"CURRENT_RATIO":1.714329428421,"COMMON_ACS":null,"CURRENTDEBT_DEBT":91.293253334556,"ISSUED_COMMON_SHARES":398024940,"HK_COMMON_SHARES":206272380,"PER_SHARES":100,"TOTAL_MARKET_CAP":14388601581,"HKSK_MARKET_CAP":7456746537,"PE_TTM":17.151834108817,"PB_TTM":6.237763524593,"REPORT_DATE_SQ":"2021-12-31 00:00:00","REPORT_TYPE_SQ":"2021年年报","OPERATE_INCOME_SQ":3618882000,"DPS_HKD":1.651725,"OPERATE_INCOME_QOQ_SQ":-1.524930325052,"NET_PROFIT_RATIO_SQ":9.3612060299,"HOLDER_PROFIT_SQ":338887000,"HOLDER_PROFIT_QOQ_SQ":7.655286557027,"ROE_AVG_SQ":44.329956243909,"PE_TTM_SQ":43.460493443698,"PB_TTM_SQ":4.589241551428,"ROA_SQ":15.065491166522,"START_DATE":"2022-01-01 00:00:00","FISCAL_YEAR":"12-31","CURRENCY":"HKD","IS_CNY_CODE":0,"DPS_HKD_LY":null,"ORG_TYPE":"一般企业","PREMIUM_INCOME":null,"PREMIUM_INCOME_YOY":null,"NET_INTEREST_INCOME":null,"NET_INTEREST_INCOME_YOY":null,"FEE_COMMISSION_INCOME":null,"FEE_COMMISSION_INCOME_YOY":null,"ACCOUNTS_RECE_TDAYS":7.145086057589,"INVENTORY_TDAYS":1.712783306446,"CURRENT_ASSETS_TDAYS":1.496573131697,"TOTAL_ASSETS_TDAYS":0.987165120299,"PREMIUM_EXPENSE":null,"LOAN_DEPOSIT":null,"LOAN_EQUITY":null,"LOAN_ASSETS":null,"DEPOSIT_EQUITY":null,"DEPOSIT_ASSETS":null,"EQUITY_MULTIPLIER":1.843187657654,"EQUITY_RATIO":0.843958603848},{"SECUCODE":"02145.HK","SECURITY_CODE":"02145","SECURITY_NAME_ABBR":"上美股份","ORG_CODE":"10000108833","STD_REPORT_DATE":"2022-06-30 00:00:00","REPORT_DATE":"2022-06-30 00:00:00","DATE_TYPE_CODE":"002","REPORT_TYPE":"2022年中报","PER_NETCASH_OPERATE":-0.207105555556,"PER_OI":3.50665,"BPS":2.037309521358,"BASIC_EPS":0.18,"DILUTED_EPS":0.18,"OPERATE_INCOME":1262394000,"OPERATE_INCOME_YOY":-31.0814219219,"GROSS_PROFIT":819542000,"GROSS_PROFIT_YOY":-32.815615162644,"HOLDER_PROFIT":65339000,"HOLDER_PROFIT_YOY":-62.5785353058,"GROSS_PROFIT_RATIO":64.91966850286,"EPS_TTM":0.637841666667,"OPERATE_INCOME_QOQ":-15.732041000508,"NET_PROFIT_RATIO":4.9731700246,"ROE_AVG":7.421179990221,"GROSS_PROFIT_QOQ":-16.957188286731,"ROA":2.962818193814,"HOLDER_PROFIT_QOQ":-32.24201577517,"ROE_YEARLY":14.842359980442,"ROIC_YEARLY":6.320572768352,"TOTAL_ASSETS":2136035000,"TOTAL_LIABILITIES":1314774000,"TAX_EBT":19.888473464596,"OCF_SALES":-5.906080035235,"TOTAL_PARENT_EQUITY":810900000,"DEBT_ASSET_RATIO":61.5520813095,"OPERATE_PROFIT":88546000,"PRETAX_PROFIT":78367000,"NETCASH_OPERATE":-74558000,"NETCASH_INVEST":-62349000,"NETCASH_FINANCE":106491000,"END_CASH":114965000,"DIVI_RATIO":2.355094958519,"DIVIDEND_RATE":4.569087136929,"CURRENT_RATIO":1.067837586257,"COMMON_ACS":null,"CURRENTDEBT_DEBT":87.019898476849,"ISSUED_COMMON_SHARES":398024940,"HK_COMMON_SHARES":206272380,"PER_SHARES":100,"TOTAL_MARKET_CAP":14388601581,"HKSK_MARKET_CAP":7456746537,"PE_TTM":17.151834108817,"PB_TTM":6.237763524593,"REPORT_DATE_SQ":"2021-06-30 00:00:00","REPORT_TYPE_SQ":"2021年中报","OPERATE_INCOME_SQ":1831718000,"DPS_HKD":1.651725,"OPERATE_INCOME_QOQ_SQ":0,"NET_PROFIT_RATIO_SQ":9.5133639567,"HOLDER_PROFIT_SQ":174603000,"HOLDER_PROFIT_QOQ_SQ":0,"ROE_AVG_SQ":null,"PE_TTM_SQ":43.460493443698,"PB_TTM_SQ":4.589241551428,"ROA_SQ":null,"START_DATE":"2022-01-01 00:00:00","FISCAL_YEAR":"12-31","CURRENCY":"HKD","IS_CNY_CODE":0,"DPS_HKD_LY":null,"ORG_TYPE":"一般企业","PREMIUM_INCOME":null,"PREMIUM_INCOME_YOY":null,"NET_INTEREST_INCOME":null,"NET_INTEREST_INCOME_YOY":null,"FEE_COMMISSION_INCOME":null,"FEE_COMMISSION_INCOME_YOY":null,"ACCOUNTS_RECE_TDAYS":3.764059383209,"INVENTORY_TDAYS":0.742630949217,"CURRENT_ASSETS_TDAYS":0.992120916097,"TOTAL_ASSETS_TDAYS":0.572436662784,"PREMIUM_EXPENSE":null,"LOAN_DEPOSIT":null,"LOAN_EQUITY":null,"LOAN_ASSETS":null,"DEPOSIT_EQUITY":null,"DEPOSIT_ASSETS":null,"EQUITY_MULTIPLIER":2.600921022669,"EQUITY_RATIO":1.621376248613},{"SECUCODE":"02145.HK","SECURITY_CODE":"02145","SECURITY_NAME_ABBR":"上美股份","ORG_CODE":"10000108833","STD_REPORT_DATE":"2021-12-31 00:00:00","REPORT_DATE":"2021-12-31 00:00:00","DATE_TYPE_CODE":"001","REPORT_TYPE":"2021年年报","PER_NETCASH_OPERATE":0.931091666667,"PER_OI":10.05245,"BPS":2.386732348983,"BASIC_EPS":0.94,"DILUTED_EPS":0.94,"OPERATE_INCOME":3618882000,"OPERATE_INCOME_YOY":7.0158115916,"GROSS_PROFIT":2360639000,"GROSS_PROFIT_YOY":7.959787632895,"HOLDER_PROFIT":338887000,"HOLDER_PROFIT_YOY":66.5644337624,"GROSS_PROFIT_RATIO":65.231168078981,"EPS_TTM":0.941352777778,"OPERATE_INCOME_QOQ":-1.524930325052,"NET_PROFIT_RATIO":9.3612060299,"ROE_AVG":44.329956243909,"GROSS_PROFIT_QOQ":-1.257827172681,"ROA":15.065491166522,"HOLDER_PROFIT_QOQ":7.655286557027,"ROE_YEARLY":44.329956243909,"ROIC_YEARLY":16.180045118705,"TOTAL_ASSETS":2274563000,"TOTAL_LIABILITIES":1319525000,"TAX_EBT":16.993119738119,"OCF_SALES":9.262335715837,"TOTAL_PARENT_EQUITY":949979000,"DEBT_ASSET_RATIO":58.0122423516,"OPERATE_PROFIT":429207000,"PRETAX_PROFIT":408124000,"NETCASH_OPERATE":335193000,"NETCASH_INVEST":-55286000,"NETCASH_FINANCE":-289555000,"END_CASH":145208000,"DIVI_RATIO":1.595764870473,"DIVIDEND_RATE":4.569087136929,"CURRENT_RATIO":1.202686230433,"COMMON_ACS":null,"CURRENTDEBT_DEBT":83.373107747106,"ISSUED_COMMON_SHARES":398024940,"HK_COMMON_SHARES":206272380,"PER_SHARES":100,"TOTAL_MARKET_CAP":14388601581,"HKSK_MARKET_CAP":7456746537,"PE_TTM":17.151834108817,"PB_TTM":6.237763524593,"REPORT_DATE_SQ":"2020-12-31 00:00:00","REPORT_TYPE_SQ":"2020年年报","OPERATE_INCOME_SQ":3381633000,"DPS_HKD":1.651725,"OPERATE_INCOME_QOQ_SQ":17.649803205696,"NET_PROFIT_RATIO_SQ":6.0083989008,"HOLDER_PROFIT_SQ":203457000,"HOLDER_PROFIT_QOQ_SQ":225.161816176823,"ROE_AVG_SQ":103.800090302206,"PE_TTM_SQ":43.460493443698,"PB_TTM_SQ":4.589241551428,"ROA_SQ":8.946849757461,"START_DATE":"2021-01-01 00:00:00","FISCAL_YEAR":"12-31","CURRENCY":"HKD","IS_CNY_CODE":0,"DPS_HKD_LY":null,"ORG_TYPE":"一般企业","PREMIUM_INCOME":null,"PREMIUM_INCOME_YOY":null,"NET_INTEREST_INCOME":null,"NET_INTEREST_INCOME_YOY":null,"FEE_COMMISSION_INCOME":null,"FEE_COMMISSION_INCOME_YOY":null,"ACCOUNTS_RECE_TDAYS":10.112535313991,"INVENTORY_TDAYS":2.099710302614,"CURRENT_ASSETS_TDAYS":2.874553690931,"TOTAL_ASSETS_TDAYS":1.608802780977,"PREMIUM_EXPENSE":null,"LOAN_DEPOSIT":null,"LOAN_EQUITY":null,"LOAN_ASSETS":null,"DEPOSIT_EQUITY":null,"DEPOSIT_ASSETS":null,"EQUITY_MULTIPLIER":2.381646594166,"EQUITY_RATIO":1.389004388518},{"SECUCODE":"02145.HK","SECURITY_CODE":"02145","SECURITY_NAME_ABBR":"上美股份","ORG_CODE":"10000108833","STD_REPORT_DATE":"2021-09-30 00:00:00","REPORT_DATE":"2021-09-30 00:00:00","DATE_TYPE_CODE":"004","REPORT_TYPE":"2021年三季报","PER_NETCASH_OPERATE":0.497702777778,"PER_OI":7.210136111111,"BPS":2.144920868526,"BASIC_EPS":0.69,"DILUTED_EPS":0.69,"OPERATE_INCOME":2595649000,"OPERATE_INCOME_YOY":12.7386247155,"GROSS_PROFIT":1692102000,"GROSS_PROFIT_YOY":13.71783145372,"HOLDER_PROFIT":247449000,"HOLDER_PROFIT_YOY":81.7914000455,"GROSS_PROFIT_RATIO":65.189939009473,"EPS_TTM":0.874413888889,"OPERATE_INCOME_QOQ":8.672999110193,"NET_PROFIT_RATIO":9.5605376536,"ROE_AVG":34.543440523828,"GROSS_PROFIT_QOQ":9.335033392162,"ROA":11.023273032141,"HOLDER_PROFIT_QOQ":54.720161999833,"ROE_YEARLY":46.057920698438,"ROIC_YEARLY":11.742951471921,"TOTAL_ASSETS":2265286000,"TOTAL_LIABILITIES":1401759000,"TAX_EBT":15.95926619548,"OCF_SALES":6.902820835945,"TOTAL_PARENT_EQUITY":853732000,"DEBT_ASSET_RATIO":61.8800010242,"OPERATE_PROFIT":null,"PRETAX_PROFIT":295283000,"NETCASH_OPERATE":179173000,"NETCASH_INVEST":-55976000,"NETCASH_FINANCE":-172762000,"END_CASH":105719000,"DIVI_RATIO":1.717925244084,"DIVIDEND_RATE":4.569087136929,"CURRENT_RATIO":1.076836715979,"COMMON_ACS":null,"CURRENTDEBT_DEBT":83.240985076607,"ISSUED_COMMON_SHARES":398024940,"HK_COMMON_SHARES":206272380,"PER_SHARES":100,"TOTAL_MARKET_CAP":14388601581,"HKSK_MARKET_CAP":7456746537,"PE_TTM":17.151834108817,"PB_TTM":6.237763524593,"REPORT_DATE_SQ":"2020-09-30 00:00:00","REPORT_TYPE_SQ":"2020年三季报","OPERATE_INCOME_SQ":2302360000,"DPS_HKD":1.651725,"OPERATE_INCOME_QOQ_SQ":0,"NET_PROFIT_RATIO_SQ":5.9092843865,"HOLDER_PROFIT_SQ":136117000,"HOLDER_PROFIT_QOQ_SQ":0,"ROE_AVG_SQ":null,"PE_TTM_SQ":43.460493443698,"PB_TTM_SQ":4.589241551428,"ROA_SQ":null,"START_DATE":"2021-01-01 00:00:00","FISCAL_YEAR":"12-31","CURRENCY":"HKD","IS_CNY_CODE":0,"DPS_HKD_LY":null,"ORG_TYPE":"一般企业","PREMIUM_INCOME":null,"PREMIUM_INCOME_YOY":null,"NET_INTEREST_INCOME":null,"NET_INTEREST_INCOME_YOY":null,"FEE_COMMISSION_INCOME":null,"FEE_COMMISSION_INCOME_YOY":null,"ACCOUNTS_RECE_TDAYS":7.640790145698,"INVENTORY_TDAYS":1.520616023615,"CURRENT_ASSETS_TDAYS":2.117809712401,"TOTAL_ASSETS_TDAYS":1.156300798249,"PREMIUM_EXPENSE":null,"LOAN_DEPOSIT":null,"LOAN_EQUITY":null,"LOAN_ASSETS":null,"DEPOSIT_EQUITY":null,"DEPOSIT_ASSETS":null,"EQUITY_MULTIPLIER":2.623294928824,"EQUITY_RATIO":1.641919243978},{"SECUCODE":"02145.HK","SECURITY_CODE":"02145","SECURITY_NAME_ABBR":"上美股份","ORG_CODE":"10000108833","STD_REPORT_DATE":"2021-06-30 00:00:00","REPORT_DATE":"2021-06-30 00:00:00","DATE_TYPE_CODE":"002","REPORT_TYPE":"2021年中报","PER_NETCASH_OPERATE":null,"PER_OI":null,"BPS":null,"BASIC_EPS":0.49,"DILUTED_EPS":0.49,"OPERATE_INCOME":1831718000,"OPERATE_INCOME_YOY":null,"GROSS_PROFIT":1219840000,"GROSS_PROFIT_YOY":null,"HOLDER_PROFIT":174603000,"HOLDER_PROFIT_YOY":null,"GROSS_PROFIT_RATIO":66.595403877671,"EPS_TTM":0.565158333333,"OPERATE_INCOME_QOQ":0,"NET_PROFIT_RATIO":9.5133639567,"ROE_AVG":null,"GROSS_PROFIT_QOQ":0,"ROA":null,"HOLDER_PROFIT_QOQ":0,"ROE_YEARLY":null,"ROIC_YEARLY":null,"TOTAL_ASSETS":null,"TOTAL_LIABILITIES":null,"TAX_EBT":14.613315301277,"OCF_SALES":9.503700897191,"TOTAL_PARENT_EQUITY":null,"DEBT_ASSET_RATIO":null,"OPERATE_PROFIT":216797000,"PRETAX_PROFIT":204081000,"NETCASH_OPERATE":174081000,"NETCASH_INVEST":-50691000,"NETCASH_FINANCE":-163855000,"END_CASH":113481000,"DIVI_RATIO":2.657976720683,"DIVIDEND_RATE":4.569087136929,"CURRENT_RATIO":null,"COMMON_ACS":null,"CURRENTDEBT_DEBT":null,"ISSUED_COMMON_SHARES":398024940,"HK_COMMON_SHARES":206272380,"PER_SHARES":100,"TOTAL_MARKET_CAP":14388601581,"HKSK_MARKET_CAP":7456746537,"PE_TTM":17.151834108817,"PB_TTM":6.237763524593,"REPORT_DATE_SQ":"2020-06-30 00:00:00","REPORT_TYPE_SQ":"2020年中报","OPERATE_INCOME_SQ":null,"DPS_HKD":1.651725,"OPERATE_INCOME_QOQ_SQ":0,"NET_PROFIT_RATIO_SQ":null,"HOLDER_PROFIT_SQ":null,"HOLDER_PROFIT_QOQ_SQ":0,"ROE_AVG_SQ":null,"PE_TTM_SQ":43.460493443698,"PB_TTM_SQ":4.589241551428,"ROA_SQ":null,"START_DATE":"2021-01-01 00:00:00","FISCAL_YEAR":"12-31","CURRENCY":"HKD","IS_CNY_CODE":0,"DPS_HKD_LY":null,"ORG_TYPE":"一般企业","PREMIUM_INCOME":null,"PREMIUM_INCOME_YOY":null,"NET_INTEREST_INCOME":null,"NET_INTEREST_INCOME_YOY":null,"FEE_COMMISSION_INCOME":null,"FEE_COMMISSION_INCOME_YOY":null,"ACCOUNTS_RECE_TDAYS":null,"INVENTORY_TDAYS":null,"CURRENT_ASSETS_TDAYS":3.066242370878,"TOTAL_ASSETS_TDAYS":1.647015134731,"PREMIUM_EXPENSE":null,"LOAN_DEPOSIT":null,"LOAN_EQUITY":null,"LOAN_ASSETS":null,"DEPOSIT_EQUITY":null,"DEPOSIT_ASSETS":null,"EQUITY_MULTIPLIER":null,"EQUITY_RATIO":null},{"SECUCODE":"02145.HK","SECURITY_CODE":"02145","SECURITY_NAME_ABBR":"上美股份","ORG_CODE":"10000108833","STD_REPORT_DATE":"2020-12-31 00:00:00","REPORT_DATE":"2020-12-31 00:00:00","DATE_TYPE_CODE":"001","REPORT_TYPE":"2020年年报","PER_NETCASH_OPERATE":0.738816666667,"PER_OI":9.393425,"BPS":1.45455960624,"BASIC_EPS":0.57,"DILUTED_EPS":0.57,"OPERATE_INCOME":3381633000,"OPERATE_INCOME_YOY":17.6498032057,"GROSS_PROFIT":2186591000,"GROSS_PROFIT_YOY":24.992840291922,"HOLDER_PROFIT":203457000,"HOLDER_PROFIT_YOY":225.1618161768,"GROSS_PROFIT_RATIO":64.660801453026,"EPS_TTM":0.565158333333,"OPERATE_INCOME_QOQ":17.649803205696,"NET_PROFIT_RATIO":6.0083989008,"ROE_AVG":103.800090302206,"GROSS_PROFIT_QOQ":24.992840291922,"ROA":8.946849757461,"HOLDER_PROFIT_QOQ":225.161816176823,"ROE_YEARLY":103.800090302206,"ROIC_YEARLY":9.545583460459,"TOTAL_ASSETS":2224288000,"TOTAL_LIABILITIES":1639898000,"TAX_EBT":27.337944254111,"OCF_SALES":7.865253266691,"TOTAL_PARENT_EQUITY":578951000,"DEBT_ASSET_RATIO":73.7268734984,"OPERATE_PROFIT":318262000,"PRETAX_PROFIT":279626000,"NETCASH_OPERATE":265974000,"NETCASH_INVEST":-6945000,"NETCASH_FINANCE":-239932000,"END_CASH":154195000,"DIVI_RATIO":2.657976720683,"DIVIDEND_RATE":4.569087136929,"CURRENT_RATIO":0.872122340231,"COMMON_ACS":null,"CURRENTDEBT_DEBT":83.538732287008,"ISSUED_COMMON_SHARES":398024940,"HK_COMMON_SHARES":206272380,"PER_SHARES":100,"TOTAL_MARKET_CAP":14388601581,"HKSK_MARKET_CAP":7456746537,"PE_TTM":17.151834108817,"PB_TTM":6.237763524593,"REPORT_DATE_SQ":"2019-12-31 00:00:00","REPORT_TYPE_SQ":"2019年年报","OPERATE_INCOME_SQ":2874321000,"DPS_HKD":1.651725,"OPERATE_INCOME_QOQ_SQ":null,"NET_PROFIT_RATIO_SQ":2.066505446,"HOLDER_PROFIT_SQ":62571000,"HOLDER_PROFIT_QOQ_SQ":null,"ROE_AVG_SQ":-33.472241539795,"PE_TTM_SQ":43.460493443698,"PB_TTM_SQ":4.589241551428,"ROA_SQ":2.692571513161,"START_DATE":"2020-01-01 00:00:00","FISCAL_YEAR":"12-31","CURRENCY":"HKD","IS_CNY_CODE":0,"DPS_HKD_LY":null,"ORG_TYPE":"一般企业","PREMIUM_INCOME":null,"PREMIUM_INCOME_YOY":null,"NET_INTEREST_INCOME":null,"NET_INTEREST_INCOME_YOY":null,"FEE_COMMISSION_INCOME":null,"FEE_COMMISSION_INCOME_YOY":null,"ACCOUNTS_RECE_TDAYS":9.166950397675,"INVENTORY_TDAYS":2.205849263651,"CURRENT_ASSETS_TDAYS":2.651773458137,"TOTAL_ASSETS_TDAYS":1.487044554175,"PREMIUM_EXPENSE":null,"LOAN_DEPOSIT":null,"LOAN_EQUITY":null,"LOAN_ASSETS":null,"DEPOSIT_EQUITY":null,"DEPOSIT_ASSETS":null,"EQUITY_MULTIPLIER":3.8061705368,"EQUITY_RATIO":2.8325333232}],"count":11},"success":true,"message":"ok","code":0}