{"version":"f10563a281cc2cd900a50442ee78eff6","result":{"pages":2,"data":[{"SECUCODE":"02146.HK","SECURITY_CODE":"02146","SECURITY_NAME_ABBR":"荣万家","ORG_CODE":"10000103243","STD_REPORT_DATE":"2024-06-30 00:00:00","REPORT_DATE":"2024-06-30 00:00:00","DATE_TYPE_CODE":"002","REPORT_TYPE":"2024年中报","PER_NETCASH_OPERATE":-0.200838527367,"PER_OI":2.646723566117,"BPS":5.758768405319,"BASIC_EPS":0.24,"DILUTED_EPS":0.24,"OPERATE_INCOME":995168060.86,"OPERATE_INCOME_YOY":5.0107610162,"GROSS_PROFIT":239735130.97,"GROSS_PROFIT_YOY":8.244531989366,"HOLDER_PROFIT":91099587.4,"HOLDER_PROFIT_YOY":-10.0439884627,"GROSS_PROFIT_RATIO":24.089914095799,"EPS_TTM":0.30892638234,"OPERATE_INCOME_QOQ":2.592181092223,"NET_PROFIT_RATIO":9.3217558901,"ROE_AVG":4.297662973688,"GROSS_PROFIT_QOQ":3.996578162724,"ROA":2.190443217282,"HOLDER_PROFIT_QOQ":-8.051797154503,"ROE_YEARLY":8.595325947376,"ROIC_YEARLY":5.177233640074,"TOTAL_ASSETS":4163688434.88,"TOTAL_LIABILITIES":1979190075.64,"TAX_EBT":22.502072220654,"OCF_SALES":-7.588194322147,"TOTAL_PARENT_EQUITY":2165296920.4,"DEBT_ASSET_RATIO":47.5345383449,"OPERATE_PROFIT":119133166.13,"PRETAX_PROFIT":119702732.69,"NETCASH_OPERATE":-75515286.29,"NETCASH_INVEST":-26713148.02,"NETCASH_FINANCE":-31373927.28,"END_CASH":526203335.97,"DIVI_RATIO":null,"DIVIDEND_RATE":null,"CURRENT_RATIO":1.940656058548,"COMMON_ACS":null,"CURRENTDEBT_DEBT":99.127314231585,"ISSUED_COMMON_SHARES":376000000,"HK_COMMON_SHARES":94000000,"PER_SHARES":500,"TOTAL_MARKET_CAP":545200000,"HKSK_MARKET_CAP":136300000,"PE_TTM":4.214092103686,"PB_TTM":0.229803650165,"REPORT_DATE_SQ":"2023-06-30 00:00:00","REPORT_TYPE_SQ":"2023年中报","OPERATE_INCOME_SQ":947681981.57,"DPS_HKD":null,"OPERATE_INCOME_QOQ_SQ":-11.111535446802,"NET_PROFIT_RATIO_SQ":11.0444329034,"HOLDER_PROFIT_SQ":101271261.19,"HOLDER_PROFIT_QOQ_SQ":-36.00328637683,"ROE_AVG_SQ":4.58598794723,"PE_TTM_SQ":3.705402240703,"PB_TTM_SQ":0.246054618305,"ROA_SQ":2.433989434046,"START_DATE":"2024-01-01 00:00:00","FISCAL_YEAR":"12-31","CURRENCY":"HKD","IS_CNY_CODE":0,"DPS_HKD_LY":null,"ORG_TYPE":"一般企业","PREMIUM_INCOME":null,"PREMIUM_INCOME_YOY":null,"NET_INTEREST_INCOME":null,"NET_INTEREST_INCOME_YOY":null,"FEE_COMMISSION_INCOME":null,"FEE_COMMISSION_INCOME_YOY":null,"ACCOUNTS_RECE_TDAYS":0.488363034036,"INVENTORY_TDAYS":3.085594588891,"CURRENT_ASSETS_TDAYS":0.261241679732,"TOTAL_ASSETS_TDAYS":0.239283095696,"PREMIUM_EXPENSE":null,"LOAN_DEPOSIT":null,"LOAN_EQUITY":null,"LOAN_ASSETS":null,"DEPOSIT_EQUITY":null,"DEPOSIT_ASSETS":null,"EQUITY_MULTIPLIER":1.906015821559,"EQUITY_RATIO":0.914050196531},{"SECUCODE":"02146.HK","SECURITY_CODE":"02146","SECURITY_NAME_ABBR":"荣万家","ORG_CODE":"10000103243","STD_REPORT_DATE":"2023-12-31 00:00:00","REPORT_DATE":"2023-12-31 00:00:00","DATE_TYPE_CODE":"001","REPORT_TYPE":"2023年年报","PER_NETCASH_OPERATE":-0.035933451622,"PER_OI":4.872065630293,"BPS":5.516482268617,"BASIC_EPS":0.34,"DILUTED_EPS":0.34,"OPERATE_INCOME":1831896676.99,"OPERATE_INCOME_YOY":-9.081144115,"GROSS_PROFIT":456881328.39,"GROSS_PROFIT_YOY":-28.886846365954,"HOLDER_PROFIT":126327993.55,"HOLDER_PROFIT_YOY":-47.8257887768,"GROSS_PROFIT_RATIO":24.940343750211,"EPS_TTM":0.33597870625,"OPERATE_INCOME_QOQ":7.832785406903,"NET_PROFIT_RATIO":7.1342519249,"ROE_AVG":6.066754133015,"GROSS_PROFIT_QOQ":-8.959720984419,"ROA":3.116203867771,"HOLDER_PROFIT_QOQ":-16.205130698766,"ROE_YEARLY":6.066754133015,"ROIC_YEARLY":3.850854578611,"TOTAL_ASSETS":4154225189.29,"TOTAL_LIABILITIES":2061107854.15,"TAX_EBT":21.581159826256,"OCF_SALES":-0.737540385313,"TOTAL_PARENT_EQUITY":2074197333,"DEBT_ASSET_RATIO":49.6147358469,"OPERATE_PROFIT":156651874.87,"PRETAX_PROFIT":166659088.11,"NETCASH_OPERATE":-13510977.81,"NETCASH_INVEST":-113669273.03,"NETCASH_FINANCE":-38246048.81,"END_CASH":659310214.32,"DIVI_RATIO":null,"DIVIDEND_RATE":null,"CURRENT_RATIO":1.865543131929,"COMMON_ACS":null,"CURRENTDEBT_DEBT":99.122529925177,"ISSUED_COMMON_SHARES":376000000,"HK_COMMON_SHARES":94000000,"PER_SHARES":500,"TOTAL_MARKET_CAP":548960000,"HKSK_MARKET_CAP":137240000,"PE_TTM":4.243154807849,"PB_TTM":0.231388502925,"REPORT_DATE_SQ":"2022-12-31 00:00:00","REPORT_TYPE_SQ":"2022年年报","OPERATE_INCOME_SQ":2014869917.97,"DPS_HKD":null,"OPERATE_INCOME_QOQ_SQ":-15.348761087627,"NET_PROFIT_RATIO_SQ":12.3593755104,"HOLDER_PROFIT_SQ":242127270.52,"HOLDER_PROFIT_QOQ_SQ":-29.597716257224,"ROE_AVG_SQ":11.670622059581,"PE_TTM_SQ":3.849768561769,"PB_TTM_SQ":0.255641161875,"ROA_SQ":6.138885035421,"START_DATE":"2023-01-01 00:00:00","FISCAL_YEAR":"12-31","CURRENCY":"HKD","IS_CNY_CODE":0,"DPS_HKD_LY":0.21956,"ORG_TYPE":"一般企业","PREMIUM_INCOME":null,"PREMIUM_INCOME_YOY":null,"NET_INTEREST_INCOME":null,"NET_INTEREST_INCOME_YOY":null,"FEE_COMMISSION_INCOME":null,"FEE_COMMISSION_INCOME_YOY":null,"ACCOUNTS_RECE_TDAYS":0.893781080527,"INVENTORY_TDAYS":27.571457143661,"CURRENT_ASSETS_TDAYS":0.490409622304,"TOTAL_ASSETS_TDAYS":0.451884285484,"PREMIUM_EXPENSE":null,"LOAN_DEPOSIT":null,"LOAN_EQUITY":null,"LOAN_ASSETS":null,"DEPOSIT_EQUITY":null,"DEPOSIT_ASSETS":null,"EQUITY_MULTIPLIER":1.984707268699,"EQUITY_RATIO":0.993689376299},{"SECUCODE":"02146.HK","SECURITY_CODE":"02146","SECURITY_NAME_ABBR":"荣万家","ORG_CODE":"10000103243","STD_REPORT_DATE":"2023-06-30 00:00:00","REPORT_DATE":"2023-06-30 00:00:00","DATE_TYPE_CODE":"002","REPORT_TYPE":"2023年中报","PER_NETCASH_OPERATE":-0.087939532101,"PER_OI":2.520430802048,"BPS":5.770463524654,"BASIC_EPS":0.27,"DILUTED_EPS":0.27,"OPERATE_INCOME":947681981.57,"OPERATE_INCOME_YOY":-19.4151223161,"GROSS_PROFIT":221475511.57,"GROSS_PROFIT_YOY":-32.744302182443,"HOLDER_PROFIT":101271261.19,"HOLDER_PROFIT_YOY":-46.4739470702,"GROSS_PROFIT_RATIO":23.889259526761,"EPS_TTM":0.40095379234,"OPERATE_INCOME_QOQ":-11.111535446802,"NET_PROFIT_RATIO":11.0444329034,"ROE_AVG":4.58598794723,"GROSS_PROFIT_QOQ":-19.132831272655,"ROA":2.433989434046,"HOLDER_PROFIT_QOQ":-36.00328637683,"ROE_YEARLY":9.17197589446,"ROIC_YEARLY":6.105762827375,"TOTAL_ASSETS":4073048801.44,"TOTAL_LIABILITIES":1893056111.84,"TAX_EBT":19.635270315547,"OCF_SALES":-3.751282338355,"TOTAL_PARENT_EQUITY":2169694285.27,"DEBT_ASSET_RATIO":46.4776192019,"OPERATE_PROFIT":128282466.54,"PRETAX_PROFIT":127512352.25,"NETCASH_OPERATE":-27998339.24,"NETCASH_INVEST":-43541918.17,"NETCASH_FINANCE":-2963193.6,"END_CASH":750571527.51,"DIVI_RATIO":null,"DIVIDEND_RATE":null,"CURRENT_RATIO":1.999026155344,"COMMON_ACS":null,"CURRENTDEBT_DEBT":99.501036316836,"ISSUED_COMMON_SHARES":376000000,"HK_COMMON_SHARES":94000000,"PER_SHARES":500,"TOTAL_MARKET_CAP":548960000,"HKSK_MARKET_CAP":137240000,"PE_TTM":4.243154807849,"PB_TTM":0.231388502925,"REPORT_DATE_SQ":"2022-06-30 00:00:00","REPORT_TYPE_SQ":"2022年中报","OPERATE_INCOME_SQ":1093801946.97,"DPS_HKD":null,"OPERATE_INCOME_QOQ_SQ":-9.144764432409,"NET_PROFIT_RATIO_SQ":17.0204465207,"HOLDER_PROFIT_SQ":182497569.04,"HOLDER_PROFIT_QOQ_SQ":-16.544484874558,"ROE_AVG_SQ":8.770267346317,"PE_TTM_SQ":3.849768561769,"PB_TTM_SQ":0.255641161875,"ROA_SQ":4.81834381667,"START_DATE":"2023-01-01 00:00:00","FISCAL_YEAR":"12-31","CURRENCY":"HKD","IS_CNY_CODE":0,"DPS_HKD_LY":0.21956,"ORG_TYPE":"一般企业","PREMIUM_INCOME":null,"PREMIUM_INCOME_YOY":null,"NET_INTEREST_INCOME":null,"NET_INTEREST_INCOME_YOY":null,"FEE_COMMISSION_INCOME":null,"FEE_COMMISSION_INCOME_YOY":null,"ACCOUNTS_RECE_TDAYS":0.467585112597,"INVENTORY_TDAYS":13.76929370612,"CURRENT_ASSETS_TDAYS":0.237427055546,"TOTAL_ASSETS_TDAYS":0.219628466253,"PREMIUM_EXPENSE":null,"LOAN_DEPOSIT":null,"LOAN_EQUITY":null,"LOAN_ASSETS":null,"DEPOSIT_EQUITY":null,"DEPOSIT_ASSETS":null,"EQUITY_MULTIPLIER":1.868377275242,"EQUITY_RATIO":0.872499008128},{"SECUCODE":"02146.HK","SECURITY_CODE":"02146","SECURITY_NAME_ABBR":"荣万家","ORG_CODE":"10000103243","STD_REPORT_DATE":"2022-12-31 00:00:00","REPORT_DATE":"2022-12-31 00:00:00","DATE_TYPE_CODE":"001","REPORT_TYPE":"2022年年报","PER_NETCASH_OPERATE":-1.564967331117,"PER_OI":5.358696590346,"BPS":5.506126464601,"BASIC_EPS":0.64,"DILUTED_EPS":0.64,"OPERATE_INCOME":2014869917.97,"OPERATE_INCOME_YOY":-25.4455091784,"GROSS_PROFIT":642470914.37,"GROSS_PROFIT_YOY":-26.238560479156,"HOLDER_PROFIT":242127270.52,"HOLDER_PROFIT_YOY":-40.9525255976,"GROSS_PROFIT_RATIO":32.470789233389,"EPS_TTM":0.626522472234,"OPERATE_INCOME_QOQ":-15.348761087627,"NET_PROFIT_RATIO":12.3593755104,"ROE_AVG":11.670622059581,"GROSS_PROFIT_QOQ":-14.455645655208,"ROA":6.138885035421,"HOLDER_PROFIT_QOQ":-29.597716257224,"ROE_YEARLY":11.670622059581,"ROIC_YEARLY":7.98986290387,"TOTAL_ASSETS":4052730066.25,"TOTAL_LIABILITIES":1953338522.35,"TAX_EBT":24.531116989893,"OCF_SALES":-30.788488879364,"TOTAL_PARENT_EQUITY":2090401751.79,"DEBT_ASSET_RATIO":47.6253001965,"OPERATE_PROFIT":304545621.09,"PRETAX_PROFIT":325399885.39,"NETCASH_OPERATE":-573883932.28,"NETCASH_INVEST":549332741.85,"NETCASH_FINANCE":-94494586.44,"END_CASH":824329666.82,"DIVI_RATIO":null,"DIVIDEND_RATE":null,"CURRENT_RATIO":1.953744989806,"COMMON_ACS":null,"CURRENTDEBT_DEBT":99.060021875885,"ISSUED_COMMON_SHARES":376000000,"HK_COMMON_SHARES":94000000,"PER_SHARES":500,"TOTAL_MARKET_CAP":548960000,"HKSK_MARKET_CAP":137240000,"PE_TTM":4.243154807849,"PB_TTM":0.231388502925,"REPORT_DATE_SQ":"2021-12-31 00:00:00","REPORT_TYPE_SQ":"2021年年报","OPERATE_INCOME_SQ":2563485932.42,"DPS_HKD":null,"OPERATE_INCOME_QOQ_SQ":6.51099577723,"NET_PROFIT_RATIO_SQ":16.107730128,"HOLDER_PROFIT_SQ":398954319.29,"HOLDER_PROFIT_QOQ_SQ":-1.290771387985,"ROE_AVG_SQ":30.732558936124,"PE_TTM_SQ":3.849768561769,"PB_TTM_SQ":0.255641161875,"ROA_SQ":14.366714626419,"START_DATE":"2022-01-01 00:00:00","FISCAL_YEAR":"12-31","CURRENCY":"HKD","IS_CNY_CODE":0,"DPS_HKD_LY":0.28391,"ORG_TYPE":"一般企业","PREMIUM_INCOME":null,"PREMIUM_INCOME_YOY":null,"NET_INTEREST_INCOME":null,"NET_INTEREST_INCOME_YOY":null,"FEE_COMMISSION_INCOME":null,"FEE_COMMISSION_INCOME_YOY":null,"ACCOUNTS_RECE_TDAYS":1.134081521464,"INVENTORY_TDAYS":30.38127782124,"CURRENT_ASSETS_TDAYS":0.53636139221,"TOTAL_ASSETS_TDAYS":0.498046335954,"PREMIUM_EXPENSE":null,"LOAN_DEPOSIT":null,"LOAN_EQUITY":null,"LOAN_ASSETS":null,"DEPOSIT_EQUITY":null,"DEPOSIT_ASSETS":null,"EQUITY_MULTIPLIER":1.909318819491,"EQUITY_RATIO":0.934432111281},{"SECUCODE":"02146.HK","SECURITY_CODE":"02146","SECURITY_NAME_ABBR":"荣万家","ORG_CODE":"10000103243","STD_REPORT_DATE":"2022-06-30 00:00:00","REPORT_DATE":"2022-06-30 00:00:00","DATE_TYPE_CODE":"002","REPORT_TYPE":"2022年中报","PER_NETCASH_OPERATE":-1.511844415399,"PER_OI":2.909047731303,"BPS":5.741658424362,"BASIC_EPS":0.49,"DILUTED_EPS":0.49,"OPERATE_INCOME":1093801946.97,"OPERATE_INCOME_YOY":-17.6046982694,"GROSS_PROFIT":329303715.16,"GROSS_PROFIT_YOY":-26.817592207864,"HOLDER_PROFIT":182497569.04,"HOLDER_PROFIT_YOY":-26.8291363004,"GROSS_PROFIT_RATIO":30.10174208138,"EPS_TTM":0.889917825,"OPERATE_INCOME_QOQ":-9.144764432409,"NET_PROFIT_RATIO":17.0204465207,"ROE_AVG":8.770267346317,"GROSS_PROFIT_QOQ":-15.179087448055,"ROA":4.81834381667,"HOLDER_PROFIT_QOQ":-16.544484874558,"ROE_YEARLY":17.540534692634,"ROIC_YEARLY":12.953331592044,"TOTAL_ASSETS":3788128106.92,"TOTAL_LIABILITIES":1626967977.8,"TAX_EBT":26.400559356167,"OCF_SALES":-53.447462376667,"TOTAL_PARENT_EQUITY":2158863567.56,"DEBT_ASSET_RATIO":42.9491276926,"OPERATE_PROFIT":228742631.82,"PRETAX_PROFIT":248946885.91,"NETCASH_OPERATE":-569512404.67,"NETCASH_INVEST":617390377.17,"NETCASH_FINANCE":60000,"END_CASH":988183696.97,"DIVI_RATIO":null,"DIVIDEND_RATE":null,"CURRENT_RATIO":2.184613938486,"COMMON_ACS":null,"CURRENTDEBT_DEBT":99.386948628609,"ISSUED_COMMON_SHARES":376000000,"HK_COMMON_SHARES":94000000,"PER_SHARES":500,"TOTAL_MARKET_CAP":548960000,"HKSK_MARKET_CAP":137240000,"PE_TTM":4.243154807849,"PB_TTM":0.231388502925,"REPORT_DATE_SQ":"2021-06-30 00:00:00","REPORT_TYPE_SQ":"2021年中报","OPERATE_INCOME_SQ":1290819169.25,"DPS_HKD":null,"OPERATE_INCOME_QOQ_SQ":29.101456043941,"NET_PROFIT_RATIO_SQ":19.1544283126,"HOLDER_PROFIT_SQ":247245995.5,"HOLDER_PROFIT_QOQ_SQ":54.000667283398,"ROE_AVG_SQ":20.185297329124,"PE_TTM_SQ":3.849768561769,"PB_TTM_SQ":0.255641161875,"ROA_SQ":9.455770943676,"START_DATE":"2022-01-01 00:00:00","FISCAL_YEAR":"12-31","CURRENCY":"HKD","IS_CNY_CODE":0,"DPS_HKD_LY":0.28391,"ORG_TYPE":"一般企业","PREMIUM_INCOME":null,"PREMIUM_INCOME_YOY":null,"NET_INTEREST_INCOME":null,"NET_INTEREST_INCOME_YOY":null,"FEE_COMMISSION_INCOME":null,"FEE_COMMISSION_INCOME_YOY":null,"ACCOUNTS_RECE_TDAYS":0.675589458915,"INVENTORY_TDAYS":18.457013248009,"CURRENT_ASSETS_TDAYS":0.303900745473,"TOTAL_ASSETS_TDAYS":0.28326844152,"PREMIUM_EXPENSE":null,"LOAN_DEPOSIT":null,"LOAN_EQUITY":null,"LOAN_ASSETS":null,"DEPOSIT_EQUITY":null,"DEPOSIT_ASSETS":null,"EQUITY_MULTIPLIER":1.752821577577,"EQUITY_RATIO":0.753622416093},{"SECUCODE":"02146.HK","SECURITY_CODE":"02146","SECURITY_NAME_ABBR":"荣万家","ORG_CODE":"10000103243","STD_REPORT_DATE":"2021-12-31 00:00:00","REPORT_DATE":"2021-12-31 00:00:00","DATE_TYPE_CODE":"001","REPORT_TYPE":"2021年年报","PER_NETCASH_OPERATE":0.286987717473,"PER_OI":6.81778173516,"BPS":5.251160769441,"BASIC_EPS":1.06,"DILUTED_EPS":1.06,"OPERATE_INCOME":2563485932.42,"OPERATE_INCOME_YOY":36.4738864629,"GROSS_PROFIT":871011898.01,"GROSS_PROFIT_YOY":62.754739717245,"HOLDER_PROFIT":398954319.29,"HOLDER_PROFIT_YOY":52.0130228231,"GROSS_PROFIT_RATIO":34.417698730358,"EPS_TTM":1.066337945027,"OPERATE_INCOME_QOQ":6.51099577723,"NET_PROFIT_RATIO":16.107730128,"ROE_AVG":30.732558936124,"GROSS_PROFIT_QOQ":15.741896911276,"ROA":14.366714626419,"HOLDER_PROFIT_QOQ":-1.290771387985,"ROE_YEARLY":30.732558936124,"ROIC_YEARLY":19.801552182264,"TOTAL_ASSETS":3772618934.24,"TOTAL_LIABILITIES":1806229221.74,"TAX_EBT":23.84952012678,"OCF_SALES":4.342398594704,"TOTAL_PARENT_EQUITY":1966712614.47,"DEBT_ASSET_RATIO":46.8834513152,"OPERATE_PROFIT":529911905,"PRETAX_PROFIT":522059080.72,"NETCASH_OPERATE":103703508.56,"NETCASH_INVEST":-738596517.07,"NETCASH_FINANCE":949412110.69,"END_CASH":918715148.68,"DIVI_RATIO":null,"DIVIDEND_RATE":null,"CURRENT_RATIO":2.002182985633,"COMMON_ACS":null,"CURRENTDEBT_DEBT":99.279348061512,"ISSUED_COMMON_SHARES":376000000,"HK_COMMON_SHARES":94000000,"PER_SHARES":500,"TOTAL_MARKET_CAP":548960000,"HKSK_MARKET_CAP":137240000,"PE_TTM":4.243154807849,"PB_TTM":0.231388502925,"REPORT_DATE_SQ":"2020-12-31 00:00:00","REPORT_TYPE_SQ":"2020年年报","OPERATE_INCOME_SQ":1820840523.52,"DPS_HKD":null,"OPERATE_INCOME_QOQ_SQ":23.876214063082,"NET_PROFIT_RATIO_SQ":14.5950794535,"HOLDER_PROFIT_SQ":263755736.11,"HOLDER_PROFIT_QOQ_SQ":62.635655090766,"ROE_AVG_SQ":52.034477112256,"PE_TTM_SQ":3.849768561769,"PB_TTM_SQ":0.255641161875,"ROA_SQ":14.551400861148,"START_DATE":"2021-01-01 00:00:00","FISCAL_YEAR":"12-31","CURRENCY":"HKD","IS_CNY_CODE":0,"DPS_HKD_LY":0.18008,"ORG_TYPE":"一般企业","PREMIUM_INCOME":null,"PREMIUM_INCOME_YOY":null,"NET_INTEREST_INCOME":null,"NET_INTEREST_INCOME_YOY":null,"FEE_COMMISSION_INCOME":null,"FEE_COMMISSION_INCOME_YOY":null,"ACCOUNTS_RECE_TDAYS":2.126368134748,"INVENTORY_TDAYS":47.388196786331,"CURRENT_ASSETS_TDAYS":0.955044369856,"TOTAL_ASSETS_TDAYS":0.890422706544,"PREMIUM_EXPENSE":null,"LOAN_DEPOSIT":null,"LOAN_EQUITY":null,"LOAN_ASSETS":null,"DEPOSIT_EQUITY":null,"DEPOSIT_ASSETS":null,"EQUITY_MULTIPLIER":1.882652440267,"EQUITY_RATIO":0.918400181323},{"SECUCODE":"02146.HK","SECURITY_CODE":"02146","SECURITY_NAME_ABBR":"荣万家","ORG_CODE":"10000103243","STD_REPORT_DATE":"2021-06-30 00:00:00","REPORT_DATE":"2021-06-30 00:00:00","DATE_TYPE_CODE":"002","REPORT_TYPE":"2021年中报","PER_NETCASH_OPERATE":0.350428191489,"PER_OI":3.433029705452,"BPS":4.827021276596,"BASIC_EPS":0.67,"DILUTED_EPS":0.67,"OPERATE_INCOME":1290819169.25,"OPERATE_INCOME_YOY":68.7543632584,"GROSS_PROFIT":449976606.53,"GROSS_PROFIT_YOY":105.888067264841,"HOLDER_PROFIT":247245995.5,"HOLDER_PROFIT_YOY":135.8857426347,"GROSS_PROFIT_RATIO":34.859728590918,"EPS_TTM":1.080281914894,"OPERATE_INCOME_QOQ":29.101456043941,"NET_PROFIT_RATIO":19.1544283126,"ROE_AVG":20.185297329124,"GROSS_PROFIT_QOQ":45.598237718807,"ROA":9.455770943676,"HOLDER_PROFIT_QOQ":54.000667283398,"ROE_YEARLY":40.370594658248,"ROIC_YEARLY":27.653739382917,"TOTAL_ASSETS":3369146000,"TOTAL_LIABILITIES":1553938000,"TAX_EBT":24.78033110051,"OCF_SALES":10.207550400172,"TOTAL_PARENT_EQUITY":1814960000,"DEBT_ASSET_RATIO":46.122607925,"OPERATE_PROFIT":326448265.28,"PRETAX_PROFIT":328703131.93,"NETCASH_OPERATE":127546384.02,"NETCASH_INVEST":-686073402.38,"NETCASH_FINANCE":1006369375.31,"END_CASH":1049779688.97,"DIVI_RATIO":null,"DIVIDEND_RATE":null,"CURRENT_RATIO":2.134326017575,"COMMON_ACS":null,"CURRENTDEBT_DEBT":98.074440550395,"ISSUED_COMMON_SHARES":376000000,"HK_COMMON_SHARES":94000000,"PER_SHARES":500,"TOTAL_MARKET_CAP":548960000,"HKSK_MARKET_CAP":137240000,"PE_TTM":4.243154807849,"PB_TTM":0.231388502925,"REPORT_DATE_SQ":"2020-06-30 00:00:00","REPORT_TYPE_SQ":"2020年中报","OPERATE_INCOME_SQ":764910000,"DPS_HKD":null,"OPERATE_INCOME_QOQ_SQ":16.653619335106,"NET_PROFIT_RATIO_SQ":13.703050032,"HOLDER_PROFIT_SQ":104816000,"HOLDER_PROFIT_QOQ_SQ":46.971770356609,"ROE_AVG_SQ":21.177687620218,"PE_TTM_SQ":3.849768561769,"PB_TTM_SQ":0.255641161875,"ROA_SQ":5.904404926271,"START_DATE":"2021-01-01 00:00:00","FISCAL_YEAR":"12-31","CURRENCY":"HKD","IS_CNY_CODE":0,"DPS_HKD_LY":0.18008,"ORG_TYPE":"一般企业","PREMIUM_INCOME":null,"PREMIUM_INCOME_YOY":null,"NET_INTEREST_INCOME":null,"NET_INTEREST_INCOME_YOY":null,"FEE_COMMISSION_INCOME":null,"FEE_COMMISSION_INCOME_YOY":null,"ACCOUNTS_RECE_TDAYS":1.099009942243,"INVENTORY_TDAYS":24.740863885129,"CURRENT_ASSETS_TDAYS":0.517397889274,"TOTAL_ASSETS_TDAYS":0.493665773915,"PREMIUM_EXPENSE":null,"LOAN_DEPOSIT":null,"LOAN_EQUITY":null,"LOAN_ASSETS":null,"DEPOSIT_EQUITY":null,"DEPOSIT_ASSETS":null,"EQUITY_MULTIPLIER":1.856066081684,"EQUITY_RATIO":0.856183056376},{"SECUCODE":"02146.HK","SECURITY_CODE":"02146","SECURITY_NAME_ABBR":"荣万家","ORG_CODE":"10000103243","STD_REPORT_DATE":"2020-12-31 00:00:00","REPORT_DATE":"2020-12-31 00:00:00","DATE_TYPE_CODE":"001","REPORT_TYPE":"2020年年报","PER_NETCASH_OPERATE":0.053684397163,"PER_OI":6.456881289078,"BPS":1.688308510638,"BASIC_EPS":0.97,"DILUTED_EPS":0.97,"OPERATE_INCOME":1820840523.52,"OPERATE_INCOME_YOY":40.9595963929,"GROSS_PROFIT":535168376.37,"GROSS_PROFIT_YOY":128.923574862261,"HOLDER_PROFIT":263755736.11,"HOLDER_PROFIT_YOY":132.9341528896,"GROSS_PROFIT_RATIO":28.084112227106,"EPS_TTM":0.935304964539,"OPERATE_INCOME_QOQ":23.876214063082,"NET_PROFIT_RATIO":14.5950794535,"ROE_AVG":52.034477112256,"GROSS_PROFIT_QOQ":51.926910895713,"ROA":14.551400861148,"HOLDER_PROFIT_QOQ":62.635655090766,"ROE_YEARLY":52.034477112256,"ROIC_YEARLY":18.835630989996,"TOTAL_ASSETS":1862071002.44,"TOTAL_LIABILITIES":1227267731.99,"TAX_EBT":26.700371938074,"OCF_SALES":0.83772466919,"TOTAL_PARENT_EQUITY":634803270.45,"DEBT_ASSET_RATIO":65.8777239059,"OPERATE_PROFIT":353422636.84,"PRETAX_PROFIT":359832298.04,"NETCASH_OPERATE":15159347.87,"NETCASH_INVEST":-392599559.78,"NETCASH_FINANCE":751759079.6,"END_CASH":603185712.47,"DIVI_RATIO":null,"DIVIDEND_RATE":null,"CURRENT_RATIO":1.460915335696,"COMMON_ACS":null,"CURRENTDEBT_DEBT":98.494559134213,"ISSUED_COMMON_SHARES":376000000,"HK_COMMON_SHARES":94000000,"PER_SHARES":500,"TOTAL_MARKET_CAP":548960000,"HKSK_MARKET_CAP":137240000,"PE_TTM":4.243154807849,"PB_TTM":0.231388502925,"REPORT_DATE_SQ":"2019-12-31 00:00:00","REPORT_TYPE_SQ":"2019年年报","OPERATE_INCOME_SQ":1282039000,"DPS_HKD":null,"OPERATE_INCOME_QOQ_SQ":42.29399897823,"NET_PROFIT_RATIO_SQ":8.817623893,"HOLDER_PROFIT_SQ":113232000,"HOLDER_PROFIT_QOQ_SQ":47.500334179922,"ROE_AVG_SQ":38.529694699003,"PE_TTM_SQ":3.849768561769,"PB_TTM_SQ":0.255641161875,"ROA_SQ":5.596790182882,"START_DATE":"2020-01-01 00:00:00","FISCAL_YEAR":"12-31","CURRENCY":"HKD","IS_CNY_CODE":0,"DPS_HKD_LY":null,"ORG_TYPE":"一般企业","PREMIUM_INCOME":null,"PREMIUM_INCOME_YOY":null,"NET_INTEREST_INCOME":null,"NET_INTEREST_INCOME_YOY":null,"FEE_COMMISSION_INCOME":null,"FEE_COMMISSION_INCOME_YOY":null,"ACCOUNTS_RECE_TDAYS":2.252076985468,"INVENTORY_TDAYS":59.606622789919,"CURRENT_ASSETS_TDAYS":1.085844568875,"TOTAL_ASSETS_TDAYS":0.997007306982,"PREMIUM_EXPENSE":null,"LOAN_DEPOSIT":null,"LOAN_EQUITY":null,"LOAN_ASSETS":null,"DEPOSIT_EQUITY":null,"DEPOSIT_ASSETS":null,"EQUITY_MULTIPLIER":2.930636857994,"EQUITY_RATIO":1.933304047284},{"SECUCODE":"02146.HK","SECURITY_CODE":"02146","SECURITY_NAME_ABBR":"荣万家","ORG_CODE":"10000103243","STD_REPORT_DATE":"2020-06-30 00:00:00","REPORT_DATE":"2020-06-30 00:00:00","DATE_TYPE_CODE":"002","REPORT_TYPE":"2020年中报","PER_NETCASH_OPERATE":0.198939716312,"PER_OI":2.712446808511,"BPS":1.624739361702,"BASIC_EPS":0.4,"DILUTED_EPS":0.4,"OPERATE_INCOME":764910000,"OPERATE_INCOME_YOY":37.41457736,"GROSS_PROFIT":218554000,"GROSS_PROFIT_YOY":93.135444190136,"HOLDER_PROFIT":104816000,"HOLDER_PROFIT_YOY":97.8220251014,"GROSS_PROFIT_RATIO":28.572511798774,"EPS_TTM":0.575092198582,"OPERATE_INCOME_QOQ":16.653619335106,"NET_PROFIT_RATIO":13.703050032,"ROE_AVG":21.177687620218,"GROSS_PROFIT_QOQ":46.090569173245,"ROA":5.904404926271,"HOLDER_PROFIT_QOQ":46.971770356609,"ROE_YEARLY":42.355375240435,"ROIC_YEARLY":16.549674800374,"TOTAL_ASSETS":1785651000,"TOTAL_LIABILITIES":1174749000,"TAX_EBT":28.301034961591,"OCF_SALES":7.334326914278,"TOTAL_PARENT_EQUITY":610902000,"DEBT_ASSET_RATIO":65.7882755365,"OPERATE_PROFIT":147345000,"PRETAX_PROFIT":146189000,"NETCASH_OPERATE":56101000,"NETCASH_INVEST":636507000,"NETCASH_FINANCE":-125778000,"END_CASH":795697000,"DIVI_RATIO":null,"DIVIDEND_RATE":null,"CURRENT_RATIO":1.470910078176,"COMMON_ACS":null,"CURRENTDEBT_DEBT":96.725938902693,"ISSUED_COMMON_SHARES":376000000,"HK_COMMON_SHARES":94000000,"PER_SHARES":500,"TOTAL_MARKET_CAP":548960000,"HKSK_MARKET_CAP":137240000,"PE_TTM":4.243154807849,"PB_TTM":0.231388502925,"REPORT_DATE_SQ":"2019-06-30 00:00:00","REPORT_TYPE_SQ":"2019年中报","OPERATE_INCOME_SQ":556644000,"DPS_HKD":null,"OPERATE_INCOME_QOQ_SQ":0,"NET_PROFIT_RATIO_SQ":9.5010455516,"HOLDER_PROFIT_SQ":52985000,"HOLDER_PROFIT_QOQ_SQ":0,"ROE_AVG_SQ":null,"PE_TTM_SQ":3.849768561769,"PB_TTM_SQ":0.255641161875,"ROA_SQ":null,"START_DATE":"2020-01-01 00:00:00","FISCAL_YEAR":"12-31","CURRENCY":"HKD","IS_CNY_CODE":0,"DPS_HKD_LY":null,"ORG_TYPE":"一般企业","PREMIUM_INCOME":null,"PREMIUM_INCOME_YOY":null,"NET_INTEREST_INCOME":null,"NET_INTEREST_INCOME_YOY":null,"FEE_COMMISSION_INCOME":null,"FEE_COMMISSION_INCOME_YOY":null,"ACCOUNTS_RECE_TDAYS":0.992886075309,"INVENTORY_TDAYS":36.189706564218,"CURRENT_ASSETS_TDAYS":0.468832744925,"TOTAL_ASSETS_TDAYS":0.430882534361,"PREMIUM_EXPENSE":null,"LOAN_DEPOSIT":null,"LOAN_EQUITY":null,"LOAN_ASSETS":null,"DEPOSIT_EQUITY":null,"DEPOSIT_ASSETS":null,"EQUITY_MULTIPLIER":2.922974552384,"EQUITY_RATIO":1.922974552383}],"count":13},"success":true,"message":"ok","code":0}