{"version":"da69360691fe2b20ab15cc3df942a96b","result":{"pages":1,"data":[{"SECUCODE":"02147.HK","SECURITY_CODE":"02147","SECURITY_NAME_ABBR":"正味集团","ORG_CODE":"10000375538","STD_REPORT_DATE":"2024-06-30 00:00:00","REPORT_DATE":"2024-06-30 00:00:00","DATE_TYPE_CODE":"002","REPORT_TYPE":"2024年中报","PER_NETCASH_OPERATE":-0.01241875,"PER_OI":0.310527083333,"BPS":0.3715875,"BASIC_EPS":-0.05,"DILUTED_EPS":-0.05,"OPERATE_INCOME":298106000,"OPERATE_INCOME_YOY":55.4886763126,"GROSS_PROFIT":1087000,"GROSS_PROFIT_YOY":-98.316347077228,"HOLDER_PROFIT":-40570000,"HOLDER_PROFIT_YOY":-236.774324051,"GROSS_PROFIT_RATIO":0.364635398147,"EPS_TTM":-0.002828125,"OPERATE_INCOME_QOQ":23.895025762892,"NET_PROFIT_RATIO":-13.6092530845,"ROE_AVG":-9.511049532711,"GROSS_PROFIT_QOQ":-43.104033681923,"ROA":-8.137182833894,"HOLDER_PROFIT_QOQ":-104.02120947317,"ROE_YEARLY":-19.022099065423,"ROIC_YEARLY":-26.654008695238,"TOTAL_ASSETS":474375000,"TOTAL_LIABILITIES":58197000,"TAX_EBT":-93.957068413252,"OCF_SALES":-3.999248589428,"TOTAL_PARENT_EQUITY":416178000,"DEBT_ASSET_RATIO":12.2681422925,"OPERATE_PROFIT":-20772000,"PRETAX_PROFIT":-20917000,"NETCASH_OPERATE":-11922000,"NETCASH_INVEST":214000,"NETCASH_FINANCE":1648000,"END_CASH":189126000,"DIVI_RATIO":null,"DIVIDEND_RATE":null,"CURRENT_RATIO":6.101259515095,"COMMON_ACS":8000000000,"CURRENTDEBT_DEBT":100,"ISSUED_COMMON_SHARES":1120000000,"HK_COMMON_SHARES":1120000000,"PER_SHARES":4000,"TOTAL_MARKET_CAP":41440000,"HKSK_MARKET_CAP":41440000,"PE_TTM":-19.550984593376,"PB_TTM":0.090878083897,"REPORT_DATE_SQ":"2023-06-30 00:00:00","REPORT_TYPE_SQ":"2023年中报","OPERATE_INCOME_SQ":191722000,"DPS_HKD":null,"OPERATE_INCOME_QOQ_SQ":6.94022928594,"NET_PROFIT_RATIO_SQ":15.4713595727,"HOLDER_PROFIT_SQ":29662000,"HOLDER_PROFIT_QOQ_SQ":18.82990341992,"ROE_AVG_SQ":9.097949725408,"PE_TTM_SQ":4.862957240697,"PB_TTM_SQ":0.683964899622,"ROA_SQ":6.873100669306,"START_DATE":"2024-01-01 00:00:00","FISCAL_YEAR":"12-31","CURRENCY":"HKD","IS_CNY_CODE":0,"DPS_HKD_LY":null,"ORG_TYPE":"一般企业","PREMIUM_INCOME":null,"PREMIUM_INCOME_YOY":null,"NET_INTEREST_INCOME":null,"NET_INTEREST_INCOME_YOY":null,"FEE_COMMISSION_INCOME":null,"FEE_COMMISSION_INCOME_YOY":null,"ACCOUNTS_RECE_TDAYS":3.938434302399,"INVENTORY_TDAYS":3.349485768415,"CURRENT_ASSETS_TDAYS":0.792071473646,"TOTAL_ASSETS_TDAYS":0.597915461149,"PREMIUM_EXPENSE":null,"LOAN_DEPOSIT":null,"LOAN_EQUITY":null,"LOAN_ASSETS":null,"DEPOSIT_EQUITY":null,"DEPOSIT_ASSETS":null,"EQUITY_MULTIPLIER":1.1398368006,"EQUITY_RATIO":0.1398368006},{"SECUCODE":"02147.HK","SECURITY_CODE":"02147","SECURITY_NAME_ABBR":"正味集团","ORG_CODE":"10000375538","STD_REPORT_DATE":"2023-12-31 00:00:00","REPORT_DATE":"2023-12-31 00:00:00","DATE_TYPE_CODE":"001","REPORT_TYPE":"2023年年报","PER_NETCASH_OPERATE":0.04574375,"PER_OI":0.5565175,"BPS":0.390120535714,"BASIC_EPS":0.09,"DILUTED_EPS":0.09,"OPERATE_INCOME":445214000,"OPERATE_INCOME_YOY":24.7632738961,"GROSS_PROFIT":147260000,"GROSS_PROFIT_YOY":23.482256657946,"HOLDER_PROFIT":67517000,"HOLDER_PROFIT_YOY":44.5853052659,"GROSS_PROFIT_RATIO":33.076228510334,"EPS_TTM":0.08439625,"OPERATE_INCOME_QOQ":16.666360946823,"NET_PROFIT_RATIO":15.165066687,"ROE_AVG":19.4187350801,"GROSS_PROFIT_QOQ":13.408651587613,"ROA":15.011033110448,"HOLDER_PROFIT_QOQ":21.674175527122,"ROE_YEARLY":19.4187350801,"ROIC_YEARLY":24.843068137497,"TOTAL_ASSETS":522776000,"TOTAL_LIABILITIES":85841000,"TAX_EBT":11.971472900559,"OCF_SALES":8.219642688685,"TOTAL_PARENT_EQUITY":436935000,"DEBT_ASSET_RATIO":16.4202258711,"OPERATE_PROFIT":79603000,"PRETAX_PROFIT":76699000,"NETCASH_OPERATE":36595000,"NETCASH_INVEST":-79909000,"NETCASH_FINANCE":85669000,"END_CASH":199186000,"DIVI_RATIO":null,"DIVIDEND_RATE":null,"CURRENT_RATIO":4.632401766056,"COMMON_ACS":8000000000,"CURRENTDEBT_DEBT":100,"ISSUED_COMMON_SHARES":1120000000,"HK_COMMON_SHARES":1120000000,"PER_SHARES":4000,"TOTAL_MARKET_CAP":36960000,"HKSK_MARKET_CAP":36960000,"PE_TTM":-17.437364637336,"PB_TTM":0.081053426178,"REPORT_DATE_SQ":"2022-12-31 00:00:00","REPORT_TYPE_SQ":"2022年年报","OPERATE_INCOME_SQ":356847000,"DPS_HKD":null,"OPERATE_INCOME_QOQ_SQ":-1.79216697536,"NET_PROFIT_RATIO_SQ":13.0860004428,"HOLDER_PROFIT_SQ":46697000,"HOLDER_PROFIT_QOQ_SQ":-10.88358778626,"ROE_AVG_SQ":19.867639832284,"PE_TTM_SQ":3.530640188452,"PB_TTM_SQ":0.49657725589,"ROA_SQ":12.584231510838,"START_DATE":"2023-01-01 00:00:00","FISCAL_YEAR":"12-31","CURRENCY":"HKD","IS_CNY_CODE":0,"DPS_HKD_LY":null,"ORG_TYPE":"一般企业","PREMIUM_INCOME":null,"PREMIUM_INCOME_YOY":null,"NET_INTEREST_INCOME":null,"NET_INTEREST_INCOME_YOY":null,"FEE_COMMISSION_INCOME":null,"FEE_COMMISSION_INCOME_YOY":null,"ACCOUNTS_RECE_TDAYS":5.696333068912,"INVENTORY_TDAYS":3.153903558216,"CURRENT_ASSETS_TDAYS":1.230962772289,"TOTAL_ASSETS_TDAYS":0.989842868498,"PREMIUM_EXPENSE":null,"LOAN_DEPOSIT":null,"LOAN_EQUITY":null,"LOAN_ASSETS":null,"DEPOSIT_EQUITY":null,"DEPOSIT_ASSETS":null,"EQUITY_MULTIPLIER":1.196461716273,"EQUITY_RATIO":0.196461716274},{"SECUCODE":"02147.HK","SECURITY_CODE":"02147","SECURITY_NAME_ABBR":"正味集团","ORG_CODE":"10000375538","STD_REPORT_DATE":"2023-06-30 00:00:00","REPORT_DATE":"2023-06-30 00:00:00","DATE_TYPE_CODE":"002","REPORT_TYPE":"2023年中报","PER_NETCASH_OPERATE":0.0465625,"PER_OI":0.2396525,"BPS":0.351441071429,"BASIC_EPS":0.04,"DILUTED_EPS":0.04,"OPERATE_INCOME":191722000,"OPERATE_INCOME_YOY":14.8338484391,"GROSS_PROFIT":64562000,"GROSS_PROFIT_YOY":19.627934555022,"HOLDER_PROFIT":29662000,"HOLDER_PROFIT_YOY":42.1342661364,"GROSS_PROFIT_RATIO":33.674799970791,"EPS_TTM":0.0693625,"OPERATE_INCOME_QOQ":6.94022928594,"NET_PROFIT_RATIO":15.4713595727,"ROE_AVG":9.097949725408,"GROSS_PROFIT_QOQ":8.882571946066,"ROA":6.873100669306,"HOLDER_PROFIT_QOQ":18.82990341992,"ROE_YEARLY":18.195899450817,"ROIC_YEARLY":28.974719649904,"TOTAL_ASSETS":486344000,"TOTAL_LIABILITIES":92730000,"TAX_EBT":16.590742927844,"OCF_SALES":19.429173490784,"TOTAL_PARENT_EQUITY":393614000,"DEBT_ASSET_RATIO":19.0667511062,"OPERATE_PROFIT":36830000,"PRETAX_PROFIT":35562000,"NETCASH_OPERATE":37250000,"NETCASH_INVEST":402000,"NETCASH_FINANCE":102331000,"END_CASH":296814000,"DIVI_RATIO":null,"DIVIDEND_RATE":null,"CURRENT_RATIO":4.857285550981,"COMMON_ACS":8000000000,"CURRENTDEBT_DEBT":97.167044106546,"ISSUED_COMMON_SHARES":1120000000,"HK_COMMON_SHARES":1120000000,"PER_SHARES":4000,"TOTAL_MARKET_CAP":36960000,"HKSK_MARKET_CAP":36960000,"PE_TTM":-17.437364637336,"PB_TTM":0.081053426178,"REPORT_DATE_SQ":"2022-06-30 00:00:00","REPORT_TYPE_SQ":"2022年中报","OPERATE_INCOME_SQ":166956000,"DPS_HKD":null,"OPERATE_INCOME_QOQ_SQ":6.245942958731,"NET_PROFIT_RATIO_SQ":12.4997005199,"HOLDER_PROFIT_SQ":20869000,"HOLDER_PROFIT_QOQ_SQ":8.506584941605,"ROE_AVG_SQ":9.396217919856,"PE_TTM_SQ":3.530640188452,"PB_TTM_SQ":0.49657725589,"ROA_SQ":5.669267808996,"START_DATE":"2023-01-01 00:00:00","FISCAL_YEAR":"12-31","CURRENCY":"HKD","IS_CNY_CODE":0,"DPS_HKD_LY":null,"ORG_TYPE":"一般企业","PREMIUM_INCOME":null,"PREMIUM_INCOME_YOY":null,"NET_INTEREST_INCOME":null,"NET_INTEREST_INCOME_YOY":null,"FEE_COMMISSION_INCOME":null,"FEE_COMMISSION_INCOME_YOY":null,"ACCOUNTS_RECE_TDAYS":3.035328947889,"INVENTORY_TDAYS":1.507108274517,"CURRENT_ASSETS_TDAYS":0.502307546193,"TOTAL_ASSETS_TDAYS":0.444246715164,"PREMIUM_EXPENSE":null,"LOAN_DEPOSIT":null,"LOAN_EQUITY":null,"LOAN_ASSETS":null,"DEPOSIT_EQUITY":null,"DEPOSIT_ASSETS":null,"EQUITY_MULTIPLIER":1.235586132607,"EQUITY_RATIO":0.235586132607},{"SECUCODE":"02147.HK","SECURITY_CODE":"02147","SECURITY_NAME_ABBR":"正味集团","ORG_CODE":"10000375538","STD_REPORT_DATE":"2022-12-31 00:00:00","REPORT_DATE":"2022-12-31 00:00:00","DATE_TYPE_CODE":"001","REPORT_TYPE":"2022年年报","PER_NETCASH_OPERATE":15.658154734762,"PER_OI":67.800387596899,"BPS":0.230754464286,"BASIC_EPS":0.08,"DILUTED_EPS":0.08,"OPERATE_INCOME":356847000,"OPERATE_INCOME_YOY":4.3418382564,"GROSS_PROFIT":119256000,"GROSS_PROFIT_YOY":9.933628318584,"HOLDER_PROFIT":46697000,"HOLDER_PROFIT_YOY":-3.3028244844,"GROSS_PROFIT_RATIO":33.419364601636,"EPS_TTM":8.872359021128,"OPERATE_INCOME_QOQ":-1.79216697536,"NET_PROFIT_RATIO":13.0860004428,"ROE_AVG":19.867639832284,"GROSS_PROFIT_QOQ":-0.639872025595,"ROA":12.584231510838,"HOLDER_PROFIT_QOQ":-10.88358778626,"ROE_YEARLY":19.867639832284,"ROIC_YEARLY":20.391747580235,"TOTAL_ASSETS":376789000,"TOTAL_LIABILITIES":118344000,"TAX_EBT":11.764261285264,"OCF_SALES":23.094491476739,"TOTAL_PARENT_EQUITY":258445000,"DEBT_ASSET_RATIO":31.4085602287,"OPERATE_PROFIT":56181000,"PRETAX_PROFIT":52923000,"NETCASH_OPERATE":82412000,"NETCASH_INVEST":-2470000,"NETCASH_FINANCE":-50432000,"END_CASH":156831000,"DIVI_RATIO":null,"DIVIDEND_RATE":null,"CURRENT_RATIO":2.789918197781,"COMMON_ACS":8000000000,"CURRENTDEBT_DEBT":98.648854187792,"ISSUED_COMMON_SHARES":1120000000,"HK_COMMON_SHARES":1120000000,"PER_SHARES":4000,"TOTAL_MARKET_CAP":36960000,"HKSK_MARKET_CAP":36960000,"PE_TTM":-17.437364637336,"PB_TTM":0.081053426178,"REPORT_DATE_SQ":"2021-12-31 00:00:00","REPORT_TYPE_SQ":"2021年年报","OPERATE_INCOME_SQ":341998000,"DPS_HKD":null,"OPERATE_INCOME_QOQ_SQ":20.894767912503,"NET_PROFIT_RATIO_SQ":14.1205504126,"HOLDER_PROFIT_SQ":48292000,"HOLDER_PROFIT_QOQ_SQ":17.960868609394,"ROE_AVG_SQ":25.771677411092,"PE_TTM_SQ":3.530640188452,"PB_TTM_SQ":0.49657725589,"ROA_SQ":13.381714999841,"START_DATE":"2022-01-01 00:00:00","FISCAL_YEAR":"12-31","CURRENCY":"HKD","IS_CNY_CODE":0,"DPS_HKD_LY":null,"ORG_TYPE":"一般企业","PREMIUM_INCOME":null,"PREMIUM_INCOME_YOY":null,"NET_INTEREST_INCOME":null,"NET_INTEREST_INCOME_YOY":null,"FEE_COMMISSION_INCOME":null,"FEE_COMMISSION_INCOME_YOY":null,"ACCOUNTS_RECE_TDAYS":5.611728351379,"INVENTORY_TDAYS":2.410500684827,"CURRENT_ASSETS_TDAYS":1.116694543844,"TOTAL_ASSETS_TDAYS":0.961656051127,"PREMIUM_EXPENSE":null,"LOAN_DEPOSIT":null,"LOAN_EQUITY":null,"LOAN_ASSETS":null,"DEPOSIT_EQUITY":null,"DEPOSIT_ASSETS":null,"EQUITY_MULTIPLIER":1.457907872082,"EQUITY_RATIO":0.457907872081},{"SECUCODE":"02147.HK","SECURITY_CODE":"02147","SECURITY_NAME_ABBR":"正味集团","ORG_CODE":"10000375538","STD_REPORT_DATE":"2022-06-30 00:00:00","REPORT_DATE":"2022-06-30 00:00:00","DATE_TYPE_CODE":"002","REPORT_TYPE":"2022年中报","PER_NETCASH_OPERATE":8.790671102151,"PER_OI":30.121196193548,"BPS":0.207646428571,"BASIC_EPS":0.03,"DILUTED_EPS":0.03,"OPERATE_INCOME":166956000,"OPERATE_INCOME_YOY":14.6715203132,"GROSS_PROFIT":53969000,"GROSS_PROFIT_YOY":27.210371243371,"HOLDER_PROFIT":20869000,"HOLDER_PROFIT_YOY":24.5092774894,"GROSS_PROFIT_RATIO":32.325283308177,"EPS_TTM":9.453692473118,"OPERATE_INCOME_QOQ":6.245942958731,"NET_PROFIT_RATIO":12.4997005199,"ROE_AVG":9.396217919856,"GROSS_PROFIT_QOQ":10.641592920354,"ROA":5.669267808996,"HOLDER_PROFIT_QOQ":8.506584941605,"ROE_YEARLY":18.792435839712,"ROIC_YEARLY":17.734475747771,"TOTAL_ASSETS":370853000,"TOTAL_LIABILITIES":138289000,"TAX_EBT":8.15509198134,"OCF_SALES":29.184335992717,"TOTAL_PARENT_EQUITY":232564000,"DEBT_ASSET_RATIO":37.2894381332,"OPERATE_PROFIT":24536000,"PRETAX_PROFIT":22722000,"NETCASH_OPERATE":48725000,"NETCASH_INVEST":-2059000,"NETCASH_FINANCE":-35792000,"END_CASH":138195000,"DIVI_RATIO":null,"DIVIDEND_RATE":null,"CURRENT_RATIO":2.349449366809,"COMMON_ACS":8000000000,"CURRENTDEBT_DEBT":98.100355053547,"ISSUED_COMMON_SHARES":1120000000,"HK_COMMON_SHARES":1120000000,"PER_SHARES":4000,"TOTAL_MARKET_CAP":36960000,"HKSK_MARKET_CAP":36960000,"PE_TTM":-17.437364637336,"PB_TTM":0.081053426178,"REPORT_DATE_SQ":"2021-06-30 00:00:00","REPORT_TYPE_SQ":"2021年中报","OPERATE_INCOME_SQ":145595000,"DPS_HKD":null,"OPERATE_INCOME_QOQ_SQ":0,"NET_PROFIT_RATIO_SQ":11.5120711563,"HOLDER_PROFIT_SQ":16761000,"HOLDER_PROFIT_QOQ_SQ":0,"ROE_AVG_SQ":null,"PE_TTM_SQ":3.530640188452,"PB_TTM_SQ":0.49657725589,"ROA_SQ":null,"START_DATE":"2022-01-01 00:00:00","FISCAL_YEAR":"12-31","CURRENCY":"HKD","IS_CNY_CODE":0,"DPS_HKD_LY":null,"ORG_TYPE":"一般企业","PREMIUM_INCOME":null,"PREMIUM_INCOME_YOY":null,"NET_INTEREST_INCOME":null,"NET_INTEREST_INCOME_YOY":null,"FEE_COMMISSION_INCOME":null,"FEE_COMMISSION_INCOME_YOY":null,"ACCOUNTS_RECE_TDAYS":2.66054738855,"INVENTORY_TDAYS":1.109635791345,"CURRENT_ASSETS_TDAYS":0.528228938439,"TOTAL_ASSETS_TDAYS":0.453552291111,"PREMIUM_EXPENSE":null,"LOAN_DEPOSIT":null,"LOAN_EQUITY":null,"LOAN_ASSETS":null,"DEPOSIT_EQUITY":null,"DEPOSIT_ASSETS":null,"EQUITY_MULTIPLIER":1.594627715382,"EQUITY_RATIO":0.594627715382},{"SECUCODE":"02147.HK","SECURITY_CODE":"02147","SECURITY_NAME_ABBR":"正味集团","ORG_CODE":"10000375538","STD_REPORT_DATE":"2021-12-31 00:00:00","REPORT_DATE":"2021-12-31 00:00:00","DATE_TYPE_CODE":"001","REPORT_TYPE":"2021年年报","PER_NETCASH_OPERATE":4.639864258065,"PER_OI":58.614963672043,"BPS":0.188960714286,"BASIC_EPS":0.08,"DILUTED_EPS":0.08,"OPERATE_INCOME":341998000,"OPERATE_INCOME_YOY":20.8947679125,"GROSS_PROFIT":108480000,"GROSS_PROFIT_YOY":19.750960392105,"HOLDER_PROFIT":48292000,"HOLDER_PROFIT_YOY":17.9608686094,"GROSS_PROFIT_RATIO":31.719483739671,"EPS_TTM":8.276755494624,"OPERATE_INCOME_QOQ":20.894767912503,"NET_PROFIT_RATIO":14.1205504126,"ROE_AVG":25.771677411092,"GROSS_PROFIT_QOQ":19.750960392105,"ROA":13.381714999841,"HOLDER_PROFIT_QOQ":17.960868609394,"ROE_YEARLY":25.771677411092,"ROIC_YEARLY":21.363320666575,"TOTAL_ASSETS":365362000,"TOTAL_LIABILITIES":153726000,"TAX_EBT":16.513380817371,"OCF_SALES":7.915835765121,"TOTAL_PARENT_EQUITY":211636000,"DEBT_ASSET_RATIO":42.0749831674,"OPERATE_PROFIT":63994000,"PRETAX_PROFIT":57844000,"NETCASH_OPERATE":27072000,"NETCASH_INVEST":-7187000,"NETCASH_FINANCE":-34902000,"END_CASH":127321000,"DIVI_RATIO":null,"DIVIDEND_RATE":null,"CURRENT_RATIO":2.087968021319,"COMMON_ACS":8000000000,"CURRENTDEBT_DEBT":97.641257822359,"ISSUED_COMMON_SHARES":1120000000,"HK_COMMON_SHARES":1120000000,"PER_SHARES":4000,"TOTAL_MARKET_CAP":36960000,"HKSK_MARKET_CAP":36960000,"PE_TTM":-17.437364637336,"PB_TTM":0.081053426178,"REPORT_DATE_SQ":"2020-12-31 00:00:00","REPORT_TYPE_SQ":"2020年年报","OPERATE_INCOME_SQ":282889000,"DPS_HKD":null,"OPERATE_INCOME_QOQ_SQ":-4.878647469048,"NET_PROFIT_RATIO_SQ":14.4717539388,"HOLDER_PROFIT_SQ":40939000,"HOLDER_PROFIT_QOQ_SQ":-0.014653803883,"ROE_AVG_SQ":30.075558053342,"PE_TTM_SQ":3.530640188452,"PB_TTM_SQ":0.49657725589,"ROA_SQ":13.17781797815,"START_DATE":"2021-01-01 00:00:00","FISCAL_YEAR":"12-31","CURRENCY":"HKD","IS_CNY_CODE":0,"DPS_HKD_LY":null,"ORG_TYPE":"一般企业","PREMIUM_INCOME":null,"PREMIUM_INCOME_YOY":null,"NET_INTEREST_INCOME":null,"NET_INTEREST_INCOME_YOY":null,"FEE_COMMISSION_INCOME":null,"FEE_COMMISSION_INCOME_YOY":null,"ACCOUNTS_RECE_TDAYS":5.91907094273,"INVENTORY_TDAYS":2.281485244764,"CURRENT_ASSETS_TDAYS":1.097582736399,"TOTAL_ASSETS_TDAYS":0.947676585463,"PREMIUM_EXPENSE":null,"LOAN_DEPOSIT":null,"LOAN_EQUITY":null,"LOAN_ASSETS":null,"DEPOSIT_EQUITY":null,"DEPOSIT_ASSETS":null,"EQUITY_MULTIPLIER":1.72636980476,"EQUITY_RATIO":0.726369804759},{"SECUCODE":"02147.HK","SECURITY_CODE":"02147","SECURITY_NAME_ABBR":"正味集团","ORG_CODE":"10000375538","STD_REPORT_DATE":"2021-06-30 00:00:00","REPORT_DATE":"2021-06-30 00:00:00","DATE_TYPE_CODE":"002","REPORT_TYPE":"2021年中报","PER_NETCASH_OPERATE":null,"PER_OI":null,"BPS":null,"BASIC_EPS":null,"DILUTED_EPS":null,"OPERATE_INCOME":145595000,"OPERATE_INCOME_YOY":null,"GROSS_PROFIT":42425000,"GROSS_PROFIT_YOY":null,"HOLDER_PROFIT":16761000,"HOLDER_PROFIT_YOY":null,"GROSS_PROFIT_RATIO":29.139050104743,"EPS_TTM":7.180722610215,"OPERATE_INCOME_QOQ":0,"NET_PROFIT_RATIO":11.5120711563,"ROE_AVG":null,"GROSS_PROFIT_QOQ":0,"ROA":null,"HOLDER_PROFIT_QOQ":0,"ROE_YEARLY":null,"ROIC_YEARLY":null,"TOTAL_ASSETS":null,"TOTAL_LIABILITIES":null,"TAX_EBT":12.988631054353,"OCF_SALES":-22.087983790652,"TOTAL_PARENT_EQUITY":null,"DEBT_ASSET_RATIO":null,"OPERATE_PROFIT":22505000,"PRETAX_PROFIT":19263000,"NETCASH_OPERATE":-32159000,"NETCASH_INVEST":-5042000,"NETCASH_FINANCE":-28706000,"END_CASH":76431000,"DIVI_RATIO":null,"DIVIDEND_RATE":null,"CURRENT_RATIO":null,"COMMON_ACS":8000000000,"CURRENTDEBT_DEBT":null,"ISSUED_COMMON_SHARES":1120000000,"HK_COMMON_SHARES":1120000000,"PER_SHARES":4000,"TOTAL_MARKET_CAP":36960000,"HKSK_MARKET_CAP":36960000,"PE_TTM":-17.437364637336,"PB_TTM":0.081053426178,"REPORT_DATE_SQ":"2020-06-30 00:00:00","REPORT_TYPE_SQ":"2020年中报","OPERATE_INCOME_SQ":null,"DPS_HKD":null,"OPERATE_INCOME_QOQ_SQ":0,"NET_PROFIT_RATIO_SQ":null,"HOLDER_PROFIT_SQ":null,"HOLDER_PROFIT_QOQ_SQ":0,"ROE_AVG_SQ":null,"PE_TTM_SQ":3.530640188452,"PB_TTM_SQ":0.49657725589,"ROA_SQ":null,"START_DATE":"2021-01-01 00:00:00","FISCAL_YEAR":"12-31","CURRENCY":"HKD","IS_CNY_CODE":0,"DPS_HKD_LY":null,"ORG_TYPE":"一般企业","PREMIUM_INCOME":null,"PREMIUM_INCOME_YOY":null,"NET_INTEREST_INCOME":null,"NET_INTEREST_INCOME_YOY":null,"FEE_COMMISSION_INCOME":null,"FEE_COMMISSION_INCOME_YOY":null,"ACCOUNTS_RECE_TDAYS":null,"INVENTORY_TDAYS":null,"CURRENT_ASSETS_TDAYS":0.939989670088,"TOTAL_ASSETS_TDAYS":0.817033717827,"PREMIUM_EXPENSE":null,"LOAN_DEPOSIT":null,"LOAN_EQUITY":null,"LOAN_ASSETS":null,"DEPOSIT_EQUITY":null,"DEPOSIT_ASSETS":null,"EQUITY_MULTIPLIER":null,"EQUITY_RATIO":null},{"SECUCODE":"02147.HK","SECURITY_CODE":"02147","SECURITY_NAME_ABBR":"正味集团","ORG_CODE":"10000375538","STD_REPORT_DATE":"2020-12-31 00:00:00","REPORT_DATE":"2020-12-31 00:00:00","DATE_TYPE_CODE":"001","REPORT_TYPE":"2020年年报","PER_NETCASH_OPERATE":15.182495137097,"PER_OI":49.61888269086,"BPS":0.145653571429,"BASIC_EPS":null,"DILUTED_EPS":null,"OPERATE_INCOME":282889000,"OPERATE_INCOME_YOY":-4.878647469,"GROSS_PROFIT":90588000,"GROSS_PROFIT_YOY":-5.883575235582,"HOLDER_PROFIT":40939000,"HOLDER_PROFIT_YOY":-0.0146538039,"GROSS_PROFIT_RATIO":32.022454036742,"EPS_TTM":7.180722610215,"OPERATE_INCOME_QOQ":-4.878647469048,"NET_PROFIT_RATIO":14.4717539388,"ROE_AVG":30.075558053342,"GROSS_PROFIT_QOQ":-5.883575235582,"ROA":13.17781797815,"HOLDER_PROFIT_QOQ":-0.014653803883,"ROE_YEARLY":30.075558053342,"ROIC_YEARLY":18.699669755948,"TOTAL_ASSETS":356399000,"TOTAL_LIABILITIES":193267000,"TAX_EBT":13.471984444022,"OCF_SALES":30.598220503448,"TOTAL_PARENT_EQUITY":163132000,"DEBT_ASSET_RATIO":54.2277054649,"OPERATE_PROFIT":55073000,"PRETAX_PROFIT":47313000,"NETCASH_OPERATE":86559000,"NETCASH_INVEST":-3105000,"NETCASH_FINANCE":17748000,"END_CASH":142338000,"DIVI_RATIO":null,"DIVIDEND_RATE":null,"CURRENT_RATIO":1.825134036411,"COMMON_ACS":8000000000,"CURRENTDEBT_DEBT":87.821511173661,"ISSUED_COMMON_SHARES":1120000000,"HK_COMMON_SHARES":1120000000,"PER_SHARES":4000,"TOTAL_MARKET_CAP":36960000,"HKSK_MARKET_CAP":36960000,"PE_TTM":-17.437364637336,"PB_TTM":0.081053426178,"REPORT_DATE_SQ":"2019-12-31 00:00:00","REPORT_TYPE_SQ":"2019年年报","OPERATE_INCOME_SQ":297398000,"DPS_HKD":null,"OPERATE_INCOME_QOQ_SQ":null,"NET_PROFIT_RATIO_SQ":13.76774558,"HOLDER_PROFIT_SQ":40945000,"HOLDER_PROFIT_QOQ_SQ":null,"ROE_AVG_SQ":37.526693489996,"PE_TTM_SQ":3.530640188452,"PB_TTM_SQ":0.49657725589,"ROA_SQ":15.454850849083,"START_DATE":"2020-01-01 00:00:00","FISCAL_YEAR":"12-31","CURRENCY":"HKD","IS_CNY_CODE":0,"DPS_HKD_LY":null,"ORG_TYPE":"一般企业","PREMIUM_INCOME":null,"PREMIUM_INCOME_YOY":null,"NET_INTEREST_INCOME":null,"NET_INTEREST_INCOME_YOY":null,"FEE_COMMISSION_INCOME":null,"FEE_COMMISSION_INCOME_YOY":null,"ACCOUNTS_RECE_TDAYS":4.464119174051,"INVENTORY_TDAYS":2.393396103128,"CURRENT_ASSETS_TDAYS":1.074616376666,"TOTAL_ASSETS_TDAYS":0.910588863925,"PREMIUM_EXPENSE":null,"LOAN_DEPOSIT":null,"LOAN_EQUITY":null,"LOAN_ASSETS":null,"DEPOSIT_EQUITY":null,"DEPOSIT_ASSETS":null,"EQUITY_MULTIPLIER":2.184727705169,"EQUITY_RATIO":1.184727705171},{"SECUCODE":"02147.HK","SECURITY_CODE":"02147","SECURITY_NAME_ABBR":"正味集团","ORG_CODE":"10000375538","STD_REPORT_DATE":"2019-12-31 00:00:00","REPORT_DATE":"2019-12-31 00:00:00","DATE_TYPE_CODE":"001","REPORT_TYPE":"2019年年报","PER_NETCASH_OPERATE":null,"PER_OI":null,"BPS":0.09741875,"BASIC_EPS":null,"DILUTED_EPS":null,"OPERATE_INCOME":297398000,"OPERATE_INCOME_YOY":null,"GROSS_PROFIT":96251000,"GROSS_PROFIT_YOY":null,"HOLDER_PROFIT":40945000,"HOLDER_PROFIT_YOY":null,"GROSS_PROFIT_RATIO":32.36437366761,"EPS_TTM":null,"OPERATE_INCOME_QOQ":null,"NET_PROFIT_RATIO":13.76774558,"ROE_AVG":37.526693489996,"GROSS_PROFIT_QOQ":null,"ROA":15.454850849083,"HOLDER_PROFIT_QOQ":null,"ROE_YEARLY":37.526693489996,"ROIC_YEARLY":18.295598243051,"TOTAL_ASSETS":264933000,"TOTAL_LIABILITIES":155824000,"TAX_EBT":15.160996228917,"OCF_SALES":3.560212240836,"TOTAL_PARENT_EQUITY":109109000,"DEBT_ASSET_RATIO":58.8163799904,"OPERATE_PROFIT":55792000,"PRETAX_PROFIT":48262000,"NETCASH_OPERATE":10588000,"NETCASH_INVEST":-2629000,"NETCASH_FINANCE":32507000,"END_CASH":41136000,"DIVI_RATIO":null,"DIVIDEND_RATE":null,"CURRENT_RATIO":1.690297168708,"COMMON_ACS":8000000000,"CURRENTDEBT_DEBT":82.278724715063,"ISSUED_COMMON_SHARES":1120000000,"HK_COMMON_SHARES":1120000000,"PER_SHARES":4000,"TOTAL_MARKET_CAP":36960000,"HKSK_MARKET_CAP":36960000,"PE_TTM":-17.437364637336,"PB_TTM":0.081053426178,"REPORT_DATE_SQ":"2018-12-31 00:00:00","REPORT_TYPE_SQ":"2018年年报","OPERATE_INCOME_SQ":null,"DPS_HKD":null,"OPERATE_INCOME_QOQ_SQ":null,"NET_PROFIT_RATIO_SQ":null,"HOLDER_PROFIT_SQ":null,"HOLDER_PROFIT_QOQ_SQ":null,"ROE_AVG_SQ":null,"PE_TTM_SQ":3.530640188452,"PB_TTM_SQ":0.49657725589,"ROA_SQ":null,"START_DATE":"2019-01-01 00:00:00","FISCAL_YEAR":"12-31","CURRENCY":"HKD","IS_CNY_CODE":0,"DPS_HKD_LY":null,"ORG_TYPE":"一般企业","PREMIUM_INCOME":null,"PREMIUM_INCOME_YOY":null,"NET_INTEREST_INCOME":null,"NET_INTEREST_INCOME_YOY":null,"FEE_COMMISSION_INCOME":null,"FEE_COMMISSION_INCOME_YOY":null,"ACCOUNTS_RECE_TDAYS":4.000295921661,"INVENTORY_TDAYS":3.221186644247,"CURRENT_ASSETS_TDAYS":2.744625380111,"TOTAL_ASSETS_TDAYS":2.245080831757,"PREMIUM_EXPENSE":null,"LOAN_DEPOSIT":null,"LOAN_EQUITY":null,"LOAN_ASSETS":null,"DEPOSIT_EQUITY":null,"DEPOSIT_ASSETS":null,"EQUITY_MULTIPLIER":2.428149831819,"EQUITY_RATIO":1.42814983182}],"count":9},"success":true,"message":"ok","code":0}