{"version":"22b47427e522da8eb1ac1151a7e1d0eb","result":{"pages":2,"data":[{"SECUCODE":"02148.HK","SECURITY_CODE":"02148","SECURITY_NAME_ABBR":"VESYNC","ORG_CODE":"10000103412","STD_REPORT_DATE":"2024-06-30 00:00:00","REPORT_DATE":"2024-06-30 00:00:00","DATE_TYPE_CODE":"002","REPORT_TYPE":"2024年中报","PER_NETCASH_OPERATE":0.500677401901,"PER_OI":1.840994654186,"BPS":2.101127758596,"BASIC_EPS":0.29433684,"DILUTED_EPS":0.29433684,"OPERATE_INCOME":2110915399.2,"OPERATE_INCOME_YOY":6.9554981006,"GROSS_PROFIT":1024762572,"GROSS_PROFIT_YOY":13.348956071145,"HOLDER_PROFIT":319686867.6,"HOLDER_PROFIT_YOY":37.5180109752,"GROSS_PROFIT_RATIO":48.545885466958,"EPS_TTM":0.55185235041,"OPERATE_INCOME_QOQ":2.649270623003,"NET_PROFIT_RATIO":15.1444661269,"ROE_AVG":13.522100738249,"GROSS_PROFIT_QOQ":6.210326000539,"ROA":7.879595383998,"HOLDER_PROFIT_QOQ":15.304732645275,"ROE_YEARLY":27.044201476498,"ROIC_YEARLY":21.649888811264,"TOTAL_ASSETS":4086699543.6,"TOTAL_LIABILITIES":1692479590.8,"TAX_EBT":14.840338687018,"OCF_SALES":27.196026928297,"TOTAL_PARENT_EQUITY":2394219952.8,"DEBT_ASSET_RATIO":41.414338704,"OPERATE_PROFIT":385388836.8,"PRETAX_PROFIT":375397063.2,"NETCASH_OPERATE":574085120.4,"NETCASH_INVEST":26198116.8,"NETCASH_FINANCE":-171477934.8,"END_CASH":1146744880.8,"DIVI_RATIO":0.404513819383,"DIVIDEND_RATE":4.697896749522,"CURRENT_RATIO":2.134588346266,"COMMON_ACS":2000000000,"CURRENTDEBT_DEBT":94.639992252012,"ISSUED_COMMON_SHARES":1139492800,"HK_COMMON_SHARES":1139492800,"PER_SHARES":1000,"TOTAL_MARKET_CAP":5959547344,"HKSK_MARKET_CAP":5959547344,"PE_TTM":8.511286225339,"PB_TTM":2.271787797281,"REPORT_DATE_SQ":"2023-06-30 00:00:00","REPORT_TYPE_SQ":"2023年中报","OPERATE_INCOME_SQ":2001055245.6,"DPS_HKD":0.2457,"OPERATE_INCOME_QOQ_SQ":14.710910558263,"NET_PROFIT_RATIO_SQ":11.7667875146,"HOLDER_PROFIT_SQ":235698370.2,"HOLDER_PROFIT_QOQ_SQ":116.276241517622,"ROE_AVG_SQ":11.132327570761,"PE_TTM_SQ":682.431559080262,"PB_TTM_SQ":2.04876193055,"ROA_SQ":6.960776677482,"START_DATE":"2024-01-01 00:00:00","FISCAL_YEAR":"12-31","CURRENCY":"HKD","IS_CNY_CODE":0,"DPS_HKD_LY":0.2457,"ORG_TYPE":"一般企业","PREMIUM_INCOME":null,"PREMIUM_INCOME_YOY":null,"NET_INTEREST_INCOME":null,"NET_INTEREST_INCOME_YOY":null,"FEE_COMMISSION_INCOME":null,"FEE_COMMISSION_INCOME_YOY":null,"ACCOUNTS_RECE_TDAYS":1.682203606418,"INVENTORY_TDAYS":1.949186900887,"CURRENT_ASSETS_TDAYS":0.601018627491,"TOTAL_ASSETS_TDAYS":0.520295355277,"PREMIUM_EXPENSE":null,"LOAN_DEPOSIT":null,"LOAN_EQUITY":null,"LOAN_ASSETS":null,"DEPOSIT_EQUITY":null,"DEPOSIT_ASSETS":null,"EQUITY_MULTIPLIER":1.706902299775,"EQUITY_RATIO":0.706902299774},{"SECUCODE":"02148.HK","SECURITY_CODE":"02148","SECURITY_NAME_ABBR":"VESYNC","ORG_CODE":"10000103412","STD_REPORT_DATE":"2023-12-31 00:00:00","REPORT_DATE":"2023-12-31 00:00:00","DATE_TYPE_CODE":"001","REPORT_TYPE":"2023年年报","PER_NETCASH_OPERATE":0.646215747252,"PER_OI":3.565965886561,"BPS":2.035728153087,"BASIC_EPS":0.49012284,"DILUTED_EPS":0.49012284,"OPERATE_INCOME":4146807526.8,"OPERATE_INCOME_YOY":19.3944263405,"GROSS_PROFIT":1943294564.4,"GROSS_PROFIT_YOY":96.097081533514,"HOLDER_PROFIT":548774678.7,"HOLDER_PROFIT_YOY":576.0444826739,"GROSS_PROFIT_RATIO":46.862424933901,"EPS_TTM":0.471908033109,"OPERATE_INCOME_QOQ":5.847838660177,"NET_PROFIT_RATIO":13.2249557631,"ROE_AVG":25.61296102239,"GROSS_PROFIT_QOQ":48.631998752642,"ROA":15.15627506289,"HOLDER_PROFIT_QOQ":2874.37744323618,"ROE_YEARLY":25.61296102239,"ROIC_YEARLY":19.570653491756,"TOTAL_ASSETS":4002674581.8,"TOTAL_LIABILITIES":1682977008.6,"TAX_EBT":11.480245107006,"OCF_SALES":18.121759091623,"TOTAL_PARENT_EQUITY":2319697573.2,"DEBT_ASSET_RATIO":42.0463111404,"OPERATE_PROFIT":631125231.6,"PRETAX_PROFIT":619537934.4,"NETCASH_OPERATE":751474470,"NETCASH_INVEST":-532817355.6,"NETCASH_FINANCE":-126093308.1,"END_CASH":738782271.6,"DIVI_RATIO":0.473041114663,"DIVIDEND_RATE":5.85,"CURRENT_RATIO":2.216391819424,"COMMON_ACS":2000000000,"CURRENTDEBT_DEBT":96.056696041546,"ISSUED_COMMON_SHARES":1139492800,"HK_COMMON_SHARES":1139492800,"PER_SHARES":1000,"TOTAL_MARKET_CAP":4785869760,"HKSK_MARKET_CAP":4785869760,"PE_TTM":6.835067332012,"PB_TTM":1.824380257854,"REPORT_DATE_SQ":"2022-12-31 00:00:00","REPORT_TYPE_SQ":"2022年年报","OPERATE_INCOME_SQ":3415286618.8,"DPS_HKD":0.2457,"OPERATE_INCOME_QOQ_SQ":9.909452150214,"NET_PROFIT_RATIO_SQ":-3.327433123,"HOLDER_PROFIT_SQ":-113355829.6,"HOLDER_PROFIT_QOQ_SQ":-169.781212675454,"ROE_AVG_SQ":-5.497385735709,"PE_TTM_SQ":831.413096625953,"PB_TTM_SQ":2.49602685905,"ROA_SQ":-3.54557940793,"START_DATE":"2023-01-01 00:00:00","FISCAL_YEAR":"12-31","CURRENCY":"HKD","IS_CNY_CODE":0,"DPS_HKD_LY":0.0539,"ORG_TYPE":"一般企业","PREMIUM_INCOME":null,"PREMIUM_INCOME_YOY":null,"NET_INTEREST_INCOME":null,"NET_INTEREST_INCOME_YOY":null,"FEE_COMMISSION_INCOME":null,"FEE_COMMISSION_INCOME_YOY":null,"ACCOUNTS_RECE_TDAYS":3.430915414343,"INVENTORY_TDAYS":3.199177356744,"CURRENT_ASSETS_TDAYS":1.298259774356,"TOTAL_ASSETS_TDAYS":1.145281623743,"PREMIUM_EXPENSE":null,"LOAN_DEPOSIT":null,"LOAN_EQUITY":null,"LOAN_ASSETS":null,"DEPOSIT_EQUITY":null,"DEPOSIT_ASSETS":null,"EQUITY_MULTIPLIER":1.725515699997,"EQUITY_RATIO":0.725515699996},{"SECUCODE":"02148.HK","SECURITY_CODE":"02148","SECURITY_NAME_ABBR":"VESYNC","ORG_CODE":"10000103412","STD_REPORT_DATE":"2023-06-30 00:00:00","REPORT_DATE":"2023-06-30 00:00:00","DATE_TYPE_CODE":"002","REPORT_TYPE":"2023年中报","PER_NETCASH_OPERATE":0.224121409275,"PER_OI":1.720768252883,"BPS":1.956431795795,"BASIC_EPS":0.20882562,"DILUTED_EPS":0.20810304,"OPERATE_INCOME":2001055245.6,"OPERATE_INCOME_YOY":24.0195793047,"GROSS_PROFIT":904077644.4,"GROSS_PROFIT_YOY":53.856771371337,"HOLDER_PROFIT":235698370.2,"HOLDER_PROFIT_YOY":110.7170542636,"GROSS_PROFIT_RATIO":45.180044198576,"EPS_TTM":0.015865775011,"OPERATE_INCOME_QOQ":14.710910558263,"NET_PROFIT_RATIO":11.7667875146,"ROE_AVG":11.132327570761,"GROSS_PROFIT_QOQ":31.934632635779,"ROA":6.960776677482,"HOLDER_PROFIT_QOQ":116.276241517622,"ROE_YEARLY":22.264655141522,"ROIC_YEARLY":17.879621293407,"TOTAL_ASSETS":3467870968.2,"TOTAL_LIABILITIES":1239065732.4,"TAX_EBT":3.075550267698,"OCF_SALES":13.02449698843,"TOTAL_PARENT_EQUITY":2229339945,"DEBT_ASSET_RATIO":35.7298683764,"OPERATE_PROFIT":249131132.4,"PRETAX_PROFIT":242931396,"NETCASH_OPERATE":260627380.2,"NETCASH_INVEST":-102389586,"NETCASH_FINANCE":932128.2,"END_CASH":823668942,"DIVI_RATIO":14.070028211759,"DIVIDEND_RATE":5.85,"CURRENT_RATIO":2.578568964243,"COMMON_ACS":2000000000,"CURRENTDEBT_DEBT":94.657040553307,"ISSUED_COMMON_SHARES":1139492800,"HK_COMMON_SHARES":1139492800,"PER_SHARES":1000,"TOTAL_MARKET_CAP":4785869760,"HKSK_MARKET_CAP":4785869760,"PE_TTM":6.835067332012,"PB_TTM":1.824380257854,"REPORT_DATE_SQ":"2022-06-30 00:00:00","REPORT_TYPE_SQ":"2022年中报","OPERATE_INCOME_SQ":1498635485.8,"DPS_HKD":0.2457,"OPERATE_INCOME_QOQ_SQ":7.292484911215,"NET_PROFIT_RATIO_SQ":6.9324711035,"HOLDER_PROFIT_SQ":103892472,"HOLDER_PROFIT_QOQ_SQ":-38.735423151306,"ROE_AVG_SQ":4.967102571631,"PE_TTM_SQ":831.413096625953,"PB_TTM_SQ":2.49602685905,"ROA_SQ":3.38419093133,"START_DATE":"2023-01-01 00:00:00","FISCAL_YEAR":"12-31","CURRENCY":"HKD","IS_CNY_CODE":0,"DPS_HKD_LY":0.0539,"ORG_TYPE":"一般企业","PREMIUM_INCOME":null,"PREMIUM_INCOME_YOY":null,"NET_INTEREST_INCOME":null,"NET_INTEREST_INCOME_YOY":null,"FEE_COMMISSION_INCOME":null,"FEE_COMMISSION_INCOME_YOY":null,"ACCOUNTS_RECE_TDAYS":1.73795059745,"INVENTORY_TDAYS":1.520763316721,"CURRENT_ASSETS_TDAYS":0.679914756545,"TOTAL_ASSETS_TDAYS":0.590962876498,"PREMIUM_EXPENSE":null,"LOAN_DEPOSIT":null,"LOAN_EQUITY":null,"LOAN_ASSETS":null,"DEPOSIT_EQUITY":null,"DEPOSIT_ASSETS":null,"EQUITY_MULTIPLIER":1.555932708924,"EQUITY_RATIO":0.55579936796},{"SECUCODE":"02148.HK","SECURITY_CODE":"02148","SECURITY_NAME_ABBR":"VESYNC","ORG_CODE":"10000103412","STD_REPORT_DATE":"2022-12-31 00:00:00","REPORT_DATE":"2022-12-31 00:00:00","DATE_TYPE_CODE":"001","REPORT_TYPE":"2022年年报","PER_NETCASH_OPERATE":0.007755847355,"PER_OI":2.936908814012,"BPS":1.696072648112,"BASIC_EPS":-0.10029024,"DILUTED_EPS":-0.10029024,"OPERATE_INCOME":3415286618.8,"OPERATE_INCOME_YOY":7.9533296643,"GROSS_PROFIT":990985969.4,"GROSS_PROFIT_YOY":-11.740184943156,"HOLDER_PROFIT":-113355829.6,"HOLDER_PROFIT_YOY":-139.1362893142,"GROSS_PROFIT_RATIO":29.01618751249,"EPS_TTM":-0.097478124746,"OPERATE_INCOME_QOQ":9.909452150214,"NET_PROFIT_RATIO":-3.327433123,"ROE_AVG":-5.497385735709,"GROSS_PROFIT_QOQ":-12.937318857559,"ROA":-3.54557940793,"HOLDER_PROFIT_QOQ":-169.781212675454,"ROE_YEARLY":-5.497385735709,"ROIC_YEARLY":-4.664398852528,"TOTAL_ASSETS":3184869792.4,"TOTAL_LIABILITIES":1252492770.2,"TAX_EBT":25.291882239824,"OCF_SALES":0.26408199389,"TOTAL_PARENT_EQUITY":1932662570.8,"DEBT_ASSET_RATIO":39.3263414783,"OPERATE_PROFIT":-141569424.2,"PRETAX_PROFIT":-152113828.6,"NETCASH_OPERATE":9019157,"NETCASH_INVEST":155011102.2,"NETCASH_FINANCE":-154370359,"END_CASH":651893524.6,"DIVI_RATIO":-2.290071773343,"DIVIDEND_RATE":5.85,"CURRENT_RATIO":2.353998763759,"COMMON_ACS":2000000000,"CURRENTDEBT_DEBT":93.558055350123,"ISSUED_COMMON_SHARES":1139492800,"HK_COMMON_SHARES":1139492800,"PER_SHARES":1000,"TOTAL_MARKET_CAP":4785869760,"HKSK_MARKET_CAP":4785869760,"PE_TTM":6.835067332012,"PB_TTM":1.824380257854,"REPORT_DATE_SQ":"2021-12-31 00:00:00","REPORT_TYPE_SQ":"2021年年报","OPERATE_INCOME_SQ":2896161725,"DPS_HKD":0.2457,"OPERATE_INCOME_QOQ_SQ":9.327869401047,"NET_PROFIT_RATIO_SQ":9.1553109521,"HOLDER_PROFIT_SQ":265152611.6,"HOLDER_PROFIT_QOQ_SQ":-34.450641028136,"ROE_AVG_SQ":14.471204953642,"PE_TTM_SQ":831.413096625953,"PB_TTM_SQ":2.49602685905,"ROA_SQ":10.014797761914,"START_DATE":"2022-01-01 00:00:00","FISCAL_YEAR":"12-31","CURRENCY":"HKD","IS_CNY_CODE":0,"DPS_HKD_LY":0.064,"ORG_TYPE":"一般企业","PREMIUM_INCOME":null,"PREMIUM_INCOME_YOY":null,"NET_INTEREST_INCOME":null,"NET_INTEREST_INCOME_YOY":null,"FEE_COMMISSION_INCOME":null,"FEE_COMMISSION_INCOME_YOY":null,"ACCOUNTS_RECE_TDAYS":3.84254572239,"INVENTORY_TDAYS":2.862644637614,"CURRENT_ASSETS_TDAYS":1.208223383522,"TOTAL_ASSETS_TDAYS":1.068244125646,"PREMIUM_EXPENSE":null,"LOAN_DEPOSIT":null,"LOAN_EQUITY":null,"LOAN_ASSETS":null,"DEPOSIT_EQUITY":null,"DEPOSIT_ASSETS":null,"EQUITY_MULTIPLIER":1.648161697127,"EQUITY_RATIO":0.648065932007},{"SECUCODE":"02148.HK","SECURITY_CODE":"02148","SECURITY_NAME_ABBR":"VESYNC","ORG_CODE":"10000103412","STD_REPORT_DATE":"2022-06-30 00:00:00","REPORT_DATE":"2022-06-30 00:00:00","DATE_TYPE_CODE":"002","REPORT_TYPE":"2022年中报","PER_NETCASH_OPERATE":-0.165406516621,"PER_OI":1.288722224076,"BPS":1.817967483603,"BASIC_EPS":0.09194618,"DILUTED_EPS":0.09194618,"OPERATE_INCOME":1498635485.8,"OPERATE_INCOME_YOY":12.046264238,"GROSS_PROFIT":587609915.6,"GROSS_PROFIT_YOY":2.698294227071,"HOLDER_PROFIT":103892472,"HOLDER_PROFIT_YOY":-51.5962602795,"GROSS_PROFIT_RATIO":39.209662467476,"EPS_TTM":0.139691073011,"OPERATE_INCOME_QOQ":7.292484911215,"NET_PROFIT_RATIO":6.9324711035,"ROE_AVG":4.967102571631,"GROSS_PROFIT_QOQ":1.375025325081,"ROA":3.38419093133,"HOLDER_PROFIT_QOQ":-38.735423151306,"ROE_YEARLY":9.934205143261,"ROIC_YEARLY":8.922100209364,"TOTAL_ASSETS":3047210499,"TOTAL_LIABILITIES":975649640.8,"TAX_EBT":5.988096684076,"OCF_SALES":-12.834923890603,"TOTAL_PARENT_EQUITY":2071560858.2,"DEBT_ASSET_RATIO":32.0177959849,"OPERATE_PROFIT":117033393.2,"PRETAX_PROFIT":110509912.4,"NETCASH_OPERATE":-192348724,"NETCASH_INVEST":37758336.4,"NETCASH_FINANCE":26416070.4,"END_CASH":497818095,"DIVI_RATIO":1.598039854577,"DIVIDEND_RATE":5.85,"CURRENT_RATIO":3.039481464635,"COMMON_ACS":2000000000,"CURRENTDEBT_DEBT":90.739619734199,"ISSUED_COMMON_SHARES":1139492800,"HK_COMMON_SHARES":1139492800,"PER_SHARES":1000,"TOTAL_MARKET_CAP":4785869760,"HKSK_MARKET_CAP":4785869760,"PE_TTM":6.835067332012,"PB_TTM":1.824380257854,"REPORT_DATE_SQ":"2021-06-30 00:00:00","REPORT_TYPE_SQ":"2021年中报","OPERATE_INCOME_SQ":1287433329,"DPS_HKD":0.2457,"OPERATE_INCOME_QOQ_SQ":16.35624886358,"NET_PROFIT_RATIO_SQ":16.0474685132,"HOLDER_PROFIT_SQ":206600458.1,"HOLDER_PROFIT_QOQ_SQ":13.287945777842,"ROE_AVG_SQ":11.36861712811,"PE_TTM_SQ":831.413096625953,"PB_TTM_SQ":2.49602685905,"ROA_SQ":7.998319355053,"START_DATE":"2022-01-01 00:00:00","FISCAL_YEAR":"12-31","CURRENCY":"HKD","IS_CNY_CODE":0,"DPS_HKD_LY":0.064,"ORG_TYPE":"一般企业","PREMIUM_INCOME":null,"PREMIUM_INCOME_YOY":null,"NET_INTEREST_INCOME":null,"NET_INTEREST_INCOME_YOY":null,"FEE_COMMISSION_INCOME":null,"FEE_COMMISSION_INCOME_YOY":null,"ACCOUNTS_RECE_TDAYS":1.987706851583,"INVENTORY_TDAYS":1.071974034384,"CURRENT_ASSETS_TDAYS":0.546889752353,"TOTAL_ASSETS_TDAYS":0.488165169505,"PREMIUM_EXPENSE":null,"LOAN_DEPOSIT":null,"LOAN_EQUITY":null,"LOAN_ASSETS":null,"DEPOSIT_EQUITY":null,"DEPOSIT_ASSETS":null,"EQUITY_MULTIPLIER":1.470973197306,"EQUITY_RATIO":0.470973197306},{"SECUCODE":"02148.HK","SECURITY_CODE":"02148","SECURITY_NAME_ABBR":"VESYNC","ORG_CODE":"10000103412","STD_REPORT_DATE":"2021-12-31 00:00:00","REPORT_DATE":"2021-12-31 00:00:00","DATE_TYPE_CODE":"001","REPORT_TYPE":"2021年年报","PER_NETCASH_OPERATE":-0.255454896434,"PER_OI":2.485869466696,"BPS":1.760465267179,"BASIC_EPS":0.23462576,"DILUTED_EPS":0.23462576,"OPERATE_INCOME":2896161725,"OPERATE_INCOME_YOY":30.1866892887,"GROSS_PROFIT":1122805399.9,"GROSS_PROFIT_YOY":12.899371578464,"HOLDER_PROFIT":265152611.6,"HOLDER_PROFIT_YOY":-24.0027045301,"GROSS_PROFIT_RATIO":38.768739680793,"EPS_TTM":0.22758907954,"OPERATE_INCOME_QOQ":9.327869401047,"NET_PROFIT_RATIO":9.1553109521,"ROE_AVG":14.471204953642,"GROSS_PROFIT_QOQ":-0.58418764891,"ROA":10.014797761914,"HOLDER_PROFIT_QOQ":-34.450641028136,"ROE_YEARLY":14.471204953642,"ROIC_YEARLY":15.982414271495,"TOTAL_ASSETS":2937967189.9,"TOTAL_LIABILITIES":931929693.3,"TAX_EBT":18.469289733184,"OCF_SALES":-10.276279581728,"TOTAL_PARENT_EQUITY":2006037496.6,"DEBT_ASSET_RATIO":31.720221264,"OPERATE_PROFIT":330082740.4,"PRETAX_PROFIT":325218081.3,"NETCASH_OPERATE":-297617676,"NETCASH_INVEST":-295335175.4,"NETCASH_FINANCE":42487664.8,"END_CASH":615012773.4,"DIVI_RATIO":0.980855067613,"DIVIDEND_RATE":5.85,"CURRENT_RATIO":3.129660583062,"COMMON_ACS":2000000000,"CURRENTDEBT_DEBT":90.86468403013,"ISSUED_COMMON_SHARES":1139492800,"HK_COMMON_SHARES":1139492800,"PER_SHARES":1000,"TOTAL_MARKET_CAP":4785869760,"HKSK_MARKET_CAP":4785869760,"PE_TTM":6.835067332012,"PB_TTM":1.824380257854,"REPORT_DATE_SQ":"2020-12-31 00:00:00","REPORT_TYPE_SQ":"2020年年报","OPERATE_INCOME_SQ":2276681157.8,"DPS_HKD":0.2457,"OPERATE_INCOME_QOQ_SQ":42.553280412627,"NET_PROFIT_RATIO_SQ":15.6834478766,"HOLDER_PROFIT_SQ":357062102.7,"HOLDER_PROFIT_QOQ_SQ":87.932684687767,"ROE_AVG_SQ":39.57906156767,"PE_TTM_SQ":834.617000659194,"PB_TTM_SQ":2.505645459663,"ROA_SQ":23.877008730862,"START_DATE":"2021-01-01 00:00:00","FISCAL_YEAR":"12-31","CURRENCY":"HKD","IS_CNY_CODE":0,"DPS_HKD_LY":0.1274,"ORG_TYPE":"一般企业","PREMIUM_INCOME":null,"PREMIUM_INCOME_YOY":null,"NET_INTEREST_INCOME":null,"NET_INTEREST_INCOME_YOY":null,"FEE_COMMISSION_INCOME":null,"FEE_COMMISSION_INCOME_YOY":null,"ACCOUNTS_RECE_TDAYS":6.431403086507,"INVENTORY_TDAYS":2.481813112048,"CURRENT_ASSETS_TDAYS":1.20364445257,"TOTAL_ASSETS_TDAYS":1.093878494602,"PREMIUM_EXPENSE":null,"LOAN_DEPOSIT":null,"LOAN_EQUITY":null,"LOAN_ASSETS":null,"DEPOSIT_EQUITY":null,"DEPOSIT_ASSETS":null,"EQUITY_MULTIPLIER":1.464562449545,"EQUITY_RATIO":0.464562449545},{"SECUCODE":"02148.HK","SECURITY_CODE":"02148","SECURITY_NAME_ABBR":"VESYNC","ORG_CODE":"10000103412","STD_REPORT_DATE":"2021-06-30 00:00:00","REPORT_DATE":"2021-06-30 00:00:00","DATE_TYPE_CODE":"002","REPORT_TYPE":"2021年中报","PER_NETCASH_OPERATE":-0.164754740165,"PER_OI":1.104851341526,"BPS":1.714888175511,"BASIC_EPS":0.17765275,"DILUTED_EPS":0.17636073,"OPERATE_INCOME":1287433329,"OPERATE_INCOME_YOY":54.1847834496,"GROSS_PROFIT":572171057,"GROSS_PROFIT_YOY":30.845791883892,"HOLDER_PROFIT":206600458.1,"HOLDER_PROFIT_YOY":42.2579066767,"GROSS_PROFIT_RATIO":44.442771840032,"EPS_TTM":0.347141519005,"OPERATE_INCOME_QOQ":16.35624886358,"NET_PROFIT_RATIO":16.0474685132,"ROE_AVG":11.36861712811,"GROSS_PROFIT_QOQ":13.56279137946,"ROA":7.998319355053,"HOLDER_PROFIT_QOQ":13.287945777842,"ROE_YEARLY":22.73723425622,"ROIC_YEARLY":30.35416834742,"TOTAL_ASSETS":2777642736.9,"TOTAL_LIABILITIES":823540008.1,"TAX_EBT":13.522794873182,"OCF_SALES":-14.911937377691,"TOTAL_PARENT_EQUITY":1954102728.8,"DEBT_ASSET_RATIO":29.6488816636,"OPERATE_PROFIT":241452697.6,"PRETAX_PROFIT":238907418.2,"NETCASH_OPERATE":-191981251.8,"NETCASH_INVEST":-618541654.8,"NETCASH_FINANCE":277222271.3,"END_CASH":650338267,"DIVI_RATIO":0.643057340533,"DIVIDEND_RATE":5.85,"CURRENT_RATIO":3.448286034062,"COMMON_ACS":2000000000,"CURRENTDEBT_DEBT":90.412688949726,"ISSUED_COMMON_SHARES":1139492800,"HK_COMMON_SHARES":1139492800,"PER_SHARES":1000,"TOTAL_MARKET_CAP":4785869760,"HKSK_MARKET_CAP":4785869760,"PE_TTM":6.835067332012,"PB_TTM":1.824380257854,"REPORT_DATE_SQ":"2020-06-30 00:00:00","REPORT_TYPE_SQ":"2020年中报","OPERATE_INCOME_SQ":915053693,"DPS_HKD":0.2457,"OPERATE_INCOME_QOQ_SQ":33.162579224179,"NET_PROFIT_RATIO_SQ":17.3928853266,"HOLDER_PROFIT_SQ":159154239.5,"HOLDER_PROFIT_QOQ_SQ":327.412038479031,"ROE_AVG_SQ":88.993131840944,"PE_TTM_SQ":834.617000659194,"PB_TTM_SQ":2.505645459663,"ROA_SQ":23.843539038346,"START_DATE":"2021-01-01 00:00:00","FISCAL_YEAR":"12-31","CURRENCY":"HKD","IS_CNY_CODE":0,"DPS_HKD_LY":0.1274,"ORG_TYPE":"一般企业","PREMIUM_INCOME":null,"PREMIUM_INCOME_YOY":null,"NET_INTEREST_INCOME":null,"NET_INTEREST_INCOME_YOY":null,"FEE_COMMISSION_INCOME":null,"FEE_COMMISSION_INCOME_YOY":null,"ACCOUNTS_RECE_TDAYS":4.498137907685,"INVENTORY_TDAYS":1.000424674492,"CURRENT_ASSETS_TDAYS":0.541131300844,"TOTAL_ASSETS_TDAYS":0.498416267243,"PREMIUM_EXPENSE":null,"LOAN_DEPOSIT":null,"LOAN_EQUITY":null,"LOAN_ASSETS":null,"DEPOSIT_EQUITY":null,"DEPOSIT_ASSETS":null,"EQUITY_MULTIPLIER":1.42144151173,"EQUITY_RATIO":0.421441511729},{"SECUCODE":"02148.HK","SECURITY_CODE":"02148","SECURITY_NAME_ABBR":"VESYNC","ORG_CODE":"10000103412","STD_REPORT_DATE":"2020-12-31 00:00:00","REPORT_DATE":"2020-12-31 00:00:00","DATE_TYPE_CODE":"001","REPORT_TYPE":"2020年年报","PER_NETCASH_OPERATE":0.056051968792,"PER_OI":2.027131535543,"BPS":1.489547596878,"BASIC_EPS":0.44108324,"DILUTED_EPS":0.43977826,"OPERATE_INCOME":2276681157.8,"OPERATE_INCOME_YOY":102.9572065915,"GROSS_PROFIT":994518733.1,"GROSS_PROFIT_YOY":112.033799364058,"HOLDER_PROFIT":357062102.7,"HOLDER_PROFIT_YOY":758.8041431262,"GROSS_PROFIT_RATIO":43.682828827073,"EPS_TTM":0.317924117767,"OPERATE_INCOME_QOQ":42.553280412627,"NET_PROFIT_RATIO":15.6834478766,"ROE_AVG":39.57906156767,"GROSS_PROFIT_QOQ":40.989736451702,"ROA":23.877008730862,"HOLDER_PROFIT_QOQ":87.932684687767,"ROE_YEARLY":39.57906156767,"ROIC_YEARLY":41.174678058305,"TOTAL_ASSETS":2412412127.6,"TOTAL_LIABILITIES":715083365.7,"TAX_EBT":8.88156251561,"OCF_SALES":2.765087899301,"TOTAL_PARENT_EQUITY":1697328761.9,"DEBT_ASSET_RATIO":29.6418409408,"OPERATE_PROFIT":399304305.3,"PRETAX_PROFIT":391865919.3,"NETCASH_OPERATE":62952235.2,"NETCASH_INVEST":-41243892.9,"NETCASH_FINANCE":1116469114.1,"END_CASH":1196992905,"DIVI_RATIO":0.702154663722,"DIVIDEND_RATE":5.85,"CURRENT_RATIO":3.481924123415,"COMMON_ACS":2000000000,"CURRENTDEBT_DEBT":88.869727081109,"ISSUED_COMMON_SHARES":1139492800,"HK_COMMON_SHARES":1139492800,"PER_SHARES":1000,"TOTAL_MARKET_CAP":4785869760,"HKSK_MARKET_CAP":4785869760,"PE_TTM":6.835067332012,"PB_TTM":1.824380257854,"REPORT_DATE_SQ":"2019-12-31 00:00:00","REPORT_TYPE_SQ":"2019年年报","OPERATE_INCOME_SQ":1199341327.8,"DPS_HKD":0.2457,"OPERATE_INCOME_QOQ_SQ":20.718427656619,"NET_PROFIT_RATIO_SQ":3.706396617,"HOLDER_PROFIT_SQ":44452346.4,"HOLDER_PROFIT_QOQ_SQ":48.518976776507,"ROE_AVG_SQ":51.474270942726,"PE_TTM_SQ":834.617000659194,"PB_TTM_SQ":2.505645459663,"ROA_SQ":9.030036349723,"START_DATE":"2020-01-01 00:00:00","FISCAL_YEAR":"12-31","CURRENCY":"HKD","IS_CNY_CODE":0,"DPS_HKD_LY":null,"ORG_TYPE":"一般企业","PREMIUM_INCOME":null,"PREMIUM_INCOME_YOY":null,"NET_INTEREST_INCOME":null,"NET_INTEREST_INCOME_YOY":null,"FEE_COMMISSION_INCOME":null,"FEE_COMMISSION_INCOME_YOY":null,"ACCOUNTS_RECE_TDAYS":13.136876188325,"INVENTORY_TDAYS":3.049489431702,"CURRENT_ASSETS_TDAYS":1.681373541119,"TOTAL_ASSETS_TDAYS":1.522433645887,"PREMIUM_EXPENSE":null,"LOAN_DEPOSIT":null,"LOAN_EQUITY":null,"LOAN_ASSETS":null,"DEPOSIT_EQUITY":null,"DEPOSIT_ASSETS":null,"EQUITY_MULTIPLIER":1.421299268445,"EQUITY_RATIO":0.421299268446},{"SECUCODE":"02148.HK","SECURITY_CODE":"02148","SECURITY_NAME_ABBR":"VESYNC","ORG_CODE":"10000103412","STD_REPORT_DATE":"2020-06-30 00:00:00","REPORT_DATE":"2020-06-30 00:00:00","DATE_TYPE_CODE":"002","REPORT_TYPE":"2020年中报","PER_NETCASH_OPERATE":262.74632675713,"PER_OI":1180.6577374938,"BPS":0.21203842227,"BASIC_EPS":0.19893395,"DILUTED_EPS":0.19893395,"OPERATE_INCOME":915053693,"OPERATE_INCOME_YOY":71.7661129568,"GROSS_PROFIT":437286556,"GROSS_PROFIT_YOY":117.619805201115,"HOLDER_PROFIT":159154239.5,"HOLDER_PROFIT_YOY":1035.404040404,"GROSS_PROFIT_RATIO":47.788076191066,"EPS_TTM":245.142651871241,"OPERATE_INCOME_QOQ":33.162579224179,"NET_PROFIT_RATIO":17.3928853266,"ROE_AVG":88.993131840944,"GROSS_PROFIT_QOQ":50.389528131853,"ROA":23.843539038346,"HOLDER_PROFIT_QOQ":327.412038479031,"ROE_YEARLY":177.986263681887,"ROIC_YEARLY":54.694637220137,"TOTAL_ASSETS":707390719.5,"TOTAL_LIABILITIES":465774464,"TAX_EBT":17.129902683574,"OCF_SALES":22.260819781206,"TOTAL_PARENT_EQUITY":241616255.5,"DEBT_ASSET_RATIO":65.8440167733,"OPERATE_PROFIT":196604794.5,"PRETAX_PROFIT":192052676,"NETCASH_OPERATE":203698453.5,"NETCASH_INVEST":-45790206,"NETCASH_FINANCE":-115926812.5,"END_CASH":106511077.5,"DIVI_RATIO":0.000910620409,"DIVIDEND_RATE":5.85,"CURRENT_RATIO":1.622729022325,"COMMON_ACS":2000000000,"CURRENTDEBT_DEBT":78.976167315175,"ISSUED_COMMON_SHARES":1139492800,"HK_COMMON_SHARES":1139492800,"PER_SHARES":1000,"TOTAL_MARKET_CAP":4785869760,"HKSK_MARKET_CAP":4785869760,"PE_TTM":6.835067332012,"PB_TTM":1.824380257854,"REPORT_DATE_SQ":"2019-06-30 00:00:00","REPORT_TYPE_SQ":"2019年中报","OPERATE_INCOME_SQ":517321175,"DPS_HKD":0.2457,"OPERATE_INCOME_QOQ_SQ":0,"NET_PROFIT_RATIO_SQ":2.6312292359,"HOLDER_PROFIT_SQ":13611906,"HOLDER_PROFIT_QOQ_SQ":0,"ROE_AVG_SQ":null,"PE_TTM_SQ":834.617000659194,"PB_TTM_SQ":2.505645459663,"ROA_SQ":null,"START_DATE":"2020-01-01 00:00:00","FISCAL_YEAR":"12-31","CURRENCY":"HKD","IS_CNY_CODE":0,"DPS_HKD_LY":null,"ORG_TYPE":"一般企业","PREMIUM_INCOME":null,"PREMIUM_INCOME_YOY":null,"NET_INTEREST_INCOME":null,"NET_INTEREST_INCOME_YOY":null,"FEE_COMMISSION_INCOME":null,"FEE_COMMISSION_INCOME_YOY":null,"ACCOUNTS_RECE_TDAYS":7.082216925564,"INVENTORY_TDAYS":1.895620909525,"CURRENT_ASSETS_TDAYS":1.61326518513,"TOTAL_ASSETS_TDAYS":1.37087887321,"PREMIUM_EXPENSE":null,"LOAN_DEPOSIT":null,"LOAN_EQUITY":null,"LOAN_ASSETS":null,"DEPOSIT_EQUITY":null,"DEPOSIT_ASSETS":null,"EQUITY_MULTIPLIER":2.927744733222,"EQUITY_RATIO":1.927744733218}],"count":13},"success":true,"message":"ok","code":0}