{"version":"d94c219d4bd33a54357ad40ddf6ba814","result":{"pages":2,"data":[{"SECUCODE":"02142.HK","SECURITY_CODE":"02142","SECURITY_NAME_ABBR":"和铂医药-B","ORG_CODE":"10000120739","STD_REPORT_DATE":"2024-06-30 00:00:00","REPORT_DATE":"2024-06-30 00:00:00","DATE_TYPE_CODE":"002","REPORT_TYPE":"2024年中报","PER_NETCASH_OPERATE":0.390044147667,"PER_OI":0.219687175472,"BPS":1.159345776329,"BASIC_EPS":0,"DILUTED_EPS":0,"OPERATE_INCOME":168912286.8,"OPERATE_INCOME_YOY":-42.1870426383,"GROSS_PROFIT":160467028.8,"GROSS_PROFIT_YOY":-45.799647521559,"HOLDER_PROFIT":10148563.2,"HOLDER_PROFIT_YOY":-51.266255989,"GROSS_PROFIT_RATIO":95.000210961563,"EPS_TTM":0.195738984241,"OPERATE_INCOME_QOQ":-20.084151066599,"NET_PROFIT_RATIO":5.8942660647,"ROE_AVG":1.171144127214,"GROSS_PROFIT_QOQ":-21.887582341266,"ROA":0.6354504603,"HOLDER_PROFIT_QOQ":-6.791113324653,"ROE_YEARLY":2.342288254428,"ROIC_YEARLY":4.536151438651,"TOTAL_ASSETS":1565800720.8,"TOTAL_LIABILITIES":690579793.2,"TAX_EBT":18.967517401392,"OCF_SALES":177.545251255221,"TOTAL_PARENT_EQUITY":877971872.4,"DEBT_ASSET_RATIO":44.1039389002,"OPERATE_PROFIT":23397284.4,"PRETAX_PROFIT":12286603.2,"NETCASH_OPERATE":299895744,"NETCASH_INVEST":21715359.6,"NETCASH_FINANCE":-11417133.6,"END_CASH":1304475218.4,"DIVI_RATIO":null,"DIVIDEND_RATE":null,"CURRENT_RATIO":3.454286979025,"COMMON_ACS":2000000000,"CURRENTDEBT_DEBT":60.615692628407,"ISSUED_COMMON_SHARES":757299410,"HK_COMMON_SHARES":757299410,"PER_SHARES":1000,"TOTAL_MARKET_CAP":4127281784.5,"HKSK_MARKET_CAP":4127281784.5,"PE_TTM":24.804501387204,"PB_TTM":4.290442165029,"REPORT_DATE_SQ":"2023-06-30 00:00:00","REPORT_TYPE_SQ":"2023年中报","OPERATE_INCOME_SQ":296228896.8,"DPS_HKD":null,"OPERATE_INCOME_QOQ_SQ":39.125429370691,"NET_PROFIT_RATIO_SQ":7.1080105376,"HOLDER_PROFIT_SQ":21113787.6,"HOLDER_PROFIT_QOQ_SQ":53.509493230652,"ROE_AVG_SQ":3.019842910294,"PE_TTM_SQ":-2.7253183664,"PB_TTM_SQ":1.635855534541,"ROA_SQ":1.282602779412,"START_DATE":"2024-01-01 00:00:00","FISCAL_YEAR":"12-31","CURRENCY":"HKD","IS_CNY_CODE":0,"DPS_HKD_LY":null,"ORG_TYPE":"一般企业","PREMIUM_INCOME":null,"PREMIUM_INCOME_YOY":null,"NET_INTEREST_INCOME":null,"NET_INTEREST_INCOME_YOY":null,"FEE_COMMISSION_INCOME":null,"FEE_COMMISSION_INCOME_YOY":null,"ACCOUNTS_RECE_TDAYS":0.881176339369,"INVENTORY_TDAYS":1.923701298701,"CURRENT_ASSETS_TDAYS":0.114756201778,"TOTAL_ASSETS_TDAYS":0.105764124716,"PREMIUM_EXPENSE":null,"LOAN_DEPOSIT":null,"LOAN_EQUITY":null,"LOAN_ASSETS":null,"DEPOSIT_EQUITY":null,"DEPOSIT_ASSETS":null,"EQUITY_MULTIPLIER":1.789034827006,"EQUITY_RATIO":0.786562548197},{"SECUCODE":"02142.HK","SECURITY_CODE":"02142","SECURITY_NAME_ABBR":"和铂医药-B","ORG_CODE":"10000120739","STD_REPORT_DATE":"2023-12-31 00:00:00","REPORT_DATE":"2023-12-31 00:00:00","DATE_TYPE_CODE":"001","REPORT_TYPE":"2023年年报","PER_NETCASH_OPERATE":-0.176249731937,"PER_OI":0.824950502448,"BPS":1.12219684365,"BASIC_EPS":0.212481,"DILUTED_EPS":0.212481,"OPERATE_INCOME":633915815.4,"OPERATE_INCOME_YOY":120.1283848594,"GROSS_PROFIT":619509603.6,"GROSS_PROFIT_YOY":119.475464294245,"HOLDER_PROFIT":161464311.9,"HOLDER_PROFIT_YOY":116.6132252846,"GROSS_PROFIT_RATIO":97.727425085473,"EPS_TTM":0.210122640883,"OPERATE_INCOME_QOQ":60.905984823339,"NET_PROFIT_RATIO":25.432951219,"ROE_AVG":21.42434238349,"GROSS_PROFIT_QOQ":57.495219503112,"ROA":9.898763143097,"HOLDER_PROFIT_QOQ":136.340620844565,"ROE_YEARLY":21.42434238349,"ROIC_YEARLY":30.547106352758,"TOTAL_ASSETS":1618255296,"TOTAL_LIABILITIES":770958977.7,"TAX_EBT":-0.357111365841,"OCF_SALES":-21.364885700878,"TOTAL_PARENT_EQUITY":849839007.6,"DEBT_ASSET_RATIO":47.6413690476,"OPERATE_PROFIT":188074015.8,"PRETAX_PROFIT":160649801.4,"NETCASH_OPERATE":-135435389.4,"NETCASH_INVEST":198931794.9,"NETCASH_FINANCE":-206411126.1,"END_CASH":993872794.8,"DIVI_RATIO":null,"DIVIDEND_RATE":null,"CURRENT_RATIO":3.27734289724,"COMMON_ACS":2000000000,"CURRENTDEBT_DEBT":58.915398113017,"ISSUED_COMMON_SHARES":757299410,"HK_COMMON_SHARES":757299410,"PER_SHARES":1000,"TOTAL_MARKET_CAP":3044343628.2,"HKSK_MARKET_CAP":3044343628.2,"PE_TTM":18.296164325974,"PB_TTM":3.164693119893,"REPORT_DATE_SQ":"2022-12-31 00:00:00","REPORT_TYPE_SQ":"2022年年报","OPERATE_INCOME_SQ":283173671.4,"DPS_HKD":null,"OPERATE_INCOME_QOQ_SQ":42.575772338458,"NET_PROFIT_RATIO_SQ":-337.6079096879,"HOLDER_PROFIT_SQ":-955696341.2,"HOLDER_PROFIT_QOQ_SQ":1.577647565987,"ROE_AVG_SQ":-86.844145446951,"PE_TTM_SQ":-2.676651967,"PB_TTM_SQ":1.606643828567,"ROA_SQ":-53.343544211287,"START_DATE":"2023-01-01 00:00:00","FISCAL_YEAR":"12-31","CURRENCY":"HKD","IS_CNY_CODE":0,"DPS_HKD_LY":null,"ORG_TYPE":"一般企业","PREMIUM_INCOME":null,"PREMIUM_INCOME_YOY":null,"NET_INTEREST_INCOME":null,"NET_INTEREST_INCOME_YOY":null,"FEE_COMMISSION_INCOME":null,"FEE_COMMISSION_INCOME_YOY":null,"ACCOUNTS_RECE_TDAYS":3.011456738615,"INVENTORY_TDAYS":null,"CURRENT_ASSETS_TDAYS":0.427025582793,"TOTAL_ASSETS_TDAYS":0.388629687605,"PREMIUM_EXPENSE":null,"LOAN_DEPOSIT":null,"LOAN_EQUITY":null,"LOAN_ASSETS":null,"DEPOSIT_EQUITY":null,"DEPOSIT_ASSETS":null,"EQUITY_MULTIPLIER":1.909904788972,"EQUITY_RATIO":0.907182384905},{"SECUCODE":"02142.HK","SECURITY_CODE":"02142","SECURITY_NAME_ABBR":"和铂医药-B","ORG_CODE":"10000120739","STD_REPORT_DATE":"2023-06-30 00:00:00","REPORT_DATE":"2023-06-30 00:00:00","DATE_TYPE_CODE":"002","REPORT_TYPE":"2023年中报","PER_NETCASH_OPERATE":0.017640669974,"PER_OI":0.385499416986,"BPS":0.960775481391,"BASIC_EPS":0,"DILUTED_EPS":0,"OPERATE_INCOME":296228896.8,"OPERATE_INCOME_YOY":48.3749547593,"GROSS_PROFIT":296062703.4,"GROSS_PROFIT_YOY":60.051536772971,"HOLDER_PROFIT":21113787.6,"HOLDER_PROFIT_YOY":103.9999452437,"GROSS_PROFIT_RATIO":99.943896965558,"EPS_TTM":-0.578203222729,"OPERATE_INCOME_QOQ":39.125429370691,"NET_PROFIT_RATIO":7.1080105376,"ROE_AVG":3.019842910294,"GROSS_PROFIT_QOQ":39.353730853976,"ROA":1.282602779412,"HOLDER_PROFIT_QOQ":53.509493230652,"ROE_YEARLY":6.039685820587,"ROIC_YEARLY":11.104988123515,"TOTAL_ASSETS":1615060235.4,"TOTAL_LIABILITIES":889871721.6,"TAX_EBT":-0.378918360317,"OCF_SALES":4.576056200605,"TOTAL_PARENT_EQUITY":727594705.2,"DEBT_ASSET_RATIO":55.0983611691,"OPERATE_PROFIT":37935450,"PRETAX_PROFIT":20976497.4,"NETCASH_OPERATE":13555600.8,"NETCASH_INVEST":107534355.6,"NETCASH_FINANCE":-50327697,"END_CASH":1223609746.2,"DIVI_RATIO":null,"DIVIDEND_RATE":null,"CURRENT_RATIO":3.142708994381,"COMMON_ACS":2000000000,"CURRENTDEBT_DEBT":52.461186176432,"ISSUED_COMMON_SHARES":757299410,"HK_COMMON_SHARES":757299410,"PER_SHARES":1000,"TOTAL_MARKET_CAP":3044343628.2,"HKSK_MARKET_CAP":3044343628.2,"PE_TTM":18.296164325974,"PB_TTM":3.164693119893,"REPORT_DATE_SQ":"2022-06-30 00:00:00","REPORT_TYPE_SQ":"2022年中报","OPERATE_INCOME_SQ":185435982,"DPS_HKD":null,"OPERATE_INCOME_QOQ_SQ":623.108672728768,"NET_PROFIT_RATIO_SQ":-264.4914947521,"HOLDER_PROFIT_SQ":-490274481.4,"HOLDER_PROFIT_QOQ_SQ":-10.540540682348,"ROE_AVG_SQ":-38.417666099569,"PE_TTM_SQ":-2.676651967,"PB_TTM_SQ":1.606643828567,"ROA_SQ":-26.531775952116,"START_DATE":"2023-01-01 00:00:00","FISCAL_YEAR":"12-31","CURRENCY":"HKD","IS_CNY_CODE":0,"DPS_HKD_LY":null,"ORG_TYPE":"一般企业","PREMIUM_INCOME":null,"PREMIUM_INCOME_YOY":null,"NET_INTEREST_INCOME":null,"NET_INTEREST_INCOME_YOY":null,"FEE_COMMISSION_INCOME":null,"FEE_COMMISSION_INCOME_YOY":null,"ACCOUNTS_RECE_TDAYS":5.730099937103,"INVENTORY_TDAYS":0.022504892368,"CURRENT_ASSETS_TDAYS":0.198984111267,"TOTAL_ASSETS_TDAYS":0.179950662371,"PREMIUM_EXPENSE":null,"LOAN_DEPOSIT":null,"LOAN_EQUITY":null,"LOAN_ASSETS":null,"DEPOSIT_EQUITY":null,"DEPOSIT_ASSETS":null,"EQUITY_MULTIPLIER":2.22709020436,"EQUITY_RATIO":1.223032156832},{"SECUCODE":"02142.HK","SECURITY_CODE":"02142","SECURITY_NAME_ABBR":"和铂医药-B","ORG_CODE":"10000120739","STD_REPORT_DATE":"2022-12-31 00:00:00","REPORT_DATE":"2022-12-31 00:00:00","DATE_TYPE_CODE":"001","REPORT_TYPE":"2022年年报","PER_NETCASH_OPERATE":-0.906605232241,"PER_OI":0.36874937115,"BPS":0.853686073253,"BASIC_EPS":-1.323274,"DILUTED_EPS":-1.323274,"OPERATE_INCOME":283173671.4,"OPERATE_INCOME_YOY":843.8022284123,"GROSS_PROFIT":282268273.4,"GROSS_PROFIT_YOY":961.436464249616,"HOLDER_PROFIT":-955696341.2,"HOLDER_PROFIT_YOY":0.4028248547,"GROSS_PROFIT_RATIO":99.680267591431,"EPS_TTM":-1.244509855333,"OPERATE_INCOME_QOQ":42.575772338458,"NET_PROFIT_RATIO":-337.6079096879,"ROE_AVG":-86.844145446951,"GROSS_PROFIT_QOQ":43.077914336709,"ROA":-53.343544211287,"HOLDER_PROFIT_QOQ":1.577647565987,"ROE_YEARLY":-86.844145446951,"ROIC_YEARLY":-215.963298420667,"TOTAL_ASSETS":1616643845.8,"TOTAL_LIABILITIES":972411381.2,"TAX_EBT":-0.180995475113,"OCF_SALES":-245.859465309034,"TOTAL_PARENT_EQUITY":646495959.6,"DEBT_ASSET_RATIO":60.1500066775,"OPERATE_PROFIT":-940450831.8,"PRETAX_PROFIT":-954289492,"NETCASH_OPERATE":-696209274.4,"NETCASH_INVEST":958259314,"NETCASH_FINANCE":491526645,"END_CASH":1126210643,"DIVI_RATIO":null,"DIVIDEND_RATE":null,"CURRENT_RATIO":2.785192686957,"COMMON_ACS":2000000000,"CURRENTDEBT_DEBT":53.747976679893,"ISSUED_COMMON_SHARES":757299410,"HK_COMMON_SHARES":757299410,"PER_SHARES":1000,"TOTAL_MARKET_CAP":3044343628.2,"HKSK_MARKET_CAP":3044343628.2,"PE_TTM":18.296164325974,"PB_TTM":3.164693119893,"REPORT_DATE_SQ":"2021-12-31 00:00:00","REPORT_TYPE_SQ":"2021年年报","OPERATE_INCOME_SQ":27466515.6,"DPS_HKD":null,"OPERATE_INCOME_QOQ_SQ":-56.652765937118,"NET_PROFIT_RATIO_SQ":-3200.5106778087,"HOLDER_PROFIT_SQ":-878424818.9,"HOLDER_PROFIT_QOQ_SQ":55.850712395409,"ROE_AVG_SQ":-47.153302907873,"PE_TTM_SQ":-2.676651967,"PB_TTM_SQ":1.606643828567,"ROA_SQ":-41.060111846389,"START_DATE":"2022-01-01 00:00:00","FISCAL_YEAR":"12-31","CURRENCY":"HKD","IS_CNY_CODE":0,"DPS_HKD_LY":null,"ORG_TYPE":"一般企业","PREMIUM_INCOME":null,"PREMIUM_INCOME_YOY":null,"NET_INTEREST_INCOME":null,"NET_INTEREST_INCOME_YOY":null,"FEE_COMMISSION_INCOME":null,"FEE_COMMISSION_INCOME_YOY":null,"ACCOUNTS_RECE_TDAYS":11.382698768197,"INVENTORY_TDAYS":0.124521072797,"CURRENT_ASSETS_TDAYS":0.18075526975,"TOTAL_ASSETS_TDAYS":0.158057393427,"PREMIUM_EXPENSE":null,"LOAN_DEPOSIT":null,"LOAN_EQUITY":null,"LOAN_ASSETS":null,"DEPOSIT_EQUITY":null,"DEPOSIT_ASSETS":null,"EQUITY_MULTIPLIER":2.509410709074,"EQUITY_RATIO":1.504125999181},{"SECUCODE":"02142.HK","SECURITY_CODE":"02142","SECURITY_NAME_ABBR":"和铂医药-B","ORG_CODE":"10000120739","STD_REPORT_DATE":"2022-06-30 00:00:00","REPORT_DATE":"2022-06-30 00:00:00","DATE_TYPE_CODE":"002","REPORT_TYPE":"2022年中报","PER_NETCASH_OPERATE":-0.365088980579,"PER_OI":0.241487324844,"BPS":1.392317482989,"BASIC_EPS":-0.67114,"DILUTED_EPS":-0.67114,"OPERATE_INCOME":185435982,"OPERATE_INCOME_YOY":1149.095840868,"GROSS_PROFIT":184979606.8,"GROSS_PROFIT_YOY":1194.49235091815,"HOLDER_PROFIT":-490274481.4,"HOLDER_PROFIT_YOY":-18.6663417804,"GROSS_PROFIT_RATIO":99.753890698516,"EPS_TTM":-1.264522363169,"OPERATE_INCOME_QOQ":623.108672728768,"NET_PROFIT_RATIO":-264.4914947521,"ROE_AVG":-38.417666099569,"GROSS_PROFIT_QOQ":641.859055725199,"ROA":-26.531775952116,"HOLDER_PROFIT_QOQ":-10.540540682348,"ROE_YEARLY":-76.835332199138,"ROIC_YEARLY":-221.209138946508,"TOTAL_ASSETS":1800715599.8,"TOTAL_LIABILITIES":748374791.2,"TAX_EBT":-0.314344543583,"OCF_SALES":-151.183496199783,"TOTAL_PARENT_EQUITY":1054401208.4,"DEBT_ASSET_RATIO":41.5598549423,"OPERATE_PROFIT":-485073146.4,"PRETAX_PROFIT":-488925490,"NETCASH_OPERATE":-280348600.8,"NETCASH_INVEST":664348063.2,"NETCASH_FINANCE":281529807.2,"END_CASH":1025877758.4,"DIVI_RATIO":null,"DIVIDEND_RATE":null,"CURRENT_RATIO":3.951960223208,"COMMON_ACS":2000000000,"CURRENTDEBT_DEBT":50.141693869498,"ISSUED_COMMON_SHARES":757299410,"HK_COMMON_SHARES":757299410,"PER_SHARES":1000,"TOTAL_MARKET_CAP":3044343628.2,"HKSK_MARKET_CAP":3044343628.2,"PE_TTM":18.296164325974,"PB_TTM":3.164693119893,"REPORT_DATE_SQ":"2021-06-30 00:00:00","REPORT_TYPE_SQ":"2021年中报","OPERATE_INCOME_SQ":14289741.2,"DPS_HKD":null,"OPERATE_INCOME_QOQ_SQ":-31.16114294525,"NET_PROFIT_RATIO_SQ":-2785.4882459313,"HOLDER_PROFIT_SQ":-397683756,"HOLDER_PROFIT_QOQ_SQ":-2.880539715357,"ROE_AVG_SQ":-18.499986476618,"PE_TTM_SQ":-2.676651967,"PB_TTM_SQ":1.606643828567,"ROA_SQ":-17.196011061762,"START_DATE":"2022-01-01 00:00:00","FISCAL_YEAR":"12-31","CURRENCY":"HKD","IS_CNY_CODE":0,"DPS_HKD_LY":null,"ORG_TYPE":"一般企业","PREMIUM_INCOME":null,"PREMIUM_INCOME_YOY":null,"NET_INTEREST_INCOME":null,"NET_INTEREST_INCOME_YOY":null,"FEE_COMMISSION_INCOME":null,"FEE_COMMISSION_INCOME_YOY":null,"ACCOUNTS_RECE_TDAYS":449.268292682927,"INVENTORY_TDAYS":null,"CURRENT_ASSETS_TDAYS":0.119654677381,"TOTAL_ASSETS_TDAYS":0.100350846608,"PREMIUM_EXPENSE":null,"LOAN_DEPOSIT":null,"LOAN_EQUITY":null,"LOAN_ASSETS":null,"DEPOSIT_EQUITY":null,"DEPOSIT_ASSETS":null,"EQUITY_MULTIPLIER":1.711152494595,"EQUITY_RATIO":0.709762835283},{"SECUCODE":"02142.HK","SECURITY_CODE":"02142","SECURITY_NAME_ABBR":"和铂医药-B","ORG_CODE":"10000120739","STD_REPORT_DATE":"2021-12-31 00:00:00","REPORT_DATE":"2021-12-31 00:00:00","DATE_TYPE_CODE":"001","REPORT_TYPE":"2021年年报","PER_NETCASH_OPERATE":-1.042915120028,"PER_OI":0.035768761292,"BPS":1.879060766864,"BASIC_EPS":-1.211383,"DILUTED_EPS":-1.211383,"OPERATE_INCOME":27466515.6,"OPERATE_INCOME_YOY":-69.4619692351,"GROSS_PROFIT":26593044.7,"GROSS_PROFIT_YOY":-70.159431338307,"HOLDER_PROFIT":-878424818.9,"HOLDER_PROFIT_YOY":53.5160612287,"GROSS_PROFIT_RATIO":96.819870009285,"EPS_TTM":-1.143944434651,"OPERATE_INCOME_QOQ":-56.652765937118,"NET_PROFIT_RATIO":-3200.5106778087,"ROE_AVG":-47.153302907873,"GROSS_PROFIT_QOQ":-57.428021704369,"ROA":-41.060111846389,"HOLDER_PROFIT_QOQ":55.850712395409,"ROE_YEARLY":-47.153302907873,"ROIC_YEARLY":-279.869589063357,"TOTAL_ASSETS":1800249027.7,"TOTAL_LIABILITIES":379016237.9,"TAX_EBT":-0.035551299073,"OCF_SALES":-2915.71494893222,"TOTAL_PARENT_EQUITY":1423011610.1,"DEBT_ASSET_RATIO":21.0535449301,"OPERATE_PROFIT":-877634232.1,"PRETAX_PROFIT":-878756355.3,"NETCASH_OPERATE":-800845301.3,"NETCASH_INVEST":-490310457.1,"NETCASH_FINANCE":10130987.3,"END_CASH":358977412.8,"DIVI_RATIO":null,"DIVIDEND_RATE":null,"CURRENT_RATIO":5.866934599927,"COMMON_ACS":2000000000,"CURRENTDEBT_DEBT":69.061516981513,"ISSUED_COMMON_SHARES":757299410,"HK_COMMON_SHARES":757299410,"PER_SHARES":1000,"TOTAL_MARKET_CAP":3044343628.2,"HKSK_MARKET_CAP":3044343628.2,"PE_TTM":18.296164325974,"PB_TTM":3.164693119893,"REPORT_DATE_SQ":"2020-12-31 00:00:00","REPORT_TYPE_SQ":"2020年年报","OPERATE_INCOME_SQ":92046764.3,"DPS_HKD":null,"OPERATE_INCOME_QOQ_SQ":19.612305775469,"NET_PROFIT_RATIO_SQ":-2102.0698943787,"HOLDER_PROFIT_SQ":-1933960785.3,"HOLDER_PROFIT_QOQ_SQ":-248.667726349829,"ROE_AVG_SQ":-285.305739381543,"PE_TTM_SQ":-2.676651967,"PB_TTM_SQ":1.606643828567,"ROA_SQ":-129.364062701179,"START_DATE":"2021-01-01 00:00:00","FISCAL_YEAR":"12-31","CURRENCY":"HKD","IS_CNY_CODE":0,"DPS_HKD_LY":null,"ORG_TYPE":"一般企业","PREMIUM_INCOME":null,"PREMIUM_INCOME_YOY":null,"NET_INTEREST_INCOME":null,"NET_INTEREST_INCOME_YOY":null,"FEE_COMMISSION_INCOME":null,"FEE_COMMISSION_INCOME_YOY":null,"ACCOUNTS_RECE_TDAYS":7.96303142329,"INVENTORY_TDAYS":null,"CURRENT_ASSETS_TDAYS":0.014120816896,"TOTAL_ASSETS_TDAYS":0.012838642287,"PREMIUM_EXPENSE":null,"LOAN_DEPOSIT":null,"LOAN_EQUITY":null,"LOAN_ASSETS":null,"DEPOSIT_EQUITY":null,"DEPOSIT_ASSETS":null,"EQUITY_MULTIPLIER":1.266681321048,"EQUITY_RATIO":0.266347958941},{"SECUCODE":"02142.HK","SECURITY_CODE":"02142","SECURITY_NAME_ABBR":"和铂医药-B","ORG_CODE":"10000120739","STD_REPORT_DATE":"2021-06-30 00:00:00","REPORT_DATE":"2021-06-30 00:00:00","DATE_TYPE_CODE":"002","REPORT_TYPE":"2021年中报","PER_NETCASH_OPERATE":-0.592251354866,"PER_OI":0.018609071108,"BPS":2.59605287795,"BASIC_EPS":-0.516808,"DILUTED_EPS":-0.516808,"OPERATE_INCOME":14289741.2,"OPERATE_INCOME_YOY":-63.5584843493,"GROSS_PROFIT":14289741.2,"GROSS_PROFIT_YOY":-65.096531637667,"HOLDER_PROFIT":-397683756,"HOLDER_PROFIT_YOY":-27.4402235793,"GROSS_PROFIT_RATIO":null,"EPS_TTM":-2.591082431265,"OPERATE_INCOME_QOQ":-31.16114294525,"NET_PROFIT_RATIO":-2785.4882459313,"ROE_AVG":-18.499986476618,"GROSS_PROFIT_QOQ":-29.90560961374,"ROA":-17.196011061762,"HOLDER_PROFIT_QOQ":-2.880539715357,"ROE_YEARLY":-36.999972953236,"ROIC_YEARLY":-313.390095834447,"TOTAL_ASSETS":2114016044.2,"TOTAL_LIABILITIES":149531934.7,"TAX_EBT":-0.02922220238,"OCF_SALES":-3182.59493670886,"TOTAL_PARENT_EQUITY":1965989312.8,"DEBT_ASSET_RATIO":7.0733585542,"OPERATE_PROFIT":-397670835.8,"PRETAX_PROFIT":-397922779.7,"NETCASH_OPERATE":-454784579.9,"NETCASH_INVEST":-936339814.2,"NETCASH_FINANCE":-3546594.9,"END_CASH":265019142.4,"DIVI_RATIO":null,"DIVIDEND_RATE":null,"CURRENT_RATIO":17.310989327949,"COMMON_ACS":2000000000,"CURRENTDEBT_DEBT":74.890914589364,"ISSUED_COMMON_SHARES":757299410,"HK_COMMON_SHARES":757299410,"PER_SHARES":1000,"TOTAL_MARKET_CAP":3044343628.2,"HKSK_MARKET_CAP":3044343628.2,"PE_TTM":18.296164325974,"PB_TTM":3.164693119893,"REPORT_DATE_SQ":"2020-06-30 00:00:00","REPORT_TYPE_SQ":"2020年中报","OPERATE_INCOME_SQ":42972565,"DPS_HKD":null,"OPERATE_INCOME_QOQ_SQ":103.561006798329,"NET_PROFIT_RATIO_SQ":-797.0675453048,"HOLDER_PROFIT_SQ":-341975247.5,"HOLDER_PROFIT_QOQ_SQ":-17.861144561706,"ROE_AVG_SQ":27.222442947271,"PE_TTM_SQ":-2.676651967,"PB_TTM_SQ":1.606643828567,"ROA_SQ":-50.276335099241,"START_DATE":"2021-01-01 00:00:00","FISCAL_YEAR":"12-31","CURRENCY":"HKD","IS_CNY_CODE":0,"DPS_HKD_LY":null,"ORG_TYPE":"一般企业","PREMIUM_INCOME":null,"PREMIUM_INCOME_YOY":null,"NET_INTEREST_INCOME":null,"NET_INTEREST_INCOME_YOY":null,"FEE_COMMISSION_INCOME":null,"FEE_COMMISSION_INCOME_YOY":null,"ACCOUNTS_RECE_TDAYS":1.354562155542,"INVENTORY_TDAYS":null,"CURRENT_ASSETS_TDAYS":0.006609081212,"TOTAL_ASSETS_TDAYS":0.006178943546,"PREMIUM_EXPENSE":null,"LOAN_DEPOSIT":null,"LOAN_EQUITY":null,"LOAN_ASSETS":null,"DEPOSIT_EQUITY":null,"DEPOSIT_ASSETS":null,"EQUITY_MULTIPLIER":1.076117660599,"EQUITY_RATIO":0.076059383297},{"SECUCODE":"02142.HK","SECURITY_CODE":"02142","SECURITY_NAME_ABBR":"和铂医药-B","ORG_CODE":"10000120739","STD_REPORT_DATE":"2020-12-31 00:00:00","REPORT_DATE":"2020-12-31 00:00:00","DATE_TYPE_CODE":"001","REPORT_TYPE":"2020年年报","PER_NETCASH_OPERATE":-0.300689275157,"PER_OI":0.119869545444,"BPS":3.1119825267,"BASIC_EPS":-11.027081,"DILUTED_EPS":-11.027081,"OPERATE_INCOME":92046764.3,"OPERATE_INCOME_YOY":160.3247831703,"GROSS_PROFIT":89117084.2,"GROSS_PROFIT_YOY":166.356237323904,"HOLDER_PROFIT":-1933960785.3,"HOLDER_PROFIT_YOY":-339.3670323154,"GROSS_PROFIT_RATIO":96.817182958815,"EPS_TTM":-2.518535029496,"OPERATE_INCOME_QOQ":19.612305775469,"NET_PROFIT_RATIO":-2102.0698943787,"ROE_AVG":-285.305739381543,"GROSS_PROFIT_QOQ":22.790029501463,"ROA":-129.364062701179,"HOLDER_PROFIT_QOQ":-248.667726349829,"ROE_YEARLY":-285.305739381543,"ROIC_YEARLY":-868.359066006504,"TOTAL_ASSETS":2536476576.2,"TOTAL_LIABILITIES":180935477,"TAX_EBT":0.033374011421,"OCF_SALES":-250.847097185794,"TOTAL_PARENT_EQUITY":2356702531.4,"DEBT_ASSET_RATIO":7.1333391642,"OPERATE_PROFIT":-1933706314.2,"PRETAX_PROFIT":-1935533286.2,"NETCASH_OPERATE":-230896636.3,"NETCASH_INVEST":-610299996.6,"NETCASH_FINANCE":2335000714,"END_CASH":1675555170.6,"DIVI_RATIO":null,"DIVIDEND_RATE":null,"CURRENT_RATIO":14.452723857232,"COMMON_ACS":2000000000,"CURRENTDEBT_DEBT":92.145690587811,"ISSUED_COMMON_SHARES":757299410,"HK_COMMON_SHARES":757299410,"PER_SHARES":1000,"TOTAL_MARKET_CAP":3044343628.2,"HKSK_MARKET_CAP":3044343628.2,"PE_TTM":18.296164325974,"PB_TTM":3.164693119893,"REPORT_DATE_SQ":"2019-12-31 00:00:00","REPORT_TYPE_SQ":"2019年年报","OPERATE_INCOME_SQ":37804027.8,"DPS_HKD":null,"OPERATE_INCOME_QOQ_SQ":271.424261064336,"NET_PROFIT_RATIO_SQ":-1245.5434582026,"HOLDER_PROFIT_SQ":-470614452,"HOLDER_PROFIT_QOQ_SQ":-98.278644021461,"ROE_AVG_SQ":56.385352847268,"PE_TTM_SQ":-2.676651967,"PB_TTM_SQ":1.606643828567,"ROA_SQ":-88.184159270056,"START_DATE":"2020-01-01 00:00:00","FISCAL_YEAR":"12-31","CURRENCY":"HKD","IS_CNY_CODE":0,"DPS_HKD_LY":null,"ORG_TYPE":"一般企业","PREMIUM_INCOME":null,"PREMIUM_INCOME_YOY":null,"NET_INTEREST_INCOME":null,"NET_INTEREST_INCOME_YOY":null,"FEE_COMMISSION_INCOME":null,"FEE_COMMISSION_INCOME_YOY":null,"ACCOUNTS_RECE_TDAYS":10.338585562477,"INVENTORY_TDAYS":null,"CURRENT_ASSETS_TDAYS":0.067858491451,"TOTAL_ASSETS_TDAYS":0.061570759236,"PREMIUM_EXPENSE":null,"LOAN_DEPOSIT":null,"LOAN_EQUITY":null,"LOAN_ASSETS":null,"DEPOSIT_EQUITY":null,"DEPOSIT_ASSETS":null,"EQUITY_MULTIPLIER":1.076812702212,"EQUITY_RATIO":0.076774847309},{"SECUCODE":"02142.HK","SECURITY_CODE":"02142","SECURITY_NAME_ABBR":"和铂医药-B","ORG_CODE":"10000120739","STD_REPORT_DATE":"2020-06-30 00:00:00","REPORT_DATE":"2020-06-30 00:00:00","DATE_TYPE_CODE":"002","REPORT_TYPE":"2020年中报","PER_NETCASH_OPERATE":-0.558690541667,"PER_OI":0.179052354167,"BPS":-1.883505574103,"BASIC_EPS":-2.761005,"DILUTED_EPS":-2.761005,"OPERATE_INCOME":42972565,"OPERATE_INCOME_YOY":991.726618705,"GROSS_PROFIT":40940748.5,"GROSS_PROFIT_YOY":2147.2746529454,"HOLDER_PROFIT":-341975247.5,"HOLDER_PROFIT_YOY":-28.7549644161,"GROSS_PROFIT_RATIO":95.271828665568,"EPS_TTM":-2.311131581667,"OPERATE_INCOME_QOQ":103.561006798329,"NET_PROFIT_RATIO":-797.0675453048,"ROE_AVG":27.222442947271,"GROSS_PROFIT_QOQ":116.920085780035,"ROA":-50.276335099241,"HOLDER_PROFIT_QOQ":-17.861144561706,"ROE_YEARLY":54.444885894542,"ROIC_YEARLY":-278.110426622143,"TOTAL_ASSETS":868364390.5,"TOTAL_LIABILITIES":2295542034,"TAX_EBT":0.111487323478,"OCF_SALES":-312.026359143328,"TOTAL_PARENT_EQUITY":-1426377660,"DEBT_ASSET_RATIO":264.3523915897,"OPERATE_PROFIT":-341238979.5,"PRETAX_PROFIT":-342902662,"NETCASH_OPERATE":-134085730,"NETCASH_INVEST":-110886208.5,"NETCASH_FINANCE":536173012,"END_CASH":484520980,"DIVI_RATIO":null,"DIVIDEND_RATE":null,"CURRENT_RATIO":9.91389185516,"COMMON_ACS":2000000000,"CURRENTDEBT_DEBT":3.17685010424,"ISSUED_COMMON_SHARES":757299410,"HK_COMMON_SHARES":757299410,"PER_SHARES":1000,"TOTAL_MARKET_CAP":3044343628.2,"HKSK_MARKET_CAP":3044343628.2,"PE_TTM":18.296164325974,"PB_TTM":3.164693119893,"REPORT_DATE_SQ":"2019-06-30 00:00:00","REPORT_TYPE_SQ":"2019年中报","OPERATE_INCOME_SQ":3822333.2,"DPS_HKD":null,"OPERATE_INCOME_QOQ_SQ":0,"NET_PROFIT_RATIO_SQ":-6751.7985611511,"HOLDER_PROFIT_SQ":-257918119.9,"HOLDER_PROFIT_QOQ_SQ":0,"ROE_AVG_SQ":null,"PE_TTM_SQ":-2.676651967,"PB_TTM_SQ":1.606643828567,"ROA_SQ":null,"START_DATE":"2020-01-01 00:00:00","FISCAL_YEAR":"12-31","CURRENCY":"HKD","IS_CNY_CODE":0,"DPS_HKD_LY":null,"ORG_TYPE":"一般企业","PREMIUM_INCOME":null,"PREMIUM_INCOME_YOY":null,"NET_INTEREST_INCOME":null,"NET_INTEREST_INCOME_YOY":null,"FEE_COMMISSION_INCOME":null,"FEE_COMMISSION_INCOME_YOY":null,"ACCOUNTS_RECE_TDAYS":5.786463298379,"INVENTORY_TDAYS":null,"CURRENT_ASSETS_TDAYS":0.081693628704,"TOTAL_ASSETS_TDAYS":0.063177177115,"PREMIUM_EXPENSE":null,"LOAN_DEPOSIT":null,"LOAN_EQUITY":null,"LOAN_ASSETS":null,"DEPOSIT_EQUITY":null,"DEPOSIT_ASSETS":null,"EQUITY_MULTIPLIER":-0.608448706056,"EQUITY_RATIO":-1.60935080405}],"count":12},"success":true,"message":"ok","code":0}