{"version":"f113c85942ed2d0ff2fd53819026239f","result":{"pages":2,"data":[{"SECUCODE":"02152.HK","SECURITY_CODE":"02152","SECURITY_NAME_ABBR":"苏新服务","ORG_CODE":"10000250922","STD_REPORT_DATE":"2024-06-30 00:00:00","REPORT_DATE":"2024-06-30 00:00:00","DATE_TYPE_CODE":"002","REPORT_TYPE":"2024年中报","PER_NETCASH_OPERATE":-0.929112195315,"PER_OI":4.429018179659,"BPS":7.850426039368,"BASIC_EPS":0.31,"DILUTED_EPS":0.31,"OPERATE_INCOME":447539000,"OPERATE_INCOME_YOY":28.3151891875,"GROSS_PROFIT":88066000,"GROSS_PROFIT_YOY":18.478158507218,"HOLDER_PROFIT":31188000,"HOLDER_PROFIT_YOY":-4.3400914026,"GROSS_PROFIT_RATIO":19.677838132543,"EPS_TTM":0.722584539868,"OPERATE_INCOME_QOQ":13.619839360974,"NET_PROFIT_RATIO":7.2306547586,"ROE_AVG":3.924771438819,"GROSS_PROFIT_QOQ":9.34525389017,"ROA":1.903741069728,"HOLDER_PROFIT_QOQ":-1.901115141744,"ROE_YEARLY":7.849542877637,"ROIC_YEARLY":5.133970827167,"TOTAL_ASSETS":1659863000,"TOTAL_LIABILITIES":850563000,"TAX_EBT":28.618696783871,"OCF_SALES":-20.977836568433,"TOTAL_PARENT_EQUITY":793262000,"DEBT_ASSET_RATIO":51.2429640278,"OPERATE_PROFIT":52180000,"PRETAX_PROFIT":45334000,"NETCASH_OPERATE":-93884000,"NETCASH_INVEST":31746000,"NETCASH_FINANCE":-22991000,"END_CASH":313757000,"DIVI_RATIO":0.46325437558,"DIVIDEND_RATE":5.682784615385,"CURRENT_RATIO":1.57026298873,"COMMON_ACS":null,"CURRENTDEBT_DEBT":66.024856477416,"ISSUED_COMMON_SHARES":101047000,"HK_COMMON_SHARES":26047000,"PER_SHARES":500,"TOTAL_MARKET_CAP":656805500,"HKSK_MARKET_CAP":169305500,"PE_TTM":8.114487694212,"PB_TTM":0.755681280258,"REPORT_DATE_SQ":"2023-06-30 00:00:00","REPORT_TYPE_SQ":"2023年中报","OPERATE_INCOME_SQ":348781000,"DPS_HKD":0.369381,"OPERATE_INCOME_QOQ_SQ":18.809307137452,"NET_PROFIT_RATIO_SQ":10.7457090973,"HOLDER_PROFIT_SQ":32603000,"HOLDER_PROFIT_QOQ_SQ":9.655204360514,"ROE_AVG_SQ":4.566876579106,"PE_TTM_SQ":8.373645792863,"PB_TTM_SQ":0.765554643626,"ROA_SQ":2.371890514587,"START_DATE":"2024-01-01 00:00:00","FISCAL_YEAR":"12-31","CURRENCY":"HKD","IS_CNY_CODE":0,"DPS_HKD_LY":0.369381,"ORG_TYPE":"一般企业","PREMIUM_INCOME":null,"PREMIUM_INCOME_YOY":null,"NET_INTEREST_INCOME":null,"NET_INTEREST_INCOME_YOY":null,"FEE_COMMISSION_INCOME":null,"FEE_COMMISSION_INCOME_YOY":null,"ACCOUNTS_RECE_TDAYS":1.311930935421,"INVENTORY_TDAYS":2983.17842323651,"CURRENT_ASSETS_TDAYS":0.511509971575,"TOTAL_ASSETS_TDAYS":0.273181471914,"PREMIUM_EXPENSE":null,"LOAN_DEPOSIT":null,"LOAN_EQUITY":null,"LOAN_ASSETS":null,"DEPOSIT_EQUITY":null,"DEPOSIT_ASSETS":null,"EQUITY_MULTIPLIER":2.050986037318,"EQUITY_RATIO":1.072234646309},{"SECUCODE":"02152.HK","SECURITY_CODE":"02152","SECURITY_NAME_ABBR":"苏新服务","ORG_CODE":"10000250922","STD_REPORT_DATE":"2023-12-31 00:00:00","REPORT_DATE":"2023-12-31 00:00:00","DATE_TYPE_CODE":"001","REPORT_TYPE":"2023年年报","PER_NETCASH_OPERATE":1.33419102002,"PER_OI":7.17590824072,"BPS":7.877799439865,"BASIC_EPS":0.74,"DILUTED_EPS":0.74,"OPERATE_INCOME":725104000,"OPERATE_INCOME_YOY":35.7305844189,"GROSS_PROFIT":146973000,"GROSS_PROFIT_YOY":18.900574387186,"HOLDER_PROFIT":74430000,"HOLDER_PROFIT_YOY":16.1045767947,"GROSS_PROFIT_RATIO":20.269230344889,"EPS_TTM":0.736587924431,"OPERATE_INCOME_QOQ":16.925289812188,"NET_PROFIT_RATIO":11.0497252808,"ROE_AVG":9.647064922945,"GROSS_PROFIT_QOQ":4.557257393272,"ROA":4.876053063354,"HOLDER_PROFIT_QOQ":4.807367353836,"ROE_YEARLY":9.647064922945,"ROIC_YEARLY":6.726132193846,"TOTAL_ASSETS":1616633000,"TOTAL_LIABILITIES":805739000,"TAX_EBT":23.354633810362,"OCF_SALES":18.592643262208,"TOTAL_PARENT_EQUITY":796028000,"DEBT_ASSET_RATIO":49.8405636901,"OPERATE_PROFIT":118653000,"PRETAX_PROFIT":104536000,"NETCASH_OPERATE":134816000,"NETCASH_INVEST":-63969000,"NETCASH_FINANCE":-32347000,"END_CASH":397318000,"DIVI_RATIO":0.454447376501,"DIVIDEND_RATE":5.605174506829,"CURRENT_RATIO":1.698946428956,"COMMON_ACS":null,"CURRENTDEBT_DEBT":63.411228698127,"ISSUED_COMMON_SHARES":101047000,"HK_COMMON_SHARES":26047000,"PER_SHARES":500,"TOTAL_MARKET_CAP":665899730,"HKSK_MARKET_CAP":171649730,"PE_TTM":8.226842139209,"PB_TTM":0.766144559523,"REPORT_DATE_SQ":"2022-12-31 00:00:00","REPORT_TYPE_SQ":"2022年年报","OPERATE_INCOME_SQ":534223000,"DPS_HKD":0.369381,"OPERATE_INCOME_QOQ_SQ":7.859607794516,"NET_PROFIT_RATIO_SQ":12.5912656979,"HOLDER_PROFIT_SQ":64106000,"HOLDER_PROFIT_QOQ_SQ":6.913743293438,"ROE_AVG_SQ":9.916959266706,"PE_TTM_SQ":7.887264483073,"PB_TTM_SQ":0.721087576414,"ROA_SQ":4.706774141268,"START_DATE":"2023-01-01 00:00:00","FISCAL_YEAR":"12-31","CURRENCY":"HKD","IS_CNY_CODE":0,"DPS_HKD_LY":0.194293,"ORG_TYPE":"一般企业","PREMIUM_INCOME":null,"PREMIUM_INCOME_YOY":null,"NET_INTEREST_INCOME":null,"NET_INTEREST_INCOME_YOY":null,"FEE_COMMISSION_INCOME":null,"FEE_COMMISSION_INCOME_YOY":null,"ACCOUNTS_RECE_TDAYS":3.075295769212,"INVENTORY_TDAYS":5049.17903930131,"CURRENT_ASSETS_TDAYS":1.001520711931,"TOTAL_ASSETS_TDAYS":0.47502963596,"PREMIUM_EXPENSE":null,"LOAN_DEPOSIT":null,"LOAN_EQUITY":null,"LOAN_ASSETS":null,"DEPOSIT_EQUITY":null,"DEPOSIT_ASSETS":null,"EQUITY_MULTIPLIER":1.993642818914,"EQUITY_RATIO":1.012199319622},{"SECUCODE":"02152.HK","SECURITY_CODE":"02152","SECURITY_NAME_ABBR":"苏新服务","ORG_CODE":"10000250922","STD_REPORT_DATE":"2023-06-30 00:00:00","REPORT_DATE":"2023-06-30 00:00:00","DATE_TYPE_CODE":"002","REPORT_TYPE":"2023年中报","PER_NETCASH_OPERATE":0.007353013944,"PER_OI":3.451671004582,"BPS":7.671578572348,"BASIC_EPS":0.32,"DILUTED_EPS":0.32,"OPERATE_INCOME":348781000,"OPERATE_INCOME_YOY":40.3622729627,"GROSS_PROFIT":74331000,"GROSS_PROFIT_YOY":32.440667094291,"HOLDER_PROFIT":32603000,"HOLDER_PROFIT_YOY":21.9357328282,"GROSS_PROFIT_RATIO":22.067834338937,"EPS_TTM":0.702801666551,"OPERATE_INCOME_QOQ":18.809307137452,"NET_PROFIT_RATIO":10.7457090973,"ROE_AVG":4.566876579106,"GROSS_PROFIT_QOQ":15.838875291519,"ROA":2.371890514587,"HOLDER_PROFIT_QOQ":9.655204360514,"ROE_YEARLY":9.133753158212,"ROIC_YEARLY":6.178216273118,"TOTAL_ASSETS":1494665000,"TOTAL_LIABILITIES":708372000,"TAX_EBT":27.050721422988,"OCF_SALES":0.217620526038,"TOTAL_PARENT_EQUITY":775190000,"DEBT_ASSET_RATIO":47.3933623922,"OPERATE_PROFIT":55499000,"PRETAX_PROFIT":47337000,"NETCASH_OPERATE":-425000,"NETCASH_INVEST":-40677000,"NETCASH_FINANCE":-6629000,"END_CASH":313757000,"DIVI_RATIO":0.476294331319,"DIVIDEND_RATE":5.605174506829,"CURRENT_RATIO":1.586992811804,"COMMON_ACS":null,"CURRENTDEBT_DEBT":57.758211787027,"ISSUED_COMMON_SHARES":101047000,"HK_COMMON_SHARES":26047000,"PER_SHARES":500,"TOTAL_MARKET_CAP":665899730,"HKSK_MARKET_CAP":171649730,"PE_TTM":8.226842139209,"PB_TTM":0.766144559523,"REPORT_DATE_SQ":"2022-06-30 00:00:00","REPORT_TYPE_SQ":"2022年中报","OPERATE_INCOME_SQ":243242000,"DPS_HKD":0.369381,"OPERATE_INCOME_QOQ_SQ":4.751061190828,"NET_PROFIT_RATIO_SQ":12.1286619909,"HOLDER_PROFIT_SQ":28506000,"HOLDER_PROFIT_QOQ_SQ":9.213017218065,"ROE_AVG_SQ":5.071813325386,"PE_TTM_SQ":7.887264483073,"PB_TTM_SQ":0.721087576414,"ROA_SQ":2.189194949016,"START_DATE":"2023-01-01 00:00:00","FISCAL_YEAR":"12-31","CURRENCY":"HKD","IS_CNY_CODE":0,"DPS_HKD_LY":0.194293,"ORG_TYPE":"一般企业","PREMIUM_INCOME":null,"PREMIUM_INCOME_YOY":null,"NET_INTEREST_INCOME":null,"NET_INTEREST_INCOME_YOY":null,"FEE_COMMISSION_INCOME":null,"FEE_COMMISSION_INCOME_YOY":null,"ACCOUNTS_RECE_TDAYS":1.528464156045,"INVENTORY_TDAYS":2303.68831168831,"CURRENT_ASSETS_TDAYS":0.555483245368,"TOTAL_ASSETS_TDAYS":0.232978756434,"PREMIUM_EXPENSE":null,"LOAN_DEPOSIT":null,"LOAN_EQUITY":null,"LOAN_ASSETS":null,"DEPOSIT_EQUITY":null,"DEPOSIT_ASSETS":null,"EQUITY_MULTIPLIER":1.900900809239,"EQUITY_RATIO":0.913804357641},{"SECUCODE":"02152.HK","SECURITY_CODE":"02152","SECURITY_NAME_ABBR":"苏新服务","ORG_CODE":"10000250922","STD_REPORT_DATE":"2022-12-31 00:00:00","REPORT_DATE":"2022-12-31 00:00:00","DATE_TYPE_CODE":"001","REPORT_TYPE":"2022年年报","PER_NETCASH_OPERATE":0.08677150237,"PER_OI":5.28687640405,"BPS":7.491108098212,"BASIC_EPS":0.76,"DILUTED_EPS":0.76,"OPERATE_INCOME":534223000,"OPERATE_INCOME_YOY":12.984083761,"GROSS_PROFIT":123610000,"GROSS_PROFIT_YOY":16.366203812662,"HOLDER_PROFIT":64106000,"HOLDER_PROFIT_YOY":16.7637248715,"GROSS_PROFIT_RATIO":23.248110505494,"EPS_TTM":0.64091957208,"OPERATE_INCOME_QOQ":7.859607794516,"NET_PROFIT_RATIO":12.5912656979,"ROE_AVG":9.916959266706,"GROSS_PROFIT_QOQ":9.771586231851,"ROA":4.706774141268,"HOLDER_PROFIT_QOQ":6.913743293438,"ROE_YEARLY":9.916959266706,"ROIC_YEARLY":6.205569614431,"TOTAL_ASSETS":1446725000,"TOTAL_LIABILITIES":692969000,"TAX_EBT":25.950584405977,"OCF_SALES":1.679806117268,"TOTAL_PARENT_EQUITY":747032000,"DEBT_ASSET_RATIO":46.8281895998,"OPERATE_PROFIT":101858000,"PRETAX_PROFIT":87867000,"NETCASH_OPERATE":6981000,"NETCASH_INVEST":-56588000,"NETCASH_FINANCE":92676000,"END_CASH":355908000,"DIVI_RATIO":0.522281522366,"DIVIDEND_RATE":5.605174506829,"CURRENT_RATIO":1.559422978678,"COMMON_ACS":null,"CURRENTDEBT_DEBT":56.613066385365,"ISSUED_COMMON_SHARES":101047000,"HK_COMMON_SHARES":26047000,"PER_SHARES":500,"TOTAL_MARKET_CAP":665899730,"HKSK_MARKET_CAP":171649730,"PE_TTM":8.226842139209,"PB_TTM":0.766144559523,"REPORT_DATE_SQ":"2021-12-31 00:00:00","REPORT_TYPE_SQ":"2021年年报","OPERATE_INCOME_SQ":461981000,"DPS_HKD":0.369381,"OPERATE_INCOME_QOQ_SQ":1.030023771462,"NET_PROFIT_RATIO_SQ":12.2336199974,"HOLDER_PROFIT_SQ":55465000,"HOLDER_PROFIT_QOQ_SQ":9.91874752279,"ROE_AVG_SQ":10.619233515921,"PE_TTM_SQ":7.887264483073,"PB_TTM_SQ":0.721087576414,"ROA_SQ":4.401671468574,"START_DATE":"2022-01-01 00:00:00","FISCAL_YEAR":"12-31","CURRENCY":"HKD","IS_CNY_CODE":0,"DPS_HKD_LY":null,"ORG_TYPE":"一般企业","PREMIUM_INCOME":null,"PREMIUM_INCOME_YOY":null,"NET_INTEREST_INCOME":null,"NET_INTEREST_INCOME_YOY":null,"FEE_COMMISSION_INCOME":null,"FEE_COMMISSION_INCOME_YOY":null,"ACCOUNTS_RECE_TDAYS":3.847136555946,"INVENTORY_TDAYS":2782.06944444444,"CURRENT_ASSETS_TDAYS":0.975008592606,"TOTAL_ASSETS_TDAYS":0.37934798645,"PREMIUM_EXPENSE":null,"LOAN_DEPOSIT":null,"LOAN_EQUITY":null,"LOAN_ASSETS":null,"DEPOSIT_EQUITY":null,"DEPOSIT_ASSETS":null,"EQUITY_MULTIPLIER":1.880695790633,"EQUITY_RATIO":0.927629606228},{"SECUCODE":"02152.HK","SECURITY_CODE":"02152","SECURITY_NAME_ABBR":"苏新服务","ORG_CODE":"10000250922","STD_REPORT_DATE":"2022-06-30 00:00:00","REPORT_DATE":"2022-06-30 00:00:00","DATE_TYPE_CODE":"002","REPORT_TYPE":"2022年中报","PER_NETCASH_OPERATE":0.272773333333,"PER_OI":3.243226666667,"BPS":5.689857195167,"BASIC_EPS":0.38,"DILUTED_EPS":0.38,"OPERATE_INCOME":243242000,"OPERATE_INCOME_YOY":9.9185243094,"GROSS_PROFIT":56124000,"GROSS_PROFIT_YOY":8.339124391939,"HOLDER_PROFIT":28506000,"HOLDER_PROFIT_YOY":21.8413404001,"GROSS_PROFIT_RATIO":23.073317930292,"EPS_TTM":0.807666666667,"OPERATE_INCOME_QOQ":4.751061190828,"NET_PROFIT_RATIO":12.1286619909,"ROE_AVG":5.071813325386,"GROSS_PROFIT_QOQ":4.066839256296,"ROA":2.189194949016,"HOLDER_PROFIT_QOQ":9.213017218065,"ROE_YEARLY":10.143626650772,"ROIC_YEARLY":5.517513692893,"TOTAL_ASSETS":1288585000,"TOTAL_LIABILITIES":706881000,"TAX_EBT":25.948795180723,"OCF_SALES":8.410554098388,"TOTAL_PARENT_EQUITY":574943000,"DEBT_ASSET_RATIO":54.857149509,"OPERATE_PROFIT":45167000,"PRETAX_PROFIT":39840000,"NETCASH_OPERATE":20458000,"NETCASH_INVEST":-33812000,"NETCASH_FINANCE":-65408000,"END_CASH":223882000,"DIVI_RATIO":0.414453714181,"DIVIDEND_RATE":5.605174506829,"CURRENT_RATIO":1.040328153071,"COMMON_ACS":null,"CURRENTDEBT_DEBT":56.301555707396,"ISSUED_COMMON_SHARES":101047000,"HK_COMMON_SHARES":26047000,"PER_SHARES":500,"TOTAL_MARKET_CAP":665899730,"HKSK_MARKET_CAP":171649730,"PE_TTM":8.226842139209,"PB_TTM":0.766144559523,"REPORT_DATE_SQ":"2021-06-30 00:00:00","REPORT_TYPE_SQ":"2021年中报","OPERATE_INCOME_SQ":221293000,"DPS_HKD":0.369381,"OPERATE_INCOME_QOQ_SQ":4.693774755592,"NET_PROFIT_RATIO_SQ":10.7866041854,"HOLDER_PROFIT_SQ":23396000,"HOLDER_PROFIT_QOQ_SQ":6.592872684256,"ROE_AVG_SQ":4.61927871649,"PE_TTM_SQ":7.887264483073,"PB_TTM_SQ":0.721087576414,"ROA_SQ":1.892168399429,"START_DATE":"2022-01-01 00:00:00","FISCAL_YEAR":"12-31","CURRENCY":"HKD","IS_CNY_CODE":0,"DPS_HKD_LY":null,"ORG_TYPE":"一般企业","PREMIUM_INCOME":null,"PREMIUM_INCOME_YOY":null,"NET_INTEREST_INCOME":null,"NET_INTEREST_INCOME_YOY":null,"FEE_COMMISSION_INCOME":null,"FEE_COMMISSION_INCOME_YOY":null,"ACCOUNTS_RECE_TDAYS":2.163535774006,"INVENTORY_TDAYS":1173.15360501567,"CURRENT_ASSETS_TDAYS":0.537695162684,"TOTAL_ASSETS_TDAYS":0.186804236929,"PREMIUM_EXPENSE":null,"LOAN_DEPOSIT":null,"LOAN_EQUITY":null,"LOAN_ASSETS":null,"DEPOSIT_EQUITY":null,"DEPOSIT_ASSETS":null,"EQUITY_MULTIPLIER":2.215190199829,"EQUITY_RATIO":1.22948013977},{"SECUCODE":"02152.HK","SECURITY_CODE":"02152","SECURITY_NAME_ABBR":"苏新服务","ORG_CODE":"10000250922","STD_REPORT_DATE":"2021-12-31 00:00:00","REPORT_DATE":"2021-12-31 00:00:00","DATE_TYPE_CODE":"001","REPORT_TYPE":"2021年年报","PER_NETCASH_OPERATE":0.936866666667,"PER_OI":6.159746666667,"BPS":5.434619533484,"BASIC_EPS":0.74,"DILUTED_EPS":0.74,"OPERATE_INCOME":461981000,"OPERATE_INCOME_YOY":5.7721455228,"GROSS_PROFIT":106225000,"GROSS_PROFIT_YOY":15.376678107486,"HOLDER_PROFIT":55465000,"HOLDER_PROFIT_YOY":17.1655506031,"GROSS_PROFIT_RATIO":22.993369857202,"EPS_TTM":0.739533333333,"OPERATE_INCOME_QOQ":1.030023771462,"NET_PROFIT_RATIO":12.2336199974,"ROE_AVG":10.619233515921,"GROSS_PROFIT_QOQ":5.117066123063,"ROA":4.401671468574,"HOLDER_PROFIT_QOQ":9.91874752279,"ROE_YEARLY":10.619233515921,"ROIC_YEARLY":5.772712394237,"TOTAL_ASSETS":1315660000,"TOTAL_LIABILITIES":762133000,"TAX_EBT":26.172716941204,"OCF_SALES":15.209499957791,"TOTAL_PARENT_EQUITY":549152000,"DEBT_ASSET_RATIO":57.9278080963,"OPERATE_PROFIT":83429000,"PRETAX_PROFIT":76553000,"NETCASH_OPERATE":70265000,"NETCASH_INVEST":-64388000,"NETCASH_FINANCE":8557000,"END_CASH":302644000,"DIVI_RATIO":0.452637406229,"DIVIDEND_RATE":5.605174506829,"CURRENT_RATIO":1.089894902365,"COMMON_ACS":null,"CURRENTDEBT_DEBT":59.07735264055,"ISSUED_COMMON_SHARES":101047000,"HK_COMMON_SHARES":26047000,"PER_SHARES":500,"TOTAL_MARKET_CAP":665899730,"HKSK_MARKET_CAP":171649730,"PE_TTM":8.226842139209,"PB_TTM":0.766144559523,"REPORT_DATE_SQ":"2020-12-31 00:00:00","REPORT_TYPE_SQ":"2020年年报","OPERATE_INCOME_SQ":436770000,"DPS_HKD":0.369381,"OPERATE_INCOME_QOQ_SQ":0.204644418851,"NET_PROFIT_RATIO_SQ":11.0133479864,"HOLDER_PROFIT_SQ":47339000,"HOLDER_PROFIT_QOQ_SQ":11.328253609896,"ROE_AVG_SQ":11.037870909676,"PE_TTM_SQ":7.887264483073,"PB_TTM_SQ":0.721087576414,"ROA_SQ":2.879285795527,"START_DATE":"2021-01-01 00:00:00","FISCAL_YEAR":"12-31","CURRENCY":"HKD","IS_CNY_CODE":0,"DPS_HKD_LY":null,"ORG_TYPE":"一般企业","PREMIUM_INCOME":null,"PREMIUM_INCOME_YOY":null,"NET_INTEREST_INCOME":null,"NET_INTEREST_INCOME_YOY":null,"FEE_COMMISSION_INCOME":null,"FEE_COMMISSION_INCOME_YOY":null,"ACCOUNTS_RECE_TDAYS":4.676370703661,"INVENTORY_TDAYS":2136.67267267267,"CURRENT_ASSETS_TDAYS":0.991139449616,"TOTAL_ASSETS_TDAYS":0.366625545249,"PREMIUM_EXPENSE":null,"LOAN_DEPOSIT":null,"LOAN_EQUITY":null,"LOAN_ASSETS":null,"DEPOSIT_EQUITY":null,"DEPOSIT_ASSETS":null,"EQUITY_MULTIPLIER":2.376866891768,"EQUITY_RATIO":1.387836154653},{"SECUCODE":"02152.HK","SECURITY_CODE":"02152","SECURITY_NAME_ABBR":"苏新服务","ORG_CODE":"10000250922","STD_REPORT_DATE":"2021-06-30 00:00:00","REPORT_DATE":"2021-06-30 00:00:00","DATE_TYPE_CODE":"002","REPORT_TYPE":"2021年中报","PER_NETCASH_OPERATE":0.00876,"PER_OI":2.950573333333,"BPS":5.121478124041,"BASIC_EPS":0.31,"DILUTED_EPS":0.31,"OPERATE_INCOME":221293000,"OPERATE_INCOME_YOY":10.2100681302,"GROSS_PROFIT":51804000,"GROSS_PROFIT_YOY":20.986501004251,"HOLDER_PROFIT":23396000,"HOLDER_PROFIT_YOY":15.3933415536,"GROSS_PROFIT_RATIO":23.409687608736,"EPS_TTM":0.6728,"OPERATE_INCOME_QOQ":4.693774755592,"NET_PROFIT_RATIO":10.7866041854,"ROE_AVG":4.61927871649,"GROSS_PROFIT_QOQ":9.760177260286,"ROA":1.892168399429,"HOLDER_PROFIT_QOQ":6.592872684256,"ROE_YEARLY":9.238557432979,"ROIC_YEARLY":4.941351025268,"TOTAL_ASSETS":1268411000,"TOTAL_LIABILITIES":747104000,"TAX_EBT":25.07611663894,"OCF_SALES":0.296891451605,"TOTAL_PARENT_EQUITY":517510000,"DEBT_ASSET_RATIO":58.9007821597,"OPERATE_PROFIT":35045000,"PRETAX_PROFIT":31859000,"NETCASH_OPERATE":657000,"NETCASH_INVEST":-32016000,"NETCASH_FINANCE":26854000,"END_CASH":283705000,"DIVI_RATIO":0.497533367747,"DIVIDEND_RATE":5.605174506829,"CURRENT_RATIO":1.094427110113,"COMMON_ACS":null,"CURRENTDEBT_DEBT":57.011741337217,"ISSUED_COMMON_SHARES":101047000,"HK_COMMON_SHARES":26047000,"PER_SHARES":500,"TOTAL_MARKET_CAP":665899730,"HKSK_MARKET_CAP":171649730,"PE_TTM":8.226842139209,"PB_TTM":0.766144559523,"REPORT_DATE_SQ":"2020-06-30 00:00:00","REPORT_TYPE_SQ":"2020年中报","OPERATE_INCOME_SQ":200792000,"DPS_HKD":0.369381,"OPERATE_INCOME_QOQ_SQ":0,"NET_PROFIT_RATIO_SQ":10.3719271684,"HOLDER_PROFIT_SQ":20275000,"HOLDER_PROFIT_QOQ_SQ":0,"ROE_AVG_SQ":null,"PE_TTM_SQ":7.887264483073,"PB_TTM_SQ":0.721087576414,"ROA_SQ":null,"START_DATE":"2021-01-01 00:00:00","FISCAL_YEAR":"12-31","CURRENCY":"HKD","IS_CNY_CODE":0,"DPS_HKD_LY":null,"ORG_TYPE":"一般企业","PREMIUM_INCOME":null,"PREMIUM_INCOME_YOY":null,"NET_INTEREST_INCOME":null,"NET_INTEREST_INCOME_YOY":null,"FEE_COMMISSION_INCOME":null,"FEE_COMMISSION_INCOME_YOY":null,"ACCOUNTS_RECE_TDAYS":2.118710925158,"INVENTORY_TDAYS":1298.7662835249,"CURRENT_ASSETS_TDAYS":0.487614250333,"TOTAL_ASSETS_TDAYS":0.178972312196,"PREMIUM_EXPENSE":null,"LOAN_DEPOSIT":null,"LOAN_EQUITY":null,"LOAN_ASSETS":null,"DEPOSIT_EQUITY":null,"DEPOSIT_ASSETS":null,"EQUITY_MULTIPLIER":2.433136328496,"EQUITY_RATIO":1.443651330409},{"SECUCODE":"02152.HK","SECURITY_CODE":"02152","SECURITY_NAME_ABBR":"苏新服务","ORG_CODE":"10000250922","STD_REPORT_DATE":"2020-12-31 00:00:00","REPORT_DATE":"2020-12-31 00:00:00","DATE_TYPE_CODE":"001","REPORT_TYPE":"2020年年报","PER_NETCASH_OPERATE":2.035087719298,"PER_OI":10.003435481655,"BPS":4.903282630855,"BASIC_EPS":0.69,"DILUTED_EPS":0.69,"OPERATE_INCOME":436770000,"OPERATE_INCOME_YOY":0.2046444189,"GROSS_PROFIT":92068000,"GROSS_PROFIT_YOY":4.124585788444,"HOLDER_PROFIT":47339000,"HOLDER_PROFIT_YOY":11.3282536099,"GROSS_PROFIT_RATIO":21.079286581038,"EPS_TTM":1.084215106958,"OPERATE_INCOME_QOQ":0.204644418851,"NET_PROFIT_RATIO":11.0133479864,"ROE_AVG":11.037870909676,"GROSS_PROFIT_QOQ":4.124585788444,"ROA":2.879285795527,"HOLDER_PROFIT_QOQ":11.328253609896,"ROE_YEARLY":11.037870909676,"ROIC_YEARLY":3.416923657138,"TOTAL_ASSETS":1204519000,"TOTAL_LIABILITIES":705734000,"TAX_EBT":25.132682759801,"OCF_SALES":20.343888087552,"TOTAL_PARENT_EQUITY":495462000,"DEBT_ASSET_RATIO":58.5905245164,"OPERATE_PROFIT":88308000,"PRETAX_PROFIT":64251000,"NETCASH_OPERATE":88856000,"NETCASH_INVEST":420932000,"NETCASH_FINANCE":-444877000,"END_CASH":288210000,"DIVI_RATIO":0.308739887197,"DIVIDEND_RATE":5.605174506829,"CURRENT_RATIO":1.150279168045,"COMMON_ACS":null,"CURRENTDEBT_DEBT":54.385788413198,"ISSUED_COMMON_SHARES":101047000,"HK_COMMON_SHARES":26047000,"PER_SHARES":500,"TOTAL_MARKET_CAP":665899730,"HKSK_MARKET_CAP":171649730,"PE_TTM":8.226842139209,"PB_TTM":0.766144559523,"REPORT_DATE_SQ":"2019-12-31 00:00:00","REPORT_TYPE_SQ":"2019年年报","OPERATE_INCOME_SQ":435878000,"DPS_HKD":0.369381,"OPERATE_INCOME_QOQ_SQ":12.350404548887,"NET_PROFIT_RATIO_SQ":9.9922455366,"HOLDER_PROFIT_SQ":42522000,"HOLDER_PROFIT_QOQ_SQ":20.142401039754,"ROE_AVG_SQ":12.422908261196,"PE_TTM_SQ":7.887264483073,"PB_TTM_SQ":0.721087576414,"ROA_SQ":2.42720026029,"START_DATE":"2020-01-01 00:00:00","FISCAL_YEAR":"12-31","CURRENCY":"HKD","IS_CNY_CODE":0,"DPS_HKD_LY":null,"ORG_TYPE":"一般企业","PREMIUM_INCOME":null,"PREMIUM_INCOME_YOY":null,"NET_INTEREST_INCOME":null,"NET_INTEREST_INCOME_YOY":null,"FEE_COMMISSION_INCOME":null,"FEE_COMMISSION_INCOME_YOY":null,"ACCOUNTS_RECE_TDAYS":4.421106972224,"INVENTORY_TDAYS":1727.82957393484,"CURRENT_ASSETS_TDAYS":0.463092403777,"TOTAL_ASSETS_TDAYS":0.265655306811,"PREMIUM_EXPENSE":null,"LOAN_DEPOSIT":null,"LOAN_EQUITY":null,"LOAN_ASSETS":null,"DEPOSIT_EQUITY":null,"DEPOSIT_ASSETS":null,"EQUITY_MULTIPLIER":2.414906222118,"EQUITY_RATIO":1.42439581643},{"SECUCODE":"02152.HK","SECURITY_CODE":"02152","SECURITY_NAME_ABBR":"苏新服务","ORG_CODE":"10000250922","STD_REPORT_DATE":"2020-06-30 00:00:00","REPORT_DATE":"2020-06-30 00:00:00","DATE_TYPE_CODE":"002","REPORT_TYPE":"2020年中报","PER_NETCASH_OPERATE":null,"PER_OI":null,"BPS":null,"BASIC_EPS":0.33,"DILUTED_EPS":0.33,"OPERATE_INCOME":200792000,"OPERATE_INCOME_YOY":null,"GROSS_PROFIT":42818000,"GROSS_PROFIT_YOY":null,"HOLDER_PROFIT":20275000,"HOLDER_PROFIT_YOY":null,"GROSS_PROFIT_RATIO":21.324554763138,"EPS_TTM":2.1261,"OPERATE_INCOME_QOQ":0,"NET_PROFIT_RATIO":10.3719271684,"ROE_AVG":null,"GROSS_PROFIT_QOQ":0,"ROA":null,"HOLDER_PROFIT_QOQ":0,"ROE_YEARLY":null,"ROIC_YEARLY":null,"TOTAL_ASSETS":null,"TOTAL_LIABILITIES":null,"TAX_EBT":25.040492387431,"OCF_SALES":17.133152715248,"TOTAL_PARENT_EQUITY":null,"DEBT_ASSET_RATIO":null,"OPERATE_PROFIT":null,"PRETAX_PROFIT":27783000,"NETCASH_OPERATE":34402000,"NETCASH_INVEST":-63499000,"NETCASH_FINANCE":160439000,"END_CASH":354641000,"DIVI_RATIO":0.15744341744,"DIVIDEND_RATE":5.605174506829,"CURRENT_RATIO":null,"COMMON_ACS":null,"CURRENTDEBT_DEBT":null,"ISSUED_COMMON_SHARES":101047000,"HK_COMMON_SHARES":26047000,"PER_SHARES":500,"TOTAL_MARKET_CAP":665899730,"HKSK_MARKET_CAP":171649730,"PE_TTM":8.226842139209,"PB_TTM":0.766144559523,"REPORT_DATE_SQ":"2019-06-30 00:00:00","REPORT_TYPE_SQ":"2019年中报","OPERATE_INCOME_SQ":null,"DPS_HKD":0.369381,"OPERATE_INCOME_QOQ_SQ":0,"NET_PROFIT_RATIO_SQ":null,"HOLDER_PROFIT_SQ":null,"HOLDER_PROFIT_QOQ_SQ":0,"ROE_AVG_SQ":null,"PE_TTM_SQ":7.887264483073,"PB_TTM_SQ":0.721087576414,"ROA_SQ":null,"START_DATE":"2020-01-01 00:00:00","FISCAL_YEAR":"12-31","CURRENCY":"HKD","IS_CNY_CODE":0,"DPS_HKD_LY":null,"ORG_TYPE":"一般企业","PREMIUM_INCOME":null,"PREMIUM_INCOME_YOY":null,"NET_INTEREST_INCOME":null,"NET_INTEREST_INCOME_YOY":null,"FEE_COMMISSION_INCOME":null,"FEE_COMMISSION_INCOME_YOY":null,"ACCOUNTS_RECE_TDAYS":null,"INVENTORY_TDAYS":null,"CURRENT_ASSETS_TDAYS":0.277947425977,"TOTAL_ASSETS_TDAYS":0.192723902891,"PREMIUM_EXPENSE":null,"LOAN_DEPOSIT":null,"LOAN_EQUITY":null,"LOAN_ASSETS":null,"DEPOSIT_EQUITY":null,"DEPOSIT_ASSETS":null,"EQUITY_MULTIPLIER":null,"EQUITY_RATIO":null}],"count":11},"success":true,"message":"ok","code":0}