{"version":"4f2d88da5f1f0ab550de4635a8d22d54","result":{"pages":2,"data":[{"SECUCODE":"02159.HK","SECURITY_CODE":"02159","SECURITY_NAME_ABBR":"麦迪卫康","ORG_CODE":"10000060938","STD_REPORT_DATE":"2024-06-30 00:00:00","REPORT_DATE":"2024-06-30 00:00:00","DATE_TYPE_CODE":"002","REPORT_TYPE":"2024年中报","PER_NETCASH_OPERATE":-0.02476,"PER_OI":0.70335,"BPS":0.488695,"BASIC_EPS":-0.116,"DILUTED_EPS":-0.116,"OPERATE_INCOME":140670000,"OPERATE_INCOME_YOY":-4.2559708146,"GROSS_PROFIT":20685000,"GROSS_PROFIT_YOY":9.409711202793,"HOLDER_PROFIT":-22213000,"HOLDER_PROFIT_YOY":37.6232063127,"GROSS_PROFIT_RATIO":14.704627852421,"EPS_TTM":-0.40349,"OPERATE_INCOME_QOQ":-1.887367645816,"NET_PROFIT_RATIO":-16.2998507144,"ROE_AVG":-20.773014626118,"GROSS_PROFIT_QOQ":5.950827897642,"ROA":-10.432042380025,"HOLDER_PROFIT_QOQ":14.238649889475,"ROE_YEARLY":-41.546029252235,"ROIC_YEARLY":-34.693582710217,"TOTAL_ASSETS":211543000,"TOTAL_LIABILITIES":110678000,"TAX_EBT":-2.599785215679,"OCF_SALES":-3.520295727589,"TOTAL_PARENT_EQUITY":97739000,"DEBT_ASSET_RATIO":52.3193866023,"OPERATE_PROFIT":-21819000,"PRETAX_PROFIT":-22348000,"NETCASH_OPERATE":-4952000,"NETCASH_INVEST":11485000,"NETCASH_FINANCE":-4449000,"END_CASH":82436000,"DIVI_RATIO":null,"DIVIDEND_RATE":null,"CURRENT_RATIO":1.609046746689,"COMMON_ACS":38000000000,"CURRENTDEBT_DEBT":99.13352247059,"ISSUED_COMMON_SHARES":200000000,"HK_COMMON_SHARES":200000000,"PER_SHARES":8000,"TOTAL_MARKET_CAP":120000000,"HKSK_MARKET_CAP":120000000,"PE_TTM":-1.340074850028,"PB_TTM":1.120551673334,"REPORT_DATE_SQ":"2023-06-30 00:00:00","REPORT_TYPE_SQ":"2023年中报","OPERATE_INCOME_SQ":146923000,"DPS_HKD":null,"OPERATE_INCOME_QOQ_SQ":-7.897357239605,"NET_PROFIT_RATIO_SQ":-25.8945161751,"HOLDER_PROFIT_SQ":-35611000,"HOLDER_PROFIT_QOQ_SQ":11.907804757741,"ROE_AVG_SQ":-20.146241425642,"PE_TTM_SQ":-1.208203326857,"PB_TTM_SQ":0.593313438862,"ROA_SQ":-11.690667261962,"START_DATE":"2024-01-01 00:00:00","FISCAL_YEAR":"12-31","CURRENCY":"HKD","IS_CNY_CODE":0,"DPS_HKD_LY":null,"ORG_TYPE":"一般企业","PREMIUM_INCOME":null,"PREMIUM_INCOME_YOY":null,"NET_INTEREST_INCOME":null,"NET_INTEREST_INCOME_YOY":null,"FEE_COMMISSION_INCOME":null,"FEE_COMMISSION_INCOME_YOY":null,"ACCOUNTS_RECE_TDAYS":2.650650084794,"INVENTORY_TDAYS":null,"CURRENT_ASSETS_TDAYS":0.786718566491,"TOTAL_ASSETS_TDAYS":0.660638095529,"PREMIUM_EXPENSE":null,"LOAN_DEPOSIT":null,"LOAN_EQUITY":null,"LOAN_ASSETS":null,"DEPOSIT_EQUITY":null,"DEPOSIT_ASSETS":null,"EQUITY_MULTIPLIER":2.097288454868,"EQUITY_RATIO":1.132383183785},{"SECUCODE":"02159.HK","SECURITY_CODE":"02159","SECURITY_NAME_ABBR":"麦迪卫康","ORG_CODE":"10000060938","STD_REPORT_DATE":"2023-12-31 00:00:00","REPORT_DATE":"2023-12-31 00:00:00","DATE_TYPE_CODE":"001","REPORT_TYPE":"2023年年报","PER_NETCASH_OPERATE":-0.37791,"PER_OI":1.65654,"BPS":0.580625,"BASIC_EPS":-0.4915,"DILUTED_EPS":-0.4915,"OPERATE_INCOME":331308000,"OPERATE_INCOME_YOY":2.4535058477,"GROSS_PROFIT":29895000,"GROSS_PROFIT_YOY":-8.162324895552,"HOLDER_PROFIT":-94096000,"HOLDER_PROFIT_YOY":-5.4864240712,"GROSS_PROFIT_RATIO":9.023325727118,"EPS_TTM":-0.47048,"OPERATE_INCOME_QOQ":11.238399656187,"NET_PROFIT_RATIO":-29.0035254205,"ROE_AVG":-60.483308532623,"GROSS_PROFIT_QOQ":-12.421268492749,"ROA":-35.36486364593,"HOLDER_PROFIT_QOQ":-19.745482311021,"ROE_YEARLY":-60.483308532623,"ROIC_YEARLY":-61.998669047447,"TOTAL_ASSETS":214318000,"TOTAL_LIABILITIES":94351000,"TAX_EBT":0.297785801739,"OCF_SALES":-22.81321308269,"TOTAL_PARENT_EQUITY":116125000,"DEBT_ASSET_RATIO":44.0238337424,"OPERATE_PROFIT":-95074000,"PRETAX_PROFIT":-96378000,"NETCASH_OPERATE":-75582000,"NETCASH_INVEST":16457000,"NETCASH_FINANCE":906000,"END_CASH":80352000,"DIVI_RATIO":null,"DIVIDEND_RATE":null,"CURRENT_RATIO":1.96236087178,"COMMON_ACS":38000000000,"CURRENTDEBT_DEBT":97.795465866817,"ISSUED_COMMON_SHARES":200000000,"HK_COMMON_SHARES":200000000,"PER_SHARES":8000,"TOTAL_MARKET_CAP":71000000,"HKSK_MARKET_CAP":71000000,"PE_TTM":-0.7928776196,"PB_TTM":0.662993073389,"REPORT_DATE_SQ":"2022-12-31 00:00:00","REPORT_TYPE_SQ":"2022年年报","OPERATE_INCOME_SQ":323374000,"DPS_HKD":null,"OPERATE_INCOME_QOQ_SQ":-40.229158464612,"NET_PROFIT_RATIO_SQ":-28.9890343689,"HOLDER_PROFIT_SQ":-89202000,"HOLDER_PROFIT_QOQ_SQ":-245.824610374506,"ROE_AVG_SQ":-37.312786663069,"PE_TTM_SQ":-1.066061758991,"PB_TTM_SQ":0.52351185782,"ROA_SQ":-26.06241399158,"START_DATE":"2023-01-01 00:00:00","FISCAL_YEAR":"12-31","CURRENCY":"HKD","IS_CNY_CODE":0,"DPS_HKD_LY":null,"ORG_TYPE":"一般企业","PREMIUM_INCOME":null,"PREMIUM_INCOME_YOY":null,"NET_INTEREST_INCOME":null,"NET_INTEREST_INCOME_YOY":null,"FEE_COMMISSION_INCOME":null,"FEE_COMMISSION_INCOME_YOY":null,"ACCOUNTS_RECE_TDAYS":4.961408868323,"INVENTORY_TDAYS":null,"CURRENT_ASSETS_TDAYS":1.532644824037,"TOTAL_ASSETS_TDAYS":1.245181755314,"PREMIUM_EXPENSE":null,"LOAN_DEPOSIT":null,"LOAN_EQUITY":null,"LOAN_ASSETS":null,"DEPOSIT_EQUITY":null,"DEPOSIT_ASSETS":null,"EQUITY_MULTIPLIER":1.786474613853,"EQUITY_RATIO":0.812495156082},{"SECUCODE":"02159.HK","SECURITY_CODE":"02159","SECURITY_NAME_ABBR":"麦迪卫康","ORG_CODE":"10000060938","STD_REPORT_DATE":"2023-06-30 00:00:00","REPORT_DATE":"2023-06-30 00:00:00","DATE_TYPE_CODE":"002","REPORT_TYPE":"2023年中报","PER_NETCASH_OPERATE":-0.04132,"PER_OI":0.734615,"BPS":0.792515,"BASIC_EPS":-0.186,"DILUTED_EPS":-0.186,"OPERATE_INCOME":146923000,"OPERATE_INCOME_YOY":-14.8079855735,"GROSS_PROFIT":18906000,"GROSS_PROFIT_YOY":9.138140045027,"HOLDER_PROFIT":-35611000,"HOLDER_PROFIT_YOY":22.9749313261,"GROSS_PROFIT_RATIO":12.867964852338,"EPS_TTM":-0.3929,"OPERATE_INCOME_QOQ":-7.897357239605,"NET_PROFIT_RATIO":-25.8945161751,"ROE_AVG":-20.146241425642,"GROSS_PROFIT_QOQ":4.86298844925,"ROA":-11.690667261962,"HOLDER_PROFIT_QOQ":11.907804757741,"ROE_YEARLY":-40.292482851284,"ROIC_YEARLY":-39.219270978169,"TOTAL_ASSETS":291395000,"TOTAL_LIABILITIES":129489000,"TAX_EBT":-0.03681207436,"OCF_SALES":-5.624714986762,"TOTAL_PARENT_EQUITY":158503000,"DEBT_ASSET_RATIO":44.4376190394,"OPERATE_PROFIT":-37279000,"PRETAX_PROFIT":-38031000,"NETCASH_OPERATE":-8264000,"NETCASH_INVEST":-45896000,"NETCASH_FINANCE":10112000,"END_CASH":94523000,"DIVI_RATIO":null,"DIVIDEND_RATE":null,"CURRENT_RATIO":1.946993355482,"COMMON_ACS":38000000000,"CURRENTDEBT_DEBT":92.980870962012,"ISSUED_COMMON_SHARES":200000000,"HK_COMMON_SHARES":200000000,"PER_SHARES":8000,"TOTAL_MARKET_CAP":70000000,"HKSK_MARKET_CAP":70000000,"PE_TTM":-0.781710329183,"PB_TTM":0.653655142778,"REPORT_DATE_SQ":"2022-06-30 00:00:00","REPORT_TYPE_SQ":"2022年中报","OPERATE_INCOME_SQ":172461000,"DPS_HKD":null,"OPERATE_INCOME_QOQ_SQ":-23.622942071664,"NET_PROFIT_RATIO_SQ":-27.9698018682,"HOLDER_PROFIT_SQ":-46233000,"HOLDER_PROFIT_QOQ_SQ":-655.306781485468,"ROE_AVG_SQ":-17.805446811461,"PE_TTM_SQ":-1.066061758991,"PB_TTM_SQ":0.52351185782,"ROA_SQ":-13.036379939433,"START_DATE":"2023-01-01 00:00:00","FISCAL_YEAR":"12-31","CURRENCY":"HKD","IS_CNY_CODE":0,"DPS_HKD_LY":null,"ORG_TYPE":"一般企业","PREMIUM_INCOME":null,"PREMIUM_INCOME_YOY":null,"NET_INTEREST_INCOME":null,"NET_INTEREST_INCOME_YOY":null,"FEE_COMMISSION_INCOME":null,"FEE_COMMISSION_INCOME_YOY":null,"ACCOUNTS_RECE_TDAYS":2.209152488854,"INVENTORY_TDAYS":null,"CURRENT_ASSETS_TDAYS":0.605014783275,"TOTAL_ASSETS_TDAYS":0.482330714142,"PREMIUM_EXPENSE":null,"LOAN_DEPOSIT":null,"LOAN_EQUITY":null,"LOAN_ASSETS":null,"DEPOSIT_EQUITY":null,"DEPOSIT_ASSETS":null,"EQUITY_MULTIPLIER":1.799778884042,"EQUITY_RATIO":0.816949836912},{"SECUCODE":"02159.HK","SECURITY_CODE":"02159","SECURITY_NAME_ABBR":"麦迪卫康","ORG_CODE":"10000060938","STD_REPORT_DATE":"2022-12-31 00:00:00","REPORT_DATE":"2022-12-31 00:00:00","DATE_TYPE_CODE":"001","REPORT_TYPE":"2022年年报","PER_NETCASH_OPERATE":-0.092285,"PER_OI":1.61687,"BPS":0.97511,"BASIC_EPS":-0.4801,"DILUTED_EPS":-0.4801,"OPERATE_INCOME":323374000,"OPERATE_INCOME_YOY":-54.3487897363,"GROSS_PROFIT":32552000,"GROSS_PROFIT_YOY":-65.220735928886,"HOLDER_PROFIT":-89202000,"HOLDER_PROFIT_YOY":-2020.3875134553,"GROSS_PROFIT_RATIO":10.066362787361,"EPS_TTM":-0.44601,"OPERATE_INCOME_QOQ":-40.229158464612,"NET_PROFIT_RATIO":-28.9890343689,"ROE_AVG":-37.312786663069,"GROSS_PROFIT_QOQ":-56.663205261336,"ROA":-26.06241399158,"HOLDER_PROFIT_QOQ":-245.824610374506,"ROE_YEARLY":-37.312786663069,"ROIC_YEARLY":-48.956809756017,"TOTAL_ASSETS":317826000,"TOTAL_LIABILITIES":116967000,"TAX_EBT":-2.974680068106,"OCF_SALES":-5.707632648265,"TOTAL_PARENT_EQUITY":195022000,"DEBT_ASSET_RATIO":36.8022125314,"OPERATE_PROFIT":-89789000,"PRETAX_PROFIT":-91035000,"NETCASH_OPERATE":-18457000,"NETCASH_INVEST":-8355000,"NETCASH_FINANCE":54000,"END_CASH":138571000,"DIVI_RATIO":null,"DIVIDEND_RATE":null,"CURRENT_RATIO":2.324900995596,"COMMON_ACS":38000000000,"CURRENTDEBT_DEBT":92.398710747476,"ISSUED_COMMON_SHARES":200000000,"HK_COMMON_SHARES":200000000,"PER_SHARES":8000,"TOTAL_MARKET_CAP":70000000,"HKSK_MARKET_CAP":70000000,"PE_TTM":-0.781710329183,"PB_TTM":0.653655142778,"REPORT_DATE_SQ":"2021-12-31 00:00:00","REPORT_TYPE_SQ":"2021年年报","OPERATE_INCOME_SQ":708358000,"DPS_HKD":null,"OPERATE_INCOME_QOQ_SQ":11.83316861539,"NET_PROFIT_RATIO_SQ":0.7343744265,"HOLDER_PROFIT_SQ":4645000,"HOLDER_PROFIT_QOQ_SQ":-38.280627159182,"ROE_AVG_SQ":2.091004852752,"PE_TTM_SQ":-1.066061758991,"PB_TTM_SQ":0.52351185782,"ROA_SQ":1.436346207366,"START_DATE":"2022-01-01 00:00:00","FISCAL_YEAR":"12-31","CURRENCY":"HKD","IS_CNY_CODE":0,"DPS_HKD_LY":null,"ORG_TYPE":"一般企业","PREMIUM_INCOME":null,"PREMIUM_INCOME_YOY":null,"NET_INTEREST_INCOME":null,"NET_INTEREST_INCOME_YOY":null,"FEE_COMMISSION_INCOME":null,"FEE_COMMISSION_INCOME_YOY":null,"ACCOUNTS_RECE_TDAYS":4.018665805041,"INVENTORY_TDAYS":null,"CURRENT_ASSETS_TDAYS":1.228195311669,"TOTAL_ASSETS_TDAYS":0.944811446169,"PREMIUM_EXPENSE":null,"LOAN_DEPOSIT":null,"LOAN_EQUITY":null,"LOAN_ASSETS":null,"DEPOSIT_EQUITY":null,"DEPOSIT_ASSETS":null,"EQUITY_MULTIPLIER":1.582333876003,"EQUITY_RATIO":0.59976310365},{"SECUCODE":"02159.HK","SECURITY_CODE":"02159","SECURITY_NAME_ABBR":"麦迪卫康","ORG_CODE":"10000060938","STD_REPORT_DATE":"2022-06-30 00:00:00","REPORT_DATE":"2022-06-30 00:00:00","DATE_TYPE_CODE":"002","REPORT_TYPE":"2022年中报","PER_NETCASH_OPERATE":-0.04329,"PER_OI":0.862305,"BPS":1.18102,"BASIC_EPS":-0.2488,"DILUTED_EPS":-0.2446,"OPERATE_INCOME":172461000,"OPERATE_INCOME_YOY":-49.2457239049,"GROSS_PROFIT":17323000,"GROSS_PROFIT_YOY":-51.618489037844,"HOLDER_PROFIT":-46233000,"HOLDER_PROFIT_YOY":-192.7250854755,"GROSS_PROFIT_RATIO":10.044589791315,"EPS_TTM":-0.12897,"OPERATE_INCOME_QOQ":-23.622942071664,"NET_PROFIT_RATIO":-27.9698018682,"ROE_AVG":-17.805446811461,"GROSS_PROFIT_QOQ":-19.746570366255,"ROA":-13.036379939433,"HOLDER_PROFIT_QOQ":-655.306781485468,"ROE_YEARLY":-35.610893622921,"ROIC_YEARLY":-43.856524574613,"TOTAL_ASSETS":342592000,"TOTAL_LIABILITIES":98014000,"TAX_EBT":0.720357297219,"OCF_SALES":-5.020265451319,"TOTAL_PARENT_EQUITY":236204000,"DEBT_ASSET_RATIO":28.6095413787,"OPERATE_PROFIT":-48014000,"PRETAX_PROFIT":-48587000,"NETCASH_OPERATE":-8658000,"NETCASH_INVEST":-50887000,"NETCASH_FINANCE":-2248000,"END_CASH":103536000,"DIVI_RATIO":null,"DIVIDEND_RATE":null,"CURRENT_RATIO":2.913214880622,"COMMON_ACS":38000000000,"CURRENTDEBT_DEBT":91.874630154876,"ISSUED_COMMON_SHARES":200000000,"HK_COMMON_SHARES":200000000,"PER_SHARES":8000,"TOTAL_MARKET_CAP":71000000,"HKSK_MARKET_CAP":71000000,"PE_TTM":-0.7928776196,"PB_TTM":0.662993073389,"REPORT_DATE_SQ":"2021-06-30 00:00:00","REPORT_TYPE_SQ":"2021年中报","OPERATE_INCOME_SQ":339796000,"DPS_HKD":null,"OPERATE_INCOME_QOQ_SQ":46.523059698213,"NET_PROFIT_RATIO_SQ":-4.7858126641,"HOLDER_PROFIT_SQ":-15794000,"HOLDER_PROFIT_QOQ_SQ":-64.233437886132,"ROE_AVG_SQ":-7.187160129782,"PE_TTM_SQ":-1.066061758991,"PB_TTM_SQ":0.52351185782,"ROA_SQ":-4.656469644795,"START_DATE":"2022-01-01 00:00:00","FISCAL_YEAR":"12-31","CURRENCY":"HKD","IS_CNY_CODE":0,"DPS_HKD_LY":null,"ORG_TYPE":"一般企业","PREMIUM_INCOME":null,"PREMIUM_INCOME_YOY":null,"NET_INTEREST_INCOME":null,"NET_INTEREST_INCOME_YOY":null,"FEE_COMMISSION_INCOME":null,"FEE_COMMISSION_INCOME_YOY":null,"ACCOUNTS_RECE_TDAYS":2.291155468465,"INVENTORY_TDAYS":null,"CURRENT_ASSETS_TDAYS":0.641532735798,"TOTAL_ASSETS_TDAYS":0.486290554525,"PREMIUM_EXPENSE":null,"LOAN_DEPOSIT":null,"LOAN_EQUITY":null,"LOAN_ASSETS":null,"DEPOSIT_EQUITY":null,"DEPOSIT_ASSETS":null,"EQUITY_MULTIPLIER":1.400747409825,"EQUITY_RATIO":0.41495486952},{"SECUCODE":"02159.HK","SECURITY_CODE":"02159","SECURITY_NAME_ABBR":"麦迪卫康","ORG_CODE":"10000060938","STD_REPORT_DATE":"2021-12-31 00:00:00","REPORT_DATE":"2021-12-31 00:00:00","DATE_TYPE_CODE":"001","REPORT_TYPE":"2021年年报","PER_NETCASH_OPERATE":0.00131,"PER_OI":3.54179,"BPS":1.415545,"BASIC_EPS":0.0256,"DILUTED_EPS":0.0255,"OPERATE_INCOME":708358000,"OPERATE_INCOME_YOY":63.8613804127,"GROSS_PROFIT":93596000,"GROSS_PROFIT_YOY":-2.82101066315,"HOLDER_PROFIT":4645000,"HOLDER_PROFIT_YOY":-77.9251021766,"GROSS_PROFIT_RATIO":13.21309281465,"EPS_TTM":0.023225,"OPERATE_INCOME_QOQ":11.83316861539,"NET_PROFIT_RATIO":0.7343744265,"ROE_AVG":2.091004852752,"GROSS_PROFIT_QOQ":-9.991729655915,"ROA":1.436346207366,"HOLDER_PROFIT_QOQ":-38.280627159182,"ROE_YEARLY":2.091004852752,"ROIC_YEARLY":2.495554206446,"TOTAL_ASSETS":366700000,"TOTAL_LIABILITIES":73213000,"TAX_EBT":6.907659269864,"OCF_SALES":0.036986947278,"TOTAL_PARENT_EQUITY":283109000,"DEBT_ASSET_RATIO":19.9653667848,"OPERATE_PROFIT":6845000,"PRETAX_PROFIT":5588000,"NETCASH_OPERATE":262000,"NETCASH_INVEST":-16767000,"NETCASH_FINANCE":92844000,"END_CASH":165329000,"DIVI_RATIO":null,"DIVIDEND_RATE":null,"CURRENT_RATIO":4.807368604854,"COMMON_ACS":38000000000,"CURRENTDEBT_DEBT":78.223812710857,"ISSUED_COMMON_SHARES":200000000,"HK_COMMON_SHARES":200000000,"PER_SHARES":8000,"TOTAL_MARKET_CAP":71000000,"HKSK_MARKET_CAP":71000000,"PE_TTM":-0.7928776196,"PB_TTM":0.662993073389,"REPORT_DATE_SQ":"2020-12-31 00:00:00","REPORT_TYPE_SQ":"2020年年报","OPERATE_INCOME_SQ":432291000,"DPS_HKD":null,"OPERATE_INCOME_QOQ_SQ":7.030540115624,"NET_PROFIT_RATIO_SQ":5.084306636,"HOLDER_PROFIT_SQ":21042000,"HOLDER_PROFIT_QOQ_SQ":31.217261162385,"ROE_AVG_SQ":14.165118345585,"PE_TTM_SQ":-1.066061758991,"PB_TTM_SQ":0.52351185782,"ROA_SQ":8.258873814911,"START_DATE":"2021-01-01 00:00:00","FISCAL_YEAR":"12-31","CURRENCY":"HKD","IS_CNY_CODE":0,"DPS_HKD_LY":null,"ORG_TYPE":"一般企业","PREMIUM_INCOME":null,"PREMIUM_INCOME_YOY":null,"NET_INTEREST_INCOME":null,"NET_INTEREST_INCOME_YOY":null,"FEE_COMMISSION_INCOME":null,"FEE_COMMISSION_INCOME_YOY":null,"ACCOUNTS_RECE_TDAYS":8.707909989981,"INVENTORY_TDAYS":null,"CURRENT_ASSETS_TDAYS":2.964423966219,"TOTAL_ASSETS_TDAYS":2.190414051146,"PREMIUM_EXPENSE":null,"LOAN_DEPOSIT":null,"LOAN_EQUITY":null,"LOAN_ASSETS":null,"DEPOSIT_EQUITY":null,"DEPOSIT_ASSETS":null,"EQUITY_MULTIPLIER":1.249459090181,"EQUITY_RATIO":0.258603576714},{"SECUCODE":"02159.HK","SECURITY_CODE":"02159","SECURITY_NAME_ABBR":"麦迪卫康","ORG_CODE":"10000060938","STD_REPORT_DATE":"2021-06-30 00:00:00","REPORT_DATE":"2021-06-30 00:00:00","DATE_TYPE_CODE":"002","REPORT_TYPE":"2021年中报","PER_NETCASH_OPERATE":0.010115,"PER_OI":1.69898,"BPS":1.391655,"BASIC_EPS":-0.0901,"DILUTED_EPS":-0.0901,"OPERATE_INCOME":339796000,"OPERATE_INCOME_YOY":145.019865735,"GROSS_PROFIT":35805000,"GROSS_PROFIT_YOY":27.274989335988,"HOLDER_PROFIT":-15794000,"HOLDER_PROFIT_YOY":-593.3274802458,"GROSS_PROFIT_RATIO":10.537204675747,"EPS_TTM":0.03763,"OPERATE_INCOME_QOQ":46.523059698213,"NET_PROFIT_RATIO":-4.7858126641,"ROE_AVG":-7.187160129782,"GROSS_PROFIT_QOQ":7.966733462772,"ROA":-4.656469644795,"HOLDER_PROFIT_QOQ":-64.233437886132,"ROE_YEARLY":-14.374320259564,"ROIC_YEARLY":-14.661882725361,"TOTAL_ASSETS":398288000,"TOTAL_LIABILITIES":110604000,"TAX_EBT":-12.81304197017,"OCF_SALES":0.595357214329,"TOTAL_PARENT_EQUITY":278331000,"DEBT_ASSET_RATIO":27.7698549793,"OPERATE_PROFIT":-13809000,"PRETAX_PROFIT":-14415000,"NETCASH_OPERATE":2023000,"NETCASH_INVEST":-47743000,"NETCASH_FINANCE":96048000,"END_CASH":139318000,"DIVI_RATIO":null,"DIVIDEND_RATE":null,"CURRENT_RATIO":3.223377197833,"COMMON_ACS":38000000000,"CURRENTDEBT_DEBT":81.760153339843,"ISSUED_COMMON_SHARES":200000000,"HK_COMMON_SHARES":200000000,"PER_SHARES":8000,"TOTAL_MARKET_CAP":71000000,"HKSK_MARKET_CAP":71000000,"PE_TTM":-0.7928776196,"PB_TTM":0.662993073389,"REPORT_DATE_SQ":"2020-06-30 00:00:00","REPORT_TYPE_SQ":"2020年中报","OPERATE_INCOME_SQ":138681000,"DPS_HKD":null,"OPERATE_INCOME_QOQ_SQ":-5.446215577806,"NET_PROFIT_RATIO_SQ":-2.8893648012,"HOLDER_PROFIT_SQ":-2278000,"HOLDER_PROFIT_QOQ_SQ":-23.096105889123,"ROE_AVG_SQ":-1.659231203452,"PE_TTM_SQ":-1.066061758991,"PB_TTM_SQ":0.52351185782,"ROA_SQ":-0.949103393107,"START_DATE":"2021-01-01 00:00:00","FISCAL_YEAR":"12-31","CURRENCY":"HKD","IS_CNY_CODE":0,"DPS_HKD_LY":null,"ORG_TYPE":"一般企业","PREMIUM_INCOME":null,"PREMIUM_INCOME_YOY":null,"NET_INTEREST_INCOME":null,"NET_INTEREST_INCOME_YOY":null,"FEE_COMMISSION_INCOME":null,"FEE_COMMISSION_INCOME_YOY":null,"ACCOUNTS_RECE_TDAYS":4.664387980617,"INVENTORY_TDAYS":null,"CURRENT_ASSETS_TDAYS":1.375475127409,"TOTAL_ASSETS_TDAYS":1.001804330393,"PREMIUM_EXPENSE":null,"LOAN_DEPOSIT":null,"LOAN_EQUITY":null,"LOAN_ASSETS":null,"DEPOSIT_EQUITY":null,"DEPOSIT_ASSETS":null,"EQUITY_MULTIPLIER":1.384463508572,"EQUITY_RATIO":0.397382972073},{"SECUCODE":"02159.HK","SECURITY_CODE":"02159","SECURITY_NAME_ABBR":"麦迪卫康","ORG_CODE":"10000060938","STD_REPORT_DATE":"2020-12-31 00:00:00","REPORT_DATE":"2020-12-31 00:00:00","DATE_TYPE_CODE":"001","REPORT_TYPE":"2020年年报","PER_NETCASH_OPERATE":0.20748,"PER_OI":2.88194,"BPS":0.805875,"BASIC_EPS":0.1403,"DILUTED_EPS":0.1403,"OPERATE_INCOME":432291000,"OPERATE_INCOME_YOY":1.2014261668,"GROSS_PROFIT":96313000,"GROSS_PROFIT_YOY":1.52316903487,"HOLDER_PROFIT":21042000,"HOLDER_PROFIT_YOY":0.9111835795,"GROSS_PROFIT_RATIO":22.279668093946,"EPS_TTM":0.14028,"OPERATE_INCOME_QOQ":7.030540115624,"NET_PROFIT_RATIO":5.084306636,"ROE_AVG":14.165118345585,"GROSS_PROFIT_QOQ":10.218117733223,"ROA":8.258873814911,"HOLDER_PROFIT_QOQ":31.217261162385,"ROE_YEARLY":14.165118345585,"ROIC_YEARLY":12.821731500439,"TOTAL_ASSETS":280080000,"TOTAL_LIABILITIES":109084000,"TAX_EBT":1.355414927517,"OCF_SALES":7.199317126658,"TOTAL_PARENT_EQUITY":161175000,"DEBT_ASSET_RATIO":38.9474435875,"OPERATE_PROFIT":23177000,"PRETAX_PROFIT":22281000,"NETCASH_OPERATE":31122000,"NETCASH_INVEST":-10984000,"NETCASH_FINANCE":-4790000,"END_CASH":88990000,"DIVI_RATIO":null,"DIVIDEND_RATE":null,"CURRENT_RATIO":2.371336267441,"COMMON_ACS":38000000000,"CURRENTDEBT_DEBT":78.31762678303,"ISSUED_COMMON_SHARES":200000000,"HK_COMMON_SHARES":200000000,"PER_SHARES":8000,"TOTAL_MARKET_CAP":71000000,"HKSK_MARKET_CAP":71000000,"PE_TTM":-0.7928776196,"PB_TTM":0.662993073389,"REPORT_DATE_SQ":"2019-12-31 00:00:00","REPORT_TYPE_SQ":"2019年年报","OPERATE_INCOME_SQ":427159000,"DPS_HKD":null,"OPERATE_INCOME_QOQ_SQ":21.084364671266,"NET_PROFIT_RATIO_SQ":5.1636510058,"HOLDER_PROFIT_SQ":20852000,"HOLDER_PROFIT_QOQ_SQ":-35.492652745553,"ROE_AVG_SQ":16.36554852685,"PE_TTM_SQ":-1.066061758991,"PB_TTM_SQ":0.52351185782,"ROA_SQ":9.639111160419,"START_DATE":"2020-01-01 00:00:00","FISCAL_YEAR":"12-31","CURRENCY":"HKD","IS_CNY_CODE":0,"DPS_HKD_LY":null,"ORG_TYPE":"一般企业","PREMIUM_INCOME":null,"PREMIUM_INCOME_YOY":null,"NET_INTEREST_INCOME":null,"NET_INTEREST_INCOME_YOY":null,"FEE_COMMISSION_INCOME":null,"FEE_COMMISSION_INCOME_YOY":null,"ACCOUNTS_RECE_TDAYS":5.757508357418,"INVENTORY_TDAYS":null,"CURRENT_ASSETS_TDAYS":2.260439652378,"TOTAL_ASSETS_TDAYS":1.696719332916,"PREMIUM_EXPENSE":null,"LOAN_DEPOSIT":null,"LOAN_EQUITY":null,"LOAN_ASSETS":null,"DEPOSIT_EQUITY":null,"DEPOSIT_ASSETS":null,"EQUITY_MULTIPLIER":1.637933051064,"EQUITY_RATIO":0.676804715371},{"SECUCODE":"02159.HK","SECURITY_CODE":"02159","SECURITY_NAME_ABBR":"麦迪卫康","ORG_CODE":"10000060938","STD_REPORT_DATE":"2020-06-30 00:00:00","REPORT_DATE":"2020-06-30 00:00:00","DATE_TYPE_CODE":"002","REPORT_TYPE":"2020年中报","PER_NETCASH_OPERATE":0.0267363888,"PER_OI":1.2667677264,"BPS":0.69332,"BASIC_EPS":-0.0175,"DILUTED_EPS":-0.0175,"OPERATE_INCOME":138681000,"OPERATE_INCOME_YOY":-14.3653709593,"GROSS_PROFIT":28132000,"GROSS_PROFIT_YOY":-21.013027852651,"HOLDER_PROFIT":-2278000,"HOLDER_PROFIT_YOY":-189.75571316,"GROSS_PROFIT_RATIO":20.285403191497,"EPS_TTM":0.1464792384,"OPERATE_INCOME_QOQ":-5.446215577806,"NET_PROFIT_RATIO":-2.8893648012,"ROE_AVG":-1.659231203452,"GROSS_PROFIT_QOQ":-7.888856094784,"ROA":-0.949103393107,"HOLDER_PROFIT_QOQ":-23.096105889123,"ROE_YEARLY":-3.318462406905,"ROIC_YEARLY":-2.805271891557,"TOTAL_ASSETS":250551000,"TOTAL_LIABILITIES":104732000,"TAX_EBT":12.281085814361,"OCF_SALES":2.1105991448,"TOTAL_PARENT_EQUITY":138664000,"DEBT_ASSET_RATIO":41.8006713204,"OPERATE_PROFIT":-4216000,"PRETAX_PROFIT":-4568000,"NETCASH_OPERATE":2927000,"NETCASH_INVEST":-7627000,"NETCASH_FINANCE":-3408000,"END_CASH":65534000,"DIVI_RATIO":null,"DIVIDEND_RATE":null,"CURRENT_RATIO":2.041514438391,"COMMON_ACS":38000000000,"CURRENTDEBT_DEBT":73.43791773288,"ISSUED_COMMON_SHARES":200000000,"HK_COMMON_SHARES":200000000,"PER_SHARES":8000,"TOTAL_MARKET_CAP":71000000,"HKSK_MARKET_CAP":71000000,"PE_TTM":-0.7928776196,"PB_TTM":0.662993073389,"REPORT_DATE_SQ":"2019-06-30 00:00:00","REPORT_TYPE_SQ":"2019年中报","OPERATE_INCOME_SQ":161945000,"DPS_HKD":null,"OPERATE_INCOME_QOQ_SQ":17.998581788017,"NET_PROFIT_RATIO_SQ":1.2812992065,"HOLDER_PROFIT_SQ":2538000,"HOLDER_PROFIT_QOQ_SQ":-15.025893115323,"ROE_AVG_SQ":2.145066684697,"PE_TTM_SQ":-1.066061758991,"PB_TTM_SQ":0.52351185782,"ROA_SQ":2.000528114199,"START_DATE":"2020-01-01 00:00:00","FISCAL_YEAR":"12-31","CURRENCY":"HKD","IS_CNY_CODE":0,"DPS_HKD_LY":null,"ORG_TYPE":"一般企业","PREMIUM_INCOME":null,"PREMIUM_INCOME_YOY":null,"NET_INTEREST_INCOME":null,"NET_INTEREST_INCOME_YOY":null,"FEE_COMMISSION_INCOME":null,"FEE_COMMISSION_INCOME_YOY":null,"ACCOUNTS_RECE_TDAYS":2.272937358639,"INVENTORY_TDAYS":null,"CURRENT_ASSETS_TDAYS":0.823240283157,"TOTAL_ASSETS_TDAYS":0.577798980068,"PREMIUM_EXPENSE":null,"LOAN_DEPOSIT":null,"LOAN_EQUITY":null,"LOAN_ASSETS":null,"DEPOSIT_EQUITY":null,"DEPOSIT_ASSETS":null,"EQUITY_MULTIPLIER":1.718232877745,"EQUITY_RATIO":0.755293371026}],"count":15},"success":true,"message":"ok","code":0}