{"version":"07d903b45626a825bab71396ec45b04d","result":{"pages":2,"data":[{"SECUCODE":"02153.HK","SECURITY_CODE":"02153","SECURITY_NAME_ABBR":"达丰设备","ORG_CODE":"10000072779","STD_REPORT_DATE":"2024-06-30 00:00:00","REPORT_DATE":"2024-09-30 00:00:00","DATE_TYPE_CODE":"002","REPORT_TYPE":"2024年中报","PER_NETCASH_OPERATE":0.072229905399,"PER_OI":0.292152197597,"BPS":1.18658849466,"BASIC_EPS":-0.03,"DILUTED_EPS":-0.03,"OPERATE_INCOME":340904000,"OPERATE_INCOME_YOY":-4.9424335455,"GROSS_PROFIT":48009000,"GROSS_PROFIT_YOY":-24.736627578855,"HOLDER_PROFIT":-36203000,"HOLDER_PROFIT_YOY":-77.1530632218,"GROSS_PROFIT_RATIO":14.082850303898,"EPS_TTM":-0.081961056115,"OPERATE_INCOME_QOQ":0,"NET_PROFIT_RATIO":-10.6197052543,"ROE_AVG":-2.580379833223,"GROSS_PROFIT_QOQ":0,"ROA":-1.150010029988,"HOLDER_PROFIT_QOQ":0,"ROE_YEARLY":-5.160759666446,"ROIC_YEARLY":-2.420656518582,"TOTAL_ASSETS":3218158000,"TOTAL_LIABILITIES":1833562000,"TAX_EBT":5.359056806002,"OCF_SALES":24.723382535846,"TOTAL_PARENT_EQUITY":1384596000,"DEBT_ASSET_RATIO":56.9755120786,"OPERATE_PROFIT":-5644000,"PRETAX_PROFIT":-38253000,"NETCASH_OPERATE":84283000,"NETCASH_INVEST":-118454000,"NETCASH_FINANCE":70110000,"END_CASH":174837000,"DIVI_RATIO":null,"DIVIDEND_RATE":null,"CURRENT_RATIO":1.32420701075,"COMMON_ACS":1875000000,"CURRENTDEBT_DEBT":58.363338681757,"ISSUED_COMMON_SHARES":1166871250,"HK_COMMON_SHARES":1166871250,"PER_SHARES":2000,"TOTAL_MARKET_CAP":1353570650,"HKSK_MARKET_CAP":1353570650,"PE_TTM":-10.971461075128,"PB_TTM":0.881583130721,"REPORT_DATE_SQ":"2023-06-30 00:00:00","REPORT_TYPE_SQ":"2023年中报","OPERATE_INCOME_SQ":358629000,"DPS_HKD":null,"OPERATE_INCOME_QOQ_SQ":0,"NET_PROFIT_RATIO_SQ":-5.6983679513,"HOLDER_PROFIT_SQ":-20436000,"HOLDER_PROFIT_QOQ_SQ":0,"ROE_AVG_SQ":-1.355964592046,"PE_TTM_SQ":-80.900715747465,"PB_TTM_SQ":0.837076501241,"ROA_SQ":-0.642854176916,"START_DATE":"2024-04-01 00:00:00","FISCAL_YEAR":"3-31","CURRENCY":"HKD","IS_CNY_CODE":0,"DPS_HKD_LY":null,"ORG_TYPE":"一般企业","PREMIUM_INCOME":null,"PREMIUM_INCOME_YOY":null,"NET_INTEREST_INCOME":null,"NET_INTEREST_INCOME_YOY":null,"FEE_COMMISSION_INCOME":null,"FEE_COMMISSION_INCOME_YOY":null,"ACCOUNTS_RECE_TDAYS":0.433389821243,"INVENTORY_TDAYS":6.925868999764,"CURRENT_ASSETS_TDAYS":0.251101456246,"TOTAL_ASSETS_TDAYS":0.108290202266,"PREMIUM_EXPENSE":null,"LOAN_DEPOSIT":null,"LOAN_EQUITY":null,"LOAN_ASSETS":null,"DEPOSIT_EQUITY":null,"DEPOSIT_ASSETS":null,"EQUITY_MULTIPLIER":2.324257761828,"EQUITY_RATIO":1.324257761831},{"SECUCODE":"02153.HK","SECURITY_CODE":"02153","SECURITY_NAME_ABBR":"达丰设备","ORG_CODE":"10000072779","STD_REPORT_DATE":"2023-12-31 00:00:00","REPORT_DATE":"2024-03-31 00:00:00","DATE_TYPE_CODE":"001","REPORT_TYPE":"2023年年报","PER_NETCASH_OPERATE":0.07770351699,"PER_OI":0.584719179601,"BPS":1.218150674292,"BASIC_EPS":-0.08,"DILUTED_EPS":-0.08,"OPERATE_INCOME":682292000,"OPERATE_INCOME_YOY":-11.4771028813,"GROSS_PROFIT":80760000,"GROSS_PROFIT_YOY":-53.380168676507,"HOLDER_PROFIT":-95638000,"HOLDER_PROFIT_YOY":-167.0482785581,"GROSS_PROFIT_RATIO":11.836574369918,"EPS_TTM":-0.012314126344,"OPERATE_INCOME_QOQ":0,"NET_PROFIT_RATIO":-14.017165671,"ROE_AVG":-6.508102634734,"GROSS_PROFIT_QOQ":0,"ROA":-3.069745078082,"HOLDER_PROFIT_QOQ":0,"ROE_YEARLY":-6.508102634734,"ROIC_YEARLY":-3.222023957819,"TOTAL_ASSETS":3077961000,"TOTAL_LIABILITIES":1656536000,"TAX_EBT":9.267885434554,"OCF_SALES":13.289031675588,"TOTAL_PARENT_EQUITY":1421425000,"DEBT_ASSET_RATIO":53.8192654163,"OPERATE_PROFIT":-41835000,"PRETAX_PROFIT":-105407000,"NETCASH_OPERATE":90670000,"NETCASH_INVEST":-158576000,"NETCASH_FINANCE":51331000,"END_CASH":138938000,"DIVI_RATIO":null,"DIVIDEND_RATE":null,"CURRENT_RATIO":1.437468580932,"COMMON_ACS":1875000000,"CURRENTDEBT_DEBT":54.518223570149,"ISSUED_COMMON_SHARES":1166871250,"HK_COMMON_SHARES":1166871250,"PER_SHARES":2000,"TOTAL_MARKET_CAP":1446920350,"HKSK_MARKET_CAP":1446920350,"PE_TTM":-11.728113563068,"PB_TTM":0.942381967322,"REPORT_DATE_SQ":"2022-12-31 00:00:00","REPORT_TYPE_SQ":"2022年年报","OPERATE_INCOME_SQ":770752000,"DPS_HKD":null,"OPERATE_INCOME_QOQ_SQ":0,"NET_PROFIT_RATIO_SQ":-4.6465010795,"HOLDER_PROFIT_SQ":-35813000,"HOLDER_PROFIT_QOQ_SQ":0,"ROE_AVG_SQ":-2.319906511907,"PE_TTM_SQ":-69.837370004222,"PB_TTM_SQ":0.722604501071,"ROA_SQ":-1.179673694871,"START_DATE":"2023-04-01 00:00:00","FISCAL_YEAR":"3-31","CURRENCY":"HKD","IS_CNY_CODE":0,"DPS_HKD_LY":null,"ORG_TYPE":"一般企业","PREMIUM_INCOME":null,"PREMIUM_INCOME_YOY":null,"NET_INTEREST_INCOME":null,"NET_INTEREST_INCOME_YOY":null,"FEE_COMMISSION_INCOME":null,"FEE_COMMISSION_INCOME_YOY":null,"ACCOUNTS_RECE_TDAYS":0.99929917886,"INVENTORY_TDAYS":14.31401104131,"CURRENT_ASSETS_TDAYS":0.534995657961,"TOTAL_ASSETS_TDAYS":0.21899898668,"PREMIUM_EXPENSE":null,"LOAN_DEPOSIT":null,"LOAN_EQUITY":null,"LOAN_ASSETS":null,"DEPOSIT_EQUITY":null,"DEPOSIT_ASSETS":null,"EQUITY_MULTIPLIER":2.165405139209,"EQUITY_RATIO":1.165405139209},{"SECUCODE":"02153.HK","SECURITY_CODE":"02153","SECURITY_NAME_ABBR":"达丰设备","ORG_CODE":"10000072779","STD_REPORT_DATE":"2023-06-30 00:00:00","REPORT_DATE":"2023-09-30 00:00:00","DATE_TYPE_CODE":"002","REPORT_TYPE":"2023年中报","PER_NETCASH_OPERATE":0.073858191296,"PER_OI":0.307342391031,"BPS":1.282591374155,"BASIC_EPS":-0.02,"DILUTED_EPS":-0.02,"OPERATE_INCOME":358629000,"OPERATE_INCOME_YOY":-7.4269297188,"GROSS_PROFIT":63788000,"GROSS_PROFIT_YOY":-15.537194459893,"HOLDER_PROFIT":-20436000,"HOLDER_PROFIT_YOY":51.2034383954,"GROSS_PROFIT_RATIO":17.786626290679,"EPS_TTM":-0.030691475173,"OPERATE_INCOME_QOQ":0,"NET_PROFIT_RATIO":-5.6983679513,"ROE_AVG":-1.355964592046,"GROSS_PROFIT_QOQ":0,"ROA":-0.642854176916,"HOLDER_PROFIT_QOQ":0,"ROE_YEARLY":-2.711929184092,"ROIC_YEARLY":-1.350181755236,"TOTAL_ASSETS":3204851000,"TOTAL_LIABILITIES":1708232000,"TAX_EBT":21.199969152464,"OCF_SALES":24.031241199122,"TOTAL_PARENT_EQUITY":1496619000,"DEBT_ASSET_RATIO":53.3014483357,"OPERATE_PROFIT":4506000,"PRETAX_PROFIT":-25934000,"NETCASH_OPERATE":86183000,"NETCASH_INVEST":-184769000,"NETCASH_FINANCE":91597000,"END_CASH":148049000,"DIVI_RATIO":null,"DIVIDEND_RATE":null,"CURRENT_RATIO":1.519610579406,"COMMON_ACS":1875000000,"CURRENTDEBT_DEBT":53.275550393623,"ISSUED_COMMON_SHARES":1166871250,"HK_COMMON_SHARES":1166871250,"PER_SHARES":2000,"TOTAL_MARKET_CAP":1353570650,"HKSK_MARKET_CAP":1353570650,"PE_TTM":-10.971461075128,"PB_TTM":0.881583130721,"REPORT_DATE_SQ":"2022-06-30 00:00:00","REPORT_TYPE_SQ":"2022年中报","OPERATE_INCOME_SQ":387401000,"DPS_HKD":null,"OPERATE_INCOME_QOQ_SQ":0,"NET_PROFIT_RATIO_SQ":-10.8105038449,"HOLDER_PROFIT_SQ":-41880000,"HOLDER_PROFIT_QOQ_SQ":0,"ROE_AVG_SQ":-2.718707276762,"PE_TTM_SQ":-73.986124657938,"PB_TTM_SQ":0.765531501135,"ROA_SQ":-1.38858449593,"START_DATE":"2023-04-01 00:00:00","FISCAL_YEAR":"3-31","CURRENCY":"HKD","IS_CNY_CODE":0,"DPS_HKD_LY":null,"ORG_TYPE":"一般企业","PREMIUM_INCOME":null,"PREMIUM_INCOME_YOY":null,"NET_INTEREST_INCOME":null,"NET_INTEREST_INCOME_YOY":null,"FEE_COMMISSION_INCOME":null,"FEE_COMMISSION_INCOME_YOY":null,"ACCOUNTS_RECE_TDAYS":0.510490471069,"INVENTORY_TDAYS":7.23536196319,"CURRENT_ASSETS_TDAYS":0.2721629628,"TOTAL_ASSETS_TDAYS":0.112813735865,"PREMIUM_EXPENSE":null,"LOAN_DEPOSIT":null,"LOAN_EQUITY":null,"LOAN_ASSETS":null,"DEPOSIT_EQUITY":null,"DEPOSIT_ASSETS":null,"EQUITY_MULTIPLIER":2.141394035491,"EQUITY_RATIO":1.141394035489},{"SECUCODE":"02153.HK","SECURITY_CODE":"02153","SECURITY_NAME_ABBR":"达丰设备","ORG_CODE":"10000072779","STD_REPORT_DATE":"2022-12-31 00:00:00","REPORT_DATE":"2023-03-31 00:00:00","DATE_TYPE_CODE":"001","REPORT_TYPE":"2022年年报","PER_NETCASH_OPERATE":0.198465769038,"PER_OI":0.660528742995,"BPS":1.30058821828,"BASIC_EPS":-0.03,"DILUTED_EPS":-0.03,"OPERATE_INCOME":770752000,"OPERATE_INCOME_YOY":-11.1033194159,"GROSS_PROFIT":173231000,"GROSS_PROFIT_YOY":-26.013607301646,"HOLDER_PROFIT":-35813000,"HOLDER_PROFIT_YOY":-175.1821139918,"GROSS_PROFIT_RATIO":22.475582288466,"EPS_TTM":-0.028051938035,"OPERATE_INCOME_QOQ":0,"NET_PROFIT_RATIO":-4.6465010795,"ROE_AVG":-2.319906511907,"GROSS_PROFIT_QOQ":0,"ROA":-1.179673694871,"HOLDER_PROFIT_QOQ":0,"ROE_YEARLY":-2.319906511907,"ROIC_YEARLY":-1.246478150174,"TOTAL_ASSETS":3153045000,"TOTAL_LIABILITIES":1635426000,"TAX_EBT":3.554789540301,"OCF_SALES":30.046500041518,"TOTAL_PARENT_EQUITY":1517619000,"DEBT_ASSET_RATIO":51.868146506,"OPERATE_PROFIT":43664000,"PRETAX_PROFIT":-37133000,"NETCASH_OPERATE":231584000,"NETCASH_INVEST":-464230000,"NETCASH_FINANCE":219004000,"END_CASH":155551000,"DIVI_RATIO":null,"DIVIDEND_RATE":null,"CURRENT_RATIO":1.441398486151,"COMMON_ACS":1875000000,"CURRENTDEBT_DEBT":53.130560477821,"ISSUED_COMMON_SHARES":1166871250,"HK_COMMON_SHARES":1166871250,"PER_SHARES":2000,"TOTAL_MARKET_CAP":1481926487.5,"HKSK_MARKET_CAP":1481926487.5,"PE_TTM":-12.011858246045,"PB_TTM":0.965181531048,"REPORT_DATE_SQ":"2021-12-31 00:00:00","REPORT_TYPE_SQ":"2021年年报","OPERATE_INCOME_SQ":867020000,"DPS_HKD":null,"OPERATE_INCOME_QOQ_SQ":0,"NET_PROFIT_RATIO_SQ":5.494106249,"HOLDER_PROFIT_SQ":47635000,"HOLDER_PROFIT_QOQ_SQ":0,"ROE_AVG_SQ":3.052780058204,"PE_TTM_SQ":-32.516110560334,"PB_TTM_SQ":0.815613001209,"ROA_SQ":1.764137076432,"START_DATE":"2022-04-01 00:00:00","FISCAL_YEAR":"3-31","CURRENCY":"HKD","IS_CNY_CODE":0,"DPS_HKD_LY":0.016,"ORG_TYPE":"一般企业","PREMIUM_INCOME":null,"PREMIUM_INCOME_YOY":null,"NET_INTEREST_INCOME":null,"NET_INTEREST_INCOME_YOY":null,"FEE_COMMISSION_INCOME":null,"FEE_COMMISSION_INCOME_YOY":null,"ACCOUNTS_RECE_TDAYS":1.270552357089,"INVENTORY_TDAYS":16.281891630448,"CURRENT_ASSETS_TDAYS":0.630461411486,"TOTAL_ASSETS_TDAYS":0.25388430449,"PREMIUM_EXPENSE":null,"LOAN_DEPOSIT":null,"LOAN_EQUITY":null,"LOAN_ASSETS":null,"DEPOSIT_EQUITY":null,"DEPOSIT_ASSETS":null,"EQUITY_MULTIPLIER":2.077626202624,"EQUITY_RATIO":1.077626202624},{"SECUCODE":"02153.HK","SECURITY_CODE":"02153","SECURITY_NAME_ABBR":"达丰设备","ORG_CODE":"10000072779","STD_REPORT_DATE":"2022-06-30 00:00:00","REPORT_DATE":"2022-09-30 00:00:00","DATE_TYPE_CODE":"002","REPORT_TYPE":"2022年中报","PER_NETCASH_OPERATE":0.0596218306,"PER_OI":0.331999781467,"BPS":1.294952635091,"BASIC_EPS":-0.04,"DILUTED_EPS":-0.04,"OPERATE_INCOME":387401000,"OPERATE_INCOME_YOY":-6.7849056422,"GROSS_PROFIT":75522000,"GROSS_PROFIT_YOY":-36.775749051913,"HOLDER_PROFIT":-41880000,"HOLDER_PROFIT_YOY":-208.813136562,"GROSS_PROFIT_RATIO":19.494528924809,"EPS_TTM":0.040822841423,"OPERATE_INCOME_QOQ":0,"NET_PROFIT_RATIO":-10.8105038449,"ROE_AVG":-2.718707276762,"GROSS_PROFIT_QOQ":0,"ROA":-1.38858449593,"HOLDER_PROFIT_QOQ":0,"ROE_YEARLY":-5.437414553523,"ROIC_YEARLY":-2.933545013683,"TOTAL_ASSETS":3113408000,"TOTAL_LIABILITIES":1602365000,"TAX_EBT":3.562299951643,"OCF_SALES":17.958394531764,"TOTAL_PARENT_EQUITY":1511043000,"DEBT_ASSET_RATIO":51.4665922359,"OPERATE_PROFIT":12393000,"PRETAX_PROFIT":-43427000,"NETCASH_OPERATE":69571000,"NETCASH_INVEST":-197264000,"NETCASH_FINANCE":109247000,"END_CASH":151687000,"DIVI_RATIO":null,"DIVIDEND_RATE":null,"CURRENT_RATIO":1.438764065028,"COMMON_ACS":1875000000,"CURRENTDEBT_DEBT":55.862927610126,"ISSUED_COMMON_SHARES":1166871250,"HK_COMMON_SHARES":1166871250,"PER_SHARES":2000,"TOTAL_MARKET_CAP":1481926487.5,"HKSK_MARKET_CAP":1481926487.5,"PE_TTM":-12.011858246045,"PB_TTM":0.965181531048,"REPORT_DATE_SQ":"2021-06-30 00:00:00","REPORT_TYPE_SQ":"2021年中报","OPERATE_INCOME_SQ":415599000,"DPS_HKD":null,"OPERATE_INCOME_QOQ_SQ":0,"NET_PROFIT_RATIO_SQ":9.260850002,"HOLDER_PROFIT_SQ":38488000,"HOLDER_PROFIT_QOQ_SQ":0,"ROE_AVG_SQ":2.473916946248,"PE_TTM_SQ":-32.516110560334,"PB_TTM_SQ":0.815613001209,"ROA_SQ":1.437893699427,"START_DATE":"2022-04-01 00:00:00","FISCAL_YEAR":"3-31","CURRENCY":"HKD","IS_CNY_CODE":0,"DPS_HKD_LY":0.016,"ORG_TYPE":"一般企业","PREMIUM_INCOME":null,"PREMIUM_INCOME_YOY":null,"NET_INTEREST_INCOME":null,"NET_INTEREST_INCOME_YOY":null,"FEE_COMMISSION_INCOME":null,"FEE_COMMISSION_INCOME_YOY":null,"ACCOUNTS_RECE_TDAYS":0.616853070245,"INVENTORY_TDAYS":10.306301840653,"CURRENT_ASSETS_TDAYS":0.312360711994,"TOTAL_ASSETS_TDAYS":0.128447713063,"PREMIUM_EXPENSE":null,"LOAN_DEPOSIT":null,"LOAN_EQUITY":null,"LOAN_ASSETS":null,"DEPOSIT_EQUITY":null,"DEPOSIT_ASSETS":null,"EQUITY_MULTIPLIER":2.060436400552,"EQUITY_RATIO":1.060436400552},{"SECUCODE":"02153.HK","SECURITY_CODE":"02153","SECURITY_NAME_ABBR":"达丰设备","ORG_CODE":"10000072779","STD_REPORT_DATE":"2021-12-31 00:00:00","REPORT_DATE":"2022-03-31 00:00:00","DATE_TYPE_CODE":"001","REPORT_TYPE":"2021年年报","PER_NETCASH_OPERATE":0.191940627554,"PER_OI":0.743029704434,"BPS":1.345335228715,"BASIC_EPS":0.04,"DILUTED_EPS":0.04,"OPERATE_INCOME":867020000,"OPERATE_INCOME_YOY":9.3398271537,"GROSS_PROFIT":234139000,"GROSS_PROFIT_YOY":-14.323613250733,"HOLDER_PROFIT":47635000,"HOLDER_PROFIT_YOY":-52.9461154739,"GROSS_PROFIT_RATIO":27.005028719061,"EPS_TTM":0.066714301171,"OPERATE_INCOME_QOQ":0,"NET_PROFIT_RATIO":5.494106249,"ROE_AVG":3.052780058204,"GROSS_PROFIT_QOQ":0,"ROA":1.764137076432,"HOLDER_PROFIT_QOQ":0,"ROE_YEARLY":3.052780058204,"ROIC_YEARLY":1.87502423243,"TOTAL_ASSETS":2918634000,"TOTAL_LIABILITIES":1348801000,"TAX_EBT":-3.847830826248,"OCF_SALES":25.83216073447,"TOTAL_PARENT_EQUITY":1569833000,"DEBT_ASSET_RATIO":46.2134340928,"OPERATE_PROFIT":66105000,"PRETAX_PROFIT":45870000,"NETCASH_OPERATE":223970000,"NETCASH_INVEST":-313900000,"NETCASH_FINANCE":110729000,"END_CASH":169858000,"DIVI_RATIO":null,"DIVIDEND_RATE":null,"CURRENT_RATIO":1.610083933776,"COMMON_ACS":1875000000,"CURRENTDEBT_DEBT":54.915662132516,"ISSUED_COMMON_SHARES":1166871250,"HK_COMMON_SHARES":1166871250,"PER_SHARES":2000,"TOTAL_MARKET_CAP":1481926487.5,"HKSK_MARKET_CAP":1481926487.5,"PE_TTM":-12.011858246045,"PB_TTM":0.965181531048,"REPORT_DATE_SQ":"2020-12-31 00:00:00","REPORT_TYPE_SQ":"2020年年报","OPERATE_INCOME_SQ":792959000,"DPS_HKD":null,"OPERATE_INCOME_QOQ_SQ":0,"NET_PROFIT_RATIO_SQ":12.7667382551,"HOLDER_PROFIT_SQ":101235000,"HOLDER_PROFIT_QOQ_SQ":0,"ROE_AVG_SQ":7.785642762548,"PE_TTM_SQ":-32.516110560334,"PB_TTM_SQ":0.815613001209,"ROA_SQ":4.475224800088,"START_DATE":"2021-04-01 00:00:00","FISCAL_YEAR":"3-31","CURRENCY":"HKD","IS_CNY_CODE":0,"DPS_HKD_LY":0.06,"ORG_TYPE":"一般企业","PREMIUM_INCOME":null,"PREMIUM_INCOME_YOY":null,"NET_INTEREST_INCOME":null,"NET_INTEREST_INCOME_YOY":null,"FEE_COMMISSION_INCOME":null,"FEE_COMMISSION_INCOME_YOY":null,"ACCOUNTS_RECE_TDAYS":1.672795607228,"INVENTORY_TDAYS":23.083103857026,"CURRENT_ASSETS_TDAYS":0.743070300799,"TOTAL_ASSETS_TDAYS":0.321096279628,"PREMIUM_EXPENSE":null,"LOAN_DEPOSIT":null,"LOAN_EQUITY":null,"LOAN_ASSETS":null,"DEPOSIT_EQUITY":null,"DEPOSIT_ASSETS":null,"EQUITY_MULTIPLIER":1.859200309842,"EQUITY_RATIO":0.859200309842},{"SECUCODE":"02153.HK","SECURITY_CODE":"02153","SECURITY_NAME_ABBR":"达丰设备","ORG_CODE":"10000072779","STD_REPORT_DATE":"2021-06-30 00:00:00","REPORT_DATE":"2021-09-30 00:00:00","DATE_TYPE_CODE":"002","REPORT_TYPE":"2021年中报","PER_NETCASH_OPERATE":0.079825430612,"PER_OI":0.356165258164,"BPS":1.337400334441,"BASIC_EPS":0.03,"DILUTED_EPS":0.03,"OPERATE_INCOME":415599000,"OPERATE_INCOME_YOY":1.2325260207,"GROSS_PROFIT":119451000,"GROSS_PROFIT_YOY":-19.045908616507,"HOLDER_PROFIT":38488000,"HOLDER_PROFIT_YOY":-37.7981769992,"GROSS_PROFIT_RATIO":28.741888214361,"EPS_TTM":0.08675764357,"OPERATE_INCOME_QOQ":0,"NET_PROFIT_RATIO":9.260850002,"ROE_AVG":2.473916946248,"GROSS_PROFIT_QOQ":0,"ROA":1.437893699427,"HOLDER_PROFIT_QOQ":0,"ROE_YEARLY":4.947833892495,"ROIC_YEARLY":3.082591762228,"TOTAL_ASSETS":2871646000,"TOTAL_LIABILITIES":1311072000,"TAX_EBT":24.819314763449,"OCF_SALES":22.412469712391,"TOTAL_PARENT_EQUITY":1560574000,"DEBT_ASSET_RATIO":45.6557667623,"OPERATE_PROFIT":63154000,"PRETAX_PROFIT":51194000,"NETCASH_OPERATE":93146000,"NETCASH_INVEST":-102364000,"NETCASH_FINANCE":69674000,"END_CASH":209632000,"DIVI_RATIO":null,"DIVIDEND_RATE":null,"CURRENT_RATIO":1.641377115374,"COMMON_ACS":1875000000,"CURRENTDEBT_DEBT":55.838352127114,"ISSUED_COMMON_SHARES":1166871250,"HK_COMMON_SHARES":1166871250,"PER_SHARES":2000,"TOTAL_MARKET_CAP":1481926487.5,"HKSK_MARKET_CAP":1481926487.5,"PE_TTM":-12.011858246045,"PB_TTM":0.965181531048,"REPORT_DATE_SQ":"2020-06-30 00:00:00","REPORT_TYPE_SQ":"2020年中报","OPERATE_INCOME_SQ":410539000,"DPS_HKD":null,"OPERATE_INCOME_QOQ_SQ":2.043303920818,"NET_PROFIT_RATIO_SQ":15.0718932915,"HOLDER_PROFIT_SQ":61876000,"HOLDER_PROFIT_QOQ_SQ":-2.036385513805,"ROE_AVG_SQ":null,"PE_TTM_SQ":-32.516110560334,"PB_TTM_SQ":0.815613001209,"ROA_SQ":null,"START_DATE":"2021-04-01 00:00:00","FISCAL_YEAR":"3-31","CURRENCY":"HKD","IS_CNY_CODE":0,"DPS_HKD_LY":0.06,"ORG_TYPE":"一般企业","PREMIUM_INCOME":null,"PREMIUM_INCOME_YOY":null,"NET_INTEREST_INCOME":null,"NET_INTEREST_INCOME_YOY":null,"FEE_COMMISSION_INCOME":null,"FEE_COMMISSION_INCOME_YOY":null,"ACCOUNTS_RECE_TDAYS":0.797427732938,"INVENTORY_TDAYS":11.019665482149,"CURRENT_ASSETS_TDAYS":0.354812216293,"TOTAL_ASSETS_TDAYS":0.155265844832,"PREMIUM_EXPENSE":null,"LOAN_DEPOSIT":null,"LOAN_EQUITY":null,"LOAN_ASSETS":null,"DEPOSIT_EQUITY":null,"DEPOSIT_ASSETS":null,"EQUITY_MULTIPLIER":1.840121647546,"EQUITY_RATIO":0.840121647548},{"SECUCODE":"02153.HK","SECURITY_CODE":"02153","SECURITY_NAME_ABBR":"达丰设备","ORG_CODE":"10000072779","STD_REPORT_DATE":"2020-12-31 00:00:00","REPORT_DATE":"2021-03-31 00:00:00","DATE_TYPE_CODE":"001","REPORT_TYPE":"2020年年报","PER_NETCASH_OPERATE":0.227591518773,"PER_OI":0.679559977161,"BPS":1.329134641033,"BASIC_EPS":0.11,"DILUTED_EPS":0.11,"OPERATE_INCOME":792959000,"OPERATE_INCOME_YOY":6.4487375171,"GROSS_PROFIT":273283000,"GROSS_PROFIT_YOY":7.915478719623,"HOLDER_PROFIT":101235000,"HOLDER_PROFIT_YOY":32.4042951124,"GROSS_PROFIT_RATIO":34.463698627546,"EPS_TTM":0.11270051891,"OPERATE_INCOME_QOQ":0,"NET_PROFIT_RATIO":12.7667382551,"ROE_AVG":7.785642762548,"GROSS_PROFIT_QOQ":0,"ROA":4.475224800088,"HOLDER_PROFIT_QOQ":0,"ROE_YEARLY":7.785642762548,"ROIC_YEARLY":4.675660814951,"TOTAL_ASSETS":2481740000,"TOTAL_LIABILITIES":930811000,"TAX_EBT":25.512659205792,"OCF_SALES":33.491012776197,"TOTAL_PARENT_EQUITY":1550929000,"DEBT_ASSET_RATIO":37.5063866481,"OPERATE_PROFIT":149149000,"PRETAX_PROFIT":135909000,"NETCASH_OPERATE":265570000,"NETCASH_INVEST":-465449000,"NETCASH_FINANCE":306666000,"END_CASH":149515000,"DIVI_RATIO":null,"DIVIDEND_RATE":null,"CURRENT_RATIO":2.640451622309,"COMMON_ACS":1875000000,"CURRENTDEBT_DEBT":46.425214141217,"ISSUED_COMMON_SHARES":1166871250,"HK_COMMON_SHARES":1166871250,"PER_SHARES":2000,"TOTAL_MARKET_CAP":1481926487.5,"HKSK_MARKET_CAP":1481926487.5,"PE_TTM":-12.011858246045,"PB_TTM":0.965181531048,"REPORT_DATE_SQ":"2019-12-31 00:00:00","REPORT_TYPE_SQ":"2019年年报","OPERATE_INCOME_SQ":744921000,"DPS_HKD":null,"OPERATE_INCOME_QOQ_SQ":0,"NET_PROFIT_RATIO_SQ":10.2640414218,"HOLDER_PROFIT_SQ":76459000,"HOLDER_PROFIT_QOQ_SQ":0,"ROE_AVG_SQ":7.530573039191,"PE_TTM_SQ":-32.516110560334,"PB_TTM_SQ":0.815613001209,"ROA_SQ":3.831164975499,"START_DATE":"2020-04-01 00:00:00","FISCAL_YEAR":"3-31","CURRENCY":"HKD","IS_CNY_CODE":0,"DPS_HKD_LY":null,"ORG_TYPE":"一般企业","PREMIUM_INCOME":null,"PREMIUM_INCOME_YOY":null,"NET_INTEREST_INCOME":null,"NET_INTEREST_INCOME_YOY":null,"FEE_COMMISSION_INCOME":null,"FEE_COMMISSION_INCOME_YOY":null,"ACCOUNTS_RECE_TDAYS":1.94280555137,"INVENTORY_TDAYS":29.898225124414,"CURRENT_ASSETS_TDAYS":0.847073892057,"TOTAL_ASSETS_TDAYS":0.350537835951,"PREMIUM_EXPENSE":null,"LOAN_DEPOSIT":null,"LOAN_EQUITY":null,"LOAN_ASSETS":null,"DEPOSIT_EQUITY":null,"DEPOSIT_ASSETS":null,"EQUITY_MULTIPLIER":1.6001635149,"EQUITY_RATIO":0.6001635149},{"SECUCODE":"02153.HK","SECURITY_CODE":"02153","SECURITY_NAME_ABBR":"达丰设备","ORG_CODE":"10000072779","STD_REPORT_DATE":"2020-06-30 00:00:00","REPORT_DATE":"2020-09-30 00:00:00","DATE_TYPE_CODE":"002","REPORT_TYPE":"2020年中报","PER_NETCASH_OPERATE":null,"PER_OI":null,"BPS":null,"BASIC_EPS":0.07,"DILUTED_EPS":0.07,"OPERATE_INCOME":410539000,"OPERATE_INCOME_YOY":6.4615089388,"GROSS_PROFIT":147554000,"GROSS_PROFIT_YOY":7.856380568104,"HOLDER_PROFIT":61876000,"HOLDER_PROFIT_YOY":55.8393149477,"GROSS_PROFIT_RATIO":35.941530524506,"EPS_TTM":0.096094071735,"OPERATE_INCOME_QOQ":2.043303920818,"NET_PROFIT_RATIO":15.0718932915,"ROE_AVG":null,"GROSS_PROFIT_QOQ":1.19966197806,"ROA":null,"HOLDER_PROFIT_QOQ":-2.036385513805,"ROE_YEARLY":null,"ROIC_YEARLY":null,"TOTAL_ASSETS":null,"TOTAL_LIABILITIES":null,"TAX_EBT":25.354372504313,"OCF_SALES":null,"TOTAL_PARENT_EQUITY":null,"DEBT_ASSET_RATIO":null,"OPERATE_PROFIT":null,"PRETAX_PROFIT":82893000,"NETCASH_OPERATE":null,"NETCASH_INVEST":null,"NETCASH_FINANCE":null,"END_CASH":null,"DIVI_RATIO":null,"DIVIDEND_RATE":null,"CURRENT_RATIO":null,"COMMON_ACS":1875000000,"CURRENTDEBT_DEBT":null,"ISSUED_COMMON_SHARES":1166871250,"HK_COMMON_SHARES":1166871250,"PER_SHARES":2000,"TOTAL_MARKET_CAP":1481926487.5,"HKSK_MARKET_CAP":1481926487.5,"PE_TTM":-12.011858246045,"PB_TTM":0.965181531048,"REPORT_DATE_SQ":"2019-06-30 00:00:00","REPORT_TYPE_SQ":"2019年中报","OPERATE_INCOME_SQ":385622000,"DPS_HKD":null,"OPERATE_INCOME_QOQ_SQ":0,"NET_PROFIT_RATIO_SQ":10.2963523865,"HOLDER_PROFIT_SQ":39705000,"HOLDER_PROFIT_QOQ_SQ":0,"ROE_AVG_SQ":3.982754936941,"PE_TTM_SQ":-32.516110560334,"PB_TTM_SQ":0.815613001209,"ROA_SQ":1.983232556682,"START_DATE":"2020-04-01 00:00:00","FISCAL_YEAR":"3-31","CURRENCY":"HKD","IS_CNY_CODE":0,"DPS_HKD_LY":null,"ORG_TYPE":"一般企业","PREMIUM_INCOME":null,"PREMIUM_INCOME_YOY":null,"NET_INTEREST_INCOME":null,"NET_INTEREST_INCOME_YOY":null,"FEE_COMMISSION_INCOME":null,"FEE_COMMISSION_INCOME_YOY":null,"ACCOUNTS_RECE_TDAYS":null,"INVENTORY_TDAYS":null,"CURRENT_ASSETS_TDAYS":1.122903133163,"TOTAL_ASSETS_TDAYS":0.401996179196,"PREMIUM_EXPENSE":null,"LOAN_DEPOSIT":null,"LOAN_EQUITY":null,"LOAN_ASSETS":null,"DEPOSIT_EQUITY":null,"DEPOSIT_ASSETS":null,"EQUITY_MULTIPLIER":null,"EQUITY_RATIO":null}],"count":17},"success":true,"message":"ok","code":0}