{"version":"94f2b5bfe23ac39620d92a22a0bac4d3","result":{"pages":2,"data":[{"SECUCODE":"02150.HK","SECURITY_CODE":"02150","SECURITY_NAME_ABBR":"奈雪的茶","ORG_CODE":"10000173873","STD_REPORT_DATE":"2024-06-30 00:00:00","REPORT_DATE":"2024-06-30 00:00:00","DATE_TYPE_CODE":"002","REPORT_TYPE":"2024年中报","PER_NETCASH_OPERATE":0.060515082335,"PER_OI":1.483478054632,"BPS":2.574389789133,"BASIC_EPS":-0.25,"DILUTED_EPS":-0.25,"OPERATE_INCOME":2544352000,"OPERATE_INCOME_YOY":-1.9081317858,"GROSS_PROFIT":1611385000,"GROSS_PROFIT_YOY":-8.876662843907,"HOLDER_PROFIT":-435202000,"HOLDER_PROFIT_YOY":-758.4193167721,"GROSS_PROFIT_RATIO":63.331842449472,"EPS_TTM":-0.28457148814,"OPERATE_INCOME_QOQ":-0.958432673852,"NET_PROFIT_RATIO":-17.2932047138,"ROE_AVG":-9.446190334434,"GROSS_PROFIT_QOQ":-4.530692308003,"ROA":-6.148950144352,"HOLDER_PROFIT_QOQ":-3790.83484573503,"ROE_YEARLY":-18.892380668868,"ROIC_YEARLY":-18.544841706953,"TOTAL_ASSETS":6614963000,"TOTAL_LIABILITIES":2233604000,"TAX_EBT":-12.069646191033,"OCF_SALES":4.079270478299,"TOTAL_PARENT_EQUITY":4389362000,"DEBT_ASSET_RATIO":33.7659333847,"OPERATE_PROFIT":-322217000,"PRETAX_PROFIT":-392613000,"NETCASH_OPERATE":103791000,"NETCASH_INVEST":69371000,"NETCASH_FINANCE":-254519000,"END_CASH":374088000,"DIVI_RATIO":null,"DIVIDEND_RATE":null,"CURRENT_RATIO":2.105772740806,"COMMON_ACS":5000000000,"CURRENTDEBT_DEBT":61.19970236443,"ISSUED_COMMON_SHARES":1705010647,"HK_COMMON_SHARES":1705010647,"PER_SHARES":500,"TOTAL_MARKET_CAP":2267664160.51,"HKSK_MARKET_CAP":2267664160.51,"PE_TTM":-4.247051114054,"PB_TTM":0.471515387889,"REPORT_DATE_SQ":"2023-06-30 00:00:00","REPORT_TYPE_SQ":"2023年中报","OPERATE_INCOME_SQ":2593846000,"DPS_HKD":null,"OPERATE_INCOME_QOQ_SQ":12.790120016236,"NET_PROFIT_RATIO_SQ":2.4999942171,"HOLDER_PROFIT_SQ":66098000,"HOLDER_PROFIT_QOQ_SQ":68.249429502245,"ROE_AVG_SQ":1.361273861371,"PE_TTM_SQ":-30.805298020738,"PB_TTM_SQ":0.89958830256,"ROA_SQ":0.93061898806,"START_DATE":"2024-01-01 00:00:00","FISCAL_YEAR":"12-31","CURRENCY":"HKD","IS_CNY_CODE":0,"DPS_HKD_LY":null,"ORG_TYPE":"一般企业","PREMIUM_INCOME":null,"PREMIUM_INCOME_YOY":null,"NET_INTEREST_INCOME":null,"NET_INTEREST_INCOME_YOY":null,"FEE_COMMISSION_INCOME":null,"FEE_COMMISSION_INCOME_YOY":null,"ACCOUNTS_RECE_TDAYS":12.875330504594,"INVENTORY_TDAYS":6.269897379722,"CURRENT_ASSETS_TDAYS":0.856601254929,"TOTAL_ASSETS_TDAYS":0.359490388318,"PREMIUM_EXPENSE":null,"LOAN_DEPOSIT":null,"LOAN_EQUITY":null,"LOAN_ASSETS":null,"DEPOSIT_EQUITY":null,"DEPOSIT_ASSETS":null,"EQUITY_MULTIPLIER":1.509797074379,"EQUITY_RATIO":0.508867575743},{"SECUCODE":"02150.HK","SECURITY_CODE":"02150","SECURITY_NAME_ABBR":"奈雪的茶","ORG_CODE":"10000173873","STD_REPORT_DATE":"2023-12-31 00:00:00","REPORT_DATE":"2023-12-31 00:00:00","DATE_TYPE_CODE":"001","REPORT_TYPE":"2023年年报","PER_NETCASH_OPERATE":0.483049017385,"PER_OI":3.010889903948,"BPS":2.829880862322,"BASIC_EPS":0.01,"DILUTED_EPS":0.01,"OPERATE_INCOME":5164056000,"OPERATE_INCOME_YOY":20.3297801792,"GROSS_PROFIT":3464614000,"GROSS_PROFIT_YOY":20.48769393203,"HOLDER_PROFIT":13224000,"HOLDER_PROFIT_YOY":102.8176516587,"GROSS_PROFIT_RATIO":67.090945566818,"EPS_TTM":0.007710220046,"OPERATE_INCOME_QOQ":6.684681390398,"NET_PROFIT_RATIO":0.2162253856,"ROE_AVG":0.275594505949,"GROSS_PROFIT_QOQ":6.693261346622,"ROA":0.182651126404,"HOLDER_PROFIT_QOQ":108.874333955199,"ROE_YEARLY":0.275594505949,"ROIC_YEARLY":0.301702552403,"TOTAL_ASSETS":7540364000,"TOTAL_LIABILITIES":2718592000,"TAX_EBT":-82.749590834697,"OCF_SALES":16.043396895773,"TOTAL_PARENT_EQUITY":4824977000,"DEBT_ASSET_RATIO":36.053856286,"OPERATE_PROFIT":110705000,"PRETAX_PROFIT":6110000,"NETCASH_OPERATE":828490000,"NETCASH_INVEST":-1333461000,"NETCASH_FINANCE":-446352000,"END_CASH":444346000,"DIVI_RATIO":null,"DIVIDEND_RATE":null,"CURRENT_RATIO":2.266443925669,"COMMON_ACS":5000000000,"CURRENTDEBT_DEBT":49.696534088234,"ISSUED_COMMON_SHARES":1705010647,"HK_COMMON_SHARES":1705010647,"PER_SHARES":500,"TOTAL_MARKET_CAP":2728017035.2,"HKSK_MARKET_CAP":2728017035.2,"PE_TTM":-5.109234422922,"PB_TTM":0.567236556859,"REPORT_DATE_SQ":"2022-12-31 00:00:00","REPORT_TYPE_SQ":"2022年年报","OPERATE_INCOME_SQ":4291586000,"DPS_HKD":null,"OPERATE_INCOME_QOQ_SQ":0.484629894298,"NET_PROFIT_RATIO_SQ":-11.0869501392,"HOLDER_PROFIT_SQ":-469327000,"HOLDER_PROFIT_QOQ_SQ":-2.587827440283,"ROE_AVG_SQ":-9.660731857657,"PE_TTM_SQ":-34.971139034218,"PB_TTM_SQ":1.021240813226,"ROA_SQ":-6.57866831472,"START_DATE":"2023-01-01 00:00:00","FISCAL_YEAR":"12-31","CURRENCY":"HKD","IS_CNY_CODE":0,"DPS_HKD_LY":null,"ORG_TYPE":"一般企业","PREMIUM_INCOME":null,"PREMIUM_INCOME_YOY":null,"NET_INTEREST_INCOME":null,"NET_INTEREST_INCOME_YOY":null,"FEE_COMMISSION_INCOME":null,"FEE_COMMISSION_INCOME_YOY":null,"ACCOUNTS_RECE_TDAYS":22.06258117438,"INVENTORY_TDAYS":12.427727319263,"CURRENT_ASSETS_TDAYS":1.468782802117,"TOTAL_ASSETS_TDAYS":0.713264250766,"PREMIUM_EXPENSE":null,"LOAN_DEPOSIT":null,"LOAN_EQUITY":null,"LOAN_ASSETS":null,"DEPOSIT_EQUITY":null,"DEPOSIT_ASSETS":null,"EQUITY_MULTIPLIER":1.563815958117,"EQUITY_RATIO":0.563441442312},{"SECUCODE":"02150.HK","SECURITY_CODE":"02150","SECURITY_NAME_ABBR":"奈雪的茶","ORG_CODE":"10000173873","STD_REPORT_DATE":"2023-06-30 00:00:00","REPORT_DATE":"2023-06-30 00:00:00","DATE_TYPE_CODE":"002","REPORT_TYPE":"2023年中报","PER_NETCASH_OPERATE":0.226252745711,"PER_OI":1.512335407245,"BPS":2.897030003121,"BASIC_EPS":0.04,"DILUTED_EPS":0.04,"OPERATE_INCOME":2593846000,"OPERATE_INCOME_YOY":26.8417225483,"GROSS_PROFIT":1768356000,"GROSS_PROFIT_YOY":26.620277219669,"HOLDER_PROFIT":66098000,"HOLDER_PROFIT_YOY":126.0008260724,"GROSS_PROFIT_RATIO":68.175057424381,"EPS_TTM":-0.086882239106,"OPERATE_INCOME_QOQ":12.790120016236,"NET_PROFIT_RATIO":2.4999942171,"ROE_AVG":1.361273861371,"GROSS_PROFIT_QOQ":12.92905701007,"ROA":0.93061898806,"HOLDER_PROFIT_QOQ":68.249429502245,"ROE_YEARLY":2.722547722742,"ROIC_YEARLY":3.135703699768,"TOTAL_ASSETS":7265469000,"TOTAL_LIABILITIES":2328401000,"TAX_EBT":17.453568746261,"OCF_SALES":14.960487245581,"TOTAL_PARENT_EQUITY":4939467000,"DEBT_ASSET_RATIO":32.0474975532,"OPERATE_PROFIT":112505000,"PRETAX_PROFIT":78557000,"NETCASH_OPERATE":388052000,"NETCASH_INVEST":-902842000,"NETCASH_FINANCE":-212993000,"END_CASH":671001000,"DIVI_RATIO":null,"DIVIDEND_RATE":null,"CURRENT_RATIO":2.7792563034,"COMMON_ACS":5000000000,"CURRENTDEBT_DEBT":50.714245527295,"ISSUED_COMMON_SHARES":1705010647,"HK_COMMON_SHARES":1705010647,"PER_SHARES":500,"TOTAL_MARKET_CAP":2864417886.96,"HKSK_MARKET_CAP":2864417886.96,"PE_TTM":-5.364696144068,"PB_TTM":0.595598384702,"REPORT_DATE_SQ":"2022-06-30 00:00:00","REPORT_TYPE_SQ":"2022年中报","OPERATE_INCOME_SQ":2044947000,"DPS_HKD":null,"OPERATE_INCOME_QOQ_SQ":-1.88473818245,"NET_PROFIT_RATIO_SQ":-12.5614502479,"HOLDER_PROFIT_SQ":-254215000,"HOLDER_PROFIT_QOQ_SQ":89.888664088411,"ROE_AVG_SQ":-5.183646661731,"PE_TTM_SQ":-34.971139034218,"PB_TTM_SQ":1.021240813226,"ROA_SQ":-3.531035092001,"START_DATE":"2023-01-01 00:00:00","FISCAL_YEAR":"12-31","CURRENCY":"HKD","IS_CNY_CODE":0,"DPS_HKD_LY":null,"ORG_TYPE":"一般企业","PREMIUM_INCOME":null,"PREMIUM_INCOME_YOY":null,"NET_INTEREST_INCOME":null,"NET_INTEREST_INCOME_YOY":null,"FEE_COMMISSION_INCOME":null,"FEE_COMMISSION_INCOME_YOY":null,"ACCOUNTS_RECE_TDAYS":8.660978040746,"INVENTORY_TDAYS":6.334014954748,"CURRENT_ASSETS_TDAYS":0.71539462603,"TOTAL_ASSETS_TDAYS":0.365197485507,"PREMIUM_EXPENSE":null,"LOAN_DEPOSIT":null,"LOAN_EQUITY":null,"LOAN_ASSETS":null,"DEPOSIT_EQUITY":null,"DEPOSIT_ASSETS":null,"EQUITY_MULTIPLIER":1.471616149505,"EQUITY_RATIO":0.471387095004},{"SECUCODE":"02150.HK","SECURITY_CODE":"02150","SECURITY_NAME_ABBR":"奈雪的茶","ORG_CODE":"10000173873","STD_REPORT_DATE":"2022-12-31 00:00:00","REPORT_DATE":"2022-12-31 00:00:00","DATE_TYPE_CODE":"001","REPORT_TYPE":"2022年年报","PER_NETCASH_OPERATE":0.17877868665,"PER_OI":2.502198457826,"BPS":2.798651731821,"BASIC_EPS":-0.27,"DILUTED_EPS":-0.27,"OPERATE_INCOME":4291586000,"OPERATE_INCOME_YOY":-0.1171153684,"GROSS_PROFIT":2875492000,"GROSS_PROFIT_YOY":-0.706229125978,"HOLDER_PROFIT":-469327000,"HOLDER_PROFIT_YOY":89.6270001631,"GROSS_PROFIT_RATIO":67.003014736277,"EPS_TTM":-0.273639930696,"OPERATE_INCOME_QOQ":0.484629894298,"NET_PROFIT_RATIO":-11.0869501392,"ROE_AVG":-9.660731857657,"GROSS_PROFIT_QOQ":96.098478467979,"ROA":-6.57866831472,"HOLDER_PROFIT_QOQ":-2.587827440283,"ROE_YEARLY":-9.660731857657,"ROIC_YEARLY":-13.378450104644,"TOTAL_ASSETS":6939700000,"TOTAL_LIABILITIES":2174116000,"TAX_EBT":7.882009920274,"OCF_SALES":7.144864392791,"TOTAL_PARENT_EQUITY":4771731000,"DEBT_ASSET_RATIO":31.3286741502,"OPERATE_PROFIT":-434904000,"PRETAX_PROFIT":-516518000,"NETCASH_OPERATE":306628000,"NETCASH_INVEST":-2629139000,"NETCASH_FINANCE":-477998000,"END_CASH":1387495000,"DIVI_RATIO":null,"DIVIDEND_RATE":null,"CURRENT_RATIO":3.300998944759,"COMMON_ACS":5000000000,"CURRENTDEBT_DEBT":55.313009977389,"ISSUED_COMMON_SHARES":1705010647,"HK_COMMON_SHARES":1705010647,"PER_SHARES":500,"TOTAL_MARKET_CAP":2728017035.2,"HKSK_MARKET_CAP":2728017035.2,"PE_TTM":-5.109234422922,"PB_TTM":0.567236556859,"REPORT_DATE_SQ":"2021-12-31 00:00:00","REPORT_TYPE_SQ":"2021年年报","OPERATE_INCOME_SQ":4296618000,"DPS_HKD":null,"OPERATE_INCOME_QOQ_SQ":7.318782606567,"NET_PROFIT_RATIO_SQ":-105.3275855568,"HOLDER_PROFIT_SQ":-4524506000,"HOLDER_PROFIT_QOQ_SQ":-1.705603747671,"ROE_AVG_SQ":-200.198007491542,"PE_TTM_SQ":-34.971139034218,"PB_TTM_SQ":1.021240813226,"ROA_SQ":-85.026687670395,"START_DATE":"2022-01-01 00:00:00","FISCAL_YEAR":"12-31","CURRENCY":"HKD","IS_CNY_CODE":0,"DPS_HKD_LY":null,"ORG_TYPE":"一般企业","PREMIUM_INCOME":null,"PREMIUM_INCOME_YOY":null,"NET_INTEREST_INCOME":null,"NET_INTEREST_INCOME_YOY":null,"FEE_COMMISSION_INCOME":null,"FEE_COMMISSION_INCOME_YOY":null,"ACCOUNTS_RECE_TDAYS":18.583764917811,"INVENTORY_TDAYS":9.428903396777,"CURRENT_ASSETS_TDAYS":0.993354277107,"TOTAL_ASSETS_TDAYS":0.601561828706,"PREMIUM_EXPENSE":null,"LOAN_DEPOSIT":null,"LOAN_EQUITY":null,"LOAN_ASSETS":null,"DEPOSIT_EQUITY":null,"DEPOSIT_ASSETS":null,"EQUITY_MULTIPLIER":1.456211872459,"EQUITY_RATIO":0.455624174959},{"SECUCODE":"02150.HK","SECURITY_CODE":"02150","SECURITY_NAME_ABBR":"奈雪的茶","ORG_CODE":"10000173873","STD_REPORT_DATE":"2022-06-30 00:00:00","REPORT_DATE":"2022-06-30 00:00:00","DATE_TYPE_CODE":"002","REPORT_TYPE":"2022年中报","PER_NETCASH_OPERATE":0.060008997111,"PER_OI":1.192301221445,"BPS":2.852708285757,"BASIC_EPS":-0.15,"DILUTED_EPS":-0.15,"OPERATE_INCOME":2044947000,"OPERATE_INCOME_YOY":-3.8091618386,"GROSS_PROFIT":1396582000,"GROSS_PROFIT_YOY":-4.151147476403,"HOLDER_PROFIT":-254215000,"HOLDER_PROFIT_YOY":94.117072604,"GROSS_PROFIT_RATIO":68.294288311629,"EPS_TTM":-0.266737231428,"OPERATE_INCOME_QOQ":-1.88473818245,"NET_PROFIT_RATIO":-12.5614502479,"ROE_AVG":-5.183646661731,"GROSS_PROFIT_QOQ":-2.088610829491,"ROA":-3.531035092001,"HOLDER_PROFIT_QOQ":89.888664088411,"ROE_YEARLY":-10.367293323462,"ROIC_YEARLY":-15.339196015906,"TOTAL_ASSETS":7070448000,"TOTAL_LIABILITIES":2210228000,"TAX_EBT":-1.125519652305,"OCF_SALES":5.033039976097,"TOTAL_PARENT_EQUITY":4863898000,"DEBT_ASSET_RATIO":31.2600842266,"OPERATE_PROFIT":-209714000,"PRETAX_PROFIT":-254016000,"NETCASH_OPERATE":102923000,"NETCASH_INVEST":-356041000,"NETCASH_FINANCE":-244439000,"END_CASH":3721623000,"DIVI_RATIO":null,"DIVIDEND_RATE":null,"CURRENT_RATIO":3.620014023874,"COMMON_ACS":5000000000,"CURRENTDEBT_DEBT":54.136089127457,"ISSUED_COMMON_SHARES":1705010647,"HK_COMMON_SHARES":1705010647,"PER_SHARES":500,"TOTAL_MARKET_CAP":2864417886.96,"HKSK_MARKET_CAP":2864417886.96,"PE_TTM":-5.364696144068,"PB_TTM":0.595598384702,"REPORT_DATE_SQ":"2021-06-30 00:00:00","REPORT_TYPE_SQ":"2021年中报","OPERATE_INCOME_SQ":2125927000,"DPS_HKD":null,"OPERATE_INCOME_QOQ_SQ":30.957342728481,"NET_PROFIT_RATIO_SQ":-203.2634704766,"HOLDER_PROFIT_SQ":-4321233000,"HOLDER_PROFIT_QOQ_SQ":-2103.68847586589,"ROE_AVG_SQ":-181.272205539264,"PE_TTM_SQ":-34.971139034218,"PB_TTM_SQ":1.021240813226,"ROA_SQ":-81.531313619203,"START_DATE":"2022-01-01 00:00:00","FISCAL_YEAR":"12-31","CURRENCY":"HKD","IS_CNY_CODE":0,"DPS_HKD_LY":null,"ORG_TYPE":"一般企业","PREMIUM_INCOME":null,"PREMIUM_INCOME_YOY":null,"NET_INTEREST_INCOME":null,"NET_INTEREST_INCOME_YOY":null,"FEE_COMMISSION_INCOME":null,"FEE_COMMISSION_INCOME_YOY":null,"ACCOUNTS_RECE_TDAYS":10.914970443415,"INVENTORY_TDAYS":4.015215789246,"CURRENT_ASSETS_TDAYS":0.454312778572,"TOTAL_ASSETS_TDAYS":0.284042232688,"PREMIUM_EXPENSE":null,"LOAN_DEPOSIT":null,"LOAN_EQUITY":null,"LOAN_ASSETS":null,"DEPOSIT_EQUITY":null,"DEPOSIT_ASSETS":null,"EQUITY_MULTIPLIER":1.454758838077,"EQUITY_RATIO":0.454414956893},{"SECUCODE":"02150.HK","SECURITY_CODE":"02150","SECURITY_NAME_ABBR":"奈雪的茶","ORG_CODE":"10000173873","STD_REPORT_DATE":"2021-12-31 00:00:00","REPORT_DATE":"2021-12-31 00:00:00","DATE_TYPE_CODE":"001","REPORT_TYPE":"2021年年报","PER_NETCASH_OPERATE":0.295071007392,"PER_OI":2.50513235281,"BPS":2.899951392503,"BASIC_EPS":-3.28,"DILUTED_EPS":-3.28,"OPERATE_INCOME":4296618000,"OPERATE_INCOME_YOY":40.5418259501,"GROSS_PROFIT":2895944000,"GROSS_PROFIT_YOY":52.590050156519,"HOLDER_PROFIT":-4524506000,"HOLDER_PROFIT_YOY":-2141.2746690972,"GROSS_PROFIT_RATIO":67.400546197032,"EPS_TTM":-2.63800187987,"OPERATE_INCOME_QOQ":7.318782606567,"NET_PROFIT_RATIO":-105.3275855568,"ROE_AVG":-200.198007491542,"GROSS_PROFIT_QOQ":103.952070336654,"ROA":-85.026687670395,"HOLDER_PROFIT_QOQ":-1.705603747671,"ROE_YEARLY":-200.198007491542,"ROIC_YEARLY":-148.612106984809,"TOTAL_ASSETS":7328446000,"TOTAL_LIABILITIES":2385016000,"TAX_EBT":0.090625523636,"OCF_SALES":11.778659401418,"TOTAL_PARENT_EQUITY":4944448000,"DEBT_ASSET_RATIO":32.5446349745,"OPERATE_PROFIT":-4438082000,"PRETAX_PROFIT":-4529629000,"NETCASH_OPERATE":506084000,"NETCASH_INVEST":-794975000,"NETCASH_FINANCE":3892305000,"END_CASH":4052806000,"DIVI_RATIO":null,"DIVIDEND_RATE":null,"CURRENT_RATIO":3.511518076637,"COMMON_ACS":5000000000,"CURRENTDEBT_DEBT":55.771952892559,"ISSUED_COMMON_SHARES":1705010647,"HK_COMMON_SHARES":1705010647,"PER_SHARES":500,"TOTAL_MARKET_CAP":2864417886.96,"HKSK_MARKET_CAP":2864417886.96,"PE_TTM":-5.364696144068,"PB_TTM":0.595598384702,"REPORT_DATE_SQ":"2020-12-31 00:00:00","REPORT_TYPE_SQ":"2020年年报","OPERATE_INCOME_SQ":3057181000,"DPS_HKD":null,"OPERATE_INCOME_QOQ_SQ":6.658970371006,"NET_PROFIT_RATIO_SQ":-6.6499824512,"HOLDER_PROFIT_SQ":-201872000,"HOLDER_PROFIT_QOQ_SQ":-227.794105707559,"ROE_AVG_SQ":70.76089909302,"PE_TTM_SQ":-34.971139034218,"PB_TTM_SQ":1.021240813226,"ROA_SQ":-7.525156763227,"START_DATE":"2021-01-01 00:00:00","FISCAL_YEAR":"12-31","CURRENCY":"HKD","IS_CNY_CODE":0,"DPS_HKD_LY":null,"ORG_TYPE":"一般企业","PREMIUM_INCOME":null,"PREMIUM_INCOME_YOY":null,"NET_INTEREST_INCOME":null,"NET_INTEREST_INCOME_YOY":null,"FEE_COMMISSION_INCOME":null,"FEE_COMMISSION_INCOME_YOY":null,"ACCOUNTS_RECE_TDAYS":10.289637004796,"INVENTORY_TDAYS":10.107696193397,"CURRENT_ASSETS_TDAYS":1.432006951034,"TOTAL_ASSETS_TDAYS":0.807441070307,"PREMIUM_EXPENSE":null,"LOAN_DEPOSIT":null,"LOAN_EQUITY":null,"LOAN_ASSETS":null,"DEPOSIT_EQUITY":null,"DEPOSIT_ASSETS":null,"EQUITY_MULTIPLIER":1.482461772495,"EQUITY_RATIO":0.482362439649},{"SECUCODE":"02150.HK","SECURITY_CODE":"02150","SECURITY_NAME_ABBR":"奈雪的茶","ORG_CODE":"10000173873","STD_REPORT_DATE":"2021-06-30 00:00:00","REPORT_DATE":"2021-06-30 00:00:00","DATE_TYPE_CODE":"002","REPORT_TYPE":"2021年中报","PER_NETCASH_OPERATE":0.220341810228,"PER_OI":1.239516407419,"BPS":3.045195060298,"BASIC_EPS":-3.9,"DILUTED_EPS":-3.9,"OPERATE_INCOME":2125927000,"OPERATE_INCOME_YOY":80.2389137816,"GROSS_PROFIT":1457067000,"GROSS_PROFIT_YOY":104.165370549414,"HOLDER_PROFIT":-4321233000,"HOLDER_PROFIT_YOY":-5702.2598187311,"GROSS_PROFIT_RATIO":68.537960146327,"EPS_TTM":-2.593762568299,"OPERATE_INCOME_QOQ":30.957342728481,"NET_PROFIT_RATIO":-203.2634704766,"ROE_AVG":-181.272205539264,"GROSS_PROFIT_QOQ":75.952707652414,"ROA":-81.531313619203,"HOLDER_PROFIT_QOQ":-2103.68847586589,"ROE_YEARLY":-362.544411078528,"ROIC_YEARLY":-326.765024869969,"TOTAL_ASSETS":7286071000,"TOTAL_LIABILITIES":2093981000,"TAX_EBT":-0.598530144059,"OCF_SALES":17.776433527586,"TOTAL_PARENT_EQUITY":5192090000,"DEBT_ASSET_RATIO":28.7395085774,"OPERATE_PROFIT":-4249116000,"PRETAX_PROFIT":-4295523000,"NETCASH_OPERATE":377914000,"NETCASH_INVEST":-203757000,"NETCASH_FINANCE":4132906000,"END_CASH":4808714000,"DIVI_RATIO":null,"DIVIDEND_RATE":null,"CURRENT_RATIO":4.736770869242,"COMMON_ACS":5000000000,"CURRENTDEBT_DEBT":52.643266581693,"ISSUED_COMMON_SHARES":1705010647,"HK_COMMON_SHARES":1705010647,"PER_SHARES":500,"TOTAL_MARKET_CAP":2864417886.96,"HKSK_MARKET_CAP":2864417886.96,"PE_TTM":-5.364696144068,"PB_TTM":0.595598384702,"REPORT_DATE_SQ":"2020-06-30 00:00:00","REPORT_TYPE_SQ":"2020年中报","OPERATE_INCOME_SQ":1179505000,"DPS_HKD":null,"OPERATE_INCOME_QOQ_SQ":0,"NET_PROFIT_RATIO_SQ":-6.4353266837,"HOLDER_PROFIT_SQ":-74475000,"HOLDER_PROFIT_QOQ_SQ":0,"ROE_AVG_SQ":null,"PE_TTM_SQ":-34.971139034218,"PB_TTM_SQ":1.021240813226,"ROA_SQ":null,"START_DATE":"2021-01-01 00:00:00","FISCAL_YEAR":"12-31","CURRENCY":"HKD","IS_CNY_CODE":0,"DPS_HKD_LY":null,"ORG_TYPE":"一般企业","PREMIUM_INCOME":null,"PREMIUM_INCOME_YOY":null,"NET_INTEREST_INCOME":null,"NET_INTEREST_INCOME_YOY":null,"FEE_COMMISSION_INCOME":null,"FEE_COMMISSION_INCOME_YOY":null,"ACCOUNTS_RECE_TDAYS":4.454675369577,"INVENTORY_TDAYS":6.09492393419,"CURRENT_ASSETS_TDAYS":0.648994344763,"TOTAL_ASSETS_TDAYS":0.40111149056,"PREMIUM_EXPENSE":null,"LOAN_DEPOSIT":null,"LOAN_EQUITY":null,"LOAN_ASSETS":null,"DEPOSIT_EQUITY":null,"DEPOSIT_ASSETS":null,"EQUITY_MULTIPLIER":1.403302138445,"EQUITY_RATIO":0.403302138445},{"SECUCODE":"02150.HK","SECURITY_CODE":"02150","SECURITY_NAME_ABBR":"奈雪的茶","ORG_CODE":"10000173873","STD_REPORT_DATE":"2020-12-31 00:00:00","REPORT_DATE":"2020-12-31 00:00:00","DATE_TYPE_CODE":"001","REPORT_TYPE":"2020年年报","PER_NETCASH_OPERATE":0.444021764277,"PER_OI":2.363483448685,"BPS":-0.248923372266,"BASIC_EPS":-0.2,"DILUTED_EPS":-0.2,"OPERATE_INCOME":3057181000,"OPERATE_INCOME_YOY":22.2134230925,"GROSS_PROFIT":1897859000,"GROSS_PROFIT_YOY":127.252305920135,"HOLDER_PROFIT":-201872000,"HOLDER_PROFIT_YOY":-423.6627756161,"GROSS_PROFIT_RATIO":32.015212707393,"EPS_TTM":-0.156065712417,"OPERATE_INCOME_QOQ":6.658970371006,"NET_PROFIT_RATIO":-6.6499824512,"ROE_AVG":70.76089909302,"GROSS_PROFIT_QOQ":6.713105558166,"ROA":-7.525156763227,"HOLDER_PROFIT_QOQ":-227.794105707559,"ROE_YEARLY":70.76089909302,"ROIC_YEARLY":-8.436791351236,"TOTAL_ASSETS":3314109000,"TOTAL_LIABILITIES":3738526000,"TAX_EBT":-6.947578842158,"OCF_SALES":18.786751585856,"TOTAL_PARENT_EQUITY":-424417000,"DEBT_ASSET_RATIO":112.8063681671,"OPERATE_PROFIT":-59837000,"PRETAX_PROFIT":-190095000,"NETCASH_OPERATE":574345000,"NETCASH_INVEST":-243855000,"NETCASH_FINANCE":91923000,"END_CASH":501753000,"DIVI_RATIO":null,"DIVIDEND_RATE":null,"CURRENT_RATIO":0.48747246802,"COMMON_ACS":5000000000,"CURRENTDEBT_DEBT":72.975044175164,"ISSUED_COMMON_SHARES":1705010647,"HK_COMMON_SHARES":1705010647,"PER_SHARES":500,"TOTAL_MARKET_CAP":2864417886.96,"HKSK_MARKET_CAP":2864417886.96,"PE_TTM":-5.364696144068,"PB_TTM":0.595598384702,"REPORT_DATE_SQ":"2019-12-31 00:00:00","REPORT_TYPE_SQ":"2019年年报","OPERATE_INCOME_SQ":2501510000,"DPS_HKD":null,"OPERATE_INCOME_QOQ_SQ":130.166558400333,"NET_PROFIT_RATIO_SQ":-1.5862419099,"HOLDER_PROFIT_SQ":-38550000,"HOLDER_PROFIT_QOQ_SQ":41.593563928912,"ROE_AVG_SQ":30.424522717766,"PE_TTM_SQ":-34.971139034218,"PB_TTM_SQ":1.021240813226,"ROA_SQ":-2.271360733623,"START_DATE":"2020-01-01 00:00:00","FISCAL_YEAR":"12-31","CURRENCY":"HKD","IS_CNY_CODE":0,"DPS_HKD_LY":null,"ORG_TYPE":"一般企业","PREMIUM_INCOME":null,"PREMIUM_INCOME_YOY":null,"NET_INTEREST_INCOME":null,"NET_INTEREST_INCOME_YOY":null,"FEE_COMMISSION_INCOME":null,"FEE_COMMISSION_INCOME_YOY":null,"ACCOUNTS_RECE_TDAYS":7.698584395488,"INVENTORY_TDAYS":22.989569391751,"CURRENT_ASSETS_TDAYS":3.762651890999,"TOTAL_ASSETS_TDAYS":1.13962145709,"PREMIUM_EXPENSE":null,"LOAN_DEPOSIT":null,"LOAN_EQUITY":null,"LOAN_ASSETS":null,"DEPOSIT_EQUITY":null,"DEPOSIT_ASSETS":null,"EQUITY_MULTIPLIER":-7.808615112043,"EQUITY_RATIO":-8.808615112024},{"SECUCODE":"02150.HK","SECURITY_CODE":"02150","SECURITY_NAME_ABBR":"奈雪的茶","ORG_CODE":"10000173873","STD_REPORT_DATE":"2020-09-30 00:00:00","REPORT_DATE":"2020-09-30 00:00:00","DATE_TYPE_CODE":"004","REPORT_TYPE":"2020年三季报","PER_NETCASH_OPERATE":1.3571712088,"PER_OI":7.20008378155,"BPS":-0.100723711199,"BASIC_EPS":null,"DILUTED_EPS":null,"OPERATE_INCOME":2114531000,"OPERATE_INCOME_YOY":20.8491953316,"GROSS_PROFIT":698992000,"GROSS_PROFIT_YOY":13.300936566959,"HOLDER_PROFIT":-26083000,"HOLDER_PROFIT_YOY":-755.7414698163,"GROSS_PROFIT_RATIO":33.056597420421,"EPS_TTM":-0.20970000425,"OPERATE_INCOME_QOQ":14.5833516556,"NET_PROFIT_RATIO":-1.3011395908,"ROE_AVG":16.409924093956,"GROSS_PROFIT_QOQ":9.825740331181,"ROA":-1.120062661329,"HOLDER_PROFIT_QOQ":-59.753566796368,"ROE_YEARLY":21.879898791942,"ROIC_YEARLY":-1.241321741382,"TOTAL_ASSETS":2606270000,"TOTAL_LIABILITIES":2778005000,"TAX_EBT":-32.727097303295,"OCF_SALES":18.849380784675,"TOTAL_PARENT_EQUITY":-171735000,"DEBT_ASSET_RATIO":106.5893019526,"OPERATE_PROFIT":null,"PRETAX_PROFIT":-20729000,"NETCASH_OPERATE":398576000,"NETCASH_INVEST":-182479000,"NETCASH_FINANCE":79953000,"END_CASH":376974000,"DIVI_RATIO":null,"DIVIDEND_RATE":null,"CURRENT_RATIO":0.393338273161,"COMMON_ACS":5000000000,"CURRENTDEBT_DEBT":64.418026605424,"ISSUED_COMMON_SHARES":1705010647,"HK_COMMON_SHARES":1705010647,"PER_SHARES":500,"TOTAL_MARKET_CAP":2728017035.2,"HKSK_MARKET_CAP":2728017035.2,"PE_TTM":-5.109234422922,"PB_TTM":0.567236556859,"REPORT_DATE_SQ":"2019-09-30 00:00:00","REPORT_TYPE_SQ":"2019年三季报","OPERATE_INCOME_SQ":1749727000,"DPS_HKD":null,"OPERATE_INCOME_QOQ_SQ":0,"NET_PROFIT_RATIO_SQ":-0.2212345126,"HOLDER_PROFIT_SQ":-3048000,"HOLDER_PROFIT_QOQ_SQ":0,"ROE_AVG_SQ":null,"PE_TTM_SQ":-34.971139034218,"PB_TTM_SQ":1.021240813226,"ROA_SQ":null,"START_DATE":"2020-01-01 00:00:00","FISCAL_YEAR":"12-31","CURRENCY":"HKD","IS_CNY_CODE":0,"DPS_HKD_LY":null,"ORG_TYPE":"一般企业","PREMIUM_INCOME":null,"PREMIUM_INCOME_YOY":null,"NET_INTEREST_INCOME":null,"NET_INTEREST_INCOME_YOY":null,"FEE_COMMISSION_INCOME":null,"FEE_COMMISSION_INCOME_YOY":null,"ACCOUNTS_RECE_TDAYS":12.811030229226,"INVENTORY_TDAYS":14.112488036369,"CURRENT_ASSETS_TDAYS":4.23334190867,"TOTAL_ASSETS_TDAYS":0.908027151525,"PREMIUM_EXPENSE":null,"LOAN_DEPOSIT":null,"LOAN_EQUITY":null,"LOAN_ASSETS":null,"DEPOSIT_EQUITY":null,"DEPOSIT_ASSETS":null,"EQUITY_MULTIPLIER":-15.176114362242,"EQUITY_RATIO":-16.176114362244}],"count":13},"success":true,"message":"ok","code":0}