{"version":"b06926b4eabe66ace57378ed0b5214e3","result":{"pages":2,"data":[{"SECUCODE":"02156.HK","SECURITY_CODE":"02156","SECURITY_NAME_ABBR":"建发物业","ORG_CODE":"10000135249","STD_REPORT_DATE":"2024-06-30 00:00:00","REPORT_DATE":"2024-06-30 00:00:00","DATE_TYPE_CODE":"002","REPORT_TYPE":"2024年中报","PER_NETCASH_OPERATE":-0.119547895911,"PER_OI":1.137851270638,"BPS":1.137734105108,"BASIC_EPS":0.14,"DILUTED_EPS":0.14,"OPERATE_INCOME":1602395000,"OPERATE_INCOME_YOY":16.7078296602,"GROSS_PROFIT":403211000,"GROSS_PROFIT_YOY":14.633577738039,"HOLDER_PROFIT":190795000,"HOLDER_PROFIT_YOY":10.987336176,"GROSS_PROFIT_RATIO":25.163021602039,"EPS_TTM":0.345272615416,"OPERATE_INCOME_QOQ":6.426931262054,"NET_PROFIT_RATIO":12.1417627988,"ROE_AVG":11.464767599525,"GROSS_PROFIT_QOQ":5.139665250742,"ROA":5.077957878194,"HOLDER_PROFIT_QOQ":4.041536588445,"ROE_YEARLY":22.929535199051,"ROIC_YEARLY":39.865356870111,"TOTAL_ASSETS":3711458000,"TOTAL_LIABILITIES":2001873000,"TAX_EBT":24.786605637941,"OCF_SALES":-10.506460641727,"TOTAL_PARENT_EQUITY":1602230000,"DEBT_ASSET_RATIO":53.9376439124,"OPERATE_PROFIT":221987000,"PRETAX_PROFIT":258676000,"NETCASH_OPERATE":-168355000,"NETCASH_INVEST":-12058000,"NETCASH_FINANCE":-337014000,"END_CASH":2434968000,"DIVI_RATIO":0.262465066599,"DIVIDEND_RATE":4.115226337449,"CURRENT_RATIO":1.812720228509,"COMMON_ACS":3000000000,"CURRENTDEBT_DEBT":96.868232899889,"ISSUED_COMMON_SHARES":1408264016,"HK_COMMON_SHARES":1408264016,"PER_SHARES":1000,"TOTAL_MARKET_CAP":3422081558.88,"HKSK_MARKET_CAP":3422081558.88,"PE_TTM":6.357138491225,"PB_TTM":1.949324002895,"REPORT_DATE_SQ":"2023-06-30 00:00:00","REPORT_TYPE_SQ":"2023年中报","OPERATE_INCOME_SQ":1372997000,"DPS_HKD":0.1,"OPERATE_INCOME_QOQ_SQ":16.414906440722,"NET_PROFIT_RATIO_SQ":12.8086951392,"HOLDER_PROFIT_SQ":171907000,"HOLDER_PROFIT_QOQ_SQ":16.781952332411,"ROE_AVG_SQ":12.874170776897,"PE_TTM_SQ":14.640167557015,"PB_TTM_SQ":2.943402309516,"ROA_SQ":4.899524645757,"START_DATE":"2024-01-01 00:00:00","FISCAL_YEAR":"12-31","CURRENCY":"HKD","IS_CNY_CODE":0,"DPS_HKD_LY":0.1,"ORG_TYPE":"一般企业","PREMIUM_INCOME":null,"PREMIUM_INCOME_YOY":null,"NET_INTEREST_INCOME":null,"NET_INTEREST_INCOME_YOY":null,"FEE_COMMISSION_INCOME":null,"FEE_COMMISSION_INCOME_YOY":null,"ACCOUNTS_RECE_TDAYS":2.132714794424,"INVENTORY_TDAYS":26.836988631277,"CURRENT_ASSETS_TDAYS":0.450064937181,"TOTAL_ASSETS_TDAYS":0.426473142075,"PREMIUM_EXPENSE":null,"LOAN_DEPOSIT":null,"LOAN_EQUITY":null,"LOAN_ASSETS":null,"DEPOSIT_EQUITY":null,"DEPOSIT_ASSETS":null,"EQUITY_MULTIPLIER":2.170970147724,"EQUITY_RATIO":1.249429233006},{"SECUCODE":"02156.HK","SECURITY_CODE":"02156","SECURITY_NAME_ABBR":"建发物业","ORG_CODE":"10000135249","STD_REPORT_DATE":"2023-12-31 00:00:00","REPORT_DATE":"2023-12-31 00:00:00","DATE_TYPE_CODE":"001","REPORT_TYPE":"2023年年报","PER_NETCASH_OPERATE":0.131741632174,"PER_OI":2.53455599195,"BPS":1.225722577861,"BASIC_EPS":0.35,"DILUTED_EPS":0.34,"OPERATE_INCOME":3569324000,"OPERATE_INCOME_YOY":55.8334894146,"GROSS_PROFIT":1001466000,"GROSS_PROFIT_YOY":86.494126585673,"HOLDER_PROFIT":467347000,"HOLDER_PROFIT_YOY":89.0470527321,"GROSS_PROFIT_RATIO":28.057581771787,"EPS_TTM":0.331860357639,"OPERATE_INCOME_QOQ":33.860425764274,"NET_PROFIT_RATIO":15.3346684134,"ROE_AVG":31.451079411205,"GROSS_PROFIT_QOQ":58.187987098119,"ROA":13.146650726116,"HOLDER_PROFIT_QOQ":61.880366748759,"ROE_YEARLY":31.451079411205,"ROIC_YEARLY":70.71548918985,"TOTAL_ASSETS":3803177000,"TOTAL_LIABILITIES":1971513000,"TAX_EBT":24.763194248758,"OCF_SALES":5.197818970763,"TOTAL_PARENT_EQUITY":1726141000,"DEBT_ASSET_RATIO":51.8385812703,"OPERATE_PROFIT":651770000,"PRETAX_PROFIT":727495000,"NETCASH_OPERATE":185527000,"NETCASH_INVEST":20763000,"NETCASH_FINANCE":42986000,"END_CASH":2952395000,"DIVI_RATIO":0.273072688298,"DIVIDEND_RATE":4.081632653061,"CURRENT_RATIO":1.892344576711,"COMMON_ACS":3000000000,"CURRENTDEBT_DEBT":96.642984347554,"ISSUED_COMMON_SHARES":1408264016,"HK_COMMON_SHARES":1408264016,"PER_SHARES":1000,"TOTAL_MARKET_CAP":3450246839.2,"HKSK_MARKET_CAP":3450246839.2,"PE_TTM":6.409460618725,"PB_TTM":1.965367821849,"REPORT_DATE_SQ":"2022-12-31 00:00:00","REPORT_TYPE_SQ":"2022年年报","OPERATE_INCOME_SQ":2290473000,"DPS_HKD":0.1,"OPERATE_INCOME_QOQ_SQ":21.286911396762,"NET_PROFIT_RATIO_SQ":10.972318818,"HOLDER_PROFIT_SQ":247212000,"HOLDER_PROFIT_QOQ_SQ":21.622937995976,"ROE_AVG_SQ":21.904636167655,"PE_TTM_SQ":15.002772326229,"PB_TTM_SQ":3.016303914706,"ROA_SQ":8.352799445742,"START_DATE":"2023-01-01 00:00:00","FISCAL_YEAR":"12-31","CURRENCY":"HKD","IS_CNY_CODE":0,"DPS_HKD_LY":0.1,"ORG_TYPE":"一般企业","PREMIUM_INCOME":null,"PREMIUM_INCOME_YOY":null,"NET_INTEREST_INCOME":null,"NET_INTEREST_INCOME_YOY":null,"FEE_COMMISSION_INCOME":null,"FEE_COMMISSION_INCOME_YOY":null,"ACCOUNTS_RECE_TDAYS":7.933073959365,"INVENTORY_TDAYS":60.710168569875,"CURRENT_ASSETS_TDAYS":1.055629649292,"TOTAL_ASSETS_TDAYS":1.004064559232,"PREMIUM_EXPENSE":null,"LOAN_DEPOSIT":null,"LOAN_EQUITY":null,"LOAN_ASSETS":null,"DEPOSIT_EQUITY":null,"DEPOSIT_ASSETS":null,"EQUITY_MULTIPLIER":2.076350793593,"EQUITY_RATIO":1.142150612262},{"SECUCODE":"02156.HK","SECURITY_CODE":"02156","SECURITY_NAME_ABBR":"建发物业","ORG_CODE":"10000135249","STD_REPORT_DATE":"2023-06-30 00:00:00","REPORT_DATE":"2023-06-30 00:00:00","DATE_TYPE_CODE":"002","REPORT_TYPE":"2023年中报","PER_NETCASH_OPERATE":-0.04235057668,"PER_OI":1.022099046057,"BPS":1.011752756452,"BASIC_EPS":0.13,"DILUTED_EPS":0.13,"OPERATE_INCOME":1372997000,"OPERATE_INCOME_YOY":37.7103522705,"GROSS_PROFIT":351739000,"GROSS_PROFIT_YOY":37.586691127288,"HOLDER_PROFIT":171907000,"HOLDER_PROFIT_YOY":31.8103051679,"GROSS_PROFIT_RATIO":25.618337112171,"EPS_TTM":0.214915963034,"OPERATE_INCOME_QOQ":16.414906440722,"NET_PROFIT_RATIO":12.8086951392,"ROE_AVG":12.874170776897,"GROSS_PROFIT_QOQ":17.893988037155,"ROA":4.899524645757,"HOLDER_PROFIT_QOQ":16.781952332411,"ROE_YEARLY":25.748341553795,"ROIC_YEARLY":42.822908700494,"TOTAL_ASSETS":3710720000,"TOTAL_LIABILITIES":2256251000,"TAX_EBT":25.276924449657,"OCF_SALES":-4.143490481043,"TOTAL_PARENT_EQUITY":1424815000,"DEBT_ASSET_RATIO":60.8035906778,"OPERATE_PROFIT":196416000,"PRETAX_PROFIT":235353000,"NETCASH_OPERATE":-56890000,"NETCASH_INVEST":10144000,"NETCASH_FINANCE":-4547000,"END_CASH":2651826000,"DIVI_RATIO":0.421662489471,"DIVIDEND_RATE":3.846153846154,"CURRENT_RATIO":1.598362215436,"COMMON_ACS":3000000000,"CURRENTDEBT_DEBT":98.52640508525,"ISSUED_COMMON_SHARES":1408264016,"HK_COMMON_SHARES":1408264016,"PER_SHARES":1000,"TOTAL_MARKET_CAP":3661486441.6,"HKSK_MARKET_CAP":3661486441.6,"PE_TTM":6.801876574973,"PB_TTM":2.085696464003,"REPORT_DATE_SQ":"2022-06-30 00:00:00","REPORT_TYPE_SQ":"2022年中报","OPERATE_INCOME_SQ":997018000,"DPS_HKD":0.1,"OPERATE_INCOME_QOQ_SQ":21.316999058873,"NET_PROFIT_RATIO_SQ":13.3733794174,"HOLDER_PROFIT_SQ":130420000,"HOLDER_PROFIT_QOQ_SQ":27.537113958362,"ROE_AVG_SQ":12.337533032605,"PE_TTM_SQ":15.665202946173,"PB_TTM_SQ":3.149485438007,"ROA_SQ":4.593566893069,"START_DATE":"2023-01-01 00:00:00","FISCAL_YEAR":"12-31","CURRENCY":"HKD","IS_CNY_CODE":0,"DPS_HKD_LY":0.1,"ORG_TYPE":"一般企业","PREMIUM_INCOME":null,"PREMIUM_INCOME_YOY":null,"NET_INTEREST_INCOME":null,"NET_INTEREST_INCOME_YOY":null,"FEE_COMMISSION_INCOME":null,"FEE_COMMISSION_INCOME_YOY":null,"ACCOUNTS_RECE_TDAYS":2.758556466147,"INVENTORY_TDAYS":8.104032344457,"CURRENT_ASSETS_TDAYS":0.409234167104,"TOTAL_ASSETS_TDAYS":0.391318133645,"PREMIUM_EXPENSE":null,"LOAN_DEPOSIT":null,"LOAN_EQUITY":null,"LOAN_ASSETS":null,"DEPOSIT_EQUITY":null,"DEPOSIT_ASSETS":null,"EQUITY_MULTIPLIER":2.551254100292,"EQUITY_RATIO":1.583539617424},{"SECUCODE":"02156.HK","SECURITY_CODE":"02156","SECURITY_NAME_ABBR":"建发物业","ORG_CODE":"10000135249","STD_REPORT_DATE":"2022-12-31 00:00:00","REPORT_DATE":"2022-12-31 00:00:00","DATE_TYPE_CODE":"001","REPORT_TYPE":"2022年年报","PER_NETCASH_OPERATE":0.370998600329,"PER_OI":1.714090898639,"BPS":0.884604723153,"BASIC_EPS":0.19,"DILUTED_EPS":0.18,"OPERATE_INCOME":2290473000,"OPERATE_INCOME_YOY":47.1416411577,"GROSS_PROFIT":536996000,"GROSS_PROFIT_YOY":37.919025262228,"HOLDER_PROFIT":247212000,"HOLDER_PROFIT_YOY":55.1143850314,"GROSS_PROFIT_RATIO":23.44476446568,"EPS_TTM":0.18500276547,"OPERATE_INCOME_QOQ":21.286911396762,"NET_PROFIT_RATIO":10.972318818,"ROE_AVG":21.904636167655,"GROSS_PROFIT_QOQ":14.434641776414,"ROA":8.352799445742,"HOLDER_PROFIT_QOQ":21.622937995976,"ROE_YEARLY":21.904636167655,"ROIC_YEARLY":54.457859989294,"TOTAL_ASSETS":3306573000,"TOTAL_LIABILITIES":2033870000,"TAX_EBT":22.602083711877,"OCF_SALES":21.644044701684,"TOTAL_PARENT_EQUITY":1245757000,"DEBT_ASSET_RATIO":61.5099076899,"OPERATE_PROFIT":254171000,"PRETAX_PROFIT":324709000,"NETCASH_OPERATE":495751000,"NETCASH_INVEST":5908000,"NETCASH_FINANCE":-59985000,"END_CASH":2703119000,"DIVI_RATIO":0.489841326262,"DIVIDEND_RATE":4.081632653061,"CURRENT_RATIO":1.574159756784,"COMMON_ACS":3000000000,"CURRENTDEBT_DEBT":98.603204727933,"ISSUED_COMMON_SHARES":1408264016,"HK_COMMON_SHARES":1408264016,"PER_SHARES":1000,"TOTAL_MARKET_CAP":3450246839.2,"HKSK_MARKET_CAP":3450246839.2,"PE_TTM":6.409460618725,"PB_TTM":1.965367821849,"REPORT_DATE_SQ":"2021-12-31 00:00:00","REPORT_TYPE_SQ":"2021年年报","OPERATE_INCOME_SQ":1556645000,"DPS_HKD":0.1,"OPERATE_INCOME_QOQ_SQ":25.374416980711,"NET_PROFIT_RATIO_SQ":10.3364607859,"HOLDER_PROFIT_SQ":159374000,"HOLDER_PROFIT_QOQ_SQ":21.06806441811,"ROE_AVG_SQ":22.522985955461,"PE_TTM_SQ":15.002772326229,"PB_TTM_SQ":3.016303914706,"ROA_SQ":8.592706653533,"START_DATE":"2022-01-01 00:00:00","FISCAL_YEAR":"12-31","CURRENCY":"HKD","IS_CNY_CODE":0,"DPS_HKD_LY":0.06,"ORG_TYPE":"一般企业","PREMIUM_INCOME":null,"PREMIUM_INCOME_YOY":null,"NET_INTEREST_INCOME":null,"NET_INTEREST_INCOME_YOY":null,"FEE_COMMISSION_INCOME":null,"FEE_COMMISSION_INCOME_YOY":null,"ACCOUNTS_RECE_TDAYS":8.186561442825,"INVENTORY_TDAYS":67.620878485211,"CURRENT_ASSETS_TDAYS":0.808190251745,"TOTAL_ASSETS_TDAYS":0.77390505335,"PREMIUM_EXPENSE":null,"LOAN_DEPOSIT":null,"LOAN_EQUITY":null,"LOAN_ASSETS":null,"DEPOSIT_EQUITY":null,"DEPOSIT_ASSETS":null,"EQUITY_MULTIPLIER":2.598071191785,"EQUITY_RATIO":1.632637825836},{"SECUCODE":"02156.HK","SECURITY_CODE":"02156","SECURITY_NAME_ABBR":"建发物业","ORG_CODE":"10000135249","STD_REPORT_DATE":"2022-06-30 00:00:00","REPORT_DATE":"2022-06-30 00:00:00","DATE_TYPE_CODE":"002","REPORT_TYPE":"2022年中报","PER_NETCASH_OPERATE":-0.233851003069,"PER_OI":0.746125136415,"BPS":0.783084696812,"BASIC_EPS":0.1,"DILUTED_EPS":0.1,"OPERATE_INCOME":997018000,"OPERATE_INCOME_YOY":49.8851452522,"GROSS_PROFIT":255649000,"GROSS_PROFIT_YOY":45.465873851319,"HOLDER_PROFIT":130420000,"HOLDER_PROFIT_YOY":50.7170674771,"GROSS_PROFIT_RATIO":25.641362543104,"EPS_TTM":0.152111738557,"OPERATE_INCOME_QOQ":21.316999058873,"NET_PROFIT_RATIO":13.3733794174,"ROE_AVG":12.337533032605,"GROSS_PROFIT_QOQ":20.522092891852,"ROA":4.593566893069,"HOLDER_PROFIT_QOQ":27.537113958362,"ROE_YEARLY":24.67506606521,"ROIC_YEARLY":36.872013796613,"TOTAL_ASSETS":3065688000,"TOTAL_LIABILITIES":1937654000,"TAX_EBT":25.58600290211,"OCF_SALES":-31.34206202897,"TOTAL_PARENT_EQUITY":1102790000,"DEBT_ASSET_RATIO":63.2045400576,"OPERATE_PROFIT":144883000,"PRETAX_PROFIT":179180000,"NETCASH_OPERATE":-312486000,"NETCASH_INVEST":9427000,"NETCASH_FINANCE":-1388000,"END_CASH":1956998000,"DIVI_RATIO":0.595759412519,"DIVIDEND_RATE":3.846153846154,"CURRENT_RATIO":1.525304568647,"COMMON_ACS":3000000000,"CURRENTDEBT_DEBT":99.11485745133,"ISSUED_COMMON_SHARES":1408264016,"HK_COMMON_SHARES":1408264016,"PER_SHARES":1000,"TOTAL_MARKET_CAP":3661486441.6,"HKSK_MARKET_CAP":3661486441.6,"PE_TTM":6.801876574973,"PB_TTM":2.085696464003,"REPORT_DATE_SQ":"2021-06-30 00:00:00","REPORT_TYPE_SQ":"2021年中报","OPERATE_INCOME_SQ":665188000,"DPS_HKD":0.1,"OPERATE_INCOME_QOQ_SQ":20.71051766815,"NET_PROFIT_RATIO_SQ":13.0167711985,"HOLDER_PROFIT_SQ":86533000,"HOLDER_PROFIT_QOQ_SQ":24.05058519761,"ROE_AVG_SQ":19.356859166004,"PE_TTM_SQ":15.665202946173,"PB_TTM_SQ":3.149485438007,"ROA_SQ":7.35385537126,"START_DATE":"2022-01-01 00:00:00","FISCAL_YEAR":"12-31","CURRENCY":"HKD","IS_CNY_CODE":0,"DPS_HKD_LY":0.06,"ORG_TYPE":"一般企业","PREMIUM_INCOME":null,"PREMIUM_INCOME_YOY":null,"NET_INTEREST_INCOME":null,"NET_INTEREST_INCOME_YOY":null,"FEE_COMMISSION_INCOME":null,"FEE_COMMISSION_INCOME_YOY":null,"ACCOUNTS_RECE_TDAYS":3.35910623108,"INVENTORY_TDAYS":56.840374147052,"CURRENT_ASSETS_TDAYS":0.366511052388,"TOTAL_ASSETS_TDAYS":0.351163079021,"PREMIUM_EXPENSE":null,"LOAN_DEPOSIT":null,"LOAN_EQUITY":null,"LOAN_ASSETS":null,"DEPOSIT_EQUITY":null,"DEPOSIT_ASSETS":null,"EQUITY_MULTIPLIER":2.71772659335,"EQUITY_RATIO":1.757047125926},{"SECUCODE":"02156.HK","SECURITY_CODE":"02156","SECURITY_NAME_ABBR":"建发物业","ORG_CODE":"10000135249","STD_REPORT_DATE":"2021-12-31 00:00:00","REPORT_DATE":"2021-12-31 00:00:00","DATE_TYPE_CODE":"001","REPORT_TYPE":"2021年年报","PER_NETCASH_OPERATE":0.663437703918,"PER_OI":1.164925771625,"BPS":0.718195585848,"BASIC_EPS":0.13,"DILUTED_EPS":0.13,"OPERATE_INCOME":1556645000,"OPERATE_INCOME_YOY":51.3401077608,"GROSS_PROFIT":389356000,"GROSS_PROFIT_YOY":54.702797202797,"HOLDER_PROFIT":159374000,"HOLDER_PROFIT_YOY":50.1856423981,"GROSS_PROFIT_RATIO":25.012510880772,"EPS_TTM":0.119268606475,"OPERATE_INCOME_QOQ":25.374416980711,"NET_PROFIT_RATIO":10.3364607859,"ROE_AVG":22.522985955461,"GROSS_PROFIT_QOQ":22.567342531645,"ROA":8.592706653533,"HOLDER_PROFIT_QOQ":21.06806441811,"ROE_YEARLY":22.522985955461,"ROIC_YEARLY":60.00357670623,"TOTAL_ASSETS":2612688000,"TOTAL_LIABILITIES":1581430000,"TAX_EBT":21.531123812496,"OCF_SALES":56.951071053452,"TOTAL_PARENT_EQUITY":1011409000,"DEBT_ASSET_RATIO":60.5288499813,"OPERATE_PROFIT":183143000,"PRETAX_PROFIT":205052000,"NETCASH_OPERATE":886526000,"NETCASH_INVEST":-3498000,"NETCASH_FINANCE":492258000,"END_CASH":2261445000,"DIVI_RATIO":0.759814360861,"DIVIDEND_RATE":4.081632653061,"CURRENT_RATIO":1.603391769777,"COMMON_ACS":3000000000,"CURRENTDEBT_DEBT":99.037137274492,"ISSUED_COMMON_SHARES":1408264016,"HK_COMMON_SHARES":1408264016,"PER_SHARES":1000,"TOTAL_MARKET_CAP":3450246839.2,"HKSK_MARKET_CAP":3450246839.2,"PE_TTM":6.409460618725,"PB_TTM":1.965367821849,"REPORT_DATE_SQ":"2020-12-31 00:00:00","REPORT_TYPE_SQ":"2020年年报","OPERATE_INCOME_SQ":1028574000,"DPS_HKD":0.1,"OPERATE_INCOME_QOQ_SQ":13.496818786703,"NET_PROFIT_RATIO_SQ":10.3870018103,"HOLDER_PROFIT_SQ":106118000,"HOLDER_PROFIT_QOQ_SQ":7.234309158338,"ROE_AVG_SQ":36.584655323095,"PE_TTM_SQ":15.002772326229,"PB_TTM_SQ":3.016303914706,"ROA_SQ":8.009238119318,"START_DATE":"2021-01-01 00:00:00","FISCAL_YEAR":"12-31","CURRENCY":"HKD","IS_CNY_CODE":0,"DPS_HKD_LY":null,"ORG_TYPE":"一般企业","PREMIUM_INCOME":null,"PREMIUM_INCOME_YOY":null,"NET_INTEREST_INCOME":null,"NET_INTEREST_INCOME_YOY":null,"FEE_COMMISSION_INCOME":null,"FEE_COMMISSION_INCOME_YOY":null,"ACCOUNTS_RECE_TDAYS":9.250491748724,"INVENTORY_TDAYS":162.134731578582,"CURRENT_ASSETS_TDAYS":0.875781181432,"TOTAL_ASSETS_TDAYS":0.839270762401,"PREMIUM_EXPENSE":null,"LOAN_DEPOSIT":null,"LOAN_EQUITY":null,"LOAN_ASSETS":null,"DEPOSIT_EQUITY":null,"DEPOSIT_ASSETS":null,"EQUITY_MULTIPLIER":2.533495982575,"EQUITY_RATIO":1.563590990391},{"SECUCODE":"02156.HK","SECURITY_CODE":"02156","SECURITY_NAME_ABBR":"建发物业","ORG_CODE":"10000135249","STD_REPORT_DATE":"2021-06-30 00:00:00","REPORT_DATE":"2021-06-30 00:00:00","DATE_TYPE_CODE":"002","REPORT_TYPE":"2021年中报","PER_NETCASH_OPERATE":-0.010889673714,"PER_OI":0.565294231191,"BPS":0.348143525951,"BASIC_EPS":0.07,"DILUTED_EPS":0.07,"OPERATE_INCOME":665188000,"OPERATE_INCOME_YOY":47.111784415,"GROSS_PROFIT":175745000,"GROSS_PROFIT_YOY":60.120446801144,"HOLDER_PROFIT":86533000,"HOLDER_PROFIT_YOY":41.8318008228,"GROSS_PROFIT_RATIO":26.420350337048,"EPS_TTM":0.111871129055,"OPERATE_INCOME_QOQ":20.71051766815,"NET_PROFIT_RATIO":13.0167711985,"ROE_AVG":19.356859166004,"GROSS_PROFIT_QOQ":26.21861093452,"ROA":7.35385537126,"HOLDER_PROFIT_QOQ":24.05058519761,"ROE_YEARLY":38.713718332008,"ROIC_YEARLY":60.41689212541,"TOTAL_ASSETS":1256575000,"TOTAL_LIABILITIES":755394000,"TAX_EBT":25.028573407682,"OCF_SALES":-1.926372694637,"TOTAL_PARENT_EQUITY":490278000,"DEBT_ASSET_RATIO":60.1153134512,"OPERATE_PROFIT":105412000,"PRETAX_PROFIT":115492000,"NETCASH_OPERATE":-12814000,"NETCASH_INVEST":6345000,"NETCASH_FINANCE":-7103000,"END_CASH":872587000,"DIVI_RATIO":0.81005707876,"DIVIDEND_RATE":3.846153846154,"CURRENT_RATIO":1.616678004459,"COMMON_ACS":3000000000,"CURRENTDEBT_DEBT":98.273880915125,"ISSUED_COMMON_SHARES":1408264016,"HK_COMMON_SHARES":1408264016,"PER_SHARES":1000,"TOTAL_MARKET_CAP":3661486441.6,"HKSK_MARKET_CAP":3661486441.6,"PE_TTM":6.801876574973,"PB_TTM":2.085696464003,"REPORT_DATE_SQ":"2020-06-30 00:00:00","REPORT_TYPE_SQ":"2020年中报","OPERATE_INCOME_SQ":452165000,"DPS_HKD":0.1,"OPERATE_INCOME_QOQ_SQ":13.094230841226,"NET_PROFIT_RATIO_SQ":13.5948160517,"HOLDER_PROFIT_SQ":61011000,"HOLDER_PROFIT_QOQ_SQ":45.141608365967,"ROE_AVG_SQ":23.315474097739,"PE_TTM_SQ":15.665202946173,"PB_TTM_SQ":3.149485438007,"ROA_SQ":3.373326772198,"START_DATE":"2021-01-01 00:00:00","FISCAL_YEAR":"12-31","CURRENCY":"HKD","IS_CNY_CODE":0,"DPS_HKD_LY":null,"ORG_TYPE":"一般企业","PREMIUM_INCOME":null,"PREMIUM_INCOME_YOY":null,"NET_INTEREST_INCOME":null,"NET_INTEREST_INCOME_YOY":null,"FEE_COMMISSION_INCOME":null,"FEE_COMMISSION_INCOME_YOY":null,"ACCOUNTS_RECE_TDAYS":3.03004131535,"INVENTORY_TDAYS":130.622631438484,"CURRENT_ASSETS_TDAYS":0.592916252188,"TOTAL_ASSETS_TDAYS":0.56529836556,"PREMIUM_EXPENSE":null,"LOAN_DEPOSIT":null,"LOAN_EQUITY":null,"LOAN_ASSETS":null,"DEPOSIT_EQUITY":null,"DEPOSIT_ASSETS":null,"EQUITY_MULTIPLIER":2.507227927632,"EQUITY_RATIO":1.540746270483},{"SECUCODE":"02156.HK","SECURITY_CODE":"02156","SECURITY_NAME_ABBR":"建发物业","ORG_CODE":"10000135249","STD_REPORT_DATE":"2020-12-31 00:00:00","REPORT_DATE":"2020-12-31 00:00:00","DATE_TYPE_CODE":"001","REPORT_TYPE":"2020年年报","PER_NETCASH_OPERATE":0.243633291586,"PER_OI":0.874109197028,"BPS":0.28673813675,"BASIC_EPS":0.09,"DILUTED_EPS":0.09,"OPERATE_INCOME":1028574000,"OPERATE_INCOME_YOY":28.3583542361,"GROSS_PROFIT":251680000,"GROSS_PROFIT_YOY":37.232342949994,"HOLDER_PROFIT":106118000,"HOLDER_PROFIT_YOY":55.6416010325,"GROSS_PROFIT_RATIO":24.46882771682,"EPS_TTM":0.090181863211,"OPERATE_INCOME_QOQ":13.496818786703,"NET_PROFIT_RATIO":10.3870018103,"ROE_AVG":36.584655323095,"GROSS_PROFIT_QOQ":20.381309519824,"ROA":8.009238119318,"HOLDER_PROFIT_QOQ":7.234309158338,"ROE_YEARLY":36.584655323095,"ROIC_YEARLY":12.523839646512,"TOTAL_ASSETS":1096830000,"TOTAL_LIABILITIES":682177000,"TAX_EBT":25.741968667028,"OCF_SALES":27.872180319549,"TOTAL_PARENT_EQUITY":403803000,"DEBT_ASSET_RATIO":62.1953265319,"OPERATE_PROFIT":129453000,"PRETAX_PROFIT":143874000,"NETCASH_OPERATE":286686000,"NETCASH_INVEST":1496584000,"NETCASH_FINANCE":-954232000,"END_CASH":886159000,"DIVI_RATIO":1.004880546636,"DIVIDEND_RATE":3.846153846154,"CURRENT_RATIO":1.562327844311,"COMMON_ACS":3000000000,"CURRENTDEBT_DEBT":97.921800353867,"ISSUED_COMMON_SHARES":1408264016,"HK_COMMON_SHARES":1408264016,"PER_SHARES":1000,"TOTAL_MARKET_CAP":3661486441.6,"HKSK_MARKET_CAP":3661486441.6,"PE_TTM":6.801876574973,"PB_TTM":2.085696464003,"REPORT_DATE_SQ":"2019-12-31 00:00:00","REPORT_TYPE_SQ":"2019年年报","OPERATE_INCOME_SQ":801330000,"DPS_HKD":0.1,"OPERATE_INCOME_QOQ_SQ":31.6638679763,"NET_PROFIT_RATIO_SQ":8.5214580759,"HOLDER_PROFIT_SQ":68181000,"HOLDER_PROFIT_QOQ_SQ":42.533709626842,"ROE_AVG_SQ":57.9285207543,"PE_TTM_SQ":15.665202946173,"PB_TTM_SQ":3.149485438007,"ROA_SQ":4.556085539285,"START_DATE":"2020-01-01 00:00:00","FISCAL_YEAR":"12-31","CURRENCY":"HKD","IS_CNY_CODE":0,"DPS_HKD_LY":null,"ORG_TYPE":"一般企业","PREMIUM_INCOME":null,"PREMIUM_INCOME_YOY":null,"NET_INTEREST_INCOME":null,"NET_INTEREST_INCOME_YOY":null,"FEE_COMMISSION_INCOME":null,"FEE_COMMISSION_INCOME_YOY":null,"ACCOUNTS_RECE_TDAYS":9.689633732761,"INVENTORY_TDAYS":279.760172848398,"CURRENT_ASSETS_TDAYS":0.814278979537,"TOTAL_ASSETS_TDAYS":0.776314488526,"PREMIUM_EXPENSE":null,"LOAN_DEPOSIT":null,"LOAN_EQUITY":null,"LOAN_ASSETS":null,"DEPOSIT_EQUITY":null,"DEPOSIT_ASSETS":null,"EQUITY_MULTIPLIER":2.645175604661,"EQUITY_RATIO":1.689380712872},{"SECUCODE":"02156.HK","SECURITY_CODE":"02156","SECURITY_NAME_ABBR":"建发物业","ORG_CODE":"10000135249","STD_REPORT_DATE":"2020-06-30 00:00:00","REPORT_DATE":"2020-06-30 00:00:00","DATE_TYPE_CODE":"002","REPORT_TYPE":"2020年中报","PER_NETCASH_OPERATE":0.9004996,"PER_OI":344.187998,"BPS":0.246425383349,"BASIC_EPS":0.05,"DILUTED_EPS":0.05,"OPERATE_INCOME":452165000,"OPERATE_INCOME_YOY":30.2179779229,"GROSS_PROFIT":109758000,"GROSS_PROFIT_YOY":30.530647194539,"HOLDER_PROFIT":61011000,"HOLDER_PROFIT_YOY":101.802665961,"GROSS_PROFIT_RATIO":24.273882321719,"EPS_TTM":75.3275908,"OPERATE_INCOME_QOQ":13.094230841226,"NET_PROFIT_RATIO":13.5948160517,"ROE_AVG":23.315474097739,"GROSS_PROFIT_QOQ":13.998047950621,"ROA":3.373326772198,"HOLDER_PROFIT_QOQ":45.141608365967,"ROE_YEARLY":46.630948195478,"ROIC_YEARLY":11.252246009055,"TOTAL_ASSETS":2064200000,"TOTAL_LIABILITIES":1715604000,"TAX_EBT":28.862066172131,"OCF_SALES":0.261630157133,"TOTAL_PARENT_EQUITY":347032000,"DEBT_ASSET_RATIO":83.1122953202,"OPERATE_PROFIT":72020000,"PRETAX_PROFIT":86411000,"NETCASH_OPERATE":1183000,"NETCASH_INVEST":1105173000,"NETCASH_FINANCE":225147000,"END_CASH":1388624000,"DIVI_RATIO":0.001203038608,"DIVIDEND_RATE":3.846153846154,"CURRENT_RATIO":2.477036508713,"COMMON_ACS":3000000000,"CURRENTDEBT_DEBT":46.255662728695,"ISSUED_COMMON_SHARES":1408264016,"HK_COMMON_SHARES":1408264016,"PER_SHARES":1000,"TOTAL_MARKET_CAP":3661486441.6,"HKSK_MARKET_CAP":3661486441.6,"PE_TTM":6.801876574973,"PB_TTM":2.085696464003,"REPORT_DATE_SQ":"2019-06-30 00:00:00","REPORT_TYPE_SQ":"2019年中报","OPERATE_INCOME_SQ":347237000,"DPS_HKD":0.1,"OPERATE_INCOME_QOQ_SQ":0,"NET_PROFIT_RATIO_SQ":8.7064454537,"HOLDER_PROFIT_SQ":30233000,"HOLDER_PROFIT_QOQ_SQ":0,"ROE_AVG_SQ":null,"PE_TTM_SQ":15.665202946173,"PB_TTM_SQ":3.149485438007,"ROA_SQ":null,"START_DATE":"2020-01-01 00:00:00","FISCAL_YEAR":"12-31","CURRENCY":"HKD","IS_CNY_CODE":0,"DPS_HKD_LY":null,"ORG_TYPE":"一般企业","PREMIUM_INCOME":null,"PREMIUM_INCOME_YOY":null,"NET_INTEREST_INCOME":null,"NET_INTEREST_INCOME_YOY":null,"FEE_COMMISSION_INCOME":null,"FEE_COMMISSION_INCOME_YOY":null,"ACCOUNTS_RECE_TDAYS":3.785565681132,"INVENTORY_TDAYS":138.823028583012,"CURRENT_ASSETS_TDAYS":0.262246639379,"TOTAL_ASSETS_TDAYS":0.250004146785,"PREMIUM_EXPENSE":null,"LOAN_DEPOSIT":null,"LOAN_EQUITY":null,"LOAN_ASSETS":null,"DEPOSIT_EQUITY":null,"DEPOSIT_ASSETS":null,"EQUITY_MULTIPLIER":5.921467830949,"EQUITY_RATIO":4.943647848037}],"count":13},"success":true,"message":"ok","code":0}