{"version":"a41044157f1bd67819140e021eb80734","result":{"pages":2,"data":[{"SECUCODE":"02158.HK","SECURITY_CODE":"02158","SECURITY_NAME_ABBR":"医渡科技","ORG_CODE":"10000122093","STD_REPORT_DATE":"2024-06-30 00:00:00","REPORT_DATE":"2024-09-30 00:00:00","DATE_TYPE_CODE":"002","REPORT_TYPE":"2024年中报","PER_NETCASH_OPERATE":-0.109833575215,"PER_OI":0.310297839737,"BPS":3.708065252433,"BASIC_EPS":-0.04,"DILUTED_EPS":-0.04,"OPERATE_INCOME":329448000,"OPERATE_INCOME_YOY":-7.5830341113,"GROSS_PROFIT":117350000,"GROSS_PROFIT_YOY":-13.843104144488,"HOLDER_PROFIT":-43446000,"HOLDER_PROFIT_YOY":42.659926883,"GROSS_PROFIT_RATIO":35.620188922076,"EPS_TTM":-0.183466966851,"OPERATE_INCOME_QOQ":0,"NET_PROFIT_RATIO":-17.1080109759,"ROE_AVG":-1.093030077825,"GROSS_PROFIT_QOQ":0,"ROA":-0.915559227964,"HOLDER_PROFIT_QOQ":0,"ROE_YEARLY":-2.18606015565,"ROIC_YEARLY":-6.167320836675,"TOTAL_ASSETS":4666395000,"TOTAL_LIABILITIES":680971000,"TAX_EBT":0.056743625208,"OCF_SALES":-35.396177849008,"TOTAL_PARENT_EQUITY":3926773000,"DEBT_ASSET_RATIO":14.5930852403,"OPERATE_PROFIT":-54273000,"PRETAX_PROFIT":-56394000,"NETCASH_OPERATE":-116612000,"NETCASH_INVEST":-541191000,"NETCASH_FINANCE":-50342000,"END_CASH":689941000,"DIVI_RATIO":null,"DIVIDEND_RATE":null,"CURRENT_RATIO":6.849902860755,"COMMON_ACS":2500000000,"CURRENTDEBT_DEBT":88.512286132596,"ISSUED_COMMON_SHARES":1058981634,"HK_COMMON_SHARES":1058981634,"PER_SHARES":100,"TOTAL_MARKET_CAP":8831906827.56,"HKSK_MARKET_CAP":8831906827.56,"PE_TTM":-48.890514805244,"PB_TTM":2.028262203602,"REPORT_DATE_SQ":"2023-06-30 00:00:00","REPORT_TYPE_SQ":"2023年中报","OPERATE_INCOME_SQ":356480000,"DPS_HKD":null,"OPERATE_INCOME_QOQ_SQ":0,"NET_PROFIT_RATIO_SQ":-22.316820018,"HOLDER_PROFIT_SQ":-75769000,"HOLDER_PROFIT_QOQ_SQ":0,"ROE_AVG_SQ":-1.841869849527,"PE_TTM_SQ":-10.069184821571,"PB_TTM_SQ":0.91180234242,"ROA_SQ":-1.551056470296,"START_DATE":"2024-04-01 00:00:00","FISCAL_YEAR":"3-31","CURRENCY":"HKD","IS_CNY_CODE":0,"DPS_HKD_LY":null,"ORG_TYPE":"一般企业","PREMIUM_INCOME":null,"PREMIUM_INCOME_YOY":null,"NET_INTEREST_INCOME":null,"NET_INTEREST_INCOME_YOY":null,"FEE_COMMISSION_INCOME":null,"FEE_COMMISSION_INCOME_YOY":null,"ACCOUNTS_RECE_TDAYS":0.626812000921,"INVENTORY_TDAYS":46.717621145374,"CURRENT_ASSETS_TDAYS":0.076948616721,"TOTAL_ASSETS_TDAYS":0.069426220258,"PREMIUM_EXPENSE":null,"LOAN_DEPOSIT":null,"LOAN_EQUITY":null,"LOAN_ASSETS":null,"DEPOSIT_EQUITY":null,"DEPOSIT_ASSETS":null,"EQUITY_MULTIPLIER":1.170865383457,"EQUITY_RATIO":0.173417460087},{"SECUCODE":"02158.HK","SECURITY_CODE":"02158","SECURITY_NAME_ABBR":"医渡科技","ORG_CODE":"10000122093","STD_REPORT_DATE":"2023-12-31 00:00:00","REPORT_DATE":"2024-03-31 00:00:00","DATE_TYPE_CODE":"001","REPORT_TYPE":"2023年年报","PER_NETCASH_OPERATE":-0.307316801641,"PER_OI":0.759929331495,"BPS":3.798810924421,"BASIC_EPS":-0.19,"DILUTED_EPS":-0.19,"OPERATE_INCOME":807076000,"OPERATE_INCOME_YOY":0.2952653163,"GROSS_PROFIT":339445000,"GROSS_PROFIT_YOY":23.645867482607,"HOLDER_PROFIT":-194944000,"HOLDER_PROFIT_YOY":68.9562810725,"GROSS_PROFIT_RATIO":42.058616536733,"EPS_TTM":-0.332532200433,"OPERATE_INCOME_QOQ":0,"NET_PROFIT_RATIO":-27.4127839262,"ROE_AVG":-4.810323204694,"GROSS_PROFIT_QOQ":0,"ROA":-4.004722410475,"HOLDER_PROFIT_QOQ":0,"ROE_YEARLY":-4.810323204694,"ROIC_YEARLY":-14.423026058057,"TOTAL_ASSETS":4824198000,"TOTAL_LIABILITIES":732205000,"TAX_EBT":-0.022152599766,"OCF_SALES":-40.440181593803,"TOTAL_PARENT_EQUITY":4022871000,"DEBT_ASSET_RATIO":15.177755971,"OPERATE_PROFIT":-219919000,"PRETAX_PROFIT":-221193000,"NETCASH_OPERATE":-326383000,"NETCASH_INVEST":466903000,"NETCASH_FINANCE":82208000,"END_CASH":1407620000,"DIVI_RATIO":null,"DIVIDEND_RATE":null,"CURRENT_RATIO":6.774801946539,"COMMON_ACS":2500000000,"CURRENTDEBT_DEBT":89.386852042802,"ISSUED_COMMON_SHARES":1058981634,"HK_COMMON_SHARES":1058981634,"PER_SHARES":100,"TOTAL_MARKET_CAP":5887937885.04,"HKSK_MARKET_CAP":5887937885.04,"PE_TTM":-32.593676536829,"PB_TTM":1.352174802401,"REPORT_DATE_SQ":"2022-12-31 00:00:00","REPORT_TYPE_SQ":"2022年年报","OPERATE_INCOME_SQ":804700000,"DPS_HKD":null,"OPERATE_INCOME_QOQ_SQ":0,"NET_PROFIT_RATIO_SQ":-78.5834472474,"HOLDER_PROFIT_SQ":-627966000,"HOLDER_PROFIT_QOQ_SQ":0,"ROE_AVG_SQ":-15.55880182811,"PE_TTM_SQ":-9.039089187651,"PB_TTM_SQ":0.818523330407,"ROA_SQ":-13.036023930288,"START_DATE":"2023-04-01 00:00:00","FISCAL_YEAR":"3-31","CURRENCY":"HKD","IS_CNY_CODE":0,"DPS_HKD_LY":null,"ORG_TYPE":"一般企业","PREMIUM_INCOME":null,"PREMIUM_INCOME_YOY":null,"NET_INTEREST_INCOME":null,"NET_INTEREST_INCOME_YOY":null,"FEE_COMMISSION_INCOME":null,"FEE_COMMISSION_INCOME_YOY":null,"ACCOUNTS_RECE_TDAYS":1.662591606454,"INVENTORY_TDAYS":114.897051597052,"CURRENT_ASSETS_TDAYS":0.180442984939,"TOTAL_ASSETS_TDAYS":0.16579711836,"PREMIUM_EXPENSE":null,"LOAN_DEPOSIT":null,"LOAN_EQUITY":null,"LOAN_ASSETS":null,"DEPOSIT_EQUITY":null,"DEPOSIT_ASSETS":null,"EQUITY_MULTIPLIER":1.178936034347,"EQUITY_RATIO":0.182010559126},{"SECUCODE":"02158.HK","SECURITY_CODE":"02158","SECURITY_NAME_ABBR":"医渡科技","ORG_CODE":"10000122093","STD_REPORT_DATE":"2023-06-30 00:00:00","REPORT_DATE":"2023-09-30 00:00:00","DATE_TYPE_CODE":"002","REPORT_TYPE":"2023年中报","PER_NETCASH_OPERATE":-0.275872870696,"PER_OI":0.338583122844,"BPS":3.914171754182,"BASIC_EPS":-0.07,"DILUTED_EPS":-0.07,"OPERATE_INCOME":356480000,"OPERATE_INCOME_YOY":-24.8512751757,"GROSS_PROFIT":136205000,"GROSS_PROFIT_YOY":10.131392763291,"HOLDER_PROFIT":-75769000,"HOLDER_PROFIT_YOY":78.5670844684,"GROSS_PROFIT_RATIO":38.208314631957,"EPS_TTM":-0.596523817739,"OPERATE_INCOME_QOQ":0,"NET_PROFIT_RATIO":-22.316820018,"ROE_AVG":-1.841869849527,"GROSS_PROFIT_QOQ":0,"ROA":-1.551056470296,"HOLDER_PROFIT_QOQ":0,"ROE_YEARLY":-3.683739699054,"ROIC_YEARLY":-10.400711326348,"TOTAL_ASSETS":4858478000,"TOTAL_LIABILITIES":621210000,"TAX_EBT":-0.214146249291,"OCF_SALES":-81.47862432675,"TOTAL_PARENT_EQUITY":4145036000,"DEBT_ASSET_RATIO":12.786102973,"OPERATE_PROFIT":-78293000,"PRETAX_PROFIT":-79385000,"NETCASH_OPERATE":-290455000,"NETCASH_INVEST":139679000,"NETCASH_FINANCE":-3462000,"END_CASH":1026335000,"DIVI_RATIO":null,"DIVIDEND_RATE":null,"CURRENT_RATIO":8.661751729773,"COMMON_ACS":2500000000,"CURRENTDEBT_DEBT":86.291753191352,"ISSUED_COMMON_SHARES":1058981634,"HK_COMMON_SHARES":1058981634,"PER_SHARES":100,"TOTAL_MARKET_CAP":5887937885.04,"HKSK_MARKET_CAP":5887937885.04,"PE_TTM":-32.593676536829,"PB_TTM":1.352174802401,"REPORT_DATE_SQ":"2022-06-30 00:00:00","REPORT_TYPE_SQ":"2022年中报","OPERATE_INCOME_SQ":474366000,"DPS_HKD":null,"OPERATE_INCOME_QOQ_SQ":0,"NET_PROFIT_RATIO_SQ":-75.1206874017,"HOLDER_PROFIT_SQ":-353517000,"HOLDER_PROFIT_QOQ_SQ":0,"ROE_AVG_SQ":-8.794666235454,"PE_TTM_SQ":-9.039089187651,"PB_TTM_SQ":0.818523330407,"ROA_SQ":-7.538928911532,"START_DATE":"2023-04-01 00:00:00","FISCAL_YEAR":"3-31","CURRENCY":"HKD","IS_CNY_CODE":0,"DPS_HKD_LY":null,"ORG_TYPE":"一般企业","PREMIUM_INCOME":null,"PREMIUM_INCOME_YOY":null,"NET_INTEREST_INCOME":null,"NET_INTEREST_INCOME_YOY":null,"FEE_COMMISSION_INCOME":null,"FEE_COMMISSION_INCOME_YOY":null,"ACCOUNTS_RECE_TDAYS":0.715329170212,"INVENTORY_TDAYS":59.007500669703,"CURRENT_ASSETS_TDAYS":0.077880143054,"TOTAL_ASSETS_TDAYS":0.072974516033,"PREMIUM_EXPENSE":null,"LOAN_DEPOSIT":null,"LOAN_EQUITY":null,"LOAN_ASSETS":null,"DEPOSIT_EQUITY":null,"DEPOSIT_ASSETS":null,"EQUITY_MULTIPLIER":1.146606256673,"EQUITY_RATIO":0.149868420926},{"SECUCODE":"02158.HK","SECURITY_CODE":"02158","SECURITY_NAME_ABBR":"医渡科技","ORG_CODE":"10000122093","STD_REPORT_DATE":"2022-12-31 00:00:00","REPORT_DATE":"2023-03-31 00:00:00","DATE_TYPE_CODE":"001","REPORT_TYPE":"2022年年报","PER_NETCASH_OPERATE":-0.344754300698,"PER_OI":0.777069142501,"BPS":3.854990368983,"BASIC_EPS":-0.63,"DILUTED_EPS":-0.63,"OPERATE_INCOME":804700000,"OPERATE_INCOME_YOY":-34.9579696088,"GROSS_PROFIT":274530000,"GROSS_PROFIT_YOY":-31.272140094381,"HOLDER_PROFIT":-627966000,"HOLDER_PROFIT_YOY":17.6241411065,"GROSS_PROFIT_RATIO":34.115819560085,"EPS_TTM":-0.672139409424,"OPERATE_INCOME_QOQ":0,"NET_PROFIT_RATIO":-78.5834472474,"ROE_AVG":-15.55880182811,"GROSS_PROFIT_QOQ":0,"ROA":-13.036023930288,"HOLDER_PROFIT_QOQ":0,"ROE_YEARLY":-15.55880182811,"ROIC_YEARLY":-54.528143211856,"TOTAL_ASSETS":4911508000,"TOTAL_LIABILITIES":755357000,"TAX_EBT":-0.544090921377,"OCF_SALES":-44.365974897477,"TOTAL_PARENT_EQUITY":4082364000,"DEBT_ASSET_RATIO":15.3793295257,"OPERATE_PROFIT":-630049000,"PRETAX_PROFIT":-628939000,"NETCASH_OPERATE":-357013000,"NETCASH_INVEST":-2340259000,"NETCASH_FINANCE":361455000,"END_CASH":1172793000,"DIVI_RATIO":null,"DIVIDEND_RATE":null,"CURRENT_RATIO":6.723370580889,"COMMON_ACS":2500000000,"CURRENTDEBT_DEBT":88.832962427038,"ISSUED_COMMON_SHARES":1058981634,"HK_COMMON_SHARES":1058981634,"PER_SHARES":100,"TOTAL_MARKET_CAP":5887937885.04,"HKSK_MARKET_CAP":5887937885.04,"PE_TTM":-32.593676536829,"PB_TTM":1.352174802401,"REPORT_DATE_SQ":"2021-12-31 00:00:00","REPORT_TYPE_SQ":"2021年年报","OPERATE_INCOME_SQ":1237200000,"DPS_HKD":null,"OPERATE_INCOME_QOQ_SQ":0,"NET_PROFIT_RATIO_SQ":-61.9430973165,"HOLDER_PROFIT_SQ":-762318000,"HOLDER_PROFIT_QOQ_SQ":0,"ROE_AVG_SQ":-17.485621094185,"PE_TTM_SQ":-9.039089187651,"PB_TTM_SQ":0.818523330407,"ROA_SQ":-15.288090371478,"START_DATE":"2022-04-01 00:00:00","FISCAL_YEAR":"3-31","CURRENCY":"HKD","IS_CNY_CODE":0,"DPS_HKD_LY":null,"ORG_TYPE":"一般企业","PREMIUM_INCOME":null,"PREMIUM_INCOME_YOY":null,"NET_INTEREST_INCOME":null,"NET_INTEREST_INCOME_YOY":null,"FEE_COMMISSION_INCOME":null,"FEE_COMMISSION_INCOME_YOY":null,"ACCOUNTS_RECE_TDAYS":1.629372852425,"INVENTORY_TDAYS":111.980145738726,"CURRENT_ASSETS_TDAYS":0.177567020683,"TOTAL_ASSETS_TDAYS":0.167048669143,"PREMIUM_EXPENSE":null,"LOAN_DEPOSIT":null,"LOAN_EQUITY":null,"LOAN_ASSETS":null,"DEPOSIT_EQUITY":null,"DEPOSIT_ASSETS":null,"EQUITY_MULTIPLIER":1.181744359144,"EQUITY_RATIO":0.185029311448},{"SECUCODE":"02158.HK","SECURITY_CODE":"02158","SECURITY_NAME_ABBR":"医渡科技","ORG_CODE":"10000122093","STD_REPORT_DATE":"2022-06-30 00:00:00","REPORT_DATE":"2022-09-30 00:00:00","DATE_TYPE_CODE":"002","REPORT_TYPE":"2022年中报","PER_NETCASH_OPERATE":-0.239802269394,"PER_OI":0.478060606783,"BPS":3.824003995899,"BASIC_EPS":-0.36,"DILUTED_EPS":-0.36,"OPERATE_INCOME":474366000,"OPERATE_INCOME_YOY":-5.4917907043,"GROSS_PROFIT":123675000,"GROSS_PROFIT_YOY":-14.15631290345,"HOLDER_PROFIT":-353517000,"HOLDER_PROFIT_YOY":19.7952210687,"GROSS_PROFIT_RATIO":26.071640884886,"EPS_TTM":-0.771830090377,"OPERATE_INCOME_QOQ":0,"NET_PROFIT_RATIO":-75.1206874017,"ROE_AVG":-8.794666235454,"GROSS_PROFIT_QOQ":0,"ROA":-7.538928911532,"HOLDER_PROFIT_QOQ":0,"ROE_YEARLY":-17.589332470909,"ROIC_YEARLY":-54.254724039365,"TOTAL_ASSETS":4655631000,"TOTAL_LIABILITIES":588630000,"TAX_EBT":-0.517896482761,"OCF_SALES":-50.161478689451,"TOTAL_PARENT_EQUITY":4049550000,"DEBT_ASSET_RATIO":12.6433989292,"OPERATE_PROFIT":-356251000,"PRETAX_PROFIT":-354511000,"NETCASH_OPERATE":-237949000,"NETCASH_INVEST":-2372377000,"NETCASH_FINANCE":-12755000,"END_CASH":872979000,"DIVI_RATIO":null,"DIVIDEND_RATE":null,"CURRENT_RATIO":8.365831221475,"COMMON_ACS":2500000000,"CURRENTDEBT_DEBT":85.87380867438,"ISSUED_COMMON_SHARES":1058981634,"HK_COMMON_SHARES":1058981634,"PER_SHARES":100,"TOTAL_MARKET_CAP":5887937885.04,"HKSK_MARKET_CAP":5887937885.04,"PE_TTM":-32.593676536829,"PB_TTM":1.352174802401,"REPORT_DATE_SQ":"2021-06-30 00:00:00","REPORT_TYPE_SQ":"2021年中报","OPERATE_INCOME_SQ":501931000,"DPS_HKD":null,"OPERATE_INCOME_QOQ_SQ":0,"NET_PROFIT_RATIO_SQ":-88.1678955872,"HOLDER_PROFIT_SQ":-440768000,"HOLDER_PROFIT_QOQ_SQ":0,"ROE_AVG_SQ":-9.713184622084,"PE_TTM_SQ":-9.039089187651,"PB_TTM_SQ":0.818523330407,"ROA_SQ":-8.57561079154,"START_DATE":"2022-04-01 00:00:00","FISCAL_YEAR":"3-31","CURRENCY":"HKD","IS_CNY_CODE":0,"DPS_HKD_LY":null,"ORG_TYPE":"一般企业","PREMIUM_INCOME":null,"PREMIUM_INCOME_YOY":null,"NET_INTEREST_INCOME":null,"NET_INTEREST_INCOME_YOY":null,"FEE_COMMISSION_INCOME":null,"FEE_COMMISSION_INCOME_YOY":null,"ACCOUNTS_RECE_TDAYS":0.914338252301,"INVENTORY_TDAYS":55.953889110491,"CURRENT_ASSETS_TDAYS":0.108044345999,"TOTAL_ASSETS_TDAYS":0.101160949885,"PREMIUM_EXPENSE":null,"LOAN_DEPOSIT":null,"LOAN_EQUITY":null,"LOAN_ASSETS":null,"DEPOSIT_EQUITY":null,"DEPOSIT_ASSETS":null,"EQUITY_MULTIPLIER":1.144733183002,"EQUITY_RATIO":0.145356891506},{"SECUCODE":"02158.HK","SECURITY_CODE":"02158","SECURITY_NAME_ABBR":"医渡科技","ORG_CODE":"10000122093","STD_REPORT_DATE":"2021-12-31 00:00:00","REPORT_DATE":"2022-03-31 00:00:00","DATE_TYPE_CODE":"001","REPORT_TYPE":"2021年年报","PER_NETCASH_OPERATE":-0.622683056516,"PER_OI":1.253316344744,"BPS":3.767581865353,"BASIC_EPS":-0.8,"DILUTED_EPS":-0.8,"OPERATE_INCOME":1237200000,"OPERATE_INCOME_YOY":42.6930369673,"GROSS_PROFIT":399445000,"GROSS_PROFIT_YOY":22.029046606545,"HOLDER_PROFIT":-762318000,"HOLDER_PROFIT_YOY":79.3984088261,"GROSS_PROFIT_RATIO":32.286210798577,"EPS_TTM":-3.001083983505,"OPERATE_INCOME_QOQ":0,"NET_PROFIT_RATIO":-61.9430973165,"ROE_AVG":-17.485621094185,"GROSS_PROFIT_QOQ":0,"ROA":-15.288090371478,"HOLDER_PROFIT_QOQ":0,"ROE_YEARLY":-17.485621094185,"ROIC_YEARLY":-95.082766702235,"TOTAL_ASSETS":4722810000,"TOTAL_LIABILITIES":715344000,"TAX_EBT":0.063376479763,"OCF_SALES":-49.682832201746,"TOTAL_PARENT_EQUITY":3989800000,"DEBT_ASSET_RATIO":15.1465758733,"OPERATE_PROFIT":-767398000,"PRETAX_PROFIT":-766846000,"NETCASH_OPERATE":-614676000,"NETCASH_INVEST":3386499000,"NETCASH_FINANCE":-35230000,"END_CASH":3408505000,"DIVI_RATIO":null,"DIVIDEND_RATE":null,"CURRENT_RATIO":7.443303688951,"COMMON_ACS":2500000000,"CURRENTDEBT_DEBT":85.494950681071,"ISSUED_COMMON_SHARES":1058981634,"HK_COMMON_SHARES":1058981634,"PER_SHARES":100,"TOTAL_MARKET_CAP":5887937885.04,"HKSK_MARKET_CAP":5887937885.04,"PE_TTM":-32.593676536829,"PB_TTM":1.352174802401,"REPORT_DATE_SQ":"2020-12-31 00:00:00","REPORT_TYPE_SQ":"2020年年报","OPERATE_INCOME_SQ":867036000,"DPS_HKD":null,"OPERATE_INCOME_QOQ_SQ":0,"NET_PROFIT_RATIO_SQ":-426.1434357974,"HOLDER_PROFIT_SQ":-3700287000,"HOLDER_PROFIT_QOQ_SQ":0,"ROE_AVG_SQ":-737.056107530137,"PE_TTM_SQ":-9.039089187651,"PB_TTM_SQ":0.818523330407,"ROA_SQ":-112.932017299233,"START_DATE":"2021-04-01 00:00:00","FISCAL_YEAR":"3-31","CURRENCY":"HKD","IS_CNY_CODE":0,"DPS_HKD_LY":null,"ORG_TYPE":"一般企业","PREMIUM_INCOME":null,"PREMIUM_INCOME_YOY":null,"NET_INTEREST_INCOME":null,"NET_INTEREST_INCOME_YOY":null,"FEE_COMMISSION_INCOME":null,"FEE_COMMISSION_INCOME_YOY":null,"ACCOUNTS_RECE_TDAYS":2.815385403096,"INVENTORY_TDAYS":44.683841373977,"CURRENT_ASSETS_TDAYS":0.255031181643,"TOTAL_ASSETS_TDAYS":0.248117260875,"PREMIUM_EXPENSE":null,"LOAN_DEPOSIT":null,"LOAN_EQUITY":null,"LOAN_ASSETS":null,"DEPOSIT_EQUITY":null,"DEPOSIT_ASSETS":null,"EQUITY_MULTIPLIER":1.178502824479,"EQUITY_RATIO":0.179293197654},{"SECUCODE":"02158.HK","SECURITY_CODE":"02158","SECURITY_NAME_ABBR":"医渡科技","ORG_CODE":"10000122093","STD_REPORT_DATE":"2021-06-30 00:00:00","REPORT_DATE":"2021-09-30 00:00:00","DATE_TYPE_CODE":"002","REPORT_TYPE":"2021年中报","PER_NETCASH_OPERATE":-0.288063159937,"PER_OI":0.513945700339,"BPS":4.104031515243,"BASIC_EPS":-0.47,"DILUTED_EPS":-0.47,"OPERATE_INCOME":501931000,"OPERATE_INCOME_YOY":62.3489494385,"GROSS_PROFIT":144070000,"GROSS_PROFIT_YOY":64.403414277889,"HOLDER_PROFIT":-440768000,"HOLDER_PROFIT_YOY":63.0418559567,"GROSS_PROFIT_RATIO":28.703148440722,"EPS_TTM":-3.999317963821,"OPERATE_INCOME_QOQ":0,"NET_PROFIT_RATIO":-88.1678955872,"ROE_AVG":-9.713184622084,"GROSS_PROFIT_QOQ":0,"ROA":-8.57561079154,"HOLDER_PROFIT_QOQ":0,"ROE_YEARLY":-19.426369244168,"ROIC_YEARLY":-124.247760918452,"TOTAL_ASSETS":5029677000,"TOTAL_LIABILITIES":663175000,"TAX_EBT":0.034109416684,"OCF_SALES":-56.049337458734,"TOTAL_PARENT_EQUITY":4346094000,"DEBT_ASSET_RATIO":13.1852403246,"OPERATE_PROFIT":-442214000,"PRETAX_PROFIT":-442693000,"NETCASH_OPERATE":-281329000,"NETCASH_INVEST":3820922000,"NETCASH_FINANCE":-6769000,"END_CASH":4214443000,"DIVI_RATIO":null,"DIVIDEND_RATE":null,"CURRENT_RATIO":8.796750568443,"COMMON_ACS":2500000000,"CURRENTDEBT_DEBT":83.426848117013,"ISSUED_COMMON_SHARES":1058981634,"HK_COMMON_SHARES":1058981634,"PER_SHARES":100,"TOTAL_MARKET_CAP":5887937885.04,"HKSK_MARKET_CAP":5887937885.04,"PE_TTM":-32.593676536829,"PB_TTM":1.352174802401,"REPORT_DATE_SQ":"2020-06-30 00:00:00","REPORT_TYPE_SQ":"2020年中报","OPERATE_INCOME_SQ":309168000,"DPS_HKD":null,"OPERATE_INCOME_QOQ_SQ":26.086800708855,"NET_PROFIT_RATIO_SQ":-385.6663690938,"HOLDER_PROFIT_SQ":-1192614000,"HOLDER_PROFIT_QOQ_SQ":10.649006078637,"ROE_AVG_SQ":null,"PE_TTM_SQ":-9.039089187651,"PB_TTM_SQ":0.818523330407,"ROA_SQ":null,"START_DATE":"2021-04-01 00:00:00","FISCAL_YEAR":"3-31","CURRENCY":"HKD","IS_CNY_CODE":0,"DPS_HKD_LY":null,"ORG_TYPE":"一般企业","PREMIUM_INCOME":null,"PREMIUM_INCOME_YOY":null,"NET_INTEREST_INCOME":null,"NET_INTEREST_INCOME_YOY":null,"FEE_COMMISSION_INCOME":null,"FEE_COMMISSION_INCOME_YOY":null,"ACCOUNTS_RECE_TDAYS":1.266749193346,"INVENTORY_TDAYS":13.018571402587,"CURRENT_ASSETS_TDAYS":0.100214952689,"TOTAL_ASSETS_TDAYS":0.097656020859,"PREMIUM_EXPENSE":null,"LOAN_DEPOSIT":null,"LOAN_EQUITY":null,"LOAN_ASSETS":null,"DEPOSIT_EQUITY":null,"DEPOSIT_ASSETS":null,"EQUITY_MULTIPLIER":1.151877864708,"EQUITY_RATIO":0.152591039218},{"SECUCODE":"02158.HK","SECURITY_CODE":"02158","SECURITY_NAME_ABBR":"医渡科技","ORG_CODE":"10000122093","STD_REPORT_DATE":"2020-12-31 00:00:00","REPORT_DATE":"2021-03-31 00:00:00","DATE_TYPE_CODE":"001","REPORT_TYPE":"2020年年报","PER_NETCASH_OPERATE":-0.358481864678,"PER_OI":0.937103703058,"BPS":4.466149221243,"BASIC_EPS":-7.24,"DILUTED_EPS":-7.24,"OPERATE_INCOME":867036000,"OPERATE_INCOME_YOY":55.3596866416,"GROSS_PROFIT":327336000,"GROSS_PROFIT_YOY":123.381125586029,"HOLDER_PROFIT":-3700287000,"HOLDER_PROFIT_YOY":-145.071919718,"GROSS_PROFIT_RATIO":37.75344968375,"EPS_TTM":-1.810102322113,"OPERATE_INCOME_QOQ":0,"NET_PROFIT_RATIO":-426.1434357974,"ROE_AVG":-737.056107530137,"GROSS_PROFIT_QOQ":0,"ROA":-112.932017299233,"HOLDER_PROFIT_QOQ":0,"ROE_YEARLY":-737.056107530137,"ROIC_YEARLY":-617.242756926136,"TOTAL_ASSETS":5249894000,"TOTAL_LIABILITIES":497706000,"TAX_EBT":-0.038365733471,"OCF_SALES":-38.25423627162,"TOTAL_PARENT_EQUITY":4729570000,"DEBT_ASSET_RATIO":9.4803056976,"OPERATE_PROFIT":-453286000,"PRETAX_PROFIT":-3693400000,"NETCASH_OPERATE":-331678000,"NETCASH_INVEST":-3874188000,"NETCASH_FINANCE":4258702000,"END_CASH":739846000,"DIVI_RATIO":null,"DIVIDEND_RATE":null,"CURRENT_RATIO":12.422440325724,"COMMON_ACS":2500000000,"CURRENTDEBT_DEBT":83.298975700514,"ISSUED_COMMON_SHARES":1058981634,"HK_COMMON_SHARES":1058981634,"PER_SHARES":100,"TOTAL_MARKET_CAP":5887937885.04,"HKSK_MARKET_CAP":5887937885.04,"PE_TTM":-32.593676536829,"PB_TTM":1.352174802401,"REPORT_DATE_SQ":"2019-12-31 00:00:00","REPORT_TYPE_SQ":"2019年年报","OPERATE_INCOME_SQ":558083000,"DPS_HKD":null,"OPERATE_INCOME_QOQ_SQ":0,"NET_PROFIT_RATIO_SQ":-270.8249489771,"HOLDER_PROFIT_SQ":-1509878000,"HOLDER_PROFIT_QOQ_SQ":0,"ROE_AVG_SQ":50.298835870965,"PE_TTM_SQ":-9.039089187651,"PB_TTM_SQ":0.818523330407,"ROA_SQ":-145.891587993988,"START_DATE":"2020-04-01 00:00:00","FISCAL_YEAR":"3-31","CURRENCY":"HKD","IS_CNY_CODE":0,"DPS_HKD_LY":null,"ORG_TYPE":"一般企业","PREMIUM_INCOME":null,"PREMIUM_INCOME_YOY":null,"NET_INTEREST_INCOME":null,"NET_INTEREST_INCOME_YOY":null,"FEE_COMMISSION_INCOME":null,"FEE_COMMISSION_INCOME_YOY":null,"ACCOUNTS_RECE_TDAYS":2.655904624207,"INVENTORY_TDAYS":10.874799762233,"CURRENT_ASSETS_TDAYS":0.274821282456,"TOTAL_ASSETS_TDAYS":0.264617648715,"PREMIUM_EXPENSE":null,"LOAN_DEPOSIT":null,"LOAN_EQUITY":null,"LOAN_ASSETS":null,"DEPOSIT_EQUITY":null,"DEPOSIT_ASSETS":null,"EQUITY_MULTIPLIER":1.104731967675,"EQUITY_RATIO":0.105232822434},{"SECUCODE":"02158.HK","SECURITY_CODE":"02158","SECURITY_NAME_ABBR":"医渡科技","ORG_CODE":"10000122093","STD_REPORT_DATE":"2020-06-30 00:00:00","REPORT_DATE":"2020-09-30 00:00:00","DATE_TYPE_CODE":"002","REPORT_TYPE":"2020年中报","PER_NETCASH_OPERATE":null,"PER_OI":null,"BPS":null,"BASIC_EPS":-2.95,"DILUTED_EPS":-2.95,"OPERATE_INCOME":309168000,"OPERATE_INCOME_YOY":null,"GROSS_PROFIT":87632000,"GROSS_PROFIT_YOY":null,"HOLDER_PROFIT":-1192614000,"HOLDER_PROFIT_YOY":null,"GROSS_PROFIT_RATIO":28.344459969984,"EPS_TTM":-3.898322340612,"OPERATE_INCOME_QOQ":26.086800708855,"NET_PROFIT_RATIO":-385.6663690938,"ROE_AVG":null,"GROSS_PROFIT_QOQ":20.205135904243,"ROA":null,"HOLDER_PROFIT_QOQ":10.649006078637,"ROE_YEARLY":null,"ROIC_YEARLY":null,"TOTAL_ASSETS":null,"TOTAL_LIABILITIES":null,"TAX_EBT":0.03856417204,"OCF_SALES":-7.137866790871,"TOTAL_PARENT_EQUITY":null,"DEBT_ASSET_RATIO":null,"OPERATE_PROFIT":-256102000,"PRETAX_PROFIT":-1192817000,"NETCASH_OPERATE":-22068000,"NETCASH_INVEST":-9400000,"NETCASH_FINANCE":474850000,"END_CASH":1132999000,"DIVI_RATIO":null,"DIVIDEND_RATE":null,"CURRENT_RATIO":null,"COMMON_ACS":2500000000,"CURRENTDEBT_DEBT":null,"ISSUED_COMMON_SHARES":1058981634,"HK_COMMON_SHARES":1058981634,"PER_SHARES":100,"TOTAL_MARKET_CAP":5887937885.04,"HKSK_MARKET_CAP":5887937885.04,"PE_TTM":-32.593676536829,"PB_TTM":1.352174802401,"REPORT_DATE_SQ":"2019-06-30 00:00:00","REPORT_TYPE_SQ":"2019年中报","OPERATE_INCOME_SQ":null,"DPS_HKD":null,"OPERATE_INCOME_QOQ_SQ":0,"NET_PROFIT_RATIO_SQ":null,"HOLDER_PROFIT_SQ":null,"HOLDER_PROFIT_QOQ_SQ":0,"ROE_AVG_SQ":null,"PE_TTM_SQ":-9.039089187651,"PB_TTM_SQ":0.818523330407,"ROA_SQ":null,"START_DATE":"2020-04-01 00:00:00","FISCAL_YEAR":"3-31","CURRENCY":"HKD","IS_CNY_CODE":0,"DPS_HKD_LY":null,"ORG_TYPE":"一般企业","PREMIUM_INCOME":null,"PREMIUM_INCOME_YOY":null,"NET_INTEREST_INCOME":null,"NET_INTEREST_INCOME_YOY":null,"FEE_COMMISSION_INCOME":null,"FEE_COMMISSION_INCOME_YOY":null,"ACCOUNTS_RECE_TDAYS":null,"INVENTORY_TDAYS":null,"CURRENT_ASSETS_TDAYS":0.533199042488,"TOTAL_ASSETS_TDAYS":0.474464579901,"PREMIUM_EXPENSE":null,"LOAN_DEPOSIT":null,"LOAN_EQUITY":null,"LOAN_ASSETS":null,"DEPOSIT_EQUITY":null,"DEPOSIT_ASSETS":null,"EQUITY_MULTIPLIER":null,"EQUITY_RATIO":null}],"count":14},"success":true,"message":"ok","code":0}