{"version":"85a77035951bbb28c3a7b7819de68598","result":{"pages":2,"data":[{"SECUCODE":"02155.HK","SECURITY_CODE":"02155","SECURITY_NAME_ABBR":"森松国际","ORG_CODE":"10000134744","STD_REPORT_DATE":"2024-06-30 00:00:00","REPORT_DATE":"2024-06-30 00:00:00","DATE_TYPE_CODE":"002","REPORT_TYPE":"2024年中报","PER_NETCASH_OPERATE":0.258948115592,"PER_OI":2.865586100726,"BPS":3.906623075352,"BASIC_EPS":0.32,"DILUTED_EPS":0.3,"OPERATE_INCOME":3476752000,"OPERATE_INCOME_YOY":-5.8239717165,"GROSS_PROFIT":1028448000,"GROSS_PROFIT_YOY":1.918160088476,"HOLDER_PROFIT":375886000,"HOLDER_PROFIT_YOY":-11.000459339,"GROSS_PROFIT_RATIO":29.580712112915,"EPS_TTM":0.657907034976,"OPERATE_INCOME_QOQ":-2.921186772971,"NET_PROFIT_RATIO":10.7521905503,"ROE_AVG":8.219093913369,"GROSS_PROFIT_QOQ":0.941575246242,"ROA":4.264717795416,"HOLDER_PROFIT_QOQ":-5.500281762174,"ROE_YEARLY":16.438187826738,"ROIC_YEARLY":11.212168892753,"TOTAL_ASSETS":8695632000,"TOTAL_LIABILITIES":3829710000,"TAX_EBT":20.034781715855,"OCF_SALES":9.036480025035,"TOTAL_PARENT_EQUITY":4764162000,"DEBT_ASSET_RATIO":44.0417671769,"OPERATE_PROFIT":472655000,"PRETAX_PROFIT":467487000,"NETCASH_OPERATE":314176000,"NETCASH_INVEST":-494909000,"NETCASH_FINANCE":-42474000,"END_CASH":1939218000,"DIVI_RATIO":0.13774286515,"DIVIDEND_RATE":1.865671641791,"CURRENT_RATIO":1.691149645427,"COMMON_ACS":null,"CURRENTDEBT_DEBT":92.859589890618,"ISSUED_COMMON_SHARES":1219509000,"HK_COMMON_SHARES":1219509000,"PER_SHARES":1000,"TOTAL_MARKET_CAP":6536568240,"HKSK_MARKET_CAP":6536568240,"PE_TTM":7.378793116529,"PB_TTM":1.252223392337,"REPORT_DATE_SQ":"2023-06-30 00:00:00","REPORT_TYPE_SQ":"2023年中报","OPERATE_INCOME_SQ":3691759000,"DPS_HKD":0.1,"OPERATE_INCOME_QOQ_SQ":11.206644427921,"NET_PROFIT_RATIO_SQ":11.4045635157,"HOLDER_PROFIT_SQ":422346000,"HOLDER_PROFIT_QOQ_SQ":17.88138049744,"ROE_AVG_SQ":12.531291436954,"PE_TTM_SQ":6.205704183036,"PB_TTM_SQ":1.24402708838,"ROA_SQ":4.987220385036,"START_DATE":"2024-01-01 00:00:00","FISCAL_YEAR":"12-31","CURRENCY":"HKD","IS_CNY_CODE":0,"DPS_HKD_LY":0.1,"ORG_TYPE":"一般企业","PREMIUM_INCOME":null,"PREMIUM_INCOME_YOY":null,"NET_INTEREST_INCOME":null,"NET_INTEREST_INCOME_YOY":null,"FEE_COMMISSION_INCOME":null,"FEE_COMMISSION_INCOME_YOY":null,"ACCOUNTS_RECE_TDAYS":2.194080482492,"INVENTORY_TDAYS":1.722429858216,"CURRENT_ASSETS_TDAYS":0.560398802882,"TOTAL_ASSETS_TDAYS":0.394464442002,"PREMIUM_EXPENSE":null,"LOAN_DEPOSIT":null,"LOAN_EQUITY":null,"LOAN_ASSETS":null,"DEPOSIT_EQUITY":null,"DEPOSIT_ASSETS":null,"EQUITY_MULTIPLIER":1.787047141323,"EQUITY_RATIO":0.803858055205},{"SECUCODE":"02155.HK","SECURITY_CODE":"02155","SECURITY_NAME_ABBR":"森松国际","ORG_CODE":"10000134744","STD_REPORT_DATE":"2023-12-31 00:00:00","REPORT_DATE":"2023-12-31 00:00:00","DATE_TYPE_CODE":"001","REPORT_TYPE":"2023年年报","PER_NETCASH_OPERATE":0.564053966257,"PER_OI":6.18461701862,"BPS":3.593652035368,"BASIC_EPS":0.73,"DILUTED_EPS":0.67,"OPERATE_INCOME":7360262000,"OPERATE_INCOME_YOY":13.4743705827,"GROSS_PROFIT":2055704000,"GROSS_PROFIT_YOY":14.62696820428,"HOLDER_PROFIT":844684000,"HOLDER_PROFIT_YOY":26.2105052401,"GROSS_PROFIT_RATIO":27.92976663059,"EPS_TTM":0.709763734193,"OPERATE_INCOME_QOQ":2.039200235236,"NET_PROFIT_RATIO":11.4472555461,"ROE_AVG":23.469243303311,"GROSS_PROFIT_QOQ":2.067968386151,"ROA":10.000604996561,"HOLDER_PROFIT_QOQ":7.065683068421,"ROE_YEARLY":23.469243303311,"ROIC_YEARLY":12.665273365244,"TOTAL_ASSETS":8932076000,"TOTAL_LIABILITIES":4541467000,"TAX_EBT":14.404257091597,"OCF_SALES":9.120273164189,"TOTAL_PARENT_EQUITY":4382491000,"DEBT_ASSET_RATIO":50.8444733341,"OPERATE_PROFIT":1005507000,"PRETAX_PROFIT":984334000,"NETCASH_OPERATE":671276000,"NETCASH_INVEST":-408130000,"NETCASH_FINANCE":506975000,"END_CASH":2168682000,"DIVI_RATIO":0.127679107334,"DIVIDEND_RATE":2.358490566038,"CURRENT_RATIO":1.497063811325,"COMMON_ACS":null,"CURRENTDEBT_DEBT":94.044787730484,"ISSUED_COMMON_SHARES":1219509000,"HK_COMMON_SHARES":1219509000,"PER_SHARES":1000,"TOTAL_MARKET_CAP":5170718160,"HKSK_MARKET_CAP":5170718160,"PE_TTM":5.836955748896,"PB_TTM":0.990564773043,"REPORT_DATE_SQ":"2022-12-31 00:00:00","REPORT_TYPE_SQ":"2022年年报","OPERATE_INCOME_SQ":6486277000,"DPS_HKD":0.1,"OPERATE_INCOME_QOQ_SQ":20.38288883952,"NET_PROFIT_RATIO_SQ":10.2706375321,"HOLDER_PROFIT_SQ":669266000,"HOLDER_PROFIT_QOQ_SQ":23.850764553158,"ROE_AVG_SQ":27.749998496954,"PE_TTM_SQ":6.777465692034,"PB_TTM_SQ":1.3586453145,"ROA_SQ":9.80185423069,"START_DATE":"2023-01-01 00:00:00","FISCAL_YEAR":"12-31","CURRENCY":"HKD","IS_CNY_CODE":0,"DPS_HKD_LY":null,"ORG_TYPE":"一般企业","PREMIUM_INCOME":null,"PREMIUM_INCOME_YOY":null,"NET_INTEREST_INCOME":null,"NET_INTEREST_INCOME_YOY":null,"FEE_COMMISSION_INCOME":null,"FEE_COMMISSION_INCOME_YOY":null,"ACCOUNTS_RECE_TDAYS":5.523323391455,"INVENTORY_TDAYS":2.642900666983,"CURRENT_ASSETS_TDAYS":1.203785640232,"TOTAL_ASSETS_TDAYS":0.87141549897,"PREMIUM_EXPENSE":null,"LOAN_DEPOSIT":null,"LOAN_EQUITY":null,"LOAN_ASSETS":null,"DEPOSIT_EQUITY":null,"DEPOSIT_ASSETS":null,"EQUITY_MULTIPLIER":2.034359242648,"EQUITY_RATIO":1.036275259892},{"SECUCODE":"02155.HK","SECURITY_CODE":"02155","SECURITY_NAME_ABBR":"森松国际","ORG_CODE":"10000134744","STD_REPORT_DATE":"2023-06-30 00:00:00","REPORT_DATE":"2023-06-30 00:00:00","DATE_TYPE_CODE":"002","REPORT_TYPE":"2023年中报","PER_NETCASH_OPERATE":0.385593353532,"PER_OI":3.127888582283,"BPS":3.218452672346,"BASIC_EPS":0.37,"DILUTED_EPS":0.34,"OPERATE_INCOME":3691759000,"OPERATE_INCOME_YOY":24.5169341606,"GROSS_PROFIT":1009092000,"GROSS_PROFIT_YOY":27.988493500959,"HOLDER_PROFIT":422346000,"HOLDER_PROFIT_YOY":39.5391711159,"GROSS_PROFIT_RATIO":27.333636892332,"EPS_TTM":0.668439196087,"OPERATE_INCOME_QOQ":11.206644427921,"NET_PROFIT_RATIO":11.4045635157,"ROE_AVG":12.531291436954,"GROSS_PROFIT_QOQ":12.304545702933,"ROA":4.987220385036,"HOLDER_PROFIT_QOQ":17.88138049744,"ROE_YEARLY":25.062582873908,"ROIC_YEARLY":12.404963706657,"TOTAL_ASSETS":8976548000,"TOTAL_LIABILITIES":5042679000,"TAX_EBT":15.188646939146,"OCF_SALES":12.327592348255,"TOTAL_PARENT_EQUITY":3924932000,"DEBT_ASSET_RATIO":56.176149228,"OPERATE_PROFIT":507357000,"PRETAX_PROFIT":496430000,"NETCASH_OPERATE":455105000,"NETCASH_INVEST":-460169000,"NETCASH_FINANCE":547649000,"END_CASH":1932305000,"DIVI_RATIO":0.135572540525,"DIVIDEND_RATE":2.358490566038,"CURRENT_RATIO":1.403639763647,"COMMON_ACS":null,"CURRENTDEBT_DEBT":94.041897174101,"ISSUED_COMMON_SHARES":1219509000,"HK_COMMON_SHARES":1219509000,"PER_SHARES":1000,"TOTAL_MARKET_CAP":5170718160,"HKSK_MARKET_CAP":5170718160,"PE_TTM":5.836955748896,"PB_TTM":0.990564773043,"REPORT_DATE_SQ":"2022-06-30 00:00:00","REPORT_TYPE_SQ":"2022年中报","OPERATE_INCOME_SQ":2964865000,"DPS_HKD":0.1,"OPERATE_INCOME_QOQ_SQ":25.922684311919,"NET_PROFIT_RATIO_SQ":10.2040396443,"HOLDER_PROFIT_SQ":302672000,"HOLDER_PROFIT_QOQ_SQ":41.999253715655,"ROE_AVG_SQ":13.789694313833,"PE_TTM_SQ":6.777465692034,"PB_TTM_SQ":1.3586453145,"ROA_SQ":4.87909658563,"START_DATE":"2023-01-01 00:00:00","FISCAL_YEAR":"12-31","CURRENCY":"HKD","IS_CNY_CODE":0,"DPS_HKD_LY":null,"ORG_TYPE":"一般企业","PREMIUM_INCOME":null,"PREMIUM_INCOME_YOY":null,"NET_INTEREST_INCOME":null,"NET_INTEREST_INCOME_YOY":null,"FEE_COMMISSION_INCOME":null,"FEE_COMMISSION_INCOME_YOY":null,"ACCOUNTS_RECE_TDAYS":3.299536497472,"INVENTORY_TDAYS":1.167584645161,"CURRENT_ASSETS_TDAYS":0.591110302347,"TOTAL_ASSETS_TDAYS":0.43593678504,"PREMIUM_EXPENSE":null,"LOAN_DEPOSIT":null,"LOAN_EQUITY":null,"LOAN_ASSETS":null,"DEPOSIT_EQUITY":null,"DEPOSIT_ASSETS":null,"EQUITY_MULTIPLIER":2.281862461614,"EQUITY_RATIO":1.284781239522},{"SECUCODE":"02155.HK","SECURITY_CODE":"02155","SECURITY_NAME_ABBR":"森松国际","ORG_CODE":"10000134744","STD_REPORT_DATE":"2022-12-31 00:00:00","REPORT_DATE":"2022-12-31 00:00:00","DATE_TYPE_CODE":"001","REPORT_TYPE":"2022年年报","PER_NETCASH_OPERATE":0.842940450788,"PER_OI":6.040511981839,"BPS":2.30890464933,"BASIC_EPS":0.64,"DILUTED_EPS":0.58,"OPERATE_INCOME":6486277000,"OPERATE_INCOME_YOY":51.3285359461,"GROSS_PROFIT":1793386000,"GROSS_PROFIT_YOY":51.521777517927,"HOLDER_PROFIT":669266000,"HOLDER_PROFIT_YOY":75.2748547813,"GROSS_PROFIT_RATIO":27.648927111809,"EPS_TTM":0.623271144917,"OPERATE_INCOME_QOQ":20.38288883952,"NET_PROFIT_RATIO":10.2706375321,"ROE_AVG":27.749998496954,"GROSS_PROFIT_QOQ":21.265514993657,"ROA":9.80185423069,"HOLDER_PROFIT_QOQ":23.850764553158,"ROE_YEARLY":27.749998496954,"ROIC_YEARLY":12.47054097283,"TOTAL_ASSETS":7960582000,"TOTAL_LIABILITIES":5137936000,"TAX_EBT":12.450109538885,"OCF_SALES":13.954784848072,"TOTAL_PARENT_EQUITY":2815730000,"DEBT_ASSET_RATIO":64.542215632,"OPERATE_PROFIT":781593000,"PRETAX_PROFIT":760917000,"NETCASH_OPERATE":882374000,"NETCASH_INVEST":-1125929000,"NETCASH_FINANCE":57050000,"END_CASH":1370359000,"DIVI_RATIO":0.145397393637,"DIVIDEND_RATE":2.358490566038,"CURRENT_RATIO":1.195749441633,"COMMON_ACS":null,"CURRENTDEBT_DEBT":94.968212916626,"ISSUED_COMMON_SHARES":1219509000,"HK_COMMON_SHARES":1219509000,"PER_SHARES":1000,"TOTAL_MARKET_CAP":5170718160,"HKSK_MARKET_CAP":5170718160,"PE_TTM":5.836955748896,"PB_TTM":0.990564773043,"REPORT_DATE_SQ":"2021-12-31 00:00:00","REPORT_TYPE_SQ":"2021年年报","OPERATE_INCOME_SQ":4286222000,"DPS_HKD":0.1,"OPERATE_INCOME_QOQ_SQ":26.244812757702,"NET_PROFIT_RATIO_SQ":8.8937977918,"HOLDER_PROFIT_SQ":381838000,"HOLDER_PROFIT_QOQ_SQ":71.13613469564,"ROE_AVG_SQ":25.314407883446,"PE_TTM_SQ":6.777465692034,"PB_TTM_SQ":1.3586453145,"ROA_SQ":8.718489572863,"START_DATE":"2022-01-01 00:00:00","FISCAL_YEAR":"12-31","CURRENCY":"HKD","IS_CNY_CODE":0,"DPS_HKD_LY":null,"ORG_TYPE":"一般企业","PREMIUM_INCOME":null,"PREMIUM_INCOME_YOY":null,"NET_INTEREST_INCOME":null,"NET_INTEREST_INCOME_YOY":null,"FEE_COMMISSION_INCOME":null,"FEE_COMMISSION_INCOME_YOY":null,"ACCOUNTS_RECE_TDAYS":6.215168253211,"INVENTORY_TDAYS":2.725761835602,"CURRENT_ASSETS_TDAYS":1.279830760166,"TOTAL_ASSETS_TDAYS":0.949959233756,"PREMIUM_EXPENSE":null,"LOAN_DEPOSIT":null,"LOAN_EQUITY":null,"LOAN_ASSETS":null,"DEPOSIT_EQUITY":null,"DEPOSIT_ASSETS":null,"EQUITY_MULTIPLIER":2.820255179008,"EQUITY_RATIO":1.824726092346},{"SECUCODE":"02155.HK","SECURITY_CODE":"02155","SECURITY_NAME_ABBR":"森松国际","ORG_CODE":"10000134744","STD_REPORT_DATE":"2022-06-30 00:00:00","REPORT_DATE":"2022-06-30 00:00:00","DATE_TYPE_CODE":"002","REPORT_TYPE":"2022年中报","PER_NETCASH_OPERATE":0.463022662165,"PER_OI":2.786590111055,"BPS":1.953261517545,"BASIC_EPS":0.29,"DILUTED_EPS":0.28,"OPERATE_INCOME":2964865000,"OPERATE_INCOME_YOY":59.7730311321,"GROSS_PROFIT":788424000,"GROSS_PROFIT_YOY":62.259545629478,"HOLDER_PROFIT":302672000,"HOLDER_PROFIT_YOY":111.8913772463,"GROSS_PROFIT_RATIO":26.592239444292,"EPS_TTM":0.507888335827,"OPERATE_INCOME_QOQ":25.922684311919,"NET_PROFIT_RATIO":10.2040396443,"ROE_AVG":13.789694313833,"GROSS_PROFIT_QOQ":25.7164618985,"ROA":4.87909658563,"HOLDER_PROFIT_QOQ":41.999253715655,"ROE_YEARLY":27.579388627666,"ROIC_YEARLY":12.909324928487,"TOTAL_ASSETS":6711563000,"TOTAL_LIABILITIES":4329679000,"TAX_EBT":11.339046033737,"OCF_SALES":16.616102250861,"TOTAL_PARENT_EQUITY":2382020000,"DEBT_ASSET_RATIO":64.5107406427,"OPERATE_PROFIT":350274000,"PRETAX_PROFIT":341228000,"NETCASH_OPERATE":492645000,"NETCASH_INVEST":-628402000,"NETCASH_FINANCE":45024000,"END_CASH":1483545000,"DIVI_RATIO":0.178428984498,"DIVIDEND_RATE":2.358490566038,"CURRENT_RATIO":1.172986089331,"COMMON_ACS":null,"CURRENTDEBT_DEBT":97.943288636409,"ISSUED_COMMON_SHARES":1219509000,"HK_COMMON_SHARES":1219509000,"PER_SHARES":1000,"TOTAL_MARKET_CAP":5170718160,"HKSK_MARKET_CAP":5170718160,"PE_TTM":5.836955748896,"PB_TTM":0.990564773043,"REPORT_DATE_SQ":"2021-06-30 00:00:00","REPORT_TYPE_SQ":"2021年中报","OPERATE_INCOME_SQ":1855673000,"DPS_HKD":0.1,"OPERATE_INCOME_QOQ_SQ":13.788203017096,"NET_PROFIT_RATIO_SQ":7.747410171,"HOLDER_PROFIT_SQ":142843000,"HOLDER_PROFIT_QOQ_SQ":-23.158422171156,"ROE_AVG_SQ":10.762043011881,"PE_TTM_SQ":6.777465692034,"PB_TTM_SQ":1.3586453145,"ROA_SQ":3.840217253165,"START_DATE":"2022-01-01 00:00:00","FISCAL_YEAR":"12-31","CURRENCY":"HKD","IS_CNY_CODE":0,"DPS_HKD_LY":null,"ORG_TYPE":"一般企业","PREMIUM_INCOME":null,"PREMIUM_INCOME_YOY":null,"NET_INTEREST_INCOME":null,"NET_INTEREST_INCOME_YOY":null,"FEE_COMMISSION_INCOME":null,"FEE_COMMISSION_INCOME_YOY":null,"ACCOUNTS_RECE_TDAYS":2.701400145235,"INVENTORY_TDAYS":1.672880537796,"CURRENT_ASSETS_TDAYS":0.639268781208,"TOTAL_ASSETS_TDAYS":0.477938583627,"PREMIUM_EXPENSE":null,"LOAN_DEPOSIT":null,"LOAN_EQUITY":null,"LOAN_ASSETS":null,"DEPOSIT_EQUITY":null,"DEPOSIT_ASSETS":null,"EQUITY_MULTIPLIER":2.817753929244,"EQUITY_RATIO":1.817650145675},{"SECUCODE":"02155.HK","SECURITY_CODE":"02155","SECURITY_NAME_ABBR":"森松国际","ORG_CODE":"10000134744","STD_REPORT_DATE":"2021-12-31 00:00:00","REPORT_DATE":"2021-12-31 00:00:00","DATE_TYPE_CODE":"001","REPORT_TYPE":"2021年年报","PER_NETCASH_OPERATE":1.131294457831,"PER_OI":4.131298313253,"BPS":1.646803754626,"BASIC_EPS":0.43,"DILUTED_EPS":0.38,"OPERATE_INCOME":4286222000,"OPERATE_INCOME_YOY":43.6517038393,"GROSS_PROFIT":1183583000,"GROSS_PROFIT_YOY":40.217674599339,"HOLDER_PROFIT":381838000,"HOLDER_PROFIT_YOY":31.5037061354,"GROSS_PROFIT_RATIO":27.492710068857,"EPS_TTM":0.366797108434,"OPERATE_INCOME_QOQ":26.244812757702,"NET_PROFIT_RATIO":8.8937977918,"ROE_AVG":25.314407883446,"GROSS_PROFIT_QOQ":31.191255782416,"ROA":8.718489572863,"HOLDER_PROFIT_QOQ":71.13613469564,"ROE_YEARLY":25.314407883446,"ROIC_YEARLY":11.25849856115,"TOTAL_ASSETS":5704508000,"TOTAL_LIABILITIES":3696699000,"TAX_EBT":14.985205157378,"OCF_SALES":27.430707384489,"TOTAL_PARENT_EQUITY":2007809000,"DEBT_ASSET_RATIO":64.7378797062,"OPERATE_PROFIT":471969000,"PRETAX_PROFIT":449143000,"NETCASH_OPERATE":1175066000,"NETCASH_INVEST":-448131000,"NETCASH_FINANCE":444991000,"END_CASH":1548875000,"DIVI_RATIO":0.247063016355,"DIVIDEND_RATE":2.358490566038,"CURRENT_RATIO":1.168590365108,"COMMON_ACS":null,"CURRENTDEBT_DEBT":99.827900513404,"ISSUED_COMMON_SHARES":1219509000,"HK_COMMON_SHARES":1219509000,"PER_SHARES":1000,"TOTAL_MARKET_CAP":5170718160,"HKSK_MARKET_CAP":5170718160,"PE_TTM":5.836955748896,"PB_TTM":0.990564773043,"REPORT_DATE_SQ":"2020-12-31 00:00:00","REPORT_TYPE_SQ":"2020年年报","OPERATE_INCOME_SQ":2978626000,"DPS_HKD":0.1,"OPERATE_INCOME_QOQ_SQ":8.713025083416,"NET_PROFIT_RATIO_SQ":9.7153855503,"HOLDER_PROFIT_SQ":289385000,"HOLDER_PROFIT_QOQ_SQ":24.177186944843,"ROE_AVG_SQ":33.943961409322,"PE_TTM_SQ":6.777465692034,"PB_TTM_SQ":1.3586453145,"ROA_SQ":9.174351191697,"START_DATE":"2021-01-01 00:00:00","FISCAL_YEAR":"12-31","CURRENCY":"HKD","IS_CNY_CODE":0,"DPS_HKD_LY":null,"ORG_TYPE":"一般企业","PREMIUM_INCOME":null,"PREMIUM_INCOME_YOY":null,"NET_INTEREST_INCOME":null,"NET_INTEREST_INCOME_YOY":null,"FEE_COMMISSION_INCOME":null,"FEE_COMMISSION_INCOME_YOY":null,"ACCOUNTS_RECE_TDAYS":5.713766584862,"INVENTORY_TDAYS":3.051062545053,"CURRENT_ASSETS_TDAYS":1.346604422931,"TOTAL_ASSETS_TDAYS":0.980288710961,"PREMIUM_EXPENSE":null,"LOAN_DEPOSIT":null,"LOAN_EQUITY":null,"LOAN_ASSETS":null,"DEPOSIT_EQUITY":null,"DEPOSIT_ASSETS":null,"EQUITY_MULTIPLIER":2.835904340602,"EQUITY_RATIO":1.841160688093},{"SECUCODE":"02155.HK","SECURITY_CODE":"02155","SECURITY_NAME_ABBR":"森松国际","ORG_CODE":"10000134744","STD_REPORT_DATE":"2021-06-30 00:00:00","REPORT_DATE":"2021-06-30 00:00:00","DATE_TYPE_CODE":"002","REPORT_TYPE":"2021年中报","PER_NETCASH_OPERATE":0.104602,"PER_OI":1.855673,"BPS":1.368619665784,"BASIC_EPS":0.19,"DILUTED_EPS":0.18,"OPERATE_INCOME":1855673000,"OPERATE_INCOME_YOY":28.4825300482,"GROSS_PROFIT":485903000,"GROSS_PROFIT_YOY":12.883351492751,"HOLDER_PROFIT":142843000,"HOLDER_PROFIT_YOY":-31.829796531,"GROSS_PROFIT_RATIO":26.072474188074,"EPS_TTM":0.222368,"OPERATE_INCOME_QOQ":13.788203017096,"NET_PROFIT_RATIO":7.747410171,"ROE_AVG":10.762043011881,"GROSS_PROFIT_QOQ":6.229090254281,"ROA":3.840217253165,"HOLDER_PROFIT_QOQ":-23.158422171156,"ROE_YEARLY":21.524086023763,"ROIC_YEARLY":9.332489147635,"TOTAL_ASSETS":4440705000,"TOTAL_LIABILITIES":2771661000,"TAX_EBT":14.764359791391,"OCF_SALES":5.646129398607,"TOTAL_PARENT_EQUITY":1669044000,"DEBT_ASSET_RATIO":62.4148868254,"OPERATE_PROFIT":179091000,"PRETAX_PROFIT":167586000,"NETCASH_OPERATE":106465000,"NETCASH_INVEST":-206483000,"NETCASH_FINANCE":587147000,"END_CASH":903327000,"DIVI_RATIO":0.407531659232,"DIVIDEND_RATE":2.358490566038,"CURRENT_RATIO":1.196467333336,"COMMON_ACS":null,"CURRENTDEBT_DEBT":99.279421256784,"ISSUED_COMMON_SHARES":1219509000,"HK_COMMON_SHARES":1219509000,"PER_SHARES":1000,"TOTAL_MARKET_CAP":5170718160,"HKSK_MARKET_CAP":5170718160,"PE_TTM":5.836955748896,"PB_TTM":0.990564773043,"REPORT_DATE_SQ":"2020-06-30 00:00:00","REPORT_TYPE_SQ":"2020年中报","OPERATE_INCOME_SQ":1441933000,"DPS_HKD":0.1,"OPERATE_INCOME_QOQ_SQ":5.570828601048,"NET_PROFIT_RATIO_SQ":14.6017880165,"HOLDER_PROFIT_SQ":210548000,"HOLDER_PROFIT_QOQ_SQ":64.660907822728,"ROE_AVG_SQ":25.785813442675,"PE_TTM_SQ":6.777465692034,"PB_TTM_SQ":1.3586453145,"ROA_SQ":6.613551485755,"START_DATE":"2021-01-01 00:00:00","FISCAL_YEAR":"12-31","CURRENCY":"HKD","IS_CNY_CODE":0,"DPS_HKD_LY":null,"ORG_TYPE":"一般企业","PREMIUM_INCOME":null,"PREMIUM_INCOME_YOY":null,"NET_INTEREST_INCOME":null,"NET_INTEREST_INCOME_YOY":null,"FEE_COMMISSION_INCOME":null,"FEE_COMMISSION_INCOME_YOY":null,"ACCOUNTS_RECE_TDAYS":2.198121672549,"INVENTORY_TDAYS":1.573407714564,"CURRENT_ASSETS_TDAYS":0.69312695273,"TOTAL_ASSETS_TDAYS":0.495677544932,"PREMIUM_EXPENSE":null,"LOAN_DEPOSIT":null,"LOAN_EQUITY":null,"LOAN_ASSETS":null,"DEPOSIT_EQUITY":null,"DEPOSIT_ASSETS":null,"EQUITY_MULTIPLIER":2.660627880391,"EQUITY_RATIO":1.660627880391},{"SECUCODE":"02155.HK","SECURITY_CODE":"02155","SECURITY_NAME_ABBR":"森松国际","ORG_CODE":"10000134744","STD_REPORT_DATE":"2020-12-31 00:00:00","REPORT_DATE":"2020-12-31 00:00:00","DATE_TYPE_CODE":"001","REPORT_TYPE":"2020年年报","PER_NETCASH_OPERATE":null,"PER_OI":17217.4913294798,"BPS":0.818617984779,"BASIC_EPS":0.39,"DILUTED_EPS":0.39,"OPERATE_INCOME":2978626000,"OPERATE_INCOME_YOY":5.388471976,"GROSS_PROFIT":844104000,"GROSS_PROFIT_YOY":40.009852559924,"HOLDER_PROFIT":289385000,"HOLDER_PROFIT_YOY":94.0826537182,"GROSS_PROFIT_RATIO":28.338703818472,"EPS_TTM":1672.74566473988,"OPERATE_INCOME_QOQ":8.713025083416,"NET_PROFIT_RATIO":9.7153855503,"ROE_AVG":33.943961409322,"GROSS_PROFIT_QOQ":19.544371131042,"ROA":9.174351191697,"HOLDER_PROFIT_QOQ":24.177186944843,"ROE_YEARLY":33.943961409322,"ROIC_YEARLY":10.653371963319,"TOTAL_ASSETS":3034445000,"TOTAL_LIABILITIES":2036133000,"TAX_EBT":15.243241660077,"OCF_SALES":5.225698023183,"TOTAL_PARENT_EQUITY":998312000,"DEBT_ASSET_RATIO":67.1006724459,"OPERATE_PROFIT":353886000,"PRETAX_PROFIT":341430000,"NETCASH_OPERATE":155654000,"NETCASH_INVEST":-135770000,"NETCASH_FINANCE":-30605000,"END_CASH":424428000,"DIVI_RATIO":0.0000541756,"DIVIDEND_RATE":2.358490566038,"CURRENT_RATIO":1.017643341932,"COMMON_ACS":null,"CURRENTDEBT_DEBT":99.783658533112,"ISSUED_COMMON_SHARES":1219509000,"HK_COMMON_SHARES":1219509000,"PER_SHARES":1000,"TOTAL_MARKET_CAP":5170718160,"HKSK_MARKET_CAP":5170718160,"PE_TTM":5.836955748896,"PB_TTM":0.990564773043,"REPORT_DATE_SQ":"2019-12-31 00:00:00","REPORT_TYPE_SQ":"2019年年报","OPERATE_INCOME_SQ":2826330000,"DPS_HKD":0.1,"OPERATE_INCOME_QOQ_SQ":14.52512268682,"NET_PROFIT_RATIO_SQ":5.1876107885,"HOLDER_PROFIT_SQ":149104000,"HOLDER_PROFIT_QOQ_SQ":28.291302065856,"ROE_AVG_SQ":16.789317731285,"PE_TTM_SQ":6.777465692034,"PB_TTM_SQ":1.3586453145,"ROA_SQ":4.296423359526,"START_DATE":"2020-01-01 00:00:00","FISCAL_YEAR":"12-31","CURRENCY":"HKD","IS_CNY_CODE":0,"DPS_HKD_LY":null,"ORG_TYPE":"一般企业","PREMIUM_INCOME":null,"PREMIUM_INCOME_YOY":null,"NET_INTEREST_INCOME":null,"NET_INTEREST_INCOME_YOY":null,"FEE_COMMISSION_INCOME":null,"FEE_COMMISSION_INCOME_YOY":null,"ACCOUNTS_RECE_TDAYS":5.118393389072,"INVENTORY_TDAYS":2.204453890777,"CURRENT_ASSETS_TDAYS":1.360639996784,"TOTAL_ASSETS_TDAYS":0.944311591572,"PREMIUM_EXPENSE":null,"LOAN_DEPOSIT":null,"LOAN_EQUITY":null,"LOAN_ASSETS":null,"DEPOSIT_EQUITY":null,"DEPOSIT_ASSETS":null,"EQUITY_MULTIPLIER":3.03957580396,"EQUITY_RATIO":2.039575803957},{"SECUCODE":"02155.HK","SECURITY_CODE":"02155","SECURITY_NAME_ABBR":"森松国际","ORG_CODE":"10000134744","STD_REPORT_DATE":"2020-09-30 00:00:00","REPORT_DATE":"2020-09-30 00:00:00","DATE_TYPE_CODE":"004","REPORT_TYPE":"2020年三季报","PER_NETCASH_OPERATE":null,"PER_OI":5.194506704771,"BPS":0.746993257122,"BASIC_EPS":null,"DILUTED_EPS":null,"OPERATE_INCOME":2013957000,"OPERATE_INCOME_YOY":-4.1150472603,"GROSS_PROFIT":580493000,"GROSS_PROFIT_YOY":21.624996595297,"HOLDER_PROFIT":221198000,"HOLDER_PROFIT_YOY":61.1525571907,"GROSS_PROFIT_RATIO":28.823505169177,"EPS_TTM":0.601074517228,"OPERATE_INCOME_QOQ":-8.173591886801,"NET_PROFIT_RATIO":10.9832533664,"ROE_AVG":27.346748031808,"GROSS_PROFIT_QOQ":-1.949754354002,"ROA":6.974407288258,"HOLDER_PROFIT_QOQ":-5.080727936265,"ROE_YEARLY":36.462330709077,"ROIC_YEARLY":8.13244833946,"TOTAL_ASSETS":3069013000,"TOTAL_LIABILITIES":2158048000,"TAX_EBT":14.473847010424,"OCF_SALES":6.542642171605,"TOTAL_PARENT_EQUITY":910965000,"DEBT_ASSET_RATIO":70.3173300341,"OPERATE_PROFIT":null,"PRETAX_PROFIT":258632000,"NETCASH_OPERATE":131766000,"NETCASH_INVEST":-90631000,"NETCASH_FINANCE":-34737000,"END_CASH":451849000,"DIVI_RATIO":0.15076666437,"DIVIDEND_RATE":2.358490566038,"CURRENT_RATIO":0.983050855367,"COMMON_ACS":null,"CURRENTDEBT_DEBT":99.299922893281,"ISSUED_COMMON_SHARES":1219509000,"HK_COMMON_SHARES":1219509000,"PER_SHARES":1000,"TOTAL_MARKET_CAP":5170718160,"HKSK_MARKET_CAP":5170718160,"PE_TTM":5.836955748896,"PB_TTM":0.990564773043,"REPORT_DATE_SQ":"2019-09-30 00:00:00","REPORT_TYPE_SQ":"2019年三季报","OPERATE_INCOME_SQ":2100389000,"DPS_HKD":0.1,"OPERATE_INCOME_QOQ_SQ":0,"NET_PROFIT_RATIO_SQ":6.4166685314,"HOLDER_PROFIT_SQ":137260000,"HOLDER_PROFIT_QOQ_SQ":0,"ROE_AVG_SQ":null,"PE_TTM_SQ":6.777465692034,"PB_TTM_SQ":1.3586453145,"ROA_SQ":null,"START_DATE":"2020-01-01 00:00:00","FISCAL_YEAR":"12-31","CURRENCY":"HKD","IS_CNY_CODE":0,"DPS_HKD_LY":null,"ORG_TYPE":"一般企业","PREMIUM_INCOME":null,"PREMIUM_INCOME_YOY":null,"NET_INTEREST_INCOME":null,"NET_INTEREST_INCOME_YOY":null,"FEE_COMMISSION_INCOME":null,"FEE_COMMISSION_INCOME_YOY":null,"ACCOUNTS_RECE_TDAYS":3.614946165051,"INVENTORY_TDAYS":1.399752364064,"CURRENT_ASSETS_TDAYS":0.908933030199,"TOTAL_ASSETS_TDAYS":0.63500376943,"PREMIUM_EXPENSE":null,"LOAN_DEPOSIT":null,"LOAN_EQUITY":null,"LOAN_ASSETS":null,"DEPOSIT_EQUITY":null,"DEPOSIT_ASSETS":null,"EQUITY_MULTIPLIER":3.368969170054,"EQUITY_RATIO":2.368969170056}],"count":15},"success":true,"message":"ok","code":0}