{"version":"bc12d56993d57b5999a90e8486b5034b","result":{"pages":2,"data":[{"SECUCODE":"02168.HK","SECURITY_CODE":"02168","SECURITY_NAME_ABBR":"佳兆业美好","ORG_CODE":"10946026","STD_REPORT_DATE":"2024-06-30 00:00:00","REPORT_DATE":"2024-06-30 00:00:00","DATE_TYPE_CODE":"002","REPORT_TYPE":"2024年中报","PER_NETCASH_OPERATE":-0.226967750308,"PER_OI":5.826987216923,"BPS":5.889948737914,"BASIC_EPS":0.29,"DILUTED_EPS":0.29,"OPERATE_INCOME":897997000,"OPERATE_INCOME_YOY":2.0441859619,"GROSS_PROFIT":255427000,"GROSS_PROFIT_YOY":4.120349422589,"HOLDER_PROFIT":44346000,"HOLDER_PROFIT_YOY":143.729415245,"GROSS_PROFIT_RATIO":28.444081661743,"EPS_TTM":-1.974096424632,"OPERATE_INCOME_QOQ":1.002582112919,"NET_PROFIT_RATIO":5.6463440301,"ROE_AVG":4.992170534869,"GROSS_PROFIT_QOQ":2.099940375654,"ROA":2.411791050986,"HOLDER_PROFIT_QOQ":32.391373915517,"ROE_YEARLY":9.984341069738,"ROIC_YEARLY":5.911377328523,"TOTAL_ASSETS":1848677000,"TOTAL_LIABILITIES":860311000,"TAX_EBT":22.492280412119,"OCF_SALES":-3.895113235345,"TOTAL_PARENT_EQUITY":907700000,"DEBT_ASSET_RATIO":46.5365772387,"OPERATE_PROFIT":104487000,"PRETAX_PROFIT":65418000,"NETCASH_OPERATE":-34978000,"NETCASH_INVEST":-8514000,"NETCASH_FINANCE":-4622000,"END_CASH":238660000,"DIVI_RATIO":null,"DIVIDEND_RATE":null,"CURRENT_RATIO":1.129710833004,"COMMON_ACS":500000000,"CURRENTDEBT_DEBT":98.053029660204,"ISSUED_COMMON_SHARES":154110000,"HK_COMMON_SHARES":154110000,"PER_SHARES":250,"TOTAL_MARKET_CAP":283562400,"HKSK_MARKET_CAP":283562400,"PE_TTM":-0.839015996605,"PB_TTM":0.285118135102,"REPORT_DATE_SQ":"2023-06-30 00:00:00","REPORT_TYPE_SQ":"2023年中报","OPERATE_INCOME_SQ":880008000,"DPS_HKD":null,"OPERATE_INCOME_QOQ_SQ":-0.959648138359,"NET_PROFIT_RATIO_SQ":-11.0146725939,"HOLDER_PROFIT_SQ":-101410000,"HOLDER_PROFIT_QOQ_SQ":-160.86309364459,"ROE_AVG_SQ":-7.898030437908,"PE_TTM_SQ":-2.563321794892,"PB_TTM_SQ":0.119765017504,"ROA_SQ":-4.606472727851,"START_DATE":"2024-01-01 00:00:00","FISCAL_YEAR":"12-31","CURRENCY":"HKD","IS_CNY_CODE":0,"DPS_HKD_LY":null,"ORG_TYPE":"一般企业","PREMIUM_INCOME":null,"PREMIUM_INCOME_YOY":null,"NET_INTEREST_INCOME":null,"NET_INTEREST_INCOME_YOY":null,"FEE_COMMISSION_INCOME":null,"FEE_COMMISSION_INCOME_YOY":null,"ACCOUNTS_RECE_TDAYS":2.082186349345,"INVENTORY_TDAYS":null,"CURRENT_ASSETS_TDAYS":0.968352662709,"TOTAL_ASSETS_TDAYS":0.488382521177,"PREMIUM_EXPENSE":null,"LOAN_DEPOSIT":null,"LOAN_EQUITY":null,"LOAN_ASSETS":null,"DEPOSIT_EQUITY":null,"DEPOSIT_ASSETS":null,"EQUITY_MULTIPLIER":1.870437671873,"EQUITY_RATIO":0.9477922221},{"SECUCODE":"02168.HK","SECURITY_CODE":"02168","SECURITY_NAME_ABBR":"佳兆业美好","ORG_CODE":"10946026","STD_REPORT_DATE":"2023-12-31 00:00:00","REPORT_DATE":"2023-12-31 00:00:00","DATE_TYPE_CODE":"001","REPORT_TYPE":"2023年年报","PER_NETCASH_OPERATE":0.428486146259,"PER_OI":11.642768152618,"BPS":5.638323275582,"BASIC_EPS":-2.92,"DILUTED_EPS":-2.92,"OPERATE_INCOME":1794267000,"OPERATE_INCOME_YOY":0.5821009562,"GROSS_PROFIT":481347000,"GROSS_PROFIT_YOY":2.17360387343,"HOLDER_PROFIT":-449984000,"HOLDER_PROFIT_YOY":-581.8589709268,"GROSS_PROFIT_RATIO":26.826943816054,"EPS_TTM":-2.919888391409,"OPERATE_INCOME_QOQ":1.556687820218,"NET_PROFIT_RATIO":-24.3878976763,"ROE_AVG":-40.850575536989,"GROSS_PROFIT_QOQ":-2.239557734568,"ROA":-22.071996507596,"HOLDER_PROFIT_QOQ":-691.709625771944,"ROE_YEARLY":-40.850575536989,"ROIC_YEARLY":-26.391218566941,"TOTAL_ASSETS":1828756000,"TOTAL_LIABILITIES":889223000,"TAX_EBT":24.800307958811,"OCF_SALES":3.68027723856,"TOTAL_PARENT_EQUITY":868922000,"DEBT_ASSET_RATIO":48.6244747796,"OPERATE_PROFIT":-420034000,"PRETAX_PROFIT":-581896000,"NETCASH_OPERATE":66034000,"NETCASH_INVEST":-11221000,"NETCASH_FINANCE":-15359000,"END_CASH":286774000,"DIVI_RATIO":null,"DIVIDEND_RATE":null,"CURRENT_RATIO":1.040718811676,"COMMON_ACS":500000000,"CURRENTDEBT_DEBT":97.436750961232,"ISSUED_COMMON_SHARES":154110000,"HK_COMMON_SHARES":154110000,"PER_SHARES":250,"TOTAL_MARKET_CAP":238870500,"HKSK_MARKET_CAP":238870500,"PE_TTM":-0.706779779749,"PB_TTM":0.240181037722,"REPORT_DATE_SQ":"2022-12-31 00:00:00","REPORT_TYPE_SQ":"2022年年报","OPERATE_INCOME_SQ":1783883000,"DPS_HKD":null,"OPERATE_INCOME_QOQ_SQ":-20.312490228259,"NET_PROFIT_RATIO_SQ":5.9754479414,"HOLDER_PROFIT_SQ":93385000,"HOLDER_PROFIT_QOQ_SQ":190.229668492807,"ROE_AVG_SQ":7.269781809236,"PE_TTM_SQ":-3.130210268762,"PB_TTM_SQ":0.14625151176,"ROA_SQ":4.179286162618,"START_DATE":"2023-01-01 00:00:00","FISCAL_YEAR":"12-31","CURRENCY":"HKD","IS_CNY_CODE":0,"DPS_HKD_LY":null,"ORG_TYPE":"一般企业","PREMIUM_INCOME":null,"PREMIUM_INCOME_YOY":null,"NET_INTEREST_INCOME":null,"NET_INTEREST_INCOME_YOY":null,"FEE_COMMISSION_INCOME":null,"FEE_COMMISSION_INCOME_YOY":null,"ACCOUNTS_RECE_TDAYS":2.93565347428,"INVENTORY_TDAYS":null,"CURRENT_ASSETS_TDAYS":1.600605713241,"TOTAL_ASSETS_TDAYS":0.880099180364,"PREMIUM_EXPENSE":null,"LOAN_DEPOSIT":null,"LOAN_EQUITY":null,"LOAN_ASSETS":null,"DEPOSIT_EQUITY":null,"DEPOSIT_ASSETS":null,"EQUITY_MULTIPLIER":1.946452120363,"EQUITY_RATIO":1.023363431931},{"SECUCODE":"02168.HK","SECURITY_CODE":"02168","SECURITY_NAME_ABBR":"佳兆业美好","ORG_CODE":"10946026","STD_REPORT_DATE":"2023-06-30 00:00:00","REPORT_DATE":"2023-06-30 00:00:00","DATE_TYPE_CODE":"002","REPORT_TYPE":"2023年中报","PER_NETCASH_OPERATE":0.010051262086,"PER_OI":5.710258905976,"BPS":8.006170916878,"BASIC_EPS":-0.66,"DILUTED_EPS":-0.66,"OPERATE_INCOME":880008000,"OPERATE_INCOME_YOY":-1.9082025176,"GROSS_PROFIT":245319000,"GROSS_PROFIT_YOY":9.491992930213,"HOLDER_PROFIT":-101410000,"HOLDER_PROFIT_YOY":-307.756289437,"GROSS_PROFIT_RATIO":27.876905664494,"EPS_TTM":-0.36880799429,"OPERATE_INCOME_QOQ":-0.959648138359,"NET_PROFIT_RATIO":-11.0146725939,"ROE_AVG":-7.898030437908,"GROSS_PROFIT_QOQ":4.514261091429,"ROA":-4.606472727851,"HOLDER_PROFIT_QOQ":-160.86309364459,"ROE_YEARLY":-15.796060875816,"ROIC_YEARLY":-10.690189792772,"TOTAL_ASSETS":2154271000,"TOTAL_LIABILITIES":853149000,"TAX_EBT":25.369571912535,"OCF_SALES":0.176021127081,"TOTAL_PARENT_EQUITY":1233831000,"DEBT_ASSET_RATIO":39.6026776575,"OPERATE_PROFIT":-118256000,"PRETAX_PROFIT":-129880000,"NETCASH_OPERATE":-2537000,"NETCASH_INVEST":-10651000,"NETCASH_FINANCE":-2926000,"END_CASH":231206000,"DIVI_RATIO":null,"DIVIDEND_RATE":null,"CURRENT_RATIO":1.441038899025,"COMMON_ACS":500000000,"CURRENTDEBT_DEBT":97.204708673397,"ISSUED_COMMON_SHARES":154110000,"HK_COMMON_SHARES":154110000,"PER_SHARES":250,"TOTAL_MARKET_CAP":238870500,"HKSK_MARKET_CAP":238870500,"PE_TTM":-0.706779779749,"PB_TTM":0.240181037722,"REPORT_DATE_SQ":"2022-06-30 00:00:00","REPORT_TYPE_SQ":"2022年中报","OPERATE_INCOME_SQ":897127000,"DPS_HKD":null,"OPERATE_INCOME_QOQ_SQ":-16.045438862303,"NET_PROFIT_RATIO_SQ":6.2624355303,"HOLDER_PROFIT_SQ":48812000,"HOLDER_PROFIT_QOQ_SQ":-282.193782346935,"ROE_AVG_SQ":3.868728583074,"PE_TTM_SQ":-3.130210268762,"PB_TTM_SQ":0.14625151176,"ROA_SQ":2.215640482691,"START_DATE":"2023-01-01 00:00:00","FISCAL_YEAR":"12-31","CURRENCY":"HKD","IS_CNY_CODE":0,"DPS_HKD_LY":null,"ORG_TYPE":"一般企业","PREMIUM_INCOME":null,"PREMIUM_INCOME_YOY":null,"NET_INTEREST_INCOME":null,"NET_INTEREST_INCOME_YOY":null,"FEE_COMMISSION_INCOME":null,"FEE_COMMISSION_INCOME_YOY":null,"ACCOUNTS_RECE_TDAYS":1.142928389693,"INVENTORY_TDAYS":null,"CURRENT_ASSETS_TDAYS":0.69419602182,"TOTAL_ASSETS_TDAYS":0.399736993619,"PREMIUM_EXPENSE":null,"LOAN_DEPOSIT":null,"LOAN_EQUITY":null,"LOAN_ASSETS":null,"DEPOSIT_EQUITY":null,"DEPOSIT_ASSETS":null,"EQUITY_MULTIPLIER":1.655702539807,"EQUITY_RATIO":0.691463417599},{"SECUCODE":"02168.HK","SECURITY_CODE":"02168","SECURITY_NAME_ABBR":"佳兆业美好","ORG_CODE":"10946026","STD_REPORT_DATE":"2022-12-31 00:00:00","REPORT_DATE":"2022-12-31 00:00:00","DATE_TYPE_CODE":"001","REPORT_TYPE":"2022年年报","PER_NETCASH_OPERATE":-0.46082668224,"PER_OI":11.575387710077,"BPS":8.657134514308,"BASIC_EPS":0.61,"DILUTED_EPS":0.61,"OPERATE_INCOME":1783883000,"OPERATE_INCOME_YOY":-33.0987008896,"GROSS_PROFIT":471107000,"GROSS_PROFIT_YOY":-40.282976654806,"HOLDER_PROFIT":93385000,"HOLDER_PROFIT_YOY":64.3928458261,"GROSS_PROFIT_RATIO":26.40907503463,"EPS_TTM":0.605963272987,"OPERATE_INCOME_QOQ":-20.312490228259,"NET_PROFIT_RATIO":5.9754479414,"ROE_AVG":7.269781809236,"GROSS_PROFIT_QOQ":-18.869493936398,"ROA":4.179286162618,"HOLDER_PROFIT_QOQ":190.229668492807,"ROE_YEARLY":7.269781809236,"ROIC_YEARLY":4.981774127209,"TOTAL_ASSETS":2248664000,"TOTAL_LIABILITIES":851902000,"TAX_EBT":23.263263983875,"OCF_SALES":-3.981090688122,"TOTAL_PARENT_EQUITY":1334151000,"DEBT_ASSET_RATIO":37.8848062672,"OPERATE_PROFIT":130365000,"PRETAX_PROFIT":138910000,"NETCASH_OPERATE":-71203000,"NETCASH_INVEST":-29834000,"NETCASH_FINANCE":-9638000,"END_CASH":247320000,"DIVI_RATIO":null,"DIVIDEND_RATE":null,"CURRENT_RATIO":1.651726130985,"COMMON_ACS":500000000,"CURRENTDEBT_DEBT":95.250275266404,"ISSUED_COMMON_SHARES":154110000,"HK_COMMON_SHARES":154110000,"PER_SHARES":250,"TOTAL_MARKET_CAP":238870500,"HKSK_MARKET_CAP":238870500,"PE_TTM":-0.706779779749,"PB_TTM":0.240181037722,"REPORT_DATE_SQ":"2021-12-31 00:00:00","REPORT_TYPE_SQ":"2021年年报","OPERATE_INCOME_SQ":2666440000,"DPS_HKD":null,"OPERATE_INCOME_QOQ_SQ":15.224793874129,"NET_PROFIT_RATIO_SQ":2.5547546541,"HOLDER_PROFIT_SQ":56806000,"HOLDER_PROFIT_QOQ_SQ":-81.791372971379,"ROE_AVG_SQ":4.569271036938,"PE_TTM_SQ":-3.130210268762,"PB_TTM_SQ":0.14625151176,"ROA_SQ":2.707940602258,"START_DATE":"2022-01-01 00:00:00","FISCAL_YEAR":"12-31","CURRENCY":"HKD","IS_CNY_CODE":0,"DPS_HKD_LY":null,"ORG_TYPE":"一般企业","PREMIUM_INCOME":null,"PREMIUM_INCOME_YOY":null,"NET_INTEREST_INCOME":null,"NET_INTEREST_INCOME_YOY":null,"FEE_COMMISSION_INCOME":null,"FEE_COMMISSION_INCOME_YOY":null,"ACCOUNTS_RECE_TDAYS":2.276281353557,"INVENTORY_TDAYS":null,"CURRENT_ASSETS_TDAYS":1.338331147649,"TOTAL_ASSETS_TDAYS":0.798346365865,"PREMIUM_EXPENSE":null,"LOAN_DEPOSIT":null,"LOAN_EQUITY":null,"LOAN_ASSETS":null,"DEPOSIT_EQUITY":null,"DEPOSIT_ASSETS":null,"EQUITY_MULTIPLIER":1.609912068055,"EQUITY_RATIO":0.638534918461},{"SECUCODE":"02168.HK","SECURITY_CODE":"02168","SECURITY_NAME_ABBR":"佳兆业美好","ORG_CODE":"10946026","STD_REPORT_DATE":"2022-06-30 00:00:00","REPORT_DATE":"2022-06-30 00:00:00","DATE_TYPE_CODE":"002","REPORT_TYPE":"2022年中报","PER_NETCASH_OPERATE":-0.844598014405,"PER_OI":5.821341898644,"BPS":8.360495749789,"BASIC_EPS":0.32,"DILUTED_EPS":0.32,"OPERATE_INCOME":897127000,"OPERATE_INCOME_YOY":-32.2907177451,"GROSS_PROFIT":224052000,"GROSS_PROFIT_YOY":-48.168865508602,"HOLDER_PROFIT":48812000,"HOLDER_PROFIT_YOY":-76.6578198599,"GROSS_PROFIT_RATIO":24.974390470914,"EPS_TTM":-0.671578742457,"OPERATE_INCOME_QOQ":-16.045438862303,"NET_PROFIT_RATIO":6.2624355303,"ROE_AVG":3.868728583074,"GROSS_PROFIT_QOQ":-26.393872979938,"ROA":2.215640482691,"HOLDER_PROFIT_QOQ":-282.193782346935,"ROE_YEARLY":7.737457166148,"ROIC_YEARLY":5.219165774967,"TOTAL_ASSETS":2185849000,"TOTAL_LIABILITIES":838442000,"TAX_EBT":25.826468103084,"OCF_SALES":-14.508648162412,"TOTAL_PARENT_EQUITY":1288436000,"DEBT_ASSET_RATIO":38.3577273636,"OPERATE_PROFIT":68167000,"PRETAX_PROFIT":75744000,"NETCASH_OPERATE":-130161000,"NETCASH_INVEST":-26568000,"NETCASH_FINANCE":-5036000,"END_CASH":196230000,"DIVI_RATIO":null,"DIVIDEND_RATE":null,"CURRENT_RATIO":1.612294369903,"COMMON_ACS":500000000,"CURRENTDEBT_DEBT":95.006690981606,"ISSUED_COMMON_SHARES":154110000,"HK_COMMON_SHARES":154110000,"PER_SHARES":250,"TOTAL_MARKET_CAP":238870500,"HKSK_MARKET_CAP":238870500,"PE_TTM":-0.706779779749,"PB_TTM":0.240181037722,"REPORT_DATE_SQ":"2021-06-30 00:00:00","REPORT_TYPE_SQ":"2021年中报","OPERATE_INCOME_SQ":1324969000,"DPS_HKD":null,"OPERATE_INCOME_QOQ_SQ":33.752642113483,"NET_PROFIT_RATIO_SQ":16.3371369443,"HOLDER_PROFIT_SQ":209115000,"HOLDER_PROFIT_QOQ_SQ":40.559402751058,"ROE_AVG_SQ":15.893923461541,"PE_TTM_SQ":-3.130210268762,"PB_TTM_SQ":0.14625151176,"ROA_SQ":9.698226386095,"START_DATE":"2022-01-01 00:00:00","FISCAL_YEAR":"12-31","CURRENCY":"HKD","IS_CNY_CODE":0,"DPS_HKD_LY":null,"ORG_TYPE":"一般企业","PREMIUM_INCOME":null,"PREMIUM_INCOME_YOY":null,"NET_INTEREST_INCOME":null,"NET_INTEREST_INCOME_YOY":null,"FEE_COMMISSION_INCOME":null,"FEE_COMMISSION_INCOME_YOY":null,"ACCOUNTS_RECE_TDAYS":1.131493182993,"INVENTORY_TDAYS":null,"CURRENT_ASSETS_TDAYS":0.687487355702,"TOTAL_ASSETS_TDAYS":0.407217671744,"PREMIUM_EXPENSE":null,"LOAN_DEPOSIT":null,"LOAN_EQUITY":null,"LOAN_ASSETS":null,"DEPOSIT_EQUITY":null,"DEPOSIT_ASSETS":null,"EQUITY_MULTIPLIER":1.622263354725,"EQUITY_RATIO":0.650744002807},{"SECUCODE":"02168.HK","SECURITY_CODE":"02168","SECURITY_NAME_ABBR":"佳兆业美好","ORG_CODE":"10946026","STD_REPORT_DATE":"2021-12-31 00:00:00","REPORT_DATE":"2021-12-31 00:00:00","DATE_TYPE_CODE":"001","REPORT_TYPE":"2021年年报","PER_NETCASH_OPERATE":-1.835169683992,"PER_OI":17.302186749724,"BPS":8.013607163714,"BASIC_EPS":0.37,"DILUTED_EPS":0.36,"OPERATE_INCOME":2666440000,"OPERATE_INCOME_YOY":54.1162061765,"GROSS_PROFIT":788899000,"GROSS_PROFIT_YOY":49.514914553322,"HOLDER_PROFIT":56806000,"HOLDER_PROFIT_YOY":-74.4060625994,"GROSS_PROFIT_RATIO":29.586227329323,"EPS_TTM":0.368606839271,"OPERATE_INCOME_QOQ":15.224793874129,"NET_PROFIT_RATIO":2.5547546541,"ROE_AVG":4.569271036938,"GROSS_PROFIT_QOQ":11.205101711425,"ROA":2.707940602258,"HOLDER_PROFIT_QOQ":-81.791372971379,"ROE_YEARLY":4.569271036938,"ROIC_YEARLY":4.153929234906,"TOTAL_ASSETS":2220281000,"TOTAL_LIABILITIES":933351000,"TAX_EBT":49.558681969641,"OCF_SALES":-10.606576559008,"TOTAL_PARENT_EQUITY":1234977000,"DEBT_ASSET_RATIO":42.0375168729,"OPERATE_PROFIT":392746000,"PRETAX_PROFIT":135050000,"NETCASH_OPERATE":-282818000,"NETCASH_INVEST":-289250000,"NETCASH_FINANCE":-88744000,"END_CASH":357995000,"DIVI_RATIO":null,"DIVIDEND_RATE":null,"CURRENT_RATIO":1.513256838474,"COMMON_ACS":500000000,"CURRENTDEBT_DEBT":93.85140209846,"ISSUED_COMMON_SHARES":154110000,"HK_COMMON_SHARES":154110000,"PER_SHARES":250,"TOTAL_MARKET_CAP":238870500,"HKSK_MARKET_CAP":238870500,"PE_TTM":-0.706779779749,"PB_TTM":0.240181037722,"REPORT_DATE_SQ":"2020-12-31 00:00:00","REPORT_TYPE_SQ":"2020年年报","OPERATE_INCOME_SQ":1730149000,"DPS_HKD":null,"OPERATE_INCOME_QOQ_SQ":19.773529837309,"NET_PROFIT_RATIO_SQ":13.2661984604,"HOLDER_PROFIT_SQ":221951000,"HOLDER_PROFIT_QOQ_SQ":15.402333513581,"ROE_AVG_SQ":23.169069770476,"PE_TTM_SQ":-3.130210268762,"PB_TTM_SQ":0.14625151176,"ROA_SQ":13.579901713648,"START_DATE":"2021-01-01 00:00:00","FISCAL_YEAR":"12-31","CURRENCY":"HKD","IS_CNY_CODE":0,"DPS_HKD_LY":0.69,"ORG_TYPE":"一般企业","PREMIUM_INCOME":null,"PREMIUM_INCOME_YOY":null,"NET_INTEREST_INCOME":null,"NET_INTEREST_INCOME_YOY":null,"FEE_COMMISSION_INCOME":null,"FEE_COMMISSION_INCOME_YOY":null,"ACCOUNTS_RECE_TDAYS":4.678227549617,"INVENTORY_TDAYS":null,"CURRENT_ASSETS_TDAYS":1.689999087323,"TOTAL_ASSETS_TDAYS":1.27109128252,"PREMIUM_EXPENSE":null,"LOAN_DEPOSIT":null,"LOAN_EQUITY":null,"LOAN_ASSETS":null,"DEPOSIT_EQUITY":null,"DEPOSIT_ASSETS":null,"EQUITY_MULTIPLIER":1.725253898815,"EQUITY_RATIO":0.755763872526},{"SECUCODE":"02168.HK","SECURITY_CODE":"02168","SECURITY_NAME_ABBR":"佳兆业美好","ORG_CODE":"10946026","STD_REPORT_DATE":"2021-06-30 00:00:00","REPORT_DATE":"2021-06-30 00:00:00","DATE_TYPE_CODE":"002","REPORT_TYPE":"2021年中报","PER_NETCASH_OPERATE":0.605230030498,"PER_OI":8.597553695412,"BPS":8.954149633379,"BASIC_EPS":1.36,"DILUTED_EPS":1.34,"OPERATE_INCOME":1324969000,"OPERATE_INCOME_YOY":78.8087147334,"GROSS_PROFIT":432273000,"GROSS_PROFIT_YOY":72.562005245446,"HOLDER_PROFIT":209115000,"HOLDER_PROFIT_YOY":75.5896652196,"GROSS_PROFIT_RATIO":32.625140663668,"EPS_TTM":2.024352735059,"OPERATE_INCOME_QOQ":33.752642113483,"NET_PROFIT_RATIO":16.3371369443,"ROE_AVG":15.893923461541,"GROSS_PROFIT_QOQ":34.449690034285,"ROA":9.698226386095,"HOLDER_PROFIT_QOQ":40.559402751058,"ROE_YEARLY":31.787846923082,"ROIC_YEARLY":37.30863634762,"TOTAL_ASSETS":2337206000,"TOTAL_LIABILITIES":907626000,"TAX_EBT":25.911043417247,"OCF_SALES":7.039560925576,"TOTAL_PARENT_EQUITY":1379924000,"DEBT_ASSET_RATIO":38.8338041234,"OPERATE_PROFIT":313781000,"PRETAX_PROFIT":292165000,"NETCASH_OPERATE":93272000,"NETCASH_INVEST":-139139000,"NETCASH_FINANCE":-2675000,"END_CASH":970265000,"DIVI_RATIO":null,"DIVIDEND_RATE":null,"CURRENT_RATIO":2.347761630605,"COMMON_ACS":500000000,"CURRENTDEBT_DEBT":93.790504018175,"ISSUED_COMMON_SHARES":154110000,"HK_COMMON_SHARES":154110000,"PER_SHARES":250,"TOTAL_MARKET_CAP":238870500,"HKSK_MARKET_CAP":238870500,"PE_TTM":-0.706779779749,"PB_TTM":0.240181037722,"REPORT_DATE_SQ":"2020-06-30 00:00:00","REPORT_TYPE_SQ":"2020年中报","OPERATE_INCOME_SQ":740998000,"DPS_HKD":null,"OPERATE_INCOME_QOQ_SQ":14.470774041551,"NET_PROFIT_RATIO_SQ":16.6240664617,"HOLDER_PROFIT_SQ":119093000,"HOLDER_PROFIT_QOQ_SQ":17.346154315489,"ROE_AVG_SQ":13.227404216469,"PE_TTM_SQ":-3.130210268762,"PB_TTM_SQ":0.14625151176,"ROA_SQ":7.74020247896,"START_DATE":"2021-01-01 00:00:00","FISCAL_YEAR":"12-31","CURRENCY":"HKD","IS_CNY_CODE":0,"DPS_HKD_LY":0.69,"ORG_TYPE":"一般企业","PREMIUM_INCOME":null,"PREMIUM_INCOME_YOY":null,"NET_INTEREST_INCOME":null,"NET_INTEREST_INCOME_YOY":null,"FEE_COMMISSION_INCOME":null,"FEE_COMMISSION_INCOME_YOY":null,"ACCOUNTS_RECE_TDAYS":2.688166414582,"INVENTORY_TDAYS":null,"CURRENT_ASSETS_TDAYS":0.692148785694,"TOTAL_ASSETS_TDAYS":0.614487211178,"PREMIUM_EXPENSE":null,"LOAN_DEPOSIT":null,"LOAN_EQUITY":null,"LOAN_ASSETS":null,"DEPOSIT_EQUITY":null,"DEPOSIT_ASSETS":null,"EQUITY_MULTIPLIER":1.634889967683,"EQUITY_RATIO":0.657736223154},{"SECUCODE":"02168.HK","SECURITY_CODE":"02168","SECURITY_NAME_ABBR":"佳兆业美好","ORG_CODE":"10946026","STD_REPORT_DATE":"2020-12-31 00:00:00","REPORT_DATE":"2020-12-31 00:00:00","DATE_TYPE_CODE":"001","REPORT_TYPE":"2020年年报","PER_NETCASH_OPERATE":1.184357142857,"PER_OI":11.234733766234,"BPS":8.120556745182,"BASIC_EPS":1.51,"DILUTED_EPS":1.48,"OPERATE_INCOME":1730149000,"OPERATE_INCOME_YOY":37.1056867017,"GROSS_PROFIT":527639000,"GROSS_PROFIT_YOY":39.435428674114,"HOLDER_PROFIT":221951000,"HOLDER_PROFIT_YOY":35.4202003685,"GROSS_PROFIT_RATIO":30.496737564221,"EPS_TTM":1.44124025974,"OPERATE_INCOME_QOQ":19.773529837309,"NET_PROFIT_RATIO":13.2661984604,"ROE_AVG":23.169069770476,"GROSS_PROFIT_QOQ":20.567925269864,"ROA":13.579901713648,"HOLDER_PROFIT_QOQ":15.402333513581,"ROE_YEARLY":23.169069770476,"ROIC_YEARLY":30.827105786011,"TOTAL_ASSETS":1975232000,"TOTAL_LIABILITIES":692064000,"TAX_EBT":26.571737516955,"OCF_SALES":10.54192442385,"TOTAL_PARENT_EQUITY":1251459000,"DEBT_ASSET_RATIO":35.0370994395,"OPERATE_PROFIT":315442000,"PRETAX_PROFIT":312584000,"NETCASH_OPERATE":181816000,"NETCASH_INVEST":-240195000,"NETCASH_FINANCE":332485000,"END_CASH":1018807000,"DIVI_RATIO":null,"DIVIDEND_RATE":null,"CURRENT_RATIO":2.77515426412,"COMMON_ACS":500000000,"CURRENTDEBT_DEBT":95.283239700375,"ISSUED_COMMON_SHARES":154110000,"HK_COMMON_SHARES":154110000,"PER_SHARES":250,"TOTAL_MARKET_CAP":238870500,"HKSK_MARKET_CAP":238870500,"PE_TTM":-0.706779779749,"PB_TTM":0.240181037722,"REPORT_DATE_SQ":"2019-12-31 00:00:00","REPORT_TYPE_SQ":"2019年年报","OPERATE_INCOME_SQ":1261909000,"DPS_HKD":null,"OPERATE_INCOME_QOQ_SQ":21.123806671696,"NET_PROFIT_RATIO_SQ":13.2393857243,"HOLDER_PROFIT_SQ":163898000,"HOLDER_PROFIT_QOQ_SQ":35.595211502982,"ROE_AVG_SQ":27.988046448087,"PE_TTM_SQ":-3.130210268762,"PB_TTM_SQ":0.14625151176,"ROA_SQ":13.961569013287,"START_DATE":"2020-01-01 00:00:00","FISCAL_YEAR":"12-31","CURRENCY":"HKD","IS_CNY_CODE":0,"DPS_HKD_LY":0.52,"ORG_TYPE":"一般企业","PREMIUM_INCOME":null,"PREMIUM_INCOME_YOY":null,"NET_INTEREST_INCOME":null,"NET_INTEREST_INCOME_YOY":null,"FEE_COMMISSION_INCOME":null,"FEE_COMMISSION_INCOME_YOY":null,"ACCOUNTS_RECE_TDAYS":5.248720924059,"INVENTORY_TDAYS":null,"CURRENT_ASSETS_TDAYS":1.160059701052,"TOTAL_ASSETS_TDAYS":1.058578396582,"PREMIUM_EXPENSE":null,"LOAN_DEPOSIT":null,"LOAN_EQUITY":null,"LOAN_ASSETS":null,"DEPOSIT_EQUITY":null,"DEPOSIT_ASSETS":null,"EQUITY_MULTIPLIER":1.539340133171,"EQUITY_RATIO":0.55300573171},{"SECUCODE":"02168.HK","SECURITY_CODE":"02168","SECURITY_NAME_ABBR":"佳兆业美好","ORG_CODE":"10946026","STD_REPORT_DATE":"2020-06-30 00:00:00","REPORT_DATE":"2020-06-30 00:00:00","DATE_TYPE_CODE":"002","REPORT_TYPE":"2020年中报","PER_NETCASH_OPERATE":0.244948051948,"PER_OI":4.811675324675,"BPS":7.372883005645,"BASIC_EPS":0.85,"DILUTED_EPS":0.83,"OPERATE_INCOME":740998000,"OPERATE_INCOME_YOY":32.7025913788,"GROSS_PROFIT":250503000,"GROSS_PROFIT_YOY":30.95730999655,"HOLDER_PROFIT":119093000,"HOLDER_PROFIT_YOY":31.3578857969,"GROSS_PROFIT_RATIO":33.806164119201,"EPS_TTM":1.248883116883,"OPERATE_INCOME_QOQ":14.470774041551,"NET_PROFIT_RATIO":16.6240664617,"ROE_AVG":13.227404216469,"GROSS_PROFIT_QOQ":15.648857987743,"ROA":7.74020247896,"HOLDER_PROFIT_QOQ":17.346154315489,"ROE_YEARLY":26.454808432938,"ROIC_YEARLY":44.31363319662,"TOTAL_ASSETS":1783674000,"TOTAL_LIABILITIES":618362000,"TAX_EBT":23.63665668607,"OCF_SALES":5.090701999196,"TOTAL_PARENT_EQUITY":1136235000,"DEBT_ASSET_RATIO":34.6678821354,"OPERATE_PROFIT":157605000,"PRETAX_PROFIT":161313000,"NETCASH_OPERATE":37722000,"NETCASH_INVEST":-7005000,"NETCASH_FINANCE":410191000,"END_CASH":1194853000,"DIVI_RATIO":null,"DIVIDEND_RATE":null,"CURRENT_RATIO":2.82529621191,"COMMON_ACS":500000000,"CURRENTDEBT_DEBT":96.387876357215,"ISSUED_COMMON_SHARES":154110000,"HK_COMMON_SHARES":154110000,"PER_SHARES":250,"TOTAL_MARKET_CAP":238870500,"HKSK_MARKET_CAP":238870500,"PE_TTM":-0.706779779749,"PB_TTM":0.240181037722,"REPORT_DATE_SQ":"2019-06-30 00:00:00","REPORT_TYPE_SQ":"2019年中报","OPERATE_INCOME_SQ":558390000,"DPS_HKD":null,"OPERATE_INCOME_QOQ_SQ":16.30623107769,"NET_PROFIT_RATIO_SQ":16.400902595,"HOLDER_PROFIT_SQ":90663000,"HOLDER_PROFIT_QOQ_SQ":125.888618949729,"ROE_AVG_SQ":16.746616523299,"PE_TTM_SQ":-3.130210268762,"PB_TTM_SQ":0.14625151176,"ROA_SQ":8.661823174148,"START_DATE":"2020-01-01 00:00:00","FISCAL_YEAR":"12-31","CURRENCY":"HKD","IS_CNY_CODE":0,"DPS_HKD_LY":0.52,"ORG_TYPE":"一般企业","PREMIUM_INCOME":null,"PREMIUM_INCOME_YOY":null,"NET_INTEREST_INCOME":null,"NET_INTEREST_INCOME_YOY":null,"FEE_COMMISSION_INCOME":null,"FEE_COMMISSION_INCOME_YOY":null,"ACCOUNTS_RECE_TDAYS":2.685213168814,"INVENTORY_TDAYS":null,"CURRENT_ASSETS_TDAYS":0.52241508705,"TOTAL_ASSETS_TDAYS":0.481596278245,"PREMIUM_EXPENSE":null,"LOAN_DEPOSIT":null,"LOAN_EQUITY":null,"LOAN_ASSETS":null,"DEPOSIT_EQUITY":null,"DEPOSIT_ASSETS":null,"EQUITY_MULTIPLIER":1.530640721111,"EQUITY_RATIO":0.544220165723}],"count":17},"success":true,"message":"ok","code":0}