{"version":"ad0bdff1c077bec958713744a717956f","result":{"pages":2,"data":[{"SECUCODE":"02169.HK","SECURITY_CODE":"02169","SECURITY_NAME_ABBR":"沧港铁路","ORG_CODE":"10000060630","STD_REPORT_DATE":"2024-06-30 00:00:00","REPORT_DATE":"2024-06-30 00:00:00","DATE_TYPE_CODE":"002","REPORT_TYPE":"2024年中报","PER_NETCASH_OPERATE":0.023214,"PER_OI":0.03301275,"BPS":0.19316175,"BASIC_EPS":0.01,"DILUTED_EPS":0.01,"OPERATE_INCOME":132051000,"OPERATE_INCOME_YOY":-25.9243261437,"GROSS_PROFIT":132051000,"GROSS_PROFIT_YOY":-25.924326143663,"HOLDER_PROFIT":26351000,"HOLDER_PROFIT_YOY":-15.3898022091,"GROSS_PROFIT_RATIO":null,"EPS_TTM":0.01354625,"OPERATE_INCOME_QOQ":-13.240012834911,"NET_PROFIT_RATIO":19.6151486926,"ROE_AVG":3.470437864399,"GROSS_PROFIT_QOQ":-13.240012834911,"ROA":1.937024468432,"HOLDER_PROFIT_QOQ":-8.126759130523,"ROE_YEARLY":6.940875728797,"ROIC_YEARLY":4.509138573318,"TOTAL_ASSETS":1394788000,"TOTAL_LIABILITIES":593460000,"TAX_EBT":22.949698069429,"OCF_SALES":70.318286116728,"TOTAL_PARENT_EQUITY":772647000,"DEBT_ASSET_RATIO":42.5484016209,"OPERATE_PROFIT":49554000,"PRETAX_PROFIT":33617000,"NETCASH_OPERATE":92856000,"NETCASH_INVEST":-32540000,"NETCASH_FINANCE":39951000,"END_CASH":213004000,"DIVI_RATIO":0.439949447855,"DIVIDEND_RATE":0.463126760563,"CURRENT_RATIO":3.097377825359,"COMMON_ACS":40000000000,"CURRENTDEBT_DEBT":22.349947763961,"ISSUED_COMMON_SHARES":4000000000,"HK_COMMON_SHARES":4000000000,"PER_SHARES":2000,"TOTAL_MARKET_CAP":5680000000,"HKSK_MARKET_CAP":5680000000,"PE_TTM":94.392981893884,"PB_TTM":6.709431862157,"REPORT_DATE_SQ":"2023-06-30 00:00:00","REPORT_TYPE_SQ":"2023年中报","OPERATE_INCOME_SQ":178265000,"DPS_HKD":0.0065764,"OPERATE_INCOME_QOQ_SQ":6.678163332634,"NET_PROFIT_RATIO_SQ":17.3847923036,"HOLDER_PROFIT_SQ":31144000,"HOLDER_PROFIT_QOQ_SQ":8.07186086139,"ROE_AVG_SQ":4.142334904798,"PE_TTM_SQ":77.502722596501,"PB_TTM_SQ":7.676789978217,"ROA_SQ":2.334521557632,"START_DATE":"2024-01-01 00:00:00","FISCAL_YEAR":"12-31","CURRENCY":"HKD","IS_CNY_CODE":0,"DPS_HKD_LY":0.0065764,"ORG_TYPE":"一般企业","PREMIUM_INCOME":null,"PREMIUM_INCOME_YOY":null,"NET_INTEREST_INCOME":null,"NET_INTEREST_INCOME_YOY":null,"FEE_COMMISSION_INCOME":null,"FEE_COMMISSION_INCOME_YOY":null,"ACCOUNTS_RECE_TDAYS":1.714680828962,"INVENTORY_TDAYS":null,"CURRENT_ASSETS_TDAYS":0.350550111296,"TOTAL_ASSETS_TDAYS":0.097068808805,"PREMIUM_EXPENSE":null,"LOAN_DEPOSIT":null,"LOAN_EQUITY":null,"LOAN_ASSETS":null,"DEPOSIT_EQUITY":null,"DEPOSIT_ASSETS":null,"EQUITY_MULTIPLIER":1.740595611286,"EQUITY_RATIO":0.768086849493},{"SECUCODE":"02169.HK","SECURITY_CODE":"02169","SECURITY_NAME_ABBR":"沧港铁路","ORG_CODE":"10000060630","STD_REPORT_DATE":"2023-12-31 00:00:00","REPORT_DATE":"2023-12-31 00:00:00","DATE_TYPE_CODE":"001","REPORT_TYPE":"2023年年报","PER_NETCASH_OPERATE":0.053476,"PER_OI":0.349048,"BPS":0.18648775,"BASIC_EPS":0.06,"DILUTED_EPS":0.06,"OPERATE_INCOME":349048000,"OPERATE_INCOME_YOY":4.6840416279,"GROSS_PROFIT":349048000,"GROSS_PROFIT_YOY":4.684041627928,"HOLDER_PROFIT":58978000,"HOLDER_PROFIT_YOY":-13.3644749985,"GROSS_PROFIT_RATIO":null,"EPS_TTM":0.058978,"OPERATE_INCOME_QOQ":-1.869287624017,"NET_PROFIT_RATIO":16.7787811418,"ROE_AVG":7.837472575225,"GROSS_PROFIT_QOQ":-1.869287624017,"ROA":4.45967179695,"HOLDER_PROFIT_QOQ":-19.835261176279,"ROE_YEARLY":7.837472575225,"ROIC_YEARLY":5.173322713832,"TOTAL_ASSETS":1325983000,"TOTAL_LIABILITIES":550902000,"TAX_EBT":30.836817118968,"OCF_SALES":15.320528981687,"TOTAL_PARENT_EQUITY":745951000,"DEBT_ASSET_RATIO":41.546686496,"OPERATE_PROFIT":109546000,"PRETAX_PROFIT":84678000,"NETCASH_OPERATE":53476000,"NETCASH_INVEST":-72448000,"NETCASH_FINANCE":-62520000,"END_CASH":112392000,"DIVI_RATIO":0.101048953983,"DIVIDEND_RATE":0.498212121212,"CURRENT_RATIO":1.316441151492,"COMMON_ACS":40000000000,"CURRENTDEBT_DEBT":47.235079923471,"ISSUED_COMMON_SHARES":4000000000,"HK_COMMON_SHARES":4000000000,"PER_SHARES":2000,"TOTAL_MARKET_CAP":5280000000,"HKSK_MARKET_CAP":5280000000,"PE_TTM":87.745588802765,"PB_TTM":6.236936660597,"REPORT_DATE_SQ":"2022-12-31 00:00:00","REPORT_TYPE_SQ":"2022年年报","OPERATE_INCOME_SQ":333430000,"DPS_HKD":0.0065764,"OPERATE_INCOME_QOQ_SQ":3.082935033296,"NET_PROFIT_RATIO_SQ":20.3709924122,"HOLDER_PROFIT_SQ":68076000,"HOLDER_PROFIT_QOQ_SQ":12.079553499399,"ROE_AVG_SQ":8.876701397106,"PE_TTM_SQ":101.628570114444,"PB_TTM_SQ":10.06650040692,"ROA_SQ":5.234849629567,"START_DATE":"2023-01-01 00:00:00","FISCAL_YEAR":"12-31","CURRENCY":"HKD","IS_CNY_CODE":0,"DPS_HKD_LY":0.0304189,"ORG_TYPE":"一般企业","PREMIUM_INCOME":null,"PREMIUM_INCOME_YOY":null,"NET_INTEREST_INCOME":null,"NET_INTEREST_INCOME_YOY":null,"FEE_COMMISSION_INCOME":null,"FEE_COMMISSION_INCOME_YOY":null,"ACCOUNTS_RECE_TDAYS":4.512550015837,"INVENTORY_TDAYS":null,"CURRENT_ASSETS_TDAYS":1.014835199181,"TOTAL_ASSETS_TDAYS":0.263935623687,"PREMIUM_EXPENSE":null,"LOAN_DEPOSIT":null,"LOAN_EQUITY":null,"LOAN_ASSETS":null,"DEPOSIT_EQUITY":null,"DEPOSIT_ASSETS":null,"EQUITY_MULTIPLIER":1.710767003707,"EQUITY_RATIO":0.738523039717},{"SECUCODE":"02169.HK","SECURITY_CODE":"02169","SECURITY_NAME_ABBR":"沧港铁路","ORG_CODE":"10000060630","STD_REPORT_DATE":"2023-06-30 00:00:00","REPORT_DATE":"2023-06-30 00:00:00","DATE_TYPE_CODE":"002","REPORT_TYPE":"2023年中报","PER_NETCASH_OPERATE":0.044176,"PER_OI":0.178265,"BPS":0.1861545,"BASIC_EPS":0.01,"DILUTED_EPS":0.01,"OPERATE_INCOME":178265000,"OPERATE_INCOME_YOY":14.2739009474,"GROSS_PROFIT":178265000,"GROSS_PROFIT_YOY":14.273900947448,"HOLDER_PROFIT":31144000,"HOLDER_PROFIT_YOY":21.4238371866,"GROSS_PROFIT_RATIO":null,"EPS_TTM":0.073571,"OPERATE_INCOME_QOQ":6.678163332634,"NET_PROFIT_RATIO":17.3847923036,"ROE_AVG":4.142334904798,"GROSS_PROFIT_QOQ":6.678163332634,"ROA":2.334521557632,"HOLDER_PROFIT_QOQ":8.07186086139,"ROE_YEARLY":8.284669809595,"ROIC_YEARLY":5.630563851867,"TOTAL_ASSETS":1349162000,"TOTAL_LIABILITIES":575155000,"TAX_EBT":25.382226181591,"OCF_SALES":24.781084340729,"TOTAL_PARENT_EQUITY":744618000,"DEBT_ASSET_RATIO":42.6305365849,"OPERATE_PROFIT":54468000,"PRETAX_PROFIT":41533000,"NETCASH_OPERATE":44176000,"NETCASH_INVEST":-15408000,"NETCASH_FINANCE":-18697000,"END_CASH":202898000,"DIVI_RATIO":0.081005630044,"DIVIDEND_RATE":0.483558823529,"CURRENT_RATIO":1.604012694361,"COMMON_ACS":40000000000,"CURRENTDEBT_DEBT":40.32200015648,"ISSUED_COMMON_SHARES":4000000000,"HK_COMMON_SHARES":4000000000,"PER_SHARES":2000,"TOTAL_MARKET_CAP":5440000000,"HKSK_MARKET_CAP":5440000000,"PE_TTM":90.404546039213,"PB_TTM":6.425934741221,"REPORT_DATE_SQ":"2022-06-30 00:00:00","REPORT_TYPE_SQ":"2022年中报","OPERATE_INCOME_SQ":155998000,"DPS_HKD":0.0065764,"OPERATE_INCOME_QOQ_SQ":-9.138458945476,"NET_PROFIT_RATIO_SQ":16.4630315773,"HOLDER_PROFIT_SQ":25649000,"HOLDER_PROFIT_QOQ_SQ":-21.519756053441,"ROE_AVG_SQ":3.25311626444,"PE_TTM_SQ":100.628534984166,"PB_TTM_SQ":9.967445052362,"ROA_SQ":1.926154442306,"START_DATE":"2023-01-01 00:00:00","FISCAL_YEAR":"12-31","CURRENCY":"HKD","IS_CNY_CODE":0,"DPS_HKD_LY":0.0304189,"ORG_TYPE":"一般企业","PREMIUM_INCOME":null,"PREMIUM_INCOME_YOY":null,"NET_INTEREST_INCOME":null,"NET_INTEREST_INCOME_YOY":null,"FEE_COMMISSION_INCOME":null,"FEE_COMMISSION_INCOME_YOY":null,"ACCOUNTS_RECE_TDAYS":2.245391509167,"INVENTORY_TDAYS":null,"CURRENT_ASSETS_TDAYS":0.497029921053,"TOTAL_ASSETS_TDAYS":0.133625573295,"PREMIUM_EXPENSE":null,"LOAN_DEPOSIT":null,"LOAN_EQUITY":null,"LOAN_ASSETS":null,"DEPOSIT_EQUITY":null,"DEPOSIT_ASSETS":null,"EQUITY_MULTIPLIER":1.743087594814,"EQUITY_RATIO":0.772416191927},{"SECUCODE":"02169.HK","SECURITY_CODE":"02169","SECURITY_NAME_ABBR":"沧港铁路","ORG_CODE":"10000060630","STD_REPORT_DATE":"2022-12-31 00:00:00","REPORT_DATE":"2022-12-31 00:00:00","DATE_TYPE_CODE":"001","REPORT_TYPE":"2022年年报","PER_NETCASH_OPERATE":0.107655,"PER_OI":0.33343,"BPS":0.18976875,"BASIC_EPS":0.07,"DILUTED_EPS":0.07,"OPERATE_INCOME":333430000,"OPERATE_INCOME_YOY":-6.3372566645,"GROSS_PROFIT":333430000,"GROSS_PROFIT_YOY":-6.337256664513,"HOLDER_PROFIT":68076000,"HOLDER_PROFIT_YOY":-12.0396929995,"GROSS_PROFIT_RATIO":null,"EPS_TTM":0.068076,"OPERATE_INCOME_QOQ":3.082935033296,"NET_PROFIT_RATIO":20.3709924122,"ROE_AVG":8.876701397106,"GROSS_PROFIT_QOQ":3.082935033296,"ROA":5.234849629567,"HOLDER_PROFIT_QOQ":12.079553499399,"ROE_YEARLY":8.876701397106,"ROIC_YEARLY":6.225389155408,"TOTAL_ASSETS":1318965000,"TOTAL_LIABILITIES":530348000,"TAX_EBT":25.467453803274,"OCF_SALES":32.287136730348,"TOTAL_PARENT_EQUITY":759075000,"DEBT_ASSET_RATIO":40.2094066181,"OPERATE_PROFIT":116384000,"PRETAX_PROFIT":91132000,"NETCASH_OPERATE":107655000,"NETCASH_INVEST":-56403000,"NETCASH_FINANCE":-18603000,"END_CASH":193802000,"DIVI_RATIO":0.087544291792,"DIVIDEND_RATE":0.498212121212,"CURRENT_RATIO":1.339992006488,"COMMON_ACS":40000000000,"CURRENTDEBT_DEBT":48.592433647341,"ISSUED_COMMON_SHARES":4000000000,"HK_COMMON_SHARES":4000000000,"PER_SHARES":2000,"TOTAL_MARKET_CAP":5280000000,"HKSK_MARKET_CAP":5280000000,"PE_TTM":87.745588802765,"PB_TTM":6.236936660597,"REPORT_DATE_SQ":"2021-12-31 00:00:00","REPORT_TYPE_SQ":"2021年年报","OPERATE_INCOME_SQ":355990000,"DPS_HKD":0.0065764,"OPERATE_INCOME_QOQ_SQ":-2.800303621063,"NET_PROFIT_RATIO_SQ":21.8427483918,"HOLDER_PROFIT_SQ":77394000,"HOLDER_PROFIT_QOQ_SQ":9.900315242396,"ROE_AVG_SQ":10.217063422652,"PE_TTM_SQ":101.628570114444,"PB_TTM_SQ":10.06650040692,"ROA_SQ":5.95146641198,"START_DATE":"2022-01-01 00:00:00","FISCAL_YEAR":"12-31","CURRENCY":"HKD","IS_CNY_CODE":0,"DPS_HKD_LY":0.038,"ORG_TYPE":"一般企业","PREMIUM_INCOME":null,"PREMIUM_INCOME_YOY":null,"NET_INTEREST_INCOME":null,"NET_INTEREST_INCOME_YOY":null,"FEE_COMMISSION_INCOME":null,"FEE_COMMISSION_INCOME_YOY":null,"ACCOUNTS_RECE_TDAYS":3.662757806278,"INVENTORY_TDAYS":null,"CURRENT_ASSETS_TDAYS":1.048213811348,"TOTAL_ASSETS_TDAYS":0.256398130323,"PREMIUM_EXPENSE":null,"LOAN_DEPOSIT":null,"LOAN_EQUITY":null,"LOAN_ASSETS":null,"DEPOSIT_EQUITY":null,"DEPOSIT_ASSETS":null,"EQUITY_MULTIPLIER":1.672503889722,"EQUITY_RATIO":0.698676678853},{"SECUCODE":"02169.HK","SECURITY_CODE":"02169","SECURITY_NAME_ABBR":"沧港铁路","ORG_CODE":"10000060630","STD_REPORT_DATE":"2022-06-30 00:00:00","REPORT_DATE":"2022-06-30 00:00:00","DATE_TYPE_CODE":"002","REPORT_TYPE":"2022年中报","PER_NETCASH_OPERATE":-0.077292,"PER_OI":0.155998,"BPS":0.2005375,"BASIC_EPS":0.03,"DILUTED_EPS":0.03,"OPERATE_INCOME":155998000,"OPERATE_INCOME_YOY":-17.2556091869,"GROSS_PROFIT":155998000,"GROSS_PROFIT_YOY":-17.255609186867,"HOLDER_PROFIT":25649000,"HOLDER_PROFIT_YOY":-39.3697995461,"GROSS_PROFIT_RATIO":null,"EPS_TTM":0.060739,"OPERATE_INCOME_QOQ":-9.138458945476,"NET_PROFIT_RATIO":16.4630315773,"ROE_AVG":3.25311626444,"GROSS_PROFIT_QOQ":-9.138458945476,"ROA":1.926154442306,"HOLDER_PROFIT_QOQ":-21.519756053441,"ROE_YEARLY":6.50623252888,"ROIC_YEARLY":4.544168068135,"TOTAL_ASSETS":1381322000,"TOTAL_LIABILITIES":549444000,"TAX_EBT":25.643475491473,"OCF_SALES":-49.546789061398,"TOTAL_PARENT_EQUITY":802150000,"DEBT_ASSET_RATIO":39.7766777044,"OPERATE_PROFIT":45124000,"PRETAX_PROFIT":34539000,"NETCASH_OPERATE":-77292000,"NETCASH_INVEST":-10413000,"NETCASH_FINANCE":110414000,"END_CASH":185266000,"DIVI_RATIO":0.098119251354,"DIVIDEND_RATE":0.498212121212,"CURRENT_RATIO":1.879985024194,"COMMON_ACS":40000000000,"CURRENTDEBT_DEBT":38.403731772483,"ISSUED_COMMON_SHARES":4000000000,"HK_COMMON_SHARES":4000000000,"PER_SHARES":2000,"TOTAL_MARKET_CAP":5280000000,"HKSK_MARKET_CAP":5280000000,"PE_TTM":87.745588802765,"PB_TTM":6.236936660597,"REPORT_DATE_SQ":"2021-06-30 00:00:00","REPORT_TYPE_SQ":"2021年中报","OPERATE_INCOME_SQ":188530000,"DPS_HKD":0.0065764,"OPERATE_INCOME_QOQ_SQ":1.320150273602,"NET_PROFIT_RATIO_SQ":22.4972152973,"HOLDER_PROFIT_SQ":42304000,"HOLDER_PROFIT_QOQ_SQ":10.641172681425,"ROE_AVG_SQ":5.56331086959,"PE_TTM_SQ":101.628570114444,"PB_TTM_SQ":10.06650040692,"ROA_SQ":3.248328094652,"START_DATE":"2022-01-01 00:00:00","FISCAL_YEAR":"12-31","CURRENCY":"HKD","IS_CNY_CODE":0,"DPS_HKD_LY":0.038,"ORG_TYPE":"一般企业","PREMIUM_INCOME":null,"PREMIUM_INCOME_YOY":null,"NET_INTEREST_INCOME":null,"NET_INTEREST_INCOME_YOY":null,"FEE_COMMISSION_INCOME":null,"FEE_COMMISSION_INCOME_YOY":null,"ACCOUNTS_RECE_TDAYS":1.600028718832,"INVENTORY_TDAYS":null,"CURRENT_ASSETS_TDAYS":0.453780021497,"TOTAL_ASSETS_TDAYS":0.117149300437,"PREMIUM_EXPENSE":null,"LOAN_DEPOSIT":null,"LOAN_EQUITY":null,"LOAN_ASSETS":null,"DEPOSIT_EQUITY":null,"DEPOSIT_ASSETS":null,"EQUITY_MULTIPLIER":1.660486273228,"EQUITY_RATIO":0.684964158823},{"SECUCODE":"02169.HK","SECURITY_CODE":"02169","SECURITY_NAME_ABBR":"沧港铁路","ORG_CODE":"10000060630","STD_REPORT_DATE":"2021-12-31 00:00:00","REPORT_DATE":"2021-12-31 00:00:00","DATE_TYPE_CODE":"001","REPORT_TYPE":"2021年年报","PER_NETCASH_OPERATE":0.11689,"PER_OI":0.35599,"BPS":0.1936845,"BASIC_EPS":0.08,"DILUTED_EPS":0.08,"OPERATE_INCOME":355990000,"OPERATE_INCOME_YOY":-1.5171215634,"GROSS_PROFIT":355990000,"GROSS_PROFIT_YOY":-1.517121563377,"HOLDER_PROFIT":77394000,"HOLDER_PROFIT_YOY":21.5949975648,"GROSS_PROFIT_RATIO":null,"EPS_TTM":0.077394,"OPERATE_INCOME_QOQ":-2.800303621063,"NET_PROFIT_RATIO":21.8427483918,"ROE_AVG":10.217063422652,"GROSS_PROFIT_QOQ":-2.800303621063,"ROA":5.95146641198,"HOLDER_PROFIT_QOQ":9.900315242396,"ROE_YEARLY":10.217063422652,"ROIC_YEARLY":7.186489466659,"TOTAL_ASSETS":1281912000,"TOTAL_LIABILITIES":477479000,"TAX_EBT":25.781481163321,"OCF_SALES":32.835191999775,"TOTAL_PARENT_EQUITY":774738000,"DEBT_ASSET_RATIO":37.2474085585,"OPERATE_PROFIT":128079000,"PRETAX_PROFIT":104769000,"NETCASH_OPERATE":116890000,"NETCASH_INVEST":-35277000,"NETCASH_FINANCE":-147745000,"END_CASH":160794000,"DIVI_RATIO":0.077004227821,"DIVIDEND_RATE":0.483558823529,"CURRENT_RATIO":1.100105146903,"COMMON_ACS":40000000000,"CURRENTDEBT_DEBT":55.372487585842,"ISSUED_COMMON_SHARES":4000000000,"HK_COMMON_SHARES":4000000000,"PER_SHARES":2000,"TOTAL_MARKET_CAP":5440000000,"HKSK_MARKET_CAP":5440000000,"PE_TTM":90.404546039213,"PB_TTM":6.425934741221,"REPORT_DATE_SQ":"2020-12-31 00:00:00","REPORT_TYPE_SQ":"2020年年报","OPERATE_INCOME_SQ":361474000,"DPS_HKD":0.0065764,"OPERATE_INCOME_QOQ_SQ":-4.093880669879,"NET_PROFIT_RATIO_SQ":17.8588224879,"HOLDER_PROFIT_SQ":63649000,"HOLDER_PROFIT_QOQ_SQ":-9.324158760008,"ROE_AVG_SQ":10.334164896247,"PE_TTM_SQ":100.628534984166,"PB_TTM_SQ":9.967445052362,"ROA_SQ":5.061917005525,"START_DATE":"2021-01-01 00:00:00","FISCAL_YEAR":"12-31","CURRENCY":"HKD","IS_CNY_CODE":0,"DPS_HKD_LY":0.0483,"ORG_TYPE":"一般企业","PREMIUM_INCOME":null,"PREMIUM_INCOME_YOY":null,"NET_INTEREST_INCOME":null,"NET_INTEREST_INCOME_YOY":null,"FEE_COMMISSION_INCOME":null,"FEE_COMMISSION_INCOME_YOY":null,"ACCOUNTS_RECE_TDAYS":3.645794928516,"INVENTORY_TDAYS":null,"CURRENT_ASSETS_TDAYS":1.124669658498,"TOTAL_ASSETS_TDAYS":0.273750229734,"PREMIUM_EXPENSE":null,"LOAN_DEPOSIT":null,"LOAN_EQUITY":null,"LOAN_ASSETS":null,"DEPOSIT_EQUITY":null,"DEPOSIT_ASSETS":null,"EQUITY_MULTIPLIER":1.593559687383,"EQUITY_RATIO":0.616310288123},{"SECUCODE":"02169.HK","SECURITY_CODE":"02169","SECURITY_NAME_ABBR":"沧港铁路","ORG_CODE":"10000060630","STD_REPORT_DATE":"2021-06-30 00:00:00","REPORT_DATE":"2021-06-30 00:00:00","DATE_TYPE_CODE":"002","REPORT_TYPE":"2021年中报","PER_NETCASH_OPERATE":0.057481,"PER_OI":0.18853,"BPS":0.195141,"BASIC_EPS":0.04,"DILUTED_EPS":0.04,"OPERATE_INCOME":188530000,"OPERATE_INCOME_YOY":2.5968937407,"GROSS_PROFIT":188530000,"GROSS_PROFIT_YOY":2.596893740681,"HOLDER_PROFIT":42304000,"HOLDER_PROFIT_YOY":19.0622273508,"GROSS_PROFIT_RATIO":null,"EPS_TTM":0.070422,"OPERATE_INCOME_QOQ":1.320150273602,"NET_PROFIT_RATIO":22.4972152973,"ROE_AVG":5.56331086959,"GROSS_PROFIT_QOQ":1.320150273602,"ROA":3.248328094652,"HOLDER_PROFIT_QOQ":10.641172681425,"ROE_YEARLY":11.126621739179,"ROIC_YEARLY":7.863778039363,"TOTAL_ASSETS":1285737000,"TOTAL_LIABILITIES":475732000,"TAX_EBT":25.633832450819,"OCF_SALES":30.489046836047,"TOTAL_PARENT_EQUITY":780564000,"DEBT_ASSET_RATIO":37.0007240983,"OPERATE_PROFIT":69015000,"PRETAX_PROFIT":57034000,"NETCASH_OPERATE":57481000,"NETCASH_INVEST":-29801000,"NETCASH_FINANCE":-85919000,"END_CASH":166907000,"DIVI_RATIO":0.084627889126,"DIVIDEND_RATE":0.483558823529,"CURRENT_RATIO":1.933575954842,"COMMON_ACS":40000000000,"CURRENTDEBT_DEBT":32.806916499205,"ISSUED_COMMON_SHARES":4000000000,"HK_COMMON_SHARES":4000000000,"PER_SHARES":2000,"TOTAL_MARKET_CAP":5440000000,"HKSK_MARKET_CAP":5440000000,"PE_TTM":90.404546039213,"PB_TTM":6.425934741221,"REPORT_DATE_SQ":"2020-06-30 00:00:00","REPORT_TYPE_SQ":"2020年中报","OPERATE_INCOME_SQ":183758000,"DPS_HKD":0.0065764,"OPERATE_INCOME_QOQ_SQ":0,"NET_PROFIT_RATIO_SQ":19.6911154888,"HOLDER_PROFIT_SQ":35531000,"HOLDER_PROFIT_QOQ_SQ":0,"ROE_AVG_SQ":null,"PE_TTM_SQ":100.628534984166,"PB_TTM_SQ":9.967445052362,"ROA_SQ":null,"START_DATE":"2021-01-01 00:00:00","FISCAL_YEAR":"12-31","CURRENCY":"HKD","IS_CNY_CODE":0,"DPS_HKD_LY":0.0483,"ORG_TYPE":"一般企业","PREMIUM_INCOME":null,"PREMIUM_INCOME_YOY":null,"NET_INTEREST_INCOME":null,"NET_INTEREST_INCOME_YOY":null,"FEE_COMMISSION_INCOME":null,"FEE_COMMISSION_INCOME_YOY":null,"ACCOUNTS_RECE_TDAYS":1.815389355904,"INVENTORY_TDAYS":null,"CURRENT_ASSETS_TDAYS":0.58551780576,"TOTAL_ASSETS_TDAYS":0.144763449245,"PREMIUM_EXPENSE":null,"LOAN_DEPOSIT":null,"LOAN_EQUITY":null,"LOAN_ASSETS":null,"DEPOSIT_EQUITY":null,"DEPOSIT_ASSETS":null,"EQUITY_MULTIPLIER":1.587319831359,"EQUITY_RATIO":0.609472125284},{"SECUCODE":"02169.HK","SECURITY_CODE":"02169","SECURITY_NAME_ABBR":"沧港铁路","ORG_CODE":"10000060630","STD_REPORT_DATE":"2020-12-31 00:00:00","REPORT_DATE":"2020-12-31 00:00:00","DATE_TYPE_CODE":"001","REPORT_TYPE":"2020年年报","PER_NETCASH_OPERATE":0.161124,"PER_OI":0.361474,"BPS":0.18506425,"BASIC_EPS":0.08,"DILUTED_EPS":0.08,"OPERATE_INCOME":361474000,"OPERATE_INCOME_YOY":-4.0938806699,"GROSS_PROFIT":361474000,"GROSS_PROFIT_YOY":-4.093880669879,"HOLDER_PROFIT":63649000,"HOLDER_PROFIT_YOY":-9.32415876,"GROSS_PROFIT_RATIO":null,"EPS_TTM":0.063649,"OPERATE_INCOME_QOQ":-4.093880669879,"NET_PROFIT_RATIO":17.8588224879,"ROE_AVG":10.334164896247,"GROSS_PROFIT_QOQ":3.252030198035,"ROA":5.061917005525,"HOLDER_PROFIT_QOQ":-9.324158760008,"ROE_YEARLY":10.334164896247,"ROIC_YEARLY":5.79667248468,"TOTAL_ASSETS":1318926000,"TOTAL_LIABILITIES":549338000,"TAX_EBT":28.055589608711,"OCF_SALES":44.57416024389,"TOTAL_PARENT_EQUITY":740257000,"DEBT_ASSET_RATIO":41.6504034343,"OPERATE_PROFIT":116815000,"PRETAX_PROFIT":89729000,"NETCASH_OPERATE":161124000,"NETCASH_INVEST":-20591000,"NETCASH_FINANCE":56919000,"END_CASH":227143000,"DIVI_RATIO":0.093633288944,"DIVIDEND_RATE":0.483558823529,"CURRENT_RATIO":1.612977426668,"COMMON_ACS":40000000000,"CURRENTDEBT_DEBT":38.619756870998,"ISSUED_COMMON_SHARES":4000000000,"HK_COMMON_SHARES":4000000000,"PER_SHARES":2000,"TOTAL_MARKET_CAP":5440000000,"HKSK_MARKET_CAP":5440000000,"PE_TTM":90.404546039213,"PB_TTM":6.425934741221,"REPORT_DATE_SQ":"2019-12-31 00:00:00","REPORT_TYPE_SQ":"2019年年报","OPERATE_INCOME_SQ":376904000,"DPS_HKD":0.0065764,"OPERATE_INCOME_QOQ_SQ":-2.580843601136,"NET_PROFIT_RATIO_SQ":18.4386475071,"HOLDER_PROFIT_SQ":70194000,"HOLDER_PROFIT_QOQ_SQ":-14.089540547818,"ROE_AVG_SQ":11.121550559056,"PE_TTM_SQ":100.628534984166,"PB_TTM_SQ":9.967445052362,"ROA_SQ":5.537169057832,"START_DATE":"2020-01-01 00:00:00","FISCAL_YEAR":"12-31","CURRENCY":"HKD","IS_CNY_CODE":0,"DPS_HKD_LY":null,"ORG_TYPE":"一般企业","PREMIUM_INCOME":null,"PREMIUM_INCOME_YOY":null,"NET_INTEREST_INCOME":null,"NET_INTEREST_INCOME_YOY":null,"FEE_COMMISSION_INCOME":null,"FEE_COMMISSION_INCOME_YOY":null,"ACCOUNTS_RECE_TDAYS":3.123884092539,"INVENTORY_TDAYS":null,"CURRENT_ASSETS_TDAYS":1.349841293551,"TOTAL_ASSETS_TDAYS":0.287475276541,"PREMIUM_EXPENSE":null,"LOAN_DEPOSIT":null,"LOAN_EQUITY":null,"LOAN_ASSETS":null,"DEPOSIT_EQUITY":null,"DEPOSIT_ASSETS":null,"EQUITY_MULTIPLIER":1.713807907607,"EQUITY_RATIO":0.742090922477},{"SECUCODE":"02169.HK","SECURITY_CODE":"02169","SECURITY_NAME_ABBR":"沧港铁路","ORG_CODE":"10000060630","STD_REPORT_DATE":"2020-06-30 00:00:00","REPORT_DATE":"2020-06-30 00:00:00","DATE_TYPE_CODE":"002","REPORT_TYPE":"2020年中报","PER_NETCASH_OPERATE":null,"PER_OI":null,"BPS":null,"BASIC_EPS":0.05,"DILUTED_EPS":0.05,"OPERATE_INCOME":183758000,"OPERATE_INCOME_YOY":null,"GROSS_PROFIT":183758000,"GROSS_PROFIT_YOY":null,"HOLDER_PROFIT":35531000,"HOLDER_PROFIT_YOY":null,"GROSS_PROFIT_RATIO":null,"EPS_TTM":null,"OPERATE_INCOME_QOQ":0,"NET_PROFIT_RATIO":19.6911154888,"ROE_AVG":null,"GROSS_PROFIT_QOQ":0,"ROA":null,"HOLDER_PROFIT_QOQ":0,"ROE_YEARLY":null,"ROIC_YEARLY":null,"TOTAL_ASSETS":null,"TOTAL_LIABILITIES":null,"TAX_EBT":28.266127433488,"OCF_SALES":39.818674561108,"TOTAL_PARENT_EQUITY":null,"DEBT_ASSET_RATIO":null,"OPERATE_PROFIT":62739000,"PRETAX_PROFIT":50442000,"NETCASH_OPERATE":73170000,"NETCASH_INVEST":-13262000,"NETCASH_FINANCE":-68885000,"END_CASH":25112000,"DIVI_RATIO":null,"DIVIDEND_RATE":0.483558823529,"CURRENT_RATIO":null,"COMMON_ACS":40000000000,"CURRENTDEBT_DEBT":null,"ISSUED_COMMON_SHARES":4000000000,"HK_COMMON_SHARES":4000000000,"PER_SHARES":2000,"TOTAL_MARKET_CAP":5440000000,"HKSK_MARKET_CAP":5440000000,"PE_TTM":90.404546039213,"PB_TTM":6.425934741221,"REPORT_DATE_SQ":"2019-06-30 00:00:00","REPORT_TYPE_SQ":"2019年中报","OPERATE_INCOME_SQ":null,"DPS_HKD":0.0065764,"OPERATE_INCOME_QOQ_SQ":0,"NET_PROFIT_RATIO_SQ":null,"HOLDER_PROFIT_SQ":null,"HOLDER_PROFIT_QOQ_SQ":0,"ROE_AVG_SQ":null,"PE_TTM_SQ":100.628534984166,"PB_TTM_SQ":9.967445052362,"ROA_SQ":null,"START_DATE":"2020-01-01 00:00:00","FISCAL_YEAR":"12-31","CURRENCY":"HKD","IS_CNY_CODE":0,"DPS_HKD_LY":null,"ORG_TYPE":"一般企业","PREMIUM_INCOME":null,"PREMIUM_INCOME_YOY":null,"NET_INTEREST_INCOME":null,"NET_INTEREST_INCOME_YOY":null,"FEE_COMMISSION_INCOME":null,"FEE_COMMISSION_INCOME_YOY":null,"ACCOUNTS_RECE_TDAYS":null,"INVENTORY_TDAYS":null,"CURRENT_ASSETS_TDAYS":1.900466434311,"TOTAL_ASSETS_TDAYS":0.307315376305,"PREMIUM_EXPENSE":null,"LOAN_DEPOSIT":null,"LOAN_EQUITY":null,"LOAN_ASSETS":null,"DEPOSIT_EQUITY":null,"DEPOSIT_ASSETS":null,"EQUITY_MULTIPLIER":null,"EQUITY_RATIO":null}],"count":13},"success":true,"message":"ok","code":0}