{"version":"75158aae570d3766b9ab5c5a265dcf0e","result":{"pages":2,"data":[{"SECUCODE":"02163.HK","SECURITY_CODE":"02163","SECURITY_NAME_ABBR":"远大住工","ORG_CODE":"10518798","STD_REPORT_DATE":"2024-06-30 00:00:00","REPORT_DATE":"2024-06-30 00:00:00","DATE_TYPE_CODE":"002","REPORT_TYPE":"2024年中报","PER_NETCASH_OPERATE":0.342451819931,"PER_OI":1.731679187531,"BPS":5.320310458917,"BASIC_EPS":-0.62,"DILUTED_EPS":-0.62,"OPERATE_INCOME":844435000,"OPERATE_INCOME_YOY":-10.0938949641,"GROSS_PROFIT":171099000,"GROSS_PROFIT_YOY":-19.12965798877,"HOLDER_PROFIT":-296329000,"HOLDER_PROFIT_YOY":-188.3138742946,"GROSS_PROFIT_RATIO":20.261950298128,"EPS_TTM":-1.198045112844,"OPERATE_INCOME_QOQ":-4.307190462994,"NET_PROFIT_RATIO":-35.692622878,"ROE_AVG":-10.814654667456,"GROSS_PROFIT_QOQ":-7.553427157849,"ROA":-3.535981655266,"HOLDER_PROFIT_QOQ":-49.543470748595,"ROE_YEARLY":-21.629309334911,"ROIC_YEARLY":-7.54547627017,"TOTAL_ASSETS":8079190000,"TOTAL_LIABILITIES":5206137000,"TAX_EBT":1.387248438528,"OCF_SALES":19.775708017787,"TOTAL_PARENT_EQUITY":2594393000,"DEBT_ASSET_RATIO":64.4388484489,"OPERATE_PROFIT":-138405000,"PRETAX_PROFIT":-305641000,"NETCASH_OPERATE":166993000,"NETCASH_INVEST":-35099000,"NETCASH_FINANCE":-415302000,"END_CASH":95007000,"DIVI_RATIO":null,"DIVIDEND_RATE":null,"CURRENT_RATIO":0.790851750649,"COMMON_ACS":null,"CURRENTDEBT_DEBT":74.028535937491,"ISSUED_COMMON_SHARES":487639400,"HK_COMMON_SHARES":309814400,"PER_SHARES":300,"TOTAL_MARKET_CAP":312089216,"HKSK_MARKET_CAP":198281216,"PE_TTM":-0.484388335302,"PB_TTM":0.109789683236,"REPORT_DATE_SQ":"2023-06-30 00:00:00","REPORT_TYPE_SQ":"2023年中报","OPERATE_INCOME_SQ":939241000,"DPS_HKD":null,"OPERATE_INCOME_QOQ_SQ":-0.912965862334,"NET_PROFIT_RATIO_SQ":-11.1786005935,"HOLDER_PROFIT_SQ":-102780000,"HOLDER_PROFIT_QOQ_SQ":27.828760936011,"ROE_AVG_SQ":-3.182822790349,"PE_TTM_SQ":-1.918228916961,"PB_TTM_SQ":0.352090896459,"ROA_SQ":-1.112249669426,"START_DATE":"2024-01-01 00:00:00","FISCAL_YEAR":"12-31","CURRENCY":"HKD","IS_CNY_CODE":0,"DPS_HKD_LY":null,"ORG_TYPE":"一般企业","PREMIUM_INCOME":null,"PREMIUM_INCOME_YOY":null,"NET_INTEREST_INCOME":null,"NET_INTEREST_INCOME_YOY":null,"FEE_COMMISSION_INCOME":null,"FEE_COMMISSION_INCOME_YOY":null,"ACCOUNTS_RECE_TDAYS":0.333292548394,"INVENTORY_TDAYS":2.85506638003,"CURRENT_ASSETS_TDAYS":0.260505713057,"TOTAL_ASSETS_TDAYS":0.10076322834,"PREMIUM_EXPENSE":null,"LOAN_DEPOSIT":null,"LOAN_EQUITY":null,"LOAN_ASSETS":null,"DEPOSIT_EQUITY":null,"DEPOSIT_ASSETS":null,"EQUITY_MULTIPLIER":2.812057417666,"EQUITY_RATIO":2.006687884218},{"SECUCODE":"02163.HK","SECURITY_CODE":"02163","SECURITY_NAME_ABBR":"远大住工","ORG_CODE":"10518798","STD_REPORT_DATE":"2023-12-31 00:00:00","REPORT_DATE":"2023-12-31 00:00:00","DATE_TYPE_CODE":"001","REPORT_TYPE":"2023年年报","PER_NETCASH_OPERATE":1.188734954559,"PER_OI":4.513806718653,"BPS":5.917784740117,"BASIC_EPS":-0.81,"DILUTED_EPS":-0.81,"OPERATE_INCOME":2201110000,"OPERATE_INCOME_YOY":-1.3965510676,"GROSS_PROFIT":535823000,"GROSS_PROFIT_YOY":43.527221589768,"HOLDER_PROFIT":-390665000,"HOLDER_PROFIT_YOY":51.6569526426,"GROSS_PROFIT_RATIO":24.343308603387,"EPS_TTM":-0.801135019033,"OPERATE_INCOME_QOQ":-0.488040851664,"NET_PROFIT_RATIO":-17.7837091286,"ROE_AVG":-12.674424810357,"GROSS_PROFIT_QOQ":33.27637368514,"ROA":-4.315549859644,"HOLDER_PROFIT_QOQ":33.016187633204,"ROE_YEARLY":-12.674424810357,"ROIC_YEARLY":-4.602443495586,"TOTAL_ASSETS":8681587000,"TOTAL_LIABILITIES":5496109000,"TAX_EBT":4.303937962664,"OCF_SALES":26.335530709506,"TOTAL_PARENT_EQUITY":2885745000,"DEBT_ASSET_RATIO":63.3076533127,"OPERATE_PROFIT":-85542000,"PRETAX_PROFIT":-409044000,"NETCASH_OPERATE":579674000,"NETCASH_INVEST":-103858000,"NETCASH_FINANCE":-456403000,"END_CASH":378415000,"DIVI_RATIO":null,"DIVIDEND_RATE":null,"CURRENT_RATIO":0.789001189102,"COMMON_ACS":null,"CURRENTDEBT_DEBT":79.214349642629,"ISSUED_COMMON_SHARES":487639400,"HK_COMMON_SHARES":309814400,"PER_SHARES":300,"TOTAL_MARKET_CAP":409617096,"HKSK_MARKET_CAP":260244096,"PE_TTM":-0.635759690083,"PB_TTM":0.144098959247,"REPORT_DATE_SQ":"2022-12-31 00:00:00","REPORT_TYPE_SQ":"2022年年报","OPERATE_INCOME_SQ":2232285000,"DPS_HKD":null,"OPERATE_INCOME_QOQ_SQ":-16.016018124981,"NET_PROFIT_RATIO_SQ":-36.2440727774,"HOLDER_PROFIT_SQ":-808110000,"HOLDER_PROFIT_QOQ_SQ":-136.009988171902,"ROE_AVG_SQ":-21.754331463694,"PE_TTM_SQ":-1.887413994601,"PB_TTM_SQ":0.346434817801,"ROA_SQ":-8.380083791505,"START_DATE":"2023-01-01 00:00:00","FISCAL_YEAR":"12-31","CURRENCY":"HKD","IS_CNY_CODE":0,"DPS_HKD_LY":null,"ORG_TYPE":"一般企业","PREMIUM_INCOME":null,"PREMIUM_INCOME_YOY":null,"NET_INTEREST_INCOME":null,"NET_INTEREST_INCOME_YOY":null,"FEE_COMMISSION_INCOME":null,"FEE_COMMISSION_INCOME_YOY":null,"ACCOUNTS_RECE_TDAYS":0.812350506005,"INVENTORY_TDAYS":6.662067365296,"CURRENT_ASSETS_TDAYS":0.612306097691,"TOTAL_ASSETS_TDAYS":0.243149500251,"PREMIUM_EXPENSE":null,"LOAN_DEPOSIT":null,"LOAN_EQUITY":null,"LOAN_ASSETS":null,"DEPOSIT_EQUITY":null,"DEPOSIT_ASSETS":null,"EQUITY_MULTIPLIER":2.725363979912,"EQUITY_RATIO":1.904571956289},{"SECUCODE":"02163.HK","SECURITY_CODE":"02163","SECURITY_NAME_ABBR":"远大住工","ORG_CODE":"10518798","STD_REPORT_DATE":"2023-06-30 00:00:00","REPORT_DATE":"2023-06-30 00:00:00","DATE_TYPE_CODE":"002","REPORT_TYPE":"2023年中报","PER_NETCASH_OPERATE":0.64662945611,"PER_OI":1.926097440035,"BPS":6.520277073592,"BASIC_EPS":-0.22,"DILUTED_EPS":-0.22,"OPERATE_INCOME":939241000,"OPERATE_INCOME_YOY":-2.1237551075,"GROSS_PROFIT":211572000,"GROSS_PROFIT_YOY":15.702895142679,"HOLDER_PROFIT":-102780000,"HOLDER_PROFIT_YOY":68.6327887764,"GROSS_PROFIT_RATIO":22.525847998544,"EPS_TTM":-1.196012873447,"OPERATE_INCOME_QOQ":-0.912965862334,"NET_PROFIT_RATIO":-11.1786005935,"ROE_AVG":-3.182822790349,"GROSS_PROFIT_QOQ":7.69142168352,"ROA":-1.112249669426,"HOLDER_PROFIT_QOQ":27.828760936011,"ROE_YEARLY":-6.365645580698,"ROIC_YEARLY":-2.318491293335,"TOTAL_ASSETS":9058056000,"TOTAL_LIABILITIES":5788060000,"TAX_EBT":7.66673701984,"OCF_SALES":33.572001222264,"TOTAL_PARENT_EQUITY":3179544000,"DEBT_ASSET_RATIO":63.8995828686,"OPERATE_PROFIT":-38152000,"PRETAX_PROFIT":-113712000,"NETCASH_OPERATE":315322000,"NETCASH_INVEST":-104593000,"NETCASH_FINANCE":-361381000,"END_CASH":208361000,"DIVI_RATIO":null,"DIVIDEND_RATE":null,"CURRENT_RATIO":0.694705323687,"COMMON_ACS":null,"CURRENTDEBT_DEBT":85.517790071285,"ISSUED_COMMON_SHARES":487639400,"HK_COMMON_SHARES":309814400,"PER_SHARES":300,"TOTAL_MARKET_CAP":409617096,"HKSK_MARKET_CAP":260244096,"PE_TTM":-0.635759690083,"PB_TTM":0.144098959247,"REPORT_DATE_SQ":"2022-06-30 00:00:00","REPORT_TYPE_SQ":"2022年中报","OPERATE_INCOME_SQ":959621000,"DPS_HKD":null,"OPERATE_INCOME_QOQ_SQ":-13.097088086503,"NET_PROFIT_RATIO_SQ":-34.4961187802,"HOLDER_PROFIT_SQ":-327667000,"HOLDER_PROFIT_QOQ_SQ":-1155.92561754094,"ROE_AVG_SQ":-8.276855220899,"PE_TTM_SQ":-1.887413994601,"PB_TTM_SQ":0.346434817801,"ROA_SQ":-3.369880385995,"START_DATE":"2023-01-01 00:00:00","FISCAL_YEAR":"12-31","CURRENCY":"HKD","IS_CNY_CODE":0,"DPS_HKD_LY":null,"ORG_TYPE":"一般企业","PREMIUM_INCOME":null,"PREMIUM_INCOME_YOY":null,"NET_INTEREST_INCOME":null,"NET_INTEREST_INCOME_YOY":null,"FEE_COMMISSION_INCOME":null,"FEE_COMMISSION_INCOME_YOY":null,"ACCOUNTS_RECE_TDAYS":0.34288072583,"INVENTORY_TDAYS":2.711858785034,"CURRENT_ASSETS_TDAYS":0.261148332423,"TOTAL_ASSETS_TDAYS":0.101641417762,"PREMIUM_EXPENSE":null,"LOAN_DEPOSIT":null,"LOAN_EQUITY":null,"LOAN_ASSETS":null,"DEPOSIT_EQUITY":null,"DEPOSIT_ASSETS":null,"EQUITY_MULTIPLIER":2.770051094867,"EQUITY_RATIO":1.820405693395},{"SECUCODE":"02163.HK","SECURITY_CODE":"02163","SECURITY_NAME_ABBR":"远大住工","ORG_CODE":"10518798","STD_REPORT_DATE":"2022-12-31 00:00:00","REPORT_DATE":"2022-12-31 00:00:00","DATE_TYPE_CODE":"001","REPORT_TYPE":"2022年年报","PER_NETCASH_OPERATE":0.86774981677,"PER_OI":4.577737155775,"BPS":6.72397267325,"BASIC_EPS":-1.68,"DILUTED_EPS":-1.68,"OPERATE_INCOME":2232285000,"OPERATE_INCOME_YOY":-27.0154742097,"GROSS_PROFIT":373325000,"GROSS_PROFIT_YOY":-56.346877017053,"HOLDER_PROFIT":-808110000,"HOLDER_PROFIT_YOY":-2592.0899250624,"GROSS_PROFIT_RATIO":16.723895022365,"EPS_TTM":-1.657187667773,"OPERATE_INCOME_QOQ":-16.016018124981,"NET_PROFIT_RATIO":-36.2440727774,"ROE_AVG":-21.754331463694,"GROSS_PROFIT_QOQ":-41.388833067484,"ROA":-8.380083791505,"HOLDER_PROFIT_QOQ":-136.009988171902,"ROE_YEARLY":-21.754331463694,"ROIC_YEARLY":-8.878879778533,"TOTAL_ASSETS":9423406000,"TOTAL_LIABILITIES":6053107000,"TAX_EBT":2.858051928561,"OCF_SALES":18.95586809032,"TOTAL_PARENT_EQUITY":3278874000,"DEBT_ASSET_RATIO":64.2348106407,"OPERATE_PROFIT":-317323000,"PRETAX_PROFIT":-832875000,"NETCASH_OPERATE":423149000,"NETCASH_INVEST":-463948000,"NETCASH_FINANCE":-144629000,"END_CASH":359003000,"DIVI_RATIO":null,"DIVIDEND_RATE":null,"CURRENT_RATIO":0.756664126647,"COMMON_ACS":null,"CURRENTDEBT_DEBT":81.972828169071,"ISSUED_COMMON_SHARES":487639400,"HK_COMMON_SHARES":309814400,"PER_SHARES":300,"TOTAL_MARKET_CAP":409617096,"HKSK_MARKET_CAP":260244096,"PE_TTM":-0.635759690083,"PB_TTM":0.144098959247,"REPORT_DATE_SQ":"2021-12-31 00:00:00","REPORT_TYPE_SQ":"2021年年报","OPERATE_INCOME_SQ":3058573000,"DPS_HKD":null,"OPERATE_INCOME_QOQ_SQ":9.102151920363,"NET_PROFIT_RATIO_SQ":1.030938284,"HOLDER_PROFIT_SQ":32427000,"HOLDER_PROFIT_QOQ_SQ":-88.635742372311,"ROE_AVG_SQ":0.782392961431,"PE_TTM_SQ":-1.887413994601,"PB_TTM_SQ":0.346434817801,"ROA_SQ":0.340365832128,"START_DATE":"2022-01-01 00:00:00","FISCAL_YEAR":"12-31","CURRENCY":"HKD","IS_CNY_CODE":0,"DPS_HKD_LY":null,"ORG_TYPE":"一般企业","PREMIUM_INCOME":null,"PREMIUM_INCOME_YOY":null,"NET_INTEREST_INCOME":null,"NET_INTEREST_INCOME_YOY":null,"FEE_COMMISSION_INCOME":null,"FEE_COMMISSION_INCOME_YOY":null,"ACCOUNTS_RECE_TDAYS":0.783847017653,"INVENTORY_TDAYS":6.162608175328,"CURRENT_ASSETS_TDAYS":0.5689481156,"TOTAL_ASSETS_TDAYS":0.231487487428,"PREMIUM_EXPENSE":null,"LOAN_DEPOSIT":null,"LOAN_EQUITY":null,"LOAN_ASSETS":null,"DEPOSIT_EQUITY":null,"DEPOSIT_ASSETS":null,"EQUITY_MULTIPLIER":2.796014834296,"EQUITY_RATIO":1.846093201508},{"SECUCODE":"02163.HK","SECURITY_CODE":"02163","SECURITY_NAME_ABBR":"远大住工","ORG_CODE":"10518798","STD_REPORT_DATE":"2022-06-30 00:00:00","REPORT_DATE":"2022-06-30 00:00:00","DATE_TYPE_CODE":"002","REPORT_TYPE":"2022年中报","PER_NETCASH_OPERATE":0.365048435381,"PER_OI":1.967890617534,"BPS":7.72522892941,"BASIC_EPS":-0.67,"DILUTED_EPS":-0.67,"OPERATE_INCOME":959621000,"OPERATE_INCOME_YOY":-29.4502666877,"GROSS_PROFIT":182858000,"GROSS_PROFIT_YOY":-54.412461295293,"HOLDER_PROFIT":-327667000,"HOLDER_PROFIT_YOY":-794.72490194,"GROSS_PROFIT_RATIO":19.05523117981,"EPS_TTM":-0.702168446602,"OPERATE_INCOME_QOQ":-13.097088086503,"NET_PROFIT_RATIO":-34.4961187802,"ROE_AVG":-8.276855220899,"GROSS_PROFIT_QOQ":-25.520808972788,"ROA":-3.369880385995,"HOLDER_PROFIT_QOQ":-1155.92561754094,"ROE_YEARLY":-16.553710441798,"ROIC_YEARLY":-7.131920238731,"TOTAL_ASSETS":9583767000,"TOTAL_LIABILITIES":5727620000,"TAX_EBT":2.727195258483,"OCF_SALES":18.550240146891,"TOTAL_PARENT_EQUITY":3767126000,"DEBT_ASSET_RATIO":59.7637651249,"OPERATE_PROFIT":-162890000,"PRETAX_PROFIT":-340313000,"NETCASH_OPERATE":178012000,"NETCASH_INVEST":-329178000,"NETCASH_FINANCE":-45782000,"END_CASH":347249000,"DIVI_RATIO":null,"DIVIDEND_RATE":null,"CURRENT_RATIO":0.939886771679,"COMMON_ACS":null,"CURRENTDEBT_DEBT":69.107185881745,"ISSUED_COMMON_SHARES":487639400,"HK_COMMON_SHARES":309814400,"PER_SHARES":300,"TOTAL_MARKET_CAP":409617096,"HKSK_MARKET_CAP":260244096,"PE_TTM":-0.635759690083,"PB_TTM":0.144098959247,"REPORT_DATE_SQ":"2021-06-30 00:00:00","REPORT_TYPE_SQ":"2021年中报","OPERATE_INCOME_SQ":1360205000,"DPS_HKD":null,"OPERATE_INCOME_QOQ_SQ":11.645416067301,"NET_PROFIT_RATIO_SQ":3.4674920325,"HOLDER_PROFIT_SQ":47165000,"HOLDER_PROFIT_QOQ_SQ":31.846409758802,"ROE_AVG_SQ":1.133168093167,"PE_TTM_SQ":-1.887413994601,"PB_TTM_SQ":0.346434817801,"ROA_SQ":0.50413909258,"START_DATE":"2022-01-01 00:00:00","FISCAL_YEAR":"12-31","CURRENCY":"HKD","IS_CNY_CODE":0,"DPS_HKD_LY":null,"ORG_TYPE":"一般企业","PREMIUM_INCOME":null,"PREMIUM_INCOME_YOY":null,"NET_INTEREST_INCOME":null,"NET_INTEREST_INCOME_YOY":null,"FEE_COMMISSION_INCOME":null,"FEE_COMMISSION_INCOME_YOY":null,"ACCOUNTS_RECE_TDAYS":0.342878652698,"INVENTORY_TDAYS":2.343795119375,"CURRENT_ASSETS_TDAYS":0.24565281973,"TOTAL_ASSETS_TDAYS":0.09869190324,"PREMIUM_EXPENSE":null,"LOAN_DEPOSIT":null,"LOAN_EQUITY":null,"LOAN_ASSETS":null,"DEPOSIT_EQUITY":null,"DEPOSIT_ASSETS":null,"EQUITY_MULTIPLIER":2.485322006654,"EQUITY_RATIO":1.520421668933},{"SECUCODE":"02163.HK","SECURITY_CODE":"02163","SECURITY_NAME_ABBR":"远大住工","ORG_CODE":"10518798","STD_REPORT_DATE":"2021-12-31 00:00:00","REPORT_DATE":"2021-12-31 00:00:00","DATE_TYPE_CODE":"001","REPORT_TYPE":"2021年年报","PER_NETCASH_OPERATE":1.655473286203,"PER_OI":6.27220236921,"BPS":8.511500506317,"BASIC_EPS":0.07,"DILUTED_EPS":0.07,"OPERATE_INCOME":3058573000,"OPERATE_INCOME_YOY":21.8075514499,"GROSS_PROFIT":855208000,"GROSS_PROFIT_YOY":-6.254227125292,"HOLDER_PROFIT":32427000,"HOLDER_PROFIT_YOY":-85.0166343222,"GROSS_PROFIT_RATIO":27.961013191446,"EPS_TTM":0.066497908085,"OPERATE_INCOME_QOQ":9.102151920363,"NET_PROFIT_RATIO":1.030938284,"ROE_AVG":0.782392961431,"GROSS_PROFIT_QOQ":-10.506587415368,"ROA":0.340365832128,"HOLDER_PROFIT_QOQ":-88.635742372311,"ROE_YEARLY":0.782392961431,"ROIC_YEARLY":0.36863789282,"TOTAL_ASSETS":9863036000,"TOTAL_LIABILITIES":5620107000,"TAX_EBT":4.24536896447,"OCF_SALES":26.393811754697,"TOTAL_PARENT_EQUITY":4150543000,"DEBT_ASSET_RATIO":56.9815115751,"OPERATE_PROFIT":157638000,"PRETAX_PROFIT":32930000,"NETCASH_OPERATE":807274000,"NETCASH_INVEST":-525094000,"NETCASH_FINANCE":-556384000,"END_CASH":540656000,"DIVI_RATIO":null,"DIVIDEND_RATE":null,"CURRENT_RATIO":1.088230468739,"COMMON_ACS":null,"CURRENTDEBT_DEBT":66.916039143027,"ISSUED_COMMON_SHARES":487639400,"HK_COMMON_SHARES":309814400,"PER_SHARES":300,"TOTAL_MARKET_CAP":409617096,"HKSK_MARKET_CAP":260244096,"PE_TTM":-0.635759690083,"PB_TTM":0.144098959247,"REPORT_DATE_SQ":"2020-12-31 00:00:00","REPORT_TYPE_SQ":"2020年年报","OPERATE_INCOME_SQ":2510988000,"DPS_HKD":null,"OPERATE_INCOME_QOQ_SQ":-23.517423399029,"NET_PROFIT_RATIO_SQ":8.618918131,"HOLDER_PROFIT_SQ":216420000,"HOLDER_PROFIT_QOQ_SQ":-57.916883803775,"ROE_AVG_SQ":5.211999061253,"PE_TTM_SQ":-1.887413994601,"PB_TTM_SQ":0.346434817801,"ROA_SQ":2.307422400634,"START_DATE":"2021-01-01 00:00:00","FISCAL_YEAR":"12-31","CURRENCY":"HKD","IS_CNY_CODE":0,"DPS_HKD_LY":null,"ORG_TYPE":"一般企业","PREMIUM_INCOME":null,"PREMIUM_INCOME_YOY":null,"NET_INTEREST_INCOME":null,"NET_INTEREST_INCOME_YOY":null,"FEE_COMMISSION_INCOME":null,"FEE_COMMISSION_INCOME_YOY":null,"ACCOUNTS_RECE_TDAYS":1.093194139819,"INVENTORY_TDAYS":7.381593295689,"CURRENT_ASSETS_TDAYS":0.757424520925,"TOTAL_ASSETS_TDAYS":0.321039178546,"PREMIUM_EXPENSE":null,"LOAN_DEPOSIT":null,"LOAN_EQUITY":null,"LOAN_ASSETS":null,"DEPOSIT_EQUITY":null,"DEPOSIT_ASSETS":null,"EQUITY_MULTIPLIER":2.324581910277,"EQUITY_RATIO":1.354065480107},{"SECUCODE":"02163.HK","SECURITY_CODE":"02163","SECURITY_NAME_ABBR":"远大住工","ORG_CODE":"10518798","STD_REPORT_DATE":"2021-06-30 00:00:00","REPORT_DATE":"2021-06-30 00:00:00","DATE_TYPE_CODE":"002","REPORT_TYPE":"2021年中报","PER_NETCASH_OPERATE":0.669931510866,"PER_OI":2.789366486793,"BPS":8.583816237982,"BASIC_EPS":0.1,"DILUTED_EPS":0.1,"OPERATE_INCOME":1360205000,"OPERATE_INCOME_YOY":27.385066352,"GROSS_PROFIT":401114000,"GROSS_PROFIT_YOY":28.820232838218,"HOLDER_PROFIT":47165000,"HOLDER_PROFIT_YOY":316.7808061773,"GROSS_PROFIT_RATIO":26.078569039226,"EPS_TTM":0.585149600299,"OPERATE_INCOME_QOQ":11.645416067301,"NET_PROFIT_RATIO":3.4674920325,"ROE_AVG":1.133168093167,"GROSS_PROFIT_QOQ":4.75159027605,"ROA":0.50413909258,"HOLDER_PROFIT_QOQ":31.846409758802,"ROE_YEARLY":2.266336186335,"ROIC_YEARLY":1.092326168385,"TOTAL_ASSETS":9519938000,"TOTAL_LIABILITIES":5334131000,"TAX_EBT":20.592295777493,"OCF_SALES":24.017335622204,"TOTAL_PARENT_EQUITY":4185807000,"DEBT_ASSET_RATIO":56.0311527239,"OPERATE_PROFIT":152987000,"PRETAX_PROFIT":59396000,"NETCASH_OPERATE":326685000,"NETCASH_INVEST":-310393000,"NETCASH_FINANCE":-222331000,"END_CASH":611420000,"DIVI_RATIO":null,"DIVIDEND_RATE":null,"CURRENT_RATIO":0.982581835524,"COMMON_ACS":null,"CURRENTDEBT_DEBT":75.555287262349,"ISSUED_COMMON_SHARES":487639400,"HK_COMMON_SHARES":309814400,"PER_SHARES":300,"TOTAL_MARKET_CAP":409617096,"HKSK_MARKET_CAP":260244096,"PE_TTM":-0.635759690083,"PB_TTM":0.144098959247,"REPORT_DATE_SQ":"2020-06-30 00:00:00","REPORT_TYPE_SQ":"2020年中报","OPERATE_INCOME_SQ":1067790000,"DPS_HKD":null,"OPERATE_INCOME_QOQ_SQ":-2.562194754224,"NET_PROFIT_RATIO_SQ":-1.9127032967,"HOLDER_PROFIT_SQ":-21757000,"HOLDER_PROFIT_QOQ_SQ":-24.028133351258,"ROE_AVG_SQ":-0.539440563168,"PE_TTM_SQ":-1.887413994601,"PB_TTM_SQ":0.346434817801,"ROA_SQ":-0.232231494143,"START_DATE":"2021-01-01 00:00:00","FISCAL_YEAR":"12-31","CURRENCY":"HKD","IS_CNY_CODE":0,"DPS_HKD_LY":null,"ORG_TYPE":"一般企业","PREMIUM_INCOME":null,"PREMIUM_INCOME_YOY":null,"NET_INTEREST_INCOME":null,"NET_INTEREST_INCOME_YOY":null,"FEE_COMMISSION_INCOME":null,"FEE_COMMISSION_INCOME_YOY":null,"ACCOUNTS_RECE_TDAYS":0.499205428775,"INVENTORY_TDAYS":3.587916136618,"CURRENT_ASSETS_TDAYS":0.342461407773,"TOTAL_ASSETS_TDAYS":0.14539012285,"PREMIUM_EXPENSE":null,"LOAN_DEPOSIT":null,"LOAN_EQUITY":null,"LOAN_ASSETS":null,"DEPOSIT_EQUITY":null,"DEPOSIT_ASSETS":null,"EQUITY_MULTIPLIER":2.274337541124,"EQUITY_RATIO":1.274337541124},{"SECUCODE":"02163.HK","SECURITY_CODE":"02163","SECURITY_NAME_ABBR":"远大住工","ORG_CODE":"10518798","STD_REPORT_DATE":"2020-12-31 00:00:00","REPORT_DATE":"2020-12-31 00:00:00","DATE_TYPE_CODE":"001","REPORT_TYPE":"2020年年报","PER_NETCASH_OPERATE":0.372845180271,"PER_OI":5.149272187604,"BPS":8.487095177297,"BASIC_EPS":0.44,"DILUTED_EPS":0.44,"OPERATE_INCOME":2510988000,"OPERATE_INCOME_YOY":-21.5421187416,"GROSS_PROFIT":912263000,"GROSS_PROFIT_YOY":-17.246424797144,"HOLDER_PROFIT":216420000,"HOLDER_PROFIT_YOY":-68.0286710818,"GROSS_PROFIT_RATIO":36.330838697756,"EPS_TTM":0.443811554194,"OPERATE_INCOME_QOQ":-23.517423399029,"NET_PROFIT_RATIO":8.618918131,"ROE_AVG":5.211999061253,"GROSS_PROFIT_QOQ":-20.605746243132,"ROA":2.307422400634,"HOLDER_PROFIT_QOQ":-57.916883803775,"ROE_YEARLY":5.211999061253,"ROIC_YEARLY":2.569461049549,"TOTAL_ASSETS":9191168000,"TOTAL_LIABILITIES":5052526000,"TAX_EBT":17.943758814573,"OCF_SALES":7.240735519246,"TOTAL_PARENT_EQUITY":4138642000,"DEBT_ASSET_RATIO":54.9715335418,"OPERATE_PROFIT":346808000,"PRETAX_PROFIT":267313000,"NETCASH_OPERATE":181814000,"NETCASH_INVEST":-367074000,"NETCASH_FINANCE":-76414000,"END_CASH":828288000,"DIVI_RATIO":null,"DIVIDEND_RATE":null,"CURRENT_RATIO":1.019869341752,"COMMON_ACS":null,"CURRENTDEBT_DEBT":77.309211273727,"ISSUED_COMMON_SHARES":487639400,"HK_COMMON_SHARES":309814400,"PER_SHARES":300,"TOTAL_MARKET_CAP":409617096,"HKSK_MARKET_CAP":260244096,"PE_TTM":-0.635759690083,"PB_TTM":0.144098959247,"REPORT_DATE_SQ":"2019-12-31 00:00:00","REPORT_TYPE_SQ":"2019年年报","OPERATE_INCOME_SQ":3200428000,"DPS_HKD":null,"OPERATE_INCOME_QOQ_SQ":48.489398355052,"NET_PROFIT_RATIO_SQ":20.0900986996,"HOLDER_PROFIT_SQ":676919000,"HOLDER_PROFIT_QOQ_SQ":45.166886837771,"ROE_AVG_SQ":19.206743196396,"PE_TTM_SQ":-1.887413994601,"PB_TTM_SQ":0.346434817801,"ROA_SQ":8.014047690237,"START_DATE":"2020-01-01 00:00:00","FISCAL_YEAR":"12-31","CURRENCY":"HKD","IS_CNY_CODE":0,"DPS_HKD_LY":0.54692,"ORG_TYPE":"一般企业","PREMIUM_INCOME":null,"PREMIUM_INCOME_YOY":null,"NET_INTEREST_INCOME":null,"NET_INTEREST_INCOME_YOY":null,"FEE_COMMISSION_INCOME":null,"FEE_COMMISSION_INCOME_YOY":null,"ACCOUNTS_RECE_TDAYS":0.963482828647,"INVENTORY_TDAYS":6.106653730608,"CURRENT_ASSETS_TDAYS":0.577368694556,"TOTAL_ASSETS_TDAYS":0.267716013258,"PREMIUM_EXPENSE":null,"LOAN_DEPOSIT":null,"LOAN_EQUITY":null,"LOAN_ASSETS":null,"DEPOSIT_EQUITY":null,"DEPOSIT_ASSETS":null,"EQUITY_MULTIPLIER":2.220817359899,"EQUITY_RATIO":1.220817359897},{"SECUCODE":"02163.HK","SECURITY_CODE":"02163","SECURITY_NAME_ABBR":"远大住工","ORG_CODE":"10518798","STD_REPORT_DATE":"2020-06-30 00:00:00","REPORT_DATE":"2020-06-30 00:00:00","DATE_TYPE_CODE":"002","REPORT_TYPE":"2020年中报","PER_NETCASH_OPERATE":-0.040482782974,"PER_OI":2.189712316109,"BPS":7.998664586988,"BASIC_EPS":-0.04,"DILUTED_EPS":-0.04,"OPERATE_INCOME":1067790000,"OPERATE_INCOME_YOY":-7.0541602558,"GROSS_PROFIT":311375000,"GROSS_PROFIT_YOY":-13.40639965293,"HOLDER_PROFIT":-21757000,"HOLDER_PROFIT_YOY":-115.4421054126,"GROSS_PROFIT_RATIO":32.052043956044,"EPS_TTM":1.054607154385,"OPERATE_INCOME_QOQ":-2.562194754224,"NET_PROFIT_RATIO":-1.9127032967,"ROE_AVG":-0.539440563168,"GROSS_PROFIT_QOQ":0.437929789628,"ROA":-0.232231494143,"HOLDER_PROFIT_QOQ":-24.028133351258,"ROE_YEARLY":-1.078881126337,"ROIC_YEARLY":-0.517317793906,"TOTAL_ASSETS":9169912000,"TOTAL_LIABILITIES":5269448000,"TAX_EBT":89.109535066982,"OCF_SALES":-1.735472527473,"TOTAL_PARENT_EQUITY":3900464000,"DEBT_ASSET_RATIO":57.464542735,"OPERATE_PROFIT":64308000,"PRETAX_PROFIT":6345000,"NETCASH_OPERATE":-19741000,"NETCASH_INVEST":-362734000,"NETCASH_FINANCE":118039000,"END_CASH":829660000,"DIVI_RATIO":null,"DIVIDEND_RATE":null,"CURRENT_RATIO":0.997395809811,"COMMON_ACS":null,"CURRENTDEBT_DEBT":81.937557785939,"ISSUED_COMMON_SHARES":487639400,"HK_COMMON_SHARES":309814400,"PER_SHARES":300,"TOTAL_MARKET_CAP":409617096,"HKSK_MARKET_CAP":260244096,"PE_TTM":-0.635759690083,"PB_TTM":0.144098959247,"REPORT_DATE_SQ":"2019-06-30 00:00:00","REPORT_TYPE_SQ":"2019年中报","OPERATE_INCOME_SQ":1223831000,"DPS_HKD":null,"OPERATE_INCOME_QOQ_SQ":0,"NET_PROFIT_RATIO_SQ":11.5125372703,"HOLDER_PROFIT_SQ":140894000,"HOLDER_PROFIT_QOQ_SQ":0,"ROE_AVG_SQ":null,"PE_TTM_SQ":-1.887413994601,"PB_TTM_SQ":0.346434817801,"ROA_SQ":null,"START_DATE":"2020-01-01 00:00:00","FISCAL_YEAR":"12-31","CURRENCY":"HKD","IS_CNY_CODE":0,"DPS_HKD_LY":0.54692,"ORG_TYPE":"一般企业","PREMIUM_INCOME":null,"PREMIUM_INCOME_YOY":null,"NET_INTEREST_INCOME":null,"NET_INTEREST_INCOME_YOY":null,"FEE_COMMISSION_INCOME":null,"FEE_COMMISSION_INCOME_YOY":null,"ACCOUNTS_RECE_TDAYS":0.422173363134,"INVENTORY_TDAYS":2.921705602177,"CURRENT_ASSETS_TDAYS":0.252195654164,"TOTAL_ASSETS_TDAYS":0.121415325912,"PREMIUM_EXPENSE":null,"LOAN_DEPOSIT":null,"LOAN_EQUITY":null,"LOAN_ASSETS":null,"DEPOSIT_EQUITY":null,"DEPOSIT_ASSETS":null,"EQUITY_MULTIPLIER":2.350979780868,"EQUITY_RATIO":1.350979780867}],"count":16},"success":true,"message":"ok","code":0}