{"version":"d8915183d16692c5e7cc5cbcfaffc583","result":{"pages":2,"data":[{"SECUCODE":"02165.HK","SECURITY_CODE":"02165","SECURITY_NAME_ABBR":"领悦服务集团","ORG_CODE":"10000173414","STD_REPORT_DATE":"2024-06-30 00:00:00","REPORT_DATE":"2024-06-30 00:00:00","DATE_TYPE_CODE":"002","REPORT_TYPE":"2024年中报","PER_NETCASH_OPERATE":0.136132453576,"PER_OI":1.096641405744,"BPS":2.074414127448,"BASIC_EPS":0.2,"DILUTED_EPS":0.2,"OPERATE_INCOME":313294000,"OPERATE_INCOME_YOY":6.3246204074,"GROSS_PROFIT":99562000,"GROSS_PROFIT_YOY":-0.804033117795,"HOLDER_PROFIT":58018000,"HOLDER_PROFIT_YOY":7.8361399204,"GROSS_PROFIT_RATIO":31.779095673712,"EPS_TTM":0.371314559742,"OPERATE_INCOME_QOQ":3.059611194933,"NET_PROFIT_RATIO":19.2553958901,"ROE_AVG":10.29367800542,"GROSS_PROFIT_QOQ":-0.414449762731,"ROA":6.699719911568,"HOLDER_PROFIT_QOQ":4.138892433955,"ROE_YEARLY":20.587356010841,"ROIC_YEARLY":50.822989391803,"TOTAL_ASSETS":894337000,"TOTAL_LIABILITIES":284369000,"TAX_EBT":15.716381418093,"OCF_SALES":12.413579577011,"TOTAL_PARENT_EQUITY":592629000,"DEBT_ASSET_RATIO":31.7966269985,"OPERATE_PROFIT":70866000,"PRETAX_PROFIT":71575000,"NETCASH_OPERATE":38891000,"NETCASH_INVEST":-848000,"NETCASH_FINANCE":-956000,"END_CASH":639280000,"DIVI_RATIO":null,"DIVIDEND_RATE":null,"CURRENT_RATIO":3.000102353784,"COMMON_ACS":600000000,"CURRENTDEBT_DEBT":99.634981309496,"ISSUED_COMMON_SHARES":285685000,"HK_COMMON_SHARES":285685000,"PER_SHARES":1000,"TOTAL_MARKET_CAP":388531600,"HKSK_MARKET_CAP":388531600,"PE_TTM":3.303327279219,"PB_TTM":0.598359210717,"REPORT_DATE_SQ":"2023-06-30 00:00:00","REPORT_TYPE_SQ":"2023年中报","OPERATE_INCOME_SQ":294658000,"DPS_HKD":null,"OPERATE_INCOME_QOQ_SQ":1.95775676733,"NET_PROFIT_RATIO_SQ":19.9064678373,"HOLDER_PROFIT_SQ":53802000,"HOLDER_PROFIT_QOQ_SQ":10.047529998442,"ROE_AVG_SQ":11.690826084784,"PE_TTM_SQ":2.362484624147,"PB_TTM_SQ":0.405501382945,"ROA_SQ":7.292249765179,"START_DATE":"2024-01-01 00:00:00","FISCAL_YEAR":"12-31","CURRENCY":"HKD","IS_CNY_CODE":0,"DPS_HKD_LY":null,"ORG_TYPE":"一般企业","PREMIUM_INCOME":null,"PREMIUM_INCOME_YOY":null,"NET_INTEREST_INCOME":null,"NET_INTEREST_INCOME_YOY":null,"FEE_COMMISSION_INCOME":null,"FEE_COMMISSION_INCOME_YOY":null,"ACCOUNTS_RECE_TDAYS":2.274465675456,"INVENTORY_TDAYS":205.511538461538,"CURRENT_ASSETS_TDAYS":0.381516841618,"TOTAL_ASSETS_TDAYS":0.361781179974,"PREMIUM_EXPENSE":null,"LOAN_DEPOSIT":null,"LOAN_EQUITY":null,"LOAN_ASSETS":null,"DEPOSIT_EQUITY":null,"DEPOSIT_ASSETS":null,"EQUITY_MULTIPLIER":1.466203145082,"EQUITY_RATIO":0.479843207133},{"SECUCODE":"02165.HK","SECURITY_CODE":"02165","SECURITY_NAME_ABBR":"领悦服务集团","ORG_CODE":"10000173414","STD_REPORT_DATE":"2023-12-31 00:00:00","REPORT_DATE":"2023-12-31 00:00:00","DATE_TYPE_CODE":"001","REPORT_TYPE":"2023年年报","PER_NETCASH_OPERATE":0.856467787948,"PER_OI":2.132058035949,"BPS":1.871382816739,"BASIC_EPS":0.36,"DILUTED_EPS":0.36,"OPERATE_INCOME":609097000,"OPERATE_INCOME_YOY":5.4344627507,"GROSS_PROFIT":194716000,"GROSS_PROFIT_YOY":16.522446830156,"HOLDER_PROFIT":101863000,"HOLDER_PROFIT_YOY":32.282738559,"GROSS_PROFIT_RATIO":31.967978827674,"EPS_TTM":0.356557047097,"OPERATE_INCOME_QOQ":3.409947505314,"NET_PROFIT_RATIO":17.1764103254,"ROE_AVG":21.048835952651,"GROSS_PROFIT_QOQ":6.683760964732,"ROA":13.227200275288,"HOLDER_PROFIT_QOQ":20.205095526369,"ROE_YEARLY":21.048835952651,"ROIC_YEARLY":37.613291656897,"TOTAL_ASSETS":837616000,"TOTAL_LIABILITIES":287929000,"TAX_EBT":17.993196212454,"OCF_SALES":40.170941574166,"TOTAL_PARENT_EQUITY":534626000,"DEBT_ASSET_RATIO":34.3748209203,"OPERATE_PROFIT":126546000,"PRETAX_PROFIT":127576000,"NETCASH_OPERATE":244680000,"NETCASH_INVEST":-2984000,"NETCASH_FINANCE":-245000,"END_CASH":602193000,"DIVI_RATIO":null,"DIVIDEND_RATE":null,"CURRENT_RATIO":2.762790762547,"COMMON_ACS":600000000,"CURRENTDEBT_DEBT":99.604069058692,"ISSUED_COMMON_SHARES":285685000,"HK_COMMON_SHARES":285685000,"PER_SHARES":1000,"TOTAL_MARKET_CAP":357106250,"HKSK_MARKET_CAP":357106250,"PE_TTM":3.036146396341,"PB_TTM":0.54996250985,"REPORT_DATE_SQ":"2022-12-31 00:00:00","REPORT_TYPE_SQ":"2022年年报","OPERATE_INCOME_SQ":577702000,"DPS_HKD":null,"OPERATE_INCOME_QOQ_SQ":1.440032589934,"NET_PROFIT_RATIO_SQ":13.8924566645,"HOLDER_PROFIT_SQ":77004000,"HOLDER_PROFIT_QOQ_SQ":-4.868738031997,"ROE_AVG_SQ":19.498558574299,"PE_TTM_SQ":2.07898646925,"PB_TTM_SQ":0.356841216991,"ROA_SQ":11.933627680859,"START_DATE":"2023-01-01 00:00:00","FISCAL_YEAR":"12-31","CURRENCY":"HKD","IS_CNY_CODE":0,"DPS_HKD_LY":null,"ORG_TYPE":"一般企业","PREMIUM_INCOME":null,"PREMIUM_INCOME_YOY":null,"NET_INTEREST_INCOME":null,"NET_INTEREST_INCOME_YOY":null,"FEE_COMMISSION_INCOME":null,"FEE_COMMISSION_INCOME_YOY":null,"ACCOUNTS_RECE_TDAYS":5.1531703025,"INVENTORY_TDAYS":340.493837304848,"CURRENT_ASSETS_TDAYS":0.844890233778,"TOTAL_ASSETS_TDAYS":0.790929778828,"PREMIUM_EXPENSE":null,"LOAN_DEPOSIT":null,"LOAN_EQUITY":null,"LOAN_ASSETS":null,"DEPOSIT_EQUITY":null,"DEPOSIT_ASSETS":null,"EQUITY_MULTIPLIER":1.523805365598,"EQUITY_RATIO":0.538561536476},{"SECUCODE":"02165.HK","SECURITY_CODE":"02165","SECURITY_NAME_ABBR":"领悦服务集团","ORG_CODE":"10000173414","STD_REPORT_DATE":"2023-06-30 00:00:00","REPORT_DATE":"2023-06-30 00:00:00","DATE_TYPE_CODE":"002","REPORT_TYPE":"2023年中报","PER_NETCASH_OPERATE":0.091072334914,"PER_OI":1.031408719394,"BPS":1.705259289077,"BASIC_EPS":0.19,"DILUTED_EPS":0.19,"OPERATE_INCOME":294658000,"OPERATE_INCOME_YOY":3.9915580841,"GROSS_PROFIT":100369000,"GROSS_PROFIT_YOY":18.139551307705,"HOLDER_PROFIT":53802000,"HOLDER_PROFIT_YOY":16.7958319766,"GROSS_PROFIT_RATIO":34.062879677457,"EPS_TTM":0.29662390395,"OPERATE_INCOME_QOQ":1.95775676733,"NET_PROFIT_RATIO":19.9064678373,"ROE_AVG":11.690826084784,"GROSS_PROFIT_QOQ":9.222290043445,"ROA":7.292249765179,"HOLDER_PROFIT_QOQ":10.047529998442,"ROE_YEARLY":23.381652169567,"ROIC_YEARLY":31.400998608019,"TOTAL_ASSETS":773005000,"TOTAL_LIABILITIES":262555000,"TAX_EBT":18.373481401077,"OCF_SALES":8.829897711924,"TOTAL_PARENT_EQUITY":487167000,"DEBT_ASSET_RATIO":33.9654982827,"OPERATE_PROFIT":71088000,"PRETAX_PROFIT":71859000,"NETCASH_OPERATE":26018000,"NETCASH_INVEST":-245000,"NETCASH_FINANCE":-245000,"END_CASH":386270000,"DIVI_RATIO":null,"DIVIDEND_RATE":null,"CURRENT_RATIO":2.778252229026,"COMMON_ACS":600000000,"CURRENTDEBT_DEBT":99.275199482013,"ISSUED_COMMON_SHARES":285685000,"HK_COMMON_SHARES":285685000,"PER_SHARES":1000,"TOTAL_MARKET_CAP":357106250,"HKSK_MARKET_CAP":357106250,"PE_TTM":3.036146396341,"PB_TTM":0.54996250985,"REPORT_DATE_SQ":"2022-06-30 00:00:00","REPORT_TYPE_SQ":"2022年中报","OPERATE_INCOME_SQ":283348000,"DPS_HKD":null,"OPERATE_INCOME_QOQ_SQ":5.234360852517,"NET_PROFIT_RATIO_SQ":17.3528664399,"HOLDER_PROFIT_SQ":46065000,"HOLDER_PROFIT_QOQ_SQ":14.631866653449,"ROE_AVG_SQ":12.134247210427,"PE_TTM_SQ":2.07898646925,"PB_TTM_SQ":0.356841216991,"ROA_SQ":7.303413095092,"START_DATE":"2023-01-01 00:00:00","FISCAL_YEAR":"12-31","CURRENCY":"HKD","IS_CNY_CODE":0,"DPS_HKD_LY":null,"ORG_TYPE":"一般企业","PREMIUM_INCOME":null,"PREMIUM_INCOME_YOY":null,"NET_INTEREST_INCOME":null,"NET_INTEREST_INCOME_YOY":null,"FEE_COMMISSION_INCOME":null,"FEE_COMMISSION_INCOME_YOY":null,"ACCOUNTS_RECE_TDAYS":2.370977735221,"INVENTORY_TDAYS":145.917386406309,"CURRENT_ASSETS_TDAYS":0.429012795052,"TOTAL_ASSETS_TDAYS":0.399375437959,"PREMIUM_EXPENSE":null,"LOAN_DEPOSIT":null,"LOAN_EQUITY":null,"LOAN_ASSETS":null,"DEPOSIT_EQUITY":null,"DEPOSIT_ASSETS":null,"EQUITY_MULTIPLIER":1.514359878539,"EQUITY_RATIO":0.538942498158},{"SECUCODE":"02165.HK","SECURITY_CODE":"02165","SECURITY_NAME_ABBR":"领悦服务集团","ORG_CODE":"10000173414","STD_REPORT_DATE":"2022-12-31 00:00:00","REPORT_DATE":"2022-12-31 00:00:00","DATE_TYPE_CODE":"001","REPORT_TYPE":"2022年年报","PER_NETCASH_OPERATE":0.32743756235,"PER_OI":2.022164271838,"BPS":1.516519943294,"BASIC_EPS":0.27,"DILUTED_EPS":0.27,"OPERATE_INCOME":577702000,"OPERATE_INCOME_YOY":6.7497699446,"GROSS_PROFIT":167106000,"GROSS_PROFIT_YOY":7.758876407393,"HOLDER_PROFIT":77004000,"HOLDER_PROFIT_YOY":9.0507413649,"GROSS_PROFIT_RATIO":28.925986062018,"EPS_TTM":0.269541628017,"OPERATE_INCOME_QOQ":1.440032589934,"NET_PROFIT_RATIO":13.8924566645,"ROE_AVG":19.498558574299,"GROSS_PROFIT_QOQ":4.142491228289,"ROA":11.933627680859,"HOLDER_PROFIT_QOQ":-4.868738031997,"ROE_YEARLY":19.498558574299,"ROIC_YEARLY":25.025552361623,"TOTAL_ASSETS":702589000,"TOTAL_LIABILITIES":249742000,"TAX_EBT":16.342315109189,"OCF_SALES":16.192431391963,"TOTAL_PARENT_EQUITY":433247000,"DEBT_ASSET_RATIO":35.545959302,"OPERATE_PROFIT":94831000,"PRETAX_PROFIT":95935000,"NETCASH_OPERATE":93544000,"NETCASH_INVEST":-2916000,"NETCASH_FINANCE":-5175000,"END_CASH":360742000,"DIVI_RATIO":null,"DIVIDEND_RATE":null,"CURRENT_RATIO":2.622426525512,"COMMON_ACS":600000000,"CURRENTDEBT_DEBT":99.170744208023,"ISSUED_COMMON_SHARES":285685000,"HK_COMMON_SHARES":285685000,"PER_SHARES":1000,"TOTAL_MARKET_CAP":357106250,"HKSK_MARKET_CAP":357106250,"PE_TTM":3.036146396341,"PB_TTM":0.54996250985,"REPORT_DATE_SQ":"2021-12-31 00:00:00","REPORT_TYPE_SQ":"2021年年报","OPERATE_INCOME_SQ":541174000,"DPS_HKD":null,"OPERATE_INCOME_QOQ_SQ":10.886767942103,"NET_PROFIT_RATIO_SQ":13.8899873239,"HOLDER_PROFIT_SQ":70613000,"HOLDER_PROFIT_QOQ_SQ":3.239908183107,"ROE_AVG_SQ":31.149312723872,"PE_TTM_SQ":2.07898646925,"PB_TTM_SQ":0.356841216991,"ROA_SQ":16.063852294365,"START_DATE":"2022-01-01 00:00:00","FISCAL_YEAR":"12-31","CURRENCY":"HKD","IS_CNY_CODE":0,"DPS_HKD_LY":null,"ORG_TYPE":"一般企业","PREMIUM_INCOME":null,"PREMIUM_INCOME_YOY":null,"NET_INTEREST_INCOME":null,"NET_INTEREST_INCOME_YOY":null,"FEE_COMMISSION_INCOME":null,"FEE_COMMISSION_INCOME_YOY":null,"ACCOUNTS_RECE_TDAYS":6.004781356866,"INVENTORY_TDAYS":281.90593889461,"CURRENT_ASSETS_TDAYS":0.973954355636,"TOTAL_ASSETS_TDAYS":0.895288631563,"PREMIUM_EXPENSE":null,"LOAN_DEPOSIT":null,"LOAN_EQUITY":null,"LOAN_ASSETS":null,"DEPOSIT_EQUITY":null,"DEPOSIT_ASSETS":null,"EQUITY_MULTIPLIER":1.551493109153,"EQUITY_RATIO":0.576442537398},{"SECUCODE":"02165.HK","SECURITY_CODE":"02165","SECURITY_NAME_ABBR":"领悦服务集团","ORG_CODE":"10000173414","STD_REPORT_DATE":"2022-06-30 00:00:00","REPORT_DATE":"2022-06-30 00:00:00","DATE_TYPE_CODE":"002","REPORT_TYPE":"2022年中报","PER_NETCASH_OPERATE":0.109799254424,"PER_OI":0.991819661515,"BPS":1.409454469083,"BASIC_EPS":0.16,"DILUTED_EPS":0.16,"OPERATE_INCOME":283348000,"OPERATE_INCOME_YOY":11.1077126982,"GROSS_PROFIT":84958000,"GROSS_PROFIT_YOY":6.767370841868,"HOLDER_PROFIT":46065000,"HOLDER_PROFIT_YOY":28.9144488288,"GROSS_PROFIT_RATIO":29.983624377091,"EPS_TTM":0.283336541996,"OPERATE_INCOME_QOQ":5.234360852517,"NET_PROFIT_RATIO":17.3528664399,"ROE_AVG":12.134247210427,"GROSS_PROFIT_QOQ":3.472535692637,"ROA":7.303413095092,"HOLDER_PROFIT_QOQ":14.631866653449,"ROE_YEARLY":24.268494420854,"ROIC_YEARLY":28.903484072966,"TOTAL_ASSETS":673516000,"TOTAL_LIABILITIES":248525000,"TAX_EBT":13.63556523572,"OCF_SALES":11.07048576309,"TOTAL_PARENT_EQUITY":402660000,"DEBT_ASSET_RATIO":36.8996430671,"OPERATE_PROFIT":56290000,"PRETAX_PROFIT":56932000,"NETCASH_OPERATE":31368000,"NETCASH_INVEST":628000,"NETCASH_FINANCE":-300000,"END_CASH":306985000,"DIVI_RATIO":null,"DIVIDEND_RATE":null,"CURRENT_RATIO":2.526458968602,"COMMON_ACS":600000000,"CURRENTDEBT_DEBT":99.099486973142,"ISSUED_COMMON_SHARES":285685000,"HK_COMMON_SHARES":285685000,"PER_SHARES":1000,"TOTAL_MARKET_CAP":357106250,"HKSK_MARKET_CAP":357106250,"PE_TTM":3.036146396341,"PB_TTM":0.54996250985,"REPORT_DATE_SQ":"2021-06-30 00:00:00","REPORT_TYPE_SQ":"2021年中报","OPERATE_INCOME_SQ":255021000,"DPS_HKD":null,"OPERATE_INCOME_QOQ_SQ":13.985360681237,"NET_PROFIT_RATIO_SQ":15.0320953961,"HOLDER_PROFIT_SQ":35733000,"HOLDER_PROFIT_QOQ_SQ":4.877637389598,"ROE_AVG_SQ":43.113100552593,"PE_TTM_SQ":2.07898646925,"PB_TTM_SQ":0.356841216991,"ROA_SQ":12.352904572922,"START_DATE":"2022-01-01 00:00:00","FISCAL_YEAR":"12-31","CURRENCY":"HKD","IS_CNY_CODE":0,"DPS_HKD_LY":null,"ORG_TYPE":"一般企业","PREMIUM_INCOME":null,"PREMIUM_INCOME_YOY":null,"NET_INTEREST_INCOME":null,"NET_INTEREST_INCOME_YOY":null,"FEE_COMMISSION_INCOME":null,"FEE_COMMISSION_INCOME_YOY":null,"ACCOUNTS_RECE_TDAYS":3.052332220187,"INVENTORY_TDAYS":136.210092687951,"CURRENT_ASSETS_TDAYS":0.488936936439,"TOTAL_ASSETS_TDAYS":0.449236403705,"PREMIUM_EXPENSE":null,"LOAN_DEPOSIT":null,"LOAN_EQUITY":null,"LOAN_ASSETS":null,"DEPOSIT_EQUITY":null,"DEPOSIT_ASSETS":null,"EQUITY_MULTIPLIER":1.584777089396,"EQUITY_RATIO":0.617208066359},{"SECUCODE":"02165.HK","SECURITY_CODE":"02165","SECURITY_NAME_ABBR":"领悦服务集团","ORG_CODE":"10000173414","STD_REPORT_DATE":"2021-12-31 00:00:00","REPORT_DATE":"2021-12-31 00:00:00","DATE_TYPE_CODE":"001","REPORT_TYPE":"2021年年报","PER_NETCASH_OPERATE":0.004511962476,"PER_OI":1.894303166075,"BPS":1.248213941929,"BASIC_EPS":0.29,"DILUTED_EPS":0.29,"OPERATE_INCOME":541174000,"OPERATE_INCOME_YOY":26.3946823866,"GROSS_PROFIT":155074000,"GROSS_PROFIT_YOY":7.103440178467,"HOLDER_PROFIT":70613000,"HOLDER_PROFIT_YOY":8.2755765456,"GROSS_PROFIT_RATIO":28.655109077672,"EPS_TTM":0.247170835011,"OPERATE_INCOME_QOQ":10.886767942103,"NET_PROFIT_RATIO":13.8899873239,"ROE_AVG":31.149312723872,"GROSS_PROFIT_QOQ":-3.695101351351,"ROA":16.063852294365,"HOLDER_PROFIT_QOQ":3.239908183107,"ROE_YEARLY":31.149312723872,"ROIC_YEARLY":28.208416225242,"TOTAL_ASSETS":587949000,"TOTAL_LIABILITIES":212200000,"TAX_EBT":14.209246852852,"OCF_SALES":0.238185869979,"TOTAL_PARENT_EQUITY":356596000,"DEBT_ASSET_RATIO":36.0915657651,"OPERATE_PROFIT":87442000,"PRETAX_PROFIT":87619000,"NETCASH_OPERATE":1289000,"NETCASH_INVEST":18143000,"NETCASH_FINANCE":187583000,"END_CASH":275289000,"DIVI_RATIO":null,"DIVIDEND_RATE":null,"CURRENT_RATIO":2.558702542959,"COMMON_ACS":600000000,"CURRENTDEBT_DEBT":98.866635249764,"ISSUED_COMMON_SHARES":285685000,"HK_COMMON_SHARES":285685000,"PER_SHARES":1000,"TOTAL_MARKET_CAP":357106250,"HKSK_MARKET_CAP":357106250,"PE_TTM":3.036146396341,"PB_TTM":0.54996250985,"REPORT_DATE_SQ":"2020-12-31 00:00:00","REPORT_TYPE_SQ":"2020年年报","OPERATE_INCOME_SQ":428162000,"DPS_HKD":null,"OPERATE_INCOME_QOQ_SQ":5.425902306181,"NET_PROFIT_RATIO_SQ":16.4099102676,"HOLDER_PROFIT_SQ":65216000,"HOLDER_PROFIT_QOQ_SQ":-7.778893335407,"ROE_AVG_SQ":66.174873923146,"PE_TTM_SQ":2.07898646925,"PB_TTM_SQ":0.356841216991,"ROA_SQ":23.714952209004,"START_DATE":"2021-01-01 00:00:00","FISCAL_YEAR":"12-31","CURRENCY":"HKD","IS_CNY_CODE":0,"DPS_HKD_LY":null,"ORG_TYPE":"一般企业","PREMIUM_INCOME":null,"PREMIUM_INCOME_YOY":null,"NET_INTEREST_INCOME":null,"NET_INTEREST_INCOME_YOY":null,"FEE_COMMISSION_INCOME":null,"FEE_COMMISSION_INCOME_YOY":null,"ACCOUNTS_RECE_TDAYS":8.358028695424,"INVENTORY_TDAYS":210.179640718563,"CURRENT_ASSETS_TDAYS":1.397634856808,"TOTAL_ASSETS_TDAYS":1.231124467386,"PREMIUM_EXPENSE":null,"LOAN_DEPOSIT":null,"LOAN_EQUITY":null,"LOAN_ASSETS":null,"DEPOSIT_EQUITY":null,"DEPOSIT_ASSETS":null,"EQUITY_MULTIPLIER":1.564738695247,"EQUITY_RATIO":0.59507117298},{"SECUCODE":"02165.HK","SECURITY_CODE":"02165","SECURITY_NAME_ABBR":"领悦服务集团","ORG_CODE":"10000173414","STD_REPORT_DATE":"2021-06-30 00:00:00","REPORT_DATE":"2021-06-30 00:00:00","DATE_TYPE_CODE":"002","REPORT_TYPE":"2021年中报","PER_NETCASH_OPERATE":651.5,"PER_OI":4250.35,"BPS":0.241440747677,"BASIC_EPS":0.17,"DILUTED_EPS":0.17,"OPERATE_INCOME":255021000,"OPERATE_INCOME_YOY":30.6855043276,"GROSS_PROFIT":79573000,"GROSS_PROFIT_YOY":25.632321828918,"HOLDER_PROFIT":35733000,"HOLDER_PROFIT_YOY":9.7720570165,"GROSS_PROFIT_RATIO":31.202528419228,"EPS_TTM":1139.95,"OPERATE_INCOME_QOQ":13.985360681237,"NET_PROFIT_RATIO":15.0320953961,"ROE_AVG":43.113100552593,"GROSS_PROFIT_QOQ":11.212868380885,"ROA":12.352904572922,"HOLDER_PROFIT_QOQ":4.877637389598,"ROE_YEARLY":86.226201105186,"ROIC_YEARLY":34.226601692987,"TOTAL_ASSETS":287331000,"TOTAL_LIABILITIES":201309000,"TAX_EBT":14.262390409733,"OCF_SALES":15.328149446516,"TOTAL_PARENT_EQUITY":68976000,"DEBT_ASSET_RATIO":70.0617058375,"OPERATE_PROFIT":44664000,"PRETAX_PROFIT":44712000,"NETCASH_OPERATE":39090000,"NETCASH_INVEST":17633000,"NETCASH_FINANCE":-65066000,"END_CASH":59931000,"DIVI_RATIO":null,"DIVIDEND_RATE":null,"CURRENT_RATIO":1.187335052481,"COMMON_ACS":600000000,"CURRENTDEBT_DEBT":98.628476620519,"ISSUED_COMMON_SHARES":285685000,"HK_COMMON_SHARES":285685000,"PER_SHARES":1000,"TOTAL_MARKET_CAP":357106250,"HKSK_MARKET_CAP":357106250,"PE_TTM":3.036146396341,"PB_TTM":0.54996250985,"REPORT_DATE_SQ":"2020-06-30 00:00:00","REPORT_TYPE_SQ":"2020年中报","OPERATE_INCOME_SQ":195141000,"DPS_HKD":null,"OPERATE_INCOME_QOQ_SQ":0,"NET_PROFIT_RATIO_SQ":18.1617394602,"HOLDER_PROFIT_SQ":32552000,"HOLDER_PROFIT_QOQ_SQ":0,"ROE_AVG_SQ":null,"PE_TTM_SQ":2.07898646925,"PB_TTM_SQ":0.356841216991,"ROA_SQ":null,"START_DATE":"2021-01-01 00:00:00","FISCAL_YEAR":"12-31","CURRENCY":"HKD","IS_CNY_CODE":0,"DPS_HKD_LY":null,"ORG_TYPE":"一般企业","PREMIUM_INCOME":null,"PREMIUM_INCOME_YOY":null,"NET_INTEREST_INCOME":null,"NET_INTEREST_INCOME_YOY":null,"FEE_COMMISSION_INCOME":null,"FEE_COMMISSION_INCOME_YOY":null,"ACCOUNTS_RECE_TDAYS":3.866854686469,"INVENTORY_TDAYS":81.414385150812,"CURRENT_ASSETS_TDAYS":1.077506475069,"TOTAL_ASSETS_TDAYS":0.881608058963,"PREMIUM_EXPENSE":null,"LOAN_DEPOSIT":null,"LOAN_EQUITY":null,"LOAN_ASSETS":null,"DEPOSIT_EQUITY":null,"DEPOSIT_ASSETS":null,"EQUITY_MULTIPLIER":3.340203668827,"EQUITY_RATIO":2.918536882394},{"SECUCODE":"02165.HK","SECURITY_CODE":"02165","SECURITY_NAME_ABBR":"领悦服务集团","ORG_CODE":"10000173414","STD_REPORT_DATE":"2020-12-31 00:00:00","REPORT_DATE":"2020-12-31 00:00:00","DATE_TYPE_CODE":"001","REPORT_TYPE":"2020年年报","PER_NETCASH_OPERATE":null,"PER_OI":null,"BPS":0.338792726254,"BASIC_EPS":0.31,"DILUTED_EPS":0.31,"OPERATE_INCOME":428162000,"OPERATE_INCOME_YOY":52.9379406911,"GROSS_PROFIT":144789000,"GROSS_PROFIT_YOY":67.919976804871,"HOLDER_PROFIT":65216000,"HOLDER_PROFIT_YOY":103.2284200686,"GROSS_PROFIT_RATIO":33.816405939808,"EPS_TTM":null,"OPERATE_INCOME_QOQ":5.425902306181,"NET_PROFIT_RATIO":16.4099102676,"ROE_AVG":66.174873923146,"GROSS_PROFIT_QOQ":3.130475661353,"ROA":23.714952209004,"HOLDER_PROFIT_QOQ":-7.778893335407,"ROE_YEARLY":66.174873923146,"ROIC_YEARLY":31.086250330687,"TOTAL_ASSETS":291205000,"TOTAL_LIABILITIES":178737000,"TAX_EBT":16.556613857153,"OCF_SALES":26.891690528351,"TOTAL_PARENT_EQUITY":96788000,"DEBT_ASSET_RATIO":61.3784103982,"OPERATE_PROFIT":84247000,"PRETAX_PROFIT":84202000,"NETCASH_OPERATE":115140000,"NETCASH_INVEST":-11249000,"NETCASH_FINANCE":-66713000,"END_CASH":68274000,"DIVI_RATIO":null,"DIVIDEND_RATE":null,"CURRENT_RATIO":1.356049148799,"COMMON_ACS":600000000,"CURRENTDEBT_DEBT":98.033982891063,"ISSUED_COMMON_SHARES":285685000,"HK_COMMON_SHARES":285685000,"PER_SHARES":1000,"TOTAL_MARKET_CAP":357106250,"HKSK_MARKET_CAP":357106250,"PE_TTM":3.036146396341,"PB_TTM":0.54996250985,"REPORT_DATE_SQ":"2019-12-31 00:00:00","REPORT_TYPE_SQ":"2019年年报","OPERATE_INCOME_SQ":279958000,"DPS_HKD":null,"OPERATE_INCOME_QOQ_SQ":65.651700551466,"NET_PROFIT_RATIO_SQ":12.6304659985,"HOLDER_PROFIT_SQ":32090000,"HOLDER_PROFIT_QOQ_SQ":168.85053619303,"ROE_AVG_SQ":46.355750409892,"PE_TTM_SQ":2.07898646925,"PB_TTM_SQ":0.356841216991,"ROA_SQ":15.226318898619,"START_DATE":"2020-01-01 00:00:00","FISCAL_YEAR":"12-31","CURRENCY":"HKD","IS_CNY_CODE":0,"DPS_HKD_LY":null,"ORG_TYPE":"一般企业","PREMIUM_INCOME":null,"PREMIUM_INCOME_YOY":null,"NET_INTEREST_INCOME":null,"NET_INTEREST_INCOME_YOY":null,"FEE_COMMISSION_INCOME":null,"FEE_COMMISSION_INCOME_YOY":null,"ACCOUNTS_RECE_TDAYS":9.072382082468,"INVENTORY_TDAYS":131.495591647332,"CURRENT_ASSETS_TDAYS":1.929379002059,"TOTAL_ASSETS_TDAYS":1.556955558101,"PREMIUM_EXPENSE":null,"LOAN_DEPOSIT":null,"LOAN_EQUITY":null,"LOAN_ASSETS":null,"DEPOSIT_EQUITY":null,"DEPOSIT_ASSETS":null,"EQUITY_MULTIPLIER":2.589225379665,"EQUITY_RATIO":1.84668553953},{"SECUCODE":"02165.HK","SECURITY_CODE":"02165","SECURITY_NAME_ABBR":"领悦服务集团","ORG_CODE":"10000173414","STD_REPORT_DATE":"2020-09-30 00:00:00","REPORT_DATE":"2020-09-30 00:00:00","DATE_TYPE_CODE":"004","REPORT_TYPE":"2020年三季报","PER_NETCASH_OPERATE":null,"PER_OI":null,"BPS":0.286038818979,"BASIC_EPS":null,"DILUTED_EPS":null,"OPERATE_INCOME":302278000,"OPERATE_INCOME_YOY":71.6415876441,"GROSS_PROFIT":103981000,"GROSS_PROFIT_YOY":108.746888300008,"HOLDER_PROFIT":50925000,"HOLDER_PROFIT_YOY":314.0917222313,"GROSS_PROFIT_RATIO":34.399129278346,"EPS_TTM":null,"OPERATE_INCOME_QOQ":45.066760014002,"NET_PROFIT_RATIO":17.798185776,"ROE_AVG":55.952008174432,"GROSS_PROFIT_QOQ":62.822847202088,"ROA":18.095632352184,"HOLDER_PROFIT_QOQ":120.370832034902,"ROE_YEARLY":74.602677565909,"ROIC_YEARLY":22.350524694203,"TOTAL_ASSETS":304049000,"TOTAL_LIABILITIES":208822000,"TAX_EBT":15.677946178079,"OCF_SALES":9.821422663905,"TOTAL_PARENT_EQUITY":81717000,"DEBT_ASSET_RATIO":68.680377176,"OPERATE_PROFIT":null,"PRETAX_PROFIT":63803000,"NETCASH_OPERATE":29688000,"NETCASH_INVEST":-12886000,"NETCASH_FINANCE":-723000,"END_CASH":47175000,"DIVI_RATIO":null,"DIVIDEND_RATE":null,"CURRENT_RATIO":1.224647990256,"COMMON_ACS":600000000,"CURRENTDEBT_DEBT":98.289452260777,"ISSUED_COMMON_SHARES":285685000,"HK_COMMON_SHARES":285685000,"PER_SHARES":1000,"TOTAL_MARKET_CAP":357106250,"HKSK_MARKET_CAP":357106250,"PE_TTM":3.036146396341,"PB_TTM":0.54996250985,"REPORT_DATE_SQ":"2019-09-30 00:00:00","REPORT_TYPE_SQ":"2019年三季报","OPERATE_INCOME_SQ":176110000,"DPS_HKD":null,"OPERATE_INCOME_QOQ_SQ":0,"NET_PROFIT_RATIO_SQ":8.2050990858,"HOLDER_PROFIT_SQ":12298000,"HOLDER_PROFIT_QOQ_SQ":0,"ROE_AVG_SQ":null,"PE_TTM_SQ":2.07898646925,"PB_TTM_SQ":0.356841216991,"ROA_SQ":null,"START_DATE":"2020-01-01 00:00:00","FISCAL_YEAR":"12-31","CURRENCY":"HKD","IS_CNY_CODE":0,"DPS_HKD_LY":null,"ORG_TYPE":"一般企业","PREMIUM_INCOME":null,"PREMIUM_INCOME_YOY":null,"NET_INTEREST_INCOME":null,"NET_INTEREST_INCOME_YOY":null,"FEE_COMMISSION_INCOME":null,"FEE_COMMISSION_INCOME_YOY":null,"ACCOUNTS_RECE_TDAYS":5.518287618091,"INVENTORY_TDAYS":92.01716937355,"CURRENT_ASSETS_TDAYS":1.32119707506,"TOTAL_ASSETS_TDAYS":1.074111253049,"PREMIUM_EXPENSE":null,"LOAN_DEPOSIT":null,"LOAN_EQUITY":null,"LOAN_ASSETS":null,"DEPOSIT_EQUITY":null,"DEPOSIT_ASSETS":null,"EQUITY_MULTIPLIER":3.192886471269,"EQUITY_RATIO":2.555429102879}],"count":13},"success":true,"message":"ok","code":0}