{"version":"c8f080dd5ea6f87330a8356512749371","result":{"pages":3,"data":[{"SECUCODE":"02166.HK","SECURITY_CODE":"02166","SECURITY_NAME_ABBR":"芯智控股","ORG_CODE":"10576247","STD_REPORT_DATE":"2024-06-30 00:00:00","REPORT_DATE":"2024-06-30 00:00:00","DATE_TYPE_CODE":"002","REPORT_TYPE":"2024年中报","PER_NETCASH_OPERATE":0.024919913998,"PER_OI":4.900441416603,"BPS":1.704151951305,"BASIC_EPS":0.070550164,"DILUTED_EPS":0.070458896,"OPERATE_INCOME":2394752758.92,"OPERATE_INCOME_YOY":-17.6085374879,"GROSS_PROFIT":130895652.92,"GROSS_PROFIT_YOY":-38.239601152748,"HOLDER_PROFIT":33154013.68,"HOLDER_PROFIT_YOY":186.6182736311,"GROSS_PROFIT_RATIO":5.465935989945,"EPS_TTM":0.175837125824,"OPERATE_INCOME_QOQ":-10.544645500929,"NET_PROFIT_RATIO":1.406968107,"ROE_AVG":3.998016730125,"GROSS_PROFIT_QOQ":-20.258230879993,"ROA":1.983938324564,"HOLDER_PROFIT_QOQ":33.305971874532,"ROE_YEARLY":7.99603346025,"ROIC_YEARLY":4.401354962081,"TOTAL_ASSETS":1753908108.16,"TOTAL_LIABILITIES":920940666.68,"TAX_EBT":18.377589599593,"OCF_SALES":0.508523863043,"TOTAL_PARENT_EQUITY":832786730.84,"DEBT_ASSET_RATIO":52.5079200213,"OPERATE_PROFIT":52367753.04,"PRETAX_PROFIT":41279603.72,"NETCASH_OPERATE":12177889.24,"NETCASH_INVEST":13394491.68,"NETCASH_FINANCE":491021.84,"END_CASH":176132637.12,"DIVI_RATIO":0.361497037114,"DIVIDEND_RATE":4.06976744186,"CURRENT_RATIO":1.574412855871,"COMMON_ACS":5000000000,"CURRENTDEBT_DEBT":99.264358293089,"ISSUED_COMMON_SHARES":488681030,"HK_COMMON_SHARES":488681030,"PER_SHARES":2000,"TOTAL_MARKET_CAP":840531371.6,"HKSK_MARKET_CAP":840531371.6,"PE_TTM":8.868048485999,"PB_TTM":0.921167621701,"REPORT_DATE_SQ":"2023-06-30 00:00:00","REPORT_TYPE_SQ":"2023年中报","OPERATE_INCOME_SQ":2936171621.26,"DPS_HKD":0.07,"OPERATE_INCOME_QOQ_SQ":-21.319087584839,"NET_PROFIT_RATIO_SQ":0.6630583015,"HOLDER_PROFIT_SQ":11685174.52,"HOLDER_PROFIT_QOQ_SQ":-76.460224071721,"ROE_AVG_SQ":1.476531490756,"PE_TTM_SQ":20.956489167185,"PB_TTM_SQ":0.799634582385,"ROA_SQ":0.445940530238,"START_DATE":"2024-01-01 00:00:00","FISCAL_YEAR":"12-31","CURRENCY":"HKD","IS_CNY_CODE":0,"DPS_HKD_LY":0.07,"ORG_TYPE":"一般企业","PREMIUM_INCOME":null,"PREMIUM_INCOME_YOY":null,"NET_INTEREST_INCOME":null,"NET_INTEREST_INCOME_YOY":null,"FEE_COMMISSION_INCOME":null,"FEE_COMMISSION_INCOME_YOY":null,"ACCOUNTS_RECE_TDAYS":3.453572533251,"INVENTORY_TDAYS":12.388096599635,"CURRENT_ASSETS_TDAYS":1.762582285096,"TOTAL_ASSETS_TDAYS":1.433021600985,"PREMIUM_EXPENSE":null,"LOAN_DEPOSIT":null,"LOAN_EQUITY":null,"LOAN_ASSETS":null,"DEPOSIT_EQUITY":null,"DEPOSIT_ASSETS":null,"EQUITY_MULTIPLIER":2.105614242308,"EQUITY_RATIO":1.105854155182},{"SECUCODE":"02166.HK","SECURITY_CODE":"02166","SECURITY_NAME_ABBR":"芯智控股","ORG_CODE":"10576247","STD_REPORT_DATE":"2023-12-31 00:00:00","REPORT_DATE":"2023-12-31 00:00:00","DATE_TYPE_CODE":"001","REPORT_TYPE":"2023年年报","PER_NETCASH_OPERATE":0.670649230603,"PER_OI":10.506931903414,"BPS":1.677764472175,"BASIC_EPS":0.136657976,"DILUTED_EPS":0.13638611,"OPERATE_INCOME":5134538304.7,"OPERATE_INCOME_YOY":-43.3755663308,"GROSS_PROFIT":400061693.64,"GROSS_PROFIT_YOY":-59.089683725606,"HOLDER_PROFIT":64459428.6,"HOLDER_PROFIT_YOY":-56.8218240093,"GROSS_PROFIT_RATIO":7.791580662156,"EPS_TTM":0.131904912699,"OPERATE_INCOME_QOQ":-26.989490707317,"NET_PROFIT_RATIO":1.6326663884,"ROE_AVG":8.000656879463,"GROSS_PROFIT_QOQ":-34.49878035464,"ROA":3.091828345063,"HOLDER_PROFIT_QOQ":86.085640499089,"ROE_YEARLY":8.000656879463,"ROIC_YEARLY":3.938844633262,"TOTAL_ASSETS":1577091947.34,"TOTAL_LIABILITIES":757494798.48,"TAX_EBT":15.320255215533,"OCF_SALES":6.382921644192,"TOTAL_PARENT_EQUITY":819891670.36,"DEBT_ASSET_RATIO":48.0311119309,"OPERATE_PROFIT":147725640.86,"PRETAX_PROFIT":98996379.02,"NETCASH_OPERATE":327733556.78,"NETCASH_INVEST":25307099.72,"NETCASH_FINANCE":-644782779.76,"END_CASH":152068247.1,"DIVI_RATIO":0.481897138622,"DIVIDEND_RATE":4.166666666667,"CURRENT_RATIO":1.686291345192,"COMMON_ACS":5000000000,"CURRENTDEBT_DEBT":99.345961879878,"ISSUED_COMMON_SHARES":488681030,"HK_COMMON_SHARES":488681030,"PER_SHARES":2000,"TOTAL_MARKET_CAP":820984130.4,"HKSK_MARKET_CAP":820984130.4,"PE_TTM":8.661814800279,"PB_TTM":0.899745118871,"REPORT_DATE_SQ":"2022-12-31 00:00:00","REPORT_TYPE_SQ":"2022年年报","OPERATE_INCOME_SQ":8938129295.06,"DPS_HKD":0.07,"OPERATE_INCOME_QOQ_SQ":-3.359790578006,"NET_PROFIT_RATIO_SQ":3.7951433119,"HOLDER_PROFIT_SQ":147153726.72,"HOLDER_PROFIT_QOQ_SQ":-33.269886276222,"ROE_AVG_SQ":19.618984215945,"PE_TTM_SQ":23.841802893101,"PB_TTM_SQ":0.9097291988,"ROA_SQ":5.068897478798,"START_DATE":"2023-01-01 00:00:00","FISCAL_YEAR":"12-31","CURRENCY":"HKD","IS_CNY_CODE":0,"DPS_HKD_LY":0.06,"ORG_TYPE":"一般企业","PREMIUM_INCOME":null,"PREMIUM_INCOME_YOY":null,"NET_INTEREST_INCOME":null,"NET_INTEREST_INCOME_YOY":null,"FEE_COMMISSION_INCOME":null,"FEE_COMMISSION_INCOME_YOY":null,"ACCOUNTS_RECE_TDAYS":6.062807941733,"INVENTORY_TDAYS":20.530120718653,"CURRENT_ASSETS_TDAYS":2.845636886149,"TOTAL_ASSETS_TDAYS":2.462806669882,"PREMIUM_EXPENSE":null,"LOAN_DEPOSIT":null,"LOAN_EQUITY":null,"LOAN_ASSETS":null,"DEPOSIT_EQUITY":null,"DEPOSIT_ASSETS":null,"EQUITY_MULTIPLIER":1.924228201054,"EQUITY_RATIO":0.923896199784},{"SECUCODE":"02166.HK","SECURITY_CODE":"02166","SECURITY_NAME_ABBR":"芯智控股","ORG_CODE":"10576247","STD_REPORT_DATE":"2023-06-30 00:00:00","REPORT_DATE":"2023-06-30 00:00:00","DATE_TYPE_CODE":"002","REPORT_TYPE":"2023年中报","PER_NETCASH_OPERATE":0.334719843207,"PER_OI":6.008360138841,"BPS":1.591142289276,"BASIC_EPS":0.024709064,"DILUTED_EPS":0.024616866,"OPERATE_INCOME":2936171621.26,"OPERATE_INCOME_YOY":-43.749712976,"GROSS_PROFIT":211941074.48,"GROSS_PROFIT_YOY":-63.399782244573,"HOLDER_PROFIT":11685174.52,"HOLDER_PROFIT_YOY":-91.2731529298,"GROSS_PROFIT_RATIO":7.218279508779,"EPS_TTM":0.070883982421,"OPERATE_INCOME_QOQ":-21.319087584839,"NET_PROFIT_RATIO":0.6630583015,"ROE_AVG":1.476531490756,"GROSS_PROFIT_QOQ":-37.542664860452,"ROA":0.445940530238,"HOLDER_PROFIT_QOQ":-76.460224071721,"ROE_YEARLY":2.953062981512,"ROIC_YEARLY":1.229136370227,"TOTAL_ASSETS":2603027977.96,"TOTAL_LIABILITIES":1537607251.54,"TAX_EBT":25.590245965184,"OCF_SALES":5.570901801367,"TOTAL_PARENT_EQUITY":777561052.8,"DEBT_ASSET_RATIO":59.0699471753,"OPERATE_PROFIT":57348077.98,"PRETAX_PROFIT":26163948.44,"NETCASH_OPERATE":163571237.74,"NETCASH_INVEST":-75386616.68,"NETCASH_FINANCE":-148368709.52,"END_CASH":392268376.74,"DIVI_RATIO":0.896741376951,"DIVIDEND_RATE":4.166666666667,"CURRENT_RATIO":1.511756209027,"COMMON_ACS":5000000000,"CURRENTDEBT_DEBT":99.295626431967,"ISSUED_COMMON_SHARES":488681030,"HK_COMMON_SHARES":488681030,"PER_SHARES":2000,"TOTAL_MARKET_CAP":820984130.4,"HKSK_MARKET_CAP":820984130.4,"PE_TTM":8.661814800279,"PB_TTM":0.899745118871,"REPORT_DATE_SQ":"2022-06-30 00:00:00","REPORT_TYPE_SQ":"2022年中报","OPERATE_INCOME_SQ":4841699234.12,"DPS_HKD":0.07,"OPERATE_INCOME_QOQ_SQ":8.883255857374,"NET_PROFIT_RATIO_SQ":5.2947709708,"HOLDER_PROFIT_SQ":124199243.7,"HOLDER_PROFIT_QOQ_SQ":26.000122550889,"ROE_AVG_SQ":17.062637019214,"PE_TTM_SQ":23.841802893101,"PB_TTM_SQ":0.9097291988,"ROA_SQ":3.862682347371,"START_DATE":"2023-01-01 00:00:00","FISCAL_YEAR":"12-31","CURRENCY":"HKD","IS_CNY_CODE":0,"DPS_HKD_LY":0.06,"ORG_TYPE":"一般企业","PREMIUM_INCOME":null,"PREMIUM_INCOME_YOY":null,"NET_INTEREST_INCOME":null,"NET_INTEREST_INCOME_YOY":null,"FEE_COMMISSION_INCOME":null,"FEE_COMMISSION_INCOME_YOY":null,"ACCOUNTS_RECE_TDAYS":2.74835134061,"INVENTORY_TDAYS":9.068496472054,"CURRENT_ASSETS_TDAYS":1.25249647855,"TOTAL_ASSETS_TDAYS":1.120529203405,"PREMIUM_EXPENSE":null,"LOAN_DEPOSIT":null,"LOAN_EQUITY":null,"LOAN_ASSETS":null,"DEPOSIT_EQUITY":null,"DEPOSIT_ASSETS":null,"EQUITY_MULTIPLIER":2.443192546765,"EQUITY_RATIO":1.977474625308},{"SECUCODE":"02166.HK","SECURITY_CODE":"02166","SECURITY_NAME_ABBR":"芯智控股","ORG_CODE":"10576247","STD_REPORT_DATE":"2022-12-31 00:00:00","REPORT_DATE":"2022-12-31 00:00:00","DATE_TYPE_CODE":"001","REPORT_TYPE":"2022年年报","PER_NETCASH_OPERATE":1.589837381328,"PER_OI":18.290313612255,"BPS":1.596443485478,"BASIC_EPS":0.303979781,"DILUTED_EPS":0.302729203,"OPERATE_INCOME":8938129295.06,"OPERATE_INCOME_YOY":-3.6887331904,"GROSS_PROFIT":977899293.07,"GROSS_PROFIT_YOY":20.81995601763,"HOLDER_PROFIT":147153726.72,"HOLDER_PROFIT_YOY":-23.0424972321,"GROSS_PROFIT_RATIO":10.940760205947,"EPS_TTM":0.301124286981,"OPERATE_INCOME_QOQ":-3.359790578006,"NET_PROFIT_RATIO":3.7951433119,"ROE_AVG":19.618984215945,"GROSS_PROFIT_QOQ":-6.187249278949,"ROA":5.068897478798,"HOLDER_PROFIT_QOQ":-33.269886276222,"ROE_YEARLY":19.618984215945,"ROIC_YEARLY":6.397397795069,"TOTAL_ASSETS":2555523985.28,"TOTAL_LIABILITIES":1482775497.07,"TAX_EBT":17.140157713977,"OCF_SALES":8.692236858437,"TOTAL_PARENT_EQUITY":780151646.82,"DEBT_ASSET_RATIO":58.0223666696,"OPERATE_PROFIT":480083495.15,"PRETAX_PROFIT":409383854.46,"NETCASH_OPERATE":776923369.04,"NETCASH_INVEST":-66729055.54,"NETCASH_FINANCE":-529512590.6,"END_CASH":441637154.35,"DIVI_RATIO":0.21109091079,"DIVIDEND_RATE":4.166666666667,"CURRENT_RATIO":1.568579097528,"COMMON_ACS":5000000000,"CURRENTDEBT_DEBT":99.158223093471,"ISSUED_COMMON_SHARES":488681030,"HK_COMMON_SHARES":488681030,"PER_SHARES":2000,"TOTAL_MARKET_CAP":820984130.4,"HKSK_MARKET_CAP":820984130.4,"PE_TTM":8.661814800279,"PB_TTM":0.899745118871,"REPORT_DATE_SQ":"2021-12-31 00:00:00","REPORT_TYPE_SQ":"2021年年报","OPERATE_INCOME_SQ":8494301491.2,"DPS_HKD":0.07,"OPERATE_INCOME_QOQ_SQ":24.771211034415,"NET_PROFIT_RATIO_SQ":3.7721554613,"HOLDER_PROFIT_SQ":175016273.6,"HOLDER_PROFIT_QOQ_SQ":57.363553800066,"ROE_AVG_SQ":29.799709744443,"PE_TTM_SQ":23.841802893101,"PB_TTM_SQ":0.9097291988,"ROA_SQ":7.337517725853,"START_DATE":"2022-01-01 00:00:00","FISCAL_YEAR":"12-31","CURRENCY":"HKD","IS_CNY_CODE":0,"DPS_HKD_LY":0.12,"ORG_TYPE":"一般企业","PREMIUM_INCOME":null,"PREMIUM_INCOME_YOY":null,"NET_INTEREST_INCOME":null,"NET_INTEREST_INCOME_YOY":null,"FEE_COMMISSION_INCOME":null,"FEE_COMMISSION_INCOME_YOY":null,"ACCOUNTS_RECE_TDAYS":6.259383293532,"INVENTORY_TDAYS":19.926649180357,"CURRENT_ASSETS_TDAYS":3.352570873436,"TOTAL_ASSETS_TDAYS":3.07885243947,"PREMIUM_EXPENSE":null,"LOAN_DEPOSIT":null,"LOAN_EQUITY":null,"LOAN_ASSETS":null,"DEPOSIT_EQUITY":null,"DEPOSIT_ASSETS":null,"EQUITY_MULTIPLIER":2.382221008338,"EQUITY_RATIO":1.900624709457},{"SECUCODE":"02166.HK","SECURITY_CODE":"02166","SECURITY_NAME_ABBR":"芯智控股","ORG_CODE":"10576247","STD_REPORT_DATE":"2022-06-30 00:00:00","REPORT_DATE":"2022-06-30 00:00:00","DATE_TYPE_CODE":"002","REPORT_TYPE":"2022年中报","PER_NETCASH_OPERATE":0.741137437891,"PER_OI":9.90768811738,"BPS":1.56857244389,"BASIC_EPS":0.254675582,"DILUTED_EPS":0.253649354,"OPERATE_INCOME":4841699234.12,"OPERATE_INCOME_YOY":15.2608886668,"GROSS_PROFIT":579070528.75,"GROSS_PROFIT_YOY":67.33180777017,"HOLDER_PROFIT":124199243.7,"HOLDER_PROFIT_YOY":53.5590424632,"GROSS_PROFIT_RATIO":11.960068165103,"EPS_TTM":0.451256966574,"OPERATE_INCOME_QOQ":8.883255857374,"NET_PROFIT_RATIO":5.2947709708,"ROE_AVG":17.062637019214,"GROSS_PROFIT_QOQ":28.788416381568,"ROA":3.862682347371,"HOLDER_PROFIT_QOQ":26.000122550889,"ROE_YEARLY":34.125274038428,"ROIC_YEARLY":9.494558427524,"TOTAL_ASSETS":3318679390.46,"TOTAL_LIABILITIES":2244537660.33,"TAX_EBT":17.199260840863,"OCF_SALES":7.480427614497,"TOTAL_PARENT_EQUITY":766531597.51,"DEBT_ASSET_RATIO":67.6334588626,"OPERATE_PROFIT":343074006.73,"PRETAX_PROFIT":309607001.27,"NETCASH_OPERATE":362179806.52,"NETCASH_INVEST":-6581542.24,"NETCASH_FINANCE":-159223550.15,"END_CASH":439290578.44,"DIVI_RATIO":0.140861204831,"DIVIDEND_RATE":4.166666666667,"CURRENT_RATIO":1.398743688421,"COMMON_ACS":5000000000,"CURRENTDEBT_DEBT":99.310830154762,"ISSUED_COMMON_SHARES":488681030,"HK_COMMON_SHARES":488681030,"PER_SHARES":2000,"TOTAL_MARKET_CAP":820984130.4,"HKSK_MARKET_CAP":820984130.4,"PE_TTM":8.661814800279,"PB_TTM":0.899745118871,"REPORT_DATE_SQ":"2021-06-30 00:00:00","REPORT_TYPE_SQ":"2021年中报","OPERATE_INCOME_SQ":4087128699.36,"DPS_HKD":0.07,"OPERATE_INCOME_QOQ_SQ":45.981579334481,"NET_PROFIT_RATIO_SQ":3.2905518836,"HOLDER_PROFIT_SQ":78694798.08,"HOLDER_PROFIT_QOQ_SQ":86.113264967982,"ROE_AVG_SQ":14.168752818365,"PE_TTM_SQ":23.841802893101,"PB_TTM_SQ":0.9097291988,"ROA_SQ":3.444162638505,"START_DATE":"2022-01-01 00:00:00","FISCAL_YEAR":"12-31","CURRENCY":"HKD","IS_CNY_CODE":0,"DPS_HKD_LY":0.12,"ORG_TYPE":"一般企业","PREMIUM_INCOME":null,"PREMIUM_INCOME_YOY":null,"NET_INTEREST_INCOME":null,"NET_INTEREST_INCOME_YOY":null,"FEE_COMMISSION_INCOME":null,"FEE_COMMISSION_INCOME_YOY":null,"ACCOUNTS_RECE_TDAYS":2.878904240824,"INVENTORY_TDAYS":7.96091910147,"CURRENT_ASSETS_TDAYS":1.60994526261,"TOTAL_ASSETS_TDAYS":1.505801936129,"PREMIUM_EXPENSE":null,"LOAN_DEPOSIT":null,"LOAN_EQUITY":null,"LOAN_ASSETS":null,"DEPOSIT_EQUITY":null,"DEPOSIT_ASSETS":null,"EQUITY_MULTIPLIER":3.089610334805,"EQUITY_RATIO":2.92817369515},{"SECUCODE":"02166.HK","SECURITY_CODE":"02166","SECURITY_NAME_ABBR":"芯智控股","ORG_CODE":"10576247","STD_REPORT_DATE":"2021-12-31 00:00:00","REPORT_DATE":"2021-12-31 00:00:00","DATE_TYPE_CODE":"001","REPORT_TYPE":"2021年年报","PER_NETCASH_OPERATE":-0.738210869368,"PER_OI":17.38209787108,"BPS":1.348476676494,"BASIC_EPS":0.35827232,"DILUTED_EPS":null,"OPERATE_INCOME":8494301491.2,"OPERATE_INCOME_YOY":87.4985584755,"GROSS_PROFIT":809385572.8,"GROSS_PROFIT_YOY":209.758646548179,"HOLDER_PROFIT":175016273.6,"HOLDER_PROFIT_YOY":201.4858736374,"GROSS_PROFIT_RATIO":9.528571285567,"EPS_TTM":0.358140101325,"OPERATE_INCOME_QOQ":24.771211034415,"NET_PROFIT_RATIO":3.7721554613,"ROE_AVG":29.799709744443,"GROSS_PROFIT_QOQ":62.699793309204,"ROA":7.337517725853,"HOLDER_PROFIT_QOQ":57.363553800066,"ROE_YEARLY":29.799709744443,"ROIC_YEARLY":8.556182008479,"TOTAL_ASSETS":2975255393.6,"TOTAL_LIABILITIES":2122600793.6,"TAX_EBT":16.903403368383,"OCF_SALES":-4.246960722712,"TOTAL_PARENT_EQUITY":658974971.2,"DEBT_ASSET_RATIO":71.341801385,"OPERATE_PROFIT":433513595.2,"PRETAX_PROFIT":385597329.6,"NETCASH_OPERATE":-360749648,"NETCASH_INVEST":-229850252.8,"NETCASH_FINANCE":633658804.8,"END_CASH":237865185.6,"DIVI_RATIO":0.177485290714,"DIVIDEND_RATE":4.166666666667,"CURRENT_RATIO":1.317321075443,"COMMON_ACS":5000000000,"CURRENTDEBT_DEBT":99.04739197022,"ISSUED_COMMON_SHARES":488681030,"HK_COMMON_SHARES":488681030,"PER_SHARES":2000,"TOTAL_MARKET_CAP":820984130.4,"HKSK_MARKET_CAP":820984130.4,"PE_TTM":8.661814800279,"PB_TTM":0.899745118871,"REPORT_DATE_SQ":"2020-12-31 00:00:00","REPORT_TYPE_SQ":"2020年年报","OPERATE_INCOME_SQ":4663534814.76,"DPS_HKD":0.07,"OPERATE_INCOME_QOQ_SQ":6.702235052321,"NET_PROFIT_RATIO_SQ":1.5403512248,"HOLDER_PROFIT_SQ":59758123.28,"HOLDER_PROFIT_QOQ_SQ":18.596963826981,"ROE_AVG_SQ":11.739244013981,"PE_TTM_SQ":23.841802893101,"PB_TTM_SQ":0.9097291988,"ROA_SQ":3.76284365454,"START_DATE":"2021-01-01 00:00:00","FISCAL_YEAR":"12-31","CURRENCY":"HKD","IS_CNY_CODE":0,"DPS_HKD_LY":0.08,"ORG_TYPE":"一般企业","PREMIUM_INCOME":null,"PREMIUM_INCOME_YOY":null,"NET_INTEREST_INCOME":null,"NET_INTEREST_INCOME_YOY":null,"FEE_COMMISSION_INCOME":null,"FEE_COMMISSION_INCOME_YOY":null,"ACCOUNTS_RECE_TDAYS":6.73118100528,"INVENTORY_TDAYS":18.388453220204,"CURRENT_ASSETS_TDAYS":3.850344719471,"TOTAL_ASSETS_TDAYS":3.56121670736,"PREMIUM_EXPENSE":null,"LOAN_DEPOSIT":null,"LOAN_EQUITY":null,"LOAN_ASSETS":null,"DEPOSIT_EQUITY":null,"DEPOSIT_ASSETS":null,"EQUITY_MULTIPLIER":3.489402852685,"EQUITY_RATIO":3.221064359599},{"SECUCODE":"02166.HK","SECURITY_CODE":"02166","SECURITY_NAME_ABBR":"芯智控股","ORG_CODE":"10576247","STD_REPORT_DATE":"2021-06-30 00:00:00","REPORT_DATE":"2021-06-30 00:00:00","DATE_TYPE_CODE":"002","REPORT_TYPE":"2021年中报","PER_NETCASH_OPERATE":-0.847140381283,"PER_OI":8.363591890113,"BPS":1.199242903454,"BASIC_EPS":0.161090688,"DILUTED_EPS":0.161090688,"OPERATE_INCOME":4087128699.36,"OPERATE_INCOME_YOY":130.9477385238,"GROSS_PROFIT":346061239.92,"GROSS_PROFIT_YOY":214.930357915608,"HOLDER_PROFIT":78694798.08,"HOLDER_PROFIT_YOY":217.1988194258,"GROSS_PROFIT_RATIO":8.46709916363,"EPS_TTM":0.227587705461,"OPERATE_INCOME_QOQ":45.981579334481,"NET_PROFIT_RATIO":3.2905518836,"ROE_AVG":14.168752818365,"GROSS_PROFIT_QOQ":90.386625728218,"ROA":3.444162638505,"HOLDER_PROFIT_QOQ":86.113264967982,"ROE_YEARLY":28.33750563673,"ROIC_YEARLY":7.744683238025,"TOTAL_ASSETS":2742762005.76,"TOTAL_LIABILITIES":2047128148.32,"TAX_EBT":17.259208067778,"OCF_SALES":-10.128906245229,"TOTAL_PARENT_EQUITY":586047257.28,"DEBT_ASSET_RATIO":74.637469238,"OPERATE_PROFIT":180659545.44,"PRETAX_PROFIT":162542667.6,"NETCASH_OPERATE":-413981434.08,"NETCASH_INVEST":-98019856.08,"NETCASH_FINANCE":456381734.64,"END_CASH":143402331.36,"DIVI_RATIO":0.27929716094,"DIVIDEND_RATE":4.166666666667,"CURRENT_RATIO":1.26218309277,"COMMON_ACS":5000000000,"CURRENTDEBT_DEBT":98.834795106522,"ISSUED_COMMON_SHARES":488681030,"HK_COMMON_SHARES":488681030,"PER_SHARES":2000,"TOTAL_MARKET_CAP":820984130.4,"HKSK_MARKET_CAP":820984130.4,"PE_TTM":8.661814800279,"PB_TTM":0.899745118871,"REPORT_DATE_SQ":"2020-06-30 00:00:00","REPORT_TYPE_SQ":"2020年中报","OPERATE_INCOME_SQ":1942761738.72,"DPS_HKD":0.07,"OPERATE_INCOME_QOQ_SQ":2.441644372707,"NET_PROFIT_RATIO_SQ":1.6380932857,"HOLDER_PROFIT_SQ":27235127.04,"HOLDER_PROFIT_QOQ_SQ":2.083289175805,"ROE_AVG_SQ":5.066616594121,"PE_TTM_SQ":23.841802893101,"PB_TTM_SQ":0.9097291988,"ROA_SQ":1.935322855095,"START_DATE":"2021-01-01 00:00:00","FISCAL_YEAR":"12-31","CURRENCY":"HKD","IS_CNY_CODE":0,"DPS_HKD_LY":0.08,"ORG_TYPE":"一般企业","PREMIUM_INCOME":null,"PREMIUM_INCOME_YOY":null,"NET_INTEREST_INCOME":null,"NET_INTEREST_INCOME_YOY":null,"FEE_COMMISSION_INCOME":null,"FEE_COMMISSION_INCOME_YOY":null,"ACCOUNTS_RECE_TDAYS":3.331723749902,"INVENTORY_TDAYS":8.228234323085,"CURRENT_ASSETS_TDAYS":1.934481275638,"TOTAL_ASSETS_TDAYS":1.788775917664,"PREMIUM_EXPENSE":null,"LOAN_DEPOSIT":null,"LOAN_EQUITY":null,"LOAN_ASSETS":null,"DEPOSIT_EQUITY":null,"DEPOSIT_ASSETS":null,"EQUITY_MULTIPLIER":3.942824197569,"EQUITY_RATIO":3.493111046746},{"SECUCODE":"02166.HK","SECURITY_CODE":"02166","SECURITY_NAME_ABBR":"芯智控股","ORG_CODE":"10576247","STD_REPORT_DATE":"2020-12-31 00:00:00","REPORT_DATE":"2020-12-31 00:00:00","DATE_TYPE_CODE":"001","REPORT_TYPE":"2020年年报","PER_NETCASH_OPERATE":-0.326160983488,"PER_OI":9.460365613391,"BPS":1.086196924648,"BASIC_EPS":0.121364488,"DILUTED_EPS":null,"OPERATE_INCOME":4663534814.76,"OPERATE_INCOME_YOY":16.338926383,"GROSS_PROFIT":261295554.4,"GROSS_PROFIT_YOY":7.662372108119,"HOLDER_PROFIT":59758123.28,"HOLDER_PROFIT_YOY":28.8555769301,"GROSS_PROFIT_RATIO":5.602950653933,"EPS_TTM":0.121224289526,"OPERATE_INCOME_QOQ":6.702235052321,"NET_PROFIT_RATIO":1.5403512248,"ROE_AVG":11.739244013981,"GROSS_PROFIT_QOQ":7.54831920835,"ROA":3.76284365454,"HOLDER_PROFIT_QOQ":18.596963826981,"ROE_YEARLY":11.739244013981,"ROIC_YEARLY":4.394318986389,"TOTAL_ASSETS":1847978006.68,"TOTAL_LIABILITIES":1262749524.16,"TAX_EBT":16.28233170837,"OCF_SALES":-3.447657276861,"TOTAL_PARENT_EQUITY":530803831.92,"DEBT_ASSET_RATIO":68.3314151789,"OPERATE_PROFIT":101099480.08,"PRETAX_PROFIT":85806039.64,"NETCASH_OPERATE":-160782697.4,"NETCASH_INVEST":-10057598,"NETCASH_FINANCE":215560836.8,"END_CASH":200779113.48,"DIVI_RATIO":0.52435531071,"DIVIDEND_RATE":4.166666666667,"CURRENT_RATIO":1.356295628753,"COMMON_ACS":5000000000,"CURRENTDEBT_DEBT":98.736356462251,"ISSUED_COMMON_SHARES":488681030,"HK_COMMON_SHARES":488681030,"PER_SHARES":2000,"TOTAL_MARKET_CAP":820984130.4,"HKSK_MARKET_CAP":820984130.4,"PE_TTM":8.661814800279,"PB_TTM":0.899745118871,"REPORT_DATE_SQ":"2019-12-31 00:00:00","REPORT_TYPE_SQ":"2019年年报","OPERATE_INCOME_SQ":4266435316.48,"DPS_HKD":0.07,"OPERATE_INCOME_QOQ_SQ":0.292741121319,"NET_PROFIT_RATIO_SQ":1.297026801,"HOLDER_PROFIT_SQ":49359269.56,"HOLDER_PROFIT_QOQ_SQ":-24.552503138729,"ROE_AVG_SQ":9.605089989977,"PE_TTM_SQ":23.841802893101,"PB_TTM_SQ":0.9097291988,"ROA_SQ":3.978855784711,"START_DATE":"2020-01-01 00:00:00","FISCAL_YEAR":"12-31","CURRENCY":"HKD","IS_CNY_CODE":0,"DPS_HKD_LY":0.04,"ORG_TYPE":"一般企业","PREMIUM_INCOME":null,"PREMIUM_INCOME_YOY":null,"NET_INTEREST_INCOME":null,"NET_INTEREST_INCOME_YOY":null,"FEE_COMMISSION_INCOME":null,"FEE_COMMISSION_INCOME_YOY":null,"ACCOUNTS_RECE_TDAYS":5.850105156024,"INVENTORY_TDAYS":17.474393346396,"CURRENT_ASSETS_TDAYS":3.255865292832,"TOTAL_ASSETS_TDAYS":2.936530035126,"PREMIUM_EXPENSE":null,"LOAN_DEPOSIT":null,"LOAN_EQUITY":null,"LOAN_ASSETS":null,"DEPOSIT_EQUITY":null,"DEPOSIT_ASSETS":null,"EQUITY_MULTIPLIER":3.157703464329,"EQUITY_RATIO":2.37893822204},{"SECUCODE":"02166.HK","SECURITY_CODE":"02166","SECURITY_NAME_ABBR":"芯智控股","ORG_CODE":"10576247","STD_REPORT_DATE":"2020-06-30 00:00:00","REPORT_DATE":"2020-06-30 00:00:00","DATE_TYPE_CODE":"002","REPORT_TYPE":"2020年中报","PER_NETCASH_OPERATE":0.214027583327,"PER_OI":3.941052673141,"BPS":1.117750403366,"BASIC_EPS":0.05526312,"DILUTED_EPS":null,"OPERATE_INCOME":1942761738.72,"OPERATE_INCOME_YOY":1.75818077,"GROSS_PROFIT":109885005.12,"GROSS_PROFIT_YOY":0.234774413959,"HOLDER_PROFIT":27235127.04,"HOLDER_PROFIT_YOY":0.0805585392,"GROSS_PROFIT_RATIO":5.656123596113,"EPS_TTM":0.102215339764,"OPERATE_INCOME_QOQ":2.441644372707,"NET_PROFIT_RATIO":1.6380932857,"ROE_AVG":5.066616594121,"GROSS_PROFIT_QOQ":0.106048054129,"ROA":1.935322855095,"HOLDER_PROFIT_QOQ":2.083289175805,"ROE_YEARLY":10.133233188242,"ROIC_YEARLY":4.66834198392,"TOTAL_ASSETS":1372975222.08,"TOTAL_LIABILITIES":772832353.92,"TAX_EBT":17.493546782864,"OCF_SALES":5.430721207713,"TOTAL_PARENT_EQUITY":546223418.4,"DEBT_ASSET_RATIO":56.2888784511,"OPERATE_PROFIT":47531763.84,"PRETAX_PROFIT":38571830.88,"NETCASH_OPERATE":105505973.76,"NETCASH_INVEST":29740692.96,"NETCASH_FINANCE":-96118550.88,"END_CASH":208615080.96,"DIVI_RATIO":0.621869478168,"DIVIDEND_RATE":4.166666666667,"CURRENT_RATIO":1.591244560675,"COMMON_ACS":5000000000,"CURRENTDEBT_DEBT":98.570445874327,"ISSUED_COMMON_SHARES":488681030,"HK_COMMON_SHARES":488681030,"PER_SHARES":2000,"TOTAL_MARKET_CAP":820984130.4,"HKSK_MARKET_CAP":820984130.4,"PE_TTM":8.661814800279,"PB_TTM":0.899745118871,"REPORT_DATE_SQ":"2019-06-30 00:00:00","REPORT_TYPE_SQ":"2019年中报","OPERATE_INCOME_SQ":1838590560.9,"DPS_HKD":0.07,"OPERATE_INCOME_QOQ_SQ":-1.632990528578,"NET_PROFIT_RATIO_SQ":1.5269973183,"HOLDER_PROFIT_SQ":26206830.72,"HOLDER_PROFIT_QOQ_SQ":-7.149643959917,"ROE_AVG_SQ":5.197070716586,"PE_TTM_SQ":23.841802893101,"PB_TTM_SQ":0.9097291988,"ROA_SQ":2.171779190299,"START_DATE":"2020-01-01 00:00:00","FISCAL_YEAR":"12-31","CURRENCY":"HKD","IS_CNY_CODE":0,"DPS_HKD_LY":0.04,"ORG_TYPE":"一般企业","PREMIUM_INCOME":null,"PREMIUM_INCOME_YOY":null,"NET_INTEREST_INCOME":null,"NET_INTEREST_INCOME_YOY":null,"FEE_COMMISSION_INCOME":null,"FEE_COMMISSION_INCOME_YOY":null,"ACCOUNTS_RECE_TDAYS":2.879590955309,"INVENTORY_TDAYS":10.759061662198,"CURRENT_ASSETS_TDAYS":1.56296884737,"TOTAL_ASSETS_TDAYS":1.380522730599,"PREMIUM_EXPENSE":null,"LOAN_DEPOSIT":null,"LOAN_EQUITY":null,"LOAN_ASSETS":null,"DEPOSIT_EQUITY":null,"DEPOSIT_ASSETS":null,"EQUITY_MULTIPLIER":2.287747293057,"EQUITY_RATIO":1.414864921361}],"count":22},"success":true,"message":"ok","code":0}