{"version":"71e25d044760b26ded29c469239c8cd6","result":{"pages":2,"data":[{"SECUCODE":"02160.HK","SECURITY_CODE":"02160","SECURITY_NAME_ABBR":"心通医疗-B","ORG_CODE":"10000140287","STD_REPORT_DATE":"2024-06-30 00:00:00","REPORT_DATE":"2024-06-30 00:00:00","DATE_TYPE_CODE":"002","REPORT_TYPE":"2024年中报","PER_NETCASH_OPERATE":-0.035171289008,"PER_OI":0.092488876031,"BPS":0.895563878444,"BASIC_EPS":-0.02,"DILUTED_EPS":-0.02,"OPERATE_INCOME":223138000,"OPERATE_INCOME_YOY":26.465354054,"GROSS_PROFIT":158224000,"GROSS_PROFIT_YOY":35.671351277192,"HOLDER_PROFIT":-56461000,"HOLDER_PROFIT_YOY":68.528221536,"GROSS_PROFIT_RATIO":70.908585718255,"EPS_TTM":-0.144488947478,"OPERATE_INCOME_QOQ":13.888731912615,"NET_PROFIT_RATIO":-25.8821894971,"ROE_AVG":-2.511893019988,"GROSS_PROFIT_QOQ":18.092819150093,"ROA":-2.225270562056,"HOLDER_PROFIT_QOQ":26.072563166177,"ROE_YEARLY":-5.023786039977,"ROIC_YEARLY":-9.361964253218,"TOTAL_ASSETS":2497421000,"TOTAL_LIABILITIES":299804000,"TAX_EBT":-6.825370401199,"OCF_SALES":-38.02758830858,"TOTAL_PARENT_EQUITY":2160631000,"DEBT_ASSET_RATIO":12.0045438875,"OPERATE_PROFIT":-28480000,"PRETAX_PROFIT":-54063000,"NETCASH_OPERATE":-84854000,"NETCASH_INVEST":-130326000,"NETCASH_FINANCE":-53560000,"END_CASH":801097000,"DIVI_RATIO":null,"DIVIDEND_RATE":null,"CURRENT_RATIO":7.602505370084,"COMMON_ACS":10000000000,"CURRENTDEBT_DEBT":83.075942949394,"ISSUED_COMMON_SHARES":2412592839,"HK_COMMON_SHARES":2412592839,"PER_SHARES":1000,"TOTAL_MARKET_CAP":2195459483.49,"HKSK_MARKET_CAP":2195459483.49,"PE_TTM":-5.66409295645,"PB_TTM":0.9273920264,"REPORT_DATE_SQ":"2023-06-30 00:00:00","REPORT_TYPE_SQ":"2023年中报","OPERATE_INCOME_SQ":176442000,"DPS_HKD":null,"OPERATE_INCOME_QOQ_SQ":20.579541561432,"NET_PROFIT_RATIO_SQ":-101.6776051054,"HOLDER_PROFIT_SQ":-179402000,"HOLDER_PROFIT_QOQ_SQ":-12.54899371692,"ROE_AVG_SQ":-6.629065430437,"PE_TTM_SQ":-5.857119804837,"PB_TTM_SQ":1.137695956213,"ROA_SQ":-6.079603969388,"START_DATE":"2024-01-01 00:00:00","FISCAL_YEAR":"12-31","CURRENCY":"HKD","IS_CNY_CODE":0,"DPS_HKD_LY":null,"ORG_TYPE":"一般企业","PREMIUM_INCOME":null,"PREMIUM_INCOME_YOY":null,"NET_INTEREST_INCOME":null,"NET_INTEREST_INCOME_YOY":null,"FEE_COMMISSION_INCOME":null,"FEE_COMMISSION_INCOME_YOY":null,"ACCOUNTS_RECE_TDAYS":1.241590367211,"INVENTORY_TDAYS":0.538015573393,"CURRENT_ASSETS_TDAYS":0.113416152162,"TOTAL_ASSETS_TDAYS":0.087944319561,"PREMIUM_EXPENSE":null,"LOAN_DEPOSIT":null,"LOAN_EQUITY":null,"LOAN_ASSETS":null,"DEPOSIT_EQUITY":null,"DEPOSIT_ASSETS":null,"EQUITY_MULTIPLIER":1.136422315627,"EQUITY_RATIO":0.138757612938},{"SECUCODE":"02160.HK","SECURITY_CODE":"02160","SECURITY_NAME_ABBR":"心通医疗-B","ORG_CODE":"10000140287","STD_REPORT_DATE":"2023-12-31 00:00:00","REPORT_DATE":"2023-12-31 00:00:00","DATE_TYPE_CODE":"001","REPORT_TYPE":"2023年年报","PER_NETCASH_OPERATE":-0.085797666056,"PER_OI":0.139364989216,"BPS":0.96778161746,"BASIC_EPS":-0.2,"DILUTED_EPS":-0.2,"OPERATE_INCOME":336215000,"OPERATE_INCOME_YOY":33.9363253209,"GROSS_PROFIT":229931000,"GROSS_PROFIT_YOY":41.818910750632,"HOLDER_PROFIT":-471534000,"HOLDER_PROFIT_YOY":-3.7718284752,"GROSS_PROFIT_RATIO":68.388085005131,"EPS_TTM":-0.195456272995,"OPERATE_INCOME_QOQ":11.077155864493,"NET_PROFIT_RATIO":-140.247758131,"ROE_AVG":-18.533036144872,"GROSS_PROFIT_QOQ":15.363504089107,"ROA":-16.905801677874,"HOLDER_PROFIT_QOQ":7.798528402458,"ROE_YEARLY":-18.533036144872,"ROIC_YEARLY":-35.628276157788,"TOTAL_ASSETS":2577108000,"TOTAL_LIABILITIES":242245000,"TAX_EBT":-1.715338386736,"OCF_SALES":-61.563285397737,"TOTAL_PARENT_EQUITY":2334863000,"DEBT_ASSET_RATIO":9.3998776924,"OPERATE_PROFIT":-313651000,"PRETAX_PROFIT":-463582000,"NETCASH_OPERATE":-206985000,"NETCASH_INVEST":-596056000,"NETCASH_FINANCE":-25609000,"END_CASH":1065085000,"DIVI_RATIO":null,"DIVIDEND_RATE":null,"CURRENT_RATIO":10.54501686615,"COMMON_ACS":10000000000,"CURRENTDEBT_DEBT":79.912072488596,"ISSUED_COMMON_SHARES":2412592839,"HK_COMMON_SHARES":2412592839,"PER_SHARES":1000,"TOTAL_MARKET_CAP":1761192772.47,"HKSK_MARKET_CAP":1761192772.47,"PE_TTM":-4.543722921108,"PB_TTM":0.743951845353,"REPORT_DATE_SQ":"2022-12-31 00:00:00","REPORT_TYPE_SQ":"2022年年报","OPERATE_INCOME_SQ":251026000,"DPS_HKD":null,"OPERATE_INCOME_QOQ_SQ":4.85543145003,"NET_PROFIT_RATIO_SQ":-181.0151139723,"HOLDER_PROFIT_SQ":-454395000,"HOLDER_PROFIT_QOQ_SQ":-92.884340285,"ROE_AVG_SQ":-15.534369915228,"PE_TTM_SQ":-6.976834377036,"PB_TTM_SQ":1.355191036278,"ROA_SQ":-14.2818460935,"START_DATE":"2023-01-01 00:00:00","FISCAL_YEAR":"12-31","CURRENCY":"HKD","IS_CNY_CODE":0,"DPS_HKD_LY":null,"ORG_TYPE":"一般企业","PREMIUM_INCOME":null,"PREMIUM_INCOME_YOY":null,"NET_INTEREST_INCOME":null,"NET_INTEREST_INCOME_YOY":null,"FEE_COMMISSION_INCOME":null,"FEE_COMMISSION_INCOME_YOY":null,"ACCOUNTS_RECE_TDAYS":2.96412702331,"INVENTORY_TDAYS":0.896964377643,"CURRENT_ASSETS_TDAYS":0.155903961509,"TOTAL_ASSETS_TDAYS":0.120542402268,"PREMIUM_EXPENSE":null,"LOAN_DEPOSIT":null,"LOAN_EQUITY":null,"LOAN_ASSETS":null,"DEPOSIT_EQUITY":null,"DEPOSIT_ASSETS":null,"EQUITY_MULTIPLIER":1.103751269347,"EQUITY_RATIO":0.103751269346},{"SECUCODE":"02160.HK","SECURITY_CODE":"02160","SECURITY_NAME_ABBR":"心通医疗-B","ORG_CODE":"10000140287","STD_REPORT_DATE":"2023-06-30 00:00:00","REPORT_DATE":"2023-06-30 00:00:00","DATE_TYPE_CODE":"002","REPORT_TYPE":"2023年中报","PER_NETCASH_OPERATE":-0.051931261365,"PER_OI":0.07317873381,"BPS":1.102081112494,"BASIC_EPS":-0.08,"DILUTED_EPS":-0.08,"OPERATE_INCOME":176442000,"OPERATE_INCOME_YOY":41.4002019522,"GROSS_PROFIT":116623000,"GROSS_PROFIT_YOY":46.800850924562,"HOLDER_PROFIT":-179402000,"HOLDER_PROFIT_YOY":-46.594214741,"GROSS_PROFIT_RATIO":66.097074392718,"EPS_TTM":-0.212108503127,"OPERATE_INCOME_QOQ":20.579541561432,"NET_PROFIT_RATIO":-101.6776051054,"ROE_AVG":-6.629065430437,"GROSS_PROFIT_QOQ":22.932214889286,"ROA":-6.079603969388,"HOLDER_PROFIT_QOQ":-12.54899371692,"ROE_YEARLY":-13.258130860875,"ROIC_YEARLY":-24.058289071067,"TOTAL_ASSETS":2900505000,"TOTAL_LIABILITIES":241632000,"TAX_EBT":-2.148278473373,"OCF_SALES":-70.964962990671,"TOTAL_PARENT_EQUITY":2658873000,"DEBT_ASSET_RATIO":8.3306872424,"OPERATE_PROFIT":-135420000,"PRETAX_PROFIT":-175629000,"NETCASH_OPERATE":-125212000,"NETCASH_INVEST":-708451000,"NETCASH_FINANCE":-12152000,"END_CASH":1052658000,"DIVI_RATIO":null,"DIVIDEND_RATE":null,"CURRENT_RATIO":12.395850004139,"COMMON_ACS":10000000000,"CURRENTDEBT_DEBT":74.992136803072,"ISSUED_COMMON_SHARES":2412592839,"HK_COMMON_SHARES":2412592839,"PER_SHARES":1000,"TOTAL_MARKET_CAP":1761192772.47,"HKSK_MARKET_CAP":1761192772.47,"PE_TTM":-4.543722921108,"PB_TTM":0.743951845353,"REPORT_DATE_SQ":"2022-06-30 00:00:00","REPORT_TYPE_SQ":"2022年中报","OPERATE_INCOME_SQ":124782000,"DPS_HKD":null,"OPERATE_INCOME_QOQ_SQ":19.216385393376,"NET_PROFIT_RATIO_SQ":-98.0750428748,"HOLDER_PROFIT_SQ":-122380000,"HOLDER_PROFIT_QOQ_SQ":-28.546250218264,"ROE_AVG_SQ":-4.01830136308,"PE_TTM_SQ":-6.976834377036,"PB_TTM_SQ":1.355191036278,"ROA_SQ":-3.717416222582,"START_DATE":"2023-01-01 00:00:00","FISCAL_YEAR":"12-31","CURRENCY":"HKD","IS_CNY_CODE":0,"DPS_HKD_LY":null,"ORG_TYPE":"一般企业","PREMIUM_INCOME":null,"PREMIUM_INCOME_YOY":null,"NET_INTEREST_INCOME":null,"NET_INTEREST_INCOME_YOY":null,"FEE_COMMISSION_INCOME":null,"FEE_COMMISSION_INCOME_YOY":null,"ACCOUNTS_RECE_TDAYS":1.665552786588,"INVENTORY_TDAYS":0.5293904209,"CURRENT_ASSETS_TDAYS":0.078106967794,"TOTAL_ASSETS_TDAYS":0.05979295011,"PREMIUM_EXPENSE":null,"LOAN_DEPOSIT":null,"LOAN_EQUITY":null,"LOAN_ASSETS":null,"DEPOSIT_EQUITY":null,"DEPOSIT_ASSETS":null,"EQUITY_MULTIPLIER":1.090877601149,"EQUITY_RATIO":0.090877601149},{"SECUCODE":"02160.HK","SECURITY_CODE":"02160","SECURITY_NAME_ABBR":"心通医疗-B","ORG_CODE":"10000140287","STD_REPORT_DATE":"2022-12-31 00:00:00","REPORT_DATE":"2022-12-31 00:00:00","DATE_TYPE_CODE":"001","REPORT_TYPE":"2022年年报","PER_NETCASH_OPERATE":-0.075758747816,"PER_OI":0.104186747689,"BPS":1.141392345814,"BASIC_EPS":-0.19,"DILUTED_EPS":-0.19,"OPERATE_INCOME":251026000,"OPERATE_INCOME_YOY":25.0048552634,"GROSS_PROFIT":162130000,"GROSS_PROFIT_YOY":36.586886378379,"HOLDER_PROFIT":-454395000,"HOLDER_PROFIT_YOY":-147.9455866946,"GROSS_PROFIT_RATIO":64.586935217866,"EPS_TTM":-0.188593760073,"OPERATE_INCOME_QOQ":4.85543145003,"NET_PROFIT_RATIO":-181.0151139723,"ROE_AVG":-15.534369915228,"GROSS_PROFIT_QOQ":7.632457695193,"ROA":-14.2818460935,"HOLDER_PROFIT_QOQ":-92.884340285,"ROE_YEARLY":-15.534369915228,"ROIC_YEARLY":-39.76548258622,"TOTAL_ASSETS":3001261000,"TOTAL_LIABILITIES":247546000,"TAX_EBT":-0.686019689829,"OCF_SALES":-72.714380183726,"TOTAL_PARENT_EQUITY":2753715000,"DEBT_ASSET_RATIO":8.2480663961,"OPERATE_PROFIT":-376579000,"PRETAX_PROFIT":-451299000,"NETCASH_OPERATE":-182532000,"NETCASH_INVEST":-179778000,"NETCASH_FINANCE":-136420000,"END_CASH":1866319000,"DIVI_RATIO":null,"DIVIDEND_RATE":null,"CURRENT_RATIO":12.818263376761,"COMMON_ACS":10000000000,"CURRENTDEBT_DEBT":71.59437033925,"ISSUED_COMMON_SHARES":2412592839,"HK_COMMON_SHARES":2412592839,"PER_SHARES":1000,"TOTAL_MARKET_CAP":1761192772.47,"HKSK_MARKET_CAP":1761192772.47,"PE_TTM":-4.543722921108,"PB_TTM":0.743951845353,"REPORT_DATE_SQ":"2021-12-31 00:00:00","REPORT_TYPE_SQ":"2021年年报","OPERATE_INCOME_SQ":200813000,"DPS_HKD":null,"OPERATE_INCOME_QOQ_SQ":32.7531269006,"NET_PROFIT_RATIO_SQ":-91.2610239377,"HOLDER_PROFIT_SQ":-183264000,"HOLDER_PROFIT_QOQ_SQ":47.087967293767,"ROE_AVG_SQ":-13.322041660458,"PE_TTM_SQ":-6.976834377036,"PB_TTM_SQ":1.355191036278,"ROA_SQ":-8.192083766095,"START_DATE":"2022-01-01 00:00:00","FISCAL_YEAR":"12-31","CURRENCY":"HKD","IS_CNY_CODE":0,"DPS_HKD_LY":null,"ORG_TYPE":"一般企业","PREMIUM_INCOME":null,"PREMIUM_INCOME_YOY":null,"NET_INTEREST_INCOME":null,"NET_INTEREST_INCOME_YOY":null,"FEE_COMMISSION_INCOME":null,"FEE_COMMISSION_INCOME_YOY":null,"ACCOUNTS_RECE_TDAYS":2.567371171715,"INVENTORY_TDAYS":0.90319893115,"CURRENT_ASSETS_TDAYS":0.103057599331,"TOTAL_ASSETS_TDAYS":0.078898638794,"PREMIUM_EXPENSE":null,"LOAN_DEPOSIT":null,"LOAN_EQUITY":null,"LOAN_ASSETS":null,"DEPOSIT_EQUITY":null,"DEPOSIT_ASSETS":null,"EQUITY_MULTIPLIER":1.089895286913,"EQUITY_RATIO":0.089895286912},{"SECUCODE":"02160.HK","SECURITY_CODE":"02160","SECURITY_NAME_ABBR":"心通医疗-B","ORG_CODE":"10000140287","STD_REPORT_DATE":"2022-06-30 00:00:00","REPORT_DATE":"2022-06-30 00:00:00","DATE_TYPE_CODE":"002","REPORT_TYPE":"2022年中报","PER_NETCASH_OPERATE":-0.034177638329,"PER_OI":0.0518555265,"BPS":1.241260834232,"BASIC_EPS":-0.05,"DILUTED_EPS":-0.05,"OPERATE_INCOME":124782000,"OPERATE_INCOME_YOY":44.7704569977,"GROSS_PROFIT":79443000,"GROSS_PROFIT_YOY":67.209698806592,"HOLDER_PROFIT":-122380000,"HOLDER_PROFIT_YOY":-74.6663812174,"GROSS_PROFIT_RATIO":63.665432514305,"EPS_TTM":-0.097899321035,"OPERATE_INCOME_QOQ":19.216385393376,"NET_PROFIT_RATIO":-98.0750428748,"ROE_AVG":-4.01830136308,"GROSS_PROFIT_QOQ":26.90120555008,"ROA":-3.717416222582,"HOLDER_PROFIT_QOQ":-28.546250218264,"ROE_YEARLY":-8.03660272616,"ROIC_YEARLY":-20.098142260294,"TOTAL_ASSETS":3222151000,"TOTAL_LIABILITIES":227494000,"TAX_EBT":-0.676220405074,"OCF_SALES":-65.909345899248,"TOTAL_PARENT_EQUITY":2994657000,"DEBT_ASSET_RATIO":7.060314678,"OPERATE_PROFIT":-103309000,"PRETAX_PROFIT":-121558000,"NETCASH_OPERATE":-82243000,"NETCASH_INVEST":-159241000,"NETCASH_FINANCE":-122505000,"END_CASH":1936935000,"DIVI_RATIO":null,"DIVIDEND_RATE":null,"CURRENT_RATIO":16.28764103946,"COMMON_ACS":10000000000,"CURRENTDEBT_DEBT":63.618820716151,"ISSUED_COMMON_SHARES":2412592839,"HK_COMMON_SHARES":2412592839,"PER_SHARES":1000,"TOTAL_MARKET_CAP":1761192772.47,"HKSK_MARKET_CAP":1761192772.47,"PE_TTM":-4.543722921108,"PB_TTM":0.743951845353,"REPORT_DATE_SQ":"2021-06-30 00:00:00","REPORT_TYPE_SQ":"2021年中报","OPERATE_INCOME_SQ":86193000,"DPS_HKD":null,"OPERATE_INCOME_QOQ_SQ":45.542363422941,"NET_PROFIT_RATIO_SQ":-81.2885037068,"HOLDER_PROFIT_SQ":-70065000,"HOLDER_PROFIT_QOQ_SQ":12.994898100164,"ROE_AVG_SQ":-4.794442511339,"PE_TTM_SQ":-6.976834377036,"PB_TTM_SQ":1.355191036278,"ROA_SQ":-3.117271056429,"START_DATE":"2022-01-01 00:00:00","FISCAL_YEAR":"12-31","CURRENCY":"HKD","IS_CNY_CODE":0,"DPS_HKD_LY":null,"ORG_TYPE":"一般企业","PREMIUM_INCOME":null,"PREMIUM_INCOME_YOY":null,"NET_INTEREST_INCOME":null,"NET_INTEREST_INCOME_YOY":null,"FEE_COMMISSION_INCOME":null,"FEE_COMMISSION_INCOME_YOY":null,"ACCOUNTS_RECE_TDAYS":1.122963322939,"INVENTORY_TDAYS":0.471777529201,"CURRENT_ASSETS_TDAYS":0.050344829117,"TOTAL_ASSETS_TDAYS":0.037903794009,"PREMIUM_EXPENSE":null,"LOAN_DEPOSIT":null,"LOAN_EQUITY":null,"LOAN_ASSETS":null,"DEPOSIT_EQUITY":null,"DEPOSIT_ASSETS":null,"EQUITY_MULTIPLIER":1.075966629901,"EQUITY_RATIO":0.075966629901},{"SECUCODE":"02160.HK","SECURITY_CODE":"02160","SECURITY_NAME_ABBR":"心通医疗-B","ORG_CODE":"10000140287","STD_REPORT_DATE":"2021-12-31 00:00:00","REPORT_DATE":"2021-12-31 00:00:00","DATE_TYPE_CODE":"001","REPORT_TYPE":"2021年年报","PER_NETCASH_OPERATE":-0.067192300164,"PER_OI":0.083548011299,"BPS":1.283463148006,"BASIC_EPS":-0.08,"DILUTED_EPS":-0.08,"OPERATE_INCOME":200813000,"OPERATE_INCOME_YOY":93.212038409,"GROSS_PROFIT":118701000,"GROSS_PROFIT_YOY":161.571176729837,"HOLDER_PROFIT":-183264000,"HOLDER_PROFIT_YOY":53.9638320267,"GROSS_PROFIT_RATIO":59.110216968025,"EPS_TTM":-0.076246770591,"OPERATE_INCOME_QOQ":32.7531269006,"NET_PROFIT_RATIO":-91.2610239377,"ROE_AVG":-13.322041660458,"GROSS_PROFIT_QOQ":56.690647482014,"ROA":-8.192083766095,"HOLDER_PROFIT_QOQ":47.087967293767,"ROE_YEARLY":-13.322041660458,"ROIC_YEARLY":-22.211946993556,"TOTAL_ASSETS":3361992000,"TOTAL_LIABILITIES":265518000,"TAX_EBT":-0.335612725909,"OCF_SALES":-80.423578154801,"TOTAL_PARENT_EQUITY":3096474000,"DEBT_ASSET_RATIO":7.8976392567,"OPERATE_PROFIT":-159238000,"PRETAX_PROFIT":-182651000,"NETCASH_OPERATE":-161501000,"NETCASH_INVEST":-437475000,"NETCASH_FINANCE":2226425000,"END_CASH":2211560000,"DIVI_RATIO":null,"DIVIDEND_RATE":null,"CURRENT_RATIO":15.810592699807,"COMMON_ACS":10000000000,"CURRENTDEBT_DEBT":61.929511370227,"ISSUED_COMMON_SHARES":2412592839,"HK_COMMON_SHARES":2412592839,"PER_SHARES":1000,"TOTAL_MARKET_CAP":1761192772.47,"HKSK_MARKET_CAP":1761192772.47,"PE_TTM":-4.543722921108,"PB_TTM":0.743951845353,"REPORT_DATE_SQ":"2020-12-31 00:00:00","REPORT_TYPE_SQ":"2020年年报","OPERATE_INCOME_SQ":103934000,"DPS_HKD":null,"OPERATE_INCOME_QOQ_SQ":383.368988931262,"NET_PROFIT_RATIO_SQ":-383.0190313083,"HOLDER_PROFIT_SQ":-398087000,"HOLDER_PROFIT_QOQ_SQ":-175.450796418538,"ROE_AVG_SQ":373.19490015937,"PE_TTM_SQ":-6.976834377036,"PB_TTM_SQ":1.355191036278,"ROA_SQ":-48.017798889198,"START_DATE":"2021-01-01 00:00:00","FISCAL_YEAR":"12-31","CURRENCY":"HKD","IS_CNY_CODE":0,"DPS_HKD_LY":null,"ORG_TYPE":"一般企业","PREMIUM_INCOME":null,"PREMIUM_INCOME_YOY":null,"NET_INTEREST_INCOME":null,"NET_INTEREST_INCOME_YOY":null,"FEE_COMMISSION_INCOME":null,"FEE_COMMISSION_INCOME_YOY":null,"ACCOUNTS_RECE_TDAYS":2.627066980638,"INVENTORY_TDAYS":1.091182118391,"CURRENT_ASSETS_TDAYS":0.120980177223,"TOTAL_ASSETS_TDAYS":0.089765415866,"PREMIUM_EXPENSE":null,"LOAN_DEPOSIT":null,"LOAN_EQUITY":null,"LOAN_ASSETS":null,"DEPOSIT_EQUITY":null,"DEPOSIT_ASSETS":null,"EQUITY_MULTIPLIER":1.085748499745,"EQUITY_RATIO":0.085748499745},{"SECUCODE":"02160.HK","SECURITY_CODE":"02160","SECURITY_NAME_ABBR":"心通医疗-B","ORG_CODE":"10000140287","STD_REPORT_DATE":"2021-06-30 00:00:00","REPORT_DATE":"2021-06-30 00:00:00","DATE_TYPE_CODE":"002","REPORT_TYPE":"2021年中报","PER_NETCASH_OPERATE":-0.018462867022,"PER_OI":0.035895021817,"BPS":1.35453564612,"BASIC_EPS":-0.03,"DILUTED_EPS":-0.03,"OPERATE_INCOME":86193000,"OPERATE_INCOME_YOY":121.8096193932,"GROSS_PROFIT":47511000,"GROSS_PROFIT_YOY":177.258403361345,"HOLDER_PROFIT":-70065000,"HOLDER_PROFIT_YOY":42.4734802457,"GROSS_PROFIT_RATIO":55.121645609272,"EPS_TTM":-0.144239743094,"OPERATE_INCOME_QOQ":45.542363422941,"NET_PROFIT_RATIO":-81.2885037068,"ROE_AVG":-4.794442511339,"GROSS_PROFIT_QOQ":66.934773027766,"ROA":-3.117271056429,"HOLDER_PROFIT_QOQ":12.994898100164,"ROE_YEARLY":-9.588885022679,"ROIC_YEARLY":-25.316821603399,"TOTAL_ASSETS":3383097000,"TOTAL_LIABILITIES":115154000,"TAX_EBT":-0.717304430325,"OCF_SALES":-51.435731439908,"TOTAL_PARENT_EQUITY":3267943000,"DEBT_ASSET_RATIO":3.4038042657,"OPERATE_PROFIT":-52397000,"PRETAX_PROFIT":-69566000,"NETCASH_OPERATE":-44334000,"NETCASH_INVEST":-67942000,"NETCASH_FINANCE":2282857000,"END_CASH":2775793000,"DIVI_RATIO":null,"DIVIDEND_RATE":null,"CURRENT_RATIO":31.001198745598,"COMMON_ACS":10000000000,"CURRENTDEBT_DEBT":81.135696545496,"ISSUED_COMMON_SHARES":2412592839,"HK_COMMON_SHARES":2412592839,"PER_SHARES":1000,"TOTAL_MARKET_CAP":1761192772.47,"HKSK_MARKET_CAP":1761192772.47,"PE_TTM":-4.543722921108,"PB_TTM":0.743951845353,"REPORT_DATE_SQ":"2020-06-30 00:00:00","REPORT_TYPE_SQ":"2020年中报","OPERATE_INCOME_SQ":38859000,"DPS_HKD":null,"OPERATE_INCOME_QOQ_SQ":0,"NET_PROFIT_RATIO_SQ":-313.4306080959,"HOLDER_PROFIT_SQ":-121796000,"HOLDER_PROFIT_QOQ_SQ":0,"ROE_AVG_SQ":null,"PE_TTM_SQ":-6.976834377036,"PB_TTM_SQ":1.355191036278,"ROA_SQ":null,"START_DATE":"2021-01-01 00:00:00","FISCAL_YEAR":"12-31","CURRENCY":"HKD","IS_CNY_CODE":0,"DPS_HKD_LY":null,"ORG_TYPE":"一般企业","PREMIUM_INCOME":null,"PREMIUM_INCOME_YOY":null,"NET_INTEREST_INCOME":null,"NET_INTEREST_INCOME_YOY":null,"FEE_COMMISSION_INCOME":null,"FEE_COMMISSION_INCOME_YOY":null,"ACCOUNTS_RECE_TDAYS":1.81163365036,"INVENTORY_TDAYS":0.584457085874,"CURRENT_ASSETS_TDAYS":0.047667306061,"TOTAL_ASSETS_TDAYS":0.038348240087,"PREMIUM_EXPENSE":null,"LOAN_DEPOSIT":null,"LOAN_EQUITY":null,"LOAN_ASSETS":null,"DEPOSIT_EQUITY":null,"DEPOSIT_ASSETS":null,"EQUITY_MULTIPLIER":1.035237456712,"EQUITY_RATIO":0.035237456712},{"SECUCODE":"02160.HK","SECURITY_CODE":"02160","SECURITY_NAME_ABBR":"心通医疗-B","ORG_CODE":"10000140287","STD_REPORT_DATE":"2020-12-31 00:00:00","REPORT_DATE":"2020-12-31 00:00:00","DATE_TYPE_CODE":"001","REPORT_TYPE":"2020年年报","PER_NETCASH_OPERATE":-0.059676191658,"PER_OI":0.056513246383,"BPS":-0.143075944859,"BASIC_EPS":-0.23,"DILUTED_EPS":-0.23,"OPERATE_INCOME":103934000,"OPERATE_INCOME_YOY":383.3689889313,"GROSS_PROFIT":45380000,"GROSS_PROFIT_YOY":620.088860679149,"HOLDER_PROFIT":-398087000,"HOLDER_PROFIT_YOY":-175.4507964185,"GROSS_PROFIT_RATIO":43.66232416726,"EPS_TTM":-0.216456488858,"OPERATE_INCOME_QOQ":383.368988931262,"NET_PROFIT_RATIO":-383.0190313083,"ROE_AVG":373.19490015937,"GROSS_PROFIT_QOQ":620.088860679149,"ROA":-48.017798889198,"HOLDER_PROFIT_QOQ":-175.450796418538,"ROE_YEARLY":373.19490015937,"ROIC_YEARLY":-85.030074417095,"TOTAL_ASSETS":1112181000,"TOTAL_LIABILITIES":1457365000,"TAX_EBT":null,"OCF_SALES":-105.596821059519,"TOTAL_PARENT_EQUITY":-345184000,"DEBT_ASSET_RATIO":131.0366747858,"OPERATE_PROFIT":-252496000,"PRETAX_PROFIT":-398087000,"NETCASH_OPERATE":-109751000,"NETCASH_INVEST":-56422000,"NETCASH_FINANCE":676421000,"END_CASH":612474000,"DIVI_RATIO":null,"DIVIDEND_RATE":null,"CURRENT_RATIO":0.502878408375,"COMMON_ACS":10000000000,"CURRENTDEBT_DEBT":98.238533243216,"ISSUED_COMMON_SHARES":2412592839,"HK_COMMON_SHARES":2412592839,"PER_SHARES":1000,"TOTAL_MARKET_CAP":1761192772.47,"HKSK_MARKET_CAP":1761192772.47,"PE_TTM":-4.543722921108,"PB_TTM":0.743951845353,"REPORT_DATE_SQ":"2019-12-31 00:00:00","REPORT_TYPE_SQ":"2019年年报","OPERATE_INCOME_SQ":21502000,"DPS_HKD":null,"OPERATE_INCOME_QOQ_SQ":null,"NET_PROFIT_RATIO_SQ":-672.1328248535,"HOLDER_PROFIT_SQ":-144522000,"HOLDER_PROFIT_QOQ_SQ":-139.818794285051,"ROE_AVG_SQ":-71.329613570799,"PE_TTM_SQ":-6.976834377036,"PB_TTM_SQ":1.355191036278,"ROA_SQ":-30.488908578842,"START_DATE":"2020-01-01 00:00:00","FISCAL_YEAR":"12-31","CURRENCY":"HKD","IS_CNY_CODE":0,"DPS_HKD_LY":null,"ORG_TYPE":"一般企业","PREMIUM_INCOME":null,"PREMIUM_INCOME_YOY":null,"NET_INTEREST_INCOME":null,"NET_INTEREST_INCOME_YOY":null,"FEE_COMMISSION_INCOME":null,"FEE_COMMISSION_INCOME_YOY":null,"ACCOUNTS_RECE_TDAYS":3.231929349939,"INVENTORY_TDAYS":1.000982964793,"CURRENT_ASSETS_TDAYS":0.230019575145,"TOTAL_ASSETS_TDAYS":0.125366613573,"PREMIUM_EXPENSE":null,"LOAN_DEPOSIT":null,"LOAN_EQUITY":null,"LOAN_ASSETS":null,"DEPOSIT_EQUITY":null,"DEPOSIT_ASSETS":null,"EQUITY_MULTIPLIER":-3.221994646339,"EQUITY_RATIO":-4.221994646334},{"SECUCODE":"02160.HK","SECURITY_CODE":"02160","SECURITY_NAME_ABBR":"心通医疗-B","ORG_CODE":"10000140287","STD_REPORT_DATE":"2020-06-30 00:00:00","REPORT_DATE":"2020-06-30 00:00:00","DATE_TYPE_CODE":"002","REPORT_TYPE":"2020年中报","PER_NETCASH_OPERATE":null,"PER_OI":null,"BPS":null,"BASIC_EPS":-0.07,"DILUTED_EPS":-0.07,"OPERATE_INCOME":38859000,"OPERATE_INCOME_YOY":null,"GROSS_PROFIT":17136000,"GROSS_PROFIT_YOY":null,"HOLDER_PROFIT":-121796000,"HOLDER_PROFIT_YOY":null,"GROSS_PROFIT_RATIO":44.097892380144,"EPS_TTM":-0.081307611,"OPERATE_INCOME_QOQ":0,"NET_PROFIT_RATIO":-313.4306080959,"ROE_AVG":null,"GROSS_PROFIT_QOQ":0,"ROA":null,"HOLDER_PROFIT_QOQ":0,"ROE_YEARLY":null,"ROIC_YEARLY":null,"TOTAL_ASSETS":null,"TOTAL_LIABILITIES":null,"TAX_EBT":null,"OCF_SALES":-164.687717131167,"TOTAL_PARENT_EQUITY":null,"DEBT_ASSET_RATIO":null,"OPERATE_PROFIT":-68779000,"PRETAX_PROFIT":-121796000,"NETCASH_OPERATE":-63996000,"NETCASH_INVEST":-9789000,"NETCASH_FINANCE":681084000,"END_CASH":721735000,"DIVI_RATIO":null,"DIVIDEND_RATE":null,"CURRENT_RATIO":null,"COMMON_ACS":10000000000,"CURRENTDEBT_DEBT":null,"ISSUED_COMMON_SHARES":2412592839,"HK_COMMON_SHARES":2412592839,"PER_SHARES":1000,"TOTAL_MARKET_CAP":1761192772.47,"HKSK_MARKET_CAP":1761192772.47,"PE_TTM":-4.543722921108,"PB_TTM":0.743951845353,"REPORT_DATE_SQ":"2019-06-30 00:00:00","REPORT_TYPE_SQ":"2019年中报","OPERATE_INCOME_SQ":null,"DPS_HKD":null,"OPERATE_INCOME_QOQ_SQ":null,"NET_PROFIT_RATIO_SQ":null,"HOLDER_PROFIT_SQ":null,"HOLDER_PROFIT_QOQ_SQ":0,"ROE_AVG_SQ":null,"PE_TTM_SQ":-6.976834377036,"PB_TTM_SQ":1.355191036278,"ROA_SQ":null,"START_DATE":"2020-01-01 00:00:00","FISCAL_YEAR":"12-31","CURRENCY":"HKD","IS_CNY_CODE":0,"DPS_HKD_LY":null,"ORG_TYPE":"一般企业","PREMIUM_INCOME":null,"PREMIUM_INCOME_YOY":null,"NET_INTEREST_INCOME":null,"NET_INTEREST_INCOME_YOY":null,"FEE_COMMISSION_INCOME":null,"FEE_COMMISSION_INCOME_YOY":null,"ACCOUNTS_RECE_TDAYS":null,"INVENTORY_TDAYS":null,"CURRENT_ASSETS_TDAYS":0.423003445292,"TOTAL_ASSETS_TDAYS":0.142366733834,"PREMIUM_EXPENSE":null,"LOAN_DEPOSIT":null,"LOAN_EQUITY":null,"LOAN_ASSETS":null,"DEPOSIT_EQUITY":null,"DEPOSIT_ASSETS":null,"EQUITY_MULTIPLIER":null,"EQUITY_RATIO":null}],"count":11},"success":true,"message":"ok","code":0}