{"version":"7379608a96023e653e8dd7c735eec5b6","result":{"pages":2,"data":[{"SECUCODE":"02161.HK","SECURITY_CODE":"02161","SECURITY_NAME_ABBR":"健倍苗苗","ORG_CODE":"10000133812","STD_REPORT_DATE":"2024-06-30 00:00:00","REPORT_DATE":"2024-09-30 00:00:00","DATE_TYPE_CODE":"002","REPORT_TYPE":"2024年中报","PER_NETCASH_OPERATE":0.142885444002,"PER_OI":0.43767862028,"BPS":1.110270244355,"BASIC_EPS":0.104878177,"DILUTED_EPS":0.104878177,"OPERATE_INCOME":359771825.87,"OPERATE_INCOME_YOY":22.0681826526,"GROSS_PROFIT":185667739.52,"GROSS_PROFIT_YOY":18.239612849956,"HOLDER_PROFIT":86464526.99,"HOLDER_PROFIT_YOY":53.5053873617,"GROSS_PROFIT_RATIO":51.60708153592,"EPS_TTM":0.141844344215,"OPERATE_INCOME_QOQ":0,"NET_PROFIT_RATIO":24.8841342213,"ROE_AVG":9.671711949806,"GROSS_PROFIT_QOQ":0,"ROA":6.853072879254,"HOLDER_PROFIT_QOQ":0,"ROE_YEARLY":19.343423899612,"ROIC_YEARLY":16.008394802836,"TOTAL_ASSETS":1271066692.47,"TOTAL_LIABILITIES":309130004.84,"TAX_EBT":16.139277930767,"OCF_SALES":32.646201432249,"TOTAL_PARENT_EQUITY":912642140.86,"DEBT_ASSET_RATIO":24.320518087,"OPERATE_PROFIT":109624297.77,"PRETAX_PROFIT":106755703.78,"NETCASH_OPERATE":117451834.97,"NETCASH_INVEST":-4208653.93,"NETCASH_FINANCE":-100277244.42,"END_CASH":140395176.15,"DIVI_RATIO":0.608510162866,"DIVIDEND_RATE":5.276243093923,"CURRENT_RATIO":1.654445023108,"COMMON_ACS":5000000000,"CURRENTDEBT_DEBT":71.137644546611,"ISSUED_COMMON_SHARES":822000000,"HK_COMMON_SHARES":822000000,"PER_SHARES":2000,"TOTAL_MARKET_CAP":1487820000,"HKSK_MARKET_CAP":1487820000,"PE_TTM":9.078549941117,"PB_TTM":1.470128473945,"REPORT_DATE_SQ":"2023-06-30 00:00:00","REPORT_TYPE_SQ":"2023年中报","OPERATE_INCOME_SQ":299907177.64,"DPS_HKD":0.0955,"OPERATE_INCOME_QOQ_SQ":0,"NET_PROFIT_RATIO_SQ":19.7455542365,"HOLDER_PROFIT_SQ":57316087.43,"HOLDER_PROFIT_QOQ_SQ":0,"ROE_AVG_SQ":6.282911578941,"PE_TTM_SQ":8.305416509343,"PB_TTM_SQ":0.81162205205,"ROA_SQ":4.404423391866,"START_DATE":"2024-04-01 00:00:00","FISCAL_YEAR":"3-31","CURRENCY":"HKD","IS_CNY_CODE":0,"DPS_HKD_LY":0.0955,"ORG_TYPE":"一般企业","PREMIUM_INCOME":null,"PREMIUM_INCOME_YOY":null,"NET_INTEREST_INCOME":null,"NET_INTEREST_INCOME_YOY":null,"FEE_COMMISSION_INCOME":null,"FEE_COMMISSION_INCOME_YOY":null,"ACCOUNTS_RECE_TDAYS":2.76748001318,"INVENTORY_TDAYS":2.073916125983,"CURRENT_ASSETS_TDAYS":1.034908274016,"TOTAL_ASSETS_TDAYS":0.285150758169,"PREMIUM_EXPENSE":null,"LOAN_DEPOSIT":null,"LOAN_EQUITY":null,"LOAN_ASSETS":null,"DEPOSIT_EQUITY":null,"DEPOSIT_ASSETS":null,"EQUITY_MULTIPLIER":1.321362111265,"EQUITY_RATIO":0.338719845381},{"SECUCODE":"02161.HK","SECURITY_CODE":"02161","SECURITY_NAME_ABBR":"健倍苗苗","ORG_CODE":"10000133812","STD_REPORT_DATE":"2023-12-31 00:00:00","REPORT_DATE":"2024-03-31 00:00:00","DATE_TYPE_CODE":"001","REPORT_TYPE":"2023年年报","PER_NETCASH_OPERATE":0.207810090151,"PER_OI":0.704685693692,"BPS":1.070518646959,"BASIC_EPS":0.13380678,"DILUTED_EPS":0.13380678,"OPERATE_INCOME":587820618.25,"OPERATE_INCOME_YOY":24.6177854909,"GROSS_PROFIT":306487330.55,"GROSS_PROFIT_YOY":70.360998637822,"HOLDER_PROFIT":118271232.65,"HOLDER_PROFIT_YOY":128.5096246475,"GROSS_PROFIT_RATIO":52.139601952453,"EPS_TTM":0.101401026678,"OPERATE_INCOME_QOQ":0,"NET_PROFIT_RATIO":21.1608306409,"ROE_AVG":13.338513484154,"GROSS_PROFIT_QOQ":0,"ROA":9.346216860772,"HOLDER_PROFIT_QOQ":0,"ROE_YEARLY":13.338513484154,"ROIC_YEARLY":10.863040657196,"TOTAL_ASSETS":1258923265.35,"TOTAL_LIABILITIES":332479932.15,"TAX_EBT":16.786948875008,"OCF_SALES":29.489755789117,"TOTAL_PARENT_EQUITY":879966327.8,"DEBT_ASSET_RATIO":26.4098647869,"OPERATE_PROFIT":157925542.75,"PRETAX_PROFIT":149481029.5,"NETCASH_OPERATE":173346864.8,"NETCASH_INVEST":7533430.5,"NETCASH_FINANCE":-191030935.65,"END_CASH":127647679.3,"DIVI_RATIO":0.851211549115,"DIVIDEND_RATE":4.973958333333,"CURRENT_RATIO":1.6588166268,"COMMON_ACS":5000000000,"CURRENTDEBT_DEBT":60.413957077379,"ISSUED_COMMON_SHARES":822000000,"HK_COMMON_SHARES":822000000,"PER_SHARES":2000,"TOTAL_MARKET_CAP":1578240000,"HKSK_MARKET_CAP":1578240000,"PE_TTM":9.630285020411,"PB_TTM":1.559473298328,"REPORT_DATE_SQ":"2022-12-31 00:00:00","REPORT_TYPE_SQ":"2022年年报","OPERATE_INCOME_SQ":455495957.43,"DPS_HKD":0.0955,"OPERATE_INCOME_QOQ_SQ":0,"NET_PROFIT_RATIO_SQ":12.1709015362,"HOLDER_PROFIT_SQ":49979783.13,"HOLDER_PROFIT_QOQ_SQ":0,"ROE_AVG_SQ":5.963615396788,"PE_TTM_SQ":8.570482993683,"PB_TTM_SQ":0.837524883498,"ROA_SQ":4.174114829283,"START_DATE":"2023-04-01 00:00:00","FISCAL_YEAR":"3-31","CURRENCY":"HKD","IS_CNY_CODE":0,"DPS_HKD_LY":0.0595,"ORG_TYPE":"一般企业","PREMIUM_INCOME":null,"PREMIUM_INCOME_YOY":null,"NET_INTEREST_INCOME":null,"NET_INTEREST_INCOME_YOY":null,"FEE_COMMISSION_INCOME":null,"FEE_COMMISSION_INCOME_YOY":null,"ACCOUNTS_RECE_TDAYS":5.015217786441,"INVENTORY_TDAYS":4.2468456633,"CURRENT_ASSETS_TDAYS":1.856252540694,"TOTAL_ASSETS_TDAYS":0.464516928614,"PREMIUM_EXPENSE":null,"LOAN_DEPOSIT":null,"LOAN_EQUITY":null,"LOAN_ASSETS":null,"DEPOSIT_EQUITY":null,"DEPOSIT_ASSETS":null,"EQUITY_MULTIPLIER":1.358877785867,"EQUITY_RATIO":0.37783256205},{"SECUCODE":"02161.HK","SECURITY_CODE":"02161","SECURITY_NAME_ABBR":"健倍苗苗","ORG_CODE":"10000133812","STD_REPORT_DATE":"2023-06-30 00:00:00","REPORT_DATE":"2023-09-30 00:00:00","DATE_TYPE_CODE":"002","REPORT_TYPE":"2023年中报","PER_NETCASH_OPERATE":0.061399481731,"PER_OI":0.334206079129,"BPS":1.119433805341,"BASIC_EPS":0.063041181,"DILUTED_EPS":0.063041181,"OPERATE_INCOME":299907177.64,"OPERATE_INCOME_YOY":37.9906100115,"GROSS_PROFIT":157026680.86,"GROSS_PROFIT_YOY":102.959419785612,"HOLDER_PROFIT":57316087.43,"HOLDER_PROFIT_YOY":189.6943555494,"GROSS_PROFIT_RATIO":52.358427062553,"EPS_TTM":0.054701268412,"OPERATE_INCOME_QOQ":0,"NET_PROFIT_RATIO":19.7455542365,"ROE_AVG":6.282911578941,"GROSS_PROFIT_QOQ":0,"ROA":4.404423391866,"HOLDER_PROFIT_QOQ":0,"ROE_YEARLY":12.565823157882,"ROIC_YEARLY":10.087468547822,"TOTAL_ASSETS":1315147316,"TOTAL_LIABILITIES":351335750.99,"TAX_EBT":20.065895409617,"OCF_SALES":18.371742935122,"TOTAL_PARENT_EQUITY":920174587.99,"DEBT_ASSET_RATIO":26.7145548423,"OPERATE_PROFIT":78734489.26,"PRETAX_PROFIT":74083940.42,"NETCASH_OPERATE":55098175.72,"NETCASH_INVEST":-8299963.35,"NETCASH_FINANCE":-81500226.08,"END_CASH":104800687.04,"DIVI_RATIO":1.577910851178,"DIVIDEND_RATE":4.973958333333,"CURRENT_RATIO":1.702755692574,"COMMON_ACS":5000000000,"CURRENTDEBT_DEBT":57.948196921695,"ISSUED_COMMON_SHARES":822000000,"HK_COMMON_SHARES":822000000,"PER_SHARES":2000,"TOTAL_MARKET_CAP":1578240000,"HKSK_MARKET_CAP":1578240000,"PE_TTM":9.630285020411,"PB_TTM":1.559473298328,"REPORT_DATE_SQ":"2022-06-30 00:00:00","REPORT_TYPE_SQ":"2022年中报","OPERATE_INCOME_SQ":214214805.12,"DPS_HKD":0.0955,"OPERATE_INCOME_QOQ_SQ":0,"NET_PROFIT_RATIO_SQ":9.7535128015,"HOLDER_PROFIT_SQ":19500630.84,"HOLDER_PROFIT_QOQ_SQ":0,"ROE_AVG_SQ":2.305423428153,"PE_TTM_SQ":8.570482993683,"PB_TTM_SQ":0.837524883498,"ROA_SQ":1.615249162728,"START_DATE":"2023-04-01 00:00:00","FISCAL_YEAR":"3-31","CURRENCY":"HKD","IS_CNY_CODE":0,"DPS_HKD_LY":0.0595,"ORG_TYPE":"一般企业","PREMIUM_INCOME":null,"PREMIUM_INCOME_YOY":null,"NET_INTEREST_INCOME":null,"NET_INTEREST_INCOME_YOY":null,"FEE_COMMISSION_INCOME":null,"FEE_COMMISSION_INCOME_YOY":null,"ACCOUNTS_RECE_TDAYS":1.975471914798,"INVENTORY_TDAYS":2.834703296103,"CURRENT_ASSETS_TDAYS":0.922108535968,"TOTAL_ASSETS_TDAYS":0.230462030438,"PREMIUM_EXPENSE":null,"LOAN_DEPOSIT":null,"LOAN_EQUITY":null,"LOAN_ASSETS":null,"DEPOSIT_EQUITY":null,"DEPOSIT_ASSETS":null,"EQUITY_MULTIPLIER":1.364527428125,"EQUITY_RATIO":0.381814229143},{"SECUCODE":"02161.HK","SECURITY_CODE":"02161","SECURITY_NAME_ABBR":"健倍苗苗","ORG_CODE":"10000133812","STD_REPORT_DATE":"2022-12-31 00:00:00","REPORT_DATE":"2023-03-31 00:00:00","DATE_TYPE_CODE":"001","REPORT_TYPE":"2022年年报","PER_NETCASH_OPERATE":0.13951587587,"PER_OI":0.498525705144,"BPS":1.049543106679,"BASIC_EPS":0.056113781,"DILUTED_EPS":0.056113781,"OPERATE_INCOME":455495957.43,"OPERATE_INCOME_YOY":28.1145125191,"GROSS_PROFIT":179904633.69,"GROSS_PROFIT_YOY":37.346223660277,"HOLDER_PROFIT":49979783.13,"HOLDER_PROFIT_YOY":131.896831844,"GROSS_PROFIT_RATIO":39.496428180188,"EPS_TTM":0.034803918423,"OPERATE_INCOME_QOQ":0,"NET_PROFIT_RATIO":12.1709015362,"ROE_AVG":5.963615396788,"GROSS_PROFIT_QOQ":0,"ROA":4.174114829283,"HOLDER_PROFIT_QOQ":0,"ROE_YEARLY":5.963615396788,"ROIC_YEARLY":4.702890779062,"TOTAL_ASSETS":1228274639.85,"TOTAL_LIABILITIES":325735683.95,"TAX_EBT":17.646752841426,"OCF_SALES":27.985693501921,"TOTAL_PARENT_EQUITY":862724433.69,"DEBT_ASSET_RATIO":26.5197760649,"OPERATE_PROFIT":76195686.4,"PRETAX_PROFIT":67317278.18,"NETCASH_OPERATE":127473702.56,"NETCASH_INVEST":-5937906.03,"NETCASH_FINANCE":-49054474.76,"END_CASH":133295179.06,"DIVI_RATIO":2.480000210044,"DIVIDEND_RATE":4.973958333333,"CURRENT_RATIO":1.700797271196,"COMMON_ACS":5000000000,"CURRENTDEBT_DEBT":52.315672072992,"ISSUED_COMMON_SHARES":822000000,"HK_COMMON_SHARES":822000000,"PER_SHARES":2000,"TOTAL_MARKET_CAP":1578240000,"HKSK_MARKET_CAP":1578240000,"PE_TTM":9.630285020411,"PB_TTM":1.559473298328,"REPORT_DATE_SQ":"2021-12-31 00:00:00","REPORT_TYPE_SQ":"2021年年报","OPERATE_INCOME_SQ":329382790.39,"DPS_HKD":0.0955,"OPERATE_INCOME_QOQ_SQ":0,"NET_PROFIT_RATIO_SQ":5.7438463186,"HOLDER_PROFIT_SQ":19967066.2,"HOLDER_PROFIT_QOQ_SQ":0,"ROE_AVG_SQ":2.684973635566,"PE_TTM_SQ":8.570482993683,"PB_TTM_SQ":0.837524883498,"ROA_SQ":1.814508848126,"START_DATE":"2022-04-01 00:00:00","FISCAL_YEAR":"3-31","CURRENCY":"HKD","IS_CNY_CODE":0,"DPS_HKD_LY":0.005,"ORG_TYPE":"一般企业","PREMIUM_INCOME":null,"PREMIUM_INCOME_YOY":null,"NET_INTEREST_INCOME":null,"NET_INTEREST_INCOME_YOY":null,"FEE_COMMISSION_INCOME":null,"FEE_COMMISSION_INCOME_YOY":null,"ACCOUNTS_RECE_TDAYS":3.884587388154,"INVENTORY_TDAYS":6.146490037779,"CURRENT_ASSETS_TDAYS":1.746571962767,"TOTAL_ASSETS_TDAYS":0.380412301038,"PREMIUM_EXPENSE":null,"LOAN_DEPOSIT":null,"LOAN_EQUITY":null,"LOAN_ASSETS":null,"DEPOSIT_EQUITY":null,"DEPOSIT_ASSETS":null,"EQUITY_MULTIPLIER":1.360910387104,"EQUITY_RATIO":0.377566313448},{"SECUCODE":"02161.HK","SECURITY_CODE":"02161","SECURITY_NAME_ABBR":"健倍苗苗","ORG_CODE":"10000133812","STD_REPORT_DATE":"2022-06-30 00:00:00","REPORT_DATE":"2022-09-30 00:00:00","DATE_TYPE_CODE":"002","REPORT_TYPE":"2022年中报","PER_NETCASH_OPERATE":0.062502165145,"PER_OI":0.239698065226,"BPS":1.035657519562,"BASIC_EPS":0.021797004,"DILUTED_EPS":0.021797004,"OPERATE_INCOME":214214805.12,"OPERATE_INCOME_YOY":25.0702321357,"GROSS_PROFIT":77368510.92,"GROSS_PROFIT_YOY":23.698288947139,"HOLDER_PROFIT":19500630.84,"HOLDER_PROFIT_YOY":114.7509960159,"GROSS_PROFIT_RATIO":36.117256637168,"EPS_TTM":0.022342373272,"OPERATE_INCOME_QOQ":0,"NET_PROFIT_RATIO":9.7535128015,"ROE_AVG":2.305423428153,"GROSS_PROFIT_QOQ":0,"ROA":1.615249162728,"HOLDER_PROFIT_QOQ":0,"ROE_YEARLY":4.610846856306,"ROIC_YEARLY":3.558472766403,"TOTAL_ASSETS":1209409932.48,"TOTAL_LIABILITIES":320539867.08,"TAX_EBT":19.387933140245,"OCF_SALES":26.075373235155,"TOTAL_PARENT_EQUITY":851310481.08,"DEBT_ASSET_RATIO":26.5038229364,"OPERATE_PROFIT":29905308.6,"PRETAX_PROFIT":25918537.08,"NETCASH_OPERATE":55857309.96,"NETCASH_INVEST":-3568015.8,"NETCASH_FINANCE":-29106688.08,"END_CASH":85648659.12,"DIVI_RATIO":3.863229924101,"DIVIDEND_RATE":4.973958333333,"CURRENT_RATIO":2.079980683053,"COMMON_ACS":5000000000,"CURRENTDEBT_DEBT":39.730874390179,"ISSUED_COMMON_SHARES":822000000,"HK_COMMON_SHARES":822000000,"PER_SHARES":2000,"TOTAL_MARKET_CAP":1578240000,"HKSK_MARKET_CAP":1578240000,"PE_TTM":9.630285020411,"PB_TTM":1.559473298328,"REPORT_DATE_SQ":"2021-06-30 00:00:00","REPORT_TYPE_SQ":"2021年中报","OPERATE_INCOME_SQ":157758238.32,"DPS_HKD":0.0955,"OPERATE_INCOME_QOQ_SQ":0,"NET_PROFIT_RATIO_SQ":4.3697061868,"HOLDER_PROFIT_SQ":8363922.4,"HOLDER_PROFIT_QOQ_SQ":0,"ROE_AVG_SQ":1.103777634981,"PE_TTM_SQ":8.570482993683,"PB_TTM_SQ":0.837524883498,"ROA_SQ":0.735259116591,"START_DATE":"2022-04-01 00:00:00","FISCAL_YEAR":"3-31","CURRENCY":"HKD","IS_CNY_CODE":0,"DPS_HKD_LY":0.005,"ORG_TYPE":"一般企业","PREMIUM_INCOME":null,"PREMIUM_INCOME_YOY":null,"NET_INTEREST_INCOME":null,"NET_INTEREST_INCOME_YOY":null,"FEE_COMMISSION_INCOME":null,"FEE_COMMISSION_INCOME_YOY":null,"ACCOUNTS_RECE_TDAYS":1.651239398619,"INVENTORY_TDAYS":2.991725078844,"CURRENT_ASSETS_TDAYS":0.849499119469,"TOTAL_ASSETS_TDAYS":0.177435431424,"PREMIUM_EXPENSE":null,"LOAN_DEPOSIT":null,"LOAN_EQUITY":null,"LOAN_ASSETS":null,"DEPOSIT_EQUITY":null,"DEPOSIT_ASSETS":null,"EQUITY_MULTIPLIER":1.360614987001,"EQUITY_RATIO":0.376525221061},{"SECUCODE":"02161.HK","SECURITY_CODE":"02161","SECURITY_NAME_ABBR":"健倍苗苗","ORG_CODE":"10000133812","STD_REPORT_DATE":"2021-12-31 00:00:00","REPORT_DATE":"2022-03-31 00:00:00","DATE_TYPE_CODE":"001","REPORT_TYPE":"2021年年报","PER_NETCASH_OPERATE":0.054445695647,"PER_OI":0.368566577512,"BPS":0.916778727518,"BASIC_EPS":0.022302775,"DILUTED_EPS":0.022302775,"OPERATE_INCOME":329382790.39,"OPERATE_INCOME_YOY":2.2613166548,"GROSS_PROFIT":130986225.1,"GROSS_PROFIT_YOY":-21.897935024292,"HOLDER_PROFIT":19967066.2,"HOLDER_PROFIT_YOY":8.9380530973,"GROSS_PROFIT_RATIO":39.767173307661,"EPS_TTM":0.009444818874,"OPERATE_INCOME_QOQ":0,"NET_PROFIT_RATIO":5.7438463186,"ROE_AVG":2.684973635566,"GROSS_PROFIT_QOQ":0,"ROA":1.814508848126,"HOLDER_PROFIT_QOQ":0,"ROE_YEARLY":2.684973635566,"ROIC_YEARLY":1.995752338646,"TOTAL_ASSETS":1080661903.89,"TOTAL_LIABILITIES":294639121.99,"TAX_EBT":24.124247845178,"OCF_SALES":14.772282395929,"TOTAL_PARENT_EQUITY":753592114.02,"DEBT_ASSET_RATIO":27.2646903652,"OPERATE_PROFIT":31583162.43,"PRETAX_PROFIT":24934502.45,"NETCASH_OPERATE":48657355.96,"NETCASH_INVEST":-6123936.51,"NETCASH_FINANCE":-62327740.52,"END_CASH":56643371.43,"DIVI_RATIO":9.138737984691,"DIVIDEND_RATE":4.973958333333,"CURRENT_RATIO":2.058407781484,"COMMON_ACS":5000000000,"CURRENTDEBT_DEBT":35.401418666168,"ISSUED_COMMON_SHARES":822000000,"HK_COMMON_SHARES":822000000,"PER_SHARES":2000,"TOTAL_MARKET_CAP":1578240000,"HKSK_MARKET_CAP":1578240000,"PE_TTM":9.630285020411,"PB_TTM":1.559473298328,"REPORT_DATE_SQ":"2020-12-31 00:00:00","REPORT_TYPE_SQ":"2020年年报","OPERATE_INCOME_SQ":335669998.44,"DPS_HKD":0.0955,"OPERATE_INCOME_QOQ_SQ":0,"NET_PROFIT_RATIO_SQ":7.7095261835,"HOLDER_PROFIT_SQ":19101068,"HOLDER_PROFIT_QOQ_SQ":0,"ROE_AVG_SQ":2.893655596087,"PE_TTM_SQ":8.570482993683,"PB_TTM_SQ":0.837524883498,"ROA_SQ":1.643977713191,"START_DATE":"2021-04-01 00:00:00","FISCAL_YEAR":"3-31","CURRENCY":"HKD","IS_CNY_CODE":0,"DPS_HKD_LY":null,"ORG_TYPE":"一般企业","PREMIUM_INCOME":null,"PREMIUM_INCOME_YOY":null,"NET_INTEREST_INCOME":null,"NET_INTEREST_INCOME_YOY":null,"FEE_COMMISSION_INCOME":null,"FEE_COMMISSION_INCOME_YOY":null,"ACCOUNTS_RECE_TDAYS":2.842985793436,"INVENTORY_TDAYS":5.102283866931,"CURRENT_ASSETS_TDAYS":1.479435238577,"TOTAL_ASSETS_TDAYS":0.299326892392,"PREMIUM_EXPENSE":null,"LOAN_DEPOSIT":null,"LOAN_EQUITY":null,"LOAN_ASSETS":null,"DEPOSIT_EQUITY":null,"DEPOSIT_ASSETS":null,"EQUITY_MULTIPLIER":1.374848069007,"EQUITY_RATIO":0.390979571719},{"SECUCODE":"02161.HK","SECURITY_CODE":"02161","SECURITY_NAME_ABBR":"健倍苗苗","ORG_CODE":"10000133812","STD_REPORT_DATE":"2021-06-30 00:00:00","REPORT_DATE":"2021-09-30 00:00:00","DATE_TYPE_CODE":"002","REPORT_TYPE":"2021年中报","PER_NETCASH_OPERATE":0.007815244997,"PER_OI":0.176525354901,"BPS":0.92680357292,"BASIC_EPS":0.009330272,"DILUTED_EPS":0.009330272,"OPERATE_INCOME":157758238.32,"OPERATE_INCOME_YOY":-3.4333647791,"GROSS_PROFIT":62546144.8,"GROSS_PROFIT_YOY":-30.4936261587,"HOLDER_PROFIT":8363922.4,"HOLDER_PROFIT_YOY":-53.6258660508,"GROSS_PROFIT_RATIO":39.646832689099,"EPS_TTM":0.021373354847,"OPERATE_INCOME_QOQ":0,"NET_PROFIT_RATIO":4.3697061868,"ROE_AVG":1.103777634981,"GROSS_PROFIT_QOQ":0,"ROA":0.735259116591,"HOLDER_PROFIT_QOQ":0,"ROE_YEARLY":2.207555269961,"ROIC_YEARLY":1.610058051894,"TOTAL_ASSETS":1124478550.02,"TOTAL_LIABILITIES":329261133.58,"TAX_EBT":25.983899821109,"OCF_SALES":4.427264854361,"TOTAL_PARENT_EQUITY":761832536.94,"DEBT_ASSET_RATIO":29.2812284925,"OPERATE_PROFIT":13009898.02,"PRETAX_PROFIT":9313610.8,"NETCASH_OPERATE":6984375.04,"NETCASH_INVEST":-3341403.66,"NETCASH_FINANCE":-32074476.12,"END_CASH":49986932.24,"DIVI_RATIO":4.038379824644,"DIVIDEND_RATE":4.973958333333,"CURRENT_RATIO":2.097604775888,"COMMON_ACS":5000000000,"CURRENTDEBT_DEBT":31.277214270715,"ISSUED_COMMON_SHARES":822000000,"HK_COMMON_SHARES":822000000,"PER_SHARES":2000,"TOTAL_MARKET_CAP":1578240000,"HKSK_MARKET_CAP":1578240000,"PE_TTM":9.630285020411,"PB_TTM":1.559473298328,"REPORT_DATE_SQ":"2020-06-30 00:00:00","REPORT_TYPE_SQ":"2020年中报","OPERATE_INCOME_SQ":172321385.6,"DPS_HKD":0.0955,"OPERATE_INCOME_QOQ_SQ":0,"NET_PROFIT_RATIO_SQ":14.7813671248,"HOLDER_PROFIT_SQ":19024288,"HOLDER_PROFIT_QOQ_SQ":0,"ROE_AVG_SQ":null,"PE_TTM_SQ":8.570482993683,"PB_TTM_SQ":0.837524883498,"ROA_SQ":null,"START_DATE":"2021-04-01 00:00:00","FISCAL_YEAR":"3-31","CURRENCY":"HKD","IS_CNY_CODE":0,"DPS_HKD_LY":null,"ORG_TYPE":"一般企业","PREMIUM_INCOME":null,"PREMIUM_INCOME_YOY":null,"NET_INTEREST_INCOME":null,"NET_INTEREST_INCOME_YOY":null,"FEE_COMMISSION_INCOME":null,"FEE_COMMISSION_INCOME_YOY":null,"ACCOUNTS_RECE_TDAYS":1.268739112957,"INVENTORY_TDAYS":2.586581874554,"CURRENT_ASSETS_TDAYS":0.696712385213,"TOTAL_ASSETS_TDAYS":0.138682758393,"PREMIUM_EXPENSE":null,"LOAN_DEPOSIT":null,"LOAN_EQUITY":null,"LOAN_ASSETS":null,"DEPOSIT_EQUITY":null,"DEPOSIT_ASSETS":null,"EQUITY_MULTIPLIER":1.414051713121,"EQUITY_RATIO":0.432196207978},{"SECUCODE":"02161.HK","SECURITY_CODE":"02161","SECURITY_NAME_ABBR":"健倍苗苗","ORG_CODE":"10000133812","STD_REPORT_DATE":"2020-12-31 00:00:00","REPORT_DATE":"2021-03-31 00:00:00","DATE_TYPE_CODE":"001","REPORT_TYPE":"2020年年报","PER_NETCASH_OPERATE":0.055566939708,"PER_OI":0.375601719664,"BPS":0.930220325353,"BASIC_EPS":0.023496004,"DILUTED_EPS":0.023496004,"OPERATE_INCOME":335669998.44,"OPERATE_INCOME_YOY":4.0928652678,"GROSS_PROFIT":167711602.94,"GROSS_PROFIT_YOY":-3.484530987037,"HOLDER_PROFIT":19101068,"HOLDER_PROFIT_YOY":-44.9076105504,"GROSS_PROFIT_RATIO":49.963238811758,"EPS_TTM":37.4818014,"OPERATE_INCOME_QOQ":0,"NET_PROFIT_RATIO":7.7095261835,"ROE_AVG":2.893655596087,"GROSS_PROFIT_QOQ":0,"ROA":1.643977713191,"HOLDER_PROFIT_QOQ":0,"ROE_YEARLY":2.893655596087,"ROIC_YEARLY":1.820632274977,"TOTAL_ASSETS":1167356699.74,"TOTAL_LIABILITIES":367019415,"TAX_EBT":26.539670353398,"OCF_SALES":14.794112166946,"TOTAL_PARENT_EQUITY":764641107.44,"DEBT_ASSET_RATIO":31.4402114694,"OPERATE_PROFIT":42492269.68,"PRETAX_PROFIT":35227947.58,"NETCASH_OPERATE":49659396.08,"NETCASH_INVEST":-20665496.18,"NETCASH_FINANCE":-11762370.06,"END_CASH":79764707.68,"DIVI_RATIO":0.002302816881,"DIVIDEND_RATE":4.973958333333,"CURRENT_RATIO":2.073092123492,"COMMON_ACS":5000000000,"CURRENTDEBT_DEBT":31.581347150259,"ISSUED_COMMON_SHARES":822000000,"HK_COMMON_SHARES":822000000,"PER_SHARES":2000,"TOTAL_MARKET_CAP":1578240000,"HKSK_MARKET_CAP":1578240000,"PE_TTM":9.630285020411,"PB_TTM":1.559473298328,"REPORT_DATE_SQ":"2019-12-31 00:00:00","REPORT_TYPE_SQ":"2019年年报","OPERATE_INCOME_SQ":348614925.4,"DPS_HKD":0.0955,"OPERATE_INCOME_QOQ_SQ":0,"NET_PROFIT_RATIO_SQ":11.6099931331,"HOLDER_PROFIT_SQ":37481801.4,"HOLDER_PROFIT_QOQ_SQ":0,"ROE_AVG_SQ":10.192181075071,"PE_TTM_SQ":8.570482993683,"PB_TTM_SQ":0.837524883498,"ROA_SQ":3.08334316718,"START_DATE":"2020-04-01 00:00:00","FISCAL_YEAR":"3-31","CURRENCY":"HKD","IS_CNY_CODE":0,"DPS_HKD_LY":null,"ORG_TYPE":"一般企业","PREMIUM_INCOME":null,"PREMIUM_INCOME_YOY":null,"NET_INTEREST_INCOME":null,"NET_INTEREST_INCOME_YOY":null,"FEE_COMMISSION_INCOME":null,"FEE_COMMISSION_INCOME_YOY":null,"ACCOUNTS_RECE_TDAYS":2.929358268457,"INVENTORY_TDAYS":3.555199742383,"CURRENT_ASSETS_TDAYS":1.43268172849,"TOTAL_ASSETS_TDAYS":0.288902168414,"PREMIUM_EXPENSE":null,"LOAN_DEPOSIT":null,"LOAN_EQUITY":null,"LOAN_ASSETS":null,"DEPOSIT_EQUITY":null,"DEPOSIT_ASSETS":null,"EQUITY_MULTIPLIER":1.458580928314,"EQUITY_RATIO":0.479989123563},{"SECUCODE":"02161.HK","SECURITY_CODE":"02161","SECURITY_NAME_ABBR":"健倍苗苗","ORG_CODE":"10000133812","STD_REPORT_DATE":"2020-06-30 00:00:00","REPORT_DATE":"2020-09-30 00:00:00","DATE_TYPE_CODE":"002","REPORT_TYPE":"2020年中报","PER_NETCASH_OPERATE":null,"PER_OI":null,"BPS":null,"BASIC_EPS":0.024867776,"DILUTED_EPS":0.024867776,"OPERATE_INCOME":172321385.6,"OPERATE_INCOME_YOY":null,"GROSS_PROFIT":89986200.32,"GROSS_PROFIT_YOY":null,"HOLDER_PROFIT":19024288,"HOLDER_PROFIT_YOY":null,"GROSS_PROFIT_RATIO":52.219984192142,"EPS_TTM":37.4818014,"OPERATE_INCOME_QOQ":0,"NET_PROFIT_RATIO":14.7813671248,"ROE_AVG":null,"GROSS_PROFIT_QOQ":0,"ROA":null,"HOLDER_PROFIT_QOQ":0,"ROE_YEARLY":null,"ROIC_YEARLY":null,"TOTAL_ASSETS":null,"TOTAL_LIABILITIES":null,"TAX_EBT":20.119598765432,"OCF_SALES":26.031972667704,"TOTAL_PARENT_EQUITY":null,"DEBT_ASSET_RATIO":null,"OPERATE_PROFIT":35341239.68,"PRETAX_PROFIT":31886991.36,"NETCASH_OPERATE":44858656,"NETCASH_INVEST":-17400413.44,"NETCASH_FINANCE":-28505676.8,"END_CASH":63376801.28,"DIVI_RATIO":0.002302816881,"DIVIDEND_RATE":4.973958333333,"CURRENT_RATIO":null,"COMMON_ACS":5000000000,"CURRENTDEBT_DEBT":null,"ISSUED_COMMON_SHARES":822000000,"HK_COMMON_SHARES":822000000,"PER_SHARES":2000,"TOTAL_MARKET_CAP":1578240000,"HKSK_MARKET_CAP":1578240000,"PE_TTM":9.630285020411,"PB_TTM":1.559473298328,"REPORT_DATE_SQ":"2019-06-30 00:00:00","REPORT_TYPE_SQ":"2019年中报","OPERATE_INCOME_SQ":null,"DPS_HKD":0.0955,"OPERATE_INCOME_QOQ_SQ":0,"NET_PROFIT_RATIO_SQ":null,"HOLDER_PROFIT_SQ":null,"HOLDER_PROFIT_QOQ_SQ":0,"ROE_AVG_SQ":null,"PE_TTM_SQ":8.570482993683,"PB_TTM_SQ":0.837524883498,"ROA_SQ":null,"START_DATE":"2020-04-01 00:00:00","FISCAL_YEAR":"3-31","CURRENCY":"HKD","IS_CNY_CODE":0,"DPS_HKD_LY":null,"ORG_TYPE":"一般企业","PREMIUM_INCOME":null,"PREMIUM_INCOME_YOY":null,"NET_INTEREST_INCOME":null,"NET_INTEREST_INCOME_YOY":null,"FEE_COMMISSION_INCOME":null,"FEE_COMMISSION_INCOME_YOY":null,"ACCOUNTS_RECE_TDAYS":null,"INVENTORY_TDAYS":null,"CURRENT_ASSETS_TDAYS":1.451995054013,"TOTAL_ASSETS_TDAYS":0.286653764409,"PREMIUM_EXPENSE":null,"LOAN_DEPOSIT":null,"LOAN_EQUITY":null,"LOAN_ASSETS":null,"DEPOSIT_EQUITY":null,"DEPOSIT_ASSETS":null,"EQUITY_MULTIPLIER":null,"EQUITY_RATIO":null}],"count":12},"success":true,"message":"ok","code":0}