{"version":"7fa564e43334cf1adc44cb0fca2e04cd","result":{"pages":2,"data":[{"SECUCODE":"02167.HK","SECURITY_CODE":"02167","SECURITY_NAME_ABBR":"天润云","ORG_CODE":"10000216175","STD_REPORT_DATE":"2024-06-30 00:00:00","REPORT_DATE":"2024-06-30 00:00:00","DATE_TYPE_CODE":"002","REPORT_TYPE":"2024年中报","PER_NETCASH_OPERATE":-0.066603295165,"PER_OI":1.35718078809,"BPS":2.799189516923,"BASIC_EPS":0.0799,"DILUTED_EPS":0.0799,"OPERATE_INCOME":236150000,"OPERATE_INCOME_YOY":10.9117637389,"GROSS_PROFIT":121920000,"GROSS_PROFIT_YOY":19.450948886516,"HOLDER_PROFIT":13910000,"HOLDER_PROFIT_YOY":785.5593888615,"GROSS_PROFIT_RATIO":51.62820241372,"EPS_TTM":0.041999903448,"OPERATE_INCOME_QOQ":5.199330418086,"NET_PROFIT_RATIO":5.8903239466,"ROE_AVG":2.908484159111,"GROSS_PROFIT_QOQ":9.243584013111,"ROA":2.285440136173,"HOLDER_PROFIT_QOQ":184.671532846715,"ROE_YEARLY":5.816968318223,"ROIC_YEARLY":8.283299563951,"TOTAL_ASSETS":610665000,"TOTAL_LIABILITIES":124518000,"TAX_EBT":-0.079142384344,"OCF_SALES":-4.907474063095,"TOTAL_PARENT_EQUITY":486147000,"DEBT_ASSET_RATIO":20.3905578345,"OPERATE_PROFIT":14146000,"PRETAX_PROFIT":13899000,"NETCASH_OPERATE":-11589000,"NETCASH_INVEST":-44039000,"NETCASH_FINANCE":-3708000,"END_CASH":110189000,"DIVI_RATIO":null,"DIVIDEND_RATE":null,"CURRENT_RATIO":3.967796834209,"COMMON_ACS":500000000,"CURRENTDEBT_DEBT":97.21004192165,"ISSUED_COMMON_SHARES":173674200,"HK_COMMON_SHARES":173674200,"PER_SHARES":200,"TOTAL_MARKET_CAP":512338890,"HKSK_MARKET_CAP":512338890,"PE_TTM":64.710902927248,"PB_TTM":0.961851987414,"REPORT_DATE_SQ":"2023-06-30 00:00:00","REPORT_TYPE_SQ":"2023年中报","OPERATE_INCOME_SQ":212917000,"DPS_HKD":null,"OPERATE_INCOME_QOQ_SQ":5.300278673639,"NET_PROFIT_RATIO_SQ":-0.9529534983,"HOLDER_PROFIT_SQ":-2029000,"HOLDER_PROFIT_QOQ_SQ":24.125305126119,"ROE_AVG_SQ":-0.429011223221,"PE_TTM_SQ":-132.755040748066,"PB_TTM_SQ":1.549012064688,"ROA_SQ":-0.350896610882,"START_DATE":"2024-01-01 00:00:00","FISCAL_YEAR":"12-31","CURRENCY":"HKD","IS_CNY_CODE":0,"DPS_HKD_LY":null,"ORG_TYPE":"一般企业","PREMIUM_INCOME":null,"PREMIUM_INCOME_YOY":null,"NET_INTEREST_INCOME":null,"NET_INTEREST_INCOME_YOY":null,"FEE_COMMISSION_INCOME":null,"FEE_COMMISSION_INCOME_YOY":null,"ACCOUNTS_RECE_TDAYS":2.296084551138,"INVENTORY_TDAYS":null,"CURRENT_ASSETS_TDAYS":0.493545660027,"TOTAL_ASSETS_TDAYS":0.387999056907,"PREMIUM_EXPENSE":null,"LOAN_DEPOSIT":null,"LOAN_EQUITY":null,"LOAN_ASSETS":null,"DEPOSIT_EQUITY":null,"DEPOSIT_ASSETS":null,"EQUITY_MULTIPLIER":1.256132404396,"EQUITY_RATIO":0.256132404396},{"SECUCODE":"02167.HK","SECURITY_CODE":"02167","SECURITY_NAME_ABBR":"天润云","ORG_CODE":"10000216175","STD_REPORT_DATE":"2023-12-31 00:00:00","REPORT_DATE":"2023-12-31 00:00:00","DATE_TYPE_CODE":"001","REPORT_TYPE":"2023年年报","PER_NETCASH_OPERATE":0.077683729463,"PER_OI":2.56807455615,"BPS":2.708318218826,"BASIC_EPS":-0.0496,"DILUTED_EPS":-0.0496,"OPERATE_INCOME":446846000,"OPERATE_INCOME_YOY":16.5956936051,"GROSS_PROFIT":214776000,"GROSS_PROFIT_YOY":16.13091601196,"HOLDER_PROFIT":-8631000,"HOLDER_PROFIT_YOY":-14.9114631873,"GROSS_PROFIT_RATIO":48.064881413283,"EPS_TTM":-0.049603334245,"OPERATE_INCOME_QOQ":10.726861385133,"NET_PROFIT_RATIO":-1.9315379348,"ROE_AVG":-1.832622204009,"GROSS_PROFIT_QOQ":10.073800738007,"ROA":-1.468177994681,"HOLDER_PROFIT_QOQ":-54.26273458445,"ROE_YEARLY":-1.832622204009,"ROIC_YEARLY":-3.220528396508,"TOTAL_ASSETS":606606000,"TOTAL_LIABILITIES":136241000,"TAX_EBT":4.482071713147,"OCF_SALES":3.024979523147,"TOTAL_PARENT_EQUITY":470365000,"DEBT_ASSET_RATIO":22.4595536477,"OPERATE_PROFIT":-8532000,"PRETAX_PROFIT":-9036000,"NETCASH_OPERATE":13517000,"NETCASH_INVEST":-25178000,"NETCASH_FINANCE":-7623000,"END_CASH":169472000,"DIVI_RATIO":null,"DIVIDEND_RATE":null,"CURRENT_RATIO":3.647901982842,"COMMON_ACS":500000000,"CURRENTDEBT_DEBT":95.911656549791,"ISSUED_COMMON_SHARES":173674200,"HK_COMMON_SHARES":173674200,"PER_SHARES":200,"TOTAL_MARKET_CAP":451552920,"HKSK_MARKET_CAP":451552920,"PE_TTM":57.033338173168,"PB_TTM":0.847733955009,"REPORT_DATE_SQ":"2022-12-31 00:00:00","REPORT_TYPE_SQ":"2022年年报","OPERATE_INCOME_SQ":383244000,"DPS_HKD":null,"OPERATE_INCOME_QOQ_SQ":-0.65556687482,"NET_PROFIT_RATIO_SQ":-1.924100573,"HOLDER_PROFIT_SQ":-7511000,"HOLDER_PROFIT_QOQ_SQ":-249.31312174325,"ROE_AVG_SQ":-2.127782362548,"PE_TTM_SQ":-149.566814467253,"PB_TTM_SQ":1.745175164582,"ROA_SQ":-1.693508104105,"START_DATE":"2023-01-01 00:00:00","FISCAL_YEAR":"12-31","CURRENCY":"HKD","IS_CNY_CODE":0,"DPS_HKD_LY":null,"ORG_TYPE":"一般企业","PREMIUM_INCOME":null,"PREMIUM_INCOME_YOY":null,"NET_INTEREST_INCOME":null,"NET_INTEREST_INCOME_YOY":null,"FEE_COMMISSION_INCOME":null,"FEE_COMMISSION_INCOME_YOY":null,"ACCOUNTS_RECE_TDAYS":5.048879146705,"INVENTORY_TDAYS":null,"CURRENT_ASSETS_TDAYS":0.916192778446,"TOTAL_ASSETS_TDAYS":0.760108288971,"PREMIUM_EXPENSE":null,"LOAN_DEPOSIT":null,"LOAN_EQUITY":null,"LOAN_ASSETS":null,"DEPOSIT_EQUITY":null,"DEPOSIT_ASSETS":null,"EQUITY_MULTIPLIER":1.289649527495,"EQUITY_RATIO":0.289649527495},{"SECUCODE":"02167.HK","SECURITY_CODE":"02167","SECURITY_NAME_ABBR":"天润云","ORG_CODE":"10000216175","STD_REPORT_DATE":"2023-06-30 00:00:00","REPORT_DATE":"2023-06-30 00:00:00","DATE_TYPE_CODE":"002","REPORT_TYPE":"2023年中报","PER_NETCASH_OPERATE":-0.049143565187,"PER_OI":1.223658106533,"BPS":2.731159838364,"BASIC_EPS":-0.0117,"DILUTED_EPS":-0.0117,"OPERATE_INCOME":212917000,"OPERATE_INCOME_YOY":10.5465099375,"GROSS_PROFIT":102067000,"GROSS_PROFIT_YOY":11.07519860703,"HOLDER_PROFIT":-2029000,"HOLDER_PROFIT_YOY":46.7174369748,"GROSS_PROFIT_RATIO":47.937459197716,"EPS_TTM":-0.032155098494,"OPERATE_INCOME_QOQ":5.300278673639,"NET_PROFIT_RATIO":-0.9529534983,"ROE_AVG":-0.429011223221,"GROSS_PROFIT_QOQ":5.502776531147,"ROA":-0.350896610882,"HOLDER_PROFIT_QOQ":24.125305126119,"ROE_YEARLY":-0.858022446442,"ROIC_YEARLY":-1.411360442954,"TOTAL_ASSETS":587329000,"TOTAL_LIABILITIES":112997000,"TAX_EBT":12.656048213517,"OCF_SALES":-4.016118957152,"TOTAL_PARENT_EQUITY":474332000,"DEBT_ASSET_RATIO":19.2391317303,"OPERATE_PROFIT":-2060000,"PRETAX_PROFIT":-2323000,"NETCASH_OPERATE":-8551000,"NETCASH_INVEST":-64853000,"NETCASH_FINANCE":-4302000,"END_CASH":110931000,"DIVI_RATIO":null,"DIVIDEND_RATE":null,"CURRENT_RATIO":4.256417348971,"COMMON_ACS":500000000,"CURRENTDEBT_DEBT":95.981309238298,"ISSUED_COMMON_SHARES":173674200,"HK_COMMON_SHARES":173674200,"PER_SHARES":200,"TOTAL_MARKET_CAP":451552920,"HKSK_MARKET_CAP":451552920,"PE_TTM":57.033338173168,"PB_TTM":0.847733955009,"REPORT_DATE_SQ":"2022-06-30 00:00:00","REPORT_TYPE_SQ":"2022年中报","OPERATE_INCOME_SQ":192604000,"DPS_HKD":null,"OPERATE_INCOME_QOQ_SQ":-4.011973217018,"NET_PROFIT_RATIO_SQ":-1.9444040622,"HOLDER_PROFIT_SQ":-3808000,"HOLDER_PROFIT_QOQ_SQ":-111.847569873162,"ROE_AVG_SQ":-1.09076187314,"PE_TTM_SQ":-149.566814467253,"PB_TTM_SQ":1.745175164582,"ROA_SQ":-0.87269185239,"START_DATE":"2023-01-01 00:00:00","FISCAL_YEAR":"12-31","CURRENCY":"HKD","IS_CNY_CODE":0,"DPS_HKD_LY":null,"ORG_TYPE":"一般企业","PREMIUM_INCOME":null,"PREMIUM_INCOME_YOY":null,"NET_INTEREST_INCOME":null,"NET_INTEREST_INCOME_YOY":null,"FEE_COMMISSION_INCOME":null,"FEE_COMMISSION_INCOME_YOY":null,"ACCOUNTS_RECE_TDAYS":2.327584981771,"INVENTORY_TDAYS":null,"CURRENT_ASSETS_TDAYS":0.443392336526,"TOTAL_ASSETS_TDAYS":0.368220077374,"PREMIUM_EXPENSE":null,"LOAN_DEPOSIT":null,"LOAN_EQUITY":null,"LOAN_ASSETS":null,"DEPOSIT_EQUITY":null,"DEPOSIT_ASSETS":null,"EQUITY_MULTIPLIER":1.238223438436,"EQUITY_RATIO":0.238223438436},{"SECUCODE":"02167.HK","SECURITY_CODE":"02167","SECURITY_NAME_ABBR":"天润云","ORG_CODE":"10000216175","STD_REPORT_DATE":"2022-12-31 00:00:00","REPORT_DATE":"2022-12-31 00:00:00","DATE_TYPE_CODE":"001","REPORT_TYPE":"2022年年报","PER_NETCASH_OPERATE":-0.075091781398,"PER_OI":2.202546660812,"BPS":2.715688340583,"BASIC_EPS":-0.0463,"DILUTED_EPS":-0.0463,"OPERATE_INCOME":383244000,"OPERATE_INCOME_YOY":-4.6412389244,"GROSS_PROFIT":184943000,"GROSS_PROFIT_YOY":1.226033507934,"HOLDER_PROFIT":-7511000,"HOLDER_PROFIT_YOY":-141.3851161747,"GROSS_PROFIT_RATIO":48.257246036468,"EPS_TTM":-0.042379212921,"OPERATE_INCOME_QOQ":-0.65556687482,"NET_PROFIT_RATIO":-1.924100573,"ROE_AVG":-2.127782362548,"GROSS_PROFIT_QOQ":3.386533247617,"ROA":-1.693508104105,"HOLDER_PROFIT_QOQ":-249.31312174325,"ROE_YEARLY":-2.127782362548,"ROIC_YEARLY":-4.150297736304,"TOTAL_ASSETS":569056000,"TOTAL_LIABILITIES":97492000,"TAX_EBT":3.358208955224,"OCF_SALES":-3.40931625805,"TOTAL_PARENT_EQUITY":471564000,"DEBT_ASSET_RATIO":17.1297947594,"OPERATE_PROFIT":-7145000,"PRETAX_PROFIT":-7772000,"NETCASH_OPERATE":-13066000,"NETCASH_INVEST":-207246000,"NETCASH_FINANCE":254079000,"END_CASH":188406000,"DIVI_RATIO":null,"DIVIDEND_RATE":null,"CURRENT_RATIO":5.302242018986,"COMMON_ACS":500000000,"CURRENTDEBT_DEBT":96.486891232101,"ISSUED_COMMON_SHARES":173674200,"HK_COMMON_SHARES":173674200,"PER_SHARES":200,"TOTAL_MARKET_CAP":451552920,"HKSK_MARKET_CAP":451552920,"PE_TTM":57.033338173168,"PB_TTM":0.847733955009,"REPORT_DATE_SQ":"2021-12-31 00:00:00","REPORT_TYPE_SQ":"2021年年报","OPERATE_INCOME_SQ":401897000,"DPS_HKD":null,"OPERATE_INCOME_QOQ_SQ":0.992848275897,"NET_PROFIT_RATIO_SQ":4.4334742484,"HOLDER_PROFIT_SQ":17818000,"HOLDER_PROFIT_QOQ_SQ":-68.360117197905,"ROE_AVG_SQ":7.928396143929,"PE_TTM_SQ":-149.566814467253,"PB_TTM_SQ":1.745175164582,"ROA_SQ":5.986738322954,"START_DATE":"2022-01-01 00:00:00","FISCAL_YEAR":"12-31","CURRENCY":"HKD","IS_CNY_CODE":0,"DPS_HKD_LY":null,"ORG_TYPE":"一般企业","PREMIUM_INCOME":null,"PREMIUM_INCOME_YOY":null,"NET_INTEREST_INCOME":null,"NET_INTEREST_INCOME_YOY":null,"FEE_COMMISSION_INCOME":null,"FEE_COMMISSION_INCOME_YOY":null,"ACCOUNTS_RECE_TDAYS":5.05819156097,"INVENTORY_TDAYS":null,"CURRENT_ASSETS_TDAYS":0.97590315426,"TOTAL_ASSETS_TDAYS":0.880155709045,"PREMIUM_EXPENSE":null,"LOAN_DEPOSIT":null,"LOAN_EQUITY":null,"LOAN_ASSETS":null,"DEPOSIT_EQUITY":null,"DEPOSIT_ASSETS":null,"EQUITY_MULTIPLIER":1.206706315131,"EQUITY_RATIO":0.206741820834},{"SECUCODE":"02167.HK","SECURITY_CODE":"02167","SECURITY_NAME_ABBR":"天润云","ORG_CODE":"10000216175","STD_REPORT_DATE":"2022-06-30 00:00:00","REPORT_DATE":"2022-06-30 00:00:00","DATE_TYPE_CODE":"002","REPORT_TYPE":"2022年中报","PER_NETCASH_OPERATE":-0.148327586207,"PER_OI":1.10691954023,"BPS":2.678607415494,"BASIC_EPS":-0.0254,"DILUTED_EPS":-0.0254,"OPERATE_INCOME":192604000,"OPERATE_INCOME_YOY":-7.724885976,"GROSS_PROFIT":91890000,"GROSS_PROFIT_YOY":-3.989217202324,"HOLDER_PROFIT":-3808000,"HOLDER_PROFIT_YOY":-123.1401384083,"GROSS_PROFIT_RATIO":47.709289526697,"EPS_TTM":-0.012132183908,"OPERATE_INCOME_QOQ":-4.011973217018,"NET_PROFIT_RATIO":-1.9444040622,"ROE_AVG":-1.09076187314,"GROSS_PROFIT_QOQ":-2.089730327362,"ROA":-0.87269185239,"HOLDER_PROFIT_QOQ":-111.847569873162,"ROE_YEARLY":-2.181523746279,"ROIC_YEARLY":-4.659162657029,"TOTAL_ASSETS":556546000,"TOTAL_LIABILITIES":91341000,"TAX_EBT":3.276606553213,"OCF_SALES":-13.400033228801,"TOTAL_PARENT_EQUITY":465205000,"DEBT_ASSET_RATIO":16.4121204716,"OPERATE_PROFIT":-3604000,"PRETAX_PROFIT":-3937000,"NETCASH_OPERATE":-25809000,"NETCASH_INVEST":-22258000,"NETCASH_FINANCE":258382000,"END_CASH":362909000,"DIVI_RATIO":null,"DIVIDEND_RATE":null,"CURRENT_RATIO":6.148248716486,"COMMON_ACS":500000000,"CURRENTDEBT_DEBT":95.959098323863,"ISSUED_COMMON_SHARES":173674200,"HK_COMMON_SHARES":173674200,"PER_SHARES":200,"TOTAL_MARKET_CAP":451552920,"HKSK_MARKET_CAP":451552920,"PE_TTM":57.033338173168,"PB_TTM":0.847733955009,"REPORT_DATE_SQ":"2021-06-30 00:00:00","REPORT_TYPE_SQ":"2021年中报","OPERATE_INCOME_SQ":208728000,"DPS_HKD":null,"OPERATE_INCOME_QOQ_SQ":12.495476955086,"NET_PROFIT_RATIO_SQ":7.7536315204,"HOLDER_PROFIT_SQ":16184000,"HOLDER_PROFIT_QOQ_SQ":-19.741473912238,"ROE_AVG_SQ":7.230729707692,"PE_TTM_SQ":-149.566814467253,"PB_TTM_SQ":1.745175164582,"ROA_SQ":5.452719958491,"START_DATE":"2022-01-01 00:00:00","FISCAL_YEAR":"12-31","CURRENCY":"HKD","IS_CNY_CODE":0,"DPS_HKD_LY":null,"ORG_TYPE":"一般企业","PREMIUM_INCOME":null,"PREMIUM_INCOME_YOY":null,"NET_INTEREST_INCOME":null,"NET_INTEREST_INCOME_YOY":null,"FEE_COMMISSION_INCOME":null,"FEE_COMMISSION_INCOME_YOY":null,"ACCOUNTS_RECE_TDAYS":2.37229181293,"INVENTORY_TDAYS":null,"CURRENT_ASSETS_TDAYS":0.466612237778,"TOTAL_ASSETS_TDAYS":0.448822273799,"PREMIUM_EXPENSE":null,"LOAN_DEPOSIT":null,"LOAN_EQUITY":null,"LOAN_ASSETS":null,"DEPOSIT_EQUITY":null,"DEPOSIT_ASSETS":null,"EQUITY_MULTIPLIER":1.196345697058,"EQUITY_RATIO":0.196345697058},{"SECUCODE":"02167.HK","SECURITY_CODE":"02167","SECURITY_NAME_ABBR":"天润云","ORG_CODE":"10000216175","STD_REPORT_DATE":"2021-12-31 00:00:00","REPORT_DATE":"2021-12-31 00:00:00","DATE_TYPE_CODE":"001","REPORT_TYPE":"2021年年报","PER_NETCASH_OPERATE":0.238600813776,"PER_OI":2.614668064184,"BPS":1.275209559048,"BASIC_EPS":0.1188,"DILUTED_EPS":0.1188,"OPERATE_INCOME":401897000,"OPERATE_INCOME_YOY":13.6123863585,"GROSS_PROFIT":182703000,"GROSS_PROFIT_YOY":4.140470476918,"HOLDER_PROFIT":17818000,"HOLDER_PROFIT_YOY":-74.6062964071,"GROSS_PROFIT_RATIO":45.460155213898,"EPS_TTM":0.115920635306,"OPERATE_INCOME_QOQ":0.992848275897,"NET_PROFIT_RATIO":4.4334742484,"ROE_AVG":7.928396143929,"GROSS_PROFIT_QOQ":-4.749913979167,"ROA":5.986738322954,"HOLDER_PROFIT_QOQ":-68.360117197905,"ROE_YEARLY":7.928396143929,"ROIC_YEARLY":9.173707324859,"TOTAL_ASSETS":301718000,"TOTAL_LIABILITIES":80247000,"TAX_EBT":3.613545385697,"OCF_SALES":9.12547244692,"TOTAL_PARENT_EQUITY":221471000,"DEBT_ASSET_RATIO":26.5966896241,"OPERATE_PROFIT":19122000,"PRETAX_PROFIT":18486000,"NETCASH_OPERATE":36675000,"NETCASH_INVEST":128788000,"NETCASH_FINANCE":-45870000,"END_CASH":152545000,"DIVI_RATIO":null,"DIVIDEND_RATE":null,"CURRENT_RATIO":3.696871211535,"COMMON_ACS":500000000,"CURRENTDEBT_DEBT":96.624172866275,"ISSUED_COMMON_SHARES":173674200,"HK_COMMON_SHARES":173674200,"PER_SHARES":200,"TOTAL_MARKET_CAP":451552920,"HKSK_MARKET_CAP":451552920,"PE_TTM":57.033338173168,"PB_TTM":0.847733955009,"REPORT_DATE_SQ":"2020-12-31 00:00:00","REPORT_TYPE_SQ":"2020年年报","OPERATE_INCOME_SQ":353744000,"DPS_HKD":null,"OPERATE_INCOME_QOQ_SQ":5.654201001753,"NET_PROFIT_RATIO_SQ":19.8355307793,"HOLDER_PROFIT_SQ":70167000,"HOLDER_PROFIT_QOQ_SQ":18.635556682729,"ROE_AVG_SQ":33.783022547051,"PE_TTM_SQ":-149.566814467253,"PB_TTM_SQ":1.745175164582,"ROA_SQ":25.365753142386,"START_DATE":"2021-01-01 00:00:00","FISCAL_YEAR":"12-31","CURRENCY":"HKD","IS_CNY_CODE":0,"DPS_HKD_LY":null,"ORG_TYPE":"一般企业","PREMIUM_INCOME":null,"PREMIUM_INCOME_YOY":null,"NET_INTEREST_INCOME":null,"NET_INTEREST_INCOME_YOY":null,"FEE_COMMISSION_INCOME":null,"FEE_COMMISSION_INCOME_YOY":null,"ACCOUNTS_RECE_TDAYS":5.757589215363,"INVENTORY_TDAYS":null,"CURRENT_ASSETS_TDAYS":1.452861189085,"TOTAL_ASSETS_TDAYS":1.350349181603,"PREMIUM_EXPENSE":null,"LOAN_DEPOSIT":null,"LOAN_EQUITY":null,"LOAN_ASSETS":null,"DEPOSIT_EQUITY":null,"DEPOSIT_ASSETS":null,"EQUITY_MULTIPLIER":1.362336378127,"EQUITY_RATIO":0.362336378126},{"SECUCODE":"02167.HK","SECURITY_CODE":"02167","SECURITY_NAME_ABBR":"天润云","ORG_CODE":"10000216175","STD_REPORT_DATE":"2021-06-30 00:00:00","REPORT_DATE":"2021-06-30 00:00:00","DATE_TYPE_CODE":"002","REPORT_TYPE":"2021年中报","PER_NETCASH_OPERATE":0.022603758061,"PER_OI":1.375922196735,"BPS":1.264684103914,"BASIC_EPS":0.1079,"DILUTED_EPS":0.1079,"OPERATE_INCOME":208728000,"OPERATE_INCOME_YOY":26.8662703767,"GROSS_PROFIT":95708000,"GROSS_PROFIT_YOY":20.640843028752,"HOLDER_PROFIT":16184000,"HOLDER_PROFIT_YOY":-46.1179917432,"GROSS_PROFIT_RATIO":45.852976122034,"EPS_TTM":0.371225032143,"OPERATE_INCOME_QOQ":12.495476955086,"NET_PROFIT_RATIO":7.7536315204,"ROE_AVG":7.230729707692,"GROSS_PROFIT_QOQ":9.333728532424,"ROA":5.452719958491,"HOLDER_PROFIT_QOQ":-19.741473912238,"ROE_YEARLY":14.461459415385,"ROIC_YEARLY":14.801096546883,"TOTAL_ASSETS":300081000,"TOTAL_LIABILITIES":80438000,"TAX_EBT":12.243791345841,"OCF_SALES":1.642807864781,"TOTAL_PARENT_EQUITY":219643000,"DEBT_ASSET_RATIO":26.8054292008,"OPERATE_PROFIT":18741000,"PRETAX_PROFIT":18442000,"NETCASH_OPERATE":3429000,"NETCASH_INVEST":108324000,"NETCASH_FINANCE":-42444000,"END_CASH":102286000,"DIVI_RATIO":null,"DIVIDEND_RATE":null,"CURRENT_RATIO":3.702230691919,"COMMON_ACS":500000000,"CURRENTDEBT_DEBT":95.244784803203,"ISSUED_COMMON_SHARES":173674200,"HK_COMMON_SHARES":173674200,"PER_SHARES":200,"TOTAL_MARKET_CAP":451552920,"HKSK_MARKET_CAP":451552920,"PE_TTM":57.033338173168,"PB_TTM":0.847733955009,"REPORT_DATE_SQ":"2020-06-30 00:00:00","REPORT_TYPE_SQ":"2020年中报","OPERATE_INCOME_SQ":164526000,"DPS_HKD":null,"OPERATE_INCOME_QOQ_SQ":0,"NET_PROFIT_RATIO_SQ":18.2560811057,"HOLDER_PROFIT_SQ":30036000,"HOLDER_PROFIT_QOQ_SQ":0,"ROE_AVG_SQ":null,"PE_TTM_SQ":-149.566814467253,"PB_TTM_SQ":1.745175164582,"ROA_SQ":null,"START_DATE":"2021-01-01 00:00:00","FISCAL_YEAR":"12-31","CURRENCY":"HKD","IS_CNY_CODE":0,"DPS_HKD_LY":null,"ORG_TYPE":"一般企业","PREMIUM_INCOME":null,"PREMIUM_INCOME_YOY":null,"NET_INTEREST_INCOME":null,"NET_INTEREST_INCOME_YOY":null,"FEE_COMMISSION_INCOME":null,"FEE_COMMISSION_INCOME_YOY":null,"ACCOUNTS_RECE_TDAYS":2.413458981326,"INVENTORY_TDAYS":null,"CURRENT_ASSETS_TDAYS":0.758679848793,"TOTAL_ASSETS_TDAYS":0.703247238937,"PREMIUM_EXPENSE":null,"LOAN_DEPOSIT":null,"LOAN_EQUITY":null,"LOAN_ASSETS":null,"DEPOSIT_EQUITY":null,"DEPOSIT_ASSETS":null,"EQUITY_MULTIPLIER":1.366221550425,"EQUITY_RATIO":0.366221550425},{"SECUCODE":"02167.HK","SECURITY_CODE":"02167","SECURITY_NAME_ABBR":"天润云","ORG_CODE":"10000216175","STD_REPORT_DATE":"2020-12-31 00:00:00","REPORT_DATE":"2020-12-31 00:00:00","DATE_TYPE_CODE":"001","REPORT_TYPE":"2020年年报","PER_NETCASH_OPERATE":null,"PER_OI":null,"BPS":1.31281445373,"BASIC_EPS":null,"DILUTED_EPS":null,"OPERATE_INCOME":353744000,"OPERATE_INCOME_YOY":5.6542010018,"GROSS_PROFIT":175439000,"GROSS_PROFIT_YOY":12.545306415709,"HOLDER_PROFIT":70167000,"HOLDER_PROFIT_YOY":18.6355566827,"GROSS_PROFIT_RATIO":49.594904789905,"EPS_TTM":null,"OPERATE_INCOME_QOQ":5.654201001753,"NET_PROFIT_RATIO":19.8355307793,"ROE_AVG":33.783022547051,"GROSS_PROFIT_QOQ":12.545306415709,"ROA":25.365753142386,"HOLDER_PROFIT_QOQ":18.635556682729,"ROE_YEARLY":33.783022547051,"ROIC_YEARLY":27.924496764488,"TOTAL_ASSETS":293531000,"TOTAL_LIABILITIES":65529000,"TAX_EBT":10.791430932554,"OCF_SALES":11.09305034149,"TOTAL_PARENT_EQUITY":228002000,"DEBT_ASSET_RATIO":22.3243882248,"OPERATE_PROFIT":null,"PRETAX_PROFIT":78655000,"NETCASH_OPERATE":39241000,"NETCASH_INVEST":9013000,"NETCASH_FINANCE":-33042000,"END_CASH":32953000,"DIVI_RATIO":null,"DIVIDEND_RATE":null,"CURRENT_RATIO":4.507125830502,"COMMON_ACS":500000000,"CURRENTDEBT_DEBT":90.266904729204,"ISSUED_COMMON_SHARES":173674200,"HK_COMMON_SHARES":173674200,"PER_SHARES":200,"TOTAL_MARKET_CAP":451552920,"HKSK_MARKET_CAP":451552920,"PE_TTM":57.033338173168,"PB_TTM":0.847733955009,"REPORT_DATE_SQ":"2019-12-31 00:00:00","REPORT_TYPE_SQ":"2019年年报","OPERATE_INCOME_SQ":334813000,"DPS_HKD":null,"OPERATE_INCOME_QOQ_SQ":14.219191354066,"NET_PROFIT_RATIO_SQ":17.6650846891,"HOLDER_PROFIT_SQ":59145000,"HOLDER_PROFIT_QOQ_SQ":2.513216049918,"ROE_AVG_SQ":35.442059468594,"PE_TTM_SQ":-149.566814467253,"PB_TTM_SQ":1.745175164582,"ROA_SQ":24.499509139939,"START_DATE":"2020-01-01 00:00:00","FISCAL_YEAR":"12-31","CURRENCY":"HKD","IS_CNY_CODE":0,"DPS_HKD_LY":null,"ORG_TYPE":"一般企业","PREMIUM_INCOME":null,"PREMIUM_INCOME_YOY":null,"NET_INTEREST_INCOME":null,"NET_INTEREST_INCOME_YOY":null,"FEE_COMMISSION_INCOME":null,"FEE_COMMISSION_INCOME_YOY":null,"ACCOUNTS_RECE_TDAYS":5.725356272912,"INVENTORY_TDAYS":null,"CURRENT_ASSETS_TDAYS":1.420014210419,"TOTAL_ASSETS_TDAYS":1.278803850756,"PREMIUM_EXPENSE":null,"LOAN_DEPOSIT":null,"LOAN_EQUITY":null,"LOAN_ASSETS":null,"DEPOSIT_EQUITY":null,"DEPOSIT_ASSETS":null,"EQUITY_MULTIPLIER":1.287405373638,"EQUITY_RATIO":0.287405373637},{"SECUCODE":"02167.HK","SECURITY_CODE":"02167","SECURITY_NAME_ABBR":"天润云","ORG_CODE":"10000216175","STD_REPORT_DATE":"2020-06-30 00:00:00","REPORT_DATE":"2020-06-30 00:00:00","DATE_TYPE_CODE":"002","REPORT_TYPE":"2020年中报","PER_NETCASH_OPERATE":null,"PER_OI":null,"BPS":null,"BASIC_EPS":null,"DILUTED_EPS":null,"OPERATE_INCOME":164526000,"OPERATE_INCOME_YOY":null,"GROSS_PROFIT":79333000,"GROSS_PROFIT_YOY":null,"HOLDER_PROFIT":30036000,"HOLDER_PROFIT_YOY":null,"GROSS_PROFIT_RATIO":48.219126460256,"EPS_TTM":null,"OPERATE_INCOME_QOQ":0,"NET_PROFIT_RATIO":18.2560811057,"ROE_AVG":null,"GROSS_PROFIT_QOQ":0,"ROA":null,"HOLDER_PROFIT_QOQ":0,"ROE_YEARLY":null,"ROIC_YEARLY":null,"TOTAL_ASSETS":null,"TOTAL_LIABILITIES":null,"TAX_EBT":13.029881862404,"OCF_SALES":2.062288027424,"TOTAL_PARENT_EQUITY":null,"DEBT_ASSET_RATIO":null,"OPERATE_PROFIT":null,"PRETAX_PROFIT":34536000,"NETCASH_OPERATE":3393000,"NETCASH_INVEST":-739000,"NETCASH_FINANCE":-2044000,"END_CASH":18351000,"DIVI_RATIO":null,"DIVIDEND_RATE":null,"CURRENT_RATIO":null,"COMMON_ACS":500000000,"CURRENTDEBT_DEBT":null,"ISSUED_COMMON_SHARES":173674200,"HK_COMMON_SHARES":173674200,"PER_SHARES":200,"TOTAL_MARKET_CAP":451552920,"HKSK_MARKET_CAP":451552920,"PE_TTM":57.033338173168,"PB_TTM":0.847733955009,"REPORT_DATE_SQ":"2019-06-30 00:00:00","REPORT_TYPE_SQ":"2019年中报","OPERATE_INCOME_SQ":null,"DPS_HKD":null,"OPERATE_INCOME_QOQ_SQ":0,"NET_PROFIT_RATIO_SQ":null,"HOLDER_PROFIT_SQ":null,"HOLDER_PROFIT_QOQ_SQ":0,"ROE_AVG_SQ":null,"PE_TTM_SQ":-149.566814467253,"PB_TTM_SQ":1.745175164582,"ROA_SQ":null,"START_DATE":"2020-01-01 00:00:00","FISCAL_YEAR":"12-31","CURRENCY":"HKD","IS_CNY_CODE":0,"DPS_HKD_LY":null,"ORG_TYPE":"一般企业","PREMIUM_INCOME":null,"PREMIUM_INCOME_YOY":null,"NET_INTEREST_INCOME":null,"NET_INTEREST_INCOME_YOY":null,"FEE_COMMISSION_INCOME":null,"FEE_COMMISSION_INCOME_YOY":null,"ACCOUNTS_RECE_TDAYS":null,"INVENTORY_TDAYS":null,"CURRENT_ASSETS_TDAYS":1.420623853211,"TOTAL_ASSETS_TDAYS":1.266992926753,"PREMIUM_EXPENSE":null,"LOAN_DEPOSIT":null,"LOAN_EQUITY":null,"LOAN_ASSETS":null,"DEPOSIT_EQUITY":null,"DEPOSIT_ASSETS":null,"EQUITY_MULTIPLIER":null,"EQUITY_RATIO":null}],"count":11},"success":true,"message":"ok","code":0}