{"version":"aa34571597c00e3f0b4f5eafeb94ee70","result":{"pages":2,"data":[{"SECUCODE":"02170.HK","SECURITY_CODE":"02170","SECURITY_NAME_ABBR":"贝康医疗-B","ORG_CODE":"10000132893","STD_REPORT_DATE":"2024-06-30 00:00:00","REPORT_DATE":"2024-06-30 00:00:00","DATE_TYPE_CODE":"002","REPORT_TYPE":"2024年中报","PER_NETCASH_OPERATE":-0.446915466903,"PER_OI":0.456040742014,"BPS":4.656621308395,"BASIC_EPS":-0.4,"DILUTED_EPS":-0.4,"OPERATE_INCOME":124739000,"OPERATE_INCOME_YOY":45.8151170131,"GROSS_PROFIT":57878000,"GROSS_PROFIT_YOY":72.440710284829,"HOLDER_PROFIT":-119912000,"HOLDER_PROFIT_YOY":-95.3950691717,"GROSS_PROFIT_RATIO":46.39928170019,"EPS_TTM":-0.914823453712,"OPERATE_INCOME_QOQ":18.844962880332,"NET_PROFIT_RATIO":-96.1327251301,"ROE_AVG":-8.972484018193,"GROSS_PROFIT_QOQ":26.616019529069,"ROA":-6.489055347077,"HOLDER_PROFIT_QOQ":-30.541252575841,"ROE_YEARLY":-17.944968036386,"ROIC_YEARLY":-24.982538453165,"TOTAL_ASSETS":1797736000,"TOTAL_LIABILITIES":525102000,"TAX_EBT":1.163797011382,"OCF_SALES":-97.999021957848,"TOTAL_PARENT_EQUITY":1273707000,"DEBT_ASSET_RATIO":29.2090718548,"OPERATE_PROFIT":-117643000,"PRETAX_PROFIT":-121327000,"NETCASH_OPERATE":-122243000,"NETCASH_INVEST":-111309000,"NETCASH_FINANCE":49870000,"END_CASH":764817000,"DIVI_RATIO":null,"DIVIDEND_RATE":null,"CURRENT_RATIO":5.62443676363,"COMMON_ACS":null,"CURRENTDEBT_DEBT":37.742191040979,"ISSUED_COMMON_SHARES":273526000,"HK_COMMON_SHARES":82713835,"PER_SHARES":500,"TOTAL_MARKET_CAP":812372220,"HKSK_MARKET_CAP":245660089.95,"PE_TTM":-2.939715772252,"PB_TTM":0.582108662157,"REPORT_DATE_SQ":"2023-06-30 00:00:00","REPORT_TYPE_SQ":"2023年中报","OPERATE_INCOME_SQ":85546000,"DPS_HKD":null,"OPERATE_INCOME_QOQ_SQ":12.049595105783,"NET_PROFIT_RATIO_SQ":-73.05192528,"HOLDER_PROFIT_SQ":-61369000,"HOLDER_PROFIT_QOQ_SQ":-32.677884301833,"ROE_AVG_SQ":-3.93511727796,"PE_TTM_SQ":-3.056273235138,"PB_TTM_SQ":0.330466160298,"ROA_SQ":-3.277531957392,"START_DATE":"2024-01-01 00:00:00","FISCAL_YEAR":"12-31","CURRENCY":"HKD","IS_CNY_CODE":0,"DPS_HKD_LY":null,"ORG_TYPE":"一般企业","PREMIUM_INCOME":null,"PREMIUM_INCOME_YOY":null,"NET_INTEREST_INCOME":null,"NET_INTEREST_INCOME_YOY":null,"FEE_COMMISSION_INCOME":null,"FEE_COMMISSION_INCOME_YOY":null,"ACCOUNTS_RECE_TDAYS":0.703026238295,"INVENTORY_TDAYS":0.702576038585,"CURRENT_ASSETS_TDAYS":0.1070792263,"TOTAL_ASSETS_TDAYS":0.067502691552,"PREMIUM_EXPENSE":null,"LOAN_DEPOSIT":null,"LOAN_EQUITY":null,"LOAN_ASSETS":null,"DEPOSIT_EQUITY":null,"DEPOSIT_ASSETS":null,"EQUITY_MULTIPLIER":1.412610381303,"EQUITY_RATIO":0.412262788852},{"SECUCODE":"02170.HK","SECURITY_CODE":"02170","SECURITY_NAME_ABBR":"贝康医疗-B","ORG_CODE":"10000132893","STD_REPORT_DATE":"2023-12-31 00:00:00","REPORT_DATE":"2023-12-31 00:00:00","DATE_TYPE_CODE":"001","REPORT_TYPE":"2023年年报","PER_NETCASH_OPERATE":-0.976996702324,"PER_OI":0.76035184955,"BPS":5.115330900902,"BASIC_EPS":-0.7,"DILUTED_EPS":-0.7,"OPERATE_INCOME":207976000,"OPERATE_INCOME_YOY":47.6043463141,"GROSS_PROFIT":91351000,"GROSS_PROFIT_YOY":53.458876495095,"HOLDER_PROFIT":-191685000,"HOLDER_PROFIT_YOY":-56.2683427901,"GROSS_PROFIT_RATIO":43.923818132862,"EPS_TTM":-0.700792612037,"OPERATE_INCOME_QOQ":31.731262549167,"NET_PROFIT_RATIO":-92.9669769589,"ROE_AVG":-12.813262664365,"GROSS_PROFIT_QOQ":45.292171644877,"ROA":-10.423483766071,"HOLDER_PROFIT_QOQ":-17.780249219652,"ROE_YEARLY":-12.813262664365,"ROIC_YEARLY":-27.287616474355,"TOTAL_ASSETS":1898087000,"TOTAL_LIABILITIES":499981000,"TAX_EBT":1.512843891829,"OCF_SALES":-128.492710697388,"TOTAL_PARENT_EQUITY":1399176000,"DEBT_ASSET_RATIO":26.3413110147,"OPERATE_PROFIT":-193709000,"PRETAX_PROFIT":-196319000,"NETCASH_OPERATE":-267234000,"NETCASH_INVEST":-324814000,"NETCASH_FINANCE":190551000,"END_CASH":943216000,"DIVI_RATIO":null,"DIVIDEND_RATE":null,"CURRENT_RATIO":6.223163393337,"COMMON_ACS":null,"CURRENTDEBT_DEBT":39.054484070395,"ISSUED_COMMON_SHARES":273526000,"HK_COMMON_SHARES":82713835,"PER_SHARES":500,"TOTAL_MARKET_CAP":774078580,"HKSK_MARKET_CAP":234080153.05,"PE_TTM":-2.801143311607,"PB_TTM":0.5546691966,"REPORT_DATE_SQ":"2022-12-31 00:00:00","REPORT_TYPE_SQ":"2022年年报","OPERATE_INCOME_SQ":140901000,"DPS_HKD":null,"OPERATE_INCOME_QOQ_SQ":12.088620182173,"NET_PROFIT_RATIO_SQ":-87.4110190843,"HOLDER_PROFIT_SQ":-122664000,"HOLDER_PROFIT_QOQ_SQ":0.145714448524,"ROE_AVG_SQ":-7.415602363533,"PE_TTM_SQ":-3.591121051287,"PB_TTM_SQ":0.388297738351,"ROA_SQ":-6.851309755006,"START_DATE":"2023-01-01 00:00:00","FISCAL_YEAR":"12-31","CURRENCY":"HKD","IS_CNY_CODE":0,"DPS_HKD_LY":null,"ORG_TYPE":"一般企业","PREMIUM_INCOME":null,"PREMIUM_INCOME_YOY":null,"NET_INTEREST_INCOME":null,"NET_INTEREST_INCOME_YOY":null,"FEE_COMMISSION_INCOME":null,"FEE_COMMISSION_INCOME_YOY":null,"ACCOUNTS_RECE_TDAYS":1.301143010867,"INVENTORY_TDAYS":1.639914787707,"CURRENT_ASSETS_TDAYS":0.15165442718,"TOTAL_ASSETS_TDAYS":0.113093588947,"PREMIUM_EXPENSE":null,"LOAN_DEPOSIT":null,"LOAN_EQUITY":null,"LOAN_ASSETS":null,"DEPOSIT_EQUITY":null,"DEPOSIT_ASSETS":null,"EQUITY_MULTIPLIER":1.35761308513,"EQUITY_RATIO":0.357339605596},{"SECUCODE":"02170.HK","SECURITY_CODE":"02170","SECURITY_NAME_ABBR":"贝康医疗-B","ORG_CODE":"10000132893","STD_REPORT_DATE":"2023-06-30 00:00:00","REPORT_DATE":"2023-06-30 00:00:00","DATE_TYPE_CODE":"002","REPORT_TYPE":"2023年中报","PER_NETCASH_OPERATE":-0.450618953957,"PER_OI":0.312752718206,"BPS":5.579875404898,"BASIC_EPS":-0.2,"DILUTED_EPS":-0.2,"OPERATE_INCOME":85546000,"OPERATE_INCOME_YOY":24.7608213744,"GROSS_PROFIT":33564000,"GROSS_PROFIT_YOY":11.072870474552,"HOLDER_PROFIT":-61369000,"HOLDER_PROFIT_YOY":-188.3204134367,"GROSS_PROFIT_RATIO":39.235031445071,"EPS_TTM":-0.595000109679,"OPERATE_INCOME_QOQ":12.049595105783,"NET_PROFIT_RATIO":-73.05192528,"ROE_AVG":-3.93511727796,"GROSS_PROFIT_QOQ":5.620884289746,"ROA":-3.277531957392,"HOLDER_PROFIT_QOQ":-32.677884301833,"ROE_YEARLY":-7.87023455592,"ROIC_YEARLY":-18.694558171273,"TOTAL_ASSETS":1964972000,"TOTAL_LIABILITIES":436025000,"TAX_EBT":-7.273070585004,"OCF_SALES":-144.081546770159,"TOTAL_PARENT_EQUITY":1526241000,"DEBT_ASSET_RATIO":22.1898836218,"OPERATE_PROFIT":-58166000,"PRETAX_PROFIT":-58256000,"NETCASH_OPERATE":-123256000,"NETCASH_INVEST":-282877000,"NETCASH_FINANCE":146904000,"END_CASH":1098160000,"DIVI_RATIO":null,"DIVIDEND_RATE":null,"CURRENT_RATIO":7.861765485146,"COMMON_ACS":null,"CURRENTDEBT_DEBT":39.818359039046,"ISSUED_COMMON_SHARES":273526000,"HK_COMMON_SHARES":82713835,"PER_SHARES":500,"TOTAL_MARKET_CAP":774078580,"HKSK_MARKET_CAP":234080153.05,"PE_TTM":-2.801143311607,"PB_TTM":0.5546691966,"REPORT_DATE_SQ":"2022-06-30 00:00:00","REPORT_TYPE_SQ":"2022年中报","OPERATE_INCOME_SQ":68568000,"DPS_HKD":null,"OPERATE_INCOME_QOQ_SQ":17.153934333032,"NET_PROFIT_RATIO_SQ":-30.7607047019,"HOLDER_PROFIT_SQ":-21285000,"HOLDER_PROFIT_QOQ_SQ":14.485106264488,"ROE_AVG_SQ":-1.248516342014,"PE_TTM_SQ":-3.591121051287,"PB_TTM_SQ":0.388297738351,"ROA_SQ":-1.180914294528,"START_DATE":"2023-01-01 00:00:00","FISCAL_YEAR":"12-31","CURRENCY":"HKD","IS_CNY_CODE":0,"DPS_HKD_LY":null,"ORG_TYPE":"一般企业","PREMIUM_INCOME":null,"PREMIUM_INCOME_YOY":null,"NET_INTEREST_INCOME":null,"NET_INTEREST_INCOME_YOY":null,"FEE_COMMISSION_INCOME":null,"FEE_COMMISSION_INCOME_YOY":null,"ACCOUNTS_RECE_TDAYS":0.511683130415,"INVENTORY_TDAYS":0.834054023699,"CURRENT_ASSETS_TDAYS":0.059149398107,"TOTAL_ASSETS_TDAYS":0.045687521196,"PREMIUM_EXPENSE":null,"LOAN_DEPOSIT":null,"LOAN_EQUITY":null,"LOAN_ASSETS":null,"DEPOSIT_EQUITY":null,"DEPOSIT_ASSETS":null,"EQUITY_MULTIPLIER":1.285179931025,"EQUITY_RATIO":0.285685550316},{"SECUCODE":"02170.HK","SECURITY_CODE":"02170","SECURITY_NAME_ABBR":"贝康医疗-B","ORG_CODE":"10000132893","STD_REPORT_DATE":"2022-12-31 00:00:00","REPORT_DATE":"2022-12-31 00:00:00","DATE_TYPE_CODE":"001","REPORT_TYPE":"2022年年报","PER_NETCASH_OPERATE":-0.690131833902,"PER_OI":0.515128360741,"BPS":5.823219730483,"BASIC_EPS":-0.5,"DILUTED_EPS":-0.5,"OPERATE_INCOME":140901000,"OPERATE_INCOME_YOY":31.316228483,"GROSS_PROFIT":59528000,"GROSS_PROFIT_YOY":16.386102801728,"HOLDER_PROFIT":-122664000,"HOLDER_PROFIT_YOY":14.6097138203,"GROSS_PROFIT_RATIO":42.248103278188,"EPS_TTM":-0.448454625886,"OPERATE_INCOME_QOQ":12.088620182173,"NET_PROFIT_RATIO":-87.4110190843,"ROE_AVG":-7.415602363533,"GROSS_PROFIT_QOQ":0.537071440635,"ROA":-6.851309755006,"HOLDER_PROFIT_QOQ":0.145714448524,"ROE_YEARLY":-7.415602363533,"ROIC_YEARLY":-33.740474183163,"TOTAL_ASSETS":1779858000,"TOTAL_LIABILITIES":188326000,"TAX_EBT":-4.749079880582,"OCF_SALES":-133.972789405327,"TOTAL_PARENT_EQUITY":1592802000,"DEBT_ASSET_RATIO":10.5809564583,"OPERATE_PROFIT":-126118000,"PRETAX_PROFIT":-126614000,"NETCASH_OPERATE":-188769000,"NETCASH_INVEST":-88698000,"NETCASH_FINANCE":23514000,"END_CASH":1332146000,"DIVI_RATIO":null,"DIVIDEND_RATE":null,"CURRENT_RATIO":13.335393533068,"COMMON_ACS":null,"CURRENTDEBT_DEBT":60.826439259582,"ISSUED_COMMON_SHARES":273526000,"HK_COMMON_SHARES":82713835,"PER_SHARES":500,"TOTAL_MARKET_CAP":774078580,"HKSK_MARKET_CAP":234080153.05,"PE_TTM":-2.801143311607,"PB_TTM":0.5546691966,"REPORT_DATE_SQ":"2021-12-31 00:00:00","REPORT_TYPE_SQ":"2021年年报","OPERATE_INCOME_SQ":107299000,"DPS_HKD":null,"OPERATE_INCOME_QOQ_SQ":8.2669061409,"NET_PROFIT_RATIO_SQ":-134.2771134866,"HOLDER_PROFIT_SQ":-143651000,"HOLDER_PROFIT_QOQ_SQ":-28.327422481486,"ROE_AVG_SQ":-14.388113788004,"PE_TTM_SQ":-3.591121051287,"PB_TTM_SQ":0.388297738351,"ROA_SQ":-13.355516445347,"START_DATE":"2022-01-01 00:00:00","FISCAL_YEAR":"12-31","CURRENCY":"HKD","IS_CNY_CODE":0,"DPS_HKD_LY":null,"ORG_TYPE":"一般企业","PREMIUM_INCOME":null,"PREMIUM_INCOME_YOY":null,"NET_INTEREST_INCOME":null,"NET_INTEREST_INCOME_YOY":null,"FEE_COMMISSION_INCOME":null,"FEE_COMMISSION_INCOME_YOY":null,"ACCOUNTS_RECE_TDAYS":1.04000177146,"INVENTORY_TDAYS":1.998550938206,"CURRENT_ASSETS_TDAYS":0.087237395787,"TOTAL_ASSETS_TDAYS":0.078699243119,"PREMIUM_EXPENSE":null,"LOAN_DEPOSIT":null,"LOAN_EQUITY":null,"LOAN_ASSETS":null,"DEPOSIT_EQUITY":null,"DEPOSIT_ASSETS":null,"EQUITY_MULTIPLIER":1.118330011586,"EQUITY_RATIO":0.118235662688},{"SECUCODE":"02170.HK","SECURITY_CODE":"02170","SECURITY_NAME_ABBR":"贝康医疗-B","ORG_CODE":"10000132893","STD_REPORT_DATE":"2022-06-30 00:00:00","REPORT_DATE":"2022-06-30 00:00:00","DATE_TYPE_CODE":"002","REPORT_TYPE":"2022年中报","PER_NETCASH_OPERATE":-0.335032135885,"PER_OI":0.250681836462,"BPS":6.193857256714,"BASIC_EPS":-0.1,"DILUTED_EPS":-0.1,"OPERATE_INCOME":68568000,"OPERATE_INCOME_YOY":36.6931143096,"GROSS_PROFIT":30218000,"GROSS_PROFIT_YOY":36.3935906116,"HOLDER_PROFIT":-21285000,"HOLDER_PROFIT_YOY":49.433397477,"GROSS_PROFIT_RATIO":44.070120172675,"EPS_TTM":-0.44910904265,"OPERATE_INCOME_QOQ":17.153934333032,"NET_PROFIT_RATIO":-30.7607047019,"ROE_AVG":-1.248516342014,"GROSS_PROFIT_QOQ":15.76436545643,"ROA":-1.180914294528,"HOLDER_PROFIT_QOQ":14.485106264488,"ROE_YEARLY":-2.497032684029,"ROIC_YEARLY":-11.647584637884,"TOTAL_ASSETS":1803946000,"TOTAL_LIABILITIES":96327000,"TAX_EBT":-4.729054813335,"OCF_SALES":-133.648349084121,"TOTAL_PARENT_EQUITY":1694181000,"DEBT_ASSET_RATIO":5.339793985,"OPERATE_PROFIT":-31603000,"PRETAX_PROFIT":-32036000,"NETCASH_OPERATE":-91640000,"NETCASH_INVEST":-118896000,"NETCASH_FINANCE":230000,"END_CASH":1348836000,"DIVI_RATIO":null,"DIVIDEND_RATE":null,"CURRENT_RATIO":34.697583496236,"COMMON_ACS":null,"CURRENTDEBT_DEBT":49.919544883574,"ISSUED_COMMON_SHARES":273526000,"HK_COMMON_SHARES":82713835,"PER_SHARES":500,"TOTAL_MARKET_CAP":774078580,"HKSK_MARKET_CAP":234080153.05,"PE_TTM":-2.801143311607,"PB_TTM":0.5546691966,"REPORT_DATE_SQ":"2021-06-30 00:00:00","REPORT_TYPE_SQ":"2021年中报","OPERATE_INCOME_SQ":50162000,"DPS_HKD":null,"OPERATE_INCOME_QOQ_SQ":22.188659704842,"NET_PROFIT_RATIO_SQ":-83.9141182568,"HOLDER_PROFIT_SQ":-42093000,"HOLDER_PROFIT_QOQ_SQ":87.236674678354,"ROE_AVG_SQ":-4.027163477407,"PE_TTM_SQ":-3.591121051287,"PB_TTM_SQ":0.388297738351,"ROA_SQ":-3.806518911191,"START_DATE":"2022-01-01 00:00:00","FISCAL_YEAR":"12-31","CURRENCY":"HKD","IS_CNY_CODE":0,"DPS_HKD_LY":null,"ORG_TYPE":"一般企业","PREMIUM_INCOME":null,"PREMIUM_INCOME_YOY":null,"NET_INTEREST_INCOME":null,"NET_INTEREST_INCOME_YOY":null,"FEE_COMMISSION_INCOME":null,"FEE_COMMISSION_INCOME_YOY":null,"ACCOUNTS_RECE_TDAYS":0.520885006172,"INVENTORY_TDAYS":0.898389458272,"CURRENT_ASSETS_TDAYS":0.040679160681,"TOTAL_ASSETS_TDAYS":0.038042251044,"PREMIUM_EXPENSE":null,"LOAN_DEPOSIT":null,"LOAN_EQUITY":null,"LOAN_ASSETS":null,"DEPOSIT_EQUITY":null,"DEPOSIT_ASSETS":null,"EQUITY_MULTIPLIER":1.056410124273,"EQUITY_RATIO":0.056857561264},{"SECUCODE":"02170.HK","SECURITY_CODE":"02170","SECURITY_NAME_ABBR":"贝康医疗-B","ORG_CODE":"10000132893","STD_REPORT_DATE":"2021-12-31 00:00:00","REPORT_DATE":"2021-12-31 00:00:00","DATE_TYPE_CODE":"001","REPORT_TYPE":"2021年年报","PER_NETCASH_OPERATE":-0.723338914765,"PER_OI":0.392280806943,"BPS":6.271674356368,"BASIC_EPS":-0.5,"DILUTED_EPS":-0.5,"OPERATE_INCOME":107299000,"OPERATE_INCOME_YOY":32.2898815175,"GROSS_PROFIT":51147000,"GROSS_PROFIT_YOY":84.552933535397,"HOLDER_PROFIT":-143651000,"HOLDER_PROFIT_YOY":83.6211535918,"GROSS_PROFIT_RATIO":47.667732224904,"EPS_TTM":-0.525182249585,"OPERATE_INCOME_QOQ":8.2669061409,"NET_PROFIT_RATIO":-134.2771134866,"ROE_AVG":-14.388113788004,"GROSS_PROFIT_QOQ":32.970232679059,"ROA":-13.355516445347,"HOLDER_PROFIT_QOQ":-28.327422481486,"ROE_YEARLY":-14.388113788004,"ROIC_YEARLY":-65.880146205669,"TOTAL_ASSETS":1800888000,"TOTAL_LIABILITIES":85849000,"TAX_EBT":-14.578594945366,"OCF_SALES":-184.393144390908,"TOTAL_PARENT_EQUITY":1715466000,"DEBT_ASSET_RATIO":4.7670371506,"OPERATE_PROFIT":-124486000,"PRETAX_PROFIT":-125746000,"NETCASH_OPERATE":-197852000,"NETCASH_INVEST":-56603000,"NETCASH_FINANCE":1595635000,"END_CASH":1523194000,"DIVI_RATIO":null,"DIVIDEND_RATE":null,"CURRENT_RATIO":28.222054631042,"COMMON_ACS":null,"CURRENTDEBT_DEBT":70.276881501241,"ISSUED_COMMON_SHARES":273526000,"HK_COMMON_SHARES":82713835,"PER_SHARES":500,"TOTAL_MARKET_CAP":774078580,"HKSK_MARKET_CAP":234080153.05,"PE_TTM":-2.801143311607,"PB_TTM":0.5546691966,"REPORT_DATE_SQ":"2020-12-31 00:00:00","REPORT_TYPE_SQ":"2020年年报","OPERATE_INCOME_SQ":81109000,"DPS_HKD":null,"OPERATE_INCOME_QOQ_SQ":14.13353971716,"NET_PROFIT_RATIO_SQ":-1082.4433786633,"HOLDER_PROFIT_SQ":-877052000,"HOLDER_PROFIT_QOQ_SQ":13.305484659836,"ROE_AVG_SQ":266.776574937872,"PE_TTM_SQ":-3.591121051287,"PB_TTM_SQ":0.388297738351,"ROA_SQ":-349.823104505949,"START_DATE":"2021-01-01 00:00:00","FISCAL_YEAR":"12-31","CURRENCY":"HKD","IS_CNY_CODE":0,"DPS_HKD_LY":null,"ORG_TYPE":"一般企业","PREMIUM_INCOME":null,"PREMIUM_INCOME_YOY":null,"NET_INTEREST_INCOME":null,"NET_INTEREST_INCOME_YOY":null,"FEE_COMMISSION_INCOME":null,"FEE_COMMISSION_INCOME_YOY":null,"ACCOUNTS_RECE_TDAYS":1.008781084003,"INVENTORY_TDAYS":2.832954946774,"CURRENT_ASSETS_TDAYS":0.106601506344,"TOTAL_ASSETS_TDAYS":0.099757993962,"PREMIUM_EXPENSE":null,"LOAN_DEPOSIT":null,"LOAN_EQUITY":null,"LOAN_ASSETS":null,"DEPOSIT_EQUITY":null,"DEPOSIT_ASSETS":null,"EQUITY_MULTIPLIER":1.050056587635,"EQUITY_RATIO":0.050044127951},{"SECUCODE":"02170.HK","SECURITY_CODE":"02170","SECURITY_NAME_ABBR":"贝康医疗-B","ORG_CODE":"10000132893","STD_REPORT_DATE":"2021-06-30 00:00:00","REPORT_DATE":"2021-06-30 00:00:00","DATE_TYPE_CODE":"002","REPORT_TYPE":"2021年中报","PER_NETCASH_OPERATE":-0.258542149558,"PER_OI":0.183390244437,"BPS":6.614065938887,"BASIC_EPS":-0.2,"DILUTED_EPS":-0.2,"OPERATE_INCOME":50162000,"OPERATE_INCOME_YOY":55.9521218716,"GROSS_PROFIT":22155000,"GROSS_PROFIT_YOY":94.273938968783,"HOLDER_PROFIT":-42093000,"HOLDER_PROFIT_YOY":94.7853330757,"GROSS_PROFIT_RATIO":44.166899246442,"EPS_TTM":-0.409251771312,"OPERATE_INCOME_QOQ":22.188659704842,"NET_PROFIT_RATIO":-83.9141182568,"ROE_AVG":-4.027163477407,"GROSS_PROFIT_QOQ":38.792667965649,"ROA":-3.806518911191,"HOLDER_PROFIT_QOQ":87.236674678354,"ROE_YEARLY":-8.054326954815,"ROIC_YEARLY":-50.697660413718,"TOTAL_ASSETS":1861329000,"TOTAL_LIABILITIES":52210000,"TAX_EBT":-12.602321973142,"OCF_SALES":-140.979227303537,"TOTAL_PARENT_EQUITY":1809119000,"DEBT_ASSET_RATIO":2.8049850403,"OPERATE_PROFIT":-36671000,"PRETAX_PROFIT":-37382000,"NETCASH_OPERATE":-70718000,"NETCASH_INVEST":-2910000,"NETCASH_FINANCE":1569543000,"END_CASH":1687196000,"DIVI_RATIO":null,"DIVIDEND_RATE":null,"CURRENT_RATIO":36.608660526741,"COMMON_ACS":null,"CURRENTDEBT_DEBT":94.832407584754,"ISSUED_COMMON_SHARES":273526000,"HK_COMMON_SHARES":82713835,"PER_SHARES":500,"TOTAL_MARKET_CAP":774078580,"HKSK_MARKET_CAP":234080153.05,"PE_TTM":-2.801143311607,"PB_TTM":0.5546691966,"REPORT_DATE_SQ":"2020-06-30 00:00:00","REPORT_TYPE_SQ":"2020年中报","OPERATE_INCOME_SQ":32165000,"DPS_HKD":null,"OPERATE_INCOME_QOQ_SQ":9.587860285535,"NET_PROFIT_RATIO_SQ":-2512.3115187315,"HOLDER_PROFIT_SQ":-807204000,"HOLDER_PROFIT_QOQ_SQ":-109.873978047789,"ROE_AVG_SQ":60.128942869593,"PE_TTM_SQ":-3.591121051287,"PB_TTM_SQ":0.388297738351,"ROA_SQ":-499.240196305814,"START_DATE":"2021-01-01 00:00:00","FISCAL_YEAR":"12-31","CURRENCY":"HKD","IS_CNY_CODE":0,"DPS_HKD_LY":null,"ORG_TYPE":"一般企业","PREMIUM_INCOME":null,"PREMIUM_INCOME_YOY":null,"NET_INTEREST_INCOME":null,"NET_INTEREST_INCOME_YOY":null,"FEE_COMMISSION_INCOME":null,"FEE_COMMISSION_INCOME_YOY":null,"ACCOUNTS_RECE_TDAYS":0.501206504634,"INVENTORY_TDAYS":3.076340070299,"CURRENT_ASSETS_TDAYS":0.047256638252,"TOTAL_ASSETS_TDAYS":0.045362079591,"PREMIUM_EXPENSE":null,"LOAN_DEPOSIT":null,"LOAN_EQUITY":null,"LOAN_ASSETS":null,"DEPOSIT_EQUITY":null,"DEPOSIT_ASSETS":null,"EQUITY_MULTIPLIER":1.028859350878,"EQUITY_RATIO":0.028859350877},{"SECUCODE":"02170.HK","SECURITY_CODE":"02170","SECURITY_NAME_ABBR":"贝康医疗-B","ORG_CODE":"10000132893","STD_REPORT_DATE":"2020-12-31 00:00:00","REPORT_DATE":"2020-12-31 00:00:00","DATE_TYPE_CODE":"001","REPORT_TYPE":"2020年年报","PER_NETCASH_OPERATE":-0.32144,"PER_OI":0.405545,"BPS":1.028549388358,"BASIC_EPS":-5.1,"DILUTED_EPS":-5.1,"OPERATE_INCOME":81109000,"OPERATE_INCOME_YOY":45.6568196103,"GROSS_PROFIT":27714000,"GROSS_PROFIT_YOY":5.565078276768,"HOLDER_PROFIT":-877052000,"HOLDER_PROFIT_YOY":-65.0654199979,"GROSS_PROFIT_RATIO":34.16883453131,"EPS_TTM":-4.38526,"OPERATE_INCOME_QOQ":14.13353971716,"NET_PROFIT_RATIO":-1082.4433786633,"ROE_AVG":266.776574937872,"GROSS_PROFIT_QOQ":-1.04970008569,"ROA":-349.823104505949,"HOLDER_PROFIT_QOQ":13.305484659836,"ROE_YEARLY":266.776574937872,"ROIC_YEARLY":-600.734949125493,"TOTAL_ASSETS":350298000,"TOTAL_LIABILITIES":68963000,"TAX_EBT":0.838780376578,"OCF_SALES":-79.261241046,"TOTAL_PARENT_EQUITY":281335000,"DEBT_ASSET_RATIO":19.6869522521,"OPERATE_PROFIT":-53468000,"PRETAX_PROFIT":-881518000,"NETCASH_OPERATE":-64288000,"NETCASH_INVEST":33534000,"NETCASH_FINANCE":207473000,"END_CASH":192321000,"DIVI_RATIO":null,"DIVIDEND_RATE":null,"CURRENT_RATIO":4.552418526884,"COMMON_ACS":null,"CURRENTDEBT_DEBT":98.867508664066,"ISSUED_COMMON_SHARES":273526000,"HK_COMMON_SHARES":82713835,"PER_SHARES":500,"TOTAL_MARKET_CAP":774078580,"HKSK_MARKET_CAP":234080153.05,"PE_TTM":-2.801143311607,"PB_TTM":0.5546691966,"REPORT_DATE_SQ":"2019-12-31 00:00:00","REPORT_TYPE_SQ":"2019年年报","OPERATE_INCOME_SQ":55685000,"DPS_HKD":null,"OPERATE_INCOME_QOQ_SQ":70.765739519764,"NET_PROFIT_RATIO_SQ":-958.9602226812,"HOLDER_PROFIT_SQ":-531336000,"HOLDER_PROFIT_QOQ_SQ":-243.069661731568,"ROE_AVG_SQ":78.928674881348,"PE_TTM_SQ":-3.591121051287,"PB_TTM_SQ":0.388297738351,"ROA_SQ":-354.950465285618,"START_DATE":"2020-01-01 00:00:00","FISCAL_YEAR":"12-31","CURRENCY":"HKD","IS_CNY_CODE":0,"DPS_HKD_LY":null,"ORG_TYPE":"一般企业","PREMIUM_INCOME":null,"PREMIUM_INCOME_YOY":null,"NET_INTEREST_INCOME":null,"NET_INTEREST_INCOME_YOY":null,"FEE_COMMISSION_INCOME":null,"FEE_COMMISSION_INCOME_YOY":null,"ACCOUNTS_RECE_TDAYS":1.225757701695,"INVENTORY_TDAYS":5.909468208732,"CURRENT_ASSETS_TDAYS":0.381389684342,"TOTAL_ASSETS_TDAYS":0.323513339954,"PREMIUM_EXPENSE":null,"LOAN_DEPOSIT":null,"LOAN_EQUITY":null,"LOAN_ASSETS":null,"DEPOSIT_EQUITY":null,"DEPOSIT_ASSETS":null,"EQUITY_MULTIPLIER":1.245127694741,"EQUITY_RATIO":0.245127694741},{"SECUCODE":"02170.HK","SECURITY_CODE":"02170","SECURITY_NAME_ABBR":"贝康医疗-B","ORG_CODE":"10000132893","STD_REPORT_DATE":"2020-09-30 00:00:00","REPORT_DATE":"2020-09-30 00:00:00","DATE_TYPE_CODE":"004","REPORT_TYPE":"2020年三季报","PER_NETCASH_OPERATE":-0.235515,"PER_OI":0.286215,"BPS":1.12239055885,"BASIC_EPS":null,"DILUTED_EPS":null,"OPERATE_INCOME":57243000,"OPERATE_INCOME_YOY":36.7388863674,"GROSS_PROFIT":20477000,"GROSS_PROFIT_YOY":9.373998504433,"HOLDER_PROFIT":-851384000,"HOLDER_PROFIT_YOY":-129.4452140074,"GROSS_PROFIT_RATIO":35.772059465786,"EPS_TTM":-5.05829,"OPERATE_INCOME_QOQ":16.454181961196,"NET_PROFIT_RATIO":-1488.8999528327,"ROE_AVG":269.489277518398,"GROSS_PROFIT_QOQ":15.330450895615,"ROA":-322.522037904817,"HOLDER_PROFIT_QOQ":9.279406278696,"ROE_YEARLY":359.319036691198,"ROIC_YEARLY":-596.549839543716,"TOTAL_ASSETS":376826000,"TOTAL_LIABILITIES":69823000,"TAX_EBT":0.500513648027,"OCF_SALES":-82.286043708401,"TOTAL_PARENT_EQUITY":307003000,"DEBT_ASSET_RATIO":18.5292416128,"OPERATE_PROFIT":null,"PRETAX_PROFIT":-852724000,"NETCASH_OPERATE":-47103000,"NETCASH_INVEST":27229000,"NETCASH_FINANCE":221125000,"END_CASH":225406000,"DIVI_RATIO":null,"DIVIDEND_RATE":null,"CURRENT_RATIO":4.951210303919,"COMMON_ACS":null,"CURRENTDEBT_DEBT":98.630823654097,"ISSUED_COMMON_SHARES":273526000,"HK_COMMON_SHARES":82713835,"PER_SHARES":500,"TOTAL_MARKET_CAP":774078580,"HKSK_MARKET_CAP":234080153.05,"PE_TTM":-2.801143311607,"PB_TTM":0.5546691966,"REPORT_DATE_SQ":"2019-09-30 00:00:00","REPORT_TYPE_SQ":"2019年三季报","OPERATE_INCOME_SQ":41863000,"DPS_HKD":null,"OPERATE_INCOME_QOQ_SQ":0,"NET_PROFIT_RATIO_SQ":-890.6791199866,"HOLDER_PROFIT_SQ":-371062000,"HOLDER_PROFIT_QOQ_SQ":0,"ROE_AVG_SQ":null,"PE_TTM_SQ":-3.591121051287,"PB_TTM_SQ":0.388297738351,"ROA_SQ":null,"START_DATE":"2020-01-01 00:00:00","FISCAL_YEAR":"12-31","CURRENCY":"HKD","IS_CNY_CODE":0,"DPS_HKD_LY":null,"ORG_TYPE":"一般企业","PREMIUM_INCOME":null,"PREMIUM_INCOME_YOY":null,"NET_INTEREST_INCOME":null,"NET_INTEREST_INCOME_YOY":null,"FEE_COMMISSION_INCOME":null,"FEE_COMMISSION_INCOME_YOY":null,"ACCOUNTS_RECE_TDAYS":0.833370942734,"INVENTORY_TDAYS":3.613188541104,"CURRENT_ASSETS_TDAYS":0.251112046956,"TOTAL_ASSETS_TDAYS":0.216848437553,"PREMIUM_EXPENSE":null,"LOAN_DEPOSIT":null,"LOAN_EQUITY":null,"LOAN_ASSETS":null,"DEPOSIT_EQUITY":null,"DEPOSIT_ASSETS":null,"EQUITY_MULTIPLIER":1.227434259599,"EQUITY_RATIO":0.2274342596}],"count":14},"success":true,"message":"ok","code":0}