{"version":"349b557bff6a2938b7b08a8c677da7e5","result":{"pages":10,"data":[{"SECUCODE":"02176.HK","SECURITY_CODE":"02176","SECURITY_NAME_ABBR":"赛迪顾问","ORG_CODE":"10010793","STD_REPORT_DATE":"2024-06-30 00:00:00","REPORT_DATE":"2024-06-30 00:00:00","DATE_TYPE_CODE":"002","REPORT_TYPE":"2024年中报","PER_NETCASH_OPERATE":0.05172,"PER_OI":0.173118571429,"BPS":0.286885714286,"BASIC_EPS":0.0593,"DILUTED_EPS":null,"OPERATE_INCOME":121183000,"OPERATE_INCOME_YOY":23.2925352786,"GROSS_PROFIT":68837000,"GROSS_PROFIT_YOY":57.320138952372,"HOLDER_PROFIT":41483000,"HOLDER_PROFIT_YOY":32.5335463259,"GROSS_PROFIT_RATIO":56.804172202372,"EPS_TTM":0.104651428571,"OPERATE_INCOME_QOQ":8.225635498069,"NET_PROFIT_RATIO":31.6191214939,"ROE_AVG":23.036064827284,"GROSS_PROFIT_QOQ":19.582139427394,"ROA":10.398487966651,"HOLDER_PROFIT_QOQ":16.144784614653,"ROE_YEARLY":46.072129654567,"ROIC_YEARLY":147.702551138488,"TOTAL_ASSETS":423424000,"TOTAL_LIABILITIES":199211000,"TAX_EBT":19.056571887279,"OCF_SALES":29.875477583489,"TOTAL_PARENT_EQUITY":200820000,"DEBT_ASSET_RATIO":47.0476401904,"OPERATE_PROFIT":47412000,"PRETAX_PROFIT":47338000,"NETCASH_OPERATE":36204000,"NETCASH_INVEST":-4000,"NETCASH_FINANCE":null,"END_CASH":335886000,"DIVI_RATIO":0.726533457382,"DIVIDEND_RATE":7.768611111111,"CURRENT_RATIO":2.000864379386,"COMMON_ACS":null,"CURRENTDEBT_DEBT":98.145182745933,"ISSUED_COMMON_SHARES":700000000,"HK_COMMON_SHARES":209000000,"PER_SHARES":10000,"TOTAL_MARKET_CAP":756000000,"HKSK_MARKET_CAP":225720000,"PE_TTM":9.321448198878,"PB_TTM":3.435843441888,"REPORT_DATE_SQ":"2023-06-30 00:00:00","REPORT_TYPE_SQ":"2023年中报","OPERATE_INCOME_SQ":98289000,"DPS_HKD":0.083901,"OPERATE_INCOME_QOQ_SQ":12.807845522871,"NET_PROFIT_RATIO_SQ":28.674622796,"HOLDER_PROFIT_SQ":31300000,"HOLDER_PROFIT_QOQ_SQ":132.115090703701,"ROE_AVG_SQ":21.318548840251,"PE_TTM_SQ":5.145726503142,"PB_TTM_SQ":2.403813612483,"ROA_SQ":9.184690031383,"START_DATE":"2024-01-01 00:00:00","FISCAL_YEAR":"12-31","CURRENCY":"HKD","IS_CNY_CODE":0,"DPS_HKD_LY":0.083901,"ORG_TYPE":"一般企业","PREMIUM_INCOME":null,"PREMIUM_INCOME_YOY":null,"NET_INTEREST_INCOME":null,"NET_INTEREST_INCOME_YOY":null,"FEE_COMMISSION_INCOME":null,"FEE_COMMISSION_INCOME_YOY":null,"ACCOUNTS_RECE_TDAYS":2.716346315495,"INVENTORY_TDAYS":null,"CURRENT_ASSETS_TDAYS":0.331162167886,"TOTAL_ASSETS_TDAYS":0.303767800608,"PREMIUM_EXPENSE":null,"LOAN_DEPOSIT":null,"LOAN_EQUITY":null,"LOAN_ASSETS":null,"DEPOSIT_EQUITY":null,"DEPOSIT_ASSETS":null,"EQUITY_MULTIPLIER":1.888489962668,"EQUITY_RATIO":0.991987849816},{"SECUCODE":"02176.HK","SECURITY_CODE":"02176","SECURITY_NAME_ABBR":"赛迪顾问","ORG_CODE":"10010793","STD_REPORT_DATE":"2023-12-31 00:00:00","REPORT_DATE":"2023-12-31 00:00:00","DATE_TYPE_CODE":"001","REPORT_TYPE":"2023年年报","PER_NETCASH_OPERATE":0.136025714286,"PER_OI":0.397607142857,"BPS":0.227624285714,"BASIC_EPS":0.0901,"DILUTED_EPS":0.0901,"OPERATE_INCOME":278325000,"OPERATE_INCOME_YOY":36.5435938696,"GROSS_PROFIT":128081000,"GROSS_PROFIT_YOY":35.02962447551,"HOLDER_PROFIT":63073000,"HOLDER_PROFIT_YOY":109.5587746694,"GROSS_PROFIT_RATIO":46.01850354801,"EPS_TTM":0.090104285714,"OPERATE_INCOME_QOQ":21.040866649561,"NET_PROFIT_RATIO":22.9027216384,"ROE_AVG":42.056797647545,"GROSS_PROFIT_QOQ":7.908571621143,"ROA":18.441507938945,"HOLDER_PROFIT_QOQ":-9.71772923764,"ROE_YEARLY":42.056797647545,"ROIC_YEARLY":149.733521668427,"TOTAL_ASSETS":374442000,"TOTAL_LIABILITIES":188546000,"TAX_EBT":18.889412004225,"OCF_SALES":34.211084164197,"TOTAL_PARENT_EQUITY":159337000,"DEBT_ASSET_RATIO":50.3538598768,"OPERATE_PROFIT":78670000,"PRETAX_PROFIT":78589000,"NETCASH_OPERATE":95218000,"NETCASH_INVEST":2105000,"NETCASH_FINANCE":-45290000,"END_CASH":299686000,"DIVI_RATIO":0.84383071923,"DIVIDEND_RATE":8.067403846154,"CURRENT_RATIO":1.849173564934,"COMMON_ACS":null,"CURRENTDEBT_DEBT":97.708251567257,"ISSUED_COMMON_SHARES":700000000,"HK_COMMON_SHARES":209000000,"PER_SHARES":10000,"TOTAL_MARKET_CAP":728000000,"HKSK_MARKET_CAP":217360000,"PE_TTM":8.976209376698,"PB_TTM":3.308589981078,"REPORT_DATE_SQ":"2022-12-31 00:00:00","REPORT_TYPE_SQ":"2022年年报","OPERATE_INCOME_SQ":203836000,"DPS_HKD":0.083901,"OPERATE_INCOME_QOQ_SQ":-4.083495675579,"NET_PROFIT_RATIO_SQ":12.0763751251,"HOLDER_PROFIT_SQ":30098000,"HOLDER_PROFIT_QOQ_SQ":71.322859744991,"ROE_AVG_SQ":16.295173384586,"PE_TTM_SQ":5.145726503142,"PB_TTM_SQ":2.403813612483,"ROA_SQ":8.022400243087,"START_DATE":"2023-01-01 00:00:00","FISCAL_YEAR":"12-31","CURRENCY":"HKD","IS_CNY_CODE":0,"DPS_HKD_LY":0.069291,"ORG_TYPE":"一般企业","PREMIUM_INCOME":null,"PREMIUM_INCOME_YOY":null,"NET_INTEREST_INCOME":null,"NET_INTEREST_INCOME_YOY":null,"FEE_COMMISSION_INCOME":null,"FEE_COMMISSION_INCOME_YOY":null,"ACCOUNTS_RECE_TDAYS":8.529465845362,"INVENTORY_TDAYS":null,"CURRENT_ASSETS_TDAYS":0.898492102179,"TOTAL_ASSETS_TDAYS":0.813776528325,"PREMIUM_EXPENSE":null,"LOAN_DEPOSIT":null,"LOAN_EQUITY":null,"LOAN_ASSETS":null,"DEPOSIT_EQUITY":null,"DEPOSIT_ASSETS":null,"EQUITY_MULTIPLIER":2.014255282522,"EQUITY_RATIO":1.183315865116},{"SECUCODE":"02176.HK","SECURITY_CODE":"02176","SECURITY_NAME_ABBR":"赛迪顾问","ORG_CODE":"10010793","STD_REPORT_DATE":"2023-06-30 00:00:00","REPORT_DATE":"2023-06-30 00:00:00","DATE_TYPE_CODE":"002","REPORT_TYPE":"2023年中报","PER_NETCASH_OPERATE":0.037275714286,"PER_OI":0.140412857143,"BPS":0.218622857143,"BASIC_EPS":0.0447,"DILUTED_EPS":null,"OPERATE_INCOME":98289000,"OPERATE_INCOME_YOY":36.1682968053,"GROSS_PROFIT":43756000,"GROSS_PROFIT_YOY":119.702751556537,"HOLDER_PROFIT":31300000,"HOLDER_PROFIT_YOY":469.8015122873,"GROSS_PROFIT_RATIO":44.517697809521,"EPS_TTM":0.099802857143,"OPERATE_INCOME_QOQ":12.807845522871,"NET_PROFIT_RATIO":28.674622796,"ROE_AVG":21.318548840251,"GROSS_PROFIT_QOQ":25.133362852384,"ROA":9.184690031383,"HOLDER_PROFIT_QOQ":132.115090703701,"ROE_YEARLY":42.637097680501,"ROIC_YEARLY":112.57170601881,"TOTAL_ASSETS":371978000,"TOTAL_LIABILITIES":196170000,"TAX_EBT":12.761940136813,"OCF_SALES":26.547222985278,"TOTAL_PARENT_EQUITY":153036000,"DEBT_ASSET_RATIO":52.736989822,"OPERATE_PROFIT":32307000,"PRETAX_PROFIT":32307000,"NETCASH_OPERATE":26093000,"NETCASH_INVEST":292000,"NETCASH_FINANCE":null,"END_CASH":274038000,"DIVI_RATIO":0.761829534711,"DIVIDEND_RATE":8.067403846154,"CURRENT_RATIO":1.740622929092,"COMMON_ACS":null,"CURRENTDEBT_DEBT":100,"ISSUED_COMMON_SHARES":700000000,"HK_COMMON_SHARES":209000000,"PER_SHARES":10000,"TOTAL_MARKET_CAP":728000000,"HKSK_MARKET_CAP":217360000,"PE_TTM":8.976209376698,"PB_TTM":3.308589981078,"REPORT_DATE_SQ":"2022-06-30 00:00:00","REPORT_TYPE_SQ":"2022年中报","OPERATE_INCOME_SQ":72182000,"DPS_HKD":0.083901,"OPERATE_INCOME_QOQ_SQ":-9.859644806773,"NET_PROFIT_RATIO_SQ":-18.6304256216,"HOLDER_PROFIT_SQ":-8464000,"HOLDER_PROFIT_QOQ_SQ":-56.487925696594,"ROE_AVG_SQ":-3.092011078257,"PE_TTM_SQ":5.145726503142,"PB_TTM_SQ":2.403813612483,"ROA_SQ":-1.614065393744,"START_DATE":"2023-01-01 00:00:00","FISCAL_YEAR":"12-31","CURRENCY":"HKD","IS_CNY_CODE":0,"DPS_HKD_LY":0.069291,"ORG_TYPE":"一般企业","PREMIUM_INCOME":null,"PREMIUM_INCOME_YOY":null,"NET_INTEREST_INCOME":null,"NET_INTEREST_INCOME_YOY":null,"FEE_COMMISSION_INCOME":null,"FEE_COMMISSION_INCOME_YOY":null,"ACCOUNTS_RECE_TDAYS":2.580745953184,"INVENTORY_TDAYS":null,"CURRENT_ASSETS_TDAYS":0.316891599982,"TOTAL_ASSETS_TDAYS":0.288419807826,"PREMIUM_EXPENSE":null,"LOAN_DEPOSIT":null,"LOAN_EQUITY":null,"LOAN_ASSETS":null,"DEPOSIT_EQUITY":null,"DEPOSIT_ASSETS":null,"EQUITY_MULTIPLIER":2.115819530398,"EQUITY_RATIO":1.281855249745},{"SECUCODE":"02176.HK","SECURITY_CODE":"02176","SECURITY_NAME_ABBR":"赛迪顾问","ORG_CODE":"10010793","STD_REPORT_DATE":"2022-12-31 00:00:00","REPORT_DATE":"2022-12-31 00:00:00","DATE_TYPE_CODE":"001","REPORT_TYPE":"2022年年报","PER_NETCASH_OPERATE":0.081231428571,"PER_OI":0.291194285714,"BPS":0.200864285714,"BASIC_EPS":0.043,"DILUTED_EPS":0.043,"OPERATE_INCOME":203836000,"OPERATE_INCOME_YOY":-27.6664300923,"GROSS_PROFIT":94854000,"GROSS_PROFIT_YOY":-35.747090620893,"HOLDER_PROFIT":30098000,"HOLDER_PROFIT_YOY":-29.875818364,"GROSS_PROFIT_RATIO":46.534468886752,"EPS_TTM":0.042997142857,"OPERATE_INCOME_QOQ":-4.083495675579,"NET_PROFIT_RATIO":12.0763751251,"ROE_AVG":16.295173384586,"GROSS_PROFIT_QOQ":7.690735694823,"ROA":8.022400243087,"HOLDER_PROFIT_QOQ":71.322859744991,"ROE_YEARLY":16.295173384586,"ROIC_YEARLY":80.10006520206,"TOTAL_ASSETS":309591000,"TOTAL_LIABILITIES":143098000,"TAX_EBT":17.523286202506,"OCF_SALES":27.895955572127,"TOTAL_PARENT_EQUITY":140605000,"DEBT_ASSET_RATIO":46.2216278897,"OPERATE_PROFIT":29846000,"PRETAX_PROFIT":29846000,"NETCASH_OPERATE":56862000,"NETCASH_INVEST":-93651000,"NETCASH_FINANCE":-105531000,"END_CASH":247653000,"DIVI_RATIO":1.768321315503,"DIVIDEND_RATE":8.067403846154,"CURRENT_RATIO":1.948832268795,"COMMON_ACS":null,"CURRENTDEBT_DEBT":100,"ISSUED_COMMON_SHARES":700000000,"HK_COMMON_SHARES":209000000,"PER_SHARES":10000,"TOTAL_MARKET_CAP":728000000,"HKSK_MARKET_CAP":217360000,"PE_TTM":8.976209376698,"PB_TTM":3.308589981078,"REPORT_DATE_SQ":"2021-12-31 00:00:00","REPORT_TYPE_SQ":"2021年年报","OPERATE_INCOME_SQ":281800000,"DPS_HKD":0.083901,"OPERATE_INCOME_QOQ_SQ":-8.813871365748,"NET_PROFIT_RATIO_SQ":17.6799189002,"HOLDER_PROFIT_SQ":42921000,"HOLDER_PROFIT_QOQ_SQ":-14.559305893556,"ROE_AVG_SQ":19.012704960491,"PE_TTM_SQ":5.145726503142,"PB_TTM_SQ":2.403813612483,"ROA_SQ":9.624002440862,"START_DATE":"2022-01-01 00:00:00","FISCAL_YEAR":"12-31","CURRENCY":"HKD","IS_CNY_CODE":0,"DPS_HKD_LY":0.129559,"ORG_TYPE":"一般企业","PREMIUM_INCOME":null,"PREMIUM_INCOME_YOY":null,"NET_INTEREST_INCOME":null,"NET_INTEREST_INCOME_YOY":null,"FEE_COMMISSION_INCOME":null,"FEE_COMMISSION_INCOME_YOY":null,"ACCOUNTS_RECE_TDAYS":7.573745518049,"INVENTORY_TDAYS":null,"CURRENT_ASSETS_TDAYS":0.609186694102,"TOTAL_ASSETS_TDAYS":0.543309846485,"PREMIUM_EXPENSE":null,"LOAN_DEPOSIT":null,"LOAN_EQUITY":null,"LOAN_ASSETS":null,"DEPOSIT_EQUITY":null,"DEPOSIT_ASSETS":null,"EQUITY_MULTIPLIER":1.859483581892,"EQUITY_RATIO":1.017730521674},{"SECUCODE":"02176.HK","SECURITY_CODE":"02176","SECURITY_NAME_ABBR":"赛迪顾问","ORG_CODE":"10010793","STD_REPORT_DATE":"2022-06-30 00:00:00","REPORT_DATE":"2022-06-30 00:00:00","DATE_TYPE_CODE":"002","REPORT_TYPE":"2022年中报","PER_NETCASH_OPERATE":-0.05727,"PER_OI":0.103117142857,"BPS":0.313772857143,"BASIC_EPS":-0.0121,"DILUTED_EPS":null,"OPERATE_INCOME":72182000,"OPERATE_INCOME_YOY":-24.6148144226,"GROSS_PROFIT":19916000,"GROSS_PROFIT_YOY":-62.528692380056,"HOLDER_PROFIT":-8464000,"HOLDER_PROFIT_YOY":-143.6751921381,"GROSS_PROFIT_RATIO":29.898862199747,"EPS_TTM":0.025097142857,"OPERATE_INCOME_QOQ":-9.859644806773,"NET_PROFIT_RATIO":-18.6304256216,"ROE_AVG":-3.092011078257,"GROSS_PROFIT_QOQ":-26.566342907166,"ROA":-1.614065393744,"HOLDER_PROFIT_QOQ":-56.487925696594,"ROE_YEARLY":-6.184022156514,"ROIC_YEARLY":-18.885347715943,"TOTAL_ASSETS":418315000,"TOTAL_LIABILITIES":141652000,"TAX_EBT":3.390657397244,"OCF_SALES":-56.312684365782,"TOTAL_PARENT_EQUITY":219641000,"DEBT_ASSET_RATIO":33.8625198714,"OPERATE_PROFIT":-16398000,"PRETAX_PROFIT":-16398000,"NETCASH_OPERATE":-20084000,"NETCASH_INVEST":-43673000,"NETCASH_FINANCE":-32000000,"END_CASH":293678000,"DIVI_RATIO":3.029538647199,"DIVIDEND_RATE":8.067403846154,"CURRENT_RATIO":2.581022505859,"COMMON_ACS":null,"CURRENTDEBT_DEBT":100,"ISSUED_COMMON_SHARES":700000000,"HK_COMMON_SHARES":209000000,"PER_SHARES":10000,"TOTAL_MARKET_CAP":728000000,"HKSK_MARKET_CAP":217360000,"PE_TTM":8.976209376698,"PB_TTM":3.308589981078,"REPORT_DATE_SQ":"2021-06-30 00:00:00","REPORT_TYPE_SQ":"2021年中报","OPERATE_INCOME_SQ":94435000,"DPS_HKD":0.083901,"OPERATE_INCOME_QOQ_SQ":11.103614830603,"NET_PROFIT_RATIO_SQ":15.1818711283,"HOLDER_PROFIT_SQ":15874000,"HOLDER_PROFIT_QOQ_SQ":35.69664599127,"ROE_AVG_SQ":7.993212265255,"PE_TTM_SQ":5.145726503142,"PB_TTM_SQ":2.403813612483,"ROA_SQ":4.253432099559,"START_DATE":"2022-01-01 00:00:00","FISCAL_YEAR":"12-31","CURRENCY":"HKD","IS_CNY_CODE":0,"DPS_HKD_LY":0.129559,"ORG_TYPE":"一般企业","PREMIUM_INCOME":null,"PREMIUM_INCOME_YOY":null,"NET_INTEREST_INCOME":null,"NET_INTEREST_INCOME_YOY":null,"FEE_COMMISSION_INCOME":null,"FEE_COMMISSION_INCOME_YOY":null,"ACCOUNTS_RECE_TDAYS":2.031436009287,"INVENTORY_TDAYS":null,"CURRENT_ASSETS_TDAYS":0.18834828161,"TOTAL_ASSETS_TDAYS":0.165736788375,"PREMIUM_EXPENSE":null,"LOAN_DEPOSIT":null,"LOAN_EQUITY":null,"LOAN_ASSETS":null,"DEPOSIT_EQUITY":null,"DEPOSIT_ASSETS":null,"EQUITY_MULTIPLIER":1.512001966291,"EQUITY_RATIO":0.644925127822},{"SECUCODE":"02176.HK","SECURITY_CODE":"02176","SECURITY_NAME_ABBR":"赛迪顾问","ORG_CODE":"10010793","STD_REPORT_DATE":"2021-12-31 00:00:00","REPORT_DATE":"2021-12-31 00:00:00","DATE_TYPE_CODE":"001","REPORT_TYPE":"2021年年报","PER_NETCASH_OPERATE":0.115274285714,"PER_OI":0.402571428571,"BPS":0.326378571429,"BASIC_EPS":0.0613,"DILUTED_EPS":0.0613,"OPERATE_INCOME":281800000,"OPERATE_INCOME_YOY":11.2312105457,"GROSS_PROFIT":147626000,"GROSS_PROFIT_YOY":46.624554294171,"HOLDER_PROFIT":42921000,"HOLDER_PROFIT_YOY":90.2327553713,"GROSS_PROFIT_RATIO":50.876106532518,"EPS_TTM":0.057678571429,"OPERATE_INCOME_QOQ":-8.813871365748,"NET_PROFIT_RATIO":17.6799189002,"ROE_AVG":19.012704960491,"GROSS_PROFIT_QOQ":-13.253682984863,"ROA":9.624002440862,"HOLDER_PROFIT_QOQ":-14.559305893556,"ROE_YEARLY":19.012704960491,"ROIC_YEARLY":70.683286357032,"TOTAL_ASSETS":481519000,"TOTAL_LIABILITIES":187405000,"TAX_EBT":17.905489873915,"OCF_SALES":34.226477037992,"TOTAL_PARENT_EQUITY":228805000,"DEBT_ASSET_RATIO":33.5723911988,"OPERATE_PROFIT":55994000,"PRETAX_PROFIT":55994000,"NETCASH_OPERATE":112768000,"NETCASH_INVEST":7832000,"NETCASH_FINANCE":-12107000,"END_CASH":389973000,"DIVI_RATIO":1.31821510722,"DIVIDEND_RATE":8.067403846154,"CURRENT_RATIO":2.667192817023,"COMMON_ACS":null,"CURRENTDEBT_DEBT":99.99786558523,"ISSUED_COMMON_SHARES":700000000,"HK_COMMON_SHARES":209000000,"PER_SHARES":10000,"TOTAL_MARKET_CAP":728000000,"HKSK_MARKET_CAP":217360000,"PE_TTM":8.976209376698,"PB_TTM":3.308589981078,"REPORT_DATE_SQ":"2020-12-31 00:00:00","REPORT_TYPE_SQ":"2020年年报","OPERATE_INCOME_SQ":211954000,"DPS_HKD":0.083901,"OPERATE_INCOME_QOQ_SQ":3.282866429194,"NET_PROFIT_RATIO_SQ":12.5484774998,"HOLDER_PROFIT_SQ":21224000,"HOLDER_PROFIT_QOQ_SQ":-47.767879116011,"ROE_AVG_SQ":10.545222379283,"PE_TTM_SQ":5.145726503142,"PB_TTM_SQ":2.403813612483,"ROA_SQ":5.771751486177,"START_DATE":"2021-01-01 00:00:00","FISCAL_YEAR":"12-31","CURRENCY":"HKD","IS_CNY_CODE":0,"DPS_HKD_LY":0.018569,"ORG_TYPE":"一般企业","PREMIUM_INCOME":null,"PREMIUM_INCOME_YOY":null,"NET_INTEREST_INCOME":null,"NET_INTEREST_INCOME_YOY":null,"FEE_COMMISSION_INCOME":null,"FEE_COMMISSION_INCOME_YOY":null,"ACCOUNTS_RECE_TDAYS":10.520224740074,"INVENTORY_TDAYS":null,"CURRENT_ASSETS_TDAYS":0.634239842462,"TOTAL_ASSETS_TDAYS":0.561967849277,"PREMIUM_EXPENSE":null,"LOAN_DEPOSIT":null,"LOAN_EQUITY":null,"LOAN_ASSETS":null,"DEPOSIT_EQUITY":null,"DEPOSIT_ASSETS":null,"EQUITY_MULTIPLIER":1.505398159059,"EQUITY_RATIO":0.819059898167},{"SECUCODE":"02176.HK","SECURITY_CODE":"02176","SECURITY_NAME_ABBR":"赛迪顾问","ORG_CODE":"10010793","STD_REPORT_DATE":"2021-06-30 00:00:00","REPORT_DATE":"2021-06-30 00:00:00","DATE_TYPE_CODE":"002","REPORT_TYPE":"2021年中报","PER_NETCASH_OPERATE":-0.082942857143,"PER_OI":0.134907142857,"BPS":0.287051428571,"BASIC_EPS":0.0227,"DILUTED_EPS":null,"OPERATE_INCOME":94435000,"OPERATE_INCOME_YOY":97.3893231888,"GROSS_PROFIT":53150000,"GROSS_PROFIT_YOY":241.537077496466,"HOLDER_PROFIT":15874000,"HOLDER_PROFIT_YOY":256.2863050113,"GROSS_PROFIT_RATIO":56.282098798115,"EPS_TTM":0.067507142857,"OPERATE_INCOME_QOQ":11.103614830603,"NET_PROFIT_RATIO":15.1818711283,"ROE_AVG":7.993212265255,"GROSS_PROFIT_QOQ":13.576139901267,"ROA":4.253432099559,"HOLDER_PROFIT_QOQ":35.69664599127,"ROE_YEARLY":15.986424530511,"ROIC_YEARLY":39.79368650627,"TOTAL_ASSETS":348119000,"TOTAL_LIABILITIES":88815000,"TAX_EBT":37.250525210084,"OCF_SALES":-61.481442261873,"TOTAL_PARENT_EQUITY":200936000,"DEBT_ASSET_RATIO":25.5128275101,"OPERATE_PROFIT":22848000,"PRETAX_PROFIT":22848000,"NETCASH_OPERATE":-58060000,"NETCASH_INVEST":-334000,"NETCASH_FINANCE":null,"END_CASH":205329000,"DIVI_RATIO":1.126292137425,"DIVIDEND_RATE":8.067403846154,"CURRENT_RATIO":3.417542081856,"COMMON_ACS":null,"CURRENTDEBT_DEBT":100,"ISSUED_COMMON_SHARES":700000000,"HK_COMMON_SHARES":209000000,"PER_SHARES":10000,"TOTAL_MARKET_CAP":728000000,"HKSK_MARKET_CAP":217360000,"PE_TTM":8.976209376698,"PB_TTM":3.308589981078,"REPORT_DATE_SQ":"2020-06-30 00:00:00","REPORT_TYPE_SQ":"2020年中报","OPERATE_INCOME_SQ":47842000,"DPS_HKD":0.083901,"OPERATE_INCOME_QOQ_SQ":-12.685834724126,"NET_PROFIT_RATIO_SQ":-37.841261955,"HOLDER_PROFIT_SQ":-10157000,"HOLDER_PROFIT_QOQ_SQ":-18.273598191086,"ROE_AVG_SQ":-5.607726291996,"PE_TTM_SQ":5.145726503142,"PB_TTM_SQ":2.403813612483,"ROA_SQ":-3.46464890119,"START_DATE":"2021-01-01 00:00:00","FISCAL_YEAR":"12-31","CURRENCY":"HKD","IS_CNY_CODE":0,"DPS_HKD_LY":0.018569,"ORG_TYPE":"一般企业","PREMIUM_INCOME":null,"PREMIUM_INCOME_YOY":null,"NET_INTEREST_INCOME":null,"NET_INTEREST_INCOME_YOY":null,"FEE_COMMISSION_INCOME":null,"FEE_COMMISSION_INCOME_YOY":null,"ACCOUNTS_RECE_TDAYS":3.107283286445,"INVENTORY_TDAYS":null,"CURRENT_ASSETS_TDAYS":0.287633598017,"TOTAL_ASSETS_TDAYS":0.253038213634,"PREMIUM_EXPENSE":null,"LOAN_DEPOSIT":null,"LOAN_EQUITY":null,"LOAN_ASSETS":null,"DEPOSIT_EQUITY":null,"DEPOSIT_ASSETS":null,"EQUITY_MULTIPLIER":1.342513034893,"EQUITY_RATIO":0.442006410001},{"SECUCODE":"02176.HK","SECURITY_CODE":"02176","SECURITY_NAME_ABBR":"赛迪顾问","ORG_CODE":"10010793","STD_REPORT_DATE":"2021-03-31 00:00:00","REPORT_DATE":"2021-03-31 00:00:00","DATE_TYPE_CODE":"003","REPORT_TYPE":"2021年一季报","PER_NETCASH_OPERATE":null,"PER_OI":0.050014285714,"BPS":null,"BASIC_EPS":0.0063,"DILUTED_EPS":null,"OPERATE_INCOME":35010000,"OPERATE_INCOME_YOY":145.5808080808,"GROSS_PROFIT":15282000,"GROSS_PROFIT_YOY":364.485981308411,"HOLDER_PROFIT":4378000,"HOLDER_PROFIT_YOY":147.4734330948,"GROSS_PROFIT_RATIO":43.650385604113,"EPS_TTM":0.049748571429,"OPERATE_INCOME_QOQ":9.791747265916,"NET_PROFIT_RATIO":-2.1422450728,"ROE_AVG":null,"GROSS_PROFIT_QOQ":20.917135961384,"ROA":null,"HOLDER_PROFIT_QOQ":64.078401809273,"ROE_YEARLY":null,"ROIC_YEARLY":null,"TOTAL_ASSETS":null,"TOTAL_LIABILITIES":null,"TAX_EBT":-0.133511348465,"OCF_SALES":null,"TOTAL_PARENT_EQUITY":null,"DEBT_ASSET_RATIO":null,"OPERATE_PROFIT":-750000,"PRETAX_PROFIT":-749000,"NETCASH_OPERATE":null,"NETCASH_INVEST":null,"NETCASH_FINANCE":null,"END_CASH":null,"DIVI_RATIO":1.528340654549,"DIVIDEND_RATE":8.067403846154,"CURRENT_RATIO":null,"COMMON_ACS":null,"CURRENTDEBT_DEBT":null,"ISSUED_COMMON_SHARES":700000000,"HK_COMMON_SHARES":209000000,"PER_SHARES":10000,"TOTAL_MARKET_CAP":728000000,"HKSK_MARKET_CAP":217360000,"PE_TTM":8.976209376698,"PB_TTM":3.308589981078,"REPORT_DATE_SQ":"2020-03-31 00:00:00","REPORT_TYPE_SQ":"2020年一季报","OPERATE_INCOME_SQ":14256000,"DPS_HKD":0.083901,"OPERATE_INCOME_QOQ_SQ":-8.189553149876,"NET_PROFIT_RATIO_SQ":-123.5944784715,"HOLDER_PROFIT_SQ":-9222000,"HOLDER_PROFIT_QOQ_SQ":-15.075715464821,"ROE_AVG_SQ":null,"PE_TTM_SQ":5.145726503142,"PB_TTM_SQ":2.403813612483,"ROA_SQ":null,"START_DATE":"2021-01-01 00:00:00","FISCAL_YEAR":"12-31","CURRENCY":"HKD","IS_CNY_CODE":0,"DPS_HKD_LY":0.018569,"ORG_TYPE":"一般企业","PREMIUM_INCOME":null,"PREMIUM_INCOME_YOY":null,"NET_INTEREST_INCOME":null,"NET_INTEREST_INCOME_YOY":null,"FEE_COMMISSION_INCOME":null,"FEE_COMMISSION_INCOME_YOY":null,"ACCOUNTS_RECE_TDAYS":null,"INVENTORY_TDAYS":null,"CURRENT_ASSETS_TDAYS":0.198297956698,"TOTAL_ASSETS_TDAYS":0.175801551633,"PREMIUM_EXPENSE":null,"LOAN_DEPOSIT":null,"LOAN_EQUITY":null,"LOAN_ASSETS":null,"DEPOSIT_EQUITY":null,"DEPOSIT_ASSETS":null,"EQUITY_MULTIPLIER":null,"EQUITY_RATIO":null},{"SECUCODE":"02176.HK","SECURITY_CODE":"02176","SECURITY_NAME_ABBR":"赛迪顾问","ORG_CODE":"10010793","STD_REPORT_DATE":"2020-12-31 00:00:00","REPORT_DATE":"2020-12-31 00:00:00","DATE_TYPE_CODE":"001","REPORT_TYPE":"2020年年报","PER_NETCASH_OPERATE":0.00783,"PER_OI":0.302791428571,"BPS":0.280358571429,"BASIC_EPS":0.0303,"DILUTED_EPS":0.0303,"OPERATE_INCOME":211954000,"OPERATE_INCOME_YOY":-18.955832814,"GROSS_PROFIT":100683000,"GROSS_PROFIT_YOY":-29.05401120389,"HOLDER_PROFIT":21224000,"HOLDER_PROFIT_YOY":-66.2032834918,"GROSS_PROFIT_RATIO":47.502288232352,"EPS_TTM":0.03032,"OPERATE_INCOME_QOQ":3.282866429194,"NET_PROFIT_RATIO":12.5484774998,"ROE_AVG":10.545222379283,"GROSS_PROFIT_QOQ":-9.36644822123,"ROA":5.771751486177,"HOLDER_PROFIT_QOQ":-47.767879116011,"ROE_YEARLY":10.545222379283,"ROIC_YEARLY":25.495366171551,"TOTAL_ASSETS":398290000,"TOTAL_LIABILITIES":142613000,"TAX_EBT":20.620187429117,"OCF_SALES":2.585938458345,"TOTAL_PARENT_EQUITY":196251000,"DEBT_ASSET_RATIO":35.8063220267,"OPERATE_PROFIT":33506000,"PRETAX_PROFIT":33506000,"NETCASH_OPERATE":5481000,"NETCASH_INVEST":34434000,"NETCASH_FINANCE":-9213000,"END_CASH":263723000,"DIVI_RATIO":2.507676920185,"DIVIDEND_RATE":8.067403846154,"CURRENT_RATIO":2.475966426623,"COMMON_ACS":null,"CURRENTDEBT_DEBT":100,"ISSUED_COMMON_SHARES":700000000,"HK_COMMON_SHARES":209000000,"PER_SHARES":10000,"TOTAL_MARKET_CAP":728000000,"HKSK_MARKET_CAP":217360000,"PE_TTM":8.976209376698,"PB_TTM":3.308589981078,"REPORT_DATE_SQ":"2019-12-31 00:00:00","REPORT_TYPE_SQ":"2019年年报","OPERATE_INCOME_SQ":261529000,"DPS_HKD":0.083901,"OPERATE_INCOME_QOQ_SQ":20.218352819018,"NET_PROFIT_RATIO_SQ":26.8143294341,"HOLDER_PROFIT_SQ":62799000,"HOLDER_PROFIT_QOQ_SQ":79.508345428157,"ROE_AVG_SQ":33.864978180885,"PE_TTM_SQ":5.145726503142,"PB_TTM_SQ":2.403813612483,"ROA_SQ":19.814428516596,"START_DATE":"2020-01-01 00:00:00","FISCAL_YEAR":"12-31","CURRENCY":"HKD","IS_CNY_CODE":0,"DPS_HKD_LY":null,"ORG_TYPE":"一般企业","PREMIUM_INCOME":null,"PREMIUM_INCOME_YOY":null,"NET_INTEREST_INCOME":null,"NET_INTEREST_INCOME_YOY":null,"FEE_COMMISSION_INCOME":null,"FEE_COMMISSION_INCOME_YOY":null,"ACCOUNTS_RECE_TDAYS":7.084260837595,"INVENTORY_TDAYS":null,"CURRENT_ASSETS_TDAYS":0.656134251914,"TOTAL_ASSETS_TDAYS":0.576397387157,"PREMIUM_EXPENSE":null,"LOAN_DEPOSIT":null,"LOAN_EQUITY":null,"LOAN_ASSETS":null,"DEPOSIT_EQUITY":null,"DEPOSIT_ASSETS":null,"EQUITY_MULTIPLIER":1.557785800053,"EQUITY_RATIO":0.726686742997}],"count":82},"success":true,"message":"ok","code":0}