{"version":"748fa24867860579eef54e03b4d434a0","result":{"pages":2,"data":[{"SECUCODE":"02175.HK","SECURITY_CODE":"02175","SECURITY_NAME_ABBR":"中国通才教育","ORG_CODE":"10000144007","STD_REPORT_DATE":"2024-12-31 00:00:00","REPORT_DATE":"2024-08-31 00:00:00","DATE_TYPE_CODE":"001","REPORT_TYPE":"2024年年报","PER_NETCASH_OPERATE":0.393371538445,"PER_OI":0.655048198181,"BPS":3.591861401298,"BASIC_EPS":0.23,"DILUTED_EPS":0.23,"OPERATE_INCOME":331138000,"OPERATE_INCOME_YOY":2.4544793552,"GROSS_PROFIT":157528000,"GROSS_PROFIT_YOY":-9.933047838491,"HOLDER_PROFIT":108416000,"HOLDER_PROFIT_YOY":-21.0118319053,"GROSS_PROFIT_RATIO":47.571707264041,"EPS_TTM":0.214465586716,"OPERATE_INCOME_QOQ":0,"NET_PROFIT_RATIO":32.7404284618,"ROE_AVG":6.153624355675,"GROSS_PROFIT_QOQ":0,"ROA":5.399753112307,"HOLDER_PROFIT_QOQ":0,"ROE_YEARLY":6.153624355675,"ROIC_YEARLY":8.653031905342,"TOTAL_ASSETS":2054920000,"TOTAL_LIABILITIES":239173000,"TAX_EBT":null,"OCF_SALES":60.052304477287,"TOTAL_PARENT_EQUITY":1815747000,"DEBT_ASSET_RATIO":11.6390419092,"OPERATE_PROFIT":108559000,"PRETAX_PROFIT":108416000,"NETCASH_OPERATE":198856000,"NETCASH_INVEST":-315001000,"NETCASH_FINANCE":-1233000,"END_CASH":695897000,"DIVI_RATIO":null,"DIVIDEND_RATE":null,"CURRENT_RATIO":3.501085155434,"COMMON_ACS":5000000000,"CURRENTDEBT_DEBT":92.856635155306,"ISSUED_COMMON_SHARES":505517000,"HK_COMMON_SHARES":505517000,"PER_SHARES":1000,"TOTAL_MARKET_CAP":1733923310,"HKSK_MARKET_CAP":1733923310,"PE_TTM":14.589355093789,"PB_TTM":0.871112287036,"REPORT_DATE_SQ":"2023-12-31 00:00:00","REPORT_TYPE_SQ":"2023年年报","OPERATE_INCOME_SQ":323205000,"DPS_HKD":null,"OPERATE_INCOME_QOQ_SQ":0,"NET_PROFIT_RATIO_SQ":42.4671648025,"HOLDER_PROFIT_SQ":137256000,"HOLDER_PROFIT_QOQ_SQ":0,"ROE_AVG_SQ":8.390974823591,"PE_TTM_SQ":11.853095591044,"PB_TTM_SQ":0.791618070488,"ROA_SQ":7.21153543034,"START_DATE":"2023-09-01 00:00:00","FISCAL_YEAR":"8-31","CURRENCY":"HKD","IS_CNY_CODE":0,"DPS_HKD_LY":null,"ORG_TYPE":"一般企业","PREMIUM_INCOME":null,"PREMIUM_INCOME_YOY":null,"NET_INTEREST_INCOME":null,"NET_INTEREST_INCOME_YOY":null,"FEE_COMMISSION_INCOME":null,"FEE_COMMISSION_INCOME_YOY":null,"ACCOUNTS_RECE_TDAYS":13797.4166666667,"INVENTORY_TDAYS":null,"CURRENT_ASSETS_TDAYS":0.400451075537,"TOTAL_ASSETS_TDAYS":0.164926159064,"PREMIUM_EXPENSE":null,"LOAN_DEPOSIT":null,"LOAN_EQUITY":null,"LOAN_ASSETS":null,"DEPOSIT_EQUITY":null,"DEPOSIT_ASSETS":null,"EQUITY_MULTIPLIER":1.131721544907,"EQUITY_RATIO":0.131721544907},{"SECUCODE":"02175.HK","SECURITY_CODE":"02175","SECURITY_NAME_ABBR":"中国通才教育","ORG_CODE":"10000144007","STD_REPORT_DATE":"2024-06-30 00:00:00","REPORT_DATE":"2024-02-29 00:00:00","DATE_TYPE_CODE":"002","REPORT_TYPE":"2024年中报","PER_NETCASH_OPERATE":0.137200133724,"PER_OI":0.3640945804,"BPS":3.509761293883,"BASIC_EPS":0.14,"DILUTED_EPS":0.14,"OPERATE_INCOME":184056000,"OPERATE_INCOME_YOY":2.5255957487,"GROSS_PROFIT":78932000,"GROSS_PROFIT_YOY":-15.363499892773,"HOLDER_PROFIT":67626000,"HOLDER_PROFIT_YOY":-15.2726270422,"GROSS_PROFIT_RATIO":42.884774199157,"EPS_TTM":0.247402164517,"OPERATE_INCOME_QOQ":0,"NET_PROFIT_RATIO":36.7420784978,"ROE_AVG":3.884158725199,"GROSS_PROFIT_QOQ":0,"ROA":3.412202612964,"HOLDER_PROFIT_QOQ":0,"ROE_YEARLY":7.768317450398,"ROIC_YEARLY":11.381346900428,"TOTAL_ASSETS":2003103000,"TOTAL_LIABILITIES":228859000,"TAX_EBT":null,"OCF_SALES":37.682553136002,"TOTAL_PARENT_EQUITY":1774244000,"DEBT_ASSET_RATIO":11.4252237653,"OPERATE_PROFIT":67694000,"PRETAX_PROFIT":67626000,"NETCASH_OPERATE":69357000,"NETCASH_INVEST":-108151000,"NETCASH_FINANCE":-569000,"END_CASH":773199000,"DIVI_RATIO":null,"DIVIDEND_RATE":null,"CURRENT_RATIO":4.103163725523,"COMMON_ACS":5000000000,"CURRENTDEBT_DEBT":92.13489528487,"ISSUED_COMMON_SHARES":505517000,"HK_COMMON_SHARES":505517000,"PER_SHARES":1000,"TOTAL_MARKET_CAP":753220330,"HKSK_MARKET_CAP":753220330,"PE_TTM":6.337649880392,"PB_TTM":0.378413209237,"REPORT_DATE_SQ":"2023-06-30 00:00:00","REPORT_TYPE_SQ":"2023年中报","OPERATE_INCOME_SQ":179522000,"DPS_HKD":null,"OPERATE_INCOME_QOQ_SQ":0,"NET_PROFIT_RATIO_SQ":44.4602889897,"HOLDER_PROFIT_SQ":79816000,"HOLDER_PROFIT_QOQ_SQ":0,"ROE_AVG_SQ":4.974964985885,"PE_TTM_SQ":11.853095591044,"PB_TTM_SQ":0.791618070488,"ROA_SQ":4.276497853875,"START_DATE":"2023-09-01 00:00:00","FISCAL_YEAR":"8-31","CURRENCY":"HKD","IS_CNY_CODE":0,"DPS_HKD_LY":null,"ORG_TYPE":"一般企业","PREMIUM_INCOME":null,"PREMIUM_INCOME_YOY":null,"NET_INTEREST_INCOME":null,"NET_INTEREST_INCOME_YOY":null,"FEE_COMMISSION_INCOME":null,"FEE_COMMISSION_INCOME_YOY":null,"ACCOUNTS_RECE_TDAYS":4231.1724137931,"INVENTORY_TDAYS":null,"CURRENT_ASSETS_TDAYS":0.211380647903,"TOTAL_ASSETS_TDAYS":0.092869068721,"PREMIUM_EXPENSE":null,"LOAN_DEPOSIT":null,"LOAN_EQUITY":null,"LOAN_ASSETS":null,"DEPOSIT_EQUITY":null,"DEPOSIT_ASSETS":null,"EQUITY_MULTIPLIER":1.12898958655,"EQUITY_RATIO":0.128989586551},{"SECUCODE":"02175.HK","SECURITY_CODE":"02175","SECURITY_NAME_ABBR":"中国通才教育","ORG_CODE":"10000144007","STD_REPORT_DATE":"2023-12-31 00:00:00","REPORT_DATE":"2023-08-31 00:00:00","DATE_TYPE_CODE":"001","REPORT_TYPE":"2023年年报","PER_NETCASH_OPERATE":0.157883908949,"PER_OI":0.639355353035,"BPS":3.378521394928,"BASIC_EPS":0.29,"DILUTED_EPS":0.29,"OPERATE_INCOME":323205000,"OPERATE_INCOME_YOY":5.6629495591,"GROSS_PROFIT":174901000,"GROSS_PROFIT_YOY":6.533921327372,"HOLDER_PROFIT":137256000,"HOLDER_PROFIT_YOY":33.0167559867,"GROSS_PROFIT_RATIO":54.114571247351,"EPS_TTM":0.271516091447,"OPERATE_INCOME_QOQ":0,"NET_PROFIT_RATIO":42.4671648025,"ROE_AVG":8.390974823591,"GROSS_PROFIT_QOQ":0,"ROA":7.21153543034,"HOLDER_PROFIT_QOQ":0,"ROE_YEARLY":8.390974823591,"ROIC_YEARLY":12.873943573791,"TOTAL_ASSETS":1960671000,"TOTAL_LIABILITIES":252771000,"TAX_EBT":null,"OCF_SALES":24.694234309494,"TOTAL_PARENT_EQUITY":1707900000,"DEBT_ASSET_RATIO":12.8920660325,"OPERATE_PROFIT":137373000,"PRETAX_PROFIT":137256000,"NETCASH_OPERATE":79813000,"NETCASH_INVEST":-152415000,"NETCASH_FINANCE":19000000,"END_CASH":813844000,"DIVI_RATIO":null,"DIVIDEND_RATE":null,"CURRENT_RATIO":3.740437356736,"COMMON_ACS":5000000000,"CURRENTDEBT_DEBT":92.681122438887,"ISSUED_COMMON_SHARES":505517000,"HK_COMMON_SHARES":505517000,"PER_SHARES":1000,"TOTAL_MARKET_CAP":899820260,"HKSK_MARKET_CAP":899820260,"PE_TTM":7.571152206106,"PB_TTM":0.45206410231,"REPORT_DATE_SQ":"2022-12-31 00:00:00","REPORT_TYPE_SQ":"2022年年报","OPERATE_INCOME_SQ":305883000,"DPS_HKD":null,"OPERATE_INCOME_QOQ_SQ":0,"NET_PROFIT_RATIO_SQ":33.7341401778,"HOLDER_PROFIT_SQ":103187000,"HOLDER_PROFIT_QOQ_SQ":0,"ROE_AVG_SQ":6.577162642109,"PE_TTM_SQ":11.853095591044,"PB_TTM_SQ":0.791618070488,"ROA_SQ":5.530919968976,"START_DATE":"2022-09-01 00:00:00","FISCAL_YEAR":"8-31","CURRENCY":"HKD","IS_CNY_CODE":0,"DPS_HKD_LY":null,"ORG_TYPE":"一般企业","PREMIUM_INCOME":null,"PREMIUM_INCOME_YOY":null,"NET_INTEREST_INCOME":null,"NET_INTEREST_INCOME_YOY":null,"FEE_COMMISSION_INCOME":null,"FEE_COMMISSION_INCOME_YOY":null,"ACCOUNTS_RECE_TDAYS":24861.9230769231,"INVENTORY_TDAYS":null,"CURRENT_ASSETS_TDAYS":0.350177225723,"TOTAL_ASSETS_TDAYS":0.169814383981,"PREMIUM_EXPENSE":null,"LOAN_DEPOSIT":null,"LOAN_EQUITY":null,"LOAN_ASSETS":null,"DEPOSIT_EQUITY":null,"DEPOSIT_ASSETS":null,"EQUITY_MULTIPLIER":1.148001053926,"EQUITY_RATIO":0.148001053926},{"SECUCODE":"02175.HK","SECURITY_CODE":"02175","SECURITY_NAME_ABBR":"中国通才教育","ORG_CODE":"10000144007","STD_REPORT_DATE":"2023-06-30 00:00:00","REPORT_DATE":"2023-02-28 00:00:00","DATE_TYPE_CODE":"002","REPORT_TYPE":"2023年中报","PER_NETCASH_OPERATE":0.045585014945,"PER_OI":0.355125544739,"BPS":3.254274336966,"BASIC_EPS":0.17,"DILUTED_EPS":0.17,"OPERATE_INCOME":179522000,"OPERATE_INCOME_YOY":5.3236177603,"GROSS_PROFIT":93260000,"GROSS_PROFIT_YOY":6.359198941654,"HOLDER_PROFIT":79816000,"HOLDER_PROFIT_YOY":22.9982124145,"GROSS_PROFIT_RATIO":51.949064738584,"EPS_TTM":0.233643972408,"OPERATE_INCOME_QOQ":0,"NET_PROFIT_RATIO":44.4602889897,"ROE_AVG":4.974964985885,"GROSS_PROFIT_QOQ":0,"ROA":4.276497853875,"HOLDER_PROFIT_QOQ":0,"ROE_YEARLY":9.949929971771,"ROIC_YEARLY":15.984691417611,"TOTAL_ASSETS":1886877000,"TOTAL_LIABILITIES":241786000,"TAX_EBT":null,"OCF_SALES":12.836309755907,"TOTAL_PARENT_EQUITY":1645091000,"DEBT_ASSET_RATIO":12.8140838009,"OPERATE_PROFIT":79842000,"PRETAX_PROFIT":79816000,"NETCASH_OPERATE":23044000,"NETCASH_INVEST":-29616000,"NETCASH_FINANCE":19566000,"END_CASH":875046000,"DIVI_RATIO":null,"DIVIDEND_RATE":null,"CURRENT_RATIO":4.168184646461,"COMMON_ACS":5000000000,"CURRENTDEBT_DEBT":91.728222477728,"ISSUED_COMMON_SHARES":505517000,"HK_COMMON_SHARES":505517000,"PER_SHARES":1000,"TOTAL_MARKET_CAP":753220330,"HKSK_MARKET_CAP":753220330,"PE_TTM":6.337649880392,"PB_TTM":0.378413209237,"REPORT_DATE_SQ":"2022-06-30 00:00:00","REPORT_TYPE_SQ":"2022年中报","OPERATE_INCOME_SQ":170448000,"DPS_HKD":null,"OPERATE_INCOME_QOQ_SQ":0,"NET_PROFIT_RATIO_SQ":38.0714352764,"HOLDER_PROFIT_SQ":64892000,"HOLDER_PROFIT_QOQ_SQ":0,"ROE_AVG_SQ":4.079416992646,"PE_TTM_SQ":11.853095591044,"PB_TTM_SQ":0.791618070488,"ROA_SQ":3.488454292524,"START_DATE":"2022-09-01 00:00:00","FISCAL_YEAR":"8-31","CURRENCY":"HKD","IS_CNY_CODE":0,"DPS_HKD_LY":null,"ORG_TYPE":"一般企业","PREMIUM_INCOME":null,"PREMIUM_INCOME_YOY":null,"NET_INTEREST_INCOME":null,"NET_INTEREST_INCOME_YOY":null,"FEE_COMMISSION_INCOME":null,"FEE_COMMISSION_INCOME_YOY":null,"ACCOUNTS_RECE_TDAYS":997.344444444444,"INVENTORY_TDAYS":null,"CURRENT_ASSETS_TDAYS":0.18955715583,"TOTAL_ASSETS_TDAYS":0.09618691086,"PREMIUM_EXPENSE":null,"LOAN_DEPOSIT":null,"LOAN_EQUITY":null,"LOAN_ASSETS":null,"DEPOSIT_EQUITY":null,"DEPOSIT_ASSETS":null,"EQUITY_MULTIPLIER":1.146974240331,"EQUITY_RATIO":0.146974240331},{"SECUCODE":"02175.HK","SECURITY_CODE":"02175","SECURITY_NAME_ABBR":"中国通才教育","ORG_CODE":"10000144007","STD_REPORT_DATE":"2022-12-31 00:00:00","REPORT_DATE":"2022-08-31 00:00:00","DATE_TYPE_CODE":"001","REPORT_TYPE":"2022年年报","PER_NETCASH_OPERATE":0.12959999367,"PER_OI":0.605089443085,"BPS":3.093100726583,"BASIC_EPS":0.21,"DILUTED_EPS":0.21,"OPERATE_INCOME":305883000,"OPERATE_INCOME_YOY":5.7460018945,"GROSS_PROFIT":164174000,"GROSS_PROFIT_YOY":-4.509472043367,"HOLDER_PROFIT":103187000,"HOLDER_PROFIT_YOY":-20.4779629929,"GROSS_PROFIT_RATIO":53.672155693517,"EPS_TTM":0.204121720931,"OPERATE_INCOME_QOQ":0,"NET_PROFIT_RATIO":33.7341401778,"ROE_AVG":6.577162642109,"GROSS_PROFIT_QOQ":0,"ROA":5.530919968976,"HOLDER_PROFIT_QOQ":0,"ROE_YEARLY":6.577162642109,"ROIC_YEARLY":9.066705796657,"TOTAL_ASSETS":1845897000,"TOTAL_LIABILITIES":282282000,"TAX_EBT":null,"OCF_SALES":21.418320076631,"TOTAL_PARENT_EQUITY":1563615000,"DEBT_ASSET_RATIO":15.2924025555,"OPERATE_PROFIT":103237000,"PRETAX_PROFIT":103187000,"NETCASH_OPERATE":65565000,"NETCASH_INVEST":314803000,"NETCASH_FINANCE":-124076000,"END_CASH":860417000,"DIVI_RATIO":null,"DIVIDEND_RATE":null,"CURRENT_RATIO":3.435128701086,"COMMON_ACS":5000000000,"CURRENTDEBT_DEBT":100,"ISSUED_COMMON_SHARES":505517000,"HK_COMMON_SHARES":505517000,"PER_SHARES":1000,"TOTAL_MARKET_CAP":753220330,"HKSK_MARKET_CAP":753220330,"PE_TTM":6.337649880392,"PB_TTM":0.378413209237,"REPORT_DATE_SQ":"2021-12-31 00:00:00","REPORT_TYPE_SQ":"2021年年报","OPERATE_INCOME_SQ":289262000,"DPS_HKD":null,"OPERATE_INCOME_QOQ_SQ":0,"NET_PROFIT_RATIO_SQ":44.8586402638,"HOLDER_PROFIT_SQ":129759000,"HOLDER_PROFIT_QOQ_SQ":0,"ROE_AVG_SQ":9.817717121062,"PE_TTM_SQ":11.853095591044,"PB_TTM_SQ":0.791618070488,"ROA_SQ":8.487531879183,"START_DATE":"2021-09-01 00:00:00","FISCAL_YEAR":"8-31","CURRENCY":"HKD","IS_CNY_CODE":0,"DPS_HKD_LY":null,"ORG_TYPE":"一般企业","PREMIUM_INCOME":null,"PREMIUM_INCOME_YOY":null,"NET_INTEREST_INCOME":null,"NET_INTEREST_INCOME_YOY":null,"FEE_COMMISSION_INCOME":null,"FEE_COMMISSION_INCOME_YOY":null,"ACCOUNTS_RECE_TDAYS":null,"INVENTORY_TDAYS":null,"CURRENT_ASSETS_TDAYS":0.296992384475,"TOTAL_ASSETS_TDAYS":0.163956156577,"PREMIUM_EXPENSE":null,"LOAN_DEPOSIT":null,"LOAN_EQUITY":null,"LOAN_ASSETS":null,"DEPOSIT_EQUITY":null,"DEPOSIT_ASSETS":null,"EQUITY_MULTIPLIER":1.180531652613,"EQUITY_RATIO":0.180531652613},{"SECUCODE":"02175.HK","SECURITY_CODE":"02175","SECURITY_NAME_ABBR":"中国通才教育","ORG_CODE":"10000144007","STD_REPORT_DATE":"2022-06-30 00:00:00","REPORT_DATE":"2022-02-28 00:00:00","DATE_TYPE_CODE":"002","REPORT_TYPE":"2022年中报","PER_NETCASH_OPERATE":-0.087342265443,"PER_OI":0.337175604381,"BPS":3.179544901556,"BASIC_EPS":0.13,"DILUTED_EPS":0.13,"OPERATE_INCOME":170448000,"OPERATE_INCOME_YOY":6.1029356839,"GROSS_PROFIT":87684000,"GROSS_PROFIT_YOY":-13.727419418316,"HOLDER_PROFIT":64892000,"HOLDER_PROFIT_YOY":-25.047067928,"GROSS_PROFIT_RATIO":51.443255421008,"EPS_TTM":0.213789051605,"OPERATE_INCOME_QOQ":0,"NET_PROFIT_RATIO":38.0714352764,"ROE_AVG":4.079416992646,"GROSS_PROFIT_QOQ":0,"ROA":3.488454292524,"HOLDER_PROFIT_QOQ":0,"ROE_YEARLY":8.158833985293,"ROIC_YEARLY":11.557817137779,"TOTAL_ASSETS":1835006000,"TOTAL_LIABILITIES":227692000,"TAX_EBT":null,"OCF_SALES":-25.904088050315,"TOTAL_PARENT_EQUITY":1607314000,"DEBT_ASSET_RATIO":12.4082428068,"OPERATE_PROFIT":64892000,"PRETAX_PROFIT":64892000,"NETCASH_OPERATE":-44153000,"NETCASH_INVEST":360235000,"NETCASH_FINANCE":-28314000,"END_CASH":879878000,"DIVI_RATIO":null,"DIVIDEND_RATE":null,"CURRENT_RATIO":4.46790209821,"COMMON_ACS":5000000000,"CURRENTDEBT_DEBT":99.823006517576,"ISSUED_COMMON_SHARES":505517000,"HK_COMMON_SHARES":505517000,"PER_SHARES":1000,"TOTAL_MARKET_CAP":753220330,"HKSK_MARKET_CAP":753220330,"PE_TTM":6.337649880392,"PB_TTM":0.378413209237,"REPORT_DATE_SQ":"2021-06-30 00:00:00","REPORT_TYPE_SQ":"2021年中报","OPERATE_INCOME_SQ":160644000,"DPS_HKD":null,"OPERATE_INCOME_QOQ_SQ":0,"NET_PROFIT_RATIO_SQ":53.893702846,"HOLDER_PROFIT_SQ":86577000,"HOLDER_PROFIT_QOQ_SQ":0,"ROE_AVG_SQ":null,"PE_TTM_SQ":11.853095591044,"PB_TTM_SQ":0.791618070488,"ROA_SQ":null,"START_DATE":"2021-09-01 00:00:00","FISCAL_YEAR":"8-31","CURRENCY":"HKD","IS_CNY_CODE":0,"DPS_HKD_LY":null,"ORG_TYPE":"一般企业","PREMIUM_INCOME":null,"PREMIUM_INCOME_YOY":null,"NET_INTEREST_INCOME":null,"NET_INTEREST_INCOME_YOY":null,"FEE_COMMISSION_INCOME":null,"FEE_COMMISSION_INCOME_YOY":null,"ACCOUNTS_RECE_TDAYS":2938.75862068966,"INVENTORY_TDAYS":null,"CURRENT_ASSETS_TDAYS":0.161891930526,"TOTAL_ASSETS_TDAYS":0.091629177287,"PREMIUM_EXPENSE":null,"LOAN_DEPOSIT":null,"LOAN_EQUITY":null,"LOAN_ASSETS":null,"DEPOSIT_EQUITY":null,"DEPOSIT_ASSETS":null,"EQUITY_MULTIPLIER":1.141659937012,"EQUITY_RATIO":0.141659937013},{"SECUCODE":"02175.HK","SECURITY_CODE":"02175","SECURITY_NAME_ABBR":"中国通才教育","ORG_CODE":"10000144007","STD_REPORT_DATE":"2021-12-31 00:00:00","REPORT_DATE":"2021-08-31 00:00:00","DATE_TYPE_CODE":"001","REPORT_TYPE":"2021年年报","PER_NETCASH_OPERATE":0.695125979937,"PER_OI":0.572210232297,"BPS":3.113883410449,"BASIC_EPS":0.33,"DILUTED_EPS":0.33,"OPERATE_INCOME":289262000,"OPERATE_INCOME_YOY":6.7060641944,"GROSS_PROFIT":171927000,"GROSS_PROFIT_YOY":4.874463205153,"HOLDER_PROFIT":129759000,"HOLDER_PROFIT_YOY":-9.1075293673,"GROSS_PROFIT_RATIO":59.436427875075,"EPS_TTM":0.256685729659,"OPERATE_INCOME_QOQ":0,"NET_PROFIT_RATIO":44.8586402638,"ROE_AVG":9.817717121062,"GROSS_PROFIT_QOQ":0,"ROA":8.487531879183,"HOLDER_PROFIT_QOQ":0,"ROE_YEARLY":9.817717121062,"ROIC_YEARLY":10.932293566697,"TOTAL_ASSETS":1885381000,"TOTAL_LIABILITIES":311260000,"TAX_EBT":null,"OCF_SALES":121.480872012224,"TOTAL_PARENT_EQUITY":1574121000,"DEBT_ASSET_RATIO":16.5091299849,"OPERATE_PROFIT":129759000,"PRETAX_PROFIT":129759000,"NETCASH_OPERATE":351398000,"NETCASH_INVEST":-228092000,"NETCASH_FINANCE":384037000,"END_CASH":594687000,"DIVI_RATIO":null,"DIVIDEND_RATE":null,"CURRENT_RATIO":3.502525220073,"COMMON_ACS":5000000000,"CURRENTDEBT_DEBT":100,"ISSUED_COMMON_SHARES":505517000,"HK_COMMON_SHARES":505517000,"PER_SHARES":1000,"TOTAL_MARKET_CAP":753220330,"HKSK_MARKET_CAP":753220330,"PE_TTM":6.337649880392,"PB_TTM":0.378413209237,"REPORT_DATE_SQ":"2020-12-31 00:00:00","REPORT_TYPE_SQ":"2020年年报","OPERATE_INCOME_SQ":271083000,"DPS_HKD":null,"OPERATE_INCOME_QOQ_SQ":0,"NET_PROFIT_RATIO_SQ":52.6536153134,"HOLDER_PROFIT_SQ":142761000,"HOLDER_PROFIT_QOQ_SQ":0,"ROE_AVG_SQ":14.382349607727,"PE_TTM_SQ":11.853095591044,"PB_TTM_SQ":0.791618070488,"ROA_SQ":11.811090069273,"START_DATE":"2020-09-01 00:00:00","FISCAL_YEAR":"8-31","CURRENCY":"HKD","IS_CNY_CODE":0,"DPS_HKD_LY":null,"ORG_TYPE":"一般企业","PREMIUM_INCOME":null,"PREMIUM_INCOME_YOY":null,"NET_INTEREST_INCOME":null,"NET_INTEREST_INCOME_YOY":null,"FEE_COMMISSION_INCOME":null,"FEE_COMMISSION_INCOME_YOY":null,"ACCOUNTS_RECE_TDAYS":5165.39285714286,"INVENTORY_TDAYS":null,"CURRENT_ASSETS_TDAYS":0.382943852235,"TOTAL_ASSETS_TDAYS":0.189206178102,"PREMIUM_EXPENSE":null,"LOAN_DEPOSIT":null,"LOAN_EQUITY":null,"LOAN_ASSETS":null,"DEPOSIT_EQUITY":null,"DEPOSIT_ASSETS":null,"EQUITY_MULTIPLIER":1.197735752208,"EQUITY_RATIO":0.197735752207},{"SECUCODE":"02175.HK","SECURITY_CODE":"02175","SECURITY_NAME_ABBR":"中国通才教育","ORG_CODE":"10000144007","STD_REPORT_DATE":"2021-06-30 00:00:00","REPORT_DATE":"2021-02-28 00:00:00","DATE_TYPE_CODE":"002","REPORT_TYPE":"2021年中报","PER_NETCASH_OPERATE":null,"PER_OI":null,"BPS":null,"BASIC_EPS":0.23,"DILUTED_EPS":0.23,"OPERATE_INCOME":160644000,"OPERATE_INCOME_YOY":null,"GROSS_PROFIT":101636000,"GROSS_PROFIT_YOY":null,"HOLDER_PROFIT":86577000,"HOLDER_PROFIT_YOY":null,"GROSS_PROFIT_RATIO":63.267846916163,"EPS_TTM":713805,"OPERATE_INCOME_QOQ":0,"NET_PROFIT_RATIO":53.893702846,"ROE_AVG":null,"GROSS_PROFIT_QOQ":0,"ROA":null,"HOLDER_PROFIT_QOQ":0,"ROE_YEARLY":null,"ROIC_YEARLY":null,"TOTAL_ASSETS":null,"TOTAL_LIABILITIES":null,"TAX_EBT":null,"OCF_SALES":124.727347426608,"TOTAL_PARENT_EQUITY":null,"DEBT_ASSET_RATIO":null,"OPERATE_PROFIT":86659000,"PRETAX_PROFIT":86577000,"NETCASH_OPERATE":200367000,"NETCASH_INVEST":-241005000,"NETCASH_FINANCE":null,"END_CASH":48489000,"DIVI_RATIO":null,"DIVIDEND_RATE":null,"CURRENT_RATIO":null,"COMMON_ACS":5000000000,"CURRENTDEBT_DEBT":null,"ISSUED_COMMON_SHARES":505517000,"HK_COMMON_SHARES":505517000,"PER_SHARES":1000,"TOTAL_MARKET_CAP":753220330,"HKSK_MARKET_CAP":753220330,"PE_TTM":6.337649880392,"PB_TTM":0.378413209237,"REPORT_DATE_SQ":"2020-06-30 00:00:00","REPORT_TYPE_SQ":"2020年中报","OPERATE_INCOME_SQ":null,"DPS_HKD":null,"OPERATE_INCOME_QOQ_SQ":0,"NET_PROFIT_RATIO_SQ":null,"HOLDER_PROFIT_SQ":null,"HOLDER_PROFIT_QOQ_SQ":0,"ROE_AVG_SQ":null,"PE_TTM_SQ":11.853095591044,"PB_TTM_SQ":0.791618070488,"ROA_SQ":null,"START_DATE":"2020-09-01 00:00:00","FISCAL_YEAR":"8-31","CURRENCY":"HKD","IS_CNY_CODE":0,"DPS_HKD_LY":null,"ORG_TYPE":"一般企业","PREMIUM_INCOME":null,"PREMIUM_INCOME_YOY":null,"NET_INTEREST_INCOME":null,"NET_INTEREST_INCOME_YOY":null,"FEE_COMMISSION_INCOME":null,"FEE_COMMISSION_INCOME_YOY":null,"ACCOUNTS_RECE_TDAYS":null,"INVENTORY_TDAYS":null,"CURRENT_ASSETS_TDAYS":0.764003690563,"TOTAL_ASSETS_TDAYS":0.274076418396,"PREMIUM_EXPENSE":null,"LOAN_DEPOSIT":null,"LOAN_EQUITY":null,"LOAN_ASSETS":null,"DEPOSIT_EQUITY":null,"DEPOSIT_ASSETS":null,"EQUITY_MULTIPLIER":null,"EQUITY_RATIO":null},{"SECUCODE":"02175.HK","SECURITY_CODE":"02175","SECURITY_NAME_ABBR":"中国通才教育","ORG_CODE":"10000144007","STD_REPORT_DATE":"2020-12-31 00:00:00","REPORT_DATE":"2020-08-31 00:00:00","DATE_TYPE_CODE":"001","REPORT_TYPE":"2020年年报","PER_NETCASH_OPERATE":null,"PER_OI":null,"BPS":2.115147462894,"BASIC_EPS":0.38,"DILUTED_EPS":0.38,"OPERATE_INCOME":271083000,"OPERATE_INCOME_YOY":1.8064167227,"GROSS_PROFIT":163936000,"GROSS_PROFIT_YOY":3.889124772654,"HOLDER_PROFIT":142761000,"HOLDER_PROFIT_YOY":3.7552509557,"GROSS_PROFIT_RATIO":60.474467229594,"EPS_TTM":null,"OPERATE_INCOME_QOQ":0,"NET_PROFIT_RATIO":52.6536153134,"ROE_AVG":14.382349607727,"GROSS_PROFIT_QOQ":0,"ROA":11.811090069273,"HOLDER_PROFIT_QOQ":0,"ROE_YEARLY":14.382349607727,"ROIC_YEARLY":13.490220461883,"TOTAL_ASSETS":1172257000,"TOTAL_LIABILITIES":103056000,"TAX_EBT":null,"OCF_SALES":-9.384210739884,"TOTAL_PARENT_EQUITY":1069243000,"DEBT_ASSET_RATIO":8.7912462881,"OPERATE_PROFIT":142844000,"PRETAX_PROFIT":142735000,"NETCASH_OPERATE":-25439000,"NETCASH_INVEST":-105576000,"NETCASH_FINANCE":8316000,"END_CASH":89127000,"DIVI_RATIO":null,"DIVIDEND_RATE":null,"CURRENT_RATIO":4.080616363919,"COMMON_ACS":5000000000,"CURRENTDEBT_DEBT":100,"ISSUED_COMMON_SHARES":505517000,"HK_COMMON_SHARES":505517000,"PER_SHARES":1000,"TOTAL_MARKET_CAP":753220330,"HKSK_MARKET_CAP":753220330,"PE_TTM":6.337649880392,"PB_TTM":0.378413209237,"REPORT_DATE_SQ":"2019-12-31 00:00:00","REPORT_TYPE_SQ":"2019年年报","OPERATE_INCOME_SQ":266273000,"DPS_HKD":null,"OPERATE_INCOME_QOQ_SQ":0,"NET_PROFIT_RATIO_SQ":51.6680249218,"HOLDER_PROFIT_SQ":137594000,"HOLDER_PROFIT_QOQ_SQ":0,"ROE_AVG_SQ":16.241316831625,"PE_TTM_SQ":11.853095591044,"PB_TTM_SQ":0.791618070488,"ROA_SQ":11.709534708668,"START_DATE":"2019-09-01 00:00:00","FISCAL_YEAR":"8-31","CURRENCY":"HKD","IS_CNY_CODE":0,"DPS_HKD_LY":null,"ORG_TYPE":"一般企业","PREMIUM_INCOME":null,"PREMIUM_INCOME_YOY":null,"NET_INTEREST_INCOME":null,"NET_INTEREST_INCOME_YOY":null,"FEE_COMMISSION_INCOME":null,"FEE_COMMISSION_INCOME_YOY":null,"ACCOUNTS_RECE_TDAYS":2594.0956937799,"INVENTORY_TDAYS":null,"CURRENT_ASSETS_TDAYS":0.59597673984,"TOTAL_ASSETS_TDAYS":0.224275938754,"PREMIUM_EXPENSE":null,"LOAN_DEPOSIT":null,"LOAN_EQUITY":null,"LOAN_ASSETS":null,"DEPOSIT_EQUITY":null,"DEPOSIT_ASSETS":null,"EQUITY_MULTIPLIER":1.096385992904,"EQUITY_RATIO":0.096382206851}],"count":11},"success":true,"message":"ok","code":0}