{"version":"8dc9c71a782f42317edd5d0624b63875","result":{"pages":2,"data":[{"SECUCODE":"02172.HK","SECURITY_CODE":"02172","SECURITY_NAME_ABBR":"微创脑科学","ORG_CODE":"10000277145","STD_REPORT_DATE":"2024-06-30 00:00:00","REPORT_DATE":"2024-06-30 00:00:00","DATE_TYPE_CODE":"002","REPORT_TYPE":"2024年中报","PER_NETCASH_OPERATE":0.16897216395,"PER_OI":0.700625289514,"BPS":2.959586766316,"BASIC_EPS":0.25,"DILUTED_EPS":0.25,"OPERATE_INCOME":408225000,"OPERATE_INCOME_YOY":36.4420290582,"GROSS_PROFIT":295019000,"GROSS_PROFIT_YOY":26.815166976878,"HOLDER_PROFIT":143504000,"HOLDER_PROFIT_YOY":124.0814478225,"GROSS_PROFIT_RATIO":72.268724355441,"EPS_TTM":0.386180162946,"OPERATE_INCOME_QOQ":16.380418975277,"NET_PROFIT_RATIO":34.3156347602,"ROE_AVG":8.582556962517,"GROSS_PROFIT_QOQ":12.188959946541,"ROA":7.103173817491,"HOLDER_PROFIT_QOQ":54.595734740429,"ROE_YEARLY":17.165113925035,"ROIC_YEARLY":21.755102736936,"TOTAL_ASSETS":2079919000,"TOTAL_LIABILITIES":373175000,"TAX_EBT":18.057862841901,"OCF_SALES":24.117337252741,"TOTAL_PARENT_EQUITY":1708580000,"DEBT_ASSET_RATIO":17.9418044645,"OPERATE_PROFIT":182493000,"PRETAX_PROFIT":170956000,"NETCASH_OPERATE":98453000,"NETCASH_INVEST":-101394000,"NETCASH_FINANCE":-39656000,"END_CASH":679940000,"DIVI_RATIO":0.447196973253,"DIVIDEND_RATE":1.678445229682,"CURRENT_RATIO":5.127479168191,"COMMON_ACS":2500000000,"CURRENTDEBT_DEBT":76.89180679306,"ISSUED_COMMON_SHARES":577303568,"HK_COMMON_SHARES":577303568,"PER_SHARES":1000,"TOTAL_MARKET_CAP":6535076389.76,"HKSK_MARKET_CAP":6535076389.76,"PE_TTM":26.31044404474,"PB_TTM":3.490871670865,"REPORT_DATE_SQ":"2023-06-30 00:00:00","REPORT_TYPE_SQ":"2023年中报","OPERATE_INCOME_SQ":299193000,"DPS_HKD":0.19,"OPERATE_INCOME_QOQ_SQ":17.027496117658,"NET_PROFIT_RATIO_SQ":19.3851460429,"HOLDER_PROFIT_SQ":64041000,"HOLDER_PROFIT_QOQ_SQ":718.55272226051,"ROE_AVG_SQ":4.216095899542,"PE_TTM_SQ":37.642461976377,"PB_TTM_SQ":3.39455050119,"ROA_SQ":3.45190677949,"START_DATE":"2024-01-01 00:00:00","FISCAL_YEAR":"12-31","CURRENCY":"HKD","IS_CNY_CODE":0,"DPS_HKD_LY":0.19,"ORG_TYPE":"一般企业","PREMIUM_INCOME":null,"PREMIUM_INCOME_YOY":null,"NET_INTEREST_INCOME":null,"NET_INTEREST_INCOME_YOY":null,"FEE_COMMISSION_INCOME":null,"FEE_COMMISSION_INCOME_YOY":null,"ACCOUNTS_RECE_TDAYS":3.207475269696,"INVENTORY_TDAYS":0.609328912524,"CURRENT_ASSETS_TDAYS":0.291191185765,"TOTAL_ASSETS_TDAYS":0.202063575346,"PREMIUM_EXPENSE":null,"LOAN_DEPOSIT":null,"LOAN_EQUITY":null,"LOAN_ASSETS":null,"DEPOSIT_EQUITY":null,"DEPOSIT_ASSETS":null,"EQUITY_MULTIPLIER":1.218647319106,"EQUITY_RATIO":0.218412365824},{"SECUCODE":"02172.HK","SECURITY_CODE":"02172","SECURITY_NAME_ABBR":"微创脑科学","ORG_CODE":"10000277145","STD_REPORT_DATE":"2023-12-31 00:00:00","REPORT_DATE":"2023-12-31 00:00:00","DATE_TYPE_CODE":"001","REPORT_TYPE":"2023年年报","PER_NETCASH_OPERATE":0.263924932992,"PER_OI":1.14239208208,"BPS":2.833006914657,"BASIC_EPS":0.25,"DILUTED_EPS":0.25,"OPERATE_INCOME":665624000,"OPERATE_INCOME_YOY":21.6084772084,"GROSS_PROFIT":511791000,"GROSS_PROFIT_YOY":30.226717557252,"HOLDER_PROFIT":145548000,"HOLDER_PROFIT_YOY":768.7250172295,"GROSS_PROFIT_RATIO":76.888904246241,"EPS_TTM":0.249800011362,"OPERATE_INCOME_QOQ":3.914448520802,"NET_PROFIT_RATIO":20.2187721597,"ROE_AVG":9.365095093536,"GROSS_PROFIT_QOQ":5.722283046541,"ROA":7.70576134683,"HOLDER_PROFIT_QOQ":8.11123986095,"ROE_YEARLY":9.365095093536,"ROIC_YEARLY":13.40084024561,"TOTAL_ASSETS":1960641000,"TOTAL_LIABILITIES":322390000,"TAX_EBT":16.951453554745,"OCF_SALES":23.102832830547,"TOTAL_PARENT_EQUITY":1635505000,"DEBT_ASSET_RATIO":16.4430918256,"OPERATE_PROFIT":219822000,"PRETAX_PROFIT":162051000,"NETCASH_OPERATE":153778000,"NETCASH_INVEST":-233159000,"NETCASH_FINANCE":-33276000,"END_CASH":721175000,"DIVI_RATIO":0.691347446538,"DIVIDEND_RATE":1.938775510204,"CURRENT_RATIO":5.346236093224,"COMMON_ACS":2500000000,"CURRENTDEBT_DEBT":77.312881913211,"ISSUED_COMMON_SHARES":577303568,"HK_COMMON_SHARES":577303568,"PER_SHARES":1000,"TOTAL_MARKET_CAP":5657574966.4,"HKSK_MARKET_CAP":5657574966.4,"PE_TTM":22.777592900923,"PB_TTM":3.022132718593,"REPORT_DATE_SQ":"2022-12-31 00:00:00","REPORT_TYPE_SQ":"2022年年报","OPERATE_INCOME_SQ":547350000,"DPS_HKD":0.19,"OPERATE_INCOME_QOQ_SQ":29.960015955628,"NET_PROFIT_RATIO_SQ":-4.5086325021,"HOLDER_PROFIT_SQ":-21765000,"HOLDER_PROFIT_QOQ_SQ":80.55533220766,"ROE_AVG_SQ":-3.353974957295,"PE_TTM_SQ":45.749483615375,"PB_TTM_SQ":4.125631650587,"ROA_SQ":-1.378691316937,"START_DATE":"2023-01-01 00:00:00","FISCAL_YEAR":"12-31","CURRENCY":"HKD","IS_CNY_CODE":0,"DPS_HKD_LY":null,"ORG_TYPE":"一般企业","PREMIUM_INCOME":null,"PREMIUM_INCOME_YOY":null,"NET_INTEREST_INCOME":null,"NET_INTEREST_INCOME_YOY":null,"FEE_COMMISSION_INCOME":null,"FEE_COMMISSION_INCOME_YOY":null,"ACCOUNTS_RECE_TDAYS":13.581252996807,"INVENTORY_TDAYS":0.974585747365,"CURRENT_ASSETS_TDAYS":0.508647886754,"TOTAL_ASSETS_TDAYS":0.352401935494,"PREMIUM_EXPENSE":null,"LOAN_DEPOSIT":null,"LOAN_EQUITY":null,"LOAN_ASSETS":null,"DEPOSIT_EQUITY":null,"DEPOSIT_ASSETS":null,"EQUITY_MULTIPLIER":1.196789136708,"EQUITY_RATIO":0.197119544116},{"SECUCODE":"02172.HK","SECURITY_CODE":"02172","SECURITY_NAME_ABBR":"微创脑科学","ORG_CODE":"10000277145","STD_REPORT_DATE":"2023-06-30 00:00:00","REPORT_DATE":"2023-06-30 00:00:00","DATE_TYPE_CODE":"002","REPORT_TYPE":"2023年中报","PER_NETCASH_OPERATE":0.055533425177,"PER_OI":0.513496680129,"BPS":2.711097049724,"BASIC_EPS":0.11,"DILUTED_EPS":0.11,"OPERATE_INCOME":299193000,"OPERATE_INCOME_YOY":45.2442558728,"GROSS_PROFIT":232637000,"GROSS_PROFIT_YOY":64.353183041675,"HOLDER_PROFIT":64041000,"HOLDER_PROFIT_YOY":169.344464657,"GROSS_PROFIT_RATIO":77.754827151705,"EPS_TTM":0.231058317047,"OPERATE_INCOME_QOQ":17.027496117658,"NET_PROFIT_RATIO":19.3851460429,"ROE_AVG":4.216095899542,"GROSS_PROFIT_QOQ":23.178117048346,"ROA":3.45190677949,"HOLDER_PROFIT_QOQ":718.55272226051,"ROE_YEARLY":8.432191799084,"ROIC_YEARLY":13.246959157743,"TOTAL_ASSETS":1893471000,"TOTAL_LIABILITIES":320674000,"TAX_EBT":15.099393974881,"OCF_SALES":10.814758366673,"TOTAL_PARENT_EQUITY":1565126000,"DEBT_ASSET_RATIO":16.9357756205,"OPERATE_PROFIT":82200000,"PRETAX_PROFIT":68314000,"NETCASH_OPERATE":32357000,"NETCASH_INVEST":-21790000,"NETCASH_FINANCE":-19774000,"END_CASH":827466000,"DIVI_RATIO":0.747424296199,"DIVIDEND_RATE":1.938775510204,"CURRENT_RATIO":5.681548913266,"COMMON_ACS":2500000000,"CURRENTDEBT_DEBT":76.014269943931,"ISSUED_COMMON_SHARES":577303568,"HK_COMMON_SHARES":577303568,"PER_SHARES":1000,"TOTAL_MARKET_CAP":5657574966.4,"HKSK_MARKET_CAP":5657574966.4,"PE_TTM":22.777592900923,"PB_TTM":3.022132718593,"REPORT_DATE_SQ":"2022-06-30 00:00:00","REPORT_TYPE_SQ":"2022年中报","OPERATE_INCOME_SQ":205993000,"DPS_HKD":0.19,"OPERATE_INCOME_QOQ_SQ":10.023275922873,"NET_PROFIT_RATIO_SQ":-45.5010607157,"HOLDER_PROFIT_SQ":-92352000,"HOLDER_PROFIT_QOQ_SQ":-563.10715763343,"ROE_AVG_SQ":38.409981804003,"PE_TTM_SQ":45.749483615375,"PB_TTM_SQ":4.125631650587,"ROA_SQ":-6.706220529304,"START_DATE":"2023-01-01 00:00:00","FISCAL_YEAR":"12-31","CURRENCY":"HKD","IS_CNY_CODE":0,"DPS_HKD_LY":null,"ORG_TYPE":"一般企业","PREMIUM_INCOME":null,"PREMIUM_INCOME_YOY":null,"NET_INTEREST_INCOME":null,"NET_INTEREST_INCOME_YOY":null,"FEE_COMMISSION_INCOME":null,"FEE_COMMISSION_INCOME_YOY":null,"ACCOUNTS_RECE_TDAYS":6.453897343529,"INVENTORY_TDAYS":0.461875301441,"CURRENT_ASSETS_TDAYS":0.224147515291,"TOTAL_ASSETS_TDAYS":0.161269553111,"PREMIUM_EXPENSE":null,"LOAN_DEPOSIT":null,"LOAN_EQUITY":null,"LOAN_ASSETS":null,"DEPOSIT_EQUITY":null,"DEPOSIT_ASSETS":null,"EQUITY_MULTIPLIER":1.20388772359,"EQUITY_RATIO":0.204887018681},{"SECUCODE":"02172.HK","SECURITY_CODE":"02172","SECURITY_NAME_ABBR":"微创脑科学","ORG_CODE":"10000277145","STD_REPORT_DATE":"2022-12-31 00:00:00","REPORT_DATE":"2022-12-31 00:00:00","DATE_TYPE_CODE":"001","REPORT_TYPE":"2022年年报","PER_NETCASH_OPERATE":0.384098324558,"PER_OI":0.939401683423,"BPS":2.551175987189,"BASIC_EPS":-0.04,"DILUTED_EPS":-0.04,"OPERATE_INCOME":547350000,"OPERATE_INCOME_YOY":42.9862669443,"GROSS_PROFIT":393000000,"GROSS_PROFIT_YOY":31.722718649658,"HOLDER_PROFIT":-21765000,"HOLDER_PROFIT_YOY":-190.0496483244,"GROSS_PROFIT_RATIO":71.800493285832,"EPS_TTM":-0.037354668201,"OPERATE_INCOME_QOQ":29.960015955628,"NET_PROFIT_RATIO":-4.5086325021,"ROE_AVG":-3.353974957295,"GROSS_PROFIT_QOQ":26.696132382951,"ROA":-1.378691316937,"HOLDER_PROFIT_QOQ":80.55533220766,"ROE_YEARLY":-3.353974957295,"ROIC_YEARLY":-2.587133749406,"TOTAL_ASSETS":1817000000,"TOTAL_LIABILITIES":331349000,"TAX_EBT":-470.457697642164,"OCF_SALES":40.88754910021,"TOTAL_PARENT_EQUITY":1472803000,"DEBT_ASSET_RATIO":18.2360484315,"OPERATE_PROFIT":121715000,"PRETAX_PROFIT":-4326000,"NETCASH_OPERATE":223798000,"NETCASH_INVEST":-344523000,"NETCASH_FINANCE":329537000,"END_CASH":827929000,"DIVI_RATIO":-4.623213330975,"DIVIDEND_RATE":1.938775510204,"CURRENT_RATIO":5.269421657096,"COMMON_ACS":2500000000,"CURRENTDEBT_DEBT":73.578009892892,"ISSUED_COMMON_SHARES":577303568,"HK_COMMON_SHARES":577303568,"PER_SHARES":1000,"TOTAL_MARKET_CAP":5657574966.4,"HKSK_MARKET_CAP":5657574966.4,"PE_TTM":22.777592900923,"PB_TTM":3.022132718593,"REPORT_DATE_SQ":"2021-12-31 00:00:00","REPORT_TYPE_SQ":"2021年年报","OPERATE_INCOME_SQ":382799000,"DPS_HKD":0.19,"OPERATE_INCOME_QOQ_SQ":72.491810222465,"NET_PROFIT_RATIO_SQ":6.3140185842,"HOLDER_PROFIT_SQ":24170000,"HOLDER_PROFIT_QOQ_SQ":-46.629275509528,"ROE_AVG_SQ":24.421295126855,"PE_TTM_SQ":45.749483615375,"PB_TTM_SQ":4.125631650587,"ROA_SQ":2.273804864832,"START_DATE":"2022-01-01 00:00:00","FISCAL_YEAR":"12-31","CURRENCY":"HKD","IS_CNY_CODE":0,"DPS_HKD_LY":null,"ORG_TYPE":"一般企业","PREMIUM_INCOME":null,"PREMIUM_INCOME_YOY":null,"NET_INTEREST_INCOME":null,"NET_INTEREST_INCOME_YOY":null,"FEE_COMMISSION_INCOME":null,"FEE_COMMISSION_INCOME_YOY":null,"ACCOUNTS_RECE_TDAYS":7.923192727483,"INVENTORY_TDAYS":1.523053013296,"CURRENT_ASSETS_TDAYS":0.529137356749,"TOTAL_ASSETS_TDAYS":0.346715686802,"PREMIUM_EXPENSE":null,"LOAN_DEPOSIT":null,"LOAN_EQUITY":null,"LOAN_ASSETS":null,"DEPOSIT_EQUITY":null,"DEPOSIT_ASSETS":null,"EQUITY_MULTIPLIER":1.223032865727,"EQUITY_RATIO":0.22497849339},{"SECUCODE":"02172.HK","SECURITY_CODE":"02172","SECURITY_NAME_ABBR":"微创脑科学","ORG_CODE":"10000277145","STD_REPORT_DATE":"2022-06-30 00:00:00","REPORT_DATE":"2022-06-30 00:00:00","DATE_TYPE_CODE":"002","REPORT_TYPE":"2022年中报","PER_NETCASH_OPERATE":0.097729109438,"PER_OI":0.44645419233,"BPS":-0.529937829866,"BASIC_EPS":-0.2,"DILUTED_EPS":-0.2,"OPERATE_INCOME":205993000,"OPERATE_INCOME_YOY":22.8899202978,"GROSS_PROFIT":141547000,"GROSS_PROFIT_YOY":9.125742039935,"HOLDER_PROFIT":-92352000,"HOLDER_PROFIT_YOY":-311.0854609038,"GROSS_PROFIT_RATIO":68.714470880079,"EPS_TTM":-0.242595413971,"OPERATE_INCOME_QOQ":10.023275922873,"NET_PROFIT_RATIO":-45.5010607157,"ROE_AVG":38.409981804003,"GROSS_PROFIT_QOQ":3.967434658158,"ROA":-6.706220529304,"HOLDER_PROFIT_QOQ":-563.10715763343,"ROE_YEARLY":76.819963608006,"ROIC_YEARLY":-25.361917852234,"TOTAL_ASSETS":1413877000,"TOTAL_LIABILITIES":1705428000,"TAX_EBT":-5.639898562975,"OCF_SALES":21.890064225483,"TOTAL_PARENT_EQUITY":-305935000,"DEBT_ASSET_RATIO":120.6206763389,"OPERATE_PROFIT":13582000,"PRETAX_PROFIT":-88725000,"NETCASH_OPERATE":45092000,"NETCASH_INVEST":-80498000,"NETCASH_FINANCE":67897000,"END_CASH":640002000,"DIVI_RATIO":-0.711879079548,"DIVIDEND_RATE":1.938775510204,"CURRENT_RATIO":3.969719877755,"COMMON_ACS":2500000000,"CURRENTDEBT_DEBT":12.720619105585,"ISSUED_COMMON_SHARES":577303568,"HK_COMMON_SHARES":577303568,"PER_SHARES":1000,"TOTAL_MARKET_CAP":5657574966.4,"HKSK_MARKET_CAP":5657574966.4,"PE_TTM":22.777592900923,"PB_TTM":3.022132718593,"REPORT_DATE_SQ":"2021-06-30 00:00:00","REPORT_TYPE_SQ":"2021年中报","OPERATE_INCOME_SQ":167624000,"DPS_HKD":0.19,"OPERATE_INCOME_QOQ_SQ":0,"NET_PROFIT_RATIO_SQ":26.1006777072,"HOLDER_PROFIT_SQ":43751000,"HOLDER_PROFIT_QOQ_SQ":0,"ROE_AVG_SQ":null,"PE_TTM_SQ":45.749483615375,"PB_TTM_SQ":4.125631650587,"ROA_SQ":null,"START_DATE":"2022-01-01 00:00:00","FISCAL_YEAR":"12-31","CURRENCY":"HKD","IS_CNY_CODE":0,"DPS_HKD_LY":null,"ORG_TYPE":"一般企业","PREMIUM_INCOME":null,"PREMIUM_INCOME_YOY":null,"NET_INTEREST_INCOME":null,"NET_INTEREST_INCOME_YOY":null,"FEE_COMMISSION_INCOME":null,"FEE_COMMISSION_INCOME_YOY":null,"ACCOUNTS_RECE_TDAYS":2.4813052591,"INVENTORY_TDAYS":0.657531730808,"CURRENT_ASSETS_TDAYS":0.250394293247,"TOTAL_ASSETS_TDAYS":0.149583602466,"PREMIUM_EXPENSE":null,"LOAN_DEPOSIT":null,"LOAN_EQUITY":null,"LOAN_ASSETS":null,"DEPOSIT_EQUITY":null,"DEPOSIT_ASSETS":null,"EQUITY_MULTIPLIER":-4.849501459433,"EQUITY_RATIO":-5.574478238842},{"SECUCODE":"02172.HK","SECURITY_CODE":"02172","SECURITY_NAME_ABBR":"微创脑科学","ORG_CODE":"10000277145","STD_REPORT_DATE":"2021-12-31 00:00:00","REPORT_DATE":"2021-12-31 00:00:00","DATE_TYPE_CODE":"001","REPORT_TYPE":"2021年年报","PER_NETCASH_OPERATE":0.334524478067,"PER_OI":0.813537194767,"BPS":-0.303029479977,"BASIC_EPS":0.05,"DILUTED_EPS":0.05,"OPERATE_INCOME":382799000,"OPERATE_INCOME_YOY":72.4918102225,"GROSS_PROFIT":298354000,"GROSS_PROFIT_YOY":81.058725718066,"HOLDER_PROFIT":24170000,"HOLDER_PROFIT_YOY":-46.6292755095,"GROSS_PROFIT_RATIO":77.940120010763,"EPS_TTM":0.051366889667,"OPERATE_INCOME_QOQ":72.491810222465,"NET_PROFIT_RATIO":6.3140185842,"ROE_AVG":24.421295126855,"GROSS_PROFIT_QOQ":81.058725718066,"ROA":2.273804864832,"HOLDER_PROFIT_QOQ":-46.629275509528,"ROE_YEARLY":24.421295126855,"ROIC_YEARLY":4.36607862193,"TOTAL_ASSETS":1340342000,"TOTAL_LIABILITIES":1515282000,"TAX_EBT":24.239099771181,"OCF_SALES":41.119752141463,"TOTAL_PARENT_EQUITY":-174940000,"DEBT_ASSET_RATIO":113.0518927259,"OPERATE_PROFIT":84729000,"PRETAX_PROFIT":31903000,"NETCASH_OPERATE":157406000,"NETCASH_INVEST":-186790000,"NETCASH_FINANCE":200746000,"END_CASH":593287000,"DIVI_RATIO":3.362060679957,"DIVIDEND_RATE":1.938775510204,"CURRENT_RATIO":4.50119970151,"COMMON_ACS":2500000000,"CURRENTDEBT_DEBT":11.496869889565,"ISSUED_COMMON_SHARES":577303568,"HK_COMMON_SHARES":577303568,"PER_SHARES":1000,"TOTAL_MARKET_CAP":5657574966.4,"HKSK_MARKET_CAP":5657574966.4,"PE_TTM":22.777592900923,"PB_TTM":3.022132718593,"REPORT_DATE_SQ":"2020-12-31 00:00:00","REPORT_TYPE_SQ":"2020年年报","OPERATE_INCOME_SQ":221923000,"DPS_HKD":0.19,"OPERATE_INCOME_QOQ_SQ":20.794143261485,"NET_PROFIT_RATIO_SQ":20.406627524,"HOLDER_PROFIT_SQ":45287000,"HOLDER_PROFIT_QOQ_SQ":-3.593400745077,"ROE_AVG_SQ":16.740721573266,"PE_TTM_SQ":45.749483615375,"PB_TTM_SQ":4.125631650587,"ROA_SQ":8.084524491716,"START_DATE":"2021-01-01 00:00:00","FISCAL_YEAR":"12-31","CURRENCY":"HKD","IS_CNY_CODE":0,"DPS_HKD_LY":null,"ORG_TYPE":"一般企业","PREMIUM_INCOME":null,"PREMIUM_INCOME_YOY":null,"NET_INTEREST_INCOME":null,"NET_INTEREST_INCOME_YOY":null,"FEE_COMMISSION_INCOME":null,"FEE_COMMISSION_INCOME_YOY":null,"ACCOUNTS_RECE_TDAYS":4.71677119657,"INVENTORY_TDAYS":1.181338089742,"CURRENT_ASSETS_TDAYS":0.578220456943,"TOTAL_ASSETS_TDAYS":0.36012007797,"PREMIUM_EXPENSE":null,"LOAN_DEPOSIT":null,"LOAN_EQUITY":null,"LOAN_ASSETS":null,"DEPOSIT_EQUITY":null,"DEPOSIT_ASSETS":null,"EQUITY_MULTIPLIER":-7.661724019656,"EQUITY_RATIO":-8.661724019664},{"SECUCODE":"02172.HK","SECURITY_CODE":"02172","SECURITY_NAME_ABBR":"微创脑科学","ORG_CODE":"10000277145","STD_REPORT_DATE":"2021-06-30 00:00:00","REPORT_DATE":"2021-06-30 00:00:00","DATE_TYPE_CODE":"002","REPORT_TYPE":"2021年中报","PER_NETCASH_OPERATE":null,"PER_OI":null,"BPS":null,"BASIC_EPS":0.09,"DILUTED_EPS":0.09,"OPERATE_INCOME":167624000,"OPERATE_INCOME_YOY":null,"GROSS_PROFIT":129710000,"GROSS_PROFIT_YOY":null,"HOLDER_PROFIT":43751000,"HOLDER_PROFIT_YOY":null,"GROSS_PROFIT_RATIO":77.381520545984,"EPS_TTM":0.000093023295,"OPERATE_INCOME_QOQ":0,"NET_PROFIT_RATIO":26.1006777072,"ROE_AVG":null,"GROSS_PROFIT_QOQ":0,"ROA":null,"HOLDER_PROFIT_QOQ":0,"ROE_YEARLY":null,"ROIC_YEARLY":null,"TOTAL_ASSETS":null,"TOTAL_LIABILITIES":null,"TAX_EBT":8.770356777947,"OCF_SALES":36.427361237054,"TOTAL_PARENT_EQUITY":null,"DEBT_ASSET_RATIO":null,"OPERATE_PROFIT":63461000,"PRETAX_PROFIT":47957000,"NETCASH_OPERATE":61061000,"NETCASH_INVEST":-142754000,"NETCASH_FINANCE":80758000,"END_CASH":422312000,"DIVI_RATIO":1856.50917694398,"DIVIDEND_RATE":1.938775510204,"CURRENT_RATIO":null,"COMMON_ACS":2500000000,"CURRENTDEBT_DEBT":null,"ISSUED_COMMON_SHARES":577303568,"HK_COMMON_SHARES":577303568,"PER_SHARES":1000,"TOTAL_MARKET_CAP":5657574966.4,"HKSK_MARKET_CAP":5657574966.4,"PE_TTM":22.777592900923,"PB_TTM":3.022132718593,"REPORT_DATE_SQ":"2020-06-30 00:00:00","REPORT_TYPE_SQ":"2020年中报","OPERATE_INCOME_SQ":null,"DPS_HKD":0.19,"OPERATE_INCOME_QOQ_SQ":0,"NET_PROFIT_RATIO_SQ":null,"HOLDER_PROFIT_SQ":null,"HOLDER_PROFIT_QOQ_SQ":0,"ROE_AVG_SQ":null,"PE_TTM_SQ":45.749483615375,"PB_TTM_SQ":4.125631650587,"ROA_SQ":null,"START_DATE":"2021-01-01 00:00:00","FISCAL_YEAR":"12-31","CURRENCY":"HKD","IS_CNY_CODE":0,"DPS_HKD_LY":null,"ORG_TYPE":"一般企业","PREMIUM_INCOME":null,"PREMIUM_INCOME_YOY":null,"NET_INTEREST_INCOME":null,"NET_INTEREST_INCOME_YOY":null,"FEE_COMMISSION_INCOME":null,"FEE_COMMISSION_INCOME_YOY":null,"ACCOUNTS_RECE_TDAYS":null,"INVENTORY_TDAYS":null,"CURRENT_ASSETS_TDAYS":0.620938868875,"TOTAL_ASSETS_TDAYS":0.426735912221,"PREMIUM_EXPENSE":null,"LOAN_DEPOSIT":null,"LOAN_EQUITY":null,"LOAN_ASSETS":null,"DEPOSIT_EQUITY":null,"DEPOSIT_ASSETS":null,"EQUITY_MULTIPLIER":null,"EQUITY_RATIO":null},{"SECUCODE":"02172.HK","SECURITY_CODE":"02172","SECURITY_NAME_ABBR":"微创脑科学","ORG_CODE":"10000277145","STD_REPORT_DATE":"2020-12-31 00:00:00","REPORT_DATE":"2020-12-31 00:00:00","DATE_TYPE_CODE":"001","REPORT_TYPE":"2020年年报","PER_NETCASH_OPERATE":0.000097022596,"PER_OI":0.000455848446,"BPS":0.645902815553,"BASIC_EPS":0.1,"DILUTED_EPS":0.1,"OPERATE_INCOME":221923000,"OPERATE_INCOME_YOY":20.7941432615,"GROSS_PROFIT":164783000,"GROSS_PROFIT_YOY":12.515192483647,"HOLDER_PROFIT":45287000,"HOLDER_PROFIT_YOY":-3.5934007451,"GROSS_PROFIT_RATIO":74.252330763373,"EPS_TTM":0.000093023295,"OPERATE_INCOME_QOQ":20.794143261485,"NET_PROFIT_RATIO":20.406627524,"ROE_AVG":16.740721573266,"GROSS_PROFIT_QOQ":12.515192483647,"ROA":8.084524491716,"HOLDER_PROFIT_QOQ":-3.593400745077,"ROE_YEARLY":16.740721573266,"ROIC_YEARLY":13.465569685743,"TOTAL_ASSETS":785610000,"TOTAL_LIABILITIES":412728000,"TAX_EBT":11.887853376656,"OCF_SALES":21.283958850592,"TOTAL_PARENT_EQUITY":372882000,"DEBT_ASSET_RATIO":52.5359911406,"OPERATE_PROFIT":null,"PRETAX_PROFIT":51397000,"NETCASH_OPERATE":47234000,"NETCASH_INVEST":-73037000,"NETCASH_FINANCE":431884000,"END_CASH":425493000,"DIVI_RATIO":1856.50917694398,"DIVIDEND_RATE":1.938775510204,"CURRENT_RATIO":5.697965257403,"COMMON_ACS":2500000000,"CURRENTDEBT_DEBT":22.95797716656,"ISSUED_COMMON_SHARES":577303568,"HK_COMMON_SHARES":577303568,"PER_SHARES":1000,"TOTAL_MARKET_CAP":5657574966.4,"HKSK_MARKET_CAP":5657574966.4,"PE_TTM":22.777592900923,"PB_TTM":3.022132718593,"REPORT_DATE_SQ":"2019-12-31 00:00:00","REPORT_TYPE_SQ":"2019年年报","OPERATE_INCOME_SQ":183720000,"DPS_HKD":0.19,"OPERATE_INCOME_QOQ_SQ":48.045480551504,"NET_PROFIT_RATIO_SQ":25.5688003484,"HOLDER_PROFIT_SQ":46975000,"HOLDER_PROFIT_QOQ_SQ":60.505005637749,"ROE_AVG_SQ":32.566910355203,"PE_TTM_SQ":45.749483615375,"PB_TTM_SQ":4.125631650587,"ROA_SQ":17.980448295924,"START_DATE":"2020-01-01 00:00:00","FISCAL_YEAR":"12-31","CURRENCY":"HKD","IS_CNY_CODE":0,"DPS_HKD_LY":null,"ORG_TYPE":"一般企业","PREMIUM_INCOME":null,"PREMIUM_INCOME_YOY":null,"NET_INTEREST_INCOME":null,"NET_INTEREST_INCOME_YOY":null,"FEE_COMMISSION_INCOME":null,"FEE_COMMISSION_INCOME_YOY":null,"ACCOUNTS_RECE_TDAYS":3.670241708081,"INVENTORY_TDAYS":1.228843631046,"CURRENT_ASSETS_TDAYS":0.670834133122,"TOTAL_ASSETS_TDAYS":0.396171512526,"PREMIUM_EXPENSE":null,"LOAN_DEPOSIT":null,"LOAN_EQUITY":null,"LOAN_ASSETS":null,"DEPOSIT_EQUITY":null,"DEPOSIT_ASSETS":null,"EQUITY_MULTIPLIER":2.106859542695,"EQUITY_RATIO":1.106859542697},{"SECUCODE":"02172.HK","SECURITY_CODE":"02172","SECURITY_NAME_ABBR":"微创脑科学","ORG_CODE":"10000277145","STD_REPORT_DATE":"2019-12-31 00:00:00","REPORT_DATE":"2019-12-31 00:00:00","DATE_TYPE_CODE":"001","REPORT_TYPE":"2019年年报","PER_NETCASH_OPERATE":0.000147738964,"PER_OI":0.000479128024,"BPS":0.291281761141,"BASIC_EPS":0.11,"DILUTED_EPS":0.11,"OPERATE_INCOME":183720000,"OPERATE_INCOME_YOY":48.0454805515,"GROSS_PROFIT":146454000,"GROSS_PROFIT_YOY":38.554980558368,"HOLDER_PROFIT":46975000,"HOLDER_PROFIT_YOY":60.5050056377,"GROSS_PROFIT_RATIO":79.715871979099,"EPS_TTM":0.000122507288,"OPERATE_INCOME_QOQ":48.045480551504,"NET_PROFIT_RATIO":25.5688003484,"ROE_AVG":32.566910355203,"GROSS_PROFIT_QOQ":38.554980558367,"ROA":17.980448295924,"HOLDER_PROFIT_QOQ":60.505005637749,"ROE_YEARLY":32.566910355203,"ROIC_YEARLY":18.994917166391,"TOTAL_ASSETS":334728000,"TOTAL_LIABILITIES":166570000,"TAX_EBT":10.371868500887,"OCF_SALES":30.834966252994,"TOTAL_PARENT_EQUITY":168158000,"DEBT_ASSET_RATIO":49.7627924763,"OPERATE_PROFIT":null,"PRETAX_PROFIT":52411000,"NETCASH_OPERATE":56650000,"NETCASH_INVEST":-49799000,"NETCASH_FINANCE":9665000,"END_CASH":22211000,"DIVI_RATIO":1409.70062296046,"DIVIDEND_RATE":1.938775510204,"CURRENT_RATIO":0.802817458747,"COMMON_ACS":2500000000,"CURRENTDEBT_DEBT":91.028396469953,"ISSUED_COMMON_SHARES":577303568,"HK_COMMON_SHARES":577303568,"PER_SHARES":1000,"TOTAL_MARKET_CAP":5657574966.4,"HKSK_MARKET_CAP":5657574966.4,"PE_TTM":22.777592900923,"PB_TTM":3.022132718593,"REPORT_DATE_SQ":"2018-12-31 00:00:00","REPORT_TYPE_SQ":"2018年年报","OPERATE_INCOME_SQ":124097000,"DPS_HKD":0.19,"OPERATE_INCOME_QOQ_SQ":null,"NET_PROFIT_RATIO_SQ":23.5839706036,"HOLDER_PROFIT_SQ":29267000,"HOLDER_PROFIT_QOQ_SQ":null,"ROE_AVG_SQ":24.32329108664,"PE_TTM_SQ":45.749483615375,"PB_TTM_SQ":4.125631650587,"ROA_SQ":15.585459890087,"START_DATE":"2019-01-01 00:00:00","FISCAL_YEAR":"12-31","CURRENCY":"HKD","IS_CNY_CODE":0,"DPS_HKD_LY":null,"ORG_TYPE":"一般企业","PREMIUM_INCOME":null,"PREMIUM_INCOME_YOY":null,"NET_INTEREST_INCOME":null,"NET_INTEREST_INCOME_YOY":null,"FEE_COMMISSION_INCOME":null,"FEE_COMMISSION_INCOME_YOY":null,"ACCOUNTS_RECE_TDAYS":3.536443345107,"INVENTORY_TDAYS":1.427925511533,"CURRENT_ASSETS_TDAYS":1.996923963196,"TOTAL_ASSETS_TDAYS":0.703218299293,"PREMIUM_EXPENSE":null,"LOAN_DEPOSIT":null,"LOAN_EQUITY":null,"LOAN_ASSETS":null,"DEPOSIT_EQUITY":null,"DEPOSIT_ASSETS":null,"EQUITY_MULTIPLIER":1.990556500435,"EQUITY_RATIO":0.990556500434}],"count":10},"success":true,"message":"ok","code":0}