{"version":"e69cffe7ca7f56e0a225c20099710f5d","result":{"pages":4,"data":[{"SECUCODE":"02178.HK","SECURITY_CODE":"02178","SECURITY_NAME_ABBR":"百勤油服","ORG_CODE":"10327354","STD_REPORT_DATE":"2024-06-30 00:00:00","REPORT_DATE":"2024-06-30 00:00:00","DATE_TYPE_CODE":"002","REPORT_TYPE":"2024年中报","PER_NETCASH_OPERATE":-0.000803965156,"PER_OI":0.087695102626,"BPS":0.099796337525,"BASIC_EPS":-0.000182536,"DILUTED_EPS":-0.000182536,"OPERATE_INCOME":151420913.44,"OPERATE_INCOME_YOY":60.7402024899,"GROSS_PROFIT":129727422.52,"GROSS_PROFIT_YOY":55.900907224235,"HOLDER_PROFIT":-360508.6,"HOLDER_PROFIT_YOY":97.6918132414,"GROSS_PROFIT_RATIO":85.673385249656,"EPS_TTM":-0.029651733238,"OPERATE_INCOME_QOQ":19.71816582398,"NET_PROFIT_RATIO":-0.2483304,"ROE_AVG":-0.210312780362,"GROSS_PROFIT_QOQ":19.240516230346,"ROA":-0.056185089331,"HOLDER_PROFIT_QOQ":23.14351116964,"ROE_YEARLY":-0.420625560723,"ROIC_YEARLY":-0.117791425679,"TOTAL_ASSETS":633451030.08,"TOTAL_LIABILITIES":457205220.64,"TAX_EBT":169.360269360269,"OCF_SALES":-0.916773151385,"TOTAL_PARENT_EQUITY":172315809.36,"DEBT_ASSET_RATIO":72.1768848623,"OPERATE_PROFIT":6969224.48,"PRETAX_PROFIT":542131.92,"NETCASH_OPERATE":-1388186.28,"NETCASH_INVEST":12101224.12,"NETCASH_FINANCE":-6744705.2,"END_CASH":27185999.16,"DIVI_RATIO":null,"DIVIDEND_RATE":null,"CURRENT_RATIO":1.033468807247,"COMMON_ACS":10000000000,"CURRENTDEBT_DEBT":86.740340314763,"ISSUED_COMMON_SHARES":1726674682,"HK_COMMON_SHARES":1726674682,"PER_SHARES":1000,"TOTAL_MARKET_CAP":112233854.33,"HKSK_MARKET_CAP":112233854.33,"PE_TTM":-1.976226481371,"PB_TTM":0.594452677037,"REPORT_DATE_SQ":"2023-06-30 00:00:00","REPORT_TYPE_SQ":"2023年中报","OPERATE_INCOME_SQ":95162165.7,"DPS_HKD":null,"OPERATE_INCOME_QOQ_SQ":13.488648199726,"NET_PROFIT_RATIO_SQ":-17.4131666909,"HOLDER_PROFIT_SQ":-15777843.74,"HOLDER_PROFIT_QOQ_SQ":64.54740624703,"ROE_AVG_SQ":-6.94000040554,"PE_TTM_SQ":-16.667161904726,"PB_TTM_SQ":0.560693774203,"ROA_SQ":-2.209781378463,"START_DATE":"2024-01-01 00:00:00","FISCAL_YEAR":"12-31","CURRENCY":"HKD","IS_CNY_CODE":0,"DPS_HKD_LY":null,"ORG_TYPE":"一般企业","PREMIUM_INCOME":null,"PREMIUM_INCOME_YOY":null,"NET_INTEREST_INCOME":null,"NET_INTEREST_INCOME_YOY":null,"FEE_COMMISSION_INCOME":null,"FEE_COMMISSION_INCOME_YOY":null,"ACCOUNTS_RECE_TDAYS":0.884668092163,"INVENTORY_TDAYS":1.385785914179,"CURRENT_ASSETS_TDAYS":0.366771527168,"TOTAL_ASSETS_TDAYS":0.235988754448,"PREMIUM_EXPENSE":null,"LOAN_DEPOSIT":null,"LOAN_EQUITY":null,"LOAN_ASSETS":null,"DEPOSIT_EQUITY":null,"DEPOSIT_ASSETS":null,"EQUITY_MULTIPLIER":3.594133852557,"EQUITY_RATIO":2.653298164214},{"SECUCODE":"02178.HK","SECURITY_CODE":"02178","SECURITY_NAME_ABBR":"百勤油服","ORG_CODE":"10327354","STD_REPORT_DATE":"2023-12-31 00:00:00","REPORT_DATE":"2023-12-31 00:00:00","DATE_TYPE_CODE":"001","REPORT_TYPE":"2023年年报","PER_NETCASH_OPERATE":-0.015066974706,"PER_OI":0.165239177811,"BPS":0.098054473228,"BASIC_EPS":-0.03896746,"DILUTED_EPS":-0.03896746,"OPERATE_INCOME":285314304.8,"OPERATE_INCOME_YOY":0.340694328,"GROSS_PROFIT":241760465.38,"GROSS_PROFIT_YOY":11.339619654959,"HOLDER_PROFIT":-66616232.2,"HOLDER_PROFIT_YOY":-157.1358612005,"GROSS_PROFIT_RATIO":84.734785923009,"EPS_TTM":-0.038580650365,"OPERATE_INCOME_QOQ":-10.30348432685,"NET_PROFIT_RATIO":-23.7380891882,"ROE_AVG":-33.19672593847,"GROSS_PROFIT_QOQ":-3.035438277015,"ROA":-9.575211521516,"HOLDER_PROFIT_QOQ":-635.809734616193,"ROE_YEARLY":-33.19672593847,"ROIC_YEARLY":-10.075694494416,"TOTAL_ASSETS":645238608.42,"TOTAL_LIABILITIES":472010124.32,"TAX_EBT":-4.663408349322,"OCF_SALES":-9.118282302122,"TOTAL_PARENT_EQUITY":169308176.38,"DEBT_ASSET_RATIO":73.1528024146,"OPERATE_PROFIT":-62104162.82,"PRETAX_PROFIT":-64710451.54,"NETCASH_OPERATE":-26015763.76,"NETCASH_INVEST":39515723.1,"NETCASH_FINANCE":-26727146.46,"END_CASH":23828148.68,"DIVI_RATIO":null,"DIVIDEND_RATE":null,"CURRENT_RATIO":1.051957527077,"COMMON_ACS":10000000000,"CURRENTDEBT_DEBT":83.155997051008,"ISSUED_COMMON_SHARES":1726674682,"HK_COMMON_SHARES":1726674682,"PER_SHARES":1000,"TOTAL_MARKET_CAP":100147131.556,"HKSK_MARKET_CAP":100147131.556,"PE_TTM":-1.763402091069,"PB_TTM":0.530434696433,"REPORT_DATE_SQ":"2022-12-31 00:00:00","REPORT_TYPE_SQ":"2022年年报","OPERATE_INCOME_SQ":280282221.17,"DPS_HKD":null,"OPERATE_INCOME_QOQ_SQ":109.928234693259,"NET_PROFIT_RATIO_SQ":-8.7771017717,"HOLDER_PROFIT_SQ":-25536802.76,"HOLDER_PROFIT_QOQ_SQ":70.734191960229,"ROE_AVG_SQ":-10.547948743492,"PE_TTM_SQ":-14.935508719819,"PB_TTM_SQ":0.502439875584,"ROA_SQ":-3.712963552226,"START_DATE":"2023-01-01 00:00:00","FISCAL_YEAR":"12-31","CURRENCY":"HKD","IS_CNY_CODE":0,"DPS_HKD_LY":null,"ORG_TYPE":"一般企业","PREMIUM_INCOME":null,"PREMIUM_INCOME_YOY":null,"NET_INTEREST_INCOME":null,"NET_INTEREST_INCOME_YOY":null,"FEE_COMMISSION_INCOME":null,"FEE_COMMISSION_INCOME_YOY":null,"ACCOUNTS_RECE_TDAYS":1.476856683827,"INVENTORY_TDAYS":2.833785377358,"CURRENT_ASSETS_TDAYS":0.693010028439,"TOTAL_ASSETS_TDAYS":0.4101019719,"PREMIUM_EXPENSE":null,"LOAN_DEPOSIT":null,"LOAN_EQUITY":null,"LOAN_ASSETS":null,"DEPOSIT_EQUITY":null,"DEPOSIT_ASSETS":null,"EQUITY_MULTIPLIER":3.724783552619,"EQUITY_RATIO":2.787875543947},{"SECUCODE":"02178.HK","SECURITY_CODE":"02178","SECURITY_NAME_ABBR":"百勤油服","ORG_CODE":"10327354","STD_REPORT_DATE":"2023-06-30 00:00:00","REPORT_DATE":"2023-06-30 00:00:00","DATE_TYPE_CODE":"002","REPORT_TYPE":"2023年中报","PER_NETCASH_OPERATE":-0.004829159312,"PER_OI":0.055112967539,"BPS":0.12661538841,"BASIC_EPS":-0.0092198,"DILUTED_EPS":-0.0092198,"OPERATE_INCOME":95162165.7,"OPERATE_INCOME_YOY":53.8960458043,"GROSS_PROFIT":83211460.94,"GROSS_PROFIT_YOY":63.09373704899,"HOLDER_PROFIT":-15777843.74,"HOLDER_PROFIT_YOY":54.6363058,"GROSS_PROFIT_RATIO":87.441747807974,"EPS_TTM":-0.005243291649,"OPERATE_INCOME_QOQ":13.488648199726,"NET_PROFIT_RATIO":-17.4131666909,"ROE_AVG":-6.94000040554,"GROSS_PROFIT_QOQ":14.825063586675,"ROA":-2.209781378463,"HOLDER_PROFIT_QOQ":64.54740624703,"ROE_YEARLY":-13.880000811079,"ROIC_YEARLY":-4.636774064628,"TOTAL_ASSETS":668831029.42,"TOTAL_LIABILITIES":445892577.5,"TAX_EBT":2.553675992193,"OCF_SALES":-8.762292302475,"TOTAL_PARENT_EQUITY":218623585.52,"DEBT_ASSET_RATIO":66.6674478136,"OPERATE_PROFIT":-9908519.06,"PRETAX_PROFIT":-17004999.12,"NETCASH_OPERATE":-8338387.12,"NETCASH_INVEST":8176118.64,"NETCASH_FINANCE":-15724368.9,"END_CASH":20493771.44,"DIVI_RATIO":null,"DIVIDEND_RATE":null,"CURRENT_RATIO":1.044520766264,"COMMON_ACS":10000000000,"CURRENTDEBT_DEBT":77.844611010597,"ISSUED_COMMON_SHARES":1726674682,"HK_COMMON_SHARES":1726674682,"PER_SHARES":1000,"TOTAL_MARKET_CAP":100147131.556,"HKSK_MARKET_CAP":100147131.556,"PE_TTM":-1.763402091069,"PB_TTM":0.530434696433,"REPORT_DATE_SQ":"2022-06-30 00:00:00","REPORT_TYPE_SQ":"2022年中报","OPERATE_INCOME_SQ":57355882.92,"DPS_HKD":null,"OPERATE_INCOME_QOQ_SQ":-0.407332840362,"NET_PROFIT_RATIO_SQ":-55.7926283772,"HOLDER_PROFIT_SQ":-32261187.56,"HOLDER_PROFIT_QOQ_SQ":-30.494275836829,"ROE_AVG_SQ":-14.204382860155,"PE_TTM_SQ":-14.935508719819,"PB_TTM_SQ":0.502439875584,"ROA_SQ":-5.713238556939,"START_DATE":"2023-01-01 00:00:00","FISCAL_YEAR":"12-31","CURRENCY":"HKD","IS_CNY_CODE":0,"DPS_HKD_LY":null,"ORG_TYPE":"一般企业","PREMIUM_INCOME":null,"PREMIUM_INCOME_YOY":null,"NET_INTEREST_INCOME":null,"NET_INTEREST_INCOME_YOY":null,"FEE_COMMISSION_INCOME":null,"FEE_COMMISSION_INCOME_YOY":null,"ACCOUNTS_RECE_TDAYS":0.495611213015,"INVENTORY_TDAYS":0.984356014581,"CURRENT_ASSETS_TDAYS":0.243941925679,"TOTAL_ASSETS_TDAYS":0.133280304434,"PREMIUM_EXPENSE":null,"LOAN_DEPOSIT":null,"LOAN_EQUITY":null,"LOAN_ASSETS":null,"DEPOSIT_EQUITY":null,"DEPOSIT_ASSETS":null,"EQUITY_MULTIPLIER":3.000070304872,"EQUITY_RATIO":2.039544710784},{"SECUCODE":"02178.HK","SECURITY_CODE":"02178","SECURITY_NAME_ABBR":"百勤油服","ORG_CODE":"10327354","STD_REPORT_DATE":"2022-12-31 00:00:00","REPORT_DATE":"2022-12-31 00:00:00","DATE_TYPE_CODE":"001","REPORT_TYPE":"2022年年报","PER_NETCASH_OPERATE":0.009859378745,"PER_OI":0.16232485719,"BPS":0.132461669129,"BASIC_EPS":-0.01518559,"DILUTED_EPS":-0.01518559,"OPERATE_INCOME":280282221.17,"OPERATE_INCOME_YOY":91.3622863137,"GROSS_PROFIT":217137858.14,"GROSS_PROFIT_YOY":74.127702654761,"HOLDER_PROFIT":-25536802.76,"HOLDER_PROFIT_YOY":65.0449348903,"GROSS_PROFIT_RATIO":77.471149341399,"EPS_TTM":-0.014789585454,"OPERATE_INCOME_QOQ":109.928234693259,"NET_PROFIT_RATIO":-8.7771017717,"ROE_AVG":-10.547948743492,"GROSS_PROFIT_QOQ":74.704764115184,"ROA":-3.712963552226,"HOLDER_PROFIT_QOQ":70.734191960229,"ROE_YEARLY":-10.547948743492,"ROIC_YEARLY":-3.907840148724,"TOTAL_ASSETS":735529237.24,"TOTAL_LIABILITIES":501729213.79,"TAX_EBT":-3.076577588143,"OCF_SALES":6.073856411204,"TOTAL_PARENT_EQUITY":228718210.42,"DEBT_ASSET_RATIO":68.2133609906,"OPERATE_PROFIT":-21726112.94,"PRETAX_PROFIT":-23866387.86,"NETCASH_OPERATE":17023939.66,"NETCASH_INVEST":24313916.13,"NETCASH_FINANCE":-25463554.62,"END_CASH":35694175.93,"DIVI_RATIO":null,"DIVIDEND_RATE":null,"CURRENT_RATIO":1.060173938279,"COMMON_ACS":10000000000,"CURRENTDEBT_DEBT":76.071834880189,"ISSUED_COMMON_SHARES":1726674682,"HK_COMMON_SHARES":1726674682,"PER_SHARES":1000,"TOTAL_MARKET_CAP":100147131.556,"HKSK_MARKET_CAP":100147131.556,"PE_TTM":-1.763402091069,"PB_TTM":0.530434696433,"REPORT_DATE_SQ":"2021-12-31 00:00:00","REPORT_TYPE_SQ":"2021年年报","OPERATE_INCOME_SQ":134059419.2,"DPS_HKD":null,"OPERATE_INCOME_QOQ_SQ":-56.102407202168,"NET_PROFIT_RATIO_SQ":-46.7972213921,"HOLDER_PROFIT_SQ":-66867416,"HOLDER_PROFIT_QOQ_SQ":-10.161844213761,"ROE_AVG_SQ":-26.471449771893,"PE_TTM_SQ":-14.935508719819,"PB_TTM_SQ":0.502439875584,"ROA_SQ":-9.426693153848,"START_DATE":"2022-01-01 00:00:00","FISCAL_YEAR":"12-31","CURRENCY":"HKD","IS_CNY_CODE":0,"DPS_HKD_LY":null,"ORG_TYPE":"一般企业","PREMIUM_INCOME":null,"PREMIUM_INCOME_YOY":null,"NET_INTEREST_INCOME":null,"NET_INTEREST_INCOME_YOY":null,"FEE_COMMISSION_INCOME":null,"FEE_COMMISSION_INCOME_YOY":null,"ACCOUNTS_RECE_TDAYS":1.547030270459,"INVENTORY_TDAYS":3.799666738336,"CURRENT_ASSETS_TDAYS":0.739664833442,"TOTAL_ASSETS_TDAYS":0.407520738333,"PREMIUM_EXPENSE":null,"LOAN_DEPOSIT":null,"LOAN_EQUITY":null,"LOAN_ASSETS":null,"DEPOSIT_EQUITY":null,"DEPOSIT_ASSETS":null,"EQUITY_MULTIPLIER":3.145975891645,"EQUITY_RATIO":2.193656608578},{"SECUCODE":"02178.HK","SECURITY_CODE":"02178","SECURITY_NAME_ABBR":"百勤油服","ORG_CODE":"10327354","STD_REPORT_DATE":"2022-06-30 00:00:00","REPORT_DATE":"2022-06-30 00:00:00","DATE_TYPE_CODE":"002","REPORT_TYPE":"2022年中报","PER_NETCASH_OPERATE":0.004827508631,"PER_OI":0.033217538612,"BPS":0.121417265398,"BASIC_EPS":-0.01881418,"DILUTED_EPS":-0.01881418,"OPERATE_INCOME":57355882.92,"OPERATE_INCOME_YOY":-3.6199290097,"GROSS_PROFIT":51020635.4,"GROSS_PROFIT_YOY":-0.800842518011,"HOLDER_PROFIT":-32261187.56,"HOLDER_PROFIT_YOY":-164.432917426,"GROSS_PROFIT_RATIO":88.954493946442,"EPS_TTM":-0.050535373681,"OPERATE_INCOME_QOQ":-0.407332840362,"NET_PROFIT_RATIO":-55.7926283772,"ROE_AVG":-14.204382860155,"GROSS_PROFIT_QOQ":-0.330306653826,"ROA":-5.713238556939,"HOLDER_PROFIT_QOQ":-30.494275836829,"ROE_YEARLY":-28.40876572031,"ROIC_YEARLY":-11.942027792661,"TOTAL_ASSETS":516613437.48,"TOTAL_LIABILITIES":302773177.98,"TAX_EBT":0.28513563929,"OCF_SALES":14.533011272142,"TOTAL_PARENT_EQUITY":209648118.12,"DEBT_ASSET_RATIO":58.6072982261,"OPERATE_PROFIT":-24914250.27,"PRETAX_PROFIT":-32091859.94,"NETCASH_OPERATE":8335536.93,"NETCASH_INVEST":15375461.01,"NETCASH_FINANCE":-28112660.87,"END_CASH":17929058.35,"DIVI_RATIO":null,"DIVIDEND_RATE":null,"CURRENT_RATIO":1.055495081506,"COMMON_ACS":10000000000,"CURRENTDEBT_DEBT":84.330955084425,"ISSUED_COMMON_SHARES":1726674682,"HK_COMMON_SHARES":1726674682,"PER_SHARES":1000,"TOTAL_MARKET_CAP":100147131.556,"HKSK_MARKET_CAP":100147131.556,"PE_TTM":-1.763402091069,"PB_TTM":0.530434696433,"REPORT_DATE_SQ":"2021-06-30 00:00:00","REPORT_TYPE_SQ":"2021年中报","OPERATE_INCOME_SQ":57901950.96,"DPS_HKD":null,"OPERATE_INCOME_QOQ_SQ":-6.945119568658,"NET_PROFIT_RATIO_SQ":-5.8774163469,"HOLDER_PROFIT_SQ":-11870453.28,"HOLDER_PROFIT_QOQ_SQ":1.239015703043,"ROE_AVG_SQ":-4.210277788025,"PE_TTM_SQ":-14.935508719819,"PB_TTM_SQ":0.502439875584,"ROA_SQ":-1.527682144452,"START_DATE":"2022-01-01 00:00:00","FISCAL_YEAR":"12-31","CURRENCY":"HKD","IS_CNY_CODE":0,"DPS_HKD_LY":null,"ORG_TYPE":"一般企业","PREMIUM_INCOME":null,"PREMIUM_INCOME_YOY":null,"NET_INTEREST_INCOME":null,"NET_INTEREST_INCOME_YOY":null,"FEE_COMMISSION_INCOME":null,"FEE_COMMISSION_INCOME_YOY":null,"ACCOUNTS_RECE_TDAYS":0.427160226484,"INVENTORY_TDAYS":0.326804305629,"CURRENT_ASSETS_TDAYS":0.188774784994,"TOTAL_ASSETS_TDAYS":0.101573397184,"PREMIUM_EXPENSE":null,"LOAN_DEPOSIT":null,"LOAN_EQUITY":null,"LOAN_ASSETS":null,"DEPOSIT_EQUITY":null,"DEPOSIT_ASSETS":null,"EQUITY_MULTIPLIER":2.415884823036,"EQUITY_RATIO":1.444196974889},{"SECUCODE":"02178.HK","SECURITY_CODE":"02178","SECURITY_NAME_ABBR":"百勤油服","ORG_CODE":"10327354","STD_REPORT_DATE":"2021-12-31 00:00:00","REPORT_DATE":"2021-12-31 00:00:00","DATE_TYPE_CODE":"001","REPORT_TYPE":"2021年年报","PER_NETCASH_OPERATE":0.05836831932,"PER_OI":0.077640229858,"BPS":0.13542991835,"BASIC_EPS":-0.0384272,"DILUTED_EPS":-0.0384272,"OPERATE_INCOME":134059419.2,"OPERATE_INCOME_YOY":-46.7627511015,"GROSS_PROFIT":124700352,"GROSS_PROFIT_YOY":-45.772735363118,"HOLDER_PROFIT":-66867416,"HOLDER_PROFIT_YOY":-11.9958918179,"GROSS_PROFIT_RATIO":93.018717180896,"EPS_TTM":-0.038726122933,"OPERATE_INCOME_QOQ":-56.102407202168,"NET_PROFIT_RATIO":-46.7972213921,"ROE_AVG":-26.471449771893,"GROSS_PROFIT_QOQ":-43.098413684039,"ROA":-9.426693153848,"HOLDER_PROFIT_QOQ":-10.161844213761,"ROE_YEARLY":-26.471449771893,"ROIC_YEARLY":-9.90154149755,"TOTAL_ASSETS":585802224,"TOTAL_LIABILITIES":348143073.6,"TAX_EBT":-0.16194589102,"OCF_SALES":75.177932144883,"TOTAL_PARENT_EQUITY":233843411.2,"DEBT_ASSET_RATIO":59.4301385923,"OPERATE_PROFIT":-65835604.8,"PRETAX_PROFIT":-77243577.6,"NETCASH_OPERATE":100783099.2,"NETCASH_INVEST":-23770084.8,"NETCASH_FINANCE":-80829571.2,"END_CASH":21647595.2,"DIVI_RATIO":null,"DIVIDEND_RATE":null,"CURRENT_RATIO":1.112816847106,"COMMON_ACS":10000000000,"CURRENTDEBT_DEBT":83.449464668597,"ISSUED_COMMON_SHARES":1726674682,"HK_COMMON_SHARES":1726674682,"PER_SHARES":1000,"TOTAL_MARKET_CAP":100147131.556,"HKSK_MARKET_CAP":100147131.556,"PE_TTM":-1.763402091069,"PB_TTM":0.530434696433,"REPORT_DATE_SQ":"2020-12-31 00:00:00","REPORT_TYPE_SQ":"2020年年报","OPERATE_INCOME_SQ":259219228.52,"DPS_HKD":null,"OPERATE_INCOME_QOQ_SQ":-15.074824099233,"NET_PROFIT_RATIO_SQ":-20.1903399037,"HOLDER_PROFIT_SQ":-61460761,"HOLDER_PROFIT_QOQ_SQ":37.051156464361,"ROE_AVG_SQ":-20.475054920252,"PE_TTM_SQ":-14.935508719819,"PB_TTM_SQ":0.502439875584,"ROA_SQ":-7.356656023316,"START_DATE":"2021-01-01 00:00:00","FISCAL_YEAR":"12-31","CURRENCY":"HKD","IS_CNY_CODE":0,"DPS_HKD_LY":null,"ORG_TYPE":"一般企业","PREMIUM_INCOME":null,"PREMIUM_INCOME_YOY":null,"NET_INTEREST_INCOME":null,"NET_INTEREST_INCOME_YOY":null,"FEE_COMMISSION_INCOME":null,"FEE_COMMISSION_INCOME_YOY":null,"ACCOUNTS_RECE_TDAYS":0.770098207283,"INVENTORY_TDAYS":0.274973276162,"CURRENT_ASSETS_TDAYS":0.35627147701,"TOTAL_ASSETS_TDAYS":0.188991452755,"PREMIUM_EXPENSE":null,"LOAN_DEPOSIT":null,"LOAN_EQUITY":null,"LOAN_ASSETS":null,"DEPOSIT_EQUITY":null,"DEPOSIT_ASSETS":null,"EQUITY_MULTIPLIER":2.464883944144,"EQUITY_RATIO":1.488787183755},{"SECUCODE":"02178.HK","SECURITY_CODE":"02178","SECURITY_NAME_ABBR":"百勤油服","ORG_CODE":"10327354","STD_REPORT_DATE":"2021-06-30 00:00:00","REPORT_DATE":"2021-06-30 00:00:00","DATE_TYPE_CODE":"002","REPORT_TYPE":"2021年中报","PER_NETCASH_OPERATE":-0.020642074139,"PER_OI":0.033533792766,"BPS":0.166628547392,"BASIC_EPS":-0.00665664,"DILUTED_EPS":-0.00665664,"OPERATE_INCOME":57901950.96,"OPERATE_INCOME_YOY":-8.2494241527,"GROSS_PROFIT":51432528.96,"GROSS_PROFIT_YOY":-54.033330627555,"HOLDER_PROFIT":-11870453.28,"HOLDER_PROFIT_YOY":-3.1600260323,"GROSS_PROFIT_RATIO":79.281999784815,"EPS_TTM":-0.035153844064,"OPERATE_INCOME_QOQ":-6.945119568658,"NET_PROFIT_RATIO":-5.8774163469,"ROE_AVG":-4.210277788025,"GROSS_PROFIT_QOQ":-8.332364654023,"ROA":-1.527682144452,"HOLDER_PROFIT_QOQ":1.239015703043,"ROE_YEARLY":-8.42055557605,"ROIC_YEARLY":-3.188417457848,"TOTAL_ASSETS":706416782.16,"TOTAL_LIABILITIES":413946486.72,"TAX_EBT":0.080422794118,"OCF_SALES":-30.724814403041,"TOTAL_PARENT_EQUITY":287713294.08,"DEBT_ASSET_RATIO":58.5980538931,"OPERATE_PROFIT":-14929179.36,"PRETAX_PROFIT":-21727272.96,"NETCASH_OPERATE":-35642146.8,"NETCASH_INVEST":21189749.28,"NETCASH_FINANCE":6455276.64,"END_CASH":16767244.08,"DIVI_RATIO":null,"DIVIDEND_RATE":null,"CURRENT_RATIO":0.962518126015,"COMMON_ACS":10000000000,"CURRENTDEBT_DEBT":92.182864172516,"ISSUED_COMMON_SHARES":1726674682,"HK_COMMON_SHARES":1726674682,"PER_SHARES":1000,"TOTAL_MARKET_CAP":100147131.556,"HKSK_MARKET_CAP":100147131.556,"PE_TTM":-1.763402091069,"PB_TTM":0.530434696433,"REPORT_DATE_SQ":"2020-06-30 00:00:00","REPORT_TYPE_SQ":"2020年中报","OPERATE_INCOME_SQ":138797208,"DPS_HKD":null,"OPERATE_INCOME_QOQ_SQ":-9.795289414293,"NET_PROFIT_RATIO_SQ":-8.4646265219,"HOLDER_PROFIT_SQ":-12631961.76,"HOLDER_PROFIT_QOQ_SQ":-25.23619148047,"ROE_AVG_SQ":-3.748996942029,"PE_TTM_SQ":-14.935508719819,"PB_TTM_SQ":0.502439875584,"ROA_SQ":-1.462665745075,"START_DATE":"2021-01-01 00:00:00","FISCAL_YEAR":"12-31","CURRENCY":"HKD","IS_CNY_CODE":0,"DPS_HKD_LY":null,"ORG_TYPE":"一般企业","PREMIUM_INCOME":null,"PREMIUM_INCOME_YOY":null,"NET_INTEREST_INCOME":null,"NET_INTEREST_INCOME_YOY":null,"FEE_COMMISSION_INCOME":null,"FEE_COMMISSION_INCOME_YOY":null,"ACCOUNTS_RECE_TDAYS":0.29442290158,"INVENTORY_TDAYS":0.708479481959,"CURRENT_ASSETS_TDAYS":0.288511881727,"TOTAL_ASSETS_TDAYS":0.149293289057,"PREMIUM_EXPENSE":null,"LOAN_DEPOSIT":null,"LOAN_EQUITY":null,"LOAN_ASSETS":null,"DEPOSIT_EQUITY":null,"DEPOSIT_ASSETS":null,"EQUITY_MULTIPLIER":2.415345398059,"EQUITY_RATIO":1.438746471704},{"SECUCODE":"02178.HK","SECURITY_CODE":"02178","SECURITY_NAME_ABBR":"百勤油服","ORG_CODE":"10327354","STD_REPORT_DATE":"2020-12-31 00:00:00","REPORT_DATE":"2020-12-31 00:00:00","DATE_TYPE_CODE":"001","REPORT_TYPE":"2020年年报","PER_NETCASH_OPERATE":-0.004364971745,"PER_OI":0.150126269425,"BPS":0.161778867364,"BASIC_EPS":-0.03534888,"DILUTED_EPS":-0.03534888,"OPERATE_INCOME":259219228.52,"OPERATE_INCOME_YOY":-18.4656399962,"GROSS_PROFIT":229958772.28,"GROSS_PROFIT_YOY":-30.262514381185,"HOLDER_PROFIT":-61460761,"HOLDER_PROFIT_YOY":16.0940803383,"GROSS_PROFIT_RATIO":72.846686875215,"EPS_TTM":-0.035594870094,"OPERATE_INCOME_QOQ":-15.074824099233,"NET_PROFIT_RATIO":-20.1903399037,"ROE_AVG":-20.475054920252,"GROSS_PROFIT_QOQ":-21.966600433865,"ROA":-7.356656023316,"HOLDER_PROFIT_QOQ":37.051156464361,"ROE_YEARLY":-20.475054920252,"ROIC_YEARLY":-7.770878016104,"TOTAL_ASSETS":857369409.96,"TOTAL_LIABILITIES":559078727.72,"TAX_EBT":-0.43567769426,"OCF_SALES":-2.296542491806,"TOTAL_PARENT_EQUITY":279339474.36,"DEBT_ASSET_RATIO":65.2086161724,"OPERATE_PROFIT":1572183.52,"PRETAX_PROFIT":-17579334.68,"NETCASH_OPERATE":-7536886.2,"NETCASH_INVEST":20144653.4,"NETCASH_FINANCE":-13665708.68,"END_CASH":24872986.92,"DIVI_RATIO":null,"DIVIDEND_RATE":null,"CURRENT_RATIO":0.940035235476,"COMMON_ACS":10000000000,"CURRENTDEBT_DEBT":84.081093165009,"ISSUED_COMMON_SHARES":1726674682,"HK_COMMON_SHARES":1726674682,"PER_SHARES":1000,"TOTAL_MARKET_CAP":100147131.556,"HKSK_MARKET_CAP":100147131.556,"PE_TTM":-1.763402091069,"PB_TTM":0.530434696433,"REPORT_DATE_SQ":"2019-12-31 00:00:00","REPORT_TYPE_SQ":"2019年年报","OPERATE_INCOME_SQ":428402306.1,"DPS_HKD":null,"OPERATE_INCOME_QOQ_SQ":34.312127099161,"NET_PROFIT_RATIO_SQ":-18.2705517047,"HOLDER_PROFIT_SQ":-77961524.96,"HOLDER_PROFIT_QOQ_SQ":83.594719875615,"ROE_AVG_SQ":-20.622010759784,"PE_TTM_SQ":-14.935508719819,"PB_TTM_SQ":0.502439875584,"ROA_SQ":-8.924139380718,"START_DATE":"2020-01-01 00:00:00","FISCAL_YEAR":"12-31","CURRENCY":"HKD","IS_CNY_CODE":0,"DPS_HKD_LY":null,"ORG_TYPE":"一般企业","PREMIUM_INCOME":null,"PREMIUM_INCOME_YOY":null,"NET_INTEREST_INCOME":null,"NET_INTEREST_INCOME_YOY":null,"FEE_COMMISSION_INCOME":null,"FEE_COMMISSION_INCOME_YOY":null,"ACCOUNTS_RECE_TDAYS":1.279726265317,"INVENTORY_TDAYS":1.82865432941,"CURRENT_ASSETS_TDAYS":0.797287129199,"TOTAL_ASSETS_TDAYS":0.392825787031,"PREMIUM_EXPENSE":null,"LOAN_DEPOSIT":null,"LOAN_EQUITY":null,"LOAN_ASSETS":null,"DEPOSIT_EQUITY":null,"DEPOSIT_ASSETS":null,"EQUITY_MULTIPLIER":2.874274863441,"EQUITY_RATIO":2.001431158274},{"SECUCODE":"02178.HK","SECURITY_CODE":"02178","SECURITY_NAME_ABBR":"百勤油服","ORG_CODE":"10327354","STD_REPORT_DATE":"2020-06-30 00:00:00","REPORT_DATE":"2020-06-30 00:00:00","DATE_TYPE_CODE":"002","REPORT_TYPE":"2020年中报","PER_NETCASH_OPERATE":0.012991595785,"PER_OI":0.080384110248,"BPS":0.188507748004,"BASIC_EPS":-0.00730752,"DILUTED_EPS":-0.00730752,"OPERATE_INCOME":138797208,"OPERATE_INCOME_YOY":-26.0544360039,"GROSS_PROFIT":111890919.36,"GROSS_PROFIT_YOY":-17.283097610395,"HOLDER_PROFIT":-12631961.76,"HOLDER_PROFIT_YOY":-272.7329502873,"GROSS_PROFIT_RATIO":80.614675880224,"EPS_TTM":-0.056545709332,"OPERATE_INCOME_QOQ":-9.795289414293,"NET_PROFIT_RATIO":-8.4646265219,"ROE_AVG":-3.748996942029,"GROSS_PROFIT_QOQ":-7.089873168008,"ROA":-1.462665745075,"HOLDER_PROFIT_QOQ":-25.23619148047,"ROE_YEARLY":-7.497993884057,"ROIC_YEARLY":-3.088776355193,"TOTAL_ASSETS":844331869.92,"TOTAL_LIABILITIES":495754031.52,"TAX_EBT":-8.723584108199,"OCF_SALES":16.161895360316,"TOTAL_PARENT_EQUITY":325491555.84,"DEBT_ASSET_RATIO":58.7155417415,"OPERATE_PROFIT":232927.2,"PRETAX_PROFIT":-10805995.2,"NETCASH_OPERATE":22432259.52,"NETCASH_INVEST":-974640.48,"NETCASH_FINANCE":-28998979.68,"END_CASH":19211470.08,"DIVI_RATIO":null,"DIVIDEND_RATE":null,"CURRENT_RATIO":1.050057886603,"COMMON_ACS":10000000000,"CURRENTDEBT_DEBT":72.253944388862,"ISSUED_COMMON_SHARES":1726674682,"HK_COMMON_SHARES":1726674682,"PER_SHARES":1000,"TOTAL_MARKET_CAP":100147131.556,"HKSK_MARKET_CAP":100147131.556,"PE_TTM":-1.763402091069,"PB_TTM":0.530434696433,"REPORT_DATE_SQ":"2019-06-30 00:00:00","REPORT_TYPE_SQ":"2019年中报","OPERATE_INCOME_SQ":180760453.74,"DPS_HKD":null,"OPERATE_INCOME_QOQ_SQ":40.587788129318,"NET_PROFIT_RATIO_SQ":3.7719780621,"HOLDER_PROFIT_SQ":7042557.96,"HOLDER_PROFIT_QOQ_SQ":12.952443392171,"ROE_AVG_SQ":1.70638498313,"PE_TTM_SQ":-14.935508719819,"PB_TTM_SQ":0.502439875584,"ROA_SQ":0.813362883689,"START_DATE":"2020-01-01 00:00:00","FISCAL_YEAR":"12-31","CURRENCY":"HKD","IS_CNY_CODE":0,"DPS_HKD_LY":null,"ORG_TYPE":"一般企业","PREMIUM_INCOME":null,"PREMIUM_INCOME_YOY":null,"NET_INTEREST_INCOME":null,"NET_INTEREST_INCOME_YOY":null,"FEE_COMMISSION_INCOME":null,"FEE_COMMISSION_INCOME_YOY":null,"ACCOUNTS_RECE_TDAYS":0.720326529064,"INVENTORY_TDAYS":0.45018416347,"CURRENT_ASSETS_TDAYS":0.351373350661,"TOTAL_ASSETS_TDAYS":0.160714484029,"PREMIUM_EXPENSE":null,"LOAN_DEPOSIT":null,"LOAN_EQUITY":null,"LOAN_ASSETS":null,"DEPOSIT_EQUITY":null,"DEPOSIT_ASSETS":null,"EQUITY_MULTIPLIER":2.422219019415,"EQUITY_RATIO":1.523093372547}],"count":30},"success":true,"message":"ok","code":0}