{"version":"ac937dd7ced535dc9811c27e0e00ed36","result":{"pages":2,"data":[{"SECUCODE":"02177.HK","SECURITY_CODE":"02177","SECURITY_NAME_ABBR":"优趣汇控股","ORG_CODE":"10000104011","STD_REPORT_DATE":"2024-06-30 00:00:00","REPORT_DATE":"2024-06-30 00:00:00","DATE_TYPE_CODE":"002","REPORT_TYPE":"2024年中报","PER_NETCASH_OPERATE":0.534363062834,"PER_OI":3.69694752153,"BPS":4.467014316913,"BASIC_EPS":0.15,"DILUTED_EPS":0.15,"OPERATE_INCOME":613304000,"OPERATE_INCOME_YOY":-32.0005543698,"GROSS_PROFIT":183721000,"GROSS_PROFIT_YOY":-23.87808627269,"HOLDER_PROFIT":24422000,"HOLDER_PROFIT_YOY":1355.4231227652,"GROSS_PROFIT_RATIO":29.955943545126,"EPS_TTM":0.027288394385,"OPERATE_INCOME_QOQ":-16.626591393513,"NET_PROFIT_RATIO":3.8657827113,"ROE_AVG":3.328760410895,"GROSS_PROFIT_QOQ":-12.620030438734,"ROA":2.099529492879,"HOLDER_PROFIT_QOQ":124.850414448043,"ROE_YEARLY":6.65752082179,"ROIC_YEARLY":6.032782349752,"TOTAL_ASSETS":1169075000,"TOTAL_LIABILITIES":425670000,"TAX_EBT":16.178186317836,"OCF_SALES":14.454169547239,"TOTAL_PARENT_EQUITY":741054000,"DEBT_ASSET_RATIO":36.410837628,"OPERATE_PROFIT":16428000,"PRETAX_PROFIT":28285000,"NETCASH_OPERATE":88648000,"NETCASH_INVEST":-8728000,"NETCASH_FINANCE":-52808000,"END_CASH":365413000,"DIVI_RATIO":8.36143001966,"DIVIDEND_RATE":17.241379310345,"CURRENT_RATIO":2.651452092269,"COMMON_ACS":3800000000,"CURRENTDEBT_DEBT":92.402330443771,"ISSUED_COMMON_SHARES":165894700,"HK_COMMON_SHARES":165894700,"PER_SHARES":200,"TOTAL_MARKET_CAP":240547315,"HKSK_MARKET_CAP":240547315,"PE_TTM":49.737074670788,"PB_TTM":0.296257389413,"REPORT_DATE_SQ":"2023-06-30 00:00:00","REPORT_TYPE_SQ":"2023年中报","OPERATE_INCOME_SQ":901925000,"DPS_HKD":0.25,"OPERATE_INCOME_QOQ_SQ":-9.35110091828,"NET_PROFIT_RATIO_SQ":0.2431466031,"HOLDER_PROFIT_SQ":1678000,"HOLDER_PROFIT_QOQ_SQ":29.016528294846,"ROE_AVG_SQ":0.219347695509,"PE_TTM_SQ":-2.124533975926,"PB_TTM_SQ":0.235302784133,"ROA_SQ":0.108952124696,"START_DATE":"2024-01-01 00:00:00","FISCAL_YEAR":"12-31","CURRENCY":"HKD","IS_CNY_CODE":0,"DPS_HKD_LY":0.25,"ORG_TYPE":"一般企业","PREMIUM_INCOME":null,"PREMIUM_INCOME_YOY":null,"NET_INTEREST_INCOME":null,"NET_INTEREST_INCOME_YOY":null,"FEE_COMMISSION_INCOME":null,"FEE_COMMISSION_INCOME_YOY":null,"ACCOUNTS_RECE_TDAYS":2.725523003255,"INVENTORY_TDAYS":1.50000087294,"CURRENT_ASSETS_TDAYS":0.58879652235,"TOTAL_ASSETS_TDAYS":0.527249953362,"PREMIUM_EXPENSE":null,"LOAN_DEPOSIT":null,"LOAN_EQUITY":null,"LOAN_ASSETS":null,"DEPOSIT_EQUITY":null,"DEPOSIT_ASSETS":null,"EQUITY_MULTIPLIER":1.572595018865,"EQUITY_RATIO":0.574411581342},{"SECUCODE":"02177.HK","SECURITY_CODE":"02177","SECURITY_NAME_ABBR":"优趣汇控股","ORG_CODE":"10000104011","STD_REPORT_DATE":"2023-12-31 00:00:00","REPORT_DATE":"2023-12-31 00:00:00","DATE_TYPE_CODE":"001","REPORT_TYPE":"2023年年报","PER_NETCASH_OPERATE":0.866483377709,"PER_OI":10.463866537026,"BPS":4.377951797134,"BASIC_EPS":-0.11,"DILUTED_EPS":-0.11,"OPERATE_INCOME":1735900000,"OPERATE_INCOME_YOY":-27.0327959398,"GROSS_PROFIT":456655000,"GROSS_PROFIT_YOY":-19.767131326406,"HOLDER_PROFIT":-18217000,"HOLDER_PROFIT_YOY":84.5512597631,"GROSS_PROFIT_RATIO":26.306526873668,"EPS_TTM":-0.109810620834,"OPERATE_INCOME_QOQ":-19.505691961698,"NET_PROFIT_RATIO":-1.0097931909,"ROE_AVG":-2.446472913139,"GROSS_PROFIT_QOQ":-14.917144571265,"ROA":-1.246493232795,"HOLDER_PROFIT_QOQ":78.236144463161,"ROE_YEARLY":-2.446472913139,"ROIC_YEARLY":-1.682291839818,"TOTAL_ASSETS":1157351000,"TOTAL_LIABILITIES":430093000,"TAX_EBT":-13.434284604931,"OCF_SALES":8.280718935423,"TOTAL_PARENT_EQUITY":726279000,"DEBT_ASSET_RATIO":37.1618463197,"OPERATE_PROFIT":-7949000,"PRETAX_PROFIT":-15453000,"NETCASH_OPERATE":143745000,"NETCASH_INVEST":-29659000,"NETCASH_FINANCE":-193853000,"END_CASH":338397000,"DIVI_RATIO":-2.077850013669,"DIVIDEND_RATE":18.518518518519,"CURRENT_RATIO":2.657378364019,"COMMON_ACS":3800000000,"CURRENTDEBT_DEBT":91.025894399583,"ISSUED_COMMON_SHARES":165894700,"HK_COMMON_SHARES":165894700,"PER_SHARES":200,"TOTAL_MARKET_CAP":223957845,"HKSK_MARKET_CAP":223957845,"PE_TTM":46.306931590044,"PB_TTM":0.275825845316,"REPORT_DATE_SQ":"2022-12-31 00:00:00","REPORT_TYPE_SQ":"2022年年报","OPERATE_INCOME_SQ":2379014000,"DPS_HKD":0.25,"OPERATE_INCOME_QOQ_SQ":-11.111883288609,"NET_PROFIT_RATIO_SQ":-4.9112363357,"HOLDER_PROFIT_SQ":-117919000,"HOLDER_PROFIT_QOQ_SQ":-219.676308726652,"ROE_AVG_SQ":-14.245184266621,"PE_TTM_SQ":-2.448615429881,"PB_TTM_SQ":0.271196429171,"ROA_SQ":-6.213550999159,"START_DATE":"2023-01-01 00:00:00","FISCAL_YEAR":"12-31","CURRENCY":"HKD","IS_CNY_CODE":0,"DPS_HKD_LY":0.12,"ORG_TYPE":"一般企业","PREMIUM_INCOME":null,"PREMIUM_INCOME_YOY":null,"NET_INTEREST_INCOME":null,"NET_INTEREST_INCOME_YOY":null,"FEE_COMMISSION_INCOME":null,"FEE_COMMISSION_INCOME_YOY":null,"ACCOUNTS_RECE_TDAYS":4.726411845027,"INVENTORY_TDAYS":3.138396657598,"CURRENT_ASSETS_TDAYS":1.280574462207,"TOTAL_ASSETS_TDAYS":1.187784817922,"PREMIUM_EXPENSE":null,"LOAN_DEPOSIT":null,"LOAN_EQUITY":null,"LOAN_ASSETS":null,"DEPOSIT_EQUITY":null,"DEPOSIT_ASSETS":null,"EQUITY_MULTIPLIER":1.591389850643,"EQUITY_RATIO":0.592187024546},{"SECUCODE":"02177.HK","SECURITY_CODE":"02177","SECURITY_NAME_ABBR":"优趣汇控股","ORG_CODE":"10000104011","STD_REPORT_DATE":"2023-06-30 00:00:00","REPORT_DATE":"2023-06-30 00:00:00","DATE_TYPE_CODE":"002","REPORT_TYPE":"2023年中报","PER_NETCASH_OPERATE":0.005214150904,"PER_OI":5.436731854604,"BPS":4.62355940244,"BASIC_EPS":0.01,"DILUTED_EPS":0.01,"OPERATE_INCOME":901925000,"OPERATE_INCOME_YOY":-19.7853234068,"GROSS_PROFIT":241351000,"GROSS_PROFIT_YOY":-11.849741594989,"HOLDER_PROFIT":1678000,"HOLDER_PROFIT_YOY":105.1570471449,"GROSS_PROFIT_RATIO":26.759542090529,"EPS_TTM":-0.504554997839,"OPERATE_INCOME_QOQ":-9.35110091828,"NET_PROFIT_RATIO":0.2431466031,"ROE_AVG":0.219347695509,"GROSS_PROFIT_QOQ":-5.700310280729,"ROA":0.108952124696,"HOLDER_PROFIT_QOQ":29.016528294846,"ROE_YEARLY":0.438695391019,"ROIC_YEARLY":0.281352672557,"TOTAL_ASSETS":1314683000,"TOTAL_LIABILITIES":546854000,"TAX_EBT":-70.661478599222,"OCF_SALES":0.095905978879,"TOTAL_PARENT_EQUITY":767024000,"DEBT_ASSET_RATIO":41.5958828098,"OPERATE_PROFIT":8124000,"PRETAX_PROFIT":1285000,"NETCASH_OPERATE":865000,"NETCASH_INVEST":-36073000,"NETCASH_FINANCE":-107046000,"END_CASH":276021000,"DIVI_RATIO":-0.452220275247,"DIVIDEND_RATE":18.518518518519,"CURRENT_RATIO":2.432241283456,"COMMON_ACS":3800000000,"CURRENTDEBT_DEBT":92.097707980558,"ISSUED_COMMON_SHARES":165894700,"HK_COMMON_SHARES":165894700,"PER_SHARES":200,"TOTAL_MARKET_CAP":223957845,"HKSK_MARKET_CAP":223957845,"PE_TTM":46.306931590044,"PB_TTM":0.275825845316,"REPORT_DATE_SQ":"2022-06-30 00:00:00","REPORT_TYPE_SQ":"2022年中报","OPERATE_INCOME_SQ":1124389000,"DPS_HKD":0.25,"OPERATE_INCOME_QOQ_SQ":-11.76048193216,"NET_PROFIT_RATIO_SQ":-2.8138838071,"HOLDER_PROFIT_SQ":-32538000,"HOLDER_PROFIT_QOQ_SQ":-221.032253830758,"ROE_AVG_SQ":-3.786530805566,"PE_TTM_SQ":-2.448615429881,"PB_TTM_SQ":0.271196429171,"ROA_SQ":-1.791789914863,"START_DATE":"2023-01-01 00:00:00","FISCAL_YEAR":"12-31","CURRENCY":"HKD","IS_CNY_CODE":0,"DPS_HKD_LY":0.12,"ORG_TYPE":"一般企业","PREMIUM_INCOME":null,"PREMIUM_INCOME_YOY":null,"NET_INTEREST_INCOME":null,"NET_INTEREST_INCOME_YOY":null,"FEE_COMMISSION_INCOME":null,"FEE_COMMISSION_INCOME_YOY":null,"ACCOUNTS_RECE_TDAYS":2.091893239631,"INVENTORY_TDAYS":1.466363437588,"CURRENT_ASSETS_TDAYS":0.622930586501,"TOTAL_ASSETS_TDAYS":0.585617670243,"PREMIUM_EXPENSE":null,"LOAN_DEPOSIT":null,"LOAN_EQUITY":null,"LOAN_ASSETS":null,"DEPOSIT_EQUITY":null,"DEPOSIT_ASSETS":null,"EQUITY_MULTIPLIER":1.712208056743,"EQUITY_RATIO":0.712955526815},{"SECUCODE":"02177.HK","SECURITY_CODE":"02177","SECURITY_NAME_ABBR":"优趣汇控股","ORG_CODE":"10000104011","STD_REPORT_DATE":"2022-12-31 00:00:00","REPORT_DATE":"2022-12-31 00:00:00","DATE_TYPE_CODE":"001","REPORT_TYPE":"2022年年报","PER_NETCASH_OPERATE":1.567421985151,"PER_OI":14.340506357346,"BPS":4.599104130512,"BASIC_EPS":-0.71,"DILUTED_EPS":-0.71,"OPERATE_INCOME":2379014000,"OPERATE_INCOME_YOY":-21.5655541943,"GROSS_PROFIT":569162000,"GROSS_PROFIT_YOY":-36.816432376747,"HOLDER_PROFIT":-117919000,"HOLDER_PROFIT_YOY":-486.9114414148,"GROSS_PROFIT_RATIO":23.92428123584,"EPS_TTM":-0.710806312679,"OPERATE_INCOME_QOQ":-11.111883288609,"NET_PROFIT_RATIO":-4.9112363357,"ROE_AVG":-14.245184266621,"GROSS_PROFIT_QOQ":-18.452908855155,"ROA":-6.213550999159,"HOLDER_PROFIT_QOQ":-219.676308726652,"ROE_YEARLY":-14.245184266621,"ROIC_YEARLY":-8.029443357796,"TOTAL_ASSETS":1765569000,"TOTAL_LIABILITIES":1002436000,"TAX_EBT":13.819657016412,"OCF_SALES":10.930032357943,"TOTAL_PARENT_EQUITY":762967000,"DEBT_ASSET_RATIO":56.7769370667,"OPERATE_PROFIT":-122472000,"PRETAX_PROFIT":-135575000,"NETCASH_OPERATE":260027000,"NETCASH_INVEST":-80874000,"NETCASH_FINANCE":-203116000,"END_CASH":417642000,"DIVI_RATIO":-0.321001651125,"DIVIDEND_RATE":18.518518518519,"CURRENT_RATIO":1.776523327599,"COMMON_ACS":3800000000,"CURRENTDEBT_DEBT":93.818857263706,"ISSUED_COMMON_SHARES":165894700,"HK_COMMON_SHARES":165894700,"PER_SHARES":200,"TOTAL_MARKET_CAP":223957845,"HKSK_MARKET_CAP":223957845,"PE_TTM":46.306931590044,"PB_TTM":0.275825845316,"REPORT_DATE_SQ":"2021-12-31 00:00:00","REPORT_TYPE_SQ":"2021年年报","OPERATE_INCOME_SQ":3033124000,"DPS_HKD":0.25,"OPERATE_INCOME_QOQ_SQ":0.433638363618,"NET_PROFIT_RATIO_SQ":0.9892770622,"HOLDER_PROFIT_SQ":30477000,"HOLDER_PROFIT_QOQ_SQ":-58.705490217332,"ROE_AVG_SQ":4.033144382387,"PE_TTM_SQ":-2.448615429881,"PB_TTM_SQ":0.271196429171,"ROA_SQ":1.594215066031,"START_DATE":"2022-01-01 00:00:00","FISCAL_YEAR":"12-31","CURRENCY":"HKD","IS_CNY_CODE":0,"DPS_HKD_LY":0.3,"ORG_TYPE":"一般企业","PREMIUM_INCOME":null,"PREMIUM_INCOME_YOY":null,"NET_INTEREST_INCOME":null,"NET_INTEREST_INCOME_YOY":null,"FEE_COMMISSION_INCOME":null,"FEE_COMMISSION_INCOME_YOY":null,"ACCOUNTS_RECE_TDAYS":5.138758626648,"INVENTORY_TDAYS":2.744002310609,"CURRENT_ASSETS_TDAYS":1.316097117327,"TOTAL_ASSETS_TDAYS":1.253582952426,"PREMIUM_EXPENSE":null,"LOAN_DEPOSIT":null,"LOAN_EQUITY":null,"LOAN_ASSETS":null,"DEPOSIT_EQUITY":null,"DEPOSIT_ASSETS":null,"EQUITY_MULTIPLIER":2.313579677459,"EQUITY_RATIO":1.313865475178},{"SECUCODE":"02177.HK","SECURITY_CODE":"02177","SECURITY_NAME_ABBR":"优趣汇控股","ORG_CODE":"10000104011","STD_REPORT_DATE":"2022-06-30 00:00:00","REPORT_DATE":"2022-06-30 00:00:00","DATE_TYPE_CODE":"002","REPORT_TYPE":"2022年中报","PER_NETCASH_OPERATE":0.078501603728,"PER_OI":6.777727076272,"BPS":4.979194633704,"BASIC_EPS":-0.2,"DILUTED_EPS":-0.2,"OPERATE_INCOME":1124389000,"OPERATE_INCOME_YOY":-24.0841429236,"GROSS_PROFIT":273795000,"GROSS_PROFIT_YOY":-42.558119530806,"HOLDER_PROFIT":-32538000,"HOLDER_PROFIT_YOY":-193.4301958307,"GROSS_PROFIT_RATIO":24.350558392158,"EPS_TTM":-0.222351889482,"OPERATE_INCOME_QOQ":-11.76048193216,"NET_PROFIT_RATIO":-2.8138838071,"ROE_AVG":-3.786530805566,"GROSS_PROFIT_QOQ":-22.518919146943,"ROA":-1.791789914863,"HOLDER_PROFIT_QOQ":-221.032253830758,"ROE_YEARLY":-7.573061611132,"ROIC_YEARLY":-4.414203647843,"TOTAL_ASSETS":1601925000,"TOTAL_LIABILITIES":776219000,"TAX_EBT":27.070511490676,"OCF_SALES":1.158229047065,"TOTAL_PARENT_EQUITY":826022000,"DEBT_ASSET_RATIO":48.4553896094,"OPERATE_PROFIT":-41165000,"PRETAX_PROFIT":-43383000,"NETCASH_OPERATE":13023000,"NETCASH_INVEST":-56190000,"NETCASH_FINANCE":-168095000,"END_CASH":243163000,"DIVI_RATIO":-1.026166229268,"DIVIDEND_RATE":18.518518518519,"CURRENT_RATIO":2.097499288629,"COMMON_ACS":3800000000,"CURRENTDEBT_DEBT":93.266719830357,"ISSUED_COMMON_SHARES":165894700,"HK_COMMON_SHARES":165894700,"PER_SHARES":200,"TOTAL_MARKET_CAP":223957845,"HKSK_MARKET_CAP":223957845,"PE_TTM":46.306931590044,"PB_TTM":0.275825845316,"REPORT_DATE_SQ":"2021-06-30 00:00:00","REPORT_TYPE_SQ":"2021年中报","OPERATE_INCOME_SQ":1481099000,"DPS_HKD":0.25,"OPERATE_INCOME_QOQ_SQ":7.825564133123,"NET_PROFIT_RATIO_SQ":2.3627725088,"HOLDER_PROFIT_SQ":34826000,"HOLDER_PROFIT_QOQ_SQ":6883.45588235294,"ROE_AVG_SQ":5.529634895797,"PE_TTM_SQ":-2.448615429881,"PB_TTM_SQ":0.271196429171,"ROA_SQ":1.904650440368,"START_DATE":"2022-01-01 00:00:00","FISCAL_YEAR":"12-31","CURRENCY":"HKD","IS_CNY_CODE":0,"DPS_HKD_LY":0.3,"ORG_TYPE":"一般企业","PREMIUM_INCOME":null,"PREMIUM_INCOME_YOY":null,"NET_INTEREST_INCOME":null,"NET_INTEREST_INCOME_YOY":null,"FEE_COMMISSION_INCOME":null,"FEE_COMMISSION_INCOME_YOY":null,"ACCOUNTS_RECE_TDAYS":2.656177136904,"INVENTORY_TDAYS":1.207889536828,"CURRENT_ASSETS_TDAYS":0.649377486121,"TOTAL_ASSETS_TDAYS":0.61917415655,"PREMIUM_EXPENSE":null,"LOAN_DEPOSIT":null,"LOAN_EQUITY":null,"LOAN_ASSETS":null,"DEPOSIT_EQUITY":null,"DEPOSIT_ASSETS":null,"EQUITY_MULTIPLIER":1.940067045656,"EQUITY_RATIO":0.939707416994},{"SECUCODE":"02177.HK","SECURITY_CODE":"02177","SECURITY_NAME_ABBR":"优趣汇控股","ORG_CODE":"10000104011","STD_REPORT_DATE":"2021-12-31 00:00:00","REPORT_DATE":"2021-12-31 00:00:00","DATE_TYPE_CODE":"001","REPORT_TYPE":"2021年年报","PER_NETCASH_OPERATE":-0.751977007101,"PER_OI":18.28342918731,"BPS":5.380497387801,"BASIC_EPS":0.2,"DILUTED_EPS":0.2,"OPERATE_INCOME":3033124000,"OPERATE_INCOME_YOY":8.293137145,"GROSS_PROFIT":900807000,"GROSS_PROFIT_YOY":1.429208412434,"HOLDER_PROFIT":30477000,"HOLDER_PROFIT_YOY":2901.1948529412,"GROSS_PROFIT_RATIO":29.698983622167,"EPS_TTM":0.18371292151,"OPERATE_INCOME_QOQ":0.433638363618,"NET_PROFIT_RATIO":0.9892770622,"ROE_AVG":4.033144382387,"GROSS_PROFIT_QOQ":-6.558198396315,"ROA":1.594215066031,"HOLDER_PROFIT_QOQ":-58.705490217332,"ROE_YEARLY":4.033144382387,"ROIC_YEARLY":1.946424003916,"TOTAL_ASSETS":2029974000,"TOTAL_LIABILITIES":1138893000,"TAX_EBT":30.915872358061,"OCF_SALES":-4.112888230089,"TOTAL_PARENT_EQUITY":892596000,"DEBT_ASSET_RATIO":56.1038220194,"OPERATE_PROFIT":63441000,"PRETAX_PROFIT":43434000,"NETCASH_OPERATE":-124749000,"NETCASH_INVEST":60702000,"NETCASH_FINANCE":254741000,"END_CASH":442085000,"DIVI_RATIO":1.241992115333,"DIVIDEND_RATE":18.518518518519,"CURRENT_RATIO":1.822105734649,"COMMON_ACS":3800000000,"CURRENTDEBT_DEBT":93.701691028042,"ISSUED_COMMON_SHARES":165894700,"HK_COMMON_SHARES":165894700,"PER_SHARES":200,"TOTAL_MARKET_CAP":223957845,"HKSK_MARKET_CAP":223957845,"PE_TTM":46.306931590044,"PB_TTM":0.275825845316,"REPORT_DATE_SQ":"2020-12-31 00:00:00","REPORT_TYPE_SQ":"2020年年报","OPERATE_INCOME_SQ":2800846000,"DPS_HKD":0.25,"OPERATE_INCOME_QOQ_SQ":0.687596410709,"NET_PROFIT_RATIO_SQ":-0.0683364955,"HOLDER_PROFIT_SQ":-1088000,"HOLDER_PROFIT_QOQ_SQ":98.726979149603,"ROE_AVG_SQ":-0.798072303297,"PE_TTM_SQ":-2.448615429881,"PB_TTM_SQ":0.271196429171,"ROA_SQ":-0.06478934382,"START_DATE":"2021-01-01 00:00:00","FISCAL_YEAR":"12-31","CURRENCY":"HKD","IS_CNY_CODE":0,"DPS_HKD_LY":null,"ORG_TYPE":"一般企业","PREMIUM_INCOME":null,"PREMIUM_INCOME_YOY":null,"NET_INTEREST_INCOME":null,"NET_INTEREST_INCOME_YOY":null,"FEE_COMMISSION_INCOME":null,"FEE_COMMISSION_INCOME_YOY":null,"ACCOUNTS_RECE_TDAYS":6.305785888548,"INVENTORY_TDAYS":2.955717951099,"CURRENT_ASSETS_TDAYS":1.66138810888,"TOTAL_ASSETS_TDAYS":1.58659053645,"PREMIUM_EXPENSE":null,"LOAN_DEPOSIT":null,"LOAN_EQUITY":null,"LOAN_ASSETS":null,"DEPOSIT_EQUITY":null,"DEPOSIT_ASSETS":null,"EQUITY_MULTIPLIER":2.278102664068,"EQUITY_RATIO":1.275933344985},{"SECUCODE":"02177.HK","SECURITY_CODE":"02177","SECURITY_NAME_ABBR":"优趣汇控股","ORG_CODE":"10000104011","STD_REPORT_DATE":"2021-06-30 00:00:00","REPORT_DATE":"2021-06-30 00:00:00","DATE_TYPE_CODE":"002","REPORT_TYPE":"2021年中报","PER_NETCASH_OPERATE":-26.698154863647,"PER_OI":1095.45420590056,"BPS":3.863185502611,"BASIC_EPS":0.26,"DILUTED_EPS":0.26,"OPERATE_INCOME":1481099000,"OPERATE_INCOME_YOY":17.3689711764,"GROSS_PROFIT":476647000,"GROSS_PROFIT_YOY":18.944379147109,"HOLDER_PROFIT":34826000,"HOLDER_PROFIT_YOY":186.921579394,"GROSS_PROFIT_RATIO":32.181981082966,"EPS_TTM":54.587102018356,"OPERATE_INCOME_QOQ":7.825564133123,"NET_PROFIT_RATIO":2.3627725088,"ROE_AVG":5.529634895797,"GROSS_PROFIT_QOQ":8.5480017205,"ROA":1.904650440368,"HOLDER_PROFIT_QOQ":6883.45588235294,"ROE_YEARLY":11.059269791595,"ROIC_YEARLY":4.521419977222,"TOTAL_ASSETS":1863469000,"TOTAL_LIABILITIES":1223462000,"TAX_EBT":33.29457512104,"OCF_SALES":-2.437176718099,"TOTAL_PARENT_EQUITY":640882000,"DEBT_ASSET_RATIO":65.655076634,"OPERATE_PROFIT":66654000,"PRETAX_PROFIT":52462000,"NETCASH_OPERATE":-36097000,"NETCASH_INVEST":66552000,"NETCASH_FINANCE":68920000,"END_CASH":325550000,"DIVI_RATIO":0.004179925139,"DIVIDEND_RATE":18.518518518519,"CURRENT_RATIO":1.524029214579,"COMMON_ACS":3800000000,"CURRENTDEBT_DEBT":95.190860034885,"ISSUED_COMMON_SHARES":165894700,"HK_COMMON_SHARES":165894700,"PER_SHARES":200,"TOTAL_MARKET_CAP":223957845,"HKSK_MARKET_CAP":223957845,"PE_TTM":46.306931590044,"PB_TTM":0.275825845316,"REPORT_DATE_SQ":"2020-06-30 00:00:00","REPORT_TYPE_SQ":"2020年中报","OPERATE_INCOME_SQ":1261917000,"DPS_HKD":0.25,"OPERATE_INCOME_QOQ_SQ":0,"NET_PROFIT_RATIO_SQ":-3.1941086458,"HOLDER_PROFIT_SQ":-40066000,"HOLDER_PROFIT_QOQ_SQ":0,"ROE_AVG_SQ":null,"PE_TTM_SQ":-2.448615429881,"PB_TTM_SQ":0.271196429171,"ROA_SQ":null,"START_DATE":"2021-01-01 00:00:00","FISCAL_YEAR":"12-31","CURRENCY":"HKD","IS_CNY_CODE":0,"DPS_HKD_LY":null,"ORG_TYPE":"一般企业","PREMIUM_INCOME":null,"PREMIUM_INCOME_YOY":null,"NET_INTEREST_INCOME":null,"NET_INTEREST_INCOME_YOY":null,"FEE_COMMISSION_INCOME":null,"FEE_COMMISSION_INCOME_YOY":null,"ACCOUNTS_RECE_TDAYS":2.880369580585,"INVENTORY_TDAYS":1.415627327634,"CURRENT_ASSETS_TDAYS":0.850777999122,"TOTAL_ASSETS_TDAYS":0.810020060466,"PREMIUM_EXPENSE":null,"LOAN_DEPOSIT":null,"LOAN_EQUITY":null,"LOAN_ASSETS":null,"DEPOSIT_EQUITY":null,"DEPOSIT_ASSETS":null,"EQUITY_MULTIPLIER":2.911638466458,"EQUITY_RATIO":1.909028495105},{"SECUCODE":"02177.HK","SECURITY_CODE":"02177","SECURITY_NAME_ABBR":"优趣汇控股","ORG_CODE":"10000104011","STD_REPORT_DATE":"2020-12-31 00:00:00","REPORT_DATE":"2020-12-31 00:00:00","DATE_TYPE_CODE":"001","REPORT_TYPE":"2020年年报","PER_NETCASH_OPERATE":null,"PER_OI":null,"BPS":3.729661044024,"BASIC_EPS":-0.99,"DILUTED_EPS":-0.99,"OPERATE_INCOME":2800846000,"OPERATE_INCOME_YOY":0.6875964107,"GROSS_PROFIT":888114000,"GROSS_PROFIT_YOY":10.535905867359,"HOLDER_PROFIT":-1088000,"HOLDER_PROFIT_YOY":98.7269791496,"GROSS_PROFIT_RATIO":31.70877656251,"EPS_TTM":null,"OPERATE_INCOME_QOQ":0.687596410709,"NET_PROFIT_RATIO":-0.0683364955,"ROE_AVG":-0.798072303297,"GROSS_PROFIT_QOQ":10.535905867359,"ROA":-0.06478934382,"HOLDER_PROFIT_QOQ":98.726979149603,"ROE_YEARLY":-0.798072303297,"ROIC_YEARLY":-0.08470884643,"TOTAL_ASSETS":1793475000,"TOTAL_LIABILITIES":1175788000,"TAX_EBT":104.451473358606,"OCF_SALES":-13.153739977136,"TOTAL_PARENT_EQUITY":618731000,"DEBT_ASSET_RATIO":65.5592076834,"OPERATE_PROFIT":144541000,"PRETAX_PROFIT":42997000,"NETCASH_OPERATE":-368416000,"NETCASH_INVEST":35916000,"NETCASH_FINANCE":64216000,"END_CASH":252334000,"DIVI_RATIO":null,"DIVIDEND_RATE":18.518518518519,"CURRENT_RATIO":1.526,"COMMON_ACS":3800000000,"CURRENTDEBT_DEBT":95.127693087529,"ISSUED_COMMON_SHARES":165894700,"HK_COMMON_SHARES":165894700,"PER_SHARES":200,"TOTAL_MARKET_CAP":223957845,"HKSK_MARKET_CAP":223957845,"PE_TTM":46.306931590044,"PB_TTM":0.275825845316,"REPORT_DATE_SQ":"2019-12-31 00:00:00","REPORT_TYPE_SQ":"2019年年报","OPERATE_INCOME_SQ":2781719000,"DPS_HKD":0.25,"OPERATE_INCOME_QOQ_SQ":9.475076555681,"NET_PROFIT_RATIO_SQ":-3.0822308076,"HOLDER_PROFIT_SQ":-85466000,"HOLDER_PROFIT_QOQ_SQ":-161356.603773585,"ROE_AVG_SQ":27.598165848618,"PE_TTM_SQ":-2.448615429881,"PB_TTM_SQ":0.271196429171,"ROA_SQ":-6.246071813821,"START_DATE":"2020-01-01 00:00:00","FISCAL_YEAR":"12-31","CURRENCY":"HKD","IS_CNY_CODE":0,"DPS_HKD_LY":null,"ORG_TYPE":"一般企业","PREMIUM_INCOME":null,"PREMIUM_INCOME_YOY":null,"NET_INTEREST_INCOME":null,"NET_INTEREST_INCOME_YOY":null,"FEE_COMMISSION_INCOME":null,"FEE_COMMISSION_INCOME_YOY":null,"ACCOUNTS_RECE_TDAYS":6.277552090746,"INVENTORY_TDAYS":3.610024932102,"CURRENT_ASSETS_TDAYS":1.739056412231,"TOTAL_ASSETS_TDAYS":1.667876603693,"PREMIUM_EXPENSE":null,"LOAN_DEPOSIT":null,"LOAN_EQUITY":null,"LOAN_ASSETS":null,"DEPOSIT_EQUITY":null,"DEPOSIT_ASSETS":null,"EQUITY_MULTIPLIER":2.903533666727,"EQUITY_RATIO":1.900321787659},{"SECUCODE":"02177.HK","SECURITY_CODE":"02177","SECURITY_NAME_ABBR":"优趣汇控股","ORG_CODE":"10000104011","STD_REPORT_DATE":"2020-06-30 00:00:00","REPORT_DATE":"2020-06-30 00:00:00","DATE_TYPE_CODE":"002","REPORT_TYPE":"2020年中报","PER_NETCASH_OPERATE":null,"PER_OI":null,"BPS":null,"BASIC_EPS":-0.48,"DILUTED_EPS":-0.48,"OPERATE_INCOME":1261917000,"OPERATE_INCOME_YOY":null,"GROSS_PROFIT":400731000,"GROSS_PROFIT_YOY":null,"HOLDER_PROFIT":-40066000,"HOLDER_PROFIT_YOY":null,"GROSS_PROFIT_RATIO":31.755733538735,"EPS_TTM":-0.001450250682,"OPERATE_INCOME_QOQ":0,"NET_PROFIT_RATIO":-3.1941086458,"ROE_AVG":null,"GROSS_PROFIT_QOQ":0,"ROA":null,"HOLDER_PROFIT_QOQ":0,"ROE_YEARLY":null,"ROIC_YEARLY":null,"TOTAL_ASSETS":null,"TOTAL_LIABILITIES":null,"TAX_EBT":-146.918647390346,"OCF_SALES":-18.475066109736,"TOTAL_PARENT_EQUITY":null,"DEBT_ASSET_RATIO":null,"OPERATE_PROFIT":74387000,"PRETAX_PROFIT":-16324000,"NETCASH_OPERATE":-233140000,"NETCASH_INVEST":35040000,"NETCASH_FINANCE":-113343000,"END_CASH":239079000,"DIVI_RATIO":-157.331420629452,"DIVIDEND_RATE":18.518518518519,"CURRENT_RATIO":null,"COMMON_ACS":3800000000,"CURRENTDEBT_DEBT":null,"ISSUED_COMMON_SHARES":165894700,"HK_COMMON_SHARES":165894700,"PER_SHARES":200,"TOTAL_MARKET_CAP":223957845,"HKSK_MARKET_CAP":223957845,"PE_TTM":46.306931590044,"PB_TTM":0.275825845316,"REPORT_DATE_SQ":"2019-06-30 00:00:00","REPORT_TYPE_SQ":"2019年中报","OPERATE_INCOME_SQ":null,"DPS_HKD":0.25,"OPERATE_INCOME_QOQ_SQ":0,"NET_PROFIT_RATIO_SQ":null,"HOLDER_PROFIT_SQ":null,"HOLDER_PROFIT_QOQ_SQ":0,"ROE_AVG_SQ":null,"PE_TTM_SQ":-2.448615429881,"PB_TTM_SQ":0.271196429171,"ROA_SQ":null,"START_DATE":"2020-01-01 00:00:00","FISCAL_YEAR":"12-31","CURRENCY":"HKD","IS_CNY_CODE":0,"DPS_HKD_LY":null,"ORG_TYPE":"一般企业","PREMIUM_INCOME":null,"PREMIUM_INCOME_YOY":null,"NET_INTEREST_INCOME":null,"NET_INTEREST_INCOME_YOY":null,"FEE_COMMISSION_INCOME":null,"FEE_COMMISSION_INCOME_YOY":null,"ACCOUNTS_RECE_TDAYS":null,"INVENTORY_TDAYS":null,"CURRENT_ASSETS_TDAYS":1.66669022023,"TOTAL_ASSETS_TDAYS":1.612568382125,"PREMIUM_EXPENSE":null,"LOAN_DEPOSIT":null,"LOAN_EQUITY":null,"LOAN_ASSETS":null,"DEPOSIT_EQUITY":null,"DEPOSIT_ASSETS":null,"EQUITY_MULTIPLIER":null,"EQUITY_RATIO":null}],"count":12},"success":true,"message":"ok","code":0}