{"version":"af92ae3a35fc374802c6e52d5f35dce2","result":{"pages":2,"data":[{"SECUCODE":"02182.HK","SECURITY_CODE":"02182","SECURITY_NAME_ABBR":"天长集团","ORG_CODE":"10697679","STD_REPORT_DATE":"2024-06-30 00:00:00","REPORT_DATE":"2024-06-30 00:00:00","DATE_TYPE_CODE":"002","REPORT_TYPE":"2024年中报","PER_NETCASH_OPERATE":0.032965412774,"PER_OI":0.335159649032,"BPS":1.121037483677,"BASIC_EPS":-0.011682304,"DILUTED_EPS":-0.011682304,"OPERATE_INCOME":207798982.4,"OPERATE_INCOME_YOY":-43.2079241509,"GROSS_PROFIT":37129647.76,"GROSS_PROFIT_YOY":-49.644082818206,"HOLDER_PROFIT":-7250329.92,"HOLDER_PROFIT_YOY":-138.4753232915,"GROSS_PROFIT_RATIO":17.868060435699,"EPS_TTM":-0.008111691032,"OPERATE_INCOME_QOQ":-25.600922397885,"NET_PROFIT_RATIO":-3.4891075193,"ROE_AVG":-1.02881231363,"GROSS_PROFIT_QOQ":-29.719395617477,"ROA":-0.823561488755,"HOLDER_PROFIT_QOQ":-123.659032417537,"ROE_YEARLY":-2.05762462726,"ROIC_YEARLY":-1.93051459733,"TOTAL_ASSETS":871427776.68,"TOTAL_LIABILITIES":176384536.8,"TAX_EBT":24.879432624114,"OCF_SALES":9.83573436402,"TOTAL_PARENT_EQUITY":695043239.88,"DEBT_ASSET_RATIO":20.240866945,"OPERATE_PROFIT":-8375664.36,"PRETAX_PROFIT":-9651591,"NETCASH_OPERATE":20438555.92,"NETCASH_INVEST":7545125.56,"NETCASH_FINANCE":-12140469.36,"END_CASH":137455084.08,"DIVI_RATIO":-1.675766488879,"DIVIDEND_RATE":5.263157894737,"CURRENT_RATIO":1.965051698151,"COMMON_ACS":2000000000,"CURRENTDEBT_DEBT":88.227776052986,"ISSUED_COMMON_SHARES":620000000,"HK_COMMON_SHARES":620000000,"PER_SHARES":4000,"TOTAL_MARKET_CAP":176700000,"HKSK_MARKET_CAP":176700000,"PE_TTM":-34.417608102844,"PB_TTM":0.232029529599,"REPORT_DATE_SQ":"2023-06-30 00:00:00","REPORT_TYPE_SQ":"2023年中报","OPERATE_INCOME_SQ":369622703.98,"DPS_HKD":0.015,"OPERATE_INCOME_QOQ_SQ":-11.649785846009,"NET_PROFIT_RATIO_SQ":5.1501492887,"HOLDER_PROFIT_SQ":19036121.06,"HOLDER_PROFIT_QOQ_SQ":-23.790778299714,"ROE_AVG_SQ":2.66996505911,"PE_TTM_SQ":3.974104224088,"PB_TTM_SQ":0.405289154201,"ROA_SQ":1.809521305499,"START_DATE":"2024-01-01 00:00:00","FISCAL_YEAR":"12-31","CURRENCY":"HKD","IS_CNY_CODE":0,"DPS_HKD_LY":0.015,"ORG_TYPE":"一般企业","PREMIUM_INCOME":null,"PREMIUM_INCOME_YOY":null,"NET_INTEREST_INCOME":null,"NET_INTEREST_INCOME_YOY":null,"FEE_COMMISSION_INCOME":null,"FEE_COMMISSION_INCOME_YOY":null,"ACCOUNTS_RECE_TDAYS":2.036083972367,"INVENTORY_TDAYS":2.499054491998,"CURRENT_ASSETS_TDAYS":0.687660736318,"TOTAL_ASSETS_TDAYS":0.236037864753,"PREMIUM_EXPENSE":null,"LOAN_DEPOSIT":null,"LOAN_EQUITY":null,"LOAN_ASSETS":null,"DEPOSIT_EQUITY":null,"DEPOSIT_ASSETS":null,"EQUITY_MULTIPLIER":1.253774911659,"EQUITY_RATIO":0.253774911659},{"SECUCODE":"02182.HK","SECURITY_CODE":"02182","SECURITY_NAME_ABBR":"天长集团","ORG_CODE":"10697679","STD_REPORT_DATE":"2023-12-31 00:00:00","REPORT_DATE":"2023-12-31 00:00:00","DATE_TYPE_CODE":"001","REPORT_TYPE":"2023年年报","PER_NETCASH_OPERATE":0.140703809806,"PER_OI":1.019517963032,"BPS":1.144123213032,"BASIC_EPS":0.034255116,"DILUTED_EPS":0.03398325,"OPERATE_INCOME":632101137.08,"OPERATE_INCOME_YOY":-39.025351832,"GROSS_PROFIT":123167985.08,"GROSS_PROFIT_YOY":-46.982429721762,"HOLDER_PROFIT":21257202.54,"HOLDER_PROFIT_YOY":-77.8592666006,"GROSS_PROFIT_RATIO":19.485487029651,"EPS_TTM":0.034285810548,"OPERATE_INCOME_QOQ":-29.984758598705,"NET_PROFIT_RATIO":3.3629432528,"ROE_AVG":2.998676885119,"GROSS_PROFIT_QOQ":-39.626325048154,"ROA":2.15301189448,"HOLDER_PROFIT_QOQ":-70.5262517134,"ROE_YEARLY":2.998676885119,"ROIC_YEARLY":2.445939492272,"TOTAL_ASSETS":883003549.82,"TOTAL_LIABILITIES":173647157.74,"TAX_EBT":9.50580610316,"OCF_SALES":13.801013312994,"TOTAL_PARENT_EQUITY":709356392.08,"DEBT_ASSET_RATIO":19.6655107191,"OPERATE_PROFIT":30070192.04,"PRETAX_PROFIT":23490128.62,"NETCASH_OPERATE":87236362.08,"NETCASH_INVEST":-289990.4,"NETCASH_FINANCE":-84083622.7,"END_CASH":120155709.8,"DIVI_RATIO":0.396470136846,"DIVIDEND_RATE":4.285714285714,"CURRENT_RATIO":1.883444837235,"COMMON_ACS":2000000000,"CURRENTDEBT_DEBT":90.642270779733,"ISSUED_COMMON_SHARES":620000000,"HK_COMMON_SHARES":620000000,"PER_SHARES":4000,"TOTAL_MARKET_CAP":217000000,"HKSK_MARKET_CAP":217000000,"PE_TTM":-42.267238021036,"PB_TTM":0.284948545121,"REPORT_DATE_SQ":"2022-12-31 00:00:00","REPORT_TYPE_SQ":"2022年年报","OPERATE_INCOME_SQ":1021848177.07,"DPS_HKD":0.015,"OPERATE_INCOME_QOQ_SQ":1.143050120643,"NET_PROFIT_RATIO_SQ":9.2614042158,"HOLDER_PROFIT_SQ":94637490.15,"HOLDER_PROFIT_QOQ_SQ":7.982479910156,"ROE_AVG_SQ":13.790307149821,"PE_TTM_SQ":3.894622139606,"PB_TTM_SQ":0.397183371117,"ROA_SQ":8.304045072048,"START_DATE":"2023-01-01 00:00:00","FISCAL_YEAR":"12-31","CURRENCY":"HKD","IS_CNY_CODE":0,"DPS_HKD_LY":0.02,"ORG_TYPE":"一般企业","PREMIUM_INCOME":null,"PREMIUM_INCOME_YOY":null,"NET_INTEREST_INCOME":null,"NET_INTEREST_INCOME_YOY":null,"FEE_COMMISSION_INCOME":null,"FEE_COMMISSION_INCOME_YOY":null,"ACCOUNTS_RECE_TDAYS":3.97819025919,"INVENTORY_TDAYS":5.432516746874,"CURRENT_ASSETS_TDAYS":1.679305948957,"TOTAL_ASSETS_TDAYS":0.640216540293,"PREMIUM_EXPENSE":null,"LOAN_DEPOSIT":null,"LOAN_EQUITY":null,"LOAN_ASSETS":null,"DEPOSIT_EQUITY":null,"DEPOSIT_ASSETS":null,"EQUITY_MULTIPLIER":1.244795366164,"EQUITY_RATIO":0.244795366164},{"SECUCODE":"02182.HK","SECURITY_CODE":"02182","SECURITY_NAME_ABBR":"天长集团","ORG_CODE":"10697679","STD_REPORT_DATE":"2023-06-30 00:00:00","REPORT_DATE":"2023-06-30 00:00:00","DATE_TYPE_CODE":"002","REPORT_TYPE":"2023年中报","PER_NETCASH_OPERATE":0.093155669548,"PER_OI":0.596165651581,"BPS":1.137434829484,"BASIC_EPS":0.030701934,"DILUTED_EPS":0.030333142,"OPERATE_INCOME":369622703.98,"OPERATE_INCOME_YOY":-29.8402903684,"GROSS_PROFIT":73734428.52,"GROSS_PROFIT_YOY":-27.739976283697,"HOLDER_PROFIT":19036121.06,"HOLDER_PROFIT_YOY":-57.5050939552,"GROSS_PROFIT_RATIO":19.948565855411,"EPS_TTM":0.116326604323,"OPERATE_INCOME_QOQ":-11.649785846009,"NET_PROFIT_RATIO":5.1501492887,"ROE_AVG":2.66996505911,"GROSS_PROFIT_QOQ":-12.184291712365,"ROA":1.809521305499,"HOLDER_PROFIT_QOQ":-23.790778299714,"ROE_YEARLY":5.33993011822,"ROIC_YEARLY":4.144398578455,"TOTAL_ASSETS":993366145.46,"TOTAL_LIABILITIES":288156551.18,"TAX_EBT":7.150245087017,"OCF_SALES":15.625802879015,"TOTAL_PARENT_EQUITY":705209594.28,"DEBT_ASSET_RATIO":29.0080905713,"OPERATE_PROFIT":24282187.26,"PRETAX_PROFIT":20502069.26,"NETCASH_OPERATE":57756515.12,"NETCASH_INVEST":-532904.44,"NETCASH_FINANCE":-29104142.66,"END_CASH":148355801.8,"DIVI_RATIO":0.116854610166,"DIVIDEND_RATE":4.285714285714,"CURRENT_RATIO":1.445568863108,"COMMON_ACS":2000000000,"CURRENTDEBT_DEBT":92.005848832633,"ISSUED_COMMON_SHARES":620000000,"HK_COMMON_SHARES":620000000,"PER_SHARES":4000,"TOTAL_MARKET_CAP":217000000,"HKSK_MARKET_CAP":217000000,"PE_TTM":-42.267238021036,"PB_TTM":0.284948545121,"REPORT_DATE_SQ":"2022-06-30 00:00:00","REPORT_TYPE_SQ":"2022年中报","OPERATE_INCOME_SQ":488665828.28,"DPS_HKD":0.015,"OPERATE_INCOME_QOQ_SQ":10.557664873894,"NET_PROFIT_RATIO_SQ":8.5029715862,"HOLDER_PROFIT_SQ":41551116.53,"HOLDER_PROFIT_QOQ_SQ":11.353822611697,"ROE_AVG_SQ":6.440222127817,"PE_TTM_SQ":3.894622139606,"PB_TTM_SQ":0.397183371117,"ROA_SQ":3.828292187879,"START_DATE":"2023-01-01 00:00:00","FISCAL_YEAR":"12-31","CURRENCY":"HKD","IS_CNY_CODE":0,"DPS_HKD_LY":0.02,"ORG_TYPE":"一般企业","PREMIUM_INCOME":null,"PREMIUM_INCOME_YOY":null,"NET_INTEREST_INCOME":null,"NET_INTEREST_INCOME_YOY":null,"FEE_COMMISSION_INCOME":null,"FEE_COMMISSION_INCOME_YOY":null,"ACCOUNTS_RECE_TDAYS":2.126637809393,"INVENTORY_TDAYS":2.660799416315,"CURRENT_ASSETS_TDAYS":0.872215048664,"TOTAL_ASSETS_TDAYS":0.351353175229,"PREMIUM_EXPENSE":null,"LOAN_DEPOSIT":null,"LOAN_EQUITY":null,"LOAN_ASSETS":null,"DEPOSIT_EQUITY":null,"DEPOSIT_ASSETS":null,"EQUITY_MULTIPLIER":1.40861121788,"EQUITY_RATIO":0.408611217881},{"SECUCODE":"02182.HK","SECURITY_CODE":"02182","SECURITY_NAME_ABBR":"天长集团","ORG_CODE":"10697679","STD_REPORT_DATE":"2022-12-31 00:00:00","REPORT_DATE":"2022-12-31 00:00:00","DATE_TYPE_CODE":"001","REPORT_TYPE":"2022年年报","PER_NETCASH_OPERATE":0.215834202613,"PER_OI":1.648142221081,"BPS":1.126278038742,"BASIC_EPS":0.152659843,"DILUTED_EPS":0.151766573,"OPERATE_INCOME":1021848177.07,"OPERATE_INCOME_YOY":2.3488665889,"GROSS_PROFIT":232315408.71,"GROSS_PROFIT_YOY":11.929942099277,"HOLDER_PROFIT":94637490.15,"HOLDER_PROFIT_YOY":10.0567190227,"GROSS_PROFIT_RATIO":22.734826359052,"EPS_TTM":0.152641113145,"OPERATE_INCOME_QOQ":1.143050120643,"NET_PROFIT_RATIO":9.2614042158,"ROE_AVG":13.790307149821,"GROSS_PROFIT_QOQ":3.901210174697,"ROA":8.304045072048,"HOLDER_PROFIT_QOQ":7.982479910156,"ROE_YEARLY":13.790307149821,"ROIC_YEARLY":9.178238188904,"TOTAL_ASSETS":1076044654.51,"TOTAL_LIABILITIES":377752270.49,"TAX_EBT":9.313851368702,"OCF_SALES":13.095605455176,"TOTAL_PARENT_EQUITY":698292384.02,"DEBT_ASSET_RATIO":35.1056314352,"OPERATE_PROFIT":117646338.81,"PRETAX_PROFIT":104357161.02,"NETCASH_OPERATE":133817205.62,"NETCASH_INVEST":-1149638.49,"NETCASH_FINANCE":-124016247.18,"END_CASH":114667283.36,"DIVI_RATIO":0.089053988928,"DIVIDEND_RATE":4.285714285714,"CURRENT_RATIO":1.287190943458,"COMMON_ACS":2000000000,"CURRENTDEBT_DEBT":92.514312334028,"ISSUED_COMMON_SHARES":620000000,"HK_COMMON_SHARES":620000000,"PER_SHARES":4000,"TOTAL_MARKET_CAP":217000000,"HKSK_MARKET_CAP":217000000,"PE_TTM":-42.267238021036,"PB_TTM":0.284948545121,"REPORT_DATE_SQ":"2021-12-31 00:00:00","REPORT_TYPE_SQ":"2021年年报","OPERATE_INCOME_SQ":913821708.8,"DPS_HKD":0.015,"OPERATE_INCOME_QOQ_SQ":16.118640600911,"NET_PROFIT_RATIO_SQ":8.6127792371,"HOLDER_PROFIT_SQ":78705446.4,"HOLDER_PROFIT_QOQ_SQ":-12.140094490404,"ROE_AVG_SQ":13.820946780224,"PE_TTM_SQ":3.894622139606,"PB_TTM_SQ":0.397183371117,"ROA_SQ":7.66944519136,"START_DATE":"2022-01-01 00:00:00","FISCAL_YEAR":"12-31","CURRENCY":"HKD","IS_CNY_CODE":0,"DPS_HKD_LY":0.02,"ORG_TYPE":"一般企业","PREMIUM_INCOME":null,"PREMIUM_INCOME_YOY":null,"NET_INTEREST_INCOME":null,"NET_INTEREST_INCOME_YOY":null,"FEE_COMMISSION_INCOME":null,"FEE_COMMISSION_INCOME_YOY":null,"ACCOUNTS_RECE_TDAYS":4.671873787558,"INVENTORY_TDAYS":5.884117500208,"CURRENT_ASSETS_TDAYS":2.173311535769,"TOTAL_ASSETS_TDAYS":0.896629158881,"PREMIUM_EXPENSE":null,"LOAN_DEPOSIT":null,"LOAN_EQUITY":null,"LOAN_ASSETS":null,"DEPOSIT_EQUITY":null,"DEPOSIT_ASSETS":null,"EQUITY_MULTIPLIER":1.540965760383,"EQUITY_RATIO":0.540965760382},{"SECUCODE":"02182.HK","SECURITY_CODE":"02182","SECURITY_NAME_ABBR":"天长集团","ORG_CODE":"10697679","STD_REPORT_DATE":"2022-06-30 00:00:00","REPORT_DATE":"2022-06-30 00:00:00","DATE_TYPE_CODE":"002","REPORT_TYPE":"2022年中报","PER_NETCASH_OPERATE":0.062548872468,"PER_OI":0.788170690774,"BPS":1.040122078823,"BASIC_EPS":0.067046896,"DILUTED_EPS":0.066619301,"OPERATE_INCOME":488665828.28,"OPERATE_INCOME_YOY":21.2329261203,"GROSS_PROFIT":102040415.61,"GROSS_PROFIT_YOY":18.648714827843,"HOLDER_PROFIT":41551116.53,"HOLDER_PROFIT_YOY":23.9559149935,"GROSS_PROFIT_RATIO":20.881430561486,"EPS_TTM":0.141357295435,"OPERATE_INCOME_QOQ":10.557664873894,"NET_PROFIT_RATIO":8.5029715862,"ROE_AVG":6.440222127817,"GROSS_PROFIT_QOQ":7.727274697841,"ROA":3.828292187879,"HOLDER_PROFIT_QOQ":11.353822611697,"ROE_YEARLY":12.880444255634,"ROIC_YEARLY":8.340153003795,"TOTAL_ASSETS":1018768177.63,"TOTAL_LIABILITIES":373892488.76,"TAX_EBT":12.633736716235,"OCF_SALES":7.935955142699,"TOTAL_PARENT_EQUITY":644875688.87,"DEBT_ASSET_RATIO":36.7004483424,"OPERATE_PROFIT":51907467.43,"PRETAX_PROFIT":47559681.47,"NETCASH_OPERATE":38780300.93,"NETCASH_INVEST":1508555.16,"NETCASH_FINANCE":-60194258.53,"END_CASH":79854221.44,"DIVI_RATIO":0.096162705703,"DIVIDEND_RATE":4.285714285714,"CURRENT_RATIO":1.106242750837,"COMMON_ACS":2000000000,"CURRENTDEBT_DEBT":92.487031225698,"ISSUED_COMMON_SHARES":620000000,"HK_COMMON_SHARES":620000000,"PER_SHARES":4000,"TOTAL_MARKET_CAP":217000000,"HKSK_MARKET_CAP":217000000,"PE_TTM":-42.267238021036,"PB_TTM":0.284948545121,"REPORT_DATE_SQ":"2021-06-30 00:00:00","REPORT_TYPE_SQ":"2021年中报","OPERATE_INCOME_SQ":392187594.72,"DPS_HKD":0.015,"OPERATE_INCOME_QOQ_SQ":18.752034612719,"NET_PROFIT_RATIO_SQ":8.3161834283,"HOLDER_PROFIT_SQ":32615039.76,"HOLDER_PROFIT_QOQ_SQ":44.390196901312,"ROE_AVG_SQ":5.966761680411,"PE_TTM_SQ":3.894622139606,"PB_TTM_SQ":0.397183371117,"ROA_SQ":3.324982069595,"START_DATE":"2022-01-01 00:00:00","FISCAL_YEAR":"12-31","CURRENCY":"HKD","IS_CNY_CODE":0,"DPS_HKD_LY":0.02,"ORG_TYPE":"一般企业","PREMIUM_INCOME":null,"PREMIUM_INCOME_YOY":null,"NET_INTEREST_INCOME":null,"NET_INTEREST_INCOME_YOY":null,"FEE_COMMISSION_INCOME":null,"FEE_COMMISSION_INCOME_YOY":null,"ACCOUNTS_RECE_TDAYS":2.43505311918,"INVENTORY_TDAYS":3.031444769654,"CURRENT_ASSETS_TDAYS":1.146901233886,"TOTAL_ASSETS_TDAYS":0.450229916574,"PREMIUM_EXPENSE":null,"LOAN_DEPOSIT":null,"LOAN_EQUITY":null,"LOAN_ASSETS":null,"DEPOSIT_EQUITY":null,"DEPOSIT_ASSETS":null,"EQUITY_MULTIPLIER":1.579790020329,"EQUITY_RATIO":0.57979002033},{"SECUCODE":"02182.HK","SECURITY_CODE":"02182","SECURITY_NAME_ABBR":"天长集团","ORG_CODE":"10697679","STD_REPORT_DATE":"2021-12-31 00:00:00","REPORT_DATE":"2021-12-31 00:00:00","DATE_TYPE_CODE":"001","REPORT_TYPE":"2021年年报","PER_NETCASH_OPERATE":0.124321354839,"PER_OI":1.473905981935,"BPS":0.99534624,"BASIC_EPS":0.12697328,"DILUTED_EPS":0.12582864,"OPERATE_INCOME":913821708.8,"OPERATE_INCOME_YOY":41.9477415373,"GROSS_PROFIT":207554300.8,"GROSS_PROFIT_YOY":27.315850301173,"HOLDER_PROFIT":78705446.4,"HOLDER_PROFIT_YOY":30.5912038419,"GROSS_PROFIT_RATIO":22.712778521376,"EPS_TTM":0.126944268387,"OPERATE_INCOME_QOQ":16.118640600911,"NET_PROFIT_RATIO":8.6127792371,"ROE_AVG":13.820946780224,"GROSS_PROFIT_QOQ":11.433621886984,"ROA":7.66944519136,"HOLDER_PROFIT_QOQ":-12.140094490404,"ROE_YEARLY":13.820946780224,"ROIC_YEARLY":8.449057617265,"TOTAL_ASSETS":1101335816,"TOTAL_LIABILITIES":484221147.2,"TAX_EBT":14.360443392702,"OCF_SALES":8.434822598077,"TOTAL_PARENT_EQUITY":617114668.8,"DEBT_ASSET_RATIO":43.966712075,"OPERATE_PROFIT":98171684.8,"PRETAX_PROFIT":91903145.6,"NETCASH_OPERATE":77079240,"NETCASH_INVEST":-44232977.6,"NETCASH_FINANCE":-36917910.4,"END_CASH":93751739.2,"DIVI_RATIO":0.107080848728,"DIVIDEND_RATE":4.285714285714,"CURRENT_RATIO":1.004919112803,"COMMON_ACS":2000000000,"CURRENTDEBT_DEBT":92.265558120176,"ISSUED_COMMON_SHARES":620000000,"HK_COMMON_SHARES":620000000,"PER_SHARES":4000,"TOTAL_MARKET_CAP":217000000,"HKSK_MARKET_CAP":217000000,"PE_TTM":-42.267238021036,"PB_TTM":0.284948545121,"REPORT_DATE_SQ":"2020-12-31 00:00:00","REPORT_TYPE_SQ":"2020年年报","OPERATE_INCOME_SQ":662702286.16,"DPS_HKD":0.015,"OPERATE_INCOME_QOQ_SQ":-17.38534489901,"NET_PROFIT_RATIO_SQ":9.3617680602,"HOLDER_PROFIT_SQ":62040650.96,"HOLDER_PROFIT_QOQ_SQ":1.658658941583,"ROE_AVG_SQ":12.542228400455,"PE_TTM_SQ":3.894622139606,"PB_TTM_SQ":0.397183371117,"ROA_SQ":6.899414503521,"START_DATE":"2021-01-01 00:00:00","FISCAL_YEAR":"12-31","CURRENCY":"HKD","IS_CNY_CODE":0,"DPS_HKD_LY":0.015,"ORG_TYPE":"一般企业","PREMIUM_INCOME":null,"PREMIUM_INCOME_YOY":null,"NET_INTEREST_INCOME":null,"NET_INTEREST_INCOME_YOY":null,"FEE_COMMISSION_INCOME":null,"FEE_COMMISSION_INCOME_YOY":null,"ACCOUNTS_RECE_TDAYS":5.066880641198,"INVENTORY_TDAYS":6.373482864205,"CURRENT_ASSETS_TDAYS":2.33686853745,"TOTAL_ASSETS_TDAYS":0.890472747553,"PREMIUM_EXPENSE":null,"LOAN_DEPOSIT":null,"LOAN_EQUITY":null,"LOAN_ASSETS":null,"DEPOSIT_EQUITY":null,"DEPOSIT_ASSETS":null,"EQUITY_MULTIPLIER":1.78465343911,"EQUITY_RATIO":0.784653439111},{"SECUCODE":"02182.HK","SECURITY_CODE":"02182","SECURITY_NAME_ABBR":"天长集团","ORG_CODE":"10697679","STD_REPORT_DATE":"2021-06-30 00:00:00","REPORT_DATE":"2021-06-30 00:00:00","DATE_TYPE_CODE":"002","REPORT_TYPE":"2021年中报","PER_NETCASH_OPERATE":0.033632136774,"PER_OI":0.632560636645,"BPS":0.906721602194,"BASIC_EPS":0.052587456,"DILUTED_EPS":0.052254624,"OPERATE_INCOME":392187594.72,"OPERATE_INCOME_YOY":60.697019495,"GROSS_PROFIT":86002124.64,"GROSS_PROFIT_YOY":37.017993663348,"HOLDER_PROFIT":32615039.76,"HOLDER_PROFIT_YOY":605.4895608351,"GROSS_PROFIT_RATIO":21.92882329728,"EPS_TTM":0.144484867871,"OPERATE_INCOME_QOQ":18.752034612719,"NET_PROFIT_RATIO":8.3161834283,"ROE_AVG":5.966761680411,"GROSS_PROFIT_QOQ":14.252635914766,"ROA":3.324982069595,"HOLDER_PROFIT_QOQ":44.390196901312,"ROE_YEARLY":11.933523360823,"ROIC_YEARLY":7.20247107766,"TOTAL_ASSETS":993867138.96,"TOTAL_LIABILITIES":431699745.6,"TAX_EBT":13.909510213046,"OCF_SALES":5.316824162908,"TOTAL_PARENT_EQUITY":562167393.36,"DEBT_ASSET_RATIO":43.4363637429,"OPERATE_PROFIT":41440080.24,"PRETAX_PROFIT":37884602.4,"NETCASH_OPERATE":20851924.8,"NETCASH_INVEST":-23676004.32,"NETCASH_FINANCE":-40697032.8,"END_CASH":53167415.76,"DIVI_RATIO":0.094081132511,"DIVIDEND_RATE":4.285714285714,"CURRENT_RATIO":0.86173855296,"COMMON_ACS":2000000000,"CURRENTDEBT_DEBT":89.392853012606,"ISSUED_COMMON_SHARES":620000000,"HK_COMMON_SHARES":620000000,"PER_SHARES":4000,"TOTAL_MARKET_CAP":217000000,"HKSK_MARKET_CAP":217000000,"PE_TTM":-42.267238021036,"PB_TTM":0.284948545121,"REPORT_DATE_SQ":"2020-06-30 00:00:00","REPORT_TYPE_SQ":"2020年中报","OPERATE_INCOME_SQ":267917432.64,"DPS_HKD":0.015,"OPERATE_INCOME_QOQ_SQ":-28.422419459879,"NET_PROFIT_RATIO_SQ":1.8942674204,"HOLDER_PROFIT_SQ":5075072.64,"HOLDER_PROFIT_QOQ_SQ":-46.437954522572,"ROE_AVG_SQ":1.047721686198,"PE_TTM_SQ":3.894622139606,"PB_TTM_SQ":0.397183371117,"ROA_SQ":0.560339350224,"START_DATE":"2021-01-01 00:00:00","FISCAL_YEAR":"12-31","CURRENCY":"HKD","IS_CNY_CODE":0,"DPS_HKD_LY":0.015,"ORG_TYPE":"一般企业","PREMIUM_INCOME":null,"PREMIUM_INCOME_YOY":null,"NET_INTEREST_INCOME":null,"NET_INTEREST_INCOME_YOY":null,"FEE_COMMISSION_INCOME":null,"FEE_COMMISSION_INCOME_YOY":null,"ACCOUNTS_RECE_TDAYS":2.324877302883,"INVENTORY_TDAYS":3.408968580785,"CURRENT_ASSETS_TDAYS":1.167962037157,"TOTAL_ASSETS_TDAYS":0.399820674743,"PREMIUM_EXPENSE":null,"LOAN_DEPOSIT":null,"LOAN_EQUITY":null,"LOAN_ASSETS":null,"DEPOSIT_EQUITY":null,"DEPOSIT_ASSETS":null,"EQUITY_MULTIPLIER":1.767920286197,"EQUITY_RATIO":0.767920286198},{"SECUCODE":"02182.HK","SECURITY_CODE":"02182","SECURITY_NAME_ABBR":"天长集团","ORG_CODE":"10697679","STD_REPORT_DATE":"2020-12-31 00:00:00","REPORT_DATE":"2020-12-31 00:00:00","DATE_TYPE_CODE":"001","REPORT_TYPE":"2020年年报","PER_NETCASH_OPERATE":0.114404668194,"PER_OI":1.068874655097,"BPS":0.866384216,"BASIC_EPS":0.100070996,"DILUTED_EPS":0.099986832,"OPERATE_INCOME":662702286.16,"OPERATE_INCOME_YOY":-37.062555852,"GROSS_PROFIT":163023143.08,"GROSS_PROFIT_YOY":-41.922792301878,"HOLDER_PROFIT":62040650.96,"HOLDER_PROFIT_YOY":-42.0469197145,"GROSS_PROFIT_RATIO":24.599755649649,"EPS_TTM":0.100065566065,"OPERATE_INCOME_QOQ":-17.38534489901,"NET_PROFIT_RATIO":9.3617680602,"ROE_AVG":12.542228400455,"GROSS_PROFIT_QOQ":-18.766596839148,"ROA":6.899414503521,"HOLDER_PROFIT_QOQ":1.658658941583,"ROE_YEARLY":12.542228400455,"ROIC_YEARLY":7.62183048422,"TOTAL_ASSETS":979071395.6,"TOTAL_LIABILITIES":441913181.68,"TAX_EBT":15.782378210401,"OCF_SALES":10.703281965573,"TOTAL_PARENT_EQUITY":537158213.92,"DEBT_ASSET_RATIO":45.1359506228,"OPERATE_PROFIT":81092014,"PRETAX_PROFIT":73667065.92,"NETCASH_OPERATE":70930894.28,"NETCASH_INVEST":-72817851.16,"NETCASH_FINANCE":29883269.84,"END_CASH":98443264.24,"DIVI_RATIO":0.13584393248,"DIVIDEND_RATE":4.285714285714,"CURRENT_RATIO":0.893287643002,"COMMON_ACS":2000000000,"CURRENTDEBT_DEBT":86.868598375049,"ISSUED_COMMON_SHARES":620000000,"HK_COMMON_SHARES":620000000,"PER_SHARES":4000,"TOTAL_MARKET_CAP":217000000,"HKSK_MARKET_CAP":217000000,"PE_TTM":-42.267238021036,"PB_TTM":0.284948545121,"REPORT_DATE_SQ":"2019-12-31 00:00:00","REPORT_TYPE_SQ":"2019年年报","OPERATE_INCOME_SQ":1120687067.72,"DPS_HKD":0.015,"OPERATE_INCOME_QOQ_SQ":-5.91753863478,"NET_PROFIT_RATIO_SQ":10.1669445612,"HOLDER_PROFIT_SQ":113939632.88,"HOLDER_PROFIT_QOQ_SQ":-5.918044460266,"ROE_AVG_SQ":25.736039479355,"PE_TTM_SQ":3.894622139606,"PB_TTM_SQ":0.397183371117,"ROA_SQ":13.077411043563,"START_DATE":"2020-01-01 00:00:00","FISCAL_YEAR":"12-31","CURRENCY":"HKD","IS_CNY_CODE":0,"DPS_HKD_LY":0.015,"ORG_TYPE":"一般企业","PREMIUM_INCOME":null,"PREMIUM_INCOME_YOY":null,"NET_INTEREST_INCOME":null,"NET_INTEREST_INCOME_YOY":null,"FEE_COMMISSION_INCOME":null,"FEE_COMMISSION_INCOME_YOY":null,"ACCOUNTS_RECE_TDAYS":4.604872172009,"INVENTORY_TDAYS":6.486046244858,"CURRENT_ASSETS_TDAYS":2.156393094231,"TOTAL_ASSETS_TDAYS":0.736977722493,"PREMIUM_EXPENSE":null,"LOAN_DEPOSIT":null,"LOAN_EQUITY":null,"LOAN_ASSETS":null,"DEPOSIT_EQUITY":null,"DEPOSIT_ASSETS":null,"EQUITY_MULTIPLIER":1.822687190158,"EQUITY_RATIO":0.822687190158},{"SECUCODE":"02182.HK","SECURITY_CODE":"02182","SECURITY_NAME_ABBR":"天长集团","ORG_CODE":"10697679","STD_REPORT_DATE":"2020-06-30 00:00:00","REPORT_DATE":"2020-06-30 00:00:00","DATE_TYPE_CODE":"002","REPORT_TYPE":"2020年中报","PER_NETCASH_OPERATE":0.039482707355,"PER_OI":0.432124891355,"BPS":0.771064169806,"BASIC_EPS":0.00822096,"DILUTED_EPS":0.00822096,"OPERATE_INCOME":267917432.64,"OPERATE_INCOME_YOY":-56.0043859715,"GROSS_PROFIT":62767029.6,"GROSS_PROFIT_YOY":-56.040231098677,"HOLDER_PROFIT":5075072.64,"HOLDER_PROFIT_YOY":-91.5714740818,"GROSS_PROFIT_RATIO":23.427751222273,"EPS_TTM":0.098432899968,"OPERATE_INCOME_QOQ":-28.422419459879,"NET_PROFIT_RATIO":1.8942674204,"ROE_AVG":1.047721686198,"GROSS_PROFIT_QOQ":-28.50575571342,"ROA":0.560339350224,"HOLDER_PROFIT_QOQ":-46.437954522572,"ROE_YEARLY":2.095443372397,"ROIC_YEARLY":1.253609401168,"TOTAL_ASSETS":922167919.2,"TOTAL_LIABILITIES":444108133.92,"TAX_EBT":0.215517241379,"OCF_SALES":9.136874117816,"TOTAL_PARENT_EQUITY":478059785.28,"DEBT_ASSET_RATIO":48.1591394228,"OPERATE_PROFIT":9155409.12,"PRETAX_PROFIT":5086033.92,"NETCASH_OPERATE":15784243.2,"NETCASH_INVEST":-16926956.64,"NETCASH_FINANCE":37507673.28,"END_CASH":113920583.04,"DIVI_RATIO":0.138097120012,"DIVIDEND_RATE":4.285714285714,"CURRENT_RATIO":0.814321126787,"COMMON_ACS":2000000000,"CURRENTDEBT_DEBT":86.872702815549,"ISSUED_COMMON_SHARES":620000000,"HK_COMMON_SHARES":620000000,"PER_SHARES":4000,"TOTAL_MARKET_CAP":217000000,"HKSK_MARKET_CAP":217000000,"PE_TTM":-42.267238021036,"PB_TTM":0.284948545121,"REPORT_DATE_SQ":"2019-06-30 00:00:00","REPORT_TYPE_SQ":"2019年中报","OPERATE_INCOME_SQ":586443811.86,"DPS_HKD":0.015,"OPERATE_INCOME_QOQ_SQ":41.620194019086,"NET_PROFIT_RATIO_SQ":9.8877857294,"HOLDER_PROFIT_SQ":57986307.54,"HOLDER_PROFIT_QOQ_SQ":82.454226690455,"ROE_AVG_SQ":13.862901979258,"PE_TTM_SQ":3.894622139606,"PB_TTM_SQ":0.397183371117,"ROA_SQ":7.025458614764,"START_DATE":"2020-01-01 00:00:00","FISCAL_YEAR":"12-31","CURRENCY":"HKD","IS_CNY_CODE":0,"DPS_HKD_LY":0.015,"ORG_TYPE":"一般企业","PREMIUM_INCOME":null,"PREMIUM_INCOME_YOY":null,"NET_INTEREST_INCOME":null,"NET_INTEREST_INCOME_YOY":null,"FEE_COMMISSION_INCOME":null,"FEE_COMMISSION_INCOME_YOY":null,"ACCOUNTS_RECE_TDAYS":1.99276423289,"INVENTORY_TDAYS":2.777202777314,"CURRENT_ASSETS_TDAYS":0.879753925893,"TOTAL_ASSETS_TDAYS":0.295807943587,"PREMIUM_EXPENSE":null,"LOAN_DEPOSIT":null,"LOAN_EQUITY":null,"LOAN_ASSETS":null,"DEPOSIT_EQUITY":null,"DEPOSIT_ASSETS":null,"EQUITY_MULTIPLIER":1.92898032337,"EQUITY_RATIO":0.928980323371}],"count":18},"success":true,"message":"ok","code":0}