{"version":"59952725f768c0bd60414937cb441845","result":{"pages":3,"data":[{"SECUCODE":"02186.HK","SECURITY_CODE":"02186","SECURITY_NAME_ABBR":"绿叶制药","ORG_CODE":"10181652","STD_REPORT_DATE":"2024-06-30 00:00:00","REPORT_DATE":"2024-06-30 00:00:00","DATE_TYPE_CODE":"002","REPORT_TYPE":"2024年中报","PER_NETCASH_OPERATE":-0.104847031394,"PER_OI":0.817344816118,"BPS":3.461069358698,"BASIC_EPS":0.1031,"DILUTED_EPS":0.1031,"OPERATE_INCOME":3074582000,"OPERATE_INCOME_YOY":5.870098495,"GROSS_PROFIT":2078550000,"GROSS_PROFIT_YOY":6.956343205052,"HOLDER_PROFIT":387836000,"HOLDER_PROFIT_YOY":158.596984871,"GROSS_PROFIT_RATIO":67.604311740588,"EPS_TTM":0.204819632849,"OPERATE_INCOME_QOQ":2.775058366506,"NET_PROFIT_RATIO":14.2516283514,"ROE_AVG":3.035828373108,"GROSS_PROFIT_QOQ":3.215541693674,"ROA":1.47216521338,"HOLDER_PROFIT_QOQ":44.659550698923,"ROE_YEARLY":6.071656746217,"ROIC_YEARLY":3.759255598843,"TOTAL_ASSETS":27198480000,"TOTAL_LIABILITIES":13113827000,"TAX_EBT":17.321317717561,"OCF_SALES":-12.827760001197,"TOTAL_PARENT_EQUITY":13019403000,"DEBT_ASSET_RATIO":48.2152936488,"OPERATE_PROFIT":807468000,"PRETAX_PROFIT":529977000,"NETCASH_OPERATE":-394400000,"NETCASH_INVEST":-505313000,"NETCASH_FINANCE":980399000,"END_CASH":3339649000,"DIVI_RATIO":null,"DIVIDEND_RATE":null,"CURRENT_RATIO":1.282516292176,"COMMON_ACS":10000000000,"CURRENTDEBT_DEBT":74.535656143702,"ISSUED_COMMON_SHARES":3761670643,"HK_COMMON_SHARES":3761670643,"PER_SHARES":500,"TOTAL_MARKET_CAP":8839926011.05,"HKSK_MARKET_CAP":8839926011.05,"PE_TTM":10.39997332006,"PB_TTM":0.619692290942,"REPORT_DATE_SQ":"2023-06-30 00:00:00","REPORT_TYPE_SQ":"2023年中报","OPERATE_INCOME_SQ":2904108000,"DPS_HKD":null,"OPERATE_INCOME_QOQ_SQ":0.890756673403,"NET_PROFIT_RATIO_SQ":5.0051168896,"HOLDER_PROFIT_SQ":149977000,"HOLDER_PROFIT_QOQ_SQ":-24.308581084544,"ROE_AVG_SQ":1.394436886987,"PE_TTM_SQ":20.395231599889,"PB_TTM_SQ":0.816957306686,"ROA_SQ":0.59338295923,"START_DATE":"2024-01-01 00:00:00","FISCAL_YEAR":"12-31","CURRENCY":"HKD","IS_CNY_CODE":0,"DPS_HKD_LY":null,"ORG_TYPE":"一般企业","PREMIUM_INCOME":null,"PREMIUM_INCOME_YOY":null,"NET_INTEREST_INCOME":null,"NET_INTEREST_INCOME_YOY":null,"FEE_COMMISSION_INCOME":null,"FEE_COMMISSION_INCOME_YOY":null,"ACCOUNTS_RECE_TDAYS":1.24666123062,"INVENTORY_TDAYS":1.212153517475,"CURRENT_ASSETS_TDAYS":0.264602993355,"TOTAL_ASSETS_TDAYS":0.116706356967,"PREMIUM_EXPENSE":null,"LOAN_DEPOSIT":null,"LOAN_EQUITY":null,"LOAN_ASSETS":null,"DEPOSIT_EQUITY":null,"DEPOSIT_ASSETS":null,"EQUITY_MULTIPLIER":1.931072068302,"EQUITY_RATIO":1.007252559891},{"SECUCODE":"02186.HK","SECURITY_CODE":"02186","SECURITY_NAME_ABBR":"绿叶制药","ORG_CODE":"10181652","STD_REPORT_DATE":"2023-12-31 00:00:00","REPORT_DATE":"2023-12-31 00:00:00","DATE_TYPE_CODE":"001","REPORT_TYPE":"2023年年报","PER_NETCASH_OPERATE":0.424143193655,"PER_OI":1.63307173408,"BPS":3.331281813127,"BASIC_EPS":0.1429,"DILUTED_EPS":0.1429,"OPERATE_INCOME":6143078000,"OPERATE_INCOME_YOY":2.6986172391,"GROSS_PROFIT":4204175000,"GROSS_PROFIT_YOY":1.537465378711,"HOLDER_PROFIT":532605000,"HOLDER_PROFIT_YOY":-11.9380232041,"GROSS_PROFIT_RATIO":68.437597569167,"EPS_TTM":0.141587355871,"OPERATE_INCOME_QOQ":1.791899104846,"NET_PROFIT_RATIO":8.7753565883,"ROE_AVG":4.691079752495,"GROSS_PROFIT_QOQ":4.223814051036,"ROA":2.141541453074,"HOLDER_PROFIT_QOQ":16.343408615797,"ROE_YEARLY":4.691079752495,"ROIC_YEARLY":2.676665622596,"TOTAL_ASSETS":25490715000,"TOTAL_LIABILITIES":11962221000,"TAX_EBT":23,"OCF_SALES":25.972110398077,"TOTAL_PARENT_EQUITY":12531185000,"DEBT_ASSET_RATIO":46.927757813,"OPERATE_PROFIT":1374760000,"PRETAX_PROFIT":700100000,"NETCASH_OPERATE":1595487000,"NETCASH_INVEST":-1418258000,"NETCASH_FINANCE":841599000,"END_CASH":3238973000,"DIVI_RATIO":null,"DIVIDEND_RATE":null,"CURRENT_RATIO":1.31525385156,"COMMON_ACS":10000000000,"CURRENTDEBT_DEBT":68.029231360966,"ISSUED_COMMON_SHARES":3761670643,"HK_COMMON_SHARES":3761670643,"PER_SHARES":500,"TOTAL_MARKET_CAP":9028009543.2,"HKSK_MARKET_CAP":9028009543.2,"PE_TTM":10.621249348146,"PB_TTM":0.632877233302,"REPORT_DATE_SQ":"2022-12-31 00:00:00","REPORT_TYPE_SQ":"2022年年报","OPERATE_INCOME_SQ":5981656000,"DPS_HKD":null,"OPERATE_INCOME_QOQ_SQ":17.301448722866,"NET_PROFIT_RATIO_SQ":9.751413321,"HOLDER_PROFIT_SQ":604807000,"HOLDER_PROFIT_QOQ_SQ":370.027234574516,"ROE_AVG_SQ":6.480974119427,"PE_TTM_SQ":28.644988202091,"PB_TTM_SQ":1.147411947593,"ROA_SQ":2.582896545728,"START_DATE":"2023-01-01 00:00:00","FISCAL_YEAR":"12-31","CURRENCY":"HKD","IS_CNY_CODE":0,"DPS_HKD_LY":null,"ORG_TYPE":"一般企业","PREMIUM_INCOME":null,"PREMIUM_INCOME_YOY":null,"NET_INTEREST_INCOME":null,"NET_INTEREST_INCOME_YOY":null,"FEE_COMMISSION_INCOME":null,"FEE_COMMISSION_INCOME_YOY":null,"ACCOUNTS_RECE_TDAYS":2.968685190711,"INVENTORY_TDAYS":2.422414514724,"CURRENT_ASSETS_TDAYS":0.571739107673,"TOTAL_ASSETS_TDAYS":0.247005870889,"PREMIUM_EXPENSE":null,"LOAN_DEPOSIT":null,"LOAN_EQUITY":null,"LOAN_ASSETS":null,"DEPOSIT_EQUITY":null,"DEPOSIT_ASSETS":null,"EQUITY_MULTIPLIER":1.884224142022,"EQUITY_RATIO":0.954596153516},{"SECUCODE":"02186.HK","SECURITY_CODE":"02186","SECURITY_NAME_ABBR":"绿叶制药","ORG_CODE":"10181652","STD_REPORT_DATE":"2023-06-30 00:00:00","REPORT_DATE":"2023-06-30 00:00:00","DATE_TYPE_CODE":"002","REPORT_TYPE":"2023年中报","PER_NETCASH_OPERATE":0.183356562937,"PER_OI":0.772026122331,"BPS":3.013237754106,"BASIC_EPS":0.0406,"DILUTED_EPS":0.0406,"OPERATE_INCOME":2904108000,"OPERATE_INCOME_YOY":1.8690021769,"GROSS_PROFIT":1943363000,"GROSS_PROFIT_YOY":-5.205689132738,"HOLDER_PROFIT":149977000,"HOLDER_PROFIT_YOY":-49.5021835237,"GROSS_PROFIT_RATIO":66.917724822906,"EPS_TTM":0.121697788947,"OPERATE_INCOME_QOQ":0.890756673403,"NET_PROFIT_RATIO":5.0051168896,"ROE_AVG":1.394436886987,"GROSS_PROFIT_QOQ":-2.577480681152,"ROA":0.59338295923,"HOLDER_PROFIT_QOQ":-24.308581084544,"ROE_YEARLY":2.788873773974,"ROIC_YEARLY":1.52050031118,"TOTAL_ASSETS":26300192000,"TOTAL_LIABILITIES":14105887000,"TAX_EBT":36.523311265219,"OCF_SALES":23.750046485875,"TOTAL_PARENT_EQUITY":11334808000,"DEBT_ASSET_RATIO":53.634159781,"OPERATE_PROFIT":535593000,"PRETAX_PROFIT":228988000,"NETCASH_OPERATE":689727000,"NETCASH_INVEST":-78019000,"NETCASH_FINANCE":1522952000,"END_CASH":4472767000,"DIVI_RATIO":null,"DIVIDEND_RATE":null,"CURRENT_RATIO":1.149138898015,"COMMON_ACS":10000000000,"CURRENTDEBT_DEBT":80.871965017159,"ISSUED_COMMON_SHARES":3761670643,"HK_COMMON_SHARES":3761670643,"PER_SHARES":500,"TOTAL_MARKET_CAP":7974741763.16,"HKSK_MARKET_CAP":7974741763.16,"PE_TTM":9.382103590862,"PB_TTM":0.559041556084,"REPORT_DATE_SQ":"2022-06-30 00:00:00","REPORT_TYPE_SQ":"2022年中报","OPERATE_INCOME_SQ":2850826000,"DPS_HKD":null,"OPERATE_INCOME_QOQ_SQ":-1.939108031074,"NET_PROFIT_RATIO_SQ":10.6350229723,"HOLDER_PROFIT_SQ":296997000,"HOLDER_PROFIT_QOQ_SQ":-66.661706053932,"ROE_AVG_SQ":3.433126981437,"PE_TTM_SQ":27.193642133185,"PB_TTM_SQ":1.089276408915,"ROA_SQ":1.315597599192,"START_DATE":"2023-01-01 00:00:00","FISCAL_YEAR":"12-31","CURRENCY":"HKD","IS_CNY_CODE":0,"DPS_HKD_LY":null,"ORG_TYPE":"一般企业","PREMIUM_INCOME":null,"PREMIUM_INCOME_YOY":null,"NET_INTEREST_INCOME":null,"NET_INTEREST_INCOME_YOY":null,"FEE_COMMISSION_INCOME":null,"FEE_COMMISSION_INCOME_YOY":null,"ACCOUNTS_RECE_TDAYS":1.462901782442,"INVENTORY_TDAYS":1.218798841009,"CURRENT_ASSETS_TDAYS":0.243073927131,"TOTAL_ASSETS_TDAYS":0.114900831392,"PREMIUM_EXPENSE":null,"LOAN_DEPOSIT":null,"LOAN_EQUITY":null,"LOAN_ASSETS":null,"DEPOSIT_EQUITY":null,"DEPOSIT_ASSETS":null,"EQUITY_MULTIPLIER":2.156760225366,"EQUITY_RATIO":1.244475160056},{"SECUCODE":"02186.HK","SECURITY_CODE":"02186","SECURITY_NAME_ABBR":"绿叶制药","ORG_CODE":"10181652","STD_REPORT_DATE":"2022-12-31 00:00:00","REPORT_DATE":"2022-12-31 00:00:00","DATE_TYPE_CODE":"001","REPORT_TYPE":"2022年年报","PER_NETCASH_OPERATE":0.465901252912,"PER_OI":1.685129861779,"BPS":2.705168784231,"BASIC_EPS":0.1738,"DILUTED_EPS":0.1738,"OPERATE_INCOME":5981656000,"OPERATE_INCOME_YOY":15.0268469101,"GROSS_PROFIT":4140516000,"GROSS_PROFIT_YOY":21.89675983443,"HOLDER_PROFIT":604807000,"HOLDER_PROFIT_YOY":550.0319959521,"GROSS_PROFIT_RATIO":69.220229314424,"EPS_TTM":0.170383976663,"OPERATE_INCOME_QOQ":17.301448722866,"NET_PROFIT_RATIO":9.751413321,"ROE_AVG":6.480974119427,"GROSS_PROFIT_QOQ":18.532679595425,"ROA":2.582896545728,"HOLDER_PROFIT_QOQ":370.027234574516,"ROE_YEARLY":6.480974119427,"ROIC_YEARLY":3.106067245423,"TOTAL_ASSETS":24249625000,"TOTAL_LIABILITIES":13207903000,"TAX_EBT":12.909959060084,"OCF_SALES":27.647795192502,"TOTAL_PARENT_EQUITY":10175954000,"DEBT_ASSET_RATIO":54.4664216457,"OPERATE_PROFIT":1140686000,"PRETAX_PROFIT":669762000,"NETCASH_OPERATE":1653796000,"NETCASH_INVEST":-1658308000,"NETCASH_FINANCE":54148000,"END_CASH":2323740000,"DIVI_RATIO":null,"DIVIDEND_RATE":null,"CURRENT_RATIO":1.136880174273,"COMMON_ACS":10000000000,"CURRENTDEBT_DEBT":71.829744661208,"ISSUED_COMMON_SHARES":3761670643,"HK_COMMON_SHARES":3761670643,"PER_SHARES":500,"TOTAL_MARKET_CAP":9028009543.2,"HKSK_MARKET_CAP":9028009543.2,"PE_TTM":10.621249348146,"PB_TTM":0.632877233302,"REPORT_DATE_SQ":"2021-12-31 00:00:00","REPORT_TYPE_SQ":"2021年年报","OPERATE_INCOME_SQ":5200226000,"DPS_HKD":null,"OPERATE_INCOME_QOQ_SQ":-5.94812468711,"NET_PROFIT_RATIO_SQ":-2.7841674573,"HOLDER_PROFIT_SQ":-134392000,"HOLDER_PROFIT_QOQ_SQ":-124.269216530776,"ROE_AVG_SQ":-1.640992678954,"PE_TTM_SQ":28.644988202091,"PB_TTM_SQ":1.147411947593,"ROA_SQ":-0.622003378781,"START_DATE":"2022-01-01 00:00:00","FISCAL_YEAR":"12-31","CURRENCY":"HKD","IS_CNY_CODE":0,"DPS_HKD_LY":null,"ORG_TYPE":"一般企业","PREMIUM_INCOME":null,"PREMIUM_INCOME_YOY":null,"NET_INTEREST_INCOME":null,"NET_INTEREST_INCOME_YOY":null,"FEE_COMMISSION_INCOME":null,"FEE_COMMISSION_INCOME_YOY":null,"ACCOUNTS_RECE_TDAYS":3.371103663172,"INVENTORY_TDAYS":2.423695914454,"CURRENT_ASSETS_TDAYS":0.56477398748,"TOTAL_ASSETS_TDAYS":0.255453369755,"PREMIUM_EXPENSE":null,"LOAN_DEPOSIT":null,"LOAN_EQUITY":null,"LOAN_ASSETS":null,"DEPOSIT_EQUITY":null,"DEPOSIT_ASSETS":null,"EQUITY_MULTIPLIER":2.196181447061,"EQUITY_RATIO":1.297952309926},{"SECUCODE":"02186.HK","SECURITY_CODE":"02186","SECURITY_NAME_ABBR":"绿叶制药","ORG_CODE":"10181652","STD_REPORT_DATE":"2022-06-30 00:00:00","REPORT_DATE":"2022-06-30 00:00:00","DATE_TYPE_CODE":"002","REPORT_TYPE":"2022年中报","PER_NETCASH_OPERATE":0.170282558804,"PER_OI":0.803124088603,"BPS":2.343031550729,"BASIC_EPS":0.0854,"DILUTED_EPS":0.0854,"OPERATE_INCOME":2850826000,"OPERATE_INCOME_YOY":-3.4163102575,"GROSS_PROFIT":2050084000,"GROSS_PROFIT_YOY":4.934428906254,"HOLDER_PROFIT":296997000,"HOLDER_PROFIT_YOY":-23.1742048967,"GROSS_PROFIT_RATIO":71.911930086228,"EPS_TTM":-0.063098811841,"OPERATE_INCOME_QOQ":-1.939108031074,"NET_PROFIT_RATIO":10.6350229723,"ROE_AVG":3.433126981437,"GROSS_PROFIT_QOQ":2.838103593445,"ROA":1.315597599192,"HOLDER_PROFIT_QOQ":-66.661706053932,"ROE_YEARLY":6.866253962874,"ROIC_YEARLY":3.18291556564,"TOTAL_ASSETS":22568067000,"TOTAL_LIABILITIES":13119336000,"TAX_EBT":19.230738492113,"OCF_SALES":21.202521655127,"TOTAL_PARENT_EQUITY":8813713000,"DEBT_ASSET_RATIO":58.1322981716,"OPERATE_PROFIT":588916000,"PRETAX_PROFIT":375373000,"NETCASH_OPERATE":604447000,"NETCASH_INVEST":319776000,"NETCASH_FINANCE":45664000,"END_CASH":3372826000,"DIVI_RATIO":null,"DIVIDEND_RATE":null,"CURRENT_RATIO":1.387250202254,"COMMON_ACS":10000000000,"CURRENTDEBT_DEBT":56.40786241011,"ISSUED_COMMON_SHARES":3761670643,"HK_COMMON_SHARES":3761670643,"PER_SHARES":500,"TOTAL_MARKET_CAP":7974741763.16,"HKSK_MARKET_CAP":7974741763.16,"PE_TTM":9.382103590862,"PB_TTM":0.559041556084,"REPORT_DATE_SQ":"2021-06-30 00:00:00","REPORT_TYPE_SQ":"2021年中报","OPERATE_INCOME_SQ":2951664000,"DPS_HKD":null,"OPERATE_INCOME_QOQ_SQ":-0.190210881896,"NET_PROFIT_RATIO_SQ":13.8223727362,"HOLDER_PROFIT_SQ":386585000,"HOLDER_PROFIT_QOQ_SQ":-21.629497329412,"ROE_AVG_SQ":4.539918482636,"PE_TTM_SQ":27.193642133185,"PB_TTM_SQ":1.089276408915,"ROA_SQ":1.820307576112,"START_DATE":"2022-01-01 00:00:00","FISCAL_YEAR":"12-31","CURRENCY":"HKD","IS_CNY_CODE":0,"DPS_HKD_LY":null,"ORG_TYPE":"一般企业","PREMIUM_INCOME":null,"PREMIUM_INCOME_YOY":null,"NET_INTEREST_INCOME":null,"NET_INTEREST_INCOME_YOY":null,"FEE_COMMISSION_INCOME":null,"FEE_COMMISSION_INCOME_YOY":null,"ACCOUNTS_RECE_TDAYS":1.540951210323,"INVENTORY_TDAYS":1.046059064553,"CURRENT_ASSETS_TDAYS":0.275938241233,"TOTAL_ASSETS_TDAYS":0.126282078314,"PREMIUM_EXPENSE":null,"LOAN_DEPOSIT":null,"LOAN_EQUITY":null,"LOAN_ASSETS":null,"DEPOSIT_EQUITY":null,"DEPOSIT_ASSETS":null,"EQUITY_MULTIPLIER":2.388475976299,"EQUITY_RATIO":1.488514091621},{"SECUCODE":"02186.HK","SECURITY_CODE":"02186","SECURITY_NAME_ABBR":"绿叶制药","ORG_CODE":"10181652","STD_REPORT_DATE":"2021-12-31 00:00:00","REPORT_DATE":"2021-12-31 00:00:00","DATE_TYPE_CODE":"001","REPORT_TYPE":"2021年年报","PER_NETCASH_OPERATE":0.051497269551,"PER_OI":1.468421185652,"BPS":2.25647692357,"BASIC_EPS":-0.039,"DILUTED_EPS":-0.039,"OPERATE_INCOME":5200226000,"OPERATE_INCOME_YOY":-6.1270215886,"GROSS_PROFIT":3396740000,"GROSS_PROFIT_YOY":-14.881770073477,"HOLDER_PROFIT":-134392000,"HOLDER_PROFIT_YOY":-119.0199069894,"GROSS_PROFIT_RATIO":65.319084209033,"EPS_TTM":-0.037949131438,"OPERATE_INCOME_QOQ":-5.94812468711,"NET_PROFIT_RATIO":-2.7841674573,"ROE_AVG":-1.640992678954,"GROSS_PROFIT_QOQ":-9.333952589532,"ROA":-0.622003378781,"HOLDER_PROFIT_QOQ":-124.269216530776,"ROE_YEARLY":-1.640992678954,"ROIC_YEARLY":-0.755466064724,"TOTAL_ASSETS":22582061000,"TOTAL_LIABILITIES":13468158000,"TAX_EBT":-94.191021634454,"OCF_SALES":3.506982196543,"TOTAL_PARENT_EQUITY":8488123000,"DEBT_ASSET_RATIO":59.6409601409,"OPERATE_PROFIT":324200000,"PRETAX_PROFIT":-74557000,"NETCASH_OPERATE":182371000,"NETCASH_INVEST":-3436032000,"NETCASH_FINANCE":1878897000,"END_CASH":2438252000,"DIVI_RATIO":null,"DIVIDEND_RATE":null,"CURRENT_RATIO":1.418334278511,"COMMON_ACS":10000000000,"CURRENTDEBT_DEBT":54.426098951319,"ISSUED_COMMON_SHARES":3761670643,"HK_COMMON_SHARES":3761670643,"PER_SHARES":500,"TOTAL_MARKET_CAP":9028009543.2,"HKSK_MARKET_CAP":9028009543.2,"PE_TTM":10.621249348146,"PB_TTM":0.632877233302,"REPORT_DATE_SQ":"2020-12-31 00:00:00","REPORT_TYPE_SQ":"2020年年报","OPERATE_INCOME_SQ":5539641000,"DPS_HKD":null,"OPERATE_INCOME_QOQ_SQ":-10.487056300504,"NET_PROFIT_RATIO_SQ":12.6951367426,"HOLDER_PROFIT_SQ":706586000,"HOLDER_PROFIT_QOQ_SQ":-44.656930396056,"ROE_AVG_SQ":8.410956076584,"PE_TTM_SQ":28.644988202091,"PB_TTM_SQ":1.147411947593,"ROA_SQ":3.537838396992,"START_DATE":"2021-01-01 00:00:00","FISCAL_YEAR":"12-31","CURRENCY":"HKD","IS_CNY_CODE":0,"DPS_HKD_LY":null,"ORG_TYPE":"一般企业","PREMIUM_INCOME":null,"PREMIUM_INCOME_YOY":null,"NET_INTEREST_INCOME":null,"NET_INTEREST_INCOME_YOY":null,"FEE_COMMISSION_INCOME":null,"FEE_COMMISSION_INCOME_YOY":null,"ACCOUNTS_RECE_TDAYS":3.134379788951,"INVENTORY_TDAYS":2.654826456026,"CURRENT_ASSETS_TDAYS":0.510649500751,"TOTAL_ASSETS_TDAYS":0.240680854696,"PREMIUM_EXPENSE":null,"LOAN_DEPOSIT":null,"LOAN_EQUITY":null,"LOAN_ASSETS":null,"DEPOSIT_EQUITY":null,"DEPOSIT_ASSETS":null,"EQUITY_MULTIPLIER":2.477759638215,"EQUITY_RATIO":1.586706271811},{"SECUCODE":"02186.HK","SECURITY_CODE":"02186","SECURITY_NAME_ABBR":"绿叶制药","ORG_CODE":"10181652","STD_REPORT_DATE":"2021-06-30 00:00:00","REPORT_DATE":"2021-06-30 00:00:00","DATE_TYPE_CODE":"002","REPORT_TYPE":"2021年中报","PER_NETCASH_OPERATE":0.155074915954,"PER_OI":0.833480304611,"BPS":2.429572354243,"BASIC_EPS":0.1132,"DILUTED_EPS":0.1129,"OPERATE_INCOME":2951664000,"OPERATE_INCOME_YOY":-0.3557152266,"GROSS_PROFIT":1953681000,"GROSS_PROFIT_YOY":-11.110054530192,"HOLDER_PROFIT":386585000,"HOLDER_PROFIT_YOY":-28.3326783039,"GROSS_PROFIT_RATIO":66.189139414242,"EPS_TTM":0.156367352815,"OPERATE_INCOME_QOQ":-0.190210881896,"NET_PROFIT_RATIO":13.8223727362,"ROE_AVG":4.539918482636,"GROSS_PROFIT_QOQ":-6.118958135264,"ROA":1.820307576112,"HOLDER_PROFIT_QOQ":-21.629497329412,"ROE_YEARLY":9.079836965272,"ROIC_YEARLY":4.73750045917,"TOTAL_ASSETS":21844124000,"TOTAL_LIABILITIES":12146417000,"TAX_EBT":16.470120957505,"OCF_SALES":18.605708508828,"TOTAL_PARENT_EQUITY":9139251000,"DEBT_ASSET_RATIO":55.6049626893,"OPERATE_PROFIT":1063368000,"PRETAX_PROFIT":488436000,"NETCASH_OPERATE":549178000,"NETCASH_INVEST":-493291000,"NETCASH_FINANCE":951680000,"END_CASH":4943646000,"DIVI_RATIO":null,"DIVIDEND_RATE":null,"CURRENT_RATIO":1.719971858419,"COMMON_ACS":10000000000,"CURRENTDEBT_DEBT":52.167902682742,"ISSUED_COMMON_SHARES":3761670643,"HK_COMMON_SHARES":3761670643,"PER_SHARES":500,"TOTAL_MARKET_CAP":7974741763.16,"HKSK_MARKET_CAP":7974741763.16,"PE_TTM":9.382103590862,"PB_TTM":0.559041556084,"REPORT_DATE_SQ":"2020-06-30 00:00:00","REPORT_TYPE_SQ":"2020年中报","OPERATE_INCOME_SQ":2962201000,"DPS_HKD":null,"OPERATE_INCOME_QOQ_SQ":-2.657419565509,"NET_PROFIT_RATIO_SQ":18.2407608397,"HOLDER_PROFIT_SQ":539416000,"HOLDER_PROFIT_QOQ_SQ":-13.06202938657,"ROE_AVG_SQ":6.507429185099,"PE_TTM_SQ":27.193642133185,"PB_TTM_SQ":1.089276408915,"ROA_SQ":2.774859877334,"START_DATE":"2021-01-01 00:00:00","FISCAL_YEAR":"12-31","CURRENCY":"HKD","IS_CNY_CODE":0,"DPS_HKD_LY":null,"ORG_TYPE":"一般企业","PREMIUM_INCOME":null,"PREMIUM_INCOME_YOY":null,"NET_INTEREST_INCOME":null,"NET_INTEREST_INCOME_YOY":null,"FEE_COMMISSION_INCOME":null,"FEE_COMMISSION_INCOME_YOY":null,"ACCOUNTS_RECE_TDAYS":1.777139839859,"INVENTORY_TDAYS":1.610898446296,"CURRENT_ASSETS_TDAYS":0.282874159954,"TOTAL_ASSETS_TDAYS":0.138984604714,"PREMIUM_EXPENSE":null,"LOAN_DEPOSIT":null,"LOAN_EQUITY":null,"LOAN_ASSETS":null,"DEPOSIT_EQUITY":null,"DEPOSIT_ASSETS":null,"EQUITY_MULTIPLIER":2.252504019766,"EQUITY_RATIO":1.329038561256},{"SECUCODE":"02186.HK","SECURITY_CODE":"02186","SECURITY_NAME_ABBR":"绿叶制药","ORG_CODE":"10181652","STD_REPORT_DATE":"2020-12-31 00:00:00","REPORT_DATE":"2020-12-31 00:00:00","DATE_TYPE_CODE":"001","REPORT_TYPE":"2020年年报","PER_NETCASH_OPERATE":0.318085572143,"PER_OI":1.705047735254,"BPS":2.09779955475,"BASIC_EPS":0.2217,"DILUTED_EPS":0.2212,"OPERATE_INCOME":5539641000,"OPERATE_INCOME_YOY":-12.8692855495,"GROSS_PROFIT":3990614000,"GROSS_PROFIT_YOY":-18.21116186431,"HOLDER_PROFIT":706586000,"HOLDER_PROFIT_YOY":-49.3912649856,"GROSS_PROFIT_RATIO":72.037411810621,"EPS_TTM":0.217480313086,"OPERATE_INCOME_QOQ":-10.487056300504,"NET_PROFIT_RATIO":12.6951367426,"ROE_AVG":8.410956076584,"GROSS_PROFIT_QOQ":-14.081195633499,"ROA":3.537838396992,"HOLDER_PROFIT_QOQ":-44.656930396056,"ROE_YEARLY":8.410956076584,"ROIC_YEARLY":4.376743496472,"TOTAL_ASSETS":20630566000,"TOTAL_LIABILITIES":12531551000,"TAX_EBT":25.357205781522,"OCF_SALES":18.655522984251,"TOTAL_PARENT_EQUITY":7891231000,"DEBT_ASSET_RATIO":60.742642737,"OPERATE_PROFIT":2208529000,"PRETAX_PROFIT":942174000,"NETCASH_OPERATE":1033449000,"NETCASH_INVEST":138197000,"NETCASH_FINANCE":253981000,"END_CASH":3865385000,"DIVI_RATIO":null,"DIVIDEND_RATE":null,"CURRENT_RATIO":1.378257042278,"COMMON_ACS":10000000000,"CURRENTDEBT_DEBT":57.727044321968,"ISSUED_COMMON_SHARES":3761670643,"HK_COMMON_SHARES":3761670643,"PER_SHARES":500,"TOTAL_MARKET_CAP":9028009543.2,"HKSK_MARKET_CAP":9028009543.2,"PE_TTM":10.621249348146,"PB_TTM":0.632877233302,"REPORT_DATE_SQ":"2019-12-31 00:00:00","REPORT_TYPE_SQ":"2019年年报","OPERATE_INCOME_SQ":6357851000,"DPS_HKD":null,"OPERATE_INCOME_QOQ_SQ":4.214274755004,"NET_PROFIT_RATIO_SQ":23.4652532184,"HOLDER_PROFIT_SQ":1396174000,"HOLDER_PROFIT_QOQ_SQ":-2.557742965013,"ROE_AVG_SQ":17.244159176655,"PE_TTM_SQ":28.644988202091,"PB_TTM_SQ":1.147411947593,"ROA_SQ":7.969891417595,"START_DATE":"2020-01-01 00:00:00","FISCAL_YEAR":"12-31","CURRENCY":"HKD","IS_CNY_CODE":0,"DPS_HKD_LY":0.06,"ORG_TYPE":"一般企业","PREMIUM_INCOME":null,"PREMIUM_INCOME_YOY":null,"NET_INTEREST_INCOME":null,"NET_INTEREST_INCOME_YOY":null,"FEE_COMMISSION_INCOME":null,"FEE_COMMISSION_INCOME_YOY":null,"ACCOUNTS_RECE_TDAYS":3.407940277205,"INVENTORY_TDAYS":2.525055728753,"CURRENT_ASSETS_TDAYS":0.573156710993,"TOTAL_ASSETS_TDAYS":0.277366868794,"PREMIUM_EXPENSE":null,"LOAN_DEPOSIT":null,"LOAN_EQUITY":null,"LOAN_ASSETS":null,"DEPOSIT_EQUITY":null,"DEPOSIT_ASSETS":null,"EQUITY_MULTIPLIER":2.547293220225,"EQUITY_RATIO":1.588034997328},{"SECUCODE":"02186.HK","SECURITY_CODE":"02186","SECURITY_NAME_ABBR":"绿叶制药","ORG_CODE":"10181652","STD_REPORT_DATE":"2020-06-30 00:00:00","REPORT_DATE":"2020-06-30 00:00:00","DATE_TYPE_CODE":"002","REPORT_TYPE":"2020年中报","PER_NETCASH_OPERATE":0.156107543927,"PER_OI":0.911736718393,"BPS":2.038492129626,"BASIC_EPS":0.169,"DILUTED_EPS":0.1686,"OPERATE_INCOME":2962201000,"OPERATE_INCOME_YOY":-5.3957189517,"GROSS_PROFIT":2197865000,"GROSS_PROFIT_YOY":-9.632575058292,"HOLDER_PROFIT":539416000,"HOLDER_PROFIT_YOY":-26.2327006181,"GROSS_PROFIT_RATIO":74.197024442298,"EPS_TTM":0.392967565121,"OPERATE_INCOME_QOQ":-2.657419565509,"NET_PROFIT_RATIO":18.2407608397,"ROE_AVG":6.507429185099,"GROSS_PROFIT_QOQ":-4.801849264754,"ROA":2.774859877334,"HOLDER_PROFIT_QOQ":-13.06202938657,"ROE_YEARLY":13.014858370198,"ROIC_YEARLY":6.986628528457,"TOTAL_ASSETS":19564854000,"TOTAL_LIABILITIES":11742213000,"TAX_EBT":21.07102947084,"OCF_SALES":17.121998135846,"TOTAL_PARENT_EQUITY":7668136000,"DEBT_ASSET_RATIO":60.0168700467,"OPERATE_PROFIT":1257552000,"PRETAX_PROFIT":684575000,"NETCASH_OPERATE":507188000,"NETCASH_INVEST":784946000,"NETCASH_FINANCE":217359000,"END_CASH":3777855000,"DIVI_RATIO":null,"DIVIDEND_RATE":null,"CURRENT_RATIO":1.454544532541,"COMMON_ACS":10000000000,"CURRENTDEBT_DEBT":53.740832328625,"ISSUED_COMMON_SHARES":3761670643,"HK_COMMON_SHARES":3761670643,"PER_SHARES":500,"TOTAL_MARKET_CAP":7974741763.16,"HKSK_MARKET_CAP":7974741763.16,"PE_TTM":9.382103590862,"PB_TTM":0.559041556084,"REPORT_DATE_SQ":"2019-06-30 00:00:00","REPORT_TYPE_SQ":"2019年中报","OPERATE_INCOME_SQ":3131149000,"DPS_HKD":null,"OPERATE_INCOME_QOQ_SQ":17.920935712304,"NET_PROFIT_RATIO_SQ":24.6181442106,"HOLDER_PROFIT_SQ":731240000,"HOLDER_PROFIT_QOQ_SQ":15.631519143024,"ROE_AVG_SQ":9.463255382022,"PE_TTM_SQ":27.193642133185,"PB_TTM_SQ":1.089276408915,"ROA_SQ":4.243096457058,"START_DATE":"2020-01-01 00:00:00","FISCAL_YEAR":"12-31","CURRENCY":"HKD","IS_CNY_CODE":0,"DPS_HKD_LY":0.06,"ORG_TYPE":"一般企业","PREMIUM_INCOME":null,"PREMIUM_INCOME_YOY":null,"NET_INTEREST_INCOME":null,"NET_INTEREST_INCOME_YOY":null,"FEE_COMMISSION_INCOME":null,"FEE_COMMISSION_INCOME_YOY":null,"ACCOUNTS_RECE_TDAYS":1.672723997528,"INVENTORY_TDAYS":1.226472785156,"CURRENT_ASSETS_TDAYS":0.319572078653,"TOTAL_ASSETS_TDAYS":0.152381329132,"PREMIUM_EXPENSE":null,"LOAN_DEPOSIT":null,"LOAN_EQUITY":null,"LOAN_ASSETS":null,"DEPOSIT_EQUITY":null,"DEPOSIT_ASSETS":null,"EQUITY_MULTIPLIER":2.501054822791,"EQUITY_RATIO":1.531299523117}],"count":27},"success":true,"message":"ok","code":0}