{"version":"d8c0bd6b7f3ff2d5ce98d4c689b2dbf9","result":{"pages":2,"data":[{"SECUCODE":"02189.HK","SECURITY_CODE":"02189","SECURITY_NAME_ABBR":"嘉涛(香港)控股","ORG_CODE":"10984144","STD_REPORT_DATE":"2024-06-30 00:00:00","REPORT_DATE":"2024-09-30 00:00:00","DATE_TYPE_CODE":"002","REPORT_TYPE":"2024年中报","PER_NETCASH_OPERATE":0.04140208069,"PER_OI":0.13343876809,"BPS":0.39759380026,"BASIC_EPS":0.023176003,"DILUTED_EPS":0.023176003,"OPERATE_INCOME":133438768.09,"OPERATE_INCOME_YOY":9.4808260024,"GROSS_PROFIT":127767410.78,"GROSS_PROFIT_YOY":6.928828883879,"HOLDER_PROFIT":23143538.56,"HOLDER_PROFIT_YOY":28.770697441,"GROSS_PROFIT_RATIO":95.749842874617,"EPS_TTM":0.05818691175,"OPERATE_INCOME_QOQ":0,"NET_PROFIT_RATIO":17.2337822952,"ROE_AVG":5.864803750513,"GROSS_PROFIT_QOQ":0,"ROA":3.015218252033,"HOLDER_PROFIT_QOQ":0,"ROE_YEARLY":11.729607501026,"ROIC_YEARLY":6.483382605845,"TOTAL_ASSETS":756599104.63,"TOTAL_LIABILITIES":358941277.28,"TAX_EBT":15.718676669862,"OCF_SALES":31.02702556582,"TOTAL_PARENT_EQUITY":397593800.26,"DEBT_ASSET_RATIO":47.4414092065,"OPERATE_PROFIT":50579597.52,"PRETAX_PROFIT":27285460.03,"NETCASH_OPERATE":41402080.69,"NETCASH_INVEST":20596883.6,"NETCASH_FINANCE":-50652642.51,"END_CASH":45091303.58,"DIVI_RATIO":0.311599283322,"DIVIDEND_RATE":4.166666666667,"CURRENT_RATIO":1.006802870132,"COMMON_ACS":3000000000,"CURRENTDEBT_DEBT":22.934085701652,"ISSUED_COMMON_SHARES":1000000000,"HK_COMMON_SHARES":1000000000,"PER_SHARES":4000,"TOTAL_MARKET_CAP":480000000,"HKSK_MARKET_CAP":480000000,"PE_TTM":6.865086743231,"PB_TTM":1.088697056435,"REPORT_DATE_SQ":"2023-06-30 00:00:00","REPORT_TYPE_SQ":"2023年中报","OPERATE_INCOME_SQ":124024117.91,"DPS_HKD":0.02,"OPERATE_INCOME_QOQ_SQ":0,"NET_PROFIT_RATIO_SQ":14.8908306636,"HOLDER_PROFIT_SQ":18288365.9,"HOLDER_PROFIT_QOQ_SQ":0,"ROE_AVG_SQ":5.357786129436,"PE_TTM_SQ":5.735944125156,"PB_TTM_SQ":1.373422920005,"ROA_SQ":2.855922779746,"START_DATE":"2024-04-01 00:00:00","FISCAL_YEAR":"3-31","CURRENCY":"HKD","IS_CNY_CODE":0,"DPS_HKD_LY":0.02,"ORG_TYPE":"一般企业","PREMIUM_INCOME":null,"PREMIUM_INCOME_YOY":null,"NET_INTEREST_INCOME":null,"NET_INTEREST_INCOME_YOY":null,"FEE_COMMISSION_INCOME":null,"FEE_COMMISSION_INCOME_YOY":null,"ACCOUNTS_RECE_TDAYS":9.684599777472,"INVENTORY_TDAYS":null,"CURRENT_ASSETS_TDAYS":1.542569715924,"TOTAL_ASSETS_TDAYS":0.173848527109,"PREMIUM_EXPENSE":null,"LOAN_DEPOSIT":null,"LOAN_EQUITY":null,"LOAN_ASSETS":null,"DEPOSIT_EQUITY":null,"DEPOSIT_ASSETS":null,"EQUITY_MULTIPLIER":1.902638531404,"EQUITY_RATIO":0.902783889098},{"SECUCODE":"02189.HK","SECURITY_CODE":"02189","SECURITY_NAME_ABBR":"嘉涛(香港)控股","ORG_CODE":"10984144","STD_REPORT_DATE":"2023-12-31 00:00:00","REPORT_DATE":"2024-03-31 00:00:00","DATE_TYPE_CODE":"001","REPORT_TYPE":"2023年年报","PER_NETCASH_OPERATE":0.1200417248,"PER_OI":0.2459778377,"BPS":0.39370831915,"BASIC_EPS":0.05820051,"DILUTED_EPS":0.05820051,"OPERATE_INCOME":245977837.7,"OPERATE_INCOME_YOY":-33.5449439991,"GROSS_PROFIT":235460951.15,"GROSS_PROFIT_YOY":-32.722639246259,"HOLDER_PROFIT":58186911.75,"HOLDER_PROFIT_YOY":-49.1200951249,"GROSS_PROFIT_RATIO":95.724457679465,"EPS_TTM":0.07701721592,"OPERATE_INCOME_QOQ":0,"NET_PROFIT_RATIO":23.6269689755,"ROE_AVG":15.908600831307,"GROSS_PROFIT_QOQ":0,"ROA":8.215138458073,"HOLDER_PROFIT_QOQ":0,"ROE_YEARLY":15.908600831307,"ROIC_YEARLY":9.023631412388,"TOTAL_ASSETS":782625521.55,"TOTAL_LIABILITIES":388705069.7,"TAX_EBT":13.251512158158,"OCF_SALES":48.801845695711,"TOTAL_PARENT_EQUITY":393708319.15,"DEBT_ASSET_RATIO":49.666802193,"OPERATE_PROFIT":107937469.2,"PRETAX_PROFIT":66994951.55,"NETCASH_OPERATE":120041724.8,"NETCASH_INVEST":-214040987.75,"NETCASH_FINANCE":63159338.5,"END_CASH":33923101,"DIVI_RATIO":0.354560985798,"DIVIDEND_RATE":6.521739130435,"CURRENT_RATIO":1.075765566977,"COMMON_ACS":3000000000,"CURRENTDEBT_DEBT":21.66759178495,"ISSUED_COMMON_SHARES":1000000000,"HK_COMMON_SHARES":1000000000,"PER_SHARES":4000,"TOTAL_MARKET_CAP":460000000,"HKSK_MARKET_CAP":460000000,"PE_TTM":6.579041462263,"PB_TTM":1.043334679084,"REPORT_DATE_SQ":"2022-12-31 00:00:00","REPORT_TYPE_SQ":"2022年年报","OPERATE_INCOME_SQ":357427276.77,"DPS_HKD":0.03,"OPERATE_INCOME_QOQ_SQ":0,"NET_PROFIT_RATIO_SQ":30.8067411713,"HOLDER_PROFIT_SQ":110432971.5,"HOLDER_PROFIT_QOQ_SQ":0,"ROE_AVG_SQ":37.987948650773,"PE_TTM_SQ":4.042806183115,"PB_TTM_SQ":1.373422920005,"ROA_SQ":19.10033847647,"START_DATE":"2023-04-01 00:00:00","FISCAL_YEAR":"3-31","CURRENCY":"HKD","IS_CNY_CODE":0,"DPS_HKD_LY":0.032,"ORG_TYPE":"一般企业","PREMIUM_INCOME":null,"PREMIUM_INCOME_YOY":null,"NET_INTEREST_INCOME":null,"NET_INTEREST_INCOME_YOY":null,"FEE_COMMISSION_INCOME":null,"FEE_COMMISSION_INCOME_YOY":null,"ACCOUNTS_RECE_TDAYS":9.552500484078,"INVENTORY_TDAYS":null,"CURRENT_ASSETS_TDAYS":2.301566701445,"TOTAL_ASSETS_TDAYS":0.347284626997,"PREMIUM_EXPENSE":null,"LOAN_DEPOSIT":null,"LOAN_EQUITY":null,"LOAN_ASSETS":null,"DEPOSIT_EQUITY":null,"DEPOSIT_ASSETS":null,"EQUITY_MULTIPLIER":1.986760316391,"EQUITY_RATIO":0.987291989509},{"SECUCODE":"02189.HK","SECURITY_CODE":"02189","SECURITY_NAME_ABBR":"嘉涛(香港)控股","ORG_CODE":"10984144","STD_REPORT_DATE":"2023-06-30 00:00:00","REPORT_DATE":"2023-09-30 00:00:00","DATE_TYPE_CODE":"002","REPORT_TYPE":"2023年中报","PER_NETCASH_OPERATE":0.06843317488,"PER_OI":0.12402411791,"BPS":0.34074813605,"BASIC_EPS":0.018260837,"DILUTED_EPS":0.018260837,"OPERATE_INCOME":124024117.91,"OPERATE_INCOME_YOY":-35.1077160924,"GROSS_PROFIT":119488272.82,"GROSS_PROFIT_YOY":-36.569221976456,"HOLDER_PROFIT":18288365.9,"HOLDER_PROFIT_YOY":-65.1372295205,"GROSS_PROFIT_RATIO":null,"EPS_TTM":0.1104329715,"OPERATE_INCOME_QOQ":0,"NET_PROFIT_RATIO":14.8908306636,"ROE_AVG":5.357786129436,"GROSS_PROFIT_QOQ":0,"ROA":2.855922779746,"HOLDER_PROFIT_QOQ":0,"ROE_YEARLY":10.715572258873,"ROIC_YEARLY":6.389709777971,"TOTAL_ASSETS":639032026.22,"TOTAL_LIABILITIES":297818651.76,"TAX_EBT":22.639913899139,"OCF_SALES":55.177312310868,"TOTAL_PARENT_EQUITY":340748136.05,"DEBT_ASSET_RATIO":46.6046519643,"OPERATE_PROFIT":45100596.87,"PRETAX_PROFIT":23873062.08,"NETCASH_OPERATE":68433174.88,"NETCASH_INVEST":-80711064.28,"NETCASH_FINANCE":-15088590.09,"END_CASH":38188090.08,"DIVI_RATIO":0.247274882031,"DIVIDEND_RATE":6.521739130435,"CURRENT_RATIO":1.290929259315,"COMMON_ACS":3000000000,"CURRENTDEBT_DEBT":24.443540634475,"ISSUED_COMMON_SHARES":1000000000,"HK_COMMON_SHARES":1000000000,"PER_SHARES":4000,"TOTAL_MARKET_CAP":460000000,"HKSK_MARKET_CAP":460000000,"PE_TTM":6.579041462263,"PB_TTM":1.043334679084,"REPORT_DATE_SQ":"2022-06-30 00:00:00","REPORT_TYPE_SQ":"2022年中报","OPERATE_INCOME_SQ":188375858.76,"DPS_HKD":0.03,"OPERATE_INCOME_QOQ_SQ":0,"NET_PROFIT_RATIO_SQ":27.4161101215,"HOLDER_PROFIT_SQ":51704121.48,"HOLDER_PROFIT_QOQ_SQ":0,"ROE_AVG_SQ":18.557099266377,"PE_TTM_SQ":4.042806183115,"PB_TTM_SQ":1.373422920005,"ROA_SQ":8.882504572003,"START_DATE":"2023-04-01 00:00:00","FISCAL_YEAR":"3-31","CURRENCY":"HKD","IS_CNY_CODE":0,"DPS_HKD_LY":0.032,"ORG_TYPE":"一般企业","PREMIUM_INCOME":null,"PREMIUM_INCOME_YOY":null,"NET_INTEREST_INCOME":null,"NET_INTEREST_INCOME_YOY":null,"FEE_COMMISSION_INCOME":null,"FEE_COMMISSION_INCOME_YOY":null,"ACCOUNTS_RECE_TDAYS":4.815598667451,"INVENTORY_TDAYS":null,"CURRENT_ASSETS_TDAYS":1.134581322141,"TOTAL_ASSETS_TDAYS":0.193676846534,"PREMIUM_EXPENSE":null,"LOAN_DEPOSIT":null,"LOAN_EQUITY":null,"LOAN_ASSETS":null,"DEPOSIT_EQUITY":null,"DEPOSIT_ASSETS":null,"EQUITY_MULTIPLIER":1.872822327764,"EQUITY_RATIO":0.874014030458},{"SECUCODE":"02189.HK","SECURITY_CODE":"02189","SECURITY_NAME_ABBR":"嘉涛(香港)控股","ORG_CODE":"10984144","STD_REPORT_DATE":"2022-12-31 00:00:00","REPORT_DATE":"2023-03-31 00:00:00","DATE_TYPE_CODE":"001","REPORT_TYPE":"2022年年报","PER_NETCASH_OPERATE":0.14281963986,"PER_OI":0.35742727677,"BPS":0.32620315289,"BASIC_EPS":0.110476742,"DILUTED_EPS":0.110476742,"OPERATE_INCOME":357427276.77,"OPERATE_INCOME_YOY":27.4585826801,"GROSS_PROFIT":349985416.36,"GROSS_PROFIT_YOY":38.501845287845,"HOLDER_PROFIT":110432971.5,"HOLDER_PROFIT_YOY":27.5066709792,"GROSS_PROFIT_RATIO":97.91793718788,"EPS_TTM":0.09523758324,"OPERATE_INCOME_QOQ":0,"NET_PROFIT_RATIO":30.8067411713,"ROE_AVG":37.987948650773,"GROSS_PROFIT_QOQ":0,"ROA":19.10033847647,"HOLDER_PROFIT_QOQ":0,"ROE_YEARLY":37.987948650773,"ROIC_YEARLY":21.089304805235,"TOTAL_ASSETS":612175963.82,"TOTAL_LIABILITIES":285700558.42,"TAX_EBT":18.037455038315,"OCF_SALES":39.957677866847,"TOTAL_PARENT_EQUITY":326203152.89,"DEBT_ASSET_RATIO":46.6696791944,"OPERATE_PROFIT":173206871.78,"PRETAX_PROFIT":134343920.24,"NETCASH_OPERATE":142819639.86,"NETCASH_INVEST":-48929291.13,"NETCASH_FINANCE":-76388276.6,"END_CASH":62538414.99,"DIVI_RATIO":0.286728191445,"DIVIDEND_RATE":6.382978723404,"CURRENT_RATIO":1.621017208048,"COMMON_ACS":3000000000,"CURRENTDEBT_DEBT":25.676396149062,"ISSUED_COMMON_SHARES":1000000000,"HK_COMMON_SHARES":1000000000,"PER_SHARES":4000,"TOTAL_MARKET_CAP":470000000,"HKSK_MARKET_CAP":470000000,"PE_TTM":6.722064102747,"PB_TTM":1.06601586776,"REPORT_DATE_SQ":"2021-12-31 00:00:00","REPORT_TYPE_SQ":"2021年年报","OPERATE_INCOME_SQ":259796510.37,"DPS_HKD":0.03,"OPERATE_INCOME_QOQ_SQ":0,"NET_PROFIT_RATIO_SQ":30.9317999482,"HOLDER_PROFIT_SQ":80238085.36,"HOLDER_PROFIT_QOQ_SQ":0,"ROE_AVG_SQ":37.750305250305,"PE_TTM_SQ":4.042806183115,"PB_TTM_SQ":1.373422920005,"ROA_SQ":16.163147546554,"START_DATE":"2022-04-01 00:00:00","FISCAL_YEAR":"3-31","CURRENCY":"HKD","IS_CNY_CODE":0,"DPS_HKD_LY":0.047,"ORG_TYPE":"一般企业","PREMIUM_INCOME":null,"PREMIUM_INCOME_YOY":null,"NET_INTEREST_INCOME":null,"NET_INTEREST_INCOME_YOY":null,"FEE_COMMISSION_INCOME":null,"FEE_COMMISSION_INCOME_YOY":null,"ACCOUNTS_RECE_TDAYS":11.009167632863,"INVENTORY_TDAYS":null,"CURRENT_ASSETS_TDAYS":3.619927033509,"TOTAL_ASSETS_TDAYS":0.618201418861,"PREMIUM_EXPENSE":null,"LOAN_DEPOSIT":null,"LOAN_EQUITY":null,"LOAN_ASSETS":null,"DEPOSIT_EQUITY":null,"DEPOSIT_ASSETS":null,"EQUITY_MULTIPLIER":1.875105915161,"EQUITY_RATIO":0.875836287568},{"SECUCODE":"02189.HK","SECURITY_CODE":"02189","SECURITY_NAME_ABBR":"嘉涛(香港)控股","ORG_CODE":"10984144","STD_REPORT_DATE":"2022-06-30 00:00:00","REPORT_DATE":"2022-09-30 00:00:00","DATE_TYPE_CODE":"002","REPORT_TYPE":"2022年中报","PER_NETCASH_OPERATE":0.08806351392,"PER_OI":0.18837585876,"BPS":0.29357308404,"BASIC_EPS":0.051733968,"DILUTED_EPS":0.051733968,"OPERATE_INCOME":188375858.76,"OPERATE_INCOME_YOY":38.596724715,"GROSS_PROFIT":188375858.76,"GROSS_PROFIT_YOY":50.472260943099,"HOLDER_PROFIT":51704121.48,"HOLDER_PROFIT_YOY":29.7480708125,"GROSS_PROFIT_RATIO":null,"EPS_TTM":0.08023808536,"OPERATE_INCOME_QOQ":0,"NET_PROFIT_RATIO":27.4161101215,"ROE_AVG":18.557099266377,"GROSS_PROFIT_QOQ":0,"ROA":8.882504572003,"HOLDER_PROFIT_QOQ":0,"ROE_YEARLY":37.114198532753,"ROIC_YEARLY":19.79634698927,"TOTAL_ASSETS":601963608.6,"TOTAL_LIABILITIES":307836102.84,"TAX_EBT":15.78869749882,"OCF_SALES":46.748832095411,"TOTAL_PARENT_EQUITY":293573084.04,"DEBT_ASSET_RATIO":51.1386566301,"OPERATE_PROFIT":64776897.24,"PRETAX_PROFIT":61328267.52,"NETCASH_OPERATE":88063513.92,"NETCASH_INVEST":-23209739.28,"NETCASH_FINANCE":-40240344.48,"END_CASH":71143250.4,"DIVI_RATIO":0.225965012982,"DIVIDEND_RATE":4.166666666667,"CURRENT_RATIO":1.558359814226,"COMMON_ACS":3000000000,"CURRENTDEBT_DEBT":24.039181927424,"ISSUED_COMMON_SHARES":1000000000,"HK_COMMON_SHARES":1000000000,"PER_SHARES":4000,"TOTAL_MARKET_CAP":480000000,"HKSK_MARKET_CAP":480000000,"PE_TTM":6.865086743231,"PB_TTM":1.088697056435,"REPORT_DATE_SQ":"2021-06-30 00:00:00","REPORT_TYPE_SQ":"2021年中报","OPERATE_INCOME_SQ":125189757.62,"DPS_HKD":0.02,"OPERATE_INCOME_QOQ_SQ":0,"NET_PROFIT_RATIO_SQ":29.1974154395,"HOLDER_PROFIT_SQ":36704623.6,"HOLDER_PROFIT_QOQ_SQ":0,"ROE_AVG_SQ":18.015144824428,"PE_TTM_SQ":5.735944125156,"PB_TTM_SQ":1.373422920005,"ROA_SQ":7.327195185936,"START_DATE":"2022-04-01 00:00:00","FISCAL_YEAR":"3-31","CURRENCY":"HKD","IS_CNY_CODE":0,"DPS_HKD_LY":0.047,"ORG_TYPE":"一般企业","PREMIUM_INCOME":null,"PREMIUM_INCOME_YOY":null,"NET_INTEREST_INCOME":null,"NET_INTEREST_INCOME_YOY":null,"FEE_COMMISSION_INCOME":null,"FEE_COMMISSION_INCOME_YOY":null,"ACCOUNTS_RECE_TDAYS":7.21137732844,"INVENTORY_TDAYS":null,"CURRENT_ASSETS_TDAYS":1.917413118527,"TOTAL_ASSETS_TDAYS":0.323620125204,"PREMIUM_EXPENSE":null,"LOAN_DEPOSIT":null,"LOAN_EQUITY":null,"LOAN_ASSETS":null,"DEPOSIT_EQUITY":null,"DEPOSIT_ASSETS":null,"EQUITY_MULTIPLIER":2.046607667803,"EQUITY_RATIO":1.048584218293},{"SECUCODE":"02189.HK","SECURITY_CODE":"02189","SECURITY_NAME_ABBR":"嘉涛(香港)控股","ORG_CODE":"10984144","STD_REPORT_DATE":"2021-12-31 00:00:00","REPORT_DATE":"2022-03-31 00:00:00","DATE_TYPE_CODE":"001","REPORT_TYPE":"2021年年报","PER_NETCASH_OPERATE":0.09796027588,"PER_OI":0.25979651037,"BPS":0.23643293429,"BASIC_EPS":0.080208889,"DILUTED_EPS":0.080208889,"OPERATE_INCOME":259796510.37,"OPERATE_INCOME_YOY":24.8726274797,"GROSS_PROFIT":252693684.79,"GROSS_PROFIT_YOY":20.332157706359,"HOLDER_PROFIT":80238085.36,"HOLDER_PROFIT_YOY":23.8650875128,"GROSS_PROFIT_RATIO":97.266004239286,"EPS_TTM":0.07458384996,"OPERATE_INCOME_QOQ":0,"NET_PROFIT_RATIO":30.9317999482,"ROE_AVG":37.750305250305,"GROSS_PROFIT_QOQ":0,"ROA":16.163147546554,"HOLDER_PROFIT_QOQ":0,"ROE_YEARLY":37.750305250305,"ROIC_YEARLY":18.627735247269,"TOTAL_ASSETS":504137603.17,"TOTAL_LIABILITIES":267154804.1,"TAX_EBT":15.430375965519,"OCF_SALES":37.706540299747,"TOTAL_PARENT_EQUITY":236432934.29,"DEBT_ASSET_RATIO":52.9924374655,"OPERATE_PROFIT":126072315.51,"PRETAX_PROFIT":95021986.65,"NETCASH_OPERATE":97960275.88,"NETCASH_INVEST":-66487410.81,"NETCASH_FINANCE":-77432801.77,"END_CASH":41723220.46,"DIVI_RATIO":0.366128860533,"DIVIDEND_RATE":6.382978723404,"CURRENT_RATIO":1.541639468169,"COMMON_ACS":3000000000,"CURRENTDEBT_DEBT":17.672201815367,"ISSUED_COMMON_SHARES":1000000000,"HK_COMMON_SHARES":1000000000,"PER_SHARES":4000,"TOTAL_MARKET_CAP":470000000,"HKSK_MARKET_CAP":470000000,"PE_TTM":6.722064102747,"PB_TTM":1.06601586776,"REPORT_DATE_SQ":"2020-12-31 00:00:00","REPORT_TYPE_SQ":"2020年年报","OPERATE_INCOME_SQ":216814870.58,"DPS_HKD":0.03,"OPERATE_INCOME_QOQ_SQ":0,"NET_PROFIT_RATIO_SQ":30.9911862504,"HOLDER_PROFIT_SQ":67507907.32,"HOLDER_PROFIT_QOQ_SQ":0,"ROE_AVG_SQ":37.560985932382,"PE_TTM_SQ":4.042806183115,"PB_TTM_SQ":1.373422920005,"ROA_SQ":16.789634543674,"START_DATE":"2021-04-01 00:00:00","FISCAL_YEAR":"3-31","CURRENCY":"HKD","IS_CNY_CODE":0,"DPS_HKD_LY":0.04,"ORG_TYPE":"一般企业","PREMIUM_INCOME":null,"PREMIUM_INCOME_YOY":null,"NET_INTEREST_INCOME":null,"NET_INTEREST_INCOME_YOY":null,"FEE_COMMISSION_INCOME":null,"FEE_COMMISSION_INCOME_YOY":null,"ACCOUNTS_RECE_TDAYS":17.641645555678,"INVENTORY_TDAYS":null,"CURRENT_ASSETS_TDAYS":3.094998623208,"TOTAL_ASSETS_TDAYS":0.523333690024,"PREMIUM_EXPENSE":null,"LOAN_DEPOSIT":null,"LOAN_EQUITY":null,"LOAN_ASSETS":null,"DEPOSIT_EQUITY":null,"DEPOSIT_ASSETS":null,"EQUITY_MULTIPLIER":2.127317278504,"EQUITY_RATIO":1.129939045515},{"SECUCODE":"02189.HK","SECURITY_CODE":"02189","SECURITY_NAME_ABBR":"嘉涛(香港)控股","ORG_CODE":"10984144","STD_REPORT_DATE":"2021-06-30 00:00:00","REPORT_DATE":"2021-09-30 00:00:00","DATE_TYPE_CODE":"002","REPORT_TYPE":"2021年中报","PER_NETCASH_OPERATE":0.05766691238,"PER_OI":0.12518975762,"BPS":0.21369071978,"BASIC_EPS":0.036737946,"DILUTED_EPS":0.036737946,"OPERATE_INCOME":125189757.62,"OPERATE_INCOME_YOY":29.9546861758,"GROSS_PROFIT":125189757.62,"GROSS_PROFIT_YOY":23.201987966169,"HOLDER_PROFIT":36704623.6,"HOLDER_PROFIT_YOY":30.6720446053,"GROSS_PROFIT_RATIO":null,"EPS_TTM":0.06750790732,"OPERATE_INCOME_QOQ":0,"NET_PROFIT_RATIO":29.1974154395,"ROE_AVG":18.015144824428,"GROSS_PROFIT_QOQ":0,"ROA":7.327195185936,"HOLDER_PROFIT_QOQ":0,"ROE_YEARLY":36.030289648856,"ROIC_YEARLY":16.871239055808,"TOTAL_ASSETS":499871821.58,"TOTAL_LIABILITIES":285893696.1,"TAX_EBT":15.456945220525,"OCF_SALES":46.063602547296,"TOTAL_PARENT_EQUITY":213690719.78,"DEBT_ASSET_RATIO":57.1934011396,"OPERATE_PROFIT":46787148.78,"PRETAX_PROFIT":43234980.94,"NETCASH_OPERATE":57666912.38,"NETCASH_INVEST":-4230278.68,"NETCASH_FINANCE":-104323270.74,"END_CASH":39180477.92,"DIVI_RATIO":0.404505206635,"DIVIDEND_RATE":6.382978723404,"CURRENT_RATIO":1.004161055285,"COMMON_ACS":3000000000,"CURRENTDEBT_DEBT":16.876611740024,"ISSUED_COMMON_SHARES":1000000000,"HK_COMMON_SHARES":1000000000,"PER_SHARES":4000,"TOTAL_MARKET_CAP":470000000,"HKSK_MARKET_CAP":470000000,"PE_TTM":6.722064102747,"PB_TTM":1.06601586776,"REPORT_DATE_SQ":"2020-06-30 00:00:00","REPORT_TYPE_SQ":"2020年中报","OPERATE_INCOME_SQ":101613423.36,"DPS_HKD":0.03,"OPERATE_INCOME_QOQ_SQ":0,"NET_PROFIT_RATIO_SQ":29.0120894516,"HOLDER_PROFIT_SQ":29628680.96,"HOLDER_PROFIT_QOQ_SQ":0,"ROE_AVG_SQ":16.898627280974,"PE_TTM_SQ":4.042806183115,"PB_TTM_SQ":1.373422920005,"ROA_SQ":8.430585437875,"START_DATE":"2021-04-01 00:00:00","FISCAL_YEAR":"3-31","CURRENCY":"HKD","IS_CNY_CODE":0,"DPS_HKD_LY":0.04,"ORG_TYPE":"一般企业","PREMIUM_INCOME":null,"PREMIUM_INCOME_YOY":null,"NET_INTEREST_INCOME":null,"NET_INTEREST_INCOME_YOY":null,"FEE_COMMISSION_INCOME":null,"FEE_COMMISSION_INCOME_YOY":null,"ACCOUNTS_RECE_TDAYS":22.647426719916,"INVENTORY_TDAYS":null,"CURRENT_ASSETS_TDAYS":1.713368715689,"TOTAL_ASSETS_TDAYS":0.249911237167,"PREMIUM_EXPENSE":null,"LOAN_DEPOSIT":null,"LOAN_EQUITY":null,"LOAN_ASSETS":null,"DEPOSIT_EQUITY":null,"DEPOSIT_ASSETS":null,"EQUITY_MULTIPLIER":2.336088422398,"EQUITY_RATIO":1.337885409316},{"SECUCODE":"02189.HK","SECURITY_CODE":"02189","SECURITY_NAME_ABBR":"嘉涛(香港)控股","ORG_CODE":"10984144","STD_REPORT_DATE":"2020-12-31 00:00:00","REPORT_DATE":"2021-03-31 00:00:00","DATE_TYPE_CODE":"001","REPORT_TYPE":"2020年年报","PER_NETCASH_OPERATE":0.09979378332,"PER_OI":0.21681487058,"BPS":0.19661506858,"BASIC_EPS":0.067529882,"DILUTED_EPS":0.067529882,"OPERATE_INCOME":216814870.58,"OPERATE_INCOME_YOY":30.8177543881,"GROSS_PROFIT":209996803.52,"GROSS_PROFIT_YOY":21.886297073534,"HOLDER_PROFIT":67507907.32,"HOLDER_PROFIT_YOY":66.8734983809,"GROSS_PROFIT_RATIO":96.855350815301,"EPS_TTM":0.05456684708,"OPERATE_INCOME_QOQ":0,"NET_PROFIT_RATIO":30.9911862504,"ROE_AVG":37.560985932382,"GROSS_PROFIT_QOQ":0,"ROA":16.789634543674,"HOLDER_PROFIT_QOQ":0,"ROE_YEARLY":37.560985932382,"ROIC_YEARLY":24.274712650665,"TOTAL_ASSETS":509305468,"TOTAL_LIABILITIES":312244144.38,"TAX_EBT":15.403605099066,"OCF_SALES":46.027185798208,"TOTAL_PARENT_EQUITY":196615068.58,"DEBT_ASSET_RATIO":61.3078327249,"OPERATE_PROFIT":83589147.18,"PRETAX_PROFIT":79428326.04,"NETCASH_OPERATE":99793783.32,"NETCASH_INVEST":-89782626.22,"NETCASH_FINANCE":44816514.68,"END_CASH":91377480.88,"DIVI_RATIO":0.500437563489,"DIVIDEND_RATE":6.382978723404,"CURRENT_RATIO":2.174666172107,"COMMON_ACS":3000000000,"CURRENTDEBT_DEBT":14.595023291947,"ISSUED_COMMON_SHARES":1000000000,"HK_COMMON_SHARES":1000000000,"PER_SHARES":4000,"TOTAL_MARKET_CAP":470000000,"HKSK_MARKET_CAP":470000000,"PE_TTM":6.722064102747,"PB_TTM":1.06601586776,"REPORT_DATE_SQ":"2019-12-31 00:00:00","REPORT_TYPE_SQ":"2019年年报","OPERATE_INCOME_SQ":179174742.6,"DPS_HKD":0.03,"OPERATE_INCOME_QOQ_SQ":0,"NET_PROFIT_RATIO_SQ":24.4087140103,"HOLDER_PROFIT_SQ":43734250.5,"HOLDER_PROFIT_QOQ_SQ":0,"ROE_AVG_SQ":43.309099299219,"PE_TTM_SQ":4.042806183115,"PB_TTM_SQ":1.373422920005,"ROA_SQ":22.616235116235,"START_DATE":"2020-04-01 00:00:00","FISCAL_YEAR":"3-31","CURRENCY":"HKD","IS_CNY_CODE":0,"DPS_HKD_LY":0.04,"ORG_TYPE":"一般企业","PREMIUM_INCOME":null,"PREMIUM_INCOME_YOY":null,"NET_INTEREST_INCOME":null,"NET_INTEREST_INCOME_YOY":null,"FEE_COMMISSION_INCOME":null,"FEE_COMMISSION_INCOME_YOY":null,"ACCOUNTS_RECE_TDAYS":52.589380893809,"INVENTORY_TDAYS":null,"CURRENT_ASSETS_TDAYS":1.669460695948,"TOTAL_ASSETS_TDAYS":0.539232007803,"PREMIUM_EXPENSE":null,"LOAN_DEPOSIT":null,"LOAN_EQUITY":null,"LOAN_ASSETS":null,"DEPOSIT_EQUITY":null,"DEPOSIT_ASSETS":null,"EQUITY_MULTIPLIER":2.584502421097,"EQUITY_RATIO":1.588098748662},{"SECUCODE":"02189.HK","SECURITY_CODE":"02189","SECURITY_NAME_ABBR":"嘉涛(香港)控股","ORG_CODE":"10984144","STD_REPORT_DATE":"2020-06-30 00:00:00","REPORT_DATE":"2020-09-30 00:00:00","DATE_TYPE_CODE":"002","REPORT_TYPE":"2020年中报","PER_NETCASH_OPERATE":0.0522003616,"PER_OI":0.10161342336,"BPS":0.1813590208,"BASIC_EPS":0.029612864,"DILUTED_EPS":0.029612864,"OPERATE_INCOME":101613423.36,"OPERATE_INCOME_YOY":20.6825297433,"GROSS_PROFIT":101613423.36,"GROSS_PROFIT_YOY":22.287224182547,"HOLDER_PROFIT":29628680.96,"HOLDER_PROFIT_YOY":61.8101545254,"GROSS_PROFIT_RATIO":96.655078780332,"EPS_TTM":0.0437342505,"OPERATE_INCOME_QOQ":0,"NET_PROFIT_RATIO":29.0120894516,"ROE_AVG":16.898627280974,"GROSS_PROFIT_QOQ":0,"ROA":8.430585437875,"HOLDER_PROFIT_QOQ":0,"ROE_YEARLY":33.797254561948,"ROIC_YEARLY":32.877647334139,"TOTAL_ASSETS":396328202.88,"TOTAL_LIABILITIES":214854069.76,"TAX_EBT":19.21548797226,"OCF_SALES":51.37152147218,"TOTAL_PARENT_EQUITY":181359020.8,"DEBT_ASSET_RATIO":54.2111482854,"OPERATE_PROFIT":38104814.08,"PRETAX_PROFIT":36492362.88,"NETCASH_OPERATE":52200361.6,"NETCASH_INVEST":1130033.92,"NETCASH_FINANCE":-28168248.32,"END_CASH":63162393.6,"DIVI_RATIO":0.624391630994,"DIVIDEND_RATE":6.382978723404,"CURRENT_RATIO":4.338094664095,"COMMON_ACS":3000000000,"CURRENTDEBT_DEBT":20.35761611072,"ISSUED_COMMON_SHARES":1000000000,"HK_COMMON_SHARES":1000000000,"PER_SHARES":4000,"TOTAL_MARKET_CAP":470000000,"HKSK_MARKET_CAP":470000000,"PE_TTM":6.722064102747,"PB_TTM":1.06601586776,"REPORT_DATE_SQ":"2019-06-30 00:00:00","REPORT_TYPE_SQ":"2019年中报","OPERATE_INCOME_SQ":86430598.2,"DPS_HKD":0.03,"OPERATE_INCOME_QOQ_SQ":0,"NET_PROFIT_RATIO_SQ":21.7470256731,"HOLDER_PROFIT_SQ":18796084.38,"HOLDER_PROFIT_QOQ_SQ":0,"ROE_AVG_SQ":19.474220348962,"PE_TTM_SQ":4.042806183115,"PB_TTM_SQ":1.373422920005,"ROA_SQ":9.603561585754,"START_DATE":"2020-04-01 00:00:00","FISCAL_YEAR":"3-31","CURRENCY":"HKD","IS_CNY_CODE":0,"DPS_HKD_LY":0.04,"ORG_TYPE":"一般企业","PREMIUM_INCOME":null,"PREMIUM_INCOME_YOY":null,"NET_INTEREST_INCOME":null,"NET_INTEREST_INCOME_YOY":null,"FEE_COMMISSION_INCOME":null,"FEE_COMMISSION_INCOME_YOY":null,"ACCOUNTS_RECE_TDAYS":28.669393826701,"INVENTORY_TDAYS":null,"CURRENT_ASSETS_TDAYS":0.56964952943,"TOTAL_ASSETS_TDAYS":0.289132225774,"PREMIUM_EXPENSE":null,"LOAN_DEPOSIT":null,"LOAN_EQUITY":null,"LOAN_ASSETS":null,"DEPOSIT_EQUITY":null,"DEPOSIT_ASSETS":null,"EQUITY_MULTIPLIER":2.183937710937,"EQUITY_RATIO":1.184689180677}],"count":18},"success":true,"message":"ok","code":0}