{"version":"63e5e4ae39d534e04048ccc899155b61","result":{"pages":2,"data":[{"SECUCODE":"02187.HK","SECURITY_CODE":"02187","SECURITY_NAME_ABBR":"智欣集团控股","ORG_CODE":"10000078570","STD_REPORT_DATE":"2024-06-30 00:00:00","REPORT_DATE":"2024-06-30 00:00:00","DATE_TYPE_CODE":"002","REPORT_TYPE":"2024年中报","PER_NETCASH_OPERATE":0.072189839572,"PER_OI":0.326308823529,"BPS":0.607379679144,"BASIC_EPS":0.002,"DILUTED_EPS":0.002,"OPERATE_INCOME":244079000,"OPERATE_INCOME_YOY":5.6536720082,"GROSS_PROFIT":45517000,"GROSS_PROFIT_YOY":38.868718918754,"HOLDER_PROFIT":1172000,"HOLDER_PROFIT_YOY":-88.9942717626,"GROSS_PROFIT_RATIO":18.648470372298,"EPS_TTM":0.000803475936,"OPERATE_INCOME_QOQ":2.547145893871,"NET_PROFIT_RATIO":0.4801724032,"ROE_AVG":0.258301119158,"GROSS_PROFIT_QOQ":12.227661003935,"ROA":0.089366935911,"HOLDER_PROFIT_QOQ":-94.036515181584,"ROE_YEARLY":0.516602238316,"ROIC_YEARLY":0.18235462295,"TOTAL_ASSETS":1270647000,"TOTAL_LIABILITIES":816327000,"TAX_EBT":931.205673758865,"OCF_SALES":22.123165040827,"TOTAL_PARENT_EQUITY":454320000,"DEBT_ASSET_RATIO":64.2449870027,"OPERATE_PROFIT":9891000,"PRETAX_PROFIT":-141000,"NETCASH_OPERATE":53998000,"NETCASH_INVEST":-28874000,"NETCASH_FINANCE":-24780000,"END_CASH":26212000,"DIVI_RATIO":null,"DIVIDEND_RATE":null,"CURRENT_RATIO":1.006878196398,"COMMON_ACS":3000000000,"CURRENTDEBT_DEBT":78.612859797606,"ISSUED_COMMON_SHARES":748000000,"HK_COMMON_SHARES":748000000,"PER_SHARES":2000,"TOTAL_MARKET_CAP":418880000,"HKSK_MARKET_CAP":418880000,"PE_TTM":489.970831648279,"PB_TTM":0.841484852967,"REPORT_DATE_SQ":"2023-06-30 00:00:00","REPORT_TYPE_SQ":"2023年中报","OPERATE_INCOME_SQ":231018000,"DPS_HKD":null,"OPERATE_INCOME_QOQ_SQ":-11.930420467017,"NET_PROFIT_RATIO_SQ":4.6095975205,"HOLDER_PROFIT_SQ":10649000,"HOLDER_PROFIT_QOQ_SQ":807.581803671189,"ROE_AVG_SQ":2.374917622763,"PE_TTM_SQ":61.862751108322,"PB_TTM_SQ":1.550373382644,"ROA_SQ":0.76013275377,"START_DATE":"2024-01-01 00:00:00","FISCAL_YEAR":"12-31","CURRENCY":"HKD","IS_CNY_CODE":0,"DPS_HKD_LY":null,"ORG_TYPE":"一般企业","PREMIUM_INCOME":null,"PREMIUM_INCOME_YOY":null,"NET_INTEREST_INCOME":null,"NET_INTEREST_INCOME_YOY":null,"FEE_COMMISSION_INCOME":null,"FEE_COMMISSION_INCOME_YOY":null,"ACCOUNTS_RECE_TDAYS":0.439674637994,"INVENTORY_TDAYS":6.676821681966,"CURRENT_ASSETS_TDAYS":0.352526064403,"TOTAL_ASSETS_TDAYS":0.1861142692,"PREMIUM_EXPENSE":null,"LOAN_DEPOSIT":null,"LOAN_EQUITY":null,"LOAN_ASSETS":null,"DEPOSIT_EQUITY":null,"DEPOSIT_ASSETS":null,"EQUITY_MULTIPLIER":2.796810618068,"EQUITY_RATIO":1.796810618067},{"SECUCODE":"02187.HK","SECURITY_CODE":"02187","SECURITY_NAME_ABBR":"智欣集团控股","ORG_CODE":"10000078570","STD_REPORT_DATE":"2023-12-31 00:00:00","REPORT_DATE":"2023-12-31 00:00:00","DATE_TYPE_CODE":"001","REPORT_TYPE":"2023年年报","PER_NETCASH_OPERATE":0.127254010695,"PER_OI":0.685521390374,"BPS":0.605812834225,"BASIC_EPS":0.013,"DILUTED_EPS":0.013,"OPERATE_INCOME":512770000,"OPERATE_INCOME_YOY":-19.1408368971,"GROSS_PROFIT":104190000,"GROSS_PROFIT_YOY":81.436656508489,"HOLDER_PROFIT":10078000,"HOLDER_PROFIT_YOY":704.3096568236,"GROSS_PROFIT_RATIO":20.319051426566,"EPS_TTM":0.013473262032,"OPERATE_INCOME_QOQ":-8.187181622038,"NET_PROFIT_RATIO":1.9654035923,"ROE_AVG":2.249006380144,"GROSS_PROFIT_QOQ":92.509515538968,"ROA":0.736333660414,"HOLDER_PROFIT_QOQ":-11.378825184664,"ROE_YEARLY":2.249006380144,"ROIC_YEARLY":0.748182254168,"TOTAL_ASSETS":1352247000,"TOTAL_LIABILITIES":899099000,"TAX_EBT":28.372423596304,"OCF_SALES":18.563098465199,"TOTAL_PARENT_EQUITY":453148000,"DEBT_ASSET_RATIO":66.4892582494,"OPERATE_PROFIT":30719000,"PRETAX_PROFIT":14070000,"NETCASH_OPERATE":95186000,"NETCASH_INVEST":-71904000,"NETCASH_FINANCE":-14899000,"END_CASH":25867000,"DIVI_RATIO":null,"DIVIDEND_RATE":null,"CURRENT_RATIO":1.02935208284,"COMMON_ACS":3000000000,"CURRENTDEBT_DEBT":79.805449677955,"ISSUED_COMMON_SHARES":748000000,"HK_COMMON_SHARES":748000000,"PER_SHARES":2000,"TOTAL_MARKET_CAP":448800000,"HKSK_MARKET_CAP":448800000,"PE_TTM":524.968748194584,"PB_TTM":0.901590913893,"REPORT_DATE_SQ":"2022-12-31 00:00:00","REPORT_TYPE_SQ":"2022年年报","OPERATE_INCOME_SQ":634152000,"DPS_HKD":null,"OPERATE_INCOME_QOQ_SQ":-15.567195199401,"NET_PROFIT_RATIO_SQ":0.1975866985,"HOLDER_PROFIT_SQ":1253000,"HOLDER_PROFIT_QOQ_SQ":-88.297375548706,"ROE_AVG_SQ":0.283200001808,"PE_TTM_SQ":71.56671206649,"PB_TTM_SQ":1.793569207373,"ROA_SQ":0.095139314936,"START_DATE":"2023-01-01 00:00:00","FISCAL_YEAR":"12-31","CURRENCY":"HKD","IS_CNY_CODE":0,"DPS_HKD_LY":null,"ORG_TYPE":"一般企业","PREMIUM_INCOME":null,"PREMIUM_INCOME_YOY":null,"NET_INTEREST_INCOME":null,"NET_INTEREST_INCOME_YOY":null,"FEE_COMMISSION_INCOME":null,"FEE_COMMISSION_INCOME_YOY":null,"ACCOUNTS_RECE_TDAYS":0.795470763808,"INVENTORY_TDAYS":14.734222863325,"CURRENT_ASSETS_TDAYS":0.673339614527,"TOTAL_ASSETS_TDAYS":0.374647560082,"PREMIUM_EXPENSE":null,"LOAN_DEPOSIT":null,"LOAN_EQUITY":null,"LOAN_ASSETS":null,"DEPOSIT_EQUITY":null,"DEPOSIT_ASSETS":null,"EQUITY_MULTIPLIER":2.984117771676,"EQUITY_RATIO":1.984117771677},{"SECUCODE":"02187.HK","SECURITY_CODE":"02187","SECURITY_NAME_ABBR":"智欣集团控股","ORG_CODE":"10000078570","STD_REPORT_DATE":"2023-06-30 00:00:00","REPORT_DATE":"2023-06-30 00:00:00","DATE_TYPE_CODE":"002","REPORT_TYPE":"2023年中报","PER_NETCASH_OPERATE":0.053709893048,"PER_OI":0.308847593583,"BPS":0.606576203209,"BASIC_EPS":0.014,"DILUTED_EPS":0.014,"OPERATE_INCOME":231018000,"OPERATE_INCOME_YOY":-24.6700904867,"GROSS_PROFIT":32777000,"GROSS_PROFIT_YOY":-9.15465631929,"HOLDER_PROFIT":10649000,"HOLDER_PROFIT_YOY":1909.2452830189,"GROSS_PROFIT_RATIO":14.188071925131,"EPS_TTM":0.015203208556,"OPERATE_INCOME_QOQ":-11.930420467017,"NET_PROFIT_RATIO":4.6095975205,"ROE_AVG":2.374917622763,"GROSS_PROFIT_QOQ":-5.751850239443,"ROA":0.76013275377,"HOLDER_PROFIT_QOQ":807.581803671189,"ROE_YEARLY":4.749835245526,"ROIC_YEARLY":1.537168507894,"TOTAL_ASSETS":1416780000,"TOTAL_LIABILITIES":963061000,"TAX_EBT":31.305637982196,"OCF_SALES":17.390419794129,"TOTAL_PARENT_EQUITY":453719000,"DEBT_ASSET_RATIO":67.9753384435,"OPERATE_PROFIT":22456000,"PRETAX_PROFIT":15502000,"NETCASH_OPERATE":40175000,"NETCASH_INVEST":-37758000,"NETCASH_FINANCE":-6579000,"END_CASH":13327000,"DIVI_RATIO":null,"DIVIDEND_RATE":null,"CURRENT_RATIO":0.994945494417,"COMMON_ACS":3000000000,"CURRENTDEBT_DEBT":83.240936970763,"ISSUED_COMMON_SHARES":748000000,"HK_COMMON_SHARES":748000000,"PER_SHARES":2000,"TOTAL_MARKET_CAP":448800000,"HKSK_MARKET_CAP":448800000,"PE_TTM":524.968748194584,"PB_TTM":0.901590913893,"REPORT_DATE_SQ":"2022-06-30 00:00:00","REPORT_TYPE_SQ":"2022年中报","OPERATE_INCOME_SQ":306675000,"DPS_HKD":null,"OPERATE_INCOME_QOQ_SQ":-1.831815425154,"NET_PROFIT_RATIO_SQ":0.1728213907,"HOLDER_PROFIT_SQ":530000,"HOLDER_PROFIT_QOQ_SQ":-47.509559760761,"ROE_AVG_SQ":0.119887260734,"PE_TTM_SQ":71.56671206649,"PB_TTM_SQ":1.793569207373,"ROA_SQ":0.04245616101,"START_DATE":"2023-01-01 00:00:00","FISCAL_YEAR":"12-31","CURRENCY":"HKD","IS_CNY_CODE":0,"DPS_HKD_LY":null,"ORG_TYPE":"一般企业","PREMIUM_INCOME":null,"PREMIUM_INCOME_YOY":null,"NET_INTEREST_INCOME":null,"NET_INTEREST_INCOME_YOY":null,"FEE_COMMISSION_INCOME":null,"FEE_COMMISSION_INCOME_YOY":null,"ACCOUNTS_RECE_TDAYS":0.346520069599,"INVENTORY_TDAYS":3.596012915397,"CURRENT_ASSETS_TDAYS":0.29204283214,"TOTAL_ASSETS_TDAYS":0.164902195991,"PREMIUM_EXPENSE":null,"LOAN_DEPOSIT":null,"LOAN_EQUITY":null,"LOAN_ASSETS":null,"DEPOSIT_EQUITY":null,"DEPOSIT_ASSETS":null,"EQUITY_MULTIPLIER":3.1225934995,"EQUITY_RATIO":2.122593499501},{"SECUCODE":"02187.HK","SECURITY_CODE":"02187","SECURITY_NAME_ABBR":"智欣集团控股","ORG_CODE":"10000078570","STD_REPORT_DATE":"2022-12-31 00:00:00","REPORT_DATE":"2022-12-31 00:00:00","DATE_TYPE_CODE":"001","REPORT_TYPE":"2022年年报","PER_NETCASH_OPERATE":-0.050987967914,"PER_OI":0.847796791444,"BPS":0.592339572193,"BASIC_EPS":0.002,"DILUTED_EPS":0.002,"OPERATE_INCOME":634152000,"OPERATE_INCOME_YOY":-17.1138483416,"GROSS_PROFIT":57425000,"GROSS_PROFIT_YOY":-44.921350469979,"HOLDER_PROFIT":1253000,"HOLDER_PROFIT_YOY":-93.857240906,"GROSS_PROFIT_RATIO":9.0553999672,"EPS_TTM":0.00167513369,"OPERATE_INCOME_QOQ":-15.567195199401,"NET_PROFIT_RATIO":0.1975866985,"ROE_AVG":0.283200001808,"GROSS_PROFIT_QOQ":-33.457322301791,"ROA":0.095139314936,"HOLDER_PROFIT_QOQ":-88.297375548706,"ROE_YEARLY":0.283200001808,"ROIC_YEARLY":0.099866499293,"TOTAL_ASSETS":1385099000,"TOTAL_LIABILITIES":942029000,"TAX_EBT":158.771106941839,"OCF_SALES":-6.014173258146,"TOTAL_PARENT_EQUITY":443070000,"DEBT_ASSET_RATIO":68.0116728118,"OPERATE_PROFIT":11000000,"PRETAX_PROFIT":-2132000,"NETCASH_OPERATE":-38139000,"NETCASH_INVEST":-205275000,"NETCASH_FINANCE":153698000,"END_CASH":17483000,"DIVI_RATIO":null,"DIVIDEND_RATE":null,"CURRENT_RATIO":1.053457523239,"COMMON_ACS":3000000000,"CURRENTDEBT_DEBT":79.049158783859,"ISSUED_COMMON_SHARES":748000000,"HK_COMMON_SHARES":748000000,"PER_SHARES":2000,"TOTAL_MARKET_CAP":448800000,"HKSK_MARKET_CAP":448800000,"PE_TTM":524.968748194584,"PB_TTM":0.901590913893,"REPORT_DATE_SQ":"2021-12-31 00:00:00","REPORT_TYPE_SQ":"2021年年报","OPERATE_INCOME_SQ":765088000,"DPS_HKD":null,"OPERATE_INCOME_QOQ_SQ":-6.976110808497,"NET_PROFIT_RATIO_SQ":2.6660985403,"HOLDER_PROFIT_SQ":20398000,"HOLDER_PROFIT_QOQ_SQ":-68.948089511341,"ROE_AVG_SQ":6.701205349663,"PE_TTM_SQ":71.56671206649,"PB_TTM_SQ":1.793569207373,"ROA_SQ":1.983029822249,"START_DATE":"2022-01-01 00:00:00","FISCAL_YEAR":"12-31","CURRENCY":"HKD","IS_CNY_CODE":0,"DPS_HKD_LY":null,"ORG_TYPE":"一般企业","PREMIUM_INCOME":null,"PREMIUM_INCOME_YOY":null,"NET_INTEREST_INCOME":null,"NET_INTEREST_INCOME_YOY":null,"FEE_COMMISSION_INCOME":null,"FEE_COMMISSION_INCOME_YOY":null,"ACCOUNTS_RECE_TDAYS":0.955911968646,"INVENTORY_TDAYS":21.978925304878,"CURRENT_ASSETS_TDAYS":0.795528545291,"TOTAL_ASSETS_TDAYS":0.481506678734,"PREMIUM_EXPENSE":null,"LOAN_DEPOSIT":null,"LOAN_EQUITY":null,"LOAN_ASSETS":null,"DEPOSIT_EQUITY":null,"DEPOSIT_ASSETS":null,"EQUITY_MULTIPLIER":3.126140338995,"EQUITY_RATIO":2.126140338998},{"SECUCODE":"02187.HK","SECURITY_CODE":"02187","SECURITY_NAME_ABBR":"智欣集团控股","ORG_CODE":"10000078570","STD_REPORT_DATE":"2022-06-30 00:00:00","REPORT_DATE":"2022-06-30 00:00:00","DATE_TYPE_CODE":"002","REPORT_TYPE":"2022年中报","PER_NETCASH_OPERATE":0.002576203209,"PER_OI":0.409993315508,"BPS":0.591372994652,"BASIC_EPS":0.00071,"DILUTED_EPS":0.00071,"OPERATE_INCOME":306675000,"OPERATE_INCOME_YOY":-4.370264118,"GROSS_PROFIT":36080000,"GROSS_PROFIT_YOY":-33.237111875948,"HOLDER_PROFIT":530000,"HOLDER_PROFIT_YOY":-94.8145973975,"GROSS_PROFIT_RATIO":11.764897692998,"EPS_TTM":0.014314171123,"OPERATE_INCOME_QOQ":-1.831815425154,"NET_PROFIT_RATIO":0.1728213907,"ROE_AVG":0.119887260734,"GROSS_PROFIT_QOQ":-17.228083637061,"ROA":0.04245616101,"HOLDER_PROFIT_QOQ":-47.509559760761,"ROE_YEARLY":0.239774521469,"ROIC_YEARLY":0.089864550385,"TOTAL_ASSETS":1247760000,"TOTAL_LIABILITIES":805413000,"TAX_EBT":-9.278350515464,"OCF_SALES":0.628352490421,"TOTAL_PARENT_EQUITY":442347000,"DEBT_ASSET_RATIO":64.5487112906,"OPERATE_PROFIT":7786000,"PRETAX_PROFIT":485000,"NETCASH_OPERATE":1927000,"NETCASH_INVEST":-75580000,"NETCASH_FINANCE":-3158000,"END_CASH":30388000,"DIVI_RATIO":null,"DIVIDEND_RATE":null,"CURRENT_RATIO":1.127130503374,"COMMON_ACS":3000000000,"CURRENTDEBT_DEBT":84.997386434041,"ISSUED_COMMON_SHARES":748000000,"HK_COMMON_SHARES":748000000,"PER_SHARES":2000,"TOTAL_MARKET_CAP":448800000,"HKSK_MARKET_CAP":448800000,"PE_TTM":524.968748194584,"PB_TTM":0.901590913893,"REPORT_DATE_SQ":"2021-06-30 00:00:00","REPORT_TYPE_SQ":"2021年中报","OPERATE_INCOME_SQ":320690000,"DPS_HKD":null,"OPERATE_INCOME_QOQ_SQ":4.785565586532,"NET_PROFIT_RATIO_SQ":3.1871901213,"HOLDER_PROFIT_SQ":10221000,"HOLDER_PROFIT_QOQ_SQ":4.897561598774,"ROE_AVG_SQ":3.414916915716,"PE_TTM_SQ":71.56671206649,"PB_TTM_SQ":1.793569207373,"ROA_SQ":1.192559715494,"START_DATE":"2022-01-01 00:00:00","FISCAL_YEAR":"12-31","CURRENCY":"HKD","IS_CNY_CODE":0,"DPS_HKD_LY":null,"ORG_TYPE":"一般企业","PREMIUM_INCOME":null,"PREMIUM_INCOME_YOY":null,"NET_INTEREST_INCOME":null,"NET_INTEREST_INCOME_YOY":null,"FEE_COMMISSION_INCOME":null,"FEE_COMMISSION_INCOME_YOY":null,"ACCOUNTS_RECE_TDAYS":0.491850998858,"INVENTORY_TDAYS":5.793581124481,"CURRENT_ASSETS_TDAYS":0.387845668598,"TOTAL_ASSETS_TDAYS":0.245664965617,"PREMIUM_EXPENSE":null,"LOAN_DEPOSIT":null,"LOAN_EQUITY":null,"LOAN_ASSETS":null,"DEPOSIT_EQUITY":null,"DEPOSIT_ASSETS":null,"EQUITY_MULTIPLIER":2.820771927918,"EQUITY_RATIO":1.820771927921},{"SECUCODE":"02187.HK","SECURITY_CODE":"02187","SECURITY_NAME_ABBR":"智欣集团控股","ORG_CODE":"10000078570","STD_REPORT_DATE":"2021-12-31 00:00:00","REPORT_DATE":"2021-12-31 00:00:00","DATE_TYPE_CODE":"001","REPORT_TYPE":"2021年年报","PER_NETCASH_OPERATE":-0.134672459893,"PER_OI":1.022844919786,"BPS":0.590664438503,"BASIC_EPS":0.029,"DILUTED_EPS":0.029,"OPERATE_INCOME":765088000,"OPERATE_INCOME_YOY":-2.5243915801,"GROSS_PROFIT":104260000,"GROSS_PROFIT_YOY":-31.635028359726,"HOLDER_PROFIT":20398000,"HOLDER_PROFIT_YOY":-67.4273030676,"GROSS_PROFIT_RATIO":13.627190597683,"EPS_TTM":0.027270053476,"OPERATE_INCOME_QOQ":-6.976110808497,"NET_PROFIT_RATIO":2.6660985403,"ROE_AVG":6.701205349663,"GROSS_PROFIT_QOQ":-35.716575825585,"ROA":1.983029822249,"HOLDER_PROFIT_QOQ":-68.948089511341,"ROE_YEARLY":6.701205349663,"ROIC_YEARLY":2.125265423751,"TOTAL_ASSETS":1248933000,"TOTAL_LIABILITIES":807116000,"TAX_EBT":39.128618322889,"OCF_SALES":-13.166459283115,"TOTAL_PARENT_EQUITY":441817000,"DEBT_ASSET_RATIO":64.6244434249,"OPERATE_PROFIT":46512000,"PRETAX_PROFIT":33510000,"NETCASH_OPERATE":-100735000,"NETCASH_INVEST":-40743000,"NETCASH_FINANCE":218192000,"END_CASH":107199000,"DIVI_RATIO":null,"DIVIDEND_RATE":null,"CURRENT_RATIO":1.124032385,"COMMON_ACS":3000000000,"CURRENTDEBT_DEBT":89.263129463423,"ISSUED_COMMON_SHARES":748000000,"HK_COMMON_SHARES":748000000,"PER_SHARES":2000,"TOTAL_MARKET_CAP":448800000,"HKSK_MARKET_CAP":448800000,"PE_TTM":524.968748194584,"PB_TTM":0.901590913893,"REPORT_DATE_SQ":"2020-12-31 00:00:00","REPORT_TYPE_SQ":"2020年年报","OPERATE_INCOME_SQ":784902000,"DPS_HKD":null,"OPERATE_INCOME_QOQ_SQ":19.875558216396,"NET_PROFIT_RATIO_SQ":7.9784482649,"HOLDER_PROFIT_SQ":62623000,"HOLDER_PROFIT_QOQ_SQ":40.118139305932,"ROE_AVG_SQ":46.162578552605,"PE_TTM_SQ":71.56671206649,"PB_TTM_SQ":1.793569207373,"ROA_SQ":8.439967842864,"START_DATE":"2021-01-01 00:00:00","FISCAL_YEAR":"12-31","CURRENCY":"HKD","IS_CNY_CODE":0,"DPS_HKD_LY":null,"ORG_TYPE":"一般企业","PREMIUM_INCOME":null,"PREMIUM_INCOME_YOY":null,"NET_INTEREST_INCOME":null,"NET_INTEREST_INCOME_YOY":null,"FEE_COMMISSION_INCOME":null,"FEE_COMMISSION_INCOME_YOY":null,"ACCOUNTS_RECE_TDAYS":1.356698972485,"INVENTORY_TDAYS":16.450579405285,"CURRENT_ASSETS_TDAYS":1.0893529774,"TOTAL_ASSETS_TDAYS":0.74379464685,"PREMIUM_EXPENSE":null,"LOAN_DEPOSIT":null,"LOAN_EQUITY":null,"LOAN_ASSETS":null,"DEPOSIT_EQUITY":null,"DEPOSIT_ASSETS":null,"EQUITY_MULTIPLIER":2.826810647847,"EQUITY_RATIO":1.826810647847},{"SECUCODE":"02187.HK","SECURITY_CODE":"02187","SECURITY_NAME_ABBR":"智欣集团控股","ORG_CODE":"10000078570","STD_REPORT_DATE":"2021-06-30 00:00:00","REPORT_DATE":"2021-06-30 00:00:00","DATE_TYPE_CODE":"002","REPORT_TYPE":"2021年中报","PER_NETCASH_OPERATE":-0.173244652406,"PER_OI":0.428729946524,"BPS":0.577058823529,"BASIC_EPS":0.015,"DILUTED_EPS":0.015,"OPERATE_INCOME":320690000,"OPERATE_INCOME_YOY":13.2667909921,"GROSS_PROFIT":54042000,"GROSS_PROFIT_YOY":21.828715705945,"HOLDER_PROFIT":10221000,"HOLDER_PROFIT_YOY":42.8711210512,"GROSS_PROFIT_RATIO":16.85178833141,"EPS_TTM":0.087820855615,"OPERATE_INCOME_QOQ":4.785565586532,"NET_PROFIT_RATIO":3.1871901213,"ROE_AVG":3.414916915716,"GROSS_PROFIT_QOQ":6.34930002295,"ROA":1.192559715494,"HOLDER_PROFIT_QOQ":4.897561598774,"ROE_YEARLY":6.829833831433,"ROIC_YEARLY":2.552110903589,"TOTAL_ASSETS":905805000,"TOTAL_LIABILITIES":474165000,"TAX_EBT":40.084412919866,"OCF_SALES":-40.408806012037,"TOTAL_PARENT_EQUITY":431640000,"DEBT_ASSET_RATIO":52.347359531,"OPERATE_PROFIT":23990000,"PRETAX_PROFIT":17059000,"NETCASH_OPERATE":-129587000,"NETCASH_INVEST":-10998000,"NETCASH_FINANCE":191775000,"END_CASH":81675000,"DIVI_RATIO":null,"DIVIDEND_RATE":null,"CURRENT_RATIO":1.666956889891,"COMMON_ACS":3000000000,"CURRENTDEBT_DEBT":88.169519049276,"ISSUED_COMMON_SHARES":748000000,"HK_COMMON_SHARES":748000000,"PER_SHARES":2000,"TOTAL_MARKET_CAP":448800000,"HKSK_MARKET_CAP":448800000,"PE_TTM":524.968748194584,"PB_TTM":0.901590913893,"REPORT_DATE_SQ":"2020-06-30 00:00:00","REPORT_TYPE_SQ":"2020年中报","OPERATE_INCOME_SQ":283128000,"DPS_HKD":null,"OPERATE_INCOME_QOQ_SQ":10.827238459234,"NET_PROFIT_RATIO_SQ":2.5267723433,"HOLDER_PROFIT_SQ":7154000,"HOLDER_PROFIT_QOQ_SQ":6.864807995792,"ROE_AVG_SQ":6.628800163079,"PE_TTM_SQ":71.56671206649,"PB_TTM_SQ":1.793569207373,"ROA_SQ":1.028224430032,"START_DATE":"2021-01-01 00:00:00","FISCAL_YEAR":"12-31","CURRENCY":"HKD","IS_CNY_CODE":0,"DPS_HKD_LY":null,"ORG_TYPE":"一般企业","PREMIUM_INCOME":null,"PREMIUM_INCOME_YOY":null,"NET_INTEREST_INCOME":null,"NET_INTEREST_INCOME_YOY":null,"FEE_COMMISSION_INCOME":null,"FEE_COMMISSION_INCOME_YOY":null,"ACCOUNTS_RECE_TDAYS":0.651940788838,"INVENTORY_TDAYS":3.792084417708,"CURRENT_ASSETS_TDAYS":0.496519840124,"TOTAL_ASSETS_TDAYS":0.374172757227,"PREMIUM_EXPENSE":null,"LOAN_DEPOSIT":null,"LOAN_EQUITY":null,"LOAN_ASSETS":null,"DEPOSIT_EQUITY":null,"DEPOSIT_ASSETS":null,"EQUITY_MULTIPLIER":2.098519599665,"EQUITY_RATIO":1.098519599666},{"SECUCODE":"02187.HK","SECURITY_CODE":"02187","SECURITY_NAME_ABBR":"智欣集团控股","ORG_CODE":"10000078570","STD_REPORT_DATE":"2020-12-31 00:00:00","REPORT_DATE":"2020-12-31 00:00:00","DATE_TYPE_CODE":"001","REPORT_TYPE":"2020年年报","PER_NETCASH_OPERATE":10.995559022222,"PER_OI":734.005465866667,"BPS":0.223220588235,"BASIC_EPS":0.112,"DILUTED_EPS":0.112,"OPERATE_INCOME":784902000,"OPERATE_INCOME_YOY":32.8547707588,"GROSS_PROFIT":152505000,"GROSS_PROFIT_YOY":33.33537337052,"HOLDER_PROFIT":62623000,"HOLDER_PROFIT_YOY":49.7369805366,"GROSS_PROFIT_RATIO":19.429814167883,"EPS_TTM":58.562246355556,"OPERATE_INCOME_QOQ":19.875558216396,"NET_PROFIT_RATIO":7.9784482649,"ROE_AVG":46.162578552605,"GROSS_PROFIT_QOQ":20.330918903565,"ROA":8.439967842864,"HOLDER_PROFIT_QOQ":40.118139305932,"ROE_YEARLY":46.162578552605,"ROIC_YEARLY":8.713771468566,"TOTAL_ASSETS":808323000,"TOTAL_LIABILITIES":641354000,"TAX_EBT":26.860232886792,"OCF_SALES":1.498021409042,"TOTAL_PARENT_EQUITY":166969000,"DEBT_ASSET_RATIO":79.3437771782,"OPERATE_PROFIT":99206000,"PRETAX_PROFIT":85621000,"NETCASH_OPERATE":11758000,"NETCASH_INVEST":-14804000,"NETCASH_FINANCE":17387000,"END_CASH":30485000,"DIVI_RATIO":null,"DIVIDEND_RATE":null,"CURRENT_RATIO":1.116173642189,"COMMON_ACS":3000000000,"CURRENTDEBT_DEBT":83.095295265953,"ISSUED_COMMON_SHARES":748000000,"HK_COMMON_SHARES":748000000,"PER_SHARES":2000,"TOTAL_MARKET_CAP":448800000,"HKSK_MARKET_CAP":448800000,"PE_TTM":524.968748194584,"PB_TTM":0.901590913893,"REPORT_DATE_SQ":"2019-12-31 00:00:00","REPORT_TYPE_SQ":"2019年年报","OPERATE_INCOME_SQ":590797000,"DPS_HKD":null,"OPERATE_INCOME_QOQ_SQ":15.555472972048,"NET_PROFIT_RATIO_SQ":7.0789120459,"HOLDER_PROFIT_SQ":41822000,"HOLDER_PROFIT_QOQ_SQ":52.807921370894,"ROE_AVG_SQ":50.127950809356,"PE_TTM_SQ":71.56671206649,"PB_TTM_SQ":1.793569207373,"ROA_SQ":6.817835400023,"START_DATE":"2020-01-01 00:00:00","FISCAL_YEAR":"12-31","CURRENCY":"HKD","IS_CNY_CODE":0,"DPS_HKD_LY":null,"ORG_TYPE":"一般企业","PREMIUM_INCOME":null,"PREMIUM_INCOME_YOY":null,"NET_INTEREST_INCOME":null,"NET_INTEREST_INCOME_YOY":null,"FEE_COMMISSION_INCOME":null,"FEE_COMMISSION_INCOME_YOY":null,"ACCOUNTS_RECE_TDAYS":1.756129320953,"INVENTORY_TDAYS":16.162055790536,"CURRENT_ASSETS_TDAYS":1.481848860863,"TOTAL_ASSETS_TDAYS":1.057845781869,"PREMIUM_EXPENSE":null,"LOAN_DEPOSIT":null,"LOAN_EQUITY":null,"LOAN_ASSETS":null,"DEPOSIT_EQUITY":null,"DEPOSIT_ASSETS":null,"EQUITY_MULTIPLIER":4.841156142761,"EQUITY_RATIO":3.841156142757},{"SECUCODE":"02187.HK","SECURITY_CODE":"02187","SECURITY_NAME_ABBR":"智欣集团控股","ORG_CODE":"10000078570","STD_REPORT_DATE":"2020-06-30 00:00:00","REPORT_DATE":"2020-06-30 00:00:00","DATE_TYPE_CODE":"002","REPORT_TYPE":"2020年中报","PER_NETCASH_OPERATE":-18.964029333333,"PER_OI":287.3560448,"BPS":0.149064171123,"BASIC_EPS":0.013,"DILUTED_EPS":0.013,"OPERATE_INCOME":283128000,"OPERATE_INCOME_YOY":29.1872185288,"GROSS_PROFIT":44359000,"GROSS_PROFIT_YOY":38.630539408713,"HOLDER_PROFIT":7154000,"HOLDER_PROFIT_YOY":67.0324538875,"GROSS_PROFIT_RATIO":15.667471956147,"EPS_TTM":45.360415466667,"OPERATE_INCOME_QOQ":10.827238459234,"NET_PROFIT_RATIO":2.5267723433,"ROE_AVG":6.628800163079,"GROSS_PROFIT_QOQ":10.807242714881,"ROA":1.028224430032,"HOLDER_PROFIT_QOQ":6.864807995792,"ROE_YEARLY":13.257600326159,"ROIC_YEARLY":2.11339638959,"TOTAL_ASSETS":715885000,"TOTAL_LIABILITIES":604385000,"TAX_EBT":36.267260579065,"OCF_SALES":-6.599488570541,"TOTAL_PARENT_EQUITY":111500000,"DEBT_ASSET_RATIO":84.42487271,"OPERATE_PROFIT":17625000,"PRETAX_PROFIT":11225000,"NETCASH_OPERATE":-18685000,"NETCASH_INVEST":-5083000,"NETCASH_FINANCE":28976000,"END_CASH":21352000,"DIVI_RATIO":null,"DIVIDEND_RATE":null,"CURRENT_RATIO":1.032845210276,"COMMON_ACS":3000000000,"CURRENTDEBT_DEBT":81.84915244422,"ISSUED_COMMON_SHARES":748000000,"HK_COMMON_SHARES":748000000,"PER_SHARES":2000,"TOTAL_MARKET_CAP":448800000,"HKSK_MARKET_CAP":448800000,"PE_TTM":524.968748194584,"PB_TTM":0.901590913893,"REPORT_DATE_SQ":"2019-06-30 00:00:00","REPORT_TYPE_SQ":"2019年中报","OPERATE_INCOME_SQ":219161000,"DPS_HKD":null,"OPERATE_INCOME_QOQ_SQ":0,"NET_PROFIT_RATIO_SQ":1.954271061,"HOLDER_PROFIT_SQ":4283000,"HOLDER_PROFIT_QOQ_SQ":0,"ROE_AVG_SQ":null,"PE_TTM_SQ":71.56671206649,"PB_TTM_SQ":1.793569207373,"ROA_SQ":null,"START_DATE":"2020-01-01 00:00:00","FISCAL_YEAR":"12-31","CURRENCY":"HKD","IS_CNY_CODE":0,"DPS_HKD_LY":null,"ORG_TYPE":"一般企业","PREMIUM_INCOME":null,"PREMIUM_INCOME_YOY":null,"NET_INTEREST_INCOME":null,"NET_INTEREST_INCOME_YOY":null,"FEE_COMMISSION_INCOME":null,"FEE_COMMISSION_INCOME_YOY":null,"ACCOUNTS_RECE_TDAYS":0.691814017928,"INVENTORY_TDAYS":6.184603828321,"CURRENT_ASSETS_TDAYS":0.580514004464,"TOTAL_ASSETS_TDAYS":0.406931963134,"PREMIUM_EXPENSE":null,"LOAN_DEPOSIT":null,"LOAN_EQUITY":null,"LOAN_ASSETS":null,"DEPOSIT_EQUITY":null,"DEPOSIT_ASSETS":null,"EQUITY_MULTIPLIER":6.420493273542,"EQUITY_RATIO":5.420493273543}],"count":13},"success":true,"message":"ok","code":0}