{"version":"278260e0990f51a809a8554ced2e3166","result":{"pages":2,"data":[{"SECUCODE":"02180.HK","SECURITY_CODE":"02180","SECURITY_NAME_ABBR":"万宝盛华","ORG_CODE":"10000000085","STD_REPORT_DATE":"2024-06-30 00:00:00","REPORT_DATE":"2024-06-30 00:00:00","DATE_TYPE_CODE":"002","REPORT_TYPE":"2024年中报","PER_NETCASH_OPERATE":-0.196708513048,"PER_OI":14.209069660972,"BPS":5.630895641069,"BASIC_EPS":0.27,"DILUTED_EPS":0.27,"OPERATE_INCOME":2948453000,"OPERATE_INCOME_YOY":16.5858177824,"GROSS_PROFIT":281325000,"GROSS_PROFIT_YOY":-2.279366557017,"HOLDER_PROFIT":54391000,"HOLDER_PROFIT_YOY":-2.1674221167,"GROSS_PROFIT_RATIO":9.541444276032,"EPS_TTM":0.603701115636,"OPERATE_INCOME_QOQ":7.908885148028,"NET_PROFIT_RATIO":2.1901994029,"ROE_AVG":4.650234260114,"GROSS_PROFIT_QOQ":-1.054002785189,"ROA":2.51565549335,"HOLDER_PROFIT_QOQ":-0.95274992884,"ROE_YEARLY":9.300468520228,"ROIC_YEARLY":9.496605362105,"TOTAL_ASSETS":2186591000,"TOTAL_LIABILITIES":903108000,"TAX_EBT":18.990152417989,"OCF_SALES":-1.384386998877,"TOTAL_PARENT_EQUITY":1168439000,"DEBT_ASSET_RATIO":41.3020999355,"OPERATE_PROFIT":81818000,"PRETAX_PROFIT":79715000,"NETCASH_OPERATE":-40818000,"NETCASH_INVEST":84544000,"NETCASH_FINANCE":-21749000,"END_CASH":724748000,"DIVI_RATIO":0.465343185103,"DIVIDEND_RATE":7.560975609756,"CURRENT_RATIO":2.173019073331,"COMMON_ACS":1520000000,"CURRENTDEBT_DEBT":96.219056856987,"ISSUED_COMMON_SHARES":207505000,"HK_COMMON_SHARES":207505000,"PER_SHARES":250,"TOTAL_MARKET_CAP":850770500,"HKSK_MARKET_CAP":850770500,"PE_TTM":6.126887873244,"PB_TTM":0.664545791385,"REPORT_DATE_SQ":"2023-06-30 00:00:00","REPORT_TYPE_SQ":"2023年中报","OPERATE_INCOME_SQ":2528998000,"DPS_HKD":0.31,"OPERATE_INCOME_QOQ_SQ":6.552721392363,"NET_PROFIT_RATIO_SQ":2.5145136532,"HOLDER_PROFIT_SQ":55596000,"HOLDER_PROFIT_QOQ_SQ":0.847343304723,"ROE_AVG_SQ":5.140614236642,"PE_TTM_SQ":8.830475255074,"PB_TTM_SQ":0.949810332612,"ROA_SQ":2.831874634689,"START_DATE":"2024-01-01 00:00:00","FISCAL_YEAR":"12-31","CURRENCY":"HKD","IS_CNY_CODE":0,"DPS_HKD_LY":0.31,"ORG_TYPE":"一般企业","PREMIUM_INCOME":null,"PREMIUM_INCOME_YOY":null,"NET_INTEREST_INCOME":null,"NET_INTEREST_INCOME_YOY":null,"FEE_COMMISSION_INCOME":null,"FEE_COMMISSION_INCOME_YOY":null,"ACCOUNTS_RECE_TDAYS":3.108951043126,"INVENTORY_TDAYS":null,"CURRENT_ASSETS_TDAYS":1.587125480727,"TOTAL_ASSETS_TDAYS":1.363698403474,"PREMIUM_EXPENSE":null,"LOAN_DEPOSIT":null,"LOAN_EQUITY":null,"LOAN_ASSETS":null,"DEPOSIT_EQUITY":null,"DEPOSIT_ASSETS":null,"EQUITY_MULTIPLIER":1.703638458788,"EQUITY_RATIO":0.772918397965},{"SECUCODE":"02180.HK","SECURITY_CODE":"02180","SECURITY_NAME_ABBR":"万宝盛华","ORG_CODE":"10000000085","STD_REPORT_DATE":"2023-12-31 00:00:00","REPORT_DATE":"2023-12-31 00:00:00","DATE_TYPE_CODE":"001","REPORT_TYPE":"2023年年报","PER_NETCASH_OPERATE":0.396404905906,"PER_OI":25.55886364184,"BPS":5.642471265753,"BASIC_EPS":0.62,"DILUTED_EPS":0.62,"OPERATE_INCOME":5303592000,"OPERATE_INCOME_YOY":15.5854469691,"GROSS_PROFIT":622579000,"GROSS_PROFIT_YOY":-0.216530700559,"HOLDER_PROFIT":126476000,"HOLDER_PROFIT_YOY":6.6354147345,"GROSS_PROFIT_RATIO":11.738817767279,"EPS_TTM":0.609508204622,"OPERATE_INCOME_QOQ":8.477235924845,"NET_PROFIT_RATIO":2.7640135214,"ROE_AVG":11.363450544336,"GROSS_PROFIT_QOQ":1.314232802769,"ROA":6.218505161355,"HOLDER_PROFIT_QOQ":5.739438680389,"ROE_YEARLY":11.363450544336,"ROIC_YEARLY":12.65105373767,"TOTAL_ASSETS":2137610000,"TOTAL_LIABILITIES":857648000,"TAX_EBT":20.56700695754,"OCF_SALES":1.550948866353,"TOTAL_PARENT_EQUITY":1170841000,"DEBT_ASSET_RATIO":40.1218182924,"OPERATE_PROFIT":183408000,"PRETAX_PROFIT":184548000,"NETCASH_OPERATE":82256000,"NETCASH_INVEST":-63523000,"NETCASH_FINANCE":-61702000,"END_CASH":706434000,"DIVI_RATIO":0.460909628238,"DIVIDEND_RATE":7.311320754717,"CURRENT_RATIO":2.2388519462,"COMMON_ACS":1520000000,"CURRENTDEBT_DEBT":95.158969647221,"ISSUED_COMMON_SHARES":207505000,"HK_COMMON_SHARES":207505000,"PER_SHARES":250,"TOTAL_MARKET_CAP":879821200,"HKSK_MARKET_CAP":879821200,"PE_TTM":6.336098678671,"PB_TTM":0.687237598896,"REPORT_DATE_SQ":"2022-12-31 00:00:00","REPORT_TYPE_SQ":"2022年年报","OPERATE_INCOME_SQ":4588460000,"DPS_HKD":0.31,"OPERATE_INCOME_QOQ_SQ":6.061103377943,"NET_PROFIT_RATIO_SQ":2.9525592465,"HOLDER_PROFIT_SQ":118606000,"HOLDER_PROFIT_QOQ_SQ":-8.38688747451,"ROE_AVG_SQ":10.270905235775,"PE_TTM_SQ":9.633245732808,"PB_TTM_SQ":1.036156726486,"ROA_SQ":6.051826732618,"START_DATE":"2023-01-01 00:00:00","FISCAL_YEAR":"12-31","CURRENCY":"HKD","IS_CNY_CODE":0,"DPS_HKD_LY":0.12,"ORG_TYPE":"一般企业","PREMIUM_INCOME":null,"PREMIUM_INCOME_YOY":null,"NET_INTEREST_INCOME":null,"NET_INTEREST_INCOME_YOY":null,"FEE_COMMISSION_INCOME":null,"FEE_COMMISSION_INCOME_YOY":null,"ACCOUNTS_RECE_TDAYS":6.678304229981,"INVENTORY_TDAYS":null,"CURRENT_ASSETS_TDAYS":3.050035296063,"TOTAL_ASSETS_TDAYS":2.607642100139,"PREMIUM_EXPENSE":null,"LOAN_DEPOSIT":null,"LOAN_EQUITY":null,"LOAN_ASSETS":null,"DEPOSIT_EQUITY":null,"DEPOSIT_ASSETS":null,"EQUITY_MULTIPLIER":1.670057392329,"EQUITY_RATIO":0.732505950851},{"SECUCODE":"02180.HK","SECURITY_CODE":"02180","SECURITY_NAME_ABBR":"万宝盛华","ORG_CODE":"10000000085","STD_REPORT_DATE":"2023-06-30 00:00:00","REPORT_DATE":"2023-06-30 00:00:00","DATE_TYPE_CODE":"002","REPORT_TYPE":"2023年中报","PER_NETCASH_OPERATE":-0.31958747982,"PER_OI":12.187648490398,"BPS":5.338844847112,"BASIC_EPS":0.27,"DILUTED_EPS":0.27,"OPERATE_INCOME":2528998000,"OPERATE_INCOME_YOY":13.4930254913,"GROSS_PROFIT":287887000,"GROSS_PROFIT_YOY":-3.170721863081,"HOLDER_PROFIT":55596000,"HOLDER_PROFIT_YOY":1.8409627961,"GROSS_PROFIT_RATIO":11.383441188961,"EPS_TTM":0.576424664466,"OPERATE_INCOME_QOQ":6.552721392363,"NET_PROFIT_RATIO":2.5145136532,"ROE_AVG":5.140614236642,"GROSS_PROFIT_QOQ":-1.510906672223,"ROA":2.831874634689,"HOLDER_PROFIT_QOQ":0.847343304723,"ROE_YEARLY":10.281228473285,"ROIC_YEARLY":11.240155311305,"TOTAL_ASSETS":1996325000,"TOTAL_LIABILITIES":785310000,"TAX_EBT":18.728113897196,"OCF_SALES":-2.622224295946,"TOTAL_PARENT_EQUITY":1107837000,"DEBT_ASSET_RATIO":39.3377831766,"OPERATE_PROFIT":77921000,"PRETAX_PROFIT":78246000,"NETCASH_OPERATE":-66316000,"NETCASH_INVEST":17289000,"NETCASH_FINANCE":-21557000,"END_CASH":689071000,"DIVI_RATIO":0.487363253722,"DIVIDEND_RATE":7.311320754717,"CURRENT_RATIO":2.253494622562,"COMMON_ACS":1520000000,"CURRENTDEBT_DEBT":93.856056843794,"ISSUED_COMMON_SHARES":207505000,"HK_COMMON_SHARES":207505000,"PER_SHARES":250,"TOTAL_MARKET_CAP":879821200,"HKSK_MARKET_CAP":879821200,"PE_TTM":6.336098678671,"PB_TTM":0.687237598896,"REPORT_DATE_SQ":"2022-06-30 00:00:00","REPORT_TYPE_SQ":"2022年中报","OPERATE_INCOME_SQ":2228329000,"DPS_HKD":0.31,"OPERATE_INCOME_QOQ_SQ":9.004266701336,"NET_PROFIT_RATIO_SQ":2.9703423507,"HOLDER_PROFIT_SQ":54591000,"HOLDER_PROFIT_QOQ_SQ":-6.973535773053,"ROE_AVG_SQ":4.308680225462,"PE_TTM_SQ":9.633245732808,"PB_TTM_SQ":1.036156726486,"ROA_SQ":2.682329599154,"START_DATE":"2023-01-01 00:00:00","FISCAL_YEAR":"12-31","CURRENCY":"HKD","IS_CNY_CODE":0,"DPS_HKD_LY":0.12,"ORG_TYPE":"一般企业","PREMIUM_INCOME":null,"PREMIUM_INCOME_YOY":null,"NET_INTEREST_INCOME":null,"NET_INTEREST_INCOME_YOY":null,"FEE_COMMISSION_INCOME":null,"FEE_COMMISSION_INCOME_YOY":null,"ACCOUNTS_RECE_TDAYS":null,"INVENTORY_TDAYS":null,"CURRENT_ASSETS_TDAYS":1.52740513653,"TOTAL_ASSETS_TDAYS":1.288187151482,"PREMIUM_EXPENSE":null,"LOAN_DEPOSIT":null,"LOAN_EQUITY":null,"LOAN_ASSETS":null,"DEPOSIT_EQUITY":null,"DEPOSIT_ASSETS":null,"EQUITY_MULTIPLIER":1.648472562272,"EQUITY_RATIO":0.708867820808},{"SECUCODE":"02180.HK","SECURITY_CODE":"02180","SECURITY_NAME_ABBR":"万宝盛华","ORG_CODE":"10000000085","STD_REPORT_DATE":"2022-12-31 00:00:00","REPORT_DATE":"2022-12-31 00:00:00","DATE_TYPE_CODE":"001","REPORT_TYPE":"2022年年报","PER_NETCASH_OPERATE":1.283048601239,"PER_OI":22.112527408978,"BPS":5.085048553047,"BASIC_EPS":0.57,"DILUTED_EPS":0.57,"OPERATE_INCOME":4588460000,"OPERATE_INCOME_YOY":15.6111279925,"GROSS_PROFIT":623930000,"GROSS_PROFIT_YOY":-2.241184267839,"HOLDER_PROFIT":118606000,"HOLDER_PROFIT_YOY":-14.7755606493,"GROSS_PROFIT_RATIO":13.597808415024,"EPS_TTM":0.571581407677,"OPERATE_INCOME_QOQ":6.061103377943,"NET_PROFIT_RATIO":2.9525592465,"ROE_AVG":10.270905235775,"GROSS_PROFIT_QOQ":-3.656670439508,"ROA":6.051826732618,"HOLDER_PROFIT_QOQ":-8.38688747451,"ROE_YEARLY":10.270905235775,"ROIC_YEARLY":13.365253563559,"TOTAL_ASSETS":1930120000,"TOTAL_LIABILITIES":779073000,"TAX_EBT":23.056782943535,"OCF_SALES":5.802360704899,"TOTAL_PARENT_EQUITY":1055173000,"DEBT_ASSET_RATIO":40.3639670072,"OPERATE_PROFIT":173514000,"PRETAX_PROFIT":176074000,"NETCASH_OPERATE":266239000,"NETCASH_INVEST":75221000,"NETCASH_FINANCE":-417309000,"END_CASH":744432000,"DIVI_RATIO":0.491492893623,"DIVIDEND_RATE":7.311320754717,"CURRENT_RATIO":2.280371649627,"COMMON_ACS":1520000000,"CURRENTDEBT_DEBT":92.905286154186,"ISSUED_COMMON_SHARES":207505000,"HK_COMMON_SHARES":207505000,"PER_SHARES":250,"TOTAL_MARKET_CAP":879821200,"HKSK_MARKET_CAP":879821200,"PE_TTM":6.336098678671,"PB_TTM":0.687237598896,"REPORT_DATE_SQ":"2021-12-31 00:00:00","REPORT_TYPE_SQ":"2021年年报","OPERATE_INCOME_SQ":3968874000,"DPS_HKD":0.31,"OPERATE_INCOME_QOQ_SQ":13.708709091571,"NET_PROFIT_RATIO_SQ":3.84209728,"HOLDER_PROFIT_SQ":139169000,"HOLDER_PROFIT_QOQ_SQ":3.397574965081,"ROE_AVG_SQ":11.381304660014,"PE_TTM_SQ":9.633245732808,"PB_TTM_SQ":1.036156726486,"ROA_SQ":7.229449530371,"START_DATE":"2022-01-01 00:00:00","FISCAL_YEAR":"12-31","CURRENCY":"HKD","IS_CNY_CODE":0,"DPS_HKD_LY":1.97,"ORG_TYPE":"一般企业","PREMIUM_INCOME":null,"PREMIUM_INCOME_YOY":null,"NET_INTEREST_INCOME":null,"NET_INTEREST_INCOME_YOY":null,"FEE_COMMISSION_INCOME":null,"FEE_COMMISSION_INCOME_YOY":null,"ACCOUNTS_RECE_TDAYS":6.552237718999,"INVENTORY_TDAYS":null,"CURRENT_ASSETS_TDAYS":2.713336741419,"TOTAL_ASSETS_TDAYS":2.341244531436,"PREMIUM_EXPENSE":null,"LOAN_DEPOSIT":null,"LOAN_EQUITY":null,"LOAN_ASSETS":null,"DEPOSIT_EQUITY":null,"DEPOSIT_ASSETS":null,"EQUITY_MULTIPLIER":1.676838565236,"EQUITY_RATIO":0.738336746676},{"SECUCODE":"02180.HK","SECURITY_CODE":"02180","SECURITY_NAME_ABBR":"万宝盛华","ORG_CODE":"10000000085","STD_REPORT_DATE":"2022-06-30 00:00:00","REPORT_DATE":"2022-06-30 00:00:00","DATE_TYPE_CODE":"002","REPORT_TYPE":"2022年中报","PER_NETCASH_OPERATE":0.207837458163,"PER_OI":10.738753804153,"BPS":6.1666995976,"BASIC_EPS":0.26,"DILUTED_EPS":0.26,"OPERATE_INCOME":2228329000,"OPERATE_INCOME_YOY":19.1007722769,"GROSS_PROFIT":297314000,"GROSS_PROFIT_YOY":3.256615162345,"HOLDER_PROFIT":54591000,"HOLDER_PROFIT_YOY":-15.0942515864,"GROSS_PROFIT_RATIO":13.342464241142,"EPS_TTM":0.623912367743,"OPERATE_INCOME_QOQ":9.004266701336,"NET_PROFIT_RATIO":2.9703423507,"ROE_AVG":4.308680225462,"GROSS_PROFIT_QOQ":1.469210352316,"ROA":2.682329599154,"HOLDER_PROFIT_QOQ":-6.973535773053,"ROE_YEARLY":8.617360450923,"ROIC_YEARLY":12.3864459504,"TOTAL_ASSETS":2080861000,"TOTAL_LIABILITIES":707526000,"TAX_EBT":20.131045467709,"OCF_SALES":1.93539643383,"TOTAL_PARENT_EQUITY":1279621000,"DEBT_ASSET_RATIO":34.0015983768,"OPERATE_PROFIT":81740000,"PRETAX_PROFIT":82872000,"NETCASH_OPERATE":43127000,"NETCASH_INVEST":-142698000,"NETCASH_FINANCE":-22813000,"END_CASH":686902000,"DIVI_RATIO":0.45026868279,"DIVIDEND_RATE":7.311320754717,"CURRENT_RATIO":2.746921370285,"COMMON_ACS":1520000000,"CURRENTDEBT_DEBT":93.964744758497,"ISSUED_COMMON_SHARES":207505000,"HK_COMMON_SHARES":207505000,"PER_SHARES":250,"TOTAL_MARKET_CAP":879821200,"HKSK_MARKET_CAP":879821200,"PE_TTM":6.336098678671,"PB_TTM":0.687237598896,"REPORT_DATE_SQ":"2021-06-30 00:00:00","REPORT_TYPE_SQ":"2021年中报","OPERATE_INCOME_SQ":1870961000,"DPS_HKD":0.31,"OPERATE_INCOME_QOQ_SQ":8.308614917439,"NET_PROFIT_RATIO_SQ":3.7682239234,"HOLDER_PROFIT_SQ":64296000,"HOLDER_PROFIT_QOQ_SQ":6.520414381475,"ROE_AVG_SQ":5.391015477285,"PE_TTM_SQ":9.633245732808,"PB_TTM_SQ":1.036156726486,"ROA_SQ":3.430291787675,"START_DATE":"2022-01-01 00:00:00","FISCAL_YEAR":"12-31","CURRENCY":"HKD","IS_CNY_CODE":0,"DPS_HKD_LY":1.97,"ORG_TYPE":"一般企业","PREMIUM_INCOME":null,"PREMIUM_INCOME_YOY":null,"NET_INTEREST_INCOME":null,"NET_INTEREST_INCOME_YOY":null,"FEE_COMMISSION_INCOME":null,"FEE_COMMISSION_INCOME_YOY":null,"ACCOUNTS_RECE_TDAYS":null,"INVENTORY_TDAYS":null,"CURRENT_ASSETS_TDAYS":1.252629543414,"TOTAL_ASSETS_TDAYS":1.094889786476,"PREMIUM_EXPENSE":null,"LOAN_DEPOSIT":null,"LOAN_EQUITY":null,"LOAN_ASSETS":null,"DEPOSIT_EQUITY":null,"DEPOSIT_ASSETS":null,"EQUITY_MULTIPLIER":1.515188209722,"EQUITY_RATIO":0.552918403183},{"SECUCODE":"02180.HK","SECURITY_CODE":"02180","SECURITY_NAME_ABBR":"万宝盛华","ORG_CODE":"10000000085","STD_REPORT_DATE":"2021-12-31 00:00:00","REPORT_DATE":"2021-12-31 00:00:00","DATE_TYPE_CODE":"001","REPORT_TYPE":"2021年年报","PER_NETCASH_OPERATE":0.481118072289,"PER_OI":19.127103614458,"BPS":6.045059155201,"BASIC_EPS":0.67,"DILUTED_EPS":0.67,"OPERATE_INCOME":3968874000,"OPERATE_INCOME_YOY":23.1563278576,"GROSS_PROFIT":638234000,"GROSS_PROFIT_YOY":19.184464641523,"HOLDER_PROFIT":139169000,"HOLDER_PROFIT_YOY":10.1395253132,"GROSS_PROFIT_RATIO":16.080984178384,"EPS_TTM":0.670693975904,"OPERATE_INCOME_QOQ":13.708709091571,"NET_PROFIT_RATIO":3.84209728,"ROE_AVG":11.381304660014,"GROSS_PROFIT_QOQ":10.356573491626,"ROA":7.229449530371,"HOLDER_PROFIT_QOQ":3.397574965081,"ROE_YEARLY":11.381304660014,"ROIC_YEARLY":16.422913415329,"TOTAL_ASSETS":1989556000,"TOTAL_LIABILITIES":659782000,"TAX_EBT":22.056042282174,"OCF_SALES":2.51537337794,"TOTAL_PARENT_EQUITY":1254380000,"DEBT_ASSET_RATIO":33.1622733917,"OPERATE_PROFIT":195330000,"PRETAX_PROFIT":195638000,"NETCASH_OPERATE":99832000,"NETCASH_INVEST":126407000,"NETCASH_FINANCE":-97833000,"END_CASH":795349000,"DIVI_RATIO":0.418861969979,"DIVIDEND_RATE":7.311320754717,"CURRENT_RATIO":2.795640942848,"COMMON_ACS":1520000000,"CURRENTDEBT_DEBT":93.879493529681,"ISSUED_COMMON_SHARES":207505000,"HK_COMMON_SHARES":207505000,"PER_SHARES":250,"TOTAL_MARKET_CAP":879821200,"HKSK_MARKET_CAP":879821200,"PE_TTM":6.336098678671,"PB_TTM":0.687237598896,"REPORT_DATE_SQ":"2020-12-31 00:00:00","REPORT_TYPE_SQ":"2020年年报","OPERATE_INCOME_SQ":3222631000,"DPS_HKD":0.31,"OPERATE_INCOME_QOQ_SQ":0.608936395259,"NET_PROFIT_RATIO_SQ":4.1545867336,"HOLDER_PROFIT_SQ":126357000,"HOLDER_PROFIT_QOQ_SQ":-2.260983910891,"ROE_AVG_SQ":10.759047721631,"PE_TTM_SQ":9.633245732808,"PB_TTM_SQ":1.036156726486,"ROA_SQ":7.038585297664,"START_DATE":"2021-01-01 00:00:00","FISCAL_YEAR":"12-31","CURRENCY":"HKD","IS_CNY_CODE":0,"DPS_HKD_LY":0.32,"ORG_TYPE":"一般企业","PREMIUM_INCOME":null,"PREMIUM_INCOME_YOY":null,"NET_INTEREST_INCOME":null,"NET_INTEREST_INCOME_YOY":null,"FEE_COMMISSION_INCOME":null,"FEE_COMMISSION_INCOME_YOY":null,"ACCOUNTS_RECE_TDAYS":null,"INVENTORY_TDAYS":null,"CURRENT_ASSETS_TDAYS":2.39278055474,"TOTAL_ASSETS_TDAYS":2.06172166757,"PREMIUM_EXPENSE":null,"LOAN_DEPOSIT":null,"LOAN_EQUITY":null,"LOAN_ASSETS":null,"DEPOSIT_EQUITY":null,"DEPOSIT_ASSETS":null,"EQUITY_MULTIPLIER":1.496161001795,"EQUITY_RATIO":0.52598255712},{"SECUCODE":"02180.HK","SECURITY_CODE":"02180","SECURITY_NAME_ABBR":"万宝盛华","ORG_CODE":"10000000085","STD_REPORT_DATE":"2021-06-30 00:00:00","REPORT_DATE":"2021-06-30 00:00:00","DATE_TYPE_CODE":"002","REPORT_TYPE":"2021年中报","PER_NETCASH_OPERATE":-0.082491566265,"PER_OI":9.016679518072,"BPS":5.754608322691,"BASIC_EPS":0.31,"DILUTED_EPS":0.31,"OPERATE_INCOME":1870961000,"OPERATE_INCOME_YOY":16.701295218,"GROSS_PROFIT":287937000,"GROSS_PROFIT_YOY":17.477356181151,"HOLDER_PROFIT":64296000,"HOLDER_PROFIT_YOY":14.6975400039,"GROSS_PROFIT_RATIO":15.389791663215,"EPS_TTM":0.648655421687,"OPERATE_INCOME_QOQ":8.308614917439,"NET_PROFIT_RATIO":3.7682239234,"ROE_AVG":5.391015477285,"GROSS_PROFIT_QOQ":7.999424837675,"ROA":3.430291787675,"HOLDER_PROFIT_QOQ":6.520414381475,"ROE_YEARLY":10.782030954571,"ROIC_YEARLY":15.243207104772,"TOTAL_ASSETS":1888217000,"TOTAL_LIABILITIES":623014000,"TAX_EBT":19.233368846731,"OCF_SALES":-0.914877434645,"TOTAL_PARENT_EQUITY":1194110000,"DEBT_ASSET_RATIO":32.994830573,"OPERATE_PROFIT":88141000,"PRETAX_PROFIT":87291000,"NETCASH_OPERATE":-17117000,"NETCASH_INVEST":258031000,"NETCASH_FINANCE":-16900000,"END_CASH":897467000,"DIVI_RATIO":0.433093119409,"DIVIDEND_RATE":7.311320754717,"CURRENT_RATIO":2.767960436714,"COMMON_ACS":1520000000,"CURRENTDEBT_DEBT":93.928707862103,"ISSUED_COMMON_SHARES":207505000,"HK_COMMON_SHARES":207505000,"PER_SHARES":250,"TOTAL_MARKET_CAP":879821200,"HKSK_MARKET_CAP":879821200,"PE_TTM":6.336098678671,"PB_TTM":0.687237598896,"REPORT_DATE_SQ":"2020-06-30 00:00:00","REPORT_TYPE_SQ":"2020年中报","OPERATE_INCOME_SQ":1603205000,"DPS_HKD":0.31,"OPERATE_INCOME_QOQ_SQ":5.313572554186,"NET_PROFIT_RATIO_SQ":3.7869143372,"HOLDER_PROFIT_SQ":56057000,"HOLDER_PROFIT_QOQ_SQ":17.368292040781,"ROE_AVG_SQ":4.79823604459,"PE_TTM_SQ":9.633245732808,"PB_TTM_SQ":1.036156726486,"ROA_SQ":3.173835686047,"START_DATE":"2021-01-01 00:00:00","FISCAL_YEAR":"12-31","CURRENCY":"HKD","IS_CNY_CODE":0,"DPS_HKD_LY":0.32,"ORG_TYPE":"一般企业","PREMIUM_INCOME":null,"PREMIUM_INCOME_YOY":null,"NET_INTEREST_INCOME":null,"NET_INTEREST_INCOME_YOY":null,"FEE_COMMISSION_INCOME":null,"FEE_COMMISSION_INCOME_YOY":null,"ACCOUNTS_RECE_TDAYS":3.314873479396,"INVENTORY_TDAYS":null,"CURRENT_ASSETS_TDAYS":1.167331870447,"TOTAL_ASSETS_TDAYS":0.998186847294,"PREMIUM_EXPENSE":null,"LOAN_DEPOSIT":null,"LOAN_EQUITY":null,"LOAN_ASSETS":null,"DEPOSIT_EQUITY":null,"DEPOSIT_ASSETS":null,"EQUITY_MULTIPLIER":1.492422164665,"EQUITY_RATIO":0.521739203256},{"SECUCODE":"02180.HK","SECURITY_CODE":"02180","SECURITY_NAME_ABBR":"万宝盛华","ORG_CODE":"10000000085","STD_REPORT_DATE":"2020-12-31 00:00:00","REPORT_DATE":"2020-12-31 00:00:00","DATE_TYPE_CODE":"001","REPORT_TYPE":"2020年年报","PER_NETCASH_OPERATE":1.313493975904,"PER_OI":15.530751807229,"BPS":5.74054601094,"BASIC_EPS":0.61,"DILUTED_EPS":0.61,"OPERATE_INCOME":3222631000,"OPERATE_INCOME_YOY":5.9548652266,"GROSS_PROFIT":535501000,"GROSS_PROFIT_YOY":-8.710579835901,"HOLDER_PROFIT":126357000,"HOLDER_PROFIT_YOY":14.7146138413,"GROSS_PROFIT_RATIO":16.616888498869,"EPS_TTM":0.60894939759,"OPERATE_INCOME_QOQ":0.608936395259,"NET_PROFIT_RATIO":4.1545867336,"ROE_AVG":10.759047721631,"GROSS_PROFIT_QOQ":0.227031114305,"ROA":7.038585297664,"HOLDER_PROFIT_QOQ":-2.260983910891,"ROE_YEARLY":10.759047721631,"ROIC_YEARLY":14.974783671694,"TOTAL_ASSETS":1860502000,"TOTAL_LIABILITIES":604097000,"TAX_EBT":20.719691137981,"OCF_SALES":8.457375355726,"TOTAL_PARENT_EQUITY":1191192000,"DEBT_ASSET_RATIO":32.4695700408,"OPERATE_PROFIT":171069000,"PRETAX_PROFIT":168878000,"NETCASH_OPERATE":272550000,"NETCASH_INVEST":-281275000,"NETCASH_FINANCE":-90143000,"END_CASH":677908000,"DIVI_RATIO":0.461332585452,"DIVIDEND_RATE":7.311320754717,"CURRENT_RATIO":2.876186883206,"COMMON_ACS":1520000000,"CURRENTDEBT_DEBT":91.266634331904,"ISSUED_COMMON_SHARES":207505000,"HK_COMMON_SHARES":207505000,"PER_SHARES":250,"TOTAL_MARKET_CAP":879821200,"HKSK_MARKET_CAP":879821200,"PE_TTM":6.336098678671,"PB_TTM":0.687237598896,"REPORT_DATE_SQ":"2019-12-31 00:00:00","REPORT_TYPE_SQ":"2019年年报","OPERATE_INCOME_SQ":3041513000,"DPS_HKD":0.31,"OPERATE_INCOME_QOQ_SQ":7.344347831611,"NET_PROFIT_RATIO_SQ":3.9611206659,"HOLDER_PROFIT_SQ":110149000,"HOLDER_PROFIT_QOQ_SQ":16.805760278258,"ROE_AVG_SQ":12.167147079113,"PE_TTM_SQ":9.633245732808,"PB_TTM_SQ":1.036156726486,"ROA_SQ":7.693935740559,"START_DATE":"2020-01-01 00:00:00","FISCAL_YEAR":"12-31","CURRENCY":"HKD","IS_CNY_CODE":0,"DPS_HKD_LY":0.27,"ORG_TYPE":"一般企业","PREMIUM_INCOME":null,"PREMIUM_INCOME_YOY":null,"NET_INTEREST_INCOME":null,"NET_INTEREST_INCOME_YOY":null,"FEE_COMMISSION_INCOME":null,"FEE_COMMISSION_INCOME_YOY":null,"ACCOUNTS_RECE_TDAYS":6.201833820704,"INVENTORY_TDAYS":null,"CURRENT_ASSETS_TDAYS":2.108738426948,"TOTAL_ASSETS_TDAYS":1.795133089294,"PREMIUM_EXPENSE":null,"LOAN_DEPOSIT":null,"LOAN_EQUITY":null,"LOAN_ASSETS":null,"DEPOSIT_EQUITY":null,"DEPOSIT_ASSETS":null,"EQUITY_MULTIPLIER":1.480813909528,"EQUITY_RATIO":0.507136548936},{"SECUCODE":"02180.HK","SECURITY_CODE":"02180","SECURITY_NAME_ABBR":"万宝盛华","ORG_CODE":"10000000085","STD_REPORT_DATE":"2020-06-30 00:00:00","REPORT_DATE":"2020-06-30 00:00:00","DATE_TYPE_CODE":"002","REPORT_TYPE":"2020年中报","PER_NETCASH_OPERATE":0.428260240964,"PER_OI":7.726289156627,"BPS":5.681347437411,"BASIC_EPS":0.27,"DILUTED_EPS":0.27,"OPERATE_INCOME":1603205000,"OPERATE_INCOME_YOY":11.2107309142,"GROSS_PROFIT":245100000,"GROSS_PROFIT_YOY":-17.588237074198,"HOLDER_PROFIT":56057000,"HOLDER_PROFIT_YOY":51.8090234523,"GROSS_PROFIT_RATIO":15.288125972661,"EPS_TTM":0.623036144578,"OPERATE_INCOME_QOQ":5.313572554186,"NET_PROFIT_RATIO":3.7869143372,"ROE_AVG":4.79823604459,"GROSS_PROFIT_QOQ":-8.917365755365,"ROA":3.173835686047,"HOLDER_PROFIT_QOQ":17.368292040781,"ROE_YEARLY":9.59647208918,"ROIC_YEARLY":12.855053578011,"TOTAL_ASSETS":1802538000,"TOTAL_LIABILITIES":553839000,"TAX_EBT":21.462297711602,"OCF_SALES":5.542896884678,"TOTAL_PARENT_EQUITY":1178908000,"DEBT_ASSET_RATIO":30.7255103637,"OPERATE_PROFIT":78243000,"PRETAX_PROFIT":77303000,"NETCASH_OPERATE":88864000,"NETCASH_INVEST":-311109000,"NETCASH_FINANCE":-18788000,"END_CASH":578651000,"DIVI_RATIO":0.45090192992,"DIVIDEND_RATE":7.311320754717,"CURRENT_RATIO":3.038894910044,"COMMON_ACS":1520000000,"CURRENTDEBT_DEBT":91.627711302382,"ISSUED_COMMON_SHARES":207505000,"HK_COMMON_SHARES":207505000,"PER_SHARES":250,"TOTAL_MARKET_CAP":879821200,"HKSK_MARKET_CAP":879821200,"PE_TTM":6.336098678671,"PB_TTM":0.687237598896,"REPORT_DATE_SQ":"2019-06-30 00:00:00","REPORT_TYPE_SQ":"2019年中报","OPERATE_INCOME_SQ":1441592000,"DPS_HKD":0.31,"OPERATE_INCOME_QOQ_SQ":13.723613221625,"NET_PROFIT_RATIO_SQ":3.1162770049,"HOLDER_PROFIT_SQ":36926000,"HOLDER_PROFIT_QOQ_SQ":-3.927421655324,"ROE_AVG_SQ":5.890559009679,"PE_TTM_SQ":9.633245732808,"PB_TTM_SQ":1.036156726486,"ROA_SQ":3.237017326011,"START_DATE":"2020-01-01 00:00:00","FISCAL_YEAR":"12-31","CURRENCY":"HKD","IS_CNY_CODE":0,"DPS_HKD_LY":0.27,"ORG_TYPE":"一般企业","PREMIUM_INCOME":null,"PREMIUM_INCOME_YOY":null,"NET_INTEREST_INCOME":null,"NET_INTEREST_INCOME_YOY":null,"FEE_COMMISSION_INCOME":null,"FEE_COMMISSION_INCOME_YOY":null,"ACCOUNTS_RECE_TDAYS":3.134280796041,"INVENTORY_TDAYS":null,"CURRENT_ASSETS_TDAYS":1.0642455245,"TOTAL_ASSETS_TDAYS":0.907702738472,"PREMIUM_EXPENSE":null,"LOAN_DEPOSIT":null,"LOAN_EQUITY":null,"LOAN_ASSETS":null,"DEPOSIT_EQUITY":null,"DEPOSIT_ASSETS":null,"EQUITY_MULTIPLIER":1.443532828968,"EQUITY_RATIO":0.469789839411}],"count":17},"success":true,"message":"ok","code":0}