{"version":"5d0781fbbc05c94ad9c6185442001c43","result":{"pages":4,"data":[{"SECUCODE":"02188.HK","SECURITY_CODE":"02188","SECURITY_NAME_ABBR":"泰坦能源技术","ORG_CODE":"10137421","STD_REPORT_DATE":"2024-06-30 00:00:00","REPORT_DATE":"2024-06-30 00:00:00","DATE_TYPE_CODE":"002","REPORT_TYPE":"2024年中报","PER_NETCASH_OPERATE":-0.046887252635,"PER_OI":0.099198673482,"BPS":0.389441604905,"BASIC_EPS":-0.0196,"DILUTED_EPS":-0.0196,"OPERATE_INCOME":148007000,"OPERATE_INCOME_YOY":6.563420236,"GROSS_PROFIT":47276000,"GROSS_PROFIT_YOY":-0.592960174944,"HOLDER_PROFIT":-29290000,"HOLDER_PROFIT_YOY":-623.3160621762,"GROSS_PROFIT_RATIO":31.941732485626,"EPS_TTM":-0.052858328206,"OPERATE_INCOME_QOQ":2.435629226482,"NET_PROFIT_RATIO":-19.9747309249,"ROE_AVG":-4.920766255203,"GROSS_PROFIT_QOQ":-0.26159069405,"ROA":-2.716423558042,"HOLDER_PROFIT_QOQ":-79.326496737079,"ROE_YEARLY":-9.841532510406,"ROIC_YEARLY":-6.671214359168,"TOTAL_ASSETS":1077665000,"TOTAL_LIABILITIES":487653000,"TAX_EBT":6.893836802822,"OCF_SALES":-47.266007688826,"TOTAL_PARENT_EQUITY":581057000,"DEBT_ASSET_RATIO":45.2508896549,"OPERATE_PROFIT":-28019000,"PRETAX_PROFIT":-31753000,"NETCASH_OPERATE":-69957000,"NETCASH_INVEST":-38539000,"NETCASH_FINANCE":51078000,"END_CASH":162354000,"DIVI_RATIO":null,"DIVIDEND_RATE":null,"CURRENT_RATIO":2.278567541558,"COMMON_ACS":10000000000,"CURRENTDEBT_DEBT":76.496402154811,"ISSUED_COMMON_SHARES":1492026000,"HK_COMMON_SHARES":1492026000,"PER_SHARES":2000,"TOTAL_MARKET_CAP":447607800,"HKSK_MARKET_CAP":447607800,"PE_TTM":-5.16313131823,"PB_TTM":0.703068179032,"REPORT_DATE_SQ":"2023-06-30 00:00:00","REPORT_TYPE_SQ":"2023年中报","OPERATE_INCOME_SQ":138891000,"DPS_HKD":null,"OPERATE_INCOME_QOQ_SQ":3.95710573934,"NET_PROFIT_RATIO_SQ":3.7799425449,"HOLDER_PROFIT_SQ":5597000,"HOLDER_PROFIT_QOQ_SQ":91.260218357382,"ROE_AVG_SQ":0.966201087904,"PE_TTM_SQ":-313.391526881113,"PB_TTM_SQ":0.618247930278,"ROA_SQ":0.557477337854,"START_DATE":"2024-01-01 00:00:00","FISCAL_YEAR":"12-31","CURRENCY":"HKD","IS_CNY_CODE":0,"DPS_HKD_LY":null,"ORG_TYPE":"一般企业","PREMIUM_INCOME":null,"PREMIUM_INCOME_YOY":null,"NET_INTEREST_INCOME":null,"NET_INTEREST_INCOME_YOY":null,"FEE_COMMISSION_INCOME":null,"FEE_COMMISSION_INCOME_YOY":null,"ACCOUNTS_RECE_TDAYS":0.510915997991,"INVENTORY_TDAYS":0.562083589085,"CURRENT_ASSETS_TDAYS":0.173744768094,"TOTAL_ASSETS_TDAYS":0.137265176359,"PREMIUM_EXPENSE":null,"LOAN_DEPOSIT":null,"LOAN_EQUITY":null,"LOAN_ASSETS":null,"DEPOSIT_EQUITY":null,"DEPOSIT_ASSETS":null,"EQUITY_MULTIPLIER":1.826513698025,"EQUITY_RATIO":0.839251570844},{"SECUCODE":"02188.HK","SECURITY_CODE":"02188","SECURITY_NAME_ABBR":"泰坦能源技术","ORG_CODE":"10137421","STD_REPORT_DATE":"2023-12-31 00:00:00","REPORT_DATE":"2023-12-31 00:00:00","DATE_TYPE_CODE":"001","REPORT_TYPE":"2023年年报","PER_NETCASH_OPERATE":0.005102458,"PER_OI":0.250851526716,"BPS":0.4084432845,"BASIC_EPS":-0.0341,"DILUTED_EPS":-0.0341,"OPERATE_INCOME":374277000,"OPERATE_INCOME_YOY":8.5339047928,"GROSS_PROFIT":107802000,"GROSS_PROFIT_YOY":-2.281565278873,"HOLDER_PROFIT":-43979000,"HOLDER_PROFIT_YOY":-141.2849070061,"GROSS_PROFIT_RATIO":28.802731666653,"EPS_TTM":-0.029476027898,"OPERATE_INCOME_QOQ":4.402584143668,"NET_PROFIT_RATIO":-12.3713185689,"ROE_AVG":-7.992853884474,"GROSS_PROFIT_QOQ":-7.774042039884,"ROA":-4.429323837968,"HOLDER_PROFIT_QOQ":-2660.76585059636,"ROE_YEARLY":-7.992853884474,"ROIC_YEARLY":-5.296938834502,"TOTAL_ASSETS":1078847000,"TOTAL_LIABILITIES":460210000,"TAX_EBT":9.327145262993,"OCF_SALES":2.034054991357,"TOTAL_PARENT_EQUITY":609408000,"DEBT_ASSET_RATIO":42.6575779513,"OPERATE_PROFIT":-45033000,"PRETAX_PROFIT":-51066000,"NETCASH_OPERATE":7613000,"NETCASH_INVEST":-26075000,"NETCASH_FINANCE":153521000,"END_CASH":219772000,"DIVI_RATIO":null,"DIVIDEND_RATE":null,"CURRENT_RATIO":2.162141833267,"COMMON_ACS":10000000000,"CURRENTDEBT_DEBT":85.799526303209,"ISSUED_COMMON_SHARES":1492026000,"HK_COMMON_SHARES":1492026000,"PER_SHARES":2000,"TOTAL_MARKET_CAP":462528060,"HKSK_MARKET_CAP":462528060,"PE_TTM":-5.335235695505,"PB_TTM":0.726503785,"REPORT_DATE_SQ":"2022-12-31 00:00:00","REPORT_TYPE_SQ":"2022年年报","OPERATE_INCOME_SQ":344848000,"DPS_HKD":null,"OPERATE_INCOME_QOQ_SQ":4.523149200576,"NET_PROFIT_RATIO_SQ":-5.3939706769,"HOLDER_PROFIT_SQ":-18227000,"HOLDER_PROFIT_QOQ_SQ":-206.828038916891,"ROE_AVG_SQ":-3.637971262682,"PE_TTM_SQ":-323.837911110484,"PB_TTM_SQ":0.638856194621,"ROA_SQ":-2.055604050082,"START_DATE":"2023-01-01 00:00:00","FISCAL_YEAR":"12-31","CURRENCY":"HKD","IS_CNY_CODE":0,"DPS_HKD_LY":null,"ORG_TYPE":"一般企业","PREMIUM_INCOME":null,"PREMIUM_INCOME_YOY":null,"NET_INTEREST_INCOME":null,"NET_INTEREST_INCOME_YOY":null,"FEE_COMMISSION_INCOME":null,"FEE_COMMISSION_INCOME_YOY":null,"ACCOUNTS_RECE_TDAYS":1.234911574502,"INVENTORY_TDAYS":1.442100848295,"CURRENT_ASSETS_TDAYS":0.494265024474,"TOTAL_ASSETS_TDAYS":0.376951280862,"PREMIUM_EXPENSE":null,"LOAN_DEPOSIT":null,"LOAN_EQUITY":null,"LOAN_ASSETS":null,"DEPOSIT_EQUITY":null,"DEPOSIT_ASSETS":null,"EQUITY_MULTIPLIER":1.743909594804,"EQUITY_RATIO":0.755175514598},{"SECUCODE":"02188.HK","SECURITY_CODE":"02188","SECURITY_NAME_ABBR":"泰坦能源技术","ORG_CODE":"10137421","STD_REPORT_DATE":"2023-06-30 00:00:00","REPORT_DATE":"2023-06-30 00:00:00","DATE_TYPE_CODE":"002","REPORT_TYPE":"2023年中报","PER_NETCASH_OPERATE":0.017027853402,"PER_OI":0.093088860382,"BPS":0.447383624682,"BASIC_EPS":0.0052,"DILUTED_EPS":0.0052,"OPERATE_INCOME":138891000,"OPERATE_INCOME_YOY":10.8954449279,"GROSS_PROFIT":47558000,"GROSS_PROFIT_YOY":16.029081682444,"HOLDER_PROFIT":5597000,"HOLDER_PROFIT_YOY":150.7112439975,"GROSS_PROFIT_RATIO":34.241239533159,"EPS_TTM":-0.001067675764,"OPERATE_INCOME_QOQ":3.95710573934,"NET_PROFIT_RATIO":3.7799425449,"ROE_AVG":0.966201087904,"GROSS_PROFIT_QOQ":5.955456449025,"ROA":0.557477337854,"HOLDER_PROFIT_QOQ":91.260218357382,"ROE_YEARLY":1.932402175808,"ROIC_YEARLY":1.374933442732,"TOTAL_ASSETS":1101010000,"TOTAL_LIABILITIES":422456000,"TAX_EBT":-13.219754151391,"OCF_SALES":18.292041960962,"TOTAL_PARENT_EQUITY":667508000,"DEBT_ASSET_RATIO":38.3698604009,"OPERATE_PROFIT":8482000,"PRETAX_PROFIT":4637000,"NETCASH_OPERATE":25406000,"NETCASH_INVEST":-9918000,"NETCASH_FINANCE":172164000,"END_CASH":272365000,"DIVI_RATIO":null,"DIVIDEND_RATE":null,"CURRENT_RATIO":2.665077292474,"COMMON_ACS":10000000000,"CURRENTDEBT_DEBT":76.502168273146,"ISSUED_COMMON_SHARES":1492026000,"HK_COMMON_SHARES":1492026000,"PER_SHARES":2000,"TOTAL_MARKET_CAP":462528060,"HKSK_MARKET_CAP":462528060,"PE_TTM":-5.335235695505,"PB_TTM":0.726503785,"REPORT_DATE_SQ":"2022-06-30 00:00:00","REPORT_TYPE_SQ":"2022年中报","OPERATE_INCOME_SQ":125245000,"DPS_HKD":null,"OPERATE_INCOME_QOQ_SQ":-2.199238759249,"NET_PROFIT_RATIO_SQ":-9.2115453711,"HOLDER_PROFIT_SQ":-11037000,"HOLDER_PROFIT_QOQ_SQ":-8.24415165367,"ROE_AVG_SQ":-2.187717109169,"PE_TTM_SQ":-323.837911110484,"PB_TTM_SQ":0.638856194621,"ROA_SQ":-1.249079063072,"START_DATE":"2023-01-01 00:00:00","FISCAL_YEAR":"12-31","CURRENCY":"HKD","IS_CNY_CODE":0,"DPS_HKD_LY":null,"ORG_TYPE":"一般企业","PREMIUM_INCOME":null,"PREMIUM_INCOME_YOY":null,"NET_INTEREST_INCOME":null,"NET_INTEREST_INCOME_YOY":null,"FEE_COMMISSION_INCOME":null,"FEE_COMMISSION_INCOME_YOY":null,"ACCOUNTS_RECE_TDAYS":0.484386334468,"INVENTORY_TDAYS":0.476901106188,"CURRENT_ASSETS_TDAYS":0.18250385497,"TOTAL_ASSETS_TDAYS":0.13833944065,"PREMIUM_EXPENSE":null,"LOAN_DEPOSIT":null,"LOAN_EQUITY":null,"LOAN_ASSETS":null,"DEPOSIT_EQUITY":null,"DEPOSIT_ASSETS":null,"EQUITY_MULTIPLIER":1.622582727388,"EQUITY_RATIO":0.632885298753},{"SECUCODE":"02188.HK","SECURITY_CODE":"02188","SECURITY_NAME_ABBR":"泰坦能源技术","ORG_CODE":"10137421","STD_REPORT_DATE":"2022-12-31 00:00:00","REPORT_DATE":"2022-12-31 00:00:00","DATE_TYPE_CODE":"001","REPORT_TYPE":"2022年年报","PER_NETCASH_OPERATE":0.017361111111,"PER_OI":0.372786079978,"BPS":0.329116248644,"BASIC_EPS":-0.0197,"DILUTED_EPS":-0.0197,"OPERATE_INCOME":344848000,"OPERATE_INCOME_YOY":2.224435591,"GROSS_PROFIT":110319000,"GROSS_PROFIT_YOY":-3.585006248853,"HOLDER_PROFIT":-18227000,"HOLDER_PROFIT_YOY":-198.0209733799,"GROSS_PROFIT_RATIO":31.990616155524,"EPS_TTM":-0.019703671994,"OPERATE_INCOME_QOQ":4.523149200576,"NET_PROFIT_RATIO":-5.3939706769,"ROE_AVG":-3.637971262682,"GROSS_PROFIT_QOQ":-0.956151691446,"ROA":-2.055604050082,"HOLDER_PROFIT_QOQ":-206.828038916891,"ROE_YEARLY":-3.637971262682,"ROIC_YEARLY":-2.298175215844,"TOTAL_ASSETS":906964000,"TOTAL_LIABILITIES":404361000,"TAX_EBT":12.55230125523,"OCF_SALES":4.657124298242,"TOTAL_PARENT_EQUITY":491050000,"DEBT_ASSET_RATIO":44.5840187703,"OPERATE_PROFIT":-13941000,"PRETAX_PROFIT":-21271000,"NETCASH_OPERATE":16060000,"NETCASH_INVEST":41745000,"NETCASH_FINANCE":-9080000,"END_CASH":84713000,"DIVI_RATIO":null,"DIVIDEND_RATE":null,"CURRENT_RATIO":1.955633167093,"COMMON_ACS":10000000000,"CURRENTDEBT_DEBT":83.555288467483,"ISSUED_COMMON_SHARES":1492026000,"HK_COMMON_SHARES":1492026000,"PER_SHARES":2000,"TOTAL_MARKET_CAP":462528060,"HKSK_MARKET_CAP":462528060,"PE_TTM":-5.335235695505,"PB_TTM":0.726503785,"REPORT_DATE_SQ":"2021-12-31 00:00:00","REPORT_TYPE_SQ":"2021年年报","OPERATE_INCOME_SQ":337344000,"DPS_HKD":null,"OPERATE_INCOME_QOQ_SQ":13.802630646799,"NET_PROFIT_RATIO_SQ":5.1365964713,"HOLDER_PROFIT_SQ":18595000,"HOLDER_PROFIT_QOQ_SQ":182.479485473497,"ROE_AVG_SQ":3.705323650406,"PE_TTM_SQ":-323.837911110484,"PB_TTM_SQ":0.638856194621,"ROA_SQ":2.196858356686,"START_DATE":"2022-01-01 00:00:00","FISCAL_YEAR":"12-31","CURRENCY":"HKD","IS_CNY_CODE":0,"DPS_HKD_LY":null,"ORG_TYPE":"一般企业","PREMIUM_INCOME":null,"PREMIUM_INCOME_YOY":null,"NET_INTEREST_INCOME":null,"NET_INTEREST_INCOME_YOY":null,"FEE_COMMISSION_INCOME":null,"FEE_COMMISSION_INCOME_YOY":null,"ACCOUNTS_RECE_TDAYS":1.201661462979,"INVENTORY_TDAYS":1.523429989347,"CURRENT_ASSETS_TDAYS":0.542321703924,"TOTAL_ASSETS_TDAYS":0.388912572262,"PREMIUM_EXPENSE":null,"LOAN_DEPOSIT":null,"LOAN_EQUITY":null,"LOAN_ASSETS":null,"DEPOSIT_EQUITY":null,"DEPOSIT_ASSETS":null,"EQUITY_MULTIPLIER":1.804533598088,"EQUITY_RATIO":0.82346196925},{"SECUCODE":"02188.HK","SECURITY_CODE":"02188","SECURITY_NAME_ABBR":"泰坦能源技术","ORG_CODE":"10137421","STD_REPORT_DATE":"2022-06-30 00:00:00","REPORT_DATE":"2022-06-30 00:00:00","DATE_TYPE_CODE":"002","REPORT_TYPE":"2022年中报","PER_NETCASH_OPERATE":-0.0081443718,"PER_OI":0.135391803307,"BPS":0.333777695563,"BASIC_EPS":-0.0119,"DILUTED_EPS":-0.0119,"OPERATE_INCOME":125245000,"OPERATE_INCOME_YOY":-5.5923234638,"GROSS_PROFIT":40988000,"GROSS_PROFIT_YOY":-6.898353208404,"HOLDER_PROFIT":-11037000,"HOLDER_PROFIT_YOY":-16.1300505051,"GROSS_PROFIT_RATIO":32.726256537187,"EPS_TTM":0.018444288778,"OPERATE_INCOME_QOQ":-2.199238759249,"NET_PROFIT_RATIO":-9.2115453711,"ROE_AVG":-2.187717109169,"GROSS_PROFIT_QOQ":-2.654233051625,"ROA":-1.249079063072,"HOLDER_PROFIT_QOQ":-8.24415165367,"ROE_YEARLY":-4.375434218338,"ROIC_YEARLY":-2.773500592733,"TOTAL_ASSETS":900790000,"TOTAL_LIABILITIES":391358000,"TAX_EBT":-5.466678855471,"OCF_SALES":-6.015409796798,"TOTAL_PARENT_EQUITY":498005000,"DEBT_ASSET_RATIO":43.4460862132,"OPERATE_PROFIT":-6422000,"PRETAX_PROFIT":-10939000,"NETCASH_OPERATE":-7534000,"NETCASH_INVEST":49292000,"NETCASH_FINANCE":-4645000,"END_CASH":73101000,"DIVI_RATIO":null,"DIVIDEND_RATE":null,"CURRENT_RATIO":2.09741230629,"COMMON_ACS":10000000000,"CURRENTDEBT_DEBT":80.150910419616,"ISSUED_COMMON_SHARES":1492026000,"HK_COMMON_SHARES":1492026000,"PER_SHARES":2000,"TOTAL_MARKET_CAP":462528060,"HKSK_MARKET_CAP":462528060,"PE_TTM":-5.335235695505,"PB_TTM":0.726503785,"REPORT_DATE_SQ":"2021-06-30 00:00:00","REPORT_TYPE_SQ":"2021年中报","OPERATE_INCOME_SQ":132664000,"DPS_HKD":null,"OPERATE_INCOME_QOQ_SQ":7.560814537432,"NET_PROFIT_RATIO_SQ":-7.5649761804,"HOLDER_PROFIT_SQ":-9504000,"HOLDER_PROFIT_QOQ_SQ":23.891026939437,"ROE_AVG_SQ":-1.945081730681,"PE_TTM_SQ":-323.837911110484,"PB_TTM_SQ":0.638856194621,"ROA_SQ":-1.151609150834,"START_DATE":"2022-01-01 00:00:00","FISCAL_YEAR":"12-31","CURRENCY":"HKD","IS_CNY_CODE":0,"DPS_HKD_LY":null,"ORG_TYPE":"一般企业","PREMIUM_INCOME":null,"PREMIUM_INCOME_YOY":null,"NET_INTEREST_INCOME":null,"NET_INTEREST_INCOME_YOY":null,"FEE_COMMISSION_INCOME":null,"FEE_COMMISSION_INCOME_YOY":null,"ACCOUNTS_RECE_TDAYS":0.433046295448,"INVENTORY_TDAYS":0.585661012119,"CURRENT_ASSETS_TDAYS":0.197404558375,"TOTAL_ASSETS_TDAYS":0.141742237251,"PREMIUM_EXPENSE":null,"LOAN_DEPOSIT":null,"LOAN_EQUITY":null,"LOAN_ASSETS":null,"DEPOSIT_EQUITY":null,"DEPOSIT_ASSETS":null,"EQUITY_MULTIPLIER":1.768224218345,"EQUITY_RATIO":0.785851547675},{"SECUCODE":"02188.HK","SECURITY_CODE":"02188","SECURITY_NAME_ABBR":"泰坦能源技术","ORG_CODE":"10137421","STD_REPORT_DATE":"2021-12-31 00:00:00","REPORT_DATE":"2021-12-31 00:00:00","DATE_TYPE_CODE":"001","REPORT_TYPE":"2021年年报","PER_NETCASH_OPERATE":0.011062033001,"PER_OI":0.364674138647,"BPS":0.342481967472,"BASIC_EPS":0.0201,"DILUTED_EPS":0.0201,"OPERATE_INCOME":337344000,"OPERATE_INCOME_YOY":22.4070364887,"GROSS_PROFIT":114421000,"GROSS_PROFIT_YOY":67.615434196648,"HOLDER_PROFIT":18595000,"HOLDER_PROFIT_YOY":162.7742893795,"GROSS_PROFIT_RATIO":33.918196262569,"EPS_TTM":0.020101485748,"OPERATE_INCOME_QOQ":13.802630646799,"NET_PROFIT_RATIO":5.1365964713,"ROE_AVG":3.705323650406,"GROSS_PROFIT_QOQ":43.350580688808,"ROA":2.196858356686,"HOLDER_PROFIT_QOQ":182.479485473497,"ROE_YEARLY":3.705323650406,"ROIC_YEARLY":2.451613753823,"TOTAL_ASSETS":866432000,"TOTAL_LIABILITIES":343513000,"TAX_EBT":19.288276119055,"OCF_SALES":3.033402105862,"TOTAL_PARENT_EQUITY":510992000,"DEBT_ASSET_RATIO":39.6468505318,"OPERATE_PROFIT":27495000,"PRETAX_PROFIT":21469000,"NETCASH_OPERATE":11704000,"NETCASH_INVEST":-5179000,"NETCASH_FINANCE":-15840000,"END_CASH":35988000,"DIVI_RATIO":null,"DIVIDEND_RATE":null,"CURRENT_RATIO":2.165501231593,"COMMON_ACS":10000000000,"CURRENTDEBT_DEBT":82.138085021528,"ISSUED_COMMON_SHARES":1492026000,"HK_COMMON_SHARES":1492026000,"PER_SHARES":2000,"TOTAL_MARKET_CAP":462528060,"HKSK_MARKET_CAP":462528060,"PE_TTM":-5.335235695505,"PB_TTM":0.726503785,"REPORT_DATE_SQ":"2020-12-31 00:00:00","REPORT_TYPE_SQ":"2020年年报","OPERATE_INCOME_SQ":275592000,"DPS_HKD":null,"OPERATE_INCOME_QOQ_SQ":-3.179432409834,"NET_PROFIT_RATIO_SQ":-10.9622195129,"HOLDER_PROFIT_SQ":-29622000,"HOLDER_PROFIT_QOQ_SQ":56.140896370986,"ROE_AVG_SQ":-5.813364733588,"PE_TTM_SQ":-323.837911110484,"PB_TTM_SQ":0.638856194621,"ROA_SQ":-3.474305713569,"START_DATE":"2021-01-01 00:00:00","FISCAL_YEAR":"12-31","CURRENCY":"HKD","IS_CNY_CODE":0,"DPS_HKD_LY":null,"ORG_TYPE":"一般企业","PREMIUM_INCOME":null,"PREMIUM_INCOME_YOY":null,"NET_INTEREST_INCOME":null,"NET_INTEREST_INCOME_YOY":null,"FEE_COMMISSION_INCOME":null,"FEE_COMMISSION_INCOME_YOY":null,"ACCOUNTS_RECE_TDAYS":1.290246579744,"INVENTORY_TDAYS":1.878765149089,"CURRENT_ASSETS_TDAYS":0.581583466082,"TOTAL_ASSETS_TDAYS":0.398546375627,"PREMIUM_EXPENSE":null,"LOAN_DEPOSIT":null,"LOAN_EQUITY":null,"LOAN_ASSETS":null,"DEPOSIT_EQUITY":null,"DEPOSIT_ASSETS":null,"EQUITY_MULTIPLIER":1.656914359584,"EQUITY_RATIO":0.672247315026},{"SECUCODE":"02188.HK","SECURITY_CODE":"02188","SECURITY_NAME_ABBR":"泰坦能源技术","ORG_CODE":"10137421","STD_REPORT_DATE":"2021-06-30 00:00:00","REPORT_DATE":"2021-06-30 00:00:00","DATE_TYPE_CODE":"002","REPORT_TYPE":"2021年中报","PER_NETCASH_OPERATE":-0.032002386883,"PER_OI":0.143411858309,"BPS":0.324749702753,"BASIC_EPS":-0.0103,"DILUTED_EPS":-0.0103,"OPERATE_INCOME":132664000,"OPERATE_INCOME_YOY":18.633245996,"GROSS_PROFIT":44025000,"GROSS_PROFIT_YOY":35.586695411149,"HOLDER_PROFIT":-9504000,"HOLDER_PROFIT_YOY":42.681382305,"GROSS_PROFIT_RATIO":33.185340408852,"EPS_TTM":-0.024371497509,"OPERATE_INCOME_QOQ":7.560814537432,"NET_PROFIT_RATIO":-7.5649761804,"ROE_AVG":-1.945081730681,"GROSS_PROFIT_QOQ":16.926930739482,"ROA":-1.151609150834,"HOLDER_PROFIT_QOQ":23.891026939437,"ROE_YEARLY":-3.890163461361,"ROIC_YEARLY":-2.546697151646,"TOTAL_ASSETS":824120000,"TOTAL_LIABILITIES":326923000,"TAX_EBT":10.432842481035,"OCF_SALES":-22.315021407466,"TOTAL_PARENT_EQUITY":484535000,"DEBT_ASSET_RATIO":39.6693442703,"OPERATE_PROFIT":-8227000,"PRETAX_PROFIT":-11205000,"NETCASH_OPERATE":-29604000,"NETCASH_INVEST":35316000,"NETCASH_FINANCE":9129000,"END_CASH":60144000,"DIVI_RATIO":null,"DIVIDEND_RATE":null,"CURRENT_RATIO":2.141471575774,"COMMON_ACS":10000000000,"CURRENTDEBT_DEBT":79.348653964389,"ISSUED_COMMON_SHARES":1492026000,"HK_COMMON_SHARES":1492026000,"PER_SHARES":2000,"TOTAL_MARKET_CAP":462528060,"HKSK_MARKET_CAP":462528060,"PE_TTM":-5.335235695505,"PB_TTM":0.726503785,"REPORT_DATE_SQ":"2020-06-30 00:00:00","REPORT_TYPE_SQ":"2020年中报","OPERATE_INCOME_SQ":111827000,"DPS_HKD":null,"OPERATE_INCOME_QOQ_SQ":-5.501736307077,"NET_PROFIT_RATIO_SQ":-15.3308235042,"HOLDER_PROFIT_SQ":-16581000,"HOLDER_PROFIT_QOQ_SQ":-41.879713463437,"ROE_AVG_SQ":-3.202340773788,"PE_TTM_SQ":-323.837911110484,"PB_TTM_SQ":0.638856194621,"ROA_SQ":-1.869928280508,"START_DATE":"2021-01-01 00:00:00","FISCAL_YEAR":"12-31","CURRENCY":"HKD","IS_CNY_CODE":0,"DPS_HKD_LY":null,"ORG_TYPE":"一般企业","PREMIUM_INCOME":null,"PREMIUM_INCOME_YOY":null,"NET_INTEREST_INCOME":null,"NET_INTEREST_INCOME_YOY":null,"FEE_COMMISSION_INCOME":null,"FEE_COMMISSION_INCOME_YOY":null,"ACCOUNTS_RECE_TDAYS":0.538663775689,"INVENTORY_TDAYS":0.724387891864,"CURRENT_ASSETS_TDAYS":0.240203223254,"TOTAL_ASSETS_TDAYS":0.16075029081,"PREMIUM_EXPENSE":null,"LOAN_DEPOSIT":null,"LOAN_EQUITY":null,"LOAN_ASSETS":null,"DEPOSIT_EQUITY":null,"DEPOSIT_ASSETS":null,"EQUITY_MULTIPLIER":1.657532125095,"EQUITY_RATIO":0.674714932874},{"SECUCODE":"02188.HK","SECURITY_CODE":"02188","SECURITY_NAME_ABBR":"泰坦能源技术","ORG_CODE":"10137421","STD_REPORT_DATE":"2020-12-31 00:00:00","REPORT_DATE":"2020-12-31 00:00:00","DATE_TYPE_CODE":"001","REPORT_TYPE":"2020年年报","PER_NETCASH_OPERATE":-0.008395167428,"PER_OI":0.297919261104,"BPS":0.330221457267,"BASIC_EPS":-0.032,"DILUTED_EPS":-0.032,"OPERATE_INCOME":275592000,"OPERATE_INCOME_YOY":-8.5062447297,"GROSS_PROFIT":68264000,"GROSS_PROFIT_YOY":-22.675063999456,"HOLDER_PROFIT":-29622000,"HOLDER_PROFIT_YOY":37.7728294435,"GROSS_PROFIT_RATIO":24.769949780835,"EPS_TTM":-0.032021845164,"OPERATE_INCOME_QOQ":-3.179432409834,"NET_PROFIT_RATIO":-10.9622195129,"ROE_AVG":-5.813364733588,"GROSS_PROFIT_QOQ":-7.659010361713,"ROA":-3.474305713569,"HOLDER_PROFIT_QOQ":56.140896370986,"ROE_YEARLY":-5.813364733588,"ROIC_YEARLY":-3.944046782131,"TOTAL_ASSETS":826440000,"TOTAL_LIABILITIES":321547000,"TAX_EBT":3.417519181586,"OCF_SALES":-2.817933757148,"TOTAL_PARENT_EQUITY":492699000,"DEBT_ASSET_RATIO":38.9074826969,"OPERATE_PROFIT":-22094000,"PRETAX_PROFIT":-31280000,"NETCASH_OPERATE":-9625000,"NETCASH_INVEST":40351000,"NETCASH_FINANCE":-21175000,"END_CASH":45303000,"DIVI_RATIO":null,"DIVIDEND_RATE":null,"CURRENT_RATIO":2.155744269864,"COMMON_ACS":10000000000,"CURRENTDEBT_DEBT":79.212681194351,"ISSUED_COMMON_SHARES":1492026000,"HK_COMMON_SHARES":1492026000,"PER_SHARES":2000,"TOTAL_MARKET_CAP":462528060,"HKSK_MARKET_CAP":462528060,"PE_TTM":-5.335235695505,"PB_TTM":0.726503785,"REPORT_DATE_SQ":"2019-12-31 00:00:00","REPORT_TYPE_SQ":"2019年年报","OPERATE_INCOME_SQ":301214000,"DPS_HKD":null,"OPERATE_INCOME_QOQ_SQ":8.657571406928,"NET_PROFIT_RATIO_SQ":-16.1984502712,"HOLDER_PROFIT_SQ":-47603000,"HOLDER_PROFIT_QOQ_SQ":-17.972293127804,"ROE_AVG_SQ":-8.676680066675,"PE_TTM_SQ":-323.837911110484,"PB_TTM_SQ":0.638856194621,"ROA_SQ":-5.112264042537,"START_DATE":"2020-01-01 00:00:00","FISCAL_YEAR":"12-31","CURRENCY":"HKD","IS_CNY_CODE":0,"DPS_HKD_LY":null,"ORG_TYPE":"一般企业","PREMIUM_INCOME":null,"PREMIUM_INCOME_YOY":null,"NET_INTEREST_INCOME":null,"NET_INTEREST_INCOME_YOY":null,"FEE_COMMISSION_INCOME":null,"FEE_COMMISSION_INCOME_YOY":null,"ACCOUNTS_RECE_TDAYS":1.069365249665,"INVENTORY_TDAYS":2.208977487028,"CURRENT_ASSETS_TDAYS":0.48813112617,"TOTAL_ASSETS_TDAYS":0.323236398695,"PREMIUM_EXPENSE":null,"LOAN_DEPOSIT":null,"LOAN_EQUITY":null,"LOAN_ASSETS":null,"DEPOSIT_EQUITY":null,"DEPOSIT_ASSETS":null,"EQUITY_MULTIPLIER":1.636861671682,"EQUITY_RATIO":0.652623609953},{"SECUCODE":"02188.HK","SECURITY_CODE":"02188","SECURITY_NAME_ABBR":"泰坦能源技术","ORG_CODE":"10137421","STD_REPORT_DATE":"2020-06-30 00:00:00","REPORT_DATE":"2020-06-30 00:00:00","DATE_TYPE_CODE":"002","REPORT_TYPE":"2020年中报","PER_NETCASH_OPERATE":-0.028015601218,"PER_OI":0.120886735506,"BPS":0.341250085454,"BASIC_EPS":-0.0179,"DILUTED_EPS":-0.0179,"OPERATE_INCOME":111827000,"OPERATE_INCOME_YOY":-12.9066425751,"GROSS_PROFIT":32470000,"GROSS_PROFIT_YOY":-30.65818135224,"HOLDER_PROFIT":-16581000,"HOLDER_PROFIT_YOY":-594.217585693,"GROSS_PROFIT_RATIO":29.035921557406,"EPS_TTM":-0.073010715027,"OPERATE_INCOME_QOQ":-5.501736307077,"NET_PROFIT_RATIO":-15.3308235042,"ROE_AVG":-3.202340773788,"GROSS_PROFIT_QOQ":-16.261525565801,"ROA":-1.869928280508,"HOLDER_PROFIT_QOQ":-41.879713463437,"ROE_YEARLY":-6.404681547576,"ROIC_YEARLY":-4.220474685679,"TOTAL_ASSETS":894673000,"TOTAL_LIABILITIES":368139000,"TAX_EBT":11.359288557986,"OCF_SALES":-23.175082940614,"TOTAL_PARENT_EQUITY":509154000,"DEBT_ASSET_RATIO":41.1478830813,"OPERATE_PROFIT":-21974000,"PRETAX_PROFIT":-19341000,"NETCASH_OPERATE":-25916000,"NETCASH_INVEST":63853000,"NETCASH_FINANCE":-7609000,"END_CASH":66080000,"DIVI_RATIO":null,"DIVIDEND_RATE":null,"CURRENT_RATIO":2.107259228348,"COMMON_ACS":10000000000,"CURRENTDEBT_DEBT":78.113158345082,"ISSUED_COMMON_SHARES":1492026000,"HK_COMMON_SHARES":1492026000,"PER_SHARES":2000,"TOTAL_MARKET_CAP":462528060,"HKSK_MARKET_CAP":462528060,"PE_TTM":-5.335235695505,"PB_TTM":0.726503785,"REPORT_DATE_SQ":"2019-06-30 00:00:00","REPORT_TYPE_SQ":"2019年中报","OPERATE_INCOME_SQ":128399000,"DPS_HKD":null,"OPERATE_INCOME_QOQ_SQ":2.594336131219,"NET_PROFIT_RATIO_SQ":2.3380244394,"HOLDER_PROFIT_SQ":3355000,"HOLDER_PROFIT_QOQ_SQ":-0.455586536547,"ROE_AVG_SQ":0.585409092773,"PE_TTM_SQ":-323.837911110484,"PB_TTM_SQ":0.638856194621,"ROA_SQ":0.354678344799,"START_DATE":"2020-01-01 00:00:00","FISCAL_YEAR":"12-31","CURRENCY":"HKD","IS_CNY_CODE":0,"DPS_HKD_LY":null,"ORG_TYPE":"一般企业","PREMIUM_INCOME":null,"PREMIUM_INCOME_YOY":null,"NET_INTEREST_INCOME":null,"NET_INTEREST_INCOME_YOY":null,"FEE_COMMISSION_INCOME":null,"FEE_COMMISSION_INCOME_YOY":null,"ACCOUNTS_RECE_TDAYS":0.407405113558,"INVENTORY_TDAYS":0.825856874509,"CURRENT_ASSETS_TDAYS":0.188568080164,"TOTAL_ASSETS_TDAYS":0.126113304279,"PREMIUM_EXPENSE":null,"LOAN_DEPOSIT":null,"LOAN_EQUITY":null,"LOAN_ASSETS":null,"DEPOSIT_EQUITY":null,"DEPOSIT_ASSETS":null,"EQUITY_MULTIPLIER":1.699174222367,"EQUITY_RATIO":0.723040573186}],"count":33},"success":true,"message":"ok","code":0}