{"version":"cd3494a79dd2c52b837e7569b05b829d","result":{"pages":4,"data":[{"SECUCODE":"02198.HK","SECURITY_CODE":"02198","SECURITY_NAME_ABBR":"中国三江化工","ORG_CODE":"10137686","STD_REPORT_DATE":"2024-06-30 00:00:00","REPORT_DATE":"2024-06-30 00:00:00","DATE_TYPE_CODE":"002","REPORT_TYPE":"2024年中报","PER_NETCASH_OPERATE":0.136968067227,"PER_OI":7.764565546218,"BPS":3.80947394958,"BASIC_EPS":0.133,"DILUTED_EPS":0.133,"OPERATE_INCOME":9239833000,"OPERATE_INCOME_YOY":101.2534789819,"GROSS_PROFIT":386432000,"GROSS_PROFIT_YOY":453.752357238324,"HOLDER_PROFIT":154055000,"HOLDER_PROFIT_YOY":489.7745109299,"GROSS_PROFIT_RATIO":4.18224009027,"EPS_TTM":0.184378991597,"OPERATE_INCOME_QOQ":35.409425367905,"NET_PROFIT_RATIO":1.670636255,"ROE_AVG":3.456478004736,"GROSS_PROFIT_QOQ":255.058249629508,"ROA":0.72530658981,"HOLDER_PROFIT_QOQ":139.853733725417,"ROE_YEARLY":6.912956009471,"ROIC_YEARLY":1.479876399509,"TOTAL_ASSETS":21478195000,"TOTAL_LIABILITIES":16963983000,"TAX_EBT":6.121183002998,"OCF_SALES":1.764014566064,"TOTAL_PARENT_EQUITY":4533274000,"DEBT_ASSET_RATIO":78.9823493082,"OPERATE_PROFIT":388150000,"PRETAX_PROFIT":164429000,"NETCASH_OPERATE":162992000,"NETCASH_INVEST":-915561000,"NETCASH_FINANCE":902464000,"END_CASH":514286000,"DIVI_RATIO":null,"DIVIDEND_RATE":null,"CURRENT_RATIO":0.536751381476,"COMMON_ACS":5000000000,"CURRENTDEBT_DEBT":78.996094254516,"ISSUED_COMMON_SHARES":1190000000,"HK_COMMON_SHARES":1190000000,"PER_SHARES":1000,"TOTAL_MARKET_CAP":2201500000,"HKSK_MARKET_CAP":2201500000,"PE_TTM":9.119485478493,"PB_TTM":0.443226026047,"REPORT_DATE_SQ":"2023-06-30 00:00:00","REPORT_TYPE_SQ":"2023年中报","OPERATE_INCOME_SQ":4591142000,"DPS_HKD":null,"OPERATE_INCOME_QOQ_SQ":-3.098059339694,"NET_PROFIT_RATIO_SQ":0.1604611663,"HOLDER_PROFIT_SQ":26121000,"HOLDER_PROFIT_QOQ_SQ":28.845654150968,"ROE_AVG_SQ":0.605945531711,"PE_TTM_SQ":-4.847537096136,"PB_TTM_SQ":0.251208100477,"ROA_SQ":0.134076660375,"START_DATE":"2024-01-01 00:00:00","FISCAL_YEAR":"12-31","CURRENCY":"HKD","IS_CNY_CODE":0,"DPS_HKD_LY":null,"ORG_TYPE":"一般企业","PREMIUM_INCOME":null,"PREMIUM_INCOME_YOY":null,"NET_INTEREST_INCOME":null,"NET_INTEREST_INCOME_YOY":null,"FEE_COMMISSION_INCOME":null,"FEE_COMMISSION_INCOME_YOY":null,"ACCOUNTS_RECE_TDAYS":6.439854919434,"INVENTORY_TDAYS":4.119337185722,"CURRENT_ASSETS_TDAYS":1.371250632119,"TOTAL_ASSETS_TDAYS":0.435020724004,"PREMIUM_EXPENSE":null,"LOAN_DEPOSIT":null,"LOAN_EQUITY":null,"LOAN_ASSETS":null,"DEPOSIT_EQUITY":null,"DEPOSIT_ASSETS":null,"EQUITY_MULTIPLIER":4.757905698709,"EQUITY_RATIO":3.742104051068},{"SECUCODE":"02198.HK","SECURITY_CODE":"02198","SECURITY_NAME_ABBR":"中国三江化工","ORG_CODE":"10137686","STD_REPORT_DATE":"2023-12-31 00:00:00","REPORT_DATE":"2023-12-31 00:00:00","DATE_TYPE_CODE":"001","REPORT_TYPE":"2023年年报","PER_NETCASH_OPERATE":-0.102527731092,"PER_OI":11.032268907563,"BPS":3.681271428571,"BASIC_EPS":0.0784,"DILUTED_EPS":0.0784,"OPERATE_INCOME":13128400000,"OPERATE_INCOME_YOY":48.8839431269,"GROSS_PROFIT":194336000,"GROSS_PROFIT_YOY":425.49912903658,"HOLDER_PROFIT":91477000,"HOLDER_PROFIT_YOY":129.7119007405,"GROSS_PROFIT_RATIO":1.480271777216,"EPS_TTM":0.076871428571,"OPERATE_INCOME_QOQ":53.643923034324,"NET_PROFIT_RATIO":0.3361719631,"ROE_AVG":2.108144831626,"GROSS_PROFIT_QOQ":172.485844939613,"ROA":0.466001745068,"HOLDER_PROFIT_QOQ":141.756972657142,"ROE_YEARLY":2.108144831626,"ROIC_YEARLY":0.473201034786,"TOTAL_ASSETS":21001772000,"TOTAL_LIABILITIES":16640430000,"TAX_EBT":-118.4094620676,"OCF_SALES":-0.92934401755,"TOTAL_PARENT_EQUITY":4380713000,"DEBT_ASSET_RATIO":79.2334570626,"OPERATE_PROFIT":235111000,"PRETAX_PROFIT":20207000,"NETCASH_OPERATE":-122008000,"NETCASH_INVEST":-790280000,"NETCASH_FINANCE":1058319000,"END_CASH":364150000,"DIVI_RATIO":null,"DIVIDEND_RATE":null,"CURRENT_RATIO":0.505937653411,"COMMON_ACS":5000000000,"CURRENTDEBT_DEBT":74.635312909582,"ISSUED_COMMON_SHARES":1190000000,"HK_COMMON_SHARES":1190000000,"PER_SHARES":1000,"TOTAL_MARKET_CAP":2272900000,"HKSK_MARKET_CAP":2272900000,"PE_TTM":9.415252575093,"PB_TTM":0.457600924189,"REPORT_DATE_SQ":"2022-12-31 00:00:00","REPORT_TYPE_SQ":"2022年年报","OPERATE_INCOME_SQ":8817875000,"DPS_HKD":null,"OPERATE_INCOME_QOQ_SQ":-8.017171345013,"NET_PROFIT_RATIO_SQ":-4.0197213047,"HOLDER_PROFIT_SQ":-307880000,"HOLDER_PROFIT_QOQ_SQ":-3074.34787091453,"ROE_AVG_SQ":-6.869451745772,"PE_TTM_SQ":-4.896502117309,"PB_TTM_SQ":0.253745556038,"ROA_SQ":-1.892500756758,"START_DATE":"2023-01-01 00:00:00","FISCAL_YEAR":"12-31","CURRENCY":"HKD","IS_CNY_CODE":0,"DPS_HKD_LY":null,"ORG_TYPE":"一般企业","PREMIUM_INCOME":null,"PREMIUM_INCOME_YOY":null,"NET_INTEREST_INCOME":null,"NET_INTEREST_INCOME_YOY":null,"FEE_COMMISSION_INCOME":null,"FEE_COMMISSION_INCOME_YOY":null,"ACCOUNTS_RECE_TDAYS":12.887184131027,"INVENTORY_TDAYS":8.573199108482,"CURRENT_ASSETS_TDAYS":2.343796305884,"TOTAL_ASSETS_TDAYS":0.668786395482,"PREMIUM_EXPENSE":null,"LOAN_DEPOSIT":null,"LOAN_EQUITY":null,"LOAN_ASSETS":null,"DEPOSIT_EQUITY":null,"DEPOSIT_ASSETS":null,"EQUITY_MULTIPLIER":4.815438000511,"EQUITY_RATIO":3.798566580372},{"SECUCODE":"02198.HK","SECURITY_CODE":"02198","SECURITY_NAME_ABBR":"中国三江化工","ORG_CODE":"10137686","STD_REPORT_DATE":"2023-06-30 00:00:00","REPORT_DATE":"2023-06-30 00:00:00","DATE_TYPE_CODE":"002","REPORT_TYPE":"2023年中报","PER_NETCASH_OPERATE":-0.283665546218,"PER_OI":3.858102521008,"BPS":3.633482352941,"BASIC_EPS":0.0222,"DILUTED_EPS":0.0222,"OPERATE_INCOME":4591142000,"OPERATE_INCOME_YOY":-5.6160515591,"GROSS_PROFIT":-109238000,"GROSS_PROFIT_YOY":-210.163372327551,"HOLDER_PROFIT":26121000,"HOLDER_PROFIT_YOY":141.6675971861,"GROSS_PROFIT_RATIO":-2.37932087485,"EPS_TTM":-0.184092436975,"OPERATE_INCOME_QOQ":-3.098059339694,"NET_PROFIT_RATIO":0.1604611663,"ROE_AVG":0.605945531711,"GROSS_PROFIT_QOQ":-349.051989816428,"ROA":0.134076660375,"HOLDER_PROFIT_QOQ":28.845654150968,"ROE_YEARLY":1.211891063423,"ROIC_YEARLY":0.273661323395,"TOTAL_ASSETS":20705680000,"TOTAL_LIABILITIES":16372618000,"TAX_EBT":116.5710686731,"OCF_SALES":-7.35246263348,"TOTAL_PARENT_EQUITY":4323844000,"DEBT_ASSET_RATIO":79.0730756005,"OPERATE_PROFIT":75697000,"PRETAX_PROFIT":-44457000,"NETCASH_OPERATE":-337562000,"NETCASH_INVEST":-811957000,"NETCASH_FINANCE":1451310000,"END_CASH":522490000,"DIVI_RATIO":null,"DIVIDEND_RATE":null,"CURRENT_RATIO":0.468909282851,"COMMON_ACS":5000000000,"CURRENTDEBT_DEBT":80.159782632197,"ISSUED_COMMON_SHARES":1190000000,"HK_COMMON_SHARES":1190000000,"PER_SHARES":1000,"TOTAL_MARKET_CAP":2272900000,"HKSK_MARKET_CAP":2272900000,"PE_TTM":9.415252575093,"PB_TTM":0.457600924189,"REPORT_DATE_SQ":"2022-06-30 00:00:00","REPORT_TYPE_SQ":"2022年中报","OPERATE_INCOME_SQ":4864325000,"DPS_HKD":null,"OPERATE_INCOME_QOQ_SQ":0.923578238219,"NET_PROFIT_RATIO_SQ":-1.5471416898,"HOLDER_PROFIT_SQ":-62689000,"HOLDER_PROFIT_QOQ_SQ":-102.548271069412,"ROE_AVG_SQ":-1.361482230191,"PE_TTM_SQ":-4.896502117309,"PB_TTM_SQ":0.253745556038,"ROA_SQ":-0.405605297112,"START_DATE":"2023-01-01 00:00:00","FISCAL_YEAR":"12-31","CURRENCY":"HKD","IS_CNY_CODE":0,"DPS_HKD_LY":null,"ORG_TYPE":"一般企业","PREMIUM_INCOME":null,"PREMIUM_INCOME_YOY":null,"NET_INTEREST_INCOME":null,"NET_INTEREST_INCOME_YOY":null,"FEE_COMMISSION_INCOME":null,"FEE_COMMISSION_INCOME_YOY":null,"ACCOUNTS_RECE_TDAYS":6.42570257517,"INVENTORY_TDAYS":3.959261648975,"CURRENT_ASSETS_TDAYS":0.829234684851,"TOTAL_ASSETS_TDAYS":0.235659043171,"PREMIUM_EXPENSE":null,"LOAN_DEPOSIT":null,"LOAN_EQUITY":null,"LOAN_ASSETS":null,"DEPOSIT_EQUITY":null,"DEPOSIT_ASSETS":null,"EQUITY_MULTIPLIER":4.778533055836,"EQUITY_RATIO":3.786588507819},{"SECUCODE":"02198.HK","SECURITY_CODE":"02198","SECURITY_NAME_ABBR":"中国三江化工","ORG_CODE":"10137686","STD_REPORT_DATE":"2022-12-31 00:00:00","REPORT_DATE":"2022-12-31 00:00:00","DATE_TYPE_CODE":"001","REPORT_TYPE":"2022年年报","PER_NETCASH_OPERATE":-0.765142016807,"PER_OI":7.409978991597,"BPS":3.611531932773,"BASIC_EPS":-0.2618,"DILUTED_EPS":-0.2618,"OPERATE_INCOME":8817875000,"OPERATE_INCOME_YOY":-7.1676379567,"GROSS_PROFIT":-59704000,"GROSS_PROFIT_YOY":-109.148846510416,"HOLDER_PROFIT":-307880000,"HOLDER_PROFIT_YOY":-180.890988437,"GROSS_PROFIT_RATIO":-0.677079228272,"EPS_TTM":-0.258722689076,"OPERATE_INCOME_QOQ":-8.017171345013,"NET_PROFIT_RATIO":-4.0197213047,"ROE_AVG":-6.869451745772,"GROSS_PROFIT_QOQ":-125.449709287456,"ROA":-1.892500756758,"HOLDER_PROFIT_QOQ":-3074.34787091453,"ROE_YEARLY":-6.869451745772,"ROIC_YEARLY":-1.947617761353,"TOTAL_ASSETS":18258596000,"TOTAL_LIABILITIES":13932901000,"TAX_EBT":2.751568660267,"OCF_SALES":-10.325832470975,"TOTAL_PARENT_EQUITY":4297723000,"DEBT_ASSET_RATIO":76.308720561,"OPERATE_PROFIT":-196166000,"PRETAX_PROFIT":-364483000,"NETCASH_OPERATE":-910519000,"NETCASH_INVEST":-1971947000,"NETCASH_FINANCE":2503651000,"END_CASH":217493000,"DIVI_RATIO":null,"DIVIDEND_RATE":null,"CURRENT_RATIO":0.463681873792,"COMMON_ACS":5000000000,"CURRENTDEBT_DEBT":76.142226231278,"ISSUED_COMMON_SHARES":1190000000,"HK_COMMON_SHARES":1190000000,"PER_SHARES":1000,"TOTAL_MARKET_CAP":2272900000,"HKSK_MARKET_CAP":2272900000,"PE_TTM":9.415252575093,"PB_TTM":0.457600924189,"REPORT_DATE_SQ":"2021-12-31 00:00:00","REPORT_TYPE_SQ":"2021年年报","OPERATE_INCOME_SQ":9498708000,"DPS_HKD":null,"OPERATE_INCOME_QOQ_SQ":1.906391504872,"NET_PROFIT_RATIO_SQ":3.9600438291,"HOLDER_PROFIT_SQ":380611000,"HOLDER_PROFIT_QOQ_SQ":-64.65653008844,"ROE_AVG_SQ":8.116491964191,"PE_TTM_SQ":-4.896502117309,"PB_TTM_SQ":0.253745556038,"ROA_SQ":3.009150843123,"START_DATE":"2022-01-01 00:00:00","FISCAL_YEAR":"12-31","CURRENCY":"HKD","IS_CNY_CODE":0,"DPS_HKD_LY":0.06,"ORG_TYPE":"一般企业","PREMIUM_INCOME":null,"PREMIUM_INCOME_YOY":null,"NET_INTEREST_INCOME":null,"NET_INTEREST_INCOME_YOY":null,"FEE_COMMISSION_INCOME":null,"FEE_COMMISSION_INCOME_YOY":null,"ACCOUNTS_RECE_TDAYS":18.518508795786,"INVENTORY_TDAYS":8.344887292149,"CURRENT_ASSETS_TDAYS":2.090354965938,"TOTAL_ASSETS_TDAYS":0.542024006447,"PREMIUM_EXPENSE":null,"LOAN_DEPOSIT":null,"LOAN_EQUITY":null,"LOAN_ASSETS":null,"DEPOSIT_EQUITY":null,"DEPOSIT_ASSETS":null,"EQUITY_MULTIPLIER":4.220962411822,"EQUITY_RATIO":3.241926247922},{"SECUCODE":"02198.HK","SECURITY_CODE":"02198","SECURITY_NAME_ABBR":"中国三江化工","ORG_CODE":"10137686","STD_REPORT_DATE":"2022-06-30 00:00:00","REPORT_DATE":"2022-06-30 00:00:00","DATE_TYPE_CODE":"002","REPORT_TYPE":"2022年中报","PER_NETCASH_OPERATE":-0.508214285714,"PER_OI":4.087668067227,"BPS":3.817574789916,"BASIC_EPS":-0.0537,"DILUTED_EPS":-0.0537,"OPERATE_INCOME":4864325000,"OPERATE_INCOME_YOY":1.8366213436,"GROSS_PROFIT":99160000,"GROSS_PROFIT_YOY":-80.82564212635,"HOLDER_PROFIT":-62689000,"HOLDER_PROFIT_YOY":-119.1346098083,"GROSS_PROFIT_RATIO":2.03851510744,"EPS_TTM":-0.008150420168,"OPERATE_INCOME_QOQ":0.923578238219,"NET_PROFIT_RATIO":-1.5471416898,"ROE_AVG":-1.361482230191,"GROSS_PROFIT_QOQ":-64.051273014243,"ROA":-0.405605297112,"HOLDER_PROFIT_QOQ":-102.548271069412,"ROE_YEARLY":-2.722964460382,"ROIC_YEARLY":-0.840383138514,"TOTAL_ASSETS":16633085000,"TOTAL_LIABILITIES":12028194000,"TAX_EBT":-18.059172340225,"OCF_SALES":-12.432865813859,"TOTAL_PARENT_EQUITY":4542914000,"DEBT_ASSET_RATIO":72.314871234,"OPERATE_PROFIT":16906000,"PRETAX_PROFIT":-63746000,"NETCASH_OPERATE":-604775000,"NETCASH_INVEST":-1603676000,"NETCASH_FINANCE":1955920000,"END_CASH":342806000,"DIVI_RATIO":null,"DIVIDEND_RATE":null,"CURRENT_RATIO":0.500866506165,"COMMON_ACS":5000000000,"CURRENTDEBT_DEBT":77.231918607232,"ISSUED_COMMON_SHARES":1190000000,"HK_COMMON_SHARES":1190000000,"PER_SHARES":1000,"TOTAL_MARKET_CAP":2272900000,"HKSK_MARKET_CAP":2272900000,"PE_TTM":9.415252575093,"PB_TTM":0.457600924189,"REPORT_DATE_SQ":"2021-06-30 00:00:00","REPORT_TYPE_SQ":"2021年中报","OPERATE_INCOME_SQ":4776597000,"DPS_HKD":null,"OPERATE_INCOME_QOQ_SQ":11.994846393894,"NET_PROFIT_RATIO_SQ":7.3382996305,"HOLDER_PROFIT_SQ":327621000,"HOLDER_PROFIT_QOQ_SQ":-4.099895719327,"ROE_AVG_SQ":6.932852663787,"PE_TTM_SQ":-4.896502117309,"PB_TTM_SQ":0.253745556038,"ROA_SQ":2.777077172071,"START_DATE":"2022-01-01 00:00:00","FISCAL_YEAR":"12-31","CURRENCY":"HKD","IS_CNY_CODE":0,"DPS_HKD_LY":0.06,"ORG_TYPE":"一般企业","PREMIUM_INCOME":null,"PREMIUM_INCOME_YOY":null,"NET_INTEREST_INCOME":null,"NET_INTEREST_INCOME_YOY":null,"FEE_COMMISSION_INCOME":null,"FEE_COMMISSION_INCOME_YOY":null,"ACCOUNTS_RECE_TDAYS":14.087324571819,"INVENTORY_TDAYS":3.964068399233,"CURRENT_ASSETS_TDAYS":1.190710338305,"TOTAL_ASSETS_TDAYS":0.314727621573,"PREMIUM_EXPENSE":null,"LOAN_DEPOSIT":null,"LOAN_EQUITY":null,"LOAN_ASSETS":null,"DEPOSIT_EQUITY":null,"DEPOSIT_ASSETS":null,"EQUITY_MULTIPLIER":3.612047494712,"EQUITY_RATIO":2.647682522716},{"SECUCODE":"02198.HK","SECURITY_CODE":"02198","SECURITY_NAME_ABBR":"中国三江化工","ORG_CODE":"10137686","STD_REPORT_DATE":"2021-12-31 00:00:00","REPORT_DATE":"2021-12-31 00:00:00","DATE_TYPE_CODE":"001","REPORT_TYPE":"2021年年报","PER_NETCASH_OPERATE":1.368392436975,"PER_OI":7.982107563025,"BPS":3.921025210084,"BASIC_EPS":0.3236,"DILUTED_EPS":0.3236,"OPERATE_INCOME":9498708000,"OPERATE_INCOME_YOY":14.1299066314,"GROSS_PROFIT":652585000,"GROSS_PROFIT_YOY":-59.192472632815,"HOLDER_PROFIT":380611000,"HOLDER_PROFIT_YOY":-66.1055754984,"GROSS_PROFIT_RATIO":6.870250143493,"EPS_TTM":0.319841176471,"OPERATE_INCOME_QOQ":1.906391504872,"NET_PROFIT_RATIO":3.9600438291,"ROE_AVG":8.116491964191,"GROSS_PROFIT_QOQ":-56.017089431727,"ROA":3.009150843123,"HOLDER_PROFIT_QOQ":-64.65653008844,"ROE_YEARLY":8.116491964191,"ROIC_YEARLY":3.201936989703,"TOTAL_ASSETS":14278247000,"TOTAL_LIABILITIES":9537681000,"TAX_EBT":14.932539090239,"OCF_SALES":17.143247271103,"TOTAL_PARENT_EQUITY":4666020000,"DEBT_ASSET_RATIO":66.7986833398,"OPERATE_PROFIT":573514000,"PRETAX_PROFIT":442182000,"NETCASH_OPERATE":1628387000,"NETCASH_INVEST":-3287901000,"NETCASH_FINANCE":1481125000,"END_CASH":593708000,"DIVI_RATIO":null,"DIVIDEND_RATE":null,"CURRENT_RATIO":0.466580953677,"COMMON_ACS":5000000000,"CURRENTDEBT_DEBT":79.04556673682,"ISSUED_COMMON_SHARES":1190000000,"HK_COMMON_SHARES":1190000000,"PER_SHARES":1000,"TOTAL_MARKET_CAP":2272900000,"HKSK_MARKET_CAP":2272900000,"PE_TTM":9.415252575093,"PB_TTM":0.457600924189,"REPORT_DATE_SQ":"2020-12-31 00:00:00","REPORT_TYPE_SQ":"2020年年报","OPERATE_INCOME_SQ":8322716000,"DPS_HKD":null,"OPERATE_INCOME_QOQ_SQ":-5.198701099291,"NET_PROFIT_RATIO_SQ":14.5889514913,"HOLDER_PROFIT_SQ":1122931000,"HOLDER_PROFIT_QOQ_SQ":25.909028220829,"ROE_AVG_SQ":25.668874714136,"PE_TTM_SQ":-4.896502117309,"PB_TTM_SQ":0.253745556038,"ROA_SQ":10.498206009989,"START_DATE":"2021-01-01 00:00:00","FISCAL_YEAR":"12-31","CURRENCY":"HKD","IS_CNY_CODE":0,"DPS_HKD_LY":0.425,"ORG_TYPE":"一般企业","PREMIUM_INCOME":null,"PREMIUM_INCOME_YOY":null,"NET_INTEREST_INCOME":null,"NET_INTEREST_INCOME_YOY":null,"FEE_COMMISSION_INCOME":null,"FEE_COMMISSION_INCOME_YOY":null,"ACCOUNTS_RECE_TDAYS":31.942066024824,"INVENTORY_TDAYS":8.807383722696,"CURRENT_ASSETS_TDAYS":2.942294530599,"TOTAL_ASSETS_TDAYS":0.750977906229,"PREMIUM_EXPENSE":null,"LOAN_DEPOSIT":null,"LOAN_EQUITY":null,"LOAN_ASSETS":null,"DEPOSIT_EQUITY":null,"DEPOSIT_ASSETS":null,"EQUITY_MULTIPLIER":3.011928744376,"EQUITY_RATIO":2.044072035696},{"SECUCODE":"02198.HK","SECURITY_CODE":"02198","SECURITY_NAME_ABBR":"中国三江化工","ORG_CODE":"10137686","STD_REPORT_DATE":"2021-06-30 00:00:00","REPORT_DATE":"2021-06-30 00:00:00","DATE_TYPE_CODE":"002","REPORT_TYPE":"2021年中报","PER_NETCASH_OPERATE":0.8872,"PER_OI":4.013947058824,"BPS":3.981994957983,"BASIC_EPS":0.2785,"DILUTED_EPS":0.2785,"OPERATE_INCOME":4776597000,"OPERATE_INCOME_YOY":26.4218563904,"GROSS_PROFIT":517149000,"GROSS_PROFIT_YOY":-18.25062479944,"HOLDER_PROFIT":327621000,"HOLDER_PROFIT_YOY":-12.3210940427,"GROSS_PROFIT_RATIO":10.826724548879,"EPS_TTM":0.904951260504,"OPERATE_INCOME_QOQ":11.994846393894,"NET_PROFIT_RATIO":7.3382996305,"ROE_AVG":6.932852663787,"GROSS_PROFIT_QOQ":-7.219584061311,"ROA":2.777077172071,"HOLDER_PROFIT_QOQ":-4.099895719327,"ROE_YEARLY":13.865705327575,"ROIC_YEARLY":5.96899682052,"TOTAL_ASSETS":12576006000,"TOTAL_LIABILITIES":7735528000,"TAX_EBT":10.051092024666,"OCF_SALES":22.102932275844,"TOTAL_PARENT_EQUITY":4738574000,"DEBT_ASSET_RATIO":61.5102123838,"OPERATE_PROFIT":538761000,"PRETAX_PROFIT":389689000,"NETCASH_OPERATE":1055768000,"NETCASH_INVEST":-1523221000,"NETCASH_FINANCE":377452000,"END_CASH":683061000,"DIVI_RATIO":null,"DIVIDEND_RATE":null,"CURRENT_RATIO":0.528629818109,"COMMON_ACS":5000000000,"CURRENTDEBT_DEBT":78.131589724709,"ISSUED_COMMON_SHARES":1190000000,"HK_COMMON_SHARES":1190000000,"PER_SHARES":1000,"TOTAL_MARKET_CAP":2272900000,"HKSK_MARKET_CAP":2272900000,"PE_TTM":9.415252575093,"PB_TTM":0.457600924189,"REPORT_DATE_SQ":"2020-06-30 00:00:00","REPORT_TYPE_SQ":"2020年中报","OPERATE_INCOME_SQ":3778300000,"DPS_HKD":null,"OPERATE_INCOME_QOQ_SQ":-4.480271938755,"NET_PROFIT_RATIO_SQ":10.0836619644,"HOLDER_PROFIT_SQ":373660000,"HOLDER_PROFIT_QOQ_SQ":62.016553007045,"ROE_AVG_SQ":9.119999160392,"PE_TTM_SQ":-4.896502117309,"PB_TTM_SQ":0.253745556038,"ROA_SQ":3.231481894673,"START_DATE":"2021-01-01 00:00:00","FISCAL_YEAR":"12-31","CURRENCY":"HKD","IS_CNY_CODE":0,"DPS_HKD_LY":0.425,"ORG_TYPE":"一般企业","PREMIUM_INCOME":null,"PREMIUM_INCOME_YOY":null,"NET_INTEREST_INCOME":null,"NET_INTEREST_INCOME_YOY":null,"FEE_COMMISSION_INCOME":null,"FEE_COMMISSION_INCOME_YOY":null,"ACCOUNTS_RECE_TDAYS":14.870867514516,"INVENTORY_TDAYS":4.84600064963,"CURRENT_ASSETS_TDAYS":1.557406284047,"TOTAL_ASSETS_TDAYS":0.404887918933,"PREMIUM_EXPENSE":null,"LOAN_DEPOSIT":null,"LOAN_EQUITY":null,"LOAN_ASSETS":null,"DEPOSIT_EQUITY":null,"DEPOSIT_ASSETS":null,"EQUITY_MULTIPLIER":2.598091758706,"EQUITY_RATIO":1.632459047806},{"SECUCODE":"02198.HK","SECURITY_CODE":"02198","SECURITY_NAME_ABBR":"中国三江化工","ORG_CODE":"10137686","STD_REPORT_DATE":"2020-12-31 00:00:00","REPORT_DATE":"2020-12-31 00:00:00","DATE_TYPE_CODE":"001","REPORT_TYPE":"2020年年报","PER_NETCASH_OPERATE":1.462421008403,"PER_OI":6.993878991597,"BPS":3.960241176471,"BASIC_EPS":0.951,"DILUTED_EPS":0.951,"OPERATE_INCOME":8322716000,"OPERATE_INCOME_YOY":-9.4460570915,"GROSS_PROFIT":1599178000,"GROSS_PROFIT_YOY":53.931703898784,"HOLDER_PROFIT":1122931000,"HOLDER_PROFIT_YOY":104.6440469161,"GROSS_PROFIT_RATIO":19.214616959175,"EPS_TTM":0.943639495798,"OPERATE_INCOME_QOQ":-5.198701099291,"NET_PROFIT_RATIO":14.5889514913,"ROE_AVG":25.668874714136,"GROSS_PROFIT_QOQ":9.147508826723,"ROA":10.498206009989,"HOLDER_PROFIT_QOQ":25.909028220829,"ROE_YEARLY":25.668874714136,"ROIC_YEARLY":11.392285183768,"TOTAL_ASSETS":11018657000,"TOTAL_LIABILITIES":6226966000,"TAX_EBT":12.776274398387,"OCF_SALES":20.910013029401,"TOTAL_PARENT_EQUITY":4712687000,"DEBT_ASSET_RATIO":56.5129307501,"OPERATE_PROFIT":1502068000,"PRETAX_PROFIT":1392049000,"NETCASH_OPERATE":1740281000,"NETCASH_INVEST":-1071093000,"NETCASH_FINANCE":-485125000,"END_CASH":775849000,"DIVI_RATIO":null,"DIVIDEND_RATE":null,"CURRENT_RATIO":0.585067448599,"COMMON_ACS":5000000000,"CURRENTDEBT_DEBT":80.672594004849,"ISSUED_COMMON_SHARES":1190000000,"HK_COMMON_SHARES":1190000000,"PER_SHARES":1000,"TOTAL_MARKET_CAP":2272900000,"HKSK_MARKET_CAP":2272900000,"PE_TTM":9.415252575093,"PB_TTM":0.457600924189,"REPORT_DATE_SQ":"2019-12-31 00:00:00","REPORT_TYPE_SQ":"2019年年报","OPERATE_INCOME_SQ":9190893000,"DPS_HKD":null,"OPERATE_INCOME_QOQ_SQ":1.732843410179,"NET_PROFIT_RATIO_SQ":6.2833611489,"HOLDER_PROFIT_SQ":548724000,"HOLDER_PROFIT_QOQ_SQ":194.538080409216,"ROE_AVG_SQ":14.476112234747,"PE_TTM_SQ":-4.896502117309,"PB_TTM_SQ":0.253745556038,"ROA_SQ":5.572645471392,"START_DATE":"2020-01-01 00:00:00","FISCAL_YEAR":"12-31","CURRENCY":"HKD","IS_CNY_CODE":0,"DPS_HKD_LY":0.325,"ORG_TYPE":"一般企业","PREMIUM_INCOME":null,"PREMIUM_INCOME_YOY":null,"NET_INTEREST_INCOME":null,"NET_INTEREST_INCOME_YOY":null,"FEE_COMMISSION_INCOME":null,"FEE_COMMISSION_INCOME_YOY":null,"ACCOUNTS_RECE_TDAYS":20.42659990919,"INVENTORY_TDAYS":7.359493950768,"CURRENT_ASSETS_TDAYS":2.248988825741,"TOTAL_ASSETS_TDAYS":0.778085092767,"PREMIUM_EXPENSE":null,"LOAN_DEPOSIT":null,"LOAN_EQUITY":null,"LOAN_ASSETS":null,"DEPOSIT_EQUITY":null,"DEPOSIT_ASSETS":null,"EQUITY_MULTIPLIER":2.299534131062,"EQUITY_RATIO":1.321319663283},{"SECUCODE":"02198.HK","SECURITY_CODE":"02198","SECURITY_NAME_ABBR":"中国三江化工","ORG_CODE":"10137686","STD_REPORT_DATE":"2020-06-30 00:00:00","REPORT_DATE":"2020-06-30 00:00:00","DATE_TYPE_CODE":"002","REPORT_TYPE":"2020年中报","PER_NETCASH_OPERATE":0.284031092437,"PER_OI":3.175042016807,"BPS":3.493804201681,"BASIC_EPS":0.3161,"DILUTED_EPS":0.3161,"OPERATE_INCOME":3778300000,"OPERATE_INCOME_YOY":-9.8274327656,"GROSS_PROFIT":632603000,"GROSS_PROFIT_YOY":206.585796120928,"HOLDER_PROFIT":373660000,"HOLDER_PROFIT_YOY":1057.7381874516,"GROSS_PROFIT_RATIO":16.74305904772,"EPS_TTM":0.749461344538,"OPERATE_INCOME_QOQ":-4.480271938755,"NET_PROFIT_RATIO":10.0836619644,"ROE_AVG":9.119999160392,"GROSS_PROFIT_QOQ":41.030890721618,"ROA":3.231481894673,"HOLDER_PROFIT_QOQ":62.016553007045,"ROE_YEARLY":18.239998320784,"ROIC_YEARLY":6.891262830922,"TOTAL_ASSETS":12752072000,"TOTAL_LIABILITIES":8569851000,"TAX_EBT":17.182891015762,"OCF_SALES":8.945742794378,"TOTAL_PARENT_EQUITY":4157627000,"DEBT_ASSET_RATIO":67.2035964038,"OPERATE_PROFIT":655548000,"PRETAX_PROFIT":460039000,"NETCASH_OPERATE":337997000,"NETCASH_INVEST":-2584079000,"NETCASH_FINANCE":2186595000,"END_CASH":532849000,"DIVI_RATIO":null,"DIVIDEND_RATE":null,"CURRENT_RATIO":0.824445375721,"COMMON_ACS":5000000000,"CURRENTDEBT_DEBT":85.342615641742,"ISSUED_COMMON_SHARES":1190000000,"HK_COMMON_SHARES":1190000000,"PER_SHARES":1000,"TOTAL_MARKET_CAP":2272900000,"HKSK_MARKET_CAP":2272900000,"PE_TTM":9.415252575093,"PB_TTM":0.457600924189,"REPORT_DATE_SQ":"2019-06-30 00:00:00","REPORT_TYPE_SQ":"2019年中报","OPERATE_INCOME_SQ":4190077000,"DPS_HKD":null,"OPERATE_INCOME_QOQ_SQ":-5.753443692422,"NET_PROFIT_RATIO_SQ":0.06990325,"HOLDER_PROFIT_SQ":32275000,"HOLDER_PROFIT_QOQ_SQ":-53.149417795771,"ROE_AVG_SQ":0.904106196832,"PE_TTM_SQ":-4.896502117309,"PB_TTM_SQ":0.253745556038,"ROA_SQ":0.336157192623,"START_DATE":"2020-01-01 00:00:00","FISCAL_YEAR":"12-31","CURRENCY":"HKD","IS_CNY_CODE":0,"DPS_HKD_LY":0.325,"ORG_TYPE":"一般企业","PREMIUM_INCOME":null,"PREMIUM_INCOME_YOY":null,"NET_INTEREST_INCOME":null,"NET_INTEREST_INCOME_YOY":null,"FEE_COMMISSION_INCOME":null,"FEE_COMMISSION_INCOME_YOY":null,"ACCOUNTS_RECE_TDAYS":7.470000286677,"INVENTORY_TDAYS":3.267613285488,"CURRENT_ASSETS_TDAYS":0.720224178187,"TOTAL_ASSETS_TDAYS":0.326754483826,"PREMIUM_EXPENSE":null,"LOAN_DEPOSIT":null,"LOAN_EQUITY":null,"LOAN_ASSETS":null,"DEPOSIT_EQUITY":null,"DEPOSIT_ASSETS":null,"EQUITY_MULTIPLIER":3.049114812442,"EQUITY_RATIO":2.061236133015}],"count":33},"success":true,"message":"ok","code":0}