{"version":"9debd931aa682bb07433b0b4465b77a4","result":{"pages":2,"data":[{"SECUCODE":"02195.HK","SECURITY_CODE":"02195","SECURITY_NAME_ABBR":"盈汇企业控股","ORG_CODE":"10000018824","STD_REPORT_DATE":"2024-06-30 00:00:00","REPORT_DATE":"2024-06-30 00:00:00","DATE_TYPE_CODE":"002","REPORT_TYPE":"2024年中报","PER_NETCASH_OPERATE":0.006456964328,"PER_OI":0.052215162793,"BPS":0.083429651295,"BASIC_EPS":-0.01688458,"DILUTED_EPS":-0.01688458,"OPERATE_INCOME":61332096,"OPERATE_INCOME_YOY":65.6927287521,"GROSS_PROFIT":-12493676.52,"GROSS_PROFIT_YOY":-143.458843676411,"HOLDER_PROFIT":-17371951.12,"HOLDER_PROFIT_YOY":-194.6439628483,"GROSS_PROFIT_RATIO":-20.370535714286,"EPS_TTM":-0.03241069305,"OPERATE_INCOME_QOQ":24.007772535634,"NET_PROFIT_RATIO":-28.3244047619,"ROE_AVG":-14.944568323859,"GROSS_PROFIT_QOQ":-48.826687912788,"ROA":-10.344480887384,"HOLDER_PROFIT_QOQ":-42.83060909753,"ROE_YEARLY":-29.889136647718,"ROIC_YEARLY":-22.363145573692,"TOTAL_ASSETS":173917562.76,"TOTAL_LIABILITIES":56321482.8,"TAX_EBT":-0.326797385621,"OCF_SALES":12.366071428571,"TOTAL_PARENT_EQUITY":117596079.96,"DEBT_ASSET_RATIO":32.3840110833,"OPERATE_PROFIT":-17269730.96,"PRETAX_PROFIT":-17315364.96,"NETCASH_OPERATE":7584370.8,"NETCASH_INVEST":null,"NETCASH_FINANCE":-876172.8,"END_CASH":15926266,"DIVI_RATIO":null,"DIVIDEND_RATE":null,"CURRENT_RATIO":2.767492084111,"COMMON_ACS":10000000000,"CURRENTDEBT_DEBT":99.797439637012,"ISSUED_COMMON_SHARES":1409523810,"HK_COMMON_SHARES":1409523810,"PER_SHARES":5000,"TOTAL_MARKET_CAP":78933333.36,"HKSK_MARKET_CAP":78933333.36,"PE_TTM":-1.879991743915,"PB_TTM":0.6126128925,"REPORT_DATE_SQ":"2023-06-30 00:00:00","REPORT_TYPE_SQ":"2023年中报","OPERATE_INCOME_SQ":37392742.86,"DPS_HKD":null,"OPERATE_INCOME_QOQ_SQ":-22.697060515971,"NET_PROFIT_RATIO_SQ":-15.9281998175,"HOLDER_PROFIT_SQ":-5955990.8,"HOLDER_PROFIT_QOQ_SQ":-177.409034870482,"ROE_AVG_SQ":-4.24823921664,"PE_TTM_SQ":-7.851119511486,"PB_TTM_SQ":1.088468283244,"ROA_SQ":-2.905460106144,"START_DATE":"2024-01-01 00:00:00","FISCAL_YEAR":"12-31","CURRENCY":"HKD","IS_CNY_CODE":0,"DPS_HKD_LY":null,"ORG_TYPE":"一般企业","PREMIUM_INCOME":null,"PREMIUM_INCOME_YOY":null,"NET_INTEREST_INCOME":null,"NET_INTEREST_INCOME_YOY":null,"FEE_COMMISSION_INCOME":null,"FEE_COMMISSION_INCOME_YOY":null,"ACCOUNTS_RECE_TDAYS":0.672194936532,"INVENTORY_TDAYS":null,"CURRENT_ASSETS_TDAYS":0.38707782165,"TOTAL_ASSETS_TDAYS":0.365214414013,"PREMIUM_EXPENSE":null,"LOAN_DEPOSIT":null,"LOAN_EQUITY":null,"LOAN_ASSETS":null,"DEPOSIT_EQUITY":null,"DEPOSIT_ASSETS":null,"EQUITY_MULTIPLIER":1.478940138304,"EQUITY_RATIO":0.478940138304},{"SECUCODE":"02195.HK","SECURITY_CODE":"02195","SECURITY_NAME_ABBR":"盈汇企业控股","ORG_CODE":"10000018824","STD_REPORT_DATE":"2023-12-31 00:00:00","REPORT_DATE":"2023-12-31 00:00:00","DATE_TYPE_CODE":"001","REPORT_TYPE":"2023年年报","PER_NETCASH_OPERATE":-0.0428143639,"PER_OI":0.09971501148,"BPS":0.080932212007,"BASIC_EPS":-0.026642868,"DILUTED_EPS":-0.026642868,"OPERATE_INCOME":99715011.48,"OPERATE_INCOME_YOY":3.6228540217,"GROSS_PROFIT":-15077688.36,"GROSS_PROFIT_YOY":-271.658761500428,"HOLDER_PROFIT":-26653742.64,"HOLDER_PROFIT_YOY":-296.9766500202,"GROSS_PROFIT_RATIO":-15.120780849556,"EPS_TTM":-0.02665374264,"OPERATE_INCOME_QOQ":35.991083854138,"NET_PROFIT_RATIO":-26.729919843,"ROE_AVG":-20.920853279464,"GROSS_PROFIT_QOQ":-104.988926140991,"ROA":-13.618999550849,"HOLDER_PROFIT_QOQ":-45.176143375213,"ROE_YEARLY":-20.920853279464,"ROIC_YEARLY":-15.800755333265,"TOTAL_ASSETS":160805114.12,"TOTAL_LIABILITIES":46729234.3,"TAX_EBT":-5.582079908102,"OCF_SALES":-42.936728647509,"TOTAL_PARENT_EQUITY":114075879.82,"DEBT_ASSET_RATIO":29.0595448756,"OPERATE_PROFIT":-25196540.88,"PRETAX_PROFIT":-25244570.54,"NETCASH_OPERATE":-42814363.9,"NETCASH_INVEST":22886586.1,"NETCASH_FINANCE":6841961,"END_CASH":9152822,"DIVI_RATIO":null,"DIVIDEND_RATE":null,"CURRENT_RATIO":3.435976676385,"COMMON_ACS":10000000000,"CURRENTDEBT_DEBT":99.776980510036,"ISSUED_COMMON_SHARES":1409523810,"HK_COMMON_SHARES":1409523810,"PER_SHARES":5000,"TOTAL_MARKET_CAP":87390476.22,"HKSK_MARKET_CAP":87390476.22,"PE_TTM":-2.081419430763,"PB_TTM":0.678249988125,"REPORT_DATE_SQ":"2022-12-31 00:00:00","REPORT_TYPE_SQ":"2022年年报","OPERATE_INCOME_SQ":94853661.49,"DPS_HKD":null,"OPERATE_INCOME_QOQ_SQ":-47.803997627685,"NET_PROFIT_RATIO_SQ":-6.9773136071,"HOLDER_PROFIT_SQ":-6618237.43,"HOLDER_PROFIT_QOQ_SQ":-135.83374995251,"ROE_AVG_SQ":-4.65982169531,"PE_TTM_SQ":-10.031986042454,"PB_TTM_SQ":1.390820584145,"ROA_SQ":-2.78049860581,"START_DATE":"2023-01-01 00:00:00","FISCAL_YEAR":"12-31","CURRENCY":"HKD","IS_CNY_CODE":0,"DPS_HKD_LY":null,"ORG_TYPE":"一般企业","PREMIUM_INCOME":null,"PREMIUM_INCOME_YOY":null,"NET_INTEREST_INCOME":null,"NET_INTEREST_INCOME_YOY":null,"FEE_COMMISSION_INCOME":null,"FEE_COMMISSION_INCOME_YOY":null,"ACCOUNTS_RECE_TDAYS":0.869528110665,"INVENTORY_TDAYS":null,"CURRENT_ASSETS_TDAYS":0.511407842572,"TOTAL_ASSETS_TDAYS":0.509503942805,"PREMIUM_EXPENSE":null,"LOAN_DEPOSIT":null,"LOAN_EQUITY":null,"LOAN_ASSETS":null,"DEPOSIT_EQUITY":null,"DEPOSIT_ASSETS":null,"EQUITY_MULTIPLIER":1.409632907269,"EQUITY_RATIO":0.40963290727},{"SECUCODE":"02195.HK","SECURITY_CODE":"02195","SECURITY_NAME_ABBR":"盈汇企业控股","ORG_CODE":"10000018824","STD_REPORT_DATE":"2023-06-30 00:00:00","REPORT_DATE":"2023-06-30 00:00:00","DATE_TYPE_CODE":"002","REPORT_TYPE":"2023年中报","PER_NETCASH_OPERATE":-0.03400077844,"PER_OI":0.03739274286,"BPS":0.097352771458,"BASIC_EPS":-0.00599287,"DILUTED_EPS":-0.00599287,"OPERATE_INCOME":37392742.86,"OPERATE_INCOME_YOY":-41.1355752623,"GROSS_PROFIT":-5131740.68,"GROSS_PROFIT_YOY":-146.621881700102,"HOLDER_PROFIT":-5955990.8,"HOLDER_PROFIT_YOY":-195.4915003695,"GROSS_PROFIT_RATIO":-13.723894765392,"EPS_TTM":-0.01835958858,"OPERATE_INCOME_QOQ":-22.697060515971,"NET_PROFIT_RATIO":-15.9281998175,"ROE_AVG":-4.24823921664,"GROSS_PROFIT_QOQ":-183.740504783347,"ROA":-2.905460106144,"HOLDER_PROFIT_QOQ":-177.409034870482,"ROE_YEARLY":-8.496478433281,"ROIC_YEARLY":-6.757799321605,"TOTAL_ASSETS":175360596,"TOTAL_LIABILITIES":38139546.66,"TAX_EBT":-31.595029537584,"OCF_SALES":-90.928816233942,"TOTAL_PARENT_EQUITY":137221049.34,"DEBT_ASSET_RATIO":21.7492113565,"OPERATE_PROFIT":-4522311.9,"PRETAX_PROFIT":-4525999.82,"NETCASH_OPERATE":-34000778.44,"NETCASH_INVEST":23297512.62,"NETCASH_FINANCE":-151204.72,"END_CASH":11770918.66,"DIVI_RATIO":null,"DIVIDEND_RATE":null,"CURRENT_RATIO":4.596799650341,"COMMON_ACS":10000000000,"CURRENTDEBT_DEBT":99.555201005633,"ISSUED_COMMON_SHARES":1409523810,"HK_COMMON_SHARES":1409523810,"PER_SHARES":5000,"TOTAL_MARKET_CAP":87390476.22,"HKSK_MARKET_CAP":87390476.22,"PE_TTM":-2.081419430763,"PB_TTM":0.678249988125,"REPORT_DATE_SQ":"2022-06-30 00:00:00","REPORT_TYPE_SQ":"2022年中报","OPERATE_INCOME_SQ":58921735.81,"DPS_HKD":null,"OPERATE_INCOME_QOQ_SQ":-10.959437056759,"NET_PROFIT_RATIO_SQ":9.8187201556,"HOLDER_PROFIT_SQ":5785360.35,"HOLDER_PROFIT_QOQ_SQ":-14.049028304104,"ROE_AVG_SQ":4.073227784652,"PE_TTM_SQ":-10.031986042454,"PB_TTM_SQ":1.390820584145,"ROA_SQ":2.424066519395,"START_DATE":"2023-01-01 00:00:00","FISCAL_YEAR":"12-31","CURRENCY":"HKD","IS_CNY_CODE":0,"DPS_HKD_LY":null,"ORG_TYPE":"一般企业","PREMIUM_INCOME":null,"PREMIUM_INCOME_YOY":null,"NET_INTEREST_INCOME":null,"NET_INTEREST_INCOME_YOY":null,"FEE_COMMISSION_INCOME":null,"FEE_COMMISSION_INCOME_YOY":null,"ACCOUNTS_RECE_TDAYS":0.3106530631,"INVENTORY_TDAYS":null,"CURRENT_ASSETS_TDAYS":0.183164840227,"TOTAL_ASSETS_TDAYS":0.182409822794,"PREMIUM_EXPENSE":null,"LOAN_DEPOSIT":null,"LOAN_EQUITY":null,"LOAN_ASSETS":null,"DEPOSIT_EQUITY":null,"DEPOSIT_ASSETS":null,"EQUITY_MULTIPLIER":1.277942391809,"EQUITY_RATIO":0.277942391808},{"SECUCODE":"02195.HK","SECURITY_CODE":"02195","SECURITY_NAME_ABBR":"盈汇企业控股","ORG_CODE":"10000018824","STD_REPORT_DATE":"2022-12-31 00:00:00","REPORT_DATE":"2022-12-31 00:00:00","DATE_TYPE_CODE":"001","REPORT_TYPE":"2022年年报","PER_NETCASH_OPERATE":-0.02125893273,"PER_OI":0.09485366149,"BPS":0.09841520741,"BASIC_EPS":-0.006610198,"DILUTED_EPS":-0.006610198,"OPERATE_INCOME":94853661.49,"OPERATE_INCOME_YOY":-57.4613920881,"GROSS_PROFIT":8783523.91,"GROSS_PROFIT_YOY":-76.041886621924,"HOLDER_PROFIT":-6618237.43,"HOLDER_PROFIT_YOY":-128.1903964691,"GROSS_PROFIT_RATIO":9.260078917382,"EPS_TTM":-0.00661823743,"OPERATE_INCOME_QOQ":-47.803997627685,"NET_PROFIT_RATIO":-6.9773136071,"ROE_AVG":-4.65982169531,"GROSS_PROFIT_QOQ":-73.592668528665,"ROA":-2.78049860581,"HOLDER_PROFIT_QOQ":-135.83374995251,"ROE_YEARLY":-4.65982169531,"ROIC_YEARLY":-3.614446076016,"TOTAL_ASSETS":227319349.6,"TOTAL_LIABILITIES":88600771.49,"TAX_EBT":-152.866894197952,"OCF_SALES":-22.412348027536,"TOTAL_PARENT_EQUITY":138718578.11,"DEBT_ASSET_RATIO":38.976343917,"OPERATE_PROFIT":-2604775.32,"PRETAX_PROFIT":-2617281.1,"NETCASH_OPERATE":-21258932.73,"NETCASH_INVEST":22597944.46,"NETCASH_FINANCE":-338549.33,"END_CASH":21920845.8,"DIVI_RATIO":null,"DIVIDEND_RATE":null,"CURRENT_RATIO":2.55756970504,"COMMON_ACS":10000000000,"CURRENTDEBT_DEBT":99.944549184873,"ISSUED_COMMON_SHARES":1409523810,"HK_COMMON_SHARES":1409523810,"PER_SHARES":5000,"TOTAL_MARKET_CAP":87390476.22,"HKSK_MARKET_CAP":87390476.22,"PE_TTM":-2.081419430763,"PB_TTM":0.678249988125,"REPORT_DATE_SQ":"2021-12-31 00:00:00","REPORT_TYPE_SQ":"2021年年报","OPERATE_INCOME_SQ":204093400,"DPS_HKD":null,"OPERATE_INCOME_QOQ_SQ":-23.271333413965,"NET_PROFIT_RATIO_SQ":10.5285928893,"HOLDER_PROFIT_SQ":21488163.2,"HOLDER_PROFIT_QOQ_SQ":-32.862653871221,"ROE_AVG_SQ":24.243486442484,"PE_TTM_SQ":-10.031986042454,"PB_TTM_SQ":1.390820584145,"ROA_SQ":10.134089090681,"START_DATE":"2022-01-01 00:00:00","FISCAL_YEAR":"12-31","CURRENCY":"HKD","IS_CNY_CODE":0,"DPS_HKD_LY":null,"ORG_TYPE":"一般企业","PREMIUM_INCOME":null,"PREMIUM_INCOME_YOY":null,"NET_INTEREST_INCOME":null,"NET_INTEREST_INCOME_YOY":null,"FEE_COMMISSION_INCOME":null,"FEE_COMMISSION_INCOME_YOY":null,"ACCOUNTS_RECE_TDAYS":0.655396418332,"INVENTORY_TDAYS":null,"CURRENT_ASSETS_TDAYS":0.401044656615,"TOTAL_ASSETS_TDAYS":0.398505608659,"PREMIUM_EXPENSE":null,"LOAN_DEPOSIT":null,"LOAN_EQUITY":null,"LOAN_ASSETS":null,"DEPOSIT_EQUITY":null,"DEPOSIT_ASSETS":null,"EQUITY_MULTIPLIER":1.638708763434,"EQUITY_RATIO":0.638708763434},{"SECUCODE":"02195.HK","SECURITY_CODE":"02195","SECURITY_NAME_ABBR":"盈汇企业控股","ORG_CODE":"10000018824","STD_REPORT_DATE":"2022-06-30 00:00:00","REPORT_DATE":"2022-06-30 00:00:00","DATE_TYPE_CODE":"002","REPORT_TYPE":"2022年中报","PER_NETCASH_OPERATE":-0.0063626136,"PER_OI":0.05892173581,"BPS":0.102819464774,"BASIC_EPS":0.005815292,"DILUTED_EPS":0.005815292,"OPERATE_INCOME":58921735.81,"OPERATE_INCOME_YOY":-29.4746862653,"GROSS_PROFIT":11007150.49,"GROSS_PROFIT_YOY":-23.601061413634,"HOLDER_PROFIT":5785360.35,"HOLDER_PROFIT_YOY":-36.0646441735,"GROSS_PROFIT_RATIO":18.680967793437,"EPS_TTM":0.01846928507,"OPERATE_INCOME_QOQ":-10.959437056759,"NET_PROFIT_RATIO":9.8187201556,"ROE_AVG":4.073227784652,"GROSS_PROFIT_QOQ":-9.274765592722,"ROA":2.424066519395,"HOLDER_PROFIT_QOQ":-14.049028304104,"ROE_YEARLY":8.146455569304,"ROIC_YEARLY":6.46051588628,"TOTAL_ASSETS":239202629.33,"TOTAL_LIABILITIES":94276145.6,"TAX_EBT":14.138850107882,"OCF_SALES":-10.798415071336,"TOTAL_PARENT_EQUITY":144926483.73,"DEBT_ASSET_RATIO":39.4126711166,"OPERATE_PROFIT":6744028.34,"PRETAX_PROFIT":6738042.01,"NETCASH_OPERATE":-6362613.6,"NETCASH_INVEST":8648536.47,"NETCASH_FINANCE":-181300.28,"END_CASH":22133172.39,"DIVI_RATIO":null,"DIVIDEND_RATE":null,"CURRENT_RATIO":2.513479680697,"COMMON_ACS":10000000000,"CURRENTDEBT_DEBT":100,"ISSUED_COMMON_SHARES":1409523810,"HK_COMMON_SHARES":1409523810,"PER_SHARES":5000,"TOTAL_MARKET_CAP":87390476.22,"HKSK_MARKET_CAP":87390476.22,"PE_TTM":-2.081419430763,"PB_TTM":0.678249988125,"REPORT_DATE_SQ":"2021-06-30 00:00:00","REPORT_TYPE_SQ":"2021年中报","OPERATE_INCOME_SQ":81289223.52,"DPS_HKD":null,"OPERATE_INCOME_QOQ_SQ":0.581801662723,"NET_PROFIT_RATIO_SQ":10.8307572625,"HOLDER_PROFIT_SQ":8804238.48,"HOLDER_PROFIT_QOQ_SQ":0.772349491199,"ROE_AVG_SQ":10.522285646095,"PE_TTM_SQ":-10.031986042454,"PB_TTM_SQ":1.390820584145,"ROA_SQ":4.455852069586,"START_DATE":"2022-01-01 00:00:00","FISCAL_YEAR":"12-31","CURRENCY":"HKD","IS_CNY_CODE":0,"DPS_HKD_LY":null,"ORG_TYPE":"一般企业","PREMIUM_INCOME":null,"PREMIUM_INCOME_YOY":null,"NET_INTEREST_INCOME":null,"NET_INTEREST_INCOME_YOY":null,"FEE_COMMISSION_INCOME":null,"FEE_COMMISSION_INCOME_YOY":null,"ACCOUNTS_RECE_TDAYS":0.411256289806,"INVENTORY_TDAYS":null,"CURRENT_ASSETS_TDAYS":0.249137137702,"TOTAL_ASSETS_TDAYS":0.246882127302,"PREMIUM_EXPENSE":null,"LOAN_DEPOSIT":null,"LOAN_EQUITY":null,"LOAN_ASSETS":null,"DEPOSIT_EQUITY":null,"DEPOSIT_ASSETS":null,"EQUITY_MULTIPLIER":1.650510128817,"EQUITY_RATIO":0.650510128816},{"SECUCODE":"02195.HK","SECURITY_CODE":"02195","SECURITY_NAME_ABBR":"盈汇企业控股","ORG_CODE":"10000018824","STD_REPORT_DATE":"2021-12-31 00:00:00","REPORT_DATE":"2021-12-31 00:00:00","DATE_TYPE_CODE":"001","REPORT_TYPE":"2021年年报","PER_NETCASH_OPERATE":-0.0331610384,"PER_OI":0.2040934,"BPS":0.094375954671,"BASIC_EPS":0.0228928,"DILUTED_EPS":0.0228928,"OPERATE_INCOME":204093400,"OPERATE_INCOME_YOY":-20.5557358997,"GROSS_PROFIT":36662001.6,"GROSS_PROFIT_YOY":-25.746294308036,"HOLDER_PROFIT":21488163.2,"HOLDER_PROFIT_YOY":-30.3548241779,"GROSS_PROFIT_RATIO":17.963345017526,"EPS_TTM":0.0214881632,"OPERATE_INCOME_QOQ":-23.271333413965,"NET_PROFIT_RATIO":10.5285928893,"ROE_AVG":24.243486442484,"GROSS_PROFIT_QOQ":-25.39122012122,"ROA":10.134089090681,"HOLDER_PROFIT_QOQ":-32.862653871221,"ROE_YEARLY":24.243486442484,"ROIC_YEARLY":12.23383085735,"TOTAL_ASSETS":227657449.6,"TOTAL_LIABILITIES":94632294.4,"TAX_EBT":16.831745830828,"OCF_SALES":-16.247971957937,"TOTAL_PARENT_EQUITY":133025155.2,"DEBT_ASSET_RATIO":41.5678443935,"OPERATE_PROFIT":25999680,"PRETAX_PROFIT":25836977.6,"NETCASH_OPERATE":-33314747.2,"NETCASH_INVEST":-41582318.4,"NETCASH_FINANCE":81287427.2,"END_CASH":19148192,"DIVI_RATIO":null,"DIVIDEND_RATE":null,"CURRENT_RATIO":2.384702446779,"COMMON_ACS":10000000000,"CURRENTDEBT_DEBT":100,"ISSUED_COMMON_SHARES":1409523810,"HK_COMMON_SHARES":1409523810,"PER_SHARES":5000,"TOTAL_MARKET_CAP":87390476.22,"HKSK_MARKET_CAP":87390476.22,"PE_TTM":-2.081419430763,"PB_TTM":0.678249988125,"REPORT_DATE_SQ":"2020-12-31 00:00:00","REPORT_TYPE_SQ":"2020年年报","OPERATE_INCOME_SQ":264455070.96,"DPS_HKD":null,"OPERATE_INCOME_QOQ_SQ":-4.607901522356,"NET_PROFIT_RATIO_SQ":12.009967729,"HOLDER_PROFIT_SQ":31760968.68,"HOLDER_PROFIT_QOQ_SQ":-5.514430516272,"ROE_AVG_SQ":88.280911887523,"PE_TTM_SQ":-10.031986042454,"PB_TTM_SQ":1.390820584145,"ROA_SQ":18.156231055686,"START_DATE":"2021-01-01 00:00:00","FISCAL_YEAR":"12-31","CURRENCY":"HKD","IS_CNY_CODE":0,"DPS_HKD_LY":null,"ORG_TYPE":"一般企业","PREMIUM_INCOME":null,"PREMIUM_INCOME_YOY":null,"NET_INTEREST_INCOME":null,"NET_INTEREST_INCOME_YOY":null,"FEE_COMMISSION_INCOME":null,"FEE_COMMISSION_INCOME_YOY":null,"ACCOUNTS_RECE_TDAYS":1.440882683144,"INVENTORY_TDAYS":null,"CURRENT_ASSETS_TDAYS":0.968522297837,"TOTAL_ASSETS_TDAYS":0.962530244754,"PREMIUM_EXPENSE":null,"LOAN_DEPOSIT":null,"LOAN_EQUITY":null,"LOAN_ASSETS":null,"DEPOSIT_EQUITY":null,"DEPOSIT_ASSETS":null,"EQUITY_MULTIPLIER":1.711386461137,"EQUITY_RATIO":0.711386461138},{"SECUCODE":"02195.HK","SECURITY_CODE":"02195","SECURITY_NAME_ABBR":"盈汇企业控股","ORG_CODE":"10000018824","STD_REPORT_DATE":"2021-06-30 00:00:00","REPORT_DATE":"2021-06-30 00:00:00","DATE_TYPE_CODE":"002","REPORT_TYPE":"2021年中报","PER_NETCASH_OPERATE":-0.0320933256,"PER_OI":0.08128922352,"BPS":0.086778663271,"BASIC_EPS":0.010068168,"DILUTED_EPS":0.010068168,"OPERATE_INCOME":81289223.52,"OPERATE_INCOME_YOY":11.8958171073,"GROSS_PROFIT":14407465.2,"GROSS_PROFIT_YOY":-1.604773170641,"HOLDER_PROFIT":8804238.48,"HOLDER_PROFIT_YOY":12.924226254,"GROSS_PROFIT_RATIO":17.723708723156,"EPS_TTM":0.03200627436,"OPERATE_INCOME_QOQ":0.581801662723,"NET_PROFIT_RATIO":10.8307572625,"ROE_AVG":10.522285646095,"GROSS_PROFIT_QOQ":-0.475914748094,"ROA":4.455852069586,"HOLDER_PROFIT_QOQ":0.772349491199,"ROE_YEARLY":21.04457129219,"ROIC_YEARLY":11.029572722629,"TOTAL_ASSETS":195278358.96,"TOTAL_LIABILITIES":72961766.88,"TAX_EBT":18.47599969181,"OCF_SALES":-39.480418449444,"TOTAL_PARENT_EQUITY":122316592.08,"DEBT_ASSET_RATIO":37.3629557666,"OPERATE_PROFIT":10959325.68,"PRETAX_PROFIT":10799566.32,"NETCASH_OPERATE":-32093325.6,"NETCASH_INVEST":-42372841.92,"NETCASH_FINANCE":82775318.4,"END_CASH":21292927.2,"DIVI_RATIO":null,"DIVIDEND_RATE":null,"CURRENT_RATIO":2.64866683393,"COMMON_ACS":10000000000,"CURRENTDEBT_DEBT":100,"ISSUED_COMMON_SHARES":1409523810,"HK_COMMON_SHARES":1409523810,"PER_SHARES":5000,"TOTAL_MARKET_CAP":87390476.22,"HKSK_MARKET_CAP":87390476.22,"PE_TTM":-2.081419430763,"PB_TTM":0.678249988125,"REPORT_DATE_SQ":"2020-06-30 00:00:00","REPORT_TYPE_SQ":"2020年中报","OPERATE_INCOME_SQ":79750619.52,"DPS_HKD":null,"OPERATE_INCOME_QOQ_SQ":0,"NET_PROFIT_RATIO_SQ":10.7321207679,"HOLDER_PROFIT_SQ":8558932.8,"HOLDER_PROFIT_QOQ_SQ":0,"ROE_AVG_SQ":null,"PE_TTM_SQ":-10.031986042454,"PB_TTM_SQ":1.390820584145,"ROA_SQ":null,"START_DATE":"2021-01-01 00:00:00","FISCAL_YEAR":"12-31","CURRENCY":"HKD","IS_CNY_CODE":0,"DPS_HKD_LY":null,"ORG_TYPE":"一般企业","PREMIUM_INCOME":null,"PREMIUM_INCOME_YOY":null,"NET_INTEREST_INCOME":null,"NET_INTEREST_INCOME_YOY":null,"FEE_COMMISSION_INCOME":null,"FEE_COMMISSION_INCOME_YOY":null,"ACCOUNTS_RECE_TDAYS":0.665250284298,"INVENTORY_TDAYS":null,"CURRENT_ASSETS_TDAYS":0.414210365647,"TOTAL_ASSETS_TDAYS":0.411407250814,"PREMIUM_EXPENSE":null,"LOAN_DEPOSIT":null,"LOAN_EQUITY":null,"LOAN_ASSETS":null,"DEPOSIT_EQUITY":null,"DEPOSIT_ASSETS":null,"EQUITY_MULTIPLIER":1.596499343541,"EQUITY_RATIO":0.596499343542},{"SECUCODE":"02195.HK","SECURITY_CODE":"02195","SECURITY_NAME_ABBR":"盈汇企业控股","ORG_CODE":"10000018824","STD_REPORT_DATE":"2020-12-31 00:00:00","REPORT_DATE":"2020-12-31 00:00:00","DATE_TYPE_CODE":"001","REPORT_TYPE":"2020年年报","PER_NETCASH_OPERATE":null,"PER_OI":null,"BPS":0.032312578388,"BASIC_EPS":0.042334492,"DILUTED_EPS":0.042334492,"OPERATE_INCOME":264455070.96,"OPERATE_INCOME_YOY":-5.9940343875,"GROSS_PROFIT":49373968.96,"GROSS_PROFIT_YOY":-12.385297075978,"HOLDER_PROFIT":31760968.68,"HOLDER_PROFIT_YOY":27.3006341924,"GROSS_PROFIT_RATIO":18.670078354243,"EPS_TTM":null,"OPERATE_INCOME_QOQ":-4.607901522356,"NET_PROFIT_RATIO":12.009967729,"ROE_AVG":88.280911887523,"GROSS_PROFIT_QOQ":-6.818329493518,"ROA":18.156231055686,"HOLDER_PROFIT_QOQ":-5.514430516272,"ROE_YEARLY":88.280911887523,"ROIC_YEARLY":19.342091100598,"TOTAL_ASSETS":202194751.96,"TOTAL_LIABILITIES":156649403.36,"TAX_EBT":18.78927433933,"OCF_SALES":7.080524737917,"TOTAL_PARENT_EQUITY":45545348.6,"DEBT_ASSET_RATIO":77.4745149622,"OPERATE_PROFIT":39318895.88,"PRETAX_PROFIT":39109327.52,"NETCASH_OPERATE":18724806.72,"NETCASH_INVEST":-21204278.16,"NETCASH_FINANCE":7295335.52,"END_CASH":13132950.56,"DIVI_RATIO":null,"DIVIDEND_RATE":null,"CURRENT_RATIO":1.306716360898,"COMMON_ACS":10000000000,"CURRENTDEBT_DEBT":98.458017235821,"ISSUED_COMMON_SHARES":1409523810,"HK_COMMON_SHARES":1409523810,"PER_SHARES":5000,"TOTAL_MARKET_CAP":87390476.22,"HKSK_MARKET_CAP":87390476.22,"PE_TTM":-2.081419430763,"PB_TTM":0.678249988125,"REPORT_DATE_SQ":"2019-12-31 00:00:00","REPORT_TYPE_SQ":"2019年年报","OPERATE_INCOME_SQ":299413569.22,"DPS_HKD":null,"OPERATE_INCOME_QOQ_SQ":13.159996430081,"NET_PROFIT_RATIO_SQ":8.8688373039,"HOLDER_PROFIT_SQ":26554502.32,"HOLDER_PROFIT_QOQ_SQ":-29.797453012849,"ROE_AVG_SQ":103.810057431013,"PE_TTM_SQ":-10.031986042454,"PB_TTM_SQ":1.390820584145,"ROA_SQ":18.164605245823,"START_DATE":"2020-01-01 00:00:00","FISCAL_YEAR":"12-31","CURRENCY":"HKD","IS_CNY_CODE":0,"DPS_HKD_LY":null,"ORG_TYPE":"一般企业","PREMIUM_INCOME":null,"PREMIUM_INCOME_YOY":null,"NET_INTEREST_INCOME":null,"NET_INTEREST_INCOME_YOY":null,"FEE_COMMISSION_INCOME":null,"FEE_COMMISSION_INCOME_YOY":null,"ACCOUNTS_RECE_TDAYS":2.159071544403,"INVENTORY_TDAYS":null,"CURRENT_ASSETS_TDAYS":1.520487192329,"TOTAL_ASSETS_TDAYS":1.511763517219,"PREMIUM_EXPENSE":null,"LOAN_DEPOSIT":null,"LOAN_EQUITY":null,"LOAN_ASSETS":null,"DEPOSIT_EQUITY":null,"DEPOSIT_ASSETS":null,"EQUITY_MULTIPLIER":4.439416058397,"EQUITY_RATIO":3.439416058394},{"SECUCODE":"02195.HK","SECURITY_CODE":"02195","SECURITY_NAME_ABBR":"盈汇企业控股","ORG_CODE":"10000018824","STD_REPORT_DATE":"2020-09-30 00:00:00","REPORT_DATE":"2020-09-30 00:00:00","DATE_TYPE_CODE":"004","REPORT_TYPE":"2020年三季报","PER_NETCASH_OPERATE":null,"PER_OI":null,"BPS":0.028074925872,"BASIC_EPS":null,"DILUTED_EPS":null,"OPERATE_INCOME":208346269.44,"OPERATE_INCOME_YOY":-7.2276522651,"GROSS_PROFIT":38983534.08,"GROSS_PROFIT_YOY":-7.949742256564,"HOLDER_PROFIT":25180600.32,"HOLDER_PROFIT_YOY":42.6452287321,"GROSS_PROFIT_RATIO":18.710934534504,"EPS_TTM":null,"OPERATE_INCOME_QOQ":-7.409161300803,"NET_PROFIT_RATIO":12.0859376977,"ROE_AVG":75.003926084908,"GROSS_PROFIT_QOQ":-5.974316142006,"ROA":14.325027556782,"HOLDER_PROFIT_QOQ":26.587285820388,"ROE_YEARLY":100.005234779878,"ROIC_YEARLY":14.847091434271,"TOTAL_ASSETS":197386873.6,"TOTAL_LIABILITIES":157814597.12,"TAX_EBT":17.522449919411,"OCF_SALES":2.518325446432,"TOTAL_PARENT_EQUITY":39572276.48,"DEBT_ASSET_RATIO":79.9519209367,"OPERATE_PROFIT":null,"PRETAX_PROFIT":30530247.68,"NETCASH_OPERATE":5246837.12,"NETCASH_INVEST":-19368746.24,"NETCASH_FINANCE":9116720,"END_CASH":3678321.92,"DIVI_RATIO":null,"DIVIDEND_RATE":null,"CURRENT_RATIO":1.266738152378,"COMMON_ACS":10000000000,"CURRENTDEBT_DEBT":98.141940800463,"ISSUED_COMMON_SHARES":1409523810,"HK_COMMON_SHARES":1409523810,"PER_SHARES":5000,"TOTAL_MARKET_CAP":87390476.22,"HKSK_MARKET_CAP":87390476.22,"PE_TTM":-2.081419430763,"PB_TTM":0.678249988125,"REPORT_DATE_SQ":"2019-09-30 00:00:00","REPORT_TYPE_SQ":"2019年三季报","OPERATE_INCOME_SQ":230530303.74,"DPS_HKD":null,"OPERATE_INCOME_QOQ_SQ":0,"NET_PROFIT_RATIO_SQ":7.8603457316,"HOLDER_PROFIT_SQ":18120478.89,"HOLDER_PROFIT_QOQ_SQ":0,"ROE_AVG_SQ":null,"PE_TTM_SQ":-10.031986042454,"PB_TTM_SQ":1.390820584145,"ROA_SQ":null,"START_DATE":"2020-01-01 00:00:00","FISCAL_YEAR":"12-31","CURRENCY":"HKD","IS_CNY_CODE":0,"DPS_HKD_LY":null,"ORG_TYPE":"一般企业","PREMIUM_INCOME":null,"PREMIUM_INCOME_YOY":null,"NET_INTEREST_INCOME":null,"NET_INTEREST_INCOME_YOY":null,"FEE_COMMISSION_INCOME":null,"FEE_COMMISSION_INCOME_YOY":null,"ACCOUNTS_RECE_TDAYS":1.822599738642,"INVENTORY_TDAYS":null,"CURRENT_ASSETS_TDAYS":1.194107574537,"TOTAL_ASSETS_TDAYS":1.185264057708,"PREMIUM_EXPENSE":null,"LOAN_DEPOSIT":null,"LOAN_EQUITY":null,"LOAN_ASSETS":null,"DEPOSIT_EQUITY":null,"DEPOSIT_ASSETS":null,"EQUITY_MULTIPLIER":4.988009059834,"EQUITY_RATIO":3.988009059821}],"count":15},"success":true,"message":"ok","code":0}