{"version":"aa4097e540d20dccfec9c92d437aa31e","result":{"pages":2,"data":[{"SECUCODE":"02192.HK","SECURITY_CODE":"02192","SECURITY_NAME_ABBR":"医脉通","ORG_CODE":"10000184466","STD_REPORT_DATE":"2024-06-30 00:00:00","REPORT_DATE":"2024-06-30 00:00:00","DATE_TYPE_CODE":"002","REPORT_TYPE":"2024年中报","PER_NETCASH_OPERATE":0.02805096549,"PER_OI":0.334876970958,"BPS":6.386991796702,"BASIC_EPS":0.2018,"DILUTED_EPS":0.1984,"OPERATE_INCOME":243443000,"OPERATE_INCOME_YOY":40.3081161458,"GROSS_PROFIT":147329000,"GROSS_PROFIT_YOY":40.015966091064,"HOLDER_PROFIT":146719000,"HOLDER_PROFIT_YOY":48.624364351,"GROSS_PROFIT_RATIO":60.518889432023,"EPS_TTM":0.399335591588,"OPERATE_INCOME_QOQ":16.974835195775,"NET_PROFIT_RATIO":62.7276200178,"ROE_AVG":3.162646544464,"GROSS_PROFIT_QOQ":16.752939304116,"ROA":2.983282261153,"HOLDER_PROFIT_QOQ":19.810483654628,"ROE_YEARLY":6.325293088928,"ROIC_YEARLY":37.609166527819,"TOTAL_ASSETS":4942263000,"TOTAL_LIABILITIES":214011000,"TAX_EBT":3.441080506867,"OCF_SALES":8.37649881081,"TOTAL_PARENT_EQUITY":4680873000,"DEBT_ASSET_RATIO":4.3302228149,"OPERATE_PROFIT":158411000,"PRETAX_PROFIT":158148000,"NETCASH_OPERATE":20392000,"NETCASH_INVEST":237627000,"NETCASH_FINANCE":-100866000,"END_CASH":255961000,"DIVI_RATIO":0.613716921713,"DIVIDEND_RATE":1.761437908497,"CURRENT_RATIO":26.91166797598,"COMMON_ACS":50000000000,"CURRENTDEBT_DEBT":70.186111928826,"ISSUED_COMMON_SHARES":732876000,"HK_COMMON_SHARES":732876000,"PER_SHARES":500,"TOTAL_MARKET_CAP":11213002800,"HKSK_MARKET_CAP":11213002800,"PE_TTM":34.924948219201,"PB_TTM":2.186319388606,"REPORT_DATE_SQ":"2023-06-30 00:00:00","REPORT_TYPE_SQ":"2023年中报","OPERATE_INCOME_SQ":173506000,"DPS_HKD":0.2695,"OPERATE_INCOME_QOQ_SQ":13.231164067326,"NET_PROFIT_RATIO_SQ":58.5910573698,"HOLDER_PROFIT_SQ":98718000,"HOLDER_PROFIT_QOQ_SQ":61.152734804511,"ROE_AVG_SQ":2.191956144002,"PE_TTM_SQ":23.825599580816,"PB_TTM_SQ":0.986537128574,"ROA_SQ":2.081346408777,"START_DATE":"2024-01-01 00:00:00","FISCAL_YEAR":"12-31","CURRENCY":"HKD","IS_CNY_CODE":0,"DPS_HKD_LY":0.2695,"ORG_TYPE":"一般企业","PREMIUM_INCOME":null,"PREMIUM_INCOME_YOY":null,"NET_INTEREST_INCOME":null,"NET_INTEREST_INCOME_YOY":null,"FEE_COMMISSION_INCOME":null,"FEE_COMMISSION_INCOME_YOY":null,"ACCOUNTS_RECE_TDAYS":2.626166409562,"INVENTORY_TDAYS":null,"CURRENT_ASSETS_TDAYS":0.056516850724,"TOTAL_ASSETS_TDAYS":0.049500009099,"PREMIUM_EXPENSE":null,"LOAN_DEPOSIT":null,"LOAN_EQUITY":null,"LOAN_ASSETS":null,"DEPOSIT_EQUITY":null,"DEPOSIT_ASSETS":null,"EQUITY_MULTIPLIER":1.045262181457,"EQUITY_RATIO":0.045720317556},{"SECUCODE":"02192.HK","SECURITY_CODE":"02192","SECURITY_NAME_ABBR":"医脉通","ORG_CODE":"10000184466","STD_REPORT_DATE":"2023-12-31 00:00:00","REPORT_DATE":"2023-12-31 00:00:00","DATE_TYPE_CODE":"001","REPORT_TYPE":"2023年年报","PER_NETCASH_OPERATE":0.140125522293,"PER_OI":0.566747253125,"BPS":6.273051648574,"BASIC_EPS":0.3356,"DILUTED_EPS":0.3299,"OPERATE_INCOME":412004000,"OPERATE_INCOME_YOY":31.1889038191,"GROSS_PROFIT":251335000,"GROSS_PROFIT_YOY":18.141307975426,"HOLDER_PROFIT":242301000,"HOLDER_PROFIT_YOY":106.5282430255,"GROSS_PROFIT_RATIO":61.003048514092,"EPS_TTM":0.333306050862,"OPERATE_INCOME_QOQ":15.859361598619,"NET_PROFIT_RATIO":61.1062028524,"ROE_AVG":5.38542886329,"GROSS_PROFIT_QOQ":10.856515276485,"ROA":5.102660880305,"HOLDER_PROFIT_QOQ":28.156834121418,"ROE_YEARLY":5.38542886329,"ROIC_YEARLY":55.522558380939,"TOTAL_ASSETS":4893816000,"TOTAL_LIABILITIES":248614000,"TAX_EBT":0.542009702448,"OCF_SALES":24.724517237697,"TOTAL_PARENT_EQUITY":4597369000,"DEBT_ASSET_RATIO":5.0801664795,"OPERATE_PROFIT":253488000,"PRETAX_PROFIT":253132000,"NETCASH_OPERATE":101866000,"NETCASH_INVEST":-634945000,"NETCASH_FINANCE":-133130000,"END_CASH":75092000,"DIVI_RATIO":0.735297212175,"DIVIDEND_RATE":2.642156862745,"CURRENT_RATIO":24.095166831777,"COMMON_ACS":50000000000,"CURRENTDEBT_DEBT":76.331984522191,"ISSUED_COMMON_SHARES":732876000,"HK_COMMON_SHARES":732876000,"PER_SHARES":500,"TOTAL_MARKET_CAP":7475335200,"HKSK_MARKET_CAP":7475335200,"PE_TTM":23.283298812801,"PB_TTM":1.457546259071,"REPORT_DATE_SQ":"2022-12-31 00:00:00","REPORT_TYPE_SQ":"2022年年报","OPERATE_INCOME_SQ":314054000,"DPS_HKD":0.2695,"OPERATE_INCOME_QOQ_SQ":9.912085450702,"NET_PROFIT_RATIO_SQ":40.2545422125,"HOLDER_PROFIT_SQ":117321000,"HOLDER_PROFIT_QOQ_SQ":144.704238277991,"ROE_AVG_SQ":2.810176383055,"PE_TTM_SQ":28.3275440428,"PB_TTM_SQ":1.172947352898,"ROA_SQ":2.691222061777,"START_DATE":"2023-01-01 00:00:00","FISCAL_YEAR":"12-31","CURRENCY":"HKD","IS_CNY_CODE":0,"DPS_HKD_LY":0.1912,"ORG_TYPE":"一般企业","PREMIUM_INCOME":null,"PREMIUM_INCOME_YOY":null,"NET_INTEREST_INCOME":null,"NET_INTEREST_INCOME_YOY":null,"FEE_COMMISSION_INCOME":null,"FEE_COMMISSION_INCOME_YOY":null,"ACCOUNTS_RECE_TDAYS":4.020531837033,"INVENTORY_TDAYS":1078.31543624161,"CURRENT_ASSETS_TDAYS":0.092332912946,"TOTAL_ASSETS_TDAYS":0.08676467259,"PREMIUM_EXPENSE":null,"LOAN_DEPOSIT":null,"LOAN_EQUITY":null,"LOAN_ASSETS":null,"DEPOSIT_EQUITY":null,"DEPOSIT_ASSETS":null,"EQUITY_MULTIPLIER":1.053520600396,"EQUITY_RATIO":0.05407745169},{"SECUCODE":"02192.HK","SECURITY_CODE":"02192","SECURITY_NAME_ABBR":"医脉通","ORG_CODE":"10000184466","STD_REPORT_DATE":"2023-06-30 00:00:00","REPORT_DATE":"2023-06-30 00:00:00","DATE_TYPE_CODE":"002","REPORT_TYPE":"2023年中报","PER_NETCASH_OPERATE":0.042091585292,"PER_OI":0.240868819187,"BPS":6.285202408047,"BASIC_EPS":0.1375,"DILUTED_EPS":0.1339,"OPERATE_INCOME":173506000,"OPERATE_INCOME_YOY":31.490758073,"GROSS_PROFIT":105223000,"GROSS_PROFIT_YOY":15.321723310281,"HOLDER_PROFIT":98718000,"HOLDER_PROFIT_YOY":265.9882104327,"GROSS_PROFIT_RATIO":60.645165008703,"EPS_TTM":0.262469909792,"OPERATE_INCOME_QOQ":13.231164067326,"NET_PROFIT_RATIO":58.5910573698,"ROE_AVG":2.191956144002,"GROSS_PROFIT_QOQ":6.571370821797,"ROA":2.081346408777,"HOLDER_PROFIT_QOQ":61.152734804511,"ROE_YEARLY":4.383912288004,"ROIC_YEARLY":45.943074948719,"TOTAL_ASSETS":4882746000,"TOTAL_LIABILITIES":241405000,"TAX_EBT":0.977957004958,"OCF_SALES":17.474900003458,"TOTAL_PARENT_EQUITY":4606274000,"DEBT_ASSET_RATIO":4.9440417339,"OPERATE_PROFIT":102855000,"PRETAX_PROFIT":102663000,"NETCASH_OPERATE":30320000,"NETCASH_INVEST":-3955945000,"NETCASH_FINANCE":-10725000,"END_CASH":397749000,"DIVI_RATIO":0.933741357988,"DIVIDEND_RATE":2.642156862745,"CURRENT_RATIO":21.160735548256,"COMMON_ACS":50000000000,"CURRENTDEBT_DEBT":89.40949856051,"ISSUED_COMMON_SHARES":732876000,"HK_COMMON_SHARES":732876000,"PER_SHARES":500,"TOTAL_MARKET_CAP":7475335200,"HKSK_MARKET_CAP":7475335200,"PE_TTM":23.283298812801,"PB_TTM":1.457546259071,"REPORT_DATE_SQ":"2022-06-30 00:00:00","REPORT_TYPE_SQ":"2022年中报","OPERATE_INCOME_SQ":131953000,"DPS_HKD":0.2695,"OPERATE_INCOME_QOQ_SQ":0.454225847279,"NET_PROFIT_RATIO_SQ":20.9657984282,"HOLDER_PROFIT_SQ":26973000,"HOLDER_PROFIT_QOQ_SQ":18.042150876502,"ROE_AVG_SQ":0.664792621697,"PE_TTM_SQ":28.3275440428,"PB_TTM_SQ":1.172947352898,"ROA_SQ":0.637699374145,"START_DATE":"2023-01-01 00:00:00","FISCAL_YEAR":"12-31","CURRENCY":"HKD","IS_CNY_CODE":0,"DPS_HKD_LY":0.1912,"ORG_TYPE":"一般企业","PREMIUM_INCOME":null,"PREMIUM_INCOME_YOY":null,"NET_INTEREST_INCOME":null,"NET_INTEREST_INCOME_YOY":null,"FEE_COMMISSION_INCOME":null,"FEE_COMMISSION_INCOME_YOY":null,"ACCOUNTS_RECE_TDAYS":1.859119011647,"INVENTORY_TDAYS":334.720588235294,"CURRENT_ASSETS_TDAYS":0.038906882232,"TOTAL_ASSETS_TDAYS":0.036581584919,"PREMIUM_EXPENSE":null,"LOAN_DEPOSIT":null,"LOAN_EQUITY":null,"LOAN_ASSETS":null,"DEPOSIT_EQUITY":null,"DEPOSIT_ASSETS":null,"EQUITY_MULTIPLIER":1.052011907766,"EQUITY_RATIO":0.052407868051},{"SECUCODE":"02192.HK","SECURITY_CODE":"02192","SECURITY_NAME_ABBR":"医脉通","ORG_CODE":"10000184466","STD_REPORT_DATE":"2022-12-31 00:00:00","REPORT_DATE":"2022-12-31 00:00:00","DATE_TYPE_CODE":"001","REPORT_TYPE":"2022年年报","PER_NETCASH_OPERATE":0.107603283204,"PER_OI":0.437798669544,"BPS":6.005140023688,"BASIC_EPS":0.1642,"DILUTED_EPS":0.1593,"OPERATE_INCOME":314054000,"OPERATE_INCOME_YOY":10.4113345521,"GROSS_PROFIT":212741000,"GROSS_PROFIT_YOY":5.981547719868,"HOLDER_PROFIT":117321000,"HOLDER_PROFIT_YOY":188.8541461493,"GROSS_PROFIT_RATIO":67.740261228961,"EPS_TTM":0.163548236003,"OPERATE_INCOME_QOQ":9.912085450702,"NET_PROFIT_RATIO":40.2545422125,"ROE_AVG":2.810176383055,"GROSS_PROFIT_QOQ":7.732235456166,"ROA":2.691222061777,"HOLDER_PROFIT_QOQ":144.704238277991,"ROE_YEARLY":2.810176383055,"ROIC_YEARLY":39.235168216173,"TOTAL_ASSETS":4603229000,"TOTAL_LIABILITIES":171315000,"TAX_EBT":6.380473499856,"OCF_SALES":24.578257242385,"TOTAL_PARENT_EQUITY":4401023000,"DEBT_ASSET_RATIO":3.7216267103,"OPERATE_PROFIT":135556000,"PRETAX_PROFIT":135037000,"NETCASH_OPERATE":77189000,"NETCASH_INVEST":-3585555000,"NETCASH_FINANCE":-22380000,"END_CASH":678245000,"DIVI_RATIO":1.498512096432,"DIVIDEND_RATE":2.642156862745,"CURRENT_RATIO":32.782358790472,"COMMON_ACS":50000000000,"CURRENTDEBT_DEBT":77.486501473893,"ISSUED_COMMON_SHARES":732876000,"HK_COMMON_SHARES":732876000,"PER_SHARES":500,"TOTAL_MARKET_CAP":7475335200,"HKSK_MARKET_CAP":7475335200,"PE_TTM":23.283298812801,"PB_TTM":1.457546259071,"REPORT_DATE_SQ":"2021-12-31 00:00:00","REPORT_TYPE_SQ":"2021年年报","OPERATE_INCOME_SQ":284440000,"DPS_HKD":0.2695,"OPERATE_INCOME_QOQ_SQ":11.383046626281,"NET_PROFIT_RATIO_SQ":15.9066938546,"HOLDER_PROFIT_SQ":40616000,"HOLDER_PROFIT_QOQ_SQ":-42.246110968916,"ROE_AVG_SQ":1.981212238873,"PE_TTM_SQ":28.3275440428,"PB_TTM_SQ":1.172947352898,"ROA_SQ":1.870575827496,"START_DATE":"2022-01-01 00:00:00","FISCAL_YEAR":"12-31","CURRENCY":"HKD","IS_CNY_CODE":0,"DPS_HKD_LY":0.0209,"ORG_TYPE":"一般企业","PREMIUM_INCOME":null,"PREMIUM_INCOME_YOY":null,"NET_INTEREST_INCOME":null,"NET_INTEREST_INCOME_YOY":null,"FEE_COMMISSION_INCOME":null,"FEE_COMMISSION_INCOME_YOY":null,"ACCOUNTS_RECE_TDAYS":3.666948840848,"INVENTORY_TDAYS":691.556313993174,"CURRENT_ASSETS_TDAYS":0.075090176403,"TOTAL_ASSETS_TDAYS":0.072040730422,"PREMIUM_EXPENSE":null,"LOAN_DEPOSIT":null,"LOAN_EQUITY":null,"LOAN_ASSETS":null,"DEPOSIT_EQUITY":null,"DEPOSIT_ASSETS":null,"EQUITY_MULTIPLIER":1.03865485657,"EQUITY_RATIO":0.038926176937},{"SECUCODE":"02192.HK","SECURITY_CODE":"02192","SECURITY_NAME_ABBR":"医脉通","ORG_CODE":"10000184466","STD_REPORT_DATE":"2022-06-30 00:00:00","REPORT_DATE":"2022-06-30 00:00:00","DATE_TYPE_CODE":"002","REPORT_TYPE":"2022年中报","PER_NETCASH_OPERATE":0.040023790659,"PER_OI":0.184879200757,"BPS":5.684466403594,"BASIC_EPS":0.0378,"DILUTED_EPS":0.0365,"OPERATE_INCOME":131953000,"OPERATE_INCOME_YOY":0.9888183926,"GROSS_PROFIT":91243000,"GROSS_PROFIT_YOY":-3.451669223851,"HOLDER_PROFIT":26973000,"HOLDER_PROFIT_YOY":37.3021124968,"GROSS_PROFIT_RATIO":69.148105764932,"EPS_TTM":0.067174284792,"OPERATE_INCOME_QOQ":0.454225847279,"NET_PROFIT_RATIO":20.9657984282,"ROE_AVG":0.664792621697,"GROSS_PROFIT_QOQ":-1.625036117449,"ROA":0.637699374145,"HOLDER_PROFIT_QOQ":18.042150876502,"ROE_YEARLY":1.329585243393,"ROIC_YEARLY":22.197853294023,"TOTAL_ASSETS":4343911000,"TOTAL_LIABILITIES":155491000,"TAX_EBT":18.370658876988,"OCF_SALES":21.648617310709,"TOTAL_PARENT_EQUITY":4166009000,"DEBT_ASSET_RATIO":3.579516247,"OPERATE_PROFIT":34173000,"PRETAX_PROFIT":33891000,"NETCASH_OPERATE":28566000,"NETCASH_INVEST":-43335000,"NETCASH_FINANCE":-7754000,"END_CASH":4048419000,"DIVI_RATIO":3.648405200896,"DIVIDEND_RATE":2.642156862745,"CURRENT_RATIO":34.933427289558,"COMMON_ACS":50000000000,"CURRENTDEBT_DEBT":77.119576052633,"ISSUED_COMMON_SHARES":732876000,"HK_COMMON_SHARES":732876000,"PER_SHARES":500,"TOTAL_MARKET_CAP":7475335200,"HKSK_MARKET_CAP":7475335200,"PE_TTM":23.283298812801,"PB_TTM":1.457546259071,"REPORT_DATE_SQ":"2021-06-30 00:00:00","REPORT_TYPE_SQ":"2021年中报","OPERATE_INCOME_SQ":130661000,"DPS_HKD":0.2695,"OPERATE_INCOME_QOQ_SQ":19.595464784643,"NET_PROFIT_RATIO_SQ":15.0350908075,"HOLDER_PROFIT_SQ":19645000,"HOLDER_PROFIT_QOQ_SQ":-17.454839959153,"ROE_AVG_SQ":12.006038160195,"PE_TTM_SQ":28.3275440428,"PB_TTM_SQ":1.172947352898,"ROA_SQ":7.752289776606,"START_DATE":"2022-01-01 00:00:00","FISCAL_YEAR":"12-31","CURRENCY":"HKD","IS_CNY_CODE":0,"DPS_HKD_LY":0.0209,"ORG_TYPE":"一般企业","PREMIUM_INCOME":null,"PREMIUM_INCOME_YOY":null,"NET_INTEREST_INCOME":null,"NET_INTEREST_INCOME_YOY":null,"FEE_COMMISSION_INCOME":null,"FEE_COMMISSION_INCOME_YOY":null,"ACCOUNTS_RECE_TDAYS":1.822630771993,"INVENTORY_TDAYS":266.950819672131,"CURRENT_ASSETS_TDAYS":0.03217582647,"TOTAL_ASSETS_TDAYS":0.031196509664,"PREMIUM_EXPENSE":null,"LOAN_DEPOSIT":null,"LOAN_EQUITY":null,"LOAN_ASSETS":null,"DEPOSIT_EQUITY":null,"DEPOSIT_ASSETS":null,"EQUITY_MULTIPLIER":1.037124022901,"EQUITY_RATIO":0.037323731178},{"SECUCODE":"02192.HK","SECURITY_CODE":"02192","SECURITY_NAME_ABBR":"医脉通","ORG_CODE":"10000184466","STD_REPORT_DATE":"2021-12-31 00:00:00","REPORT_DATE":"2021-12-31 00:00:00","DATE_TYPE_CODE":"001","REPORT_TYPE":"2021年年报","PER_NETCASH_OPERATE":0.062298669916,"PER_OI":0.398807950641,"BPS":5.387953760254,"BASIC_EPS":0.0659,"DILUTED_EPS":0.0639,"OPERATE_INCOME":284440000,"OPERATE_INCOME_YOY":33.209072304,"GROSS_PROFIT":200734000,"GROSS_PROFIT_YOY":28.481271921964,"HOLDER_PROFIT":40616000,"HOLDER_PROFIT_YOY":-52.3269598695,"GROSS_PROFIT_RATIO":70.571649557024,"EPS_TTM":0.056946926323,"OPERATE_INCOME_QOQ":11.383046626281,"NET_PROFIT_RATIO":15.9066938546,"ROE_AVG":1.981212238873,"GROSS_PROFIT_QOQ":7.718230650761,"ROA":1.870575827496,"HOLDER_PROFIT_QOQ":-42.246110968916,"ROE_YEARLY":1.981212238873,"ROIC_YEARLY":27.730857201379,"TOTAL_ASSETS":4115561000,"TOTAL_LIABILITIES":143368000,"TAX_EBT":35.296809529938,"OCF_SALES":15.621220644073,"TOTAL_PARENT_EQUITY":3948702000,"DEBT_ASSET_RATIO":3.4835591065,"OPERATE_PROFIT":70464000,"PRETAX_PROFIT":69927000,"NETCASH_OPERATE":44433000,"NETCASH_INVEST":-50541000,"NETCASH_FINANCE":3792050000,"END_CASH":3879104000,"DIVI_RATIO":4.303638946394,"DIVIDEND_RATE":2.642156862745,"CURRENT_RATIO":35.448240833164,"COMMON_ACS":50000000000,"CURRENTDEBT_DEBT":78.962529992746,"ISSUED_COMMON_SHARES":732876000,"HK_COMMON_SHARES":732876000,"PER_SHARES":500,"TOTAL_MARKET_CAP":7475335200,"HKSK_MARKET_CAP":7475335200,"PE_TTM":23.283298812801,"PB_TTM":1.457546259071,"REPORT_DATE_SQ":"2020-12-31 00:00:00","REPORT_TYPE_SQ":"2020年年报","OPERATE_INCOME_SQ":213529000,"DPS_HKD":0.2695,"OPERATE_INCOME_QOQ_SQ":75.644284315903,"NET_PROFIT_RATIO_SQ":39.8994984288,"HOLDER_PROFIT_SQ":85197000,"HOLDER_PROFIT_QOQ_SQ":172.456028141989,"ROE_AVG_SQ":78.289516003051,"PE_TTM_SQ":28.3275440428,"PB_TTM_SQ":1.172947352898,"ROA_SQ":49.989731794472,"START_DATE":"2021-01-01 00:00:00","FISCAL_YEAR":"12-31","CURRENCY":"HKD","IS_CNY_CODE":0,"DPS_HKD_LY":null,"ORG_TYPE":"一般企业","PREMIUM_INCOME":null,"PREMIUM_INCOME_YOY":null,"NET_INTEREST_INCOME":null,"NET_INTEREST_INCOME_YOY":null,"FEE_COMMISSION_INCOME":null,"FEE_COMMISSION_INCOME_YOY":null,"ACCOUNTS_RECE_TDAYS":4.792990142388,"INVENTORY_TDAYS":890.489361702128,"CURRENT_ASSETS_TDAYS":0.134762544029,"TOTAL_ASSETS_TDAYS":0.130999258512,"PREMIUM_EXPENSE":null,"LOAN_DEPOSIT":null,"LOAN_EQUITY":null,"LOAN_ASSETS":null,"DEPOSIT_EQUITY":null,"DEPOSIT_ASSETS":null,"EQUITY_MULTIPLIER":1.036092908879,"EQUITY_RATIO":0.036307627165},{"SECUCODE":"02192.HK","SECURITY_CODE":"02192","SECURITY_NAME_ABBR":"医脉通","ORG_CODE":"10000184466","STD_REPORT_DATE":"2021-06-30 00:00:00","REPORT_DATE":"2021-06-30 00:00:00","DATE_TYPE_CODE":"002","REPORT_TYPE":"2021年中报","PER_NETCASH_OPERATE":0.068593481349,"PER_OI":0.244189653884,"BPS":0.239928719183,"BASIC_EPS":0.0367,"DILUTED_EPS":0.0358,"OPERATE_INCOME":130661000,"OPERATE_INCOME_YOY":47.109289679,"GROSS_PROFIT":94505000,"GROSS_PROFIT_YOY":46.769684733654,"HOLDER_PROFIT":19645000,"HOLDER_PROFIT_YOY":-43.0843666705,"GROSS_PROFIT_RATIO":72.328391792501,"EPS_TTM":0.131430814084,"OPERATE_INCOME_QOQ":19.595464784643,"NET_PROFIT_RATIO":15.0350908075,"ROE_AVG":12.006038160195,"GROSS_PROFIT_QOQ":19.275327069305,"ROA":7.752289776606,"HOLDER_PROFIT_QOQ":-17.454839959153,"ROE_YEARLY":24.012076320389,"ROIC_YEARLY":44.338866757699,"TOTAL_ASSETS":279759000,"TOTAL_LIABILITIES":103921000,"TAX_EBT":46.138239245469,"OCF_SALES":28.090248811811,"TOTAL_PARENT_EQUITY":175838000,"DEBT_ASSET_RATIO":37.1466154798,"OPERATE_PROFIT":36773000,"PRETAX_PROFIT":36473000,"NETCASH_OPERATE":36703000,"NETCASH_INVEST":-855000,"NETCASH_FINANCE":-473000,"END_CASH":182497000,"DIVI_RATIO":1.864699779183,"DIVIDEND_RATE":2.642156862745,"CURRENT_RATIO":3.058247212004,"COMMON_ACS":50000000000,"CURRENTDEBT_DEBT":82.403941455529,"ISSUED_COMMON_SHARES":732876000,"HK_COMMON_SHARES":732876000,"PER_SHARES":500,"TOTAL_MARKET_CAP":7475335200,"HKSK_MARKET_CAP":7475335200,"PE_TTM":23.283298812801,"PB_TTM":1.457546259071,"REPORT_DATE_SQ":"2020-06-30 00:00:00","REPORT_TYPE_SQ":"2020年中报","OPERATE_INCOME_SQ":88819000,"DPS_HKD":0.2695,"OPERATE_INCOME_QOQ_SQ":0,"NET_PROFIT_RATIO_SQ":38.8610545041,"HOLDER_PROFIT_SQ":34516000,"HOLDER_PROFIT_QOQ_SQ":0,"ROE_AVG_SQ":null,"PE_TTM_SQ":28.3275440428,"PB_TTM_SQ":1.172947352898,"ROA_SQ":null,"START_DATE":"2021-01-01 00:00:00","FISCAL_YEAR":"12-31","CURRENCY":"HKD","IS_CNY_CODE":0,"DPS_HKD_LY":null,"ORG_TYPE":"一般企业","PREMIUM_INCOME":null,"PREMIUM_INCOME_YOY":null,"NET_INTEREST_INCOME":null,"NET_INTEREST_INCOME_YOY":null,"FEE_COMMISSION_INCOME":null,"FEE_COMMISSION_INCOME_YOY":null,"ACCOUNTS_RECE_TDAYS":2.940596621918,"INVENTORY_TDAYS":null,"CURRENT_ASSETS_TDAYS":0.555702757015,"TOTAL_ASSETS_TDAYS":0.515613099772,"PREMIUM_EXPENSE":null,"LOAN_DEPOSIT":null,"LOAN_EQUITY":null,"LOAN_ASSETS":null,"DEPOSIT_EQUITY":null,"DEPOSIT_ASSETS":null,"EQUITY_MULTIPLIER":1.591004219794,"EQUITY_RATIO":0.591004219793},{"SECUCODE":"02192.HK","SECURITY_CODE":"02192","SECURITY_NAME_ABBR":"医脉通","ORG_CODE":"10000184466","STD_REPORT_DATE":"2020-12-31 00:00:00","REPORT_DATE":"2020-12-31 00:00:00","DATE_TYPE_CODE":"001","REPORT_TYPE":"2020年年报","PER_NETCASH_OPERATE":0.219568816727,"PER_OI":0.422198597606,"BPS":0.206602481184,"BASIC_EPS":0.1592,"DILUTED_EPS":0.1592,"OPERATE_INCOME":213529000,"OPERATE_INCOME_YOY":75.6442843159,"GROSS_PROFIT":156236000,"GROSS_PROFIT_YOY":102.404456535821,"HOLDER_PROFIT":85197000,"HOLDER_PROFIT_YOY":172.456028142,"GROSS_PROFIT_RATIO":73.168515751959,"EPS_TTM":0.168455122818,"OPERATE_INCOME_QOQ":75.644284315903,"NET_PROFIT_RATIO":39.8994984288,"ROE_AVG":78.289516003051,"GROSS_PROFIT_QOQ":102.404456535821,"ROA":49.989731794472,"HOLDER_PROFIT_QOQ":172.456028141989,"ROE_YEARLY":78.289516003051,"ROIC_YEARLY":110.016787190083,"TOTAL_ASSETS":227059000,"TOTAL_LIABILITIES":75645000,"TAX_EBT":18.742369906913,"OCF_SALES":52.006050700373,"TOTAL_PARENT_EQUITY":151414000,"DEBT_ASSET_RATIO":33.3151295478,"OPERATE_PROFIT":105057000,"PRETAX_PROFIT":104848000,"NETCASH_OPERATE":111048000,"NETCASH_INVEST":13000,"NETCASH_FINANCE":-2834000,"END_CASH":147095000,"DIVI_RATIO":1.454862315256,"DIVIDEND_RATE":2.642156862745,"CURRENT_RATIO":3.251693248853,"COMMON_ACS":50000000000,"CURRENTDEBT_DEBT":84.708837332276,"ISSUED_COMMON_SHARES":732876000,"HK_COMMON_SHARES":732876000,"PER_SHARES":500,"TOTAL_MARKET_CAP":7475335200,"HKSK_MARKET_CAP":7475335200,"PE_TTM":23.283298812801,"PB_TTM":1.457546259071,"REPORT_DATE_SQ":"2019-12-31 00:00:00","REPORT_TYPE_SQ":"2019年年报","OPERATE_INCOME_SQ":121569000,"DPS_HKD":0.2695,"OPERATE_INCOME_QOQ_SQ":45.65615901657,"NET_PROFIT_RATIO_SQ":25.7220179487,"HOLDER_PROFIT_SQ":31270000,"HOLDER_PROFIT_QOQ_SQ":120.381986045528,"ROE_AVG_SQ":61.804526138947,"PE_TTM_SQ":28.3275440428,"PB_TTM_SQ":1.172947352898,"ROA_SQ":34.03592983831,"START_DATE":"2020-01-01 00:00:00","FISCAL_YEAR":"12-31","CURRENCY":"HKD","IS_CNY_CODE":0,"DPS_HKD_LY":null,"ORG_TYPE":"一般企业","PREMIUM_INCOME":null,"PREMIUM_INCOME_YOY":null,"NET_INTEREST_INCOME":null,"NET_INTEREST_INCOME_YOY":null,"FEE_COMMISSION_INCOME":null,"FEE_COMMISSION_INCOME_YOY":null,"ACCOUNTS_RECE_TDAYS":5.466482341948,"INVENTORY_TDAYS":null,"CURRENT_ASSETS_TDAYS":1.380300263417,"TOTAL_ASSETS_TDAYS":1.252891233299,"PREMIUM_EXPENSE":null,"LOAN_DEPOSIT":null,"LOAN_EQUITY":null,"LOAN_ASSETS":null,"DEPOSIT_EQUITY":null,"DEPOSIT_ASSETS":null,"EQUITY_MULTIPLIER":1.499590526635,"EQUITY_RATIO":0.499590526636},{"SECUCODE":"02192.HK","SECURITY_CODE":"02192","SECURITY_NAME_ABBR":"医脉通","ORG_CODE":"10000184466","STD_REPORT_DATE":"2020-06-30 00:00:00","REPORT_DATE":"2020-06-30 00:00:00","DATE_TYPE_CODE":"002","REPORT_TYPE":"2020年中报","PER_NETCASH_OPERATE":null,"PER_OI":null,"BPS":null,"BASIC_EPS":0.0645,"DILUTED_EPS":0.0645,"OPERATE_INCOME":88819000,"OPERATE_INCOME_YOY":null,"GROSS_PROFIT":64390000,"GROSS_PROFIT_YOY":null,"HOLDER_PROFIT":34516000,"HOLDER_PROFIT_YOY":null,"GROSS_PROFIT_RATIO":72.495749783267,"EPS_TTM":0.06610478,"OPERATE_INCOME_QOQ":0,"NET_PROFIT_RATIO":38.8610545041,"ROE_AVG":null,"GROSS_PROFIT_QOQ":0,"ROA":null,"HOLDER_PROFIT_QOQ":0,"ROE_YEARLY":null,"ROIC_YEARLY":null,"TOTAL_ASSETS":null,"TOTAL_LIABILITIES":null,"TAX_EBT":17.066724332637,"OCF_SALES":53.053963678943,"TOTAL_PARENT_EQUITY":null,"DEBT_ASSET_RATIO":null,"OPERATE_PROFIT":41725000,"PRETAX_PROFIT":41619000,"NETCASH_OPERATE":47122000,"NETCASH_INVEST":-40425000,"NETCASH_FINANCE":-1295000,"END_CASH":44289000,"DIVI_RATIO":3.707432503368,"DIVIDEND_RATE":2.642156862745,"CURRENT_RATIO":null,"COMMON_ACS":50000000000,"CURRENTDEBT_DEBT":null,"ISSUED_COMMON_SHARES":732876000,"HK_COMMON_SHARES":732876000,"PER_SHARES":500,"TOTAL_MARKET_CAP":7475335200,"HKSK_MARKET_CAP":7475335200,"PE_TTM":23.283298812801,"PB_TTM":1.457546259071,"REPORT_DATE_SQ":"2019-06-30 00:00:00","REPORT_TYPE_SQ":"2019年中报","OPERATE_INCOME_SQ":null,"DPS_HKD":0.2695,"OPERATE_INCOME_QOQ_SQ":0,"NET_PROFIT_RATIO_SQ":null,"HOLDER_PROFIT_SQ":null,"HOLDER_PROFIT_QOQ_SQ":0,"ROE_AVG_SQ":null,"PE_TTM_SQ":28.3275440428,"PB_TTM_SQ":1.172947352898,"ROA_SQ":null,"START_DATE":"2020-01-01 00:00:00","FISCAL_YEAR":"12-31","CURRENCY":"HKD","IS_CNY_CODE":0,"DPS_HKD_LY":null,"ORG_TYPE":"一般企业","PREMIUM_INCOME":null,"PREMIUM_INCOME_YOY":null,"NET_INTEREST_INCOME":null,"NET_INTEREST_INCOME_YOY":null,"FEE_COMMISSION_INCOME":null,"FEE_COMMISSION_INCOME_YOY":null,"ACCOUNTS_RECE_TDAYS":null,"INVENTORY_TDAYS":null,"CURRENT_ASSETS_TDAYS":1.758217612067,"TOTAL_ASSETS_TDAYS":1.560980324959,"PREMIUM_EXPENSE":null,"LOAN_DEPOSIT":null,"LOAN_EQUITY":null,"LOAN_ASSETS":null,"DEPOSIT_EQUITY":null,"DEPOSIT_ASSETS":null,"EQUITY_MULTIPLIER":null,"EQUITY_RATIO":null}],"count":11},"success":true,"message":"ok","code":0}