{"version":"305e2da14e88deaa82112362c4543203","result":{"pages":2,"data":[{"SECUCODE":"02190.HK","SECURITY_CODE":"02190","SECURITY_NAME_ABBR":"归创通桥-B","ORG_CODE":"10000182330","STD_REPORT_DATE":"2024-06-30 00:00:00","REPORT_DATE":"2024-06-30 00:00:00","DATE_TYPE_CODE":"002","REPORT_TYPE":"2024年中报","PER_NETCASH_OPERATE":0.312971380011,"PER_OI":1.101049632519,"BPS":9.55198139281,"BASIC_EPS":0.2125,"DILUTED_EPS":0.2102,"OPERATE_INCOME":365990000,"OPERATE_INCOME_YOY":59.0355058641,"GROSS_PROFIT":260913000,"GROSS_PROFIT_YOY":52.897225835941,"HOLDER_PROFIT":68865000,"HOLDER_PROFIT_YOY":293.9094441629,"GROSS_PROFIT_RATIO":71.289652722752,"EPS_TTM":0.07715079053,"OPERATE_INCOME_QOQ":25.742865046973,"NET_PROFIT_RATIO":18.8160878713,"ROE_AVG":2.23695769855,"GROSS_PROFIT_QOQ":23.446704832358,"ROA":2.007083739241,"HOLDER_PROFIT_QOQ":132.571697106714,"ROE_YEARLY":4.4739153971,"ROIC_YEARLY":6.276714087994,"TOTAL_ASSETS":3486494000,"TOTAL_LIABILITIES":376856000,"TAX_EBT":null,"OCF_SALES":28.424820350283,"TOTAL_PARENT_EQUITY":3109638000,"DEBT_ASSET_RATIO":10.8090247681,"OPERATE_PROFIT":36599000,"PRETAX_PROFIT":68865000,"NETCASH_OPERATE":104032000,"NETCASH_INVEST":-664761000,"NETCASH_FINANCE":5621000,"END_CASH":532607000,"DIVI_RATIO":null,"DIVIDEND_RATE":null,"CURRENT_RATIO":3.847601121011,"COMMON_ACS":null,"CURRENTDEBT_DEBT":95.157036109283,"ISSUED_COMMON_SHARES":325549001,"HK_COMMON_SHARES":317767744,"PER_SHARES":500,"TOTAL_MARKET_CAP":4193071132.88,"HKSK_MARKET_CAP":4092848542.72,"PE_TTM":154.77664422683,"PB_TTM":1.230668058969,"REPORT_DATE_SQ":"2023-06-30 00:00:00","REPORT_TYPE_SQ":"2023年中报","OPERATE_INCOME_SQ":230131000,"DPS_HKD":null,"OPERATE_INCOME_QOQ_SQ":23.163818132838,"NET_PROFIT_RATIO_SQ":-15.4320799892,"HOLDER_PROFIT_SQ":-35514000,"HOLDER_PROFIT_QOQ_SQ":-8.81511161992,"ROE_AVG_SQ":-1.148826095698,"PE_TTM_SQ":-24.473735425374,"PB_TTM_SQ":0.992282595216,"ROA_SQ":-1.08426551041,"START_DATE":"2024-01-01 00:00:00","FISCAL_YEAR":"12-31","CURRENCY":"HKD","IS_CNY_CODE":0,"DPS_HKD_LY":null,"ORG_TYPE":"一般企业","PREMIUM_INCOME":null,"PREMIUM_INCOME_YOY":null,"NET_INTEREST_INCOME":null,"NET_INTEREST_INCOME_YOY":null,"FEE_COMMISSION_INCOME":null,"FEE_COMMISSION_INCOME_YOY":null,"ACCOUNTS_RECE_TDAYS":242.457767472673,"INVENTORY_TDAYS":0.625588664305,"CURRENT_ASSETS_TDAYS":0.236355123589,"TOTAL_ASSETS_TDAYS":0.106668493099,"PREMIUM_EXPENSE":null,"LOAN_DEPOSIT":null,"LOAN_EQUITY":null,"LOAN_ASSETS":null,"DEPOSIT_EQUITY":null,"DEPOSIT_ASSETS":null,"EQUITY_MULTIPLIER":1.121189669022,"EQUITY_RATIO":0.121189669023},{"SECUCODE":"02190.HK","SECURITY_CODE":"02190","SECURITY_NAME_ABBR":"归创通桥-B","ORG_CODE":"10000182330","STD_REPORT_DATE":"2023-12-31 00:00:00","REPORT_DATE":"2023-12-31 00:00:00","DATE_TYPE_CODE":"001","REPORT_TYPE":"2023年年报","PER_NETCASH_OPERATE":0.296148325979,"PER_OI":1.587702799968,"BPS":9.360756723686,"BASIC_EPS":-0.24,"DILUTED_EPS":-0.24,"OPERATE_INCOME":527754000,"OPERATE_INCOME_YOY":57.9676135173,"GROSS_PROFIT":384988000,"GROSS_PROFIT_YOY":52.368513747235,"HOLDER_PROFIT":-78734000,"HOLDER_PROFIT_YOY":30.664435736,"GROSS_PROFIT_RATIO":72.948381253387,"EPS_TTM":-0.236864509322,"OPERATE_INCOME_QOQ":28.258132877092,"NET_PROFIT_RATIO":-14.918693179,"ROE_AVG":-2.563983158616,"GROSS_PROFIT_QOQ":25.061883198306,"ROA":-2.37529899024,"HOLDER_PROFIT_QOQ":36.281309432283,"ROE_YEARLY":-2.563983158616,"ROIC_YEARLY":-4.581780303361,"TOTAL_ASSETS":3375701000,"TOTAL_LIABILITIES":328316000,"TAX_EBT":null,"OCF_SALES":18.652629823744,"TOTAL_PARENT_EQUITY":3047385000,"DEBT_ASSET_RATIO":9.7258613841,"OPERATE_PROFIT":-156523000,"PRETAX_PROFIT":-78734000,"NETCASH_OPERATE":98440000,"NETCASH_INVEST":-206241000,"NETCASH_FINANCE":-11462000,"END_CASH":1086579000,"DIVI_RATIO":null,"DIVIDEND_RATE":null,"CURRENT_RATIO":5.403627632693,"COMMON_ACS":null,"CURRENTDEBT_DEBT":96.791810329073,"ISSUED_COMMON_SHARES":325549001,"HK_COMMON_SHARES":317767744,"PER_SHARES":500,"TOTAL_MARKET_CAP":3607082931.08,"HKSK_MARKET_CAP":3520866603.52,"PE_TTM":133.146367859727,"PB_TTM":1.058680286753,"REPORT_DATE_SQ":"2022-12-31 00:00:00","REPORT_TYPE_SQ":"2022年年报","OPERATE_INCOME_SQ":334090000,"DPS_HKD":null,"OPERATE_INCOME_QOQ_SQ":28.907169397811,"NET_PROFIT_RATIO_SQ":-33.9893441887,"HOLDER_PROFIT_SQ":-113555000,"HOLDER_PROFIT_QOQ_SQ":26.963003936299,"ROE_AVG_SQ":-3.640267633643,"PE_TTM_SQ":-26.872161497061,"PB_TTM_SQ":1.089526289547,"ROA_SQ":-3.492934923536,"START_DATE":"2023-01-01 00:00:00","FISCAL_YEAR":"12-31","CURRENCY":"HKD","IS_CNY_CODE":0,"DPS_HKD_LY":null,"ORG_TYPE":"一般企业","PREMIUM_INCOME":null,"PREMIUM_INCOME_YOY":null,"NET_INTEREST_INCOME":null,"NET_INTEREST_INCOME_YOY":null,"FEE_COMMISSION_INCOME":null,"FEE_COMMISSION_INCOME_YOY":null,"ACCOUNTS_RECE_TDAYS":480.650273224044,"INVENTORY_TDAYS":0.999111223083,"CURRENT_ASSETS_TDAYS":0.279251173349,"TOTAL_ASSETS_TDAYS":0.159216290712,"PREMIUM_EXPENSE":null,"LOAN_DEPOSIT":null,"LOAN_EQUITY":null,"LOAN_ASSETS":null,"DEPOSIT_EQUITY":null,"DEPOSIT_ASSETS":null,"EQUITY_MULTIPLIER":1.107736961363,"EQUITY_RATIO":0.107736961362},{"SECUCODE":"02190.HK","SECURITY_CODE":"02190","SECURITY_NAME_ABBR":"归创通桥-B","ORG_CODE":"10000182330","STD_REPORT_DATE":"2023-06-30 00:00:00","REPORT_DATE":"2023-06-30 00:00:00","DATE_TYPE_CODE":"002","REPORT_TYPE":"2023年中报","PER_NETCASH_OPERATE":-0.055724862273,"PER_OI":0.692329443376,"BPS":9.487069505706,"BASIC_EPS":-0.1077,"DILUTED_EPS":-0.1077,"OPERATE_INCOME":230131000,"OPERATE_INCOME_YOY":50.6654969459,"GROSS_PROFIT":170646000,"GROSS_PROFIT_YOY":47.77488157815,"HOLDER_PROFIT":-35514000,"HOLDER_PROFIT_YOY":-39.2487452949,"GROSS_PROFIT_RATIO":74.151678826408,"EPS_TTM":-0.371734740955,"OPERATE_INCOME_QOQ":23.163818132838,"NET_PROFIT_RATIO":-15.4320799892,"ROE_AVG":-1.148826095698,"GROSS_PROFIT_QOQ":21.834494932105,"ROA":-1.08426551041,"HOLDER_PROFIT_QOQ":-8.81511161992,"ROE_YEARLY":-2.297652191395,"ROIC_YEARLY":-4.417856529755,"TOTAL_ASSETS":3297098000,"TOTAL_LIABILITIES":208592000,"TAX_EBT":-0.826164721915,"OCF_SALES":-8.048893890871,"TOTAL_PARENT_EQUITY":3088506000,"DEBT_ASSET_RATIO":6.3265332119,"OPERATE_PROFIT":-74133000,"PRETAX_PROFIT":-35223000,"NETCASH_OPERATE":-18523000,"NETCASH_INVEST":111010000,"NETCASH_FINANCE":5046000,"END_CASH":1306875000,"DIVI_RATIO":null,"DIVIDEND_RATE":null,"CURRENT_RATIO":9.66871952653,"COMMON_ACS":null,"CURRENTDEBT_DEBT":93.801296310501,"ISSUED_COMMON_SHARES":325549001,"HK_COMMON_SHARES":317767744,"PER_SHARES":500,"TOTAL_MARKET_CAP":3607082931.08,"HKSK_MARKET_CAP":3520866603.52,"PE_TTM":133.146367859727,"PB_TTM":1.058680286753,"REPORT_DATE_SQ":"2022-06-30 00:00:00","REPORT_TYPE_SQ":"2022年中报","OPERATE_INCOME_SQ":152743000,"DPS_HKD":null,"OPERATE_INCOME_QOQ_SQ":45.673703853591,"NET_PROFIT_RATIO_SQ":-16.6973281918,"HOLDER_PROFIT_SQ":-25504000,"HOLDER_PROFIT_QOQ_SQ":22.14092914482,"ROE_AVG_SQ":-0.81284151917,"PE_TTM_SQ":-26.872161497061,"PB_TTM_SQ":1.089526289547,"ROA_SQ":-0.786739321187,"START_DATE":"2023-01-01 00:00:00","FISCAL_YEAR":"12-31","CURRENCY":"HKD","IS_CNY_CODE":0,"DPS_HKD_LY":null,"ORG_TYPE":"一般企业","PREMIUM_INCOME":null,"PREMIUM_INCOME_YOY":null,"NET_INTEREST_INCOME":null,"NET_INTEREST_INCOME_YOY":null,"FEE_COMMISSION_INCOME":null,"FEE_COMMISSION_INCOME_YOY":null,"ACCOUNTS_RECE_TDAYS":232.690596562184,"INVENTORY_TDAYS":0.433275184553,"CURRENT_ASSETS_TDAYS":0.116392373053,"TOTAL_ASSETS_TDAYS":0.07026049056,"PREMIUM_EXPENSE":null,"LOAN_DEPOSIT":null,"LOAN_EQUITY":null,"LOAN_ASSETS":null,"DEPOSIT_EQUITY":null,"DEPOSIT_ASSETS":null,"EQUITY_MULTIPLIER":1.067538155988,"EQUITY_RATIO":0.067538155989},{"SECUCODE":"02190.HK","SECURITY_CODE":"02190","SECURITY_NAME_ABBR":"归创通桥-B","ORG_CODE":"10000182330","STD_REPORT_DATE":"2022-12-31 00:00:00","REPORT_DATE":"2022-12-31 00:00:00","DATE_TYPE_CODE":"001","REPORT_TYPE":"2022年年报","PER_NETCASH_OPERATE":-0.274737439795,"PER_OI":1.005081209127,"BPS":9.50441558873,"BASIC_EPS":-0.34,"DILUTED_EPS":-0.34,"OPERATE_INCOME":334090000,"OPERATE_INCOME_YOY":87.7838481946,"GROSS_PROFIT":252669000,"GROSS_PROFIT_YOY":91.58862914294,"HOLDER_PROFIT":-113555000,"HOLDER_PROFIT_YOY":43.1340734843,"GROSS_PROFIT_RATIO":75.629022119788,"EPS_TTM":-0.341620511546,"OPERATE_INCOME_QOQ":28.907169397811,"NET_PROFIT_RATIO":-33.9893441887,"ROE_AVG":-3.640267633643,"GROSS_PROFIT_QOQ":29.418543901165,"ROA":-3.492934923536,"HOLDER_PROFIT_QOQ":26.963003936299,"ROE_YEARLY":-3.640267633643,"ROIC_YEARLY":-12.388847582426,"TOTAL_ASSETS":3253696000,"TOTAL_LIABILITIES":159543000,"TAX_EBT":null,"OCF_SALES":-27.334849890748,"TOTAL_PARENT_EQUITY":3094153000,"DEBT_ASSET_RATIO":4.9034390429,"OPERATE_PROFIT":-208398000,"PRETAX_PROFIT":-113555000,"NETCASH_OPERATE":-91323000,"NETCASH_INVEST":-95045000,"NETCASH_FINANCE":-30257000,"END_CASH":1205302000,"DIVI_RATIO":null,"DIVIDEND_RATE":null,"CURRENT_RATIO":13.562235343626,"COMMON_ACS":null,"CURRENTDEBT_DEBT":95.324771378249,"ISSUED_COMMON_SHARES":325549001,"HK_COMMON_SHARES":317767744,"PER_SHARES":500,"TOTAL_MARKET_CAP":3607082931.08,"HKSK_MARKET_CAP":3520866603.52,"PE_TTM":133.146367859727,"PB_TTM":1.058680286753,"REPORT_DATE_SQ":"2021-12-31 00:00:00","REPORT_TYPE_SQ":"2021年年报","OPERATE_INCOME_SQ":177912000,"DPS_HKD":null,"OPERATE_INCOME_QOQ_SQ":83.401197851701,"NET_PROFIT_RATIO_SQ":-112.2403210576,"HOLDER_PROFIT_SQ":-199689000,"HOLDER_PROFIT_QOQ_SQ":-47.497137792222,"ROE_AVG_SQ":-11.189039628304,"PE_TTM_SQ":-26.872161497061,"PB_TTM_SQ":1.089526289547,"ROA_SQ":-10.643673927452,"START_DATE":"2022-01-01 00:00:00","FISCAL_YEAR":"12-31","CURRENCY":"HKD","IS_CNY_CODE":0,"DPS_HKD_LY":null,"ORG_TYPE":"一般企业","PREMIUM_INCOME":null,"PREMIUM_INCOME_YOY":null,"NET_INTEREST_INCOME":null,"NET_INTEREST_INCOME_YOY":null,"FEE_COMMISSION_INCOME":null,"FEE_COMMISSION_INCOME_YOY":null,"ACCOUNTS_RECE_TDAYS":457.657534246575,"INVENTORY_TDAYS":0.922533934601,"CURRENT_ASSETS_TDAYS":0.131355484885,"TOTAL_ASSETS_TDAYS":0.102765587478,"PREMIUM_EXPENSE":null,"LOAN_DEPOSIT":null,"LOAN_EQUITY":null,"LOAN_ASSETS":null,"DEPOSIT_EQUITY":null,"DEPOSIT_ASSETS":null,"EQUITY_MULTIPLIER":1.051562737848,"EQUITY_RATIO":0.051562737848},{"SECUCODE":"02190.HK","SECURITY_CODE":"02190","SECURITY_NAME_ABBR":"归创通桥-B","ORG_CODE":"10000182330","STD_REPORT_DATE":"2022-06-30 00:00:00","REPORT_DATE":"2022-06-30 00:00:00","DATE_TYPE_CODE":"002","REPORT_TYPE":"2022年中报","PER_NETCASH_OPERATE":-0.150920123132,"PER_OI":0.459514260007,"BPS":9.616358798164,"BASIC_EPS":-0.08,"DILUTED_EPS":-0.08,"OPERATE_INCOME":152743000,"OPERATE_INCOME_YOY":113.6743886744,"GROSS_PROFIT":115477000,"GROSS_PROFIT_YOY":121.542859335431,"HOLDER_PROFIT":-25504000,"HOLDER_PROFIT_YOY":63.4178177489,"GROSS_PROFIT_RATIO":75.602155254251,"EPS_TTM":-0.467736256907,"OPERATE_INCOME_QOQ":45.673703853591,"NET_PROFIT_RATIO":-16.6973281918,"ROE_AVG":-0.81284151917,"GROSS_PROFIT_QOQ":48.038003958114,"ROA":-0.786739321187,"HOLDER_PROFIT_QOQ":22.14092914482,"ROE_YEARLY":-1.625683038339,"ROIC_YEARLY":-11.234945331841,"TOTAL_ASSETS":3235183000,"TOTAL_LIABILITIES":104587000,"TAX_EBT":null,"OCF_SALES":-32.843403625698,"TOTAL_PARENT_EQUITY":3130596000,"DEBT_ASSET_RATIO":3.2328001229,"OPERATE_PROFIT":-61376000,"PRETAX_PROFIT":-25504000,"NETCASH_OPERATE":-50166000,"NETCASH_INVEST":-290476000,"NETCASH_FINANCE":-26883000,"END_CASH":1057086000,"DIVI_RATIO":null,"DIVIDEND_RATE":null,"CURRENT_RATIO":30.164201937787,"COMMON_ACS":null,"CURRENTDEBT_DEBT":93.749701205695,"ISSUED_COMMON_SHARES":325549001,"HK_COMMON_SHARES":317767744,"PER_SHARES":500,"TOTAL_MARKET_CAP":3607082931.08,"HKSK_MARKET_CAP":3520866603.52,"PE_TTM":133.146367859727,"PB_TTM":1.058680286753,"REPORT_DATE_SQ":"2021-06-30 00:00:00","REPORT_TYPE_SQ":"2021年中报","OPERATE_INCOME_SQ":71484000,"DPS_HKD":null,"OPERATE_INCOME_QOQ_SQ":251.080308349318,"NET_PROFIT_RATIO_SQ":-97.5281181803,"HOLDER_PROFIT_SQ":-69717000,"HOLDER_PROFIT_QOQ_SQ":-34.754349643668,"ROE_AVG_SQ":-10.597704643916,"PE_TTM_SQ":-26.872161497061,"PB_TTM_SQ":1.089526289547,"ROA_SQ":-9.425368473138,"START_DATE":"2022-01-01 00:00:00","FISCAL_YEAR":"12-31","CURRENCY":"HKD","IS_CNY_CODE":0,"DPS_HKD_LY":null,"ORG_TYPE":"一般企业","PREMIUM_INCOME":null,"PREMIUM_INCOME_YOY":null,"NET_INTEREST_INCOME":null,"NET_INTEREST_INCOME_YOY":null,"FEE_COMMISSION_INCOME":null,"FEE_COMMISSION_INCOME_YOY":null,"ACCOUNTS_RECE_TDAYS":422.525587828492,"INVENTORY_TDAYS":0.541035729322,"CURRENT_ASSETS_TDAYS":0.051069175072,"TOTAL_ASSETS_TDAYS":0.04711767728,"PREMIUM_EXPENSE":null,"LOAN_DEPOSIT":null,"LOAN_EQUITY":null,"LOAN_ASSETS":null,"DEPOSIT_EQUITY":null,"DEPOSIT_ASSETS":null,"EQUITY_MULTIPLIER":1.033408015598,"EQUITY_RATIO":0.033408015598},{"SECUCODE":"02190.HK","SECURITY_CODE":"02190","SECURITY_NAME_ABBR":"归创通桥-B","ORG_CODE":"10000182330","STD_REPORT_DATE":"2021-12-31 00:00:00","REPORT_DATE":"2021-12-31 00:00:00","DATE_TYPE_CODE":"001","REPORT_TYPE":"2021年年报","PER_NETCASH_OPERATE":-0.349595818455,"PER_OI":0.535233045222,"BPS":9.659602672226,"BASIC_EPS":-0.68,"DILUTED_EPS":-0.68,"OPERATE_INCOME":177912000,"OPERATE_INCOME_YOY":543.8854909341,"GROSS_PROFIT":131881000,"GROSS_PROFIT_YOY":709.731687849205,"HOLDER_PROFIT":-199689000,"HOLDER_PROFIT_YOY":-98.7588087749,"GROSS_PROFIT_RATIO":74.127096542111,"EPS_TTM":-0.600747288363,"OPERATE_INCOME_QOQ":83.401197851701,"NET_PROFIT_RATIO":-112.2403210576,"ROE_AVG":-11.189039628304,"GROSS_PROFIT_QOQ":94.422986201203,"ROA":-10.643673927452,"HOLDER_PROFIT_QOQ":-47.497137792222,"ROE_YEARLY":-11.189039628304,"ROIC_YEARLY":-59.224844366805,"TOTAL_ASSETS":3248286000,"TOTAL_LIABILITIES":103612000,"TAX_EBT":null,"OCF_SALES":-65.316560996448,"TOTAL_PARENT_EQUITY":3144674000,"DEBT_ASSET_RATIO":3.1897437602,"OPERATE_PROFIT":-212476000,"PRETAX_PROFIT":-199689000,"NETCASH_OPERATE":-116206000,"NETCASH_INVEST":-1328351000,"NETCASH_FINANCE":2809823000,"END_CASH":1418359000,"DIVI_RATIO":null,"DIVIDEND_RATE":null,"CURRENT_RATIO":31.144331277098,"COMMON_ACS":null,"CURRENTDEBT_DEBT":93.717909122496,"ISSUED_COMMON_SHARES":325549001,"HK_COMMON_SHARES":317767744,"PER_SHARES":500,"TOTAL_MARKET_CAP":3607082931.08,"HKSK_MARKET_CAP":3520866603.52,"PE_TTM":133.146367859727,"PB_TTM":1.058680286753,"REPORT_DATE_SQ":"2020-12-31 00:00:00","REPORT_TYPE_SQ":"2020年年报","OPERATE_INCOME_SQ":27631000,"DPS_HKD":null,"OPERATE_INCOME_QOQ_SQ":461.948342485255,"NET_PROFIT_RATIO_SQ":-363.6060946039,"HOLDER_PROFIT_SQ":-100468000,"HOLDER_PROFIT_QOQ_SQ":-50.746470208712,"ROE_AVG_SQ":-34.035662441626,"PE_TTM_SQ":-26.872161497061,"PB_TTM_SQ":1.089526289547,"ROA_SQ":-28.259808644068,"START_DATE":"2021-01-01 00:00:00","FISCAL_YEAR":"12-31","CURRENCY":"HKD","IS_CNY_CODE":0,"DPS_HKD_LY":null,"ORG_TYPE":"一般企业","PREMIUM_INCOME":null,"PREMIUM_INCOME_YOY":null,"NET_INTEREST_INCOME":null,"NET_INTEREST_INCOME_YOY":null,"FEE_COMMISSION_INCOME":null,"FEE_COMMISSION_INCOME_YOY":null,"ACCOUNTS_RECE_TDAYS":618.824347826087,"INVENTORY_TDAYS":1.067199907263,"CURRENT_ASSETS_TDAYS":0.104828317645,"TOTAL_ASSETS_TDAYS":0.09482932539,"PREMIUM_EXPENSE":null,"LOAN_DEPOSIT":null,"LOAN_EQUITY":null,"LOAN_ASSETS":null,"DEPOSIT_EQUITY":null,"DEPOSIT_ASSETS":null,"EQUITY_MULTIPLIER":1.03294840737,"EQUITY_RATIO":0.032948407371},{"SECUCODE":"02190.HK","SECURITY_CODE":"02190","SECURITY_NAME_ABBR":"归创通桥-B","ORG_CODE":"10000182330","STD_REPORT_DATE":"2021-06-30 00:00:00","REPORT_DATE":"2021-06-30 00:00:00","DATE_TYPE_CODE":"002","REPORT_TYPE":"2021年中报","PER_NETCASH_OPERATE":-0.169585536237,"PER_OI":0.271388490281,"BPS":2.736933602201,"BASIC_EPS":-0.27,"DILUTED_EPS":-0.27,"OPERATE_INCOME":71484000,"OPERATE_INCOME_YOY":3291.0815939279,"GROSS_PROFIT":52124000,"GROSS_PROFIT_YOY":8902.41796200345,"HOLDER_PROFIT":-69717000,"HOLDER_PROFIT_YOY":-100.3362068966,"GROSS_PROFIT_RATIO":72.917016395277,"EPS_TTM":-0.51398817577,"OPERATE_INCOME_QOQ":251.080308349318,"NET_PROFIT_RATIO":-97.5281181803,"ROE_AVG":-10.597704643916,"GROSS_PROFIT_QOQ":316.479400749064,"ROA":-9.425368473138,"HOLDER_PROFIT_QOQ":-34.754349643668,"ROE_YEARLY":-21.195409287832,"ROIC_YEARLY":-21.809036030097,"TOTAL_ASSETS":975377000,"TOTAL_LIABILITIES":84371000,"TAX_EBT":null,"OCF_SALES":-62.48810922724,"TOTAL_PARENT_EQUITY":891006000,"DEBT_ASSET_RATIO":8.6500911955,"OPERATE_PROFIT":-71914000,"PRETAX_PROFIT":-69717000,"NETCASH_OPERATE":-44669000,"NETCASH_INVEST":-451029000,"NETCASH_FINANCE":477206000,"END_CASH":41111000,"DIVI_RATIO":null,"DIVIDEND_RATE":null,"CURRENT_RATIO":9.647633500901,"COMMON_ACS":null,"CURRENTDEBT_DEBT":99.967998482891,"ISSUED_COMMON_SHARES":325549001,"HK_COMMON_SHARES":317767744,"PER_SHARES":500,"TOTAL_MARKET_CAP":3607082931.08,"HKSK_MARKET_CAP":3520866603.52,"PE_TTM":133.146367859727,"PB_TTM":1.058680286753,"REPORT_DATE_SQ":"2020-06-30 00:00:00","REPORT_TYPE_SQ":"2020年中报","OPERATE_INCOME_SQ":2108000,"DPS_HKD":null,"OPERATE_INCOME_QOQ_SQ":0,"NET_PROFIT_RATIO_SQ":-1650.8538899431,"HOLDER_PROFIT_SQ":-34800000,"HOLDER_PROFIT_QOQ_SQ":0,"ROE_AVG_SQ":null,"PE_TTM_SQ":-26.872161497061,"PB_TTM_SQ":1.089526289547,"ROA_SQ":null,"START_DATE":"2021-01-01 00:00:00","FISCAL_YEAR":"12-31","CURRENCY":"HKD","IS_CNY_CODE":0,"DPS_HKD_LY":null,"ORG_TYPE":"一般企业","PREMIUM_INCOME":null,"PREMIUM_INCOME_YOY":null,"NET_INTEREST_INCOME":null,"NET_INTEREST_INCOME_YOY":null,"FEE_COMMISSION_INCOME":null,"FEE_COMMISSION_INCOME_YOY":null,"ACCOUNTS_RECE_TDAYS":340.4,"INVENTORY_TDAYS":0.537255446094,"CURRENT_ASSETS_TDAYS":0.120764075543,"TOTAL_ASSETS_TDAYS":0.096642574972,"PREMIUM_EXPENSE":null,"LOAN_DEPOSIT":null,"LOAN_EQUITY":null,"LOAN_ASSETS":null,"DEPOSIT_EQUITY":null,"DEPOSIT_ASSETS":null,"EQUITY_MULTIPLIER":1.094691842704,"EQUITY_RATIO":0.094691842704},{"SECUCODE":"02190.HK","SECURITY_CODE":"02190","SECURITY_NAME_ABBR":"归创通桥-B","ORG_CODE":"10000182330","STD_REPORT_DATE":"2020-12-31 00:00:00","REPORT_DATE":"2020-12-31 00:00:00","DATE_TYPE_CODE":"001","REPORT_TYPE":"2020年年报","PER_NETCASH_OPERATE":-0.365828082928,"PER_OI":0.12277061432,"BPS":1.304547084142,"BASIC_EPS":-0.52,"DILUTED_EPS":-0.52,"OPERATE_INCOME":27631000,"OPERATE_INCOME_YOY":461.9483424853,"GROSS_PROFIT":16287000,"GROSS_PROFIT_YOY":1266.35906040268,"HOLDER_PROFIT":-100468000,"HOLDER_PROFIT_YOY":-50.7464702087,"GROSS_PROFIT_RATIO":58.944663602476,"EPS_TTM":-0.446401436049,"OPERATE_INCOME_QOQ":461.948342485255,"NET_PROFIT_RATIO":-363.6060946039,"ROE_AVG":-34.035662441626,"GROSS_PROFIT_QOQ":1266.35906040268,"ROA":-28.259808644068,"HOLDER_PROFIT_QOQ":-50.746470208712,"ROE_YEARLY":-34.035662441626,"ROIC_YEARLY":-39.762142694595,"TOTAL_ASSETS":503971000,"TOTAL_LIABILITIES":79277000,"TAX_EBT":null,"OCF_SALES":-297.9769099924,"TOTAL_PARENT_EQUITY":424694000,"DEBT_ASSET_RATIO":15.7304686182,"OPERATE_PROFIT":-100162000,"PRETAX_PROFIT":-100468000,"NETCASH_OPERATE":-82334000,"NETCASH_INVEST":-249176000,"NETCASH_FINANCE":345537000,"END_CASH":59556000,"DIVI_RATIO":null,"DIVIDEND_RATE":null,"CURRENT_RATIO":7.168987623714,"COMMON_ACS":null,"CURRENTDEBT_DEBT":65.127338320068,"ISSUED_COMMON_SHARES":325549001,"HK_COMMON_SHARES":317767744,"PER_SHARES":500,"TOTAL_MARKET_CAP":3607082931.08,"HKSK_MARKET_CAP":3520866603.52,"PE_TTM":133.146367859727,"PB_TTM":1.058680286753,"REPORT_DATE_SQ":"2019-12-31 00:00:00","REPORT_TYPE_SQ":"2019年年报","OPERATE_INCOME_SQ":4917000,"DPS_HKD":null,"OPERATE_INCOME_QOQ_SQ":null,"NET_PROFIT_RATIO_SQ":-1355.4403091316,"HOLDER_PROFIT_SQ":-66647000,"HOLDER_PROFIT_QOQ_SQ":null,"ROE_AVG_SQ":-40.227553945979,"PE_TTM_SQ":-26.872161497061,"PB_TTM_SQ":1.089526289547,"ROA_SQ":-32.187288708587,"START_DATE":"2020-01-01 00:00:00","FISCAL_YEAR":"12-31","CURRENCY":"HKD","IS_CNY_CODE":0,"DPS_HKD_LY":null,"ORG_TYPE":"一般企业","PREMIUM_INCOME":null,"PREMIUM_INCOME_YOY":null,"NET_INTEREST_INCOME":null,"NET_INTEREST_INCOME_YOY":null,"FEE_COMMISSION_INCOME":null,"FEE_COMMISSION_INCOME_YOY":null,"ACCOUNTS_RECE_TDAYS":48.39054290718,"INVENTORY_TDAYS":0.582520283455,"CURRENT_ASSETS_TDAYS":0.111544408247,"TOTAL_ASSETS_TDAYS":0.07772094325,"PREMIUM_EXPENSE":null,"LOAN_DEPOSIT":null,"LOAN_EQUITY":null,"LOAN_ASSETS":null,"DEPOSIT_EQUITY":null,"DEPOSIT_ASSETS":null,"EQUITY_MULTIPLIER":1.18666851898,"EQUITY_RATIO":0.186668518981},{"SECUCODE":"02190.HK","SECURITY_CODE":"02190","SECURITY_NAME_ABBR":"归创通桥-B","ORG_CODE":"10000182330","STD_REPORT_DATE":"2020-06-30 00:00:00","REPORT_DATE":"2020-06-30 00:00:00","DATE_TYPE_CODE":"002","REPORT_TYPE":"2020年中报","PER_NETCASH_OPERATE":null,"PER_OI":null,"BPS":null,"BASIC_EPS":-0.19,"DILUTED_EPS":-0.19,"OPERATE_INCOME":2108000,"OPERATE_INCOME_YOY":null,"GROSS_PROFIT":579000,"GROSS_PROFIT_YOY":null,"HOLDER_PROFIT":-34800000,"HOLDER_PROFIT_YOY":null,"GROSS_PROFIT_RATIO":27.466793168881,"EPS_TTM":-0.36490311701,"OPERATE_INCOME_QOQ":0,"NET_PROFIT_RATIO":-1650.8538899431,"ROE_AVG":null,"GROSS_PROFIT_QOQ":0,"ROA":null,"HOLDER_PROFIT_QOQ":0,"ROE_YEARLY":null,"ROIC_YEARLY":null,"TOTAL_ASSETS":null,"TOTAL_LIABILITIES":null,"TAX_EBT":null,"OCF_SALES":-1384.01328273245,"TOTAL_PARENT_EQUITY":null,"DEBT_ASSET_RATIO":null,"OPERATE_PROFIT":-34433000,"PRETAX_PROFIT":-34800000,"NETCASH_OPERATE":-29175000,"NETCASH_INVEST":2042000,"NETCASH_FINANCE":550000,"END_CASH":19512000,"DIVI_RATIO":null,"DIVIDEND_RATE":null,"CURRENT_RATIO":null,"COMMON_ACS":null,"CURRENTDEBT_DEBT":null,"ISSUED_COMMON_SHARES":325549001,"HK_COMMON_SHARES":317767744,"PER_SHARES":500,"TOTAL_MARKET_CAP":3607082931.08,"HKSK_MARKET_CAP":3520866603.52,"PE_TTM":133.146367859727,"PB_TTM":1.058680286753,"REPORT_DATE_SQ":"2019-06-30 00:00:00","REPORT_TYPE_SQ":"2019年中报","OPERATE_INCOME_SQ":null,"DPS_HKD":null,"OPERATE_INCOME_QOQ_SQ":null,"NET_PROFIT_RATIO_SQ":null,"HOLDER_PROFIT_SQ":null,"HOLDER_PROFIT_QOQ_SQ":null,"ROE_AVG_SQ":null,"PE_TTM_SQ":-26.872161497061,"PB_TTM_SQ":1.089526289547,"ROA_SQ":null,"START_DATE":"2020-01-01 00:00:00","FISCAL_YEAR":"12-31","CURRENCY":"HKD","IS_CNY_CODE":0,"DPS_HKD_LY":null,"ORG_TYPE":"一般企业","PREMIUM_INCOME":null,"PREMIUM_INCOME_YOY":null,"NET_INTEREST_INCOME":null,"NET_INTEREST_INCOME_YOY":null,"FEE_COMMISSION_INCOME":null,"FEE_COMMISSION_INCOME_YOY":null,"ACCOUNTS_RECE_TDAYS":null,"INVENTORY_TDAYS":null,"CURRENT_ASSETS_TDAYS":0.033651543693,"TOTAL_ASSETS_TDAYS":0.020361247947,"PREMIUM_EXPENSE":null,"LOAN_DEPOSIT":null,"LOAN_EQUITY":null,"LOAN_ASSETS":null,"DEPOSIT_EQUITY":null,"DEPOSIT_ASSETS":null,"EQUITY_MULTIPLIER":null,"EQUITY_RATIO":null}],"count":10},"success":true,"message":"ok","code":0}