{"version":"1f2ff267df9cbf02f9bf18636e2d0edc","result":{"pages":3,"data":[{"SECUCODE":"02199.HK","SECURITY_CODE":"02199","SECURITY_NAME_ABBR":"维珍妮","ORG_CODE":"10472715","STD_REPORT_DATE":"2024-06-30 00:00:00","REPORT_DATE":"2024-09-30 00:00:00","DATE_TYPE_CODE":"002","REPORT_TYPE":"2024年中报","PER_NETCASH_OPERATE":0.356618996953,"PER_OI":2.929936887425,"BPS":2.565593839061,"BASIC_EPS":0.04959845,"DILUTED_EPS":0.04959845,"OPERATE_INCOME":3586975234.43,"OPERATE_INCOME_YOY":12.2100080766,"GROSS_PROFIT":845894350.43,"GROSS_PROFIT_YOY":9.388174161138,"HOLDER_PROFIT":60978138.01,"HOLDER_PROFIT_YOY":-36.6999616188,"GROSS_PROFIT_RATIO":23.582386137227,"EPS_TTM":0.106020254237,"OPERATE_INCOME_QOQ":0,"NET_PROFIT_RATIO":1.6999877062,"ROE_AVG":1.973278346087,"GROSS_PROFIT_QOQ":0,"ROA":0.765576880957,"HOLDER_PROFIT_QOQ":0,"ROE_YEARLY":3.946556692174,"ROIC_YEARLY":1.655604958784,"TOTAL_ASSETS":8172110257.21,"TOTAL_LIABILITIES":5031181999.74,"TAX_EBT":20.904199321558,"OCF_SALES":12.171559001281,"TOTAL_PARENT_EQUITY":3140928257.47,"DEBT_ASSET_RATIO":61.5652731227,"OPERATE_PROFIT":240476732.14,"PRETAX_PROFIT":77094027.1,"NETCASH_OPERATE":436590807.02,"NETCASH_INVEST":-196092431.92,"NETCASH_FINANCE":-170051442.09,"END_CASH":635530189.97,"DIVI_RATIO":0.400761630932,"DIVIDEND_RATE":2.473684210526,"CURRENT_RATIO":1.841911702037,"COMMON_ACS":50000000000,"CURRENTDEBT_DEBT":33.648401733181,"ISSUED_COMMON_SHARES":1224250000,"HK_COMMON_SHARES":1224250000,"PER_SHARES":1000,"TOTAL_MARKET_CAP":2326075000,"HKSK_MARKET_CAP":2326075000,"PE_TTM":22.372344211367,"PB_TTM":0.66783797728,"REPORT_DATE_SQ":"2023-06-30 00:00:00","REPORT_TYPE_SQ":"2023年中报","OPERATE_INCOME_SQ":3252812071.11,"DPS_HKD":0.047,"OPERATE_INCOME_QOQ_SQ":0,"NET_PROFIT_RATIO_SQ":3.0135153014,"HOLDER_PROFIT_SQ":98023989.49,"HOLDER_PROFIT_QOQ_SQ":0,"ROE_AVG_SQ":3.154750302708,"PE_TTM_SQ":13.962516091149,"PB_TTM_SQ":0.766831796456,"ROA_SQ":1.245384224694,"START_DATE":"2024-04-01 00:00:00","FISCAL_YEAR":"3-31","CURRENCY":"HKD","IS_CNY_CODE":0,"DPS_HKD_LY":0.047,"ORG_TYPE":"一般企业","PREMIUM_INCOME":null,"PREMIUM_INCOME_YOY":null,"NET_INTEREST_INCOME":null,"NET_INTEREST_INCOME_YOY":null,"FEE_COMMISSION_INCOME":null,"FEE_COMMISSION_INCOME_YOY":null,"ACCOUNTS_RECE_TDAYS":3.72709299046,"INVENTORY_TDAYS":2.260236538111,"CURRENT_ASSETS_TDAYS":1.233479956269,"TOTAL_ASSETS_TDAYS":0.450342598456,"PREMIUM_EXPENSE":null,"LOAN_DEPOSIT":null,"LOAN_EQUITY":null,"LOAN_ASSETS":null,"DEPOSIT_EQUITY":null,"DEPOSIT_ASSETS":null,"EQUITY_MULTIPLIER":2.601813727446,"EQUITY_RATIO":1.601813727446},{"SECUCODE":"02199.HK","SECURITY_CODE":"02199","SECURITY_NAME_ABBR":"维珍妮","ORG_CODE":"10472715","STD_REPORT_DATE":"2023-12-31 00:00:00","REPORT_DATE":"2024-03-31 00:00:00","DATE_TYPE_CODE":"001","REPORT_TYPE":"2023年年报","PER_NETCASH_OPERATE":0.553130640188,"PER_OI":5.195901043986,"BPS":2.495817121707,"BASIC_EPS":0.10606635,"DILUTED_EPS":0.10606635,"OPERATE_INCOME":6361081853.1,"OPERATE_INCOME_YOY":-10.9462315562,"GROSS_PROFIT":1435582663.85,"GROSS_PROFIT_YOY":-13.785394625649,"HOLDER_PROFIT":129795296.25,"HOLDER_PROFIT_YOY":-62.6426584703,"GROSS_PROFIT_RATIO":22.568215548907,"EPS_TTM":0.122911015454,"OPERATE_INCOME_QOQ":0,"NET_PROFIT_RATIO":2.0404594572,"ROE_AVG":4.139359446594,"GROSS_PROFIT_QOQ":0,"ROA":1.656634870385,"HOLDER_PROFIT_QOQ":0,"ROE_YEARLY":4.139359446594,"ROIC_YEARLY":1.791154567538,"TOTAL_ASSETS":7798823012.5,"TOTAL_LIABILITIES":4743318901.25,"TAX_EBT":5.915480000263,"OCF_SALES":10.645519141056,"TOTAL_PARENT_EQUITY":3055504111.25,"DEBT_ASSET_RATIO":60.8209584145,"OPERATE_PROFIT":411273631.95,"PRETAX_PROFIT":137956059.35,"NETCASH_OPERATE":677170186.25,"NETCASH_INVEST":-356558806.7,"NETCASH_FINANCE":-228049904.9,"END_CASH":564886716.35,"DIVI_RATIO":0.345687893334,"DIVIDEND_RATE":2.373737373737,"CURRENT_RATIO":1.991941385112,"COMMON_ACS":50000000000,"CURRENTDEBT_DEBT":28.703976759631,"ISSUED_COMMON_SHARES":1224250000,"HK_COMMON_SHARES":1224250000,"PER_SHARES":1000,"TOTAL_MARKET_CAP":2424015000,"HKSK_MARKET_CAP":2424015000,"PE_TTM":23.314337651845,"PB_TTM":0.69595747106,"REPORT_DATE_SQ":"2022-12-31 00:00:00","REPORT_TYPE_SQ":"2022年年报","OPERATE_INCOME_SQ":6897606632.67,"DPS_HKD":0.047,"OPERATE_INCOME_QOQ_SQ":0,"NET_PROFIT_RATIO_SQ":4.8641203195,"HOLDER_PROFIT_SQ":335507885.78,"HOLDER_PROFIT_QOQ_SQ":0,"ROE_AVG_SQ":10.67048058201,"PE_TTM_SQ":14.169880191513,"PB_TTM_SQ":0.778220387493,"ROA_SQ":4.234412632108,"START_DATE":"2023-04-01 00:00:00","FISCAL_YEAR":"3-31","CURRENCY":"HKD","IS_CNY_CODE":0,"DPS_HKD_LY":0.053,"ORG_TYPE":"一般企业","PREMIUM_INCOME":null,"PREMIUM_INCOME_YOY":null,"NET_INTEREST_INCOME":null,"NET_INTEREST_INCOME_YOY":null,"FEE_COMMISSION_INCOME":null,"FEE_COMMISSION_INCOME_YOY":null,"ACCOUNTS_RECE_TDAYS":8.074491791507,"INVENTORY_TDAYS":4.080658044305,"CURRENT_ASSETS_TDAYS":2.380183774911,"TOTAL_ASSETS_TDAYS":0.811893058969,"PREMIUM_EXPENSE":null,"LOAN_DEPOSIT":null,"LOAN_EQUITY":null,"LOAN_ASSETS":null,"DEPOSIT_EQUITY":null,"DEPOSIT_ASSETS":null,"EQUITY_MULTIPLIER":2.552385049588,"EQUITY_RATIO":1.552385049585},{"SECUCODE":"02199.HK","SECURITY_CODE":"02199","SECURITY_NAME_ABBR":"维珍妮","ORG_CODE":"10472715","STD_REPORT_DATE":"2023-06-30 00:00:00","REPORT_DATE":"2023-09-30 00:00:00","DATE_TYPE_CODE":"002","REPORT_TYPE":"2023年中报","PER_NETCASH_OPERATE":0.206468811248,"PER_OI":2.656983517345,"BPS":2.417234925007,"BASIC_EPS":0.07983381,"DILUTED_EPS":0.07983381,"OPERATE_INCOME":3252812071.11,"OPERATE_INCOME_YOY":-23.1612762678,"GROSS_PROFIT":773295977.3,"GROSS_PROFIT_YOY":-26.823966332999,"HOLDER_PROFIT":98023989.49,"HOLDER_PROFIT_YOY":-65.8674292653,"GROSS_PROFIT_RATIO":23.773152595198,"EPS_TTM":0.274051775193,"OPERATE_INCOME_QOQ":0,"NET_PROFIT_RATIO":3.0135153014,"ROE_AVG":3.154750302708,"GROSS_PROFIT_QOQ":0,"ROA":1.245384224694,"HOLDER_PROFIT_QOQ":0,"ROE_YEARLY":6.309500605416,"ROIC_YEARLY":2.667382143574,"TOTAL_ASSETS":7774837653.31,"TOTAL_LIABILITIES":4815537796.37,"TAX_EBT":20.891775404713,"OCF_SALES":7.770797594333,"TOTAL_PARENT_EQUITY":2959299856.94,"DEBT_ASSET_RATIO":61.937470737,"OPERATE_PROFIT":264220546.94,"PRETAX_PROFIT":123911249.42,"NETCASH_OPERATE":257324557.49,"NETCASH_INVEST":-192048947.44,"NETCASH_FINANCE":-83658491.84,"END_CASH":422887032.61,"DIVI_RATIO":0.15503949927,"DIVIDEND_RATE":2.373737373737,"CURRENT_RATIO":2.113952606676,"COMMON_ACS":50000000000,"CURRENTDEBT_DEBT":26.28677279751,"ISSUED_COMMON_SHARES":1224250000,"HK_COMMON_SHARES":1224250000,"PER_SHARES":1000,"TOTAL_MARKET_CAP":2424015000,"HKSK_MARKET_CAP":2424015000,"PE_TTM":23.314337651845,"PB_TTM":0.69595747106,"REPORT_DATE_SQ":"2022-06-30 00:00:00","REPORT_TYPE_SQ":"2022年中报","OPERATE_INCOME_SQ":4172448529.8,"DPS_HKD":0.047,"OPERATE_INCOME_QOQ_SQ":0,"NET_PROFIT_RATIO_SQ":6.7839797802,"HOLDER_PROFIT_SQ":283058064.6,"HOLDER_PROFIT_QOQ_SQ":0,"ROE_AVG_SQ":8.785206864231,"PE_TTM_SQ":14.169880191513,"PB_TTM_SQ":0.778220387493,"ROA_SQ":3.377276834561,"START_DATE":"2023-04-01 00:00:00","FISCAL_YEAR":"3-31","CURRENCY":"HKD","IS_CNY_CODE":0,"DPS_HKD_LY":0.053,"ORG_TYPE":"一般企业","PREMIUM_INCOME":null,"PREMIUM_INCOME_YOY":null,"NET_INTEREST_INCOME":null,"NET_INTEREST_INCOME_YOY":null,"FEE_COMMISSION_INCOME":null,"FEE_COMMISSION_INCOME_YOY":null,"ACCOUNTS_RECE_TDAYS":3.961793604997,"INVENTORY_TDAYS":2.00759697191,"CURRENT_ASSETS_TDAYS":1.21803300629,"TOTAL_ASSETS_TDAYS":0.413266268832,"PREMIUM_EXPENSE":null,"LOAN_DEPOSIT":null,"LOAN_EQUITY":null,"LOAN_ASSETS":null,"DEPOSIT_EQUITY":null,"DEPOSIT_ASSETS":null,"EQUITY_MULTIPLIER":2.627255779799,"EQUITY_RATIO":1.627255779801},{"SECUCODE":"02199.HK","SECURITY_CODE":"02199","SECURITY_NAME_ABBR":"维珍妮","ORG_CODE":"10472715","STD_REPORT_DATE":"2022-12-31 00:00:00","REPORT_DATE":"2023-03-31 00:00:00","DATE_TYPE_CODE":"001","REPORT_TYPE":"2022年年报","PER_NETCASH_OPERATE":1.079904488895,"PER_OI":5.634148770815,"BPS":2.536498776737,"BASIC_EPS":0.27400333,"DILUTED_EPS":0.27400333,"OPERATE_INCOME":6897606632.67,"OPERATE_INCOME_YOY":-5.6002903174,"GROSS_PROFIT":1665126990.51,"GROSS_PROFIT_YOY":0.377045064356,"HOLDER_PROFIT":335507885.78,"HOLDER_PROFIT_YOY":-26.3947731297,"GROSS_PROFIT_RATIO":24.140648766824,"EPS_TTM":0.403111927564,"OPERATE_INCOME_QOQ":0,"NET_PROFIT_RATIO":4.8641203195,"ROE_AVG":10.67048058201,"GROSS_PROFIT_QOQ":0,"ROA":4.234412632108,"HOLDER_PROFIT_QOQ":0,"ROE_YEARLY":10.67048058201,"ROIC_YEARLY":4.664774911204,"TOTAL_ASSETS":7600563488.9,"TOTAL_LIABILITIES":4495254861.48,"TAX_EBT":15.992906946414,"OCF_SALES":19.167127685538,"TOTAL_PARENT_EQUITY":3105308627.42,"DEBT_ASSET_RATIO":59.1437051746,"OPERATE_PROFIT":689664630.79,"PRETAX_PROFIT":399380425.61,"NETCASH_OPERATE":1322073070.53,"NETCASH_INVEST":-760084362.01,"NETCASH_FINANCE":-757564056.62,"END_CASH":590926261.48,"DIVI_RATIO":0.105402115628,"DIVIDEND_RATE":2.397959183673,"CURRENT_RATIO":2.202275084774,"COMMON_ACS":50000000000,"CURRENTDEBT_DEBT":25.68258634617,"ISSUED_COMMON_SHARES":1224250000,"HK_COMMON_SHARES":1224250000,"PER_SHARES":1000,"TOTAL_MARKET_CAP":2399530000,"HKSK_MARKET_CAP":2399530000,"PE_TTM":23.078839291726,"PB_TTM":0.688927597615,"REPORT_DATE_SQ":"2021-12-31 00:00:00","REPORT_TYPE_SQ":"2021年年报","OPERATE_INCOME_SQ":6769279875.28,"DPS_HKD":0.047,"OPERATE_INCOME_QOQ_SQ":0,"NET_PROFIT_RATIO_SQ":6.2383008048,"HOLDER_PROFIT_SQ":422288040.94,"HOLDER_PROFIT_QOQ_SQ":0,"ROE_AVG_SQ":15.527780643938,"PE_TTM_SQ":6.612249450762,"PB_TTM_SQ":0.785812781517,"ROA_SQ":5.735523556784,"START_DATE":"2022-04-01 00:00:00","FISCAL_YEAR":"3-31","CURRENCY":"HKD","IS_CNY_CODE":0,"DPS_HKD_LY":0.157,"ORG_TYPE":"一般企业","PREMIUM_INCOME":null,"PREMIUM_INCOME_YOY":null,"NET_INTEREST_INCOME":null,"NET_INTEREST_INCOME_YOY":null,"FEE_COMMISSION_INCOME":null,"FEE_COMMISSION_INCOME_YOY":null,"ACCOUNTS_RECE_TDAYS":8.487217933348,"INVENTORY_TDAYS":3.976182192524,"CURRENT_ASSETS_TDAYS":2.364961249245,"TOTAL_ASSETS_TDAYS":0.870540273257,"PREMIUM_EXPENSE":null,"LOAN_DEPOSIT":null,"LOAN_EQUITY":null,"LOAN_ASSETS":null,"DEPOSIT_EQUITY":null,"DEPOSIT_ASSETS":null,"EQUITY_MULTIPLIER":2.447603250059,"EQUITY_RATIO":1.447603250056},{"SECUCODE":"02199.HK","SECURITY_CODE":"02199","SECURITY_NAME_ABBR":"维珍妮","ORG_CODE":"10472715","STD_REPORT_DATE":"2022-06-30 00:00:00","REPORT_DATE":"2022-09-30 00:00:00","DATE_TYPE_CODE":"002","REPORT_TYPE":"2022年中报","PER_NETCASH_OPERATE":0.728038554315,"PER_OI":3.408167065387,"BPS":2.577246567972,"BASIC_EPS":0.23153664,"DILUTED_EPS":0.23153664,"OPERATE_INCOME":4172448529.8,"OPERATE_INCOME_YOY":13.0539146673,"GROSS_PROFIT":1056761262.6,"GROSS_PROFIT_YOY":29.361670151901,"HOLDER_PROFIT":283058064.6,"HOLDER_PROFIT_YOY":23.0755013036,"GROSS_PROFIT_RATIO":25.327125189263,"EPS_TTM":0.344936116757,"OPERATE_INCOME_QOQ":0,"NET_PROFIT_RATIO":6.7839797802,"ROE_AVG":8.785206864231,"GROSS_PROFIT_QOQ":0,"ROA":3.377276834561,"HOLDER_PROFIT_QOQ":0,"ROE_YEARLY":17.570413728463,"ROIC_YEARLY":7.511267561351,"TOTAL_ASSETS":8242884367.56,"TOTAL_LIABILITIES":5087690256.72,"TAX_EBT":17.181363987594,"OCF_SALES":21.361586458269,"TOTAL_PARENT_EQUITY":3155194110.84,"DEBT_ASSET_RATIO":61.722208269,"OPERATE_PROFIT":517687889.4,"PRETAX_PROFIT":341780640.48,"NETCASH_OPERATE":891301200.12,"NETCASH_INVEST":-623496516.12,"NETCASH_FINANCE":-357107280.72,"END_CASH":788773881.72,"DIVI_RATIO":0.123178895847,"DIVIDEND_RATE":2.397959183673,"CURRENT_RATIO":1.410192462565,"COMMON_ACS":50000000000,"CURRENTDEBT_DEBT":41.278431241487,"ISSUED_COMMON_SHARES":1224250000,"HK_COMMON_SHARES":1224250000,"PER_SHARES":1000,"TOTAL_MARKET_CAP":2399530000,"HKSK_MARKET_CAP":2399530000,"PE_TTM":23.078839291726,"PB_TTM":0.688927597615,"REPORT_DATE_SQ":"2021-06-30 00:00:00","REPORT_TYPE_SQ":"2021年中报","OPERATE_INCOME_SQ":3399397131.9,"DPS_HKD":0.047,"OPERATE_INCOME_QOQ_SQ":0,"NET_PROFIT_RATIO_SQ":6.23158519,"HOLDER_PROFIT_SQ":211836328.22,"HOLDER_PROFIT_QOQ_SQ":0,"ROE_AVG_SQ":7.969600515496,"PE_TTM_SQ":6.612249450762,"PB_TTM_SQ":0.785812781517,"ROA_SQ":2.821271835117,"START_DATE":"2022-04-01 00:00:00","FISCAL_YEAR":"3-31","CURRENCY":"HKD","IS_CNY_CODE":0,"DPS_HKD_LY":0.157,"ORG_TYPE":"一般企业","PREMIUM_INCOME":null,"PREMIUM_INCOME_YOY":null,"NET_INTEREST_INCOME":null,"NET_INTEREST_INCOME_YOY":null,"FEE_COMMISSION_INCOME":null,"FEE_COMMISSION_INCOME_YOY":null,"ACCOUNTS_RECE_TDAYS":4.495151188878,"INVENTORY_TDAYS":2.284946388117,"CURRENT_ASSETS_TDAYS":1.311814375207,"TOTAL_ASSETS_TDAYS":0.49783120587,"PREMIUM_EXPENSE":null,"LOAN_DEPOSIT":null,"LOAN_EQUITY":null,"LOAN_ASSETS":null,"DEPOSIT_EQUITY":null,"DEPOSIT_ASSETS":null,"EQUITY_MULTIPLIER":2.612480905449,"EQUITY_RATIO":1.612480905451},{"SECUCODE":"02199.HK","SECURITY_CODE":"02199","SECURITY_NAME_ABBR":"维珍妮","ORG_CODE":"10472715","STD_REPORT_DATE":"2021-12-31 00:00:00","REPORT_DATE":"2022-03-31 00:00:00","DATE_TYPE_CODE":"001","REPORT_TYPE":"2021年年报","PER_NETCASH_OPERATE":0.679078198848,"PER_OI":5.529328058223,"BPS":2.408855045595,"BASIC_EPS":0.34467925,"DILUTED_EPS":0.34467925,"OPERATE_INCOME":6769279875.28,"OPERATE_INCOME_YOY":39.710794086,"GROSS_PROFIT":1658872294.4,"GROSS_PROFIT_YOY":58.547568379858,"HOLDER_PROFIT":422288040.94,"HOLDER_PROFIT_YOY":314.8460343385,"GROSS_PROFIT_RATIO":24.505890212308,"EPS_TTM":0.28295893048,"OPERATE_INCOME_QOQ":0,"NET_PROFIT_RATIO":6.2383008048,"ROE_AVG":15.527780643938,"GROSS_PROFIT_QOQ":0,"ROA":5.735523556784,"HOLDER_PROFIT_QOQ":0,"ROE_YEARLY":15.527780643938,"ROIC_YEARLY":6.375663516838,"TOTAL_ASSETS":7639529289.72,"TOTAL_LIABILITIES":4690488500.15,"TAX_EBT":15.679816038347,"OCF_SALES":12.281387389166,"TOTAL_PARENT_EQUITY":2949040789.57,"DEBT_ASSET_RATIO":61.3976113222,"OPERATE_PROFIT":615351404.47,"PRETAX_PROFIT":500814895.2,"NETCASH_OPERATE":834529290,"NETCASH_INVEST":-375414906.98,"NETCASH_FINANCE":-373317635.12,"END_CASH":806979280.3,"DIVI_RATIO":0.150159070533,"DIVIDEND_RATE":2.397959183673,"CURRENT_RATIO":1.678446228428,"COMMON_ACS":50000000000,"CURRENTDEBT_DEBT":38.723112155843,"ISSUED_COMMON_SHARES":1224250000,"HK_COMMON_SHARES":1224250000,"PER_SHARES":1000,"TOTAL_MARKET_CAP":2399530000,"HKSK_MARKET_CAP":2399530000,"PE_TTM":23.078839291726,"PB_TTM":0.688927597615,"REPORT_DATE_SQ":"2020-12-31 00:00:00","REPORT_TYPE_SQ":"2020年年报","OPERATE_INCOME_SQ":5049350422.2,"DPS_HKD":0.047,"OPERATE_INCOME_QOQ_SQ":0,"NET_PROFIT_RATIO_SQ":2.100919105,"HOLDER_PROFIT_SQ":106082767.7,"HOLDER_PROFIT_QOQ_SQ":0,"ROE_AVG_SQ":4.191972747084,"PE_TTM_SQ":6.612249450762,"PB_TTM_SQ":0.785812781517,"ROA_SQ":1.5239741662,"START_DATE":"2021-04-01 00:00:00","FISCAL_YEAR":"3-31","CURRENCY":"HKD","IS_CNY_CODE":0,"DPS_HKD_LY":0.083,"ORG_TYPE":"一般企业","PREMIUM_INCOME":null,"PREMIUM_INCOME_YOY":null,"NET_INTEREST_INCOME":null,"NET_INTEREST_INCOME_YOY":null,"FEE_COMMISSION_INCOME":null,"FEE_COMMISSION_INCOME_YOY":null,"ACCOUNTS_RECE_TDAYS":7.454998369975,"INVENTORY_TDAYS":4.478065870966,"CURRENT_ASSETS_TDAYS":2.390195611828,"TOTAL_ASSETS_TDAYS":0.919404776434,"PREMIUM_EXPENSE":null,"LOAN_DEPOSIT":null,"LOAN_EQUITY":null,"LOAN_ASSETS":null,"DEPOSIT_EQUITY":null,"DEPOSIT_ASSETS":null,"EQUITY_MULTIPLIER":2.5905132668,"EQUITY_RATIO":1.590513266802},{"SECUCODE":"02199.HK","SECURITY_CODE":"02199","SECURITY_NAME_ABBR":"维珍妮","ORG_CODE":"10472715","STD_REPORT_DATE":"2021-06-30 00:00:00","REPORT_DATE":"2021-09-30 00:00:00","DATE_TYPE_CODE":"002","REPORT_TYPE":"2021年中报","PER_NETCASH_OPERATE":0.287740318954,"PER_OI":2.776718098346,"BPS":2.253068524517,"BASIC_EPS":0.17327648,"DILUTED_EPS":0.17327648,"OPERATE_INCOME":3399397131.9,"OPERATE_INCOME_YOY":62.0841757395,"GROSS_PROFIT":816904467.42,"GROSS_PROFIT_YOY":90.880070907794,"HOLDER_PROFIT":211836328.22,"HOLDER_PROFIT_YOY":884.207117745,"GROSS_PROFIT_RATIO":24.030862994916,"EPS_TTM":0.086651229487,"OPERATE_INCOME_QOQ":0,"NET_PROFIT_RATIO":6.23158519,"ROE_AVG":7.969600515496,"GROSS_PROFIT_QOQ":0,"ROA":2.821271835117,"HOLDER_PROFIT_QOQ":0,"ROE_YEARLY":15.939201030993,"ROIC_YEARLY":6.141316180563,"TOTAL_ASSETS":7738605071.38,"TOTAL_LIABILITIES":4980285930.24,"TAX_EBT":15.489227067429,"OCF_SALES":10.362604656406,"TOTAL_PARENT_EQUITY":2758319141.14,"DEBT_ASSET_RATIO":64.3563779816,"OPERATE_PROFIT":300279809.24,"PRETAX_PROFIT":250661922.58,"NETCASH_OPERATE":352266085.48,"NETCASH_INVEST":-360144333.9,"NETCASH_FINANCE":-153113928.82,"END_CASH":529868646.06,"DIVI_RATIO":0.490343302124,"DIVIDEND_RATE":2.397959183673,"CURRENT_RATIO":1.707279071455,"COMMON_ACS":50000000000,"CURRENTDEBT_DEBT":35.277881486121,"ISSUED_COMMON_SHARES":1224250000,"HK_COMMON_SHARES":1224250000,"PER_SHARES":1000,"TOTAL_MARKET_CAP":2399530000,"HKSK_MARKET_CAP":2399530000,"PE_TTM":23.078839291726,"PB_TTM":0.688927597615,"REPORT_DATE_SQ":"2020-06-30 00:00:00","REPORT_TYPE_SQ":"2020年中报","OPERATE_INCOME_SQ":2212256684.8,"DPS_HKD":0.047,"OPERATE_INCOME_QOQ_SQ":0,"NET_PROFIT_RATIO_SQ":-1.2879777883,"HOLDER_PROFIT_SQ":-28493374.72,"HOLDER_PROFIT_QOQ_SQ":0,"ROE_AVG_SQ":-1.114651569977,"PE_TTM_SQ":6.612249450762,"PB_TTM_SQ":0.785812781517,"ROA_SQ":-0.404362768248,"START_DATE":"2021-04-01 00:00:00","FISCAL_YEAR":"3-31","CURRENCY":"HKD","IS_CNY_CODE":0,"DPS_HKD_LY":0.083,"ORG_TYPE":"一般企业","PREMIUM_INCOME":null,"PREMIUM_INCOME_YOY":null,"NET_INTEREST_INCOME":null,"NET_INTEREST_INCOME_YOY":null,"FEE_COMMISSION_INCOME":null,"FEE_COMMISSION_INCOME_YOY":null,"ACCOUNTS_RECE_TDAYS":3.136325433879,"INVENTORY_TDAYS":2.35352334822,"CURRENT_ASSETS_TDAYS":1.195636409025,"TOTAL_ASSETS_TDAYS":0.452737425407,"PREMIUM_EXPENSE":null,"LOAN_DEPOSIT":null,"LOAN_EQUITY":null,"LOAN_ASSETS":null,"DEPOSIT_EQUITY":null,"DEPOSIT_ASSETS":null,"EQUITY_MULTIPLIER":2.805551016908,"EQUITY_RATIO":1.805551016907},{"SECUCODE":"02199.HK","SECURITY_CODE":"02199","SECURITY_NAME_ABBR":"维珍妮","ORG_CODE":"10472715","STD_REPORT_DATE":"2020-12-31 00:00:00","REPORT_DATE":"2021-03-31 00:00:00","DATE_TYPE_CODE":"001","REPORT_TYPE":"2020年年报","PER_NETCASH_OPERATE":0.307011074078,"PER_OI":4.124443881724,"BPS":2.119667256606,"BASIC_EPS":0.08705354,"DILUTED_EPS":0.08705354,"OPERATE_INCOME":5049350422.2,"OPERATE_INCOME_YOY":-5.7833058141,"GROSS_PROFIT":1046293116.54,"GROSS_PROFIT_YOY":-20.518355849012,"HOLDER_PROFIT":106082767.7,"HOLDER_PROFIT_YOY":-56.7119498677,"GROSS_PROFIT_RATIO":20.721340945953,"EPS_TTM":0.088929320931,"OPERATE_INCOME_QOQ":0,"NET_PROFIT_RATIO":2.100919105,"ROE_AVG":4.191972747084,"GROSS_PROFIT_QOQ":0,"ROA":1.5239741662,"HOLDER_PROFIT_QOQ":0,"ROE_YEARLY":4.191972747084,"ROIC_YEARLY":1.667256889199,"TOTAL_ASSETS":7384368086.48,"TOTAL_LIABILITIES":4789365447.58,"TAX_EBT":14.441036128153,"OCF_SALES":7.443696238381,"TOTAL_PARENT_EQUITY":2595002638.9,"DEBT_ASSET_RATIO":64.8581624249,"OPERATE_PROFIT":224746039.7,"PRETAX_PROFIT":123987906,"NETCASH_OPERATE":375858307.44,"NETCASH_INVEST":-614295417.96,"NETCASH_FINANCE":431781332.5,"END_CASH":699792136.4,"DIVI_RATIO":0.477782238244,"DIVIDEND_RATE":2.397959183673,"CURRENT_RATIO":1.372530845283,"COMMON_ACS":50000000000,"CURRENTDEBT_DEBT":41.466812760415,"ISSUED_COMMON_SHARES":1224250000,"HK_COMMON_SHARES":1224250000,"PER_SHARES":1000,"TOTAL_MARKET_CAP":2399530000,"HKSK_MARKET_CAP":2399530000,"PE_TTM":23.078839291726,"PB_TTM":0.688927597615,"REPORT_DATE_SQ":"2019-12-31 00:00:00","REPORT_TYPE_SQ":"2019年年报","OPERATE_INCOME_SQ":5793780837,"DPS_HKD":0.047,"OPERATE_INCOME_QOQ_SQ":0,"NET_PROFIT_RATIO_SQ":4.5726627146,"HOLDER_PROFIT_SQ":264930056.1,"HOLDER_PROFIT_QOQ_SQ":0,"ROE_AVG_SQ":9.926212323918,"PE_TTM_SQ":6.612249450762,"PB_TTM_SQ":0.785812781517,"ROA_SQ":3.947749734454,"START_DATE":"2020-04-01 00:00:00","FISCAL_YEAR":"3-31","CURRENCY":"HKD","IS_CNY_CODE":0,"DPS_HKD_LY":0.04,"ORG_TYPE":"一般企业","PREMIUM_INCOME":null,"PREMIUM_INCOME_YOY":null,"NET_INTEREST_INCOME":null,"NET_INTEREST_INCOME_YOY":null,"FEE_COMMISSION_INCOME":null,"FEE_COMMISSION_INCOME_YOY":null,"ACCOUNTS_RECE_TDAYS":6.59443749662,"INVENTORY_TDAYS":4.044290194746,"CURRENT_ASSETS_TDAYS":2.106836907565,"TOTAL_ASSETS_TDAYS":0.725384505548,"PREMIUM_EXPENSE":null,"LOAN_DEPOSIT":null,"LOAN_EQUITY":null,"LOAN_ASSETS":null,"DEPOSIT_EQUITY":null,"DEPOSIT_ASSETS":null,"EQUITY_MULTIPLIER":2.845611012409,"EQUITY_RATIO":1.845611012407},{"SECUCODE":"02199.HK","SECURITY_CODE":"02199","SECURITY_NAME_ABBR":"维珍妮","ORG_CODE":"10472715","STD_REPORT_DATE":"2020-06-30 00:00:00","REPORT_DATE":"2020-09-30 00:00:00","DATE_TYPE_CODE":"002","REPORT_TYPE":"2020年中报","PER_NETCASH_OPERATE":0.056134722287,"PER_OI":1.807030169328,"BPS":2.081614288846,"BASIC_EPS":-0.02284672,"DILUTED_EPS":-0.02284672,"OPERATE_INCOME":2212256684.8,"OPERATE_INCOME_YOY":-19.5324193651,"GROSS_PROFIT":427967395.2,"GROSS_PROFIT_YOY":-32.576424423236,"HOLDER_PROFIT":-28493374.72,"HOLDER_PROFIT_YOY":-122.9283779866,"GROSS_PROFIT_RATIO":19.345286563738,"EPS_TTM":0.216401924525,"OPERATE_INCOME_QOQ":0,"NET_PROFIT_RATIO":-1.2879777883,"ROE_AVG":-1.114651569977,"GROSS_PROFIT_QOQ":0,"ROA":-0.404362768248,"HOLDER_PROFIT_QOQ":0,"ROE_YEARLY":-2.229303139955,"ROIC_YEARLY":-0.883117098873,"TOTAL_ASSETS":7296052581.12,"TOTAL_LIABILITIES":4747636288,"TAX_EBT":31.249867486484,"OCF_SALES":3.106462926847,"TOTAL_PARENT_EQUITY":2548416293.12,"DEBT_ASSET_RATIO":65.0713003397,"OPERATE_PROFIT":12564817.28,"PRETAX_PROFIT":-41444828.8,"NETCASH_OPERATE":68723812.48,"NETCASH_INVEST":-321513982.08,"NETCASH_FINANCE":415467603.2,"END_CASH":670806939.52,"DIVI_RATIO":0.196342292672,"DIVIDEND_RATE":2.397959183673,"CURRENT_RATIO":1.557423210836,"COMMON_ACS":50000000000,"CURRENTDEBT_DEBT":35.829276869829,"ISSUED_COMMON_SHARES":1224250000,"HK_COMMON_SHARES":1224250000,"PER_SHARES":1000,"TOTAL_MARKET_CAP":2399530000,"HKSK_MARKET_CAP":2399530000,"PE_TTM":23.078839291726,"PB_TTM":0.688927597615,"REPORT_DATE_SQ":"2019-06-30 00:00:00","REPORT_TYPE_SQ":"2019年中报","OPERATE_INCOME_SQ":2822119589.01,"DPS_HKD":0.047,"OPERATE_INCOME_QOQ_SQ":0,"NET_PROFIT_RATIO_SQ":4.5201826573,"HOLDER_PROFIT_SQ":127564960.23,"HOLDER_PROFIT_QOQ_SQ":0,"ROE_AVG_SQ":4.844896873409,"PE_TTM_SQ":6.612249450762,"PB_TTM_SQ":0.785812781517,"ROA_SQ":1.964356478551,"START_DATE":"2020-04-01 00:00:00","FISCAL_YEAR":"3-31","CURRENCY":"HKD","IS_CNY_CODE":0,"DPS_HKD_LY":0.04,"ORG_TYPE":"一般企业","PREMIUM_INCOME":null,"PREMIUM_INCOME_YOY":null,"NET_INTEREST_INCOME":null,"NET_INTEREST_INCOME_YOY":null,"FEE_COMMISSION_INCOME":null,"FEE_COMMISSION_INCOME_YOY":null,"ACCOUNTS_RECE_TDAYS":2.923296826812,"INVENTORY_TDAYS":1.78288390013,"CURRENT_ASSETS_TDAYS":0.922014295746,"TOTAL_ASSETS_TDAYS":0.313951662774,"PREMIUM_EXPENSE":null,"LOAN_DEPOSIT":null,"LOAN_EQUITY":null,"LOAN_ASSETS":null,"DEPOSIT_EQUITY":null,"DEPOSIT_ASSETS":null,"EQUITY_MULTIPLIER":2.862975174357,"EQUITY_RATIO":1.862975174353}],"count":23},"success":true,"message":"ok","code":0}