{"version":"ffa3c985e1e7ed82aeac6e0f36e8c0a5","result":{"pages":3,"data":[{"SECUCODE":"02193.HK","SECURITY_CODE":"02193","SECURITY_NAME_ABBR":"万景控股","ORG_CODE":"10443202","STD_REPORT_DATE":"2024-06-30 00:00:00","REPORT_DATE":"2024-09-30 00:00:00","DATE_TYPE_CODE":"002","REPORT_TYPE":"2024年中报","PER_NETCASH_OPERATE":-0.006785689537,"PER_OI":0.400950692491,"BPS":0.598624326992,"BASIC_EPS":0.014518819,"DILUTED_EPS":0.014518819,"OPERATE_INCOME":168326317.82,"OPERATE_INCOME_YOY":4.4749052686,"GROSS_PROFIT":12834275.28,"GROSS_PROFIT_YOY":149.889748394828,"HOLDER_PROFIT":6081671.76,"HOLDER_PROFIT_YOY":0.4169148303,"GROSS_PROFIT_RATIO":7.624639715415,"EPS_TTM":-0.04910880453,"OPERATE_INCOME_QOQ":0,"NET_PROFIT_RATIO":3.6130248904,"ROE_AVG":2.448072832345,"GROSS_PROFIT_QOQ":0,"ROA":1.666802601042,"HOLDER_PROFIT_QOQ":0,"ROE_YEARLY":4.89614566469,"ROIC_YEARLY":6.113485656787,"TOTAL_ASSETS":357509234.76,"TOTAL_LIABILITIES":106330058.9,"TAX_EBT":-4.186621350224,"OCF_SALES":-1.692400004286,"TOTAL_PARENT_EQUITY":251179175.86,"DEBT_ASSET_RATIO":29.7419055403,"OPERATE_PROFIT":-3867777.31,"PRETAX_PROFIT":5837286.67,"NETCASH_OPERATE":-2848754.61,"NETCASH_INVEST":17128599.26,"NETCASH_FINANCE":1303988.34,"END_CASH":154326929.86,"DIVI_RATIO":null,"DIVIDEND_RATE":null,"CURRENT_RATIO":2.364982766049,"COMMON_ACS":200000000000,"CURRENTDEBT_DEBT":94.485624628954,"ISSUED_COMMON_SHARES":419594000,"HK_COMMON_SHARES":419594000,"PER_SHARES":4000,"TOTAL_MARKET_CAP":82240424,"HKSK_MARKET_CAP":82240424,"PE_TTM":-3.620693140794,"PB_TTM":0.295261705932,"REPORT_DATE_SQ":"2023-06-30 00:00:00","REPORT_TYPE_SQ":"2023年中报","OPERATE_INCOME_SQ":163946528.69,"DPS_HKD":null,"OPERATE_INCOME_QOQ_SQ":0,"NET_PROFIT_RATIO_SQ":3.7590323682,"HOLDER_PROFIT_SQ":6162803.08,"HOLDER_PROFIT_QOQ_SQ":0,"ROE_AVG_SQ":2.187191123573,"PE_TTM_SQ":7.469662213949,"PB_TTM_SQ":0.449878166999,"ROA_SQ":1.505964660508,"START_DATE":"2024-04-01 00:00:00","FISCAL_YEAR":"3-31","CURRENCY":"HKD","IS_CNY_CODE":0,"DPS_HKD_LY":null,"ORG_TYPE":"一般企业","PREMIUM_INCOME":null,"PREMIUM_INCOME_YOY":null,"NET_INTEREST_INCOME":null,"NET_INTEREST_INCOME_YOY":null,"FEE_COMMISSION_INCOME":null,"FEE_COMMISSION_INCOME_YOY":null,"ACCOUNTS_RECE_TDAYS":4.089610446519,"INVENTORY_TDAYS":35.03525347963,"CURRENT_ASSETS_TDAYS":0.694951254973,"TOTAL_ASSETS_TDAYS":0.461331613146,"PREMIUM_EXPENSE":null,"LOAN_DEPOSIT":null,"LOAN_EQUITY":null,"LOAN_ASSETS":null,"DEPOSIT_EQUITY":null,"DEPOSIT_ASSETS":null,"EQUITY_MULTIPLIER":1.423323543985,"EQUITY_RATIO":0.423323543984},{"SECUCODE":"02193.HK","SECURITY_CODE":"02193","SECURITY_NAME_ABBR":"万景控股","ORG_CODE":"10443202","STD_REPORT_DATE":"2023-12-31 00:00:00","REPORT_DATE":"2024-03-31 00:00:00","DATE_TYPE_CODE":"001","REPORT_TYPE":"2023年年报","PER_NETCASH_OPERATE":-0.112741653526,"PER_OI":0.730922645766,"BPS":0.588596158429,"BASIC_EPS":-0.04913501,"DILUTED_EPS":-0.04913501,"OPERATE_INCOME":306854483.3,"OPERATE_INCOME_YOY":-25.242887842,"GROSS_PROFIT":-24155024.75,"GROSS_PROFIT_YOY":-139.63288859317,"HOLDER_PROFIT":-20616760.1,"HOLDER_PROFIT_YOY":-153.9741307701,"GROSS_PROFIT_RATIO":-7.871817445921,"EPS_TTM":0.036648990825,"OPERATE_INCOME_QOQ":0,"NET_PROFIT_RATIO":-6.7187416909,"ROE_AVG":-7.798143903221,"GROSS_PROFIT_QOQ":0,"ROA":-5.20232734493,"HOLDER_PROFIT_QOQ":0,"ROE_YEARLY":-7.798143903221,"ROIC_YEARLY":-9.826368560114,"TOTAL_ASSETS":374196643.5,"TOTAL_LIABILITIES":127225227,"TAX_EBT":7.424896197997,"OCF_SALES":-15.424567042655,"TOTAL_PARENT_EQUITY":246971416.5,"DEBT_ASSET_RATIO":33.9995639218,"OPERATE_PROFIT":-40132061.95,"PRETAX_PROFIT":-22270307.3,"NETCASH_OPERATE":-47330975.5,"NETCASH_INVEST":-6009519.95,"NETCASH_FINANCE":-20518852.7,"END_CASH":139475437.15,"DIVI_RATIO":null,"DIVIDEND_RATE":null,"CURRENT_RATIO":2.062382735678,"COMMON_ACS":200000000000,"CURRENTDEBT_DEBT":94.565341313952,"ISSUED_COMMON_SHARES":419594000,"HK_COMMON_SHARES":419594000,"PER_SHARES":4000,"TOTAL_MARKET_CAP":82240424,"HKSK_MARKET_CAP":82240424,"PE_TTM":-3.620693140794,"PB_TTM":0.295261705932,"REPORT_DATE_SQ":"2022-12-31 00:00:00","REPORT_TYPE_SQ":"2022年年报","OPERATE_INCOME_SQ":396369015.21,"DPS_HKD":null,"OPERATE_INCOME_QOQ_SQ":0,"NET_PROFIT_RATIO_SQ":9.3058233451,"HOLDER_PROFIT_SQ":36885400.35,"HOLDER_PROFIT_QOQ_SQ":0,"ROE_AVG_SQ":14.284019255543,"PE_TTM_SQ":7.469662213949,"PB_TTM_SQ":0.449878166999,"ROA_SQ":9.604305354682,"START_DATE":"2023-04-01 00:00:00","FISCAL_YEAR":"3-31","CURRENCY":"HKD","IS_CNY_CODE":0,"DPS_HKD_LY":0.035,"ORG_TYPE":"一般企业","PREMIUM_INCOME":null,"PREMIUM_INCOME_YOY":null,"NET_INTEREST_INCOME":null,"NET_INTEREST_INCOME_YOY":null,"FEE_COMMISSION_INCOME":null,"FEE_COMMISSION_INCOME_YOY":null,"ACCOUNTS_RECE_TDAYS":7.487137516866,"INVENTORY_TDAYS":58.049443561208,"CURRENT_ASSETS_TDAYS":1.14077626548,"TOTAL_ASSETS_TDAYS":0.774300841472,"PREMIUM_EXPENSE":null,"LOAN_DEPOSIT":null,"LOAN_EQUITY":null,"LOAN_ASSETS":null,"DEPOSIT_EQUITY":null,"DEPOSIT_ASSETS":null,"EQUITY_MULTIPLIER":1.51514150424,"EQUITY_RATIO":0.51514150424},{"SECUCODE":"02193.HK","SECURITY_CODE":"02193","SECURITY_NAME_ABBR":"万景控股","ORG_CODE":"10443202","STD_REPORT_DATE":"2023-06-30 00:00:00","REPORT_DATE":"2023-09-30 00:00:00","DATE_TYPE_CODE":"002","REPORT_TYPE":"2023年中报","PER_NETCASH_OPERATE":-0.068991975856,"PER_OI":0.390518102344,"BPS":0.663266149945,"BASIC_EPS":0.01468208,"DILUTED_EPS":0.01468208,"OPERATE_INCOME":163946528.69,"OPERATE_INCOME_YOY":-23.6678629411,"GROSS_PROFIT":5135975.11,"GROSS_PROFIT_YOY":-86.953788536411,"HOLDER_PROFIT":6162803.08,"HOLDER_PROFIT_YOY":-78.0415236227,"GROSS_PROFIT_RATIO":3.132713544494,"EPS_TTM":0.087860454649,"OPERATE_INCOME_QOQ":0,"NET_PROFIT_RATIO":3.7590323682,"ROE_AVG":2.187191123573,"GROSS_PROFIT_QOQ":0,"ROA":1.505964660508,"HOLDER_PROFIT_QOQ":0,"ROE_YEARLY":4.374382247147,"ROIC_YEARLY":5.835952893537,"TOTAL_ASSETS":394937858.07,"TOTAL_LIABILITIES":116635361.15,"TAX_EBT":-38.932561026065,"OCF_SALES":-17.666780474972,"TOTAL_PARENT_EQUITY":278302496.92,"DEBT_ASSET_RATIO":29.5325856376,"OPERATE_PROFIT":-4121076.33,"PRETAX_PROFIT":4435823.42,"NETCASH_OPERATE":-28964073.32,"NETCASH_INVEST":11209768.08,"NETCASH_FINANCE":-18080063.89,"END_CASH":180107828.25,"DIVI_RATIO":null,"DIVIDEND_RATE":null,"CURRENT_RATIO":2.444896762575,"COMMON_ACS":200000000000,"CURRENTDEBT_DEBT":93.926281420873,"ISSUED_COMMON_SHARES":419594000,"HK_COMMON_SHARES":419594000,"PER_SHARES":4000,"TOTAL_MARKET_CAP":82240424,"HKSK_MARKET_CAP":82240424,"PE_TTM":-3.620693140794,"PB_TTM":0.295261705932,"REPORT_DATE_SQ":"2022-06-30 00:00:00","REPORT_TYPE_SQ":"2022年中报","OPERATE_INCOME_SQ":211693226.4,"DPS_HKD":null,"OPERATE_INCOME_QOQ_SQ":0,"NET_PROFIT_RATIO_SQ":13.0671622661,"HOLDER_PROFIT_SQ":27662297.4,"HOLDER_PROFIT_QOQ_SQ":0,"ROE_AVG_SQ":10.614263404477,"PE_TTM_SQ":7.469662213949,"PB_TTM_SQ":0.449878166999,"ROA_SQ":7.08195127034,"START_DATE":"2023-04-01 00:00:00","FISCAL_YEAR":"3-31","CURRENCY":"HKD","IS_CNY_CODE":0,"DPS_HKD_LY":0.035,"ORG_TYPE":"一般企业","PREMIUM_INCOME":null,"PREMIUM_INCOME_YOY":null,"NET_INTEREST_INCOME":null,"NET_INTEREST_INCOME_YOY":null,"FEE_COMMISSION_INCOME":null,"FEE_COMMISSION_INCOME_YOY":null,"ACCOUNTS_RECE_TDAYS":4.311053736457,"INVENTORY_TDAYS":21.88907860621,"CURRENT_ASSETS_TDAYS":0.584238321806,"TOTAL_ASSETS_TDAYS":0.400625616647,"PREMIUM_EXPENSE":null,"LOAN_DEPOSIT":null,"LOAN_EQUITY":null,"LOAN_ASSETS":null,"DEPOSIT_EQUITY":null,"DEPOSIT_ASSETS":null,"EQUITY_MULTIPLIER":1.419095633135,"EQUITY_RATIO":0.419095633136},{"SECUCODE":"02193.HK","SECURITY_CODE":"02193","SECURITY_NAME_ABBR":"万景控股","ORG_CODE":"10443202","STD_REPORT_DATE":"2022-12-31 00:00:00","REPORT_DATE":"2023-03-31 00:00:00","DATE_TYPE_CODE":"001","REPORT_TYPE":"2022年年报","PER_NETCASH_OPERATE":0.20986210365,"PER_OI":0.944144879948,"BPS":0.648507409949,"BASIC_EPS":0.087891164,"DILUTED_EPS":0.087891164,"OPERATE_INCOME":396369015.21,"OPERATE_INCOME_YOY":10.9213620774,"GROSS_PROFIT":60946919.61,"GROSS_PROFIT_YOY":46.188004931275,"HOLDER_PROFIT":36885400.35,"HOLDER_PROFIT_YOY":14.1189534695,"GROSS_PROFIT_RATIO":15.37630775143,"EPS_TTM":0.088309645608,"OPERATE_INCOME_QOQ":0,"NET_PROFIT_RATIO":9.3058233451,"ROE_AVG":14.284019255543,"GROSS_PROFIT_QOQ":0,"ROA":9.604305354682,"HOLDER_PROFIT_QOQ":0,"ROE_YEARLY":14.284019255543,"ROIC_YEARLY":17.239157251309,"TOTAL_ASSETS":404028852.71,"TOTAL_LIABILITIES":131919034.54,"TAX_EBT":17.336969316488,"OCF_SALES":22.227743655321,"TOTAL_PARENT_EQUITY":272109818.17,"DEBT_ASSET_RATIO":32.6508945228,"OPERATE_PROFIT":33397766.91,"PRETAX_PROFIT":44621398.52,"NETCASH_OPERATE":88103888.63,"NETCASH_INVEST":2578082.45,"NETCASH_FINANCE":-18844075.66,"END_CASH":206006733.66,"DIVI_RATIO":null,"DIVIDEND_RATE":null,"CURRENT_RATIO":2.288579506818,"COMMON_ACS":200000000000,"CURRENTDEBT_DEBT":92.707738861534,"ISSUED_COMMON_SHARES":419594000,"HK_COMMON_SHARES":419594000,"PER_SHARES":4000,"TOTAL_MARKET_CAP":82240424,"HKSK_MARKET_CAP":82240424,"PE_TTM":-3.620693140794,"PB_TTM":0.295261705932,"REPORT_DATE_SQ":"2021-12-31 00:00:00","REPORT_TYPE_SQ":"2021年年报","OPERATE_INCOME_SQ":331054282,"DPS_HKD":null,"OPERATE_INCOME_QOQ_SQ":0,"NET_PROFIT_RATIO_SQ":9.0450759432,"HOLDER_PROFIT_SQ":29944111.22,"HOLDER_PROFIT_QOQ_SQ":0,"ROE_AVG_SQ":13.86254967739,"PE_TTM_SQ":7.469662213949,"PB_TTM_SQ":0.449878166999,"ROA_SQ":10.091686699074,"START_DATE":"2022-04-01 00:00:00","FISCAL_YEAR":"3-31","CURRENCY":"HKD","IS_CNY_CODE":0,"DPS_HKD_LY":0.035,"ORG_TYPE":"一般企业","PREMIUM_INCOME":null,"PREMIUM_INCOME_YOY":null,"NET_INTEREST_INCOME":null,"NET_INTEREST_INCOME_YOY":null,"FEE_COMMISSION_INCOME":null,"FEE_COMMISSION_INCOME_YOY":null,"ACCOUNTS_RECE_TDAYS":11.669914173046,"INVENTORY_TDAYS":46.65854846566,"CURRENT_ASSETS_TDAYS":1.506974375701,"TOTAL_ASSETS_TDAYS":1.032074755618,"PREMIUM_EXPENSE":null,"LOAN_DEPOSIT":null,"LOAN_EQUITY":null,"LOAN_ASSETS":null,"DEPOSIT_EQUITY":null,"DEPOSIT_ASSETS":null,"EQUITY_MULTIPLIER":1.484800715488,"EQUITY_RATIO":0.484800715488},{"SECUCODE":"02193.HK","SECURITY_CODE":"02193","SECURITY_NAME_ABBR":"万景控股","ORG_CODE":"10443202","STD_REPORT_DATE":"2022-06-30 00:00:00","REPORT_DATE":"2022-09-30 00:00:00","DATE_TYPE_CODE":"002","REPORT_TYPE":"2022年中报","PER_NETCASH_OPERATE":0.065677883845,"PER_OI":0.504249999762,"BPS":0.640568658942,"BASIC_EPS":0.065933676,"DILUTED_EPS":0.065933676,"OPERATE_INCOME":211693226.4,"OPERATE_INCOME_YOY":28.3800831514,"GROSS_PROFIT":39367559.88,"GROSS_PROFIT_YOY":53.087472906864,"HOLDER_PROFIT":27662297.4,"HOLDER_PROFIT_YOY":24.0921816043,"GROSS_PROFIT_RATIO":18.596513714432,"EPS_TTM":0.071326411016,"OPERATE_INCOME_QOQ":0,"NET_PROFIT_RATIO":13.0671622661,"ROE_AVG":10.614263404477,"GROSS_PROFIT_QOQ":0,"ROA":7.08195127034,"HOLDER_PROFIT_QOQ":0,"ROE_YEARLY":21.228526808954,"ROIC_YEARLY":22.393100128311,"TOTAL_ASSETS":405059785.08,"TOTAL_LIABILITIES":136281019.2,"TAX_EBT":16.067508232711,"OCF_SALES":13.024865419123,"TOTAL_PARENT_EQUITY":268778765.88,"DEBT_ASSET_RATIO":33.6446678292,"OPERATE_PROFIT":27053609.28,"PRETAX_PROFIT":32957793.6,"NETCASH_OPERATE":27572757.84,"NETCASH_INVEST":-27133.2,"NETCASH_FINANCE":-17698081.92,"END_CASH":148465634.88,"DIVI_RATIO":null,"DIVIDEND_RATE":null,"CURRENT_RATIO":2.239975305952,"COMMON_ACS":200000000000,"CURRENTDEBT_DEBT":91.375763206796,"ISSUED_COMMON_SHARES":419594000,"HK_COMMON_SHARES":419594000,"PER_SHARES":4000,"TOTAL_MARKET_CAP":82240424,"HKSK_MARKET_CAP":82240424,"PE_TTM":-3.620693140794,"PB_TTM":0.295261705932,"REPORT_DATE_SQ":"2021-06-30 00:00:00","REPORT_TYPE_SQ":"2021年中报","OPERATE_INCOME_SQ":151881833.08,"DPS_HKD":null,"OPERATE_INCOME_QOQ_SQ":0,"NET_PROFIT_RATIO_SQ":13.5186871291,"HOLDER_PROFIT_SQ":20532429.82,"HOLDER_PROFIT_QOQ_SQ":0,"ROE_AVG_SQ":9.483664179707,"PE_TTM_SQ":7.469662213949,"PB_TTM_SQ":0.449878166999,"ROA_SQ":7.346480115889,"START_DATE":"2022-04-01 00:00:00","FISCAL_YEAR":"3-31","CURRENCY":"HKD","IS_CNY_CODE":0,"DPS_HKD_LY":0.035,"ORG_TYPE":"一般企业","PREMIUM_INCOME":null,"PREMIUM_INCOME_YOY":null,"NET_INTEREST_INCOME":null,"NET_INTEREST_INCOME_YOY":null,"FEE_COMMISSION_INCOME":null,"FEE_COMMISSION_INCOME_YOY":null,"ACCOUNTS_RECE_TDAYS":5.207350716383,"INVENTORY_TDAYS":16.892720985903,"CURRENT_ASSETS_TDAYS":0.793963354755,"TOTAL_ASSETS_TDAYS":0.541965510654,"PREMIUM_EXPENSE":null,"LOAN_DEPOSIT":null,"LOAN_EQUITY":null,"LOAN_ASSETS":null,"DEPOSIT_EQUITY":null,"DEPOSIT_ASSETS":null,"EQUITY_MULTIPLIER":1.507037893241,"EQUITY_RATIO":0.507037893242},{"SECUCODE":"02193.HK","SECURITY_CODE":"02193","SECURITY_NAME_ABBR":"万景控股","ORG_CODE":"10443202","STD_REPORT_DATE":"2021-12-31 00:00:00","REPORT_DATE":"2022-03-31 00:00:00","DATE_TYPE_CODE":"001","REPORT_TYPE":"2021年年报","PER_NETCASH_OPERATE":0.09896100041,"PER_OI":0.788566192969,"BPS":0.53950138522,"BASIC_EPS":0.071287779,"DILUTED_EPS":0.071287779,"OPERATE_INCOME":331054282,"OPERATE_INCOME_YOY":47.6033440366,"GROSS_PROFIT":41690780.06,"GROSS_PROFIT_YOY":67.786977720554,"HOLDER_PROFIT":29944111.22,"HOLDER_PROFIT_YOY":134.5147357724,"GROSS_PROFIT_RATIO":12.593336599706,"EPS_TTM":0.072685654212,"OPERATE_INCOME_QOQ":0,"NET_PROFIT_RATIO":9.0450759432,"ROE_AVG":13.86254967739,"GROSS_PROFIT_QOQ":0,"ROA":10.091686699074,"HOLDER_PROFIT_QOQ":0,"ROE_YEARLY":13.86254967739,"ROIC_YEARLY":15.665991323072,"TOTAL_ASSETS":337289326.88,"TOTAL_LIABILITIES":110917782.65,"TAX_EBT":10.045072481423,"OCF_SALES":12.549485546301,"TOTAL_PARENT_EQUITY":226371544.23,"DEBT_ASSET_RATIO":32.8850555919,"OPERATE_PROFIT":21499875.1,"PRETAX_PROFIT":33287905.45,"NETCASH_OPERATE":41545609.27,"NETCASH_INVEST":7242319.3,"NETCASH_FINANCE":-11350084.95,"END_CASH":124298636.64,"DIVI_RATIO":null,"DIVIDEND_RATE":null,"CURRENT_RATIO":2.2858768728,"COMMON_ACS":200000000000,"CURRENTDEBT_DEBT":89.943333455197,"ISSUED_COMMON_SHARES":419594000,"HK_COMMON_SHARES":419594000,"PER_SHARES":4000,"TOTAL_MARKET_CAP":82240424,"HKSK_MARKET_CAP":82240424,"PE_TTM":-3.620693140794,"PB_TTM":0.295261705932,"REPORT_DATE_SQ":"2020-12-31 00:00:00","REPORT_TYPE_SQ":"2020年年报","OPERATE_INCOME_SQ":233736219.36,"DPS_HKD":null,"OPERATE_INCOME_QOQ_SQ":0,"NET_PROFIT_RATIO_SQ":5.6929619023,"HOLDER_PROFIT_SQ":13306513.92,"HOLDER_PROFIT_QOQ_SQ":0,"ROE_AVG_SQ":6.399219607365,"PE_TTM_SQ":7.469662213949,"PB_TTM_SQ":0.449878166999,"ROA_SQ":5.135213592138,"START_DATE":"2021-04-01 00:00:00","FISCAL_YEAR":"3-31","CURRENCY":"HKD","IS_CNY_CODE":0,"DPS_HKD_LY":0.03,"ORG_TYPE":"一般企业","PREMIUM_INCOME":null,"PREMIUM_INCOME_YOY":null,"NET_INTEREST_INCOME":null,"NET_INTEREST_INCOME_YOY":null,"FEE_COMMISSION_INCOME":null,"FEE_COMMISSION_INCOME_YOY":null,"ACCOUNTS_RECE_TDAYS":12.574509048903,"INVENTORY_TDAYS":58.157131214344,"CURRENT_ASSETS_TDAYS":1.682213334487,"TOTAL_ASSETS_TDAYS":1.115710554835,"PREMIUM_EXPENSE":null,"LOAN_DEPOSIT":null,"LOAN_EQUITY":null,"LOAN_ASSETS":null,"DEPOSIT_EQUITY":null,"DEPOSIT_ASSETS":null,"EQUITY_MULTIPLIER":1.489981119435,"EQUITY_RATIO":0.489981119435},{"SECUCODE":"02193.HK","SECURITY_CODE":"02193","SECURITY_NAME_ABBR":"万景控股","ORG_CODE":"10443202","STD_REPORT_DATE":"2021-06-30 00:00:00","REPORT_DATE":"2021-09-30 00:00:00","DATE_TYPE_CODE":"002","REPORT_TYPE":"2021年中报","PER_NETCASH_OPERATE":0.021121273123,"PER_OI":0.361780183508,"BPS":0.528540052622,"BASIC_EPS":0.048900622,"DILUTED_EPS":0.048900622,"OPERATE_INCOME":151881833.08,"OPERATE_INCOME_YOY":52.0304864829,"GROSS_PROFIT":25715729.14,"GROSS_PROFIT_YOY":127.230271998596,"HOLDER_PROFIT":20532429.82,"HOLDER_PROFIT_YOY":551.5199577055,"GROSS_PROFIT_RATIO":16.931405566099,"EPS_TTM":0.031695910895,"OPERATE_INCOME_QOQ":0,"NET_PROFIT_RATIO":13.5186871291,"ROE_AVG":9.483664179707,"GROSS_PROFIT_QOQ":0,"ROA":7.346480115889,"HOLDER_PROFIT_QOQ":0,"ROE_YEARLY":18.967328359415,"ROIC_YEARLY":21.790003668946,"TOTAL_ASSETS":295857093.7,"TOTAL_LIABILITIES":74084858.86,"TAX_EBT":8.765500647788,"OCF_SALES":5.838150923112,"TOTAL_PARENT_EQUITY":221772234.84,"DEBT_ASSET_RATIO":25.0407580003,"OPERATE_PROFIT":17780832.64,"PRETAX_PROFIT":22505115.9,"NETCASH_OPERATE":8867090.64,"NETCASH_INVEST":3705450.88,"NETCASH_FINANCE":-8958727.24,"END_CASH":92836206.4,"DIVI_RATIO":null,"DIVIDEND_RATE":null,"CURRENT_RATIO":2.874527276165,"COMMON_ACS":200000000000,"CURRENTDEBT_DEBT":95.147923671161,"ISSUED_COMMON_SHARES":419594000,"HK_COMMON_SHARES":419594000,"PER_SHARES":4000,"TOTAL_MARKET_CAP":82240424,"HKSK_MARKET_CAP":82240424,"PE_TTM":-3.620693140794,"PB_TTM":0.295261705932,"REPORT_DATE_SQ":"2020-06-30 00:00:00","REPORT_TYPE_SQ":"2020年中报","OPERATE_INCOME_SQ":105377859.84,"DPS_HKD":null,"OPERATE_INCOME_QOQ_SQ":0,"NET_PROFIT_RATIO_SQ":3.1545504578,"HOLDER_PROFIT_SQ":3324197.76,"HOLDER_PROFIT_QOQ_SQ":0,"ROE_AVG_SQ":1.573709115491,"PE_TTM_SQ":7.469662213949,"PB_TTM_SQ":0.449878166999,"ROA_SQ":1.282433742618,"START_DATE":"2021-04-01 00:00:00","FISCAL_YEAR":"3-31","CURRENCY":"HKD","IS_CNY_CODE":0,"DPS_HKD_LY":0.03,"ORG_TYPE":"一般企业","PREMIUM_INCOME":null,"PREMIUM_INCOME_YOY":null,"NET_INTEREST_INCOME":null,"NET_INTEREST_INCOME_YOY":null,"FEE_COMMISSION_INCOME":null,"FEE_COMMISSION_INCOME_YOY":null,"ACCOUNTS_RECE_TDAYS":4.951804120211,"INVENTORY_TDAYS":33.517539006307,"CURRENT_ASSETS_TDAYS":0.815091336654,"TOTAL_ASSETS_TDAYS":0.543431477165,"PREMIUM_EXPENSE":null,"LOAN_DEPOSIT":null,"LOAN_EQUITY":null,"LOAN_ASSETS":null,"DEPOSIT_EQUITY":null,"DEPOSIT_ASSETS":null,"EQUITY_MULTIPLIER":1.334058313989,"EQUITY_RATIO":0.334058313988},{"SECUCODE":"02193.HK","SECURITY_CODE":"02193","SECURITY_NAME_ABBR":"万景控股","ORG_CODE":"10443202","STD_REPORT_DATE":"2020-12-31 00:00:00","REPORT_DATE":"2021-03-31 00:00:00","DATE_TYPE_CODE":"001","REPORT_TYPE":"2020年年报","PER_NETCASH_OPERATE":0.075851552006,"PER_OI":0.556756068963,"BPS":0.51074901338,"BASIC_EPS":0.03169425,"DILUTED_EPS":0.03169425,"OPERATE_INCOME":233736219.36,"OPERATE_INCOME_YOY":19.3778840634,"GROSS_PROFIT":24847446.82,"GROSS_PROFIT_YOY":54.189013541228,"HOLDER_PROFIT":13306513.92,"HOLDER_PROFIT_YOY":433.8758901322,"GROSS_PROFIT_RATIO":10.630550493217,"EPS_TTM":0.007905766618,"OPERATE_INCOME_QOQ":0,"NET_PROFIT_RATIO":5.6929619023,"ROE_AVG":6.399219607365,"GROSS_PROFIT_QOQ":0,"ROA":5.135213592138,"HOLDER_PROFIT_QOQ":0,"ROE_YEARLY":6.399219607365,"ROIC_YEARLY":6.973005292646,"TOTAL_ASSETS":266944186.74,"TOTAL_LIABILITIES":52636965.22,"TAX_EBT":9.859154929577,"OCF_SALES":13.623839277966,"TOTAL_PARENT_EQUITY":214307221.52,"DEBT_ASSET_RATIO":19.7183410745,"OPERATE_PROFIT":3720482.36,"PRETAX_PROFIT":14761913.88,"NETCASH_OPERATE":31843846.86,"NETCASH_INVEST":14917427,"NETCASH_FINANCE":-2308186.58,"END_CASH":90520468.36,"DIVI_RATIO":null,"DIVIDEND_RATE":null,"CURRENT_RATIO":3.309741544249,"COMMON_ACS":200000000000,"CURRENTDEBT_DEBT":99.028565005861,"ISSUED_COMMON_SHARES":419594000,"HK_COMMON_SHARES":419594000,"PER_SHARES":4000,"TOTAL_MARKET_CAP":82240424,"HKSK_MARKET_CAP":82240424,"PE_TTM":-3.620693140794,"PB_TTM":0.295261705932,"REPORT_DATE_SQ":"2019-12-31 00:00:00","REPORT_TYPE_SQ":"2019年年报","OPERATE_INCOME_SQ":211668655.7,"DPS_HKD":null,"OPERATE_INCOME_QOQ_SQ":0,"NET_PROFIT_RATIO_SQ":1.2729807779,"HOLDER_PROFIT_SQ":2694501.3,"HOLDER_PROFIT_QOQ_SQ":0,"ROE_AVG_SQ":1.244190927827,"PE_TTM_SQ":7.469662213949,"PB_TTM_SQ":0.449878166999,"ROA_SQ":0.962021517443,"START_DATE":"2020-04-01 00:00:00","FISCAL_YEAR":"3-31","CURRENCY":"HKD","IS_CNY_CODE":0,"DPS_HKD_LY":null,"ORG_TYPE":"一般企业","PREMIUM_INCOME":null,"PREMIUM_INCOME_YOY":null,"NET_INTEREST_INCOME":null,"NET_INTEREST_INCOME_YOY":null,"FEE_COMMISSION_INCOME":null,"FEE_COMMISSION_INCOME_YOY":null,"ACCOUNTS_RECE_TDAYS":8.274425910689,"INVENTORY_TDAYS":63.105578960807,"CURRENT_ASSETS_TDAYS":1.441970931369,"TOTAL_ASSETS_TDAYS":0.902028448509,"PREMIUM_EXPENSE":null,"LOAN_DEPOSIT":null,"LOAN_EQUITY":null,"LOAN_ASSETS":null,"DEPOSIT_EQUITY":null,"DEPOSIT_ASSETS":null,"EQUITY_MULTIPLIER":1.245614519411,"EQUITY_RATIO":0.245614519411},{"SECUCODE":"02193.HK","SECURITY_CODE":"02193","SECURITY_NAME_ABBR":"万景控股","ORG_CODE":"10443202","STD_REPORT_DATE":"2020-06-30 00:00:00","REPORT_DATE":"2020-09-30 00:00:00","DATE_TYPE_CODE":"002","REPORT_TYPE":"2020年中报","PER_NETCASH_OPERATE":-0.011721345917,"PER_OI":0.251008436608,"BPS":0.507384287859,"BASIC_EPS":0.00790848,"DILUTED_EPS":0.00790848,"OPERATE_INCOME":105377859.84,"OPERATE_INCOME_YOY":8.5394661815,"GROSS_PROFIT":11317034.88,"GROSS_PROFIT_YOY":0.444021827621,"HOLDER_PROFIT":3324197.76,"HOLDER_PROFIT_YOY":26.3949214835,"GROSS_PROFIT_RATIO":10.739480662431,"EPS_TTM":0.006418260532,"OPERATE_INCOME_QOQ":0,"NET_PROFIT_RATIO":3.1545504578,"ROE_AVG":1.573709115491,"GROSS_PROFIT_QOQ":0,"ROA":1.282433742618,"HOLDER_PROFIT_QOQ":0,"ROE_YEARLY":3.147418230981,"ROIC_YEARLY":3.179425761921,"TOTAL_ASSETS":257145984.64,"TOTAL_LIABILITIES":44250581.76,"TAX_EBT":4.566094853683,"OCF_SALES":-4.669701972949,"TOTAL_PARENT_EQUITY":212895402.88,"DEBT_ASSET_RATIO":17.208350277,"OPERATE_PROFIT":1187150.72,"PRETAX_PROFIT":3483246.08,"NETCASH_OPERATE":-4920832,"NETCASH_INVEST":10780136.96,"NETCASH_FINANCE":-1446373.12,"END_CASH":52311080.32,"DIVI_RATIO":null,"DIVIDEND_RATE":null,"CURRENT_RATIO":3.697009443861,"COMMON_ACS":200000000000,"CURRENTDEBT_DEBT":98.407402994559,"ISSUED_COMMON_SHARES":419594000,"HK_COMMON_SHARES":419594000,"PER_SHARES":4000,"TOTAL_MARKET_CAP":82240424,"HKSK_MARKET_CAP":82240424,"PE_TTM":-3.620693140794,"PB_TTM":0.295261705932,"REPORT_DATE_SQ":"2019-06-30 00:00:00","REPORT_TYPE_SQ":"2019年中报","OPERATE_INCOME_SQ":99660378.87,"DPS_HKD":null,"OPERATE_INCOME_QOQ_SQ":0,"NET_PROFIT_RATIO_SQ":2.7089159811,"HOLDER_PROFIT_SQ":2699715.93,"HOLDER_PROFIT_QOQ_SQ":0,"ROE_AVG_SQ":1.262637448401,"PE_TTM_SQ":7.469662213949,"PB_TTM_SQ":0.449878166999,"ROA_SQ":0.975978791293,"START_DATE":"2020-04-01 00:00:00","FISCAL_YEAR":"3-31","CURRENCY":"HKD","IS_CNY_CODE":0,"DPS_HKD_LY":null,"ORG_TYPE":"一般企业","PREMIUM_INCOME":null,"PREMIUM_INCOME_YOY":null,"NET_INTEREST_INCOME":null,"NET_INTEREST_INCOME_YOY":null,"FEE_COMMISSION_INCOME":null,"FEE_COMMISSION_INCOME_YOY":null,"ACCOUNTS_RECE_TDAYS":3.535644790377,"INVENTORY_TDAYS":24.226094828562,"CURRENT_ASSETS_TDAYS":0.661348539537,"TOTAL_ASSETS_TDAYS":0.406534547402,"PREMIUM_EXPENSE":null,"LOAN_DEPOSIT":null,"LOAN_EQUITY":null,"LOAN_ASSETS":null,"DEPOSIT_EQUITY":null,"DEPOSIT_ASSETS":null,"EQUITY_MULTIPLIER":1.207851278898,"EQUITY_RATIO":0.207851278897}],"count":25},"success":true,"message":"ok","code":0}