{"version":"098a60d65cfb8dfc34120f597f910d3f","result":{"pages":7,"data":[{"SECUCODE":"02196.HK","SECURITY_CODE":"02196","SECURITY_NAME_ABBR":"复星医药","ORG_CODE":"10002407","STD_REPORT_DATE":"2024-09-30 00:00:00","REPORT_DATE":"2024-09-30 00:00:00","DATE_TYPE_CODE":"004","REPORT_TYPE":"2024年三季报","PER_NETCASH_OPERATE":1.117586736918,"PER_OI":11.567094713698,"BPS":17.707110574087,"BASIC_EPS":0.75,"DILUTED_EPS":0.75,"OPERATE_INCOME":30911889002.9,"OPERATE_INCOME_YOY":0.6898017118,"GROSS_PROFIT":15022289401.4,"GROSS_PROFIT_YOY":0.681551548261,"HOLDER_PROFIT":2010642360.52,"HOLDER_PROFIT_YOY":-11.9323566812,"GROSS_PROFIT_RATIO":48.597125203156,"EPS_TTM":0.795608238074,"OPERATE_INCOME_QOQ":2.838867066441,"NET_PROFIT_RATIO":8.1474077408,"ROE_AVG":4.324602169844,"GROSS_PROFIT_QOQ":4.216690737281,"ROA":1.758353849096,"HOLDER_PROFIT_QOQ":15.568278625562,"ROE_YEARLY":5.766136226459,"ROIC_YEARLY":2.25067959404,"TOTAL_ASSETS":115264761757.14,"TOTAL_LIABILITIES":56070157587.51,"TAX_EBT":18.005417060034,"OCF_SALES":9.661775619374,"TOTAL_PARENT_EQUITY":47301473095.24,"DEBT_ASSET_RATIO":48.644665319,"OPERATE_PROFIT":3926130535.53,"PRETAX_PROFIT":3071565885.4,"NETCASH_OPERATE":2986637355.17,"NETCASH_INVEST":-2439712468.87,"NETCASH_FINANCE":-502289412.69,"END_CASH":9477388409.51,"DIVI_RATIO":0.341708377302,"DIVIDEND_RATE":1.923076923077,"CURRENT_RATIO":0.920296496325,"COMMON_ACS":null,"CURRENTDEBT_DEBT":66.911854199474,"ISSUED_COMMON_SHARES":2671326465,"HK_COMMON_SHARES":551940500,"PER_SHARES":500,"TOTAL_MARKET_CAP":41672692854,"HKSK_MARKET_CAP":8610271800,"PE_TTM":17.447696835732,"PB_TTM":0.794478802238,"REPORT_DATE_SQ":"2023-09-30 00:00:00","REPORT_TYPE_SQ":"2023年三季报","OPERATE_INCOME_SQ":30700119056.12,"DPS_HKD":0.3,"OPERATE_INCOME_QOQ_SQ":-2.18135518738,"NET_PROFIT_RATIO_SQ":8.6442972153,"HOLDER_PROFIT_SQ":2283065930.63,"HOLDER_PROFIT_QOQ_SQ":-9.925028005656,"ROE_AVG_SQ":5.048176295793,"PE_TTM_SQ":9.391969434622,"PB_TTM_SQ":0.746586354809,"ROA_SQ":2.095705323884,"START_DATE":"2024-01-01 00:00:00","FISCAL_YEAR":"12-31","CURRENCY":"HKD","IS_CNY_CODE":0,"DPS_HKD_LY":0.3,"ORG_TYPE":"一般企业","PREMIUM_INCOME":null,"PREMIUM_INCOME_YOY":null,"NET_INTEREST_INCOME":null,"NET_INTEREST_INCOME_YOY":null,"FEE_COMMISSION_INCOME":null,"FEE_COMMISSION_INCOME_YOY":null,"ACCOUNTS_RECE_TDAYS":3.563829667581,"INVENTORY_TDAYS":2.122434354682,"CURRENT_ASSETS_TDAYS":0.904916527169,"TOTAL_ASSETS_TDAYS":0.27033171129,"PREMIUM_EXPENSE":null,"LOAN_DEPOSIT":null,"LOAN_EQUITY":null,"LOAN_ASSETS":null,"DEPOSIT_EQUITY":null,"DEPOSIT_ASSETS":null,"EQUITY_MULTIPLIER":1.947217375199,"EQUITY_RATIO":1.185378676783},{"SECUCODE":"02196.HK","SECURITY_CODE":"02196","SECURITY_NAME_ABBR":"复星医药","ORG_CODE":"10002407","STD_REPORT_DATE":"2024-06-30 00:00:00","REPORT_DATE":"2024-06-30 00:00:00","DATE_TYPE_CODE":"002","REPORT_TYPE":"2024年中报","PER_NETCASH_OPERATE":0.713592620798,"PER_OI":7.627289264921,"BPS":17.567610928453,"BASIC_EPS":0.46,"DILUTED_EPS":0.46,"OPERATE_INCOME":20383158000,"OPERATE_INCOME_YOY":-4.3757994913,"GROSS_PROFIT":9919772000,"GROSS_PROFIT_YOY":-6.570425714294,"HOLDER_PROFIT":1224799000,"HOLDER_PROFIT_YOY":-31.3315676576,"GROSS_PROFIT_RATIO":48.666511832955,"EPS_TTM":0.68843133041,"OPERATE_INCOME_QOQ":-0.540952782722,"NET_PROFIT_RATIO":7.6030024396,"ROE_AVG":2.644966162906,"GROSS_PROFIT_QOQ":-1.050428218777,"ROA":1.070017422087,"HOLDER_PROFIT_QOQ":-8.984260556967,"ROE_YEARLY":5.289932325812,"ROIC_YEARLY":2.747258299363,"TOTAL_ASSETS":115499438000,"TOTAL_LIABILITIES":56675872000,"TAX_EBT":19.752941304401,"OCF_SALES":9.355782847781,"TOTAL_PARENT_EQUITY":46928824000,"DEBT_ASSET_RATIO":49.0702578137,"OPERATE_PROFIT":1610457000,"PRETAX_PROFIT":1931201000,"NETCASH_OPERATE":1907004000,"NETCASH_INVEST":-2649948000,"NETCASH_FINANCE":1090564000,"END_CASH":9867140000,"DIVI_RATIO":0.394906489567,"DIVIDEND_RATE":2.068965517241,"CURRENT_RATIO":0.930379239685,"COMMON_ACS":null,"CURRENTDEBT_DEBT":65.99256381975,"ISSUED_COMMON_SHARES":2671326465,"HK_COMMON_SHARES":551940500,"PER_SHARES":500,"TOTAL_MARKET_CAP":38734233742.5,"HKSK_MARKET_CAP":8003137250,"PE_TTM":16.217410520392,"PB_TTM":0.738457861055,"REPORT_DATE_SQ":"2023-06-30 00:00:00","REPORT_TYPE_SQ":"2023年中报","OPERATE_INCOME_SQ":21315899000,"DPS_HKD":0.3,"OPERATE_INCOME_QOQ_SQ":-1.02059476216,"NET_PROFIT_RATIO_SQ":9.6237789455,"HOLDER_PROFIT_SQ":1783642000,"HOLDER_PROFIT_QOQ_SQ":-6.763981442753,"ROE_AVG_SQ":3.965975197741,"PE_TTM_SQ":10.990888408471,"PB_TTM_SQ":0.873687608346,"ROA_SQ":1.627326441068,"START_DATE":"2024-01-01 00:00:00","FISCAL_YEAR":"12-31","CURRENCY":"HKD","IS_CNY_CODE":0,"DPS_HKD_LY":0.3,"ORG_TYPE":"一般企业","PREMIUM_INCOME":null,"PREMIUM_INCOME_YOY":null,"NET_INTEREST_INCOME":null,"NET_INTEREST_INCOME_YOY":null,"FEE_COMMISSION_INCOME":null,"FEE_COMMISSION_INCOME_YOY":null,"ACCOUNTS_RECE_TDAYS":2.462173511325,"INVENTORY_TDAYS":1.390532435468,"CURRENT_ASSETS_TDAYS":0.594343611863,"TOTAL_ASSETS_TDAYS":0.178072762773,"PREMIUM_EXPENSE":null,"LOAN_DEPOSIT":null,"LOAN_EQUITY":null,"LOAN_ASSETS":null,"DEPOSIT_EQUITY":null,"DEPOSIT_ASSETS":null,"EQUITY_MULTIPLIER":1.963489224709,"EQUITY_RATIO":1.207698535126},{"SECUCODE":"02196.HK","SECURITY_CODE":"02196","SECURITY_NAME_ABBR":"复星医药","ORG_CODE":"10002407","STD_REPORT_DATE":"2024-03-31 00:00:00","REPORT_DATE":"2024-03-31 00:00:00","DATE_TYPE_CODE":"003","REPORT_TYPE":"2024年一季报","PER_NETCASH_OPERATE":0.343254208758,"PER_OI":3.800800838809,"BPS":17.349377837508,"BASIC_EPS":0.23,"DILUTED_EPS":0.23,"OPERATE_INCOME":10157255262.4,"OPERATE_INCOME_YOY":-6.5631855224,"GROSS_PROFIT":5079548864.34,"GROSS_PROFIT_YOY":-8.902167478117,"HOLDER_PROFIT":609733627.26,"HOLDER_PROFIT_YOY":-38.2217696381,"GROSS_PROFIT_RATIO":50.009069705508,"EPS_TTM":0.756387120099,"OPERATE_INCOME_QOQ":-1.729676205865,"NET_PROFIT_RATIO":7.7404883066,"ROE_AVG":1.325066958995,"GROSS_PROFIT_QOQ":-2.525687841916,"ROA":0.536791649836,"HOLDER_PROFIT_QOQ":-15.727386458218,"ROE_YEARLY":5.30026783598,"ROIC_YEARLY":2.734879468558,"TOTAL_ASSETS":113745789425.61,"TOTAL_LIABILITIES":56210115353.13,"TAX_EBT":22.800202451412,"OCF_SALES":9.031102215435,"TOTAL_PARENT_EQUITY":46345852168.62,"DEBT_ASSET_RATIO":49.417315258,"OPERATE_PROFIT":1298642016.12,"PRETAX_PROFIT":1018423857.09,"NETCASH_OPERATE":917312105.03,"NETCASH_INVEST":-1191131165.54,"NETCASH_FINANCE":98637623.6,"END_CASH":9350645239.02,"DIVI_RATIO":0.359427061588,"DIVIDEND_RATE":2.068965517241,"CURRENT_RATIO":1.007061245816,"COMMON_ACS":null,"CURRENTDEBT_DEBT":59.779439913334,"ISSUED_COMMON_SHARES":2671326465,"HK_COMMON_SHARES":551940500,"PER_SHARES":500,"TOTAL_MARKET_CAP":38734233742.5,"HKSK_MARKET_CAP":8003137250,"PE_TTM":16.217410520392,"PB_TTM":0.738457861055,"REPORT_DATE_SQ":"2023-03-31 00:00:00","REPORT_TYPE_SQ":"2023年一季报","OPERATE_INCOME_SQ":10870720838.66,"DPS_HKD":0.3,"OPERATE_INCOME_QOQ_SQ":1.108988900762,"NET_PROFIT_RATIO_SQ":10.2500480575,"HOLDER_PROFIT_SQ":986971662.49,"HOLDER_PROFIT_QOQ_SQ":14.193339760368,"ROE_AVG_SQ":2.195102014737,"PE_TTM_SQ":10.990888408471,"PB_TTM_SQ":0.873687608346,"ROA_SQ":0.920285195608,"START_DATE":"2024-01-01 00:00:00","FISCAL_YEAR":"12-31","CURRENCY":"HKD","IS_CNY_CODE":0,"DPS_HKD_LY":0.3,"ORG_TYPE":"一般企业","PREMIUM_INCOME":null,"PREMIUM_INCOME_YOY":null,"NET_INTEREST_INCOME":null,"NET_INTEREST_INCOME_YOY":null,"FEE_COMMISSION_INCOME":null,"FEE_COMMISSION_INCOME_YOY":null,"ACCOUNTS_RECE_TDAYS":1.230456618104,"INVENTORY_TDAYS":0.684674839113,"CURRENT_ASSETS_TDAYS":0.300368618696,"TOTAL_ASSETS_TDAYS":0.089421504184,"PREMIUM_EXPENSE":null,"LOAN_DEPOSIT":null,"LOAN_EQUITY":null,"LOAN_ASSETS":null,"DEPOSIT_EQUITY":null,"DEPOSIT_ASSETS":null,"EQUITY_MULTIPLIER":1.976961098646,"EQUITY_RATIO":1.212840259116},{"SECUCODE":"02196.HK","SECURITY_CODE":"02196","SECURITY_NAME_ABBR":"复星医药","ORG_CODE":"10002407","STD_REPORT_DATE":"2023-12-31 00:00:00","REPORT_DATE":"2023-12-31 00:00:00","DATE_TYPE_CODE":"001","REPORT_TYPE":"2023年年报","PER_NETCASH_OPERATE":1.277585184406,"PER_OI":15.435011561043,"BPS":17.08753557383,"BASIC_EPS":0.9,"DILUTED_EPS":0.9,"OPERATE_INCOME":41248505000,"OPERATE_INCOME_YOY":-5.8498036526,"GROSS_PROFIT":19653196000,"GROSS_PROFIT_YOY":-4.788846071023,"HOLDER_PROFIT":2398606000,"HOLDER_PROFIT_YOY":-35.8142347755,"GROSS_PROFIT_RATIO":47.645838315837,"EPS_TTM":0.897547955747,"OPERATE_INCOME_QOQ":-3.824383023848,"NET_PROFIT_RATIO":7.0485075762,"ROE_AVG":5.319706850864,"GROSS_PROFIT_QOQ":-5.749161042856,"ROA":2.175168188456,"HOLDER_PROFIT_QOQ":-33.071653897108,"ROE_YEARLY":5.319706850864,"ROIC_YEARLY":2.819375822127,"TOTAL_ASSETS":113469604813.45,"TOTAL_LIABILITIES":56853344377.17,"TAX_EBT":11.275995542139,"OCF_SALES":8.27718968239,"TOTAL_PARENT_EQUITY":45684761548.05,"DEBT_ASSET_RATIO":50.1214202682,"OPERATE_PROFIT":2053245000,"PRETAX_PROFIT":3276908000,"NETCASH_OPERATE":3414217000,"NETCASH_INVEST":-3819290000,"NETCASH_FINANCE":-1336250000,"END_CASH":9502389000,"DIVI_RATIO":0.302898578576,"DIVIDEND_RATE":2.068965517241,"CURRENT_RATIO":1.001036448672,"COMMON_ACS":null,"CURRENTDEBT_DEBT":59.376601161524,"ISSUED_COMMON_SHARES":2671326465,"HK_COMMON_SHARES":551940500,"PER_SHARES":500,"TOTAL_MARKET_CAP":38734233742.5,"HKSK_MARKET_CAP":8003137250,"PE_TTM":16.217410520392,"PB_TTM":0.738457861055,"REPORT_DATE_SQ":"2022-12-31 00:00:00","REPORT_TYPE_SQ":"2022年年报","OPERATE_INCOME_SQ":43811385000,"DPS_HKD":0.3,"OPERATE_INCOME_QOQ_SQ":0.901680925702,"NET_PROFIT_RATIO_SQ":9.0242159658,"HOLDER_PROFIT_SQ":3736975000,"HOLDER_PROFIT_QOQ_SQ":3.091704726686,"ROE_AVG_SQ":8.9326079937,"PE_TTM_SQ":10.990888408471,"PB_TTM_SQ":0.873687608346,"ROA_SQ":3.730445005236,"START_DATE":"2023-01-01 00:00:00","FISCAL_YEAR":"12-31","CURRENCY":"HKD","IS_CNY_CODE":0,"DPS_HKD_LY":0.46,"ORG_TYPE":"一般企业","PREMIUM_INCOME":null,"PREMIUM_INCOME_YOY":null,"NET_INTEREST_INCOME":null,"NET_INTEREST_INCOME_YOY":null,"FEE_COMMISSION_INCOME":null,"FEE_COMMISSION_INCOME_YOY":null,"ACCOUNTS_RECE_TDAYS":5.180756117522,"INVENTORY_TDAYS":2.995146946644,"CURRENT_ASSETS_TDAYS":1.194366941296,"TOTAL_ASSETS_TDAYS":0.374060749858,"PREMIUM_EXPENSE":null,"LOAN_DEPOSIT":null,"LOAN_EQUITY":null,"LOAN_ASSETS":null,"DEPOSIT_EQUITY":null,"DEPOSIT_ASSETS":null,"EQUITY_MULTIPLIER":2.004868633744,"EQUITY_RATIO":1.244470638582},{"SECUCODE":"02196.HK","SECURITY_CODE":"02196","SECURITY_NAME_ABBR":"复星医药","ORG_CODE":"10002407","STD_REPORT_DATE":"2023-09-30 00:00:00","REPORT_DATE":"2023-09-30 00:00:00","DATE_TYPE_CODE":"004","REPORT_TYPE":"2023年三季报","PER_NETCASH_OPERATE":0.921090552574,"PER_OI":11.487294663443,"BPS":17.189728350604,"BASIC_EPS":0.86,"DILUTED_EPS":0.85,"OPERATE_INCOME":30700119056.12,"OPERATE_INCOME_YOY":-2.9176777738,"GROSS_PROFIT":14920597835.84,"GROSS_PROFIT_YOY":1.429726148013,"HOLDER_PROFIT":2283065930.63,"HOLDER_PROFIT_YOY":-6.2857448409,"GROSS_PROFIT_RATIO":48.601107404714,"EPS_TTM":1.340993041712,"OPERATE_INCOME_QOQ":-2.18135518738,"NET_PROFIT_RATIO":8.6442972153,"ROE_AVG":5.048176295793,"GROSS_PROFIT_QOQ":-3.261764761341,"ROA":2.095705323884,"HOLDER_PROFIT_QOQ":-9.925028005656,"ROE_YEARLY":6.730901727724,"ROIC_YEARLY":2.701821125952,"TOTAL_ASSETS":110767244296.81,"TOTAL_LIABILITIES":54784884542.16,"TAX_EBT":19.397278444085,"OCF_SALES":8.018341825125,"TOTAL_PARENT_EQUITY":45919376269.13,"DEBT_ASSET_RATIO":49.4594633007,"OPERATE_PROFIT":4048535294.48,"PRETAX_PROFIT":3292456489.61,"NETCASH_OPERATE":2461640486.64,"NETCASH_INVEST":-3284293030.62,"NETCASH_FINANCE":-396579604.48,"END_CASH":10082162808.86,"DIVI_RATIO":0.202734832727,"DIVIDEND_RATE":2.068965517241,"CURRENT_RATIO":1.011820069951,"COMMON_ACS":null,"CURRENTDEBT_DEBT":62.985069587736,"ISSUED_COMMON_SHARES":2671326465,"HK_COMMON_SHARES":551940500,"PER_SHARES":500,"TOTAL_MARKET_CAP":38734233742.5,"HKSK_MARKET_CAP":8003137250,"PE_TTM":16.217410520392,"PB_TTM":0.738457861055,"REPORT_DATE_SQ":"2022-09-30 00:00:00","REPORT_TYPE_SQ":"2022年三季报","OPERATE_INCOME_SQ":31622769575.5,"DPS_HKD":0.3,"OPERATE_INCOME_QOQ_SQ":0.380815330862,"NET_PROFIT_RATIO_SQ":8.830427099,"HOLDER_PROFIT_SQ":2436199195.9,"HOLDER_PROFIT_QOQ_SQ":-4.768213292819,"ROE_AVG_SQ":5.938134307048,"PE_TTM_SQ":10.990888408471,"PB_TTM_SQ":0.873687608346,"ROA_SQ":2.484602679578,"START_DATE":"2023-01-01 00:00:00","FISCAL_YEAR":"12-31","CURRENCY":"HKD","IS_CNY_CODE":0,"DPS_HKD_LY":0.46,"ORG_TYPE":"一般企业","PREMIUM_INCOME":null,"PREMIUM_INCOME_YOY":null,"NET_INTEREST_INCOME":null,"NET_INTEREST_INCOME_YOY":null,"FEE_COMMISSION_INCOME":null,"FEE_COMMISSION_INCOME_YOY":null,"ACCOUNTS_RECE_TDAYS":3.800905586654,"INVENTORY_TDAYS":2.125998617636,"CURRENT_ASSETS_TDAYS":0.874730235037,"TOTAL_ASSETS_TDAYS":0.281807030128,"PREMIUM_EXPENSE":null,"LOAN_DEPOSIT":null,"LOAN_EQUITY":null,"LOAN_ASSETS":null,"DEPOSIT_EQUITY":null,"DEPOSIT_ASSETS":null,"EQUITY_MULTIPLIER":1.978609776049,"EQUITY_RATIO":1.193066826977},{"SECUCODE":"02196.HK","SECURITY_CODE":"02196","SECURITY_NAME_ABBR":"复星医药","ORG_CODE":"10002407","STD_REPORT_DATE":"2023-06-30 00:00:00","REPORT_DATE":"2023-06-30 00:00:00","DATE_TYPE_CODE":"002","REPORT_TYPE":"2023年中报","PER_NETCASH_OPERATE":0.677358502323,"PER_OI":7.977039561324,"BPS":17.001092376779,"BASIC_EPS":0.67,"DILUTED_EPS":0.67,"OPERATE_INCOME":21315899000,"OPERATE_INCOME_YOY":0.1586683213,"GROSS_PROFIT":10617379000,"GROSS_PROFIT_YOY":9.412554799646,"HOLDER_PROFIT":1783642000,"HOLDER_PROFIT_YOY":15.6793146052,"GROSS_PROFIT_RATIO":49.809670237225,"EPS_TTM":1.48895913646,"OPERATE_INCOME_QOQ":-1.02059476216,"NET_PROFIT_RATIO":9.6237789455,"ROE_AVG":3.965975197741,"GROSS_PROFIT_QOQ":-0.64341080007,"ROA":1.627326441068,"HOLDER_PROFIT_QOQ":-6.763981442753,"ROE_YEARLY":7.931950395481,"ROIC_YEARLY":4.232424617184,"TOTAL_ASSETS":112098144000,"TOTAL_LIABILITIES":56693776000,"TAX_EBT":22.927405659669,"OCF_SALES":8.491351924683,"TOTAL_PARENT_EQUITY":45415468000,"DEBT_ASSET_RATIO":50.575124598,"OPERATE_PROFIT":2071258000,"PRETAX_PROFIT":2661640000,"NETCASH_OPERATE":1810008000,"NETCASH_INVEST":-2362026000,"NETCASH_FINANCE":1399909000,"END_CASH":12059373000,"DIVI_RATIO":0.182587952445,"DIVIDEND_RATE":2.068965517241,"CURRENT_RATIO":1.000875232123,"COMMON_ACS":null,"CURRENTDEBT_DEBT":64.943291129524,"ISSUED_COMMON_SHARES":2671326465,"HK_COMMON_SHARES":551940500,"PER_SHARES":500,"TOTAL_MARKET_CAP":38734233742.5,"HKSK_MARKET_CAP":8003137250,"PE_TTM":16.217410520392,"PB_TTM":0.738457861055,"REPORT_DATE_SQ":"2022-06-30 00:00:00","REPORT_TYPE_SQ":"2022年中报","OPERATE_INCOME_SQ":21282131000,"DPS_HKD":0.3,"OPERATE_INCOME_QOQ_SQ":5.029270093207,"NET_PROFIT_RATIO_SQ":8.7874482846,"HOLDER_PROFIT_SQ":1541885000,"HOLDER_PROFIT_QOQ_SQ":-12.508528585553,"ROE_AVG_SQ":4.020103363358,"PE_TTM_SQ":10.990888408471,"PB_TTM_SQ":0.873687608346,"ROA_SQ":1.618312234483,"START_DATE":"2023-01-01 00:00:00","FISCAL_YEAR":"12-31","CURRENCY":"HKD","IS_CNY_CODE":0,"DPS_HKD_LY":0.46,"ORG_TYPE":"一般企业","PREMIUM_INCOME":null,"PREMIUM_INCOME_YOY":null,"NET_INTEREST_INCOME":null,"NET_INTEREST_INCOME_YOY":null,"FEE_COMMISSION_INCOME":null,"FEE_COMMISSION_INCOME_YOY":null,"ACCOUNTS_RECE_TDAYS":2.584435455916,"INVENTORY_TDAYS":1.450715725541,"CURRENT_ASSETS_TDAYS":0.591039459946,"TOTAL_ASSETS_TDAYS":0.194478073839,"PREMIUM_EXPENSE":null,"LOAN_DEPOSIT":null,"LOAN_EQUITY":null,"LOAN_ASSETS":null,"DEPOSIT_EQUITY":null,"DEPOSIT_ASSETS":null,"EQUITY_MULTIPLIER":2.023272677708,"EQUITY_RATIO":1.248336271686},{"SECUCODE":"02196.HK","SECURITY_CODE":"02196","SECURITY_NAME_ABBR":"复星医药","ORG_CODE":"10002407","STD_REPORT_DATE":"2023-03-31 00:00:00","REPORT_DATE":"2023-03-31 00:00:00","DATE_TYPE_CODE":"003","REPORT_TYPE":"2023年一季报","PER_NETCASH_OPERATE":0.326793733857,"PER_OI":4.068145105684,"BPS":16.992741663401,"BASIC_EPS":0.37,"DILUTED_EPS":0.37,"OPERATE_INCOME":10870720838.66,"OPERATE_INCOME_YOY":4.6785755091,"GROSS_PROFIT":5575927246.26,"GROSS_PROFIT_YOY":23.280806860028,"HOLDER_PROFIT":986971662.49,"HOLDER_PROFIT_YOY":116.1708911482,"GROSS_PROFIT_RATIO":51.293077331451,"EPS_TTM":1.596978463367,"OPERATE_INCOME_QOQ":1.108988900762,"NET_PROFIT_RATIO":10.2500480575,"ROE_AVG":2.195102014737,"GROSS_PROFIT_QOQ":5.101222911927,"ROA":0.920285195608,"HOLDER_PROFIT_QOQ":14.193339760368,"ROE_YEARLY":8.78040805895,"ROIC_YEARLY":4.826353496005,"TOTAL_ASSETS":107379375391.79,"TOTAL_LIABILITIES":52331660768.93,"TAX_EBT":19.534730524923,"OCF_SALES":8.032991089739,"TOTAL_PARENT_EQUITY":45393160518.35,"DEBT_ASSET_RATIO":48.7353000313,"OPERATE_PROFIT":1646020090.88,"PRETAX_PROFIT":1384764032.27,"NETCASH_OPERATE":873244036.36,"NETCASH_INVEST":-137175389.04,"NETCASH_FINANCE":281971154.45,"END_CASH":12120741361.41,"DIVI_RATIO":0.170237737225,"DIVIDEND_RATE":2.068965517241,"CURRENT_RATIO":1.083523910291,"COMMON_ACS":null,"CURRENTDEBT_DEBT":62.042901012224,"ISSUED_COMMON_SHARES":2671326465,"HK_COMMON_SHARES":551940500,"PER_SHARES":500,"TOTAL_MARKET_CAP":38734233742.5,"HKSK_MARKET_CAP":8003137250,"PE_TTM":16.217410520392,"PB_TTM":0.738457861055,"REPORT_DATE_SQ":"2022-03-31 00:00:00","REPORT_TYPE_SQ":"2022年一季报","OPERATE_INCOME_SQ":10384857441.74,"DPS_HKD":0.3,"OPERATE_INCOME_QOQ_SQ":5.98541904924,"NET_PROFIT_RATIO_SQ":6.2058280634,"HOLDER_PROFIT_SQ":456570103.98,"HOLDER_PROFIT_QOQ_SQ":-8.123578547369,"ROE_AVG_SQ":1.194083300592,"PE_TTM_SQ":10.990888408471,"PB_TTM_SQ":0.873687608346,"ROA_SQ":0.489401144942,"START_DATE":"2023-01-01 00:00:00","FISCAL_YEAR":"12-31","CURRENCY":"HKD","IS_CNY_CODE":0,"DPS_HKD_LY":0.46,"ORG_TYPE":"一般企业","PREMIUM_INCOME":null,"PREMIUM_INCOME_YOY":null,"NET_INTEREST_INCOME":null,"NET_INTEREST_INCOME_YOY":null,"FEE_COMMISSION_INCOME":null,"FEE_COMMISSION_INCOME_YOY":null,"ACCOUNTS_RECE_TDAYS":1.347211225207,"INVENTORY_TDAYS":0.729685941628,"CURRENT_ASSETS_TDAYS":0.308568175853,"TOTAL_ASSETS_TDAYS":0.101362215691,"PREMIUM_EXPENSE":null,"LOAN_DEPOSIT":null,"LOAN_EQUITY":null,"LOAN_ASSETS":null,"DEPOSIT_EQUITY":null,"DEPOSIT_ASSETS":null,"EQUITY_MULTIPLIER":1.950660007004,"EQUITY_RATIO":1.152853429269},{"SECUCODE":"02196.HK","SECURITY_CODE":"02196","SECURITY_NAME_ABBR":"复星医药","ORG_CODE":"10002407","STD_REPORT_DATE":"2022-12-31 00:00:00","REPORT_DATE":"2022-12-31 00:00:00","DATE_TYPE_CODE":"001","REPORT_TYPE":"2022年年报","PER_NETCASH_OPERATE":1.578339750986,"PER_OI":16.395515449824,"BPS":16.670272833912,"BASIC_EPS":1.43,"DILUTED_EPS":1.43,"OPERATE_INCOME":43811385000,"OPERATE_INCOME_YOY":12.7294896323,"GROSS_PROFIT":20641695000,"GROSS_PROFIT_YOY":10.772051608454,"HOLDER_PROFIT":3736975000,"HOLDER_PROFIT_YOY":-20.9726498405,"GROSS_PROFIT_RATIO":47.114910884465,"EPS_TTM":1.39848652007,"OPERATE_INCOME_QOQ":0.901680925702,"NET_PROFIT_RATIO":9.0242159658,"ROE_AVG":8.9326079937,"GROSS_PROFIT_QOQ":3.62338678231,"ROA":3.730445005236,"HOLDER_PROFIT_QOQ":3.091704726686,"ROE_YEARLY":8.9326079937,"ROIC_YEARLY":4.819087821429,"TOTAL_ASSETS":107113190000,"TOTAL_LIABILITIES":53054997000,"TAX_EBT":13.686516384925,"OCF_SALES":9.626655263238,"TOTAL_PARENT_EQUITY":44531741000,"DEBT_ASSET_RATIO":49.5317122009,"OPERATE_PROFIT":3426578000,"PRETAX_PROFIT":4580552000,"NETCASH_OPERATE":4217571000,"NETCASH_INVEST":-4064038000,"NETCASH_FINANCE":4428475000,"END_CASH":11170067000,"DIVI_RATIO":0.194400157669,"DIVIDEND_RATE":2.097902097902,"CURRENT_RATIO":1.059496150978,"COMMON_ACS":null,"CURRENTDEBT_DEBT":62.761420945891,"ISSUED_COMMON_SHARES":2671326465,"HK_COMMON_SHARES":551940500,"PER_SHARES":500,"TOTAL_MARKET_CAP":38199968449.5,"HKSK_MARKET_CAP":7892749150,"PE_TTM":15.993722099421,"PB_TTM":0.728272235385,"REPORT_DATE_SQ":"2021-12-31 00:00:00","REPORT_TYPE_SQ":"2021年年报","OPERATE_INCOME_SQ":38864174000,"DPS_HKD":0.3,"OPERATE_INCOME_QOQ_SQ":10.679059641198,"NET_PROFIT_RATIO_SQ":12.8350071806,"HOLDER_PROFIT_SQ":4728711000,"HOLDER_PROFIT_QOQ_SQ":-0.279995522221,"ROE_AVG_SQ":12.449162955891,"PE_TTM_SQ":10.923706938981,"PB_TTM_SQ":0.868347219542,"ROA_SQ":5.354640610032,"START_DATE":"2022-01-01 00:00:00","FISCAL_YEAR":"12-31","CURRENCY":"HKD","IS_CNY_CODE":0,"DPS_HKD_LY":0.66,"ORG_TYPE":"一般企业","PREMIUM_INCOME":null,"PREMIUM_INCOME_YOY":null,"NET_INTEREST_INCOME":null,"NET_INTEREST_INCOME_YOY":null,"FEE_COMMISSION_INCOME":null,"FEE_COMMISSION_INCOME_YOY":null,"ACCOUNTS_RECE_TDAYS":6.415072997518,"INVENTORY_TDAYS":3.750734839006,"CURRENT_ASSETS_TDAYS":1.333602571906,"TOTAL_ASSETS_TDAYS":0.437348289313,"PREMIUM_EXPENSE":null,"LOAN_DEPOSIT":null,"LOAN_EQUITY":null,"LOAN_ASSETS":null,"DEPOSIT_EQUITY":null,"DEPOSIT_ASSETS":null,"EQUITY_MULTIPLIER":1.981442294973,"EQUITY_RATIO":1.191397322642},{"SECUCODE":"02196.HK","SECURITY_CODE":"02196","SECURITY_NAME_ABBR":"复星医药","ORG_CODE":"10002407","STD_REPORT_DATE":"2022-09-30 00:00:00","REPORT_DATE":"2022-09-30 00:00:00","DATE_TYPE_CODE":"004","REPORT_TYPE":"2022年三季报","PER_NETCASH_OPERATE":1.188806303242,"PER_OI":11.845263555085,"BPS":16.293744836433,"BASIC_EPS":0.94,"DILUTED_EPS":0.94,"OPERATE_INCOME":31622769575.5,"OPERATE_INCOME_YOY":16.8653653769,"GROSS_PROFIT":14710281100.5,"GROSS_PROFIT_YOY":9.679627493268,"HOLDER_PROFIT":2436199195.9,"HOLDER_PROFIT_YOY":-31.1486503389,"GROSS_PROFIT_RATIO":46.510962385385,"EPS_TTM":1.357817169275,"OPERATE_INCOME_QOQ":0.380815330862,"NET_PROFIT_RATIO":8.830427099,"ROE_AVG":5.938134307048,"GROSS_PROFIT_QOQ":1.077111278739,"ROA":2.484602679578,"HOLDER_PROFIT_QOQ":-4.768213292819,"ROE_YEARLY":7.917512409397,"ROIC_YEARLY":3.197732088756,"TOTAL_ASSETS":104329254170.04,"TOTAL_LIABILITIES":51102915979.57,"TAX_EBT":18.140778716005,"OCF_SALES":10.04016381956,"TOTAL_PARENT_EQUITY":43525911795.52,"DEBT_ASSET_RATIO":48.9823457343,"OPERATE_PROFIT":3750148550.81,"PRETAX_PROFIT":3371077475.69,"NETCASH_OPERATE":3143732680.92,"NETCASH_INVEST":-4202560488.2,"NETCASH_FINANCE":4973067892.84,"END_CASH":10693274922.81,"DIVI_RATIO":0.200222832758,"DIVIDEND_RATE":2.068965517241,"CURRENT_RATIO":1.104966304035,"COMMON_ACS":null,"CURRENTDEBT_DEBT":61.173664849473,"ISSUED_COMMON_SHARES":2671326465,"HK_COMMON_SHARES":551940500,"PER_SHARES":500,"TOTAL_MARKET_CAP":38734233742.5,"HKSK_MARKET_CAP":8003137250,"PE_TTM":16.217410520392,"PB_TTM":0.738457861055,"REPORT_DATE_SQ":"2021-09-30 00:00:00","REPORT_TYPE_SQ":"2021年三季报","OPERATE_INCOME_SQ":27048280045.37,"DPS_HKD":0.3,"OPERATE_INCOME_QOQ_SQ":6.147059024989,"NET_PROFIT_RATIO_SQ":14.5478460613,"HOLDER_PROFIT_SQ":3564733323.53,"HOLDER_PROFIT_QOQ_SQ":7.179584575788,"ROE_AVG_SQ":9.396042432565,"PE_TTM_SQ":10.990888408471,"PB_TTM_SQ":0.873687608346,"ROA_SQ":4.099000011524,"START_DATE":"2022-01-01 00:00:00","FISCAL_YEAR":"12-31","CURRENCY":"HKD","IS_CNY_CODE":0,"DPS_HKD_LY":0.66,"ORG_TYPE":"一般企业","PREMIUM_INCOME":null,"PREMIUM_INCOME_YOY":null,"NET_INTEREST_INCOME":null,"NET_INTEREST_INCOME_YOY":null,"FEE_COMMISSION_INCOME":null,"FEE_COMMISSION_INCOME_YOY":null,"ACCOUNTS_RECE_TDAYS":4.558160065313,"INVENTORY_TDAYS":2.761542549481,"CURRENT_ASSETS_TDAYS":0.973103135316,"TOTAL_ASSETS_TDAYS":0.319994799878,"PREMIUM_EXPENSE":null,"LOAN_DEPOSIT":null,"LOAN_EQUITY":null,"LOAN_ASSETS":null,"DEPOSIT_EQUITY":null,"DEPOSIT_ASSETS":null,"EQUITY_MULTIPLIER":1.96010579944,"EQUITY_RATIO":1.174080309211}],"count":56},"success":true,"message":"ok","code":0}