{"version":"07ea654c0ce4fec51b1399a66367d064","result":{"pages":7,"data":[{"SECUCODE":"02208.HK","SECURITY_CODE":"02208","SECURITY_NAME_ABBR":"金风科技","ORG_CODE":"10088683","STD_REPORT_DATE":"2024-09-30 00:00:00","REPORT_DATE":"2024-09-30 00:00:00","DATE_TYPE_CODE":"004","REPORT_TYPE":"2024年三季报","PER_NETCASH_OPERATE":-1.54011783786,"PER_OI":8.48250961809,"BPS":8.690075599883,"BASIC_EPS":0.4093,"DILUTED_EPS":0.4093,"OPERATE_INCOME":35839176952.76,"OPERATE_INCOME_YOY":22.2378650499,"GROSS_PROFIT":5889849305.24,"GROSS_PROFIT_YOY":41.261076797769,"HOLDER_PROFIT":1792112154.82,"HOLDER_PROFIT_YOY":42.1449866783,"GROSS_PROFIT_RATIO":16.434108721312,"EPS_TTM":0.440785042576,"OPERATE_INCOME_QOQ":10.268370164322,"NET_PROFIT_RATIO":5.1972272354,"ROE_AVG":4.720677573973,"GROSS_PROFIT_QOQ":4.561946137009,"ROA":1.195508176073,"HOLDER_PROFIT_QOQ":26.991397468418,"ROE_YEARLY":6.294236765298,"ROIC_YEARLY":1.328454484088,"TOTAL_ASSETS":156312994910.3,"TOTAL_LIABILITIES":115236505756.88,"TAX_EBT":21.205223968459,"OCF_SALES":-18.156393652363,"TOTAL_PARENT_EQUITY":38316157267.05,"DEBT_ASSET_RATIO":73.72164152,"OPERATE_PROFIT":3040841842.18,"PRETAX_PROFIT":2363917456.64,"NETCASH_OPERATE":-6507102049.31,"NETCASH_INVEST":-2266466858.83,"NETCASH_FINANCE":6465573455.07,"END_CASH":10271707408.92,"DIVI_RATIO":0.225473048766,"DIVIDEND_RATE":2.163116370809,"CURRENT_RATIO":1.043015890462,"COMMON_ACS":null,"CURRENTDEBT_DEBT":61.156545450583,"ISSUED_COMMON_SHARES":4225067647,"HK_COMMON_SHARES":773572399,"PER_SHARES":200,"TOTAL_MARKET_CAP":21421092970.29,"HKSK_MARKET_CAP":3922012062.93,"PE_TTM":10.288290396085,"PB_TTM":0.526126067311,"REPORT_DATE_SQ":"2023-09-30 00:00:00","REPORT_TYPE_SQ":"2023年三季报","OPERATE_INCOME_SQ":29319210490.24,"DPS_HKD":0.10967,"OPERATE_INCOME_QOQ_SQ":1.558676003386,"NET_PROFIT_RATIO_SQ":4.6673350284,"HOLDER_PROFIT_SQ":1260763532.15,"HOLDER_PROFIT_QOQ_SQ":-25.394884341285,"ROE_AVG_SQ":3.320911842805,"PE_TTM_SQ":8.494813339839,"PB_TTM_SQ":0.313133305023,"ROA_SQ":0.892871515418,"START_DATE":"2024-01-01 00:00:00","FISCAL_YEAR":"12-31","CURRENCY":"HKD","IS_CNY_CODE":0,"DPS_HKD_LY":0.10967,"ORG_TYPE":"一般企业","PREMIUM_INCOME":null,"PREMIUM_INCOME_YOY":null,"NET_INTEREST_INCOME":null,"NET_INTEREST_INCOME_YOY":null,"FEE_COMMISSION_INCOME":null,"FEE_COMMISSION_INCOME_YOY":null,"ACCOUNTS_RECE_TDAYS":1.21159995506,"INVENTORY_TDAYS":1.627346118418,"CURRENT_ASSETS_TDAYS":0.521920867767,"TOTAL_ASSETS_TDAYS":0.239081181139,"PREMIUM_EXPENSE":null,"LOAN_DEPOSIT":null,"LOAN_EQUITY":null,"LOAN_ASSETS":null,"DEPOSIT_EQUITY":null,"DEPOSIT_ASSETS":null,"EQUITY_MULTIPLIER":3.805412734441,"EQUITY_RATIO":3.007517297565},{"SECUCODE":"02208.HK","SECURITY_CODE":"02208","SECURITY_NAME_ABBR":"金风科技","ORG_CODE":"10088683","STD_REPORT_DATE":"2024-06-30 00:00:00","REPORT_DATE":"2024-06-30 00:00:00","DATE_TYPE_CODE":"002","REPORT_TYPE":"2024年中报","PER_NETCASH_OPERATE":-1.9291478104,"PER_OI":4.767534080621,"BPS":8.992311880965,"BASIC_EPS":0.32,"DILUTED_EPS":0.32,"OPERATE_INCOME":20143154000,"OPERATE_INCOME_YOY":6.5261594739,"GROSS_PROFIT":3693741000,"GROSS_PROFIT_YOY":52.946074654015,"HOLDER_PROFIT":1386844000,"HOLDER_PROFIT_YOY":10.8297744476,"GROSS_PROFIT_RATIO":18.337451026786,"EPS_TTM":0.347098347891,"OPERATE_INCOME_QOQ":-0.349429125404,"NET_PROFIT_RATIO":7.1289332346,"ROE_AVG":3.668752673663,"GROSS_PROFIT_QOQ":9.748962894559,"ROA":0.964068557225,"HOLDER_PROFIT_QOQ":241.931533410985,"ROE_YEARLY":7.337505347326,"ROIC_YEARLY":2.128358154726,"TOTAL_ASSETS":144211910000,"TOTAL_LIABILITIES":103520647000,"TAX_EBT":22.165544402474,"OCF_SALES":-40.464268902477,"TOTAL_PARENT_EQUITY":37993126000,"DEBT_ASSET_RATIO":71.7837014987,"OPERATE_PROFIT":2322616000,"PRETAX_PROFIT":1844931000,"NETCASH_OPERATE":-8150780000,"NETCASH_INVEST":-836625000,"NETCASH_FINANCE":4085818000,"END_CASH":7711708000,"DIVI_RATIO":0.286331375542,"DIVIDEND_RATE":1.535994397759,"CURRENT_RATIO":1.073482612856,"COMMON_ACS":null,"CURRENTDEBT_DEBT":57.634792410059,"ISSUED_COMMON_SHARES":4225067647,"HK_COMMON_SHARES":773572399,"PER_SHARES":200,"TOTAL_MARKET_CAP":30166982999.58,"HKSK_MARKET_CAP":5523306928.86,"PE_TTM":14.48883499567,"PB_TTM":0.740934935029,"REPORT_DATE_SQ":"2023-06-30 00:00:00","REPORT_TYPE_SQ":"2023年中报","OPERATE_INCOME_SQ":18909115000,"DPS_HKD":0.10967,"OPERATE_INCOME_QOQ_SQ":7.078637679338,"NET_PROFIT_RATIO_SQ":7.1147433394,"HOLDER_PROFIT_SQ":1251328000,"HOLDER_PROFIT_QOQ_SQ":-27.114195240381,"ROE_AVG_SQ":3.252570553248,"PE_TTM_SQ":9.737956755425,"PB_TTM_SQ":0.358957691124,"ROA_SQ":0.911382746085,"START_DATE":"2024-01-01 00:00:00","FISCAL_YEAR":"12-31","CURRENCY":"HKD","IS_CNY_CODE":0,"DPS_HKD_LY":0.10967,"ORG_TYPE":"一般企业","PREMIUM_INCOME":null,"PREMIUM_INCOME_YOY":null,"NET_INTEREST_INCOME":null,"NET_INTEREST_INCOME_YOY":null,"FEE_COMMISSION_INCOME":null,"FEE_COMMISSION_INCOME_YOY":null,"ACCOUNTS_RECE_TDAYS":0.735023665788,"INVENTORY_TDAYS":0.955101846957,"CURRENT_ASSETS_TDAYS":0.315037920584,"TOTAL_ASSETS_TDAYS":0.140025708838,"PREMIUM_EXPENSE":null,"LOAN_DEPOSIT":null,"LOAN_EQUITY":null,"LOAN_ASSETS":null,"DEPOSIT_EQUITY":null,"DEPOSIT_ASSETS":null,"EQUITY_MULTIPLIER":3.544050967401,"EQUITY_RATIO":2.724720440219},{"SECUCODE":"02208.HK","SECURITY_CODE":"02208","SECURITY_NAME_ABBR":"金风科技","ORG_CODE":"10088683","STD_REPORT_DATE":"2024-03-31 00:00:00","REPORT_DATE":"2024-03-31 00:00:00","DATE_TYPE_CODE":"003","REPORT_TYPE":"2024年一季报","PER_NETCASH_OPERATE":-1.432903687883,"PER_OI":1.651839584807,"BPS":8.483580376213,"BASIC_EPS":0.0726,"DILUTED_EPS":0.0726,"OPERATE_INCOME":6979133987.8,"OPERATE_INCOME_YOY":25.4205447157,"GROSS_PROFIT":1822797358.7,"GROSS_PROFIT_YOY":29.812823177796,"HOLDER_PROFIT":332623657.47,"HOLDER_PROFIT_YOY":-73.0610324526,"GROSS_PROFIT_RATIO":26.117815790417,"EPS_TTM":0.101511066975,"OPERATE_INCOME_QOQ":2.8153725208,"NET_PROFIT_RATIO":5.5399317559,"ROE_AVG":0.881082381971,"GROSS_PROFIT_QOQ":4.981597751578,"ROA":0.23298949296,"HOLDER_PROFIT_QOQ":-67.776726569837,"ROE_YEARLY":3.524329527882,"ROIC_YEARLY":1.040740669179,"TOTAL_ASSETS":142032144785.42,"TOTAL_LIABILITIES":101464453169.71,"TAX_EBT":25.958482250858,"OCF_SALES":-86.745934718018,"TOTAL_PARENT_EQUITY":37893519160.08,"DEBT_ASSET_RATIO":71.4376687918,"OPERATE_PROFIT":710482675.63,"PRETAX_PROFIT":522192510.14,"NETCASH_OPERATE":-6054115012.94,"NETCASH_INVEST":-286416633.54,"NETCASH_FINANCE":3354818641.01,"END_CASH":9622787087.34,"DIVI_RATIO":0.979057263029,"DIVIDEND_RATE":1.535994397759,"CURRENT_RATIO":1.07553872373,"COMMON_ACS":null,"CURRENTDEBT_DEBT":57.876834290219,"ISSUED_COMMON_SHARES":4225067647,"HK_COMMON_SHARES":773572399,"PER_SHARES":200,"TOTAL_MARKET_CAP":30166982999.58,"HKSK_MARKET_CAP":5523306928.86,"PE_TTM":14.48883499567,"PB_TTM":0.740934935029,"REPORT_DATE_SQ":"2023-03-31 00:00:00","REPORT_TYPE_SQ":"2023年一季报","OPERATE_INCOME_SQ":5564585932.57,"DPS_HKD":0.10967,"OPERATE_INCOME_QOQ_SQ":-1.769974980506,"NET_PROFIT_RATIO_SQ":22.876669171,"HOLDER_PROFIT_SQ":1234730532.58,"HOLDER_PROFIT_QOQ_SQ":-1.285834937672,"ROE_AVG_SQ":3.189662852672,"PE_TTM_SQ":9.737956755425,"PB_TTM_SQ":0.358957691124,"ROA_SQ":0.926256199215,"START_DATE":"2024-01-01 00:00:00","FISCAL_YEAR":"12-31","CURRENCY":"HKD","IS_CNY_CODE":0,"DPS_HKD_LY":0.10967,"ORG_TYPE":"一般企业","PREMIUM_INCOME":null,"PREMIUM_INCOME_YOY":null,"NET_INTEREST_INCOME":null,"NET_INTEREST_INCOME_YOY":null,"FEE_COMMISSION_INCOME":null,"FEE_COMMISSION_INCOME_YOY":null,"ACCOUNTS_RECE_TDAYS":0.264686305983,"INVENTORY_TDAYS":0.31518140208,"CURRENT_ASSETS_TDAYS":0.109916399877,"TOTAL_ASSETS_TDAYS":0.048886026372,"PREMIUM_EXPENSE":null,"LOAN_DEPOSIT":null,"LOAN_EQUITY":null,"LOAN_ASSETS":null,"DEPOSIT_EQUITY":null,"DEPOSIT_ASSETS":null,"EQUITY_MULTIPLIER":3.501114781951,"EQUITY_RATIO":2.677620221576},{"SECUCODE":"02208.HK","SECURITY_CODE":"02208","SECURITY_NAME_ABBR":"金风科技","ORG_CODE":"10088683","STD_REPORT_DATE":"2023-12-31 00:00:00","REPORT_DATE":"2023-12-31 00:00:00","DATE_TYPE_CODE":"001","REPORT_TYPE":"2023年年报","PER_NETCASH_OPERATE":0.4388192462,"PER_OI":11.891815752507,"BPS":8.90160871784,"BASIC_EPS":0.29,"DILUTED_EPS":0.29,"OPERATE_INCOME":50243726000,"OPERATE_INCOME_YOY":8.6267829827,"GROSS_PROFIT":8403404000,"GROSS_PROFIT_YOY":4.543459524231,"HOLDER_PROFIT":1330998000,"HOLDER_PROFIT_YOY":-44.1562653534,"GROSS_PROFIT_RATIO":16.725280286737,"EPS_TTM":0.315024068537,"OPERATE_INCOME_QOQ":1.688723499664,"NET_PROFIT_RATIO":3.0296359788,"ROE_AVG":3.516276036696,"GROSS_PROFIT_QOQ":15.763975773196,"ROA":0.949637806098,"HOLDER_PROFIT_QOQ":4.035945119559,"ROE_YEARLY":3.516276036696,"ROIC_YEARLY":1.079887902599,"TOTAL_ASSETS":143494599671.63,"TOTAL_LIABILITIES":103265686247.4,"TAX_EBT":39.57660011448,"OCF_SALES":3.690094560264,"TOTAL_PARENT_EQUITY":37609898971.17,"DEBT_ASSET_RATIO":71.9648593048,"OPERATE_PROFIT":3643549000,"PRETAX_PROFIT":2519226000,"NETCASH_OPERATE":1854041000,"NETCASH_INVEST":-1823702000,"NETCASH_FINANCE":-1993155000,"END_CASH":12634213000,"DIVI_RATIO":0.315484298904,"DIVIDEND_RATE":1.535994397759,"CURRENT_RATIO":1.012851128039,"COMMON_ACS":null,"CURRENTDEBT_DEBT":61.026664215314,"ISSUED_COMMON_SHARES":4225067647,"HK_COMMON_SHARES":773572399,"PER_SHARES":200,"TOTAL_MARKET_CAP":30166982999.58,"HKSK_MARKET_CAP":5523306928.86,"PE_TTM":14.48883499567,"PB_TTM":0.740934935029,"REPORT_DATE_SQ":"2022-12-31 00:00:00","REPORT_TYPE_SQ":"2022年年报","OPERATE_INCOME_SQ":46253534000,"DPS_HKD":0.10967,"OPERATE_INCOME_QOQ_SQ":8.178178229406,"NET_PROFIT_RATIO_SQ":5.2685163473,"HOLDER_PROFIT_SQ":2383433000,"HOLDER_PROFIT_QOQ_SQ":-7.598199570168,"ROE_AVG_SQ":6.448100617113,"PE_TTM_SQ":9.737956755425,"PB_TTM_SQ":0.358957691124,"ROA_SQ":1.860730025466,"START_DATE":"2023-01-01 00:00:00","FISCAL_YEAR":"12-31","CURRENCY":"HKD","IS_CNY_CODE":0,"DPS_HKD_LY":0.13154,"ORG_TYPE":"一般企业","PREMIUM_INCOME":null,"PREMIUM_INCOME_YOY":null,"NET_INTEREST_INCOME":null,"NET_INTEREST_INCOME_YOY":null,"FEE_COMMISSION_INCOME":null,"FEE_COMMISSION_INCOME_YOY":null,"ACCOUNTS_RECE_TDAYS":1.908814675564,"INVENTORY_TDAYS":3.333239487112,"CURRENT_ASSETS_TDAYS":0.796240634664,"TOTAL_ASSETS_TDAYS":0.358477937073,"PREMIUM_EXPENSE":null,"LOAN_DEPOSIT":null,"LOAN_EQUITY":null,"LOAN_ASSETS":null,"DEPOSIT_EQUITY":null,"DEPOSIT_ASSETS":null,"EQUITY_MULTIPLIER":3.566951958159,"EQUITY_RATIO":2.745704962583},{"SECUCODE":"02208.HK","SECURITY_CODE":"02208","SECURITY_NAME_ABBR":"金风科技","ORG_CODE":"10088683","STD_REPORT_DATE":"2023-09-30 00:00:00","REPORT_DATE":"2023-09-30 00:00:00","DATE_TYPE_CODE":"004","REPORT_TYPE":"2023年三季报","PER_NETCASH_OPERATE":-1.117657127095,"PER_OI":6.939346997452,"BPS":8.410469463811,"BASIC_EPS":0.2786,"DILUTED_EPS":0.2786,"OPERATE_INCOME":29319210490.24,"OPERATE_INCOME_YOY":12.0619040604,"GROSS_PROFIT":4169477848.22,"GROSS_PROFIT_YOY":-29.74286604141,"HOLDER_PROFIT":1260763532.15,"HOLDER_PROFIT_YOY":-46.6869938902,"GROSS_PROFIT_RATIO":17.583996374344,"EPS_TTM":0.302803101538,"OPERATE_INCOME_QOQ":1.558676003386,"NET_PROFIT_RATIO":4.6673350284,"ROE_AVG":3.320911842805,"GROSS_PROFIT_QOQ":1.383851815503,"ROA":0.892871515418,"HOLDER_PROFIT_QOQ":-25.394884341285,"ROE_YEARLY":4.427882457074,"ROIC_YEARLY":1.01637198404,"TOTAL_ASSETS":145584107228.56,"TOTAL_LIABILITIES":105189530397.39,"TAX_EBT":35.758221921056,"OCF_SALES":-16.106085017883,"TOTAL_PARENT_EQUITY":37833677427.63,"DEBT_ASSET_RATIO":72.2534433187,"OPERATE_PROFIT":2908446500.3,"PRETAX_PROFIT":2130118160.13,"NETCASH_OPERATE":-4722176968.13,"NETCASH_INVEST":1089836449.82,"NETCASH_FINANCE":1701281011.55,"END_CASH":12774415641.63,"DIVI_RATIO":0.328217072068,"DIVIDEND_RATE":1.535994397759,"CURRENT_RATIO":1.071815581341,"COMMON_ACS":null,"CURRENTDEBT_DEBT":59.31368375871,"ISSUED_COMMON_SHARES":4225067647,"HK_COMMON_SHARES":773572399,"PER_SHARES":200,"TOTAL_MARKET_CAP":30166982999.58,"HKSK_MARKET_CAP":5523306928.86,"PE_TTM":14.48883499567,"PB_TTM":0.740934935029,"REPORT_DATE_SQ":"2022-09-30 00:00:00","REPORT_TYPE_SQ":"2022年三季报","OPERATE_INCOME_SQ":26163405606.99,"DPS_HKD":0.10967,"OPERATE_INCOME_QOQ_SQ":-12.469746611307,"NET_PROFIT_RATIO_SQ":9.1864401603,"HOLDER_PROFIT_SQ":2364832944.43,"HOLDER_PROFIT_QOQ_SQ":-22.682907592589,"ROE_AVG_SQ":6.405203759427,"PE_TTM_SQ":9.737956755425,"PB_TTM_SQ":0.358957691124,"ROA_SQ":1.921565205183,"START_DATE":"2023-01-01 00:00:00","FISCAL_YEAR":"12-31","CURRENCY":"HKD","IS_CNY_CODE":0,"DPS_HKD_LY":0.13154,"ORG_TYPE":"一般企业","PREMIUM_INCOME":null,"PREMIUM_INCOME_YOY":null,"NET_INTEREST_INCOME":null,"NET_INTEREST_INCOME_YOY":null,"FEE_COMMISSION_INCOME":null,"FEE_COMMISSION_INCOME_YOY":null,"ACCOUNTS_RECE_TDAYS":1.107344034024,"INVENTORY_TDAYS":1.766303860545,"CURRENT_ASSETS_TDAYS":0.453698402653,"TOTAL_ASSETS_TDAYS":0.207638365433,"PREMIUM_EXPENSE":null,"LOAN_DEPOSIT":null,"LOAN_EQUITY":null,"LOAN_ASSETS":null,"DEPOSIT_EQUITY":null,"DEPOSIT_ASSETS":null,"EQUITY_MULTIPLIER":3.604050807046,"EQUITY_RATIO":2.780314723532},{"SECUCODE":"02208.HK","SECURITY_CODE":"02208","SECURITY_NAME_ABBR":"金风科技","ORG_CODE":"10088683","STD_REPORT_DATE":"2023-06-30 00:00:00","REPORT_DATE":"2023-06-30 00:00:00","DATE_TYPE_CODE":"002","REPORT_TYPE":"2023年中报","PER_NETCASH_OPERATE":-1.910323259731,"PER_OI":4.475458520392,"BPS":9.194849939878,"BASIC_EPS":0.28,"DILUTED_EPS":0.28,"OPERATE_INCOME":18909115000,"OPERATE_INCOME_YOY":14.5200332227,"GROSS_PROFIT":2415061000,"GROSS_PROFIT_YOY":-40.821223840089,"HOLDER_PROFIT":1251328000,"HOLDER_PROFIT_YOY":-34.8237473137,"GROSS_PROFIT_RATIO":16.937683228432,"EPS_TTM":0.405874448239,"OPERATE_INCOME_QOQ":7.078637679338,"NET_PROFIT_RATIO":7.1147433394,"ROE_AVG":3.252570553248,"GROSS_PROFIT_QOQ":-7.613646668209,"ROA":0.911382746085,"HOLDER_PROFIT_QOQ":-27.114195240381,"ROE_YEARLY":6.505141106495,"ROIC_YEARLY":2.050931136402,"TOTAL_ASSETS":137777510000,"TOTAL_LIABILITIES":96385556000,"TAX_EBT":32.091686205426,"OCF_SALES":-42.684414368414,"TOTAL_PARENT_EQUITY":38848863000,"DEBT_ASSET_RATIO":69.9573943527,"OPERATE_PROFIT":2437953000,"PRETAX_PROFIT":1981105000,"NETCASH_OPERATE":-8071245000,"NETCASH_INVEST":1751715000,"NETCASH_FINANCE":953731000,"END_CASH":9444525000,"DIVI_RATIO":0.244866726228,"DIVIDEND_RATE":1.535994397759,"CURRENT_RATIO":1.105430638153,"COMMON_ACS":null,"CURRENTDEBT_DEBT":59.045183077016,"ISSUED_COMMON_SHARES":4225067647,"HK_COMMON_SHARES":773572399,"PER_SHARES":200,"TOTAL_MARKET_CAP":30166982999.58,"HKSK_MARKET_CAP":5523306928.86,"PE_TTM":14.48883499567,"PB_TTM":0.740934935029,"REPORT_DATE_SQ":"2022-06-30 00:00:00","REPORT_TYPE_SQ":"2022年中报","OPERATE_INCOME_SQ":16511622000,"DPS_HKD":0.10967,"OPERATE_INCOME_QOQ_SQ":-1.99334276042,"NET_PROFIT_RATIO_SQ":11.940928638,"HOLDER_PROFIT_SQ":1919914000,"HOLDER_PROFIT_QOQ_SQ":-7.957087460852,"ROE_AVG_SQ":5.257264105098,"PE_TTM_SQ":9.737956755425,"PB_TTM_SQ":0.358957691124,"ROA_SQ":1.577378511335,"START_DATE":"2023-01-01 00:00:00","FISCAL_YEAR":"12-31","CURRENCY":"HKD","IS_CNY_CODE":0,"DPS_HKD_LY":0.13154,"ORG_TYPE":"一般企业","PREMIUM_INCOME":null,"PREMIUM_INCOME_YOY":null,"NET_INTEREST_INCOME":null,"NET_INTEREST_INCOME_YOY":null,"FEE_COMMISSION_INCOME":null,"FEE_COMMISSION_INCOME_YOY":null,"ACCOUNTS_RECE_TDAYS":0.703890178463,"INVENTORY_TDAYS":1.275553722857,"CURRENT_ASSETS_TDAYS":0.301859814068,"TOTAL_ASSETS_TDAYS":0.13772121422,"PREMIUM_EXPENSE":null,"LOAN_DEPOSIT":null,"LOAN_EQUITY":null,"LOAN_ASSETS":null,"DEPOSIT_EQUITY":null,"DEPOSIT_ASSETS":null,"EQUITY_MULTIPLIER":3.328606086103,"EQUITY_RATIO":2.481039303518},{"SECUCODE":"02208.HK","SECURITY_CODE":"02208","SECURITY_NAME_ABBR":"金风科技","ORG_CODE":"10088683","STD_REPORT_DATE":"2023-03-31 00:00:00","REPORT_DATE":"2023-03-31 00:00:00","DATE_TYPE_CODE":"003","REPORT_TYPE":"2023年一季报","PER_NETCASH_OPERATE":-1.783880087764,"PER_OI":1.317040671886,"BPS":8.598631813483,"BASIC_EPS":0.286,"DILUTED_EPS":0.286,"OPERATE_INCOME":5564585932.57,"OPERATE_INCOME_YOY":-12.8253546649,"GROSS_PROFIT":1404173573.98,"GROSS_PROFIT_YOY":-17.025887171867,"HOLDER_PROFIT":1234730532.58,"HOLDER_PROFIT_YOY":-2.4219660217,"GROSS_PROFIT_RATIO":25.234107101505,"EPS_TTM":0.556863506657,"OPERATE_INCOME_QOQ":-1.769974980506,"NET_PROFIT_RATIO":22.876669171,"ROE_AVG":3.189662852672,"GROSS_PROFIT_QOQ":-3.584507995828,"ROA":0.926256199215,"HOLDER_PROFIT_QOQ":-1.285834937672,"ROE_YEARLY":12.758651410688,"ROIC_YEARLY":4.176631809947,"TOTAL_ASSETS":129784319720.8,"TOTAL_LIABILITIES":88164362867.57,"TAX_EBT":32.601181570728,"OCF_SALES":-135.446089543253,"TOTAL_PARENT_EQUITY":39325676083.61,"DEBT_ASSET_RATIO":67.9314443049,"OPERATE_PROFIT":2195900397.41,"PRETAX_PROFIT":1888745150.43,"NETCASH_OPERATE":-7537014044.94,"NETCASH_INVEST":1956734757.59,"NETCASH_FINANCE":-1009830874.76,"END_CASH":8257520220.54,"DIVI_RATIO":0.178473084,"DIVIDEND_RATE":1.535994397759,"CURRENT_RATIO":1.079056178863,"COMMON_ACS":null,"CURRENTDEBT_DEBT":59.912164329392,"ISSUED_COMMON_SHARES":4225067647,"HK_COMMON_SHARES":773572399,"PER_SHARES":200,"TOTAL_MARKET_CAP":30166982999.58,"HKSK_MARKET_CAP":5523306928.86,"PE_TTM":14.48883499567,"PB_TTM":0.740934935029,"REPORT_DATE_SQ":"2022-03-31 00:00:00","REPORT_TYPE_SQ":"2022年一季报","OPERATE_INCOME_SQ":6383261911.97,"DPS_HKD":0.10967,"OPERATE_INCOME_QOQ_SQ":-1.139585199674,"NET_PROFIT_RATIO_SQ":20.3851028904,"HOLDER_PROFIT_SQ":1265377546.81,"HOLDER_PROFIT_QOQ_SQ":4.848729767226,"ROE_AVG_SQ":3.463018354414,"PE_TTM_SQ":9.737956755425,"PB_TTM_SQ":0.358957691124,"ROA_SQ":1.049873392273,"START_DATE":"2023-01-01 00:00:00","FISCAL_YEAR":"12-31","CURRENCY":"HKD","IS_CNY_CODE":0,"DPS_HKD_LY":0.13154,"ORG_TYPE":"一般企业","PREMIUM_INCOME":null,"PREMIUM_INCOME_YOY":null,"NET_INTEREST_INCOME":null,"NET_INTEREST_INCOME_YOY":null,"FEE_COMMISSION_INCOME":null,"FEE_COMMISSION_INCOME_YOY":null,"ACCOUNTS_RECE_TDAYS":0.218612504235,"INVENTORY_TDAYS":0.38741036459,"CURRENT_ASSETS_TDAYS":0.09323264215,"TOTAL_ASSETS_TDAYS":0.041743781984,"PREMIUM_EXPENSE":null,"LOAN_DEPOSIT":null,"LOAN_EQUITY":null,"LOAN_ASSETS":null,"DEPOSIT_EQUITY":null,"DEPOSIT_ASSETS":null,"EQUITY_MULTIPLIER":3.118319420144,"EQUITY_RATIO":2.241903296974},{"SECUCODE":"02208.HK","SECURITY_CODE":"02208","SECURITY_NAME_ABBR":"金风科技","ORG_CODE":"10088683","STD_REPORT_DATE":"2022-12-31 00:00:00","REPORT_DATE":"2022-12-31 00:00:00","DATE_TYPE_CODE":"001","REPORT_TYPE":"2022年年报","PER_NETCASH_OPERATE":1.392006351467,"PER_OI":10.947406731545,"BPS":9.016442382183,"BASIC_EPS":0.52,"DILUTED_EPS":0.52,"OPERATE_INCOME":46253534000,"OPERATE_INCOME_YOY":-8.8534240738,"GROSS_PROFIT":8038192000,"GROSS_PROFIT_YOY":-29.959527716474,"HOLDER_PROFIT":2383433000,"HOLDER_PROFIT_YOY":-36.1248637909,"GROSS_PROFIT_RATIO":17.378546685752,"EPS_TTM":0.564117121697,"OPERATE_INCOME_QOQ":8.178178229406,"NET_PROFIT_RATIO":5.2685163473,"ROE_AVG":6.448100617113,"GROSS_PROFIT_QOQ":-0.269109870186,"ROA":1.860730025466,"HOLDER_PROFIT_QOQ":-7.598199570168,"ROE_YEARLY":6.448100617113,"ROIC_YEARLY":2.075599743488,"TOTAL_ASSETS":136822378000,"TOTAL_LIABILITIES":96476083000,"TAX_EBT":12.082795773408,"OCF_SALES":12.715398135848,"TOTAL_PARENT_EQUITY":38095079000,"DEBT_ASSET_RATIO":70.5119180139,"OPERATE_PROFIT":3881708000,"PRETAX_PROFIT":2771784000,"NETCASH_OPERATE":5881321000,"NETCASH_INVEST":-6138878000,"NETCASH_FINANCE":6917457000,"END_CASH":14842821000,"DIVI_RATIO":0.176178214731,"DIVIDEND_RATE":1.535994397759,"CURRENT_RATIO":1.054844806149,"COMMON_ACS":null,"CURRENTDEBT_DEBT":61.289718820778,"ISSUED_COMMON_SHARES":4225067647,"HK_COMMON_SHARES":773572399,"PER_SHARES":200,"TOTAL_MARKET_CAP":30166982999.58,"HKSK_MARKET_CAP":5523306928.86,"PE_TTM":14.48883499567,"PB_TTM":0.740934935029,"REPORT_DATE_SQ":"2021-12-31 00:00:00","REPORT_TYPE_SQ":"2021年年报","OPERATE_INCOME_SQ":50746321000,"DPS_HKD":0.10967,"OPERATE_INCOME_QOQ_SQ":-4.269516354232,"NET_PROFIT_RATIO_SQ":6.9253243593,"HOLDER_PROFIT_SQ":3731394000,"HOLDER_PROFIT_QOQ_SQ":-11.523902952804,"ROE_AVG_SQ":9.918092854207,"PE_TTM_SQ":9.737956755425,"PB_TTM_SQ":0.358957691124,"ROA_SQ":3.025800975835,"START_DATE":"2022-01-01 00:00:00","FISCAL_YEAR":"12-31","CURRENCY":"HKD","IS_CNY_CODE":0,"DPS_HKD_LY":0.29245,"ORG_TYPE":"一般企业","PREMIUM_INCOME":null,"PREMIUM_INCOME_YOY":null,"NET_INTEREST_INCOME":null,"NET_INTEREST_INCOME_YOY":null,"FEE_COMMISSION_INCOME":null,"FEE_COMMISSION_INCOME_YOY":null,"ACCOUNTS_RECE_TDAYS":1.777537964061,"INVENTORY_TDAYS":5.211694575202,"CURRENT_ASSETS_TDAYS":0.838618953239,"TOTAL_ASSETS_TDAYS":0.361098212107,"PREMIUM_EXPENSE":null,"LOAN_DEPOSIT":null,"LOAN_EQUITY":null,"LOAN_ASSETS":null,"DEPOSIT_EQUITY":null,"DEPOSIT_ASSETS":null,"EQUITY_MULTIPLIER":3.391200555097,"EQUITY_RATIO":2.532507755136},{"SECUCODE":"02208.HK","SECURITY_CODE":"02208","SECURITY_NAME_ABBR":"金风科技","ORG_CODE":"10088683","STD_REPORT_DATE":"2022-09-30 00:00:00","REPORT_DATE":"2022-09-30 00:00:00","DATE_TYPE_CODE":"004","REPORT_TYPE":"2022年三季报","PER_NETCASH_OPERATE":-1.188056663025,"PER_OI":6.192422889505,"BPS":8.287092245418,"BASIC_EPS":0.5222,"DILUTED_EPS":0.5222,"OPERATE_INCOME":26163405606.99,"OPERATE_INCOME_YOY":-22.6453763343,"GROSS_PROFIT":5934597119.6,"GROSS_PROFIT_YOY":-34.509530800914,"HOLDER_PROFIT":2364832944.43,"HOLDER_PROFIT_YOY":-27.0645281259,"GROSS_PROFIT_RATIO":22.682815871702,"EPS_TTM":0.610504469689,"OPERATE_INCOME_QOQ":-12.469746611307,"NET_PROFIT_RATIO":9.1864401603,"ROE_AVG":6.405203759427,"GROSS_PROFIT_QOQ":-20.535097107139,"ROA":1.921565205183,"HOLDER_PROFIT_QOQ":-22.682907592589,"ROE_YEARLY":8.540271679236,"ROIC_YEARLY":2.048039150226,"TOTAL_ASSETS":126775920170.63,"TOTAL_LIABILITIES":87718887259.5,"TAX_EBT":17.694773419845,"OCF_SALES":-19.185651306835,"TOTAL_PARENT_EQUITY":38009400333.82,"DEBT_ASSET_RATIO":69.1920730226,"OPERATE_PROFIT":3626484097.91,"PRETAX_PROFIT":2920210173.59,"NETCASH_OPERATE":-5019619769.75,"NETCASH_INVEST":-5107069806.88,"NETCASH_FINANCE":6553923488.1,"END_CASH":4527529677.15,"DIVI_RATIO":0.162791842377,"DIVIDEND_RATE":1.535994397759,"CURRENT_RATIO":1.021803163278,"COMMON_ACS":null,"CURRENTDEBT_DEBT":56.978290954822,"ISSUED_COMMON_SHARES":4225067647,"HK_COMMON_SHARES":773572399,"PER_SHARES":200,"TOTAL_MARKET_CAP":30166982999.58,"HKSK_MARKET_CAP":5523306928.86,"PE_TTM":14.48883499567,"PB_TTM":0.740934935029,"REPORT_DATE_SQ":"2021-09-30 00:00:00","REPORT_TYPE_SQ":"2021年三季报","OPERATE_INCOME_SQ":33822678422,"DPS_HKD":0.10967,"OPERATE_INCOME_QOQ_SQ":-3.60205259758,"NET_PROFIT_RATIO_SQ":9.1157664113,"HOLDER_PROFIT_SQ":3242363261.2,"HOLDER_PROFIT_QOQ_SQ":10.460416022515,"ROE_AVG_SQ":8.785117718801,"PE_TTM_SQ":9.737956755425,"PB_TTM_SQ":0.358957691124,"ROA_SQ":2.66821542204,"START_DATE":"2022-01-01 00:00:00","FISCAL_YEAR":"12-31","CURRENCY":"HKD","IS_CNY_CODE":0,"DPS_HKD_LY":0.29245,"ORG_TYPE":"一般企业","PREMIUM_INCOME":null,"PREMIUM_INCOME_YOY":null,"NET_INTEREST_INCOME":null,"NET_INTEREST_INCOME_YOY":null,"FEE_COMMISSION_INCOME":null,"FEE_COMMISSION_INCOME_YOY":null,"ACCOUNTS_RECE_TDAYS":0.997918757686,"INVENTORY_TDAYS":2.501507184389,"CURRENT_ASSETS_TDAYS":0.528519520865,"TOTAL_ASSETS_TDAYS":0.212592986671,"PREMIUM_EXPENSE":null,"LOAN_DEPOSIT":null,"LOAN_EQUITY":null,"LOAN_ASSETS":null,"DEPOSIT_EQUITY":null,"DEPOSIT_ASSETS":null,"EQUITY_MULTIPLIER":3.245917846837,"EQUITY_RATIO":2.307820867709}],"count":61},"success":true,"message":"ok","code":0}