{"version":"f156a0bf6005fd8dbf1c3a09d48e14d2","result":{"pages":4,"data":[{"SECUCODE":"02203.HK","SECURITY_CODE":"02203","SECURITY_NAME_ABBR":"脑洞科技","ORG_CODE":"10472712","STD_REPORT_DATE":"2024-06-30 00:00:00","REPORT_DATE":"2024-06-30 00:00:00","DATE_TYPE_CODE":"002","REPORT_TYPE":"2024年中报","PER_NETCASH_OPERATE":-0.0281128257,"PER_OI":0.0947863814,"BPS":0.0812604638,"BASIC_EPS":0.000730144,"DILUTED_EPS":0.000730144,"OPERATE_INCOME":75829105.12,"OPERATE_INCOME_YOY":-37.462647247,"GROSS_PROFIT":9982893.84,"GROSS_PROFIT_YOY":-54.083081551047,"HOLDER_PROFIT":595067.36,"HOLDER_PROFIT_YOY":103.5402074171,"GROSS_PROFIT_RATIO":13.16498964903,"EPS_TTM":-0.016676785625,"OPERATE_INCOME_QOQ":-23.318647266106,"NET_PROFIT_RATIO":0.7847479659,"ROE_AVG":0.944996014204,"GROSS_PROFIT_QOQ":-46.963673209923,"ROA":0.221975960548,"HOLDER_PROFIT_QOQ":56.847040605775,"ROE_YEARLY":1.889992028408,"ROIC_YEARLY":0.52249869776,"TOTAL_ASSETS":281338173.4,"TOTAL_LIABILITIES":216329802.36,"TAX_EBT":40.834845735027,"OCF_SALES":-29.659140147321,"TOTAL_PARENT_EQUITY":65008371.04,"DEBT_ASSET_RATIO":76.8931566398,"OPERATE_PROFIT":-13368936.64,"PRETAX_PROFIT":1005773.36,"NETCASH_OPERATE":-22490260.56,"NETCASH_INVEST":770301.92,"NETCASH_FINANCE":24261772.44,"END_CASH":41835425.84,"DIVI_RATIO":null,"DIVIDEND_RATE":null,"CURRENT_RATIO":2.053497365535,"COMMON_ACS":2000000000,"CURRENTDEBT_DEBT":51.165900931118,"ISSUED_COMMON_SHARES":800000000,"HK_COMMON_SHARES":800000000,"PER_SHARES":10000,"TOTAL_MARKET_CAP":252000000,"HKSK_MARKET_CAP":252000000,"PE_TTM":-16.747524423473,"PB_TTM":3.537934520133,"REPORT_DATE_SQ":"2023-06-30 00:00:00","REPORT_TYPE_SQ":"2023年中报","OPERATE_INCOME_SQ":122489652.9,"DPS_HKD":null,"OPERATE_INCOME_QOQ_SQ":-6.3940948215,"NET_PROFIT_RATIO_SQ":-13.8624816529,"HOLDER_PROFIT_SQ":-16980105.66,"HOLDER_PROFIT_QOQ_SQ":-20.041360458067,"ROE_AVG_SQ":-19.940990174052,"PE_TTM_SQ":-0.621391095348,"PB_TTM_SQ":0.510007698229,"ROA_SQ":-5.685075172826,"START_DATE":"2024-01-01 00:00:00","FISCAL_YEAR":"12-31","CURRENCY":"HKD","IS_CNY_CODE":0,"DPS_HKD_LY":null,"ORG_TYPE":"一般企业","PREMIUM_INCOME":null,"PREMIUM_INCOME_YOY":null,"NET_INTEREST_INCOME":null,"NET_INTEREST_INCOME_YOY":null,"FEE_COMMISSION_INCOME":null,"FEE_COMMISSION_INCOME_YOY":null,"ACCOUNTS_RECE_TDAYS":1.214101486867,"INVENTORY_TDAYS":2.5793142898,"CURRENT_ASSETS_TDAYS":0.357850759126,"TOTAL_ASSETS_TDAYS":0.282862740892,"PREMIUM_EXPENSE":null,"LOAN_DEPOSIT":null,"LOAN_EQUITY":null,"LOAN_ASSETS":null,"DEPOSIT_EQUITY":null,"DEPOSIT_ASSETS":null,"EQUITY_MULTIPLIER":4.327722244062,"EQUITY_RATIO":3.327722244061},{"SECUCODE":"02203.HK","SECURITY_CODE":"02203","SECURITY_NAME_ABBR":"脑洞科技","ORG_CODE":"10472712","STD_REPORT_DATE":"2023-12-31 00:00:00","REPORT_DATE":"2023-12-31 00:00:00","DATE_TYPE_CODE":"001","REPORT_TYPE":"2023年年报","PER_NETCASH_OPERATE":0.036458363375,"PER_OI":0.250124649425,"BPS":0.07562632455,"BASIC_EPS":-0.038604972,"DILUTED_EPS":-0.038604972,"OPERATE_INCOME":200099719.54,"OPERATE_INCOME_YOY":-16.2232609669,"GROSS_PROFIT":25037046.16,"GROSS_PROFIT_YOY":-42.255647404512,"HOLDER_PROFIT":-30916601.52,"HOLDER_PROFIT_YOY":40.7831701729,"GROSS_PROFIT_RATIO":12.512284483735,"EPS_TTM":-0.0386457519,"OPERATE_INCOME_QOQ":-9.203083830638,"NET_PROFIT_RATIO":-15.4505971278,"ROE_AVG":-40.532015373557,"GROSS_PROFIT_QOQ":-38.08485039981,"ROA":-11.137863545175,"HOLDER_PROFIT_QOQ":49.954487740961,"ROE_YEARLY":-40.532015373557,"ROIC_YEARLY":-12.542900683654,"TOTAL_ASSETS":253012999.12,"TOTAL_LIABILITIES":192511939.48,"TAX_EBT":6.980041443996,"OCF_SALES":14.576077751158,"TOTAL_PARENT_EQUITY":60501059.64,"DEBT_ASSET_RATIO":76.0877663004,"OPERATE_PROFIT":-25941453.72,"PRETAX_PROFIT":-33236524.72,"NETCASH_OPERATE":29166690.7,"NETCASH_INVEST":5435507.56,"NETCASH_FINANCE":-18218646.88,"END_CASH":38489882.06,"DIVI_RATIO":null,"DIVIDEND_RATE":null,"CURRENT_RATIO":1.733628567978,"COMMON_ACS":2000000000,"CURRENTDEBT_DEBT":58.462863760038,"ISSUED_COMMON_SHARES":800000000,"HK_COMMON_SHARES":800000000,"PER_SHARES":10000,"TOTAL_MARKET_CAP":200000000,"HKSK_MARKET_CAP":200000000,"PE_TTM":-13.291686050375,"PB_TTM":2.807884539788,"REPORT_DATE_SQ":"2022-12-31 00:00:00","REPORT_TYPE_SQ":"2022年年报","OPERATE_INCOME_SQ":235435600.82,"DPS_HKD":null,"OPERATE_INCOME_QOQ_SQ":-13.050541736376,"NET_PROFIT_RATIO_SQ":-21.8586615876,"HOLDER_PROFIT_SQ":-51463071.24,"HOLDER_PROFIT_QOQ_SQ":-57.362309192123,"ROE_AVG_SQ":-47.241731344018,"PE_TTM_SQ":-1.13726294809,"PB_TTM_SQ":0.933410315627,"ROA_SQ":-16.770929457416,"START_DATE":"2023-01-01 00:00:00","FISCAL_YEAR":"12-31","CURRENCY":"HKD","IS_CNY_CODE":0,"DPS_HKD_LY":null,"ORG_TYPE":"一般企业","PREMIUM_INCOME":null,"PREMIUM_INCOME_YOY":null,"NET_INTEREST_INCOME":null,"NET_INTEREST_INCOME_YOY":null,"FEE_COMMISSION_INCOME":null,"FEE_COMMISSION_INCOME_YOY":null,"ACCOUNTS_RECE_TDAYS":2.746424040399,"INVENTORY_TDAYS":5.228968168038,"CURRENT_ASSETS_TDAYS":0.926755869687,"TOTAL_ASSETS_TDAYS":0.720869455921,"PREMIUM_EXPENSE":null,"LOAN_DEPOSIT":null,"LOAN_EQUITY":null,"LOAN_ASSETS":null,"DEPOSIT_EQUITY":null,"DEPOSIT_ASSETS":null,"EQUITY_MULTIPLIER":4.181959797494,"EQUITY_RATIO":3.18195979749},{"SECUCODE":"02203.HK","SECURITY_CODE":"02203","SECURITY_NAME_ABBR":"脑洞科技","ORG_CODE":"10472712","STD_REPORT_DATE":"2023-06-30 00:00:00","REPORT_DATE":"2023-06-30 00:00:00","DATE_TYPE_CODE":"002","REPORT_TYPE":"2023年中报","PER_NETCASH_OPERATE":0.026713218025,"PER_OI":0.153112066125,"BPS":0.0958121616,"BASIC_EPS":-0.02120554,"DILUTED_EPS":-0.02120554,"OPERATE_INCOME":122489652.9,"OPERATE_INCOME_YOY":-17.3961973215,"GROSS_PROFIT":21741210.38,"GROSS_PROFIT_YOY":-11.843169594224,"HOLDER_PROFIT":-16980105.66,"HOLDER_PROFIT_YOY":-136.2668377165,"GROSS_PROFIT_RATIO":17.749426066012,"EPS_TTM":-0.077221213563,"OPERATE_INCOME_QOQ":-6.3940948215,"NET_PROFIT_RATIO":-13.8624816529,"ROE_AVG":-19.940990174052,"GROSS_PROFIT_QOQ":-6.736310953997,"ROA":-5.685075172826,"HOLDER_PROFIT_QOQ":-20.041360458067,"ROE_YEARLY":-39.881980348104,"ROIC_YEARLY":-12.768944639827,"TOTAL_ASSETS":289953490.2,"TOTAL_LIABILITIES":213303760.92,"TAX_EBT":-8.462897526502,"OCF_SALES":17.446840540439,"TOTAL_PARENT_EQUITY":76649729.28,"DEBT_ASSET_RATIO":73.5648192311,"OPERATE_PROFIT":-827016.06,"PRETAX_PROFIT":-15655220.4,"NETCASH_OPERATE":21370574.42,"NETCASH_INVEST":1118361.74,"NETCASH_FINANCE":-6774709.04,"END_CASH":41327753.5,"DIVI_RATIO":null,"DIVIDEND_RATE":null,"CURRENT_RATIO":1.678087957277,"COMMON_ACS":2000000000,"CURRENTDEBT_DEBT":62.645988398731,"ISSUED_COMMON_SHARES":800000000,"HK_COMMON_SHARES":800000000,"PER_SHARES":10000,"TOTAL_MARKET_CAP":200000000,"HKSK_MARKET_CAP":200000000,"PE_TTM":-13.291686050375,"PB_TTM":2.807884539788,"REPORT_DATE_SQ":"2022-06-30 00:00:00","REPORT_TYPE_SQ":"2022年中报","OPERATE_INCOME_SQ":137543628.46,"DPS_HKD":null,"OPERATE_INCOME_QOQ_SQ":2.988526684484,"NET_PROFIT_RATIO_SQ":-4.8466120348,"HOLDER_PROFIT_SQ":-6666206.05,"HOLDER_PROFIT_QOQ_SQ":22.409494871175,"ROE_AVG_SQ":-5.698911760083,"PE_TTM_SQ":-1.13726294809,"PB_TTM_SQ":0.933410315627,"ROA_SQ":-2.297468363757,"START_DATE":"2023-01-01 00:00:00","FISCAL_YEAR":"12-31","CURRENCY":"HKD","IS_CNY_CODE":0,"DPS_HKD_LY":null,"ORG_TYPE":"一般企业","PREMIUM_INCOME":null,"PREMIUM_INCOME_YOY":null,"NET_INTEREST_INCOME":null,"NET_INTEREST_INCOME_YOY":null,"FEE_COMMISSION_INCOME":null,"FEE_COMMISSION_INCOME_YOY":null,"ACCOUNTS_RECE_TDAYS":1.393413393466,"INVENTORY_TDAYS":2.607877999594,"CURRENT_ASSETS_TDAYS":0.526763411443,"TOTAL_ASSETS_TDAYS":0.41010515398,"PREMIUM_EXPENSE":null,"LOAN_DEPOSIT":null,"LOAN_EQUITY":null,"LOAN_ASSETS":null,"DEPOSIT_EQUITY":null,"DEPOSIT_ASSETS":null,"EQUITY_MULTIPLIER":3.78283775981,"EQUITY_RATIO":2.782837759815},{"SECUCODE":"02203.HK","SECURITY_CODE":"02203","SECURITY_NAME_ABBR":"脑洞科技","ORG_CODE":"10472712","STD_REPORT_DATE":"2022-12-31 00:00:00","REPORT_DATE":"2022-12-31 00:00:00","DATE_TYPE_CODE":"001","REPORT_TYPE":"2022年年报","PER_NETCASH_OPERATE":-0.118449835175,"PER_OI":0.294294501025,"BPS":0.113421841663,"BASIC_EPS":-0.06431544,"DILUTED_EPS":-0.06431544,"OPERATE_INCOME":235435600.82,"OPERATE_INCOME_YOY":-18.0377522779,"GROSS_PROFIT":43358432.53,"GROSS_PROFIT_YOY":-1.998870988892,"HOLDER_PROFIT":-51463071.24,"HOLDER_PROFIT_YOY":-11.7551210428,"GROSS_PROFIT_RATIO":18.416260063893,"EPS_TTM":-0.06432883905,"OPERATE_INCOME_QOQ":-13.050541736376,"NET_PROFIT_RATIO":-21.8586615876,"ROE_AVG":-47.241731344018,"GROSS_PROFIT_QOQ":-8.928715529214,"ROA":-16.770929457416,"HOLDER_PROFIT_QOQ":-57.362309192123,"ROE_YEARLY":-47.241731344018,"ROIC_YEARLY":-18.637090760872,"TOTAL_ASSETS":297831403.59,"TOTAL_LIABILITIES":207093930.26,"TAX_EBT":6.669474639149,"OCF_SALES":-40.248742250518,"TOTAL_PARENT_EQUITY":90737473.33,"DEBT_ASSET_RATIO":69.5339469793,"OPERATE_PROFIT":-44710843.31,"PRETAX_PROFIT":-55140663.83,"NETCASH_OPERATE":-94759868.14,"NETCASH_INVEST":10223475.15,"NETCASH_FINANCE":68364632.91,"END_CASH":23359903.77,"DIVI_RATIO":null,"DIVIDEND_RATE":null,"CURRENT_RATIO":1.737055608017,"COMMON_ACS":2000000000,"CURRENTDEBT_DEBT":64.861670649333,"ISSUED_COMMON_SHARES":800000000,"HK_COMMON_SHARES":800000000,"PER_SHARES":10000,"TOTAL_MARKET_CAP":200000000,"HKSK_MARKET_CAP":200000000,"PE_TTM":-13.291686050375,"PB_TTM":2.807884539788,"REPORT_DATE_SQ":"2021-12-31 00:00:00","REPORT_TYPE_SQ":"2021年年报","OPERATE_INCOME_SQ":262915632,"DPS_HKD":null,"OPERATE_INCOME_QOQ_SQ":5.959970200427,"NET_PROFIT_RATIO_SQ":-16.0313462077,"HOLDER_PROFIT_SQ":-42148915.2,"HOLDER_PROFIT_QOQ_SQ":8.222266156472,"ROE_AVG_SQ":-31.34222189797,"PE_TTM_SQ":-1.13726294809,"PB_TTM_SQ":0.933410315627,"ROA_SQ":-14.241493765617,"START_DATE":"2022-01-01 00:00:00","FISCAL_YEAR":"12-31","CURRENCY":"HKD","IS_CNY_CODE":0,"DPS_HKD_LY":null,"ORG_TYPE":"一般企业","PREMIUM_INCOME":null,"PREMIUM_INCOME_YOY":null,"NET_INTEREST_INCOME":null,"NET_INTEREST_INCOME_YOY":null,"FEE_COMMISSION_INCOME":null,"FEE_COMMISSION_INCOME_YOY":null,"ACCOUNTS_RECE_TDAYS":2.317185961457,"INVENTORY_TDAYS":4.54934360157,"CURRENT_ASSETS_TDAYS":1.052674461563,"TOTAL_ASSETS_TDAYS":0.767244114659,"PREMIUM_EXPENSE":null,"LOAN_DEPOSIT":null,"LOAN_EQUITY":null,"LOAN_ASSETS":null,"DEPOSIT_EQUITY":null,"DEPOSIT_ASSETS":null,"EQUITY_MULTIPLIER":3.28234182262,"EQUITY_RATIO":2.282341822621},{"SECUCODE":"02203.HK","SECURITY_CODE":"02203","SECURITY_NAME_ABBR":"脑洞科技","ORG_CODE":"10472712","STD_REPORT_DATE":"2022-06-30 00:00:00","REPORT_DATE":"2022-06-30 00:00:00","DATE_TYPE_CODE":"002","REPORT_TYPE":"2022年中报","PER_NETCASH_OPERATE":0.001370441975,"PER_OI":0.171929535575,"BPS":0.140290712538,"BASIC_EPS":-0.008295343,"DILUTED_EPS":-0.008295343,"OPERATE_INCOME":137543628.46,"OPERATE_INCOME_YOY":3.1926497196,"GROSS_PROFIT":24661969.22,"GROSS_PROFIT_YOY":15.8087759536,"HOLDER_PROFIT":-6666206.05,"HOLDER_PROFIT_YOY":59.7428084491,"GROSS_PROFIT_RATIO":17.930288371862,"EPS_TTM":-0.040879445263,"OPERATE_INCOME_QOQ":2.988526684484,"NET_PROFIT_RATIO":-4.8466120348,"ROE_AVG":-5.698911760083,"GROSS_PROFIT_QOQ":7.609253103864,"ROA":-2.297468363757,"HOLDER_PROFIT_QOQ":22.409494871175,"ROE_YEARLY":-11.397823520166,"ROIC_YEARLY":-5.152092479895,"TOTAL_ASSETS":277888859.36,"TOTAL_LIABILITIES":165656289.33,"TAX_EBT":-49.817413030944,"OCF_SALES":0.797095141575,"TOTAL_PARENT_EQUITY":112232570.03,"DEBT_ASSET_RATIO":59.6124255256,"OPERATE_PROFIT":-834665.44,"PRETAX_PROFIT":-4449553.57,"NETCASH_OPERATE":1096353.58,"NETCASH_INVEST":5775953.26,"NETCASH_FINANCE":-18801352.15,"END_CASH":26286830.22,"DIVI_RATIO":null,"DIVIDEND_RATE":null,"CURRENT_RATIO":1.691664043455,"COMMON_ACS":2000000000,"CURRENTDEBT_DEBT":70.519392691023,"ISSUED_COMMON_SHARES":800000000,"HK_COMMON_SHARES":800000000,"PER_SHARES":10000,"TOTAL_MARKET_CAP":200000000,"HKSK_MARKET_CAP":200000000,"PE_TTM":-13.291686050375,"PB_TTM":2.807884539788,"REPORT_DATE_SQ":"2021-06-30 00:00:00","REPORT_TYPE_SQ":"2021年中报","OPERATE_INCOME_SQ":129686324.64,"DPS_HKD":null,"OPERATE_INCOME_QOQ_SQ":12.606547010894,"NET_PROFIT_RATIO_SQ":-12.4234880468,"HOLDER_PROFIT_SQ":-16111565.04,"HOLDER_PROFIT_QOQ_SQ":7.129480855891,"ROE_AVG_SQ":-10.894891278967,"PE_TTM_SQ":-1.13726294809,"PB_TTM_SQ":0.933410315627,"ROA_SQ":-5.226780399911,"START_DATE":"2022-01-01 00:00:00","FISCAL_YEAR":"12-31","CURRENCY":"HKD","IS_CNY_CODE":0,"DPS_HKD_LY":null,"ORG_TYPE":"一般企业","PREMIUM_INCOME":null,"PREMIUM_INCOME_YOY":null,"NET_INTEREST_INCOME":null,"NET_INTEREST_INCOME_YOY":null,"FEE_COMMISSION_INCOME":null,"FEE_COMMISSION_INCOME_YOY":null,"ACCOUNTS_RECE_TDAYS":1.237898787762,"INVENTORY_TDAYS":2.38790093529,"CURRENT_ASSETS_TDAYS":0.683483840809,"TOTAL_ASSETS_TDAYS":0.474035954864,"PREMIUM_EXPENSE":null,"LOAN_DEPOSIT":null,"LOAN_EQUITY":null,"LOAN_ASSETS":null,"DEPOSIT_EQUITY":null,"DEPOSIT_ASSETS":null,"EQUITY_MULTIPLIER":2.476009052323,"EQUITY_RATIO":1.476009052325},{"SECUCODE":"02203.HK","SECURITY_CODE":"02203","SECURITY_NAME_ABBR":"脑洞科技","ORG_CODE":"10472712","STD_REPORT_DATE":"2021-12-31 00:00:00","REPORT_DATE":"2021-12-31 00:00:00","DATE_TYPE_CODE":"001","REPORT_TYPE":"2021年年报","PER_NETCASH_OPERATE":-0.00054677,"PER_OI":0.32864454,"BPS":0.145455128,"BASIC_EPS":-0.05265344,"DILUTED_EPS":-0.05265344,"OPERATE_INCOME":262915632,"OPERATE_INCOME_YOY":22.826182446,"GROSS_PROFIT":44242788.8,"GROSS_PROFIT_YOY":56.84724798964,"HOLDER_PROFIT":-42148915.2,"HOLDER_PROFIT_YOY":12.2593821802,"GROSS_PROFIT_RATIO":16.827751344964,"EPS_TTM":-0.052686144,"OPERATE_INCOME_QOQ":5.959970200427,"NET_PROFIT_RATIO":-16.0313462077,"ROE_AVG":-31.34222189797,"GROSS_PROFIT_QOQ":16.110096283141,"ROA":-14.241493765617,"HOLDER_PROFIT_QOQ":8.222266156472,"ROE_YEARLY":-31.34222189797,"ROIC_YEARLY":-16.980936303372,"TOTAL_ASSETS":289127070.4,"TOTAL_LIABILITIES":172762968,"TAX_EBT":-0.691433259112,"OCF_SALES":-0.166371241098,"TOTAL_PARENT_EQUITY":116364102.4,"DEBT_ASSET_RATIO":59.7533007757,"OPERATE_PROFIT":-35172334.4,"PRETAX_PROFIT":-41859484.8,"NETCASH_OPERATE":-437416,"NETCASH_INVEST":1205960,"NETCASH_FINANCE":-25343964.8,"END_CASH":34865734.4,"DIVI_RATIO":null,"DIVIDEND_RATE":null,"CURRENT_RATIO":1.942498722825,"COMMON_ACS":2000000000,"CURRENTDEBT_DEBT":58.360663495895,"ISSUED_COMMON_SHARES":800000000,"HK_COMMON_SHARES":800000000,"PER_SHARES":10000,"TOTAL_MARKET_CAP":200000000,"HKSK_MARKET_CAP":200000000,"PE_TTM":-13.291686050375,"PB_TTM":2.807884539788,"REPORT_DATE_SQ":"2020-12-31 00:00:00","REPORT_TYPE_SQ":"2020年年报","OPERATE_INCOME_SQ":220348926.76,"DPS_HKD":null,"OPERATE_INCOME_QOQ_SQ":-13.950319947511,"NET_PROFIT_RATIO_SQ":-22.4419328595,"HOLDER_PROFIT_SQ":-49450558.2,"HOLDER_PROFIT_QOQ_SQ":25.987076889617,"ROE_AVG_SQ":-28.555251532132,"PE_TTM_SQ":-1.13726294809,"PB_TTM_SQ":0.933410315627,"ROA_SQ":-15.058087234648,"START_DATE":"2021-01-01 00:00:00","FISCAL_YEAR":"12-31","CURRENCY":"HKD","IS_CNY_CODE":0,"DPS_HKD_LY":null,"ORG_TYPE":"一般企业","PREMIUM_INCOME":null,"PREMIUM_INCOME_YOY":null,"NET_INTEREST_INCOME":null,"NET_INTEREST_INCOME_YOY":null,"FEE_COMMISSION_INCOME":null,"FEE_COMMISSION_INCOME_YOY":null,"ACCOUNTS_RECE_TDAYS":2.790473669824,"INVENTORY_TDAYS":6.887984650845,"CURRENT_ASSETS_TDAYS":1.402441417749,"TOTAL_ASSETS_TDAYS":0.888352954339,"PREMIUM_EXPENSE":null,"LOAN_DEPOSIT":null,"LOAN_EQUITY":null,"LOAN_ASSETS":null,"DEPOSIT_EQUITY":null,"DEPOSIT_ASSETS":null,"EQUITY_MULTIPLIER":2.484675810125,"EQUITY_RATIO":1.484675810123},{"SECUCODE":"02203.HK","SECURITY_CODE":"02203","SECURITY_NAME_ABBR":"脑洞科技","ORG_CODE":"10472712","STD_REPORT_DATE":"2021-06-30 00:00:00","REPORT_DATE":"2021-06-30 00:00:00","DATE_TYPE_CODE":"002","REPORT_TYPE":"2021年中报","PER_NETCASH_OPERATE":-0.0000145614,"PER_OI":0.1621079058,"BPS":0.1755824013,"BASIC_EPS":-0.020136336,"DILUTED_EPS":-0.020136336,"OPERATE_INCOME":129686324.64,"OPERATE_INCOME_YOY":39.7015192937,"GROSS_PROFIT":21295423.44,"GROSS_PROFIT_YOY":86.821334355643,"HOLDER_PROFIT":-16111565.04,"HOLDER_PROFIT_YOY":9.9311563866,"GROSS_PROFIT_RATIO":16.420716293036,"EPS_TTM":-0.05740623765,"OPERATE_INCOME_QOQ":12.606547010894,"NET_PROFIT_RATIO":-12.4234880468,"ROE_AVG":-10.894891278967,"GROSS_PROFIT_QOQ":35.084934911396,"ROA":-5.226780399911,"HOLDER_PROFIT_QOQ":7.129480855891,"ROE_YEARLY":-21.789782557933,"ROIC_YEARLY":-12.950496771238,"TOTAL_ASSETS":308348046,"TOTAL_LIABILITIES":167882124.96,"TAX_EBT":-17.216538531388,"OCF_SALES":-0.008982535385,"TOTAL_PARENT_EQUITY":140465921.04,"DEBT_ASSET_RATIO":54.4456587735,"OPERATE_PROFIT":-11303806.8,"PRETAX_PROFIT":-13745129.52,"NETCASH_OPERATE":-11649.12,"NETCASH_INVEST":2507057.04,"NETCASH_FINANCE":-6829712.64,"END_CASH":57166392.24,"DIVI_RATIO":null,"DIVIDEND_RATE":null,"CURRENT_RATIO":1.915368013327,"COMMON_ACS":2000000000,"CURRENTDEBT_DEBT":60.396407648616,"ISSUED_COMMON_SHARES":800000000,"HK_COMMON_SHARES":800000000,"PER_SHARES":10000,"TOTAL_MARKET_CAP":200000000,"HKSK_MARKET_CAP":200000000,"PE_TTM":-13.291686050375,"PB_TTM":2.807884539788,"REPORT_DATE_SQ":"2020-06-30 00:00:00","REPORT_TYPE_SQ":"2020年中报","OPERATE_INCOME_SQ":101907933.6,"DPS_HKD":null,"OPERATE_INCOME_QOQ_SQ":-17.540575551863,"NET_PROFIT_RATIO_SQ":-19.2694841572,"HOLDER_PROFIT_SQ":-19637133.12,"HOLDER_PROFIT_QOQ_SQ":-49.358909707664,"ROE_AVG_SQ":-10.128884376274,"PE_TTM_SQ":-1.13726294809,"PB_TTM_SQ":0.933410315627,"ROA_SQ":-5.515164264568,"START_DATE":"2021-01-01 00:00:00","FISCAL_YEAR":"12-31","CURRENCY":"HKD","IS_CNY_CODE":0,"DPS_HKD_LY":null,"ORG_TYPE":"一般企业","PREMIUM_INCOME":null,"PREMIUM_INCOME_YOY":null,"NET_INTEREST_INCOME":null,"NET_INTEREST_INCOME_YOY":null,"FEE_COMMISSION_INCOME":null,"FEE_COMMISSION_INCOME_YOY":null,"ACCOUNTS_RECE_TDAYS":1.455596544478,"INVENTORY_TDAYS":4.619817711104,"CURRENT_ASSETS_TDAYS":0.688966492795,"TOTAL_ASSETS_TDAYS":0.420717626178,"PREMIUM_EXPENSE":null,"LOAN_DEPOSIT":null,"LOAN_EQUITY":null,"LOAN_ASSETS":null,"DEPOSIT_EQUITY":null,"DEPOSIT_ASSETS":null,"EQUITY_MULTIPLIER":2.195180465958,"EQUITY_RATIO":1.195180465959},{"SECUCODE":"02203.HK","SECURITY_CODE":"02203","SECURITY_NAME_ABBR":"脑洞科技","ORG_CODE":"10472712","STD_REPORT_DATE":"2020-12-31 00:00:00","REPORT_DATE":"2020-12-31 00:00:00","DATE_TYPE_CODE":"001","REPORT_TYPE":"2020年年报","PER_NETCASH_OPERATE":-0.00518134625,"PER_OI":0.27543615845,"BPS":0.1963525079,"BASIC_EPS":-0.061776376,"DILUTED_EPS":-0.061776376,"OPERATE_INCOME":220348926.76,"OPERATE_INCOME_YOY":-24.4795527774,"GROSS_PROFIT":28207564.6,"GROSS_PROFIT_YOY":-48.367047585244,"HOLDER_PROFIT":-49450558.2,"HOLDER_PROFIT_YOY":-17.6558933077,"GROSS_PROFIT_RATIO":12.801316990631,"EPS_TTM":-0.06181319775,"OPERATE_INCOME_QOQ":-13.950319947511,"NET_PROFIT_RATIO":-22.4419328595,"ROE_AVG":-28.555251532132,"GROSS_PROFIT_QOQ":-9.090206384344,"ROA":-15.058087234648,"HOLDER_PROFIT_QOQ":25.987076889617,"ROE_YEARLY":-28.555251532132,"ROIC_YEARLY":-18.072622691131,"TOTAL_ASSETS":311692957.6,"TOTAL_LIABILITIES":154610951.28,"TAX_EBT":12.453622994055,"OCF_SALES":-1.881142359506,"TOTAL_PARENT_EQUITY":157082006.32,"DEBT_ASSET_RATIO":49.6036074958,"OPERATE_PROFIT":-53661283.12,"PRETAX_PROFIT":-56484985.32,"NETCASH_OPERATE":-4145077,"NETCASH_INVEST":-46360897.76,"NETCASH_FINANCE":67817667.92,"END_CASH":62407606,"DIVI_RATIO":null,"DIVIDEND_RATE":null,"CURRENT_RATIO":2.071271193653,"COMMON_ACS":2000000000,"CURRENTDEBT_DEBT":57.5666024322,"ISSUED_COMMON_SHARES":800000000,"HK_COMMON_SHARES":800000000,"PER_SHARES":10000,"TOTAL_MARKET_CAP":200000000,"HKSK_MARKET_CAP":200000000,"PE_TTM":-13.291686050375,"PB_TTM":2.807884539788,"REPORT_DATE_SQ":"2019-12-31 00:00:00","REPORT_TYPE_SQ":"2019年年报","OPERATE_INCOME_SQ":310542739.94,"DPS_HKD":null,"OPERATE_INCOME_QOQ_SQ":9.286003534122,"NET_PROFIT_RATIO_SQ":-14.400890753,"HOLDER_PROFIT_SQ":-44733461.64,"HOLDER_PROFIT_QOQ_SQ":-445.849030917095,"ROE_AVG_SQ":-18.090627020741,"PE_TTM_SQ":-1.13726294809,"PB_TTM_SQ":0.933410315627,"ROA_SQ":-13.365646984513,"START_DATE":"2020-01-01 00:00:00","FISCAL_YEAR":"12-31","CURRENCY":"HKD","IS_CNY_CODE":0,"DPS_HKD_LY":null,"ORG_TYPE":"一般企业","PREMIUM_INCOME":null,"PREMIUM_INCOME_YOY":null,"NET_INTEREST_INCOME":null,"NET_INTEREST_INCOME_YOY":null,"FEE_COMMISSION_INCOME":null,"FEE_COMMISSION_INCOME_YOY":null,"ACCOUNTS_RECE_TDAYS":2.429139392365,"INVENTORY_TDAYS":7.756791193109,"CURRENT_ASSETS_TDAYS":1.162900399539,"TOTAL_ASSETS_TDAYS":0.670979960993,"PREMIUM_EXPENSE":null,"LOAN_DEPOSIT":null,"LOAN_EQUITY":null,"LOAN_ASSETS":null,"DEPOSIT_EQUITY":null,"DEPOSIT_ASSETS":null,"EQUITY_MULTIPLIER":1.984269012741,"EQUITY_RATIO":0.984269012741},{"SECUCODE":"02203.HK","SECURITY_CODE":"02203","SECURITY_NAME_ABBR":"脑洞科技","ORG_CODE":"10472712","STD_REPORT_DATE":"2020-06-30 00:00:00","REPORT_DATE":"2020-06-30 00:00:00","DATE_TYPE_CODE":"002","REPORT_TYPE":"2020年中报","PER_NETCASH_OPERATE":-0.0007170504,"PER_OI":0.127384917,"BPS":0.2279135562,"BASIC_EPS":-0.024571536,"DILUTED_EPS":-0.024571536,"OPERATE_INCOME":101907933.6,"OPERATE_INCOME_YOY":-37.2426478861,"GROSS_PROFIT":11398817.76,"GROSS_PROFIT_YOY":-67.433504446876,"HOLDER_PROFIT":-19637133.12,"HOLDER_PROFIT_YOY":-874.1447605329,"GROSS_PROFIT_RATIO":11.185407609914,"EPS_TTM":-0.083516763225,"OPERATE_INCOME_QOQ":-17.540575551863,"NET_PROFIT_RATIO":-19.2694841572,"ROE_AVG":-10.128884376274,"GROSS_PROFIT_QOQ":-43.204191362432,"ROA":-5.515164264568,"HOLDER_PROFIT_QOQ":-49.358909707664,"ROE_YEARLY":-20.257768752547,"ROIC_YEARLY":-12.822913994978,"TOTAL_ASSETS":337569059.52,"TOTAL_LIABILITIES":155238214.56,"TAX_EBT":-1.043429216018,"OCF_SALES":-0.562900551248,"TOTAL_PARENT_EQUITY":182330844.96,"DEBT_ASSET_RATIO":45.987098101,"OPERATE_PROFIT":-18527303.52,"PRETAX_PROFIT":-19434349.44,"NETCASH_OPERATE":-573640.32,"NETCASH_INVEST":-2138363.04,"NETCASH_FINANCE":-355328.16,"END_CASH":48381263.04,"DIVI_RATIO":null,"DIVIDEND_RATE":null,"CURRENT_RATIO":1.209591668285,"COMMON_ACS":2000000000,"CURRENTDEBT_DEBT":96.951438372688,"ISSUED_COMMON_SHARES":800000000,"HK_COMMON_SHARES":800000000,"PER_SHARES":10000,"TOTAL_MARKET_CAP":200000000,"HKSK_MARKET_CAP":200000000,"PE_TTM":-13.291686050375,"PB_TTM":2.807884539788,"REPORT_DATE_SQ":"2019-06-30 00:00:00","REPORT_TYPE_SQ":"2019年中报","OPERATE_INCOME_SQ":156378917.52,"DPS_HKD":null,"OPERATE_INCOME_QOQ_SQ":-6.877156936656,"NET_PROFIT_RATIO_SQ":1.3229365657,"HOLDER_PROFIT_SQ":2442815.82,"HOLDER_PROFIT_QOQ_SQ":-57.388462852613,"ROE_AVG_SQ":0.642317359567,"PE_TTM_SQ":-1.13726294809,"PB_TTM_SQ":0.933410315627,"ROA_SQ":0.570815935327,"START_DATE":"2020-01-01 00:00:00","FISCAL_YEAR":"12-31","CURRENCY":"HKD","IS_CNY_CODE":0,"DPS_HKD_LY":null,"ORG_TYPE":"一般企业","PREMIUM_INCOME":null,"PREMIUM_INCOME_YOY":null,"NET_INTEREST_INCOME":null,"NET_INTEREST_INCOME_YOY":null,"FEE_COMMISSION_INCOME":null,"FEE_COMMISSION_INCOME_YOY":null,"ACCOUNTS_RECE_TDAYS":1.042527145981,"INVENTORY_TDAYS":3.341629569675,"CURRENT_ASSETS_TDAYS":0.518265773508,"TOTAL_ASSETS_TDAYS":0.286212345882,"PREMIUM_EXPENSE":null,"LOAN_DEPOSIT":null,"LOAN_EQUITY":null,"LOAN_ASSETS":null,"DEPOSIT_EQUITY":null,"DEPOSIT_ASSETS":null,"EQUITY_MULTIPLIER":1.851409505584,"EQUITY_RATIO":0.851409505583}],"count":29},"success":true,"message":"ok","code":0}