{"version":"e1f7c0b80b413d48fc0b65231f1725d6","result":{"pages":2,"data":[{"SECUCODE":"02207.HK","SECURITY_CODE":"02207","SECURITY_NAME_ABBR":"融信服务","ORG_CODE":"10000139718","STD_REPORT_DATE":"2024-06-30 00:00:00","REPORT_DATE":"2024-06-30 00:00:00","DATE_TYPE_CODE":"002","REPORT_TYPE":"2024年中报","PER_NETCASH_OPERATE":-0.135310881237,"PER_OI":0.836594476721,"BPS":1.178441815061,"BASIC_EPS":-0.22,"DILUTED_EPS":-0.22,"OPERATE_INCOME":425077000,"OPERATE_INCOME_YOY":-2.9602049109,"GROSS_PROFIT":80421000,"GROSS_PROFIT_YOY":-4.545940107536,"HOLDER_PROFIT":-113626000,"HOLDER_PROFIT_YOY":-1002.8684942392,"GROSS_PROFIT_RATIO":18.919160528563,"EPS_TTM":-0.227419977013,"OPERATE_INCOME_QOQ":-1.438880054861,"NET_PROFIT_RATIO":-26.7306864403,"ROE_AVG":-17.332027627276,"GROSS_PROFIT_QOQ":-2.221564840111,"ROA":-9.266302840907,"HOLDER_PROFIT_QOQ":-1184.19027960218,"ROE_YEARLY":-34.664055254552,"ROIC_YEARLY":-44.283701597707,"TOTAL_ASSETS":1154416000,"TOTAL_LIABILITIES":555645000,"TAX_EBT":24.434720153224,"OCF_SALES":-16.174010826274,"TOTAL_PARENT_EQUITY":598771000,"DEBT_ASSET_RATIO":48.1321291458,"OPERATE_PROFIT":-151078000,"PRETAX_PROFIT":-150368000,"NETCASH_OPERATE":-68752000,"NETCASH_INVEST":-5796000,"NETCASH_FINANCE":-2975000,"END_CASH":674307000,"DIVI_RATIO":null,"DIVIDEND_RATE":null,"CURRENT_RATIO":1.901941777311,"COMMON_ACS":3000000000,"CURRENTDEBT_DEBT":99.885178486264,"ISSUED_COMMON_SHARES":508104000,"HK_COMMON_SHARES":508104000,"PER_SHARES":1000,"TOTAL_MARKET_CAP":299781360,"HKSK_MARKET_CAP":299781360,"PE_TTM":-2.371948529293,"PB_TTM":0.456943391789,"REPORT_DATE_SQ":"2023-06-30 00:00:00","REPORT_TYPE_SQ":"2023年中报","OPERATE_INCOME_SQ":438044000,"DPS_HKD":null,"OPERATE_INCOME_QOQ_SQ":0.433830573423,"NET_PROFIT_RATIO_SQ":2.8729990595,"HOLDER_PROFIT_SQ":12585000,"HOLDER_PROFIT_QOQ_SQ":-128.026790314271,"ROE_AVG_SQ":1.777463290828,"PE_TTM_SQ":-34.09832386805,"PB_TTM_SQ":0.304952238134,"ROA_SQ":1.043800212409,"START_DATE":"2024-01-01 00:00:00","FISCAL_YEAR":"12-31","CURRENCY":"HKD","IS_CNY_CODE":0,"DPS_HKD_LY":null,"ORG_TYPE":"一般企业","PREMIUM_INCOME":null,"PREMIUM_INCOME_YOY":null,"NET_INTEREST_INCOME":null,"NET_INTEREST_INCOME_YOY":null,"FEE_COMMISSION_INCOME":null,"FEE_COMMISSION_INCOME_YOY":null,"ACCOUNTS_RECE_TDAYS":0.988285704654,"INVENTORY_TDAYS":204.361695819745,"CURRENT_ASSETS_TDAYS":0.369796653033,"TOTAL_ASSETS_TDAYS":0.346654129575,"PREMIUM_EXPENSE":null,"LOAN_DEPOSIT":null,"LOAN_EQUITY":null,"LOAN_ASSETS":null,"DEPOSIT_EQUITY":null,"DEPOSIT_ASSETS":null,"EQUITY_MULTIPLIER":1.927975803771,"EQUITY_RATIO":0.927975803771},{"SECUCODE":"02207.HK","SECURITY_CODE":"02207","SECURITY_NAME_ABBR":"融信服务","ORG_CODE":"10000139718","STD_REPORT_DATE":"2023-12-31 00:00:00","REPORT_DATE":"2023-12-31 00:00:00","DATE_TYPE_CODE":"001","REPORT_TYPE":"2023年年报","PER_NETCASH_OPERATE":0.074984648812,"PER_OI":1.773627052729,"BPS":1.402069261411,"BASIC_EPS":0.02,"DILUTED_EPS":0.02,"OPERATE_INCOME":901187000,"OPERATE_INCOME_YOY":2.7766753342,"GROSS_PROFIT":172401000,"GROSS_PROFIT_YOY":-0.290336200066,"HOLDER_PROFIT":10658000,"HOLDER_PROFIT_YOY":-31.3626996394,"GROSS_PROFIT_RATIO":19.13043574752,"EPS_TTM":0.020976020657,"OPERATE_INCOME_QOQ":2.332724687842,"NET_PROFIT_RATIO":1.1826624219,"ROE_AVG":1.507351485289,"GROSS_PROFIT_QOQ":4.286362399056,"ROA":0.85398485535,"HOLDER_PROFIT_QOQ":344.898897058824,"ROE_YEARLY":1.507351485289,"ROIC_YEARLY":2.089496642651,"TOTAL_ASSETS":1298040000,"TOTAL_LIABILITIES":585643000,"TAX_EBT":36.332138590203,"OCF_SALES":4.227757391085,"TOTAL_PARENT_EQUITY":712397000,"DEBT_ASSET_RATIO":45.1174848233,"OPERATE_PROFIT":15572000,"PRETAX_PROFIT":16740000,"NETCASH_OPERATE":38100000,"NETCASH_INVEST":-6783000,"NETCASH_FINANCE":-3663000,"END_CASH":751803000,"DIVI_RATIO":null,"DIVIDEND_RATE":null,"CURRENT_RATIO":2.131545653717,"COMMON_ACS":3000000000,"CURRENTDEBT_DEBT":99.604366482652,"ISSUED_COMMON_SHARES":508104000,"HK_COMMON_SHARES":508104000,"PER_SHARES":1000,"TOTAL_MARKET_CAP":284538240,"HKSK_MARKET_CAP":284538240,"PE_TTM":-2.251340976956,"PB_TTM":0.433708982037,"REPORT_DATE_SQ":"2022-12-31 00:00:00","REPORT_TYPE_SQ":"2022年年报","OPERATE_INCOME_SQ":876840000,"DPS_HKD":null,"OPERATE_INCOME_QOQ_SQ":-6.355329428802,"NET_PROFIT_RATIO_SQ":2.0982163222,"HOLDER_PROFIT_SQ":15528000,"HOLDER_PROFIT_QOQ_SQ":-80.189329182721,"ROE_AVG_SQ":2.233781777589,"PE_TTM_SQ":-30.065188786883,"PB_TTM_SQ":0.26888261857,"ROA_SQ":1.320089366173,"START_DATE":"2023-01-01 00:00:00","FISCAL_YEAR":"12-31","CURRENCY":"HKD","IS_CNY_CODE":0,"DPS_HKD_LY":null,"ORG_TYPE":"一般企业","PREMIUM_INCOME":null,"PREMIUM_INCOME_YOY":null,"NET_INTEREST_INCOME":null,"NET_INTEREST_INCOME_YOY":null,"FEE_COMMISSION_INCOME":null,"FEE_COMMISSION_INCOME_YOY":null,"ACCOUNTS_RECE_TDAYS":1.943549552386,"INVENTORY_TDAYS":420.777136258661,"CURRENT_ASSETS_TDAYS":0.748735161856,"TOTAL_ASSETS_TDAYS":0.722086742202,"PREMIUM_EXPENSE":null,"LOAN_DEPOSIT":null,"LOAN_EQUITY":null,"LOAN_ASSETS":null,"DEPOSIT_EQUITY":null,"DEPOSIT_ASSETS":null,"EQUITY_MULTIPLIER":1.822073927881,"EQUITY_RATIO":0.82207392788},{"SECUCODE":"02207.HK","SECURITY_CODE":"02207","SECURITY_NAME_ABBR":"融信服务","ORG_CODE":"10000139718","STD_REPORT_DATE":"2023-06-30 00:00:00","REPORT_DATE":"2023-06-30 00:00:00","DATE_TYPE_CODE":"002","REPORT_TYPE":"2023年中报","PER_NETCASH_OPERATE":-0.100666399005,"PER_OI":0.862114842631,"BPS":1.405861792074,"BASIC_EPS":0.02,"DILUTED_EPS":0.02,"OPERATE_INCOME":438044000,"OPERATE_INCOME_YOY":0.8760132646,"GROSS_PROFIT":84251000,"GROSS_PROFIT_YOY":-8.262285085857,"HOLDER_PROFIT":12585000,"HOLDER_PROFIT_YOY":-61.2351763438,"GROSS_PROFIT_RATIO":19.233455999854,"EPS_TTM":-0.008565175633,"OPERATE_INCOME_QOQ":0.433830573423,"NET_PROFIT_RATIO":2.8729990595,"ROE_AVG":1.777463290828,"GROSS_PROFIT_QOQ":-4.388587820917,"ROA":1.043800212409,"HOLDER_PROFIT_QOQ":-128.026790314271,"ROE_YEARLY":3.554926581656,"ROIC_YEARLY":4.935632837548,"TOTAL_ASSETS":1213358000,"TOTAL_LIABILITIES":499034000,"TAX_EBT":32.039097094719,"OCF_SALES":-11.676680881373,"TOTAL_PARENT_EQUITY":714324000,"DEBT_ASSET_RATIO":41.1283396986,"OPERATE_PROFIT":17834000,"PRETAX_PROFIT":18518000,"NETCASH_OPERATE":-51149000,"NETCASH_INVEST":-3709000,"NETCASH_FINANCE":-2003000,"END_CASH":667341000,"DIVI_RATIO":null,"DIVIDEND_RATE":null,"CURRENT_RATIO":2.357370140345,"COMMON_ACS":3000000000,"CURRENTDEBT_DEBT":99.375994421222,"ISSUED_COMMON_SHARES":508104000,"HK_COMMON_SHARES":508104000,"PER_SHARES":1000,"TOTAL_MARKET_CAP":284538240,"HKSK_MARKET_CAP":284538240,"PE_TTM":-2.251340976956,"PB_TTM":0.433708982037,"REPORT_DATE_SQ":"2022-06-30 00:00:00","REPORT_TYPE_SQ":"2022年中报","OPERATE_INCOME_SQ":434240000,"DPS_HKD":null,"OPERATE_INCOME_QOQ_SQ":-5.509303269011,"NET_PROFIT_RATIO_SQ":8.1372052321,"HOLDER_PROFIT_SQ":32465000,"HOLDER_PROFIT_QOQ_SQ":-30.26512455516,"ROE_AVG_SQ":4.606392193893,"PE_TTM_SQ":-30.065188786883,"PB_TTM_SQ":0.26888261857,"ROA_SQ":2.787253926001,"START_DATE":"2023-01-01 00:00:00","FISCAL_YEAR":"12-31","CURRENCY":"HKD","IS_CNY_CODE":0,"DPS_HKD_LY":null,"ORG_TYPE":"一般企业","PREMIUM_INCOME":null,"PREMIUM_INCOME_YOY":null,"NET_INTEREST_INCOME":null,"NET_INTEREST_INCOME_YOY":null,"FEE_COMMISSION_INCOME":null,"FEE_COMMISSION_INCOME_YOY":null,"ACCOUNTS_RECE_TDAYS":0.934526762009,"INVENTORY_TDAYS":273.410355486862,"CURRENT_ASSETS_TDAYS":0.375535062279,"TOTAL_ASSETS_TDAYS":0.36331380234,"PREMIUM_EXPENSE":null,"LOAN_DEPOSIT":null,"LOAN_EQUITY":null,"LOAN_ASSETS":null,"DEPOSIT_EQUITY":null,"DEPOSIT_ASSETS":null,"EQUITY_MULTIPLIER":1.698610154496,"EQUITY_RATIO":0.698610154496},{"SECUCODE":"02207.HK","SECURITY_CODE":"02207","SECURITY_NAME_ABBR":"融信服务","ORG_CODE":"10000139718","STD_REPORT_DATE":"2022-12-31 00:00:00","REPORT_DATE":"2022-12-31 00:00:00","DATE_TYPE_CODE":"001","REPORT_TYPE":"2022年年报","PER_NETCASH_OPERATE":-0.029812794231,"PER_OI":1.725709697227,"BPS":1.381093240754,"BASIC_EPS":0.03,"DILUTED_EPS":0.03,"OPERATE_INCOME":876840000,"OPERATE_INCOME_YOY":-11.5144983258,"GROSS_PROFIT":172903000,"GROSS_PROFIT_YOY":-37.903851402796,"HOLDER_PROFIT":15528000,"HOLDER_PROFIT_YOY":-86.1850533808,"GROSS_PROFIT_RATIO":19.718876876055,"EPS_TTM":0.030560672618,"OPERATE_INCOME_QOQ":-6.355329428802,"NET_PROFIT_RATIO":2.0982163222,"ROE_AVG":2.233781777589,"GROSS_PROFIT_QOQ":-23.645605172048,"ROA":1.320089366173,"HOLDER_PROFIT_QOQ":-80.189329182721,"ROE_YEARLY":2.233781777589,"ROIC_YEARLY":3.612082611735,"TOTAL_ASSETS":1198023000,"TOTAL_LIABILITIES":496284000,"TAX_EBT":31.232712865366,"OCF_SALES":-1.72756717303,"TOTAL_PARENT_EQUITY":701739000,"DEBT_ASSET_RATIO":41.4252480962,"OPERATE_PROFIT":24746000,"PRETAX_PROFIT":26754000,"NETCASH_OPERATE":-15148000,"NETCASH_INVEST":-6233000,"NETCASH_FINANCE":-16580000,"END_CASH":724110000,"DIVI_RATIO":null,"DIVIDEND_RATE":null,"CURRENT_RATIO":2.359622570358,"COMMON_ACS":3000000000,"CURRENTDEBT_DEBT":99.384828042008,"ISSUED_COMMON_SHARES":508104000,"HK_COMMON_SHARES":508104000,"PER_SHARES":1000,"TOTAL_MARKET_CAP":284538240,"HKSK_MARKET_CAP":284538240,"PE_TTM":-2.251340976956,"PB_TTM":0.433708982037,"REPORT_DATE_SQ":"2021-12-31 00:00:00","REPORT_TYPE_SQ":"2021年年报","OPERATE_INCOME_SQ":990942000,"DPS_HKD":null,"OPERATE_INCOME_QOQ_SQ":7.610961974511,"NET_PROFIT_RATIO_SQ":12.0603425831,"HOLDER_PROFIT_SQ":112400000,"HOLDER_PROFIT_QOQ_SQ":-0.698818810683,"ROE_AVG_SQ":30.205513043595,"PE_TTM_SQ":-30.065188786883,"PB_TTM_SQ":0.26888261857,"ROA_SQ":14.253667085569,"START_DATE":"2022-01-01 00:00:00","FISCAL_YEAR":"12-31","CURRENCY":"HKD","IS_CNY_CODE":0,"DPS_HKD_LY":null,"ORG_TYPE":"一般企业","PREMIUM_INCOME":null,"PREMIUM_INCOME_YOY":null,"NET_INTEREST_INCOME":null,"NET_INTEREST_INCOME_YOY":null,"FEE_COMMISSION_INCOME":null,"FEE_COMMISSION_INCOME_YOY":null,"ACCOUNTS_RECE_TDAYS":2.187277054096,"INVENTORY_TDAYS":408.790360046458,"CURRENT_ASSETS_TDAYS":0.76345209487,"TOTAL_ASSETS_TDAYS":0.745432225551,"PREMIUM_EXPENSE":null,"LOAN_DEPOSIT":null,"LOAN_EQUITY":null,"LOAN_ASSETS":null,"DEPOSIT_EQUITY":null,"DEPOSIT_ASSETS":null,"EQUITY_MULTIPLIER":1.707220205802,"EQUITY_RATIO":0.707220205803},{"SECUCODE":"02207.HK","SECURITY_CODE":"02207","SECURITY_NAME_ABBR":"融信服务","ORG_CODE":"10000139718","STD_REPORT_DATE":"2022-06-30 00:00:00","REPORT_DATE":"2022-06-30 00:00:00","DATE_TYPE_CODE":"002","REPORT_TYPE":"2022年中报","PER_NETCASH_OPERATE":-0.262670634358,"PER_OI":0.854628186356,"BPS":1.419028387889,"BASIC_EPS":0.06,"DILUTED_EPS":0.06,"OPERATE_INCOME":434240000,"OPERATE_INCOME_YOY":-11.1682084307,"GROSS_PROFIT":91839000,"GROSS_PROFIT_YOY":-36.149754927521,"HOLDER_PROFIT":32465000,"HOLDER_PROFIT_YOY":-51.1679677512,"GROSS_PROFIT_RATIO":21.14936440678,"EPS_TTM":0.154263694047,"OPERATE_INCOME_QOQ":-5.509303269011,"NET_PROFIT_RATIO":8.1372052321,"ROE_AVG":4.606392193893,"GROSS_PROFIT_QOQ":-18.673772823261,"ROA":2.787253926001,"HOLDER_PROFIT_QOQ":-30.26512455516,"ROE_YEARLY":9.212784387785,"ROIC_YEARLY":13.982941801631,"TOTAL_ASSETS":1174988000,"TOTAL_LIABILITIES":444312000,"TAX_EBT":25.869592581714,"OCF_SALES":-30.735077376566,"TOTAL_PARENT_EQUITY":721014000,"DEBT_ASSET_RATIO":37.8141734213,"OPERATE_PROFIT":46043000,"PRETAX_PROFIT":47666000,"NETCASH_OPERATE":-133464000,"NETCASH_INVEST":-4009000,"NETCASH_FINANCE":-1958000,"END_CASH":622491000,"DIVI_RATIO":null,"DIVIDEND_RATE":null,"CURRENT_RATIO":2.614400098015,"COMMON_ACS":3000000000,"CURRENTDEBT_DEBT":99.197635895497,"ISSUED_COMMON_SHARES":508104000,"HK_COMMON_SHARES":508104000,"PER_SHARES":1000,"TOTAL_MARKET_CAP":284538240,"HKSK_MARKET_CAP":284538240,"PE_TTM":-2.251340976956,"PB_TTM":0.433708982037,"REPORT_DATE_SQ":"2021-06-30 00:00:00","REPORT_TYPE_SQ":"2021年中报","OPERATE_INCOME_SQ":488834000,"DPS_HKD":null,"OPERATE_INCOME_QOQ_SQ":22.711263617284,"NET_PROFIT_RATIO_SQ":14.1002876232,"HOLDER_PROFIT_SQ":66483000,"HOLDER_PROFIT_QOQ_SQ":33.054742509198,"ROE_AVG_SQ":74.760900733744,"PE_TTM_SQ":-30.065188786883,"PB_TTM_SQ":0.26888261857,"ROA_SQ":14.61150384227,"START_DATE":"2022-01-01 00:00:00","FISCAL_YEAR":"12-31","CURRENCY":"HKD","IS_CNY_CODE":0,"DPS_HKD_LY":null,"ORG_TYPE":"一般企业","PREMIUM_INCOME":null,"PREMIUM_INCOME_YOY":null,"NET_INTEREST_INCOME":null,"NET_INTEREST_INCOME_YOY":null,"FEE_COMMISSION_INCOME":null,"FEE_COMMISSION_INCOME_YOY":null,"ACCOUNTS_RECE_TDAYS":0.973520965091,"INVENTORY_TDAYS":187.155506969117,"CURRENT_ASSETS_TDAYS":0.379997287234,"TOTAL_ASSETS_TDAYS":0.372812920014,"PREMIUM_EXPENSE":null,"LOAN_DEPOSIT":null,"LOAN_EQUITY":null,"LOAN_ASSETS":null,"DEPOSIT_EQUITY":null,"DEPOSIT_ASSETS":null,"EQUITY_MULTIPLIER":1.608083473385,"EQUITY_RATIO":0.616232139737},{"SECUCODE":"02207.HK","SECURITY_CODE":"02207","SECURITY_NAME_ABBR":"融信服务","ORG_CODE":"10000139718","STD_REPORT_DATE":"2021-12-31 00:00:00","REPORT_DATE":"2021-12-31 00:00:00","DATE_TYPE_CODE":"001","REPORT_TYPE":"2021年年报","PER_NETCASH_OPERATE":0.012031001527,"PER_OI":1.950273959662,"BPS":1.355133988317,"BASIC_EPS":0.26,"DILUTED_EPS":0.26,"OPERATE_INCOME":990942000,"OPERATE_INCOME_YOY":32.0507712296,"GROSS_PROFIT":278444000,"GROSS_PROFIT_YOY":28.723920651285,"HOLDER_PROFIT":112400000,"HOLDER_PROFIT_YOY":36.2242610076,"GROSS_PROFIT_RATIO":28.098920017519,"EPS_TTM":0.221214554501,"OPERATE_INCOME_QOQ":7.610961974511,"NET_PROFIT_RATIO":12.0603425831,"ROE_AVG":30.205513043595,"GROSS_PROFIT_QOQ":4.475920679887,"ROA":14.253667085569,"HOLDER_PROFIT_QOQ":-0.698818810683,"ROE_YEARLY":30.205513043595,"ROIC_YEARLY":40.174494557321,"TOTAL_ASSETS":1154545000,"TOTAL_LIABILITIES":459204000,"TAX_EBT":29.036108092702,"OCF_SALES":0.616887769415,"TOTAL_PARENT_EQUITY":688549000,"DEBT_ASSET_RATIO":39.773590462,"OPERATE_PROFIT":167213000,"PRETAX_PROFIT":168411000,"NETCASH_OPERATE":6113000,"NETCASH_INVEST":-6374000,"NETCASH_FINANCE":515623000,"END_CASH":761885000,"DIVI_RATIO":null,"DIVIDEND_RATE":null,"CURRENT_RATIO":2.496009955837,"COMMON_ACS":3000000000,"CURRENTDEBT_DEBT":98.867823451015,"ISSUED_COMMON_SHARES":508104000,"HK_COMMON_SHARES":508104000,"PER_SHARES":1000,"TOTAL_MARKET_CAP":284538240,"HKSK_MARKET_CAP":284538240,"PE_TTM":-2.251340976956,"PB_TTM":0.433708982037,"REPORT_DATE_SQ":"2020-12-31 00:00:00","REPORT_TYPE_SQ":"2020年年报","OPERATE_INCOME_SQ":750425000,"DPS_HKD":null,"OPERATE_INCOME_QOQ_SQ":18.334074473554,"NET_PROFIT_RATIO_SQ":11.3363760536,"HOLDER_PROFIT_SQ":82511000,"HOLDER_PROFIT_QOQ_SQ":-2.987763852619,"ROE_AVG_SQ":101.966307285705,"PE_TTM_SQ":-30.065188786883,"PB_TTM_SQ":0.26888261857,"ROA_SQ":21.13617729633,"START_DATE":"2021-01-01 00:00:00","FISCAL_YEAR":"12-31","CURRENCY":"HKD","IS_CNY_CODE":0,"DPS_HKD_LY":null,"ORG_TYPE":"一般企业","PREMIUM_INCOME":null,"PREMIUM_INCOME_YOY":null,"NET_INTEREST_INCOME":null,"NET_INTEREST_INCOME_YOY":null,"FEE_COMMISSION_INCOME":null,"FEE_COMMISSION_INCOME_YOY":null,"ACCOUNTS_RECE_TDAYS":3.863713280878,"INVENTORY_TDAYS":414.72526193248,"CURRENT_ASSETS_TDAYS":1.289889331171,"TOTAL_ASSETS_TDAYS":1.256633217892,"PREMIUM_EXPENSE":null,"LOAN_DEPOSIT":null,"LOAN_EQUITY":null,"LOAN_ASSETS":null,"DEPOSIT_EQUITY":null,"DEPOSIT_ASSETS":null,"EQUITY_MULTIPLIER":1.660401155691,"EQUITY_RATIO":0.666915499115},{"SECUCODE":"02207.HK","SECURITY_CODE":"02207","SECURITY_NAME_ABBR":"融信服务","ORG_CODE":"10000139718","STD_REPORT_DATE":"2021-06-30 00:00:00","REPORT_DATE":"2021-06-30 00:00:00","DATE_TYPE_CODE":"002","REPORT_TYPE":"2021年中报","PER_NETCASH_OPERATE":-218300,"PER_OI":4888340,"BPS":0.240440933352,"BASIC_EPS":0.18,"DILUTED_EPS":0.18,"OPERATE_INCOME":488834000,"OPERATE_INCOME_YOY":53.526819785,"GROSS_PROFIT":143835000,"GROSS_PROFIT_YOY":53.618993709348,"HOLDER_PROFIT":66483000,"HOLDER_PROFIT_YOY":73.2997940724,"GROSS_PROFIT_RATIO":29.424098978385,"EPS_TTM":1131910,"OPERATE_INCOME_QOQ":22.711263617284,"NET_PROFIT_RATIO":14.1002876232,"ROE_AVG":74.760900733744,"GROSS_PROFIT_QOQ":23.209175677612,"ROA":14.61150384227,"HOLDER_PROFIT_QOQ":33.054742509198,"ROE_YEARLY":149.521801467488,"ROIC_YEARLY":60.385841576065,"TOTAL_ASSETS":487416000,"TOTAL_LIABILITIES":363122000,"TAX_EBT":27.106885648114,"OCF_SALES":-4.465728652262,"TOTAL_PARENT_EQUITY":122169000,"DEBT_ASSET_RATIO":74.4994009224,"OPERATE_PROFIT":94116000,"PRETAX_PROFIT":94559000,"NETCASH_OPERATE":-21830000,"NETCASH_INVEST":-2802000,"NETCASH_FINANCE":-5929000,"END_CASH":218594000,"DIVI_RATIO":null,"DIVIDEND_RATE":null,"CURRENT_RATIO":1.300609159751,"COMMON_ACS":3000000000,"CURRENTDEBT_DEBT":98.553654143786,"ISSUED_COMMON_SHARES":508104000,"HK_COMMON_SHARES":508104000,"PER_SHARES":1000,"TOTAL_MARKET_CAP":284538240,"HKSK_MARKET_CAP":284538240,"PE_TTM":-2.251340976956,"PB_TTM":0.433708982037,"REPORT_DATE_SQ":"2020-06-30 00:00:00","REPORT_TYPE_SQ":"2020年中报","OPERATE_INCOME_SQ":318403000,"DPS_HKD":null,"OPERATE_INCOME_QOQ_SQ":22.322310351213,"NET_PROFIT_RATIO_SQ":12.8475548283,"HOLDER_PROFIT_SQ":38363000,"HOLDER_PROFIT_QOQ_SQ":22.636179288162,"ROE_AVG_SQ":50.906896144058,"PE_TTM_SQ":-30.065188786883,"PB_TTM_SQ":0.26888261857,"ROA_SQ":9.878054670144,"START_DATE":"2021-01-01 00:00:00","FISCAL_YEAR":"12-31","CURRENCY":"HKD","IS_CNY_CODE":0,"DPS_HKD_LY":null,"ORG_TYPE":"一般企业","PREMIUM_INCOME":null,"PREMIUM_INCOME_YOY":null,"NET_INTEREST_INCOME":null,"NET_INTEREST_INCOME_YOY":null,"FEE_COMMISSION_INCOME":null,"FEE_COMMISSION_INCOME_YOY":null,"ACCOUNTS_RECE_TDAYS":2.505524019426,"INVENTORY_TDAYS":null,"CURRENT_ASSETS_TDAYS":1.125406918653,"TOTAL_ASSETS_TDAYS":1.074349814123,"PREMIUM_EXPENSE":null,"LOAN_DEPOSIT":null,"LOAN_EQUITY":null,"LOAN_ASSETS":null,"DEPOSIT_EQUITY":null,"DEPOSIT_ASSETS":null,"EQUITY_MULTIPLIER":3.921476499266,"EQUITY_RATIO":2.972292480089},{"SECUCODE":"02207.HK","SECURITY_CODE":"02207","SECURITY_NAME_ABBR":"融信服务","ORG_CODE":"10000139718","STD_REPORT_DATE":"2020-12-31 00:00:00","REPORT_DATE":"2020-12-31 00:00:00","DATE_TYPE_CODE":"001","REPORT_TYPE":"2020年年报","PER_NETCASH_OPERATE":null,"PER_OI":null,"BPS":0.109595673327,"BASIC_EPS":0.22,"DILUTED_EPS":null,"OPERATE_INCOME":750425000,"OPERATE_INCOME_YOY":44.7489738288,"GROSS_PROFIT":216311000,"GROSS_PROFIT_YOY":29.343984883728,"HOLDER_PROFIT":82511000,"HOLDER_PROFIT_YOY":21.4675309841,"GROSS_PROFIT_RATIO":28.825132424959,"EPS_TTM":null,"OPERATE_INCOME_QOQ":18.334074473554,"NET_PROFIT_RATIO":11.3363760536,"ROE_AVG":101.966307285705,"GROSS_PROFIT_QOQ":8.500531690777,"ROA":21.13617729633,"HOLDER_PROFIT_QOQ":-2.987763852619,"ROE_YEARLY":101.966307285705,"ROIC_YEARLY":34.876884854746,"TOTAL_ASSETS":422593000,"TOTAL_LIABILITIES":367226000,"TAX_EBT":30.211896734182,"OCF_SALES":34.135856348069,"TOTAL_PARENT_EQUITY":55686000,"DEBT_ASSET_RATIO":86.8982685468,"OPERATE_PROFIT":121614000,"PRETAX_PROFIT":121899000,"NETCASH_OPERATE":256164000,"NETCASH_INVEST":67058000,"NETCASH_FINANCE":-145121000,"END_CASH":249221000,"DIVI_RATIO":null,"DIVIDEND_RATE":null,"CURRENT_RATIO":1.115603370532,"COMMON_ACS":3000000000,"CURRENTDEBT_DEBT":98.436929847015,"ISSUED_COMMON_SHARES":508104000,"HK_COMMON_SHARES":508104000,"PER_SHARES":1000,"TOTAL_MARKET_CAP":284538240,"HKSK_MARKET_CAP":284538240,"PE_TTM":-2.251340976956,"PB_TTM":0.433708982037,"REPORT_DATE_SQ":"2019-12-31 00:00:00","REPORT_TYPE_SQ":"2019年年报","OPERATE_INCOME_SQ":518432000,"DPS_HKD":null,"OPERATE_INCOME_QOQ_SQ":25.331379986414,"NET_PROFIT_RATIO_SQ":13.7925513857,"HOLDER_PROFIT_SQ":70036000,"HOLDER_PROFIT_QOQ_SQ":111.578293289147,"ROE_AVG_SQ":93.891566106858,"PE_TTM_SQ":-30.065188786883,"PB_TTM_SQ":0.26888261857,"ROA_SQ":23.386792128851,"START_DATE":"2020-01-01 00:00:00","FISCAL_YEAR":"12-31","CURRENCY":"HKD","IS_CNY_CODE":0,"DPS_HKD_LY":null,"ORG_TYPE":"一般企业","PREMIUM_INCOME":null,"PREMIUM_INCOME_YOY":null,"NET_INTEREST_INCOME":null,"NET_INTEREST_INCOME_YOY":null,"FEE_COMMISSION_INCOME":null,"FEE_COMMISSION_INCOME_YOY":null,"ACCOUNTS_RECE_TDAYS":4.042562933993,"INVENTORY_TDAYS":null,"CURRENT_ASSETS_TDAYS":1.925391017878,"TOTAL_ASSETS_TDAYS":1.864456259783,"PREMIUM_EXPENSE":null,"LOAN_DEPOSIT":null,"LOAN_EQUITY":null,"LOAN_ASSETS":null,"DEPOSIT_EQUITY":null,"DEPOSIT_ASSETS":null,"EQUITY_MULTIPLIER":7.632578973032,"EQUITY_RATIO":6.594583916963},{"SECUCODE":"02207.HK","SECURITY_CODE":"02207","SECURITY_NAME_ABBR":"融信服务","ORG_CODE":"10000139718","STD_REPORT_DATE":"2020-06-30 00:00:00","REPORT_DATE":"2020-06-30 00:00:00","DATE_TYPE_CODE":"002","REPORT_TYPE":"2020年中报","PER_NETCASH_OPERATE":0.01671047136,"PER_OI":0.58168407264,"BPS":0.097495788264,"BASIC_EPS":384000,"DILUTED_EPS":384000,"OPERATE_INCOME":318403000,"OPERATE_INCOME_YOY":57.0987334527,"GROSS_PROFIT":93631000,"GROSS_PROFIT_YOY":52.235626951093,"HOLDER_PROFIT":38363000,"HOLDER_PROFIT_YOY":65.4746976255,"GROSS_PROFIT_RATIO":29.406444034761,"EPS_TTM":0.16020093408,"OPERATE_INCOME_QOQ":22.322310351213,"NET_PROFIT_RATIO":12.8475548283,"ROE_AVG":50.906896144058,"GROSS_PROFIT_QOQ":19.210461799721,"ROA":9.878054670144,"HOLDER_PROFIT_QOQ":22.636179288162,"ROE_YEARLY":101.813792288116,"ROIC_YEARLY":23.667348408802,"TOTAL_ASSETS":445853000,"TOTAL_LIABILITIES":396650000,"TAX_EBT":30.429088930084,"OCF_SALES":2.872774439939,"TOTAL_PARENT_EQUITY":49538000,"DEBT_ASSET_RATIO":88.9642998926,"OPERATE_PROFIT":58546000,"PRETAX_PROFIT":58799000,"NETCASH_OPERATE":9147000,"NETCASH_INVEST":-8784000,"NETCASH_FINANCE":-2517000,"END_CASH":68967000,"DIVI_RATIO":null,"DIVIDEND_RATE":null,"CURRENT_RATIO":1.109693845302,"COMMON_ACS":3000000000,"CURRENTDEBT_DEBT":99.71486196899,"ISSUED_COMMON_SHARES":508104000,"HK_COMMON_SHARES":508104000,"PER_SHARES":1000,"TOTAL_MARKET_CAP":284538240,"HKSK_MARKET_CAP":284538240,"PE_TTM":-2.251340976956,"PB_TTM":0.433708982037,"REPORT_DATE_SQ":"2019-06-30 00:00:00","REPORT_TYPE_SQ":"2019年中报","OPERATE_INCOME_SQ":202677000,"DPS_HKD":null,"OPERATE_INCOME_QOQ_SQ":0,"NET_PROFIT_RATIO_SQ":12.1972399434,"HOLDER_PROFIT_SQ":24721000,"HOLDER_PROFIT_QOQ_SQ":0,"ROE_AVG_SQ":null,"PE_TTM_SQ":-30.065188786883,"PB_TTM_SQ":0.26888261857,"ROA_SQ":null,"START_DATE":"2020-01-01 00:00:00","FISCAL_YEAR":"12-31","CURRENCY":"HKD","IS_CNY_CODE":0,"DPS_HKD_LY":null,"ORG_TYPE":"一般企业","PREMIUM_INCOME":null,"PREMIUM_INCOME_YOY":null,"NET_INTEREST_INCOME":null,"NET_INTEREST_INCOME_YOY":null,"FEE_COMMISSION_INCOME":null,"FEE_COMMISSION_INCOME_YOY":null,"ACCOUNTS_RECE_TDAYS":1.262855001101,"INVENTORY_TDAYS":null,"CURRENT_ASSETS_TDAYS":0.781228607812,"TOTAL_ASSETS_TDAYS":0.768866512122,"PREMIUM_EXPENSE":null,"LOAN_DEPOSIT":null,"LOAN_EQUITY":null,"LOAN_ASSETS":null,"DEPOSIT_EQUITY":null,"DEPOSIT_ASSETS":null,"EQUITY_MULTIPLIER":9.06150031505,"EQUITY_RATIO":8.006984537123}],"count":13},"success":true,"message":"ok","code":0}