{"version":"e1210efe7e6594a7f8e405b4871ad1b8","result":{"pages":2,"data":[{"SECUCODE":"02209.HK","SECURITY_CODE":"02209","SECURITY_NAME_ABBR":"喆丽控股","ORG_CODE":"10000147922","STD_REPORT_DATE":"2024-06-30 00:00:00","REPORT_DATE":"2024-06-30 00:00:00","DATE_TYPE_CODE":"002","REPORT_TYPE":"2024年中报","PER_NETCASH_OPERATE":-0.270066689658,"PER_OI":2.912255982459,"BPS":0.763208310598,"BASIC_EPS":0.1995504,"DILUTED_EPS":0.19812504,"OPERATE_INCOME":1164148526.4,"OPERATE_INCOME_YOY":80.1824459225,"GROSS_PROFIT":357708345.6,"GROSS_PROFIT_YOY":75.659371839181,"HOLDER_PROFIT":79178748,"HOLDER_PROFIT_YOY":610.8125399872,"GROSS_PROFIT_RATIO":30.727036755883,"EPS_TTM":0.30400200915,"OPERATE_INCOME_QOQ":35.699207747962,"NET_PROFIT_RATIO":6.7995935059,"ROE_AVG":28.129074728141,"GROSS_PROFIT_QOQ":34.695084067621,"ROA":13.6948308485,"HOLDER_PROFIT_QOQ":126.562744445738,"ROE_YEARLY":56.258149456281,"ROIC_YEARLY":34.13026949396,"TOTAL_ASSETS":625490728.8,"TOTAL_LIABILITIES":312381897.6,"TAX_EBT":17.865858167566,"OCF_SALES":-9.273452996058,"TOTAL_PARENT_EQUITY":313137338.4,"DEBT_ASSET_RATIO":49.9418909373,"OPERATE_PROFIT":99967623.6,"PRETAX_PROFIT":96375716.4,"NETCASH_OPERATE":-107956766.4,"NETCASH_INVEST":-591524.4,"NETCASH_FINANCE":-20311380,"END_CASH":48170041.2,"DIVI_RATIO":0.149048357038,"DIVIDEND_RATE":1.785714285714,"CURRENT_RATIO":1.935669836481,"COMMON_ACS":null,"CURRENTDEBT_DEBT":84.68926811462,"ISSUED_COMMON_SHARES":410290787,"HK_COMMON_SHARES":410290787,"PER_SHARES":1000,"TOTAL_MARKET_CAP":1148814203.6,"HKSK_MARKET_CAP":1148814203.6,"PE_TTM":8.5929652655,"PB_TTM":3.348370249455,"REPORT_DATE_SQ":"2023-06-30 00:00:00","REPORT_TYPE_SQ":"2023年中报","OPERATE_INCOME_SQ":655069350.6,"DPS_HKD":0.05,"OPERATE_INCOME_QOQ_SQ":26.003891769255,"NET_PROFIT_RATIO_SQ":1.7240808763,"HOLDER_PROFIT_SQ":11293925.4,"HOLDER_PROFIT_QOQ_SQ":56.079479683722,"ROE_AVG_SQ":5.576964247484,"PE_TTM_SQ":-10.944182936215,"PB_TTM_SQ":1.104025112755,"ROA_SQ":2.513124361871,"START_DATE":"2024-01-01 00:00:00","FISCAL_YEAR":"12-31","CURRENCY":"HKD","IS_CNY_CODE":0,"DPS_HKD_LY":0.05,"ORG_TYPE":"一般企业","PREMIUM_INCOME":null,"PREMIUM_INCOME_YOY":null,"NET_INTEREST_INCOME":null,"NET_INTEREST_INCOME_YOY":null,"FEE_COMMISSION_INCOME":null,"FEE_COMMISSION_INCOME_YOY":null,"ACCOUNTS_RECE_TDAYS":32.689213528117,"INVENTORY_TDAYS":3.212879228836,"CURRENT_ASSETS_TDAYS":2.550937385316,"TOTAL_ASSETS_TDAYS":2.013522258723,"PREMIUM_EXPENSE":null,"LOAN_DEPOSIT":null,"LOAN_EQUITY":null,"LOAN_ASSETS":null,"DEPOSIT_EQUITY":null,"DEPOSIT_ASSETS":null,"EQUITY_MULTIPLIER":1.997678335687,"EQUITY_RATIO":0.997587509673},{"SECUCODE":"02209.HK","SECURITY_CODE":"02209","SECURITY_NAME_ABBR":"喆丽控股","ORG_CODE":"10000147922","STD_REPORT_DATE":"2023-12-31 00:00:00","REPORT_DATE":"2023-12-31 00:00:00","DATE_TYPE_CODE":"001","REPORT_TYPE":"2023年年报","PER_NETCASH_OPERATE":0.160372208261,"PER_OI":3.590878563066,"BPS":0.605141661394,"BASIC_EPS":0.13527957,"DILUTED_EPS":0.13527957,"OPERATE_INCOME":1426023735.3,"OPERATE_INCOME_YOY":56.5719484882,"GROSS_PROFIT":444071124.6,"GROSS_PROFIT_YOY":49.232742333112,"HOLDER_PROFIT":53637287.1,"HOLDER_PROFIT_YOY":211.663226187,"GROSS_PROFIT_RATIO":31.140514257049,"EPS_TTM":0.135064360894,"OPERATE_INCOME_QOQ":26.366706225794,"NET_PROFIT_RATIO":3.7608213014,"ROE_AVG":24.353614612812,"GROSS_PROFIT_QOQ":25.074206442686,"ROA":10.958923932941,"HOLDER_PROFIT_QOQ":358.550488889041,"ROE_YEARLY":24.353614612812,"ROIC_YEARLY":16.073437334182,"TOTAL_ASSETS":527554909.5,"TOTAL_LIABILITIES":279277943.7,"TAX_EBT":6.310319227914,"OCF_SALES":4.466099464088,"TOTAL_PARENT_EQUITY":248284048.5,"DEBT_ASSET_RATIO":52.9381754716,"OPERATE_PROFIT":65869110,"PRETAX_PROFIT":57242381.4,"NETCASH_OPERATE":63687638.4,"NETCASH_INVEST":9781208.7,"NETCASH_FINANCE":-13825430.4,"END_CASH":177690777.6,"DIVI_RATIO":0.335477099214,"DIVIDEND_RATE":1.639344262295,"CURRENT_RATIO":1.821554713068,"COMMON_ACS":null,"CURRENTDEBT_DEBT":78.265831452411,"ISSUED_COMMON_SHARES":410290787,"HK_COMMON_SHARES":410290787,"PER_SHARES":1000,"TOTAL_MARKET_CAP":1251386900.35,"HKSK_MARKET_CAP":1251386900.35,"PE_TTM":9.360194307062,"PB_TTM":3.64733187887,"REPORT_DATE_SQ":"2022-12-31 00:00:00","REPORT_TYPE_SQ":"2022年年报","OPERATE_INCOME_SQ":895591843.2,"DPS_HKD":0.05,"OPERATE_INCOME_QOQ_SQ":1.277764802913,"NET_PROFIT_RATIO_SQ":-5.2740450417,"HOLDER_PROFIT_SQ":-47233917.2,"HOLDER_PROFIT_QOQ_SQ":-49.062228606481,"ROE_AVG_SQ":-21.386226034309,"PE_TTM_SQ":-10.423031367824,"PB_TTM_SQ":1.051452488339,"ROA_SQ":-10.152010717841,"START_DATE":"2023-01-01 00:00:00","FISCAL_YEAR":"12-31","CURRENCY":"HKD","IS_CNY_CODE":0,"DPS_HKD_LY":null,"ORG_TYPE":"一般企业","PREMIUM_INCOME":null,"PREMIUM_INCOME_YOY":null,"NET_INTEREST_INCOME":null,"NET_INTEREST_INCOME_YOY":null,"FEE_COMMISSION_INCOME":null,"FEE_COMMISSION_INCOME_YOY":null,"ACCOUNTS_RECE_TDAYS":58.991796073835,"INVENTORY_TDAYS":8.467660172235,"CURRENT_ASSETS_TDAYS":4.173347981096,"TOTAL_ASSETS_TDAYS":2.913586142525,"PREMIUM_EXPENSE":null,"LOAN_DEPOSIT":null,"LOAN_EQUITY":null,"LOAN_ASSETS":null,"DEPOSIT_EQUITY":null,"DEPOSIT_ASSETS":null,"EQUITY_MULTIPLIER":2.124864494781,"EQUITY_RATIO":1.124832406219},{"SECUCODE":"02209.HK","SECURITY_CODE":"02209","SECURITY_NAME_ABBR":"喆丽控股","ORG_CODE":"10000147922","STD_REPORT_DATE":"2023-06-30 00:00:00","REPORT_DATE":"2023-06-30 00:00:00","DATE_TYPE_CODE":"002","REPORT_TYPE":"2023年中报","PER_NETCASH_OPERATE":-0.145802406626,"PER_OI":1.653698083006,"BPS":0.509233971661,"BASIC_EPS":0.02818062,"DILUTED_EPS":0.02818062,"OPERATE_INCOME":655069350.6,"OPERATE_INCOME_YOY":44.1173197679,"GROSS_PROFIT":203637495.6,"GROSS_PROFIT_YOY":39.32422317587,"HOLDER_PROFIT":11293925.4,"HOLDER_PROFIT_YOY":169.0371024735,"GROSS_PROFIT_RATIO":31.086402594394,"EPS_TTM":-0.052370941709,"OPERATE_INCOME_QOQ":26.003891769255,"NET_PROFIT_RATIO":1.7240808763,"ROE_AVG":5.576964247484,"GROSS_PROFIT_QOQ":19.315362117845,"ROA":2.513124361871,"HOLDER_PROFIT_QOQ":56.079479683722,"ROE_YEARLY":11.153928494969,"ROIC_YEARLY":6.532574055692,"TOTAL_ASSETS":438353157,"TOTAL_LIABILITIES":229419150,"TAX_EBT":16.950053134963,"OCF_SALES":-8.816748844546,"TOTAL_PARENT_EQUITY":208934007,"DEBT_ASSET_RATIO":52.3366026539,"OPERATE_PROFIT":18237919.2,"PRETAX_PROFIT":13598955.6,"NETCASH_OPERATE":-57755819.4,"NETCASH_INVEST":12702956.4,"NETCASH_FINANCE":-4776253.8,"END_CASH":70097485.8,"DIVI_RATIO":-0.865193531407,"DIVIDEND_RATE":1.639344262295,"CURRENT_RATIO":1.846298763957,"COMMON_ACS":null,"CURRENTDEBT_DEBT":68.544881889764,"ISSUED_COMMON_SHARES":410290787,"HK_COMMON_SHARES":410290787,"PER_SHARES":1000,"TOTAL_MARKET_CAP":1251386900.35,"HKSK_MARKET_CAP":1251386900.35,"PE_TTM":9.360194307062,"PB_TTM":3.64733187887,"REPORT_DATE_SQ":"2022-06-30 00:00:00","REPORT_TYPE_SQ":"2022年中报","OPERATE_INCOME_SQ":422180617,"DPS_HKD":0.05,"OPERATE_INCOME_QOQ_SQ":-14.393866703412,"NET_PROFIT_RATIO_SQ":-3.5990779747,"HOLDER_PROFIT_SQ":-15194609.6,"HOLDER_PROFIT_QOQ_SQ":-140.679125163525,"ROE_AVG_SQ":-6.641828262974,"PE_TTM_SQ":-10.423031367824,"PB_TTM_SQ":1.051452488339,"ROA_SQ":-3.145580348459,"START_DATE":"2023-01-01 00:00:00","FISCAL_YEAR":"12-31","CURRENCY":"HKD","IS_CNY_CODE":0,"DPS_HKD_LY":null,"ORG_TYPE":"一般企业","PREMIUM_INCOME":null,"PREMIUM_INCOME_YOY":null,"NET_INTEREST_INCOME":null,"NET_INTEREST_INCOME_YOY":null,"FEE_COMMISSION_INCOME":null,"FEE_COMMISSION_INCOME_YOY":null,"ACCOUNTS_RECE_TDAYS":39.954605553107,"INVENTORY_TDAYS":3.8983526769,"CURRENT_ASSETS_TDAYS":2.253635617869,"TOTAL_ASSETS_TDAYS":1.457660366437,"PREMIUM_EXPENSE":null,"LOAN_DEPOSIT":null,"LOAN_EQUITY":null,"LOAN_ASSETS":null,"DEPOSIT_EQUITY":null,"DEPOSIT_ASSETS":null,"EQUITY_MULTIPLIER":2.098045996887,"EQUITY_RATIO":1.098045996887},{"SECUCODE":"02209.HK","SECURITY_CODE":"02209","SECURITY_NAME_ABBR":"喆丽控股","ORG_CODE":"10000147922","STD_REPORT_DATE":"2022-12-31 00:00:00","REPORT_DATE":"2022-12-31 00:00:00","DATE_TYPE_CODE":"001","REPORT_TYPE":"2022年年报","PER_NETCASH_OPERATE":-0.089264507791,"PER_OI":2.261813120358,"BPS":0.460644879652,"BASIC_EPS":-0.11909466,"DILUTED_EPS":-0.11909466,"OPERATE_INCOME":895591843.2,"OPERATE_INCOME_YOY":-20.6310409954,"GROSS_PROFIT":297569499.6,"GROSS_PROFIT_YOY":-16.083922925396,"HOLDER_PROFIT":-47233917.2,"HOLDER_PROFIT_YOY":-228.4261501211,"GROSS_PROFIT_RATIO":33.226017170586,"EPS_TTM":-0.119289042726,"OPERATE_INCOME_QOQ":1.277764802913,"NET_PROFIT_RATIO":-5.2740450417,"ROE_AVG":-21.386226034309,"GROSS_PROFIT_QOQ":-1.399623449376,"ROA":-10.152010717841,"HOLDER_PROFIT_QOQ":-49.062228606481,"ROE_YEARLY":-21.386226034309,"ROIC_YEARLY":-17.312724163018,"TOTAL_ASSETS":443798241.2,"TOTAL_LIABILITIES":254799891,"TAX_EBT":3.321454027085,"OCF_SALES":-3.946590767699,"TOTAL_PARENT_EQUITY":188998350.2,"DEBT_ASSET_RATIO":57.4134521829,"OPERATE_PROFIT":-41961715,"PRETAX_PROFIT":-48856669,"NETCASH_OPERATE":-35345345,"NETCASH_INVEST":6915847.8,"NETCASH_FINANCE":-57040074,"END_CASH":116023271.4,"DIVI_RATIO":-0.379842095841,"DIVIDEND_RATE":1.639344262295,"CURRENT_RATIO":1.651819039416,"COMMON_ACS":null,"CURRENTDEBT_DEBT":66.642066420664,"ISSUED_COMMON_SHARES":410290787,"HK_COMMON_SHARES":410290787,"PER_SHARES":1000,"TOTAL_MARKET_CAP":1251386900.35,"HKSK_MARKET_CAP":1251386900.35,"PE_TTM":9.360194307062,"PB_TTM":3.64733187887,"REPORT_DATE_SQ":"2021-12-31 00:00:00","REPORT_TYPE_SQ":"2021年年报","OPERATE_INCOME_SQ":1032978162.6,"DPS_HKD":0.05,"OPERATE_INCOME_QOQ_SQ":-14.914588796838,"NET_PROFIT_RATIO_SQ":-1.2745497414,"HOLDER_PROFIT_SQ":-13165820.5,"HOLDER_PROFIT_QOQ_SQ":-121.866137339268,"ROE_AVG_SQ":-7.030864302617,"PE_TTM_SQ":-10.423031367824,"PB_TTM_SQ":1.051452488339,"ROA_SQ":-3.099111538,"START_DATE":"2022-01-01 00:00:00","FISCAL_YEAR":"12-31","CURRENCY":"HKD","IS_CNY_CODE":0,"DPS_HKD_LY":0.05,"ORG_TYPE":"一般企业","PREMIUM_INCOME":null,"PREMIUM_INCOME_YOY":null,"NET_INTEREST_INCOME":null,"NET_INTEREST_INCOME_YOY":null,"FEE_COMMISSION_INCOME":null,"FEE_COMMISSION_INCOME_YOY":null,"ACCOUNTS_RECE_TDAYS":64.798185941043,"INVENTORY_TDAYS":8.811287839918,"CURRENT_ASSETS_TDAYS":2.781029001492,"TOTAL_ASSETS_TDAYS":1.924900268694,"PREMIUM_EXPENSE":null,"LOAN_DEPOSIT":null,"LOAN_EQUITY":null,"LOAN_ASSETS":null,"DEPOSIT_EQUITY":null,"DEPOSIT_ASSETS":null,"EQUITY_MULTIPLIER":2.348159339646,"EQUITY_RATIO":1.348159339647},{"SECUCODE":"02209.HK","SECURITY_CODE":"02209","SECURITY_NAME_ABBR":"喆丽控股","ORG_CODE":"10000147922","STD_REPORT_DATE":"2022-06-30 00:00:00","REPORT_DATE":"2022-06-30 00:00:00","DATE_TYPE_CODE":"002","REPORT_TYPE":"2022年中报","PER_NETCASH_OPERATE":-0.110528407644,"PER_OI":1.066215225096,"BPS":0.521596922429,"BASIC_EPS":-0.03825498,"DILUTED_EPS":-0.03825498,"OPERATE_INCOME":422180617,"OPERATE_INCOME_YOY":-28.8147293138,"GROSS_PROFIT":146160869.2,"GROSS_PROFIT_YOY":-26.541651580722,"HOLDER_PROFIT":-15194609.6,"HOLDER_PROFIT_YOY":-539.6116504854,"GROSS_PROFIT_RATIO":34.620459422939,"EPS_TTM":-0.080026337887,"OPERATE_INCOME_QOQ":-14.393866703412,"NET_PROFIT_RATIO":-3.5990779747,"ROE_AVG":-6.641828262974,"GROSS_PROFIT_QOQ":-14.892741782259,"ROA":-3.145580348459,"HOLDER_PROFIT_QOQ":-140.679125163525,"ROE_YEARLY":-13.283656525948,"ROIC_YEARLY":-11.182731965128,"TOTAL_ASSETS":497052995.4,"TOTAL_LIABILITIES":283046583.6,"TAX_EBT":-1.661427929951,"OCF_SALES":-10.366425562356,"TOTAL_PARENT_EQUITY":214006411.8,"DEBT_ASSET_RATIO":56.9449507838,"OPERATE_PROFIT":-13436222.8,"PRETAX_PROFIT":-14946287.8,"NETCASH_OPERATE":-43765039.4,"NETCASH_INVEST":14785214.2,"NETCASH_FINANCE":-22463055.8,"END_CASH":143040068.2,"DIVI_RATIO":-0.566201093246,"DIVIDEND_RATE":1.639344262295,"CURRENT_RATIO":1.897834198572,"COMMON_ACS":null,"CURRENTDEBT_DEBT":58.462559871011,"ISSUED_COMMON_SHARES":410290787,"HK_COMMON_SHARES":410290787,"PER_SHARES":1000,"TOTAL_MARKET_CAP":1251386900.35,"HKSK_MARKET_CAP":1251386900.35,"PE_TTM":9.360194307062,"PB_TTM":3.64733187887,"REPORT_DATE_SQ":"2021-06-30 00:00:00","REPORT_TYPE_SQ":"2021年中报","OPERATE_INCOME_SQ":570866116.8,"DPS_HKD":0.05,"OPERATE_INCOME_QOQ_SQ":7.35344947888,"NET_PROFIT_RATIO_SQ":0.5827901503,"HOLDER_PROFIT_SQ":3326951.5,"HOLDER_PROFIT_QOQ_SQ":-17.75506889295,"ROE_AVG_SQ":2.173913043478,"PE_TTM_SQ":-10.423031367824,"PB_TTM_SQ":1.051452488339,"ROA_SQ":0.828287214623,"START_DATE":"2022-01-01 00:00:00","FISCAL_YEAR":"12-31","CURRENCY":"HKD","IS_CNY_CODE":0,"DPS_HKD_LY":0.05,"ORG_TYPE":"一般企业","PREMIUM_INCOME":null,"PREMIUM_INCOME_YOY":null,"NET_INTEREST_INCOME":null,"NET_INTEREST_INCOME_YOY":null,"FEE_COMMISSION_INCOME":null,"FEE_COMMISSION_INCOME_YOY":null,"ACCOUNTS_RECE_TDAYS":39.242046163444,"INVENTORY_TDAYS":5.068334462998,"CURRENT_ASSETS_TDAYS":1.270833754217,"TOTAL_ASSETS_TDAYS":0.873996165282,"PREMIUM_EXPENSE":null,"LOAN_DEPOSIT":null,"LOAN_EQUITY":null,"LOAN_ASSETS":null,"DEPOSIT_EQUITY":null,"DEPOSIT_ASSETS":null,"EQUITY_MULTIPLIER":2.322607959356,"EQUITY_RATIO":1.322607959356},{"SECUCODE":"02209.HK","SECURITY_CODE":"02209","SECURITY_NAME_ABBR":"喆丽控股","ORG_CODE":"10000147922","STD_REPORT_DATE":"2021-12-31 00:00:00","REPORT_DATE":"2021-12-31 00:00:00","DATE_TYPE_CODE":"001","REPORT_TYPE":"2021年年报","PER_NETCASH_OPERATE":0.004058227875,"PER_OI":2.609150650466,"BPS":0.563880626206,"BASIC_EPS":-0.04718018,"DILUTED_EPS":-0.04718018,"OPERATE_INCOME":1032978162.6,"OPERATE_INCOME_YOY":-6.5203468748,"GROSS_PROFIT":354603682.6,"GROSS_PROFIT_YOY":-12.162038981617,"HOLDER_PROFIT":-13165820.5,"HOLDER_PROFIT_YOY":-118.4046345811,"GROSS_PROFIT_RATIO":34.328284511598,"EPS_TTM":-0.033254922868,"OPERATE_INCOME_QOQ":-14.914588796838,"NET_PROFIT_RATIO":-1.2745497414,"ROE_AVG":-7.030864302617,"GROSS_PROFIT_QOQ":-19.262837682666,"ROA":-3.099111538,"HOLDER_PROFIT_QOQ":-121.866137339268,"ROE_YEARLY":-7.030864302617,"ROIC_YEARLY":-6.045524408988,"TOTAL_ASSETS":445578545.9,"TOTAL_LIABILITIES":214223520,"TAX_EBT":-19.157530294287,"OCF_SALES":0.155538273525,"TOTAL_PARENT_EQUITY":231355025.9,"DEBT_ASSET_RATIO":48.0776110006,"OPERATE_PROFIT":-8543438,"PRETAX_PROFIT":-11049088.1,"NETCASH_OPERATE":1606676.4,"NETCASH_INVEST":-63986525.2,"NETCASH_FINANCE":68902189.9,"END_CASH":185296969.1,"DIVI_RATIO":-1.362535110365,"DIVIDEND_RATE":1.639344262295,"CURRENT_RATIO":2.167981727575,"COMMON_ACS":null,"CURRENTDEBT_DEBT":71.666666666667,"ISSUED_COMMON_SHARES":410290787,"HK_COMMON_SHARES":410290787,"PER_SHARES":1000,"TOTAL_MARKET_CAP":1251386900.35,"HKSK_MARKET_CAP":1251386900.35,"PE_TTM":9.360194307062,"PB_TTM":3.64733187887,"REPORT_DATE_SQ":"2020-12-31 00:00:00","REPORT_TYPE_SQ":"2020年年报","OPERATE_INCOME_SQ":1130889143.1,"DPS_HKD":0.05,"OPERATE_INCOME_QOQ_SQ":7.773787691694,"NET_PROFIT_RATIO_SQ":6.473612241,"HOLDER_PROFIT_SQ":73209378,"HOLDER_PROFIT_QOQ_SQ":43.995664067059,"ROE_AVG_SQ":63.63610583331,"PE_TTM_SQ":-10.423031367824,"PB_TTM_SQ":1.051452488339,"ROA_SQ":23.173678666584,"START_DATE":"2021-01-01 00:00:00","FISCAL_YEAR":"12-31","CURRENCY":"HKD","IS_CNY_CODE":0,"DPS_HKD_LY":0.05,"ORG_TYPE":"一般企业","PREMIUM_INCOME":null,"PREMIUM_INCOME_YOY":null,"NET_INTEREST_INCOME":null,"NET_INTEREST_INCOME_YOY":null,"FEE_COMMISSION_INCOME":null,"FEE_COMMISSION_INCOME_YOY":null,"ACCOUNTS_RECE_TDAYS":74.150114416476,"INVENTORY_TDAYS":13.335840070189,"CURRENT_ASSETS_TDAYS":3.327541589649,"TOTAL_ASSETS_TDAYS":2.431534397887,"PREMIUM_EXPENSE":null,"LOAN_DEPOSIT":null,"LOAN_EQUITY":null,"LOAN_ASSETS":null,"DEPOSIT_EQUITY":null,"DEPOSIT_ASSETS":null,"EQUITY_MULTIPLIER":1.925951442665,"EQUITY_RATIO":0.925951442665},{"SECUCODE":"02209.HK","SECURITY_CODE":"02209","SECURITY_NAME_ABBR":"喆丽控股","ORG_CODE":"10000147922","STD_REPORT_DATE":"2021-06-30 00:00:00","REPORT_DATE":"2021-06-30 00:00:00","DATE_TYPE_CODE":"002","REPORT_TYPE":"2021年中报","PER_NETCASH_OPERATE":-0.143234108281,"PER_OI":3.173849468545,"BPS":0.392464217336,"BASIC_EPS":0.02002631,"DILUTED_EPS":0.00904414,"OPERATE_INCOME":570866116.8,"OPERATE_INCOME_YOY":28.2740600958,"GROSS_PROFIT":198971080,"GROSS_PROFIT_YOY":21.720418885545,"HOLDER_PROFIT":3326951.5,"HOLDER_PROFIT_YOY":-77.6669557676,"GROSS_PROFIT_RATIO":34.854245880862,"EPS_TTM":0.334755650513,"OPERATE_INCOME_QOQ":7.35344947888,"NET_PROFIT_RATIO":0.5827901503,"ROE_AVG":2.173913043478,"GROSS_PROFIT_QOQ":8.794956990362,"ROA":0.828287214623,"HOLDER_PROFIT_QOQ":-17.75506889295,"ROE_YEARLY":4.347826086957,"ROIC_YEARLY":2.818674402058,"TOTAL_ASSETS":393911057.6,"TOTAL_LIABILITIES":232886605,"TAX_EBT":48.136958710977,"OCF_SALES":-4.512945862756,"TOTAL_PARENT_EQUITY":161024452.6,"DEBT_ASSET_RATIO":59.1216216216,"OPERATE_PROFIT":7739199.8,"PRETAX_PROFIT":6414879.3,"NETCASH_OPERATE":-25762878.8,"NETCASH_INVEST":-6931687.3,"NETCASH_FINANCE":-3630576.2,"END_CASH":145823837.3,"DIVI_RATIO":0.135355444876,"DIVIDEND_RATE":1.639344262295,"CURRENT_RATIO":1.671880025732,"COMMON_ACS":null,"CURRENTDEBT_DEBT":68.99306518724,"ISSUED_COMMON_SHARES":410290787,"HK_COMMON_SHARES":410290787,"PER_SHARES":1000,"TOTAL_MARKET_CAP":1251386900.35,"HKSK_MARKET_CAP":1251386900.35,"PE_TTM":9.360194307062,"PB_TTM":3.64733187887,"REPORT_DATE_SQ":"2020-06-30 00:00:00","REPORT_TYPE_SQ":"2020年中报","OPERATE_INCOME_SQ":487706755,"DPS_HKD":0.05,"OPERATE_INCOME_QOQ_SQ":0,"NET_PROFIT_RATIO_SQ":3.3473653651,"HOLDER_PROFIT_SQ":16325327,"HOLDER_PROFIT_QOQ_SQ":0,"ROE_AVG_SQ":null,"PE_TTM_SQ":-10.423031367824,"PB_TTM_SQ":1.051452488339,"ROA_SQ":null,"START_DATE":"2021-01-01 00:00:00","FISCAL_YEAR":"12-31","CURRENCY":"HKD","IS_CNY_CODE":0,"DPS_HKD_LY":0.05,"ORG_TYPE":"一般企业","PREMIUM_INCOME":null,"PREMIUM_INCOME_YOY":null,"NET_INTEREST_INCOME":null,"NET_INTEREST_INCOME_YOY":null,"FEE_COMMISSION_INCOME":null,"FEE_COMMISSION_INCOME_YOY":null,"ACCOUNTS_RECE_TDAYS":43.953245461328,"INVENTORY_TDAYS":5.969926371461,"CURRENT_ASSETS_TDAYS":2.037114732935,"TOTAL_ASSETS_TDAYS":1.421244360812,"PREMIUM_EXPENSE":null,"LOAN_DEPOSIT":null,"LOAN_EQUITY":null,"LOAN_ASSETS":null,"DEPOSIT_EQUITY":null,"DEPOSIT_ASSETS":null,"EQUITY_MULTIPLIER":2.446280991734,"EQUITY_RATIO":1.446280991736},{"SECUCODE":"02209.HK","SECURITY_CODE":"02209","SECURITY_NAME_ABBR":"喆丽控股","ORG_CODE":"10000147922","STD_REPORT_DATE":"2020-12-31 00:00:00","REPORT_DATE":"2020-12-31 00:00:00","DATE_TYPE_CODE":"001","REPORT_TYPE":"2020年年报","PER_NETCASH_OPERATE":null,"PER_OI":489.56239961039,"BPS":0.357088458338,"BASIC_EPS":0.44043075,"DILUTED_EPS":0.19444202,"OPERATE_INCOME":1130889143.1,"OPERATE_INCOME_YOY":47.3938888842,"GROSS_PROFIT":403702087.9,"GROSS_PROFIT_YOY":53.709306400733,"HOLDER_PROFIT":73209378,"HOLDER_PROFIT_YOY":233.03650935,"GROSS_PROFIT_RATIO":35.69775962243,"EPS_TTM":31.692371428571,"OPERATE_INCOME_QOQ":7.773787691694,"NET_PROFIT_RATIO":6.473612241,"ROE_AVG":63.63610583331,"GROSS_PROFIT_QOQ":13.540562269571,"ROA":23.173678666584,"HOLDER_PROFIT_QOQ":43.995664067059,"ROE_YEARLY":63.63610583331,"ROIC_YEARLY":43.693290237159,"TOTAL_ASSETS":413528587.3,"TOTAL_LIABILITIES":267018482.7,"TAX_EBT":16.505432356005,"OCF_SALES":11.617306815756,"TOTAL_PARENT_EQUITY":146510104.6,"DEBT_ASSET_RATIO":64.5707433296,"OPERATE_PROFIT":89873972.6,"PRETAX_PROFIT":87681606.2,"NETCASH_OPERATE":131378861.5,"NETCASH_INVEST":-14955070.8,"NETCASH_FINANCE":-42340076.1,"END_CASH":184419773.6,"DIVI_RATIO":0.001429713144,"DIVIDEND_RATE":1.639344262295,"CURRENT_RATIO":1.495959997351,"COMMON_ACS":null,"CURRENTDEBT_DEBT":73.792243970383,"ISSUED_COMMON_SHARES":410290787,"HK_COMMON_SHARES":410290787,"PER_SHARES":1000,"TOTAL_MARKET_CAP":1251386900.35,"HKSK_MARKET_CAP":1251386900.35,"PE_TTM":9.360194307062,"PB_TTM":3.64733187887,"REPORT_DATE_SQ":"2019-12-31 00:00:00","REPORT_TYPE_SQ":"2019年年报","OPERATE_INCOME_SQ":820324381.8,"DPS_HKD":0.05,"OPERATE_INCOME_QOQ_SQ":40.018108973478,"NET_PROFIT_RATIO_SQ":2.865063909,"HOLDER_PROFIT_SQ":23502817.8,"HOLDER_PROFIT_QOQ_SQ":-14.216700535936,"ROE_AVG_SQ":31.182895223991,"PE_TTM_SQ":-10.423031367824,"PB_TTM_SQ":1.051452488339,"ROA_SQ":12.374655647383,"START_DATE":"2020-01-01 00:00:00","FISCAL_YEAR":"12-31","CURRENCY":"HKD","IS_CNY_CODE":0,"DPS_HKD_LY":null,"ORG_TYPE":"一般企业","PREMIUM_INCOME":null,"PREMIUM_INCOME_YOY":null,"NET_INTEREST_INCOME":null,"NET_INTEREST_INCOME_YOY":null,"FEE_COMMISSION_INCOME":null,"FEE_COMMISSION_INCOME_YOY":null,"ACCOUNTS_RECE_TDAYS":77.461005586592,"INVENTORY_TDAYS":16.246064139942,"CURRENT_ASSETS_TDAYS":4.708348048138,"TOTAL_ASSETS_TDAYS":3.579713736911,"PREMIUM_EXPENSE":null,"LOAN_DEPOSIT":null,"LOAN_EQUITY":null,"LOAN_ASSETS":null,"DEPOSIT_EQUITY":null,"DEPOSIT_ASSETS":null,"EQUITY_MULTIPLIER":2.822526053265,"EQUITY_RATIO":1.822526053264},{"SECUCODE":"02209.HK","SECURITY_CODE":"02209","SECURITY_NAME_ABBR":"喆丽控股","ORG_CODE":"10000147922","STD_REPORT_DATE":"2020-09-30 00:00:00","REPORT_DATE":"2020-09-30 00:00:00","DATE_TYPE_CODE":"004","REPORT_TYPE":"2020年三季报","PER_NETCASH_OPERATE":null,"PER_OI":355.292645714286,"BPS":0.301125051097,"BASIC_EPS":2.93855815,"DILUTED_EPS":1.3279695,"OPERATE_INCOME":820726011.6,"OPERATE_INCOME_YOY":44.0510626091,"GROSS_PROFIT":289565452,"GROSS_PROFIT_YOY":47.250767623107,"HOLDER_PROFIT":49073580.6,"HOLDER_PROFIT_YOY":134.4939798243,"GROSS_PROFIT_RATIO":35.281622357197,"EPS_TTM":22.009253982684,"OPERATE_INCOME_QOQ":27.914939124146,"NET_PROFIT_RATIO":5.9792890571,"ROE_AVG":46.563923621208,"GROSS_PROFIT_QOQ":35.378320600344,"ROA":15.104859924748,"HOLDER_PROFIT_QOQ":116.320345639577,"ROE_YEARLY":62.085231494944,"ROIC_YEARLY":25.315299490603,"TOTAL_ASSETS":421926555.6,"TOTAL_LIABILITIES":298377721.4,"TAX_EBT":17.077100115075,"OCF_SALES":9.901589830396,"TOTAL_PARENT_EQUITY":123548834.2,"DEBT_ASSET_RATIO":70.7179288527,"OPERATE_PROFIT":null,"PRETAX_PROFIT":59179769,"NETCASH_OPERATE":81264923.3,"NETCASH_INVEST":-13436327.3,"NETCASH_FINANCE":-37503220.7,"END_CASH":144217487.7,"DIVI_RATIO":0.002058724936,"DIVIDEND_RATE":1.639344262295,"CURRENT_RATIO":1.33200622084,"COMMON_ACS":null,"CURRENTDEBT_DEBT":73.378372209796,"ISSUED_COMMON_SHARES":410290787,"HK_COMMON_SHARES":410290787,"PER_SHARES":1000,"TOTAL_MARKET_CAP":1251386900.35,"HKSK_MARKET_CAP":1251386900.35,"PE_TTM":9.360194307062,"PB_TTM":3.64733187887,"REPORT_DATE_SQ":"2019-09-30 00:00:00","REPORT_TYPE_SQ":"2019年三季报","OPERATE_INCOME_SQ":591732959.8,"DPS_HKD":0.05,"OPERATE_INCOME_QOQ_SQ":0,"NET_PROFIT_RATIO_SQ":3.6731132414,"HOLDER_PROFIT_SQ":21735021.7,"HOLDER_PROFIT_QOQ_SQ":0,"ROE_AVG_SQ":null,"PE_TTM_SQ":-10.423031367824,"PB_TTM_SQ":1.051452488339,"ROA_SQ":null,"START_DATE":"2020-01-01 00:00:00","FISCAL_YEAR":"12-31","CURRENCY":"HKD","IS_CNY_CODE":0,"DPS_HKD_LY":null,"ORG_TYPE":"一般企业","PREMIUM_INCOME":null,"PREMIUM_INCOME_YOY":null,"NET_INTEREST_INCOME":null,"NET_INTEREST_INCOME_YOY":null,"FEE_COMMISSION_INCOME":null,"FEE_COMMISSION_INCOME_YOY":null,"ACCOUNTS_RECE_TDAYS":58.946441672781,"INVENTORY_TDAYS":9.434048986997,"CURRENT_ASSETS_TDAYS":3.381908490129,"TOTAL_ASSETS_TDAYS":2.526196639871,"PREMIUM_EXPENSE":null,"LOAN_DEPOSIT":null,"LOAN_EQUITY":null,"LOAN_ASSETS":null,"DEPOSIT_EQUITY":null,"DEPOSIT_ASSETS":null,"EQUITY_MULTIPLIER":3.41505897916,"EQUITY_RATIO":2.415058979164}],"count":14},"success":true,"message":"ok","code":0}