{"version":"17f06ff454f2b45e802284e610af9200","result":{"pages":6,"data":[{"SECUCODE":"02202.HK","SECURITY_CODE":"02202","SECURITY_NAME_ABBR":"万科企业","ORG_CODE":"10004086","STD_REPORT_DATE":"2024-09-30 00:00:00","REPORT_DATE":"2024-09-30 00:00:00","DATE_TYPE_CODE":"004","REPORT_TYPE":"2024年三季报","PER_NETCASH_OPERATE":-0.406316993284,"PER_OI":18.430993440457,"BPS":19.623304344899,"BASIC_EPS":-1.51,"DILUTED_EPS":null,"OPERATE_INCOME":219894828000,"OPERATE_INCOME_YOY":-24.2547721417,"GROSS_PROFIT":18961794000,"GROSS_PROFIT_YOY":-62.835346192354,"HOLDER_PROFIT":-17943298000,"HOLDER_PROFIT_YOY":-231.7279910248,"GROSS_PROFIT_RATIO":8.623119594245,"EPS_TTM":-1.626231117869,"OPERATE_INCOME_QOQ":-3.017437455071,"NET_PROFIT_RATIO":-7.4572513365,"ROE_AVG":-7.400754551789,"GROSS_PROFIT_QOQ":-9.751627336447,"ROA":-1.253869029361,"HOLDER_PROFIT_QOQ":-156.631638900529,"ROE_YEARLY":-9.867672735718,"ROIC_YEARLY":-1.498139204956,"TOTAL_ASSETS":1357196773000,"TOTAL_LIABILITIES":982838332000,"TAX_EBT":-126.79530208536,"OCF_SALES":-2.204531158868,"TOTAL_PARENT_EQUITY":234119943000,"DEBT_ASSET_RATIO":72.4167896323,"OPERATE_PROFIT":-1919187000,"PRETAX_PROFIT":-7230357000,"NETCASH_OPERATE":-4847650000,"NETCASH_INVEST":5631504000,"NETCASH_FINANCE":-20405848000,"END_CASH":77327631000,"DIVI_RATIO":null,"DIVIDEND_RATE":null,"CURRENT_RATIO":1.353556447462,"COMMON_ACS":null,"CURRENTDEBT_DEBT":76.394228181161,"ISSUED_COMMON_SHARES":11930709471,"HK_COMMON_SHARES":2206512938,"PER_SHARES":100,"TOTAL_MARKET_CAP":70749107163.03,"HKSK_MARKET_CAP":13084621722.34,"PE_TTM":-3.318394806341,"PB_TTM":0.272513466948,"REPORT_DATE_SQ":"2023-09-30 00:00:00","REPORT_TYPE_SQ":"2023年三季报","OPERATE_INCOME_SQ":290308491000,"DPS_HKD":null,"OPERATE_INCOME_QOQ_SQ":-8.30450660807,"NET_PROFIT_RATIO_SQ":7.2431036817,"HOLDER_PROFIT_SQ":13621477000,"HOLDER_PROFIT_QOQ_SQ":-5.391431390313,"ROE_AVG_SQ":5.489949654137,"PE_TTM_SQ":3.433614494246,"PB_TTM_SQ":0.264925030531,"ROA_SQ":0.800348312597,"START_DATE":"2024-01-01 00:00:00","FISCAL_YEAR":"12-31","CURRENCY":"HKD","IS_CNY_CODE":0,"DPS_HKD_LY":null,"ORG_TYPE":"一般企业","PREMIUM_INCOME":null,"PREMIUM_INCOME_YOY":null,"NET_INTEREST_INCOME":null,"NET_INTEREST_INCOME_YOY":null,"FEE_COMMISSION_INCOME":null,"FEE_COMMISSION_INCOME_YOY":null,"ACCOUNTS_RECE_TDAYS":0.65817375967,"INVENTORY_TDAYS":0.311177206288,"CURRENT_ASSETS_TDAYS":0.202988408497,"TOTAL_ASSETS_TDAYS":0.153661447603,"PREMIUM_EXPENSE":null,"LOAN_DEPOSIT":null,"LOAN_EQUITY":null,"LOAN_ASSETS":null,"DEPOSIT_EQUITY":null,"DEPOSIT_ASSETS":null,"EQUITY_MULTIPLIER":3.625393805396,"EQUITY_RATIO":4.198012007888},{"SECUCODE":"02202.HK","SECURITY_CODE":"02202","SECURITY_NAME_ABBR":"万科企业","ORG_CODE":"10004086","STD_REPORT_DATE":"2024-06-30 00:00:00","REPORT_DATE":"2024-06-30 00:00:00","DATE_TYPE_CODE":"002","REPORT_TYPE":"2024年中报","PER_NETCASH_OPERATE":-0.433865648357,"PER_OI":11.967332231755,"BPS":20.256847640742,"BASIC_EPS":-0.83,"DILUTED_EPS":-0.83,"OPERATE_INCOME":142778764000,"OPERATE_INCOME_YOY":-28.927809632,"GROSS_PROFIT":9653926000,"GROSS_PROFIT_YOY":-74.520695614095,"HOLDER_PROFIT":-9852500000,"HOLDER_PROFIT_YOY":-199.8179215746,"GROSS_PROFIT_RATIO":6.761457887393,"EPS_TTM":-0.633683019302,"OPERATE_INCOME_QOQ":-11.165509131898,"NET_PROFIT_RATIO":-5.9677957431,"ROE_AVG":-4.001314396751,"GROSS_PROFIT_QOQ":-38.290214584313,"ROA":-0.673052030543,"HOLDER_PROFIT_QOQ":-173.011659691711,"ROE_YEARLY":-8.002628793503,"ROIC_YEARLY":-1.611694841205,"TOTAL_ASSETS":1422836112000,"TOTAL_LIABILITIES":1037778907000,"TAX_EBT":-87.318194129099,"OCF_SALES":-3.625416592064,"TOTAL_PARENT_EQUITY":241678564000,"DEBT_ASSET_RATIO":72.937346631,"OPERATE_PROFIT":-1905673000,"PRETAX_PROFIT":-4548808000,"NETCASH_OPERATE":-5176325000,"NETCASH_INVEST":4975520000,"NETCASH_FINANCE":-6858569000,"END_CASH":89986161000,"DIVI_RATIO":null,"DIVIDEND_RATE":null,"CURRENT_RATIO":1.371019539494,"COMMON_ACS":null,"CURRENTDEBT_DEBT":75.781204329296,"ISSUED_COMMON_SHARES":11930709471,"HK_COMMON_SHARES":2206512938,"PER_SHARES":100,"TOTAL_MARKET_CAP":78981296698.02,"HKSK_MARKET_CAP":14607115649.56,"PE_TTM":-3.70451494401,"PB_TTM":0.304222453827,"REPORT_DATE_SQ":"2023-06-30 00:00:00","REPORT_TYPE_SQ":"2023年中报","OPERATE_INCOME_SQ":200892590000,"DPS_HKD":null,"OPERATE_INCOME_QOQ_SQ":-2.321346046596,"NET_PROFIT_RATIO_SQ":7.5504098981,"HOLDER_PROFIT_SQ":9870472000,"HOLDER_PROFIT_QOQ_SQ":-10.591507268064,"ROE_AVG_SQ":4.00707644278,"PE_TTM_SQ":4.090040794616,"PB_TTM_SQ":0.315572462838,"ROA_SQ":0.573633393028,"START_DATE":"2024-01-01 00:00:00","FISCAL_YEAR":"12-31","CURRENCY":"HKD","IS_CNY_CODE":0,"DPS_HKD_LY":null,"ORG_TYPE":"一般企业","PREMIUM_INCOME":null,"PREMIUM_INCOME_YOY":null,"NET_INTEREST_INCOME":null,"NET_INTEREST_INCOME_YOY":null,"FEE_COMMISSION_INCOME":null,"FEE_COMMISSION_INCOME_YOY":null,"ACCOUNTS_RECE_TDAYS":0.422516838088,"INVENTORY_TDAYS":0.199770887986,"CURRENT_ASSETS_TDAYS":0.128138405495,"TOTAL_ASSETS_TDAYS":0.097536195918,"PREMIUM_EXPENSE":null,"LOAN_DEPOSIT":null,"LOAN_EQUITY":null,"LOAN_ASSETS":null,"DEPOSIT_EQUITY":null,"DEPOSIT_ASSETS":null,"EQUITY_MULTIPLIER":3.695129174383,"EQUITY_RATIO":4.294046148834},{"SECUCODE":"02202.HK","SECURITY_CODE":"02202","SECURITY_NAME_ABBR":"万科企业","ORG_CODE":"10004086","STD_REPORT_DATE":"2024-03-31 00:00:00","REPORT_DATE":"2024-03-31 00:00:00","DATE_TYPE_CODE":"003","REPORT_TYPE":"2024年一季报","PER_NETCASH_OPERATE":-0.789678017297,"PER_OI":5.162656013854,"BPS":21.00740669356,"BASIC_EPS":-0.0305,"DILUTED_EPS":null,"OPERATE_INCOME":61594149000,"OPERATE_INCOME_YOY":-10.0474009064,"GROSS_PROFIT":6661040000,"GROSS_PROFIT_YOY":-36.953457146497,"HOLDER_PROFIT":-361968000,"HOLDER_PROFIT_YOY":-125.0356374381,"GROSS_PROFIT_RATIO":10.814403816181,"EPS_TTM":0.867920304754,"OPERATE_INCOME_QOQ":-1.477191487628,"NET_PROFIT_RATIO":0.5378595295,"ROE_AVG":-0.144377779557,"GROSS_PROFIT_QOQ":-5.788491815824,"ROA":-0.024385140094,"HOLDER_PROFIT_QOQ":-14.863322931024,"ROE_YEARLY":-0.577511118226,"ROIC_YEARLY":-0.116297530018,"TOTAL_ASSETS":1463886667000,"TOTAL_LIABILITIES":1064353281000,"TAX_EBT":87.571830833744,"OCF_SALES":-15.295964231927,"TOTAL_PARENT_EQUITY":250633266000,"DEBT_ASSET_RATIO":72.707355357,"OPERATE_PROFIT":4657573000,"PRETAX_PROFIT":2665638000,"NETCASH_OPERATE":-9421419000,"NETCASH_INVEST":2219883000,"NETCASH_FINANCE":-8944583000,"END_CASH":80822675000,"DIVI_RATIO":null,"DIVIDEND_RATE":null,"CURRENT_RATIO":1.384752283218,"COMMON_ACS":null,"CURRENTDEBT_DEBT":75.386036884872,"ISSUED_COMMON_SHARES":11930709471,"HK_COMMON_SHARES":2206512938,"PER_SHARES":100,"TOTAL_MARKET_CAP":78981296698.02,"HKSK_MARKET_CAP":14607115649.56,"PE_TTM":-3.70451494401,"PB_TTM":0.304222453827,"REPORT_DATE_SQ":"2023-03-31 00:00:00","REPORT_TYPE_SQ":"2023年一季报","OPERATE_INCOME_SQ":68474007000,"DPS_HKD":null,"OPERATE_INCOME_QOQ_SQ":1.152538667227,"NET_PROFIT_RATIO_SQ":4.1383791079,"HOLDER_PROFIT_SQ":1445811000,"HOLDER_PROFIT_QOQ_SQ":0.073022200809,"ROE_AVG_SQ":0.590925688204,"PE_TTM_SQ":4.090040794616,"PB_TTM_SQ":0.315572462838,"ROA_SQ":0.082611421938,"START_DATE":"2024-01-01 00:00:00","FISCAL_YEAR":"12-31","CURRENCY":"HKD","IS_CNY_CODE":0,"DPS_HKD_LY":null,"ORG_TYPE":"一般企业","PREMIUM_INCOME":null,"PREMIUM_INCOME_YOY":null,"NET_INTEREST_INCOME":null,"NET_INTEREST_INCOME_YOY":null,"FEE_COMMISSION_INCOME":null,"FEE_COMMISSION_INCOME_YOY":null,"ACCOUNTS_RECE_TDAYS":0.184759497561,"INVENTORY_TDAYS":0.079340471224,"CURRENT_ASSETS_TDAYS":0.054475051171,"TOTAL_ASSETS_TDAYS":0.041494882209,"PREMIUM_EXPENSE":null,"LOAN_DEPOSIT":null,"LOAN_EQUITY":null,"LOAN_ASSETS":null,"DEPOSIT_EQUITY":null,"DEPOSIT_ASSETS":null,"EQUITY_MULTIPLIER":3.663990841051,"EQUITY_RATIO":4.246656072383},{"SECUCODE":"02202.HK","SECURITY_CODE":"02202","SECURITY_NAME_ABBR":"万科企业","ORG_CODE":"10004086","STD_REPORT_DATE":"2023-12-31 00:00:00","REPORT_DATE":"2023-12-31 00:00:00","DATE_TYPE_CODE":"001","REPORT_TYPE":"2023年年报","PER_NETCASH_OPERATE":0.327920398155,"PER_OI":39.036997601197,"BPS":21.020092192303,"BASIC_EPS":1.03,"DILUTED_EPS":1.03,"OPERATE_INCOME":465739077000,"OPERATE_INCOME_YOY":-7.5618080113,"GROSS_PROFIT":67448208000,"GROSS_PROFIT_YOY":-31.212965177925,"HOLDER_PROFIT":12162684000,"HOLDER_PROFIT_YOY":-46.3928592711,"GROSS_PROFIT_RATIO":14.481973132781,"EPS_TTM":1.01944348151,"OPERATE_INCOME_QOQ":2.029791136932,"NET_PROFIT_RATIO":4.3920639281,"ROE_AVG":4.923067452747,"GROSS_PROFIT_QOQ":-18.548079309059,"ROA":0.745711284312,"HOLDER_PROFIT_QOQ":-36.473751925933,"ROE_YEARLY":4.923067452747,"ROIC_YEARLY":0.895559785629,"TOTAL_ASSETS":1504872164000,"TOTAL_LIABILITIES":1101938633000,"TAX_EBT":54.513057720744,"OCF_SALES":0.840024638946,"TOTAL_PARENT_EQUITY":250784613000,"DEBT_ASSET_RATIO":73.2247335927,"OPERATE_PROFIT":50648715000,"PRETAX_PROFIT":44970176000,"NETCASH_OPERATE":3912323000,"NETCASH_INVEST":-4615642000,"NETCASH_FINANCE":-36813164000,"END_CASH":96942577000,"DIVI_RATIO":null,"DIVIDEND_RATE":null,"CURRENT_RATIO":1.399735566928,"COMMON_ACS":null,"CURRENTDEBT_DEBT":74.576317899184,"ISSUED_COMMON_SHARES":11930709471,"HK_COMMON_SHARES":2206512938,"PER_SHARES":100,"TOTAL_MARKET_CAP":78981296698.02,"HKSK_MARKET_CAP":14607115649.56,"PE_TTM":-3.70451494401,"PB_TTM":0.304222453827,"REPORT_DATE_SQ":"2022-12-31 00:00:00","REPORT_TYPE_SQ":"2022年年报","OPERATE_INCOME_SQ":503838367000,"DPS_HKD":null,"OPERATE_INCOME_QOQ_SQ":-2.91855582845,"NET_PROFIT_RATIO_SQ":7.4529673521,"HOLDER_PROFIT_SQ":22688552000,"HOLDER_PROFIT_QOQ_SQ":-1.170514687823,"ROE_AVG_SQ":9.450763618548,"PE_TTM_SQ":4.090040794616,"PB_TTM_SQ":0.315572462838,"ROA_SQ":1.223953387127,"START_DATE":"2023-01-01 00:00:00","FISCAL_YEAR":"12-31","CURRENCY":"HKD","IS_CNY_CODE":0,"DPS_HKD_LY":0.738608,"ORG_TYPE":"一般企业","PREMIUM_INCOME":null,"PREMIUM_INCOME_YOY":null,"NET_INTEREST_INCOME":null,"NET_INTEREST_INCOME_YOY":null,"FEE_COMMISSION_INCOME":null,"FEE_COMMISSION_INCOME_YOY":null,"ACCOUNTS_RECE_TDAYS":1.363227213453,"INVENTORY_TDAYS":0.491495807425,"CURRENT_ASSETS_TDAYS":0.363053485798,"TOTAL_ASSETS_TDAYS":0.285551186945,"PREMIUM_EXPENSE":null,"LOAN_DEPOSIT":null,"LOAN_EQUITY":null,"LOAN_ASSETS":null,"DEPOSIT_EQUITY":null,"DEPOSIT_ASSETS":null,"EQUITY_MULTIPLIER":3.734790103628,"EQUITY_RATIO":4.393964285999},{"SECUCODE":"02202.HK","SECURITY_CODE":"02202","SECURITY_NAME_ABBR":"万科企业","ORG_CODE":"10004086","STD_REPORT_DATE":"2023-09-30 00:00:00","REPORT_DATE":"2023-09-30 00:00:00","DATE_TYPE_CODE":"004","REPORT_TYPE":"2023年三季报","PER_NETCASH_OPERATE":0.019724225166,"PER_OI":24.332877412333,"BPS":21.198055875448,"BASIC_EPS":1.16,"DILUTED_EPS":null,"OPERATE_INCOME":290308491000,"OPERATE_INCOME_YOY":-14.0268002047,"GROSS_PROFIT":51021043000,"GROSS_PROFIT_YOY":-23.007232267839,"HOLDER_PROFIT":13621477000,"HOLDER_PROFIT_YOY":-20.3111890908,"GROSS_PROFIT_RATIO":17.574767732164,"EPS_TTM":1.604759469379,"OPERATE_INCOME_QOQ":-8.30450660807,"NET_PROFIT_RATIO":7.2431036817,"ROE_AVG":5.489949654137,"GROSS_PROFIT_QOQ":-11.54274164471,"ROA":0.800348312597,"HOLDER_PROFIT_QOQ":-5.391431390313,"ROE_YEARLY":7.319932872182,"ROIC_YEARLY":0.955323802782,"TOTAL_ASSETS":1646723735000,"TOTAL_LIABILITIES":1239596342000,"TAX_EBT":41.776957377456,"OCF_SALES":0.081059978366,"TOTAL_PARENT_EQUITY":252907846000,"DEBT_ASSET_RATIO":75.2765212314,"OPERATE_PROFIT":39262331000,"PRETAX_PROFIT":36115160000,"NETCASH_OPERATE":235324000,"NETCASH_INVEST":-2213183000,"NETCASH_FINANCE":-31334051000,"END_CASH":101244406000,"DIVI_RATIO":null,"DIVIDEND_RATE":null,"CURRENT_RATIO":1.371187718852,"COMMON_ACS":null,"CURRENTDEBT_DEBT":75.869083195471,"ISSUED_COMMON_SHARES":11930709471,"HK_COMMON_SHARES":2206512938,"PER_SHARES":100,"TOTAL_MARKET_CAP":78981296698.02,"HKSK_MARKET_CAP":14607115649.56,"PE_TTM":-3.70451494401,"PB_TTM":0.304222453827,"REPORT_DATE_SQ":"2022-09-30 00:00:00","REPORT_TYPE_SQ":"2022年三季报","OPERATE_INCOME_SQ":337673242000,"DPS_HKD":null,"OPERATE_INCOME_QOQ_SQ":5.355652755823,"NET_PROFIT_RATIO_SQ":8.0683313367,"HOLDER_PROFIT_SQ":17093337000,"HOLDER_PROFIT_QOQ_SQ":-3.4350356548,"ROE_AVG_SQ":7.148123445615,"PE_TTM_SQ":4.090040794616,"PB_TTM_SQ":0.315572462838,"ROA_SQ":0.904206460882,"START_DATE":"2023-01-01 00:00:00","FISCAL_YEAR":"12-31","CURRENCY":"HKD","IS_CNY_CODE":0,"DPS_HKD_LY":0.738608,"ORG_TYPE":"一般企业","PREMIUM_INCOME":null,"PREMIUM_INCOME_YOY":null,"NET_INTEREST_INCOME":null,"NET_INTEREST_INCOME_YOY":null,"FEE_COMMISSION_INCOME":null,"FEE_COMMISSION_INCOME_YOY":null,"ACCOUNTS_RECE_TDAYS":0.823381614158,"INVENTORY_TDAYS":0.275845616499,"CURRENT_ASSETS_TDAYS":0.214649257263,"TOTAL_ASSETS_TDAYS":0.170574682103,"PREMIUM_EXPENSE":null,"LOAN_DEPOSIT":null,"LOAN_EQUITY":null,"LOAN_ASSETS":null,"DEPOSIT_EQUITY":null,"DEPOSIT_ASSETS":null,"EQUITY_MULTIPLIER":4.044738239952,"EQUITY_RATIO":4.901375586426},{"SECUCODE":"02202.HK","SECURITY_CODE":"02202","SECURITY_NAME_ABBR":"万科企业","ORG_CODE":"10004086","STD_REPORT_DATE":"2023-06-30 00:00:00","REPORT_DATE":"2023-06-30 00:00:00","DATE_TYPE_CODE":"002","REPORT_TYPE":"2023年中报","PER_NETCASH_OPERATE":0.156277378519,"PER_OI":16.838276926306,"BPS":20.897891244946,"BASIC_EPS":0.84,"DILUTED_EPS":0.84,"OPERATE_INCOME":200892590000,"OPERATE_INCOME_YOY":-2.9111767996,"GROSS_PROFIT":37889284000,"GROSS_PROFIT_YOY":-10.490848030078,"HOLDER_PROFIT":9870472000,"HOLDER_PROFIT_YOY":-19.4330644442,"GROSS_PROFIT_RATIO":18.860468671343,"EPS_TTM":1.696209437435,"OPERATE_INCOME_QOQ":-2.321346046596,"NET_PROFIT_RATIO":7.5504098981,"ROE_AVG":4.00707644278,"GROSS_PROFIT_QOQ":-3.297985725255,"ROA":0.573633393028,"HOLDER_PROFIT_QOQ":-10.591507268064,"ROE_YEARLY":8.014152885561,"ROIC_YEARLY":1.374890714126,"TOTAL_ASSETS":1684223329000,"TOTAL_LIABILITIES":1281578846000,"TAX_EBT":45.275705461897,"OCF_SALES":0.928107900844,"TOTAL_PARENT_EQUITY":249326669000,"DEBT_ASSET_RATIO":76.0931655519,"OPERATE_PROFIT":30127799000,"PRETAX_PROFIT":27717514000,"NETCASH_OPERATE":1864500000,"NETCASH_INVEST":-293419000,"NETCASH_FINANCE":-16440283000,"END_CASH":119705899000,"DIVI_RATIO":null,"DIVIDEND_RATE":null,"CURRENT_RATIO":1.34948413447,"COMMON_ACS":null,"CURRENTDEBT_DEBT":76.617141899984,"ISSUED_COMMON_SHARES":11930709471,"HK_COMMON_SHARES":2206512938,"PER_SHARES":100,"TOTAL_MARKET_CAP":78981296698.02,"HKSK_MARKET_CAP":14607115649.56,"PE_TTM":-3.70451494401,"PB_TTM":0.304222453827,"REPORT_DATE_SQ":"2022-06-30 00:00:00","REPORT_TYPE_SQ":"2022年中报","OPERATE_INCOME_SQ":206916289000,"DPS_HKD":null,"OPERATE_INCOME_QOQ_SQ":8.694243056564,"NET_PROFIT_RATIO_SQ":8.7488235399,"HOLDER_PROFIT_SQ":12251269000,"HOLDER_PROFIT_QOQ_SQ":4.585079543515,"ROE_AVG_SQ":5.199051746983,"PE_TTM_SQ":4.090040794616,"PB_TTM_SQ":0.315572462838,"ROA_SQ":0.640275989815,"START_DATE":"2023-01-01 00:00:00","FISCAL_YEAR":"12-31","CURRENCY":"HKD","IS_CNY_CODE":0,"DPS_HKD_LY":0.738608,"ORG_TYPE":"一般企业","PREMIUM_INCOME":null,"PREMIUM_INCOME_YOY":null,"NET_INTEREST_INCOME":null,"NET_INTEREST_INCOME_YOY":null,"FEE_COMMISSION_INCOME":null,"FEE_COMMISSION_INCOME_YOY":null,"ACCOUNTS_RECE_TDAYS":0.573685023163,"INVENTORY_TDAYS":0.185490601826,"CURRENT_ASSETS_TDAYS":0.146611983761,"TOTAL_ASSETS_TDAYS":0.116750949738,"PREMIUM_EXPENSE":null,"LOAN_DEPOSIT":null,"LOAN_EQUITY":null,"LOAN_ASSETS":null,"DEPOSIT_EQUITY":null,"DEPOSIT_ASSETS":null,"EQUITY_MULTIPLIER":4.182904274386,"EQUITY_RATIO":5.140159498942},{"SECUCODE":"02202.HK","SECURITY_CODE":"02202","SECURITY_NAME_ABBR":"万科企业","ORG_CODE":"10004086","STD_REPORT_DATE":"2023-03-31 00:00:00","REPORT_DATE":"2023-03-31 00:00:00","DATE_TYPE_CODE":"003","REPORT_TYPE":"2023年一季报","PER_NETCASH_OPERATE":0.586830231431,"PER_OI":5.739307219444,"BPS":20.620089408596,"BASIC_EPS":0.1251,"DILUTED_EPS":null,"OPERATE_INCOME":68474007000,"OPERATE_INCOME_YOY":9.2663204721,"GROSS_PROFIT":10565274000,"GROSS_PROFIT_YOY":-10.565530318261,"HOLDER_PROFIT":1445811000,"HOLDER_PROFIT_YOY":1.1555347217,"GROSS_PROFIT_RATIO":15.429612582772,"EPS_TTM":1.897145769497,"OPERATE_INCOME_QOQ":1.152538667227,"NET_PROFIT_RATIO":4.1383791079,"ROE_AVG":0.590925688204,"GROSS_PROFIT_QOQ":-1.272926425269,"ROA":0.082611421938,"HOLDER_PROFIT_QOQ":0.073022200809,"ROE_YEARLY":2.363702752817,"ROIC_YEARLY":0.3968273652,"TOTAL_ASSETS":1743105515000,"TOTAL_LIABILITIES":1345599656000,"TAX_EBT":54.718225133218,"OCF_SALES":10.224757257159,"TOTAL_PARENT_EQUITY":246012296000,"DEBT_ASSET_RATIO":77.195536611,"OPERATE_PROFIT":7695101000,"PRETAX_PROFIT":6257957000,"NETCASH_OPERATE":7001301000,"NETCASH_INVEST":-337014000,"NETCASH_FINANCE":-3749993000,"END_CASH":137310094000,"DIVI_RATIO":null,"DIVIDEND_RATE":null,"CURRENT_RATIO":1.321990929398,"COMMON_ACS":null,"CURRENTDEBT_DEBT":78.762112510528,"ISSUED_COMMON_SHARES":11930709471,"HK_COMMON_SHARES":2206512938,"PER_SHARES":100,"TOTAL_MARKET_CAP":78981296698.02,"HKSK_MARKET_CAP":14607115649.56,"PE_TTM":-3.70451494401,"PB_TTM":0.304222453827,"REPORT_DATE_SQ":"2022-03-31 00:00:00","REPORT_TYPE_SQ":"2022年一季报","OPERATE_INCOME_SQ":62667075000,"DPS_HKD":null,"OPERATE_INCOME_QOQ_SQ":0.088997566494,"NET_PROFIT_RATIO_SQ":4.4473050641,"HOLDER_PROFIT_SQ":1429295000,"HOLDER_PROFIT_QOQ_SQ":0.606942815259,"ROE_AVG_SQ":0.604451277419,"PE_TTM_SQ":4.090040794616,"PB_TTM_SQ":0.315572462838,"ROA_SQ":0.073543824533,"START_DATE":"2023-01-01 00:00:00","FISCAL_YEAR":"12-31","CURRENCY":"HKD","IS_CNY_CODE":0,"DPS_HKD_LY":0.738608,"ORG_TYPE":"一般企业","PREMIUM_INCOME":null,"PREMIUM_INCOME_YOY":null,"NET_INTEREST_INCOME":null,"NET_INTEREST_INCOME_YOY":null,"FEE_COMMISSION_INCOME":null,"FEE_COMMISSION_INCOME_YOY":null,"ACCOUNTS_RECE_TDAYS":0.190714043539,"INVENTORY_TDAYS":0.06438788791,"CURRENT_ASSETS_TDAYS":0.04862396677,"TOTAL_ASSETS_TDAYS":0.039124996864,"PREMIUM_EXPENSE":null,"LOAN_DEPOSIT":null,"LOAN_EQUITY":null,"LOAN_ASSETS":null,"DEPOSIT_EQUITY":null,"DEPOSIT_ASSETS":null,"EQUITY_MULTIPLIER":4.385106472106,"EQUITY_RATIO":5.469643907555},{"SECUCODE":"02202.HK","SECURITY_CODE":"02202","SECURITY_NAME_ABBR":"万科企业","ORG_CODE":"10004086","STD_REPORT_DATE":"2022-12-31 00:00:00","REPORT_DATE":"2022-12-31 00:00:00","DATE_TYPE_CODE":"001","REPORT_TYPE":"2022年年报","PER_NETCASH_OPERATE":0.236481704479,"PER_OI":43.319658895811,"BPS":20.341735970515,"BASIC_EPS":1.96,"DILUTED_EPS":1.96,"OPERATE_INCOME":503838367000,"OPERATE_INCOME_YOY":11.2722711839,"GROSS_PROFIT":98053664000,"GROSS_PROFIT_YOY":2.468741853034,"HOLDER_PROFIT":22688552000,"HOLDER_PROFIT_YOY":0.4162043272,"GROSS_PROFIT_RATIO":19.461333320811,"EPS_TTM":1.944660302658,"OPERATE_INCOME_QOQ":-2.91855582845,"NET_PROFIT_RATIO":7.4529673521,"ROE_AVG":9.450763618548,"GROSS_PROFIT_QOQ":-3.843891227685,"ROA":1.223953387127,"HOLDER_PROFIT_QOQ":-1.170514687823,"ROE_YEARLY":9.450763618548,"ROIC_YEARLY":1.458457227722,"TOTAL_ASSETS":1757843986000,"TOTAL_LIABILITIES":1352207156000,"TAX_EBT":48.76917357918,"OCF_SALES":0.545899276464,"TOTAL_PARENT_EQUITY":243325375000,"DEBT_ASSET_RATIO":76.9519735993,"OPERATE_PROFIT":80080984000,"PRETAX_PROFIT":73417826000,"NETCASH_OPERATE":2750450000,"NETCASH_INVEST":-13030271000,"NETCASH_FINANCE":3438918000,"END_CASH":134424670000,"DIVI_RATIO":null,"DIVIDEND_RATE":null,"CURRENT_RATIO":1.313224498328,"COMMON_ACS":null,"CURRENTDEBT_DEBT":79.706838424689,"ISSUED_COMMON_SHARES":11930709471,"HK_COMMON_SHARES":2206512938,"PER_SHARES":100,"TOTAL_MARKET_CAP":78981296698.02,"HKSK_MARKET_CAP":14607115649.56,"PE_TTM":-3.70451494401,"PB_TTM":0.304222453827,"REPORT_DATE_SQ":"2021-12-31 00:00:00","REPORT_TYPE_SQ":"2021年年报","OPERATE_INCOME_SQ":452797774000,"DPS_HKD":null,"OPERATE_INCOME_QOQ_SQ":0.82203045942,"NET_PROFIT_RATIO_SQ":8.4076223838,"HOLDER_PROFIT_SQ":22524033000,"HOLDER_PROFIT_QOQ_SQ":-41.254189910185,"ROE_AVG_SQ":9.783187716874,"PE_TTM_SQ":4.090040794616,"PB_TTM_SQ":0.315572462838,"ROA_SQ":1.18300550884,"START_DATE":"2022-01-01 00:00:00","FISCAL_YEAR":"12-31","CURRENCY":"HKD","IS_CNY_CODE":0,"DPS_HKD_LY":1.142428,"ORG_TYPE":"一般企业","PREMIUM_INCOME":null,"PREMIUM_INCOME_YOY":null,"NET_INTEREST_INCOME":null,"NET_INTEREST_INCOME_YOY":null,"FEE_COMMISSION_INCOME":null,"FEE_COMMISSION_INCOME_YOY":null,"ACCOUNTS_RECE_TDAYS":1.420105322104,"INVENTORY_TDAYS":0.406327380237,"CURRENT_ASSETS_TDAYS":0.334141523187,"TOTAL_ASSETS_TDAYS":0.272650411808,"PREMIUM_EXPENSE":null,"LOAN_DEPOSIT":null,"LOAN_EQUITY":null,"LOAN_ASSETS":null,"DEPOSIT_EQUITY":null,"DEPOSIT_ASSETS":null,"EQUITY_MULTIPLIER":4.33876629007,"EQUITY_RATIO":5.557197460396},{"SECUCODE":"02202.HK","SECURITY_CODE":"02202","SECURITY_NAME_ABBR":"万科企业","ORG_CODE":"10004086","STD_REPORT_DATE":"2022-09-30 00:00:00","REPORT_DATE":"2022-09-30 00:00:00","DATE_TYPE_CODE":"004","REPORT_TYPE":"2022年三季报","PER_NETCASH_OPERATE":-0.359024443901,"PER_OI":29.032901461597,"BPS":20.208936826939,"BASIC_EPS":1.47,"DILUTED_EPS":null,"OPERATE_INCOME":337673242000,"OPERATE_INCOME_YOY":24.3797182375,"GROSS_PROFIT":66267319000,"GROSS_PROFIT_YOY":10.472779777799,"HOLDER_PROFIT":17093337000,"HOLDER_PROFIT_YOY":2.1668789049,"GROSS_PROFIT_RATIO":19.624687644039,"EPS_TTM":1.967692431581,"OPERATE_INCOME_QOQ":5.355652755823,"NET_PROFIT_RATIO":8.0683313367,"ROE_AVG":7.148123445615,"GROSS_PROFIT_QOQ":2.287961825809,"ROA":0.904206460882,"HOLDER_PROFIT_QOQ":-3.4350356548,"ROE_YEARLY":9.53083126082,"ROIC_YEARLY":1.067933684444,"TOTAL_ASSETS":1832663156000,"TOTAL_LIABILITIES":1426694677000,"TAX_EBT":43.339681793472,"OCF_SALES":-1.236612346086,"TOTAL_PARENT_EQUITY":241106954000,"DEBT_ASSET_RATIO":77.8481671511,"OPERATE_PROFIT":52696393000,"PRETAX_PROFIT":48158660000,"NETCASH_OPERATE":-4175709000,"NETCASH_INVEST":-11153809000,"NETCASH_FINANCE":-10463739000,"END_CASH":115805110000,"DIVI_RATIO":null,"DIVIDEND_RATE":null,"CURRENT_RATIO":1.268715618923,"COMMON_ACS":null,"CURRENTDEBT_DEBT":81.890401768142,"ISSUED_COMMON_SHARES":11930709471,"HK_COMMON_SHARES":2206512938,"PER_SHARES":100,"TOTAL_MARKET_CAP":78981296698.02,"HKSK_MARKET_CAP":14607115649.56,"PE_TTM":-3.70451494401,"PB_TTM":0.304222453827,"REPORT_DATE_SQ":"2021-09-30 00:00:00","REPORT_TYPE_SQ":"2021年三季报","OPERATE_INCOME_SQ":271485775000,"DPS_HKD":null,"OPERATE_INCOME_QOQ_SQ":2.098987156537,"NET_PROFIT_RATIO_SQ":9.0628501622,"HOLDER_PROFIT_SQ":16688796000,"HOLDER_PROFIT_QOQ_SQ":-4.277746947919,"ROE_AVG_SQ":7.382237376615,"PE_TTM_SQ":4.090040794616,"PB_TTM_SQ":0.315572462838,"ROA_SQ":0.869955885613,"START_DATE":"2022-01-01 00:00:00","FISCAL_YEAR":"12-31","CURRENCY":"HKD","IS_CNY_CODE":0,"DPS_HKD_LY":1.142428,"ORG_TYPE":"一般企业","PREMIUM_INCOME":null,"PREMIUM_INCOME_YOY":null,"NET_INTEREST_INCOME":null,"NET_INTEREST_INCOME_YOY":null,"FEE_COMMISSION_INCOME":null,"FEE_COMMISSION_INCOME_YOY":null,"ACCOUNTS_RECE_TDAYS":0.938833040123,"INVENTORY_TDAYS":0.261811353863,"CURRENT_ASSETS_TDAYS":0.219083654215,"TOTAL_ASSETS_TDAYS":0.179072592504,"PREMIUM_EXPENSE":null,"LOAN_DEPOSIT":null,"LOAN_EQUITY":null,"LOAN_ASSETS":null,"DEPOSIT_EQUITY":null,"DEPOSIT_ASSETS":null,"EQUITY_MULTIPLIER":4.514299140938,"EQUITY_RATIO":5.917268885575}],"count":49},"success":true,"message":"ok","code":0}