{"version":"8d2831840c501d41f0f1712649131327","result":{"pages":2,"data":[{"SECUCODE":"02205.HK","SECURITY_CODE":"02205","SECURITY_NAME_ABBR":"康桥悦生活","ORG_CODE":"10000173416","STD_REPORT_DATE":"2024-06-30 00:00:00","REPORT_DATE":"2024-06-30 00:00:00","DATE_TYPE_CODE":"002","REPORT_TYPE":"2024年中报","PER_NETCASH_OPERATE":0.007861428571,"PER_OI":0.696104285714,"BPS":1.022608571429,"BASIC_EPS":0.061,"DILUTED_EPS":0.061,"OPERATE_INCOME":487273000,"OPERATE_INCOME_YOY":9.5145626704,"GROSS_PROFIT":105547000,"GROSS_PROFIT_YOY":-5.736357953023,"HOLDER_PROFIT":42811000,"HOLDER_PROFIT_YOY":-15.8224861379,"GROSS_PROFIT_RATIO":21.660752801818,"EPS_TTM":0.043481428571,"OPERATE_INCOME_QOQ":4.532470535837,"NET_PROFIT_RATIO":10.9357588046,"ROE_AVG":5.998790741536,"GROSS_PROFIT_QOQ":-2.910351389927,"ROA":3.276904182452,"HOLDER_PROFIT_QOQ":-20.909988566677,"ROE_YEARLY":11.997581483072,"ROIC_YEARLY":9.424068786831,"TOTAL_ASSETS":1360517000,"TOTAL_LIABILITIES":593964000,"TAX_EBT":23.007903367962,"OCF_SALES":1.129346382829,"TOTAL_PARENT_EQUITY":715826000,"DEBT_ASSET_RATIO":43.6572273628,"OPERATE_PROFIT":67763000,"PRETAX_PROFIT":69211000,"NETCASH_OPERATE":5503000,"NETCASH_INVEST":-12695000,"NETCASH_FINANCE":-12192000,"END_CASH":337060000,"DIVI_RATIO":1.2088094096,"DIVIDEND_RATE":7.341772151899,"CURRENT_RATIO":2.010405821828,"COMMON_ACS":1000000000,"CURRENTDEBT_DEBT":96.704514078294,"ISSUED_COMMON_SHARES":700000000,"HK_COMMON_SHARES":700000000,"PER_SHARES":1000,"TOTAL_MARKET_CAP":553000000,"HKSK_MARKET_CAP":553000000,"PE_TTM":16.164059143618,"PB_TTM":0.705076429188,"REPORT_DATE_SQ":"2023-06-30 00:00:00","REPORT_TYPE_SQ":"2023年中报","OPERATE_INCOME_SQ":444939000,"DPS_HKD":0.058,"OPERATE_INCOME_QOQ_SQ":9.19651415023,"NET_PROFIT_RATIO_SQ":13.364079121,"HOLDER_PROFIT_SQ":50858000,"HOLDER_PROFIT_QOQ_SQ":2.590491676059,"ROE_AVG_SQ":6.886652827823,"PE_TTM_SQ":5.740795946498,"PB_TTM_SQ":0.400395421341,"ROA_SQ":4.17789530453,"START_DATE":"2024-01-01 00:00:00","FISCAL_YEAR":"12-31","CURRENCY":"HKD","IS_CNY_CODE":0,"DPS_HKD_LY":0.058,"ORG_TYPE":"一般企业","PREMIUM_INCOME":null,"PREMIUM_INCOME_YOY":null,"NET_INTEREST_INCOME":null,"NET_INTEREST_INCOME_YOY":null,"FEE_COMMISSION_INCOME":null,"FEE_COMMISSION_INCOME_YOY":null,"ACCOUNTS_RECE_TDAYS":0.663465119176,"INVENTORY_TDAYS":22.615439303276,"CURRENT_ASSETS_TDAYS":0.438206177853,"TOTAL_ASSETS_TDAYS":0.372975854733,"PREMIUM_EXPENSE":null,"LOAN_DEPOSIT":null,"LOAN_EQUITY":null,"LOAN_ASSETS":null,"DEPOSIT_EQUITY":null,"DEPOSIT_ASSETS":null,"EQUITY_MULTIPLIER":1.774850532187,"EQUITY_RATIO":0.829760304879},{"SECUCODE":"02205.HK","SECURITY_CODE":"02205","SECURITY_NAME_ABBR":"康桥悦生活","ORG_CODE":"10000173416","STD_REPORT_DATE":"2023-12-31 00:00:00","REPORT_DATE":"2023-12-31 00:00:00","DATE_TYPE_CODE":"001","REPORT_TYPE":"2023年年报","PER_NETCASH_OPERATE":-0.00527,"PER_OI":1.334308571429,"BPS":1.016421428571,"BASIC_EPS":0.05,"DILUTED_EPS":0.05,"OPERATE_INCOME":934016000,"OPERATE_INCOME_YOY":17.7944811583,"GROSS_PROFIT":220695000,"GROSS_PROFIT_YOY":15.505997864635,"HOLDER_PROFIT":38484000,"HOLDER_PROFIT_YOY":-28.8926664326,"GROSS_PROFIT_RATIO":23.628610216527,"EPS_TTM":0.054977142857,"OPERATE_INCOME_QOQ":7.873847507799,"NET_PROFIT_RATIO":5.6281691106,"ROE_AVG":5.40939433169,"GROSS_PROFIT_QOQ":11.849640674255,"ROA":3.17807029098,"HOLDER_PROFIT_QOQ":-30.688183275399,"ROE_YEARLY":5.40939433169,"ROIC_YEARLY":4.742559865822,"TOTAL_ASSETS":1252376000,"TOTAL_LIABILITIES":488551000,"TAX_EBT":27.140679140679,"OCF_SALES":-0.394961114157,"TOTAL_PARENT_EQUITY":711495000,"DEBT_ASSET_RATIO":39.0099299252,"OPERATE_PROFIT":69407000,"PRETAX_PROFIT":72150000,"NETCASH_OPERATE":-3689000,"NETCASH_INVEST":37678000,"NETCASH_FINANCE":-23998000,"END_CASH":355684000,"DIVI_RATIO":0.95604750026,"DIVIDEND_RATE":8.285714285714,"CURRENT_RATIO":2.249541859619,"COMMON_ACS":1000000000,"CURRENTDEBT_DEBT":97.285851425951,"ISSUED_COMMON_SHARES":700000000,"HK_COMMON_SHARES":700000000,"PER_SHARES":1000,"TOTAL_MARKET_CAP":490000000,"HKSK_MARKET_CAP":490000000,"PE_TTM":14.322584051307,"PB_TTM":0.624751266369,"REPORT_DATE_SQ":"2022-12-31 00:00:00","REPORT_TYPE_SQ":"2022年年报","OPERATE_INCOME_SQ":792920000,"DPS_HKD":0.058,"OPERATE_INCOME_QOQ_SQ":4.575404759518,"NET_PROFIT_RATIO_SQ":8.2864601725,"HOLDER_PROFIT_SQ":54121000,"HOLDER_PROFIT_QOQ_SQ":-34.039804511828,"ROE_AVG_SQ":7.847876965196,"PE_TTM_SQ":8.073371983707,"PB_TTM_SQ":0.563082403065,"ROA_SQ":4.697202256733,"START_DATE":"2023-01-01 00:00:00","FISCAL_YEAR":"12-31","CURRENCY":"HKD","IS_CNY_CODE":0,"DPS_HKD_LY":0.062,"ORG_TYPE":"一般企业","PREMIUM_INCOME":null,"PREMIUM_INCOME_YOY":null,"NET_INTEREST_INCOME":null,"NET_INTEREST_INCOME_YOY":null,"FEE_COMMISSION_INCOME":null,"FEE_COMMISSION_INCOME_YOY":null,"ACCOUNTS_RECE_TDAYS":1.448775270729,"INVENTORY_TDAYS":95.587403685092,"CURRENT_ASSETS_TDAYS":0.901460215063,"TOTAL_ASSETS_TDAYS":0.771325356226,"PREMIUM_EXPENSE":null,"LOAN_DEPOSIT":null,"LOAN_EQUITY":null,"LOAN_ASSETS":null,"DEPOSIT_EQUITY":null,"DEPOSIT_ASSETS":null,"EQUITY_MULTIPLIER":1.63961116748,"EQUITY_RATIO":0.686654157795},{"SECUCODE":"02205.HK","SECURITY_CODE":"02205","SECURITY_NAME_ABBR":"康桥悦生活","ORG_CODE":"10000173416","STD_REPORT_DATE":"2023-06-30 00:00:00","REPORT_DATE":"2023-06-30 00:00:00","DATE_TYPE_CODE":"002","REPORT_TYPE":"2023年中报","PER_NETCASH_OPERATE":0.006137142857,"PER_OI":0.635627142857,"BPS":1.09377,"BASIC_EPS":0.073,"DILUTED_EPS":0.073,"OPERATE_INCOME":444939000,"OPERATE_INCOME_YOY":19.6014708966,"GROSS_PROFIT":111970000,"GROSS_PROFIT_YOY":5.907835496198,"HOLDER_PROFIT":50858000,"HOLDER_PROFIT_YOY":2.8348430929,"GROSS_PROFIT_RATIO":25.165247370988,"EPS_TTM":0.079318571429,"OPERATE_INCOME_QOQ":9.19651415023,"NET_PROFIT_RATIO":13.364079121,"ROE_AVG":6.886652827823,"GROSS_PROFIT_QOQ":3.26899323801,"ROA":4.17789530453,"HOLDER_PROFIT_QOQ":2.590491676059,"ROE_YEARLY":13.773305655646,"ROIC_YEARLY":12.521265569105,"TOTAL_ASSETS":1265152000,"TOTAL_LIABILITIES":453227000,"TAX_EBT":20.56269538034,"OCF_SALES":0.965525611376,"TOTAL_PARENT_EQUITY":765639000,"DEBT_ASSET_RATIO":35.82391681,"OPERATE_PROFIT":72619000,"PRETAX_PROFIT":74854000,"NETCASH_OPERATE":4296000,"NETCASH_INVEST":30370000,"NETCASH_FINANCE":-8042000,"END_CASH":372733000,"DIVI_RATIO":0.66265389118,"DIVIDEND_RATE":8.285714285714,"CURRENT_RATIO":2.519462281592,"COMMON_ACS":1000000000,"CURRENTDEBT_DEBT":96.311781954738,"ISSUED_COMMON_SHARES":700000000,"HK_COMMON_SHARES":700000000,"PER_SHARES":1000,"TOTAL_MARKET_CAP":490000000,"HKSK_MARKET_CAP":490000000,"PE_TTM":14.322584051307,"PB_TTM":0.624751266369,"REPORT_DATE_SQ":"2022-06-30 00:00:00","REPORT_TYPE_SQ":"2022年中报","OPERATE_INCOME_SQ":372018000,"DPS_HKD":0.058,"OPERATE_INCOME_QOQ_SQ":-3.233801321393,"NET_PROFIT_RATIO_SQ":15.2393163772,"HOLDER_PROFIT_SQ":49456000,"HOLDER_PROFIT_QOQ_SQ":-2.186326518448,"ROE_AVG_SQ":7.220786919186,"PE_TTM_SQ":8.073371983707,"PB_TTM_SQ":0.563082403065,"ROA_SQ":4.273413433913,"START_DATE":"2023-01-01 00:00:00","FISCAL_YEAR":"12-31","CURRENCY":"HKD","IS_CNY_CODE":0,"DPS_HKD_LY":0.062,"ORG_TYPE":"一般企业","PREMIUM_INCOME":null,"PREMIUM_INCOME_YOY":null,"NET_INTEREST_INCOME":null,"NET_INTEREST_INCOME_YOY":null,"FEE_COMMISSION_INCOME":null,"FEE_COMMISSION_INCOME_YOY":null,"ACCOUNTS_RECE_TDAYS":0.685811391425,"INVENTORY_TDAYS":283.136904761905,"CURRENT_ASSETS_TDAYS":0.42318416028,"TOTAL_ASSETS_TDAYS":0.3655095676,"PREMIUM_EXPENSE":null,"LOAN_DEPOSIT":null,"LOAN_EQUITY":null,"LOAN_ASSETS":null,"DEPOSIT_EQUITY":null,"DEPOSIT_ASSETS":null,"EQUITY_MULTIPLIER":1.558212889122,"EQUITY_RATIO":0.591959134788},{"SECUCODE":"02205.HK","SECURITY_CODE":"02205","SECURITY_NAME_ABBR":"康桥悦生活","ORG_CODE":"10000173416","STD_REPORT_DATE":"2022-12-31 00:00:00","REPORT_DATE":"2022-12-31 00:00:00","DATE_TYPE_CODE":"001","REPORT_TYPE":"2022年年报","PER_NETCASH_OPERATE":-0.197234285714,"PER_OI":1.132742857143,"BPS":1.016232857143,"BASIC_EPS":0.08,"DILUTED_EPS":0.08,"OPERATE_INCOME":792920000,"OPERATE_INCOME_YOY":1.1936439386,"GROSS_PROFIT":191068000,"GROSS_PROFIT_YOY":-6.271216372663,"HOLDER_PROFIT":54121000,"HOLDER_PROFIT_YOY":-35.4819097574,"GROSS_PROFIT_RATIO":24.096756293195,"EPS_TTM":0.077315714286,"OPERATE_INCOME_QOQ":4.575404759518,"NET_PROFIT_RATIO":8.2864601725,"ROE_AVG":7.847876965196,"GROSS_PROFIT_QOQ":-3.089384709803,"ROA":4.697202256733,"HOLDER_PROFIT_QOQ":-34.039804511828,"ROE_YEARLY":7.847876965196,"ROIC_YEARLY":8.082948758158,"TOTAL_ASSETS":1169471000,"TOTAL_LIABILITIES":413106000,"TAX_EBT":20.845932368779,"OCF_SALES":-17.412097058972,"TOTAL_PARENT_EQUITY":711363000,"DEBT_ASSET_RATIO":35.3241764866,"OPERATE_PROFIT":77771000,"PRETAX_PROFIT":83009000,"NETCASH_OPERATE":-138064000,"NETCASH_INVEST":-32296000,"NETCASH_FINANCE":-25317000,"END_CASH":345910000,"DIVI_RATIO":0.679819885072,"DIVIDEND_RATE":8.285714285714,"CURRENT_RATIO":2.550212678323,"COMMON_ACS":1000000000,"CURRENTDEBT_DEBT":95.209704046903,"ISSUED_COMMON_SHARES":700000000,"HK_COMMON_SHARES":700000000,"PER_SHARES":1000,"TOTAL_MARKET_CAP":490000000,"HKSK_MARKET_CAP":490000000,"PE_TTM":14.322584051307,"PB_TTM":0.624751266369,"REPORT_DATE_SQ":"2021-12-31 00:00:00","REPORT_TYPE_SQ":"2021年年报","OPERATE_INCOME_SQ":783567000,"DPS_HKD":0.058,"OPERATE_INCOME_QOQ_SQ":3.744409402531,"NET_PROFIT_RATIO_SQ":11.302032883,"HOLDER_PROFIT_SQ":83885000,"HOLDER_PROFIT_QOQ_SQ":-10.033247533248,"ROE_AVG_SQ":20.614287838221,"PE_TTM_SQ":8.073371983707,"PB_TTM_SQ":0.563082403065,"ROA_SQ":8.239242011344,"START_DATE":"2022-01-01 00:00:00","FISCAL_YEAR":"12-31","CURRENCY":"HKD","IS_CNY_CODE":0,"DPS_HKD_LY":0.035,"ORG_TYPE":"一般企业","PREMIUM_INCOME":null,"PREMIUM_INCOME_YOY":null,"NET_INTEREST_INCOME":null,"NET_INTEREST_INCOME_YOY":null,"FEE_COMMISSION_INCOME":null,"FEE_COMMISSION_INCOME_YOY":null,"ACCOUNTS_RECE_TDAYS":1.556885051807,"INVENTORY_TDAYS":576.210627094304,"CURRENT_ASSETS_TDAYS":0.798211342993,"TOTAL_ASSETS_TDAYS":0.688181226032,"PREMIUM_EXPENSE":null,"LOAN_DEPOSIT":null,"LOAN_EQUITY":null,"LOAN_ASSETS":null,"DEPOSIT_EQUITY":null,"DEPOSIT_ASSETS":null,"EQUITY_MULTIPLIER":1.54617281339,"EQUITY_RATIO":0.580724608955},{"SECUCODE":"02205.HK","SECURITY_CODE":"02205","SECURITY_NAME_ABBR":"康桥悦生活","ORG_CODE":"10000173416","STD_REPORT_DATE":"2022-06-30 00:00:00","REPORT_DATE":"2022-06-30 00:00:00","DATE_TYPE_CODE":"002","REPORT_TYPE":"2022年中报","PER_NETCASH_OPERATE":0.011608571429,"PER_OI":0.531454285714,"BPS":1.002762857143,"BASIC_EPS":0.071,"DILUTED_EPS":0.071,"OPERATE_INCOME":372018000,"OPERATE_INCOME_YOY":-6.3768852694,"GROSS_PROFIT":105724000,"GROSS_PROFIT_YOY":-5.953725859968,"HOLDER_PROFIT":49456000,"HOLDER_PROFIT_YOY":-3.5757457594,"GROSS_PROFIT_RATIO":28.419054991963,"EPS_TTM":0.117215714286,"OPERATE_INCOME_QOQ":-3.233801321393,"NET_PROFIT_RATIO":15.2393163772,"ROE_AVG":7.220786919186,"GROSS_PROFIT_QOQ":-3.283264329023,"ROA":4.273413433913,"HOLDER_PROFIT_QOQ":-2.186326518448,"ROE_YEARLY":14.441573838372,"ROIC_YEARLY":16.68301313649,"TOTAL_ASSETS":1179668000,"TOTAL_LIABILITIES":436699000,"TAX_EBT":18.481292957179,"OCF_SALES":2.184302910074,"TOTAL_PARENT_EQUITY":701934000,"DEBT_ASSET_RATIO":37.018805291,"OPERATE_PROFIT":67157000,"PRETAX_PROFIT":69546000,"NETCASH_OPERATE":8126000,"NETCASH_INVEST":-33220000,"NETCASH_FINANCE":-2774000,"END_CASH":513433000,"DIVI_RATIO":0.448410525161,"DIVIDEND_RATE":8.285714285714,"CURRENT_RATIO":2.465951778757,"COMMON_ACS":1000000000,"CURRENTDEBT_DEBT":95.155473220685,"ISSUED_COMMON_SHARES":700000000,"HK_COMMON_SHARES":700000000,"PER_SHARES":1000,"TOTAL_MARKET_CAP":490000000,"HKSK_MARKET_CAP":490000000,"PE_TTM":14.322584051307,"PB_TTM":0.624751266369,"REPORT_DATE_SQ":"2021-06-30 00:00:00","REPORT_TYPE_SQ":"2021年中报","OPERATE_INCOME_SQ":397357000,"DPS_HKD":0.058,"OPERATE_INCOME_QOQ_SQ":31.220584275129,"NET_PROFIT_RATIO_SQ":13.7893632175,"HOLDER_PROFIT_SQ":51290000,"HOLDER_PROFIT_QOQ_SQ":5.495400699229,"ROE_AVG_SQ":38.878445165398,"PE_TTM_SQ":8.073371983707,"PB_TTM_SQ":0.563082403065,"ROA_SQ":7.4149892946,"START_DATE":"2022-01-01 00:00:00","FISCAL_YEAR":"12-31","CURRENCY":"HKD","IS_CNY_CODE":0,"DPS_HKD_LY":0.035,"ORG_TYPE":"一般企业","PREMIUM_INCOME":null,"PREMIUM_INCOME_YOY":null,"NET_INTEREST_INCOME":null,"NET_INTEREST_INCOME_YOY":null,"FEE_COMMISSION_INCOME":null,"FEE_COMMISSION_INCOME_YOY":null,"ACCOUNTS_RECE_TDAYS":0.845781867041,"INVENTORY_TDAYS":247.14060324826,"CURRENT_ASSETS_TDAYS":0.370460399251,"TOTAL_ASSETS_TDAYS":0.321454771687,"PREMIUM_EXPENSE":null,"LOAN_DEPOSIT":null,"LOAN_EQUITY":null,"LOAN_ASSETS":null,"DEPOSIT_EQUITY":null,"DEPOSIT_ASSETS":null,"EQUITY_MULTIPLIER":1.587775533031,"EQUITY_RATIO":0.622136839076},{"SECUCODE":"02205.HK","SECURITY_CODE":"02205","SECURITY_NAME_ABBR":"康桥悦生活","ORG_CODE":"10000173416","STD_REPORT_DATE":"2021-12-31 00:00:00","REPORT_DATE":"2021-12-31 00:00:00","DATE_TYPE_CODE":"001","REPORT_TYPE":"2021年年报","PER_NETCASH_OPERATE":0.091364285714,"PER_OI":1.119381428571,"BPS":0.954127142857,"BASIC_EPS":0.14,"DILUTED_EPS":0.14,"OPERATE_INCOME":783567000,"OPERATE_INCOME_YOY":36.1340201708,"GROSS_PROFIT":203852000,"GROSS_PROFIT_YOY":15.468098604314,"HOLDER_PROFIT":83885000,"HOLDER_PROFIT_YOY":-5.0892139891,"GROSS_PROFIT_RATIO":26.015899087123,"EPS_TTM":0.119835714286,"OPERATE_INCOME_QOQ":3.744409402531,"NET_PROFIT_RATIO":11.302032883,"ROE_AVG":20.614287838221,"GROSS_PROFIT_QOQ":-1.91028861237,"ROA":8.239242011344,"HOLDER_PROFIT_QOQ":-10.033247533248,"ROE_YEARLY":20.614287838221,"ROIC_YEARLY":12.845308097513,"TOTAL_ASSETS":1134922000,"TOTAL_LIABILITIES":433525000,"TAX_EBT":26.297261083416,"OCF_SALES":8.162033367919,"TOTAL_PARENT_EQUITY":667889000,"DEBT_ASSET_RATIO":38.1986603485,"OPERATE_PROFIT":126836000,"PRETAX_PROFIT":120157000,"NETCASH_OPERATE":63955000,"NETCASH_INVEST":267263000,"NETCASH_FINANCE":79775000,"END_CASH":540833000,"DIVI_RATIO":0.438606806938,"DIVIDEND_RATE":8.285714285714,"CURRENT_RATIO":2.414076591776,"COMMON_ACS":1000000000,"CURRENTDEBT_DEBT":93.993425984661,"ISSUED_COMMON_SHARES":700000000,"HK_COMMON_SHARES":700000000,"PER_SHARES":1000,"TOTAL_MARKET_CAP":490000000,"HKSK_MARKET_CAP":490000000,"PE_TTM":14.322584051307,"PB_TTM":0.624751266369,"REPORT_DATE_SQ":"2020-12-31 00:00:00","REPORT_TYPE_SQ":"2020年年报","OPERATE_INCOME_SQ":575585000,"DPS_HKD":0.058,"OPERATE_INCOME_QOQ_SQ":19.894058882098,"NET_PROFIT_RATIO_SQ":15.9462112459,"HOLDER_PROFIT_SQ":88383000,"HOLDER_PROFIT_QOQ_SQ":0.276835453091,"ROE_AVG_SQ":86.84369549731,"PE_TTM_SQ":8.073371983707,"PB_TTM_SQ":0.563082403065,"ROA_SQ":13.250169032117,"START_DATE":"2021-01-01 00:00:00","FISCAL_YEAR":"12-31","CURRENCY":"HKD","IS_CNY_CODE":0,"DPS_HKD_LY":null,"ORG_TYPE":"一般企业","PREMIUM_INCOME":null,"PREMIUM_INCOME_YOY":null,"NET_INTEREST_INCOME":null,"NET_INTEREST_INCOME_YOY":null,"FEE_COMMISSION_INCOME":null,"FEE_COMMISSION_INCOME_YOY":null,"ACCOUNTS_RECE_TDAYS":1.375641896696,"INVENTORY_TDAYS":539.269767441861,"CURRENT_ASSETS_TDAYS":0.852662042264,"TOTAL_ASSETS_TDAYS":0.769624860834,"PREMIUM_EXPENSE":null,"LOAN_DEPOSIT":null,"LOAN_EQUITY":null,"LOAN_ASSETS":null,"DEPOSIT_EQUITY":null,"DEPOSIT_ASSETS":null,"EQUITY_MULTIPLIER":1.618087901717,"EQUITY_RATIO":0.649097379954},{"SECUCODE":"02205.HK","SECURITY_CODE":"02205","SECURITY_NAME_ABBR":"康桥悦生活","ORG_CODE":"10000173416","STD_REPORT_DATE":"2021-06-30 00:00:00","REPORT_DATE":"2021-06-30 00:00:00","DATE_TYPE_CODE":"002","REPORT_TYPE":"2021年中报","PER_NETCASH_OPERATE":411890,"PER_OI":1986785,"BPS":0.168405714286,"BASIC_EPS":0.098,"DILUTED_EPS":0.098,"OPERATE_INCOME":397357000,"OPERATE_INCOME_YOY":82.5619325909,"GROSS_PROFIT":112417000,"GROSS_PROFIT_YOY":38.548663404775,"HOLDER_PROFIT":51290000,"HOLDER_PROFIT_YOY":10.4602330239,"GROSS_PROFIT_RATIO":28.291183998269,"EPS_TTM":466200,"OPERATE_INCOME_QOQ":31.220584275129,"NET_PROFIT_RATIO":13.7893632175,"ROE_AVG":38.878445165398,"GROSS_PROFIT_QOQ":17.716829798804,"ROA":7.4149892946,"HOLDER_PROFIT_QOQ":5.495400699229,"ROE_YEARLY":77.756890330797,"ROIC_YEARLY":19.077020354649,"TOTAL_ASSETS":482105000,"TOTAL_LIABILITIES":341889000,"TAX_EBT":26.78549953901,"OCF_SALES":20.731483275745,"TOTAL_PARENT_EQUITY":117884000,"DEBT_ASSET_RATIO":70.9158793209,"OPERATE_PROFIT":82545000,"PRETAX_PROFIT":74839000,"NETCASH_OPERATE":82378000,"NETCASH_INVEST":356785000,"NETCASH_FINANCE":-444079000,"END_CASH":129842000,"DIVI_RATIO":1.12743E-7,"DIVIDEND_RATE":8.285714285714,"CURRENT_RATIO":1.293569207282,"COMMON_ACS":1000000000,"CURRENTDEBT_DEBT":98.475528607238,"ISSUED_COMMON_SHARES":700000000,"HK_COMMON_SHARES":700000000,"PER_SHARES":1000,"TOTAL_MARKET_CAP":490000000,"HKSK_MARKET_CAP":490000000,"PE_TTM":14.322584051307,"PB_TTM":0.624751266369,"REPORT_DATE_SQ":"2020-06-30 00:00:00","REPORT_TYPE_SQ":"2020年中报","OPERATE_INCOME_SQ":217656000,"DPS_HKD":0.058,"OPERATE_INCOME_QOQ_SQ":0,"NET_PROFIT_RATIO_SQ":22.2295732716,"HOLDER_PROFIT_SQ":46433000,"HOLDER_PROFIT_QOQ_SQ":0,"ROE_AVG_SQ":null,"PE_TTM_SQ":8.073371983707,"PB_TTM_SQ":0.563082403065,"ROA_SQ":null,"START_DATE":"2021-01-01 00:00:00","FISCAL_YEAR":"12-31","CURRENCY":"HKD","IS_CNY_CODE":0,"DPS_HKD_LY":null,"ORG_TYPE":"一般企业","PREMIUM_INCOME":null,"PREMIUM_INCOME_YOY":null,"NET_INTEREST_INCOME":null,"NET_INTEREST_INCOME_YOY":null,"FEE_COMMISSION_INCOME":null,"FEE_COMMISSION_INCOME_YOY":null,"ACCOUNTS_RECE_TDAYS":0.783768670516,"INVENTORY_TDAYS":1938.36734693878,"CURRENT_ASSETS_TDAYS":0.616178689447,"TOTAL_ASSETS_TDAYS":0.574458549646,"PREMIUM_EXPENSE":null,"LOAN_DEPOSIT":null,"LOAN_EQUITY":null,"LOAN_ASSETS":null,"DEPOSIT_EQUITY":null,"DEPOSIT_ASSETS":null,"EQUITY_MULTIPLIER":3.438302333543,"EQUITY_RATIO":2.900215466051},{"SECUCODE":"02205.HK","SECURITY_CODE":"02205","SECURITY_NAME_ABBR":"康桥悦生活","ORG_CODE":"10000173416","STD_REPORT_DATE":"2020-12-31 00:00:00","REPORT_DATE":"2020-12-31 00:00:00","DATE_TYPE_CODE":"001","REPORT_TYPE":"2020年年报","PER_NETCASH_OPERATE":0.09374354648,"PER_OI":0.9688707188,"BPS":0.20852,"BASIC_EPS":0.17,"DILUTED_EPS":0.17,"OPERATE_INCOME":575585000,"OPERATE_INCOME_YOY":58.6332818873,"GROSS_PROFIT":176544000,"GROSS_PROFIT_YOY":58.997082027451,"HOLDER_PROFIT":88383000,"HOLDER_PROFIT_YOY":46.8668472391,"GROSS_PROFIT_RATIO":30.672098821199,"EPS_TTM":0.14877333624,"OPERATE_INCOME_QOQ":19.894058882098,"NET_PROFIT_RATIO":15.9462112459,"ROE_AVG":86.84369549731,"GROSS_PROFIT_QOQ":8.870251603355,"ROA":13.250169032117,"HOLDER_PROFIT_QOQ":0.276835453091,"ROE_YEARLY":86.84369549731,"ROIC_YEARLY":15.857036747319,"TOTAL_ASSETS":901309000,"TOTAL_LIABILITIES":734293000,"TAX_EBT":25.921501844214,"OCF_SALES":9.67554748647,"TOTAL_PARENT_EQUITY":145964000,"DEBT_ASSET_RATIO":81.4696180777,"OPERATE_PROFIT":144657000,"PRETAX_PROFIT":123901000,"NETCASH_OPERATE":55691000,"NETCASH_INVEST":-214417000,"NETCASH_FINANCE":236043000,"END_CASH":134758000,"DIVI_RATIO":0.353294221454,"DIVIDEND_RATE":8.285714285714,"CURRENT_RATIO":1.694522854995,"COMMON_ACS":1000000000,"CURRENTDEBT_DEBT":68.65284021501,"ISSUED_COMMON_SHARES":700000000,"HK_COMMON_SHARES":700000000,"PER_SHARES":1000,"TOTAL_MARKET_CAP":490000000,"HKSK_MARKET_CAP":490000000,"PE_TTM":14.322584051307,"PB_TTM":0.624751266369,"REPORT_DATE_SQ":"2019-12-31 00:00:00","REPORT_TYPE_SQ":"2019年年报","OPERATE_INCOME_SQ":362840000,"DPS_HKD":0.058,"OPERATE_INCOME_QOQ_SQ":58.482786333895,"NET_PROFIT_RATIO_SQ":16.5767280344,"HOLDER_PROFIT_SQ":60179000,"HOLDER_PROFIT_QOQ_SQ":175.885939577316,"ROE_AVG_SQ":135.259543957835,"PE_TTM_SQ":8.073371983707,"PB_TTM_SQ":0.563082403065,"ROA_SQ":17.623742369288,"START_DATE":"2020-01-01 00:00:00","FISCAL_YEAR":"12-31","CURRENCY":"HKD","IS_CNY_CODE":0,"DPS_HKD_LY":null,"ORG_TYPE":"一般企业","PREMIUM_INCOME":null,"PREMIUM_INCOME_YOY":null,"NET_INTEREST_INCOME":null,"NET_INTEREST_INCOME_YOY":null,"FEE_COMMISSION_INCOME":null,"FEE_COMMISSION_INCOME_YOY":null,"ACCOUNTS_RECE_TDAYS":1.08841421329,"INVENTORY_TDAYS":null,"CURRENT_ASSETS_TDAYS":0.921041367132,"TOTAL_ASSETS_TDAYS":0.862903334618,"PREMIUM_EXPENSE":null,"LOAN_DEPOSIT":null,"LOAN_EQUITY":null,"LOAN_ASSETS":null,"DEPOSIT_EQUITY":null,"DEPOSIT_ASSETS":null,"EQUITY_MULTIPLIER":5.396542846192,"EQUITY_RATIO":5.03064454249},{"SECUCODE":"02205.HK","SECURITY_CODE":"02205","SECURITY_NAME_ABBR":"康桥悦生活","ORG_CODE":"10000173416","STD_REPORT_DATE":"2020-09-30 00:00:00","REPORT_DATE":"2020-09-30 00:00:00","DATE_TYPE_CODE":"004","REPORT_TYPE":"2020年三季报","PER_NETCASH_OPERATE":0.04102567936,"PER_OI":0.64269932288,"BPS":0.181274285714,"BASIC_EPS":null,"DILUTED_EPS":null,"OPERATE_INCOME":365702000,"OPERATE_INCOME_YOY":47.1851052869,"GROSS_PROFIT":125356000,"GROSS_PROFIT_YOY":68.870567949133,"HOLDER_PROFIT":69311000,"HOLDER_PROFIT_YOY":67.6162607918,"GROSS_PROFIT_RATIO":34.278182782703,"EPS_TTM":0.15489900416,"OPERATE_INCOME_QOQ":32.311211553302,"NET_PROFIT_RATIO":19.5618290302,"ROE_AVG":75.144872149312,"GROSS_PROFIT_QOQ":46.04272488202,"ROA":10.392770898262,"HOLDER_PROFIT_QOQ":46.461390185945,"ROE_YEARLY":100.193162865749,"ROIC_YEARLY":11.673490560794,"TOTAL_ASSETS":901074000,"TOTAL_LIABILITIES":763875000,"TAX_EBT":24.719030180578,"OCF_SALES":6.383339440309,"TOTAL_PARENT_EQUITY":126892000,"DEBT_ASSET_RATIO":84.773836555,"OPERATE_PROFIT":null,"PRETAX_PROFIT":95028000,"NETCASH_OPERATE":23344000,"NETCASH_INVEST":-338045000,"NETCASH_FINANCE":329782000,"END_CASH":72522000,"DIVI_RATIO":0.339322775411,"DIVIDEND_RATE":8.285714285714,"CURRENT_RATIO":1.080145527096,"COMMON_ACS":1000000000,"CURRENTDEBT_DEBT":66.927835051546,"ISSUED_COMMON_SHARES":700000000,"HK_COMMON_SHARES":700000000,"PER_SHARES":1000,"TOTAL_MARKET_CAP":490000000,"HKSK_MARKET_CAP":490000000,"PE_TTM":14.322584051307,"PB_TTM":0.624751266369,"REPORT_DATE_SQ":"2019-09-30 00:00:00","REPORT_TYPE_SQ":"2019年三季报","OPERATE_INCOME_SQ":248464000,"DPS_HKD":0.058,"OPERATE_INCOME_QOQ_SQ":0,"NET_PROFIT_RATIO_SQ":16.649896967,"HOLDER_PROFIT_SQ":41351000,"HOLDER_PROFIT_QOQ_SQ":0,"ROE_AVG_SQ":null,"PE_TTM_SQ":8.073371983707,"PB_TTM_SQ":0.563082403065,"ROA_SQ":null,"START_DATE":"2020-01-01 00:00:00","FISCAL_YEAR":"12-31","CURRENCY":"HKD","IS_CNY_CODE":0,"DPS_HKD_LY":null,"ORG_TYPE":"一般企业","PREMIUM_INCOME":null,"PREMIUM_INCOME_YOY":null,"NET_INTEREST_INCOME":null,"NET_INTEREST_INCOME_YOY":null,"FEE_COMMISSION_INCOME":null,"FEE_COMMISSION_INCOME_YOY":null,"ACCOUNTS_RECE_TDAYS":0.894265921001,"INVENTORY_TDAYS":null,"CURRENT_ASSETS_TDAYS":0.771649373052,"TOTAL_ASSETS_TDAYS":0.548348328986,"PREMIUM_EXPENSE":null,"LOAN_DEPOSIT":null,"LOAN_EQUITY":null,"LOAN_ASSETS":null,"DEPOSIT_EQUITY":null,"DEPOSIT_ASSETS":null,"EQUITY_MULTIPLIER":6.567642621283,"EQUITY_RATIO":6.019883050153}],"count":13},"success":true,"message":"ok","code":0}