{"version":"766f2fefdad3068698d6c75610db0b43","result":{"pages":2,"data":[{"SECUCODE":"02217.HK","SECURITY_CODE":"02217","SECURITY_NAME_ABBR":"谭仔国际","ORG_CODE":"10000191733","STD_REPORT_DATE":"2024-06-30 00:00:00","REPORT_DATE":"2024-09-30 00:00:00","DATE_TYPE_CODE":"002","REPORT_TYPE":"2024年中报","PER_NETCASH_OPERATE":0.214442380195,"PER_OI":0.939842078504,"BPS":0.967777042202,"BASIC_EPS":0.02434833,"DILUTED_EPS":0.02434833,"OPERATE_INCOME":1265683907.96,"OPERATE_INCOME_YOY":1.1644342637,"GROSS_PROFIT":962122456.37,"GROSS_PROFIT_YOY":-1.046619547018,"HOLDER_PROFIT":32525761.72,"HOLDER_PROFIT_YOY":-55.8147227088,"GROSS_PROFIT_RATIO":76.016013976248,"EPS_TTM":0.079870328621,"OPERATE_INCOME_QOQ":0,"NET_PROFIT_RATIO":2.5698171175,"ROE_AVG":2.461356202627,"GROSS_PROFIT_QOQ":0,"ROA":1.382150568497,"HOLDER_PROFIT_QOQ":0,"ROE_YEARLY":4.922712405254,"ROIC_YEARLY":5.721079150213,"TOTAL_ASSETS":2341217278.31,"TOTAL_LIABILITIES":1037913396.92,"TAX_EBT":28.28995765155,"OCF_SALES":22.816852437151,"TOTAL_PARENT_EQUITY":1303303881.39,"DEBT_ASSET_RATIO":44.3322115609,"OPERATE_PROFIT":55619701.83,"PRETAX_PROFIT":45357331.63,"NETCASH_OPERATE":288789229.6,"NETCASH_INVEST":-13779351.2,"NETCASH_FINANCE":-280145572.45,"END_CASH":1213654232.12,"DIVI_RATIO":0.822090207133,"DIVIDEND_RATE":4.931972789116,"CURRENT_RATIO":2.303918881461,"COMMON_ACS":null,"CURRENTDEBT_DEBT":56.107747700157,"ISSUED_COMMON_SHARES":1346698490,"HK_COMMON_SHARES":1346698490,"PER_SHARES":1000,"TOTAL_MARKET_CAP":1979646780.3,"HKSK_MARKET_CAP":1979646780.3,"PE_TTM":27.085797672669,"PB_TTM":1.369769318958,"REPORT_DATE_SQ":"2023-06-30 00:00:00","REPORT_TYPE_SQ":"2023年中报","OPERATE_INCOME_SQ":1273091415.47,"DPS_HKD":0.0725,"OPERATE_INCOME_QOQ_SQ":0,"NET_PROFIT_RATIO_SQ":5.8837266798,"HOLDER_PROFIT_SQ":74905219.27,"HOLDER_PROFIT_QOQ_SQ":0,"ROE_AVG_SQ":5.399845140361,"PE_TTM_SQ":10.306497659631,"PB_TTM_SQ":0.972586215175,"ROA_SQ":3.039938269467,"START_DATE":"2024-04-01 00:00:00","FISCAL_YEAR":"3-31","CURRENCY":"HKD","IS_CNY_CODE":0,"DPS_HKD_LY":0.0725,"ORG_TYPE":"一般企业","PREMIUM_INCOME":null,"PREMIUM_INCOME_YOY":null,"NET_INTEREST_INCOME":null,"NET_INTEREST_INCOME_YOY":null,"FEE_COMMISSION_INCOME":null,"FEE_COMMISSION_INCOME_YOY":null,"ACCOUNTS_RECE_TDAYS":36.62019751347,"INVENTORY_TDAYS":13.951756294684,"CURRENT_ASSETS_TDAYS":0.937420957596,"TOTAL_ASSETS_TDAYS":0.537840050599,"PREMIUM_EXPENSE":null,"LOAN_DEPOSIT":null,"LOAN_EQUITY":null,"LOAN_ASSETS":null,"DEPOSIT_EQUITY":null,"DEPOSIT_ASSETS":null,"EQUITY_MULTIPLIER":1.796370985878,"EQUITY_RATIO":0.796370985877},{"SECUCODE":"02217.HK","SECURITY_CODE":"02217","SECURITY_NAME_ABBR":"谭仔国际","ORG_CODE":"10000191733","STD_REPORT_DATE":"2023-12-31 00:00:00","REPORT_DATE":"2024-03-31 00:00:00","DATE_TYPE_CODE":"001","REPORT_TYPE":"2023年年报","PER_NETCASH_OPERATE":0.41978892599,"PER_OI":1.850130135143,"BPS":0.999986961855,"BASIC_EPS":0.08068295,"DILUTED_EPS":0.0797764,"OPERATE_INCOME":2491567459.3,"OPERATE_INCOME_YOY":5.9273964942,"GROSS_PROFIT":1903999768.5,"GROSS_PROFIT_YOY":10.164924778766,"HOLDER_PROFIT":107561250.95,"HOLDER_PROFIT_YOY":-15.8237142877,"GROSS_PROFIT_RATIO":76.417749051632,"EPS_TTM":0.092023060155,"OPERATE_INCOME_QOQ":0,"NET_PROFIT_RATIO":4.3170113877,"ROE_AVG":7.83847518076,"GROSS_PROFIT_QOQ":0,"ROA":4.479069281952,"HOLDER_PROFIT_QOQ":0,"ROE_YEARLY":7.83847518076,"ROIC_YEARLY":9.230662707264,"TOTAL_ASSETS":2377811752.2,"TOTAL_LIABILITIES":1031130820.65,"TAX_EBT":21.937338807306,"OCF_SALES":22.689697228139,"TOTAL_PARENT_EQUITY":1346680931.55,"DEBT_ASSET_RATIO":43.364695279,"OPERATE_PROFIT":158399668.4,"PRETAX_PROFIT":137788347.6,"NETCASH_OPERATE":565329112.75,"NETCASH_INVEST":-20193401.25,"NETCASH_FINANCE":-567008043.35,"END_CASH":1225223175.65,"DIVI_RATIO":0.713523489541,"DIVIDEND_RATE":9.0625,"CURRENT_RATIO":2.331245996305,"COMMON_ACS":null,"CURRENTDEBT_DEBT":56.819494594359,"ISSUED_COMMON_SHARES":1346698490,"HK_COMMON_SHARES":1346698490,"PER_SHARES":1000,"TOTAL_MARKET_CAP":1077358792,"HKSK_MARKET_CAP":1077358792,"PE_TTM":14.740570161996,"PB_TTM":0.745452690589,"REPORT_DATE_SQ":"2022-12-31 00:00:00","REPORT_TYPE_SQ":"2022年年报","OPERATE_INCOME_SQ":2271350166.33,"DPS_HKD":0.0725,"OPERATE_INCOME_QOQ_SQ":0,"NET_PROFIT_RATIO_SQ":5.4325250047,"HOLDER_PROFIT_SQ":123391665.73,"HOLDER_PROFIT_QOQ_SQ":0,"ROE_AVG_SQ":9.107800265894,"PE_TTM_SQ":11.51440929175,"PB_TTM_SQ":1.095479035527,"ROA_SQ":5.376034039736,"START_DATE":"2023-04-01 00:00:00","FISCAL_YEAR":"3-31","CURRENCY":"HKD","IS_CNY_CODE":0,"DPS_HKD_LY":0.135,"ORG_TYPE":"一般企业","PREMIUM_INCOME":null,"PREMIUM_INCOME_YOY":null,"NET_INTEREST_INCOME":null,"NET_INTEREST_INCOME_YOY":null,"FEE_COMMISSION_INCOME":null,"FEE_COMMISSION_INCOME_YOY":null,"ACCOUNTS_RECE_TDAYS":74.060063863327,"INVENTORY_TDAYS":26.984304092593,"CURRENT_ASSETS_TDAYS":1.819798977673,"TOTAL_ASSETS_TDAYS":1.037539371502,"PREMIUM_EXPENSE":null,"LOAN_DEPOSIT":null,"LOAN_EQUITY":null,"LOAN_ASSETS":null,"DEPOSIT_EQUITY":null,"DEPOSIT_ASSETS":null,"EQUITY_MULTIPLIER":1.765683092774,"EQUITY_RATIO":0.765683092775},{"SECUCODE":"02217.HK","SECURITY_CODE":"02217","SECURITY_NAME_ABBR":"谭仔国际","ORG_CODE":"10000191733","STD_REPORT_DATE":"2023-06-30 00:00:00","REPORT_DATE":"2023-09-30 00:00:00","DATE_TYPE_CODE":"002","REPORT_TYPE":"2023年中报","PER_NETCASH_OPERATE":0.231824549038,"PER_OI":0.949368741198,"BPS":1.009506561524,"BASIC_EPS":0.05597543,"DILUTED_EPS":0.05597543,"OPERATE_INCOME":1273091415.47,"OPERATE_INCOME_YOY":9.9584614982,"GROSS_PROFIT":972298724.88,"GROSS_PROFIT_YOY":12.024371990457,"HOLDER_PROFIT":74905219.27,"HOLDER_PROFIT_YOY":-1.3844759891,"GROSS_PROFIT_RATIO":76.373048554494,"EPS_TTM":0.092018487755,"OPERATE_INCOME_QOQ":0,"NET_PROFIT_RATIO":5.8837266798,"ROE_AVG":5.399845140361,"GROSS_PROFIT_QOQ":0,"ROA":3.039938269467,"HOLDER_PROFIT_QOQ":0,"ROE_YEARLY":10.799690280722,"ROIC_YEARLY":12.294653575103,"TOTAL_ASSETS":2473408348.53,"TOTAL_LIABILITIES":1113907386.48,"TAX_EBT":19.673889512114,"OCF_SALES":24.418809992151,"TOTAL_PARENT_EQUITY":1359500962.05,"DEBT_ASSET_RATIO":45.0353208819,"OPERATE_PROFIT":103351749.27,"PRETAX_PROFIT":93251395.86,"NETCASH_OPERATE":310873773.77,"NETCASH_INVEST":-15998879.05,"NETCASH_FINANCE":-328476670.06,"END_CASH":1228735934.16,"DIVI_RATIO":0.71355894453,"DIVIDEND_RATE":9.0625,"CURRENT_RATIO":2.260883742679,"COMMON_ACS":null,"CURRENTDEBT_DEBT":53.558459703302,"ISSUED_COMMON_SHARES":1346698490,"HK_COMMON_SHARES":1346698490,"PER_SHARES":1000,"TOTAL_MARKET_CAP":1077358792,"HKSK_MARKET_CAP":1077358792,"PE_TTM":14.740570161996,"PB_TTM":0.745452690589,"REPORT_DATE_SQ":"2022-06-30 00:00:00","REPORT_TYPE_SQ":"2022年中报","OPERATE_INCOME_SQ":1141150941.24,"DPS_HKD":0.0725,"OPERATE_INCOME_QOQ_SQ":0,"NET_PROFIT_RATIO_SQ":6.5604836568,"HOLDER_PROFIT_SQ":74865021,"HOLDER_PROFIT_QOQ_SQ":0,"ROE_AVG_SQ":5.460672274562,"PE_TTM_SQ":11.51440929175,"PB_TTM_SQ":1.095479035527,"ROA_SQ":3.183224722975,"START_DATE":"2023-04-01 00:00:00","FISCAL_YEAR":"3-31","CURRENCY":"HKD","IS_CNY_CODE":0,"DPS_HKD_LY":0.135,"ORG_TYPE":"一般企业","PREMIUM_INCOME":null,"PREMIUM_INCOME_YOY":null,"NET_INTEREST_INCOME":null,"NET_INTEREST_INCOME_YOY":null,"FEE_COMMISSION_INCOME":null,"FEE_COMMISSION_INCOME_YOY":null,"ACCOUNTS_RECE_TDAYS":47.511009896921,"INVENTORY_TDAYS":13.971825582882,"CURRENT_ASSETS_TDAYS":0.929925897178,"TOTAL_ASSETS_TDAYS":0.51666884526,"PREMIUM_EXPENSE":null,"LOAN_DEPOSIT":null,"LOAN_EQUITY":null,"LOAN_ASSETS":null,"DEPOSIT_EQUITY":null,"DEPOSIT_ASSETS":null,"EQUITY_MULTIPLIER":1.819350200974,"EQUITY_RATIO":0.819350200974},{"SECUCODE":"02217.HK","SECURITY_CODE":"02217","SECURITY_NAME_ABBR":"谭仔国际","ORG_CODE":"10000191733","STD_REPORT_DATE":"2022-12-31 00:00:00","REPORT_DATE":"2023-03-31 00:00:00","DATE_TYPE_CODE":"001","REPORT_TYPE":"2022年年报","PER_NETCASH_OPERATE":0.467747507759,"PER_OI":1.694101421239,"BPS":1.002265293756,"BASIC_EPS":0.09191805,"DILUTED_EPS":0.09191805,"OPERATE_INCOME":2271350166.33,"OPERATE_INCOME_YOY":14.0339858779,"GROSS_PROFIT":1728317585.95,"GROSS_PROFIT_YOY":21.288022631802,"HOLDER_PROFIT":123391665.73,"HOLDER_PROFIT_YOY":-30.5513401655,"GROSS_PROFIT_RATIO":76.092080013474,"EPS_TTM":0.092947804746,"OPERATE_INCOME_QOQ":0,"NET_PROFIT_RATIO":5.4325250047,"ROE_AVG":9.107800265894,"GROSS_PROFIT_QOQ":0,"ROA":5.376034039736,"HOLDER_PROFIT_QOQ":0,"ROE_YEARLY":9.107800265894,"ROIC_YEARLY":11.269685550884,"TOTAL_ASSETS":2341727877.87,"TOTAL_LIABILITIES":991978720.19,"TAX_EBT":19.91534331411,"OCF_SALES":27.610360389006,"TOTAL_PARENT_EQUITY":1349749157.68,"DEBT_ASSET_RATIO":42.360973261,"OPERATE_PROFIT":170662930.32,"PRETAX_PROFIT":154076537.05,"NETCASH_OPERATE":627127966.62,"NETCASH_INVEST":-127113909.05,"NETCASH_FINANCE":-490898413.24,"END_CASH":1204257766.5,"DIVI_RATIO":0.706424591513,"DIVIDEND_RATE":9.177215189873,"CURRENT_RATIO":2.401023576841,"COMMON_ACS":null,"CURRENTDEBT_DEBT":55.643912284154,"ISSUED_COMMON_SHARES":1346698490,"HK_COMMON_SHARES":1346698490,"PER_SHARES":1000,"TOTAL_MARKET_CAP":1063891807.1,"HKSK_MARKET_CAP":1063891807.1,"PE_TTM":14.556313034972,"PB_TTM":0.736134531957,"REPORT_DATE_SQ":"2021-12-31 00:00:00","REPORT_TYPE_SQ":"2021年年报","OPERATE_INCOME_SQ":1845289430.98,"DPS_HKD":0.0725,"OPERATE_INCOME_QOQ_SQ":0,"NET_PROFIT_RATIO_SQ":8.9201502397,"HOLDER_PROFIT_SQ":164602589.6,"HOLDER_PROFIT_QOQ_SQ":0,"ROE_AVG_SQ":19.340197756762,"PE_TTM_SQ":11.608802833569,"PB_TTM_SQ":1.104459621811,"ROA_SQ":10.215090158388,"START_DATE":"2022-04-01 00:00:00","FISCAL_YEAR":"3-31","CURRENCY":"HKD","IS_CNY_CODE":0,"DPS_HKD_LY":0.114,"ORG_TYPE":"一般企业","PREMIUM_INCOME":null,"PREMIUM_INCOME_YOY":null,"NET_INTEREST_INCOME":null,"NET_INTEREST_INCOME_YOY":null,"FEE_COMMISSION_INCOME":null,"FEE_COMMISSION_INCOME_YOY":null,"ACCOUNTS_RECE_TDAYS":60.957206122473,"INVENTORY_TDAYS":31.631125388812,"CURRENT_ASSETS_TDAYS":1.714349994301,"TOTAL_ASSETS_TDAYS":0.989601342855,"PREMIUM_EXPENSE":null,"LOAN_DEPOSIT":null,"LOAN_EQUITY":null,"LOAN_ASSETS":null,"DEPOSIT_EQUITY":null,"DEPOSIT_ASSETS":null,"EQUITY_MULTIPLIER":1.734935609736,"EQUITY_RATIO":0.734935609736},{"SECUCODE":"02217.HK","SECURITY_CODE":"02217","SECURITY_NAME_ABBR":"谭仔国际","ORG_CODE":"10000191733","STD_REPORT_DATE":"2022-06-30 00:00:00","REPORT_DATE":"2022-09-30 00:00:00","DATE_TYPE_CODE":"002","REPORT_TYPE":"2022年中报","PER_NETCASH_OPERATE":0.278224390942,"PER_OI":0.851257473115,"BPS":0.992830697271,"BASIC_EPS":0.05607528,"DILUTED_EPS":0.05607528,"OPERATE_INCOME":1141150941.24,"OPERATE_INCOME_YOY":6.7903010934,"GROSS_PROFIT":867934992.72,"GROSS_PROFIT_YOY":14.00168973971,"HOLDER_PROFIT":74865021,"HOLDER_PROFIT_YOY":-39.9619934577,"GROSS_PROFIT_RATIO":76.057860652236,"EPS_TTM":0.122792728821,"OPERATE_INCOME_QOQ":0,"NET_PROFIT_RATIO":6.5604836568,"ROE_AVG":5.460672274562,"GROSS_PROFIT_QOQ":0,"ROA":3.183224722975,"HOLDER_PROFIT_QOQ":0,"ROE_YEARLY":10.921344549124,"ROIC_YEARLY":13.203186310477,"TOTAL_ASSETS":2380444475.76,"TOTAL_LIABILITIES":1043400874.92,"TAX_EBT":18.378314417284,"OCF_SALES":32.683929331445,"TOTAL_PARENT_EQUITY":1337043600.84,"DEBT_ASSET_RATIO":43.8321870367,"OPERATE_PROFIT":99869169.24,"PRETAX_PROFIT":91721973.72,"NETCASH_OPERATE":372972967.2,"NETCASH_INVEST":-93491058.36,"NETCASH_FINANCE":-316489784.76,"END_CASH":1197767076.36,"DIVI_RATIO":0.534727223918,"DIVIDEND_RATE":9.177215189873,"CURRENT_RATIO":2.293036797769,"COMMON_ACS":null,"CURRENTDEBT_DEBT":54.959203150368,"ISSUED_COMMON_SHARES":1346698490,"HK_COMMON_SHARES":1346698490,"PER_SHARES":1000,"TOTAL_MARKET_CAP":1063891807.1,"HKSK_MARKET_CAP":1063891807.1,"PE_TTM":14.556313034972,"PB_TTM":0.736134531957,"REPORT_DATE_SQ":"2021-06-30 00:00:00","REPORT_TYPE_SQ":"2021年中报","OPERATE_INCOME_SQ":984255391.64,"DPS_HKD":0.0725,"OPERATE_INCOME_QOQ_SQ":0,"NET_PROFIT_RATIO_SQ":11.669208646,"HOLDER_PROFIT_SQ":114854815.26,"HOLDER_PROFIT_QOQ_SQ":0,"ROE_AVG_SQ":28.900168637246,"PE_TTM_SQ":11.608802833569,"PB_TTM_SQ":1.104459621811,"ROA_SQ":10.237323449776,"START_DATE":"2022-04-01 00:00:00","FISCAL_YEAR":"3-31","CURRENCY":"HKD","IS_CNY_CODE":0,"DPS_HKD_LY":0.114,"ORG_TYPE":"一般企业","PREMIUM_INCOME":null,"PREMIUM_INCOME_YOY":null,"NET_INTEREST_INCOME":null,"NET_INTEREST_INCOME_YOY":null,"FEE_COMMISSION_INCOME":null,"FEE_COMMISSION_INCOME_YOY":null,"ACCOUNTS_RECE_TDAYS":28.76602487375,"INVENTORY_TDAYS":16.353119501962,"CURRENT_ASSETS_TDAYS":0.850540418198,"TOTAL_ASSETS_TDAYS":0.485211897396,"PREMIUM_EXPENSE":null,"LOAN_DEPOSIT":null,"LOAN_EQUITY":null,"LOAN_ASSETS":null,"DEPOSIT_EQUITY":null,"DEPOSIT_ASSETS":null,"EQUITY_MULTIPLIER":1.780379094791,"EQUITY_RATIO":0.780379094791},{"SECUCODE":"02217.HK","SECURITY_CODE":"02217","SECURITY_NAME_ABBR":"谭仔国际","ORG_CODE":"10000191733","STD_REPORT_DATE":"2021-12-31 00:00:00","REPORT_DATE":"2022-03-31 00:00:00","DATE_TYPE_CODE":"001","REPORT_TYPE":"2021年年报","PER_NETCASH_OPERATE":0.371040845105,"PER_OI":1.376583690897,"BPS":0.935470099673,"BASIC_EPS":0.14192675,"DILUTED_EPS":0.14111574,"OPERATE_INCOME":1845289430.98,"OPERATE_INCOME_YOY":26.7792318798,"GROSS_PROFIT":1424969711.31,"GROSS_PROFIT_YOY":21.888388760045,"HOLDER_PROFIT":164602589.6,"HOLDER_PROFIT_YOY":-29.4768443876,"GROSS_PROFIT_RATIO":77.222016632547,"EPS_TTM":0.164730434909,"OPERATE_INCOME_QOQ":0,"NET_PROFIT_RATIO":8.9201502397,"ROE_AVG":19.340197756762,"GROSS_PROFIT_QOQ":0,"ROA":10.215090158388,"HOLDER_PROFIT_QOQ":0,"ROE_YEARLY":19.340197756762,"ROIC_YEARLY":19.002713335793,"TOTAL_ASSETS":2083279504.47,"TOTAL_LIABILITIES":823483333.8,"TAX_EBT":17.181831907193,"OCF_SALES":26.953744080995,"TOTAL_PARENT_EQUITY":1259796170.67,"DEBT_ASSET_RATIO":39.5282213468,"OPERATE_PROFIT":210812317.38,"PRETAX_PROFIT":198751787.67,"NETCASH_OPERATE":497374590.78,"NETCASH_INVEST":-105558628.57,"NETCASH_FINANCE":341650127.65,"END_CASH":1107220859.37,"DIVI_RATIO":0.398594315836,"DIVIDEND_RATE":9.177215189873,"CURRENT_RATIO":2.64359373089,"COMMON_ACS":null,"CURRENTDEBT_DEBT":56.366089542831,"ISSUED_COMMON_SHARES":1346698490,"HK_COMMON_SHARES":1346698490,"PER_SHARES":1000,"TOTAL_MARKET_CAP":1063891807.1,"HKSK_MARKET_CAP":1063891807.1,"PE_TTM":14.556313034972,"PB_TTM":0.736134531957,"REPORT_DATE_SQ":"2020-12-31 00:00:00","REPORT_TYPE_SQ":"2020年年报","OPERATE_INCOME_SQ":1516838629.74,"DPS_HKD":0.0725,"OPERATE_INCOME_QOQ_SQ":null,"NET_PROFIT_RATIO_SQ":16.0357231014,"HOLDER_PROFIT_SQ":243236042.56,"HOLDER_PROFIT_QOQ_SQ":22.027673461996,"ROE_AVG_SQ":62.426073045742,"PE_TTM_SQ":11.608802833569,"PB_TTM_SQ":1.104459621811,"ROA_SQ":20.483678794461,"START_DATE":"2021-04-01 00:00:00","FISCAL_YEAR":"3-31","CURRENCY":"HKD","IS_CNY_CODE":0,"DPS_HKD_LY":null,"ORG_TYPE":"一般企业","PREMIUM_INCOME":null,"PREMIUM_INCOME_YOY":null,"NET_INTEREST_INCOME":null,"NET_INTEREST_INCOME_YOY":null,"FEE_COMMISSION_INCOME":null,"FEE_COMMISSION_INCOME_YOY":null,"ACCOUNTS_RECE_TDAYS":54.457068319711,"INVENTORY_TDAYS":34.956630244166,"CURRENT_ASSETS_TDAYS":2.202156669459,"TOTAL_ASSETS_TDAYS":1.145170191525,"PREMIUM_EXPENSE":null,"LOAN_DEPOSIT":null,"LOAN_EQUITY":null,"LOAN_ASSETS":null,"DEPOSIT_EQUITY":null,"DEPOSIT_ASSETS":null,"EQUITY_MULTIPLIER":1.653663944193,"EQUITY_RATIO":0.653663944193},{"SECUCODE":"02217.HK","SECURITY_CODE":"02217","SECURITY_NAME_ABBR":"谭仔国际","ORG_CODE":"10000191733","STD_REPORT_DATE":"2021-06-30 00:00:00","REPORT_DATE":"2021-09-30 00:00:00","DATE_TYPE_CODE":"002","REPORT_TYPE":"2021年中报","PER_NETCASH_OPERATE":0.289531585196,"PER_OI":0.979335211537,"BPS":0.25278546477,"BASIC_EPS":0.11496228,"DILUTED_EPS":0.11496228,"OPERATE_INCOME":984255391.64,"OPERATE_INCOME_YOY":43.0459807689,"GROSS_PROFIT":761335200.12,"GROSS_PROFIT_YOY":36.23031026545,"HOLDER_PROFIT":114854815.26,"HOLDER_PROFIT_YOY":-11.7523938758,"GROSS_PROFIT_RATIO":77.351387311319,"EPS_TTM":24323.604256,"OPERATE_INCOME_QOQ":0,"NET_PROFIT_RATIO":11.669208646,"ROE_AVG":28.900168637246,"GROSS_PROFIT_QOQ":0,"ROA":10.237323449776,"HOLDER_PROFIT_QOQ":0,"ROE_YEARLY":57.800337274491,"ROIC_YEARLY":29.153149133653,"TOTAL_ASSETS":1073410305.9,"TOTAL_LIABILITIES":732984502.2,"TAX_EBT":18.523662065053,"OCF_SALES":29.56409427386,"TOTAL_PARENT_EQUITY":340425803.7,"DEBT_ASSET_RATIO":68.2855845683,"OPERATE_PROFIT":146690203.16,"PRETAX_PROFIT":140967080.96,"NETCASH_OPERATE":290986191.88,"NETCASH_INVEST":-34177119.56,"NETCASH_FINANCE":-373528275.86,"END_CASH":267197330.52,"DIVI_RATIO":0.000002699461,"DIVIDEND_RATE":9.177215189873,"CURRENT_RATIO":0.776310590095,"COMMON_ACS":null,"CURRENTDEBT_DEBT":62.125541273143,"ISSUED_COMMON_SHARES":1346698490,"HK_COMMON_SHARES":1346698490,"PER_SHARES":1000,"TOTAL_MARKET_CAP":1063891807.1,"HKSK_MARKET_CAP":1063891807.1,"PE_TTM":14.556313034972,"PB_TTM":0.736134531957,"REPORT_DATE_SQ":"2020-06-30 00:00:00","REPORT_TYPE_SQ":"2020年中报","OPERATE_INCOME_SQ":725782298.88,"DPS_HKD":0.0725,"OPERATE_INCOME_QOQ_SQ":null,"NET_PROFIT_RATIO_SQ":18.9153391109,"HOLDER_PROFIT_SQ":137284183.04,"HOLDER_PROFIT_QOQ_SQ":0,"ROE_AVG_SQ":null,"PE_TTM_SQ":11.608802833569,"PB_TTM_SQ":1.104459621811,"ROA_SQ":null,"START_DATE":"2021-04-01 00:00:00","FISCAL_YEAR":"3-31","CURRENCY":"HKD","IS_CNY_CODE":0,"DPS_HKD_LY":null,"ORG_TYPE":"一般企业","PREMIUM_INCOME":null,"PREMIUM_INCOME_YOY":null,"NET_INTEREST_INCOME":null,"NET_INTEREST_INCOME_YOY":null,"FEE_COMMISSION_INCOME":null,"FEE_COMMISSION_INCOME_YOY":null,"ACCOUNTS_RECE_TDAYS":52.047047421863,"INVENTORY_TDAYS":18.574393502933,"CURRENT_ASSETS_TDAYS":2.416713968228,"TOTAL_ASSETS_TDAYS":0.877293718909,"PREMIUM_EXPENSE":null,"LOAN_DEPOSIT":null,"LOAN_EQUITY":null,"LOAN_ASSETS":null,"DEPOSIT_EQUITY":null,"DEPOSIT_ASSETS":null,"EQUITY_MULTIPLIER":3.153140256214,"EQUITY_RATIO":2.153140256213},{"SECUCODE":"02217.HK","SECURITY_CODE":"02217","SECURITY_NAME_ABBR":"谭仔国际","ORG_CODE":"10000191733","STD_REPORT_DATE":"2020-12-31 00:00:00","REPORT_DATE":"2021-03-31 00:00:00","DATE_TYPE_CODE":"001","REPORT_TYPE":"2020年年报","PER_NETCASH_OPERATE":null,"PER_OI":151683.862974,"BPS":0.342336253247,"BASIC_EPS":0.24341184,"DILUTED_EPS":0.24341184,"OPERATE_INCOME":1516838629.74,"OPERATE_INCOME_YOY":6.1208186715,"GROSS_PROFIT":1169077486.22,"GROSS_PROFIT_YOY":-2.022634061553,"HOLDER_PROFIT":243236042.56,"HOLDER_PROFIT_YOY":50.7585282038,"GROSS_PROFIT_RATIO":77.073293315347,"EPS_TTM":21284.271226,"OPERATE_INCOME_QOQ":null,"NET_PROFIT_RATIO":16.0357231014,"ROE_AVG":62.426073045742,"GROSS_PROFIT_QOQ":null,"ROA":20.483678794461,"HOLDER_PROFIT_QOQ":22.027673461996,"ROE_YEARLY":62.426073045742,"ROIC_YEARLY":28.409997872646,"TOTAL_ASSETS":1187462686.76,"TOTAL_LIABILITIES":726438971.44,"TAX_EBT":10.13548747701,"OCF_SALES":39.411531665862,"TOTAL_PARENT_EQUITY":461023715.32,"DEBT_ASSET_RATIO":61.1757303652,"OPERATE_PROFIT":282915553.2,"PRETAX_PROFIT":270669740.18,"NETCASH_OPERATE":597809336.88,"NETCASH_INVEST":-101877997.2,"NETCASH_FINANCE":-361133581.48,"END_CASH":389502048.18,"DIVI_RATIO":0.000003084936,"DIVIDEND_RATE":9.177215189873,"CURRENT_RATIO":1.051987378106,"COMMON_ACS":null,"CURRENTDEBT_DEBT":61.20594572709,"ISSUED_COMMON_SHARES":1346698490,"HK_COMMON_SHARES":1346698490,"PER_SHARES":1000,"TOTAL_MARKET_CAP":1063891807.1,"HKSK_MARKET_CAP":1063891807.1,"PE_TTM":14.556313034972,"PB_TTM":0.736134531957,"REPORT_DATE_SQ":"2019-12-31 00:00:00","REPORT_TYPE_SQ":"2019年年报","OPERATE_INCOME_SQ":1545230252.3,"DPS_HKD":0.0725,"OPERATE_INCOME_QOQ_SQ":null,"NET_PROFIT_RATIO_SQ":null,"HOLDER_PROFIT_SQ":174421675.2,"HOLDER_PROFIT_QOQ_SQ":0,"ROE_AVG_SQ":52.123126743219,"PE_TTM_SQ":11.608802833569,"PB_TTM_SQ":1.104459621811,"ROA_SQ":null,"START_DATE":"2020-04-01 00:00:00","FISCAL_YEAR":"3-31","CURRENCY":"HKD","IS_CNY_CODE":0,"DPS_HKD_LY":null,"ORG_TYPE":"一般企业","PREMIUM_INCOME":null,"PREMIUM_INCOME_YOY":null,"NET_INTEREST_INCOME":null,"NET_INTEREST_INCOME_YOY":null,"FEE_COMMISSION_INCOME":null,"FEE_COMMISSION_INCOME_YOY":null,"ACCOUNTS_RECE_TDAYS":87.116790447066,"INVENTORY_TDAYS":30.241364104072,"CURRENT_ASSETS_TDAYS":3.865415307078,"TOTAL_ASSETS_TDAYS":2.554755861641,"PREMIUM_EXPENSE":null,"LOAN_DEPOSIT":null,"LOAN_EQUITY":null,"LOAN_ASSETS":null,"DEPOSIT_EQUITY":null,"DEPOSIT_ASSETS":null,"EQUITY_MULTIPLIER":2.575708466396,"EQUITY_RATIO":1.575708466398},{"SECUCODE":"02217.HK","SECURITY_CODE":"02217","SECURITY_NAME_ABBR":"谭仔国际","ORG_CODE":"10000191733","STD_REPORT_DATE":"2020-09-30 00:00:00","REPORT_DATE":"2020-12-31 00:00:00","DATE_TYPE_CODE":"004","REPORT_TYPE":"2020年三季报","PER_NETCASH_OPERATE":null,"PER_OI":null,"BPS":0.330718580935,"BASIC_EPS":0.19526048,"DILUTED_EPS":0.19526048,"OPERATE_INCOME":null,"OPERATE_INCOME_YOY":null,"GROSS_PROFIT":null,"GROSS_PROFIT_YOY":null,"HOLDER_PROFIT":194898574.8,"HOLDER_PROFIT_YOY":32.5658478501,"GROSS_PROFIT_RATIO":null,"EPS_TTM":17442.16752,"OPERATE_INCOME_QOQ":null,"NET_PROFIT_RATIO":null,"ROE_AVG":51.134444039615,"GROSS_PROFIT_QOQ":null,"ROA":null,"HOLDER_PROFIT_QOQ":0,"ROE_YEARLY":68.179258719486,"ROIC_YEARLY":18.459051427793,"TOTAL_ASSETS":null,"TOTAL_LIABILITIES":null,"TAX_EBT":9.666119235885,"OCF_SALES":null,"TOTAL_PARENT_EQUITY":445378213.56,"DEBT_ASSET_RATIO":null,"OPERATE_PROFIT":null,"PRETAX_PROFIT":215753572.36,"NETCASH_OPERATE":444858921.68,"NETCASH_INVEST":-79088910.8,"NETCASH_FINANCE":-258072073.2,"END_CASH":361335409.72,"DIVI_RATIO":0.000003764476,"DIVIDEND_RATE":9.177215189873,"CURRENT_RATIO":1.014715537299,"COMMON_ACS":null,"CURRENTDEBT_DEBT":null,"ISSUED_COMMON_SHARES":1346698490,"HK_COMMON_SHARES":1346698490,"PER_SHARES":1000,"TOTAL_MARKET_CAP":1063891807.1,"HKSK_MARKET_CAP":1063891807.1,"PE_TTM":14.556313034972,"PB_TTM":0.736134531957,"REPORT_DATE_SQ":"2019-09-30 00:00:00","REPORT_TYPE_SQ":"2019年三季报","OPERATE_INCOME_SQ":null,"DPS_HKD":0.0725,"OPERATE_INCOME_QOQ_SQ":null,"NET_PROFIT_RATIO_SQ":null,"HOLDER_PROFIT_SQ":156477537.74,"HOLDER_PROFIT_QOQ_SQ":0,"ROE_AVG_SQ":null,"PE_TTM_SQ":11.608802833569,"PB_TTM_SQ":1.104459621811,"ROA_SQ":null,"START_DATE":"2020-04-01 00:00:00","FISCAL_YEAR":"3-31","CURRENCY":"HKD","IS_CNY_CODE":0,"DPS_HKD_LY":null,"ORG_TYPE":"一般企业","PREMIUM_INCOME":null,"PREMIUM_INCOME_YOY":null,"NET_INTEREST_INCOME":null,"NET_INTEREST_INCOME_YOY":null,"FEE_COMMISSION_INCOME":null,"FEE_COMMISSION_INCOME_YOY":null,"ACCOUNTS_RECE_TDAYS":null,"INVENTORY_TDAYS":null,"CURRENT_ASSETS_TDAYS":null,"TOTAL_ASSETS_TDAYS":null,"PREMIUM_EXPENSE":null,"LOAN_DEPOSIT":null,"LOAN_EQUITY":null,"LOAN_ASSETS":null,"DEPOSIT_EQUITY":null,"DEPOSIT_ASSETS":null,"EQUITY_MULTIPLIER":null,"EQUITY_RATIO":1.677810343948}],"count":13},"success":true,"message":"ok","code":0}