{"version":"90cf219ce0cf9d377f93293f241de90e","result":{"pages":2,"data":[{"SECUCODE":"02215.HK","SECURITY_CODE":"02215","SECURITY_NAME_ABBR":"德信服务集团","ORG_CODE":"10000161559","STD_REPORT_DATE":"2024-06-30 00:00:00","REPORT_DATE":"2024-06-30 00:00:00","DATE_TYPE_CODE":"002","REPORT_TYPE":"2024年中报","PER_NETCASH_OPERATE":-0.013932089236,"PER_OI":0.515565743272,"BPS":0.816727876489,"BASIC_EPS":0.045,"DILUTED_EPS":0.045,"OPERATE_INCOME":473228000,"OPERATE_INCOME_YOY":3.3199278637,"GROSS_PROFIT":101531000,"GROSS_PROFIT_YOY":-21.400425778982,"HOLDER_PROFIT":42169000,"HOLDER_PROFIT_YOY":-33.0810124574,"GROSS_PROFIT_RATIO":21.454985757394,"EPS_TTM":0.044582031876,"OPERATE_INCOME_QOQ":1.591284874108,"NET_PROFIT_RATIO":8.9774907656,"ROE_AVG":5.651071243111,"GROSS_PROFIT_QOQ":-12.229747963847,"ROA":2.871954903041,"HOLDER_PROFIT_QOQ":-33.749413117037,"ROE_YEARLY":11.302142486222,"ROIC_YEARLY":6.821398702981,"TOTAL_ASSETS":1511957000,"TOTAL_LIABILITIES":746533000,"TAX_EBT":23.916975590537,"OCF_SALES":-2.702291495854,"TOTAL_PARENT_EQUITY":749659000,"DEBT_ASSET_RATIO":49.3752798525,"OPERATE_PROFIT":46783000,"PRETAX_PROFIT":55839000,"NETCASH_OPERATE":-12788000,"NETCASH_INVEST":23804000,"NETCASH_FINANCE":-38646000,"END_CASH":202098000,"DIVI_RATIO":null,"DIVIDEND_RATE":null,"CURRENT_RATIO":2.010855249759,"COMMON_ACS":5000000000,"CURRENTDEBT_DEBT":98.657393578047,"ISSUED_COMMON_SHARES":917881000,"HK_COMMON_SHARES":917881000,"PER_SHARES":1000,"TOTAL_MARKET_CAP":1000490290,"HKSK_MARKET_CAP":1000490290,"PE_TTM":21.742715439626,"PB_TTM":1.218057113804,"REPORT_DATE_SQ":"2023-06-30 00:00:00","REPORT_TYPE_SQ":"2023年中报","OPERATE_INCOME_SQ":458022000,"DPS_HKD":null,"OPERATE_INCOME_QOQ_SQ":-2.829760577177,"NET_PROFIT_RATIO_SQ":13.8104719861,"HOLDER_PROFIT_SQ":63015000,"HOLDER_PROFIT_QOQ_SQ":-18.340804602411,"ROE_AVG_SQ":8.190318488557,"PE_TTM_SQ":17.837336714678,"PB_TTM_SQ":2.232375203662,"ROA_SQ":4.683493500412,"START_DATE":"2024-01-01 00:00:00","FISCAL_YEAR":"12-31","CURRENCY":"HKD","IS_CNY_CODE":0,"DPS_HKD_LY":null,"ORG_TYPE":"一般企业","PREMIUM_INCOME":null,"PREMIUM_INCOME_YOY":null,"NET_INTEREST_INCOME":null,"NET_INTEREST_INCOME_YOY":null,"FEE_COMMISSION_INCOME":null,"FEE_COMMISSION_INCOME_YOY":null,"ACCOUNTS_RECE_TDAYS":0.392487770732,"INVENTORY_TDAYS":22.451571985141,"CURRENT_ASSETS_TDAYS":0.329045861704,"TOTAL_ASSETS_TDAYS":0.322295874898,"PREMIUM_EXPENSE":null,"LOAN_DEPOSIT":null,"LOAN_EQUITY":null,"LOAN_ASSETS":null,"DEPOSIT_EQUITY":null,"DEPOSIT_ASSETS":null,"EQUITY_MULTIPLIER":1.975319561444,"EQUITY_RATIO":0.995830104087},{"SECUCODE":"02215.HK","SECURITY_CODE":"02215","SECURITY_NAME_ABBR":"德信服务集团","ORG_CODE":"10000161559","STD_REPORT_DATE":"2023-12-31 00:00:00","REPORT_DATE":"2023-12-31 00:00:00","DATE_TYPE_CODE":"001","REPORT_TYPE":"2023年年报","PER_NETCASH_OPERATE":0.150990922941,"PER_OI":1.01949412573,"BPS":0.809218188414,"BASIC_EPS":0.065,"DILUTED_EPS":0.065,"OPERATE_INCOME":955580000,"OPERATE_INCOME_YOY":-0.3147307993,"GROSS_PROFIT":226039000,"GROSS_PROFIT_YOY":-16.705727151459,"HOLDER_PROFIT":61767000,"HOLDER_PROFIT_YOY":-49.3808544291,"GROSS_PROFIT_RATIO":23.654639067373,"EPS_TTM":0.065898295971,"OPERATE_INCOME_QOQ":2.58827166922,"NET_PROFIT_RATIO":6.5402164131,"ROE_AVG":8.195659817821,"GROSS_PROFIT_QOQ":-8.272699604342,"ROA":4.509300473291,"HOLDER_PROFIT_QOQ":-38.011701775338,"ROE_YEARLY":8.195659817821,"ROIC_YEARLY":5.449141522234,"TOTAL_ASSETS":1424649000,"TOTAL_LIABILITIES":665616000,"TAX_EBT":28.33734663456,"OCF_SALES":14.810376943846,"TOTAL_PARENT_EQUITY":742766000,"DEBT_ASSET_RATIO":46.7214029561,"OPERATE_PROFIT":65407000,"PRETAX_PROFIT":87210000,"NETCASH_OPERATE":141525000,"NETCASH_INVEST":-6246000,"NETCASH_FINANCE":-115406000,"END_CASH":229728000,"DIVI_RATIO":null,"DIVIDEND_RATE":null,"CURRENT_RATIO":2.128358951127,"COMMON_ACS":5000000000,"CURRENTDEBT_DEBT":98.495078243312,"ISSUED_COMMON_SHARES":917881000,"HK_COMMON_SHARES":917881000,"PER_SHARES":1000,"TOTAL_MARKET_CAP":1450251980,"HKSK_MARKET_CAP":1450251980,"PE_TTM":31.51696366478,"PB_TTM":1.76562407322,"REPORT_DATE_SQ":"2022-12-31 00:00:00","REPORT_TYPE_SQ":"2022年年报","OPERATE_INCOME_SQ":958597000,"DPS_HKD":null,"OPERATE_INCOME_QOQ_SQ":6.612889233911,"NET_PROFIT_RATIO_SQ":13.0461497376,"HOLDER_PROFIT_SQ":122023000,"HOLDER_PROFIT_QOQ_SQ":2.998202091651,"ROE_AVG_SQ":15.250959098263,"PE_TTM_SQ":22.207484209774,"PB_TTM_SQ":2.779307128559,"ROA_SQ":9.557590468649,"START_DATE":"2023-01-01 00:00:00","FISCAL_YEAR":"12-31","CURRENCY":"HKD","IS_CNY_CODE":0,"DPS_HKD_LY":null,"ORG_TYPE":"一般企业","PREMIUM_INCOME":null,"PREMIUM_INCOME_YOY":null,"NET_INTEREST_INCOME":null,"NET_INTEREST_INCOME_YOY":null,"FEE_COMMISSION_INCOME":null,"FEE_COMMISSION_INCOME_YOY":null,"ACCOUNTS_RECE_TDAYS":1.002207188334,"INVENTORY_TDAYS":62.589310226493,"CURRENT_ASSETS_TDAYS":0.806449026646,"TOTAL_ASSETS_TDAYS":0.697621277748,"PREMIUM_EXPENSE":null,"LOAN_DEPOSIT":null,"LOAN_EQUITY":null,"LOAN_ASSETS":null,"DEPOSIT_EQUITY":null,"DEPOSIT_ASSETS":null,"EQUITY_MULTIPLIER":1.876926299647,"EQUITY_RATIO":0.896131486902},{"SECUCODE":"02215.HK","SECURITY_CODE":"02215","SECURITY_NAME_ABBR":"德信服务集团","ORG_CODE":"10000161559","STD_REPORT_DATE":"2023-06-30 00:00:00","REPORT_DATE":"2023-06-30 00:00:00","DATE_TYPE_CODE":"002","REPORT_TYPE":"2023年中报","PER_NETCASH_OPERATE":0.060609366364,"PER_OI":0.475863057762,"BPS":0.843490604991,"BASIC_EPS":0.065,"DILUTED_EPS":0.065,"OPERATE_INCOME":458022000,"OPERATE_INCOME_YOY":-5.5912834846,"GROSS_PROFIT":129175000,"GROSS_PROFIT_YOY":-16.187615167008,"HOLDER_PROFIT":63015000,"HOLDER_PROFIT_YOY":-26.2076233972,"GROSS_PROFIT_RATIO":28.202793752265,"EPS_TTM":0.103524334343,"OPERATE_INCOME_QOQ":-2.829760577177,"NET_PROFIT_RATIO":13.8104719861,"ROE_AVG":8.190318488557,"GROSS_PROFIT_QOQ":-9.193585236611,"ROA":4.683493500412,"HOLDER_PROFIT_QOQ":-18.340804602411,"ROE_YEARLY":16.380636977114,"ROIC_YEARLY":11.199077984344,"TOTAL_ASSETS":1376051000,"TOTAL_LIABILITIES":584935000,"TAX_EBT":21.085133988722,"OCF_SALES":12.736724436817,"TOTAL_PARENT_EQUITY":774224000,"DEBT_ASSET_RATIO":42.5082355232,"OPERATE_PROFIT":69212000,"PRETAX_PROFIT":80156000,"NETCASH_OPERATE":58337000,"NETCASH_INVEST":11759000,"NETCASH_FINANCE":-83131000,"END_CASH":196820000,"DIVI_RATIO":null,"DIVIDEND_RATE":null,"CURRENT_RATIO":1.778997082453,"COMMON_ACS":5000000000,"CURRENTDEBT_DEBT":99.907682050142,"ISSUED_COMMON_SHARES":917881000,"HK_COMMON_SHARES":917881000,"PER_SHARES":1000,"TOTAL_MARKET_CAP":1450251980,"HKSK_MARKET_CAP":1450251980,"PE_TTM":31.51696366478,"PB_TTM":1.76562407322,"REPORT_DATE_SQ":"2022-06-30 00:00:00","REPORT_TYPE_SQ":"2022年中报","OPERATE_INCOME_SQ":485148000,"DPS_HKD":null,"OPERATE_INCOME_QOQ_SQ":3.299089407207,"NET_PROFIT_RATIO_SQ":18.2626744828,"HOLDER_PROFIT_SQ":85395000,"HOLDER_PROFIT_QOQ_SQ":20.61554437906,"ROE_AVG_SQ":9.842385823368,"PE_TTM_SQ":22.207484209774,"PB_TTM_SQ":2.779307128559,"ROA_SQ":6.491749142302,"START_DATE":"2023-01-01 00:00:00","FISCAL_YEAR":"12-31","CURRENCY":"HKD","IS_CNY_CODE":0,"DPS_HKD_LY":null,"ORG_TYPE":"一般企业","PREMIUM_INCOME":null,"PREMIUM_INCOME_YOY":null,"NET_INTEREST_INCOME":null,"NET_INTEREST_INCOME_YOY":null,"FEE_COMMISSION_INCOME":null,"FEE_COMMISSION_INCOME_YOY":null,"ACCOUNTS_RECE_TDAYS":null,"INVENTORY_TDAYS":44.662094255059,"CURRENT_ASSETS_TDAYS":0.454808098571,"TOTAL_ASSETS_TDAYS":0.340417846552,"PREMIUM_EXPENSE":null,"LOAN_DEPOSIT":null,"LOAN_EQUITY":null,"LOAN_ASSETS":null,"DEPOSIT_EQUITY":null,"DEPOSIT_ASSETS":null,"EQUITY_MULTIPLIER":1.739379560013,"EQUITY_RATIO":0.755511324888},{"SECUCODE":"02215.HK","SECURITY_CODE":"02215","SECURITY_NAME_ABBR":"德信服务集团","ORG_CODE":"10000161559","STD_REPORT_DATE":"2022-12-31 00:00:00","REPORT_DATE":"2022-12-31 00:00:00","DATE_TYPE_CODE":"001","REPORT_TYPE":"2022年年报","PER_NETCASH_OPERATE":-0.228401172383,"PER_OI":0.979298388637,"BPS":0.832944575604,"BASIC_EPS":0.122,"DILUTED_EPS":0.122,"OPERATE_INCOME":958597000,"OPERATE_INCOME_YOY":10.1301437693,"GROSS_PROFIT":271374000,"GROSS_PROFIT_YOY":-9.264348907657,"HOLDER_PROFIT":122023000,"HOLDER_PROFIT_YOY":24.2318421535,"GROSS_PROFIT_RATIO":28.309498151987,"EPS_TTM":0.124658148603,"OPERATE_INCOME_QOQ":6.612889233911,"NET_PROFIT_RATIO":13.0461497376,"ROE_AVG":15.250959098263,"GROSS_PROFIT_QOQ":-5.666463891544,"ROA":9.557590468649,"HOLDER_PROFIT_QOQ":2.998202091651,"ROE_YEARLY":15.250959098263,"ROIC_YEARLY":13.540192922477,"TOTAL_ASSETS":1314889000,"TOTAL_LIABILITIES":533693000,"TAX_EBT":23.119955246544,"OCF_SALES":-23.322939671207,"TOTAL_PARENT_EQUITY":764544000,"DEBT_ASSET_RATIO":40.5884451083,"OPERATE_PROFIT":153867000,"PRETAX_PROFIT":162669000,"NETCASH_OPERATE":-223573000,"NETCASH_INVEST":85793000,"NETCASH_FINANCE":-152348000,"END_CASH":209855000,"DIVI_RATIO":null,"DIVIDEND_RATE":null,"CURRENT_RATIO":1.829465688695,"COMMON_ACS":5000000000,"CURRENTDEBT_DEBT":99.807754645461,"ISSUED_COMMON_SHARES":917881000,"HK_COMMON_SHARES":917881000,"PER_SHARES":1000,"TOTAL_MARKET_CAP":1450251980,"HKSK_MARKET_CAP":1450251980,"PE_TTM":31.51696366478,"PB_TTM":1.76562407322,"REPORT_DATE_SQ":"2021-12-31 00:00:00","REPORT_TYPE_SQ":"2021年年报","OPERATE_INCOME_SQ":870422000,"DPS_HKD":null,"OPERATE_INCOME_QOQ_SQ":-0.738851934255,"NET_PROFIT_RATIO_SQ":12.6432925638,"HOLDER_PROFIT_SQ":98222000,"HOLDER_PROFIT_QOQ_SQ":-21.278812554099,"ROE_AVG_SQ":21.551089545345,"PE_TTM_SQ":22.207484209774,"PB_TTM_SQ":2.779307128559,"ROA_SQ":11.66892389574,"START_DATE":"2022-01-01 00:00:00","FISCAL_YEAR":"12-31","CURRENCY":"HKD","IS_CNY_CODE":0,"DPS_HKD_LY":0.059,"ORG_TYPE":"一般企业","PREMIUM_INCOME":null,"PREMIUM_INCOME_YOY":null,"NET_INTEREST_INCOME":null,"NET_INTEREST_INCOME_YOY":null,"FEE_COMMISSION_INCOME":null,"FEE_COMMISSION_INCOME_YOY":null,"ACCOUNTS_RECE_TDAYS":1.266825868385,"INVENTORY_TDAYS":84.332187998527,"CURRENT_ASSETS_TDAYS":0.878134421127,"TOTAL_ASSETS_TDAYS":0.750832019412,"PREMIUM_EXPENSE":null,"LOAN_DEPOSIT":null,"LOAN_EQUITY":null,"LOAN_ASSETS":null,"DEPOSIT_EQUITY":null,"DEPOSIT_ASSETS":null,"EQUITY_MULTIPLIER":1.683174261005,"EQUITY_RATIO":0.698054003432},{"SECUCODE":"02215.HK","SECURITY_CODE":"02215","SECURITY_NAME_ABBR":"德信服务集团","ORG_CODE":"10000161559","STD_REPORT_DATE":"2022-06-30 00:00:00","REPORT_DATE":"2022-06-30 00:00:00","DATE_TYPE_CODE":"002","REPORT_TYPE":"2022年中报","PER_NETCASH_OPERATE":-0.04067065873,"PER_OI":0.477108248898,"BPS":0.980075848612,"BASIC_EPS":0.084,"DILUTED_EPS":0.084,"OPERATE_INCOME":485148000,"OPERATE_INCOME_YOY":6.2914081397,"GROSS_PROFIT":154124000,"GROSS_PROFIT_YOY":-6.891156339296,"HOLDER_PROFIT":85395000,"HOLDER_PROFIT_YOY":31.0824916342,"GROSS_PROFIT_RATIO":31.768450039988,"EPS_TTM":0.116507728271,"OPERATE_INCOME_QOQ":3.299089407207,"NET_PROFIT_RATIO":18.2626744828,"ROE_AVG":9.842385823368,"GROSS_PROFIT_QOQ":-3.814004186143,"ROA":6.491749142302,"HOLDER_PROFIT_QOQ":20.61554437906,"ROE_YEARLY":19.684771646737,"ROIC_YEARLY":27.039200428726,"TOTAL_ASSETS":1392341000,"TOTAL_LIABILITIES":476327000,"TAX_EBT":21.480162000727,"OCF_SALES":-8.524409046312,"TOTAL_PARENT_EQUITY":899593000,"DEBT_ASSET_RATIO":34.2105130855,"OPERATE_PROFIT":104667000,"PRETAX_PROFIT":112839000,"NETCASH_OPERATE":-41356000,"NETCASH_INVEST":356390000,"NETCASH_FINANCE":11626000,"END_CASH":826643000,"DIVI_RATIO":null,"DIVIDEND_RATE":null,"CURRENT_RATIO":2.863817139294,"COMMON_ACS":5000000000,"CURRENTDEBT_DEBT":99.663046604539,"ISSUED_COMMON_SHARES":917881000,"HK_COMMON_SHARES":917881000,"PER_SHARES":1000,"TOTAL_MARKET_CAP":1450251980,"HKSK_MARKET_CAP":1450251980,"PE_TTM":31.51696366478,"PB_TTM":1.76562407322,"REPORT_DATE_SQ":"2021-06-30 00:00:00","REPORT_TYPE_SQ":"2021年中报","OPERATE_INCOME_SQ":456432000,"DPS_HKD":null,"OPERATE_INCOME_QOQ_SQ":26.661408974765,"NET_PROFIT_RATIO_SQ":15.9116801627,"HOLDER_PROFIT_SQ":65146000,"HOLDER_PROFIT_QOQ_SQ":28.379462907707,"ROE_AVG_SQ":60.073955903101,"PE_TTM_SQ":22.207484209774,"PB_TTM_SQ":2.779307128559,"ROA_SQ":12.981557683302,"START_DATE":"2022-01-01 00:00:00","FISCAL_YEAR":"12-31","CURRENCY":"HKD","IS_CNY_CODE":0,"DPS_HKD_LY":0.059,"ORG_TYPE":"一般企业","PREMIUM_INCOME":null,"PREMIUM_INCOME_YOY":null,"NET_INTEREST_INCOME":null,"NET_INTEREST_INCOME_YOY":null,"FEE_COMMISSION_INCOME":null,"FEE_COMMISSION_INCOME_YOY":null,"ACCOUNTS_RECE_TDAYS":null,"INVENTORY_TDAYS":39.109640831758,"CURRENT_ASSETS_TDAYS":0.377800075459,"TOTAL_ASSETS_TDAYS":0.368810716422,"PREMIUM_EXPENSE":null,"LOAN_DEPOSIT":null,"LOAN_EQUITY":null,"LOAN_ASSETS":null,"DEPOSIT_EQUITY":null,"DEPOSIT_ASSETS":null,"EQUITY_MULTIPLIER":1.519999694327,"EQUITY_RATIO":0.529491670122},{"SECUCODE":"02215.HK","SECURITY_CODE":"02215","SECURITY_NAME_ABBR":"德信服务集团","ORG_CODE":"10000161559","STD_REPORT_DATE":"2021-12-31 00:00:00","REPORT_DATE":"2021-12-31 00:00:00","DATE_TYPE_CODE":"001","REPORT_TYPE":"2021年年报","PER_NETCASH_OPERATE":0.003076163568,"PER_OI":0.8559975847,"BPS":0.910419760296,"BASIC_EPS":0.118,"DILUTED_EPS":0.118,"OPERATE_INCOME":870422000,"OPERATE_INCOME_YOY":25.7255687046,"GROSS_PROFIT":299082000,"GROSS_PROFIT_YOY":26.860284106092,"HOLDER_PROFIT":98222000,"HOLDER_PROFIT_YOY":1.0618376376,"GROSS_PROFIT_RATIO":34.36057452592,"EPS_TTM":0.096594289626,"OPERATE_INCOME_QOQ":-0.738851934255,"NET_PROFIT_RATIO":12.6432925638,"ROE_AVG":21.551089545345,"GROSS_PROFIT_QOQ":-4.928079851233,"ROA":11.66892389574,"HOLDER_PROFIT_QOQ":-21.278812554099,"ROE_YEARLY":21.551089545345,"ROIC_YEARLY":21.418423787006,"TOTAL_ASSETS":1238537000,"TOTAL_LIABILITIES":378326000,"TAX_EBT":24.325773933134,"OCF_SALES":0.359365916762,"TOTAL_PARENT_EQUITY":835657000,"DEBT_ASSET_RATIO":30.5462008806,"OPERATE_PROFIT":142242000,"PRETAX_PROFIT":145426000,"NETCASH_OPERATE":3128000,"NETCASH_INVEST":-390940000,"NETCASH_FINANCE":658583000,"END_CASH":499983000,"DIVI_RATIO":null,"DIVIDEND_RATE":null,"CURRENT_RATIO":3.199840108853,"COMMON_ACS":5000000000,"CURRENTDEBT_DEBT":99.849600608999,"ISSUED_COMMON_SHARES":917881000,"HK_COMMON_SHARES":917881000,"PER_SHARES":1000,"TOTAL_MARKET_CAP":1441073170,"HKSK_MARKET_CAP":1441073170,"PE_TTM":31.317489211205,"PB_TTM":1.754449237314,"REPORT_DATE_SQ":"2020-12-31 00:00:00","REPORT_TYPE_SQ":"2020年年报","OPERATE_INCOME_SQ":692319000,"DPS_HKD":null,"OPERATE_INCOME_QOQ_SQ":8.934663024597,"NET_PROFIT_RATIO_SQ":15.2829837113,"HOLDER_PROFIT_SQ":97190000,"HOLDER_PROFIT_QOQ_SQ":-3.384860082509,"ROE_AVG_SQ":85.749325051614,"PE_TTM_SQ":22.207484209774,"PB_TTM_SQ":2.779307128559,"ROA_SQ":21.847740200944,"START_DATE":"2021-01-01 00:00:00","FISCAL_YEAR":"12-31","CURRENCY":"HKD","IS_CNY_CODE":0,"DPS_HKD_LY":null,"ORG_TYPE":"一般企业","PREMIUM_INCOME":null,"PREMIUM_INCOME_YOY":null,"NET_INTEREST_INCOME":null,"NET_INTEREST_INCOME_YOY":null,"FEE_COMMISSION_INCOME":null,"FEE_COMMISSION_INCOME_YOY":null,"ACCOUNTS_RECE_TDAYS":null,"INVENTORY_TDAYS":71.43535883971,"CURRENT_ASSETS_TDAYS":1.068362288894,"TOTAL_ASSETS_TDAYS":1.034074654882,"PREMIUM_EXPENSE":null,"LOAN_DEPOSIT":null,"LOAN_EQUITY":null,"LOAN_ASSETS":null,"DEPOSIT_EQUITY":null,"DEPOSIT_ASSETS":null,"EQUITY_MULTIPLIER":1.439806047587,"EQUITY_RATIO":0.452728810983},{"SECUCODE":"02215.HK","SECURITY_CODE":"02215","SECURITY_NAME_ABBR":"德信服务集团","ORG_CODE":"10000161559","STD_REPORT_DATE":"2021-06-30 00:00:00","REPORT_DATE":"2021-06-30 00:00:00","DATE_TYPE_CODE":"002","REPORT_TYPE":"2021年中报","PER_NETCASH_OPERATE":26258.3095916429,"PER_OI":433458.68945869,"BPS":0.15363211571,"BASIC_EPS":0.087,"DILUTED_EPS":0.087,"OPERATE_INCOME":456432000,"OPERATE_INCOME_YOY":67.8984734228,"GROSS_PROFIT":165531000,"GROSS_PROFIT_YOY":90.91726929864,"HOLDER_PROFIT":65146000,"HOLDER_PROFIT_YOY":73.4266851241,"GROSS_PROFIT_RATIO":36.26630034704,"EPS_TTM":118491.927825261,"OPERATE_INCOME_QOQ":26.661408974765,"NET_PROFIT_RATIO":15.9116801627,"ROE_AVG":60.073955903101,"GROSS_PROFIT_QOQ":33.436122787446,"ROA":12.981557683302,"HOLDER_PROFIT_QOQ":28.379462907707,"ROE_YEARLY":120.147911806202,"ROIC_YEARLY":53.427592555763,"TOTAL_ASSETS":558727000,"TOTAL_LIABILITIES":397673000,"TAX_EBT":22.565305469666,"OCF_SALES":6.057857468363,"TOTAL_PARENT_EQUITY":141016000,"DEBT_ASSET_RATIO":71.1748313577,"OPERATE_PROFIT":92913000,"PRETAX_PROFIT":93790000,"NETCASH_OPERATE":27650000,"NETCASH_INVEST":1381000,"NETCASH_FINANCE":-4114000,"END_CASH":254129000,"DIVI_RATIO":null,"DIVIDEND_RATE":null,"CURRENT_RATIO":1.356180172893,"COMMON_ACS":5000000000,"CURRENTDEBT_DEBT":99.483746696406,"ISSUED_COMMON_SHARES":917881000,"HK_COMMON_SHARES":917881000,"PER_SHARES":1000,"TOTAL_MARKET_CAP":1450251980,"HKSK_MARKET_CAP":1450251980,"PE_TTM":31.51696366478,"PB_TTM":1.76562407322,"REPORT_DATE_SQ":"2020-06-30 00:00:00","REPORT_TYPE_SQ":"2020年中报","OPERATE_INCOME_SQ":271850000,"DPS_HKD":null,"OPERATE_INCOME_QOQ_SQ":0,"NET_PROFIT_RATIO_SQ":14.706639691,"HOLDER_PROFIT_SQ":37564000,"HOLDER_PROFIT_QOQ_SQ":0,"ROE_AVG_SQ":null,"PE_TTM_SQ":22.207484209774,"PB_TTM_SQ":2.779307128559,"ROA_SQ":null,"START_DATE":"2021-01-01 00:00:00","FISCAL_YEAR":"12-31","CURRENCY":"HKD","IS_CNY_CODE":0,"DPS_HKD_LY":null,"ORG_TYPE":"一般企业","PREMIUM_INCOME":null,"PREMIUM_INCOME_YOY":null,"NET_INTEREST_INCOME":null,"NET_INTEREST_INCOME_YOY":null,"FEE_COMMISSION_INCOME":null,"FEE_COMMISSION_INCOME_YOY":null,"ACCOUNTS_RECE_TDAYS":1.663145544183,"INVENTORY_TDAYS":37.855553386687,"CURRENT_ASSETS_TDAYS":0.953660648899,"TOTAL_ASSETS_TDAYS":0.909526039435,"PREMIUM_EXPENSE":null,"LOAN_DEPOSIT":null,"LOAN_EQUITY":null,"LOAN_ASSETS":null,"DEPOSIT_EQUITY":null,"DEPOSIT_ASSETS":null,"EQUITY_MULTIPLIER":3.469190457857,"EQUITY_RATIO":2.820055880184},{"SECUCODE":"02215.HK","SECURITY_CODE":"02215","SECURITY_NAME_ABBR":"德信服务集团","ORG_CODE":"10000161559","STD_REPORT_DATE":"2020-12-31 00:00:00","REPORT_DATE":"2020-12-31 00:00:00","DATE_TYPE_CODE":"001","REPORT_TYPE":"2020年年报","PER_NETCASH_OPERATE":null,"PER_OI":null,"BPS":0.08265777372,"BASIC_EPS":0.136,"DILUTED_EPS":0.136,"OPERATE_INCOME":692319000,"OPERATE_INCOME_YOY":34.9944428195,"GROSS_PROFIT":235757000,"GROSS_PROFIT_YOY":62.674054344976,"HOLDER_PROFIT":97190000,"HOLDER_PROFIT_YOY":96.7568224148,"GROSS_PROFIT_RATIO":34.053232686088,"EPS_TTM":null,"OPERATE_INCOME_QOQ":8.934663024597,"NET_PROFIT_RATIO":15.2829837113,"ROE_AVG":85.749325051614,"GROSS_PROFIT_QOQ":7.541110730984,"ROA":21.847740200944,"HOLDER_PROFIT_QOQ":-3.384860082509,"ROE_YEARLY":85.749325051614,"ROIC_YEARLY":35.670440219256,"TOTAL_ASSETS":444943000,"TOTAL_LIABILITIES":356515000,"TAX_EBT":22.383932042752,"OCF_SALES":37.315890507122,"TOTAL_PARENT_EQUITY":75870000,"DEBT_ASSET_RATIO":80.1259936666,"OPERATE_PROFIT":135790000,"PRETAX_PROFIT":136321000,"NETCASH_OPERATE":258345000,"NETCASH_INVEST":65274000,"NETCASH_FINANCE":-199165000,"END_CASH":229212000,"DIVI_RATIO":null,"DIVIDEND_RATE":null,"CURRENT_RATIO":1.188759752352,"COMMON_ACS":5000000000,"CURRENTDEBT_DEBT":99.263425101328,"ISSUED_COMMON_SHARES":917881000,"HK_COMMON_SHARES":917881000,"PER_SHARES":1000,"TOTAL_MARKET_CAP":1441073170,"HKSK_MARKET_CAP":1441073170,"PE_TTM":31.317489211205,"PB_TTM":1.754449237314,"REPORT_DATE_SQ":"2019-12-31 00:00:00","REPORT_TYPE_SQ":"2019年年报","OPERATE_INCOME_SQ":512850000,"DPS_HKD":null,"OPERATE_INCOME_QOQ_SQ":28.910874663489,"NET_PROFIT_RATIO_SQ":9.8566832407,"HOLDER_PROFIT_SQ":49396000,"HOLDER_PROFIT_QOQ_SQ":120.902464111623,"ROE_AVG_SQ":39.607262988666,"PE_TTM_SQ":22.207484209774,"PB_TTM_SQ":2.779307128559,"ROA_SQ":12.987122251844,"START_DATE":"2020-01-01 00:00:00","FISCAL_YEAR":"12-31","CURRENCY":"HKD","IS_CNY_CODE":0,"DPS_HKD_LY":null,"ORG_TYPE":"一般企业","PREMIUM_INCOME":null,"PREMIUM_INCOME_YOY":null,"NET_INTEREST_INCOME":null,"NET_INTEREST_INCOME_YOY":null,"FEE_COMMISSION_INCOME":null,"FEE_COMMISSION_INCOME_YOY":null,"ACCOUNTS_RECE_TDAYS":null,"INVENTORY_TDAYS":31.74537616465,"CURRENT_ASSETS_TDAYS":1.719696856789,"TOTAL_ASSETS_TDAYS":1.556292380716,"PREMIUM_EXPENSE":null,"LOAN_DEPOSIT":null,"LOAN_EQUITY":null,"LOAN_ASSETS":null,"DEPOSIT_EQUITY":null,"DEPOSIT_ASSETS":null,"EQUITY_MULTIPLIER":5.031698104672,"EQUITY_RATIO":4.699024647423},{"SECUCODE":"02215.HK","SECURITY_CODE":"02215","SECURITY_NAME_ABBR":"德信服务集团","ORG_CODE":"10000161559","STD_REPORT_DATE":"2020-09-30 00:00:00","REPORT_DATE":"2020-09-30 00:00:00","DATE_TYPE_CODE":"004","REPORT_TYPE":"2020年三季报","PER_NETCASH_OPERATE":null,"PER_OI":null,"BPS":0.112797846344,"BASIC_EPS":null,"DILUTED_EPS":null,"OPERATE_INCOME":497902000,"OPERATE_INCOME_YOY":32.6974329453,"GROSS_PROFIT":167415000,"GROSS_PROFIT_YOY":79.791872503114,"HOLDER_PROFIT":76563000,"HOLDER_PROFIT_YOY":201.8569626242,"GROSS_PROFIT_RATIO":33.624086667658,"EPS_TTM":null,"OPERATE_INCOME_QOQ":23.922394462318,"NET_PROFIT_RATIO":16.2005776237,"ROE_AVG":60.203106754892,"GROSS_PROFIT_QOQ":51.266853428646,"ROA":16.324907515006,"HOLDER_PROFIT_QOQ":103.650093124949,"ROE_YEARLY":80.270809006523,"ROIC_YEARLY":23.922909756734,"TOTAL_ASSETS":493230000,"TOTAL_LIABILITIES":382757000,"TAX_EBT":22.332630443783,"OCF_SALES":28.7251306482,"TOTAL_PARENT_EQUITY":103535000,"DEBT_ASSET_RATIO":77.6021328792,"OPERATE_PROFIT":null,"PRETAX_PROFIT":103857000,"NETCASH_OPERATE":143023000,"NETCASH_INVEST":37903000,"NETCASH_FINANCE":-97678000,"END_CASH":187971000,"DIVI_RATIO":null,"DIVIDEND_RATE":null,"CURRENT_RATIO":1.234989108817,"COMMON_ACS":5000000000,"CURRENTDEBT_DEBT":99.312096186353,"ISSUED_COMMON_SHARES":917881000,"HK_COMMON_SHARES":917881000,"PER_SHARES":1000,"TOTAL_MARKET_CAP":1450251980,"HKSK_MARKET_CAP":1450251980,"PE_TTM":31.51696366478,"PB_TTM":1.76562407322,"REPORT_DATE_SQ":"2019-09-30 00:00:00","REPORT_TYPE_SQ":"2019年三季报","OPERATE_INCOME_SQ":375216000,"DPS_HKD":null,"OPERATE_INCOME_QOQ_SQ":0,"NET_PROFIT_RATIO_SQ":6.9765148608,"HOLDER_PROFIT_SQ":25364000,"HOLDER_PROFIT_QOQ_SQ":0,"ROE_AVG_SQ":null,"PE_TTM_SQ":22.207484209774,"PB_TTM_SQ":2.779307128559,"ROA_SQ":null,"START_DATE":"2020-01-01 00:00:00","FISCAL_YEAR":"12-31","CURRENCY":"HKD","IS_CNY_CODE":0,"DPS_HKD_LY":null,"ORG_TYPE":"一般企业","PREMIUM_INCOME":null,"PREMIUM_INCOME_YOY":null,"NET_INTEREST_INCOME":null,"NET_INTEREST_INCOME_YOY":null,"FEE_COMMISSION_INCOME":null,"FEE_COMMISSION_INCOME_YOY":null,"ACCOUNTS_RECE_TDAYS":2.0305830103,"INVENTORY_TDAYS":22.50737222052,"CURRENT_ASSETS_TDAYS":1.166150617619,"TOTAL_ASSETS_TDAYS":1.061636051557,"PREMIUM_EXPENSE":null,"LOAN_DEPOSIT":null,"LOAN_EQUITY":null,"LOAN_ASSETS":null,"DEPOSIT_EQUITY":null,"DEPOSIT_ASSETS":null,"EQUITY_MULTIPLIER":4.464710834325,"EQUITY_RATIO":3.696885111315}],"count":13},"success":true,"message":"ok","code":0}