{"version":"1fd9c208d44bf867a1bd0c5441776fb0","result":{"pages":2,"data":[{"SECUCODE":"02219.HK","SECURITY_CODE":"02219","SECURITY_NAME_ABBR":"朝聚眼科","ORG_CODE":"10000151596","STD_REPORT_DATE":"2024-06-30 00:00:00","REPORT_DATE":"2024-06-30 00:00:00","DATE_TYPE_CODE":"002","REPORT_TYPE":"2024年中报","PER_NETCASH_OPERATE":0.246578750054,"PER_OI":1.037822611591,"BPS":3.286333444754,"BASIC_EPS":0.2,"DILUTED_EPS":0.2,"OPERATE_INCOME":734287000,"OPERATE_INCOME_YOY":6.0054454531,"GROSS_PROFIT":335974000,"GROSS_PROFIT_YOY":4.04184292182,"HOLDER_PROFIT":136453000,"HOLDER_PROFIT_YOY":-9.401578881,"GROSS_PROFIT_RATIO":45.755133891789,"EPS_TTM":0.303527853727,"OPERATE_INCOME_QOQ":3.037520856076,"NET_PROFIT_RATIO":18.1972444017,"ROE_AVG":5.824825376471,"GROSS_PROFIT_QOQ":2.101317912077,"ROA":4.739219294606,"HOLDER_PROFIT_QOQ":-6.185729138454,"ROE_YEARLY":11.649650752942,"ROIC_YEARLY":15.469975925415,"TOTAL_ASSETS":2835653000,"TOTAL_LIABILITIES":494647000,"TAX_EBT":25.61790247161,"OCF_SALES":23.759238553863,"TOTAL_PARENT_EQUITY":2325168000,"DEBT_ASSET_RATIO":17.4438480308,"OPERATE_PROFIT":185258000,"PRETAX_PROFIT":179640000,"NETCASH_OPERATE":174461000,"NETCASH_INVEST":-18791000,"NETCASH_FINANCE":-224348000,"END_CASH":395734000,"DIVI_RATIO":0.622000082305,"DIVIDEND_RATE":6.563291139241,"CURRENT_RATIO":5.117826381646,"COMMON_ACS":1520000000,"CURRENTDEBT_DEBT":65.321532325072,"ISSUED_COMMON_SHARES":707526500,"HK_COMMON_SHARES":707526500,"PER_SHARES":500,"TOTAL_MARKET_CAP":2235783740,"HKSK_MARKET_CAP":2235783740,"PE_TTM":9.364423299735,"PB_TTM":0.877594695877,"REPORT_DATE_SQ":"2023-06-30 00:00:00","REPORT_TYPE_SQ":"2023年中报","OPERATE_INCOME_SQ":692688000,"DPS_HKD":0.2074,"OPERATE_INCOME_QOQ_SQ":16.155443596446,"NET_PROFIT_RATIO_SQ":21.2089714273,"HOLDER_PROFIT_SQ":150613000,"HOLDER_PROFIT_QOQ_SQ":25.041011547147,"ROE_AVG_SQ":6.58444975517,"PE_TTM_SQ":10.371702450277,"PB_TTM_SQ":1.048439677293,"ROA_SQ":5.422153453138,"START_DATE":"2024-01-01 00:00:00","FISCAL_YEAR":"12-31","CURRENCY":"HKD","IS_CNY_CODE":0,"DPS_HKD_LY":0.2074,"ORG_TYPE":"一般企业","PREMIUM_INCOME":null,"PREMIUM_INCOME_YOY":null,"NET_INTEREST_INCOME":null,"NET_INTEREST_INCOME_YOY":null,"FEE_COMMISSION_INCOME":null,"FEE_COMMISSION_INCOME_YOY":null,"ACCOUNTS_RECE_TDAYS":11.913861080914,"INVENTORY_TDAYS":7.486312505286,"CURRENT_ASSETS_TDAYS":0.434066711968,"TOTAL_ASSETS_TDAYS":0.255028993,"PREMIUM_EXPENSE":null,"LOAN_DEPOSIT":null,"LOAN_EQUITY":null,"LOAN_ASSETS":null,"DEPOSIT_EQUITY":null,"DEPOSIT_ASSETS":null,"EQUITY_MULTIPLIER":1.211296767288,"EQUITY_RATIO":0.212736025956},{"SECUCODE":"02219.HK","SECURITY_CODE":"02219","SECURITY_NAME_ABBR":"朝聚眼科","ORG_CODE":"10000151596","STD_REPORT_DATE":"2023-12-31 00:00:00","REPORT_DATE":"2023-12-31 00:00:00","DATE_TYPE_CODE":"001","REPORT_TYPE":"2023年年报","PER_NETCASH_OPERATE":0.526506270977,"PER_OI":1.935354177707,"BPS":3.335640431842,"BASIC_EPS":0.33,"DILUTED_EPS":0.33,"OPERATE_INCOME":1369505000,"OPERATE_INCOME_YOY":38.3276904865,"GROSS_PROFIT":621134000,"GROSS_PROFIT_YOY":42.888954835207,"HOLDER_PROFIT":228914000,"HOLDER_PROFIT_YOY":21.9236013465,"GROSS_PROFIT_RATIO":45.354635433971,"EPS_TTM":0.323496202084,"OPERATE_INCOME_QOQ":19.088426855886,"NET_PROFIT_RATIO":16.1178674046,"ROE_AVG":9.882377116767,"GROSS_PROFIT_QOQ":21.01199533201,"ROA":8.108954444562,"HOLDER_PROFIT_QOQ":-2.493110190103,"ROE_YEARLY":9.882377116767,"ROIC_YEARLY":14.246838611986,"TOTAL_ASSETS":2922806000,"TOTAL_LIABILITIES":544381000,"TAX_EBT":26.235287827244,"OCF_SALES":27.204646934476,"TOTAL_PARENT_EQUITY":2360054000,"DEBT_ASSET_RATIO":18.6252867963,"OPERATE_PROFIT":311463000,"PRETAX_PROFIT":299242000,"NETCASH_OPERATE":372569000,"NETCASH_INVEST":-654095000,"NETCASH_FINANCE":-204015000,"END_CASH":463437000,"DIVI_RATIO":0.583606078784,"DIVIDEND_RATE":7.277192982456,"CURRENT_RATIO":5.046595222604,"COMMON_ACS":1520000000,"CURRENTDEBT_DEBT":62.959397921676,"ISSUED_COMMON_SHARES":707526500,"HK_COMMON_SHARES":707526500,"PER_SHARES":500,"TOTAL_MARKET_CAP":2016450525,"HKSK_MARKET_CAP":2016450525,"PE_TTM":8.44576152033,"PB_TTM":0.791501545332,"REPORT_DATE_SQ":"2022-12-31 00:00:00","REPORT_TYPE_SQ":"2022年年报","OPERATE_INCOME_SQ":990044000,"DPS_HKD":0.2074,"OPERATE_INCOME_QOQ_SQ":-3.912620661945,"NET_PROFIT_RATIO_SQ":18.5038240725,"HOLDER_PROFIT_SQ":187752000,"HOLDER_PROFIT_QOQ_SQ":1.813922464982,"ROE_AVG_SQ":8.57523575938,"PE_TTM_SQ":12.335633523138,"PB_TTM_SQ":1.246966705052,"ROA_SQ":7.18027009001,"START_DATE":"2023-01-01 00:00:00","FISCAL_YEAR":"12-31","CURRENCY":"HKD","IS_CNY_CODE":0,"DPS_HKD_LY":0.1738,"ORG_TYPE":"一般企业","PREMIUM_INCOME":null,"PREMIUM_INCOME_YOY":null,"NET_INTEREST_INCOME":null,"NET_INTEREST_INCOME_YOY":null,"FEE_COMMISSION_INCOME":null,"FEE_COMMISSION_INCOME_YOY":null,"ACCOUNTS_RECE_TDAYS":26.751540722943,"INVENTORY_TDAYS":14.457503839578,"CURRENT_ASSETS_TDAYS":0.77268567521,"TOTAL_ASSETS_TDAYS":0.485127762243,"PREMIUM_EXPENSE":null,"LOAN_DEPOSIT":null,"LOAN_EQUITY":null,"LOAN_ASSETS":null,"DEPOSIT_EQUITY":null,"DEPOSIT_ASSETS":null,"EQUITY_MULTIPLIER":1.228882979282,"EQUITY_RATIO":0.230664637335},{"SECUCODE":"02219.HK","SECURITY_CODE":"02219","SECURITY_NAME_ABBR":"朝聚眼科","ORG_CODE":"10000151596","STD_REPORT_DATE":"2023-06-30 00:00:00","REPORT_DATE":"2023-06-30 00:00:00","DATE_TYPE_CODE":"002","REPORT_TYPE":"2023年中报","PER_NETCASH_OPERATE":0.275264440912,"PER_OI":0.97889136195,"BPS":3.253716998586,"BASIC_EPS":0.21,"DILUTED_EPS":0.21,"OPERATE_INCOME":692688000,"OPERATE_INCOME_YOY":30.0231631822,"GROSS_PROFIT":322922000,"GROSS_PROFIT_YOY":32.163086896732,"HOLDER_PROFIT":150613000,"HOLDER_PROFIT_YOY":45.3821502346,"GROSS_PROFIT_RATIO":46.618679694177,"EPS_TTM":0.331767532238,"OPERATE_INCOME_QOQ":16.155443596446,"NET_PROFIT_RATIO":21.2089714273,"ROE_AVG":6.58444975517,"GROSS_PROFIT_QOQ":18.078339625072,"ROA":5.422153453138,"HOLDER_PROFIT_QOQ":25.041011547147,"ROE_YEARLY":13.16889951034,"ROIC_YEARLY":18.276574360337,"TOTAL_ASSETS":2832318000,"TOTAL_LIABILITIES":508145000,"TAX_EBT":20.401374034221,"OCF_SALES":28.120019402675,"TOTAL_PARENT_EQUITY":2302091000,"DEBT_ASSET_RATIO":17.940958607,"OPERATE_PROFIT":190268000,"PRETAX_PROFIT":184566000,"NETCASH_OPERATE":194784000,"NETCASH_INVEST":-589356000,"NETCASH_FINANCE":-153764000,"END_CASH":413907000,"DIVI_RATIO":0.569056136164,"DIVIDEND_RATE":7.277192982456,"CURRENT_RATIO":5.396016273203,"COMMON_ACS":1520000000,"CURRENTDEBT_DEBT":67.479754794399,"ISSUED_COMMON_SHARES":707526500,"HK_COMMON_SHARES":707526500,"PER_SHARES":500,"TOTAL_MARKET_CAP":2016450525,"HKSK_MARKET_CAP":2016450525,"PE_TTM":8.44576152033,"PB_TTM":0.791501545332,"REPORT_DATE_SQ":"2022-06-30 00:00:00","REPORT_TYPE_SQ":"2022年中报","OPERATE_INCOME_SQ":532742000,"DPS_HKD":0.2074,"OPERATE_INCOME_QOQ_SQ":3.264323948899,"NET_PROFIT_RATIO_SQ":19.1013661397,"HOLDER_PROFIT_SQ":103598000,"HOLDER_PROFIT_QOQ_SQ":14.008123697828,"ROE_AVG_SQ":4.837322060972,"PE_TTM_SQ":12.335633523138,"PB_TTM_SQ":1.246966705052,"ROA_SQ":4.05854763871,"START_DATE":"2023-01-01 00:00:00","FISCAL_YEAR":"12-31","CURRENCY":"HKD","IS_CNY_CODE":0,"DPS_HKD_LY":0.1738,"ORG_TYPE":"一般企业","PREMIUM_INCOME":null,"PREMIUM_INCOME_YOY":null,"NET_INTEREST_INCOME":null,"NET_INTEREST_INCOME_YOY":null,"FEE_COMMISSION_INCOME":null,"FEE_COMMISSION_INCOME_YOY":null,"ACCOUNTS_RECE_TDAYS":12.316314465297,"INVENTORY_TDAYS":6.578880882484,"CURRENT_ASSETS_TDAYS":0.377961005011,"TOTAL_ASSETS_TDAYS":0.249371610097,"PREMIUM_EXPENSE":null,"LOAN_DEPOSIT":null,"LOAN_EQUITY":null,"LOAN_ASSETS":null,"DEPOSIT_EQUITY":null,"DEPOSIT_ASSETS":null,"EQUITY_MULTIPLIER":1.218634757395,"EQUITY_RATIO":0.220731934576},{"SECUCODE":"02219.HK","SECURITY_CODE":"02219","SECURITY_NAME_ABBR":"朝聚眼科","ORG_CODE":"10000151596","STD_REPORT_DATE":"2022-12-31 00:00:00","REPORT_DATE":"2022-12-31 00:00:00","DATE_TYPE_CODE":"001","REPORT_TYPE":"2022年年报","PER_NETCASH_OPERATE":0.3863769652,"PER_OI":1.399108284755,"BPS":3.212201945793,"BASIC_EPS":0.27,"DILUTED_EPS":0.27,"OPERATE_INCOME":990044000,"OPERATE_INCOME_YOY":-0.7760173263,"GROSS_PROFIT":434697000,"GROSS_PROFIT_YOY":-3.115179395285,"HOLDER_PROFIT":187752000,"HOLDER_PROFIT_YOY":16.0761426655,"GROSS_PROFIT_RATIO":43.906836463834,"EPS_TTM":0.265326974033,"OPERATE_INCOME_QOQ":-3.912620661945,"NET_PROFIT_RATIO":18.5038240725,"ROE_AVG":8.57523575938,"GROSS_PROFIT_QOQ":-6.649272001031,"ROA":7.18027009001,"HOLDER_PROFIT_QOQ":1.813922464982,"ROE_YEARLY":8.57523575938,"ROIC_YEARLY":14.298154662881,"TOTAL_ASSETS":2723150000,"TOTAL_LIABILITIES":424677000,"TAX_EBT":23.393187197351,"OCF_SALES":27.615944341868,"TOTAL_PARENT_EQUITY":2272718000,"DEBT_ASSET_RATIO":15.5950645392,"OPERATE_PROFIT":251035000,"PRETAX_PROFIT":239138000,"NETCASH_OPERATE":273410000,"NETCASH_INVEST":-464768000,"NETCASH_FINANCE":-165427000,"END_CASH":944727000,"DIVI_RATIO":0.71155354893,"DIVIDEND_RATE":7.277192982456,"CURRENT_RATIO":7.409195740113,"COMMON_ACS":1520000000,"CURRENTDEBT_DEBT":57.686900868189,"ISSUED_COMMON_SHARES":707526500,"HK_COMMON_SHARES":707526500,"PER_SHARES":500,"TOTAL_MARKET_CAP":2016450525,"HKSK_MARKET_CAP":2016450525,"PE_TTM":8.44576152033,"PB_TTM":0.791501545332,"REPORT_DATE_SQ":"2021-12-31 00:00:00","REPORT_TYPE_SQ":"2021年年报","OPERATE_INCOME_SQ":997787000,"DPS_HKD":0.2074,"OPERATE_INCOME_QOQ_SQ":2.336288522761,"NET_PROFIT_RATIO_SQ":15.7990633271,"HOLDER_PROFIT_SQ":161749000,"HOLDER_PROFIT_QOQ_SQ":-1.070948012232,"ROE_AVG_SQ":11.376894035974,"PE_TTM_SQ":12.335633523138,"PB_TTM_SQ":1.246966705052,"ROA_SQ":8.997212098558,"START_DATE":"2022-01-01 00:00:00","FISCAL_YEAR":"12-31","CURRENCY":"HKD","IS_CNY_CODE":0,"DPS_HKD_LY":0.1043,"ORG_TYPE":"一般企业","PREMIUM_INCOME":null,"PREMIUM_INCOME_YOY":null,"NET_INTEREST_INCOME":null,"NET_INTEREST_INCOME_YOY":null,"FEE_COMMISSION_INCOME":null,"FEE_COMMISSION_INCOME_YOY":null,"ACCOUNTS_RECE_TDAYS":19.64139189779,"INVENTORY_TDAYS":12.720540571494,"CURRENT_ASSETS_TDAYS":0.530917604713,"TOTAL_ASSETS_TDAYS":0.378626236791,"PREMIUM_EXPENSE":null,"LOAN_DEPOSIT":null,"LOAN_EQUITY":null,"LOAN_ASSETS":null,"DEPOSIT_EQUITY":null,"DEPOSIT_ASSETS":null,"EQUITY_MULTIPLIER":1.184764841701,"EQUITY_RATIO":0.186858642383},{"SECUCODE":"02219.HK","SECURITY_CODE":"02219","SECURITY_NAME_ABBR":"朝聚眼科","ORG_CODE":"10000151596","STD_REPORT_DATE":"2022-06-30 00:00:00","REPORT_DATE":"2022-06-30 00:00:00","DATE_TYPE_CODE":"002","REPORT_TYPE":"2022年中报","PER_NETCASH_OPERATE":0.22144921392,"PER_OI":0.752859212153,"BPS":3.077004182882,"BASIC_EPS":0.15,"DILUTED_EPS":0.15,"OPERATE_INCOME":532742000,"OPERATE_INCOME_YOY":6.5119729053,"GROSS_PROFIT":244336000,"GROSS_PROFIT_YOY":7.471299758082,"HOLDER_PROFIT":103598000,"HOLDER_PROFIT_YOY":27.993575488,"GROSS_PROFIT_RATIO":45.863851545401,"EPS_TTM":0.260599894012,"OPERATE_INCOME_QOQ":3.264323948899,"NET_PROFIT_RATIO":19.1013661397,"ROE_AVG":4.837322060972,"GROSS_PROFIT_QOQ":3.785822222817,"ROA":4.05854763871,"HOLDER_PROFIT_QOQ":14.008123697828,"ROE_YEARLY":9.674644121945,"ROIC_YEARLY":17.330782179564,"TOTAL_ASSETS":2598662000,"TOTAL_LIABILITIES":401248000,"TAX_EBT":22.444764539558,"OCF_SALES":29.414425744544,"TOTAL_PARENT_EQUITY":2177062000,"DEBT_ASSET_RATIO":15.440561335,"OPERATE_PROFIT":136835000,"PRETAX_PROFIT":131211000,"NETCASH_OPERATE":156703000,"NETCASH_INVEST":71990000,"NETCASH_FINANCE":-100888000,"END_CASH":1414424000,"DIVI_RATIO":0.724460578605,"DIVIDEND_RATE":7.277192982456,"CURRENT_RATIO":7.802835192753,"COMMON_ACS":1520000000,"CURRENTDEBT_DEBT":61.409153441263,"ISSUED_COMMON_SHARES":707526500,"HK_COMMON_SHARES":707526500,"PER_SHARES":500,"TOTAL_MARKET_CAP":2016450525,"HKSK_MARKET_CAP":2016450525,"PE_TTM":8.44576152033,"PB_TTM":0.791501545332,"REPORT_DATE_SQ":"2021-06-30 00:00:00","REPORT_TYPE_SQ":"2021年中报","OPERATE_INCOME_SQ":500171000,"DPS_HKD":0.2074,"OPERATE_INCOME_QOQ_SQ":22.753379781992,"NET_PROFIT_RATIO_SQ":15.7288207433,"HOLDER_PROFIT_SQ":80940000,"HOLDER_PROFIT_QOQ_SQ":31.707199188007,"ROE_AVG_SQ":11.17419470627,"PE_TTM_SQ":12.335633523138,"PB_TTM_SQ":1.246966705052,"ROA_SQ":7.267405319015,"START_DATE":"2022-01-01 00:00:00","FISCAL_YEAR":"12-31","CURRENCY":"HKD","IS_CNY_CODE":0,"DPS_HKD_LY":0.1043,"ORG_TYPE":"一般企业","PREMIUM_INCOME":null,"PREMIUM_INCOME_YOY":null,"NET_INTEREST_INCOME":null,"NET_INTEREST_INCOME_YOY":null,"FEE_COMMISSION_INCOME":null,"FEE_COMMISSION_INCOME_YOY":null,"ACCOUNTS_RECE_TDAYS":8.92432427905,"INVENTORY_TDAYS":7.07684002601,"CURRENT_ASSETS_TDAYS":0.277681451461,"TOTAL_ASSETS_TDAYS":0.20870661462,"PREMIUM_EXPENSE":null,"LOAN_DEPOSIT":null,"LOAN_EQUITY":null,"LOAN_ASSETS":null,"DEPOSIT_EQUITY":null,"DEPOSIT_ASSETS":null,"EQUITY_MULTIPLIER":1.182600092654,"EQUITY_RATIO":0.184307107469},{"SECUCODE":"02219.HK","SECURITY_CODE":"02219","SECURITY_NAME_ABBR":"朝聚眼科","ORG_CODE":"10000151596","STD_REPORT_DATE":"2021-12-31 00:00:00","REPORT_DATE":"2021-12-31 00:00:00","DATE_TYPE_CODE":"001","REPORT_TYPE":"2021年年报","PER_NETCASH_OPERATE":0.352438085144,"PER_OI":1.410050521109,"BPS":2.976873657736,"BASIC_EPS":0.26,"DILUTED_EPS":0.26,"OPERATE_INCOME":997787000,"OPERATE_INCOME_YOY":25.6212529051,"GROSS_PROFIT":448674000,"GROSS_PROFIT_YOY":28.368619821469,"HOLDER_PROFIT":161749000,"HOLDER_PROFIT_YOY":30.2966835563,"GROSS_PROFIT_RATIO":44.96691177576,"EPS_TTM":0.228580109521,"OPERATE_INCOME_QOQ":2.336288522761,"NET_PROFIT_RATIO":15.7990633271,"ROE_AVG":11.376894035974,"GROSS_PROFIT_QOQ":1.334339131731,"ROA":8.997212098558,"HOLDER_PROFIT_QOQ":-1.070948012232,"ROE_YEARLY":11.376894035974,"ROIC_YEARLY":17.237891838088,"TOTAL_ASSETS":2506514000,"TOTAL_LIABILITIES":378108000,"TAX_EBT":25.140325383936,"OCF_SALES":24.994713300534,"TOTAL_PARENT_EQUITY":2106217000,"DEBT_ASSET_RATIO":15.0850144863,"OPERATE_PROFIT":221126000,"PRETAX_PROFIT":210582000,"NETCASH_OPERATE":249394000,"NETCASH_INVEST":-578512000,"NETCASH_FINANCE":1186968000,"END_CASH":1257136000,"DIVI_RATIO":0.825943912598,"DIVIDEND_RATE":7.277192982456,"CURRENT_RATIO":8.630210657759,"COMMON_ACS":1520000000,"CURRENTDEBT_DEBT":58.668158303977,"ISSUED_COMMON_SHARES":707526500,"HK_COMMON_SHARES":707526500,"PER_SHARES":500,"TOTAL_MARKET_CAP":2016450525,"HKSK_MARKET_CAP":2016450525,"PE_TTM":8.44576152033,"PB_TTM":0.791501545332,"REPORT_DATE_SQ":"2020-12-31 00:00:00","REPORT_TYPE_SQ":"2020年年报","OPERATE_INCOME_SQ":794282000,"DPS_HKD":0.2074,"OPERATE_INCOME_QOQ_SQ":4.320404735043,"NET_PROFIT_RATIO_SQ":15.1748371485,"HOLDER_PROFIT_SQ":124139000,"HOLDER_PROFIT_QOQ_SQ":8.14349557021,"ROE_AVG_SQ":19.722227959272,"PE_TTM_SQ":12.335633523138,"PB_TTM_SQ":1.246966705052,"ROA_SQ":11.869465425147,"START_DATE":"2021-01-01 00:00:00","FISCAL_YEAR":"12-31","CURRENCY":"HKD","IS_CNY_CODE":0,"DPS_HKD_LY":null,"ORG_TYPE":"一般企业","PREMIUM_INCOME":null,"PREMIUM_INCOME_YOY":null,"NET_INTEREST_INCOME":null,"NET_INTEREST_INCOME_YOY":null,"FEE_COMMISSION_INCOME":null,"FEE_COMMISSION_INCOME_YOY":null,"ACCOUNTS_RECE_TDAYS":17.173023303845,"INVENTORY_TDAYS":15.065035185668,"CURRENT_ASSETS_TDAYS":0.812551304269,"TOTAL_ASSETS_TDAYS":0.555014328879,"PREMIUM_EXPENSE":null,"LOAN_DEPOSIT":null,"LOAN_EQUITY":null,"LOAN_ASSETS":null,"DEPOSIT_EQUITY":null,"DEPOSIT_ASSETS":null,"EQUITY_MULTIPLIER":1.177648437376,"EQUITY_RATIO":0.179519963992},{"SECUCODE":"02219.HK","SECURITY_CODE":"02219","SECURITY_NAME_ABBR":"朝聚眼科","ORG_CODE":"10000151596","STD_REPORT_DATE":"2021-06-30 00:00:00","REPORT_DATE":"2021-06-30 00:00:00","DATE_TYPE_CODE":"002","REPORT_TYPE":"2021年中报","PER_NETCASH_OPERATE":11.945918269829,"PER_OI":46.954828188124,"BPS":1.005541135208,"BASIC_EPS":0.15,"DILUTED_EPS":0.15,"OPERATE_INCOME":500171000,"OPERATE_INCOME_YOY":56.5749972609,"GROSS_PROFIT":227350000,"GROSS_PROFIT_YOY":69.532601562966,"HOLDER_PROFIT":80940000,"HOLDER_PROFIT_YOY":94.6655763727,"GROSS_PROFIT_RATIO":45.454454576535,"EPS_TTM":15.348979466539,"OPERATE_INCOME_QOQ":22.753379781992,"NET_PROFIT_RATIO":15.7288207433,"ROE_AVG":11.17419470627,"GROSS_PROFIT_QOQ":26.678301670863,"ROA":7.267405319015,"HOLDER_PROFIT_QOQ":31.707199188007,"ROE_YEARLY":22.34838941254,"ROIC_YEARLY":24.421354353278,"TOTAL_ASSETS":1138458000,"TOTAL_LIABILITIES":402983000,"TAX_EBT":25.789776532624,"OCF_SALES":25.441299075716,"TOTAL_PARENT_EQUITY":711447000,"DEBT_ASSET_RATIO":35.3972654239,"OPERATE_PROFIT":110483000,"PRETAX_PROFIT":106011000,"NETCASH_OPERATE":127250000,"NETCASH_INVEST":-14377000,"NETCASH_FINANCE":-88028000,"END_CASH":438184000,"DIVI_RATIO":0.012300123954,"DIVIDEND_RATE":7.277192982456,"CURRENT_RATIO":2.188424696068,"COMMON_ACS":1520000000,"CURRENTDEBT_DEBT":66.603057697223,"ISSUED_COMMON_SHARES":707526500,"HK_COMMON_SHARES":707526500,"PER_SHARES":500,"TOTAL_MARKET_CAP":2016450525,"HKSK_MARKET_CAP":2016450525,"PE_TTM":8.44576152033,"PB_TTM":0.791501545332,"REPORT_DATE_SQ":"2020-06-30 00:00:00","REPORT_TYPE_SQ":"2020年中报","OPERATE_INCOME_SQ":319445000,"DPS_HKD":0.2074,"OPERATE_INCOME_QOQ_SQ":0,"NET_PROFIT_RATIO_SQ":12.0123965002,"HOLDER_PROFIT_SQ":41579000,"HOLDER_PROFIT_QOQ_SQ":0,"ROE_AVG_SQ":null,"PE_TTM_SQ":12.335633523138,"PB_TTM_SQ":1.246966705052,"ROA_SQ":null,"START_DATE":"2021-01-01 00:00:00","FISCAL_YEAR":"12-31","CURRENCY":"HKD","IS_CNY_CODE":0,"DPS_HKD_LY":null,"ORG_TYPE":"一般企业","PREMIUM_INCOME":null,"PREMIUM_INCOME_YOY":null,"NET_INTEREST_INCOME":null,"NET_INTEREST_INCOME_YOY":null,"FEE_COMMISSION_INCOME":null,"FEE_COMMISSION_INCOME_YOY":null,"ACCOUNTS_RECE_TDAYS":7.68246922303,"INVENTORY_TDAYS":7.469840922159,"CURRENT_ASSETS_TDAYS":0.886139841754,"TOTAL_ASSETS_TDAYS":0.449091349866,"PREMIUM_EXPENSE":null,"LOAN_DEPOSIT":null,"LOAN_EQUITY":null,"LOAN_ASSETS":null,"DEPOSIT_EQUITY":null,"DEPOSIT_ASSETS":null,"EQUITY_MULTIPLIER":1.547922091165,"EQUITY_RATIO":0.566427295357},{"SECUCODE":"02219.HK","SECURITY_CODE":"02219","SECURITY_NAME_ABBR":"朝聚眼科","ORG_CODE":"10000151596","STD_REPORT_DATE":"2020-12-31 00:00:00","REPORT_DATE":"2020-12-31 00:00:00","DATE_TYPE_CODE":"001","REPORT_TYPE":"2020年年报","PER_NETCASH_OPERATE":0.562778875806,"PER_OI":1.797041673333,"BPS":1.042007613849,"BASIC_EPS":0.23,"DILUTED_EPS":0.23,"OPERATE_INCOME":794282000,"OPERATE_INCOME_YOY":11.1395313368,"GROSS_PROFIT":349520000,"GROSS_PROFIT_YOY":25.708079024317,"HOLDER_PROFIT":124139000,"HOLDER_PROFIT_YOY":64.0943279005,"GROSS_PROFIT_RATIO":44.004522323306,"EPS_TTM":0.28086115043,"OPERATE_INCOME_QOQ":4.320404735043,"NET_PROFIT_RATIO":15.1748371485,"ROE_AVG":19.722227959272,"GROSS_PROFIT_QOQ":8.024910757058,"ROA":11.869465425147,"HOLDER_PROFIT_QOQ":8.14349557021,"ROE_YEARLY":19.722227959272,"ROIC_YEARLY":17.994836626035,"TOTAL_ASSETS":1089022000,"TOTAL_LIABILITIES":325477000,"TAX_EBT":23.531128466385,"OCF_SALES":31.316962992992,"TOTAL_PARENT_EQUITY":737248000,"DEBT_ASSET_RATIO":29.8870913535,"OPERATE_PROFIT":170368000,"PRETAX_PROFIT":157621000,"NETCASH_OPERATE":248745000,"NETCASH_INVEST":-35454000,"NETCASH_FINANCE":-39613000,"END_CASH":413246000,"DIVI_RATIO":0.672198165218,"DIVIDEND_RATE":7.277192982456,"CURRENT_RATIO":2.725842662693,"COMMON_ACS":1520000000,"CURRENTDEBT_DEBT":61.035341975009,"ISSUED_COMMON_SHARES":707526500,"HK_COMMON_SHARES":707526500,"PER_SHARES":500,"TOTAL_MARKET_CAP":2016450525,"HKSK_MARKET_CAP":2016450525,"PE_TTM":8.44576152033,"PB_TTM":0.791501545332,"REPORT_DATE_SQ":"2019-12-31 00:00:00","REPORT_TYPE_SQ":"2019年年报","OPERATE_INCOME_SQ":714671000,"DPS_HKD":0.2074,"OPERATE_INCOME_QOQ_SQ":12.963065411225,"NET_PROFIT_RATIO_SQ":9.9100145382,"HOLDER_PROFIT_SQ":75651000,"HOLDER_PROFIT_QOQ_SQ":95.435170115477,"ROE_AVG_SQ":16.226946886141,"PE_TTM_SQ":12.335633523138,"PB_TTM_SQ":1.246966705052,"ROA_SQ":7.287760625516,"START_DATE":"2020-01-01 00:00:00","FISCAL_YEAR":"12-31","CURRENCY":"HKD","IS_CNY_CODE":0,"DPS_HKD_LY":null,"ORG_TYPE":"一般企业","PREMIUM_INCOME":null,"PREMIUM_INCOME_YOY":null,"NET_INTEREST_INCOME":null,"NET_INTEREST_INCOME_YOY":null,"FEE_COMMISSION_INCOME":null,"FEE_COMMISSION_INCOME_YOY":null,"ACCOUNTS_RECE_TDAYS":11.870368986595,"INVENTORY_TDAYS":12.011342614473,"CURRENT_ASSETS_TDAYS":1.665358685043,"TOTAL_ASSETS_TDAYS":0.759447291892,"PREMIUM_EXPENSE":null,"LOAN_DEPOSIT":null,"LOAN_EQUITY":null,"LOAN_ASSETS":null,"DEPOSIT_EQUITY":null,"DEPOSIT_ASSETS":null,"EQUITY_MULTIPLIER":1.426270881218,"EQUITY_RATIO":0.441475595729},{"SECUCODE":"02219.HK","SECURITY_CODE":"02219","SECURITY_NAME_ABBR":"朝聚眼科","ORG_CODE":"10000151596","STD_REPORT_DATE":"2020-09-30 00:00:00","REPORT_DATE":"2020-09-30 00:00:00","DATE_TYPE_CODE":"004","REPORT_TYPE":"2020年三季报","PER_NETCASH_OPERATE":1.1044412,"PER_OI":3.12103560381,"BPS":1.011467415001,"BASIC_EPS":null,"DILUTED_EPS":null,"OPERATE_INCOME":596702000,"OPERATE_INCOME_YOY":8.4940343936,"GROSS_PROFIT":262000000,"GROSS_PROFIT_YOY":21.023992313591,"HOLDER_PROFIT":105176000,"HOLDER_PROFIT_YOY":59.2707008299,"GROSS_PROFIT_RATIO":43.90801438574,"EPS_TTM":0.600411592381,"OPERATE_INCOME_QOQ":6.536714096416,"NET_PROFIT_RATIO":17.1586487057,"ROE_AVG":17.001356216044,"GROSS_PROFIT_QOQ":16.369528235044,"ROA":9.763170524092,"HOLDER_PROFIT_QOQ":51.737584433781,"ROE_YEARLY":22.668474954725,"ROIC_YEARLY":15.018985073263,"TOTAL_ASSETS":1151831000,"TOTAL_LIABILITIES":406048000,"TAX_EBT":21.778259939492,"OCF_SALES":35.387010601607,"TOTAL_PARENT_EQUITY":715640000,"DEBT_ASSET_RATIO":35.2523937974,"OPERATE_PROFIT":null,"PRETAX_PROFIT":130892000,"NETCASH_OPERATE":211155000,"NETCASH_INVEST":-21355000,"NETCASH_FINANCE":21985000,"END_CASH":451353000,"DIVI_RATIO":0.314441547092,"DIVIDEND_RATE":7.277192982456,"CURRENT_RATIO":2.189947656956,"COMMON_ACS":1520000000,"CURRENTDEBT_DEBT":67.564425880684,"ISSUED_COMMON_SHARES":707526500,"HK_COMMON_SHARES":707526500,"PER_SHARES":500,"TOTAL_MARKET_CAP":2016450525,"HKSK_MARKET_CAP":2016450525,"PE_TTM":8.44576152033,"PB_TTM":0.791501545332,"REPORT_DATE_SQ":"2019-09-30 00:00:00","REPORT_TYPE_SQ":"2019年三季报","OPERATE_INCOME_SQ":549986000,"DPS_HKD":0.2074,"OPERATE_INCOME_QOQ_SQ":0,"NET_PROFIT_RATIO_SQ":11.1153738459,"HOLDER_PROFIT_SQ":66036000,"HOLDER_PROFIT_QOQ_SQ":0,"ROE_AVG_SQ":null,"PE_TTM_SQ":12.335633523138,"PB_TTM_SQ":1.246966705052,"ROA_SQ":null,"START_DATE":"2020-01-01 00:00:00","FISCAL_YEAR":"12-31","CURRENCY":"HKD","IS_CNY_CODE":0,"DPS_HKD_LY":null,"ORG_TYPE":"一般企业","PREMIUM_INCOME":null,"PREMIUM_INCOME_YOY":null,"NET_INTEREST_INCOME":null,"NET_INTEREST_INCOME_YOY":null,"FEE_COMMISSION_INCOME":null,"FEE_COMMISSION_INCOME_YOY":null,"ACCOUNTS_RECE_TDAYS":7.752346678273,"INVENTORY_TDAYS":9.208644573755,"CURRENT_ASSETS_TDAYS":1.177878385007,"TOTAL_ASSETS_TDAYS":0.553900450489,"PREMIUM_EXPENSE":null,"LOAN_DEPOSIT":null,"LOAN_EQUITY":null,"LOAN_ASSETS":null,"DEPOSIT_EQUITY":null,"DEPOSIT_ASSETS":null,"EQUITY_MULTIPLIER":1.544458642797,"EQUITY_RATIO":0.567391425857}],"count":13},"success":true,"message":"ok","code":0}