{"version":"b8b60ed4e69a3ac898d889672f2d244a","result":{"pages":2,"data":[{"SECUCODE":"02210.HK","SECURITY_CODE":"02210","SECURITY_NAME_ABBR":"京城佳业","ORG_CODE":"10000149209","STD_REPORT_DATE":"2024-06-30 00:00:00","REPORT_DATE":"2024-06-30 00:00:00","DATE_TYPE_CODE":"002","REPORT_TYPE":"2024年中报","PER_NETCASH_OPERATE":-0.561441140214,"PER_OI":6.065582488791,"BPS":5.671377104083,"BASIC_EPS":0.31,"DILUTED_EPS":null,"OPERATE_INCOME":889622000,"OPERATE_INCOME_YOY":0.1734074106,"GROSS_PROFIT":181589000,"GROSS_PROFIT_YOY":-6.409483314006,"HOLDER_PROFIT":45293000,"HOLDER_PROFIT_YOY":-22.8175110339,"GROSS_PROFIT_RATIO":20.411927762578,"EPS_TTM":0.683206606521,"OPERATE_INCOME_QOQ":0.084181479965,"NET_PROFIT_RATIO":5.2801077311,"ROE_AVG":5.469132060708,"GROSS_PROFIT_QOQ":-3.304098772255,"ROA":1.953971889086,"HOLDER_PROFIT_QOQ":-11.787594415198,"ROE_YEARLY":10.938264121417,"ROIC_YEARLY":7.280033271519,"TOTAL_ASSETS":2268568000,"TOTAL_LIABILITIES":1404447000,"TAX_EBT":24.440619621343,"OCF_SALES":-9.25617846681,"TOTAL_PARENT_EQUITY":831805000,"DEBT_ASSET_RATIO":61.9089663612,"OPERATE_PROFIT":58216000,"PRETAX_PROFIT":62167000,"NETCASH_OPERATE":-82345000,"NETCASH_INVEST":-11313000,"NETCASH_FINANCE":-32306000,"END_CASH":979125000,"DIVI_RATIO":0.308393021948,"DIVIDEND_RATE":6.422651933702,"CURRENT_RATIO":1.421596473626,"COMMON_ACS":null,"CURRENTDEBT_DEBT":91.475078803259,"ISSUED_COMMON_SHARES":146667200,"HK_COMMON_SHARES":36667200,"PER_SHARES":400,"TOTAL_MARKET_CAP":530935264,"HKSK_MARKET_CAP":132735264,"PE_TTM":4.769161971758,"PB_TTM":0.582557206013,"REPORT_DATE_SQ":"2023-06-30 00:00:00","REPORT_TYPE_SQ":"2023年中报","OPERATE_INCOME_SQ":888082000,"DPS_HKD":0.2325,"OPERATE_INCOME_QOQ_SQ":14.190474002721,"NET_PROFIT_RATIO_SQ":6.9391114784,"HOLDER_PROFIT_SQ":58683000,"HOLDER_PROFIT_QOQ_SQ":5.469352014011,"ROE_AVG_SQ":7.690483055068,"PE_TTM_SQ":4.225013510865,"PB_TTM_SQ":0.656238838445,"ROA_SQ":2.691819612353,"START_DATE":"2024-01-01 00:00:00","FISCAL_YEAR":"12-31","CURRENCY":"HKD","IS_CNY_CODE":0,"DPS_HKD_LY":0.2325,"ORG_TYPE":"一般企业","PREMIUM_INCOME":null,"PREMIUM_INCOME_YOY":null,"NET_INTEREST_INCOME":null,"NET_INTEREST_INCOME_YOY":null,"FEE_COMMISSION_INCOME":null,"FEE_COMMISSION_INCOME_YOY":null,"ACCOUNTS_RECE_TDAYS":null,"INVENTORY_TDAYS":1157.86263286999,"CURRENT_ASSETS_TDAYS":0.475961998884,"TOTAL_ASSETS_TDAYS":0.383789190363,"PREMIUM_EXPENSE":null,"LOAN_DEPOSIT":null,"LOAN_EQUITY":null,"LOAN_ASSETS":null,"DEPOSIT_EQUITY":null,"DEPOSIT_ASSETS":null,"EQUITY_MULTIPLIER":2.625289745305,"EQUITY_RATIO":1.688432986097},{"SECUCODE":"02210.HK","SECURITY_CODE":"02210","SECURITY_NAME_ABBR":"京城佳业","ORG_CODE":"10000149209","STD_REPORT_DATE":"2023-12-31 00:00:00","REPORT_DATE":"2023-12-31 00:00:00","DATE_TYPE_CODE":"001","REPORT_TYPE":"2023年年报","PER_NETCASH_OPERATE":0.272017192665,"PER_OI":12.473006916339,"BPS":5.62163183043,"BASIC_EPS":0.77,"DILUTED_EPS":null,"OPERATE_INCOME":1829381000,"OPERATE_INCOME_YOY":16.731943817,"GROSS_PROFIT":376381000,"GROSS_PROFIT_YOY":8.371892140914,"HOLDER_PROFIT":113594000,"HOLDER_PROFIT_YOY":-0.530647986,"GROSS_PROFIT_RATIO":20.574227019959,"EPS_TTM":0.774501729085,"OPERATE_INCOME_QOQ":2.225640830778,"NET_PROFIT_RATIO":6.3238876975,"ROE_AVG":14.398069339999,"GROSS_PROFIT_QOQ":-2.176958443901,"ROA":4.996567977037,"HOLDER_PROFIT_QOQ":-5.688856416984,"ROE_YEARLY":14.398069339999,"ROIC_YEARLY":10.136714558331,"TOTAL_ASSETS":2367425000,"TOTAL_LIABILITIES":1512214000,"TAX_EBT":23.917504077445,"OCF_SALES":2.180846964082,"TOTAL_PARENT_EQUITY":824509000,"DEBT_ASSET_RATIO":63.8758989197,"OPERATE_PROFIT":134246000,"PRETAX_PROFIT":152056000,"NETCASH_OPERATE":39896000,"NETCASH_INVEST":-38816000,"NETCASH_FINANCE":-36336000,"END_CASH":1105235000,"DIVI_RATIO":0.272040903316,"DIVIDEND_RATE":6.981981981982,"CURRENT_RATIO":1.37583540528,"COMMON_ACS":null,"CURRENTDEBT_DEBT":91.891425419947,"ISSUED_COMMON_SHARES":146667200,"HK_COMMON_SHARES":36667200,"PER_SHARES":400,"TOTAL_MARKET_CAP":488401776,"HKSK_MARKET_CAP":122101776,"PE_TTM":4.387102034794,"PB_TTM":0.53588825857,"REPORT_DATE_SQ":"2022-12-31 00:00:00","REPORT_TYPE_SQ":"2022年年报","OPERATE_INCOME_SQ":1567164000,"DPS_HKD":0.2325,"OPERATE_INCOME_QOQ_SQ":19.232094803562,"NET_PROFIT_RATIO_SQ":7.3487522684,"HOLDER_PROFIT_SQ":114200000,"HOLDER_PROFIT_QOQ_SQ":26.395944704541,"ROE_AVG_SQ":15.925254497281,"PE_TTM_SQ":3.774345403039,"PB_TTM_SQ":0.586240029011,"ROA_SQ":5.694914172357,"START_DATE":"2023-01-01 00:00:00","FISCAL_YEAR":"12-31","CURRENCY":"HKD","IS_CNY_CODE":0,"DPS_HKD_LY":0.2465,"ORG_TYPE":"一般企业","PREMIUM_INCOME":null,"PREMIUM_INCOME_YOY":null,"NET_INTEREST_INCOME":null,"NET_INTEREST_INCOME_YOY":null,"FEE_COMMISSION_INCOME":null,"FEE_COMMISSION_INCOME_YOY":null,"ACCOUNTS_RECE_TDAYS":null,"INVENTORY_TDAYS":449.705973382854,"CURRENT_ASSETS_TDAYS":0.964799280217,"TOTAL_ASSETS_TDAYS":0.804675116855,"PREMIUM_EXPENSE":null,"LOAN_DEPOSIT":null,"LOAN_EQUITY":null,"LOAN_ASSETS":null,"DEPOSIT_EQUITY":null,"DEPOSIT_ASSETS":null,"EQUITY_MULTIPLIER":2.76823497359,"EQUITY_RATIO":1.834078221099},{"SECUCODE":"02210.HK","SECURITY_CODE":"02210","SECURITY_NAME_ABBR":"京城佳业","ORG_CODE":"10000149209","STD_REPORT_DATE":"2023-06-30 00:00:00","REPORT_DATE":"2023-06-30 00:00:00","DATE_TYPE_CODE":"002","REPORT_TYPE":"2023年中报","PER_NETCASH_OPERATE":-0.238246860921,"PER_OI":6.055082526973,"BPS":5.268546750739,"BASIC_EPS":0.4,"DILUTED_EPS":null,"OPERATE_INCOME":888082000,"OPERATE_INCOME_YOY":33.4069407265,"GROSS_PROFIT":194025000,"GROSS_PROFIT_YOY":23.919832921385,"HOLDER_PROFIT":58683000,"HOLDER_PROFIT_YOY":11.911436581,"GROSS_PROFIT_RATIO":21.847644699476,"EPS_TTM":0.821219741019,"OPERATE_INCOME_QOQ":14.190474002721,"NET_PROFIT_RATIO":6.9391114784,"ROE_AVG":7.690483055068,"GROSS_PROFIT_QOQ":10.783605188523,"ROA":2.691819612353,"HOLDER_PROFIT_QOQ":5.469352014011,"ROE_YEARLY":15.380966110136,"ROIC_YEARLY":11.077912841406,"TOTAL_ASSETS":2180643000,"TOTAL_LIABILITIES":1375984000,"TAX_EBT":24.158513322257,"OCF_SALES":-3.934659186877,"TOTAL_PARENT_EQUITY":772723000,"DEBT_ASSET_RATIO":63.099920528,"OPERATE_PROFIT":71582000,"PRETAX_PROFIT":81255000,"NETCASH_OPERATE":-34943000,"NETCASH_INVEST":-34109000,"NETCASH_FINANCE":-31900000,"END_CASH":1039539000,"DIVI_RATIO":0.256564886931,"DIVIDEND_RATE":6.981981981982,"CURRENT_RATIO":1.465951839944,"COMMON_ACS":null,"CURRENTDEBT_DEBT":92.497877882301,"ISSUED_COMMON_SHARES":146667200,"HK_COMMON_SHARES":36667200,"PER_SHARES":400,"TOTAL_MARKET_CAP":488401776,"HKSK_MARKET_CAP":122101776,"PE_TTM":4.387102034794,"PB_TTM":0.53588825857,"REPORT_DATE_SQ":"2022-06-30 00:00:00","REPORT_TYPE_SQ":"2022年中报","OPERATE_INCOME_SQ":665694000,"DPS_HKD":0.2325,"OPERATE_INCOME_QOQ_SQ":7.332857525494,"NET_PROFIT_RATIO_SQ":7.9761872572,"HOLDER_PROFIT_SQ":52437000,"HOLDER_PROFIT_QOQ_SQ":9.181540246275,"ROE_AVG_SQ":7.540297387132,"PE_TTM_SQ":3.774345403039,"PB_TTM_SQ":0.586240029011,"ROA_SQ":2.78299294473,"START_DATE":"2023-01-01 00:00:00","FISCAL_YEAR":"12-31","CURRENCY":"HKD","IS_CNY_CODE":0,"DPS_HKD_LY":0.2465,"ORG_TYPE":"一般企业","PREMIUM_INCOME":null,"PREMIUM_INCOME_YOY":null,"NET_INTEREST_INCOME":null,"NET_INTEREST_INCOME_YOY":null,"FEE_COMMISSION_INCOME":null,"FEE_COMMISSION_INCOME_YOY":null,"ACCOUNTS_RECE_TDAYS":null,"INVENTORY_TDAYS":120.370620881027,"CURRENT_ASSETS_TDAYS":0.474124558853,"TOTAL_ASSETS_TDAYS":0.407367814355,"PREMIUM_EXPENSE":null,"LOAN_DEPOSIT":null,"LOAN_EQUITY":null,"LOAN_ASSETS":null,"DEPOSIT_EQUITY":null,"DEPOSIT_ASSETS":null,"EQUITY_MULTIPLIER":2.710021263664,"EQUITY_RATIO":1.780695022667},{"SECUCODE":"02210.HK","SECURITY_CODE":"02210","SECURITY_NAME_ABBR":"京城佳业","ORG_CODE":"10000149209","STD_REPORT_DATE":"2022-12-31 00:00:00","REPORT_DATE":"2022-12-31 00:00:00","DATE_TYPE_CODE":"001","REPORT_TYPE":"2022年年报","PER_NETCASH_OPERATE":0.791567576118,"PER_OI":10.685170235745,"BPS":5.136779048076,"BASIC_EPS":0.78,"DILUTED_EPS":null,"OPERATE_INCOME":1567164000,"OPERATE_INCOME_YOY":27.9752144402,"GROSS_PROFIT":347305000,"GROSS_PROFIT_YOY":27.381725221805,"HOLDER_PROFIT":114200000,"HOLDER_PROFIT_YOY":38.0010392372,"GROSS_PROFIT_RATIO":22.161369199395,"EPS_TTM":0.778633532242,"OPERATE_INCOME_QOQ":19.232094803562,"NET_PROFIT_RATIO":7.3487522684,"ROE_AVG":15.925254497281,"GROSS_PROFIT_QOQ":21.014725046517,"ROA":5.694914172357,"HOLDER_PROFIT_QOQ":26.395944704541,"ROE_YEARLY":15.925254497281,"ROIC_YEARLY":13.200854703325,"TOTAL_ASSETS":2179456000,"TOTAL_LIABILITIES":1397087000,"TAX_EBT":23.264971615895,"OCF_SALES":7.408095132354,"TOTAL_PARENT_EQUITY":753397000,"DEBT_ASSET_RATIO":64.1025558672,"OPERATE_PROFIT":130033000,"PRETAX_PROFIT":150084000,"NETCASH_OPERATE":116097000,"NETCASH_INVEST":-37581000,"NETCASH_FINANCE":-29942000,"END_CASH":1140733000,"DIVI_RATIO":0.270597323742,"DIVIDEND_RATE":6.981981981982,"CURRENT_RATIO":1.454728452721,"COMMON_ACS":null,"CURRENTDEBT_DEBT":92.521868716837,"ISSUED_COMMON_SHARES":146667200,"HK_COMMON_SHARES":36667200,"PER_SHARES":400,"TOTAL_MARKET_CAP":488401776,"HKSK_MARKET_CAP":122101776,"PE_TTM":4.387102034794,"PB_TTM":0.53588825857,"REPORT_DATE_SQ":"2021-12-31 00:00:00","REPORT_TYPE_SQ":"2021年年报","OPERATE_INCOME_SQ":1224584000,"DPS_HKD":0.2325,"OPERATE_INCOME_QOQ_SQ":12.290083755596,"NET_PROFIT_RATIO_SQ":6.8714763544,"HOLDER_PROFIT_SQ":82753000,"HOLDER_PROFIT_QOQ_SQ":43.908249860879,"ROE_AVG_SQ":15.425811526718,"PE_TTM_SQ":3.774345403039,"PB_TTM_SQ":0.586240029011,"ROA_SQ":4.84875508698,"START_DATE":"2022-01-01 00:00:00","FISCAL_YEAR":"12-31","CURRENCY":"HKD","IS_CNY_CODE":0,"DPS_HKD_LY":0.1856,"ORG_TYPE":"一般企业","PREMIUM_INCOME":null,"PREMIUM_INCOME_YOY":null,"NET_INTEREST_INCOME":null,"NET_INTEREST_INCOME_YOY":null,"FEE_COMMISSION_INCOME":null,"FEE_COMMISSION_INCOME_YOY":null,"ACCOUNTS_RECE_TDAYS":null,"INVENTORY_TDAYS":212.352511097572,"CURRENT_ASSETS_TDAYS":0.910650532736,"TOTAL_ASSETS_TDAYS":0.781511775307,"PREMIUM_EXPENSE":null,"LOAN_DEPOSIT":null,"LOAN_EQUITY":null,"LOAN_ASSETS":null,"DEPOSIT_EQUITY":null,"DEPOSIT_ASSETS":null,"EQUITY_MULTIPLIER":2.785713646633,"EQUITY_RATIO":1.854383545461},{"SECUCODE":"02210.HK","SECURITY_CODE":"02210","SECURITY_NAME_ABBR":"京城佳业","ORG_CODE":"10000149209","STD_REPORT_DATE":"2022-06-30 00:00:00","REPORT_DATE":"2022-06-30 00:00:00","DATE_TYPE_CODE":"002","REPORT_TYPE":"2022年中报","PER_NETCASH_OPERATE":-0.239249130003,"PER_OI":4.538806222523,"BPS":4.841191486576,"BASIC_EPS":0.36,"DILUTED_EPS":null,"OPERATE_INCOME":665694000,"OPERATE_INCOME_YOY":15.5925451947,"GROSS_PROFIT":156573000,"GROSS_PROFIT_YOY":10.085918384566,"HOLDER_PROFIT":52437000,"HOLDER_PROFIT_YOY":16.9450701398,"GROSS_PROFIT_RATIO":23.520266068194,"EPS_TTM":0.616027305355,"OPERATE_INCOME_QOQ":7.332857525494,"NET_PROFIT_RATIO":7.9761872572,"ROE_AVG":7.540297387132,"GROSS_PROFIT_QOQ":5.261343338872,"ROA":2.78299294473,"HOLDER_PROFIT_QOQ":9.181540246275,"ROE_YEARLY":15.080594774264,"ROIC_YEARLY":13.086601999415,"TOTAL_ASSETS":1937249000,"TOTAL_LIABILITIES":1195984000,"TAX_EBT":26.468633153303,"OCF_SALES":-5.271190667183,"TOTAL_PARENT_EQUITY":710044000,"DEBT_ASSET_RATIO":61.7362042773,"OPERATE_PROFIT":62908000,"PRETAX_PROFIT":72210000,"NETCASH_OPERATE":-35090000,"NETCASH_INVEST":-16028000,"NETCASH_FINANCE":-17145000,"END_CASH":1023699000,"DIVI_RATIO":0.342024043688,"DIVIDEND_RATE":6.981981981982,"CURRENT_RATIO":1.493902065387,"COMMON_ACS":null,"CURRENTDEBT_DEBT":91.422878566937,"ISSUED_COMMON_SHARES":146667200,"HK_COMMON_SHARES":36667200,"PER_SHARES":400,"TOTAL_MARKET_CAP":488401776,"HKSK_MARKET_CAP":122101776,"PE_TTM":4.387102034794,"PB_TTM":0.53588825857,"REPORT_DATE_SQ":"2021-06-30 00:00:00","REPORT_TYPE_SQ":"2021年中报","OPERATE_INCOME_SQ":575897000,"DPS_HKD":0.2325,"OPERATE_INCOME_QOQ_SQ":0,"NET_PROFIT_RATIO_SQ":7.9680915164,"HOLDER_PROFIT_SQ":44839000,"HOLDER_PROFIT_QOQ_SQ":0,"ROE_AVG_SQ":null,"PE_TTM_SQ":3.774345403039,"PB_TTM_SQ":0.586240029011,"ROA_SQ":null,"START_DATE":"2022-01-01 00:00:00","FISCAL_YEAR":"12-31","CURRENCY":"HKD","IS_CNY_CODE":0,"DPS_HKD_LY":0.1856,"ORG_TYPE":"一般企业","PREMIUM_INCOME":null,"PREMIUM_INCOME_YOY":null,"NET_INTEREST_INCOME":null,"NET_INTEREST_INCOME_YOY":null,"FEE_COMMISSION_INCOME":null,"FEE_COMMISSION_INCOME_YOY":null,"ACCOUNTS_RECE_TDAYS":null,"INVENTORY_TDAYS":89.217734162797,"CURRENT_ASSETS_TDAYS":0.416723554295,"TOTAL_ASSETS_TDAYS":0.353304289976,"PREMIUM_EXPENSE":null,"LOAN_DEPOSIT":null,"LOAN_EQUITY":null,"LOAN_ASSETS":null,"DEPOSIT_EQUITY":null,"DEPOSIT_ASSETS":null,"EQUITY_MULTIPLIER":2.613436490324,"EQUITY_RATIO":1.684380122922},{"SECUCODE":"02210.HK","SECURITY_CODE":"02210","SECURITY_NAME_ABBR":"京城佳业","ORG_CODE":"10000149209","STD_REPORT_DATE":"2021-12-31 00:00:00","REPORT_DATE":"2021-12-31 00:00:00","DATE_TYPE_CODE":"001","REPORT_TYPE":"2021年年报","PER_NETCASH_OPERATE":-0.586736502776,"PER_OI":8.34940600216,"BPS":4.641821757012,"BASIC_EPS":0.72,"DILUTED_EPS":null,"OPERATE_INCOME":1224584000,"OPERATE_INCOME_YOY":12.2900837556,"GROSS_PROFIT":272649000,"GROSS_PROFIT_YOY":20.388653885214,"HOLDER_PROFIT":82753000,"HOLDER_PROFIT_YOY":43.9082498609,"GROSS_PROFIT_RATIO":22.264622108406,"EPS_TTM":0.56422294828,"OPERATE_INCOME_QOQ":12.290083755596,"NET_PROFIT_RATIO":6.8714763544,"ROE_AVG":15.425811526718,"GROSS_PROFIT_QOQ":20.388653885214,"ROA":4.84875508698,"HOLDER_PROFIT_QOQ":43.908249860879,"ROE_YEARLY":15.425811526718,"ROIC_YEARLY":10.791866031828,"TOTAL_ASSETS":1831140000,"TOTAL_LIABILITIES":1126933000,"TAX_EBT":24.081776270085,"OCF_SALES":-7.027284367589,"TOTAL_PARENT_EQUITY":680803000,"DEBT_ASSET_RATIO":61.5427001758,"OPERATE_PROFIT":94795000,"PRETAX_PROFIT":110839000,"NETCASH_OPERATE":-86055000,"NETCASH_INVEST":220385000,"NETCASH_FINANCE":206942000,"END_CASH":1087296000,"DIVI_RATIO":0.373427118911,"DIVIDEND_RATE":6.981981981982,"CURRENT_RATIO":1.522213805871,"COMMON_ACS":null,"CURRENTDEBT_DEBT":91.024133644147,"ISSUED_COMMON_SHARES":146667200,"HK_COMMON_SHARES":36667200,"PER_SHARES":400,"TOTAL_MARKET_CAP":488401776,"HKSK_MARKET_CAP":122101776,"PE_TTM":4.387102034794,"PB_TTM":0.53588825857,"REPORT_DATE_SQ":"2020-12-31 00:00:00","REPORT_TYPE_SQ":"2020年年报","OPERATE_INCOME_SQ":1090554000,"DPS_HKD":0.2325,"OPERATE_INCOME_QOQ_SQ":4.318006376427,"NET_PROFIT_RATIO_SQ":6.304777205,"HOLDER_PROFIT_SQ":57504000,"HOLDER_PROFIT_QOQ_SQ":51.597595697564,"ROE_AVG_SQ":13.959314463271,"PE_TTM_SQ":3.774345403039,"PB_TTM_SQ":0.586240029011,"ROA_SQ":3.649781202903,"START_DATE":"2021-01-01 00:00:00","FISCAL_YEAR":"12-31","CURRENCY":"HKD","IS_CNY_CODE":0,"DPS_HKD_LY":null,"ORG_TYPE":"一般企业","PREMIUM_INCOME":null,"PREMIUM_INCOME_YOY":null,"NET_INTEREST_INCOME":null,"NET_INTEREST_INCOME_YOY":null,"FEE_COMMISSION_INCOME":null,"FEE_COMMISSION_INCOME_YOY":null,"ACCOUNTS_RECE_TDAYS":null,"INVENTORY_TDAYS":151.473466465113,"CURRENT_ASSETS_TDAYS":0.847675921356,"TOTAL_ASSETS_TDAYS":0.717521769535,"PREMIUM_EXPENSE":null,"LOAN_DEPOSIT":null,"LOAN_EQUITY":null,"LOAN_ASSETS":null,"DEPOSIT_EQUITY":null,"DEPOSIT_ASSETS":null,"EQUITY_MULTIPLIER":2.600286563465,"EQUITY_RATIO":1.655299697563},{"SECUCODE":"02210.HK","SECURITY_CODE":"02210","SECURITY_NAME_ABBR":"京城佳业","ORG_CODE":"10000149209","STD_REPORT_DATE":"2021-06-30 00:00:00","REPORT_DATE":"2021-06-30 00:00:00","DATE_TYPE_CODE":"002","REPORT_TYPE":"2021年中报","PER_NETCASH_OPERATE":null,"PER_OI":null,"BPS":null,"BASIC_EPS":0.41,"DILUTED_EPS":null,"OPERATE_INCOME":575897000,"OPERATE_INCOME_YOY":null,"GROSS_PROFIT":142228000,"GROSS_PROFIT_YOY":null,"HOLDER_PROFIT":44839000,"HOLDER_PROFIT_YOY":null,"GROSS_PROFIT_RATIO":24.696777375121,"EPS_TTM":0.522763636364,"OPERATE_INCOME_QOQ":0,"NET_PROFIT_RATIO":7.9680915164,"ROE_AVG":null,"GROSS_PROFIT_QOQ":0,"ROA":null,"HOLDER_PROFIT_QOQ":0,"ROE_YEARLY":null,"ROIC_YEARLY":null,"TOTAL_ASSETS":null,"TOTAL_LIABILITIES":null,"TAX_EBT":23.212851405623,"OCF_SALES":-4.801205771171,"TOTAL_PARENT_EQUITY":null,"DEBT_ASSET_RATIO":null,"OPERATE_PROFIT":53479000,"PRETAX_PROFIT":59760000,"NETCASH_OPERATE":-27650000,"NETCASH_INVEST":223429000,"NETCASH_FINANCE":-9815000,"END_CASH":933008000,"DIVI_RATIO":0.403042857888,"DIVIDEND_RATE":6.981981981982,"CURRENT_RATIO":null,"COMMON_ACS":null,"CURRENTDEBT_DEBT":null,"ISSUED_COMMON_SHARES":146667200,"HK_COMMON_SHARES":36667200,"PER_SHARES":400,"TOTAL_MARKET_CAP":488401776,"HKSK_MARKET_CAP":122101776,"PE_TTM":4.387102034794,"PB_TTM":0.53588825857,"REPORT_DATE_SQ":"2020-06-30 00:00:00","REPORT_TYPE_SQ":"2020年中报","OPERATE_INCOME_SQ":null,"DPS_HKD":0.2325,"OPERATE_INCOME_QOQ_SQ":0,"NET_PROFIT_RATIO_SQ":null,"HOLDER_PROFIT_SQ":null,"HOLDER_PROFIT_QOQ_SQ":0,"ROE_AVG_SQ":null,"PE_TTM_SQ":3.774345403039,"PB_TTM_SQ":0.586240029011,"ROA_SQ":null,"START_DATE":"2021-01-01 00:00:00","FISCAL_YEAR":"12-31","CURRENCY":"HKD","IS_CNY_CODE":0,"DPS_HKD_LY":null,"ORG_TYPE":"一般企业","PREMIUM_INCOME":null,"PREMIUM_INCOME_YOY":null,"NET_INTEREST_INCOME":null,"NET_INTEREST_INCOME_YOY":null,"FEE_COMMISSION_INCOME":null,"FEE_COMMISSION_INCOME_YOY":null,"ACCOUNTS_RECE_TDAYS":null,"INVENTORY_TDAYS":null,"CURRENT_ASSETS_TDAYS":0.867434945806,"TOTAL_ASSETS_TDAYS":0.727955652493,"PREMIUM_EXPENSE":null,"LOAN_DEPOSIT":null,"LOAN_EQUITY":null,"LOAN_ASSETS":null,"DEPOSIT_EQUITY":null,"DEPOSIT_ASSETS":null,"EQUITY_MULTIPLIER":null,"EQUITY_RATIO":null},{"SECUCODE":"02210.HK","SECURITY_CODE":"02210","SECURITY_NAME_ABBR":"京城佳业","ORG_CODE":"10000149209","STD_REPORT_DATE":"2020-12-31 00:00:00","REPORT_DATE":"2020-12-31 00:00:00","DATE_TYPE_CODE":"001","REPORT_TYPE":"2020年年报","PER_NETCASH_OPERATE":2.104754545455,"PER_OI":9.914127272727,"BPS":2.673488005498,"BASIC_EPS":0.56,"DILUTED_EPS":null,"OPERATE_INCOME":1090554000,"OPERATE_INCOME_YOY":4.3180063764,"GROSS_PROFIT":226474000,"GROSS_PROFIT_YOY":9.324283879937,"HOLDER_PROFIT":57504000,"HOLDER_PROFIT_YOY":51.5975956976,"GROSS_PROFIT_RATIO":20.766876284897,"EPS_TTM":0.522763636364,"OPERATE_INCOME_QOQ":4.318006376427,"NET_PROFIT_RATIO":6.304777205,"ROE_AVG":13.959314463271,"GROSS_PROFIT_QOQ":9.324283879937,"ROA":3.649781202903,"HOLDER_PROFIT_QOQ":51.597595697564,"ROE_YEARLY":13.959314463271,"ROIC_YEARLY":5.664104535352,"TOTAL_ASSETS":1582231000,"TOTAL_LIABILITIES":1168109000,"TAX_EBT":24.492642213925,"OCF_SALES":21.229851983487,"TOTAL_PARENT_EQUITY":392113000,"DEBT_ASSET_RATIO":73.8267041917,"OPERATE_PROFIT":80922000,"PRETAX_PROFIT":91060000,"NETCASH_OPERATE":231523000,"NETCASH_INVEST":192036000,"NETCASH_FINANCE":29837000,"END_CASH":747044000,"DIVI_RATIO":0.403042857888,"DIVIDEND_RATE":6.981981981982,"CURRENT_RATIO":1.236824088624,"COMMON_ACS":null,"CURRENTDEBT_DEBT":91.906577211545,"ISSUED_COMMON_SHARES":146667200,"HK_COMMON_SHARES":36667200,"PER_SHARES":400,"TOTAL_MARKET_CAP":488401776,"HKSK_MARKET_CAP":122101776,"PE_TTM":4.387102034794,"PB_TTM":0.53588825857,"REPORT_DATE_SQ":"2019-12-31 00:00:00","REPORT_TYPE_SQ":"2019年年报","OPERATE_INCOME_SQ":1045413000,"DPS_HKD":0.2325,"OPERATE_INCOME_QOQ_SQ":13.895292589816,"NET_PROFIT_RATIO_SQ":4.8898377962,"HOLDER_PROFIT_SQ":37932000,"HOLDER_PROFIT_QOQ_SQ":2.885971574265,"ROE_AVG_SQ":9.179402728992,"PE_TTM_SQ":3.774345403039,"PB_TTM_SQ":0.586240029011,"ROA_SQ":2.515328737724,"START_DATE":"2020-01-01 00:00:00","FISCAL_YEAR":"12-31","CURRENCY":"HKD","IS_CNY_CODE":0,"DPS_HKD_LY":null,"ORG_TYPE":"一般企业","PREMIUM_INCOME":null,"PREMIUM_INCOME_YOY":null,"NET_INTEREST_INCOME":null,"NET_INTEREST_INCOME_YOY":null,"FEE_COMMISSION_INCOME":null,"FEE_COMMISSION_INCOME_YOY":null,"ACCOUNTS_RECE_TDAYS":null,"INVENTORY_TDAYS":217.07825650044,"CURRENT_ASSETS_TDAYS":0.883298228591,"TOTAL_ASSETS_TDAYS":0.692175064335,"PREMIUM_EXPENSE":null,"LOAN_DEPOSIT":null,"LOAN_EQUITY":null,"LOAN_ASSETS":null,"DEPOSIT_EQUITY":null,"DEPOSIT_ASSETS":null,"EQUITY_MULTIPLIER":3.820688106398,"EQUITY_RATIO":2.979011152397},{"SECUCODE":"02210.HK","SECURITY_CODE":"02210","SECURITY_NAME_ABBR":"京城佳业","ORG_CODE":"10000149209","STD_REPORT_DATE":"2019-12-31 00:00:00","REPORT_DATE":"2019-12-31 00:00:00","DATE_TYPE_CODE":"001","REPORT_TYPE":"2019年年报","PER_NETCASH_OPERATE":null,"PER_OI":null,"BPS":2.943855204163,"BASIC_EPS":null,"DILUTED_EPS":null,"OPERATE_INCOME":1045413000,"OPERATE_INCOME_YOY":13.8952925898,"GROSS_PROFIT":207158000,"GROSS_PROFIT_YOY":8.300920117106,"HOLDER_PROFIT":37932000,"HOLDER_PROFIT_YOY":2.8859715743,"GROSS_PROFIT_RATIO":19.815900510133,"EPS_TTM":null,"OPERATE_INCOME_QOQ":13.895292589816,"NET_PROFIT_RATIO":4.8898377962,"ROE_AVG":9.179402728992,"GROSS_PROFIT_QOQ":8.300920117106,"ROA":2.515328737724,"HOLDER_PROFIT_QOQ":2.885971574265,"ROE_YEARLY":9.179402728992,"ROIC_YEARLY":3.330820495101,"TOTAL_ASSETS":1568862000,"TOTAL_LIABILITIES":1079174000,"TAX_EBT":24.575433419402,"OCF_SALES":5.356830267081,"TOTAL_PARENT_EQUITY":431767000,"DEBT_ASSET_RATIO":68.7870571153,"OPERATE_PROFIT":null,"PRETAX_PROFIT":67775000,"NETCASH_OPERATE":56001000,"NETCASH_INVEST":-70584000,"NETCASH_FINANCE":-27380000,"END_CASH":293648000,"DIVI_RATIO":null,"DIVIDEND_RATE":6.981981981982,"CURRENT_RATIO":1.191473082644,"COMMON_ACS":null,"CURRENTDEBT_DEBT":88.773914123209,"ISSUED_COMMON_SHARES":146667200,"HK_COMMON_SHARES":36667200,"PER_SHARES":400,"TOTAL_MARKET_CAP":488401776,"HKSK_MARKET_CAP":122101776,"PE_TTM":4.387102034794,"PB_TTM":0.53588825857,"REPORT_DATE_SQ":"2018-12-31 00:00:00","REPORT_TYPE_SQ":"2018年年报","OPERATE_INCOME_SQ":917872000,"DPS_HKD":0.2325,"OPERATE_INCOME_QOQ_SQ":null,"NET_PROFIT_RATIO_SQ":4.5079270312,"HOLDER_PROFIT_SQ":36868000,"HOLDER_PROFIT_QOQ_SQ":null,"ROE_AVG_SQ":9.340954465761,"PE_TTM_SQ":3.774345403039,"PB_TTM_SQ":0.586240029011,"ROA_SQ":2.547531275804,"START_DATE":"2019-01-01 00:00:00","FISCAL_YEAR":"12-31","CURRENCY":"HKD","IS_CNY_CODE":0,"DPS_HKD_LY":null,"ORG_TYPE":"一般企业","PREMIUM_INCOME":null,"PREMIUM_INCOME_YOY":null,"NET_INTEREST_INCOME":null,"NET_INTEREST_INCOME_YOY":null,"FEE_COMMISSION_INCOME":null,"FEE_COMMISSION_INCOME_YOY":null,"ACCOUNTS_RECE_TDAYS":null,"INVENTORY_TDAYS":945.578116187253,"CURRENT_ASSETS_TDAYS":0.94288466447,"TOTAL_ASSETS_TDAYS":0.693229294973,"PREMIUM_EXPENSE":null,"LOAN_DEPOSIT":null,"LOAN_EQUITY":null,"LOAN_ASSETS":null,"DEPOSIT_EQUITY":null,"DEPOSIT_ASSETS":null,"EQUITY_MULTIPLIER":3.203799153748,"EQUITY_RATIO":2.499436038419}],"count":10},"success":true,"message":"ok","code":0}