{"version":"7f18920d881866872d4e6a7c20a047ae","result":{"pages":3,"data":[{"SECUCODE":"02212.HK","SECURITY_CODE":"02212","SECURITY_NAME_ABBR":"高鹏矿业","ORG_CODE":"10431938","STD_REPORT_DATE":"2024-06-30 00:00:00","REPORT_DATE":"2024-06-30 00:00:00","DATE_TYPE_CODE":"002","REPORT_TYPE":"2024年中报","PER_NETCASH_OPERATE":0.001500105577,"PER_OI":0.042624835368,"BPS":0.052869227252,"BASIC_EPS":-0.0094,"DILUTED_EPS":-0.0094,"OPERATE_INCOME":44895000,"OPERATE_INCOME_YOY":289.5106715252,"GROSS_PROFIT":1091000,"GROSS_PROFIT_YOY":2271.73913043478,"HOLDER_PROFIT":-9742000,"HOLDER_PROFIT_YOY":-1.2471419663,"GROSS_PROFIT_RATIO":2.430114712106,"EPS_TTM":-0.018726634431,"OPERATE_INCOME_QOQ":42.924400879867,"NET_PROFIT_RATIO":-21.6304710992,"ROE_AVG":-21.92218546772,"GROSS_PROFIT_QOQ":71.870701513067,"ROA":-6.39043861289,"HOLDER_PROFIT_QOQ":-0.612119975515,"ROE_YEARLY":-43.84437093544,"ROIC_YEARLY":-15.760629972214,"TOTAL_ASSETS":167044000,"TOTAL_LIABILITIES":111359000,"TAX_EBT":1.740362238187,"OCF_SALES":3.519322864462,"TOTAL_PARENT_EQUITY":55685000,"DEBT_ASSET_RATIO":66.6644716362,"OPERATE_PROFIT":-6306000,"PRETAX_PROFIT":-9883000,"NETCASH_OPERATE":1580000,"NETCASH_INVEST":373000,"NETCASH_FINANCE":29447000,"END_CASH":44583000,"DIVI_RATIO":null,"DIVIDEND_RATE":null,"CURRENT_RATIO":1.356438059095,"COMMON_ACS":16000000000,"CURRENTDEBT_DEBT":33.127093454503,"ISSUED_COMMON_SHARES":1053259200,"HK_COMMON_SHARES":1053259200,"PER_SHARES":10000,"TOTAL_MARKET_CAP":123231326.4,"HKSK_MARKET_CAP":123231326.4,"PE_TTM":-5.634580907017,"PB_TTM":2.019767746768,"REPORT_DATE_SQ":"2023-06-30 00:00:00","REPORT_TYPE_SQ":"2023年中报","OPERATE_INCOME_SQ":11526000,"DPS_HKD":null,"OPERATE_INCOME_QOQ_SQ":-2.125727881786,"NET_PROFIT_RATIO_SQ":-85.580426861,"HOLDER_PROFIT_SQ":-9622000,"HOLDER_PROFIT_QOQ_SQ":-63.426186985452,"ROE_AVG_SQ":-20.032895421707,"PE_TTM_SQ":-17.456184283311,"PB_TTM_SQ":5.800312859844,"ROA_SQ":-13.018800273311,"START_DATE":"2024-01-01 00:00:00","FISCAL_YEAR":"12-31","CURRENCY":"HKD","IS_CNY_CODE":0,"DPS_HKD_LY":null,"ORG_TYPE":"一般企业","PREMIUM_INCOME":null,"PREMIUM_INCOME_YOY":null,"NET_INTEREST_INCOME":null,"NET_INTEREST_INCOME_YOY":null,"FEE_COMMISSION_INCOME":null,"FEE_COMMISSION_INCOME_YOY":null,"ACCOUNTS_RECE_TDAYS":null,"INVENTORY_TDAYS":82.4934086629,"CURRENT_ASSETS_TDAYS":1.306302374302,"TOTAL_ASSETS_TDAYS":0.294496757879,"PREMIUM_EXPENSE":null,"LOAN_DEPOSIT":null,"LOAN_EQUITY":null,"LOAN_ASSETS":null,"DEPOSIT_EQUITY":null,"DEPOSIT_ASSETS":null,"EQUITY_MULTIPLIER":2.999802460266,"EQUITY_RATIO":1.999802460268},{"SECUCODE":"02212.HK","SECURITY_CODE":"02212","SECURITY_NAME_ABBR":"高鹏矿业","ORG_CODE":"10431938","STD_REPORT_DATE":"2023-12-31 00:00:00","REPORT_DATE":"2023-12-31 00:00:00","DATE_TYPE_CODE":"001","REPORT_TYPE":"2023年年报","PER_NETCASH_OPERATE":-0.001015134736,"PER_OI":0.088569651231,"BPS":0.031514559759,"BASIC_EPS":-0.0223,"DILUTED_EPS":-0.0223,"OPERATE_INCOME":77739000,"OPERATE_INCOME_YOY":21.6877465406,"GROSS_PROFIT":1454000,"GROSS_PROFIT_YOY":-83.043731778426,"HOLDER_PROFIT":-19604000,"HOLDER_PROFIT_YOY":-121.0894327281,"GROSS_PROFIT_RATIO":1.870361080024,"EPS_TTM":-0.022335242835,"OPERATE_INCOME_QOQ":24.33067843777,"NET_PROFIT_RATIO":-25.5367318849,"ROE_AVG":-45.736416023144,"GROSS_PROFIT_QOQ":-70.785613823589,"ROA":-18.50001179607,"HOLDER_PROFIT_QOQ":-35.283969360293,"ROE_YEARLY":-45.736416023144,"ROIC_YEARLY":-23.112337229797,"TOTAL_ASSETS":137849000,"TOTAL_LIABILITIES":104687000,"TAX_EBT":5.606010175455,"OCF_SALES":-1.146142862656,"TOTAL_PARENT_EQUITY":33193000,"DEBT_ASSET_RATIO":75.9432422433,"OPERATE_PROFIT":-16795000,"PRETAX_PROFIT":-21031000,"NETCASH_OPERATE":-891000,"NETCASH_INVEST":-63905000,"NETCASH_FINANCE":46636000,"END_CASH":13092000,"DIVI_RATIO":null,"DIVIDEND_RATE":null,"CURRENT_RATIO":1.462760131435,"COMMON_ACS":16000000000,"CURRENTDEBT_DEBT":12.209729956919,"ISSUED_COMMON_SHARES":1053259200,"HK_COMMON_SHARES":1053259200,"PER_SHARES":10000,"TOTAL_MARKET_CAP":135870436.8,"HKSK_MARKET_CAP":135870436.8,"PE_TTM":-6.21248664107,"PB_TTM":2.226923413103,"REPORT_DATE_SQ":"2022-12-31 00:00:00","REPORT_TYPE_SQ":"2022年年报","OPERATE_INCOME_SQ":63884000,"DPS_HKD":null,"OPERATE_INCOME_QOQ_SQ":310.091154191809,"NET_PROFIT_RATIO_SQ":-13.9800262977,"HOLDER_PROFIT_SQ":-8867000,"HOLDER_PROFIT_QOQ_SQ":0.202588632527,"ROE_AVG_SQ":-15.816558600822,"PE_TTM_SQ":-13.987327150089,"PB_TTM_SQ":4.647686586414,"ROA_SQ":-12.541636904972,"START_DATE":"2023-01-01 00:00:00","FISCAL_YEAR":"12-31","CURRENCY":"HKD","IS_CNY_CODE":0,"DPS_HKD_LY":null,"ORG_TYPE":"一般企业","PREMIUM_INCOME":null,"PREMIUM_INCOME_YOY":null,"NET_INTEREST_INCOME":null,"NET_INTEREST_INCOME_YOY":null,"FEE_COMMISSION_INCOME":null,"FEE_COMMISSION_INCOME_YOY":null,"ACCOUNTS_RECE_TDAYS":null,"INVENTORY_TDAYS":143.12382739212,"CURRENT_ASSETS_TDAYS":2.857158608523,"TOTAL_ASSETS_TDAYS":0.733611720575,"PREMIUM_EXPENSE":null,"LOAN_DEPOSIT":null,"LOAN_EQUITY":null,"LOAN_ASSETS":null,"DEPOSIT_EQUITY":null,"DEPOSIT_ASSETS":null,"EQUITY_MULTIPLIER":4.156836137744,"EQUITY_RATIO":3.153887867924},{"SECUCODE":"02212.HK","SECURITY_CODE":"02212","SECURITY_NAME_ABBR":"高鹏矿业","ORG_CODE":"10431938","STD_REPORT_DATE":"2023-06-30 00:00:00","REPORT_DATE":"2023-06-30 00:00:00","DATE_TYPE_CODE":"002","REPORT_TYPE":"2023年中报","PER_NETCASH_OPERATE":-0.011409157404,"PER_OI":0.013131810289,"BPS":0.041327908648,"BASIC_EPS":-0.011,"DILUTED_EPS":-0.011,"OPERATE_INCOME":11526000,"OPERATE_INCOME_YOY":-10.5402049053,"GROSS_PROFIT":46000,"GROSS_PROFIT_YOY":-98.737650933041,"HOLDER_PROFIT":-9622000,"HOLDER_PROFIT_YOY":-140.6703351676,"GROSS_PROFIT_RATIO":0.399097692174,"EPS_TTM":-0.01650989614,"OPERATE_INCOME_QOQ":-2.125727881786,"NET_PROFIT_RATIO":-85.580426861,"ROE_AVG":-20.032895421707,"GROSS_PROFIT_QOQ":-41.959183673469,"ROA":-13.018800273311,"HOLDER_PROFIT_QOQ":-63.426186985452,"ROE_YEARLY":-40.065790843414,"ROIC_YEARLY":-43.026908586824,"TOTAL_ASSETS":73731000,"TOTAL_LIABILITIES":30227000,"TAX_EBT":2.520011858879,"OCF_SALES":-86.881832378969,"TOTAL_PARENT_EQUITY":43529000,"DEBT_ASSET_RATIO":40.9963244768,"OPERATE_PROFIT":-9635000,"PRETAX_PROFIT":-10119000,"NETCASH_OPERATE":-10014000,"NETCASH_INVEST":55000,"NETCASH_FINANCE":7847000,"END_CASH":29158000,"DIVI_RATIO":null,"DIVIDEND_RATE":null,"CURRENT_RATIO":1.363353922403,"COMMON_ACS":16000000000,"CURRENTDEBT_DEBT":89.446521321997,"ISSUED_COMMON_SHARES":1053259200,"HK_COMMON_SHARES":1053259200,"PER_SHARES":10000,"TOTAL_MARKET_CAP":135870436.8,"HKSK_MARKET_CAP":135870436.8,"PE_TTM":-6.21248664107,"PB_TTM":2.226923413103,"REPORT_DATE_SQ":"2022-06-30 00:00:00","REPORT_TYPE_SQ":"2022年中报","OPERATE_INCOME_SQ":12884000,"DPS_HKD":null,"OPERATE_INCOME_QOQ_SQ":-36.846799367576,"NET_PROFIT_RATIO_SQ":-31.0928283142,"HOLDER_PROFIT_SQ":-3998000,"HOLDER_PROFIT_QOQ_SQ":-256.684062625452,"ROE_AVG_SQ":-6.878042906051,"PE_TTM_SQ":-13.987327150089,"PB_TTM_SQ":4.647686586414,"ROA_SQ":-5.933203232245,"START_DATE":"2023-01-01 00:00:00","FISCAL_YEAR":"12-31","CURRENCY":"HKD","IS_CNY_CODE":0,"DPS_HKD_LY":null,"ORG_TYPE":"一般企业","PREMIUM_INCOME":null,"PREMIUM_INCOME_YOY":null,"NET_INTEREST_INCOME":null,"NET_INTEREST_INCOME_YOY":null,"FEE_COMMISSION_INCOME":null,"FEE_COMMISSION_INCOME_YOY":null,"ACCOUNTS_RECE_TDAYS":480.25,"INVENTORY_TDAYS":21.457943925234,"CURRENT_ASSETS_TDAYS":0.317603780604,"TOTAL_ASSETS_TDAYS":0.155949586313,"PREMIUM_EXPENSE":null,"LOAN_DEPOSIT":null,"LOAN_EQUITY":null,"LOAN_ASSETS":null,"DEPOSIT_EQUITY":null,"DEPOSIT_ASSETS":null,"EQUITY_MULTIPLIER":1.694809672673,"EQUITY_RATIO":0.694410622803},{"SECUCODE":"02212.HK","SECURITY_CODE":"02212","SECURITY_NAME_ABBR":"高鹏矿业","ORG_CODE":"10431938","STD_REPORT_DATE":"2022-12-31 00:00:00","REPORT_DATE":"2022-12-31 00:00:00","DATE_TYPE_CODE":"001","REPORT_TYPE":"2022年年报","PER_NETCASH_OPERATE":-0.003968253968,"PER_OI":0.072784363051,"BPS":0.049876611569,"BASIC_EPS":-0.0101,"DILUTED_EPS":-0.0101,"OPERATE_INCOME":63884000,"OPERATE_INCOME_YOY":158.9856893826,"GROSS_PROFIT":8575000,"GROSS_PROFIT_YOY":142.986681779541,"HOLDER_PROFIT":-8867000,"HOLDER_PROFIT_YOY":-255.9614612605,"GROSS_PROFIT_RATIO":13.422766263853,"EPS_TTM":-0.010102356571,"OPERATE_INCOME_QOQ":310.091154191809,"NET_PROFIT_RATIO":-13.9800262977,"ROE_AVG":-15.816558600822,"GROSS_PROFIT_QOQ":431.618102913825,"ROA":-12.541636904972,"HOLDER_PROFIT_QOQ":0.202588632527,"ROE_YEARLY":-15.816558600822,"ROIC_YEARLY":-20.128712983667,"TOTAL_ASSETS":74086000,"TOTAL_LIABILITIES":23543000,"TAX_EBT":-14.5,"OCF_SALES":-5.452069375744,"TOTAL_PARENT_EQUITY":52533000,"DEBT_ASSET_RATIO":31.7779337527,"OPERATE_PROFIT":-7485000,"PRETAX_PROFIT":-7800000,"NETCASH_OPERATE":-3483000,"NETCASH_INVEST":3249000,"NETCASH_FINANCE":5276000,"END_CASH":31223000,"DIVI_RATIO":null,"DIVIDEND_RATE":null,"CURRENT_RATIO":1.927372794475,"COMMON_ACS":16000000000,"CURRENTDEBT_DEBT":78.719789321667,"ISSUED_COMMON_SHARES":1053259200,"HK_COMMON_SHARES":1053259200,"PER_SHARES":10000,"TOTAL_MARKET_CAP":135870436.8,"HKSK_MARKET_CAP":135870436.8,"PE_TTM":-6.21248664107,"PB_TTM":2.226923413103,"REPORT_DATE_SQ":"2021-12-31 00:00:00","REPORT_TYPE_SQ":"2021年年报","OPERATE_INCOME_SQ":24667000,"DPS_HKD":null,"OPERATE_INCOME_QOQ_SQ":-37.597713071416,"NET_PROFIT_RATIO_SQ":-10.9012040378,"HOLDER_PROFIT_SQ":-2491000,"HOLDER_PROFIT_QOQ_SQ":-48.894202032277,"ROE_AVG_SQ":-4.061766240543,"PE_TTM_SQ":-13.987327150089,"PB_TTM_SQ":4.647686586414,"ROA_SQ":-3.552405467653,"START_DATE":"2022-01-01 00:00:00","FISCAL_YEAR":"12-31","CURRENCY":"HKD","IS_CNY_CODE":0,"DPS_HKD_LY":null,"ORG_TYPE":"一般企业","PREMIUM_INCOME":null,"PREMIUM_INCOME_YOY":null,"NET_INTEREST_INCOME":null,"NET_INTEREST_INCOME_YOY":null,"FEE_COMMISSION_INCOME":null,"FEE_COMMISSION_INCOME_YOY":null,"ACCOUNTS_RECE_TDAYS":null,"INVENTORY_TDAYS":30.540585311982,"CURRENT_ASSETS_TDAYS":1.852596169182,"TOTAL_ASSETS_TDAYS":0.903586254694,"PREMIUM_EXPENSE":null,"LOAN_DEPOSIT":null,"LOAN_EQUITY":null,"LOAN_ASSETS":null,"DEPOSIT_EQUITY":null,"DEPOSIT_ASSETS":null,"EQUITY_MULTIPLIER":1.465801396831,"EQUITY_RATIO":0.448156396931},{"SECUCODE":"02212.HK","SECURITY_CODE":"02212","SECURITY_NAME_ABBR":"高鹏矿业","ORG_CODE":"10431938","STD_REPORT_DATE":"2022-06-30 00:00:00","REPORT_DATE":"2022-06-30 00:00:00","DATE_TYPE_CODE":"002","REPORT_TYPE":"2022年中报","PER_NETCASH_OPERATE":0.0000991209,"PER_OI":0.002935801558,"BPS":0.053798723049,"BASIC_EPS":-0.0046,"DILUTED_EPS":-0.0046,"OPERATE_INCOME":12884000,"OPERATE_INCOME_YOY":-41.3644017658,"GROSS_PROFIT":3644000,"GROSS_PROFIT_YOY":-34.460431654676,"HOLDER_PROFIT":-3998000,"HOLDER_PROFIT_YOY":-266.8614357262,"GROSS_PROFIT_RATIO":28.283141881403,"EPS_TTM":-0.002024572869,"OPERATE_INCOME_QOQ":-36.846799367576,"NET_PROFIT_RATIO":-31.0928283142,"ROE_AVG":-6.878042906051,"GROSS_PROFIT_QOQ":-54.293000850099,"ROA":-5.933203232245,"HOLDER_PROFIT_QOQ":-256.684062625452,"ROE_YEARLY":-13.756085812101,"ROIC_YEARLY":-19.364291336199,"TOTAL_ASSETS":67452000,"TOTAL_LIABILITIES":12722000,"TAX_EBT":0.273836196166,"OCF_SALES":3.376280658181,"TOTAL_PARENT_EQUITY":56664000,"DEBT_ASSET_RATIO":18.8608195458,"OPERATE_PROFIT":-3940000,"PRETAX_PROFIT":-4017000,"NETCASH_OPERATE":435000,"NETCASH_INVEST":3419000,"NETCASH_FINANCE":153000,"END_CASH":30051000,"DIVI_RATIO":null,"DIVIDEND_RATE":null,"CURRENT_RATIO":3.551914849212,"COMMON_ACS":16000000000,"CURRENTDEBT_DEBT":75.326206571294,"ISSUED_COMMON_SHARES":1053259200,"HK_COMMON_SHARES":1053259200,"PER_SHARES":10000,"TOTAL_MARKET_CAP":135870436.8,"HKSK_MARKET_CAP":135870436.8,"PE_TTM":-6.21248664107,"PB_TTM":2.226923413103,"REPORT_DATE_SQ":"2021-06-30 00:00:00","REPORT_TYPE_SQ":"2021年中报","OPERATE_INCOME_SQ":21973000,"DPS_HKD":null,"OPERATE_INCOME_QOQ_SQ":95.224219676017,"NET_PROFIT_RATIO_SQ":10.5584125973,"HOLDER_PROFIT_SQ":2396000,"HOLDER_PROFIT_QOQ_SQ":85.776228532563,"ROE_AVG_SQ":3.739980800599,"PE_TTM_SQ":-13.987327150089,"PB_TTM_SQ":4.647686586414,"ROA_SQ":3.270498628192,"START_DATE":"2022-01-01 00:00:00","FISCAL_YEAR":"12-31","CURRENCY":"HKD","IS_CNY_CODE":0,"DPS_HKD_LY":null,"ORG_TYPE":"一般企业","PREMIUM_INCOME":null,"PREMIUM_INCOME_YOY":null,"NET_INTEREST_INCOME":null,"NET_INTEREST_INCOME_YOY":null,"FEE_COMMISSION_INCOME":null,"FEE_COMMISSION_INCOME_YOY":null,"ACCOUNTS_RECE_TDAYS":null,"INVENTORY_TDAYS":4.226898444648,"CURRENT_ASSETS_TDAYS":0.382967972059,"TOTAL_ASSETS_TDAYS":0.19120407815,"PREMIUM_EXPENSE":null,"LOAN_DEPOSIT":null,"LOAN_EQUITY":null,"LOAN_ASSETS":null,"DEPOSIT_EQUITY":null,"DEPOSIT_ASSETS":null,"EQUITY_MULTIPLIER":1.232450210123,"EQUITY_RATIO":0.224516447833},{"SECUCODE":"02212.HK","SECURITY_CODE":"02212","SECURITY_NAME_ABBR":"高鹏矿业","ORG_CODE":"10431938","STD_REPORT_DATE":"2021-12-31 00:00:00","REPORT_DATE":"2021-12-31 00:00:00","DATE_TYPE_CODE":"001","REPORT_TYPE":"2021年年报","PER_NETCASH_OPERATE":-0.000974802784,"PER_OI":0.005620724699,"BPS":0.056576766669,"BASIC_EPS":-0.0028,"DILUTED_EPS":-0.0028,"OPERATE_INCOME":24667000,"OPERATE_INCOME_YOY":21.8243777163,"GROSS_PROFIT":3529000,"GROSS_PROFIT_YOY":267.489321309919,"HOLDER_PROFIT":-2491000,"HOLDER_PROFIT_YOY":78.8216289747,"GROSS_PROFIT_RATIO":14.306563424819,"EPS_TTM":-0.000567609568,"OPERATE_INCOME_QOQ":-37.597713071416,"NET_PROFIT_RATIO":-10.9012040378,"ROE_AVG":-4.061766240543,"GROSS_PROFIT_QOQ":44.868637110016,"ROA":-3.552405467653,"HOLDER_PROFIT_QOQ":-48.894202032277,"ROE_YEARLY":-4.061766240543,"ROIC_YEARLY":-5.405170823795,"TOTAL_ASSETS":67315000,"TOTAL_LIABILITIES":9649000,"TAX_EBT":30.731581658939,"OCF_SALES":-17.343008878258,"TOTAL_PARENT_EQUITY":59590000,"DEBT_ASSET_RATIO":14.334100869,"OPERATE_PROFIT":-3702000,"PRETAX_PROFIT":-3882000,"NETCASH_OPERATE":-4278000,"NETCASH_INVEST":5850000,"NETCASH_FINANCE":-1139000,"END_CASH":25989000,"DIVI_RATIO":null,"DIVIDEND_RATE":null,"CURRENT_RATIO":5.190788446526,"COMMON_ACS":16000000000,"CURRENTDEBT_DEBT":66.379935744637,"ISSUED_COMMON_SHARES":1053259200,"HK_COMMON_SHARES":1053259200,"PER_SHARES":10000,"TOTAL_MARKET_CAP":135870436.8,"HKSK_MARKET_CAP":135870436.8,"PE_TTM":-6.21248664107,"PB_TTM":2.226923413103,"REPORT_DATE_SQ":"2020-12-31 00:00:00","REPORT_TYPE_SQ":"2020年年报","OPERATE_INCOME_SQ":20248000,"DPS_HKD":null,"OPERATE_INCOME_QOQ_SQ":162.008281573499,"NET_PROFIT_RATIO_SQ":-58.277360727,"HOLDER_PROFIT_SQ":-11762000,"HOLDER_PROFIT_QOQ_SQ":20.895823525456,"ROE_AVG_SQ":-18.429814871397,"PE_TTM_SQ":-13.987327150089,"PB_TTM_SQ":4.647686586414,"ROA_SQ":-16.083576619878,"START_DATE":"2021-01-01 00:00:00","FISCAL_YEAR":"12-31","CURRENCY":"HKD","IS_CNY_CODE":0,"DPS_HKD_LY":null,"ORG_TYPE":"一般企业","PREMIUM_INCOME":null,"PREMIUM_INCOME_YOY":null,"NET_INTEREST_INCOME":null,"NET_INTEREST_INCOME_YOY":null,"FEE_COMMISSION_INCOME":null,"FEE_COMMISSION_INCOME_YOY":null,"ACCOUNTS_RECE_TDAYS":null,"INVENTORY_TDAYS":12.2681369704,"CURRENT_ASSETS_TDAYS":0.695462170658,"TOTAL_ASSETS_TDAYS":0.351775133162,"PREMIUM_EXPENSE":null,"LOAN_DEPOSIT":null,"LOAN_EQUITY":null,"LOAN_ASSETS":null,"DEPOSIT_EQUITY":null,"DEPOSIT_ASSETS":null,"EQUITY_MULTIPLIER":1.167325633822,"EQUITY_RATIO":0.161923141467},{"SECUCODE":"02212.HK","SECURITY_CODE":"02212","SECURITY_NAME_ABBR":"高鹏矿业","ORG_CODE":"10431938","STD_REPORT_DATE":"2021-06-30 00:00:00","REPORT_DATE":"2021-06-30 00:00:00","DATE_TYPE_CODE":"002","REPORT_TYPE":"2021年中报","PER_NETCASH_OPERATE":0.000280045026,"PER_OI":0.005006858711,"BPS":0.061773018455,"BASIC_EPS":0.0005,"DILUTED_EPS":0.0005,"OPERATE_INCOME":21973000,"OPERATE_INCOME_YOY":716.2332838039,"GROSS_PROFIT":5560000,"GROSS_PROFIT_YOY":446.705998033432,"HOLDER_PROFIT":2396000,"HOLDER_PROFIT_YOY":131.1451969323,"GROSS_PROFIT_RATIO":25.303781914167,"EPS_TTM":-0.000381216703,"OPERATE_INCOME_QOQ":95.224219676017,"NET_PROFIT_RATIO":10.5584125973,"ROE_AVG":3.739980800599,"GROSS_PROFIT_QOQ":215.614617940199,"ROA":3.270498628192,"HOLDER_PROFIT_QOQ":85.776228532563,"ROE_YEARLY":7.479961601199,"ROIC_YEARLY":9.876136106016,"TOTAL_ASSETS":73594000,"TOTAL_LIABILITIES":10334000,"TAX_EBT":-3.340757238307,"OCF_SALES":5.59322805261,"TOTAL_PARENT_EQUITY":65063000,"DEBT_ASSET_RATIO":14.0419055901,"OPERATE_PROFIT":2336000,"PRETAX_PROFIT":2245000,"NETCASH_OPERATE":1229000,"NETCASH_INVEST":821000,"NETCASH_FINANCE":-420000,"END_CASH":27276000,"DIVI_RATIO":null,"DIVIDEND_RATE":null,"CURRENT_RATIO":6.85011502389,"COMMON_ACS":16000000000,"CURRENTDEBT_DEBT":54.683568802013,"ISSUED_COMMON_SHARES":1053259200,"HK_COMMON_SHARES":1053259200,"PER_SHARES":10000,"TOTAL_MARKET_CAP":135870436.8,"HKSK_MARKET_CAP":135870436.8,"PE_TTM":-6.21248664107,"PB_TTM":2.226923413103,"REPORT_DATE_SQ":"2020-06-30 00:00:00","REPORT_TYPE_SQ":"2020年中报","OPERATE_INCOME_SQ":2692000,"DPS_HKD":null,"OPERATE_INCOME_QOQ_SQ":25.945241199478,"NET_PROFIT_RATIO_SQ":-286.7756315007,"HOLDER_PROFIT_SQ":-7693000,"HOLDER_PROFIT_QOQ_SQ":20.972628222163,"ROE_AVG_SQ":-12.4954317689,"PE_TTM_SQ":-13.987327150089,"PB_TTM_SQ":4.647686586414,"ROA_SQ":-10.771945055099,"START_DATE":"2021-01-01 00:00:00","FISCAL_YEAR":"12-31","CURRENCY":"HKD","IS_CNY_CODE":0,"DPS_HKD_LY":null,"ORG_TYPE":"一般企业","PREMIUM_INCOME":null,"PREMIUM_INCOME_YOY":null,"NET_INTEREST_INCOME":null,"NET_INTEREST_INCOME_YOY":null,"FEE_COMMISSION_INCOME":null,"FEE_COMMISSION_INCOME_YOY":null,"ACCOUNTS_RECE_TDAYS":null,"INVENTORY_TDAYS":17.204402515723,"CURRENT_ASSETS_TDAYS":0.575209424084,"TOTAL_ASSETS_TDAYS":0.299927655915,"PREMIUM_EXPENSE":null,"LOAN_DEPOSIT":null,"LOAN_EQUITY":null,"LOAN_ASSETS":null,"DEPOSIT_EQUITY":null,"DEPOSIT_ASSETS":null,"EQUITY_MULTIPLIER":1.163357571925,"EQUITY_RATIO":0.15883067181},{"SECUCODE":"02212.HK","SECURITY_CODE":"02212","SECURITY_NAME_ABBR":"高鹏矿业","ORG_CODE":"10431938","STD_REPORT_DATE":"2020-12-31 00:00:00","REPORT_DATE":"2020-12-31 00:00:00","DATE_TYPE_CODE":"001","REPORT_TYPE":"2020年年报","PER_NETCASH_OPERATE":-0.000325845718,"PER_OI":0.004613793072,"BPS":0.059876998938,"BASIC_EPS":-0.003,"DILUTED_EPS":-0.003,"OPERATE_INCOME":20248000,"OPERATE_INCOME_YOY":229.9869621904,"GROSS_PROFIT":-2107000,"GROSS_PROFIT_YOY":-191.054451166811,"HOLDER_PROFIT":-11762000,"HOLDER_PROFIT_YOY":37.4860483657,"GROSS_PROFIT_RATIO":-10.405966021335,"EPS_TTM":-0.002680137995,"OPERATE_INCOME_QOQ":162.008281573499,"NET_PROFIT_RATIO":-58.277360727,"ROE_AVG":-18.429814871397,"GROSS_PROFIT_QOQ":-149.658260664624,"ROA":-16.083576619878,"HOLDER_PROFIT_QOQ":20.895823525456,"ROE_YEARLY":-18.429814871397,"ROIC_YEARLY":-25.561230033685,"TOTAL_ASSETS":72928000,"TOTAL_LIABILITIES":11589000,"TAX_EBT":8.463268947328,"OCF_SALES":-7.062425918609,"TOTAL_PARENT_EQUITY":63066000,"DEBT_ASSET_RATIO":15.8910157964,"OPERATE_PROFIT":-12680000,"PRETAX_PROFIT":-12891000,"NETCASH_OPERATE":-1430000,"NETCASH_INVEST":-14156000,"NETCASH_FINANCE":9774000,"END_CASH":25734000,"DIVI_RATIO":null,"DIVIDEND_RATE":null,"CURRENT_RATIO":5.201490477505,"COMMON_ACS":16000000000,"CURRENTDEBT_DEBT":62.524808007593,"ISSUED_COMMON_SHARES":1053259200,"HK_COMMON_SHARES":1053259200,"PER_SHARES":10000,"TOTAL_MARKET_CAP":135870436.8,"HKSK_MARKET_CAP":135870436.8,"PE_TTM":-6.21248664107,"PB_TTM":2.226923413103,"REPORT_DATE_SQ":"2019-12-31 00:00:00","REPORT_TYPE_SQ":"2019年年报","OPERATE_INCOME_SQ":6136000,"DPS_HKD":null,"OPERATE_INCOME_QOQ_SQ":-70.758673274876,"NET_PROFIT_RATIO_SQ":-333.6701434159,"HOLDER_PROFIT_SQ":-18815000,"HOLDER_PROFIT_QOQ_SQ":61.827182535657,"ROE_AVG_SQ":-25.483530176617,"PE_TTM_SQ":-13.987327150089,"PB_TTM_SQ":4.647686586414,"ROA_SQ":-20.307170919138,"START_DATE":"2020-01-01 00:00:00","FISCAL_YEAR":"12-31","CURRENCY":"HKD","IS_CNY_CODE":0,"DPS_HKD_LY":null,"ORG_TYPE":"一般企业","PREMIUM_INCOME":null,"PREMIUM_INCOME_YOY":null,"NET_INTEREST_INCOME":null,"NET_INTEREST_INCOME_YOY":null,"FEE_COMMISSION_INCOME":null,"FEE_COMMISSION_INCOME_YOY":null,"ACCOUNTS_RECE_TDAYS":null,"INVENTORY_TDAYS":101.845102505695,"CURRENT_ASSETS_TDAYS":0.523231174738,"TOTAL_ASSETS_TDAYS":0.276874901717,"PREMIUM_EXPENSE":null,"LOAN_DEPOSIT":null,"LOAN_EQUITY":null,"LOAN_ASSETS":null,"DEPOSIT_EQUITY":null,"DEPOSIT_ASSETS":null,"EQUITY_MULTIPLIER":1.188933631132,"EQUITY_RATIO":0.183759870612},{"SECUCODE":"02212.HK","SECURITY_CODE":"02212","SECURITY_NAME_ABBR":"高鹏矿业","ORG_CODE":"10431938","STD_REPORT_DATE":"2020-06-30 00:00:00","REPORT_DATE":"2020-06-30 00:00:00","DATE_TYPE_CODE":"002","REPORT_TYPE":"2020年中报","PER_NETCASH_OPERATE":-0.001558397933,"PER_OI":0.000695607235,"BPS":0.055596950874,"BASIC_EPS":-0.002,"DILUTED_EPS":-0.002,"OPERATE_INCOME":2692000,"OPERATE_INCOME_YOY":144.7272727273,"GROSS_PROFIT":1017000,"GROSS_PROFIT_YOY":211.513157894737,"HOLDER_PROFIT":-7693000,"HOLDER_PROFIT_YOY":33.9032562935,"GROSS_PROFIT_RATIO":37.778603268945,"EPS_TTM":-0.003842118863,"OPERATE_INCOME_QOQ":25.945241199478,"NET_PROFIT_RATIO":-286.7756315007,"ROE_AVG":-12.4954317689,"GROSS_PROFIT_QOQ":83.362143474503,"ROA":-10.771945055099,"HOLDER_PROFIT_QOQ":20.972628222163,"ROE_YEARLY":-24.990863537801,"ROIC_YEARLY":-29.763321049628,"TOTAL_ASSETS":69501000,"TOTAL_LIABILITIES":12644000,"TAX_EBT":0.974858902001,"OCF_SALES":-224.034175334324,"TOTAL_PARENT_EQUITY":58558000,"DEBT_ASSET_RATIO":18.1925439922,"OPERATE_PROFIT":-6823000,"PRETAX_PROFIT":-7796000,"NETCASH_OPERATE":-6031000,"NETCASH_INVEST":-15526000,"NETCASH_FINANCE":-1111000,"END_CASH":10922000,"DIVI_RATIO":null,"DIVIDEND_RATE":null,"CURRENT_RATIO":5.056194989844,"COMMON_ACS":16000000000,"CURRENTDEBT_DEBT":58.407149636191,"ISSUED_COMMON_SHARES":1053259200,"HK_COMMON_SHARES":1053259200,"PER_SHARES":10000,"TOTAL_MARKET_CAP":135870436.8,"HKSK_MARKET_CAP":135870436.8,"PE_TTM":-6.21248664107,"PB_TTM":2.226923413103,"REPORT_DATE_SQ":"2019-06-30 00:00:00","REPORT_TYPE_SQ":"2019年中报","OPERATE_INCOME_SQ":1100000,"DPS_HKD":null,"OPERATE_INCOME_QOQ_SQ":-45.842151447891,"NET_PROFIT_RATIO_SQ":-1126,"HOLDER_PROFIT_SQ":-11639000,"HOLDER_PROFIT_QOQ_SQ":0.482555322242,"ROE_AVG_SQ":-15.021165660007,"PE_TTM_SQ":-13.987327150089,"PB_TTM_SQ":4.647686586414,"ROA_SQ":-11.158193444478,"START_DATE":"2020-01-01 00:00:00","FISCAL_YEAR":"12-31","CURRENCY":"HKD","IS_CNY_CODE":0,"DPS_HKD_LY":null,"ORG_TYPE":"一般企业","PREMIUM_INCOME":null,"PREMIUM_INCOME_YOY":null,"NET_INTEREST_INCOME":null,"NET_INTEREST_INCOME_YOY":null,"FEE_COMMISSION_INCOME":null,"FEE_COMMISSION_INCOME_YOY":null,"ACCOUNTS_RECE_TDAYS":0.569313735857,"INVENTORY_TDAYS":1.265105740181,"CURRENT_ASSETS_TDAYS":0.069880331231,"TOTAL_ASSETS_TDAYS":0.037694106445,"PREMIUM_EXPENSE":null,"LOAN_DEPOSIT":null,"LOAN_EQUITY":null,"LOAN_ASSETS":null,"DEPOSIT_EQUITY":null,"DEPOSIT_ASSETS":null,"EQUITY_MULTIPLIER":1.222382468298,"EQUITY_RATIO":0.215922674955}],"count":23},"success":true,"message":"ok","code":0}