{"version":"e44e8b9c630f4b9cb841e25cb211cde0","result":{"pages":8,"data":[{"SECUCODE":"02218.HK","SECURITY_CODE":"02218","SECURITY_NAME_ABBR":"安德利果汁","ORG_CODE":"10010802","STD_REPORT_DATE":"2024-09-30 00:00:00","REPORT_DATE":"2024-09-30 00:00:00","DATE_TYPE_CODE":"004","REPORT_TYPE":"2024年三季报","PER_NETCASH_OPERATE":0.774410924355,"PER_OI":2.936715288625,"BPS":7.655134160229,"BASIC_EPS":0.57,"DILUTED_EPS":0.57,"OPERATE_INCOME":1024913635.73,"OPERATE_INCOME_YOY":53.279985443,"GROSS_PROFIT":261653443.19,"GROSS_PROFIT_YOY":17.59648562753,"HOLDER_PROFIT":197834934.27,"HOLDER_PROFIT_YOY":-7.6807981062,"GROSS_PROFIT_RATIO":25.529316233912,"EPS_TTM":0.684987247736,"OPERATE_INCOME_QOQ":21.939177245717,"NET_PROFIT_RATIO":19.3025955918,"ROE_AVG":7.695531559958,"GROSS_PROFIT_QOQ":7.762555248277,"ROA":7.384290293192,"HOLDER_PROFIT_QOQ":5.879927513206,"ROE_YEARLY":10.260708746611,"ROIC_YEARLY":9.603357163115,"TOTAL_ASSETS":2747923024.27,"TOTAL_LIABILITIES":135991248.8,"TAX_EBT":0.093341978,"OCF_SALES":26.369969446987,"TOTAL_PARENT_EQUITY":2611931775.47,"DEBT_ASSET_RATIO":4.9488740259,"OPERATE_PROFIT":195186050.87,"PRETAX_PROFIT":198019769.84,"NETCASH_OPERATE":270269412.6,"NETCASH_INVEST":-7948220.2,"NETCASH_FINANCE":-115524834.93,"END_CASH":691870836.31,"DIVI_RATIO":0.320649095477,"DIVIDEND_RATE":2.782663605052,"CURRENT_RATIO":13.881606273334,"COMMON_ACS":null,"CURRENTDEBT_DEBT":96.399743282599,"ISSUED_COMMON_SHARES":341200000,"HK_COMMON_SHARES":70664000,"PER_SHARES":500,"TOTAL_MARKET_CAP":2971852000,"HKSK_MARKET_CAP":615483440,"PE_TTM":11.09676626178,"PB_TTM":1.0260552899,"REPORT_DATE_SQ":"2023-09-30 00:00:00","REPORT_TYPE_SQ":"2023年三季报","OPERATE_INCOME_SQ":668654575.33,"DPS_HKD":0.24237,"OPERATE_INCOME_QOQ_SQ":-7.128876476162,"NET_PROFIT_RATIO_SQ":32.0486043058,"HOLDER_PROFIT_SQ":214294459.02,"HOLDER_PROFIT_QOQ_SQ":0.118569969665,"ROE_AVG_SQ":8.758145271136,"PE_TTM_SQ":9.221048769513,"PB_TTM_SQ":0.839901420573,"ROA_SQ":8.099609169647,"START_DATE":"2024-01-01 00:00:00","FISCAL_YEAR":"12-31","CURRENCY":"HKD","IS_CNY_CODE":0,"DPS_HKD_LY":0.24237,"ORG_TYPE":"一般企业","PREMIUM_INCOME":null,"PREMIUM_INCOME_YOY":null,"NET_INTEREST_INCOME":null,"NET_INTEREST_INCOME_YOY":null,"FEE_COMMISSION_INCOME":null,"FEE_COMMISSION_INCOME_YOY":null,"ACCOUNTS_RECE_TDAYS":4.276784668836,"INVENTORY_TDAYS":0.96766496277,"CURRENT_ASSETS_TDAYS":0.573971875411,"TOTAL_ASSETS_TDAYS":0.382554266243,"PREMIUM_EXPENSE":null,"LOAN_DEPOSIT":null,"LOAN_EQUITY":null,"LOAN_ASSETS":null,"DEPOSIT_EQUITY":null,"DEPOSIT_ASSETS":null,"EQUITY_MULTIPLIER":1.052065390864,"EQUITY_RATIO":0.052065390864},{"SECUCODE":"02218.HK","SECURITY_CODE":"02218","SECURITY_NAME_ABBR":"安德利果汁","ORG_CODE":"10010802","STD_REPORT_DATE":"2024-06-30 00:00:00","REPORT_DATE":"2024-06-30 00:00:00","DATE_TYPE_CODE":"002","REPORT_TYPE":"2024年中报","PER_NETCASH_OPERATE":0.916635807708,"PER_OI":1.811399304957,"BPS":7.501470310287,"BASIC_EPS":0.38,"DILUTED_EPS":0.38,"OPERATE_INCOME":632178357.43,"OPERATE_INCOME_YOY":27.0339958927,"GROSS_PROFIT":174032878.28,"GROSS_PROFIT_YOY":9.784994544518,"HOLDER_PROFIT":133833355.58,"HOLDER_PROFIT_YOY":-18.1791914458,"GROSS_PROFIT_RATIO":27.529078816854,"EPS_TTM":0.646947220143,"OPERATE_INCOME_QOQ":9.506425178073,"NET_PROFIT_RATIO":21.1701893947,"ROE_AVG":5.259583880402,"GROSS_PROFIT_QOQ":2.738550409262,"ROA":5.093495416063,"HOLDER_PROFIT_QOQ":-8.576080997523,"ROE_YEARLY":10.519167760804,"ROIC_YEARLY":11.977029938142,"TOTAL_ASSETS":2644726914.71,"TOTAL_LIABILITIES":85225244.84,"TAX_EBT":0.137918269463,"OCF_SALES":50.603740721292,"TOTAL_PARENT_EQUITY":2559501669.87,"DEBT_ASSET_RATIO":3.2224591645,"OPERATE_PROFIT":125533752.7,"PRETAX_PROFIT":134018191.15,"NETCASH_OPERATE":319905896.89,"NETCASH_INVEST":-522709297.88,"NETCASH_FINANCE":-103953361.84,"END_CASH":241227468.43,"DIVI_RATIO":0.339503029863,"DIVIDEND_RATE":2.792281105991,"CURRENT_RATIO":22.164797010865,"COMMON_ACS":null,"CURRENTDEBT_DEBT":94.25518333307,"ISSUED_COMMON_SHARES":341200000,"HK_COMMON_SHARES":70664000,"PER_SHARES":500,"TOTAL_MARKET_CAP":2961616000,"HKSK_MARKET_CAP":613363520,"PE_TTM":11.058545482462,"PB_TTM":1.022521230349,"REPORT_DATE_SQ":"2023-06-30 00:00:00","REPORT_TYPE_SQ":"2023年中报","OPERATE_INCOME_SQ":497645022.49,"DPS_HKD":0.24237,"OPERATE_INCOME_QOQ_SQ":-2.760039285047,"NET_PROFIT_RATIO_SQ":32.8685795231,"HOLDER_PROFIT_SQ":163568849.96,"HOLDER_PROFIT_QOQ_SQ":1.380622551541,"ROE_AVG_SQ":6.722074084985,"PE_TTM_SQ":9.429984919879,"PB_TTM_SQ":0.858932419528,"ROA_SQ":6.190569982555,"START_DATE":"2024-01-01 00:00:00","FISCAL_YEAR":"12-31","CURRENCY":"HKD","IS_CNY_CODE":0,"DPS_HKD_LY":0.24237,"ORG_TYPE":"一般企业","PREMIUM_INCOME":null,"PREMIUM_INCOME_YOY":null,"NET_INTEREST_INCOME":null,"NET_INTEREST_INCOME_YOY":null,"FEE_COMMISSION_INCOME":null,"FEE_COMMISSION_INCOME_YOY":null,"ACCOUNTS_RECE_TDAYS":2.982409653028,"INVENTORY_TDAYS":0.617547720929,"CURRENT_ASSETS_TDAYS":0.357974815727,"TOTAL_ASSETS_TDAYS":0.240597536522,"PREMIUM_EXPENSE":null,"LOAN_DEPOSIT":null,"LOAN_EQUITY":null,"LOAN_ASSETS":null,"DEPOSIT_EQUITY":null,"DEPOSIT_ASSETS":null,"EQUITY_MULTIPLIER":1.033297592982,"EQUITY_RATIO":0.033297592982},{"SECUCODE":"02218.HK","SECURITY_CODE":"02218","SECURITY_NAME_ABBR":"安德利果汁","ORG_CODE":"10010802","STD_REPORT_DATE":"2024-03-31 00:00:00","REPORT_DATE":"2024-03-31 00:00:00","DATE_TYPE_CODE":"003","REPORT_TYPE":"2024年一季报","PER_NETCASH_OPERATE":0.473545312407,"PER_OI":0.774683893381,"BPS":7.570276661958,"BASIC_EPS":0.15,"DILUTED_EPS":0.15,"OPERATE_INCOME":270364678.79,"OPERATE_INCOME_YOY":20.932584034,"GROSS_PROFIT":68897716.75,"GROSS_PROFIT_YOY":12.020801715275,"HOLDER_PROFIT":53356720.93,"HOLDER_PROFIT_YOY":-13.8189292563,"GROSS_PROFIT_RATIO":25.483253603373,"EPS_TTM":0.707634530659,"OPERATE_INCOME_QOQ":5.341624167496,"NET_PROFIT_RATIO":19.7350930487,"ROE_AVG":2.087263629706,"GROSS_PROFIT_QOQ":2.557879633093,"ROA":2.020961888401,"HOLDER_PROFIT_QOQ":-3.348317362717,"ROE_YEARLY":8.349054518823,"ROIC_YEARLY":9.332699054237,"TOTAL_ASSETS":2669986925.33,"TOTAL_LIABILITIES":87008528.27,"TAX_EBT":null,"OCF_SALES":61.127553632243,"TOTAL_PARENT_EQUITY":2582978397.06,"DEBT_ASSET_RATIO":3.2587623349,"OPERATE_PROFIT":48919337.05,"PRETAX_PROFIT":53356720.93,"NETCASH_OPERATE":165267314.03,"NETCASH_INVEST":-549374119.36,"NETCASH_FINANCE":null,"END_CASH":162410996.18,"DIVI_RATIO":0.310386975033,"DIVIDEND_RATE":2.792281105991,"CURRENT_RATIO":21.915473827198,"COMMON_ACS":null,"CURRENTDEBT_DEBT":95.29296995199,"ISSUED_COMMON_SHARES":341200000,"HK_COMMON_SHARES":70664000,"PER_SHARES":500,"TOTAL_MARKET_CAP":2961616000,"HKSK_MARKET_CAP":613363520,"PE_TTM":11.058545482462,"PB_TTM":1.022521230349,"REPORT_DATE_SQ":"2023-03-31 00:00:00","REPORT_TYPE_SQ":"2023年一季报","OPERATE_INCOME_SQ":223566444.85,"DPS_HKD":0.24237,"OPERATE_INCOME_QOQ_SQ":-4.011957147949,"NET_PROFIT_RATIO_SQ":27.6930395264,"HOLDER_PROFIT_SQ":61912343.94,"HOLDER_PROFIT_QOQ_SQ":15.206046737047,"ROE_AVG_SQ":2.579287668028,"PE_TTM_SQ":9.429984919879,"PB_TTM_SQ":0.858932419528,"ROA_SQ":2.357738348128,"START_DATE":"2024-01-01 00:00:00","FISCAL_YEAR":"12-31","CURRENCY":"HKD","IS_CNY_CODE":0,"DPS_HKD_LY":0.24237,"ORG_TYPE":"一般企业","PREMIUM_INCOME":null,"PREMIUM_INCOME_YOY":null,"NET_INTEREST_INCOME":null,"NET_INTEREST_INCOME_YOY":null,"FEE_COMMISSION_INCOME":null,"FEE_COMMISSION_INCOME_YOY":null,"ACCOUNTS_RECE_TDAYS":1.579052816507,"INVENTORY_TDAYS":0.246245542966,"CURRENT_ASSETS_TDAYS":0.151525569224,"TOTAL_ASSETS_TDAYS":0.102404477314,"PREMIUM_EXPENSE":null,"LOAN_DEPOSIT":null,"LOAN_EQUITY":null,"LOAN_ASSETS":null,"DEPOSIT_EQUITY":null,"DEPOSIT_ASSETS":null,"EQUITY_MULTIPLIER":1.033685348808,"EQUITY_RATIO":0.033685348809},{"SECUCODE":"02218.HK","SECURITY_CODE":"02218","SECURITY_NAME_ABBR":"安德利果汁","ORG_CODE":"10010802","STD_REPORT_DATE":"2023-12-31 00:00:00","REPORT_DATE":"2023-12-31 00:00:00","DATE_TYPE_CODE":"001","REPORT_TYPE":"2023年年报","PER_NETCASH_OPERATE":-0.085534887765,"PER_OI":2.510329380258,"BPS":7.413897057825,"BASIC_EPS":0.71,"DILUTED_EPS":0.71,"OPERATE_INCOME":876104953.71,"OPERATE_INCOME_YOY":-17.7697716705,"GROSS_PROFIT":289041021.1,"GROSS_PROFIT_YOY":35.613942269335,"HOLDER_PROFIT":255520074.21,"HOLDER_PROFIT_YOY":31.4749749802,"GROSS_PROFIT_RATIO":32.991597624921,"EPS_TTM":0.732149209771,"OPERATE_INCOME_QOQ":-5.138740805669,"NET_PROFIT_RATIO":29.1654639239,"ROE_AVG":10.431452607333,"GROSS_PROFIT_QOQ":24.103414493179,"ROA":9.78974916935,"HOLDER_PROFIT_QOQ":12.434147434787,"ROE_YEARLY":10.431452607333,"ROIC_YEARLY":11.50566589952,"TOTAL_ASSETS":2610342331.37,"TOTAL_LIABILITIES":80720655.24,"TAX_EBT":3.314057690512,"OCF_SALES":-3.407317320098,"TOTAL_PARENT_EQUITY":2529621676.13,"DEBT_ASSET_RATIO":3.0923398157,"OPERATE_PROFIT":250747786.94,"PRETAX_PROFIT":264278413.29,"NETCASH_OPERATE":-29851675.83,"NETCASH_INVEST":572424192.56,"NETCASH_FINANCE":-226590659.48,"END_CASH":544174213.28,"DIVI_RATIO":0.299994234056,"DIVIDEND_RATE":2.792281105991,"CURRENT_RATIO":22.749543428372,"COMMON_ACS":null,"CURRENTDEBT_DEBT":95.378484529259,"ISSUED_COMMON_SHARES":341200000,"HK_COMMON_SHARES":70664000,"PER_SHARES":500,"TOTAL_MARKET_CAP":2961616000,"HKSK_MARKET_CAP":613363520,"PE_TTM":11.058545482462,"PB_TTM":1.022521230349,"REPORT_DATE_SQ":"2022-12-31 00:00:00","REPORT_TYPE_SQ":"2022年年报","OPERATE_INCOME_SQ":1065429309.28,"DPS_HKD":0.24237,"OPERATE_INCOME_QOQ_SQ":0.096524088799,"NET_PROFIT_RATIO_SQ":18.2413631047,"HOLDER_PROFIT_SQ":194348828.93,"HOLDER_PROFIT_QOQ_SQ":-20.269198354286,"ROE_AVG_SQ":8.459183359238,"PE_TTM_SQ":9.429984919879,"PB_TTM_SQ":0.858932419528,"ROA_SQ":7.66068991998,"START_DATE":"2023-01-01 00:00:00","FISCAL_YEAR":"12-31","CURRENCY":"HKD","IS_CNY_CODE":0,"DPS_HKD_LY":0.11104,"ORG_TYPE":"一般企业","PREMIUM_INCOME":null,"PREMIUM_INCOME_YOY":null,"NET_INTEREST_INCOME":null,"NET_INTEREST_INCOME_YOY":null,"FEE_COMMISSION_INCOME":null,"FEE_COMMISSION_INCOME_YOY":null,"ACCOUNTS_RECE_TDAYS":4.775840595859,"INVENTORY_TDAYS":0.808765404563,"CURRENT_ASSETS_TDAYS":0.490352621489,"TOTAL_ASSETS_TDAYS":0.335662384623,"PREMIUM_EXPENSE":null,"LOAN_DEPOSIT":null,"LOAN_EQUITY":null,"LOAN_ASSETS":null,"DEPOSIT_EQUITY":null,"DEPOSIT_ASSETS":null,"EQUITY_MULTIPLIER":1.031910169019,"EQUITY_RATIO":0.031910169019},{"SECUCODE":"02218.HK","SECURITY_CODE":"02218","SECURITY_NAME_ABBR":"安德利果汁","ORG_CODE":"10010802","STD_REPORT_DATE":"2023-09-30 00:00:00","REPORT_DATE":"2023-09-30 00:00:00","DATE_TYPE_CODE":"004","REPORT_TYPE":"2023年三季报","PER_NETCASH_OPERATE":1.11367274132,"PER_OI":1.869316676908,"BPS":7.397989005832,"BASIC_EPS":0.6,"DILUTED_EPS":0.6,"OPERATE_INCOME":668654575.33,"OPERATE_INCOME_YOY":-17.5029465783,"GROSS_PROFIT":222501073.73,"GROSS_PROFIT_YOY":9.750848870972,"HOLDER_PROFIT":214294459.02,"HOLDER_PROFIT_YOY":18.1458366504,"GROSS_PROFIT_RATIO":33.275936775007,"EPS_TTM":0.635342421163,"OPERATE_INCOME_QOQ":-7.128876476162,"NET_PROFIT_RATIO":32.0486043058,"ROE_AVG":8.758145271136,"GROSS_PROFIT_QOQ":2.9021987252,"ROA":8.099609169647,"HOLDER_PROFIT_QOQ":0.118569969665,"ROE_YEARLY":11.677527028181,"ROIC_YEARLY":8.83941922822,"TOTAL_ASSETS":2681663167.76,"TOTAL_LIABILITIES":157469318.97,"TAX_EBT":3.346925243549,"OCF_SALES":59.576462087827,"TOTAL_PARENT_EQUITY":2524193848.79,"DEBT_ASSET_RATIO":5.8720767344,"OPERATE_PROFIT":208144774.27,"PRETAX_PROFIT":221715097.59,"NETCASH_OPERATE":398360739.57,"NETCASH_INVEST":-254850482,"NETCASH_FINANCE":-160647048.1,"END_CASH":208524617,"DIVI_RATIO":0.345704196798,"DIVIDEND_RATE":2.792281105991,"CURRENT_RATIO":12.165143253571,"COMMON_ACS":null,"CURRENTDEBT_DEBT":94.250875942554,"ISSUED_COMMON_SHARES":341200000,"HK_COMMON_SHARES":70664000,"PER_SHARES":500,"TOTAL_MARKET_CAP":2961616000,"HKSK_MARKET_CAP":613363520,"PE_TTM":11.058545482462,"PB_TTM":1.022521230349,"REPORT_DATE_SQ":"2022-09-30 00:00:00","REPORT_TYPE_SQ":"2022年三季报","OPERATE_INCOME_SQ":810519342.93,"DPS_HKD":0.24237,"OPERATE_INCOME_QOQ_SQ":4.166086140276,"NET_PROFIT_RATIO_SQ":22.3784053375,"HOLDER_PROFIT_SQ":181381303.9,"HOLDER_PROFIT_QOQ_SQ":1.946591156367,"ROE_AVG_SQ":7.917104708672,"PE_TTM_SQ":9.429984919879,"PB_TTM_SQ":0.858932419528,"ROA_SQ":7.183030891607,"START_DATE":"2023-01-01 00:00:00","FISCAL_YEAR":"12-31","CURRENCY":"HKD","IS_CNY_CODE":0,"DPS_HKD_LY":0.11104,"ORG_TYPE":"一般企业","PREMIUM_INCOME":null,"PREMIUM_INCOME_YOY":null,"NET_INTEREST_INCOME":null,"NET_INTEREST_INCOME_YOY":null,"FEE_COMMISSION_INCOME":null,"FEE_COMMISSION_INCOME_YOY":null,"ACCOUNTS_RECE_TDAYS":3.870102231267,"INVENTORY_TDAYS":0.898382604465,"CURRENT_ASSETS_TDAYS":0.368670708991,"TOTAL_ASSETS_TDAYS":0.252728920497,"PREMIUM_EXPENSE":null,"LOAN_DEPOSIT":null,"LOAN_EQUITY":null,"LOAN_ASSETS":null,"DEPOSIT_EQUITY":null,"DEPOSIT_ASSETS":null,"EQUITY_MULTIPLIER":1.062384003924,"EQUITY_RATIO":0.062384003925},{"SECUCODE":"02218.HK","SECURITY_CODE":"02218","SECURITY_NAME_ABBR":"安德利果汁","ORG_CODE":"10010802","STD_REPORT_DATE":"2023-06-30 00:00:00","REPORT_DATE":"2023-06-30 00:00:00","DATE_TYPE_CODE":"002","REPORT_TYPE":"2023年中报","PER_NETCASH_OPERATE":1.201950422086,"PER_OI":1.391235735225,"BPS":7.318899961665,"BASIC_EPS":0.46,"DILUTED_EPS":0.46,"OPERATE_INCOME":497645022.49,"OPERATE_INCOME_YOY":-12.4813682132,"GROSS_PROFIT":158521552.97,"GROSS_PROFIT_YOY":9.082926864599,"HOLDER_PROFIT":163568849.96,"HOLDER_PROFIT_YOY":24.9333966993,"GROSS_PROFIT_RATIO":31.854343117274,"EPS_TTM":0.634589988007,"OPERATE_INCOME_QOQ":-2.760039285047,"NET_PROFIT_RATIO":32.8685795231,"ROE_AVG":6.722074084985,"GROSS_PROFIT_QOQ":6.177612645762,"ROA":6.190569982555,"HOLDER_PROFIT_QOQ":1.380622551541,"ROE_YEARLY":13.444148169971,"ROIC_YEARLY":13.504894377884,"TOTAL_ASSETS":2674638650.9,"TOTAL_LIABILITIES":177429983.98,"TAX_EBT":2.801421078244,"OCF_SALES":86.394447156083,"TOTAL_PARENT_EQUITY":2497208666.92,"DEBT_ASSET_RATIO":6.6337927152,"OPERATE_PROFIT":155619775.79,"PRETAX_PROFIT":168283170.16,"NETCASH_OPERATE":429937665.98,"NETCASH_INVEST":-349313679.51,"NETCASH_FINANCE":-100891280.38,"END_CASH":205381568.91,"DIVI_RATIO":0.34611409816,"DIVIDEND_RATE":2.792281105991,"CURRENT_RATIO":10.850109391339,"COMMON_ACS":null,"CURRENTDEBT_DEBT":94.897645653273,"ISSUED_COMMON_SHARES":341200000,"HK_COMMON_SHARES":70664000,"PER_SHARES":500,"TOTAL_MARKET_CAP":2961616000,"HKSK_MARKET_CAP":613363520,"PE_TTM":11.058545482462,"PB_TTM":1.022521230349,"REPORT_DATE_SQ":"2022-06-30 00:00:00","REPORT_TYPE_SQ":"2022年中报","OPERATE_INCOME_SQ":568616090.46,"DPS_HKD":0.24237,"OPERATE_INCOME_QOQ_SQ":3.537533988404,"NET_PROFIT_RATIO_SQ":23.0251732894,"HOLDER_PROFIT_SQ":130924840.18,"HOLDER_PROFIT_QOQ_SQ":32.748285369363,"ROE_AVG_SQ":5.778363227707,"PE_TTM_SQ":9.429984919879,"PB_TTM_SQ":0.858932419528,"ROA_SQ":5.22649632402,"START_DATE":"2023-01-01 00:00:00","FISCAL_YEAR":"12-31","CURRENCY":"HKD","IS_CNY_CODE":0,"DPS_HKD_LY":0.11104,"ORG_TYPE":"一般企业","PREMIUM_INCOME":null,"PREMIUM_INCOME_YOY":null,"NET_INTEREST_INCOME":null,"NET_INTEREST_INCOME_YOY":null,"FEE_COMMISSION_INCOME":null,"FEE_COMMISSION_INCOME_YOY":null,"ACCOUNTS_RECE_TDAYS":2.343525353503,"INVENTORY_TDAYS":0.829343340144,"CURRENT_ASSETS_TDAYS":0.272773069429,"TOTAL_ASSETS_TDAYS":0.188343094602,"PREMIUM_EXPENSE":null,"LOAN_DEPOSIT":null,"LOAN_EQUITY":null,"LOAN_ASSETS":null,"DEPOSIT_EQUITY":null,"DEPOSIT_ASSETS":null,"EQUITY_MULTIPLIER":1.071051324758,"EQUITY_RATIO":0.071051324757},{"SECUCODE":"02218.HK","SECURITY_CODE":"02218","SECURITY_NAME_ABBR":"安德利果汁","ORG_CODE":"10010802","STD_REPORT_DATE":"2023-03-31 00:00:00","REPORT_DATE":"2023-03-31 00:00:00","DATE_TYPE_CODE":"003","REPORT_TYPE":"2023年一季报","PER_NETCASH_OPERATE":0.573672356975,"PER_OI":0.625011028376,"BPS":7.125797657972,"BASIC_EPS":0.17,"DILUTED_EPS":0.17,"OPERATE_INCOME":223566444.85,"OPERATE_INCOME_YOY":-16.0506195294,"GROSS_PROFIT":61504395.34,"GROSS_PROFIT_YOY":0.050298327684,"HOLDER_PROFIT":61912343.94,"HOLDER_PROFIT_YOY":91.3262246551,"GROSS_PROFIT_RATIO":27.510566436419,"EPS_TTM":0.625948008639,"OPERATE_INCOME_QOQ":-4.011957147949,"NET_PROFIT_RATIO":27.6930395264,"ROE_AVG":2.579287668028,"GROSS_PROFIT_QOQ":0.014507285882,"ROA":2.357738348128,"HOLDER_PROFIT_QOQ":15.206046737047,"ROE_YEARLY":10.31715067211,"ROIC_YEARLY":10.462698566332,"TOTAL_ASSETS":2642028430.75,"TOTAL_LIABILITIES":210706269.85,"TAX_EBT":6.716192208327,"OCF_SALES":91.785957515977,"TOTAL_PARENT_EQUITY":2431322160.9,"DEBT_ASSET_RATIO":7.9751704182,"OPERATE_PROFIT":70089453.38,"PRETAX_PROFIT":66369872.12,"NETCASH_OPERATE":205202602.09,"NETCASH_INVEST":-132034513,"NETCASH_FINANCE":-20735777.78,"END_CASH":273550951.43,"DIVI_RATIO":0.350892627453,"DIVIDEND_RATE":2.792281105991,"CURRENT_RATIO":9.23107958626,"COMMON_ACS":null,"CURRENTDEBT_DEBT":95.712234853556,"ISSUED_COMMON_SHARES":341200000,"HK_COMMON_SHARES":70664000,"PER_SHARES":500,"TOTAL_MARKET_CAP":2961616000,"HKSK_MARKET_CAP":613363520,"PE_TTM":11.058545482462,"PB_TTM":1.022521230349,"REPORT_DATE_SQ":"2022-03-31 00:00:00","REPORT_TYPE_SQ":"2022年一季报","OPERATE_INCOME_SQ":266311012.18,"DPS_HKD":0.24237,"OPERATE_INCOME_QOQ_SQ":13.232364432787,"NET_PROFIT_RATIO_SQ":12.1510447184,"HOLDER_PROFIT_SQ":32359570.18,"HOLDER_PROFIT_QOQ_SQ":12.562443874432,"ROE_AVG_SQ":1.454077033883,"PE_TTM_SQ":9.429984919879,"PB_TTM_SQ":0.858932419528,"ROA_SQ":1.327392819749,"START_DATE":"2023-01-01 00:00:00","FISCAL_YEAR":"12-31","CURRENCY":"HKD","IS_CNY_CODE":0,"DPS_HKD_LY":0.11104,"ORG_TYPE":"一般企业","PREMIUM_INCOME":null,"PREMIUM_INCOME_YOY":null,"NET_INTEREST_INCOME":null,"NET_INTEREST_INCOME_YOY":null,"FEE_COMMISSION_INCOME":null,"FEE_COMMISSION_INCOME_YOY":null,"ACCOUNTS_RECE_TDAYS":1.102435968911,"INVENTORY_TDAYS":0.336378273121,"CURRENT_ASSETS_TDAYS":0.121387264085,"TOTAL_ASSETS_TDAYS":0.085138301481,"PREMIUM_EXPENSE":null,"LOAN_DEPOSIT":null,"LOAN_EQUITY":null,"LOAN_ASSETS":null,"DEPOSIT_EQUITY":null,"DEPOSIT_ASSETS":null,"EQUITY_MULTIPLIER":1.086663245718,"EQUITY_RATIO":0.086663245718},{"SECUCODE":"02218.HK","SECURITY_CODE":"02218","SECURITY_NAME_ABBR":"安德利果汁","ORG_CODE":"10010802","STD_REPORT_DATE":"2022-12-31 00:00:00","REPORT_DATE":"2022-12-31 00:00:00","DATE_TYPE_CODE":"001","REPORT_TYPE":"2022年年报","PER_NETCASH_OPERATE":0.673000428627,"PER_OI":2.978555519374,"BPS":6.944342957093,"BASIC_EPS":0.54,"DILUTED_EPS":0.54,"OPERATE_INCOME":1065429309.28,"OPERATE_INCOME_YOY":22.2401111618,"GROSS_PROFIT":213135180.84,"GROSS_PROFIT_YOY":18.624097945857,"HOLDER_PROFIT":194348828.93,"HOLDER_PROFIT_YOY":21.4566429759,"GROSS_PROFIT_RATIO":20.004629024523,"EPS_TTM":0.543329127565,"OPERATE_INCOME_QOQ":0.096524088799,"NET_PROFIT_RATIO":18.2413631047,"ROE_AVG":8.459183359238,"GROSS_PROFIT_QOQ":-18.478784446996,"ROA":7.66068991998,"HOLDER_PROFIT_QOQ":-20.269198354286,"ROE_YEARLY":8.459183359238,"ROIC_YEARLY":8.716712838348,"TOTAL_ASSETS":2609813359.85,"TOTAL_LIABILITIES":240403542.89,"TAX_EBT":1.456762110913,"OCF_SALES":22.594859295046,"TOTAL_PARENT_EQUITY":2369409816.96,"DEBT_ASSET_RATIO":9.2115224249,"OPERATE_PROFIT":148566054.16,"PRETAX_PROFIT":197221882.59,"NETCASH_OPERATE":240769360.62,"NETCASH_INVEST":-377616253.96,"NETCASH_FINANCE":-33123056.25,"END_CASH":224342437.81,"DIVI_RATIO":0.40424952438,"DIVIDEND_RATE":2.792281105991,"CURRENT_RATIO":7.837074847892,"COMMON_ACS":null,"CURRENTDEBT_DEBT":96.699470438491,"ISSUED_COMMON_SHARES":341200000,"HK_COMMON_SHARES":70664000,"PER_SHARES":500,"TOTAL_MARKET_CAP":2961616000,"HKSK_MARKET_CAP":613363520,"PE_TTM":11.058545482462,"PB_TTM":1.022521230349,"REPORT_DATE_SQ":"2021-12-31 00:00:00","REPORT_TYPE_SQ":"2021年年报","OPERATE_INCOME_SQ":871587320.36,"DPS_HKD":0.24237,"OPERATE_INCOME_QOQ_SQ":8.863139400402,"NET_PROFIT_RATIO_SQ":18.3590308363,"HOLDER_PROFIT_SQ":160014984.91,"HOLDER_PROFIT_QOQ_SQ":22.257374617945,"ROE_AVG_SQ":7.38526185758,"PE_TTM_SQ":9.429984919879,"PB_TTM_SQ":0.858932419528,"ROA_SQ":6.825891843132,"START_DATE":"2022-01-01 00:00:00","FISCAL_YEAR":"12-31","CURRENCY":"HKD","IS_CNY_CODE":0,"DPS_HKD_LY":0.059,"ORG_TYPE":"一般企业","PREMIUM_INCOME":null,"PREMIUM_INCOME_YOY":null,"NET_INTEREST_INCOME":null,"NET_INTEREST_INCOME_YOY":null,"FEE_COMMISSION_INCOME":null,"FEE_COMMISSION_INCOME_YOY":null,"ACCOUNTS_RECE_TDAYS":4.970764430051,"INVENTORY_TDAYS":1.436818473759,"CURRENT_ASSETS_TDAYS":0.6087496069,"TOTAL_ASSETS_TDAYS":0.419962580428,"PREMIUM_EXPENSE":null,"LOAN_DEPOSIT":null,"LOAN_EQUITY":null,"LOAN_ASSETS":null,"DEPOSIT_EQUITY":null,"DEPOSIT_ASSETS":null,"EQUITY_MULTIPLIER":1.101461360196,"EQUITY_RATIO":0.101461360196},{"SECUCODE":"02218.HK","SECURITY_CODE":"02218","SECURITY_NAME_ABBR":"安德利果汁","ORG_CODE":"10010802","STD_REPORT_DATE":"2022-09-30 00:00:00","REPORT_DATE":"2022-09-30 00:00:00","DATE_TYPE_CODE":"004","REPORT_TYPE":"2022年三季报","PER_NETCASH_OPERATE":1.376939973777,"PER_OI":2.265919326055,"BPS":6.906337315152,"BASIC_EPS":0.504,"DILUTED_EPS":0.504,"OPERATE_INCOME":810519342.93,"OPERATE_INCOME_YOY":31.2146834074,"GROSS_PROFIT":202732895.48,"GROSS_PROFIT_YOY":67.605822371942,"HOLDER_PROFIT":181381303.9,"HOLDER_PROFIT_YOY":85.7653326661,"GROSS_PROFIT_RATIO":25.012715273041,"EPS_TTM":0.681454489796,"OPERATE_INCOME_QOQ":4.166086140276,"NET_PROFIT_RATIO":22.3784053375,"ROE_AVG":7.917104708672,"GROSS_PROFIT_QOQ":6.095523140978,"ROA":7.183030891607,"HOLDER_PROFIT_QOQ":1.946591156367,"ROE_YEARLY":10.556139611563,"ROIC_YEARLY":8.354649553694,"TOTAL_ASSETS":2586160539.37,"TOTAL_LIABILITIES":229718247.44,"TAX_EBT":0.013411193278,"OCF_SALES":60.767387344454,"TOTAL_PARENT_EQUITY":2356442291.93,"DEBT_ASSET_RATIO":8.8825981196,"OPERATE_PROFIT":131425410.94,"PRETAX_PROFIT":181405632.56,"NETCASH_OPERATE":492531428.62,"NETCASH_INVEST":-496089756.91,"NETCASH_FINANCE":-71606376.18,"END_CASH":317867973.85,"DIVI_RATIO":0.322311386437,"DIVIDEND_RATE":2.792281105991,"CURRENT_RATIO":7.999373002029,"COMMON_ACS":null,"CURRENTDEBT_DEBT":96.331125805667,"ISSUED_COMMON_SHARES":341200000,"HK_COMMON_SHARES":70664000,"PER_SHARES":500,"TOTAL_MARKET_CAP":2961616000,"HKSK_MARKET_CAP":613363520,"PE_TTM":11.058545482462,"PB_TTM":1.022521230349,"REPORT_DATE_SQ":"2021-09-30 00:00:00","REPORT_TYPE_SQ":"2021年三季报","OPERATE_INCOME_SQ":617704758.25,"DPS_HKD":0.24237,"OPERATE_INCOME_QOQ_SQ":1.310486813517,"NET_PROFIT_RATIO_SQ":15.8069071844,"HOLDER_PROFIT_SQ":97640017.81,"HOLDER_PROFIT_QOQ_SQ":11.746531294212,"ROE_AVG_SQ":4.572248378745,"PE_TTM_SQ":9.429984919879,"PB_TTM_SQ":0.858932419528,"ROA_SQ":4.216657302964,"START_DATE":"2022-01-01 00:00:00","FISCAL_YEAR":"12-31","CURRENCY":"HKD","IS_CNY_CODE":0,"DPS_HKD_LY":0.059,"ORG_TYPE":"一般企业","PREMIUM_INCOME":null,"PREMIUM_INCOME_YOY":null,"NET_INTEREST_INCOME":null,"NET_INTEREST_INCOME_YOY":null,"FEE_COMMISSION_INCOME":null,"FEE_COMMISSION_INCOME_YOY":null,"ACCOUNTS_RECE_TDAYS":4.053987559641,"INVENTORY_TDAYS":1.233869794316,"CURRENT_ASSETS_TDAYS":0.470044482011,"TOTAL_ASSETS_TDAYS":0.320980462337,"PREMIUM_EXPENSE":null,"LOAN_DEPOSIT":null,"LOAN_EQUITY":null,"LOAN_ASSETS":null,"DEPOSIT_EQUITY":null,"DEPOSIT_ASSETS":null,"EQUITY_MULTIPLIER":1.097485199713,"EQUITY_RATIO":0.097485199713}],"count":72},"success":true,"message":"ok","code":0}