{"version":"263508635ee5ccf62ddcab43929339d3","result":{"pages":2,"data":[{"SECUCODE":"02216.HK","SECURITY_CODE":"02216","SECURITY_NAME_ABBR":"堃博医疗-B","ORG_CODE":"10000202067","STD_REPORT_DATE":"2024-06-30 00:00:00","REPORT_DATE":"2024-06-30 00:00:00","DATE_TYPE_CODE":"002","REPORT_TYPE":"2024年中报","PER_NETCASH_OPERATE":-0.119420297733,"PER_OI":0.050071630383,"BPS":2.399927332378,"BASIC_EPS":-0.142536,"DILUTED_EPS":-0.142536,"OPERATE_INCOME":26397667.2,"OPERATE_INCOME_YOY":-29.2319449752,"GROSS_PROFIT":21052567.2,"GROSS_PROFIT_YOY":-27.632202524494,"HOLDER_PROFIT":-56608172.4,"HOLDER_PROFIT_YOY":46.0796958794,"GROSS_PROFIT_RATIO":79.75161987041,"EPS_TTM":-0.2828633963,"OPERATE_INCOME_QOQ":-15.725849245692,"NET_PROFIT_RATIO":-214.4438444924,"ROE_AVG":-4.38158333862,"GROSS_PROFIT_QOQ":-15.704290090712,"ROA":-4.174012659192,"HOLDER_PROFIT_QOQ":25.047776394725,"ROE_YEARLY":-8.76316667724,"ROIC_YEARLY":-40.776723949844,"TOTAL_ASSETS":1316947118.4,"TOTAL_LIABILITIES":54142299.6,"TAX_EBT":-0.025185744868,"OCF_SALES":-238.498920086393,"TOTAL_PARENT_EQUITY":1262811945.6,"DEBT_ASSET_RATIO":4.1111976968,"OPERATE_PROFIT":-56230452,"PRETAX_PROFIT":-56593918.8,"NETCASH_OPERATE":-62958151.2,"NETCASH_INVEST":-124220124,"NETCASH_FINANCE":-3663175.2,"END_CASH":403498035.6,"DIVI_RATIO":null,"DIVIDEND_RATE":null,"CURRENT_RATIO":24.052313586796,"COMMON_ACS":2000000000,"CURRENTDEBT_DEBT":89.324733447414,"ISSUED_COMMON_SHARES":526187576,"HK_COMMON_SHARES":526187576,"PER_SHARES":500,"TOTAL_MARKET_CAP":394640682,"HKSK_MARKET_CAP":394640682,"PE_TTM":-2.375595156794,"PB_TTM":0.285221136125,"REPORT_DATE_SQ":"2023-06-30 00:00:00","REPORT_TYPE_SQ":"2023年中报","OPERATE_INCOME_SQ":37819837.2,"DPS_HKD":null,"OPERATE_INCOME_QOQ_SQ":24.745426171373,"NET_PROFIT_RATIO_SQ":-281.4482231563,"HOLDER_PROFIT_SQ":-106443259.8,"HOLDER_PROFIT_QOQ_SQ":0.687200379022,"ROE_AVG_SQ":-7.171929619568,"PE_TTM_SQ":-1.875573368819,"PB_TTM_SQ":0.252249536894,"ROA_SQ":-6.906542954328,"START_DATE":"2024-01-01 00:00:00","FISCAL_YEAR":"12-31","CURRENCY":"HKD","IS_CNY_CODE":0,"DPS_HKD_LY":null,"ORG_TYPE":"一般企业","PREMIUM_INCOME":null,"PREMIUM_INCOME_YOY":null,"NET_INTEREST_INCOME":null,"NET_INTEREST_INCOME_YOY":null,"FEE_COMMISSION_INCOME":null,"FEE_COMMISSION_INCOME_YOY":null,"ACCOUNTS_RECE_TDAYS":0.388300660447,"INVENTORY_TDAYS":0.165965921664,"CURRENT_ASSETS_TDAYS":0.02205608701,"TOTAL_ASSETS_TDAYS":0.019464362193,"PREMIUM_EXPENSE":null,"LOAN_DEPOSIT":null,"LOAN_EQUITY":null,"LOAN_ASSETS":null,"DEPOSIT_EQUITY":null,"DEPOSIT_ASSETS":null,"EQUITY_MULTIPLIER":1.042874638102,"EQUITY_RATIO":0.042874396135},{"SECUCODE":"02216.HK","SECURITY_CODE":"02216","SECURITY_NAME_ABBR":"堃博医疗-B","ORG_CODE":"10000202067","STD_REPORT_DATE":"2023-12-31 00:00:00","REPORT_DATE":"2023-12-31 00:00:00","DATE_TYPE_CODE":"001","REPORT_TYPE":"2023年年报","PER_NETCASH_OPERATE":-0.351073201565,"PER_OI":0.137771914972,"BPS":2.495169482489,"BASIC_EPS":-0.424962,"DILUTED_EPS":-0.424962,"OPERATE_INCOME":72633088.5,"OPERATE_INCOME_YOY":8.9450759588,"GROSS_PROFIT":51186672.9,"GROSS_PROFIT_YOY":0.47231120906,"HOLDER_PROFIT":-198960125.7,"HOLDER_PROFIT_YOY":-0.1961763447,"GROSS_PROFIT_RATIO":70.472940029254,"EPS_TTM":-0.377391600534,"OPERATE_INCOME_QOQ":-11.185138405124,"NET_PROFIT_RATIO":-273.9346660166,"ROE_AVG":-14.086738928212,"GROSS_PROFIT_QOQ":-19.408394129054,"ROA":-13.448809925625,"HOLDER_PROFIT_QOQ":-2.600290877829,"ROE_YEARLY":-14.086738928212,"ROIC_YEARLY":-76.510962821735,"TOTAL_ASSETS":1386828073.5,"TOTAL_LIABILITIES":73907974.5,"TAX_EBT":-0.010680337499,"OCF_SALES":-254.822038030229,"TOTAL_PARENT_EQUITY":1312927181.7,"DEBT_ASSET_RATIO":5.3292816833,"OPERATE_PROFIT":-198358096.2,"PRETAX_PROFIT":-198945960.3,"NETCASH_OPERATE":-185085116.4,"NETCASH_INVEST":38855692.2,"NETCASH_FINANCE":-10333659.3,"END_CASH":591858742.8,"DIVI_RATIO":null,"DIVIDEND_RATE":null,"CURRENT_RATIO":18.852587901289,"COMMON_ACS":2000000000,"CURRENTDEBT_DEBT":87.762338284619,"ISSUED_COMMON_SHARES":526187576,"HK_COMMON_SHARES":526187576,"PER_SHARES":500,"TOTAL_MARKET_CAP":399902557.76,"HKSK_MARKET_CAP":399902557.76,"PE_TTM":-2.407269758885,"PB_TTM":0.289024084607,"REPORT_DATE_SQ":"2022-12-31 00:00:00","REPORT_TYPE_SQ":"2022年年报","OPERATE_INCOME_SQ":65557779.8,"DPS_HKD":null,"OPERATE_INCOME_QOQ_SQ":-9.705461166974,"NET_PROFIT_RATIO_SQ":-297.8434080527,"HOLDER_PROFIT_SQ":-195259525.6,"HOLDER_PROFIT_QOQ_SQ":85.374605124876,"ROE_AVG_SQ":-12.299835920294,"PE_TTM_SQ":-1.875573368819,"PB_TTM_SQ":0.252249536894,"ROA_SQ":-11.810897570922,"START_DATE":"2023-01-01 00:00:00","FISCAL_YEAR":"12-31","CURRENCY":"HKD","IS_CNY_CODE":0,"DPS_HKD_LY":null,"ORG_TYPE":"一般企业","PREMIUM_INCOME":null,"PREMIUM_INCOME_YOY":null,"NET_INTEREST_INCOME":null,"NET_INTEREST_INCOME_YOY":null,"FEE_COMMISSION_INCOME":null,"FEE_COMMISSION_INCOME_YOY":null,"ACCOUNTS_RECE_TDAYS":1.105243304413,"INVENTORY_TDAYS":0.672365937604,"CURRENT_ASSETS_TDAYS":0.054617887824,"TOTAL_ASSETS_TDAYS":0.049096702071,"PREMIUM_EXPENSE":null,"LOAN_DEPOSIT":null,"LOAN_EQUITY":null,"LOAN_ASSETS":null,"DEPOSIT_EQUITY":null,"DEPOSIT_ASSETS":null,"EQUITY_MULTIPLIER":1.056292819766,"EQUITY_RATIO":0.056292516089},{"SECUCODE":"02216.HK","SECURITY_CODE":"02216","SECURITY_NAME_ABBR":"堃博医疗-B","ORG_CODE":"10000202067","STD_REPORT_DATE":"2023-06-30 00:00:00","REPORT_DATE":"2023-06-30 00:00:00","DATE_TYPE_CODE":"002","REPORT_TYPE":"2023年中报","PER_NETCASH_OPERATE":-0.218145395508,"PER_OI":0.071737434034,"BPS":2.709917499839,"BASIC_EPS":-0.216774,"DILUTED_EPS":-0.216774,"OPERATE_INCOME":37819837.2,"OPERATE_INCOME_YOY":62.6476072094,"GROSS_PROFIT":29091070.8,"GROSS_PROFIT_YOY":76.059123379605,"HOLDER_PROFIT":-106443259.8,"HOLDER_PROFIT_YOY":8.2752179328,"GROSS_PROFIT_RATIO":76.920137562094,"EPS_TTM":-0.367827027882,"OPERATE_INCOME_QOQ":24.745426171373,"NET_PROFIT_RATIO":-281.4482231563,"ROE_AVG":-7.171929619568,"GROSS_PROFIT_QOQ":24.668456625557,"ROA":-6.906542954328,"HOLDER_PROFIT_QOQ":0.687200379022,"ROE_YEARLY":-14.343859239136,"ROIC_YEARLY":-83.985176738883,"TOTAL_ASSETS":1478680486.2,"TOTAL_LIABILITIES":52755565.8,"TAX_EBT":-0.013578654355,"OCF_SALES":-304.088651127245,"TOTAL_PARENT_EQUITY":1425924920.4,"DEBT_ASSET_RATIO":3.5677461285,"OPERATE_PROFIT":-106118098.8,"PRETAX_PROFIT":-106428808.2,"NETCASH_OPERATE":-115005832.8,"NETCASH_INVEST":63543685.2,"NETCASH_FINANCE":-2008772.4,"END_CASH":702911372.4,"DIVI_RATIO":null,"DIVIDEND_RATE":null,"CURRENT_RATIO":29.577820389901,"COMMON_ACS":2000000000,"CURRENTDEBT_DEBT":85.714285714286,"ISSUED_COMMON_SHARES":526187576,"HK_COMMON_SHARES":526187576,"PER_SHARES":500,"TOTAL_MARKET_CAP":399902557.76,"HKSK_MARKET_CAP":399902557.76,"PE_TTM":-2.407269758885,"PB_TTM":0.289024084607,"REPORT_DATE_SQ":"2022-06-30 00:00:00","REPORT_TYPE_SQ":"2022年中报","OPERATE_INCOME_SQ":21597285.2,"DPS_HKD":null,"OPERATE_INCOME_QOQ_SQ":4.560372361266,"NET_PROFIT_RATIO_SQ":-499.0677439403,"HOLDER_PROFIT_SQ":-107785084,"HOLDER_PROFIT_QOQ_SQ":11.189886631127,"ROE_AVG_SQ":-6.857123338557,"PE_TTM_SQ":-1.875573368819,"PB_TTM_SQ":0.252249536894,"ROA_SQ":-6.62848888201,"START_DATE":"2023-01-01 00:00:00","FISCAL_YEAR":"12-31","CURRENCY":"HKD","IS_CNY_CODE":0,"DPS_HKD_LY":null,"ORG_TYPE":"一般企业","PREMIUM_INCOME":null,"PREMIUM_INCOME_YOY":null,"NET_INTEREST_INCOME":null,"NET_INTEREST_INCOME_YOY":null,"FEE_COMMISSION_INCOME":null,"FEE_COMMISSION_INCOME_YOY":null,"ACCOUNTS_RECE_TDAYS":0.553628093928,"INVENTORY_TDAYS":0.262295081967,"CURRENT_ASSETS_TDAYS":0.026981884917,"TOTAL_ASSETS_TDAYS":0.024539302032,"PREMIUM_EXPENSE":null,"LOAN_DEPOSIT":null,"LOAN_EQUITY":null,"LOAN_ASSETS":null,"DEPOSIT_EQUITY":null,"DEPOSIT_ASSETS":null,"EQUITY_MULTIPLIER":1.036997435871,"EQUITY_RATIO":0.036997435871},{"SECUCODE":"02216.HK","SECURITY_CODE":"02216","SECURITY_NAME_ABBR":"堃博医疗-B","ORG_CODE":"10000202067","STD_REPORT_DATE":"2022-12-31 00:00:00","REPORT_DATE":"2022-12-31 00:00:00","DATE_TYPE_CODE":"001","REPORT_TYPE":"2022年年报","PER_NETCASH_OPERATE":-0.409172983438,"PER_OI":0.124428031695,"BPS":2.825322479298,"BASIC_EPS":-0.417876,"DILUTED_EPS":-0.417876,"OPERATE_INCOME":65557779.8,"OPERATE_INCOME_YOY":-13.5708383069,"GROSS_PROFIT":50946049,"GROSS_PROFIT_YOY":-8.594604297997,"HOLDER_PROFIT":-195259525.6,"HOLDER_PROFIT_YOY":88.1094561124,"GROSS_PROFIT_RATIO":77.711675342611,"EPS_TTM":-0.370600690175,"OPERATE_INCOME_QOQ":-9.705461166974,"NET_PROFIT_RATIO":-297.8434080527,"ROE_AVG":-12.299835920294,"GROSS_PROFIT_QOQ":-12.204725492956,"ROA":-11.810897570922,"HOLDER_PROFIT_QOQ":85.374605124876,"ROE_YEARLY":-12.299835920294,"ROIC_YEARLY":-94.03005097934,"TOTAL_ASSETS":1545737253.2,"TOTAL_LIABILITIES":59087666.4,"TAX_EBT":-0.010701673028,"OCF_SALES":-328.843089344524,"TOTAL_PARENT_EQUITY":1486649586.8,"DEBT_ASSET_RATIO":3.8226203242,"OPERATE_PROFIT":-194556101,"PRETAX_PROFIT":-195238631.8,"NETCASH_OPERATE":-215582228.4,"NETCASH_INVEST":-609883057.4,"NETCASH_FINANCE":-3983751.2,"END_CASH":743512837.6,"DIVI_RATIO":null,"DIVIDEND_RATE":null,"CURRENT_RATIO":27.351489820682,"COMMON_ACS":2000000000,"CURRENTDEBT_DEBT":87.423385195662,"ISSUED_COMMON_SHARES":526187576,"HK_COMMON_SHARES":526187576,"PER_SHARES":500,"TOTAL_MARKET_CAP":399902557.76,"HKSK_MARKET_CAP":399902557.76,"PE_TTM":-2.407269758885,"PB_TTM":0.289024084607,"REPORT_DATE_SQ":"2021-12-31 00:00:00","REPORT_TYPE_SQ":"2021年年报","OPERATE_INCOME_SQ":69437748.7,"DPS_HKD":null,"OPERATE_INCOME_QOQ_SQ":105.448730537617,"NET_PROFIT_RATIO_SQ":-2168.5611973189,"HOLDER_PROFIT_SQ":-1503288048.8,"HOLDER_PROFIT_QOQ_SQ":-209.696387975616,"ROE_AVG_SQ":-386.832369468028,"PE_TTM_SQ":-1.875573368819,"PB_TTM_SQ":0.252249536894,"ROA_SQ":-161.11902638691,"START_DATE":"2022-01-01 00:00:00","FISCAL_YEAR":"12-31","CURRENCY":"HKD","IS_CNY_CODE":0,"DPS_HKD_LY":null,"ORG_TYPE":"一般企业","PREMIUM_INCOME":null,"PREMIUM_INCOME_YOY":null,"NET_INTEREST_INCOME":null,"NET_INTEREST_INCOME_YOY":null,"FEE_COMMISSION_INCOME":null,"FEE_COMMISSION_INCOME_YOY":null,"ACCOUNTS_RECE_TDAYS":1.320103779539,"INVENTORY_TDAYS":0.494228504122,"CURRENT_ASSETS_TDAYS":0.042632981795,"TOTAL_ASSETS_TDAYS":0.039654722084,"PREMIUM_EXPENSE":null,"LOAN_DEPOSIT":null,"LOAN_EQUITY":null,"LOAN_ASSETS":null,"DEPOSIT_EQUITY":null,"DEPOSIT_ASSETS":null,"EQUITY_MULTIPLIER":1.039745523709,"EQUITY_RATIO":0.03974552371},{"SECUCODE":"02216.HK","SECURITY_CODE":"02216","SECURITY_NAME_ABBR":"堃博医疗-B","ORG_CODE":"10000202067","STD_REPORT_DATE":"2022-06-30 00:00:00","REPORT_DATE":"2022-06-30 00:00:00","DATE_TYPE_CODE":"002","REPORT_TYPE":"2022年中报","PER_NETCASH_OPERATE":-0.21477103454,"PER_OI":0.041004638929,"BPS":2.88257737199,"BASIC_EPS":-0.201342,"DILUTED_EPS":-0.201342,"OPERATE_INCOME":21597285.2,"OPERATE_INCOME_YOY":12.7935506484,"GROSS_PROFIT":16523466.8,"GROSS_PROFIT_YOY":16.104067369008,"HOLDER_PROFIT":-107785084,"HOLDER_PROFIT_YOY":62.4098867147,"GROSS_PROFIT_RATIO":76.507147296457,"EPS_TTM":-2.534769413514,"OPERATE_INCOME_QOQ":4.560372361266,"NET_PROFIT_RATIO":-499.0677439403,"ROE_AVG":-6.857123338557,"GROSS_PROFIT_QOQ":4.111976658458,"ROA":-6.62848888201,"HOLDER_PROFIT_QOQ":11.189886631127,"ROE_YEARLY":-13.714246677113,"ROIC_YEARLY":-122.916786254138,"TOTAL_ASSETS":1555494466.6,"TOTAL_LIABILITIES":38718066.6,"TAX_EBT":-0.006227037798,"OCF_SALES":-523.772529521442,"TOTAL_PARENT_EQUITY":1516776400,"DEBT_ASSET_RATIO":2.4891163184,"OPERATE_PROFIT":-107429379.8,"PRETAX_PROFIT":-107778372.6,"NETCASH_OPERATE":-113120647,"NETCASH_INVEST":-1019461660,"NETCASH_FINANCE":-2201339.2,"END_CASH":380207521.4,"DIVI_RATIO":null,"DIVIDEND_RATE":null,"CURRENT_RATIO":46.028790786948,"COMMON_ACS":2000000000,"CURRENTDEBT_DEBT":81.279251170047,"ISSUED_COMMON_SHARES":526187576,"HK_COMMON_SHARES":526187576,"PER_SHARES":500,"TOTAL_MARKET_CAP":399902557.76,"HKSK_MARKET_CAP":399902557.76,"PE_TTM":-2.407269758885,"PB_TTM":0.289024084607,"REPORT_DATE_SQ":"2021-06-30 00:00:00","REPORT_TYPE_SQ":"2021年中报","OPERATE_INCOME_SQ":18430665.3,"DPS_HKD":null,"OPERATE_INCOME_QOQ_SQ":58.940270968309,"NET_PROFIT_RATIO_SQ":-1511.3214160533,"HOLDER_PROFIT_SQ":-276001312.4,"HOLDER_PROFIT_QOQ_SQ":-54.223982846592,"ROE_AVG_SQ":30.759705103099,"PE_TTM_SQ":-1.875573368819,"PB_TTM_SQ":0.252249536894,"ROA_SQ":-85.766192574451,"START_DATE":"2022-01-01 00:00:00","FISCAL_YEAR":"12-31","CURRENCY":"HKD","IS_CNY_CODE":0,"DPS_HKD_LY":null,"ORG_TYPE":"一般企业","PREMIUM_INCOME":null,"PREMIUM_INCOME_YOY":null,"NET_INTEREST_INCOME":null,"NET_INTEREST_INCOME_YOY":null,"FEE_COMMISSION_INCOME":null,"FEE_COMMISSION_INCOME_YOY":null,"ACCOUNTS_RECE_TDAYS":0.651219265405,"INVENTORY_TDAYS":0.177485620378,"CURRENT_ASSETS_TDAYS":0.014159183009,"TOTAL_ASSETS_TDAYS":0.013281741732,"PREMIUM_EXPENSE":null,"LOAN_DEPOSIT":null,"LOAN_EQUITY":null,"LOAN_ASSETS":null,"DEPOSIT_EQUITY":null,"DEPOSIT_ASSETS":null,"EQUITY_MULTIPLIER":1.025526548673,"EQUITY_RATIO":0.025526548673},{"SECUCODE":"02216.HK","SECURITY_CODE":"02216","SECURITY_NAME_ABBR":"堃博医疗-B","ORG_CODE":"10000202067","STD_REPORT_DATE":"2021-12-31 00:00:00","REPORT_DATE":"2021-12-31 00:00:00","DATE_TYPE_CODE":"001","REPORT_TYPE":"2021年年报","PER_NETCASH_OPERATE":-0.381335422467,"PER_OI":0.13187032724,"BPS":2.93732599,"BASIC_EPS":-5.036803,"DILUTED_EPS":-5.036803,"OPERATE_INCOME":69437748.7,"OPERATE_INCOME_YOY":234.1822644983,"GROSS_PROFIT":55736369.4,"GROSS_PROFIT_YOY":240.86605088981,"HOLDER_PROFIT":-1503288048.8,"HOLDER_PROFIT_YOY":-388.8032008624,"GROSS_PROFIT_RATIO":80.268111284547,"EPS_TTM":-2.854918119355,"OPERATE_INCOME_QOQ":105.448730537617,"NET_PROFIT_RATIO":-2168.5611973189,"ROE_AVG":-386.832369468028,"GROSS_PROFIT_QOQ":109.111676255491,"ROA":-161.11902638691,"HOLDER_PROFIT_QOQ":-209.696387975616,"ROE_YEARLY":-386.832369468028,"ROIC_YEARLY":-969.985190060885,"TOTAL_ASSETS":1611815214.2,"TOTAL_LIABILITIES":66230771.6,"TAX_EBT":-0.001270244522,"OCF_SALES":-289.174547791755,"TOTAL_PARENT_EQUITY":1545584442.6,"DEBT_ASSET_RATIO":4.1090796896,"OPERATE_PROFIT":-1504697078.5,"PRETAX_PROFIT":-1505780947.5,"NETCASH_OPERATE":-200796295.8,"NETCASH_INVEST":-11176602.1,"NETCASH_FINANCE":1541784525.4,"END_CASH":1448603669.9,"DIVI_RATIO":null,"DIVIDEND_RATE":null,"CURRENT_RATIO":26.630633645694,"COMMON_ACS":2000000000,"CURRENTDEBT_DEBT":86.291875240662,"ISSUED_COMMON_SHARES":526187576,"HK_COMMON_SHARES":526187576,"PER_SHARES":500,"TOTAL_MARKET_CAP":399902557.76,"HKSK_MARKET_CAP":399902557.76,"PE_TTM":-2.407269758885,"PB_TTM":0.289024084607,"REPORT_DATE_SQ":"2020-12-31 00:00:00","REPORT_TYPE_SQ":"2020年年报","OPERATE_INCOME_SQ":21264649.1,"DPS_HKD":null,"OPERATE_INCOME_QOQ_SQ":-62.237725532846,"NET_PROFIT_RATIO_SQ":-1496.9622583615,"HOLDER_PROFIT_SQ":-314741601.3,"HOLDER_PROFIT_QOQ_SQ":-41.302521026625,"ROE_AVG_SQ":50.018405512321,"PE_TTM_SQ":-1.875573368819,"PB_TTM_SQ":0.252249536894,"ROA_SQ":-155.904977375566,"START_DATE":"2021-01-01 00:00:00","FISCAL_YEAR":"12-31","CURRENCY":"HKD","IS_CNY_CODE":0,"DPS_HKD_LY":null,"ORG_TYPE":"一般企业","PREMIUM_INCOME":null,"PREMIUM_INCOME_YOY":null,"NET_INTEREST_INCOME":null,"NET_INTEREST_INCOME_YOY":null,"FEE_COMMISSION_INCOME":null,"FEE_COMMISSION_INCOME_YOY":null,"ACCOUNTS_RECE_TDAYS":2.53308524247,"INVENTORY_TDAYS":0.593400524644,"CURRENT_ASSETS_TDAYS":0.082072652874,"TOTAL_ASSETS_TDAYS":0.074421814728,"PREMIUM_EXPENSE":null,"LOAN_DEPOSIT":null,"LOAN_EQUITY":null,"LOAN_ASSETS":null,"DEPOSIT_EQUITY":null,"DEPOSIT_ASSETS":null,"EQUITY_MULTIPLIER":1.042851603429,"EQUITY_RATIO":0.042851603429},{"SECUCODE":"02216.HK","SECURITY_CODE":"02216","SECURITY_NAME_ABBR":"堃博医疗-B","ORG_CODE":"10000202067","STD_REPORT_DATE":"2021-06-30 00:00:00","REPORT_DATE":"2021-06-30 00:00:00","DATE_TYPE_CODE":"002","REPORT_TYPE":"2021年中报","PER_NETCASH_OPERATE":-0.386206311667,"PER_OI":0.07679443875,"BPS":-1.930942717469,"BASIC_EPS":-1.227419,"DILUTED_EPS":-1.227419,"OPERATE_INCOME":18430665.3,"OPERATE_INCOME_YOY":242.4969987995,"GROSS_PROFIT":14231600.3,"GROSS_PROFIT_YOY":262.20810880801,"HOLDER_PROFIT":-276001312.4,"HOLDER_PROFIT_YOY":-187.1429531555,"GROSS_PROFIT_RATIO":77.216964598668,"EPS_TTM":-2.022529305,"OPERATE_INCOME_QOQ":58.940270968309,"NET_PROFIT_RATIO":-1511.3214160533,"ROE_AVG":30.759705103099,"GROSS_PROFIT_QOQ":63.006703878813,"ROA":-85.766192574451,"HOLDER_PROFIT_QOQ":-54.223982846592,"ROE_YEARLY":61.519410206197,"ROIC_YEARLY":-378.490432317505,"TOTAL_ASSETS":386003895.2,"TOTAL_LIABILITIES":1402041963.1,"TAX_EBT":-0.002319270821,"OCF_SALES":-502.909218366632,"TOTAL_PARENT_EQUITY":-1016038067.9,"DEBT_ASSET_RATIO":363.2196411836,"OPERATE_PROFIT":-277034928.4,"PRETAX_PROFIT":-278540131.7,"NETCASH_OPERATE":-92689514.8,"NETCASH_INVEST":-8863257.2,"NETCASH_FINANCE":222770088.4,"END_CASH":243009581.7,"DIVI_RATIO":null,"DIVIDEND_RATE":null,"CURRENT_RATIO":6.270197966827,"COMMON_ACS":2000000000,"CURRENTDEBT_DEBT":3.444669194723,"ISSUED_COMMON_SHARES":526187576,"HK_COMMON_SHARES":526187576,"PER_SHARES":500,"TOTAL_MARKET_CAP":399902557.76,"HKSK_MARKET_CAP":399902557.76,"PE_TTM":-2.407269758885,"PB_TTM":0.289024084607,"REPORT_DATE_SQ":"2020-06-30 00:00:00","REPORT_TYPE_SQ":"2020年中报","OPERATE_INCOME_SQ":5897223.5,"DPS_HKD":null,"OPERATE_INCOME_QOQ_SQ":0,"NET_PROFIT_RATIO_SQ":-1813.8055222089,"HOLDER_PROFIT_SQ":-105335880.5,"HOLDER_PROFIT_QOQ_SQ":0,"ROE_AVG_SQ":null,"PE_TTM_SQ":-1.875573368819,"PB_TTM_SQ":0.252249536894,"ROA_SQ":null,"START_DATE":"2021-01-01 00:00:00","FISCAL_YEAR":"12-31","CURRENCY":"HKD","IS_CNY_CODE":0,"DPS_HKD_LY":null,"ORG_TYPE":"一般企业","PREMIUM_INCOME":null,"PREMIUM_INCOME_YOY":null,"NET_INTEREST_INCOME":null,"NET_INTEREST_INCOME_YOY":null,"FEE_COMMISSION_INCOME":null,"FEE_COMMISSION_INCOME_YOY":null,"ACCOUNTS_RECE_TDAYS":1.189741451209,"INVENTORY_TDAYS":0.172368072129,"CURRENT_ASSETS_TDAYS":0.077571440224,"TOTAL_ASSETS_TDAYS":0.057272480904,"PREMIUM_EXPENSE":null,"LOAN_DEPOSIT":null,"LOAN_EQUITY":null,"LOAN_ASSETS":null,"DEPOSIT_EQUITY":null,"DEPOSIT_ASSETS":null,"EQUITY_MULTIPLIER":-0.379910859047,"EQUITY_RATIO":-1.379910859047},{"SECUCODE":"02216.HK","SECURITY_CODE":"02216","SECURITY_NAME_ABBR":"堃博医疗-B","ORG_CODE":"10000202067","STD_REPORT_DATE":"2020-12-31 00:00:00","REPORT_DATE":"2020-12-31 00:00:00","DATE_TYPE_CODE":"001","REPORT_TYPE":"2020年年报","PER_NETCASH_OPERATE":-0.423792255,"PER_OI":0.088602704583,"BPS":-1.494401064498,"BASIC_EPS":-1.435478,"DILUTED_EPS":-1.435478,"OPERATE_INCOME":21264649.1,"OPERATE_INCOME_YOY":-59.6258671952,"GROSS_PROFIT":16351399.4,"GROSS_PROFIT_YOY":-60.791512151687,"HOLDER_PROFIT":-314741601.3,"HOLDER_PROFIT_YOY":-51.0758244856,"GROSS_PROFIT_RATIO":76.894752991715,"EPS_TTM":-1.31142333875,"OPERATE_INCOME_QOQ":-62.237725532846,"NET_PROFIT_RATIO":-1496.9622583615,"ROE_AVG":50.018405512321,"GROSS_PROFIT_QOQ":-60.791512151687,"ROA":-155.904977375566,"HOLDER_PROFIT_QOQ":-41.302521026625,"ROE_YEARLY":50.018405512321,"ROIC_YEARLY":-222.029412441601,"TOTAL_ASSETS":260193437.3,"TOTAL_LIABILITIES":1059108718.2,"TAX_EBT":-0.004099704821,"OCF_SALES":-478.306228904572,"TOTAL_PARENT_EQUITY":-786335273.7,"DEBT_ASSET_RATIO":407.0466685057,"OPERATE_PROFIT":-311113756.9,"PRETAX_PROFIT":-318310721.6,"NETCASH_OPERATE":-101710141.2,"NETCASH_INVEST":-7105616.1,"NETCASH_FINANCE":210264902.5,"END_CASH":122589821.2,"DIVI_RATIO":null,"DIVIDEND_RATE":null,"CURRENT_RATIO":1.875448091657,"COMMON_ACS":2000000000,"CURRENTDEBT_DEBT":8.764893603913,"ISSUED_COMMON_SHARES":526187576,"HK_COMMON_SHARES":526187576,"PER_SHARES":500,"TOTAL_MARKET_CAP":399902557.76,"HKSK_MARKET_CAP":399902557.76,"PE_TTM":-2.407269758885,"PB_TTM":0.289024084607,"REPORT_DATE_SQ":"2019-12-31 00:00:00","REPORT_TYPE_SQ":"2019年年报","OPERATE_INCOME_SQ":56311886.4,"DPS_HKD":null,"OPERATE_INCOME_QOQ_SQ":null,"NET_PROFIT_RATIO_SQ":-403.2581764123,"HOLDER_PROFIT_SQ":-222743089.8,"HOLDER_PROFIT_QOQ_SQ":null,"ROE_AVG_SQ":44.122768227295,"PE_TTM_SQ":-1.875573368819,"PB_TTM_SQ":0.252249536894,"ROA_SQ":-145.112030177703,"START_DATE":"2020-01-01 00:00:00","FISCAL_YEAR":"12-31","CURRENCY":"HKD","IS_CNY_CODE":0,"DPS_HKD_LY":null,"ORG_TYPE":"一般企业","PREMIUM_INCOME":null,"PREMIUM_INCOME_YOY":null,"NET_INTEREST_INCOME":null,"NET_INTEREST_INCOME_YOY":null,"FEE_COMMISSION_INCOME":null,"FEE_COMMISSION_INCOME_YOY":null,"ACCOUNTS_RECE_TDAYS":1.064163265306,"INVENTORY_TDAYS":0.308669809387,"CURRENT_ASSETS_TDAYS":0.182382897756,"TOTAL_ASSETS_TDAYS":0.105332902392,"PREMIUM_EXPENSE":null,"LOAN_DEPOSIT":null,"LOAN_EQUITY":null,"LOAN_ASSETS":null,"DEPOSIT_EQUITY":null,"DEPOSIT_ASSETS":null,"EQUITY_MULTIPLIER":-0.325683390368,"EQUITY_RATIO":-1.346892036544},{"SECUCODE":"02216.HK","SECURITY_CODE":"02216","SECURITY_NAME_ABBR":"堃博医疗-B","ORG_CODE":"10000202067","STD_REPORT_DATE":"2020-06-30 00:00:00","REPORT_DATE":"2020-06-30 00:00:00","DATE_TYPE_CODE":"002","REPORT_TYPE":"2020年中报","PER_NETCASH_OPERATE":null,"PER_OI":null,"BPS":null,"BASIC_EPS":-0.495565,"DILUTED_EPS":-0.495565,"OPERATE_INCOME":5897223.5,"OPERATE_INCOME_YOY":null,"GROSS_PROFIT":3929122.5,"GROSS_PROFIT_YOY":null,"HOLDER_PROFIT":-105335880.5,"HOLDER_PROFIT_YOY":null,"GROSS_PROFIT_RATIO":66.626650660264,"EPS_TTM":-0.9280962075,"OPERATE_INCOME_QOQ":0,"NET_PROFIT_RATIO":-1813.8055222089,"ROE_AVG":null,"GROSS_PROFIT_QOQ":0,"ROA":null,"HOLDER_PROFIT_QOQ":0,"ROE_YEARLY":null,"ROIC_YEARLY":null,"TOTAL_ASSETS":null,"TOTAL_LIABILITIES":null,"TAX_EBT":-0.006619009796,"OCF_SALES":-832.412965186074,"TOTAL_PARENT_EQUITY":null,"DEBT_ASSET_RATIO":null,"OPERATE_PROFIT":-104748282,"PRETAX_PROFIT":-106957086,"NETCASH_OPERATE":-49089253,"NETCASH_INVEST":-523883,"NETCASH_FINANCE":56027163,"END_CASH":28105615,"DIVI_RATIO":null,"DIVIDEND_RATE":null,"CURRENT_RATIO":null,"COMMON_ACS":2000000000,"CURRENTDEBT_DEBT":null,"ISSUED_COMMON_SHARES":526187576,"HK_COMMON_SHARES":526187576,"PER_SHARES":500,"TOTAL_MARKET_CAP":399902557.76,"HKSK_MARKET_CAP":399902557.76,"PE_TTM":-2.407269758885,"PB_TTM":0.289024084607,"REPORT_DATE_SQ":"2019-06-30 00:00:00","REPORT_TYPE_SQ":"2019年中报","OPERATE_INCOME_SQ":null,"DPS_HKD":null,"OPERATE_INCOME_QOQ_SQ":null,"NET_PROFIT_RATIO_SQ":null,"HOLDER_PROFIT_SQ":null,"HOLDER_PROFIT_QOQ_SQ":null,"ROE_AVG_SQ":null,"PE_TTM_SQ":-1.875573368819,"PB_TTM_SQ":0.252249536894,"ROA_SQ":null,"START_DATE":"2020-01-01 00:00:00","FISCAL_YEAR":"12-31","CURRENCY":"HKD","IS_CNY_CODE":0,"DPS_HKD_LY":null,"ORG_TYPE":"一般企业","PREMIUM_INCOME":null,"PREMIUM_INCOME_YOY":null,"NET_INTEREST_INCOME":null,"NET_INTEREST_INCOME_YOY":null,"FEE_COMMISSION_INCOME":null,"FEE_COMMISSION_INCOME_YOY":null,"ACCOUNTS_RECE_TDAYS":null,"INVENTORY_TDAYS":null,"CURRENT_ASSETS_TDAYS":0.183966431095,"TOTAL_ASSETS_TDAYS":0.075716947689,"PREMIUM_EXPENSE":null,"LOAN_DEPOSIT":null,"LOAN_EQUITY":null,"LOAN_ASSETS":null,"DEPOSIT_EQUITY":null,"DEPOSIT_ASSETS":null,"EQUITY_MULTIPLIER":null,"EQUITY_RATIO":null}],"count":10},"success":true,"message":"ok","code":0}