{"version":"cfb5ac45ee9e747fefeabeeced8cdc0d","result":{"pages":3,"data":[{"SECUCODE":"02211.HK","SECURITY_CODE":"02211","SECURITY_NAME_ABBR":"大健康国际","ORG_CODE":"10356601","STD_REPORT_DATE":"2023-12-31 00:00:00","REPORT_DATE":"2024-06-30 00:00:00","DATE_TYPE_CODE":"001","REPORT_TYPE":"2023年年报","PER_NETCASH_OPERATE":-0.127000544446,"PER_OI":1.359495669359,"BPS":0.440314326791,"BASIC_EPS":0.0006,"DILUTED_EPS":0.0006,"OPERATE_INCOME":1089037000,"OPERATE_INCOME_YOY":-16.0364862656,"GROSS_PROFIT":179885000,"GROSS_PROFIT_YOY":-15.881054590687,"HOLDER_PROFIT":413000,"HOLDER_PROFIT_YOY":100.3918517605,"GROSS_PROFIT_RATIO":16.517804261931,"EPS_TTM":-0.122979619888,"OPERATE_INCOME_QOQ":-15.854378752787,"NET_PROFIT_RATIO":0.0532580619,"ROE_AVG":0.123755330019,"GROSS_PROFIT_QOQ":-17.49763848751,"ROA":0.057691998762,"HOLDER_PROFIT_QOQ":22.108788675199,"ROE_YEARLY":0.123755330019,"ROIC_YEARLY":0.061084915428,"TOTAL_ASSETS":692877000,"TOTAL_LIABILITIES":339992000,"TAX_EBT":120.773638968481,"OCF_SALES":-9.341739536857,"TOTAL_PARENT_EQUITY":352718000,"DEBT_ASSET_RATIO":49.0696039845,"OPERATE_PROFIT":82000,"PRETAX_PROFIT":-2792000,"NETCASH_OPERATE":-101735000,"NETCASH_INVEST":54884000,"NETCASH_FINANCE":40233000,"END_CASH":36363000,"DIVI_RATIO":null,"DIVIDEND_RATE":null,"CURRENT_RATIO":0.986753066482,"COMMON_ACS":1000000000,"CURRENTDEBT_DEBT":88.146779924234,"ISSUED_COMMON_SHARES":801059558,"HK_COMMON_SHARES":801059558,"PER_SHARES":5000,"TOTAL_MARKET_CAP":108944099.888,"HKSK_MARKET_CAP":108944099.888,"PE_TTM":240.75327139414,"PB_TTM":0.281899707658,"REPORT_DATE_SQ":"2022-12-31 00:00:00","REPORT_TYPE_SQ":"2022年年报","OPERATE_INCOME_SQ":1297036000,"DPS_HKD":null,"OPERATE_INCOME_QOQ_SQ":14.155697518476,"NET_PROFIT_RATIO_SQ":-8.1813457761,"HOLDER_PROFIT_SQ":-105397000,"HOLDER_PROFIT_QOQ_SQ":43.315906995582,"ROE_AVG_SQ":-29.161150376491,"PE_TTM_SQ":-0.432124143179,"PB_TTM_SQ":0.14471095142,"ROA_SQ":-13.358809587183,"START_DATE":"2023-07-01 00:00:00","FISCAL_YEAR":"6-30","CURRENCY":"HKD","IS_CNY_CODE":0,"DPS_HKD_LY":null,"ORG_TYPE":"一般企业","PREMIUM_INCOME":null,"PREMIUM_INCOME_YOY":null,"NET_INTEREST_INCOME":null,"NET_INTEREST_INCOME_YOY":null,"FEE_COMMISSION_INCOME":null,"FEE_COMMISSION_INCOME_YOY":null,"ACCOUNTS_RECE_TDAYS":10.370496986087,"INVENTORY_TDAYS":6.337187985752,"CURRENT_ASSETS_TDAYS":3.358659665842,"TOTAL_ASSETS_TDAYS":1.521276543732,"PREMIUM_EXPENSE":null,"LOAN_DEPOSIT":null,"LOAN_EQUITY":null,"LOAN_ASSETS":null,"DEPOSIT_EQUITY":null,"DEPOSIT_ASSETS":null,"EQUITY_MULTIPLIER":1.963464018021,"EQUITY_RATIO":0.963920185531},{"SECUCODE":"02211.HK","SECURITY_CODE":"02211","SECURITY_NAME_ABBR":"大健康国际","ORG_CODE":"10356601","STD_REPORT_DATE":"2023-06-30 00:00:00","REPORT_DATE":"2023-12-31 00:00:00","DATE_TYPE_CODE":"002","REPORT_TYPE":"2023年中报","PER_NETCASH_OPERATE":-0.014213175388,"PER_OI":0.885835257265,"BPS":0.401754147723,"BASIC_EPS":-0.0314,"DILUTED_EPS":-0.0314,"OPERATE_INCOME":591339000,"OPERATE_INCOME_YOY":-25.802157154,"GROSS_PROFIT":96182000,"GROSS_PROFIT_YOY":-28.00748502994,"HOLDER_PROFIT":-20929000,"HOLDER_PROFIT_YOY":52.6825077434,"GROSS_PROFIT_RATIO":16.265120345521,"EPS_TTM":-0.15788638769,"OPERATE_INCOME_QOQ":-10.786426431797,"NET_PROFIT_RATIO":-3.5316459763,"ROE_AVG":-6.575687644626,"GROSS_PROFIT_QOQ":-13.732466809474,"ROA":-2.807415257079,"HOLDER_PROFIT_QOQ":0.911005396461,"ROE_YEARLY":-13.151375289251,"ROIC_YEARLY":-5.926855204229,"TOTAL_ASSETS":752116000,"TOTAL_LIABILITIES":430242000,"TAX_EBT":7.186347273455,"OCF_SALES":-1.604494207214,"TOTAL_PARENT_EQUITY":321829000,"DEBT_ASSET_RATIO":57.2042078616,"OPERATE_PROFIT":-20997000,"PRETAX_PROFIT":-22501000,"NETCASH_OPERATE":-9488000,"NETCASH_INVEST":7625000,"NETCASH_FINANCE":-151000,"END_CASH":40953000,"DIVI_RATIO":null,"DIVIDEND_RATE":null,"CURRENT_RATIO":0.801897536735,"COMMON_ACS":1000000000,"CURRENTDEBT_DEBT":100,"ISSUED_COMMON_SHARES":801059558,"HK_COMMON_SHARES":801059558,"PER_SHARES":5000,"TOTAL_MARKET_CAP":95326087.402,"HKSK_MARKET_CAP":95326087.402,"PE_TTM":210.659112469873,"PB_TTM":0.246662244201,"REPORT_DATE_SQ":"2022-06-30 00:00:00","REPORT_TYPE_SQ":"2022年中报","OPERATE_INCOME_SQ":796976000,"DPS_HKD":null,"OPERATE_INCOME_QOQ_SQ":4.869593571985,"NET_PROFIT_RATIO_SQ":-5.5585111722,"HOLDER_PROFIT_SQ":-44231000,"HOLDER_PROFIT_QOQ_SQ":65.486461979323,"ROE_AVG_SQ":-11.522495450892,"PE_TTM_SQ":-0.589791060285,"PB_TTM_SQ":0.197510893155,"ROA_SQ":-5.202943131223,"START_DATE":"2023-07-01 00:00:00","FISCAL_YEAR":"6-30","CURRENCY":"HKD","IS_CNY_CODE":0,"DPS_HKD_LY":null,"ORG_TYPE":"一般企业","PREMIUM_INCOME":null,"PREMIUM_INCOME_YOY":null,"NET_INTEREST_INCOME":null,"NET_INTEREST_INCOME_YOY":null,"FEE_COMMISSION_INCOME":null,"FEE_COMMISSION_INCOME_YOY":null,"ACCOUNTS_RECE_TDAYS":5.857625406134,"INVENTORY_TDAYS":3.213906936593,"CURRENT_ASSETS_TDAYS":1.694908015816,"TOTAL_ASSETS_TDAYS":0.793221907739,"PREMIUM_EXPENSE":null,"LOAN_DEPOSIT":null,"LOAN_EQUITY":null,"LOAN_ASSETS":null,"DEPOSIT_EQUITY":null,"DEPOSIT_ASSETS":null,"EQUITY_MULTIPLIER":2.336678327547,"EQUITY_RATIO":1.336865229672},{"SECUCODE":"02211.HK","SECURITY_CODE":"02211","SECURITY_NAME_ABBR":"大健康国际","ORG_CODE":"10356601","STD_REPORT_DATE":"2022-12-31 00:00:00","REPORT_DATE":"2023-06-30 00:00:00","DATE_TYPE_CODE":"001","REPORT_TYPE":"2022年年报","PER_NETCASH_OPERATE":-0.027190487613,"PER_OI":1.9429806232,"BPS":0.392889638301,"BASIC_EPS":-0.1807,"DILUTED_EPS":-0.1807,"OPERATE_INCOME":1297036000,"OPERATE_INCOME_YOY":1.8423771879,"GROSS_PROFIT":213846000,"GROSS_PROFIT_YOY":4.743292091574,"HOLDER_PROFIT":-105397000,"HOLDER_PROFIT_YOY":43.8323021418,"GROSS_PROFIT_RATIO":16.487283313647,"EPS_TTM":-0.191205558181,"OPERATE_INCOME_QOQ":14.155697518476,"NET_PROFIT_RATIO":-8.1813457761,"ROE_AVG":-29.161150376491,"GROSS_PROFIT_QOQ":21.416816057836,"ROA":-13.358809587183,"HOLDER_PROFIT_QOQ":43.315906995582,"ROE_YEARLY":-29.161150376491,"ROIC_YEARLY":-14.275913586275,"TOTAL_ASSETS":738864000,"TOTAL_LIABILITIES":424136000,"TAX_EBT":5.343205030998,"OCF_SALES":-1.399421450137,"TOTAL_PARENT_EQUITY":314728000,"DEBT_ASSET_RATIO":57.4037982633,"OPERATE_PROFIT":-98424000,"PRETAX_PROFIT":-112105000,"NETCASH_OPERATE":-18151000,"NETCASH_INVEST":-8019000,"NETCASH_FINANCE":11270000,"END_CASH":42995000,"DIVI_RATIO":null,"DIVIDEND_RATE":null,"CURRENT_RATIO":0.919096152944,"COMMON_ACS":1000000000,"CURRENTDEBT_DEBT":90.495972989796,"ISSUED_COMMON_SHARES":801059558,"HK_COMMON_SHARES":801059558,"PER_SHARES":5000,"TOTAL_MARKET_CAP":95326087.402,"HKSK_MARKET_CAP":95326087.402,"PE_TTM":210.659112469873,"PB_TTM":0.246662244201,"REPORT_DATE_SQ":"2021-12-31 00:00:00","REPORT_TYPE_SQ":"2021年年报","OPERATE_INCOME_SQ":1273572000,"DPS_HKD":null,"OPERATE_INCOME_QOQ_SQ":2.469354555641,"NET_PROFIT_RATIO_SQ":-14.7626518171,"HOLDER_PROFIT_SQ":-187647000,"HOLDER_PROFIT_QOQ_SQ":19.500411610374,"ROE_AVG_SQ":-38.17443340118,"PE_TTM_SQ":-0.589791060285,"PB_TTM_SQ":0.197510893155,"ROA_SQ":-20.885438782092,"START_DATE":"2022-07-01 00:00:00","FISCAL_YEAR":"6-30","CURRENCY":"HKD","IS_CNY_CODE":0,"DPS_HKD_LY":null,"ORG_TYPE":"一般企业","PREMIUM_INCOME":null,"PREMIUM_INCOME_YOY":null,"NET_INTEREST_INCOME":null,"NET_INTEREST_INCOME_YOY":null,"FEE_COMMISSION_INCOME":null,"FEE_COMMISSION_INCOME_YOY":null,"ACCOUNTS_RECE_TDAYS":11.177153395063,"INVENTORY_TDAYS":6.100743168845,"CURRENT_ASSETS_TDAYS":3.38315148638,"TOTAL_ASSETS_TDAYS":1.643961113857,"PREMIUM_EXPENSE":null,"LOAN_DEPOSIT":null,"LOAN_EQUITY":null,"LOAN_ASSETS":null,"DEPOSIT_EQUITY":null,"DEPOSIT_ASSETS":null,"EQUITY_MULTIPLIER":2.34762715742,"EQUITY_RATIO":1.347627157418},{"SECUCODE":"02211.HK","SECURITY_CODE":"02211","SECURITY_NAME_ABBR":"大健康国际","ORG_CODE":"10356601","STD_REPORT_DATE":"2022-06-30 00:00:00","REPORT_DATE":"2022-12-31 00:00:00","DATE_TYPE_CODE":"002","REPORT_TYPE":"2022年中报","PER_NETCASH_OPERATE":0.024406275158,"PER_OI":1.432659317233,"BPS":0.448907944995,"BASIC_EPS":-0.0795,"DILUTED_EPS":-0.0795,"OPERATE_INCOME":796976000,"OPERATE_INCOME_YOY":29.2338327174,"GROSS_PROFIT":133600000,"GROSS_PROFIT_YOY":48.65090403338,"HOLDER_PROFIT":-44231000,"HOLDER_PROFIT_YOY":64.7595449041,"GROSS_PROFIT_RATIO":16.763365521672,"EPS_TTM":-0.337317840061,"OPERATE_INCOME_QOQ":4.869593571985,"NET_PROFIT_RATIO":-5.5585111722,"ROE_AVG":-11.522495450892,"GROSS_PROFIT_QOQ":13.313167753573,"ROA":-5.202943131223,"HOLDER_PROFIT_QOQ":65.486461979323,"ROE_YEARLY":-23.044990901785,"ROIC_YEARLY":-11.191948456967,"TOTAL_ASSETS":861154000,"TOTAL_LIABILITIES":501180000,"TAX_EBT":null,"OCF_SALES":1.703564473711,"TOTAL_PARENT_EQUITY":359602000,"DEBT_ASSET_RATIO":58.1986497189,"OPERATE_PROFIT":-41799000,"PRETAX_PROFIT":-44300000,"NETCASH_OPERATE":13577000,"NETCASH_INVEST":-12236000,"NETCASH_FINANCE":1489000,"END_CASH":60669000,"DIVI_RATIO":null,"DIVIDEND_RATE":null,"CURRENT_RATIO":1.006014542951,"COMMON_ACS":1000000000,"CURRENTDEBT_DEBT":91.594636657488,"ISSUED_COMMON_SHARES":801059558,"HK_COMMON_SHARES":801059558,"PER_SHARES":5000,"TOTAL_MARKET_CAP":95326087.402,"HKSK_MARKET_CAP":95326087.402,"PE_TTM":210.659112469873,"PB_TTM":0.246662244201,"REPORT_DATE_SQ":"2021-06-30 00:00:00","REPORT_TYPE_SQ":"2021年中报","OPERATE_INCOME_SQ":616693000,"DPS_HKD":null,"OPERATE_INCOME_QOQ_SQ":14.98046094323,"NET_PROFIT_RATIO_SQ":-20.3915076059,"HOLDER_PROFIT_SQ":-125512000,"HOLDER_PROFIT_QOQ_SQ":-16.811918552866,"ROE_AVG_SQ":-24.086318647841,"PE_TTM_SQ":-0.589791060285,"PB_TTM_SQ":0.197510893155,"ROA_SQ":-13.479383616114,"START_DATE":"2022-07-01 00:00:00","FISCAL_YEAR":"6-30","CURRENCY":"HKD","IS_CNY_CODE":0,"DPS_HKD_LY":null,"ORG_TYPE":"一般企业","PREMIUM_INCOME":null,"PREMIUM_INCOME_YOY":null,"NET_INTEREST_INCOME":null,"NET_INTEREST_INCOME_YOY":null,"FEE_COMMISSION_INCOME":null,"FEE_COMMISSION_INCOME_YOY":null,"ACCOUNTS_RECE_TDAYS":5.140387765896,"INVENTORY_TDAYS":3.62378763421,"CURRENT_ASSETS_TDAYS":1.819987120406,"TOTAL_ASSETS_TDAYS":0.937491986378,"PREMIUM_EXPENSE":null,"LOAN_DEPOSIT":null,"LOAN_EQUITY":null,"LOAN_ASSETS":null,"DEPOSIT_EQUITY":null,"DEPOSIT_ASSETS":null,"EQUITY_MULTIPLIER":2.392267219301,"EQUITY_RATIO":1.393707487723},{"SECUCODE":"02211.HK","SECURITY_CODE":"02211","SECURITY_NAME_ABBR":"大健康国际","ORG_CODE":"10356601","STD_REPORT_DATE":"2021-12-31 00:00:00","REPORT_DATE":"2022-06-30 00:00:00","DATE_TYPE_CODE":"001","REPORT_TYPE":"2021年年报","PER_NETCASH_OPERATE":-0.07625859945,"PER_OI":2.289397412176,"BPS":0.509488958622,"BASIC_EPS":-0.4266,"DILUTED_EPS":-0.4266,"OPERATE_INCOME":1273572000,"OPERATE_INCOME_YOY":7.4591956583,"GROSS_PROFIT":204162000,"GROSS_PROFIT_YOY":30.11905368888,"HOLDER_PROFIT":-187647000,"HOLDER_PROFIT_YOY":72.2167439547,"GROSS_PROFIT_RATIO":16.030660221801,"EPS_TTM":-1.172819220241,"OPERATE_INCOME_QOQ":2.469354555641,"NET_PROFIT_RATIO":-14.7626518171,"ROE_AVG":-38.17443340118,"GROSS_PROFIT_QOQ":14.831361851833,"ROA":-20.885438782092,"HOLDER_PROFIT_QOQ":19.500411610374,"ROE_YEARLY":-38.17443340118,"ROIC_YEARLY":-22.017744720321,"TOTAL_ASSETS":839076000,"TOTAL_LIABILITIES":430366000,"TAX_EBT":null,"OCF_SALES":-3.330946346182,"TOTAL_PARENT_EQUITY":408131000,"DEBT_ASSET_RATIO":51.2904671329,"OPERATE_PROFIT":-188710000,"PRETAX_PROFIT":-188013000,"NETCASH_OPERATE":-42422000,"NETCASH_INVEST":11088000,"NETCASH_FINANCE":55963000,"END_CASH":57795000,"DIVI_RATIO":null,"DIVIDEND_RATE":null,"CURRENT_RATIO":1.060515003868,"COMMON_ACS":1000000000,"CURRENTDEBT_DEBT":90.705585478407,"ISSUED_COMMON_SHARES":801059558,"HK_COMMON_SHARES":801059558,"PER_SHARES":5000,"TOTAL_MARKET_CAP":95326087.402,"HKSK_MARKET_CAP":95326087.402,"PE_TTM":210.659112469873,"PB_TTM":0.246662244201,"REPORT_DATE_SQ":"2020-12-31 00:00:00","REPORT_TYPE_SQ":"2020年年报","OPERATE_INCOME_SQ":1185168000,"DPS_HKD":null,"OPERATE_INCOME_QOQ_SQ":-31.743708803106,"NET_PROFIT_RATIO_SQ":-57.0389176893,"HOLDER_PROFIT_SQ":-675396000,"HOLDER_PROFIT_QOQ_SQ":-17.660788962261,"ROE_AVG_SQ":-74.269533805814,"PE_TTM_SQ":-0.589791060285,"PB_TTM_SQ":0.197510893155,"ROA_SQ":-55.068218054802,"START_DATE":"2021-07-01 00:00:00","FISCAL_YEAR":"6-30","CURRENCY":"HKD","IS_CNY_CODE":0,"DPS_HKD_LY":null,"ORG_TYPE":"一般企业","PREMIUM_INCOME":null,"PREMIUM_INCOME_YOY":null,"NET_INTEREST_INCOME":null,"NET_INTEREST_INCOME_YOY":null,"FEE_COMMISSION_INCOME":null,"FEE_COMMISSION_INCOME_YOY":null,"ACCOUNTS_RECE_TDAYS":9.561530809512,"INVENTORY_TDAYS":4.600711137497,"CURRENT_ASSETS_TDAYS":2.831430997915,"TOTAL_ASSETS_TDAYS":1.41750787599,"PREMIUM_EXPENSE":null,"LOAN_DEPOSIT":null,"LOAN_EQUITY":null,"LOAN_ASSETS":null,"DEPOSIT_EQUITY":null,"DEPOSIT_ASSETS":null,"EQUITY_MULTIPLIER":2.052986224952,"EQUITY_RATIO":1.054480056648},{"SECUCODE":"02211.HK","SECURITY_CODE":"02211","SECURITY_NAME_ABBR":"大健康国际","ORG_CODE":"10356601","STD_REPORT_DATE":"2021-06-30 00:00:00","REPORT_DATE":"2021-12-31 00:00:00","DATE_TYPE_CODE":"002","REPORT_TYPE":"2021年中报","PER_NETCASH_OPERATE":-0.040923159345,"PER_OI":1.33029497157,"BPS":0.583243774241,"BASIC_EPS":-0.3104,"DILUTED_EPS":-0.3104,"OPERATE_INCOME":616693000,"OPERATE_INCOME_YOY":4.9820658567,"GROSS_PROFIT":89875000,"GROSS_PROFIT_YOY":34.939342982404,"HOLDER_PROFIT":-125512000,"HOLDER_PROFIT_YOY":51.2038473351,"GROSS_PROFIT_RATIO":14.573701987861,"EPS_TTM":-1.748310882631,"OPERATE_INCOME_QOQ":14.98046094323,"NET_PROFIT_RATIO":-20.3915076059,"ROE_AVG":-24.086318647841,"GROSS_PROFIT_QOQ":36.148205995922,"ROA":-13.479383616114,"HOLDER_PROFIT_QOQ":-16.811918552866,"ROE_YEARLY":-48.172637295682,"ROIC_YEARLY":-28.537534354031,"TOTAL_ASSETS":904440000,"TOTAL_LIABILITIES":436523000,"TAX_EBT":null,"OCF_SALES":-3.076247014317,"TOTAL_PARENT_EQUITY":467213000,"DEBT_ASSET_RATIO":48.264450931,"OPERATE_PROFIT":-123854000,"PRETAX_PROFIT":-125753000,"NETCASH_OPERATE":-18971000,"NETCASH_INVEST":5863000,"NETCASH_FINANCE":48313000,"END_CASH":68286000,"DIVI_RATIO":null,"DIVIDEND_RATE":null,"CURRENT_RATIO":1.134655492872,"COMMON_ACS":1000000000,"CURRENTDEBT_DEBT":90.836679854212,"ISSUED_COMMON_SHARES":801059558,"HK_COMMON_SHARES":801059558,"PER_SHARES":5000,"TOTAL_MARKET_CAP":95326087.402,"HKSK_MARKET_CAP":95326087.402,"PE_TTM":210.659112469873,"PB_TTM":0.246662244201,"REPORT_DATE_SQ":"2020-06-30 00:00:00","REPORT_TYPE_SQ":"2020年中报","OPERATE_INCOME_SQ":587427000,"DPS_HKD":null,"OPERATE_INCOME_QOQ_SQ":-28.846179217279,"NET_PROFIT_RATIO_SQ":-43.8347232933,"HOLDER_PROFIT_SQ":-257217000,"HOLDER_PROFIT_QOQ_SQ":-51.649019722813,"ROE_AVG_SQ":-23.004716460119,"PE_TTM_SQ":-0.589791060285,"PB_TTM_SQ":0.197510893155,"ROA_SQ":-17.661914790327,"START_DATE":"2021-07-01 00:00:00","FISCAL_YEAR":"6-30","CURRENCY":"HKD","IS_CNY_CODE":0,"DPS_HKD_LY":null,"ORG_TYPE":"一般企业","PREMIUM_INCOME":null,"PREMIUM_INCOME_YOY":null,"NET_INTEREST_INCOME":null,"NET_INTEREST_INCOME_YOY":null,"FEE_COMMISSION_INCOME":null,"FEE_COMMISSION_INCOME_YOY":null,"ACCOUNTS_RECE_TDAYS":4.507890908825,"INVENTORY_TDAYS":2.200852237122,"CURRENT_ASSETS_TDAYS":1.31839054904,"TOTAL_ASSETS_TDAYS":0.662298546782,"PREMIUM_EXPENSE":null,"LOAN_DEPOSIT":null,"LOAN_EQUITY":null,"LOAN_ASSETS":null,"DEPOSIT_EQUITY":null,"DEPOSIT_ASSETS":null,"EQUITY_MULTIPLIER":1.932906904431,"EQUITY_RATIO":0.934312615445},{"SECUCODE":"02211.HK","SECURITY_CODE":"02211","SECURITY_NAME_ABBR":"大健康国际","ORG_CODE":"10356601","STD_REPORT_DATE":"2020-12-31 00:00:00","REPORT_DATE":"2021-06-30 00:00:00","DATE_TYPE_CODE":"001","REPORT_TYPE":"2020年年报","PER_NETCASH_OPERATE":-0.27882798643,"PER_OI":3.06789218791,"BPS":0.717764358789,"BASIC_EPS":-1.7483,"DILUTED_EPS":-1.7483,"OPERATE_INCOME":1185168000,"OPERATE_INCOME_YOY":-21.5186017591,"GROSS_PROFIT":156904000,"GROSS_PROFIT_YOY":-16.761803713528,"HOLDER_PROFIT":-675396000,"HOLDER_PROFIT_YOY":-37.4418249713,"GROSS_PROFIT_RATIO":13.238966965021,"EPS_TTM":-1.496688783379,"OPERATE_INCOME_QOQ":-31.743708803106,"NET_PROFIT_RATIO":-57.0389176893,"ROE_AVG":-74.269533805814,"GROSS_PROFIT_QOQ":-38.862068965517,"ROA":-55.068218054802,"HOLDER_PROFIT_QOQ":-17.660788962261,"ROE_YEARLY":-74.269533805814,"ROIC_YEARLY":-59.088884942219,"TOTAL_ASSETS":957841000,"TOTAL_LIABILITIES":381924000,"TAX_EBT":-0.775636400499,"OCF_SALES":-9.088584909481,"TOTAL_PARENT_EQUITY":574972000,"DEBT_ASSET_RATIO":39.8734236684,"OPERATE_PROFIT":-663409000,"PRETAX_PROFIT":-670804000,"NETCASH_OPERATE":-107715000,"NETCASH_INVEST":19722000,"NETCASH_FINANCE":-10211000,"END_CASH":33091000,"DIVI_RATIO":null,"DIVIDEND_RATE":null,"CURRENT_RATIO":1.271475476796,"COMMON_ACS":1000000000,"CURRENTDEBT_DEBT":100,"ISSUED_COMMON_SHARES":801059558,"HK_COMMON_SHARES":801059558,"PER_SHARES":5000,"TOTAL_MARKET_CAP":95326087.402,"HKSK_MARKET_CAP":95326087.402,"PE_TTM":210.659112469873,"PB_TTM":0.246662244201,"REPORT_DATE_SQ":"2019-12-31 00:00:00","REPORT_TYPE_SQ":"2019年年报","OPERATE_INCOME_SQ":1510126000,"DPS_HKD":null,"OPERATE_INCOME_QOQ_SQ":-12.45974288241,"NET_PROFIT_RATIO_SQ":-32.677471946,"HOLDER_PROFIT_SQ":-491405000,"HOLDER_PROFIT_QOQ_SQ":-21.990068855434,"ROE_AVG_SQ":-33.047082871409,"PE_TTM_SQ":-0.589791060285,"PB_TTM_SQ":0.197510893155,"ROA_SQ":-28.092791019545,"START_DATE":"2020-07-01 00:00:00","FISCAL_YEAR":"6-30","CURRENCY":"HKD","IS_CNY_CODE":0,"DPS_HKD_LY":null,"ORG_TYPE":"一般企业","PREMIUM_INCOME":null,"PREMIUM_INCOME_YOY":null,"NET_INTEREST_INCOME":null,"NET_INTEREST_INCOME_YOY":null,"FEE_COMMISSION_INCOME":null,"FEE_COMMISSION_INCOME_YOY":null,"ACCOUNTS_RECE_TDAYS":7.483278663682,"INVENTORY_TDAYS":3.516791102204,"CURRENT_ASSETS_TDAYS":2.033806161988,"TOTAL_ASSETS_TDAYS":0.966323310407,"PREMIUM_EXPENSE":null,"LOAN_DEPOSIT":null,"LOAN_EQUITY":null,"LOAN_ASSETS":null,"DEPOSIT_EQUITY":null,"DEPOSIT_ASSETS":null,"EQUITY_MULTIPLIER":1.663158059233,"EQUITY_RATIO":0.664247998163},{"SECUCODE":"02211.HK","SECURITY_CODE":"02211","SECURITY_NAME_ABBR":"大健康国际","ORG_CODE":"10356601","STD_REPORT_DATE":"2020-06-30 00:00:00","REPORT_DATE":"2020-12-31 00:00:00","DATE_TYPE_CODE":"002","REPORT_TYPE":"2020年中报","PER_NETCASH_OPERATE":-0.191386038868,"PER_OI":1.52059683038,"BPS":1.238875424541,"BASIC_EPS":-0.6658,"DILUTED_EPS":-0.6658,"OPERATE_INCOME":587427000,"OPERATE_INCOME_YOY":-44.9354469501,"GROSS_PROFIT":66604000,"GROSS_PROFIT_YOY":-52.377751878678,"HOLDER_PROFIT":-257217000,"HOLDER_PROFIT_YOY":-50.9214872881,"GROSS_PROFIT_RATIO":11.338259902933,"EPS_TTM":-0.127203701096,"OPERATE_INCOME_QOQ":-28.846179217279,"NET_PROFIT_RATIO":-43.8347232933,"ROE_AVG":-23.004716460119,"GROSS_PROFIT_QOQ":-32.432674626587,"ROA":-17.661914790327,"HOLDER_PROFIT_QOQ":-51.649019722813,"ROE_YEARLY":-46.009432920239,"ROIC_YEARLY":-37.64931294911,"TOTAL_ASSETS":1417572000,"TOTAL_LIABILITIES":423883000,"TAX_EBT":-1.106887913365,"OCF_SALES":-12.586244758923,"TOTAL_PARENT_EQUITY":992413000,"DEBT_ASSET_RATIO":29.9020437763,"OPERATE_PROFIT":-249166000,"PRETAX_PROFIT":-254678000,"NETCASH_OPERATE":-73935000,"NETCASH_INVEST":-11376000,"NETCASH_FINANCE":-70000,"END_CASH":45758000,"DIVI_RATIO":null,"DIVIDEND_RATE":null,"CURRENT_RATIO":1.573916769831,"COMMON_ACS":1000000000,"CURRENTDEBT_DEBT":99.093381900194,"ISSUED_COMMON_SHARES":801059558,"HK_COMMON_SHARES":801059558,"PER_SHARES":5000,"TOTAL_MARKET_CAP":95326087.402,"HKSK_MARKET_CAP":95326087.402,"PE_TTM":210.659112469873,"PB_TTM":0.246662244201,"REPORT_DATE_SQ":"2019-06-30 00:00:00","REPORT_TYPE_SQ":"2019年中报","OPERATE_INCOME_SQ":1066797000,"DPS_HKD":null,"OPERATE_INCOME_QOQ_SQ":-10.238364367487,"NET_PROFIT_RATIO_SQ":-16.0078252938,"HOLDER_PROFIT_SQ":-170431000,"HOLDER_PROFIT_QOQ_SQ":-36.831884117696,"ROE_AVG_SQ":-10.311135149917,"PE_TTM_SQ":-0.589791060285,"PB_TTM_SQ":0.197510893155,"ROA_SQ":-8.781296355549,"START_DATE":"2020-07-01 00:00:00","FISCAL_YEAR":"6-30","CURRENCY":"HKD","IS_CNY_CODE":0,"DPS_HKD_LY":null,"ORG_TYPE":"一般企业","PREMIUM_INCOME":null,"PREMIUM_INCOME_YOY":null,"NET_INTEREST_INCOME":null,"NET_INTEREST_INCOME_YOY":null,"FEE_COMMISSION_INCOME":null,"FEE_COMMISSION_INCOME_YOY":null,"ACCOUNTS_RECE_TDAYS":2.866896046852,"INVENTORY_TDAYS":1.645736693757,"CURRENT_ASSETS_TDAYS":0.876123161684,"TOTAL_ASSETS_TDAYS":0.403359249954,"PREMIUM_EXPENSE":null,"LOAN_DEPOSIT":null,"LOAN_EQUITY":null,"LOAN_ASSETS":null,"DEPOSIT_EQUITY":null,"DEPOSIT_ASSETS":null,"EQUITY_MULTIPLIER":1.426575115555,"EQUITY_RATIO":0.427123586652},{"SECUCODE":"02211.HK","SECURITY_CODE":"02211","SECURITY_NAME_ABBR":"大健康国际","ORG_CODE":"10356601","STD_REPORT_DATE":"2019-12-31 00:00:00","REPORT_DATE":"2020-06-30 00:00:00","DATE_TYPE_CODE":"001","REPORT_TYPE":"2019年年报","PER_NETCASH_OPERATE":-0.105698107373,"PER_OI":0.390906922644,"BPS":1.552691042231,"BASIC_EPS":-1.2745,"DILUTED_EPS":-1.2745,"OPERATE_INCOME":1510126000,"OPERATE_INCOME_YOY":-37.7117623378,"GROSS_PROFIT":188500000,"GROSS_PROFIT_YOY":-42.320696925097,"HOLDER_PROFIT":-491405000,"HOLDER_PROFIT_YOY":-84.9967435784,"GROSS_PROFIT_RATIO":12.482402130683,"EPS_TTM":-0.08388033192,"OPERATE_INCOME_QOQ":-12.45974288241,"NET_PROFIT_RATIO":-32.677471946,"ROE_AVG":-33.047082871409,"GROSS_PROFIT_QOQ":-14.634325458145,"ROA":-28.092791019545,"HOLDER_PROFIT_QOQ":-21.990068855434,"ROE_YEARLY":-33.047082871409,"ROIC_YEARLY":-35.955297059876,"TOTAL_ASSETS":1495102000,"TOTAL_LIABILITIES":249748000,"TAX_EBT":-0.252932596003,"OCF_SALES":-27.039200702458,"TOTAL_PARENT_EQUITY":1243798000,"DEBT_ASSET_RATIO":16.7044121404,"OPERATE_PROFIT":-510494000,"PRETAX_PROFIT":-492226000,"NETCASH_OPERATE":-408326000,"NETCASH_INVEST":-96140000,"NETCASH_FINANCE":7084000,"END_CASH":131317000,"DIVI_RATIO":null,"DIVIDEND_RATE":null,"CURRENT_RATIO":2.765708776412,"COMMON_ACS":1000000000,"CURRENTDEBT_DEBT":98.426413825136,"ISSUED_COMMON_SHARES":801059558,"HK_COMMON_SHARES":801059558,"PER_SHARES":5000,"TOTAL_MARKET_CAP":95326087.402,"HKSK_MARKET_CAP":95326087.402,"PE_TTM":210.659112469873,"PB_TTM":0.246662244201,"REPORT_DATE_SQ":"2018-12-31 00:00:00","REPORT_TYPE_SQ":"2018年年报","OPERATE_INCOME_SQ":2424416000,"DPS_HKD":null,"OPERATE_INCOME_QOQ_SQ":0.777542712799,"NET_PROFIT_RATIO_SQ":-11.0172099178,"HOLDER_PROFIT_SQ":-265629000,"HOLDER_PROFIT_QOQ_SQ":64.891416004746,"ROE_AVG_SQ":-14.566479313717,"PE_TTM_SQ":-0.589791060285,"PB_TTM_SQ":0.197510893155,"ROA_SQ":-11.575093171288,"START_DATE":"2019-07-01 00:00:00","FISCAL_YEAR":"6-30","CURRENCY":"HKD","IS_CNY_CODE":0,"DPS_HKD_LY":null,"ORG_TYPE":"一般企业","PREMIUM_INCOME":null,"PREMIUM_INCOME_YOY":null,"NET_INTEREST_INCOME":null,"NET_INTEREST_INCOME_YOY":null,"FEE_COMMISSION_INCOME":null,"FEE_COMMISSION_INCOME_YOY":null,"ACCOUNTS_RECE_TDAYS":6.6728204675,"INVENTORY_TDAYS":4.312028646237,"CURRENT_ASSETS_TDAYS":1.53604132115,"TOTAL_ASSETS_TDAYS":0.863313440669,"PREMIUM_EXPENSE":null,"LOAN_DEPOSIT":null,"LOAN_EQUITY":null,"LOAN_ASSETS":null,"DEPOSIT_EQUITY":null,"DEPOSIT_ASSETS":null,"EQUITY_MULTIPLIER":1.200543781125,"EQUITY_RATIO":0.200794662799}],"count":26},"success":true,"message":"ok","code":0}