{"version":"6973a9c31d4df48ec4500176e2afec75","result":{"pages":4,"data":[{"SECUCODE":"02222.HK","SECURITY_CODE":"02222","SECURITY_NAME_ABBR":"雷士国际","ORG_CODE":"10132438","STD_REPORT_DATE":"2024-06-30 00:00:00","REPORT_DATE":"2024-06-30 00:00:00","DATE_TYPE_CODE":"002","REPORT_TYPE":"2024年中报","PER_NETCASH_OPERATE":-0.003751142009,"PER_OI":1.664973181725,"BPS":6.877163929797,"BASIC_EPS":0.10761468,"DILUTED_EPS":null,"OPERATE_INCOME":844597068,"OPERATE_INCOME_YOY":-0.4402103601,"GROSS_PROFIT":264454167.6,"GROSS_PROFIT_YOY":11.956563214506,"HOLDER_PROFIT":54591288,"HOLDER_PROFIT_YOY":640.8123791103,"GROSS_PROFIT_RATIO":31.311281748376,"EPS_TTM":0.591523450762,"OPERATE_INCOME_QOQ":-0.928513089995,"NET_PROFIT_RATIO":7.4710994853,"ROE_AVG":1.574065321656,"GROSS_PROFIT_QOQ":5.923483322105,"ROA":1.306615380023,"HOLDER_PROFIT_QOQ":18.628520209514,"ROE_YEARLY":3.148130643312,"ROIC_YEARLY":3.420666002778,"TOTAL_ASSETS":4136337705.6,"TOTAL_LIABILITIES":578710413.6,"TAX_EBT":14.280182011811,"OCF_SALES":-0.225297443254,"TOTAL_PARENT_EQUITY":3488604234,"DEBT_ASSET_RATIO":13.9908889165,"OPERATE_PROFIT":45354955.2,"PRETAX_PROFIT":73612717.2,"NETCASH_OPERATE":-1902855.6,"NETCASH_INVEST":145564890,"NETCASH_FINANCE":-63913142.4,"END_CASH":846784995.6,"DIVI_RATIO":null,"DIVIDEND_RATE":null,"CURRENT_RATIO":3.268284067145,"COMMON_ACS":50000000000,"CURRENTDEBT_DEBT":87.155488781065,"ISSUED_COMMON_SHARES":507273677,"HK_COMMON_SHARES":507273677,"PER_SHARES":10000,"TOTAL_MARKET_CAP":441328098.99,"HKSK_MARKET_CAP":441328098.99,"PE_TTM":1.333998973018,"PB_TTM":0.115459164348,"REPORT_DATE_SQ":"2023-06-30 00:00:00","REPORT_TYPE_SQ":"2023年中报","OPERATE_INCOME_SQ":860115877.2,"DPS_HKD":null,"OPERATE_INCOME_QOQ_SQ":-11.449523677392,"NET_PROFIT_RATIO_SQ":1.5314952031,"HOLDER_PROFIT_SQ":7471477.2,"HOLDER_PROFIT_QOQ_SQ":34.280746532767,"ROE_AVG_SQ":0.229901413649,"PE_TTM_SQ":-10.114330153166,"PB_TTM_SQ":0.139625805161,"ROA_SQ":0.044517473001,"START_DATE":"2024-01-01 00:00:00","FISCAL_YEAR":"12-31","CURRENCY":"HKD","IS_CNY_CODE":0,"DPS_HKD_LY":null,"ORG_TYPE":"一般企业","PREMIUM_INCOME":null,"PREMIUM_INCOME_YOY":null,"NET_INTEREST_INCOME":null,"NET_INTEREST_INCOME_YOY":null,"FEE_COMMISSION_INCOME":null,"FEE_COMMISSION_INCOME_YOY":null,"ACCOUNTS_RECE_TDAYS":2.302953750486,"INVENTORY_TDAYS":1.881215118496,"CURRENT_ASSETS_TDAYS":0.50130073391,"TOTAL_ASSETS_TDAYS":0.202150115779,"PREMIUM_EXPENSE":null,"LOAN_DEPOSIT":null,"LOAN_EQUITY":null,"LOAN_ASSETS":null,"DEPOSIT_EQUITY":null,"DEPOSIT_ASSETS":null,"EQUITY_MULTIPLIER":1.162667521385,"EQUITY_RATIO":0.165885946007},{"SECUCODE":"02222.HK","SECURITY_CODE":"02222","SECURITY_NAME_ABBR":"雷士国际","ORG_CODE":"10132438","STD_REPORT_DATE":"2023-12-31 00:00:00","REPORT_DATE":"2023-12-31 00:00:00","DATE_TYPE_CODE":"001","REPORT_TYPE":"2023年年报","PER_NETCASH_OPERATE":0.490006416201,"PER_OI":3.294792251954,"BPS":6.754548909306,"BASIC_EPS":0.55174233,"DILUTED_EPS":null,"OPERATE_INCOME":1671361380.6,"OPERATE_INCOME_YOY":-15.5617101063,"GROSS_PROFIT":476793198.6,"GROSS_PROFIT_YOY":7.219300981801,"HOLDER_PROFIT":252944465.1,"HOLDER_PROFIT_YOY":464.9770056208,"GROSS_PROFIT_RATIO":28.527235589758,"EPS_TTM":0.498635108756,"OPERATE_INCOME_QOQ":-0.051872865301,"NET_PROFIT_RATIO":15.9548771496,"ROE_AVG":7.612577710088,"GROSS_PROFIT_QOQ":14.613935690696,"ROA":1.521513700142,"HOLDER_PROFIT_QOQ":682.111638719772,"ROE_YEARLY":7.612577710088,"ROIC_YEARLY":1.862021267804,"TOTAL_ASSETS":4193687918.1,"TOTAL_LIABILITIES":633915815.4,"TAX_EBT":6.88990008903,"OCF_SALES":14.872149098645,"TOTAL_PARENT_EQUITY":3426404861.7,"DEBT_ASSET_RATIO":15.1159511099,"OPERATE_PROFIT":171033039.6,"PRETAX_PROFIT":286396057.2,"NETCASH_OPERATE":248567356.5,"NETCASH_INVEST":178526536.2,"NETCASH_FINANCE":-219025414.8,"END_CASH":766865177.1,"DIVI_RATIO":null,"DIVIDEND_RATE":null,"CURRENT_RATIO":3.05017807977,"COMMON_ACS":50000000000,"CURRENTDEBT_DEBT":88.465062233246,"ISSUED_COMMON_SHARES":507273677,"HK_COMMON_SHARES":507273677,"PER_SHARES":10000,"TOTAL_MARKET_CAP":456546309.3,"HKSK_MARKET_CAP":456546309.3,"PE_TTM":1.379998937605,"PB_TTM":0.119440514842,"REPORT_DATE_SQ":"2022-12-31 00:00:00","REPORT_TYPE_SQ":"2022年年报","OPERATE_INCOME_SQ":1946382832.8,"DPS_HKD":null,"OPERATE_INCOME_QOQ_SQ":-16.993383899122,"NET_PROFIT_RATIO_SQ":-1.9849114113,"HOLDER_PROFIT_SQ":-68148611,"HOLDER_PROFIT_QOQ_SQ":6.785371905487,"ROE_AVG_SQ":-2.079038621902,"PE_TTM_SQ":-10.32504536469,"PB_TTM_SQ":0.142534676102,"ROA_SQ":-1.565185135298,"START_DATE":"2023-01-01 00:00:00","FISCAL_YEAR":"12-31","CURRENCY":"HKD","IS_CNY_CODE":0,"DPS_HKD_LY":null,"ORG_TYPE":"一般企业","PREMIUM_INCOME":null,"PREMIUM_INCOME_YOY":null,"NET_INTEREST_INCOME":null,"NET_INTEREST_INCOME_YOY":null,"FEE_COMMISSION_INCOME":null,"FEE_COMMISSION_INCOME_YOY":null,"ACCOUNTS_RECE_TDAYS":4.951435735493,"INVENTORY_TDAYS":0.684085857521,"CURRENT_ASSETS_TDAYS":0.225317443153,"TOTAL_ASSETS_TDAYS":0.100535872072,"PREMIUM_EXPENSE":null,"LOAN_DEPOSIT":null,"LOAN_EQUITY":null,"LOAN_ASSETS":null,"DEPOSIT_EQUITY":null,"DEPOSIT_ASSETS":null,"EQUITY_MULTIPLIER":1.178077640117,"EQUITY_RATIO":0.185009022864},{"SECUCODE":"02222.HK","SECURITY_CODE":"02222","SECURITY_NAME_ABBR":"雷士国际","ORG_CODE":"10132438","STD_REPORT_DATE":"2023-06-30 00:00:00","REPORT_DATE":"2023-06-30 00:00:00","DATE_TYPE_CODE":"002","REPORT_TYPE":"2023年中报","PER_NETCASH_OPERATE":0.01691719773,"PER_OI":0.203467890736,"BPS":6.339091825575,"BASIC_EPS":0.01734192,"DILUTED_EPS":null,"OPERATE_INCOME":860115877.2,"OPERATE_INCOME_YOY":-25.7772456882,"GROSS_PROFIT":236211402,"GROSS_PROFIT_YOY":-6.140199019235,"HOLDER_PROFIT":7471477.2,"HOLDER_PROFIT_YOY":145.6713780919,"GROSS_PROFIT_RATIO":27.462741737655,"EPS_TTM":-0.010279164505,"OPERATE_INCOME_QOQ":-11.449523677392,"NET_PROFIT_RATIO":1.5314952031,"ROE_AVG":0.229901413649,"GROSS_PROFIT_QOQ":-3.58155141244,"ROA":0.044517473001,"HOLDER_PROFIT_QOQ":34.280746532767,"ROE_YEARLY":0.459802827298,"ROIC_YEARLY":0.107875174652,"TOTAL_ASSETS":3924086302.8,"TOTAL_LIABILITIES":586771089,"TAX_EBT":20.945359930616,"OCF_SALES":8.314431170926,"TOTAL_PARENT_EQUITY":3215654419.2,"DEBT_ASSET_RATIO":14.9530627953,"OPERATE_PROFIT":-21135465,"PRETAX_PROFIT":16662694.8,"NETCASH_OPERATE":71513742.6,"NETCASH_INVEST":200263047,"NETCASH_FINANCE":-274031239.2,"END_CASH":608882037,"DIVI_RATIO":null,"DIVIDEND_RATE":null,"CURRENT_RATIO":3.220992221456,"COMMON_ACS":50000000000,"CURRENTDEBT_DEBT":87.547564805123,"ISSUED_COMMON_SHARES":507273677,"HK_COMMON_SHARES":507273677,"PER_SHARES":10000,"TOTAL_MARKET_CAP":456546309.3,"HKSK_MARKET_CAP":456546309.3,"PE_TTM":1.379998937605,"PB_TTM":0.119440514842,"REPORT_DATE_SQ":"2022-06-30 00:00:00","REPORT_TYPE_SQ":"2022年中报","OPERATE_INCOME_SQ":1076334063.6,"DPS_HKD":null,"OPERATE_INCOME_QOQ_SQ":-4.206030703001,"NET_PROFIT_RATIO_SQ":0.0171560781,"HOLDER_PROFIT_SQ":-15194609.6,"HOLDER_PROFIT_QOQ_SQ":-1320.02063983488,"ROE_AVG_SQ":-0.460999556466,"PE_TTM_SQ":-10.32504536469,"PB_TTM_SQ":0.142534676102,"ROA_SQ":-0.341559748547,"START_DATE":"2023-01-01 00:00:00","FISCAL_YEAR":"12-31","CURRENCY":"HKD","IS_CNY_CODE":0,"DPS_HKD_LY":null,"ORG_TYPE":"一般企业","PREMIUM_INCOME":null,"PREMIUM_INCOME_YOY":null,"NET_INTEREST_INCOME":null,"NET_INTEREST_INCOME_YOY":null,"FEE_COMMISSION_INCOME":null,"FEE_COMMISSION_INCOME_YOY":null,"ACCOUNTS_RECE_TDAYS":2.372305760665,"INVENTORY_TDAYS":0.34794032016,"CURRENT_ASSETS_TDAYS":0.114339780319,"TOTAL_ASSETS_TDAYS":0.051248480475,"PREMIUM_EXPENSE":null,"LOAN_DEPOSIT":null,"LOAN_EQUITY":null,"LOAN_ASSETS":null,"DEPOSIT_EQUITY":null,"DEPOSIT_ASSETS":null,"EQUITY_MULTIPLIER":1.175821296884,"EQUITY_RATIO":0.182473304811},{"SECUCODE":"02222.HK","SECURITY_CODE":"02222","SECURITY_NAME_ABBR":"雷士国际","ORG_CODE":"10132438","STD_REPORT_DATE":"2022-12-31 00:00:00","REPORT_DATE":"2022-12-31 00:00:00","DATE_TYPE_CODE":"001","REPORT_TYPE":"2022年年报","PER_NETCASH_OPERATE":-0.013870855727,"PER_OI":0.460433785786,"BPS":6.239929536103,"BASIC_EPS":-0.16088226,"DILUTED_EPS":null,"OPERATE_INCOME":1946382832.8,"OPERATE_INCOME_YOY":-20.4846676578,"GROSS_PROFIT":444689710,"GROSS_PROFIT_YOY":-32.870134594947,"HOLDER_PROFIT":-68148611,"HOLDER_PROFIT_YOY":-1237.2377020984,"GROSS_PROFIT_RATIO":22.846921306237,"EPS_TTM":-0.015641024453,"OPERATE_INCOME_QOQ":-16.993383899122,"NET_PROFIT_RATIO":-1.9849114113,"ROE_AVG":-2.079038621902,"GROSS_PROFIT_QOQ":-22.57548160178,"ROA":-1.565185135298,"HOLDER_PROFIT_QOQ":6.785371905487,"ROE_YEARLY":-2.079038621902,"ROIC_YEARLY":-1.973429630515,"TOTAL_ASSETS":4102302621.2,"TOTAL_LIABILITIES":819134464.4,"TAX_EBT":-61.956204379562,"OCF_SALES":-3.104985207422,"TOTAL_PARENT_EQUITY":3165354983.2,"DEBT_ASSET_RATIO":19.9676961783,"OPERATE_PROFIT":-154015164.4,"PRETAX_PROFIT":-23853755,"NETCASH_OPERATE":-87670384.8,"NETCASH_INVEST":-495008945,"NETCASH_FINANCE":200712807.4,"END_CASH":592387982.2,"DIVI_RATIO":null,"DIVIDEND_RATE":null,"CURRENT_RATIO":2.495085551792,"COMMON_ACS":50000000000,"CURRENTDEBT_DEBT":90.669478123353,"ISSUED_COMMON_SHARES":507273677,"HK_COMMON_SHARES":507273677,"PER_SHARES":10000,"TOTAL_MARKET_CAP":456546309.3,"HKSK_MARKET_CAP":456546309.3,"PE_TTM":1.379998937605,"PB_TTM":0.119440514842,"REPORT_DATE_SQ":"2021-12-31 00:00:00","REPORT_TYPE_SQ":"2021年年报","OPERATE_INCOME_SQ":2374947000,"DPS_HKD":null,"OPERATE_INCOME_QOQ_SQ":-0.70752172986,"NET_PROFIT_RATIO_SQ":1.4091261826,"HOLDER_PROFIT_SQ":5814000,"HOLDER_PROFIT_QOQ_SQ":113.78280349904,"ROE_AVG_SQ":0.181126827565,"PE_TTM_SQ":-10.32504536469,"PB_TTM_SQ":0.142534676102,"ROA_SQ":0.133341773267,"START_DATE":"2022-01-01 00:00:00","FISCAL_YEAR":"12-31","CURRENCY":"HKD","IS_CNY_CODE":0,"DPS_HKD_LY":null,"ORG_TYPE":"一般企业","PREMIUM_INCOME":null,"PREMIUM_INCOME_YOY":null,"NET_INTEREST_INCOME":null,"NET_INTEREST_INCOME_YOY":null,"FEE_COMMISSION_INCOME":null,"FEE_COMMISSION_INCOME_YOY":null,"ACCOUNTS_RECE_TDAYS":1.023212559679,"INVENTORY_TDAYS":2.71853292011,"CURRENT_ASSETS_TDAYS":0.904177262978,"TOTAL_ASSETS_TDAYS":0.447037791436,"PREMIUM_EXPENSE":null,"LOAN_DEPOSIT":null,"LOAN_EQUITY":null,"LOAN_ASSETS":null,"DEPOSIT_EQUITY":null,"DEPOSIT_ASSETS":null,"EQUITY_MULTIPLIER":1.249495456519,"EQUITY_RATIO":0.258781232673},{"SECUCODE":"02222.HK","SECURITY_CODE":"02222","SECURITY_NAME_ABBR":"雷士国际","ORG_CODE":"10132438","STD_REPORT_DATE":"2022-06-30 00:00:00","REPORT_DATE":"2022-06-30 00:00:00","DATE_TYPE_CODE":"002","REPORT_TYPE":"2022年中报","PER_NETCASH_OPERATE":-0.036584985205,"PER_OI":0.254616183067,"BPS":6.297212224556,"BASIC_EPS":-0.0033557,"DILUTED_EPS":null,"OPERATE_INCOME":1076334063.6,"OPERATE_INCOME_YOY":-8.7374360706,"GROSS_PROFIT":251664077.2,"GROSS_PROFIT_YOY":-27.917419092438,"HOLDER_PROFIT":-15194609.6,"HOLDER_PROFIT_YOY":-123.7479441452,"GROSS_PROFIT_RATIO":23.381721780168,"EPS_TTM":-0.016779581459,"OPERATE_INCOME_QOQ":-4.206030703001,"NET_PROFIT_RATIO":0.0171560781,"ROE_AVG":-0.460999556466,"GROSS_PROFIT_QOQ":-15.877403265543,"ROA":-0.341559748547,"HOLDER_PROFIT_QOQ":-1320.02063983488,"ROE_YEARLY":-0.921999112933,"ROIC_YEARLY":-0.851999382752,"TOTAL_ASSETS":4277555000,"TOTAL_LIABILITIES":978839000,"TAX_EBT":98.223684210526,"OCF_SALES":-14.822755668694,"TOTAL_PARENT_EQUITY":3194410000,"DEBT_ASSET_RATIO":22.8831423559,"OPERATE_PROFIT":-23134195.8,"PRETAX_PROFIT":10201328,"NETCASH_OPERATE":-159550112.2,"NETCASH_INVEST":-521214035.4,"NETCASH_FINANCE":244758046.6,"END_CASH":567515984,"DIVI_RATIO":null,"DIVIDEND_RATE":null,"CURRENT_RATIO":2.295688917954,"COMMON_ACS":50000000000,"CURRENTDEBT_DEBT":91.389390900853,"ISSUED_COMMON_SHARES":507273677,"HK_COMMON_SHARES":507273677,"PER_SHARES":10000,"TOTAL_MARKET_CAP":456546309.3,"HKSK_MARKET_CAP":456546309.3,"PE_TTM":1.379998937605,"PB_TTM":0.119440514842,"REPORT_DATE_SQ":"2021-06-30 00:00:00","REPORT_TYPE_SQ":"2021年中报","OPERATE_INCOME_SQ":1143253000,"DPS_HKD":null,"OPERATE_INCOME_QOQ_SQ":1.800199440494,"NET_PROFIT_RATIO_SQ":6.390798887,"HOLDER_PROFIT_SQ":62018000,"HOLDER_PROFIT_QOQ_SQ":18.483806137435,"ROE_AVG_SQ":1.908418792346,"PE_TTM_SQ":-10.32504536469,"PB_TTM_SQ":0.142534676102,"ROA_SQ":1.422661396242,"START_DATE":"2022-01-01 00:00:00","FISCAL_YEAR":"12-31","CURRENCY":"HKD","IS_CNY_CODE":0,"DPS_HKD_LY":null,"ORG_TYPE":"一般企业","PREMIUM_INCOME":null,"PREMIUM_INCOME_YOY":null,"NET_INTEREST_INCOME":null,"NET_INTEREST_INCOME_YOY":null,"FEE_COMMISSION_INCOME":null,"FEE_COMMISSION_INCOME_YOY":null,"ACCOUNTS_RECE_TDAYS":0.373520030464,"INVENTORY_TDAYS":1.301541274456,"CURRENT_ASSETS_TDAYS":0.476675558021,"TOTAL_ASSETS_TDAYS":0.241967994544,"PREMIUM_EXPENSE":null,"LOAN_DEPOSIT":null,"LOAN_EQUITY":null,"LOAN_ASSETS":null,"DEPOSIT_EQUITY":null,"DEPOSIT_ASSETS":null,"EQUITY_MULTIPLIER":1.296733335032,"EQUITY_RATIO":0.306422469251},{"SECUCODE":"02222.HK","SECURITY_CODE":"02222","SECURITY_NAME_ABBR":"雷士国际","ORG_CODE":"10132438","STD_REPORT_DATE":"2021-12-31 00:00:00","REPORT_DATE":"2021-12-31 00:00:00","DATE_TYPE_CODE":"001","REPORT_TYPE":"2021年年报","PER_NETCASH_OPERATE":-0.029015580035,"PER_OI":0.561814366539,"BPS":6.298738028151,"BASIC_EPS":0.0014,"DILUTED_EPS":null,"OPERATE_INCOME":2374947000,"OPERATE_INCOME_YOY":1.0799409084,"GROSS_PROFIT":662432000,"GROSS_PROFIT_YOY":-1.499736810018,"HOLDER_PROFIT":5814000,"HOLDER_PROFIT_YOY":111.23521682,"GROSS_PROFIT_RATIO":27.892496127282,"EPS_TTM":0.001375352261,"OPERATE_INCOME_QOQ":-0.70752172986,"NET_PROFIT_RATIO":1.4091261826,"ROE_AVG":0.181126827565,"GROSS_PROFIT_QOQ":-8.651740552586,"ROA":0.133341773267,"HOLDER_PROFIT_QOQ":113.78280349904,"ROE_YEARLY":0.181126827565,"ROIC_YEARLY":0.184860750317,"TOTAL_ASSETS":4346412000,"TOTAL_LIABILITIES":1061910000,"TAX_EBT":46.870931893951,"OCF_SALES":-5.164620515742,"TOTAL_PARENT_EQUITY":3195184000,"DEBT_ASSET_RATIO":24.4318762234,"OPERATE_PROFIT":86912000,"PRETAX_PROFIT":62990000,"NETCASH_OPERATE":-122657000,"NETCASH_INVEST":-70382000,"NETCASH_FINANCE":-49123000,"END_CASH":948268000,"DIVI_RATIO":null,"DIVIDEND_RATE":null,"CURRENT_RATIO":2.395432061736,"COMMON_ACS":50000000000,"CURRENTDEBT_DEBT":91.363392377885,"ISSUED_COMMON_SHARES":507273677,"HK_COMMON_SHARES":507273677,"PER_SHARES":10000,"TOTAL_MARKET_CAP":456546309.3,"HKSK_MARKET_CAP":456546309.3,"PE_TTM":1.379998937605,"PB_TTM":0.119440514842,"REPORT_DATE_SQ":"2020-12-31 00:00:00","REPORT_TYPE_SQ":"2020年年报","OPERATE_INCOME_SQ":2349573000,"DPS_HKD":null,"OPERATE_INCOME_QOQ_SQ":4.310539632112,"NET_PROFIT_RATIO_SQ":-0.8513036198,"HOLDER_PROFIT_SQ":-51748000,"HOLDER_PROFIT_QOQ_SQ":-101.543263446892,"ROE_AVG_SQ":-1.581454309637,"PE_TTM_SQ":-10.32504536469,"PB_TTM_SQ":0.142534676102,"ROA_SQ":-1.055188490966,"START_DATE":"2021-01-01 00:00:00","FISCAL_YEAR":"12-31","CURRENCY":"HKD","IS_CNY_CODE":0,"DPS_HKD_LY":null,"ORG_TYPE":"一般企业","PREMIUM_INCOME":null,"PREMIUM_INCOME_YOY":null,"NET_INTEREST_INCOME":null,"NET_INTEREST_INCOME_YOY":null,"FEE_COMMISSION_INCOME":null,"FEE_COMMISSION_INCOME_YOY":null,"ACCOUNTS_RECE_TDAYS":4.75379210953,"INVENTORY_TDAYS":3.27531220385,"CURRENT_ASSETS_TDAYS":1.017151266189,"TOTAL_ASSETS_TDAYS":0.544684630881,"PREMIUM_EXPENSE":null,"LOAN_DEPOSIT":null,"LOAN_EQUITY":null,"LOAN_ASSETS":null,"DEPOSIT_EQUITY":null,"DEPOSIT_ASSETS":null,"EQUITY_MULTIPLIER":1.32330928707,"EQUITY_RATIO":0.332347057321},{"SECUCODE":"02222.HK","SECURITY_CODE":"02222","SECURITY_NAME_ABBR":"雷士国际","ORG_CODE":"10132438","STD_REPORT_DATE":"2021-06-30 00:00:00","REPORT_DATE":"2021-06-30 00:00:00","DATE_TYPE_CODE":"002","REPORT_TYPE":"2021年中报","PER_NETCASH_OPERATE":-0.055215401905,"PER_OI":0.270446439432,"BPS":6.455657268414,"BASIC_EPS":0.0147,"DILUTED_EPS":null,"OPERATE_INCOME":1143253000,"OPERATE_INCOME_YOY":3.8418429074,"GROSS_PROFIT":349133000,"GROSS_PROFIT_YOY":17.759773879432,"HOLDER_PROFIT":62018000,"HOLDER_PROFIT_YOY":18.2353726193,"GROSS_PROFIT_RATIO":30.538559706382,"EPS_TTM":-0.009978755494,"OPERATE_INCOME_QOQ":1.800199440494,"NET_PROFIT_RATIO":6.390798887,"ROE_AVG":1.908418792346,"GROSS_PROFIT_QOQ":7.829381518413,"ROA":1.422661396242,"HOLDER_PROFIT_QOQ":18.483806137435,"ROE_YEARLY":3.816837584692,"ROIC_YEARLY":3.993392210187,"TOTAL_ASSETS":4344553000,"TOTAL_LIABILITIES":996959000,"TAX_EBT":20.98649277055,"OCF_SALES":-20.416390772646,"TOTAL_PARENT_EQUITY":3274785000,"DEBT_ASSET_RATIO":22.947331981,"OPERATE_PROFIT":89857000,"PRETAX_PROFIT":92469000,"NETCASH_OPERATE":-233411000,"NETCASH_INVEST":-7483000,"NETCASH_FINANCE":49278000,"END_CASH":1040509000,"DIVI_RATIO":null,"DIVIDEND_RATE":null,"CURRENT_RATIO":2.570672284078,"COMMON_ACS":50000000000,"CURRENTDEBT_DEBT":90.566111545209,"ISSUED_COMMON_SHARES":507273677,"HK_COMMON_SHARES":507273677,"PER_SHARES":10000,"TOTAL_MARKET_CAP":456546309.3,"HKSK_MARKET_CAP":456546309.3,"PE_TTM":1.379998937605,"PB_TTM":0.119440514842,"REPORT_DATE_SQ":"2020-06-30 00:00:00","REPORT_TYPE_SQ":"2020年中报","OPERATE_INCOME_SQ":1100956000,"DPS_HKD":null,"OPERATE_INCOME_QOQ_SQ":1.343870494599,"NET_PROFIT_RATIO_SQ":6.6721104204,"HOLDER_PROFIT_SQ":52453000,"HOLDER_PROFIT_QOQ_SQ":-8.757267382534,"ROE_AVG_SQ":1.567947193244,"PE_TTM_SQ":-10.32504536469,"PB_TTM_SQ":0.142534676102,"ROA_SQ":1.068133227795,"START_DATE":"2021-01-01 00:00:00","FISCAL_YEAR":"12-31","CURRENCY":"HKD","IS_CNY_CODE":0,"DPS_HKD_LY":null,"ORG_TYPE":"一般企业","PREMIUM_INCOME":null,"PREMIUM_INCOME_YOY":null,"NET_INTEREST_INCOME":null,"NET_INTEREST_INCOME_YOY":null,"FEE_COMMISSION_INCOME":null,"FEE_COMMISSION_INCOME_YOY":null,"ACCOUNTS_RECE_TDAYS":2.331943927426,"INVENTORY_TDAYS":1.545452599335,"CURRENT_ASSETS_TDAYS":0.489947583353,"TOTAL_ASSETS_TDAYS":0.262256427043,"PREMIUM_EXPENSE":null,"LOAN_DEPOSIT":null,"LOAN_EQUITY":null,"LOAN_ASSETS":null,"DEPOSIT_EQUITY":null,"DEPOSIT_ASSETS":null,"EQUITY_MULTIPLIER":1.297813593883,"EQUITY_RATIO":0.304434947638},{"SECUCODE":"02222.HK","SECURITY_CODE":"02222","SECURITY_NAME_ABBR":"雷士国际","ORG_CODE":"10132438","STD_REPORT_DATE":"2020-12-31 00:00:00","REPORT_DATE":"2020-12-31 00:00:00","DATE_TYPE_CODE":"001","REPORT_TYPE":"2020年年报","PER_NETCASH_OPERATE":-0.04447279838,"PER_OI":0.555811926174,"BPS":6.356779675757,"BASIC_EPS":-0.0122,"DILUTED_EPS":null,"OPERATE_INCOME":2349573000,"OPERATE_INCOME_YOY":5.712338197,"GROSS_PROFIT":672518000,"GROSS_PROFIT_YOY":26.090584050952,"HOLDER_PROFIT":-51748000,"HOLDER_PROFIT_YOY":-101.4081157404,"GROSS_PROFIT_RATIO":28.622988091879,"EPS_TTM":-0.012241439426,"OPERATE_INCOME_QOQ":4.310539632112,"NET_PROFIT_RATIO":-0.8513036198,"ROE_AVG":-1.581454309637,"GROSS_PROFIT_QOQ":20.179415470117,"ROA":-1.055188490966,"HOLDER_PROFIT_QOQ":-101.543263446892,"ROE_YEARLY":-1.581454309637,"ROIC_YEARLY":-1.524313145198,"TOTAL_ASSETS":4374036000,"TOTAL_LIABILITIES":1059131000,"TAX_EBT":-60.59413890004,"OCF_SALES":-8.00141132027,"TOTAL_PARENT_EQUITY":3224627000,"DEBT_ASSET_RATIO":24.2140439631,"OPERATE_PROFIT":249609000,"PRETAX_PROFIT":-12455000,"NETCASH_OPERATE":-187999000,"NETCASH_INVEST":-34892000,"NETCASH_FINANCE":-29502000,"END_CASH":1226773000,"DIVI_RATIO":null,"DIVIDEND_RATE":null,"CURRENT_RATIO":2.456041160174,"COMMON_ACS":50000000000,"CURRENTDEBT_DEBT":90.177513452066,"ISSUED_COMMON_SHARES":507273677,"HK_COMMON_SHARES":507273677,"PER_SHARES":10000,"TOTAL_MARKET_CAP":456546309.3,"HKSK_MARKET_CAP":456546309.3,"PE_TTM":1.379998937605,"PB_TTM":0.119440514842,"REPORT_DATE_SQ":"2019-12-31 00:00:00","REPORT_TYPE_SQ":"2019年年报","OPERATE_INCOME_SQ":2222610000,"DPS_HKD":null,"OPERATE_INCOME_QOQ_SQ":-60.506830869567,"NET_PROFIT_RATIO_SQ":166.6136659153,"HOLDER_PROFIT_SQ":3674982000,"HOLDER_PROFIT_QOQ_SQ":8237.33227049289,"ROE_AVG_SQ":111.25478606054,"PE_TTM_SQ":-10.32504536469,"PB_TTM_SQ":0.142534676102,"ROA_SQ":56.38481358514,"START_DATE":"2020-01-01 00:00:00","FISCAL_YEAR":"12-31","CURRENCY":"HKD","IS_CNY_CODE":0,"DPS_HKD_LY":null,"ORG_TYPE":"一般企业","PREMIUM_INCOME":null,"PREMIUM_INCOME_YOY":null,"NET_INTEREST_INCOME":null,"NET_INTEREST_INCOME_YOY":null,"FEE_COMMISSION_INCOME":null,"FEE_COMMISSION_INCOME_YOY":null,"ACCOUNTS_RECE_TDAYS":4.251208874519,"INVENTORY_TDAYS":4.155801514327,"CURRENT_ASSETS_TDAYS":0.855702206674,"TOTAL_ASSETS_TDAYS":0.479099170651,"PREMIUM_EXPENSE":null,"LOAN_DEPOSIT":null,"LOAN_EQUITY":null,"LOAN_ASSETS":null,"DEPOSIT_EQUITY":null,"DEPOSIT_ASSETS":null,"EQUITY_MULTIPLIER":1.319505687192,"EQUITY_RATIO":0.32845070143},{"SECUCODE":"02222.HK","SECURITY_CODE":"02222","SECURITY_NAME_ABBR":"雷士国际","ORG_CODE":"10132438","STD_REPORT_DATE":"2020-06-30 00:00:00","REPORT_DATE":"2020-06-30 00:00:00","DATE_TYPE_CODE":"002","REPORT_TYPE":"2020年中报","PER_NETCASH_OPERATE":-0.109798482414,"PER_OI":0.260440716246,"BPS":6.645190067688,"BASIC_EPS":0.0124,"DILUTED_EPS":null,"OPERATE_INCOME":1100956000,"OPERATE_INCOME_YOY":2.7886623589,"GROSS_PROFIT":296479000,"GROSS_PROFIT_YOY":9.707487650095,"HOLDER_PROFIT":52453000,"HOLDER_PROFIT_YOY":-85.9856631782,"GROSS_PROFIT_RATIO":26.929232412558,"EPS_TTM":0.793217739351,"OPERATE_INCOME_QOQ":1.343870494599,"NET_PROFIT_RATIO":6.6721104204,"ROE_AVG":1.567947193244,"GROSS_PROFIT_QOQ":4.918619846595,"ROA":1.068133227795,"HOLDER_PROFIT_QOQ":-8.757267382534,"ROE_YEARLY":3.135894386487,"ROIC_YEARLY":3.021328669214,"TOTAL_ASSETS":4387175000,"TOTAL_LIABILITIES":921380000,"TAX_EBT":34.233709957563,"OCF_SALES":-42.158723872707,"TOTAL_PARENT_EQUITY":3370930000,"DEBT_ASSET_RATIO":21.0016696393,"OPERATE_PROFIT":156750000,"PRETAX_PROFIT":111694000,"NETCASH_OPERATE":-464149000,"NETCASH_INVEST":-16653000,"NETCASH_FINANCE":-10555000,"END_CASH":1056226000,"DIVI_RATIO":null,"DIVIDEND_RATE":null,"CURRENT_RATIO":2.773096893799,"COMMON_ACS":50000000000,"CURRENTDEBT_DEBT":86.995376500467,"ISSUED_COMMON_SHARES":507273677,"HK_COMMON_SHARES":507273677,"PER_SHARES":10000,"TOTAL_MARKET_CAP":456546309.3,"HKSK_MARKET_CAP":456546309.3,"PE_TTM":1.379998937605,"PB_TTM":0.119440514842,"REPORT_DATE_SQ":"2019-06-30 00:00:00","REPORT_TYPE_SQ":"2019年中报","OPERATE_INCOME_SQ":1071087000,"DPS_HKD":null,"OPERATE_INCOME_QOQ_SQ":14.740232520967,"NET_PROFIT_RATIO_SQ":14.5801769573,"HOLDER_PROFIT_SQ":374281000,"HOLDER_PROFIT_QOQ_SQ":86.213949058585,"ROE_AVG_SQ":11.091189287436,"PE_TTM_SQ":-10.32504536469,"PB_TTM_SQ":0.142534676102,"ROA_SQ":5.198552637254,"START_DATE":"2020-01-01 00:00:00","FISCAL_YEAR":"12-31","CURRENCY":"HKD","IS_CNY_CODE":0,"DPS_HKD_LY":null,"ORG_TYPE":"一般企业","PREMIUM_INCOME":null,"PREMIUM_INCOME_YOY":null,"NET_INTEREST_INCOME":null,"NET_INTEREST_INCOME_YOY":null,"FEE_COMMISSION_INCOME":null,"FEE_COMMISSION_INCOME_YOY":null,"ACCOUNTS_RECE_TDAYS":1.98965734418,"INVENTORY_TDAYS":2.088698894217,"CURRENT_ASSETS_TDAYS":0.410146024898,"TOTAL_ASSETS_TDAYS":0.224194552445,"PREMIUM_EXPENSE":null,"LOAN_DEPOSIT":null,"LOAN_EQUITY":null,"LOAN_ASSETS":null,"DEPOSIT_EQUITY":null,"DEPOSIT_ASSETS":null,"EQUITY_MULTIPLIER":1.265849538128,"EQUITY_RATIO":0.27333109854}],"count":33},"success":true,"message":"ok","code":0}