{"version":"dea2503dd9c09cca0923de8309d48518","result":{"pages":3,"data":[{"SECUCODE":"02221.HK","SECURITY_CODE":"02221","SECURITY_NAME_ABBR":"创业集团控股","ORG_CODE":"10415623","STD_REPORT_DATE":"2024-06-30 00:00:00","REPORT_DATE":"2024-09-30 00:00:00","DATE_TYPE_CODE":"002","REPORT_TYPE":"2024年中报","PER_NETCASH_OPERATE":0.008208084336,"PER_OI":0.203415520774,"BPS":0.220118599022,"BASIC_EPS":-0.008296468,"DILUTED_EPS":-0.008296468,"OPERATE_INCOME":326712204.47,"OPERATE_INCOME_YOY":17.9730900234,"GROSS_PROFIT":30537314.77,"GROSS_PROFIT_YOY":-18.425146080012,"HOLDER_PROFIT":-13396992.24,"HOLDER_PROFIT_YOY":-130.575818718,"GROSS_PROFIT_RATIO":9.346854617671,"EPS_TTM":0.001615964587,"OPERATE_INCOME_QOQ":0,"NET_PROFIT_RATIO":-5.5521359783,"ROE_AVG":-3.754867034082,"GROSS_PROFIT_QOQ":0,"ROA":-1.288946132966,"HOLDER_PROFIT_QOQ":0,"ROE_YEARLY":-7.509734068164,"ROIC_YEARLY":-2.849778080438,"TOTAL_ASSETS":1083112915.3,"TOTAL_LIABILITIES":673672299.81,"TAX_EBT":4.772049424798,"OCF_SALES":4.035131785599,"TOTAL_PARENT_EQUITY":353539555.18,"DEBT_ASSET_RATIO":62.1977903036,"OPERATE_PROFIT":-11348125.36,"PRETAX_PROFIT":-19048510.17,"NETCASH_OPERATE":13183268.01,"NETCASH_INVEST":-7706697.34,"NETCASH_FINANCE":9338937.24,"END_CASH":48142960.94,"DIVI_RATIO":null,"DIVIDEND_RATE":null,"CURRENT_RATIO":1.013578442634,"COMMON_ACS":2000000000,"CURRENTDEBT_DEBT":54.773311701263,"ISSUED_COMMON_SHARES":1606132134,"HK_COMMON_SHARES":1606132134,"PER_SHARES":4000,"TOTAL_MARKET_CAP":159007081.266,"HKSK_MARKET_CAP":159007081.266,"PE_TTM":-28.649924552432,"PB_TTM":0.405586853618,"REPORT_DATE_SQ":"2023-06-30 00:00:00","REPORT_TYPE_SQ":"2023年中报","OPERATE_INCOME_SQ":281802337.74,"DPS_HKD":null,"OPERATE_INCOME_QOQ_SQ":0,"NET_PROFIT_RATIO_SQ":-3.0195572749,"HOLDER_PROFIT_SQ":-5912290.09,"HOLDER_PROFIT_QOQ_SQ":0,"ROE_AVG_SQ":-1.732848684361,"PE_TTM_SQ":-37.496799335536,"PB_TTM_SQ":1.358458060424,"ROA_SQ":-0.636033159016,"START_DATE":"2024-04-01 00:00:00","FISCAL_YEAR":"3-31","CURRENCY":"HKD","IS_CNY_CODE":0,"DPS_HKD_LY":null,"ORG_TYPE":"一般企业","PREMIUM_INCOME":null,"PREMIUM_INCOME_YOY":null,"NET_INTEREST_INCOME":null,"NET_INTEREST_INCOME_YOY":null,"FEE_COMMISSION_INCOME":null,"FEE_COMMISSION_INCOME_YOY":null,"ACCOUNTS_RECE_TDAYS":2.542353494312,"INVENTORY_TDAYS":32.734974583873,"CURRENT_ASSETS_TDAYS":0.945780388318,"TOTAL_ASSETS_TDAYS":0.314335057452,"PREMIUM_EXPENSE":null,"LOAN_DEPOSIT":null,"LOAN_EQUITY":null,"LOAN_ASSETS":null,"DEPOSIT_EQUITY":null,"DEPOSIT_ASSETS":null,"EQUITY_MULTIPLIER":2.645348004869,"EQUITY_RATIO":1.905507573168},{"SECUCODE":"02221.HK","SECURITY_CODE":"02221","SECURITY_NAME_ABBR":"创业集团控股","ORG_CODE":"10415623","STD_REPORT_DATE":"2023-12-31 00:00:00","REPORT_DATE":"2024-03-31 00:00:00","DATE_TYPE_CODE":"001","REPORT_TYPE":"2023年年报","PER_NETCASH_OPERATE":-0.019048965712,"PER_OI":0.354595573891,"BPS":0.225349450639,"BASIC_EPS":0.00163179,"DILUTED_EPS":0.00163179,"OPERATE_INCOME":569527345.8,"OPERATE_INCOME_YOY":15.232699119,"GROSS_PROFIT":55382046.05,"GROSS_PROFIT_YOY":18.109407724819,"HOLDER_PROFIT":2595452.65,"HOLDER_PROFIT_YOY":113.7664086166,"GROSS_PROFIT_RATIO":9.724211920361,"EPS_TTM":-0.007519162034,"OPERATE_INCOME_QOQ":0,"NET_PROFIT_RATIO":5.1033369625,"ROE_AVG":0.754783635721,"GROSS_PROFIT_QOQ":0,"ROA":0.267937568581,"HOLDER_PROFIT_QOQ":0,"ROE_YEARLY":0.754783635721,"ROIC_YEARLY":0.309287984059,"TOTAL_ASSETS":1000893751.95,"TOTAL_LIABILITIES":578007214.5,"TAX_EBT":-0.871507676819,"OCF_SALES":-5.372025799222,"TOTAL_PARENT_EQUITY":361940994.05,"DEBT_ASSET_RATIO":57.749108072,"OPERATE_PROFIT":39770348.5,"PRETAX_PROFIT":28813785.2,"NETCASH_OPERATE":-30595155.95,"NETCASH_INVEST":-44935870.4,"NETCASH_FINANCE":4558133.4,"END_CASH":33833352.55,"DIVI_RATIO":null,"DIVIDEND_RATE":null,"CURRENT_RATIO":1.041516491594,"COMMON_ACS":2000000000,"CURRENTDEBT_DEBT":52.91550996722,"ISSUED_COMMON_SHARES":1606132134,"HK_COMMON_SHARES":1606132134,"PER_SHARES":4000,"TOTAL_MARKET_CAP":197554252.482,"HKSK_MARKET_CAP":197554252.482,"PE_TTM":-35.595360807568,"PB_TTM":0.503910939343,"REPORT_DATE_SQ":"2022-12-31 00:00:00","REPORT_TYPE_SQ":"2022年年报","OPERATE_INCOME_SQ":477263902.49,"DPS_HKD":null,"OPERATE_INCOME_QOQ_SQ":0,"NET_PROFIT_RATIO_SQ":-3.4340384711,"HOLDER_PROFIT_SQ":-18205901.77,"HOLDER_PROFIT_QOQ_SQ":0,"ROE_AVG_SQ":-7.55681601404,"PE_TTM_SQ":-70.333036544788,"PB_TTM_SQ":2.54807029137,"ROA_SQ":-2.253684438665,"START_DATE":"2023-04-01 00:00:00","FISCAL_YEAR":"3-31","CURRENCY":"HKD","IS_CNY_CODE":0,"DPS_HKD_LY":null,"ORG_TYPE":"一般企业","PREMIUM_INCOME":null,"PREMIUM_INCOME_YOY":null,"NET_INTEREST_INCOME":null,"NET_INTEREST_INCOME_YOY":null,"FEE_COMMISSION_INCOME":null,"FEE_COMMISSION_INCOME_YOY":null,"ACCOUNTS_RECE_TDAYS":5.608098336949,"INVENTORY_TDAYS":66.793663879402,"CURRENT_ASSETS_TDAYS":1.732376655894,"TOTAL_ASSETS_TDAYS":0.587942809414,"PREMIUM_EXPENSE":null,"LOAN_DEPOSIT":null,"LOAN_EQUITY":null,"LOAN_ASSETS":null,"DEPOSIT_EQUITY":null,"DEPOSIT_ASSETS":null,"EQUITY_MULTIPLIER":2.366813940175,"EQUITY_RATIO":1.596965317557},{"SECUCODE":"02221.HK","SECURITY_CODE":"02221","SECURITY_NAME_ABBR":"创业集团控股","ORG_CODE":"10415623","STD_REPORT_DATE":"2023-06-30 00:00:00","REPORT_DATE":"2023-09-30 00:00:00","DATE_TYPE_CODE":"002","REPORT_TYPE":"2023年中报","PER_NETCASH_OPERATE":0.046884990648,"PER_OI":0.18439011933,"BPS":0.219535485628,"BASIC_EPS":-0.003854046,"DILUTED_EPS":-0.003854046,"OPERATE_INCOME":281802337.74,"OPERATE_INCOME_YOY":6.0681313444,"GROSS_PROFIT":37434715.85,"GROSS_PROFIT_YOY":60.482099800892,"HOLDER_PROFIT":-5912290.09,"HOLDER_PROFIT_YOY":51.6254974097,"GROSS_PROFIT_RATIO":13.284033109952,"EPS_TTM":-0.012032233396,"OPERATE_INCOME_QOQ":0,"NET_PROFIT_RATIO":-3.0195572749,"ROE_AVG":-1.732848684361,"GROSS_PROFIT_QOQ":0,"ROA":-0.636033159016,"HOLDER_PROFIT_QOQ":0,"ROE_YEARLY":-3.465697368722,"ROIC_YEARLY":-1.48816002744,"TOTAL_ASSETS":911205672.37,"TOTAL_LIABILITIES":560278266.73,"TAX_EBT":1.487304791246,"OCF_SALES":25.42706237097,"TOTAL_PARENT_EQUITY":352602998.02,"DEBT_ASSET_RATIO":61.4875745091,"OPERATE_PROFIT":-2791430.46,"PRETAX_PROFIT":-8637651.19,"NETCASH_OPERATE":71654056.18,"NETCASH_INVEST":-25993705.01,"NETCASH_FINANCE":-67217315.13,"END_CASH":105390723.13,"DIVI_RATIO":null,"DIVIDEND_RATE":null,"CURRENT_RATIO":1.029500969064,"COMMON_ACS":2000000000,"CURRENTDEBT_DEBT":55.350647181081,"ISSUED_COMMON_SHARES":1606132134,"HK_COMMON_SHARES":1606132134,"PER_SHARES":4000,"TOTAL_MARKET_CAP":197554252.482,"HKSK_MARKET_CAP":197554252.482,"PE_TTM":-35.595360807568,"PB_TTM":0.503910939343,"REPORT_DATE_SQ":"2022-06-30 00:00:00","REPORT_TYPE_SQ":"2022年中报","OPERATE_INCOME_SQ":261861608.76,"DPS_HKD":null,"OPERATE_INCOME_QOQ_SQ":0,"NET_PROFIT_RATIO_SQ":-3.6169088416,"HOLDER_PROFIT_SQ":-12046236.36,"HOLDER_PROFIT_QOQ_SQ":0,"ROE_AVG_SQ":-6.278193893857,"PE_TTM_SQ":-70.333036544788,"PB_TTM_SQ":2.54807029137,"ROA_SQ":-1.663144290473,"START_DATE":"2023-04-01 00:00:00","FISCAL_YEAR":"3-31","CURRENCY":"HKD","IS_CNY_CODE":0,"DPS_HKD_LY":null,"ORG_TYPE":"一般企业","PREMIUM_INCOME":null,"PREMIUM_INCOME_YOY":null,"NET_INTEREST_INCOME":null,"NET_INTEREST_INCOME_YOY":null,"FEE_COMMISSION_INCOME":null,"FEE_COMMISSION_INCOME_YOY":null,"ACCOUNTS_RECE_TDAYS":3.154543867038,"INVENTORY_TDAYS":25.625769822941,"CURRENT_ASSETS_TDAYS":0.850896758481,"TOTAL_ASSETS_TDAYS":0.303157707694,"PREMIUM_EXPENSE":null,"LOAN_DEPOSIT":null,"LOAN_EQUITY":null,"LOAN_ASSETS":null,"DEPOSIT_EQUITY":null,"DEPOSIT_ASSETS":null,"EQUITY_MULTIPLIER":2.596564582089,"EQUITY_RATIO":1.588977603356},{"SECUCODE":"02221.HK","SECURITY_CODE":"02221","SECURITY_NAME_ABBR":"创业集团控股","ORG_CODE":"10415623","STD_REPORT_DATE":"2022-12-31 00:00:00","REPORT_DATE":"2023-03-31 00:00:00","DATE_TYPE_CODE":"001","REPORT_TYPE":"2022年年报","PER_NETCASH_OPERATE":-0.004425855999,"PER_OI":0.316657218684,"BPS":0.195875677293,"BASIC_EPS":-0.01488197,"DILUTED_EPS":-0.01488197,"OPERATE_INCOME":477263902.49,"OPERATE_INCOME_YOY":-16.7460994944,"GROSS_PROFIT":46890461.24,"GROSS_PROFIT_YOY":-30.17142107596,"HOLDER_PROFIT":-18205901.77,"HOLDER_PROFIT_YOY":-477.8524709302,"GROSS_PROFIT_RATIO":9.824849731011,"EPS_TTM":-0.002784336643,"OPERATE_INCOME_QOQ":0,"NET_PROFIT_RATIO":-3.4340384711,"ROE_AVG":-7.55681601404,"GROSS_PROFIT_QOQ":0,"ROA":-2.253684438665,"HOLDER_PROFIT_QOQ":0,"ROE_YEARLY":-7.55681601404,"ROIC_YEARLY":-2.775579385681,"TOTAL_ASSETS":904295028.36,"TOTAL_LIABILITIES":548875066.72,"TAX_EBT":-27.308581531348,"OCF_SALES":-1.397680437426,"TOTAL_PARENT_EQUITY":314602219.57,"DEBT_ASSET_RATIO":60.6964596184,"OPERATE_PROFIT":-3400967.85,"PRETAX_PROFIT":-12873779.46,"NETCASH_OPERATE":-7121460.35,"NETCASH_INVEST":-230119902.11,"NETCASH_FINANCE":263110603.37,"END_CASH":117777661.4,"DIVI_RATIO":null,"DIVIDEND_RATE":null,"CURRENT_RATIO":1.334345669319,"COMMON_ACS":2000000000,"CURRENTDEBT_DEBT":44.691160333784,"ISSUED_COMMON_SHARES":1606132134,"HK_COMMON_SHARES":1606132134,"PER_SHARES":4000,"TOTAL_MARKET_CAP":197554252.482,"HKSK_MARKET_CAP":197554252.482,"PE_TTM":-35.595360807568,"PB_TTM":0.503910939343,"REPORT_DATE_SQ":"2021-12-31 00:00:00","REPORT_TYPE_SQ":"2021年年报","OPERATE_INCOME_SQ":531090709.51,"DPS_HKD":null,"OPERATE_INCOME_QOQ_SQ":0,"NET_PROFIT_RATIO_SQ":2.6089904421,"HOLDER_PROFIT_SQ":4463799.04,"HOLDER_PROFIT_QOQ_SQ":0,"ROE_AVG_SQ":3.77610911199,"PE_TTM_SQ":-70.333036544788,"PB_TTM_SQ":2.54807029137,"ROA_SQ":0.580600210236,"START_DATE":"2022-04-01 00:00:00","FISCAL_YEAR":"3-31","CURRENCY":"HKD","IS_CNY_CODE":0,"DPS_HKD_LY":null,"ORG_TYPE":"一般企业","PREMIUM_INCOME":null,"PREMIUM_INCOME_YOY":null,"NET_INTEREST_INCOME":null,"NET_INTEREST_INCOME_YOY":null,"FEE_COMMISSION_INCOME":null,"FEE_COMMISSION_INCOME_YOY":null,"ACCOUNTS_RECE_TDAYS":4.865565080031,"INVENTORY_TDAYS":88.010204081633,"CURRENT_ASSETS_TDAYS":1.416575725451,"TOTAL_ASSETS_TDAYS":0.590798656264,"PREMIUM_EXPENSE":null,"LOAN_DEPOSIT":null,"LOAN_EQUITY":null,"LOAN_ASSETS":null,"DEPOSIT_EQUITY":null,"DEPOSIT_ASSETS":null,"EQUITY_MULTIPLIER":2.544300056155,"EQUITY_RATIO":1.744663681872},{"SECUCODE":"02221.HK","SECURITY_CODE":"02221","SECURITY_NAME_ABBR":"创业集团控股","ORG_CODE":"10415623","STD_REPORT_DATE":"2022-06-30 00:00:00","REPORT_DATE":"2022-09-30 00:00:00","DATE_TYPE_CODE":"002","REPORT_TYPE":"2022年中报","PER_NETCASH_OPERATE":-0.039801798772,"PER_OI":0.229749491541,"BPS":0.131349247857,"BASIC_EPS":-0.009587064,"DILUTED_EPS":-0.009587064,"OPERATE_INCOME":261861608.76,"OPERATE_INCOME_YOY":-7.6380027562,"GROSS_PROFIT":23326412.04,"GROSS_PROFIT_YOY":-2.990303713188,"HOLDER_PROFIT":-12046236.36,"HOLDER_PROFIT_YOY":-193.952769808,"GROSS_PROFIT_RATIO":8.907915960059,"EPS_TTM":0.003916402884,"OPERATE_INCOME_QOQ":0,"NET_PROFIT_RATIO":-3.6169088416,"ROE_AVG":-6.278193893857,"GROSS_PROFIT_QOQ":0,"ROA":-1.663144290473,"HOLDER_PROFIT_QOQ":0,"ROE_YEARLY":-12.556387787713,"ROIC_YEARLY":-4.03874086136,"TOTAL_ASSETS":713658330.84,"TOTAL_LIABILITIES":461105218.56,"TAX_EBT":-11.274041015833,"OCF_SALES":-17.323998632261,"TOTAL_PARENT_EQUITY":210964247.76,"DEBT_ASSET_RATIO":64.6114812416,"OPERATE_PROFIT":-3308441.52,"PRETAX_PROFIT":-8511684.84,"NETCASH_OPERATE":-45364901.52,"NETCASH_INVEST":-10819815.72,"NETCASH_FINANCE":16557583.08,"END_CASH":63939385.8,"DIVI_RATIO":null,"DIVIDEND_RATE":null,"CURRENT_RATIO":1.330719561789,"COMMON_ACS":2000000000,"CURRENTDEBT_DEBT":59.084115302536,"ISSUED_COMMON_SHARES":1606132134,"HK_COMMON_SHARES":1606132134,"PER_SHARES":4000,"TOTAL_MARKET_CAP":197554252.482,"HKSK_MARKET_CAP":197554252.482,"PE_TTM":-35.595360807568,"PB_TTM":0.503910939343,"REPORT_DATE_SQ":"2021-06-30 00:00:00","REPORT_TYPE_SQ":"2021年中报","OPERATE_INCOME_SQ":261140984.32,"DPS_HKD":null,"OPERATE_INCOME_QOQ_SQ":0,"NET_PROFIT_RATIO_SQ":-1.2530624745,"HOLDER_PROFIT_SQ":-3774594.86,"HOLDER_PROFIT_QOQ_SQ":0,"ROE_AVG_SQ":-3.372408916676,"PE_TTM_SQ":-70.333036544788,"PB_TTM_SQ":2.54807029137,"ROA_SQ":-0.50653940018,"START_DATE":"2022-04-01 00:00:00","FISCAL_YEAR":"3-31","CURRENCY":"HKD","IS_CNY_CODE":0,"DPS_HKD_LY":null,"ORG_TYPE":"一般企业","PREMIUM_INCOME":null,"PREMIUM_INCOME_YOY":null,"NET_INTEREST_INCOME":null,"NET_INTEREST_INCOME_YOY":null,"FEE_COMMISSION_INCOME":null,"FEE_COMMISSION_INCOME_YOY":null,"ACCOUNTS_RECE_TDAYS":2.082605333669,"INVENTORY_TDAYS":98.372995151063,"CURRENT_ASSETS_TDAYS":0.726841618372,"TOTAL_ASSETS_TDAYS":0.361535027612,"PREMIUM_EXPENSE":null,"LOAN_DEPOSIT":null,"LOAN_EQUITY":null,"LOAN_ASSETS":null,"DEPOSIT_EQUITY":null,"DEPOSIT_ASSETS":null,"EQUITY_MULTIPLIER":2.82577523752,"EQUITY_RATIO":2.185703139067},{"SECUCODE":"02221.HK","SECURITY_CODE":"02221","SECURITY_NAME_ABBR":"创业集团控股","ORG_CODE":"10415623","STD_REPORT_DATE":"2021-12-31 00:00:00","REPORT_DATE":"2022-03-31 00:00:00","DATE_TYPE_CODE":"001","REPORT_TYPE":"2021年年报","PER_NETCASH_OPERATE":0.099926185224,"PER_OI":0.556685941115,"BPS":0.096464884252,"BASIC_EPS":0.004298353,"DILUTED_EPS":0.004298353,"OPERATE_INCOME":531090709.51,"OPERATE_INCOME_YOY":10.7059235228,"GROSS_PROFIT":67150816.99,"GROSS_PROFIT_YOY":235.734197734797,"HOLDER_PROFIT":4463799.04,"HOLDER_PROFIT_YOY":110.0076366413,"GROSS_PROFIT_RATIO":12.643944958472,"EPS_TTM":-0.059571376966,"OPERATE_INCOME_QOQ":0,"NET_PROFIT_RATIO":2.6089904421,"ROE_AVG":3.77610911199,"GROSS_PROFIT_QOQ":0,"ROA":0.580600210236,"HOLDER_PROFIT_QOQ":0,"ROE_YEARLY":3.77610911199,"ROIC_YEARLY":0.676070731935,"TOTAL_ASSETS":659029970.04,"TOTAL_LIABILITIES":464837680.59,"TAX_EBT":41.427542939422,"OCF_SALES":17.950190195938,"TOTAL_PARENT_EQUITY":154935350.4,"DEBT_ASSET_RATIO":70.5336178508,"OPERATE_PROFIT":40609703.73,"PRETAX_PROFIT":23656350.69,"NETCASH_OPERATE":95331792.47,"NETCASH_INVEST":-7092282.45,"NETCASH_FINANCE":-47761189.91,"END_CASH":95259612.58,"DIVI_RATIO":null,"DIVIDEND_RATE":null,"CURRENT_RATIO":1.156501083952,"COMMON_ACS":2000000000,"CURRENTDEBT_DEBT":59.715715883376,"ISSUED_COMMON_SHARES":1606132134,"HK_COMMON_SHARES":1606132134,"PER_SHARES":4000,"TOTAL_MARKET_CAP":197554252.482,"HKSK_MARKET_CAP":197554252.482,"PE_TTM":-35.595360807568,"PB_TTM":0.503910939343,"REPORT_DATE_SQ":"2020-12-31 00:00:00","REPORT_TYPE_SQ":"2020年年报","OPERATE_INCOME_SQ":499943409.14,"DPS_HKD":null,"OPERATE_INCOME_QOQ_SQ":0,"NET_PROFIT_RATIO_SQ":-10.7527517949,"HOLDER_PROFIT_SQ":-46483209.64,"HOLDER_PROFIT_QOQ_SQ":0,"ROE_AVG_SQ":-52.18496923347,"PE_TTM_SQ":-70.333036544788,"PB_TTM_SQ":2.54807029137,"ROA_SQ":-4.611092596202,"START_DATE":"2021-04-01 00:00:00","FISCAL_YEAR":"3-31","CURRENCY":"HKD","IS_CNY_CODE":0,"DPS_HKD_LY":null,"ORG_TYPE":"一般企业","PREMIUM_INCOME":null,"PREMIUM_INCOME_YOY":null,"NET_INTEREST_INCOME":null,"NET_INTEREST_INCOME_YOY":null,"FEE_COMMISSION_INCOME":null,"FEE_COMMISSION_INCOME_YOY":null,"ACCOUNTS_RECE_TDAYS":5.12100441445,"INVENTORY_TDAYS":74.724315851349,"CURRENT_ASSETS_TDAYS":1.124090009458,"TOTAL_ASSETS_TDAYS":0.690782391484,"PREMIUM_EXPENSE":null,"LOAN_DEPOSIT":null,"LOAN_EQUITY":null,"LOAN_ASSETS":null,"DEPOSIT_EQUITY":null,"DEPOSIT_ASSETS":null,"EQUITY_MULTIPLIER":3.393697926459,"EQUITY_RATIO":3.000204145729},{"SECUCODE":"02221.HK","SECURITY_CODE":"02221","SECURITY_NAME_ABBR":"创业集团控股","ORG_CODE":"10415623","STD_REPORT_DATE":"2021-06-30 00:00:00","REPORT_DATE":"2021-09-30 00:00:00","DATE_TYPE_CODE":"002","REPORT_TYPE":"2021年中报","PER_NETCASH_OPERATE":-0.026625782396,"PER_OI":0.280930234235,"BPS":0.087258190041,"BASIC_EPS":-0.003998688,"DILUTED_EPS":-0.003998688,"OPERATE_INCOME":261140984.32,"OPERATE_INCOME_YOY":-9.1145780481,"GROSS_PROFIT":24045443.84,"GROSS_PROFIT_YOY":0.117702435665,"HOLDER_PROFIT":-3774594.86,"HOLDER_PROFIT_YOY":-161.5625,"GROSS_PROFIT_RATIO":9.207839934667,"EPS_TTM":-0.060636326478,"OPERATE_INCOME_QOQ":0,"NET_PROFIT_RATIO":-1.2530624745,"ROE_AVG":-3.372408916676,"GROSS_PROFIT_QOQ":0,"ROA":-0.50653940018,"HOLDER_PROFIT_QOQ":0,"ROE_YEARLY":-6.744817833352,"ROIC_YEARLY":-1.154542715341,"TOTAL_ASSETS":587837959.22,"TOTAL_LIABILITIES":417466359.44,"TAX_EBT":42.022140221402,"OCF_SALES":-9.477720498163,"TOTAL_PARENT_EQUITY":140148182.98,"DEBT_ASSET_RATIO":71.0172510795,"OPERATE_PROFIT":5777271.1,"PRETAX_PROFIT":-5643981.5,"NETCASH_OPERATE":-24750212.6,"NETCASH_INVEST":114384136.36,"NETCASH_FINANCE":-71011700.52,"END_CASH":67518679.94,"DIVI_RATIO":null,"DIVIDEND_RATE":null,"CURRENT_RATIO":1.271163499698,"COMMON_ACS":2000000000,"CURRENTDEBT_DEBT":60.741852315994,"ISSUED_COMMON_SHARES":1606132134,"HK_COMMON_SHARES":1606132134,"PER_SHARES":4000,"TOTAL_MARKET_CAP":197554252.482,"HKSK_MARKET_CAP":197554252.482,"PE_TTM":-35.595360807568,"PB_TTM":0.503910939343,"REPORT_DATE_SQ":"2020-06-30 00:00:00","REPORT_TYPE_SQ":"2020年中报","OPERATE_INCOME_SQ":303078436.48,"DPS_HKD":null,"OPERATE_INCOME_QOQ_SQ":0,"NET_PROFIT_RATIO_SQ":0.6830787251,"HOLDER_PROFIT_SQ":6467379.2,"HOLDER_PROFIT_QOQ_SQ":0,"ROE_AVG_SQ":5.60275265674,"PE_TTM_SQ":-70.333036544788,"PB_TTM_SQ":2.54807029137,"ROA_SQ":0.611033809431,"START_DATE":"2021-04-01 00:00:00","FISCAL_YEAR":"3-31","CURRENCY":"HKD","IS_CNY_CODE":0,"DPS_HKD_LY":null,"ORG_TYPE":"一般企业","PREMIUM_INCOME":null,"PREMIUM_INCOME_YOY":null,"NET_INTEREST_INCOME":null,"NET_INTEREST_INCOME_YOY":null,"FEE_COMMISSION_INCOME":null,"FEE_COMMISSION_INCOME_YOY":null,"ACCOUNTS_RECE_TDAYS":2.348122457846,"INVENTORY_TDAYS":16.925840023788,"CURRENT_ASSETS_TDAYS":0.542234499746,"TOTAL_ASSETS_TDAYS":0.350443431589,"PREMIUM_EXPENSE":null,"LOAN_DEPOSIT":null,"LOAN_EQUITY":null,"LOAN_ASSETS":null,"DEPOSIT_EQUITY":null,"DEPOSIT_ASSETS":null,"EQUITY_MULTIPLIER":3.450328340983,"EQUITY_RATIO":2.978749710223},{"SECUCODE":"02221.HK","SECURITY_CODE":"02221","SECURITY_NAME_ABBR":"创业集团控股","ORG_CODE":"10415623","STD_REPORT_DATE":"2020-12-31 00:00:00","REPORT_DATE":"2021-03-31 00:00:00","DATE_TYPE_CODE":"001","REPORT_TYPE":"2020年年报","PER_NETCASH_OPERATE":0.065123410103,"PER_OI":0.720805248853,"BPS":0.052873078785,"BASIC_EPS":-0.061191032,"DILUTED_EPS":-0.061191032,"OPERATE_INCOME":499943409.14,"OPERATE_INCOME_YOY":-8.8022805481,"GROSS_PROFIT":20001184.7,"GROSS_PROFIT_YOY":-53.407008532214,"HOLDER_PROFIT":-46483209.64,"HOLDER_PROFIT_YOY":81.3994230229,"GROSS_PROFIT_RATIO":4.000689744947,"EPS_TTM":-0.384143269444,"OPERATE_INCOME_QOQ":0,"NET_PROFIT_RATIO":-10.7527517949,"ROE_AVG":-52.18496923347,"GROSS_PROFIT_QOQ":0,"ROA":-4.611092596202,"HOLDER_PROFIT_QOQ":0,"ROE_YEARLY":-52.18496923347,"ROIC_YEARLY":-4.977525654421,"TOTAL_ASSETS":915638430.7,"TOTAL_LIABILITIES":800977086,"TAX_EBT":4.847034183559,"OCF_SALES":9.034813523735,"TOTAL_PARENT_EQUITY":84921150.86,"DEBT_ASSET_RATIO":87.4774429671,"OPERATE_PROFIT":-27472575.9,"PRETAX_PROFIT":-56496057.1,"NETCASH_OPERATE":37460913.14,"NETCASH_INVEST":10940009.92,"NETCASH_FINANCE":-17439444.12,"END_CASH":56361673.48,"DIVI_RATIO":null,"DIVIDEND_RATE":null,"CURRENT_RATIO":1.088595719149,"COMMON_ACS":2000000000,"CURRENTDEBT_DEBT":74.568112271816,"ISSUED_COMMON_SHARES":1606132134,"HK_COMMON_SHARES":1606132134,"PER_SHARES":4000,"TOTAL_MARKET_CAP":197554252.482,"HKSK_MARKET_CAP":197554252.482,"PE_TTM":-35.595360807568,"PB_TTM":0.503910939343,"REPORT_DATE_SQ":"2019-12-31 00:00:00","REPORT_TYPE_SQ":"2019年年报","OPERATE_INCOME_SQ":592640439.2,"DPS_HKD":null,"OPERATE_INCOME_QOQ_SQ":0,"NET_PROFIT_RATIO_SQ":-37.3227356994,"HOLDER_PROFIT_SQ":-270161902.3,"HOLDER_PROFIT_QOQ_SQ":0,"ROE_AVG_SQ":-111.850698785519,"PE_TTM_SQ":-70.333036544788,"PB_TTM_SQ":2.54807029137,"ROA_SQ":-18.95908087132,"START_DATE":"2020-04-01 00:00:00","FISCAL_YEAR":"3-31","CURRENCY":"HKD","IS_CNY_CODE":0,"DPS_HKD_LY":null,"ORG_TYPE":"一般企业","PREMIUM_INCOME":null,"PREMIUM_INCOME_YOY":null,"NET_INTEREST_INCOME":null,"NET_INTEREST_INCOME_YOY":null,"FEE_COMMISSION_INCOME":null,"FEE_COMMISSION_INCOME_YOY":null,"ACCOUNTS_RECE_TDAYS":3.652853468532,"INVENTORY_TDAYS":21.502442349199,"CURRENT_ASSETS_TDAYS":1.004208514135,"TOTAL_ASSETS_TDAYS":0.495939366119,"PREMIUM_EXPENSE":null,"LOAN_DEPOSIT":null,"LOAN_EQUITY":null,"LOAN_ASSETS":null,"DEPOSIT_EQUITY":null,"DEPOSIT_ASSETS":null,"EQUITY_MULTIPLIER":7.985589503587,"EQUITY_RATIO":9.432009315565},{"SECUCODE":"02221.HK","SECURITY_CODE":"02221","SECURITY_NAME_ABBR":"创业集团控股","ORG_CODE":"10415623","STD_REPORT_DATE":"2020-06-30 00:00:00","REPORT_DATE":"2020-09-30 00:00:00","DATE_TYPE_CODE":"002","REPORT_TYPE":"2020年中报","PER_NETCASH_OPERATE":0.058546099311,"PER_OI":0.449944886633,"BPS":0.083391655297,"BASIC_EPS":0.010368896,"DILUTED_EPS":0.010368896,"OPERATE_INCOME":303078436.48,"OPERATE_INCOME_YOY":-12.1407647044,"GROSS_PROFIT":24017175.04,"GROSS_PROFIT_YOY":-24.567157699201,"HOLDER_PROFIT":6467379.2,"HOLDER_PROFIT_YOY":234.4046749452,"GROSS_PROFIT_RATIO":7.924409047024,"EPS_TTM":-0.433877835637,"OPERATE_INCOME_QOQ":0,"NET_PROFIT_RATIO":0.6830787251,"ROE_AVG":5.60275265674,"GROSS_PROFIT_QOQ":0,"ROA":0.611033809431,"HOLDER_PROFIT_QOQ":0,"ROE_YEARLY":11.20550531348,"ROIC_YEARLY":1.300954416219,"TOTAL_ASSETS":972683287.04,"TOTAL_LIABILITIES":810159629.44,"TAX_EBT":248.643533123028,"OCF_SALES":13.011837905071,"TOTAL_PARENT_EQUITY":133938017.28,"DEBT_ASSET_RATIO":83.2912048798,"OPERATE_PROFIT":27930993.92,"PRETAX_PROFIT":-1392771.2,"NETCASH_OPERATE":39436074.88,"NETCASH_INVEST":-6296028.8,"NETCASH_FINANCE":-24145468.16,"END_CASH":34980964.48,"DIVI_RATIO":null,"DIVIDEND_RATE":null,"CURRENT_RATIO":0.87320039173,"COMMON_ACS":2000000000,"CURRENTDEBT_DEBT":56.262141029549,"ISSUED_COMMON_SHARES":1606132134,"HK_COMMON_SHARES":1606132134,"PER_SHARES":4000,"TOTAL_MARKET_CAP":197554252.482,"HKSK_MARKET_CAP":197554252.482,"PE_TTM":-35.595360807568,"PB_TTM":0.503910939343,"REPORT_DATE_SQ":"2019-06-30 00:00:00","REPORT_TYPE_SQ":"2019年中报","OPERATE_INCOME_SQ":354102065.7,"DPS_HKD":null,"OPERATE_INCOME_QOQ_SQ":0,"NET_PROFIT_RATIO_SQ":-2.3665212754,"HOLDER_PROFIT_SQ":-4939406.76,"HOLDER_PROFIT_QOQ_SQ":0,"ROE_AVG_SQ":-1.365397058512,"PE_TTM_SQ":-70.333036544788,"PB_TTM_SQ":2.54807029137,"ROA_SQ":-0.31410357158,"START_DATE":"2020-04-01 00:00:00","FISCAL_YEAR":"3-31","CURRENCY":"HKD","IS_CNY_CODE":0,"DPS_HKD_LY":null,"ORG_TYPE":"一般企业","PREMIUM_INCOME":null,"PREMIUM_INCOME_YOY":null,"NET_INTEREST_INCOME":null,"NET_INTEREST_INCOME_YOY":null,"FEE_COMMISSION_INCOME":null,"FEE_COMMISSION_INCOME_YOY":null,"ACCOUNTS_RECE_TDAYS":2.019284867468,"INVENTORY_TDAYS":10.917801155116,"CURRENT_ASSETS_TDAYS":0.800487846201,"TOTAL_ASSETS_TDAYS":0.286346549153,"PREMIUM_EXPENSE":null,"LOAN_DEPOSIT":null,"LOAN_EQUITY":null,"LOAN_ASSETS":null,"DEPOSIT_EQUITY":null,"DEPOSIT_ASSETS":null,"EQUITY_MULTIPLIER":5.984871995893,"EQUITY_RATIO":6.048765286307}],"count":25},"success":true,"message":"ok","code":0}