{"version":"08446d5ed380956df652189f1731b15b","result":{"pages":2,"data":[{"SECUCODE":"02227.HK","SECURITY_CODE":"02227","SECURITY_NAME_ABBR":"守益控股","ORG_CODE":"10697682","STD_REPORT_DATE":"2024-06-30 00:00:00","REPORT_DATE":"2024-06-30 00:00:00","DATE_TYPE_CODE":"002","REPORT_TYPE":"2024年中报","PER_NETCASH_OPERATE":-0.016927854958,"PER_OI":0.03201647772,"BPS":0.282192415902,"BASIC_EPS":-0.0026395,"DILUTED_EPS":-0.0026395,"OPERATE_INCOME":29314287,"OPERATE_INCOME_YOY":-1.1745862253,"GROSS_PROFIT":3795601,"GROSS_PROFIT_YOY":208.794825109058,"HOLDER_PROFIT":-2449456,"HOLDER_PROFIT_YOY":55.6829035339,"GROSS_PROFIT_RATIO":12.947956059788,"EPS_TTM":0.003400675186,"OPERATE_INCOME_QOQ":-0.706717948262,"NET_PROFIT_RATIO":-8.3558436881,"ROE_AVG":-0.945819234376,"GROSS_PROFIT_QOQ":15.643425987428,"ROA":-0.690836000893,"HOLDER_PROFIT_QOQ":9750.80401200129,"ROE_YEARLY":-1.891638468751,"ROIC_YEARLY":-1.602306769228,"TOTAL_ASSETS":339064891,"TOTAL_LIABILITIES":80710631,"TAX_EBT":null,"OCF_SALES":-52.872321267783,"TOTAL_PARENT_EQUITY":258375376,"DEBT_ASSET_RATIO":23.8038892089,"OPERATE_PROFIT":-1736791,"PRETAX_PROFIT":-2449456,"NETCASH_OPERATE":-15499144,"NETCASH_INVEST":-23391249,"NETCASH_FINANCE":-1573142,"END_CASH":9069322,"DIVI_RATIO":null,"DIVIDEND_RATE":null,"CURRENT_RATIO":1.058701082431,"COMMON_ACS":10000000000,"CURRENTDEBT_DEBT":62.842566551115,"ISSUED_COMMON_SHARES":915600000,"HK_COMMON_SHARES":915600000,"PER_SHARES":4000,"TOTAL_MARKET_CAP":74163600,"HKSK_MARKET_CAP":74163600,"PE_TTM":22.141938654267,"PB_TTM":0.261974014453,"REPORT_DATE_SQ":"2023-06-30 00:00:00","REPORT_TYPE_SQ":"2023年中报","OPERATE_INCOME_SQ":30029059.8,"DPS_HKD":null,"OPERATE_INCOME_QOQ_SQ":-3.895999639059,"NET_PROFIT_RATIO_SQ":-18.633208756,"HOLDER_PROFIT_SQ":-5595377.4,"HOLDER_PROFIT_QOQ_SQ":-67.594807671076,"ROE_AVG_SQ":-2.194669489483,"PE_TTM_SQ":-10.608947303177,"PB_TTM_SQ":0.33193836716,"ROA_SQ":-1.54274599947,"START_DATE":"2024-01-01 00:00:00","FISCAL_YEAR":"12-31","CURRENCY":"HKD","IS_CNY_CODE":0,"DPS_HKD_LY":null,"ORG_TYPE":"一般企业","PREMIUM_INCOME":null,"PREMIUM_INCOME_YOY":null,"NET_INTEREST_INCOME":null,"NET_INTEREST_INCOME_YOY":null,"FEE_COMMISSION_INCOME":null,"FEE_COMMISSION_INCOME_YOY":null,"ACCOUNTS_RECE_TDAYS":5.609090909091,"INVENTORY_TDAYS":76.125984251969,"CURRENT_ASSETS_TDAYS":0.363178548071,"TOTAL_ASSETS_TDAYS":0.082676989503,"PREMIUM_EXPENSE":null,"LOAN_DEPOSIT":null,"LOAN_EQUITY":null,"LOAN_ASSETS":null,"DEPOSIT_EQUITY":null,"DEPOSIT_ASSETS":null,"EQUITY_MULTIPLIER":1.312402942378,"EQUITY_RATIO":0.312377410919},{"SECUCODE":"02227.HK","SECURITY_CODE":"02227","SECURITY_NAME_ABBR":"守益控股","ORG_CODE":"10697682","STD_REPORT_DATE":"2023-12-31 00:00:00","REPORT_DATE":"2023-12-31 00:00:00","DATE_TYPE_CODE":"001","REPORT_TYPE":"2023年年报","PER_NETCASH_OPERATE":0.017665593709,"PER_OI":0.110462816514,"BPS":0.288780775885,"BASIC_EPS":0,"DILUTED_EPS":0,"OPERATE_INCOME":101139754.8,"OPERATE_INCOME_YOY":37.3621558461,"GROSS_PROFIT":16405837.2,"GROSS_PROFIT_YOY":51.52014234427,"HOLDER_PROFIT":-32263.2,"HOLDER_PROFIT_YOY":99.3413830955,"GROSS_PROFIT_RATIO":16.220958051996,"EPS_TTM":-0.000035237221,"OPERATE_INCOME_QOQ":48.283297278027,"NET_PROFIT_RATIO":-0.0372162263,"ROE_AVG":-0.012310975234,"GROSS_PROFIT_QOQ":126.76142234922,"ROA":-0.00860079414,"HOLDER_PROFIT_QOQ":99.592301685531,"ROE_YEARLY":-0.012310975234,"ROIC_YEARLY":-0.011793148181,"TOTAL_ASSETS":376947097.2,"TOTAL_LIABILITIES":112560927.6,"TAX_EBT":68.181818181818,"OCF_SALES":15.992344090595,"TOTAL_PARENT_EQUITY":264407678.4,"DEBT_ASSET_RATIO":29.8612002682,"OPERATE_PROFIT":1236756,"PRETAX_PROFIT":-118298.4,"NETCASH_OPERATE":16174617.6,"NETCASH_INVEST":-56912284.8,"NETCASH_FINANCE":-3823189.2,"END_CASH":50755390.8,"DIVI_RATIO":null,"DIVIDEND_RATE":null,"CURRENT_RATIO":1.346440588507,"COMMON_ACS":10000000000,"CURRENTDEBT_DEBT":72.407203936368,"ISSUED_COMMON_SHARES":915600000,"HK_COMMON_SHARES":915600000,"PER_SHARES":4000,"TOTAL_MARKET_CAP":77826000,"HKSK_MARKET_CAP":77826000,"PE_TTM":23.235367723614,"PB_TTM":0.274911002822,"REPORT_DATE_SQ":"2022-12-31 00:00:00","REPORT_TYPE_SQ":"2022年年报","OPERATE_INCOME_SQ":70972188.3,"DPS_HKD":null,"OPERATE_INCOME_QOQ_SQ":0.734492764228,"NET_PROFIT_RATIO_SQ":-6.6530343971,"HOLDER_PROFIT_SQ":-4721804.1,"HOLDER_PROFIT_QOQ_SQ":76.410801503497,"ROE_AVG_SQ":-1.875295909755,"PE_TTM_SQ":-14.359585238644,"PB_TTM_SQ":0.449290315145,"ROA_SQ":-1.446950444727,"START_DATE":"2023-01-01 00:00:00","FISCAL_YEAR":"12-31","CURRENCY":"HKD","IS_CNY_CODE":0,"DPS_HKD_LY":null,"ORG_TYPE":"一般企业","PREMIUM_INCOME":null,"PREMIUM_INCOME_YOY":null,"NET_INTEREST_INCOME":null,"NET_INTEREST_INCOME_YOY":null,"FEE_COMMISSION_INCOME":null,"FEE_COMMISSION_INCOME_YOY":null,"ACCOUNTS_RECE_TDAYS":24.978751660027,"INVENTORY_TDAYS":414.684210526316,"CURRENT_ASSETS_TDAYS":0.736697804673,"TOTAL_ASSETS_TDAYS":0.269620561632,"PREMIUM_EXPENSE":null,"LOAN_DEPOSIT":null,"LOAN_EQUITY":null,"LOAN_ASSETS":null,"DEPOSIT_EQUITY":null,"DEPOSIT_ASSETS":null,"EQUITY_MULTIPLIER":1.425744386593,"EQUITY_RATIO":0.425709753518},{"SECUCODE":"02227.HK","SECURITY_CODE":"02227","SECURITY_NAME_ABBR":"守益控股","ORG_CODE":"10697682","STD_REPORT_DATE":"2023-06-30 00:00:00","REPORT_DATE":"2023-06-30 00:00:00","DATE_TYPE_CODE":"002","REPORT_TYPE":"2023年中报","PER_NETCASH_OPERATE":-0.013576462647,"PER_OI":0.03279713827,"BPS":0.27497881848,"BASIC_EPS":-0.00587862,"DILUTED_EPS":-0.00587862,"OPERATE_INCOME":30029059.8,"OPERATE_INCOME_YOY":-17.4647473561,"GROSS_PROFIT":1229166,"GROSS_PROFIT_YOY":-74.508240358355,"HOLDER_PROFIT":-5595377.4,"HOLDER_PROFIT_YOY":-109.8196392786,"GROSS_PROFIT_RATIO":4.093255027585,"EPS_TTM":-0.008642964723,"OPERATE_INCOME_QOQ":-3.895999639059,"NET_PROFIT_RATIO":-18.633208756,"ROE_AVG":-2.194669489483,"GROSS_PROFIT_QOQ":-33.180811456137,"ROA":-1.54274599947,"HOLDER_PROFIT_QOQ":-67.594807671076,"ROE_YEARLY":-4.389338978965,"ROIC_YEARLY":-4.570804911323,"TOTAL_ASSETS":354379246.2,"TOTAL_LIABILITIES":102624672.6,"TAX_EBT":null,"OCF_SALES":-41.395266061577,"TOTAL_PARENT_EQUITY":251770606.2,"DEBT_ASSET_RATIO":28.958996245,"OPERATE_PROFIT":-4970106,"PRETAX_PROFIT":-5595377.4,"NETCASH_OPERATE":-12430609.2,"NETCASH_INVEST":-5638131,"NETCASH_FINANCE":-1870470,"END_CASH":74642441.4,"DIVI_RATIO":null,"DIVIDEND_RATE":null,"CURRENT_RATIO":1.989604989605,"COMMON_ACS":10000000000,"CURRENTDEBT_DEBT":70.134874759152,"ISSUED_COMMON_SHARES":915600000,"HK_COMMON_SHARES":915600000,"PER_SHARES":4000,"TOTAL_MARKET_CAP":77826000,"HKSK_MARKET_CAP":77826000,"PE_TTM":23.235367723614,"PB_TTM":0.274911002822,"REPORT_DATE_SQ":"2022-06-30 00:00:00","REPORT_TYPE_SQ":"2022年中报","OPERATE_INCOME_SQ":32794136,"DPS_HKD":null,"OPERATE_INCOME_QOQ_SQ":2.018637243573,"NET_PROFIT_RATIO_SQ":-7.3296122209,"HOLDER_PROFIT_SQ":-2403683,"HOLDER_PROFIT_QOQ_SQ":-6.015401972809,"ROE_AVG_SQ":-1.030065953121,"PE_TTM_SQ":-14.359585238644,"PB_TTM_SQ":0.449290315145,"ROA_SQ":-0.882131966235,"START_DATE":"2023-01-01 00:00:00","FISCAL_YEAR":"12-31","CURRENCY":"HKD","IS_CNY_CODE":0,"DPS_HKD_LY":null,"ORG_TYPE":"一般企业","PREMIUM_INCOME":null,"PREMIUM_INCOME_YOY":null,"NET_INTEREST_INCOME":null,"NET_INTEREST_INCOME_YOY":null,"FEE_COMMISSION_INCOME":null,"FEE_COMMISSION_INCOME_YOY":null,"ACCOUNTS_RECE_TDAYS":8.102379235761,"INVENTORY_TDAYS":122.477272727273,"CURRENT_ASSETS_TDAYS":0.195610172147,"TOTAL_ASSETS_TDAYS":0.082795508797,"PREMIUM_EXPENSE":null,"LOAN_DEPOSIT":null,"LOAN_EQUITY":null,"LOAN_ASSETS":null,"DEPOSIT_EQUITY":null,"DEPOSIT_ASSETS":null,"EQUITY_MULTIPLIER":1.407637768533,"EQUITY_RATIO":0.407611810405},{"SECUCODE":"02227.HK","SECURITY_CODE":"02227","SECURITY_NAME_ABBR":"守益控股","ORG_CODE":"10697682","STD_REPORT_DATE":"2022-12-31 00:00:00","REPORT_DATE":"2022-12-31 00:00:00","DATE_TYPE_CODE":"001","REPORT_TYPE":"2022年年报","PER_NETCASH_OPERATE":-0.001251054063,"PER_OI":0.077514403997,"BPS":0.2734317346,"BASIC_EPS":-0.0051831,"DILUTED_EPS":-0.0051831,"OPERATE_INCOME":70972188.3,"OPERATE_INCOME_YOY":-6.4557999727,"GROSS_PROFIT":10827495.9,"GROSS_PROFIT_YOY":-24.20798981859,"HOLDER_PROFIT":-4721804.1,"HOLDER_PROFIT_YOY":77.2363818091,"GROSS_PROFIT_RATIO":15.255970203754,"EPS_TTM":-0.005157059961,"OPERATE_INCOME_QOQ":0.734492764228,"NET_PROFIT_RATIO":-6.6530343971,"ROE_AVG":-1.875295909755,"GROSS_PROFIT_QOQ":-17.039668538584,"ROA":-1.446950444727,"HOLDER_PROFIT_QOQ":76.410801503497,"ROE_YEARLY":-1.875295909755,"ROIC_YEARLY":-2.071984988912,"TOTAL_ASSETS":359815985.1,"TOTAL_LIABILITIES":109477438.2,"TAX_EBT":null,"OCF_SALES":-1.613963338932,"TOTAL_PARENT_EQUITY":250354096.2,"DEBT_ASSET_RATIO":30.4259518013,"OPERATE_PROFIT":-4410818.1,"PRETAX_PROFIT":-4721804.1,"NETCASH_OPERATE":-1145465.1,"NETCASH_INVEST":-7168227.3,"NETCASH_FINANCE":27693303.3,"END_CASH":91730503.8,"DIVI_RATIO":null,"DIVIDEND_RATE":null,"CURRENT_RATIO":2.013464696223,"COMMON_ACS":10000000000,"CURRENTDEBT_DEBT":72.0812423066,"ISSUED_COMMON_SHARES":915600000,"HK_COMMON_SHARES":915600000,"PER_SHARES":4000,"TOTAL_MARKET_CAP":77826000,"HKSK_MARKET_CAP":77826000,"PE_TTM":23.235367723614,"PB_TTM":0.274911002822,"REPORT_DATE_SQ":"2021-12-31 00:00:00","REPORT_TYPE_SQ":"2021年年报","OPERATE_INCOME_SQ":69060620.2,"DPS_HKD":null,"OPERATE_INCOME_QOQ_SQ":27.831796530731,"NET_PROFIT_RATIO_SQ":-27.3466320536,"HOLDER_PROFIT_SQ":-18881035.8,"HOLDER_PROFIT_QOQ_SQ":-229.058333247501,"ROE_AVG_SQ":-7.929698722966,"PE_TTM_SQ":-14.359585238644,"PB_TTM_SQ":0.449290315145,"ROA_SQ":-6.872509960159,"START_DATE":"2022-01-01 00:00:00","FISCAL_YEAR":"12-31","CURRENCY":"HKD","IS_CNY_CODE":0,"DPS_HKD_LY":null,"ORG_TYPE":"一般企业","PREMIUM_INCOME":null,"PREMIUM_INCOME_YOY":null,"NET_INTEREST_INCOME":null,"NET_INTEREST_INCOME_YOY":null,"FEE_COMMISSION_INCOME":null,"FEE_COMMISSION_INCOME_YOY":null,"ACCOUNTS_RECE_TDAYS":18.668029993183,"INVENTORY_TDAYS":138.97005988024,"CURRENT_ASSETS_TDAYS":0.468232799891,"TOTAL_ASSETS_TDAYS":0.21748729352,"PREMIUM_EXPENSE":null,"LOAN_DEPOSIT":null,"LOAN_EQUITY":null,"LOAN_ASSETS":null,"DEPOSIT_EQUITY":null,"DEPOSIT_ASSETS":null,"EQUITY_MULTIPLIER":1.437317542806,"EQUITY_RATIO":0.437290381351},{"SECUCODE":"02227.HK","SECURITY_CODE":"02227","SECURITY_NAME_ABBR":"守益控股","ORG_CODE":"10697682","STD_REPORT_DATE":"2022-06-30 00:00:00","REPORT_DATE":"2022-06-30 00:00:00","DATE_TYPE_CODE":"002","REPORT_TYPE":"2022年中报","PER_NETCASH_OPERATE":-0.002835695719,"PER_OI":0.03581709917,"BPS":0.252692580821,"BASIC_EPS":-0.0024085,"DILUTED_EPS":-0.0024085,"OPERATE_INCOME":32794136,"OPERATE_INCOME_YOY":4.1297032732,"GROSS_PROFIT":4821817,"GROSS_PROFIT_YOY":-20.382199102352,"HOLDER_PROFIT":-2403683,"HOLDER_PROFIT_YOY":-89.0151515152,"GROSS_PROFIT_RATIO":14.703290246769,"EPS_TTM":-0.021861955002,"OPERATE_INCOME_QOQ":2.018637243573,"NET_PROFIT_RATIO":-7.3296122209,"ROE_AVG":-1.030065953121,"GROSS_PROFIT_QOQ":-8.640661330216,"ROA":-0.882131966235,"HOLDER_PROFIT_QOQ":-6.015401972809,"ROE_YEARLY":-2.060131906241,"ROIC_YEARLY":-2.443323703667,"TOTAL_ASSETS":272815612,"TOTAL_LIABILITIES":41464736,"TAX_EBT":null,"OCF_SALES":-7.917156286722,"TOTAL_PARENT_EQUITY":231365327,"DEBT_ASSET_RATIO":15.1988134755,"OPERATE_PROFIT":-2384415,"PRETAX_PROFIT":-2403683,"NETCASH_OPERATE":-2596363,"NETCASH_INVEST":20062805,"NETCASH_FINANCE":-313105,"END_CASH":84268598,"DIVI_RATIO":null,"DIVIDEND_RATE":null,"CURRENT_RATIO":3.034138323429,"COMMON_ACS":10000000000,"CURRENTDEBT_DEBT":91.879646840149,"ISSUED_COMMON_SHARES":915600000,"HK_COMMON_SHARES":915600000,"PER_SHARES":4000,"TOTAL_MARKET_CAP":77826000,"HKSK_MARKET_CAP":77826000,"PE_TTM":23.235367723614,"PB_TTM":0.274911002822,"REPORT_DATE_SQ":"2021-06-30 00:00:00","REPORT_TYPE_SQ":"2021年中报","OPERATE_INCOME_SQ":31400052.6,"DPS_HKD":null,"OPERATE_INCOME_QOQ_SQ":52.813868657674,"NET_PROFIT_RATIO_SQ":-4.0379320893,"HOLDER_PROFIT_SQ":-1267912.8,"HOLDER_PROFIT_QOQ_SQ":62.814200086938,"ROE_AVG_SQ":-0.508176052204,"PE_TTM_SQ":-14.359585238644,"PB_TTM_SQ":0.449290315145,"ROA_SQ":-0.442411140717,"START_DATE":"2022-01-01 00:00:00","FISCAL_YEAR":"12-31","CURRENCY":"HKD","IS_CNY_CODE":0,"DPS_HKD_LY":null,"ORG_TYPE":"一般企业","PREMIUM_INCOME":null,"PREMIUM_INCOME_YOY":null,"NET_INTEREST_INCOME":null,"NET_INTEREST_INCOME_YOY":null,"FEE_COMMISSION_INCOME":null,"FEE_COMMISSION_INCOME_YOY":null,"ACCOUNTS_RECE_TDAYS":7.324367939753,"INVENTORY_TDAYS":58.656565656566,"CURRENT_ASSETS_TDAYS":0.262704997106,"TOTAL_ASSETS_TDAYS":0.120351792107,"PREMIUM_EXPENSE":null,"LOAN_DEPOSIT":null,"LOAN_EQUITY":null,"LOAN_ASSETS":null,"DEPOSIT_EQUITY":null,"DEPOSIT_ASSETS":null,"EQUITY_MULTIPLIER":1.179228783209,"EQUITY_RATIO":0.179217588641},{"SECUCODE":"02227.HK","SECURITY_CODE":"02227","SECURITY_NAME_ABBR":"守益控股","ORG_CODE":"10697682","STD_REPORT_DATE":"2021-12-31 00:00:00","REPORT_DATE":"2021-12-31 00:00:00","DATE_TYPE_CODE":"001","REPORT_TYPE":"2021年年报","PER_NETCASH_OPERATE":-0.008419668633,"PER_OI":0.075426627567,"BPS":0.251745000437,"BASIC_EPS":-0.02075876,"DILUTED_EPS":-0.02075876,"OPERATE_INCOME":69060620.2,"OPERATE_INCOME_YOY":104.1846840564,"GROSS_PROFIT":14285801.2,"GROSS_PROFIT_YOY":8620.31113942109,"HOLDER_PROFIT":-18881035.8,"HOLDER_PROFIT_YOY":-27.9002876318,"GROSS_PROFIT_RATIO":20.685886050007,"EPS_TTM":-0.020621489515,"OPERATE_INCOME_QOQ":27.831796530731,"NET_PROFIT_RATIO":-27.3466320536,"ROE_AVG":-7.929698722966,"GROSS_PROFIT_QOQ":79.660699645927,"ROA":-6.872509960159,"HOLDER_PROFIT_QOQ":-229.058333247501,"ROE_YEARLY":-7.929698722966,"ROIC_YEARLY":-9.316184601059,"TOTAL_ASSETS":266556632.1,"TOTAL_LIABILITIES":36073063.4,"TAX_EBT":null,"OCF_SALES":-11.162727148518,"TOTAL_PARENT_EQUITY":230497722.4,"DEBT_ASSET_RATIO":13.5329828847,"OPERATE_PROFIT":-1641829.2,"PRETAX_PROFIT":-18885753.7,"NETCASH_OPERATE":-7709048.6,"NETCASH_INVEST":-4689592.6,"NETCASH_FINANCE":null,"END_CASH":65838294.5,"DIVI_RATIO":null,"DIVIDEND_RATE":null,"CURRENT_RATIO":3.752595388971,"COMMON_ACS":10000000000,"CURRENTDEBT_DEBT":97.004969918912,"ISSUED_COMMON_SHARES":915600000,"HK_COMMON_SHARES":915600000,"PER_SHARES":4000,"TOTAL_MARKET_CAP":77826000,"HKSK_MARKET_CAP":77826000,"PE_TTM":23.235367723614,"PB_TTM":0.274911002822,"REPORT_DATE_SQ":"2020-12-31 00:00:00","REPORT_TYPE_SQ":"2020年年报","OPERATE_INCOME_SQ":35353206.6,"DPS_HKD":null,"OPERATE_INCOME_QOQ_SQ":-23.901707746941,"NET_PROFIT_RATIO_SQ":-43.6462547078,"HOLDER_PROFIT_SQ":-15430350.6,"HOLDER_PROFIT_QOQ_SQ":66.963643135653,"ROE_AVG_SQ":-6.29267262617,"PE_TTM_SQ":-14.359585238644,"PB_TTM_SQ":0.449290315145,"ROA_SQ":-5.561529642829,"START_DATE":"2021-01-01 00:00:00","FISCAL_YEAR":"12-31","CURRENCY":"HKD","IS_CNY_CODE":0,"DPS_HKD_LY":null,"ORG_TYPE":"一般企业","PREMIUM_INCOME":null,"PREMIUM_INCOME_YOY":null,"NET_INTEREST_INCOME":null,"NET_INTEREST_INCOME_YOY":null,"FEE_COMMISSION_INCOME":null,"FEE_COMMISSION_INCOME_YOY":null,"ACCOUNTS_RECE_TDAYS":16.373601789709,"INVENTORY_TDAYS":97.563025210084,"CURRENT_ASSETS_TDAYS":0.610896646704,"TOTAL_ASSETS_TDAYS":0.251373815084,"PREMIUM_EXPENSE":null,"LOAN_DEPOSIT":null,"LOAN_EQUITY":null,"LOAN_ASSETS":null,"DEPOSIT_EQUITY":null,"DEPOSIT_ASSETS":null,"EQUITY_MULTIPLIER":1.156510347369,"EQUITY_RATIO":0.156500736859},{"SECUCODE":"02227.HK","SECURITY_CODE":"02227","SECURITY_NAME_ABBR":"守益控股","ORG_CODE":"10697682","STD_REPORT_DATE":"2021-06-30 00:00:00","REPORT_DATE":"2021-06-30 00:00:00","DATE_TYPE_CODE":"002","REPORT_TYPE":"2021年中报","PER_NETCASH_OPERATE":0.003383291284,"PER_OI":0.034294509174,"BPS":0.271817293578,"BASIC_EPS":-0.00144081,"DILUTED_EPS":-0.00144081,"OPERATE_INCOME":31400052.6,"OPERATE_INCOME_YOY":160.998003992,"GROSS_PROFIT":6056204.7,"GROSS_PROFIT_YOY":393.561890556109,"HOLDER_PROFIT":-1267912.8,"HOLDER_PROFIT_YOY":87.7607788595,"GROSS_PROFIT_RATIO":19.287243805445,"EPS_TTM":-0.006266818807,"OPERATE_INCOME_QOQ":52.813868657674,"NET_PROFIT_RATIO":-4.0379320893,"ROE_AVG":-0.508176052204,"GROSS_PROFIT_QOQ":4842.4457080557,"ROA":-0.442411140717,"HOLDER_PROFIT_QOQ":62.814200086938,"ROE_YEARLY":-1.016352104407,"ROIC_YEARLY":-1.236172080773,"TOTAL_ASSETS":285189128.7,"TOTAL_LIABILITIES":36322820.1,"TAX_EBT":null,"OCF_SALES":9.865402263689,"TOTAL_PARENT_EQUITY":248875914,"DEBT_ASSET_RATIO":12.7363971641,"OPERATE_PROFIT":-1267912.8,"PRETAX_PROFIT":-1267912.8,"NETCASH_OPERATE":3097741.5,"NETCASH_INVEST":475467.3,"NETCASH_FINANCE":null,"END_CASH":83211580.2,"DIVI_RATIO":null,"DIVIDEND_RATE":null,"CURRENT_RATIO":2.603728679096,"COMMON_ACS":10000000000,"CURRENTDEBT_DEBT":100,"ISSUED_COMMON_SHARES":915600000,"HK_COMMON_SHARES":915600000,"PER_SHARES":4000,"TOTAL_MARKET_CAP":77826000,"HKSK_MARKET_CAP":77826000,"PE_TTM":23.235367723614,"PB_TTM":0.274911002822,"REPORT_DATE_SQ":"2020-06-30 00:00:00","REPORT_TYPE_SQ":"2020年中报","OPERATE_INCOME_SQ":12728656.5,"DPS_HKD":null,"OPERATE_INCOME_QOQ_SQ":-54.878576379841,"NET_PROFIT_RATIO_SQ":-92.5748502994,"HOLDER_PROFIT_SQ":-10960364.1,"HOLDER_PROFIT_QOQ_SQ":-19.347711143704,"ROE_AVG_SQ":-4.625741784272,"PE_TTM_SQ":-14.359585238644,"PB_TTM_SQ":0.449290315145,"ROA_SQ":-4.086163605128,"START_DATE":"2021-01-01 00:00:00","FISCAL_YEAR":"12-31","CURRENCY":"HKD","IS_CNY_CODE":0,"DPS_HKD_LY":null,"ORG_TYPE":"一般企业","PREMIUM_INCOME":null,"PREMIUM_INCOME_YOY":null,"NET_INTEREST_INCOME":null,"NET_INTEREST_INCOME_YOY":null,"FEE_COMMISSION_INCOME":null,"FEE_COMMISSION_INCOME_YOY":null,"ACCOUNTS_RECE_TDAYS":11.137989778535,"INVENTORY_TDAYS":27.484375,"CURRENT_ASSETS_TDAYS":0.328691367955,"TOTAL_ASSETS_TDAYS":0.109563789318,"PREMIUM_EXPENSE":null,"LOAN_DEPOSIT":null,"LOAN_EQUITY":null,"LOAN_ASSETS":null,"DEPOSIT_EQUITY":null,"DEPOSIT_ASSETS":null,"EQUITY_MULTIPLIER":1.145953143696,"EQUITY_RATIO":0.145947510614},{"SECUCODE":"02227.HK","SECURITY_CODE":"02227","SECURITY_NAME_ABBR":"守益控股","ORG_CODE":"10697682","STD_REPORT_DATE":"2020-12-31 00:00:00","REPORT_DATE":"2020-12-31 00:00:00","DATE_TYPE_CODE":"001","REPORT_TYPE":"2020年年报","PER_NETCASH_OPERATE":0.010906602228,"PER_OI":0.038612064875,"BPS":0.280507037353,"BASIC_EPS":-0.01676676,"DILUTED_EPS":-0.01676676,"OPERATE_INCOME":35353206.6,"OPERATE_INCOME_YOY":-63.9748743719,"GROSS_PROFIT":-167667.6,"GROSS_PROFIT_YOY":98.671867846147,"HOLDER_PROFIT":-15430350.6,"HOLDER_PROFIT_YOY":58.6329984135,"GROSS_PROFIT_RATIO":-0.474264193053,"EPS_TTM":-0.016852720183,"OPERATE_INCOME_QOQ":-23.901707746941,"NET_PROFIT_RATIO":-43.6462547078,"ROE_AVG":-6.29267262617,"GROSS_PROFIT_QOQ":99.230883408485,"ROA":-5.561529642829,"HOLDER_PROFIT_QOQ":66.963643135653,"ROE_YEARLY":-6.29267262617,"ROIC_YEARLY":-7.818493022326,"TOTAL_ASSETS":295711401,"TOTAL_LIABILITIES":38889020.4,"TAX_EBT":null,"OCF_SALES":28.246617380388,"TOTAL_PARENT_EQUITY":256832243.4,"DEBT_ASSET_RATIO":13.1510047528,"OPERATE_PROFIT":-15430350.6,"PRETAX_PROFIT":-15430350.6,"NETCASH_OPERATE":9986085,"NETCASH_INVEST":-6430545.6,"NETCASH_FINANCE":null,"END_CASH":81856308.6,"DIVI_RATIO":null,"DIVIDEND_RATE":null,"CURRENT_RATIO":2.547552624905,"COMMON_ACS":10000000000,"CURRENTDEBT_DEBT":100,"ISSUED_COMMON_SHARES":915600000,"HK_COMMON_SHARES":915600000,"PER_SHARES":4000,"TOTAL_MARKET_CAP":77826000,"HKSK_MARKET_CAP":77826000,"PE_TTM":23.235367723614,"PB_TTM":0.274911002822,"REPORT_DATE_SQ":"2019-12-31 00:00:00","REPORT_TYPE_SQ":"2019年年报","OPERATE_INCOME_SQ":102960610,"DPS_HKD":null,"OPERATE_INCOME_QOQ_SQ":-15.258985200311,"NET_PROFIT_RATIO_SQ":-38.0251256281,"HOLDER_PROFIT_SQ":-39135379.6,"HOLDER_PROFIT_QOQ_SQ":-505.892681508228,"ROE_AVG_SQ":-14.679397609067,"PE_TTM_SQ":-14.359585238644,"PB_TTM_SQ":0.449290315145,"ROA_SQ":-13.178733524405,"START_DATE":"2020-01-01 00:00:00","FISCAL_YEAR":"12-31","CURRENCY":"HKD","IS_CNY_CODE":0,"DPS_HKD_LY":null,"ORG_TYPE":"一般企业","PREMIUM_INCOME":null,"PREMIUM_INCOME_YOY":null,"NET_INTEREST_INCOME":null,"NET_INTEREST_INCOME_YOY":null,"FEE_COMMISSION_INCOME":null,"FEE_COMMISSION_INCOME_YOY":null,"ACCOUNTS_RECE_TDAYS":3.739697443923,"INVENTORY_TDAYS":null,"CURRENT_ASSETS_TDAYS":0.339787188663,"TOTAL_ASSETS_TDAYS":0.127422837998,"PREMIUM_EXPENSE":null,"LOAN_DEPOSIT":null,"LOAN_EQUITY":null,"LOAN_ASSETS":null,"DEPOSIT_EQUITY":null,"DEPOSIT_ASSETS":null,"EQUITY_MULTIPLIER":1.15142379846,"EQUITY_RATIO":0.151417983526},{"SECUCODE":"02227.HK","SECURITY_CODE":"02227","SECURITY_NAME_ABBR":"守益控股","ORG_CODE":"10697682","STD_REPORT_DATE":"2020-06-30 00:00:00","REPORT_DATE":"2020-06-30 00:00:00","DATE_TYPE_CODE":"002","REPORT_TYPE":"2020年中报","PER_NETCASH_OPERATE":0.009190293578,"PER_OI":0.013901983945,"BPS":0.293562173547,"BASIC_EPS":-0.01219512,"DILUTED_EPS":-0.01219512,"OPERATE_INCOME":12728656.5,"OPERATE_INCOME_YOY":-81.6173772657,"GROSS_PROFIT":-2063007.8,"GROSS_PROFIT_YOY":-129.004566479677,"HOLDER_PROFIT":-10960364.1,"HOLDER_PROFIT_YOY":-179.7346200241,"GROSS_PROFIT_RATIO":-16.207584830339,"EPS_TTM":-0.051012647226,"OPERATE_INCOME_QOQ":-54.878576379841,"NET_PROFIT_RATIO":-92.5748502994,"ROE_AVG":-4.625741784272,"GROSS_PROFIT_QOQ":-72.682811488559,"ROA":-4.086163605128,"HOLDER_PROFIT_QOQ":-19.347711143704,"ROE_YEARLY":-9.251483568543,"ROIC_YEARLY":-11.305026081022,"TOTAL_ASSETS":309689991.1,"TOTAL_LIABILITIES":40919708.9,"TAX_EBT":null,"OCF_SALES":66.107784431138,"TOTAL_PARENT_EQUITY":268785526.1,"DEBT_ASSET_RATIO":13.2131195957,"OPERATE_PROFIT":-10960364.1,"PRETAX_PROFIT":-10960364.1,"NETCASH_OPERATE":-2774389.8,"NETCASH_INVEST":-24578248.1,"NETCASH_FINANCE":null,"END_CASH":53714422.3,"DIVI_RATIO":null,"DIVIDEND_RATE":null,"CURRENT_RATIO":2.602135849994,"COMMON_ACS":10000000000,"CURRENTDEBT_DEBT":100,"ISSUED_COMMON_SHARES":915600000,"HK_COMMON_SHARES":915600000,"PER_SHARES":4000,"TOTAL_MARKET_CAP":77826000,"HKSK_MARKET_CAP":77826000,"PE_TTM":23.235367723614,"PB_TTM":0.274911002822,"REPORT_DATE_SQ":"2019-06-30 00:00:00","REPORT_TYPE_SQ":"2019年中报","OPERATE_INCOME_SQ":69231973.5,"DPS_HKD":null,"OPERATE_INCOME_QOQ_SQ":27.495117758119,"NET_PROFIT_RATIO_SQ":-6.0835106773,"HOLDER_PROFIT_SQ":-4211734.5,"HOLDER_PROFIT_QOQ_SQ":-275.064529210373,"ROE_AVG_SQ":-1.499936673361,"PE_TTM_SQ":-14.359585238644,"PB_TTM_SQ":0.449290315145,"ROA_SQ":-1.339462437692,"START_DATE":"2020-01-01 00:00:00","FISCAL_YEAR":"12-31","CURRENCY":"HKD","IS_CNY_CODE":0,"DPS_HKD_LY":null,"ORG_TYPE":"一般企业","PREMIUM_INCOME":null,"PREMIUM_INCOME_YOY":null,"NET_INTEREST_INCOME":null,"NET_INTEREST_INCOME_YOY":null,"FEE_COMMISSION_INCOME":null,"FEE_COMMISSION_INCOME_YOY":null,"ACCOUNTS_RECE_TDAYS":0.962351133308,"INVENTORY_TDAYS":null,"CURRENT_ASSETS_TDAYS":0.116343876271,"TOTAL_ASSETS_TDAYS":0.044139024713,"PREMIUM_EXPENSE":null,"LOAN_DEPOSIT":null,"LOAN_EQUITY":null,"LOAN_ASSETS":null,"DEPOSIT_EQUITY":null,"DEPOSIT_ASSETS":null,"EQUITY_MULTIPLIER":1.15224789201,"EQUITY_RATIO":0.152239257425}],"count":18},"success":true,"message":"ok","code":0}