{"version":"30e39d9eff22b14fee476b6c3fdc1bc1","result":{"pages":2,"data":[{"SECUCODE":"02225.HK","SECURITY_CODE":"02225","SECURITY_NAME_ABBR":"今海医疗科技","ORG_CODE":"10669226","STD_REPORT_DATE":"2024-06-30 00:00:00","REPORT_DATE":"2024-06-30 00:00:00","DATE_TYPE_CODE":"002","REPORT_TYPE":"2024年中报","PER_NETCASH_OPERATE":0.003447176789,"PER_OI":0.105935336944,"BPS":0.038384558607,"BASIC_EPS":-0.0248113,"DILUTED_EPS":-0.0248113,"OPERATE_INCOME":136921423,"OPERATE_INCOME_YOY":116.4483017608,"GROSS_PROFIT":39180738,"GROSS_PROFIT_YOY":45.205992167074,"HOLDER_PROFIT":-31900997,"HOLDER_PROFIT_YOY":-742.8723404255,"GROSS_PROFIT_RATIO":28.615491382966,"EPS_TTM":-0.041635845416,"OPERATE_INCOME_QOQ":29.694748186309,"NET_PROFIT_RATIO":-22.9517677449,"ROE_AVG":-16.100498228226,"GROSS_PROFIT_QOQ":18.858118655413,"ROA":-9.511218137891,"HOLDER_PROFIT_QOQ":-218.620571918227,"ROE_YEARLY":-32.200996456452,"ROIC_YEARLY":-25.830029600026,"TOTAL_ASSETS":342348429,"TOTAL_LIABILITIES":143345966,"TAX_EBT":-0.20198619761,"OCF_SALES":3.25403863207,"TOTAL_PARENT_EQUITY":198448168,"DEBT_ASSET_RATIO":41.8713666713,"OPERATE_PROFIT":-29530726,"PRETAX_PROFIT":-31362539,"NETCASH_OPERATE":4455476,"NETCASH_INVEST":-40078168,"NETCASH_FINANCE":-939662,"END_CASH":69540267,"DIVI_RATIO":null,"DIVIDEND_RATE":null,"CURRENT_RATIO":1.541388324136,"COMMON_ACS":8000000000,"CURRENTDEBT_DEBT":88.756720925094,"ISSUED_COMMON_SHARES":5170000000,"HK_COMMON_SHARES":5170000000,"PER_SHARES":5000,"TOTAL_MARKET_CAP":7186300000,"HKSK_MARKET_CAP":7186300000,"PE_TTM":-121.72046205194,"PB_TTM":33.050404817764,"REPORT_DATE_SQ":"2023-06-30 00:00:00","REPORT_TYPE_SQ":"2023年中报","OPERATE_INCOME_SQ":64039548.6,"DPS_HKD":null,"OPERATE_INCOME_QOQ_SQ":-5.893627491318,"NET_PROFIT_RATIO_SQ":4.876916877,"HOLDER_PROFIT_SQ":5023548,"HOLDER_PROFIT_QOQ_SQ":-71.618752762908,"ROE_AVG_SQ":3.789656225008,"PE_TTM_SQ":13858.0683000238,"PB_TTM_SQ":24.626807743301,"ROA_SQ":2.151306580388,"START_DATE":"2024-01-01 00:00:00","FISCAL_YEAR":"12-31","CURRENCY":"HKD","IS_CNY_CODE":0,"DPS_HKD_LY":null,"ORG_TYPE":"一般企业","PREMIUM_INCOME":null,"PREMIUM_INCOME_YOY":null,"NET_INTEREST_INCOME":null,"NET_INTEREST_INCOME_YOY":null,"FEE_COMMISSION_INCOME":null,"FEE_COMMISSION_INCOME_YOY":null,"ACCOUNTS_RECE_TDAYS":3.932231655549,"INVENTORY_TDAYS":7.671431530972,"CURRENT_ASSETS_TDAYS":0.649797697636,"TOTAL_ASSETS_TDAYS":0.408228470697,"PREMIUM_EXPENSE":null,"LOAN_DEPOSIT":null,"LOAN_EQUITY":null,"LOAN_ASSETS":null,"DEPOSIT_EQUITY":null,"DEPOSIT_ASSETS":null,"EQUITY_MULTIPLIER":1.720322572088,"EQUITY_RATIO":0.722334539264},{"SECUCODE":"02225.HK","SECURITY_CODE":"02225","SECURITY_NAME_ABBR":"今海医疗科技","ORG_CODE":"10669226","STD_REPORT_DATE":"2023-12-31 00:00:00","REPORT_DATE":"2023-12-31 00:00:00","DATE_TYPE_CODE":"001","REPORT_TYPE":"2023年年报","PER_NETCASH_OPERATE":-0.007946191103,"PER_OI":0.189893165803,"BPS":0.038975859342,"BASIC_EPS":-0.013443,"DILUTED_EPS":-0.013443,"OPERATE_INCOME":245436916.8,"OPERATE_INCOME_YOY":104.8653500898,"GROSS_PROFIT":64682338.8,"GROSS_PROFIT_YOY":23.363677183074,"HOLDER_PROFIT":-16889785.2,"HOLDER_PROFIT_YOY":-771.1538461538,"GROSS_PROFIT_RATIO":26.353956708439,"EPS_TTM":-0.01306753207,"OPERATE_INCOME_QOQ":125.852250258152,"NET_PROFIT_RATIO":-9.0088511086,"ROE_AVG":-10.158144950034,"GROSS_PROFIT_QOQ":17.201456688047,"ROA":-6.129269214803,"HOLDER_PROFIT_QOQ":-2552.88625397023,"ROE_YEARLY":-10.158144950034,"ROIC_YEARLY":-9.561258765743,"TOTAL_ASSETS":334569384,"TOTAL_LIABILITIES":132978156,"TAX_EBT":-27.820951196767,"OCF_SALES":-4.184558759092,"TOTAL_PARENT_EQUITY":201505192.8,"DEBT_ASSET_RATIO":39.7460623594,"OPERATE_PROFIT":-16110091.2,"PRETAX_PROFIT":-17298452.4,"NETCASH_OPERATE":-10270452,"NETCASH_INVEST":-34994817.6,"NETCASH_FINANCE":73253595.6,"END_CASH":108597931.2,"DIVI_RATIO":null,"DIVIDEND_RATE":null,"CURRENT_RATIO":2.008375682289,"COMMON_ACS":8000000000,"CURRENTDEBT_DEBT":85.936109987869,"ISSUED_COMMON_SHARES":5170000000,"HK_COMMON_SHARES":5170000000,"PER_SHARES":5000,"TOTAL_MARKET_CAP":7186300000,"HKSK_MARKET_CAP":7186300000,"PE_TTM":-121.72046205194,"PB_TTM":33.050404817764,"REPORT_DATE_SQ":"2022-12-31 00:00:00","REPORT_TYPE_SQ":"2022年年报","OPERATE_INCOME_SQ":115479468,"DPS_HKD":null,"OPERATE_INCOME_QOQ_SQ":-8.027640340977,"NET_PROFIT_RATIO_SQ":0.5194264953,"HOLDER_PROFIT_SQ":2425690.8,"HOLDER_PROFIT_QOQ_SQ":9.590922152,"ROE_AVG_SQ":1.924564201246,"PE_TTM_SQ":12861.0849690868,"PB_TTM_SQ":22.855094956013,"ROA_SQ":1.265829887792,"START_DATE":"2023-01-01 00:00:00","FISCAL_YEAR":"12-31","CURRENCY":"HKD","IS_CNY_CODE":0,"DPS_HKD_LY":null,"ORG_TYPE":"一般企业","PREMIUM_INCOME":null,"PREMIUM_INCOME_YOY":null,"NET_INTEREST_INCOME":null,"NET_INTEREST_INCOME_YOY":null,"FEE_COMMISSION_INCOME":null,"FEE_COMMISSION_INCOME_YOY":null,"ACCOUNTS_RECE_TDAYS":11.78974557665,"INVENTORY_TDAYS":22.002578258389,"CURRENT_ASSETS_TDAYS":1.201418112415,"TOTAL_ASSETS_TDAYS":0.890685654379,"PREMIUM_EXPENSE":null,"LOAN_DEPOSIT":null,"LOAN_EQUITY":null,"LOAN_ASSETS":null,"DEPOSIT_EQUITY":null,"DEPOSIT_ASSETS":null,"EQUITY_MULTIPLIER":1.659642571353,"EQUITY_RATIO":0.659924214122},{"SECUCODE":"02225.HK","SECURITY_CODE":"02225","SECURITY_NAME_ABBR":"今海医疗科技","ORG_CODE":"10669226","STD_REPORT_DATE":"2023-06-30 00:00:00","REPORT_DATE":"2023-06-30 00:00:00","DATE_TYPE_CODE":"002","REPORT_TYPE":"2023年中报","PER_NETCASH_OPERATE":-0.003676240421,"PER_OI":0.052064673659,"BPS":0.026019454358,"BASIC_EPS":0.00427536,"DILUTED_EPS":0.00427536,"OPERATE_INCOME":64039548.6,"OPERATE_INCOME_YOY":-18.5238867715,"GROSS_PROFIT":26982865.8,"GROSS_PROFIT_YOY":11.396046314049,"HOLDER_PROFIT":5023548,"HOLDER_PROFIT_YOY":-33.0532130977,"GROSS_PROFIT_RATIO":42.130598955823,"EPS_TTM":0.000559811229,"OPERATE_INCOME_QOQ":-5.893627491318,"NET_PROFIT_RATIO":4.876916877,"ROE_AVG":3.789656225008,"GROSS_PROFIT_QOQ":5.259071402163,"ROA":2.151306580388,"HOLDER_PROFIT_QOQ":-71.618752762908,"ROE_YEARLY":7.579312450017,"ROIC_YEARLY":6.640023972942,"TOTAL_ASSETS":251148942.135,"TOTAL_LIABILITIES":115178321.3166,"TAX_EBT":1.013513513514,"OCF_SALES":-7.06100733908,"TOTAL_PARENT_EQUITY":134520579.0324,"DEBT_ASSET_RATIO":45.8605639894,"OPERATE_PROFIT":3420288,"PRETAX_PROFIT":3163766.4,"NETCASH_OPERATE":-4521193.2,"NETCASH_INVEST":-641304,"NETCASH_FINANCE":-7711680.6,"END_CASH":69137915.4,"DIVI_RATIO":null,"DIVIDEND_RATE":null,"CURRENT_RATIO":1.942669009241,"COMMON_ACS":8000000000,"CURRENTDEBT_DEBT":93.96172693394,"ISSUED_COMMON_SHARES":5170000000,"HK_COMMON_SHARES":5170000000,"PER_SHARES":5000,"TOTAL_MARKET_CAP":7186300000,"HKSK_MARKET_CAP":7186300000,"PE_TTM":-121.72046205194,"PB_TTM":33.050404817764,"REPORT_DATE_SQ":"2022-06-30 00:00:00","REPORT_TYPE_SQ":"2022年中报","OPERATE_INCOME_SQ":70844476.426,"DPS_HKD":null,"OPERATE_INCOME_QOQ_SQ":24.263283969992,"NET_PROFIT_RATIO_SQ":9.0634110772,"HOLDER_PROFIT_SQ":6754089.112,"HOLDER_PROFIT_QOQ_SQ":321.315076640269,"ROE_AVG_SQ":5.522772145374,"PE_TTM_SQ":12861.0849690868,"PB_TTM_SQ":22.855094956013,"ROA_SQ":3.820252537521,"START_DATE":"2023-01-01 00:00:00","FISCAL_YEAR":"12-31","CURRENCY":"HKD","IS_CNY_CODE":0,"DPS_HKD_LY":null,"ORG_TYPE":"一般企业","PREMIUM_INCOME":null,"PREMIUM_INCOME_YOY":null,"NET_INTEREST_INCOME":null,"NET_INTEREST_INCOME_YOY":null,"FEE_COMMISSION_INCOME":null,"FEE_COMMISSION_INCOME_YOY":null,"ACCOUNTS_RECE_TDAYS":2.211845843777,"INVENTORY_TDAYS":3.995071835459,"CURRENT_ASSETS_TDAYS":0.329915501194,"TOTAL_ASSETS_TDAYS":0.274626270685,"PREMIUM_EXPENSE":null,"LOAN_DEPOSIT":null,"LOAN_EQUITY":null,"LOAN_ASSETS":null,"DEPOSIT_EQUITY":null,"DEPOSIT_ASSETS":null,"EQUITY_MULTIPLIER":1.847082411062,"EQUITY_RATIO":0.856213392368},{"SECUCODE":"02225.HK","SECURITY_CODE":"02225","SECURITY_NAME_ABBR":"今海医疗科技","ORG_CODE":"10669226","STD_REPORT_DATE":"2022-12-31 00:00:00","REPORT_DATE":"2022-12-31 00:00:00","DATE_TYPE_CODE":"001","REPORT_TYPE":"2022年年报","PER_NETCASH_OPERATE":0.01787280788,"PER_OI":0.093885746341,"BPS":0.024429757869,"BASIC_EPS":0.00207324,"DILUTED_EPS":0.00207324,"OPERATE_INCOME":115479468,"OPERATE_INCOME_YOY":1.7525524031,"GROSS_PROFIT":52432239.6,"GROSS_PROFIT_YOY":43.831849406347,"HOLDER_PROFIT":2425690.8,"HOLDER_PROFIT_YOY":290.1204280985,"GROSS_PROFIT_RATIO":45.404274372955,"EPS_TTM":0.001972468737,"OPERATE_INCOME_QOQ":-8.027640340977,"NET_PROFIT_RATIO":0.5194264953,"ROE_AVG":1.924564201246,"GROSS_PROFIT_QOQ":11.242254140106,"ROA":1.265829887792,"HOLDER_PROFIT_QOQ":9.590922152,"ROE_YEARLY":1.924564201246,"ROIC_YEARLY":2.177462804557,"TOTAL_ASSETS":208728620.1,"TOTAL_LIABILITIES":81265824.9,"TAX_EBT":85.204081632653,"OCF_SALES":19.037129618109,"TOTAL_PARENT_EQUITY":126301780.8,"DEBT_ASSET_RATIO":38.9344665192,"OPERATE_PROFIT":4504113.9,"PRETAX_PROFIT":4063550.4,"NETCASH_OPERATE":21981527.1,"NETCASH_INVEST":-5960565,"NETCASH_FINANCE":-19291498.2,"END_CASH":79741993.5,"DIVI_RATIO":null,"DIVIDEND_RATE":null,"CURRENT_RATIO":2.37892332763,"COMMON_ACS":8000000000,"CURRENTDEBT_DEBT":89.278652975317,"ISSUED_COMMON_SHARES":5170000000,"HK_COMMON_SHARES":5170000000,"PER_SHARES":5000,"TOTAL_MARKET_CAP":7186300000,"HKSK_MARKET_CAP":7186300000,"PE_TTM":-121.72046205194,"PB_TTM":33.050404817764,"REPORT_DATE_SQ":"2021-12-31 00:00:00","REPORT_TYPE_SQ":"2021年年报","OPERATE_INCOME_SQ":103302364.6644,"DPS_HKD":null,"OPERATE_INCOME_QOQ_SQ":16.262448824676,"NET_PROFIT_RATIO_SQ":-2.1649103145,"HOLDER_PROFIT_SQ":-1161570.5695,"HOLDER_PROFIT_QOQ_SQ":-125.414720302858,"ROE_AVG_SQ":-0.832846672693,"PE_TTM_SQ":12861.0849690868,"PB_TTM_SQ":22.855094956013,"ROA_SQ":-0.580102081627,"START_DATE":"2022-01-01 00:00:00","FISCAL_YEAR":"12-31","CURRENCY":"HKD","IS_CNY_CODE":0,"DPS_HKD_LY":null,"ORG_TYPE":"一般企业","PREMIUM_INCOME":null,"PREMIUM_INCOME_YOY":null,"NET_INTEREST_INCOME":null,"NET_INTEREST_INCOME_YOY":null,"FEE_COMMISSION_INCOME":null,"FEE_COMMISSION_INCOME_YOY":null,"ACCOUNTS_RECE_TDAYS":12.119181378671,"INVENTORY_TDAYS":13.27777935452,"CURRENT_ASSETS_TDAYS":0.697048534063,"TOTAL_ASSETS_TDAYS":0.602499286986,"PREMIUM_EXPENSE":null,"LOAN_DEPOSIT":null,"LOAN_EQUITY":null,"LOAN_ASSETS":null,"DEPOSIT_EQUITY":null,"DEPOSIT_ASSETS":null,"EQUITY_MULTIPLIER":1.637584973059,"EQUITY_RATIO":0.643425804334},{"SECUCODE":"02225.HK","SECURITY_CODE":"02225","SECURITY_NAME_ABBR":"今海医疗科技","ORG_CODE":"10669226","STD_REPORT_DATE":"2022-06-30 00:00:00","REPORT_DATE":"2022-06-30 00:00:00","DATE_TYPE_CODE":"002","REPORT_TYPE":"2022年中报","PER_NETCASH_OPERATE":0.006043494358,"PER_OI":0.057597135306,"BPS":0.024691753792,"BASIC_EPS":0.0052987,"DILUTED_EPS":0.0052987,"OPERATE_INCOME":70844476.426,"OPERATE_INCOME_YOY":52.4631198592,"GROSS_PROFIT":24222462.729,"GROSS_PROFIT_YOY":76.782939551874,"HOLDER_PROFIT":6754089.112,"HOLDER_PROFIT_YOY":90.2282110107,"GROSS_PROFIT_RATIO":34.191039232679,"EPS_TTM":0.001799846829,"OPERATE_INCOME_QOQ":24.263283969992,"NET_PROFIT_RATIO":9.0634110772,"ROE_AVG":5.522772145374,"GROSS_PROFIT_QOQ":28.735402490425,"ROA":3.820252537521,"HOLDER_PROFIT_QOQ":321.315076640269,"ROE_YEARLY":11.045544290749,"ROIC_YEARLY":12.441791793855,"TOTAL_ASSETS":191331543.471,"TOTAL_LIABILITIES":65219333.153,"TAX_EBT":18.354511788925,"OCF_SALES":10.492699551199,"TOTAL_PARENT_EQUITY":127656367.106,"DEBT_ASSET_RATIO":34.0870783614,"OPERATE_PROFIT":6929538.703,"PRETAX_PROFIT":7864397.978,"NETCASH_OPERATE":7433498.06,"NETCASH_INVEST":-4331557.191,"NETCASH_FINANCE":-1793624.401,"END_CASH":68697274.591,"DIVI_RATIO":null,"DIVIDEND_RATE":null,"CURRENT_RATIO":2.804674387973,"COMMON_ACS":8000000000,"CURRENTDEBT_DEBT":99.059464116935,"ISSUED_COMMON_SHARES":5170000000,"HK_COMMON_SHARES":5170000000,"PER_SHARES":5000,"TOTAL_MARKET_CAP":7186300000,"HKSK_MARKET_CAP":7186300000,"PE_TTM":-121.72046205194,"PB_TTM":33.050404817764,"REPORT_DATE_SQ":"2021-06-30 00:00:00","REPORT_TYPE_SQ":"2021年中报","OPERATE_INCOME_SQ":46328688.4368,"DPS_HKD":null,"OPERATE_INCOME_QOQ_SQ":-21.575201029884,"NET_PROFIT_RATIO_SQ":7.6410082783,"HOLDER_PROFIT_SQ":3539978.9187,"HOLDER_PROFIT_QOQ_SQ":-36.810695055614,"ROE_AVG_SQ":2.849399571462,"PE_TTM_SQ":12861.0849690868,"PB_TTM_SQ":22.855094956013,"ROA_SQ":2.000745677673,"START_DATE":"2022-01-01 00:00:00","FISCAL_YEAR":"12-31","CURRENCY":"HKD","IS_CNY_CODE":0,"DPS_HKD_LY":null,"ORG_TYPE":"一般企业","PREMIUM_INCOME":null,"PREMIUM_INCOME_YOY":null,"NET_INTEREST_INCOME":null,"NET_INTEREST_INCOME_YOY":null,"FEE_COMMISSION_INCOME":null,"FEE_COMMISSION_INCOME_YOY":null,"ACCOUNTS_RECE_TDAYS":4.082283086404,"INVENTORY_TDAYS":10.926656374449,"CURRENT_ASSETS_TDAYS":0.431040249138,"TOTAL_ASSETS_TDAYS":0.400711015724,"PREMIUM_EXPENSE":null,"LOAN_DEPOSIT":null,"LOAN_EQUITY":null,"LOAN_ASSETS":null,"DEPOSIT_EQUITY":null,"DEPOSIT_ASSETS":null,"EQUITY_MULTIPLIER":1.517153200222,"EQUITY_RATIO":0.510897612329},{"SECUCODE":"02225.HK","SECURITY_CODE":"02225","SECURITY_NAME_ABBR":"今海医疗科技","ORG_CODE":"10669226","STD_REPORT_DATE":"2021-12-31 00:00:00","REPORT_DATE":"2021-12-31 00:00:00","DATE_TYPE_CODE":"001","REPORT_TYPE":"2021年年报","PER_NETCASH_OPERATE":0.012912995864,"PER_OI":0.083985662329,"BPS":0.023201289834,"BASIC_EPS":-0.00094358,"DILUTED_EPS":-0.00094358,"OPERATE_INCOME":103302364.6644,"OPERATE_INCOME_YOY":-4.6952865794,"GROSS_PROFIT":36453845.109,"GROSS_PROFIT_YOY":-16.518293940977,"HOLDER_PROFIT":-1161570.5695,"HOLDER_PROFIT_YOY":-116.7861234333,"GROSS_PROFIT_RATIO":36.235071232384,"EPS_TTM":-0.000813250889,"OPERATE_INCOME_QOQ":16.262448824676,"NET_PROFIT_RATIO":-2.1649103145,"ROE_AVG":-0.832846672693,"GROSS_PROFIT_QOQ":5.984904699788,"ROA":-0.580102081627,"HOLDER_PROFIT_QOQ":-125.414720302858,"ROE_YEARLY":-0.832846672693,"ROIC_YEARLY":-1.057219878019,"TOTAL_ASSETS":159321109.8963,"TOTAL_LIABILITIES":45977157.4361,"TAX_EBT":-698.188231521565,"OCF_SALES":15.719395737473,"TOTAL_PARENT_EQUITY":114528489.7669,"DEBT_ASSET_RATIO":25.2686435223,"OPERATE_PROFIT":329979.3618,"PRETAX_PROFIT":-294255.423,"NETCASH_OPERATE":15753516.3005,"NETCASH_INVEST":-12475953.4273,"NETCASH_FINANCE":-22690188.0557,"END_CASH":76698494.5606,"DIVI_RATIO":null,"DIVIDEND_RATE":null,"CURRENT_RATIO":3.719759259583,"COMMON_ACS":8000000000,"CURRENTDEBT_DEBT":97.136433213319,"ISSUED_COMMON_SHARES":5170000000,"HK_COMMON_SHARES":5170000000,"PER_SHARES":5000,"TOTAL_MARKET_CAP":7186300000,"HKSK_MARKET_CAP":7186300000,"PE_TTM":-121.72046205194,"PB_TTM":33.050404817764,"REPORT_DATE_SQ":"2020-12-31 00:00:00","REPORT_TYPE_SQ":"2020年年报","OPERATE_INCOME_SQ":110816236.1898,"DPS_HKD":null,"OPERATE_INCOME_QOQ_SQ":-47.207136099936,"NET_PROFIT_RATIO_SQ":5.6207898723,"HOLDER_PROFIT_SQ":6228747.7806,"HOLDER_PROFIT_QOQ_SQ":602.855674625192,"ROE_AVG_SQ":5.083549020167,"PE_TTM_SQ":12861.0849690868,"PB_TTM_SQ":22.855094956013,"ROA_SQ":3.078525482424,"START_DATE":"2021-01-01 00:00:00","FISCAL_YEAR":"12-31","CURRENCY":"HKD","IS_CNY_CODE":0,"DPS_HKD_LY":null,"ORG_TYPE":"一般企业","PREMIUM_INCOME":null,"PREMIUM_INCOME_YOY":null,"NET_INTEREST_INCOME":null,"NET_INTEREST_INCOME_YOY":null,"FEE_COMMISSION_INCOME":null,"FEE_COMMISSION_INCOME_YOY":null,"ACCOUNTS_RECE_TDAYS":11.688663683622,"INVENTORY_TDAYS":15.631418998966,"CURRENT_ASSETS_TDAYS":0.679123727584,"TOTAL_ASSETS_TDAYS":0.585964143644,"PREMIUM_EXPENSE":null,"LOAN_DEPOSIT":null,"LOAN_EQUITY":null,"LOAN_ASSETS":null,"DEPOSIT_EQUITY":null,"DEPOSIT_ASSETS":null,"EQUITY_MULTIPLIER":1.338126386477,"EQUITY_RATIO":0.401447338821},{"SECUCODE":"02225.HK","SECURITY_CODE":"02225","SECURITY_NAME_ABBR":"今海医疗科技","ORG_CODE":"10669226","STD_REPORT_DATE":"2021-06-30 00:00:00","REPORT_DATE":"2021-06-30 00:00:00","DATE_TYPE_CODE":"002","REPORT_TYPE":"2021年中报","PER_NETCASH_OPERATE":0.009435376611,"PER_OI":0.037665600355,"BPS":0.02438086196,"BASIC_EPS":0.00288162,"DILUTED_EPS":0.00288162,"OPERATE_INCOME":46328688.4368,"OPERATE_INCOME_YOY":-30.2136876576,"GROSS_PROFIT":13701810.1353,"GROSS_PROFIT_YOY":-39.967481208486,"HOLDER_PROFIT":3539978.9187,"HOLDER_PROFIT_YOY":-35.7887446642,"GROSS_PROFIT_RATIO":29.575216993228,"EPS_TTM":0.003199920674,"OPERATE_INCOME_QOQ":-21.575201029884,"NET_PROFIT_RATIO":7.6410082783,"ROE_AVG":2.849399571462,"GROSS_PROFIT_QOQ":-20.890369955068,"ROA":2.000745677673,"HOLDER_PROFIT_QOQ":-36.810695055614,"ROE_YEARLY":5.698799142924,"ROIC_YEARLY":8.426112316079,"TOTAL_ASSETS":164577991.8762,"TOTAL_LIABILITIES":38528935.5423,"TAX_EBT":4.955687396601,"OCF_SALES":25.050381573033,"TOTAL_PARENT_EQUITY":126049056.3339,"DEBT_ASSET_RATIO":23.4107459345,"OPERATE_PROFIT":4010120.0244,"PRETAX_PROFIT":3724556.2851,"NETCASH_OPERATE":11605513.2312,"NETCASH_INVEST":9605683.3593,"NETCASH_FINANCE":-13305260.8017,"END_CASH":96475523.3736,"DIVI_RATIO":null,"DIVIDEND_RATE":null,"CURRENT_RATIO":4.0896433011,"COMMON_ACS":8000000000,"CURRENTDEBT_DEBT":94.610880179858,"ISSUED_COMMON_SHARES":5170000000,"HK_COMMON_SHARES":5170000000,"PER_SHARES":5000,"TOTAL_MARKET_CAP":7186300000,"HKSK_MARKET_CAP":7186300000,"PE_TTM":-121.72046205194,"PB_TTM":33.050404817764,"REPORT_DATE_SQ":"2020-06-30 00:00:00","REPORT_TYPE_SQ":"2020年中报","OPERATE_INCOME_SQ":70237514.1685,"DPS_HKD":null,"OPERATE_INCOME_QOQ_SQ":-21.828372660446,"NET_PROFIT_RATIO_SQ":8.304428679,"HOLDER_PROFIT_SQ":5832824.27,"HOLDER_PROFIT_QOQ_SQ":65.089724375728,"ROE_AVG_SQ":4.633051354503,"PE_TTM_SQ":12861.0849690868,"PB_TTM_SQ":22.855094956013,"ROA_SQ":2.795411414596,"START_DATE":"2021-01-01 00:00:00","FISCAL_YEAR":"12-31","CURRENCY":"HKD","IS_CNY_CODE":0,"DPS_HKD_LY":null,"ORG_TYPE":"一般企业","PREMIUM_INCOME":null,"PREMIUM_INCOME_YOY":null,"NET_INTEREST_INCOME":null,"NET_INTEREST_INCOME_YOY":null,"FEE_COMMISSION_INCOME":null,"FEE_COMMISSION_INCOME_YOY":null,"ACCOUNTS_RECE_TDAYS":4.91896799611,"INVENTORY_TDAYS":103.89436899737,"CURRENT_ASSETS_TDAYS":0.303883502394,"TOTAL_ASSETS_TDAYS":0.261843150118,"PREMIUM_EXPENSE":null,"LOAN_DEPOSIT":null,"LOAN_EQUITY":null,"LOAN_ASSETS":null,"DEPOSIT_EQUITY":null,"DEPOSIT_ASSETS":null,"EQUITY_MULTIPLIER":1.305666195867,"EQUITY_RATIO":0.305666195868},{"SECUCODE":"02225.HK","SECURITY_CODE":"02225","SECURITY_NAME_ABBR":"今海医疗科技","ORG_CODE":"10669226","STD_REPORT_DATE":"2020-12-31 00:00:00","REPORT_DATE":"2020-12-31 00:00:00","DATE_TYPE_CODE":"001","REPORT_TYPE":"2020年年报","PER_NETCASH_OPERATE":0.029602725116,"PER_OI":0.090094500967,"BPS":0.024314019699,"BASIC_EPS":0.0049314,"DILUTED_EPS":0.0049314,"OPERATE_INCOME":110816236.1898,"OPERATE_INCOME_YOY":-56.7015674353,"GROSS_PROFIT":43666866.4668,"GROSS_PROFIT_YOY":-31.846036845899,"HOLDER_PROFIT":6228747.7806,"HOLDER_PROFIT_YOY":284.1808329761,"GROSS_PROFIT_RATIO":39.404755086619,"EPS_TTM":0.005064022586,"OPERATE_INCOME_QOQ":-47.207136099936,"NET_PROFIT_RATIO":5.6207898723,"ROE_AVG":5.083549020167,"GROSS_PROFIT_QOQ":-24.879483540774,"ROA":3.078525482424,"HOLDER_PROFIT_QOQ":602.855674625192,"ROE_YEARLY":5.083549020167,"ROIC_YEARLY":6.044222614559,"TOTAL_ASSETS":194360395.3422,"TOTAL_LIABILITIES":68656913.4972,"TAX_EBT":11.407950341055,"OCF_SALES":32.857416155009,"TOTAL_PARENT_EQUITY":125703481.845,"DEBT_ASSET_RATIO":35.3245389197,"OPERATE_PROFIT":6596339.268,"PRETAX_PROFIT":7030820.265,"NETCASH_OPERATE":36411351.8922,"NETCASH_INVEST":-29798734.0728,"NETCASH_FINANCE":-20454495.4398,"END_CASH":91736550.9618,"DIVI_RATIO":null,"DIVIDEND_RATE":null,"CURRENT_RATIO":2.464349786394,"COMMON_ACS":8000000000,"CURRENTDEBT_DEBT":94.570827525546,"ISSUED_COMMON_SHARES":5170000000,"HK_COMMON_SHARES":5170000000,"PER_SHARES":5000,"TOTAL_MARKET_CAP":7186300000,"HKSK_MARKET_CAP":7186300000,"PE_TTM":-121.72046205194,"PB_TTM":33.050404817764,"REPORT_DATE_SQ":"2019-12-31 00:00:00","REPORT_TYPE_SQ":"2019年年报","OPERATE_INCOME_SQ":268521472.6621,"DPS_HKD":null,"OPERATE_INCOME_QOQ_SQ":3.157768680923,"NET_PROFIT_RATIO_SQ":-1.3213719762,"HOLDER_PROFIT_SQ":-3548167.4898,"HOLDER_PROFIT_QOQ_SQ":54.873228613655,"ROE_AVG_SQ":-2.793947786842,"PE_TTM_SQ":12861.0849690868,"PB_TTM_SQ":22.855094956013,"ROA_SQ":-1.794062110711,"START_DATE":"2020-01-01 00:00:00","FISCAL_YEAR":"12-31","CURRENCY":"HKD","IS_CNY_CODE":0,"DPS_HKD_LY":null,"ORG_TYPE":"一般企业","PREMIUM_INCOME":null,"PREMIUM_INCOME_YOY":null,"NET_INTEREST_INCOME":null,"NET_INTEREST_INCOME_YOY":null,"FEE_COMMISSION_INCOME":null,"FEE_COMMISSION_INCOME_YOY":null,"ACCOUNTS_RECE_TDAYS":5.155975699072,"INVENTORY_TDAYS":null,"CURRENT_ASSETS_TDAYS":0.71869879436,"TOTAL_ASSETS_TDAYS":0.547703357068,"PREMIUM_EXPENSE":null,"LOAN_DEPOSIT":null,"LOAN_EQUITY":null,"LOAN_ASSETS":null,"DEPOSIT_EQUITY":null,"DEPOSIT_ASSETS":null,"EQUITY_MULTIPLIER":1.546181477946,"EQUITY_RATIO":0.546181477947},{"SECUCODE":"02225.HK","SECURITY_CODE":"02225","SECURITY_NAME_ABBR":"今海医疗科技","ORG_CODE":"10669226","STD_REPORT_DATE":"2020-06-30 00:00:00","REPORT_DATE":"2020-06-30 00:00:00","DATE_TYPE_CODE":"002","REPORT_TYPE":"2020年中报","PER_NETCASH_OPERATE":0.026552688428,"PER_OI":0.057103670056,"BPS":0.024915351567,"BASIC_EPS":0.00457317,"DILUTED_EPS":0.00457317,"OPERATE_INCOME":70237514.1685,"OPERATE_INCOME_YOY":-45.4980963805,"GROSS_PROFIT":22823980.088,"GROSS_PROFIT_YOY":-20.655879187582,"HOLDER_PROFIT":5832824.27,"HOLDER_PROFIT_YOY":65.5224722098,"GROSS_PROFIT_RATIO":32.495426921353,"EPS_TTM":-0.001007052886,"OPERATE_INCOME_QOQ":-21.828372660446,"NET_PROFIT_RATIO":8.304428679,"ROE_AVG":4.633051354503,"GROSS_PROFIT_QOQ":-9.273835742205,"ROA":2.795411414596,"HOLDER_PROFIT_QOQ":65.089724375728,"ROE_YEARLY":9.266102709005,"ROIC_YEARLY":13.593054338824,"TOTAL_ASSETS":200624297.1684,"TOTAL_LIABILITIES":71811929.567,"TAX_EBT":17.000117135474,"OCF_SALES":46.499092618724,"TOTAL_PARENT_EQUITY":128812367.6014,"DEBT_ASSET_RATIO":35.7942335901,"OPERATE_PROFIT":7820100.3748,"PRETAX_PROFIT":7027509.0382,"NETCASH_OPERATE":32659806.7663,"NETCASH_INVEST":-244969.473,"NETCASH_FINANCE":-9736599.0519,"END_CASH":135610522.0015,"DIVI_RATIO":null,"DIVIDEND_RATE":null,"CURRENT_RATIO":2.563681419837,"COMMON_ACS":8000000000,"CURRENTDEBT_DEBT":82.814027718911,"ISSUED_COMMON_SHARES":5170000000,"HK_COMMON_SHARES":5170000000,"PER_SHARES":5000,"TOTAL_MARKET_CAP":7186300000,"HKSK_MARKET_CAP":7186300000,"PE_TTM":-121.72046205194,"PB_TTM":33.050404817764,"REPORT_DATE_SQ":"2019-06-30 00:00:00","REPORT_TYPE_SQ":"2019年中报","OPERATE_INCOME_SQ":128851381.8945,"DPS_HKD":null,"OPERATE_INCOME_QOQ_SQ":9.563575649679,"NET_PROFIT_RATIO_SQ":2.7344152455,"HOLDER_PROFIT_SQ":3523331.8305,"HOLDER_PROFIT_QOQ_SQ":55.620032341602,"ROE_AVG_SQ":2.748180937674,"PE_TTM_SQ":12861.0849690868,"PB_TTM_SQ":22.855094956013,"ROA_SQ":1.740575119324,"START_DATE":"2020-01-01 00:00:00","FISCAL_YEAR":"12-31","CURRENCY":"HKD","IS_CNY_CODE":0,"DPS_HKD_LY":null,"ORG_TYPE":"一般企业","PREMIUM_INCOME":null,"PREMIUM_INCOME_YOY":null,"NET_INTEREST_INCOME":null,"NET_INTEREST_INCOME_YOY":null,"FEE_COMMISSION_INCOME":null,"FEE_COMMISSION_INCOME_YOY":null,"ACCOUNTS_RECE_TDAYS":3.494766917905,"INVENTORY_TDAYS":null,"CURRENT_ASSETS_TDAYS":0.460054230022,"TOTAL_ASSETS_TDAYS":0.336616945327,"PREMIUM_EXPENSE":null,"LOAN_DEPOSIT":null,"LOAN_EQUITY":null,"LOAN_ASSETS":null,"DEPOSIT_EQUITY":null,"DEPOSIT_ASSETS":null,"EQUITY_MULTIPLIER":1.557492505604,"EQUITY_RATIO":0.557492505605}],"count":18},"success":true,"message":"ok","code":0}