{"version":"abdf38427460d2bb8324860d2aceac7a","result":{"pages":3,"data":[{"SECUCODE":"02226.HK","SECURITY_CODE":"02226","SECURITY_NAME_ABBR":"老恒和酿造","ORG_CODE":"10301825","STD_REPORT_DATE":"2024-06-30 00:00:00","REPORT_DATE":"2024-06-30 00:00:00","DATE_TYPE_CODE":"002","REPORT_TYPE":"2024年中报","PER_NETCASH_OPERATE":-0.081560259179,"PER_OI":0.249290712743,"BPS":-4.465142116631,"BASIC_EPS":-0.43,"DILUTED_EPS":-0.43,"OPERATE_INCOME":144277000,"OPERATE_INCOME_YOY":12.9007520091,"GROSS_PROFIT":47108000,"GROSS_PROFIT_YOY":6.622606491331,"HOLDER_PROFIT":-247604000,"HOLDER_PROFIT_YOY":-1.0933914733,"GROSS_PROFIT_RATIO":32.651080906867,"EPS_TTM":-0.910572786177,"OPERATE_INCOME_QOQ":6.370563867936,"NET_PROFIT_RATIO":-171.6170976663,"ROE_AVG":10.069822680852,"GROSS_PROFIT_QOQ":3.94813185627,"ROA":-22.531566205199,"HOLDER_PROFIT_QOQ":-0.510760686304,"ROE_YEARLY":20.139645361704,"ROIC_YEARLY":-45.476902845199,"TOTAL_ASSETS":1084653000,"TOTAL_LIABILITIES":3668854000,"TAX_EBT":null,"OCF_SALES":-32.716926467836,"TOTAL_PARENT_EQUITY":-2584201000,"DEBT_ASSET_RATIO":338.2514039052,"OPERATE_PROFIT":-147342000,"PRETAX_PROFIT":-247604000,"NETCASH_OPERATE":-47203000,"NETCASH_INVEST":-4643000,"NETCASH_FINANCE":54650000,"END_CASH":9873000,"DIVI_RATIO":null,"DIVIDEND_RATE":null,"CURRENT_RATIO":0.214125268692,"COMMON_ACS":1000000000,"CURRENTDEBT_DEBT":99.780122076267,"ISSUED_COMMON_SHARES":578750000,"HK_COMMON_SHARES":578750000,"PER_SHARES":500,"TOTAL_MARKET_CAP":306737500,"HKSK_MARKET_CAP":306737500,"PE_TTM":-0.525041351084,"PB_TTM":-0.108332587713,"REPORT_DATE_SQ":"2023-06-30 00:00:00","REPORT_TYPE_SQ":"2023年中报","OPERATE_INCOME_SQ":127791000,"DPS_HKD":null,"OPERATE_INCOME_QOQ_SQ":-3.926362297496,"NET_PROFIT_RATIO_SQ":-191.6613846045,"HOLDER_PROFIT_SQ":-244926000,"HOLDER_PROFIT_QOQ_SQ":-6.258186162327,"ROE_AVG_SQ":12.681500566051,"PE_TTM_SQ":-0.419091354604,"PB_TTM_SQ":-0.10518345462,"ROA_SQ":-21.897514596421,"START_DATE":"2024-01-01 00:00:00","FISCAL_YEAR":"12-31","CURRENCY":"HKD","IS_CNY_CODE":0,"DPS_HKD_LY":null,"ORG_TYPE":"一般企业","PREMIUM_INCOME":null,"PREMIUM_INCOME_YOY":null,"NET_INTEREST_INCOME":null,"NET_INTEREST_INCOME_YOY":null,"FEE_COMMISSION_INCOME":null,"FEE_COMMISSION_INCOME_YOY":null,"ACCOUNTS_RECE_TDAYS":7.354692358669,"INVENTORY_TDAYS":0.154645336202,"CURRENT_ASSETS_TDAYS":0.181799624372,"TOTAL_ASSETS_TDAYS":0.131289752079,"PREMIUM_EXPENSE":null,"LOAN_DEPOSIT":null,"LOAN_EQUITY":null,"LOAN_ASSETS":null,"DEPOSIT_EQUITY":null,"DEPOSIT_ASSETS":null,"EQUITY_MULTIPLIER":-0.419724704077,"EQUITY_RATIO":-1.419724704077},{"SECUCODE":"02226.HK","SECURITY_CODE":"02226","SECURITY_NAME_ABBR":"老恒和酿造","ORG_CODE":"10301825","STD_REPORT_DATE":"2023-12-31 00:00:00","REPORT_DATE":"2023-12-31 00:00:00","DATE_TYPE_CODE":"001","REPORT_TYPE":"2023年年报","PER_NETCASH_OPERATE":-0.176613390929,"PER_OI":0.447142980562,"BPS":-4.032038012959,"BASIC_EPS":-0.91,"DILUTED_EPS":-0.91,"OPERATE_INCOME":258784000,"OPERATE_INCOME_YOY":-4.7187039764,"GROSS_PROFIT":74111000,"GROSS_PROFIT_YOY":-0.942311804962,"HOLDER_PROFIT":-524316000,"HOLDER_PROFIT_YOY":-7.8087506862,"GROSS_PROFIT_RATIO":28.638169284036,"EPS_TTM":-0.905945572354,"OPERATE_INCOME_QOQ":-0.824723303799,"NET_PROFIT_RATIO":-202.6075800668,"ROE_AVG":25.31884815553,"GROSS_PROFIT_QOQ":9.97165793652,"ROA":-46.892116989713,"HOLDER_PROFIT_QOQ":-1.459242416913,"ROE_YEARLY":25.31884815553,"ROIC_YEARLY":-47.313786047687,"TOTAL_ASSETS":1113188000,"TOTAL_LIABILITIES":3446730000,"TAX_EBT":null,"OCF_SALES":-39.498191541981,"TOTAL_PARENT_EQUITY":-2333542000,"DEBT_ASSET_RATIO":309.6269453138,"OPERATE_PROFIT":-329441000,"PRETAX_PROFIT":-524316000,"NETCASH_OPERATE":-102215000,"NETCASH_INVEST":-22457000,"NETCASH_FINANCE":126053000,"END_CASH":10124000,"DIVI_RATIO":null,"DIVIDEND_RATE":null,"CURRENT_RATIO":0.233663736109,"COMMON_ACS":1000000000,"CURRENTDEBT_DEBT":99.747470791156,"ISSUED_COMMON_SHARES":578750000,"HK_COMMON_SHARES":578750000,"PER_SHARES":500,"TOTAL_MARKET_CAP":393550000,"HKSK_MARKET_CAP":393550000,"PE_TTM":-0.673637959882,"PB_TTM":-0.138992754047,"REPORT_DATE_SQ":"2022-12-31 00:00:00","REPORT_TYPE_SQ":"2022年年报","OPERATE_INCOME_SQ":271600000,"DPS_HKD":null,"OPERATE_INCOME_QOQ_SQ":1.213745094897,"NET_PROFIT_RATIO_SQ":-179.0644329897,"HOLDER_PROFIT_SQ":-486339000,"HOLDER_PROFIT_QOQ_SQ":-19.577933333825,"ROE_AVG_SQ":31.115171604357,"PE_TTM_SQ":-0.512222766738,"PB_TTM_SQ":-0.128557555647,"ROA_SQ":-41.982905186066,"START_DATE":"2023-01-01 00:00:00","FISCAL_YEAR":"12-31","CURRENCY":"HKD","IS_CNY_CODE":0,"DPS_HKD_LY":null,"ORG_TYPE":"一般企业","PREMIUM_INCOME":null,"PREMIUM_INCOME_YOY":null,"NET_INTEREST_INCOME":null,"NET_INTEREST_INCOME_YOY":null,"FEE_COMMISSION_INCOME":null,"FEE_COMMISSION_INCOME_YOY":null,"ACCOUNTS_RECE_TDAYS":12.544366077704,"INVENTORY_TDAYS":0.285730200002,"CURRENT_ASSETS_TDAYS":0.32202204519,"TOTAL_ASSETS_TDAYS":0.231443053484,"PREMIUM_EXPENSE":null,"LOAN_DEPOSIT":null,"LOAN_EQUITY":null,"LOAN_ASSETS":null,"DEPOSIT_EQUITY":null,"DEPOSIT_ASSETS":null,"EQUITY_MULTIPLIER":-0.47703791061,"EQUITY_RATIO":-1.47703791061},{"SECUCODE":"02226.HK","SECURITY_CODE":"02226","SECURITY_NAME_ABBR":"老恒和酿造","ORG_CODE":"10301825","STD_REPORT_DATE":"2023-06-30 00:00:00","REPORT_DATE":"2023-06-30 00:00:00","DATE_TYPE_CODE":"002","REPORT_TYPE":"2023年中报","PER_NETCASH_OPERATE":-0.287132613391,"PER_OI":0.220805183585,"BPS":-3.550006047516,"BASIC_EPS":-0.42,"DILUTED_EPS":-0.42,"OPERATE_INCOME":127791000,"OPERATE_INCOME_YOY":-7.70214149,"GROSS_PROFIT":44182000,"GROSS_PROFIT_YOY":-14.387583079815,"HOLDER_PROFIT":-244926000,"HOLDER_PROFIT_YOY":-14.1899389249,"GROSS_PROFIT_RATIO":34.573639771189,"EPS_TTM":-0.892915766739,"OPERATE_INCOME_QOQ":-3.926362297496,"NET_PROFIT_RATIO":-191.6613846045,"ROE_AVG":12.681500566051,"GROSS_PROFIT_QOQ":-9.924347733105,"ROA":-21.897514596421,"HOLDER_PROFIT_QOQ":-6.258186162327,"ROE_YEARLY":25.363001132101,"ROIC_YEARLY":-44.032293512668,"TOTAL_ASSETS":1113944000,"TOTAL_LIABILITIES":3168510000,"TAX_EBT":null,"OCF_SALES":-130.038891627736,"TOTAL_PARENT_EQUITY":-2054566000,"DEBT_ASSET_RATIO":284.4406900167,"OPERATE_PROFIT":-152356000,"PRETAX_PROFIT":-244926000,"NETCASH_OPERATE":-166178000,"NETCASH_INVEST":-7640000,"NETCASH_FINANCE":167737000,"END_CASH":2248000,"DIVI_RATIO":null,"DIVIDEND_RATE":null,"CURRENT_RATIO":0.254282621881,"COMMON_ACS":1000000000,"CURRENTDEBT_DEBT":99.754742765527,"ISSUED_COMMON_SHARES":578750000,"HK_COMMON_SHARES":578750000,"PER_SHARES":500,"TOTAL_MARKET_CAP":393550000,"HKSK_MARKET_CAP":393550000,"PE_TTM":-0.673637959882,"PB_TTM":-0.138992754047,"REPORT_DATE_SQ":"2022-06-30 00:00:00","REPORT_TYPE_SQ":"2022年中报","OPERATE_INCOME_SQ":138455000,"DPS_HKD":null,"OPERATE_INCOME_QOQ_SQ":6.202532146546,"NET_PROFIT_RATIO_SQ":-154.9167599581,"HOLDER_PROFIT_SQ":-214490000,"HOLDER_PROFIT_QOQ_SQ":-27.716840059162,"ROE_AVG_SQ":15.037662512479,"PE_TTM_SQ":-0.512222766738,"PB_TTM_SQ":-0.128557555647,"ROA_SQ":-18.255136145408,"START_DATE":"2023-01-01 00:00:00","FISCAL_YEAR":"12-31","CURRENCY":"HKD","IS_CNY_CODE":0,"DPS_HKD_LY":null,"ORG_TYPE":"一般企业","PREMIUM_INCOME":null,"PREMIUM_INCOME_YOY":null,"NET_INTEREST_INCOME":null,"NET_INTEREST_INCOME_YOY":null,"FEE_COMMISSION_INCOME":null,"FEE_COMMISSION_INCOME_YOY":null,"ACCOUNTS_RECE_TDAYS":6.018650653479,"INVENTORY_TDAYS":0.129987702248,"CURRENT_ASSETS_TDAYS":0.158981303452,"TOTAL_ASSETS_TDAYS":0.114251050839,"PREMIUM_EXPENSE":null,"LOAN_DEPOSIT":null,"LOAN_EQUITY":null,"LOAN_ASSETS":null,"DEPOSIT_EQUITY":null,"DEPOSIT_ASSETS":null,"EQUITY_MULTIPLIER":-0.542179710946,"EQUITY_RATIO":-1.542179710946},{"SECUCODE":"02226.HK","SECURITY_CODE":"02226","SECURITY_NAME_ABBR":"老恒和酿造","ORG_CODE":"10301825","STD_REPORT_DATE":"2022-12-31 00:00:00","REPORT_DATE":"2022-12-31 00:00:00","DATE_TYPE_CODE":"001","REPORT_TYPE":"2022年年报","PER_NETCASH_OPERATE":-0.3918825054,"PER_OI":0.469287257019,"BPS":-3.124255723542,"BASIC_EPS":-0.84,"DILUTED_EPS":-0.84,"OPERATE_INCOME":271600000,"OPERATE_INCOME_YOY":7.4915601711,"GROSS_PROFIT":74816000,"GROSS_PROFIT_YOY":9.206089710841,"HOLDER_PROFIT":-486339000,"HOLDER_PROFIT_YOY":-52.721157862,"GROSS_PROFIT_RATIO":27.546391752577,"EPS_TTM":-0.840326565875,"OPERATE_INCOME_QOQ":1.213745094897,"NET_PROFIT_RATIO":-179.0644329897,"ROE_AVG":31.115171604357,"GROSS_PROFIT_QOQ":-15.840626335801,"ROA":-41.982905186066,"HOLDER_PROFIT_QOQ":-19.577933333825,"ROE_YEARLY":31.115171604357,"ROIC_YEARLY":-42.735878651437,"TOTAL_ASSETS":1123077000,"TOTAL_LIABILITIES":2931240000,"TAX_EBT":null,"OCF_SALES":-83.5058910162,"TOTAL_PARENT_EQUITY":-1808163000,"DEBT_ASSET_RATIO":261.000804041,"OPERATE_PROFIT":-282428000,"PRETAX_PROFIT":-486339000,"NETCASH_OPERATE":-226802000,"NETCASH_INVEST":-19020000,"NETCASH_FINANCE":228543000,"END_CASH":9806000,"DIVI_RATIO":null,"DIVIDEND_RATE":null,"CURRENT_RATIO":0.279840596732,"COMMON_ACS":1000000000,"CURRENTDEBT_DEBT":98.003370587192,"ISSUED_COMMON_SHARES":578750000,"HK_COMMON_SHARES":578750000,"PER_SHARES":500,"TOTAL_MARKET_CAP":393550000,"HKSK_MARKET_CAP":393550000,"PE_TTM":-0.673637959882,"PB_TTM":-0.138992754047,"REPORT_DATE_SQ":"2021-12-31 00:00:00","REPORT_TYPE_SQ":"2021年年报","OPERATE_INCOME_SQ":252671000,"DPS_HKD":null,"OPERATE_INCOME_QOQ_SQ":4.165876503714,"NET_PROFIT_RATIO_SQ":-126.0330627575,"HOLDER_PROFIT_SQ":-318449000,"HOLDER_PROFIT_QOQ_SQ":8.202292859964,"ROE_AVG_SQ":27.471588017191,"PE_TTM_SQ":-0.512222766738,"PB_TTM_SQ":-0.128557555647,"ROA_SQ":-26.521139317411,"START_DATE":"2022-01-01 00:00:00","FISCAL_YEAR":"12-31","CURRENCY":"HKD","IS_CNY_CODE":0,"DPS_HKD_LY":null,"ORG_TYPE":"一般企业","PREMIUM_INCOME":null,"PREMIUM_INCOME_YOY":null,"NET_INTEREST_INCOME":null,"NET_INTEREST_INCOME_YOY":null,"FEE_COMMISSION_INCOME":null,"FEE_COMMISSION_INCOME_YOY":null,"ACCOUNTS_RECE_TDAYS":13.710247349823,"INVENTORY_TDAYS":0.302662896403,"CURRENT_ASSETS_TDAYS":0.325823165355,"TOTAL_ASSETS_TDAYS":0.234456974426,"PREMIUM_EXPENSE":null,"LOAN_DEPOSIT":null,"LOAN_EQUITY":null,"LOAN_ASSETS":null,"DEPOSIT_EQUITY":null,"DEPOSIT_ASSETS":null,"EQUITY_MULTIPLIER":-0.621114910547,"EQUITY_RATIO":-1.621114910547},{"SECUCODE":"02226.HK","SECURITY_CODE":"02226","SECURITY_NAME_ABBR":"老恒和酿造","ORG_CODE":"10301825","STD_REPORT_DATE":"2022-06-30 00:00:00","REPORT_DATE":"2022-06-30 00:00:00","DATE_TYPE_CODE":"002","REPORT_TYPE":"2022年中报","PER_NETCASH_OPERATE":-0.066495032397,"PER_OI":0.239231101512,"BPS":-2.651939524838,"BASIC_EPS":-0.37,"DILUTED_EPS":-0.37,"OPERATE_INCOME":138455000,"OPERATE_INCOME_YOY":12.7639819845,"GROSS_PROFIT":51607000,"GROSS_PROFIT_YOY":65.311679159459,"HOLDER_PROFIT":-214490000,"HOLDER_PROFIT_YOY":-69.9253719519,"GROSS_PROFIT_RATIO":37.273482358889,"EPS_TTM":-0.702743844492,"OPERATE_INCOME_QOQ":6.202532146546,"NET_PROFIT_RATIO":-154.9167599581,"ROE_AVG":15.037662512479,"GROSS_PROFIT_QOQ":29.761053292268,"ROA":-18.255136145408,"HOLDER_PROFIT_QOQ":-27.716840059162,"ROE_YEARLY":30.075325024959,"ROIC_YEARLY":-37.112287205397,"TOTAL_ASSETS":1156148000,"TOTAL_LIABILITIES":2690958000,"TAX_EBT":null,"OCF_SALES":-27.795312556426,"TOTAL_PARENT_EQUITY":-1534810000,"DEBT_ASSET_RATIO":232.7520352066,"OPERATE_PROFIT":-111169000,"PRETAX_PROFIT":-214490000,"NETCASH_OPERATE":-38484000,"NETCASH_INVEST":-3082000,"NETCASH_FINANCE":20081000,"END_CASH":7104000,"DIVI_RATIO":null,"DIVIDEND_RATE":null,"CURRENT_RATIO":0.321730963622,"COMMON_ACS":1000000000,"CURRENTDEBT_DEBT":95.952073573798,"ISSUED_COMMON_SHARES":578750000,"HK_COMMON_SHARES":578750000,"PER_SHARES":500,"TOTAL_MARKET_CAP":393550000,"HKSK_MARKET_CAP":393550000,"PE_TTM":-0.673637959882,"PB_TTM":-0.138992754047,"REPORT_DATE_SQ":"2021-06-30 00:00:00","REPORT_TYPE_SQ":"2021年中报","OPERATE_INCOME_SQ":122783000,"DPS_HKD":null,"OPERATE_INCOME_QOQ_SQ":7.173122550601,"NET_PROFIT_RATIO_SQ":-102.8041341228,"HOLDER_PROFIT_SQ":-126226000,"HOLDER_PROFIT_QOQ_SQ":58.96062075517,"ROE_AVG_SQ":11.869704635002,"PE_TTM_SQ":-0.512222766738,"PB_TTM_SQ":-0.128557555647,"ROA_SQ":-10.618380651945,"START_DATE":"2022-01-01 00:00:00","FISCAL_YEAR":"12-31","CURRENCY":"HKD","IS_CNY_CODE":0,"DPS_HKD_LY":null,"ORG_TYPE":"一般企业","PREMIUM_INCOME":null,"PREMIUM_INCOME_YOY":null,"NET_INTEREST_INCOME":null,"NET_INTEREST_INCOME_YOY":null,"FEE_COMMISSION_INCOME":null,"FEE_COMMISSION_INCOME_YOY":null,"ACCOUNTS_RECE_TDAYS":7.202944542711,"INVENTORY_TDAYS":0.134120210613,"CURRENT_ASSETS_TDAYS":0.163467197645,"TOTAL_ASSETS_TDAYS":0.117838354936,"PREMIUM_EXPENSE":null,"LOAN_DEPOSIT":null,"LOAN_EQUITY":null,"LOAN_ASSETS":null,"DEPOSIT_EQUITY":null,"DEPOSIT_ASSETS":null,"EQUITY_MULTIPLIER":-0.753284119858,"EQUITY_RATIO":-1.753284119858},{"SECUCODE":"02226.HK","SECURITY_CODE":"02226","SECURITY_NAME_ABBR":"老恒和酿造","ORG_CODE":"10301825","STD_REPORT_DATE":"2021-12-31 00:00:00","REPORT_DATE":"2021-12-31 00:00:00","DATE_TYPE_CODE":"001","REPORT_TYPE":"2021年年报","PER_NETCASH_OPERATE":-0.169000431965,"PER_OI":0.436580561555,"BPS":-2.277138660907,"BASIC_EPS":-0.55,"DILUTED_EPS":-0.55,"OPERATE_INCOME":252671000,"OPERATE_INCOME_YOY":11.6378224812,"GROSS_PROFIT":68509000,"GROSS_PROFIT_YOY":50.239035087719,"HOLDER_PROFIT":-318449000,"HOLDER_PROFIT_YOY":62.3267908287,"GROSS_PROFIT_RATIO":27.113914932857,"EPS_TTM":-0.550235853132,"OPERATE_INCOME_QOQ":4.165876503714,"NET_PROFIT_RATIO":-126.0330627575,"ROE_AVG":27.471588017191,"GROSS_PROFIT_QOQ":24.137493658042,"ROA":-26.521139317411,"HOLDER_PROFIT_QOQ":8.202292859964,"ROE_YEARLY":27.471588017191,"ROIC_YEARLY":-26.964181006471,"TOTAL_ASSETS":1193766000,"TOTAL_LIABILITIES":2511660000,"TAX_EBT":null,"OCF_SALES":-38.710022123631,"TOTAL_PARENT_EQUITY":-1317894000,"DEBT_ASSET_RATIO":210.398017702,"OPERATE_PROFIT":-182893000,"PRETAX_PROFIT":-318449000,"NETCASH_OPERATE":-97809000,"NETCASH_INVEST":-12419000,"NETCASH_FINANCE":131751000,"END_CASH":31015000,"DIVI_RATIO":null,"DIVIDEND_RATE":null,"CURRENT_RATIO":0.368933449579,"COMMON_ACS":1000000000,"CURRENTDEBT_DEBT":93.160698502186,"ISSUED_COMMON_SHARES":578750000,"HK_COMMON_SHARES":578750000,"PER_SHARES":500,"TOTAL_MARKET_CAP":393550000,"HKSK_MARKET_CAP":393550000,"PE_TTM":-0.673637959882,"PB_TTM":-0.138992754047,"REPORT_DATE_SQ":"2020-12-31 00:00:00","REPORT_TYPE_SQ":"2020年年报","OPERATE_INCOME_SQ":226331000,"DPS_HKD":null,"OPERATE_INCOME_QOQ_SQ":-72.148333189767,"NET_PROFIT_RATIO_SQ":-373.4764570474,"HOLDER_PROFIT_SQ":-845293000,"HOLDER_PROFIT_QOQ_SQ":-711.246655578856,"ROE_AVG_SQ":150.750952121508,"PE_TTM_SQ":-0.512222766738,"PB_TTM_SQ":-0.128557555647,"ROA_SQ":-32.568721708506,"START_DATE":"2021-01-01 00:00:00","FISCAL_YEAR":"12-31","CURRENCY":"HKD","IS_CNY_CODE":0,"DPS_HKD_LY":null,"ORG_TYPE":"一般企业","PREMIUM_INCOME":null,"PREMIUM_INCOME_YOY":null,"NET_INTEREST_INCOME":null,"NET_INTEREST_INCOME_YOY":null,"FEE_COMMISSION_INCOME":null,"FEE_COMMISSION_INCOME_YOY":null,"ACCOUNTS_RECE_TDAYS":12.777294563843,"INVENTORY_TDAYS":0.275169083858,"CURRENT_ASSETS_TDAYS":0.293711276692,"TOTAL_ASSETS_TDAYS":0.210430015245,"PREMIUM_EXPENSE":null,"LOAN_DEPOSIT":null,"LOAN_EQUITY":null,"LOAN_ASSETS":null,"DEPOSIT_EQUITY":null,"DEPOSIT_ASSETS":null,"EQUITY_MULTIPLIER":-0.90581336587,"EQUITY_RATIO":-1.90581336587},{"SECUCODE":"02226.HK","SECURITY_CODE":"02226","SECURITY_NAME_ABBR":"老恒和酿造","ORG_CODE":"10301825","STD_REPORT_DATE":"2021-06-30 00:00:00","REPORT_DATE":"2021-06-30 00:00:00","DATE_TYPE_CODE":"002","REPORT_TYPE":"2021年中报","PER_NETCASH_OPERATE":-0.070907991361,"PER_OI":0.212152051836,"BPS":-1.94620475162,"BASIC_EPS":-0.22,"DILUTED_EPS":-0.22,"OPERATE_INCOME":122783000,"OPERATE_INCOME_YOY":15.2372639562,"GROSS_PROFIT":31218000,"GROSS_PROFIT_YOY":44.327323162275,"HOLDER_PROFIT":-126226000,"HOLDER_PROFIT_YOY":79.7914238508,"GROSS_PROFIT_RATIO":25.4253438994,"EPS_TTM":-0.599400431965,"OPERATE_INCOME_QOQ":7.173122550601,"NET_PROFIT_RATIO":-102.8041341228,"ROE_AVG":11.869704635002,"GROSS_PROFIT_QOQ":21.026315789474,"ROA":-10.618380651945,"HOLDER_PROFIT_QOQ":58.96062075517,"ROE_YEARLY":23.739409270004,"ROIC_YEARLY":-21.35648336923,"TOTAL_ASSETS":1169793000,"TOTAL_LIABILITIES":2296159000,"TAX_EBT":null,"OCF_SALES":-33.423193764609,"TOTAL_PARENT_EQUITY":-1126366000,"DEBT_ASSET_RATIO":196.287633795,"OPERATE_PROFIT":-52829000,"PRETAX_PROFIT":-126226000,"NETCASH_OPERATE":-41038000,"NETCASH_INVEST":-13217000,"NETCASH_FINANCE":50343000,"END_CASH":4885000,"DIVI_RATIO":null,"DIVIDEND_RATE":null,"CURRENT_RATIO":0.391817776425,"COMMON_ACS":1000000000,"CURRENTDEBT_DEBT":91.119256114233,"ISSUED_COMMON_SHARES":578750000,"HK_COMMON_SHARES":578750000,"PER_SHARES":500,"TOTAL_MARKET_CAP":393550000,"HKSK_MARKET_CAP":393550000,"PE_TTM":-0.673637959882,"PB_TTM":-0.138992754047,"REPORT_DATE_SQ":"2020-06-30 00:00:00","REPORT_TYPE_SQ":"2020年中报","OPERATE_INCOME_SQ":106548000,"DPS_HKD":null,"OPERATE_INCOME_QOQ_SQ":-11.204475671187,"NET_PROFIT_RATIO_SQ":14.1268294636,"HOLDER_PROFIT_SQ":-624616000,"HOLDER_PROFIT_QOQ_SQ":-29.188812764345,"ROE_AVG_SQ":3.770254486612,"PE_TTM_SQ":-0.512222766738,"PB_TTM_SQ":-0.128557555647,"ROA_SQ":1.061612386974,"START_DATE":"2021-01-01 00:00:00","FISCAL_YEAR":"12-31","CURRENCY":"HKD","IS_CNY_CODE":0,"DPS_HKD_LY":null,"ORG_TYPE":"一般企业","PREMIUM_INCOME":null,"PREMIUM_INCOME_YOY":null,"NET_INTEREST_INCOME":null,"NET_INTEREST_INCOME_YOY":null,"FEE_COMMISSION_INCOME":null,"FEE_COMMISSION_INCOME_YOY":null,"ACCOUNTS_RECE_TDAYS":5.56952666077,"INVENTORY_TDAYS":0.135823693977,"CURRENT_ASSETS_TDAYS":0.146426659066,"TOTAL_ASSETS_TDAYS":0.103287486856,"PREMIUM_EXPENSE":null,"LOAN_DEPOSIT":null,"LOAN_EQUITY":null,"LOAN_ASSETS":null,"DEPOSIT_EQUITY":null,"DEPOSIT_ASSETS":null,"EQUITY_MULTIPLIER":-1.038554963485,"EQUITY_RATIO":-2.038554963484},{"SECUCODE":"02226.HK","SECURITY_CODE":"02226","SECURITY_NAME_ABBR":"老恒和酿造","ORG_CODE":"10301825","STD_REPORT_DATE":"2020-12-31 00:00:00","REPORT_DATE":"2020-12-31 00:00:00","DATE_TYPE_CODE":"001","REPORT_TYPE":"2020年年报","PER_NETCASH_OPERATE":-0.340019006479,"PER_OI":0.391068682505,"BPS":-1.728715334773,"BASIC_EPS":-1.46,"DILUTED_EPS":-1.46,"OPERATE_INCOME":226331000,"OPERATE_INCOME_YOY":-3.8754586844,"GROSS_PROFIT":45600000,"GROSS_PROFIT_YOY":-33.930279057637,"HOLDER_PROFIT":-845293000,"HOLDER_PROFIT_YOY":63.0127791403,"GROSS_PROFIT_RATIO":20.147483111019,"EPS_TTM":-1.460549460043,"OPERATE_INCOME_QOQ":-72.148333189767,"NET_PROFIT_RATIO":-373.4764570474,"ROE_AVG":150.750952121508,"GROSS_PROFIT_QOQ":-87.823602451301,"ROA":-32.568721708506,"HOLDER_PROFIT_QOQ":-711.246655578856,"ROE_YEARLY":150.750952121508,"ROIC_YEARLY":-35.425144014063,"TOTAL_ASSETS":1207707000,"TOTAL_LIABILITIES":2208201000,"TAX_EBT":-0.247983282772,"OCF_SALES":-86.946109900986,"TOTAL_PARENT_EQUITY":-1000494000,"DEBT_ASSET_RATIO":182.8424444008,"OPERATE_PROFIT":-678104000,"PRETAX_PROFIT":-843202000,"NETCASH_OPERATE":-196786000,"NETCASH_INVEST":81332000,"NETCASH_FINANCE":-53313000,"END_CASH":8443000,"DIVI_RATIO":null,"DIVIDEND_RATE":null,"CURRENT_RATIO":0.432431559917,"COMMON_ACS":1000000000,"CURRENTDEBT_DEBT":89.777334581408,"ISSUED_COMMON_SHARES":578750000,"HK_COMMON_SHARES":578750000,"PER_SHARES":500,"TOTAL_MARKET_CAP":393550000,"HKSK_MARKET_CAP":393550000,"PE_TTM":-0.673637959882,"PB_TTM":-0.138992754047,"REPORT_DATE_SQ":"2019-12-31 00:00:00","REPORT_TYPE_SQ":"2019年年报","OPERATE_INCOME_SQ":235456000,"DPS_HKD":null,"OPERATE_INCOME_QOQ_SQ":2.633777623264,"NET_PROFIT_RATIO_SQ":21.3396418152,"HOLDER_PROFIT_SQ":-2285365000,"HOLDER_PROFIT_QOQ_SQ":-6.480036010842,"ROE_AVG_SQ":8.556324514163,"PE_TTM_SQ":-0.512222766738,"PB_TTM_SQ":-0.128557555647,"ROA_SQ":5.07613725018,"START_DATE":"2020-01-01 00:00:00","FISCAL_YEAR":"12-31","CURRENCY":"HKD","IS_CNY_CODE":0,"DPS_HKD_LY":0.0747,"ORG_TYPE":"一般企业","PREMIUM_INCOME":null,"PREMIUM_INCOME_YOY":null,"NET_INTEREST_INCOME":null,"NET_INTEREST_INCOME_YOY":null,"FEE_COMMISSION_INCOME":null,"FEE_COMMISSION_INCOME_YOY":null,"ACCOUNTS_RECE_TDAYS":9.265418073892,"INVENTORY_TDAYS":0.173059530598,"CURRENT_ASSETS_TDAYS":0.134244544875,"TOTAL_ASSETS_TDAYS":0.087204216207,"PREMIUM_EXPENSE":null,"LOAN_DEPOSIT":null,"LOAN_EQUITY":null,"LOAN_ASSETS":null,"DEPOSIT_EQUITY":null,"DEPOSIT_ASSETS":null,"EQUITY_MULTIPLIER":-1.207110687321,"EQUITY_RATIO":-2.20711068732},{"SECUCODE":"02226.HK","SECURITY_CODE":"02226","SECURITY_NAME_ABBR":"老恒和酿造","ORG_CODE":"10301825","STD_REPORT_DATE":"2020-06-30 00:00:00","REPORT_DATE":"2020-06-30 00:00:00","DATE_TYPE_CODE":"002","REPORT_TYPE":"2020年中报","PER_NETCASH_OPERATE":0.14810712743,"PER_OI":0.184100215983,"BPS":4.089306263499,"BASIC_EPS":-1.08,"DILUTED_EPS":-1.08,"OPERATE_INCOME":106548000,"OPERATE_INCOME_YOY":-25.4936377785,"GROSS_PROFIT":21630000,"GROSS_PROFIT_YOY":-89.511506793518,"HOLDER_PROFIT":-624616000,"HOLDER_PROFIT_YOY":-57.383303637,"GROSS_PROFIT_RATIO":45.653334579115,"EPS_TTM":0.23894600432,"OPERATE_INCOME_QOQ":-11.204475671187,"NET_PROFIT_RATIO":14.1268294636,"ROE_AVG":3.770254486612,"GROSS_PROFIT_QOQ":-15.636798615929,"ROA":1.061612386974,"HOLDER_PROFIT_QOQ":-29.188812764345,"ROE_YEARLY":7.540508973223,"ROIC_YEARLY":2.383348704858,"TOTAL_ASSETS":3992484000,"TOTAL_LIABILITIES":1625798000,"TAX_EBT":-0.335890124895,"OCF_SALES":28.603033923077,"TOTAL_PARENT_EQUITY":2366686000,"DEBT_ASSET_RATIO":40.7214656339,"OPERATE_PROFIT":-543884000,"PRETAX_PROFIT":-622525000,"NETCASH_OPERATE":-148236000,"NETCASH_INVEST":61244000,"NETCASH_FINANCE":-82941000,"END_CASH":4747000,"DIVI_RATIO":null,"DIVIDEND_RATE":null,"CURRENT_RATIO":1.891353518279,"COMMON_ACS":1000000000,"CURRENTDEBT_DEBT":82.669433718088,"ISSUED_COMMON_SHARES":578750000,"HK_COMMON_SHARES":578750000,"PER_SHARES":500,"TOTAL_MARKET_CAP":393550000,"HKSK_MARKET_CAP":393550000,"PE_TTM":-0.673637959882,"PB_TTM":-0.138992754047,"REPORT_DATE_SQ":"2019-06-30 00:00:00","REPORT_TYPE_SQ":"2019年中报","OPERATE_INCOME_SQ":402218000,"DPS_HKD":null,"OPERATE_INCOME_QOQ_SQ":1.975617845176,"NET_PROFIT_RATIO_SQ":24.6978006951,"HOLDER_PROFIT_SQ":99339000,"HOLDER_PROFIT_QOQ_SQ":3.529890037976,"ROE_AVG_SQ":4.447730801674,"PE_TTM_SQ":-0.512222766738,"PB_TTM_SQ":-0.128557555647,"ROA_SQ":2.595610567748,"START_DATE":"2020-01-01 00:00:00","FISCAL_YEAR":"12-31","CURRENCY":"HKD","IS_CNY_CODE":0,"DPS_HKD_LY":0.0747,"ORG_TYPE":"一般企业","PREMIUM_INCOME":null,"PREMIUM_INCOME_YOY":null,"NET_INTEREST_INCOME":null,"NET_INTEREST_INCOME_YOY":null,"FEE_COMMISSION_INCOME":null,"FEE_COMMISSION_INCOME_YOY":null,"ACCOUNTS_RECE_TDAYS":0.739274934952,"INVENTORY_TDAYS":0.112163467416,"CURRENT_ASSETS_TDAYS":0.118527290173,"TOTAL_ASSETS_TDAYS":0.075148665857,"PREMIUM_EXPENSE":null,"LOAN_DEPOSIT":null,"LOAN_EQUITY":null,"LOAN_ASSETS":null,"DEPOSIT_EQUITY":null,"DEPOSIT_ASSETS":null,"EQUITY_MULTIPLIER":1.686951289693,"EQUITY_RATIO":0.686951289694}],"count":26},"success":true,"message":"ok","code":0}