{"version":"bfb10bcde41b84aff0bb76834eebdd5f","result":{"pages":4,"data":[{"SECUCODE":"02223.HK","SECURITY_CODE":"02223","SECURITY_NAME_ABBR":"卡撒天娇","ORG_CODE":"10319929","STD_REPORT_DATE":"2024-06-30 00:00:00","REPORT_DATE":"2024-06-30 00:00:00","DATE_TYPE_CODE":"002","REPORT_TYPE":"2024年中报","PER_NETCASH_OPERATE":0.005875607127,"PER_OI":0.399654549319,"BPS":1.310065715482,"BASIC_EPS":-0.03103112,"DILUTED_EPS":-0.03103112,"OPERATE_INCOME":103052524.16,"OPERATE_INCOME_YOY":-12.3769022435,"GROSS_PROFIT":68205489.08,"GROSS_PROFIT_YOY":-13.240539251137,"HOLDER_PROFIT":-8000552.88,"HOLDER_PROFIT_YOY":-1.4818244964,"GROSS_PROFIT_RATIO":66.185170752444,"EPS_TTM":-0.016448650942,"OPERATE_INCOME_QOQ":-6.11934378306,"NET_PROFIT_RATIO":-8.2072764631,"ROE_AVG":-2.325069425841,"GROSS_PROFIT_QOQ":-5.977762351018,"ROA":-1.934450250689,"HOLDER_PROFIT_QOQ":-0.867796622423,"ROE_YEARLY":-4.650138851682,"ROIC_YEARLY":-5.21674703151,"TOTAL_ASSETS":401605667.72,"TOTAL_LIABILITIES":67134915.44,"TAX_EBT":4.983082128576,"OCF_SALES":1.470171460961,"TOTAL_PARENT_EQUITY":337805685,"DEBT_ASSET_RATIO":16.7166254951,"OPERATE_PROFIT":-8017893.8,"PRETAX_PROFIT":-8901368.04,"NETCASH_OPERATE":1515048.8,"NETCASH_INVEST":1496795.2,"NETCASH_FINANCE":-7904721.48,"END_CASH":107493625.04,"DIVI_RATIO":null,"DIVIDEND_RATE":null,"CURRENT_RATIO":3.742702217195,"COMMON_ACS":500000000,"CURRENTDEBT_DEBT":81.732782294244,"ISSUED_COMMON_SHARES":257854000,"HK_COMMON_SHARES":257854000,"PER_SHARES":2000,"TOTAL_MARKET_CAP":64463500,"HKSK_MARKET_CAP":64463500,"PE_TTM":-13.520029362416,"PB_TTM":0.174166835529,"REPORT_DATE_SQ":"2023-06-30 00:00:00","REPORT_TYPE_SQ":"2023年中报","OPERATE_INCOME_SQ":118807264.78,"DPS_HKD":null,"OPERATE_INCOME_QOQ_SQ":-1.536384735328,"NET_PROFIT_RATIO_SQ":-8.6798953912,"HOLDER_PROFIT_SQ":-7964063.24,"HOLDER_PROFIT_QOQ_SQ":-211.796764261367,"ROE_AVG_SQ":-2.243403282776,"PE_TTM_SQ":-15.881512403764,"PB_TTM_SQ":0.246833566887,"ROA_SQ":-1.837667069104,"START_DATE":"2024-01-01 00:00:00","FISCAL_YEAR":"12-31","CURRENCY":"HKD","IS_CNY_CODE":0,"DPS_HKD_LY":null,"ORG_TYPE":"一般企业","PREMIUM_INCOME":null,"PREMIUM_INCOME_YOY":null,"NET_INTEREST_INCOME":null,"NET_INTEREST_INCOME_YOY":null,"FEE_COMMISSION_INCOME":null,"FEE_COMMISSION_INCOME_YOY":null,"ACCOUNTS_RECE_TDAYS":2.517266748412,"INVENTORY_TDAYS":0.670236015904,"CURRENT_ASSETS_TDAYS":0.473249968041,"TOTAL_ASSETS_TDAYS":0.249170256338,"PREMIUM_EXPENSE":null,"LOAN_DEPOSIT":null,"LOAN_EQUITY":null,"LOAN_ASSETS":null,"DEPOSIT_EQUITY":null,"DEPOSIT_ASSETS":null,"EQUITY_MULTIPLIER":1.200719838677,"EQUITY_RATIO":0.1987382641},{"SECUCODE":"02223.HK","SECURITY_CODE":"02223","SECURITY_NAME_ABBR":"卡撒天娇","ORG_CODE":"10319929","STD_REPORT_DATE":"2023-12-31 00:00:00","REPORT_DATE":"2023-12-31 00:00:00","DATE_TYPE_CODE":"001","REPORT_TYPE":"2023年年报","PER_NETCASH_OPERATE":0.078077452822,"PER_OI":0.998464279088,"BPS":1.349264559557,"BASIC_EPS":-0.01631196,"DILUTED_EPS":-0.01631196,"OPERATE_INCOME":257458008.22,"OPERATE_INCOME_YOY":-5.351092573,"GROSS_PROFIT":174128360.56,"GROSS_PROFIT_YOY":4.366481340574,"HOLDER_PROFIT":-4204860.8,"HOLDER_PROFIT_YOY":-186.2774265526,"GROSS_PROFIT_RATIO":67.633693651202,"EPS_TTM":-0.016307138148,"OPERATE_INCOME_QOQ":-2.480667159633,"NET_PROFIT_RATIO":-3.3312096754,"ROE_AVG":-1.192918588448,"GROSS_PROFIT_QOQ":1.684707891117,"ROA":-0.975701048563,"HOLDER_PROFIT_QOQ":21.707737642855,"ROE_YEARLY":-1.192918588448,"ROIC_YEARLY":-1.344759928473,"TOTAL_ASSETS":422547730.5,"TOTAL_LIABILITIES":77501746.84,"TAX_EBT":-4.910763773418,"OCF_SALES":7.819754242329,"TOTAL_PARENT_EQUITY":347913263.74,"DEBT_ASSET_RATIO":18.3415366468,"OPERATE_PROFIT":-3664753.68,"PRETAX_PROFIT":-8175010.62,"NETCASH_OPERATE":20132583.52,"NETCASH_INVEST":-14176905.68,"NETCASH_FINANCE":-19922340.48,"END_CASH":111647210.22,"DIVI_RATIO":null,"DIVIDEND_RATE":null,"CURRENT_RATIO":3.251353860436,"COMMON_ACS":500000000,"CURRENTDEBT_DEBT":90.685437665162,"ISSUED_COMMON_SHARES":257854000,"HK_COMMON_SHARES":257854000,"PER_SHARES":2000,"TOTAL_MARKET_CAP":67042040,"HKSK_MARKET_CAP":67042040,"PE_TTM":-14.060830536913,"PB_TTM":0.18113350895,"REPORT_DATE_SQ":"2022-12-31 00:00:00","REPORT_TYPE_SQ":"2022年年报","OPERATE_INCOME_SQ":268126603.01,"DPS_HKD":null,"OPERATE_INCOME_QOQ_SQ":0.736530654994,"NET_PROFIT_RATIO_SQ":1.5381642641,"HOLDER_PROFIT_SQ":4804006.06,"HOLDER_PROFIT_QOQ_SQ":-54.877270722288,"ROE_AVG_SQ":1.346646217409,"PE_TTM_SQ":-15.219782720274,"PB_TTM_SQ":0.236548834934,"ROA_SQ":1.068022381205,"START_DATE":"2023-01-01 00:00:00","FISCAL_YEAR":"12-31","CURRENCY":"HKD","IS_CNY_CODE":0,"DPS_HKD_LY":null,"ORG_TYPE":"一般企业","PREMIUM_INCOME":null,"PREMIUM_INCOME_YOY":null,"NET_INTEREST_INCOME":null,"NET_INTEREST_INCOME_YOY":null,"FEE_COMMISSION_INCOME":null,"FEE_COMMISSION_INCOME_YOY":null,"ACCOUNTS_RECE_TDAYS":5.233749366739,"INVENTORY_TDAYS":1.553338851631,"CURRENT_ASSETS_TDAYS":1.091021854923,"TOTAL_ASSETS_TDAYS":0.597408714651,"PREMIUM_EXPENSE":null,"LOAN_DEPOSIT":null,"LOAN_EQUITY":null,"LOAN_ASSETS":null,"DEPOSIT_EQUITY":null,"DEPOSIT_ASSETS":null,"EQUITY_MULTIPLIER":1.224612806727,"EQUITY_RATIO":0.222761690678},{"SECUCODE":"02223.HK","SECURITY_CODE":"02223","SECURITY_NAME_ABBR":"卡撒天娇","ORG_CODE":"10319929","STD_REPORT_DATE":"2023-06-30 00:00:00","REPORT_DATE":"2023-06-30 00:00:00","DATE_TYPE_CODE":"002","REPORT_TYPE":"2023年中报","PER_NETCASH_OPERATE":0.025937324688,"PER_OI":0.460754011107,"BPS":1.344682589915,"BASIC_EPS":-0.03088633,"DILUTED_EPS":-0.03088633,"OPERATE_INCOME":118807264.78,"OPERATE_INCOME_YOY":-10.3525761434,"GROSS_PROFIT":78614468.66,"GROSS_PROFIT_YOY":5.929084592127,"HOLDER_PROFIT":-7964063.24,"HOLDER_PROFIT_YOY":-434.1586073501,"GROSS_PROFIT_RATIO":66.169748799094,"EPS_TTM":-0.020828543788,"OPERATE_INCOME_QOQ":-1.536384735328,"NET_PROFIT_RATIO":-8.6798953912,"ROE_AVG":-2.243403282776,"GROSS_PROFIT_QOQ":2.637341941651,"ROA":-1.837667069104,"HOLDER_PROFIT_QOQ":-211.796764261367,"ROE_YEARLY":-4.486806565552,"ROIC_YEARLY":-5.130984750497,"TOTAL_ASSETS":419748912.62,"TOTAL_LIABILITIES":73830314.44,"TAX_EBT":0.604283302231,"OCF_SALES":5.629321516983,"TOTAL_PARENT_EQUITY":346731784.54,"DEBT_ASSET_RATIO":17.5891615726,"OPERATE_PROFIT":-8287678.22,"PRETAX_PROFIT":-10375040.94,"NETCASH_OPERATE":6688042.92,"NETCASH_INVEST":-5565071.28,"NETCASH_FINANCE":-12532474.14,"END_CASH":116722668,"DIVI_RATIO":null,"DIVIDEND_RATE":null,"CURRENT_RATIO":3.359640811709,"COMMON_ACS":500000000,"CURRENTDEBT_DEBT":88.30765004121,"ISSUED_COMMON_SHARES":257854000,"HK_COMMON_SHARES":257854000,"PER_SHARES":2000,"TOTAL_MARKET_CAP":67042040,"HKSK_MARKET_CAP":67042040,"PE_TTM":-14.060830536913,"PB_TTM":0.18113350895,"REPORT_DATE_SQ":"2022-06-30 00:00:00","REPORT_TYPE_SQ":"2022年中报","OPERATE_INCOME_SQ":122926720.98,"DPS_HKD":null,"OPERATE_INCOME_QOQ_SQ":1.605088768986,"NET_PROFIT_RATIO_SQ":1.7983609523,"HOLDER_PROFIT_SQ":2210666.15,"HOLDER_PROFIT_QOQ_SQ":9.095916049164,"ROE_AVG_SQ":0.644323472816,"PE_TTM_SQ":-15.219782720274,"PB_TTM_SQ":0.236548834934,"ROA_SQ":0.506251272972,"START_DATE":"2023-01-01 00:00:00","FISCAL_YEAR":"12-31","CURRENCY":"HKD","IS_CNY_CODE":0,"DPS_HKD_LY":null,"ORG_TYPE":"一般企业","PREMIUM_INCOME":null,"PREMIUM_INCOME_YOY":null,"NET_INTEREST_INCOME":null,"NET_INTEREST_INCOME_YOY":null,"FEE_COMMISSION_INCOME":null,"FEE_COMMISSION_INCOME_YOY":null,"ACCOUNTS_RECE_TDAYS":2.666052882029,"INVENTORY_TDAYS":0.756905981422,"CURRENT_ASSETS_TDAYS":0.509117703417,"TOTAL_ASSETS_TDAYS":0.274141718212,"PREMIUM_EXPENSE":null,"LOAN_DEPOSIT":null,"LOAN_EQUITY":null,"LOAN_ASSETS":null,"DEPOSIT_EQUITY":null,"DEPOSIT_ASSETS":null,"EQUITY_MULTIPLIER":1.213432624983,"EQUITY_RATIO":0.212932063722},{"SECUCODE":"02223.HK","SECURITY_CODE":"02223","SECURITY_NAME_ABBR":"卡撒天娇","ORG_CODE":"10319929","STD_REPORT_DATE":"2022-12-31 00:00:00","REPORT_DATE":"2022-12-31 00:00:00","DATE_TYPE_CODE":"001","REPORT_TYPE":"2022年年报","PER_NETCASH_OPERATE":0.156362262055,"PER_OI":1.039838835194,"BPS":1.364937650337,"BASIC_EPS":0.018669343,"DILUTED_EPS":0.018669343,"OPERATE_INCOME":268126603.01,"OPERATE_INCOME_YOY":-6.3170444721,"GROSS_PROFIT":166843184.06,"GROSS_PROFIT_YOY":3.916282074141,"HOLDER_PROFIT":4804006.06,"HOLDER_PROFIT_YOY":-54.9430294906,"GROSS_PROFIT_RATIO":62.225524131888,"EPS_TTM":0.018630721494,"OPERATE_INCOME_QOQ":0.736530654994,"NET_PROFIT_RATIO":1.5381642641,"ROE_AVG":1.346646217409,"GROSS_PROFIT_QOQ":3.999157464823,"ROA":1.068022381205,"HOLDER_PROFIT_QOQ":-54.877270722288,"ROE_YEARLY":1.346646217409,"ROIC_YEARLY":1.471439222419,"TOTAL_ASSETS":433089453.72,"TOTAL_LIABILITIES":79567131.98,"TAX_EBT":40.891051081808,"OCF_SALES":15.03716314136,"TOTAL_PARENT_EQUITY":351954632.89,"DEBT_ASSET_RATIO":18.3719855786,"OPERATE_PROFIT":10067152.9,"PRETAX_PROFIT":6977331.97,"NETCASH_OPERATE":40318634.72,"NETCASH_INVEST":-25378693.97,"NETCASH_FINANCE":-11164088.46,"END_CASH":124372661.91,"DIVI_RATIO":null,"DIVIDEND_RATE":null,"CURRENT_RATIO":3.347864558019,"COMMON_ACS":500000000,"CURRENTDEBT_DEBT":90.083526056986,"ISSUED_COMMON_SHARES":257854000,"HK_COMMON_SHARES":257854000,"PER_SHARES":2000,"TOTAL_MARKET_CAP":67042040,"HKSK_MARKET_CAP":67042040,"PE_TTM":-14.060830536913,"PB_TTM":0.18113350895,"REPORT_DATE_SQ":"2021-12-31 00:00:00","REPORT_TYPE_SQ":"2021年年报","OPERATE_INCOME_SQ":261961492.8,"DPS_HKD":null,"OPERATE_INCOME_QOQ_SQ":2.753779236458,"NET_PROFIT_RATIO_SQ":3.7253084397,"HOLDER_PROFIT_SQ":9758873.6,"HOLDER_PROFIT_QOQ_SQ":-42.183582800354,"ROE_AVG_SQ":2.877840076865,"PE_TTM_SQ":-15.219782720274,"PB_TTM_SQ":0.236548834934,"ROA_SQ":2.311314908911,"START_DATE":"2022-01-01 00:00:00","FISCAL_YEAR":"12-31","CURRENCY":"HKD","IS_CNY_CODE":0,"DPS_HKD_LY":null,"ORG_TYPE":"一般企业","PREMIUM_INCOME":null,"PREMIUM_INCOME_YOY":null,"NET_INTEREST_INCOME":null,"NET_INTEREST_INCOME_YOY":null,"FEE_COMMISSION_INCOME":null,"FEE_COMMISSION_INCOME_YOY":null,"ACCOUNTS_RECE_TDAYS":4.91377729758,"INVENTORY_TDAYS":1.571942520848,"CURRENT_ASSETS_TDAYS":1.053162860381,"TOTAL_ASSETS_TDAYS":0.596096693956,"PREMIUM_EXPENSE":null,"LOAN_DEPOSIT":null,"LOAN_EQUITY":null,"LOAN_ASSETS":null,"DEPOSIT_EQUITY":null,"DEPOSIT_ASSETS":null,"EQUITY_MULTIPLIER":1.225069612544,"EQUITY_RATIO":0.226072125622},{"SECUCODE":"02223.HK","SECURITY_CODE":"02223","SECURITY_NAME_ABBR":"卡撒天娇","ORG_CODE":"10319929","STD_REPORT_DATE":"2022-06-30 00:00:00","REPORT_DATE":"2022-06-30 00:00:00","DATE_TYPE_CODE":"002","REPORT_TYPE":"2022年中报","PER_NETCASH_OPERATE":0.058146048074,"PER_OI":0.476729936243,"BPS":1.318912361491,"BASIC_EPS":0.0085519,"DILUTED_EPS":0.0085519,"OPERATE_INCOME":122926720.98,"OPERATE_INCOME_YOY":0.7436168796,"GROSS_PROFIT":74214243.39,"GROSS_PROFIT_YOY":-0.172101755585,"HOLDER_PROFIT":2210666.15,"HOLDER_PROFIT_YOY":62.5786163522,"GROSS_PROFIT_RATIO":60.372751179196,"EPS_TTM":0.041288995129,"OPERATE_INCOME_QOQ":1.605088768986,"NET_PROFIT_RATIO":1.7983609523,"ROE_AVG":0.644323472816,"GROSS_PROFIT_QOQ":-0.079688521236,"ROA":0.506251272972,"HOLDER_PROFIT_QOQ":9.095916049164,"ROE_YEARLY":1.288646945633,"ROIC_YEARLY":1.389222908474,"TOTAL_ASSETS":426716719.87,"TOTAL_LIABILITIES":86629891.81,"TAX_EBT":37.59053597296,"OCF_SALES":12.196852694411,"TOTAL_PARENT_EQUITY":340086828.06,"DEBT_ASSET_RATIO":20.3014992795,"OPERATE_PROFIT":4019393,"PRETAX_PROFIT":3542196.98,"NETCASH_OPERATE":14993191.08,"NETCASH_INVEST":-6614039.46,"NETCASH_FINANCE":-2067849.42,"END_CASH":121273638.71,"DIVI_RATIO":null,"DIVIDEND_RATE":null,"CURRENT_RATIO":3.076484471502,"COMMON_ACS":500000000,"CURRENTDEBT_DEBT":89.509274523934,"ISSUED_COMMON_SHARES":257854000,"HK_COMMON_SHARES":257854000,"PER_SHARES":2000,"TOTAL_MARKET_CAP":67042040,"HKSK_MARKET_CAP":67042040,"PE_TTM":-14.060830536913,"PB_TTM":0.18113350895,"REPORT_DATE_SQ":"2021-06-30 00:00:00","REPORT_TYPE_SQ":"2021年中报","OPERATE_INCOME_SQ":118722006.48,"DPS_HKD":null,"OPERATE_INCOME_QOQ_SQ":-2.059379205554,"NET_PROFIT_RATIO_SQ":1.1143740232,"HOLDER_PROFIT_SQ":1323007.2,"HOLDER_PROFIT_QOQ_SQ":24.341100761475,"ROE_AVG_SQ":0.384206920799,"PE_TTM_SQ":-15.219782720274,"PB_TTM_SQ":0.236548834934,"ROA_SQ":0.323212118625,"START_DATE":"2022-01-01 00:00:00","FISCAL_YEAR":"12-31","CURRENCY":"HKD","IS_CNY_CODE":0,"DPS_HKD_LY":null,"ORG_TYPE":"一般企业","PREMIUM_INCOME":null,"PREMIUM_INCOME_YOY":null,"NET_INTEREST_INCOME":null,"NET_INTEREST_INCOME_YOY":null,"FEE_COMMISSION_INCOME":null,"FEE_COMMISSION_INCOME_YOY":null,"ACCOUNTS_RECE_TDAYS":2.508258081403,"INVENTORY_TDAYS":0.730751714273,"CURRENT_ASSETS_TDAYS":0.495374239451,"TOTAL_ASSETS_TDAYS":0.281507042474,"PREMIUM_EXPENSE":null,"LOAN_DEPOSIT":null,"LOAN_EQUITY":null,"LOAN_ASSETS":null,"DEPOSIT_EQUITY":null,"DEPOSIT_ASSETS":null,"EQUITY_MULTIPLIER":1.254728747667,"EQUITY_RATIO":0.254728747668},{"SECUCODE":"02223.HK","SECURITY_CODE":"02223","SECURITY_NAME_ABBR":"卡撒天娇","ORG_CODE":"10319929","STD_REPORT_DATE":"2021-12-31 00:00:00","REPORT_DATE":"2021-12-31 00:00:00","DATE_TYPE_CODE":"001","REPORT_TYPE":"2021年年报","PER_NETCASH_OPERATE":0.12582949421,"PER_OI":1.015929529113,"BPS":1.283274398691,"BASIC_EPS":0.03785488,"DILUTED_EPS":0.0376096,"OPERATE_INCOME":261961492.8,"OPERATE_INCOME_YOY":3.5967524468,"GROSS_PROFIT":160555382.4,"GROSS_PROFIT_YOY":-0.488824208874,"HOLDER_PROFIT":9758873.6,"HOLDER_PROFIT_YOY":-25.9966519933,"GROSS_PROFIT_RATIO":61.289688298799,"EPS_TTM":0.037846508489,"OPERATE_INCOME_QOQ":2.753779236458,"NET_PROFIT_RATIO":3.7253084397,"ROE_AVG":2.877840076865,"GROSS_PROFIT_QOQ":1.24272271653,"ROA":2.311314908911,"HOLDER_PROFIT_QOQ":-42.183582800354,"ROE_YEARLY":2.877840076865,"ROIC_YEARLY":3.365443582438,"TOTAL_ASSETS":426998958.4,"TOTAL_LIABILITIES":96101521.6,"TAX_EBT":23.979364371696,"OCF_SALES":12.38565181974,"TOTAL_PARENT_EQUITY":330897436.8,"DEBT_ASSET_RATIO":22.5062660481,"OPERATE_PROFIT":13574612.8,"PRETAX_PROFIT":12837137.6,"NETCASH_OPERATE":32445638.4,"NETCASH_INVEST":-32790665.6,"NETCASH_FINANCE":-43808643.2,"END_CASH":110475747.2,"DIVI_RATIO":null,"DIVIDEND_RATE":null,"CURRENT_RATIO":2.794829233009,"COMMON_ACS":500000000,"CURRENTDEBT_DEBT":91.744157357858,"ISSUED_COMMON_SHARES":257854000,"HK_COMMON_SHARES":257854000,"PER_SHARES":2000,"TOTAL_MARKET_CAP":67042040,"HKSK_MARKET_CAP":67042040,"PE_TTM":-14.060830536913,"PB_TTM":0.18113350895,"REPORT_DATE_SQ":"2020-12-31 00:00:00","REPORT_TYPE_SQ":"2020年年报","OPERATE_INCOME_SQ":260301577.56,"DPS_HKD":null,"OPERATE_INCOME_QOQ_SQ":-13.736465362274,"NET_PROFIT_RATIO_SQ":5.209212394,"HOLDER_PROFIT_SQ":13574811.56,"HOLDER_PROFIT_QOQ_SQ":226.345974538766,"ROE_AVG_SQ":3.88124996992,"PE_TTM_SQ":-15.219782720274,"PB_TTM_SQ":0.236548834934,"ROA_SQ":3.156900643457,"START_DATE":"2021-01-01 00:00:00","FISCAL_YEAR":"12-31","CURRENCY":"HKD","IS_CNY_CODE":0,"DPS_HKD_LY":0.15,"ORG_TYPE":"一般企业","PREMIUM_INCOME":null,"PREMIUM_INCOME_YOY":null,"NET_INTEREST_INCOME":null,"NET_INTEREST_INCOME_YOY":null,"FEE_COMMISSION_INCOME":null,"FEE_COMMISSION_INCOME_YOY":null,"ACCOUNTS_RECE_TDAYS":5.01303313828,"INVENTORY_TDAYS":1.530815894547,"CURRENT_ASSETS_TDAYS":0.996927413847,"TOTAL_ASSETS_TDAYS":0.620435850167,"PREMIUM_EXPENSE":null,"LOAN_DEPOSIT":null,"LOAN_EQUITY":null,"LOAN_ASSETS":null,"DEPOSIT_EQUITY":null,"DEPOSIT_ASSETS":null,"EQUITY_MULTIPLIER":1.290426914543,"EQUITY_RATIO":0.290426914543},{"SECUCODE":"02223.HK","SECURITY_CODE":"02223","SECURITY_NAME_ABBR":"卡撒天娇","ORG_CODE":"10319929","STD_REPORT_DATE":"2021-06-30 00:00:00","REPORT_DATE":"2021-06-30 00:00:00","DATE_TYPE_CODE":"002","REPORT_TYPE":"2021年中报","PER_NETCASH_OPERATE":0.04903661638,"PER_OI":0.46042336547,"BPS":1.300089907002,"BASIC_EPS":0.005158896,"DILUTED_EPS":0.005075688,"OPERATE_INCOME":118722006.48,"OPERATE_INCOME_YOY":5.0352986212,"GROSS_PROFIT":74342187.6,"GROSS_PROFIT_YOY":-3.578984563778,"HOLDER_PROFIT":1323007.2,"HOLDER_PROFIT_YOY":173.305670816,"GROSS_PROFIT_RATIO":62.618708868034,"EPS_TTM":0.065459795543,"OPERATE_INCOME_QOQ":-2.059379205554,"NET_PROFIT_RATIO":1.1143740232,"ROE_AVG":0.384206920799,"GROSS_PROFIT_QOQ":-1.71029272914,"ROA":0.323212118625,"HOLDER_PROFIT_QOQ":24.341100761475,"ROE_YEARLY":0.768413841598,"ROIC_YEARLY":0.983118495149,"TOTAL_ASSETS":393824296.08,"TOTAL_LIABILITIES":58590913.2,"TAX_EBT":30.779277318241,"OCF_SALES":10.650331859182,"TOTAL_PARENT_EQUITY":335233382.88,"DEBT_ASSET_RATIO":14.8774247255,"OPERATE_PROFIT":2304029.52,"PRETAX_PROFIT":1911287.76,"NETCASH_OPERATE":12644287.68,"NETCASH_INVEST":-15681379.68,"NETCASH_FINANCE":-30237787.2,"END_CASH":123622125.6,"DIVI_RATIO":null,"DIVIDEND_RATE":null,"CURRENT_RATIO":4.620885046925,"COMMON_ACS":500000000,"CURRENTDEBT_DEBT":88.221259674785,"ISSUED_COMMON_SHARES":257854000,"HK_COMMON_SHARES":257854000,"PER_SHARES":2000,"TOTAL_MARKET_CAP":67042040,"HKSK_MARKET_CAP":67042040,"PE_TTM":-14.060830536913,"PB_TTM":0.18113350895,"REPORT_DATE_SQ":"2020-06-30 00:00:00","REPORT_TYPE_SQ":"2020年中报","OPERATE_INCOME_SQ":124082603.04,"DPS_HKD":null,"OPERATE_INCOME_QOQ_SQ":-11.084738086946,"NET_PROFIT_RATIO_SQ":-1.6099704802,"HOLDER_PROFIT_SQ":-1981251.36,"HOLDER_PROFIT_QOQ_SQ":-74.896781127919,"ROE_AVG_SQ":-0.542596583568,"PE_TTM_SQ":-15.219782720274,"PB_TTM_SQ":0.236548834934,"ROA_SQ":-0.439994238895,"START_DATE":"2021-01-01 00:00:00","FISCAL_YEAR":"12-31","CURRENCY":"HKD","IS_CNY_CODE":0,"DPS_HKD_LY":0.15,"ORG_TYPE":"一般企业","PREMIUM_INCOME":null,"PREMIUM_INCOME_YOY":null,"NET_INTEREST_INCOME":null,"NET_INTEREST_INCOME_YOY":null,"FEE_COMMISSION_INCOME":null,"FEE_COMMISSION_INCOME_YOY":null,"ACCOUNTS_RECE_TDAYS":2.739992510586,"INVENTORY_TDAYS":0.676942993673,"CURRENT_ASSETS_TDAYS":0.454073441123,"TOTAL_ASSETS_TDAYS":0.290039171683,"PREMIUM_EXPENSE":null,"LOAN_DEPOSIT":null,"LOAN_EQUITY":null,"LOAN_ASSETS":null,"DEPOSIT_EQUITY":null,"DEPOSIT_ASSETS":null,"EQUITY_MULTIPLIER":1.174776487642,"EQUITY_RATIO":0.174776487642},{"SECUCODE":"02223.HK","SECURITY_CODE":"02223","SECURITY_NAME_ABBR":"卡撒天娇","ORG_CODE":"10319929","STD_REPORT_DATE":"2020-12-31 00:00:00","REPORT_DATE":"2020-12-31 00:00:00","DATE_TYPE_CODE":"001","REPORT_TYPE":"2020年年报","PER_NETCASH_OPERATE":0.185732394766,"PER_OI":1.009492106231,"BPS":1.386531837862,"BASIC_EPS":0.0526025,"DILUTED_EPS":0.052434172,"OPERATE_INCOME":260301577.56,"OPERATE_INCOME_YOY":-18.3645942764,"GROSS_PROFIT":161344071.28,"GROSS_PROFIT_YOY":-21.269830327417,"HOLDER_PROFIT":13574811.56,"HOLDER_PROFIT_YOY":-12.8067899232,"GROSS_PROFIT_RATIO":61.983516501282,"EPS_TTM":0.052645340231,"OPERATE_INCOME_QOQ":-13.736465362274,"NET_PROFIT_RATIO":5.209212394,"ROE_AVG":3.88124996992,"GROSS_PROFIT_QOQ":-11.367673043164,"ROA":3.156900643457,"HOLDER_PROFIT_QOQ":226.345974538766,"ROE_YEARLY":3.88124996992,"ROIC_YEARLY":4.852563774704,"TOTAL_ASSETS":429718659.72,"TOTAL_LIABILITIES":72195879.2,"TAX_EBT":16.691659341228,"OCF_SALES":18.398598029611,"TOTAL_PARENT_EQUITY":357522780.52,"DEBT_ASSET_RATIO":16.8007317269,"OPERATE_PROFIT":17263719.68,"PRETAX_PROFIT":16276475.96,"NETCASH_OPERATE":47891840.92,"NETCASH_INVEST":-8259013.32,"NETCASH_FINANCE":-23337835.56,"END_CASH":158550668.12,"DIVI_RATIO":null,"DIVIDEND_RATE":null,"CURRENT_RATIO":4.302882494549,"COMMON_ACS":500000000,"CURRENTDEBT_DEBT":92.493588249009,"ISSUED_COMMON_SHARES":257854000,"HK_COMMON_SHARES":257854000,"PER_SHARES":2000,"TOTAL_MARKET_CAP":65752770,"HKSK_MARKET_CAP":65752770,"PE_TTM":-13.790429949664,"PB_TTM":0.177650172239,"REPORT_DATE_SQ":"2019-12-31 00:00:00","REPORT_TYPE_SQ":"2019年年报","OPERATE_INCOME_SQ":339369836.12,"DPS_HKD":null,"OPERATE_INCOME_QOQ_SQ":1.811469712047,"NET_PROFIT_RATIO_SQ":4.6503402366,"HOLDER_PROFIT_SQ":16570138.44,"HOLDER_PROFIT_QOQ_SQ":-14.610967499559,"ROE_AVG_SQ":4.605915132441,"PE_TTM_SQ":-15.881512403764,"PB_TTM_SQ":0.246833566887,"ROA_SQ":3.605900671062,"START_DATE":"2020-01-01 00:00:00","FISCAL_YEAR":"12-31","CURRENCY":"HKD","IS_CNY_CODE":0,"DPS_HKD_LY":0.03,"ORG_TYPE":"一般企业","PREMIUM_INCOME":null,"PREMIUM_INCOME_YOY":null,"NET_INTEREST_INCOME":null,"NET_INTEREST_INCOME_YOY":null,"FEE_COMMISSION_INCOME":null,"FEE_COMMISSION_INCOME_YOY":null,"ACCOUNTS_RECE_TDAYS":4.422915489836,"INVENTORY_TDAYS":1.415107056459,"CURRENT_ASSETS_TDAYS":0.903418501328,"TOTAL_ASSETS_TDAYS":0.605346316639,"PREMIUM_EXPENSE":null,"LOAN_DEPOSIT":null,"LOAN_EQUITY":null,"LOAN_ASSETS":null,"DEPOSIT_EQUITY":null,"DEPOSIT_ASSETS":null,"EQUITY_MULTIPLIER":1.201933647682,"EQUITY_RATIO":0.201933647683},{"SECUCODE":"02223.HK","SECURITY_CODE":"02223","SECURITY_NAME_ABBR":"卡撒天娇","ORG_CODE":"10319929","STD_REPORT_DATE":"2020-06-30 00:00:00","REPORT_DATE":"2020-06-30 00:00:00","DATE_TYPE_CODE":"002","REPORT_TYPE":"2020年中报","PER_NETCASH_OPERATE":0.116244175334,"PER_OI":0.480136372585,"BPS":1.392750329721,"BASIC_EPS":-0.007672896,"DILUTED_EPS":-0.007672896,"OPERATE_INCOME":124082603.04,"OPERATE_INCOME_YOY":-26.1018811677,"GROSS_PROFIT":77101643.52,"GROSS_PROFIT_YOY":-22.896128039313,"HOLDER_PROFIT":-1981251.36,"HOLDER_PROFIT_YOY":-118.294534413,"GROSS_PROFIT_RATIO":62.137351756833,"EPS_TTM":0.01609567747,"OPERATE_INCOME_QOQ":-11.084738086946,"NET_PROFIT_RATIO":-1.6099704802,"ROE_AVG":-0.542596583568,"GROSS_PROFIT_QOQ":-11.172173431794,"ROA":-0.439994238895,"HOLDER_PROFIT_QOQ":-74.896781127919,"ROE_YEARLY":-1.085193167136,"ROIC_YEARLY":-1.368057219987,"TOTAL_ASSETS":433582564.8,"TOTAL_LIABILITIES":74456321.28,"TAX_EBT":-59.518599562363,"OCF_SALES":24.210658048748,"TOTAL_PARENT_EQUITY":359126243.52,"DEBT_ASSET_RATIO":17.1723513178,"OPERATE_PROFIT":-676859.04,"PRETAX_PROFIT":-1252326.24,"NETCASH_OPERATE":30041214.72,"NETCASH_INVEST":71248.32,"NETCASH_FINANCE":-16049140.8,"END_CASH":167212499.52,"DIVI_RATIO":null,"DIVIDEND_RATE":null,"CURRENT_RATIO":4.331385170993,"COMMON_ACS":500000000,"CURRENTDEBT_DEBT":89.001619393464,"ISSUED_COMMON_SHARES":257854000,"HK_COMMON_SHARES":257854000,"PER_SHARES":2000,"TOTAL_MARKET_CAP":67042040,"HKSK_MARKET_CAP":67042040,"PE_TTM":-14.060830536913,"PB_TTM":0.18113350895,"REPORT_DATE_SQ":"2019-06-30 00:00:00","REPORT_TYPE_SQ":"2019年中报","OPERATE_INCOME_SQ":161700860.52,"DPS_HKD":null,"OPERATE_INCOME_QOQ_SQ":12.678218565917,"NET_PROFIT_RATIO_SQ":6.1303870048,"HOLDER_PROFIT_SQ":10429248.96,"HOLDER_PROFIT_QOQ_SQ":182.59921324981,"ROE_AVG_SQ":2.943315847879,"PE_TTM_SQ":-15.219782720274,"PB_TTM_SQ":0.236548834934,"ROA_SQ":2.300947471791,"START_DATE":"2020-01-01 00:00:00","FISCAL_YEAR":"12-31","CURRENCY":"HKD","IS_CNY_CODE":0,"DPS_HKD_LY":0.03,"ORG_TYPE":"一般企业","PREMIUM_INCOME":null,"PREMIUM_INCOME_YOY":null,"NET_INTEREST_INCOME":null,"NET_INTEREST_INCOME_YOY":null,"FEE_COMMISSION_INCOME":null,"FEE_COMMISSION_INCOME_YOY":null,"ACCOUNTS_RECE_TDAYS":2.229460036107,"INVENTORY_TDAYS":0.599717823745,"CURRENT_ASSETS_TDAYS":0.41319199416,"TOTAL_ASSETS_TDAYS":0.275561352724,"PREMIUM_EXPENSE":null,"LOAN_DEPOSIT":null,"LOAN_EQUITY":null,"LOAN_ASSETS":null,"DEPOSIT_EQUITY":null,"DEPOSIT_ASSETS":null,"EQUITY_MULTIPLIER":1.207326316647,"EQUITY_RATIO":0.207326316646}],"count":29},"success":true,"message":"ok","code":0}