{"version":"979f0d0a9575c04f6268047d2ae26ae0","result":{"pages":2,"data":[{"SECUCODE":"02230.HK","SECURITY_CODE":"02230","SECURITY_NAME_ABBR":"羚邦集团","ORG_CODE":"10995243","STD_REPORT_DATE":"2024-06-30 00:00:00","REPORT_DATE":"2024-09-30 00:00:00","DATE_TYPE_CODE":"002","REPORT_TYPE":"2024年中报","PER_NETCASH_OPERATE":0.055825871305,"PER_OI":0.133174735567,"BPS":0.28304390378,"BASIC_EPS":0.01983938,"DILUTED_EPS":0.01983938,"OPERATE_INCOME":265284073.25,"OPERATE_INCOME_YOY":18.8000258458,"GROSS_PROFIT":133286365.58,"GROSS_PROFIT_YOY":19.544918778632,"HOLDER_PROFIT":38229583.47,"HOLDER_PROFIT_YOY":17.1142052047,"GROSS_PROFIT_RATIO":50.242882637886,"EPS_TTM":0.022282835166,"OPERATE_INCOME_QOQ":0,"NET_PROFIT_RATIO":14.4108098921,"ROE_AVG":6.990082831319,"GROSS_PROFIT_QOQ":0,"ROA":4.259062047902,"HOLDER_PROFIT_QOQ":0,"ROE_YEARLY":13.980165662638,"ROIC_YEARLY":12.128407833556,"TOTAL_ASSETS":964144269.55,"TOTAL_LIABILITIES":400320813.22,"TAX_EBT":15.200432069131,"OCF_SALES":41.91926574318,"TOTAL_PARENT_EQUITY":563823456.33,"DEBT_ASSET_RATIO":41.52084142,"OPERATE_PROFIT":42175816.51,"PRETAX_PROFIT":45082285.68,"NETCASH_OPERATE":111205135.64,"NETCASH_INVEST":-11897315.47,"NETCASH_FINANCE":-3700946.16,"END_CASH":309084013.55,"DIVI_RATIO":0.449261547087,"DIVIDEND_RATE":6.23595505618,"CURRENT_RATIO":2.2343108664,"COMMON_ACS":5000000000,"CURRENTDEBT_DEBT":99.336814456724,"ISSUED_COMMON_SHARES":1992000000,"HK_COMMON_SHARES":1992000000,"PER_SHARES":5000,"TOTAL_MARKET_CAP":354576000,"HKSK_MARKET_CAP":354576000,"PE_TTM":6.428369411509,"PB_TTM":0.567115623606,"REPORT_DATE_SQ":"2023-06-30 00:00:00","REPORT_TYPE_SQ":"2023年中报","OPERATE_INCOME_SQ":227225375.86,"DPS_HKD":0.0111,"OPERATE_INCOME_QOQ_SQ":0,"NET_PROFIT_RATIO_SQ":14.6182487824,"HOLDER_PROFIT_SQ":33216370.74,"HOLDER_PROFIT_QOQ_SQ":0,"ROE_AVG_SQ":6.246176809356,"PE_TTM_SQ":7.083458018382,"PB_TTM_SQ":0.614102235819,"ROA_SQ":3.888148333536,"START_DATE":"2024-04-01 00:00:00","FISCAL_YEAR":"3-31","CURRENCY":"HKD","IS_CNY_CODE":0,"DPS_HKD_LY":0.0111,"ORG_TYPE":"一般企业","PREMIUM_INCOME":null,"PREMIUM_INCOME_YOY":null,"NET_INTEREST_INCOME":null,"NET_INTEREST_INCOME_YOY":null,"FEE_COMMISSION_INCOME":null,"FEE_COMMISSION_INCOME_YOY":null,"ACCOUNTS_RECE_TDAYS":1.36684764301,"INVENTORY_TDAYS":19.222929936306,"CURRENT_ASSETS_TDAYS":0.321931446413,"TOTAL_ASSETS_TDAYS":0.295546334994,"PREMIUM_EXPENSE":null,"LOAN_DEPOSIT":null,"LOAN_EQUITY":null,"LOAN_ASSETS":null,"DEPOSIT_EQUITY":null,"DEPOSIT_ASSETS":null,"EQUITY_MULTIPLIER":1.710010924032,"EQUITY_RATIO":0.710010924032},{"SECUCODE":"02230.HK","SECURITY_CODE":"02230","SECURITY_NAME_ABBR":"羚邦集团","ORG_CODE":"10995243","STD_REPORT_DATE":"2023-12-31 00:00:00","REPORT_DATE":"2024-03-31 00:00:00","DATE_TYPE_CODE":"001","REPORT_TYPE":"2023年年报","PER_NETCASH_OPERATE":-0.006076433534,"PER_OI":0.222454718348,"BPS":0.267468657631,"BASIC_EPS":0.0235703,"DILUTED_EPS":0.0235703,"OPERATE_INCOME":443129798.95,"OPERATE_INCOME_YOY":3.1462400216,"GROSS_PROFIT":213826135.4,"GROSS_PROFIT_YOY":7.128002650443,"HOLDER_PROFIT":44387407.65,"HOLDER_PROFIT_YOY":3.0301117354,"GROSS_PROFIT_RATIO":48.253612351655,"EPS_TTM":0.022913180045,"OPERATE_INCOME_QOQ":0,"NET_PROFIT_RATIO":10.0167959264,"ROE_AVG":8.491991983745,"GROSS_PROFIT_QOQ":0,"ROA":5.346668610394,"HOLDER_PROFIT_QOQ":0,"ROE_YEARLY":8.491991983745,"ROIC_YEARLY":7.452148449391,"TOTAL_ASSETS":835453816.25,"TOTAL_LIABILITIES":302656250.25,"TAX_EBT":15.214116261754,"OCF_SALES":-2.731537267113,"TOTAL_PARENT_EQUITY":532797566,"DEBT_ASSET_RATIO":36.2265686461,"OPERATE_PROFIT":52329692.2,"PRETAX_PROFIT":52352355.95,"NETCASH_OPERATE":-12104255.6,"NETCASH_INVEST":-5901640.5,"NETCASH_FINANCE":-32093683.1,"END_CASH":204875767.25,"DIVI_RATIO":0.436902297292,"DIVIDEND_RATE":6.166666666667,"CURRENT_RATIO":2.564751377851,"COMMON_ACS":5000000000,"CURRENTDEBT_DEBT":98.369052432943,"ISSUED_COMMON_SHARES":1992000000,"HK_COMMON_SHARES":1992000000,"PER_SHARES":5000,"TOTAL_MARKET_CAP":358560000,"HKSK_MARKET_CAP":358560000,"PE_TTM":6.500598281301,"PB_TTM":0.573487709264,"REPORT_DATE_SQ":"2022-12-31 00:00:00","REPORT_TYPE_SQ":"2022年年报","OPERATE_INCOME_SQ":414855923.59,"DPS_HKD":0.0111,"OPERATE_INCOME_QOQ_SQ":0,"NET_PROFIT_RATIO_SQ":10.0280861534,"HOLDER_PROFIT_SQ":41602109.43,"HOLDER_PROFIT_QOQ_SQ":0,"ROE_AVG_SQ":8.581791390038,"PE_TTM_SQ":7.122165439248,"PB_TTM_SQ":0.617457985741,"ROA_SQ":5.297780691076,"START_DATE":"2023-04-01 00:00:00","FISCAL_YEAR":"3-31","CURRENCY":"HKD","IS_CNY_CODE":0,"DPS_HKD_LY":0.0131,"ORG_TYPE":"一般企业","PREMIUM_INCOME":null,"PREMIUM_INCOME_YOY":null,"NET_INTEREST_INCOME":null,"NET_INTEREST_INCOME_YOY":null,"FEE_COMMISSION_INCOME":null,"FEE_COMMISSION_INCOME_YOY":null,"ACCOUNTS_RECE_TDAYS":2.345971654964,"INVENTORY_TDAYS":58.809811671704,"CURRENT_ASSETS_TDAYS":0.587079680667,"TOTAL_ASSETS_TDAYS":0.533770344296,"PREMIUM_EXPENSE":null,"LOAN_DEPOSIT":null,"LOAN_EQUITY":null,"LOAN_ASSETS":null,"DEPOSIT_EQUITY":null,"DEPOSIT_ASSETS":null,"EQUITY_MULTIPLIER":1.568051112776,"EQUITY_RATIO":0.568051112775},{"SECUCODE":"02230.HK","SECURITY_CODE":"02230","SECURITY_NAME_ABBR":"羚邦集团","ORG_CODE":"10995243","STD_REPORT_DATE":"2023-06-30 00:00:00","REPORT_DATE":"2023-09-30 00:00:00","DATE_TYPE_CODE":"002","REPORT_TYPE":"2023年中报","PER_NETCASH_OPERATE":-0.011409568193,"PER_OI":0.114068963785,"BPS":0.273450054739,"BASIC_EPS":0.01743497,"DILUTED_EPS":0.01743497,"OPERATE_INCOME":227225375.86,"OPERATE_INCOME_YOY":16.3036024611,"GROSS_PROFIT":111494797.89,"GROSS_PROFIT_YOY":21.799954881531,"HOLDER_PROFIT":33216370.74,"HOLDER_PROFIT_YOY":12.214024428,"GROSS_PROFIT_RATIO":49.067934190015,"EPS_TTM":0.020884593087,"OPERATE_INCOME_QOQ":0,"NET_PROFIT_RATIO":14.6182487824,"ROE_AVG":6.246176809356,"GROSS_PROFIT_QOQ":0,"ROA":3.888148333536,"HOLDER_PROFIT_QOQ":0,"ROE_YEARLY":12.492353618712,"ROIC_YEARLY":10.89780932898,"TOTAL_ASSETS":873591101.04,"TOTAL_LIABILITIES":328878592,"TAX_EBT":13.808129152082,"OCF_SALES":-10.002342279765,"TOTAL_PARENT_EQUITY":544712509.04,"DEBT_ASSET_RATIO":37.6467424643,"OPERATE_PROFIT":39035980.2,"PRETAX_PROFIT":38537707.11,"NETCASH_OPERATE":-22727859.84,"NETCASH_INVEST":927723.93,"NETCASH_FINANCE":-4758829.18,"END_CASH":230866531.7,"DIVI_RATIO":0.479340007159,"DIVIDEND_RATE":6.166666666667,"CURRENT_RATIO":2.468393814832,"COMMON_ACS":5000000000,"CURRENTDEBT_DEBT":98.016741071429,"ISSUED_COMMON_SHARES":1992000000,"HK_COMMON_SHARES":1992000000,"PER_SHARES":5000,"TOTAL_MARKET_CAP":358560000,"HKSK_MARKET_CAP":358560000,"PE_TTM":6.500598281301,"PB_TTM":0.573487709264,"REPORT_DATE_SQ":"2022-06-30 00:00:00","REPORT_TYPE_SQ":"2022年中报","OPERATE_INCOME_SQ":192564320.4,"DPS_HKD":0.0111,"OPERATE_INCOME_QOQ_SQ":0,"NET_PROFIT_RATIO_SQ":15.1510027711,"HOLDER_PROFIT_SQ":29175425.52,"HOLDER_PROFIT_QOQ_SQ":0,"ROE_AVG_SQ":5.831121973088,"PE_TTM_SQ":7.122165439248,"PB_TTM_SQ":0.617457985741,"ROA_SQ":3.540914866233,"START_DATE":"2023-04-01 00:00:00","FISCAL_YEAR":"3-31","CURRENCY":"HKD","IS_CNY_CODE":0,"DPS_HKD_LY":0.0131,"ORG_TYPE":"一般企业","PREMIUM_INCOME":null,"PREMIUM_INCOME_YOY":null,"NET_INTEREST_INCOME":null,"NET_INTEREST_INCOME_YOY":null,"FEE_COMMISSION_INCOME":null,"FEE_COMMISSION_INCOME_YOY":null,"ACCOUNTS_RECE_TDAYS":1.201552757357,"INVENTORY_TDAYS":38.781980319803,"CURRENT_ASSETS_TDAYS":0.293033556817,"TOTAL_ASSETS_TDAYS":0.265979078028,"PREMIUM_EXPENSE":null,"LOAN_DEPOSIT":null,"LOAN_EQUITY":null,"LOAN_ASSETS":null,"DEPOSIT_EQUITY":null,"DEPOSIT_ASSETS":null,"EQUITY_MULTIPLIER":1.603765447904,"EQUITY_RATIO":0.603765447905},{"SECUCODE":"02230.HK","SECURITY_CODE":"02230","SECURITY_NAME_ABBR":"羚邦集团","ORG_CODE":"10995243","STD_REPORT_DATE":"2022-12-31 00:00:00","REPORT_DATE":"2023-03-31 00:00:00","DATE_TYPE_CODE":"001","REPORT_TYPE":"2022年年报","PER_NETCASH_OPERATE":0.006485592761,"PER_OI":0.208261005818,"BPS":0.24848855631,"BASIC_EPS":0.02188525,"DILUTED_EPS":0.02188525,"OPERATE_INCOME":414855923.59,"OPERATE_INCOME_YOY":19.1072092813,"GROSS_PROFIT":199598732.46,"GROSS_PROFIT_YOY":24.577997473711,"HOLDER_PROFIT":41602109.43,"HOLDER_PROFIT_YOY":12.0138594258,"GROSS_PROFIT_RATIO":48.112783525604,"EPS_TTM":0.019948708002,"OPERATE_INCOME_QOQ":0,"NET_PROFIT_RATIO":10.0280861534,"ROE_AVG":8.581791390038,"GROSS_PROFIT_QOQ":0,"ROA":5.297780691076,"HOLDER_PROFIT_QOQ":0,"ROE_YEARLY":8.581791390038,"ROIC_YEARLY":7.733296231477,"TOTAL_ASSETS":796586332.78,"TOTAL_LIABILITIES":301597128.61,"TAX_EBT":8.697406340058,"OCF_SALES":3.114165676653,"TOTAL_PARENT_EQUITY":494989204.17,"DEBT_ASSET_RATIO":37.8611979894,"OPERATE_PROFIT":45648254.45,"PRETAX_PROFIT":45565090.5,"NETCASH_OPERATE":12919300.78,"NETCASH_INVEST":10900605.32,"NETCASH_FINANCE":-25940149.12,"END_CASH":246639764.22,"DIVI_RATIO":0.501828038136,"DIVIDEND_RATE":6,"CURRENT_RATIO":2.455619147654,"COMMON_ACS":5000000000,"CURRENTDEBT_DEBT":97.271864414651,"ISSUED_COMMON_SHARES":1992000000,"HK_COMMON_SHARES":1992000000,"PER_SHARES":5000,"TOTAL_MARKET_CAP":368520000,"HKSK_MARKET_CAP":368520000,"PE_TTM":6.681170455782,"PB_TTM":0.58941792341,"REPORT_DATE_SQ":"2021-12-31 00:00:00","REPORT_TYPE_SQ":"2021年年报","OPERATE_INCOME_SQ":322681414.76,"DPS_HKD":0.0111,"OPERATE_INCOME_QOQ_SQ":0,"NET_PROFIT_RATIO_SQ":10.6631211734,"HOLDER_PROFIT_SQ":34407910.26,"HOLDER_PROFIT_QOQ_SQ":0,"ROE_AVG_SQ":8.047199005338,"PE_TTM_SQ":7.335395492709,"PB_TTM_SQ":0.587256236439,"ROA_SQ":5.153380045684,"START_DATE":"2022-04-01 00:00:00","FISCAL_YEAR":"3-31","CURRENCY":"HKD","IS_CNY_CODE":0,"DPS_HKD_LY":0.0105,"ORG_TYPE":"一般企业","PREMIUM_INCOME":null,"PREMIUM_INCOME_YOY":null,"NET_INTEREST_INCOME":null,"NET_INTEREST_INCOME_YOY":null,"FEE_COMMISSION_INCOME":null,"FEE_COMMISSION_INCOME_YOY":null,"ACCOUNTS_RECE_TDAYS":2.650019432026,"INVENTORY_TDAYS":98.160878243513,"CURRENT_ASSETS_TDAYS":0.593253990609,"TOTAL_ASSETS_TDAYS":0.528294293652,"PREMIUM_EXPENSE":null,"LOAN_DEPOSIT":null,"LOAN_EQUITY":null,"LOAN_ASSETS":null,"DEPOSIT_EQUITY":null,"DEPOSIT_ASSETS":null,"EQUITY_MULTIPLIER":1.609300417201,"EQUITY_RATIO":0.609300417199},{"SECUCODE":"02230.HK","SECURITY_CODE":"02230","SECURITY_NAME_ABBR":"羚邦集团","ORG_CODE":"10995243","STD_REPORT_DATE":"2022-06-30 00:00:00","REPORT_DATE":"2022-09-30 00:00:00","DATE_TYPE_CODE":"002","REPORT_TYPE":"2022年中报","PER_NETCASH_OPERATE":-0.013801336687,"PER_OI":0.096668835542,"BPS":0.256218952892,"BASIC_EPS":0.01537548,"DILUTED_EPS":0.01537548,"OPERATE_INCOME":192564320.4,"OPERATE_INCOME_YOY":15.2933913835,"GROSS_PROFIT":91539276.84,"GROSS_PROFIT_YOY":17.476879371617,"HOLDER_PROFIT":29175425.52,"HOLDER_PROFIT_YOY":12.6956400224,"GROSS_PROFIT_RATIO":47.53698745949,"EPS_TTM":0.017273047319,"OPERATE_INCOME_QOQ":0,"NET_PROFIT_RATIO":15.1510027711,"ROE_AVG":5.831121973088,"GROSS_PROFIT_QOQ":0,"ROA":3.540914866233,"HOLDER_PROFIT_QOQ":0,"ROE_YEARLY":11.662243946175,"ROIC_YEARLY":10.05540792232,"TOTAL_ASSETS":848275180.44,"TOTAL_LIABILITIES":337887026.28,"TAX_EBT":14.652344163404,"OCF_SALES":-14.276924522099,"TOTAL_PARENT_EQUITY":510388154.16,"DEBT_ASSET_RATIO":39.8322424222,"OPERATE_PROFIT":34348822.32,"PRETAX_PROFIT":34184214.24,"NETCASH_OPERATE":-27492262.68,"NETCASH_INVEST":6615978.6,"NETCASH_FINANCE":-4031993.52,"END_CASH":231106126.56,"DIVI_RATIO":0.579563108637,"DIVIDEND_RATE":6,"CURRENT_RATIO":2.324093669552,"COMMON_ACS":5000000000,"CURRENTDEBT_DEBT":97.011673318397,"ISSUED_COMMON_SHARES":1992000000,"HK_COMMON_SHARES":1992000000,"PER_SHARES":5000,"TOTAL_MARKET_CAP":368520000,"HKSK_MARKET_CAP":368520000,"PE_TTM":6.681170455782,"PB_TTM":0.58941792341,"REPORT_DATE_SQ":"2021-06-30 00:00:00","REPORT_TYPE_SQ":"2021年中报","OPERATE_INCOME_SQ":153839524.08,"DPS_HKD":0.0111,"OPERATE_INCOME_QOQ_SQ":0,"NET_PROFIT_RATIO_SQ":15.5002490957,"HOLDER_PROFIT_SQ":23845509.44,"HOLDER_PROFIT_QOQ_SQ":0,"ROE_AVG_SQ":5.461245741749,"PE_TTM_SQ":7.335395492709,"PB_TTM_SQ":0.587256236439,"ROA_SQ":3.511156360782,"START_DATE":"2022-04-01 00:00:00","FISCAL_YEAR":"3-31","CURRENCY":"HKD","IS_CNY_CODE":0,"DPS_HKD_LY":0.0105,"ORG_TYPE":"一般企业","PREMIUM_INCOME":null,"PREMIUM_INCOME_YOY":null,"NET_INTEREST_INCOME":null,"NET_INTEREST_INCOME_YOY":null,"FEE_COMMISSION_INCOME":null,"FEE_COMMISSION_INCOME_YOY":null,"ACCOUNTS_RECE_TDAYS":1.190212651774,"INVENTORY_TDAYS":45.268085106383,"CURRENT_ASSETS_TDAYS":0.263339680482,"TOTAL_ASSETS_TDAYS":0.233708284509,"PREMIUM_EXPENSE":null,"LOAN_DEPOSIT":null,"LOAN_EQUITY":null,"LOAN_ASSETS":null,"DEPOSIT_EQUITY":null,"DEPOSIT_ASSETS":null,"EQUITY_MULTIPLIER":1.662019726607,"EQUITY_RATIO":0.662019726606},{"SECUCODE":"02230.HK","SECURITY_CODE":"02230","SECURITY_NAME_ABBR":"羚邦集团","ORG_CODE":"10995243","STD_REPORT_DATE":"2021-12-31 00:00:00","REPORT_DATE":"2022-03-31 00:00:00","DATE_TYPE_CODE":"001","REPORT_TYPE":"2021年年报","PER_NETCASH_OPERATE":0.027955009854,"PER_OI":0.161988662028,"BPS":0.220704646054,"BASIC_EPS":0.01784222,"DILUTED_EPS":0.01784222,"OPERATE_INCOME":322681414.76,"OPERATE_INCOME_YOY":18.7037567426,"GROSS_PROFIT":160219891.56,"GROSS_PROFIT_YOY":15.294156238927,"HOLDER_PROFIT":34407910.26,"HOLDER_PROFIT_YOY":10.0059636477,"GROSS_PROFIT_RATIO":49.652655601243,"EPS_TTM":0.017059859809,"OPERATE_INCOME_QOQ":0,"NET_PROFIT_RATIO":10.6631211734,"ROE_AVG":8.047199005338,"GROSS_PROFIT_QOQ":0,"ROA":5.153380045684,"HOLDER_PROFIT_QOQ":0,"ROE_YEARLY":8.047199005338,"ROIC_YEARLY":7.595596179823,"TOTAL_ASSETS":717025295.14,"TOTAL_LIABILITIES":277381640.2,"TAX_EBT":5.087248322148,"OCF_SALES":17.257386723502,"TOTAL_PARENT_EQUITY":439643654.94,"DEBT_ASSET_RATIO":38.685056452,"OPERATE_PROFIT":36488150.91,"PRETAX_PROFIT":36252147,"NETCASH_OPERATE":55686379.63,"NETCASH_INVEST":-10282795.79,"NETCASH_FINANCE":-15779821.57,"END_CASH":229743723.81,"DIVI_RATIO":0.586805584099,"DIVIDEND_RATE":6.166666666667,"CURRENT_RATIO":2.360914629129,"COMMON_ACS":5000000000,"CURRENTDEBT_DEBT":95.939711128004,"ISSUED_COMMON_SHARES":1992000000,"HK_COMMON_SHARES":1992000000,"PER_SHARES":5000,"TOTAL_MARKET_CAP":358560000,"HKSK_MARKET_CAP":358560000,"PE_TTM":6.500598281301,"PB_TTM":0.573487709264,"REPORT_DATE_SQ":"2020-12-31 00:00:00","REPORT_TYPE_SQ":"2020年年报","OPERATE_INCOME_SQ":283290813.12,"DPS_HKD":0.0111,"OPERATE_INCOME_QOQ_SQ":0,"NET_PROFIT_RATIO_SQ":11.5062174805,"HOLDER_PROFIT_SQ":32596057.06,"HOLDER_PROFIT_QOQ_SQ":0,"ROE_AVG_SQ":7.745054035845,"PE_TTM_SQ":7.122165439248,"PB_TTM_SQ":0.617457985741,"ROA_SQ":5.286239152053,"START_DATE":"2021-04-01 00:00:00","FISCAL_YEAR":"3-31","CURRENCY":"HKD","IS_CNY_CODE":0,"DPS_HKD_LY":0.007,"ORG_TYPE":"一般企业","PREMIUM_INCOME":null,"PREMIUM_INCOME_YOY":null,"NET_INTEREST_INCOME":null,"NET_INTEREST_INCOME_YOY":null,"FEE_COMMISSION_INCOME":null,"FEE_COMMISSION_INCOME_YOY":null,"ACCOUNTS_RECE_TDAYS":2.311149835904,"INVENTORY_TDAYS":121.039274924471,"CURRENT_ASSETS_TDAYS":0.550216698058,"TOTAL_ASSETS_TDAYS":0.483290020048,"PREMIUM_EXPENSE":null,"LOAN_DEPOSIT":null,"LOAN_EQUITY":null,"LOAN_ASSETS":null,"DEPOSIT_EQUITY":null,"DEPOSIT_ASSETS":null,"EQUITY_MULTIPLIER":1.630923788125,"EQUITY_RATIO":0.630923788125},{"SECUCODE":"02230.HK","SECURITY_CODE":"02230","SECURITY_NAME_ABBR":"羚邦集团","ORG_CODE":"10995243","STD_REPORT_DATE":"2021-06-30 00:00:00","REPORT_DATE":"2021-09-30 00:00:00","DATE_TYPE_CODE":"002","REPORT_TYPE":"2021年中报","PER_NETCASH_OPERATE":0.00343929992,"PER_OI":0.077228676747,"BPS":0.224124923414,"BASIC_EPS":0.0124959,"DILUTED_EPS":0.0124959,"OPERATE_INCOME":153839524.08,"OPERATE_INCOME_YOY":23.9357596827,"GROSS_PROFIT":77921100.16,"GROSS_PROFIT_YOY":22.262388210951,"HOLDER_PROFIT":23845509.44,"HOLDER_PROFIT_YOY":11.9962438375,"GROSS_PROFIT_RATIO":50.650897827453,"EPS_TTM":0.01636348246,"OPERATE_INCOME_QOQ":0,"NET_PROFIT_RATIO":15.5002490957,"ROE_AVG":5.461245741749,"GROSS_PROFIT_QOQ":0,"ROA":3.511156360782,"HOLDER_PROFIT_QOQ":0,"ROE_YEARLY":10.922491483498,"ROIC_YEARLY":9.95044591722,"TOTAL_ASSETS":723131901.58,"TOTAL_LIABILITIES":276675054.14,"TAX_EBT":15.416211104873,"OCF_SALES":4.453397448394,"TOTAL_PARENT_EQUITY":446456847.44,"DEBT_ASSET_RATIO":38.2606622022,"OPERATE_PROFIT":28260727.44,"PRETAX_PROFIT":28191583.46,"NETCASH_OPERATE":6851085.44,"NETCASH_INVEST":-15292482.42,"NETCASH_FINANCE":-1442859.92,"END_CASH":194660297.14,"DIVI_RATIO":0.61177814836,"DIVIDEND_RATE":6,"CURRENT_RATIO":2.345883081864,"COMMON_ACS":5000000000,"CURRENTDEBT_DEBT":95.249293175037,"ISSUED_COMMON_SHARES":1992000000,"HK_COMMON_SHARES":1992000000,"PER_SHARES":5000,"TOTAL_MARKET_CAP":368520000,"HKSK_MARKET_CAP":368520000,"PE_TTM":6.681170455782,"PB_TTM":0.58941792341,"REPORT_DATE_SQ":"2020-06-30 00:00:00","REPORT_TYPE_SQ":"2020年中报","OPERATE_INCOME_SQ":130931916.16,"DPS_HKD":0.0111,"OPERATE_INCOME_QOQ_SQ":0,"NET_PROFIT_RATIO_SQ":17.1526747784,"HOLDER_PROFIT_SQ":22458325.76,"HOLDER_PROFIT_QOQ_SQ":0,"ROE_AVG_SQ":5.172867441983,"PE_TTM_SQ":7.335395492709,"PB_TTM_SQ":0.587256236439,"ROA_SQ":3.579413958146,"START_DATE":"2021-04-01 00:00:00","FISCAL_YEAR":"3-31","CURRENCY":"HKD","IS_CNY_CODE":0,"DPS_HKD_LY":0.007,"ORG_TYPE":"一般企业","PREMIUM_INCOME":null,"PREMIUM_INCOME_YOY":null,"NET_INTEREST_INCOME":null,"NET_INTEREST_INCOME_YOY":null,"FEE_COMMISSION_INCOME":null,"FEE_COMMISSION_INCOME_YOY":null,"ACCOUNTS_RECE_TDAYS":1.043339717622,"INVENTORY_TDAYS":44.422130148672,"CURRENT_ASSETS_TDAYS":0.261262809861,"TOTAL_ASSETS_TDAYS":0.226522576451,"PREMIUM_EXPENSE":null,"LOAN_DEPOSIT":null,"LOAN_EQUITY":null,"LOAN_ASSETS":null,"DEPOSIT_EQUITY":null,"DEPOSIT_ASSETS":null,"EQUITY_MULTIPLIER":1.619712869735,"EQUITY_RATIO":0.619712869735},{"SECUCODE":"02230.HK","SECURITY_CODE":"02230","SECURITY_NAME_ABBR":"羚邦集团","ORG_CODE":"10995243","STD_REPORT_DATE":"2020-12-31 00:00:00","REPORT_DATE":"2021-03-31 00:00:00","DATE_TYPE_CODE":"001","REPORT_TYPE":"2020年年报","PER_NETCASH_OPERATE":-0.006644761034,"PER_OI":0.142214263614,"BPS":0.217377156275,"BASIC_EPS":0.0169036,"DILUTED_EPS":0.0169036,"OPERATE_INCOME":283290813.12,"OPERATE_INCOME_YOY":6.3664231631,"GROSS_PROFIT":138966185.96,"GROSS_PROFIT_YOY":4.477241567059,"HOLDER_PROFIT":32596057.06,"HOLDER_PROFIT_YOY":7.2765708882,"GROSS_PROFIT_RATIO":49.054250799561,"EPS_TTM":0.016962502967,"OPERATE_INCOME_QOQ":0,"NET_PROFIT_RATIO":11.5062174805,"ROE_AVG":7.745054035845,"GROSS_PROFIT_QOQ":0,"ROA":5.286239152053,"HOLDER_PROFIT_QOQ":0,"ROE_YEARLY":7.745054035845,"ROIC_YEARLY":8.430212542255,"TOTAL_ASSETS":644379600.06,"TOTAL_LIABILITIES":211364304.76,"TAX_EBT":3.452160416562,"OCF_SALES":-4.672359062485,"TOTAL_PARENT_EQUITY":433015295.3,"DEBT_ASSET_RATIO":32.8012098366,"OPERATE_PROFIT":33853684.9,"PRETAX_PROFIT":33761560.28,"NETCASH_OPERATE":-13236363.98,"NETCASH_INVEST":-17845130.52,"NETCASH_FINANCE":-11713349.62,"END_CASH":208023308.22,"DIVI_RATIO":0.590173574003,"DIVIDEND_RATE":6.166666666667,"CURRENT_RATIO":2.689243953228,"COMMON_ACS":5000000000,"CURRENTDEBT_DEBT":99.855247478827,"ISSUED_COMMON_SHARES":1992000000,"HK_COMMON_SHARES":1992000000,"PER_SHARES":5000,"TOTAL_MARKET_CAP":358560000,"HKSK_MARKET_CAP":358560000,"PE_TTM":6.500598281301,"PB_TTM":0.573487709264,"REPORT_DATE_SQ":"2019-12-31 00:00:00","REPORT_TYPE_SQ":"2019年年报","OPERATE_INCOME_SQ":287926971.4,"DPS_HKD":0.0111,"OPERATE_INCOME_QOQ_SQ":0,"NET_PROFIT_RATIO_SQ":11.4085973052,"HOLDER_PROFIT_SQ":32848428.7,"HOLDER_PROFIT_QOQ_SQ":0,"ROE_AVG_SQ":9.557051618606,"PE_TTM_SQ":7.122165439248,"PB_TTM_SQ":0.617457985741,"ROA_SQ":6.094133521379,"START_DATE":"2020-04-01 00:00:00","FISCAL_YEAR":"3-31","CURRENCY":"HKD","IS_CNY_CODE":0,"DPS_HKD_LY":0.0049,"ORG_TYPE":"一般企业","PREMIUM_INCOME":null,"PREMIUM_INCOME_YOY":null,"NET_INTEREST_INCOME":null,"NET_INTEREST_INCOME_YOY":null,"FEE_COMMISSION_INCOME":null,"FEE_COMMISSION_INCOME_YOY":null,"ACCOUNTS_RECE_TDAYS":2.036589885831,"INVENTORY_TDAYS":436.731457800512,"CURRENT_ASSETS_TDAYS":0.519403401387,"TOTAL_ASSETS_TDAYS":0.459424581622,"PREMIUM_EXPENSE":null,"LOAN_DEPOSIT":null,"LOAN_EQUITY":null,"LOAN_ASSETS":null,"DEPOSIT_EQUITY":null,"DEPOSIT_ASSETS":null,"EQUITY_MULTIPLIER":1.488122029531,"EQUITY_RATIO":0.488122029531},{"SECUCODE":"02230.HK","SECURITY_CODE":"02230","SECURITY_NAME_ABBR":"羚邦集团","ORG_CODE":"10995243","STD_REPORT_DATE":"2020-06-30 00:00:00","REPORT_DATE":"2020-09-30 00:00:00","DATE_TYPE_CODE":"002","REPORT_TYPE":"2020年中报","PER_NETCASH_OPERATE":-0.009405656546,"PER_OI":0.065728873574,"BPS":0.222581716948,"BASIC_EPS":0.01142336,"DILUTED_EPS":0.01142336,"OPERATE_INCOME":130931916.16,"OPERATE_INCOME_YOY":-9.6502504275,"GROSS_PROFIT":63732682.88,"GROSS_PROFIT_YOY":-7.827996093709,"HOLDER_PROFIT":22458325.76,"HOLDER_PROFIT_YOY":7.1389645777,"GROSS_PROFIT_RATIO":48.676201150312,"EPS_TTM":0.01649017505,"OPERATE_INCOME_QOQ":0,"NET_PROFIT_RATIO":17.1526747784,"ROE_AVG":5.172867441983,"GROSS_PROFIT_QOQ":0,"ROA":3.579413958146,"HOLDER_PROFIT_QOQ":0,"ROE_YEARLY":10.345734883966,"ROIC_YEARLY":11.759766350679,"TOTAL_ASSETS":642629904,"TOTAL_LIABILITIES":199247123.84,"TAX_EBT":15.600026418334,"OCF_SALES":-14.309778997738,"TOTAL_PARENT_EQUITY":443382780.16,"DEBT_ASSET_RATIO":31.0049567566,"OPERATE_PROFIT":26673545.6,"PRETAX_PROFIT":26609399.04,"NETCASH_OPERATE":-18736067.84,"NETCASH_INVEST":-11206316.16,"NETCASH_FINANCE":-1731078.4,"END_CASH":229056821.12,"DIVI_RATIO":0.607077909696,"DIVIDEND_RATE":6.166666666667,"CURRENT_RATIO":2.857163068516,"COMMON_ACS":5000000000,"CURRENTDEBT_DEBT":99.750382584996,"ISSUED_COMMON_SHARES":1992000000,"HK_COMMON_SHARES":1992000000,"PER_SHARES":5000,"TOTAL_MARKET_CAP":358560000,"HKSK_MARKET_CAP":358560000,"PE_TTM":6.500598281301,"PB_TTM":0.573487709264,"REPORT_DATE_SQ":"2019-06-30 00:00:00","REPORT_TYPE_SQ":"2019年中报","OPERATE_INCOME_SQ":148757685.18,"DPS_HKD":0.0111,"OPERATE_INCOME_QOQ_SQ":0,"NET_PROFIT_RATIO_SQ":14.4647643071,"HOLDER_PROFIT_SQ":21517448.55,"HOLDER_PROFIT_QOQ_SQ":0,"ROE_AVG_SQ":6.403218922713,"PE_TTM_SQ":7.122165439248,"PB_TTM_SQ":0.617457985741,"ROA_SQ":4.046196693839,"START_DATE":"2020-04-01 00:00:00","FISCAL_YEAR":"3-31","CURRENCY":"HKD","IS_CNY_CODE":0,"DPS_HKD_LY":0.0049,"ORG_TYPE":"一般企业","PREMIUM_INCOME":null,"PREMIUM_INCOME_YOY":null,"NET_INTEREST_INCOME":null,"NET_INTEREST_INCOME_YOY":null,"FEE_COMMISSION_INCOME":null,"FEE_COMMISSION_INCOME_YOY":null,"ACCOUNTS_RECE_TDAYS":0.948767582092,"INVENTORY_TDAYS":179.096018735363,"CURRENT_ASSETS_TDAYS":0.235516798806,"TOTAL_ASSETS_TDAYS":0.208679637689,"PREMIUM_EXPENSE":null,"LOAN_DEPOSIT":null,"LOAN_EQUITY":null,"LOAN_ASSETS":null,"DEPOSIT_EQUITY":null,"DEPOSIT_ASSETS":null,"EQUITY_MULTIPLIER":1.449379481468,"EQUITY_RATIO":0.449379481468}],"count":18},"success":true,"message":"ok","code":0}