{"version":"0e2c8736e89ab12645d689dda7c3d879","result":{"pages":3,"data":[{"SECUCODE":"02232.HK","SECURITY_CODE":"02232","SECURITY_NAME_ABBR":"晶苑国际","ORG_CODE":"10671328","STD_REPORT_DATE":"2024-06-30 00:00:00","REPORT_DATE":"2024-06-30 00:00:00","DATE_TYPE_CODE":"002","REPORT_TYPE":"2024年中报","PER_NETCASH_OPERATE":0.108952163297,"PER_OI":2.73216541712,"BPS":3.655274755453,"BASIC_EPS":0.20952792,"DILUTED_EPS":null,"OPERATE_INCOME":7794381609.6,"OPERATE_INCOME_YOY":8.3711606624,"GROSS_PROFIT":1521229713.6,"GROSS_PROFIT_YOY":9.276953313804,"HOLDER_PROFIT":598736721.6,"HOLDER_PROFIT_YOY":14.0816381956,"GROSS_PROFIT_RATIO":19.517003269719,"EPS_TTM":0.429219583731,"OPERATE_INCOME_QOQ":3.256321217893,"NET_PROFIT_RATIO":7.7001148425,"ROE_AVG":5.798669947509,"GROSS_PROFIT_QOQ":4.364395110647,"ROA":4.165755537804,"HOLDER_PROFIT_QOQ":5.753167618066,"ROE_YEARLY":11.597339895018,"ROIC_YEARLY":11.708463278131,"TOTAL_ASSETS":14673340012.8,"TOTAL_LIABILITIES":4212266632.8,"TAX_EBT":18.168921019901,"OCF_SALES":3.987758669875,"TOTAL_PARENT_EQUITY":10427848238.4,"DEBT_ASSET_RATIO":28.7069380872,"OPERATE_PROFIT":776201168.4,"PRETAX_PROFIT":733433241.6,"NETCASH_OPERATE":310821128.4,"NETCASH_INVEST":173708623.2,"NETCASH_FINANCE":-475849309.2,"END_CASH":3868640844,"DIVI_RATIO":0.567910806587,"DIVIDEND_RATE":5.537190082645,"CURRENT_RATIO":2.280478517484,"COMMON_ACS":3500000000,"CURRENTDEBT_DEBT":90.64235271028,"ISSUED_COMMON_SHARES":2852822000,"HK_COMMON_SHARES":2852822000,"PER_SHARES":500,"TOTAL_MARKET_CAP":13807658480,"HKSK_MARKET_CAP":13807658480,"PE_TTM":10.178408293392,"PB_TTM":1.208492246918,"REPORT_DATE_SQ":"2023-06-30 00:00:00","REPORT_TYPE_SQ":"2023年中报","OPERATE_INCOME_SQ":7292212327.8,"DPS_HKD":0.268,"OPERATE_INCOME_QOQ_SQ":-6.000205170569,"NET_PROFIT_RATIO_SQ":7.3444967305,"HOLDER_PROFIT_SQ":532122363.6,"HOLDER_PROFIT_QOQ_SQ":2.184942287197,"ROE_AVG_SQ":5.442809371223,"PE_TTM_SQ":6.059536236262,"PB_TTM_SQ":0.75493259192,"ROA_SQ":3.805116564699,"START_DATE":"2024-01-01 00:00:00","FISCAL_YEAR":"12-31","CURRENCY":"HKD","IS_CNY_CODE":0,"DPS_HKD_LY":0.268,"ORG_TYPE":"一般企业","PREMIUM_INCOME":null,"PREMIUM_INCOME_YOY":null,"NET_INTEREST_INCOME":null,"NET_INTEREST_INCOME_YOY":null,"FEE_COMMISSION_INCOME":null,"FEE_COMMISSION_INCOME_YOY":null,"ACCOUNTS_RECE_TDAYS":3.328606755081,"INVENTORY_TDAYS":3.286003072392,"CURRENT_ASSETS_TDAYS":0.928115263377,"TOTAL_ASSETS_TDAYS":0.542299932217,"PREMIUM_EXPENSE":null,"LOAN_DEPOSIT":null,"LOAN_EQUITY":null,"LOAN_ASSETS":null,"DEPOSIT_EQUITY":null,"DEPOSIT_ASSETS":null,"EQUITY_MULTIPLIER":1.402661034847,"EQUITY_RATIO":0.403943990793},{"SECUCODE":"02232.HK","SECURITY_CODE":"02232","SECURITY_NAME_ABBR":"晶苑国际","ORG_CODE":"10671328","STD_REPORT_DATE":"2023-12-31 00:00:00","REPORT_DATE":"2023-12-31 00:00:00","DATE_TYPE_CODE":"001","REPORT_TYPE":"2023年年报","PER_NETCASH_OPERATE":0.777020420412,"PER_OI":5.405653808159,"BPS":3.56128856038,"BASIC_EPS":0.40583871,"DILUTED_EPS":null,"OPERATE_INCOME":15421368108.3,"OPERATE_INCOME_YOY":-12.5909787609,"GROSS_PROFIT":2959017488.7,"GROSS_PROFIT_YOY":-8.305732369144,"HOLDER_PROFIT":1157872713.3,"HOLDER_PROFIT_YOY":-5.3535657631,"GROSS_PROFIT_RATIO":19.187775480876,"EPS_TTM":0.405869245715,"OPERATE_INCOME_QOQ":-5.434653117493,"NET_PROFIT_RATIO":7.5377676043,"ROE_AVG":11.778348398587,"GROSS_PROFIT_QOQ":-3.892249851816,"ROA":8.449559855765,"HOLDER_PROFIT_QOQ":-5.806698097881,"ROE_YEARLY":11.778348398587,"ROIC_YEARLY":11.681034636752,"TOTAL_ASSETS":13985230277.4,"TOTAL_LIABILITIES":3793919082,"TAX_EBT":15.871543173489,"OCF_SALES":14.374217217517,"TOTAL_PARENT_EQUITY":10159722353.4,"DEBT_ASSET_RATIO":27.1280415606,"OPERATE_PROFIT":1469773573.2,"PRETAX_PROFIT":1381728529.5,"NETCASH_OPERATE":2216700949.8,"NETCASH_INVEST":-626273582.1,"NETCASH_FINANCE":-954344246.1,"END_CASH":3849050818.8,"DIVI_RATIO":0.600583667211,"DIVIDEND_RATE":6.320754716981,"CURRENT_RATIO":2.359027224981,"COMMON_ACS":3500000000,"CURRENTDEBT_DEBT":89.821715267147,"ISSUED_COMMON_SHARES":2852822000,"HK_COMMON_SHARES":2852822000,"PER_SHARES":500,"TOTAL_MARKET_CAP":12095965280,"HKSK_MARKET_CAP":12095965280,"PE_TTM":8.916622141319,"PB_TTM":1.058679158457,"REPORT_DATE_SQ":"2022-12-31 00:00:00","REPORT_TYPE_SQ":"2022年年报","OPERATE_INCOME_SQ":17348581803.6,"DPS_HKD":0.268,"OPERATE_INCOME_QOQ_SQ":5.467235973869,"NET_PROFIT_RATIO_SQ":6.9542900224,"HOLDER_PROFIT_SQ":1202967499.6,"HOLDER_PROFIT_QOQ_SQ":6.019044502377,"ROE_AVG_SQ":13.133369171567,"PE_TTM_SQ":6.102359813904,"PB_TTM_SQ":0.760267804583,"ROA_SQ":8.962396807854,"START_DATE":"2023-01-01 00:00:00","FISCAL_YEAR":"12-31","CURRENCY":"HKD","IS_CNY_CODE":0,"DPS_HKD_LY":0.168,"ORG_TYPE":"一般企业","PREMIUM_INCOME":null,"PREMIUM_INCOME_YOY":null,"NET_INTEREST_INCOME":null,"NET_INTEREST_INCOME_YOY":null,"FEE_COMMISSION_INCOME":null,"FEE_COMMISSION_INCOME_YOY":null,"ACCOUNTS_RECE_TDAYS":7.714705330031,"INVENTORY_TDAYS":6.778024314704,"CURRENT_ASSETS_TDAYS":2.020176444145,"TOTAL_ASSETS_TDAYS":1.125372170811,"PREMIUM_EXPENSE":null,"LOAN_DEPOSIT":null,"LOAN_EQUITY":null,"LOAN_ASSETS":null,"DEPOSIT_EQUITY":null,"DEPOSIT_ASSETS":null,"EQUITY_MULTIPLIER":1.372269966961,"EQUITY_RATIO":0.373427437289},{"SECUCODE":"02232.HK","SECURITY_CODE":"02232","SECURITY_NAME_ABBR":"晶苑国际","ORG_CODE":"10671328","STD_REPORT_DATE":"2023-06-30 00:00:00","REPORT_DATE":"2023-06-30 00:00:00","DATE_TYPE_CODE":"002","REPORT_TYPE":"2023年中报","PER_NETCASH_OPERATE":0.356829379471,"PER_OI":2.556139965199,"BPS":3.45620712144,"BASIC_EPS":0.18642564,"DILUTED_EPS":null,"OPERATE_INCOME":7292212327.8,"OPERATE_INCOME_YOY":-18.7213232789,"GROSS_PROFIT":1392086499,"GROSS_PROFIT_YOY":-9.621189035106,"HOLDER_PROFIT":532122363.6,"HOLDER_PROFIT_YOY":-2.292689399,"GROSS_PROFIT_RATIO":19.090043411009,"EPS_TTM":0.430889710329,"OPERATE_INCOME_QOQ":-6.000205170569,"NET_PROFIT_RATIO":7.3444967305,"ROE_AVG":5.442809371223,"GROSS_PROFIT_QOQ":-4.592223322805,"ROA":3.805116564699,"HOLDER_PROFIT_QOQ":2.184942287197,"ROE_YEARLY":10.885618742445,"ROIC_YEARLY":10.260568732727,"TOTAL_ASSETS":14276143124.4,"TOTAL_LIABILITIES":4385164600.8,"TAX_EBT":17.89895767565,"OCF_SALES":13.959696430111,"TOTAL_PARENT_EQUITY":9859943712.6,"DEBT_ASSET_RATIO":30.7167318413,"OPERATE_PROFIT":702123760.2,"PRETAX_PROFIT":652337998.2,"NETCASH_OPERATE":1017970704,"NETCASH_INVEST":-577955613,"NETCASH_FINANCE":-303209019.6,"END_CASH":3417377077.8,"DIVI_RATIO":0.565709586831,"DIVIDEND_RATE":6.320754716981,"CURRENT_RATIO":2.049288115665,"COMMON_ACS":3500000000,"CURRENTDEBT_DEBT":89.693775993778,"ISSUED_COMMON_SHARES":2852822000,"HK_COMMON_SHARES":2852822000,"PER_SHARES":500,"TOTAL_MARKET_CAP":12095965280,"HKSK_MARKET_CAP":12095965280,"PE_TTM":8.916622141319,"PB_TTM":1.058679158457,"REPORT_DATE_SQ":"2022-06-30 00:00:00","REPORT_TYPE_SQ":"2022年中报","OPERATE_INCOME_SQ":8333162830.2,"DPS_HKD":0.268,"OPERATE_INCOME_QOQ_SQ":10.188682572255,"NET_PROFIT_RATIO_SQ":6.0834716581,"HOLDER_PROFIT_SQ":505838218,"HOLDER_PROFIT_QOQ_SQ":9.111919869108,"ROE_AVG_SQ":5.814886479714,"PE_TTM_SQ":6.102359813904,"PB_TTM_SQ":0.760267804583,"ROA_SQ":3.828043299502,"START_DATE":"2023-01-01 00:00:00","FISCAL_YEAR":"12-31","CURRENCY":"HKD","IS_CNY_CODE":0,"DPS_HKD_LY":0.168,"ORG_TYPE":"一般企业","PREMIUM_INCOME":null,"PREMIUM_INCOME_YOY":null,"NET_INTEREST_INCOME":null,"NET_INTEREST_INCOME_YOY":null,"FEE_COMMISSION_INCOME":null,"FEE_COMMISSION_INCOME_YOY":null,"ACCOUNTS_RECE_TDAYS":4.911191894417,"INVENTORY_TDAYS":2.870830623187,"CURRENT_ASSETS_TDAYS":0.944912389773,"TOTAL_ASSETS_TDAYS":0.521453707266,"PREMIUM_EXPENSE":null,"LOAN_DEPOSIT":null,"LOAN_EQUITY":null,"LOAN_ASSETS":null,"DEPOSIT_EQUITY":null,"DEPOSIT_ASSETS":null,"EQUITY_MULTIPLIER":1.443349926434,"EQUITY_RATIO":0.444745399023},{"SECUCODE":"02232.HK","SECURITY_CODE":"02232","SECURITY_NAME_ABBR":"晶苑国际","ORG_CODE":"10671328","STD_REPORT_DATE":"2022-12-31 00:00:00","REPORT_DATE":"2022-12-31 00:00:00","DATE_TYPE_CODE":"001","REPORT_TYPE":"2022年年报","PER_NETCASH_OPERATE":0.852383027963,"PER_OI":6.081200230368,"BPS":3.274962664057,"BASIC_EPS":0.4213583,"DILUTED_EPS":null,"OPERATE_INCOME":17348581803.6,"OPERATE_INCOME_YOY":6.3864336013,"GROSS_PROFIT":3227047410,"GROSS_PROFIT_YOY":13.077888846452,"HOLDER_PROFIT":1202967499.6,"HOLDER_PROFIT_YOY":5.8980049784,"GROSS_PROFIT_RATIO":18.601217359049,"EPS_TTM":0.421676325968,"OPERATE_INCOME_QOQ":5.467235973869,"NET_PROFIT_RATIO":6.9542900224,"ROE_AVG":13.133369171567,"GROSS_PROFIT_QOQ":3.113721654944,"ROA":8.962396807854,"HOLDER_PROFIT_QOQ":6.019044502377,"ROE_YEARLY":13.133369171567,"ROIC_YEARLY":11.55414277754,"TOTAL_ASSETS":13197673239,"TOTAL_LIABILITIES":3828203823.6,"TAX_EBT":18.555591078347,"OCF_SALES":14.016690713563,"TOTAL_PARENT_EQUITY":9342885537.2,"DEBT_ASSET_RATIO":29.006657115,"OPERATE_PROFIT":1554143525.4,"PRETAX_PROFIT":1481342561.6,"NETCASH_OPERATE":2431697054.6,"NETCASH_INVEST":-943543114.2,"NETCASH_FINANCE":-1006941868,"END_CASH":3169283017.6,"DIVI_RATIO":0.578070014817,"DIVIDEND_RATE":6.320754716981,"CURRENT_RATIO":2.083393895349,"COMMON_ACS":3500000000,"CURRENTDEBT_DEBT":89.118846717825,"ISSUED_COMMON_SHARES":2852822000,"HK_COMMON_SHARES":2852822000,"PER_SHARES":500,"TOTAL_MARKET_CAP":12095965280,"HKSK_MARKET_CAP":12095965280,"PE_TTM":8.916622141319,"PB_TTM":1.058679158457,"REPORT_DATE_SQ":"2021-12-31 00:00:00","REPORT_TYPE_SQ":"2021年年报","OPERATE_INCOME_SQ":14928268002.4,"DPS_HKD":0.268,"OPERATE_INCOME_QOQ_SQ":12.700680053124,"NET_PROFIT_RATIO_SQ":6.9739800259,"HOLDER_PROFIT_SQ":1039914924.2,"HOLDER_PROFIT_QOQ_SQ":12.905997671274,"ROE_AVG_SQ":13.297206914782,"PE_TTM_SQ":6.102359813904,"PB_TTM_SQ":0.760267804583,"ROA_SQ":8.717567872,"START_DATE":"2022-01-01 00:00:00","FISCAL_YEAR":"12-31","CURRENCY":"HKD","IS_CNY_CODE":0,"DPS_HKD_LY":0.148,"ORG_TYPE":"一般企业","PREMIUM_INCOME":null,"PREMIUM_INCOME_YOY":null,"NET_INTEREST_INCOME":null,"NET_INTEREST_INCOME_YOY":null,"FEE_COMMISSION_INCOME":null,"FEE_COMMISSION_INCOME_YOY":null,"ACCOUNTS_RECE_TDAYS":7.883202946985,"INVENTORY_TDAYS":6.890254967326,"CURRENT_ASSETS_TDAYS":2.390112800279,"TOTAL_ASSETS_TDAYS":1.292511013216,"PREMIUM_EXPENSE":null,"LOAN_DEPOSIT":null,"LOAN_EQUITY":null,"LOAN_ASSETS":null,"DEPOSIT_EQUITY":null,"DEPOSIT_ASSETS":null,"EQUITY_MULTIPLIER":1.408582776022,"EQUITY_RATIO":0.409745341346},{"SECUCODE":"02232.HK","SECURITY_CODE":"02232","SECURITY_NAME_ABBR":"晶苑国际","ORG_CODE":"10671328","STD_REPORT_DATE":"2022-06-30 00:00:00","REPORT_DATE":"2022-06-30 00:00:00","DATE_TYPE_CODE":"002","REPORT_TYPE":"2022年中报","PER_NETCASH_OPERATE":0.286189787305,"PER_OI":2.921024455855,"BPS":3.066442490418,"BASIC_EPS":0.17718096,"DILUTED_EPS":null,"OPERATE_INCOME":8333162830.2,"OPERATE_INCOME_YOY":17.7471955877,"GROSS_PROFIT":1540279722.8,"GROSS_PROFIT_YOY":21.808769118386,"HOLDER_PROFIT":505838218,"HOLDER_PROFIT_YOY":18.4429707389,"GROSS_PROFIT_RATIO":18.483734857765,"EPS_TTM":0.397736395331,"OPERATE_INCOME_QOQ":10.188682572255,"NET_PROFIT_RATIO":6.0834716581,"ROE_AVG":5.814886479714,"GROSS_PROFIT_QOQ":9.663279563172,"ROA":3.828043299502,"HOLDER_PROFIT_QOQ":9.111919869108,"ROE_YEARLY":11.629772959428,"ROIC_YEARLY":9.682380784001,"TOTAL_ASSETS":13277075371.8,"TOTAL_LIABILITIES":4498000414.2,"TAX_EBT":18.045504356223,"OCF_SALES":9.797582719026,"TOTAL_PARENT_EQUITY":8748014598.4,"DEBT_ASSET_RATIO":33.8779459199,"OPERATE_PROFIT":649891707.6,"PRETAX_PROFIT":618569603.8,"NETCASH_OPERATE":816448521.4,"NETCASH_INVEST":-287986174,"NETCASH_FINANCE":-410234325,"END_CASH":2776667253.6,"DIVI_RATIO":0.612864306263,"DIVIDEND_RATE":6.320754716981,"CURRENT_RATIO":1.794568781533,"COMMON_ACS":3500000000,"CURRENTDEBT_DEBT":91.235789753254,"ISSUED_COMMON_SHARES":2852822000,"HK_COMMON_SHARES":2852822000,"PER_SHARES":500,"TOTAL_MARKET_CAP":12095965280,"HKSK_MARKET_CAP":12095965280,"PE_TTM":8.916622141319,"PB_TTM":1.058679158457,"REPORT_DATE_SQ":"2021-06-30 00:00:00","REPORT_TYPE_SQ":"2021年中报","OPERATE_INCOME_SQ":6812168989.9,"DPS_HKD":0.268,"OPERATE_INCOME_QOQ_SQ":2.252958830494,"NET_PROFIT_RATIO_SQ":6.0344296201,"HOLDER_PROFIT_SQ":411082003.4,"HOLDER_PROFIT_QOQ_SQ":30.599499116629,"ROE_AVG_SQ":5.390003159429,"PE_TTM_SQ":6.102359813904,"PB_TTM_SQ":0.760267804583,"ROA_SQ":3.46354417551,"START_DATE":"2022-01-01 00:00:00","FISCAL_YEAR":"12-31","CURRENCY":"HKD","IS_CNY_CODE":0,"DPS_HKD_LY":0.148,"ORG_TYPE":"一般企业","PREMIUM_INCOME":null,"PREMIUM_INCOME_YOY":null,"NET_INTEREST_INCOME":null,"NET_INTEREST_INCOME_YOY":null,"FEE_COMMISSION_INCOME":null,"FEE_COMMISSION_INCOME_YOY":null,"ACCOUNTS_RECE_TDAYS":4.810490815016,"INVENTORY_TDAYS":3.105622480102,"CURRENT_ASSETS_TDAYS":1.149060336072,"TOTAL_ASSETS_TDAYS":0.630630644358,"PREMIUM_EXPENSE":null,"LOAN_DEPOSIT":null,"LOAN_EQUITY":null,"LOAN_ASSETS":null,"DEPOSIT_EQUITY":null,"DEPOSIT_ASSETS":null,"EQUITY_MULTIPLIER":1.512354711166,"EQUITY_RATIO":0.514173857806},{"SECUCODE":"02232.HK","SECURITY_CODE":"02232","SECURITY_NAME_ABBR":"晶苑国际","ORG_CODE":"10671328","STD_REPORT_DATE":"2021-12-31 00:00:00","REPORT_DATE":"2021-12-31 00:00:00","DATE_TYPE_CODE":"001","REPORT_TYPE":"2021年年报","PER_NETCASH_OPERATE":0.424317799498,"PER_OI":5.232807375434,"BPS":2.880431796726,"BASIC_EPS":0.36469004,"DILUTED_EPS":null,"OPERATE_INCOME":14928268002.4,"OPERATE_INCOME_YOY":17.936546633,"GROSS_PROFIT":2853827077,"GROSS_PROFIT_YOY":13.348892483083,"HOLDER_PROFIT":1039914924.2,"HOLDER_PROFIT_YOY":50.9053060092,"GROSS_PROFIT_RATIO":19.116933568859,"EPS_TTM":0.364521489318,"OPERATE_INCOME_QOQ":12.700680053124,"NET_PROFIT_RATIO":6.9739800259,"ROE_AVG":13.297206914782,"GROSS_PROFIT_QOQ":10.821636194986,"ROA":8.717567872,"HOLDER_PROFIT_QOQ":12.905997671274,"ROE_YEARLY":13.297206914782,"ROIC_YEARLY":11.047372247868,"TOTAL_ASSETS":12493152271.5,"TOTAL_LIABILITIES":4247338323.2,"TAX_EBT":14.885665288847,"OCF_SALES":8.108798376378,"TOTAL_PARENT_EQUITY":8217359199.2,"DEBT_ASSET_RATIO":33.997330945,"OPERATE_PROFIT":1267074739.5,"PRETAX_PROFIT":1223171669.3,"NETCASH_OPERATE":1210503153.4,"NETCASH_INVEST":-541883494.4,"NETCASH_FINANCE":-597441344.2,"END_CASH":2558377139,"DIVI_RATIO":0.668708010756,"DIVIDEND_RATE":6.320754716981,"CURRENT_RATIO":1.740626268047,"COMMON_ACS":3500000000,"CURRENTDEBT_DEBT":91.743923527716,"ISSUED_COMMON_SHARES":2852822000,"HK_COMMON_SHARES":2852822000,"PER_SHARES":500,"TOTAL_MARKET_CAP":12095965280,"HKSK_MARKET_CAP":12095965280,"PE_TTM":8.916622141319,"PB_TTM":1.058679158457,"REPORT_DATE_SQ":"2020-12-31 00:00:00","REPORT_TYPE_SQ":"2020年年报","OPERATE_INCOME_SQ":12954092766.8,"DPS_HKD":0.268,"OPERATE_INCOME_QOQ_SQ":-16.937334690884,"NET_PROFIT_RATIO_SQ":5.4441775985,"HOLDER_PROFIT_SQ":705243816.5,"HOLDER_PROFIT_QOQ_SQ":-16.246216950663,"ROE_AVG_SQ":9.597322676844,"PE_TTM_SQ":6.102359813904,"PB_TTM_SQ":0.760267804583,"ROA_SQ":6.006924761301,"START_DATE":"2021-01-01 00:00:00","FISCAL_YEAR":"12-31","CURRENCY":"HKD","IS_CNY_CODE":0,"DPS_HKD_LY":0.09,"ORG_TYPE":"一般企业","PREMIUM_INCOME":null,"PREMIUM_INCOME_YOY":null,"NET_INTEREST_INCOME":null,"NET_INTEREST_INCOME_YOY":null,"FEE_COMMISSION_INCOME":null,"FEE_COMMISSION_INCOME_YOY":null,"ACCOUNTS_RECE_TDAYS":8.141152172515,"INVENTORY_TDAYS":6.963182480839,"CURRENT_ASSETS_TDAYS":2.362934705823,"TOTAL_ASSETS_TDAYS":1.251431117045,"PREMIUM_EXPENSE":null,"LOAN_DEPOSIT":null,"LOAN_EQUITY":null,"LOAN_ASSETS":null,"DEPOSIT_EQUITY":null,"DEPOSIT_ASSETS":null,"EQUITY_MULTIPLIER":1.515090244558,"EQUITY_RATIO":0.516873878851},{"SECUCODE":"02232.HK","SECURITY_CODE":"02232","SECURITY_NAME_ABBR":"晶苑国际","ORG_CODE":"10671328","STD_REPORT_DATE":"2021-06-30 00:00:00","REPORT_DATE":"2021-06-30 00:00:00","DATE_TYPE_CODE":"002","REPORT_TYPE":"2021年中报","PER_NETCASH_OPERATE":0.173446278632,"PER_OI":2.387870322754,"BPS":2.710116502362,"BASIC_EPS":0.14406023,"DILUTED_EPS":null,"OPERATE_INCOME":6812168989.9,"OPERATE_INCOME_YOY":14.4932650318,"GROSS_PROFIT":1264506434.1,"GROSS_PROFIT_YOY":4.756586466961,"HOLDER_PROFIT":411082003.4,"HOLDER_PROFIT_YOY":130.6917053364,"GROSS_PROFIT_RATIO":18.562464260279,"EPS_TTM":0.322853964215,"OPERATE_INCOME_QOQ":2.252958830494,"NET_PROFIT_RATIO":6.0344296201,"ROE_AVG":5.390003159429,"GROSS_PROFIT_QOQ":2.280471914032,"ROA":3.46354417551,"HOLDER_PROFIT_QOQ":30.599499116629,"ROE_YEARLY":10.780006318858,"ROIC_YEARLY":8.877554508148,"TOTAL_ASSETS":12222444599,"TOTAL_LIABILITIES":4463334770.8,"TAX_EBT":17.644241969301,"OCF_SALES":7.263638941336,"TOTAL_PARENT_EQUITY":7731479980.5,"DEBT_ASSET_RATIO":36.5175291624,"OPERATE_PROFIT":522085901.7,"PRETAX_PROFIT":499146086.6,"NETCASH_OPERATE":494811359.5,"NETCASH_INVEST":-173240501.7,"NETCASH_FINANCE":-88664872.5,"END_CASH":2710735481.2,"DIVI_RATIO":0.755011451052,"DIVIDEND_RATE":6.320754716981,"CURRENT_RATIO":1.602892272068,"COMMON_ACS":3500000000,"CURRENTDEBT_DEBT":92.008487381822,"ISSUED_COMMON_SHARES":2852822000,"HK_COMMON_SHARES":2852822000,"PER_SHARES":500,"TOTAL_MARKET_CAP":12095965280,"HKSK_MARKET_CAP":12095965280,"PE_TTM":8.916622141319,"PB_TTM":1.058679158457,"REPORT_DATE_SQ":"2020-06-30 00:00:00","REPORT_TYPE_SQ":"2020年中报","OPERATE_INCOME_SQ":6520318613,"DPS_HKD":0.268,"OPERATE_INCOME_QOQ_SQ":-7.916231461047,"NET_PROFIT_RATIO_SQ":2.9949599029,"HOLDER_PROFIT_SQ":195280928,"HOLDER_PROFIT_QOQ_SQ":-20.540336519712,"ROE_AVG_SQ":2.542128424302,"PE_TTM_SQ":6.102359813904,"PB_TTM_SQ":0.760267804583,"ROA_SQ":1.542504573579,"START_DATE":"2021-01-01 00:00:00","FISCAL_YEAR":"12-31","CURRENCY":"HKD","IS_CNY_CODE":0,"DPS_HKD_LY":0.09,"ORG_TYPE":"一般企业","PREMIUM_INCOME":null,"PREMIUM_INCOME_YOY":null,"NET_INTEREST_INCOME":null,"NET_INTEREST_INCOME_YOY":null,"FEE_COMMISSION_INCOME":null,"FEE_COMMISSION_INCOME_YOY":null,"ACCOUNTS_RECE_TDAYS":4.870001547133,"INVENTORY_TDAYS":3.160638047287,"CURRENT_ASSETS_TDAYS":1.08884104661,"TOTAL_ASSETS_TDAYS":0.573954783533,"PREMIUM_EXPENSE":null,"LOAN_DEPOSIT":null,"LOAN_EQUITY":null,"LOAN_ASSETS":null,"DEPOSIT_EQUITY":null,"DEPOSIT_ASSETS":null,"EQUITY_MULTIPLIER":1.575237993742,"EQUITY_RATIO":0.577293711173},{"SECUCODE":"02232.HK","SECURITY_CODE":"02232","SECURITY_NAME_ABBR":"晶苑国际","ORG_CODE":"10671328","STD_REPORT_DATE":"2020-12-31 00:00:00","REPORT_DATE":"2020-12-31 00:00:00","DATE_TYPE_CODE":"001","REPORT_TYPE":"2020年年报","PER_NETCASH_OPERATE":0.740710413969,"PER_OI":4.540799519493,"BPS":2.663141824797,"BASIC_EPS":0.24729371,"DILUTED_EPS":null,"OPERATE_INCOME":12954092766.8,"OPERATE_INCOME_YOY":-18.2224660721,"GROSS_PROFIT":2517737063.4,"GROSS_PROFIT_YOY":-21.998790496854,"HOLDER_PROFIT":705243816.5,"HOLDER_PROFIT_YOY":-28.846508321,"GROSS_PROFIT_RATIO":19.435842468665,"EPS_TTM":0.247209190233,"OPERATE_INCOME_QOQ":-16.937334690884,"NET_PROFIT_RATIO":5.4441775985,"ROE_AVG":9.597322676844,"GROSS_PROFIT_QOQ":-15.221201787173,"ROA":6.006924761301,"HOLDER_PROFIT_QOQ":-16.246216950663,"ROE_YEARLY":9.597322676844,"ROIC_YEARLY":7.331740838207,"TOTAL_ASSETS":11630712548.8,"TOTAL_LIABILITIES":4033242961.9,"TAX_EBT":12.209524273658,"OCF_SALES":16.312334662414,"TOTAL_PARENT_EQUITY":7597469586.9,"DEBT_ASSET_RATIO":34.6775225076,"OPERATE_PROFIT":853841889.1,"PRETAX_PROFIT":803326113.3,"NETCASH_OPERATE":2113114964.6,"NETCASH_INVEST":-283102361.2,"NETCASH_FINANCE":-1050867769.5,"END_CASH":2501822832.3,"DIVI_RATIO":0.986041173347,"DIVIDEND_RATE":6.320754716981,"CURRENT_RATIO":1.597710572026,"COMMON_ACS":3500000000,"CURRENTDEBT_DEBT":92.950199876725,"ISSUED_COMMON_SHARES":2852822000,"HK_COMMON_SHARES":2852822000,"PER_SHARES":500,"TOTAL_MARKET_CAP":12095965280,"HKSK_MARKET_CAP":12095965280,"PE_TTM":8.916622141319,"PB_TTM":1.058679158457,"REPORT_DATE_SQ":"2019-12-31 00:00:00","REPORT_TYPE_SQ":"2019年年报","OPERATE_INCOME_SQ":16936281192.6,"DPS_HKD":0.268,"OPERATE_INCOME_QOQ_SQ":-0.66426528268,"NET_PROFIT_RATIO_SQ":6.2570565093,"HOLDER_PROFIT_SQ":1059712684.8,"HOLDER_PROFIT_QOQ_SQ":9.204388433931,"ROE_AVG_SQ":14.645181847587,"PE_TTM_SQ":6.102359813904,"PB_TTM_SQ":0.760267804583,"ROA_SQ":8.309574084002,"START_DATE":"2020-01-01 00:00:00","FISCAL_YEAR":"12-31","CURRENCY":"HKD","IS_CNY_CODE":0,"DPS_HKD_LY":0.115,"ORG_TYPE":"一般企业","PREMIUM_INCOME":null,"PREMIUM_INCOME_YOY":null,"NET_INTEREST_INCOME":null,"NET_INTEREST_INCOME_YOY":null,"FEE_COMMISSION_INCOME":null,"FEE_COMMISSION_INCOME_YOY":null,"ACCOUNTS_RECE_TDAYS":7.201046062666,"INVENTORY_TDAYS":6.258328311957,"CURRENT_ASSETS_TDAYS":2.205353502926,"TOTAL_ASSETS_TDAYS":1.103366790045,"PREMIUM_EXPENSE":null,"LOAN_DEPOSIT":null,"LOAN_EQUITY":null,"LOAN_ASSETS":null,"DEPOSIT_EQUITY":null,"DEPOSIT_ASSETS":null,"EQUITY_MULTIPLIER":1.530866614966,"EQUITY_RATIO":0.530866614965},{"SECUCODE":"02232.HK","SECURITY_CODE":"02232","SECURITY_NAME_ABBR":"晶苑国际","ORG_CODE":"10671328","STD_REPORT_DATE":"2020-06-30 00:00:00","REPORT_DATE":"2020-06-30 00:00:00","DATE_TYPE_CODE":"002","REPORT_TYPE":"2020年中报","PER_NETCASH_OPERATE":0.158441303558,"PER_OI":2.285567979005,"BPS":2.685394845525,"BASIC_EPS":0.06867115,"DILUTED_EPS":null,"OPERATE_INCOME":6520318613,"OPERATE_INCOME_YOY":-19.4546788599,"GROSS_PROFIT":1207090147.5,"GROSS_PROFIT_YOY":-17.612419954738,"HOLDER_PROFIT":195280928,"HOLDER_PROFIT_YOY":-54.0787107944,"GROSS_PROFIT_RATIO":18.512747906112,"EPS_TTM":0.29516181984,"OPERATE_INCOME_QOQ":-7.916231461047,"NET_PROFIT_RATIO":2.9949599029,"ROE_AVG":2.542128424302,"GROSS_PROFIT_QOQ":-7.994438294191,"ROA":1.542504573579,"HOLDER_PROFIT_QOQ":-20.540336519712,"ROE_YEARLY":5.084256848605,"ROIC_YEARLY":3.668349744646,"TOTAL_ASSETS":12462419063.5,"TOTAL_LIABILITIES":4801465569.5,"TAX_EBT":16.709946252793,"OCF_SALES":6.932250758403,"TOTAL_PARENT_EQUITY":7660953494,"DEBT_ASSET_RATIO":38.5275566889,"OPERATE_PROFIT":271371394,"PRETAX_PROFIT":234458881,"NETCASH_OPERATE":452004836.5,"NETCASH_INVEST":-156223326.5,"NETCASH_FINANCE":-12728941,"END_CASH":2137286891,"DIVI_RATIO":0.825846785103,"DIVIDEND_RATE":6.320754716981,"CURRENT_RATIO":1.380798330538,"COMMON_ACS":3500000000,"CURRENTDEBT_DEBT":92.840534280124,"ISSUED_COMMON_SHARES":2852822000,"HK_COMMON_SHARES":2852822000,"PER_SHARES":500,"TOTAL_MARKET_CAP":12095965280,"HKSK_MARKET_CAP":12095965280,"PE_TTM":8.916622141319,"PB_TTM":1.058679158457,"REPORT_DATE_SQ":"2019-06-30 00:00:00","REPORT_TYPE_SQ":"2019年中报","OPERATE_INCOME_SQ":7861033833.1,"DPS_HKD":0.268,"OPERATE_INCOME_QOQ_SQ":-0.471553032838,"NET_PROFIT_RATIO_SQ":5.2531192254,"HOLDER_PROFIT_SQ":412949479.6,"HOLDER_PROFIT_QOQ_SQ":-5.228915365314,"ROE_AVG_SQ":6.005607886834,"PE_TTM_SQ":6.102359813904,"PB_TTM_SQ":0.760267804583,"ROA_SQ":3.240121669082,"START_DATE":"2020-01-01 00:00:00","FISCAL_YEAR":"12-31","CURRENCY":"HKD","IS_CNY_CODE":0,"DPS_HKD_LY":0.115,"ORG_TYPE":"一般企业","PREMIUM_INCOME":null,"PREMIUM_INCOME_YOY":null,"NET_INTEREST_INCOME":null,"NET_INTEREST_INCOME_YOY":null,"FEE_COMMISSION_INCOME":null,"FEE_COMMISSION_INCOME_YOY":null,"ACCOUNTS_RECE_TDAYS":3.107979557162,"INVENTORY_TDAYS":2.794791063479,"CURRENT_ASSETS_TDAYS":1.051425453242,"TOTAL_ASSETS_TDAYS":0.515033464084,"PREMIUM_EXPENSE":null,"LOAN_DEPOSIT":null,"LOAN_EQUITY":null,"LOAN_ASSETS":null,"DEPOSIT_EQUITY":null,"DEPOSIT_ASSETS":null,"EQUITY_MULTIPLIER":1.626745166024,"EQUITY_RATIO":0.626745166024}],"count":19},"success":true,"message":"ok","code":0}