{"version":"65899b9ffe5df58894cda50f55ada297","result":{"pages":1,"data":[{"SECUCODE":"02235.HK","SECURITY_CODE":"02235","SECURITY_NAME_ABBR":"微泰医疗-B","ORG_CODE":"10000149413","STD_REPORT_DATE":"2024-06-30 00:00:00","REPORT_DATE":"2024-06-30 00:00:00","DATE_TYPE_CODE":"002","REPORT_TYPE":"2024年中报","PER_NETCASH_OPERATE":-0.182125391369,"PER_OI":0.358382081618,"BPS":4.807896883889,"BASIC_EPS":-0.09,"DILUTED_EPS":-0.09,"OPERATE_INCOME":150815673.6,"OPERATE_INCOME_YOY":36.0975180122,"GROSS_PROFIT":83800432.78,"GROSS_PROFIT_YOY":45.451309089692,"HOLDER_PROFIT":-37735048.47,"HOLDER_PROFIT_YOY":-102.2070572131,"GROSS_PROFIT_RATIO":55.56480356429,"EPS_TTM":-0.342398327708,"OPERATE_INCOME_QOQ":15.79656438385,"NET_PROFIT_RATIO":-25.0206411371,"ROE_AVG":-1.852662541986,"GROSS_PROFIT_QOQ":20.826755088502,"ROA":-1.744293522777,"HOLDER_PROFIT_QOQ":-15.256831038,"ROE_YEARLY":-3.705325083972,"ROIC_YEARLY":-23.751638140385,"TOTAL_ASSETS":2167903690.83,"TOTAL_LIABILITIES":155386327.37,"TAX_EBT":0.031091337106,"OCF_SALES":-50.81877714068,"TOTAL_PARENT_EQUITY":2012517363.46,"DEBT_ASSET_RATIO":7.1675844286,"OPERATE_PROFIT":-72849297.01,"PRETAX_PROFIT":-37746784.45,"NETCASH_OPERATE":-76642681.06,"NETCASH_INVEST":203586628.12,"NETCASH_FINANCE":5544480.44,"END_CASH":500341142.43,"DIVI_RATIO":null,"DIVIDEND_RATE":null,"CURRENT_RATIO":13.136743967781,"COMMON_ACS":null,"CURRENTDEBT_DEBT":97.062220236965,"ISSUED_COMMON_SHARES":418585800,"HK_COMMON_SHARES":166683642,"PER_SHARES":100,"TOTAL_MARKET_CAP":2097114858,"HKSK_MARKET_CAP":835085046.42,"PE_TTM":-13.1846201213,"PB_TTM":0.951045105672,"REPORT_DATE_SQ":"2023-06-30 00:00:00","REPORT_TYPE_SQ":"2023年中报","OPERATE_INCOME_SQ":110814418.81,"DPS_HKD":null,"OPERATE_INCOME_QOQ_SQ":22.467054274733,"NET_PROFIT_RATIO_SQ":-16.8417347989,"HOLDER_PROFIT_SQ":-18661588.27,"HOLDER_PROFIT_QOQ_SQ":-30.59384185144,"ROE_AVG_SQ":-0.847144644503,"PE_TTM_SQ":-34.781852877765,"PB_TTM_SQ":0.733505494431,"ROA_SQ":-0.818931746692,"START_DATE":"2024-01-01 00:00:00","FISCAL_YEAR":"12-31","CURRENCY":"HKD","IS_CNY_CODE":0,"DPS_HKD_LY":null,"ORG_TYPE":"一般企业","PREMIUM_INCOME":null,"PREMIUM_INCOME_YOY":null,"NET_INTEREST_INCOME":null,"NET_INTEREST_INCOME_YOY":null,"FEE_COMMISSION_INCOME":null,"FEE_COMMISSION_INCOME_YOY":null,"ACCOUNTS_RECE_TDAYS":1.893522182131,"INVENTORY_TDAYS":1.309067489798,"CURRENT_ASSETS_TDAYS":0.075323605043,"TOTAL_ASSETS_TDAYS":0.069714181712,"PREMIUM_EXPENSE":null,"LOAN_DEPOSIT":null,"LOAN_EQUITY":null,"LOAN_ASSETS":null,"DEPOSIT_EQUITY":null,"DEPOSIT_ASSETS":null,"EQUITY_MULTIPLIER":1.077209931299,"EQUITY_RATIO":0.077209931299},{"SECUCODE":"02235.HK","SECURITY_CODE":"02235","SECURITY_NAME_ABBR":"微泰医疗-B","ORG_CODE":"10000149413","STD_REPORT_DATE":"2023-12-31 00:00:00","REPORT_DATE":"2023-12-31 00:00:00","DATE_TYPE_CODE":"001","REPORT_TYPE":"2023年年报","PER_NETCASH_OPERATE":-0.359362893119,"PER_OI":0.594790282908,"BPS":4.923923744427,"BASIC_EPS":-0.29,"DILUTED_EPS":-0.29,"OPERATE_INCOME":253227561.5,"OPERATE_INCOME_YOY":45.8625523018,"GROSS_PROFIT":125734197.28,"GROSS_PROFIT_YOY":53.453517252598,"HOLDER_PROFIT":-125015870.94,"HOLDER_PROFIT_YOY":-256.7490199755,"GROSS_PROFIT_RATIO":49.652650973382,"EPS_TTM":-0.293641911662,"OPERATE_INCOME_QOQ":19.14740840246,"NET_PROFIT_RATIO":-49.368982665,"ROE_AVG":-5.851273265271,"GROSS_PROFIT_QOQ":19.182722996862,"ROA":-5.615058170603,"HOLDER_PROFIT_QOQ":-173.175139716808,"ROE_YEARLY":-5.851273265271,"ROIC_YEARLY":-48.043486898974,"TOTAL_ASSETS":2158781924.55,"TOTAL_LIABILITIES":97697364.85,"TAX_EBT":-0.131053563808,"OCF_SALES":-60.418420314805,"TOTAL_PARENT_EQUITY":2061084559.7,"DEBT_ASSET_RATIO":4.5255782318,"OPERATE_PROFIT":-199889715.62,"PRETAX_PROFIT":-124852247.62,"NETCASH_OPERATE":-152996092.46,"NETCASH_INVEST":-540703733.61,"NETCASH_FINANCE":-23464076.52,"END_CASH":365437783.39,"DIVI_RATIO":null,"DIVIDEND_RATE":null,"CURRENT_RATIO":21.666297360499,"COMMON_ACS":null,"CURRENTDEBT_DEBT":95.57954869445,"ISSUED_COMMON_SHARES":418585800,"HK_COMMON_SHARES":166683642,"PER_SHARES":100,"TOTAL_MARKET_CAP":2051070420,"HKSK_MARKET_CAP":816749845.8,"PE_TTM":-12.895137443986,"PB_TTM":0.930163875807,"REPORT_DATE_SQ":"2022-12-31 00:00:00","REPORT_TYPE_SQ":"2022年年报","OPERATE_INCOME_SQ":173606972.8,"DPS_HKD":null,"OPERATE_INCOME_QOQ_SQ":5.935819410447,"NET_PROFIT_RATIO_SQ":-20.1926899961,"HOLDER_PROFIT_SQ":-35043087.42,"HOLDER_PROFIT_QOQ_SQ":5.388914387537,"ROE_AVG_SQ":-1.571893857803,"PE_TTM_SQ":-37.326866502967,"PB_TTM_SQ":0.787176628169,"ROA_SQ":-1.515951164942,"START_DATE":"2023-01-01 00:00:00","FISCAL_YEAR":"12-31","CURRENCY":"HKD","IS_CNY_CODE":0,"DPS_HKD_LY":null,"ORG_TYPE":"一般企业","PREMIUM_INCOME":null,"PREMIUM_INCOME_YOY":null,"NET_INTEREST_INCOME":null,"NET_INTEREST_INCOME_YOY":null,"FEE_COMMISSION_INCOME":null,"FEE_COMMISSION_INCOME_YOY":null,"ACCOUNTS_RECE_TDAYS":4.134647025451,"INVENTORY_TDAYS":2.329715607024,"CURRENT_ASSETS_TDAYS":0.120580169426,"TOTAL_ASSETS_TDAYS":0.113736558209,"PREMIUM_EXPENSE":null,"LOAN_DEPOSIT":null,"LOAN_EQUITY":null,"LOAN_ASSETS":null,"DEPOSIT_EQUITY":null,"DEPOSIT_ASSETS":null,"EQUITY_MULTIPLIER":1.047400949364,"EQUITY_RATIO":0.047400949364},{"SECUCODE":"02235.HK","SECURITY_CODE":"02235","SECURITY_NAME_ABBR":"微泰医疗-B","ORG_CODE":"10000149413","STD_REPORT_DATE":"2023-06-30 00:00:00","REPORT_DATE":"2023-06-30 00:00:00","DATE_TYPE_CODE":"002","REPORT_TYPE":"2023年中报","PER_NETCASH_OPERATE":-0.074695367577,"PER_OI":0.26028501449,"BPS":5.241608769337,"BASIC_EPS":-0.04,"DILUTED_EPS":-0.04,"OPERATE_INCOME":110814418.81,"OPERATE_INCOME_YOY":54.285475607,"GROSS_PROFIT":57614079.45,"GROSS_PROFIT_YOY":81.324603292,"HOLDER_PROFIT":-18661588.27,"HOLDER_PROFIT_YOY":-134.9911860992,"GROSS_PROFIT_RATIO":51.991625606873,"EPS_TTM":-0.107492179547,"OPERATE_INCOME_QOQ":22.467054274733,"NET_PROFIT_RATIO":-16.8417347989,"ROE_AVG":-0.847144644503,"GROSS_PROFIT_QOQ":32.439082566504,"ROA":-0.818931746692,"HOLDER_PROFIT_QOQ":-30.59384185144,"ROE_YEARLY":-1.694289289005,"ROIC_YEARLY":-16.226332251607,"TOTAL_ASSETS":2263792000,"TOTAL_LIABILITIES":69729000,"TAX_EBT":null,"OCF_SALES":-28.697637482629,"TOTAL_PARENT_EQUITY":2194063000,"DEBT_ASSET_RATIO":3.0801858121,"OPERATE_PROFIT":-68212898.73,"PRETAX_PROFIT":-18661588.27,"NETCASH_OPERATE":-31800968.32,"NETCASH_INVEST":-429112196.48,"NETCASH_FINANCE":-282936.61,"END_CASH":626290989.43,"DIVI_RATIO":null,"DIVIDEND_RATE":null,"CURRENT_RATIO":32.112635885796,"COMMON_ACS":null,"CURRENTDEBT_DEBT":96.040384918757,"ISSUED_COMMON_SHARES":418585800,"HK_COMMON_SHARES":166683642,"PER_SHARES":100,"TOTAL_MARKET_CAP":2051070420,"HKSK_MARKET_CAP":816749845.8,"PE_TTM":-12.895137443986,"PB_TTM":0.930163875807,"REPORT_DATE_SQ":"2022-06-30 00:00:00","REPORT_TYPE_SQ":"2022年中报","OPERATE_INCOME_SQ":71824000,"DPS_HKD":null,"OPERATE_INCOME_QOQ_SQ":8.19991545798,"NET_PROFIT_RATIO_SQ":-11.0575852083,"HOLDER_PROFIT_SQ":-7942000,"HOLDER_PROFIT_QOQ_SQ":23.080597262891,"ROE_AVG_SQ":-0.354128301281,"PE_TTM_SQ":-37.326866502967,"PB_TTM_SQ":0.787176628169,"ROA_SQ":-0.341939367115,"START_DATE":"2023-01-01 00:00:00","FISCAL_YEAR":"12-31","CURRENCY":"HKD","IS_CNY_CODE":0,"DPS_HKD_LY":null,"ORG_TYPE":"一般企业","PREMIUM_INCOME":null,"PREMIUM_INCOME_YOY":null,"NET_INTEREST_INCOME":null,"NET_INTEREST_INCOME_YOY":null,"FEE_COMMISSION_INCOME":null,"FEE_COMMISSION_INCOME_YOY":null,"ACCOUNTS_RECE_TDAYS":2.685012687833,"INVENTORY_TDAYS":0.886504140908,"CURRENT_ASSETS_TDAYS":0.051213852984,"TOTAL_ASSETS_TDAYS":0.048625142034,"PREMIUM_EXPENSE":null,"LOAN_DEPOSIT":null,"LOAN_EQUITY":null,"LOAN_ASSETS":null,"DEPOSIT_EQUITY":null,"DEPOSIT_ASSETS":null,"EQUITY_MULTIPLIER":1.031780764727,"EQUITY_RATIO":0.031780764727},{"SECUCODE":"02235.HK","SECURITY_CODE":"02235","SECURITY_NAME_ABBR":"微泰医疗-B","ORG_CODE":"10000149413","STD_REPORT_DATE":"2022-12-31 00:00:00","REPORT_DATE":"2022-12-31 00:00:00","DATE_TYPE_CODE":"001","REPORT_TYPE":"2022年年报","PER_NETCASH_OPERATE":-0.252908682382,"PER_OI":0.407774492851,"BPS":5.284548591949,"BASIC_EPS":-0.08,"DILUTED_EPS":-0.08,"OPERATE_INCOME":173606972.8,"OPERATE_INCOME_YOY":14.6224670418,"GROSS_PROFIT":81936341.07,"GROSS_PROFIT_YOY":15.593782811111,"HOLDER_PROFIT":-35043087.42,"HOLDER_PROFIT_YOY":27.2257180238,"GROSS_PROFIT_RATIO":45.900439660488,"EPS_TTM":-0.082310297349,"OPERATE_INCOME_QOQ":5.935819410447,"NET_PROFIT_RATIO":-20.1926899961,"ROE_AVG":-1.571893857803,"GROSS_PROFIT_QOQ":11.954856572641,"ROA":-1.515951164942,"HOLDER_PROFIT_QOQ":5.388914387537,"ROE_YEARLY":-1.571893857803,"ROIC_YEARLY":-16.464170942098,"TOTAL_ASSETS":2294097265.06,"TOTAL_LIABILITIES":82065008.22,"TAX_EBT":-0.004301546894,"OCF_SALES":-62.044565323868,"TOTAL_PARENT_EQUITY":2212032256.84,"DEBT_ASSET_RATIO":3.577006552,"OPERATE_PROFIT":-120442561.68,"PRETAX_PROFIT":-35041580.09,"NETCASH_OPERATE":-119010758.45,"NETCASH_INVEST":-389444493.6,"NETCASH_FINANCE":-20572542.68,"END_CASH":1084250525.65,"DIVI_RATIO":null,"DIVIDEND_RATE":null,"CURRENT_RATIO":26.61477333855,"COMMON_ACS":null,"CURRENTDEBT_DEBT":96.458117054948,"ISSUED_COMMON_SHARES":418585800,"HK_COMMON_SHARES":166683642,"PER_SHARES":100,"TOTAL_MARKET_CAP":2051070420,"HKSK_MARKET_CAP":816749845.8,"PE_TTM":-12.895137443986,"PB_TTM":0.930163875807,"REPORT_DATE_SQ":"2021-12-31 00:00:00","REPORT_TYPE_SQ":"2021年年报","OPERATE_INCOME_SQ":151404000,"DPS_HKD":null,"OPERATE_INCOME_QOQ_SQ":101.129162958141,"NET_PROFIT_RATIO_SQ":-31.804311643,"HOLDER_PROFIT_SQ":-48153000,"HOLDER_PROFIT_QOQ_SQ":60.207092034477,"ROE_AVG_SQ":-3.236982795651,"PE_TTM_SQ":-37.326866502967,"PB_TTM_SQ":0.787176628169,"ROA_SQ":-3.100231682008,"START_DATE":"2022-01-01 00:00:00","FISCAL_YEAR":"12-31","CURRENCY":"HKD","IS_CNY_CODE":0,"DPS_HKD_LY":null,"ORG_TYPE":"一般企业","PREMIUM_INCOME":null,"PREMIUM_INCOME_YOY":null,"NET_INTEREST_INCOME":null,"NET_INTEREST_INCOME_YOY":null,"FEE_COMMISSION_INCOME":null,"FEE_COMMISSION_INCOME_YOY":null,"ACCOUNTS_RECE_TDAYS":4.507694990808,"INVENTORY_TDAYS":1.84997044335,"CURRENT_ASSETS_TDAYS":0.078699900482,"TOTAL_ASSETS_TDAYS":0.075074255348,"PREMIUM_EXPENSE":null,"LOAN_DEPOSIT":null,"LOAN_EQUITY":null,"LOAN_ASSETS":null,"DEPOSIT_EQUITY":null,"DEPOSIT_ASSETS":null,"EQUITY_MULTIPLIER":1.037097028666,"EQUITY_RATIO":0.037099372293},{"SECUCODE":"02235.HK","SECURITY_CODE":"02235","SECURITY_NAME_ABBR":"微泰医疗-B","ORG_CODE":"10000149413","STD_REPORT_DATE":"2022-06-30 00:00:00","REPORT_DATE":"2022-06-30 00:00:00","DATE_TYPE_CODE":"002","REPORT_TYPE":"2022年中报","PER_NETCASH_OPERATE":-0.062138484615,"PER_OI":0.16870287352,"BPS":5.348291795852,"BASIC_EPS":-0.02,"DILUTED_EPS":-0.02,"OPERATE_INCOME":71824000,"OPERATE_INCOME_YOY":20.8975071117,"GROSS_PROFIT":31774000,"GROSS_PROFIT_YOY":0.850631625722,"HOLDER_PROFIT":-7942000,"HOLDER_PROFIT_YOY":58.3228379513,"GROSS_PROFIT_RATIO":44.238694586768,"EPS_TTM":-0.086998576135,"OPERATE_INCOME_QOQ":8.19991545798,"NET_PROFIT_RATIO":-11.0575852083,"ROE_AVG":-0.354128301281,"GROSS_PROFIT_QOQ":0.378087834883,"ROA":-0.341939367115,"HOLDER_PROFIT_QOQ":23.080597262891,"ROE_YEARLY":-0.708256602562,"ROIC_YEARLY":-8.13412810586,"TOTAL_ASSETS":2316129000,"TOTAL_LIABILITIES":77410000,"TAX_EBT":null,"OCF_SALES":-36.833092002673,"TOTAL_PARENT_EQUITY":2238719000,"DEBT_ASSET_RATIO":3.3422145312,"OPERATE_PROFIT":-45751000,"PRETAX_PROFIT":-7942000,"NETCASH_OPERATE":-26455000,"NETCASH_INVEST":-14013000,"NETCASH_FINANCE":-20785000,"END_CASH":2103738000,"DIVI_RATIO":null,"DIVIDEND_RATE":null,"CURRENT_RATIO":28.608314475981,"COMMON_ACS":null,"CURRENTDEBT_DEBT":99.903113292856,"ISSUED_COMMON_SHARES":418585800,"HK_COMMON_SHARES":166683642,"PER_SHARES":100,"TOTAL_MARKET_CAP":2051070420,"HKSK_MARKET_CAP":816749845.8,"PE_TTM":-12.895137443986,"PB_TTM":0.930163875807,"REPORT_DATE_SQ":"2021-06-30 00:00:00","REPORT_TYPE_SQ":"2021年中报","OPERATE_INCOME_SQ":59409000,"DPS_HKD":null,"OPERATE_INCOME_QOQ_SQ":0,"NET_PROFIT_RATIO_SQ":-32.0759480887,"HOLDER_PROFIT_SQ":-19056000,"HOLDER_PROFIT_QOQ_SQ":0,"ROE_AVG_SQ":null,"PE_TTM_SQ":-37.326866502967,"PB_TTM_SQ":0.787176628169,"ROA_SQ":null,"START_DATE":"2022-01-01 00:00:00","FISCAL_YEAR":"12-31","CURRENCY":"HKD","IS_CNY_CODE":0,"DPS_HKD_LY":null,"ORG_TYPE":"一般企业","PREMIUM_INCOME":null,"PREMIUM_INCOME_YOY":null,"NET_INTEREST_INCOME":null,"NET_INTEREST_INCOME_YOY":null,"FEE_COMMISSION_INCOME":null,"FEE_COMMISSION_INCOME_YOY":null,"ACCOUNTS_RECE_TDAYS":2.507908795698,"INVENTORY_TDAYS":0.841749072605,"CURRENT_ASSETS_TDAYS":0.032311751902,"TOTAL_ASSETS_TDAYS":0.03092351184,"PREMIUM_EXPENSE":null,"LOAN_DEPOSIT":null,"LOAN_EQUITY":null,"LOAN_ASSETS":null,"DEPOSIT_EQUITY":null,"DEPOSIT_ASSETS":null,"EQUITY_MULTIPLIER":1.034577809899,"EQUITY_RATIO":0.034577809899},{"SECUCODE":"02235.HK","SECURITY_CODE":"02235","SECURITY_NAME_ABBR":"微泰医疗-B","ORG_CODE":"10000149413","STD_REPORT_DATE":"2021-12-31 00:00:00","REPORT_DATE":"2021-12-31 00:00:00","DATE_TYPE_CODE":"001","REPORT_TYPE":"2021年年报","PER_NETCASH_OPERATE":-0.103856179767,"PER_OI":0.355623327334,"BPS":5.367265205843,"BASIC_EPS":-0.13,"DILUTED_EPS":-0.13,"OPERATE_INCOME":151404000,"OPERATE_INCOME_YOY":101.1291629581,"GROSS_PROFIT":70883000,"GROSS_PROFIT_YOY":93.966177758319,"HOLDER_PROFIT":-48153000,"HOLDER_PROFIT_YOY":60.2070920345,"GROSS_PROFIT_RATIO":46.817125042932,"EPS_TTM":-0.113103551301,"OPERATE_INCOME_QOQ":101.129162958141,"NET_PROFIT_RATIO":-31.804311643,"ROE_AVG":-3.236982795651,"GROSS_PROFIT_QOQ":93.966177758319,"ROA":-3.100231682008,"HOLDER_PROFIT_QOQ":60.207092034477,"ROE_YEARLY":-3.236982795651,"ROIC_YEARLY":-23.742034094691,"TOTAL_ASSETS":2329139000,"TOTAL_LIABILITIES":82478000,"TAX_EBT":null,"OCF_SALES":-29.203984042694,"TOTAL_PARENT_EQUITY":2246661000,"DEBT_ASSET_RATIO":3.541136875,"OPERATE_PROFIT":-48136000,"PRETAX_PROFIT":-48153000,"NETCASH_OPERATE":-44216000,"NETCASH_INVEST":97688000,"NETCASH_FINANCE":1574183000,"END_CASH":2150978000,"DIVI_RATIO":null,"DIVIDEND_RATE":null,"CURRENT_RATIO":27.123138769463,"COMMON_ACS":null,"CURRENTDEBT_DEBT":99.830257765707,"ISSUED_COMMON_SHARES":418585800,"HK_COMMON_SHARES":166683642,"PER_SHARES":100,"TOTAL_MARKET_CAP":2051070420,"HKSK_MARKET_CAP":816749845.8,"PE_TTM":-12.895137443986,"PB_TTM":0.930163875807,"REPORT_DATE_SQ":"2020-12-31 00:00:00","REPORT_TYPE_SQ":"2020年年报","OPERATE_INCOME_SQ":75277000,"DPS_HKD":null,"OPERATE_INCOME_QOQ_SQ":45.145865067582,"NET_PROFIT_RATIO_SQ":-161.0717749113,"HOLDER_PROFIT_SQ":-121009000,"HOLDER_PROFIT_QOQ_SQ":-53.928053527362,"ROE_AVG_SQ":-25.602053089631,"PE_TTM_SQ":-37.326866502967,"PB_TTM_SQ":0.787176628169,"ROA_SQ":-23.225916659709,"START_DATE":"2021-01-01 00:00:00","FISCAL_YEAR":"12-31","CURRENCY":"HKD","IS_CNY_CODE":0,"DPS_HKD_LY":null,"ORG_TYPE":"一般企业","PREMIUM_INCOME":null,"PREMIUM_INCOME_YOY":null,"NET_INTEREST_INCOME":null,"NET_INTEREST_INCOME_YOY":null,"FEE_COMMISSION_INCOME":null,"FEE_COMMISSION_INCOME_YOY":null,"ACCOUNTS_RECE_TDAYS":7.941671693462,"INVENTORY_TDAYS":3.062333612231,"CURRENT_ASSETS_TDAYS":0.103646671397,"TOTAL_ASSETS_TDAYS":0.097478345603,"PREMIUM_EXPENSE":null,"LOAN_DEPOSIT":null,"LOAN_EQUITY":null,"LOAN_ASSETS":null,"DEPOSIT_EQUITY":null,"DEPOSIT_ASSETS":null,"EQUITY_MULTIPLIER":1.036711368559,"EQUITY_RATIO":0.03671136856},{"SECUCODE":"02235.HK","SECURITY_CODE":"02235","SECURITY_NAME_ABBR":"微泰医疗-B","ORG_CODE":"10000149413","STD_REPORT_DATE":"2021-06-30 00:00:00","REPORT_DATE":"2021-06-30 00:00:00","DATE_TYPE_CODE":"002","REPORT_TYPE":"2021年中报","PER_NETCASH_OPERATE":null,"PER_OI":null,"BPS":null,"BASIC_EPS":-0.05,"DILUTED_EPS":-0.05,"OPERATE_INCOME":59409000,"OPERATE_INCOME_YOY":null,"GROSS_PROFIT":31506000,"GROSS_PROFIT_YOY":null,"HOLDER_PROFIT":-19056000,"HOLDER_PROFIT_YOY":null,"GROSS_PROFIT_RATIO":53.032368833005,"EPS_TTM":-0.336136111111,"OPERATE_INCOME_QOQ":0,"NET_PROFIT_RATIO":-32.0759480887,"ROE_AVG":null,"GROSS_PROFIT_QOQ":0,"ROA":null,"HOLDER_PROFIT_QOQ":0,"ROE_YEARLY":null,"ROIC_YEARLY":null,"TOTAL_ASSETS":null,"TOTAL_LIABILITIES":null,"TAX_EBT":null,"OCF_SALES":-16.54126479153,"TOTAL_PARENT_EQUITY":null,"DEBT_ASSET_RATIO":null,"OPERATE_PROFIT":-19054000,"PRETAX_PROFIT":-19056000,"NETCASH_OPERATE":-9827000,"NETCASH_INVEST":99805000,"NETCASH_FINANCE":-10172000,"END_CASH":618742000,"DIVI_RATIO":null,"DIVIDEND_RATE":null,"CURRENT_RATIO":null,"COMMON_ACS":null,"CURRENTDEBT_DEBT":null,"ISSUED_COMMON_SHARES":418585800,"HK_COMMON_SHARES":166683642,"PER_SHARES":100,"TOTAL_MARKET_CAP":2051070420,"HKSK_MARKET_CAP":816749845.8,"PE_TTM":-12.895137443986,"PB_TTM":0.930163875807,"REPORT_DATE_SQ":"2020-06-30 00:00:00","REPORT_TYPE_SQ":"2020年中报","OPERATE_INCOME_SQ":null,"DPS_HKD":null,"OPERATE_INCOME_QOQ_SQ":0,"NET_PROFIT_RATIO_SQ":null,"HOLDER_PROFIT_SQ":null,"HOLDER_PROFIT_QOQ_SQ":0,"ROE_AVG_SQ":null,"PE_TTM_SQ":-37.326866502967,"PB_TTM_SQ":0.787176628169,"ROA_SQ":null,"START_DATE":"2021-01-01 00:00:00","FISCAL_YEAR":"12-31","CURRENCY":"HKD","IS_CNY_CODE":0,"DPS_HKD_LY":null,"ORG_TYPE":"一般企业","PREMIUM_INCOME":null,"PREMIUM_INCOME_YOY":null,"NET_INTEREST_INCOME":null,"NET_INTEREST_INCOME_YOY":null,"FEE_COMMISSION_INCOME":null,"FEE_COMMISSION_INCOME_YOY":null,"ACCOUNTS_RECE_TDAYS":null,"INVENTORY_TDAYS":null,"CURRENT_ASSETS_TDAYS":0.17263132813,"TOTAL_ASSETS_TDAYS":0.152865012853,"PREMIUM_EXPENSE":null,"LOAN_DEPOSIT":null,"LOAN_EQUITY":null,"LOAN_ASSETS":null,"DEPOSIT_EQUITY":null,"DEPOSIT_ASSETS":null,"EQUITY_MULTIPLIER":null,"EQUITY_RATIO":null},{"SECUCODE":"02235.HK","SECURITY_CODE":"02235","SECURITY_NAME_ABBR":"微泰医疗-B","ORG_CODE":"10000149413","STD_REPORT_DATE":"2020-12-31 00:00:00","REPORT_DATE":"2020-12-31 00:00:00","DATE_TYPE_CODE":"001","REPORT_TYPE":"2020年年报","PER_NETCASH_OPERATE":-0.026597222222,"PER_OI":0.209102777778,"BPS":1.740424543785,"BASIC_EPS":-0.39,"DILUTED_EPS":-0.39,"OPERATE_INCOME":75277000,"OPERATE_INCOME_YOY":45.1458650676,"GROSS_PROFIT":36544000,"GROSS_PROFIT_YOY":51.741892621351,"HOLDER_PROFIT":-121009000,"HOLDER_PROFIT_YOY":-53.9280535274,"GROSS_PROFIT_RATIO":48.546036638017,"EPS_TTM":-0.336136111111,"OPERATE_INCOME_QOQ":45.145865067582,"NET_PROFIT_RATIO":-161.0717749113,"ROE_AVG":-25.602053089631,"GROSS_PROFIT_QOQ":51.741892621351,"ROA":-23.225916659709,"HOLDER_PROFIT_QOQ":-53.928053527362,"ROE_YEARLY":-25.602053089631,"ROIC_YEARLY":-53.687645439441,"TOTAL_ASSETS":777274000,"TOTAL_LIABILITIES":48757000,"TAX_EBT":null,"OCF_SALES":-12.719688616709,"TOTAL_PARENT_EQUITY":728517000,"DEBT_ASSET_RATIO":6.2728201381,"OPERATE_PROFIT":-120942000,"PRETAX_PROFIT":-121250000,"NETCASH_OPERATE":-9575000,"NETCASH_INVEST":-1222000,"NETCASH_FINANCE":511276000,"END_CASH":539800000,"DIVI_RATIO":null,"DIVIDEND_RATE":null,"CURRENT_RATIO":14.116455073118,"COMMON_ACS":null,"CURRENTDEBT_DEBT":100,"ISSUED_COMMON_SHARES":418585800,"HK_COMMON_SHARES":166683642,"PER_SHARES":100,"TOTAL_MARKET_CAP":2051070420,"HKSK_MARKET_CAP":816749845.8,"PE_TTM":-12.895137443986,"PB_TTM":0.930163875807,"REPORT_DATE_SQ":"2019-12-31 00:00:00","REPORT_TYPE_SQ":"2019年年报","OPERATE_INCOME_SQ":51863000,"DPS_HKD":null,"OPERATE_INCOME_QOQ_SQ":null,"NET_PROFIT_RATIO_SQ":-151.5801245589,"HOLDER_PROFIT_SQ":-78614000,"HOLDER_PROFIT_QOQ_SQ":null,"ROE_AVG_SQ":-36.262742746437,"PE_TTM_SQ":-37.326866502967,"PB_TTM_SQ":0.787176628169,"ROA_SQ":-29.694458399278,"START_DATE":"2020-01-01 00:00:00","FISCAL_YEAR":"12-31","CURRENCY":"HKD","IS_CNY_CODE":0,"DPS_HKD_LY":null,"ORG_TYPE":"一般企业","PREMIUM_INCOME":null,"PREMIUM_INCOME_YOY":null,"NET_INTEREST_INCOME":null,"NET_INTEREST_INCOME_YOY":null,"FEE_COMMISSION_INCOME":null,"FEE_COMMISSION_INCOME_YOY":null,"ACCOUNTS_RECE_TDAYS":8.484305438152,"INVENTORY_TDAYS":2.862643656923,"CURRENT_ASSETS_TDAYS":0.170343676633,"TOTAL_ASSETS_TDAYS":0.144483247394,"PREMIUM_EXPENSE":null,"LOAN_DEPOSIT":null,"LOAN_EQUITY":null,"LOAN_ASSETS":null,"DEPOSIT_EQUITY":null,"DEPOSIT_ASSETS":null,"EQUITY_MULTIPLIER":1.066926372343,"EQUITY_RATIO":0.066926372343},{"SECUCODE":"02235.HK","SECURITY_CODE":"02235","SECURITY_NAME_ABBR":"微泰医疗-B","ORG_CODE":"10000149413","STD_REPORT_DATE":"2019-12-31 00:00:00","REPORT_DATE":"2019-12-31 00:00:00","DATE_TYPE_CODE":"001","REPORT_TYPE":"2019年年报","PER_NETCASH_OPERATE":-0.241310717454,"PER_OI":0.697064595038,"BPS":0.51791054546,"BASIC_EPS":-0.28,"DILUTED_EPS":-0.28,"OPERATE_INCOME":51863000,"OPERATE_INCOME_YOY":null,"GROSS_PROFIT":24083000,"GROSS_PROFIT_YOY":null,"HOLDER_PROFIT":-78614000,"HOLDER_PROFIT_YOY":null,"GROSS_PROFIT_RATIO":46.435802016852,"EPS_TTM":-1.056611381414,"OPERATE_INCOME_QOQ":null,"NET_PROFIT_RATIO":-151.5801245589,"ROE_AVG":-36.262742746437,"GROSS_PROFIT_QOQ":null,"ROA":-29.694458399278,"HOLDER_PROFIT_QOQ":null,"ROE_YEARLY":-36.262742746437,"ROIC_YEARLY":-35.203188321429,"TOTAL_ASSETS":264743000,"TOTAL_LIABILITIES":47953000,"TAX_EBT":null,"OCF_SALES":-34.618128530937,"TOTAL_PARENT_EQUITY":216790000,"DEBT_ASSET_RATIO":18.1130379273,"OPERATE_PROFIT":null,"PRETAX_PROFIT":-78614000,"NETCASH_OPERATE":-17954000,"NETCASH_INVEST":-95141000,"NETCASH_FINANCE":100876000,"END_CASH":41428000,"DIVI_RATIO":null,"DIVIDEND_RATE":null,"CURRENT_RATIO":4.077930473589,"COMMON_ACS":null,"CURRENTDEBT_DEBT":100,"ISSUED_COMMON_SHARES":418585800,"HK_COMMON_SHARES":166683642,"PER_SHARES":100,"TOTAL_MARKET_CAP":2051070420,"HKSK_MARKET_CAP":816749845.8,"PE_TTM":-12.895137443986,"PB_TTM":0.930163875807,"REPORT_DATE_SQ":"2018-12-31 00:00:00","REPORT_TYPE_SQ":"2018年年报","OPERATE_INCOME_SQ":null,"DPS_HKD":null,"OPERATE_INCOME_QOQ_SQ":null,"NET_PROFIT_RATIO_SQ":null,"HOLDER_PROFIT_SQ":null,"HOLDER_PROFIT_QOQ_SQ":null,"ROE_AVG_SQ":null,"PE_TTM_SQ":-37.326866502967,"PB_TTM_SQ":0.787176628169,"ROA_SQ":null,"START_DATE":"2019-01-01 00:00:00","FISCAL_YEAR":"12-31","CURRENCY":"HKD","IS_CNY_CODE":0,"DPS_HKD_LY":null,"ORG_TYPE":"一般企业","PREMIUM_INCOME":null,"PREMIUM_INCOME_YOY":null,"NET_INTEREST_INCOME":null,"NET_INTEREST_INCOME_YOY":null,"FEE_COMMISSION_INCOME":null,"FEE_COMMISSION_INCOME_YOY":null,"ACCOUNTS_RECE_TDAYS":7.021797996209,"INVENTORY_TDAYS":3.216022227367,"CURRENT_ASSETS_TDAYS":0.530434827077,"TOTAL_ASSETS_TDAYS":0.391798838874,"PREMIUM_EXPENSE":null,"LOAN_DEPOSIT":null,"LOAN_EQUITY":null,"LOAN_ASSETS":null,"DEPOSIT_EQUITY":null,"DEPOSIT_ASSETS":null,"EQUITY_MULTIPLIER":1.221195627104,"EQUITY_RATIO":0.221195627105}],"count":9},"success":true,"message":"ok","code":0}