{"version":"e20985c3281e820433373d24c5ca274d","result":{"pages":2,"data":[{"SECUCODE":"02237.HK","SECURITY_CODE":"02237","SECURITY_NAME_ABBR":"中国石墨","ORG_CODE":"10000214106","STD_REPORT_DATE":"2024-06-30 00:00:00","REPORT_DATE":"2024-06-30 00:00:00","DATE_TYPE_CODE":"002","REPORT_TYPE":"2024年中报","PER_NETCASH_OPERATE":0.03915,"PER_OI":0.022773125,"BPS":0.270369375,"BASIC_EPS":-0.0101,"DILUTED_EPS":-0.0101,"OPERATE_INCOME":36437000,"OPERATE_INCOME_YOY":-22.8209527441,"GROSS_PROFIT":2923000,"GROSS_PROFIT_YOY":-82.686726292721,"HOLDER_PROFIT":-16218000,"HOLDER_PROFIT_YOY":-385.2782764811,"GROSS_PROFIT_RATIO":8.022065482888,"EPS_TTM":0.00527625,"OPERATE_INCOME_QOQ":-5.333821796687,"NET_PROFIT_RATIO":-44.5097016769,"ROE_AVG":-3.680054458816,"GROSS_PROFIT_QOQ":-18.951941352159,"ROA":-2.744023146033,"HOLDER_PROFIT_QOQ":-60.399662257247,"ROE_YEARLY":-7.360108917631,"ROIC_YEARLY":-6.652112521521,"TOTAL_ASSETS":606435000,"TOTAL_LIABILITIES":173844000,"TAX_EBT":-2.554698368534,"OCF_SALES":171.913165189231,"TOTAL_PARENT_EQUITY":432591000,"DEBT_ASSET_RATIO":28.666551238,"OPERATE_PROFIT":-13179000,"PRETAX_PROFIT":-15814000,"NETCASH_OPERATE":62640000,"NETCASH_INVEST":-138136000,"NETCASH_FINANCE":58327000,"END_CASH":94933000,"DIVI_RATIO":null,"DIVIDEND_RATE":null,"CURRENT_RATIO":1.509058928057,"COMMON_ACS":2000000000,"CURRENTDEBT_DEBT":95.819240238375,"ISSUED_COMMON_SHARES":1600000000,"HK_COMMON_SHARES":1600000000,"PER_SHARES":10000,"TOTAL_MARKET_CAP":624000000,"HKSK_MARKET_CAP":624000000,"PE_TTM":66.529831910795,"PB_TTM":1.316514490593,"REPORT_DATE_SQ":"2023-06-30 00:00:00","REPORT_TYPE_SQ":"2023年中报","OPERATE_INCOME_SQ":47211000,"DPS_HKD":null,"OPERATE_INCOME_QOQ_SQ":-16.937809535993,"NET_PROFIT_RATIO_SQ":-7.0788587405,"HOLDER_PROFIT_SQ":-3342000,"HOLDER_PROFIT_QOQ_SQ":-21.006052011851,"ROE_AVG_SQ":-0.764179159083,"PE_TTM_SQ":10.158483316004,"PB_TTM_SQ":1.530296947535,"ROA_SQ":-0.664092034969,"START_DATE":"2024-01-01 00:00:00","FISCAL_YEAR":"12-31","CURRENCY":"HKD","IS_CNY_CODE":0,"DPS_HKD_LY":null,"ORG_TYPE":"一般企业","PREMIUM_INCOME":null,"PREMIUM_INCOME_YOY":null,"NET_INTEREST_INCOME":null,"NET_INTEREST_INCOME_YOY":null,"FEE_COMMISSION_INCOME":null,"FEE_COMMISSION_INCOME_YOY":null,"ACCOUNTS_RECE_TDAYS":0.242057257499,"INVENTORY_TDAYS":0.81584264466,"CURRENT_ASSETS_TDAYS":0.122608574221,"TOTAL_ASSETS_TDAYS":0.061650000846,"PREMIUM_EXPENSE":null,"LOAN_DEPOSIT":null,"LOAN_EQUITY":null,"LOAN_ASSETS":null,"DEPOSIT_EQUITY":null,"DEPOSIT_ASSETS":null,"EQUITY_MULTIPLIER":1.401866890435,"EQUITY_RATIO":0.401866890435},{"SECUCODE":"02237.HK","SECURITY_CODE":"02237","SECURITY_NAME_ABBR":"中国石墨","ORG_CODE":"10000214106","STD_REPORT_DATE":"2023-12-31 00:00:00","REPORT_DATE":"2023-12-31 00:00:00","DATE_TYPE_CODE":"001","REPORT_TYPE":"2023年年报","PER_NETCASH_OPERATE":0.017270625,"PER_OI":0.12624625,"BPS":0.280505625,"BASIC_EPS":0.0133,"DILUTED_EPS":0.0133,"OPERATE_INCOME":201994000,"OPERATE_INCOME_YOY":-26.1704344012,"GROSS_PROFIT":73660000,"GROSS_PROFIT_YOY":-45.797184632479,"HOLDER_PROFIT":21318000,"HOLDER_PROFIT_YOY":-73.0090400344,"GROSS_PROFIT_RATIO":36.466429695932,"EPS_TTM":0.01332375,"OPERATE_INCOME_QOQ":-11.11531590203,"NET_PROFIT_RATIO":10.5537788251,"ROE_AVG":4.740894271697,"GROSS_PROFIT_QOQ":-33.947882852992,"ROA":3.853669735551,"HOLDER_PROFIT_QOQ":-65.831610328413,"ROE_YEARLY":4.740894271697,"ROIC_YEARLY":4.970754438715,"TOTAL_ASSETS":575625000,"TOTAL_LIABILITIES":126816000,"TAX_EBT":11.448035224724,"OCF_SALES":13.680109310178,"TOTAL_PARENT_EQUITY":448809000,"DEBT_ASSET_RATIO":22.031009772,"OPERATE_PROFIT":23612000,"PRETAX_PROFIT":24074000,"NETCASH_OPERATE":27633000,"NETCASH_INVEST":-58156000,"NETCASH_FINANCE":30941000,"END_CASH":111918000,"DIVI_RATIO":null,"DIVIDEND_RATE":null,"CURRENT_RATIO":2.909407074391,"COMMON_ACS":2000000000,"CURRENTDEBT_DEBT":92.961455967701,"ISSUED_COMMON_SHARES":1600000000,"HK_COMMON_SHARES":1600000000,"PER_SHARES":10000,"TOTAL_MARKET_CAP":656000000,"HKSK_MARKET_CAP":656000000,"PE_TTM":69.941618162631,"PB_TTM":1.384028054213,"REPORT_DATE_SQ":"2022-12-31 00:00:00","REPORT_TYPE_SQ":"2022年年报","OPERATE_INCOME_SQ":273595000,"DPS_HKD":null,"OPERATE_INCOME_QOQ_SQ":30.65414223224,"NET_PROFIT_RATIO_SQ":28.8682176209,"HOLDER_PROFIT_SQ":78982000,"HOLDER_PROFIT_QOQ_SQ":70.120834859026,"ROE_AVG_SQ":24.208559829459,"PE_TTM_SQ":12.467229524186,"PB_TTM_SQ":1.878091708338,"ROA_SQ":18.265429422137,"START_DATE":"2023-01-01 00:00:00","FISCAL_YEAR":"12-31","CURRENCY":"HKD","IS_CNY_CODE":0,"DPS_HKD_LY":0.016,"ORG_TYPE":"一般企业","PREMIUM_INCOME":null,"PREMIUM_INCOME_YOY":null,"NET_INTEREST_INCOME":null,"NET_INTEREST_INCOME_YOY":null,"FEE_COMMISSION_INCOME":null,"FEE_COMMISSION_INCOME_YOY":null,"ACCOUNTS_RECE_TDAYS":1.020344351191,"INVENTORY_TDAYS":4.603580012196,"CURRENT_ASSETS_TDAYS":0.575519193565,"TOTAL_ASSETS_TDAYS":0.3651459633,"PREMIUM_EXPENSE":null,"LOAN_DEPOSIT":null,"LOAN_EQUITY":null,"LOAN_ASSETS":null,"DEPOSIT_EQUITY":null,"DEPOSIT_ASSETS":null,"EQUITY_MULTIPLIER":1.282561178586,"EQUITY_RATIO":0.282561178586},{"SECUCODE":"02237.HK","SECURITY_CODE":"02237","SECURITY_NAME_ABBR":"中国石墨","ORG_CODE":"10000214106","STD_REPORT_DATE":"2023-06-30 00:00:00","REPORT_DATE":"2023-06-30 00:00:00","DATE_TYPE_CODE":"002","REPORT_TYPE":"2023年中报","PER_NETCASH_OPERATE":0.0350375,"PER_OI":0.029506875,"BPS":0.265093125,"BASIC_EPS":-0.0021,"DILUTED_EPS":-0.0021,"OPERATE_INCOME":47211000,"OPERATE_INCOME_YOY":-49.5350179579,"GROSS_PROFIT":16883000,"GROSS_PROFIT_YOY":-59.083418157142,"HOLDER_PROFIT":-3342000,"HOLDER_PROFIT_YOY":-125.2245452487,"GROSS_PROFIT_RATIO":35.760733727309,"EPS_TTM":0.038994375,"OPERATE_INCOME_QOQ":-16.937809535993,"NET_PROFIT_RATIO":-7.0788587405,"ROE_AVG":-0.764179159083,"GROSS_PROFIT_QOQ":-17.939321692164,"ROA":-0.664092034969,"HOLDER_PROFIT_QOQ":-21.006052011851,"ROE_YEARLY":-1.528358318166,"ROIC_YEARLY":-1.767473100509,"TOTAL_ASSETS":475738000,"TOTAL_LIABILITIES":51589000,"TAX_EBT":21.179245283019,"OCF_SALES":118.743513164305,"TOTAL_PARENT_EQUITY":424149000,"DEBT_ASSET_RATIO":10.8439939631,"OPERATE_PROFIT":-4802000,"PRETAX_PROFIT":-4240000,"NETCASH_OPERATE":56060000,"NETCASH_INVEST":-28833000,"NETCASH_FINANCE":-24058000,"END_CASH":113434000,"DIVI_RATIO":null,"DIVIDEND_RATE":null,"CURRENT_RATIO":5.73297736103,"COMMON_ACS":2000000000,"CURRENTDEBT_DEBT":89.303921378589,"ISSUED_COMMON_SHARES":1600000000,"HK_COMMON_SHARES":1600000000,"PER_SHARES":10000,"TOTAL_MARKET_CAP":656000000,"HKSK_MARKET_CAP":656000000,"PE_TTM":69.941618162631,"PB_TTM":1.384028054213,"REPORT_DATE_SQ":"2022-06-30 00:00:00","REPORT_TYPE_SQ":"2022年中报","OPERATE_INCOME_SQ":93552000,"DPS_HKD":null,"OPERATE_INCOME_QOQ_SQ":5.564993824515,"NET_PROFIT_RATIO_SQ":14.1621771849,"HOLDER_PROFIT_SQ":13249000,"HOLDER_PROFIT_QOQ_SQ":-12.935771214252,"ROE_AVG_SQ":6.350705221153,"PE_TTM_SQ":12.467229524186,"PB_TTM_SQ":1.878091708338,"ROA_SQ":3.839622094708,"START_DATE":"2023-01-01 00:00:00","FISCAL_YEAR":"12-31","CURRENCY":"HKD","IS_CNY_CODE":0,"DPS_HKD_LY":0.016,"ORG_TYPE":"一般企业","PREMIUM_INCOME":null,"PREMIUM_INCOME_YOY":null,"NET_INTEREST_INCOME":null,"NET_INTEREST_INCOME_YOY":null,"FEE_COMMISSION_INCOME":null,"FEE_COMMISSION_INCOME_YOY":null,"ACCOUNTS_RECE_TDAYS":0.300029551109,"INVENTORY_TDAYS":1.100974715481,"CURRENT_ASSETS_TDAYS":0.151538787459,"TOTAL_ASSETS_TDAYS":0.093813432265,"PREMIUM_EXPENSE":null,"LOAN_DEPOSIT":null,"LOAN_EQUITY":null,"LOAN_ASSETS":null,"DEPOSIT_EQUITY":null,"DEPOSIT_ASSETS":null,"EQUITY_MULTIPLIER":1.121629427395,"EQUITY_RATIO":0.121629427395},{"SECUCODE":"02237.HK","SECURITY_CODE":"02237","SECURITY_NAME_ABBR":"中国石墨","ORG_CODE":"10000214106","STD_REPORT_DATE":"2022-12-31 00:00:00","REPORT_DATE":"2022-12-31 00:00:00","DATE_TYPE_CODE":"001","REPORT_TYPE":"2022年年报","PER_NETCASH_OPERATE":0.048334375,"PER_OI":0.170996875,"BPS":0.281571875,"BASIC_EPS":0.0571,"DILUTED_EPS":0.057,"OPERATE_INCOME":273595000,"OPERATE_INCOME_YOY":37.9250371789,"GROSS_PROFIT":135897000,"GROSS_PROFIT_YOY":46.058274131316,"HOLDER_PROFIT":78982000,"HOLDER_PROFIT_YOY":48.1143928739,"GROSS_PROFIT_RATIO":49.670863868126,"EPS_TTM":0.04936375,"OPERATE_INCOME_QOQ":30.65414223224,"NET_PROFIT_RATIO":28.8682176209,"ROE_AVG":24.208559829459,"GROSS_PROFIT_QOQ":37.462700154763,"ROA":18.265429422137,"HOLDER_PROFIT_QOQ":70.120834859026,"ROE_YEARLY":24.208559829459,"ROIC_YEARLY":22.755743533303,"TOTAL_ASSETS":530749000,"TOTAL_LIABILITIES":80234000,"TAX_EBT":15.930088985396,"OCF_SALES":28.266232935543,"TOTAL_PARENT_EQUITY":450515000,"DEBT_ASSET_RATIO":15.1171269282,"OPERATE_PROFIT":94433000,"PRETAX_PROFIT":93948000,"NETCASH_OPERATE":77335000,"NETCASH_INVEST":-88797000,"NETCASH_FINANCE":85945000,"END_CASH":110182000,"DIVI_RATIO":null,"DIVIDEND_RATE":null,"CURRENT_RATIO":4.706304983415,"COMMON_ACS":2000000000,"CURRENTDEBT_DEBT":95.063190168756,"ISSUED_COMMON_SHARES":1600000000,"HK_COMMON_SHARES":1600000000,"PER_SHARES":10000,"TOTAL_MARKET_CAP":656000000,"HKSK_MARKET_CAP":656000000,"PE_TTM":69.941618162631,"PB_TTM":1.384028054213,"REPORT_DATE_SQ":"2021-12-31 00:00:00","REPORT_TYPE_SQ":"2021年年报","OPERATE_INCOME_SQ":198365000,"DPS_HKD":null,"OPERATE_INCOME_QOQ_SQ":17.550326224155,"NET_PROFIT_RATIO_SQ":26.8822624959,"HOLDER_PROFIT_SQ":53325000,"HOLDER_PROFIT_QOQ_SQ":44.574883418284,"ROE_AVG_SQ":30.413122271303,"PE_TTM_SQ":12.467229524186,"PB_TTM_SQ":1.878091708338,"ROA_SQ":16.584586054019,"START_DATE":"2022-01-01 00:00:00","FISCAL_YEAR":"12-31","CURRENCY":"HKD","IS_CNY_CODE":0,"DPS_HKD_LY":null,"ORG_TYPE":"一般企业","PREMIUM_INCOME":null,"PREMIUM_INCOME_YOY":null,"NET_INTEREST_INCOME":null,"NET_INTEREST_INCOME_YOY":null,"FEE_COMMISSION_INCOME":null,"FEE_COMMISSION_INCOME_YOY":null,"ACCOUNTS_RECE_TDAYS":1.56005702067,"INVENTORY_TDAYS":7.263318915497,"CURRENT_ASSETS_TDAYS":0.963447486575,"TOTAL_ASSETS_TDAYS":0.632717601827,"PREMIUM_EXPENSE":null,"LOAN_DEPOSIT":null,"LOAN_EQUITY":null,"LOAN_ASSETS":null,"DEPOSIT_EQUITY":null,"DEPOSIT_ASSETS":null,"EQUITY_MULTIPLIER":1.178093959136,"EQUITY_RATIO":0.178093959136},{"SECUCODE":"02237.HK","SECURITY_CODE":"02237","SECURITY_NAME_ABBR":"中国石墨","ORG_CODE":"10000214106","STD_REPORT_DATE":"2022-06-30 00:00:00","REPORT_DATE":"2022-06-30 00:00:00","DATE_TYPE_CODE":"002","REPORT_TYPE":"2022年中报","PER_NETCASH_OPERATE":67440000,"PER_OI":93552000,"BPS":0.134529375,"BASIC_EPS":0.011,"DILUTED_EPS":0.011,"OPERATE_INCOME":93552000,"OPERATE_INCOME_YOY":13.3784979337,"GROSS_PROFIT":41262000,"GROSS_PROFIT_YOY":16.414625888726,"HOLDER_PROFIT":13249000,"HOLDER_PROFIT_YOY":-34.2383481412,"GROSS_PROFIT_RATIO":44.105951770139,"EPS_TTM":46427000,"OPERATE_INCOME_QOQ":5.564993824515,"NET_PROFIT_RATIO":14.1621771849,"ROE_AVG":6.350705221153,"GROSS_PROFIT_QOQ":6.253022795912,"ROA":3.839622094708,"HOLDER_PROFIT_QOQ":-12.935771214252,"ROE_YEARLY":12.701410442306,"ROIC_YEARLY":8.978355447732,"TOTAL_ASSETS":356044000,"TOTAL_LIABILITIES":140797000,"TAX_EBT":25.709319277784,"OCF_SALES":72.088250384813,"TOTAL_PARENT_EQUITY":215247000,"DEBT_ASSET_RATIO":39.5448315377,"OPERATE_PROFIT":18062000,"PRETAX_PROFIT":17834000,"NETCASH_OPERATE":67440000,"NETCASH_INVEST":-34032000,"NETCASH_FINANCE":-1420000,"END_CASH":65922000,"DIVI_RATIO":null,"DIVIDEND_RATE":null,"CURRENT_RATIO":1.512639288249,"COMMON_ACS":2000000000,"CURRENTDEBT_DEBT":97.07380128838,"ISSUED_COMMON_SHARES":1600000000,"HK_COMMON_SHARES":1600000000,"PER_SHARES":10000,"TOTAL_MARKET_CAP":656000000,"HKSK_MARKET_CAP":656000000,"PE_TTM":69.941618162631,"PB_TTM":1.384028054213,"REPORT_DATE_SQ":"2021-06-30 00:00:00","REPORT_TYPE_SQ":"2021年中报","OPERATE_INCOME_SQ":82513000,"DPS_HKD":null,"OPERATE_INCOME_QOQ_SQ":0,"NET_PROFIT_RATIO_SQ":24.4167585714,"HOLDER_PROFIT_SQ":20147000,"HOLDER_PROFIT_QOQ_SQ":0,"ROE_AVG_SQ":null,"PE_TTM_SQ":12.467229524186,"PB_TTM_SQ":1.878091708338,"ROA_SQ":null,"START_DATE":"2022-01-01 00:00:00","FISCAL_YEAR":"12-31","CURRENCY":"HKD","IS_CNY_CODE":0,"DPS_HKD_LY":null,"ORG_TYPE":"一般企业","PREMIUM_INCOME":null,"PREMIUM_INCOME_YOY":null,"NET_INTEREST_INCOME":null,"NET_INTEREST_INCOME_YOY":null,"FEE_COMMISSION_INCOME":null,"FEE_COMMISSION_INCOME_YOY":null,"ACCOUNTS_RECE_TDAYS":0.748544749697,"INVENTORY_TDAYS":2.217322166861,"CURRENT_ASSETS_TDAYS":0.450062420471,"TOTAL_ASSETS_TDAYS":0.271118066423,"PREMIUM_EXPENSE":null,"LOAN_DEPOSIT":null,"LOAN_EQUITY":null,"LOAN_ASSETS":null,"DEPOSIT_EQUITY":null,"DEPOSIT_ASSETS":null,"EQUITY_MULTIPLIER":1.654118292009,"EQUITY_RATIO":0.654118292009},{"SECUCODE":"02237.HK","SECURITY_CODE":"02237","SECURITY_NAME_ABBR":"中国石墨","ORG_CODE":"10000214106","STD_REPORT_DATE":"2021-12-31 00:00:00","REPORT_DATE":"2021-12-31 00:00:00","DATE_TYPE_CODE":"001","REPORT_TYPE":"2021年年报","PER_NETCASH_OPERATE":null,"PER_OI":null,"BPS":0.12624875,"BASIC_EPS":0.0444,"DILUTED_EPS":0.0444,"OPERATE_INCOME":198365000,"OPERATE_INCOME_YOY":17.5503262242,"GROSS_PROFIT":93043000,"GROSS_PROFIT_YOY":11.767391017094,"HOLDER_PROFIT":53325000,"HOLDER_PROFIT_YOY":44.5748834183,"GROSS_PROFIT_RATIO":46.904947949487,"EPS_TTM":null,"OPERATE_INCOME_QOQ":17.550326224155,"NET_PROFIT_RATIO":26.8822624959,"ROE_AVG":30.413122271303,"GROSS_PROFIT_QOQ":11.767391017094,"ROA":16.584586054019,"HOLDER_PROFIT_QOQ":44.574883418284,"ROE_YEARLY":30.413122271303,"ROIC_YEARLY":17.800930021398,"TOTAL_ASSETS":334076000,"TOTAL_LIABILITIES":132078000,"TAX_EBT":12.350630352241,"OCF_SALES":38.160965896201,"TOTAL_PARENT_EQUITY":201998000,"DEBT_ASSET_RATIO":39.5353153175,"OPERATE_PROFIT":61619000,"PRETAX_PROFIT":60839000,"NETCASH_OPERATE":75698000,"NETCASH_INVEST":-29122000,"NETCASH_FINANCE":-22649000,"END_CASH":33934000,"DIVI_RATIO":null,"DIVIDEND_RATE":null,"CURRENT_RATIO":1.640006277957,"COMMON_ACS":2000000000,"CURRENTDEBT_DEBT":96.480867366253,"ISSUED_COMMON_SHARES":1600000000,"HK_COMMON_SHARES":1600000000,"PER_SHARES":10000,"TOTAL_MARKET_CAP":656000000,"HKSK_MARKET_CAP":656000000,"PE_TTM":69.941618162631,"PB_TTM":1.384028054213,"REPORT_DATE_SQ":"2020-12-31 00:00:00","REPORT_TYPE_SQ":"2020年年报","OPERATE_INCOME_SQ":168749000,"DPS_HKD":null,"OPERATE_INCOME_QOQ_SQ":36.378256934118,"NET_PROFIT_RATIO_SQ":22.4350959117,"HOLDER_PROFIT_SQ":36884000,"HOLDER_PROFIT_QOQ_SQ":50.246445883743,"ROE_AVG_SQ":28.430919125582,"PE_TTM_SQ":12.467229524186,"PB_TTM_SQ":1.878091708338,"ROA_SQ":13.349209738655,"START_DATE":"2021-01-01 00:00:00","FISCAL_YEAR":"12-31","CURRENCY":"HKD","IS_CNY_CODE":0,"DPS_HKD_LY":null,"ORG_TYPE":"一般企业","PREMIUM_INCOME":null,"PREMIUM_INCOME_YOY":null,"NET_INTEREST_INCOME":null,"NET_INTEREST_INCOME_YOY":null,"FEE_COMMISSION_INCOME":null,"FEE_COMMISSION_INCOME_YOY":null,"ACCOUNTS_RECE_TDAYS":1.28180854776,"INVENTORY_TDAYS":4.694958320332,"CURRENT_ASSETS_TDAYS":0.966658057474,"TOTAL_ASSETS_TDAYS":0.616934160826,"PREMIUM_EXPENSE":null,"LOAN_DEPOSIT":null,"LOAN_EQUITY":null,"LOAN_ASSETS":null,"DEPOSIT_EQUITY":null,"DEPOSIT_ASSETS":null,"EQUITY_MULTIPLIER":1.65385795899,"EQUITY_RATIO":0.65385795899},{"SECUCODE":"02237.HK","SECURITY_CODE":"02237","SECURITY_NAME_ABBR":"中国石墨","ORG_CODE":"10000214106","STD_REPORT_DATE":"2021-06-30 00:00:00","REPORT_DATE":"2021-06-30 00:00:00","DATE_TYPE_CODE":"002","REPORT_TYPE":"2021年中报","PER_NETCASH_OPERATE":null,"PER_OI":null,"BPS":null,"BASIC_EPS":0.0168,"DILUTED_EPS":0.0168,"OPERATE_INCOME":82513000,"OPERATE_INCOME_YOY":null,"GROSS_PROFIT":35444000,"GROSS_PROFIT_YOY":null,"HOLDER_PROFIT":20147000,"HOLDER_PROFIT_YOY":null,"GROSS_PROFIT_RATIO":42.955655472471,"EPS_TTM":null,"OPERATE_INCOME_QOQ":0,"NET_PROFIT_RATIO":24.4167585714,"ROE_AVG":null,"GROSS_PROFIT_QOQ":0,"ROA":null,"HOLDER_PROFIT_QOQ":0,"ROE_YEARLY":null,"ROIC_YEARLY":null,"TOTAL_ASSETS":null,"TOTAL_LIABILITIES":null,"TAX_EBT":22.571099154497,"OCF_SALES":53.086180359459,"TOTAL_PARENT_EQUITY":null,"DEBT_ASSET_RATIO":null,"OPERATE_PROFIT":26448000,"PRETAX_PROFIT":26020000,"NETCASH_OPERATE":43803000,"NETCASH_INVEST":-17182000,"NETCASH_FINANCE":-16157000,"END_CASH":20471000,"DIVI_RATIO":null,"DIVIDEND_RATE":null,"CURRENT_RATIO":null,"COMMON_ACS":2000000000,"CURRENTDEBT_DEBT":null,"ISSUED_COMMON_SHARES":1600000000,"HK_COMMON_SHARES":1600000000,"PER_SHARES":10000,"TOTAL_MARKET_CAP":656000000,"HKSK_MARKET_CAP":656000000,"PE_TTM":69.941618162631,"PB_TTM":1.384028054213,"REPORT_DATE_SQ":"2020-06-30 00:00:00","REPORT_TYPE_SQ":"2020年中报","OPERATE_INCOME_SQ":null,"DPS_HKD":null,"OPERATE_INCOME_QOQ_SQ":0,"NET_PROFIT_RATIO_SQ":null,"HOLDER_PROFIT_SQ":null,"HOLDER_PROFIT_QOQ_SQ":0,"ROE_AVG_SQ":null,"PE_TTM_SQ":12.467229524186,"PB_TTM_SQ":1.878091708338,"ROA_SQ":null,"START_DATE":"2021-01-01 00:00:00","FISCAL_YEAR":"12-31","CURRENCY":"HKD","IS_CNY_CODE":0,"DPS_HKD_LY":null,"ORG_TYPE":"一般企业","PREMIUM_INCOME":null,"PREMIUM_INCOME_YOY":null,"NET_INTEREST_INCOME":null,"NET_INTEREST_INCOME_YOY":null,"FEE_COMMISSION_INCOME":null,"FEE_COMMISSION_INCOME_YOY":null,"ACCOUNTS_RECE_TDAYS":null,"INVENTORY_TDAYS":null,"CURRENT_ASSETS_TDAYS":0.819280338384,"TOTAL_ASSETS_TDAYS":0.534080280655,"PREMIUM_EXPENSE":null,"LOAN_DEPOSIT":null,"LOAN_EQUITY":null,"LOAN_ASSETS":null,"DEPOSIT_EQUITY":null,"DEPOSIT_ASSETS":null,"EQUITY_MULTIPLIER":null,"EQUITY_RATIO":null},{"SECUCODE":"02237.HK","SECURITY_CODE":"02237","SECURITY_NAME_ABBR":"中国石墨","ORG_CODE":"10000214106","STD_REPORT_DATE":"2020-12-31 00:00:00","REPORT_DATE":"2020-12-31 00:00:00","DATE_TYPE_CODE":"001","REPORT_TYPE":"2020年年报","PER_NETCASH_OPERATE":null,"PER_OI":null,"BPS":0.092920625,"BASIC_EPS":36884000,"DILUTED_EPS":36884000,"OPERATE_INCOME":168749000,"OPERATE_INCOME_YOY":36.3782569341,"GROSS_PROFIT":83247000,"GROSS_PROFIT_YOY":40.082790650714,"HOLDER_PROFIT":36884000,"HOLDER_PROFIT_YOY":50.2464458837,"GROSS_PROFIT_RATIO":49.331847892432,"EPS_TTM":null,"OPERATE_INCOME_QOQ":36.378256934118,"NET_PROFIT_RATIO":22.4350959117,"ROE_AVG":28.430919125582,"GROSS_PROFIT_QOQ":40.082790650714,"ROA":13.349209738655,"HOLDER_PROFIT_QOQ":50.246445883743,"ROE_YEARLY":28.430919125582,"ROIC_YEARLY":13.64219745753,"TOTAL_ASSETS":308991000,"TOTAL_LIABILITIES":160318000,"TAX_EBT":21.851584270823,"OCF_SALES":14.544678783282,"TOTAL_PARENT_EQUITY":148673000,"DEBT_ASSET_RATIO":51.8843590914,"OPERATE_PROFIT":null,"PRETAX_PROFIT":48445000,"NETCASH_OPERATE":24544000,"NETCASH_INVEST":-20717000,"NETCASH_FINANCE":4319000,"END_CASH":10007000,"DIVI_RATIO":null,"DIVIDEND_RATE":null,"CURRENT_RATIO":1.294807348649,"COMMON_ACS":2000000000,"CURRENTDEBT_DEBT":97.035891166307,"ISSUED_COMMON_SHARES":1600000000,"HK_COMMON_SHARES":1600000000,"PER_SHARES":10000,"TOTAL_MARKET_CAP":656000000,"HKSK_MARKET_CAP":656000000,"PE_TTM":69.941618162631,"PB_TTM":1.384028054213,"REPORT_DATE_SQ":"2019-12-31 00:00:00","REPORT_TYPE_SQ":"2019年年报","OPERATE_INCOME_SQ":123736000,"DPS_HKD":null,"OPERATE_INCOME_QOQ_SQ":3.137398726369,"NET_PROFIT_RATIO_SQ":19.8398202625,"HOLDER_PROFIT_SQ":24549000,"HOLDER_PROFIT_QOQ_SQ":-4.719580826703,"ROE_AVG_SQ":24.918668446402,"PE_TTM_SQ":12.467229524186,"PB_TTM_SQ":1.878091708338,"ROA_SQ":10.764225360759,"START_DATE":"2020-01-01 00:00:00","FISCAL_YEAR":"12-31","CURRENCY":"HKD","IS_CNY_CODE":0,"DPS_HKD_LY":null,"ORG_TYPE":"一般企业","PREMIUM_INCOME":null,"PREMIUM_INCOME_YOY":null,"NET_INTEREST_INCOME":null,"NET_INTEREST_INCOME_YOY":null,"FEE_COMMISSION_INCOME":null,"FEE_COMMISSION_INCOME_YOY":null,"ACCOUNTS_RECE_TDAYS":1.229523306435,"INVENTORY_TDAYS":2.784401204917,"CURRENT_ASSETS_TDAYS":0.957375951708,"TOTAL_ASSETS_TDAYS":0.610743355978,"PREMIUM_EXPENSE":null,"LOAN_DEPOSIT":null,"LOAN_EQUITY":null,"LOAN_ASSETS":null,"DEPOSIT_EQUITY":null,"DEPOSIT_ASSETS":null,"EQUITY_MULTIPLIER":2.078326259645,"EQUITY_RATIO":1.078326259644},{"SECUCODE":"02237.HK","SECURITY_CODE":"02237","SECURITY_NAME_ABBR":"中国石墨","ORG_CODE":"10000214106","STD_REPORT_DATE":"2019-12-31 00:00:00","REPORT_DATE":"2019-12-31 00:00:00","DATE_TYPE_CODE":"001","REPORT_TYPE":"2019年年报","PER_NETCASH_OPERATE":null,"PER_OI":null,"BPS":0.069244375,"BASIC_EPS":24549000,"DILUTED_EPS":24549000,"OPERATE_INCOME":123736000,"OPERATE_INCOME_YOY":3.1373987264,"GROSS_PROFIT":59427000,"GROSS_PROFIT_YOY":12.149691445394,"HOLDER_PROFIT":24549000,"HOLDER_PROFIT_YOY":-4.7195808267,"GROSS_PROFIT_RATIO":48.027251567854,"EPS_TTM":null,"OPERATE_INCOME_QOQ":3.137398726369,"NET_PROFIT_RATIO":19.8398202625,"ROE_AVG":24.918668446402,"GROSS_PROFIT_QOQ":12.149691445394,"ROA":10.764225360759,"HOLDER_PROFIT_QOQ":-4.719580826703,"ROE_YEARLY":24.918668446402,"ROIC_YEARLY":10.931874503203,"TOTAL_ASSETS":243611000,"TOTAL_LIABILITIES":132820000,"TAX_EBT":22.614506824701,"OCF_SALES":9.087088640331,"TOTAL_PARENT_EQUITY":110791000,"DEBT_ASSET_RATIO":54.5213475582,"OPERATE_PROFIT":null,"PRETAX_PROFIT":31723000,"NETCASH_OPERATE":11244000,"NETCASH_INVEST":-27646000,"NETCASH_FINANCE":13129000,"END_CASH":1861000,"DIVI_RATIO":null,"DIVIDEND_RATE":null,"CURRENT_RATIO":1.18104647709,"COMMON_ACS":2000000000,"CURRENTDEBT_DEBT":96.32133714802,"ISSUED_COMMON_SHARES":1600000000,"HK_COMMON_SHARES":1600000000,"PER_SHARES":10000,"TOTAL_MARKET_CAP":656000000,"HKSK_MARKET_CAP":656000000,"PE_TTM":69.941618162631,"PB_TTM":1.384028054213,"REPORT_DATE_SQ":"2018-12-31 00:00:00","REPORT_TYPE_SQ":"2018年年报","OPERATE_INCOME_SQ":119972000,"DPS_HKD":null,"OPERATE_INCOME_QOQ_SQ":null,"NET_PROFIT_RATIO_SQ":21.4758443637,"HOLDER_PROFIT_SQ":25765000,"HOLDER_PROFIT_QOQ_SQ":null,"ROE_AVG_SQ":29.875234804388,"PE_TTM_SQ":12.467229524186,"PB_TTM_SQ":1.878091708338,"ROA_SQ":12.124078283007,"START_DATE":"2019-01-01 00:00:00","FISCAL_YEAR":"12-31","CURRENCY":"HKD","IS_CNY_CODE":0,"DPS_HKD_LY":null,"ORG_TYPE":"一般企业","PREMIUM_INCOME":null,"PREMIUM_INCOME_YOY":null,"NET_INTEREST_INCOME":null,"NET_INTEREST_INCOME_YOY":null,"FEE_COMMISSION_INCOME":null,"FEE_COMMISSION_INCOME_YOY":null,"ACCOUNTS_RECE_TDAYS":1.100658245864,"INVENTORY_TDAYS":1.975577537478,"CURRENT_ASSETS_TDAYS":0.830125388274,"TOTAL_ASSETS_TDAYS":0.5425565967,"PREMIUM_EXPENSE":null,"LOAN_DEPOSIT":null,"LOAN_EQUITY":null,"LOAN_ASSETS":null,"DEPOSIT_EQUITY":null,"DEPOSIT_ASSETS":null,"EQUITY_MULTIPLIER":2.198833840294,"EQUITY_RATIO":1.198833840294}],"count":10},"success":true,"message":"ok","code":0}