{"version":"fc4ebed674a41bddebc619dd311e59b1","result":{"pages":7,"data":[{"SECUCODE":"02238.HK","SECURITY_CODE":"02238","SECURITY_NAME_ABBR":"广汽集团","ORG_CODE":"10106543","STD_REPORT_DATE":"2024-09-30 00:00:00","REPORT_DATE":"2024-09-30 00:00:00","DATE_TYPE_CODE":"004","REPORT_TYPE":"2024年三季报","PER_NETCASH_OPERATE":0.094875061935,"PER_OI":7.145338602362,"BPS":11.032709249823,"BASIC_EPS":0.01,"DILUTED_EPS":0.01,"OPERATE_INCOME":74040140204,"OPERATE_INCOME_YOY":-24.1828961415,"GROSS_PROFIT":4541107501,"GROSS_PROFIT_YOY":-32.975401566087,"HOLDER_PROFIT":120062416,"HOLDER_PROFIT_YOY":-97.3383390688,"GROSS_PROFIT_RATIO":6.133304837738,"EPS_TTM":0.003676826494,"OPERATE_INCOME_QOQ":-6.979518243425,"NET_PROFIT_RATIO":-0.6660905593,"ROE_AVG":0.104616914133,"GROSS_PROFIT_QOQ":-42.275582675302,"ROA":0.054386613551,"HOLDER_PROFIT_QOQ":-98.721078199852,"ROE_YEARLY":0.139489218844,"ROIC_YEARLY":0.071572493809,"TOTAL_ASSETS":223065816625,"TOTAL_LIABILITIES":100999022272,"TAX_EBT":44.855533258556,"OCF_SALES":1.327789587231,"TOTAL_PARENT_EQUITY":113807580182,"DEBT_ASSET_RATIO":45.2776780415,"OPERATE_PROFIT":-1190650190,"PRETAX_PROFIT":-894331586,"NETCASH_OPERATE":983097272,"NETCASH_INVEST":-9307683052,"NETCASH_FINANCE":1784701429,"END_CASH":39542261053,"DIVI_RATIO":35.241729530954,"DIVIDEND_RATE":4.433322981366,"CURRENT_RATIO":1.245145432926,"COMMON_ACS":null,"CURRENTDEBT_DEBT":81.537697108807,"ISSUED_COMMON_SHARES":10315469900,"HK_COMMON_SHARES":2931772305,"PER_SHARES":2000,"TOTAL_MARKET_CAP":33215813078,"HKSK_MARKET_CAP":9440306822.1,"PE_TTM":317.594845278516,"PB_TTM":0.263195896334,"REPORT_DATE_SQ":"2023-09-30 00:00:00","REPORT_TYPE_SQ":"2023年三季报","OPERATE_INCOME_SQ":97656249627,"DPS_HKD":0.142753,"OPERATE_INCOME_QOQ_SQ":3.617931119394,"NET_PROFIT_RATIO_SQ":4.2670266203,"HOLDER_PROFIT_SQ":4510808067,"HOLDER_PROFIT_QOQ_SQ":-9.103877966516,"ROE_AVG_SQ":3.943169082871,"PE_TTM_SQ":6.903608988755,"PB_TTM_SQ":0.270897010343,"ROA_SQ":2.2540718193,"START_DATE":"2024-01-01 00:00:00","FISCAL_YEAR":"12-31","CURRENCY":"HKD","IS_CNY_CODE":0,"DPS_HKD_LY":0.142753,"ORG_TYPE":"一般企业","PREMIUM_INCOME":null,"PREMIUM_INCOME_YOY":null,"NET_INTEREST_INCOME":null,"NET_INTEREST_INCOME_YOY":null,"FEE_COMMISSION_INCOME":null,"FEE_COMMISSION_INCOME_YOY":null,"ACCOUNTS_RECE_TDAYS":8.865734901821,"INVENTORY_TDAYS":4.046780665413,"CURRENT_ASSETS_TDAYS":0.727126977655,"TOTAL_ASSETS_TDAYS":0.335391592699,"PREMIUM_EXPENSE":null,"LOAN_DEPOSIT":null,"LOAN_EQUITY":null,"LOAN_ASSETS":null,"DEPOSIT_EQUITY":null,"DEPOSIT_ASSETS":null,"EQUITY_MULTIPLIER":1.827407836894,"EQUITY_RATIO":0.887454263683},{"SECUCODE":"02238.HK","SECURITY_CODE":"02238","SECURITY_NAME_ABBR":"广汽集团","ORG_CODE":"10106543","STD_REPORT_DATE":"2024-06-30 00:00:00","REPORT_DATE":"2024-06-30 00:00:00","DATE_TYPE_CODE":"002","REPORT_TYPE":"2024年中报","PER_NETCASH_OPERATE":0.176221558333,"PER_OI":4.410738388796,"BPS":11.275517075572,"BASIC_EPS":0.14,"DILUTED_EPS":0.14,"OPERATE_INCOME":46255051000,"OPERATE_INCOME_YOY":-25.2878369524,"GROSS_PROFIT":2152452000,"GROSS_PROFIT_YOY":8.999039875548,"HOLDER_PROFIT":1516347000,"HOLDER_PROFIT_YOY":-48.8786384871,"GROSS_PROFIT_RATIO":4.653442064089,"EPS_TTM":0.284070215072,"OPERATE_INCOME_QOQ":-8.510777478896,"NET_PROFIT_RATIO":2.6286015769,"ROE_AVG":1.307013099672,"GROSS_PROFIT_QOQ":-4.826544161779,"ROA":0.697510736643,"HOLDER_PROFIT_QOQ":-27.541202205784,"ROE_YEARLY":2.614026199343,"ROIC_YEARLY":1.828920451199,"TOTAL_ASSETS":216339376000,"TOTAL_LIABILITIES":91524301000,"TAX_EBT":-3.882097427941,"OCF_SALES":3.995284752794,"TOTAL_PARENT_EQUITY":116312257000,"DEBT_ASSET_RATIO":42.3058911846,"OPERATE_PROFIT":-758966000,"PRETAX_PROFIT":1170424000,"NETCASH_OPERATE":1848021000,"NETCASH_INVEST":-10349774000,"NETCASH_FINANCE":-3729329000,"END_CASH":27535264000,"DIVI_RATIO":0.456146818515,"DIVIDEND_RATE":4.590128617363,"CURRENT_RATIO":1.369729554276,"COMMON_ACS":null,"CURRENTDEBT_DEBT":80.443413602252,"ISSUED_COMMON_SHARES":10315469900,"HK_COMMON_SHARES":2931772305,"PER_SHARES":2000,"TOTAL_MARKET_CAP":32081111389,"HKSK_MARKET_CAP":9117811868.55,"PE_TTM":306.745331930492,"PB_TTM":0.254204732174,"REPORT_DATE_SQ":"2023-06-30 00:00:00","REPORT_TYPE_SQ":"2023年中报","OPERATE_INCOME_SQ":61911005000,"DPS_HKD":0.142753,"OPERATE_INCOME_QOQ_SQ":8.807582718902,"NET_PROFIT_RATIO_SQ":4.240469041,"HOLDER_PROFIT_SQ":2966171000,"HOLDER_PROFIT_QOQ_SQ":-25.133606122826,"ROE_AVG_SQ":2.604368289707,"PE_TTM_SQ":6.861125241132,"PB_TTM_SQ":0.269229951818,"ROA_SQ":1.513147978818,"START_DATE":"2024-01-01 00:00:00","FISCAL_YEAR":"12-31","CURRENCY":"HKD","IS_CNY_CODE":0,"DPS_HKD_LY":0.142753,"ORG_TYPE":"一般企业","PREMIUM_INCOME":null,"PREMIUM_INCOME_YOY":null,"NET_INTEREST_INCOME":null,"NET_INTEREST_INCOME_YOY":null,"FEE_COMMISSION_INCOME":null,"FEE_COMMISSION_INCOME_YOY":null,"ACCOUNTS_RECE_TDAYS":2.809315342384,"INVENTORY_TDAYS":2.548732034304,"CURRENT_ASSETS_TDAYS":0.458067522257,"TOTAL_ASSETS_TDAYS":0.212770524797,"PREMIUM_EXPENSE":null,"LOAN_DEPOSIT":null,"LOAN_EQUITY":null,"LOAN_ASSETS":null,"DEPOSIT_EQUITY":null,"DEPOSIT_ASSETS":null,"EQUITY_MULTIPLIER":1.73327922128,"EQUITY_RATIO":0.786884403765},{"SECUCODE":"02238.HK","SECURITY_CODE":"02238","SECURITY_NAME_ABBR":"广汽集团","ORG_CODE":"10106543","STD_REPORT_DATE":"2024-03-31 00:00:00","REPORT_DATE":"2024-03-31 00:00:00","DATE_TYPE_CODE":"003","REPORT_TYPE":"2024年一季报","PER_NETCASH_OPERATE":-0.585421849762,"PER_OI":2.035533040813,"BPS":11.344660324102,"BASIC_EPS":0.12,"DILUTED_EPS":0.12,"OPERATE_INCOME":21346440113,"OPERATE_INCOME_YOY":-19.1204664754,"GROSS_PROFIT":1524857657,"GROSS_PROFIT_YOY":44.150463499197,"HOLDER_PROFIT":1220351768,"HOLDER_PROFIT_YOY":-20.6464064722,"GROSS_PROFIT_RATIO":7.143381514332,"EPS_TTM":0.392044294184,"OPERATE_INCOME_QOQ":-3.890672536796,"NET_PROFIT_RATIO":5.1163700374,"ROE_AVG":1.04865696861,"GROSS_PROFIT_QOQ":8.449370124553,"ROA":0.566406757184,"HOLDER_PROFIT_QOQ":-7.169228591202,"ROE_YEARLY":4.194627874441,"ROIC_YEARLY":2.978090121913,"TOTAL_ASSETS":212461261535,"TOTAL_LIABILITIES":86883808163,"TAX_EBT":-12.630430540138,"OCF_SALES":-28.760125137967,"TOTAL_PARENT_EQUITY":117025502099,"DEBT_ASSET_RATIO":40.8939528718,"OPERATE_PROFIT":732937062,"PRETAX_PROFIT":969687198,"NETCASH_OPERATE":-6139262889,"NETCASH_INVEST":-4386076518,"NETCASH_FINANCE":2088007282,"END_CASH":37483348836,"DIVI_RATIO":0.330518073499,"DIVIDEND_RATE":4.590128617363,"CURRENT_RATIO":1.341471268287,"COMMON_ACS":null,"CURRENTDEBT_DEBT":78.844788351683,"ISSUED_COMMON_SHARES":10315469900,"HK_COMMON_SHARES":2931772305,"PER_SHARES":2000,"TOTAL_MARKET_CAP":32081111389,"HKSK_MARKET_CAP":9117811868.55,"PE_TTM":306.745331930492,"PB_TTM":0.254204732174,"REPORT_DATE_SQ":"2023-03-31 00:00:00","REPORT_TYPE_SQ":"2023年一季报","OPERATE_INCOME_SQ":26392882331,"DPS_HKD":0.142753,"OPERATE_INCOME_QOQ_SQ":2.952034656845,"NET_PROFIT_RATIO_SQ":4.9491386716,"HOLDER_PROFIT_SQ":1537865790,"HOLDER_PROFIT_QOQ_SQ":-18.423993220534,"ROE_AVG_SQ":1.34806690741,"PE_TTM_SQ":6.861125241132,"PB_TTM_SQ":0.269229951818,"ROA_SQ":0.794725002474,"START_DATE":"2024-01-01 00:00:00","FISCAL_YEAR":"12-31","CURRENCY":"HKD","IS_CNY_CODE":0,"DPS_HKD_LY":0.142753,"ORG_TYPE":"一般企业","PREMIUM_INCOME":null,"PREMIUM_INCOME_YOY":null,"NET_INTEREST_INCOME":null,"NET_INTEREST_INCOME_YOY":null,"FEE_COMMISSION_INCOME":null,"FEE_COMMISSION_INCOME_YOY":null,"ACCOUNTS_RECE_TDAYS":2.840568514876,"INVENTORY_TDAYS":1.158354126483,"CURRENT_ASSETS_TDAYS":0.221199849388,"TOTAL_ASSETS_TDAYS":0.09907608805,"PREMIUM_EXPENSE":null,"LOAN_DEPOSIT":null,"LOAN_EQUITY":null,"LOAN_ASSETS":null,"DEPOSIT_EQUITY":null,"DEPOSIT_ASSETS":null,"EQUITY_MULTIPLIER":1.691874264288,"EQUITY_RATIO":0.742434824928},{"SECUCODE":"02238.HK","SECURITY_CODE":"02238","SECURITY_NAME_ABBR":"广汽集团","ORG_CODE":"10106543","STD_REPORT_DATE":"2023-12-31 00:00:00","REPORT_DATE":"2023-12-31 00:00:00","DATE_TYPE_CODE":"001","REPORT_TYPE":"2023年年报","PER_NETCASH_OPERATE":0.438906683902,"PER_OI":12.364467930945,"BPS":11.223354643301,"BASIC_EPS":0.42,"DILUTED_EPS":0.42,"OPERATE_INCOME":129706167000,"OPERATE_INCOME_YOY":17.6239277155,"GROSS_PROFIT":5527442000,"GROSS_PROFIT_YOY":46.828406727056,"HOLDER_PROFIT":4428845000,"HOLDER_PROFIT_YOY":-44.4896775889,"GROSS_PROFIT_RATIO":4.261510557166,"EPS_TTM":0.422187419767,"OPERATE_INCOME_QOQ":1.581240972071,"NET_PROFIT_RATIO":2.8835645109,"ROE_AVG":3.866661630838,"GROSS_PROFIT_QOQ":-12.775665303118,"ROA":2.168220199323,"HOLDER_PROFIT_QOQ":-0.061357050304,"ROE_YEARLY":3.866661630838,"ROIC_YEARLY":2.88585406543,"TOTAL_ASSETS":218394747438,"TOTAL_LIABILITIES":93994959024,"TAX_EBT":-6.112949251255,"OCF_SALES":3.549741779047,"TOTAL_PARENT_EQUITY":115720153445,"DEBT_ASSET_RATIO":43.0283759437,"OPERATE_PROFIT":-4841978000,"PRETAX_PROFIT":3524698000,"NETCASH_OPERATE":4604234000,"NETCASH_INVEST":-5332596000,"NETCASH_FINANCE":6024524000,"END_CASH":39522331000,"DIVI_RATIO":0.30691990991,"DIVIDEND_RATE":4.590128617363,"CURRENT_RATIO":1.309821344137,"COMMON_ACS":null,"CURRENTDEBT_DEBT":82.05434520835,"ISSUED_COMMON_SHARES":10315469900,"HK_COMMON_SHARES":2931772305,"PER_SHARES":2000,"TOTAL_MARKET_CAP":32081111389,"HKSK_MARKET_CAP":9117811868.55,"PE_TTM":306.745331930492,"PB_TTM":0.254204732174,"REPORT_DATE_SQ":"2022-12-31 00:00:00","REPORT_TYPE_SQ":"2022年年报","OPERATE_INCOME_SQ":110271923000,"DPS_HKD":0.142753,"OPERATE_INCOME_QOQ_SQ":9.426330225432,"NET_PROFIT_RATIO_SQ":7.1926172829,"HOLDER_PROFIT_SQ":7978417000,"HOLDER_PROFIT_QOQ_SQ":-22.417290616087,"ROE_AVG_SQ":7.841700310857,"PE_TTM_SQ":6.861125241132,"PB_TTM_SQ":0.269229951818,"ROA_SQ":4.636852731642,"START_DATE":"2023-01-01 00:00:00","FISCAL_YEAR":"12-31","CURRENCY":"HKD","IS_CNY_CODE":0,"DPS_HKD_LY":0.257387,"ORG_TYPE":"一般企业","PREMIUM_INCOME":null,"PREMIUM_INCOME_YOY":null,"NET_INTEREST_INCOME":null,"NET_INTEREST_INCOME_YOY":null,"FEE_COMMISSION_INCOME":null,"FEE_COMMISSION_INCOME_YOY":null,"ACCOUNTS_RECE_TDAYS":6.655779359916,"INVENTORY_TDAYS":8.539860697336,"CURRENT_ASSETS_TDAYS":1.34478254262,"TOTAL_ASSETS_TDAYS":0.634999714974,"PREMIUM_EXPENSE":null,"LOAN_DEPOSIT":null,"LOAN_EQUITY":null,"LOAN_ASSETS":null,"DEPOSIT_EQUITY":null,"DEPOSIT_ASSETS":null,"EQUITY_MULTIPLIER":1.755259774606,"EQUITY_RATIO":0.812260926258},{"SECUCODE":"02238.HK","SECURITY_CODE":"02238","SECURITY_NAME_ABBR":"广汽集团","ORG_CODE":"10106543","STD_REPORT_DATE":"2023-09-30 00:00:00","REPORT_DATE":"2023-09-30 00:00:00","DATE_TYPE_CODE":"004","REPORT_TYPE":"2023年三季报","PER_NETCASH_OPERATE":0.383573569424,"PER_OI":9.313278357656,"BPS":11.195485432709,"BASIC_EPS":0.43,"DILUTED_EPS":0.43,"OPERATE_INCOME":97656249627,"OPERATE_INCOME_YOY":22.1076147241,"GROSS_PROFIT":6775284906,"GROSS_PROFIT_YOY":38.408038960115,"HOLDER_PROFIT":4510808067,"HOLDER_PROFIT_YOY":-44.0497305988,"GROSS_PROFIT_RATIO":6.937891770243,"EPS_TTM":0.422629273257,"OPERATE_INCOME_QOQ":3.617931119394,"NET_PROFIT_RATIO":4.2670266203,"ROE_AVG":3.943169082871,"GROSS_PROFIT_QOQ":47.50628637588,"ROA":2.2540718193,"HOLDER_PROFIT_QOQ":-9.103877966516,"ROE_YEARLY":5.257558777161,"ROIC_YEARLY":3.036292728192,"TOTAL_ASSETS":210161636249,"TOTAL_LIABILITIES":85739949702,"TAX_EBT":-8.327625575108,"OCF_SALES":4.118566574451,"TOTAL_PARENT_EQUITY":115486692997,"DEBT_ASSET_RATIO":40.7971460597,"OPERATE_PROFIT":3138765442,"PRETAX_PROFIT":3846680979,"NETCASH_OPERATE":4022037655,"NETCASH_INVEST":-3213598493,"NETCASH_FINANCE":7109992703,"END_CASH":45402770328,"DIVI_RATIO":0.306599029077,"DIVIDEND_RATE":4.590128617363,"CURRENT_RATIO":1.494567625631,"COMMON_ACS":null,"CURRENTDEBT_DEBT":80.186637300297,"ISSUED_COMMON_SHARES":10315469900,"HK_COMMON_SHARES":2931772305,"PER_SHARES":2000,"TOTAL_MARKET_CAP":32081111389,"HKSK_MARKET_CAP":9117811868.55,"PE_TTM":306.745331930492,"PB_TTM":0.254204732174,"REPORT_DATE_SQ":"2022-09-30 00:00:00","REPORT_TYPE_SQ":"2022年三季报","OPERATE_INCOME_SQ":79975560777,"DPS_HKD":0.142753,"OPERATE_INCOME_QOQ_SQ":11.958076018686,"NET_PROFIT_RATIO_SQ":10.0112573713,"HOLDER_PROFIT_SQ":8062173990,"HOLDER_PROFIT_QOQ_SQ":11.26029643177,"ROE_AVG_SQ":8.454122435949,"PE_TTM_SQ":6.861125241132,"PB_TTM_SQ":0.269229951818,"ROA_SQ":4.920084740797,"START_DATE":"2023-01-01 00:00:00","FISCAL_YEAR":"12-31","CURRENCY":"HKD","IS_CNY_CODE":0,"DPS_HKD_LY":0.257387,"ORG_TYPE":"一般企业","PREMIUM_INCOME":null,"PREMIUM_INCOME_YOY":null,"NET_INTEREST_INCOME":null,"NET_INTEREST_INCOME_YOY":null,"FEE_COMMISSION_INCOME":null,"FEE_COMMISSION_INCOME_YOY":null,"ACCOUNTS_RECE_TDAYS":4.999789298709,"INVENTORY_TDAYS":7.179123172442,"CURRENT_ASSETS_TDAYS":1.003936521034,"TOTAL_ASSETS_TDAYS":0.487992831868,"PREMIUM_EXPENSE":null,"LOAN_DEPOSIT":null,"LOAN_EQUITY":null,"LOAN_ASSETS":null,"DEPOSIT_EQUITY":null,"DEPOSIT_ASSETS":null,"EQUITY_MULTIPLIER":1.68910775992,"EQUITY_RATIO":0.742422762978},{"SECUCODE":"02238.HK","SECURITY_CODE":"02238","SECURITY_NAME_ABBR":"广汽集团","ORG_CODE":"10106543","STD_REPORT_DATE":"2023-06-30 00:00:00","REPORT_DATE":"2023-06-30 00:00:00","DATE_TYPE_CODE":"002","REPORT_TYPE":"2023年中报","PER_NETCASH_OPERATE":-0.050396291788,"PER_OI":5.905181035881,"BPS":11.097893465813,"BASIC_EPS":0.28,"DILUTED_EPS":0.28,"OPERATE_INCOME":61911005000,"OPERATE_INCOME_YOY":27.1569580828,"GROSS_PROFIT":1974744000,"GROSS_PROFIT_YOY":-7.529394246037,"HOLDER_PROFIT":2966171000,"HOLDER_PROFIT_YOY":-51.1635687396,"GROSS_PROFIT_RATIO":3.189649400781,"EPS_TTM":0.465025791541,"OPERATE_INCOME_QOQ":8.807582718902,"NET_PROFIT_RATIO":4.240469041,"ROE_AVG":2.604368289707,"GROSS_PROFIT_QOQ":4.823185370095,"ROA":1.513147978818,"HOLDER_PROFIT_QOQ":-25.133606122826,"ROE_YEARLY":5.208736579414,"ROIC_YEARLY":4.010076216021,"TOTAL_ASSETS":201978223000,"TOTAL_LIABILITIES":78896016000,"TAX_EBT":-10.793064389796,"OCF_SALES":-0.853425009011,"TOTAL_PARENT_EQUITY":114479986000,"DEBT_ASSET_RATIO":39.0616447794,"OPERATE_PROFIT":-3036021000,"PRETAX_PROFIT":2369568000,"NETCASH_OPERATE":-528364000,"NETCASH_INVEST":-3235169000,"NETCASH_FINANCE":4143375000,"END_CASH":34599171000,"DIVI_RATIO":0.278646318542,"DIVIDEND_RATE":4.590128617363,"CURRENT_RATIO":1.587203599778,"COMMON_ACS":null,"CURRENTDEBT_DEBT":80.975153422196,"ISSUED_COMMON_SHARES":10315469900,"HK_COMMON_SHARES":2931772305,"PER_SHARES":2000,"TOTAL_MARKET_CAP":32081111389,"HKSK_MARKET_CAP":9117811868.55,"PE_TTM":306.745331930492,"PB_TTM":0.254204732174,"REPORT_DATE_SQ":"2022-06-30 00:00:00","REPORT_TYPE_SQ":"2022年中报","OPERATE_INCOME_SQ":48688649000,"DPS_HKD":0.142753,"OPERATE_INCOME_QOQ_SQ":8.273001145968,"NET_PROFIT_RATIO_SQ":12.6068685948,"HOLDER_PROFIT_SQ":6073685000,"HOLDER_PROFIT_QOQ_SQ":13.422250826166,"ROE_AVG_SQ":6.424729420795,"PE_TTM_SQ":6.861125241132,"PB_TTM_SQ":0.269229951818,"ROA_SQ":3.890536082504,"START_DATE":"2023-01-01 00:00:00","FISCAL_YEAR":"12-31","CURRENCY":"HKD","IS_CNY_CODE":0,"DPS_HKD_LY":0.257387,"ORG_TYPE":"一般企业","PREMIUM_INCOME":null,"PREMIUM_INCOME_YOY":null,"NET_INTEREST_INCOME":null,"NET_INTEREST_INCOME_YOY":null,"FEE_COMMISSION_INCOME":null,"FEE_COMMISSION_INCOME_YOY":null,"ACCOUNTS_RECE_TDAYS":1.891422732672,"INVENTORY_TDAYS":4.897850163995,"CURRENT_ASSETS_TDAYS":0.640925440732,"TOTAL_ASSETS_TDAYS":0.315829775432,"PREMIUM_EXPENSE":null,"LOAN_DEPOSIT":null,"LOAN_EQUITY":null,"LOAN_ASSETS":null,"DEPOSIT_EQUITY":null,"DEPOSIT_ASSETS":null,"EQUITY_MULTIPLIER":1.641002610556,"EQUITY_RATIO":0.689168637739},{"SECUCODE":"02238.HK","SECURITY_CODE":"02238","SECURITY_NAME_ABBR":"广汽集团","ORG_CODE":"10106543","STD_REPORT_DATE":"2023-03-31 00:00:00","REPORT_DATE":"2023-03-31 00:00:00","DATE_TYPE_CODE":"003","REPORT_TYPE":"2023年一季报","PER_NETCASH_OPERATE":-0.07043558163,"PER_OI":2.517705648931,"BPS":11.13418623392,"BASIC_EPS":0.15,"DILUTED_EPS":0.15,"OPERATE_INCOME":26392882331,"OPERATE_INCOME_YOY":14.0305224469,"GROSS_PROFIT":1057823624,"GROSS_PROFIT_YOY":-25.310344544964,"HOLDER_PROFIT":1537865790,"HOLDER_PROFIT_YOY":-48.8850227689,"GROSS_PROFIT_RATIO":4.007988255066,"EPS_TTM":0.621216376778,"OPERATE_INCOME_QOQ":2.952034656845,"NET_PROFIT_RATIO":4.9491386716,"ROE_AVG":1.34806690741,"GROSS_PROFIT_QOQ":-8.042981985946,"ROA":0.794725002474,"HOLDER_PROFIT_QOQ":-18.423993220534,"ROE_YEARLY":5.39226762964,"ROIC_YEARLY":4.141909341359,"TOTAL_ASSETS":196943574539,"TOTAL_LIABILITIES":73303543654,"TAX_EBT":-13.311122917962,"OCF_SALES":-2.797609865948,"TOTAL_PARENT_EQUITY":114854362957,"DEBT_ASSET_RATIO":37.2205814917,"OPERATE_PROFIT":981808788,"PRETAX_PROFIT":1152773278,"NETCASH_OPERATE":-738369880,"NETCASH_INVEST":-4639589582,"NETCASH_FINANCE":882572980,"END_CASH":32967800446,"DIVI_RATIO":0.208587103759,"DIVIDEND_RATE":4.590128617363,"CURRENT_RATIO":1.492342561354,"COMMON_ACS":null,"CURRENTDEBT_DEBT":81.832692212182,"ISSUED_COMMON_SHARES":10315469900,"HK_COMMON_SHARES":2931772305,"PER_SHARES":2000,"TOTAL_MARKET_CAP":32081111389,"HKSK_MARKET_CAP":9117811868.55,"PE_TTM":306.745331930492,"PB_TTM":0.254204732174,"REPORT_DATE_SQ":"2022-03-31 00:00:00","REPORT_TYPE_SQ":"2022年一季报","OPERATE_INCOME_SQ":23145454186,"DPS_HKD":0.142753,"OPERATE_INCOME_QOQ_SQ":9.588212313414,"NET_PROFIT_RATIO_SQ":12.9383267312,"HOLDER_PROFIT_SQ":3008640272,"HOLDER_PROFIT_QOQ_SQ":8.557393726293,"ROE_AVG_SQ":3.208243378522,"PE_TTM_SQ":6.861125241132,"PB_TTM_SQ":0.269229951818,"ROA_SQ":1.937861475104,"START_DATE":"2023-01-01 00:00:00","FISCAL_YEAR":"12-31","CURRENCY":"HKD","IS_CNY_CODE":0,"DPS_HKD_LY":0.257387,"ORG_TYPE":"一般企业","PREMIUM_INCOME":null,"PREMIUM_INCOME_YOY":null,"NET_INTEREST_INCOME":null,"NET_INTEREST_INCOME_YOY":null,"FEE_COMMISSION_INCOME":null,"FEE_COMMISSION_INCOME_YOY":null,"ACCOUNTS_RECE_TDAYS":1.309806430012,"INVENTORY_TDAYS":1.91161506104,"CURRENT_ASSETS_TDAYS":0.291131850419,"TOTAL_ASSETS_TDAYS":0.136390858111,"PREMIUM_EXPENSE":null,"LOAN_DEPOSIT":null,"LOAN_EQUITY":null,"LOAN_ASSETS":null,"DEPOSIT_EQUITY":null,"DEPOSIT_ASSETS":null,"EQUITY_MULTIPLIER":1.592878723252,"EQUITY_RATIO":0.638230379471},{"SECUCODE":"02238.HK","SECURITY_CODE":"02238","SECURITY_NAME_ABBR":"广汽集团","ORG_CODE":"10106543","STD_REPORT_DATE":"2022-12-31 00:00:00","REPORT_DATE":"2022-12-31 00:00:00","DATE_TYPE_CODE":"001","REPORT_TYPE":"2022年年报","PER_NETCASH_OPERATE":-0.632974100108,"PER_OI":10.514942481029,"BPS":10.98240866371,"BASIC_EPS":0.77,"DILUTED_EPS":0.77,"OPERATE_INCOME":110271923000,"OPERATE_INCOME_YOY":45.3654773097,"GROSS_PROFIT":3764559000,"GROSS_PROFIT_YOY":-3.446108153027,"HOLDER_PROFIT":7978417000,"HOLDER_PROFIT_YOY":6.2827601541,"GROSS_PROFIT_RATIO":4.051498368227,"EPS_TTM":0.76120963067,"OPERATE_INCOME_QOQ":9.426330225432,"NET_PROFIT_RATIO":7.1926172829,"ROE_AVG":7.841700310857,"GROSS_PROFIT_QOQ":-8.981344988189,"ROA":4.636852731642,"HOLDER_PROFIT_QOQ":-22.417290616087,"ROE_YEARLY":7.841700310857,"ROIC_YEARLY":5.847937901256,"TOTAL_ASSETS":189885641000,"TOTAL_LIABILITIES":67554186000,"TAX_EBT":-7.268089269084,"OCF_SALES":-6.034285975465,"TOTAL_PARENT_EQUITY":113304311000,"DEBT_ASSET_RATIO":35.655683589,"OPERATE_PROFIT":-6675524000,"PRETAX_PROFIT":7368374000,"NETCASH_OPERATE":-6638103000,"NETCASH_INVEST":-1592162000,"NETCASH_FINANCE":25180679000,"END_CASH":34222113000,"DIVI_RATIO":0.170226071268,"DIVIDEND_RATE":4.590128617363,"CURRENT_RATIO":1.619241513666,"COMMON_ACS":null,"CURRENTDEBT_DEBT":83.959864456068,"ISSUED_COMMON_SHARES":10315469900,"HK_COMMON_SHARES":2931772305,"PER_SHARES":2000,"TOTAL_MARKET_CAP":32081111389,"HKSK_MARKET_CAP":9117811868.55,"PE_TTM":306.745331930492,"PB_TTM":0.254204732174,"REPORT_DATE_SQ":"2021-12-31 00:00:00","REPORT_TYPE_SQ":"2021年年报","OPERATE_INCOME_SQ":75675765000,"DPS_HKD":0.142753,"OPERATE_INCOME_QOQ_SQ":0.328609141134,"NET_PROFIT_RATIO_SQ":9.9975163779,"HOLDER_PROFIT_SQ":7511030000,"HOLDER_PROFIT_QOQ_SQ":20.25792738472,"ROE_AVG_SQ":8.599348890723,"PE_TTM_SQ":6.861125241132,"PB_TTM_SQ":0.269229951818,"ROA_SQ":5.056038313887,"START_DATE":"2022-01-01 00:00:00","FISCAL_YEAR":"12-31","CURRENCY":"HKD","IS_CNY_CODE":0,"DPS_HKD_LY":0.266092,"ORG_TYPE":"一般企业","PREMIUM_INCOME":null,"PREMIUM_INCOME_YOY":null,"NET_INTEREST_INCOME":null,"NET_INTEREST_INCOME_YOY":null,"FEE_COMMISSION_INCOME":null,"FEE_COMMISSION_INCOME_YOY":null,"ACCOUNTS_RECE_TDAYS":3.902225080572,"INVENTORY_TDAYS":10.311201160174,"CURRENT_ASSETS_TDAYS":1.438144717277,"TOTAL_ASSETS_TDAYS":0.638967957757,"PREMIUM_EXPENSE":null,"LOAN_DEPOSIT":null,"LOAN_EQUITY":null,"LOAN_ASSETS":null,"DEPOSIT_EQUITY":null,"DEPOSIT_ASSETS":null,"EQUITY_MULTIPLIER":1.5541388203,"EQUITY_RATIO":0.596219026476},{"SECUCODE":"02238.HK","SECURITY_CODE":"02238","SECURITY_NAME_ABBR":"广汽集团","ORG_CODE":"10106543","STD_REPORT_DATE":"2022-09-30 00:00:00","REPORT_DATE":"2022-09-30 00:00:00","DATE_TYPE_CODE":"004","REPORT_TYPE":"2022年三季报","PER_NETCASH_OPERATE":-0.191659016955,"PER_OI":7.64295531371,"BPS":9.734343400197,"BASIC_EPS":0.78,"DILUTED_EPS":0.78,"OPERATE_INCOME":79975560777,"OPERATE_INCOME_YOY":44.7724484999,"GROSS_PROFIT":4895152736,"GROSS_PROFIT_YOY":14.137353186885,"HOLDER_PROFIT":8062173990,"HOLDER_PROFIT_YOY":52.5877744747,"GROSS_PROFIT_RATIO":6.578077777609,"EPS_TTM":0.983334791604,"OPERATE_INCOME_QOQ":11.958076018686,"NET_PROFIT_RATIO":10.0112573713,"ROE_AVG":8.454122435949,"GROSS_PROFIT_QOQ":10.789718343287,"ROA":4.920084740797,"HOLDER_PROFIT_QOQ":11.26029643177,"ROE_YEARLY":11.272163247931,"ROIC_YEARLY":6.097346366694,"TOTAL_ASSETS":173474416350,"TOTAL_LIABILITIES":69567294756,"TAX_EBT":-2.588840537396,"OCF_SALES":-2.495441565041,"TOTAL_PARENT_EQUITY":100414326341,"DEBT_ASSET_RATIO":40.1023368285,"OPERATE_PROFIT":7425756577,"PRETAX_PROFIT":7842713140,"NETCASH_OPERATE":-2005511838,"NETCASH_INVEST":5933044772,"NETCASH_FINANCE":6976933905,"END_CASH":33309470468,"DIVI_RATIO":0.131773762046,"DIVIDEND_RATE":4.590128617363,"CURRENT_RATIO":1.23853319315,"COMMON_ACS":null,"CURRENTDEBT_DEBT":86.403217883955,"ISSUED_COMMON_SHARES":10315469900,"HK_COMMON_SHARES":2931772305,"PER_SHARES":2000,"TOTAL_MARKET_CAP":32081111389,"HKSK_MARKET_CAP":9117811868.55,"PE_TTM":306.745331930492,"PB_TTM":0.254204732174,"REPORT_DATE_SQ":"2021-09-30 00:00:00","REPORT_TYPE_SQ":"2021年三季报","OPERATE_INCOME_SQ":55512643098,"DPS_HKD":0.142753,"OPERATE_INCOME_QOQ_SQ":4.634316639351,"NET_PROFIT_RATIO_SQ":9.5956416512,"HOLDER_PROFIT_SQ":5283630368,"HOLDER_PROFIT_QOQ_SQ":-21.759705058412,"ROE_AVG_SQ":6.140267553141,"PE_TTM_SQ":6.861125241132,"PB_TTM_SQ":0.269229951818,"ROA_SQ":3.691974779677,"START_DATE":"2022-01-01 00:00:00","FISCAL_YEAR":"12-31","CURRENCY":"HKD","IS_CNY_CODE":0,"DPS_HKD_LY":0.266092,"ORG_TYPE":"一般企业","PREMIUM_INCOME":null,"PREMIUM_INCOME_YOY":null,"NET_INTEREST_INCOME":null,"NET_INTEREST_INCOME_YOY":null,"FEE_COMMISSION_INCOME":null,"FEE_COMMISSION_INCOME_YOY":null,"ACCOUNTS_RECE_TDAYS":4.869434109128,"INVENTORY_TDAYS":7.671948033916,"CURRENT_ASSETS_TDAYS":1.185023206589,"TOTAL_ASSETS_TDAYS":0.490453955774,"PREMIUM_EXPENSE":null,"LOAN_DEPOSIT":null,"LOAN_EQUITY":null,"LOAN_ASSETS":null,"DEPOSIT_EQUITY":null,"DEPOSIT_ASSETS":null,"EQUITY_MULTIPLIER":1.669514213162,"EQUITY_RATIO":0.692802484376}],"count":62},"success":true,"message":"ok","code":0}