{"version":"120f01ed4fed44aeab3b294aac3be26b","result":{"pages":2,"data":[{"SECUCODE":"02231.HK","SECURITY_CODE":"02231","SECURITY_NAME_ABBR":"景业名邦集团","ORG_CODE":"10000036417","STD_REPORT_DATE":"2024-06-30 00:00:00","REPORT_DATE":"2024-06-30 00:00:00","DATE_TYPE_CODE":"002","REPORT_TYPE":"2024年中报","PER_NETCASH_OPERATE":-0.009375685302,"PER_OI":1.399625069783,"BPS":0.070591001067,"BASIC_EPS":-0.16,"DILUTED_EPS":-0.16,"OPERATE_INCOME":2304025000,"OPERATE_INCOME_YOY":607.101009388,"GROSS_PROFIT":213705000,"GROSS_PROFIT_YOY":337.713782438605,"HOLDER_PROFIT":-262941000,"HOLDER_PROFIT_YOY":30.3061386768,"GROSS_PROFIT_RATIO":9.275289981663,"EPS_TTM":-1.045496433242,"OPERATE_INCOME_QOQ":385.263953320791,"NET_PROFIT_RATIO":-7.9156259155,"ROE_AVG":-103.394092631223,"GROSS_PROFIT_QOQ":357.979982196748,"ROA":-2.817558226574,"HOLDER_PROFIT_QOQ":6.229626453424,"ROE_YEARLY":-206.788185262446,"ROIC_YEARLY":-6.533013375744,"TOTAL_ASSETS":8360356000,"TOTAL_LIABILITIES":6999876000,"TAX_EBT":4.333822912295,"OCF_SALES":-0.669871203654,"TOTAL_PARENT_EQUITY":116205000,"DEBT_ASSET_RATIO":83.7270087542,"OPERATE_PROFIT":-174105000,"PRETAX_PROFIT":-190640000,"NETCASH_OPERATE":-15434000,"NETCASH_INVEST":1302000,"NETCASH_FINANCE":-78617000,"END_CASH":32249000,"DIVI_RATIO":null,"DIVIDEND_RATE":null,"CURRENT_RATIO":1.133930404303,"COMMON_ACS":2500000000,"CURRENTDEBT_DEBT":95.062569679806,"ISSUED_COMMON_SHARES":1646173000,"HK_COMMON_SHARES":1646173000,"PER_SHARES":1000,"TOTAL_MARKET_CAP":395081520,"HKSK_MARKET_CAP":395081520,"PE_TTM":-0.207475174222,"PB_TTM":3.10299041929,"REPORT_DATE_SQ":"2023-06-30 00:00:00","REPORT_TYPE_SQ":"2023年中报","OPERATE_INCOME_SQ":325841000,"DPS_HKD":null,"OPERATE_INCOME_QOQ_SQ":3.442948705461,"NET_PROFIT_RATIO_SQ":-129.348976955,"HOLDER_PROFIT_SQ":-377280000,"HOLDER_PROFIT_QOQ_SQ":-26.527756805692,"ROE_AVG_SQ":-18.560411981325,"PE_TTM_SQ":-1.646060698702,"PB_TTM_SQ":0.834694160886,"ROA_SQ":-3.086564184795,"START_DATE":"2024-01-01 00:00:00","FISCAL_YEAR":"12-31","CURRENCY":"HKD","IS_CNY_CODE":0,"DPS_HKD_LY":null,"ORG_TYPE":"一般企业","PREMIUM_INCOME":null,"PREMIUM_INCOME_YOY":null,"NET_INTEREST_INCOME":null,"NET_INTEREST_INCOME_YOY":null,"FEE_COMMISSION_INCOME":null,"FEE_COMMISSION_INCOME_YOY":null,"ACCOUNTS_RECE_TDAYS":1.977723385252,"INVENTORY_TDAYS":0.310972039786,"CURRENT_ASSETS_TDAYS":0.270464245549,"TOTAL_ASSETS_TDAYS":0.246889020464,"PREMIUM_EXPENSE":null,"LOAN_DEPOSIT":null,"LOAN_EQUITY":null,"LOAN_ASSETS":null,"DEPOSIT_EQUITY":null,"DEPOSIT_ASSETS":null,"EQUITY_MULTIPLIER":6.145151711171,"EQUITY_RATIO":60.237304763134},{"SECUCODE":"02231.HK","SECURITY_CODE":"02231","SECURITY_NAME_ABBR":"景业名邦集团","ORG_CODE":"10000036417","STD_REPORT_DATE":"2023-12-31 00:00:00","REPORT_DATE":"2023-12-31 00:00:00","DATE_TYPE_CODE":"001","REPORT_TYPE":"2023年年报","PER_NETCASH_OPERATE":0.226015734677,"PER_OI":0.311912538962,"BPS":0.23837956278,"BASIC_EPS":-1.11,"DILUTED_EPS":-1.11,"OPERATE_INCOME":513462000,"OPERATE_INCOME_YOY":0.0296117356,"GROSS_PROFIT":46059000,"GROSS_PROFIT_YOY":-37.424938184387,"HOLDER_PROFIT":-1835407000,"HOLDER_PROFIT_YOY":-154.2611507233,"GROSS_PROFIT_RATIO":8.970284071655,"EPS_TTM":-1.114953896097,"OPERATE_INCOME_QOQ":-3.299728993207,"NET_PROFIT_RATIO":-417.2865762218,"ROE_AVG":-139.071059781991,"GROSS_PROFIT_QOQ":-24.510768020454,"ROA":-16.106166912308,"HOLDER_PROFIT_QOQ":-100.952863737092,"ROE_YEARLY":-139.071059781991,"ROIC_YEARLY":-18.497703744692,"TOTAL_ASSETS":10304103000,"TOTAL_LIABILITIES":8747977000,"TAX_EBT":-7.315250519019,"OCF_SALES":72.461253218349,"TOTAL_PARENT_EQUITY":392414000,"DEBT_ASSET_RATIO":84.8979964583,"OPERATE_PROFIT":-1977499000,"PRETAX_PROFIT":-1996555000,"NETCASH_OPERATE":372061000,"NETCASH_INVEST":254288000,"NETCASH_FINANCE":-692113000,"END_CASH":125006000,"DIVI_RATIO":null,"DIVIDEND_RATE":null,"CURRENT_RATIO":1.128154140669,"COMMON_ACS":2500000000,"CURRENTDEBT_DEBT":96.180191145907,"ISSUED_COMMON_SHARES":1646173000,"HK_COMMON_SHARES":1646173000,"PER_SHARES":1000,"TOTAL_MARKET_CAP":526775360,"HKSK_MARKET_CAP":526775360,"PE_TTM":-0.276633565629,"PB_TTM":4.137320559053,"REPORT_DATE_SQ":"2022-12-31 00:00:00","REPORT_TYPE_SQ":"2022年年报","OPERATE_INCOME_SQ":513310000,"DPS_HKD":null,"OPERATE_INCOME_QOQ_SQ":-60.771052000079,"NET_PROFIT_RATIO_SQ":-172.9607839317,"HOLDER_PROFIT_SQ":-721859000,"HOLDER_PROFIT_QOQ_SQ":-415.080095615256,"ROE_AVG_SQ":-26.950438282175,"PE_TTM_SQ":-1.810666768573,"PB_TTM_SQ":0.918163576975,"ROA_SQ":-5.465807271913,"START_DATE":"2023-01-01 00:00:00","FISCAL_YEAR":"12-31","CURRENCY":"HKD","IS_CNY_CODE":0,"DPS_HKD_LY":null,"ORG_TYPE":"一般企业","PREMIUM_INCOME":null,"PREMIUM_INCOME_YOY":null,"NET_INTEREST_INCOME":null,"NET_INTEREST_INCOME_YOY":null,"FEE_COMMISSION_INCOME":null,"FEE_COMMISSION_INCOME_YOY":null,"ACCOUNTS_RECE_TDAYS":0.385342252021,"INVENTORY_TDAYS":0.057679891246,"CURRENT_ASSETS_TDAYS":0.049355265354,"TOTAL_ASSETS_TDAYS":0.045057606706,"PREMIUM_EXPENSE":null,"LOAN_DEPOSIT":null,"LOAN_EQUITY":null,"LOAN_ASSETS":null,"DEPOSIT_EQUITY":null,"DEPOSIT_ASSETS":null,"EQUITY_MULTIPLIER":6.621637965047,"EQUITY_RATIO":22.292724010866},{"SECUCODE":"02231.HK","SECURITY_CODE":"02231","SECURITY_NAME_ABBR":"景业名邦集团","ORG_CODE":"10000036417","STD_REPORT_DATE":"2023-06-30 00:00:00","REPORT_DATE":"2023-06-30 00:00:00","DATE_TYPE_CODE":"002","REPORT_TYPE":"2023年中报","PER_NETCASH_OPERATE":0.254558299766,"PER_OI":0.197938491276,"BPS":1.104572241192,"BASIC_EPS":-0.23,"DILUTED_EPS":-0.23,"OPERATE_INCOME":325841000,"OPERATE_INCOME_YOY":5.7348589081,"GROSS_PROFIT":48823000,"GROSS_PROFIT_YOY":-20.503134413417,"HOLDER_PROFIT":-377280000,"HOLDER_PROFIT_YOY":-103.0712590224,"GROSS_PROFIT_RATIO":14.983688363343,"EPS_TTM":-0.554833544227,"OPERATE_INCOME_QOQ":3.442948705461,"NET_PROFIT_RATIO":-129.348976955,"ROE_AVG":-18.560411981325,"GROSS_PROFIT_QOQ":-17.107301035242,"ROA":-3.086564184795,"HOLDER_PROFIT_QOQ":-26.527756805692,"ROE_YEARLY":-37.120823962649,"ROIC_YEARLY":-7.128501739731,"TOTAL_ASSETS":11959346000,"TOTAL_LIABILITIES":8714308000,"TAX_EBT":-10.534666656176,"OCF_SALES":128.604748941969,"TOTAL_PARENT_EQUITY":1818317000,"DEBT_ASSET_RATIO":72.866091507,"OPERATE_PROFIT":-360550000,"PRETAX_PROFIT":-381303000,"NETCASH_OPERATE":419047000,"NETCASH_INVEST":-33052000,"NETCASH_FINANCE":-381489000,"END_CASH":191714000,"DIVI_RATIO":null,"DIVIDEND_RATE":null,"CURRENT_RATIO":1.422529921676,"COMMON_ACS":2500000000,"CURRENTDEBT_DEBT":87.785386975076,"ISSUED_COMMON_SHARES":1646173000,"HK_COMMON_SHARES":1646173000,"PER_SHARES":1000,"TOTAL_MARKET_CAP":526775360,"HKSK_MARKET_CAP":526775360,"PE_TTM":-0.276633565629,"PB_TTM":4.137320559053,"REPORT_DATE_SQ":"2022-06-30 00:00:00","REPORT_TYPE_SQ":"2022年中报","OPERATE_INCOME_SQ":308168000,"DPS_HKD":null,"OPERATE_INCOME_QOQ_SQ":-35.956079067077,"NET_PROFIT_RATIO_SQ":-99.0978946549,"HOLDER_PROFIT_SQ":-185787000,"HOLDER_PROFIT_QOQ_SQ":-164.748251295935,"ROE_AVG_SQ":-6.237793399093,"PE_TTM_SQ":-1.810666768573,"PB_TTM_SQ":0.918163576975,"ROA_SQ":-1.349880578433,"START_DATE":"2023-01-01 00:00:00","FISCAL_YEAR":"12-31","CURRENCY":"HKD","IS_CNY_CODE":0,"DPS_HKD_LY":null,"ORG_TYPE":"一般企业","PREMIUM_INCOME":null,"PREMIUM_INCOME_YOY":null,"NET_INTEREST_INCOME":null,"NET_INTEREST_INCOME_YOY":null,"FEE_COMMISSION_INCOME":null,"FEE_COMMISSION_INCOME_YOY":null,"ACCOUNTS_RECE_TDAYS":null,"INVENTORY_TDAYS":0.032347274589,"CURRENT_ASSETS_TDAYS":0.029359163263,"TOTAL_ASSETS_TDAYS":0.026657367487,"PREMIUM_EXPENSE":null,"LOAN_DEPOSIT":null,"LOAN_EQUITY":null,"LOAN_ASSETS":null,"DEPOSIT_EQUITY":null,"DEPOSIT_ASSETS":null,"EQUITY_MULTIPLIER":3.685425563582,"EQUITY_RATIO":4.792513076653},{"SECUCODE":"02231.HK","SECURITY_CODE":"02231","SECURITY_NAME_ABBR":"景业名邦集团","ORG_CODE":"10000036417","STD_REPORT_DATE":"2022-12-31 00:00:00","REPORT_DATE":"2022-12-31 00:00:00","DATE_TYPE_CODE":"001","REPORT_TYPE":"2022年年报","PER_NETCASH_OPERATE":0.286203819404,"PER_OI":0.311820203587,"BPS":1.365050939361,"BASIC_EPS":-0.44,"DILUTED_EPS":-0.44,"OPERATE_INCOME":513310000,"OPERATE_INCOME_YOY":-74.8762435601,"GROSS_PROFIT":73606000,"GROSS_PROFIT_YOY":-87.379484761456,"HOLDER_PROFIT":-721859000,"HOLDER_PROFIT_YOY":-433.5053546843,"GROSS_PROFIT_RATIO":14.339482963511,"EPS_TTM":-0.438507374377,"OPERATE_INCOME_QOQ":-60.771052000079,"NET_PROFIT_RATIO":-172.9607839317,"ROE_AVG":-26.950438282175,"GROSS_PROFIT_QOQ":-68.343275429761,"ROA":-5.465807271913,"HOLDER_PROFIT_QOQ":-415.080095615256,"ROE_YEARLY":-26.950438282175,"ROIC_YEARLY":-6.545608498694,"TOTAL_ASSETS":12487254000,"TOTAL_LIABILITIES":8769231000,"TAX_EBT":14.02451365372,"OCF_SALES":91.784886326002,"TOTAL_PARENT_EQUITY":2247110000,"DEBT_ASSET_RATIO":70.2254554925,"OPERATE_PROFIT":-1013715000,"PRETAX_PROFIT":-1032649000,"NETCASH_OPERATE":471141000,"NETCASH_INVEST":-96257000,"NETCASH_FINANCE":-1237392000,"END_CASH":187025000,"DIVI_RATIO":null,"DIVIDEND_RATE":null,"CURRENT_RATIO":1.693953311781,"COMMON_ACS":2500000000,"CURRENTDEBT_DEBT":76.169255890283,"ISSUED_COMMON_SHARES":1646173000,"HK_COMMON_SHARES":1646173000,"PER_SHARES":1000,"TOTAL_MARKET_CAP":526775360,"HKSK_MARKET_CAP":526775360,"PE_TTM":-0.276633565629,"PB_TTM":4.137320559053,"REPORT_DATE_SQ":"2021-12-31 00:00:00","REPORT_TYPE_SQ":"2021年年报","OPERATE_INCOME_SQ":2043126000,"DPS_HKD":null,"OPERATE_INCOME_QOQ_SQ":-17.120145255938,"NET_PROFIT_RATIO_SQ":9.7313136831,"HOLDER_PROFIT_SQ":216446000,"HOLDER_PROFIT_QOQ_SQ":-52.854382804655,"ROE_AVG_SQ":7.044541396599,"PE_TTM_SQ":-1.810666768573,"PB_TTM_SQ":0.918163576975,"ROA_SQ":1.744631029511,"START_DATE":"2022-01-01 00:00:00","FISCAL_YEAR":"12-31","CURRENCY":"HKD","IS_CNY_CODE":0,"DPS_HKD_LY":0.0114,"ORG_TYPE":"一般企业","PREMIUM_INCOME":null,"PREMIUM_INCOME_YOY":null,"NET_INTEREST_INCOME":null,"NET_INTEREST_INCOME_YOY":null,"FEE_COMMISSION_INCOME":null,"FEE_COMMISSION_INCOME_YOY":null,"ACCOUNTS_RECE_TDAYS":0.346451155253,"INVENTORY_TDAYS":0.049737750847,"CURRENT_ASSETS_TDAYS":0.042612290912,"TOTAL_ASSETS_TDAYS":0.038867057566,"PREMIUM_EXPENSE":null,"LOAN_DEPOSIT":null,"LOAN_EQUITY":null,"LOAN_ASSETS":null,"DEPOSIT_EQUITY":null,"DEPOSIT_ASSETS":null,"EQUITY_MULTIPLIER":3.358573629055,"EQUITY_RATIO":3.902448478268},{"SECUCODE":"02231.HK","SECURITY_CODE":"02231","SECURITY_NAME_ABBR":"景业名邦集团","ORG_CODE":"10000036417","STD_REPORT_DATE":"2022-06-30 00:00:00","REPORT_DATE":"2022-06-30 00:00:00","DATE_TYPE_CODE":"002","REPORT_TYPE":"2022年中报","PER_NETCASH_OPERATE":0.109808021393,"PER_OI":0.187202681614,"BPS":1.729460390858,"BASIC_EPS":-0.11,"DILUTED_EPS":-0.11,"OPERATE_INCOME":308168000,"OPERATE_INCOME_YOY":-70.4479111926,"GROSS_PROFIT":61415000,"GROSS_PROFIT_YOY":-85.09804016723,"HOLDER_PROFIT":-185787000,"HOLDER_PROFIT_YOY":-208.7720428093,"GROSS_PROFIT_RATIO":19.929064666026,"EPS_TTM":-0.085133822508,"OPERATE_INCOME_QOQ":-35.956079067077,"NET_PROFIT_RATIO":-99.0978946549,"ROE_AVG":-6.237793399093,"GROSS_PROFIT_QOQ":-60.133224741738,"ROA":-1.349880578433,"HOLDER_PROFIT_QOQ":-164.748251295935,"ROE_YEARLY":-12.475586798187,"ROIC_YEARLY":-3.256773638482,"TOTAL_ASSETS":13600061000,"TOTAL_LIABILITIES":9203659000,"TAX_EBT":8.424442698556,"OCF_SALES":58.657290828379,"TOTAL_PARENT_EQUITY":2846991000,"DEBT_ASSET_RATIO":67.673659699,"OPERATE_PROFIT":-324112000,"PRETAX_PROFIT":-333482000,"NETCASH_OPERATE":180763000,"NETCASH_INVEST":-34591000,"NETCASH_FINANCE":-724327000,"END_CASH":459084000,"DIVI_RATIO":null,"DIVIDEND_RATE":null,"CURRENT_RATIO":1.824671872891,"COMMON_ACS":2500000000,"CURRENTDEBT_DEBT":74.073583126015,"ISSUED_COMMON_SHARES":1646173000,"HK_COMMON_SHARES":1646173000,"PER_SHARES":1000,"TOTAL_MARKET_CAP":526775360,"HKSK_MARKET_CAP":526775360,"PE_TTM":-0.276633565629,"PB_TTM":4.137320559053,"REPORT_DATE_SQ":"2021-06-30 00:00:00","REPORT_TYPE_SQ":"2021年中报","OPERATE_INCOME_SQ":1042796000,"DPS_HKD":null,"OPERATE_INCOME_QOQ_SQ":5.031903689034,"NET_PROFIT_RATIO_SQ":16.1487002252,"HOLDER_PROFIT_SQ":170804000,"HOLDER_PROFIT_QOQ_SQ":-5.3796040008,"ROE_AVG_SQ":5.567162593194,"PE_TTM_SQ":-1.810666768573,"PB_TTM_SQ":0.918163576975,"ROA_SQ":1.503443447424,"START_DATE":"2022-01-01 00:00:00","FISCAL_YEAR":"12-31","CURRENCY":"HKD","IS_CNY_CODE":0,"DPS_HKD_LY":0.0114,"ORG_TYPE":"一般企业","PREMIUM_INCOME":null,"PREMIUM_INCOME_YOY":null,"NET_INTEREST_INCOME":null,"NET_INTEREST_INCOME_YOY":null,"FEE_COMMISSION_INCOME":null,"FEE_COMMISSION_INCOME_YOY":null,"ACCOUNTS_RECE_TDAYS":null,"INVENTORY_TDAYS":0.026859260005,"CURRENT_ASSETS_TDAYS":0.02444120819,"TOTAL_ASSETS_TDAYS":0.022390694618,"PREMIUM_EXPENSE":null,"LOAN_DEPOSIT":null,"LOAN_EQUITY":null,"LOAN_ASSETS":null,"DEPOSIT_EQUITY":null,"DEPOSIT_ASSETS":null,"EQUITY_MULTIPLIER":3.093452555064,"EQUITY_RATIO":3.232767156623},{"SECUCODE":"02231.HK","SECURITY_CODE":"02231","SECURITY_NAME_ABBR":"景业名邦集团","ORG_CODE":"10000036417","STD_REPORT_DATE":"2021-12-31 00:00:00","REPORT_DATE":"2021-12-31 00:00:00","DATE_TYPE_CODE":"001","REPORT_TYPE":"2021年年报","PER_NETCASH_OPERATE":-1.043528839314,"PER_OI":1.241136867146,"BPS":1.889125262047,"BASIC_EPS":0.13,"DILUTED_EPS":0.13,"OPERATE_INCOME":2043126000,"OPERATE_INCOME_YOY":-12.9497107876,"GROSS_PROFIT":583225000,"GROSS_PROFIT_YOY":-36.101457595625,"HOLDER_PROFIT":216446000,"HOLDER_PROFIT_YOY":-55.3906303135,"GROSS_PROFIT_RATIO":28.545718668354,"EPS_TTM":0.131484357962,"OPERATE_INCOME_QOQ":-17.120145255938,"NET_PROFIT_RATIO":9.7313136831,"ROE_AVG":7.044541396599,"GROSS_PROFIT_QOQ":-36.62760753395,"ROA":1.744631029511,"HOLDER_PROFIT_QOQ":-52.854382804655,"ROE_YEARLY":7.044541396599,"ROIC_YEARLY":2.320149950166,"TOTAL_ASSETS":13926374000,"TOTAL_LIABILITIES":9147535000,"TAX_EBT":45.339103038168,"OCF_SALES":-84.078466036848,"TOTAL_PARENT_EQUITY":3109827000,"DEBT_ASSET_RATIO":65.6849729872,"OPERATE_PROFIT":339746000,"PRETAX_PROFIT":363739000,"NETCASH_OPERATE":-1717829000,"NETCASH_INVEST":-23360000,"NETCASH_FINANCE":745565000,"END_CASH":1030394000,"DIVI_RATIO":null,"DIVIDEND_RATE":null,"CURRENT_RATIO":1.926548112288,"COMMON_ACS":2500000000,"CURRENTDEBT_DEBT":72.503543304289,"ISSUED_COMMON_SHARES":1646173000,"HK_COMMON_SHARES":1646173000,"PER_SHARES":1000,"TOTAL_MARKET_CAP":526775360,"HKSK_MARKET_CAP":526775360,"PE_TTM":-0.276633565629,"PB_TTM":4.137320559053,"REPORT_DATE_SQ":"2020-12-31 00:00:00","REPORT_TYPE_SQ":"2020年年报","OPERATE_INCOME_SQ":2347064000,"DPS_HKD":null,"OPERATE_INCOME_QOQ_SQ":-8.500097462087,"NET_PROFIT_RATIO_SQ":20.3827846194,"HOLDER_PROFIT_SQ":485203000,"HOLDER_PROFIT_QOQ_SQ":-5.495890304234,"ROE_AVG_SQ":16.864316602299,"PE_TTM_SQ":-1.810666768573,"PB_TTM_SQ":0.918163576975,"ROA_SQ":4.828004401696,"START_DATE":"2021-01-01 00:00:00","FISCAL_YEAR":"12-31","CURRENCY":"HKD","IS_CNY_CODE":0,"DPS_HKD_LY":0.123688,"ORG_TYPE":"一般企业","PREMIUM_INCOME":null,"PREMIUM_INCOME_YOY":null,"NET_INTEREST_INCOME":null,"NET_INTEREST_INCOME_YOY":null,"FEE_COMMISSION_INCOME":null,"FEE_COMMISSION_INCOME_YOY":null,"ACCOUNTS_RECE_TDAYS":null,"INVENTORY_TDAYS":0.202791798988,"CURRENT_ASSETS_TDAYS":0.180892638164,"TOTAL_ASSETS_TDAYS":0.164683155004,"PREMIUM_EXPENSE":null,"LOAN_DEPOSIT":null,"LOAN_EQUITY":null,"LOAN_ASSETS":null,"DEPOSIT_EQUITY":null,"DEPOSIT_ASSETS":null,"EQUITY_MULTIPLIER":2.914175179367,"EQUITY_RATIO":2.941493208465},{"SECUCODE":"02231.HK","SECURITY_CODE":"02231","SECURITY_NAME_ABBR":"景业名邦集团","ORG_CODE":"10000036417","STD_REPORT_DATE":"2021-06-30 00:00:00","REPORT_DATE":"2021-06-30 00:00:00","DATE_TYPE_CODE":"002","REPORT_TYPE":"2021年中报","PER_NETCASH_OPERATE":-0.140884949516,"PER_OI":0.633466834895,"BPS":1.883690839298,"BASIC_EPS":0.1,"DILUTED_EPS":0.1,"OPERATE_INCOME":1042796000,"OPERATE_INCOME_YOY":12.7720089024,"GROSS_PROFIT":412127000,"GROSS_PROFIT_YOY":1.873197066363,"HOLDER_PROFIT":170804000,"HOLDER_PROFIT_YOY":-13.2560714249,"GROSS_PROFIT_RATIO":39.521344539105,"EPS_TTM":0.278889885814,"OPERATE_INCOME_QOQ":5.031903689034,"NET_PROFIT_RATIO":16.1487002252,"ROE_AVG":5.567162593194,"GROSS_PROFIT_QOQ":0.830251025488,"ROA":1.503443447424,"HOLDER_PROFIT_QOQ":-5.3796040008,"ROE_YEARLY":11.134325186388,"ROIC_YEARLY":4.359847459963,"TOTAL_ASSETS":11835269000,"TOTAL_LIABILITIES":7276163000,"TAX_EBT":47.62066209016,"OCF_SALES":-22.240303952067,"TOTAL_PARENT_EQUITY":3100881000,"DEBT_ASSET_RATIO":61.4786448876,"OPERATE_PROFIT":308728000,"PRETAX_PROFIT":321497000,"NETCASH_OPERATE":-231921000,"NETCASH_INVEST":31908000,"NETCASH_FINANCE":304992000,"END_CASH":2137368000,"DIVI_RATIO":null,"DIVIDEND_RATE":null,"CURRENT_RATIO":1.965568075593,"COMMON_ACS":2500000000,"CURRENTDEBT_DEBT":75.085330001541,"ISSUED_COMMON_SHARES":1646173000,"HK_COMMON_SHARES":1646173000,"PER_SHARES":1000,"TOTAL_MARKET_CAP":526775360,"HKSK_MARKET_CAP":526775360,"PE_TTM":-0.276633565629,"PB_TTM":4.137320559053,"REPORT_DATE_SQ":"2020-06-30 00:00:00","REPORT_TYPE_SQ":"2020年中报","OPERATE_INCOME_SQ":924694000,"DPS_HKD":null,"OPERATE_INCOME_QOQ_SQ":6.75417531973,"NET_PROFIT_RATIO_SQ":20.990187024,"HOLDER_PROFIT_SQ":196906000,"HOLDER_PROFIT_QOQ_SQ":2.373399107109,"ROE_AVG_SQ":7.190092361937,"PE_TTM_SQ":-1.810666768573,"PB_TTM_SQ":0.918163576975,"ROA_SQ":2.071797430471,"START_DATE":"2021-01-01 00:00:00","FISCAL_YEAR":"12-31","CURRENCY":"HKD","IS_CNY_CODE":0,"DPS_HKD_LY":0.123688,"ORG_TYPE":"一般企业","PREMIUM_INCOME":null,"PREMIUM_INCOME_YOY":null,"NET_INTEREST_INCOME":null,"NET_INTEREST_INCOME_YOY":null,"FEE_COMMISSION_INCOME":null,"FEE_COMMISSION_INCOME_YOY":null,"ACCOUNTS_RECE_TDAYS":0.688430520273,"INVENTORY_TDAYS":0.100898968083,"CURRENT_ASSETS_TDAYS":0.10148616292,"TOTAL_ASSETS_TDAYS":0.091788530315,"PREMIUM_EXPENSE":null,"LOAN_DEPOSIT":null,"LOAN_EQUITY":null,"LOAN_ASSETS":null,"DEPOSIT_EQUITY":null,"DEPOSIT_ASSETS":null,"EQUITY_MULTIPLIER":2.595962673385,"EQUITY_RATIO":2.346482499651},{"SECUCODE":"02231.HK","SECURITY_CODE":"02231","SECURITY_NAME_ABBR":"景业名邦集团","ORG_CODE":"10000036417","STD_REPORT_DATE":"2020-12-31 00:00:00","REPORT_DATE":"2020-12-31 00:00:00","DATE_TYPE_CODE":"001","REPORT_TYPE":"2020年年报","PER_NETCASH_OPERATE":-0.954465296175,"PER_OI":1.42576995249,"BPS":1.84381775184,"BASIC_EPS":0.29,"DILUTED_EPS":0.29,"OPERATE_INCOME":2347064000,"OPERATE_INCOME_YOY":-2.3200336273,"GROSS_PROFIT":912736000,"GROSS_PROFIT_YOY":-20.231561431598,"HOLDER_PROFIT":485203000,"HOLDER_PROFIT_YOY":-3.2529306085,"GROSS_PROFIT_RATIO":38.888415484196,"EPS_TTM":0.294746056459,"OPERATE_INCOME_QOQ":-8.500097462087,"NET_PROFIT_RATIO":20.3827846194,"ROE_AVG":16.864316602299,"GROSS_PROFIT_QOQ":-20.798526235592,"ROA":4.828004401696,"HOLDER_PROFIT_QOQ":-5.495890304234,"ROE_YEARLY":16.864316602299,"ROIC_YEARLY":6.225873206359,"TOTAL_ASSETS":10886437000,"TOTAL_LIABILITIES":6433386000,"TAX_EBT":39.019642834381,"OCF_SALES":-66.943849848151,"TOTAL_PARENT_EQUITY":3035243000,"DEBT_ASSET_RATIO":59.095423048,"OPERATE_PROFIT":744718000,"PRETAX_PROFIT":784510000,"NETCASH_OPERATE":-1571215000,"NETCASH_INVEST":-146076000,"NETCASH_FINANCE":2832383000,"END_CASH":2037665000,"DIVI_RATIO":null,"DIVIDEND_RATE":null,"CURRENT_RATIO":2.098351572092,"COMMON_ACS":2500000000,"CURRENTDEBT_DEBT":72.683824660917,"ISSUED_COMMON_SHARES":1646173000,"HK_COMMON_SHARES":1646173000,"PER_SHARES":1000,"TOTAL_MARKET_CAP":526775360,"HKSK_MARKET_CAP":526775360,"PE_TTM":-0.276633565629,"PB_TTM":4.137320559053,"REPORT_DATE_SQ":"2019-12-31 00:00:00","REPORT_TYPE_SQ":"2019年年报","OPERATE_INCOME_SQ":2402810000,"DPS_HKD":null,"OPERATE_INCOME_QOQ_SQ":22.197201091572,"NET_PROFIT_RATIO_SQ":20.5974255143,"HOLDER_PROFIT_SQ":501517000,"HOLDER_PROFIT_QOQ_SQ":-14.939739010383,"ROE_AVG_SQ":30.690171950929,"PE_TTM_SQ":-1.810666768573,"PB_TTM_SQ":0.918163576975,"ROA_SQ":6.337382465443,"START_DATE":"2020-01-01 00:00:00","FISCAL_YEAR":"12-31","CURRENCY":"HKD","IS_CNY_CODE":0,"DPS_HKD_LY":0.1395,"ORG_TYPE":"一般企业","PREMIUM_INCOME":null,"PREMIUM_INCOME_YOY":null,"NET_INTEREST_INCOME":null,"NET_INTEREST_INCOME_YOY":null,"FEE_COMMISSION_INCOME":null,"FEE_COMMISSION_INCOME_YOY":null,"ACCOUNTS_RECE_TDAYS":2.030297053684,"INVENTORY_TDAYS":0.257854540375,"CURRENT_ASSETS_TDAYS":0.259553351495,"TOTAL_ASSETS_TDAYS":0.233544213928,"PREMIUM_EXPENSE":null,"LOAN_DEPOSIT":null,"LOAN_EQUITY":null,"LOAN_ASSETS":null,"DEPOSIT_EQUITY":null,"DEPOSIT_ASSETS":null,"EQUITY_MULTIPLIER":2.444714197077,"EQUITY_RATIO":2.119562091075},{"SECUCODE":"02231.HK","SECURITY_CODE":"02231","SECURITY_NAME_ABBR":"景业名邦集团","ORG_CODE":"10000036417","STD_REPORT_DATE":"2020-06-30 00:00:00","REPORT_DATE":"2020-06-30 00:00:00","DATE_TYPE_CODE":"002","REPORT_TYPE":"2020年中报","PER_NETCASH_OPERATE":-0.272384494218,"PER_OI":0.561723464059,"BPS":1.675518915691,"BASIC_EPS":0.12,"DILUTED_EPS":0.12,"OPERATE_INCOME":924694000,"OPERATE_INCOME_YOY":21.2866144459,"GROSS_PROFIT":404549000,"GROSS_PROFIT_YOY":2.066566084197,"HOLDER_PROFIT":196906000,"HOLDER_PROFIT_YOY":6.4339497197,"GROSS_PROFIT_RATIO":43.74949983454,"EPS_TTM":0.31188702524,"OPERATE_INCOME_QOQ":6.75417531973,"NET_PROFIT_RATIO":20.990187024,"ROE_AVG":7.190092361937,"GROSS_PROFIT_QOQ":0.715851330849,"ROA":2.071797430471,"HOLDER_PROFIT_QOQ":2.373399107109,"ROE_YEARLY":14.380184723875,"ROIC_YEARLY":4.711473793943,"TOTAL_ASSETS":9795140000,"TOTAL_LIABILITIES":6939302000,"TAX_EBT":41.000255337775,"OCF_SALES":-48.490852108914,"TOTAL_PARENT_EQUITY":2758194000,"DEBT_ASSET_RATIO":70.8443370896,"OPERATE_PROFIT":290112000,"PRETAX_PROFIT":328976000,"NETCASH_OPERATE":-448392000,"NETCASH_INVEST":-4832000,"NETCASH_FINANCE":623852000,"END_CASH":1136050000,"DIVI_RATIO":null,"DIVIDEND_RATE":null,"CURRENT_RATIO":1.826709282906,"COMMON_ACS":2500000000,"CURRENTDEBT_DEBT":69.48752194385,"ISSUED_COMMON_SHARES":1646173000,"HK_COMMON_SHARES":1646173000,"PER_SHARES":1000,"TOTAL_MARKET_CAP":526775360,"HKSK_MARKET_CAP":526775360,"PE_TTM":-0.276633565629,"PB_TTM":4.137320559053,"REPORT_DATE_SQ":"2019-06-30 00:00:00","REPORT_TYPE_SQ":"2019年中报","OPERATE_INCOME_SQ":762404000,"DPS_HKD":null,"OPERATE_INCOME_QOQ_SQ":47.968788918847,"NET_PROFIT_RATIO_SQ":23.7636476199,"HOLDER_PROFIT_SQ":185003000,"HOLDER_PROFIT_QOQ_SQ":52.554555663077,"ROE_AVG_SQ":28.973788543323,"PE_TTM_SQ":-1.810666768573,"PB_TTM_SQ":0.918163576975,"ROA_SQ":2.574022110074,"START_DATE":"2020-01-01 00:00:00","FISCAL_YEAR":"12-31","CURRENCY":"HKD","IS_CNY_CODE":0,"DPS_HKD_LY":0.1395,"ORG_TYPE":"一般企业","PREMIUM_INCOME":null,"PREMIUM_INCOME_YOY":null,"NET_INTEREST_INCOME":null,"NET_INTEREST_INCOME_YOY":null,"FEE_COMMISSION_INCOME":null,"FEE_COMMISSION_INCOME_YOY":null,"ACCOUNTS_RECE_TDAYS":1.631655054555,"INVENTORY_TDAYS":0.089725684994,"CURRENT_ASSETS_TDAYS":0.108266899367,"TOTAL_ASSETS_TDAYS":0.097294071952,"PREMIUM_EXPENSE":null,"LOAN_DEPOSIT":null,"LOAN_EQUITY":null,"LOAN_ASSETS":null,"DEPOSIT_EQUITY":null,"DEPOSIT_ASSETS":null,"EQUITY_MULTIPLIER":3.429865419535,"EQUITY_RATIO":2.515886119686}],"count":15},"success":true,"message":"ok","code":0}