{"version":"1c223cb11a8fde025e2bbc95cb8019e1","result":{"pages":4,"data":[{"SECUCODE":"02233.HK","SECURITY_CODE":"02233","SECURITY_NAME_ABBR":"西部水泥","ORG_CODE":"10131329","STD_REPORT_DATE":"2024-06-30 00:00:00","REPORT_DATE":"2024-06-30 00:00:00","DATE_TYPE_CODE":"002","REPORT_TYPE":"2024年中报","PER_NETCASH_OPERATE":0.248697878323,"PER_OI":0.678691990783,"BPS":2.327811917842,"BASIC_EPS":0.071,"DILUTED_EPS":0.071,"OPERATE_INCOME":3701812000,"OPERATE_INCOME_YOY":-15.8351995889,"GROSS_PROFIT":985145000,"GROSS_PROFIT_YOY":-20.182314031909,"HOLDER_PROFIT":386882000,"HOLDER_PROFIT_YOY":-27.2996843055,"GROSS_PROFIT_RATIO":26.612507604384,"EPS_TTM":0.050601972617,"OPERATE_INCOME_QOQ":-7.720714372101,"NET_PROFIT_RATIO":13.3754766585,"ROE_AVG":3.095155787823,"GROSS_PROFIT_QOQ":-10.125897401605,"ROA":1.123736166423,"HOLDER_PROFIT_QOQ":-34.485066867959,"ROE_YEARLY":6.190311575645,"ROIC_YEARLY":2.45800715692,"TOTAL_ASSETS":35953526000,"TOTAL_LIABILITIES":21161073000,"TAX_EBT":23.651191873151,"OCF_SALES":36.643703137815,"TOTAL_PARENT_EQUITY":12715749000,"DEBT_ASSET_RATIO":58.8567391137,"OPERATE_PROFIT":725049000,"PRETAX_PROFIT":648517000,"NETCASH_OPERATE":1356481000,"NETCASH_INVEST":-1980861000,"NETCASH_FINANCE":706593000,"END_CASH":1013860000,"DIVI_RATIO":0.453092336413,"DIVIDEND_RATE":1.601265822785,"CURRENT_RATIO":0.818835129204,"COMMON_ACS":10000000000,"CURRENTDEBT_DEBT":54.138034493809,"ISSUED_COMMON_SHARES":5462532820,"HK_COMMON_SHARES":5462532820,"PER_SHARES":2000,"TOTAL_MARKET_CAP":8630801855.6,"HKSK_MARKET_CAP":8630801855.6,"PE_TTM":27.700296095103,"PB_TTM":0.619480632841,"REPORT_DATE_SQ":"2023-06-30 00:00:00","REPORT_TYPE_SQ":"2023年中报","OPERATE_INCOME_SQ":4398290000,"DPS_HKD":0.0253,"OPERATE_INCOME_QOQ_SQ":2.898269376091,"NET_PROFIT_RATIO_SQ":14.8600933545,"HOLDER_PROFIT_SQ":532160000,"HOLDER_PROFIT_QOQ_SQ":-10.371797890259,"ROE_AVG_SQ":4.413631299891,"PE_TTM_SQ":3.214461375752,"PB_TTM_SQ":0.286354757829,"ROA_SQ":1.730453707396,"START_DATE":"2024-01-01 00:00:00","FISCAL_YEAR":"12-31","CURRENCY":"HKD","IS_CNY_CODE":0,"DPS_HKD_LY":0.0253,"ORG_TYPE":"一般企业","PREMIUM_INCOME":null,"PREMIUM_INCOME_YOY":null,"NET_INTEREST_INCOME":null,"NET_INTEREST_INCOME_YOY":null,"FEE_COMMISSION_INCOME":null,"FEE_COMMISSION_INCOME_YOY":null,"ACCOUNTS_RECE_TDAYS":1.093334030362,"INVENTORY_TDAYS":1.113534380233,"CURRENT_ASSETS_TDAYS":0.430673716331,"TOTAL_ASSETS_TDAYS":0.107522707846,"PREMIUM_EXPENSE":null,"LOAN_DEPOSIT":null,"LOAN_EQUITY":null,"LOAN_ASSETS":null,"DEPOSIT_EQUITY":null,"DEPOSIT_ASSETS":null,"EQUITY_MULTIPLIER":2.430531704241,"EQUITY_RATIO":1.664162527901},{"SECUCODE":"02233.HK","SECURITY_CODE":"02233","SECURITY_NAME_ABBR":"西部水泥","ORG_CODE":"10131329","STD_REPORT_DATE":"2023-12-31 00:00:00","REPORT_DATE":"2023-12-31 00:00:00","DATE_TYPE_CODE":"001","REPORT_TYPE":"2023年年报","PER_NETCASH_OPERATE":0.49645140176,"PER_OI":1.658594475841,"BPS":2.248672072967,"BASIC_EPS":0.077,"DILUTED_EPS":0.077,"OPERATE_INCOME":9020901000,"OPERATE_INCOME_YOY":6.2640775532,"GROSS_PROFIT":2460019000,"GROSS_PROFIT_YOY":12.750260102758,"HOLDER_PROFIT":421278000,"HOLDER_PROFIT_YOY":-65.3196635346,"GROSS_PROFIT_RATIO":27.270213917656,"EPS_TTM":0.077456715642,"OPERATE_INCOME_QOQ":3.2710056229,"NET_PROFIT_RATIO":7.6012473699,"ROE_AVG":3.465198435948,"GROSS_PROFIT_QOQ":19.237400315153,"ROA":1.334380642976,"HOLDER_PROFIT_QOQ":-61.306446353863,"ROE_YEARLY":3.465198435948,"ROIC_YEARLY":1.464035012316,"TOTAL_ASSETS":32902850000,"TOTAL_LIABILITIES":18734900000,"TAX_EBT":28.146858093133,"OCF_SALES":29.932054458862,"TOTAL_PARENT_EQUITY":12283445000,"DEBT_ASSET_RATIO":56.9400523055,"OPERATE_PROFIT":1455030000,"PRETAX_PROFIT":954309000,"NETCASH_OPERATE":2700141000,"NETCASH_INVEST":-3353393000,"NETCASH_FINANCE":139807000,"END_CASH":922662000,"DIVI_RATIO":0.296002300251,"DIVIDEND_RATE":1.445714285714,"CURRENT_RATIO":0.79616112901,"COMMON_ACS":10000000000,"CURRENTDEBT_DEBT":52.360327517094,"ISSUED_COMMON_SHARES":5462532820,"HK_COMMON_SHARES":5462532820,"PER_SHARES":2000,"TOTAL_MARKET_CAP":9559432435,"HKSK_MARKET_CAP":9559432435,"PE_TTM":30.680707700272,"PB_TTM":0.686133612324,"REPORT_DATE_SQ":"2022-12-31 00:00:00","REPORT_TYPE_SQ":"2022年年报","OPERATE_INCOME_SQ":8489135000,"DPS_HKD":0.0253,"OPERATE_INCOME_QOQ_SQ":7.157134495402,"NET_PROFIT_RATIO_SQ":15.833356402,"HOLDER_PROFIT_SQ":1214746000,"HOLDER_PROFIT_QOQ_SQ":2.324300237627,"ROE_AVG_SQ":10.406949252002,"PE_TTM_SQ":3.074702185502,"PB_TTM_SQ":0.273904550967,"ROA_SQ":4.270687863739,"START_DATE":"2023-01-01 00:00:00","FISCAL_YEAR":"12-31","CURRENCY":"HKD","IS_CNY_CODE":0,"DPS_HKD_LY":0.07437,"ORG_TYPE":"一般企业","PREMIUM_INCOME":null,"PREMIUM_INCOME_YOY":null,"NET_INTEREST_INCOME":null,"NET_INTEREST_INCOME_YOY":null,"FEE_COMMISSION_INCOME":null,"FEE_COMMISSION_INCOME_YOY":null,"ACCOUNTS_RECE_TDAYS":2.926005405758,"INVENTORY_TDAYS":3.424615604648,"CURRENT_ASSETS_TDAYS":1.230667573886,"TOTAL_ASSETS_TDAYS":0.285733308566,"PREMIUM_EXPENSE":null,"LOAN_DEPOSIT":null,"LOAN_EQUITY":null,"LOAN_ASSETS":null,"DEPOSIT_EQUITY":null,"DEPOSIT_ASSETS":null,"EQUITY_MULTIPLIER":2.322343740626,"EQUITY_RATIO":1.52521544241},{"SECUCODE":"02233.HK","SECURITY_CODE":"02233","SECURITY_NAME_ABBR":"西部水泥","ORG_CODE":"10131329","STD_REPORT_DATE":"2023-06-30 00:00:00","REPORT_DATE":"2023-06-30 00:00:00","DATE_TYPE_CODE":"002","REPORT_TYPE":"2023年中报","PER_NETCASH_OPERATE":0.205318267916,"PER_OI":0.80867526394,"BPS":2.211983231617,"BASIC_EPS":0.098,"DILUTED_EPS":0.098,"OPERATE_INCOME":4398290000,"OPERATE_INCOME_YOY":5.9254110781,"GROSS_PROFIT":1234244000,"GROSS_PROFIT_YOY":-8.773662235106,"HOLDER_PROFIT":532160000,"HOLDER_PROFIT_YOY":-19.1431753503,"GROSS_PROFIT_RATIO":28.061905877057,"EPS_TTM":0.200179896503,"OPERATE_INCOME_QOQ":2.898269376091,"NET_PROFIT_RATIO":14.8600933545,"ROE_AVG":4.413631299891,"GROSS_PROFIT_QOQ":-5.440524697158,"ROA":1.730453707396,"HOLDER_PROFIT_QOQ":-10.371797890259,"ROE_YEARLY":8.827262599783,"ROIC_YEARLY":3.804365290414,"TOTAL_ASSETS":31266004000,"TOTAL_LIABILITIES":17670285000,"TAX_EBT":22.831066402191,"OCF_SALES":25.389458175791,"TOTAL_PARENT_EQUITY":12083031000,"DEBT_ASSET_RATIO":56.51596859,"OPERATE_PROFIT":959010000,"PRETAX_PROFIT":846960000,"NETCASH_OPERATE":1116702000,"NETCASH_INVEST":-1169458000,"NETCASH_FINANCE":-148370000,"END_CASH":1255330000,"DIVI_RATIO":0.114533808842,"DIVIDEND_RATE":1.445714285714,"CURRENT_RATIO":0.766034353945,"COMMON_ACS":10000000000,"CURRENTDEBT_DEBT":56.370873474876,"ISSUED_COMMON_SHARES":5462532820,"HK_COMMON_SHARES":5462532820,"PER_SHARES":2000,"TOTAL_MARKET_CAP":9559432435,"HKSK_MARKET_CAP":9559432435,"PE_TTM":30.680707700272,"PB_TTM":0.686133612324,"REPORT_DATE_SQ":"2022-06-30 00:00:00","REPORT_TYPE_SQ":"2022年中报","OPERATE_INCOME_SQ":4152252000,"DPS_HKD":0.0253,"OPERATE_INCOME_QOQ_SQ":-1.007823395613,"NET_PROFIT_RATIO_SQ":16.8113351502,"HOLDER_PROFIT_SQ":658151000,"HOLDER_PROFIT_QOQ_SQ":-25.104064804709,"ROE_AVG_SQ":5.766194085952,"PE_TTM_SQ":3.074702185502,"PB_TTM_SQ":0.273904550967,"ROA_SQ":2.435892705113,"START_DATE":"2023-01-01 00:00:00","FISCAL_YEAR":"12-31","CURRENCY":"HKD","IS_CNY_CODE":0,"DPS_HKD_LY":0.07437,"ORG_TYPE":"一般企业","PREMIUM_INCOME":null,"PREMIUM_INCOME_YOY":null,"NET_INTEREST_INCOME":null,"NET_INTEREST_INCOME_YOY":null,"FEE_COMMISSION_INCOME":null,"FEE_COMMISSION_INCOME_YOY":null,"ACCOUNTS_RECE_TDAYS":1.376643948949,"INVENTORY_TDAYS":1.694694328775,"CURRENT_ASSETS_TDAYS":0.607477810152,"TOTAL_ASSETS_TDAYS":0.143021595699,"PREMIUM_EXPENSE":null,"LOAN_DEPOSIT":null,"LOAN_EQUITY":null,"LOAN_ASSETS":null,"DEPOSIT_EQUITY":null,"DEPOSIT_ASSETS":null,"EQUITY_MULTIPLIER":2.299694778921,"EQUITY_RATIO":1.462405004175},{"SECUCODE":"02233.HK","SECURITY_CODE":"02233","SECURITY_NAME_ABBR":"西部水泥","ORG_CODE":"10131329","STD_REPORT_DATE":"2022-12-31 00:00:00","REPORT_DATE":"2022-12-31 00:00:00","DATE_TYPE_CODE":"001","REPORT_TYPE":"2022年年报","PER_NETCASH_OPERATE":0.392458905743,"PER_OI":1.560823294222,"BPS":2.202522785026,"BASIC_EPS":0.224,"DILUTED_EPS":0.224,"OPERATE_INCOME":8489135000,"OPERATE_INCOME_YOY":6.0771798239,"GROSS_PROFIT":2181830000,"GROSS_PROFIT_YOY":-8.194046286093,"HOLDER_PROFIT":1214746000,"HOLDER_PROFIT_YOY":-23.363258405,"GROSS_PROFIT_RATIO":25.701440723937,"EPS_TTM":0.223344764026,"OPERATE_INCOME_QOQ":7.157134495402,"NET_PROFIT_RATIO":15.833356402,"ROE_AVG":10.406949252002,"GROSS_PROFIT_QOQ":-8.548068608544,"ROA":4.270687863739,"HOLDER_PROFIT_QOQ":2.324300237627,"ROE_YEARLY":10.406949252002,"ROIC_YEARLY":4.84762726969,"TOTAL_ASSETS":30239253000,"TOTAL_LIABILITIES":16847502000,"TAX_EBT":11.179813110297,"OCF_SALES":25.144352163089,"TOTAL_PARENT_EQUITY":12031353000,"DEBT_ASSET_RATIO":55.7140151577,"OPERATE_PROFIT":1819878000,"PRETAX_PROFIT":1513299000,"NETCASH_OPERATE":2134538000,"NETCASH_INVEST":-3254819000,"NETCASH_FINANCE":-1100299000,"END_CASH":1424275000,"DIVI_RATIO":0.102654593672,"DIVIDEND_RATE":1.445714285714,"CURRENT_RATIO":0.722966954287,"COMMON_ACS":10000000000,"CURRENTDEBT_DEBT":56.239767770914,"ISSUED_COMMON_SHARES":5462532820,"HK_COMMON_SHARES":5462532820,"PER_SHARES":2000,"TOTAL_MARKET_CAP":9559432435,"HKSK_MARKET_CAP":9559432435,"PE_TTM":30.680707700272,"PB_TTM":0.686133612324,"REPORT_DATE_SQ":"2021-12-31 00:00:00","REPORT_TYPE_SQ":"2021年年报","OPERATE_INCOME_SQ":8002791000,"DPS_HKD":0.0253,"OPERATE_INCOME_QOQ_SQ":-4.218035270658,"NET_PROFIT_RATIO_SQ":22.2791273694,"HOLDER_PROFIT_SQ":1585070000,"HOLDER_PROFIT_QOQ_SQ":-14.977602817577,"ROE_AVG_SQ":14.646501280935,"PE_TTM_SQ":3.074702185502,"PB_TTM_SQ":0.273904550967,"ROA_SQ":6.958992468442,"START_DATE":"2022-01-01 00:00:00","FISCAL_YEAR":"12-31","CURRENCY":"HKD","IS_CNY_CODE":0,"DPS_HKD_LY":0.1,"ORG_TYPE":"一般企业","PREMIUM_INCOME":null,"PREMIUM_INCOME_YOY":null,"NET_INTEREST_INCOME":null,"NET_INTEREST_INCOME_YOY":null,"FEE_COMMISSION_INCOME":null,"FEE_COMMISSION_INCOME_YOY":null,"ACCOUNTS_RECE_TDAYS":3.093757134998,"INVENTORY_TDAYS":4.851722693649,"CURRENT_ASSETS_TDAYS":1.082453006839,"TOTAL_ASSETS_TDAYS":0.298452893182,"PREMIUM_EXPENSE":null,"LOAN_DEPOSIT":null,"LOAN_EQUITY":null,"LOAN_ASSETS":null,"DEPOSIT_EQUITY":null,"DEPOSIT_ASSETS":null,"EQUITY_MULTIPLIER":2.258050720924,"EQUITY_RATIO":1.400299866524},{"SECUCODE":"02233.HK","SECURITY_CODE":"02233","SECURITY_NAME_ABBR":"西部水泥","ORG_CODE":"10131329","STD_REPORT_DATE":"2022-06-30 00:00:00","REPORT_DATE":"2022-06-30 00:00:00","DATE_TYPE_CODE":"002","REPORT_TYPE":"2022年中报","PER_NETCASH_OPERATE":0.179629904216,"PER_OI":0.763438400388,"BPS":2.107880973793,"BASIC_EPS":0.121,"DILUTED_EPS":0.121,"OPERATE_INCOME":4152252000,"OPERATE_INCOME_YOY":-1.9054049393,"GROSS_PROFIT":1352947000,"GROSS_PROFIT_YOY":0.684652691318,"HOLDER_PROFIT":658151000,"HOLDER_PROFIT_YOY":-37.6791077847,"GROSS_PROFIT_RATIO":32.583451100752,"EPS_TTM":0.218271479509,"OPERATE_INCOME_QOQ":-1.007823395613,"NET_PROFIT_RATIO":16.8113351502,"ROE_AVG":5.766194085952,"GROSS_PROFIT_QOQ":0.387113007965,"ROA":2.435892705113,"HOLDER_PROFIT_QOQ":-25.104064804709,"ROE_YEARLY":11.532388171904,"ROIC_YEARLY":5.578089865845,"TOTAL_ASSETS":27389415000,"TOTAL_LIABILITIES":15401370000,"TAX_EBT":21.732856438086,"OCF_SALES":23.529063264946,"TOTAL_PARENT_EQUITY":11514369000,"DEBT_ASSET_RATIO":56.2311024168,"OPERATE_PROFIT":1006259000,"PRETAX_PROFIT":891880000,"NETCASH_OPERATE":976986000,"NETCASH_INVEST":-1301601000,"NETCASH_FINANCE":-914360000,"END_CASH":2382857000,"DIVI_RATIO":0.105040594637,"DIVIDEND_RATE":1.445714285714,"CURRENT_RATIO":1.034441459691,"COMMON_ACS":10000000000,"CURRENTDEBT_DEBT":51.507820408185,"ISSUED_COMMON_SHARES":5462532820,"HK_COMMON_SHARES":5462532820,"PER_SHARES":2000,"TOTAL_MARKET_CAP":9559432435,"HKSK_MARKET_CAP":9559432435,"PE_TTM":30.680707700272,"PB_TTM":0.686133612324,"REPORT_DATE_SQ":"2021-06-30 00:00:00","REPORT_TYPE_SQ":"2021年中报","OPERATE_INCOME_SQ":4232906000,"DPS_HKD":0.0253,"OPERATE_INCOME_QOQ_SQ":17.166681718209,"NET_PROFIT_RATIO_SQ":28.8149559664,"HOLDER_PROFIT_SQ":1056068000,"HOLDER_PROFIT_QOQ_SQ":19.469458115452,"ROE_AVG_SQ":10.011851334719,"PE_TTM_SQ":3.074702185502,"PB_TTM_SQ":0.273904550967,"ROA_SQ":5.146312775186,"START_DATE":"2022-01-01 00:00:00","FISCAL_YEAR":"12-31","CURRENCY":"HKD","IS_CNY_CODE":0,"DPS_HKD_LY":0.1,"ORG_TYPE":"一般企业","PREMIUM_INCOME":null,"PREMIUM_INCOME_YOY":null,"NET_INTEREST_INCOME":null,"NET_INTEREST_INCOME_YOY":null,"FEE_COMMISSION_INCOME":null,"FEE_COMMISSION_INCOME_YOY":null,"ACCOUNTS_RECE_TDAYS":1.53484235553,"INVENTORY_TDAYS":2.202555598831,"CURRENT_ASSETS_TDAYS":0.487324436094,"TOTAL_ASSETS_TDAYS":0.15367963213,"PREMIUM_EXPENSE":null,"LOAN_DEPOSIT":null,"LOAN_EQUITY":null,"LOAN_ASSETS":null,"DEPOSIT_EQUITY":null,"DEPOSIT_ASSETS":null,"EQUITY_MULTIPLIER":2.284727409684,"EQUITY_RATIO":1.337578290222},{"SECUCODE":"02233.HK","SECURITY_CODE":"02233","SECURITY_NAME_ABBR":"西部水泥","ORG_CODE":"10131329","STD_REPORT_DATE":"2021-12-31 00:00:00","REPORT_DATE":"2021-12-31 00:00:00","DATE_TYPE_CODE":"001","REPORT_TYPE":"2021年年报","PER_NETCASH_OPERATE":0.360303772825,"PER_OI":1.471403460022,"BPS":2.071117624882,"BASIC_EPS":0.291,"DILUTED_EPS":0.291,"OPERATE_INCOME":8002791000,"OPERATE_INCOME_YOY":12.2245497579,"GROSS_PROFIT":2376567000,"GROSS_PROFIT_YOY":1.455773530971,"HOLDER_PROFIT":1585070000,"HOLDER_PROFIT_YOY":1.5757971906,"GROSS_PROFIT_RATIO":29.696727054349,"EPS_TTM":0.291433011605,"OPERATE_INCOME_QOQ":-4.218035270658,"NET_PROFIT_RATIO":22.2791273694,"ROE_AVG":14.646501280935,"GROSS_PROFIT_QOQ":-9.9303832465,"ROA":6.958992468442,"HOLDER_PROFIT_QOQ":-14.977602817577,"ROE_YEARLY":14.646501280935,"ROIC_YEARLY":7.785041940737,"TOTAL_ASSETS":26648351000,"TOTAL_LIABILITIES":14856724000,"TAX_EBT":14.428887435202,"OCF_SALES":24.487082069243,"TOTAL_PARENT_EQUITY":11313548000,"DEBT_ASSET_RATIO":55.7510068822,"OPERATE_PROFIT":1786934000,"PRETAX_PROFIT":2083591000,"NETCASH_OPERATE":1959650000,"NETCASH_INVEST":-3516628000,"NETCASH_FINANCE":4453422000,"END_CASH":3507715000,"DIVI_RATIO":0.078671135688,"DIVIDEND_RATE":1.445714285714,"CURRENT_RATIO":1.142252403415,"COMMON_ACS":10000000000,"CURRENTDEBT_DEBT":52.061396577065,"ISSUED_COMMON_SHARES":5462532820,"HK_COMMON_SHARES":5462532820,"PER_SHARES":2000,"TOTAL_MARKET_CAP":9559432435,"HKSK_MARKET_CAP":9559432435,"PE_TTM":30.680707700272,"PB_TTM":0.686133612324,"REPORT_DATE_SQ":"2020-12-31 00:00:00","REPORT_TYPE_SQ":"2020年年报","OPERATE_INCOME_SQ":7131052000,"DPS_HKD":0.0253,"OPERATE_INCOME_QOQ_SQ":2.670847954812,"NET_PROFIT_RATIO_SQ":22.1981553353,"HOLDER_PROFIT_SQ":1560480000,"HOLDER_PROFIT_QOQ_SQ":-11.33978914451,"ROE_AVG_SQ":16.100916742542,"PE_TTM_SQ":3.074702185502,"PB_TTM_SQ":0.273904550967,"ROA_SQ":9.320180988827,"START_DATE":"2021-01-01 00:00:00","FISCAL_YEAR":"12-31","CURRENCY":"HKD","IS_CNY_CODE":0,"DPS_HKD_LY":0.041,"ORG_TYPE":"一般企业","PREMIUM_INCOME":null,"PREMIUM_INCOME_YOY":null,"NET_INTEREST_INCOME":null,"NET_INTEREST_INCOME_YOY":null,"FEE_COMMISSION_INCOME":null,"FEE_COMMISSION_INCOME_YOY":null,"ACCOUNTS_RECE_TDAYS":3.769697632019,"INVENTORY_TDAYS":6.106821708203,"CURRENT_ASSETS_TDAYS":1.142831050515,"TOTAL_ASSETS_TDAYS":0.351349544787,"PREMIUM_EXPENSE":null,"LOAN_DEPOSIT":null,"LOAN_EQUITY":null,"LOAN_ASSETS":null,"DEPOSIT_EQUITY":null,"DEPOSIT_ASSETS":null,"EQUITY_MULTIPLIER":2.259938429193,"EQUITY_RATIO":1.313179914913},{"SECUCODE":"02233.HK","SECURITY_CODE":"02233","SECURITY_NAME_ABBR":"西部水泥","ORG_CODE":"10131329","STD_REPORT_DATE":"2021-06-30 00:00:00","REPORT_DATE":"2021-06-30 00:00:00","DATE_TYPE_CODE":"002","REPORT_TYPE":"2021年中报","PER_NETCASH_OPERATE":0.158424814161,"PER_OI":0.778267548702,"BPS":1.970799326017,"BASIC_EPS":0.194,"DILUTED_EPS":0.194,"OPERATE_INCOME":4232906000,"OPERATE_INCOME_YOY":40.6869517848,"GROSS_PROFIT":1343747000,"GROSS_PROFIT_YOY":28.266152741823,"HOLDER_PROFIT":1056068000,"HOLDER_PROFIT_YOY":40.387716334,"GROSS_PROFIT_RATIO":31.745259639595,"EPS_TTM":0.34277204744,"OPERATE_INCOME_QOQ":17.166681718209,"NET_PROFIT_RATIO":28.8149559664,"ROE_AVG":10.011851334719,"GROSS_PROFIT_QOQ":12.64150685645,"ROA":5.146312775186,"HOLDER_PROFIT_QOQ":19.469458115452,"ROE_YEARLY":20.023702669437,"ROIC_YEARLY":10.917938418625,"TOTAL_ASSETS":22135502000,"TOTAL_LIABILITIES":10992476000,"TAX_EBT":16.536252065706,"OCF_SALES":20.356086338794,"TOTAL_PARENT_EQUITY":10765556000,"DEBT_ASSET_RATIO":49.6599354286,"OPERATE_PROFIT":1493865000,"PRETAX_PROFIT":1461365000,"NETCASH_OPERATE":861654000,"NETCASH_INVEST":-1763496000,"NETCASH_FINANCE":1376702000,"END_CASH":1125272000,"DIVI_RATIO":0.066888085453,"DIVIDEND_RATE":1.445714285714,"CURRENT_RATIO":0.889944345718,"COMMON_ACS":10000000000,"CURRENTDEBT_DEBT":64.788169653498,"ISSUED_COMMON_SHARES":5462532820,"HK_COMMON_SHARES":5462532820,"PER_SHARES":2000,"TOTAL_MARKET_CAP":9559432435,"HKSK_MARKET_CAP":9559432435,"PE_TTM":30.680707700272,"PB_TTM":0.686133612324,"REPORT_DATE_SQ":"2020-06-30 00:00:00","REPORT_TYPE_SQ":"2020年中报","OPERATE_INCOME_SQ":3008741000,"DPS_HKD":0.0253,"OPERATE_INCOME_QOQ_SQ":-4.16483784712,"NET_PROFIT_RATIO_SQ":25.8211657301,"HOLDER_PROFIT_SQ":752251000,"HOLDER_PROFIT_QOQ_SQ":-2.287982829997,"ROE_AVG_SQ":8.124701939401,"PE_TTM_SQ":3.074702185502,"PB_TTM_SQ":0.273904550967,"ROA_SQ":4.858718691865,"START_DATE":"2021-01-01 00:00:00","FISCAL_YEAR":"12-31","CURRENCY":"HKD","IS_CNY_CODE":0,"DPS_HKD_LY":0.041,"ORG_TYPE":"一般企业","PREMIUM_INCOME":null,"PREMIUM_INCOME_YOY":null,"NET_INTEREST_INCOME":null,"NET_INTEREST_INCOME_YOY":null,"FEE_COMMISSION_INCOME":null,"FEE_COMMISSION_INCOME_YOY":null,"ACCOUNTS_RECE_TDAYS":1.925581645019,"INVENTORY_TDAYS":3.404227065592,"CURRENT_ASSETS_TDAYS":0.735623758238,"TOTAL_ASSETS_TDAYS":0.206273253464,"PREMIUM_EXPENSE":null,"LOAN_DEPOSIT":null,"LOAN_EQUITY":null,"LOAN_ASSETS":null,"DEPOSIT_EQUITY":null,"DEPOSIT_ASSETS":null,"EQUITY_MULTIPLIER":1.986489307302,"EQUITY_RATIO":1.021078335387},{"SECUCODE":"02233.HK","SECURITY_CODE":"02233","SECURITY_NAME_ABBR":"西部水泥","ORG_CODE":"10131329","STD_REPORT_DATE":"2020-12-31 00:00:00","REPORT_DATE":"2020-12-31 00:00:00","DATE_TYPE_CODE":"001","REPORT_TYPE":"2020年年报","PER_NETCASH_OPERATE":0.49313785363,"PER_OI":1.311124404773,"BPS":1.891210971251,"BASIC_EPS":0.287,"DILUTED_EPS":0.287,"OPERATE_INCOME":7131052000,"OPERATE_INCOME_YOY":-1.6052263788,"GROSS_PROFIT":2342466000,"GROSS_PROFIT_YOY":-4.016334464803,"HOLDER_PROFIT":1560480000,"HOLDER_PROFIT_YOY":-13.3683195459,"GROSS_PROFIT_RATIO":32.848813891695,"EPS_TTM":0.286911862536,"OPERATE_INCOME_QOQ":2.670847954812,"NET_PROFIT_RATIO":22.1981553353,"ROE_AVG":16.100916742542,"GROSS_PROFIT_QOQ":-0.626707771253,"ROA":9.320180988827,"HOLDER_PROFIT_QOQ":-11.33978914451,"ROE_YEARLY":16.100916742542,"ROIC_YEARLY":9.849686057352,"TOTAL_ASSETS":18906232000,"TOTAL_LIABILITIES":8379015000,"TAX_EBT":14.316660315591,"OCF_SALES":37.611827820075,"TOTAL_PARENT_EQUITY":10330802000,"DEBT_ASSET_RATIO":44.3187992192,"OPERATE_PROFIT":1878069000,"PRETAX_PROFIT":1847456000,"NETCASH_OPERATE":2682119000,"NETCASH_INVEST":-3117988000,"NETCASH_FINANCE":322040000,"END_CASH":651463000,"DIVI_RATIO":0.079910833234,"DIVIDEND_RATE":1.445714285714,"CURRENT_RATIO":1.045415981223,"COMMON_ACS":10000000000,"CURRENTDEBT_DEBT":59.024885383306,"ISSUED_COMMON_SHARES":5462532820,"HK_COMMON_SHARES":5462532820,"PER_SHARES":2000,"TOTAL_MARKET_CAP":9559432435,"HKSK_MARKET_CAP":9559432435,"PE_TTM":30.680707700272,"PB_TTM":0.686133612324,"REPORT_DATE_SQ":"2019-12-31 00:00:00","REPORT_TYPE_SQ":"2019年年报","OPERATE_INCOME_SQ":7247389000,"DPS_HKD":0.0253,"OPERATE_INCOME_QOQ_SQ":9.469915816761,"NET_PROFIT_RATIO_SQ":25.5199355244,"HOLDER_PROFIT_SQ":1801281000,"HOLDER_PROFIT_QOQ_SQ":37.901016143615,"ROE_AVG_SQ":21.730713411417,"PE_TTM_SQ":3.074702185502,"PB_TTM_SQ":0.273904550967,"ROA_SQ":13.356737964405,"START_DATE":"2020-01-01 00:00:00","FISCAL_YEAR":"12-31","CURRENCY":"HKD","IS_CNY_CODE":0,"DPS_HKD_LY":0.069,"ORG_TYPE":"一般企业","PREMIUM_INCOME":null,"PREMIUM_INCOME_YOY":null,"NET_INTEREST_INCOME":null,"NET_INTEREST_INCOME_YOY":null,"FEE_COMMISSION_INCOME":null,"FEE_COMMISSION_INCOME_YOY":null,"ACCOUNTS_RECE_TDAYS":5.268290016105,"INVENTORY_TDAYS":6.855723857519,"CURRENT_ASSETS_TDAYS":1.566444632649,"TOTAL_ASSETS_TDAYS":0.425911868661,"PREMIUM_EXPENSE":null,"LOAN_DEPOSIT":null,"LOAN_EQUITY":null,"LOAN_ASSETS":null,"DEPOSIT_EQUITY":null,"DEPOSIT_ASSETS":null,"EQUITY_MULTIPLIER":1.795938280743,"EQUITY_RATIO":0.811071105612},{"SECUCODE":"02233.HK","SECURITY_CODE":"02233","SECURITY_NAME_ABBR":"西部水泥","ORG_CODE":"10131329","STD_REPORT_DATE":"2020-06-30 00:00:00","REPORT_DATE":"2020-06-30 00:00:00","DATE_TYPE_CODE":"002","REPORT_TYPE":"2020年中报","PER_NETCASH_OPERATE":0.139787191478,"PER_OI":0.553356324016,"BPS":1.732655585216,"BASIC_EPS":0.138,"DILUTED_EPS":0.138,"OPERATE_INCOME":3008741000,"OPERATE_INCOME_YOY":-9.1174877658,"GROSS_PROFIT":1047624000,"GROSS_PROFIT_YOY":-7.361153237024,"HOLDER_PROFIT":752251000,"HOLDER_PROFIT_YOY":-5.1940604741,"GROSS_PROFIT_RATIO":34.819348026301,"EPS_TTM":0.323705084119,"OPERATE_INCOME_QOQ":-4.16483784712,"NET_PROFIT_RATIO":25.8211657301,"ROE_AVG":8.124701939401,"GROSS_PROFIT_QOQ":-3.411003718934,"ROA":4.858718691865,"HOLDER_PROFIT_QOQ":-2.287982829997,"ROE_YEARLY":16.249403878802,"ROIC_YEARLY":10.496143204457,"TOTAL_ASSETS":16385182000,"TOTAL_LIABILITIES":6731128000,"TAX_EBT":12.279723185423,"OCF_SALES":25.261695838891,"TOTAL_PARENT_EQUITY":9464688000,"DEBT_ASSET_RATIO":41.0805812227,"OPERATE_PROFIT":892446000,"PRETAX_PROFIT":885647000,"NETCASH_OPERATE":760059000,"NETCASH_INVEST":-1255407000,"NETCASH_FINANCE":871768000,"END_CASH":1155634000,"DIVI_RATIO":0.070827945327,"DIVIDEND_RATE":1.445714285714,"CURRENT_RATIO":1.161282161808,"COMMON_ACS":10000000000,"CURRENTDEBT_DEBT":65.242898367109,"ISSUED_COMMON_SHARES":5462532820,"HK_COMMON_SHARES":5462532820,"PER_SHARES":2000,"TOTAL_MARKET_CAP":9559432435,"HKSK_MARKET_CAP":9559432435,"PE_TTM":30.680707700272,"PB_TTM":0.686133612324,"REPORT_DATE_SQ":"2019-06-30 00:00:00","REPORT_TYPE_SQ":"2019年中报","OPERATE_INCOME_SQ":3310583000,"DPS_HKD":0.0253,"OPERATE_INCOME_QOQ_SQ":11.987917609423,"NET_PROFIT_RATIO_SQ":24.3558913944,"HOLDER_PROFIT_SQ":793464000,"HOLDER_PROFIT_QOQ_SQ":12.658081554256,"ROE_AVG_SQ":10.064124126531,"PE_TTM_SQ":3.074702185502,"PB_TTM_SQ":0.273904550967,"ROA_SQ":6.118782642459,"START_DATE":"2020-01-01 00:00:00","FISCAL_YEAR":"12-31","CURRENCY":"HKD","IS_CNY_CODE":0,"DPS_HKD_LY":0.069,"ORG_TYPE":"一般企业","PREMIUM_INCOME":null,"PREMIUM_INCOME_YOY":null,"NET_INTEREST_INCOME":null,"NET_INTEREST_INCOME_YOY":null,"FEE_COMMISSION_INCOME":null,"FEE_COMMISSION_INCOME_YOY":null,"ACCOUNTS_RECE_TDAYS":2.664736802483,"INVENTORY_TDAYS":2.854433313805,"CURRENT_ASSETS_TDAYS":0.666069904619,"TOTAL_ASSETS_TDAYS":0.194331760751,"PREMIUM_EXPENSE":null,"LOAN_DEPOSIT":null,"LOAN_EQUITY":null,"LOAN_ASSETS":null,"DEPOSIT_EQUITY":null,"DEPOSIT_ASSETS":null,"EQUITY_MULTIPLIER":1.697233307375,"EQUITY_RATIO":0.711183295213}],"count":33},"success":true,"message":"ok","code":0}