{"version":"aca5e2f208b836782972bef2cabf9ff3","result":{"pages":4,"data":[{"SECUCODE":"02236.HK","SECURITY_CODE":"02236","SECURITY_NAME_ABBR":"惠生工程","ORG_CODE":"10339949","STD_REPORT_DATE":"2024-06-30 00:00:00","REPORT_DATE":"2024-06-30 00:00:00","DATE_TYPE_CODE":"002","REPORT_TYPE":"2024年中报","PER_NETCASH_OPERATE":0.089558369036,"PER_OI":0.451158261892,"BPS":0.594912896115,"BASIC_EPS":-0.0084,"DILUTED_EPS":-0.0084,"OPERATE_INCOME":1837914000,"OPERATE_INCOME_YOY":-2.9418241559,"GROSS_PROFIT":114156000,"GROSS_PROFIT_YOY":-20.756917352733,"HOLDER_PROFIT":-34342000,"HOLDER_PROFIT_YOY":67.2096398426,"GROSS_PROFIT_RATIO":6.211172013489,"EPS_TTM":-0.030863811138,"OPERATE_INCOME_QOQ":-1.449676648227,"NET_PROFIT_RATIO":-2.228722345,"ROE_AVG":-1.405434959652,"GROSS_PROFIT_QOQ":-13.160975695636,"ROA":-0.347269306629,"HOLDER_PROFIT_QOQ":35.890925036457,"ROE_YEARLY":-2.810869919305,"ROIC_YEARLY":-0.777688391344,"TOTAL_ASSETS":10318593000,"TOTAL_LIABILITIES":7916384000,"TAX_EBT":-17.798291778104,"OCF_SALES":19.850765596214,"TOTAL_PARENT_EQUITY":2423537000,"DEBT_ASSET_RATIO":76.7196070239,"OPERATE_PROFIT":-473000,"PRETAX_PROFIT":-34773000,"NETCASH_OPERATE":364840000,"NETCASH_INVEST":16418000,"NETCASH_FINANCE":-11229000,"END_CASH":1222545000,"DIVI_RATIO":null,"DIVIDEND_RATE":null,"CURRENT_RATIO":1.016274934565,"COMMON_ACS":20000000000,"CURRENTDEBT_DEBT":79.409412176064,"ISSUED_COMMON_SHARES":4073767800,"HK_COMMON_SHARES":4073767800,"PER_SHARES":1000,"TOTAL_MARKET_CAP":1548031764,"HKSK_MARKET_CAP":1548031764,"PE_TTM":-11.02189200445,"PB_TTM":0.582973410502,"REPORT_DATE_SQ":"2023-06-30 00:00:00","REPORT_TYPE_SQ":"2023年中报","OPERATE_INCOME_SQ":1893621000,"DPS_HKD":null,"OPERATE_INCOME_QOQ_SQ":-6.81178334242,"NET_PROFIT_RATIO_SQ":-5.7030419498,"HOLDER_PROFIT_SQ":-104732000,"HOLDER_PROFIT_QOQ_SQ":12.726932245509,"ROE_AVG_SQ":-4.117540908264,"PE_TTM_SQ":-0.963289180559,"PB_TTM_SQ":0.40579311901,"ROA_SQ":-1.136924794941,"START_DATE":"2024-01-01 00:00:00","FISCAL_YEAR":"12-31","CURRENCY":"HKD","IS_CNY_CODE":0,"DPS_HKD_LY":null,"ORG_TYPE":"一般企业","PREMIUM_INCOME":null,"PREMIUM_INCOME_YOY":null,"NET_INTEREST_INCOME":null,"NET_INTEREST_INCOME_YOY":null,"FEE_COMMISSION_INCOME":null,"FEE_COMMISSION_INCOME_YOY":null,"ACCOUNTS_RECE_TDAYS":3.404155931714,"INVENTORY_TDAYS":12.218128464297,"CURRENT_ASSETS_TDAYS":0.309792783934,"TOTAL_ASSETS_TDAYS":0.185851470626,"PREMIUM_EXPENSE":null,"LOAN_DEPOSIT":null,"LOAN_EQUITY":null,"LOAN_ASSETS":null,"DEPOSIT_EQUITY":null,"DEPOSIT_ASSETS":null,"EQUITY_MULTIPLIER":4.295460136891,"EQUITY_RATIO":3.266458898709},{"SECUCODE":"02236.HK","SECURITY_CODE":"02236","SECURITY_NAME_ABBR":"惠生工程","ORG_CODE":"10339949","STD_REPORT_DATE":"2023-12-31 00:00:00","REPORT_DATE":"2023-12-31 00:00:00","DATE_TYPE_CODE":"001","REPORT_TYPE":"2023年年报","PER_NETCASH_OPERATE":0.159934986967,"PER_OI":0.943283758097,"BPS":0.604720524326,"BASIC_EPS":-0.0481,"DILUTED_EPS":-0.0481,"OPERATE_INCOME":3842719000,"OPERATE_INCOME_YOY":-17.516624524,"GROSS_PROFIT":227202000,"GROSS_PROFIT_YOY":209.074411905905,"HOLDER_PROFIT":-196122000,"HOLDER_PROFIT_YOY":83.4564052211,"GROSS_PROFIT_RATIO":5.912532246048,"EPS_TTM":-0.048142655553,"OPERATE_INCOME_QOQ":-11.487333447888,"NET_PROFIT_RATIO":-5.1624383672,"ROE_AVG":-7.764833880493,"GROSS_PROFIT_QOQ":538.885025498377,"ROA":-2.131383012425,"HOLDER_PROFIT_QOQ":81.043871603793,"ROE_YEARLY":-7.764833880493,"ROIC_YEARLY":-2.287804558251,"TOTAL_ASSETS":9459717000,"TOTAL_LIABILITIES":7010934000,"TAX_EBT":1.97214000168,"OCF_SALES":16.955129948352,"TOTAL_PARENT_EQUITY":2463491000,"DEBT_ASSET_RATIO":74.1135702051,"OPERATE_PROFIT":-112021000,"PRETAX_PROFIT":-202369000,"NETCASH_OPERATE":651538000,"NETCASH_INVEST":-10572000,"NETCASH_FINANCE":-163983000,"END_CASH":848272000,"DIVI_RATIO":null,"DIVIDEND_RATE":null,"CURRENT_RATIO":1.0556095878,"COMMON_ACS":20000000000,"CURRENTDEBT_DEBT":74.002408238332,"ISSUED_COMMON_SHARES":4073767800,"HK_COMMON_SHARES":4073767800,"PER_SHARES":1000,"TOTAL_MARKET_CAP":733278204,"HKSK_MARKET_CAP":733278204,"PE_TTM":-5.220896212634,"PB_TTM":0.276145299711,"REPORT_DATE_SQ":"2022-12-31 00:00:00","REPORT_TYPE_SQ":"2022年年报","OPERATE_INCOME_SQ":4658780000,"DPS_HKD":null,"OPERATE_INCOME_QOQ_SQ":-21.536138617613,"NET_PROFIT_RATIO_SQ":-25.7017073139,"HOLDER_PROFIT_SQ":-1185486000,"HOLDER_PROFIT_QOQ_SQ":-360.454439524586,"ROE_AVG_SQ":-38.022889055244,"PE_TTM_SQ":-1.355740328194,"PB_TTM_SQ":0.571116241569,"ROA_SQ":-12.451298358583,"START_DATE":"2023-01-01 00:00:00","FISCAL_YEAR":"12-31","CURRENCY":"HKD","IS_CNY_CODE":0,"DPS_HKD_LY":null,"ORG_TYPE":"一般企业","PREMIUM_INCOME":null,"PREMIUM_INCOME_YOY":null,"NET_INTEREST_INCOME":null,"NET_INTEREST_INCOME_YOY":null,"FEE_COMMISSION_INCOME":null,"FEE_COMMISSION_INCOME_YOY":null,"ACCOUNTS_RECE_TDAYS":6.517783587994,"INVENTORY_TDAYS":40.490939837835,"CURRENT_ASSETS_TDAYS":0.740206261624,"TOTAL_ASSETS_TDAYS":0.417612812337,"PREMIUM_EXPENSE":null,"LOAN_DEPOSIT":null,"LOAN_EQUITY":null,"LOAN_ASSETS":null,"DEPOSIT_EQUITY":null,"DEPOSIT_ASSETS":null,"EQUITY_MULTIPLIER":3.863027879561,"EQUITY_RATIO":2.845934488902},{"SECUCODE":"02236.HK","SECURITY_CODE":"02236","SECURITY_NAME_ABBR":"惠生工程","ORG_CODE":"10339949","STD_REPORT_DATE":"2023-06-30 00:00:00","REPORT_DATE":"2023-06-30 00:00:00","DATE_TYPE_CODE":"002","REPORT_TYPE":"2023年中报","PER_NETCASH_OPERATE":0.1009237689,"PER_OI":0.46483282626,"BPS":0.613451998909,"BASIC_EPS":-0.0257,"DILUTED_EPS":-0.0257,"OPERATE_INCOME":1893621000,"OPERATE_INCOME_YOY":-14.3532671451,"GROSS_PROFIT":144058000,"GROSS_PROFIT_YOY":1254.86612153279,"HOLDER_PROFIT":-104732000,"HOLDER_PROFIT_YOY":59.0263215549,"GROSS_PROFIT_RATIO":7.607541318986,"EPS_TTM":-0.253968819725,"OPERATE_INCOME_QOQ":-6.81178334242,"NET_PROFIT_RATIO":-5.7030419498,"ROE_AVG":-4.117540908264,"GROSS_PROFIT_QOQ":75.147383581373,"ROA":-1.136924794941,"HOLDER_PROFIT_QOQ":12.726932245509,"ROE_YEARLY":-8.235081816527,"ROIC_YEARLY":-2.420418112138,"TOTAL_ASSETS":9480189000,"TOTAL_LIABILITIES":6996842000,"TAX_EBT":-12.412953189895,"OCF_SALES":21.711842021186,"TOTAL_PARENT_EQUITY":2499061000,"DEBT_ASSET_RATIO":73.8048787846,"OPERATE_PROFIT":-48274000,"PRETAX_PROFIT":-96069000,"NETCASH_OPERATE":411140000,"NETCASH_INVEST":6744000,"NETCASH_FINANCE":-39790000,"END_CASH":748724000,"DIVI_RATIO":null,"DIVIDEND_RATE":null,"CURRENT_RATIO":1.065451370528,"COMMON_ACS":20000000000,"CURRENTDEBT_DEBT":73.514765661423,"ISSUED_COMMON_SHARES":4073767800,"HK_COMMON_SHARES":4073767800,"PER_SHARES":1000,"TOTAL_MARKET_CAP":733278204,"HKSK_MARKET_CAP":733278204,"PE_TTM":-5.220896212634,"PB_TTM":0.276145299711,"REPORT_DATE_SQ":"2022-06-30 00:00:00","REPORT_TYPE_SQ":"2022年中报","OPERATE_INCOME_SQ":2210967000,"DPS_HKD":null,"OPERATE_INCOME_QOQ_SQ":-5.447270178161,"NET_PROFIT_RATIO_SQ":-11.5803628005,"HOLDER_PROFIT_SQ":-255608000,"HOLDER_PROFIT_QOQ_SQ":-178.001533295181,"ROE_AVG_SQ":-7.180803806269,"PE_TTM_SQ":-1.355740328194,"PB_TTM_SQ":0.571116241569,"ROA_SQ":-2.666770997165,"START_DATE":"2023-01-01 00:00:00","FISCAL_YEAR":"12-31","CURRENCY":"HKD","IS_CNY_CODE":0,"DPS_HKD_LY":null,"ORG_TYPE":"一般企业","PREMIUM_INCOME":null,"PREMIUM_INCOME_YOY":null,"NET_INTEREST_INCOME":null,"NET_INTEREST_INCOME_YOY":null,"FEE_COMMISSION_INCOME":null,"FEE_COMMISSION_INCOME_YOY":null,"ACCOUNTS_RECE_TDAYS":3.353687359257,"INVENTORY_TDAYS":14.769915874872,"CURRENT_ASSETS_TDAYS":0.364633626315,"TOTAL_ASSETS_TDAYS":0.205563215361,"PREMIUM_EXPENSE":null,"LOAN_DEPOSIT":null,"LOAN_EQUITY":null,"LOAN_ASSETS":null,"DEPOSIT_EQUITY":null,"DEPOSIT_ASSETS":null,"EQUITY_MULTIPLIER":3.817504762727,"EQUITY_RATIO":2.799788400523},{"SECUCODE":"02236.HK","SECURITY_CODE":"02236","SECURITY_NAME_ABBR":"惠生工程","ORG_CODE":"10339949","STD_REPORT_DATE":"2022-12-31 00:00:00","REPORT_DATE":"2022-12-31 00:00:00","DATE_TYPE_CODE":"001","REPORT_TYPE":"2022年年报","PER_NETCASH_OPERATE":-0.146034832913,"PER_OI":1.143604699315,"BPS":0.635297132055,"BASIC_EPS":-0.291,"DILUTED_EPS":-0.291,"OPERATE_INCOME":4658780000,"OPERATE_INCOME_YOY":-25.8102771393,"GROSS_PROFIT":-208300000,"GROSS_PROFIT_YOY":-145.401343077657,"HOLDER_PROFIT":-1185486000,"HOLDER_PROFIT_YOY":-1180.0704020041,"GROSS_PROFIT_RATIO":-4.471127634273,"EPS_TTM":-0.291004803956,"OPERATE_INCOME_QOQ":-21.536138617613,"NET_PROFIT_RATIO":-25.7017073139,"ROE_AVG":-38.022889055244,"GROSS_PROFIT_QOQ":-205.770402567332,"ROA":-12.451298358583,"HOLDER_PROFIT_QOQ":-360.454439524586,"ROE_YEARLY":-38.022889055244,"ROIC_YEARLY":-13.365035504289,"TOTAL_ASSETS":8943545000,"TOTAL_LIABILITIES":6367944000,"TAX_EBT":-1.864792346184,"OCF_SALES":-12.769695070383,"TOTAL_PARENT_EQUITY":2588053000,"DEBT_ASSET_RATIO":71.2015649276,"OPERATE_PROFIT":-1086962000,"PRETAX_PROFIT":-1175466000,"NETCASH_OPERATE":-594912000,"NETCASH_INVEST":39771000,"NETCASH_FINANCE":-2767000,"END_CASH":347972000,"DIVI_RATIO":null,"DIVIDEND_RATE":null,"CURRENT_RATIO":1.02255919927,"COMMON_ACS":20000000000,"CURRENTDEBT_DEBT":75.34332902425,"ISSUED_COMMON_SHARES":4073767800,"HK_COMMON_SHARES":4073767800,"PER_SHARES":1000,"TOTAL_MARKET_CAP":733278204,"HKSK_MARKET_CAP":733278204,"PE_TTM":-5.220896212634,"PB_TTM":0.276145299711,"REPORT_DATE_SQ":"2021-12-31 00:00:00","REPORT_TYPE_SQ":"2021年年报","OPERATE_INCOME_SQ":6279549000,"DPS_HKD":null,"OPERATE_INCOME_QOQ_SQ":13.449132024708,"NET_PROFIT_RATIO_SQ":-1.4784341997,"HOLDER_PROFIT_SQ":-92611000,"HOLDER_PROFIT_QOQ_SQ":75.058642931204,"ROE_AVG_SQ":-2.489657120037,"PE_TTM_SQ":-1.355740328194,"PB_TTM_SQ":0.571116241569,"ROA_SQ":-0.977074859785,"START_DATE":"2022-01-01 00:00:00","FISCAL_YEAR":"12-31","CURRENCY":"HKD","IS_CNY_CODE":0,"DPS_HKD_LY":null,"ORG_TYPE":"一般企业","PREMIUM_INCOME":null,"PREMIUM_INCOME_YOY":null,"NET_INTEREST_INCOME":null,"NET_INTEREST_INCOME_YOY":null,"FEE_COMMISSION_INCOME":null,"FEE_COMMISSION_INCOME_YOY":null,"ACCOUNTS_RECE_TDAYS":6.344034773325,"INVENTORY_TDAYS":28.239676470418,"CURRENT_ASSETS_TDAYS":0.857263252418,"TOTAL_ASSETS_TDAYS":0.489317121982,"PREMIUM_EXPENSE":null,"LOAN_DEPOSIT":null,"LOAN_EQUITY":null,"LOAN_ASSETS":null,"DEPOSIT_EQUITY":null,"DEPOSIT_ASSETS":null,"EQUITY_MULTIPLIER":3.472410905266,"EQUITY_RATIO":2.460515298566},{"SECUCODE":"02236.HK","SECURITY_CODE":"02236","SECURITY_NAME_ABBR":"惠生工程","ORG_CODE":"10339949","STD_REPORT_DATE":"2022-06-30 00:00:00","REPORT_DATE":"2022-06-30 00:00:00","DATE_TYPE_CODE":"002","REPORT_TYPE":"2022年中报","PER_NETCASH_OPERATE":-0.136438066009,"PER_OI":0.542732700671,"BPS":0.852187009775,"BASIC_EPS":-0.0627,"DILUTED_EPS":-0.0627,"OPERATE_INCOME":2210967000,"OPERATE_INCOME_YOY":-13.3983488645,"GROSS_PROFIT":-12474000,"GROSS_PROFIT_YOY":-105.00186457193,"HOLDER_PROFIT":-255608000,"HOLDER_PROFIT_YOY":-181.6337773664,"GROSS_PROFIT_RATIO":-0.564187525187,"EPS_TTM":-0.06319947838,"OPERATE_INCOME_QOQ":-5.447270178161,"NET_PROFIT_RATIO":-11.5803628005,"ROE_AVG":-7.180803806269,"GROSS_PROFIT_QOQ":-57.07556936946,"ROA":-2.666770997165,"HOLDER_PROFIT_QOQ":-178.001533295181,"ROE_YEARLY":-14.361607612538,"ROIC_YEARLY":-5.71262708647,"TOTAL_ASSETS":9071429000,"TOTAL_LIABILITIES":5600799000,"TAX_EBT":-9.696878815792,"OCF_SALES":-25.139090723652,"TOTAL_PARENT_EQUITY":3471612000,"DEBT_ASSET_RATIO":61.7410884217,"OPERATE_PROFIT":-190286000,"PRETAX_PROFIT":-233405000,"NETCASH_OPERATE":-555817000,"NETCASH_INVEST":13262000,"NETCASH_FINANCE":-45011000,"END_CASH":308281000,"DIVI_RATIO":null,"DIVIDEND_RATE":null,"CURRENT_RATIO":1.047668647159,"COMMON_ACS":20000000000,"CURRENTDEBT_DEBT":84.559845836282,"ISSUED_COMMON_SHARES":4073767800,"HK_COMMON_SHARES":4073767800,"PER_SHARES":1000,"TOTAL_MARKET_CAP":733278204,"HKSK_MARKET_CAP":733278204,"PE_TTM":-5.220896212634,"PB_TTM":0.276145299711,"REPORT_DATE_SQ":"2021-06-30 00:00:00","REPORT_TYPE_SQ":"2021年中报","OPERATE_INCOME_SQ":2553031000,"DPS_HKD":null,"OPERATE_INCOME_QOQ_SQ":4.513899378859,"NET_PROFIT_RATIO_SQ":-3.557888643,"HOLDER_PROFIT_SQ":-90759000,"HOLDER_PROFIT_QOQ_SQ":-36.896378825976,"ROE_AVG_SQ":-2.402192487984,"PE_TTM_SQ":-1.355740328194,"PB_TTM_SQ":0.571116241569,"ROA_SQ":-1.008084648055,"START_DATE":"2022-01-01 00:00:00","FISCAL_YEAR":"12-31","CURRENCY":"HKD","IS_CNY_CODE":0,"DPS_HKD_LY":null,"ORG_TYPE":"一般企业","PREMIUM_INCOME":null,"PREMIUM_INCOME_YOY":null,"NET_INTEREST_INCOME":null,"NET_INTEREST_INCOME_YOY":null,"FEE_COMMISSION_INCOME":null,"FEE_COMMISSION_INCOME_YOY":null,"ACCOUNTS_RECE_TDAYS":2.550324678133,"INVENTORY_TDAYS":13.20352736828,"CURRENT_ASSETS_TDAYS":0.404765132488,"TOTAL_ASSETS_TDAYS":0.230671288508,"PREMIUM_EXPENSE":null,"LOAN_DEPOSIT":null,"LOAN_EQUITY":null,"LOAN_ASSETS":null,"DEPOSIT_EQUITY":null,"DEPOSIT_ASSETS":null,"EQUITY_MULTIPLIER":2.613770122429,"EQUITY_RATIO":1.613313642193},{"SECUCODE":"02236.HK","SECURITY_CODE":"02236","SECURITY_NAME_ABBR":"惠生工程","ORG_CODE":"10339949","STD_REPORT_DATE":"2021-12-31 00:00:00","REPORT_DATE":"2021-12-31 00:00:00","DATE_TYPE_CODE":"001","REPORT_TYPE":"2021年年报","PER_NETCASH_OPERATE":0.062958178421,"PER_OI":1.541459726792,"BPS":0.895385102705,"BASIC_EPS":-0.0227,"DILUTED_EPS":-0.0227,"OPERATE_INCOME":6279549000,"OPERATE_INCOME_YOY":18.5701116905,"GROSS_PROFIT":458797000,"GROSS_PROFIT_YOY":52.322029734198,"HOLDER_PROFIT":-92611000,"HOLDER_PROFIT_YOY":65.8561853428,"GROSS_PROFIT_RATIO":7.306209410899,"EPS_TTM":-0.022733499931,"OPERATE_INCOME_QOQ":13.449132024708,"NET_PROFIT_RATIO":-1.4784341997,"ROE_AVG":-2.489657120037,"GROSS_PROFIT_QOQ":25.747418159493,"ROA":-0.977074859785,"HOLDER_PROFIT_QOQ":75.058642931204,"ROE_YEARLY":-2.489657120037,"ROIC_YEARLY":-1.055069631167,"TOTAL_ASSETS":10098421000,"TOTAL_LIABILITIES":6451382000,"TAX_EBT":-38.5967007539,"OCF_SALES":4.084321979174,"TOTAL_PARENT_EQUITY":3647591000,"DEBT_ASSET_RATIO":63.8850568817,"OPERATE_PROFIT":7264000,"PRETAX_PROFIT":-66985000,"NETCASH_OPERATE":256477000,"NETCASH_INVEST":-4393000,"NETCASH_FINANCE":217293000,"END_CASH":891068000,"DIVI_RATIO":null,"DIVIDEND_RATE":null,"CURRENT_RATIO":1.043396217501,"COMMON_ACS":20000000000,"CURRENTDEBT_DEBT":88.584104925115,"ISSUED_COMMON_SHARES":4073767800,"HK_COMMON_SHARES":4073767800,"PER_SHARES":1000,"TOTAL_MARKET_CAP":733278204,"HKSK_MARKET_CAP":733278204,"PE_TTM":-5.220896212634,"PB_TTM":0.276145299711,"REPORT_DATE_SQ":"2020-12-31 00:00:00","REPORT_TYPE_SQ":"2020年年报","OPERATE_INCOME_SQ":5296064000,"DPS_HKD":null,"OPERATE_INCOME_QOQ_SQ":4.458608776468,"NET_PROFIT_RATIO_SQ":-5.1266563244,"HOLDER_PROFIT_SQ":-271238000,"HOLDER_PROFIT_QOQ_SQ":-660.501735824103,"ROE_AVG_SQ":-9.694435737433,"PE_TTM_SQ":-1.355740328194,"PB_TTM_SQ":0.571116241569,"ROA_SQ":-3.720856856934,"START_DATE":"2021-01-01 00:00:00","FISCAL_YEAR":"12-31","CURRENCY":"HKD","IS_CNY_CODE":0,"DPS_HKD_LY":null,"ORG_TYPE":"一般企业","PREMIUM_INCOME":null,"PREMIUM_INCOME_YOY":null,"NET_INTEREST_INCOME":null,"NET_INTEREST_INCOME_YOY":null,"FEE_COMMISSION_INCOME":null,"FEE_COMMISSION_INCOME_YOY":null,"ACCOUNTS_RECE_TDAYS":6.982435910979,"INVENTORY_TDAYS":38.266979600155,"CURRENT_ASSETS_TDAYS":1.181623271822,"TOTAL_ASSETS_TDAYS":0.662511954162,"PREMIUM_EXPENSE":null,"LOAN_DEPOSIT":null,"LOAN_EQUITY":null,"LOAN_ASSETS":null,"DEPOSIT_EQUITY":null,"DEPOSIT_ASSETS":null,"EQUITY_MULTIPLIER":2.768936937612,"EQUITY_RATIO":1.768669239506},{"SECUCODE":"02236.HK","SECURITY_CODE":"02236","SECURITY_NAME_ABBR":"惠生工程","ORG_CODE":"10339949","STD_REPORT_DATE":"2021-06-30 00:00:00","REPORT_DATE":"2021-06-30 00:00:00","DATE_TYPE_CODE":"002","REPORT_TYPE":"2021年中报","PER_NETCASH_OPERATE":0.061789481472,"PER_OI":0.626700176677,"BPS":0.924028856038,"BASIC_EPS":-0.0223,"DILUTED_EPS":-0.0223,"OPERATE_INCOME":2553031000,"OPERATE_INCOME_YOY":10.3311103159,"GROSS_PROFIT":249387000,"GROSS_PROFIT_YOY":34.271777228602,"HOLDER_PROFIT":-90759000,"HOLDER_PROFIT_YOY":-1074.0180296201,"GROSS_PROFIT_RATIO":9.768271517267,"EPS_TTM":-0.091147806706,"OPERATE_INCOME_QOQ":4.513899378859,"NET_PROFIT_RATIO":-3.557888643,"ROE_AVG":-2.402192487984,"GROSS_PROFIT_QOQ":21.13332580793,"ROA":-1.008084648055,"HOLDER_PROFIT_QOQ":-36.896378825976,"ROE_YEARLY":-4.804384975968,"ROIC_YEARLY":-2.181662153538,"TOTAL_ASSETS":9147860000,"TOTAL_LIABILITIES":5383980000,"TAX_EBT":-19.548308129664,"OCF_SALES":9.859496418179,"TOTAL_PARENT_EQUITY":3764279000,"DEBT_ASSET_RATIO":58.8550764878,"OPERATE_PROFIT":-40260000,"PRETAX_PROFIT":-75981000,"NETCASH_OPERATE":256716000,"NETCASH_INVEST":43323000,"NETCASH_FINANCE":131573000,"END_CASH":855443000,"DIVI_RATIO":null,"DIVIDEND_RATE":null,"CURRENT_RATIO":1.059194803669,"COMMON_ACS":20000000000,"CURRENTDEBT_DEBT":86.625618965895,"ISSUED_COMMON_SHARES":4073767800,"HK_COMMON_SHARES":4073767800,"PER_SHARES":1000,"TOTAL_MARKET_CAP":733278204,"HKSK_MARKET_CAP":733278204,"PE_TTM":-5.220896212634,"PB_TTM":0.276145299711,"REPORT_DATE_SQ":"2020-06-30 00:00:00","REPORT_TYPE_SQ":"2020年中报","OPERATE_INCOME_SQ":2313972000,"DPS_HKD":null,"OPERATE_INCOME_QOQ_SQ":16.091078387396,"NET_PROFIT_RATIO_SQ":0.3970661702,"HOLDER_PROFIT_SQ":9318000,"HOLDER_PROFIT_QOQ_SQ":-4.380643759015,"ROE_AVG_SQ":0.32127943553,"PE_TTM_SQ":-1.355740328194,"PB_TTM_SQ":0.571116241569,"ROA_SQ":0.128646946968,"START_DATE":"2021-01-01 00:00:00","FISCAL_YEAR":"12-31","CURRENCY":"HKD","IS_CNY_CODE":0,"DPS_HKD_LY":null,"ORG_TYPE":"一般企业","PREMIUM_INCOME":null,"PREMIUM_INCOME_YOY":null,"NET_INTEREST_INCOME":null,"NET_INTEREST_INCOME_YOY":null,"FEE_COMMISSION_INCOME":null,"FEE_COMMISSION_INCOME_YOY":null,"ACCOUNTS_RECE_TDAYS":3.003489911726,"INVENTORY_TDAYS":14.808859689442,"CURRENT_ASSETS_TDAYS":0.531562354807,"TOTAL_ASSETS_TDAYS":0.283572026698,"PREMIUM_EXPENSE":null,"LOAN_DEPOSIT":null,"LOAN_EQUITY":null,"LOAN_ASSETS":null,"DEPOSIT_EQUITY":null,"DEPOSIT_ASSETS":null,"EQUITY_MULTIPLIER":2.430433488845,"EQUITY_RATIO":1.430281868055},{"SECUCODE":"02236.HK","SECURITY_CODE":"02236","SECURITY_NAME_ABBR":"惠生工程","ORG_CODE":"10339949","STD_REPORT_DATE":"2020-12-31 00:00:00","REPORT_DATE":"2020-12-31 00:00:00","DATE_TYPE_CODE":"001","REPORT_TYPE":"2020年年报","PER_NETCASH_OPERATE":-0.082251865214,"PER_OI":1.300040714152,"BPS":0.930850305214,"BASIC_EPS":-0.0666,"DILUTED_EPS":-0.0666,"OPERATE_INCOME":5296064000,"OPERATE_INCOME_YOY":21.2671253971,"GROSS_PROFIT":301202000,"GROSS_PROFIT_YOY":-26.217031210577,"HOLDER_PROFIT":-271238000,"HOLDER_PROFIT_YOY":-635.9481515146,"GROSS_PROFIT_RATIO":5.687280214136,"EPS_TTM":-0.066581605363,"OPERATE_INCOME_QOQ":4.458608776468,"NET_PROFIT_RATIO":-5.1266563244,"ROE_AVG":-9.694435737433,"GROSS_PROFIT_QOQ":-18.09509824716,"ROA":-3.720856856934,"HOLDER_PROFIT_QOQ":-660.501735824103,"ROE_YEARLY":-9.694435737433,"ROIC_YEARLY":-4.080458006356,"TOTAL_ASSETS":8858366000,"TOTAL_LIABILITIES":5066622000,"TAX_EBT":4.336903671341,"OCF_SALES":-6.326868406424,"TOTAL_PARENT_EQUITY":3792068000,"DEBT_ASSET_RATIO":57.1958982052,"OPERATE_PROFIT":-45906000,"PRETAX_PROFIT":-283820000,"NETCASH_OPERATE":-380275000,"NETCASH_INVEST":-142752000,"NETCASH_FINANCE":156585000,"END_CASH":425766000,"DIVI_RATIO":null,"DIVIDEND_RATE":null,"CURRENT_RATIO":1.005711228591,"COMMON_ACS":20000000000,"CURRENTDEBT_DEBT":91.565583538697,"ISSUED_COMMON_SHARES":4073767800,"HK_COMMON_SHARES":4073767800,"PER_SHARES":1000,"TOTAL_MARKET_CAP":733278204,"HKSK_MARKET_CAP":733278204,"PE_TTM":-5.220896212634,"PB_TTM":0.276145299711,"REPORT_DATE_SQ":"2019-12-31 00:00:00","REPORT_TYPE_SQ":"2019年年报","OPERATE_INCOME_SQ":4367271000,"DPS_HKD":null,"OPERATE_INCOME_QOQ_SQ":20.875982350489,"NET_PROFIT_RATIO_SQ":1.1576565778,"HOLDER_PROFIT_SQ":50609000,"HOLDER_PROFIT_QOQ_SQ":-14.972866719309,"ROE_AVG_SQ":2.848405387707,"PE_TTM_SQ":-1.355740328194,"PB_TTM_SQ":0.571116241569,"ROA_SQ":0.882434814964,"START_DATE":"2020-01-01 00:00:00","FISCAL_YEAR":"12-31","CURRENCY":"HKD","IS_CNY_CODE":0,"DPS_HKD_LY":0.004,"ORG_TYPE":"一般企业","PREMIUM_INCOME":null,"PREMIUM_INCOME_YOY":null,"NET_INTEREST_INCOME":null,"NET_INTEREST_INCOME_YOY":null,"FEE_COMMISSION_INCOME":null,"FEE_COMMISSION_INCOME_YOY":null,"ACCOUNTS_RECE_TDAYS":4.905607107857,"INVENTORY_TDAYS":46.960521986029,"CURRENT_ASSETS_TDAYS":1.182978758573,"TOTAL_ASSETS_TDAYS":0.726516787808,"PREMIUM_EXPENSE":null,"LOAN_DEPOSIT":null,"LOAN_EQUITY":null,"LOAN_ASSETS":null,"DEPOSIT_EQUITY":null,"DEPOSIT_ASSETS":null,"EQUITY_MULTIPLIER":2.336224702936,"EQUITY_RATIO":1.336110533883},{"SECUCODE":"02236.HK","SECURITY_CODE":"02236","SECURITY_NAME_ABBR":"惠生工程","ORG_CODE":"10339949","STD_REPORT_DATE":"2020-06-30 00:00:00","REPORT_DATE":"2020-06-30 00:00:00","DATE_TYPE_CODE":"002","REPORT_TYPE":"2020年中报","PER_NETCASH_OPERATE":-0.14317163585,"PER_OI":0.568017646956,"BPS":0.98112612113,"BASIC_EPS":0.0023,"DILUTED_EPS":0.0023,"OPERATE_INCOME":2313972000,"OPERATE_INCOME_YOY":43.615161327,"GROSS_PROFIT":185733000,"GROSS_PROFIT_YOY":-17.895002077679,"HOLDER_PROFIT":9318000,"HOLDER_PROFIT_YOY":-19.2197659298,"GROSS_PROFIT_RATIO":8.026588048602,"EPS_TTM":0.011878929378,"OPERATE_INCOME_QOQ":16.091078387396,"NET_PROFIT_RATIO":0.3970661702,"ROE_AVG":0.32127943553,"GROSS_PROFIT_QOQ":-9.916296570291,"ROA":0.128646946968,"HOLDER_PROFIT_QOQ":-4.380643759015,"ROE_YEARLY":0.64255887106,"ROIC_YEARLY":0.285157226661,"TOTAL_ASSETS":8765194000,"TOTAL_LIABILITIES":4768495000,"TAX_EBT":44.840007204178,"OCF_SALES":-25.205490818385,"TOTAL_PARENT_EQUITY":3996880000,"DEBT_ASSET_RATIO":54.4026178998,"OPERATE_PROFIT":131405000,"PRETAX_PROFIT":16657000,"NETCASH_OPERATE":-583248000,"NETCASH_INVEST":-47168000,"NETCASH_FINANCE":413028000,"END_CASH":601455000,"DIVI_RATIO":null,"DIVIDEND_RATE":null,"CURRENT_RATIO":1.327228298221,"COMMON_ACS":20000000000,"CURRENTDEBT_DEBT":75.032499771941,"ISSUED_COMMON_SHARES":4073767800,"HK_COMMON_SHARES":4073767800,"PER_SHARES":1000,"TOTAL_MARKET_CAP":733278204,"HKSK_MARKET_CAP":733278204,"PE_TTM":-5.220896212634,"PB_TTM":0.276145299711,"REPORT_DATE_SQ":"2019-06-30 00:00:00","REPORT_TYPE_SQ":"2019年中报","OPERATE_INCOME_SQ":1611231000,"DPS_HKD":null,"OPERATE_INCOME_QOQ_SQ":10.94863837557,"NET_PROFIT_RATIO_SQ":0.7159122435,"HOLDER_PROFIT_SQ":11535000,"HOLDER_PROFIT_QOQ_SQ":5.719258982967,"ROE_AVG_SQ":0.665279777975,"PE_TTM_SQ":-1.355740328194,"PB_TTM_SQ":0.571116241569,"ROA_SQ":0.211390163842,"START_DATE":"2020-01-01 00:00:00","FISCAL_YEAR":"12-31","CURRENCY":"HKD","IS_CNY_CODE":0,"DPS_HKD_LY":0.004,"ORG_TYPE":"一般企业","PREMIUM_INCOME":null,"PREMIUM_INCOME_YOY":null,"NET_INTEREST_INCOME":null,"NET_INTEREST_INCOME_YOY":null,"FEE_COMMISSION_INCOME":null,"FEE_COMMISSION_INCOME_YOY":null,"ACCOUNTS_RECE_TDAYS":2.156483975285,"INVENTORY_TDAYS":15.520826420364,"CURRENT_ASSETS_TDAYS":0.512126693798,"TOTAL_ASSETS_TDAYS":0.319473527764,"PREMIUM_EXPENSE":null,"LOAN_DEPOSIT":null,"LOAN_EQUITY":null,"LOAN_ASSETS":null,"DEPOSIT_EQUITY":null,"DEPOSIT_ASSETS":null,"EQUITY_MULTIPLIER":2.193108362674,"EQUITY_RATIO":1.193054332379}],"count":29},"success":true,"message":"ok","code":0}