{"version":"178260fe1479c2f1f1a2c09b7b893afd","result":{"pages":3,"data":[{"SECUCODE":"02239.HK","SECURITY_CODE":"02239","SECURITY_NAME_ABBR":"国微控股","ORG_CODE":"10499160","STD_REPORT_DATE":"2024-06-30 00:00:00","REPORT_DATE":"2024-06-30 00:00:00","DATE_TYPE_CODE":"002","REPORT_TYPE":"2024年中报","PER_NETCASH_OPERATE":-0.063540977882,"PER_OI":0.189974960965,"BPS":3.365897716557,"BASIC_EPS":-0.35634,"DILUTED_EPS":-0.35634,"OPERATE_INCOME":61728942.1164,"OPERATE_INCOME_YOY":-22.8992287629,"GROSS_PROFIT":30503152.9884,"GROSS_PROFIT_YOY":10.061304951361,"HOLDER_PROFIT":-106396717.0068,"HOLDER_PROFIT_YOY":-3767.1827560796,"GROSS_PROFIT_RATIO":49.414669914286,"EPS_TTM":-0.639409964694,"OPERATE_INCOME_QOQ":-12.217921717063,"NET_PROFIT_RATIO":-174.8611993526,"ROE_AVG":-9.242549040015,"GROSS_PROFIT_QOQ":4.700050595177,"ROA":-8.03322165873,"HOLDER_PROFIT_QOQ":-111.086382090358,"ROE_YEARLY":-18.48509808003,"ROIC_YEARLY":-18.058268129695,"TOTAL_ASSETS":1252500214.314,"TOTAL_LIABILITIES":146814410.4636,"TAX_EBT":-0.001307323753,"OCF_SALES":-33.447027734037,"TOTAL_PARENT_EQUITY":1093687843.1772,"DEBT_ASSET_RATIO":11.7217074126,"OPERATE_PROFIT":-17277693.6636,"PRETAX_PROFIT":-107938557.426,"NETCASH_OPERATE":-20646496.3896,"NETCASH_INVEST":1083473.1504,"NETCASH_FINANCE":-6359329.1616,"END_CASH":120006838.2348,"DIVI_RATIO":-0.014172753789,"DIVIDEND_RATE":1.351351351351,"CURRENT_RATIO":5.915266503604,"COMMON_ACS":2500000000,"CURRENTDEBT_DEBT":23.811573476479,"ISSUED_COMMON_SHARES":324931990,"HK_COMMON_SHARES":324931990,"PER_SHARES":1000,"TOTAL_MARKET_CAP":240449672.6,"HKSK_MARKET_CAP":240449672.6,"PE_TTM":-1.052854859554,"PB_TTM":0.200654701131,"REPORT_DATE_SQ":"2023-06-30 00:00:00","REPORT_TYPE_SQ":"2023年中报","OPERATE_INCOME_SQ":81174846.7482,"DPS_HKD":0.01,"OPERATE_INCOME_QOQ_SQ":-12.282672654959,"NET_PROFIT_RATIO_SQ":2.492471757,"HOLDER_PROFIT_SQ":2941623.18,"HOLDER_PROFIT_QOQ_SQ":8.607665169596,"ROE_AVG_SQ":0.222632791019,"PE_TTM_SQ":1.05699105006,"PB_TTM_SQ":0.36326281643,"ROA_SQ":0.176473391889,"START_DATE":"2024-01-01 00:00:00","FISCAL_YEAR":"12-31","CURRENCY":"HKD","IS_CNY_CODE":0,"DPS_HKD_LY":0.01,"ORG_TYPE":"一般企业","PREMIUM_INCOME":null,"PREMIUM_INCOME_YOY":null,"NET_INTEREST_INCOME":null,"NET_INTEREST_INCOME_YOY":null,"FEE_COMMISSION_INCOME":null,"FEE_COMMISSION_INCOME_YOY":null,"ACCOUNTS_RECE_TDAYS":0.975978859463,"INVENTORY_TDAYS":1.128901415462,"CURRENT_ASSETS_TDAYS":0.275326068928,"TOTAL_ASSETS_TDAYS":0.046606915019,"PREMIUM_EXPENSE":null,"LOAN_DEPOSIT":null,"LOAN_EQUITY":null,"LOAN_ASSETS":null,"DEPOSIT_EQUITY":null,"DEPOSIT_ASSETS":null,"EQUITY_MULTIPLIER":1.132781310887,"EQUITY_RATIO":0.134237946759},{"SECUCODE":"02239.HK","SECURITY_CODE":"02239","SECURITY_NAME_ABBR":"国微控股","ORG_CODE":"10499160","STD_REPORT_DATE":"2023-12-31 00:00:00","REPORT_DATE":"2023-12-31 00:00:00","DATE_TYPE_CODE":"001","REPORT_TYPE":"2023年年报","PER_NETCASH_OPERATE":-0.273532970411,"PER_OI":0.489822062877,"BPS":3.696642254431,"BASIC_EPS":-0.3045561,"DILUTED_EPS":-0.3045561,"OPERATE_INCOME":159158857.6365,"OPERATE_INCOME_YOY":-23.5941848809,"GROSS_PROFIT":59328293.2116,"GROSS_PROFIT_YOY":-29.823672700224,"HOLDER_PROFIT":-98426412.0672,"HOLDER_PROFIT_YOY":-124.3005260498,"GROSS_PROFIT_RATIO":37.276149183666,"EPS_TTM":-0.302913886894,"OPERATE_INCOME_QOQ":-11.418365223672,"NET_PROFIT_RATIO":-63.0526228896,"ROE_AVG":-7.829671586139,"GROSS_PROFIT_QOQ":-8.005951001969,"ROA":-6.271455601787,"HOLDER_PROFIT_QOQ":-122.754005888921,"ROE_YEARLY":-7.829671586139,"ROIC_YEARLY":-7.506308636976,"TOTAL_ASSETS":1387776624.0975,"TOTAL_LIABILITIES":173114978.0169,"TAX_EBT":11.436018220012,"OCF_SALES":-55.843333965987,"TOTAL_PARENT_EQUITY":1201157324.0505,"DEBT_ASSET_RATIO":12.4742681935,"OPERATE_PROFIT":49840733.2536,"PRETAX_PROFIT":-113312243.0631,"NETCASH_OPERATE":-88879612.4064,"NETCASH_INVEST":18537472.8003,"NETCASH_FINANCE":-120988848.7062,"END_CASH":145675068.3537,"DIVI_RATIO":-0.029916753216,"DIVIDEND_RATE":1.052631578947,"CURRENT_RATIO":4.590474872555,"COMMON_ACS":2500000000,"CURRENTDEBT_DEBT":30.215968474197,"ISSUED_COMMON_SHARES":324931990,"HK_COMMON_SHARES":324931990,"PER_SHARES":1000,"TOTAL_MARKET_CAP":308685390.5,"HKSK_MARKET_CAP":308685390.5,"PE_TTM":-1.351637995373,"PB_TTM":0.257597251452,"REPORT_DATE_SQ":"2022-12-31 00:00:00","REPORT_TYPE_SQ":"2022年年报","OPERATE_INCOME_SQ":204833851.7598,"DPS_HKD":0.01,"OPERATE_INCOME_QOQ_SQ":-13.691542359704,"NET_PROFIT_RATIO_SQ":194.1900320472,"HOLDER_PROFIT_SQ":398284413.0496,"HOLDER_PROFIT_QOQ_SQ":819.878324530216,"ROE_AVG_SQ":35.593137855243,"PE_TTM_SQ":1.036921599742,"PB_TTM_SQ":0.356365421182,"ROA_SQ":23.864526783015,"START_DATE":"2023-01-01 00:00:00","FISCAL_YEAR":"12-31","CURRENCY":"HKD","IS_CNY_CODE":0,"DPS_HKD_LY":0.01,"ORG_TYPE":"一般企业","PREMIUM_INCOME":null,"PREMIUM_INCOME_YOY":null,"NET_INTEREST_INCOME":null,"NET_INTEREST_INCOME_YOY":null,"FEE_COMMISSION_INCOME":null,"FEE_COMMISSION_INCOME_YOY":null,"ACCOUNTS_RECE_TDAYS":2.438293681236,"INVENTORY_TDAYS":3.135574397939,"CURRENT_ASSETS_TDAYS":0.467043400337,"TOTAL_ASSETS_TDAYS":0.101411571176,"PREMIUM_EXPENSE":null,"LOAN_DEPOSIT":null,"LOAN_EQUITY":null,"LOAN_ASSETS":null,"DEPOSIT_EQUITY":null,"DEPOSIT_ASSETS":null,"EQUITY_MULTIPLIER":1.142521152763,"EQUITY_RATIO":0.144123483702},{"SECUCODE":"02239.HK","SECURITY_CODE":"02239","SECURITY_NAME_ABBR":"国微控股","ORG_CODE":"10499160","STD_REPORT_DATE":"2023-06-30 00:00:00","REPORT_DATE":"2023-06-30 00:00:00","DATE_TYPE_CODE":"002","REPORT_TYPE":"2023年中报","PER_NETCASH_OPERATE":-0.26983834616,"PER_OI":0.252555934659,"BPS":4.010122518285,"BASIC_EPS":0,"DILUTED_EPS":0,"OPERATE_INCOME":81174846.7482,"OPERATE_INCOME_YOY":-29.095002353,"GROSS_PROFIT":27714693.1902,"GROSS_PROFIT_YOY":-41.976976984484,"HOLDER_PROFIT":2941623.18,"HOLDER_PROFIT_YOY":108.7175874275,"GROSS_PROFIT_RATIO":34.141971682644,"EPS_TTM":1.345829020046,"OPERATE_INCOME_QOQ":-12.282672654959,"NET_PROFIT_RATIO":2.492471757,"ROE_AVG":0.222632791019,"GROSS_PROFIT_QOQ":-23.716448983262,"ROA":0.176473391889,"HOLDER_PROFIT_QOQ":8.607665169596,"ROE_YEARLY":0.445265582039,"ROIC_YEARLY":0.421856869695,"TOTAL_ASSETS":1547314126.0812,"TOTAL_LIABILITIES":229698470.5248,"TAX_EBT":114.129649328551,"OCF_SALES":-106.843003520821,"TOTAL_PARENT_EQUITY":1303017090.0102,"DEBT_ASSET_RATIO":14.8449798689,"OPERATE_PROFIT":62675180.169,"PRETAX_PROFIT":-14319252.2472,"NETCASH_OPERATE":-86729644.3692,"NETCASH_INVEST":4685598.9132,"NETCASH_FINANCE":-93710504.2008,"END_CASH":165564892.6902,"DIVI_RATIO":0.0067335448,"DIVIDEND_RATE":1.052631578947,"CURRENT_RATIO":3.021757283085,"COMMON_ACS":2500000000,"CURRENTDEBT_DEBT":38.9237217201,"ISSUED_COMMON_SHARES":324931990,"HK_COMMON_SHARES":324931990,"PER_SHARES":1000,"TOTAL_MARKET_CAP":308685390.5,"HKSK_MARKET_CAP":308685390.5,"PE_TTM":-1.351637995373,"PB_TTM":0.257597251452,"REPORT_DATE_SQ":"2022-06-30 00:00:00","REPORT_TYPE_SQ":"2022年中报","OPERATE_INCOME_SQ":106333918.2464,"DPS_HKD":0.01,"OPERATE_INCOME_QOQ_SQ":2.679614665273,"NET_PROFIT_RATIO_SQ":-29.412666526,"HOLDER_PROFIT_SQ":-31341365.518,"HOLDER_PROFIT_QOQ_SQ":-31.014825078615,"ROE_AVG_SQ":-3.566648131546,"PE_TTM_SQ":1.036921599742,"PB_TTM_SQ":0.356365421182,"ROA_SQ":-2.042341917996,"START_DATE":"2023-01-01 00:00:00","FISCAL_YEAR":"12-31","CURRENCY":"HKD","IS_CNY_CODE":0,"DPS_HKD_LY":0.01,"ORG_TYPE":"一般企业","PREMIUM_INCOME":null,"PREMIUM_INCOME_YOY":null,"NET_INTEREST_INCOME":null,"NET_INTEREST_INCOME_YOY":null,"FEE_COMMISSION_INCOME":null,"FEE_COMMISSION_INCOME_YOY":null,"ACCOUNTS_RECE_TDAYS":1.17502282785,"INVENTORY_TDAYS":1.567978566079,"CURRENT_ASSETS_TDAYS":0.225321491209,"TOTAL_ASSETS_TDAYS":0.048698285488,"PREMIUM_EXPENSE":null,"LOAN_DEPOSIT":null,"LOAN_EQUITY":null,"LOAN_ASSETS":null,"DEPOSIT_EQUITY":null,"DEPOSIT_ASSETS":null,"EQUITY_MULTIPLIER":1.174328886847,"EQUITY_RATIO":0.176282009105},{"SECUCODE":"02239.HK","SECURITY_CODE":"02239","SECURITY_NAME_ABBR":"国微控股","ORG_CODE":"10499160","STD_REPORT_DATE":"2022-12-31 00:00:00","REPORT_DATE":"2022-12-31 00:00:00","DATE_TYPE_CODE":"001","REPORT_TYPE":"2022年年报","PER_NETCASH_OPERATE":0.581342064502,"PER_OI":0.639339895515,"BPS":3.973565831635,"BASIC_EPS":1.2466634,"DILUTED_EPS":1.2327342,"OPERATE_INCOME":204833851.7598,"OPERATE_INCOME_YOY":-18.8722780771,"GROSS_PROFIT":84541747.188,"GROSS_PROFIT_YOY":-22.597822792057,"HOLDER_PROFIT":398284413.0496,"HOLDER_PROFIT_YOY":480.9220357137,"GROSS_PROFIT_RATIO":41.273327851657,"EPS_TTM":1.243149571405,"OPERATE_INCOME_QOQ":-13.691542359704,"NET_PROFIT_RATIO":194.1900320472,"ROE_AVG":35.593137855243,"GROSS_PROFIT_QOQ":-23.205666799099,"ROA":23.864526783015,"HOLDER_PROFIT_QOQ":819.878324530216,"ROE_YEARLY":35.593137855243,"ROIC_YEARLY":28.059696468705,"TOTAL_ASSETS":1721894663.9376,"TOTAL_LIABILITIES":415442123.0256,"TAX_EBT":15.039884534625,"OCF_SALES":90.928482420674,"TOTAL_PARENT_EQUITY":1291138653.0692,"DEBT_ASSET_RATIO":24.1270346977,"OPERATE_PROFIT":523647275.731,"PRETAX_PROFIT":468180769.5258,"NETCASH_OPERATE":186252312.889,"NETCASH_INVEST":87789033.7256,"NETCASH_FINANCE":-67316578.0964,"END_CASH":335922117.0924,"DIVI_RATIO":0.007289710111,"DIVIDEND_RATE":1.052631578947,"CURRENT_RATIO":1.688289976133,"COMMON_ACS":2500000000,"CURRENTDEBT_DEBT":61.888562074279,"ISSUED_COMMON_SHARES":324931990,"HK_COMMON_SHARES":324931990,"PER_SHARES":1000,"TOTAL_MARKET_CAP":308685390.5,"HKSK_MARKET_CAP":308685390.5,"PE_TTM":-1.351637995373,"PB_TTM":0.257597251452,"REPORT_DATE_SQ":"2021-12-31 00:00:00","REPORT_TYPE_SQ":"2021年年报","OPERATE_INCOME_SQ":231134165.2763,"DPS_HKD":0.01,"OPERATE_INCOME_QOQ_SQ":6.070086384212,"NET_PROFIT_RATIO_SQ":27.254215374,"HOLDER_PROFIT_SQ":62763500.1718,"HOLDER_PROFIT_QOQ_SQ":598.570353344544,"ROE_AVG_SQ":7.57480484844,"PE_TTM_SQ":1.036921599742,"PB_TTM_SQ":0.356365421182,"ROA_SQ":4.238091240841,"START_DATE":"2022-01-01 00:00:00","FISCAL_YEAR":"12-31","CURRENCY":"HKD","IS_CNY_CODE":0,"DPS_HKD_LY":0.01,"ORG_TYPE":"一般企业","PREMIUM_INCOME":null,"PREMIUM_INCOME_YOY":null,"NET_INTEREST_INCOME":null,"NET_INTEREST_INCOME_YOY":null,"FEE_COMMISSION_INCOME":null,"FEE_COMMISSION_INCOME_YOY":null,"ACCOUNTS_RECE_TDAYS":1.58661125692,"INVENTORY_TDAYS":3.296753013987,"CURRENT_ASSETS_TDAYS":0.512751789501,"TOTAL_ASSETS_TDAYS":0.122732971244,"PREMIUM_EXPENSE":null,"LOAN_DEPOSIT":null,"LOAN_EQUITY":null,"LOAN_ASSETS":null,"DEPOSIT_EQUITY":null,"DEPOSIT_ASSETS":null,"EQUITY_MULTIPLIER":1.317992510265,"EQUITY_RATIO":0.32176414364},{"SECUCODE":"02239.HK","SECURITY_CODE":"02239","SECURITY_NAME_ABBR":"国微控股","ORG_CODE":"10499160","STD_REPORT_DATE":"2022-06-30 00:00:00","REPORT_DATE":"2022-06-30 00:00:00","DATE_TYPE_CODE":"002","REPORT_TYPE":"2022年中报","PER_NETCASH_OPERATE":0.323636422487,"PER_OI":0.331926983856,"BPS":2.600686086724,"BASIC_EPS":-0.067114,"DILUTED_EPS":-0.067114,"OPERATE_INCOME":106333918.2464,"OPERATE_INCOME_YOY":2.2088625446,"GROSS_PROFIT":47764993.5316,"GROSS_PROFIT_YOY":1.843333389186,"HOLDER_PROFIT":-31341365.518,"HOLDER_PROFIT_YOY":-154.0368227649,"GROSS_PROFIT_RATIO":44.919809520155,"EPS_TTM":0.135155482522,"OPERATE_INCOME_QOQ":2.679614665273,"NET_PROFIT_RATIO":-29.412666526,"ROE_AVG":-3.566648131546,"GROSS_PROFIT_QOQ":0.791521954427,"ROA":-2.042341917996,"HOLDER_PROFIT_QOQ":-31.014825078615,"ROE_YEARLY":-7.133296263091,"ROIC_YEARLY":-4.679931114808,"TOTAL_ASSETS":1511925547.7308,"TOTAL_LIABILITIES":651132786.3994,"TAX_EBT":16.954242008805,"OCF_SALES":97.502293645151,"TOTAL_PARENT_EQUITY":845046105.5244,"DEBT_ASSET_RATIO":43.0664583568,"OPERATE_PROFIT":-29632126.3002,"PRETAX_PROFIT":-37660732.5098,"NETCASH_OPERATE":103678009.213,"NETCASH_INVEST":-10026368.5134,"NETCASH_FINANCE":18240846.946,"END_CASH":232191822.582,"DIVI_RATIO":0.067050184209,"DIVIDEND_RATE":1.052631578947,"CURRENT_RATIO":1.080446813765,"COMMON_ACS":2500000000,"CURRENTDEBT_DEBT":53.19862710079,"ISSUED_COMMON_SHARES":324931990,"HK_COMMON_SHARES":324931990,"PER_SHARES":1000,"TOTAL_MARKET_CAP":308685390.5,"HKSK_MARKET_CAP":308685390.5,"PE_TTM":-1.351637995373,"PB_TTM":0.257597251452,"REPORT_DATE_SQ":"2021-06-30 00:00:00","REPORT_TYPE_SQ":"2021年中报","OPERATE_INCOME_SQ":100140413.2572,"DPS_HKD":0.01,"OPERATE_INCOME_QOQ_SQ":-11.626310217114,"NET_PROFIT_RATIO_SQ":-11.9097909527,"HOLDER_PROFIT_SQ":-11875375.7265,"HOLDER_PROFIT_QOQ_SQ":137.138484692304,"ROE_AVG_SQ":-1.48590765404,"PE_TTM_SQ":1.036921599742,"PB_TTM_SQ":0.356365421182,"ROA_SQ":-0.792096490591,"START_DATE":"2022-01-01 00:00:00","FISCAL_YEAR":"12-31","CURRENCY":"HKD","IS_CNY_CODE":0,"DPS_HKD_LY":0.01,"ORG_TYPE":"一般企业","PREMIUM_INCOME":null,"PREMIUM_INCOME_YOY":null,"NET_INTEREST_INCOME":null,"NET_INTEREST_INCOME_YOY":null,"FEE_COMMISSION_INCOME":null,"FEE_COMMISSION_INCOME_YOY":null,"ACCOUNTS_RECE_TDAYS":0.73890428748,"INVENTORY_TDAYS":1.539460487385,"CURRENT_ASSETS_TDAYS":0.292981135837,"TOTAL_ASSETS_TDAYS":0.069291881496,"PREMIUM_EXPENSE":null,"LOAN_DEPOSIT":null,"LOAN_EQUITY":null,"LOAN_ASSETS":null,"DEPOSIT_EQUITY":null,"DEPOSIT_ASSETS":null,"EQUITY_MULTIPLIER":1.756433854523,"EQUITY_RATIO":0.770529302653},{"SECUCODE":"02239.HK","SECURITY_CODE":"02239","SECURITY_NAME_ABBR":"国微控股","ORG_CODE":"10499160","STD_REPORT_DATE":"2021-12-31 00:00:00","REPORT_DATE":"2021-12-31 00:00:00","DATE_TYPE_CODE":"001","REPORT_TYPE":"2021年年报","PER_NETCASH_OPERATE":0.189516089115,"PER_OI":0.721497595607,"BPS":2.667585804121,"BASIC_EPS":0.1976467,"DILUTED_EPS":0.191271,"OPERATE_INCOME":231134165.2763,"OPERATE_INCOME_YOY":-4.068353823,"GROSS_PROFIT":109223991.1558,"GROSS_PROFIT_YOY":25.753218862333,"HOLDER_PROFIT":62763500.1718,"HOLDER_PROFIT_YOY":365.5096540884,"GROSS_PROFIT_RATIO":47.255666865707,"EPS_TTM":0.195919605445,"OPERATE_INCOME_QOQ":6.070086384212,"NET_PROFIT_RATIO":27.254215374,"ROE_AVG":7.57480484844,"GROSS_PROFIT_QOQ":13.57218171506,"ROA":4.238091240841,"HOLDER_PROFIT_QOQ":598.570353344544,"ROE_YEARLY":7.57480484844,"ROIC_YEARLY":4.990581091059,"TOTAL_ASSETS":1479342092.7288,"TOTAL_LIABILITIES":597107722.9461,"TAX_EBT":-18.276301443263,"OCF_SALES":26.267043752932,"TOTAL_PARENT_EQUITY":866783963.8288,"DEBT_ASSET_RATIO":40.3630590842,"OPERATE_PROFIT":49328478.4907,"PRETAX_PROFIT":53259869.0004,"NETCASH_OPERATE":60712112.3211,"NETCASH_INVEST":-167625160.8792,"NETCASH_FINANCE":-72289510.0502,"END_CASH":119857619.5167,"DIVI_RATIO":0.046254686862,"DIVIDEND_RATE":1.052631578947,"CURRENT_RATIO":1.305931023405,"COMMON_ACS":2500000000,"CURRENTDEBT_DEBT":42.836097843167,"ISSUED_COMMON_SHARES":324931990,"HK_COMMON_SHARES":324931990,"PER_SHARES":1000,"TOTAL_MARKET_CAP":308685390.5,"HKSK_MARKET_CAP":308685390.5,"PE_TTM":-1.351637995373,"PB_TTM":0.257597251452,"REPORT_DATE_SQ":"2020-12-31 00:00:00","REPORT_TYPE_SQ":"2020年年报","OPERATE_INCOME_SQ":246574542.0469,"DPS_HKD":0.01,"OPERATE_INCOME_QOQ_SQ":-9.916062760551,"NET_PROFIT_RATIO_SQ":-9.0865067464,"HOLDER_PROFIT_SQ":-24192058.5348,"HOLDER_PROFIT_QOQ_SQ":-151.790441187246,"ROE_AVG_SQ":-3.019238372297,"PE_TTM_SQ":1.036921599742,"PB_TTM_SQ":0.356365421182,"ROA_SQ":-1.808620802637,"START_DATE":"2021-01-01 00:00:00","FISCAL_YEAR":"12-31","CURRENCY":"HKD","IS_CNY_CODE":0,"DPS_HKD_LY":0.01,"ORG_TYPE":"一般企业","PREMIUM_INCOME":null,"PREMIUM_INCOME_YOY":null,"NET_INTEREST_INCOME":null,"NET_INTEREST_INCOME_YOY":null,"FEE_COMMISSION_INCOME":null,"FEE_COMMISSION_INCOME_YOY":null,"ACCOUNTS_RECE_TDAYS":1.098789176749,"INVENTORY_TDAYS":3.480348004495,"CURRENT_ASSETS_TDAYS":0.506949397464,"TOTAL_ASSETS_TDAYS":0.156072825549,"PREMIUM_EXPENSE":null,"LOAN_DEPOSIT":null,"LOAN_EQUITY":null,"LOAN_ASSETS":null,"DEPOSIT_EQUITY":null,"DEPOSIT_ASSETS":null,"EQUITY_MULTIPLIER":1.676813036758,"EQUITY_RATIO":0.688877214927},{"SECUCODE":"02239.HK","SECURITY_CODE":"02239","SECURITY_NAME_ABBR":"国微控股","ORG_CODE":"10499160","STD_REPORT_DATE":"2021-06-30 00:00:00","REPORT_DATE":"2021-06-30 00:00:00","DATE_TYPE_CODE":"002","REPORT_TYPE":"2021年中报","PER_NETCASH_OPERATE":0.314721220736,"PER_OI":0.313308043561,"BPS":2.45453369145,"BASIC_EPS":-0.064601,"DILUTED_EPS":-0.064601,"OPERATE_INCOME":100140413.2572,"OPERATE_INCOME_YOY":-14.8018609584,"GROSS_PROFIT":46900461.6621,"GROSS_PROFIT_YOY":24.78553931978,"HOLDER_PROFIT":-11875375.7265,"HOLDER_PROFIT_YOY":71.11338546,"GROSS_PROFIT_RATIO":46.834699534983,"EPS_TTM":0.028109891538,"OPERATE_INCOME_QOQ":-11.626310217114,"NET_PROFIT_RATIO":-11.9097909527,"ROE_AVG":-1.48590765404,"GROSS_PROFIT_QOQ":10.725370388528,"ROA":-0.792096490591,"HOLDER_PROFIT_QOQ":137.138484692304,"ROE_YEARLY":-2.97181530808,"ROIC_YEARLY":-1.994435675653,"TOTAL_ASSETS":1496307774.6005,"TOTAL_LIABILITIES":683386045.5276,"TAX_EBT":34.977668815199,"OCF_SALES":100.451050397345,"TOTAL_PARENT_EQUITY":797556516.885,"DEBT_ASSET_RATIO":45.6714893238,"OPERATE_PROFIT":-29646006.1494,"PRETAX_PROFIT":-18342181.3103,"NETCASH_OPERATE":100592096.9891,"NETCASH_INVEST":-58664271.4616,"NETCASH_FINANCE":-58364464.6807,"END_CASH":285989964.2407,"DIVI_RATIO":0.322384737338,"DIVIDEND_RATE":1.052631578947,"CURRENT_RATIO":1.315838477665,"COMMON_ACS":2500000000,"CURRENTDEBT_DEBT":57.171740340346,"ISSUED_COMMON_SHARES":324931990,"HK_COMMON_SHARES":324931990,"PER_SHARES":1000,"TOTAL_MARKET_CAP":308685390.5,"HKSK_MARKET_CAP":308685390.5,"PE_TTM":-1.351637995373,"PB_TTM":0.257597251452,"REPORT_DATE_SQ":"2020-06-30 00:00:00","REPORT_TYPE_SQ":"2020年中报","OPERATE_INCOME_SQ":128807934.432,"DPS_HKD":0.01,"OPERATE_INCOME_QOQ_SQ":2.981726608617,"NET_PROFIT_RATIO_SQ":-35.2480332514,"HOLDER_PROFIT_SQ":-45051998.217,"HOLDER_PROFIT_QOQ_SQ":-36.844573192671,"ROE_AVG_SQ":-5.391253568291,"PE_TTM_SQ":1.036921599742,"PB_TTM_SQ":0.356365421182,"ROA_SQ":-3.641479676779,"START_DATE":"2021-01-01 00:00:00","FISCAL_YEAR":"12-31","CURRENCY":"HKD","IS_CNY_CODE":0,"DPS_HKD_LY":0.01,"ORG_TYPE":"一般企业","PREMIUM_INCOME":null,"PREMIUM_INCOME_YOY":null,"NET_INTEREST_INCOME":null,"NET_INTEREST_INCOME_YOY":null,"FEE_COMMISSION_INCOME":null,"FEE_COMMISSION_INCOME_YOY":null,"ACCOUNTS_RECE_TDAYS":0.455463551736,"INVENTORY_TDAYS":1.582356202952,"CURRENT_ASSETS_TDAYS":0.182141848611,"TOTAL_ASSETS_TDAYS":0.066794408644,"PREMIUM_EXPENSE":null,"LOAN_DEPOSIT":null,"LOAN_EQUITY":null,"LOAN_ASSETS":null,"DEPOSIT_EQUITY":null,"DEPOSIT_ASSETS":null,"EQUITY_MULTIPLIER":1.840654175043,"EQUITY_RATIO":0.856849679063},{"SECUCODE":"02239.HK","SECURITY_CODE":"02239","SECURITY_NAME_ABBR":"国微控股","ORG_CODE":"10499160","STD_REPORT_DATE":"2020-12-31 00:00:00","REPORT_DATE":"2020-12-31 00:00:00","DATE_TYPE_CODE":"001","REPORT_TYPE":"2020年年报","PER_NETCASH_OPERATE":-0.132944198412,"PER_OI":0.77177338117,"BPS":2.489372702747,"BASIC_EPS":-0.0782988,"DILUTED_EPS":-0.0782988,"OPERATE_INCOME":246574542.0469,"OPERATE_INCOME_YOY":-0.8134941674,"GROSS_PROFIT":86855821.3809,"GROSS_PROFIT_YOY":-18.490798774762,"HOLDER_PROFIT":-24192058.5348,"HOLDER_PROFIT_YOY":-134.9707823193,"GROSS_PROFIT_RATIO":35.224975238676,"EPS_TTM":-0.075720658986,"OPERATE_INCOME_QOQ":-9.916062760551,"NET_PROFIT_RATIO":-9.0865067464,"ROE_AVG":-3.019238372297,"GROSS_PROFIT_QOQ":-8.616278847585,"ROA":-1.808620802637,"HOLDER_PROFIT_QOQ":-151.790441187246,"ROE_YEARLY":-3.019238372297,"ROIC_YEARLY":-2.572048492701,"TOTAL_ASSETS":1517227036.622,"TOTAL_LIABILITIES":693067687.5602,"TAX_EBT":30.69897189892,"OCF_SALES":-17.225807685946,"TOTAL_PARENT_EQUITY":808876826.1553,"DEBT_ASSET_RATIO":45.6798930438,"OPERATE_PROFIT":-4412326.6021,"PRETAX_PROFIT":-32329985.5887,"NETCASH_OPERATE":-42474456.4155,"NETCASH_INVEST":-364181036.1209,"NETCASH_FINANCE":232781099.1939,"END_CASH":303291641.531,"DIVI_RATIO":-0.119679359918,"DIVIDEND_RATE":1.052631578947,"CURRENT_RATIO":1.466169206825,"COMMON_ACS":2500000000,"CURRENTDEBT_DEBT":58.195581166734,"ISSUED_COMMON_SHARES":324931990,"HK_COMMON_SHARES":324931990,"PER_SHARES":1000,"TOTAL_MARKET_CAP":308685390.5,"HKSK_MARKET_CAP":308685390.5,"PE_TTM":-1.351637995373,"PB_TTM":0.257597251452,"REPORT_DATE_SQ":"2019-12-31 00:00:00","REPORT_TYPE_SQ":"2019年年报","OPERATE_INCOME_SQ":265791266.664,"DPS_HKD":0.01,"OPERATE_INCOME_QOQ_SQ":20.663048008276,"NET_PROFIT_RATIO_SQ":32.342261308,"HOLDER_PROFIT_SQ":73962663.0204,"HOLDER_PROFIT_QOQ_SQ":2558.36251593578,"ROE_AVG_SQ":9.075114889142,"PE_TTM_SQ":1.036921599742,"PB_TTM_SQ":0.356365421182,"ROA_SQ":6.659895298451,"START_DATE":"2020-01-01 00:00:00","FISCAL_YEAR":"12-31","CURRENCY":"HKD","IS_CNY_CODE":0,"DPS_HKD_LY":0.01,"ORG_TYPE":"一般企业","PREMIUM_INCOME":null,"PREMIUM_INCOME_YOY":null,"NET_INTEREST_INCOME":null,"NET_INTEREST_INCOME_YOY":null,"FEE_COMMISSION_INCOME":null,"FEE_COMMISSION_INCOME_YOY":null,"ACCOUNTS_RECE_TDAYS":1.442533222116,"INVENTORY_TDAYS":2.609880292943,"CURRENT_ASSETS_TDAYS":0.387892183762,"TOTAL_ASSETS_TDAYS":0.184341421589,"PREMIUM_EXPENSE":null,"LOAN_DEPOSIT":null,"LOAN_EQUITY":null,"LOAN_ASSETS":null,"DEPOSIT_EQUITY":null,"DEPOSIT_ASSETS":null,"EQUITY_MULTIPLIER":1.840938937779,"EQUITY_RATIO":0.856827226531},{"SECUCODE":"02239.HK","SECURITY_CODE":"02239","SECURITY_NAME_ABBR":"国微控股","ORG_CODE":"10499160","STD_REPORT_DATE":"2020-06-30 00:00:00","REPORT_DATE":"2020-06-30 00:00:00","DATE_TYPE_CODE":"002","REPORT_TYPE":"2020年中报","PER_NETCASH_OPERATE":-0.039885914845,"PER_OI":0.404262034129,"BPS":2.493416744501,"BASIC_EPS":-0.14159,"DILUTED_EPS":-0.14159,"OPERATE_INCOME":128807934.432,"OPERATE_INCOME_YOY":3.4735606213,"GROSS_PROFIT":37584853.115,"GROSS_PROFIT_YOY":-23.451196100581,"HOLDER_PROFIT":-45051998.217,"HOLDER_PROFIT_YOY":-145.7686122513,"GROSS_PROFIT_RATIO":29.178989074498,"EPS_TTM":0.146603235422,"OPERATE_INCOME_QOQ":2.981726608617,"NET_PROFIT_RATIO":-35.2480332514,"ROE_AVG":-5.391253568291,"GROSS_PROFIT_QOQ":-10.805556835126,"ROA":-3.641479676779,"HOLDER_PROFIT_QOQ":-36.844573192671,"ROE_YEARLY":-10.782507136581,"ROIC_YEARLY":-11.631944955354,"TOTAL_ASSETS":1217987331.5905,"TOTAL_LIABILITIES":394219656.6625,"TAX_EBT":0.259972211154,"OCF_SALES":-9.866351890154,"TOTAL_PARENT_EQUITY":810190864.69,"DEBT_ASSET_RATIO":32.3664825108,"OPERATE_PROFIT":-18790125.72,"PRETAX_PROFIT":-45520604.481,"NETCASH_OPERATE":-12708644.0735,"NETCASH_INVEST":-130808119.726,"NETCASH_FINANCE":42119697.635,"END_CASH":395668575.4505,"DIVI_RATIO":0.061814461147,"DIVIDEND_RATE":1.052631578947,"CURRENT_RATIO":1.562796212186,"COMMON_ACS":2500000000,"CURRENTDEBT_DEBT":85.569918473979,"ISSUED_COMMON_SHARES":324931990,"HK_COMMON_SHARES":324931990,"PER_SHARES":1000,"TOTAL_MARKET_CAP":308685390.5,"HKSK_MARKET_CAP":308685390.5,"PE_TTM":-1.351637995373,"PB_TTM":0.257597251452,"REPORT_DATE_SQ":"2019-06-30 00:00:00","REPORT_TYPE_SQ":"2019年中报","OPERATE_INCOME_SQ":120882765.5105,"DPS_HKD":0.01,"OPERATE_INCOME_QOQ_SQ":-22.322651289447,"NET_PROFIT_RATIO_SQ":-14.8055174916,"HOLDER_PROFIT_SQ":-17800770.7052,"HOLDER_PROFIT_QOQ_SQ":-133.266890419567,"ROE_AVG_SQ":-2.342380301063,"PE_TTM_SQ":1.036921599742,"PB_TTM_SQ":0.356365421182,"ROA_SQ":-1.790192189215,"START_DATE":"2020-01-01 00:00:00","FISCAL_YEAR":"12-31","CURRENCY":"HKD","IS_CNY_CODE":0,"DPS_HKD_LY":0.01,"ORG_TYPE":"一般企业","PREMIUM_INCOME":null,"PREMIUM_INCOME_YOY":null,"NET_INTEREST_INCOME":null,"NET_INTEREST_INCOME_YOY":null,"FEE_COMMISSION_INCOME":null,"FEE_COMMISSION_INCOME_YOY":null,"ACCOUNTS_RECE_TDAYS":1.362951028401,"INVENTORY_TDAYS":1.32446269071,"CURRENT_ASSETS_TDAYS":0.203652018937,"TOTAL_ASSETS_TDAYS":0.104113356567,"PREMIUM_EXPENSE":null,"LOAN_DEPOSIT":null,"LOAN_EQUITY":null,"LOAN_ASSETS":null,"DEPOSIT_EQUITY":null,"DEPOSIT_ASSETS":null,"EQUITY_MULTIPLIER":1.478556841524,"EQUITY_RATIO":0.486576279545}],"count":23},"success":true,"message":"ok","code":0}