{"version":"aea0388461a4749926dee5d8845b5e23","result":{"pages":2,"data":[{"SECUCODE":"02246.HK","SECURITY_CODE":"02246","SECURITY_NAME_ABBR":"快狗打车","ORG_CODE":"10000249495","STD_REPORT_DATE":"2024-06-30 00:00:00","REPORT_DATE":"2024-06-30 00:00:00","DATE_TYPE_CODE":"002","REPORT_TYPE":"2024年中报","PER_NETCASH_OPERATE":-0.06874382374,"PER_OI":0.515806201236,"BPS":0.632989284018,"BASIC_EPS":-0.13,"DILUTED_EPS":-0.13,"OPERATE_INCOME":324188000,"OPERATE_INCOME_YOY":-12.7959586613,"GROSS_PROFIT":112737000,"GROSS_PROFIT_YOY":-5.527389741312,"HOLDER_PROFIT":-82354000,"HOLDER_PROFIT_YOY":87.1817580451,"GROSS_PROFIT_RATIO":34.775192172443,"EPS_TTM":-0.858373384362,"OPERATE_INCOME_QOQ":-6.318924361532,"NET_PROFIT_RATIO":-25.5728157736,"ROE_AVG":-18.728587396398,"GROSS_PROFIT_QOQ":-2.557630043235,"ROA":-10.259521519656,"HOLDER_PROFIT_QOQ":50.937919180804,"ROE_YEARLY":-37.457174792796,"ROIC_YEARLY":-31.772560412194,"TOTAL_ASSETS":738438000,"TOTAL_LIABILITIES":342455000,"TAX_EBT":1.305936834085,"OCF_SALES":-13.327451972312,"TOTAL_PARENT_EQUITY":398041000,"DEBT_ASSET_RATIO":46.3755928054,"OPERATE_PROFIT":-84468000,"PRETAX_PROFIT":-84001000,"NETCASH_OPERATE":-43206000,"NETCASH_INVEST":206236000,"NETCASH_FINANCE":-8523000,"END_CASH":359735000,"DIVI_RATIO":null,"DIVIDEND_RATE":null,"CURRENT_RATIO":1.590611140298,"COMMON_ACS":20000000000,"CURRENTDEBT_DEBT":95.600297849353,"ISSUED_COMMON_SHARES":628827391,"HK_COMMON_SHARES":628827391,"PER_SHARES":200,"TOTAL_MARKET_CAP":364719886.78,"HKSK_MARKET_CAP":364719886.78,"PE_TTM":-0.601055577965,"PB_TTM":0.836277032432,"REPORT_DATE_SQ":"2023-06-30 00:00:00","REPORT_TYPE_SQ":"2023年中报","OPERATE_INCOME_SQ":371758000,"DPS_HKD":null,"OPERATE_INCOME_QOQ_SQ":2.974854121834,"NET_PROFIT_RATIO_SQ":-172.9453031273,"HOLDER_PROFIT_SQ":-642475000,"HOLDER_PROFIT_QOQ_SQ":33.468584910669,"ROE_AVG_SQ":-54.656232945847,"PE_TTM_SQ":-0.267182782109,"PB_TTM_SQ":0.234148086226,"ROA_SQ":-39.710463913527,"START_DATE":"2024-01-01 00:00:00","FISCAL_YEAR":"12-31","CURRENCY":"HKD","IS_CNY_CODE":0,"DPS_HKD_LY":null,"ORG_TYPE":"一般企业","PREMIUM_INCOME":null,"PREMIUM_INCOME_YOY":null,"NET_INTEREST_INCOME":null,"NET_INTEREST_INCOME_YOY":null,"FEE_COMMISSION_INCOME":null,"FEE_COMMISSION_INCOME_YOY":null,"ACCOUNTS_RECE_TDAYS":4.135235629142,"INVENTORY_TDAYS":null,"CURRENT_ASSETS_TDAYS":0.585257183296,"TOTAL_ASSETS_TDAYS":0.403867907134,"PREMIUM_EXPENSE":null,"LOAN_DEPOSIT":null,"LOAN_EQUITY":null,"LOAN_ASSETS":null,"DEPOSIT_EQUITY":null,"DEPOSIT_ASSETS":null,"EQUITY_MULTIPLIER":1.864822479755,"EQUITY_RATIO":0.860351069362},{"SECUCODE":"02246.HK","SECURITY_CODE":"02246","SECURITY_NAME_ABBR":"快狗打车","ORG_CODE":"10000249495","STD_REPORT_DATE":"2023-12-31 00:00:00","REPORT_DATE":"2023-12-31 00:00:00","DATE_TYPE_CODE":"001","REPORT_TYPE":"2023年年报","PER_NETCASH_OPERATE":-0.271164510397,"PER_OI":1.199334491056,"BPS":0.765561435284,"BASIC_EPS":-1.76,"DILUTED_EPS":-1.76,"OPERATE_INCOME":752818000,"OPERATE_INCOME_YOY":-2.6421018871,"GROSS_PROFIT":257895000,"GROSS_PROFIT_YOY":-1.41967592858,"HOLDER_PROFIT":-1099615000,"HOLDER_PROFIT_YOY":8.7765304362,"GROSS_PROFIT_RATIO":34.257283965049,"EPS_TTM":-1.751826067367,"OPERATE_INCOME_QOQ":-5.454687027081,"NET_PROFIT_RATIO":-146.1968231365,"ROE_AVG":-111.848780396012,"GROSS_PROFIT_QOQ":-4.032285073177,"ROA":-78.772989170653,"HOLDER_PROFIT_QOQ":-37.113376352131,"ROE_YEARLY":-111.848780396012,"ROIC_YEARLY":-97.464849403971,"TOTAL_ASSETS":866978000,"TOTAL_LIABILITIES":387303000,"TAX_EBT":0.230523986551,"OCF_SALES":-22.60958159874,"TOTAL_PARENT_EQUITY":481406000,"DEBT_ASSET_RATIO":44.6727598624,"OPERATE_PROFIT":-1102428000,"PRETAX_PROFIT":-1103139000,"NETCASH_OPERATE":-170209000,"NETCASH_INVEST":57588000,"NETCASH_FINANCE":-12950000,"END_CASH":206308000,"DIVI_RATIO":null,"DIVIDEND_RATE":null,"CURRENT_RATIO":1.603233769709,"COMMON_ACS":20000000000,"CURRENTDEBT_DEBT":94.550778072982,"ISSUED_COMMON_SHARES":628827391,"HK_COMMON_SHARES":628827391,"PER_SHARES":200,"TOTAL_MARKET_CAP":273539915.085,"HKSK_MARKET_CAP":273539915.085,"PE_TTM":-0.450791683474,"PB_TTM":0.627207774324,"REPORT_DATE_SQ":"2022-12-31 00:00:00","REPORT_TYPE_SQ":"2022年年报","OPERATE_INCOME_SQ":773248000,"DPS_HKD":null,"OPERATE_INCOME_QOQ_SQ":9.255941447424,"NET_PROFIT_RATIO_SQ":-156.3716944628,"HOLDER_PROFIT_SQ":-1205408000,"HOLDER_PROFIT_QOQ_SQ":27.898199201586,"ROE_AVG_SQ":407.947719142686,"PE_TTM_SQ":-0.255732091447,"PB_TTM_SQ":0.224113168245,"ROA_SQ":-67.931703561854,"START_DATE":"2023-01-01 00:00:00","FISCAL_YEAR":"12-31","CURRENCY":"HKD","IS_CNY_CODE":0,"DPS_HKD_LY":null,"ORG_TYPE":"一般企业","PREMIUM_INCOME":null,"PREMIUM_INCOME_YOY":null,"NET_INTEREST_INCOME":null,"NET_INTEREST_INCOME_YOY":null,"FEE_COMMISSION_INCOME":null,"FEE_COMMISSION_INCOME_YOY":null,"ACCOUNTS_RECE_TDAYS":8.342998997047,"INVENTORY_TDAYS":null,"CURRENT_ASSETS_TDAYS":1.095535450522,"TOTAL_ASSETS_TDAYS":0.539295336654,"PREMIUM_EXPENSE":null,"LOAN_DEPOSIT":null,"LOAN_EQUITY":null,"LOAN_ASSETS":null,"DEPOSIT_EQUITY":null,"DEPOSIT_ASSETS":null,"EQUITY_MULTIPLIER":1.807427946004,"EQUITY_RATIO":0.804524663174},{"SECUCODE":"02246.HK","SECURITY_CODE":"02246","SECURITY_NAME_ABBR":"快狗打车","ORG_CODE":"10000249495","STD_REPORT_DATE":"2023-06-30 00:00:00","REPORT_DATE":"2023-06-30 00:00:00","DATE_TYPE_CODE":"002","REPORT_TYPE":"2023年中报","PER_NETCASH_OPERATE":-0.204291828287,"PER_OI":0.593044997386,"BPS":1.377357304081,"BASIC_EPS":-1.03,"DILUTED_EPS":-1.03,"OPERATE_INCOME":371758000,"OPERATE_INCOME_YOY":6.5957477312,"GROSS_PROFIT":119333000,"GROSS_PROFIT_YOY":6.346971330796,"HOLDER_PROFIT":-642475000,"HOLDER_PROFIT_YOY":38.57251307,"GROSS_PROFIT_RATIO":32.099645468289,"EPS_TTM":-1.279346407552,"OPERATE_INCOME_QOQ":2.974854121834,"NET_PROFIT_RATIO":-172.9453031273,"ROE_AVG":-54.656232945847,"GROSS_PROFIT_QOQ":2.722383404241,"ROA":-39.710463913527,"HOLDER_PROFIT_QOQ":33.468584910669,"ROE_YEARLY":-109.312465891695,"ROIC_YEARLY":-95.012886393071,"TOTAL_ASSETS":1310917000,"TOTAL_LIABILITIES":446057000,"TAX_EBT":0.321235329685,"OCF_SALES":-34.447947320569,"TOTAL_PARENT_EQUITY":866120000,"DEBT_ASSET_RATIO":34.0263342378,"OPERATE_PROFIT":-645209000,"PRETAX_PROFIT":-645010000,"NETCASH_OPERATE":-128063000,"NETCASH_INVEST":911000,"NETCASH_FINANCE":-5358000,"END_CASH":199791000,"DIVI_RATIO":null,"DIVIDEND_RATE":null,"CURRENT_RATIO":1.639425758073,"COMMON_ACS":20000000000,"CURRENTDEBT_DEBT":93.665831945245,"ISSUED_COMMON_SHARES":628827391,"HK_COMMON_SHARES":628827391,"PER_SHARES":200,"TOTAL_MARKET_CAP":273539915.085,"HKSK_MARKET_CAP":273539915.085,"PE_TTM":-0.450791683474,"PB_TTM":0.627207774324,"REPORT_DATE_SQ":"2022-06-30 00:00:00","REPORT_TYPE_SQ":"2022年中报","OPERATE_INCOME_SQ":348755000,"DPS_HKD":null,"OPERATE_INCOME_QOQ_SQ":7.094273042428,"NET_PROFIT_RATIO_SQ":-300.8025691388,"HOLDER_PROFIT_SQ":-1045908000,"HOLDER_PROFIT_QOQ_SQ":-91.534208470145,"ROE_AVG_SQ":413.398286578196,"PE_TTM_SQ":-0.255732091447,"PB_TTM_SQ":0.224113168245,"ROA_SQ":-56.628039625789,"START_DATE":"2023-01-01 00:00:00","FISCAL_YEAR":"12-31","CURRENCY":"HKD","IS_CNY_CODE":0,"DPS_HKD_LY":null,"ORG_TYPE":"一般企业","PREMIUM_INCOME":null,"PREMIUM_INCOME_YOY":null,"NET_INTEREST_INCOME":null,"NET_INTEREST_INCOME_YOY":null,"FEE_COMMISSION_INCOME":null,"FEE_COMMISSION_INCOME_YOY":null,"ACCOUNTS_RECE_TDAYS":3.772201477393,"INVENTORY_TDAYS":null,"CURRENT_ASSETS_TDAYS":0.505039417359,"TOTAL_ASSETS_TDAYS":0.229778320457,"PREMIUM_EXPENSE":null,"LOAN_DEPOSIT":null,"LOAN_EQUITY":null,"LOAN_ASSETS":null,"DEPOSIT_EQUITY":null,"DEPOSIT_ASSETS":null,"EQUITY_MULTIPLIER":1.515756307379,"EQUITY_RATIO":0.515006003787},{"SECUCODE":"02246.HK","SECURITY_CODE":"02246","SECURITY_NAME_ABBR":"快狗打车","ORG_CODE":"10000249495","STD_REPORT_DATE":"2022-12-31 00:00:00","REPORT_DATE":"2022-12-31 00:00:00","DATE_TYPE_CODE":"001","REPORT_TYPE":"2022年年报","PER_NETCASH_OPERATE":-0.48123271218,"PER_OI":1.249814371982,"BPS":2.361295040979,"BASIC_EPS":-2.4,"DILUTED_EPS":-2.4,"OPERATE_INCOME":773248000,"OPERATE_INCOME_YOY":17.0068562488,"GROSS_PROFIT":261609000,"GROSS_PROFIT_YOY":8.22632423756,"HOLDER_PROFIT":-1205408000,"HOLDER_PROFIT_YOY":-38.099613452,"GROSS_PROFIT_RATIO":33.83248323953,"EPS_TTM":-1.948322197409,"OPERATE_INCOME_QOQ":9.255941447424,"NET_PROFIT_RATIO":-156.3716944628,"ROE_AVG":407.947719142686,"GROSS_PROFIT_QOQ":5.877710594692,"ROA":-67.931703561854,"HOLDER_PROFIT_QOQ":27.898199201586,"ROE_YEARLY":407.947719142686,"ROIC_YEARLY":-82.962371576595,"TOTAL_ASSETS":1924880000,"TOTAL_LIABILITIES":440797000,"TAX_EBT":0.720411522972,"OCF_SALES":-38.504334961099,"TOTAL_PARENT_EQUITY":1484847000,"DEBT_ASSET_RATIO":22.8999729853,"OPERATE_PROFIT":-912300000,"PRETAX_PROFIT":-1217915000,"NETCASH_OPERATE":-297734000,"NETCASH_INVEST":-249086000,"NETCASH_FINANCE":552092000,"END_CASH":330734000,"DIVI_RATIO":null,"DIVIDEND_RATE":null,"CURRENT_RATIO":1.890728612018,"COMMON_ACS":20000000000,"CURRENTDEBT_DEBT":94.457766273364,"ISSUED_COMMON_SHARES":628827391,"HK_COMMON_SHARES":628827391,"PER_SHARES":200,"TOTAL_MARKET_CAP":273539915.085,"HKSK_MARKET_CAP":273539915.085,"PE_TTM":-0.450791683474,"PB_TTM":0.627207774324,"REPORT_DATE_SQ":"2021-12-31 00:00:00","REPORT_TYPE_SQ":"2021年年报","OPERATE_INCOME_SQ":660857000,"DPS_HKD":null,"OPERATE_INCOME_QOQ_SQ":4.67098323318,"NET_PROFIT_RATIO_SQ":-132.0791033461,"HOLDER_PROFIT_SQ":-872854000,"HOLDER_PROFIT_QOQ_SQ":-50.417378956656,"ROE_AVG_SQ":47.736093921845,"PE_TTM_SQ":-0.255732091447,"PB_TTM_SQ":0.224113168245,"ROA_SQ":-57.154437740025,"START_DATE":"2022-01-01 00:00:00","FISCAL_YEAR":"12-31","CURRENCY":"HKD","IS_CNY_CODE":0,"DPS_HKD_LY":null,"ORG_TYPE":"一般企业","PREMIUM_INCOME":null,"PREMIUM_INCOME_YOY":null,"NET_INTEREST_INCOME":null,"NET_INTEREST_INCOME_YOY":null,"FEE_COMMISSION_INCOME":null,"FEE_COMMISSION_INCOME_YOY":null,"ACCOUNTS_RECE_TDAYS":9.549749600163,"INVENTORY_TDAYS":null,"CURRENT_ASSETS_TDAYS":1.186069609006,"TOTAL_ASSETS_TDAYS":0.435769912891,"PREMIUM_EXPENSE":null,"LOAN_DEPOSIT":null,"LOAN_EQUITY":null,"LOAN_ASSETS":null,"DEPOSIT_EQUITY":null,"DEPOSIT_ASSETS":null,"EQUITY_MULTIPLIER":1.297016406764,"EQUITY_RATIO":0.296863582578},{"SECUCODE":"02246.HK","SECURITY_CODE":"02246","SECURITY_NAME_ABBR":"快狗打车","ORG_CODE":"10000249495","STD_REPORT_DATE":"2022-06-30 00:00:00","REPORT_DATE":"2022-06-30 00:00:00","DATE_TYPE_CODE":"002","REPORT_TYPE":"2022年中报","PER_NETCASH_OPERATE":-0.23933598977,"PER_OI":0.566594870365,"BPS":2.496398888578,"BASIC_EPS":-2.69,"DILUTED_EPS":-2.69,"OPERATE_INCOME":348755000,"OPERATE_INCOME_YOY":15.530754757,"GROSS_PROFIT":112211000,"GROSS_PROFIT_YOY":5.018296848824,"HOLDER_PROFIT":-1045908000,"HOLDER_PROFIT_YOY":-323.5336994023,"GROSS_PROFIT_RATIO":32.174735846081,"EPS_TTM":-2.71606496424,"OPERATE_INCOME_QOQ":7.094273042428,"NET_PROFIT_RATIO":-300.8025691388,"ROE_AVG":413.398286578196,"GROSS_PROFIT_QOQ":2.218232364184,"ROA":-56.628039625789,"HOLDER_PROFIT_QOQ":-91.534208470145,"ROE_YEARLY":826.796573156392,"ROIC_YEARLY":-158.937185037164,"TOTAL_ASSETS":2069956000,"TOTAL_LIABILITIES":500174000,"TAX_EBT":0.189618641044,"OCF_SALES":-42.241114822727,"TOTAL_PARENT_EQUITY":1569804000,"DEBT_ASSET_RATIO":24.1635087896,"OPERATE_PROFIT":-743991000,"PRETAX_PROFIT":-1051057000,"NETCASH_OPERATE":-147318000,"NETCASH_INVEST":-3644000,"NETCASH_FINANCE":566305000,"END_CASH":748728000,"DIVI_RATIO":null,"DIVIDEND_RATE":null,"CURRENT_RATIO":1.966701363524,"COMMON_ACS":20000000000,"CURRENTDEBT_DEBT":96.612978683418,"ISSUED_COMMON_SHARES":628827391,"HK_COMMON_SHARES":628827391,"PER_SHARES":200,"TOTAL_MARKET_CAP":273539915.085,"HKSK_MARKET_CAP":273539915.085,"PE_TTM":-0.450791683474,"PB_TTM":0.627207774324,"REPORT_DATE_SQ":"2021-06-30 00:00:00","REPORT_TYPE_SQ":"2021年中报","OPERATE_INCOME_SQ":301872000,"DPS_HKD":null,"OPERATE_INCOME_QOQ_SQ":0,"NET_PROFIT_RATIO_SQ":-81.8055334711,"HOLDER_PROFIT_SQ":-246948000,"HOLDER_PROFIT_QOQ_SQ":0,"ROE_AVG_SQ":null,"PE_TTM_SQ":-0.255732091447,"PB_TTM_SQ":0.224113168245,"ROA_SQ":null,"START_DATE":"2022-01-01 00:00:00","FISCAL_YEAR":"12-31","CURRENCY":"HKD","IS_CNY_CODE":0,"DPS_HKD_LY":null,"ORG_TYPE":"一般企业","PREMIUM_INCOME":null,"PREMIUM_INCOME_YOY":null,"NET_INTEREST_INCOME":null,"NET_INTEREST_INCOME_YOY":null,"FEE_COMMISSION_INCOME":null,"FEE_COMMISSION_INCOME_YOY":null,"ACCOUNTS_RECE_TDAYS":4.981395913528,"INVENTORY_TDAYS":null,"CURRENT_ASSETS_TDAYS":0.475460133154,"TOTAL_ASSETS_TDAYS":0.188824561622,"PREMIUM_EXPENSE":null,"LOAN_DEPOSIT":null,"LOAN_EQUITY":null,"LOAN_ASSETS":null,"DEPOSIT_EQUITY":null,"DEPOSIT_ASSETS":null,"EQUITY_MULTIPLIER":1.318626407999,"EQUITY_RATIO":0.318621942612},{"SECUCODE":"02246.HK","SECURITY_CODE":"02246","SECURITY_NAME_ABBR":"快狗打车","ORG_CODE":"10000249495","STD_REPORT_DATE":"2021-12-31 00:00:00","REPORT_DATE":"2021-12-31 00:00:00","DATE_TYPE_CODE":"001","REPORT_TYPE":"2021年年报","PER_NETCASH_OPERATE":-0.952699598667,"PER_OI":1.755594156208,"BPS":-3.30107916689,"BASIC_EPS":-2.16,"DILUTED_EPS":-2.16,"OPERATE_INCOME":660857000,"OPERATE_INCOME_YOY":24.5938511601,"GROSS_PROFIT":241724000,"GROSS_PROFIT_YOY":31.824527725666,"HOLDER_PROFIT":-872854000,"HOLDER_PROFIT_YOY":-32.6070377044,"GROSS_PROFIT_RATIO":36.577353345731,"EPS_TTM":-2.318773019917,"OPERATE_INCOME_QOQ":4.67098323318,"NET_PROFIT_RATIO":-132.0791033461,"ROE_AVG":47.736093921845,"GROSS_PROFIT_QOQ":8.256601339973,"ROA":-57.154437740025,"HOLDER_PROFIT_QOQ":-50.417378956656,"ROE_YEARLY":47.736093921845,"ROIC_YEARLY":-69.161054149565,"TOTAL_ASSETS":1624002000,"TOTAL_LIABILITIES":3699811000,"TAX_EBT":-0.029682228253,"OCF_SALES":-54.266505461847,"TOTAL_PARENT_EQUITY":-2075809000,"DEBT_ASSET_RATIO":227.820593817,"OPERATE_PROFIT":-314030000,"PRETAX_PROFIT":-872576000,"NETCASH_OPERATE":-358624000,"NETCASH_INVEST":-1651000,"NETCASH_FINANCE":460881000,"END_CASH":312997000,"DIVI_RATIO":null,"DIVIDEND_RATE":null,"CURRENT_RATIO":1.124696047805,"COMMON_ACS":20000000000,"CURRENTDEBT_DEBT":12.415904488094,"ISSUED_COMMON_SHARES":628827391,"HK_COMMON_SHARES":628827391,"PER_SHARES":200,"TOTAL_MARKET_CAP":273539915.085,"HKSK_MARKET_CAP":273539915.085,"PE_TTM":-0.450791683474,"PB_TTM":0.627207774324,"REPORT_DATE_SQ":"2020-12-31 00:00:00","REPORT_TYPE_SQ":"2020年年报","OPERATE_INCOME_SQ":530409000,"DPS_HKD":null,"OPERATE_INCOME_QOQ_SQ":-3.29068641662,"NET_PROFIT_RATIO_SQ":-124.097818853,"HOLDER_PROFIT_SQ":-658226000,"HOLDER_PROFIT_QOQ_SQ":-258.033125730915,"ROE_AVG_SQ":49.119180573393,"PE_TTM_SQ":-0.255732091447,"PB_TTM_SQ":0.224113168245,"ROA_SQ":-44.23685203586,"START_DATE":"2021-01-01 00:00:00","FISCAL_YEAR":"12-31","CURRENCY":"HKD","IS_CNY_CODE":0,"DPS_HKD_LY":null,"ORG_TYPE":"一般企业","PREMIUM_INCOME":null,"PREMIUM_INCOME_YOY":null,"NET_INTEREST_INCOME":null,"NET_INTEREST_INCOME_YOY":null,"FEE_COMMISSION_INCOME":null,"FEE_COMMISSION_INCOME_YOY":null,"ACCOUNTS_RECE_TDAYS":11.113657958243,"INVENTORY_TDAYS":null,"CURRENT_ASSETS_TDAYS":1.623697352014,"TOTAL_ASSETS_TDAYS":0.432728844246,"PREMIUM_EXPENSE":null,"LOAN_DEPOSIT":null,"LOAN_EQUITY":null,"LOAN_ASSETS":null,"DEPOSIT_EQUITY":null,"DEPOSIT_ASSETS":null,"EQUITY_MULTIPLIER":-0.782346545371,"EQUITY_RATIO":-1.782346545371},{"SECUCODE":"02246.HK","SECURITY_CODE":"02246","SECURITY_NAME_ABBR":"快狗打车","ORG_CODE":"10000249495","STD_REPORT_DATE":"2021-09-30 00:00:00","REPORT_DATE":"2021-09-30 00:00:00","DATE_TYPE_CODE":"004","REPORT_TYPE":"2021年三季报","PER_NETCASH_OPERATE":-0.68934127275,"PER_OI":1.27739951325,"BPS":-2.665629748307,"BASIC_EPS":-0.95,"DILUTED_EPS":-0.95,"OPERATE_INCOME":472717000,"OPERATE_INCOME_YOY":27.1564988164,"GROSS_PROFIT":170066000,"GROSS_PROFIT_YOY":30.673243895318,"HOLDER_PROFIT":-392822000,"HOLDER_PROFIT_YOY":16.5557821395,"GROSS_PROFIT_RATIO":35.976281792277,"EPS_TTM":-1.568083248,"OPERATE_INCOME_QOQ":19.03380221678,"NET_PROFIT_RATIO":-83.0987673386,"ROE_AVG":24.118670968653,"GROSS_PROFIT_QOQ":21.77042886436,"ROA":-25.79493257774,"HOLDER_PROFIT_QOQ":11.840614014032,"ROE_YEARLY":32.158227958204,"ROIC_YEARLY":-31.297702321183,"TOTAL_ASSETS":1615362000,"TOTAL_LIABILITIES":3291583000,"TAX_EBT":-0.316167175309,"OCF_SALES":-53.964422688416,"TOTAL_PARENT_EQUITY":-1676221000,"DEBT_ASSET_RATIO":203.76751465,"OPERATE_PROFIT":null,"PRETAX_PROFIT":-391565000,"NETCASH_OPERATE":-255099000,"NETCASH_INVEST":1275000,"NETCASH_FINANCE":355713000,"END_CASH":318248000,"DIVI_RATIO":null,"DIVIDEND_RATE":null,"CURRENT_RATIO":0.921897498262,"COMMON_ACS":20000000000,"CURRENTDEBT_DEBT":16.56288175021,"ISSUED_COMMON_SHARES":628827391,"HK_COMMON_SHARES":628827391,"PER_SHARES":200,"TOTAL_MARKET_CAP":273539915.085,"HKSK_MARKET_CAP":273539915.085,"PE_TTM":-0.450791683474,"PB_TTM":0.627207774324,"REPORT_DATE_SQ":"2020-09-30 00:00:00","REPORT_TYPE_SQ":"2020年三季报","OPERATE_INCOME_SQ":371760000,"DPS_HKD":null,"OPERATE_INCOME_QOQ_SQ":0,"NET_PROFIT_RATIO_SQ":-126.6300839251,"HOLDER_PROFIT_SQ":-470760000,"HOLDER_PROFIT_QOQ_SQ":0,"ROE_AVG_SQ":null,"PE_TTM_SQ":-0.255732091447,"PB_TTM_SQ":0.224113168245,"ROA_SQ":null,"START_DATE":"2021-01-01 00:00:00","FISCAL_YEAR":"12-31","CURRENCY":"HKD","IS_CNY_CODE":0,"DPS_HKD_LY":null,"ORG_TYPE":"一般企业","PREMIUM_INCOME":null,"PREMIUM_INCOME_YOY":null,"NET_INTEREST_INCOME":null,"NET_INTEREST_INCOME_YOY":null,"FEE_COMMISSION_INCOME":null,"FEE_COMMISSION_INCOME_YOY":null,"ACCOUNTS_RECE_TDAYS":8.036534570987,"INVENTORY_TDAYS":null,"CURRENT_ASSETS_TDAYS":1.181836818881,"TOTAL_ASSETS_TDAYS":0.31041293877,"PREMIUM_EXPENSE":null,"LOAN_DEPOSIT":null,"LOAN_EQUITY":null,"LOAN_ASSETS":null,"DEPOSIT_EQUITY":null,"DEPOSIT_ASSETS":null,"EQUITY_MULTIPLIER":-0.963692735027,"EQUITY_RATIO":-1.963692735027},{"SECUCODE":"02246.HK","SECURITY_CODE":"02246","SECURITY_NAME_ABBR":"快狗打车","ORG_CODE":"10000249495","STD_REPORT_DATE":"2021-06-30 00:00:00","REPORT_DATE":"2021-06-30 00:00:00","DATE_TYPE_CODE":"002","REPORT_TYPE":"2021年中报","PER_NETCASH_OPERATE":null,"PER_OI":null,"BPS":null,"BASIC_EPS":-0.59,"DILUTED_EPS":-0.59,"OPERATE_INCOME":301872000,"OPERATE_INCOME_YOY":null,"GROSS_PROFIT":106849000,"GROSS_PROFIT_YOY":null,"HOLDER_PROFIT":-246948000,"HOLDER_PROFIT_YOY":null,"GROSS_PROFIT_RATIO":35.395465627816,"EPS_TTM":-1.533878152643,"OPERATE_INCOME_QOQ":0,"NET_PROFIT_RATIO":-81.8055334711,"ROE_AVG":null,"GROSS_PROFIT_QOQ":0,"ROA":null,"HOLDER_PROFIT_QOQ":0,"ROE_YEARLY":null,"ROIC_YEARLY":null,"TOTAL_ASSETS":null,"TOTAL_LIABILITIES":null,"TAX_EBT":-0.895239418319,"OCF_SALES":-52.194970053533,"TOTAL_PARENT_EQUITY":null,"DEBT_ASSET_RATIO":null,"OPERATE_PROFIT":-94084000,"PRETAX_PROFIT":-244739000,"NETCASH_OPERATE":-157562000,"NETCASH_INVEST":1147000,"NETCASH_FINANCE":304953000,"END_CASH":366566000,"DIVI_RATIO":null,"DIVIDEND_RATE":null,"CURRENT_RATIO":null,"COMMON_ACS":20000000000,"CURRENTDEBT_DEBT":null,"ISSUED_COMMON_SHARES":628827391,"HK_COMMON_SHARES":628827391,"PER_SHARES":200,"TOTAL_MARKET_CAP":273539915.085,"HKSK_MARKET_CAP":273539915.085,"PE_TTM":-0.450791683474,"PB_TTM":0.627207774324,"REPORT_DATE_SQ":"2020-06-30 00:00:00","REPORT_TYPE_SQ":"2020年中报","OPERATE_INCOME_SQ":null,"DPS_HKD":null,"OPERATE_INCOME_QOQ_SQ":0,"NET_PROFIT_RATIO_SQ":null,"HOLDER_PROFIT_SQ":null,"HOLDER_PROFIT_QOQ_SQ":0,"ROE_AVG_SQ":null,"PE_TTM_SQ":-0.255732091447,"PB_TTM_SQ":0.224113168245,"ROA_SQ":null,"START_DATE":"2021-01-01 00:00:00","FISCAL_YEAR":"12-31","CURRENCY":"HKD","IS_CNY_CODE":0,"DPS_HKD_LY":null,"ORG_TYPE":"一般企业","PREMIUM_INCOME":null,"PREMIUM_INCOME_YOY":null,"NET_INTEREST_INCOME":null,"NET_INTEREST_INCOME_YOY":null,"FEE_COMMISSION_INCOME":null,"FEE_COMMISSION_INCOME_YOY":null,"ACCOUNTS_RECE_TDAYS":null,"INVENTORY_TDAYS":null,"CURRENT_ASSETS_TDAYS":2.030285604754,"TOTAL_ASSETS_TDAYS":0.422089979642,"PREMIUM_EXPENSE":null,"LOAN_DEPOSIT":null,"LOAN_EQUITY":null,"LOAN_ASSETS":null,"DEPOSIT_EQUITY":null,"DEPOSIT_ASSETS":null,"EQUITY_MULTIPLIER":null,"EQUITY_RATIO":null},{"SECUCODE":"02246.HK","SECURITY_CODE":"02246","SECURITY_NAME_ABBR":"快狗打车","ORG_CODE":"10000249495","STD_REPORT_DATE":"2020-12-31 00:00:00","REPORT_DATE":"2020-12-31 00:00:00","DATE_TYPE_CODE":"001","REPORT_TYPE":"2020年年报","PER_NETCASH_OPERATE":-0.294513013107,"PER_OI":1.236023458607,"BPS":-2.514504015936,"BASIC_EPS":-1.56,"DILUTED_EPS":-1.56,"OPERATE_INCOME":530409000,"OPERATE_INCOME_YOY":-3.2906864166,"GROSS_PROFIT":183368000,"GROSS_PROFIT_YOY":5.934279243888,"HOLDER_PROFIT":-658226000,"HOLDER_PROFIT_YOY":-258.0331257309,"GROSS_PROFIT_RATIO":34.571057429267,"EPS_TTM":-1.533878152643,"OPERATE_INCOME_QOQ":-3.29068641662,"NET_PROFIT_RATIO":-124.097818853,"ROE_AVG":49.119180573393,"GROSS_PROFIT_QOQ":5.934279243888,"ROA":-44.23685203586,"HOLDER_PROFIT_QOQ":-258.033125730915,"ROE_YEARLY":49.119180573393,"ROIC_YEARLY":-52.4157723675,"TOTAL_ASSETS":1430368000,"TOTAL_LIABILITIES":3011557000,"TAX_EBT":-0.070410570157,"OCF_SALES":-23.827461449561,"TOTAL_PARENT_EQUITY":-1581189000,"DEBT_ASSET_RATIO":210.544209602,"OPERATE_PROFIT":null,"PRETAX_PROFIT":-653311000,"NETCASH_OPERATE":-126383000,"NETCASH_INVEST":3382000,"NETCASH_FINANCE":96223000,"END_CASH":217253000,"DIVI_RATIO":null,"DIVIDEND_RATE":null,"CURRENT_RATIO":0.353616684266,"COMMON_ACS":20000000000,"CURRENTDEBT_DEBT":27.923628873702,"ISSUED_COMMON_SHARES":628827391,"HK_COMMON_SHARES":628827391,"PER_SHARES":200,"TOTAL_MARKET_CAP":273539915.085,"HKSK_MARKET_CAP":273539915.085,"PE_TTM":-0.450791683474,"PB_TTM":0.627207774324,"REPORT_DATE_SQ":"2019-12-31 00:00:00","REPORT_TYPE_SQ":"2019年年报","OPERATE_INCOME_SQ":548457000,"DPS_HKD":null,"OPERATE_INCOME_QOQ_SQ":21.033444041091,"NET_PROFIT_RATIO_SQ":-33.520403605,"HOLDER_PROFIT_SQ":-183845000,"HOLDER_PROFIT_QOQ_SQ":82.833241202089,"ROE_AVG_SQ":18.523061763522,"PE_TTM_SQ":-0.255732091447,"PB_TTM_SQ":0.224113168245,"ROA_SQ":-11.59425499604,"START_DATE":"2020-01-01 00:00:00","FISCAL_YEAR":"12-31","CURRENCY":"HKD","IS_CNY_CODE":0,"DPS_HKD_LY":null,"ORG_TYPE":"一般企业","PREMIUM_INCOME":null,"PREMIUM_INCOME_YOY":null,"NET_INTEREST_INCOME":null,"NET_INTEREST_INCOME_YOY":null,"FEE_COMMISSION_INCOME":null,"FEE_COMMISSION_INCOME_YOY":null,"ACCOUNTS_RECE_TDAYS":9.934985389975,"INVENTORY_TDAYS":null,"CURRENT_ASSETS_TDAYS":1.639407548441,"TOTAL_ASSETS_TDAYS":0.356467603095,"PREMIUM_EXPENSE":null,"LOAN_DEPOSIT":null,"LOAN_EQUITY":null,"LOAN_ASSETS":null,"DEPOSIT_EQUITY":null,"DEPOSIT_ASSETS":null,"EQUITY_MULTIPLIER":-0.904615450778,"EQUITY_RATIO":-1.904615450778}],"count":12},"success":true,"message":"ok","code":0}