{"version":"ee15a5de5afa777bbd02b27b40fa4db6","result":{"pages":2,"data":[{"SECUCODE":"02245.HK","SECURITY_CODE":"02245","SECURITY_NAME_ABBR":"力勤资源","ORG_CODE":"10000293847","STD_REPORT_DATE":"2024-06-30 00:00:00","REPORT_DATE":"2024-06-30 00:00:00","DATE_TYPE_CODE":"002","REPORT_TYPE":"2024年中报","PER_NETCASH_OPERATE":-0.065714338875,"PER_OI":6.991303311679,"BPS":6.130103362208,"BASIC_EPS":0.38,"DILUTED_EPS":0.38,"OPERATE_INCOME":10877988000,"OPERATE_INCOME_YOY":17.1678565497,"GROSS_PROFIT":1827444000,"GROSS_PROFIT_YOY":16.590489752482,"HOLDER_PROFIT":586934000,"HOLDER_PROFIT_YOY":73.4510292979,"GROSS_PROFIT_RATIO":16.79946696025,"EPS_TTM":0.835456525765,"OPERATE_INCOME_QOQ":7.568536414003,"NET_PROFIT_RATIO":8.9205926684,"ROE_AVG":6.269468113072,"GROSS_PROFIT_QOQ":7.689021027716,"ROA":1.790467085333,"HOLDER_PROFIT_QOQ":23.640505438168,"ROE_YEARLY":12.538936226144,"ROIC_YEARLY":4.991164984716,"TOTAL_ASSETS":34882402000,"TOTAL_LIABILITIES":19694796000,"TAX_EBT":2.308834559027,"OCF_SALES":-0.939944041122,"TOTAL_PARENT_EQUITY":9538020000,"DEBT_ASSET_RATIO":56.4605499358,"OPERATE_PROFIT":1133365000,"PRETAX_PROFIT":993315000,"NETCASH_OPERATE":-102247000,"NETCASH_INVEST":-3277729000,"NETCASH_FINANCE":2745237000,"END_CASH":3958055000,"DIVI_RATIO":0.238634080711,"DIVIDEND_RATE":3.59477124183,"CURRENT_RATIO":1.013601212258,"COMMON_ACS":null,"CURRENTDEBT_DEBT":60.206493126408,"ISSUED_COMMON_SHARES":1555931350,"HK_COMMON_SHARES":550694291,"PER_SHARES":200,"TOTAL_MARKET_CAP":9522299862,"HKSK_MARKET_CAP":3370249060.92,"PE_TTM":6.63005313754,"PB_TTM":0.911175761641,"REPORT_DATE_SQ":"2023-06-30 00:00:00","REPORT_TYPE_SQ":"2023年中报","OPERATE_INCOME_SQ":9284106000,"DPS_HKD":0.22,"OPERATE_INCOME_QOQ_SQ":-3.795474760623,"NET_PROFIT_RATIO_SQ":7.1307242722,"HOLDER_PROFIT_SQ":338386000,"HOLDER_PROFIT_QOQ_SQ":-58.305143156155,"ROE_AVG_SQ":3.959824838374,"PE_TTM_SQ":12.560648669449,"PB_TTM_SQ":0.982495889847,"ROA_SQ":1.381557481855,"START_DATE":"2024-01-01 00:00:00","FISCAL_YEAR":"12-31","CURRENCY":"HKD","IS_CNY_CODE":0,"DPS_HKD_LY":0.22,"ORG_TYPE":"一般企业","PREMIUM_INCOME":null,"PREMIUM_INCOME_YOY":null,"NET_INTEREST_INCOME":null,"NET_INTEREST_INCOME_YOY":null,"FEE_COMMISSION_INCOME":null,"FEE_COMMISSION_INCOME_YOY":null,"ACCOUNTS_RECE_TDAYS":6.954966256101,"INVENTORY_TDAYS":3.752569215192,"CURRENT_ASSETS_TDAYS":0.975705988373,"TOTAL_ASSETS_TDAYS":0.331837642199,"PREMIUM_EXPENSE":null,"LOAN_DEPOSIT":null,"LOAN_EQUITY":null,"LOAN_ASSETS":null,"DEPOSIT_EQUITY":null,"DEPOSIT_ASSETS":null,"EQUITY_MULTIPLIER":2.296767640669,"EQUITY_RATIO":2.064872583618},{"SECUCODE":"02245.HK","SECURITY_CODE":"02245","SECURITY_NAME_ABBR":"力勤资源","ORG_CODE":"10000293847","STD_REPORT_DATE":"2023-12-31 00:00:00","REPORT_DATE":"2023-12-31 00:00:00","DATE_TYPE_CODE":"001","REPORT_TYPE":"2023年年报","PER_NETCASH_OPERATE":1.65212044863,"PER_OI":13.534861933337,"BPS":5.903567660617,"BASIC_EPS":0.68,"DILUTED_EPS":0.68,"OPERATE_INCOME":21059316000,"OPERATE_INCOME_YOY":15.1436915282,"GROSS_PROFIT":3381965000,"GROSS_PROFIT_YOY":-24.74211892515,"HOLDER_PROFIT":1051365000,"HOLDER_PROFIT_YOY":-39.4109050171,"GROSS_PROFIT_RATIO":16.059234782364,"EPS_TTM":0.675714259501,"OPERATE_INCOME_QOQ":19.686357000081,"NET_PROFIT_RATIO":8.1744820202,"ROE_AVG":11.905429199122,"GROSS_PROFIT_QOQ":13.601712037842,"ROA":4.081377789198,"HOLDER_PROFIT_QOQ":45.315512677867,"ROE_YEARLY":11.905429199122,"ROIC_YEARLY":6.074206172203,"TOTAL_ASSETS":30679708000,"TOTAL_LIABILITIES":17194358000,"TAX_EBT":2.272136355431,"OCF_SALES":12.206407843446,"TOTAL_PARENT_EQUITY":9185546000,"DEBT_ASSET_RATIO":56.0447250671,"OPERATE_PROFIT":2063127000,"PRETAX_PROFIT":1761514000,"NETCASH_OPERATE":2570586000,"NETCASH_INVEST":-7395878000,"NETCASH_FINANCE":4954413000,"END_CASH":4616829000,"DIVI_RATIO":0.295048383539,"DIVIDEND_RATE":3.709949409781,"CURRENT_RATIO":1.106970242978,"COMMON_ACS":null,"CURRENTDEBT_DEBT":54.003603972885,"ISSUED_COMMON_SHARES":1555931350,"HK_COMMON_SHARES":550694291,"PER_SHARES":200,"TOTAL_MARKET_CAP":9226672905.5,"HKSK_MARKET_CAP":3265617145.63,"PE_TTM":6.424218154512,"PB_TTM":0.88288762525,"REPORT_DATE_SQ":"2022-12-31 00:00:00","REPORT_TYPE_SQ":"2022年年报","OPERATE_INCOME_SQ":18289596000,"DPS_HKD":0.22,"OPERATE_INCOME_QOQ_SQ":-0.271106090931,"NET_PROFIT_RATIO_SQ":16.5564838064,"HOLDER_PROFIT_SQ":1735238000,"HOLDER_PROFIT_QOQ_SQ":-26.584147566355,"ROE_AVG_SQ":29.879789516715,"PE_TTM_SQ":13.625110421097,"PB_TTM_SQ":1.065758253393,"ROA_SQ":10.477922784014,"START_DATE":"2023-01-01 00:00:00","FISCAL_YEAR":"12-31","CURRENCY":"HKD","IS_CNY_CODE":0,"DPS_HKD_LY":0.3357,"ORG_TYPE":"一般企业","PREMIUM_INCOME":null,"PREMIUM_INCOME_YOY":null,"NET_INTEREST_INCOME":null,"NET_INTEREST_INCOME_YOY":null,"FEE_COMMISSION_INCOME":null,"FEE_COMMISSION_INCOME_YOY":null,"ACCOUNTS_RECE_TDAYS":19.455465768447,"INVENTORY_TDAYS":10.587300522557,"CURRENT_ASSETS_TDAYS":2.20477439196,"TOTAL_ASSETS_TDAYS":0.817518412522,"PREMIUM_EXPENSE":null,"LOAN_DEPOSIT":null,"LOAN_EQUITY":null,"LOAN_ASSETS":null,"DEPOSIT_EQUITY":null,"DEPOSIT_ASSETS":null,"EQUITY_MULTIPLIER":2.27503980245,"EQUITY_RATIO":1.871892862983},{"SECUCODE":"02245.HK","SECURITY_CODE":"02245","SECURITY_NAME_ABBR":"力勤资源","ORG_CODE":"10000293847","STD_REPORT_DATE":"2023-06-30 00:00:00","REPORT_DATE":"2023-06-30 00:00:00","DATE_TYPE_CODE":"002","REPORT_TYPE":"2023年中报","PER_NETCASH_OPERATE":0.066869274149,"PER_OI":5.966912357669,"BPS":5.53659517176,"BASIC_EPS":0.22,"DILUTED_EPS":0.22,"OPERATE_INCOME":9284106000,"OPERATE_INCOME_YOY":-6.9568782525,"GROSS_PROFIT":1567404000,"GROSS_PROFIT_YOY":-49.179593295121,"HOLDER_PROFIT":338386000,"HOLDER_PROFIT_YOY":-74.9365796645,"GROSS_PROFIT_RATIO":16.882659461234,"EPS_TTM":0.464998021924,"OPERATE_INCOME_QOQ":-3.795474760623,"NET_PROFIT_RATIO":7.1307242722,"ROE_AVG":3.959824838374,"GROSS_PROFIT_QOQ":-33.752863645416,"ROA":1.381557481855,"HOLDER_PROFIT_QOQ":-58.305143156155,"ROE_YEARLY":7.919649676747,"ROIC_YEARLY":4.317371719299,"TOTAL_ASSETS":28145769000,"TOTAL_LIABILITIES":15512041000,"TAX_EBT":-4.056647516956,"OCF_SALES":1.120667945842,"TOTAL_PARENT_EQUITY":8614562000,"DEBT_ASSET_RATIO":55.1132250108,"OPERATE_PROFIT":858587000,"PRETAX_PROFIT":636215000,"NETCASH_OPERATE":104044000,"NETCASH_INVEST":-3862853000,"NETCASH_FINANCE":4851384000,"END_CASH":5629780000,"DIVI_RATIO":0.428751071187,"DIVIDEND_RATE":3.709949409781,"CURRENT_RATIO":1.414178097412,"COMMON_ACS":null,"CURRENTDEBT_DEBT":54.077268104178,"ISSUED_COMMON_SHARES":1555931350,"HK_COMMON_SHARES":550694291,"PER_SHARES":200,"TOTAL_MARKET_CAP":9226672905.5,"HKSK_MARKET_CAP":3265617145.63,"PE_TTM":6.424218154512,"PB_TTM":0.88288762525,"REPORT_DATE_SQ":"2022-06-30 00:00:00","REPORT_TYPE_SQ":"2022年中报","OPERATE_INCOME_SQ":9978283000,"DPS_HKD":0.22,"OPERATE_INCOME_QOQ_SQ":47.311804550257,"NET_PROFIT_RATIO_SQ":22.9460619628,"HOLDER_PROFIT_SQ":1350119000,"HOLDER_PROFIT_QOQ_SQ":114.96651229459,"ROE_AVG_SQ":34.553413461182,"PE_TTM_SQ":13.625110421097,"PB_TTM_SQ":1.065758253393,"ROA_SQ":9.184255573535,"START_DATE":"2023-01-01 00:00:00","FISCAL_YEAR":"12-31","CURRENCY":"HKD","IS_CNY_CODE":0,"DPS_HKD_LY":0.3357,"ORG_TYPE":"一般企业","PREMIUM_INCOME":null,"PREMIUM_INCOME_YOY":null,"NET_INTEREST_INCOME":null,"NET_INTEREST_INCOME_YOY":null,"FEE_COMMISSION_INCOME":null,"FEE_COMMISSION_INCOME_YOY":null,"ACCOUNTS_RECE_TDAYS":6.804952811519,"INVENTORY_TDAYS":5.257464941499,"CURRENT_ASSETS_TDAYS":0.897564104188,"TOTAL_ASSETS_TDAYS":0.379050141159,"PREMIUM_EXPENSE":null,"LOAN_DEPOSIT":null,"LOAN_EQUITY":null,"LOAN_ASSETS":null,"DEPOSIT_EQUITY":null,"DEPOSIT_ASSETS":null,"EQUITY_MULTIPLIER":2.227827684748,"EQUITY_RATIO":1.800676691398},{"SECUCODE":"02245.HK","SECURITY_CODE":"02245","SECURITY_NAME_ABBR":"力勤资源","ORG_CODE":"10000293847","STD_REPORT_DATE":"2022-12-31 00:00:00","REPORT_DATE":"2022-12-31 00:00:00","DATE_TYPE_CODE":"001","REPORT_TYPE":"2022年年报","PER_NETCASH_OPERATE":1.284960933527,"PER_OI":11.75475768902,"BPS":5.447795624145,"BASIC_EPS":1.3,"DILUTED_EPS":1.3,"OPERATE_INCOME":18289596000,"OPERATE_INCOME_YOY":46.9124332755,"GROSS_PROFIT":4493835000,"GROSS_PROFIT_YOY":196.441189819042,"HOLDER_PROFIT":1735238000,"HOLDER_PROFIT_YOY":57.8194974479,"GROSS_PROFIT_RATIO":24.570444311619,"EPS_TTM":1.115240720614,"OPERATE_INCOME_QOQ":-0.271106090931,"NET_PROFIT_RATIO":16.5564838064,"ROE_AVG":29.879789516715,"GROSS_PROFIT_QOQ":5.805955959185,"ROA":10.477922784014,"HOLDER_PROFIT_QOQ":-26.584147566355,"ROE_YEARLY":29.879789516715,"ROIC_YEARLY":16.002467085204,"TOTAL_ASSETS":20840394000,"TOTAL_LIABILITIES":8812597000,"TAX_EBT":4.924881553044,"OCF_SALES":10.931411497553,"TOTAL_PARENT_EQUITY":8476396000,"DEBT_ASSET_RATIO":42.2861343216,"OPERATE_PROFIT":3484560000,"PRETAX_PROFIT":3184970000,"NETCASH_OPERATE":1999311000,"NETCASH_INVEST":-3780713000,"NETCASH_FINANCE":4583634000,"END_CASH":4426170000,"DIVI_RATIO":0.178767145348,"DIVIDEND_RATE":3.709949409781,"CURRENT_RATIO":1.818256032146,"COMMON_ACS":null,"CURRENTDEBT_DEBT":55.072176794196,"ISSUED_COMMON_SHARES":1555931350,"HK_COMMON_SHARES":550694291,"PER_SHARES":200,"TOTAL_MARKET_CAP":9226672905.5,"HKSK_MARKET_CAP":3265617145.63,"PE_TTM":6.424218154512,"PB_TTM":0.88288762525,"REPORT_DATE_SQ":"2021-12-31 00:00:00","REPORT_TYPE_SQ":"2021年年报","OPERATE_INCOME_SQ":12449318000,"DPS_HKD":0.22,"OPERATE_INCOME_QOQ_SQ":15.287464436036,"NET_PROFIT_RATIO_SQ":10.1207391441,"HOLDER_PROFIT_SQ":1099508000,"HOLDER_PROFIT_QOQ_SQ":56.070598188203,"ROE_AVG_SQ":48.560615529479,"PE_TTM_SQ":13.625110421097,"PB_TTM_SQ":1.065758253393,"ROA_SQ":13.606221370064,"START_DATE":"2022-01-01 00:00:00","FISCAL_YEAR":"12-31","CURRENCY":"HKD","IS_CNY_CODE":0,"DPS_HKD_LY":null,"ORG_TYPE":"一般企业","PREMIUM_INCOME":null,"PREMIUM_INCOME_YOY":null,"NET_INTEREST_INCOME":null,"NET_INTEREST_INCOME_YOY":null,"FEE_COMMISSION_INCOME":null,"FEE_COMMISSION_INCOME_YOY":null,"ACCOUNTS_RECE_TDAYS":16.879125625367,"INVENTORY_TDAYS":12.982956515847,"CURRENT_ASSETS_TDAYS":2.715993000632,"TOTAL_ASSETS_TDAYS":1.104384382078,"PREMIUM_EXPENSE":null,"LOAN_DEPOSIT":null,"LOAN_EQUITY":null,"LOAN_ASSETS":null,"DEPOSIT_EQUITY":null,"DEPOSIT_ASSETS":null,"EQUITY_MULTIPLIER":1.732685877554,"EQUITY_RATIO":1.0396632012},{"SECUCODE":"02245.HK","SECURITY_CODE":"02245","SECURITY_NAME_ABBR":"力勤资源","ORG_CODE":"10000293847","STD_REPORT_DATE":"2022-06-30 00:00:00","REPORT_DATE":"2022-06-30 00:00:00","DATE_TYPE_CODE":"002","REPORT_TYPE":"2022年中报","PER_NETCASH_OPERATE":1.249476956887,"PER_OI":7.572103304904,"BPS":3.005453935998,"BASIC_EPS":1.02,"DILUTED_EPS":1.02,"OPERATE_INCOME":9978283000,"OPERATE_INCOME_YOY":144.0700821811,"GROSS_PROFIT":3084202000,"GROSS_PROFIT_YOY":773.988914329759,"HOLDER_PROFIT":1350119000,"HOLDER_PROFIT_YOY":1468.9389097417,"GROSS_PROFIT_RATIO":30.909145391046,"EPS_TTM":1.793617849562,"OPERATE_INCOME_QOQ":47.311804550257,"NET_PROFIT_RATIO":22.9460619628,"ROE_AVG":34.553413461182,"GROSS_PROFIT_QOQ":180.17438822952,"ROA":9.184255573535,"HOLDER_PROFIT_QOQ":114.96651229459,"ROE_YEARLY":69.106826922363,"ROIC_YEARLY":27.155415702965,"TOTAL_ASSETS":17119328000,"TOTAL_LIABILITIES":9337557000,"TAX_EBT":4.300739095489,"OCF_SALES":16.501055341886,"TOTAL_PARENT_EQUITY":4676280000,"DEBT_ASSET_RATIO":54.5439458839,"OPERATE_PROFIT":2555749000,"PRETAX_PROFIT":2392519000,"NETCASH_OPERATE":1646522000,"NETCASH_INVEST":-1845021000,"NETCASH_FINANCE":1679830000,"END_CASH":2959391000,"DIVI_RATIO":0.111154335383,"DIVIDEND_RATE":3.709949409781,"CURRENT_RATIO":1.411103905535,"COMMON_ACS":null,"CURRENTDEBT_DEBT":57.37005942775,"ISSUED_COMMON_SHARES":1555931350,"HK_COMMON_SHARES":550694291,"PER_SHARES":200,"TOTAL_MARKET_CAP":9226672905.5,"HKSK_MARKET_CAP":3265617145.63,"PE_TTM":6.424218154512,"PB_TTM":0.88288762525,"REPORT_DATE_SQ":"2021-06-30 00:00:00","REPORT_TYPE_SQ":"2021年中报","OPERATE_INCOME_SQ":4088286000,"DPS_HKD":0.22,"OPERATE_INCOME_QOQ_SQ":0,"NET_PROFIT_RATIO_SQ":2.1758751712,"HOLDER_PROFIT_SQ":86053000,"HOLDER_PROFIT_QOQ_SQ":0,"ROE_AVG_SQ":null,"PE_TTM_SQ":13.625110421097,"PB_TTM_SQ":1.065758253393,"ROA_SQ":null,"START_DATE":"2022-01-01 00:00:00","FISCAL_YEAR":"12-31","CURRENCY":"HKD","IS_CNY_CODE":0,"DPS_HKD_LY":null,"ORG_TYPE":"一般企业","PREMIUM_INCOME":null,"PREMIUM_INCOME_YOY":null,"NET_INTEREST_INCOME":null,"NET_INTEREST_INCOME_YOY":null,"FEE_COMMISSION_INCOME":null,"FEE_COMMISSION_INCOME_YOY":null,"ACCOUNTS_RECE_TDAYS":6.901985319344,"INVENTORY_TDAYS":6.258953675753,"CURRENT_ASSETS_TDAYS":1.635411305013,"TOTAL_ASSETS_TDAYS":0.67877795407,"PREMIUM_EXPENSE":null,"LOAN_DEPOSIT":null,"LOAN_EQUITY":null,"LOAN_ASSETS":null,"DEPOSIT_EQUITY":null,"DEPOSIT_ASSETS":null,"EQUITY_MULTIPLIER":2.199926983204,"EQUITY_RATIO":1.996791680567},{"SECUCODE":"02245.HK","SECURITY_CODE":"02245","SECURITY_NAME_ABBR":"力勤资源","ORG_CODE":"10000293847","STD_REPORT_DATE":"2021-12-31 00:00:00","REPORT_DATE":"2021-12-31 00:00:00","DATE_TYPE_CODE":"001","REPORT_TYPE":"2021年年报","PER_NETCASH_OPERATE":0.615677709826,"PER_OI":9.44726883088,"BPS":2.017054287132,"BASIC_EPS":1.69,"DILUTED_EPS":1.69,"OPERATE_INCOME":12449318000,"OPERATE_INCOME_YOY":60.5291899318,"GROSS_PROFIT":1515928000,"GROSS_PROFIT_YOY":59.125983169214,"HOLDER_PROFIT":1099508000,"HOLDER_PROFIT_YOY":111.3804320242,"GROSS_PROFIT_RATIO":12.176795548158,"EPS_TTM":0.834370819165,"OPERATE_INCOME_QOQ":15.287464436036,"NET_PROFIT_RATIO":10.1207391441,"ROE_AVG":48.560615529479,"GROSS_PROFIT_QOQ":23.77327186833,"ROA":13.606221370064,"HOLDER_PROFIT_QOQ":56.070598188203,"ROE_YEARLY":48.560615529479,"ROIC_YEARLY":17.656648217651,"TOTAL_ASSETS":12281400000,"TOTAL_LIABILITIES":7107743000,"TAX_EBT":12.450100303168,"OCF_SALES":6.516991533191,"TOTAL_PARENT_EQUITY":3138398000,"DEBT_ASSET_RATIO":57.8740453043,"OPERATE_PROFIT":1419454000,"PRETAX_PROFIT":1439137000,"NETCASH_OPERATE":811321000,"NETCASH_INVEST":-643300000,"NETCASH_FINANCE":997235000,"END_CASH":1413298000,"DIVI_RATIO":0.238944598038,"DIVIDEND_RATE":3.709949409781,"CURRENT_RATIO":1.328178469072,"COMMON_ACS":null,"CURRENTDEBT_DEBT":49.188328840815,"ISSUED_COMMON_SHARES":1555931350,"HK_COMMON_SHARES":550694291,"PER_SHARES":200,"TOTAL_MARKET_CAP":9226672905.5,"HKSK_MARKET_CAP":3265617145.63,"PE_TTM":6.424218154512,"PB_TTM":0.88288762525,"REPORT_DATE_SQ":"2020-12-31 00:00:00","REPORT_TYPE_SQ":"2020年年报","OPERATE_INCOME_SQ":7755174000,"DPS_HKD":0.22,"OPERATE_INCOME_QOQ_SQ":-17.034193555151,"NET_PROFIT_RATIO_SQ":6.6837700869,"HOLDER_PROFIT_SQ":520156000,"HOLDER_PROFIT_QOQ_SQ":-8.032051826077,"ROE_AVG_SQ":41.050450077894,"PE_TTM_SQ":13.625110421097,"PB_TTM_SQ":1.065758253393,"ROA_SQ":12.562165579822,"START_DATE":"2021-01-01 00:00:00","FISCAL_YEAR":"12-31","CURRENCY":"HKD","IS_CNY_CODE":0,"DPS_HKD_LY":null,"ORG_TYPE":"一般企业","PREMIUM_INCOME":null,"PREMIUM_INCOME_YOY":null,"NET_INTEREST_INCOME":null,"NET_INTEREST_INCOME_YOY":null,"FEE_COMMISSION_INCOME":null,"FEE_COMMISSION_INCOME_YOY":null,"ACCOUNTS_RECE_TDAYS":15.81456188088,"INVENTORY_TDAYS":15.951314700057,"CURRENT_ASSETS_TDAYS":3.637686450775,"TOTAL_ASSETS_TDAYS":1.540581574798,"PREMIUM_EXPENSE":null,"LOAN_DEPOSIT":null,"LOAN_EQUITY":null,"LOAN_ASSETS":null,"DEPOSIT_EQUITY":null,"DEPOSIT_ASSETS":null,"EQUITY_MULTIPLIER":2.373833441221,"EQUITY_RATIO":2.264767884762},{"SECUCODE":"02245.HK","SECURITY_CODE":"02245","SECURITY_NAME_ABBR":"力勤资源","ORG_CODE":"10000293847","STD_REPORT_DATE":"2021-09-30 00:00:00","REPORT_DATE":"2021-09-30 00:00:00","DATE_TYPE_CODE":"004","REPORT_TYPE":"2021年三季报","PER_NETCASH_OPERATE":0.018312749198,"PER_OI":8.058998346786,"BPS":0.997635917549,"BASIC_EPS":0.8,"DILUTED_EPS":0.8,"OPERATE_INCOME":8287068000,"OPERATE_INCOME_YOY":58.0373248793,"GROSS_PROFIT":768759000,"GROSS_PROFIT_YOY":54.787015560066,"HOLDER_PROFIT":412110000,"HOLDER_PROFIT_YOY":80.9309309309,"GROSS_PROFIT_RATIO":9.276610255883,"EPS_TTM":0.685105513955,"OPERATE_INCOME_QOQ":39.242536660041,"NET_PROFIT_RATIO":5.0102279841,"ROE_AVG":28.013264682901,"GROSS_PROFIT_QOQ":28.562476185078,"ROA":8.619642959668,"HOLDER_PROFIT_QOQ":35.438983689509,"ROE_YEARLY":37.351019577201,"ROIC_YEARLY":9.583652606255,"TOTAL_ASSETS":5681671000,"TOTAL_LIABILITIES":4124268000,"TAX_EBT":22.628356117414,"OCF_SALES":0.227233564392,"TOTAL_PARENT_EQUITY":1552253000,"DEBT_ASSET_RATIO":72.5889971454,"OPERATE_PROFIT":null,"PRETAX_PROFIT":536632000,"NETCASH_OPERATE":18831000,"NETCASH_INVEST":-422207000,"NETCASH_FINANCE":844579000,"END_CASH":697731000,"DIVI_RATIO":0.291003934342,"DIVIDEND_RATE":3.709949409781,"CURRENT_RATIO":0.780136917911,"COMMON_ACS":null,"CURRENTDEBT_DEBT":99.804110693098,"ISSUED_COMMON_SHARES":1555931350,"HK_COMMON_SHARES":550694291,"PER_SHARES":200,"TOTAL_MARKET_CAP":9226672905.5,"HKSK_MARKET_CAP":3265617145.63,"PE_TTM":6.424218154512,"PB_TTM":0.88288762525,"REPORT_DATE_SQ":"2020-09-30 00:00:00","REPORT_TYPE_SQ":"2020年三季报","OPERATE_INCOME_SQ":5243741000,"DPS_HKD":0.22,"OPERATE_INCOME_QOQ_SQ":0,"NET_PROFIT_RATIO_SQ":4.3483459614,"HOLDER_PROFIT_SQ":227772000,"HOLDER_PROFIT_QOQ_SQ":0,"ROE_AVG_SQ":null,"PE_TTM_SQ":13.625110421097,"PB_TTM_SQ":1.065758253393,"ROA_SQ":null,"START_DATE":"2021-01-01 00:00:00","FISCAL_YEAR":"12-31","CURRENCY":"HKD","IS_CNY_CODE":0,"DPS_HKD_LY":null,"ORG_TYPE":"一般企业","PREMIUM_INCOME":null,"PREMIUM_INCOME_YOY":null,"NET_INTEREST_INCOME":null,"NET_INTEREST_INCOME_YOY":null,"FEE_COMMISSION_INCOME":null,"FEE_COMMISSION_INCOME_YOY":null,"ACCOUNTS_RECE_TDAYS":9.815097027958,"INVENTORY_TDAYS":15.96442233271,"CURRENT_ASSETS_TDAYS":3.062323329838,"TOTAL_ASSETS_TDAYS":1.733313128594,"PREMIUM_EXPENSE":null,"LOAN_DEPOSIT":null,"LOAN_EQUITY":null,"LOAN_ASSETS":null,"DEPOSIT_EQUITY":null,"DEPOSIT_ASSETS":null,"EQUITY_MULTIPLIER":3.6481700626,"EQUITY_RATIO":2.656956050335},{"SECUCODE":"02245.HK","SECURITY_CODE":"02245","SECURITY_NAME_ABBR":"力勤资源","ORG_CODE":"10000293847","STD_REPORT_DATE":"2021-06-30 00:00:00","REPORT_DATE":"2021-06-30 00:00:00","DATE_TYPE_CODE":"002","REPORT_TYPE":"2021年中报","PER_NETCASH_OPERATE":null,"PER_OI":null,"BPS":null,"BASIC_EPS":0.17,"DILUTED_EPS":0.17,"OPERATE_INCOME":4088286000,"OPERATE_INCOME_YOY":null,"GROSS_PROFIT":352888000,"GROSS_PROFIT_YOY":null,"HOLDER_PROFIT":86053000,"HOLDER_PROFIT_YOY":null,"GROSS_PROFIT_RATIO":8.631685748013,"EPS_TTM":1.023929133858,"OPERATE_INCOME_QOQ":0,"NET_PROFIT_RATIO":2.1758751712,"ROE_AVG":null,"GROSS_PROFIT_QOQ":0,"ROA":null,"HOLDER_PROFIT_QOQ":0,"ROE_YEARLY":null,"ROIC_YEARLY":null,"TOTAL_ASSETS":null,"TOTAL_LIABILITIES":null,"TAX_EBT":35.37381853582,"OCF_SALES":-11.111893835216,"TOTAL_PARENT_EQUITY":null,"DEBT_ASSET_RATIO":null,"OPERATE_PROFIT":216088000,"PRETAX_PROFIT":137647000,"NETCASH_OPERATE":-454286000,"NETCASH_INVEST":-379460000,"NETCASH_FINANCE":966620000,"END_CASH":388578000,"DIVI_RATIO":0.194709178016,"DIVIDEND_RATE":3.709949409781,"CURRENT_RATIO":null,"COMMON_ACS":null,"CURRENTDEBT_DEBT":null,"ISSUED_COMMON_SHARES":1555931350,"HK_COMMON_SHARES":550694291,"PER_SHARES":200,"TOTAL_MARKET_CAP":9226672905.5,"HKSK_MARKET_CAP":3265617145.63,"PE_TTM":6.424218154512,"PB_TTM":0.88288762525,"REPORT_DATE_SQ":"2020-06-30 00:00:00","REPORT_TYPE_SQ":"2020年中报","OPERATE_INCOME_SQ":null,"DPS_HKD":0.22,"OPERATE_INCOME_QOQ_SQ":0,"NET_PROFIT_RATIO_SQ":null,"HOLDER_PROFIT_SQ":null,"HOLDER_PROFIT_QOQ_SQ":0,"ROE_AVG_SQ":null,"PE_TTM_SQ":13.625110421097,"PB_TTM_SQ":1.065758253393,"ROA_SQ":null,"START_DATE":"2021-01-01 00:00:00","FISCAL_YEAR":"12-31","CURRENCY":"HKD","IS_CNY_CODE":0,"DPS_HKD_LY":null,"ORG_TYPE":"一般企业","PREMIUM_INCOME":null,"PREMIUM_INCOME_YOY":null,"NET_INTEREST_INCOME":null,"NET_INTEREST_INCOME_YOY":null,"FEE_COMMISSION_INCOME":null,"FEE_COMMISSION_INCOME_YOY":null,"ACCOUNTS_RECE_TDAYS":null,"INVENTORY_TDAYS":null,"CURRENT_ASSETS_TDAYS":3.714793256414,"TOTAL_ASSETS_TDAYS":2.107123879187,"PREMIUM_EXPENSE":null,"LOAN_DEPOSIT":null,"LOAN_EQUITY":null,"LOAN_ASSETS":null,"DEPOSIT_EQUITY":null,"DEPOSIT_ASSETS":null,"EQUITY_MULTIPLIER":null,"EQUITY_RATIO":null},{"SECUCODE":"02245.HK","SECURITY_CODE":"02245","SECURITY_NAME_ABBR":"力勤资源","ORG_CODE":"10000293847","STD_REPORT_DATE":"2020-12-31 00:00:00","REPORT_DATE":"2020-12-31 00:00:00","DATE_TYPE_CODE":"001","REPORT_TYPE":"2020年年报","PER_NETCASH_OPERATE":1.750604330709,"PER_OI":15.266090551181,"BPS":0.893353039001,"BASIC_EPS":1.02,"DILUTED_EPS":1.02,"OPERATE_INCOME":7755174000,"OPERATE_INCOME_YOY":-17.0341935552,"GROSS_PROFIT":952659000,"GROSS_PROFIT_YOY":-6.427849496268,"HOLDER_PROFIT":520156000,"HOLDER_PROFIT_YOY":-8.0320518261,"GROSS_PROFIT_RATIO":12.284173121067,"EPS_TTM":1.023929133858,"OPERATE_INCOME_QOQ":-17.034193555151,"NET_PROFIT_RATIO":6.6837700869,"ROE_AVG":41.050450077894,"GROSS_PROFIT_QOQ":-6.427849496268,"ROA":12.562165579822,"HOLDER_PROFIT_QOQ":-8.032051826077,"ROE_YEARLY":41.050450077894,"ROIC_YEARLY":13.284038791551,"TOTAL_ASSETS":3880442000,"TOTAL_LIABILITIES":2488387000,"TAX_EBT":25.994320412677,"OCF_SALES":11.467273332616,"TOTAL_PARENT_EQUITY":1389996000,"DEBT_ASSET_RATIO":64.1263804484,"OPERATE_PROFIT":810642000,"PRETAX_PROFIT":700403000,"NETCASH_OPERATE":889307000,"NETCASH_INVEST":-364796000,"NETCASH_FINANCE":-453180000,"END_CASH":256903000,"DIVI_RATIO":0.194709178016,"DIVIDEND_RATE":3.709949409781,"CURRENT_RATIO":0.888639295252,"COMMON_ACS":null,"CURRENTDEBT_DEBT":99.538978462755,"ISSUED_COMMON_SHARES":1555931350,"HK_COMMON_SHARES":550694291,"PER_SHARES":200,"TOTAL_MARKET_CAP":9226672905.5,"HKSK_MARKET_CAP":3265617145.63,"PE_TTM":6.424218154512,"PB_TTM":0.88288762525,"REPORT_DATE_SQ":"2019-12-31 00:00:00","REPORT_TYPE_SQ":"2019年年报","OPERATE_INCOME_SQ":9347434000,"DPS_HKD":0.22,"OPERATE_INCOME_QOQ_SQ":null,"NET_PROFIT_RATIO_SQ":6.0629045362,"HOLDER_PROFIT_SQ":565584000,"HOLDER_PROFIT_QOQ_SQ":null,"ROE_AVG_SQ":49.429136748492,"PE_TTM_SQ":13.625110421097,"PB_TTM_SQ":1.065758253393,"ROA_SQ":12.851643618567,"START_DATE":"2020-01-01 00:00:00","FISCAL_YEAR":"12-31","CURRENCY":"HKD","IS_CNY_CODE":0,"DPS_HKD_LY":null,"ORG_TYPE":"一般企业","PREMIUM_INCOME":null,"PREMIUM_INCOME_YOY":null,"NET_INTEREST_INCOME":null,"NET_INTEREST_INCOME_YOY":null,"FEE_COMMISSION_INCOME":null,"FEE_COMMISSION_INCOME_YOY":null,"ACCOUNTS_RECE_TDAYS":10.987521544197,"INVENTORY_TDAYS":13.228957204588,"CURRENT_ASSETS_TDAYS":2.939251525307,"TOTAL_ASSETS_TDAYS":1.872933886917,"PREMIUM_EXPENSE":null,"LOAN_DEPOSIT":null,"LOAN_EQUITY":null,"LOAN_ASSETS":null,"DEPOSIT_EQUITY":null,"DEPOSIT_ASSETS":null,"EQUITY_MULTIPLIER":2.787563709766,"EQUITY_RATIO":1.790211626508}],"count":11},"success":true,"message":"ok","code":0}