{"version":"f068ce8f43b34bc43477f63bb7e8f134","result":{"pages":2,"data":[{"SECUCODE":"02251.HK","SECURITY_CODE":"02251","SECURITY_NAME_ABBR":"鹰瞳科技-B","ORG_CODE":"10000162235","STD_REPORT_DATE":"2024-06-30 00:00:00","REPORT_DATE":"2024-06-30 00:00:00","DATE_TYPE_CODE":"002","REPORT_TYPE":"2024年中报","PER_NETCASH_OPERATE":-0.660300396031,"PER_OI":0.904816045858,"BPS":14.107195089054,"BASIC_EPS":-0.79,"DILUTED_EPS":-0.79,"OPERATE_INCOME":93710000,"OPERATE_INCOME_YOY":13.5851252091,"GROSS_PROFIT":53756000,"GROSS_PROFIT_YOY":4.656958180827,"HOLDER_PROFIT":-80502000,"HOLDER_PROFIT_YOY":-117.7495266432,"GROSS_PROFIT_RATIO":57.364208729058,"EPS_TTM":-1.699993993319,"OPERATE_INCOME_QOQ":5.495087368359,"NET_PROFIT_RATIO":-86.9576352577,"ROE_AVG":-5.37463801377,"GROSS_PROFIT_QOQ":1.911566093676,"ROA":-4.981126331529,"HOLDER_PROFIT_QOQ":-32.846159069817,"ROE_YEARLY":-10.74927602754,"ROIC_YEARLY":-18.906769629671,"TOTAL_ASSETS":1547369000,"TOTAL_LIABILITIES":75742000,"TAX_EBT":1.501269188928,"OCF_SALES":-72.976203180024,"TOTAL_PARENT_EQUITY":1455242000,"DEBT_ASSET_RATIO":4.894889325,"OPERATE_PROFIT":-82514000,"PRETAX_PROFIT":-82730000,"NETCASH_OPERATE":-68386000,"NETCASH_INVEST":-245952000,"NETCASH_FINANCE":-29689000,"END_CASH":547763000,"DIVI_RATIO":null,"DIVIDEND_RATE":null,"CURRENT_RATIO":16.46874140247,"COMMON_ACS":null,"CURRENTDEBT_DEBT":81.580893031607,"ISSUED_COMMON_SHARES":103156013,"HK_COMMON_SHARES":53005001,"PER_SHARES":100,"TOTAL_MARKET_CAP":1330712567.7,"HKSK_MARKET_CAP":683764512.9,"PE_TTM":-6.846862125558,"PB_TTM":0.834579228945,"REPORT_DATE_SQ":"2023-06-30 00:00:00","REPORT_TYPE_SQ":"2023年中报","OPERATE_INCOME_SQ":82502000,"DPS_HKD":null,"OPERATE_INCOME_QOQ_SQ":39.67639476671,"NET_PROFIT_RATIO_SQ":-49.7163705122,"HOLDER_PROFIT_SQ":-36970000,"HOLDER_PROFIT_QOQ_SQ":34.840530435604,"ROE_AVG_SQ":-2.237011251313,"PE_TTM_SQ":-10.767189004875,"PB_TTM_SQ":0.757293763176,"ROA_SQ":-2.104487790328,"START_DATE":"2024-01-01 00:00:00","FISCAL_YEAR":"12-31","CURRENCY":"HKD","IS_CNY_CODE":0,"DPS_HKD_LY":null,"ORG_TYPE":"一般企业","PREMIUM_INCOME":null,"PREMIUM_INCOME_YOY":null,"NET_INTEREST_INCOME":null,"NET_INTEREST_INCOME_YOY":null,"FEE_COMMISSION_INCOME":null,"FEE_COMMISSION_INCOME_YOY":null,"ACCOUNTS_RECE_TDAYS":1.359800912725,"INVENTORY_TDAYS":1.169425297449,"CURRENT_ASSETS_TDAYS":0.081503009071,"TOTAL_ASSETS_TDAYS":0.057983820095,"PREMIUM_EXPENSE":null,"LOAN_DEPOSIT":null,"LOAN_EQUITY":null,"LOAN_ASSETS":null,"DEPOSIT_EQUITY":null,"DEPOSIT_ASSETS":null,"EQUITY_MULTIPLIER":1.051468204918,"EQUITY_RATIO":0.052047700657},{"SECUCODE":"02251.HK","SECURITY_CODE":"02251","SECURITY_NAME_ABBR":"鹰瞳科技-B","ORG_CODE":"10000162235","STD_REPORT_DATE":"2023-12-31 00:00:00","REPORT_DATE":"2023-12-31 00:00:00","DATE_TYPE_CODE":"001","REPORT_TYPE":"2023年年报","PER_NETCASH_OPERATE":0.225658476232,"PER_OI":1.969372532038,"BPS":14.932556573314,"BASIC_EPS":-1.28,"DILUTED_EPS":-1.28,"OPERATE_INCOME":203964000,"OPERATE_INCOME_YOY":79.4557308393,"GROSS_PROFIT":125133000,"GROSS_PROFIT_YOY":124.043901740314,"HOLDER_PROFIT":-132533000,"HOLDER_PROFIT_YOY":26.3717826925,"GROSS_PROFIT_RATIO":61.350532446902,"EPS_TTM":-1.279671166425,"OPERATE_INCOME_QOQ":28.479641201371,"NET_PROFIT_RATIO":-71.4116216587,"ROE_AVG":-8.266500504599,"GROSS_PROFIT_QOQ":46.96458981737,"ROA":-7.739453824046,"HOLDER_PROFIT_QOQ":-12.996956236305,"ROE_YEARLY":-8.266500504599,"ROIC_YEARLY":-21.997726084467,"TOTAL_ASSETS":1684912000,"TOTAL_LIABILITIES":127128000,"TAX_EBT":0.140546692354,"OCF_SALES":11.458394618658,"TOTAL_PARENT_EQUITY":1540383000,"DEBT_ASSET_RATIO":7.5450824731,"OPERATE_PROFIT":-135698000,"PRETAX_PROFIT":-145859000,"NETCASH_OPERATE":23371000,"NETCASH_INVEST":-385141000,"NETCASH_FINANCE":-18531000,"END_CASH":891490000,"DIVI_RATIO":null,"DIVIDEND_RATE":null,"CURRENT_RATIO":11.628826981866,"COMMON_ACS":null,"CURRENTDEBT_DEBT":86.713391227739,"ISSUED_COMMON_SHARES":103156013,"HK_COMMON_SHARES":53005001,"PER_SHARES":100,"TOTAL_MARKET_CAP":1219304073.66,"HKSK_MARKET_CAP":626519111.82,"PE_TTM":-6.273636459232,"PB_TTM":0.764707479545,"REPORT_DATE_SQ":"2022-12-31 00:00:00","REPORT_TYPE_SQ":"2022年年报","OPERATE_INCOME_SQ":113657000,"DPS_HKD":null,"OPERATE_INCOME_QOQ_SQ":10.227812745488,"NET_PROFIT_RATIO_SQ":-160.7820019884,"HOLDER_PROFIT_SQ":-180003000,"HOLDER_PROFIT_QOQ_SQ":12.073993386121,"ROE_AVG_SQ":-10.326865667789,"PE_TTM_SQ":-8.779400265513,"PB_TTM_SQ":0.61748568382,"ROA_SQ":-9.906244462226,"START_DATE":"2023-01-01 00:00:00","FISCAL_YEAR":"12-31","CURRENCY":"HKD","IS_CNY_CODE":0,"DPS_HKD_LY":null,"ORG_TYPE":"一般企业","PREMIUM_INCOME":null,"PREMIUM_INCOME_YOY":null,"NET_INTEREST_INCOME":null,"NET_INTEREST_INCOME_YOY":null,"FEE_COMMISSION_INCOME":null,"FEE_COMMISSION_INCOME_YOY":null,"ACCOUNTS_RECE_TDAYS":2.842367106336,"INVENTORY_TDAYS":2.261846352485,"CURRENT_ASSETS_TDAYS":0.137918583245,"TOTAL_ASSETS_TDAYS":0.119107690897,"PREMIUM_EXPENSE":null,"LOAN_DEPOSIT":null,"LOAN_EQUITY":null,"LOAN_ASSETS":null,"DEPOSIT_EQUITY":null,"DEPOSIT_ASSETS":null,"EQUITY_MULTIPLIER":1.081608233233,"EQUITY_RATIO":0.082530124002},{"SECUCODE":"02251.HK","SECURITY_CODE":"02251","SECURITY_NAME_ABBR":"鹰瞳科技-B","ORG_CODE":"10000162235","STD_REPORT_DATE":"2023-06-30 00:00:00","REPORT_DATE":"2023-06-30 00:00:00","DATE_TYPE_CODE":"002","REPORT_TYPE":"2023年中报","PER_NETCASH_OPERATE":-0.925951915289,"PER_OI":0.796597304614,"BPS":15.890280676125,"BASIC_EPS":-0.36,"DILUTED_EPS":-0.36,"OPERATE_INCOME":82502000,"OPERATE_INCOME_YOY":120.5523030449,"GROSS_PROFIT":51364000,"GROSS_PROFIT_YOY":132.721670970957,"HOLDER_PROFIT":-36970000,"HOLDER_PROFIT_YOY":62.9128044621,"GROSS_PROFIT_RATIO":62.257884657342,"EPS_TTM":-1.132482864183,"OPERATE_INCOME_QOQ":39.67639476671,"NET_PROFIT_RATIO":-49.7163705122,"ROE_AVG":-2.237011251313,"GROSS_PROFIT_QOQ":52.44753992695,"ROA":-2.104487790328,"HOLDER_PROFIT_QOQ":34.840530435604,"ROE_YEARLY":-4.474022502627,"ROIC_YEARLY":-11.881939099036,"TOTAL_ASSETS":1773489000,"TOTAL_LIABILITIES":108440000,"TAX_EBT":-1.204076093661,"OCF_SALES":-116.238394220746,"TOTAL_PARENT_EQUITY":1639178000,"DEBT_ASSET_RATIO":6.1145008511,"OPERATE_PROFIT":-38782000,"PRETAX_PROFIT":-40529000,"NETCASH_OPERATE":-94926000,"NETCASH_INVEST":-301503000,"NETCASH_FINANCE":-2997000,"END_CASH":876360000,"DIVI_RATIO":null,"DIVIDEND_RATE":null,"CURRENT_RATIO":15.60812966697,"COMMON_ACS":null,"CURRENTDEBT_DEBT":83.236812984139,"ISSUED_COMMON_SHARES":103156013,"HK_COMMON_SHARES":53005001,"PER_SHARES":100,"TOTAL_MARKET_CAP":1219304073.66,"HKSK_MARKET_CAP":626519111.82,"PE_TTM":-6.273636459232,"PB_TTM":0.764707479545,"REPORT_DATE_SQ":"2022-06-30 00:00:00","REPORT_TYPE_SQ":"2022年中报","OPERATE_INCOME_SQ":37407000,"DPS_HKD":null,"OPERATE_INCOME_QOQ_SQ":-10.479158889053,"NET_PROFIT_RATIO_SQ":-266.4848825086,"HOLDER_PROFIT_SQ":-99684000,"HOLDER_PROFIT_QOQ_SQ":-43.528892129506,"ROE_AVG_SQ":-5.600570821792,"PE_TTM_SQ":-8.779400265513,"PB_TTM_SQ":0.61748568382,"ROA_SQ":-5.405263250646,"START_DATE":"2023-01-01 00:00:00","FISCAL_YEAR":"12-31","CURRENCY":"HKD","IS_CNY_CODE":0,"DPS_HKD_LY":null,"ORG_TYPE":"一般企业","PREMIUM_INCOME":null,"PREMIUM_INCOME_YOY":null,"NET_INTEREST_INCOME":null,"NET_INTEREST_INCOME_YOY":null,"FEE_COMMISSION_INCOME":null,"FEE_COMMISSION_INCOME_YOY":null,"ACCOUNTS_RECE_TDAYS":1.140743608534,"INVENTORY_TDAYS":0.740120984514,"CURRENT_ASSETS_TDAYS":0.05349215905,"TOTAL_ASSETS_TDAYS":0.04696360608,"PREMIUM_EXPENSE":null,"LOAN_DEPOSIT":null,"LOAN_EQUITY":null,"LOAN_ASSETS":null,"DEPOSIT_EQUITY":null,"DEPOSIT_ASSETS":null,"EQUITY_MULTIPLIER":1.065127212472,"EQUITY_RATIO":0.066155109451},{"SECUCODE":"02251.HK","SECURITY_CODE":"02251","SECURITY_NAME_ABBR":"鹰瞳科技-B","ORG_CODE":"10000162235","STD_REPORT_DATE":"2022-12-31 00:00:00","REPORT_DATE":"2022-12-31 00:00:00","DATE_TYPE_CODE":"001","REPORT_TYPE":"2022年年报","PER_NETCASH_OPERATE":-3.673363898562,"PER_OI":1.097414121482,"BPS":16.151506359595,"BASIC_EPS":-1.75,"DILUTED_EPS":-1.75,"OPERATE_INCOME":113657000,"OPERATE_INCOME_YOY":-1.323134892,"GROSS_PROFIT":55852000,"GROSS_PROFIT_YOY":-20.485186714312,"HOLDER_PROFIT":-180003000,"HOLDER_PROFIT_YOY":-26.1992231866,"GROSS_PROFIT_RATIO":49.140836024178,"EPS_TTM":-1.738017316215,"OPERATE_INCOME_QOQ":10.227812745488,"NET_PROFIT_RATIO":-160.7820019884,"ROE_AVG":-10.326865667789,"GROSS_PROFIT_QOQ":-7.848669339537,"ROA":-9.906244462226,"HOLDER_PROFIT_QOQ":12.073993386121,"ROE_YEARLY":-10.326865667789,"ROIC_YEARLY":-62.501367194621,"TOTAL_ASSETS":1739955000,"TOTAL_LIABILITIES":68593000,"TAX_EBT":null,"OCF_SALES":-334.729053203938,"TOTAL_PARENT_EQUITY":1666125000,"DEBT_ASSET_RATIO":3.942228391,"OPERATE_PROFIT":-181011000,"PRETAX_PROFIT":-182740000,"NETCASH_OPERATE":-380443000,"NETCASH_INVEST":-154427000,"NETCASH_FINANCE":-17143000,"END_CASH":1268250000,"DIVI_RATIO":null,"DIVIDEND_RATE":null,"CURRENT_RATIO":25.915379262352,"COMMON_ACS":null,"CURRENTDEBT_DEBT":94.273468138148,"ISSUED_COMMON_SHARES":103156013,"HK_COMMON_SHARES":53005001,"PER_SHARES":100,"TOTAL_MARKET_CAP":1219304073.66,"HKSK_MARKET_CAP":626519111.82,"PE_TTM":-6.273636459232,"PB_TTM":0.764707479545,"REPORT_DATE_SQ":"2021-12-31 00:00:00","REPORT_TYPE_SQ":"2021年年报","OPERATE_INCOME_SQ":115181000,"DPS_HKD":null,"OPERATE_INCOME_QOQ_SQ":27.078046735365,"NET_PROFIT_RATIO_SQ":-123.7417629644,"HOLDER_PROFIT_SQ":-142634000,"HOLDER_PROFIT_QOQ_SQ":-109.331063430098,"ROE_AVG_SQ":-12.802632441103,"PE_TTM_SQ":-8.779400265513,"PB_TTM_SQ":0.61748568382,"ROA_SQ":-12.243629636942,"START_DATE":"2022-01-01 00:00:00","FISCAL_YEAR":"12-31","CURRENCY":"HKD","IS_CNY_CODE":0,"DPS_HKD_LY":null,"ORG_TYPE":"一般企业","PREMIUM_INCOME":null,"PREMIUM_INCOME_YOY":null,"NET_INTEREST_INCOME":null,"NET_INTEREST_INCOME_YOY":null,"FEE_COMMISSION_INCOME":null,"FEE_COMMISSION_INCOME_YOY":null,"ACCOUNTS_RECE_TDAYS":2.321425653595,"INVENTORY_TDAYS":3.10329092178,"CURRENT_ASSETS_TDAYS":0.064551635146,"TOTAL_ASSETS_TDAYS":0.062549736773,"PREMIUM_EXPENSE":null,"LOAN_DEPOSIT":null,"LOAN_EQUITY":null,"LOAN_ASSETS":null,"DEPOSIT_EQUITY":null,"DEPOSIT_ASSETS":null,"EQUITY_MULTIPLIER":1.041040181601,"EQUITY_RATIO":0.041169179983},{"SECUCODE":"02251.HK","SECURITY_CODE":"02251","SECURITY_NAME_ABBR":"鹰瞳科技-B","ORG_CODE":"10000162235","STD_REPORT_DATE":"2022-06-30 00:00:00","REPORT_DATE":"2022-06-30 00:00:00","DATE_TYPE_CODE":"002","REPORT_TYPE":"2022年中报","PER_NETCASH_OPERATE":-1.153251824963,"PER_OI":0.361182945549,"BPS":16.865657651968,"BASIC_EPS":-0.98,"DILUTED_EPS":-0.98,"OPERATE_INCOME":37407000,"OPERATE_INCOME_YOY":-24.395173515,"GROSS_PROFIT":22071000,"GROSS_PROFIT_YOY":-30.381982777655,"HOLDER_PROFIT":-99684000,"HOLDER_PROFIT_YOY":-165.1381759183,"GROSS_PROFIT_RATIO":59.002325767904,"EPS_TTM":-1.976681738598,"OPERATE_INCOME_QOQ":-10.479158889053,"NET_PROFIT_RATIO":-266.4848825086,"ROE_AVG":-5.600570821792,"GROSS_PROFIT_QOQ":-13.712788827038,"ROA":-5.405263250646,"HOLDER_PROFIT_QOQ":-43.528892129506,"ROE_YEARLY":-11.201141643585,"ROIC_YEARLY":-119.929258051709,"TOTAL_ASSETS":1794228000,"TOTAL_LIABILITIES":54434000,"TAX_EBT":null,"OCF_SALES":-319.298527013661,"TOTAL_PARENT_EQUITY":1739794000,"DEBT_ASSET_RATIO":3.0338396235,"OPERATE_PROFIT":-99492000,"PRETAX_PROFIT":-99684000,"NETCASH_OPERATE":-119440000,"NETCASH_INVEST":-250232000,"NETCASH_FINANCE":-514000,"END_CASH":1421281000,"DIVI_RATIO":null,"DIVIDEND_RATE":null,"CURRENT_RATIO":34.321860355216,"COMMON_ACS":null,"CURRENTDEBT_DEBT":93.29830620568,"ISSUED_COMMON_SHARES":103156013,"HK_COMMON_SHARES":53005001,"PER_SHARES":100,"TOTAL_MARKET_CAP":1219304073.66,"HKSK_MARKET_CAP":626519111.82,"PE_TTM":-6.273636459232,"PB_TTM":0.764707479545,"REPORT_DATE_SQ":"2021-06-30 00:00:00","REPORT_TYPE_SQ":"2021年中报","OPERATE_INCOME_SQ":49477000,"DPS_HKD":null,"OPERATE_INCOME_QOQ_SQ":33.708030919927,"NET_PROFIT_RATIO_SQ":-75.7725811993,"HOLDER_PROFIT_SQ":-37597000,"HOLDER_PROFIT_QOQ_SQ":-2.327746741155,"ROE_AVG_SQ":-7.232382885201,"PE_TTM_SQ":-8.779400265513,"PB_TTM_SQ":0.61748568382,"ROA_SQ":-6.759497312166,"START_DATE":"2022-01-01 00:00:00","FISCAL_YEAR":"12-31","CURRENCY":"HKD","IS_CNY_CODE":0,"DPS_HKD_LY":null,"ORG_TYPE":"一般企业","PREMIUM_INCOME":null,"PREMIUM_INCOME_YOY":null,"NET_INTEREST_INCOME":null,"NET_INTEREST_INCOME_YOY":null,"FEE_COMMISSION_INCOME":null,"FEE_COMMISSION_INCOME_YOY":null,"ACCOUNTS_RECE_TDAYS":0.962151317566,"INVENTORY_TDAYS":1.568900255754,"CURRENT_ASSETS_TDAYS":0.020847213781,"TOTAL_ASSETS_TDAYS":0.020283564305,"PREMIUM_EXPENSE":null,"LOAN_DEPOSIT":null,"LOAN_EQUITY":null,"LOAN_ASSETS":null,"DEPOSIT_EQUITY":null,"DEPOSIT_ASSETS":null,"EQUITY_MULTIPLIER":1.031287612212,"EQUITY_RATIO":0.031287612212},{"SECUCODE":"02251.HK","SECURITY_CODE":"02251","SECURITY_NAME_ABBR":"鹰瞳科技-B","ORG_CODE":"10000162235","STD_REPORT_DATE":"2021-12-31 00:00:00","REPORT_DATE":"2021-12-31 00:00:00","DATE_TYPE_CODE":"001","REPORT_TYPE":"2021年年报","PER_NETCASH_OPERATE":-1.082312933821,"PER_OI":1.11212908951,"BPS":17.643043261085,"BASIC_EPS":-1.76,"DILUTED_EPS":-1.76,"OPERATE_INCOME":115181000,"OPERATE_INCOME_YOY":141.611428092,"GROSS_PROFIT":70241000,"GROSS_PROFIT_YOY":141.485887166088,"HOLDER_PROFIT":-142634000,"HOLDER_PROFIT_YOY":-78.149980016,"GROSS_PROFIT_RATIO":60.9831482623,"EPS_TTM":-1.377201279318,"OPERATE_INCOME_QOQ":27.078046735365,"NET_PROFIT_RATIO":-123.7417629644,"ROE_AVG":-12.802632441103,"GROSS_PROFIT_QOQ":12.784405658408,"ROA":-12.243629636942,"HOLDER_PROFIT_QOQ":-109.331063430098,"ROE_YEARLY":-12.802632441103,"ROIC_YEARLY":-167.463867657591,"TOTAL_ASSETS":1894177000,"TOTAL_LIABILITIES":74191000,"TAX_EBT":null,"OCF_SALES":-97.319002265999,"TOTAL_PARENT_EQUITY":1819986000,"DEBT_ASSET_RATIO":3.9167934148,"OPERATE_PROFIT":-142229000,"PRETAX_PROFIT":-142527000,"NETCASH_OPERATE":-112093000,"NETCASH_INVEST":-22006000,"NETCASH_FINANCE":1553008000,"END_CASH":1784648000,"DIVI_RATIO":null,"DIVIDEND_RATE":null,"CURRENT_RATIO":26.078633903718,"COMMON_ACS":null,"CURRENTDEBT_DEBT":95.390276448626,"ISSUED_COMMON_SHARES":103156013,"HK_COMMON_SHARES":53005001,"PER_SHARES":100,"TOTAL_MARKET_CAP":1219304073.66,"HKSK_MARKET_CAP":626519111.82,"PE_TTM":-6.273636459232,"PB_TTM":0.764707479545,"REPORT_DATE_SQ":"2020-12-31 00:00:00","REPORT_TYPE_SQ":"2020年年报","OPERATE_INCOME_SQ":47672000,"DPS_HKD":null,"OPERATE_INCOME_QOQ_SQ":56.738451421996,"NET_PROFIT_RATIO_SQ":-167.0288639033,"HOLDER_PROFIT_SQ":-80064000,"HOLDER_PROFIT_QOQ_SQ":8.118157405495,"ROE_AVG_SQ":-64.348490023911,"PE_TTM_SQ":-8.779400265513,"PB_TTM_SQ":0.61748568382,"ROA_SQ":-23.718379789134,"START_DATE":"2021-01-01 00:00:00","FISCAL_YEAR":"12-31","CURRENCY":"HKD","IS_CNY_CODE":0,"DPS_HKD_LY":null,"ORG_TYPE":"一般企业","PREMIUM_INCOME":null,"PREMIUM_INCOME_YOY":null,"NET_INTEREST_INCOME":null,"NET_INTEREST_INCOME_YOY":null,"FEE_COMMISSION_INCOME":null,"FEE_COMMISSION_INCOME_YOY":null,"ACCOUNTS_RECE_TDAYS":4.298760916623,"INVENTORY_TDAYS":7.99501867995,"CURRENT_ASSETS_TDAYS":0.102178300385,"TOTAL_ASSETS_TDAYS":0.098870781526,"PREMIUM_EXPENSE":null,"LOAN_DEPOSIT":null,"LOAN_EQUITY":null,"LOAN_ASSETS":null,"DEPOSIT_EQUITY":null,"DEPOSIT_ASSETS":null,"EQUITY_MULTIPLIER":1.040764599289,"EQUITY_RATIO":0.040764599288},{"SECUCODE":"02251.HK","SECURITY_CODE":"02251","SECURITY_NAME_ABBR":"鹰瞳科技-B","ORG_CODE":"10000162235","STD_REPORT_DATE":"2021-06-30 00:00:00","REPORT_DATE":"2021-06-30 00:00:00","DATE_TYPE_CODE":"002","REPORT_TYPE":"2021年中报","PER_NETCASH_OPERATE":-0.499537863537,"PER_OI":0.626441802459,"BPS":6.121533603669,"BASIC_EPS":-0.5,"DILUTED_EPS":-0.5,"OPERATE_INCOME":49477000,"OPERATE_INCOME_YOY":659.8986330825,"GROSS_PROFIT":31703000,"GROSS_PROFIT_YOY":2229.14707857623,"HOLDER_PROFIT":-37597000,"HOLDER_PROFIT_YOY":24.0817397977,"GROSS_PROFIT_RATIO":64.076237443661,"EPS_TTM":-0.862713817247,"OPERATE_INCOME_QOQ":33.708030919927,"NET_PROFIT_RATIO":-75.7725811993,"ROE_AVG":-7.232382885201,"GROSS_PROFIT_QOQ":36.004105520615,"ROA":-6.759497312166,"HOLDER_PROFIT_QOQ":-2.327746741155,"ROE_YEARLY":-14.464765770402,"ROIC_YEARLY":-92.718204181284,"TOTAL_ASSETS":676667000,"TOTAL_LIABILITIES":45194000,"TAX_EBT":-0.904344081391,"OCF_SALES":-79.74210239101,"TOTAL_PARENT_EQUITY":631473000,"DEBT_ASSET_RATIO":6.6789129661,"OPERATE_PROFIT":-37052000,"PRETAX_PROFIT":-37154000,"NETCASH_OPERATE":-39454000,"NETCASH_INVEST":-10642000,"NETCASH_FINANCE":250849000,"END_CASH":575285000,"DIVI_RATIO":null,"DIVIDEND_RATE":null,"CURRENT_RATIO":15.529744076753,"COMMON_ACS":null,"CURRENTDEBT_DEBT":90.868256848254,"ISSUED_COMMON_SHARES":103156013,"HK_COMMON_SHARES":53005001,"PER_SHARES":100,"TOTAL_MARKET_CAP":1219304073.66,"HKSK_MARKET_CAP":626519111.82,"PE_TTM":-6.273636459232,"PB_TTM":0.764707479545,"REPORT_DATE_SQ":"2020-06-30 00:00:00","REPORT_TYPE_SQ":"2020年中报","OPERATE_INCOME_SQ":6511000,"DPS_HKD":null,"OPERATE_INCOME_QOQ_SQ":0,"NET_PROFIT_RATIO_SQ":-749.1168791276,"HOLDER_PROFIT_SQ":-49523000,"HOLDER_PROFIT_QOQ_SQ":0,"ROE_AVG_SQ":null,"PE_TTM_SQ":-8.779400265513,"PB_TTM_SQ":0.61748568382,"ROA_SQ":null,"START_DATE":"2021-01-01 00:00:00","FISCAL_YEAR":"12-31","CURRENCY":"HKD","IS_CNY_CODE":0,"DPS_HKD_LY":null,"ORG_TYPE":"一般企业","PREMIUM_INCOME":null,"PREMIUM_INCOME_YOY":null,"NET_INTEREST_INCOME":null,"NET_INTEREST_INCOME_YOY":null,"FEE_COMMISSION_INCOME":null,"FEE_COMMISSION_INCOME_YOY":null,"ACCOUNTS_RECE_TDAYS":2.179507510682,"INVENTORY_TDAYS":5.071041369472,"CURRENT_ASSETS_TDAYS":0.094542730727,"TOTAL_ASSETS_TDAYS":0.088953812409,"PREMIUM_EXPENSE":null,"LOAN_DEPOSIT":null,"LOAN_EQUITY":null,"LOAN_ASSETS":null,"DEPOSIT_EQUITY":null,"DEPOSIT_ASSETS":null,"EQUITY_MULTIPLIER":1.071569172396,"EQUITY_RATIO":0.071569172395},{"SECUCODE":"02251.HK","SECURITY_CODE":"02251","SECURITY_NAME_ABBR":"鹰瞳科技-B","ORG_CODE":"10000162235","STD_REPORT_DATE":"2021-03-31 00:00:00","REPORT_DATE":"2021-03-31 00:00:00","DATE_TYPE_CODE":"003","REPORT_TYPE":"2021年一季报","PER_NETCASH_OPERATE":-0.174106666667,"PER_OI":0.295573333333,"BPS":4.040772688646,"BASIC_EPS":-0.16,"DILUTED_EPS":-0.16,"OPERATE_INCOME":22168000,"OPERATE_INCOME_YOY":980.3118908382,"GROSS_PROFIT":14757000,"GROSS_PROFIT_YOY":857.546201232033,"HOLDER_PROFIT":-12118000,"HOLDER_PROFIT_YOY":52.6529655388,"GROSS_PROFIT_RATIO":66.568928184771,"EPS_TTM":-0.88784,"OPERATE_INCOME_QOQ":42.196677294848,"NET_PROFIT_RATIO":-54.4523637676,"ROE_AVG":-2.937547421828,"GROSS_PROFIT_QOQ":57.431154811428,"ROA":-2.75881538043,"HOLDER_PROFIT_QOQ":16.831534772182,"ROE_YEARLY":-11.750189687313,"ROIC_YEARLY":-76.754497086395,"TOTAL_ASSETS":442740000,"TOTAL_LIABILITIES":25625000,"TAX_EBT":-0.382536382536,"OCF_SALES":-58.904727535186,"TOTAL_PARENT_EQUITY":416830000,"DEBT_ASSET_RATIO":5.7878212947,"OPERATE_PROFIT":null,"PRETAX_PROFIT":-12025000,"NETCASH_OPERATE":-13058000,"NETCASH_INVEST":-4393000,"NETCASH_FINANCE":19697000,"END_CASH":376968000,"DIVI_RATIO":null,"DIVIDEND_RATE":null,"CURRENT_RATIO":19.916266771129,"COMMON_ACS":null,"CURRENTDEBT_DEBT":79.695609756098,"ISSUED_COMMON_SHARES":103156013,"HK_COMMON_SHARES":53005001,"PER_SHARES":100,"TOTAL_MARKET_CAP":1219304073.66,"HKSK_MARKET_CAP":626519111.82,"PE_TTM":-6.273636459232,"PB_TTM":0.764707479545,"REPORT_DATE_SQ":"2020-03-31 00:00:00","REPORT_TYPE_SQ":"2020年一季报","OPERATE_INCOME_SQ":2052000,"DPS_HKD":null,"OPERATE_INCOME_QOQ_SQ":0,"NET_PROFIT_RATIO_SQ":-1234.9415204678,"HOLDER_PROFIT_SQ":-25594000,"HOLDER_PROFIT_QOQ_SQ":0,"ROE_AVG_SQ":null,"PE_TTM_SQ":-8.779400265513,"PB_TTM_SQ":0.61748568382,"ROA_SQ":null,"START_DATE":"2021-01-01 00:00:00","FISCAL_YEAR":"12-31","CURRENCY":"HKD","IS_CNY_CODE":0,"DPS_HKD_LY":null,"ORG_TYPE":"一般企业","PREMIUM_INCOME":null,"PREMIUM_INCOME_YOY":null,"NET_INTEREST_INCOME":null,"NET_INTEREST_INCOME_YOY":null,"FEE_COMMISSION_INCOME":null,"FEE_COMMISSION_INCOME_YOY":null,"ACCOUNTS_RECE_TDAYS":1.294141685397,"INVENTORY_TDAYS":3.942021276596,"CURRENT_ASSETS_TDAYS":0.054358047593,"TOTAL_ASSETS_TDAYS":0.050468245051,"PREMIUM_EXPENSE":null,"LOAN_DEPOSIT":null,"LOAN_EQUITY":null,"LOAN_ASSETS":null,"DEPOSIT_EQUITY":null,"DEPOSIT_ASSETS":null,"EQUITY_MULTIPLIER":1.061433897127,"EQUITY_RATIO":0.061475901447},{"SECUCODE":"02251.HK","SECURITY_CODE":"02251","SECURITY_NAME_ABBR":"鹰瞳科技-B","ORG_CODE":"10000162235","STD_REPORT_DATE":"2020-12-31 00:00:00","REPORT_DATE":"2020-12-31 00:00:00","DATE_TYPE_CODE":"001","REPORT_TYPE":"2020年年报","PER_NETCASH_OPERATE":-0.571413333333,"PER_OI":0.635626666667,"BPS":3.957229327969,"BASIC_EPS":-1.36,"DILUTED_EPS":-1.36,"OPERATE_INCOME":47672000,"OPERATE_INCOME_YOY":56.738451422,"GROSS_PROFIT":29087000,"GROSS_PROFIT_YOY":80.586080586081,"HOLDER_PROFIT":-80064000,"HOLDER_PROFIT_YOY":8.1181574055,"GROSS_PROFIT_RATIO":61.014851485149,"EPS_TTM":-1.06752,"OPERATE_INCOME_QOQ":56.738451421996,"NET_PROFIT_RATIO":-167.0288639033,"ROE_AVG":-64.348490023911,"GROSS_PROFIT_QOQ":80.586080586081,"ROA":-23.718379789134,"HOLDER_PROFIT_QOQ":8.118157405495,"ROE_YEARLY":-64.348490023911,"ROIC_YEARLY":-74.538116717172,"TOTAL_ASSETS":435753000,"TOTAL_LIABILITIES":27303000,"TAX_EBT":-0.473180149146,"OCF_SALES":-89.89763383118,"TOTAL_PARENT_EQUITY":408212000,"DEBT_ASSET_RATIO":6.2657055717,"OPERATE_PROFIT":-51913000,"PRETAX_PROFIT":-79251000,"NETCASH_OPERATE":-42856000,"NETCASH_INVEST":91695000,"NETCASH_FINANCE":240633000,"END_CASH":374698000,"DIVI_RATIO":null,"DIVIDEND_RATE":null,"CURRENT_RATIO":16.422965700056,"COMMON_ACS":null,"CURRENTDEBT_DEBT":91.191444163645,"ISSUED_COMMON_SHARES":103156013,"HK_COMMON_SHARES":53005001,"PER_SHARES":100,"TOTAL_MARKET_CAP":1219304073.66,"HKSK_MARKET_CAP":626519111.82,"PE_TTM":-6.273636459232,"PB_TTM":0.764707479545,"REPORT_DATE_SQ":"2019-12-31 00:00:00","REPORT_TYPE_SQ":"2019年年报","OPERATE_INCOME_SQ":30415000,"DPS_HKD":null,"OPERATE_INCOME_QOQ_SQ":null,"NET_PROFIT_RATIO_SQ":-286.5000821963,"HOLDER_PROFIT_SQ":-87138000,"HOLDER_PROFIT_QOQ_SQ":null,"ROE_AVG_SQ":54.67756812891,"PE_TTM_SQ":-8.779400265513,"PB_TTM_SQ":0.61748568382,"ROA_SQ":-36.403210106572,"START_DATE":"2020-01-01 00:00:00","FISCAL_YEAR":"12-31","CURRENCY":"HKD","IS_CNY_CODE":0,"DPS_HKD_LY":null,"ORG_TYPE":"一般企业","PREMIUM_INCOME":null,"PREMIUM_INCOME_YOY":null,"NET_INTEREST_INCOME":null,"NET_INTEREST_INCOME_YOY":null,"FEE_COMMISSION_INCOME":null,"FEE_COMMISSION_INCOME_YOY":null,"ACCOUNTS_RECE_TDAYS":2.644257703081,"INVENTORY_TDAYS":5.221972464175,"CURRENT_ASSETS_TDAYS":0.148502113582,"TOTAL_ASSETS_TDAYS":0.141224845287,"PREMIUM_EXPENSE":null,"LOAN_DEPOSIT":null,"LOAN_EQUITY":null,"LOAN_ASSETS":null,"DEPOSIT_EQUITY":null,"DEPOSIT_ASSETS":null,"EQUITY_MULTIPLIER":1.066845391112,"EQUITY_RATIO":0.066884364007}],"count":12},"success":true,"message":"ok","code":0}