{"version":"7941c8a4cc1df183073a3efde56eccc5","result":{"pages":4,"data":[{"SECUCODE":"02255.HK","SECURITY_CODE":"02255","SECURITY_NAME_ABBR":"海昌海洋公园","ORG_CODE":"10385005","STD_REPORT_DATE":"2024-06-30 00:00:00","REPORT_DATE":"2024-06-30 00:00:00","DATE_TYPE_CODE":"002","REPORT_TYPE":"2024年中报","PER_NETCASH_OPERATE":0.017912615747,"PER_OI":0.098570471144,"BPS":0.287667417385,"BASIC_EPS":-0.0104,"DILUTED_EPS":-0.0104,"OPERATE_INCOME":799801000,"OPERATE_INCOME_YOY":6.8214449325,"GROSS_PROFIT":194872000,"GROSS_PROFIT_YOY":-3.974139757659,"HOLDER_PROFIT":-84226000,"HOLDER_PROFIT_YOY":5.3534104956,"GROSS_PROFIT_RATIO":24.365060808876,"EPS_TTM":-0.02372380485,"OPERATE_INCOME_QOQ":2.811141530194,"NET_PROFIT_RATIO":-10.9018368319,"ROE_AVG":-3.546235456292,"GROSS_PROFIT_QOQ":-1.76301494136,"ROA":-0.742544612207,"HOLDER_PROFIT_QOQ":2.415098930847,"ROE_YEARLY":-7.092470912583,"ROIC_YEARLY":-1.728133421601,"TOTAL_ASSETS":11163031000,"TOTAL_LIABILITIES":8729532000,"TAX_EBT":-4.537934011126,"OCF_SALES":18.172395383352,"TOTAL_PARENT_EQUITY":2334134000,"DEBT_ASSET_RATIO":78.200374074,"OPERATE_PROFIT":85110000,"PRETAX_PROFIT":-83408000,"NETCASH_OPERATE":145343000,"NETCASH_INVEST":12290000,"NETCASH_FINANCE":-569136000,"END_CASH":1282298000,"DIVI_RATIO":null,"DIVIDEND_RATE":null,"CURRENT_RATIO":0.917312044359,"COMMON_ACS":10000000000,"CURRENTDEBT_DEBT":27.435376833489,"ISSUED_COMMON_SHARES":8114002000,"HK_COMMON_SHARES":8114002000,"PER_SHARES":1000,"TOTAL_MARKET_CAP":4381561080,"HKSK_MARKET_CAP":4381561080,"PE_TTM":-20.528684381373,"PB_TTM":1.71325346638,"REPORT_DATE_SQ":"2023-06-30 00:00:00","REPORT_TYPE_SQ":"2023年中报","OPERATE_INCOME_SQ":748727000,"DPS_HKD":null,"OPERATE_INCOME_QOQ_SQ":61.913168925633,"NET_PROFIT_RATIO_SQ":-11.3140036355,"HOLDER_PROFIT_SQ":-88990000,"HOLDER_PROFIT_QOQ_SQ":32.257214106057,"ROE_AVG_SQ":-3.476559592876,"PE_TTM_SQ":-5.994999261985,"PB_TTM_SQ":2.27815199618,"ROA_SQ":-0.853642720545,"START_DATE":"2024-01-01 00:00:00","FISCAL_YEAR":"12-31","CURRENCY":"HKD","IS_CNY_CODE":0,"DPS_HKD_LY":null,"ORG_TYPE":"一般企业","PREMIUM_INCOME":null,"PREMIUM_INCOME_YOY":null,"NET_INTEREST_INCOME":null,"NET_INTEREST_INCOME_YOY":null,"FEE_COMMISSION_INCOME":null,"FEE_COMMISSION_INCOME_YOY":null,"ACCOUNTS_RECE_TDAYS":10.977079644803,"INVENTORY_TDAYS":1.354931915079,"CURRENT_ASSETS_TDAYS":0.325448666315,"TOTAL_ASSETS_TDAYS":0.070511234463,"PREMIUM_EXPENSE":null,"LOAN_DEPOSIT":null,"LOAN_EQUITY":null,"LOAN_ASSETS":null,"DEPOSIT_EQUITY":null,"DEPOSIT_ASSETS":null,"EQUITY_MULTIPLIER":4.587234677304,"EQUITY_RATIO":3.739944664702},{"SECUCODE":"02255.HK","SECURITY_CODE":"02255","SECURITY_NAME_ABBR":"海昌海洋公园","ORG_CODE":"10385005","STD_REPORT_DATE":"2023-12-31 00:00:00","REPORT_DATE":"2023-12-31 00:00:00","DATE_TYPE_CODE":"001","REPORT_TYPE":"2023年年报","PER_NETCASH_OPERATE":0.065757686528,"PER_OI":0.223914413627,"BPS":0.297760587192,"BASIC_EPS":-0.0243,"DILUTED_EPS":-0.0243,"OPERATE_INCOME":1816842000,"OPERATE_INCOME_YOY":129.113429207,"GROSS_PROFIT":457455000,"GROSS_PROFIT_YOY":264.122370196033,"HOLDER_PROFIT":-197259000,"HOLDER_PROFIT_YOY":85.8687982257,"GROSS_PROFIT_RATIO":25.178579094935,"EPS_TTM":-0.024310938055,"OPERATE_INCOME_QOQ":41.503887995813,"NET_PROFIT_RATIO":-10.0122630366,"ROE_AVG":-7.828068924341,"GROSS_PROFIT_QOQ":589.426250508643,"ROA":-1.815238835192,"HOLDER_PROFIT_QOQ":79.139916394273,"ROE_YEARLY":-7.828068924341,"ROIC_YEARLY":-2.117436414058,"TOTAL_ASSETS":11522744000,"TOTAL_LIABILITIES":9004382000,"TAX_EBT":2.25519064609,"OCF_SALES":29.367330786056,"TOTAL_PARENT_EQUITY":2416030000,"DEBT_ASSET_RATIO":78.1444246266,"OPERATE_PROFIT":136476000,"PRETAX_PROFIT":-186104000,"NETCASH_OPERATE":533558000,"NETCASH_INVEST":-863930000,"NETCASH_FINANCE":809445000,"END_CASH":1695410000,"DIVI_RATIO":null,"DIVIDEND_RATE":null,"CURRENT_RATIO":0.932300166489,"COMMON_ACS":10000000000,"CURRENTDEBT_DEBT":32.378701836506,"ISSUED_COMMON_SHARES":8114002000,"HK_COMMON_SHARES":8114002000,"PER_SHARES":1000,"TOTAL_MARKET_CAP":4706121160,"HKSK_MARKET_CAP":4706121160,"PE_TTM":-22.049327668883,"PB_TTM":1.840161130556,"REPORT_DATE_SQ":"2022-12-31 00:00:00","REPORT_TYPE_SQ":"2022年年报","OPERATE_INCOME_SQ":792988000,"DPS_HKD":null,"OPERATE_INCOME_QOQ_SQ":-43.095099359039,"NET_PROFIT_RATIO_SQ":-177.6644791598,"HOLDER_PROFIT_SQ":-1395911000,"HOLDER_PROFIT_QOQ_SQ":-339.511030048883,"ROE_AVG_SQ":-43.6859114437,"PE_TTM_SQ":-7.572630646718,"PB_TTM_SQ":2.877665679385,"ROA_SQ":-12.731606774212,"START_DATE":"2023-01-01 00:00:00","FISCAL_YEAR":"12-31","CURRENCY":"HKD","IS_CNY_CODE":0,"DPS_HKD_LY":null,"ORG_TYPE":"一般企业","PREMIUM_INCOME":null,"PREMIUM_INCOME_YOY":null,"NET_INTEREST_INCOME":null,"NET_INTEREST_INCOME_YOY":null,"FEE_COMMISSION_INCOME":null,"FEE_COMMISSION_INCOME_YOY":null,"ACCOUNTS_RECE_TDAYS":38.736157601859,"INVENTORY_TDAYS":3.042464881173,"CURRENT_ASSETS_TDAYS":0.652894087021,"TOTAL_ASSETS_TDAYS":0.167191466843,"PREMIUM_EXPENSE":null,"LOAN_DEPOSIT":null,"LOAN_EQUITY":null,"LOAN_ASSETS":null,"DEPOSIT_EQUITY":null,"DEPOSIT_ASSETS":null,"EQUITY_MULTIPLIER":4.575491529805,"EQUITY_RATIO":3.726933026494},{"SECUCODE":"02255.HK","SECURITY_CODE":"02255","SECURITY_NAME_ABBR":"海昌海洋公园","ORG_CODE":"10385005","STD_REPORT_DATE":"2023-06-30 00:00:00","REPORT_DATE":"2023-06-30 00:00:00","DATE_TYPE_CODE":"002","REPORT_TYPE":"2023年中报","PER_NETCASH_OPERATE":0.028489394013,"PER_OI":0.09227592007,"BPS":0.307575965596,"BASIC_EPS":-0.011,"DILUTED_EPS":-0.011,"OPERATE_INCOME":748727000,"OPERATE_INCOME_YOY":190.4710916617,"GROSS_PROFIT":202937000,"GROSS_PROFIT_YOY":242.76860085547,"HOLDER_PROFIT":-88990000,"HOLDER_PROFIT_YOY":83.498123396,"GROSS_PROFIT_RATIO":27.104271650415,"EPS_TTM":-0.116542860108,"OPERATE_INCOME_QOQ":61.913168925633,"NET_PROFIT_RATIO":-11.3140036355,"ROE_AVG":-3.476559592876,"GROSS_PROFIT_QOQ":123.805645647369,"ROA":-0.853642720545,"HOLDER_PROFIT_QOQ":32.257214106057,"ROE_YEARLY":-6.953119185753,"ROIC_YEARLY":-2.00056505453,"TOTAL_ASSETS":10638547000,"TOTAL_LIABILITIES":8056026000,"TAX_EBT":12.267492439621,"OCF_SALES":30.874137035261,"TOTAL_PARENT_EQUITY":2495672000,"DEBT_ASSET_RATIO":75.724871075,"OPERATE_PROFIT":53024000,"PRETAX_PROFIT":-96556000,"NETCASH_OPERATE":231163000,"NETCASH_INVEST":-147966000,"NETCASH_FINANCE":343595000,"END_CASH":1653508000,"DIVI_RATIO":null,"DIVIDEND_RATE":null,"CURRENT_RATIO":1.245407893204,"COMMON_ACS":10000000000,"CURRENTDEBT_DEBT":30.369005760408,"ISSUED_COMMON_SHARES":8114002000,"HK_COMMON_SHARES":8114002000,"PER_SHARES":1000,"TOTAL_MARKET_CAP":4706121160,"HKSK_MARKET_CAP":4706121160,"PE_TTM":-22.049327668883,"PB_TTM":1.840161130556,"REPORT_DATE_SQ":"2022-06-30 00:00:00","REPORT_TYPE_SQ":"2022年中报","OPERATE_INCOME_SQ":257763000,"DPS_HKD":null,"OPERATE_INCOME_QOQ_SQ":-43.356962848549,"NET_PROFIT_RATIO_SQ":-212.7826724549,"HOLDER_PROFIT_SQ":-539272000,"HOLDER_PROFIT_QOQ_SQ":-31.015409817826,"ROE_AVG_SQ":-14.878402131698,"PE_TTM_SQ":-7.572630646718,"PB_TTM_SQ":2.877665679385,"ROA_SQ":-4.75979589804,"START_DATE":"2023-01-01 00:00:00","FISCAL_YEAR":"12-31","CURRENCY":"HKD","IS_CNY_CODE":0,"DPS_HKD_LY":null,"ORG_TYPE":"一般企业","PREMIUM_INCOME":null,"PREMIUM_INCOME_YOY":null,"NET_INTEREST_INCOME":null,"NET_INTEREST_INCOME_YOY":null,"FEE_COMMISSION_INCOME":null,"FEE_COMMISSION_INCOME_YOY":null,"ACCOUNTS_RECE_TDAYS":11.445012572704,"INVENTORY_TDAYS":1.224495290273,"CURRENT_ASSETS_TDAYS":0.254050598594,"TOTAL_ASSETS_TDAYS":0.071822154537,"PREMIUM_EXPENSE":null,"LOAN_DEPOSIT":null,"LOAN_EQUITY":null,"LOAN_ASSETS":null,"DEPOSIT_EQUITY":null,"DEPOSIT_ASSETS":null,"EQUITY_MULTIPLIER":4.119442591179,"EQUITY_RATIO":3.227998711369},{"SECUCODE":"02255.HK","SECURITY_CODE":"02255","SECURITY_NAME_ABBR":"海昌海洋公园","ORG_CODE":"10385005","STD_REPORT_DATE":"2022-12-31 00:00:00","REPORT_DATE":"2022-12-31 00:00:00","DATE_TYPE_CODE":"001","REPORT_TYPE":"2022年年报","PER_NETCASH_OPERATE":0.000152452514,"PER_OI":0.097730811503,"BPS":0.323361640778,"BASIC_EPS":-0.1731,"DILUTED_EPS":-0.1731,"OPERATE_INCOME":792988000,"OPERATE_INCOME_YOY":-67.7673359889,"GROSS_PROFIT":-278728000,"GROSS_PROFIT_YOY":-138.644326287841,"HOLDER_PROFIT":-1395911000,"HOLDER_PROFIT_YOY":-265.2257025203,"GROSS_PROFIT_RATIO":-35.14908170111,"EPS_TTM":-0.172037300459,"OPERATE_INCOME_QOQ":-43.095099359039,"NET_PROFIT_RATIO":-177.6644791598,"ROE_AVG":-43.6859114437,"GROSS_PROFIT_QOQ":-427.965453539953,"ROA":-12.731606774212,"HOLDER_PROFIT_QOQ":-339.511030048883,"ROE_YEARLY":-43.6859114437,"ROIC_YEARLY":-16.081128243712,"TOTAL_ASSETS":10210925000,"TOTAL_LIABILITIES":7534598000,"TAX_EBT":0.671959525913,"OCF_SALES":0.155992272266,"TOTAL_PARENT_EQUITY":2623757000,"DEBT_ASSET_RATIO":73.7895734226,"OPERATE_PROFIT":-1103525000,"PRETAX_PROFIT":-1418389000,"NETCASH_OPERATE":1237000,"NETCASH_INVEST":-1645960000,"NETCASH_FINANCE":-338339000,"END_CASH":1225695000,"DIVI_RATIO":null,"DIVIDEND_RATE":null,"CURRENT_RATIO":1.078153215152,"COMMON_ACS":10000000000,"CURRENTDEBT_DEBT":35.051359077153,"ISSUED_COMMON_SHARES":8114002000,"HK_COMMON_SHARES":8114002000,"PER_SHARES":1000,"TOTAL_MARKET_CAP":4706121160,"HKSK_MARKET_CAP":4706121160,"PE_TTM":-22.049327668883,"PB_TTM":1.840161130556,"REPORT_DATE_SQ":"2021-12-31 00:00:00","REPORT_TYPE_SQ":"2021年年报","OPERATE_INCOME_SQ":2460200000,"DPS_HKD":null,"OPERATE_INCOME_QOQ_SQ":13.523677683567,"NET_PROFIT_RATIO_SQ":33.9093569628,"HOLDER_PROFIT_SQ":844851000,"HOLDER_PROFIT_QOQ_SQ":199.071146801255,"ROE_AVG_SQ":25.245556334637,"PE_TTM_SQ":-7.572630646718,"PB_TTM_SQ":2.877665679385,"ROA_SQ":6.005301234965,"START_DATE":"2022-01-01 00:00:00","FISCAL_YEAR":"12-31","CURRENCY":"HKD","IS_CNY_CODE":0,"DPS_HKD_LY":null,"ORG_TYPE":"一般企业","PREMIUM_INCOME":null,"PREMIUM_INCOME_YOY":null,"NET_INTEREST_INCOME":null,"NET_INTEREST_INCOME_YOY":null,"FEE_COMMISSION_INCOME":null,"FEE_COMMISSION_INCOME_YOY":null,"ACCOUNTS_RECE_TDAYS":13.833438001535,"INVENTORY_TDAYS":4.170928861369,"CURRENT_ASSETS_TDAYS":0.246067896528,"TOTAL_ASSETS_TDAYS":0.072325609531,"PREMIUM_EXPENSE":null,"LOAN_DEPOSIT":null,"LOAN_EQUITY":null,"LOAN_ASSETS":null,"DEPOSIT_EQUITY":null,"DEPOSIT_ASSETS":null,"EQUITY_MULTIPLIER":3.815275562368,"EQUITY_RATIO":2.871682857826},{"SECUCODE":"02255.HK","SECURITY_CODE":"02255","SECURITY_NAME_ABBR":"海昌海洋公园","ORG_CODE":"10385005","STD_REPORT_DATE":"2022-06-30 00:00:00","REPORT_DATE":"2022-06-30 00:00:00","DATE_TYPE_CODE":"002","REPORT_TYPE":"2022年中报","PER_NETCASH_OPERATE":-0.039372925962,"PER_OI":0.063535355303,"BPS":0.429152716502,"BASIC_EPS":-0.0673,"DILUTED_EPS":-0.0673,"OPERATE_INCOME":257763000,"OPERATE_INCOME_YOY":-80.5378309629,"GROSS_PROFIT":-142144000,"GROSS_PROFIT_YOY":-128.766286068152,"HOLDER_PROFIT":-539272000,"HOLDER_PROFIT_YOY":-94.5159033033,"GROSS_PROFIT_RATIO":-55.145230308462,"EPS_TTM":0.143657100405,"OPERATE_INCOME_QOQ":-43.356962848549,"NET_PROFIT_RATIO":-212.7826724549,"ROE_AVG":-14.878402131698,"GROSS_PROFIT_QOQ":-88.21695216044,"ROA":-4.75979589804,"HOLDER_PROFIT_QOQ":-31.015409817826,"ROE_YEARLY":-29.756804263395,"ROIC_YEARLY":-12.45317836369,"TOTAL_ASSETS":10942107000,"TOTAL_LIABILITIES":7405607000,"TAX_EBT":-0.103667228197,"OCF_SALES":-61.970104320636,"TOTAL_PARENT_EQUITY":3482146000,"DEBT_ASSET_RATIO":67.6798993101,"OPERATE_PROFIT":-394172000,"PRETAX_PROFIT":-547907000,"NETCASH_OPERATE":-159736000,"NETCASH_INVEST":-974447000,"NETCASH_FINANCE":-74913000,"END_CASH":1995452000,"DIVI_RATIO":null,"DIVIDEND_RATE":null,"CURRENT_RATIO":0.873634047788,"COMMON_ACS":10000000000,"CURRENTDEBT_DEBT":46.280757269458,"ISSUED_COMMON_SHARES":8114002000,"HK_COMMON_SHARES":8114002000,"PER_SHARES":1000,"TOTAL_MARKET_CAP":4706121160,"HKSK_MARKET_CAP":4706121160,"PE_TTM":-22.049327668883,"PB_TTM":1.840161130556,"REPORT_DATE_SQ":"2021-06-30 00:00:00","REPORT_TYPE_SQ":"2021年中报","OPERATE_INCOME_SQ":1324431000,"DPS_HKD":null,"OPERATE_INCOME_QOQ_SQ":85.50626507633,"NET_PROFIT_RATIO_SQ":-21.0177804657,"HOLDER_PROFIT_SQ":-277238000,"HOLDER_PROFIT_QOQ_SQ":41.254459620415,"ROE_AVG_SQ":-9.950384106835,"PE_TTM_SQ":-7.572630646718,"PB_TTM_SQ":2.877665679385,"ROA_SQ":-1.743886603025,"START_DATE":"2022-01-01 00:00:00","FISCAL_YEAR":"12-31","CURRENCY":"HKD","IS_CNY_CODE":0,"DPS_HKD_LY":null,"ORG_TYPE":"一般企业","PREMIUM_INCOME":null,"PREMIUM_INCOME_YOY":null,"NET_INTEREST_INCOME":null,"NET_INTEREST_INCOME_YOY":null,"FEE_COMMISSION_INCOME":null,"FEE_COMMISSION_INCOME_YOY":null,"ACCOUNTS_RECE_TDAYS":3.741144710774,"INVENTORY_TDAYS":5.405280835851,"CURRENT_ASSETS_TDAYS":0.078202824383,"TOTAL_ASSETS_TDAYS":0.02275102861,"PREMIUM_EXPENSE":null,"LOAN_DEPOSIT":null,"LOAN_EQUITY":null,"LOAN_ASSETS":null,"DEPOSIT_EQUITY":null,"DEPOSIT_ASSETS":null,"EQUITY_MULTIPLIER":3.094049766721,"EQUITY_RATIO":2.126736500997},{"SECUCODE":"02255.HK","SECURITY_CODE":"02255","SECURITY_NAME_ABBR":"海昌海洋公园","ORG_CODE":"10385005","STD_REPORT_DATE":"2021-12-31 00:00:00","REPORT_DATE":"2021-12-31 00:00:00","DATE_TYPE_CODE":"001","REPORT_TYPE":"2021年年报","PER_NETCASH_OPERATE":0.05526425,"PER_OI":0.61505,"BPS":0.464248345021,"BASIC_EPS":0.1056,"DILUTED_EPS":0.1056,"OPERATE_INCOME":2460200000,"OPERATE_INCOME_YOY":110.5935344481,"GROSS_PROFIT":721265000,"GROSS_PROFIT_YOY":658.017097984604,"HOLDER_PROFIT":844851000,"HOLDER_PROFIT_YOY":158.1998805486,"GROSS_PROFIT_RATIO":29.317331924234,"EPS_TTM":0.21121275,"OPERATE_INCOME_QOQ":13.523677683567,"NET_PROFIT_RATIO":33.9093569628,"ROE_AVG":25.245556334637,"GROSS_PROFIT_QOQ":25.594001563689,"ROA":6.005301234965,"HOLDER_PROFIT_QOQ":199.071146801255,"ROE_YEARLY":25.245556334637,"ROIC_YEARLY":7.548588086897,"TOTAL_ASSETS":11717352000,"TOTAL_LIABILITIES":7886883000,"TAX_EBT":30.31576995395,"OCF_SALES":8.985326396228,"TOTAL_PARENT_EQUITY":3766912000,"DEBT_ASSET_RATIO":67.3094313459,"OPERATE_PROFIT":1767879000,"PRETAX_PROFIT":1197169000,"NETCASH_OPERATE":221057000,"NETCASH_INVEST":3236018000,"NETCASH_FINANCE":-2594721000,"END_CASH":3202605000,"DIVI_RATIO":null,"DIVIDEND_RATE":null,"CURRENT_RATIO":1.070585354227,"COMMON_ACS":10000000000,"CURRENTDEBT_DEBT":42.611041649787,"ISSUED_COMMON_SHARES":8114002000,"HK_COMMON_SHARES":8114002000,"PER_SHARES":1000,"TOTAL_MARKET_CAP":4706121160,"HKSK_MARKET_CAP":4706121160,"PE_TTM":-22.049327668883,"PB_TTM":1.840161130556,"REPORT_DATE_SQ":"2020-12-31 00:00:00","REPORT_TYPE_SQ":"2020年年报","OPERATE_INCOME_SQ":1168222000,"DPS_HKD":null,"OPERATE_INCOME_QOQ_SQ":-42.743197145546,"NET_PROFIT_RATIO_SQ":-126.555911462,"HOLDER_PROFIT_SQ":-1451637000,"HOLDER_PROFIT_QOQ_SQ":-91.627405347108,"ROE_AVG_SQ":-39.74991815959,"PE_TTM_SQ":-7.572630646718,"PB_TTM_SQ":2.877665679385,"ROA_SQ":-8.720992108322,"START_DATE":"2021-01-01 00:00:00","FISCAL_YEAR":"12-31","CURRENCY":"HKD","IS_CNY_CODE":0,"DPS_HKD_LY":null,"ORG_TYPE":"一般企业","PREMIUM_INCOME":null,"PREMIUM_INCOME_YOY":null,"NET_INTEREST_INCOME":null,"NET_INTEREST_INCOME_YOY":null,"FEE_COMMISSION_INCOME":null,"FEE_COMMISSION_INCOME_YOY":null,"ACCOUNTS_RECE_TDAYS":21.020433447114,"INVENTORY_TDAYS":6.853810135662,"CURRENT_ASSETS_TDAYS":0.667946612598,"TOTAL_ASSETS_TDAYS":0.174873937514,"PREMIUM_EXPENSE":null,"LOAN_DEPOSIT":null,"LOAN_EQUITY":null,"LOAN_ASSETS":null,"DEPOSIT_EQUITY":null,"DEPOSIT_ASSETS":null,"EQUITY_MULTIPLIER":3.058986249462,"EQUITY_RATIO":2.09372637322},{"SECUCODE":"02255.HK","SECURITY_CODE":"02255","SECURITY_NAME_ABBR":"海昌海洋公园","ORG_CODE":"10385005","STD_REPORT_DATE":"2021-06-30 00:00:00","REPORT_DATE":"2021-06-30 00:00:00","DATE_TYPE_CODE":"002","REPORT_TYPE":"2021年中报","PER_NETCASH_OPERATE":0.0757545,"PER_OI":0.33110775,"BPS":0.326134132084,"BASIC_EPS":-0.07,"DILUTED_EPS":-0.07,"OPERATE_INCOME":1324431000,"OPERATE_INCOME_YOY":306.8562458529,"GROSS_PROFIT":494134000,"GROSS_PROFIT_YOY":335.971614677848,"HOLDER_PROFIT":-277238000,"HOLDER_PROFIT_YOY":68.3555472359,"GROSS_PROFIT_RATIO":37.309153893257,"EPS_TTM":-0.213193,"OPERATE_INCOME_QOQ":85.50626507633,"NET_PROFIT_RATIO":-21.0177804657,"ROE_AVG":-9.950384106835,"GROSS_PROFIT_QOQ":544.302348071641,"ROA":-1.743886603025,"HOLDER_PROFIT_QOQ":41.254459620415,"ROE_YEARLY":-19.90076821367,"ROIC_YEARLY":-4.033457541803,"TOTAL_ASSETS":15375928000,"TOTAL_LIABILITIES":12656633000,"TAX_EBT":-100.731200784563,"OCF_SALES":22.879108084906,"TOTAL_PARENT_EQUITY":2646253000,"DEBT_ASSET_RATIO":82.314595906,"OPERATE_PROFIT":168865000,"PRETAX_PROFIT":-138676000,"NETCASH_OPERATE":303018000,"NETCASH_INVEST":-222070000,"NETCASH_FINANCE":-717892000,"END_CASH":1708445000,"DIVI_RATIO":null,"DIVIDEND_RATE":null,"CURRENT_RATIO":0.585772199424,"COMMON_ACS":10000000000,"CURRENTDEBT_DEBT":39.706112992294,"ISSUED_COMMON_SHARES":8114002000,"HK_COMMON_SHARES":8114002000,"PER_SHARES":1000,"TOTAL_MARKET_CAP":4706121160,"HKSK_MARKET_CAP":4706121160,"PE_TTM":-22.049327668883,"PB_TTM":1.840161130556,"REPORT_DATE_SQ":"2020-06-30 00:00:00","REPORT_TYPE_SQ":"2020年中报","OPERATE_INCOME_SQ":325528000,"DPS_HKD":null,"OPERATE_INCOME_QOQ_SQ":-27.18292064897,"NET_PROFIT_RATIO_SQ":-273.606878671,"HOLDER_PROFIT_SQ":-876103000,"HOLDER_PROFIT_QOQ_SQ":-3120.45853269538,"ROE_AVG_SQ":-22.237852319693,"PE_TTM_SQ":-7.572630646718,"PB_TTM_SQ":2.877665679385,"ROA_SQ":-5.234227753309,"START_DATE":"2021-01-01 00:00:00","FISCAL_YEAR":"12-31","CURRENCY":"HKD","IS_CNY_CODE":0,"DPS_HKD_LY":null,"ORG_TYPE":"一般企业","PREMIUM_INCOME":null,"PREMIUM_INCOME_YOY":null,"NET_INTEREST_INCOME":null,"NET_INTEREST_INCOME_YOY":null,"FEE_COMMISSION_INCOME":null,"FEE_COMMISSION_INCOME_YOY":null,"ACCOUNTS_RECE_TDAYS":8.194012398382,"INVENTORY_TDAYS":2.306057066995,"CURRENT_ASSETS_TDAYS":0.394626189527,"TOTAL_ASSETS_TDAYS":0.083309556321,"PREMIUM_EXPENSE":null,"LOAN_DEPOSIT":null,"LOAN_EQUITY":null,"LOAN_ASSETS":null,"DEPOSIT_EQUITY":null,"DEPOSIT_ASSETS":null,"EQUITY_MULTIPLIER":5.654380271352,"EQUITY_RATIO":4.782850694926},{"SECUCODE":"02255.HK","SECURITY_CODE":"02255","SECURITY_NAME_ABBR":"海昌海洋公园","ORG_CODE":"10385005","STD_REPORT_DATE":"2020-12-31 00:00:00","REPORT_DATE":"2020-12-31 00:00:00","DATE_TYPE_CODE":"001","REPORT_TYPE":"2020年年报","PER_NETCASH_OPERATE":0.02939225,"PER_OI":0.2920555,"BPS":0.360630303024,"BASIC_EPS":-0.3629,"DILUTED_EPS":-0.3629,"OPERATE_INCOME":1168222000,"OPERATE_INCOME_YOY":-58.3072684316,"GROSS_PROFIT":-129255000,"GROSS_PROFIT_YOY":-110.055679469236,"HOLDER_PROFIT":-1451637000,"HOLDER_PROFIT_YOY":-5888.0263157895,"GROSS_PROFIT_RATIO":-11.064249774444,"EPS_TTM":-0.36290925,"OPERATE_INCOME_QOQ":-42.743197145546,"NET_PROFIT_RATIO":-126.555911462,"ROE_AVG":-39.74991815959,"GROSS_PROFIT_QOQ":-119.038241450061,"ROA":-8.720992108322,"HOLDER_PROFIT_QOQ":-91.627405347108,"ROE_YEARLY":-39.74991815959,"ROIC_YEARLY":-10.286942831964,"TOTAL_ASSETS":16419488000,"TOTAL_LIABILITIES":13419163000,"TAX_EBT":2.574652806379,"OCF_SALES":10.063926205807,"TOTAL_PARENT_EQUITY":2926155000,"DEBT_ASSET_RATIO":81.7270489798,"OPERATE_PROFIT":-920161000,"PRETAX_PROFIT":-1517525000,"NETCASH_OPERATE":117569000,"NETCASH_INVEST":-413300000,"NETCASH_FINANCE":210813000,"END_CASH":2345492000,"DIVI_RATIO":null,"DIVIDEND_RATE":null,"CURRENT_RATIO":0.687472830335,"COMMON_ACS":10000000000,"CURRENTDEBT_DEBT":40.85021547171,"ISSUED_COMMON_SHARES":8114002000,"HK_COMMON_SHARES":8114002000,"PER_SHARES":1000,"TOTAL_MARKET_CAP":4706121160,"HKSK_MARKET_CAP":4706121160,"PE_TTM":-22.049327668883,"PB_TTM":1.840161130556,"REPORT_DATE_SQ":"2019-12-31 00:00:00","REPORT_TYPE_SQ":"2019年年报","OPERATE_INCOME_SQ":2801980000,"DPS_HKD":null,"OPERATE_INCOME_QOQ_SQ":26.325366332652,"NET_PROFIT_RATIO_SQ":1.1132484886,"HOLDER_PROFIT_SQ":25080000,"HOLDER_PROFIT_QOQ_SQ":118.445516592139,"ROE_AVG_SQ":0.574564325947,"PE_TTM_SQ":-7.572630646718,"PB_TTM_SQ":2.877665679385,"ROA_SQ":0.152097337687,"START_DATE":"2020-01-01 00:00:00","FISCAL_YEAR":"12-31","CURRENCY":"HKD","IS_CNY_CODE":0,"DPS_HKD_LY":null,"ORG_TYPE":"一般企业","PREMIUM_INCOME":null,"PREMIUM_INCOME_YOY":null,"NET_INTEREST_INCOME":null,"NET_INTEREST_INCOME_YOY":null,"FEE_COMMISSION_INCOME":null,"FEE_COMMISSION_INCOME_YOY":null,"ACCOUNTS_RECE_TDAYS":6.153232730242,"INVENTORY_TDAYS":3.166787075863,"CURRENT_ASSETS_TDAYS":0.323346867681,"TOTAL_ASSETS_TDAYS":0.070183212764,"PREMIUM_EXPENSE":null,"LOAN_DEPOSIT":null,"LOAN_EQUITY":null,"LOAN_ASSETS":null,"DEPOSIT_EQUITY":null,"DEPOSIT_ASSETS":null,"EQUITY_MULTIPLIER":5.472569804924,"EQUITY_RATIO":4.585937176944},{"SECUCODE":"02255.HK","SECURITY_CODE":"02255","SECURITY_NAME_ABBR":"海昌海洋公园","ORG_CODE":"10385005","STD_REPORT_DATE":"2020-06-30 00:00:00","REPORT_DATE":"2020-06-30 00:00:00","DATE_TYPE_CODE":"002","REPORT_TYPE":"2020年中报","PER_NETCASH_OPERATE":0.009082,"PER_OI":0.081382,"BPS":0.431561515514,"BASIC_EPS":-0.219,"DILUTED_EPS":-0.219,"OPERATE_INCOME":325528000,"OPERATE_INCOME_YOY":-70.0578004908,"GROSS_PROFIT":-209404000,"GROSS_PROFIT_YOY":-152.737831997703,"HOLDER_PROFIT":-876103000,"HOLDER_PROFIT_YOY":-837.088734865,"GROSS_PROFIT_RATIO":-64.327492565924,"EPS_TTM":-0.18938275,"OPERATE_INCOME_QOQ":-27.18292064897,"NET_PROFIT_RATIO":-273.606878671,"ROE_AVG":-22.237852319693,"GROSS_PROFIT_QOQ":-47.181679066247,"ROA":-5.234227753309,"HOLDER_PROFIT_QOQ":-3120.45853269538,"ROE_YEARLY":-44.475704639385,"ROIC_YEARLY":-12.451162734015,"TOTAL_ASSETS":16604771000,"TOTAL_LIABILITIES":13016657000,"TAX_EBT":4.271866364722,"OCF_SALES":11.159715907695,"TOTAL_PARENT_EQUITY":3501691000,"DEBT_ASSET_RATIO":78.3910660376,"OPERATE_PROFIT":-606625000,"PRETAX_PROFIT":-930413000,"NETCASH_OPERATE":36328000,"NETCASH_INVEST":-115151000,"NETCASH_FINANCE":252032000,"END_CASH":2603859000,"DIVI_RATIO":null,"DIVIDEND_RATE":null,"CURRENT_RATIO":0.68214049715,"COMMON_ACS":10000000000,"CURRENTDEBT_DEBT":40.260974841697,"ISSUED_COMMON_SHARES":8114002000,"HK_COMMON_SHARES":8114002000,"PER_SHARES":1000,"TOTAL_MARKET_CAP":4706121160,"HKSK_MARKET_CAP":4706121160,"PE_TTM":-22.049327668883,"PB_TTM":1.840161130556,"REPORT_DATE_SQ":"2019-06-30 00:00:00","REPORT_TYPE_SQ":"2019年中报","OPERATE_INCOME_SQ":1087188000,"DPS_HKD":null,"OPERATE_INCOME_QOQ_SQ":23.903434168065,"NET_PROFIT_RATIO_SQ":-8.403606368,"HOLDER_PROFIT_SQ":-93492000,"HOLDER_PROFIT_QOQ_SQ":-443.718084837454,"ROE_AVG_SQ":-2.171395100217,"PE_TTM_SQ":-7.572630646718,"PB_TTM_SQ":2.877665679385,"ROA_SQ":-0.573365002553,"START_DATE":"2020-01-01 00:00:00","FISCAL_YEAR":"12-31","CURRENCY":"HKD","IS_CNY_CODE":0,"DPS_HKD_LY":null,"ORG_TYPE":"一般企业","PREMIUM_INCOME":null,"PREMIUM_INCOME_YOY":null,"NET_INTEREST_INCOME":null,"NET_INTEREST_INCOME_YOY":null,"FEE_COMMISSION_INCOME":null,"FEE_COMMISSION_INCOME_YOY":null,"ACCOUNTS_RECE_TDAYS":1.596104956325,"INVENTORY_TDAYS":1.359265141216,"CURRENT_ASSETS_TDAYS":0.09258341247,"TOTAL_ASSETS_TDAYS":0.019448485989,"PREMIUM_EXPENSE":null,"LOAN_DEPOSIT":null,"LOAN_EQUITY":null,"LOAN_ASSETS":null,"DEPOSIT_EQUITY":null,"DEPOSIT_ASSETS":null,"EQUITY_MULTIPLIER":4.627715563109,"EQUITY_RATIO":3.717248894891}],"count":28},"success":true,"message":"ok","code":0}