{"version":"484a106e4180b714b434f040831a73f8","result":{"pages":2,"data":[{"SECUCODE":"02258.HK","SECURITY_CODE":"02258","SECURITY_NAME_ABBR":"华滋国际海洋","ORG_CODE":"10939511","STD_REPORT_DATE":"2024-06-30 00:00:00","REPORT_DATE":"2024-06-30 00:00:00","DATE_TYPE_CODE":"002","REPORT_TYPE":"2024年中报","PER_NETCASH_OPERATE":-0.153686697359,"PER_OI":0.866498667313,"BPS":0.773511024958,"BASIC_EPS":-0.1512,"DILUTED_EPS":-0.1512,"OPERATE_INCOME":715208000,"OPERATE_INCOME_YOY":-31.135178438,"GROSS_PROFIT":44334000,"GROSS_PROFIT_YOY":-37.259952167329,"HOLDER_PROFIT":-123868000,"HOLDER_PROFIT_YOY":-1132.0613231128,"GROSS_PROFIT_RATIO":6.198756166038,"EPS_TTM":-0.127356433244,"OPERATE_INCOME_QOQ":-15.08434094641,"NET_PROFIT_RATIO":-17.3191575038,"ROE_AVG":-17.815646005582,"GROSS_PROFIT_QOQ":-15.169358230539,"ROA":-3.977652597959,"HOLDER_PROFIT_QOQ":-441.853658536585,"ROE_YEARLY":-35.631292011164,"ROIC_YEARLY":-8.693773941032,"TOTAL_ASSETS":2989175000,"TOTAL_LIABILITIES":2350719000,"TAX_EBT":-24.913526214415,"OCF_SALES":-17.736518607174,"TOTAL_PARENT_EQUITY":638456000,"DEBT_ASSET_RATIO":78.6410631696,"OPERATE_PROFIT":-89789000,"PRETAX_PROFIT":-99163000,"NETCASH_OPERATE":-126853000,"NETCASH_INVEST":38806000,"NETCASH_FINANCE":103989000,"END_CASH":271452000,"DIVI_RATIO":-0.07257932532,"DIVIDEND_RATE":6.144578313253,"CURRENT_RATIO":1.122733921307,"COMMON_ACS":10000000000,"CURRENTDEBT_DEBT":91.962246444598,"ISSUED_COMMON_SHARES":825400000,"HK_COMMON_SHARES":825400000,"PER_SHARES":2000,"TOTAL_MARKET_CAP":137016400,"HKSK_MARKET_CAP":137016400,"PE_TTM":-1.193476284811,"PB_TTM":0.195866477803,"REPORT_DATE_SQ":"2023-06-30 00:00:00","REPORT_TYPE_SQ":"2023年中报","OPERATE_INCOME_SQ":1038568000,"DPS_HKD":0.0102,"OPERATE_INCOME_QOQ_SQ":0.699167955444,"NET_PROFIT_RATIO_SQ":1.1556296747,"HOLDER_PROFIT_SQ":12002000,"HOLDER_PROFIT_QOQ_SQ":-12.174330208872,"ROE_AVG_SQ":1.636609210802,"PE_TTM_SQ":6.775288897481,"PB_TTM_SQ":0.216386488933,"ROA_SQ":0.360282312201,"START_DATE":"2024-01-01 00:00:00","FISCAL_YEAR":"12-31","CURRENCY":"HKD","IS_CNY_CODE":0,"DPS_HKD_LY":0.0102,"ORG_TYPE":"一般企业","PREMIUM_INCOME":null,"PREMIUM_INCOME_YOY":null,"NET_INTEREST_INCOME":null,"NET_INTEREST_INCOME_YOY":null,"FEE_COMMISSION_INCOME":null,"FEE_COMMISSION_INCOME_YOY":null,"ACCOUNTS_RECE_TDAYS":0.444291075732,"INVENTORY_TDAYS":55.889865455909,"CURRENT_ASSETS_TDAYS":0.283175048883,"TOTAL_ASSETS_TDAYS":0.229667788233,"PREMIUM_EXPENSE":null,"LOAN_DEPOSIT":null,"LOAN_EQUITY":null,"LOAN_ASSETS":null,"DEPOSIT_EQUITY":null,"DEPOSIT_ASSETS":null,"EQUITY_MULTIPLIER":4.681880975352,"EQUITY_RATIO":3.681880975353},{"SECUCODE":"02258.HK","SECURITY_CODE":"02258","SECURITY_NAME_ABBR":"华滋国际海洋","ORG_CODE":"10939511","STD_REPORT_DATE":"2023-12-31 00:00:00","REPORT_DATE":"2023-12-31 00:00:00","DATE_TYPE_CODE":"001","REPORT_TYPE":"2023年年报","PER_NETCASH_OPERATE":-0.271485340441,"PER_OI":2.597140780228,"BPS":0.911190937727,"BASIC_EPS":0.0375,"DILUTED_EPS":0.0375,"OPERATE_INCOME":2143680000,"OPERATE_INCOME_YOY":3.2795178285,"GROSS_PROFIT":173567000,"GROSS_PROFIT_YOY":1.426434323247,"HOLDER_PROFIT":30750000,"HOLDER_PROFIT_YOY":13.4770093734,"GROSS_PROFIT_RATIO":8.096684206598,"EPS_TTM":0.037254664405,"OPERATE_INCOME_QOQ":2.562434154561,"NET_PROFIT_RATIO":1.4344491715,"ROE_AVG":4.144866801504,"GROSS_PROFIT_QOQ":7.928266290255,"ROA":0.920611962956,"HOLDER_PROFIT_QOQ":29.207109542418,"ROE_YEARLY":4.144866801504,"ROIC_YEARLY":1.045459822979,"TOTAL_ASSETS":3239021000,"TOTAL_LIABILITIES":2486924000,"TAX_EBT":39.143857982545,"OCF_SALES":-10.453239289446,"TOTAL_PARENT_EQUITY":752097000,"DEBT_ASSET_RATIO":76.7801134973,"OPERATE_PROFIT":67015000,"PRETAX_PROFIT":50529000,"NETCASH_OPERATE":-224084000,"NETCASH_INVEST":2611000,"NETCASH_FINANCE":-63206000,"END_CASH":255754000,"DIVI_RATIO":0.248115078946,"DIVIDEND_RATE":5.1,"CURRENT_RATIO":1.151778303967,"COMMON_ACS":10000000000,"CURRENTDEBT_DEBT":91.616591419762,"ISSUED_COMMON_SHARES":825400000,"HK_COMMON_SHARES":825400000,"PER_SHARES":2000,"TOTAL_MARKET_CAP":165080000,"HKSK_MARKET_CAP":165080000,"PE_TTM":-1.437923234712,"PB_TTM":0.235983708196,"REPORT_DATE_SQ":"2022-12-31 00:00:00","REPORT_TYPE_SQ":"2022年年报","OPERATE_INCOME_SQ":2075610000,"DPS_HKD":0.0102,"OPERATE_INCOME_QOQ_SQ":-10.776416819484,"NET_PROFIT_RATIO_SQ":1.3055439124,"HOLDER_PROFIT_SQ":27098000,"HOLDER_PROFIT_QOQ_SQ":-29.05725580543,"ROE_AVG_SQ":3.776656311454,"PE_TTM_SQ":6.418694744982,"PB_TTM_SQ":0.204997726358,"ROA_SQ":0.799720460838,"START_DATE":"2023-01-01 00:00:00","FISCAL_YEAR":"12-31","CURRENCY":"HKD","IS_CNY_CODE":0,"DPS_HKD_LY":0.0092,"ORG_TYPE":"一般企业","PREMIUM_INCOME":null,"PREMIUM_INCOME_YOY":null,"NET_INTEREST_INCOME":null,"NET_INTEREST_INCOME_YOY":null,"FEE_COMMISSION_INCOME":null,"FEE_COMMISSION_INCOME_YOY":null,"ACCOUNTS_RECE_TDAYS":1.389919633276,"INVENTORY_TDAYS":170.757356446371,"CURRENT_ASSETS_TDAYS":0.812906205668,"TOTAL_ASSETS_TDAYS":0.641787789512,"PREMIUM_EXPENSE":null,"LOAN_DEPOSIT":null,"LOAN_EQUITY":null,"LOAN_ASSETS":null,"DEPOSIT_EQUITY":null,"DEPOSIT_ASSETS":null,"EQUITY_MULTIPLIER":4.306653264148,"EQUITY_RATIO":3.30665326414},{"SECUCODE":"02258.HK","SECURITY_CODE":"02258","SECURITY_NAME_ABBR":"华滋国际海洋","ORG_CODE":"10939511","STD_REPORT_DATE":"2023-06-30 00:00:00","REPORT_DATE":"2023-06-30 00:00:00","DATE_TYPE_CODE":"002","REPORT_TYPE":"2023年中报","PER_NETCASH_OPERATE":-0.141295129634,"PER_OI":1.258260237461,"BPS":0.890507632663,"BASIC_EPS":0.0147,"DILUTED_EPS":0.0147,"OPERATE_INCOME":1038568000,"OPERATE_INCOME_YOY":1.4171100018,"GROSS_PROFIT":70663000,"GROSS_PROFIT_YOY":-12.731561527442,"HOLDER_PROFIT":12002000,"HOLDER_PROFIT_YOY":-21.5606823083,"GROSS_PROFIT_RATIO":6.803887660702,"EPS_TTM":0.028833292949,"OPERATE_INCOME_QOQ":0.699167955444,"NET_PROFIT_RATIO":1.1556296747,"ROE_AVG":1.636609210802,"GROSS_PROFIT_QOQ":-6.024216074705,"ROA":0.360282312201,"HOLDER_PROFIT_QOQ":-12.174330208872,"ROE_YEARLY":3.273218421603,"ROIC_YEARLY":0.837632025013,"TOTAL_ASSETS":3221235000,"TOTAL_LIABILITIES":2486210000,"TAX_EBT":32.142251371064,"OCF_SALES":-11.229404333659,"TOTAL_PARENT_EQUITY":735025000,"DEBT_ASSET_RATIO":77.181888313,"OPERATE_PROFIT":29718000,"PRETAX_PROFIT":17687000,"NETCASH_OPERATE":-116625000,"NETCASH_INVEST":3695000,"NETCASH_FINANCE":-36209000,"END_CASH":389168000,"DIVI_RATIO":0.320582321845,"DIVIDEND_RATE":5.1,"CURRENT_RATIO":1.079239999522,"COMMON_ACS":10000000000,"CURRENTDEBT_DEBT":90.835729886052,"ISSUED_COMMON_SHARES":825400000,"HK_COMMON_SHARES":825400000,"PER_SHARES":2000,"TOTAL_MARKET_CAP":165080000,"HKSK_MARKET_CAP":165080000,"PE_TTM":-1.437923234712,"PB_TTM":0.235983708196,"REPORT_DATE_SQ":"2022-06-30 00:00:00","REPORT_TYPE_SQ":"2022年中报","OPERATE_INCOME_SQ":1024056000,"DPS_HKD":0.0102,"OPERATE_INCOME_QOQ_SQ":2.807300226845,"NET_PROFIT_RATIO_SQ":1.4941565696,"HOLDER_PROFIT_SQ":15301000,"HOLDER_PROFIT_QOQ_SQ":-18.836853512388,"ROE_AVG_SQ":2.168455289162,"PE_TTM_SQ":6.418694744982,"PB_TTM_SQ":0.204997726358,"ROA_SQ":0.466647625841,"START_DATE":"2023-01-01 00:00:00","FISCAL_YEAR":"12-31","CURRENCY":"HKD","IS_CNY_CODE":0,"DPS_HKD_LY":0.0092,"ORG_TYPE":"一般企业","PREMIUM_INCOME":null,"PREMIUM_INCOME_YOY":null,"NET_INTEREST_INCOME":null,"NET_INTEREST_INCOME_YOY":null,"FEE_COMMISSION_INCOME":null,"FEE_COMMISSION_INCOME_YOY":null,"ACCOUNTS_RECE_TDAYS":0.78228336463,"INVENTORY_TDAYS":36.423692776638,"CURRENT_ASSETS_TDAYS":0.408307782187,"TOTAL_ASSETS_TDAYS":0.311762773219,"PREMIUM_EXPENSE":null,"LOAN_DEPOSIT":null,"LOAN_EQUITY":null,"LOAN_ASSETS":null,"DEPOSIT_EQUITY":null,"DEPOSIT_ASSETS":null,"EQUITY_MULTIPLIER":4.382483588989,"EQUITY_RATIO":3.382483588994},{"SECUCODE":"02258.HK","SECURITY_CODE":"02258","SECURITY_NAME_ABBR":"华滋国际海洋","ORG_CODE":"10939511","STD_REPORT_DATE":"2022-12-31 00:00:00","REPORT_DATE":"2022-12-31 00:00:00","DATE_TYPE_CODE":"001","REPORT_TYPE":"2022年年报","PER_NETCASH_OPERATE":0.02408529198,"PER_OI":2.51467167434,"BPS":0.886438090623,"BASIC_EPS":0.0331,"DILUTED_EPS":0.0331,"OPERATE_INCOME":2075610000,"OPERATE_INCOME_YOY":-8.2716429665,"GROSS_PROFIT":171126000,"GROSS_PROFIT_YOY":-17.636017095992,"HOLDER_PROFIT":27098000,"HOLDER_PROFIT_YOY":-42.420636607,"GROSS_PROFIT_RATIO":8.24461242719,"EPS_TTM":0.032830142961,"OPERATE_INCOME_QOQ":-10.776416819484,"NET_PROFIT_RATIO":1.3055439124,"ROE_AVG":3.776656311454,"GROSS_PROFIT_QOQ":-14.563446099772,"ROA":0.799720460838,"HOLDER_PROFIT_QOQ":-29.05725580543,"ROE_YEARLY":3.776656311454,"ROIC_YEARLY":0.935565506503,"TOTAL_ASSETS":3441318000,"TOTAL_LIABILITIES":2709652000,"TAX_EBT":32.459310585479,"OCF_SALES":0.957790721764,"TOTAL_PARENT_EQUITY":731666000,"DEBT_ASSET_RATIO":78.7387855467,"OPERATE_PROFIT":61318000,"PRETAX_PROFIT":40121000,"NETCASH_OPERATE":19880000,"NETCASH_INVEST":-31987000,"NETCASH_FINANCE":101513000,"END_CASH":540175000,"DIVI_RATIO":0.281553571393,"DIVIDEND_RATE":5.1,"CURRENT_RATIO":1.070347291254,"COMMON_ACS":10000000000,"CURRENTDEBT_DEBT":91.366086862815,"ISSUED_COMMON_SHARES":825400000,"HK_COMMON_SHARES":825400000,"PER_SHARES":2000,"TOTAL_MARKET_CAP":165080000,"HKSK_MARKET_CAP":165080000,"PE_TTM":-1.437923234712,"PB_TTM":0.235983708196,"REPORT_DATE_SQ":"2021-12-31 00:00:00","REPORT_TYPE_SQ":"2021年年报","OPERATE_INCOME_SQ":2262779000,"DPS_HKD":0.0102,"OPERATE_INCOME_QOQ_SQ":3.983943641907,"NET_PROFIT_RATIO_SQ":2.0798319235,"HOLDER_PROFIT_SQ":47062000,"HOLDER_PROFIT_QOQ_SQ":-1.475914334164,"ROE_AVG_SQ":6.885019501362,"PE_TTM_SQ":6.418694744982,"PB_TTM_SQ":0.204997726358,"ROA_SQ":1.390807760177,"START_DATE":"2022-01-01 00:00:00","FISCAL_YEAR":"12-31","CURRENCY":"HKD","IS_CNY_CODE":0,"DPS_HKD_LY":0.016,"ORG_TYPE":"一般企业","PREMIUM_INCOME":null,"PREMIUM_INCOME_YOY":null,"NET_INTEREST_INCOME":null,"NET_INTEREST_INCOME_YOY":null,"FEE_COMMISSION_INCOME":null,"FEE_COMMISSION_INCOME_YOY":null,"ACCOUNTS_RECE_TDAYS":1.528293655396,"INVENTORY_TDAYS":69.632511288642,"CURRENT_ASSETS_TDAYS":0.802700302365,"TOTAL_ASSETS_TDAYS":0.612557305233,"PREMIUM_EXPENSE":null,"LOAN_DEPOSIT":null,"LOAN_EQUITY":null,"LOAN_ASSETS":null,"DEPOSIT_EQUITY":null,"DEPOSIT_ASSETS":null,"EQUITY_MULTIPLIER":4.70340018533,"EQUITY_RATIO":3.70340018533},{"SECUCODE":"02258.HK","SECURITY_CODE":"02258","SECURITY_NAME_ABBR":"华滋国际海洋","ORG_CODE":"10939511","STD_REPORT_DATE":"2022-06-30 00:00:00","REPORT_DATE":"2022-06-30 00:00:00","DATE_TYPE_CODE":"002","REPORT_TYPE":"2022年中报","PER_NETCASH_OPERATE":-0.314579597771,"PER_OI":1.240678458929,"BPS":0.857614489944,"BASIC_EPS":0.0187,"DILUTED_EPS":0.0187,"OPERATE_INCOME":1024056000,"OPERATE_INCOME_YOY":6.6133074033,"GROSS_PROFIT":80972000,"GROSS_PROFIT_YOY":-8.448283659717,"HOLDER_PROFIT":15301000,"HOLDER_PROFIT_YOY":-36.6837705868,"GROSS_PROFIT_RATIO":7.906989461514,"EPS_TTM":0.046276956627,"OPERATE_INCOME_QOQ":2.807300226845,"NET_PROFIT_RATIO":1.4941565696,"ROE_AVG":2.168455289162,"GROSS_PROFIT_QOQ":-3.59631897116,"ROA":0.466647625841,"HOLDER_PROFIT_QOQ":-18.836853512388,"ROE_YEARLY":4.336910578323,"ROIC_YEARLY":1.04691694557,"TOTAL_ASSETS":3222289000,"TOTAL_LIABILITIES":2514414000,"TAX_EBT":18.215831952536,"OCF_SALES":-25.355449311366,"TOTAL_PARENT_EQUITY":707875000,"DEBT_ASSET_RATIO":78.0319207867,"OPERATE_PROFIT":29225000,"PRETAX_PROFIT":18709000,"NETCASH_OPERATE":-259654000,"NETCASH_INVEST":-7148000,"NETCASH_FINANCE":84723000,"END_CASH":267888000,"DIVI_RATIO":0.199741829924,"DIVIDEND_RATE":5.1,"CURRENT_RATIO":1.197370692834,"COMMON_ACS":10000000000,"CURRENTDEBT_DEBT":90.065796642876,"ISSUED_COMMON_SHARES":825400000,"HK_COMMON_SHARES":825400000,"PER_SHARES":2000,"TOTAL_MARKET_CAP":165080000,"HKSK_MARKET_CAP":165080000,"PE_TTM":-1.437923234712,"PB_TTM":0.235983708196,"REPORT_DATE_SQ":"2021-06-30 00:00:00","REPORT_TYPE_SQ":"2021年中报","OPERATE_INCOME_SQ":960533000,"DPS_HKD":0.0102,"OPERATE_INCOME_QOQ_SQ":19.671367543929,"NET_PROFIT_RATIO_SQ":2.5158948209,"HOLDER_PROFIT_SQ":24166000,"HOLDER_PROFIT_QOQ_SQ":1.987787172261,"ROE_AVG_SQ":3.59428834474,"PE_TTM_SQ":6.418694744982,"PB_TTM_SQ":0.204997726358,"ROA_SQ":0.717895519852,"START_DATE":"2022-01-01 00:00:00","FISCAL_YEAR":"12-31","CURRENCY":"HKD","IS_CNY_CODE":0,"DPS_HKD_LY":0.016,"ORG_TYPE":"一般企业","PREMIUM_INCOME":null,"PREMIUM_INCOME_YOY":null,"NET_INTEREST_INCOME":null,"NET_INTEREST_INCOME_YOY":null,"FEE_COMMISSION_INCOME":null,"FEE_COMMISSION_INCOME_YOY":null,"ACCOUNTS_RECE_TDAYS":0.808329123516,"INVENTORY_TDAYS":21.056622309547,"CURRENT_ASSETS_TDAYS":0.391361099726,"TOTAL_ASSETS_TDAYS":0.312315078184,"PREMIUM_EXPENSE":null,"LOAN_DEPOSIT":null,"LOAN_EQUITY":null,"LOAN_ASSETS":null,"DEPOSIT_EQUITY":null,"DEPOSIT_ASSETS":null,"EQUITY_MULTIPLIER":4.5520593325,"EQUITY_RATIO":3.552059332509},{"SECUCODE":"02258.HK","SECURITY_CODE":"02258","SECURITY_NAME_ABBR":"华滋国际海洋","ORG_CODE":"10939511","STD_REPORT_DATE":"2021-12-31 00:00:00","REPORT_DATE":"2021-12-31 00:00:00","DATE_TYPE_CODE":"001","REPORT_TYPE":"2021年年报","PER_NETCASH_OPERATE":-0.01756845166,"PER_OI":2.741433244488,"BPS":0.852144414829,"BASIC_EPS":0.0575,"DILUTED_EPS":0.0575,"OPERATE_INCOME":2262779000,"OPERATE_INCOME_YOY":24.4390073824,"GROSS_PROFIT":207768000,"GROSS_PROFIT_YOY":2.530090159445,"HOLDER_PROFIT":47062000,"HOLDER_PROFIT_YOY":0.4825348023,"GROSS_PROFIT_RATIO":9.181983746535,"EPS_TTM":0.05701720378,"OPERATE_INCOME_QOQ":3.983943641907,"NET_PROFIT_RATIO":2.0798319235,"ROE_AVG":6.885019501362,"GROSS_PROFIT_QOQ":-4.274669885646,"ROA":1.390807760177,"HOLDER_PROFIT_QOQ":-1.475914334164,"ROE_YEARLY":6.885019501362,"ROIC_YEARLY":1.595308784724,"TOTAL_ASSETS":3335550000,"TOTAL_LIABILITIES":2632190000,"TAX_EBT":18.917335722408,"OCF_SALES":-0.640849150536,"TOTAL_PARENT_EQUITY":703360000,"DEBT_ASSET_RATIO":78.9132227069,"OPERATE_PROFIT":71873000,"PRETAX_PROFIT":58042000,"NETCASH_OPERATE":-14501000,"NETCASH_INVEST":-20782000,"NETCASH_FINANCE":59099000,"END_CASH":443833000,"DIVI_RATIO":0.162116754018,"DIVIDEND_RATE":5.1,"CURRENT_RATIO":1.073239440216,"COMMON_ACS":10000000000,"CURRENTDEBT_DEBT":89.264908688203,"ISSUED_COMMON_SHARES":825400000,"HK_COMMON_SHARES":825400000,"PER_SHARES":2000,"TOTAL_MARKET_CAP":165080000,"HKSK_MARKET_CAP":165080000,"PE_TTM":-1.437923234712,"PB_TTM":0.235983708196,"REPORT_DATE_SQ":"2020-12-31 00:00:00","REPORT_TYPE_SQ":"2020年年报","OPERATE_INCOME_SQ":1818384000,"DPS_HKD":0.0102,"OPERATE_INCOME_QOQ_SQ":1.523989887711,"NET_PROFIT_RATIO_SQ":2.5756935829,"HOLDER_PROFIT_SQ":46836000,"HOLDER_PROFIT_QOQ_SQ":-41.182971241994,"ROE_AVG_SQ":7.108280776787,"PE_TTM_SQ":6.418694744982,"PB_TTM_SQ":0.204997726358,"ROA_SQ":1.366004352688,"START_DATE":"2021-01-01 00:00:00","FISCAL_YEAR":"12-31","CURRENCY":"HKD","IS_CNY_CODE":0,"DPS_HKD_LY":0.008,"ORG_TYPE":"一般企业","PREMIUM_INCOME":null,"PREMIUM_INCOME_YOY":null,"NET_INTEREST_INCOME":null,"NET_INTEREST_INCOME_YOY":null,"FEE_COMMISSION_INCOME":null,"FEE_COMMISSION_INCOME_YOY":null,"ACCOUNTS_RECE_TDAYS":1.657768812074,"INVENTORY_TDAYS":36.864820744647,"CURRENT_ASSETS_TDAYS":0.866747782979,"TOTAL_ASSETS_TDAYS":0.668711612929,"PREMIUM_EXPENSE":null,"LOAN_DEPOSIT":null,"LOAN_EQUITY":null,"LOAN_ASSETS":null,"DEPOSIT_EQUITY":null,"DEPOSIT_ASSETS":null,"EQUITY_MULTIPLIER":4.742308348499,"EQUITY_RATIO":3.742308348499},{"SECUCODE":"02258.HK","SECURITY_CODE":"02258","SECURITY_NAME_ABBR":"华滋国际海洋","ORG_CODE":"10939511","STD_REPORT_DATE":"2021-06-30 00:00:00","REPORT_DATE":"2021-06-30 00:00:00","DATE_TYPE_CODE":"002","REPORT_TYPE":"2021年中报","PER_NETCASH_OPERATE":-0.129372425491,"PER_OI":1.163718197238,"BPS":0.825012115338,"BASIC_EPS":0.0295,"DILUTED_EPS":0.0295,"OPERATE_INCOME":960533000,"OPERATE_INCOME_YOY":59.3367638082,"GROSS_PROFIT":88444000,"GROSS_PROFIT_YOY":19.455962398196,"HOLDER_PROFIT":24166000,"HOLDER_PROFIT_YOY":4.0068861631,"GROSS_PROFIT_RATIO":9.207804416923,"EPS_TTM":0.05787133511,"OPERATE_INCOME_QOQ":19.671367543929,"NET_PROFIT_RATIO":2.5158948209,"ROE_AVG":3.59428834474,"GROSS_PROFIT_QOQ":7.108630533801,"ROA":0.717895519852,"HOLDER_PROFIT_QOQ":1.987787172261,"ROE_YEARLY":7.18857668948,"ROIC_YEARLY":1.62113363636,"TOTAL_ASSETS":3300428000,"TOTAL_LIABILITIES":2619463000,"TAX_EBT":18.922364624572,"OCF_SALES":-11.117160992907,"TOTAL_PARENT_EQUITY":680965000,"DEBT_ASSET_RATIO":79.3673729589,"OPERATE_PROFIT":37481000,"PRETAX_PROFIT":29806000,"NETCASH_OPERATE":-106784000,"NETCASH_INVEST":7137000,"NETCASH_FINANCE":23946000,"END_CASH":346019000,"DIVI_RATIO":0.159724049607,"DIVIDEND_RATE":5.1,"CURRENT_RATIO":1.087071099347,"COMMON_ACS":10000000000,"CURRENTDEBT_DEBT":88.019300138998,"ISSUED_COMMON_SHARES":825400000,"HK_COMMON_SHARES":825400000,"PER_SHARES":2000,"TOTAL_MARKET_CAP":165080000,"HKSK_MARKET_CAP":165080000,"PE_TTM":-1.437923234712,"PB_TTM":0.235983708196,"REPORT_DATE_SQ":"2020-06-30 00:00:00","REPORT_TYPE_SQ":"2020年中报","OPERATE_INCOME_SQ":602832000,"DPS_HKD":0.0102,"OPERATE_INCOME_QOQ_SQ":-12.626529204526,"NET_PROFIT_RATIO_SQ":3.8543076678,"HOLDER_PROFIT_SQ":23235000,"HOLDER_PROFIT_QOQ_SQ":-21.285450214011,"ROE_AVG_SQ":3.545011809077,"PE_TTM_SQ":6.418694744982,"PB_TTM_SQ":0.204997726358,"ROA_SQ":0.696326134167,"START_DATE":"2021-01-01 00:00:00","FISCAL_YEAR":"12-31","CURRENCY":"HKD","IS_CNY_CODE":0,"DPS_HKD_LY":0.008,"ORG_TYPE":"一般企业","PREMIUM_INCOME":null,"PREMIUM_INCOME_YOY":null,"NET_INTEREST_INCOME":null,"NET_INTEREST_INCOME_YOY":null,"FEE_COMMISSION_INCOME":null,"FEE_COMMISSION_INCOME_YOY":null,"ACCOUNTS_RECE_TDAYS":0.706132778543,"INVENTORY_TDAYS":8.573806352031,"CURRENT_ASSETS_TDAYS":0.369010768175,"TOTAL_ASSETS_TDAYS":0.28534401116,"PREMIUM_EXPENSE":null,"LOAN_DEPOSIT":null,"LOAN_EQUITY":null,"LOAN_ASSETS":null,"DEPOSIT_EQUITY":null,"DEPOSIT_ASSETS":null,"EQUITY_MULTIPLIER":4.846692561291,"EQUITY_RATIO":3.846692561292},{"SECUCODE":"02258.HK","SECURITY_CODE":"02258","SECURITY_NAME_ABBR":"华滋国际海洋","ORG_CODE":"10939511","STD_REPORT_DATE":"2020-12-31 00:00:00","REPORT_DATE":"2020-12-31 00:00:00","DATE_TYPE_CODE":"001","REPORT_TYPE":"2020年年报","PER_NETCASH_OPERATE":0.039449963654,"PER_OI":2.20303368064,"BPS":0.804124061061,"BASIC_EPS":0.0569,"DILUTED_EPS":0.0569,"OPERATE_INCOME":1818384000,"OPERATE_INCOME_YOY":-11.2949663451,"GROSS_PROFIT":202641000,"GROSS_PROFIT_YOY":-17.869996595496,"HOLDER_PROFIT":46836000,"HOLDER_PROFIT_YOY":-53.7024406156,"GROSS_PROFIT_RATIO":11.144015785445,"EPS_TTM":0.056743397141,"OPERATE_INCOME_QOQ":1.523989887711,"NET_PROFIT_RATIO":2.5756935829,"ROE_AVG":7.108280776787,"GROSS_PROFIT_QOQ":-4.360487068152,"ROA":1.366004352688,"HOLDER_PROFIT_QOQ":-41.182971241994,"ROE_YEARLY":7.108280776787,"ROIC_YEARLY":1.571159844112,"TOTAL_ASSETS":3432028000,"TOTAL_LIABILITIES":2768304000,"TAX_EBT":20.478122824592,"OCF_SALES":1.790710872951,"TOTAL_PARENT_EQUITY":663724000,"DEBT_ASSET_RATIO":80.6608803891,"OPERATE_PROFIT":71577000,"PRETAX_PROFIT":58897000,"NETCASH_OPERATE":32562000,"NETCASH_INVEST":-32737000,"NETCASH_FINANCE":-38246000,"END_CASH":423696000,"DIVI_RATIO":0.162899023777,"DIVIDEND_RATE":5.1,"CURRENT_RATIO":1.08701816353,"COMMON_ACS":10000000000,"CURRENTDEBT_DEBT":89.711715187349,"ISSUED_COMMON_SHARES":825400000,"HK_COMMON_SHARES":825400000,"PER_SHARES":2000,"TOTAL_MARKET_CAP":165080000,"HKSK_MARKET_CAP":165080000,"PE_TTM":-1.437923234712,"PB_TTM":0.235983708196,"REPORT_DATE_SQ":"2019-12-31 00:00:00","REPORT_TYPE_SQ":"2019年年报","OPERATE_INCOME_SQ":2049922000,"DPS_HKD":0.0102,"OPERATE_INCOME_QOQ_SQ":35.650239349066,"NET_PROFIT_RATIO_SQ":4.9349682573,"HOLDER_PROFIT_SQ":101163000,"HOLDER_PROFIT_QOQ_SQ":-4.958615571068,"ROE_AVG_SQ":12.014429714523,"PE_TTM_SQ":6.418694744982,"PB_TTM_SQ":0.204997726358,"ROA_SQ":3.668633173673,"START_DATE":"2020-01-01 00:00:00","FISCAL_YEAR":"12-31","CURRENCY":"HKD","IS_CNY_CODE":0,"DPS_HKD_LY":0.03,"ORG_TYPE":"一般企业","PREMIUM_INCOME":null,"PREMIUM_INCOME_YOY":null,"NET_INTEREST_INCOME":null,"NET_INTEREST_INCOME_YOY":null,"FEE_COMMISSION_INCOME":null,"FEE_COMMISSION_INCOME_YOY":null,"ACCOUNTS_RECE_TDAYS":1.152291882715,"INVENTORY_TDAYS":32.071437787195,"CURRENT_ASSETS_TDAYS":0.65860701435,"TOTAL_ASSETS_TDAYS":0.530344277662,"PREMIUM_EXPENSE":null,"LOAN_DEPOSIT":null,"LOAN_EQUITY":null,"LOAN_ASSETS":null,"DEPOSIT_EQUITY":null,"DEPOSIT_ASSETS":null,"EQUITY_MULTIPLIER":5.170866203425,"EQUITY_RATIO":4.170866203422},{"SECUCODE":"02258.HK","SECURITY_CODE":"02258","SECURITY_NAME_ABBR":"华滋国际海洋","ORG_CODE":"10939511","STD_REPORT_DATE":"2020-06-30 00:00:00","REPORT_DATE":"2020-06-30 00:00:00","DATE_TYPE_CODE":"002","REPORT_TYPE":"2020年中报","PER_NETCASH_OPERATE":0.057185606978,"PER_OI":0.730351344803,"BPS":0.795726920281,"BASIC_EPS":0.0282,"DILUTED_EPS":0.0282,"OPERATE_INCOME":602832000,"OPERATE_INCOME_YOY":-30.0387853298,"GROSS_PROFIT":74039000,"GROSS_PROFIT_YOY":-32.00631824485,"HOLDER_PROFIT":23235000,"HOLDER_PROFIT_YOY":-48.0990886347,"GROSS_PROFIT_RATIO":12.281862940255,"EPS_TTM":0.096474436637,"OPERATE_INCOME_QOQ":-12.626529204526,"NET_PROFIT_RATIO":3.8543076678,"ROE_AVG":3.545011809077,"GROSS_PROFIT_QOQ":-14.125447854352,"ROA":0.696326134167,"HOLDER_PROFIT_QOQ":-21.285450214011,"ROE_YEARLY":7.090023618155,"ROIC_YEARLY":1.634178561525,"TOTAL_ASSETS":3248253000,"TOTAL_LIABILITIES":2591460000,"TAX_EBT":11.667427007299,"OCF_SALES":7.829876317117,"TOTAL_PARENT_EQUITY":656793000,"DEBT_ASSET_RATIO":79.7801156499,"OPERATE_PROFIT":30728000,"PRETAX_PROFIT":26304000,"NETCASH_OPERATE":47201000,"NETCASH_INVEST":177000,"NETCASH_FINANCE":-7068000,"END_CASH":514625000,"DIVI_RATIO":0.095812365661,"DIVIDEND_RATE":5.1,"CURRENT_RATIO":1.217830709444,"COMMON_ACS":10000000000,"CURRENTDEBT_DEBT":86.150818457549,"ISSUED_COMMON_SHARES":825400000,"HK_COMMON_SHARES":825400000,"PER_SHARES":2000,"TOTAL_MARKET_CAP":165080000,"HKSK_MARKET_CAP":165080000,"PE_TTM":-1.437923234712,"PB_TTM":0.235983708196,"REPORT_DATE_SQ":"2019-06-30 00:00:00","REPORT_TYPE_SQ":"2019年中报","OPERATE_INCOME_SQ":861666000,"DPS_HKD":0.0102,"OPERATE_INCOME_QOQ_SQ":1.445031604612,"NET_PROFIT_RATIO_SQ":7.5021467275,"HOLDER_PROFIT_SQ":44768000,"HOLDER_PROFIT_QOQ_SQ":2.282205523418,"ROE_AVG_SQ":4.40325782801,"PE_TTM_SQ":6.418694744982,"PB_TTM_SQ":0.204997726358,"ROA_SQ":1.661631526873,"START_DATE":"2020-01-01 00:00:00","FISCAL_YEAR":"12-31","CURRENCY":"HKD","IS_CNY_CODE":0,"DPS_HKD_LY":0.03,"ORG_TYPE":"一般企业","PREMIUM_INCOME":null,"PREMIUM_INCOME_YOY":null,"NET_INTEREST_INCOME":null,"NET_INTEREST_INCOME_YOY":null,"FEE_COMMISSION_INCOME":null,"FEE_COMMISSION_INCOME_YOY":null,"ACCOUNTS_RECE_TDAYS":0.365071511581,"INVENTORY_TDAYS":16.975970721841,"CURRENT_ASSETS_TDAYS":0.217582065375,"TOTAL_ASSETS_TDAYS":0.180661793033,"PREMIUM_EXPENSE":null,"LOAN_DEPOSIT":null,"LOAN_EQUITY":null,"LOAN_ASSETS":null,"DEPOSIT_EQUITY":null,"DEPOSIT_ASSETS":null,"EQUITY_MULTIPLIER":4.945626704314,"EQUITY_RATIO":3.945626704304}],"count":16},"success":true,"message":"ok","code":0}