{"version":"9381a5db1a1f7410eacd8b79c2f078da","result":{"pages":2,"data":[{"SECUCODE":"02250.HK","SECURITY_CODE":"02250","SECURITY_NAME_ABBR":"小黄鸭德盈","ORG_CODE":"10000199573","STD_REPORT_DATE":"2024-06-30 00:00:00","REPORT_DATE":"2024-06-30 00:00:00","DATE_TYPE_CODE":"002","REPORT_TYPE":"2024年中报","PER_NETCASH_OPERATE":-0.000316323562,"PER_OI":0.055742724158,"BPS":0.210537519921,"BASIC_EPS":-0.016336972,"DILUTED_EPS":-0.016336972,"OPERATE_INCOME":54683222.2,"OPERATE_INCOME_YOY":4.942812604,"GROSS_PROFIT":40812311.56,"GROSS_PROFIT_YOY":5.317361508465,"HOLDER_PROFIT":-15479965.48,"HOLDER_PROFIT_YOY":-7.4705360537,"GROSS_PROFIT_RATIO":74.634064925311,"EPS_TTM":-0.043631380081,"OPERATE_INCOME_QOQ":1.741678344682,"NET_PROFIT_RATIO":-31.4061587249,"ROE_AVG":-7.161042174194,"GROSS_PROFIT_QOQ":2.525779662418,"ROA":-5.115907997509,"HOLDER_PROFIT_QOQ":-2.219285767146,"ROE_YEARLY":-14.322084348388,"ROIC_YEARLY":-13.773194201957,"TOTAL_ASSETS":287309838.64,"TOTAL_LIABILITIES":79324669.52,"TAX_EBT":5.38515687852,"OCF_SALES":-0.567470583326,"TOTAL_PARENT_EQUITY":206535833.28,"DEBT_ASSET_RATIO":27.6094511401,"OPERATE_PROFIT":-19128860.12,"PRETAX_PROFIT":-18151379.84,"NETCASH_OPERATE":-310311.2,"NETCASH_INVEST":-3177039.08,"NETCASH_FINANCE":-11117355.08,"END_CASH":32495971.4,"DIVI_RATIO":-0.103849568626,"DIVIDEND_RATE":0.47619047619,"CURRENT_RATIO":2.688813096862,"COMMON_ACS":2000000000,"CURRENTDEBT_DEBT":84.336240421566,"ISSUED_COMMON_SHARES":980993000,"HK_COMMON_SHARES":980993000,"PER_SHARES":1000,"TOTAL_MARKET_CAP":1030042650,"HKSK_MARKET_CAP":1030042650,"PE_TTM":-21.737736625514,"PB_TTM":4.55174925761,"REPORT_DATE_SQ":"2023-06-30 00:00:00","REPORT_TYPE_SQ":"2023年中报","OPERATE_INCOME_SQ":52638604.14,"DPS_HKD":0.005,"OPERATE_INCOME_QOQ_SQ":-15.003672555175,"NET_PROFIT_RATIO_SQ":-27.7336976512,"HOLDER_PROFIT_SQ":-14550688.36,"HOLDER_PROFIT_QOQ_SQ":1.911359627451,"ROE_AVG_SQ":-5.061732156689,"PE_TTM_SQ":17.039829365485,"PB_TTM_SQ":4.900028941434,"ROA_SQ":-4.006437920775,"START_DATE":"2024-01-01 00:00:00","FISCAL_YEAR":"12-31","CURRENCY":"HKD","IS_CNY_CODE":0,"DPS_HKD_LY":0.005,"ORG_TYPE":"一般企业","PREMIUM_INCOME":null,"PREMIUM_INCOME_YOY":null,"NET_INTEREST_INCOME":null,"NET_INTEREST_INCOME_YOY":null,"FEE_COMMISSION_INCOME":null,"FEE_COMMISSION_INCOME_YOY":null,"ACCOUNTS_RECE_TDAYS":1.32157667196,"INVENTORY_TDAYS":0.951659361302,"CURRENT_ASSETS_TDAYS":0.282891475247,"TOTAL_ASSETS_TDAYS":0.180720256866,"PREMIUM_EXPENSE":null,"LOAN_DEPOSIT":null,"LOAN_EQUITY":null,"LOAN_ASSETS":null,"DEPOSIT_EQUITY":null,"DEPOSIT_ASSETS":null,"EQUITY_MULTIPLIER":1.381395797862,"EQUITY_RATIO":0.384072188638},{"SECUCODE":"02250.HK","SECURITY_CODE":"02250","SECURITY_NAME_ABBR":"小黄鸭德盈","ORG_CODE":"10000199573","STD_REPORT_DATE":"2023-12-31 00:00:00","REPORT_DATE":"2023-12-31 00:00:00","DATE_TYPE_CODE":"001","REPORT_TYPE":"2023年年报","PER_NETCASH_OPERATE":-0.005540821963,"PER_OI":0.119668082484,"BPS":0.228548282526,"BASIC_EPS":-0.04349856,"DILUTED_EPS":-0.04349856,"OPERATE_INCOME":117393551.24,"OPERATE_INCOME_YOY":-32.7431882372,"GROSS_PROFIT":81581549.28,"GROSS_PROFIT_YOY":-38.54196077116,"HOLDER_PROFIT":-41872801.32,"HOLDER_PROFIT_YOY":-161.1554496724,"GROSS_PROFIT_RATIO":69.494063701348,"EPS_TTM":-0.04268409797,"OPERATE_INCOME_QOQ":-19.723762482022,"NET_PROFIT_RATIO":-36.0431365889,"ROE_AVG":-15.435108307319,"GROSS_PROFIT_QOQ":-27.269628536977,"ROA":-12.140001760334,"HOLDER_PROFIT_QOQ":-160.878432573825,"ROE_YEARLY":-15.435108307319,"ROIC_YEARLY":-17.645239268161,"TOTAL_ASSETS":315610145.62,"TOTAL_LIABILITIES":89980396.24,"TAX_EBT":-1.145964212989,"OCF_SALES":-4.630158558614,"TOTAL_PARENT_EQUITY":224204265.32,"DEBT_ASSET_RATIO":28.5099821691,"OPERATE_PROFIT":-39569190.08,"PRETAX_PROFIT":-41832927.64,"NETCASH_OPERATE":-5435507.56,"NETCASH_INVEST":-20495071.52,"NETCASH_FINANCE":-56306167.26,"END_CASH":46872417.06,"DIVI_RATIO":-0.106154287322,"DIVIDEND_RATE":0.467289719626,"CURRENT_RATIO":2.802905616949,"COMMON_ACS":2000000000,"CURRENTDEBT_DEBT":81.385207267454,"ISSUED_COMMON_SHARES":980993000,"HK_COMMON_SHARES":980993000,"PER_SHARES":1000,"TOTAL_MARKET_CAP":1049662510,"HKSK_MARKET_CAP":1049662510,"PE_TTM":-22.151788751715,"PB_TTM":4.638449243469,"REPORT_DATE_SQ":"2022-12-31 00:00:00","REPORT_TYPE_SQ":"2022年年报","OPERATE_INCOME_SQ":172050948.16,"DPS_HKD":0.005,"OPERATE_INCOME_QOQ_SQ":-19.06741686813,"NET_PROFIT_RATIO_SQ":39.2273425818,"HOLDER_PROFIT_SQ":67491014.85,"HOLDER_PROFIT_QOQ_SQ":219.975401235664,"ROE_AVG_SQ":30.126619123854,"PE_TTM_SQ":17.541000817411,"PB_TTM_SQ":5.044147439711,"ROA_SQ":22.264361109638,"START_DATE":"2023-01-01 00:00:00","FISCAL_YEAR":"12-31","CURRENCY":"HKD","IS_CNY_CODE":0,"DPS_HKD_LY":0.0201,"ORG_TYPE":"一般企业","PREMIUM_INCOME":null,"PREMIUM_INCOME_YOY":null,"NET_INTEREST_INCOME":null,"NET_INTEREST_INCOME_YOY":null,"FEE_COMMISSION_INCOME":null,"FEE_COMMISSION_INCOME_YOY":null,"ACCOUNTS_RECE_TDAYS":2.486649390537,"INVENTORY_TDAYS":1.472683908474,"CURRENT_ASSETS_TDAYS":0.47589518271,"TOTAL_ASSETS_TDAYS":0.340354089953,"PREMIUM_EXPENSE":null,"LOAN_DEPOSIT":null,"LOAN_EQUITY":null,"LOAN_ASSETS":null,"DEPOSIT_EQUITY":null,"DEPOSIT_ASSETS":null,"EQUITY_MULTIPLIER":1.398796685665,"EQUITY_RATIO":0.401332223147},{"SECUCODE":"02250.HK","SECURITY_CODE":"02250","SECURITY_NAME_ABBR":"小黄鸭德盈","ORG_CODE":"10000199573","STD_REPORT_DATE":"2023-06-30 00:00:00","REPORT_DATE":"2023-06-30 00:00:00","DATE_TYPE_CODE":"002","REPORT_TYPE":"2023年中报","PER_NETCASH_OPERATE":-0.001128752173,"PER_OI":0.05365849108,"BPS":0.255894978374,"BASIC_EPS":-0.015120472,"DILUTED_EPS":-0.015120472,"OPERATE_INCOME":52638604.14,"OPERATE_INCOME_YOY":-37.7644788907,"GROSS_PROFIT":38751741.38,"GROSS_PROFIT_YOY":-34.679326463825,"HOLDER_PROFIT":-14550688.36,"HOLDER_PROFIT_YOY":14.7978189278,"GROSS_PROFIT_RATIO":73.618482125655,"EPS_TTM":0.070113661219,"OPERATE_INCOME_QOQ":-15.003672555175,"NET_PROFIT_RATIO":-27.7336976512,"ROE_AVG":-5.061732156689,"GROSS_PROFIT_QOQ":-15.498796455224,"ROA":-4.006437920775,"HOLDER_PROFIT_QOQ":1.911359627451,"ROE_YEARLY":-10.123464313377,"ROIC_YEARLY":-12.023121387283,"TOTAL_ASSETS":345635550.32,"TOTAL_LIABILITIES":94597913.94,"TAX_EBT":4.620203602193,"OCF_SALES":-2.103585378243,"TOTAL_PARENT_EQUITY":251031182.52,"DEBT_ASSET_RATIO":27.3692662264,"OPERATE_PROFIT":-15420115.5,"PRETAX_PROFIT":-15305789.98,"NETCASH_OPERATE":-1107297.98,"NETCASH_INVEST":-6973856.72,"NETCASH_FINANCE":-14357072.56,"END_CASH":107068615.42,"DIVI_RATIO":0.064625066232,"DIVIDEND_RATE":0.467289719626,"CURRENT_RATIO":2.966239669421,"COMMON_ACS":2000000000,"CURRENTDEBT_DEBT":94.344219954582,"ISSUED_COMMON_SHARES":980993000,"HK_COMMON_SHARES":980993000,"PER_SHARES":1000,"TOTAL_MARKET_CAP":1049662510,"HKSK_MARKET_CAP":1049662510,"PE_TTM":-22.151788751715,"PB_TTM":4.638449243469,"REPORT_DATE_SQ":"2022-06-30 00:00:00","REPORT_TYPE_SQ":"2022年中报","OPERATE_INCOME_SQ":78452565.03,"DPS_HKD":0.005,"OPERATE_INCOME_QOQ_SQ":-10.347616051861,"NET_PROFIT_RATIO_SQ":-20.1914167675,"HOLDER_PROFIT_SQ":-15840684.37,"HOLDER_PROFIT_QOQ_SQ":-59.013480065818,"ROE_AVG_SQ":-8.125013707643,"PE_TTM_SQ":17.541000817411,"PB_TTM_SQ":5.044147439711,"ROA_SQ":-5.926032568705,"START_DATE":"2023-01-01 00:00:00","FISCAL_YEAR":"12-31","CURRENCY":"HKD","IS_CNY_CODE":0,"DPS_HKD_LY":0.0201,"ORG_TYPE":"一般企业","PREMIUM_INCOME":null,"PREMIUM_INCOME_YOY":null,"NET_INTEREST_INCOME":null,"NET_INTEREST_INCOME_YOY":null,"FEE_COMMISSION_INCOME":null,"FEE_COMMISSION_INCOME_YOY":null,"ACCOUNTS_RECE_TDAYS":1.015880641631,"INVENTORY_TDAYS":0.456728728243,"CURRENT_ASSETS_TDAYS":0.188722840908,"TOTAL_ASSETS_TDAYS":0.144936991643,"PREMIUM_EXPENSE":null,"LOAN_DEPOSIT":null,"LOAN_EQUITY":null,"LOAN_ASSETS":null,"DEPOSIT_EQUITY":null,"DEPOSIT_ASSETS":null,"EQUITY_MULTIPLIER":1.376827615589,"EQUITY_RATIO":0.376837303599},{"SECUCODE":"02250.HK","SECURITY_CODE":"02250","SECURITY_NAME_ABBR":"小黄鸭德盈","ORG_CODE":"10000199573","STD_REPORT_DATE":"2022-12-31 00:00:00","REPORT_DATE":"2022-12-31 00:00:00","DATE_TYPE_CODE":"001","REPORT_TYPE":"2022年年报","PER_NETCASH_OPERATE":-0.01076211696,"PER_OI":0.17205094816,"BPS":0.319892194837,"BASIC_EPS":0.06878179,"DILUTED_EPS":0.06878179,"OPERATE_INCOME":172050948.16,"OPERATE_INCOME_YOY":-33.5884863907,"GROSS_PROFIT":132743495.08,"GROSS_PROFIT_YOY":-30.385593349259,"HOLDER_PROFIT":67491014.85,"HOLDER_PROFIT_YOY":20.037176493,"GROSS_PROFIT_RATIO":77.153596943014,"EPS_TTM":0.06749101485,"OPERATE_INCOME_QOQ":-19.06741686813,"NET_PROFIT_RATIO":39.2273425818,"ROE_AVG":30.126619123854,"GROSS_PROFIT_QOQ":-21.935006118401,"ROA":22.264361109638,"HOLDER_PROFIT_QOQ":219.975401235664,"ROE_YEARLY":30.126619123854,"ROIC_YEARLY":33.154808006653,"TOTAL_ASSETS":368874059.96,"TOTAL_LIABILITIES":55062056.07,"TAX_EBT":4.444219605661,"OCF_SALES":-6.255191892341,"TOTAL_PARENT_EQUITY":313812003.89,"DEBT_ASSET_RATIO":14.9270610343,"OPERATE_PROFIT":71338328.74,"PRETAX_PROFIT":70629965.63,"NETCASH_OPERATE":-10762116.96,"NETCASH_INVEST":-9371295.57,"NETCASH_FINANCE":83824456.8,"END_CASH":126555813.79,"DIVI_RATIO":0.06713634415,"DIVIDEND_RATE":0.471698113208,"CURRENT_RATIO":6.081801312341,"COMMON_ACS":2000000000,"CURRENTDEBT_DEBT":84.802323129086,"ISSUED_COMMON_SHARES":980993000,"HK_COMMON_SHARES":980993000,"PER_SHARES":1000,"TOTAL_MARKET_CAP":1039852580,"HKSK_MARKET_CAP":1039852580,"PE_TTM":-21.944762688615,"PB_TTM":4.595099250539,"REPORT_DATE_SQ":"2021-12-31 00:00:00","REPORT_TYPE_SQ":"2021年年报","OPERATE_INCOME_SQ":237121987.2,"DPS_HKD":0.005,"OPERATE_INCOME_QOQ_SQ":10.449602925779,"NET_PROFIT_RATIO_SQ":21.7028363366,"HOLDER_PROFIT_SQ":51462196.8,"HOLDER_PROFIT_QOQ_SQ":8.466960709042,"ROE_AVG_SQ":52.799879205271,"PE_TTM_SQ":17.541000817411,"PB_TTM_SQ":5.044147439711,"ROA_SQ":27.688064435246,"START_DATE":"2022-01-01 00:00:00","FISCAL_YEAR":"12-31","CURRENCY":"HKD","IS_CNY_CODE":0,"DPS_HKD_LY":0.048,"ORG_TYPE":"一般企业","PREMIUM_INCOME":null,"PREMIUM_INCOME_YOY":null,"NET_INTEREST_INCOME":null,"NET_INTEREST_INCOME_YOY":null,"FEE_COMMISSION_INCOME":null,"FEE_COMMISSION_INCOME_YOY":null,"ACCOUNTS_RECE_TDAYS":3.670681506327,"INVENTORY_TDAYS":1.106587368448,"CURRENT_ASSETS_TDAYS":0.707884721755,"TOTAL_ASSETS_TDAYS":0.567572505407,"PREMIUM_EXPENSE":null,"LOAN_DEPOSIT":null,"LOAN_EQUITY":null,"LOAN_ASSETS":null,"DEPOSIT_EQUITY":null,"DEPOSIT_ASSETS":null,"EQUITY_MULTIPLIER":1.175461917923,"EQUITY_RATIO":0.175461917924},{"SECUCODE":"02250.HK","SECURITY_CODE":"02250","SECURITY_NAME_ABBR":"小黄鸭德盈","ORG_CODE":"10000199573","STD_REPORT_DATE":"2022-06-30 00:00:00","REPORT_DATE":"2022-06-30 00:00:00","DATE_TYPE_CODE":"002","REPORT_TYPE":"2022年中报","PER_NETCASH_OPERATE":-0.02464486542,"PER_OI":0.07845256503,"BPS":0.266474223629,"BASIC_EPS":-0.015992053,"DILUTED_EPS":-0.015992053,"OPERATE_INCOME":78452565.03,"OPERATE_INCOME_YOY":-25.8828662148,"GROSS_PROFIT":59325385.49,"GROSS_PROFIT_YOY":-25.812710764,"HOLDER_PROFIT":-15840684.37,"HOLDER_PROFIT_YOY":-206.0821258805,"GROSS_PROFIT_RATIO":75.619433816236,"EPS_TTM":0.02109256355,"OPERATE_INCOME_QOQ":-10.347616051861,"NET_PROFIT_RATIO":-20.1914167675,"ROE_AVG":-8.125013707643,"GROSS_PROFIT_QOQ":-10.825066154076,"ROA":-5.926032568705,"HOLDER_PROFIT_QOQ":-59.013480065818,"ROE_YEARLY":-16.250027415287,"ROIC_YEARLY":-20.4192319776,"TOTAL_ASSETS":307338182.2,"TOTAL_LIABILITIES":45928834.14,"TAX_EBT":-9.260897776205,"OCF_SALES":-31.41371529481,"TOTAL_PARENT_EQUITY":261409348.06,"DEBT_ASSET_RATIO":14.9440703434,"OPERATE_PROFIT":-14069585.88,"PRETAX_PROFIT":-14498036.07,"NETCASH_OPERATE":-24644865.42,"NETCASH_INVEST":793616.32,"NETCASH_FINANCE":117409890.29,"END_CASH":156970124.5,"DIVI_RATIO":0.214819786569,"DIVIDEND_RATE":0.471698113208,"CURRENT_RATIO":7.607347683152,"COMMON_ACS":2000000000,"CURRENTDEBT_DEBT":77.594682158418,"ISSUED_COMMON_SHARES":980993000,"HK_COMMON_SHARES":980993000,"PER_SHARES":1000,"TOTAL_MARKET_CAP":1039852580,"HKSK_MARKET_CAP":1039852580,"PE_TTM":-21.944762688615,"PB_TTM":4.595099250539,"REPORT_DATE_SQ":"2021-06-30 00:00:00","REPORT_TYPE_SQ":"2021年中报","OPERATE_INCOME_SQ":102989037.84,"DPS_HKD":0.005,"OPERATE_INCOME_QOQ_SQ":9.236182996673,"NET_PROFIT_RATIO_SQ":14.1072770313,"HOLDER_PROFIT_SQ":14528948.88,"HOLDER_PROFIT_QOQ_SQ":3.344091221531,"ROE_AVG_SQ":20.822228184718,"PE_TTM_SQ":17.541000817411,"PB_TTM_SQ":5.044147439711,"ROA_SQ":9.65242747965,"START_DATE":"2022-01-01 00:00:00","FISCAL_YEAR":"12-31","CURRENCY":"HKD","IS_CNY_CODE":0,"DPS_HKD_LY":0.048,"ORG_TYPE":"一般企业","PREMIUM_INCOME":null,"PREMIUM_INCOME_YOY":null,"NET_INTEREST_INCOME":null,"NET_INTEREST_INCOME_YOY":null,"FEE_COMMISSION_INCOME":null,"FEE_COMMISSION_INCOME_YOY":null,"ACCOUNTS_RECE_TDAYS":1.645300141686,"INVENTORY_TDAYS":0.551545565515,"CURRENT_ASSETS_TDAYS":0.337711628866,"TOTAL_ASSETS_TDAYS":0.293492657645,"PREMIUM_EXPENSE":null,"LOAN_DEPOSIT":null,"LOAN_EQUITY":null,"LOAN_ASSETS":null,"DEPOSIT_EQUITY":null,"DEPOSIT_ASSETS":null,"EQUITY_MULTIPLIER":1.175696984369,"EQUITY_RATIO":0.175696984369},{"SECUCODE":"02250.HK","SECURITY_CODE":"02250","SECURITY_NAME_ABBR":"小黄鸭德盈","ORG_CODE":"10000199573","STD_REPORT_DATE":"2021-12-31 00:00:00","REPORT_DATE":"2021-12-31 00:00:00","DATE_TYPE_CODE":"001","REPORT_TYPE":"2021年年报","PER_NETCASH_OPERATE":21.43352755556,"PER_OI":228.822591795575,"BPS":0.125246212358,"BASIC_EPS":0.0596848,"DILUTED_EPS":0.0596848,"OPERATE_INCOME":237121987.2,"OPERATE_INCOME_YOY":24.198445496,"GROSS_PROFIT":190683942.4,"GROSS_PROFIT_YOY":26.851072087797,"HOLDER_PROFIT":51462196.8,"HOLDER_PROFIT_YOY":15.390115128,"GROSS_PROFIT_RATIO":80.415968443773,"EPS_TTM":49.660992598454,"OPERATE_INCOME_QOQ":10.449602925779,"NET_PROFIT_RATIO":21.7028363366,"ROE_AVG":52.799879205271,"GROSS_PROFIT_QOQ":-11.180882164932,"ROA":27.688064435246,"HOLDER_PROFIT_QOQ":8.466960709042,"ROE_YEARLY":52.799879205271,"ROIC_YEARLY":40.458299855375,"TOTAL_ASSETS":217285376,"TOTAL_LIABILITIES":94419718.4,"TAX_EBT":23.896405382858,"OCF_SALES":9.366875616333,"TOTAL_PARENT_EQUITY":122865657.6,"DEBT_ASSET_RATIO":43.4542444311,"OPERATE_PROFIT":69040596.8,"PRETAX_PROFIT":67621243.2,"NETCASH_OPERATE":22210921.6,"NETCASH_INVEST":-13203422.4,"NETCASH_FINANCE":350750.4,"END_CASH":59852408,"DIVI_RATIO":0.000091240625,"DIVIDEND_RATE":0.471698113208,"CURRENT_RATIO":2.271577298784,"COMMON_ACS":2000000000,"CURRENTDEBT_DEBT":86.251775137681,"ISSUED_COMMON_SHARES":980993000,"HK_COMMON_SHARES":980993000,"PER_SHARES":1000,"TOTAL_MARKET_CAP":1039852580,"HKSK_MARKET_CAP":1039852580,"PE_TTM":-21.944762688615,"PB_TTM":4.595099250539,"REPORT_DATE_SQ":"2020-12-31 00:00:00","REPORT_TYPE_SQ":"2020年年报","OPERATE_INCOME_SQ":196535564.6,"DPS_HKD":0.005,"OPERATE_INCOME_QOQ_SQ":-9.72836447561,"NET_PROFIT_RATIO_SQ":23.3595272252,"HOLDER_PROFIT_SQ":45909778.72,"HOLDER_PROFIT_QOQ_SQ":112.642835929023,"ROE_AVG_SQ":80.996644195646,"PE_TTM_SQ":17.541000817411,"PB_TTM_SQ":5.044147439711,"ROA_SQ":33.220867489251,"START_DATE":"2021-01-01 00:00:00","FISCAL_YEAR":"12-31","CURRENCY":"HKD","IS_CNY_CODE":0,"DPS_HKD_LY":null,"ORG_TYPE":"一般企业","PREMIUM_INCOME":null,"PREMIUM_INCOME_YOY":null,"NET_INTEREST_INCOME":null,"NET_INTEREST_INCOME_YOY":null,"FEE_COMMISSION_INCOME":null,"FEE_COMMISSION_INCOME_YOY":null,"ACCOUNTS_RECE_TDAYS":6.44085412572,"INVENTORY_TDAYS":1.725176927983,"CURRENT_ASSETS_TDAYS":1.463261058766,"TOTAL_ASSETS_TDAYS":1.275780916645,"PREMIUM_EXPENSE":null,"LOAN_DEPOSIT":null,"LOAN_EQUITY":null,"LOAN_ASSETS":null,"DEPOSIT_EQUITY":null,"DEPOSIT_ASSETS":null,"EQUITY_MULTIPLIER":1.768479331365,"EQUITY_RATIO":0.768479331364},{"SECUCODE":"02250.HK","SECURITY_CODE":"02250","SECURITY_NAME_ABBR":"小黄鸭德盈","ORG_CODE":"10000199573","STD_REPORT_DATE":"2021-06-30 00:00:00","REPORT_DATE":"2021-06-30 00:00:00","DATE_TYPE_CODE":"002","REPORT_TYPE":"2021年中报","PER_NETCASH_OPERATE":0.030871824037,"PER_OI":0.256277549833,"BPS":0.067491414923,"BASIC_EPS":0.017140848,"DILUTED_EPS":0.017140848,"OPERATE_INCOME":102989037.84,"OPERATE_INCOME_YOY":33.2669365606,"GROSS_PROFIT":79967048.4,"GROSS_PROFIT_YOY":-5.739977760254,"HOLDER_PROFIT":14528948.88,"HOLDER_PROFIT_YOY":22.7486818981,"GROSS_PROFIT_RATIO":null,"EPS_TTM":0.118062075154,"OPERATE_INCOME_QOQ":9.236182996673,"NET_PROFIT_RATIO":14.1072770313,"ROE_AVG":20.822228184718,"GROSS_PROFIT_QOQ":9.236182996673,"ROA":9.65242747965,"HOLDER_PROFIT_QOQ":3.344091221531,"ROE_YEARLY":41.644456369436,"ROIC_YEARLY":26.99493680671,"TOTAL_ASSETS":143864135.76,"TOTAL_LIABILITIES":77655530.16,"TAX_EBT":34.376879134095,"OCF_SALES":12.046245950248,"TOTAL_PARENT_EQUITY":66208605.6,"DEBT_ASSET_RATIO":53.9783801917,"OPERATE_PROFIT":22799824.08,"PRETAX_PROFIT":22139984.64,"NETCASH_OPERATE":12406312.8,"NETCASH_INVEST":-4455788.4,"NETCASH_FINANCE":-29428173.36,"END_CASH":29355782.4,"DIVI_RATIO":0.038378962881,"DIVIDEND_RATE":0.471698113208,"CURRENT_RATIO":1.677681407952,"COMMON_ACS":2000000000,"CURRENTDEBT_DEBT":97.473399980713,"ISSUED_COMMON_SHARES":980993000,"HK_COMMON_SHARES":980993000,"PER_SHARES":1000,"TOTAL_MARKET_CAP":1039852580,"HKSK_MARKET_CAP":1039852580,"PE_TTM":-21.944762688615,"PB_TTM":4.595099250539,"REPORT_DATE_SQ":"2020-06-30 00:00:00","REPORT_TYPE_SQ":"2020年中报","OPERATE_INCOME_SQ":84836653.44,"DPS_HKD":0.005,"OPERATE_INCOME_QOQ_SQ":0,"NET_PROFIT_RATIO_SQ":15.3161204186,"HOLDER_PROFIT_SQ":12993684,"HOLDER_PROFIT_QOQ_SQ":0,"ROE_AVG_SQ":null,"PE_TTM_SQ":17.541000817411,"PB_TTM_SQ":5.044147439711,"ROA_SQ":null,"START_DATE":"2021-01-01 00:00:00","FISCAL_YEAR":"12-31","CURRENCY":"HKD","IS_CNY_CODE":0,"DPS_HKD_LY":null,"ORG_TYPE":"一般企业","PREMIUM_INCOME":null,"PREMIUM_INCOME_YOY":null,"NET_INTEREST_INCOME":null,"NET_INTEREST_INCOME_YOY":null,"FEE_COMMISSION_INCOME":null,"FEE_COMMISSION_INCOME_YOY":null,"ACCOUNTS_RECE_TDAYS":3.443830775866,"INVENTORY_TDAYS":null,"CURRENT_ASSETS_TDAYS":0.766973295699,"TOTAL_ASSETS_TDAYS":0.684216199782,"PREMIUM_EXPENSE":null,"LOAN_DEPOSIT":null,"LOAN_EQUITY":null,"LOAN_ASSETS":null,"DEPOSIT_EQUITY":null,"DEPOSIT_ASSETS":null,"EQUITY_MULTIPLIER":2.172891793391,"EQUITY_RATIO":1.172891793389},{"SECUCODE":"02250.HK","SECURITY_CODE":"02250","SECURITY_NAME_ABBR":"小黄鸭德盈","ORG_CODE":"10000199573","STD_REPORT_DATE":"2020-12-31 00:00:00","REPORT_DATE":"2020-12-31 00:00:00","DATE_TYPE_CODE":"001","REPORT_TYPE":"2020年年报","PER_NETCASH_OPERATE":0.017669806668,"PER_OI":0.078701550814,"BPS":0.075623738192,"BASIC_EPS":0.05386496,"DILUTED_EPS":0.05386496,"OPERATE_INCOME":196535564.6,"OPERATE_INCOME_YOY":-3.9214798845,"GROSS_PROFIT":150321112.2,"GROSS_PROFIT_YOY":-30.955332793039,"HOLDER_PROFIT":45909778.72,"HOLDER_PROFIT_YOY":126.3214670982,"GROSS_PROFIT_RATIO":null,"EPS_TTM":0.018384310189,"OPERATE_INCOME_QOQ":-9.72836447561,"NET_PROFIT_RATIO":23.3595272252,"ROE_AVG":80.996644195646,"GROSS_PROFIT_QOQ":-9.72836447561,"ROA":33.220867489251,"HOLDER_PROFIT_QOQ":112.642835929023,"ROE_YEARLY":80.996644195646,"ROIC_YEARLY":47.789804759881,"TOTAL_ASSETS":158984112.72,"TOTAL_LIABILITIES":84797754.92,"TAX_EBT":24.16305194083,"OCF_SALES":22.451662634092,"TOTAL_PARENT_EQUITY":74186357.8,"DEBT_ASSET_RATIO":53.3372507914,"OPERATE_PROFIT":62309975.76,"PRETAX_PROFIT":60537481.92,"NETCASH_OPERATE":44125501.92,"NETCASH_INVEST":-14834746.64,"NETCASH_FINANCE":-870255.76,"END_CASH":51202011.04,"DIVI_RATIO":0.246465597751,"DIVIDEND_RATE":0.471698113208,"CURRENT_RATIO":1.697360282528,"COMMON_ACS":2000000000,"CURRENTDEBT_DEBT":99.488848967276,"ISSUED_COMMON_SHARES":980993000,"HK_COMMON_SHARES":980993000,"PER_SHARES":1000,"TOTAL_MARKET_CAP":1039852580,"HKSK_MARKET_CAP":1039852580,"PE_TTM":-21.944762688615,"PB_TTM":4.595099250539,"REPORT_DATE_SQ":"2019-12-31 00:00:00","REPORT_TYPE_SQ":"2019年年报","OPERATE_INCOME_SQ":217715745.88,"DPS_HKD":0.005,"OPERATE_INCOME_QOQ_SQ":23.70421106999,"NET_PROFIT_RATIO_SQ":9.9166412942,"HOLDER_PROFIT_SQ":21590089.56,"HOLDER_PROFIT_QOQ_SQ":149.853936850796,"ROE_AVG_SQ":57.046828956556,"PE_TTM_SQ":17.541000817411,"PB_TTM_SQ":5.044147439711,"ROA_SQ":18.635975272654,"START_DATE":"2020-01-01 00:00:00","FISCAL_YEAR":"12-31","CURRENCY":"HKD","IS_CNY_CODE":0,"DPS_HKD_LY":null,"ORG_TYPE":"一般企业","PREMIUM_INCOME":null,"PREMIUM_INCOME_YOY":null,"NET_INTEREST_INCOME":null,"NET_INTEREST_INCOME_YOY":null,"FEE_COMMISSION_INCOME":null,"FEE_COMMISSION_INCOME_YOY":null,"ACCOUNTS_RECE_TDAYS":7.988061437417,"INVENTORY_TDAYS":null,"CURRENT_ASSETS_TDAYS":1.652864190715,"TOTAL_ASSETS_TDAYS":1.422154959257,"PREMIUM_EXPENSE":null,"LOAN_DEPOSIT":null,"LOAN_EQUITY":null,"LOAN_ASSETS":null,"DEPOSIT_EQUITY":null,"DEPOSIT_ASSETS":null,"EQUITY_MULTIPLIER":2.143037041237,"EQUITY_RATIO":1.143037041239},{"SECUCODE":"02250.HK","SECURITY_CODE":"02250","SECURITY_NAME_ABBR":"小黄鸭德盈","ORG_CODE":"10000199573","STD_REPORT_DATE":"2020-06-30 00:00:00","REPORT_DATE":"2020-06-30 00:00:00","DATE_TYPE_CODE":"002","REPORT_TYPE":"2020年中报","PER_NETCASH_OPERATE":null,"PER_OI":null,"BPS":null,"BASIC_EPS":12.9982512,"DILUTED_EPS":12.9982512,"OPERATE_INCOME":84836653.44,"OPERATE_INCOME_YOY":null,"GROSS_PROFIT":84836653.44,"GROSS_PROFIT_YOY":null,"HOLDER_PROFIT":12993684,"HOLDER_PROFIT_YOY":null,"GROSS_PROFIT_RATIO":null,"EPS_TTM":0.008684936519,"OPERATE_INCOME_QOQ":0,"NET_PROFIT_RATIO":15.3161204186,"ROE_AVG":null,"GROSS_PROFIT_QOQ":0,"ROA":null,"HOLDER_PROFIT_QOQ":0,"ROE_YEARLY":null,"ROIC_YEARLY":null,"TOTAL_ASSETS":null,"TOTAL_LIABILITIES":null,"TAX_EBT":21.530229479259,"OCF_SALES":10.395581205048,"TOTAL_PARENT_EQUITY":null,"DEBT_ASSET_RATIO":null,"OPERATE_PROFIT":null,"PRETAX_PROFIT":16558840.32,"NETCASH_OPERATE":8819263.2,"NETCASH_INVEST":-11273676.48,"NETCASH_FINANCE":11101036.32,"END_CASH":32187798.72,"DIVI_RATIO":0.521719415007,"DIVIDEND_RATE":0.467289719626,"CURRENT_RATIO":null,"COMMON_ACS":2000000000,"CURRENTDEBT_DEBT":null,"ISSUED_COMMON_SHARES":980993000,"HK_COMMON_SHARES":980993000,"PER_SHARES":1000,"TOTAL_MARKET_CAP":1049662510,"HKSK_MARKET_CAP":1049662510,"PE_TTM":-22.151788751715,"PB_TTM":4.638449243469,"REPORT_DATE_SQ":"2019-06-30 00:00:00","REPORT_TYPE_SQ":"2019年中报","OPERATE_INCOME_SQ":null,"DPS_HKD":0.005,"OPERATE_INCOME_QOQ_SQ":0,"NET_PROFIT_RATIO_SQ":null,"HOLDER_PROFIT_SQ":null,"HOLDER_PROFIT_QOQ_SQ":0,"ROE_AVG_SQ":null,"PE_TTM_SQ":17.541000817411,"PB_TTM_SQ":5.044147439711,"ROA_SQ":null,"START_DATE":"2020-01-01 00:00:00","FISCAL_YEAR":"12-31","CURRENCY":"HKD","IS_CNY_CODE":0,"DPS_HKD_LY":null,"ORG_TYPE":"一般企业","PREMIUM_INCOME":null,"PREMIUM_INCOME_YOY":null,"NET_INTEREST_INCOME":null,"NET_INTEREST_INCOME_YOY":null,"FEE_COMMISSION_INCOME":null,"FEE_COMMISSION_INCOME_YOY":null,"ACCOUNTS_RECE_TDAYS":null,"INVENTORY_TDAYS":null,"CURRENT_ASSETS_TDAYS":1.65233325624,"TOTAL_ASSETS_TDAYS":1.331574646231,"PREMIUM_EXPENSE":null,"LOAN_DEPOSIT":null,"LOAN_EQUITY":null,"LOAN_ASSETS":null,"DEPOSIT_EQUITY":null,"DEPOSIT_ASSETS":null,"EQUITY_MULTIPLIER":null,"EQUITY_RATIO":null}],"count":11},"success":true,"message":"ok","code":0}