{"version":"2ce11470c41bb735f291843e22959b03","result":{"pages":2,"data":[{"SECUCODE":"02262.HK","SECURITY_CODE":"02262","SECURITY_NAME_ABBR":"梁志天设计集团","ORG_CODE":"10726613","STD_REPORT_DATE":"2024-06-30 00:00:00","REPORT_DATE":"2024-06-30 00:00:00","DATE_TYPE_CODE":"002","REPORT_TYPE":"2024年中报","PER_NETCASH_OPERATE":-0.020859525408,"PER_OI":0.131547666,"BPS":0.237926687781,"BASIC_EPS":-0.004928472,"DILUTED_EPS":-0.004928472,"OPERATE_INCOME":150148637.52,"OPERATE_INCOME_YOY":3.8310065386,"GROSS_PROFIT":58348545.08,"GROSS_PROFIT_YOY":4.743675692023,"HOLDER_PROFIT":-5602942.52,"HOLDER_PROFIT_YOY":64.5779239513,"GROSS_PROFIT_RATIO":38.860522508723,"EPS_TTM":-0.005868400466,"OPERATE_INCOME_QOQ":1.261162211934,"NET_PROFIT_RATIO":-4.4822933003,"ROE_AVG":-2.039230015446,"GROSS_PROFIT_QOQ":2.093770668437,"ROA":-1.272438411929,"HOLDER_PROFIT_QOQ":60.769811100609,"ROE_YEARLY":-4.078460030892,"ROIC_YEARLY":-3.534747942646,"TOTAL_ASSETS":426279971.52,"TOTAL_LIABILITIES":145362543.6,"TAX_EBT":-60.723626852659,"OCF_SALES":-15.857009129922,"TOTAL_PARENT_EQUITY":271569759.36,"DEBT_ASSET_RATIO":34.1002517856,"OPERATE_PROFIT":-2362015.84,"PRETAX_PROFIT":-4187375.84,"NETCASH_OPERATE":-23809083.16,"NETCASH_INVEST":-1546079.92,"NETCASH_FINANCE":-19654563.8,"END_CASH":90868246.16,"DIVI_RATIO":null,"DIVIDEND_RATE":null,"CURRENT_RATIO":2.634204799435,"COMMON_ACS":4000000000,"CURRENTDEBT_DEBT":85.399635838513,"ISSUED_COMMON_SHARES":1141401000,"HK_COMMON_SHARES":1141401000,"PER_SHARES":3000,"TOTAL_MARKET_CAP":856050750,"HKSK_MARKET_CAP":856050750,"PE_TTM":-111.916688456007,"PB_TTM":2.876978645749,"REPORT_DATE_SQ":"2023-06-30 00:00:00","REPORT_TYPE_SQ":"2023年中报","OPERATE_INCOME_SQ":146082199.12,"DPS_HKD":null,"OPERATE_INCOME_QOQ_SQ":-1.762603706856,"NET_PROFIT_RATIO_SQ":-11.2184746661,"HOLDER_PROFIT_SQ":-15978835.38,"HOLDER_PROFIT_QOQ_SQ":27.976187769713,"ROE_AVG_SQ":-5.502323986589,"PE_TTM_SQ":-3.356983403749,"PB_TTM_SQ":0.473811656799,"ROA_SQ":-3.425007435572,"START_DATE":"2024-01-01 00:00:00","FISCAL_YEAR":"12-31","CURRENCY":"HKD","IS_CNY_CODE":0,"DPS_HKD_LY":null,"ORG_TYPE":"一般企业","PREMIUM_INCOME":null,"PREMIUM_INCOME_YOY":null,"NET_INTEREST_INCOME":null,"NET_INTEREST_INCOME_YOY":null,"FEE_COMMISSION_INCOME":null,"FEE_COMMISSION_INCOME_YOY":null,"ACCOUNTS_RECE_TDAYS":1.143339657653,"INVENTORY_TDAYS":2483.53086419753,"CURRENT_ASSETS_TDAYS":0.447464154915,"TOTAL_ASSETS_TDAYS":0.340990280013,"PREMIUM_EXPENSE":null,"LOAN_DEPOSIT":null,"LOAN_EQUITY":null,"LOAN_ASSETS":null,"DEPOSIT_EQUITY":null,"DEPOSIT_ASSETS":null,"EQUITY_MULTIPLIER":1.517456480633,"EQUITY_RATIO":0.535267785127},{"SECUCODE":"02262.HK","SECURITY_CODE":"02262","SECURITY_NAME_ABBR":"梁志天设计集团","ORG_CODE":"10726613","STD_REPORT_DATE":"2023-12-31 00:00:00","REPORT_DATE":"2023-12-31 00:00:00","DATE_TYPE_CODE":"001","REPORT_TYPE":"2023年年报","PER_NETCASH_OPERATE":0.017247858798,"PER_OI":0.282491249491,"BPS":0.24178919272,"BASIC_EPS":-0.01495263,"DILUTED_EPS":-0.01495263,"OPERATE_INCOME":322435794.66,"OPERATE_INCOME_YOY":-6.6138760426,"GROSS_PROFIT":126208353.18,"GROSS_PROFIT_YOY":1.463571977962,"HOLDER_PROFIT":-17074091.02,"HOLDER_PROFIT_YOY":69.8259156644,"GROSS_PROFIT_RATIO":39.142165749024,"EPS_TTM":-0.014958889137,"OPERATE_INCOME_QOQ":-3.560177839013,"NET_PROFIT_RATIO":-5.6140617139,"ROE_AVG":-5.972178857897,"GROSS_PROFIT_QOQ":-4.906142084652,"ROA":-3.690919526945,"HOLDER_PROFIT_QOQ":57.498046780056,"ROE_YEARLY":-5.972178857897,"ROIC_YEARLY":-5.42652404076,"TOTAL_ASSETS":451166158.1,"TOTAL_LIABILITIES":164748077.34,"TAX_EBT":-15.562626554816,"OCF_SALES":6.105625865999,"TOTAL_PARENT_EQUITY":275978426.36,"DEBT_ASSET_RATIO":36.5160538711,"OPERATE_PROFIT":-11648551.88,"PRETAX_PROFIT":-15664012.7,"NETCASH_OPERATE":19686723.28,"NETCASH_INVEST":-608073.62,"NETCASH_FINANCE":-22128986.18,"END_CASH":134928908.24,"DIVI_RATIO":null,"DIVIDEND_RATE":null,"CURRENT_RATIO":2.505985416985,"COMMON_ACS":4000000000,"CURRENTDEBT_DEBT":82.756591142868,"ISSUED_COMMON_SHARES":1141401000,"HK_COMMON_SHARES":1141401000,"PER_SHARES":3000,"TOTAL_MARKET_CAP":410904360,"HKSK_MARKET_CAP":410904360,"PE_TTM":-53.720010458884,"PB_TTM":1.38094974996,"REPORT_DATE_SQ":"2022-12-31 00:00:00","REPORT_TYPE_SQ":"2022年年报","OPERATE_INCOME_SQ":340337656.54,"DPS_HKD":null,"OPERATE_INCOME_QOQ_SQ":-1.932514478258,"NET_PROFIT_RATIO_SQ":-15.7185526585,"HOLDER_PROFIT_SQ":-55776672.07,"HOLDER_PROFIT_QOQ_SQ":-73.314992208994,"ROE_AVG_SQ":-15.741355817263,"PE_TTM_SQ":-2.531058915525,"PB_TTM_SQ":0.357238947587,"ROA_SQ":-10.647057569751,"START_DATE":"2023-01-01 00:00:00","FISCAL_YEAR":"12-31","CURRENCY":"HKD","IS_CNY_CODE":0,"DPS_HKD_LY":null,"ORG_TYPE":"一般企业","PREMIUM_INCOME":null,"PREMIUM_INCOME_YOY":null,"NET_INTEREST_INCOME":null,"NET_INTEREST_INCOME_YOY":null,"FEE_COMMISSION_INCOME":null,"FEE_COMMISSION_INCOME_YOY":null,"ACCOUNTS_RECE_TDAYS":2.290914007746,"INVENTORY_TDAYS":4707.26086956522,"CURRENT_ASSETS_TDAYS":0.902604288222,"TOTAL_ASSETS_TDAYS":0.697011963508,"PREMIUM_EXPENSE":null,"LOAN_DEPOSIT":null,"LOAN_EQUITY":null,"LOAN_ASSETS":null,"DEPOSIT_EQUITY":null,"DEPOSIT_ASSETS":null,"EQUITY_MULTIPLIER":1.575201387087,"EQUITY_RATIO":0.596959985289},{"SECUCODE":"02262.HK","SECURITY_CODE":"02262","SECURITY_NAME_ABBR":"梁志天设计集团","ORG_CODE":"10726613","STD_REPORT_DATE":"2023-06-30 00:00:00","REPORT_DATE":"2023-06-30 00:00:00","DATE_TYPE_CODE":"002","REPORT_TYPE":"2023年中报","PER_NETCASH_OPERATE":-0.022034931124,"PER_OI":0.127984993109,"BPS":0.245180713334,"BASIC_EPS":-0.014014096,"DILUTED_EPS":-0.014014096,"OPERATE_INCOME":146082199.12,"OPERATE_INCOME_YOY":-10.9029257787,"GROSS_PROFIT":55706031.6,"GROSS_PROFIT_YOY":17.587511822735,"HOLDER_PROFIT":-15978835.38,"HOLDER_PROFIT_YOY":53.0719449785,"GROSS_PROFIT_RATIO":38.133346797607,"EPS_TTM":-0.035195768674,"OPERATE_INCOME_QOQ":-1.762603706856,"NET_PROFIT_RATIO":-11.2184746661,"ROE_AVG":-5.502323986589,"GROSS_PROFIT_QOQ":6.698344353937,"ROA":-3.425007435572,"HOLDER_PROFIT_QOQ":27.976187769713,"ROE_YEARLY":-11.004647973179,"ROIC_YEARLY":-9.596810476698,"TOTAL_ASSETS":450796589.12,"TOTAL_LIABILITIES":159780977.96,"TAX_EBT":-4.130052724077,"OCF_SALES":-17.216808462296,"TOTAL_PARENT_EQUITY":279849511.38,"DEBT_ASSET_RATIO":35.4441408423,"OPERATE_PROFIT":-13767927.34,"PRETAX_PROFIT":-15738198.6,"NETCASH_OPERATE":-25150692.42,"NETCASH_INVEST":-1194886.08,"NETCASH_FINANCE":-11118156.82,"END_CASH":102735309.42,"DIVI_RATIO":null,"DIVIDEND_RATE":null,"CURRENT_RATIO":2.726590229689,"COMMON_ACS":4000000000,"CURRENTDEBT_DEBT":76.245513612076,"ISSUED_COMMON_SHARES":1141401000,"HK_COMMON_SHARES":1141401000,"PER_SHARES":3000,"TOTAL_MARKET_CAP":410904360,"HKSK_MARKET_CAP":410904360,"PE_TTM":-53.720010458884,"PB_TTM":1.38094974996,"REPORT_DATE_SQ":"2022-06-30 00:00:00","REPORT_TYPE_SQ":"2022年中报","OPERATE_INCOME_SQ":152081003.27,"DPS_HKD":null,"OPERATE_INCOME_QOQ_SQ":-6.717692908485,"NET_PROFIT_RATIO_SQ":-20.3050052577,"HOLDER_PROFIT_SQ":-31583021.89,"HOLDER_PROFIT_QOQ_SQ":-1438.83868706485,"ROE_AVG_SQ":-8.901599376206,"PE_TTM_SQ":-2.531058915525,"PB_TTM_SQ":0.357238947587,"ROA_SQ":-6.151767814949,"START_DATE":"2023-01-01 00:00:00","FISCAL_YEAR":"12-31","CURRENCY":"HKD","IS_CNY_CODE":0,"DPS_HKD_LY":null,"ORG_TYPE":"一般企业","PREMIUM_INCOME":null,"PREMIUM_INCOME_YOY":null,"NET_INTEREST_INCOME":null,"NET_INTEREST_INCOME_YOY":null,"FEE_COMMISSION_INCOME":null,"FEE_COMMISSION_INCOME_YOY":null,"ACCOUNTS_RECE_TDAYS":0.956351421906,"INVENTORY_TDAYS":2154.37362637363,"CURRENT_ASSETS_TDAYS":0.410664461859,"TOTAL_ASSETS_TDAYS":0.313122080735,"PREMIUM_EXPENSE":null,"LOAN_DEPOSIT":null,"LOAN_EQUITY":null,"LOAN_ASSETS":null,"DEPOSIT_EQUITY":null,"DEPOSIT_ASSETS":null,"EQUITY_MULTIPLIER":1.549046071182,"EQUITY_RATIO":0.570953214005},{"SECUCODE":"02262.HK","SECURITY_CODE":"02262","SECURITY_NAME_ABBR":"梁志天设计集团","ORG_CODE":"10726613","STD_REPORT_DATE":"2022-12-31 00:00:00","REPORT_DATE":"2022-12-31 00:00:00","DATE_TYPE_CODE":"001","REPORT_TYPE":"2022年年报","PER_NETCASH_OPERATE":-0.027557989269,"PER_OI":0.298175362156,"BPS":0.255459813571,"BASIC_EPS":-0.048861869,"DILUTED_EPS":-0.048861869,"OPERATE_INCOME":340337656.54,"OPERATE_INCOME_YOY":-16.2697374927,"GROSS_PROFIT":124387847.5,"GROSS_PROFIT_YOY":-19.459502449271,"HOLDER_PROFIT":-55776672.07,"HOLDER_PROFIT_YOY":-2223.843537415,"GROSS_PROFIT_RATIO":36.548364575514,"EPS_TTM":-0.048866850537,"OPERATE_INCOME_QOQ":-1.932514478258,"NET_PROFIT_RATIO":-15.7185526585,"ROE_AVG":-15.741355817263,"GROSS_PROFIT_QOQ":-8.15936236219,"ROA":-10.647057569751,"HOLDER_PROFIT_QOQ":-73.314992208994,"ROE_YEARLY":-15.741355817263,"ROIC_YEARLY":-16.669291780014,"TOTAL_ASSETS":467254351.41,"TOTAL_LIABILITIES":164252701.06,"TAX_EBT":-0.271238656531,"OCF_SALES":-9.242208702317,"TOTAL_PARENT_EQUITY":291582086.67,"DEBT_ASSET_RATIO":35.1527386667,"OPERATE_PROFIT":-50061530.61,"PRETAX_PROFIT":-53351444.02,"NETCASH_OPERATE":-30956271.85,"NETCASH_INVEST":23149092.05,"NETCASH_FINANCE":-67723265.05,"END_CASH":136972235.26,"DIVI_RATIO":null,"DIVIDEND_RATE":null,"CURRENT_RATIO":2.60574523342,"COMMON_ACS":4000000000,"CURRENTDEBT_DEBT":85.855839197729,"ISSUED_COMMON_SHARES":1141401000,"HK_COMMON_SHARES":1141401000,"PER_SHARES":3000,"TOTAL_MARKET_CAP":410904360,"HKSK_MARKET_CAP":410904360,"PE_TTM":-53.720010458884,"PB_TTM":1.38094974996,"REPORT_DATE_SQ":"2021-12-31 00:00:00","REPORT_TYPE_SQ":"2021年年报","OPERATE_INCOME_SQ":372036616,"DPS_HKD":null,"OPERATE_INCOME_QOQ_SQ":0.352348836084,"NET_PROFIT_RATIO_SQ":0.362169943,"HOLDER_PROFIT_SQ":2403744,"HOLDER_PROFIT_QOQ_SQ":-90.638418217954,"ROE_AVG_SQ":0.615889315892,"PE_TTM_SQ":-2.531058915525,"PB_TTM_SQ":0.357238947587,"ROA_SQ":0.432388231687,"START_DATE":"2022-01-01 00:00:00","FISCAL_YEAR":"12-31","CURRENCY":"HKD","IS_CNY_CODE":0,"DPS_HKD_LY":0.05,"ORG_TYPE":"一般企业","PREMIUM_INCOME":null,"PREMIUM_INCOME_YOY":null,"NET_INTEREST_INCOME":null,"NET_INTEREST_INCOME_YOY":null,"FEE_COMMISSION_INCOME":null,"FEE_COMMISSION_INCOME_YOY":null,"ACCOUNTS_RECE_TDAYS":2.195306332936,"INVENTORY_TDAYS":460.48,"CURRENT_ASSETS_TDAYS":0.803580448843,"TOTAL_ASSETS_TDAYS":0.649661316793,"PREMIUM_EXPENSE":null,"LOAN_DEPOSIT":null,"LOAN_EQUITY":null,"LOAN_ASSETS":null,"DEPOSIT_EQUITY":null,"DEPOSIT_ASSETS":null,"EQUITY_MULTIPLIER":1.542085169735,"EQUITY_RATIO":0.563315472963},{"SECUCODE":"02262.HK","SECURITY_CODE":"02262","SECURITY_NAME_ABBR":"梁志天设计集团","ORG_CODE":"10726613","STD_REPORT_DATE":"2022-06-30 00:00:00","REPORT_DATE":"2022-06-30 00:00:00","DATE_TYPE_CODE":"002","REPORT_TYPE":"2022年中报","PER_NETCASH_OPERATE":-0.037746258335,"PER_OI":0.133240643096,"BPS":0.271860122385,"BASIC_EPS":-0.027708156,"DILUTED_EPS":-0.027708156,"OPERATE_INCOME":152081003.27,"OPERATE_INCOME_YOY":-16.4350024435,"GROSS_PROFIT":47374105.24,"GROSS_PROFIT_YOY":-28.628396103879,"HOLDER_PROFIT":-31583021.89,"HOLDER_PROFIT_YOY":-1123.3028539762,"GROSS_PROFIT_RATIO":31.150573852997,"EPS_TTM":-0.028195397244,"OPERATE_INCOME_QOQ":-6.717692908485,"NET_PROFIT_RATIO":-20.3050052577,"ROE_AVG":-8.901599376206,"GROSS_PROFIT_QOQ":-12.304074076277,"ROA":-6.151767814949,"HOLDER_PROFIT_QOQ":-1438.83868706485,"ROE_YEARLY":-17.803198752412,"ROIC_YEARLY":-19.68522089306,"TOTAL_ASSETS":471056610.99,"TOTAL_LIABILITIES":150957283.61,"TAX_EBT":-3.621545613683,"OCF_SALES":-28.329387683951,"TOTAL_PARENT_EQUITY":310301415.55,"DEBT_ASSET_RATIO":32.0465269116,"OPERATE_PROFIT":-28330734.32,"PRETAX_PROFIT":-29800805.93,"NETCASH_OPERATE":-43083617.01,"NETCASH_INVEST":26500627.72,"NETCASH_FINANCE":-35482688.29,"END_CASH":154914247.74,"DIVI_RATIO":null,"DIVIDEND_RATE":null,"CURRENT_RATIO":2.798661193091,"COMMON_ACS":4000000000,"CURRENTDEBT_DEBT":91.907386740238,"ISSUED_COMMON_SHARES":1141401000,"HK_COMMON_SHARES":1141401000,"PER_SHARES":3000,"TOTAL_MARKET_CAP":410904360,"HKSK_MARKET_CAP":410904360,"PE_TTM":-53.720010458884,"PB_TTM":1.38094974996,"REPORT_DATE_SQ":"2021-06-30 00:00:00","REPORT_TYPE_SQ":"2021年中报","OPERATE_INCOME_SQ":177073280.64,"DPS_HKD":null,"OPERATE_INCOME_QOQ_SQ":1.734898916062,"NET_PROFIT_RATIO_SQ":1.9068831999,"HOLDER_PROFIT_SQ":3002976.72,"HOLDER_PROFIT_QOQ_SQ":-9.015774138178,"ROE_AVG_SQ":0.760172760792,"PE_TTM_SQ":-2.531058915525,"PB_TTM_SQ":0.357238947587,"ROA_SQ":0.516150254214,"START_DATE":"2022-01-01 00:00:00","FISCAL_YEAR":"12-31","CURRENCY":"HKD","IS_CNY_CODE":0,"DPS_HKD_LY":0.05,"ORG_TYPE":"一般企业","PREMIUM_INCOME":null,"PREMIUM_INCOME_YOY":null,"NET_INTEREST_INCOME":null,"NET_INTEREST_INCOME_YOY":null,"FEE_COMMISSION_INCOME":null,"FEE_COMMISSION_INCOME_YOY":null,"ACCOUNTS_RECE_TDAYS":1.025024280728,"INVENTORY_TDAYS":121.70675944334,"CURRENT_ASSETS_TDAYS":0.358921417254,"TOTAL_ASSETS_TDAYS":0.296224669204,"PREMIUM_EXPENSE":null,"LOAN_DEPOSIT":null,"LOAN_EQUITY":null,"LOAN_ASSETS":null,"DEPOSIT_EQUITY":null,"DEPOSIT_ASSETS":null,"EQUITY_MULTIPLIER":1.471595129066,"EQUITY_RATIO":0.486485965082},{"SECUCODE":"02262.HK","SECURITY_CODE":"02262","SECURITY_NAME_ABBR":"梁志天设计集团","ORG_CODE":"10726613","STD_REPORT_DATE":"2021-12-31 00:00:00","REPORT_DATE":"2021-12-31 00:00:00","DATE_TYPE_CODE":"001","REPORT_TYPE":"2021年年报","PER_NETCASH_OPERATE":0.0478733248,"PER_OI":0.32594733665,"BPS":0.334457847505,"BASIC_EPS":0.00212576,"DILUTED_EPS":0.00212576,"OPERATE_INCOME":372036616,"OPERATE_INCOME_YOY":5.0952251174,"GROSS_PROFIT":154441369.6,"GROSS_PROFIT_YOY":-2.361145467115,"HOLDER_PROFIT":2403744,"HOLDER_PROFIT_YOY":-91.231994274,"GROSS_PROFIT_RATIO":41.51241113321,"EPS_TTM":0.002105959255,"OPERATE_INCOME_QOQ":0.352348836084,"NET_PROFIT_RATIO":0.362169943,"ROE_AVG":0.615889315892,"GROSS_PROFIT_QOQ":1.908009136386,"ROA":0.432388231687,"HOLDER_PROFIT_QOQ":-90.638418217954,"ROE_YEARLY":0.615889315892,"ROIC_YEARLY":0.721528167208,"TOTAL_ASSETS":531310819.2,"TOTAL_LIABILITIES":140592860.8,"TAX_EBT":70.258076159538,"OCF_SALES":14.68744162537,"TOTAL_PARENT_EQUITY":381750521.6,"DEBT_ASSET_RATIO":26.4615091053,"OPERATE_PROFIT":7808897.6,"PRETAX_PROFIT":4530321.6,"NETCASH_OPERATE":54642660.8,"NETCASH_INVEST":-23981025.6,"NETCASH_FINANCE":-57147787.2,"END_CASH":201670033.6,"DIVI_RATIO":null,"DIVIDEND_RATE":null,"CURRENT_RATIO":3.583580296356,"COMMON_ACS":4000000000,"CURRENTDEBT_DEBT":87.125926098233,"ISSUED_COMMON_SHARES":1141401000,"HK_COMMON_SHARES":1141401000,"PER_SHARES":3000,"TOTAL_MARKET_CAP":410904360,"HKSK_MARKET_CAP":410904360,"PE_TTM":-53.720010458884,"PB_TTM":1.38094974996,"REPORT_DATE_SQ":"2020-12-31 00:00:00","REPORT_TYPE_SQ":"2020年年报","OPERATE_INCOME_SQ":364408237.36,"DPS_HKD":null,"OPERATE_INCOME_QOQ_SQ":-14.862314489115,"NET_PROFIT_RATIO_SQ":7.9990946339,"HOLDER_PROFIT_SQ":28221030.84,"HOLDER_PROFIT_QOQ_SQ":-40.895216744149,"ROE_AVG_SQ":7.129969752223,"PE_TTM_SQ":-2.531058915525,"PB_TTM_SQ":0.357238947587,"ROA_SQ":4.83212017541,"START_DATE":"2021-01-01 00:00:00","FISCAL_YEAR":"12-31","CURRENCY":"HKD","IS_CNY_CODE":0,"DPS_HKD_LY":0.03,"ORG_TYPE":"一般企业","PREMIUM_INCOME":null,"PREMIUM_INCOME_YOY":null,"NET_INTEREST_INCOME":null,"NET_INTEREST_INCOME_YOY":null,"FEE_COMMISSION_INCOME":null,"FEE_COMMISSION_INCOME_YOY":null,"ACCOUNTS_RECE_TDAYS":2.318714664615,"INVENTORY_TDAYS":245.742382271468,"CURRENT_ASSETS_TDAYS":0.812270227766,"TOTAL_ASSETS_TDAYS":0.669223738114,"PREMIUM_EXPENSE":null,"LOAN_DEPOSIT":null,"LOAN_EQUITY":null,"LOAN_ASSETS":null,"DEPOSIT_EQUITY":null,"DEPOSIT_ASSETS":null,"EQUITY_MULTIPLIER":1.359832093144,"EQUITY_RATIO":0.368284659339},{"SECUCODE":"02262.HK","SECURITY_CODE":"02262","SECURITY_NAME_ABBR":"梁志天设计集团","ORG_CODE":"10726613","STD_REPORT_DATE":"2021-06-30 00:00:00","REPORT_DATE":"2021-06-30 00:00:00","DATE_TYPE_CODE":"002","REPORT_TYPE":"2021年中报","PER_NETCASH_OPERATE":-0.008160221085,"PER_OI":0.155202460335,"BPS":0.336593342392,"BASIC_EPS":0.002662656,"DILUTED_EPS":0.002579448,"OPERATE_INCOME":177073280.64,"OPERATE_INCOME_YOY":13.8424667794,"GROSS_PROFIT":66376685.76,"GROSS_PROFIT_YOY":-9.076817403429,"HOLDER_PROFIT":3002976.72,"HOLDER_PROFIT_YOY":-40.5730281574,"GROSS_PROFIT_RATIO":37.485432878463,"EPS_TTM":0.02250528648,"OPERATE_INCOME_QOQ":1.734898916062,"NET_PROFIT_RATIO":1.9068831999,"ROE_AVG":0.760172760792,"GROSS_PROFIT_QOQ":-4.189223830079,"ROA":0.516150254214,"HOLDER_PROFIT_QOQ":-9.015774138178,"ROE_YEARLY":1.520345521584,"ROIC_YEARLY":1.582108886704,"TOTAL_ASSETS":572789726.64,"TOTAL_LIABILITIES":178109220.24,"TAX_EBT":63.758149504332,"OCF_SALES":-5.257791060486,"TOTAL_PARENT_EQUITY":384187977.6,"DEBT_ASSET_RATIO":31.0950444738,"OPERATE_PROFIT":11045862,"PRETAX_PROFIT":9316799.76,"NETCASH_OPERATE":-9310143.12,"NETCASH_INVEST":-61554782.16,"NETCASH_FINANCE":-4652991.36,"END_CASH":154803491.52,"DIVI_RATIO":null,"DIVIDEND_RATE":null,"CURRENT_RATIO":3.08055006667,"COMMON_ACS":4000000000,"CURRENTDEBT_DEBT":87.240543229948,"ISSUED_COMMON_SHARES":1141401000,"HK_COMMON_SHARES":1141401000,"PER_SHARES":3000,"TOTAL_MARKET_CAP":410904360,"HKSK_MARKET_CAP":410904360,"PE_TTM":-53.720010458884,"PB_TTM":1.38094974996,"REPORT_DATE_SQ":"2020-06-30 00:00:00","REPORT_TYPE_SQ":"2020年中报","OPERATE_INCOME_SQ":170751166.08,"DPS_HKD":null,"OPERATE_INCOME_QOQ_SQ":-5.323166011399,"NET_PROFIT_RATIO_SQ":3.4413583549,"HOLDER_PROFIT_SQ":5547321.12,"HOLDER_PROFIT_QOQ_SQ":37.918288154122,"ROE_AVG_SQ":1.358530916477,"PE_TTM_SQ":-2.531058915525,"PB_TTM_SQ":0.357238947587,"ROA_SQ":0.889910730509,"START_DATE":"2021-01-01 00:00:00","FISCAL_YEAR":"12-31","CURRENCY":"HKD","IS_CNY_CODE":0,"DPS_HKD_LY":0.03,"ORG_TYPE":"一般企业","PREMIUM_INCOME":null,"PREMIUM_INCOME_YOY":null,"NET_INTEREST_INCOME":null,"NET_INTEREST_INCOME_YOY":null,"FEE_COMMISSION_INCOME":null,"FEE_COMMISSION_INCOME_YOY":null,"ACCOUNTS_RECE_TDAYS":0.98877218904,"INVENTORY_TDAYS":118.46482635797,"CURRENT_ASSETS_TDAYS":0.367297907447,"TOTAL_ASSETS_TDAYS":0.304352738428,"PREMIUM_EXPENSE":null,"LOAN_DEPOSIT":null,"LOAN_EQUITY":null,"LOAN_ASSETS":null,"DEPOSIT_EQUITY":null,"DEPOSIT_ASSETS":null,"EQUITY_MULTIPLIER":1.451274429195,"EQUITY_RATIO":0.463599151001},{"SECUCODE":"02262.HK","SECURITY_CODE":"02262","SECURITY_NAME_ABBR":"梁志天设计集团","ORG_CODE":"10726613","STD_REPORT_DATE":"2020-12-31 00:00:00","REPORT_DATE":"2020-12-31 00:00:00","DATE_TYPE_CODE":"001","REPORT_TYPE":"2020年年报","PER_NETCASH_OPERATE":0.041410778899,"PER_OI":0.319399148195,"BPS":0.359692022033,"BASIC_EPS":0.024744216,"DILUTED_EPS":0.02440756,"OPERATE_INCOME":364408237.36,"OPERATE_INCOME_YOY":-14.2092310863,"GROSS_PROFIT":158176138.32,"GROSS_PROFIT_YOY":-9.277668086287,"HOLDER_PROFIT":28221030.84,"HOLDER_PROFIT_YOY":-13.2400124198,"GROSS_PROFIT_RATIO":43.406301533118,"EPS_TTM":0.024735371727,"OPERATE_INCOME_QOQ":-14.862314489115,"NET_PROFIT_RATIO":7.9990946339,"ROE_AVG":7.129969752223,"GROSS_PROFIT_QOQ":-11.794313682558,"ROA":4.83212017541,"HOLDER_PROFIT_QOQ":-40.895216744149,"ROE_YEARLY":7.129969752223,"ROIC_YEARLY":8.21703298723,"TOTAL_ASSETS":597603957.08,"TOTAL_LIABILITIES":176900945.04,"TAX_EBT":39.96116908782,"OCF_SALES":12.965212691755,"TOTAL_PARENT_EQUITY":410552833.64,"DEBT_ASSET_RATIO":29.6017024225,"OPERATE_PROFIT":52241436.44,"PRETAX_PROFIT":48550845.04,"NETCASH_OPERATE":47246303.04,"NETCASH_INVEST":-10241917.16,"NETCASH_FINANCE":-41930504.8,"END_CASH":231672351.32,"DIVI_RATIO":null,"DIVIDEND_RATE":null,"CURRENT_RATIO":3.392880608904,"COMMON_ACS":4000000000,"CURRENTDEBT_DEBT":81.823242271131,"ISSUED_COMMON_SHARES":1141401000,"HK_COMMON_SHARES":1141401000,"PER_SHARES":3000,"TOTAL_MARKET_CAP":410904360,"HKSK_MARKET_CAP":410904360,"PE_TTM":-53.720010458884,"PB_TTM":1.38094974996,"REPORT_DATE_SQ":"2019-12-31 00:00:00","REPORT_TYPE_SQ":"2019年年报","OPERATE_INCOME_SQ":452087625.08,"DPS_HKD":null,"OPERATE_INCOME_QOQ_SQ":0.9355847512,"NET_PROFIT_RATIO_SQ":7.9506861692,"HOLDER_PROFIT_SQ":34620105.44,"HOLDER_PROFIT_QOQ_SQ":64.091134008229,"ROE_AVG_SQ":8.318777410068,"PE_TTM_SQ":-2.531058915525,"PB_TTM_SQ":0.357238947587,"ROA_SQ":5.945901039087,"START_DATE":"2020-01-01 00:00:00","FISCAL_YEAR":"12-31","CURRENCY":"HKD","IS_CNY_CODE":0,"DPS_HKD_LY":0.013,"ORG_TYPE":"一般企业","PREMIUM_INCOME":null,"PREMIUM_INCOME_YOY":null,"NET_INTEREST_INCOME":null,"NET_INTEREST_INCOME_YOY":null,"FEE_COMMISSION_INCOME":null,"FEE_COMMISSION_INCOME_YOY":null,"ACCOUNTS_RECE_TDAYS":2.067471421341,"INVENTORY_TDAYS":211.237931034483,"CURRENT_ASSETS_TDAYS":0.759374364227,"TOTAL_ASSETS_TDAYS":0.623954669061,"PREMIUM_EXPENSE":null,"LOAN_DEPOSIT":null,"LOAN_EQUITY":null,"LOAN_ASSETS":null,"DEPOSIT_EQUITY":null,"DEPOSIT_ASSETS":null,"EQUITY_MULTIPLIER":1.420488895913,"EQUITY_RATIO":0.430884725534},{"SECUCODE":"02262.HK","SECURITY_CODE":"02262","SECURITY_NAME_ABBR":"梁志天设计集团","ORG_CODE":"10726613","STD_REPORT_DATE":"2020-06-30 00:00:00","REPORT_DATE":"2020-06-30 00:00:00","DATE_TYPE_CODE":"002","REPORT_TYPE":"2020年中报","PER_NETCASH_OPERATE":-0.005617463824,"PER_OI":0.149776600695,"BPS":0.353155409536,"BASIC_EPS":0.004841232,"DILUTED_EPS":0.004841232,"OPERATE_INCOME":170751166.08,"OPERATE_INCOME_YOY":-15.5941264652,"GROSS_PROFIT":73003038.24,"GROSS_PROFIT_YOY":7.312423019679,"HOLDER_PROFIT":5547321.12,"HOLDER_PROFIT_YOY":170.4769641407,"GROSS_PROFIT_RATIO":42.754049600924,"EPS_TTM":0.041882301202,"OPERATE_INCOME_QOQ":-5.323166011399,"NET_PROFIT_RATIO":3.4413583549,"ROE_AVG":1.358530916477,"GROSS_PROFIT_QOQ":2.85315573331,"ROA":0.889910730509,"HOLDER_PROFIT_QOQ":37.918288154122,"ROE_YEARLY":2.717061832954,"ROIC_YEARLY":2.747152707176,"TOTAL_ASSETS":627592653.6,"TOTAL_LIABILITIES":214700418.24,"TAX_EBT":54.46630804077,"OCF_SALES":-3.750561701581,"TOTAL_PARENT_EQUITY":403091937.6,"DEBT_ASSET_RATIO":34.2101547888,"OPERATE_PROFIT":14785853.28,"PRETAX_PROFIT":12905080.32,"NETCASH_OPERATE":-6404127.84,"NETCASH_INVEST":-59661333.6,"NETCASH_FINANCE":-11931353.28,"END_CASH":169429418.4,"DIVI_RATIO":null,"DIVIDEND_RATE":null,"CURRENT_RATIO":2.991157361227,"COMMON_ACS":4000000000,"CURRENTDEBT_DEBT":78.905831198999,"ISSUED_COMMON_SHARES":1141401000,"HK_COMMON_SHARES":1141401000,"PER_SHARES":3000,"TOTAL_MARKET_CAP":410904360,"HKSK_MARKET_CAP":410904360,"PE_TTM":-53.720010458884,"PB_TTM":1.38094974996,"REPORT_DATE_SQ":"2019-06-30 00:00:00","REPORT_TYPE_SQ":"2019年中报","OPERATE_INCOME_SQ":194816540.88,"DPS_HKD":null,"OPERATE_INCOME_QOQ_SQ":1.447027784644,"NET_PROFIT_RATIO_SQ":-3.8204164936,"HOLDER_PROFIT_SQ":-7580030.22,"HOLDER_PROFIT_QOQ_SQ":-57.552686928609,"ROE_AVG_SQ":-1.949395352625,"PE_TTM_SQ":-2.531058915525,"PB_TTM_SQ":0.357238947587,"ROA_SQ":-1.372827822984,"START_DATE":"2020-01-01 00:00:00","FISCAL_YEAR":"12-31","CURRENCY":"HKD","IS_CNY_CODE":0,"DPS_HKD_LY":0.013,"ORG_TYPE":"一般企业","PREMIUM_INCOME":null,"PREMIUM_INCOME_YOY":null,"NET_INTEREST_INCOME":null,"NET_INTEREST_INCOME_YOY":null,"FEE_COMMISSION_INCOME":null,"FEE_COMMISSION_INCOME_YOY":null,"ACCOUNTS_RECE_TDAYS":0.898329316613,"INVENTORY_TDAYS":89.39933166249,"CURRENT_ASSETS_TDAYS":0.336333245771,"TOTAL_ASSETS_TDAYS":0.273921937552,"PREMIUM_EXPENSE":null,"LOAN_DEPOSIT":null,"LOAN_EQUITY":null,"LOAN_ASSETS":null,"DEPOSIT_EQUITY":null,"DEPOSIT_ASSETS":null,"EQUITY_MULTIPLIER":1.519991416289,"EQUITY_RATIO":0.532633868884}],"count":18},"success":true,"message":"ok","code":0}