{"version":"43c46fa3002353c2d83200c6a337141a","result":{"pages":2,"data":[{"SECUCODE":"02265.HK","SECURITY_CODE":"02265","SECURITY_NAME_ABBR":"鸿承环保科技","ORG_CODE":"10000198783","STD_REPORT_DATE":"2024-06-30 00:00:00","REPORT_DATE":"2024-06-30 00:00:00","DATE_TYPE_CODE":"002","REPORT_TYPE":"2024年中报","PER_NETCASH_OPERATE":0.036045,"PER_OI":0.105104,"BPS":0.49005,"BASIC_EPS":0.02,"DILUTED_EPS":0.02,"OPERATE_INCOME":105104000,"OPERATE_INCOME_YOY":113.8041864155,"GROSS_PROFIT":51877000,"GROSS_PROFIT_YOY":66.635616086342,"HOLDER_PROFIT":20446000,"HOLDER_PROFIT_YOY":94.2612826603,"GROSS_PROFIT_RATIO":49.35777896179,"EPS_TTM":0.027414,"OPERATE_INCOME_QOQ":51.806682223951,"NET_PROFIT_RATIO":19.453113107,"ROE_AVG":4.254088469061,"GROSS_PROFIT_QOQ":34.787201931784,"ROA":2.620116435381,"HOLDER_PROFIT_QOQ":56.714114217115,"ROE_YEARLY":8.508176938122,"ROIC_YEARLY":5.621322313936,"TOTAL_ASSETS":764039000,"TOTAL_LIABILITIES":273989000,"TAX_EBT":20.948035879988,"OCF_SALES":34.294603440402,"TOTAL_PARENT_EQUITY":490050000,"DEBT_ASSET_RATIO":35.8606039744,"OPERATE_PROFIT":29322000,"PRETAX_PROFIT":25864000,"NETCASH_OPERATE":36045000,"NETCASH_INVEST":-68318000,"NETCASH_FINANCE":-14258000,"END_CASH":29686000,"DIVI_RATIO":null,"DIVIDEND_RATE":null,"CURRENT_RATIO":1.009212799779,"COMMON_ACS":200000000000,"CURRENTDEBT_DEBT":52.808689399939,"ISSUED_COMMON_SHARES":1000000000,"HK_COMMON_SHARES":1000000000,"PER_SHARES":5000,"TOTAL_MARKET_CAP":840000000,"HKSK_MARKET_CAP":840000000,"PE_TTM":27.732138004515,"PB_TTM":1.564434649526,"REPORT_DATE_SQ":"2023-06-30 00:00:00","REPORT_TYPE_SQ":"2023年中报","OPERATE_INCOME_SQ":49159000,"DPS_HKD":null,"OPERATE_INCOME_QOQ_SQ":-29.36162764081,"NET_PROFIT_RATIO_SQ":21.4101181879,"HOLDER_PROFIT_SQ":10525000,"HOLDER_PROFIT_QOQ_SQ":-42.886705894086,"ROE_AVG_SQ":2.293545494463,"PE_TTM_SQ":14.584589579089,"PB_TTM_SQ":1.410253438351,"ROA_SQ":1.389317894414,"START_DATE":"2024-01-01 00:00:00","FISCAL_YEAR":"12-31","CURRENCY":"HKD","IS_CNY_CODE":0,"DPS_HKD_LY":null,"ORG_TYPE":"一般企业","PREMIUM_INCOME":null,"PREMIUM_INCOME_YOY":null,"NET_INTEREST_INCOME":null,"NET_INTEREST_INCOME_YOY":null,"FEE_COMMISSION_INCOME":null,"FEE_COMMISSION_INCOME_YOY":null,"ACCOUNTS_RECE_TDAYS":3.12786251023,"INVENTORY_TDAYS":1.689638753095,"CURRENT_ASSETS_TDAYS":0.601321025125,"TOTAL_ASSETS_TDAYS":0.134688798701,"PREMIUM_EXPENSE":null,"LOAN_DEPOSIT":null,"LOAN_EQUITY":null,"LOAN_ASSETS":null,"DEPOSIT_EQUITY":null,"DEPOSIT_ASSETS":null,"EQUITY_MULTIPLIER":1.559104173043,"EQUITY_RATIO":0.559104173044},{"SECUCODE":"02265.HK","SECURITY_CODE":"02265","SECURITY_NAME_ABBR":"鸿承环保科技","ORG_CODE":"10000198783","STD_REPORT_DATE":"2023-12-31 00:00:00","REPORT_DATE":"2023-12-31 00:00:00","DATE_TYPE_CODE":"001","REPORT_TYPE":"2023年年报","PER_NETCASH_OPERATE":0.037506,"PER_OI":0.107988,"BPS":0.47119,"BASIC_EPS":0.017,"DILUTED_EPS":0.017,"OPERATE_INCOME":107988000,"OPERATE_INCOME_YOY":-51.5316358544,"GROSS_PROFIT":59634000,"GROSS_PROFIT_YOY":-58.591813352776,"HOLDER_PROFIT":17493000,"HOLDER_PROFIT_YOY":-78.1926298993,"GROSS_PROFIT_RATIO":55.222802533615,"EPS_TTM":0.017493,"OPERATE_INCOME_QOQ":-31.385219496388,"NET_PROFIT_RATIO":16.1990221136,"ROE_AVG":3.783059600544,"GROSS_PROFIT_QOQ":-39.099886643315,"ROA":2.25071118768,"HOLDER_PROFIT_QOQ":-61.817348408783,"ROE_YEARLY":3.783059600544,"ROIC_YEARLY":2.465255929023,"TOTAL_ASSETS":796655000,"TOTAL_LIABILITIES":325465000,"TAX_EBT":17.275134777263,"OCF_SALES":34.731636848539,"TOTAL_PARENT_EQUITY":471190000,"DEBT_ASSET_RATIO":40.8539455599,"OPERATE_PROFIT":28769000,"PRETAX_PROFIT":21146000,"NETCASH_OPERATE":37506000,"NETCASH_INVEST":-75049000,"NETCASH_FINANCE":54488000,"END_CASH":76119000,"DIVI_RATIO":null,"DIVIDEND_RATE":null,"CURRENT_RATIO":1.145511741898,"COMMON_ACS":200000000000,"CURRENTDEBT_DEBT":54.597883028897,"ISSUED_COMMON_SHARES":1000000000,"HK_COMMON_SHARES":1000000000,"PER_SHARES":5000,"TOTAL_MARKET_CAP":820000000,"HKSK_MARKET_CAP":820000000,"PE_TTM":27.071849004407,"PB_TTM":1.527186205489,"REPORT_DATE_SQ":"2022-12-31 00:00:00","REPORT_TYPE_SQ":"2022年年报","OPERATE_INCOME_SQ":222801000,"DPS_HKD":null,"OPERATE_INCOME_QOQ_SQ":-13.361279509723,"NET_PROFIT_RATIO_SQ":36.003429069,"HOLDER_PROFIT_SQ":80216000,"HOLDER_PROFIT_QOQ_SQ":-14.401570770019,"ROE_AVG_SQ":19.058185960815,"PE_TTM_SQ":17.665840898615,"PB_TTM_SQ":1.708194305608,"ROA_SQ":11.621709137086,"START_DATE":"2023-01-01 00:00:00","FISCAL_YEAR":"12-31","CURRENCY":"HKD","IS_CNY_CODE":0,"DPS_HKD_LY":null,"ORG_TYPE":"一般企业","PREMIUM_INCOME":null,"PREMIUM_INCOME_YOY":null,"NET_INTEREST_INCOME":null,"NET_INTEREST_INCOME_YOY":null,"FEE_COMMISSION_INCOME":null,"FEE_COMMISSION_INCOME_YOY":null,"ACCOUNTS_RECE_TDAYS":1.926379164251,"INVENTORY_TDAYS":1.830550823396,"CURRENT_ASSETS_TDAYS":0.50663151129,"TOTAL_ASSETS_TDAYS":0.138941176319,"PREMIUM_EXPENSE":null,"LOAN_DEPOSIT":null,"LOAN_EQUITY":null,"LOAN_ASSETS":null,"DEPOSIT_EQUITY":null,"DEPOSIT_ASSETS":null,"EQUITY_MULTIPLIER":1.6907298542,"EQUITY_RATIO":0.690729854199},{"SECUCODE":"02265.HK","SECURITY_CODE":"02265","SECURITY_NAME_ABBR":"鸿承环保科技","ORG_CODE":"10000198783","STD_REPORT_DATE":"2023-06-30 00:00:00","REPORT_DATE":"2023-06-30 00:00:00","DATE_TYPE_CODE":"002","REPORT_TYPE":"2023年中报","PER_NETCASH_OPERATE":-0.020091,"PER_OI":0.049159,"BPS":0.464176,"BASIC_EPS":0.01,"DILUTED_EPS":0.01,"OPERATE_INCOME":49159000,"OPERATE_INCOME_YOY":-57.0952285363,"GROSS_PROFIT":31132000,"GROSS_PROFIT_YOY":-59.687151995442,"HOLDER_PROFIT":10525000,"HOLDER_PROFIT_YOY":-76.5731074855,"GROSS_PROFIT_RATIO":63.32919709514,"EPS_TTM":0.045814,"OPERATE_INCOME_QOQ":-29.36162764081,"NET_PROFIT_RATIO":21.4101181879,"ROE_AVG":2.293545494463,"GROSS_PROFIT_QOQ":-32.006388223449,"ROA":1.389317894414,"HOLDER_PROFIT_QOQ":-42.886705894086,"ROE_YEARLY":4.587090988927,"ROIC_YEARLY":2.971260640254,"TOTAL_ASSETS":757345000,"TOTAL_LIABILITIES":293169000,"TAX_EBT":22.723935389134,"OCF_SALES":-40.869423706748,"TOTAL_PARENT_EQUITY":464176000,"DEBT_ASSET_RATIO":38.7100990962,"OPERATE_PROFIT":16881000,"PRETAX_PROFIT":13620000,"NETCASH_OPERATE":-20091000,"NETCASH_INVEST":-31729000,"NETCASH_FINANCE":31723000,"END_CASH":39065000,"DIVI_RATIO":null,"DIVIDEND_RATE":null,"CURRENT_RATIO":1.065269021045,"COMMON_ACS":200000000000,"CURRENTDEBT_DEBT":64.055885854234,"ISSUED_COMMON_SHARES":1000000000,"HK_COMMON_SHARES":1000000000,"PER_SHARES":5000,"TOTAL_MARKET_CAP":820000000,"HKSK_MARKET_CAP":820000000,"PE_TTM":27.071849004407,"PB_TTM":1.527186205489,"REPORT_DATE_SQ":"2022-06-30 00:00:00","REPORT_TYPE_SQ":"2022年中报","OPERATE_INCOME_SQ":114577000,"DPS_HKD":null,"OPERATE_INCOME_QOQ_SQ":0.045906715997,"NET_PROFIT_RATIO_SQ":39.211185491,"HOLDER_PROFIT_SQ":44927000,"HOLDER_PROFIT_QOQ_SQ":9.460011914078,"ROE_AVG_SQ":11.159727906027,"PE_TTM_SQ":17.665840898615,"PB_TTM_SQ":1.708194305608,"ROA_SQ":6.913909689969,"START_DATE":"2023-01-01 00:00:00","FISCAL_YEAR":"12-31","CURRENCY":"HKD","IS_CNY_CODE":0,"DPS_HKD_LY":null,"ORG_TYPE":"一般企业","PREMIUM_INCOME":null,"PREMIUM_INCOME_YOY":null,"NET_INTEREST_INCOME":null,"NET_INTEREST_INCOME_YOY":null,"FEE_COMMISSION_INCOME":null,"FEE_COMMISSION_INCOME_YOY":null,"ACCOUNTS_RECE_TDAYS":0.784955250573,"INVENTORY_TDAYS":0.766894263289,"CURRENT_ASSETS_TDAYS":0.232544058203,"TOTAL_ASSETS_TDAYS":0.064890715792,"PREMIUM_EXPENSE":null,"LOAN_DEPOSIT":null,"LOAN_EQUITY":null,"LOAN_ASSETS":null,"DEPOSIT_EQUITY":null,"DEPOSIT_ASSETS":null,"EQUITY_MULTIPLIER":1.631590172694,"EQUITY_RATIO":0.631590172693},{"SECUCODE":"02265.HK","SECURITY_CODE":"02265","SECURITY_NAME_ABBR":"鸿承环保科技","ORG_CODE":"10000198783","STD_REPORT_DATE":"2022-12-31 00:00:00","REPORT_DATE":"2022-12-31 00:00:00","DATE_TYPE_CODE":"001","REPORT_TYPE":"2022年年报","PER_NETCASH_OPERATE":0.043054,"PER_OI":0.222801,"BPS":0.453617,"BASIC_EPS":0.08,"DILUTED_EPS":0.08,"OPERATE_INCOME":222801000,"OPERATE_INCOME_YOY":-13.3215065184,"GROSS_PROFIT":144015000,"GROSS_PROFIT_YOY":-13.563686124815,"HOLDER_PROFIT":80216000,"HOLDER_PROFIT_YOY":-6.3039491666,"GROSS_PROFIT_RATIO":64.638399289052,"EPS_TTM":0.080216,"OPERATE_INCOME_QOQ":-13.361279509723,"NET_PROFIT_RATIO":36.003429069,"ROE_AVG":19.058185960815,"GROSS_PROFIT_QOQ":-17.143235219663,"ROA":11.621709137086,"HOLDER_PROFIT_QOQ":-14.401570770019,"ROE_YEARLY":19.058185960815,"ROIC_YEARLY":14.776853231746,"TOTAL_ASSETS":757787000,"TOTAL_LIABILITIES":304170000,"TAX_EBT":22.69306014668,"OCF_SALES":19.323970718264,"TOTAL_PARENT_EQUITY":453617000,"DEBT_ASSET_RATIO":40.1392475722,"OPERATE_PROFIT":108800000,"PRETAX_PROFIT":103763000,"NETCASH_OPERATE":43054000,"NETCASH_INVEST":-221468000,"NETCASH_FINANCE":-623000,"END_CASH":59160000,"DIVI_RATIO":null,"DIVIDEND_RATE":null,"CURRENT_RATIO":1.036963929908,"COMMON_ACS":200000000000,"CURRENTDEBT_DEBT":70.619719235954,"ISSUED_COMMON_SHARES":1000000000,"HK_COMMON_SHARES":1000000000,"PER_SHARES":5000,"TOTAL_MARKET_CAP":820000000,"HKSK_MARKET_CAP":820000000,"PE_TTM":27.071849004407,"PB_TTM":1.527186205489,"REPORT_DATE_SQ":"2021-12-31 00:00:00","REPORT_TYPE_SQ":"2021年年报","OPERATE_INCOME_SQ":257043000,"DPS_HKD":null,"OPERATE_INCOME_QOQ_SQ":25.147522785698,"NET_PROFIT_RATIO_SQ":33.3068786156,"HOLDER_PROFIT_SQ":85613000,"HOLDER_PROFIT_QOQ_SQ":17.495368146572,"ROE_AVG_SQ":34.639536483326,"PE_TTM_SQ":17.665840898615,"PB_TTM_SQ":1.708194305608,"ROA_SQ":16.196638194425,"START_DATE":"2022-01-01 00:00:00","FISCAL_YEAR":"12-31","CURRENCY":"HKD","IS_CNY_CODE":0,"DPS_HKD_LY":0.0189,"ORG_TYPE":"一般企业","PREMIUM_INCOME":null,"PREMIUM_INCOME_YOY":null,"NET_INTEREST_INCOME":null,"NET_INTEREST_INCOME_YOY":null,"FEE_COMMISSION_INCOME":null,"FEE_COMMISSION_INCOME_YOY":null,"ACCOUNTS_RECE_TDAYS":3.520235734656,"INVENTORY_TDAYS":3.834521694693,"CURRENT_ASSETS_TDAYS":0.809671681061,"TOTAL_ASSETS_TDAYS":0.322794507013,"PREMIUM_EXPENSE":null,"LOAN_DEPOSIT":null,"LOAN_EQUITY":null,"LOAN_ASSETS":null,"DEPOSIT_EQUITY":null,"DEPOSIT_ASSETS":null,"EQUITY_MULTIPLIER":1.670543652464,"EQUITY_RATIO":0.670543652465},{"SECUCODE":"02265.HK","SECURITY_CODE":"02265","SECURITY_NAME_ABBR":"鸿承环保科技","ORG_CODE":"10000198783","STD_REPORT_DATE":"2022-06-30 00:00:00","REPORT_DATE":"2022-06-30 00:00:00","DATE_TYPE_CODE":"002","REPORT_TYPE":"2022年中报","PER_NETCASH_OPERATE":0.025395,"PER_OI":0.114577,"BPS":0.416979,"BASIC_EPS":0.04,"DILUTED_EPS":0.04,"OPERATE_INCOME":114577000,"OPERATE_INCOME_YOY":0.1030936842,"GROSS_PROFIT":77226000,"GROSS_PROFIT_YOY":10.278745644599,"HOLDER_PROFIT":44927000,"HOLDER_PROFIT_YOY":21.9914195721,"GROSS_PROFIT_RATIO":67.400961798616,"EPS_TTM":0.093712,"OPERATE_INCOME_QOQ":0.045906715997,"NET_PROFIT_RATIO":39.211185491,"ROE_AVG":11.159727906027,"GROSS_PROFIT_QOQ":4.320165172194,"ROA":6.913909689969,"HOLDER_PROFIT_QOQ":9.460011914078,"ROE_YEARLY":22.319455812053,"ROIC_YEARLY":18.833861712998,"TOTAL_ASSETS":676948000,"TOTAL_LIABILITIES":259969000,"TAX_EBT":23.283016290427,"OCF_SALES":22.164134163052,"TOTAL_PARENT_EQUITY":416979000,"DEBT_ASSET_RATIO":38.4030974314,"OPERATE_PROFIT":59416000,"PRETAX_PROFIT":58562000,"NETCASH_OPERATE":25395000,"NETCASH_INVEST":-162149000,"NETCASH_FINANCE":8759000,"END_CASH":109844000,"DIVI_RATIO":null,"DIVIDEND_RATE":null,"CURRENT_RATIO":1.809898744816,"COMMON_ACS":200000000000,"CURRENTDEBT_DEBT":48.512322623082,"ISSUED_COMMON_SHARES":1000000000,"HK_COMMON_SHARES":1000000000,"PER_SHARES":5000,"TOTAL_MARKET_CAP":820000000,"HKSK_MARKET_CAP":820000000,"PE_TTM":27.071849004407,"PB_TTM":1.527186205489,"REPORT_DATE_SQ":"2021-06-30 00:00:00","REPORT_TYPE_SQ":"2021年中报","OPERATE_INCOME_SQ":114459000,"DPS_HKD":null,"OPERATE_INCOME_QOQ_SQ":0,"NET_PROFIT_RATIO_SQ":32.1757135743,"HOLDER_PROFIT_SQ":36828000,"HOLDER_PROFIT_QOQ_SQ":0,"ROE_AVG_SQ":null,"PE_TTM_SQ":17.665840898615,"PB_TTM_SQ":1.708194305608,"ROA_SQ":null,"START_DATE":"2022-01-01 00:00:00","FISCAL_YEAR":"12-31","CURRENCY":"HKD","IS_CNY_CODE":0,"DPS_HKD_LY":0.0189,"ORG_TYPE":"一般企业","PREMIUM_INCOME":null,"PREMIUM_INCOME_YOY":null,"NET_INTEREST_INCOME":null,"NET_INTEREST_INCOME_YOY":null,"FEE_COMMISSION_INCOME":null,"FEE_COMMISSION_INCOME_YOY":null,"ACCOUNTS_RECE_TDAYS":1.918184557691,"INVENTORY_TDAYS":1.543429752066,"CURRENT_ASSETS_TDAYS":0.412248319733,"TOTAL_ASSETS_TDAYS":0.176324933903,"PREMIUM_EXPENSE":null,"LOAN_DEPOSIT":null,"LOAN_EQUITY":null,"LOAN_ASSETS":null,"DEPOSIT_EQUITY":null,"DEPOSIT_ASSETS":null,"EQUITY_MULTIPLIER":1.623458255691,"EQUITY_RATIO":0.623458255692},{"SECUCODE":"02265.HK","SECURITY_CODE":"02265","SECURITY_NAME_ABBR":"鸿承环保科技","ORG_CODE":"10000198783","STD_REPORT_DATE":"2021-12-31 00:00:00","REPORT_DATE":"2021-12-31 00:00:00","DATE_TYPE_CODE":"001","REPORT_TYPE":"2021年年报","PER_NETCASH_OPERATE":0.058166,"PER_OI":0.257043,"BPS":0.388184,"BASIC_EPS":0.11,"DILUTED_EPS":0.11,"OPERATE_INCOME":257043000,"OPERATE_INCOME_YOY":25.1475227857,"GROSS_PROFIT":166614000,"GROSS_PROFIT_YOY":34.481088672575,"HOLDER_PROFIT":85613000,"HOLDER_PROFIT_YOY":17.4953681466,"GROSS_PROFIT_RATIO":64.819504907739,"EPS_TTM":0.085613,"OPERATE_INCOME_QOQ":25.147522785698,"NET_PROFIT_RATIO":33.3068786156,"ROE_AVG":34.639536483326,"GROSS_PROFIT_QOQ":34.481088672575,"ROA":16.196638194425,"HOLDER_PROFIT_QOQ":17.495368146572,"ROE_YEARLY":34.639536483326,"ROIC_YEARLY":22.059122870755,"TOTAL_ASSETS":622664000,"TOTAL_LIABILITIES":234480000,"TAX_EBT":26.916444717613,"OCF_SALES":22.62889866676,"TOTAL_PARENT_EQUITY":388184000,"DEBT_ASSET_RATIO":37.6575488546,"OPERATE_PROFIT":123165000,"PRETAX_PROFIT":117144000,"NETCASH_OPERATE":58166000,"NETCASH_INVEST":-15263000,"NETCASH_FINANCE":147753000,"END_CASH":235593000,"DIVI_RATIO":null,"DIVIDEND_RATE":null,"CURRENT_RATIO":3.858488899358,"COMMON_ACS":200000000000,"CURRENTDEBT_DEBT":36.209911293074,"ISSUED_COMMON_SHARES":1000000000,"HK_COMMON_SHARES":1000000000,"PER_SHARES":5000,"TOTAL_MARKET_CAP":820000000,"HKSK_MARKET_CAP":820000000,"PE_TTM":27.071849004407,"PB_TTM":1.527186205489,"REPORT_DATE_SQ":"2020-12-31 00:00:00","REPORT_TYPE_SQ":"2020年年报","OPERATE_INCOME_SQ":205392000,"DPS_HKD":null,"OPERATE_INCOME_QOQ_SQ":53.662915968398,"NET_PROFIT_RATIO_SQ":35.47606528,"HOLDER_PROFIT_SQ":72865000,"HOLDER_PROFIT_QOQ_SQ":50.308393671226,"ROE_AVG_SQ":84.484097997612,"PE_TTM_SQ":17.665840898615,"PB_TTM_SQ":1.708194305608,"ROA_SQ":15.905551171606,"START_DATE":"2021-01-01 00:00:00","FISCAL_YEAR":"12-31","CURRENCY":"HKD","IS_CNY_CODE":0,"DPS_HKD_LY":null,"ORG_TYPE":"一般企业","PREMIUM_INCOME":null,"PREMIUM_INCOME_YOY":null,"NET_INTEREST_INCOME":null,"NET_INTEREST_INCOME_YOY":null,"FEE_COMMISSION_INCOME":null,"FEE_COMMISSION_INCOME_YOY":null,"ACCOUNTS_RECE_TDAYS":6.595666063662,"INVENTORY_TDAYS":3.880490055142,"CURRENT_ASSETS_TDAYS":1.104039377976,"TOTAL_ASSETS_TDAYS":0.48628508187,"PREMIUM_EXPENSE":null,"LOAN_DEPOSIT":null,"LOAN_EQUITY":null,"LOAN_ASSETS":null,"DEPOSIT_EQUITY":null,"DEPOSIT_ASSETS":null,"EQUITY_MULTIPLIER":1.604043443316,"EQUITY_RATIO":0.604043443316},{"SECUCODE":"02265.HK","SECURITY_CODE":"02265","SECURITY_NAME_ABBR":"鸿承环保科技","ORG_CODE":"10000198783","STD_REPORT_DATE":"2021-06-30 00:00:00","REPORT_DATE":"2021-06-30 00:00:00","DATE_TYPE_CODE":"002","REPORT_TYPE":"2021年中报","PER_NETCASH_OPERATE":null,"PER_OI":null,"BPS":null,"BASIC_EPS":0.05,"DILUTED_EPS":0.05,"OPERATE_INCOME":114459000,"OPERATE_INCOME_YOY":null,"GROSS_PROFIT":70028000,"GROSS_PROFIT_YOY":null,"HOLDER_PROFIT":36828000,"HOLDER_PROFIT_YOY":null,"GROSS_PROFIT_RATIO":61.18173319704,"EPS_TTM":0.020704986191,"OPERATE_INCOME_QOQ":0,"NET_PROFIT_RATIO":32.1757135743,"ROE_AVG":null,"GROSS_PROFIT_QOQ":0,"ROA":null,"HOLDER_PROFIT_QOQ":0,"ROE_YEARLY":null,"ROIC_YEARLY":null,"TOTAL_ASSETS":null,"TOTAL_LIABILITIES":null,"TAX_EBT":25.428259020775,"OCF_SALES":28.463467267755,"TOTAL_PARENT_EQUITY":null,"DEBT_ASSET_RATIO":null,"OPERATE_PROFIT":52279000,"PRETAX_PROFIT":49386000,"NETCASH_OPERATE":32579000,"NETCASH_INVEST":-12720000,"NETCASH_FINANCE":-25245000,"END_CASH":39893000,"DIVI_RATIO":null,"DIVIDEND_RATE":null,"CURRENT_RATIO":null,"COMMON_ACS":200000000000,"CURRENTDEBT_DEBT":null,"ISSUED_COMMON_SHARES":1000000000,"HK_COMMON_SHARES":1000000000,"PER_SHARES":5000,"TOTAL_MARKET_CAP":820000000,"HKSK_MARKET_CAP":820000000,"PE_TTM":27.071849004407,"PB_TTM":1.527186205489,"REPORT_DATE_SQ":"2020-06-30 00:00:00","REPORT_TYPE_SQ":"2020年中报","OPERATE_INCOME_SQ":null,"DPS_HKD":null,"OPERATE_INCOME_QOQ_SQ":0,"NET_PROFIT_RATIO_SQ":null,"HOLDER_PROFIT_SQ":null,"HOLDER_PROFIT_QOQ_SQ":0,"ROE_AVG_SQ":null,"PE_TTM_SQ":17.665840898615,"PB_TTM_SQ":1.708194305608,"ROA_SQ":null,"START_DATE":"2021-01-01 00:00:00","FISCAL_YEAR":"12-31","CURRENCY":"HKD","IS_CNY_CODE":0,"DPS_HKD_LY":null,"ORG_TYPE":"一般企业","PREMIUM_INCOME":null,"PREMIUM_INCOME_YOY":null,"NET_INTEREST_INCOME":null,"NET_INTEREST_INCOME_YOY":null,"FEE_COMMISSION_INCOME":null,"FEE_COMMISSION_INCOME_YOY":null,"ACCOUNTS_RECE_TDAYS":null,"INVENTORY_TDAYS":null,"CURRENT_ASSETS_TDAYS":1.658393462575,"TOTAL_ASSETS_TDAYS":0.526846579794,"PREMIUM_EXPENSE":null,"LOAN_DEPOSIT":null,"LOAN_EQUITY":null,"LOAN_ASSETS":null,"DEPOSIT_EQUITY":null,"DEPOSIT_ASSETS":null,"EQUITY_MULTIPLIER":null,"EQUITY_RATIO":null},{"SECUCODE":"02265.HK","SECURITY_CODE":"02265","SECURITY_NAME_ABBR":"鸿承环保科技","ORG_CODE":"10000198783","STD_REPORT_DATE":"2020-12-31 00:00:00","REPORT_DATE":"2020-12-31 00:00:00","DATE_TYPE_CODE":"001","REPORT_TYPE":"2020年年报","PER_NETCASH_OPERATE":0.019191574314,"PER_OI":0.058363254289,"BPS":0.106124,"BASIC_EPS":0.1,"DILUTED_EPS":0.1,"OPERATE_INCOME":205392000,"OPERATE_INCOME_YOY":53.6629159684,"GROSS_PROFIT":123894000,"GROSS_PROFIT_YOY":50.750136886293,"HOLDER_PROFIT":72865000,"HOLDER_PROFIT_YOY":50.3083936712,"GROSS_PROFIT_RATIO":60.320752512269,"EPS_TTM":0.020704986191,"OPERATE_INCOME_QOQ":53.662915968398,"NET_PROFIT_RATIO":35.47606528,"ROE_AVG":84.484097997612,"GROSS_PROFIT_QOQ":50.750136886293,"ROA":15.905551171606,"HOLDER_PROFIT_QOQ":50.308393671226,"ROE_YEARLY":84.484097997612,"ROIC_YEARLY":16.773672252136,"TOTAL_ASSETS":434506000,"TOTAL_LIABILITIES":328382000,"TAX_EBT":24.483619894496,"OCF_SALES":32.882974994158,"TOTAL_PARENT_EQUITY":106124000,"DEBT_ASSET_RATIO":75.5759414139,"OPERATE_PROFIT":102532000,"PRETAX_PROFIT":96489000,"NETCASH_OPERATE":67539000,"NETCASH_INVEST":-59148000,"NETCASH_FINANCE":34973000,"END_CASH":45363000,"DIVI_RATIO":null,"DIVIDEND_RATE":null,"CURRENT_RATIO":1.076211786903,"COMMON_ACS":200000000000,"CURRENTDEBT_DEBT":39.058474581433,"ISSUED_COMMON_SHARES":1000000000,"HK_COMMON_SHARES":1000000000,"PER_SHARES":5000,"TOTAL_MARKET_CAP":820000000,"HKSK_MARKET_CAP":820000000,"PE_TTM":27.071849004407,"PB_TTM":1.527186205489,"REPORT_DATE_SQ":"2019-12-31 00:00:00","REPORT_TYPE_SQ":"2019年年报","OPERATE_INCOME_SQ":133664000,"DPS_HKD":null,"OPERATE_INCOME_QOQ_SQ":30.683118076671,"NET_PROFIT_RATIO_SQ":36.2678058415,"HOLDER_PROFIT_SQ":48477000,"HOLDER_PROFIT_QOQ_SQ":57.926114151681,"ROE_AVG_SQ":115.061177503768,"PE_TTM_SQ":17.665840898615,"PB_TTM_SQ":1.708194305608,"ROA_SQ":12.219064482996,"START_DATE":"2020-01-01 00:00:00","FISCAL_YEAR":"12-31","CURRENCY":"HKD","IS_CNY_CODE":0,"DPS_HKD_LY":null,"ORG_TYPE":"一般企业","PREMIUM_INCOME":null,"PREMIUM_INCOME_YOY":null,"NET_INTEREST_INCOME":null,"NET_INTEREST_INCOME_YOY":null,"FEE_COMMISSION_INCOME":null,"FEE_COMMISSION_INCOME_YOY":null,"ACCOUNTS_RECE_TDAYS":17.720719554808,"INVENTORY_TDAYS":3.949311882148,"CURRENT_ASSETS_TDAYS":1.293779349747,"TOTAL_ASSETS_TDAYS":0.448345977663,"PREMIUM_EXPENSE":null,"LOAN_DEPOSIT":null,"LOAN_EQUITY":null,"LOAN_ASSETS":null,"DEPOSIT_EQUITY":null,"DEPOSIT_ASSETS":null,"EQUITY_MULTIPLIER":4.094323621419,"EQUITY_RATIO":3.094323621424},{"SECUCODE":"02265.HK","SECURITY_CODE":"02265","SECURITY_NAME_ABBR":"鸿承环保科技","ORG_CODE":"10000198783","STD_REPORT_DATE":"2019-12-31 00:00:00","REPORT_DATE":"2019-12-31 00:00:00","DATE_TYPE_CODE":"001","REPORT_TYPE":"2019年年报","PER_NETCASH_OPERATE":null,"PER_OI":null,"BPS":0.06637,"BASIC_EPS":48000,"DILUTED_EPS":48000,"OPERATE_INCOME":133664000,"OPERATE_INCOME_YOY":30.6831180767,"GROSS_PROFIT":82185000,"GROSS_PROFIT_YOY":42.388121762331,"HOLDER_PROFIT":48477000,"HOLDER_PROFIT_YOY":57.9261141517,"GROSS_PROFIT_RATIO":61.486264065119,"EPS_TTM":null,"OPERATE_INCOME_QOQ":30.683118076671,"NET_PROFIT_RATIO":36.2678058415,"ROE_AVG":115.061177503768,"GROSS_PROFIT_QOQ":42.388121762331,"ROA":12.219064482996,"HOLDER_PROFIT_QOQ":57.926114151681,"ROE_YEARLY":115.061177503768,"ROIC_YEARLY":12.440654303942,"TOTAL_ASSETS":481715000,"TOTAL_LIABILITIES":415345000,"TAX_EBT":23.553530033274,"OCF_SALES":75.084540339957,"TOTAL_PARENT_EQUITY":66370000,"DEBT_ASSET_RATIO":86.2221437987,"OPERATE_PROFIT":null,"PRETAX_PROFIT":63413000,"NETCASH_OPERATE":100361000,"NETCASH_INVEST":-124687000,"NETCASH_FINANCE":14305000,"END_CASH":2056000,"DIVI_RATIO":null,"DIVIDEND_RATE":null,"CURRENT_RATIO":0.670523578597,"COMMON_ACS":200000000000,"CURRENTDEBT_DEBT":64.442331074167,"ISSUED_COMMON_SHARES":1000000000,"HK_COMMON_SHARES":1000000000,"PER_SHARES":5000,"TOTAL_MARKET_CAP":820000000,"HKSK_MARKET_CAP":820000000,"PE_TTM":27.071849004407,"PB_TTM":1.527186205489,"REPORT_DATE_SQ":"2018-12-31 00:00:00","REPORT_TYPE_SQ":"2018年年报","OPERATE_INCOME_SQ":102281000,"DPS_HKD":null,"OPERATE_INCOME_QOQ_SQ":null,"NET_PROFIT_RATIO_SQ":30.0114390747,"HOLDER_PROFIT_SQ":30696000,"HOLDER_PROFIT_QOQ_SQ":null,"ROE_AVG_SQ":171.553121332365,"PE_TTM_SQ":17.665840898615,"PB_TTM_SQ":1.708194305608,"ROA_SQ":9.846351242983,"START_DATE":"2019-01-01 00:00:00","FISCAL_YEAR":"12-31","CURRENCY":"HKD","IS_CNY_CODE":0,"DPS_HKD_LY":null,"ORG_TYPE":"一般企业","PREMIUM_INCOME":null,"PREMIUM_INCOME_YOY":null,"NET_INTEREST_INCOME":null,"NET_INTEREST_INCOME_YOY":null,"FEE_COMMISSION_INCOME":null,"FEE_COMMISSION_INCOME_YOY":null,"ACCOUNTS_RECE_TDAYS":13.887168831169,"INVENTORY_TDAYS":4.720029340302,"CURRENT_ASSETS_TDAYS":0.825203578286,"TOTAL_ASSETS_TDAYS":0.336912151135,"PREMIUM_EXPENSE":null,"LOAN_DEPOSIT":null,"LOAN_EQUITY":null,"LOAN_ASSETS":null,"DEPOSIT_EQUITY":null,"DEPOSIT_ASSETS":null,"EQUITY_MULTIPLIER":7.258023203244,"EQUITY_RATIO":6.258023203254}],"count":10},"success":true,"message":"ok","code":0}