{"version":"6496e90d40dd2065135904857955b934","result":{"pages":3,"data":[{"SECUCODE":"02266.HK","SECURITY_CODE":"02266","SECURITY_NAME_ABBR":"黎氏企业","ORG_CODE":"10567486","STD_REPORT_DATE":"2024-06-30 00:00:00","REPORT_DATE":"2024-06-30 00:00:00","DATE_TYPE_CODE":"002","REPORT_TYPE":"2024年中报","PER_NETCASH_OPERATE":-0.013352355995,"PER_OI":0.180764920071,"BPS":0.244369764784,"BASIC_EPS":0.01148779801,"DILUTED_EPS":0.01148779801,"OPERATE_INCOME":72305968.02848,"OPERATE_INCOME_YOY":172.7193947272,"GROSS_PROFIT":16379832.60872,"GROSS_PROFIT_YOY":289.160079942475,"HOLDER_PROFIT":4666697.02237,"HOLDER_PROFIT_YOY":156.378776556,"GROSS_PROFIT_RATIO":22.653500195542,"EPS_TTM":-0.008152538394,"OPERATE_INCOME_QOQ":58.74564565573,"NET_PROFIT_RATIO":6.4540965976,"ROE_AVG":4.899818611146,"GROSS_PROFIT_QOQ":94.113750087736,"ROA":2.786101673455,"HOLDER_PROFIT_QOQ":79.985255419886,"ROE_YEARLY":9.799637222292,"ROIC_YEARLY":5.858648051231,"TOTAL_ASSETS":175665221.43153,"TOTAL_LIABILITIES":77917315.51798,"TAX_EBT":-2.643343051506,"OCF_SALES":-7.386585842785,"TOTAL_PARENT_EQUITY":97747905.91355,"DEBT_ASSET_RATIO":44.3555729945,"OPERATE_PROFIT":4586282.4363,"PRETAX_PROFIT":4546516.98165,"NETCASH_OPERATE":-5340942.39788,"NETCASH_INVEST":-28277.65664,"NETCASH_FINANCE":2479597.01662,"END_CASH":-2400949.78409,"DIVI_RATIO":null,"DIVIDEND_RATE":null,"CURRENT_RATIO":1.104563522487,"COMMON_ACS":1000000000,"CURRENTDEBT_DEBT":96.151926871867,"ISSUED_COMMON_SHARES":400000000,"HK_COMMON_SHARES":400000000,"PER_SHARES":2000,"TOTAL_MARKET_CAP":108000000,"HKSK_MARKET_CAP":108000000,"PE_TTM":-28.475587984524,"PB_TTM":1.008404628032,"REPORT_DATE_SQ":"2023-06-30 00:00:00","REPORT_TYPE_SQ":"2023年中报","OPERATE_INCOME_SQ":26794670.29911,"DPS_HKD":null,"OPERATE_INCOME_QOQ_SQ":-18.505686171524,"NET_PROFIT_RATIO_SQ":-31.2202113122,"HOLDER_PROFIT_SQ":-8365352.68779,"HOLDER_PROFIT_QOQ_SQ":-186.924797155836,"ROE_AVG_SQ":-7.884082855676,"PE_TTM_SQ":-32.897293850845,"PB_TTM_SQ":1.248130398271,"ROA_SQ":-4.726988292289,"START_DATE":"2024-01-01 00:00:00","FISCAL_YEAR":"12-31","CURRENCY":"HKD","IS_CNY_CODE":0,"DPS_HKD_LY":null,"ORG_TYPE":"一般企业","PREMIUM_INCOME":null,"PREMIUM_INCOME_YOY":null,"NET_INTEREST_INCOME":null,"NET_INTEREST_INCOME_YOY":null,"FEE_COMMISSION_INCOME":null,"FEE_COMMISSION_INCOME_YOY":null,"ACCOUNTS_RECE_TDAYS":3.469912217463,"INVENTORY_TDAYS":null,"CURRENT_ASSETS_TDAYS":0.972879139171,"TOTAL_ASSETS_TDAYS":0.431679574567,"PREMIUM_EXPENSE":null,"LOAN_DEPOSIT":null,"LOAN_EQUITY":null,"LOAN_ASSETS":null,"DEPOSIT_EQUITY":null,"DEPOSIT_ASSETS":null,"EQUITY_MULTIPLIER":1.797125163857,"EQUITY_RATIO":0.797125163857},{"SECUCODE":"02266.HK","SECURITY_CODE":"02266","SECURITY_NAME_ABBR":"黎氏企业","ORG_CODE":"10567486","STD_REPORT_DATE":"2023-12-31 00:00:00","REPORT_DATE":"2023-12-31 00:00:00","DATE_TYPE_CODE":"001","REPORT_TYPE":"2023年年报","PER_NETCASH_OPERATE":-0.039114073551,"PER_OI":0.193679451563,"BPS":0.230476548831,"BASIC_EPS":-0.04040982332,"DILUTED_EPS":-0.04040982332,"OPERATE_INCOME":77471780.62538,"OPERATE_INCOME_YOY":-48.8382751359,"GROSS_PROFIT":12932021.93682,"GROSS_PROFIT_YOY":-58.258576851959,"HOLDER_PROFIT":-16293065.06774,"HOLDER_PROFIT_YOY":-448.8901429646,"GROSS_PROFIT_RATIO":16.692558028779,"EPS_TTM":-0.040732662669,"OPERATE_INCOME_QOQ":-36.246998094191,"NET_PROFIT_RATIO":-21.030967581,"ROE_AVG":-16.239596877641,"GROSS_PROFIT_QOQ":-48.534055541484,"ROA":-9.45298862145,"HOLDER_PROFIT_QOQ":-307.59400001304,"ROE_YEARLY":-16.239596877641,"ROIC_YEARLY":-10.307038261691,"TOTAL_ASSETS":158395087.24694,"TOTAL_LIABILITIES":66204467.71446,"TAX_EBT":0.950600801068,"OCF_SALES":-20.195262447698,"TOTAL_PARENT_EQUITY":92190619.53248,"DEBT_ASSET_RATIO":41.7970461491,"OPERATE_PROFIT":-15572716.04334,"PRETAX_PROFIT":-16449433.5145,"NETCASH_OPERATE":-15645629.4202,"NETCASH_INVEST":859147.98276,"NETCASH_FINANCE":-766029.69424,"END_CASH":485796.35426,"DIVI_RATIO":null,"DIVIDEND_RATE":null,"CURRENT_RATIO":1.037498782507,"COMMON_ACS":1000000000,"CURRENTDEBT_DEBT":95.363772673593,"ISSUED_COMMON_SHARES":400000000,"HK_COMMON_SHARES":400000000,"PER_SHARES":2000,"TOTAL_MARKET_CAP":99200000,"HKSK_MARKET_CAP":99200000,"PE_TTM":-26.155354889489,"PB_TTM":0.926238325007,"REPORT_DATE_SQ":"2022-12-31 00:00:00","REPORT_TYPE_SQ":"2022年年报","OPERATE_INCOME_SQ":149113028.74952,"DPS_HKD":null,"OPERATE_INCOME_QOQ_SQ":33.083108700485,"NET_PROFIT_RATIO_SQ":3.0840096767,"HOLDER_PROFIT_SQ":4598660.23584,"HOLDER_PROFIT_QOQ_SQ":263.403935785387,"ROE_AVG_SQ":4.400352624194,"PE_TTM_SQ":-31.466976726896,"PB_TTM_SQ":1.193863859216,"ROA_SQ":2.480484151685,"START_DATE":"2023-01-01 00:00:00","FISCAL_YEAR":"12-31","CURRENCY":"HKD","IS_CNY_CODE":0,"DPS_HKD_LY":null,"ORG_TYPE":"一般企业","PREMIUM_INCOME":null,"PREMIUM_INCOME_YOY":null,"NET_INTEREST_INCOME":null,"NET_INTEREST_INCOME_YOY":null,"FEE_COMMISSION_INCOME":null,"FEE_COMMISSION_INCOME_YOY":null,"ACCOUNTS_RECE_TDAYS":4.265902384753,"INVENTORY_TDAYS":null,"CURRENT_ASSETS_TDAYS":0.997049180328,"TOTAL_ASSETS_TDAYS":0.449479491852,"PREMIUM_EXPENSE":null,"LOAN_DEPOSIT":null,"LOAN_EQUITY":null,"LOAN_ASSETS":null,"DEPOSIT_EQUITY":null,"DEPOSIT_ASSETS":null,"EQUITY_MULTIPLIER":1.718125857601,"EQUITY_RATIO":0.7181258576},{"SECUCODE":"02266.HK","SECURITY_CODE":"02266","SECURITY_NAME_ABBR":"黎氏企业","ORG_CODE":"10567486","STD_REPORT_DATE":"2023-06-30 00:00:00","REPORT_DATE":"2023-06-30 00:00:00","DATE_TYPE_CODE":"002","REPORT_TYPE":"2023年中报","PER_NETCASH_OPERATE":-0.017388002224,"PER_OI":0.066986675748,"BPS":0.254847652009,"BASIC_EPS":-0.02054052651,"DILUTED_EPS":-0.02054052651,"OPERATE_INCOME":26794670.29911,"OPERATE_INCOME_YOY":-54.2253413685,"GROSS_PROFIT":4209021.80181,"GROSS_PROFIT_YOY":-58.173086618667,"HOLDER_PROFIT":-8365352.68779,"HOLDER_PROFIT_YOY":-3469.4244604317,"GROSS_PROFIT_RATIO":15.708429157084,"EPS_TTM":-0.009993440205,"OPERATE_INCOME_QOQ":-18.505686171524,"NET_PROFIT_RATIO":-31.2202113122,"ROE_AVG":-7.884082855676,"GROSS_PROFIT_QOQ":-18.895060438098,"ROA":-4.726988292289,"HOLDER_PROFIT_QOQ":-186.924797155836,"ROE_YEARLY":-15.768165711352,"ROIC_YEARLY":-10.518957312708,"TOTAL_ASSETS":164522472.81414,"TOTAL_LIABILITIES":62583412.01049,"TAX_EBT":0.064013656247,"OCF_SALES":-25.957404259574,"TOTAL_PARENT_EQUITY":101939060.80365,"DEBT_ASSET_RATIO":38.0394306869,"OPERATE_PROFIT":-7922391.76827,"PRETAX_PROFIT":-8370711.08601,"NETCASH_OPERATE":-6955200.88956,"NETCASH_INVEST":-2363053.61502,"NETCASH_FINANCE":-1790598.07185,"END_CASH":5195860.14066,"DIVI_RATIO":null,"DIVIDEND_RATE":null,"CURRENT_RATIO":1.13415863179,"COMMON_ACS":1000000000,"CURRENTDEBT_DEBT":94.868501790887,"ISSUED_COMMON_SHARES":400000000,"HK_COMMON_SHARES":400000000,"PER_SHARES":2000,"TOTAL_MARKET_CAP":99200000,"HKSK_MARKET_CAP":99200000,"PE_TTM":-26.155354889489,"PB_TTM":0.926238325007,"REPORT_DATE_SQ":"2022-06-30 00:00:00","REPORT_TYPE_SQ":"2022年中报","OPERATE_INCOME_SQ":54389059.44035,"DPS_HKD":null,"OPERATE_INCOME_QOQ_SQ":-1.971672205465,"NET_PROFIT_RATIO_SQ":0.4241360897,"HOLDER_PROFIT_SQ":230683.62994,"HOLDER_PROFIT_QOQ_SQ":82.888972331496,"ROE_AVG_SQ":0.235046438581,"PE_TTM_SQ":-31.466976726896,"PB_TTM_SQ":1.193863859216,"ROA_SQ":0.126005380158,"START_DATE":"2023-01-01 00:00:00","FISCAL_YEAR":"12-31","CURRENCY":"HKD","IS_CNY_CODE":0,"DPS_HKD_LY":null,"ORG_TYPE":"一般企业","PREMIUM_INCOME":null,"PREMIUM_INCOME_YOY":null,"NET_INTEREST_INCOME":null,"NET_INTEREST_INCOME_YOY":null,"FEE_COMMISSION_INCOME":null,"FEE_COMMISSION_INCOME_YOY":null,"ACCOUNTS_RECE_TDAYS":1.997669618483,"INVENTORY_TDAYS":null,"CURRENT_ASSETS_TDAYS":0.337613089076,"TOTAL_ASSETS_TDAYS":0.151407953169,"PREMIUM_EXPENSE":null,"LOAN_DEPOSIT":null,"LOAN_EQUITY":null,"LOAN_ASSETS":null,"DEPOSIT_EQUITY":null,"DEPOSIT_ASSETS":null,"EQUITY_MULTIPLIER":1.613929650883,"EQUITY_RATIO":0.613929650883},{"SECUCODE":"02266.HK","SECURITY_CODE":"02266","SECURITY_NAME_ABBR":"黎氏企业","ORG_CODE":"10567486","STD_REPORT_DATE":"2022-12-31 00:00:00","REPORT_DATE":"2022-12-31 00:00:00","DATE_TYPE_CODE":"001","REPORT_TYPE":"2022年年报","PER_NETCASH_OPERATE":0.063127771014,"PER_OI":0.372782571874,"BPS":0.267028957534,"BASIC_EPS":0.01124578312,"DILUTED_EPS":0.01124578312,"OPERATE_INCOME":149113028.74952,"OPERATE_INCOME_YOY":19.6062921099,"GROSS_PROFIT":30981267.43536,"GROSS_PROFIT_YOY":58.827794996909,"HOLDER_PROFIT":4598660.23584,"HOLDER_PROFIT_YOY":125.6341016491,"GROSS_PROFIT_RATIO":20.777035846681,"EPS_TTM":0.01149665059,"OPERATE_INCOME_QOQ":33.083108700485,"NET_PROFIT_RATIO":3.0840096767,"ROE_AVG":4.400352624194,"GROSS_PROFIT_QOQ":51.54193451551,"ROA":2.480484151685,"HOLDER_PROFIT_QOQ":263.403935785387,"ROE_YEARLY":4.400352624194,"ROIC_YEARLY":2.693432099266,"TOTAL_ASSETS":183477546.78352,"TOTAL_LIABILITIES":76665963.77,"TAX_EBT":14.022319262494,"OCF_SALES":16.934206633289,"TOTAL_PARENT_EQUITY":106811583.01352,"DEBT_ASSET_RATIO":41.784929608,"OPERATE_PROFIT":6649718.06488,"PRETAX_PROFIT":5348667.46392,"NETCASH_OPERATE":25251108.4056,"NETCASH_INVEST":-31142.16864,"NETCASH_FINANCE":-15816761.42816,"END_CASH":15793404.80168,"DIVI_RATIO":null,"DIVIDEND_RATE":null,"CURRENT_RATIO":1.204420539739,"COMMON_ACS":1000000000,"CURRENTDEBT_DEBT":95.872496473907,"ISSUED_COMMON_SHARES":400000000,"HK_COMMON_SHARES":400000000,"PER_SHARES":2000,"TOTAL_MARKET_CAP":99200000,"HKSK_MARKET_CAP":99200000,"PE_TTM":-26.155354889489,"PB_TTM":0.926238325007,"REPORT_DATE_SQ":"2021-12-31 00:00:00","REPORT_TYPE_SQ":"2021年年报","OPERATE_INCOME_SQ":114298639.29072,"DPS_HKD":null,"OPERATE_INCOME_QOQ_SQ":-3.974729400549,"NET_PROFIT_RATIO_SQ":-14.3896972599,"HOLDER_PROFIT_SQ":-16447228.16608,"HOLDER_PROFIT_QOQ_SQ":73.571472396797,"ROE_AVG_SQ":-16.136888875055,"PE_TTM_SQ":-31.466976726896,"PB_TTM_SQ":1.193863859216,"ROA_SQ":-9.185494908513,"START_DATE":"2022-01-01 00:00:00","FISCAL_YEAR":"12-31","CURRENCY":"HKD","IS_CNY_CODE":0,"DPS_HKD_LY":null,"ORG_TYPE":"一般企业","PREMIUM_INCOME":null,"PREMIUM_INCOME_YOY":null,"NET_INTEREST_INCOME":null,"NET_INTEREST_INCOME_YOY":null,"FEE_COMMISSION_INCOME":null,"FEE_COMMISSION_INCOME_YOY":null,"ACCOUNTS_RECE_TDAYS":7.03965531324,"INVENTORY_TDAYS":null,"CURRENT_ASSETS_TDAYS":1.70102136478,"TOTAL_ASSETS_TDAYS":0.804304918507,"PREMIUM_EXPENSE":null,"LOAN_DEPOSIT":null,"LOAN_EQUITY":null,"LOAN_ASSETS":null,"DEPOSIT_EQUITY":null,"DEPOSIT_ASSETS":null,"EQUITY_MULTIPLIER":1.717768257028,"EQUITY_RATIO":0.717768257028},{"SECUCODE":"02266.HK","SECURITY_CODE":"02266","SECURITY_NAME_ABBR":"黎氏企业","ORG_CODE":"10567486","STD_REPORT_DATE":"2022-06-30 00:00:00","REPORT_DATE":"2022-06-30 00:00:00","DATE_TYPE_CODE":"002","REPORT_TYPE":"2022年中报","PER_NETCASH_OPERATE":-0.034783025389,"PER_OI":0.135972648601,"BPS":0.245630352545,"BASIC_EPS":0.00082979723,"DILUTED_EPS":0.00082979723,"OPERATE_INCOME":54389059.44035,"OPERATE_INCOME_YOY":-6.5631726753,"GROSS_PROFIT":10062951.00821,"GROSS_PROFIT_YOY":10.277363407557,"HOLDER_PROFIT":230683.62994,"HOLDER_PROFIT_YOY":101.6749005904,"GROSS_PROFIT_RATIO":18.50179266153,"EPS_TTM":-0.007035724406,"OPERATE_INCOME_QOQ":-1.971672205465,"NET_PROFIT_RATIO":0.4241360897,"ROE_AVG":0.235046438581,"GROSS_PROFIT_QOQ":4.807818050292,"ROA":0.126005380158,"HOLDER_PROFIT_QOQ":82.888972331496,"ROE_YEARLY":0.470092877163,"ROIC_YEARLY":0.260170514632,"TOTAL_ASSETS":186474522.91729,"TOTAL_LIABILITIES":88222381.89914,"TAX_EBT":-53.591160220995,"OCF_SALES":-25.580898619269,"TOTAL_PARENT_EQUITY":98252141.01815,"DEBT_ASSET_RATIO":47.3106891595,"OPERATE_PROFIT":703668.05104,"PRETAX_PROFIT":150193.29863,"NETCASH_OPERATE":-13913210.15541,"NETCASH_INVEST":2990589.21692,"NETCASH_FINANCE":3107590.62635,"END_CASH":-1685318.17413,"DIVI_RATIO":null,"DIVIDEND_RATE":null,"CURRENT_RATIO":1.065221592996,"COMMON_ACS":1000000000,"CURRENTDEBT_DEBT":97.328768411746,"ISSUED_COMMON_SHARES":400000000,"HK_COMMON_SHARES":400000000,"PER_SHARES":2000,"TOTAL_MARKET_CAP":99200000,"HKSK_MARKET_CAP":99200000,"PE_TTM":-26.155354889489,"PB_TTM":0.926238325007,"REPORT_DATE_SQ":"2021-06-30 00:00:00","REPORT_TYPE_SQ":"2021年中报","OPERATE_INCOME_SQ":56642653.94247,"DPS_HKD":null,"OPERATE_INCOME_QOQ_SQ":-9.23241482273,"NET_PROFIT_RATIO_SQ":-23.661064306,"HOLDER_PROFIT_SQ":-13402254.77394,"HOLDER_PROFIT_QOQ_SQ":5.435901289096,"ROE_AVG_SQ":-12.710689752878,"PE_TTM_SQ":-31.466976726896,"PB_TTM_SQ":1.193863859216,"ROA_SQ":-7.434281542396,"START_DATE":"2022-01-01 00:00:00","FISCAL_YEAR":"12-31","CURRENCY":"HKD","IS_CNY_CODE":0,"DPS_HKD_LY":null,"ORG_TYPE":"一般企业","PREMIUM_INCOME":null,"PREMIUM_INCOME_YOY":null,"NET_INTEREST_INCOME":null,"NET_INTEREST_INCOME_YOY":null,"FEE_COMMISSION_INCOME":null,"FEE_COMMISSION_INCOME_YOY":null,"ACCOUNTS_RECE_TDAYS":1.954729135291,"INVENTORY_TDAYS":null,"CURRENT_ASSETS_TDAYS":0.62257493078,"TOTAL_ASSETS_TDAYS":0.297087145412,"PREMIUM_EXPENSE":null,"LOAN_DEPOSIT":null,"LOAN_EQUITY":null,"LOAN_ASSETS":null,"DEPOSIT_EQUITY":null,"DEPOSIT_ASSETS":null,"EQUITY_MULTIPLIER":1.897918162238,"EQUITY_RATIO":0.89791816224},{"SECUCODE":"02266.HK","SECURITY_CODE":"02266","SECURITY_NAME_ABBR":"黎氏企业","ORG_CODE":"10567486","STD_REPORT_DATE":"2021-12-31 00:00:00","REPORT_DATE":"2021-12-31 00:00:00","DATE_TYPE_CODE":"001","REPORT_TYPE":"2021年年报","PER_NETCASH_OPERATE":0.007843721022,"PER_OI":0.285746598227,"BPS":0.234248881818,"BASIC_EPS":-0.04124100032,"DILUTED_EPS":-0.04124100032,"OPERATE_INCOME":114298639.29072,"OPERATE_INCOME_YOY":-8.818449274,"GROSS_PROFIT":19506200.0552,"GROSS_PROFIT_YOY":33.391902299024,"HOLDER_PROFIT":-16447228.16608,"HOLDER_PROFIT_YOY":74.2567374654,"GROSS_PROFIT_RATIO":17.065994990182,"EPS_TTM":-0.041118070415,"OPERATE_INCOME_QOQ":-3.974729400549,"NET_PROFIT_RATIO":-14.3896972599,"ROE_AVG":-16.136888875055,"GROSS_PROFIT_QOQ":52.065491505638,"ROA":-9.185494908513,"HOLDER_PROFIT_QOQ":73.571472396797,"ROE_YEARLY":-16.136888875055,"ROIC_YEARLY":-9.922060772503,"TOTAL_ASSETS":171727525.33248,"TOTAL_LIABILITIES":78027972.60544,"TAX_EBT":1.566265060241,"OCF_SALES":2.74499191629,"TOTAL_PARENT_EQUITY":93699552.72704,"DEBT_ASSET_RATIO":45.437079731,"OPERATE_PROFIT":-15412237.67728,"PRETAX_PROFIT":-16456745.32,"NETCASH_OPERATE":3137488.40896,"NETCASH_INVEST":-6654076.7824,"NETCASH_FINANCE":-4878334.48016,"END_CASH":5858601.33392,"DIVI_RATIO":null,"DIVIDEND_RATE":null,"CURRENT_RATIO":1.055469645806,"COMMON_ACS":1000000000,"CURRENTDEBT_DEBT":96.622418279395,"ISSUED_COMMON_SHARES":400000000,"HK_COMMON_SHARES":400000000,"PER_SHARES":2000,"TOTAL_MARKET_CAP":99200000,"HKSK_MARKET_CAP":99200000,"PE_TTM":-26.155354889489,"PB_TTM":0.926238325007,"REPORT_DATE_SQ":"2020-12-31 00:00:00","REPORT_TYPE_SQ":"2020年年报","OPERATE_INCOME_SQ":129121456.44165,"DPS_HKD":null,"OPERATE_INCOME_QOQ_SQ":-38.230529603859,"NET_PROFIT_RATIO_SQ":-50.1843984002,"HOLDER_PROFIT_SQ":-65810237.99671,"HOLDER_PROFIT_QOQ_SQ":-432.333206274233,"ROE_AVG_SQ":-44.389402572213,"PE_TTM_SQ":-31.466976726896,"PB_TTM_SQ":1.193863859216,"ROA_SQ":-27.900267375975,"START_DATE":"2021-01-01 00:00:00","FISCAL_YEAR":"12-31","CURRENCY":"HKD","IS_CNY_CODE":0,"DPS_HKD_LY":null,"ORG_TYPE":"一般企业","PREMIUM_INCOME":null,"PREMIUM_INCOME_YOY":null,"NET_INTEREST_INCOME":null,"NET_INTEREST_INCOME_YOY":null,"FEE_COMMISSION_INCOME":null,"FEE_COMMISSION_INCOME_YOY":null,"ACCOUNTS_RECE_TDAYS":7.377940461259,"INVENTORY_TDAYS":35.572023809524,"CURRENT_ASSETS_TDAYS":1.270234538195,"TOTAL_ASSETS_TDAYS":0.638338301538,"PREMIUM_EXPENSE":null,"LOAN_DEPOSIT":null,"LOAN_EQUITY":null,"LOAN_ASSETS":null,"DEPOSIT_EQUITY":null,"DEPOSIT_ASSETS":null,"EQUITY_MULTIPLIER":1.832746478872,"EQUITY_RATIO":0.832746478873},{"SECUCODE":"02266.HK","SECURITY_CODE":"02266","SECURITY_NAME_ABBR":"黎氏企业","ORG_CODE":"10567486","STD_REPORT_DATE":"2021-06-30 00:00:00","REPORT_DATE":"2021-06-30 00:00:00","DATE_TYPE_CODE":"002","REPORT_TYPE":"2021年中报","PER_NETCASH_OPERATE":-0.014990532587,"PER_OI":0.141606634856,"BPS":0.246849217191,"BASIC_EPS":-0.03310594323,"DILUTED_EPS":-0.03310594323,"OPERATE_INCOME":56642653.94247,"OPERATE_INCOME_YOY":-9.580830605,"GROSS_PROFIT":9125128.40103,"GROSS_PROFIT_YOY":-18.841193559948,"HOLDER_PROFIT":-13402254.77394,"HOLDER_PROFIT_YOY":13.3761285945,"GROSS_PROFIT_RATIO":16.109994440405,"EPS_TTM":-0.155582146053,"OPERATE_INCOME_QOQ":-9.23241482273,"NET_PROFIT_RATIO":-23.661064306,"ROE_AVG":-12.710689752878,"GROSS_PROFIT_QOQ":-14.173893104952,"ROA":-7.434281542396,"HOLDER_PROFIT_QOQ":5.435901289096,"ROE_YEARLY":-25.421379505755,"ROIC_YEARLY":-16.062865631487,"TOTAL_ASSETS":170791138.73748,"TOTAL_LIABILITIES":72051451.86096,"TAX_EBT":-0.842157409128,"OCF_SALES":-10.586038289926,"TOTAL_PARENT_EQUITY":98739686.87652,"DEBT_ASSET_RATIO":42.1868794796,"OPERATE_PROFIT":-12481748.05974,"PRETAX_PROFIT":-13039704.32247,"NETCASH_OPERATE":-5996213.03478,"NETCASH_INVEST":2663009.77494,"NETCASH_FINANCE":-2506362.14112,"END_CASH":8672142.2022,"DIVI_RATIO":null,"DIVIDEND_RATE":null,"CURRENT_RATIO":1.202869953063,"COMMON_ACS":1000000000,"CURRENTDEBT_DEBT":95.981262327416,"ISSUED_COMMON_SHARES":400000000,"HK_COMMON_SHARES":400000000,"PER_SHARES":2000,"TOTAL_MARKET_CAP":99200000,"HKSK_MARKET_CAP":99200000,"PE_TTM":-26.155354889489,"PB_TTM":0.926238325007,"REPORT_DATE_SQ":"2020-06-30 00:00:00","REPORT_TYPE_SQ":"2020年中报","OPERATE_INCOME_SQ":68749751.68872,"DPS_HKD":null,"OPERATE_INCOME_QOQ_SQ":-6.615230394141,"NET_PROFIT_RATIO_SQ":-23.9860297431,"HOLDER_PROFIT_SQ":-16979634.34956,"HOLDER_PROFIT_QOQ_SQ":-323.879958375154,"ROE_AVG_SQ":-8.933137834014,"PE_TTM_SQ":-31.466976726896,"PB_TTM_SQ":1.193863859216,"ROA_SQ":-5.776378978213,"START_DATE":"2021-01-01 00:00:00","FISCAL_YEAR":"12-31","CURRENCY":"HKD","IS_CNY_CODE":0,"DPS_HKD_LY":null,"ORG_TYPE":"一般企业","PREMIUM_INCOME":null,"PREMIUM_INCOME_YOY":null,"NET_INTEREST_INCOME":null,"NET_INTEREST_INCOME_YOY":null,"FEE_COMMISSION_INCOME":null,"FEE_COMMISSION_INCOME_YOY":null,"ACCOUNTS_RECE_TDAYS":4.451219899108,"INVENTORY_TDAYS":null,"CURRENT_ASSETS_TDAYS":0.611051345595,"TOTAL_ASSETS_TDAYS":0.314198949221,"PREMIUM_EXPENSE":null,"LOAN_DEPOSIT":null,"LOAN_EQUITY":null,"LOAN_ASSETS":null,"DEPOSIT_EQUITY":null,"DEPOSIT_ASSETS":null,"EQUITY_MULTIPLIER":1.729711164176,"EQUITY_RATIO":0.729711164175},{"SECUCODE":"02266.HK","SECURITY_CODE":"02266","SECURITY_NAME_ABBR":"黎氏企业","ORG_CODE":"10567486","STD_REPORT_DATE":"2020-12-31 00:00:00","REPORT_DATE":"2020-12-31 00:00:00","DATE_TYPE_CODE":"001","REPORT_TYPE":"2020年年报","PER_NETCASH_OPERATE":-0.031382751252,"PER_OI":0.322803641104,"BPS":0.283645663116,"BASIC_EPS":-0.16420494603,"DILUTED_EPS":-0.16420494603,"OPERATE_INCOME":129121456.44165,"OPERATE_INCOME_YOY":-38.9348347092,"GROSS_PROFIT":14623226.537,"GROSS_PROFIT_YOY":-62.702013868834,"HOLDER_PROFIT":-65810237.99671,"HOLDER_PROFIT_YOY":-1361.6601409554,"GROSS_PROFIT_RATIO":11.397191662202,"EPS_TTM":-0.164525594992,"OPERATE_INCOME_QOQ":-38.230529603859,"NET_PROFIT_RATIO":-50.1843984002,"ROE_AVG":-44.389402572213,"GROSS_PROFIT_QOQ":-53.983637773855,"ROA":-27.900267375975,"HOLDER_PROFIT_QOQ":-432.333206274233,"ROE_YEARLY":-44.389402572213,"ROIC_YEARLY":-32.383031238568,"TOTAL_ASSETS":191989076.4503,"TOTAL_LIABILITIES":78530811.20384,"TAX_EBT":1.674854565329,"OCF_SALES":-9.572519654627,"TOTAL_PARENT_EQUITY":113458265.24646,"DEBT_ASSET_RATIO":40.903791328,"OPERATE_PROFIT":-63707434.35949,"PRETAX_PROFIT":-65019440.04767,"NETCASH_OPERATE":-12553100.50098,"NETCASH_INVEST":-8133454.93868,"NETCASH_FINANCE":-8643225.5174,"END_CASH":17987385.58054,"DIVI_RATIO":null,"DIVIDEND_RATE":null,"CURRENT_RATIO":1.370729330229,"COMMON_ACS":1000000000,"CURRENTDEBT_DEBT":96.064622170439,"ISSUED_COMMON_SHARES":400000000,"HK_COMMON_SHARES":400000000,"PER_SHARES":2000,"TOTAL_MARKET_CAP":99200000,"HKSK_MARKET_CAP":99200000,"PE_TTM":-26.155354889489,"PB_TTM":0.926238325007,"REPORT_DATE_SQ":"2019-12-31 00:00:00","REPORT_TYPE_SQ":"2019年年报","OPERATE_INCOME_SQ":227339452.4635,"DPS_HKD":null,"OPERATE_INCOME_QOQ_SQ":29.724590503222,"NET_PROFIT_RATIO_SQ":2.4289572793,"HOLDER_PROFIT_SQ":5521978.17925,"HOLDER_PROFIT_QOQ_SQ":-49.763229251018,"ROE_AVG_SQ":2.890690256993,"PE_TTM_SQ":-31.466976726896,"PB_TTM_SQ":1.193863859216,"ROA_SQ":1.906607582236,"START_DATE":"2020-01-01 00:00:00","FISCAL_YEAR":"12-31","CURRENCY":"HKD","IS_CNY_CODE":0,"DPS_HKD_LY":0.01125,"ORG_TYPE":"一般企业","PREMIUM_INCOME":null,"PREMIUM_INCOME_YOY":null,"NET_INTEREST_INCOME":null,"NET_INTEREST_INCOME_YOY":null,"FEE_COMMISSION_INCOME":null,"FEE_COMMISSION_INCOME_YOY":null,"ACCOUNTS_RECE_TDAYS":5.902089284714,"INVENTORY_TDAYS":null,"CURRENT_ASSETS_TDAYS":0.933582254481,"TOTAL_ASSETS_TDAYS":0.555955003256,"PREMIUM_EXPENSE":null,"LOAN_DEPOSIT":null,"LOAN_EQUITY":null,"LOAN_ASSETS":null,"DEPOSIT_EQUITY":null,"DEPOSIT_ASSETS":null,"EQUITY_MULTIPLIER":1.692155930933,"EQUITY_RATIO":0.692155930934},{"SECUCODE":"02266.HK","SECURITY_CODE":"02266","SECURITY_NAME_ABBR":"黎氏企业","ORG_CODE":"10567486","STD_REPORT_DATE":"2020-06-30 00:00:00","REPORT_DATE":"2020-06-30 00:00:00","DATE_TYPE_CODE":"002","REPORT_TYPE":"2020年中报","PER_NETCASH_OPERATE":-0.021398451044,"PER_OI":0.171874379222,"BPS":0.453962190579,"BASIC_EPS":-0.04253548608,"DILUTED_EPS":-0.04253548608,"OPERATE_INCOME":68749751.68872,"OPERATE_INCOME_YOY":-20.8395267257,"GROSS_PROFIT":11243546.82048,"GROSS_PROFIT_YOY":-39.15534992614,"HOLDER_PROFIT":-16979634.34956,"HOLDER_PROFIT_YOY":-1900.8458646617,"GROSS_PROFIT_RATIO":16.601572279806,"EPS_TTM":-0.030906506123,"OPERATE_INCOME_QOQ":-6.615230394141,"NET_PROFIT_RATIO":-23.9860297431,"ROE_AVG":-8.933137834014,"GROSS_PROFIT_QOQ":-17.15763609831,"ROA":-5.776378978213,"HOLDER_PROFIT_QOQ":-323.879958375154,"ROE_YEARLY":-17.866275668027,"ROIC_YEARLY":-13.657966345134,"TOTAL_ASSETS":284431250.79312,"TOTAL_LIABILITIES":102846374.56164,"TAX_EBT":9.844324651116,"OCF_SALES":-12.091282359421,"TOTAL_PARENT_EQUITY":181584876.23148,"DEBT_ASSET_RATIO":36.1586057351,"OPERATE_PROFIT":-16836077.08404,"PRETAX_PROFIT":-17589309.65004,"NETCASH_OPERATE":-8559380.41764,"NETCASH_INVEST":28634357.53548,"NETCASH_FINANCE":-3814901.4078,"END_CASH":36101107.65444,"DIVI_RATIO":null,"DIVIDEND_RATE":null,"CURRENT_RATIO":1.911639713093,"COMMON_ACS":1000000000,"CURRENTDEBT_DEBT":89.614764904057,"ISSUED_COMMON_SHARES":400000000,"HK_COMMON_SHARES":400000000,"PER_SHARES":2000,"TOTAL_MARKET_CAP":99200000,"HKSK_MARKET_CAP":99200000,"PE_TTM":-26.155354889489,"PB_TTM":0.926238325007,"REPORT_DATE_SQ":"2019-06-30 00:00:00","REPORT_TYPE_SQ":"2019年中报","OPERATE_INCOME_SQ":85828711.26588,"DPS_HKD":null,"OPERATE_INCOME_QOQ_SQ":18.611410515296,"NET_PROFIT_RATIO_SQ":1.0543631211,"HOLDER_PROFIT_SQ":904946.27888,"HOLDER_PROFIT_QOQ_SQ":457.613559640035,"ROE_AVG_SQ":0.487579105586,"PE_TTM_SQ":-31.466976726896,"PB_TTM_SQ":1.193863859216,"ROA_SQ":0.318181342432,"START_DATE":"2020-01-01 00:00:00","FISCAL_YEAR":"12-31","CURRENCY":"HKD","IS_CNY_CODE":0,"DPS_HKD_LY":0.01125,"ORG_TYPE":"一般企业","PREMIUM_INCOME":null,"PREMIUM_INCOME_YOY":null,"NET_INTEREST_INCOME":null,"NET_INTEREST_INCOME_YOY":null,"FEE_COMMISSION_INCOME":null,"FEE_COMMISSION_INCOME_YOY":null,"ACCOUNTS_RECE_TDAYS":2.178107189983,"INVENTORY_TDAYS":null,"CURRENT_ASSETS_TDAYS":0.383941402364,"TOTAL_ASSETS_TDAYS":0.240822638847,"PREMIUM_EXPENSE":null,"LOAN_DEPOSIT":null,"LOAN_EQUITY":null,"LOAN_ASSETS":null,"DEPOSIT_EQUITY":null,"DEPOSIT_ASSETS":null,"EQUITY_MULTIPLIER":1.566381830338,"EQUITY_RATIO":0.566381830338}],"count":22},"success":true,"message":"ok","code":0}