{"version":"3d9608e179e6a730fb3b07b39239762a","result":{"pages":3,"data":[{"SECUCODE":"02269.HK","SECURITY_CODE":"02269","SECURITY_NAME_ABBR":"药明生物","ORG_CODE":"10641168","STD_REPORT_DATE":"2024-06-30 00:00:00","REPORT_DATE":"2024-06-30 00:00:00","DATE_TYPE_CODE":"002","REPORT_TYPE":"2024年中报","PER_NETCASH_OPERATE":0.313524433165,"PER_OI":2.064500697851,"BPS":9.89890835116,"BASIC_EPS":0.37,"DILUTED_EPS":0.35,"OPERATE_INCOME":8574214000,"OPERATE_INCOME_YOY":0.9675877874,"GROSS_PROFIT":3349951000,"GROSS_PROFIT_YOY":-5.917008038456,"HOLDER_PROFIT":1499080000,"HOLDER_PROFIT_YOY":-33.8643607928,"GROSS_PROFIT_RATIO":39.070065197813,"EPS_TTM":0.63376566993,"OPERATE_INCOME_QOQ":0.482369202527,"NET_PROFIT_RATIO":20.7635358763,"ROE_AVG":3.702034936306,"GROSS_PROFIT_QOQ":-3.085618845382,"ROA":2.660739751784,"HOLDER_PROFIT_QOQ":-22.578123138638,"ROE_YEARLY":7.404069872613,"ROIC_YEARLY":7.012738293779,"TOTAL_ASSETS":56105719000,"TOTAL_LIABILITIES":11464904000,"TAX_EBT":11.355786289128,"OCF_SALES":15.186453242245,"TOTAL_PARENT_EQUITY":40655213000,"DEBT_ASSET_RATIO":20.4344658697,"OPERATE_PROFIT":2076451000,"PRETAX_PROFIT":2008377000,"NETCASH_OPERATE":1302119000,"NETCASH_INVEST":-382525000,"NETCASH_FINANCE":-1475584000,"END_CASH":9153528000,"DIVI_RATIO":null,"DIVIDEND_RATE":null,"CURRENT_RATIO":2.910697824579,"COMMON_ACS":6000000000,"CURRENTDEBT_DEBT":59.383349393942,"ISSUED_COMMON_SHARES":4107040045,"HK_COMMON_SHARES":4107040045,"PER_SHARES":500,"TOTAL_MARKET_CAP":99801073093.5,"HKSK_MARKET_CAP":99801073093.5,"PE_TTM":33.997209576129,"PB_TTM":2.240461595687,"REPORT_DATE_SQ":"2023-06-30 00:00:00","REPORT_TYPE_SQ":"2023年中报","OPERATE_INCOME_SQ":8492046000,"DPS_HKD":null,"OPERATE_INCOME_QOQ_SQ":8.419900633061,"NET_PROFIT_RATIO_SQ":27.5299968936,"HOLDER_PROFIT_SQ":2266675000,"HOLDER_PROFIT_QOQ_SQ":-6.071756442909,"ROE_AVG_SQ":6.228345359308,"PE_TTM_SQ":16.505721527236,"PB_TTM_SQ":1.791467838052,"ROA_SQ":4.457325105259,"START_DATE":"2024-01-01 00:00:00","FISCAL_YEAR":"12-31","CURRENCY":"HKD","IS_CNY_CODE":0,"DPS_HKD_LY":null,"ORG_TYPE":"一般企业","PREMIUM_INCOME":null,"PREMIUM_INCOME_YOY":null,"NET_INTEREST_INCOME":null,"NET_INTEREST_INCOME_YOY":null,"FEE_COMMISSION_INCOME":null,"FEE_COMMISSION_INCOME_YOY":null,"ACCOUNTS_RECE_TDAYS":1.343521213207,"INVENTORY_TDAYS":2.802494437806,"CURRENT_ASSETS_TDAYS":0.418101479483,"TOTAL_ASSETS_TDAYS":0.152185020347,"PREMIUM_EXPENSE":null,"LOAN_DEPOSIT":null,"LOAN_EQUITY":null,"LOAN_ASSETS":null,"DEPOSIT_EQUITY":null,"DEPOSIT_ASSETS":null,"EQUITY_MULTIPLIER":1.25682559783,"EQUITY_RATIO":0.282003294387},{"SECUCODE":"02269.HK","SECURITY_CODE":"02269","SECURITY_NAME_ABBR":"药明生物","ORG_CODE":"10641168","STD_REPORT_DATE":"2023-12-31 00:00:00","REPORT_DATE":"2023-12-31 00:00:00","DATE_TYPE_CODE":"001","REPORT_TYPE":"2023年年报","PER_NETCASH_OPERATE":1.096350281773,"PER_OI":4.000998833913,"BPS":9.820112917842,"BASIC_EPS":0.82,"DILUTED_EPS":0.77,"OPERATE_INCOME":17034255000,"OPERATE_INCOME_YOY":11.5635229287,"GROSS_PROFIT":6827901000,"GROSS_PROFIT_YOY":1.545014629654,"HOLDER_PROFIT":3399729000,"HOLDER_PROFIT_YOY":-23.0880309555,"GROSS_PROFIT_RATIO":40.083355567942,"EPS_TTM":0.798526954341,"OPERATE_INCOME_QOQ":2.899488264838,"NET_PROFIT_RATIO":20.9614333001,"ROE_AVG":9.020360629865,"GROSS_PROFIT_QOQ":-0.633637107559,"ROA":6.406115403441,"HOLDER_PROFIT_QOQ":-18.116249030263,"ROE_YEARLY":9.020360629865,"ROIC_YEARLY":8.039215486901,"TOTAL_ASSETS":56575726000,"TOTAL_LIABILITIES":12557844000,"TAX_EBT":14.451544550617,"OCF_SALES":27.401914553939,"TOTAL_PARENT_EQUITY":40331597000,"DEBT_ASSET_RATIO":22.1965229399,"OPERATE_PROFIT":4332291000,"PRETAX_PROFIT":4173803000,"NETCASH_OPERATE":4667712000,"NETCASH_INVEST":-3228266000,"NETCASH_FINANCE":1961163000,"END_CASH":9669839000,"DIVI_RATIO":null,"DIVIDEND_RATE":null,"CURRENT_RATIO":2.776086102446,"COMMON_ACS":6000000000,"CURRENTDEBT_DEBT":60.80677543056,"ISSUED_COMMON_SHARES":4107040045,"HK_COMMON_SHARES":4107040045,"PER_SHARES":500,"TOTAL_MARKET_CAP":86863896951.75,"HKSK_MARKET_CAP":86863896951.75,"PE_TTM":29.590163890335,"PB_TTM":1.950031388839,"REPORT_DATE_SQ":"2022-12-31 00:00:00","REPORT_TYPE_SQ":"2022年年报","OPERATE_INCOME_SQ":15268660000,"DPS_HKD":null,"OPERATE_INCOME_QOQ_SQ":16.64605000437,"NET_PROFIT_RATIO_SQ":29.7989869445,"HOLDER_PROFIT_SQ":4420286000,"HOLDER_PROFIT_QOQ_SQ":8.303127209719,"ROE_AVG_SQ":13.13099248433,"PE_TTM_SQ":18.384421538466,"PB_TTM_SQ":1.995374746448,"ROA_SQ":9.445357484077,"START_DATE":"2023-01-01 00:00:00","FISCAL_YEAR":"12-31","CURRENCY":"HKD","IS_CNY_CODE":0,"DPS_HKD_LY":null,"ORG_TYPE":"一般企业","PREMIUM_INCOME":null,"PREMIUM_INCOME_YOY":null,"NET_INTEREST_INCOME":null,"NET_INTEREST_INCOME_YOY":null,"FEE_COMMISSION_INCOME":null,"FEE_COMMISSION_INCOME_YOY":null,"ACCOUNTS_RECE_TDAYS":2.862167621814,"INVENTORY_TDAYS":5.044332341075,"CURRENT_ASSETS_TDAYS":0.858838598263,"TOTAL_ASSETS_TDAYS":0.320976770036,"PREMIUM_EXPENSE":null,"LOAN_DEPOSIT":null,"LOAN_EQUITY":null,"LOAN_ASSETS":null,"DEPOSIT_EQUITY":null,"DEPOSIT_ASSETS":null,"EQUITY_MULTIPLIER":1.285289601167,"EQUITY_RATIO":0.311364908263},{"SECUCODE":"02269.HK","SECURITY_CODE":"02269","SECURITY_NAME_ABBR":"药明生物","ORG_CODE":"10641168","STD_REPORT_DATE":"2023-06-30 00:00:00","REPORT_DATE":"2023-06-30 00:00:00","DATE_TYPE_CODE":"002","REPORT_TYPE":"2023年中报","PER_NETCASH_OPERATE":0.647303081282,"PER_OI":1.998820234053,"BPS":9.188704416443,"BASIC_EPS":0.55,"DILUTED_EPS":0.52,"OPERATE_INCOME":8492046000,"OPERATE_INCOME_YOY":17.8396822842,"GROSS_PROFIT":3560634000,"GROSS_PROFIT_YOY":4.319310255721,"HOLDER_PROFIT":2266675000,"HOLDER_PROFIT_YOY":-10.5870699911,"GROSS_PROFIT_RATIO":41.929047487496,"EPS_TTM":0.977255155389,"OPERATE_INCOME_QOQ":8.419900633061,"NET_PROFIT_RATIO":27.5299968936,"ROE_AVG":6.228345359308,"GROSS_PROFIT_QOQ":2.192544512846,"ROA":4.457325105259,"HOLDER_PROFIT_QOQ":-6.071756442909,"ROE_YEARLY":12.456690718616,"ROIC_YEARLY":10.675405961433,"TOTAL_ASSETS":52141232000,"TOTAL_LIABILITIES":13096912000,"TAX_EBT":7.557050758884,"OCF_SALES":32.38425698589,"TOTAL_PARENT_EQUITY":37738377000,"DEBT_ASSET_RATIO":25.1181483399,"OPERATE_PROFIT":2607795000,"PRETAX_PROFIT":2528976000,"NETCASH_OPERATE":2750086000,"NETCASH_INVEST":-1589164000,"NETCASH_FINANCE":-188044000,"END_CASH":7355135000,"DIVI_RATIO":null,"DIVIDEND_RATE":null,"CURRENT_RATIO":2.196027367174,"COMMON_ACS":6000000000,"CURRENTDEBT_DEBT":62.158530193988,"ISSUED_COMMON_SHARES":4107040045,"HK_COMMON_SHARES":4107040045,"PER_SHARES":500,"TOTAL_MARKET_CAP":86863896951.75,"HKSK_MARKET_CAP":86863896951.75,"PE_TTM":29.590163890335,"PB_TTM":1.950031388839,"REPORT_DATE_SQ":"2022-06-30 00:00:00","REPORT_TYPE_SQ":"2022年中报","OPERATE_INCOME_SQ":7206440000,"DPS_HKD":null,"OPERATE_INCOME_QOQ_SQ":27.207700642854,"NET_PROFIT_RATIO_SQ":36.3733688201,"HOLDER_PROFIT_SQ":2535064000,"HOLDER_PROFIT_QOQ_SQ":20.449417112934,"ROE_AVG_SQ":7.596802698844,"PE_TTM_SQ":18.384421538466,"PB_TTM_SQ":1.995374746448,"ROA_SQ":5.54076767704,"START_DATE":"2023-01-01 00:00:00","FISCAL_YEAR":"12-31","CURRENCY":"HKD","IS_CNY_CODE":0,"DPS_HKD_LY":null,"ORG_TYPE":"一般企业","PREMIUM_INCOME":null,"PREMIUM_INCOME_YOY":null,"NET_INTEREST_INCOME":null,"NET_INTEREST_INCOME_YOY":null,"FEE_COMMISSION_INCOME":null,"FEE_COMMISSION_INCOME_YOY":null,"ACCOUNTS_RECE_TDAYS":1.528119669909,"INVENTORY_TDAYS":2.322826065197,"CURRENT_ASSETS_TDAYS":0.467271256566,"TOTAL_ASSETS_TDAYS":0.166992664722,"PREMIUM_EXPENSE":null,"LOAN_DEPOSIT":null,"LOAN_EQUITY":null,"LOAN_ASSETS":null,"DEPOSIT_EQUITY":null,"DEPOSIT_ASSETS":null,"EQUITY_MULTIPLIER":1.335437062293,"EQUITY_RATIO":0.347044919287},{"SECUCODE":"02269.HK","SECURITY_CODE":"02269","SECURITY_NAME_ABBR":"药明生物","ORG_CODE":"10641168","STD_REPORT_DATE":"2022-12-31 00:00:00","REPORT_DATE":"2022-12-31 00:00:00","DATE_TYPE_CODE":"001","REPORT_TYPE":"2022年年报","PER_NETCASH_OPERATE":1.311557283508,"PER_OI":3.613660032341,"BPS":8.533495319255,"BASIC_EPS":1.06,"DILUTED_EPS":1.01,"OPERATE_INCOME":15268660000,"OPERATE_INCOME_YOY":48.3827581013,"GROSS_PROFIT":6724014000,"GROSS_PROFIT_YOY":39.245339049477,"HOLDER_PROFIT":4420286000,"HOLDER_PROFIT_YOY":30.4504854392,"GROSS_PROFIT_RATIO":44.038009884299,"EPS_TTM":1.046156692841,"OPERATE_INCOME_QOQ":16.64605000437,"NET_PROFIT_RATIO":29.7989869445,"ROE_AVG":13.13099248433,"GROSS_PROFIT_QOQ":13.098528225206,"ROA":9.445357484077,"HOLDER_PROFIT_QOQ":8.303127209719,"ROE_YEARLY":13.13099248433,"ROIC_YEARLY":11.763405635808,"TOTAL_ASSETS":49564385000,"TOTAL_LIABILITIES":13351308000,"TAX_EBT":15.078378676506,"OCF_SALES":36.294429242645,"TOTAL_PARENT_EQUITY":35047407000,"DEBT_ASSET_RATIO":26.937301855,"OPERATE_PROFIT":5422153000,"PRETAX_PROFIT":5357771000,"NETCASH_OPERATE":5541673000,"NETCASH_INVEST":-5908252000,"NETCASH_FINANCE":-2591592000,"END_CASH":6395222000,"DIVI_RATIO":null,"DIVIDEND_RATE":null,"CURRENT_RATIO":1.98204386347,"COMMON_ACS":6000000000,"CURRENTDEBT_DEBT":69.795386339676,"ISSUED_COMMON_SHARES":4107040045,"HK_COMMON_SHARES":4107040045,"PER_SHARES":500,"TOTAL_MARKET_CAP":86863896951.75,"HKSK_MARKET_CAP":86863896951.75,"PE_TTM":29.590163890335,"PB_TTM":1.950031388839,"REPORT_DATE_SQ":"2021-12-31 00:00:00","REPORT_TYPE_SQ":"2021年年报","OPERATE_INCOME_SQ":10290050000,"DPS_HKD":null,"OPERATE_INCOME_QOQ_SQ":27.430407422383,"NET_PROFIT_RATIO_SQ":34.0968314051,"HOLDER_PROFIT_SQ":3388478000,"HOLDER_PROFIT_QOQ_SQ":21.237333684447,"ROE_AVG_SQ":12.8246903594,"PE_TTM_SQ":18.384421538466,"PB_TTM_SQ":1.995374746448,"ROA_SQ":9.283980067137,"START_DATE":"2022-01-01 00:00:00","FISCAL_YEAR":"12-31","CURRENCY":"HKD","IS_CNY_CODE":0,"DPS_HKD_LY":null,"ORG_TYPE":"一般企业","PREMIUM_INCOME":null,"PREMIUM_INCOME_YOY":null,"NET_INTEREST_INCOME":null,"NET_INTEREST_INCOME_YOY":null,"FEE_COMMISSION_INCOME":null,"FEE_COMMISSION_INCOME_YOY":null,"ACCOUNTS_RECE_TDAYS":2.917295347719,"INVENTORY_TDAYS":4.3064668222,"CURRENT_ASSETS_TDAYS":0.803621953057,"TOTAL_ASSETS_TDAYS":0.326263848092,"PREMIUM_EXPENSE":null,"LOAN_DEPOSIT":null,"LOAN_EQUITY":null,"LOAN_ASSETS":null,"DEPOSIT_EQUITY":null,"DEPOSIT_ASSETS":null,"EQUITY_MULTIPLIER":1.368687477179,"EQUITY_RATIO":0.38094995159},{"SECUCODE":"02269.HK","SECURITY_CODE":"02269","SECURITY_NAME_ABBR":"药明生物","ORG_CODE":"10641168","STD_REPORT_DATE":"2022-06-30 00:00:00","REPORT_DATE":"2022-06-30 00:00:00","DATE_TYPE_CODE":"002","REPORT_TYPE":"2022年中报","PER_NETCASH_OPERATE":0.341951053588,"PER_OI":1.690252641519,"BPS":8.390883610194,"BASIC_EPS":0.61,"DILUTED_EPS":0.58,"OPERATE_INCOME":7206440000,"OPERATE_INCOME_YOY":63.5317061039,"GROSS_PROFIT":3413207000,"GROSS_PROFIT_YOY":48.604926871044,"HOLDER_PROFIT":2535064000,"HOLDER_PROFIT_YOY":37.6151649712,"GROSS_PROFIT_RATIO":47.363288947108,"EPS_TTM":0.957282723731,"OPERATE_INCOME_QOQ":27.207700642854,"NET_PROFIT_RATIO":36.3733688201,"ROE_AVG":7.596802698844,"GROSS_PROFIT_QOQ":23.118612801226,"ROA":5.54076767704,"HOLDER_PROFIT_QOQ":20.449417112934,"ROE_YEARLY":15.193605397687,"ROIC_YEARLY":14.194564008385,"TOTAL_ASSETS":47473253000,"TOTAL_LIABILITIES":11992622000,"TAX_EBT":10.542517665568,"OCF_SALES":20.230765815021,"TOTAL_PARENT_EQUITY":34461695000,"DEBT_ASSET_RATIO":25.261850078,"OPERATE_PROFIT":2952796000,"PRETAX_PROFIT":2930135000,"NETCASH_OPERATE":1457918000,"NETCASH_INVEST":-2362787000,"NETCASH_FINANCE":-218943000,"END_CASH":8135290000,"DIVI_RATIO":null,"DIVIDEND_RATE":null,"CURRENT_RATIO":2.296209691386,"COMMON_ACS":6000000000,"CURRENTDEBT_DEBT":75.014071151413,"ISSUED_COMMON_SHARES":4107040045,"HK_COMMON_SHARES":4107040045,"PER_SHARES":500,"TOTAL_MARKET_CAP":86863896951.75,"HKSK_MARKET_CAP":86863896951.75,"PE_TTM":29.590163890335,"PB_TTM":1.950031388839,"REPORT_DATE_SQ":"2021-06-30 00:00:00","REPORT_TYPE_SQ":"2021年中报","OPERATE_INCOME_SQ":4406754000,"DPS_HKD":null,"OPERATE_INCOME_QOQ_SQ":43.878875714848,"NET_PROFIT_RATIO_SQ":42.7248264823,"HOLDER_PROFIT_SQ":1842140000,"HOLDER_PROFIT_QOQ_SQ":65.488552809367,"ROE_AVG_SQ":6.849991019831,"PE_TTM_SQ":18.384421538466,"PB_TTM_SQ":1.995374746448,"ROA_SQ":5.078657728964,"START_DATE":"2022-01-01 00:00:00","FISCAL_YEAR":"12-31","CURRENCY":"HKD","IS_CNY_CODE":0,"DPS_HKD_LY":null,"ORG_TYPE":"一般企业","PREMIUM_INCOME":null,"PREMIUM_INCOME_YOY":null,"NET_INTEREST_INCOME":null,"NET_INTEREST_INCOME_YOY":null,"FEE_COMMISSION_INCOME":null,"FEE_COMMISSION_INCOME_YOY":null,"ACCOUNTS_RECE_TDAYS":1.245419504557,"INVENTORY_TDAYS":1.980214730212,"CURRENT_ASSETS_TDAYS":0.358647144733,"TOTAL_ASSETS_TDAYS":0.157507699287,"PREMIUM_EXPENSE":null,"LOAN_DEPOSIT":null,"LOAN_EQUITY":null,"LOAN_ASSETS":null,"DEPOSIT_EQUITY":null,"DEPOSIT_ASSETS":null,"EQUITY_MULTIPLIER":1.338004755327,"EQUITY_RATIO":0.347998611212},{"SECUCODE":"02269.HK","SECURITY_CODE":"02269","SECURITY_NAME_ABBR":"药明生物","ORG_CODE":"10641168","STD_REPORT_DATE":"2021-12-31 00:00:00","REPORT_DATE":"2021-12-31 00:00:00","DATE_TYPE_CODE":"001","REPORT_TYPE":"2021年年报","PER_NETCASH_OPERATE":0.805648060199,"PER_OI":2.416069797681,"BPS":7.859332425866,"BASIC_EPS":0.81,"DILUTED_EPS":0.77,"OPERATE_INCOME":10290050000,"OPERATE_INCOME_YOY":83.3454375182,"GROSS_PROFIT":4828897000,"GROSS_PROFIT_YOY":90.641998352919,"HOLDER_PROFIT":3388478000,"HOLDER_PROFIT_YOY":100.6339089791,"GROSS_PROFIT_RATIO":46.927828339027,"EPS_TTM":0.795603457311,"OPERATE_INCOME_QOQ":27.430407422383,"NET_PROFIT_RATIO":34.0968314051,"ROE_AVG":12.8246903594,"GROSS_PROFIT_QOQ":19.453441230449,"ROA":9.283980067137,"HOLDER_PROFIT_QOQ":21.237333684447,"ROE_YEARLY":12.8246903594,"ROIC_YEARLY":12.616572572339,"TOTAL_ASSETS":44032623000,"TOTAL_LIABILITIES":11326457000,"TAX_EBT":12.134324070983,"OCF_SALES":33.34539676678,"TOTAL_PARENT_EQUITY":32278593000,"DEBT_ASSET_RATIO":25.7228759686,"OPERATE_PROFIT":4032310000,"PRETAX_PROFIT":3993119000,"NETCASH_OPERATE":3431258000,"NETCASH_INVEST":-9601670000,"NETCASH_FINANCE":8209459000,"END_CASH":9003280000,"DIVI_RATIO":null,"DIVIDEND_RATE":null,"CURRENT_RATIO":2.36561006598,"COMMON_ACS":6000000000,"CURRENTDEBT_DEBT":72.888538754882,"ISSUED_COMMON_SHARES":4107040045,"HK_COMMON_SHARES":4107040045,"PER_SHARES":500,"TOTAL_MARKET_CAP":86863896951.75,"HKSK_MARKET_CAP":86863896951.75,"PE_TTM":29.590163890335,"PB_TTM":1.950031388839,"REPORT_DATE_SQ":"2020-12-31 00:00:00","REPORT_TYPE_SQ":"2020年年报","OPERATE_INCOME_SQ":5612384000,"DPS_HKD":null,"OPERATE_INCOME_QOQ_SQ":29.894647188432,"NET_PROFIT_RATIO_SQ":30.1599819257,"HOLDER_PROFIT_SQ":1688886000,"HOLDER_PROFIT_QOQ_SQ":29.926700700682,"ROE_AVG_SQ":10.128613892287,"PE_TTM_SQ":18.384421538466,"PB_TTM_SQ":1.995374746448,"ROA_SQ":7.253748570681,"START_DATE":"2021-01-01 00:00:00","FISCAL_YEAR":"12-31","CURRENCY":"HKD","IS_CNY_CODE":0,"DPS_HKD_LY":null,"ORG_TYPE":"一般企业","PREMIUM_INCOME":null,"PREMIUM_INCOME_YOY":null,"NET_INTEREST_INCOME":null,"NET_INTEREST_INCOME_YOY":null,"FEE_COMMISSION_INCOME":null,"FEE_COMMISSION_INCOME_YOY":null,"ACCOUNTS_RECE_TDAYS":2.541004990989,"INVENTORY_TDAYS":3.940841408488,"CURRENT_ASSETS_TDAYS":0.610067987864,"TOTAL_ASSETS_TDAYS":0.281933715048,"PREMIUM_EXPENSE":null,"LOAN_DEPOSIT":null,"LOAN_EQUITY":null,"LOAN_ASSETS":null,"DEPOSIT_EQUITY":null,"DEPOSIT_ASSETS":null,"EQUITY_MULTIPLIER":1.346309530748,"EQUITY_RATIO":0.350896862202},{"SECUCODE":"02269.HK","SECURITY_CODE":"02269","SECURITY_NAME_ABBR":"药明生物","ORG_CODE":"10641168","STD_REPORT_DATE":"2021-06-30 00:00:00","REPORT_DATE":"2021-06-30 00:00:00","DATE_TYPE_CODE":"002","REPORT_TYPE":"2021年中报","PER_NETCASH_OPERATE":0.188292074879,"PER_OI":1.039789041599,"BPS":8.0887292639,"BASIC_EPS":0.44,"DILUTED_EPS":0.42,"OPERATE_INCOME":4406754000,"OPERATE_INCOME_YOY":126.6728666125,"GROSS_PROFIT":2296833000,"GROSS_PROFIT_YOY":191.733201576007,"HOLDER_PROFIT":1842140000,"HOLDER_PROFIT_YOY":150.2523389751,"GROSS_PROFIT_RATIO":52.120744656952,"EPS_TTM":0.659469511941,"OPERATE_INCOME_QOQ":43.878875714848,"NET_PROFIT_RATIO":42.7248264823,"ROE_AVG":6.849991019831,"GROSS_PROFIT_QOQ":59.595233414108,"ROA":5.078657728964,"HOLDER_PROFIT_QOQ":65.488552809367,"ROE_YEARLY":13.699982039662,"ROIC_YEARLY":14.656600447856,"TOTAL_ASSETS":43580752000,"TOTAL_LIABILITIES":9996973000,"TAX_EBT":8.524322864134,"OCF_SALES":18.108680448239,"TOTAL_PARENT_EQUITY":33220735000,"DEBT_ASSET_RATIO":22.938963972,"OPERATE_PROFIT":2079102000,"PRETAX_PROFIT":2058228000,"NETCASH_OPERATE":798005000,"NETCASH_INVEST":-7741402000,"NETCASH_FINANCE":11215535000,"END_CASH":11281712000,"DIVI_RATIO":null,"DIVIDEND_RATE":null,"CURRENT_RATIO":4.03915677153,"COMMON_ACS":6000000000,"CURRENTDEBT_DEBT":54.43209659564,"ISSUED_COMMON_SHARES":4107040045,"HK_COMMON_SHARES":4107040045,"PER_SHARES":500,"TOTAL_MARKET_CAP":86863896951.75,"HKSK_MARKET_CAP":86863896951.75,"PE_TTM":29.590163890335,"PB_TTM":1.950031388839,"REPORT_DATE_SQ":"2020-06-30 00:00:00","REPORT_TYPE_SQ":"2020年中报","OPERATE_INCOME_SQ":1944103000,"DPS_HKD":null,"OPERATE_INCOME_QOQ_SQ":8.460328334028,"NET_PROFIT_RATIO_SQ":37.5856628995,"HOLDER_PROFIT_SQ":736113000,"HOLDER_PROFIT_QOQ_SQ":28.217556630713,"ROE_AVG_SQ":5.572652409276,"PE_TTM_SQ":18.384421538466,"PB_TTM_SQ":1.995374746448,"ROA_SQ":3.841311598187,"START_DATE":"2021-01-01 00:00:00","FISCAL_YEAR":"12-31","CURRENCY":"HKD","IS_CNY_CODE":0,"DPS_HKD_LY":null,"ORG_TYPE":"一般企业","PREMIUM_INCOME":null,"PREMIUM_INCOME_YOY":null,"NET_INTEREST_INCOME":null,"NET_INTEREST_INCOME_YOY":null,"FEE_COMMISSION_INCOME":null,"FEE_COMMISSION_INCOME_YOY":null,"ACCOUNTS_RECE_TDAYS":1.099852708348,"INVENTORY_TDAYS":1.511972800669,"CURRENT_ASSETS_TDAYS":0.243576815963,"TOTAL_ASSETS_TDAYS":0.1214912833,"PREMIUM_EXPENSE":null,"LOAN_DEPOSIT":null,"LOAN_EQUITY":null,"LOAN_ASSETS":null,"DEPOSIT_EQUITY":null,"DEPOSIT_ASSETS":null,"EQUITY_MULTIPLIER":1.297672665128,"EQUITY_RATIO":0.300925701975},{"SECUCODE":"02269.HK","SECURITY_CODE":"02269","SECURITY_NAME_ABBR":"药明生物","ORG_CODE":"10641168","STD_REPORT_DATE":"2020-12-31 00:00:00","REPORT_DATE":"2020-12-31 00:00:00","DATE_TYPE_CODE":"001","REPORT_TYPE":"2020年年报","PER_NETCASH_OPERATE":0.460559394111,"PER_OI":1.373980306216,"BPS":5.007120645204,"BASIC_EPS":0.43,"DILUTED_EPS":0.4,"OPERATE_INCOME":5612384000,"OPERATE_INCOME_YOY":40.8841608289,"GROSS_PROFIT":2532966000,"GROSS_PROFIT_YOY":52.696028342885,"HOLDER_PROFIT":1688886000,"HOLDER_PROFIT_YOY":66.5888410493,"GROSS_PROFIT_RATIO":45.131730116827,"EPS_TTM":0.413459967002,"OPERATE_INCOME_QOQ":29.894647188432,"NET_PROFIT_RATIO":30.1599819257,"ROE_AVG":10.128613892287,"GROSS_PROFIT_QOQ":42.692341492763,"ROA":7.253748570681,"HOLDER_PROFIT_QOQ":29.926700700682,"ROE_YEARLY":10.128613892287,"ROIC_YEARLY":10.707582833959,"TOTAL_ASSETS":28963613000,"TOTAL_LIABILITIES":8064217000,"TAX_EBT":13.891115904281,"OCF_SALES":33.520087007589,"TOTAL_PARENT_EQUITY":20564445000,"DEBT_ASSET_RATIO":27.8425795843,"OPERATE_PROFIT":2005860000,"PRETAX_PROFIT":1965760000,"NETCASH_OPERATE":1881276000,"NETCASH_INVEST":-7216283000,"NETCASH_FINANCE":6565644000,"END_CASH":7095735000,"DIVI_RATIO":null,"DIVIDEND_RATE":null,"CURRENT_RATIO":3.157755641752,"COMMON_ACS":6000000000,"CURRENTDEBT_DEBT":55.780344204527,"ISSUED_COMMON_SHARES":4107040045,"HK_COMMON_SHARES":4107040045,"PER_SHARES":500,"TOTAL_MARKET_CAP":86863896951.75,"HKSK_MARKET_CAP":86863896951.75,"PE_TTM":29.590163890335,"PB_TTM":1.950031388839,"REPORT_DATE_SQ":"2019-12-31 00:00:00","REPORT_TYPE_SQ":"2019年年报","OPERATE_INCOME_SQ":3983687000,"DPS_HKD":null,"OPERATE_INCOME_QOQ_SQ":29.041429310902,"NET_PROFIT_RATIO_SQ":25.3618569933,"HOLDER_PROFIT_SQ":1013805000,"HOLDER_PROFIT_QOQ_SQ":21.988799899887,"ROE_AVG_SQ":9.758391015009,"PE_TTM_SQ":18.384421538466,"PB_TTM_SQ":1.995374746448,"ROA_SQ":7.510941022994,"START_DATE":"2020-01-01 00:00:00","FISCAL_YEAR":"12-31","CURRENCY":"HKD","IS_CNY_CODE":0,"DPS_HKD_LY":null,"ORG_TYPE":"一般企业","PREMIUM_INCOME":null,"PREMIUM_INCOME_YOY":null,"NET_INTEREST_INCOME":null,"NET_INTEREST_INCOME_YOY":null,"FEE_COMMISSION_INCOME":null,"FEE_COMMISSION_INCOME_YOY":null,"ACCOUNTS_RECE_TDAYS":2.254631832605,"INVENTORY_TDAYS":4.151331137296,"CURRENT_ASSETS_TDAYS":0.470123248969,"TOTAL_ASSETS_TDAYS":0.241051334537,"PREMIUM_EXPENSE":null,"LOAN_DEPOSIT":null,"LOAN_EQUITY":null,"LOAN_ASSETS":null,"DEPOSIT_EQUITY":null,"DEPOSIT_ASSETS":null,"EQUITY_MULTIPLIER":1.385858854486,"EQUITY_RATIO":0.392143673219},{"SECUCODE":"02269.HK","SECURITY_CODE":"02269","SECURITY_NAME_ABBR":"药明生物","ORG_CODE":"10641168","STD_REPORT_DATE":"2020-06-30 00:00:00","REPORT_DATE":"2020-06-30 00:00:00","DATE_TYPE_CODE":"002","REPORT_TYPE":"2020年中报","PER_NETCASH_OPERATE":0.328777401658,"PER_OI":1.484411341789,"BPS":3.319763832495,"BASIC_EPS":0.19,"DILUTED_EPS":0.18,"OPERATE_INCOME":1944103000,"OPERATE_INCOME_YOY":20.971892948,"GROSS_PROFIT":787306000,"GROSS_PROFIT_YOY":17.331310515029,"HOLDER_PROFIT":736113000,"HOLDER_PROFIT_YOY":63.5654005626,"GROSS_PROFIT_RATIO":40.4971341539,"EPS_TTM":0.992514633905,"OPERATE_INCOME_QOQ":8.460328334028,"NET_PROFIT_RATIO":37.5856628995,"ROE_AVG":5.572652409276,"GROSS_PROFIT_QOQ":7.010668369072,"ROA":3.841311598187,"HOLDER_PROFIT_QOQ":28.217556630713,"ROE_YEARLY":11.145304818552,"ROIC_YEARLY":10.664632391246,"TOTAL_ASSETS":20723859000,"TOTAL_LIABILITIES":6945292000,"TAX_EBT":-3.630376142027,"OCF_SALES":22.148672163975,"TOTAL_PARENT_EQUITY":13634403000,"DEBT_ASSET_RATIO":33.5135073058,"OPERATE_PROFIT":728612000,"PRETAX_PROFIT":705106000,"NETCASH_OPERATE":430593000,"NETCASH_INVEST":-4031050000,"NETCASH_FINANCE":1044437000,"END_CASH":3710106000,"DIVI_RATIO":null,"DIVIDEND_RATE":null,"CURRENT_RATIO":2.96463186474,"COMMON_ACS":6000000000,"CURRENTDEBT_DEBT":45.713268786971,"ISSUED_COMMON_SHARES":4107040045,"HK_COMMON_SHARES":4107040045,"PER_SHARES":500,"TOTAL_MARKET_CAP":86863896951.75,"HKSK_MARKET_CAP":86863896951.75,"PE_TTM":29.590163890335,"PB_TTM":1.950031388839,"REPORT_DATE_SQ":"2019-06-30 00:00:00","REPORT_TYPE_SQ":"2019年中报","OPERATE_INCOME_SQ":1607070000,"DPS_HKD":null,"OPERATE_INCOME_QOQ_SQ":21.806875092969,"NET_PROFIT_RATIO_SQ":27.9691612686,"HOLDER_PROFIT_SQ":450042000,"HOLDER_PROFIT_QOQ_SQ":31.791078859231,"ROE_AVG_SQ":5.443733559191,"PE_TTM_SQ":18.384421538466,"PB_TTM_SQ":1.995374746448,"ROA_SQ":4.591956520475,"START_DATE":"2020-01-01 00:00:00","FISCAL_YEAR":"12-31","CURRENCY":"HKD","IS_CNY_CODE":0,"DPS_HKD_LY":null,"ORG_TYPE":"一般企业","PREMIUM_INCOME":null,"PREMIUM_INCOME_YOY":null,"NET_INTEREST_INCOME":null,"NET_INTEREST_INCOME_YOY":null,"FEE_COMMISSION_INCOME":null,"FEE_COMMISSION_INCOME_YOY":null,"ACCOUNTS_RECE_TDAYS":0.942440490993,"INVENTORY_TDAYS":2.288079624112,"CURRENT_ASSETS_TDAYS":0.203738198757,"TOTAL_ASSETS_TDAYS":0.10145053004,"PREMIUM_EXPENSE":null,"LOAN_DEPOSIT":null,"LOAN_EQUITY":null,"LOAN_ASSETS":null,"DEPOSIT_EQUITY":null,"DEPOSIT_ASSETS":null,"EQUITY_MULTIPLIER":1.504064900219,"EQUITY_RATIO":0.509394654097}],"count":21},"success":true,"message":"ok","code":0}