{"version":"25ca4c04a685e01cef73318310748df2","result":{"pages":1,"data":[{"SECUCODE":"02268.HK","SECURITY_CODE":"02268","SECURITY_NAME_ABBR":"药明合联","ORG_CODE":"10000185234","STD_REPORT_DATE":"2024-06-30 00:00:00","REPORT_DATE":"2024-06-30 00:00:00","DATE_TYPE_CODE":"002","REPORT_TYPE":"2024年中报","PER_NETCASH_OPERATE":-0.187496329542,"PER_OI":1.389732532377,"BPS":4.98834488055,"BASIC_EPS":0.41,"DILUTED_EPS":0.38,"OPERATE_INCOME":1665199000,"OPERATE_INCOME_YOY":67.6147596098,"GROSS_PROFIT":535331000,"GROSS_PROFIT_YOY":133.361377506539,"HOLDER_PROFIT":488228000,"HOLDER_PROFIT_YOY":175.501935513,"GROSS_PROFIT_RATIO":32.148169678219,"EPS_TTM":0.49619790583,"OPERATE_INCOME_QOQ":31.628150721406,"NET_PROFIT_RATIO":29.3194987506,"ROE_AVG":8.531406601833,"GROSS_PROFIT_QOQ":54.673688875863,"ROA":6.972046794574,"HOLDER_PROFIT_QOQ":109.690411867192,"ROE_YEARLY":17.062813203665,"ROIC_YEARLY":30.132253069871,"TOTAL_ASSETS":7269978000,"TOTAL_LIABILITIES":1278866000,"TAX_EBT":13.082767804371,"OCF_SALES":-13.491540650697,"TOTAL_PARENT_EQUITY":5991112000,"DEBT_ASSET_RATIO":17.5910573595,"OPERATE_PROFIT":561965000,"PRETAX_PROFIT":561716000,"NETCASH_OPERATE":-224661000,"NETCASH_INVEST":-414546000,"NETCASH_FINANCE":46767000,"END_CASH":3476581000,"DIVI_RATIO":null,"DIVIDEND_RATE":null,"CURRENT_RATIO":4.128844377646,"COMMON_ACS":10000000000,"CURRENTDEBT_DEBT":98.798544960926,"ISSUED_COMMON_SHARES":1201022011,"HK_COMMON_SHARES":1201022011,"PER_SHARES":500,"TOTAL_MARKET_CAP":42756383591.6,"HKSK_MARKET_CAP":42756383591.6,"PE_TTM":65.216335752336,"PB_TTM":6.513464641686,"REPORT_DATE_SQ":"2023-06-30 00:00:00","REPORT_TYPE_SQ":"2023年中报","OPERATE_INCOME_SQ":993468000,"DPS_HKD":null,"OPERATE_INCOME_QOQ_SQ":21.956891912811,"NET_PROFIT_RATIO_SQ":17.8379172756,"HOLDER_PROFIT_SQ":177214000,"HOLDER_PROFIT_QOQ_SQ":14.124678431964,"ROE_AVG_SQ":11.147637919104,"PE_TTM_SQ":79.002141126007,"PB_TTM_SQ":10.79062297517,"ROA_SQ":6.768635049478,"START_DATE":"2024-01-01 00:00:00","FISCAL_YEAR":"12-31","CURRENCY":"HKD","IS_CNY_CODE":0,"DPS_HKD_LY":null,"ORG_TYPE":"一般企业","PREMIUM_INCOME":null,"PREMIUM_INCOME_YOY":null,"NET_INTEREST_INCOME":null,"NET_INTEREST_INCOME_YOY":null,"FEE_COMMISSION_INCOME":null,"FEE_COMMISSION_INCOME_YOY":null,"ACCOUNTS_RECE_TDAYS":1.417720322742,"INVENTORY_TDAYS":12.516885922397,"CURRENT_ASSETS_TDAYS":0.319714760196,"TOTAL_ASSETS_TDAYS":0.237795565807,"PREMIUM_EXPENSE":null,"LOAN_DEPOSIT":null,"LOAN_EQUITY":null,"LOAN_ASSETS":null,"DEPOSIT_EQUITY":null,"DEPOSIT_ASSETS":null,"EQUITY_MULTIPLIER":1.213460539547,"EQUITY_RATIO":0.213460539546},{"SECUCODE":"02268.HK","SECURITY_CODE":"02268","SECURITY_NAME_ABBR":"药明合联","ORG_CODE":"10000185234","STD_REPORT_DATE":"2023-12-31 00:00:00","REPORT_DATE":"2023-12-31 00:00:00","DATE_TYPE_CODE":"001","REPORT_TYPE":"2023年年报","PER_NETCASH_OPERATE":0.277925642397,"PER_OI":1.773405995051,"BPS":4.541395536505,"BASIC_EPS":0.28,"DILUTED_EPS":0.26,"OPERATE_INCOME":2123839000,"OPERATE_INCOME_YOY":114.4375685944,"GROSS_PROFIT":559558000,"GROSS_PROFIT_YOY":114.321882313287,"HOLDER_PROFIT":283538000,"HOLDER_PROFIT_YOY":82.0690806583,"GROSS_PROFIT_RATIO":26.346535683731,"EPS_TTM":0.236754287413,"OPERATE_INCOME_QOQ":28.370913684567,"NET_PROFIT_RATIO":13.350258659,"ROE_AVG":8.17690312822,"GROSS_PROFIT_QOQ":44.765191654938,"ROA":6.142703944019,"HOLDER_PROFIT_QOQ":20.820017215078,"ROE_YEARLY":8.17690312822,"ROIC_YEARLY":11.694350241125,"TOTAL_ASSETS":6735321000,"TOTAL_LIABILITIES":1281005000,"TAX_EBT":21.15446648054,"OCF_SALES":15.67185648253,"TOTAL_PARENT_EQUITY":5454316000,"DEBT_ASSET_RATIO":19.0192122989,"OPERATE_PROFIT":360354000,"PRETAX_PROFIT":359612000,"NETCASH_OPERATE":332845000,"NETCASH_INVEST":-91233000,"NETCASH_FINANCE":3522104000,"END_CASH":4047583000,"DIVI_RATIO":null,"DIVIDEND_RATE":null,"CURRENT_RATIO":4.064357789919,"COMMON_ACS":10000000000,"CURRENTDEBT_DEBT":99.875488386072,"ISSUED_COMMON_SHARES":1201022011,"HK_COMMON_SHARES":1201022011,"PER_SHARES":500,"TOTAL_MARKET_CAP":36210813631.65,"HKSK_MARKET_CAP":36210813631.65,"PE_TTM":55.232374239689,"PB_TTM":5.51631907154,"REPORT_DATE_SQ":"2022-12-31 00:00:00","REPORT_TYPE_SQ":"2022年年报","OPERATE_INCOME_SQ":990423000,"DPS_HKD":null,"OPERATE_INCOME_QOQ_SQ":218.329899624274,"NET_PROFIT_RATIO_SQ":15.7236857383,"HOLDER_PROFIT_SQ":155731000,"HOLDER_PROFIT_QOQ_SQ":183.508101219734,"ROE_AVG_SQ":20.741179761064,"PE_TTM_SQ":82.619106623342,"PB_TTM_SQ":11.284651496925,"ROA_SQ":9.225409433044,"START_DATE":"2023-01-01 00:00:00","FISCAL_YEAR":"12-31","CURRENCY":"HKD","IS_CNY_CODE":0,"DPS_HKD_LY":null,"ORG_TYPE":"一般企业","PREMIUM_INCOME":null,"PREMIUM_INCOME_YOY":null,"NET_INTEREST_INCOME":null,"NET_INTEREST_INCOME_YOY":null,"FEE_COMMISSION_INCOME":null,"FEE_COMMISSION_INCOME_YOY":null,"ACCOUNTS_RECE_TDAYS":2.905356712922,"INVENTORY_TDAYS":28.509376879477,"CURRENT_ASSETS_TDAYS":0.643362301473,"TOTAL_ASSETS_TDAYS":0.460118721362,"PREMIUM_EXPENSE":null,"LOAN_DEPOSIT":null,"LOAN_EQUITY":null,"LOAN_ASSETS":null,"DEPOSIT_EQUITY":null,"DEPOSIT_ASSETS":null,"EQUITY_MULTIPLIER":1.234860796478,"EQUITY_RATIO":0.234860796478},{"SECUCODE":"02268.HK","SECURITY_CODE":"02268","SECURITY_NAME_ABBR":"药明合联","ORG_CODE":"10000185234","STD_REPORT_DATE":"2023-06-30 00:00:00","REPORT_DATE":"2023-06-30 00:00:00","DATE_TYPE_CODE":"002","REPORT_TYPE":"2023年中报","PER_NETCASH_OPERATE":0.18079336674,"PER_OI":1.125172582194,"BPS":1.414312963828,"BASIC_EPS":0.18,"DILUTED_EPS":0.17,"OPERATE_INCOME":993468000,"OPERATE_INCOME_YOY":201.5663133355,"GROSS_PROFIT":229400000,"GROSS_PROFIT_YOY":120.672406329662,"HOLDER_PROFIT":177214000,"HOLDER_PROFIT_YOY":80.3392797175,"GROSS_PROFIT_RATIO":23.090829296968,"EPS_TTM":0.265789387524,"OPERATE_INCOME_QOQ":21.956891912811,"NET_PROFIT_RATIO":17.8379172756,"ROE_AVG":11.147637919104,"GROSS_PROFIT_QOQ":15.935560694543,"ROA":6.768635049478,"HOLDER_PROFIT_QOQ":14.124678431964,"ROE_YEARLY":22.295275838209,"ROIC_YEARLY":16.334167720308,"TOTAL_ASSETS":2739950000,"TOTAL_LIABILITIES":1041329000,"TAX_EBT":16.237805339182,"OCF_SALES":16.068056545354,"TOTAL_PARENT_EQUITY":1698621000,"DEBT_ASSET_RATIO":38.0054015584,"OPERATE_PROFIT":212137000,"PRETAX_PROFIT":211568000,"NETCASH_OPERATE":159631000,"NETCASH_INVEST":137117000,"NETCASH_FINANCE":-73729000,"END_CASH":561644000,"DIVI_RATIO":null,"DIVIDEND_RATE":null,"CURRENT_RATIO":1.399709487011,"COMMON_ACS":10000000000,"CURRENTDEBT_DEBT":99.76213089235,"ISSUED_COMMON_SHARES":1201022011,"HK_COMMON_SHARES":1201022011,"PER_SHARES":500,"TOTAL_MARKET_CAP":36210813631.65,"HKSK_MARKET_CAP":36210813631.65,"PE_TTM":55.232374239689,"PB_TTM":5.51631907154,"REPORT_DATE_SQ":"2022-06-30 00:00:00","REPORT_TYPE_SQ":"2022年中报","OPERATE_INCOME_SQ":329436000,"DPS_HKD":null,"OPERATE_INCOME_QOQ_SQ":0,"NET_PROFIT_RATIO_SQ":29.8288590197,"HOLDER_PROFIT_SQ":98267000,"HOLDER_PROFIT_QOQ_SQ":0,"ROE_AVG_SQ":null,"PE_TTM_SQ":82.619106623342,"PB_TTM_SQ":11.284651496925,"ROA_SQ":null,"START_DATE":"2023-01-01 00:00:00","FISCAL_YEAR":"12-31","CURRENCY":"HKD","IS_CNY_CODE":0,"DPS_HKD_LY":null,"ORG_TYPE":"一般企业","PREMIUM_INCOME":null,"PREMIUM_INCOME_YOY":null,"NET_INTEREST_INCOME":null,"NET_INTEREST_INCOME_YOY":null,"FEE_COMMISSION_INCOME":null,"FEE_COMMISSION_INCOME_YOY":null,"ACCOUNTS_RECE_TDAYS":1.57337575593,"INVENTORY_TDAYS":13.849714964155,"CURRENT_ASSETS_TDAYS":0.695603100662,"TOTAL_ASSETS_TDAYS":0.379452093251,"PREMIUM_EXPENSE":null,"LOAN_DEPOSIT":null,"LOAN_EQUITY":null,"LOAN_ASSETS":null,"DEPOSIT_EQUITY":null,"DEPOSIT_ASSETS":null,"EQUITY_MULTIPLIER":1.613043757259,"EQUITY_RATIO":0.61304375726},{"SECUCODE":"02268.HK","SECURITY_CODE":"02268","SECURITY_NAME_ABBR":"药明合联","ORG_CODE":"10000185234","STD_REPORT_DATE":"2023-03-31 00:00:00","REPORT_DATE":"2023-03-31 00:00:00","DATE_TYPE_CODE":"003","REPORT_TYPE":"2023年一季报","PER_NETCASH_OPERATE":-0.021683552414,"PER_OI":0.525170211034,"BPS":1.318341367184,"BASIC_EPS":0.08,"DILUTED_EPS":0.08,"OPERATE_INCOME":487592000,"OPERATE_INCOME_YOY":301.5581634754,"GROSS_PROFIT":118375000,"GROSS_PROFIT_YOY":157.00731670249,"HOLDER_PROFIT":80671000,"HOLDER_PROFIT_YOY":162.1827163704,"GROSS_PROFIT_RATIO":24.277469687772,"EPS_TTM":0.221480922586,"OPERATE_INCOME_QOQ":36.970769055242,"NET_PROFIT_RATIO":16.5447751399,"ROE_AVG":5.265497353903,"GROSS_PROFIT_QOQ":27.698471367343,"ROA":3.168848799431,"HOLDER_PROFIT_QOQ":32.043716408422,"ROE_YEARLY":21.061989415613,"ROIC_YEARLY":15.311788526456,"TOTAL_ASSETS":2595123000,"TOTAL_LIABILITIES":1011766000,"TAX_EBT":18.498499712066,"OCF_SALES":-4.128861835305,"TOTAL_PARENT_EQUITY":1583357000,"DEBT_ASSET_RATIO":38.9872079281,"OPERATE_PROFIT":99408000,"PRETAX_PROFIT":98981000,"NETCASH_OPERATE":-20132000,"NETCASH_INVEST":277694000,"NETCASH_FINANCE":-46996000,"END_CASH":541686000,"DIVI_RATIO":null,"DIVIDEND_RATE":null,"CURRENT_RATIO":1.402619477096,"COMMON_ACS":10000000000,"CURRENTDEBT_DEBT":99.724639887089,"ISSUED_COMMON_SHARES":1201022011,"HK_COMMON_SHARES":1201022011,"PER_SHARES":500,"TOTAL_MARKET_CAP":36210813631.65,"HKSK_MARKET_CAP":36210813631.65,"PE_TTM":55.232374239689,"PB_TTM":5.51631907154,"REPORT_DATE_SQ":"2022-03-31 00:00:00","REPORT_TYPE_SQ":"2022年一季报","OPERATE_INCOME_SQ":121425000,"DPS_HKD":null,"OPERATE_INCOME_QOQ_SQ":0,"NET_PROFIT_RATIO_SQ":25.3399217624,"HOLDER_PROFIT_SQ":30769000,"HOLDER_PROFIT_QOQ_SQ":0,"ROE_AVG_SQ":null,"PE_TTM_SQ":82.619106623342,"PB_TTM_SQ":11.284651496925,"ROA_SQ":null,"START_DATE":"2023-01-01 00:00:00","FISCAL_YEAR":"12-31","CURRENCY":"HKD","IS_CNY_CODE":0,"DPS_HKD_LY":null,"ORG_TYPE":"一般企业","PREMIUM_INCOME":null,"PREMIUM_INCOME_YOY":null,"NET_INTEREST_INCOME":null,"NET_INTEREST_INCOME_YOY":null,"FEE_COMMISSION_INCOME":null,"FEE_COMMISSION_INCOME_YOY":null,"ACCOUNTS_RECE_TDAYS":0.787153495836,"INVENTORY_TDAYS":6.020856774783,"CURRENT_ASSETS_TDAYS":0.346111119393,"TOTAL_ASSETS_TDAYS":0.191531693398,"PREMIUM_EXPENSE":null,"LOAN_DEPOSIT":null,"LOAN_EQUITY":null,"LOAN_ASSETS":null,"DEPOSIT_EQUITY":null,"DEPOSIT_ASSETS":null,"EQUITY_MULTIPLIER":1.639000553886,"EQUITY_RATIO":0.639000553886},{"SECUCODE":"02268.HK","SECURITY_CODE":"02268","SECURITY_NAME_ABBR":"药明合联","ORG_CODE":"10000185234","STD_REPORT_DATE":"2022-12-31 00:00:00","REPORT_DATE":"2022-12-31 00:00:00","DATE_TYPE_CODE":"001","REPORT_TYPE":"2022年年报","PER_NETCASH_OPERATE":0.274889923762,"PER_OI":1.081175552633,"BPS":1.232932441236,"BASIC_EPS":0.18,"DILUTED_EPS":0.18,"OPERATE_INCOME":990423000,"OPERATE_INCOME_YOY":218.3298996243,"GROSS_PROFIT":261083000,"GROSS_PROFIT_YOY":130.041235660035,"HOLDER_PROFIT":155731000,"HOLDER_PROFIT_YOY":183.5081012197,"GROSS_PROFIT_RATIO":26.360756969497,"EPS_TTM":0.170000646176,"OPERATE_INCOME_QOQ":218.329899624274,"NET_PROFIT_RATIO":15.7236857383,"ROE_AVG":20.741179761064,"GROSS_PROFIT_QOQ":130.041235660035,"ROA":9.225409433044,"HOLDER_PROFIT_QOQ":183.508101219734,"ROE_YEARLY":20.741179761064,"ROIC_YEARLY":10.330979970712,"TOTAL_ASSETS":2496379000,"TOTAL_LIABILITIES":1015600000,"TAX_EBT":20.464655440983,"OCF_SALES":25.425096145788,"TOTAL_PARENT_EQUITY":1480779000,"DEBT_ASSET_RATIO":40.6829251488,"OPERATE_PROFIT":198717000,"PRETAX_PROFIT":195801000,"NETCASH_OPERATE":251816000,"NETCASH_INVEST":-1279543000,"NETCASH_FINANCE":1328213000,"END_CASH":334972000,"DIVI_RATIO":null,"DIVIDEND_RATE":null,"CURRENT_RATIO":1.383006253618,"COMMON_ACS":10000000000,"CURRENTDEBT_DEBT":99.839799133517,"ISSUED_COMMON_SHARES":1201022011,"HK_COMMON_SHARES":1201022011,"PER_SHARES":500,"TOTAL_MARKET_CAP":36210813631.65,"HKSK_MARKET_CAP":36210813631.65,"PE_TTM":55.232374239689,"PB_TTM":5.51631907154,"REPORT_DATE_SQ":"2021-12-31 00:00:00","REPORT_TYPE_SQ":"2021年年报","OPERATE_INCOME_SQ":311131000,"DPS_HKD":null,"OPERATE_INCOME_QOQ_SQ":222.907434122446,"NET_PROFIT_RATIO_SQ":17.6549427733,"HOLDER_PROFIT_SQ":54930000,"HOLDER_PROFIT_QOQ_SQ":108.867257310164,"ROE_AVG_SQ":27.703108215109,"PE_TTM_SQ":82.619106623342,"PB_TTM_SQ":11.284651496925,"ROA_SQ":8.528039831675,"START_DATE":"2022-01-01 00:00:00","FISCAL_YEAR":"12-31","CURRENCY":"HKD","IS_CNY_CODE":0,"DPS_HKD_LY":null,"ORG_TYPE":"一般企业","PREMIUM_INCOME":null,"PREMIUM_INCOME_YOY":null,"NET_INTEREST_INCOME":null,"NET_INTEREST_INCOME_YOY":null,"FEE_COMMISSION_INCOME":null,"FEE_COMMISSION_INCOME_YOY":null,"ACCOUNTS_RECE_TDAYS":3.020318980239,"INVENTORY_TDAYS":16.82057195572,"CURRENT_ASSETS_TDAYS":1.198599326893,"TOTAL_ASSETS_TDAYS":0.586720542917,"PREMIUM_EXPENSE":null,"LOAN_DEPOSIT":null,"LOAN_EQUITY":null,"LOAN_ASSETS":null,"DEPOSIT_EQUITY":null,"DEPOSIT_ASSETS":null,"EQUITY_MULTIPLIER":1.685855215397,"EQUITY_RATIO":0.685855215397},{"SECUCODE":"02268.HK","SECURITY_CODE":"02268","SECURITY_NAME_ABBR":"药明合联","ORG_CODE":"10000185234","STD_REPORT_DATE":"2022-06-30 00:00:00","REPORT_DATE":"2022-06-30 00:00:00","DATE_TYPE_CODE":"002","REPORT_TYPE":"2022年中报","PER_NETCASH_OPERATE":null,"PER_OI":null,"BPS":null,"BASIC_EPS":0.14,"DILUTED_EPS":0.14,"OPERATE_INCOME":329436000,"OPERATE_INCOME_YOY":null,"GROSS_PROFIT":103955000,"GROSS_PROFIT_YOY":null,"HOLDER_PROFIT":98267000,"HOLDER_PROFIT_YOY":null,"GROSS_PROFIT_RATIO":31.555446277881,"EPS_TTM":null,"OPERATE_INCOME_QOQ":0,"NET_PROFIT_RATIO":29.8288590197,"ROE_AVG":null,"GROSS_PROFIT_QOQ":0,"ROA":null,"HOLDER_PROFIT_QOQ":0,"ROE_YEARLY":null,"ROIC_YEARLY":null,"TOTAL_ASSETS":null,"TOTAL_LIABILITIES":null,"TAX_EBT":17.692436552475,"OCF_SALES":46.430566179774,"TOTAL_PARENT_EQUITY":null,"DEBT_ASSET_RATIO":null,"OPERATE_PROFIT":120963000,"PRETAX_PROFIT":119390000,"NETCASH_OPERATE":152959000,"NETCASH_INVEST":-862925000,"NETCASH_FINANCE":1331590000,"END_CASH":663447000,"DIVI_RATIO":null,"DIVIDEND_RATE":null,"CURRENT_RATIO":null,"COMMON_ACS":10000000000,"CURRENTDEBT_DEBT":null,"ISSUED_COMMON_SHARES":1201022011,"HK_COMMON_SHARES":1201022011,"PER_SHARES":500,"TOTAL_MARKET_CAP":36210813631.65,"HKSK_MARKET_CAP":36210813631.65,"PE_TTM":55.232374239689,"PB_TTM":5.51631907154,"REPORT_DATE_SQ":"2021-06-30 00:00:00","REPORT_TYPE_SQ":"2021年中报","OPERATE_INCOME_SQ":null,"DPS_HKD":null,"OPERATE_INCOME_QOQ_SQ":0,"NET_PROFIT_RATIO_SQ":null,"HOLDER_PROFIT_SQ":null,"HOLDER_PROFIT_QOQ_SQ":0,"ROE_AVG_SQ":null,"PE_TTM_SQ":82.619106623342,"PB_TTM_SQ":11.284651496925,"ROA_SQ":null,"START_DATE":"2022-01-01 00:00:00","FISCAL_YEAR":"12-31","CURRENCY":"HKD","IS_CNY_CODE":0,"DPS_HKD_LY":null,"ORG_TYPE":"一般企业","PREMIUM_INCOME":null,"PREMIUM_INCOME_YOY":null,"NET_INTEREST_INCOME":null,"NET_INTEREST_INCOME_YOY":null,"FEE_COMMISSION_INCOME":null,"FEE_COMMISSION_INCOME_YOY":null,"ACCOUNTS_RECE_TDAYS":null,"INVENTORY_TDAYS":null,"CURRENT_ASSETS_TDAYS":2.632297655242,"TOTAL_ASSETS_TDAYS":0.748928392401,"PREMIUM_EXPENSE":null,"LOAN_DEPOSIT":null,"LOAN_EQUITY":null,"LOAN_ASSETS":null,"DEPOSIT_EQUITY":null,"DEPOSIT_ASSETS":null,"EQUITY_MULTIPLIER":null,"EQUITY_RATIO":null},{"SECUCODE":"02268.HK","SECURITY_CODE":"02268","SECURITY_NAME_ABBR":"药明合联","ORG_CODE":"10000185234","STD_REPORT_DATE":"2022-03-31 00:00:00","REPORT_DATE":"2022-03-31 00:00:00","DATE_TYPE_CODE":"003","REPORT_TYPE":"2022年一季报","PER_NETCASH_OPERATE":null,"PER_OI":null,"BPS":null,"BASIC_EPS":0.05,"DILUTED_EPS":0.05,"OPERATE_INCOME":121425000,"OPERATE_INCOME_YOY":null,"GROSS_PROFIT":46059000,"GROSS_PROFIT_YOY":null,"HOLDER_PROFIT":30769000,"HOLDER_PROFIT_YOY":null,"GROSS_PROFIT_RATIO":37.932056825201,"EPS_TTM":null,"OPERATE_INCOME_QOQ":0,"NET_PROFIT_RATIO":25.3399217624,"ROE_AVG":null,"GROSS_PROFIT_QOQ":0,"ROA":null,"HOLDER_PROFIT_QOQ":0,"ROE_YEARLY":null,"ROIC_YEARLY":null,"TOTAL_ASSETS":null,"TOTAL_LIABILITIES":null,"TAX_EBT":22.496221662469,"OCF_SALES":124.061766522545,"TOTAL_PARENT_EQUITY":null,"DEBT_ASSET_RATIO":null,"OPERATE_PROFIT":40175000,"PRETAX_PROFIT":39700000,"NETCASH_OPERATE":150642000,"NETCASH_INVEST":-168179000,"NETCASH_FINANCE":84239000,"END_CASH":92868000,"DIVI_RATIO":null,"DIVIDEND_RATE":null,"CURRENT_RATIO":null,"COMMON_ACS":10000000000,"CURRENTDEBT_DEBT":null,"ISSUED_COMMON_SHARES":1201022011,"HK_COMMON_SHARES":1201022011,"PER_SHARES":500,"TOTAL_MARKET_CAP":36210813631.65,"HKSK_MARKET_CAP":36210813631.65,"PE_TTM":55.232374239689,"PB_TTM":5.51631907154,"REPORT_DATE_SQ":"2021-03-31 00:00:00","REPORT_TYPE_SQ":"2021年一季报","OPERATE_INCOME_SQ":null,"DPS_HKD":null,"OPERATE_INCOME_QOQ_SQ":0,"NET_PROFIT_RATIO_SQ":null,"HOLDER_PROFIT_SQ":null,"HOLDER_PROFIT_QOQ_SQ":0,"ROE_AVG_SQ":null,"PE_TTM_SQ":82.619106623342,"PB_TTM_SQ":11.284651496925,"ROA_SQ":null,"START_DATE":"2022-01-01 00:00:00","FISCAL_YEAR":"12-31","CURRENCY":"HKD","IS_CNY_CODE":0,"DPS_HKD_LY":null,"ORG_TYPE":"一般企业","PREMIUM_INCOME":null,"PREMIUM_INCOME_YOY":null,"NET_INTEREST_INCOME":null,"NET_INTEREST_INCOME_YOY":null,"FEE_COMMISSION_INCOME":null,"FEE_COMMISSION_INCOME_YOY":null,"ACCOUNTS_RECE_TDAYS":null,"INVENTORY_TDAYS":null,"CURRENT_ASSETS_TDAYS":0.970224088405,"TOTAL_ASSETS_TDAYS":0.276043389451,"PREMIUM_EXPENSE":null,"LOAN_DEPOSIT":null,"LOAN_EQUITY":null,"LOAN_ASSETS":null,"DEPOSIT_EQUITY":null,"DEPOSIT_ASSETS":null,"EQUITY_MULTIPLIER":null,"EQUITY_RATIO":null},{"SECUCODE":"02268.HK","SECURITY_CODE":"02268","SECURITY_NAME_ABBR":"药明合联","ORG_CODE":"10000185234","STD_REPORT_DATE":"2021-12-31 00:00:00","REPORT_DATE":"2021-12-31 00:00:00","DATE_TYPE_CODE":"001","REPORT_TYPE":"2021年年报","PER_NETCASH_OPERATE":null,"PER_OI":null,"BPS":0.017386026075,"BASIC_EPS":0.09,"DILUTED_EPS":0.09,"OPERATE_INCOME":311131000,"OPERATE_INCOME_YOY":222.9074341224,"GROSS_PROFIT":113494000,"GROSS_PROFIT_YOY":1304.45489419626,"HOLDER_PROFIT":54930000,"HOLDER_PROFIT_YOY":108.8672573102,"GROSS_PROFIT_RATIO":36.47788230681,"EPS_TTM":null,"OPERATE_INCOME_QOQ":222.907434122446,"NET_PROFIT_RATIO":17.6549427733,"ROE_AVG":27.703108215109,"GROSS_PROFIT_QOQ":1304.45489419626,"ROA":8.528039831675,"HOLDER_PROFIT_QOQ":108.867257310164,"ROE_YEARLY":27.703108215109,"ROIC_YEARLY":8.906320682672,"TOTAL_ASSETS":879753000,"TOTAL_LIABILITIES":858872000,"TAX_EBT":17.834652147248,"OCF_SALES":19.006784923392,"TOTAL_PARENT_EQUITY":20881000,"DEBT_ASSET_RATIO":97.6264928906,"OPERATE_PROFIT":67346000,"PRETAX_PROFIT":66853000,"NETCASH_OPERATE":59136000,"NETCASH_INVEST":-51587000,"NETCASH_FINANCE":22343000,"END_CASH":26325000,"DIVI_RATIO":null,"DIVIDEND_RATE":null,"CURRENT_RATIO":0.291561928502,"COMMON_ACS":10000000000,"CURRENTDEBT_DEBT":99.955523058151,"ISSUED_COMMON_SHARES":1201022011,"HK_COMMON_SHARES":1201022011,"PER_SHARES":500,"TOTAL_MARKET_CAP":36210813631.65,"HKSK_MARKET_CAP":36210813631.65,"PE_TTM":55.232374239689,"PB_TTM":5.51631907154,"REPORT_DATE_SQ":"2020-12-31 00:00:00","REPORT_TYPE_SQ":"2020年年报","OPERATE_INCOME_SQ":96353000,"DPS_HKD":null,"OPERATE_INCOME_QOQ_SQ":null,"NET_PROFIT_RATIO_SQ":27.2944277812,"HOLDER_PROFIT_SQ":26299000,"HOLDER_PROFIT_QOQ_SQ":null,"ROE_AVG_SQ":7.00035402376,"PE_TTM_SQ":82.619106623342,"PB_TTM_SQ":11.284651496925,"ROA_SQ":6.438448054682,"START_DATE":"2021-01-01 00:00:00","FISCAL_YEAR":"12-31","CURRENCY":"HKD","IS_CNY_CODE":0,"DPS_HKD_LY":null,"ORG_TYPE":"一般企业","PREMIUM_INCOME":null,"PREMIUM_INCOME_YOY":null,"NET_INTEREST_INCOME":null,"NET_INTEREST_INCOME_YOY":null,"FEE_COMMISSION_INCOME":null,"FEE_COMMISSION_INCOME_YOY":null,"ACCOUNTS_RECE_TDAYS":3.202649565611,"INVENTORY_TDAYS":12.562738367658,"CURRENT_ASSETS_TDAYS":1.776769525528,"TOTAL_ASSETS_TDAYS":0.48303978898,"PREMIUM_EXPENSE":null,"LOAN_DEPOSIT":null,"LOAN_EQUITY":null,"LOAN_ASSETS":null,"DEPOSIT_EQUITY":null,"DEPOSIT_ASSETS":null,"EQUITY_MULTIPLIER":42.13174656354,"EQUITY_RATIO":41.131746563862},{"SECUCODE":"02268.HK","SECURITY_CODE":"02268","SECURITY_NAME_ABBR":"药明合联","ORG_CODE":"10000185234","STD_REPORT_DATE":"2020-12-31 00:00:00","REPORT_DATE":"2020-12-31 00:00:00","DATE_TYPE_CODE":"001","REPORT_TYPE":"2020年年报","PER_NETCASH_OPERATE":null,"PER_OI":null,"BPS":0.312801094867,"BASIC_EPS":0.04,"DILUTED_EPS":0.04,"OPERATE_INCOME":96353000,"OPERATE_INCOME_YOY":null,"GROSS_PROFIT":8081000,"GROSS_PROFIT_YOY":null,"HOLDER_PROFIT":26299000,"HOLDER_PROFIT_YOY":null,"GROSS_PROFIT_RATIO":8.386869116686,"EPS_TTM":null,"OPERATE_INCOME_QOQ":null,"NET_PROFIT_RATIO":27.2944277812,"ROE_AVG":7.00035402376,"GROSS_PROFIT_QOQ":null,"ROA":6.438448054682,"HOLDER_PROFIT_QOQ":null,"ROE_YEARLY":7.00035402376,"ROIC_YEARLY":6.919369182115,"TOTAL_ASSETS":408468000,"TOTAL_LIABILITIES":32787000,"TAX_EBT":18.744979299265,"OCF_SALES":21.643332330078,"TOTAL_PARENT_EQUITY":375681000,"DEBT_ASSET_RATIO":8.0268221746,"OPERATE_PROFIT":32366000,"PRETAX_PROFIT":32366000,"NETCASH_OPERATE":20854000,"NETCASH_INVEST":-52424000,"NETCASH_FINANCE":69116000,"END_CASH":28390000,"DIVI_RATIO":null,"DIVIDEND_RATE":null,"CURRENT_RATIO":3.100058949459,"COMMON_ACS":10000000000,"CURRENTDEBT_DEBT":98.304205935279,"ISSUED_COMMON_SHARES":1201022011,"HK_COMMON_SHARES":1201022011,"PER_SHARES":500,"TOTAL_MARKET_CAP":36210813631.65,"HKSK_MARKET_CAP":36210813631.65,"PE_TTM":55.232374239689,"PB_TTM":5.51631907154,"REPORT_DATE_SQ":"2019-12-31 00:00:00","REPORT_TYPE_SQ":"2019年年报","OPERATE_INCOME_SQ":null,"DPS_HKD":null,"OPERATE_INCOME_QOQ_SQ":null,"NET_PROFIT_RATIO_SQ":null,"HOLDER_PROFIT_SQ":null,"HOLDER_PROFIT_QOQ_SQ":null,"ROE_AVG_SQ":null,"PE_TTM_SQ":82.619106623342,"PB_TTM_SQ":11.284651496925,"ROA_SQ":null,"START_DATE":"2020-01-01 00:00:00","FISCAL_YEAR":"12-31","CURRENCY":"HKD","IS_CNY_CODE":0,"DPS_HKD_LY":null,"ORG_TYPE":"一般企业","PREMIUM_INCOME":null,"PREMIUM_INCOME_YOY":null,"NET_INTEREST_INCOME":null,"NET_INTEREST_INCOME_YOY":null,"FEE_COMMISSION_INCOME":null,"FEE_COMMISSION_INCOME_YOY":null,"ACCOUNTS_RECE_TDAYS":2.18685882887,"INVENTORY_TDAYS":11.496743943735,"CURRENT_ASSETS_TDAYS":1.928641486019,"TOTAL_ASSETS_TDAYS":0.47177747094,"PREMIUM_EXPENSE":null,"LOAN_DEPOSIT":null,"LOAN_EQUITY":null,"LOAN_ASSETS":null,"DEPOSIT_EQUITY":null,"DEPOSIT_ASSETS":null,"EQUITY_MULTIPLIER":1.087273511304,"EQUITY_RATIO":0.087273511303}],"count":9},"success":true,"message":"ok","code":0}