{"version":"97f9b4129b0164b95e52d15110330a87","result":{"pages":2,"data":[{"SECUCODE":"02260.HK","SECURITY_CODE":"02260","SECURITY_NAME_ABBR":"环龙控股","ORG_CODE":"10000056851","STD_REPORT_DATE":"2024-06-30 00:00:00","REPORT_DATE":"2024-06-30 00:00:00","DATE_TYPE_CODE":"002","REPORT_TYPE":"2024年中报","PER_NETCASH_OPERATE":0.081720247724,"PER_OI":0.19968682903,"BPS":0.759832616943,"BASIC_EPS":0.0384,"DILUTED_EPS":0.0384,"OPERATE_INCOME":96537000,"OPERATE_INCOME_YOY":11.5505945159,"GROSS_PROFIT":47490000,"GROSS_PROFIT_YOY":11.316862781867,"HOLDER_PROFIT":18441000,"HOLDER_PROFIT_YOY":-9.099423276,"GROSS_PROFIT_RATIO":49.193573448522,"EPS_TTM":0.106068566653,"OPERATE_INCOME_QOQ":4.211147154232,"NET_PROFIT_RATIO":19.2993360059,"ROE_AVG":4.771336276878,"GROSS_PROFIT_QOQ":3.816932697705,"ROA":2.286925362103,"HOLDER_PROFIT_QOQ":-3.474888939086,"ROE_YEARLY":9.542672553755,"ROIC_YEARLY":5.03554247587,"TOTAL_ASSETS":789676000,"TOTAL_LIABILITIES":418995000,"TAX_EBT":8.379641013032,"OCF_SALES":40.924205227011,"TOTAL_PARENT_EQUITY":367335000,"DEBT_ASSET_RATIO":53.0591027206,"OPERATE_PROFIT":26900000,"PRETAX_PROFIT":20335000,"NETCASH_OPERATE":39507000,"NETCASH_INVEST":-24861000,"NETCASH_FINANCE":-49842000,"END_CASH":43413000,"DIVI_RATIO":0.341748749358,"DIVIDEND_RATE":2.877697841727,"CURRENT_RATIO":0.899230945156,"COMMON_ACS":2000000000,"CURRENTDEBT_DEBT":69.918972780105,"ISSUED_COMMON_SHARES":483442000,"HK_COMMON_SHARES":483442000,"PER_SHARES":2000,"TOTAL_MARKET_CAP":671984380,"HKSK_MARKET_CAP":671984380,"PE_TTM":11.825896226535,"PB_TTM":1.66961140087,"REPORT_DATE_SQ":"2023-06-30 00:00:00","REPORT_TYPE_SQ":"2023年中报","OPERATE_INCOME_SQ":86541000,"DPS_HKD":0.04,"OPERATE_INCOME_QOQ_SQ":4.210676169658,"NET_PROFIT_RATIO_SQ":23.6396621255,"HOLDER_PROFIT_SQ":20287000,"HOLDER_PROFIT_QOQ_SQ":9.95670995671,"ROE_AVG_SQ":5.459533866091,"PE_TTM_SQ":13.716538483871,"PB_TTM_SQ":2.140034978733,"ROA_SQ":2.882757170303,"START_DATE":"2024-01-01 00:00:00","FISCAL_YEAR":"12-31","CURRENCY":"HKD","IS_CNY_CODE":0,"DPS_HKD_LY":0.04,"ORG_TYPE":"一般企业","PREMIUM_INCOME":null,"PREMIUM_INCOME_YOY":null,"NET_INTEREST_INCOME":null,"NET_INTEREST_INCOME_YOY":null,"FEE_COMMISSION_INCOME":null,"FEE_COMMISSION_INCOME_YOY":null,"ACCOUNTS_RECE_TDAYS":0.483394381254,"INVENTORY_TDAYS":1.652359936664,"CURRENT_ASSETS_TDAYS":0.337570285618,"TOTAL_ASSETS_TDAYS":0.119718515092,"PREMIUM_EXPENSE":null,"LOAN_DEPOSIT":null,"LOAN_EQUITY":null,"LOAN_ASSETS":null,"DEPOSIT_EQUITY":null,"DEPOSIT_ASSETS":null,"EQUITY_MULTIPLIER":2.130338485112,"EQUITY_RATIO":1.140634570624},{"SECUCODE":"02260.HK","SECURITY_CODE":"02260","SECURITY_NAME_ABBR":"环龙控股","ORG_CODE":"10000056851","STD_REPORT_DATE":"2023-12-31 00:00:00","REPORT_DATE":"2023-12-31 00:00:00","DATE_TYPE_CODE":"001","REPORT_TYPE":"2023年年报","PER_NETCASH_OPERATE":0.120694933415,"PER_OI":0.490999954493,"BPS":0.839099623119,"BASIC_EPS":0.1099,"DILUTED_EPS":0.1099,"OPERATE_INCOME":237370000,"OPERATE_INCOME_YOY":9.0073293044,"GROSS_PROFIT":126489000,"GROSS_PROFIT_YOY":8.279616836591,"HOLDER_PROFIT":53124000,"HOLDER_PROFIT_YOY":1.3101436009,"GROSS_PROFIT_RATIO":53.287694316889,"EPS_TTM":0.109887018505,"OPERATE_INCOME_QOQ":4.602842348794,"NET_PROFIT_RATIO":22.6157475671,"ROE_AVG":13.691505565621,"GROSS_PROFIT_QOQ":5.588760705878,"ROA":7.1271746677,"HOLDER_PROFIT_QOQ":-7.863609559818,"ROE_YEARLY":13.691505565621,"ROIC_YEARLY":8.166490395258,"TOTAL_ASSETS":823057000,"TOTAL_LIABILITIES":414048000,"TAX_EBT":15.319820175093,"OCF_SALES":24.581455112272,"TOTAL_PARENT_EQUITY":405656000,"DEBT_ASSET_RATIO":50.3061148863,"OPERATE_PROFIT":75109000,"PRETAX_PROFIT":63395000,"NETCASH_OPERATE":58349000,"NETCASH_INVEST":-144601000,"NETCASH_FINANCE":77570000,"END_CASH":78631000,"DIVI_RATIO":0.329873359867,"DIVIDEND_RATE":2.484472049689,"CURRENT_RATIO":1.612590621848,"COMMON_ACS":2000000000,"CURRENTDEBT_DEBT":46.206478475926,"ISSUED_COMMON_SHARES":483442000,"HK_COMMON_SHARES":483442000,"PER_SHARES":2000,"TOTAL_MARKET_CAP":778341620,"HKSK_MARKET_CAP":778341620,"PE_TTM":13.697620809152,"PB_TTM":1.933866442734,"REPORT_DATE_SQ":"2022-12-31 00:00:00","REPORT_TYPE_SQ":"2022年年报","OPERATE_INCOME_SQ":217756000,"DPS_HKD":0.04,"OPERATE_INCOME_QOQ_SQ":1.506118168046,"NET_PROFIT_RATIO_SQ":24.3391686107,"HOLDER_PROFIT_SQ":52437000,"HOLDER_PROFIT_QOQ_SQ":2.680739406282,"ROE_AVG_SQ":17.991549252282,"PE_TTM_SQ":15.555627442603,"PB_TTM_SQ":2.426967042921,"ROA_SQ":9.670690818957,"START_DATE":"2023-01-01 00:00:00","FISCAL_YEAR":"12-31","CURRENCY":"HKD","IS_CNY_CODE":0,"DPS_HKD_LY":0.04,"ORG_TYPE":"一般企业","PREMIUM_INCOME":null,"PREMIUM_INCOME_YOY":null,"NET_INTEREST_INCOME":null,"NET_INTEREST_INCOME_YOY":null,"FEE_COMMISSION_INCOME":null,"FEE_COMMISSION_INCOME_YOY":null,"ACCOUNTS_RECE_TDAYS":1.21269557443,"INVENTORY_TDAYS":null,"CURRENT_ASSETS_TDAYS":0.799233662293,"TOTAL_ASSETS_TDAYS":0.318458220554,"PREMIUM_EXPENSE":null,"LOAN_DEPOSIT":null,"LOAN_EQUITY":null,"LOAN_ASSETS":null,"DEPOSIT_EQUITY":null,"DEPOSIT_ASSETS":null,"EQUITY_MULTIPLIER":2.012320022296,"EQUITY_RATIO":1.020687479046},{"SECUCODE":"02260.HK","SECURITY_CODE":"02260","SECURITY_NAME_ABBR":"环龙控股","ORG_CODE":"10000056851","STD_REPORT_DATE":"2023-06-30 00:00:00","REPORT_DATE":"2023-06-30 00:00:00","DATE_TYPE_CODE":"002","REPORT_TYPE":"2023年中报","PER_NETCASH_OPERATE":0.052043471606,"PER_OI":0.179010098419,"BPS":0.771176273472,"BASIC_EPS":0.042,"DILUTED_EPS":0.042,"OPERATE_INCOME":86541000,"OPERATE_INCOME_YOY":11.8505402471,"GROSS_PROFIT":42662000,"GROSS_PROFIT_YOY":7.501574902356,"HOLDER_PROFIT":20287000,"HOLDER_PROFIT_YOY":34.6541882384,"GROSS_PROFIT_RATIO":49.296865069736,"EPS_TTM":0.119265599596,"OPERATE_INCOME_QOQ":4.210676169658,"NET_PROFIT_RATIO":23.6396621255,"ROE_AVG":5.459533866091,"GROSS_PROFIT_QOQ":2.548430451047,"ROA":2.882757170303,"HOLDER_PROFIT_QOQ":9.95670995671,"ROE_YEARLY":10.919067732182,"ROIC_YEARLY":6.697280416224,"TOTAL_ASSETS":739784000,"TOTAL_LIABILITIES":364000000,"TAX_EBT":9.180502530409,"OCF_SALES":29.072924971979,"TOTAL_PARENT_EQUITY":372819000,"DEBT_ASSET_RATIO":49.2035513069,"OPERATE_PROFIT":28334000,"PRETAX_PROFIT":22526000,"NETCASH_OPERATE":25160000,"NETCASH_INVEST":-73457000,"NETCASH_FINANCE":64536000,"END_CASH":104237000,"DIVI_RATIO":0.303933406806,"DIVIDEND_RATE":2.484472049689,"CURRENT_RATIO":2.116126423419,"COMMON_ACS":2000000000,"CURRENTDEBT_DEBT":38.045879120879,"ISSUED_COMMON_SHARES":483442000,"HK_COMMON_SHARES":483442000,"PER_SHARES":2000,"TOTAL_MARKET_CAP":778341620,"HKSK_MARKET_CAP":778341620,"PE_TTM":13.697620809152,"PB_TTM":1.933866442734,"REPORT_DATE_SQ":"2022-06-30 00:00:00","REPORT_TYPE_SQ":"2022年中报","OPERATE_INCOME_SQ":77372000,"DPS_HKD":0.04,"OPERATE_INCOME_QOQ_SQ":0.401089540783,"NET_PROFIT_RATIO_SQ":19.6608592256,"HOLDER_PROFIT_SQ":15066000,"HOLDER_PROFIT_QOQ_SQ":1.858943673209,"ROE_AVG_SQ":5.523375175974,"PE_TTM_SQ":15.555627442603,"PB_TTM_SQ":2.426967042921,"ROA_SQ":3.06426910897,"START_DATE":"2023-01-01 00:00:00","FISCAL_YEAR":"12-31","CURRENCY":"HKD","IS_CNY_CODE":0,"DPS_HKD_LY":0.04,"ORG_TYPE":"一般企业","PREMIUM_INCOME":null,"PREMIUM_INCOME_YOY":null,"NET_INTEREST_INCOME":null,"NET_INTEREST_INCOME_YOY":null,"FEE_COMMISSION_INCOME":null,"FEE_COMMISSION_INCOME_YOY":null,"ACCOUNTS_RECE_TDAYS":0.506053686448,"INVENTORY_TDAYS":1.96520064493,"CURRENT_ASSETS_TDAYS":0.299173428009,"TOTAL_ASSETS_TDAYS":0.122973671945,"PREMIUM_EXPENSE":null,"LOAN_DEPOSIT":null,"LOAN_EQUITY":null,"LOAN_ASSETS":null,"DEPOSIT_EQUITY":null,"DEPOSIT_ASSETS":null,"EQUITY_MULTIPLIER":1.968641560046,"EQUITY_RATIO":0.976345089708},{"SECUCODE":"02260.HK","SECURITY_CODE":"02260","SECURITY_NAME_ABBR":"环龙控股","ORG_CODE":"10000056851","STD_REPORT_DATE":"2022-12-31 00:00:00","REPORT_DATE":"2022-12-31 00:00:00","DATE_TYPE_CODE":"001","REPORT_TYPE":"2022年年报","PER_NETCASH_OPERATE":0.119137352568,"PER_OI":0.450428386446,"BPS":0.766085693837,"BASIC_EPS":0.1093,"DILUTED_EPS":0.1093,"OPERATE_INCOME":217756000,"OPERATE_INCOME_YOY":1.9132485913,"GROSS_PROFIT":116817000,"GROSS_PROFIT_YOY":2.811955431167,"HOLDER_PROFIT":52437000,"HOLDER_PROFIT_YOY":4.5895165151,"GROSS_PROFIT_RATIO":53.64582376605,"EPS_TTM":0.108465958688,"OPERATE_INCOME_QOQ":1.506118168046,"NET_PROFIT_RATIO":24.3391686107,"ROE_AVG":17.991549252282,"GROSS_PROFIT_QOQ":2.264729055415,"ROA":9.670690818957,"HOLDER_PROFIT_QOQ":2.680739406282,"ROE_YEARLY":17.991549252282,"ROIC_YEARLY":10.69274344512,"TOTAL_ASSETS":667688000,"TOTAL_LIABILITIES":294334000,"TAX_EBT":17.75550107073,"OCF_SALES":26.449787835926,"TOTAL_PARENT_EQUITY":370358000,"DEBT_ASSET_RATIO":44.0825655096,"OPERATE_PROFIT":74978000,"PRETAX_PROFIT":64442000,"NETCASH_OPERATE":57596000,"NETCASH_INVEST":-95909000,"NETCASH_FINANCE":105184000,"END_CASH":85618000,"DIVI_RATIO":0.334195174583,"DIVIDEND_RATE":2.484472049689,"CURRENT_RATIO":1.91701473294,"COMMON_ACS":2000000000,"CURRENTDEBT_DEBT":50.594902389802,"ISSUED_COMMON_SHARES":483442000,"HK_COMMON_SHARES":483442000,"PER_SHARES":2000,"TOTAL_MARKET_CAP":778341620,"HKSK_MARKET_CAP":778341620,"PE_TTM":13.697620809152,"PB_TTM":1.933866442734,"REPORT_DATE_SQ":"2021-12-31 00:00:00","REPORT_TYPE_SQ":"2021年年报","OPERATE_INCOME_SQ":213668000,"DPS_HKD":0.04,"OPERATE_INCOME_QOQ_SQ":10.669242602386,"NET_PROFIT_RATIO_SQ":23.7237209128,"HOLDER_PROFIT_SQ":50136000,"HOLDER_PROFIT_QOQ_SQ":15.862451469773,"ROE_AVG_SQ":26.741909846865,"PE_TTM_SQ":15.555627442603,"PB_TTM_SQ":2.426967042921,"ROA_SQ":13.292926400522,"START_DATE":"2022-01-01 00:00:00","FISCAL_YEAR":"12-31","CURRENCY":"HKD","IS_CNY_CODE":0,"DPS_HKD_LY":null,"ORG_TYPE":"一般企业","PREMIUM_INCOME":null,"PREMIUM_INCOME_YOY":null,"NET_INTEREST_INCOME":null,"NET_INTEREST_INCOME_YOY":null,"FEE_COMMISSION_INCOME":null,"FEE_COMMISSION_INCOME_YOY":null,"ACCOUNTS_RECE_TDAYS":1.29995821145,"INVENTORY_TDAYS":6.905116979067,"CURRENT_ASSETS_TDAYS":0.939682868467,"TOTAL_ASSETS_TDAYS":0.40159638232,"PREMIUM_EXPENSE":null,"LOAN_DEPOSIT":null,"LOAN_EQUITY":null,"LOAN_ASSETS":null,"DEPOSIT_EQUITY":null,"DEPOSIT_ASSETS":null,"EQUITY_MULTIPLIER":1.788351001997,"EQUITY_RATIO":0.794728343927},{"SECUCODE":"02260.HK","SECURITY_CODE":"02260","SECURITY_NAME_ABBR":"环龙控股","ORG_CODE":"10000056851","STD_REPORT_DATE":"2022-06-30 00:00:00","REPORT_DATE":"2022-06-30 00:00:00","DATE_TYPE_CODE":"002","REPORT_TYPE":"2022年中报","PER_NETCASH_OPERATE":0.073735835943,"PER_OI":0.16004401769,"BPS":0.688783763099,"BASIC_EPS":0.0316,"DILUTED_EPS":0.0316,"OPERATE_INCOME":77372000,"OPERATE_INCOME_YOY":1.1200418219,"GROSS_PROFIT":39685000,"GROSS_PROFIT_YOY":1.555902449011,"HOLDER_PROFIT":15066000,"HOLDER_PROFIT_YOY":6.5940285836,"GROSS_PROFIT_RATIO":51.291164762446,"EPS_TTM":0.105634181556,"OPERATE_INCOME_QOQ":0.401089540783,"NET_PROFIT_RATIO":19.6608592256,"ROE_AVG":5.523375175974,"GROSS_PROFIT_QOQ":0.535107637605,"ROA":3.06426910897,"HOLDER_PROFIT_QOQ":1.858943673209,"ROE_YEARLY":11.046750351947,"ROIC_YEARLY":7.09745575573,"TOTAL_ASSETS":566570000,"TOTAL_LIABILITIES":231004000,"TAX_EBT":13.700572984626,"OCF_SALES":46.072222509435,"TOTAL_PARENT_EQUITY":332987000,"DEBT_ASSET_RATIO":40.7723670508,"OPERATE_PROFIT":22632000,"PRETAX_PROFIT":17627000,"NETCASH_OPERATE":35647000,"NETCASH_INVEST":-17553000,"NETCASH_FINANCE":81463000,"END_CASH":116620000,"DIVI_RATIO":0.343154076322,"DIVIDEND_RATE":2.484472049689,"CURRENT_RATIO":2.529017795367,"COMMON_ACS":2000000000,"CURRENTDEBT_DEBT":46.925161469066,"ISSUED_COMMON_SHARES":483442000,"HK_COMMON_SHARES":483442000,"PER_SHARES":2000,"TOTAL_MARKET_CAP":778341620,"HKSK_MARKET_CAP":778341620,"PE_TTM":13.697620809152,"PB_TTM":1.933866442734,"REPORT_DATE_SQ":"2021-06-30 00:00:00","REPORT_TYPE_SQ":"2021年中报","OPERATE_INCOME_SQ":76515000,"DPS_HKD":0.04,"OPERATE_INCOME_QOQ_SQ":5.64130904634,"NET_PROFIT_RATIO_SQ":18.6708488532,"HOLDER_PROFIT_SQ":14134000,"HOLDER_PROFIT_QOQ_SQ":6.79961497643,"ROE_AVG_SQ":8.339627094642,"PE_TTM_SQ":15.555627442603,"PB_TTM_SQ":2.426967042921,"ROA_SQ":3.967349505134,"START_DATE":"2022-01-01 00:00:00","FISCAL_YEAR":"12-31","CURRENCY":"HKD","IS_CNY_CODE":0,"DPS_HKD_LY":null,"ORG_TYPE":"一般企业","PREMIUM_INCOME":null,"PREMIUM_INCOME_YOY":null,"NET_INTEREST_INCOME":null,"NET_INTEREST_INCOME_YOY":null,"FEE_COMMISSION_INCOME":null,"FEE_COMMISSION_INCOME_YOY":null,"ACCOUNTS_RECE_TDAYS":0.534669338677,"INVENTORY_TDAYS":2.251112504853,"CURRENT_ASSETS_TDAYS":0.342254032008,"TOTAL_ASSETS_TDAYS":0.157366672972,"PREMIUM_EXPENSE":null,"LOAN_DEPOSIT":null,"LOAN_EQUITY":null,"LOAN_ASSETS":null,"DEPOSIT_EQUITY":null,"DEPOSIT_ASSETS":null,"EQUITY_MULTIPLIER":1.688401089501,"EQUITY_RATIO":0.693732788367},{"SECUCODE":"02260.HK","SECURITY_CODE":"02260","SECURITY_NAME_ABBR":"环龙控股","ORG_CODE":"10000056851","STD_REPORT_DATE":"2021-12-31 00:00:00","REPORT_DATE":"2021-12-31 00:00:00","DATE_TYPE_CODE":"001","REPORT_TYPE":"2021年年报","PER_NETCASH_OPERATE":6537.25,"PER_OI":17805.6666666667,"BPS":0.439657704544,"BASIC_EPS":0.1371,"DILUTED_EPS":0.1371,"OPERATE_INCOME":213668000,"OPERATE_INCOME_YOY":16.9124365968,"GROSS_PROFIT":113622000,"GROSS_PROFIT_YOY":14.056555476365,"HOLDER_PROFIT":50136000,"HOLDER_PROFIT_YOY":23.740652072,"GROSS_PROFIT_RATIO":53.176891251849,"EPS_TTM":4178,"OPERATE_INCOME_QOQ":10.669242602386,"NET_PROFIT_RATIO":23.7237209128,"ROE_AVG":26.741909846865,"GROSS_PROFIT_QOQ":9.418154503958,"ROA":13.292926400522,"HOLDER_PROFIT_QOQ":15.862451469773,"ROE_YEARLY":26.741909846865,"ROIC_YEARLY":14.170117151619,"TOTAL_ASSETS":416764000,"TOTAL_LIABILITIES":201782000,"TAX_EBT":14.749411368988,"OCF_SALES":36.714435479342,"TOTAL_PARENT_EQUITY":212549000,"DEBT_ASSET_RATIO":48.416369936,"OPERATE_PROFIT":67689000,"PRETAX_PROFIT":59460000,"NETCASH_OPERATE":78447000,"NETCASH_INVEST":-68515000,"NETCASH_FINANCE":-27098000,"END_CASH":12609000,"DIVI_RATIO":0.000008676113,"DIVIDEND_RATE":2.484472049689,"CURRENT_RATIO":0.960581349538,"COMMON_ACS":2000000000,"CURRENTDEBT_DEBT":91.828309760038,"ISSUED_COMMON_SHARES":483442000,"HK_COMMON_SHARES":483442000,"PER_SHARES":2000,"TOTAL_MARKET_CAP":778341620,"HKSK_MARKET_CAP":778341620,"PE_TTM":13.697620809152,"PB_TTM":1.933866442734,"REPORT_DATE_SQ":"2020-12-31 00:00:00","REPORT_TYPE_SQ":"2020年年报","OPERATE_INCOME_SQ":182759000,"DPS_HKD":0.04,"OPERATE_INCOME_QOQ_SQ":7.96509841915,"NET_PROFIT_RATIO_SQ":22.441028896,"HOLDER_PROFIT_SQ":40517000,"HOLDER_PROFIT_QOQ_SQ":11.940875811576,"ROE_AVG_SQ":28.502087517455,"PE_TTM_SQ":15.555627442603,"PB_TTM_SQ":2.426967042921,"ROA_SQ":12.88104340362,"START_DATE":"2021-01-01 00:00:00","FISCAL_YEAR":"12-31","CURRENCY":"HKD","IS_CNY_CODE":0,"DPS_HKD_LY":null,"ORG_TYPE":"一般企业","PREMIUM_INCOME":null,"PREMIUM_INCOME_YOY":null,"NET_INTEREST_INCOME":null,"NET_INTEREST_INCOME_YOY":null,"FEE_COMMISSION_INCOME":null,"FEE_COMMISSION_INCOME_YOY":null,"ACCOUNTS_RECE_TDAYS":1.450622564395,"INVENTORY_TDAYS":9.121210739846,"CURRENT_ASSETS_TDAYS":1.186668666034,"TOTAL_ASSETS_TDAYS":0.566513682413,"PREMIUM_EXPENSE":null,"LOAN_DEPOSIT":null,"LOAN_EQUITY":null,"LOAN_ASSETS":null,"DEPOSIT_EQUITY":null,"DEPOSIT_ASSETS":null,"EQUITY_MULTIPLIER":1.938599510657,"EQUITY_RATIO":0.949343445511},{"SECUCODE":"02260.HK","SECURITY_CODE":"02260","SECURITY_NAME_ABBR":"环龙控股","ORG_CODE":"10000056851","STD_REPORT_DATE":"2021-06-30 00:00:00","REPORT_DATE":"2021-06-30 00:00:00","DATE_TYPE_CODE":"002","REPORT_TYPE":"2021年中报","PER_NETCASH_OPERATE":297.0692016,"PER_OI":636.666012,"BPS":0.365187550937,"BASIC_EPS":0.0386,"DILUTED_EPS":0.0386,"OPERATE_INCOME":76515000,"OPERATE_INCOME_YOY":15.5728419304,"GROSS_PROFIT":39077000,"GROSS_PROFIT_YOY":12.116256383772,"HOLDER_PROFIT":14134000,"HOLDER_PROFIT_YOY":24.2112663679,"GROSS_PROFIT_RATIO":51.071031823825,"EPS_TTM":360.0576576,"OPERATE_INCOME_QOQ":5.64130904634,"NET_PROFIT_RATIO":18.6708488532,"ROE_AVG":8.339627094642,"GROSS_PROFIT_QOQ":4.239151165942,"ROA":3.967349505134,"HOLDER_PROFIT_QOQ":6.79961497643,"ROE_YEARLY":16.679254189285,"ROIC_YEARLY":8.818194154375,"TOTAL_ASSETS":374954000,"TOTAL_LIABILITIES":196376000,"TAX_EBT":13.191954791274,"OCF_SALES":46.660132000261,"TOTAL_PARENT_EQUITY":176547000,"DEBT_ASSET_RATIO":52.3733577986,"OPERATE_PROFIT":20260000,"PRETAX_PROFIT":16457000,"NETCASH_OPERATE":35702000,"NETCASH_INVEST":-19964000,"NETCASH_FINANCE":-7811000,"END_CASH":37702000,"DIVI_RATIO":0.000100674987,"DIVIDEND_RATE":2.484472049689,"CURRENT_RATIO":0.987050906266,"COMMON_ACS":2000000000,"CURRENTDEBT_DEBT":89.819020654255,"ISSUED_COMMON_SHARES":483442000,"HK_COMMON_SHARES":483442000,"PER_SHARES":2000,"TOTAL_MARKET_CAP":778341620,"HKSK_MARKET_CAP":778341620,"PE_TTM":13.697620809152,"PB_TTM":1.933866442734,"REPORT_DATE_SQ":"2020-06-30 00:00:00","REPORT_TYPE_SQ":"2020年中报","OPERATE_INCOME_SQ":66205000,"DPS_HKD":0.04,"OPERATE_INCOME_QOQ_SQ":1.172645445091,"NET_PROFIT_RATIO_SQ":17.3884147723,"HOLDER_PROFIT_SQ":11379000,"HOLDER_PROFIT_QOQ_SQ":4.510149279589,"ROE_AVG_SQ":null,"PE_TTM_SQ":15.555627442603,"PB_TTM_SQ":2.426967042921,"ROA_SQ":null,"START_DATE":"2021-01-01 00:00:00","FISCAL_YEAR":"12-31","CURRENCY":"HKD","IS_CNY_CODE":0,"DPS_HKD_LY":null,"ORG_TYPE":"一般企业","PREMIUM_INCOME":null,"PREMIUM_INCOME_YOY":null,"NET_INTEREST_INCOME":null,"NET_INTEREST_INCOME_YOY":null,"FEE_COMMISSION_INCOME":null,"FEE_COMMISSION_INCOME_YOY":null,"ACCOUNTS_RECE_TDAYS":0.577737675458,"INVENTORY_TDAYS":3.47242962482,"CURRENT_ASSETS_TDAYS":0.429589247215,"TOTAL_ASSETS_TDAYS":0.214774124371,"PREMIUM_EXPENSE":null,"LOAN_DEPOSIT":null,"LOAN_EQUITY":null,"LOAN_ASSETS":null,"DEPOSIT_EQUITY":null,"DEPOSIT_ASSETS":null,"EQUITY_MULTIPLIER":2.099665132325,"EQUITY_RATIO":1.112315700635},{"SECUCODE":"02260.HK","SECURITY_CODE":"02260","SECURITY_NAME_ABBR":"环龙控股","ORG_CODE":"10000056851","STD_REPORT_DATE":"2020-12-31 00:00:00","REPORT_DATE":"2020-12-31 00:00:00","DATE_TYPE_CODE":"001","REPORT_TYPE":"2020年年报","PER_NETCASH_OPERATE":459.7963484,"PER_OI":1538.1728476,"BPS":0.335951365417,"BASIC_EPS":0.1108,"DILUTED_EPS":0.1108,"OPERATE_INCOME":182759000,"OPERATE_INCOME_YOY":9.2311462281,"GROSS_PROFIT":99619000,"GROSS_PROFIT_YOY":11.519215484333,"HOLDER_PROFIT":40517000,"HOLDER_PROFIT_YOY":16.9895764156,"GROSS_PROFIT_RATIO":54.508396303328,"EPS_TTM":341.0072788,"OPERATE_INCOME_QOQ":7.96509841915,"NET_PROFIT_RATIO":22.441028896,"ROE_AVG":28.502087517455,"GROSS_PROFIT_QOQ":9.806882564317,"ROA":12.88104340362,"HOLDER_PROFIT_QOQ":11.940875811576,"ROE_YEARLY":28.502087517455,"ROIC_YEARLY":14.276125358735,"TOTAL_ASSETS":337562000,"TOTAL_LIABILITIES":173270000,"TAX_EBT":15.426650719677,"OCF_SALES":29.892371921492,"TOTAL_PARENT_EQUITY":162413000,"DEBT_ASSET_RATIO":51.3298297794,"OPERATE_PROFIT":55735000,"PRETAX_PROFIT":48494000,"NETCASH_OPERATE":54631000,"NETCASH_INVEST":-38247000,"NETCASH_FINANCE":-15048000,"END_CASH":29775000,"DIVI_RATIO":0.000106299197,"DIVIDEND_RATE":2.484472049689,"CURRENT_RATIO":1.064324033708,"COMMON_ACS":2000000000,"CURRENTDEBT_DEBT":98.758007733595,"ISSUED_COMMON_SHARES":483442000,"HK_COMMON_SHARES":483442000,"PER_SHARES":2000,"TOTAL_MARKET_CAP":778341620,"HKSK_MARKET_CAP":778341620,"PE_TTM":13.697620809152,"PB_TTM":1.933866442734,"REPORT_DATE_SQ":"2019-12-31 00:00:00","REPORT_TYPE_SQ":"2019年年报","OPERATE_INCOME_SQ":167314000,"DPS_HKD":0.04,"OPERATE_INCOME_QOQ_SQ":4.709990737727,"NET_PROFIT_RATIO_SQ":20.9647728224,"HOLDER_PROFIT_SQ":34633000,"HOLDER_PROFIT_QOQ_SQ":-0.68251555734,"ROE_AVG_SQ":34.538881547782,"PE_TTM_SQ":15.555627442603,"PB_TTM_SQ":2.426967042921,"ROA_SQ":12.583202534589,"START_DATE":"2020-01-01 00:00:00","FISCAL_YEAR":"12-31","CURRENCY":"HKD","IS_CNY_CODE":0,"DPS_HKD_LY":null,"ORG_TYPE":"一般企业","PREMIUM_INCOME":null,"PREMIUM_INCOME_YOY":null,"NET_INTEREST_INCOME":null,"NET_INTEREST_INCOME_YOY":null,"FEE_COMMISSION_INCOME":null,"FEE_COMMISSION_INCOME_YOY":null,"ACCOUNTS_RECE_TDAYS":1.353790426525,"INVENTORY_TDAYS":7.807672442128,"CURRENT_ASSETS_TDAYS":1.029335315868,"TOTAL_ASSETS_TDAYS":0.581021944221,"PREMIUM_EXPENSE":null,"LOAN_DEPOSIT":null,"LOAN_EQUITY":null,"LOAN_ASSETS":null,"DEPOSIT_EQUITY":null,"DEPOSIT_ASSETS":null,"EQUITY_MULTIPLIER":2.054646604825,"EQUITY_RATIO":1.066848097135},{"SECUCODE":"02260.HK","SECURITY_CODE":"02260","SECURITY_NAME_ABBR":"环龙控股","ORG_CODE":"10000056851","STD_REPORT_DATE":"2020-06-30 00:00:00","REPORT_DATE":"2020-06-30 00:00:00","DATE_TYPE_CODE":"002","REPORT_TYPE":"2020年中报","PER_NETCASH_OPERATE":null,"PER_OI":null,"BPS":null,"BASIC_EPS":0.0311,"DILUTED_EPS":0.0311,"OPERATE_INCOME":66205000,"OPERATE_INCOME_YOY":3.0540292328,"GROSS_PROFIT":34854000,"GROSS_PROFIT_YOY":4.163055497445,"HOLDER_PROFIT":11379000,"HOLDER_PROFIT_YOY":15.9111744932,"GROSS_PROFIT_RATIO":52.645570576241,"EPS_TTM":null,"OPERATE_INCOME_QOQ":1.172645445091,"NET_PROFIT_RATIO":17.3884147723,"ROE_AVG":null,"GROSS_PROFIT_QOQ":1.55940400094,"ROA":null,"HOLDER_PROFIT_QOQ":4.510149279589,"ROE_YEARLY":null,"ROIC_YEARLY":null,"TOTAL_ASSETS":null,"TOTAL_LIABILITIES":null,"TAX_EBT":19.265025597868,"OCF_SALES":35.001888074919,"TOTAL_PARENT_EQUITY":null,"DEBT_ASSET_RATIO":null,"OPERATE_PROFIT":null,"PRETAX_PROFIT":14259000,"NETCASH_OPERATE":23173000,"NETCASH_INVEST":-8581000,"NETCASH_FINANCE":-11897000,"END_CASH":31134000,"DIVI_RATIO":null,"DIVIDEND_RATE":2.484472049689,"CURRENT_RATIO":null,"COMMON_ACS":2000000000,"CURRENTDEBT_DEBT":null,"ISSUED_COMMON_SHARES":483442000,"HK_COMMON_SHARES":483442000,"PER_SHARES":2000,"TOTAL_MARKET_CAP":778341620,"HKSK_MARKET_CAP":778341620,"PE_TTM":13.697620809152,"PB_TTM":1.933866442734,"REPORT_DATE_SQ":"2019-06-30 00:00:00","REPORT_TYPE_SQ":"2019年中报","OPERATE_INCOME_SQ":64243000,"DPS_HKD":0.04,"OPERATE_INCOME_QOQ_SQ":0.271091141846,"NET_PROFIT_RATIO_SQ":16.1433930545,"HOLDER_PROFIT_SQ":9817000,"HOLDER_PROFIT_QOQ_SQ":1.469475644532,"ROE_AVG_SQ":11.240432121736,"PE_TTM_SQ":15.555627442603,"PB_TTM_SQ":2.426967042921,"ROA_SQ":3.6707710601,"START_DATE":"2020-01-01 00:00:00","FISCAL_YEAR":"12-31","CURRENCY":"HKD","IS_CNY_CODE":0,"DPS_HKD_LY":null,"ORG_TYPE":"一般企业","PREMIUM_INCOME":null,"PREMIUM_INCOME_YOY":null,"NET_INTEREST_INCOME":null,"NET_INTEREST_INCOME_YOY":null,"FEE_COMMISSION_INCOME":null,"FEE_COMMISSION_INCOME_YOY":null,"ACCOUNTS_RECE_TDAYS":null,"INVENTORY_TDAYS":null,"CURRENT_ASSETS_TDAYS":0.765481916566,"TOTAL_ASSETS_TDAYS":0.454185289487,"PREMIUM_EXPENSE":null,"LOAN_DEPOSIT":null,"LOAN_EQUITY":null,"LOAN_ASSETS":null,"DEPOSIT_EQUITY":null,"DEPOSIT_ASSETS":null,"EQUITY_MULTIPLIER":null,"EQUITY_RATIO":null}],"count":15},"success":true,"message":"ok","code":0}