{"version":"45723a9f55f5b5727cbe15a9e4a39bcf","result":{"pages":2,"data":[{"SECUCODE":"02263.HK","SECURITY_CODE":"02263","SECURITY_NAME_ABBR":"富石金融","ORG_CODE":"10000048288","STD_REPORT_DATE":"2024-06-30 00:00:00","REPORT_DATE":"2024-09-30 00:00:00","DATE_TYPE_CODE":"002","REPORT_TYPE":"2024年中报","PER_NETCASH_OPERATE":-0.00754888409,"PER_OI":0.01441872031,"BPS":0.32193903,"BASIC_EPS":0.001352685,"DILUTED_EPS":null,"OPERATE_INCOME":14418720.31,"OPERATE_INCOME_YOY":-17.1468545963,"GROSS_PROFIT":null,"GROSS_PROFIT_YOY":null,"HOLDER_PROFIT":1320220.56,"HOLDER_PROFIT_YOY":-16.1991986262,"GROSS_PROFIT_RATIO":null,"EPS_TTM":0.0032345704,"OPERATE_INCOME_QOQ":0,"NET_PROFIT_RATIO":9.1562949528,"ROE_AVG":0.410926605814,"GROSS_PROFIT_QOQ":null,"ROA":0.284639665432,"HOLDER_PROFIT_QOQ":0,"ROE_YEARLY":0.821853211627,"ROIC_YEARLY":1.016465491205,"TOTAL_ASSETS":436457342.1,"TOTAL_LIABILITIES":114518312.1,"TAX_EBT":null,"OCF_SALES":-52.354743886422,"TOTAL_PARENT_EQUITY":321939030,"DEBT_ASSET_RATIO":26.2381454162,"OPERATE_PROFIT":1358997.53,"PRETAX_PROFIT":1320220.56,"NETCASH_OPERATE":-7548884.09,"NETCASH_INVEST":null,"NETCASH_FINANCE":-337269.46,"END_CASH":200111709.95,"DIVI_RATIO":null,"DIVIDEND_RATE":null,"CURRENT_RATIO":3.782030566481,"COMMON_ACS":5000000000,"CURRENTDEBT_DEBT":99.906291834003,"ISSUED_COMMON_SHARES":1000000000,"HK_COMMON_SHARES":1000000000,"PER_SHARES":10000,"TOTAL_MARKET_CAP":167000000,"HKSK_MARKET_CAP":167000000,"PE_TTM":50.837138508371,"PB_TTM":0.467787114846,"REPORT_DATE_SQ":"2023-06-30 00:00:00","REPORT_TYPE_SQ":"2023年中报","OPERATE_INCOME_SQ":17708423.74,"DPS_HKD":null,"OPERATE_INCOME_QOQ_SQ":0,"NET_PROFIT_RATIO_SQ":9.0527515805,"HOLDER_PROFIT_SQ":1603099.61,"HOLDER_PROFIT_QOQ_SQ":0,"ROE_AVG_SQ":0.495123164367,"PE_TTM_SQ":28.577059519117,"PB_TTM_SQ":0.409934551828,"ROA_SQ":0.34188034188,"START_DATE":"2024-04-01 00:00:00","FISCAL_YEAR":"3-31","CURRENCY":"HKD","IS_CNY_CODE":0,"DPS_HKD_LY":null,"ORG_TYPE":"证券","PREMIUM_INCOME":null,"PREMIUM_INCOME_YOY":null,"NET_INTEREST_INCOME":7643572.04,"NET_INTEREST_INCOME_YOY":null,"FEE_COMMISSION_INCOME":2333832.52,"FEE_COMMISSION_INCOME_YOY":-44.830526540183,"ACCOUNTS_RECE_TDAYS":0.119862063795,"INVENTORY_TDAYS":null,"CURRENT_ASSETS_TDAYS":0.031375126936,"TOTAL_ASSETS_TDAYS":0.031086773296,"PREMIUM_EXPENSE":null,"LOAN_DEPOSIT":null,"LOAN_EQUITY":null,"LOAN_ASSETS":null,"DEPOSIT_EQUITY":null,"DEPOSIT_ASSETS":null,"EQUITY_MULTIPLIER":1.355714285714,"EQUITY_RATIO":0.355714285714},{"SECUCODE":"02263.HK","SECURITY_CODE":"02263","SECURITY_NAME_ABBR":"富石金融","ORG_CODE":"10000048288","STD_REPORT_DATE":"2023-12-31 00:00:00","REPORT_DATE":"2024-03-31 00:00:00","DATE_TYPE_CODE":"001","REPORT_TYPE":"2023年年报","PER_NETCASH_OPERATE":0.0908689458,"PER_OI":0.04899630785,"BPS":0.3223111608,"BASIC_EPS":0.00326358,"DILUTED_EPS":null,"OPERATE_INCOME":48996307.85,"OPERATE_INCOME_YOY":35.4867012609,"GROSS_PROFIT":null,"GROSS_PROFIT_YOY":null,"HOLDER_PROFIT":3234570.4,"HOLDER_PROFIT_YOY":-70.2815259037,"GROSS_PROFIT_RATIO":null,"EPS_TTM":0.00426363731,"OPERATE_INCOME_QOQ":0,"NET_PROFIT_RATIO":6.6016615168,"ROE_AVG":1.008616205703,"GROSS_PROFIT_QOQ":null,"ROA":0.670340891264,"HOLDER_PROFIT_QOQ":0,"ROE_YEARLY":1.008616205703,"ROIC_YEARLY":1.016792174576,"TOTAL_ASSETS":493778747.45,"TOTAL_LIABILITIES":171467586.65,"TAX_EBT":null,"OCF_SALES":185.460802634744,"TOTAL_PARENT_EQUITY":322311160.8,"DEBT_ASSET_RATIO":34.725590669,"OPERATE_PROFIT":3271738.95,"PRETAX_PROFIT":3234570.4,"NETCASH_OPERATE":90868945.8,"NETCASH_INVEST":-212132.7,"NETCASH_FINANCE":-1287301,"END_CASH":209095757.5,"DIVI_RATIO":null,"DIVIDEND_RATE":null,"CURRENT_RATIO":2.858835127443,"COMMON_ACS":5000000000,"CURRENTDEBT_DEBT":99.751510761699,"ISSUED_COMMON_SHARES":1000000000,"HK_COMMON_SHARES":1000000000,"PER_SHARES":10000,"TOTAL_MARKET_CAP":140000000,"HKSK_MARKET_CAP":140000000,"PE_TTM":42.61796042618,"PB_TTM":0.392156862745,"REPORT_DATE_SQ":"2022-12-31 00:00:00","REPORT_TYPE_SQ":"2022年年报","OPERATE_INCOME_SQ":34920980.31,"DPS_HKD":null,"OPERATE_INCOME_QOQ_SQ":0,"NET_PROFIT_RATIO_SQ":30.0970143641,"HOLDER_PROFIT_SQ":10510172.46,"HOLDER_PROFIT_QOQ_SQ":0,"ROE_AVG_SQ":3.470293237755,"PE_TTM_SQ":26.014978320851,"PB_TTM_SQ":0.373181798906,"ROA_SQ":2.243338512233,"START_DATE":"2023-04-01 00:00:00","FISCAL_YEAR":"3-31","CURRENCY":"HKD","IS_CNY_CODE":0,"DPS_HKD_LY":null,"ORG_TYPE":"证券","PREMIUM_INCOME":null,"PREMIUM_INCOME_YOY":null,"NET_INTEREST_INCOME":17901642.85,"NET_INTEREST_INCOME_YOY":null,"FEE_COMMISSION_INCOME":23027276.55,"FEE_COMMISSION_INCOME_YOY":178.519736842105,"ACCOUNTS_RECE_TDAYS":0.296715362529,"INVENTORY_TDAYS":null,"CURRENT_ASSETS_TDAYS":0.102463818122,"TOTAL_ASSETS_TDAYS":0.10154123921,"PREMIUM_EXPENSE":null,"LOAN_DEPOSIT":null,"LOAN_EQUITY":null,"LOAN_ASSETS":null,"DEPOSIT_EQUITY":null,"DEPOSIT_ASSETS":null,"EQUITY_MULTIPLIER":1.531993947167,"EQUITY_RATIO":0.531993947167},{"SECUCODE":"02263.HK","SECURITY_CODE":"02263","SECURITY_NAME_ABBR":"富石金融","ORG_CODE":"10000048288","STD_REPORT_DATE":"2023-06-30 00:00:00","REPORT_DATE":"2023-09-30 00:00:00","DATE_TYPE_CODE":"002","REPORT_TYPE":"2023年中报","PER_NETCASH_OPERATE":0.06771742348,"PER_OI":0.01770842374,"BPS":0.32457949545,"BASIC_EPS":0.001559971,"DILUTED_EPS":null,"OPERATE_INCOME":17708423.74,"OPERATE_INCOME_YOY":-6.6827852998,"GROSS_PROFIT":null,"GROSS_PROFIT_YOY":null,"HOLDER_PROFIT":1603099.61,"HOLDER_PROFIT_YOY":-79.8709528748,"GROSS_PROFIT_RATIO":null,"EPS_TTM":0.01051017246,"OPERATE_INCOME_QOQ":0,"NET_PROFIT_RATIO":9.0527515805,"ROE_AVG":0.495123164367,"GROSS_PROFIT_QOQ":null,"ROA":0.34188034188,"HOLDER_PROFIT_QOQ":0,"ROE_YEARLY":0.990246328734,"ROIC_YEARLY":1.020369423961,"TOTAL_ASSETS":460779645.83,"TOTAL_LIABILITIES":136200150.38,"TAX_EBT":null,"OCF_SALES":382.402321484092,"TOTAL_PARENT_EQUITY":324579495.45,"DEBT_ASSET_RATIO":29.5586299466,"OPERATE_PROFIT":1625122.73,"PRETAX_PROFIT":1603099.61,"NETCASH_OPERATE":67717423.48,"NETCASH_INVEST":-7341.04,"NETCASH_FINANCE":-714833.77,"END_CASH":188184807.51,"DIVI_RATIO":null,"DIVIDEND_RATE":null,"CURRENT_RATIO":3.35937099969,"COMMON_ACS":5000000000,"CURRENTDEBT_DEBT":100,"ISSUED_COMMON_SHARES":1000000000,"HK_COMMON_SHARES":1000000000,"PER_SHARES":10000,"TOTAL_MARKET_CAP":140000000,"HKSK_MARKET_CAP":140000000,"PE_TTM":42.61796042618,"PB_TTM":0.392156862745,"REPORT_DATE_SQ":"2022-06-30 00:00:00","REPORT_TYPE_SQ":"2022年中报","OPERATE_INCOME_SQ":18703819.2,"DPS_HKD":null,"OPERATE_INCOME_QOQ_SQ":0,"NET_PROFIT_RATIO_SQ":41.9680851064,"HOLDER_PROFIT_SQ":7849634.76,"HOLDER_PROFIT_QOQ_SQ":0,"ROE_AVG_SQ":2.520755791073,"PE_TTM_SQ":26.014978320851,"PB_TTM_SQ":0.373181798906,"ROA_SQ":1.534775150754,"START_DATE":"2023-04-01 00:00:00","FISCAL_YEAR":"3-31","CURRENCY":"HKD","IS_CNY_CODE":0,"DPS_HKD_LY":null,"ORG_TYPE":"证券","PREMIUM_INCOME":null,"PREMIUM_INCOME_YOY":null,"NET_INTEREST_INCOME":9728713.26,"NET_INTEREST_INCOME_YOY":null,"FEE_COMMISSION_INCOME":4304602.33,"FEE_COMMISSION_INCOME_YOY":-13.593663658132,"ACCOUNTS_RECE_TDAYS":0.096329130352,"INVENTORY_TDAYS":null,"CURRENT_ASSETS_TDAYS":0.03805632328,"TOTAL_ASSETS_TDAYS":0.037765351103,"PREMIUM_EXPENSE":null,"LOAN_DEPOSIT":null,"LOAN_EQUITY":null,"LOAN_ASSETS":null,"DEPOSIT_EQUITY":null,"DEPOSIT_ASSETS":null,"EQUITY_MULTIPLIER":1.419620315792,"EQUITY_RATIO":0.419620315791},{"SECUCODE":"02263.HK","SECURITY_CODE":"02263","SECURITY_NAME_ABBR":"富石金融","ORG_CODE":"10000048288","STD_REPORT_DATE":"2022-12-31 00:00:00","REPORT_DATE":"2023-03-31 00:00:00","DATE_TYPE_CODE":"001","REPORT_TYPE":"2022年年报","PER_NETCASH_OPERATE":0.0532949608,"PER_OI":0.03492098031,"BPS":0.30811630688,"BASIC_EPS":0.01050492,"DILUTED_EPS":null,"OPERATE_INCOME":34920980.31,"OPERATE_INCOME_YOY":1.9083384427,"GROSS_PROFIT":null,"GROSS_PROFIT_YOY":null,"HOLDER_PROFIT":10510172.46,"HOLDER_PROFIT_YOY":-6.2617114304,"GROSS_PROFIT_RATIO":null,"EPS_TTM":0.01102025206,"OPERATE_INCOME_QOQ":0,"NET_PROFIT_RATIO":30.0970143641,"ROE_AVG":3.470293237755,"GROSS_PROFIT_QOQ":null,"ROA":2.243338512233,"HOLDER_PROFIT_QOQ":0,"ROE_YEARLY":3.470293237755,"ROIC_YEARLY":2.877149594525,"TOTAL_ASSETS":455085390.14,"TOTAL_LIABILITIES":146969083.26,"TAX_EBT":14.316300314017,"OCF_SALES":152.615878268281,"TOTAL_PARENT_EQUITY":308116306.88,"DEBT_ASSET_RATIO":32.2948366272,"OPERATE_PROFIT":13119769.67,"PRETAX_PROFIT":12266244.92,"NETCASH_OPERATE":53294960.8,"NETCASH_INVEST":-91918.05,"NETCASH_FINANCE":-28391297.12,"END_CASH":115613647.88,"DIVI_RATIO":null,"DIVIDEND_RATE":null,"CURRENT_RATIO":3.070911213562,"COMMON_ACS":5000000000,"CURRENTDEBT_DEBT":100,"ISSUED_COMMON_SHARES":1000000000,"HK_COMMON_SHARES":1000000000,"PER_SHARES":10000,"TOTAL_MARKET_CAP":162000000,"HKSK_MARKET_CAP":162000000,"PE_TTM":49.315068493151,"PB_TTM":0.453781512605,"REPORT_DATE_SQ":"2021-12-31 00:00:00","REPORT_TYPE_SQ":"2021年年报","OPERATE_INCOME_SQ":31746175.44,"DPS_HKD":null,"OPERATE_INCOME_QOQ_SQ":0,"NET_PROFIT_RATIO_SQ":32.7202125485,"HOLDER_PROFIT_SQ":10387416.08,"HOLDER_PROFIT_QOQ_SQ":0,"ROE_AVG_SQ":3.839811966734,"PE_TTM_SQ":11.660836248542,"PB_TTM_SQ":0.395798877627,"ROA_SQ":2.352584619482,"START_DATE":"2022-04-01 00:00:00","FISCAL_YEAR":"3-31","CURRENCY":"HKD","IS_CNY_CODE":0,"DPS_HKD_LY":null,"ORG_TYPE":"证券","PREMIUM_INCOME":null,"PREMIUM_INCOME_YOY":null,"NET_INTEREST_INCOME":24351279.97,"NET_INTEREST_INCOME_YOY":null,"FEE_COMMISSION_INCOME":7983739.2,"FEE_COMMISSION_INCOME_YOY":-42.99643727733,"ACCOUNTS_RECE_TDAYS":0.151192472782,"INVENTORY_TDAYS":null,"CURRENT_ASSETS_TDAYS":0.07529374015,"TOTAL_ASSETS_TDAYS":0.074536912037,"PREMIUM_EXPENSE":null,"LOAN_DEPOSIT":null,"LOAN_EQUITY":null,"LOAN_ASSETS":null,"DEPOSIT_EQUITY":null,"DEPOSIT_ASSETS":null,"EQUITY_MULTIPLIER":1.476992226566,"EQUITY_RATIO":0.476992226566},{"SECUCODE":"02263.HK","SECURITY_CODE":"02263","SECURITY_NAME_ABBR":"富石金融","ORG_CODE":"10000048288","STD_REPORT_DATE":"2022-06-30 00:00:00","REPORT_DATE":"2022-09-30 00:00:00","DATE_TYPE_CODE":"002","REPORT_TYPE":"2022年中报","PER_NETCASH_OPERATE":0.01533297132,"PER_OI":0.0187038192,"BPS":0.31532486604,"BASIC_EPS":0.007868628,"DILUTED_EPS":null,"OPERATE_INCOME":18703819.2,"OPERATE_INCOME_YOY":-6.9390693907,"GROSS_PROFIT":null,"GROSS_PROFIT_YOY":null,"HOLDER_PROFIT":7849634.76,"HOLDER_PROFIT_YOY":0.1846935242,"GROSS_PROFIT_RATIO":null,"EPS_TTM":0.01038741608,"OPERATE_INCOME_QOQ":0,"NET_PROFIT_RATIO":41.9680851064,"ROE_AVG":2.520755791073,"GROSS_PROFIT_QOQ":null,"ROA":1.534775150754,"HOLDER_PROFIT_QOQ":0,"ROE_YEARLY":5.041511582145,"ROIC_YEARLY":3.823844949013,"TOTAL_ASSETS":524995764.6,"TOTAL_LIABILITIES":209670898.56,"TAX_EBT":15.925603022377,"OCF_SALES":81.977756286267,"TOTAL_PARENT_EQUITY":315324866.04,"DEBT_ASSET_RATIO":39.9376362055,"OPERATE_PROFIT":9842116.08,"PRETAX_PROFIT":9336534.12,"NETCASH_OPERATE":15332971.32,"NETCASH_INVEST":-24419.88,"NETCASH_FINANCE":-1155874.32,"END_CASH":107965716.12,"DIVI_RATIO":null,"DIVIDEND_RATE":null,"CURRENT_RATIO":2.483560950936,"COMMON_ACS":5000000000,"CURRENTDEBT_DEBT":99.777848712817,"ISSUED_COMMON_SHARES":1000000000,"HK_COMMON_SHARES":1000000000,"PER_SHARES":10000,"TOTAL_MARKET_CAP":162000000,"HKSK_MARKET_CAP":162000000,"PE_TTM":49.315068493151,"PB_TTM":0.453781512605,"REPORT_DATE_SQ":"2021-06-30 00:00:00","REPORT_TYPE_SQ":"2021年中报","OPERATE_INCOME_SQ":18512259.32,"DPS_HKD":null,"OPERATE_INCOME_QOQ_SQ":0,"NET_PROFIT_RATIO_SQ":38.9838898389,"HOLDER_PROFIT_SQ":7216798.78,"HOLDER_PROFIT_QOQ_SQ":0,"ROE_AVG_SQ":2.613387312567,"PE_TTM_SQ":11.660836248542,"PB_TTM_SQ":0.395798877627,"ROA_SQ":1.550835836606,"START_DATE":"2022-04-01 00:00:00","FISCAL_YEAR":"3-31","CURRENCY":"HKD","IS_CNY_CODE":0,"DPS_HKD_LY":null,"ORG_TYPE":"证券","PREMIUM_INCOME":null,"PREMIUM_INCOME_YOY":null,"NET_INTEREST_INCOME":13053782.52,"NET_INTEREST_INCOME_YOY":null,"FEE_COMMISSION_INCOME":4910204.76,"FEE_COMMISSION_INCOME_YOY":-55.569195515181,"ACCOUNTS_RECE_TDAYS":0.072110145807,"INVENTORY_TDAYS":null,"CURRENT_ASSETS_TDAYS":0.036977533645,"TOTAL_ASSETS_TDAYS":0.036570054289,"PREMIUM_EXPENSE":null,"LOAN_DEPOSIT":null,"LOAN_EQUITY":null,"LOAN_ASSETS":null,"DEPOSIT_EQUITY":null,"DEPOSIT_ASSETS":null,"EQUITY_MULTIPLIER":1.664936137747,"EQUITY_RATIO":0.664936137746},{"SECUCODE":"02263.HK","SECURITY_CODE":"02263","SECURITY_NAME_ABBR":"富石金融","ORG_CODE":"10000048288","STD_REPORT_DATE":"2021-12-31 00:00:00","REPORT_DATE":"2022-03-31 00:00:00","DATE_TYPE_CODE":"001","REPORT_TYPE":"2021年年报","PER_NETCASH_OPERATE":-0.01299400222,"PER_OI":0.03174617544,"BPS":0.27571258162,"BASIC_EPS":0.010380928,"DILUTED_EPS":null,"OPERATE_INCOME":31746175.44,"OPERATE_INCOME_YOY":-2.071450015,"GROSS_PROFIT":null,"GROSS_PROFIT_YOY":null,"HOLDER_PROFIT":10387416.08,"HOLDER_PROFIT_YOY":19.8353293413,"GROSS_PROFIT_RATIO":null,"EPS_TTM":0.01035123526,"OPERATE_INCOME_QOQ":0,"NET_PROFIT_RATIO":32.7202125485,"ROE_AVG":3.839811966734,"GROSS_PROFIT_QOQ":null,"ROA":2.352584619482,"HOLDER_PROFIT_QOQ":0,"ROE_YEARLY":3.839811966734,"ROIC_YEARLY":2.869468102148,"TOTAL_ASSETS":446473170.15,"TOTAL_LIABILITIES":170760588.53,"TAX_EBT":17.159304055365,"OCF_SALES":-40.930921724913,"TOTAL_PARENT_EQUITY":275712581.62,"DEBT_ASSET_RATIO":38.2465509568,"OPERATE_PROFIT":13273800.67,"PRETAX_PROFIT":12539025.61,"NETCASH_OPERATE":-12994002.22,"NETCASH_INVEST":-5677.07,"NETCASH_FINANCE":22175446.43,"END_CASH":84122012.25,"DIVI_RATIO":null,"DIVIDEND_RATE":null,"CURRENT_RATIO":2.599575694156,"COMMON_ACS":5000000000,"CURRENTDEBT_DEBT":99.396826452247,"ISSUED_COMMON_SHARES":1000000000,"HK_COMMON_SHARES":1000000000,"PER_SHARES":10000,"TOTAL_MARKET_CAP":162000000,"HKSK_MARKET_CAP":162000000,"PE_TTM":49.315068493151,"PB_TTM":0.453781512605,"REPORT_DATE_SQ":"2020-12-31 00:00:00","REPORT_TYPE_SQ":"2020年年报","OPERATE_INCOME_SQ":33783534.96,"DPS_HKD":null,"OPERATE_INCOME_QOQ_SQ":0,"NET_PROFIT_RATIO_SQ":26.738717102,"HOLDER_PROFIT_SQ":9033283.84,"HOLDER_PROFIT_QOQ_SQ":0,"ROE_AVG_SQ":3.321214381157,"PE_TTM_SQ":11.660836248542,"PB_TTM_SQ":0.395798877627,"ROA_SQ":2.063171102478,"START_DATE":"2021-04-01 00:00:00","FISCAL_YEAR":"3-31","CURRENCY":"HKD","IS_CNY_CODE":0,"DPS_HKD_LY":null,"ORG_TYPE":"证券","PREMIUM_INCOME":null,"PREMIUM_INCOME_YOY":null,"NET_INTEREST_INCOME":17868172.32,"NET_INTEREST_INCOME_YOY":null,"FEE_COMMISSION_INCOME":12975348.99,"FEE_COMMISSION_INCOME_YOY":-17.873825778964,"ACCOUNTS_RECE_TDAYS":0.134231548049,"INVENTORY_TDAYS":null,"CURRENT_ASSETS_TDAYS":0.072668609125,"TOTAL_ASSETS_TDAYS":0.071900040869,"PREMIUM_EXPENSE":null,"LOAN_DEPOSIT":null,"LOAN_EQUITY":null,"LOAN_ASSETS":null,"DEPOSIT_EQUITY":null,"DEPOSIT_ASSETS":null,"EQUITY_MULTIPLIER":1.619342750071,"EQUITY_RATIO":0.619342750072},{"SECUCODE":"02263.HK","SECURITY_CODE":"02263","SECURITY_NAME_ABBR":"富石金融","ORG_CODE":"10000048288","STD_REPORT_DATE":"2021-06-30 00:00:00","REPORT_DATE":"2021-09-30 00:00:00","DATE_TYPE_CODE":"002","REPORT_TYPE":"2021年中报","PER_NETCASH_OPERATE":-0.00280824526,"PER_OI":0.01851225932,"BPS":0.27975571002,"BASIC_EPS":0.007247622,"DILUTED_EPS":null,"OPERATE_INCOME":18512259.32,"OPERATE_INCOME_YOY":3.8120153228,"GROSS_PROFIT":null,"GROSS_PROFIT_YOY":null,"HOLDER_PROFIT":7216798.78,"HOLDER_PROFIT_YOY":29.0481155966,"GROSS_PROFIT_RATIO":null,"EPS_TTM":0.00903328384,"OPERATE_INCOME_QOQ":0,"NET_PROFIT_RATIO":38.9838898389,"ROE_AVG":2.613387312567,"GROSS_PROFIT_QOQ":null,"ROA":1.550835836606,"HOLDER_PROFIT_QOQ":0,"ROE_YEARLY":5.226774625134,"ROIC_YEARLY":3.738394384857,"TOTAL_ASSETS":482236774.44,"TOTAL_LIABILITIES":202481064.42,"TAX_EBT":17.964015151515,"OCF_SALES":-15.169651696517,"TOTAL_PARENT_EQUITY":279755710.02,"DEBT_ASSET_RATIO":41.9878937385,"OPERATE_PROFIT":9020373.68,"PRETAX_PROFIT":8797113.6,"NETCASH_OPERATE":-2808245.26,"NETCASH_INVEST":null,"NETCASH_FINANCE":7356752.86,"END_CASH":81532415.26,"DIVI_RATIO":null,"DIVIDEND_RATE":null,"CURRENT_RATIO":2.358306899205,"COMMON_ACS":5000000000,"CURRENTDEBT_DEBT":100,"ISSUED_COMMON_SHARES":1000000000,"HK_COMMON_SHARES":1000000000,"PER_SHARES":10000,"TOTAL_MARKET_CAP":162000000,"HKSK_MARKET_CAP":162000000,"PE_TTM":49.315068493151,"PB_TTM":0.453781512605,"REPORT_DATE_SQ":"2020-06-30 00:00:00","REPORT_TYPE_SQ":"2020年中报","OPERATE_INCOME_SQ":18809880.32,"DPS_HKD":null,"OPERATE_INCOME_QOQ_SQ":0,"NET_PROFIT_RATIO_SQ":31.3603662525,"HOLDER_PROFIT_SQ":5898847.36,"HOLDER_PROFIT_QOQ_SQ":0,"ROE_AVG_SQ":2.098976776181,"PE_TTM_SQ":11.660836248542,"PB_TTM_SQ":0.395798877627,"ROA_SQ":1.213816497272,"START_DATE":"2021-04-01 00:00:00","FISCAL_YEAR":"3-31","CURRENCY":"HKD","IS_CNY_CODE":0,"DPS_HKD_LY":null,"ORG_TYPE":"证券","PREMIUM_INCOME":null,"PREMIUM_INCOME_YOY":null,"NET_INTEREST_INCOME":7832430.12,"NET_INTEREST_INCOME_YOY":null,"FEE_COMMISSION_INCOME":10179160.14,"FEE_COMMISSION_INCOME_YOY":4.875118015621,"ACCOUNTS_RECE_TDAYS":0.078554612105,"INVENTORY_TDAYS":null,"CURRENT_ASSETS_TDAYS":0.040166834616,"TOTAL_ASSETS_TDAYS":0.039781454417,"PREMIUM_EXPENSE":null,"LOAN_DEPOSIT":null,"LOAN_EQUITY":null,"LOAN_ASSETS":null,"DEPOSIT_EQUITY":null,"DEPOSIT_ASSETS":null,"EQUITY_MULTIPLIER":1.723778129159,"EQUITY_RATIO":0.72377812916},{"SECUCODE":"02263.HK","SECURITY_CODE":"02263","SECURITY_NAME_ABBR":"富石金融","ORG_CODE":"10000048288","STD_REPORT_DATE":"2020-12-31 00:00:00","REPORT_DATE":"2021-03-31 00:00:00","DATE_TYPE_CODE":"001","REPORT_TYPE":"2020年年报","PER_NETCASH_OPERATE":-0.03668841862,"PER_OI":0.03378353496,"BPS":0.27650401772,"BASIC_EPS":0.009043426,"DILUTED_EPS":null,"OPERATE_INCOME":33783534.96,"OPERATE_INCOME_YOY":-35.5498226379,"GROSS_PROFIT":null,"GROSS_PROFIT_YOY":null,"HOLDER_PROFIT":9033283.84,"HOLDER_PROFIT_YOY":-21.4290965228,"GROSS_PROFIT_RATIO":null,"EPS_TTM":0.01076726064,"OPERATE_INCOME_QOQ":0,"NET_PROFIT_RATIO":26.738717102,"ROE_AVG":3.321214381157,"GROSS_PROFIT_QOQ":null,"ROA":2.063171102478,"HOLDER_PROFIT_QOQ":0,"ROE_YEARLY":3.321214381157,"ROIC_YEARLY":2.691740552275,"TOTAL_ASSETS":454985749.4,"TOTAL_LIABILITIES":178481731.68,"TAX_EBT":17.936117936118,"OCF_SALES":-108.598518963274,"TOTAL_PARENT_EQUITY":276504017.72,"DEBT_ASSET_RATIO":39.2279828358,"OPERATE_PROFIT":12622763.3,"PRETAX_PROFIT":11007624.32,"NETCASH_OPERATE":-36688418.62,"NETCASH_INVEST":-53246.34,"NETCASH_FINANCE":-11535016.64,"END_CASH":78103928.98,"DIVI_RATIO":null,"DIVIDEND_RATE":null,"CURRENT_RATIO":2.525296435201,"COMMON_ACS":5000000000,"CURRENTDEBT_DEBT":100,"ISSUED_COMMON_SHARES":1000000000,"HK_COMMON_SHARES":1000000000,"PER_SHARES":10000,"TOTAL_MARKET_CAP":162000000,"HKSK_MARKET_CAP":162000000,"PE_TTM":49.315068493151,"PB_TTM":0.453781512605,"REPORT_DATE_SQ":"2019-12-31 00:00:00","REPORT_TYPE_SQ":"2019年年报","OPERATE_INCOME_SQ":56667674,"DPS_HKD":null,"OPERATE_INCOME_QOQ_SQ":0,"NET_PROFIT_RATIO_SQ":21.9332473396,"HOLDER_PROFIT_SQ":12429061.1,"HOLDER_PROFIT_QOQ_SQ":0,"ROE_AVG_SQ":5.392559116767,"PE_TTM_SQ":11.660836248542,"PB_TTM_SQ":0.395798877627,"ROA_SQ":3.103943192112,"START_DATE":"2020-04-01 00:00:00","FISCAL_YEAR":"3-31","CURRENCY":"HKD","IS_CNY_CODE":0,"DPS_HKD_LY":null,"ORG_TYPE":"证券","PREMIUM_INCOME":null,"PREMIUM_INCOME_YOY":null,"NET_INTEREST_INCOME":16655962.26,"NET_INTEREST_INCOME_YOY":null,"FEE_COMMISSION_INCOME":16464951.58,"FEE_COMMISSION_INCOME_YOY":-56.013908645488,"ACCOUNTS_RECE_TDAYS":0.155212984895,"INVENTORY_TDAYS":null,"CURRENT_ASSETS_TDAYS":0.078104483211,"TOTAL_ASSETS_TDAYS":0.077160437227,"PREMIUM_EXPENSE":null,"LOAN_DEPOSIT":null,"LOAN_EQUITY":null,"LOAN_ASSETS":null,"DEPOSIT_EQUITY":null,"DEPOSIT_ASSETS":null,"EQUITY_MULTIPLIER":1.645494170941,"EQUITY_RATIO":0.645494170941},{"SECUCODE":"02263.HK","SECURITY_CODE":"02263","SECURITY_NAME_ABBR":"富石金融","ORG_CODE":"10000048288","STD_REPORT_DATE":"2020-06-30 00:00:00","REPORT_DATE":"2020-09-30 00:00:00","DATE_TYPE_CODE":"002","REPORT_TYPE":"2020年中报","PER_NETCASH_OPERATE":-0.09926987712,"PER_OI":0.01880988032,"BPS":0.28398385088,"BASIC_EPS":0.005887424,"DILUTED_EPS":null,"OPERATE_INCOME":18809880.32,"OPERATE_INCOME_YOY":-33.9137414714,"GROSS_PROFIT":null,"GROSS_PROFIT_YOY":null,"HOLDER_PROFIT":5898847.36,"HOLDER_PROFIT_YOY":-19.911715581,"GROSS_PROFIT_RATIO":null,"EPS_TTM":0.0124290611,"OPERATE_INCOME_QOQ":0,"NET_PROFIT_RATIO":31.3603662525,"ROE_AVG":2.098976776181,"GROSS_PROFIT_QOQ":null,"ROA":1.213816497272,"HOLDER_PROFIT_QOQ":0,"ROE_YEARLY":4.197953552361,"ROIC_YEARLY":3.062241553519,"TOTAL_ASSETS":534571948.16,"TOTAL_LIABILITIES":250588097.28,"TAX_EBT":17.742923661316,"OCF_SALES":-527.753900775484,"TOTAL_PARENT_EQUITY":283983850.88,"DEBT_ASSET_RATIO":46.8764023519,"OPERATE_PROFIT":8011290.24,"PRETAX_PROFIT":7171233.92,"NETCASH_OPERATE":-99269877.12,"NETCASH_INVEST":-46572.16,"NETCASH_FINANCE":37948401.92,"END_CASH":70027832.96,"DIVI_RATIO":null,"DIVIDEND_RATE":null,"CURRENT_RATIO":2.115862679707,"COMMON_ACS":5000000000,"CURRENTDEBT_DEBT":99.785043517291,"ISSUED_COMMON_SHARES":1000000000,"HK_COMMON_SHARES":1000000000,"PER_SHARES":10000,"TOTAL_MARKET_CAP":162000000,"HKSK_MARKET_CAP":162000000,"PE_TTM":49.315068493151,"PB_TTM":0.453781512605,"REPORT_DATE_SQ":"2019-06-30 00:00:00","REPORT_TYPE_SQ":"2019年中报","OPERATE_INCOME_SQ":29217005.91,"DPS_HKD":null,"OPERATE_INCOME_QOQ_SQ":0,"NET_PROFIT_RATIO_SQ":25.8775585811,"HOLDER_PROFIT_SQ":7560647.82,"HOLDER_PROFIT_QOQ_SQ":0,"ROE_AVG_SQ":null,"PE_TTM_SQ":11.660836248542,"PB_TTM_SQ":0.395798877627,"ROA_SQ":null,"START_DATE":"2020-04-01 00:00:00","FISCAL_YEAR":"3-31","CURRENCY":"HKD","IS_CNY_CODE":0,"DPS_HKD_LY":null,"ORG_TYPE":"证券","PREMIUM_INCOME":null,"PREMIUM_INCOME_YOY":null,"NET_INTEREST_INCOME":8200215.04,"NET_INTEREST_INCOME_YOY":null,"FEE_COMMISSION_INCOME":10237966.72,"FEE_COMMISSION_INCOME_YOY":-51.22247341539,"ACCOUNTS_RECE_TDAYS":0.075296219888,"INVENTORY_TDAYS":null,"CURRENT_ASSETS_TDAYS":0.03919213594,"TOTAL_ASSETS_TDAYS":0.038705431164,"PREMIUM_EXPENSE":null,"LOAN_DEPOSIT":null,"LOAN_EQUITY":null,"LOAN_ASSETS":null,"DEPOSIT_EQUITY":null,"DEPOSIT_ASSETS":null,"EQUITY_MULTIPLIER":1.882402631358,"EQUITY_RATIO":0.882402631359}],"count":14},"success":true,"message":"ok","code":0}