{"version":"a7501308521894b87f0b3c691868da22","result":{"pages":2,"data":[{"SECUCODE":"02271.HK","SECURITY_CODE":"02271","SECURITY_NAME_ABBR":"众安智慧生活","ORG_CODE":"10000223224","STD_REPORT_DATE":"2024-06-30 00:00:00","REPORT_DATE":"2024-06-30 00:00:00","DATE_TYPE_CODE":"002","REPORT_TYPE":"2024年中报","PER_NETCASH_OPERATE":-0.055232367118,"PER_OI":0.352029516016,"BPS":0.530735542525,"BASIC_EPS":0.0277,"DILUTED_EPS":0.0277,"OPERATE_INCOME":182145000,"OPERATE_INCOME_YOY":9.884773166,"GROSS_PROFIT":57711000,"GROSS_PROFIT_YOY":3.110594961587,"HOLDER_PROFIT":14354000,"HOLDER_PROFIT_YOY":-6.7134594138,"GROSS_PROFIT_RATIO":31.684097834143,"EPS_TTM":0.093373971327,"OPERATE_INCOME_QOQ":4.666323017204,"NET_PROFIT_RATIO":7.8289275028,"ROE_AVG":5.243288360769,"GROSS_PROFIT_QOQ":1.465315535206,"ROA":3.479382224221,"HOLDER_PROFIT_QOQ":-2.093381429093,"ROE_YEARLY":10.486576721538,"ROIC_YEARLY":11.576740059682,"TOTAL_ASSETS":415004000,"TOTAL_LIABILITIES":138641000,"TAX_EBT":25.250301410075,"OCF_SALES":-15.689697768262,"TOTAL_PARENT_EQUITY":274610000,"DEBT_ASSET_RATIO":33.4071478829,"OPERATE_PROFIT":19077000,"PRETAX_PROFIT":19077000,"NETCASH_OPERATE":-28578000,"NETCASH_INVEST":-505000,"NETCASH_FINANCE":null,"END_CASH":148223000,"DIVI_RATIO":0.261071877458,"DIVIDEND_RATE":4.338709677419,"CURRENT_RATIO":2.930641008071,"COMMON_ACS":1000000000,"CURRENTDEBT_DEBT":100,"ISSUED_COMMON_SHARES":517414000,"HK_COMMON_SHARES":517414000,"PER_SHARES":2000,"TOTAL_MARKET_CAP":320796680,"HKSK_MARKET_CAP":320796680,"PE_TTM":5.997232318044,"PB_TTM":1.066183729298,"REPORT_DATE_SQ":"2023-06-30 00:00:00","REPORT_TYPE_SQ":"2023年中报","OPERATE_INCOME_SQ":165760000,"DPS_HKD":0.0269,"OPERATE_INCOME_QOQ_SQ":4.175645456394,"NET_PROFIT_RATIO_SQ":9.2989864865,"HOLDER_PROFIT_SQ":15387000,"HOLDER_PROFIT_QOQ_SQ":-10.659818564654,"ROE_AVG_SQ":15.512574288868,"PE_TTM_SQ":6.198328846482,"PB_TTM_SQ":2.63329181388,"ROA_SQ":7.514431106727,"START_DATE":"2024-01-01 00:00:00","FISCAL_YEAR":"12-31","CURRENCY":"HKD","IS_CNY_CODE":0,"DPS_HKD_LY":0.0269,"ORG_TYPE":"一般企业","PREMIUM_INCOME":null,"PREMIUM_INCOME_YOY":null,"NET_INTEREST_INCOME":null,"NET_INTEREST_INCOME_YOY":null,"FEE_COMMISSION_INCOME":null,"FEE_COMMISSION_INCOME_YOY":null,"ACCOUNTS_RECE_TDAYS":1.443138466658,"INVENTORY_TDAYS":555.508928571429,"CURRENT_ASSETS_TDAYS":0.45046983451,"TOTAL_ASSETS_TDAYS":0.441516006152,"PREMIUM_EXPENSE":null,"LOAN_DEPOSIT":null,"LOAN_EQUITY":null,"LOAN_ASSETS":null,"DEPOSIT_EQUITY":null,"DEPOSIT_ASSETS":null,"EQUITY_MULTIPLIER":1.501662668302,"EQUITY_RATIO":0.504865081388},{"SECUCODE":"02271.HK","SECURITY_CODE":"02271","SECURITY_NAME_ABBR":"众安智慧生活","ORG_CODE":"10000223224","STD_REPORT_DATE":"2023-12-31 00:00:00","REPORT_DATE":"2023-12-31 00:00:00","DATE_TYPE_CODE":"001","REPORT_TYPE":"2023年年报","PER_NETCASH_OPERATE":0.002555013973,"PER_OI":0.678630651664,"BPS":0.527448039674,"BASIC_EPS":0.112,"DILUTED_EPS":0.112,"OPERATE_INCOME":351133000,"OPERATE_INCOME_YOY":9.8200071935,"GROSS_PROFIT":118814000,"GROSS_PROFIT_YOY":2.128281386993,"HOLDER_PROFIT":49346000,"HOLDER_PROFIT_YOY":-2.8947005923,"GROSS_PROFIT_RATIO":33.837320901197,"EPS_TTM":0.095370438372,"OPERATE_INCOME_QOQ":5.418120245222,"NET_PROFIT_RATIO":14.0755781997,"ROE_AVG":27.082978875211,"GROSS_PROFIT_QOQ":3.037871495347,"ROA":16.229113805403,"HOLDER_PROFIT_QOQ":8.691629955947,"ROE_YEARLY":27.082978875211,"ROIC_YEARLY":25.803786430867,"TOTAL_ASSETS":410085000,"TOTAL_LIABILITIES":135329000,"TAX_EBT":28.69653033254,"OCF_SALES":0.376495515944,"TOTAL_PARENT_EQUITY":272909000,"DEBT_ASSET_RATIO":33.0002316593,"OPERATE_PROFIT":69315000,"PRETAX_PROFIT":69315000,"NETCASH_OPERATE":1322000,"NETCASH_INVEST":-806000,"NETCASH_FINANCE":132066000,"END_CASH":177306000,"DIVI_RATIO":0.255606647259,"DIVIDEND_RATE":4.803571428571,"CURRENT_RATIO":2.973361216,"COMMON_ACS":1000000000,"CURRENTDEBT_DEBT":100,"ISSUED_COMMON_SHARES":517414000,"HK_COMMON_SHARES":517414000,"PER_SHARES":2000,"TOTAL_MARKET_CAP":289751840,"HKSK_MARKET_CAP":289751840,"PE_TTM":5.416854996943,"PB_TTM":0.96300465872,"REPORT_DATE_SQ":"2022-12-31 00:00:00","REPORT_TYPE_SQ":"2022年年报","OPERATE_INCOME_SQ":319735000,"DPS_HKD":0.0269,"OPERATE_INCOME_QOQ_SQ":1.48062335354,"NET_PROFIT_RATIO_SQ":15.9303798458,"HOLDER_PROFIT_SQ":50817000,"HOLDER_PROFIT_QOQ_SQ":17.727325379358,"ROE_AVG_SQ":76.892348895799,"PE_TTM_SQ":9.770247164793,"PB_TTM_SQ":4.15078201171,"ROA_SQ":30.007263107547,"START_DATE":"2023-01-01 00:00:00","FISCAL_YEAR":"12-31","CURRENCY":"HKD","IS_CNY_CODE":0,"DPS_HKD_LY":null,"ORG_TYPE":"一般企业","PREMIUM_INCOME":null,"PREMIUM_INCOME_YOY":null,"NET_INTEREST_INCOME":null,"NET_INTEREST_INCOME_YOY":null,"FEE_COMMISSION_INCOME":null,"FEE_COMMISSION_INCOME_YOY":null,"ACCOUNTS_RECE_TDAYS":3.410200504052,"INVENTORY_TDAYS":1585.795221843,"CURRENT_ASSETS_TDAYS":1.183258017665,"TOTAL_ASSETS_TDAYS":1.15482053618,"PREMIUM_EXPENSE":null,"LOAN_DEPOSIT":null,"LOAN_EQUITY":null,"LOAN_ASSETS":null,"DEPOSIT_EQUITY":null,"DEPOSIT_ASSETS":null,"EQUITY_MULTIPLIER":1.49254247405,"EQUITY_RATIO":0.495875914682},{"SECUCODE":"02271.HK","SECURITY_CODE":"02271","SECURITY_NAME_ABBR":"众安智慧生活","ORG_CODE":"10000223224","STD_REPORT_DATE":"2023-06-30 00:00:00","REPORT_DATE":"2023-06-30 00:00:00","DATE_TYPE_CODE":"002","REPORT_TYPE":"2023年中报","PER_NETCASH_OPERATE":-2941000,"PER_OI":165760000,"BPS":0.206573459551,"BASIC_EPS":0.0297,"DILUTED_EPS":0.0297,"OPERATE_INCOME":165760000,"OPERATE_INCOME_YOY":8.7599813659,"GROSS_PROFIT":55970000,"GROSS_PROFIT_YOY":-1.801849220134,"HOLDER_PROFIT":15387000,"HOLDER_PROFIT_YOY":-26.0382618727,"GROSS_PROFIT_RATIO":33.765685328185,"EPS_TTM":45400000,"OPERATE_INCOME_QOQ":4.175645456394,"NET_PROFIT_RATIO":9.2989864865,"ROE_AVG":15.512574288868,"GROSS_PROFIT_QOQ":-0.882772610841,"ROA":7.514431106727,"HOLDER_PROFIT_QOQ":-10.659818564654,"ROE_YEARLY":31.025148577737,"ROIC_YEARLY":19.255593063381,"TOTAL_ASSETS":211500000,"TOTAL_LIABILITIES":102820000,"TAX_EBT":28.059367124055,"OCF_SALES":-1.774251930502,"TOTAL_PARENT_EQUITY":106884000,"DEBT_ASSET_RATIO":48.6146572104,"OPERATE_PROFIT":21426000,"PRETAX_PROFIT":21426000,"NETCASH_OPERATE":-2941000,"NETCASH_INVEST":-177000,"NETCASH_FINANCE":null,"END_CASH":41606000,"DIVI_RATIO":5.37E-10,"DIVIDEND_RATE":4.803571428571,"CURRENT_RATIO":1.987249562342,"COMMON_ACS":1000000000,"CURRENTDEBT_DEBT":100,"ISSUED_COMMON_SHARES":517414000,"HK_COMMON_SHARES":517414000,"PER_SHARES":2000,"TOTAL_MARKET_CAP":289751840,"HKSK_MARKET_CAP":289751840,"PE_TTM":5.416854996943,"PB_TTM":0.96300465872,"REPORT_DATE_SQ":"2022-06-30 00:00:00","REPORT_TYPE_SQ":"2022年中报","OPERATE_INCOME_SQ":152409000,"DPS_HKD":0.0269,"OPERATE_INCOME_QOQ_SQ":6.552720041665,"NET_PROFIT_RATIO_SQ":13.6533931723,"HOLDER_PROFIT_SQ":20804000,"HOLDER_PROFIT_QOQ_SQ":10.70503449514,"ROE_AVG_SQ":40.726674758232,"PE_TTM_SQ":9.770247164793,"PB_TTM_SQ":4.15078201171,"ROA_SQ":13.53052888993,"START_DATE":"2023-01-01 00:00:00","FISCAL_YEAR":"12-31","CURRENCY":"HKD","IS_CNY_CODE":0,"DPS_HKD_LY":null,"ORG_TYPE":"一般企业","PREMIUM_INCOME":null,"PREMIUM_INCOME_YOY":null,"NET_INTEREST_INCOME":null,"NET_INTEREST_INCOME_YOY":null,"FEE_COMMISSION_INCOME":null,"FEE_COMMISSION_INCOME_YOY":null,"ACCOUNTS_RECE_TDAYS":1.702800848524,"INVENTORY_TDAYS":1702.17054263566,"CURRENT_ASSETS_TDAYS":0.838338192788,"TOTAL_ASSETS_TDAYS":0.809509391208,"PREMIUM_EXPENSE":null,"LOAN_DEPOSIT":null,"LOAN_EQUITY":null,"LOAN_ASSETS":null,"DEPOSIT_EQUITY":null,"DEPOSIT_ASSETS":null,"EQUITY_MULTIPLIER":1.946080235554,"EQUITY_RATIO":0.961977470903},{"SECUCODE":"02271.HK","SECURITY_CODE":"02271","SECURITY_NAME_ABBR":"众安智慧生活","ORG_CODE":"10000223224","STD_REPORT_DATE":"2022-12-31 00:00:00","REPORT_DATE":"2022-12-31 00:00:00","DATE_TYPE_CODE":"001","REPORT_TYPE":"2022年年报","PER_NETCASH_OPERATE":null,"PER_OI":null,"BPS":0.176835184205,"BASIC_EPS":0.134,"DILUTED_EPS":0.134,"OPERATE_INCOME":319735000,"OPERATE_INCOME_YOY":8.1303644984,"GROSS_PROFIT":116338000,"GROSS_PROFIT_YOY":4.709959047748,"HOLDER_PROFIT":50817000,"HOLDER_PROFIT_YOY":30.3300761714,"GROSS_PROFIT_RATIO":36.385756954978,"EPS_TTM":null,"OPERATE_INCOME_QOQ":1.48062335354,"NET_PROFIT_RATIO":15.9303798458,"ROE_AVG":76.892348895799,"GROSS_PROFIT_QOQ":-2.226293628716,"ROA":30.007263107547,"HOLDER_PROFIT_QOQ":17.727325379358,"ROE_YEARLY":76.892348895799,"ROIC_YEARLY":42.289528105222,"TOTAL_ASSETS":198032000,"TOTAL_LIABILITIES":104766000,"TAX_EBT":25.380896571931,"OCF_SALES":-1.032104711714,"TOTAL_PARENT_EQUITY":91497000,"DEBT_ASSET_RATIO":52.90357114,"OPERATE_PROFIT":68260000,"PRETAX_PROFIT":68260000,"NETCASH_OPERATE":-3300000,"NETCASH_INVEST":-344000,"NETCASH_FINANCE":-1857000,"END_CASH":44724000,"DIVI_RATIO":null,"DIVIDEND_RATE":4.803571428571,"CURRENT_RATIO":1.824255960903,"COMMON_ACS":1000000000,"CURRENTDEBT_DEBT":100,"ISSUED_COMMON_SHARES":517414000,"HK_COMMON_SHARES":517414000,"PER_SHARES":2000,"TOTAL_MARKET_CAP":289751840,"HKSK_MARKET_CAP":289751840,"PE_TTM":5.416854996943,"PB_TTM":0.96300465872,"REPORT_DATE_SQ":"2021-12-31 00:00:00","REPORT_TYPE_SQ":"2021年年报","OPERATE_INCOME_SQ":295694000,"DPS_HKD":0.0269,"OPERATE_INCOME_QOQ_SQ":28.175296387004,"NET_PROFIT_RATIO_SQ":14.1328535581,"HOLDER_PROFIT_SQ":38991000,"HOLDER_PROFIT_QOQ_SQ":6.722321061995,"ROE_AVG_SQ":49.118188002318,"PE_TTM_SQ":9.770247164793,"PB_TTM_SQ":4.15078201171,"ROA_SQ":19.487169235152,"START_DATE":"2022-01-01 00:00:00","FISCAL_YEAR":"12-31","CURRENCY":"HKD","IS_CNY_CODE":0,"DPS_HKD_LY":null,"ORG_TYPE":"一般企业","PREMIUM_INCOME":null,"PREMIUM_INCOME_YOY":null,"NET_INTEREST_INCOME":null,"NET_INTEREST_INCOME_YOY":null,"FEE_COMMISSION_INCOME":null,"FEE_COMMISSION_INCOME_YOY":null,"ACCOUNTS_RECE_TDAYS":4.379661527714,"INVENTORY_TDAYS":2711.96,"CURRENT_ASSETS_TDAYS":1.966662053482,"TOTAL_ASSETS_TDAYS":1.888024139499,"PREMIUM_EXPENSE":null,"LOAN_DEPOSIT":null,"LOAN_EQUITY":null,"LOAN_ASSETS":null,"DEPOSIT_EQUITY":null,"DEPOSIT_ASSETS":null,"EQUITY_MULTIPLIER":2.123303240194,"EQUITY_RATIO":1.145021148234},{"SECUCODE":"02271.HK","SECURITY_CODE":"02271","SECURITY_NAME_ABBR":"众安智慧生活","ORG_CODE":"10000223224","STD_REPORT_DATE":"2022-06-30 00:00:00","REPORT_DATE":"2022-06-30 00:00:00","DATE_TYPE_CODE":"002","REPORT_TYPE":"2022年中报","PER_NETCASH_OPERATE":null,"PER_OI":null,"BPS":0.118829409332,"BASIC_EPS":0.0402,"DILUTED_EPS":0.0402,"OPERATE_INCOME":152409000,"OPERATE_INCOME_YOY":14.5648072283,"GROSS_PROFIT":56997000,"GROSS_PROFIT_YOY":16.048050493739,"HOLDER_PROFIT":20804000,"HOLDER_PROFIT_YOY":25.0992182802,"GROSS_PROFIT_RATIO":37.397397791469,"EPS_TTM":null,"OPERATE_INCOME_QOQ":6.552720041665,"NET_PROFIT_RATIO":13.6533931723,"ROE_AVG":40.726674758232,"GROSS_PROFIT_QOQ":7.09419018046,"ROA":13.53052888993,"HOLDER_PROFIT_QOQ":10.70503449514,"ROE_YEARLY":81.453349516464,"ROIC_YEARLY":38.359346910177,"TOTAL_ASSETS":166846000,"TOTAL_LIABILITIES":103706000,"TAX_EBT":27.02181384583,"OCF_SALES":-7.382109980382,"TOTAL_PARENT_EQUITY":61484000,"DEBT_ASSET_RATIO":62.15671937,"OPERATE_PROFIT":28514000,"PRETAX_PROFIT":28514000,"NETCASH_OPERATE":-11251000,"NETCASH_INVEST":-75000,"NETCASH_FINANCE":-1857000,"END_CASH":37042000,"DIVI_RATIO":null,"DIVIDEND_RATE":4.803571428571,"CURRENT_RATIO":1.541145160357,"COMMON_ACS":1000000000,"CURRENTDEBT_DEBT":100,"ISSUED_COMMON_SHARES":517414000,"HK_COMMON_SHARES":517414000,"PER_SHARES":2000,"TOTAL_MARKET_CAP":289751840,"HKSK_MARKET_CAP":289751840,"PE_TTM":5.416854996943,"PB_TTM":0.96300465872,"REPORT_DATE_SQ":"2021-06-30 00:00:00","REPORT_TYPE_SQ":"2021年中报","OPERATE_INCOME_SQ":133033000,"DPS_HKD":0.0269,"OPERATE_INCOME_QOQ_SQ":0,"NET_PROFIT_RATIO_SQ":14.2994595326,"HOLDER_PROFIT_SQ":16630000,"HOLDER_PROFIT_QOQ_SQ":0,"ROE_AVG_SQ":null,"PE_TTM_SQ":9.770247164793,"PB_TTM_SQ":4.15078201171,"ROA_SQ":null,"START_DATE":"2022-01-01 00:00:00","FISCAL_YEAR":"12-31","CURRENCY":"HKD","IS_CNY_CODE":0,"DPS_HKD_LY":null,"ORG_TYPE":"一般企业","PREMIUM_INCOME":null,"PREMIUM_INCOME_YOY":null,"NET_INTEREST_INCOME":null,"NET_INTEREST_INCOME_YOY":null,"FEE_COMMISSION_INCOME":null,"FEE_COMMISSION_INCOME_YOY":null,"ACCOUNTS_RECE_TDAYS":2.231447793208,"INVENTORY_TDAYS":1263.73509933775,"CURRENT_ASSETS_TDAYS":1.037286336057,"TOTAL_ASSETS_TDAYS":0.991239366269,"PREMIUM_EXPENSE":null,"LOAN_DEPOSIT":null,"LOAN_EQUITY":null,"LOAN_ASSETS":null,"DEPOSIT_EQUITY":null,"DEPOSIT_ASSETS":null,"EQUITY_MULTIPLIER":2.642477035163,"EQUITY_RATIO":1.68671524299},{"SECUCODE":"02271.HK","SECURITY_CODE":"02271","SECURITY_NAME_ABBR":"众安智慧生活","ORG_CODE":"10000223224","STD_REPORT_DATE":"2021-12-31 00:00:00","REPORT_DATE":"2021-12-31 00:00:00","DATE_TYPE_CODE":"001","REPORT_TYPE":"2021年年报","PER_NETCASH_OPERATE":null,"PER_OI":null,"BPS":0.078621761298,"BASIC_EPS":null,"DILUTED_EPS":null,"OPERATE_INCOME":295694000,"OPERATE_INCOME_YOY":28.175296387,"GROSS_PROFIT":111105000,"GROSS_PROFIT_YOY":27.999677423071,"HOLDER_PROFIT":38991000,"HOLDER_PROFIT_YOY":6.722321062,"GROSS_PROFIT_RATIO":37.574316692256,"EPS_TTM":null,"OPERATE_INCOME_QOQ":28.175296387004,"NET_PROFIT_RATIO":14.1328535581,"ROE_AVG":49.118188002318,"GROSS_PROFIT_QOQ":27.999677423071,"ROA":19.487169235152,"HOLDER_PROFIT_QOQ":6.722321061995,"ROE_YEARLY":49.118188002318,"ROIC_YEARLY":41.426681753709,"TOTAL_ASSETS":140666000,"TOTAL_LIABILITIES":98335000,"TAX_EBT":26.048486993453,"OCF_SALES":9.528431418967,"TOTAL_PARENT_EQUITY":40680000,"DEBT_ASSET_RATIO":69.9067294158,"OPERATE_PROFIT":56510000,"PRETAX_PROFIT":56510000,"NETCASH_OPERATE":28175000,"NETCASH_INVEST":41948000,"NETCASH_FINANCE":-151117000,"END_CASH":50225000,"DIVI_RATIO":null,"DIVIDEND_RATE":4.803571428571,"CURRENT_RATIO":1.363044694158,"COMMON_ACS":1000000000,"CURRENTDEBT_DEBT":100,"ISSUED_COMMON_SHARES":517414000,"HK_COMMON_SHARES":517414000,"PER_SHARES":2000,"TOTAL_MARKET_CAP":289751840,"HKSK_MARKET_CAP":289751840,"PE_TTM":5.416854996943,"PB_TTM":0.96300465872,"REPORT_DATE_SQ":"2020-12-31 00:00:00","REPORT_TYPE_SQ":"2020年年报","OPERATE_INCOME_SQ":230695000,"DPS_HKD":0.0269,"OPERATE_INCOME_QOQ_SQ":27.939284367444,"NET_PROFIT_RATIO_SQ":20.394460218,"HOLDER_PROFIT_SQ":36535000,"HOLDER_PROFIT_QOQ_SQ":77.959084266926,"ROE_AVG_SQ":36.602164972725,"PE_TTM_SQ":9.770247164793,"PB_TTM_SQ":4.15078201171,"ROA_SQ":17.033507545842,"START_DATE":"2021-01-01 00:00:00","FISCAL_YEAR":"12-31","CURRENCY":"HKD","IS_CNY_CODE":0,"DPS_HKD_LY":null,"ORG_TYPE":"一般企业","PREMIUM_INCOME":null,"PREMIUM_INCOME_YOY":null,"NET_INTEREST_INCOME":null,"NET_INTEREST_INCOME_YOY":null,"FEE_COMMISSION_INCOME":null,"FEE_COMMISSION_INCOME_YOY":null,"ACCOUNTS_RECE_TDAYS":5.548875002346,"INVENTORY_TDAYS":1218.40924092409,"CURRENT_ASSETS_TDAYS":1.520027553307,"TOTAL_ASSETS_TDAYS":1.477838224159,"PREMIUM_EXPENSE":null,"LOAN_DEPOSIT":null,"LOAN_EQUITY":null,"LOAN_ASSETS":null,"DEPOSIT_EQUITY":null,"DEPOSIT_ASSETS":null,"EQUITY_MULTIPLIER":3.323002055234,"EQUITY_RATIO":2.417281219272},{"SECUCODE":"02271.HK","SECURITY_CODE":"02271","SECURITY_NAME_ABBR":"众安智慧生活","ORG_CODE":"10000223224","STD_REPORT_DATE":"2021-06-30 00:00:00","REPORT_DATE":"2021-06-30 00:00:00","DATE_TYPE_CODE":"002","REPORT_TYPE":"2021年中报","PER_NETCASH_OPERATE":null,"PER_OI":null,"BPS":null,"BASIC_EPS":null,"DILUTED_EPS":null,"OPERATE_INCOME":133033000,"OPERATE_INCOME_YOY":null,"GROSS_PROFIT":49115000,"GROSS_PROFIT_YOY":null,"HOLDER_PROFIT":16630000,"HOLDER_PROFIT_YOY":null,"GROSS_PROFIT_RATIO":36.919410973217,"EPS_TTM":null,"OPERATE_INCOME_QOQ":0,"NET_PROFIT_RATIO":14.2994595326,"ROE_AVG":null,"GROSS_PROFIT_QOQ":0,"ROA":null,"HOLDER_PROFIT_QOQ":0,"ROE_YEARLY":null,"ROIC_YEARLY":null,"TOTAL_ASSETS":null,"TOTAL_LIABILITIES":null,"TAX_EBT":25.92578170632,"OCF_SALES":-7.525952207347,"TOTAL_PARENT_EQUITY":null,"DEBT_ASSET_RATIO":null,"OPERATE_PROFIT":25681000,"PRETAX_PROFIT":25681000,"NETCASH_OPERATE":-10012000,"NETCASH_INVEST":-77063000,"NETCASH_FINANCE":6844000,"END_CASH":50988000,"DIVI_RATIO":null,"DIVIDEND_RATE":4.803571428571,"CURRENT_RATIO":null,"COMMON_ACS":1000000000,"CURRENTDEBT_DEBT":null,"ISSUED_COMMON_SHARES":517414000,"HK_COMMON_SHARES":517414000,"PER_SHARES":2000,"TOTAL_MARKET_CAP":289751840,"HKSK_MARKET_CAP":289751840,"PE_TTM":5.416854996943,"PB_TTM":0.96300465872,"REPORT_DATE_SQ":"2020-06-30 00:00:00","REPORT_TYPE_SQ":"2020年中报","OPERATE_INCOME_SQ":null,"DPS_HKD":0.0269,"OPERATE_INCOME_QOQ_SQ":0,"NET_PROFIT_RATIO_SQ":null,"HOLDER_PROFIT_SQ":null,"HOLDER_PROFIT_QOQ_SQ":0,"ROE_AVG_SQ":null,"PE_TTM_SQ":9.770247164793,"PB_TTM_SQ":4.15078201171,"ROA_SQ":null,"START_DATE":"2021-01-01 00:00:00","FISCAL_YEAR":"12-31","CURRENCY":"HKD","IS_CNY_CODE":0,"DPS_HKD_LY":null,"ORG_TYPE":"一般企业","PREMIUM_INCOME":null,"PREMIUM_INCOME_YOY":null,"NET_INTEREST_INCOME":null,"NET_INTEREST_INCOME_YOY":null,"FEE_COMMISSION_INCOME":null,"FEE_COMMISSION_INCOME_YOY":null,"ACCOUNTS_RECE_TDAYS":null,"INVENTORY_TDAYS":null,"CURRENT_ASSETS_TDAYS":1.043277431194,"TOTAL_ASSETS_TDAYS":1.025282749851,"PREMIUM_EXPENSE":null,"LOAN_DEPOSIT":null,"LOAN_EQUITY":null,"LOAN_ASSETS":null,"DEPOSIT_EQUITY":null,"DEPOSIT_ASSETS":null,"EQUITY_MULTIPLIER":null,"EQUITY_RATIO":null},{"SECUCODE":"02271.HK","SECURITY_CODE":"02271","SECURITY_NAME_ABBR":"众安智慧生活","ORG_CODE":"10000223224","STD_REPORT_DATE":"2020-12-31 00:00:00","REPORT_DATE":"2020-12-31 00:00:00","DATE_TYPE_CODE":"001","REPORT_TYPE":"2020年年报","PER_NETCASH_OPERATE":null,"PER_OI":null,"BPS":0.228219568856,"BASIC_EPS":null,"DILUTED_EPS":null,"OPERATE_INCOME":230695000,"OPERATE_INCOME_YOY":27.9392843674,"GROSS_PROFIT":86801000,"GROSS_PROFIT_YOY":47.137796009696,"HOLDER_PROFIT":36535000,"HOLDER_PROFIT_YOY":77.9590842669,"GROSS_PROFIT_RATIO":37.625869654739,"EPS_TTM":null,"OPERATE_INCOME_QOQ":27.939284367444,"NET_PROFIT_RATIO":20.394460218,"ROE_AVG":36.602164972725,"GROSS_PROFIT_QOQ":47.137796009696,"ROA":17.033507545842,"HOLDER_PROFIT_QOQ":77.959084266926,"ROE_YEARLY":36.602164972725,"ROIC_YEARLY":37.773986765922,"TOTAL_ASSETS":259505000,"TOTAL_LIABILITIES":112586000,"TAX_EBT":25.547133385027,"OCF_SALES":39.527948156657,"TOTAL_PARENT_EQUITY":118084000,"DEBT_ASSET_RATIO":43.3849058785,"OPERATE_PROFIT":63193000,"PRETAX_PROFIT":63193000,"NETCASH_OPERATE":91189000,"NETCASH_INVEST":-17133000,"NETCASH_FINANCE":null,"END_CASH":131219000,"DIVI_RATIO":null,"DIVIDEND_RATE":4.803571428571,"CURRENT_RATIO":2.26519283037,"COMMON_ACS":1000000000,"CURRENTDEBT_DEBT":100,"ISSUED_COMMON_SHARES":517414000,"HK_COMMON_SHARES":517414000,"PER_SHARES":2000,"TOTAL_MARKET_CAP":289751840,"HKSK_MARKET_CAP":289751840,"PE_TTM":5.416854996943,"PB_TTM":0.96300465872,"REPORT_DATE_SQ":"2019-12-31 00:00:00","REPORT_TYPE_SQ":"2019年年报","OPERATE_INCOME_SQ":180316000,"DPS_HKD":0.0269,"OPERATE_INCOME_QOQ_SQ":16.332152695789,"NET_PROFIT_RATIO_SQ":15.92482087,"HOLDER_PROFIT_SQ":20530000,"HOLDER_PROFIT_QOQ_SQ":55.248033877798,"ROE_AVG_SQ":28.800291790584,"PE_TTM_SQ":9.770247164793,"PB_TTM_SQ":4.15078201171,"ROA_SQ":13.510267605958,"START_DATE":"2020-01-01 00:00:00","FISCAL_YEAR":"12-31","CURRENCY":"HKD","IS_CNY_CODE":0,"DPS_HKD_LY":null,"ORG_TYPE":"一般企业","PREMIUM_INCOME":null,"PREMIUM_INCOME_YOY":null,"NET_INTEREST_INCOME":null,"NET_INTEREST_INCOME_YOY":null,"FEE_COMMISSION_INCOME":null,"FEE_COMMISSION_INCOME_YOY":null,"ACCOUNTS_RECE_TDAYS":5.476309167735,"INVENTORY_TDAYS":574.427145708583,"CURRENT_ASSETS_TDAYS":1.09523843435,"TOTAL_ASSETS_TDAYS":1.075556322236,"PREMIUM_EXPENSE":null,"LOAN_DEPOSIT":null,"LOAN_EQUITY":null,"LOAN_ASSETS":null,"DEPOSIT_EQUITY":null,"DEPOSIT_ASSETS":null,"EQUITY_MULTIPLIER":1.766313410791,"EQUITY_RATIO":0.953439924122},{"SECUCODE":"02271.HK","SECURITY_CODE":"02271","SECURITY_NAME_ABBR":"众安智慧生活","ORG_CODE":"10000223224","STD_REPORT_DATE":"2019-12-31 00:00:00","REPORT_DATE":"2019-12-31 00:00:00","DATE_TYPE_CODE":"001","REPORT_TYPE":"2019年年报","PER_NETCASH_OPERATE":null,"PER_OI":null,"BPS":0.15760880069,"BASIC_EPS":null,"DILUTED_EPS":null,"OPERATE_INCOME":180316000,"OPERATE_INCOME_YOY":16.3321526958,"GROSS_PROFIT":58993000,"GROSS_PROFIT_YOY":33.170048985304,"HOLDER_PROFIT":20530000,"HOLDER_PROFIT_YOY":55.2480338778,"GROSS_PROFIT_RATIO":32.716453337474,"EPS_TTM":null,"OPERATE_INCOME_QOQ":16.332152695789,"NET_PROFIT_RATIO":15.92482087,"ROE_AVG":28.800291790584,"GROSS_PROFIT_QOQ":33.170048985304,"ROA":13.510267605958,"HOLDER_PROFIT_QOQ":55.248033877798,"ROE_YEARLY":28.800291790584,"ROIC_YEARLY":22.994556573554,"TOTAL_ASSETS":169473000,"TOTAL_LIABILITIES":69603000,"TAX_EBT":25.043723407032,"OCF_SALES":17.65899864682,"TOTAL_PARENT_EQUITY":81549000,"DEBT_ASSET_RATIO":41.0702589793,"OPERATE_PROFIT":38309000,"PRETAX_PROFIT":38309000,"NETCASH_OPERATE":31842000,"NETCASH_INVEST":-15412000,"NETCASH_FINANCE":1000000,"END_CASH":57163000,"DIVI_RATIO":null,"DIVIDEND_RATE":4.803571428571,"CURRENT_RATIO":2.38840279873,"COMMON_ACS":1000000000,"CURRENTDEBT_DEBT":100,"ISSUED_COMMON_SHARES":517414000,"HK_COMMON_SHARES":517414000,"PER_SHARES":2000,"TOTAL_MARKET_CAP":289751840,"HKSK_MARKET_CAP":289751840,"PE_TTM":5.416854996943,"PB_TTM":0.96300465872,"REPORT_DATE_SQ":"2018-12-31 00:00:00","REPORT_TYPE_SQ":"2018年年报","OPERATE_INCOME_SQ":155001000,"DPS_HKD":0.0269,"OPERATE_INCOME_QOQ_SQ":null,"NET_PROFIT_RATIO_SQ":11.7883110432,"HOLDER_PROFIT_SQ":13224000,"HOLDER_PROFIT_QOQ_SQ":null,"ROE_AVG_SQ":21.671938248742,"PE_TTM_SQ":9.770247164793,"PB_TTM_SQ":4.15078201171,"ROA_SQ":9.83606557377,"START_DATE":"2019-01-01 00:00:00","FISCAL_YEAR":"12-31","CURRENCY":"HKD","IS_CNY_CODE":0,"DPS_HKD_LY":null,"ORG_TYPE":"一般企业","PREMIUM_INCOME":null,"PREMIUM_INCOME_YOY":null,"NET_INTEREST_INCOME":null,"NET_INTEREST_INCOME_YOY":null,"FEE_COMMISSION_INCOME":null,"FEE_COMMISSION_INCOME_YOY":null,"ACCOUNTS_RECE_TDAYS":5.543749615692,"INVENTORY_TDAYS":457.822641509434,"CURRENT_ASSETS_TDAYS":1.213799602841,"TOTAL_ASSETS_TDAYS":1.186613450383,"PREMIUM_EXPENSE":null,"LOAN_DEPOSIT":null,"LOAN_EQUITY":null,"LOAN_ASSETS":null,"DEPOSIT_EQUITY":null,"DEPOSIT_ASSETS":null,"EQUITY_MULTIPLIER":1.696936016822,"EQUITY_RATIO":0.853511385793}],"count":10},"success":true,"message":"ok","code":0}