{"version":"492e3ceb03ee7d5171cfbfead00c4729","result":{"pages":2,"data":[{"SECUCODE":"02279.HK","SECURITY_CODE":"02279","SECURITY_NAME_ABBR":"雍禾医疗","ORG_CODE":"10000219846","STD_REPORT_DATE":"2024-06-30 00:00:00","REPORT_DATE":"2024-06-30 00:00:00","DATE_TYPE_CODE":"002","REPORT_TYPE":"2024年中报","PER_NETCASH_OPERATE":0.14076359074,"PER_OI":1.712977622886,"BPS":1.526919766796,"BASIC_EPS":-0.28,"DILUTED_EPS":-0.28,"OPERATE_INCOME":900203000,"OPERATE_INCOME_YOY":8.745516769,"GROSS_PROFIT":529437000,"GROSS_PROFIT_YOY":13.224821320878,"HOLDER_PROFIT":-138572000,"HOLDER_PROFIT_YOY":38.7367313465,"GROSS_PROFIT_RATIO":58.81306771917,"EPS_TTM":-0.872993434747,"OPERATE_INCOME_QOQ":4.073465979616,"NET_PROFIT_RATIO":-15.4018593584,"ROE_AVG":-15.884389631336,"GROSS_PROFIT_QOQ":6.20135060059,"ROA":-6.116135604382,"HOLDER_PROFIT_QOQ":16.035864229841,"ROE_YEARLY":-31.768779262671,"ROIC_YEARLY":-16.326352682184,"TOTAL_ASSETS":2086797000,"TOTAL_LIABILITIES":1284979000,"TAX_EBT":5.488108303397,"OCF_SALES":8.217479835104,"TOTAL_PARENT_EQUITY":802200000,"DEBT_ASSET_RATIO":61.5766171793,"OPERATE_PROFIT":-130649000,"PRETAX_PROFIT":-146699000,"NETCASH_OPERATE":73974000,"NETCASH_INVEST":-18282000,"NETCASH_FINANCE":-125169000,"END_CASH":533780000,"DIVI_RATIO":null,"DIVIDEND_RATE":null,"CURRENT_RATIO":1.094938482154,"COMMON_ACS":20000000000,"CURRENTDEBT_DEBT":51.10745000502,"ISSUED_COMMON_SHARES":525371416,"HK_COMMON_SHARES":525371416,"PER_SHARES":500,"TOTAL_MARKET_CAP":493849131.04,"HKSK_MARKET_CAP":493849131.04,"PE_TTM":-0.969404690807,"PB_TTM":0.561862658835,"REPORT_DATE_SQ":"2023-06-30 00:00:00","REPORT_TYPE_SQ":"2023年中报","OPERATE_INCOME_SQ":827807000,"DPS_HKD":null,"OPERATE_INCOME_QOQ_SQ":5.639192208897,"NET_PROFIT_RATIO_SQ":-27.3241226518,"HOLDER_PROFIT_SQ":-226191000,"HOLDER_PROFIT_QOQ_SQ":-283.980525984766,"ROE_AVG_SQ":-15.851594578287,"PE_TTM_SQ":-2.634947630189,"PB_TTM_SQ":0.693377987682,"ROA_SQ":-7.998595416219,"START_DATE":"2024-01-01 00:00:00","FISCAL_YEAR":"12-31","CURRENCY":"HKD","IS_CNY_CODE":0,"DPS_HKD_LY":null,"ORG_TYPE":"一般企业","PREMIUM_INCOME":null,"PREMIUM_INCOME_YOY":null,"NET_INTEREST_INCOME":null,"NET_INTEREST_INCOME_YOY":null,"FEE_COMMISSION_INCOME":null,"FEE_COMMISSION_INCOME_YOY":null,"ACCOUNTS_RECE_TDAYS":87.119229652569,"INVENTORY_TDAYS":5.349348222852,"CURRENT_ASSETS_TDAYS":1.17797243381,"TOTAL_ASSETS_TDAYS":0.397321509358,"PREMIUM_EXPENSE":null,"LOAN_DEPOSIT":null,"LOAN_EQUITY":null,"LOAN_ASSETS":null,"DEPOSIT_EQUITY":null,"DEPOSIT_ASSETS":null,"EQUITY_MULTIPLIER":2.602581882669,"EQUITY_RATIO":1.601818748442},{"SECUCODE":"02279.HK","SECURITY_CODE":"02279","SECURITY_NAME_ABBR":"雍禾医疗","ORG_CODE":"10000219846","STD_REPORT_DATE":"2023-12-31 00:00:00","REPORT_DATE":"2023-12-31 00:00:00","DATE_TYPE_CODE":"001","REPORT_TYPE":"2023年年报","PER_NETCASH_OPERATE":-0.03254342123,"PER_OI":3.371891548329,"BPS":1.794077430356,"BASIC_EPS":-1.08,"DILUTED_EPS":-1.08,"OPERATE_INCOME":1777258000,"OPERATE_INCOME_YOY":25.797658677,"GROSS_PROFIT":997186000,"GROSS_PROFIT_YOY":14.280311582103,"HOLDER_PROFIT":-546394000,"HOLDER_PROFIT_YOY":-536.3926483263,"GROSS_PROFIT_RATIO":56.10811711074,"EPS_TTM":-1.036642575618,"OPERATE_INCOME_QOQ":19.082374681817,"NET_PROFIT_RATIO":-30.7599684458,"ROE_AVG":-43.229647762323,"GROSS_PROFIT_QOQ":15.994886475332,"ROA":-20.331208095958,"HOLDER_PROFIT_QOQ":-65.735657217042,"ROE_YEARLY":-43.229647762323,"ROIC_YEARLY":-28.80315615209,"TOTAL_ASSETS":2444561000,"TOTAL_LIABILITIES":1502310000,"TAX_EBT":6.584714440235,"OCF_SALES":-0.965138432349,"TOTAL_PARENT_EQUITY":942557000,"DEBT_ASSET_RATIO":61.4552060677,"OPERATE_PROFIT":-531750000,"PRETAX_PROFIT":-585219000,"NETCASH_OPERATE":-17153000,"NETCASH_INVEST":245582000,"NETCASH_FINANCE":-185204000,"END_CASH":603215000,"DIVI_RATIO":null,"DIVIDEND_RATE":null,"CURRENT_RATIO":1.119553023166,"COMMON_ACS":20000000000,"CURRENTDEBT_DEBT":48.119296283723,"ISSUED_COMMON_SHARES":525371416,"HK_COMMON_SHARES":525371416,"PER_SHARES":500,"TOTAL_MARKET_CAP":472834274.4,"HKSK_MARKET_CAP":472834274.4,"PE_TTM":-0.928153427369,"PB_TTM":0.537953609523,"REPORT_DATE_SQ":"2022-12-31 00:00:00","REPORT_TYPE_SQ":"2022年年报","OPERATE_INCOME_SQ":1412791000,"DPS_HKD":null,"OPERATE_INCOME_QOQ_SQ":-24.178709258811,"NET_PROFIT_RATIO_SQ":-6.0771904691,"HOLDER_PROFIT_SQ":-85858000,"HOLDER_PROFIT_QOQ_SQ":-188.171623397963,"ROE_AVG_SQ":-5.229416610454,"PE_TTM_SQ":-3.683103593579,"PB_TTM_SQ":0.96919685571,"ROA_SQ":-2.801390156176,"START_DATE":"2023-01-01 00:00:00","FISCAL_YEAR":"12-31","CURRENCY":"HKD","IS_CNY_CODE":0,"DPS_HKD_LY":null,"ORG_TYPE":"一般企业","PREMIUM_INCOME":null,"PREMIUM_INCOME_YOY":null,"NET_INTEREST_INCOME":null,"NET_INTEREST_INCOME_YOY":null,"FEE_COMMISSION_INCOME":null,"FEE_COMMISSION_INCOME_YOY":null,"ACCOUNTS_RECE_TDAYS":205.202401570257,"INVENTORY_TDAYS":9.507623679111,"CURRENT_ASSETS_TDAYS":1.778321436219,"TOTAL_ASSETS_TDAYS":0.661314037823,"PREMIUM_EXPENSE":null,"LOAN_DEPOSIT":null,"LOAN_EQUITY":null,"LOAN_ASSETS":null,"DEPOSIT_EQUITY":null,"DEPOSIT_ASSETS":null,"EQUITY_MULTIPLIER":2.59438408662,"EQUITY_RATIO":1.593866471736},{"SECUCODE":"02279.HK","SECURITY_CODE":"02279","SECURITY_NAME_ABBR":"雍禾医疗","ORG_CODE":"10000219846","STD_REPORT_DATE":"2023-06-30 00:00:00","REPORT_DATE":"2023-06-30 00:00:00","DATE_TYPE_CODE":"002","REPORT_TYPE":"2023年中报","PER_NETCASH_OPERATE":-0.047389353203,"PER_OI":1.570551617687,"BPS":2.414573692757,"BASIC_EPS":-0.44,"DILUTED_EPS":-0.44,"OPERATE_INCOME":827807000,"OPERATE_INCOME_YOY":10.6491190785,"GROSS_PROFIT":467598000,"GROSS_PROFIT_YOY":-2.684309546802,"HOLDER_PROFIT":-226191000,"HOLDER_PROFIT_YOY":-1383.0620001134,"GROSS_PROFIT_RATIO":56.486354911229,"EPS_TTM":-0.625479509373,"OPERATE_INCOME_QOQ":5.639192208897,"NET_PROFIT_RATIO":-27.3241226518,"ROE_AVG":-15.851594578287,"GROSS_PROFIT_QOQ":-1.478146964344,"ROA":-7.998595416219,"HOLDER_PROFIT_QOQ":-283.980525984766,"ROE_YEARLY":-31.703189156573,"ROIC_YEARLY":-22.367499185413,"TOTAL_ASSETS":2725400000,"TOTAL_LIABILITIES":1456852000,"TAX_EBT":11.79161402031,"OCF_SALES":-3.017369990831,"TOTAL_PARENT_EQUITY":1268548000,"DEBT_ASSET_RATIO":53.454612167,"OPERATE_PROFIT":-225132000,"PRETAX_PROFIT":-256428000,"NETCASH_OPERATE":-24978000,"NETCASH_INVEST":163055000,"NETCASH_FINANCE":-210537000,"END_CASH":486842000,"DIVI_RATIO":null,"DIVIDEND_RATE":null,"CURRENT_RATIO":1.5400770771,"COMMON_ACS":20000000000,"CURRENTDEBT_DEBT":38.70338236142,"ISSUED_COMMON_SHARES":525371416,"HK_COMMON_SHARES":525371416,"PER_SHARES":500,"TOTAL_MARKET_CAP":472834274.4,"HKSK_MARKET_CAP":472834274.4,"PE_TTM":-0.928153427369,"PB_TTM":0.537953609523,"REPORT_DATE_SQ":"2022-06-30 00:00:00","REPORT_TYPE_SQ":"2022年中报","OPERATE_INCOME_SQ":748137000,"DPS_HKD":null,"OPERATE_INCOME_QOQ_SQ":-14.076630790656,"NET_PROFIT_RATIO_SQ":2.3563865976,"HOLDER_PROFIT_SQ":17629000,"HOLDER_PROFIT_QOQ_SQ":-18.980264252671,"ROE_AVG_SQ":1.005658361386,"PE_TTM_SQ":-3.683103593579,"PB_TTM_SQ":0.96919685571,"ROA_SQ":0.556831546691,"START_DATE":"2023-01-01 00:00:00","FISCAL_YEAR":"12-31","CURRENCY":"HKD","IS_CNY_CODE":0,"DPS_HKD_LY":null,"ORG_TYPE":"一般企业","PREMIUM_INCOME":null,"PREMIUM_INCOME_YOY":null,"NET_INTEREST_INCOME":null,"NET_INTEREST_INCOME_YOY":null,"FEE_COMMISSION_INCOME":null,"FEE_COMMISSION_INCOME_YOY":null,"ACCOUNTS_RECE_TDAYS":134.286154594858,"INVENTORY_TDAYS":4.019314992831,"CURRENT_ASSETS_TDAYS":0.804535020011,"TOTAL_ASSETS_TDAYS":0.292730182709,"PREMIUM_EXPENSE":null,"LOAN_DEPOSIT":null,"LOAN_EQUITY":null,"LOAN_ASSETS":null,"DEPOSIT_EQUITY":null,"DEPOSIT_ASSETS":null,"EQUITY_MULTIPLIER":2.148440579307,"EQUITY_RATIO":1.148440579308},{"SECUCODE":"02279.HK","SECURITY_CODE":"02279","SECURITY_NAME_ABBR":"雍禾医疗","ORG_CODE":"10000219846","STD_REPORT_DATE":"2022-12-31 00:00:00","REPORT_DATE":"2022-12-31 00:00:00","DATE_TYPE_CODE":"001","REPORT_TYPE":"2022年年报","PER_NETCASH_OPERATE":-0.205968570838,"PER_OI":2.680408827787,"BPS":3.017503335202,"BASIC_EPS":-0.16,"DILUTED_EPS":-0.16,"OPERATE_INCOME":1412791000,"OPERATE_INCOME_YOY":-34.8517924172,"GROSS_PROFIT":872579000,"GROSS_PROFIT_YOY":-44.772642116083,"HOLDER_PROFIT":-85858000,"HOLDER_PROFIT_YOY":-171.4364162812,"GROSS_PROFIT_RATIO":61.762780198911,"EPS_TTM":-0.162893549815,"OPERATE_INCOME_QOQ":-24.178709258811,"NET_PROFIT_RATIO":-6.0771904691,"ROE_AVG":-5.229416610454,"GROSS_PROFIT_QOQ":-32.097925769714,"ROA":-2.801390156176,"HOLDER_PROFIT_QOQ":-188.171623397963,"ROE_YEARLY":-5.229416610454,"ROIC_YEARLY":-4.789250765456,"TOTAL_ASSETS":2930368000,"TOTAL_LIABILITIES":1345058000,"TAX_EBT":21.566513803373,"OCF_SALES":-7.684222223952,"TOTAL_PARENT_EQUITY":1585310000,"DEBT_ASSET_RATIO":45.9006513858,"OPERATE_PROFIT":-161621000,"PRETAX_PROFIT":-109466000,"NETCASH_OPERATE":-108562000,"NETCASH_INVEST":-650565000,"NETCASH_FINANCE":-333054000,"END_CASH":565093000,"DIVI_RATIO":null,"DIVIDEND_RATE":null,"CURRENT_RATIO":2.386076050936,"COMMON_ACS":20000000000,"CURRENTDEBT_DEBT":37.062193600573,"ISSUED_COMMON_SHARES":525371416,"HK_COMMON_SHARES":525371416,"PER_SHARES":500,"TOTAL_MARKET_CAP":472834274.4,"HKSK_MARKET_CAP":472834274.4,"PE_TTM":-0.928153427369,"PB_TTM":0.537953609523,"REPORT_DATE_SQ":"2021-12-31 00:00:00","REPORT_TYPE_SQ":"2021年年报","OPERATE_INCOME_SQ":2168580000,"DPS_HKD":null,"OPERATE_INCOME_QOQ_SQ":3.753156496186,"NET_PROFIT_RATIO_SQ":5.5422442336,"HOLDER_PROFIT_SQ":120188000,"HOLDER_PROFIT_QOQ_SQ":-13.104964067267,"ROE_AVG_SQ":11.422526958952,"PE_TTM_SQ":-3.683103593579,"PB_TTM_SQ":0.96919685571,"ROA_SQ":5.014457640813,"START_DATE":"2022-01-01 00:00:00","FISCAL_YEAR":"12-31","CURRENCY":"HKD","IS_CNY_CODE":0,"DPS_HKD_LY":0.093,"ORG_TYPE":"一般企业","PREMIUM_INCOME":null,"PREMIUM_INCOME_YOY":null,"NET_INTEREST_INCOME":null,"NET_INTEREST_INCOME_YOY":null,"FEE_COMMISSION_INCOME":null,"FEE_COMMISSION_INCOME_YOY":null,"ACCOUNTS_RECE_TDAYS":138.468195628737,"INVENTORY_TDAYS":7.650265175922,"CURRENT_ASSETS_TDAYS":0.961698257762,"TOTAL_ASSETS_TDAYS":0.460967970385,"PREMIUM_EXPENSE":null,"LOAN_DEPOSIT":null,"LOAN_EQUITY":null,"LOAN_ASSETS":null,"DEPOSIT_EQUITY":null,"DEPOSIT_ASSETS":null,"EQUITY_MULTIPLIER":1.848451091586,"EQUITY_RATIO":0.848451091585},{"SECUCODE":"02279.HK","SECURITY_CODE":"02279","SECURITY_NAME_ABBR":"雍禾医疗","ORG_CODE":"10000219846","STD_REPORT_DATE":"2022-06-30 00:00:00","REPORT_DATE":"2022-06-30 00:00:00","DATE_TYPE_CODE":"002","REPORT_TYPE":"2022年中报","PER_NETCASH_OPERATE":-0.151785187936,"PER_OI":1.419398211904,"BPS":3.44064588394,"BASIC_EPS":0.03,"DILUTED_EPS":0.03,"OPERATE_INCOME":748137000,"OPERATE_INCOME_YOY":-28.9788304538,"GROSS_PROFIT":480496000,"GROSS_PROFIT_YOY":-38.033857911292,"HOLDER_PROFIT":17629000,"HOLDER_PROFIT_YOY":-56.4081006899,"GROSS_PROFIT_RATIO":64.225669897358,"EPS_TTM":0.184746002781,"OPERATE_INCOME_QOQ":-14.076630790656,"NET_PROFIT_RATIO":2.3563865976,"ROE_AVG":1.005658361386,"GROSS_PROFIT_QOQ":-18.666169612703,"ROA":0.556831546691,"HOLDER_PROFIT_QOQ":-18.980264252671,"ROE_YEARLY":2.011316722771,"ROIC_YEARLY":2.094030634805,"TOTAL_ASSETS":3132594000,"TOTAL_LIABILITIES":1324977000,"TAX_EBT":-32.808497815278,"OCF_SALES":-10.693629642699,"TOTAL_PARENT_EQUITY":1807617000,"DEBT_ASSET_RATIO":42.2964801695,"OPERATE_PROFIT":-23421000,"PRETAX_PROFIT":13274000,"NETCASH_OPERATE":-80003000,"NETCASH_INVEST":-100207000,"NETCASH_FINANCE":-47267000,"END_CASH":1398228000,"DIVI_RATIO":null,"DIVIDEND_RATE":null,"CURRENT_RATIO":3.050182824239,"COMMON_ACS":20000000000,"CURRENTDEBT_DEBT":39.609819642152,"ISSUED_COMMON_SHARES":525371416,"HK_COMMON_SHARES":525371416,"PER_SHARES":500,"TOTAL_MARKET_CAP":472834274.4,"HKSK_MARKET_CAP":472834274.4,"PE_TTM":-0.928153427369,"PB_TTM":0.537953609523,"REPORT_DATE_SQ":"2021-06-30 00:00:00","REPORT_TYPE_SQ":"2021年中报","OPERATE_INCOME_SQ":1053400000,"DPS_HKD":null,"OPERATE_INCOME_QOQ_SQ":27.579675724243,"NET_PROFIT_RATIO_SQ":3.8390924625,"HOLDER_PROFIT_SQ":40441000,"HOLDER_PROFIT_QOQ_SQ":-15.317267896064,"ROE_AVG_SQ":8.600890480662,"PE_TTM_SQ":-3.683103593579,"PB_TTM_SQ":0.96919685571,"ROA_SQ":2.25225902566,"START_DATE":"2022-01-01 00:00:00","FISCAL_YEAR":"12-31","CURRENCY":"HKD","IS_CNY_CODE":0,"DPS_HKD_LY":0.093,"ORG_TYPE":"一般企业","PREMIUM_INCOME":null,"PREMIUM_INCOME_YOY":null,"NET_INTEREST_INCOME":null,"NET_INTEREST_INCOME_YOY":null,"FEE_COMMISSION_INCOME":null,"FEE_COMMISSION_INCOME_YOY":null,"ACCOUNTS_RECE_TDAYS":87.752859069849,"INVENTORY_TDAYS":4.436504384438,"CURRENT_ASSETS_TDAYS":0.446723764786,"TOTAL_ASSETS_TDAYS":0.2363073815,"PREMIUM_EXPENSE":null,"LOAN_DEPOSIT":null,"LOAN_EQUITY":null,"LOAN_ASSETS":null,"DEPOSIT_EQUITY":null,"DEPOSIT_ASSETS":null,"EQUITY_MULTIPLIER":1.732996536325,"EQUITY_RATIO":0.732996536324},{"SECUCODE":"02279.HK","SECURITY_CODE":"02279","SECURITY_NAME_ABBR":"雍禾医疗","ORG_CODE":"10000219846","STD_REPORT_DATE":"2021-12-31 00:00:00","REPORT_DATE":"2021-12-31 00:00:00","DATE_TYPE_CODE":"001","REPORT_TYPE":"2021年年报","PER_NETCASH_OPERATE":0.840996297078,"PER_OI":4.170699732937,"BPS":3.232655885489,"BASIC_EPS":0.29,"DILUTED_EPS":0.28,"OPERATE_INCOME":2168580000,"OPERATE_INCOME_YOY":32.3679406115,"GROSS_PROFIT":1579976000,"GROSS_PROFIT_YOY":29.333431562748,"HOLDER_PROFIT":120188000,"HOLDER_PROFIT_YOY":-26.4149095095,"GROSS_PROFIT_RATIO":72.857630338747,"EPS_TTM":0.231150365448,"OPERATE_INCOME_QOQ":3.753156496186,"NET_PROFIT_RATIO":5.5422442336,"ROE_AVG":11.422526958952,"GROSS_PROFIT_QOQ":1.183480457203,"ROA":5.014457640813,"HOLDER_PROFIT_QOQ":-13.104964067267,"ROE_YEARLY":11.422526958952,"ROIC_YEARLY":8.191068594781,"TOTAL_ASSETS":3199303000,"TOTAL_LIABILITIES":1500958000,"TAX_EBT":42.842740017881,"OCF_SALES":20.164393289618,"TOTAL_PARENT_EQUITY":1698345000,"DEBT_ASSET_RATIO":46.9151562075,"OPERATE_PROFIT":256095000,"PRETAX_PROFIT":210276000,"NETCASH_OPERATE":437281000,"NETCASH_INVEST":-193944000,"NETCASH_FINANCE":1028222000,"END_CASH":1566192000,"DIVI_RATIO":null,"DIVIDEND_RATE":null,"CURRENT_RATIO":2.370457379894,"COMMON_ACS":20000000000,"CURRENTDEBT_DEBT":49.14727793849,"ISSUED_COMMON_SHARES":525371416,"HK_COMMON_SHARES":525371416,"PER_SHARES":500,"TOTAL_MARKET_CAP":472834274.4,"HKSK_MARKET_CAP":472834274.4,"PE_TTM":-0.928153427369,"PB_TTM":0.537953609523,"REPORT_DATE_SQ":"2020-12-31 00:00:00","REPORT_TYPE_SQ":"2020年年报","OPERATE_INCOME_SQ":1638297000,"DPS_HKD":null,"OPERATE_INCOME_QOQ_SQ":33.795653164576,"NET_PROFIT_RATIO_SQ":9.9696208929,"HOLDER_PROFIT_SQ":163332000,"HOLDER_PROFIT_QOQ_SQ":358.488659330788,"ROE_AVG_SQ":50.631608641336,"PE_TTM_SQ":-3.683103593579,"PB_TTM_SQ":0.96919685571,"ROA_SQ":12.934273425117,"START_DATE":"2021-01-01 00:00:00","FISCAL_YEAR":"12-31","CURRENCY":"HKD","IS_CNY_CODE":0,"DPS_HKD_LY":null,"ORG_TYPE":"一般企业","PREMIUM_INCOME":null,"PREMIUM_INCOME_YOY":null,"NET_INTEREST_INCOME":null,"NET_INTEREST_INCOME_YOY":null,"FEE_COMMISSION_INCOME":null,"FEE_COMMISSION_INCOME_YOY":null,"ACCOUNTS_RECE_TDAYS":183.149360246611,"INVENTORY_TDAYS":14.690493423516,"CURRENT_ASSETS_TDAYS":1.983834427063,"TOTAL_ASSETS_TDAYS":0.904770239185,"PREMIUM_EXPENSE":null,"LOAN_DEPOSIT":null,"LOAN_EQUITY":null,"LOAN_ASSETS":null,"DEPOSIT_EQUITY":null,"DEPOSIT_ASSETS":null,"EQUITY_MULTIPLIER":1.88377685335,"EQUITY_RATIO":0.883776853348},{"SECUCODE":"02279.HK","SECURITY_CODE":"02279","SECURITY_NAME_ABBR":"雍禾医疗","ORG_CODE":"10000219846","STD_REPORT_DATE":"2021-06-30 00:00:00","REPORT_DATE":"2021-06-30 00:00:00","DATE_TYPE_CODE":"002","REPORT_TYPE":"2021年中报","PER_NETCASH_OPERATE":0.503689382643,"PER_OI":2.430381907143,"BPS":1.017057616245,"BASIC_EPS":0.1,"DILUTED_EPS":0.1,"OPERATE_INCOME":1053400000,"OPERATE_INCOME_YOY":75.1105038043,"GROSS_PROFIT":775417000,"GROSS_PROFIT_YOY":78.031275327114,"HOLDER_PROFIT":40441000,"HOLDER_PROFIT_YOY":-38.2193434058,"GROSS_PROFIT_RATIO":73.610879058288,"EPS_TTM":0.319115096929,"OPERATE_INCOME_QOQ":27.579675724243,"NET_PROFIT_RATIO":3.8390924625,"ROE_AVG":8.600890480662,"GROSS_PROFIT_QOQ":27.820698574855,"ROA":2.25225902566,"HOLDER_PROFIT_QOQ":-15.317267896064,"ROE_YEARLY":17.201780961324,"ROIC_YEARLY":5.685517402328,"TOTAL_ASSETS":1996794000,"TOTAL_LIABILITIES":1462461000,"TAX_EBT":54.49676511955,"OCF_SALES":20.724700968293,"TOTAL_PARENT_EQUITY":534333000,"DEBT_ASSET_RATIO":73.2404544485,"OPERATE_PROFIT":109145000,"PRETAX_PROFIT":88875000,"NETCASH_OPERATE":218314000,"NETCASH_INVEST":-97174000,"NETCASH_FINANCE":38341000,"END_CASH":453100000,"DIVI_RATIO":null,"DIVIDEND_RATE":null,"CURRENT_RATIO":0.961492615492,"COMMON_ACS":20000000000,"CURRENTDEBT_DEBT":55.872669425031,"ISSUED_COMMON_SHARES":525371416,"HK_COMMON_SHARES":525371416,"PER_SHARES":500,"TOTAL_MARKET_CAP":472834274.4,"HKSK_MARKET_CAP":472834274.4,"PE_TTM":-0.928153427369,"PB_TTM":0.537953609523,"REPORT_DATE_SQ":"2020-06-30 00:00:00","REPORT_TYPE_SQ":"2020年中报","OPERATE_INCOME_SQ":601563000,"DPS_HKD":null,"OPERATE_INCOME_QOQ_SQ":0,"NET_PROFIT_RATIO_SQ":10.8814870595,"HOLDER_PROFIT_SQ":65459000,"HOLDER_PROFIT_QOQ_SQ":0,"ROE_AVG_SQ":null,"PE_TTM_SQ":-3.683103593579,"PB_TTM_SQ":0.96919685571,"ROA_SQ":null,"START_DATE":"2021-01-01 00:00:00","FISCAL_YEAR":"12-31","CURRENCY":"HKD","IS_CNY_CODE":0,"DPS_HKD_LY":null,"ORG_TYPE":"一般企业","PREMIUM_INCOME":null,"PREMIUM_INCOME_YOY":null,"NET_INTEREST_INCOME":null,"NET_INTEREST_INCOME_YOY":null,"FEE_COMMISSION_INCOME":null,"FEE_COMMISSION_INCOME_YOY":null,"ACCOUNTS_RECE_TDAYS":122.069644822991,"INVENTORY_TDAYS":7.776618362894,"CURRENT_ASSETS_TDAYS":1.722278855814,"TOTAL_ASSETS_TDAYS":0.586664438968,"PREMIUM_EXPENSE":null,"LOAN_DEPOSIT":null,"LOAN_EQUITY":null,"LOAN_ASSETS":null,"DEPOSIT_EQUITY":null,"DEPOSIT_ASSETS":null,"EQUITY_MULTIPLIER":3.736984240168,"EQUITY_RATIO":2.736984240165},{"SECUCODE":"02279.HK","SECURITY_CODE":"02279","SECURITY_NAME_ABBR":"雍禾医疗","ORG_CODE":"10000219846","STD_REPORT_DATE":"2020-12-31 00:00:00","REPORT_DATE":"2020-12-31 00:00:00","DATE_TYPE_CODE":"001","REPORT_TYPE":"2020年年报","PER_NETCASH_OPERATE":0.000695431496,"PER_OI":0.002271509583,"BPS":0.772897016537,"BASIC_EPS":0.39,"DILUTED_EPS":0.39,"OPERATE_INCOME":1638297000,"OPERATE_INCOME_YOY":33.7956531646,"GROSS_PROFIT":1221630000,"GROSS_PROFIT_YOY":37.401051402658,"HOLDER_PROFIT":163332000,"HOLDER_PROFIT_YOY":358.4886593308,"GROSS_PROFIT_RATIO":74.567065678567,"EPS_TTM":0.000226460894,"OPERATE_INCOME_QOQ":33.795653164576,"NET_PROFIT_RATIO":9.9696208929,"ROE_AVG":50.631608641336,"GROSS_PROFIT_QOQ":37.401051402658,"ROA":12.934273425117,"HOLDER_PROFIT_QOQ":358.488659330788,"ROE_YEARLY":50.631608641336,"ROIC_YEARLY":15.243844392055,"TOTAL_ASSETS":1594356000,"TOTAL_LIABILITIES":1188298000,"TAX_EBT":29.2671730601,"OCF_SALES":30.615389028973,"TOTAL_PARENT_EQUITY":406058000,"DEBT_ASSET_RATIO":74.5315349897,"OPERATE_PROFIT":266261000,"PRETAX_PROFIT":230914000,"NETCASH_OPERATE":501571000,"NETCASH_INVEST":-142388000,"NETCASH_FINANCE":-156116000,"END_CASH":292856000,"DIVI_RATIO":null,"DIVIDEND_RATE":null,"CURRENT_RATIO":0.866215360253,"COMMON_ACS":20000000000,"CURRENTDEBT_DEBT":42.514588091539,"ISSUED_COMMON_SHARES":525371416,"HK_COMMON_SHARES":525371416,"PER_SHARES":500,"TOTAL_MARKET_CAP":472834274.4,"HKSK_MARKET_CAP":472834274.4,"PE_TTM":-0.928153427369,"PB_TTM":0.537953609523,"REPORT_DATE_SQ":"2019-12-31 00:00:00","REPORT_TYPE_SQ":"2019年年报","OPERATE_INCOME_SQ":1224477000,"DPS_HKD":null,"OPERATE_INCOME_QOQ_SQ":31.054578380565,"NET_PROFIT_RATIO_SQ":2.9093237358,"HOLDER_PROFIT_SQ":35624000,"HOLDER_PROFIT_QOQ_SQ":-33.41308411215,"ROE_AVG_SQ":16.097023153253,"PE_TTM_SQ":-3.683103593579,"PB_TTM_SQ":0.96919685571,"ROA_SQ":4.277468724072,"START_DATE":"2020-01-01 00:00:00","FISCAL_YEAR":"12-31","CURRENCY":"HKD","IS_CNY_CODE":0,"DPS_HKD_LY":null,"ORG_TYPE":"一般企业","PREMIUM_INCOME":null,"PREMIUM_INCOME_YOY":null,"NET_INTEREST_INCOME":null,"NET_INTEREST_INCOME_YOY":null,"FEE_COMMISSION_INCOME":null,"FEE_COMMISSION_INCOME_YOY":null,"ACCOUNTS_RECE_TDAYS":202.396318487862,"INVENTORY_TDAYS":20.089050672581,"CURRENT_ASSETS_TDAYS":5.318757558295,"TOTAL_ASSETS_TDAYS":1.297368632573,"PREMIUM_EXPENSE":null,"LOAN_DEPOSIT":null,"LOAN_EQUITY":null,"LOAN_ASSETS":null,"DEPOSIT_EQUITY":null,"DEPOSIT_ASSETS":null,"EQUITY_MULTIPLIER":3.926424303921,"EQUITY_RATIO":2.926424303917},{"SECUCODE":"02279.HK","SECURITY_CODE":"02279","SECURITY_NAME_ABBR":"雍禾医疗","ORG_CODE":"10000219846","STD_REPORT_DATE":"2020-06-30 00:00:00","REPORT_DATE":"2020-06-30 00:00:00","DATE_TYPE_CODE":"002","REPORT_TYPE":"2020年中报","PER_NETCASH_OPERATE":null,"PER_OI":null,"BPS":null,"BASIC_EPS":0.16,"DILUTED_EPS":0.16,"OPERATE_INCOME":601563000,"OPERATE_INCOME_YOY":null,"GROSS_PROFIT":435551000,"GROSS_PROFIT_YOY":null,"HOLDER_PROFIT":65459000,"HOLDER_PROFIT_YOY":null,"GROSS_PROFIT_RATIO":72.403222937581,"EPS_TTM":0.000052809211,"OPERATE_INCOME_QOQ":0,"NET_PROFIT_RATIO":10.8814870595,"ROE_AVG":null,"GROSS_PROFIT_QOQ":0,"ROA":null,"HOLDER_PROFIT_QOQ":0,"ROE_YEARLY":null,"ROIC_YEARLY":null,"TOTAL_ASSETS":null,"TOTAL_LIABILITIES":null,"TAX_EBT":30.021060283726,"OCF_SALES":28.906531817948,"TOTAL_PARENT_EQUITY":null,"DEBT_ASSET_RATIO":null,"OPERATE_PROFIT":null,"PRETAX_PROFIT":93541000,"NETCASH_OPERATE":173891000,"NETCASH_INVEST":-44802000,"NETCASH_FINANCE":-83877000,"END_CASH":135001000,"DIVI_RATIO":null,"DIVIDEND_RATE":null,"CURRENT_RATIO":null,"COMMON_ACS":20000000000,"CURRENTDEBT_DEBT":null,"ISSUED_COMMON_SHARES":525371416,"HK_COMMON_SHARES":525371416,"PER_SHARES":500,"TOTAL_MARKET_CAP":472834274.4,"HKSK_MARKET_CAP":472834274.4,"PE_TTM":-0.928153427369,"PB_TTM":0.537953609523,"REPORT_DATE_SQ":"2019-06-30 00:00:00","REPORT_TYPE_SQ":"2019年中报","OPERATE_INCOME_SQ":null,"DPS_HKD":null,"OPERATE_INCOME_QOQ_SQ":0,"NET_PROFIT_RATIO_SQ":null,"HOLDER_PROFIT_SQ":null,"HOLDER_PROFIT_QOQ_SQ":0,"ROE_AVG_SQ":null,"PE_TTM_SQ":-3.683103593579,"PB_TTM_SQ":0.96919685571,"ROA_SQ":null,"START_DATE":"2020-01-01 00:00:00","FISCAL_YEAR":"12-31","CURRENCY":"HKD","IS_CNY_CODE":0,"DPS_HKD_LY":null,"ORG_TYPE":"一般企业","PREMIUM_INCOME":null,"PREMIUM_INCOME_YOY":null,"NET_INTEREST_INCOME":null,"NET_INTEREST_INCOME_YOY":null,"FEE_COMMISSION_INCOME":null,"FEE_COMMISSION_INCOME_YOY":null,"ACCOUNTS_RECE_TDAYS":null,"INVENTORY_TDAYS":null,"CURRENT_ASSETS_TDAYS":6.742732566285,"TOTAL_ASSETS_TDAYS":1.291998715654,"PREMIUM_EXPENSE":null,"LOAN_DEPOSIT":null,"LOAN_EQUITY":null,"LOAN_ASSETS":null,"DEPOSIT_EQUITY":null,"DEPOSIT_ASSETS":null,"EQUITY_MULTIPLIER":null,"EQUITY_RATIO":null}],"count":11},"success":true,"message":"ok","code":0}