{"version":"d427e99b99e834734aa0c61bf0c0cafe","result":{"pages":2,"data":[{"SECUCODE":"02276.HK","SECURITY_CODE":"02276","SECURITY_NAME_ABBR":"康耐特光学","ORG_CODE":"10947494","STD_REPORT_DATE":"2024-06-30 00:00:00","REPORT_DATE":"2024-06-30 00:00:00","DATE_TYPE_CODE":"002","REPORT_TYPE":"2024年中报","PER_NETCASH_OPERATE":0.450691514299,"PER_OI":2.288785747773,"BPS":3.040429233734,"BASIC_EPS":0.5,"DILUTED_EPS":0.5,"OPERATE_INCOME":976396000,"OPERATE_INCOME_YOY":17.4744572619,"GROSS_PROFIT":382354000,"GROSS_PROFIT_YOY":23.479811011823,"HOLDER_PROFIT":208732000,"HOLDER_PROFIT_YOY":31.6289980829,"GROSS_PROFIT_RATIO":39.159726176674,"EPS_TTM":0.884149085795,"OPERATE_INCOME_QOQ":8.253956346778,"NET_PROFIT_RATIO":21.3778016297,"ROE_AVG":14.626930308142,"GROSS_PROFIT_QOQ":11.047142375261,"ROA":10.027926881822,"HOLDER_PROFIT_QOQ":15.337194439518,"ROE_YEARLY":29.253860616283,"ROIC_YEARLY":25.371342375224,"TOTAL_ASSETS":2178701000,"TOTAL_LIABILITIES":719523000,"TAX_EBT":15.045299514038,"OCF_SALES":19.69129328674,"TOTAL_PARENT_EQUITY":1459178000,"DEBT_ASSET_RATIO":33.0253210514,"OPERATE_PROFIT":252030000,"PRETAX_PROFIT":245698000,"NETCASH_OPERATE":192265000,"NETCASH_INVEST":97474000,"NETCASH_FINANCE":-78598000,"END_CASH":541662000,"DIVI_RATIO":0.361751389148,"DIVIDEND_RATE":1.380392156863,"CURRENT_RATIO":2.540811330424,"COMMON_ACS":null,"CURRENTDEBT_DEBT":85.156694087611,"ISSUED_COMMON_SHARES":479925000,"HK_COMMON_SHARES":479925000,"PER_SHARES":500,"TOTAL_MARKET_CAP":12238087500,"HKSK_MARKET_CAP":12238087500,"PE_TTM":29.307797741439,"PB_TTM":7.6546231505,"REPORT_DATE_SQ":"2023-06-30 00:00:00","REPORT_TYPE_SQ":"2023年中报","OPERATE_INCOME_SQ":831156000,"DPS_HKD":0.352,"OPERATE_INCOME_QOQ_SQ":5.414275256082,"NET_PROFIT_RATIO_SQ":19.0789695316,"HOLDER_PROFIT_SQ":158576000,"HOLDER_PROFIT_QOQ_SQ":16.282194668619,"ROE_AVG_SQ":13.318976450569,"PE_TTM_SQ":10.276960673477,"PB_TTM_SQ":2.393788670481,"ROA_SQ":8.610350110401,"START_DATE":"2024-01-01 00:00:00","FISCAL_YEAR":"12-31","CURRENCY":"HKD","IS_CNY_CODE":0,"DPS_HKD_LY":0.352,"ORG_TYPE":"一般企业","PREMIUM_INCOME":null,"PREMIUM_INCOME_YOY":null,"NET_INTEREST_INCOME":null,"NET_INTEREST_INCOME_YOY":null,"FEE_COMMISSION_INCOME":null,"FEE_COMMISSION_INCOME_YOY":null,"ACCOUNTS_RECE_TDAYS":3.023468828478,"INVENTORY_TDAYS":1.187544854636,"CURRENT_ASSETS_TDAYS":0.657175144893,"TOTAL_ASSETS_TDAYS":0.469081295427,"PREMIUM_EXPENSE":null,"LOAN_DEPOSIT":null,"LOAN_EQUITY":null,"LOAN_ASSETS":null,"DEPOSIT_EQUITY":null,"DEPOSIT_ASSETS":null,"EQUITY_MULTIPLIER":1.493101595556,"EQUITY_RATIO":0.493101595556},{"SECUCODE":"02276.HK","SECURITY_CODE":"02276","SECURITY_NAME_ABBR":"康耐特光学","ORG_CODE":"10947494","STD_REPORT_DATE":"2023-12-31 00:00:00","REPORT_DATE":"2023-12-31 00:00:00","DATE_TYPE_CODE":"001","REPORT_TYPE":"2023年年报","PER_NETCASH_OPERATE":1.126767463666,"PER_OI":4.124803094233,"BPS":2.906495806636,"BASIC_EPS":0.77,"DILUTED_EPS":null,"OPERATE_INCOME":1759641000,"OPERATE_INCOME_YOY":12.7023532057,"GROSS_PROFIT":658134000,"GROSS_PROFIT_YOY":22.359306152044,"HOLDER_PROFIT":327022000,"HOLDER_PROFIT_YOY":31.5634479374,"GROSS_PROFIT_RATIO":37.401606350386,"EPS_TTM":0.766577590248,"OPERATE_INCOME_QOQ":6.913748571408,"NET_PROFIT_RATIO":18.5845862878,"ROE_AVG":25.744554054809,"GROSS_PROFIT_QOQ":10.103724027169,"ROA":17.335105600532,"HOLDER_PROFIT_QOQ":13.141524643818,"ROE_YEARLY":25.744554054809,"ROIC_YEARLY":21.051974278407,"TOTAL_ASSETS":1984313000,"TOTAL_LIABILITIES":589413000,"TAX_EBT":16.790412457698,"OCF_SALES":27.316878840627,"TOTAL_PARENT_EQUITY":1394900000,"DEBT_ASSET_RATIO":29.7036304252,"OPERATE_PROFIT":406835000,"PRETAX_PROFIT":393010000,"NETCASH_OPERATE":480679000,"NETCASH_INVEST":-273241000,"NETCASH_FINANCE":-212352000,"END_CASH":330521000,"DIVI_RATIO":0.417233903089,"DIVIDEND_RATE":1.308550185874,"CURRENT_RATIO":3.276997273576,"COMMON_ACS":null,"CURRENTDEBT_DEBT":73.242531128428,"ISSUED_COMMON_SHARES":479925000,"HK_COMMON_SHARES":479925000,"PER_SHARES":500,"TOTAL_MARKET_CAP":12909982500,"HKSK_MARKET_CAP":12909982500,"PE_TTM":30.916853303714,"PB_TTM":8.074876970527,"REPORT_DATE_SQ":"2022-12-31 00:00:00","REPORT_TYPE_SQ":"2022年年报","OPERATE_INCOME_SQ":1561317000,"DPS_HKD":0.352,"OPERATE_INCOME_QOQ_SQ":7.325893765501,"NET_PROFIT_RATIO_SQ":15.9202775605,"HOLDER_PROFIT_SQ":248566000,"HOLDER_PROFIT_QOQ_SQ":14.016393818604,"ROE_AVG_SQ":23.866017094477,"PE_TTM_SQ":10.194963646827,"PB_TTM_SQ":2.374689292791,"ROA_SQ":13.809295104613,"START_DATE":"2023-01-01 00:00:00","FISCAL_YEAR":"12-31","CURRENCY":"HKD","IS_CNY_CODE":0,"DPS_HKD_LY":0.165,"ORG_TYPE":"一般企业","PREMIUM_INCOME":null,"PREMIUM_INCOME_YOY":null,"NET_INTEREST_INCOME":null,"NET_INTEREST_INCOME_YOY":null,"FEE_COMMISSION_INCOME":null,"FEE_COMMISSION_INCOME_YOY":null,"ACCOUNTS_RECE_TDAYS":6.481158448772,"INVENTORY_TDAYS":2.160342906903,"CURRENT_ASSETS_TDAYS":1.314081350016,"TOTAL_ASSETS_TDAYS":0.932767904117,"PREMIUM_EXPENSE":null,"LOAN_DEPOSIT":null,"LOAN_EQUITY":null,"LOAN_ASSETS":null,"DEPOSIT_EQUITY":null,"DEPOSIT_ASSETS":null,"EQUITY_MULTIPLIER":1.422548569789,"EQUITY_RATIO":0.42254856979},{"SECUCODE":"02276.HK","SECURITY_CODE":"02276","SECURITY_NAME_ABBR":"康耐特光学","ORG_CODE":"10947494","STD_REPORT_DATE":"2023-06-30 00:00:00","REPORT_DATE":"2023-06-30 00:00:00","DATE_TYPE_CODE":"002","REPORT_TYPE":"2023年中报","PER_NETCASH_OPERATE":0.28780121894,"PER_OI":1.948326300985,"BPS":2.574548106475,"BASIC_EPS":0.37,"DILUTED_EPS":0.37,"OPERATE_INCOME":831156000,"OPERATE_INCOME_YOY":11.322195167,"GROSS_PROFIT":309649000,"GROSS_PROFIT_YOY":23.969188762866,"HOLDER_PROFIT":158576000,"HOLDER_PROFIT_YOY":34.2681026892,"GROSS_PROFIT_RATIO":37.255220439966,"EPS_TTM":0.677538677918,"OPERATE_INCOME_QOQ":5.414275256082,"NET_PROFIT_RATIO":19.0789695316,"ROE_AVG":13.318976450569,"GROSS_PROFIT_QOQ":11.130942421031,"ROA":8.610350110401,"HOLDER_PROFIT_QOQ":16.282194668619,"ROE_YEARLY":26.637952901137,"ROIC_YEARLY":22.047824324822,"TOTAL_ASSETS":1894749000,"TOTAL_LIABILITIES":659159000,"TAX_EBT":15.720101618887,"OCF_SALES":14.771715538359,"TOTAL_PARENT_EQUITY":1235590000,"DEBT_ASSET_RATIO":34.7887239946,"OPERATE_PROFIT":195623000,"PRETAX_PROFIT":188154000,"NETCASH_OPERATE":122776000,"NETCASH_INVEST":64989000,"NETCASH_FINANCE":-52566000,"END_CASH":470817000,"DIVI_RATIO":0.472064799286,"DIVIDEND_RATE":1.308550185874,"CURRENT_RATIO":2.808651081858,"COMMON_ACS":null,"CURRENTDEBT_DEBT":72.190169594893,"ISSUED_COMMON_SHARES":479925000,"HK_COMMON_SHARES":479925000,"PER_SHARES":500,"TOTAL_MARKET_CAP":12909982500,"HKSK_MARKET_CAP":12909982500,"PE_TTM":30.916853303714,"PB_TTM":8.074876970527,"REPORT_DATE_SQ":"2022-06-30 00:00:00","REPORT_TYPE_SQ":"2022年中报","OPERATE_INCOME_SQ":746622000,"DPS_HKD":0.352,"OPERATE_INCOME_QOQ_SQ":7.275518737068,"NET_PROFIT_RATIO_SQ":15.8184462821,"HOLDER_PROFIT_SQ":118104000,"HOLDER_PROFIT_QOQ_SQ":18.79175248744,"ROE_AVG_SQ":12.13598418368,"PE_TTM_SQ":10.194963646827,"PB_TTM_SQ":2.374689292791,"ROA_SQ":6.619591252683,"START_DATE":"2023-01-01 00:00:00","FISCAL_YEAR":"12-31","CURRENCY":"HKD","IS_CNY_CODE":0,"DPS_HKD_LY":0.165,"ORG_TYPE":"一般企业","PREMIUM_INCOME":null,"PREMIUM_INCOME_YOY":null,"NET_INTEREST_INCOME":null,"NET_INTEREST_INCOME_YOY":null,"FEE_COMMISSION_INCOME":null,"FEE_COMMISSION_INCOME_YOY":null,"ACCOUNTS_RECE_TDAYS":3.084370077206,"INVENTORY_TDAYS":1.011244735393,"CURRENT_ASSETS_TDAYS":0.639365769735,"TOTAL_ASSETS_TDAYS":0.451300584979,"PREMIUM_EXPENSE":null,"LOAN_DEPOSIT":null,"LOAN_EQUITY":null,"LOAN_ASSETS":null,"DEPOSIT_EQUITY":null,"DEPOSIT_ASSETS":null,"EQUITY_MULTIPLIER":1.533477124289,"EQUITY_RATIO":0.533477124289},{"SECUCODE":"02276.HK","SECURITY_CODE":"02276","SECURITY_NAME_ABBR":"康耐特光学","ORG_CODE":"10947494","STD_REPORT_DATE":"2022-12-31 00:00:00","REPORT_DATE":"2022-12-31 00:00:00","DATE_TYPE_CODE":"001","REPORT_TYPE":"2022年年报","PER_NETCASH_OPERATE":0.433933427098,"PER_OI":3.659908579466,"BPS":2.387068812835,"BASIC_EPS":0.58,"DILUTED_EPS":null,"OPERATE_INCOME":1561317000,"OPERATE_INCOME_YOY":15.1344092761,"GROSS_PROFIT":537870000,"GROSS_PROFIT_YOY":16.88785832723,"HOLDER_PROFIT":248566000,"HOLDER_PROFIT_YOY":35.4420723401,"GROSS_PROFIT_RATIO":34.449762604263,"EPS_TTM":0.582667604313,"OPERATE_INCOME_QOQ":7.325893765501,"NET_PROFIT_RATIO":15.9202775605,"ROE_AVG":23.866017094477,"GROSS_PROFIT_QOQ":9.793811276386,"ROA":13.809295104613,"HOLDER_PROFIT_QOQ":14.016393818604,"ROE_YEARLY":23.866017094477,"ROIC_YEARLY":18.58766054708,"TOTAL_ASSETS":1788632000,"TOTAL_LIABILITIES":643018000,"TAX_EBT":11.711698912051,"OCF_SALES":11.856400718112,"TOTAL_PARENT_EQUITY":1145614000,"DEBT_ASSET_RATIO":35.9502681379,"OPERATE_PROFIT":307073000,"PRETAX_PROFIT":281539000,"NETCASH_OPERATE":185116000,"NETCASH_INVEST":-158758000,"NETCASH_FINANCE":-281002000,"END_CASH":335618000,"DIVI_RATIO":0.548927308868,"DIVIDEND_RATE":1.308550185874,"CURRENT_RATIO":2.996608368554,"COMMON_ACS":null,"CURRENTDEBT_DEBT":65.569859630679,"ISSUED_COMMON_SHARES":479925000,"HK_COMMON_SHARES":479925000,"PER_SHARES":500,"TOTAL_MARKET_CAP":12909982500,"HKSK_MARKET_CAP":12909982500,"PE_TTM":30.916853303714,"PB_TTM":8.074876970527,"REPORT_DATE_SQ":"2021-12-31 00:00:00","REPORT_TYPE_SQ":"2021年年报","OPERATE_INCOME_SQ":1356082000,"DPS_HKD":0.352,"OPERATE_INCOME_QOQ_SQ":24.05110303669,"NET_PROFIT_RATIO_SQ":13.5332524139,"HOLDER_PROFIT_SQ":183522000,"HOLDER_PROFIT_QOQ_SQ":42.860923852968,"ROE_AVG_SQ":25.455014522183,"PE_TTM_SQ":10.194963646827,"PB_TTM_SQ":2.374689292791,"ROA_SQ":11.274411781239,"START_DATE":"2022-01-01 00:00:00","FISCAL_YEAR":"12-31","CURRENCY":"HKD","IS_CNY_CODE":0,"DPS_HKD_LY":0.0998,"ORG_TYPE":"一般企业","PREMIUM_INCOME":null,"PREMIUM_INCOME_YOY":null,"NET_INTEREST_INCOME":null,"NET_INTEREST_INCOME_YOY":null,"FEE_COMMISSION_INCOME":null,"FEE_COMMISSION_INCOME_YOY":null,"ACCOUNTS_RECE_TDAYS":6.73072852564,"INVENTORY_TDAYS":2.172559167358,"CURRENT_ASSETS_TDAYS":1.173228322789,"TOTAL_ASSETS_TDAYS":0.867402911293,"PREMIUM_EXPENSE":null,"LOAN_DEPOSIT":null,"LOAN_EQUITY":null,"LOAN_ASSETS":null,"DEPOSIT_EQUITY":null,"DEPOSIT_ASSETS":null,"EQUITY_MULTIPLIER":1.561286785951,"EQUITY_RATIO":0.561286785951},{"SECUCODE":"02276.HK","SECURITY_CODE":"02276","SECURITY_NAME_ABBR":"康耐特光学","ORG_CODE":"10947494","STD_REPORT_DATE":"2022-06-30 00:00:00","REPORT_DATE":"2022-06-30 00:00:00","DATE_TYPE_CODE":"002","REPORT_TYPE":"2022年中报","PER_NETCASH_OPERATE":0.075065635256,"PER_OI":1.750168776371,"BPS":2.102299317602,"BASIC_EPS":0.28,"DILUTED_EPS":0.28,"OPERATE_INCOME":746622000,"OPERATE_INCOME_YOY":15.2265571949,"GROSS_PROFIT":249779000,"GROSS_PROFIT_YOY":13.511658872877,"HOLDER_PROFIT":118104000,"HOLDER_PROFIT_YOY":41.2440054056,"GROSS_PROFIT_RATIO":33.454545941588,"EPS_TTM":0.511038443507,"OPERATE_INCOME_QOQ":7.275518737068,"NET_PROFIT_RATIO":15.8184462821,"ROE_AVG":12.13598418368,"GROSS_PROFIT_QOQ":6.461244917518,"ROA":6.619591252683,"HOLDER_PROFIT_QOQ":18.79175248744,"ROE_YEARLY":24.27196836736,"ROIC_YEARLY":18.462786668631,"TOTAL_ASSETS":1756968000,"TOTAL_LIABILITIES":748022000,"TAX_EBT":9.705731695196,"OCF_SALES":4.289051220028,"TOTAL_PARENT_EQUITY":1008946000,"DEBT_ASSET_RATIO":42.5745944149,"OPERATE_PROFIT":145375000,"PRETAX_PROFIT":130799000,"NETCASH_OPERATE":32023000,"NETCASH_INVEST":-51355000,"NETCASH_FINANCE":-150770000,"END_CASH":419734000,"DIVI_RATIO":0.625867122256,"DIVIDEND_RATE":1.308550185874,"CURRENT_RATIO":2.982379589672,"COMMON_ACS":null,"CURRENTDEBT_DEBT":58.488119333389,"ISSUED_COMMON_SHARES":479925000,"HK_COMMON_SHARES":479925000,"PER_SHARES":500,"TOTAL_MARKET_CAP":12909982500,"HKSK_MARKET_CAP":12909982500,"PE_TTM":30.916853303714,"PB_TTM":8.074876970527,"REPORT_DATE_SQ":"2021-06-30 00:00:00","REPORT_TYPE_SQ":"2021年中报","OPERATE_INCOME_SQ":647960000,"DPS_HKD":0.352,"OPERATE_INCOME_QOQ_SQ":0,"NET_PROFIT_RATIO_SQ":12.9046546083,"HOLDER_PROFIT_SQ":83617000,"HOLDER_PROFIT_QOQ_SQ":0,"ROE_AVG_SQ":null,"PE_TTM_SQ":10.194963646827,"PB_TTM_SQ":2.374689292791,"ROA_SQ":null,"START_DATE":"2022-01-01 00:00:00","FISCAL_YEAR":"12-31","CURRENCY":"HKD","IS_CNY_CODE":0,"DPS_HKD_LY":0.0998,"ORG_TYPE":"一般企业","PREMIUM_INCOME":null,"PREMIUM_INCOME_YOY":null,"NET_INTEREST_INCOME":null,"NET_INTEREST_INCOME_YOY":null,"FEE_COMMISSION_INCOME":null,"FEE_COMMISSION_INCOME_YOY":null,"ACCOUNTS_RECE_TDAYS":3.150011391348,"INVENTORY_TDAYS":1.224389059818,"CURRENT_ASSETS_TDAYS":0.552454023025,"TOTAL_ASSETS_TDAYS":0.418472910338,"PREMIUM_EXPENSE":null,"LOAN_DEPOSIT":null,"LOAN_EQUITY":null,"LOAN_ASSETS":null,"DEPOSIT_EQUITY":null,"DEPOSIT_ASSETS":null,"EQUITY_MULTIPLIER":1.74138952927,"EQUITY_RATIO":0.741389529271},{"SECUCODE":"02276.HK","SECURITY_CODE":"02276","SECURITY_NAME_ABBR":"康耐特光学","ORG_CODE":"10947494","STD_REPORT_DATE":"2021-12-31 00:00:00","REPORT_DATE":"2021-12-31 00:00:00","DATE_TYPE_CODE":"001","REPORT_TYPE":"2021年年报","PER_NETCASH_OPERATE":0.13660806376,"PER_OI":3.178813877168,"BPS":1.953217690264,"BASIC_EPS":0.59,"DILUTED_EPS":0.59,"OPERATE_INCOME":1356082000,"OPERATE_INCOME_YOY":24.0511030367,"GROSS_PROFIT":460159000,"GROSS_PROFIT_YOY":20.444390932101,"HOLDER_PROFIT":183522000,"HOLDER_PROFIT_YOY":42.860923853,"GROSS_PROFIT_RATIO":33.93297750431,"EPS_TTM":0.430196905767,"OPERATE_INCOME_QOQ":24.05110303669,"NET_PROFIT_RATIO":13.5332524139,"ROE_AVG":25.455014522183,"GROSS_PROFIT_QOQ":20.444390932101,"ROA":11.274411781239,"HOLDER_PROFIT_QOQ":42.860923852968,"ROE_YEARLY":25.455014522183,"ROIC_YEARLY":14.897094521895,"TOTAL_ASSETS":1811349000,"TOTAL_LIABILITIES":873951000,"TAX_EBT":14.681406960419,"OCF_SALES":4.297453988771,"TOTAL_PARENT_EQUITY":937398000,"DEBT_ASSET_RATIO":48.248625748,"OPERATE_PROFIT":250945000,"PRETAX_PROFIT":215102000,"NETCASH_OPERATE":58277000,"NETCASH_INVEST":140442000,"NETCASH_FINANCE":189267000,"END_CASH":589836000,"DIVI_RATIO":0.743478522771,"DIVIDEND_RATE":1.308550185874,"CURRENT_RATIO":2.657670432945,"COMMON_ACS":null,"CURRENTDEBT_DEBT":60.194679106723,"ISSUED_COMMON_SHARES":479925000,"HK_COMMON_SHARES":479925000,"PER_SHARES":500,"TOTAL_MARKET_CAP":12909982500,"HKSK_MARKET_CAP":12909982500,"PE_TTM":30.916853303714,"PB_TTM":8.074876970527,"REPORT_DATE_SQ":"2020-12-31 00:00:00","REPORT_TYPE_SQ":"2020年年报","OPERATE_INCOME_SQ":1093164000,"DPS_HKD":0.352,"OPERATE_INCOME_QOQ_SQ":3.241075661617,"NET_PROFIT_RATIO_SQ":11.7513932036,"HOLDER_PROFIT_SQ":128462000,"HOLDER_PROFIT_QOQ_SQ":14.799689010822,"ROE_AVG_SQ":29.10554958923,"PE_TTM_SQ":10.194963646827,"PB_TTM_SQ":2.374689292791,"ROA_SQ":9.114484113047,"START_DATE":"2021-01-01 00:00:00","FISCAL_YEAR":"12-31","CURRENCY":"HKD","IS_CNY_CODE":0,"DPS_HKD_LY":null,"ORG_TYPE":"一般企业","PREMIUM_INCOME":null,"PREMIUM_INCOME_YOY":null,"NET_INTEREST_INCOME":null,"NET_INTEREST_INCOME_YOY":null,"FEE_COMMISSION_INCOME":null,"FEE_COMMISSION_INCOME_YOY":null,"ACCOUNTS_RECE_TDAYS":6.113268958553,"INVENTORY_TDAYS":2.239035032914,"CURRENT_ASSETS_TDAYS":1.119133466752,"TOTAL_ASSETS_TDAYS":0.833089595641,"PREMIUM_EXPENSE":null,"LOAN_DEPOSIT":null,"LOAN_EQUITY":null,"LOAN_ASSETS":null,"DEPOSIT_EQUITY":null,"DEPOSIT_ASSETS":null,"EQUITY_MULTIPLIER":1.932315835963,"EQUITY_RATIO":0.932315835963},{"SECUCODE":"02276.HK","SECURITY_CODE":"02276","SECURITY_NAME_ABBR":"康耐特光学","ORG_CODE":"10947494","STD_REPORT_DATE":"2021-06-30 00:00:00","REPORT_DATE":"2021-06-30 00:00:00","DATE_TYPE_CODE":"002","REPORT_TYPE":"2021年中报","PER_NETCASH_OPERATE":null,"PER_OI":null,"BPS":null,"BASIC_EPS":0.27,"DILUTED_EPS":0.27,"OPERATE_INCOME":647960000,"OPERATE_INCOME_YOY":null,"GROSS_PROFIT":220047000,"GROSS_PROFIT_YOY":null,"HOLDER_PROFIT":83617000,"HOLDER_PROFIT_YOY":null,"GROSS_PROFIT_RATIO":33.959966664609,"EPS_TTM":0.421186885246,"OPERATE_INCOME_QOQ":0,"NET_PROFIT_RATIO":12.9046546083,"ROE_AVG":null,"GROSS_PROFIT_QOQ":0,"ROA":null,"HOLDER_PROFIT_QOQ":0,"ROE_YEARLY":null,"ROIC_YEARLY":null,"TOTAL_ASSETS":null,"TOTAL_LIABILITIES":null,"TAX_EBT":18.42880555664,"OCF_SALES":15.520556824495,"TOTAL_PARENT_EQUITY":null,"DEBT_ASSET_RATIO":null,"OPERATE_PROFIT":120798000,"PRETAX_PROFIT":102508000,"NETCASH_OPERATE":100567000,"NETCASH_INVEST":-36609000,"NETCASH_FINANCE":-80430000,"END_CASH":185378000,"DIVI_RATIO":0.759382998863,"DIVIDEND_RATE":1.308550185874,"CURRENT_RATIO":null,"COMMON_ACS":null,"CURRENTDEBT_DEBT":null,"ISSUED_COMMON_SHARES":479925000,"HK_COMMON_SHARES":479925000,"PER_SHARES":500,"TOTAL_MARKET_CAP":12909982500,"HKSK_MARKET_CAP":12909982500,"PE_TTM":30.916853303714,"PB_TTM":8.074876970527,"REPORT_DATE_SQ":"2020-06-30 00:00:00","REPORT_TYPE_SQ":"2020年中报","OPERATE_INCOME_SQ":null,"DPS_HKD":0.352,"OPERATE_INCOME_QOQ_SQ":0,"NET_PROFIT_RATIO_SQ":null,"HOLDER_PROFIT_SQ":null,"HOLDER_PROFIT_QOQ_SQ":0,"ROE_AVG_SQ":null,"PE_TTM_SQ":10.194963646827,"PB_TTM_SQ":2.374689292791,"ROA_SQ":null,"START_DATE":"2021-01-01 00:00:00","FISCAL_YEAR":"12-31","CURRENCY":"HKD","IS_CNY_CODE":0,"DPS_HKD_LY":null,"ORG_TYPE":"一般企业","PREMIUM_INCOME":null,"PREMIUM_INCOME_YOY":null,"NET_INTEREST_INCOME":null,"NET_INTEREST_INCOME_YOY":null,"FEE_COMMISSION_INCOME":null,"FEE_COMMISSION_INCOME_YOY":null,"ACCOUNTS_RECE_TDAYS":null,"INVENTORY_TDAYS":null,"CURRENT_ASSETS_TDAYS":1.263912675408,"TOTAL_ASSETS_TDAYS":0.897327239994,"PREMIUM_EXPENSE":null,"LOAN_DEPOSIT":null,"LOAN_EQUITY":null,"LOAN_ASSETS":null,"DEPOSIT_EQUITY":null,"DEPOSIT_ASSETS":null,"EQUITY_MULTIPLIER":null,"EQUITY_RATIO":null},{"SECUCODE":"02276.HK","SECURITY_CODE":"02276","SECURITY_NAME_ABBR":"康耐特光学","ORG_CODE":"10947494","STD_REPORT_DATE":"2020-12-31 00:00:00","REPORT_DATE":"2020-12-31 00:00:00","DATE_TYPE_CODE":"001","REPORT_TYPE":"2020年年报","PER_NETCASH_OPERATE":0.797016393443,"PER_OI":3.584144262295,"BPS":1.051276761994,"BASIC_EPS":0.42,"DILUTED_EPS":0.42,"OPERATE_INCOME":1093164000,"OPERATE_INCOME_YOY":3.2410756616,"GROSS_PROFIT":382051000,"GROSS_PROFIT_YOY":9.19549099972,"HOLDER_PROFIT":128462000,"HOLDER_PROFIT_YOY":14.7996890108,"GROSS_PROFIT_RATIO":34.949101873095,"EPS_TTM":0.421186885246,"OPERATE_INCOME_QOQ":3.241075661617,"NET_PROFIT_RATIO":11.7513932036,"ROE_AVG":29.10554958923,"GROSS_PROFIT_QOQ":9.19549099972,"ROA":9.114484113047,"HOLDER_PROFIT_QOQ":14.799689010822,"ROE_YEARLY":29.10554958923,"ROIC_YEARLY":10.056182545914,"TOTAL_ASSETS":1444200000,"TOTAL_LIABILITIES":939666000,"TAX_EBT":17.261678571199,"OCF_SALES":22.237285530808,"TOTAL_PARENT_EQUITY":504534000,"DEBT_ASSET_RATIO":65.064810968,"OPERATE_PROFIT":179486000,"PRETAX_PROFIT":155263000,"NETCASH_OPERATE":243090000,"NETCASH_INVEST":4696000,"NETCASH_FINANCE":-108054000,"END_CASH":201850000,"DIVI_RATIO":0.759382998863,"DIVIDEND_RATE":1.308550185874,"CURRENT_RATIO":1.964677636004,"COMMON_ACS":null,"CURRENTDEBT_DEBT":55.538776544006,"ISSUED_COMMON_SHARES":479925000,"HK_COMMON_SHARES":479925000,"PER_SHARES":500,"TOTAL_MARKET_CAP":12909982500,"HKSK_MARKET_CAP":12909982500,"PE_TTM":30.916853303714,"PB_TTM":8.074876970527,"REPORT_DATE_SQ":"2019-12-31 00:00:00","REPORT_TYPE_SQ":"2019年年报","OPERATE_INCOME_SQ":1058846000,"DPS_HKD":0.352,"OPERATE_INCOME_QOQ_SQ":24.021504872564,"NET_PROFIT_RATIO_SQ":10.568203497,"HOLDER_PROFIT_SQ":111901000,"HOLDER_PROFIT_QOQ_SQ":42.61808263873,"ROE_AVG_SQ":45.54783090061,"PE_TTM_SQ":10.194963646827,"PB_TTM_SQ":2.374689292791,"ROA_SQ":9.107534688084,"START_DATE":"2020-01-01 00:00:00","FISCAL_YEAR":"12-31","CURRENCY":"HKD","IS_CNY_CODE":0,"DPS_HKD_LY":null,"ORG_TYPE":"一般企业","PREMIUM_INCOME":null,"PREMIUM_INCOME_YOY":null,"NET_INTEREST_INCOME":null,"NET_INTEREST_INCOME_YOY":null,"FEE_COMMISSION_INCOME":null,"FEE_COMMISSION_INCOME_YOY":null,"ACCOUNTS_RECE_TDAYS":4.967606341041,"INVENTORY_TDAYS":1.964270324619,"CURRENT_ASSETS_TDAYS":1.101356994683,"TOTAL_ASSETS_TDAYS":0.77560881124,"PREMIUM_EXPENSE":null,"LOAN_DEPOSIT":null,"LOAN_EQUITY":null,"LOAN_ASSETS":null,"DEPOSIT_EQUITY":null,"DEPOSIT_ASSETS":null,"EQUITY_MULTIPLIER":2.862443363578,"EQUITY_RATIO":1.862443363579},{"SECUCODE":"02276.HK","SECURITY_CODE":"02276","SECURITY_NAME_ABBR":"康耐特光学","ORG_CODE":"10947494","STD_REPORT_DATE":"2019-12-31 00:00:00","REPORT_DATE":"2019-12-31 00:00:00","DATE_TYPE_CODE":"001","REPORT_TYPE":"2019年年报","PER_NETCASH_OPERATE":0.298429508197,"PER_OI":3.471626229508,"BPS":0.788035630567,"BASIC_EPS":null,"DILUTED_EPS":null,"OPERATE_INCOME":1058846000,"OPERATE_INCOME_YOY":24.0215048726,"GROSS_PROFIT":349878000,"GROSS_PROFIT_YOY":33.877960212902,"HOLDER_PROFIT":111901000,"HOLDER_PROFIT_YOY":42.6180826387,"GROSS_PROFIT_RATIO":33.043332080397,"EPS_TTM":0.36688852459,"OPERATE_INCOME_QOQ":24.021504872564,"NET_PROFIT_RATIO":10.568203497,"ROE_AVG":45.54783090061,"GROSS_PROFIT_QOQ":33.877960212902,"ROA":9.107534688084,"HOLDER_PROFIT_QOQ":42.61808263873,"ROE_YEARLY":45.54783090061,"ROIC_YEARLY":9.789993823348,"TOTAL_ASSETS":1374654000,"TOTAL_LIABILITIES":996456000,"TAX_EBT":19.678285336932,"OCF_SALES":8.596245346349,"TOTAL_PARENT_EQUITY":378198000,"DEBT_ASSET_RATIO":72.487767831,"OPERATE_PROFIT":null,"PRETAX_PROFIT":139316000,"NETCASH_OPERATE":91021000,"NETCASH_INVEST":-284117000,"NETCASH_FINANCE":146032000,"END_CASH":62118000,"DIVI_RATIO":0.871769321096,"DIVIDEND_RATE":1.308550185874,"CURRENT_RATIO":1.809055474298,"COMMON_ACS":null,"CURRENTDEBT_DEBT":53.243896368731,"ISSUED_COMMON_SHARES":479925000,"HK_COMMON_SHARES":479925000,"PER_SHARES":500,"TOTAL_MARKET_CAP":12909982500,"HKSK_MARKET_CAP":12909982500,"PE_TTM":30.916853303714,"PB_TTM":8.074876970527,"REPORT_DATE_SQ":"2018-12-31 00:00:00","REPORT_TYPE_SQ":"2018年年报","OPERATE_INCOME_SQ":853760000,"DPS_HKD":0.352,"OPERATE_INCOME_QOQ_SQ":null,"NET_PROFIT_RATIO_SQ":9.1901705397,"HOLDER_PROFIT_SQ":78462000,"HOLDER_PROFIT_QOQ_SQ":null,"ROE_AVG_SQ":69.338447127026,"PE_TTM_SQ":10.194963646827,"PB_TTM_SQ":2.374689292791,"ROA_SQ":7.247056824123,"START_DATE":"2019-01-01 00:00:00","FISCAL_YEAR":"12-31","CURRENCY":"HKD","IS_CNY_CODE":0,"DPS_HKD_LY":null,"ORG_TYPE":"一般企业","PREMIUM_INCOME":null,"PREMIUM_INCOME_YOY":null,"NET_INTEREST_INCOME":null,"NET_INTEREST_INCOME_YOY":null,"FEE_COMMISSION_INCOME":null,"FEE_COMMISSION_INCOME_YOY":null,"ACCOUNTS_RECE_TDAYS":5.899241455581,"INVENTORY_TDAYS":2.290910265939,"CURRENT_ASSETS_TDAYS":1.310127059976,"TOTAL_ASSETS_TDAYS":0.861786460741,"PREMIUM_EXPENSE":null,"LOAN_DEPOSIT":null,"LOAN_EQUITY":null,"LOAN_ASSETS":null,"DEPOSIT_EQUITY":null,"DEPOSIT_ASSETS":null,"EQUITY_MULTIPLIER":3.634746878615,"EQUITY_RATIO":2.634746878619}],"count":10},"success":true,"message":"ok","code":0}