{"version":"e0f31576ecd2483584fe612403950681","result":{"pages":2,"data":[{"SECUCODE":"02270.HK","SECURITY_CODE":"02270","SECURITY_NAME_ABBR":"德商产投服务","ORG_CODE":"10000211468","STD_REPORT_DATE":"2024-06-30 00:00:00","REPORT_DATE":"2024-06-30 00:00:00","DATE_TYPE_CODE":"002","REPORT_TYPE":"2024年中报","PER_NETCASH_OPERATE":-0.016609185321,"PER_OI":0.327471160444,"BPS":0.423545511296,"BASIC_EPS":0.0369,"DILUTED_EPS":0.0366,"OPERATE_INCOME":203117000,"OPERATE_INCOME_YOY":36.5492436975,"GROSS_PROFIT":62433000,"GROSS_PROFIT_YOY":38.168901872261,"HOLDER_PROFIT":21410000,"HOLDER_PROFIT_YOY":19.8768197088,"GROSS_PROFIT_RATIO":30.737456736758,"EPS_TTM":0.068930859873,"OPERATE_INCOME_QOQ":15.993257574198,"NET_PROFIT_RATIO":11.6085802764,"ROE_AVG":7.537219642537,"GROSS_PROFIT_QOQ":18.905172697278,"ROA":2.593245087097,"HOLDER_PROFIT_QOQ":9.054967478638,"ROE_YEARLY":15.074439285073,"ROIC_YEARLY":6.626118699133,"TOTAL_ASSETS":805928000,"TOTAL_LIABILITIES":533855000,"TAX_EBT":14.195778748181,"OCF_SALES":-5.071953603096,"TOTAL_PARENT_EQUITY":262708000,"DEBT_ASSET_RATIO":66.2410289753,"OPERATE_PROFIT":36181000,"PRETAX_PROFIT":27480000,"NETCASH_OPERATE":-10302000,"NETCASH_INVEST":-5623000,"NETCASH_FINANCE":-62056000,"END_CASH":132105000,"DIVI_RATIO":null,"DIVIDEND_RATE":null,"CURRENT_RATIO":1.639691117235,"COMMON_ACS":2000000000,"CURRENTDEBT_DEBT":47.107735246462,"ISSUED_COMMON_SHARES":620259200,"HK_COMMON_SHARES":620259200,"PER_SHARES":2000,"TOTAL_MARKET_CAP":793931776,"HKSK_MARKET_CAP":793931776,"PE_TTM":16.767601746912,"PB_TTM":2.758216930279,"REPORT_DATE_SQ":"2023-06-30 00:00:00","REPORT_TYPE_SQ":"2023年中报","OPERATE_INCOME_SQ":148750000,"DPS_HKD":null,"OPERATE_INCOME_QOQ_SQ":8.50899839114,"NET_PROFIT_RATIO_SQ":12.2480672269,"HOLDER_PROFIT_SQ":17860000,"HOLDER_PROFIT_QOQ_SQ":-23.621859745208,"ROE_AVG_SQ":6.124818030147,"PE_TTM_SQ":27.523464691065,"PB_TTM_SQ":2.37734181611,"ROA_SQ":2.920593701427,"START_DATE":"2024-01-01 00:00:00","FISCAL_YEAR":"12-31","CURRENCY":"HKD","IS_CNY_CODE":0,"DPS_HKD_LY":null,"ORG_TYPE":"一般企业","PREMIUM_INCOME":null,"PREMIUM_INCOME_YOY":null,"NET_INTEREST_INCOME":null,"NET_INTEREST_INCOME_YOY":null,"FEE_COMMISSION_INCOME":null,"FEE_COMMISSION_INCOME_YOY":null,"ACCOUNTS_RECE_TDAYS":1.241702047017,"INVENTORY_TDAYS":3.361223270816,"CURRENT_ASSETS_TDAYS":0.475447787047,"TOTAL_ASSETS_TDAYS":0.246021561119,"PREMIUM_EXPENSE":null,"LOAN_DEPOSIT":null,"LOAN_EQUITY":null,"LOAN_ASSETS":null,"DEPOSIT_EQUITY":null,"DEPOSIT_ASSETS":null,"EQUITY_MULTIPLIER":2.962175592581,"EQUITY_RATIO":2.032123117682},{"SECUCODE":"02270.HK","SECURITY_CODE":"02270","SECURITY_NAME_ABBR":"德商产投服务","ORG_CODE":"10000211468","STD_REPORT_DATE":"2023-12-31 00:00:00","REPORT_DATE":"2023-12-31 00:00:00","DATE_TYPE_CODE":"001","REPORT_TYPE":"2023年年报","PER_NETCASH_OPERATE":0.070020726819,"PER_OI":0.548056360954,"BPS":0.492384474104,"BASIC_EPS":0.0634,"DILUTED_EPS":0.0631,"OPERATE_INCOME":339937000,"OPERATE_INCOME_YOY":27.1886107681,"GROSS_PROFIT":91229000,"GROSS_PROFIT_YOY":-3.635749067824,"HOLDER_PROFIT":39205000,"HOLDER_PROFIT_YOY":16.6954399333,"GROSS_PROFIT_RATIO":26.837031567614,"EPS_TTM":0.063207446177,"OPERATE_INCOME_QOQ":17.214804904625,"NET_PROFIT_RATIO":11.7683570779,"ROE_AVG":13.017262274344,"GROSS_PROFIT_QOQ":-4.447237496727,"ROA":6.052919234712,"HOLDER_PROFIT_QOQ":52.786438035853,"ROE_YEARLY":13.017262274344,"ROIC_YEARLY":9.467622806816,"TOTAL_ASSETS":845285000,"TOTAL_LIABILITIES":532683000,"TAX_EBT":12.941765320334,"OCF_SALES":12.776190882428,"TOTAL_PARENT_EQUITY":305406000,"DEBT_ASSET_RATIO":63.0181536405,"OPERATE_PROFIT":53934000,"PRETAX_PROFIT":45952000,"NETCASH_OPERATE":43431000,"NETCASH_INVEST":-71577000,"NETCASH_FINANCE":-12902000,"END_CASH":210086000,"DIVI_RATIO":null,"DIVIDEND_RATE":null,"CURRENT_RATIO":1.704667887786,"COMMON_ACS":2000000000,"CURRENTDEBT_DEBT":48.682800089359,"ISSUED_COMMON_SHARES":620259200,"HK_COMMON_SHARES":620259200,"PER_SHARES":2000,"TOTAL_MARKET_CAP":694690304,"HKSK_MARKET_CAP":694690304,"PE_TTM":14.671651528548,"PB_TTM":2.413439813994,"REPORT_DATE_SQ":"2022-12-31 00:00:00","REPORT_TYPE_SQ":"2022年年报","OPERATE_INCOME_SQ":267270000,"DPS_HKD":null,"OPERATE_INCOME_QOQ_SQ":-2.300384189382,"NET_PROFIT_RATIO_SQ":12.5547199461,"HOLDER_PROFIT_SQ":33596000,"HOLDER_PROFIT_QOQ_SQ":-28.002914514712,"ROE_AVG_SQ":12.307263981947,"PE_TTM_SQ":25.673147737043,"PB_TTM_SQ":2.217520517548,"ROA_SQ":8.164187754933,"START_DATE":"2023-01-01 00:00:00","FISCAL_YEAR":"12-31","CURRENCY":"HKD","IS_CNY_CODE":0,"DPS_HKD_LY":0.0551,"ORG_TYPE":"一般企业","PREMIUM_INCOME":null,"PREMIUM_INCOME_YOY":null,"NET_INTEREST_INCOME":null,"NET_INTEREST_INCOME_YOY":null,"FEE_COMMISSION_INCOME":null,"FEE_COMMISSION_INCOME_YOY":null,"ACCOUNTS_RECE_TDAYS":2.439219879021,"INVENTORY_TDAYS":13.668654337611,"CURRENT_ASSETS_TDAYS":0.802357953372,"TOTAL_ASSETS_TDAYS":0.524833874733,"PREMIUM_EXPENSE":null,"LOAN_DEPOSIT":null,"LOAN_EQUITY":null,"LOAN_ASSETS":null,"DEPOSIT_EQUITY":null,"DEPOSIT_ASSETS":null,"EQUITY_MULTIPLIER":2.704029404803,"EQUITY_RATIO":1.744179878588},{"SECUCODE":"02270.HK","SECURITY_CODE":"02270","SECURITY_NAME_ABBR":"德商产投服务","ORG_CODE":"10000211468","STD_REPORT_DATE":"2023-06-30 00:00:00","REPORT_DATE":"2023-06-30 00:00:00","DATE_TYPE_CODE":"002","REPORT_TYPE":"2023年中报","PER_NETCASH_OPERATE":0.004120857861,"PER_OI":0.239819094985,"BPS":0.461505448045,"BASIC_EPS":0.0289,"DILUTED_EPS":0.0288,"OPERATE_INCOME":148750000,"OPERATE_INCOME_YOY":18.0480604406,"GROSS_PROFIT":45186000,"GROSS_PROFIT_YOY":1.811545221036,"HOLDER_PROFIT":17860000,"HOLDER_PROFIT_YOY":-30.7644596061,"GROSS_PROFIT_RATIO":30.377142857143,"EPS_TTM":0.041369801528,"OPERATE_INCOME_QOQ":8.50899839114,"NET_PROFIT_RATIO":12.2480672269,"ROE_AVG":6.124818030147,"GROSS_PROFIT_QOQ":0.849256900212,"ROA":2.920593701427,"HOLDER_PROFIT_QOQ":-23.621859745208,"ROE_YEARLY":12.249636060295,"ROIC_YEARLY":9.351580959113,"TOTAL_ASSETS":772916000,"TOTAL_LIABILITIES":484032000,"TAX_EBT":15.652777777778,"OCF_SALES":1.718319327731,"TOTAL_PARENT_EQUITY":286253000,"DEBT_ASSET_RATIO":62.6241402688,"OPERATE_PROFIT":24364000,"PRETAX_PROFIT":21600000,"NETCASH_OPERATE":2556000,"NETCASH_INVEST":-61253000,"NETCASH_FINANCE":11930000,"END_CASH":206538000,"DIVI_RATIO":null,"DIVIDEND_RATE":null,"CURRENT_RATIO":2.026930901538,"COMMON_ACS":2000000000,"CURRENTDEBT_DEBT":43.565921261404,"ISSUED_COMMON_SHARES":620259200,"HK_COMMON_SHARES":620259200,"PER_SHARES":2000,"TOTAL_MARKET_CAP":694690304,"HKSK_MARKET_CAP":694690304,"PE_TTM":14.671651528548,"PB_TTM":2.413439813994,"REPORT_DATE_SQ":"2022-06-30 00:00:00","REPORT_TYPE_SQ":"2022年中报","OPERATE_INCOME_SQ":126008000,"DPS_HKD":null,"OPERATE_INCOME_QOQ_SQ":8.001310719474,"NET_PROFIT_RATIO_SQ":20.6145641547,"HOLDER_PROFIT_SQ":25796000,"HOLDER_PROFIT_QOQ_SQ":39.542464114833,"ROE_AVG_SQ":9.602406185206,"PE_TTM_SQ":25.673147737043,"PB_TTM_SQ":2.217520517548,"ROA_SQ":6.569308676779,"START_DATE":"2023-01-01 00:00:00","FISCAL_YEAR":"12-31","CURRENCY":"HKD","IS_CNY_CODE":0,"DPS_HKD_LY":0.0551,"ORG_TYPE":"一般企业","PREMIUM_INCOME":null,"PREMIUM_INCOME_YOY":null,"NET_INTEREST_INCOME":null,"NET_INTEREST_INCOME_YOY":null,"FEE_COMMISSION_INCOME":null,"FEE_COMMISSION_INCOME_YOY":null,"ACCOUNTS_RECE_TDAYS":1.139388368664,"INVENTORY_TDAYS":6.455803515771,"CURRENT_ASSETS_TDAYS":0.357268523022,"TOTAL_ASSETS_TDAYS":0.243246535883,"PREMIUM_EXPENSE":null,"LOAN_DEPOSIT":null,"LOAN_EQUITY":null,"LOAN_ASSETS":null,"DEPOSIT_EQUITY":null,"DEPOSIT_ASSETS":null,"EQUITY_MULTIPLIER":2.675523739633,"EQUITY_RATIO":1.690923763244},{"SECUCODE":"02270.HK","SECURITY_CODE":"02270","SECURITY_NAME_ABBR":"德商产投服务","ORG_CODE":"10000211468","STD_REPORT_DATE":"2022-12-31 00:00:00","REPORT_DATE":"2022-12-31 00:00:00","DATE_TYPE_CODE":"001","REPORT_TYPE":"2022年年报","PER_NETCASH_OPERATE":-0.036177418183,"PER_OI":0.433321616826,"BPS":0.478748239446,"BASIC_EPS":0.0547,"DILUTED_EPS":0.0544,"OPERATE_INCOME":267270000,"OPERATE_INCOME_YOY":5.5168656434,"GROSS_PROFIT":94671000,"GROSS_PROFIT_YOY":-8.468529440201,"HOLDER_PROFIT":33596000,"HOLDER_PROFIT_YOY":0.466507177,"GROSS_PROFIT_RATIO":35.421483892693,"EPS_TTM":0.054468788262,"OPERATE_INCOME_QOQ":-2.300384189382,"NET_PROFIT_RATIO":12.5547199461,"ROE_AVG":12.307263981947,"GROSS_PROFIT_QOQ":-9.952061179067,"ROA":8.164187754933,"HOLDER_PROFIT_QOQ":-28.002914514712,"ROE_YEARLY":12.307263981947,"ROIC_YEARLY":20.88173687122,"TOTAL_ASSETS":450123000,"TOTAL_LIABILITIES":151476000,"TAX_EBT":9.330415045396,"OCF_SALES":-8.34886070266,"TOTAL_PARENT_EQUITY":296948000,"DEBT_ASSET_RATIO":33.6521350831,"OPERATE_PROFIT":37315000,"PRETAX_PROFIT":37008000,"NETCASH_OPERATE":-22314000,"NETCASH_INVEST":-12686000,"NETCASH_FINANCE":19482000,"END_CASH":248236000,"DIVI_RATIO":null,"DIVIDEND_RATE":null,"CURRENT_RATIO":2.800591515621,"COMMON_ACS":2000000000,"CURRENTDEBT_DEBT":95.535266312815,"ISSUED_COMMON_SHARES":620259200,"HK_COMMON_SHARES":620259200,"PER_SHARES":2000,"TOTAL_MARKET_CAP":694690304,"HKSK_MARKET_CAP":694690304,"PE_TTM":14.671651528548,"PB_TTM":2.413439813994,"REPORT_DATE_SQ":"2021-12-31 00:00:00","REPORT_TYPE_SQ":"2021年年报","OPERATE_INCOME_SQ":253296000,"DPS_HKD":null,"OPERATE_INCOME_QOQ_SQ":98.008161223245,"NET_PROFIT_RATIO_SQ":13.0057324237,"HOLDER_PROFIT_SQ":33440000,"HOLDER_PROFIT_QOQ_SQ":-22.102124487514,"ROE_AVG_SQ":20.291877787554,"PE_TTM_SQ":25.673147737043,"PB_TTM_SQ":2.217520517548,"ROA_SQ":12.251170987,"START_DATE":"2022-01-01 00:00:00","FISCAL_YEAR":"12-31","CURRENCY":"HKD","IS_CNY_CODE":0,"DPS_HKD_LY":null,"ORG_TYPE":"一般企业","PREMIUM_INCOME":null,"PREMIUM_INCOME_YOY":null,"NET_INTEREST_INCOME":null,"NET_INTEREST_INCOME_YOY":null,"FEE_COMMISSION_INCOME":null,"FEE_COMMISSION_INCOME_YOY":null,"ACCOUNTS_RECE_TDAYS":2.625622587015,"INVENTORY_TDAYS":19.634719299244,"CURRENT_ASSETS_TDAYS":0.704957013369,"TOTAL_ASSETS_TDAYS":0.649494719985,"PREMIUM_EXPENSE":null,"LOAN_DEPOSIT":null,"LOAN_EQUITY":null,"LOAN_ASSETS":null,"DEPOSIT_EQUITY":null,"DEPOSIT_ASSETS":null,"EQUITY_MULTIPLIER":1.507207505852,"EQUITY_RATIO":0.510109514124},{"SECUCODE":"02270.HK","SECURITY_CODE":"02270","SECURITY_NAME_ABBR":"德商产投服务","ORG_CODE":"10000211468","STD_REPORT_DATE":"2022-06-30 00:00:00","REPORT_DATE":"2022-06-30 00:00:00","DATE_TYPE_CODE":"002","REPORT_TYPE":"2022年中报","PER_NETCASH_OPERATE":-0.023506182662,"PER_OI":0.205449612605,"BPS":0.464766987737,"BASIC_EPS":0.0421,"DILUTED_EPS":0.0418,"OPERATE_INCOME":126008000,"OPERATE_INCOME_YOY":19.166643024,"GROSS_PROFIT":44382000,"GROSS_PROFIT_YOY":3.992689441867,"HOLDER_PROFIT":25796000,"HOLDER_PROFIT_YOY":105.1698083194,"GROSS_PROFIT_RATIO":35.221573233446,"EPS_TTM":0.07608163984,"OPERATE_INCOME_QOQ":8.001310719474,"NET_PROFIT_RATIO":20.6145641547,"ROE_AVG":9.602406185206,"GROSS_PROFIT_QOQ":1.647491056753,"ROA":6.569308676779,"HOLDER_PROFIT_QOQ":39.542464114833,"ROE_YEARLY":19.204812370413,"ROIC_YEARLY":36.994252811748,"TOTAL_ASSETS":412463000,"TOTAL_LIABILITIES":123539000,"TAX_EBT":13.721061547149,"OCF_SALES":-11.441337057965,"TOTAL_PARENT_EQUITY":288276000,"DEBT_ASSET_RATIO":29.9515350468,"OPERATE_PROFIT":30119000,"PRETAX_PROFIT":30107000,"NETCASH_OPERATE":-14417000,"NETCASH_INVEST":-528000,"NETCASH_FINANCE":11761000,"END_CASH":254482000,"DIVI_RATIO":null,"DIVIDEND_RATE":null,"CURRENT_RATIO":3.210347141524,"COMMON_ACS":2000000000,"CURRENTDEBT_DEBT":98.914512825909,"ISSUED_COMMON_SHARES":620259200,"HK_COMMON_SHARES":620259200,"PER_SHARES":2000,"TOTAL_MARKET_CAP":694690304,"HKSK_MARKET_CAP":694690304,"PE_TTM":14.671651528548,"PB_TTM":2.413439813994,"REPORT_DATE_SQ":"2021-06-30 00:00:00","REPORT_TYPE_SQ":"2021年中报","OPERATE_INCOME_SQ":105741000,"DPS_HKD":null,"OPERATE_INCOME_QOQ_SQ":0,"NET_PROFIT_RATIO_SQ":11.9584645502,"HOLDER_PROFIT_SQ":12573000,"HOLDER_PROFIT_QOQ_SQ":0,"ROE_AVG_SQ":null,"PE_TTM_SQ":25.441858117791,"PB_TTM_SQ":2.197542855228,"ROA_SQ":null,"START_DATE":"2022-01-01 00:00:00","FISCAL_YEAR":"12-31","CURRENCY":"HKD","IS_CNY_CODE":0,"DPS_HKD_LY":null,"ORG_TYPE":"一般企业","PREMIUM_INCOME":null,"PREMIUM_INCOME_YOY":null,"NET_INTEREST_INCOME":null,"NET_INTEREST_INCOME_YOY":null,"FEE_COMMISSION_INCOME":null,"FEE_COMMISSION_INCOME_YOY":null,"ACCOUNTS_RECE_TDAYS":1.209696155138,"INVENTORY_TDAYS":97.116002379536,"CURRENT_ASSETS_TDAYS":0.338151688974,"TOTAL_ASSETS_TDAYS":0.320896824214,"PREMIUM_EXPENSE":null,"LOAN_DEPOSIT":null,"LOAN_EQUITY":null,"LOAN_ASSETS":null,"DEPOSIT_EQUITY":null,"DEPOSIT_ASSETS":null,"EQUITY_MULTIPLIER":1.427583032216,"EQUITY_RATIO":0.428544172945},{"SECUCODE":"02270.HK","SECURITY_CODE":"02270","SECURITY_NAME_ABBR":"德商产投服务","ORG_CODE":"10000211468","STD_REPORT_DATE":"2021-12-31 00:00:00","REPORT_DATE":"2021-12-31 00:00:00","DATE_TYPE_CODE":"001","REPORT_TYPE":"2021年年报","PER_NETCASH_OPERATE":0.02861,"PER_OI":0.42216,"BPS":0.401454746661,"BASIC_EPS":0.0733,"DILUTED_EPS":0.0729,"OPERATE_INCOME":253296000,"OPERATE_INCOME_YOY":98.0081612232,"GROSS_PROFIT":103430000,"GROSS_PROFIT_YOY":65.039093665231,"HOLDER_PROFIT":33440000,"HOLDER_PROFIT_YOY":-22.1021244875,"GROSS_PROFIT_RATIO":40.833649169351,"EPS_TTM":0.055733333333,"OPERATE_INCOME_QOQ":98.008161223245,"NET_PROFIT_RATIO":13.0057324237,"ROE_AVG":20.291877787554,"GROSS_PROFIT_QOQ":65.039093665231,"ROA":12.251170987,"HOLDER_PROFIT_QOQ":-22.102124487514,"ROE_YEARLY":20.291877787554,"ROIC_YEARLY":36.127917026793,"TOTAL_ASSETS":372886000,"TOTAL_LIABILITIES":123643000,"TAX_EBT":18.271807085442,"OCF_SALES":6.777051354937,"TOTAL_PARENT_EQUITY":249006000,"DEBT_ASSET_RATIO":33.1583915728,"OPERATE_PROFIT":40417000,"PRETAX_PROFIT":40308000,"NETCASH_OPERATE":17166000,"NETCASH_INVEST":-8191000,"NETCASH_FINANCE":132274000,"END_CASH":251063000,"DIVI_RATIO":null,"DIVIDEND_RATE":null,"CURRENT_RATIO":2.8914765513,"COMMON_ACS":2000000000,"CURRENTDEBT_DEBT":98.731832776623,"ISSUED_COMMON_SHARES":620259200,"HK_COMMON_SHARES":620259200,"PER_SHARES":2000,"TOTAL_MARKET_CAP":694690304,"HKSK_MARKET_CAP":694690304,"PE_TTM":14.671651528548,"PB_TTM":2.413439813994,"REPORT_DATE_SQ":"2020-12-31 00:00:00","REPORT_TYPE_SQ":"2020年年报","OPERATE_INCOME_SQ":127922000,"DPS_HKD":null,"OPERATE_INCOME_QOQ_SQ":85.083048787546,"NET_PROFIT_RATIO_SQ":33.5462234799,"HOLDER_PROFIT_SQ":42928000,"HOLDER_PROFIT_QOQ_SQ":38.285603839835,"ROE_AVG_SQ":72.611637347767,"PE_TTM_SQ":25.673147737043,"PB_TTM_SQ":2.217520517548,"ROA_SQ":35.493085843031,"START_DATE":"2021-01-01 00:00:00","FISCAL_YEAR":"12-31","CURRENCY":"HKD","IS_CNY_CODE":0,"DPS_HKD_LY":null,"ORG_TYPE":"一般企业","PREMIUM_INCOME":null,"PREMIUM_INCOME_YOY":null,"NET_INTEREST_INCOME":null,"NET_INTEREST_INCOME_YOY":null,"FEE_COMMISSION_INCOME":null,"FEE_COMMISSION_INCOME_YOY":null,"ACCOUNTS_RECE_TDAYS":4.040291900945,"INVENTORY_TDAYS":202.248313090418,"CURRENT_ASSETS_TDAYS":1.000231008441,"TOTAL_ASSETS_TDAYS":0.927982238733,"PREMIUM_EXPENSE":null,"LOAN_DEPOSIT":null,"LOAN_EQUITY":null,"LOAN_ASSETS":null,"DEPOSIT_EQUITY":null,"DEPOSIT_ASSETS":null,"EQUITY_MULTIPLIER":1.496074112413,"EQUITY_RATIO":0.496546267961},{"SECUCODE":"02270.HK","SECURITY_CODE":"02270","SECURITY_NAME_ABBR":"德商产投服务","ORG_CODE":"10000211468","STD_REPORT_DATE":"2021-06-30 00:00:00","REPORT_DATE":"2021-06-30 00:00:00","DATE_TYPE_CODE":"002","REPORT_TYPE":"2021年中报","PER_NETCASH_OPERATE":null,"PER_OI":null,"BPS":null,"BASIC_EPS":0.0279,"DILUTED_EPS":0.0278,"OPERATE_INCOME":105741000,"OPERATE_INCOME_YOY":null,"GROSS_PROFIT":42678000,"GROSS_PROFIT_YOY":null,"HOLDER_PROFIT":12573000,"HOLDER_PROFIT_YOY":null,"GROSS_PROFIT_RATIO":40.360881777173,"EPS_TTM":null,"OPERATE_INCOME_QOQ":0,"NET_PROFIT_RATIO":11.9584645502,"ROE_AVG":null,"GROSS_PROFIT_QOQ":0,"ROA":null,"HOLDER_PROFIT_QOQ":0,"ROE_YEARLY":null,"ROIC_YEARLY":null,"TOTAL_ASSETS":null,"TOTAL_LIABILITIES":null,"TAX_EBT":20.909432074056,"OCF_SALES":4.425908587965,"TOTAL_PARENT_EQUITY":null,"DEBT_ASSET_RATIO":null,"OPERATE_PROFIT":16088000,"PRETAX_PROFIT":15988000,"NETCASH_OPERATE":4680000,"NETCASH_INVEST":-8106000,"NETCASH_FINANCE":-189000,"END_CASH":105887000,"DIVI_RATIO":null,"DIVIDEND_RATE":null,"CURRENT_RATIO":null,"COMMON_ACS":2000000000,"CURRENTDEBT_DEBT":null,"ISSUED_COMMON_SHARES":620259200,"HK_COMMON_SHARES":620259200,"PER_SHARES":2000,"TOTAL_MARKET_CAP":694690304,"HKSK_MARKET_CAP":694690304,"PE_TTM":14.671651528548,"PB_TTM":2.413439813994,"REPORT_DATE_SQ":"2020-06-30 00:00:00","REPORT_TYPE_SQ":"2020年中报","OPERATE_INCOME_SQ":null,"DPS_HKD":null,"OPERATE_INCOME_QOQ_SQ":0,"NET_PROFIT_RATIO_SQ":null,"HOLDER_PROFIT_SQ":null,"HOLDER_PROFIT_QOQ_SQ":0,"ROE_AVG_SQ":null,"PE_TTM_SQ":25.441858117791,"PB_TTM_SQ":2.197542855228,"ROA_SQ":null,"START_DATE":"2021-01-01 00:00:00","FISCAL_YEAR":"12-31","CURRENCY":"HKD","IS_CNY_CODE":0,"DPS_HKD_LY":null,"ORG_TYPE":"一般企业","PREMIUM_INCOME":null,"PREMIUM_INCOME_YOY":null,"NET_INTEREST_INCOME":null,"NET_INTEREST_INCOME_YOY":null,"FEE_COMMISSION_INCOME":null,"FEE_COMMISSION_INCOME_YOY":null,"ACCOUNTS_RECE_TDAYS":null,"INVENTORY_TDAYS":null,"CURRENT_ASSETS_TDAYS":1.377750850174,"TOTAL_ASSETS_TDAYS":1.222290935782,"PREMIUM_EXPENSE":null,"LOAN_DEPOSIT":null,"LOAN_EQUITY":null,"LOAN_ASSETS":null,"DEPOSIT_EQUITY":null,"DEPOSIT_ASSETS":null,"EQUITY_MULTIPLIER":null,"EQUITY_RATIO":null},{"SECUCODE":"02270.HK","SECURITY_CODE":"02270","SECURITY_NAME_ABBR":"德商产投服务","ORG_CODE":"10000211468","STD_REPORT_DATE":"2020-12-31 00:00:00","REPORT_DATE":"2020-12-31 00:00:00","DATE_TYPE_CODE":"001","REPORT_TYPE":"2020年年报","PER_NETCASH_OPERATE":null,"PER_OI":null,"BPS":0.129919878657,"BASIC_EPS":0.0954,"DILUTED_EPS":0.0954,"OPERATE_INCOME":127922000,"OPERATE_INCOME_YOY":85.0830487875,"GROSS_PROFIT":62670000,"GROSS_PROFIT_YOY":74.762967094255,"HOLDER_PROFIT":42928000,"HOLDER_PROFIT_YOY":38.2856038398,"GROSS_PROFIT_RATIO":48.990791263426,"EPS_TTM":null,"OPERATE_INCOME_QOQ":85.083048787546,"NET_PROFIT_RATIO":33.5462234799,"ROE_AVG":72.611637347767,"GROSS_PROFIT_QOQ":74.762967094255,"ROA":35.493085843031,"HOLDER_PROFIT_QOQ":38.285603839835,"ROE_YEARLY":72.611637347767,"ROIC_YEARLY":114.711737591021,"TOTAL_ASSETS":173021000,"TOTAL_LIABILITIES":92452000,"TAX_EBT":15.573786617876,"OCF_SALES":30.56002876753,"TOTAL_PARENT_EQUITY":80584000,"DEBT_ASSET_RATIO":53.4339762225,"OPERATE_PROFIT":50853000,"PRETAX_PROFIT":50829000,"NETCASH_OPERATE":39093000,"NETCASH_INVEST":21055000,"NETCASH_FINANCE":-8209000,"END_CASH":109502000,"DIVI_RATIO":null,"DIVIDEND_RATE":null,"CURRENT_RATIO":1.70500288799,"COMMON_ACS":2000000000,"CURRENTDEBT_DEBT":97.378098905378,"ISSUED_COMMON_SHARES":620259200,"HK_COMMON_SHARES":620259200,"PER_SHARES":2000,"TOTAL_MARKET_CAP":694690304,"HKSK_MARKET_CAP":694690304,"PE_TTM":14.671651528548,"PB_TTM":2.413439813994,"REPORT_DATE_SQ":"2019-12-31 00:00:00","REPORT_TYPE_SQ":"2019年年报","OPERATE_INCOME_SQ":69116000,"DPS_HKD":null,"OPERATE_INCOME_QOQ_SQ":8.054530673504,"NET_PROFIT_RATIO_SQ":44.9143468951,"HOLDER_PROFIT_SQ":31043000,"HOLDER_PROFIT_QOQ_SQ":-1.118048034656,"ROE_AVG_SQ":73.017441108328,"PE_TTM_SQ":25.673147737043,"PB_TTM_SQ":2.217520517548,"ROA_SQ":44.29651826484,"START_DATE":"2020-01-01 00:00:00","FISCAL_YEAR":"12-31","CURRENCY":"HKD","IS_CNY_CODE":0,"DPS_HKD_LY":null,"ORG_TYPE":"一般企业","PREMIUM_INCOME":null,"PREMIUM_INCOME_YOY":null,"NET_INTEREST_INCOME":null,"NET_INTEREST_INCOME_YOY":null,"FEE_COMMISSION_INCOME":null,"FEE_COMMISSION_INCOME_YOY":null,"ACCOUNTS_RECE_TDAYS":5.923960359359,"INVENTORY_TDAYS":null,"CURRENT_ASSETS_TDAYS":1.163366179058,"TOTAL_ASSETS_TDAYS":1.05766551603,"PREMIUM_EXPENSE":null,"LOAN_DEPOSIT":null,"LOAN_EQUITY":null,"LOAN_ASSETS":null,"DEPOSIT_EQUITY":null,"DEPOSIT_ASSETS":null,"EQUITY_MULTIPLIER":2.147488488126,"EQUITY_RATIO":1.147274893279},{"SECUCODE":"02270.HK","SECURITY_CODE":"02270","SECURITY_NAME_ABBR":"德商产投服务","ORG_CODE":"10000211468","STD_REPORT_DATE":"2019-12-31 00:00:00","REPORT_DATE":"2019-12-31 00:00:00","DATE_TYPE_CODE":"001","REPORT_TYPE":"2019年年报","PER_NETCASH_OPERATE":null,"PER_OI":null,"BPS":0.060710103131,"BASIC_EPS":null,"DILUTED_EPS":null,"OPERATE_INCOME":69116000,"OPERATE_INCOME_YOY":8.0545306735,"GROSS_PROFIT":35860000,"GROSS_PROFIT_YOY":-6.024791006054,"HOLDER_PROFIT":31043000,"HOLDER_PROFIT_YOY":-1.1180480347,"GROSS_PROFIT_RATIO":51.883789571156,"EPS_TTM":null,"OPERATE_INCOME_QOQ":8.054530673504,"NET_PROFIT_RATIO":44.9143468951,"ROE_AVG":73.017441108328,"GROSS_PROFIT_QOQ":-6.024791006054,"ROA":44.29651826484,"HOLDER_PROFIT_QOQ":-1.118048034656,"ROE_YEARLY":73.017441108328,"ROIC_YEARLY":75.796901515059,"TOTAL_ASSETS":68874000,"TOTAL_LIABILITIES":31218000,"TAX_EBT":15.586675730795,"OCF_SALES":64.158805486429,"TOTAL_PARENT_EQUITY":37656000,"DEBT_ASSET_RATIO":45.326247931,"OPERATE_PROFIT":null,"PRETAX_PROFIT":36775000,"NETCASH_OPERATE":44344000,"NETCASH_INVEST":53556000,"NETCASH_FINANCE":-41023000,"END_CASH":57563000,"DIVI_RATIO":null,"DIVIDEND_RATE":null,"CURRENT_RATIO":2.174962342,"COMMON_ACS":2000000000,"CURRENTDEBT_DEBT":97.82176949196,"ISSUED_COMMON_SHARES":620259200,"HK_COMMON_SHARES":620259200,"PER_SHARES":2000,"TOTAL_MARKET_CAP":694690304,"HKSK_MARKET_CAP":694690304,"PE_TTM":14.671651528548,"PB_TTM":2.413439813994,"REPORT_DATE_SQ":"2018-12-31 00:00:00","REPORT_TYPE_SQ":"2018年年报","OPERATE_INCOME_SQ":63964000,"DPS_HKD":null,"OPERATE_INCOME_QOQ_SQ":null,"NET_PROFIT_RATIO_SQ":49.0807329123,"HOLDER_PROFIT_SQ":31394000,"HOLDER_PROFIT_QOQ_SQ":null,"ROE_AVG_SQ":66.269816139995,"PE_TTM_SQ":25.673147737043,"PB_TTM_SQ":2.217520517548,"ROA_SQ":44.039502847684,"START_DATE":"2019-01-01 00:00:00","FISCAL_YEAR":"12-31","CURRENCY":"HKD","IS_CNY_CODE":0,"DPS_HKD_LY":null,"ORG_TYPE":"一般企业","PREMIUM_INCOME":null,"PREMIUM_INCOME_YOY":null,"NET_INTEREST_INCOME":null,"NET_INTEREST_INCOME_YOY":null,"FEE_COMMISSION_INCOME":null,"FEE_COMMISSION_INCOME_YOY":null,"ACCOUNTS_RECE_TDAYS":6.80007870917,"INVENTORY_TDAYS":null,"CURRENT_ASSETS_TDAYS":1.021655260085,"TOTAL_ASSETS_TDAYS":0.986244292237,"PREMIUM_EXPENSE":null,"LOAN_DEPOSIT":null,"LOAN_EQUITY":null,"LOAN_ASSETS":null,"DEPOSIT_EQUITY":null,"DEPOSIT_ASSETS":null,"EQUITY_MULTIPLIER":1.829031230083,"EQUITY_RATIO":0.829031230083}],"count":10},"success":true,"message":"ok","code":0}