{"version":"41fb7bd7ec680a3937e9c0068888416e","result":{"pages":2,"data":[{"SECUCODE":"02273.HK","SECURITY_CODE":"02273","SECURITY_NAME_ABBR":"固生堂","ORG_CODE":"10000218017","STD_REPORT_DATE":"2024-06-30 00:00:00","REPORT_DATE":"2024-06-30 00:00:00","DATE_TYPE_CODE":"002","REPORT_TYPE":"2024年中报","PER_NETCASH_OPERATE":0.572820553112,"PER_OI":5.575118190648,"BPS":9.656770321495,"BASIC_EPS":0.44,"DILUTED_EPS":0.43,"OPERATE_INCOME":1364979000,"OPERATE_INCOME_YOY":38.4183157122,"GROSS_PROFIT":401212000,"GROSS_PROFIT_YOY":41.798582763435,"HOLDER_PROFIT":106866000,"HOLDER_PROFIT_YOY":15.2206492792,"GROSS_PROFIT_RATIO":29.393272717016,"EPS_TTM":1.087752926173,"OPERATE_INCOME_QOQ":16.306317900309,"NET_PROFIT_RATIO":7.8590952681,"ROE_AVG":4.609726554951,"GROSS_PROFIT_QOQ":16.895309850443,"ROA":3.154720523573,"HOLDER_PROFIT_QOQ":5.597497244272,"ROE_YEARLY":9.219453109903,"ROIC_YEARLY":9.937459636568,"TOTAL_ASSETS":3395648000,"TOTAL_LIABILITIES":1063714000,"TAX_EBT":14.238317943798,"OCF_SALES":10.274590305052,"TOTAL_PARENT_EQUITY":2331546000,"DEBT_ASSET_RATIO":31.3258029101,"OPERATE_PROFIT":133100000,"PRETAX_PROFIT":125085000,"NETCASH_OPERATE":140246000,"NETCASH_INVEST":-73038000,"NETCASH_FINANCE":-200155000,"END_CASH":1170675000,"DIVI_RATIO":0.109076608433,"DIVIDEND_RATE":0.398162327718,"CURRENT_RATIO":2.673093304164,"COMMON_ACS":264430287,"CURRENTDEBT_DEBT":60.590064622634,"ISSUED_COMMON_SHARES":241441592,"HK_COMMON_SHARES":241441592,"PER_SHARES":100,"TOTAL_MARKET_CAP":7883067978.8,"HKSK_MARKET_CAP":7883067978.8,"PE_TTM":26.74095804716,"PB_TTM":3.085814512298,"REPORT_DATE_SQ":"2023-06-30 00:00:00","REPORT_TYPE_SQ":"2023年中报","OPERATE_INCOME_SQ":986126000,"DPS_HKD":0.13,"OPERATE_INCOME_QOQ_SQ":17.433879060251,"NET_PROFIT_RATIO_SQ":9.4513277208,"HOLDER_PROFIT_SQ":92749000,"HOLDER_PROFIT_QOQ_SQ":21.528255152924,"ROE_AVG_SQ":4.637162495925,"PE_TTM_SQ":44.055548898497,"PB_TTM_SQ":4.331221757216,"ROA_SQ":3.215969131911,"START_DATE":"2024-01-01 00:00:00","FISCAL_YEAR":"12-31","CURRENCY":"HKD","IS_CNY_CODE":0,"DPS_HKD_LY":0.13,"ORG_TYPE":"一般企业","PREMIUM_INCOME":null,"PREMIUM_INCOME_YOY":null,"NET_INTEREST_INCOME":null,"NET_INTEREST_INCOME_YOY":null,"FEE_COMMISSION_INCOME":null,"FEE_COMMISSION_INCOME_YOY":null,"ACCOUNTS_RECE_TDAYS":7.085444508177,"INVENTORY_TDAYS":6.168523324767,"CURRENT_ASSETS_TDAYS":0.766752321428,"TOTAL_ASSETS_TDAYS":0.402946425013,"PREMIUM_EXPENSE":null,"LOAN_DEPOSIT":null,"LOAN_EQUITY":null,"LOAN_ASSETS":null,"DEPOSIT_EQUITY":null,"DEPOSIT_ASSETS":null,"EQUITY_MULTIPLIER":1.456150988836,"EQUITY_RATIO":0.456226898376},{"SECUCODE":"02273.HK","SECURITY_CODE":"02273","SECURITY_NAME_ABBR":"固生堂","ORG_CODE":"10000218017","STD_REPORT_DATE":"2023-12-31 00:00:00","REPORT_DATE":"2023-12-31 00:00:00","DATE_TYPE_CODE":"001","REPORT_TYPE":"2023年年报","PER_NETCASH_OPERATE":1.663260919911,"PER_OI":9.421953668575,"BPS":9.546814121405,"BASIC_EPS":1.06,"DILUTED_EPS":1.03,"OPERATE_INCOME":2323351000,"OPERATE_INCOME_YOY":43.0140819581,"GROSS_PROFIT":699999000,"GROSS_PROFIT_YOY":40.129840491977,"HOLDER_PROFIT":252202000,"HOLDER_PROFIT_YOY":39.4506065666,"GROSS_PROFIT_RATIO":30.128852678739,"EPS_TTM":1.022762190957,"OPERATE_INCOME_QOQ":21.782643222376,"NET_PROFIT_RATIO":10.886861262,"ROE_AVG":12.541476177725,"GROSS_PROFIT_QOQ":19.947874006573,"ROA":8.416601798943,"HOLDER_PROFIT_QOQ":13.219964624653,"ROE_YEARLY":12.541476177725,"ROIC_YEARLY":13.65031546484,"TOTAL_ASSETS":3379342000,"TOTAL_LIABILITIES":1073259000,"TAX_EBT":10.990526864012,"OCF_SALES":17.653036497714,"TOTAL_PARENT_EQUITY":2304998000,"DEBT_ASSET_RATIO":31.7594076007,"OPERATE_PROFIT":309658000,"PRETAX_PROFIT":284172000,"NETCASH_OPERATE":410142000,"NETCASH_INVEST":-263609000,"NETCASH_FINANCE":157501000,"END_CASH":1301300000,"DIVI_RATIO":0.116007808119,"DIVIDEND_RATE":0.396946564885,"CURRENT_RATIO":2.594648593314,"COMMON_ACS":264430287,"CURRENTDEBT_DEBT":65.988265646969,"ISSUED_COMMON_SHARES":241441592,"HK_COMMON_SHARES":241441592,"PER_SHARES":100,"TOTAL_MARKET_CAP":7907212138,"HKSK_MARKET_CAP":7907212138,"PE_TTM":26.822859909479,"PB_TTM":3.095265705292,"REPORT_DATE_SQ":"2022-12-31 00:00:00","REPORT_TYPE_SQ":"2022年年报","OPERATE_INCOME_SQ":1624561000,"DPS_HKD":0.13,"OPERATE_INCOME_QOQ_SQ":10.004590970279,"NET_PROFIT_RATIO_SQ":11.2984984867,"HOLDER_PROFIT_SQ":180854000,"HOLDER_PROFIT_QOQ_SQ":280.081348738505,"ROE_AVG_SQ":11.21077933675,"PE_TTM_SQ":42.738946287737,"PB_TTM_SQ":4.20178294608,"ROA_SQ":7.323816588528,"START_DATE":"2023-01-01 00:00:00","FISCAL_YEAR":"12-31","CURRENCY":"HKD","IS_CNY_CODE":0,"DPS_HKD_LY":0.41,"ORG_TYPE":"一般企业","PREMIUM_INCOME":null,"PREMIUM_INCOME_YOY":null,"NET_INTEREST_INCOME":null,"NET_INTEREST_INCOME_YOY":null,"FEE_COMMISSION_INCOME":null,"FEE_COMMISSION_INCOME_YOY":null,"ACCOUNTS_RECE_TDAYS":17.252307509523,"INVENTORY_TDAYS":12.593642481721,"CURRENT_ASSETS_TDAYS":1.453363342869,"TOTAL_ASSETS_TDAYS":0.775359442279,"PREMIUM_EXPENSE":null,"LOAN_DEPOSIT":null,"LOAN_EQUITY":null,"LOAN_ASSETS":null,"DEPOSIT_EQUITY":null,"DEPOSIT_ASSETS":null,"EQUITY_MULTIPLIER":1.465403456858,"EQUITY_RATIO":0.465622529824},{"SECUCODE":"02273.HK","SECURITY_CODE":"02273","SECURITY_NAME_ABBR":"固生堂","ORG_CODE":"10000218017","STD_REPORT_DATE":"2023-06-30 00:00:00","REPORT_DATE":"2023-06-30 00:00:00","DATE_TYPE_CODE":"002","REPORT_TYPE":"2023年中报","PER_NETCASH_OPERATE":0.388323818285,"PER_OI":4.095267879729,"BPS":9.457189960875,"BASIC_EPS":0.39,"DILUTED_EPS":0.38,"OPERATE_INCOME":986126000,"OPERATE_INCOME_YOY":40.2935259823,"GROSS_PROFIT":282945000,"GROSS_PROFIT_YOY":42.258478091455,"HOLDER_PROFIT":92749000,"HOLDER_PROFIT_YOY":74.0490532755,"GROSS_PROFIT_RATIO":28.692580866948,"EPS_TTM":0.925071746695,"OPERATE_INCOME_QOQ":17.433879060251,"NET_PROFIT_RATIO":9.4513277208,"ROE_AVG":4.637162495925,"GROSS_PROFIT_QOQ":16.82561416995,"ROA":3.215969131911,"HOLDER_PROFIT_QOQ":21.528255152924,"ROE_YEARLY":9.274324991851,"ROIC_YEARLY":10.609470613165,"TOTAL_ASSETS":3154405000,"TOTAL_LIABILITIES":870246000,"TAX_EBT":12.887185718291,"OCF_SALES":9.482256831277,"TOTAL_PARENT_EQUITY":2283359000,"DEBT_ASSET_RATIO":27.5882773455,"OPERATE_PROFIT":122762000,"PRETAX_PROFIT":106990000,"NETCASH_OPERATE":93507000,"NETCASH_INVEST":-182774000,"NETCASH_FINANCE":362976000,"END_CASH":1274992000,"DIVI_RATIO":0.128258592292,"DIVIDEND_RATE":0.396946564885,"CURRENT_RATIO":3.246214934794,"COMMON_ACS":264430287,"CURRENTDEBT_DEBT":62.190001447867,"ISSUED_COMMON_SHARES":241441592,"HK_COMMON_SHARES":241441592,"PER_SHARES":100,"TOTAL_MARKET_CAP":7907212138,"HKSK_MARKET_CAP":7907212138,"PE_TTM":26.822859909479,"PB_TTM":3.095265705292,"REPORT_DATE_SQ":"2022-06-30 00:00:00","REPORT_TYPE_SQ":"2022年中报","OPERATE_INCOME_SQ":702902000,"DPS_HKD":0.13,"OPERATE_INCOME_QOQ_SQ":7.631592181031,"NET_PROFIT_RATIO_SQ":7.933111586,"HOLDER_PROFIT_SQ":53289000,"HOLDER_PROFIT_QOQ_SQ":79.926992184496,"ROE_AVG_SQ":3.534367176772,"PE_TTM_SQ":42.738946287737,"PB_TTM_SQ":4.20178294608,"ROA_SQ":2.328451072392,"START_DATE":"2023-01-01 00:00:00","FISCAL_YEAR":"12-31","CURRENCY":"HKD","IS_CNY_CODE":0,"DPS_HKD_LY":0.41,"ORG_TYPE":"一般企业","PREMIUM_INCOME":null,"PREMIUM_INCOME_YOY":null,"NET_INTEREST_INCOME":null,"NET_INTEREST_INCOME_YOY":null,"FEE_COMMISSION_INCOME":null,"FEE_COMMISSION_INCOME_YOY":null,"ACCOUNTS_RECE_TDAYS":9.613707043627,"INVENTORY_TDAYS":6.177710618447,"CURRENT_ASSETS_TDAYS":0.632845625292,"TOTAL_ASSETS_TDAYS":0.341928298545,"PREMIUM_EXPENSE":null,"LOAN_DEPOSIT":null,"LOAN_EQUITY":null,"LOAN_ASSETS":null,"DEPOSIT_EQUITY":null,"DEPOSIT_ASSETS":null,"EQUITY_MULTIPLIER":1.380991866153,"EQUITY_RATIO":0.381125350854},{"SECUCODE":"02273.HK","SECURITY_CODE":"02273","SECURITY_NAME_ABBR":"固生堂","ORG_CODE":"10000218017","STD_REPORT_DATE":"2022-12-31 00:00:00","REPORT_DATE":"2022-12-31 00:00:00","DATE_TYPE_CODE":"001","REPORT_TYPE":"2022年年报","PER_NETCASH_OPERATE":1.219615103632,"PER_OI":7.051154406202,"BPS":7.128291301194,"BASIC_EPS":0.79,"DILUTED_EPS":0.76,"OPERATE_INCOME":1624561000,"OPERATE_INCOME_YOY":18.3996927335,"GROSS_PROFIT":499536000,"GROSS_PROFIT_YOY":-19.469163506926,"HOLDER_PROFIT":180854000,"HOLDER_PROFIT_YOY":136.1477432065,"GROSS_PROFIT_RATIO":30.748983879337,"EPS_TTM":0.79555910534,"OPERATE_INCOME_QOQ":10.004590970279,"NET_PROFIT_RATIO":11.2984984867,"ROE_AVG":11.21077933675,"GROSS_PROFIT_QOQ":-9.360342428097,"ROA":7.323816588528,"HOLDER_PROFIT_QOQ":280.081348738505,"ROE_YEARLY":11.21077933675,"ROIC_YEARLY":12.306549877065,"TOTAL_ASSETS":2618256000,"TOTAL_LIABILITIES":900246000,"TAX_EBT":8.835030119421,"OCF_SALES":17.296672762673,"TOTAL_PARENT_EQUITY":1716889000,"DEBT_ASSET_RATIO":34.1093187503,"OPERATE_PROFIT":215763000,"PRETAX_PROFIT":198709000,"NETCASH_OPERATE":280995000,"NETCASH_INVEST":-178364000,"NETCASH_FINANCE":-138079000,"END_CASH":994330000,"DIVI_RATIO":0.149138384821,"DIVIDEND_RATE":0.396946564885,"CURRENT_RATIO":2.452768000981,"COMMON_ACS":264430287,"CURRENTDEBT_DEBT":61.573947565443,"ISSUED_COMMON_SHARES":241441592,"HK_COMMON_SHARES":241441592,"PER_SHARES":100,"TOTAL_MARKET_CAP":7907212138,"HKSK_MARKET_CAP":7907212138,"PE_TTM":26.822859909479,"PB_TTM":3.095265705292,"REPORT_DATE_SQ":"2021-12-31 00:00:00","REPORT_TYPE_SQ":"2021年年报","OPERATE_INCOME_SQ":1372099000,"DPS_HKD":0.13,"OPERATE_INCOME_QOQ_SQ":15.532433895713,"NET_PROFIT_RATIO_SQ":-36.9423780646,"HOLDER_PROFIT_SQ":-507069000,"HOLDER_PROFIT_QOQ_SQ":-18.842254273755,"ROE_AVG_SQ":-244.221715436132,"PE_TTM_SQ":42.738946287737,"PB_TTM_SQ":4.20178294608,"ROA_SQ":-26.428811928561,"START_DATE":"2022-01-01 00:00:00","FISCAL_YEAR":"12-31","CURRENCY":"HKD","IS_CNY_CODE":0,"DPS_HKD_LY":null,"ORG_TYPE":"一般企业","PREMIUM_INCOME":null,"PREMIUM_INCOME_YOY":null,"NET_INTEREST_INCOME":null,"NET_INTEREST_INCOME_YOY":null,"FEE_COMMISSION_INCOME":null,"FEE_COMMISSION_INCOME_YOY":null,"ACCOUNTS_RECE_TDAYS":20.043070317753,"INVENTORY_TDAYS":12.348053715584,"CURRENT_ASSETS_TDAYS":1.223110000855,"TOTAL_ASSETS_TDAYS":0.649120364053,"PREMIUM_EXPENSE":null,"LOAN_DEPOSIT":null,"LOAN_EQUITY":null,"LOAN_ASSETS":null,"DEPOSIT_EQUITY":null,"DEPOSIT_ASSETS":null,"EQUITY_MULTIPLIER":1.517665292017,"EQUITY_RATIO":0.524347235028},{"SECUCODE":"02273.HK","SECURITY_CODE":"02273","SECURITY_NAME_ABBR":"固生堂","ORG_CODE":"10000218017","STD_REPORT_DATE":"2022-06-30 00:00:00","REPORT_DATE":"2022-06-30 00:00:00","DATE_TYPE_CODE":"002","REPORT_TYPE":"2022年中报","PER_NETCASH_OPERATE":0.305312853377,"PER_OI":3.050836831875,"BPS":6.587079661072,"BASIC_EPS":0.23,"DILUTED_EPS":0.22,"OPERATE_INCOME":702902000,"OPERATE_INCOME_YOY":17.5050025995,"GROSS_PROFIT":198895000,"GROSS_PROFIT_YOY":-25.80648771244,"HOLDER_PROFIT":53289000,"HOLDER_PROFIT_YOY":115.8592713717,"GROSS_PROFIT_RATIO":28.296263205966,"EPS_TTM":-0.441777624897,"OPERATE_INCOME_QOQ":7.631592181031,"NET_PROFIT_RATIO":7.933111586,"ROE_AVG":3.534367176772,"GROSS_PROFIT_QOQ":-11.152757357683,"ROA":2.328451072392,"HOLDER_PROFIT_QOQ":79.926992184496,"ROE_YEARLY":7.068734353543,"ROIC_YEARLY":7.938457884046,"TOTAL_ASSETS":2373342000,"TOTAL_LIABILITIES":782145000,"TAX_EBT":-0.538562582098,"OCF_SALES":10.007511715716,"TOTAL_PARENT_EQUITY":1590395000,"DEBT_ASSET_RATIO":32.95542741,"OPERATE_PROFIT":61721000,"PRETAX_PROFIT":53290000,"NETCASH_OPERATE":70343000,"NETCASH_INVEST":-94876000,"NETCASH_FINANCE":-63753000,"END_CASH":937765000,"DIVI_RATIO":-0.268570414872,"DIVIDEND_RATE":0.396946564885,"CURRENT_RATIO":2.69941748797,"COMMON_ACS":264430287,"CURRENTDEBT_DEBT":56.781159503673,"ISSUED_COMMON_SHARES":241441592,"HK_COMMON_SHARES":241441592,"PER_SHARES":100,"TOTAL_MARKET_CAP":7907212138,"HKSK_MARKET_CAP":7907212138,"PE_TTM":26.822859909479,"PB_TTM":3.095265705292,"REPORT_DATE_SQ":"2021-06-30 00:00:00","REPORT_TYPE_SQ":"2021年中报","OPERATE_INCOME_SQ":598189000,"DPS_HKD":0.13,"OPERATE_INCOME_QOQ_SQ":28.341758828399,"NET_PROFIT_RATIO_SQ":-58.4654682717,"HOLDER_PROFIT_SQ":-349808000,"HOLDER_PROFIT_QOQ_SQ":-66.833105896797,"ROE_AVG_SQ":35.305326561756,"PE_TTM_SQ":42.738946287737,"PB_TTM_SQ":4.20178294608,"ROA_SQ":-21.796873734309,"START_DATE":"2022-01-01 00:00:00","FISCAL_YEAR":"12-31","CURRENCY":"HKD","IS_CNY_CODE":0,"DPS_HKD_LY":null,"ORG_TYPE":"一般企业","PREMIUM_INCOME":null,"PREMIUM_INCOME_YOY":null,"NET_INTEREST_INCOME":null,"NET_INTEREST_INCOME_YOY":null,"FEE_COMMISSION_INCOME":null,"FEE_COMMISSION_INCOME_YOY":null,"ACCOUNTS_RECE_TDAYS":10.123019759203,"INVENTORY_TDAYS":6.455007684426,"CURRENT_ASSETS_TDAYS":0.563296553675,"TOTAL_ASSETS_TDAYS":0.295018280672,"PREMIUM_EXPENSE":null,"LOAN_DEPOSIT":null,"LOAN_EQUITY":null,"LOAN_ASSETS":null,"DEPOSIT_EQUITY":null,"DEPOSIT_ASSETS":null,"EQUITY_MULTIPLIER":1.491545044392,"EQUITY_RATIO":0.491792919369},{"SECUCODE":"02273.HK","SECURITY_CODE":"02273","SECURITY_NAME_ABBR":"固生堂","ORG_CODE":"10000218017","STD_REPORT_DATE":"2021-12-31 00:00:00","REPORT_DATE":"2021-12-31 00:00:00","DATE_TYPE_CODE":"001","REPORT_TYPE":"2021年年报","PER_NETCASH_OPERATE":0.814921382168,"PER_OI":5.955382352276,"BPS":6.415191298109,"BASIC_EPS":-4.38,"DILUTED_EPS":-4.38,"OPERATE_INCOME":1372099000,"OPERATE_INCOME_YOY":48.276357679,"GROSS_PROFIT":620304000,"GROSS_PROFIT_YOY":41.787012274566,"HOLDER_PROFIT":-507069000,"HOLDER_PROFIT_YOY":-98.2682239227,"GROSS_PROFIT_RATIO":45.208399685445,"EPS_TTM":-2.200854146812,"OPERATE_INCOME_QOQ":15.532433895713,"NET_PROFIT_RATIO":-36.9423780646,"ROE_AVG":-244.221715436132,"GROSS_PROFIT_QOQ":12.729460126958,"ROA":-26.428811928561,"HOLDER_PROFIT_QOQ":-18.842254273755,"ROE_YEARLY":-244.221715436132,"ROIC_YEARLY":-39.681495640129,"TOTAL_ASSETS":2391800000,"TOTAL_LIABILITIES":842389000,"TAX_EBT":2.149715649142,"OCF_SALES":13.683779377436,"TOTAL_PARENT_EQUITY":1548894000,"DEBT_ASSET_RATIO":35.2198762438,"OPERATE_PROFIT":-490670000,"PRETAX_PROFIT":-518022000,"NETCASH_OPERATE":187755000,"NETCASH_INVEST":-48952000,"NETCASH_FINANCE":638569000,"END_CASH":1030704000,"DIVI_RATIO":-0.053910160367,"DIVIDEND_RATE":0.396946564885,"CURRENT_RATIO":2.488476114634,"COMMON_ACS":264430287,"CURRENTDEBT_DEBT":61.863936969737,"ISSUED_COMMON_SHARES":241441592,"HK_COMMON_SHARES":241441592,"PER_SHARES":100,"TOTAL_MARKET_CAP":7907212138,"HKSK_MARKET_CAP":7907212138,"PE_TTM":26.822859909479,"PB_TTM":3.095265705292,"REPORT_DATE_SQ":"2020-12-31 00:00:00","REPORT_TYPE_SQ":"2020年年报","OPERATE_INCOME_SQ":925366000,"DPS_HKD":0.13,"OPERATE_INCOME_QOQ_SQ":3.259477144604,"NET_PROFIT_RATIO_SQ":-27.5921095005,"HOLDER_PROFIT_SQ":-255749000,"HOLDER_PROFIT_QOQ_SQ":-72.940094534193,"ROE_AVG_SQ":24.301766885518,"PE_TTM_SQ":42.738946287737,"PB_TTM_SQ":4.20178294608,"ROA_SQ":-20.07872933924,"START_DATE":"2021-01-01 00:00:00","FISCAL_YEAR":"12-31","CURRENCY":"HKD","IS_CNY_CODE":0,"DPS_HKD_LY":null,"ORG_TYPE":"一般企业","PREMIUM_INCOME":null,"PREMIUM_INCOME_YOY":null,"NET_INTEREST_INCOME":null,"NET_INTEREST_INCOME_YOY":null,"FEE_COMMISSION_INCOME":null,"FEE_COMMISSION_INCOME_YOY":null,"ACCOUNTS_RECE_TDAYS":21.228092703756,"INVENTORY_TDAYS":11.128883033448,"CURRENT_ASSETS_TDAYS":1.438447385664,"TOTAL_ASSETS_TDAYS":0.71514816363,"PREMIUM_EXPENSE":null,"LOAN_DEPOSIT":null,"LOAN_EQUITY":null,"LOAN_ASSETS":null,"DEPOSIT_EQUITY":null,"DEPOSIT_ASSETS":null,"EQUITY_MULTIPLIER":1.543683373875,"EQUITY_RATIO":0.543864848079},{"SECUCODE":"02273.HK","SECURITY_CODE":"02273","SECURITY_NAME_ABBR":"固生堂","ORG_CODE":"10000218017","STD_REPORT_DATE":"2021-06-30 00:00:00","REPORT_DATE":"2021-06-30 00:00:00","DATE_TYPE_CODE":"002","REPORT_TYPE":"2021年中报","PER_NETCASH_OPERATE":1.338907822581,"PER_OI":12.465679867419,"BPS":-3.512133071091,"BASIC_EPS":-3.81,"DILUTED_EPS":-3.81,"OPERATE_INCOME":598189000,"OPERATE_INCOME_YOY":78.0727188293,"GROSS_PROFIT":268076000,"GROSS_PROFIT_YOY":72.610378154236,"HOLDER_PROFIT":-349808000,"HOLDER_PROFIT_YOY":-95.551282123,"GROSS_PROFIT_RATIO":44.814598730502,"EPS_TTM":-8.891473249677,"OPERATE_INCOME_QOQ":28.341758828399,"NET_PROFIT_RATIO":-58.4654682717,"ROE_AVG":35.305326561756,"GROSS_PROFIT_QOQ":25.776360602528,"ROA":-21.796873734309,"HOLDER_PROFIT_QOQ":-66.833105896797,"ROE_YEARLY":70.610653123511,"ROIC_YEARLY":-56.585633352731,"TOTAL_ASSETS":1764264000,"TOTAL_LIABILITIES":2611831000,"TAX_EBT":-0.41200233133,"OCF_SALES":10.740752504643,"TOTAL_PARENT_EQUITY":-847975000,"DEBT_ASSET_RATIO":148.0408260895,"OPERATE_PROFIT":-331352000,"PRETAX_PROFIT":-348299000,"NETCASH_OPERATE":64250000,"NETCASH_INVEST":11331000,"NETCASH_FINANCE":164556000,"END_CASH":486203000,"DIVI_RATIO":-0.013344065339,"DIVIDEND_RATE":0.396946564885,"CURRENT_RATIO":0.318426908462,"COMMON_ACS":264430287,"CURRENTDEBT_DEBT":87.630746399748,"ISSUED_COMMON_SHARES":241441592,"HK_COMMON_SHARES":241441592,"PER_SHARES":100,"TOTAL_MARKET_CAP":7907212138,"HKSK_MARKET_CAP":7907212138,"PE_TTM":26.822859909479,"PB_TTM":3.095265705292,"REPORT_DATE_SQ":"2020-06-30 00:00:00","REPORT_TYPE_SQ":"2020年中报","OPERATE_INCOME_SQ":335924000,"DPS_HKD":0.13,"OPERATE_INCOME_QOQ_SQ":0,"NET_PROFIT_RATIO_SQ":-53.2962813017,"HOLDER_PROFIT_SQ":-178883000,"HOLDER_PROFIT_QOQ_SQ":0,"ROE_AVG_SQ":null,"PE_TTM_SQ":42.738946287737,"PB_TTM_SQ":4.20178294608,"ROA_SQ":null,"START_DATE":"2021-01-01 00:00:00","FISCAL_YEAR":"12-31","CURRENCY":"HKD","IS_CNY_CODE":0,"DPS_HKD_LY":null,"ORG_TYPE":"一般企业","PREMIUM_INCOME":null,"PREMIUM_INCOME_YOY":null,"NET_INTEREST_INCOME":null,"NET_INTEREST_INCOME_YOY":null,"FEE_COMMISSION_INCOME":null,"FEE_COMMISSION_INCOME_YOY":null,"ACCOUNTS_RECE_TDAYS":10.233849996578,"INVENTORY_TDAYS":5.203054566088,"CURRENT_ASSETS_TDAYS":0.893004001573,"TOTAL_ASSETS_TDAYS":0.372737333116,"PREMIUM_EXPENSE":null,"LOAN_DEPOSIT":null,"LOAN_EQUITY":null,"LOAN_ASSETS":null,"DEPOSIT_EQUITY":null,"DEPOSIT_ASSETS":null,"EQUITY_MULTIPLIER":-2.081562873496,"EQUITY_RATIO":-3.080080191043},{"SECUCODE":"02273.HK","SECURITY_CODE":"02273","SECURITY_NAME_ABBR":"固生堂","ORG_CODE":"10000218017","STD_REPORT_DATE":"2020-12-31 00:00:00","REPORT_DATE":"2020-12-31 00:00:00","DATE_TYPE_CODE":"001","REPORT_TYPE":"2020年年报","PER_NETCASH_OPERATE":null,"PER_OI":null,"BPS":-4.695301213885,"BASIC_EPS":-3.28,"DILUTED_EPS":-3.28,"OPERATE_INCOME":925366000,"OPERATE_INCOME_YOY":3.2594771446,"GROSS_PROFIT":437490000,"GROSS_PROFIT_YOY":11.816529800106,"HOLDER_PROFIT":-255749000,"HOLDER_PROFIT_YOY":-72.9400945342,"GROSS_PROFIT_RATIO":47.277509655639,"EPS_TTM":null,"OPERATE_INCOME_QOQ":3.259477144604,"NET_PROFIT_RATIO":-27.5921095005,"ROE_AVG":24.301766885518,"GROSS_PROFIT_QOQ":11.816529800106,"ROA":-20.07872933924,"HOLDER_PROFIT_QOQ":-72.940094534193,"ROE_YEARLY":24.301766885518,"ROIC_YEARLY":-23.701651800753,"TOTAL_ASSETS":1445444000,"TOTAL_LIABILITIES":2578751000,"TAX_EBT":-5.610866840666,"OCF_SALES":16.739754864562,"TOTAL_PARENT_EQUITY":-1133641000,"DEBT_ASSET_RATIO":178.4054588071,"OPERATE_PROFIT":-208424000,"PRETAX_PROFIT":-241763000,"NETCASH_OPERATE":154904000,"NETCASH_INVEST":-117471000,"NETCASH_FINANCE":76202000,"END_CASH":249994000,"DIVI_RATIO":null,"DIVIDEND_RATE":0.396946564885,"CURRENT_RATIO":0.299751138815,"COMMON_ACS":264430287,"CURRENTDEBT_DEBT":79.033764795438,"ISSUED_COMMON_SHARES":241441592,"HK_COMMON_SHARES":241441592,"PER_SHARES":100,"TOTAL_MARKET_CAP":7907212138,"HKSK_MARKET_CAP":7907212138,"PE_TTM":26.822859909479,"PB_TTM":3.095265705292,"REPORT_DATE_SQ":"2019-12-31 00:00:00","REPORT_TYPE_SQ":"2019年年报","OPERATE_INCOME_SQ":896156000,"DPS_HKD":0.13,"OPERATE_INCOME_QOQ_SQ":23.395823723399,"NET_PROFIT_RATIO_SQ":-16.5172135209,"HOLDER_PROFIT_SQ":-147883000,"HOLDER_PROFIT_QOQ_SQ":14.50910793671,"ROE_AVG_SQ":16.529436453553,"PE_TTM_SQ":42.738946287737,"PB_TTM_SQ":4.20178294608,"ROA_SQ":-13.765963814346,"START_DATE":"2020-01-01 00:00:00","FISCAL_YEAR":"12-31","CURRENCY":"HKD","IS_CNY_CODE":0,"DPS_HKD_LY":null,"ORG_TYPE":"一般企业","PREMIUM_INCOME":null,"PREMIUM_INCOME_YOY":null,"NET_INTEREST_INCOME":null,"NET_INTEREST_INCOME_YOY":null,"FEE_COMMISSION_INCOME":null,"FEE_COMMISSION_INCOME_YOY":null,"ACCOUNTS_RECE_TDAYS":18.709192183662,"INVENTORY_TDAYS":9.488059120965,"CURRENT_ASSETS_TDAYS":1.855389026456,"TOTAL_ASSETS_TDAYS":0.726500336413,"PREMIUM_EXPENSE":null,"LOAN_DEPOSIT":null,"LOAN_EQUITY":null,"LOAN_ASSETS":null,"DEPOSIT_EQUITY":null,"DEPOSIT_ASSETS":null,"EQUITY_MULTIPLIER":-1.275421399498,"EQUITY_RATIO":-2.274751001419},{"SECUCODE":"02273.HK","SECURITY_CODE":"02273","SECURITY_NAME_ABBR":"固生堂","ORG_CODE":"10000218017","STD_REPORT_DATE":"2020-06-30 00:00:00","REPORT_DATE":"2020-06-30 00:00:00","DATE_TYPE_CODE":"002","REPORT_TYPE":"2020年中报","PER_NETCASH_OPERATE":null,"PER_OI":null,"BPS":null,"BASIC_EPS":-2.29,"DILUTED_EPS":-2.29,"OPERATE_INCOME":335924000,"OPERATE_INCOME_YOY":null,"GROSS_PROFIT":155307000,"GROSS_PROFIT_YOY":null,"HOLDER_PROFIT":-178883000,"HOLDER_PROFIT_YOY":null,"GROSS_PROFIT_RATIO":46.232778842834,"EPS_TTM":null,"OPERATE_INCOME_QOQ":0,"NET_PROFIT_RATIO":-53.2962813017,"ROE_AVG":null,"GROSS_PROFIT_QOQ":0,"ROA":null,"HOLDER_PROFIT_QOQ":0,"ROE_YEARLY":null,"ROIC_YEARLY":null,"TOTAL_ASSETS":null,"TOTAL_LIABILITIES":null,"TAX_EBT":-1.822783370301,"OCF_SALES":6.260642288137,"TOTAL_PARENT_EQUITY":null,"DEBT_ASSET_RATIO":null,"OPERATE_PROFIT":null,"PRETAX_PROFIT":-175830000,"NETCASH_OPERATE":21031000,"NETCASH_INVEST":19719000,"NETCASH_FINANCE":-37705000,"END_CASH":140086000,"DIVI_RATIO":null,"DIVIDEND_RATE":0.396946564885,"CURRENT_RATIO":null,"COMMON_ACS":264430287,"CURRENTDEBT_DEBT":null,"ISSUED_COMMON_SHARES":241441592,"HK_COMMON_SHARES":241441592,"PER_SHARES":100,"TOTAL_MARKET_CAP":7907212138,"HKSK_MARKET_CAP":7907212138,"PE_TTM":26.822859909479,"PB_TTM":3.095265705292,"REPORT_DATE_SQ":"2019-06-30 00:00:00","REPORT_TYPE_SQ":"2019年中报","OPERATE_INCOME_SQ":null,"DPS_HKD":0.13,"OPERATE_INCOME_QOQ_SQ":0,"NET_PROFIT_RATIO_SQ":null,"HOLDER_PROFIT_SQ":null,"HOLDER_PROFIT_QOQ_SQ":0,"ROE_AVG_SQ":null,"PE_TTM_SQ":42.738946287737,"PB_TTM_SQ":4.20178294608,"ROA_SQ":null,"START_DATE":"2020-01-01 00:00:00","FISCAL_YEAR":"12-31","CURRENCY":"HKD","IS_CNY_CODE":0,"DPS_HKD_LY":null,"ORG_TYPE":"一般企业","PREMIUM_INCOME":null,"PREMIUM_INCOME_YOY":null,"NET_INTEREST_INCOME":null,"NET_INTEREST_INCOME_YOY":null,"FEE_COMMISSION_INCOME":null,"FEE_COMMISSION_INCOME_YOY":null,"ACCOUNTS_RECE_TDAYS":null,"INVENTORY_TDAYS":null,"CURRENT_ASSETS_TDAYS":1.737963432427,"TOTAL_ASSETS_TDAYS":0.609652473916,"PREMIUM_EXPENSE":null,"LOAN_DEPOSIT":null,"LOAN_EQUITY":null,"LOAN_ASSETS":null,"DEPOSIT_EQUITY":null,"DEPOSIT_ASSETS":null,"EQUITY_MULTIPLIER":null,"EQUITY_RATIO":null}],"count":11},"success":true,"message":"ok","code":0}