{"version":"aaa953ca0bdc7e0064ef7b68dced4e22","result":{"pages":3,"data":[{"SECUCODE":"02289.HK","SECURITY_CODE":"02289","SECURITY_NAME_ABBR":"创美药业","ORG_CODE":"10285667","STD_REPORT_DATE":"2024-06-30 00:00:00","REPORT_DATE":"2024-06-30 00:00:00","DATE_TYPE_CODE":"002","REPORT_TYPE":"2024年中报","PER_NETCASH_OPERATE":-1.617469533796,"PER_OI":21.73319382713,"BPS":5.482908257685,"BASIC_EPS":0.2477,"DILUTED_EPS":0.2477,"OPERATE_INCOME":2347184933.33,"OPERATE_INCOME_YOY":3.4424150136,"GROSS_PROFIT":169184930.32,"GROSS_PROFIT_YOY":18.851163350194,"HOLDER_PROFIT":26747235.53,"HOLDER_PROFIT_YOY":1.4977315388,"GROSS_PROFIT_RATIO":7.207993197194,"EPS_TTM":0.479068667315,"OPERATE_INCOME_QOQ":1.773783946344,"NET_PROFIT_RATIO":1.1395452974,"ROE_AVG":4.495481229369,"GROSS_PROFIT_QOQ":9.166604760799,"ROA":0.820680396682,"HOLDER_PROFIT_QOQ":0.768706765293,"ROE_YEARLY":8.990962458737,"ROIC_YEARLY":1.952416566027,"TOTAL_ASSETS":3270651527.39,"TOTAL_LIABILITIES":2678497435.56,"TAX_EBT":31.290397073448,"OCF_SALES":-7.442392253352,"TOTAL_PARENT_EQUITY":592154091.83,"DEBT_ASSET_RATIO":81.8949195024,"OPERATE_PROFIT":73030641.07,"PRETAX_PROFIT":38927943.68,"NETCASH_OPERATE":-174686709.65,"NETCASH_INVEST":-9820223.77,"NETCASH_FINANCE":202155792.79,"END_CASH":130580533.36,"DIVI_RATIO":0.623804260243,"DIVIDEND_RATE":4.217020460358,"CURRENT_RATIO":1.073813247943,"COMMON_ACS":null,"CURRENTDEBT_DEBT":98.488005014963,"ISSUED_COMMON_SHARES":108000000,"HK_COMMON_SHARES":108000000,"PER_SHARES":500,"TOTAL_MARKET_CAP":844560000,"HKSK_MARKET_CAP":844560000,"PE_TTM":14.718248840167,"PB_TTM":1.301710199144,"REPORT_DATE_SQ":"2023-06-30 00:00:00","REPORT_TYPE_SQ":"2023年中报","OPERATE_INCOME_SQ":2269073989.64,"DPS_HKD":0.329771,"OPERATE_INCOME_QOQ_SQ":9.14895986193,"NET_PROFIT_RATIO_SQ":1.1613788387,"HOLDER_PROFIT_SQ":26352545.15,"HOLDER_PROFIT_QOQ_SQ":6.321306268323,"ROE_AVG_SQ":4.512898108056,"PE_TTM_SQ":11.553803951106,"PB_TTM_SQ":1.96430789848,"ROA_SQ":0.924804727699,"START_DATE":"2024-01-01 00:00:00","FISCAL_YEAR":"12-31","CURRENCY":"HKD","IS_CNY_CODE":0,"DPS_HKD_LY":0.329771,"ORG_TYPE":"一般企业","PREMIUM_INCOME":null,"PREMIUM_INCOME_YOY":null,"NET_INTEREST_INCOME":null,"NET_INTEREST_INCOME_YOY":null,"FEE_COMMISSION_INCOME":null,"FEE_COMMISSION_INCOME_YOY":null,"ACCOUNTS_RECE_TDAYS":2.26653966411,"INVENTORY_TDAYS":2.768073595694,"CURRENT_ASSETS_TDAYS":0.831639416151,"TOTAL_ASSETS_TDAYS":0.7201823381,"PREMIUM_EXPENSE":null,"LOAN_DEPOSIT":null,"LOAN_EQUITY":null,"LOAN_ASSETS":null,"DEPOSIT_EQUITY":null,"DEPOSIT_ASSETS":null,"EQUITY_MULTIPLIER":5.523311537513,"EQUITY_RATIO":4.523311537513},{"SECUCODE":"02289.HK","SECURITY_CODE":"02289","SECURITY_NAME_ABBR":"创美药业","ORG_CODE":"10285667","STD_REPORT_DATE":"2023-12-31 00:00:00","REPORT_DATE":"2023-12-31 00:00:00","DATE_TYPE_CODE":"001","REPORT_TYPE":"2023年年报","PER_NETCASH_OPERATE":-0.893867084537,"PER_OI":40.774384056296,"BPS":5.535248669444,"BASIC_EPS":0.4754,"DILUTED_EPS":0.4754,"OPERATE_INCOME":4403633478.08,"OPERATE_INCOME_YOY":5.4692018602,"GROSS_PROFIT":292743924.28,"GROSS_PROFIT_YOY":7.722352863706,"HOLDER_PROFIT":51344725.69,"HOLDER_PROFIT_YOY":-43.2479105515,"GROSS_PROFIT_RATIO":6.647781331875,"EPS_TTM":0.475414126759,"OPERATE_INCOME_QOQ":-3.371317515436,"NET_PROFIT_RATIO":1.1659627429,"ROE_AVG":8.608611046717,"GROSS_PROFIT_QOQ":1.038104957951,"ROA":1.679704953861,"HOLDER_PROFIT_QOQ":-46.567982906276,"ROE_YEARLY":8.608611046717,"ROIC_YEARLY":2.059278968086,"TOTAL_ASSETS":3247655876.6,"TOTAL_LIABILITIES":2649849020.3,"TAX_EBT":23.842987603944,"OCF_SALES":-2.19222706909,"TOTAL_PARENT_EQUITY":597806856.3,"DEBT_ASSET_RATIO":81.5926662487,"OPERATE_PROFIT":109770821.31,"PRETAX_PROFIT":67419563.97,"NETCASH_OPERATE":-96537645.13,"NETCASH_INVEST":39337455.54,"NETCASH_FINANCE":101261867.71,"END_CASH":112928817.62,"DIVI_RATIO":0.628599485794,"DIVIDEND_RATE":3.399701030928,"CURRENT_RATIO":1.073750436441,"COMMON_ACS":null,"CURRENTDEBT_DEBT":98.830460940507,"ISSUED_COMMON_SHARES":108000000,"HK_COMMON_SHARES":108000000,"PER_SHARES":500,"TOTAL_MARKET_CAP":1047600000,"HKSK_MARKET_CAP":1047600000,"PE_TTM":18.256651374632,"PB_TTM":1.614653316074,"REPORT_DATE_SQ":"2022-12-31 00:00:00","REPORT_TYPE_SQ":"2022年年报","OPERATE_INCOME_SQ":4175279039.2,"DPS_HKD":0.329771,"OPERATE_INCOME_QOQ_SQ":13.222287692193,"NET_PROFIT_RATIO_SQ":2.1646538572,"HOLDER_PROFIT_SQ":90471956.52,"HOLDER_PROFIT_QOQ_SQ":406.871754409004,"ROE_AVG_SQ":16.453965149888,"PE_TTM_SQ":11.962788161765,"PB_TTM_SQ":2.033840921435,"ROA_SQ":3.211252919825,"START_DATE":"2023-01-01 00:00:00","FISCAL_YEAR":"12-31","CURRENCY":"HKD","IS_CNY_CODE":0,"DPS_HKD_LY":0.498866,"ORG_TYPE":"一般企业","PREMIUM_INCOME":null,"PREMIUM_INCOME_YOY":null,"NET_INTEREST_INCOME":null,"NET_INTEREST_INCOME_YOY":null,"FEE_COMMISSION_INCOME":null,"FEE_COMMISSION_INCOME_YOY":null,"ACCOUNTS_RECE_TDAYS":4.811117449818,"INVENTORY_TDAYS":6.033468351487,"CURRENT_ASSETS_TDAYS":1.669826260323,"TOTAL_ASSETS_TDAYS":1.440616318174,"PREMIUM_EXPENSE":null,"LOAN_DEPOSIT":null,"LOAN_EQUITY":null,"LOAN_ASSETS":null,"DEPOSIT_EQUITY":null,"DEPOSIT_ASSETS":null,"EQUITY_MULTIPLIER":5.432617311724,"EQUITY_RATIO":4.43261731172},{"SECUCODE":"02289.HK","SECURITY_CODE":"02289","SECURITY_NAME_ABBR":"创美药业","ORG_CODE":"10285667","STD_REPORT_DATE":"2023-06-30 00:00:00","REPORT_DATE":"2023-06-30 00:00:00","DATE_TYPE_CODE":"002","REPORT_TYPE":"2023年中报","PER_NETCASH_OPERATE":-2.118332901111,"PER_OI":21.009944348519,"BPS":5.303839590556,"BASIC_EPS":0.244,"DILUTED_EPS":0.244,"OPERATE_INCOME":2269073989.64,"OPERATE_INCOME_YOY":20.2426355886,"GROSS_PROFIT":142350251.82,"GROSS_PROFIT_YOY":14.455299054641,"HOLDER_PROFIT":26352545.15,"HOLDER_PROFIT_YOY":27.6812222802,"GROSS_PROFIT_RATIO":6.273495376084,"EPS_TTM":0.889755155463,"OPERATE_INCOME_QOQ":9.14895986193,"NET_PROFIT_RATIO":1.1613788387,"ROE_AVG":4.512898108056,"GROSS_PROFIT_QOQ":6.615571331762,"ROA":0.924804727699,"HOLDER_PROFIT_QOQ":6.321306268323,"ROE_YEARLY":9.025796216112,"ROIC_YEARLY":2.213853062072,"TOTAL_ASSETS":2833165555.14,"TOTAL_LIABILITIES":2260350879.36,"TAX_EBT":25.04420788479,"OCF_SALES":-10.0825250461,"TOTAL_PARENT_EQUITY":572814675.78,"DEBT_ASSET_RATIO":79.7818142063,"OPERATE_PROFIT":52943425.71,"PRETAX_PROFIT":35157450.02,"NETCASH_OPERATE":-228779953.32,"NETCASH_INVEST":49883575.4,"NETCASH_FINANCE":202940969.13,"END_CASH":92918702.11,"DIVI_RATIO":0.3358733847,"DIVIDEND_RATE":3.664122222222,"CURRENT_RATIO":1.076409100705,"COMMON_ACS":null,"CURRENTDEBT_DEBT":99.352386742976,"ISSUED_COMMON_SHARES":108000000,"HK_COMMON_SHARES":108000000,"PER_SHARES":500,"TOTAL_MARKET_CAP":972000000,"HKSK_MARKET_CAP":972000000,"PE_TTM":16.939161069246,"PB_TTM":1.498131942749,"REPORT_DATE_SQ":"2022-06-30 00:00:00","REPORT_TYPE_SQ":"2022年中报","OPERATE_INCOME_SQ":1887079386.22,"DPS_HKD":0.329771,"OPERATE_INCOME_QOQ_SQ":-2.792446213299,"NET_PROFIT_RATIO_SQ":1.0937180111,"HOLDER_PROFIT_SQ":20639327.13,"HOLDER_PROFIT_QOQ_SQ":-22.986391016607,"ROE_AVG_SQ":4.012142063427,"PE_TTM_SQ":11.676499214304,"PB_TTM_SQ":1.985167805367,"ROA_SQ":0.763093913667,"START_DATE":"2023-01-01 00:00:00","FISCAL_YEAR":"12-31","CURRENCY":"HKD","IS_CNY_CODE":0,"DPS_HKD_LY":0.498866,"ORG_TYPE":"一般企业","PREMIUM_INCOME":null,"PREMIUM_INCOME_YOY":null,"NET_INTEREST_INCOME":null,"NET_INTEREST_INCOME_YOY":null,"FEE_COMMISSION_INCOME":null,"FEE_COMMISSION_INCOME_YOY":null,"ACCOUNTS_RECE_TDAYS":2.625720481761,"INVENTORY_TDAYS":3.251364108339,"CURRENT_ASSETS_TDAYS":0.930011861601,"TOTAL_ASSETS_TDAYS":0.796298930966,"PREMIUM_EXPENSE":null,"LOAN_DEPOSIT":null,"LOAN_EQUITY":null,"LOAN_ASSETS":null,"DEPOSIT_EQUITY":null,"DEPOSIT_ASSETS":null,"EQUITY_MULTIPLIER":4.946042192923,"EQUITY_RATIO":3.946042192935},{"SECUCODE":"02289.HK","SECURITY_CODE":"02289","SECURITY_NAME_ABBR":"创美药业","ORG_CODE":"10285667","STD_REPORT_DATE":"2022-12-31 00:00:00","REPORT_DATE":"2022-12-31 00:00:00","DATE_TYPE_CODE":"001","REPORT_TYPE":"2022年年报","PER_NETCASH_OPERATE":0.407873189444,"PER_OI":38.659991103704,"BPS":5.504465911111,"BASIC_EPS":0.8377,"DILUTED_EPS":0.8377,"OPERATE_INCOME":4175279039.2,"OPERATE_INCOME_YOY":10.0606162069,"GROSS_PROFIT":271757826.02,"GROSS_PROFIT_YOY":14.559863289027,"HOLDER_PROFIT":90471956.52,"HOLDER_PROFIT_YOY":290.3602309878,"GROSS_PROFIT_RATIO":6.508734469447,"EPS_TTM":0.836854988611,"OPERATE_INCOME_QOQ":13.222287692193,"NET_PROFIT_RATIO":2.1646538572,"ROE_AVG":16.453965149888,"GROSS_PROFIT_QOQ":19.957739653779,"ROA":3.211252919825,"HOLDER_PROFIT_QOQ":406.871754409004,"ROE_YEARLY":16.453965149888,"ROIC_YEARLY":4.011434947519,"TOTAL_ASSETS":2866464956.25,"TOTAL_LIABILITIES":2271402825.64,"TAX_EBT":25.875284468265,"OCF_SALES":1.055026599335,"TOTAL_PARENT_EQUITY":595062130.61,"DEBT_ASSET_RATIO":79.2565895519,"OPERATE_PROFIT":159182553.96,"PRETAX_PROFIT":122053698.11,"NETCASH_OPERATE":44050304.46,"NETCASH_INVEST":71762463.27,"NETCASH_FINANCE":-191211558.73,"END_CASH":68861408.6,"DIVI_RATIO":0.357104970021,"DIVIDEND_RATE":3.664122222222,"CURRENT_RATIO":1.09167169321,"COMMON_ACS":null,"CURRENTDEBT_DEBT":99.30373296839,"ISSUED_COMMON_SHARES":108000000,"HK_COMMON_SHARES":108000000,"PER_SHARES":500,"TOTAL_MARKET_CAP":972000000,"HKSK_MARKET_CAP":972000000,"PE_TTM":16.939161069246,"PB_TTM":1.498131942749,"REPORT_DATE_SQ":"2021-12-31 00:00:00","REPORT_TYPE_SQ":"2021年年报","OPERATE_INCOME_SQ":3793617720.03,"DPS_HKD":0.329771,"OPERATE_INCOME_QOQ_SQ":-8.010434355558,"NET_PROFIT_RATIO_SQ":0.6103161093,"HOLDER_PROFIT_SQ":23153060.07,"HOLDER_PROFIT_QOQ_SQ":-35.043899860251,"ROE_AVG_SQ":4.600017759609,"PE_TTM_SQ":11.676499214304,"PB_TTM_SQ":1.985167805367,"ROA_SQ":0.832470441462,"START_DATE":"2022-01-01 00:00:00","FISCAL_YEAR":"12-31","CURRENCY":"HKD","IS_CNY_CODE":0,"DPS_HKD_LY":null,"ORG_TYPE":"一般企业","PREMIUM_INCOME":null,"PREMIUM_INCOME_YOY":null,"NET_INTEREST_INCOME":null,"NET_INTEREST_INCOME_YOY":null,"FEE_COMMISSION_INCOME":null,"FEE_COMMISSION_INCOME_YOY":null,"ACCOUNTS_RECE_TDAYS":5.230488369511,"INVENTORY_TDAYS":7.123148154326,"CURRENT_ASSETS_TDAYS":1.77649388507,"TOTAL_ASSETS_TDAYS":1.483494882647,"PREMIUM_EXPENSE":null,"LOAN_DEPOSIT":null,"LOAN_EQUITY":null,"LOAN_ASSETS":null,"DEPOSIT_EQUITY":null,"DEPOSIT_ASSETS":null,"EQUITY_MULTIPLIER":4.820808046497,"EQUITY_RATIO":3.817085155985},{"SECUCODE":"02289.HK","SECURITY_CODE":"02289","SECURITY_NAME_ABBR":"创美药业","ORG_CODE":"10285667","STD_REPORT_DATE":"2022-06-30 00:00:00","REPORT_DATE":"2022-06-30 00:00:00","DATE_TYPE_CODE":"002","REPORT_TYPE":"2022年中报","PER_NETCASH_OPERATE":-0.291117820741,"PER_OI":17.472957279815,"BPS":4.858715803333,"BASIC_EPS":0.1911,"DILUTED_EPS":0.1911,"OPERATE_INCOME":1887079386.22,"OPERATE_INCOME_YOY":-5.3153027505,"GROSS_PROFIT":124371918.99,"GROSS_PROFIT_YOY":-7.904263711071,"HOLDER_PROFIT":20639327.13,"HOLDER_PROFIT_YOY":-20.4998844813,"GROSS_PROFIT_RATIO":6.590709426334,"EPS_TTM":0.165101918056,"OPERATE_INCOME_QOQ":-2.792446213299,"NET_PROFIT_RATIO":1.0937180111,"ROE_AVG":4.012142063427,"GROSS_PROFIT_QOQ":-4.499815001793,"ROA":0.763093913667,"HOLDER_PROFIT_QOQ":-22.986391016607,"ROE_YEARLY":8.024284126854,"ROIC_YEARLY":1.904170697348,"TOTAL_ASSETS":2646289095.74,"TOTAL_LIABILITIES":2121547788.98,"TAX_EBT":20.15077905403,"OCF_SALES":-1.666105033503,"TOTAL_PARENT_EQUITY":524741306.76,"DEBT_ASSET_RATIO":80.1706734308,"OPERATE_PROFIT":44908351.75,"PRETAX_PROFIT":25847875.39,"NETCASH_OPERATE":-31440724.64,"NETCASH_INVEST":-2162993.89,"NETCASH_FINANCE":-42656862.23,"END_CASH":72852099.15,"DIVI_RATIO":1.810064226628,"DIVIDEND_RATE":3.664122222222,"CURRENT_RATIO":1.048394046339,"COMMON_ACS":null,"CURRENTDEBT_DEBT":96.11354316748,"ISSUED_COMMON_SHARES":108000000,"HK_COMMON_SHARES":108000000,"PER_SHARES":500,"TOTAL_MARKET_CAP":972000000,"HKSK_MARKET_CAP":972000000,"PE_TTM":16.939161069246,"PB_TTM":1.498131942749,"REPORT_DATE_SQ":"2021-06-30 00:00:00","REPORT_TYPE_SQ":"2021年中报","OPERATE_INCOME_SQ":1993014120.59,"DPS_HKD":0.329771,"OPERATE_INCOME_QOQ_SQ":3.313234363887,"NET_PROFIT_RATIO_SQ":1.302618972,"HOLDER_PROFIT_SQ":25961380.05,"HOLDER_PROFIT_QOQ_SQ":-12.111164209561,"ROE_AVG_SQ":5.143621368151,"PE_TTM_SQ":11.676499214304,"PB_TTM_SQ":1.985167805367,"ROA_SQ":0.935019031751,"START_DATE":"2022-01-01 00:00:00","FISCAL_YEAR":"12-31","CURRENCY":"HKD","IS_CNY_CODE":0,"DPS_HKD_LY":null,"ORG_TYPE":"一般企业","PREMIUM_INCOME":null,"PREMIUM_INCOME_YOY":null,"NET_INTEREST_INCOME":null,"NET_INTEREST_INCOME_YOY":null,"FEE_COMMISSION_INCOME":null,"FEE_COMMISSION_INCOME_YOY":null,"ACCOUNTS_RECE_TDAYS":2.527815720932,"INVENTORY_TDAYS":3.303427431559,"CURRENT_ASSETS_TDAYS":0.862468302566,"TOTAL_ASSETS_TDAYS":0.697706269764,"PREMIUM_EXPENSE":null,"LOAN_DEPOSIT":null,"LOAN_EQUITY":null,"LOAN_ASSETS":null,"DEPOSIT_EQUITY":null,"DEPOSIT_ASSETS":null,"EQUITY_MULTIPLIER":5.043035609456,"EQUITY_RATIO":4.04303560945},{"SECUCODE":"02289.HK","SECURITY_CODE":"02289","SECURITY_NAME_ABBR":"创美药业","ORG_CODE":"10285667","STD_REPORT_DATE":"2021-12-31 00:00:00","REPORT_DATE":"2021-12-31 00:00:00","DATE_TYPE_CODE":"001","REPORT_TYPE":"2021年年报","PER_NETCASH_OPERATE":-0.180957335278,"PER_OI":35.126090000278,"BPS":4.6676109225,"BASIC_EPS":0.2144,"DILUTED_EPS":0.2144,"OPERATE_INCOME":3793617720.03,"OPERATE_INCOME_YOY":-4.9626044554,"GROSS_PROFIT":237219055.8,"GROSS_PROFIT_YOY":-1.325169772045,"HOLDER_PROFIT":23153060.07,"HOLDER_PROFIT_YOY":-42.9108398123,"GROSS_PROFIT_RATIO":6.253109124504,"EPS_TTM":0.214380185833,"OPERATE_INCOME_QOQ":-8.010434355558,"NET_PROFIT_RATIO":0.6103161093,"ROE_AVG":4.600017759609,"GROSS_PROFIT_QOQ":-6.303600593495,"ROA":0.832470441462,"HOLDER_PROFIT_QOQ":-35.043899860251,"ROE_YEARLY":4.600017759609,"ROIC_YEARLY":1.066468870108,"TOTAL_ASSETS":2763091521.86,"TOTAL_LIABILITIES":2258989542.23,"TAX_EBT":29.797897205755,"OCF_SALES":-0.515165039082,"TOTAL_PARENT_EQUITY":504101979.63,"DEBT_ASSET_RATIO":81.7558710726,"OPERATE_PROFIT":75265656.05,"PRETAX_PROFIT":32980579.14,"NETCASH_OPERATE":-19543392.21,"NETCASH_INVEST":-24402068.4,"NETCASH_FINANCE":74400884.77,"END_CASH":144226724.41,"DIVI_RATIO":1.393995785843,"DIVIDEND_RATE":3.664122222222,"CURRENT_RATIO":1.036730092574,"COMMON_ACS":null,"CURRENTDEBT_DEBT":95.570374965914,"ISSUED_COMMON_SHARES":108000000,"HK_COMMON_SHARES":108000000,"PER_SHARES":500,"TOTAL_MARKET_CAP":972000000,"HKSK_MARKET_CAP":972000000,"PE_TTM":16.939161069246,"PB_TTM":1.498131942749,"REPORT_DATE_SQ":"2020-12-31 00:00:00","REPORT_TYPE_SQ":"2020年年报","OPERATE_INCOME_SQ":3991710524.36,"DPS_HKD":0.329771,"OPERATE_INCOME_QOQ_SQ":9.498293453336,"NET_PROFIT_RATIO_SQ":1.0160046722,"HOLDER_PROFIT_SQ":40555965.43,"HOLDER_PROFIT_QOQ_SQ":41.202562775638,"ROE_AVG_SQ":8.225178650663,"PE_TTM_SQ":11.676499214304,"PB_TTM_SQ":1.985167805367,"ROA_SQ":1.529487276474,"START_DATE":"2021-01-01 00:00:00","FISCAL_YEAR":"12-31","CURRENCY":"HKD","IS_CNY_CODE":0,"DPS_HKD_LY":0.242078,"ORG_TYPE":"一般企业","PREMIUM_INCOME":null,"PREMIUM_INCOME_YOY":null,"NET_INTEREST_INCOME":null,"NET_INTEREST_INCOME_YOY":null,"FEE_COMMISSION_INCOME":null,"FEE_COMMISSION_INCOME_YOY":null,"ACCOUNTS_RECE_TDAYS":5.163299388919,"INVENTORY_TDAYS":6.500660648234,"CURRENT_ASSETS_TDAYS":1.68998395063,"TOTAL_ASSETS_TDAYS":1.363998801274,"PREMIUM_EXPENSE":null,"LOAN_DEPOSIT":null,"LOAN_EQUITY":null,"LOAN_ASSETS":null,"DEPOSIT_EQUITY":null,"DEPOSIT_ASSETS":null,"EQUITY_MULTIPLIER":5.481215376077,"EQUITY_RATIO":4.481215376079},{"SECUCODE":"02289.HK","SECURITY_CODE":"02289","SECURITY_NAME_ABBR":"创美药业","ORG_CODE":"10285667","STD_REPORT_DATE":"2021-06-30 00:00:00","REPORT_DATE":"2021-06-30 00:00:00","DATE_TYPE_CODE":"002","REPORT_TYPE":"2021年中报","PER_NETCASH_OPERATE":-1.016687718889,"PER_OI":18.453834449907,"BPS":4.693613885278,"BASIC_EPS":0.2404,"DILUTED_EPS":0.2404,"OPERATE_INCOME":1993014120.59,"OPERATE_INCOME_YOY":7.1075672169,"GROSS_PROFIT":135046337.65,"GROSS_PROFIT_YOY":10.446794843966,"HOLDER_PROFIT":25961380.05,"HOLDER_PROFIT_YOY":-15.9096005998,"GROSS_PROFIT_RATIO":6.77598498951,"EPS_TTM":0.330038572778,"OPERATE_INCOME_QOQ":3.313234363887,"NET_PROFIT_RATIO":1.302618972,"ROE_AVG":5.143621368151,"GROSS_PROFIT_QOQ":5.313364070534,"ROA":0.935019031751,"HOLDER_PROFIT_QOQ":-12.111164209561,"ROE_YEARLY":10.287242736302,"ROIC_YEARLY":2.293952220682,"TOTAL_ASSETS":2753720649.35,"TOTAL_LIABILITIES":2246810349.74,"TAX_EBT":24.81602215488,"OCF_SALES":-5.509357535685,"TOTAL_PARENT_EQUITY":506910299.61,"DEBT_ASSET_RATIO":81.5918038117,"OPERATE_PROFIT":56326565.26,"PRETAX_PROFIT":34530468.85,"NETCASH_OPERATE":-109802273.64,"NETCASH_INVEST":-21678367.72,"NETCASH_FINANCE":52879568.56,"END_CASH":35410806.58,"DIVI_RATIO":0.905485298596,"DIVIDEND_RATE":3.664122222222,"CURRENT_RATIO":1.043179551145,"COMMON_ACS":null,"CURRENTDEBT_DEBT":94.780429772207,"ISSUED_COMMON_SHARES":108000000,"HK_COMMON_SHARES":108000000,"PER_SHARES":500,"TOTAL_MARKET_CAP":972000000,"HKSK_MARKET_CAP":972000000,"PE_TTM":16.939161069246,"PB_TTM":1.498131942749,"REPORT_DATE_SQ":"2020-06-30 00:00:00","REPORT_TYPE_SQ":"2020年中报","OPERATE_INCOME_SQ":1860759395.79,"DPS_HKD":0.329771,"OPERATE_INCOME_QOQ_SQ":4.371060121049,"NET_PROFIT_RATIO_SQ":1.6591709648,"HOLDER_PROFIT_SQ":30873179.62,"HOLDER_PROFIT_QOQ_SQ":-28.469654782167,"ROE_AVG_SQ":6.323496806616,"PE_TTM_SQ":11.676499214304,"PB_TTM_SQ":1.985167805367,"ROA_SQ":1.26035688915,"START_DATE":"2021-01-01 00:00:00","FISCAL_YEAR":"12-31","CURRENCY":"HKD","IS_CNY_CODE":0,"DPS_HKD_LY":0.242078,"ORG_TYPE":"一般企业","PREMIUM_INCOME":null,"PREMIUM_INCOME_YOY":null,"NET_INTEREST_INCOME":null,"NET_INTEREST_INCOME_YOY":null,"FEE_COMMISSION_INCOME":null,"FEE_COMMISSION_INCOME_YOY":null,"ACCOUNTS_RECE_TDAYS":2.655267827957,"INVENTORY_TDAYS":3.161565128715,"CURRENT_ASSETS_TDAYS":0.891171140574,"TOTAL_ASSETS_TDAYS":0.717799334901,"PREMIUM_EXPENSE":null,"LOAN_DEPOSIT":null,"LOAN_EQUITY":null,"LOAN_ASSETS":null,"DEPOSIT_EQUITY":null,"DEPOSIT_ASSETS":null,"EQUITY_MULTIPLIER":5.432362789764,"EQUITY_RATIO":4.432362789765},{"SECUCODE":"02289.HK","SECURITY_CODE":"02289","SECURITY_NAME_ABBR":"创美药业","ORG_CODE":"10285667","STD_REPORT_DATE":"2020-12-31 00:00:00","REPORT_DATE":"2020-12-31 00:00:00","DATE_TYPE_CODE":"001","REPORT_TYPE":"2020年年报","PER_NETCASH_OPERATE":1.213674571759,"PER_OI":36.960282632963,"BPS":4.653230736667,"BASIC_EPS":0.3755,"DILUTED_EPS":0.3755,"OPERATE_INCOME":3991710524.36,"OPERATE_INCOME_YOY":14.2845296917,"GROSS_PROFIT":240404827.91,"GROSS_PROFIT_YOY":7.480813895581,"HOLDER_PROFIT":40555965.43,"HOLDER_PROFIT_YOY":1.0026806098,"GROSS_PROFIT_RATIO":6.022601750375,"EPS_TTM":0.375518198426,"OPERATE_INCOME_QOQ":9.498293453336,"NET_PROFIT_RATIO":1.0160046722,"ROE_AVG":8.225178650663,"GROSS_PROFIT_QOQ":14.900348506989,"ROA":1.529487276474,"HOLDER_PROFIT_QOQ":41.202562775638,"ROE_YEARLY":8.225178650663,"ROIC_YEARLY":1.928215648639,"TOTAL_ASSETS":2799402692.19,"TOTAL_LIABILITIES":2296853772.63,"TAX_EBT":25.914865918103,"OCF_SALES":3.283726436326,"TOTAL_PARENT_EQUITY":502548919.56,"DEBT_ASSET_RATIO":82.0479947039,"OPERATE_PROFIT":87174699.91,"PRETAX_PROFIT":54742379.74,"NETCASH_OPERATE":131076853.75,"NETCASH_INVEST":-54779575.62,"NETCASH_FINANCE":-2676203.24,"END_CASH":113771300.25,"DIVI_RATIO":0.79582048719,"DIVIDEND_RATE":3.664122222222,"CURRENT_RATIO":1.041311406488,"COMMON_ACS":null,"CURRENTDEBT_DEBT":94.128490064233,"ISSUED_COMMON_SHARES":108000000,"HK_COMMON_SHARES":108000000,"PER_SHARES":500,"TOTAL_MARKET_CAP":972000000,"HKSK_MARKET_CAP":972000000,"PE_TTM":16.939161069246,"PB_TTM":1.498131942749,"REPORT_DATE_SQ":"2019-12-31 00:00:00","REPORT_TYPE_SQ":"2019年年报","OPERATE_INCOME_SQ":3492782912.2,"DPS_HKD":0.329771,"OPERATE_INCOME_QOQ_SQ":-3.550146425179,"NET_PROFIT_RATIO_SQ":1.1496092523,"HOLDER_PROFIT_SQ":40153355.52,"HOLDER_PROFIT_QOQ_SQ":-4.618482185931,"ROE_AVG_SQ":8.362404911627,"PE_TTM_SQ":11.676499214304,"PB_TTM_SQ":1.985167805367,"ROA_SQ":1.653154037524,"START_DATE":"2020-01-01 00:00:00","FISCAL_YEAR":"12-31","CURRENCY":"HKD","IS_CNY_CODE":0,"DPS_HKD_LY":0.218539,"ORG_TYPE":"一般企业","PREMIUM_INCOME":null,"PREMIUM_INCOME_YOY":null,"NET_INTEREST_INCOME":null,"NET_INTEREST_INCOME_YOY":null,"FEE_COMMISSION_INCOME":null,"FEE_COMMISSION_INCOME_YOY":null,"ACCOUNTS_RECE_TDAYS":5.420911685735,"INVENTORY_TDAYS":6.819493798877,"CURRENT_ASSETS_TDAYS":1.869648204274,"TOTAL_ASSETS_TDAYS":1.505393939866,"PREMIUM_EXPENSE":null,"LOAN_DEPOSIT":null,"LOAN_EQUITY":null,"LOAN_ASSETS":null,"DEPOSIT_EQUITY":null,"DEPOSIT_ASSETS":null,"EQUITY_MULTIPLIER":5.570408338824,"EQUITY_RATIO":4.570408338836},{"SECUCODE":"02289.HK","SECURITY_CODE":"02289","SECURITY_NAME_ABBR":"创美药业","ORG_CODE":"10285667","STD_REPORT_DATE":"2020-06-30 00:00:00","REPORT_DATE":"2020-06-30 00:00:00","DATE_TYPE_CODE":"002","REPORT_TYPE":"2020年中报","PER_NETCASH_OPERATE":-2.034081284352,"PER_OI":17.229253664722,"BPS":4.5635753125,"BASIC_EPS":0.2859,"DILUTED_EPS":0.2859,"OPERATE_INCOME":1860759395.79,"OPERATE_INCOME_YOY":8.9381614358,"GROSS_PROFIT":122272753.9,"GROSS_PROFIT_YOY":-10.564475109284,"HOLDER_PROFIT":30873179.62,"HOLDER_PROFIT_YOY":-27.021870722,"GROSS_PROFIT_RATIO":6.571121133482,"EPS_TTM":0.265942905741,"OPERATE_INCOME_QOQ":4.371060121049,"NET_PROFIT_RATIO":1.6591709648,"ROE_AVG":6.323496806616,"GROSS_PROFIT_QOQ":-6.457364758086,"ROA":1.26035688915,"HOLDER_PROFIT_QOQ":-28.469654782167,"ROE_YEARLY":12.646993613231,"ROIC_YEARLY":3.077133958388,"TOTAL_ASSETS":2395309175.07,"TOTAL_LIABILITIES":1902443041.32,"TAX_EBT":26.044523255345,"OCF_SALES":-11.805974442856,"TOTAL_PARENT_EQUITY":492866133.75,"DEBT_ASSET_RATIO":79.4236944909,"OPERATE_PROFIT":57053660.75,"PRETAX_PROFIT":41745629.91,"NETCASH_OPERATE":-219680778.71,"NETCASH_INVEST":-28599900.47,"NETCASH_FINANCE":269278365.05,"END_CASH":61154914.63,"DIVI_RATIO":1.123718923006,"DIVIDEND_RATE":3.664122222222,"CURRENT_RATIO":1.08823502738,"COMMON_ACS":null,"CURRENTDEBT_DEBT":92.169970388883,"ISSUED_COMMON_SHARES":108000000,"HK_COMMON_SHARES":108000000,"PER_SHARES":500,"TOTAL_MARKET_CAP":972000000,"HKSK_MARKET_CAP":972000000,"PE_TTM":16.939161069246,"PB_TTM":1.498131942749,"REPORT_DATE_SQ":"2019-06-30 00:00:00","REPORT_TYPE_SQ":"2019年中报","OPERATE_INCOME_SQ":1708087754.8,"DPS_HKD":0.329771,"OPERATE_INCOME_QOQ_SQ":-7.976629194725,"NET_PROFIT_RATIO_SQ":2.4767287981,"HOLDER_PROFIT_SQ":42304701.32,"HOLDER_PROFIT_QOQ_SQ":-7.341198314315,"ROE_AVG_SQ":8.782562428852,"PE_TTM_SQ":11.676499214304,"PB_TTM_SQ":1.985167805367,"ROA_SQ":1.790068111916,"START_DATE":"2020-01-01 00:00:00","FISCAL_YEAR":"12-31","CURRENCY":"HKD","IS_CNY_CODE":0,"DPS_HKD_LY":0.218539,"ORG_TYPE":"一般企业","PREMIUM_INCOME":null,"PREMIUM_INCOME_YOY":null,"NET_INTEREST_INCOME":null,"NET_INTEREST_INCOME_YOY":null,"FEE_COMMISSION_INCOME":null,"FEE_COMMISSION_INCOME_YOY":null,"ACCOUNTS_RECE_TDAYS":2.552026346936,"INVENTORY_TDAYS":3.377660877977,"CURRENT_ASSETS_TDAYS":0.947698101889,"TOTAL_ASSETS_TDAYS":0.75963051179,"PREMIUM_EXPENSE":null,"LOAN_DEPOSIT":null,"LOAN_EQUITY":null,"LOAN_ASSETS":null,"DEPOSIT_EQUITY":null,"DEPOSIT_ASSETS":null,"EQUITY_MULTIPLIER":4.859958944319,"EQUITY_RATIO":3.859958944319}],"count":23},"success":true,"message":"ok","code":0}