{"version":"037d0f61a88adf27ec87824fdce1ab2f","result":{"pages":3,"data":[{"SECUCODE":"02283.HK","SECURITY_CODE":"02283","SECURITY_NAME_ABBR":"东江集团控股","ORG_CODE":"10360206","STD_REPORT_DATE":"2024-06-30 00:00:00","REPORT_DATE":"2024-06-30 00:00:00","DATE_TYPE_CODE":"002","REPORT_TYPE":"2024年中报","PER_NETCASH_OPERATE":0.1591751774,"PER_OI":1.103208494492,"BPS":1.723179402683,"BASIC_EPS":0.08761728,"DILUTED_EPS":0.08761728,"OPERATE_INCOME":919259510.12,"OPERATE_INCOME_YOY":17.6764254353,"GROSS_PROFIT":228186428.24,"GROSS_PROFIT_YOY":23.916562404173,"HOLDER_PROFIT":72778928.56,"HOLDER_PROFIT_YOY":45.7832867146,"GROSS_PROFIT_RATIO":24.822852059503,"EPS_TTM":0.248889317332,"OPERATE_INCOME_QOQ":7.379771762256,"NET_PROFIT_RATIO":7.9171254427,"ROE_AVG":4.894537455101,"GROSS_PROFIT_QOQ":9.477274942967,"ROA":3.2204260516,"HOLDER_PROFIT_QOQ":12.077014084494,"ROE_YEARLY":9.789074910202,"ROIC_YEARLY":11.66832014937,"TOTAL_ASSETS":2282314233.64,"TOTAL_LIABILITIES":846457764.56,"TAX_EBT":28.443363633916,"OCF_SALES":14.428385767006,"TOTAL_PARENT_EQUITY":1435856469.08,"DEBT_ASSET_RATIO":37.0876959922,"OPERATE_PROFIT":93134430.6,"PRETAX_PROFIT":101708146.52,"NETCASH_OPERATE":132634308.32,"NETCASH_INVEST":-27850430.2,"NETCASH_FINANCE":-189183048.44,"END_CASH":967882537.12,"DIVI_RATIO":0.510786085007,"DIVIDEND_RATE":7.216494845361,"CURRENT_RATIO":2.418243142013,"COMMON_ACS":2000000000,"CURRENTDEBT_DEBT":88.520575949763,"ISSUED_COMMON_SHARES":833260000,"HK_COMMON_SHARES":833260000,"PER_SHARES":2000,"TOTAL_MARKET_CAP":1616524400,"HKSK_MARKET_CAP":1616524400,"PE_TTM":7.051852692009,"PB_TTM":1.027518781412,"REPORT_DATE_SQ":"2023-06-30 00:00:00","REPORT_TYPE_SQ":"2023年中报","OPERATE_INCOME_SQ":789135589.72,"DPS_HKD":0.14,"OPERATE_INCOME_QOQ_SQ":-1.949813757015,"NET_PROFIT_RATIO_SQ":6.390712151,"HOLDER_PROFIT_SQ":50431384.02,"HOLDER_PROFIT_QOQ_SQ":0.218962921234,"ROE_AVG_SQ":3.492964294164,"PE_TTM_SQ":5.190231945366,"PB_TTM_SQ":0.758820276763,"ROA_SQ":2.124051949746,"START_DATE":"2024-01-01 00:00:00","FISCAL_YEAR":"12-31","CURRENCY":"HKD","IS_CNY_CODE":0,"DPS_HKD_LY":0.14,"ORG_TYPE":"一般企业","PREMIUM_INCOME":null,"PREMIUM_INCOME_YOY":null,"NET_INTEREST_INCOME":null,"NET_INTEREST_INCOME_YOY":null,"FEE_COMMISSION_INCOME":null,"FEE_COMMISSION_INCOME_YOY":null,"ACCOUNTS_RECE_TDAYS":2.455457444319,"INVENTORY_TDAYS":1.852795008258,"CURRENT_ASSETS_TDAYS":0.522360642407,"TOTAL_ASSETS_TDAYS":0.40676708673,"PREMIUM_EXPENSE":null,"LOAN_DEPOSIT":null,"LOAN_EQUITY":null,"LOAN_ASSETS":null,"DEPOSIT_EQUITY":null,"DEPOSIT_ASSETS":null,"EQUITY_MULTIPLIER":1.589514190858,"EQUITY_RATIO":0.589514190859},{"SECUCODE":"02283.HK","SECURITY_CODE":"02283","SECURITY_NAME_ABBR":"东江集团控股","ORG_CODE":"10360206","STD_REPORT_DATE":"2023-12-31 00:00:00","REPORT_DATE":"2023-12-31 00:00:00","DATE_TYPE_CODE":"001","REPORT_TYPE":"2023年年报","PER_NETCASH_OPERATE":0.484295774548,"PER_OI":2.116087757267,"BPS":1.832730601421,"BASIC_EPS":0.226555,"DILUTED_EPS":0.226555,"OPERATE_INCOME":1763251284.62,"OPERATE_INCOME_YOY":-14.6359376323,"GROSS_PROFIT":464703272.46,"GROSS_PROFIT_YOY":-3.888575652201,"HOLDER_PROFIT":185041968.02,"HOLDER_PROFIT_YOY":-10.0119431138,"GROSS_PROFIT_RATIO":26.354909054279,"EPS_TTM":0.222069903776,"OPERATE_INCOME_QOQ":-11.676240704516,"NET_PROFIT_RATIO":10.4943617302,"ROE_AVG":12.409914755565,"GROSS_PROFIT_QOQ":-9.399604964413,"ROA":7.931112032089,"HOLDER_PROFIT_QOQ":-8.906819864379,"ROE_YEARLY":12.409914755565,"ROIC_YEARLY":14.197174206728,"TOTAL_ASSETS":2221680796.02,"TOTAL_LIABILITIES":694539695.08,"TAX_EBT":13.841278682161,"OCF_SALES":22.886374768017,"TOTAL_PARENT_EQUITY":1527141100.94,"DEBT_ASSET_RATIO":31.2619029846,"OPERATE_PROFIT":212703427.3,"PRETAX_PROFIT":214768702.68,"NETCASH_OPERATE":403544297.1,"NETCASH_INVEST":-49798601.44,"NETCASH_FINANCE":-317077315.8,"END_CASH":1049544130.32,"DIVI_RATIO":0.572473792435,"DIVIDEND_RATE":7.179487179487,"CURRENT_RATIO":2.75980211397,"COMMON_ACS":2000000000,"CURRENTDEBT_DEBT":88.459501000765,"ISSUED_COMMON_SHARES":833260000,"HK_COMMON_SHARES":833260000,"PER_SHARES":2000,"TOTAL_MARKET_CAP":1624857000,"HKSK_MARKET_CAP":1624857000,"PE_TTM":7.088202448153,"PB_TTM":1.032815269976,"REPORT_DATE_SQ":"2022-12-31 00:00:00","REPORT_TYPE_SQ":"2022年年报","OPERATE_INCOME_SQ":2036049069.67,"DPS_HKD":0.14,"OPERATE_INCOME_QOQ_SQ":4.667239524724,"NET_PROFIT_RATIO_SQ":9.9551138256,"HOLDER_PROFIT_SQ":202691002.43,"HOLDER_PROFIT_QOQ_SQ":9.553359766027,"ROE_AVG_SQ":14.060914995256,"PE_TTM_SQ":5.078212550861,"PB_TTM_SQ":0.742442860718,"ROA_SQ":8.178841717936,"START_DATE":"2023-01-01 00:00:00","FISCAL_YEAR":"12-31","CURRENCY":"HKD","IS_CNY_CODE":0,"DPS_HKD_LY":0.114,"ORG_TYPE":"一般企业","PREMIUM_INCOME":null,"PREMIUM_INCOME_YOY":null,"NET_INTEREST_INCOME":null,"NET_INTEREST_INCOME_YOY":null,"FEE_COMMISSION_INCOME":null,"FEE_COMMISSION_INCOME_YOY":null,"ACCOUNTS_RECE_TDAYS":5.590822954395,"INVENTORY_TDAYS":3.811262540828,"CURRENT_ASSETS_TDAYS":1.003534795441,"TOTAL_ASSETS_TDAYS":0.755749824145,"PREMIUM_EXPENSE":null,"LOAN_DEPOSIT":null,"LOAN_EQUITY":null,"LOAN_ASSETS":null,"DEPOSIT_EQUITY":null,"DEPOSIT_ASSETS":null,"EQUITY_MULTIPLIER":1.454797329894,"EQUITY_RATIO":0.454797329895},{"SECUCODE":"02283.HK","SECURITY_CODE":"02283","SECURITY_NAME_ABBR":"东江集团控股","ORG_CODE":"10360206","STD_REPORT_DATE":"2023-06-30 00:00:00","REPORT_DATE":"2023-06-30 00:00:00","DATE_TYPE_CODE":"002","REPORT_TYPE":"2023年中报","PER_NETCASH_OPERATE":0.192876011905,"PER_OI":0.947046047716,"BPS":1.688874479562,"BASIC_EPS":0.06085068,"DILUTED_EPS":0.06085068,"OPERATE_INCOME":789135589.72,"OPERATE_INCOME_YOY":-11.686969011,"GROSS_PROFIT":184145221.44,"GROSS_PROFIT_YOY":19.007095120481,"HOLDER_PROFIT":50431384.02,"HOLDER_PROFIT_YOY":-6.4206528434,"GROSS_PROFIT_RATIO":23.335054690074,"EPS_TTM":0.243783237609,"OPERATE_INCOME_QOQ":-1.949813757015,"NET_PROFIT_RATIO":6.390712151,"ROE_AVG":3.492964294164,"GROSS_PROFIT_QOQ":6.08278728812,"ROA":2.124051949746,"HOLDER_PROFIT_QOQ":0.218962921234,"ROE_YEARLY":6.985928588328,"ROIC_YEARLY":7.474731324958,"TOTAL_ASSETS":2261539493.68,"TOTAL_LIABILITIES":854267944.84,"TAX_EBT":13.352236725383,"OCF_SALES":20.366064814923,"TOTAL_PARENT_EQUITY":1407271548.84,"DEBT_ASSET_RATIO":37.7737354235,"OPERATE_PROFIT":62673434.46,"PRETAX_PROFIT":58202753.44,"NETCASH_OPERATE":160715865.68,"NETCASH_INVEST":-38583019.04,"NETCASH_FINANCE":-126140693.7,"END_CASH":1022329225.18,"DIVI_RATIO":0.521484582972,"DIVIDEND_RATE":7.179487179487,"CURRENT_RATIO":2.313408544017,"COMMON_ACS":2000000000,"CURRENTDEBT_DEBT":86.338361980578,"ISSUED_COMMON_SHARES":833260000,"HK_COMMON_SHARES":833260000,"PER_SHARES":2000,"TOTAL_MARKET_CAP":1624857000,"HKSK_MARKET_CAP":1624857000,"PE_TTM":7.088202448153,"PB_TTM":1.032815269976,"REPORT_DATE_SQ":"2022-06-30 00:00:00","REPORT_TYPE_SQ":"2022年中报","OPERATE_INCOME_SQ":828834754.58,"DPS_HKD":0.14,"OPERATE_INCOME_QOQ_SQ":-1.046712023952,"NET_PROFIT_RATIO_SQ":6.0310653727,"HOLDER_PROFIT_SQ":49987565.88,"HOLDER_PROFIT_QOQ_SQ":-19.863690337906,"ROE_AVG_SQ":3.701988998914,"PE_TTM_SQ":5.078212550861,"PB_TTM_SQ":0.742442860718,"ROA_SQ":2.132107732502,"START_DATE":"2023-01-01 00:00:00","FISCAL_YEAR":"12-31","CURRENCY":"HKD","IS_CNY_CODE":0,"DPS_HKD_LY":0.114,"ORG_TYPE":"一般企业","PREMIUM_INCOME":null,"PREMIUM_INCOME_YOY":null,"NET_INTEREST_INCOME":null,"NET_INTEREST_INCOME_YOY":null,"FEE_COMMISSION_INCOME":null,"FEE_COMMISSION_INCOME_YOY":null,"ACCOUNTS_RECE_TDAYS":2.573709144652,"INVENTORY_TDAYS":1.616627822753,"CURRENT_ASSETS_TDAYS":0.443783196348,"TOTAL_ASSETS_TDAYS":0.332365454673,"PREMIUM_EXPENSE":null,"LOAN_DEPOSIT":null,"LOAN_EQUITY":null,"LOAN_ASSETS":null,"DEPOSIT_EQUITY":null,"DEPOSIT_ASSETS":null,"EQUITY_MULTIPLIER":1.607038453627,"EQUITY_RATIO":0.607038453626},{"SECUCODE":"02283.HK","SECURITY_CODE":"02283","SECURITY_NAME_ABBR":"东江集团控股","ORG_CODE":"10360206","STD_REPORT_DATE":"2022-12-31 00:00:00","REPORT_DATE":"2022-12-31 00:00:00","DATE_TYPE_CODE":"001","REPORT_TYPE":"2022年年报","PER_NETCASH_OPERATE":0.398292333065,"PER_OI":2.443473909308,"BPS":1.721227282781,"BASIC_EPS":0.2411829,"DILUTED_EPS":0.2411829,"OPERATE_INCOME":2036049069.67,"OPERATE_INCOME_YOY":-5.2020089852,"GROSS_PROFIT":483504719.25,"GROSS_PROFIT_YOY":3.901094533345,"HOLDER_PROFIT":202691002.43,"HOLDER_PROFIT_YOY":-19.644950298,"GROSS_PROFIT_RATIO":23.747203662845,"EPS_TTM":0.24325060897,"OPERATE_INCOME_QOQ":4.667239524724,"NET_PROFIT_RATIO":9.9551138256,"ROE_AVG":14.060914995256,"GROSS_PROFIT_QOQ":15.538281800383,"ROA":8.178841717936,"HOLDER_PROFIT_QOQ":9.553359766027,"ROE_YEARLY":14.060914995256,"ROIC_YEARLY":13.321497690259,"TOTAL_ASSETS":2409616370.21,"TOTAL_LIABILITIES":975386524.56,"TAX_EBT":12.308411720604,"OCF_SALES":16.300249065402,"TOTAL_PARENT_EQUITY":1434229845.65,"DEBT_ASSET_RATIO":40.4789134328,"OPERATE_PROFIT":221307642.5,"PRETAX_PROFIT":231140758.66,"NETCASH_OPERATE":331881069.45,"NETCASH_INVEST":-122634358.49,"NETCASH_FINANCE":-126798783.23,"END_CASH":995510111.12,"DIVI_RATIO":0.522626440848,"DIVIDEND_RATE":7.179487179487,"CURRENT_RATIO":2.191156462585,"COMMON_ACS":2000000000,"CURRENTDEBT_DEBT":83.870914565796,"ISSUED_COMMON_SHARES":833260000,"HK_COMMON_SHARES":833260000,"PER_SHARES":2000,"TOTAL_MARKET_CAP":1624857000,"HKSK_MARKET_CAP":1624857000,"PE_TTM":7.088202448153,"PB_TTM":1.032815269976,"REPORT_DATE_SQ":"2021-12-31 00:00:00","REPORT_TYPE_SQ":"2021年年报","OPERATE_INCOME_SQ":1965835804.8,"DPS_HKD":0.14,"OPERATE_INCOME_QOQ_SQ":3.76205197172,"NET_PROFIT_RATIO_SQ":11.7444366532,"HOLDER_PROFIT_SQ":230876340.8,"HOLDER_PROFIT_QOQ_SQ":-1.567079270863,"ROE_AVG_SQ":18.722720633428,"PE_TTM_SQ":5.078212550861,"PB_TTM_SQ":0.742442860718,"ROA_SQ":10.413368117945,"START_DATE":"2022-01-01 00:00:00","FISCAL_YEAR":"12-31","CURRENCY":"HKD","IS_CNY_CODE":0,"DPS_HKD_LY":0.114,"ORG_TYPE":"一般企业","PREMIUM_INCOME":null,"PREMIUM_INCOME_YOY":null,"NET_INTEREST_INCOME":null,"NET_INTEREST_INCOME_YOY":null,"FEE_COMMISSION_INCOME":null,"FEE_COMMISSION_INCOME_YOY":null,"ACCOUNTS_RECE_TDAYS":5.995948898245,"INVENTORY_TDAYS":3.916696901204,"CURRENT_ASSETS_TDAYS":1.102843183173,"TOTAL_ASSETS_TDAYS":0.821571893727,"PREMIUM_EXPENSE":null,"LOAN_DEPOSIT":null,"LOAN_EQUITY":null,"LOAN_ASSETS":null,"DEPOSIT_EQUITY":null,"DEPOSIT_ASSETS":null,"EQUITY_MULTIPLIER":1.680076856243,"EQUITY_RATIO":0.680076856243},{"SECUCODE":"02283.HK","SECURITY_CODE":"02283","SECURITY_NAME_ABBR":"东江集团控股","ORG_CODE":"10360206","STD_REPORT_DATE":"2022-06-30 00:00:00","REPORT_DATE":"2022-06-30 00:00:00","DATE_TYPE_CODE":"002","REPORT_TYPE":"2022年中报","PER_NETCASH_OPERATE":0.092922860332,"PER_OI":0.994689238149,"BPS":1.576374643797,"BASIC_EPS":0.0598633,"DILUTED_EPS":0.0598633,"OPERATE_INCOME":828834754.58,"OPERATE_INCOME_YOY":-5.0593194355,"GROSS_PROFIT":154734657.84,"GROSS_PROFIT_YOY":-23.248789610077,"HOLDER_PROFIT":49987565.88,"HOLDER_PROFIT_YOY":-49.256452327,"GROSS_PROFIT_RATIO":18.668939373616,"EPS_TTM":0.222038474666,"OPERATE_INCOME_QOQ":-1.046712023952,"NET_PROFIT_RATIO":6.0310653727,"ROE_AVG":3.701988998914,"GROSS_PROFIT_QOQ":-10.072148456513,"ROA":2.132107732502,"HOLDER_PROFIT_QOQ":-19.863690337906,"ROE_YEARLY":7.403977997828,"ROIC_YEARLY":6.546813857602,"TOTAL_ASSETS":2250744629.35,"TOTAL_LIABILITIES":937214693.66,"TAX_EBT":11.17527277148,"OCF_SALES":9.341898632042,"TOTAL_PARENT_EQUITY":1313529935.69,"DEBT_ASSET_RATIO":41.6402057096,"OPERATE_PROFIT":46755802.87,"PRETAX_PROFIT":56276633.14,"NETCASH_OPERATE":77428902.6,"NETCASH_INVEST":-75607347.9,"NETCASH_FINANCE":-122586355.36,"END_CASH":756100845.08,"DIVI_RATIO":0.572554824975,"DIVIDEND_RATE":7.179487179487,"CURRENT_RATIO":2.197472305699,"COMMON_ACS":2000000000,"CURRENTDEBT_DEBT":80.797489584037,"ISSUED_COMMON_SHARES":833260000,"HK_COMMON_SHARES":833260000,"PER_SHARES":2000,"TOTAL_MARKET_CAP":1624857000,"HKSK_MARKET_CAP":1624857000,"PE_TTM":7.088202448153,"PB_TTM":1.032815269976,"REPORT_DATE_SQ":"2021-06-30 00:00:00","REPORT_TYPE_SQ":"2021年中报","OPERATE_INCOME_SQ":849411394.32,"DPS_HKD":0.14,"OPERATE_INCOME_QOQ_SQ":10.701994167286,"NET_PROFIT_RATIO_SQ":11.2840642262,"HOLDER_PROFIT_SQ":95848127.28,"HOLDER_PROFIT_QOQ_SQ":32.904958700332,"ROE_AVG_SQ":8.053284469195,"PE_TTM_SQ":5.078212550861,"PB_TTM_SQ":0.742442860718,"ROA_SQ":4.448527729295,"START_DATE":"2022-01-01 00:00:00","FISCAL_YEAR":"12-31","CURRENCY":"HKD","IS_CNY_CODE":0,"DPS_HKD_LY":0.114,"ORG_TYPE":"一般企业","PREMIUM_INCOME":null,"PREMIUM_INCOME_YOY":null,"NET_INTEREST_INCOME":null,"NET_INTEREST_INCOME_YOY":null,"FEE_COMMISSION_INCOME":null,"FEE_COMMISSION_INCOME_YOY":null,"ACCOUNTS_RECE_TDAYS":2.523944322192,"INVENTORY_TDAYS":1.538875721855,"CURRENT_ASSETS_TDAYS":0.475946502659,"TOTAL_ASSETS_TDAYS":0.35352091227,"PREMIUM_EXPENSE":null,"LOAN_DEPOSIT":null,"LOAN_EQUITY":null,"LOAN_ASSETS":null,"DEPOSIT_EQUITY":null,"DEPOSIT_ASSETS":null,"EQUITY_MULTIPLIER":1.713508438745,"EQUITY_RATIO":0.713508438746},{"SECUCODE":"02283.HK","SECURITY_CODE":"02283","SECURITY_NAME_ABBR":"东江集团控股","ORG_CODE":"10360206","STD_REPORT_DATE":"2021-12-31 00:00:00","REPORT_DATE":"2021-12-31 00:00:00","DATE_TYPE_CODE":"001","REPORT_TYPE":"2021年年报","PER_NETCASH_OPERATE":0.350654693133,"PER_OI":2.359210576291,"BPS":1.591437215755,"BASIC_EPS":0.277984,"DILUTED_EPS":0.277984,"OPERATE_INCOME":1965835804.8,"OPERATE_INCOME_YOY":18.2441002076,"GROSS_PROFIT":465350939.2,"GROSS_PROFIT_YOY":3.806884463019,"HOLDER_PROFIT":230876340.8,"HOLDER_PROFIT_YOY":34.6688159018,"GROSS_PROFIT_RATIO":23.671912886303,"EPS_TTM":0.277075991647,"OPERATE_INCOME_QOQ":3.76205197172,"NET_PROFIT_RATIO":11.7444366532,"ROE_AVG":18.722720633428,"GROSS_PROFIT_QOQ":-7.203731089238,"ROA":10.413368117945,"HOLDER_PROFIT_QOQ":-1.567079270863,"ROE_YEARLY":18.722720633428,"ROIC_YEARLY":16.250121926411,"TOTAL_ASSETS":2331108416,"TOTAL_LIABILITIES":1005027441.6,"TAX_EBT":12.984407740663,"OCF_SALES":14.863221479971,"TOTAL_PARENT_EQUITY":1326080974.4,"DEBT_ASSET_RATIO":43.1137151195,"OPERATE_PROFIT":250067865.6,"PRETAX_PROFIT":265327552,"NETCASH_OPERATE":292186529.6,"NETCASH_INVEST":-80493537.6,"NETCASH_FINANCE":-125226068.8,"END_CASH":840139596.8,"DIVI_RATIO":0.458824307527,"DIVIDEND_RATE":7.179487179487,"CURRENT_RATIO":2.206558298872,"COMMON_ACS":2000000000,"CURRENTDEBT_DEBT":78.412451260575,"ISSUED_COMMON_SHARES":833260000,"HK_COMMON_SHARES":833260000,"PER_SHARES":2000,"TOTAL_MARKET_CAP":1624857000,"HKSK_MARKET_CAP":1624857000,"PE_TTM":7.088202448153,"PB_TTM":1.032815269976,"REPORT_DATE_SQ":"2020-12-31 00:00:00","REPORT_TYPE_SQ":"2020年年报","OPERATE_INCOME_SQ":1711406767.16,"DPS_HKD":0.14,"OPERATE_INCOME_QOQ_SQ":-7.604042898393,"NET_PROFIT_RATIO_SQ":10.3120409517,"HOLDER_PROFIT_SQ":176480966.68,"HOLDER_PROFIT_QOQ_SQ":-15.045878187215,"ROE_AVG_SQ":16.216966612787,"PE_TTM_SQ":5.078212550861,"PB_TTM_SQ":0.742442860718,"ROA_SQ":8.564151596106,"START_DATE":"2021-01-01 00:00:00","FISCAL_YEAR":"12-31","CURRENCY":"HKD","IS_CNY_CODE":0,"DPS_HKD_LY":0.134,"ORG_TYPE":"一般企业","PREMIUM_INCOME":null,"PREMIUM_INCOME_YOY":null,"NET_INTEREST_INCOME":null,"NET_INTEREST_INCOME_YOY":null,"FEE_COMMISSION_INCOME":null,"FEE_COMMISSION_INCOME_YOY":null,"ACCOUNTS_RECE_TDAYS":6.516902110867,"INVENTORY_TDAYS":3.893402097505,"CURRENT_ASSETS_TDAYS":1.209820262745,"TOTAL_ASSETS_TDAYS":0.886663909515,"PREMIUM_EXPENSE":null,"LOAN_DEPOSIT":null,"LOAN_EQUITY":null,"LOAN_ASSETS":null,"DEPOSIT_EQUITY":null,"DEPOSIT_ASSETS":null,"EQUITY_MULTIPLIER":1.757892965063,"EQUITY_RATIO":0.757892965062},{"SECUCODE":"02283.HK","SECURITY_CODE":"02283","SECURITY_NAME_ABBR":"东江集团控股","ORG_CODE":"10360206","STD_REPORT_DATE":"2021-06-30 00:00:00","REPORT_DATE":"2021-06-30 00:00:00","DATE_TYPE_CODE":"002","REPORT_TYPE":"2021年中报","PER_NETCASH_OPERATE":0.024882713007,"PER_OI":1.019383378921,"BPS":1.464089726232,"BASIC_EPS":0.11565912,"DILUTED_EPS":0.11565912,"OPERATE_INCOME":849411394.32,"OPERATE_INCOME_YOY":39.9559633833,"GROSS_PROFIT":201605495.28,"GROSS_PROFIT_YOY":35.839196060608,"HOLDER_PROFIT":95848127.28,"HOLDER_PROFIT_YOY":178.5284232415,"GROSS_PROFIT_RATIO":23.734729322933,"EPS_TTM":0.281487117922,"OPERATE_INCOME_QOQ":10.701994167286,"NET_PROFIT_RATIO":11.2840642262,"ROE_AVG":8.053284469195,"GROSS_PROFIT_QOQ":11.865364503875,"ROA":4.448527729295,"HOLDER_PROFIT_QOQ":32.904958700332,"ROE_YEARLY":16.10656893839,"ROIC_YEARLY":13.572076804869,"TOTAL_ASSETS":2168838154.08,"TOTAL_LIABILITIES":948870748.8,"TAX_EBT":11.004063847212,"OCF_SALES":2.44095730039,"TOTAL_PARENT_EQUITY":1219967405.28,"DEBT_ASSET_RATIO":43.7501870306,"OPERATE_PROFIT":98256166.8,"PRETAX_PROFIT":107699442.72,"NETCASH_OPERATE":20733769.44,"NETCASH_INVEST":-44781713.52,"NETCASH_FINANCE":-23634400.32,"END_CASH":718459476,"DIVI_RATIO":0.451634166914,"DIVIDEND_RATE":7.179487179487,"CURRENT_RATIO":2.045589483068,"COMMON_ACS":2000000000,"CURRENTDEBT_DEBT":81.647023746887,"ISSUED_COMMON_SHARES":833260000,"HK_COMMON_SHARES":833260000,"PER_SHARES":2000,"TOTAL_MARKET_CAP":1624857000,"HKSK_MARKET_CAP":1624857000,"PE_TTM":7.088202448153,"PB_TTM":1.032815269976,"REPORT_DATE_SQ":"2020-06-30 00:00:00","REPORT_TYPE_SQ":"2020年中报","OPERATE_INCOME_SQ":666256741.92,"DPS_HKD":0.14,"OPERATE_INCOME_QOQ_SQ":-10.519446410354,"NET_PROFIT_RATIO_SQ":5.6700571571,"HOLDER_PROFIT_SQ":37777138.08,"HOLDER_PROFIT_QOQ_SQ":-23.159796761165,"ROE_AVG_SQ":3.563906793975,"PE_TTM_SQ":5.078212550861,"PB_TTM_SQ":0.742442860718,"ROA_SQ":1.805361693304,"START_DATE":"2021-01-01 00:00:00","FISCAL_YEAR":"12-31","CURRENCY":"HKD","IS_CNY_CODE":0,"DPS_HKD_LY":0.134,"ORG_TYPE":"一般企业","PREMIUM_INCOME":null,"PREMIUM_INCOME_YOY":null,"NET_INTEREST_INCOME":null,"NET_INTEREST_INCOME_YOY":null,"FEE_COMMISSION_INCOME":null,"FEE_COMMISSION_INCOME_YOY":null,"ACCOUNTS_RECE_TDAYS":2.88987341593,"INVENTORY_TDAYS":1.56079537538,"CURRENT_ASSETS_TDAYS":0.544074194092,"TOTAL_ASSETS_TDAYS":0.394230982748,"PREMIUM_EXPENSE":null,"LOAN_DEPOSIT":null,"LOAN_EQUITY":null,"LOAN_ASSETS":null,"DEPOSIT_EQUITY":null,"DEPOSIT_ASSETS":null,"EQUITY_MULTIPLIER":1.777783688888,"EQUITY_RATIO":0.777783688887},{"SECUCODE":"02283.HK","SECURITY_CODE":"02283","SECURITY_NAME_ABBR":"东江集团控股","ORG_CODE":"10360206","STD_REPORT_DATE":"2020-12-31 00:00:00","REPORT_DATE":"2020-12-31 00:00:00","DATE_TYPE_CODE":"001","REPORT_TYPE":"2020年年报","PER_NETCASH_OPERATE":0.52332057269,"PER_OI":2.053868861052,"BPS":1.408579879269,"BASIC_EPS":0.21041,"DILUTED_EPS":0.21041,"OPERATE_INCOME":1711406767.16,"OPERATE_INCOME_YOY":-12.0052777299,"GROSS_PROFIT":448285238.12,"GROSS_PROFIT_YOY":-25.02472417558,"HOLDER_PROFIT":176480966.68,"HOLDER_PROFIT_YOY":-30.521896734,"GROSS_PROFIT_RATIO":26.193961992093,"EPS_TTM":0.211795798046,"OPERATE_INCOME_QOQ":-7.604042898393,"NET_PROFIT_RATIO":10.3120409517,"ROE_AVG":16.216966612787,"GROSS_PROFIT_QOQ":-10.915576194611,"ROA":8.564151596106,"HOLDER_PROFIT_QOQ":-15.045878187215,"ROE_YEARLY":16.216966612787,"ROIC_YEARLY":12.358046046447,"TOTAL_ASSETS":2164959830.04,"TOTAL_LIABILITIES":991246559.84,"TAX_EBT":12.827281722111,"OCF_SALES":25.479746181186,"TOTAL_PARENT_EQUITY":1173713270.2,"DEBT_ASSET_RATIO":45.7859100241,"OPERATE_PROFIT":197665887.12,"PRETAX_PROFIT":202449768.88,"NETCASH_OPERATE":436062100.4,"NETCASH_INVEST":-54461682.76,"NETCASH_FINANCE":-102026967.36,"END_CASH":774684171.44,"DIVI_RATIO":0.600244203014,"DIVIDEND_RATE":7.179487179487,"CURRENT_RATIO":1.824792384639,"COMMON_ACS":2000000000,"CURRENTDEBT_DEBT":85.984703113378,"ISSUED_COMMON_SHARES":833260000,"HK_COMMON_SHARES":833260000,"PER_SHARES":2000,"TOTAL_MARKET_CAP":1624857000,"HKSK_MARKET_CAP":1624857000,"PE_TTM":7.088202448153,"PB_TTM":1.032815269976,"REPORT_DATE_SQ":"2019-12-31 00:00:00","REPORT_TYPE_SQ":"2019年年报","OPERATE_INCOME_SQ":2070006046.76,"DPS_HKD":0.14,"OPERATE_INCOME_QOQ_SQ":1.804595968633,"NET_PROFIT_RATIO_SQ":13.0603044258,"HOLDER_PROFIT_SQ":270349091.34,"HOLDER_PROFIT_QOQ_SQ":-6.396375783345,"ROE_AVG_SQ":26.626665307997,"PE_TTM_SQ":5.078212550861,"PB_TTM_SQ":0.742442860718,"ROA_SQ":13.449235656074,"START_DATE":"2020-01-01 00:00:00","FISCAL_YEAR":"12-31","CURRENCY":"HKD","IS_CNY_CODE":0,"DPS_HKD_LY":0.11,"ORG_TYPE":"一般企业","PREMIUM_INCOME":null,"PREMIUM_INCOME_YOY":null,"NET_INTEREST_INCOME":null,"NET_INTEREST_INCOME_YOY":null,"FEE_COMMISSION_INCOME":null,"FEE_COMMISSION_INCOME_YOY":null,"ACCOUNTS_RECE_TDAYS":5.87158800514,"INVENTORY_TDAYS":3.555791957694,"CURRENT_ASSETS_TDAYS":1.213295527842,"TOTAL_ASSETS_TDAYS":0.830500153772,"PREMIUM_EXPENSE":null,"LOAN_DEPOSIT":null,"LOAN_EQUITY":null,"LOAN_ASSETS":null,"DEPOSIT_EQUITY":null,"DEPOSIT_ASSETS":null,"EQUITY_MULTIPLIER":1.844538938945,"EQUITY_RATIO":0.844538938945},{"SECUCODE":"02283.HK","SECURITY_CODE":"02283","SECURITY_NAME_ABBR":"东江集团控股","ORG_CODE":"10360206","STD_REPORT_DATE":"2020-06-30 00:00:00","REPORT_DATE":"2020-06-30 00:00:00","DATE_TYPE_CODE":"002","REPORT_TYPE":"2020年中报","PER_NETCASH_OPERATE":0.191486297578,"PER_OI":0.799578453208,"BPS":1.238092357247,"BASIC_EPS":0.045672,"DILUTED_EPS":0.045672,"OPERATE_INCOME":666256741.92,"OPERATE_INCOME_YOY":-27.4196100284,"GROSS_PROFIT":148414817.76,"GROSS_PROFIT_YOY":-38.951988765003,"HOLDER_PROFIT":37777138.08,"HOLDER_PROFIT_YOY":-63.7610297661,"GROSS_PROFIT_RATIO":22.275919840196,"EPS_TTM":0.249306088424,"OPERATE_INCOME_QOQ":-10.519446410354,"NET_PROFIT_RATIO":5.6700571571,"ROE_AVG":3.563906793975,"GROSS_PROFIT_QOQ":-15.837951662336,"ROA":1.805361693304,"HOLDER_PROFIT_QOQ":-23.159796761165,"ROE_YEARLY":7.127813587949,"ROIC_YEARLY":4.982403406978,"TOTAL_ASSETS":2061663310.08,"TOTAL_LIABILITIES":1030010472.48,"TAX_EBT":11.953930000852,"OCF_SALES":23.948406414649,"TOTAL_PARENT_EQUITY":1031652837.6,"DEBT_ASSET_RATIO":49.9601689298,"OPERATE_PROFIT":42612889.44,"PRETAX_PROFIT":42906103.68,"NETCASH_OPERATE":159557872.32,"NETCASH_INVEST":-34897061.76,"NETCASH_FINANCE":-35561132.64,"END_CASH":619725194.88,"DIVI_RATIO":0.509932191403,"DIVIDEND_RATE":7.179487179487,"CURRENT_RATIO":1.738116304683,"COMMON_ACS":2000000000,"CURRENTDEBT_DEBT":76.976136400923,"ISSUED_COMMON_SHARES":833260000,"HK_COMMON_SHARES":833260000,"PER_SHARES":2000,"TOTAL_MARKET_CAP":1624857000,"HKSK_MARKET_CAP":1624857000,"PE_TTM":7.088202448153,"PB_TTM":1.032815269976,"REPORT_DATE_SQ":"2019-06-30 00:00:00","REPORT_TYPE_SQ":"2019年中报","OPERATE_INCOME_SQ":884009918.7,"DPS_HKD":0.14,"OPERATE_INCOME_QOQ_SQ":0.956870055315,"NET_PROFIT_RATIO_SQ":11.3561438686,"HOLDER_PROFIT_SQ":100389438.18,"HOLDER_PROFIT_QOQ_SQ":-5.869262438994,"ROE_AVG_SQ":10.635122472629,"PE_TTM_SQ":5.078212550861,"PB_TTM_SQ":0.742442860718,"ROA_SQ":4.903393401045,"START_DATE":"2020-01-01 00:00:00","FISCAL_YEAR":"12-31","CURRENCY":"HKD","IS_CNY_CODE":0,"DPS_HKD_LY":0.11,"ORG_TYPE":"一般企业","PREMIUM_INCOME":null,"PREMIUM_INCOME_YOY":null,"NET_INTEREST_INCOME":null,"NET_INTEREST_INCOME_YOY":null,"FEE_COMMISSION_INCOME":null,"FEE_COMMISSION_INCOME_YOY":null,"ACCOUNTS_RECE_TDAYS":2.333661810957,"INVENTORY_TDAYS":1.351404052443,"CURRENT_ASSETS_TDAYS":0.484224544525,"TOTAL_ASSETS_TDAYS":0.318402732685,"PREMIUM_EXPENSE":null,"LOAN_DEPOSIT":null,"LOAN_EQUITY":null,"LOAN_ASSETS":null,"DEPOSIT_EQUITY":null,"DEPOSIT_ASSETS":null,"EQUITY_MULTIPLIER":1.998408025393,"EQUITY_RATIO":0.998408025394}],"count":27},"success":true,"message":"ok","code":0}