{"version":"5e39109af10d92b5b6efdcc379a2d720","result":{"pages":4,"data":[{"SECUCODE":"02288.HK","SECURITY_CODE":"02288","SECURITY_NAME_ABBR":"宏基资本","ORG_CODE":"10141694","STD_REPORT_DATE":"2024-06-30 00:00:00","REPORT_DATE":"2024-09-30 00:00:00","DATE_TYPE_CODE":"002","REPORT_TYPE":"2024年中报","PER_NETCASH_OPERATE":0.108417425149,"PER_OI":0.177311417031,"BPS":1.858463649357,"BASIC_EPS":-0.21282244,"DILUTED_EPS":null,"OPERATE_INCOME":66571039.59,"OPERATE_INCOME_YOY":1259.252439698,"GROSS_PROFIT":8314503.8,"GROSS_PROFIT_YOY":169.661302811918,"HOLDER_PROFIT":-80040175.03,"HOLDER_PROFIT_YOY":-51.4366149121,"GROSS_PROFIT_RATIO":12.489670960838,"EPS_TTM":-0.419863131947,"OPERATE_INCOME_QOQ":0,"NET_PROFIT_RATIO":-123.3849446634,"ROE_AVG":-10.856348505948,"GROSS_PROFIT_QOQ":0,"ROA":-8.284211444937,"HOLDER_PROFIT_QOQ":0,"ROE_YEARLY":-21.712697011896,"ROIC_YEARLY":-18.039224852128,"TOTAL_ASSETS":897458702.63,"TOTAL_LIABILITIES":210410151.75,"TAX_EBT":null,"OCF_SALES":61.14520258463,"TOTAL_PARENT_EQUITY":697754601.76,"DEBT_ASSET_RATIO":23.4451068482,"OPERATE_PROFIT":-5701116.38,"PRETAX_PROFIT":-82138640.36,"NETCASH_OPERATE":40704997.02,"NETCASH_INVEST":11452733,"NETCASH_FINANCE":-56991324.42,"END_CASH":86199400.73,"DIVI_RATIO":null,"DIVIDEND_RATE":null,"CURRENT_RATIO":2.378884252703,"COMMON_ACS":1000000000,"CURRENTDEBT_DEBT":90.492231865424,"ISSUED_COMMON_SHARES":375447000,"HK_COMMON_SHARES":375447000,"PER_SHARES":1000,"TOTAL_MARKET_CAP":60822414,"HKSK_MARKET_CAP":60822414,"PE_TTM":-0.298100866036,"PB_TTM":0.078607929755,"REPORT_DATE_SQ":"2023-06-30 00:00:00","REPORT_TYPE_SQ":"2023年中报","OPERATE_INCOME_SQ":4983648.53,"DPS_HKD":null,"OPERATE_INCOME_QOQ_SQ":0,"NET_PROFIT_RATIO_SQ":-1104.437488492,"HOLDER_PROFIT_SQ":-53782294.3,"HOLDER_PROFIT_QOQ_SQ":0,"ROE_AVG_SQ":-5.830674661088,"PE_TTM_SQ":-0.308137891553,"PB_TTM_SQ":0.062412369103,"ROA_SQ":-4.388018859272,"START_DATE":"2024-04-01 00:00:00","FISCAL_YEAR":"3-31","CURRENCY":"HKD","IS_CNY_CODE":0,"DPS_HKD_LY":null,"ORG_TYPE":"一般企业","PREMIUM_INCOME":null,"PREMIUM_INCOME_YOY":null,"NET_INTEREST_INCOME":null,"NET_INTEREST_INCOME_YOY":null,"FEE_COMMISSION_INCOME":null,"FEE_COMMISSION_INCOME_YOY":null,"ACCOUNTS_RECE_TDAYS":3.254463695278,"INVENTORY_TDAYS":0.175520201492,"CURRENT_ASSETS_TDAYS":0.137454683581,"TOTAL_ASSETS_TDAYS":0.068901469527,"PREMIUM_EXPENSE":null,"LOAN_DEPOSIT":null,"LOAN_EQUITY":null,"LOAN_ASSETS":null,"DEPOSIT_EQUITY":null,"DEPOSIT_ASSETS":null,"EQUITY_MULTIPLIER":1.306252231346,"EQUITY_RATIO":0.301553226907},{"SECUCODE":"02288.HK","SECURITY_CODE":"02288","SECURITY_NAME_ABBR":"宏基资本","ORG_CODE":"10141694","STD_REPORT_DATE":"2023-12-31 00:00:00","REPORT_DATE":"2024-03-31 00:00:00","DATE_TYPE_CODE":"001","REPORT_TYPE":"2023年年报","PER_NETCASH_OPERATE":0.001637090988,"PER_OI":0.252054061958,"BPS":2.079861320373,"BASIC_EPS":-0.41973265,"DILUTED_EPS":null,"OPERATE_INCOME":94632941.4,"OPERATE_INCOME_YOY":19.0352927761,"GROSS_PROFIT":-24750628.1,"GROSS_PROFIT_YOY":-1207.44943627176,"HOLDER_PROFIT":-157636353.3,"HOLDER_PROFIT_YOY":8.1567007696,"GROSS_PROFIT_RATIO":-26.154347242978,"EPS_TTM":-0.462918982733,"OPERATE_INCOME_QOQ":0,"NET_PROFIT_RATIO":-168.7607771008,"ROE_AVG":-18.33032020029,"GROSS_PROFIT_QOQ":0,"ROA":-13.879274116981,"HOLDER_PROFIT_QOQ":0,"ROE_YEARLY":-18.33032020029,"ROIC_YEARLY":-15.434595628081,"TOTAL_ASSETS":1040358593.1,"TOTAL_LIABILITIES":268457558.05,"TAX_EBT":-1.308290825862,"OCF_SALES":0.649499942522,"TOTAL_PARENT_EQUITY":780877693.15,"DEBT_ASSET_RATIO":25.8043293755,"OPERATE_PROFIT":-66179963.1,"PRETAX_PROFIT":-157640886.05,"NETCASH_OPERATE":614640.9,"NETCASH_INVEST":-25376147.6,"NETCASH_FINANCE":-34493320.95,"END_CASH":91468175.35,"DIVI_RATIO":null,"DIVIDEND_RATE":null,"CURRENT_RATIO":2.090579061087,"COMMON_ACS":1000000000,"CURRENTDEBT_DEBT":92.367567056472,"ISSUED_COMMON_SHARES":375447000,"HK_COMMON_SHARES":375447000,"PER_SHARES":1000,"TOTAL_MARKET_CAP":63825990,"HKSK_MARKET_CAP":63825990,"PE_TTM":-0.312821896458,"PB_TTM":0.082489802829,"REPORT_DATE_SQ":"2022-12-31 00:00:00","REPORT_TYPE_SQ":"2022年年报","OPERATE_INCOME_SQ":76769079.95,"DPS_HKD":null,"OPERATE_INCOME_QOQ_SQ":0,"NET_PROFIT_RATIO_SQ":-219.1937966817,"HOLDER_PROFIT_SQ":-165740499.89,"HOLDER_PROFIT_QOQ_SQ":0,"ROE_AVG_SQ":-16.6824536809,"PE_TTM_SQ":-0.427969293824,"PB_TTM_SQ":0.086683845976,"ROA_SQ":-12.839511698577,"START_DATE":"2023-04-01 00:00:00","FISCAL_YEAR":"3-31","CURRENCY":"HKD","IS_CNY_CODE":0,"DPS_HKD_LY":null,"ORG_TYPE":"一般企业","PREMIUM_INCOME":null,"PREMIUM_INCOME_YOY":null,"NET_INTEREST_INCOME":null,"NET_INTEREST_INCOME_YOY":null,"FEE_COMMISSION_INCOME":null,"FEE_COMMISSION_INCOME_YOY":null,"ACCOUNTS_RECE_TDAYS":4.156069594299,"INVENTORY_TDAYS":0.296749144556,"CURRENT_ASSETS_TDAYS":0.164352245461,"TOTAL_ASSETS_TDAYS":0.083320662188,"PREMIUM_EXPENSE":null,"LOAN_DEPOSIT":null,"LOAN_EQUITY":null,"LOAN_ASSETS":null,"DEPOSIT_EQUITY":null,"DEPOSIT_ASSETS":null,"EQUITY_MULTIPLIER":1.347787534748,"EQUITY_RATIO":0.343789508146},{"SECUCODE":"02288.HK","SECURITY_CODE":"02288","SECURITY_NAME_ABBR":"宏基资本","ORG_CODE":"10141694","STD_REPORT_DATE":"2023-06-30 00:00:00","REPORT_DATE":"2023-09-30 00:00:00","DATE_TYPE_CODE":"002","REPORT_TYPE":"2023年中报","PER_NETCASH_OPERATE":-0.091719739431,"PER_OI":0.013273906916,"BPS":2.381836519535,"BASIC_EPS":-0.14315028,"DILUTED_EPS":null,"OPERATE_INCOME":4983648.53,"OPERATE_INCOME_YOY":-93.4397120286,"GROSS_PROFIT":-11935613.41,"GROSS_PROFIT_YOY":-201.209364306966,"HOLDER_PROFIT":-53782294.3,"HOLDER_PROFIT_YOY":-15.9400221554,"GROSS_PROFIT_RATIO":-239.495488860247,"EPS_TTM":-0.441448459809,"OPERATE_INCOME_QOQ":0,"NET_PROFIT_RATIO":-1104.437488492,"ROE_AVG":-5.830674661088,"GROSS_PROFIT_QOQ":0,"ROA":-4.388018859272,"HOLDER_PROFIT_QOQ":0,"ROE_YEARLY":-11.661349322175,"ROIC_YEARLY":-9.809919215876,"TOTAL_ASSETS":1205099620.62,"TOTAL_LIABILITIES":318077169.27,"TAX_EBT":-0.001667194612,"OCF_SALES":-690.977720493463,"TOTAL_PARENT_EQUITY":894253375.75,"DEBT_ASSET_RATIO":26.3942634972,"OPERATE_PROFIT":-30839709.04,"PRETAX_PROFIT":-55040365.03,"NETCASH_OPERATE":-34435901.01,"NETCASH_INVEST":-14978474.49,"NETCASH_FINANCE":14675656.59,"END_CASH":117382311.97,"DIVI_RATIO":null,"DIVIDEND_RATE":null,"CURRENT_RATIO":2.565290385107,"COMMON_ACS":1000000000,"CURRENTDEBT_DEBT":75.609080602027,"ISSUED_COMMON_SHARES":375447000,"HK_COMMON_SHARES":375447000,"PER_SHARES":1000,"TOTAL_MARKET_CAP":63825990,"HKSK_MARKET_CAP":63825990,"PE_TTM":-0.312821896458,"PB_TTM":0.082489802829,"REPORT_DATE_SQ":"2022-06-30 00:00:00","REPORT_TYPE_SQ":"2022年中报","OPERATE_INCOME_SQ":74874969.84,"DPS_HKD":null,"OPERATE_INCOME_QOQ_SQ":0,"NET_PROFIT_RATIO_SQ":-67.0077066171,"HOLDER_PROFIT_SQ":-45721250.88,"HOLDER_PROFIT_QOQ_SQ":0,"ROE_AVG_SQ":-4.201403404373,"PE_TTM_SQ":-0.427969293824,"PB_TTM_SQ":0.086683845976,"ROA_SQ":-3.281958060118,"START_DATE":"2023-04-01 00:00:00","FISCAL_YEAR":"3-31","CURRENCY":"HKD","IS_CNY_CODE":0,"DPS_HKD_LY":null,"ORG_TYPE":"一般企业","PREMIUM_INCOME":null,"PREMIUM_INCOME_YOY":null,"NET_INTEREST_INCOME":null,"NET_INTEREST_INCOME_YOY":null,"FEE_COMMISSION_INCOME":null,"FEE_COMMISSION_INCOME_YOY":null,"ACCOUNTS_RECE_TDAYS":0.212667645619,"INVENTORY_TDAYS":0.037849760796,"CURRENT_ASSETS_TDAYS":0.007923949923,"TOTAL_ASSETS_TDAYS":0.004066086065,"PREMIUM_EXPENSE":null,"LOAN_DEPOSIT":null,"LOAN_EQUITY":null,"LOAN_ASSETS":null,"DEPOSIT_EQUITY":null,"DEPOSIT_ASSETS":null,"EQUITY_MULTIPLIER":1.358589761495,"EQUITY_RATIO":0.35569020805},{"SECUCODE":"02288.HK","SECURITY_CODE":"02288","SECURITY_NAME_ABBR":"宏基资本","ORG_CODE":"10141694","STD_REPORT_DATE":"2022-12-31 00:00:00","REPORT_DATE":"2023-03-31 00:00:00","DATE_TYPE_CODE":"001","REPORT_TYPE":"2022年年报","PER_NETCASH_OPERATE":-0.222217650028,"PER_OI":0.204473813747,"BPS":2.41529985476,"BASIC_EPS":-0.44120664,"DILUTED_EPS":null,"OPERATE_INCOME":76769079.95,"OPERATE_INCOME_YOY":0.8660946378,"GROSS_PROFIT":2234921.73,"GROSS_PROFIT_YOY":-75.247224675629,"HOLDER_PROFIT":-165740499.89,"HOLDER_PROFIT_YOY":-442.9566963005,"GROSS_PROFIT_RATIO":2.911226409715,"EPS_TTM":-0.211750344789,"OPERATE_INCOME_QOQ":0,"NET_PROFIT_RATIO":-219.1937966817,"ROE_AVG":-16.6824536809,"GROSS_PROFIT_QOQ":0,"ROA":-12.839511698577,"HOLDER_PROFIT_QOQ":0,"ROE_YEARLY":-16.6824536809,"ROIC_YEARLY":-14.130859480687,"TOTAL_ASSETS":1188886442.31,"TOTAL_LIABILITIES":287308686.59,"TAX_EBT":-0.193901485536,"OCF_SALES":-108.677803751639,"TOTAL_PARENT_EQUITY":906817084.57,"DEBT_ASSET_RATIO":24.1662009394,"OPERATE_PROFIT":-23984483.18,"PRETAX_PROFIT":-167947408.5,"NETCASH_OPERATE":-77155135.76,"NETCASH_INVEST":93857958.56,"NETCASH_FINANCE":36774223.28,"END_CASH":146618043.85,"DIVI_RATIO":null,"DIVIDEND_RATE":null,"CURRENT_RATIO":3.00702178864,"COMMON_ACS":1000000000,"CURRENTDEBT_DEBT":70.773219906215,"ISSUED_COMMON_SHARES":375447000,"HK_COMMON_SHARES":375447000,"PER_SHARES":1000,"TOTAL_MARKET_CAP":60071520,"HKSK_MARKET_CAP":60071520,"PE_TTM":-0.294420608431,"PB_TTM":0.077637461486,"REPORT_DATE_SQ":"2021-12-31 00:00:00","REPORT_TYPE_SQ":"2021年年报","OPERATE_INCOME_SQ":70510831.42,"DPS_HKD":null,"OPERATE_INCOME_QOQ_SQ":0,"NET_PROFIT_RATIO_SQ":-44.8402383198,"HOLDER_PROFIT_SQ":-28279918.7,"HOLDER_PROFIT_QOQ_SQ":0,"ROE_AVG_SQ":-2.777296576168,"PE_TTM_SQ":-0.535420828294,"PB_TTM_SQ":0.104020615171,"ROA_SQ":-2.221194540206,"START_DATE":"2022-04-01 00:00:00","FISCAL_YEAR":"3-31","CURRENCY":"HKD","IS_CNY_CODE":0,"DPS_HKD_LY":null,"ORG_TYPE":"一般企业","PREMIUM_INCOME":null,"PREMIUM_INCOME_YOY":null,"NET_INTEREST_INCOME":null,"NET_INTEREST_INCOME_YOY":null,"FEE_COMMISSION_INCOME":null,"FEE_COMMISSION_INCOME_YOY":null,"ACCOUNTS_RECE_TDAYS":3.518496228535,"INVENTORY_TDAYS":0.19130389845,"CURRENT_ASSETS_TDAYS":0.135582450271,"TOTAL_ASSETS_TDAYS":0.059471131121,"PREMIUM_EXPENSE":null,"LOAN_DEPOSIT":null,"LOAN_EQUITY":null,"LOAN_ASSETS":null,"DEPOSIT_EQUITY":null,"DEPOSIT_ASSETS":null,"EQUITY_MULTIPLIER":1.318673220105,"EQUITY_RATIO":0.316832017701},{"SECUCODE":"02288.HK","SECURITY_CODE":"02288","SECURITY_NAME_ABBR":"宏基资本","ORG_CODE":"10141694","STD_REPORT_DATE":"2022-06-30 00:00:00","REPORT_DATE":"2022-09-30 00:00:00","DATE_TYPE_CODE":"002","REPORT_TYPE":"2022年中报","PER_NETCASH_OPERATE":0.087498554203,"PER_OI":0.199428867031,"BPS":2.824546894022,"BASIC_EPS":-0.1220994,"DILUTED_EPS":-0.1220994,"OPERATE_INCOME":74874969.84,"OPERATE_INCOME_YOY":12.1260141129,"GROSS_PROFIT":11792993.16,"GROSS_PROFIT_YOY":8.294331679102,"HOLDER_PROFIT":-45721250.88,"HOLDER_PROFIT_YOY":-865.7073614056,"GROSS_PROFIT_RATIO":15.75024762641,"EPS_TTM":-0.075323331123,"OPERATE_INCOME_QOQ":0,"NET_PROFIT_RATIO":-67.0077066171,"ROE_AVG":-4.201403404373,"GROSS_PROFIT_QOQ":0,"ROA":-3.281958060118,"HOLDER_PROFIT_QOQ":0,"ROE_YEARLY":-8.402806808747,"ROIC_YEARLY":-7.055890772712,"TOTAL_ASSETS":1347189608.76,"TOTAL_LIABILITIES":294495612.84,"TAX_EBT":-0.518237990831,"OCF_SALES":43.874568163699,"TOTAL_PARENT_EQUITY":1060467657.72,"DEBT_ASSET_RATIO":21.8599973549,"OPERATE_PROFIT":-13102622.28,"PRETAX_PROFIT":-49913330.28,"NETCASH_OPERATE":32851069.68,"NETCASH_INVEST":-297560.76,"NETCASH_FINANCE":-22592006.76,"END_CASH":106092620.88,"DIVI_RATIO":null,"DIVIDEND_RATE":null,"CURRENT_RATIO":2.47536302226,"COMMON_ACS":1000000000,"CURRENTDEBT_DEBT":92.382628351008,"ISSUED_COMMON_SHARES":375447000,"HK_COMMON_SHARES":375447000,"PER_SHARES":1000,"TOTAL_MARKET_CAP":60071520,"HKSK_MARKET_CAP":60071520,"PE_TTM":-0.294420608431,"PB_TTM":0.077637461486,"REPORT_DATE_SQ":"2021-06-30 00:00:00","REPORT_TYPE_SQ":"2021年中报","OPERATE_INCOME_SQ":61507318.98,"DPS_HKD":null,"OPERATE_INCOME_QOQ_SQ":0,"NET_PROFIT_RATIO_SQ":4.4966342963,"HOLDER_PROFIT_SQ":5499862.12,"HOLDER_PROFIT_QOQ_SQ":0,"ROE_AVG_SQ":0.51764416237,"PE_TTM_SQ":-0.535420828294,"PB_TTM_SQ":0.104020615171,"ROA_SQ":0.436094228588,"START_DATE":"2022-04-01 00:00:00","FISCAL_YEAR":"3-31","CURRENCY":"HKD","IS_CNY_CODE":0,"DPS_HKD_LY":null,"ORG_TYPE":"一般企业","PREMIUM_INCOME":null,"PREMIUM_INCOME_YOY":null,"NET_INTEREST_INCOME":null,"NET_INTEREST_INCOME_YOY":null,"FEE_COMMISSION_INCOME":null,"FEE_COMMISSION_INCOME_YOY":null,"ACCOUNTS_RECE_TDAYS":3.41069111134,"INVENTORY_TDAYS":0.185132737255,"CURRENT_ASSETS_TDAYS":0.123584158549,"TOTAL_ASSETS_TDAYS":0.053746672726,"PREMIUM_EXPENSE":null,"LOAN_DEPOSIT":null,"LOAN_EQUITY":null,"LOAN_ASSETS":null,"DEPOSIT_EQUITY":null,"DEPOSIT_ASSETS":null,"EQUITY_MULTIPLIER":1.279754243856,"EQUITY_RATIO":0.277703530792},{"SECUCODE":"02288.HK","SECURITY_CODE":"02288","SECURITY_NAME_ABBR":"宏基资本","ORG_CODE":"10141694","STD_REPORT_DATE":"2021-12-31 00:00:00","REPORT_DATE":"2022-03-31 00:00:00","DATE_TYPE_CODE":"001","REPORT_TYPE":"2021年年报","PER_NETCASH_OPERATE":-0.032520583598,"PER_OI":0.187805020203,"BPS":2.66541554523,"BASIC_EPS":-0.07542393,"DILUTED_EPS":-0.07542393,"OPERATE_INCOME":70510831.42,"OPERATE_INCOME_YOY":-48.2971270896,"GROSS_PROFIT":9028974.33,"GROSS_PROFIT_YOY":-43.542431696822,"HOLDER_PROFIT":-28279918.7,"HOLDER_PROFIT_YOY":-874.8888888889,"GROSS_PROFIT_RATIO":12.805088449771,"EPS_TTM":-0.053703840063,"OPERATE_INCOME_QOQ":0,"NET_PROFIT_RATIO":-44.8402383198,"ROE_AVG":-2.777296576168,"GROSS_PROFIT_QOQ":0,"ROA":-2.221194540206,"HOLDER_PROFIT_QOQ":0,"ROE_YEARLY":-2.777296576168,"ROIC_YEARLY":-2.621512794065,"TOTAL_ASSETS":1290374491.71,"TOTAL_LIABILITIES":291382916.84,"TAX_EBT":-2.169981916817,"OCF_SALES":-17.31614179568,"TOTAL_PARENT_EQUITY":1000722270.21,"DEBT_ASSET_RATIO":22.5812675864,"OPERATE_PROFIT":-4913909.59,"PRETAX_PROFIT":-30945708.57,"NETCASH_OPERATE":-12209755.55,"NETCASH_INVEST":-263330080.94,"NETCASH_FINANCE":64269298.46,"END_CASH":89327074.43,"DIVI_RATIO":null,"DIVIDEND_RATE":null,"CURRENT_RATIO":1.656466750537,"COMMON_ACS":1000000000,"CURRENTDEBT_DEBT":100,"ISSUED_COMMON_SHARES":375447000,"HK_COMMON_SHARES":375447000,"PER_SHARES":1000,"TOTAL_MARKET_CAP":60071520,"HKSK_MARKET_CAP":60071520,"PE_TTM":-0.294420608431,"PB_TTM":0.077637461486,"REPORT_DATE_SQ":"2020-12-31 00:00:00","REPORT_TYPE_SQ":"2020年年报","OPERATE_INCOME_SQ":142122933.26,"DPS_HKD":null,"OPERATE_INCOME_QOQ_SQ":0,"NET_PROFIT_RATIO_SQ":18.6789726268,"HOLDER_PROFIT_SQ":3803310,"HOLDER_PROFIT_QOQ_SQ":0,"ROE_AVG_SQ":0.346082100672,"PE_TTM_SQ":-0.535420828294,"PB_TTM_SQ":0.104020615171,"ROA_SQ":0.268466145524,"START_DATE":"2021-04-01 00:00:00","FISCAL_YEAR":"3-31","CURRENCY":"HKD","IS_CNY_CODE":0,"DPS_HKD_LY":0.03,"ORG_TYPE":"一般企业","PREMIUM_INCOME":null,"PREMIUM_INCOME_YOY":null,"NET_INTEREST_INCOME":null,"NET_INTEREST_INCOME_YOY":null,"FEE_COMMISSION_INCOME":null,"FEE_COMMISSION_INCOME_YOY":null,"ACCOUNTS_RECE_TDAYS":2.98277754906,"INVENTORY_TDAYS":0.187009789713,"CURRENT_ASSETS_TDAYS":0.120193627009,"TOTAL_ASSETS_TDAYS":0.05538144414,"PREMIUM_EXPENSE":null,"LOAN_DEPOSIT":null,"LOAN_EQUITY":null,"LOAN_ASSETS":null,"DEPOSIT_EQUITY":null,"DEPOSIT_ASSETS":null,"EQUITY_MULTIPLIER":1.291677051308,"EQUITY_RATIO":0.291172611537},{"SECUCODE":"02288.HK","SECURITY_CODE":"02288","SECURITY_NAME_ABBR":"宏基资本","ORG_CODE":"10141694","STD_REPORT_DATE":"2021-06-30 00:00:00","REPORT_DATE":"2021-09-30 00:00:00","DATE_TYPE_CODE":"002","REPORT_TYPE":"2021年中报","PER_NETCASH_OPERATE":-0.074082912582,"PER_OI":0.163824238787,"BPS":2.825998628248,"BASIC_EPS":0.01499508,"DILUTED_EPS":0.01499508,"OPERATE_INCOME":61507318.98,"OPERATE_INCOME_YOY":-51.3738326374,"GROSS_PROFIT":10889760.32,"GROSS_PROFIT_YOY":-22.409507515793,"HOLDER_PROFIT":5499862.12,"HOLDER_PROFIT_YOY":-80.3119315301,"GROSS_PROFIT_RATIO":17.704820337789,"EPS_TTM":0.010130084939,"OPERATE_INCOME_QOQ":0,"NET_PROFIT_RATIO":4.4966342963,"ROE_AVG":0.51764416237,"GROSS_PROFIT_QOQ":0,"ROA":0.436094228588,"HOLDER_PROFIT_QOQ":0,"ROE_YEARLY":1.035288324741,"ROIC_YEARLY":1.061061246072,"TOTAL_ASSETS":1232183211.3,"TOTAL_LIABILITIES":172390937.22,"TAX_EBT":10.800644814616,"OCF_SALES":-45.220971652242,"TOTAL_PARENT_EQUITY":1061012706.98,"DEBT_ASSET_RATIO":13.9906903161,"OPERATE_PROFIT":3371393.82,"PRETAX_PROFIT":3100649.32,"NETCASH_OPERATE":-27814207.28,"NETCASH_INVEST":-71707305.62,"NETCASH_FINANCE":-67685291.94,"END_CASH":140766313.5,"DIVI_RATIO":null,"DIVIDEND_RATE":null,"CURRENT_RATIO":3.277185810174,"COMMON_ACS":1000000000,"CURRENTDEBT_DEBT":100,"ISSUED_COMMON_SHARES":375447000,"HK_COMMON_SHARES":375447000,"PER_SHARES":1000,"TOTAL_MARKET_CAP":60071520,"HKSK_MARKET_CAP":60071520,"PE_TTM":-0.294420608431,"PB_TTM":0.077637461486,"REPORT_DATE_SQ":"2020-06-30 00:00:00","REPORT_TYPE_SQ":"2020年中报","OPERATE_INCOME_SQ":133423087.36,"DPS_HKD":null,"OPERATE_INCOME_QOQ_SQ":0,"NET_PROFIT_RATIO_SQ":40.1684690262,"HOLDER_PROFIT_SQ":29466117.76,"HOLDER_PROFIT_QOQ_SQ":0,"ROE_AVG_SQ":2.485558109084,"PE_TTM_SQ":-0.535420828294,"PB_TTM_SQ":0.104020615171,"ROA_SQ":1.858240000177,"START_DATE":"2021-04-01 00:00:00","FISCAL_YEAR":"3-31","CURRENCY":"HKD","IS_CNY_CODE":0,"DPS_HKD_LY":0.03,"ORG_TYPE":"一般企业","PREMIUM_INCOME":null,"PREMIUM_INCOME_YOY":null,"NET_INTEREST_INCOME":null,"NET_INTEREST_INCOME_YOY":null,"FEE_COMMISSION_INCOME":null,"FEE_COMMISSION_INCOME_YOY":null,"ACCOUNTS_RECE_TDAYS":2.672059063026,"INVENTORY_TDAYS":0.151523501841,"CURRENT_ASSETS_TDAYS":0.096530886537,"TOTAL_ASSETS_TDAYS":0.048770289578,"PREMIUM_EXPENSE":null,"LOAN_DEPOSIT":null,"LOAN_EQUITY":null,"LOAN_ASSETS":null,"DEPOSIT_EQUITY":null,"DEPOSIT_ASSETS":null,"EQUITY_MULTIPLIER":1.16266483672,"EQUITY_RATIO":0.162477731026},{"SECUCODE":"02288.HK","SECURITY_CODE":"02288","SECURITY_NAME_ABBR":"宏基资本","ORG_CODE":"10141694","STD_REPORT_DATE":"2020-12-31 00:00:00","REPORT_DATE":"2021-03-31 00:00:00","DATE_TYPE_CODE":"001","REPORT_TYPE":"2020年年报","PER_NETCASH_OPERATE":0.266988518646,"PER_OI":0.378543265121,"BPS":2.875039666637,"BASIC_EPS":0.0084518,"DILUTED_EPS":0.0084518,"OPERATE_INCOME":142122933.26,"OPERATE_INCOME_YOY":51.9349096922,"GROSS_PROFIT":15992495.96,"GROSS_PROFIT_YOY":-59.501595781873,"HOLDER_PROFIT":3803310,"HOLDER_PROFIT_YOY":105.8200442323,"GROSS_PROFIT_RATIO":11.252579434695,"EPS_TTM":-0.04525552307,"OPERATE_INCOME_QOQ":0,"NET_PROFIT_RATIO":18.6789726268,"ROE_AVG":0.346082100672,"GROSS_PROFIT_QOQ":0,"ROA":0.268466145524,"HOLDER_PROFIT_QOQ":0,"ROE_YEARLY":0.346082100672,"ROIC_YEARLY":0.330706665025,"TOTAL_ASSETS":1308914207.58,"TOTAL_LIABILITIES":228087036.24,"TAX_EBT":0.795906765208,"OCF_SALES":70.530516124812,"TOTAL_PARENT_EQUITY":1079425017.72,"DEBT_ASSET_RATIO":17.4256673905,"OPERATE_PROFIT":21385589.54,"PRETAX_PROFIT":26760089.16,"NETCASH_OPERATE":100240038.36,"NETCASH_INVEST":229856843.16,"NETCASH_FINANCE":-224260061.2,"END_CASH":312537421.84,"DIVI_RATIO":null,"DIVIDEND_RATE":null,"CURRENT_RATIO":3.155457482918,"COMMON_ACS":1000000000,"CURRENTDEBT_DEBT":100,"ISSUED_COMMON_SHARES":375447000,"HK_COMMON_SHARES":375447000,"PER_SHARES":1000,"TOTAL_MARKET_CAP":60071520,"HKSK_MARKET_CAP":60071520,"PE_TTM":-0.294420608431,"PB_TTM":0.077637461486,"REPORT_DATE_SQ":"2019-12-31 00:00:00","REPORT_TYPE_SQ":"2019年年报","OPERATE_INCOME_SQ":101125574.9,"DPS_HKD":null,"OPERATE_INCOME_QOQ_SQ":0,"NET_PROFIT_RATIO_SQ":-76.7458460204,"HOLDER_PROFIT_SQ":-70646370.3,"HOLDER_PROFIT_QOQ_SQ":0,"ROE_AVG_SQ":-5.597409173948,"PE_TTM_SQ":-0.535420828294,"PB_TTM_SQ":0.104020615171,"ROA_SQ":-4.039640398389,"START_DATE":"2020-04-01 00:00:00","FISCAL_YEAR":"3-31","CURRENCY":"HKD","IS_CNY_CODE":0,"DPS_HKD_LY":null,"ORG_TYPE":"一般企业","PREMIUM_INCOME":null,"PREMIUM_INCOME_YOY":null,"NET_INTEREST_INCOME":null,"NET_INTEREST_INCOME_YOY":null,"FEE_COMMISSION_INCOME":null,"FEE_COMMISSION_INCOME_YOY":null,"ACCOUNTS_RECE_TDAYS":2.829615918556,"INVENTORY_TDAYS":0.33285973654,"CURRENT_ASSETS_TDAYS":0.16339493628,"TOTAL_ASSETS_TDAYS":0.100321025851,"PREMIUM_EXPENSE":null,"LOAN_DEPOSIT":null,"LOAN_EQUITY":null,"LOAN_ASSETS":null,"DEPOSIT_EQUITY":null,"DEPOSIT_ASSETS":null,"EQUITY_MULTIPLIER":1.211030072419,"EQUITY_RATIO":0.211304196675},{"SECUCODE":"02288.HK","SECURITY_CODE":"02288","SECURITY_NAME_ABBR":"宏基资本","ORG_CODE":"10141694","STD_REPORT_DATE":"2020-06-30 00:00:00","REPORT_DATE":"2020-09-30 00:00:00","DATE_TYPE_CODE":"002","REPORT_TYPE":"2020年中报","PER_NETCASH_OPERATE":0.279668269609,"PER_OI":0.279451095849,"BPS":3.217767520422,"BASIC_EPS":0.0615104,"DILUTED_EPS":0.0615104,"OPERATE_INCOME":133423087.36,"OPERATE_INCOME_YOY":263.075083692,"GROSS_PROFIT":14034915.84,"GROSS_PROFIT_YOY":-28.635503566412,"HOLDER_PROFIT":29466117.76,"HOLDER_PROFIT_YOY":225.0438154902,"GROSS_PROFIT_RATIO":10.519105889171,"EPS_TTM":-0.147966937273,"OPERATE_INCOME_QOQ":0,"NET_PROFIT_RATIO":40.1684690262,"ROE_AVG":2.485558109084,"GROSS_PROFIT_QOQ":0,"ROA":1.858240000177,"HOLDER_PROFIT_QOQ":0,"ROE_YEARLY":4.971116218168,"ROIC_YEARLY":4.914314940863,"TOTAL_ASSETS":1586456026.24,"TOTAL_LIABILITIES":329483093.76,"TAX_EBT":null,"OCF_SALES":100.077714406143,"TOTAL_PARENT_EQUITY":1208101162.24,"DEBT_ASSET_RATIO":20.768498358,"OPERATE_PROFIT":45729467.52,"PRETAX_PROFIT":53594011.52,"NETCASH_OPERATE":133526776.32,"NETCASH_INVEST":185534698.24,"NETCASH_FINANCE":-37687422.08,"END_CASH":496122675.84,"DIVI_RATIO":null,"DIVIDEND_RATE":null,"CURRENT_RATIO":3.042615439596,"COMMON_ACS":1000000000,"CURRENTDEBT_DEBT":100,"ISSUED_COMMON_SHARES":375447000,"HK_COMMON_SHARES":375447000,"PER_SHARES":1000,"TOTAL_MARKET_CAP":60071520,"HKSK_MARKET_CAP":60071520,"PE_TTM":-0.294420608431,"PB_TTM":0.077637461486,"REPORT_DATE_SQ":"2019-06-30 00:00:00","REPORT_TYPE_SQ":"2019年中报","OPERATE_INCOME_SQ":37722058.2,"DPS_HKD":null,"OPERATE_INCOME_QOQ_SQ":0,"NET_PROFIT_RATIO_SQ":-73.6657101865,"HOLDER_PROFIT_SQ":-24189202.17,"HOLDER_PROFIT_QOQ_SQ":0,"ROE_AVG_SQ":-1.906364429317,"PE_TTM_SQ":-0.535420828294,"PB_TTM_SQ":0.104020615171,"ROA_SQ":-1.343922879664,"START_DATE":"2020-04-01 00:00:00","FISCAL_YEAR":"3-31","CURRENCY":"HKD","IS_CNY_CODE":0,"DPS_HKD_LY":null,"ORG_TYPE":"一般企业","PREMIUM_INCOME":null,"PREMIUM_INCOME_YOY":null,"NET_INTEREST_INCOME":null,"NET_INTEREST_INCOME_YOY":null,"FEE_COMMISSION_INCOME":null,"FEE_COMMISSION_INCOME_YOY":null,"ACCOUNTS_RECE_TDAYS":1.942904670505,"INVENTORY_TDAYS":0.308238539686,"CURRENT_ASSETS_TDAYS":0.129356764505,"TOTAL_ASSETS_TDAYS":0.0841414264,"PREMIUM_EXPENSE":null,"LOAN_DEPOSIT":null,"LOAN_EQUITY":null,"LOAN_ASSETS":null,"DEPOSIT_EQUITY":null,"DEPOSIT_ASSETS":null,"EQUITY_MULTIPLIER":1.262124255222,"EQUITY_RATIO":0.272728066207}],"count":35},"success":true,"message":"ok","code":0}