{"version":"b5b86dffe3f3c3f2335d1996b23e10d9","result":{"pages":4,"data":[{"SECUCODE":"02282.HK","SECURITY_CODE":"02282","SECURITY_NAME_ABBR":"美高梅中国","ORG_CODE":"10171822","STD_REPORT_DATE":"2024-06-30 00:00:00","REPORT_DATE":"2024-06-30 00:00:00","DATE_TYPE_CODE":"002","REPORT_TYPE":"2024年中报","PER_NETCASH_OPERATE":1.022404070584,"PER_OI":3.895217844175,"BPS":-0.012547712452,"BASIC_EPS":0.64435208,"DILUTED_EPS":0.64070136,"OPERATE_INCOME":14801827811.76,"OPERATE_INCOME_YOY":52.2895431393,"GROSS_PROFIT":14309752739.04,"GROSS_PROFIT_YOY":50.442573379267,"HOLDER_PROFIT":2450960156.72,"HOLDER_PROFIT_YOY":227.1297602429,"GROSS_PROFIT_RATIO":96.675578996203,"EPS_TTM":1.074994136001,"OPERATE_INCOME_QOQ":22.27719473059,"NET_PROFIT_RATIO":16.558496612,"ROE_AVG":-389.347456693324,"GROSS_PROFIT_QOQ":22.156027152005,"ROA":9.070025920015,"HOLDER_PROFIT_QOQ":70.856385030016,"ROE_YEARLY":-778.694913386649,"ROIC_YEARLY":21.583097272117,"TOTAL_ASSETS":27412080948.16,"TOTAL_LIABILITIES":27459763002.08,"TAX_EBT":1.155530232092,"OCF_SALES":26.247673724142,"TOTAL_PARENT_EQUITY":-47682053.92,"DEBT_ASSET_RATIO":100.1739454002,"OPERATE_PROFIT":3214762882.44,"PRETAX_PROFIT":2479612832.64,"NETCASH_OPERATE":3885135469.24,"NETCASH_INVEST":-515223375.56,"NETCASH_FINANCE":-2470976141.8,"END_CASH":4759127876.72,"DIVI_RATIO":0.087671994519,"DIVIDEND_RATE":1.007751937984,"CURRENT_RATIO":0.744078529304,"COMMON_ACS":10000000000,"CURRENTDEBT_DEBT":27.742068689169,"ISSUED_COMMON_SHARES":3800059501,"HK_COMMON_SHARES":3800059501,"PER_SHARES":400,"TOTAL_MARKET_CAP":39216614050.32,"HKSK_MARKET_CAP":39216614050.32,"PE_TTM":8.709298845423,"PB_TTM":-750.64340499043,"REPORT_DATE_SQ":"2023-06-30 00:00:00","REPORT_TYPE_SQ":"2023年中报","OPERATE_INCOME_SQ":9818569769.22,"DPS_HKD":0.104,"OPERATE_INCOME_QOQ_SQ":163.895221555638,"NET_PROFIT_RATIO_SQ":8.5493752106,"HOLDER_PROFIT_SQ":756866289.72,"HOLDER_PROFIT_QOQ_SQ":60.187985386286,"ROE_AVG_SQ":-22.936017175037,"PE_TTM_SQ":-23.370300041429,"PB_TTM_SQ":-14.832995931319,"ROA_SQ":2.72826137621,"START_DATE":"2024-01-01 00:00:00","FISCAL_YEAR":"12-31","CURRENCY":"HKD","IS_CNY_CODE":0,"DPS_HKD_LY":0.104,"ORG_TYPE":"一般企业","PREMIUM_INCOME":null,"PREMIUM_INCOME_YOY":null,"NET_INTEREST_INCOME":null,"NET_INTEREST_INCOME_YOY":null,"FEE_COMMISSION_INCOME":null,"FEE_COMMISSION_INCOME_YOY":null,"ACCOUNTS_RECE_TDAYS":27.26673615898,"INVENTORY_TDAYS":2.744638284658,"CURRENT_ASSETS_TDAYS":2.856979379537,"TOTAL_ASSETS_TDAYS":0.547756606929,"PREMIUM_EXPENSE":null,"LOAN_DEPOSIT":null,"LOAN_EQUITY":null,"LOAN_ASSETS":null,"DEPOSIT_EQUITY":null,"DEPOSIT_ASSETS":null,"EQUITY_MULTIPLIER":-574.893040488713,"EQUITY_RATIO":-575.893040349131},{"SECUCODE":"02282.HK","SECURITY_CODE":"02282","SECURITY_NAME_ABBR":"美高梅中国","ORG_CODE":"10171822","STD_REPORT_DATE":"2023-12-31 00:00:00","REPORT_DATE":"2023-12-31 00:00:00","DATE_TYPE_CODE":"001","REPORT_TYPE":"2023年年报","PER_NETCASH_OPERATE":1.971711741665,"PER_OI":5.886664415872,"BPS":-0.316509072577,"BASIC_EPS":0.62891668,"DILUTED_EPS":0.62710424,"OPERATE_INCOME":22369324786.2,"OPERATE_INCOME_YOY":368.5183016489,"GROSS_PROFIT":21655425513.26,"GROSS_PROFIT_YOY":391.110645312797,"HOLDER_PROFIT":2390883850.88,"HOLDER_PROFIT_YOY":150.4271574956,"GROSS_PROFIT_RATIO":96.80857924965,"EPS_TTM":0.629179960592,"OPERATE_INCOME_QOQ":113.773537671446,"NET_PROFIT_RATIO":10.6882253878,"ROE_AVG":-99.116525701113,"GROSS_PROFIT_QOQ":116.104278518305,"ROA":8.737436828126,"HOLDER_PROFIT_QOQ":228.499437778603,"ROE_YEARLY":-99.116525701113,"ROIC_YEARLY":10.670112848112,"TOTAL_ASSETS":26444681310.88,"TOTAL_LIABILITIES":27647434619.28,"TAX_EBT":1.740570621134,"OCF_SALES":33.494549754681,"TOTAL_PARENT_EQUITY":-1202753308.4,"DEBT_ASSET_RATIO":104.5481860578,"OPERATE_PROFIT":4121022762.92,"PRETAX_PROFIT":2433236042.58,"NETCASH_OPERATE":7492504620.3,"NETCASH_INVEST":-112955791.9,"NETCASH_FINANCE":-9620592827.16,"END_CASH":3835110352.92,"DIVI_RATIO":0.14979320052,"DIVIDEND_RATE":0.998080614203,"CURRENT_RATIO":0.497829536159,"COMMON_ACS":10000000000,"CURRENTDEBT_DEBT":33.859553480857,"ISSUED_COMMON_SHARES":3800059501,"HK_COMMON_SHARES":3800059501,"PER_SHARES":400,"TOTAL_MARKET_CAP":39596620000.42,"HKSK_MARKET_CAP":39596620000.42,"PE_TTM":8.793691276096,"PB_TTM":-757.917081395376,"REPORT_DATE_SQ":"2022-12-31 00:00:00","REPORT_TYPE_SQ":"2022年年报","OPERATE_INCOME_SQ":4706254630.63,"DPS_HKD":0.104,"OPERATE_INCOME_QOQ_SQ":-29.670561862532,"NET_PROFIT_RATIO_SQ":-117.8625116721,"HOLDER_PROFIT_SQ":-4673509138.97,"HOLDER_PROFIT_QOQ_SQ":-24.336310467144,"ROE_AVG_SQ":373.774006476145,"PE_TTM_SQ":-24.241478162908,"PB_TTM_SQ":-15.385927708338,"ROA_SQ":-17.542305059537,"START_DATE":"2023-01-01 00:00:00","FISCAL_YEAR":"12-31","CURRENCY":"HKD","IS_CNY_CODE":0,"DPS_HKD_LY":null,"ORG_TYPE":"一般企业","PREMIUM_INCOME":null,"PREMIUM_INCOME_YOY":null,"NET_INTEREST_INCOME":null,"NET_INTEREST_INCOME_YOY":null,"FEE_COMMISSION_INCOME":null,"FEE_COMMISSION_INCOME_YOY":null,"ACCOUNTS_RECE_TDAYS":59.195103088148,"INVENTORY_TDAYS":4.525191427275,"CURRENT_ASSETS_TDAYS":3.988900853371,"TOTAL_ASSETS_TDAYS":0.817482464216,"PREMIUM_EXPENSE":null,"LOAN_DEPOSIT":null,"LOAN_EQUITY":null,"LOAN_ASSETS":null,"DEPOSIT_EQUITY":null,"DEPOSIT_ASSETS":null,"EQUITY_MULTIPLIER":-21.986787420119,"EQUITY_RATIO":-22.986787420322},{"SECUCODE":"02282.HK","SECURITY_CODE":"02282","SECURITY_NAME_ABBR":"美高梅中国","ORG_CODE":"10171822","STD_REPORT_DATE":"2023-06-30 00:00:00","REPORT_DATE":"2023-06-30 00:00:00","DATE_TYPE_CODE":"002","REPORT_TYPE":"2023年中报","PER_NETCASH_OPERATE":0.895705268148,"PER_OI":2.583834149115,"BPS":-0.767142070205,"BASIC_EPS":0.19914768,"DILUTED_EPS":0.1982257,"OPERATE_INCOME":9818569769.22,"OPERATE_INCOME_YOY":248.8231892103,"GROSS_PROFIT":9511770782.44,"GROSS_PROFIT_YOY":333.593009055005,"HOLDER_PROFIT":756866289.72,"HOLDER_PROFIT_YOY":134.145379721,"GROSS_PROFIT_RATIO":96.534474202604,"EPS_TTM":-0.489636352866,"OPERATE_INCOME_QOQ":163.895221555638,"NET_PROFIT_RATIO":8.5493752106,"ROE_AVG":-22.936017175037,"GROSS_PROFIT_QOQ":173.162562835575,"ROA":2.72826137621,"HOLDER_PROFIT_QOQ":60.187985386286,"ROE_YEARLY":-45.872034350074,"ROIC_YEARLY":6.572787394811,"TOTAL_ASSETS":26708883797.02,"TOTAL_LIABILITIES":29624069309.52,"TAX_EBT":0.943488433549,"OCF_SALES":38.447131259155,"TOTAL_PARENT_EQUITY":-2915185512.5,"DEBT_ASSET_RATIO":110.9146662012,"OPERATE_PROFIT":1720959570.18,"PRETAX_PROFIT":764075251.34,"NETCASH_OPERATE":3403680019.86,"NETCASH_INVEST":71255224.3,"NETCASH_FINANCE":-6415901161.42,"END_CASH":3239474459.88,"DIVI_RATIO":-0.192483420498,"DIVIDEND_RATE":0.998080614203,"CURRENT_RATIO":0.454381122548,"COMMON_ACS":10000000000,"CURRENTDEBT_DEBT":29.191725080798,"ISSUED_COMMON_SHARES":3800059501,"HK_COMMON_SHARES":3800059501,"PER_SHARES":400,"TOTAL_MARKET_CAP":39596620000.42,"HKSK_MARKET_CAP":39596620000.42,"PE_TTM":8.793691276096,"PB_TTM":-757.917081395376,"REPORT_DATE_SQ":"2022-06-30 00:00:00","REPORT_TYPE_SQ":"2022年中报","OPERATE_INCOME_SQ":2354076381.86,"DPS_HKD":0.104,"OPERATE_INCOME_QOQ_SQ":-16.139734767121,"NET_PROFIT_RATIO_SQ":-87.3389123528,"HOLDER_PROFIT_SQ":-2056024707.87,"HOLDER_PROFIT_QOQ_SQ":-19.515822255877,"ROE_AVG_SQ":-50968.2637269451,"PE_TTM_SQ":-24.241478162908,"PB_TTM_SQ":-15.385927708338,"ROA_SQ":-8.03083833798,"START_DATE":"2023-01-01 00:00:00","FISCAL_YEAR":"12-31","CURRENCY":"HKD","IS_CNY_CODE":0,"DPS_HKD_LY":null,"ORG_TYPE":"一般企业","PREMIUM_INCOME":null,"PREMIUM_INCOME_YOY":null,"NET_INTEREST_INCOME":null,"NET_INTEREST_INCOME_YOY":null,"FEE_COMMISSION_INCOME":null,"FEE_COMMISSION_INCOME_YOY":null,"ACCOUNTS_RECE_TDAYS":33.279704873155,"INVENTORY_TDAYS":2.049336412625,"CURRENT_ASSETS_TDAYS":1.670537519845,"TOTAL_ASSETS_TDAYS":0.319118217298,"PREMIUM_EXPENSE":null,"LOAN_DEPOSIT":null,"LOAN_EQUITY":null,"LOAN_ASSETS":null,"DEPOSIT_EQUITY":null,"DEPOSIT_ASSETS":null,"EQUITY_MULTIPLIER":-9.16198426563,"EQUITY_RATIO":-10.161984265665},{"SECUCODE":"02282.HK","SECURITY_CODE":"02282","SECURITY_NAME_ABBR":"美高梅中国","ORG_CODE":"10171822","STD_REPORT_DATE":"2022-12-31 00:00:00","REPORT_DATE":"2022-12-31 00:00:00","DATE_TYPE_CODE":"001","REPORT_TYPE":"2022年年报","PER_NETCASH_OPERATE":-0.496911526464,"PER_OI":1.238488060366,"BPS":-0.939428181514,"BASIC_EPS":-1.23003279,"DILUTED_EPS":-1.23003279,"OPERATE_INCOME":4706254630.63,"OPERATE_INCOME_YOY":-46.0176839408,"GROSS_PROFIT":4409479965.45,"GROSS_PROFIT_YOY":-30.672261789326,"HOLDER_PROFIT":-4673509138.97,"HOLDER_PROFIT_YOY":-36.0133426367,"GROSS_PROFIT_RATIO":92.515558138723,"EPS_TTM":-1.229870825721,"OPERATE_INCOME_QOQ":-29.670561862532,"NET_PROFIT_RATIO":-117.8625116721,"ROE_AVG":373.774006476145,"GROSS_PROFIT_QOQ":-30.80986428995,"ROA":-17.542305059537,"HOLDER_PROFIT_QOQ":-24.336310467144,"ROE_YEARLY":373.774006476145,"ROIC_YEARLY":-20.998846890035,"TOTAL_ASSETS":27878506491.92,"TOTAL_LIABILITIES":31448389478.59,"TAX_EBT":-0.301773140063,"OCF_SALES":-47.620643861955,"TOTAL_PARENT_EQUITY":-3569882986.67,"DEBT_ASSET_RATIO":112.8051443061,"OPERATE_PROFIT":-3224295582.34,"PRETAX_PROFIT":-4659448175.9,"NETCASH_OPERATE":-1888263801.06,"NETCASH_INVEST":-1179948034.37,"NETCASH_FINANCE":6286057115.1,"END_CASH":5990796542.57,"DIVI_RATIO":-0.076631527498,"DIVIDEND_RATE":0.998080614203,"CURRENT_RATIO":3.140367579451,"COMMON_ACS":10000000000,"CURRENTDEBT_DEBT":6.542939926831,"ISSUED_COMMON_SHARES":3800059501,"HK_COMMON_SHARES":3800059501,"PER_SHARES":400,"TOTAL_MARKET_CAP":39596620000.42,"HKSK_MARKET_CAP":39596620000.42,"PE_TTM":8.793691276096,"PB_TTM":-757.917081395376,"REPORT_DATE_SQ":"2021-12-31 00:00:00","REPORT_TYPE_SQ":"2021年年报","OPERATE_INCOME_SQ":6723168950.4,"DPS_HKD":0.104,"OPERATE_INCOME_QOQ_SQ":27.801320875576,"NET_PROFIT_RATIO_SQ":-46.7784353599,"HOLDER_PROFIT_SQ":-3144993241.6,"HOLDER_PROFIT_QOQ_SQ":1.940783054346,"ROE_AVG_SQ":-123.793273238095,"PE_TTM_SQ":-24.241478162908,"PB_TTM_SQ":-15.385927708338,"ROA_SQ":-13.239465206442,"START_DATE":"2022-01-01 00:00:00","FISCAL_YEAR":"12-31","CURRENCY":"HKD","IS_CNY_CODE":0,"DPS_HKD_LY":null,"ORG_TYPE":"一般企业","PREMIUM_INCOME":null,"PREMIUM_INCOME_YOY":null,"NET_INTEREST_INCOME":null,"NET_INTEREST_INCOME_YOY":null,"FEE_COMMISSION_INCOME":null,"FEE_COMMISSION_INCOME_YOY":null,"ACCOUNTS_RECE_TDAYS":20.692133675285,"INVENTORY_TDAYS":2.048083739682,"CURRENT_ASSETS_TDAYS":0.814290325187,"TOTAL_ASSETS_TDAYS":0.148837020446,"PREMIUM_EXPENSE":null,"LOAN_DEPOSIT":null,"LOAN_EQUITY":null,"LOAN_ASSETS":null,"DEPOSIT_EQUITY":null,"DEPOSIT_ASSETS":null,"EQUITY_MULTIPLIER":-7.809361426123,"EQUITY_RATIO":-8.809361426136},{"SECUCODE":"02282.HK","SECURITY_CODE":"02282","SECURITY_NAME_ABBR":"美高梅中国","ORG_CODE":"10171822","STD_REPORT_DATE":"2022-06-30 00:00:00","REPORT_DATE":"2022-06-30 00:00:00","DATE_TYPE_CODE":"002","REPORT_TYPE":"2022年中报","PER_NETCASH_OPERATE":-0.316425926167,"PER_OI":0.619493784537,"BPS":-0.267238639635,"BASIC_EPS":-0.54133527,"DILUTED_EPS":-0.54133527,"OPERATE_INCOME":2354076381.86,"OPERATE_INCOME_YOY":-33.4008995386,"GROSS_PROFIT":2193709442.68,"GROSS_PROFIT_YOY":-32.544226274927,"HOLDER_PROFIT":-2056024707.87,"HOLDER_PROFIT_YOY":-38.7040756102,"GROSS_PROFIT_RATIO":93.187691766684,"EPS_TTM":-0.989148560948,"OPERATE_INCOME_QOQ":-16.139734767121,"NET_PROFIT_RATIO":-87.3389123528,"ROE_AVG":-50968.2637269451,"GROSS_PROFIT_QOQ":-16.640010095878,"ROA":-8.03083833798,"HOLDER_PROFIT_QOQ":-19.515822255877,"ROE_YEARLY":-101936.52745389,"ROIC_YEARLY":-19.305650455236,"TOTAL_ASSETS":26881999700.5,"TOTAL_LIABILITIES":27897522432.08,"TAX_EBT":-0.331353420139,"OCF_SALES":-51.078143811117,"TOTAL_PARENT_EQUITY":-1015522731.58,"DEBT_ASSET_RATIO":103.7777053154,"OPERATE_PROFIT":-1303325808.61,"PRETAX_PROFIT":-2049234499.27,"NETCASH_OPERATE":-1202418519.75,"NETCASH_INVEST":-187013804.39,"NETCASH_FINANCE":4673756166.73,"END_CASH":5942432242.11,"DIVI_RATIO":-0.095280813945,"DIVIDEND_RATE":0.998080614203,"CURRENT_RATIO":3.628761278225,"COMMON_ACS":10000000000,"CURRENTDEBT_DEBT":6.35308407062,"ISSUED_COMMON_SHARES":3800059501,"HK_COMMON_SHARES":3800059501,"PER_SHARES":400,"TOTAL_MARKET_CAP":39596620000.42,"HKSK_MARKET_CAP":39596620000.42,"PE_TTM":8.793691276096,"PB_TTM":-757.917081395376,"REPORT_DATE_SQ":"2021-06-30 00:00:00","REPORT_TYPE_SQ":"2021年中报","OPERATE_INCOME_SQ":3439178018.4,"DPS_HKD":0.104,"OPERATE_INCOME_QOQ_SQ":42.571836979256,"NET_PROFIT_RATIO_SQ":-41.9359919482,"HOLDER_PROFIT_SQ":-1442253416.88,"HOLDER_PROFIT_QOQ_SQ":26.738849120925,"ROE_AVG_SQ":-41.773228935869,"PE_TTM_SQ":-24.241478162908,"PB_TTM_SQ":-15.385927708338,"ROA_SQ":-5.925830832843,"START_DATE":"2022-01-01 00:00:00","FISCAL_YEAR":"12-31","CURRENCY":"HKD","IS_CNY_CODE":0,"DPS_HKD_LY":null,"ORG_TYPE":"一般企业","PREMIUM_INCOME":null,"PREMIUM_INCOME_YOY":null,"NET_INTEREST_INCOME":null,"NET_INTEREST_INCOME_YOY":null,"FEE_COMMISSION_INCOME":null,"FEE_COMMISSION_INCOME_YOY":null,"ACCOUNTS_RECE_TDAYS":10.283640357595,"INVENTORY_TDAYS":1.134763875778,"CURRENT_ASSETS_TDAYS":0.492019127426,"TOTAL_ASSETS_TDAYS":0.091950290216,"PREMIUM_EXPENSE":null,"LOAN_DEPOSIT":null,"LOAN_EQUITY":null,"LOAN_ASSETS":null,"DEPOSIT_EQUITY":null,"DEPOSIT_ASSETS":null,"EQUITY_MULTIPLIER":-26.471095983148,"EQUITY_RATIO":-27.471095982929},{"SECUCODE":"02282.HK","SECURITY_CODE":"02282","SECURITY_NAME_ABBR":"美高梅中国","ORG_CODE":"10171822","STD_REPORT_DATE":"2021-12-31 00:00:00","REPORT_DATE":"2021-12-31 00:00:00","DATE_TYPE_CODE":"001","REPORT_TYPE":"2021年年报","PER_NETCASH_OPERATE":-0.096736495553,"PER_OI":1.769254986482,"BPS":0.257521894418,"BASIC_EPS":-0.8274112,"DILUTED_EPS":-0.8274112,"OPERATE_INCOME":6723168950.4,"OPERATE_INCOME_YOY":87.5661968837,"GROSS_PROFIT":6360340145.6,"GROSS_PROFIT_YOY":84.614297922459,"HOLDER_PROFIT":-3144993241.6,"HOLDER_PROFIT_YOY":26.0483884456,"GROSS_PROFIT_RATIO":94.603306751968,"EPS_TTM":-0.827629800203,"OPERATE_INCOME_QOQ":27.801320875576,"NET_PROFIT_RATIO":-46.7784353599,"ROE_AVG":-123.793273238095,"GROSS_PROFIT_QOQ":28.476199610984,"ROA":-13.239465206442,"HOLDER_PROFIT_QOQ":1.940783054346,"ROE_YEARLY":-123.793273238095,"ROIC_YEARLY":-14.692732528637,"TOTAL_ASSETS":23252196520,"TOTAL_LIABILITIES":22273597998.4,"TAX_EBT":-0.486285139424,"OCF_SALES":-5.467640124946,"TOTAL_PARENT_EQUITY":978598521.6,"DEBT_ASSET_RATIO":95.7913717065,"OPERATE_PROFIT":-1920239070.4,"PRETAX_PROFIT":-3129773617.6,"NETCASH_OPERATE":-367598683.2,"NETCASH_INVEST":-423916606.4,"NETCASH_FINANCE":1179437873.6,"END_CASH":2544387552,"DIVI_RATIO":-0.113875648239,"DIVIDEND_RATE":0.998080614203,"CURRENT_RATIO":1.178302525478,"COMMON_ACS":10000000000,"CURRENTDEBT_DEBT":11.429530428729,"ISSUED_COMMON_SHARES":3800059501,"HK_COMMON_SHARES":3800059501,"PER_SHARES":400,"TOTAL_MARKET_CAP":39596620000.42,"HKSK_MARKET_CAP":39596620000.42,"PE_TTM":8.793691276096,"PB_TTM":-757.917081395376,"REPORT_DATE_SQ":"2020-12-31 00:00:00","REPORT_TYPE_SQ":"2020年年报","OPERATE_INCOME_SQ":3689817932.84,"DPS_HKD":0.104,"OPERATE_INCOME_QOQ_SQ":-67.134101190909,"NET_PROFIT_RATIO_SQ":-118.6458689974,"HOLDER_PROFIT_SQ":-4377816550.84,"HOLDER_PROFIT_QOQ_SQ":-145.636585415935,"ROE_AVG_SQ":-67.212803785138,"PE_TTM_SQ":-24.241478162908,"PB_TTM_SQ":-15.385927708338,"ROA_SQ":-16.731911565193,"START_DATE":"2021-01-01 00:00:00","FISCAL_YEAR":"12-31","CURRENCY":"HKD","IS_CNY_CODE":0,"DPS_HKD_LY":null,"ORG_TYPE":"一般企业","PREMIUM_INCOME":null,"PREMIUM_INCOME_YOY":null,"NET_INTEREST_INCOME":null,"NET_INTEREST_INCOME_YOY":null,"FEE_COMMISSION_INCOME":null,"FEE_COMMISSION_INCOME_YOY":null,"ACCOUNTS_RECE_TDAYS":29.276456514619,"INVENTORY_TDAYS":2.737143033368,"CURRENT_ASSETS_TDAYS":2.398663198162,"TOTAL_ASSETS_TDAYS":0.283024968761,"PREMIUM_EXPENSE":null,"LOAN_DEPOSIT":null,"LOAN_EQUITY":null,"LOAN_ASSETS":null,"DEPOSIT_EQUITY":null,"DEPOSIT_ASSETS":null,"EQUITY_MULTIPLIER":23.760710860221,"EQUITY_RATIO":22.760710860244},{"SECUCODE":"02282.HK","SECURITY_CODE":"02282","SECURITY_NAME_ABBR":"美高梅中国","ORG_CODE":"10171822","STD_REPORT_DATE":"2021-06-30 00:00:00","REPORT_DATE":"2021-06-30 00:00:00","DATE_TYPE_CODE":"002","REPORT_TYPE":"2021年中报","PER_NETCASH_OPERATE":-0.147919080529,"PER_OI":0.905046846709,"BPS":0.7184252351,"BASIC_EPS":-0.37942848,"DILUTED_EPS":-0.37942848,"OPERATE_INCOME":3439178018.4,"OPERATE_INCOME_YOY":102.0739169015,"GROSS_PROFIT":3252070685.04,"GROSS_PROFIT_YOY":86.186127207917,"HOLDER_PROFIT":-1442253416.88,"HOLDER_PROFIT_YOY":39.4038308926,"GROSS_PROFIT_RATIO":94.559533343172,"EPS_TTM":-0.844010207283,"OPERATE_INCOME_QOQ":42.571836979256,"NET_PROFIT_RATIO":-41.9359919482,"ROE_AVG":-41.773228935869,"GROSS_PROFIT_QOQ":43.695329159375,"ROA":-5.925830832843,"HOLDER_PROFIT_QOQ":26.738849120925,"ROE_YEARLY":-83.546457871738,"ROIC_YEARLY":-13.008361025395,"TOTAL_ASSETS":23990057106.48,"TOTAL_LIABILITIES":21259998466.08,"TAX_EBT":-0.650364581609,"OCF_SALES":-16.343803756384,"TOTAL_PARENT_EQUITY":2730058640.4,"DEBT_ASSET_RATIO":88.6200410933,"OPERATE_PROFIT":-873507599.04,"PRETAX_PROFIT":-1432934120.88,"NETCASH_OPERATE":-562092506.16,"NETCASH_INVEST":-271687433.28,"NETCASH_FINANCE":775734870.72,"END_CASH":2135372728.56,"DIVI_RATIO":-0.111665568955,"DIVIDEND_RATE":0.998080614203,"CURRENT_RATIO":1.230995104784,"COMMON_ACS":10000000000,"CURRENTDEBT_DEBT":10.19789259091,"ISSUED_COMMON_SHARES":3800059501,"HK_COMMON_SHARES":3800059501,"PER_SHARES":400,"TOTAL_MARKET_CAP":39596620000.42,"HKSK_MARKET_CAP":39596620000.42,"PE_TTM":8.793691276096,"PB_TTM":-757.917081395376,"REPORT_DATE_SQ":"2020-06-30 00:00:00","REPORT_TYPE_SQ":"2020年中报","OPERATE_INCOME_SQ":1868354743.2,"DPS_HKD":0.104,"OPERATE_INCOME_QOQ_SQ":-38.633878048488,"NET_PROFIT_RATIO_SQ":-139.8466318406,"HOLDER_PROFIT_SQ":-2612831179.2,"HOLDER_PROFIT_QOQ_SQ":-203.021909680498,"ROE_AVG_SQ":-32.196402750443,"PE_TTM_SQ":-24.241478162908,"PB_TTM_SQ":-15.385927708338,"ROA_SQ":-9.125152269038,"START_DATE":"2021-01-01 00:00:00","FISCAL_YEAR":"12-31","CURRENCY":"HKD","IS_CNY_CODE":0,"DPS_HKD_LY":null,"ORG_TYPE":"一般企业","PREMIUM_INCOME":null,"PREMIUM_INCOME_YOY":null,"NET_INTEREST_INCOME":null,"NET_INTEREST_INCOME_YOY":null,"FEE_COMMISSION_INCOME":null,"FEE_COMMISSION_INCOME_YOY":null,"ACCOUNTS_RECE_TDAYS":13.33317204093,"INVENTORY_TDAYS":1.365938848713,"CURRENT_ASSETS_TDAYS":1.292652136581,"TOTAL_ASSETS_TDAYS":0.14130656168,"PREMIUM_EXPENSE":null,"LOAN_DEPOSIT":null,"LOAN_EQUITY":null,"LOAN_ASSETS":null,"DEPOSIT_EQUITY":null,"DEPOSIT_ASSETS":null,"EQUITY_MULTIPLIER":8.787377952756,"EQUITY_RATIO":7.787377952792},{"SECUCODE":"02282.HK","SECURITY_CODE":"02282","SECURITY_NAME_ABBR":"美高梅中国","ORG_CODE":"10171822","STD_REPORT_DATE":"2020-12-31 00:00:00","REPORT_DATE":"2020-12-31 00:00:00","DATE_TYPE_CODE":"001","REPORT_TYPE":"2020年年报","PER_NETCASH_OPERATE":-0.657783520343,"PER_OI":0.971004718913,"BPS":1.111315948566,"BASIC_EPS":-1.15220516,"DILUTED_EPS":-1.15220516,"OPERATE_INCOME":3689817932.84,"OPERATE_INCOME_YOY":-78.5340958093,"GROSS_PROFIT":3445204524.88,"GROSS_PROFIT_YOY":-80.522813498107,"HOLDER_PROFIT":-4377816550.84,"HOLDER_PROFIT_YOY":-369.3380066983,"GROSS_PROFIT_RATIO":93.370583253366,"EPS_TTM":-1.15205698676,"OPERATE_INCOME_QOQ":-67.134101190909,"NET_PROFIT_RATIO":-118.6458689974,"ROE_AVG":-67.212803785138,"GROSS_PROFIT_QOQ":-68.068788464364,"ROA":-16.731911565193,"HOLDER_PROFIT_QOQ":-145.636585415935,"ROE_YEARLY":-67.212803785138,"ROIC_YEARLY":-18.488032051797,"TOTAL_ASSETS":24970410116.56,"TOTAL_LIABILITIES":20747343387.6,"TAX_EBT":-0.196211193824,"OCF_SALES":-67.742566800203,"TOTAL_PARENT_EQUITY":4223066728.96,"DEBT_ASSET_RATIO":83.0877157834,"OPERATE_PROFIT":-3479501354.88,"PRETAX_PROFIT":-4369243605.8,"NETCASH_OPERATE":-2499577377.96,"NETCASH_INVEST":-700209131.12,"NETCASH_FINANCE":2661732790.2,"END_CASH":2218151478.04,"DIVI_RATIO":-0.081807480952,"DIVIDEND_RATE":0.998080614203,"CURRENT_RATIO":0.968224363792,"COMMON_ACS":10000000000,"CURRENTDEBT_DEBT":13.354711698347,"ISSUED_COMMON_SHARES":3800059501,"HK_COMMON_SHARES":3800059501,"PER_SHARES":400,"TOTAL_MARKET_CAP":39596620000.42,"HKSK_MARKET_CAP":39596620000.42,"PE_TTM":8.793691276096,"PB_TTM":-757.917081395376,"REPORT_DATE_SQ":"2019-12-31 00:00:00","REPORT_TYPE_SQ":"2019年年报","OPERATE_INCOME_SQ":18294929686.14,"DPS_HKD":0.104,"OPERATE_INCOME_QOQ_SQ":7.126877187497,"NET_PROFIT_RATIO_SQ":9.4559282135,"HOLDER_PROFIT_SQ":1729955417.84,"HOLDER_PROFIT_QOQ_SQ":39.338947425042,"ROE_AVG_SQ":19.903500546457,"PE_TTM_SQ":-24.241478162908,"PB_TTM_SQ":-15.385927708338,"ROA_SQ":5.710414985648,"START_DATE":"2020-01-01 00:00:00","FISCAL_YEAR":"12-31","CURRENCY":"HKD","IS_CNY_CODE":0,"DPS_HKD_LY":0.083,"ORG_TYPE":"一般企业","PREMIUM_INCOME":null,"PREMIUM_INCOME_YOY":null,"NET_INTEREST_INCOME":null,"NET_INTEREST_INCOME_YOY":null,"FEE_COMMISSION_INCOME":null,"FEE_COMMISSION_INCOME_YOY":null,"ACCOUNTS_RECE_TDAYS":10.641192840144,"INVENTORY_TDAYS":1.796452081466,"CURRENT_ASSETS_TDAYS":1.203007793201,"TOTAL_ASSETS_TDAYS":0.141023970801,"PREMIUM_EXPENSE":null,"LOAN_DEPOSIT":null,"LOAN_EQUITY":null,"LOAN_ASSETS":null,"DEPOSIT_EQUITY":null,"DEPOSIT_ASSETS":null,"EQUITY_MULTIPLIER":5.912861841681,"EQUITY_RATIO":4.912861841686},{"SECUCODE":"02282.HK","SECURITY_CODE":"02282","SECURITY_NAME_ABBR":"美高梅中国","ORG_CODE":"10171822","STD_REPORT_DATE":"2020-06-30 00:00:00","REPORT_DATE":"2020-06-30 00:00:00","DATE_TYPE_CODE":"002","REPORT_TYPE":"2020年中报","PER_NETCASH_OPERATE":-0.481698978189,"PER_OI":0.491672300713,"BPS":1.756781307746,"BASIC_EPS":-0.68782032,"DILUTED_EPS":-0.68782032,"OPERATE_INCOME":1868354743.2,"OPERATE_INCOME_YOY":-79.8659207869,"GROSS_PROFIT":1746677227.68,"GROSS_PROFIT_YOY":-79.796991279909,"HOLDER_PROFIT":-2612831179.2,"HOLDER_PROFIT_YOY":-379.7782064022,"GROSS_PROFIT_RATIO":93.487451140483,"EPS_TTM":-0.469008712529,"OPERATE_INCOME_QOQ":-38.633878048488,"NET_PROFIT_RATIO":-139.8466318406,"ROE_AVG":-32.196402750443,"GROSS_PROFIT_QOQ":-39.002669910736,"ROA":-9.125152269038,"HOLDER_PROFIT_QOQ":-203.021909680498,"ROE_YEARLY":-64.392805500885,"ROIC_YEARLY":-20.022033525425,"TOTAL_ASSETS":27574093662.72,"TOTAL_LIABILITIES":20898220163.04,"TAX_EBT":-0.181911407673,"OCF_SALES":-97.971550866454,"TOTAL_PARENT_EQUITY":6675873499.68,"DEBT_ASSET_RATIO":75.789327543,"OPERATE_PROFIT":-2188511809.44,"PRETAX_PROFIT":-2608086771.84,"NETCASH_OPERATE":-1830456117.6,"NETCASH_INVEST":-473890845.12,"NETCASH_FINANCE":1398293952,"END_CASH":2080240852.8,"DIVI_RATIO":-0.200949102825,"DIVIDEND_RATE":0.998080614203,"CURRENT_RATIO":0.767784105709,"COMMON_ACS":10000000000,"CURRENTDEBT_DEBT":16.595195919189,"ISSUED_COMMON_SHARES":3800059501,"HK_COMMON_SHARES":3800059501,"PER_SHARES":400,"TOTAL_MARKET_CAP":39596620000.42,"HKSK_MARKET_CAP":39596620000.42,"PE_TTM":8.793691276096,"PB_TTM":-757.917081395376,"REPORT_DATE_SQ":"2019-06-30 00:00:00","REPORT_TYPE_SQ":"2019年中报","OPERATE_INCOME_SQ":8936395567.2,"DPS_HKD":0.104,"OPERATE_INCOME_QOQ_SQ":13.476453697791,"NET_PROFIT_RATIO_SQ":10.0639831793,"HOLDER_PROFIT_SQ":899357346.72,"HOLDER_PROFIT_QOQ_SQ":32.612669277543,"ROE_AVG_SQ":10.866551559395,"PE_TTM_SQ":-24.241478162908,"PB_TTM_SQ":-15.385927708338,"ROA_SQ":2.956470646223,"START_DATE":"2020-01-01 00:00:00","FISCAL_YEAR":"12-31","CURRENCY":"HKD","IS_CNY_CODE":0,"DPS_HKD_LY":0.083,"ORG_TYPE":"一般企业","PREMIUM_INCOME":null,"PREMIUM_INCOME_YOY":null,"NET_INTEREST_INCOME":null,"NET_INTEREST_INCOME_YOY":null,"FEE_COMMISSION_INCOME":null,"FEE_COMMISSION_INCOME_YOY":null,"ACCOUNTS_RECE_TDAYS":4.983037881861,"INVENTORY_TDAYS":0.771886924198,"CURRENT_ASSETS_TDAYS":0.583056982464,"TOTAL_ASSETS_TDAYS":0.065251140831,"PREMIUM_EXPENSE":null,"LOAN_DEPOSIT":null,"LOAN_EQUITY":null,"LOAN_ASSETS":null,"DEPOSIT_EQUITY":null,"DEPOSIT_ASSETS":null,"EQUITY_MULTIPLIER":4.13040985035,"EQUITY_RATIO":3.130409850343}],"count":31},"success":true,"message":"ok","code":0}