{"version":"d764294ceab4e66a30dc1e11917940db","result":{"pages":2,"data":[{"SECUCODE":"02285.HK","SECURITY_CODE":"02285","SECURITY_NAME_ABBR":"泉峰控股","ORG_CODE":"10752318","STD_REPORT_DATE":"2024-06-30 00:00:00","REPORT_DATE":"2024-06-30 00:00:00","DATE_TYPE_CODE":"002","REPORT_TYPE":"2024年中报","PER_NETCASH_OPERATE":1.661415452002,"PER_OI":11.375810806741,"BPS":13.688165089919,"BASIC_EPS":0.855216,"DILUTED_EPS":0.855216,"OPERATE_INCOME":5813651466,"OPERATE_INCOME_YOY":10.4529852616,"GROSS_PROFIT":1914800116.8,"GROSS_PROFIT_YOY":11.672719145714,"HOLDER_PROFIT":438476370,"HOLDER_PROFIT_YOY":25.2570288483,"GROSS_PROFIT_RATIO":32.936272977462,"EPS_TTM":-0.351191843671,"OPERATE_INCOME_QOQ":4.899746828232,"NET_PROFIT_RATIO":7.5537085731,"ROE_AVG":6.335318279594,"GROSS_PROFIT_QOQ":7.305097684855,"ROA":3.293710658828,"HOLDER_PROFIT_QOQ":31.765284101286,"ROE_YEARLY":12.670636559189,"ROIC_YEARLY":8.061993156642,"TOTAL_ASSETS":13822592516.4,"TOTAL_LIABILITIES":6827274849.6,"TAX_EBT":14.196396245857,"OCF_SALES":14.604809100883,"TOTAL_PARENT_EQUITY":6995388934.8,"DEBT_ASSET_RATIO":49.3921443571,"OPERATE_PROFIT":622668516,"PRETAX_PROFIT":511804015.2,"NETCASH_OPERATE":849072698.4,"NETCASH_INVEST":-158991781.2,"NETCASH_FINANCE":-31635865.2,"END_CASH":2758713012,"DIVI_RATIO":-0.713226154064,"DIVIDEND_RATE":1.457805907173,"CURRENT_RATIO":1.786423501616,"COMMON_ACS":null,"CURRENTDEBT_DEBT":85.536529251377,"ISSUED_COMMON_SHARES":511053811,"HK_COMMON_SHARES":511053811,"PER_SHARES":100,"TOTAL_MARKET_CAP":9689580256.56,"HKSK_MARKET_CAP":9689580256.56,"PE_TTM":-49.745993837088,"PB_TTM":1.264187909439,"REPORT_DATE_SQ":"2023-06-30 00:00:00","REPORT_TYPE_SQ":"2023年中报","OPERATE_INCOME_SQ":5336578461,"DPS_HKD":0.2764,"OPERATE_INCOME_QOQ_SQ":-10.021157899925,"NET_PROFIT_RATIO_SQ":6.6415722806,"HOLDER_PROFIT_SQ":354924070.2,"HOLDER_PROFIT_QOQ_SQ":-7.321760728789,"ROE_AVG_SQ":4.972301026722,"PE_TTM_SQ":7.864329257782,"PB_TTM_SQ":0.948814535951,"ROA_SQ":2.679206247172,"START_DATE":"2024-01-01 00:00:00","FISCAL_YEAR":"12-31","CURRENCY":"HKD","IS_CNY_CODE":0,"DPS_HKD_LY":0.2764,"ORG_TYPE":"一般企业","PREMIUM_INCOME":null,"PREMIUM_INCOME_YOY":null,"NET_INTEREST_INCOME":null,"NET_INTEREST_INCOME_YOY":null,"FEE_COMMISSION_INCOME":null,"FEE_COMMISSION_INCOME_YOY":null,"ACCOUNTS_RECE_TDAYS":2.006742894254,"INVENTORY_TDAYS":1.012086151524,"CURRENT_ASSETS_TDAYS":0.587070691805,"TOTAL_ASSETS_TDAYS":0.436705079461,"PREMIUM_EXPENSE":null,"LOAN_DEPOSIT":null,"LOAN_EQUITY":null,"LOAN_ASSETS":null,"DEPOSIT_EQUITY":null,"DEPOSIT_ASSETS":null,"EQUITY_MULTIPLIER":1.975977814702,"EQUITY_RATIO":0.975967871584},{"SECUCODE":"02285.HK","SECURITY_CODE":"02285","SECURITY_NAME_ABBR":"泉峰控股","ORG_CODE":"10752318","STD_REPORT_DATE":"2023-12-31 00:00:00","REPORT_DATE":"2023-12-31 00:00:00","DATE_TYPE_CODE":"001","REPORT_TYPE":"2023年年报","PER_NETCASH_OPERATE":-2.407323937753,"PER_OI":19.052175403502,"BPS":13.314697613125,"BASIC_EPS":-0.495789,"DILUTED_EPS":-0.495789,"OPERATE_INCOME":9736686847.8,"OPERATE_INCOME_YOY":-30.8938912571,"GROSS_PROFIT":2739822089.1,"GROSS_PROFIT_YOY":-34.855077449477,"HOLDER_PROFIT":-263030229.9,"HOLDER_PROFIT_YOY":-126.646528281,"GROSS_PROFIT_RATIO":28.139162036613,"EPS_TTM":-0.514682063295,"OPERATE_INCOME_QOQ":-21.895023243801,"NET_PROFIT_RATIO":-2.7023802769,"ROE_AVG":-3.894982209485,"GROSS_PROFIT_QOQ":-31.052368637141,"ROA":-2.029960460675,"HOLDER_PROFIT_QOQ":-129.239202819398,"ROE_YEARLY":-3.894982209485,"ROIC_YEARLY":-2.56467983456,"TOTAL_ASSETS":12723256039.5,"TOTAL_LIABILITIES":5919465682.8,"TAX_EBT":23.960209595546,"OCF_SALES":-12.635428169059,"TOTAL_PARENT_EQUITY":6804526957.5,"DEBT_ASSET_RATIO":46.5247705809,"OPERATE_PROFIT":-192826507.5,"PRETAX_PROFIT":-346032391.2,"NETCASH_OPERATE":-1230272072.7,"NETCASH_INVEST":-410513292,"NETCASH_FINANCE":432767135.4,"END_CASH":2098866069.9,"DIVI_RATIO":-0.486667839941,"DIVIDEND_RATE":1.620164126612,"CURRENT_RATIO":1.98245619324,"COMMON_ACS":null,"CURRENTDEBT_DEBT":79.379465973648,"ISSUED_COMMON_SHARES":511053811,"HK_COMMON_SHARES":511053811,"PER_SHARES":100,"TOTAL_MARKET_CAP":8718578015.66,"HKSK_MARKET_CAP":8718578015.66,"PE_TTM":-44.760899517971,"PB_TTM":1.137502412185,"REPORT_DATE_SQ":"2022-12-31 00:00:00","REPORT_TYPE_SQ":"2022年年报","OPERATE_INCOME_SQ":13854539488,"DPS_HKD":0.2764,"OPERATE_INCOME_QOQ_SQ":12.459769951961,"NET_PROFIT_RATIO_SQ":7.0014276522,"HOLDER_PROFIT_SQ":970649337.4,"HOLDER_PROFIT_QOQ_SQ":22.619786667302,"ROE_AVG_SQ":15.989954147729,"PE_TTM_SQ":9.334297343349,"PB_TTM_SQ":1.126163047343,"ROA_SQ":7.1130947824,"START_DATE":"2023-01-01 00:00:00","FISCAL_YEAR":"12-31","CURRENCY":"HKD","IS_CNY_CODE":0,"DPS_HKD_LY":0.56,"ORG_TYPE":"一般企业","PREMIUM_INCOME":null,"PREMIUM_INCOME_YOY":null,"NET_INTEREST_INCOME":null,"NET_INTEREST_INCOME_YOY":null,"FEE_COMMISSION_INCOME":null,"FEE_COMMISSION_INCOME_YOY":null,"ACCOUNTS_RECE_TDAYS":4.746686555105,"INVENTORY_TDAYS":1.746993235775,"CURRENT_ASSETS_TDAYS":1.000082933217,"TOTAL_ASSETS_TDAYS":0.751437936488,"PREMIUM_EXPENSE":null,"LOAN_DEPOSIT":null,"LOAN_EQUITY":null,"LOAN_ASSETS":null,"DEPOSIT_EQUITY":null,"DEPOSIT_ASSETS":null,"EQUITY_MULTIPLIER":1.87002470277,"EQUITY_RATIO":0.869930521221},{"SECUCODE":"02285.HK","SECURITY_CODE":"02285","SECURITY_NAME_ABBR":"泉峰控股","ORG_CODE":"10752318","STD_REPORT_DATE":"2023-06-30 00:00:00","REPORT_DATE":"2023-06-30 00:00:00","DATE_TYPE_CODE":"002","REPORT_TYPE":"2023年中报","PER_NETCASH_OPERATE":-1.224170481335,"PER_OI":10.442302446699,"BPS":14.556333064895,"BASIC_EPS":0.72258,"DILUTED_EPS":0.72258,"OPERATE_INCOME":5336578461,"OPERATE_INCOME_YOY":-26.2944588986,"GROSS_PROFIT":1714653436.8,"GROSS_PROFIT_YOY":-11.916137522873,"HOLDER_PROFIT":354924070.2,"HOLDER_PROFIT_YOY":-22.6143399556,"GROSS_PROFIT_RATIO":32.130201951134,"EPS_TTM":1.760246565112,"OPERATE_INCOME_QOQ":-10.021157899925,"NET_PROFIT_RATIO":6.6415722806,"ROE_AVG":4.972301026722,"GROSS_PROFIT_QOQ":-5.515358159765,"ROA":2.679206247172,"HOLDER_PROFIT_QOQ":-7.321760728789,"ROE_YEARLY":9.944602053444,"ROIC_YEARLY":7.007107465781,"TOTAL_ASSETS":13036636618.2,"TOTAL_LIABILITIES":5598716033.4,"TAX_EBT":15.211491590465,"OCF_SALES":-11.723185452478,"TOTAL_PARENT_EQUITY":7439069487,"DEBT_ASSET_RATIO":42.9460158887,"OPERATE_PROFIT":488384596.2,"PRETAX_PROFIT":418019755.8,"NETCASH_OPERATE":-625616989.8,"NETCASH_INVEST":-141799099.2,"NETCASH_FINANCE":264608796,"END_CASH":2863346088.6,"DIVI_RATIO":0.142297796777,"DIVIDEND_RATE":1.620164126612,"CURRENT_RATIO":1.989433110176,"COMMON_ACS":null,"CURRENTDEBT_DEBT":87.79269588022,"ISSUED_COMMON_SHARES":511053811,"HK_COMMON_SHARES":511053811,"PER_SHARES":100,"TOTAL_MARKET_CAP":8718578015.66,"HKSK_MARKET_CAP":8718578015.66,"PE_TTM":-44.760899517971,"PB_TTM":1.137502412185,"REPORT_DATE_SQ":"2022-06-30 00:00:00","REPORT_TYPE_SQ":"2022年中报","OPERATE_INCOME_SQ":6724963739.4,"DPS_HKD":0.2764,"OPERATE_INCOME_QOQ_SQ":9.926277960958,"NET_PROFIT_RATIO_SQ":6.3344979796,"HOLDER_PROFIT_SQ":425992692.2,"HOLDER_PROFIT_QOQ_SQ":-14.103817348489,"ROE_AVG_SQ":7.634090913191,"PE_TTM_SQ":9.334297343349,"PB_TTM_SQ":1.126163047343,"ROA_SQ":3.214297198802,"START_DATE":"2023-01-01 00:00:00","FISCAL_YEAR":"12-31","CURRENCY":"HKD","IS_CNY_CODE":0,"DPS_HKD_LY":0.56,"ORG_TYPE":"一般企业","PREMIUM_INCOME":null,"PREMIUM_INCOME_YOY":null,"NET_INTEREST_INCOME":null,"NET_INTEREST_INCOME_YOY":null,"FEE_COMMISSION_INCOME":null,"FEE_COMMISSION_INCOME_YOY":null,"ACCOUNTS_RECE_TDAYS":2.878100296756,"INVENTORY_TDAYS":0.86038258565,"CURRENT_ASSETS_TDAYS":0.52994015306,"TOTAL_ASSETS_TDAYS":0.402840932799,"PREMIUM_EXPENSE":null,"LOAN_DEPOSIT":null,"LOAN_EQUITY":null,"LOAN_ASSETS":null,"DEPOSIT_EQUITY":null,"DEPOSIT_ASSETS":null,"EQUITY_MULTIPLIER":1.752725976242,"EQUITY_RATIO":0.752609723996},{"SECUCODE":"02285.HK","SECURITY_CODE":"02285","SECURITY_NAME_ABBR":"泉峰控股","ORG_CODE":"10752318","STD_REPORT_DATE":"2022-12-31 00:00:00","REPORT_DATE":"2022-12-31 00:00:00","DATE_TYPE_CODE":"001","REPORT_TYPE":"2022年年报","PER_NETCASH_OPERATE":0.327673134518,"PER_OI":28.261949923419,"BPS":12.894600787939,"BASIC_EPS":1.950088,"DILUTED_EPS":1.950088,"OPERATE_INCOME":13854539488,"OPERATE_INCOME_YOY":13.169763748,"GROSS_PROFIT":4205733895.8,"GROSS_PROFIT_YOY":33.395320567473,"HOLDER_PROFIT":970649337.4,"HOLDER_PROFIT_YOY":-3.5802247067,"GROSS_PROFIT_RATIO":30.356360090083,"EPS_TTM":1.980032825383,"OPERATE_INCOME_QOQ":12.459769951961,"NET_PROFIT_RATIO":7.0014276522,"ROE_AVG":15.989954147729,"GROSS_PROFIT_QOQ":20.949648276344,"ROA":7.1130947824,"HOLDER_PROFIT_QOQ":22.619786667302,"ROE_YEARLY":15.989954147729,"ROIC_YEARLY":10.00119122455,"TOTAL_ASSETS":12971595358.4,"TOTAL_LIABILITIES":6382394263,"TAX_EBT":13.70097279881,"OCF_SALES":1.159414461514,"TOTAL_PARENT_EQUITY":6589834874,"DEBT_ASSET_RATIO":49.2028473496,"OPERATE_PROFIT":1317319267,"PRETAX_PROFIT":1124016794,"NETCASH_OPERATE":160631534.4,"NETCASH_INVEST":-810971953.2,"NETCASH_FINANCE":-724805922,"END_CASH":3250469359.8,"DIVI_RATIO":0.126502553286,"DIVIDEND_RATE":1.620164126612,"CURRENT_RATIO":2.017265051529,"COMMON_ACS":null,"CURRENTDEBT_DEBT":77.570288245918,"ISSUED_COMMON_SHARES":511053811,"HK_COMMON_SHARES":511053811,"PER_SHARES":100,"TOTAL_MARKET_CAP":8718578015.66,"HKSK_MARKET_CAP":8718578015.66,"PE_TTM":-44.760899517971,"PB_TTM":1.137502412185,"REPORT_DATE_SQ":"2021-12-31 00:00:00","REPORT_TYPE_SQ":"2021年年报","OPERATE_INCOME_SQ":11207103448.8,"DPS_HKD":0.2764,"OPERATE_INCOME_QOQ_SQ":14.278012386158,"NET_PROFIT_RATIO_SQ":8.517599432,"HOLDER_PROFIT_SQ":921569180.8,"HOLDER_PROFIT_QOQ_SQ":28.435032243357,"ROE_AVG_SQ":27.356198929743,"PE_TTM_SQ":9.334297343349,"PB_TTM_SQ":1.126163047343,"ROA_SQ":9.18432734797,"START_DATE":"2022-01-01 00:00:00","FISCAL_YEAR":"12-31","CURRENCY":"HKD","IS_CNY_CODE":0,"DPS_HKD_LY":0.5577,"ORG_TYPE":"一般企业","PREMIUM_INCOME":null,"PREMIUM_INCOME_YOY":null,"NET_INTEREST_INCOME":null,"NET_INTEREST_INCOME_YOY":null,"FEE_COMMISSION_INCOME":null,"FEE_COMMISSION_INCOME_YOY":null,"ACCOUNTS_RECE_TDAYS":7.671746378223,"INVENTORY_TDAYS":2.324463538036,"CURRENT_ASSETS_TDAYS":1.269146566434,"TOTAL_ASSETS_TDAYS":1.015285837506,"PREMIUM_EXPENSE":null,"LOAN_DEPOSIT":null,"LOAN_EQUITY":null,"LOAN_ASSETS":null,"DEPOSIT_EQUITY":null,"DEPOSIT_ASSETS":null,"EQUITY_MULTIPLIER":1.96861427821,"EQUITY_RATIO":0.968521121551},{"SECUCODE":"02285.HK","SECURITY_CODE":"02285","SECURITY_NAME_ABBR":"泉峰控股","ORG_CODE":"10752318","STD_REPORT_DATE":"2022-06-30 00:00:00","REPORT_DATE":"2022-06-30 00:00:00","DATE_TYPE_CODE":"002","REPORT_TYPE":"2022年中报","PER_NETCASH_OPERATE":-1.218205156554,"PER_OI":13.718289850366,"BPS":11.370961232104,"BASIC_EPS":0.872482,"DILUTED_EPS":0.872482,"OPERATE_INCOME":6724963739.4,"OPERATE_INCOME_YOY":15.3343070936,"GROSS_PROFIT":1946614724.4,"GROSS_PROFIT_YOY":19.999237038466,"HOLDER_PROFIT":425992692.2,"HOLDER_PROFIT_YOY":-26.2473565569,"GROSS_PROFIT_RATIO":28.946099932037,"EPS_TTM":1.614774319217,"OPERATE_INCOME_QOQ":9.926277960958,"NET_PROFIT_RATIO":6.3344979796,"ROE_AVG":7.634090913191,"GROSS_PROFIT_QOQ":10.289961540602,"ROA":3.214297198802,"HOLDER_PROFIT_QOQ":-14.103817348489,"ROE_YEARLY":15.268181826382,"ROIC_YEARLY":9.114612595219,"TOTAL_ASSETS":12706431875.4,"TOTAL_LIABILITIES":6895258803,"TAX_EBT":16.981008684734,"OCF_SALES":-8.880153210362,"TOTAL_PARENT_EQUITY":5811173072.4,"DEBT_ASSET_RATIO":54.265893609,"OPERATE_PROFIT":581858245.8,"PRETAX_PROFIT":513126798.4,"NETCASH_OPERATE":-597187083.4,"NETCASH_INVEST":-492764410.8,"NETCASH_FINANCE":-18234873.8,"END_CASH":3348169809.2,"DIVI_RATIO":0.155117160967,"DIVIDEND_RATE":1.620164126612,"CURRENT_RATIO":1.849761589789,"COMMON_ACS":null,"CURRENTDEBT_DEBT":80.345728760603,"ISSUED_COMMON_SHARES":511053811,"HK_COMMON_SHARES":511053811,"PER_SHARES":100,"TOTAL_MARKET_CAP":8718578015.66,"HKSK_MARKET_CAP":8718578015.66,"PE_TTM":-44.760899517971,"PB_TTM":1.137502412185,"REPORT_DATE_SQ":"2021-06-30 00:00:00","REPORT_TYPE_SQ":"2021年中报","OPERATE_INCOME_SQ":5612515499.7,"DPS_HKD":0.2764,"OPERATE_INCOME_QOQ_SQ":9.043378668275,"NET_PROFIT_RATIO_SQ":10.5017627823,"HOLDER_PROFIT_SQ":555969126.2,"HOLDER_PROFIT_QOQ_SQ":19.398120555255,"ROE_AVG_SQ":28.751545117429,"PE_TTM_SQ":9.334297343349,"PB_TTM_SQ":1.126163047343,"ROA_SQ":7.030769727219,"START_DATE":"2022-01-01 00:00:00","FISCAL_YEAR":"12-31","CURRENCY":"HKD","IS_CNY_CODE":0,"DPS_HKD_LY":0.5577,"ORG_TYPE":"一般企业","PREMIUM_INCOME":null,"PREMIUM_INCOME_YOY":null,"NET_INTEREST_INCOME":null,"NET_INTEREST_INCOME_YOY":null,"FEE_COMMISSION_INCOME":null,"FEE_COMMISSION_INCOME_YOY":null,"ACCOUNTS_RECE_TDAYS":3.479414762202,"INVENTORY_TDAYS":1.187069161711,"CURRENT_ASSETS_TDAYS":0.620876824523,"TOTAL_ASSETS_TDAYS":0.507427298763,"PREMIUM_EXPENSE":null,"LOAN_DEPOSIT":null,"LOAN_EQUITY":null,"LOAN_ASSETS":null,"DEPOSIT_EQUITY":null,"DEPOSIT_ASSETS":null,"EQUITY_MULTIPLIER":2.186551960698,"EQUITY_RATIO":1.186551960696},{"SECUCODE":"02285.HK","SECURITY_CODE":"02285","SECURITY_NAME_ABBR":"泉峰控股","ORG_CODE":"10752318","STD_REPORT_DATE":"2021-12-31 00:00:00","REPORT_DATE":"2021-12-31 00:00:00","DATE_TYPE_CODE":"001","REPORT_TYPE":"2021年年报","PER_NETCASH_OPERATE":2.103829854611,"PER_OI":23.375822258755,"BPS":9.943260724261,"BASIC_EPS":2.295252,"DILUTED_EPS":2.295252,"OPERATE_INCOME":11207103448.8,"OPERATE_INCOME_YOY":46.3719770639,"GROSS_PROFIT":3152834655.6,"GROSS_PROFIT_YOY":31.050916714845,"HOLDER_PROFIT":921569180.8,"HOLDER_PROFIT_YOY":225.8504474853,"GROSS_PROFIT_RATIO":28.132466787728,"EPS_TTM":1.922212770494,"OPERATE_INCOME_QOQ":14.278012386158,"NET_PROFIT_RATIO":8.517599432,"ROE_AVG":27.356198929743,"GROSS_PROFIT_QOQ":5.705701127925,"ROA":9.18432734797,"HOLDER_PROFIT_QOQ":28.435032243357,"ROE_YEARLY":27.356198929743,"ROIC_YEARLY":12.616162101064,"TOTAL_ASSETS":13109433809.2,"TOTAL_LIABILITIES":8027892522.3,"TAX_EBT":14.978591466116,"OCF_SALES":9.000025031517,"TOTAL_PARENT_EQUITY":5081541286.9,"DEBT_ASSET_RATIO":61.2375228339,"OPERATE_PROFIT":1200588939.9,"PRETAX_PROFIT":1122748018.6,"NETCASH_OPERATE":1008642115.7,"NETCASH_INVEST":-375458597.3,"NETCASH_FINANCE":2547398183.6,"END_CASH":4239776743,"DIVI_RATIO":0.130307743162,"DIVIDEND_RATE":1.620164126612,"CURRENT_RATIO":1.438914884635,"COMMON_ACS":null,"CURRENTDEBT_DEBT":93.876132817743,"ISSUED_COMMON_SHARES":511053811,"HK_COMMON_SHARES":511053811,"PER_SHARES":100,"TOTAL_MARKET_CAP":8718578015.66,"HKSK_MARKET_CAP":8718578015.66,"PE_TTM":-44.760899517971,"PB_TTM":1.137502412185,"REPORT_DATE_SQ":"2020-12-31 00:00:00","REPORT_TYPE_SQ":"2020年年报","OPERATE_INCOME_SQ":7835765459.8,"DPS_HKD":0.2764,"OPERATE_INCOME_QOQ_SQ":33.148801090451,"NET_PROFIT_RATIO_SQ":4.0293046393,"HOLDER_PROFIT_SQ":289438039.1,"HOLDER_PROFIT_QOQ_SQ":22.113712936676,"ROE_AVG_SQ":20.077896390107,"PE_TTM_SQ":9.334297343349,"PB_TTM_SQ":1.126163047343,"ROA_SQ":4.529562289012,"START_DATE":"2021-01-01 00:00:00","FISCAL_YEAR":"12-31","CURRENCY":"HKD","IS_CNY_CODE":0,"DPS_HKD_LY":null,"ORG_TYPE":"一般企业","PREMIUM_INCOME":null,"PREMIUM_INCOME_YOY":null,"NET_INTEREST_INCOME":null,"NET_INTEREST_INCOME_YOY":null,"FEE_COMMISSION_INCOME":null,"FEE_COMMISSION_INCOME_YOY":null,"ACCOUNTS_RECE_TDAYS":6.360175631889,"INVENTORY_TDAYS":2.868786788751,"CURRENT_ASSETS_TDAYS":1.399531282532,"TOTAL_ASSETS_TDAYS":1.116896146711,"PREMIUM_EXPENSE":null,"LOAN_DEPOSIT":null,"LOAN_EQUITY":null,"LOAN_ASSETS":null,"DEPOSIT_EQUITY":null,"DEPOSIT_ASSETS":null,"EQUITY_MULTIPLIER":2.579814483256,"EQUITY_RATIO":1.579814483254},{"SECUCODE":"02285.HK","SECURITY_CODE":"02285","SECURITY_NAME_ABBR":"泉峰控股","ORG_CODE":"10752318","STD_REPORT_DATE":"2021-06-30 00:00:00","REPORT_DATE":"2021-06-30 00:00:00","DATE_TYPE_CODE":"002","REPORT_TYPE":"2021年中报","PER_NETCASH_OPERATE":null,"PER_OI":96.542796933001,"BPS":4.284225975961,"BASIC_EPS":1.356621,"DILUTED_EPS":1.356621,"OPERATE_INCOME":5612515499.7,"OPERATE_INCOME_YOY":68.908680513,"GROSS_PROFIT":1622189250.9,"GROSS_PROFIT_YOY":55.182216798702,"HOLDER_PROFIT":555969126.2,"HOLDER_PROFIT_YOY":376.4810098549,"GROSS_PROFIT_RATIO":28.903069416676,"EPS_TTM":12.342603187409,"OPERATE_INCOME_QOQ":9.043378668275,"NET_PROFIT_RATIO":10.5017627823,"ROE_AVG":28.751545117429,"GROSS_PROFIT_QOQ":8.172584706475,"ROA":7.030769727219,"HOLDER_PROFIT_QOQ":19.398120555255,"ROE_YEARLY":57.503090234858,"ROIC_YEARLY":17.055928908196,"TOTAL_ASSETS":8764327228.6,"TOTAL_LIABILITIES":6574857216.4,"TAX_EBT":17.692217481123,"OCF_SALES":10.255790478098,"TOTAL_PARENT_EQUITY":2189470012.2,"DEBT_ASSET_RATIO":75.0183904013,"OPERATE_PROFIT":749016294.5,"PRETAX_PROFIT":716108545.1,"NETCASH_OPERATE":575607830.2,"NETCASH_INVEST":4438088.7,"NETCASH_FINANCE":-123297468.6,"END_CASH":1541263578.2,"DIVI_RATIO":0.0202938719,"DIVIDEND_RATE":1.620164126612,"CURRENT_RATIO":1.11403482859,"COMMON_ACS":null,"CURRENTDEBT_DEBT":93.129841495671,"ISSUED_COMMON_SHARES":511053811,"HK_COMMON_SHARES":511053811,"PER_SHARES":100,"TOTAL_MARKET_CAP":8718578015.66,"HKSK_MARKET_CAP":8718578015.66,"PE_TTM":-44.760899517971,"PB_TTM":1.137502412185,"REPORT_DATE_SQ":"2020-06-30 00:00:00","REPORT_TYPE_SQ":"2020年中报","OPERATE_INCOME_SQ":3641404540.5,"DPS_HKD":0.2764,"OPERATE_INCOME_QOQ_SQ":0,"NET_PROFIT_RATIO_SQ":3.9837934205,"HOLDER_PROFIT_SQ":127869929,"HOLDER_PROFIT_QOQ_SQ":0,"ROE_AVG_SQ":null,"PE_TTM_SQ":9.334297343349,"PB_TTM_SQ":1.126163047343,"ROA_SQ":null,"START_DATE":"2021-01-01 00:00:00","FISCAL_YEAR":"12-31","CURRENCY":"HKD","IS_CNY_CODE":0,"DPS_HKD_LY":null,"ORG_TYPE":"一般企业","PREMIUM_INCOME":null,"PREMIUM_INCOME_YOY":null,"NET_INTEREST_INCOME":null,"NET_INTEREST_INCOME_YOY":null,"FEE_COMMISSION_INCOME":null,"FEE_COMMISSION_INCOME_YOY":null,"ACCOUNTS_RECE_TDAYS":3.030033638093,"INVENTORY_TDAYS":1.850495512229,"CURRENT_ASSETS_TDAYS":0.930663807251,"TOTAL_ASSETS_TDAYS":0.709757110769,"PREMIUM_EXPENSE":null,"LOAN_DEPOSIT":null,"LOAN_EQUITY":null,"LOAN_ASSETS":null,"DEPOSIT_EQUITY":null,"DEPOSIT_ASSETS":null,"EQUITY_MULTIPLIER":4.002944630325,"EQUITY_RATIO":3.002944630328},{"SECUCODE":"02285.HK","SECURITY_CODE":"02285","SECURITY_NAME_ABBR":"泉峰控股","ORG_CODE":"10752318","STD_REPORT_DATE":"2021-03-31 00:00:00","REPORT_DATE":"2021-03-31 00:00:00","DATE_TYPE_CODE":"003","REPORT_TYPE":"2021年一季报","PER_NETCASH_OPERATE":null,"PER_OI":46.142654674465,"BPS":3.871142542561,"BASIC_EPS":0.854269,"DILUTED_EPS":0.854269,"OPERATE_INCOME":2682503229.5,"OPERATE_INCOME_YOY":89.6909851301,"GROSS_PROFIT":791591940.6,"GROSS_PROFIT_YOY":79.870064346342,"HOLDER_PROFIT":335832857.8,"HOLDER_PROFIT_YOY":1389.5365782571,"GROSS_PROFIT_RATIO":29.509449677253,"EPS_TTM":10.337351316763,"OPERATE_INCOME_QOQ":14.775706539965,"NET_PROFIT_RATIO":13.7875874233,"ROE_AVG":18.226138063727,"GROSS_PROFIT_QOQ":14.610509999035,"ROA":4.537014719597,"HOLDER_PROFIT_QOQ":107.630593638858,"ROE_YEARLY":72.904552254908,"ROIC_YEARLY":21.922626717263,"TOTAL_ASSETS":7631776394,"TOTAL_LIABILITIES":5653414244.7,"TAX_EBT":20.811818501583,"OCF_SALES":2.063618436363,"TOTAL_PARENT_EQUITY":1978362149.3,"DEBT_ASSET_RATIO":74.0773045859,"OPERATE_PROFIT":null,"PRETAX_PROFIT":467055147.5,"NETCASH_OPERATE":55356631.2,"NETCASH_INVEST":175972842.7,"NETCASH_FINANCE":-26160345.3,"END_CASH":1292344714.5,"DIVI_RATIO":0.024230501637,"DIVIDEND_RATE":1.620164126612,"CURRENT_RATIO":1.100531033232,"COMMON_ACS":null,"CURRENTDEBT_DEBT":92.917278358376,"ISSUED_COMMON_SHARES":511053811,"HK_COMMON_SHARES":511053811,"PER_SHARES":100,"TOTAL_MARKET_CAP":8718578015.66,"HKSK_MARKET_CAP":8718578015.66,"PE_TTM":-44.760899517971,"PB_TTM":1.137502412185,"REPORT_DATE_SQ":"2020-03-31 00:00:00","REPORT_TYPE_SQ":"2020年一季报","OPERATE_INCOME_SQ":1524713520,"DPS_HKD":0.2764,"OPERATE_INCOME_QOQ_SQ":0,"NET_PROFIT_RATIO_SQ":1.9442379182,"HOLDER_PROFIT_SQ":24308978.1,"HOLDER_PROFIT_QOQ_SQ":0,"ROE_AVG_SQ":null,"PE_TTM_SQ":9.334297343349,"PB_TTM_SQ":1.126163047343,"ROA_SQ":null,"START_DATE":"2021-01-01 00:00:00","FISCAL_YEAR":"12-31","CURRENCY":"HKD","IS_CNY_CODE":0,"DPS_HKD_LY":null,"ORG_TYPE":"一般企业","PREMIUM_INCOME":null,"PREMIUM_INCOME_YOY":null,"NET_INTEREST_INCOME":null,"NET_INTEREST_INCOME_YOY":null,"FEE_COMMISSION_INCOME":null,"FEE_COMMISSION_INCOME_YOY":null,"ACCOUNTS_RECE_TDAYS":1.54115510654,"INVENTORY_TDAYS":0.931776233558,"CURRENT_ASSETS_TDAYS":0.482846965492,"TOTAL_ASSETS_TDAYS":0.362399221962,"PREMIUM_EXPENSE":null,"LOAN_DEPOSIT":null,"LOAN_EQUITY":null,"LOAN_ASSETS":null,"DEPOSIT_EQUITY":null,"DEPOSIT_ASSETS":null,"EQUITY_MULTIPLIER":3.857623538083,"EQUITY_RATIO":2.857623538087},{"SECUCODE":"02285.HK","SECURITY_CODE":"02285","SECURITY_NAME_ABBR":"泉峰控股","ORG_CODE":"10752318","STD_REPORT_DATE":"2020-12-31 00:00:00","REPORT_DATE":"2020-12-31 00:00:00","DATE_TYPE_CODE":"001","REPORT_TYPE":"2020年年报","PER_NETCASH_OPERATE":null,"PER_OI":155.845690244436,"BPS":3.316215317686,"BASIC_EPS":0.717739,"DILUTED_EPS":0.717739,"OPERATE_INCOME":7835765459.8,"OPERATE_INCOME_YOY":42.3581458976,"GROSS_PROFIT":2405808928.8,"GROSS_PROFIT_YOY":35.104979048219,"HOLDER_PROFIT":289438039.1,"HOLDER_PROFIT_YOY":30.5598069225,"GROSS_PROFIT_RATIO":30.702921637236,"EPS_TTM":5.756638737843,"OPERATE_INCOME_QOQ":33.148801090451,"NET_PROFIT_RATIO":4.0293046393,"ROE_AVG":20.077896390107,"GROSS_PROFIT_QOQ":35.104979048219,"ROA":4.529562289012,"HOLDER_PROFIT_QOQ":22.113712936676,"ROE_YEARLY":20.077896390107,"ROIC_YEARLY":5.361738131931,"TOTAL_ASSETS":7121713028.3,"TOTAL_LIABILITIES":5268484830.7,"TAX_EBT":18.690662230512,"OCF_SALES":11.13571298907,"TOTAL_PARENT_EQUITY":1694764476.2,"DEBT_ASSET_RATIO":73.9777748663,"OPERATE_PROFIT":457682585.6,"PRETAX_PROFIT":388303323.9,"NETCASH_OPERATE":872568352.1,"NETCASH_INVEST":-102179934,"NETCASH_FINANCE":-329070281.7,"END_CASH":1089247231.3,"DIVI_RATIO":0.043511364775,"DIVIDEND_RATE":1.620164126612,"CURRENT_RATIO":1.156105508013,"COMMON_ACS":null,"CURRENTDEBT_DEBT":86.891087048869,"ISSUED_COMMON_SHARES":511053811,"HK_COMMON_SHARES":511053811,"PER_SHARES":100,"TOTAL_MARKET_CAP":8718578015.66,"HKSK_MARKET_CAP":8718578015.66,"PE_TTM":-44.760899517971,"PB_TTM":1.137502412185,"REPORT_DATE_SQ":"2019-12-31 00:00:00","REPORT_TYPE_SQ":"2019年年报","OPERATE_INCOME_SQ":5884968843.6,"DPS_HKD":0.2764,"OPERATE_INCOME_QOQ_SQ":24.145023392364,"NET_PROFIT_RATIO_SQ":4.277257112,"HOLDER_PROFIT_SQ":237023371.2,"HOLDER_PROFIT_QOQ_SQ":345.210181966831,"ROE_AVG_SQ":20.471601196627,"PE_TTM_SQ":9.334297343349,"PB_TTM_SQ":1.126163047343,"ROA_SQ":4.212805186899,"START_DATE":"2020-01-01 00:00:00","FISCAL_YEAR":"12-31","CURRENCY":"HKD","IS_CNY_CODE":0,"DPS_HKD_LY":null,"ORG_TYPE":"一般企业","PREMIUM_INCOME":null,"PREMIUM_INCOME_YOY":null,"NET_INTEREST_INCOME":null,"NET_INTEREST_INCOME_YOY":null,"FEE_COMMISSION_INCOME":null,"FEE_COMMISSION_INCOME_YOY":null,"ACCOUNTS_RECE_TDAYS":6.164778837837,"INVENTORY_TDAYS":2.838664563169,"CURRENT_ASSETS_TDAYS":1.698548760885,"TOTAL_ASSETS_TDAYS":1.22625857481,"PREMIUM_EXPENSE":null,"LOAN_DEPOSIT":null,"LOAN_EQUITY":null,"LOAN_ASSETS":null,"DEPOSIT_EQUITY":null,"DEPOSIT_ASSETS":null,"EQUITY_MULTIPLIER":3.842868912486,"EQUITY_RATIO":3.108682595539}],"count":13},"success":true,"message":"ok","code":0}