{"version":"357c5692287cb8d71abda68e9f8828c1","result":{"pages":3,"data":[{"SECUCODE":"02281.HK","SECURITY_CODE":"02281","SECURITY_NAME_ABBR":"兴泸水务","ORG_CODE":"10154936","STD_REPORT_DATE":"2024-06-30 00:00:00","REPORT_DATE":"2024-06-30 00:00:00","DATE_TYPE_CODE":"002","REPORT_TYPE":"2024年中报","PER_NETCASH_OPERATE":0.351769340219,"PER_OI":0.717731563248,"BPS":3.277121168185,"BASIC_EPS":0.07,"DILUTED_EPS":0.07,"OPERATE_INCOME":617041002.24,"OPERATE_INCOME_YOY":-3.6561318666,"GROSS_PROFIT":193703271.85,"GROSS_PROFIT_YOY":-11.185828259035,"HOLDER_PROFIT":63288711.72,"HOLDER_PROFIT_YOY":-20.0830116032,"GROSS_PROFIT_RATIO":31.392285301433,"EPS_TTM":0.225654041851,"OPERATE_INCOME_QOQ":-1.820222363782,"NET_PROFIT_RATIO":11.1171247698,"ROE_AVG":2.253902358729,"GROSS_PROFIT_QOQ":-5.490533551613,"ROA":0.897254734303,"HOLDER_PROFIT_QOQ":-7.577059080278,"ROE_YEARLY":4.507804717457,"ROIC_YEARLY":1.978919616786,"TOTAL_ASSETS":7052402812.04,"TOTAL_LIABILITIES":4023233372.98,"TAX_EBT":23.502388231855,"OCF_SALES":49.01126803278,"TOTAL_PARENT_EQUITY":2817373839.5,"DEBT_ASSET_RATIO":57.0476967951,"OPERATE_PROFIT":133196366.74,"PRETAX_PROFIT":89672365.6,"NETCASH_OPERATE":302419619.48,"NETCASH_INVEST":-211809676.96,"NETCASH_FINANCE":17110784.4,"END_CASH":498221853.91,"DIVI_RATIO":0.220878383525,"DIVIDEND_RATE":9.166666666667,"CURRENT_RATIO":1.091868418667,"COMMON_ACS":null,"CURRENTDEBT_DEBT":31.631818544182,"ISSUED_COMMON_SHARES":859710000,"HK_COMMON_SHARES":214940000,"PER_SHARES":1000,"TOTAL_MARKET_CAP":515826000,"HKSK_MARKET_CAP":128964000,"PE_TTM":2.398384739771,"PB_TTM":0.167100321256,"REPORT_DATE_SQ":"2023-06-30 00:00:00","REPORT_TYPE_SQ":"2023年中报","OPERATE_INCOME_SQ":640456952.99,"DPS_HKD":0.055,"OPERATE_INCOME_QOQ_SQ":-4.257536929868,"NET_PROFIT_RATIO_SQ":13.2701475428,"HOLDER_PROFIT_SQ":79193063.94,"HOLDER_PROFIT_QOQ_SQ":-21.023664433655,"ROE_AVG_SQ":2.983361273149,"PE_TTM_SQ":2.969063162168,"PB_TTM_SQ":0.174964725395,"ROA_SQ":1.104864707081,"START_DATE":"2024-01-01 00:00:00","FISCAL_YEAR":"12-31","CURRENCY":"HKD","IS_CNY_CODE":0,"DPS_HKD_LY":0.055,"ORG_TYPE":"一般企业","PREMIUM_INCOME":null,"PREMIUM_INCOME_YOY":null,"NET_INTEREST_INCOME":null,"NET_INTEREST_INCOME_YOY":null,"FEE_COMMISSION_INCOME":null,"FEE_COMMISSION_INCOME_YOY":null,"ACCOUNTS_RECE_TDAYS":1.105293706632,"INVENTORY_TDAYS":5.686146555174,"CURRENT_ASSETS_TDAYS":0.458075218915,"TOTAL_ASSETS_TDAYS":0.087478943001,"PREMIUM_EXPENSE":null,"LOAN_DEPOSIT":null,"LOAN_EQUITY":null,"LOAN_ASSETS":null,"DEPOSIT_EQUITY":null,"DEPOSIT_ASSETS":null,"EQUITY_MULTIPLIER":2.328163859408,"EQUITY_RATIO":1.428008351811},{"SECUCODE":"02281.HK","SECURITY_CODE":"02281","SECURITY_NAME_ABBR":"兴泸水务","ORG_CODE":"10154936","STD_REPORT_DATE":"2023-12-31 00:00:00","REPORT_DATE":"2023-12-31 00:00:00","DATE_TYPE_CODE":"001","REPORT_TYPE":"2023年年报","PER_NETCASH_OPERATE":0.708598150516,"PER_OI":1.496357523816,"BPS":3.255224750753,"BASIC_EPS":0.24,"DILUTED_EPS":0.24,"OPERATE_INCOME":1286433526.8,"OPERATE_INCOME_YOY":-4.9493710804,"GROSS_PROFIT":444332708.3,"GROSS_PROFIT_YOY":-10.05702003625,"HOLDER_PROFIT":209901388.54,"HOLDER_PROFIT_YOY":3.2854425847,"GROSS_PROFIT_RATIO":34.539888695631,"EPS_TTM":0.244153712926,"OPERATE_INCOME_QOQ":-0.722599072869,"NET_PROFIT_RATIO":17.4057177658,"ROE_AVG":7.724517955171,"GROSS_PROFIT_QOQ":-2.115686279689,"ROA":2.957325117674,"HOLDER_PROFIT_QOQ":30.780241757225,"ROE_YEARLY":7.724517955171,"ROIC_YEARLY":3.285839443219,"TOTAL_ASSETS":7054786439.89,"TOTAL_LIABILITIES":4042153071.26,"TAX_EBT":14.706514027353,"OCF_SALES":47.354869356939,"TOTAL_PARENT_EQUITY":2798549270.47,"DEBT_ASSET_RATIO":57.2966043083,"OPERATE_PROFIT":334292806.45,"PRETAX_PROFIT":262520620.85,"NETCASH_OPERATE":609188915.98,"NETCASH_INVEST":-477037869.27,"NETCASH_FINANCE":-351401638.8,"END_CASH":390501126.99,"DIVI_RATIO":0.20414229791,"DIVIDEND_RATE":9.166666666667,"CURRENT_RATIO":0.869299067122,"COMMON_ACS":null,"CURRENTDEBT_DEBT":37.12531412924,"ISSUED_COMMON_SHARES":859710000,"HK_COMMON_SHARES":214940000,"PER_SHARES":1000,"TOTAL_MARKET_CAP":515826000,"HKSK_MARKET_CAP":128964000,"PE_TTM":2.398384739771,"PB_TTM":0.167100321256,"REPORT_DATE_SQ":"2022-12-31 00:00:00","REPORT_TYPE_SQ":"2022年年报","OPERATE_INCOME_SQ":1353419268.68,"DPS_HKD":0.055,"OPERATE_INCOME_QOQ_SQ":-3.168143110907,"NET_PROFIT_RATIO_SQ":16.4945779757,"HOLDER_PROFIT_SQ":203224562.23,"HOLDER_PROFIT_QOQ_SQ":-17.487737703568,"ROE_AVG_SQ":7.950480379448,"PE_TTM_SQ":2.818093848837,"PB_TTM_SQ":0.166068213934,"ROA_SQ":2.859521873649,"START_DATE":"2023-01-01 00:00:00","FISCAL_YEAR":"12-31","CURRENCY":"HKD","IS_CNY_CODE":0,"DPS_HKD_LY":0.055,"ORG_TYPE":"一般企业","PREMIUM_INCOME":null,"PREMIUM_INCOME_YOY":null,"NET_INTEREST_INCOME":null,"NET_INTEREST_INCOME_YOY":null,"FEE_COMMISSION_INCOME":null,"FEE_COMMISSION_INCOME_YOY":null,"ACCOUNTS_RECE_TDAYS":2.354705408096,"INVENTORY_TDAYS":10.296198009243,"CURRENT_ASSETS_TDAYS":0.920953112572,"TOTAL_ASSETS_TDAYS":0.181247118349,"PREMIUM_EXPENSE":null,"LOAN_DEPOSIT":null,"LOAN_EQUITY":null,"LOAN_ASSETS":null,"DEPOSIT_EQUITY":null,"DEPOSIT_ASSETS":null,"EQUITY_MULTIPLIER":2.341734149714,"EQUITY_RATIO":1.444374452833},{"SECUCODE":"02281.HK","SECURITY_CODE":"02281","SECURITY_NAME_ABBR":"兴泸水务","ORG_CODE":"10154936","STD_REPORT_DATE":"2023-06-30 00:00:00","REPORT_DATE":"2023-06-30 00:00:00","DATE_TYPE_CODE":"002","REPORT_TYPE":"2023年中报","PER_NETCASH_OPERATE":0.275042677275,"PER_OI":0.744968597539,"BPS":3.109016396145,"BASIC_EPS":0.09,"DILUTED_EPS":0.09,"OPERATE_INCOME":640456952.99,"OPERATE_INCOME_YOY":-8.254409919,"GROSS_PROFIT":218099508.28,"GROSS_PROFIT_YOY":-15.523890719302,"HOLDER_PROFIT":79193063.94,"HOLDER_PROFIT_YOY":-35.0441608203,"GROSS_PROFIT_RATIO":34.053734175544,"EPS_TTM":0.186690060858,"OPERATE_INCOME_QOQ":-4.257536929868,"NET_PROFIT_RATIO":13.2701475428,"ROE_AVG":2.983361273149,"GROSS_PROFIT_QOQ":-8.112978938844,"ROA":1.104864707081,"HOLDER_PROFIT_QOQ":-21.023664433655,"ROE_YEARLY":5.966722546298,"ROIC_YEARLY":2.507343958781,"TOTAL_ASSETS":7194773589.8,"TOTAL_LIABILITIES":4326372264.2,"TAX_EBT":18.069732669254,"OCF_SALES":36.92003638591,"TOTAL_PARENT_EQUITY":2672852485.93,"DEBT_ASSET_RATIO":60.1321530164,"OPERATE_PROFIT":156928904.26,"PRETAX_PROFIT":103734047.72,"NETCASH_OPERATE":236456940.08,"NETCASH_INVEST":-182974497.33,"NETCASH_FINANCE":18131518,"END_CASH":681365679.83,"DIVI_RATIO":0.266977790735,"DIVIDEND_RATE":9.166666666667,"CURRENT_RATIO":1.031153364922,"COMMON_ACS":null,"CURRENTDEBT_DEBT":34.908048628572,"ISSUED_COMMON_SHARES":859710000,"HK_COMMON_SHARES":214940000,"PER_SHARES":1000,"TOTAL_MARKET_CAP":515826000,"HKSK_MARKET_CAP":128964000,"PE_TTM":2.398384739771,"PB_TTM":0.167100321256,"REPORT_DATE_SQ":"2022-06-30 00:00:00","REPORT_TYPE_SQ":"2022年中报","OPERATE_INCOME_SQ":698079278.17,"DPS_HKD":0.055,"OPERATE_INCOME_QOQ_SQ":2.014635865703,"NET_PROFIT_RATIO_SQ":19.0623926553,"HOLDER_PROFIT_SQ":121918313.95,"HOLDER_PROFIT_QOQ_SQ":1.806267285086,"ROE_AVG_SQ":4.84651812043,"PE_TTM_SQ":2.818093848837,"PB_TTM_SQ":0.166068213934,"ROA_SQ":1.702395863088,"START_DATE":"2023-01-01 00:00:00","FISCAL_YEAR":"12-31","CURRENCY":"HKD","IS_CNY_CODE":0,"DPS_HKD_LY":0.055,"ORG_TYPE":"一般企业","PREMIUM_INCOME":null,"PREMIUM_INCOME_YOY":null,"NET_INTEREST_INCOME":null,"NET_INTEREST_INCOME_YOY":null,"FEE_COMMISSION_INCOME":null,"FEE_COMMISSION_INCOME_YOY":null,"ACCOUNTS_RECE_TDAYS":1.206982674003,"INVENTORY_TDAYS":4.805164302987,"CURRENT_ASSETS_TDAYS":0.42045731884,"TOTAL_ASSETS_TDAYS":0.089353568174,"PREMIUM_EXPENSE":null,"LOAN_DEPOSIT":null,"LOAN_EQUITY":null,"LOAN_ASSETS":null,"DEPOSIT_EQUITY":null,"DEPOSIT_ASSETS":null,"EQUITY_MULTIPLIER":2.508286942135,"EQUITY_RATIO":1.618634880516},{"SECUCODE":"02281.HK","SECURITY_CODE":"02281","SECURITY_NAME_ABBR":"兴泸水务","ORG_CODE":"10154936","STD_REPORT_DATE":"2022-12-31 00:00:00","REPORT_DATE":"2022-12-31 00:00:00","DATE_TYPE_CODE":"001","REPORT_TYPE":"2022年年报","PER_NETCASH_OPERATE":0.694695683137,"PER_OI":1.574274195578,"BPS":3.066301442684,"BASIC_EPS":0.24,"DILUTED_EPS":0.24,"OPERATE_INCOME":1353419268.68,"OPERATE_INCOME_YOY":-1.2173337926,"GROSS_PROFIT":494015996,"GROSS_PROFIT_YOY":-13.116177217225,"HOLDER_PROFIT":203224562.23,"HOLDER_PROFIT_YOY":-15.9973457035,"GROSS_PROFIT_RATIO":36.501327225954,"EPS_TTM":0.236387342511,"OPERATE_INCOME_QOQ":-3.168143110907,"NET_PROFIT_RATIO":16.4945779757,"ROE_AVG":7.950480379448,"GROSS_PROFIT_QOQ":-8.335886911092,"ROA":2.859521873649,"HOLDER_PROFIT_QOQ":-17.487737703568,"ROE_YEARLY":7.950480379448,"ROIC_YEARLY":3.29305877044,"TOTAL_ASSETS":7140567820.32,"TOTAL_LIABILITIES":4299548089.54,"TAX_EBT":13.053468195827,"OCF_SALES":44.127997847444,"TOTAL_PARENT_EQUITY":2636130013.29,"DEBT_ASSET_RATIO":60.2129718214,"OPERATE_PROFIT":381973803.55,"PRETAX_PROFIT":256756413.37,"NETCASH_OPERATE":597236825.75,"NETCASH_INVEST":-678328005.42,"NETCASH_FINANCE":-180899180.12,"END_CASH":609751719.08,"DIVI_RATIO":0.210849275899,"DIVIDEND_RATE":9.166666666667,"CURRENT_RATIO":1.169979347678,"COMMON_ACS":null,"CURRENTDEBT_DEBT":29.603639145624,"ISSUED_COMMON_SHARES":859710000,"HK_COMMON_SHARES":214940000,"PER_SHARES":1000,"TOTAL_MARKET_CAP":515826000,"HKSK_MARKET_CAP":128964000,"PE_TTM":2.398384739771,"PB_TTM":0.167100321256,"REPORT_DATE_SQ":"2021-12-31 00:00:00","REPORT_TYPE_SQ":"2021年年报","OPERATE_INCOME_SQ":1370097933.82,"DPS_HKD":0.055,"OPERATE_INCOME_QOQ_SQ":-39.82873346693,"NET_PROFIT_RATIO_SQ":19.0478960984,"HOLDER_PROFIT_SQ":241926358.08,"HOLDER_PROFIT_QOQ_SQ":5.448995567179,"ROE_AVG_SQ":10.113819486001,"PE_TTM_SQ":2.818093848837,"PB_TTM_SQ":0.166068213934,"ROA_SQ":3.384217953865,"START_DATE":"2022-01-01 00:00:00","FISCAL_YEAR":"12-31","CURRENCY":"HKD","IS_CNY_CODE":0,"DPS_HKD_LY":0.059,"ORG_TYPE":"一般企业","PREMIUM_INCOME":null,"PREMIUM_INCOME_YOY":null,"NET_INTEREST_INCOME":null,"NET_INTEREST_INCOME_YOY":null,"FEE_COMMISSION_INCOME":null,"FEE_COMMISSION_INCOME_YOY":null,"ACCOUNTS_RECE_TDAYS":2.661874725578,"INVENTORY_TDAYS":12.002738304959,"CURRENT_ASSETS_TDAYS":0.860472639124,"TOTAL_ASSETS_TDAYS":0.190436232734,"PREMIUM_EXPENSE":null,"LOAN_DEPOSIT":null,"LOAN_EQUITY":null,"LOAN_ASSETS":null,"DEPOSIT_EQUITY":null,"DEPOSIT_ASSETS":null,"EQUITY_MULTIPLIER":2.513381988499,"EQUITY_RATIO":1.631007601243},{"SECUCODE":"02281.HK","SECURITY_CODE":"02281","SECURITY_NAME_ABBR":"兴泸水务","ORG_CODE":"10154936","STD_REPORT_DATE":"2022-06-30 00:00:00","REPORT_DATE":"2022-06-30 00:00:00","DATE_TYPE_CODE":"002","REPORT_TYPE":"2022年中报","PER_NETCASH_OPERATE":0.36188003892,"PER_OI":0.811993902793,"BPS":2.971981949367,"BASIC_EPS":0.14,"DILUTED_EPS":0.14,"OPERATE_INCOME":698079278.17,"OPERATE_INCOME_YOY":4.1168441064,"GROSS_PROFIT":258178921.99,"GROSS_PROFIT_YOY":-10.301945799046,"HOLDER_PROFIT":121918313.95,"HOLDER_PROFIT_YOY":3.7174761943,"GROSS_PROFIT_RATIO":36.984183611181,"EPS_TTM":0.286487530377,"OPERATE_INCOME_QOQ":2.014635865703,"NET_PROFIT_RATIO":19.0623926553,"ROE_AVG":4.84651812043,"GROSS_PROFIT_QOQ":-5.215007427713,"ROA":1.702395863088,"HOLDER_PROFIT_QOQ":1.806267285086,"ROE_YEARLY":9.693036240861,"ROIC_YEARLY":4.004042429216,"TOTAL_ASSETS":7249828734.33,"TOTAL_LIABILITIES":4498716101.94,"TAX_EBT":14.650314396542,"OCF_SALES":44.566841903053,"TOTAL_PARENT_EQUITY":2555042601.69,"DEBT_ASSET_RATIO":62.0527224407,"OPERATE_PROFIT":223044273.29,"PRETAX_PROFIT":155912247.49,"NETCASH_OPERATE":311111888.26,"NETCASH_INVEST":-355064776.13,"NETCASH_FINANCE":63125018.25,"END_CASH":890912738.57,"DIVI_RATIO":0.17397650758,"DIVIDEND_RATE":9.166666666667,"CURRENT_RATIO":1.157984944798,"COMMON_ACS":null,"CURRENTDEBT_DEBT":34.514332161134,"ISSUED_COMMON_SHARES":859710000,"HK_COMMON_SHARES":214940000,"PER_SHARES":1000,"TOTAL_MARKET_CAP":515826000,"HKSK_MARKET_CAP":128964000,"PE_TTM":2.398384739771,"PB_TTM":0.167100321256,"REPORT_DATE_SQ":"2021-06-30 00:00:00","REPORT_TYPE_SQ":"2021年中报","OPERATE_INCOME_SQ":670476793.8,"DPS_HKD":0.055,"OPERATE_INCOME_QOQ_SQ":-9.711230200979,"NET_PROFIT_RATIO_SQ":13.8242913598,"HOLDER_PROFIT_SQ":117548477.29,"HOLDER_PROFIT_QOQ_SQ":10.116247816154,"ROE_AVG_SQ":5.183549946803,"PE_TTM_SQ":2.818093848837,"PB_TTM_SQ":0.166068213934,"ROA_SQ":1.592431629544,"START_DATE":"2022-01-01 00:00:00","FISCAL_YEAR":"12-31","CURRENCY":"HKD","IS_CNY_CODE":0,"DPS_HKD_LY":0.059,"ORG_TYPE":"一般企业","PREMIUM_INCOME":null,"PREMIUM_INCOME_YOY":null,"NET_INTEREST_INCOME":null,"NET_INTEREST_INCOME_YOY":null,"FEE_COMMISSION_INCOME":null,"FEE_COMMISSION_INCOME_YOY":null,"ACCOUNTS_RECE_TDAYS":1.347299856525,"INVENTORY_TDAYS":5.343608291429,"CURRENT_ASSETS_TDAYS":0.404146314663,"TOTAL_ASSETS_TDAYS":0.097475698011,"PREMIUM_EXPENSE":null,"LOAN_DEPOSIT":null,"LOAN_EQUITY":null,"LOAN_ASSETS":null,"DEPOSIT_EQUITY":null,"DEPOSIT_ASSETS":null,"EQUITY_MULTIPLIER":2.635235158668,"EQUITY_RATIO":1.760720584058},{"SECUCODE":"02281.HK","SECURITY_CODE":"02281","SECURITY_NAME_ABBR":"兴泸水务","ORG_CODE":"10154936","STD_REPORT_DATE":"2021-12-31 00:00:00","REPORT_DATE":"2021-12-31 00:00:00","DATE_TYPE_CODE":"001","REPORT_TYPE":"2021年年报","PER_NETCASH_OPERATE":0.624857582824,"PER_OI":1.593674534227,"BPS":2.880190623931,"BASIC_EPS":0.28,"DILUTED_EPS":0.28,"OPERATE_INCOME":1370097933.82,"OPERATE_INCOME_YOY":13.6559020226,"GROSS_PROFIT":568593761.39,"GROSS_PROFIT_YOY":7.535332959636,"HOLDER_PROFIT":241926358.08,"HOLDER_PROFIT_YOY":-2.1418292505,"GROSS_PROFIT_RATIO":41.500227637355,"EPS_TTM":0.28140461095,"OPERATE_INCOME_QOQ":-39.82873346693,"NET_PROFIT_RATIO":19.0478960984,"ROE_AVG":10.113819486001,"GROSS_PROFIT_QOQ":15.195559348852,"ROA":3.384217953865,"HOLDER_PROFIT_QOQ":5.448995567179,"ROE_YEARLY":10.113819486001,"ROIC_YEARLY":4.015974396107,"TOTAL_ASSETS":7073316263.08,"TOTAL_LIABILITIES":4412295112.93,"TAX_EBT":15.080994106808,"OCF_SALES":39.208606864491,"TOTAL_PARENT_EQUITY":2476128681.3,"DEBT_ASSET_RATIO":62.3794405456,"OPERATE_PROFIT":427306594.96,"PRETAX_PROFIT":307322051.33,"NETCASH_OPERATE":537196312.53,"NETCASH_INVEST":-750764538.45,"NETCASH_FINANCE":49117699.79,"END_CASH":871742078.87,"DIVI_RATIO":0.17711898832,"DIVIDEND_RATE":9.166666666667,"CURRENT_RATIO":0.768314700119,"COMMON_ACS":null,"CURRENTDEBT_DEBT":48.866262719862,"ISSUED_COMMON_SHARES":859710000,"HK_COMMON_SHARES":214940000,"PER_SHARES":1000,"TOTAL_MARKET_CAP":515826000,"HKSK_MARKET_CAP":128964000,"PE_TTM":2.398384739771,"PB_TTM":0.167100321256,"REPORT_DATE_SQ":"2020-12-31 00:00:00","REPORT_TYPE_SQ":"2020年年报","OPERATE_INCOME_SQ":1205478914.37,"DPS_HKD":0.055,"OPERATE_INCOME_QOQ_SQ":4.674676531859,"NET_PROFIT_RATIO_SQ":8.9140550497,"HOLDER_PROFIT_SQ":247221418.74,"HOLDER_PROFIT_QOQ_SQ":7.47620644296,"ROE_AVG_SQ":9.930675261419,"PE_TTM_SQ":2.818093848837,"PB_TTM_SQ":0.166068213934,"ROA_SQ":3.195616066549,"START_DATE":"2021-01-01 00:00:00","FISCAL_YEAR":"12-31","CURRENCY":"HKD","IS_CNY_CODE":0,"DPS_HKD_LY":0.073,"ORG_TYPE":"一般企业","PREMIUM_INCOME":null,"PREMIUM_INCOME_YOY":null,"NET_INTEREST_INCOME":null,"NET_INTEREST_INCOME_YOY":null,"FEE_COMMISSION_INCOME":null,"FEE_COMMISSION_INCOME_YOY":null,"ACCOUNTS_RECE_TDAYS":3.277937464935,"INVENTORY_TDAYS":18.30949891787,"CURRENT_ASSETS_TDAYS":0.857114069856,"TOTAL_ASSETS_TDAYS":0.191657910407,"PREMIUM_EXPENSE":null,"LOAN_DEPOSIT":null,"LOAN_EQUITY":null,"LOAN_ASSETS":null,"DEPOSIT_EQUITY":null,"DEPOSIT_ASSETS":null,"EQUITY_MULTIPLIER":2.658121023458,"EQUITY_RATIO":1.781932880247},{"SECUCODE":"02281.HK","SECURITY_CODE":"02281","SECURITY_NAME_ABBR":"兴泸水务","ORG_CODE":"10154936","STD_REPORT_DATE":"2021-06-30 00:00:00","REPORT_DATE":"2021-06-30 00:00:00","DATE_TYPE_CODE":"002","REPORT_TYPE":"2021年中报","PER_NETCASH_OPERATE":0.231914250154,"PER_OI":0.779887164044,"BPS":2.609096090542,"BASIC_EPS":0.14,"DILUTED_EPS":0.14,"OPERATE_INCOME":670476793.8,"OPERATE_INCOME_YOY":-20.9224008461,"GROSS_PROFIT":287831128.88,"GROSS_PROFIT_YOY":36.359864356032,"HOLDER_PROFIT":117548477.29,"HOLDER_PROFIT_YOY":21.7569032258,"GROSS_PROFIT_RATIO":26.851733816167,"EPS_TTM":0.266863244582,"OPERATE_INCOME_QOQ":-9.711230200979,"NET_PROFIT_RATIO":13.8242913598,"ROE_AVG":5.183549946803,"GROSS_PROFIT_QOQ":8.214943435938,"ROA":1.592431629544,"HOLDER_PROFIT_QOQ":10.116247816154,"ROE_YEARLY":10.367099893607,"ROIC_YEARLY":3.803490719777,"TOTAL_ASSETS":7590063000,"TOTAL_LIABILITIES":5165326000,"TAX_EBT":15.675551838794,"OCF_SALES":21.539443804651,"TOTAL_PARENT_EQUITY":2243066000,"DEBT_ASSET_RATIO":68.0537961279,"OPERATE_PROFIT":205270570.35,"PRETAX_PROFIT":147958715.32,"NETCASH_OPERATE":258334258.6,"NETCASH_INVEST":-411225281.99,"NETCASH_FINANCE":151381061.61,"END_CASH":1034682643.22,"DIVI_RATIO":0.186770194142,"DIVIDEND_RATE":9.166666666667,"CURRENT_RATIO":0.671974208721,"COMMON_ACS":null,"CURRENTDEBT_DEBT":48.172816197855,"ISSUED_COMMON_SHARES":859710000,"HK_COMMON_SHARES":214940000,"PER_SHARES":1000,"TOTAL_MARKET_CAP":515826000,"HKSK_MARKET_CAP":128964000,"PE_TTM":2.398384739771,"PB_TTM":0.167100321256,"REPORT_DATE_SQ":"2020-06-30 00:00:00","REPORT_TYPE_SQ":"2020年中报","OPERATE_INCOME_SQ":1170554000,"DPS_HKD":0.055,"OPERATE_INCOME_QOQ_SQ":16.551773181393,"NET_PROFIT_RATIO_SQ":8.873234383,"HOLDER_PROFIT_SQ":96875000,"HOLDER_PROFIT_QOQ_SQ":1.712567749789,"ROE_AVG_SQ":4.744405702886,"PE_TTM_SQ":2.818093848837,"PB_TTM_SQ":0.166068213934,"ROA_SQ":1.588363814752,"START_DATE":"2021-01-01 00:00:00","FISCAL_YEAR":"12-31","CURRENCY":"HKD","IS_CNY_CODE":0,"DPS_HKD_LY":0.073,"ORG_TYPE":"一般企业","PREMIUM_INCOME":null,"PREMIUM_INCOME_YOY":null,"NET_INTEREST_INCOME":null,"NET_INTEREST_INCOME_YOY":null,"FEE_COMMISSION_INCOME":null,"FEE_COMMISSION_INCOME_YOY":null,"ACCOUNTS_RECE_TDAYS":1.662843378826,"INVENTORY_TDAYS":20.10254735467,"CURRENT_ASSETS_TDAYS":0.576280714949,"TOTAL_ASSETS_TDAYS":0.124968459048,"PREMIUM_EXPENSE":null,"LOAN_DEPOSIT":null,"LOAN_EQUITY":null,"LOAN_ASSETS":null,"DEPOSIT_EQUITY":null,"DEPOSIT_ASSETS":null,"EQUITY_MULTIPLIER":3.130262374846,"EQUITY_RATIO":2.302797153539},{"SECUCODE":"02281.HK","SECURITY_CODE":"02281","SECURITY_NAME_ABBR":"兴泸水务","ORG_CODE":"10154936","STD_REPORT_DATE":"2020-12-31 00:00:00","REPORT_DATE":"2020-12-31 00:00:00","DATE_TYPE_CODE":"001","REPORT_TYPE":"2020年年报","PER_NETCASH_OPERATE":-0.049856346908,"PER_OI":1.402192500227,"BPS":2.531827011434,"BASIC_EPS":0.29,"DILUTED_EPS":0.29,"OPERATE_INCOME":1205478914.37,"OPERATE_INCOME_YOY":22.0001915698,"GROSS_PROFIT":528750640.13,"GROSS_PROFIT_YOY":40.825922093729,"HOLDER_PROFIT":247221418.74,"HOLDER_PROFIT_YOY":9.3168092932,"GROSS_PROFIT_RATIO":18.08632759759,"EPS_TTM":0.242346837887,"OPERATE_INCOME_QOQ":4.674676531859,"NET_PROFIT_RATIO":8.9140550497,"ROE_AVG":9.930675261419,"GROSS_PROFIT_QOQ":9.503928860378,"ROA":3.195616066549,"HOLDER_PROFIT_QOQ":7.47620644296,"ROE_YEARLY":9.930675261419,"ROIC_YEARLY":3.915144557789,"TOTAL_ASSETS":6668535705.23,"TOTAL_LIABILITIES":4210214513.14,"TAX_EBT":14.133973909515,"OCF_SALES":-1.69958820812,"TOTAL_PARENT_EQUITY":2307946383.81,"DEBT_ASSET_RATIO":67.7058631278,"OPERATE_PROFIT":411047393.4,"PRETAX_PROFIT":304458792.52,"NETCASH_OPERATE":369442570.29,"NETCASH_INVEST":-996574925.99,"NETCASH_FINANCE":567411388.27,"END_CASH":1036192605,"DIVI_RATIO":0.205664329828,"DIVIDEND_RATE":9.166666666667,"CURRENT_RATIO":0.768676605833,"COMMON_ACS":null,"CURRENTDEBT_DEBT":39.224374225254,"ISSUED_COMMON_SHARES":859710000,"HK_COMMON_SHARES":214940000,"PER_SHARES":1000,"TOTAL_MARKET_CAP":515826000,"HKSK_MARKET_CAP":128964000,"PE_TTM":2.398384739771,"PB_TTM":0.167100321256,"REPORT_DATE_SQ":"2019-12-31 00:00:00","REPORT_TYPE_SQ":"2019年年报","OPERATE_INCOME_SQ":2067132000,"DPS_HKD":0.055,"OPERATE_INCOME_QOQ_SQ":39.784041698562,"NET_PROFIT_RATIO_SQ":9.7489178243,"HOLDER_PROFIT_SQ":190591000,"HOLDER_PROFIT_QOQ_SQ":4.550291833063,"ROE_AVG_SQ":9.775283520971,"PE_TTM_SQ":2.818093848837,"PB_TTM_SQ":0.166068213934,"ROA_SQ":3.959328751984,"START_DATE":"2020-01-01 00:00:00","FISCAL_YEAR":"12-31","CURRENCY":"HKD","IS_CNY_CODE":0,"DPS_HKD_LY":0.0657,"ORG_TYPE":"一般企业","PREMIUM_INCOME":null,"PREMIUM_INCOME_YOY":null,"NET_INTEREST_INCOME":null,"NET_INTEREST_INCOME_YOY":null,"FEE_COMMISSION_INCOME":null,"FEE_COMMISSION_INCOME_YOY":null,"ACCOUNTS_RECE_TDAYS":3.906871229049,"INVENTORY_TDAYS":52.182100636557,"CURRENT_ASSETS_TDAYS":1.658566982291,"TOTAL_ASSETS_TDAYS":0.386806695352,"PREMIUM_EXPENSE":null,"LOAN_DEPOSIT":null,"LOAN_EQUITY":null,"LOAN_ASSETS":null,"DEPOSIT_EQUITY":null,"DEPOSIT_ASSETS":null,"EQUITY_MULTIPLIER":3.096537318701,"EQUITY_RATIO":1.824225442443},{"SECUCODE":"02281.HK","SECURITY_CODE":"02281","SECURITY_NAME_ABBR":"兴泸水务","ORG_CODE":"10154936","STD_REPORT_DATE":"2020-06-30 00:00:00","REPORT_DATE":"2020-06-30 00:00:00","DATE_TYPE_CODE":"002","REPORT_TYPE":"2020年中报","PER_NETCASH_OPERATE":-0.20400832839,"PER_OI":1.361568435868,"BPS":2.401210873434,"BASIC_EPS":0.11,"DILUTED_EPS":null,"OPERATE_INCOME":1170554000,"OPERATE_INCOME_YOY":41.3017997192,"GROSS_PROFIT":211082000,"GROSS_PROFIT_YOY":24.156388040915,"HOLDER_PROFIT":96875000,"HOLDER_PROFIT_YOY":3.4867697172,"GROSS_PROFIT_RATIO":18.032658040552,"EPS_TTM":0.225488827628,"OPERATE_INCOME_QOQ":16.551773181393,"NET_PROFIT_RATIO":8.873234383,"ROE_AVG":4.744405702886,"GROSS_PROFIT_QOQ":10.938199134937,"ROA":1.588363814752,"HOLDER_PROFIT_QOQ":1.712567749789,"ROE_YEARLY":9.488811405772,"ROIC_YEARLY":3.890676703642,"TOTAL_ASSETS":6382484000,"TOTAL_LIABILITIES":4174560000,"TAX_EBT":19.579726528021,"OCF_SALES":-14.983332678373,"TOTAL_PARENT_EQUITY":2064345000,"DEBT_ASSET_RATIO":65.4065094405,"OPERATE_PROFIT":182198000,"PRETAX_PROFIT":129154000,"NETCASH_OPERATE":-175388000,"NETCASH_INVEST":-270182000,"NETCASH_FINANCE":240527000,"END_CASH":890858000,"DIVI_RATIO":0.221040219705,"DIVIDEND_RATE":9.166666666667,"CURRENT_RATIO":0.748508607695,"COMMON_ACS":null,"CURRENTDEBT_DEBT":44.511589245334,"ISSUED_COMMON_SHARES":859710000,"HK_COMMON_SHARES":214940000,"PER_SHARES":1000,"TOTAL_MARKET_CAP":515826000,"HKSK_MARKET_CAP":128964000,"PE_TTM":2.398384739771,"PB_TTM":0.167100321256,"REPORT_DATE_SQ":"2019-06-30 00:00:00","REPORT_TYPE_SQ":"2019年中报","OPERATE_INCOME_SQ":828407000,"DPS_HKD":0.055,"OPERATE_INCOME_QOQ_SQ":21.391948488187,"NET_PROFIT_RATIO_SQ":12.005330713,"HOLDER_PROFIT_SQ":93611000,"HOLDER_PROFIT_QOQ_SQ":18.324083990523,"ROE_AVG_SQ":4.923917062787,"PE_TTM_SQ":2.818093848837,"PB_TTM_SQ":0.166068213934,"ROA_SQ":2.126355164982,"START_DATE":"2020-01-01 00:00:00","FISCAL_YEAR":"12-31","CURRENCY":"HKD","IS_CNY_CODE":0,"DPS_HKD_LY":0.0657,"ORG_TYPE":"一般企业","PREMIUM_INCOME":null,"PREMIUM_INCOME_YOY":null,"NET_INTEREST_INCOME":null,"NET_INTEREST_INCOME_YOY":null,"FEE_COMMISSION_INCOME":null,"FEE_COMMISSION_INCOME_YOY":null,"ACCOUNTS_RECE_TDAYS":3.626391976145,"INVENTORY_TDAYS":23.726989465354,"CURRENT_ASSETS_TDAYS":0.80965313791,"TOTAL_ASSETS_TDAYS":0.191924192703,"PREMIUM_EXPENSE":null,"LOAN_DEPOSIT":null,"LOAN_EQUITY":null,"LOAN_ASSETS":null,"DEPOSIT_EQUITY":null,"DEPOSIT_ASSETS":null,"EQUITY_MULTIPLIER":2.890717252947,"EQUITY_RATIO":2.02222012309}],"count":21},"success":true,"message":"ok","code":0}