{"version":"ff97e1fb28d66cee4995d98b501ad8f9","result":{"pages":8,"data":[{"SECUCODE":"02280.HK","SECURITY_CODE":"02280","SECURITY_NAME_ABBR":"慧聪集团","ORG_CODE":"10010820","STD_REPORT_DATE":"2024-06-30 00:00:00","REPORT_DATE":"2024-06-30 00:00:00","DATE_TYPE_CODE":"002","REPORT_TYPE":"2024年中报","PER_NETCASH_OPERATE":-0.045890199208,"PER_OI":4.507648466667,"BPS":0.373293673925,"BASIC_EPS":-0.0482,"DILUTED_EPS":-0.0482,"OPERATE_INCOME":5904709000,"OPERATE_INCOME_YOY":-33.2487398878,"GROSS_PROFIT":192658000,"GROSS_PROFIT_YOY":-4.622391643358,"HOLDER_PROFIT":-63197000,"HOLDER_PROFIT_YOY":92.2007898309,"GROSS_PROFIT_RATIO":3.26278568512,"EPS_TTM":-0.826331235513,"OPERATE_INCOME_QOQ":-15.942757784381,"NET_PROFIT_RATIO":-1.0912476805,"ROE_AVG":-12.044417804858,"GROSS_PROFIT_QOQ":-2.346811307524,"ROA":-2.300565703926,"HOLDER_PROFIT_QOQ":40.835565224045,"ROE_YEARLY":-24.088835609716,"ROIC_YEARLY":-6.367216948281,"TOTAL_ASSETS":2416995000,"TOTAL_LIABILITIES":1624103000,"TAX_EBT":-0.70607921964,"OCF_SALES":-1.018051863352,"TOTAL_PARENT_EQUITY":488989000,"DEBT_ASSET_RATIO":67.1951327992,"OPERATE_PROFIT":-13555000,"PRETAX_PROFIT":-49003000,"NETCASH_OPERATE":-60113000,"NETCASH_INVEST":-28888000,"NETCASH_FINANCE":-47860000,"END_CASH":229440000,"DIVI_RATIO":null,"DIVIDEND_RATE":null,"CURRENT_RATIO":1.19973273898,"COMMON_ACS":2000000000,"CURRENTDEBT_DEBT":99.479466511668,"ISSUED_COMMON_SHARES":1309931119,"HK_COMMON_SHARES":1309931119,"PER_SHARES":500,"TOTAL_MARKET_CAP":273775603.871,"HKSK_MARKET_CAP":273775603.871,"PE_TTM":-0.226402372719,"PB_TTM":0.510992104405,"REPORT_DATE_SQ":"2023-06-30 00:00:00","REPORT_TYPE_SQ":"2023年中报","OPERATE_INCOME_SQ":8845839000,"DPS_HKD":null,"OPERATE_INCOME_QOQ_SQ":16.52111882474,"NET_PROFIT_RATIO_SQ":-9.4718245022,"HOLDER_PROFIT_SQ":-810300000,"HOLDER_PROFIT_QOQ_SQ":-327.929257353794,"ROE_AVG_SQ":-37.3426486413,"PE_TTM_SQ":-0.280182759356,"PB_TTM_SQ":0.155616282597,"ROA_SQ":-14.696612351956,"START_DATE":"2024-01-01 00:00:00","FISCAL_YEAR":"12-31","CURRENCY":"HKD","IS_CNY_CODE":0,"DPS_HKD_LY":null,"ORG_TYPE":"一般企业","PREMIUM_INCOME":null,"PREMIUM_INCOME_YOY":null,"NET_INTEREST_INCOME":null,"NET_INTEREST_INCOME_YOY":null,"FEE_COMMISSION_INCOME":null,"FEE_COMMISSION_INCOME_YOY":null,"ACCOUNTS_RECE_TDAYS":52.731444850282,"INVENTORY_TDAYS":46.8648422469,"CURRENT_ASSETS_TDAYS":2.583539961085,"TOTAL_ASSETS_TDAYS":2.149496181316,"PREMIUM_EXPENSE":null,"LOAN_DEPOSIT":null,"LOAN_EQUITY":null,"LOAN_ASSETS":null,"DEPOSIT_EQUITY":null,"DEPOSIT_ASSETS":null,"EQUITY_MULTIPLIER":3.048328145574,"EQUITY_RATIO":3.321348741996},{"SECUCODE":"02280.HK","SECURITY_CODE":"02280","SECURITY_NAME_ABBR":"慧聪集团","ORG_CODE":"10010820","STD_REPORT_DATE":"2023-12-31 00:00:00","REPORT_DATE":"2023-12-31 00:00:00","DATE_TYPE_CODE":"001","REPORT_TYPE":"2023年年报","PER_NETCASH_OPERATE":0.191148218687,"PER_OI":14.0832313489,"BPS":0.427816388107,"BASIC_EPS":-1.3967,"DILUTED_EPS":-1.3967,"OPERATE_INCOME":18448063000,"OPERATE_INCOME_YOY":9.9410689754,"GROSS_PROFIT":397859000,"GROSS_PROFIT_YOY":-5.47444648504,"HOLDER_PROFIT":-1829540000,"HOLDER_PROFIT_YOY":-715.6446996514,"GROSS_PROFIT_RATIO":2.156643762546,"EPS_TTM":-1.396668857975,"OPERATE_INCOME_QOQ":-6.226745476325,"NET_PROFIT_RATIO":-10.2477154377,"ROE_AVG":-115.445580540699,"GROSS_PROFIT_QOQ":-23.261981545488,"ROA":-37.587226087409,"HOLDER_PROFIT_QOQ":-90.602695570551,"ROE_YEARLY":-115.445580540699,"ROIC_YEARLY":-47.135957405175,"TOTAL_ASSETS":3077045000,"TOTAL_LIABILITIES":1891769000,"TAX_EBT":-0.974353220912,"OCF_SALES":1.357275286842,"TOTAL_PARENT_EQUITY":560410000,"DEBT_ASSET_RATIO":61.4800563528,"OPERATE_PROFIT":-1092202000,"PRETAX_PROFIT":-1105246000,"NETCASH_OPERATE":250391000,"NETCASH_INVEST":103659000,"NETCASH_FINANCE":-294595000,"END_CASH":365682000,"DIVI_RATIO":null,"DIVIDEND_RATE":null,"CURRENT_RATIO":1.392965212841,"COMMON_ACS":2000000000,"CURRENTDEBT_DEBT":99.905379568013,"ISSUED_COMMON_SHARES":1309931119,"HK_COMMON_SHARES":1309931119,"PER_SHARES":500,"TOTAL_MARKET_CAP":235787601.42,"HKSK_MARKET_CAP":235787601.42,"PE_TTM":-0.194987689423,"PB_TTM":0.440088893746,"REPORT_DATE_SQ":"2022-12-31 00:00:00","REPORT_TYPE_SQ":"2022年年报","OPERATE_INCOME_SQ":16779956000,"DPS_HKD":null,"OPERATE_INCOME_QOQ_SQ":2.700220094307,"NET_PROFIT_RATIO_SQ":-1.3629492289,"HOLDER_PROFIT_SQ":-224306000,"HOLDER_PROFIT_QOQ_SQ":64.641530194191,"ROE_AVG_SQ":-8.193673834752,"PE_TTM_SQ":-0.314106232462,"PB_TTM_SQ":0.174457715916,"ROA_SQ":-3.650924030991,"START_DATE":"2023-01-01 00:00:00","FISCAL_YEAR":"12-31","CURRENCY":"HKD","IS_CNY_CODE":0,"DPS_HKD_LY":null,"ORG_TYPE":"一般企业","PREMIUM_INCOME":null,"PREMIUM_INCOME_YOY":null,"NET_INTEREST_INCOME":null,"NET_INTEREST_INCOME_YOY":null,"FEE_COMMISSION_INCOME":null,"FEE_COMMISSION_INCOME_YOY":null,"ACCOUNTS_RECE_TDAYS":162.454268064478,"INVENTORY_TDAYS":133.223144399709,"CURRENT_ASSETS_TDAYS":5.129734884428,"TOTAL_ASSETS_TDAYS":3.79008666034,"PREMIUM_EXPENSE":null,"LOAN_DEPOSIT":null,"LOAN_EQUITY":null,"LOAN_ASSETS":null,"DEPOSIT_EQUITY":null,"DEPOSIT_ASSETS":null,"EQUITY_MULTIPLIER":2.596057795824,"EQUITY_RATIO":3.375687443122},{"SECUCODE":"02280.HK","SECURITY_CODE":"02280","SECURITY_NAME_ABBR":"慧聪集团","ORG_CODE":"10010820","STD_REPORT_DATE":"2023-06-30 00:00:00","REPORT_DATE":"2023-06-30 00:00:00","DATE_TYPE_CODE":"002","REPORT_TYPE":"2023年中报","PER_NETCASH_OPERATE":0.107375874929,"PER_OI":6.752903928836,"BPS":1.321208401646,"BASIC_EPS":-0.6186,"DILUTED_EPS":-0.6186,"OPERATE_INCOME":8845839000,"OPERATE_INCOME_YOY":45.6007384076,"GROSS_PROFIT":201995000,"GROSS_PROFIT_YOY":-23.683892368956,"HOLDER_PROFIT":-810300000,"HOLDER_PROFIT_YOY":-984.2309493544,"GROSS_PROFIT_RATIO":2.903410162671,"EPS_TTM":-0.732764483626,"OPERATE_INCOME_QOQ":16.52111882474,"NET_PROFIT_RATIO":-9.4718245022,"ROE_AVG":-37.3426486413,"GROSS_PROFIT_QOQ":-1.161928400809,"ROA":-14.696612351956,"HOLDER_PROFIT_QOQ":-327.929257353794,"ROE_YEARLY":-74.6852972826,"ROIC_YEARLY":-35.44499644533,"TOTAL_ASSETS":4369173000,"TOTAL_LIABILITIES":2011185000,"TAX_EBT":0.624139858161,"OCF_SALES":1.579271798004,"TOTAL_PARENT_EQUITY":1730692000,"DEBT_ASSET_RATIO":46.0312512231,"OPERATE_PROFIT":-692179000,"PRETAX_PROFIT":-692473000,"NETCASH_OPERATE":140655000,"NETCASH_INVEST":74767000,"NETCASH_FINANCE":-253770000,"END_CASH":273892000,"DIVI_RATIO":null,"DIVIDEND_RATE":null,"CURRENT_RATIO":2.075501983004,"COMMON_ACS":2000000000,"CURRENTDEBT_DEBT":74.996482173445,"ISSUED_COMMON_SHARES":1309931119,"HK_COMMON_SHARES":1309931119,"PER_SHARES":500,"TOTAL_MARKET_CAP":235787601.42,"HKSK_MARKET_CAP":235787601.42,"PE_TTM":-0.194987689423,"PB_TTM":0.440088893746,"REPORT_DATE_SQ":"2022-06-30 00:00:00","REPORT_TYPE_SQ":"2022年中报","OPERATE_INCOME_SQ":6116947000,"DPS_HKD":null,"OPERATE_INCOME_QOQ_SQ":-5.456946915004,"NET_PROFIT_RATIO_SQ":-1.2196506848,"HOLDER_PROFIT_SQ":-74735000,"HOLDER_PROFIT_QOQ_SQ":4.333066911975,"ROE_AVG_SQ":-2.628593938776,"PE_TTM_SQ":-0.314106232462,"PB_TTM_SQ":0.174457715916,"ROA_SQ":-1.337657773499,"START_DATE":"2023-01-01 00:00:00","FISCAL_YEAR":"12-31","CURRENCY":"HKD","IS_CNY_CODE":0,"DPS_HKD_LY":null,"ORG_TYPE":"一般企业","PREMIUM_INCOME":null,"PREMIUM_INCOME_YOY":null,"NET_INTEREST_INCOME":null,"NET_INTEREST_INCOME_YOY":null,"FEE_COMMISSION_INCOME":null,"FEE_COMMISSION_INCOME_YOY":null,"ACCOUNTS_RECE_TDAYS":85.712587266905,"INVENTORY_TDAYS":44.165364766207,"CURRENT_ASSETS_TDAYS":2.316205273534,"TOTAL_ASSETS_TDAYS":1.615361378779,"PREMIUM_EXPENSE":null,"LOAN_DEPOSIT":null,"LOAN_EQUITY":null,"LOAN_ASSETS":null,"DEPOSIT_EQUITY":null,"DEPOSIT_ASSETS":null,"EQUITY_MULTIPLIER":1.852924187911,"EQUITY_RATIO":1.162069854139},{"SECUCODE":"02280.HK","SECURITY_CODE":"02280","SECURITY_NAME_ABBR":"慧聪集团","ORG_CODE":"10010820","STD_REPORT_DATE":"2022-12-31 00:00:00","REPORT_DATE":"2022-12-31 00:00:00","DATE_TYPE_CODE":"001","REPORT_TYPE":"2022年年报","PER_NETCASH_OPERATE":-0.097359317715,"PER_OI":12.80980026859,"BPS":1.991797860327,"BASIC_EPS":-0.1712,"DILUTED_EPS":-0.1712,"OPERATE_INCOME":16779956000,"OPERATE_INCOME_YOY":-2.9040763978,"GROSS_PROFIT":420901000,"GROSS_PROFIT_YOY":-30.266953175091,"HOLDER_PROFIT":-224306000,"HOLDER_PROFIT_YOY":66.1736363499,"GROSS_PROFIT_RATIO":3.10689949662,"EPS_TTM":-0.171234957889,"OPERATE_INCOME_QOQ":2.700220094307,"NET_PROFIT_RATIO":-1.3629492289,"ROE_AVG":-8.193673834752,"GROSS_PROFIT_QOQ":-8.537248789061,"ROA":-3.650924030991,"HOLDER_PROFIT_QOQ":64.641530194191,"ROE_YEARLY":-8.193673834752,"ROIC_YEARLY":-4.359743250451,"TOTAL_ASSETS":6657858000,"TOTAL_LIABILITIES":3379229000,"TAX_EBT":19.8030548931,"OCF_SALES":-0.755368453123,"TOTAL_PARENT_EQUITY":2609118000,"DEBT_ASSET_RATIO":50.7554982398,"OPERATE_PROFIT":-134151000,"PRETAX_PROFIT":-191627000,"NETCASH_OPERATE":-127534000,"NETCASH_INVEST":67049000,"NETCASH_FINANCE":38473000,"END_CASH":312023000,"DIVI_RATIO":null,"DIVIDEND_RATE":null,"CURRENT_RATIO":1.362621009337,"COMMON_ACS":2000000000,"CURRENTDEBT_DEBT":99.02957153836,"ISSUED_COMMON_SHARES":1309931119,"HK_COMMON_SHARES":1309931119,"PER_SHARES":500,"TOTAL_MARKET_CAP":235787601.42,"HKSK_MARKET_CAP":235787601.42,"PE_TTM":-0.194987689423,"PB_TTM":0.440088893746,"REPORT_DATE_SQ":"2021-12-31 00:00:00","REPORT_TYPE_SQ":"2021年年报","OPERATE_INCOME_SQ":17388661000,"DPS_HKD":null,"OPERATE_INCOME_QOQ_SQ":5.055745457213,"NET_PROFIT_RATIO_SQ":-3.6956727145,"HOLDER_PROFIT_SQ":-663110000,"HOLDER_PROFIT_QOQ_SQ":-10.437162019249,"ROE_AVG_SQ":-20.771500340026,"PE_TTM_SQ":-0.314106232462,"PB_TTM_SQ":0.174457715916,"ROA_SQ":-10.811715934152,"START_DATE":"2022-01-01 00:00:00","FISCAL_YEAR":"12-31","CURRENCY":"HKD","IS_CNY_CODE":0,"DPS_HKD_LY":null,"ORG_TYPE":"一般企业","PREMIUM_INCOME":null,"PREMIUM_INCOME_YOY":null,"NET_INTEREST_INCOME":null,"NET_INTEREST_INCOME_YOY":null,"FEE_COMMISSION_INCOME":null,"FEE_COMMISSION_INCOME_YOY":null,"ACCOUNTS_RECE_TDAYS":113.629909529227,"INVENTORY_TDAYS":98.159247325377,"CURRENT_ASSETS_TDAYS":4.557902504559,"TOTAL_ASSETS_TDAYS":2.748077924553,"PREMIUM_EXPENSE":null,"LOAN_DEPOSIT":null,"LOAN_EQUITY":null,"LOAN_ASSETS":null,"DEPOSIT_EQUITY":null,"DEPOSIT_ASSETS":null,"EQUITY_MULTIPLIER":2.030683557059,"EQUITY_RATIO":1.295161430031},{"SECUCODE":"02280.HK","SECURITY_CODE":"02280","SECURITY_NAME_ABBR":"慧聪集团","ORG_CODE":"10010820","STD_REPORT_DATE":"2022-06-30 00:00:00","REPORT_DATE":"2022-06-30 00:00:00","DATE_TYPE_CODE":"002","REPORT_TYPE":"2022年中报","PER_NETCASH_OPERATE":0.006068258006,"PER_OI":4.669670726404,"BPS":2.153033819177,"BASIC_EPS":-0.0571,"DILUTED_EPS":-0.0571,"OPERATE_INCOME":6116947000,"OPERATE_INCOME_YOY":-13.4234064859,"GROSS_PROFIT":264682000,"GROSS_PROFIT_YOY":-11.130734337699,"HOLDER_PROFIT":-74735000,"HOLDER_PROFIT_YOY":27.7699385317,"GROSS_PROFIT_RATIO":4.375239275749,"EPS_TTM":-0.484282715937,"OPERATE_INCOME_QOQ":-5.456946915004,"NET_PROFIT_RATIO":-1.2196506848,"ROE_AVG":-2.628593938776,"GROSS_PROFIT_QOQ":-4.98136977314,"ROA":-1.337657773499,"HOLDER_PROFIT_QOQ":4.333066911975,"ROE_YEARLY":-5.257187877552,"ROIC_YEARLY":-3.255937560585,"TOTAL_ASSETS":5544238000,"TOTAL_LIABILITIES":2052327000,"TAX_EBT":8.918635298711,"OCF_SALES":0.129884963001,"TOTAL_PARENT_EQUITY":2820326000,"DEBT_ASSET_RATIO":37.017296155,"OPERATE_PROFIT":-10857000,"PRETAX_PROFIT":-81952000,"NETCASH_OPERATE":7949000,"NETCASH_INVEST":37850000,"NETCASH_FINANCE":-74839000,"END_CASH":304821000,"DIVI_RATIO":null,"DIVIDEND_RATE":null,"CURRENT_RATIO":1.479581416013,"COMMON_ACS":2000000000,"CURRENTDEBT_DEBT":96.951216838252,"ISSUED_COMMON_SHARES":1309931119,"HK_COMMON_SHARES":1309931119,"PER_SHARES":500,"TOTAL_MARKET_CAP":235787601.42,"HKSK_MARKET_CAP":235787601.42,"PE_TTM":-0.194987689423,"PB_TTM":0.440088893746,"REPORT_DATE_SQ":"2021-06-30 00:00:00","REPORT_TYPE_SQ":"2021年中报","OPERATE_INCOME_SQ":7068921000,"DPS_HKD":null,"OPERATE_INCOME_QOQ_SQ":13.904592707022,"NET_PROFIT_RATIO_SQ":-1.3265289372,"HOLDER_PROFIT_SQ":-103468000,"HOLDER_PROFIT_QOQ_SQ":19.461944879999,"ROE_AVG_SQ":-2.977848603101,"PE_TTM_SQ":-0.314106232462,"PB_TTM_SQ":0.174457715916,"ROA_SQ":-1.570083020105,"START_DATE":"2022-01-01 00:00:00","FISCAL_YEAR":"12-31","CURRENCY":"HKD","IS_CNY_CODE":0,"DPS_HKD_LY":null,"ORG_TYPE":"一般企业","PREMIUM_INCOME":null,"PREMIUM_INCOME_YOY":null,"NET_INTEREST_INCOME":null,"NET_INTEREST_INCOME_YOY":null,"FEE_COMMISSION_INCOME":null,"FEE_COMMISSION_INCOME_YOY":null,"ACCOUNTS_RECE_TDAYS":42.334449896533,"INVENTORY_TDAYS":27.465815947004,"CURRENT_ASSETS_TDAYS":2.113046737284,"TOTAL_ASSETS_TDAYS":1.095404702108,"PREMIUM_EXPENSE":null,"LOAN_DEPOSIT":null,"LOAN_EQUITY":null,"LOAN_ASSETS":null,"DEPOSIT_EQUITY":null,"DEPOSIT_ASSETS":null,"EQUITY_MULTIPLIER":1.587737488154,"EQUITY_RATIO":0.727691408724},{"SECUCODE":"02280.HK","SECURITY_CODE":"02280","SECURITY_NAME_ABBR":"慧聪集团","ORG_CODE":"10010820","STD_REPORT_DATE":"2021-12-31 00:00:00","REPORT_DATE":"2021-12-31 00:00:00","DATE_TYPE_CODE":"001","REPORT_TYPE":"2021年年报","PER_NETCASH_OPERATE":-0.137986644777,"PER_OI":13.274485007482,"BPS":2.187889087014,"BASIC_EPS":-0.5062,"DILUTED_EPS":-0.5062,"OPERATE_INCOME":17388661000,"OPERATE_INCOME_YOY":19.795865629,"GROSS_PROFIT":603589000,"GROSS_PROFIT_YOY":-22.059923014048,"HOLDER_PROFIT":-663110000,"HOLDER_PROFIT_YOY":11.05605758,"GROSS_PROFIT_RATIO":3.471164340946,"EPS_TTM":-0.506217457072,"OPERATE_INCOME_QOQ":5.055745457213,"NET_PROFIT_RATIO":-3.6956727145,"ROE_AVG":-20.771500340026,"GROSS_PROFIT_QOQ":-19.598651960784,"ROA":-10.811715934152,"HOLDER_PROFIT_QOQ":-10.437162019249,"ROE_YEARLY":-20.771500340026,"ROIC_YEARLY":-12.643880123485,"TOTAL_ASSETS":5629771000,"TOTAL_LIABILITIES":2081376000,"TAX_EBT":-1.910484361323,"OCF_SALES":-1.039487744341,"TOTAL_PARENT_EQUITY":2865984000,"DEBT_ASSET_RATIO":36.9708821194,"OPERATE_PROFIT":-541356000,"PRETAX_PROFIT":-598644000,"NETCASH_OPERATE":-180753000,"NETCASH_INVEST":276184000,"NETCASH_FINANCE":-15738000,"END_CASH":333812000,"DIVI_RATIO":null,"DIVIDEND_RATE":null,"CURRENT_RATIO":1.905265988149,"COMMON_ACS":2000000000,"CURRENTDEBT_DEBT":71.833392909306,"ISSUED_COMMON_SHARES":1309931119,"HK_COMMON_SHARES":1309931119,"PER_SHARES":500,"TOTAL_MARKET_CAP":235787601.42,"HKSK_MARKET_CAP":235787601.42,"PE_TTM":-0.194987689423,"PB_TTM":0.440088893746,"REPORT_DATE_SQ":"2020-12-31 00:00:00","REPORT_TYPE_SQ":"2020年年报","OPERATE_INCOME_SQ":14515243000,"DPS_HKD":null,"OPERATE_INCOME_QOQ_SQ":12.371051827344,"NET_PROFIT_RATIO_SQ":-6.0095568737,"HOLDER_PROFIT_SQ":-745537000,"HOLDER_PROFIT_QOQ_SQ":-61.690125572014,"ROE_AVG_SQ":-19.770291486614,"PE_TTM_SQ":-0.314106232462,"PB_TTM_SQ":0.174457715916,"ROA_SQ":-9.89877987494,"START_DATE":"2021-01-01 00:00:00","FISCAL_YEAR":"12-31","CURRENCY":"HKD","IS_CNY_CODE":0,"DPS_HKD_LY":null,"ORG_TYPE":"一般企业","PREMIUM_INCOME":null,"PREMIUM_INCOME_YOY":null,"NET_INTEREST_INCOME":null,"NET_INTEREST_INCOME_YOY":null,"FEE_COMMISSION_INCOME":null,"FEE_COMMISSION_INCOME_YOY":null,"ACCOUNTS_RECE_TDAYS":53.166496718497,"INVENTORY_TDAYS":98.81855084409,"CURRENT_ASSETS_TDAYS":6.060841734148,"TOTAL_ASSETS_TDAYS":2.835144443716,"PREMIUM_EXPENSE":null,"LOAN_DEPOSIT":null,"LOAN_EQUITY":null,"LOAN_ASSETS":null,"DEPOSIT_EQUITY":null,"DEPOSIT_ASSETS":null,"EQUITY_MULTIPLIER":1.586568293553,"EQUITY_RATIO":0.726234340457},{"SECUCODE":"02280.HK","SECURITY_CODE":"02280","SECURITY_NAME_ABBR":"慧聪集团","ORG_CODE":"10010820","STD_REPORT_DATE":"2021-06-30 00:00:00","REPORT_DATE":"2021-06-30 00:00:00","DATE_TYPE_CODE":"002","REPORT_TYPE":"2021年中报","PER_NETCASH_OPERATE":-0.094574438459,"PER_OI":5.396406648768,"BPS":2.618730061638,"BASIC_EPS":-0.079,"DILUTED_EPS":-0.079,"OPERATE_INCOME":7068921000,"OPERATE_INCOME_YOY":40.0428982711,"GROSS_PROFIT":297833000,"GROSS_PROFIT_YOY":-10.977968143328,"HOLDER_PROFIT":-103468000,"HOLDER_PROFIT_YOY":58.3736985243,"GROSS_PROFIT_RATIO":4.176560891157,"EPS_TTM":-0.458376010227,"OPERATE_INCOME_QOQ":13.904592707022,"NET_PROFIT_RATIO":-1.3265289372,"ROE_AVG":-2.977848603101,"GROSS_PROFIT_QOQ":-4.989951249639,"ROA":-1.570083020105,"HOLDER_PROFIT_QOQ":19.461944879999,"ROE_YEARLY":-5.955697206202,"ROIC_YEARLY":-3.576315121379,"TOTAL_ASSETS":6543203000,"TOTAL_LIABILITIES":2531968000,"TAX_EBT":-51.021667418184,"OCF_SALES":-1.753166953752,"TOTAL_PARENT_EQUITY":3430356000,"DEBT_ASSET_RATIO":38.6961553845,"OPERATE_PROFIT":45291000,"PRETAX_PROFIT":-42137000,"NETCASH_OPERATE":-123886000,"NETCASH_INVEST":280111000,"NETCASH_FINANCE":-144326000,"END_CASH":265221000,"DIVI_RATIO":null,"DIVIDEND_RATE":null,"CURRENT_RATIO":1.606482677262,"COMMON_ACS":2000000000,"CURRENTDEBT_DEBT":75.996418596128,"ISSUED_COMMON_SHARES":1309931119,"HK_COMMON_SHARES":1309931119,"PER_SHARES":500,"TOTAL_MARKET_CAP":235787601.42,"HKSK_MARKET_CAP":235787601.42,"PE_TTM":-0.194987689423,"PB_TTM":0.440088893746,"REPORT_DATE_SQ":"2020-06-30 00:00:00","REPORT_TYPE_SQ":"2020年中报","OPERATE_INCOME_SQ":5045891000,"DPS_HKD":null,"OPERATE_INCOME_QOQ_SQ":-12.818051198854,"NET_PROFIT_RATIO_SQ":-5.2737317831,"HOLDER_PROFIT_SQ":-248564000,"HOLDER_PROFIT_QOQ_SQ":-22.470716353688,"ROE_AVG_SQ":-6.18883331439,"PE_TTM_SQ":-0.314106232462,"PB_TTM_SQ":0.174457715916,"ROA_SQ":-2.911317400288,"START_DATE":"2021-01-01 00:00:00","FISCAL_YEAR":"12-31","CURRENCY":"HKD","IS_CNY_CODE":0,"DPS_HKD_LY":null,"ORG_TYPE":"一般企业","PREMIUM_INCOME":null,"PREMIUM_INCOME_YOY":null,"NET_INTEREST_INCOME":null,"NET_INTEREST_INCOME_YOY":null,"FEE_COMMISSION_INCOME":null,"FEE_COMMISSION_INCOME_YOY":null,"ACCOUNTS_RECE_TDAYS":18.65921152138,"INVENTORY_TDAYS":43.676935580626,"CURRENT_ASSETS_TDAYS":2.363099539681,"TOTAL_ASSETS_TDAYS":1.07229805295,"PREMIUM_EXPENSE":null,"LOAN_DEPOSIT":null,"LOAN_EQUITY":null,"LOAN_ASSETS":null,"DEPOSIT_EQUITY":null,"DEPOSIT_ASSETS":null,"EQUITY_MULTIPLIER":1.631219063457,"EQUITY_RATIO":0.738106482243},{"SECUCODE":"02280.HK","SECURITY_CODE":"02280","SECURITY_NAME_ABBR":"慧聪集团","ORG_CODE":"10010820","STD_REPORT_DATE":"2020-12-31 00:00:00","REPORT_DATE":"2020-12-31 00:00:00","DATE_TYPE_CODE":"001","REPORT_TYPE":"2020年年报","PER_NETCASH_OPERATE":0.15807319713,"PER_OI":11.080920812906,"BPS":2.686264910392,"BASIC_EPS":-0.6018,"DILUTED_EPS":-0.6018,"OPERATE_INCOME":14515243000,"OPERATE_INCOME_YOY":-1.4719819045,"GROSS_PROFIT":774427000,"GROSS_PROFIT_YOY":-16.76613755249,"HOLDER_PROFIT":-745537000,"HOLDER_PROFIT_YOY":-98.0230550612,"GROSS_PROFIT_RATIO":5.437551066417,"EPS_TTM":-0.569142139756,"OPERATE_INCOME_QOQ":12.371051827344,"NET_PROFIT_RATIO":-6.0095568737,"ROE_AVG":-19.770291486614,"GROSS_PROFIT_QOQ":2.687971512674,"ROA":-9.89877987494,"HOLDER_PROFIT_QOQ":-61.690125572014,"ROE_YEARLY":-19.770291486614,"ROIC_YEARLY":-11.241919376141,"TOTAL_ASSETS":6636737000,"TOTAL_LIABILITIES":2610958000,"TAX_EBT":14.82163182081,"OCF_SALES":1.424956478492,"TOTAL_PARENT_EQUITY":3518822000,"DEBT_ASSET_RATIO":39.3409894049,"OPERATE_PROFIT":-615355000,"PRETAX_PROFIT":-821475000,"NETCASH_OPERATE":207065000,"NETCASH_INVEST":179012000,"NETCASH_FINANCE":-463262000,"END_CASH":254301000,"DIVI_RATIO":null,"DIVIDEND_RATE":null,"CURRENT_RATIO":1.290182402715,"COMMON_ACS":2000000000,"CURRENTDEBT_DEBT":85.775029701742,"ISSUED_COMMON_SHARES":1309931119,"HK_COMMON_SHARES":1309931119,"PER_SHARES":500,"TOTAL_MARKET_CAP":235787601.42,"HKSK_MARKET_CAP":235787601.42,"PE_TTM":-0.194987689423,"PB_TTM":0.440088893746,"REPORT_DATE_SQ":"2019-12-31 00:00:00","REPORT_TYPE_SQ":"2019年年报","OPERATE_INCOME_SQ":14748415000,"DPS_HKD":null,"OPERATE_INCOME_QOQ_SQ":7.731064251598,"NET_PROFIT_RATIO_SQ":-3.0996440868,"HOLDER_PROFIT_SQ":-376490000,"HOLDER_PROFIT_QOQ_SQ":-374.694875933024,"ROE_AVG_SQ":-9.005968257006,"PE_TTM_SQ":-0.314106232462,"PB_TTM_SQ":0.174457715916,"ROA_SQ":-4.379209357822,"START_DATE":"2020-01-01 00:00:00","FISCAL_YEAR":"12-31","CURRENCY":"HKD","IS_CNY_CODE":0,"DPS_HKD_LY":null,"ORG_TYPE":"一般企业","PREMIUM_INCOME":null,"PREMIUM_INCOME_YOY":null,"NET_INTEREST_INCOME":null,"NET_INTEREST_INCOME_YOY":null,"FEE_COMMISSION_INCOME":null,"FEE_COMMISSION_INCOME_YOY":null,"ACCOUNTS_RECE_TDAYS":32.546044651125,"INVENTORY_TDAYS":78.903784646657,"CURRENT_ASSETS_TDAYS":4.54834857215,"TOTAL_ASSETS_TDAYS":1.929379063294,"PREMIUM_EXPENSE":null,"LOAN_DEPOSIT":null,"LOAN_EQUITY":null,"LOAN_ASSETS":null,"DEPOSIT_EQUITY":null,"DEPOSIT_ASSETS":null,"EQUITY_MULTIPLIER":1.648559694907,"EQUITY_RATIO":0.74199774811},{"SECUCODE":"02280.HK","SECURITY_CODE":"02280","SECURITY_NAME_ABBR":"慧聪集团","ORG_CODE":"10010820","STD_REPORT_DATE":"2020-06-30 00:00:00","REPORT_DATE":"2020-06-30 00:00:00","DATE_TYPE_CODE":"002","REPORT_TYPE":"2020年中报","PER_NETCASH_OPERATE":0.109537852425,"PER_OI":3.820213044544,"BPS":3.060840331101,"BASIC_EPS":-0.2132,"DILUTED_EPS":-0.2132,"OPERATE_INCOME":5045891000,"OPERATE_INCOME_YOY":-27.3019428768,"GROSS_PROFIT":334561000,"GROSS_PROFIT_YOY":-34.006690836789,"HOLDER_PROFIT":-248564000,"HOLDER_PROFIT_YOY":-51.5966919568,"GROSS_PROFIT_RATIO":6.862494123596,"EPS_TTM":-0.349088403358,"OPERATE_INCOME_QOQ":-12.818051198854,"NET_PROFIT_RATIO":-5.2737317831,"ROE_AVG":-6.18883331439,"GROSS_PROFIT_QOQ":-17.17321220015,"ROA":-2.911317400288,"HOLDER_PROFIT_QOQ":-22.470716353688,"ROE_YEARLY":-12.37766662878,"ROIC_YEARLY":-6.673211083484,"TOTAL_ASSETS":8649233000,"TOTAL_LIABILITIES":3956616000,"TAX_EBT":3.498324076104,"OCF_SALES":2.857848307793,"TOTAL_PARENT_EQUITY":4009490000,"DEBT_ASSET_RATIO":45.7452816915,"OPERATE_PROFIT":-86559000,"PRETAX_PROFIT":-187061000,"NETCASH_OPERATE":144682000,"NETCASH_INVEST":31445000,"NETCASH_FINANCE":-122129000,"END_CASH":385931000,"DIVI_RATIO":null,"DIVIDEND_RATE":null,"CURRENT_RATIO":1.237968266393,"COMMON_ACS":2000000000,"CURRENTDEBT_DEBT":79.299001975426,"ISSUED_COMMON_SHARES":1309931119,"HK_COMMON_SHARES":1309931119,"PER_SHARES":500,"TOTAL_MARKET_CAP":235787601.42,"HKSK_MARKET_CAP":235787601.42,"PE_TTM":-0.194987689423,"PB_TTM":0.440088893746,"REPORT_DATE_SQ":"2019-06-30 00:00:00","REPORT_TYPE_SQ":"2019年中报","OPERATE_INCOME_SQ":6963900000,"DPS_HKD":null,"OPERATE_INCOME_QOQ_SQ":30.097747250312,"NET_PROFIT_RATIO_SQ":-2.4296012292,"HOLDER_PROFIT_SQ":-163964000,"HOLDER_PROFIT_QOQ_SQ":-128.776894887704,"ROE_AVG_SQ":-3.836450822046,"PE_TTM_SQ":-0.314106232462,"PB_TTM_SQ":0.174457715916,"ROA_SQ":-1.852895485389,"START_DATE":"2020-01-01 00:00:00","FISCAL_YEAR":"12-31","CURRENCY":"HKD","IS_CNY_CODE":0,"DPS_HKD_LY":null,"ORG_TYPE":"一般企业","PREMIUM_INCOME":null,"PREMIUM_INCOME_YOY":null,"NET_INTEREST_INCOME":null,"NET_INTEREST_INCOME_YOY":null,"FEE_COMMISSION_INCOME":null,"FEE_COMMISSION_INCOME_YOY":null,"ACCOUNTS_RECE_TDAYS":13.751551034591,"INVENTORY_TDAYS":25.493068771626,"CURRENT_ASSETS_TDAYS":1.371151202095,"TOTAL_ASSETS_TDAYS":0.592961720002,"PREMIUM_EXPENSE":null,"LOAN_DEPOSIT":null,"LOAN_EQUITY":null,"LOAN_ASSETS":null,"DEPOSIT_EQUITY":null,"DEPOSIT_ASSETS":null,"EQUITY_MULTIPLIER":1.843157666609,"EQUITY_RATIO":0.986812786664}],"count":66},"success":true,"message":"ok","code":0}