{"version":"b4bc1b3ec488ccadab125c2051352f74","result":{"pages":3,"data":[{"SECUCODE":"02286.HK","SECURITY_CODE":"02286","SECURITY_NAME_ABBR":"辰兴发展","ORG_CODE":"10467821","STD_REPORT_DATE":"2024-06-30 00:00:00","REPORT_DATE":"2024-06-30 00:00:00","DATE_TYPE_CODE":"002","REPORT_TYPE":"2024年中报","PER_NETCASH_OPERATE":0.081136668154,"PER_OI":1.78253503268,"BPS":2.099056705149,"BASIC_EPS":0.04,"DILUTED_EPS":0.04,"OPERATE_INCOME":1069521000,"OPERATE_INCOME_YOY":345.346130624,"GROSS_PROFIT":256935000,"GROSS_PROFIT_YOY":291.836454584274,"HOLDER_PROFIT":26268000,"HOLDER_PROFIT_YOY":444.640265395,"GROSS_PROFIT_RATIO":24.023371210103,"EPS_TTM":-0.217320003984,"OPERATE_INCOME_QOQ":276.111114810203,"NET_PROFIT_RATIO":8.6448980431,"ROE_AVG":1.982818292231,"GROSS_PROFIT_QOQ":454.446792847135,"ROA":0.235490671009,"HOLDER_PROFIT_QOQ":14.123698439774,"ROE_YEARLY":3.965636584462,"ROIC_YEARLY":0.489065518637,"TOTAL_ASSETS":9104898000,"TOTAL_LIABILITIES":7653086000,"TAX_EBT":42.82560569895,"OCF_SALES":4.551757281998,"TOTAL_PARENT_EQUITY":1259434000,"DEBT_ASSET_RATIO":84.0546044558,"OPERATE_PROFIT":254713000,"PRETAX_PROFIT":161714000,"NETCASH_OPERATE":48682000,"NETCASH_INVEST":36164000,"NETCASH_FINANCE":-100081000,"END_CASH":188782000,"DIVI_RATIO":null,"DIVIDEND_RATE":null,"CURRENT_RATIO":1.165153778157,"COMMON_ACS":1000000000,"CURRENTDEBT_DEBT":94.30888402404,"ISSUED_COMMON_SHARES":599999989,"HK_COMMON_SHARES":599999989,"PER_SHARES":1000,"TOTAL_MARKET_CAP":164999996.975,"HKSK_MARKET_CAP":164999996.975,"PE_TTM":-1.145835035836,"PB_TTM":0.119571329057,"REPORT_DATE_SQ":"2023-06-30 00:00:00","REPORT_TYPE_SQ":"2023年中报","OPERATE_INCOME_SQ":240155000,"DPS_HKD":null,"OPERATE_INCOME_QOQ_SQ":-22.550172258086,"NET_PROFIT_RATIO_SQ":2.2543773813,"HOLDER_PROFIT_SQ":4823000,"HOLDER_PROFIT_QOQ_SQ":-39.582535427039,"ROE_AVG_SQ":0.31406660908,"PE_TTM_SQ":40.004274016992,"PB_TTM_SQ":0.154217037424,"ROA_SQ":0.037975738047,"START_DATE":"2024-01-01 00:00:00","FISCAL_YEAR":"12-31","CURRENCY":"HKD","IS_CNY_CODE":0,"DPS_HKD_LY":null,"ORG_TYPE":"一般企业","PREMIUM_INCOME":null,"PREMIUM_INCOME_YOY":null,"NET_INTEREST_INCOME":null,"NET_INTEREST_INCOME_YOY":null,"FEE_COMMISSION_INCOME":null,"FEE_COMMISSION_INCOME_YOY":null,"ACCOUNTS_RECE_TDAYS":437.16370324954,"INVENTORY_TDAYS":0.148819768939,"CURRENT_ASSETS_TDAYS":0.102280000708,"TOTAL_ASSETS_TDAYS":0.095881764104,"PREMIUM_EXPENSE":null,"LOAN_DEPOSIT":null,"LOAN_EQUITY":null,"LOAN_ASSETS":null,"DEPOSIT_EQUITY":null,"DEPOSIT_ASSETS":null,"EQUITY_MULTIPLIER":6.271402908934,"EQUITY_RATIO":6.076607428416},{"SECUCODE":"02286.HK","SECURITY_CODE":"02286","SECURITY_NAME_ABBR":"辰兴发展","ORG_CODE":"10467821","STD_REPORT_DATE":"2023-12-31 00:00:00","REPORT_DATE":"2023-12-31 00:00:00","DATE_TYPE_CODE":"001","REPORT_TYPE":"2023年年报","PER_NETCASH_OPERATE":0.261288338124,"PER_OI":0.500623342511,"BPS":2.316880042476,"BASIC_EPS":-0.25,"DILUTED_EPS":-0.25,"OPERATE_INCOME":300374000,"OPERATE_INCOME_YOY":-74.8825969161,"GROSS_PROFIT":-42109000,"GROSS_PROFIT_YOY":-111.704747609517,"HOLDER_PROFIT":-151837000,"HOLDER_PROFIT_YOY":-1553.8203753351,"GROSS_PROFIT_RATIO":-14.01885649224,"EPS_TTM":-0.253061671306,"OPERATE_INCOME_QOQ":-67.569452616964,"NET_PROFIT_RATIO":-48.5238402791,"ROE_AVG":-10.40332523812,"GROSS_PROFIT_QOQ":-113.570940545558,"ROA":-1.172700968513,"HOLDER_PROFIT_QOQ":-2506.29160063391,"ROE_YEARLY":-10.40332523812,"ROIC_YEARLY":-1.220420798699,"TOTAL_ASSETS":13204266000,"TOTAL_LIABILITIES":11574061000,"TAX_EBT":20.809653688591,"OCF_SALES":52.192599892135,"TOTAL_PARENT_EQUITY":1390128000,"DEBT_ASSET_RATIO":87.6539521394,"OPERATE_PROFIT":-108781000,"PRETAX_PROFIT":-184054000,"NETCASH_OPERATE":156773000,"NETCASH_INVEST":-38138000,"NETCASH_FINANCE":-238822000,"END_CASH":203689000,"DIVI_RATIO":null,"DIVIDEND_RATE":null,"CURRENT_RATIO":1.092474040076,"COMMON_ACS":1000000000,"CURRENTDEBT_DEBT":98.890294426477,"ISSUED_COMMON_SHARES":599999989,"HK_COMMON_SHARES":599999989,"PER_SHARES":1000,"TOTAL_MARKET_CAP":218999995.985,"HKSK_MARKET_CAP":218999995.985,"PE_TTM":-1.520835593019,"PB_TTM":0.158703764021,"REPORT_DATE_SQ":"2022-12-31 00:00:00","REPORT_TYPE_SQ":"2022年年报","OPERATE_INCOME_SQ":1195880000,"DPS_HKD":null,"OPERATE_INCOME_QOQ_SQ":-19.573508513891,"NET_PROFIT_RATIO_SQ":4.256614376,"HOLDER_PROFIT_SQ":10444000,"HOLDER_PROFIT_QOQ_SQ":-84.470119403429,"ROE_AVG_SQ":0.685007877197,"PE_TTM_SQ":27.909958616506,"PB_TTM_SQ":0.107593281924,"ROA_SQ":0.08256428674,"START_DATE":"2023-01-01 00:00:00","FISCAL_YEAR":"12-31","CURRENCY":"HKD","IS_CNY_CODE":0,"DPS_HKD_LY":null,"ORG_TYPE":"一般企业","PREMIUM_INCOME":null,"PREMIUM_INCOME_YOY":null,"NET_INTEREST_INCOME":null,"NET_INTEREST_INCOME_YOY":null,"FEE_COMMISSION_INCOME":null,"FEE_COMMISSION_INCOME_YOY":null,"ACCOUNTS_RECE_TDAYS":55.919947873034,"INVENTORY_TDAYS":0.041966000706,"CURRENT_ASSETS_TDAYS":0.024484876427,"TOTAL_ASSETS_TDAYS":0.0231991465,"PREMIUM_EXPENSE":null,"LOAN_DEPOSIT":null,"LOAN_EQUITY":null,"LOAN_ASSETS":null,"DEPOSIT_EQUITY":null,"DEPOSIT_ASSETS":null,"EQUITY_MULTIPLIER":8.09975800589,"EQUITY_RATIO":8.325895888724},{"SECUCODE":"02286.HK","SECURITY_CODE":"02286","SECURITY_NAME_ABBR":"辰兴发展","ORG_CODE":"10467821","STD_REPORT_DATE":"2023-06-30 00:00:00","REPORT_DATE":"2023-06-30 00:00:00","DATE_TYPE_CODE":"002","REPORT_TYPE":"2023年中报","PER_NETCASH_OPERATE":-0.110440002025,"PER_OI":0.400258340671,"BPS":2.570736713797,"BASIC_EPS":0.01,"DILUTED_EPS":0.01,"OPERATE_INCOME":240155000,"OPERATE_INCOME_YOY":-52.8948978871,"GROSS_PROFIT":65572000,"GROSS_PROFIT_YOY":-43.002677236536,"HOLDER_PROFIT":4823000,"HOLDER_PROFIT_YOY":-46.1538461538,"GROSS_PROFIT_RATIO":27.304032812142,"EPS_TTM":0.010516666859,"OPERATE_INCOME_QOQ":-22.550172258086,"NET_PROFIT_RATIO":2.2543773813,"ROE_AVG":0.31406660908,"GROSS_PROFIT_QOQ":-13.751389815433,"ROA":0.037975738047,"HOLDER_PROFIT_QOQ":-39.582535427039,"ROE_YEARLY":0.62813321816,"ROIC_YEARLY":0.078890666051,"TOTAL_ASSETS":12709431000,"TOTAL_LIABILITIES":10932405000,"TAX_EBT":79.236816874401,"OCF_SALES":-27.592180050384,"TOTAL_PARENT_EQUITY":1542442000,"DEBT_ASSET_RATIO":86.0180522637,"OPERATE_PROFIT":41552000,"PRETAX_PROFIT":26075000,"NETCASH_OPERATE":-66264000,"NETCASH_INVEST":-265000,"NETCASH_FINANCE":-126791000,"END_CASH":142979000,"DIVI_RATIO":null,"DIVIDEND_RATE":null,"CURRENT_RATIO":1.338749001829,"COMMON_ACS":1000000000,"CURRENTDEBT_DEBT":82.211434720905,"ISSUED_COMMON_SHARES":599999989,"HK_COMMON_SHARES":599999989,"PER_SHARES":1000,"TOTAL_MARKET_CAP":218999995.985,"HKSK_MARKET_CAP":218999995.985,"PE_TTM":-1.520835593019,"PB_TTM":0.158703764021,"REPORT_DATE_SQ":"2022-06-30 00:00:00","REPORT_TYPE_SQ":"2022年中报","OPERATE_INCOME_SQ":509828000,"DPS_HKD":null,"OPERATE_INCOME_QOQ_SQ":-5.206758145501,"NET_PROFIT_RATIO_SQ":7.3832743592,"HOLDER_PROFIT_SQ":8957000,"HOLDER_PROFIT_QOQ_SQ":-14.57261537289,"ROE_AVG_SQ":0.587811234958,"PE_TTM_SQ":27.909958616506,"PB_TTM_SQ":0.107593281924,"ROA_SQ":0.070541689611,"START_DATE":"2023-01-01 00:00:00","FISCAL_YEAR":"12-31","CURRENCY":"HKD","IS_CNY_CODE":0,"DPS_HKD_LY":null,"ORG_TYPE":"一般企业","PREMIUM_INCOME":null,"PREMIUM_INCOME_YOY":null,"NET_INTEREST_INCOME":null,"NET_INTEREST_INCOME_YOY":null,"FEE_COMMISSION_INCOME":null,"FEE_COMMISSION_INCOME_YOY":null,"ACCOUNTS_RECE_TDAYS":43.891985744311,"INVENTORY_TDAYS":0.016445500559,"CURRENT_ASSETS_TDAYS":0.019959953761,"TOTAL_ASSETS_TDAYS":0.018909523887,"PREMIUM_EXPENSE":null,"LOAN_DEPOSIT":null,"LOAN_EQUITY":null,"LOAN_ASSETS":null,"DEPOSIT_EQUITY":null,"DEPOSIT_ASSETS":null,"EQUITY_MULTIPLIER":7.15207937306,"EQUITY_RATIO":7.087725178645},{"SECUCODE":"02286.HK","SECURITY_CODE":"02286","SECURITY_NAME_ABBR":"辰兴发展","ORG_CODE":"10467821","STD_REPORT_DATE":"2022-12-31 00:00:00","REPORT_DATE":"2022-12-31 00:00:00","DATE_TYPE_CODE":"001","REPORT_TYPE":"2022年年报","PER_NETCASH_OPERATE":0.036770000674,"PER_OI":1.993133369874,"BPS":2.548135046716,"BASIC_EPS":0.02,"DILUTED_EPS":0.02,"OPERATE_INCOME":1195880000,"OPERATE_INCOME_YOY":-23.7611214105,"GROSS_PROFIT":359760000,"GROSS_PROFIT_YOY":-21.388849435698,"HOLDER_PROFIT":10444000,"HOLDER_PROFIT_YOY":-86.7332291706,"GROSS_PROFIT_RATIO":30.083285948423,"EPS_TTM":0.017406666986,"OPERATE_INCOME_QOQ":-19.573508513891,"NET_PROFIT_RATIO":4.256614376,"ROE_AVG":0.685007877197,"GROSS_PROFIT_QOQ":-8.753116511232,"ROA":0.08256428674,"HOLDER_PROFIT_QOQ":-84.470119403429,"ROE_YEARLY":0.685007877197,"ROIC_YEARLY":0.085971584268,"TOTAL_ASSETS":12690997000,"TOTAL_LIABILITIES":10928123000,"TAX_EBT":53.975931936747,"OCF_SALES":1.844833929826,"TOTAL_PARENT_EQUITY":1528881000,"DEBT_ASSET_RATIO":86.1092552461,"OPERATE_PROFIT":168725000,"PRETAX_PROFIT":110603000,"NETCASH_OPERATE":22062000,"NETCASH_INVEST":39469000,"NETCASH_FINANCE":28583000,"END_CASH":334775000,"DIVI_RATIO":null,"DIVIDEND_RATE":null,"CURRENT_RATIO":1.37485340349,"COMMON_ACS":1000000000,"CURRENTDEBT_DEBT":79.739777819119,"ISSUED_COMMON_SHARES":599999989,"HK_COMMON_SHARES":599999989,"PER_SHARES":1000,"TOTAL_MARKET_CAP":218999995.985,"HKSK_MARKET_CAP":218999995.985,"PE_TTM":-1.520835593019,"PB_TTM":0.158703764021,"REPORT_DATE_SQ":"2021-12-31 00:00:00","REPORT_TYPE_SQ":"2021年年报","OPERATE_INCOME_SQ":1568596000,"DPS_HKD":null,"OPERATE_INCOME_QOQ_SQ":3.892776764413,"NET_PROFIT_RATIO_SQ":7.2356425746,"HOLDER_PROFIT_SQ":78723000,"HOLDER_PROFIT_QOQ_SQ":-55.335228336539,"ROE_AVG_SQ":5.298946241843,"PE_TTM_SQ":27.909958616506,"PB_TTM_SQ":0.107593281924,"ROA_SQ":0.622521736129,"START_DATE":"2022-01-01 00:00:00","FISCAL_YEAR":"12-31","CURRENCY":"HKD","IS_CNY_CODE":0,"DPS_HKD_LY":null,"ORG_TYPE":"一般企业","PREMIUM_INCOME":null,"PREMIUM_INCOME_YOY":null,"NET_INTEREST_INCOME":null,"NET_INTEREST_INCOME_YOY":null,"FEE_COMMISSION_INCOME":null,"FEE_COMMISSION_INCOME_YOY":null,"ACCOUNTS_RECE_TDAYS":190.852218321098,"INVENTORY_TDAYS":0.078960358429,"CURRENT_ASSETS_TDAYS":0.099618102009,"TOTAL_ASSETS_TDAYS":0.094539428597,"PREMIUM_EXPENSE":null,"LOAN_DEPOSIT":null,"LOAN_EQUITY":null,"LOAN_ASSETS":null,"DEPOSIT_EQUITY":null,"DEPOSIT_ASSETS":null,"EQUITY_MULTIPLIER":7.199038048116,"EQUITY_RATIO":7.14779175096},{"SECUCODE":"02286.HK","SECURITY_CODE":"02286","SECURITY_NAME_ABBR":"辰兴发展","ORG_CODE":"10467821","STD_REPORT_DATE":"2022-06-30 00:00:00","REPORT_DATE":"2022-06-30 00:00:00","DATE_TYPE_CODE":"002","REPORT_TYPE":"2022年中报","PER_NETCASH_OPERATE":0.159081669583,"PER_OI":0.849713348911,"BPS":2.545250046663,"BASIC_EPS":0.01,"DILUTED_EPS":0.01,"OPERATE_INCOME":509828000,"OPERATE_INCOME_YOY":-13.8077534949,"GROSS_PROFIT":115044000,"GROSS_PROFIT_YOY":-36.536902089068,"HOLDER_PROFIT":8957000,"HOLDER_PROFIT_YOY":-56.15546527,"GROSS_PROFIT_RATIO":22.565257302463,"EPS_TTM":0.112085002055,"OPERATE_INCOME_QOQ":-5.206758145501,"NET_PROFIT_RATIO":7.3832743592,"ROE_AVG":0.587811234958,"GROSS_PROFIT_QOQ":-14.382719802651,"ROA":0.070541689611,"HOLDER_PROFIT_QOQ":-14.57261537289,"ROE_YEARLY":1.175622469916,"ROIC_YEARLY":0.146173873962,"TOTAL_ASSETS":12786835000,"TOTAL_LIABILITIES":11037467000,"TAX_EBT":41.347502259341,"OCF_SALES":18.721804216324,"TOTAL_PARENT_EQUITY":1527150000,"DEBT_ASSET_RATIO":86.3189913689,"OPERATE_PROFIT":72977000,"PRETAX_PROFIT":64178000,"NETCASH_OPERATE":95449000,"NETCASH_INVEST":4066000,"NETCASH_FINANCE":-113786000,"END_CASH":228252000,"DIVI_RATIO":null,"DIVIDEND_RATE":null,"CURRENT_RATIO":1.482995635304,"COMMON_ACS":1000000000,"CURRENTDEBT_DEBT":74.297581138861,"ISSUED_COMMON_SHARES":599999989,"HK_COMMON_SHARES":599999989,"PER_SHARES":1000,"TOTAL_MARKET_CAP":218999995.985,"HKSK_MARKET_CAP":218999995.985,"PE_TTM":-1.520835593019,"PB_TTM":0.158703764021,"REPORT_DATE_SQ":"2021-06-30 00:00:00","REPORT_TYPE_SQ":"2021年中报","OPERATE_INCOME_SQ":591501000,"DPS_HKD":null,"OPERATE_INCOME_QOQ_SQ":25.036811533231,"NET_PROFIT_RATIO_SQ":5.2148686139,"HOLDER_PROFIT_SQ":20429000,"HOLDER_PROFIT_QOQ_SQ":-14.745716800975,"ROE_AVG_SQ":1.399992598796,"PE_TTM_SQ":27.909958616506,"PB_TTM_SQ":0.107593281924,"ROA_SQ":0.161252421963,"START_DATE":"2022-01-01 00:00:00","FISCAL_YEAR":"12-31","CURRENCY":"HKD","IS_CNY_CODE":0,"DPS_HKD_LY":null,"ORG_TYPE":"一般企业","PREMIUM_INCOME":null,"PREMIUM_INCOME_YOY":null,"NET_INTEREST_INCOME":null,"NET_INTEREST_INCOME_YOY":null,"FEE_COMMISSION_INCOME":null,"FEE_COMMISSION_INCOME_YOY":null,"ACCOUNTS_RECE_TDAYS":116.094273027439,"INVENTORY_TDAYS":0.037181142652,"CURRENT_ASSETS_TDAYS":0.042240537786,"TOTAL_ASSETS_TDAYS":0.04015198005,"PREMIUM_EXPENSE":null,"LOAN_DEPOSIT":null,"LOAN_EQUITY":null,"LOAN_ASSETS":null,"DEPOSIT_EQUITY":null,"DEPOSIT_ASSETS":null,"EQUITY_MULTIPLIER":7.309402595703,"EQUITY_RATIO":7.22749369741},{"SECUCODE":"02286.HK","SECURITY_CODE":"02286","SECURITY_NAME_ABBR":"辰兴发展","ORG_CODE":"10467821","STD_REPORT_DATE":"2021-12-31 00:00:00","REPORT_DATE":"2021-12-31 00:00:00","DATE_TYPE_CODE":"001","REPORT_TYPE":"2021年年报","PER_NETCASH_OPERATE":-0.846693348856,"PER_OI":2.614326714596,"BPS":2.534045046457,"BASIC_EPS":0.13,"DILUTED_EPS":0.13,"OPERATE_INCOME":1568596000,"OPERATE_INCOME_YOY":29.9042154796,"GROSS_PROFIT":457645000,"GROSS_PROFIT_YOY":-1.342608860615,"HOLDER_PROFIT":78723000,"HOLDER_PROFIT_YOY":-61.9213690758,"GROSS_PROFIT_RATIO":29.357718622258,"EPS_TTM":0.131205002405,"OPERATE_INCOME_QOQ":3.892776764413,"NET_PROFIT_RATIO":7.2356425746,"ROE_AVG":5.298946241843,"GROSS_PROFIT_QOQ":-13.270039531945,"ROA":0.622521736129,"HOLDER_PROFIT_QOQ":-55.335228336539,"ROE_YEARLY":5.298946241843,"ROIC_YEARLY":0.651548805411,"TOTAL_ASSETS":12608077000,"TOTAL_LIABILITIES":10894117000,"TAX_EBT":60.341869590588,"OCF_SALES":-32.386669352721,"TOTAL_PARENT_EQUITY":1520427000,"DEBT_ASSET_RATIO":86.4058571343,"OPERATE_PROFIT":317135000,"PRETAX_PROFIT":286191000,"NETCASH_OPERATE":-500468000,"NETCASH_INVEST":-21299000,"NETCASH_FINANCE":226627000,"END_CASH":240373000,"DIVI_RATIO":null,"DIVIDEND_RATE":null,"CURRENT_RATIO":1.184547288772,"COMMON_ACS":1000000000,"CURRENTDEBT_DEBT":92.818591906072,"ISSUED_COMMON_SHARES":599999989,"HK_COMMON_SHARES":599999989,"PER_SHARES":1000,"TOTAL_MARKET_CAP":218999995.985,"HKSK_MARKET_CAP":218999995.985,"PE_TTM":-1.520835593019,"PB_TTM":0.158703764021,"REPORT_DATE_SQ":"2020-12-31 00:00:00","REPORT_TYPE_SQ":"2020年年报","OPERATE_INCOME_SQ":1207502000,"DPS_HKD":null,"OPERATE_INCOME_QOQ_SQ":22.959787379204,"NET_PROFIT_RATIO_SQ":19.5528454611,"HOLDER_PROFIT_SQ":206738000,"HOLDER_PROFIT_QOQ_SQ":164.431710623929,"ROE_AVG_SQ":15.330931904094,"PE_TTM_SQ":27.909958616506,"PB_TTM_SQ":0.107593281924,"ROA_SQ":1.645705031704,"START_DATE":"2021-01-01 00:00:00","FISCAL_YEAR":"12-31","CURRENCY":"HKD","IS_CNY_CODE":0,"DPS_HKD_LY":null,"ORG_TYPE":"一般企业","PREMIUM_INCOME":null,"PREMIUM_INCOME_YOY":null,"NET_INTEREST_INCOME":null,"NET_INTEREST_INCOME_YOY":null,"FEE_COMMISSION_INCOME":null,"FEE_COMMISSION_INCOME_YOY":null,"ACCOUNTS_RECE_TDAYS":379.254352030948,"INVENTORY_TDAYS":0.113461696187,"CURRENT_ASSETS_TDAYS":0.131269173457,"TOTAL_ASSETS_TDAYS":0.124040636816,"PREMIUM_EXPENSE":null,"LOAN_DEPOSIT":null,"LOAN_EQUITY":null,"LOAN_ASSETS":null,"DEPOSIT_EQUITY":null,"DEPOSIT_ASSETS":null,"EQUITY_MULTIPLIER":7.356109244101,"EQUITY_RATIO":7.165169389915},{"SECUCODE":"02286.HK","SECURITY_CODE":"02286","SECURITY_NAME_ABBR":"辰兴发展","ORG_CODE":"10467821","STD_REPORT_DATE":"2021-06-30 00:00:00","REPORT_DATE":"2021-06-30 00:00:00","DATE_TYPE_CODE":"002","REPORT_TYPE":"2021年中报","PER_NETCASH_OPERATE":-0.655843345357,"PER_OI":0.985835018074,"BPS":2.44600171151,"BASIC_EPS":0.03,"DILUTED_EPS":0.03,"OPERATE_INCOME":591501000,"OPERATE_INCOME_YOY":104.5435211857,"GROSS_PROFIT":181277000,"GROSS_PROFIT_YOY":58.754499198683,"HOLDER_PROFIT":20429000,"HOLDER_PROFIT_YOY":-59.8754762934,"GROSS_PROFIT_RATIO":30.646947342439,"EPS_TTM":0.293755005386,"OPERATE_INCOME_QOQ":25.036811533231,"NET_PROFIT_RATIO":5.2148686139,"ROE_AVG":1.399992598796,"GROSS_PROFIT_QOQ":14.463010349816,"ROA":0.161252421963,"HOLDER_PROFIT_QOQ":-14.745716800975,"ROE_YEARLY":2.799985197592,"ROIC_YEARLY":0.337458816508,"TOTAL_ASSETS":12654344000,"TOTAL_LIABILITIES":11017568000,"TAX_EBT":67.144911327688,"OCF_SALES":-66.526683809495,"TOTAL_PARENT_EQUITY":1467601000,"DEBT_ASSET_RATIO":87.0655009853,"OPERATE_PROFIT":137457000,"PRETAX_PROFIT":93885000,"NETCASH_OPERATE":-393506000,"NETCASH_INVEST":20835000,"NETCASH_FINANCE":99919000,"END_CASH":260777000,"DIVI_RATIO":null,"DIVIDEND_RATE":null,"CURRENT_RATIO":1.333393028929,"COMMON_ACS":1000000000,"CURRENTDEBT_DEBT":80.989270953445,"ISSUED_COMMON_SHARES":599999989,"HK_COMMON_SHARES":599999989,"PER_SHARES":1000,"TOTAL_MARKET_CAP":218999995.985,"HKSK_MARKET_CAP":218999995.985,"PE_TTM":-1.520835593019,"PB_TTM":0.158703764021,"REPORT_DATE_SQ":"2020-06-30 00:00:00","REPORT_TYPE_SQ":"2020年中报","OPERATE_INCOME_SQ":289181000,"DPS_HKD":null,"OPERATE_INCOME_QOQ_SQ":-24.868638893904,"NET_PROFIT_RATIO_SQ":17.2628907155,"HOLDER_PROFIT_SQ":50914000,"HOLDER_PROFIT_QOQ_SQ":-26.262873957822,"ROE_AVG_SQ":4.003603038284,"PE_TTM_SQ":27.909958616506,"PB_TTM_SQ":0.107593281924,"ROA_SQ":0.398540225291,"START_DATE":"2021-01-01 00:00:00","FISCAL_YEAR":"12-31","CURRENCY":"HKD","IS_CNY_CODE":0,"DPS_HKD_LY":null,"ORG_TYPE":"一般企业","PREMIUM_INCOME":null,"PREMIUM_INCOME_YOY":null,"NET_INTEREST_INCOME":null,"NET_INTEREST_INCOME_YOY":null,"FEE_COMMISSION_INCOME":null,"FEE_COMMISSION_INCOME_YOY":null,"ACCOUNTS_RECE_TDAYS":135.30847535171,"INVENTORY_TDAYS":0.043695914889,"CURRENT_ASSETS_TDAYS":0.049666339743,"TOTAL_ASSETS_TDAYS":0.046689005259,"PREMIUM_EXPENSE":null,"LOAN_DEPOSIT":null,"LOAN_EQUITY":null,"LOAN_ASSETS":null,"DEPOSIT_EQUITY":null,"DEPOSIT_ASSETS":null,"EQUITY_MULTIPLIER":7.731261944228,"EQUITY_RATIO":7.507195756885},{"SECUCODE":"02286.HK","SECURITY_CODE":"02286","SECURITY_NAME_ABBR":"辰兴发展","ORG_CODE":"10467821","STD_REPORT_DATE":"2020-12-31 00:00:00","REPORT_DATE":"2020-12-31 00:00:00","DATE_TYPE_CODE":"001","REPORT_TYPE":"2020年年报","PER_NETCASH_OPERATE":-0.677151679081,"PER_OI":2.012503370229,"BPS":2.418071710998,"BASIC_EPS":0.34,"DILUTED_EPS":0.34,"OPERATE_INCOME":1207502000,"OPERATE_INCOME_YOY":-7.6186381288,"GROSS_PROFIT":463873000,"GROSS_PROFIT_YOY":31.958296589196,"HOLDER_PROFIT":206738000,"HOLDER_PROFIT_YOY":94.9843437583,"GROSS_PROFIT_RATIO":38.415919808,"EPS_TTM":0.34456333965,"OPERATE_INCOME_QOQ":22.959787379204,"NET_PROFIT_RATIO":19.5528454611,"ROE_AVG":15.330931904094,"GROSS_PROFIT_QOQ":68.701948604555,"ROA":1.645705031704,"HOLDER_PROFIT_QOQ":164.431710623929,"ROE_YEARLY":15.330931904094,"ROIC_YEARLY":1.782529857168,"TOTAL_ASSETS":12683570000,"TOTAL_LIABILITIES":11073969000,"TAX_EBT":42.894218094305,"OCF_SALES":-33.647232054274,"TOTAL_PARENT_EQUITY":1450843000,"DEBT_ASSET_RATIO":87.3095587441,"OPERATE_PROFIT":438091000,"PRETAX_PROFIT":413445000,"NETCASH_OPERATE":-406291000,"NETCASH_INVEST":130666000,"NETCASH_FINANCE":-294257000,"END_CASH":534101000,"DIVI_RATIO":null,"DIVIDEND_RATE":null,"CURRENT_RATIO":1.152527082706,"COMMON_ACS":1000000000,"CURRENTDEBT_DEBT":93.402907304508,"ISSUED_COMMON_SHARES":599999989,"HK_COMMON_SHARES":599999989,"PER_SHARES":1000,"TOTAL_MARKET_CAP":218999995.985,"HKSK_MARKET_CAP":218999995.985,"PE_TTM":-1.520835593019,"PB_TTM":0.158703764021,"REPORT_DATE_SQ":"2019-12-31 00:00:00","REPORT_TYPE_SQ":"2019年年报","OPERATE_INCOME_SQ":1307084000,"DPS_HKD":null,"OPERATE_INCOME_QOQ_SQ":4.380255112267,"NET_PROFIT_RATIO_SQ":8.7976748243,"HOLDER_PROFIT_SQ":106028000,"HOLDER_PROFIT_QOQ_SQ":-26.756009947499,"ROE_AVG_SQ":9.120174304157,"PE_TTM_SQ":27.909958616506,"PB_TTM_SQ":0.107593281924,"ROA_SQ":0.989081326864,"START_DATE":"2020-01-01 00:00:00","FISCAL_YEAR":"12-31","CURRENCY":"HKD","IS_CNY_CODE":0,"DPS_HKD_LY":null,"ORG_TYPE":"一般企业","PREMIUM_INCOME":null,"PREMIUM_INCOME_YOY":null,"NET_INTEREST_INCOME":null,"NET_INTEREST_INCOME_YOY":null,"FEE_COMMISSION_INCOME":null,"FEE_COMMISSION_INCOME_YOY":null,"ACCOUNTS_RECE_TDAYS":241.548709741948,"INVENTORY_TDAYS":0.085872885025,"CURRENT_ASSETS_TDAYS":0.10407937015,"TOTAL_ASSETS_TDAYS":0.096121279938,"PREMIUM_EXPENSE":null,"LOAN_DEPOSIT":null,"LOAN_EQUITY":null,"LOAN_ASSETS":null,"DEPOSIT_EQUITY":null,"DEPOSIT_ASSETS":null,"EQUITY_MULTIPLIER":7.879946645158,"EQUITY_RATIO":7.632782458198},{"SECUCODE":"02286.HK","SECURITY_CODE":"02286","SECURITY_NAME_ABBR":"辰兴发展","ORG_CODE":"10467821","STD_REPORT_DATE":"2020-06-30 00:00:00","REPORT_DATE":"2020-06-30 00:00:00","DATE_TYPE_CODE":"002","REPORT_TYPE":"2020年中报","PER_NETCASH_OPERATE":0.002156666706,"PER_OI":0.481968342169,"BPS":2.162078372971,"BASIC_EPS":0.08,"DILUTED_EPS":0.08,"OPERATE_INCOME":289181000,"OPERATE_INCOME_YOY":-52.9201364299,"GROSS_PROFIT":114187000,"GROSS_PROFIT_YOY":-40.138190625475,"HOLDER_PROFIT":50914000,"HOLDER_PROFIT_YOY":-35.3555104114,"GROSS_PROFIT_RATIO":39.486342463717,"EPS_TTM":0.130303335722,"OPERATE_INCOME_QOQ":-24.868638893904,"NET_PROFIT_RATIO":17.2628907155,"ROE_AVG":4.003603038284,"GROSS_PROFIT_QOQ":-21.780217904589,"ROA":0.398540225291,"HOLDER_PROFIT_QOQ":-26.262873957822,"ROE_YEARLY":8.007206076569,"ROIC_YEARLY":0.87808881763,"TOTAL_ASSETS":13109263000,"TOTAL_LIABILITIES":11684586000,"TAX_EBT":33.694165150288,"OCF_SALES":0.447470615289,"TOTAL_PARENT_EQUITY":1297247000,"DEBT_ASSET_RATIO":89.1322876046,"OPERATE_PROFIT":77737000,"PRETAX_PROFIT":75289000,"NETCASH_OPERATE":1294000,"NETCASH_INVEST":976000,"NETCASH_FINANCE":-116566000,"END_CASH":994045000,"DIVI_RATIO":null,"DIVIDEND_RATE":null,"CURRENT_RATIO":1.256317888099,"COMMON_ACS":1000000000,"CURRENTDEBT_DEBT":81.687472709773,"ISSUED_COMMON_SHARES":599999989,"HK_COMMON_SHARES":599999989,"PER_SHARES":1000,"TOTAL_MARKET_CAP":218999995.985,"HKSK_MARKET_CAP":218999995.985,"PE_TTM":-1.520835593019,"PB_TTM":0.158703764021,"REPORT_DATE_SQ":"2019-06-30 00:00:00","REPORT_TYPE_SQ":"2019年中报","OPERATE_INCOME_SQ":614235000,"DPS_HKD":null,"OPERATE_INCOME_QOQ_SQ":17.614798673792,"NET_PROFIT_RATIO_SQ":13.3948732977,"HOLDER_PROFIT_SQ":78760000,"HOLDER_PROFIT_QOQ_SQ":15.910928904868,"ROE_AVG_SQ":6.650094904859,"PE_TTM_SQ":27.909958616506,"PB_TTM_SQ":0.107593281924,"ROA_SQ":0.824876714917,"START_DATE":"2020-01-01 00:00:00","FISCAL_YEAR":"12-31","CURRENCY":"HKD","IS_CNY_CODE":0,"DPS_HKD_LY":null,"ORG_TYPE":"一般企业","PREMIUM_INCOME":null,"PREMIUM_INCOME_YOY":null,"NET_INTEREST_INCOME":null,"NET_INTEREST_INCOME_YOY":null,"FEE_COMMISSION_INCOME":null,"FEE_COMMISSION_INCOME_YOY":null,"ACCOUNTS_RECE_TDAYS":69.715766634523,"INVENTORY_TDAYS":0.019929210157,"CURRENT_ASSETS_TDAYS":0.024850365961,"TOTAL_ASSETS_TDAYS":0.022636261321,"PREMIUM_EXPENSE":null,"LOAN_DEPOSIT":null,"LOAN_EQUITY":null,"LOAN_ASSETS":null,"DEPOSIT_EQUITY":null,"DEPOSIT_ASSETS":null,"EQUITY_MULTIPLIER":9.201568495899,"EQUITY_RATIO":9.007217592332}],"count":25},"success":true,"message":"ok","code":0}