{"version":"09bef90256325824b72227ee3a7e06a8","result":{"pages":3,"data":[{"SECUCODE":"02298.HK","SECURITY_CODE":"02298","SECURITY_NAME_ABBR":"都市丽人","ORG_CODE":"10400315","STD_REPORT_DATE":"2024-06-30 00:00:00","REPORT_DATE":"2024-06-30 00:00:00","DATE_TYPE_CODE":"002","REPORT_TYPE":"2024年中报","PER_NETCASH_OPERATE":0.030369548532,"PER_OI":0.673251303136,"BPS":0.892083204963,"BASIC_EPS":0.038,"DILUTED_EPS":0.037,"OPERATE_INCOME":1514450000,"OPERATE_INCOME_YOY":10.7352787411,"GROSS_PROFIT":718899000,"GROSS_PROFIT_YOY":11.005957178725,"HOLDER_PROFIT":82398000,"HOLDER_PROFIT_YOY":215.3507596923,"GROSS_PROFIT_RATIO":47.469312291591,"EPS_TTM":0.043900368244,"OPERATE_INCOME_QOQ":5.325160922004,"NET_PROFIT_RATIO":5.1072006339,"ROE_AVG":4.187132791229,"GROSS_PROFIT_QOQ":5.446567822481,"ROA":2.153061569779,"HOLDER_PROFIT_QOQ":132.450627309747,"ROE_YEARLY":8.374265582458,"ROIC_YEARLY":5.007315932995,"TOTAL_ASSETS":3838514000,"TOTAL_LIABILITIES":1837690000,"TAX_EBT":32.924005515519,"OCF_SALES":4.510878536763,"TOTAL_PARENT_EQUITY":2006703000,"DEBT_ASSET_RATIO":47.8750370586,"OPERATE_PROFIT":123833000,"PRETAX_PROFIT":115311000,"NETCASH_OPERATE":68315000,"NETCASH_INVEST":-24986000,"NETCASH_FINANCE":29138000,"END_CASH":572174000,"DIVI_RATIO":0.22868783114,"DIVIDEND_RATE":4.313725490196,"CURRENT_RATIO":1.616593627662,"COMMON_ACS":5000000000,"CURRENTDEBT_DEBT":82.636081167117,"ISSUED_COMMON_SHARES":2249457213,"HK_COMMON_SHARES":2249457213,"PER_SHARES":1000,"TOTAL_MARKET_CAP":573611589.315,"HKSK_MARKET_CAP":573611589.315,"PE_TTM":5.271166341602,"PB_TTM":0.260887548051,"REPORT_DATE_SQ":"2023-06-30 00:00:00","REPORT_TYPE_SQ":"2023年中报","OPERATE_INCOME_SQ":1367631000,"DPS_HKD":0.011,"OPERATE_INCOME_QOQ_SQ":-8.333732168734,"NET_PROFIT_RATIO_SQ":1.7955866751,"HOLDER_PROFIT_SQ":26129000,"HOLDER_PROFIT_QOQ_SQ":48.467781007752,"ROE_AVG_SQ":1.36206942389,"PE_TTM_SQ":9.675493028806,"PB_TTM_SQ":0.246605264263,"ROA_SQ":0.7529056629,"START_DATE":"2024-01-01 00:00:00","FISCAL_YEAR":"12-31","CURRENCY":"HKD","IS_CNY_CODE":0,"DPS_HKD_LY":0.011,"ORG_TYPE":"一般企业","PREMIUM_INCOME":null,"PREMIUM_INCOME_YOY":null,"NET_INTEREST_INCOME":null,"NET_INTEREST_INCOME_YOY":null,"FEE_COMMISSION_INCOME":null,"FEE_COMMISSION_INCOME_YOY":null,"ACCOUNTS_RECE_TDAYS":4.649724062234,"INVENTORY_TDAYS":1.241846369022,"CURRENT_ASSETS_TDAYS":0.658247885779,"TOTAL_ASSETS_TDAYS":0.395726121308,"PREMIUM_EXPENSE":null,"LOAN_DEPOSIT":null,"LOAN_EQUITY":null,"LOAN_ASSETS":null,"DEPOSIT_EQUITY":null,"DEPOSIT_ASSETS":null,"EQUITY_MULTIPLIER":1.918466591764,"EQUITY_RATIO":0.915775777482},{"SECUCODE":"02298.HK","SECURITY_CODE":"02298","SECURITY_NAME_ABBR":"都市丽人","ORG_CODE":"10400315","STD_REPORT_DATE":"2023-12-31 00:00:00","REPORT_DATE":"2023-12-31 00:00:00","DATE_TYPE_CODE":"001","REPORT_TYPE":"2023年年报","PER_NETCASH_OPERATE":0.170405997404,"PER_OI":1.225665011126,"BPS":0.857570879255,"BASIC_EPS":0.0194,"DILUTED_EPS":0.0194,"OPERATE_INCOME":2757081000,"OPERATE_INCOME_YOY":-8.3648745663,"GROSS_PROFIT":1308659000,"GROSS_PROFIT_YOY":-6.306989358168,"HOLDER_PROFIT":42483000,"HOLDER_PROFIT_YOY":28.6428052326,"GROSS_PROFIT_RATIO":47.465380959065,"EPS_TTM":0.01888588934,"OPERATE_INCOME_QOQ":-0.033973672398,"NET_PROFIT_RATIO":1.4756911386,"ROE_AVG":2.217607173515,"GROSS_PROFIT_QOQ":1.435425612724,"ROA":1.164351648834,"HOLDER_PROFIT_QOQ":-13.353049153579,"ROE_YEARLY":2.217607173515,"ROIC_YEARLY":1.399198152715,"TOTAL_ASSETS":3815517000,"TOTAL_LIABILITIES":1887078000,"TAX_EBT":15.241031623682,"OCF_SALES":13.903146117216,"TOTAL_PARENT_EQUITY":1929069000,"DEBT_ASSET_RATIO":49.4579895726,"OPERATE_PROFIT":66605000,"PRETAX_PROFIT":48002000,"NETCASH_OPERATE":383321000,"NETCASH_INVEST":-225742000,"NETCASH_FINANCE":-204404000,"END_CASH":506157000,"DIVI_RATIO":0.531586298067,"DIVIDEND_RATE":4,"CURRENT_RATIO":1.448896607912,"COMMON_ACS":5000000000,"CURRENTDEBT_DEBT":78.506399841448,"ISSUED_COMMON_SHARES":2249457213,"HK_COMMON_SHARES":2249457213,"PER_SHARES":1000,"TOTAL_MARKET_CAP":618600733.575,"HKSK_MARKET_CAP":618600733.575,"PE_TTM":5.684591152708,"PB_TTM":0.281349316525,"REPORT_DATE_SQ":"2022-12-31 00:00:00","REPORT_TYPE_SQ":"2022年年报","OPERATE_INCOME_SQ":3008760000,"DPS_HKD":0.011,"OPERATE_INCOME_QOQ_SQ":-4.379051462412,"NET_PROFIT_RATIO_SQ":0.7984684721,"HOLDER_PROFIT_SQ":33024000,"HOLDER_PROFIT_QOQ_SQ":106.61832786215,"ROE_AVG_SQ":1.749969132842,"PE_TTM_SQ":10.348570804723,"PB_TTM_SQ":0.263760413082,"ROA_SQ":0.877447728172,"START_DATE":"2023-01-01 00:00:00","FISCAL_YEAR":"12-31","CURRENCY":"HKD","IS_CNY_CODE":0,"DPS_HKD_LY":null,"ORG_TYPE":"一般企业","PREMIUM_INCOME":null,"PREMIUM_INCOME_YOY":null,"NET_INTEREST_INCOME":null,"NET_INTEREST_INCOME_YOY":null,"FEE_COMMISSION_INCOME":null,"FEE_COMMISSION_INCOME_YOY":null,"ACCOUNTS_RECE_TDAYS":8.925206249727,"INVENTORY_TDAYS":2.195548488461,"CURRENT_ASSETS_TDAYS":1.260783048111,"TOTAL_ASSETS_TDAYS":0.755646213384,"PREMIUM_EXPENSE":null,"LOAN_DEPOSIT":null,"LOAN_EQUITY":null,"LOAN_ASSETS":null,"DEPOSIT_EQUITY":null,"DEPOSIT_ASSETS":null,"EQUITY_MULTIPLIER":1.978552082799,"EQUITY_RATIO":0.978232504903},{"SECUCODE":"02298.HK","SECURITY_CODE":"02298","SECURITY_NAME_ABBR":"都市丽人","ORG_CODE":"10400315","STD_REPORT_DATE":"2023-06-30 00:00:00","REPORT_DATE":"2023-06-30 00:00:00","DATE_TYPE_CODE":"002","REPORT_TYPE":"2023年中报","PER_NETCASH_OPERATE":0.094501908626,"PER_OI":0.607982668928,"BPS":0.85989810734,"BASIC_EPS":0.012,"DILUTED_EPS":0.012,"OPERATE_INCOME":1367631000,"OPERATE_INCOME_YOY":-15.4934616433,"GROSS_PROFIT":647622000,"GROSS_PROFIT_YOY":-14.135135780143,"HOLDER_PROFIT":26129000,"HOLDER_PROFIT_YOY":158.1151832461,"GROSS_PROFIT_RATIO":47.353562474088,"EPS_TTM":0.021796369238,"OPERATE_INCOME_QOQ":-8.333732168734,"NET_PROFIT_RATIO":1.7955866751,"ROE_AVG":1.36206942389,"GROSS_PROFIT_QOQ":-7.632851071629,"ROA":0.7529056629,"HOLDER_PROFIT_QOQ":48.467781007752,"ROE_YEARLY":2.72413884778,"ROIC_YEARLY":1.823054074321,"TOTAL_ASSETS":3459080000,"TOTAL_LIABILITIES":1519825000,"TAX_EBT":25.602884149297,"OCF_SALES":15.543520145419,"TOTAL_PARENT_EQUITY":1934304000,"DEBT_ASSET_RATIO":43.9372607745,"OPERATE_PROFIT":36144000,"PRETAX_PROFIT":33008000,"NETCASH_OPERATE":212578000,"NETCASH_INVEST":-256662000,"NETCASH_FINANCE":-23414000,"END_CASH":483600000,"DIVI_RATIO":0.460603318392,"DIVIDEND_RATE":4,"CURRENT_RATIO":1.775819665136,"COMMON_ACS":5000000000,"CURRENTDEBT_DEBT":77.102297961936,"ISSUED_COMMON_SHARES":2249457213,"HK_COMMON_SHARES":2249457213,"PER_SHARES":1000,"TOTAL_MARKET_CAP":618600733.575,"HKSK_MARKET_CAP":618600733.575,"PE_TTM":5.684591152708,"PB_TTM":0.281349316525,"REPORT_DATE_SQ":"2022-06-30 00:00:00","REPORT_TYPE_SQ":"2022年中报","OPERATE_INCOME_SQ":1618373000,"DPS_HKD":0.011,"OPERATE_INCOME_QOQ_SQ":-6.224408811699,"NET_PROFIT_RATIO_SQ":0.114435918,"HOLDER_PROFIT_SQ":10123000,"HOLDER_PROFIT_QOQ_SQ":-1.010145995449,"ROE_AVG_SQ":0.537186058846,"PE_TTM_SQ":10.348570804723,"PB_TTM_SQ":0.263760413082,"ROA_SQ":0.263535686723,"START_DATE":"2023-01-01 00:00:00","FISCAL_YEAR":"12-31","CURRENCY":"HKD","IS_CNY_CODE":0,"DPS_HKD_LY":null,"ORG_TYPE":"一般企业","PREMIUM_INCOME":null,"PREMIUM_INCOME_YOY":null,"NET_INTEREST_INCOME":null,"NET_INTEREST_INCOME_YOY":null,"FEE_COMMISSION_INCOME":null,"FEE_COMMISSION_INCOME_YOY":null,"ACCOUNTS_RECE_TDAYS":4.457735426557,"INVENTORY_TDAYS":1.149708544543,"CURRENT_ASSETS_TDAYS":0.634921025479,"TOTAL_ASSETS_TDAYS":0.394082102131,"PREMIUM_EXPENSE":null,"LOAN_DEPOSIT":null,"LOAN_EQUITY":null,"LOAN_ASSETS":null,"DEPOSIT_EQUITY":null,"DEPOSIT_ASSETS":null,"EQUITY_MULTIPLIER":1.783715911521,"EQUITY_RATIO":0.785721892732},{"SECUCODE":"02298.HK","SECURITY_CODE":"02298","SECURITY_NAME_ABBR":"都市丽人","ORG_CODE":"10400315","STD_REPORT_DATE":"2022-12-31 00:00:00","REPORT_DATE":"2022-12-31 00:00:00","DATE_TYPE_CODE":"001","REPORT_TYPE":"2022年年报","PER_NETCASH_OPERATE":0.102481611416,"PER_OI":1.337549335285,"BPS":0.845696459131,"BASIC_EPS":0.0151,"DILUTED_EPS":0.0151,"OPERATE_INCOME":3008760000,"OPERATE_INCOME_YOY":-10.330890209,"GROSS_PROFIT":1396752000,"GROSS_PROFIT_YOY":-1.123512784373,"HOLDER_PROFIT":33024000,"HOLDER_PROFIT_YOY":106.685182636,"GROSS_PROFIT_RATIO":46.422845291748,"EPS_TTM":0.014680874928,"OPERATE_INCOME_QOQ":-4.379051462412,"NET_PROFIT_RATIO":0.7984684721,"ROE_AVG":1.749969132842,"GROSS_PROFIT_QOQ":9.405104963738,"ROA":0.877447728172,"HOLDER_PROFIT_QOQ":106.61832786215,"ROE_YEARLY":1.749969132842,"ROIC_YEARLY":1.095296863459,"TOTAL_ASSETS":3481763000,"TOTAL_LIABILITIES":1569588000,"TAX_EBT":15.345854328905,"OCF_SALES":7.661893936372,"TOTAL_PARENT_EQUITY":1902358000,"DEBT_ASSET_RATIO":45.0802653713,"OPERATE_PROFIT":81529000,"PRETAX_PROFIT":28379000,"NETCASH_OPERATE":230528000,"NETCASH_INVEST":35806000,"NETCASH_FINANCE":-216202000,"END_CASH":554083000,"DIVI_RATIO":0.683847526065,"DIVIDEND_RATE":4,"CURRENT_RATIO":1.732750639153,"COMMON_ACS":5000000000,"CURRENTDEBT_DEBT":81.887348781973,"ISSUED_COMMON_SHARES":2249457213,"HK_COMMON_SHARES":2249457213,"PER_SHARES":1000,"TOTAL_MARKET_CAP":618600733.575,"HKSK_MARKET_CAP":618600733.575,"PE_TTM":5.684591152708,"PB_TTM":0.281349316525,"REPORT_DATE_SQ":"2021-12-31 00:00:00","REPORT_TYPE_SQ":"2021年年报","OPERATE_INCOME_SQ":3355403000,"DPS_HKD":0.011,"OPERATE_INCOME_QOQ_SQ":-5.538628371662,"NET_PROFIT_RATIO_SQ":-14.7838277548,"HOLDER_PROFIT_SQ":-493988000,"HOLDER_PROFIT_QOQ_SQ":-1841.41784467868,"ROE_AVG_SQ":-23.20576118155,"PE_TTM_SQ":10.348570804723,"PB_TTM_SQ":0.263760413082,"ROA_SQ":-11.567540505523,"START_DATE":"2022-01-01 00:00:00","FISCAL_YEAR":"12-31","CURRENCY":"HKD","IS_CNY_CODE":0,"DPS_HKD_LY":null,"ORG_TYPE":"一般企业","PREMIUM_INCOME":null,"PREMIUM_INCOME_YOY":null,"NET_INTEREST_INCOME":null,"NET_INTEREST_INCOME_YOY":null,"FEE_COMMISSION_INCOME":null,"FEE_COMMISSION_INCOME_YOY":null,"ACCOUNTS_RECE_TDAYS":10.416466877736,"INVENTORY_TDAYS":1.93391606462,"CURRENT_ASSETS_TDAYS":1.243279238039,"TOTAL_ASSETS_TDAYS":0.799427575889,"PREMIUM_EXPENSE":null,"LOAN_DEPOSIT":null,"LOAN_EQUITY":null,"LOAN_ASSETS":null,"DEPOSIT_EQUITY":null,"DEPOSIT_ASSETS":null,"EQUITY_MULTIPLIER":1.82083909684,"EQUITY_RATIO":0.825074985886},{"SECUCODE":"02298.HK","SECURITY_CODE":"02298","SECURITY_NAME_ABBR":"都市丽人","ORG_CODE":"10400315","STD_REPORT_DATE":"2022-06-30 00:00:00","REPORT_DATE":"2022-06-30 00:00:00","DATE_TYPE_CODE":"002","REPORT_TYPE":"2022年中报","PER_NETCASH_OPERATE":0.028987437335,"PER_OI":0.719450448156,"BPS":0.843322997671,"BASIC_EPS":0.0046,"DILUTED_EPS":0.0046,"OPERATE_INCOME":1618373000,"OPERATE_INCOME_YOY":-11.4301069325,"GROSS_PROFIT":754234000,"GROSS_PROFIT_YOY":-15.271552431087,"HOLDER_PROFIT":10123000,"HOLDER_PROFIT_YOY":-33.0179315821,"GROSS_PROFIT_RATIO":46.604460158443,"EPS_TTM":-0.221821511926,"OPERATE_INCOME_QOQ":-6.224408811699,"NET_PROFIT_RATIO":0.114435918,"ROE_AVG":0.537186058846,"GROSS_PROFIT_QOQ":-9.623515969937,"ROA":0.263535686723,"HOLDER_PROFIT_QOQ":-1.010145995449,"ROE_YEARLY":1.074372117693,"ROIC_YEARLY":0.637657743206,"TOTAL_ASSETS":3636928000,"TOTAL_LIABILITIES":1740069000,"TAX_EBT":94.133857020684,"OCF_SALES":4.029108246368,"TOTAL_PARENT_EQUITY":1897019000,"DEBT_ASSET_RATIO":47.8444720379,"OPERATE_PROFIT":46803000,"PRETAX_PROFIT":31571000,"NETCASH_OPERATE":65206000,"NETCASH_INVEST":37110000,"NETCASH_FINANCE":-66401000,"END_CASH":554631000,"DIVI_RATIO":-0.045259271352,"DIVIDEND_RATE":4,"CURRENT_RATIO":1.645042813536,"COMMON_ACS":5000000000,"CURRENTDEBT_DEBT":80.786853854646,"ISSUED_COMMON_SHARES":2249457213,"HK_COMMON_SHARES":2249457213,"PER_SHARES":1000,"TOTAL_MARKET_CAP":618600733.575,"HKSK_MARKET_CAP":618600733.575,"PE_TTM":5.684591152708,"PB_TTM":0.281349316525,"REPORT_DATE_SQ":"2021-06-30 00:00:00","REPORT_TYPE_SQ":"2021年中报","OPERATE_INCOME_SQ":1827227000,"DPS_HKD":0.011,"OPERATE_INCOME_QOQ_SQ":16.178363239663,"NET_PROFIT_RATIO_SQ":0.7714421908,"HOLDER_PROFIT_SQ":15113000,"HOLDER_PROFIT_QOQ_SQ":124.020491976798,"ROE_AVG_SQ":0.632585675637,"PE_TTM_SQ":10.348570804723,"PB_TTM_SQ":0.263760413082,"ROA_SQ":0.334451750195,"START_DATE":"2022-01-01 00:00:00","FISCAL_YEAR":"12-31","CURRENCY":"HKD","IS_CNY_CODE":0,"DPS_HKD_LY":null,"ORG_TYPE":"一般企业","PREMIUM_INCOME":null,"PREMIUM_INCOME_YOY":null,"NET_INTEREST_INCOME":null,"NET_INTEREST_INCOME_YOY":null,"FEE_COMMISSION_INCOME":null,"FEE_COMMISSION_INCOME_YOY":null,"ACCOUNTS_RECE_TDAYS":5.996050484149,"INVENTORY_TDAYS":1.003412097415,"CURRENT_ASSETS_TDAYS":0.657146064966,"TOTAL_ASSETS_TDAYS":0.421316842763,"PREMIUM_EXPENSE":null,"LOAN_DEPOSIT":null,"LOAN_EQUITY":null,"LOAN_ASSETS":null,"DEPOSIT_EQUITY":null,"DEPOSIT_ASSETS":null,"EQUITY_MULTIPLIER":1.91734230114,"EQUITY_RATIO":0.917264929872},{"SECUCODE":"02298.HK","SECURITY_CODE":"02298","SECURITY_NAME_ABBR":"都市丽人","ORG_CODE":"10400315","STD_REPORT_DATE":"2021-12-31 00:00:00","REPORT_DATE":"2021-12-31 00:00:00","DATE_TYPE_CODE":"001","REPORT_TYPE":"2021年年报","PER_NETCASH_OPERATE":0.074340600494,"PER_OI":1.491650065895,"BPS":0.832147412799,"BASIC_EPS":-0.2249,"DILUTED_EPS":-0.2249,"OPERATE_INCOME":3355403000,"OPERATE_INCOME_YOY":9.7436754515,"GROSS_PROFIT":1412623000,"GROSS_PROFIT_YOY":-5.242691745261,"HOLDER_PROFIT":-493988000,"HOLDER_PROFIT_YOY":-318.2971336636,"GROSS_PROFIT_RATIO":42.099950438144,"EPS_TTM":-0.219603199005,"OPERATE_INCOME_QOQ":-5.538628371662,"NET_PROFIT_RATIO":-14.7838277548,"ROE_AVG":-23.20576118155,"GROSS_PROFIT_QOQ":-18.41971524174,"ROA":-11.567540505523,"HOLDER_PROFIT_QOQ":-1841.41784467868,"ROE_YEARLY":-23.20576118155,"ROIC_YEARLY":-14.614837171522,"TOTAL_ASSETS":4045523000,"TOTAL_LIABILITIES":2151617000,"TAX_EBT":-16.545161934521,"OCF_SALES":4.983782871983,"TOTAL_PARENT_EQUITY":1871880000,"DEBT_ASSET_RATIO":53.185138238,"OPERATE_PROFIT":-380028000,"PRETAX_PROFIT":-425635000,"NETCASH_OPERATE":167226000,"NETCASH_INVEST":61813000,"NETCASH_FINANCE":-417855000,"END_CASH":515547000,"DIVI_RATIO":-0.045716456069,"DIVIDEND_RATE":4,"CURRENT_RATIO":1.338893127639,"COMMON_ACS":5000000000,"CURRENTDEBT_DEBT":90.702527447961,"ISSUED_COMMON_SHARES":2249457213,"HK_COMMON_SHARES":2249457213,"PER_SHARES":1000,"TOTAL_MARKET_CAP":618600733.575,"HKSK_MARKET_CAP":618600733.575,"PE_TTM":5.684591152708,"PB_TTM":0.281349316525,"REPORT_DATE_SQ":"2020-12-31 00:00:00","REPORT_TYPE_SQ":"2020年年报","OPERATE_INCOME_SQ":3057491000,"DPS_HKD":0.011,"OPERATE_INCOME_QOQ_SQ":-4.580225094585,"NET_PROFIT_RATIO_SQ":-3.80462281,"HOLDER_PROFIT_SQ":-118095000,"HOLDER_PROFIT_QOQ_SQ":91.936854912548,"ROE_AVG_SQ":-4.798461176835,"PE_TTM_SQ":10.348570804723,"PB_TTM_SQ":0.263760413082,"ROA_SQ":-2.673208495323,"START_DATE":"2021-01-01 00:00:00","FISCAL_YEAR":"12-31","CURRENCY":"HKD","IS_CNY_CODE":0,"DPS_HKD_LY":null,"ORG_TYPE":"一般企业","PREMIUM_INCOME":null,"PREMIUM_INCOME_YOY":null,"NET_INTEREST_INCOME":null,"NET_INTEREST_INCOME_YOY":null,"FEE_COMMISSION_INCOME":null,"FEE_COMMISSION_INCOME_YOY":null,"ACCOUNTS_RECE_TDAYS":11.516505580801,"INVENTORY_TDAYS":2.210393438837,"CURRENT_ASSETS_TDAYS":1.27376099863,"TOTAL_ASSETS_TDAYS":0.785722732432,"PREMIUM_EXPENSE":null,"LOAN_DEPOSIT":null,"LOAN_EQUITY":null,"LOAN_ASSETS":null,"DEPOSIT_EQUITY":null,"DEPOSIT_ASSETS":null,"EQUITY_MULTIPLIER":2.136073807253,"EQUITY_RATIO":1.149441737718},{"SECUCODE":"02298.HK","SECURITY_CODE":"02298","SECURITY_NAME_ABBR":"都市丽人","ORG_CODE":"10400315","STD_REPORT_DATE":"2021-06-30 00:00:00","REPORT_DATE":"2021-06-30 00:00:00","DATE_TYPE_CODE":"002","REPORT_TYPE":"2021年中报","PER_NETCASH_OPERATE":0.09960847386,"PER_OI":0.812296846297,"BPS":1.063628588342,"BASIC_EPS":0.0068,"DILUTED_EPS":0.0068,"OPERATE_INCOME":1827227000,"OPERATE_INCOME_YOY":37.1200120068,"GROSS_PROFIT":890178000,"GROSS_PROFIT_YOY":37.080371552117,"HOLDER_PROFIT":15113000,"HOLDER_PROFIT_YOY":111.5059878644,"GROSS_PROFIT_RATIO":48.717428102803,"EPS_TTM":0.012610597719,"OPERATE_INCOME_QOQ":16.178363239663,"NET_PROFIT_RATIO":0.7714421908,"ROE_AVG":0.632585675637,"GROSS_PROFIT_QOQ":16.152215618669,"ROA":0.334451750195,"HOLDER_PROFIT_QOQ":124.020491976798,"ROE_YEARLY":1.265171351273,"ROIC_YEARLY":0.853257663856,"TOTAL_ASSETS":4542066000,"TOTAL_LIABILITIES":2129241000,"TAX_EBT":18.288794852472,"OCF_SALES":12.262570550895,"TOTAL_PARENT_EQUITY":2392587000,"DEBT_ASSET_RATIO":46.8782487969,"OPERATE_PROFIT":34702000,"PRETAX_PROFIT":17251000,"NETCASH_OPERATE":224065000,"NETCASH_INVEST":-42498000,"NETCASH_FINANCE":-139751000,"END_CASH":752274000,"DIVI_RATIO":0.796114523946,"DIVIDEND_RATE":4,"CURRENT_RATIO":1.482699497119,"COMMON_ACS":5000000000,"CURRENTDEBT_DEBT":88.666430901904,"ISSUED_COMMON_SHARES":2249457213,"HK_COMMON_SHARES":2249457213,"PER_SHARES":1000,"TOTAL_MARKET_CAP":618600733.575,"HKSK_MARKET_CAP":618600733.575,"PE_TTM":5.684591152708,"PB_TTM":0.281349316525,"REPORT_DATE_SQ":"2020-06-30 00:00:00","REPORT_TYPE_SQ":"2020年中报","OPERATE_INCOME_SQ":1332575000,"DPS_HKD":0.011,"OPERATE_INCOME_QOQ_SQ":-21.500654722022,"NET_PROFIT_RATIO_SQ":-9.6674483613,"HOLDER_PROFIT_SQ":-131349000,"HOLDER_PROFIT_QOQ_SQ":-12.853556601418,"ROE_AVG_SQ":-5.327508384248,"PE_TTM_SQ":10.348570804723,"PB_TTM_SQ":0.263760413082,"ROA_SQ":-3.02511300501,"START_DATE":"2021-01-01 00:00:00","FISCAL_YEAR":"12-31","CURRENCY":"HKD","IS_CNY_CODE":0,"DPS_HKD_LY":null,"ORG_TYPE":"一般企业","PREMIUM_INCOME":null,"PREMIUM_INCOME_YOY":null,"NET_INTEREST_INCOME":null,"NET_INTEREST_INCOME_YOY":null,"FEE_COMMISSION_INCOME":null,"FEE_COMMISSION_INCOME_YOY":null,"ACCOUNTS_RECE_TDAYS":4.41867753586,"INVENTORY_TDAYS":1.181398175295,"CURRENT_ASSETS_TDAYS":0.669955285032,"TOTAL_ASSETS_TDAYS":0.404366616922,"PREMIUM_EXPENSE":null,"LOAN_DEPOSIT":null,"LOAN_EQUITY":null,"LOAN_ASSETS":null,"DEPOSIT_EQUITY":null,"DEPOSIT_ASSETS":null,"EQUITY_MULTIPLIER":1.882468061297,"EQUITY_RATIO":0.889932529099},{"SECUCODE":"02298.HK","SECURITY_CODE":"02298","SECURITY_NAME_ABBR":"都市丽人","ORG_CODE":"10400315","STD_REPORT_DATE":"2020-12-31 00:00:00","REPORT_DATE":"2020-12-31 00:00:00","DATE_TYPE_CODE":"001","REPORT_TYPE":"2020年年报","PER_NETCASH_OPERATE":0.246918232892,"PER_OI":1.359212783569,"BPS":1.060513614668,"BASIC_EPS":-0.0532,"DILUTED_EPS":-0.0532,"OPERATE_INCOME":3057491000,"OPERATE_INCOME_YOY":-25.0961014335,"GROSS_PROFIT":1490780000,"GROSS_PROFIT_YOY":61.587104074851,"HOLDER_PROFIT":-118095000,"HOLDER_PROFIT_YOY":90.9004539949,"GROSS_PROFIT_RATIO":48.758279255769,"EPS_TTM":-0.052499331535,"OPERATE_INCOME_QOQ":-4.580225094585,"NET_PROFIT_RATIO":-3.80462281,"ROE_AVG":-4.798461176835,"GROSS_PROFIT_QOQ":124.362331665794,"ROA":-2.673208495323,"HOLDER_PROFIT_QOQ":91.936854912548,"ROE_YEARLY":-4.798461176835,"ROIC_YEARLY":-3.392712140032,"TOTAL_ASSETS":4495411000,"TOTAL_LIABILITIES":2087764000,"TAX_EBT":8.353488958394,"OCF_SALES":18.166267701197,"TOTAL_PARENT_EQUITY":2385580000,"DEBT_ASSET_RATIO":46.4421161936,"OPERATE_PROFIT":-85172000,"PRETAX_PROFIT":-126929000,"NETCASH_OPERATE":555432000,"NETCASH_INVEST":-118003000,"NETCASH_FINANCE":-572275000,"END_CASH":714569000,"DIVI_RATIO":-0.191230625351,"DIVIDEND_RATE":4,"CURRENT_RATIO":1.734396614221,"COMMON_ACS":5000000000,"CURRENTDEBT_DEBT":73.337312071671,"ISSUED_COMMON_SHARES":2249457213,"HK_COMMON_SHARES":2249457213,"PER_SHARES":1000,"TOTAL_MARKET_CAP":618600733.575,"HKSK_MARKET_CAP":618600733.575,"PE_TTM":5.684591152708,"PB_TTM":0.281349316525,"REPORT_DATE_SQ":"2019-12-31 00:00:00","REPORT_TYPE_SQ":"2019年年报","OPERATE_INCOME_SQ":4081885000,"DPS_HKD":0.011,"OPERATE_INCOME_QOQ_SQ":-17.836089451282,"NET_PROFIT_RATIO_SQ":-31.8429353105,"HOLDER_PROFIT_SQ":-1297812000,"HOLDER_PROFIT_QOQ_SQ":-643.987190557228,"ROE_AVG_SQ":-39.422177913943,"PE_TTM_SQ":10.348570804723,"PB_TTM_SQ":0.263760413082,"ROA_SQ":-26.604760297488,"START_DATE":"2020-01-01 00:00:00","FISCAL_YEAR":"12-31","CURRENCY":"HKD","IS_CNY_CODE":0,"DPS_HKD_LY":null,"ORG_TYPE":"一般企业","PREMIUM_INCOME":null,"PREMIUM_INCOME_YOY":null,"NET_INTEREST_INCOME":null,"NET_INTEREST_INCOME_YOY":null,"FEE_COMMISSION_INCOME":null,"FEE_COMMISSION_INCOME_YOY":null,"ACCOUNTS_RECE_TDAYS":10.574650508069,"INVENTORY_TDAYS":2.126408224895,"CURRENT_ASSETS_TDAYS":1.182947018907,"TOTAL_ASSETS_TDAYS":0.692096271271,"PREMIUM_EXPENSE":null,"LOAN_DEPOSIT":null,"LOAN_EQUITY":null,"LOAN_ASSETS":null,"DEPOSIT_EQUITY":null,"DEPOSIT_ASSETS":null,"EQUITY_MULTIPLIER":1.867138745838,"EQUITY_RATIO":0.875159919181},{"SECUCODE":"02298.HK","SECURITY_CODE":"02298","SECURITY_NAME_ABBR":"都市丽人","ORG_CODE":"10400315","STD_REPORT_DATE":"2020-06-30 00:00:00","REPORT_DATE":"2020-06-30 00:00:00","DATE_TYPE_CODE":"002","REPORT_TYPE":"2020年中报","PER_NETCASH_OPERATE":0.130685748678,"PER_OI":0.592398464971,"BPS":1.064412332968,"BASIC_EPS":-0.0589,"DILUTED_EPS":-0.0589,"OPERATE_INCOME":1332575000,"OPERATE_INCOME_YOY":-39.7081359348,"GROSS_PROFIT":649384000,"GROSS_PROFIT_YOY":-28.443953728742,"HOLDER_PROFIT":-131349000,"HOLDER_PROFIT_YOY":-470.3518863137,"GROSS_PROFIT_RATIO":48.731516049753,"EPS_TTM":-0.651102404409,"OPERATE_INCOME_QOQ":-21.500654722022,"NET_PROFIT_RATIO":-9.6674483613,"ROE_AVG":-5.327508384248,"GROSS_PROFIT_QOQ":-27.979397042661,"ROA":-3.02511300501,"HOLDER_PROFIT_QOQ":-12.853556601418,"ROE_YEARLY":-10.655016768496,"ROIC_YEARLY":-7.643717976957,"TOTAL_ASSETS":4343868000,"TOTAL_LIABILITIES":1927668000,"TAX_EBT":1.96114243967,"OCF_SALES":22.060446879163,"TOTAL_PARENT_EQUITY":2394350000,"DEBT_ASSET_RATIO":44.3767628298,"OPERATE_PROFIT":-108636000,"PRETAX_PROFIT":-131403000,"NETCASH_OPERATE":293972000,"NETCASH_INVEST":-102806000,"NETCASH_FINANCE":-245903000,"END_CASH":800763000,"DIVI_RATIO":-0.015419202774,"DIVIDEND_RATE":4,"CURRENT_RATIO":1.850123359093,"COMMON_ACS":5000000000,"CURRENTDEBT_DEBT":69.618679150144,"ISSUED_COMMON_SHARES":2249457213,"HK_COMMON_SHARES":2249457213,"PER_SHARES":1000,"TOTAL_MARKET_CAP":618600733.575,"HKSK_MARKET_CAP":618600733.575,"PE_TTM":5.684591152708,"PB_TTM":0.281349316525,"REPORT_DATE_SQ":"2019-06-30 00:00:00","REPORT_TYPE_SQ":"2019年中报","OPERATE_INCOME_SQ":2210207000,"DPS_HKD":0.011,"OPERATE_INCOME_QOQ_SQ":-2.520870888047,"NET_PROFIT_RATIO_SQ":1.7966642943,"HOLDER_PROFIT_SQ":35466000,"HOLDER_PROFIT_QOQ_SQ":-36.923398258727,"ROE_AVG_SQ":0.895648128927,"PE_TTM_SQ":10.348570804723,"PB_TTM_SQ":0.263760413082,"ROA_SQ":0.661804736254,"START_DATE":"2020-01-01 00:00:00","FISCAL_YEAR":"12-31","CURRENCY":"HKD","IS_CNY_CODE":0,"DPS_HKD_LY":null,"ORG_TYPE":"一般企业","PREMIUM_INCOME":null,"PREMIUM_INCOME_YOY":null,"NET_INTEREST_INCOME":null,"NET_INTEREST_INCOME_YOY":null,"FEE_COMMISSION_INCOME":null,"FEE_COMMISSION_INCOME_YOY":null,"ACCOUNTS_RECE_TDAYS":4.723567235708,"INVENTORY_TDAYS":0.960849643052,"CURRENT_ASSETS_TDAYS":0.533390251776,"TOTAL_ASSETS_TDAYS":0.306906787463,"PREMIUM_EXPENSE":null,"LOAN_DEPOSIT":null,"LOAN_EQUITY":null,"LOAN_ASSETS":null,"DEPOSIT_EQUITY":null,"DEPOSIT_ASSETS":null,"EQUITY_MULTIPLIER":1.797809783958,"EQUITY_RATIO":0.805090316787}],"count":25},"success":true,"message":"ok","code":0}