{"version":"5a9c5e24560d4506bf4ffe7a7ed39fa0","result":{"pages":4,"data":[{"SECUCODE":"02299.HK","SECURITY_CODE":"02299","SECURITY_NAME_ABBR":"百宏实业","ORG_CODE":"10168423","STD_REPORT_DATE":"2024-06-30 00:00:00","REPORT_DATE":"2024-06-30 00:00:00","DATE_TYPE_CODE":"002","REPORT_TYPE":"2024年中报","PER_NETCASH_OPERATE":0.659834873819,"PER_OI":5.013233225389,"BPS":4.988555673098,"BASIC_EPS":0.15,"DILUTED_EPS":0.15,"OPERATE_INCOME":10619933000,"OPERATE_INCOME_YOY":41.5161404707,"GROSS_PROFIT":731906000,"GROSS_PROFIT_YOY":85.00741894143,"HOLDER_PROFIT":327465000,"HOLDER_PROFIT_YOY":62.3661885236,"GROSS_PROFIT_RATIO":6.891813724249,"EPS_TTM":0.226201153712,"OPERATE_INCOME_QOQ":17.546887326292,"NET_PROFIT_RATIO":3.0834940296,"ROE_AVG":3.151007763903,"GROSS_PROFIT_QOQ":32.026486130779,"ROA":1.192408089375,"HOLDER_PROFIT_QOQ":35.5921652075,"ROE_YEARLY":6.302015527805,"ROIC_YEARLY":2.415555375527,"TOTAL_ASSETS":28656540000,"TOTAL_LIABILITIES":18103021000,"TAX_EBT":4.530824533682,"OCF_SALES":13.161862697251,"TOTAL_PARENT_EQUITY":10553519000,"DEBT_ASSET_RATIO":63.1723892696,"OPERATE_PROFIT":428392000,"PRETAX_PROFIT":343006000,"NETCASH_OPERATE":1397781000,"NETCASH_INVEST":-604521000,"NETCASH_FINANCE":-405676000,"END_CASH":540811000,"DIVI_RATIO":null,"DIVIDEND_RATE":null,"CURRENT_RATIO":0.912411016134,"COMMON_ACS":10000000000,"CURRENTDEBT_DEBT":97.273112592644,"ISSUED_COMMON_SHARES":2115546000,"HK_COMMON_SHARES":2115546000,"PER_SHARES":2000,"TOTAL_MARKET_CAP":9519957000,"HKSK_MARKET_CAP":9519957000,"PE_TTM":17.961693778615,"PB_TTM":0.823296414661,"REPORT_DATE_SQ":"2023-06-30 00:00:00","REPORT_TYPE_SQ":"2023年中报","OPERATE_INCOME_SQ":7504397000,"DPS_HKD":null,"OPERATE_INCOME_QOQ_SQ":-3.843125352875,"NET_PROFIT_RATIO_SQ":2.6875310568,"HOLDER_PROFIT_SQ":201683000,"HOLDER_PROFIT_QOQ_SQ":-73.902973080946,"ROE_AVG_SQ":2.022434874891,"PE_TTM_SQ":61.71314985965,"PB_TTM_SQ":0.845536992051,"ROA_SQ":0.762016836778,"START_DATE":"2024-01-01 00:00:00","FISCAL_YEAR":"12-31","CURRENCY":"HKD","IS_CNY_CODE":0,"DPS_HKD_LY":null,"ORG_TYPE":"一般企业","PREMIUM_INCOME":null,"PREMIUM_INCOME_YOY":null,"NET_INTEREST_INCOME":null,"NET_INTEREST_INCOME_YOY":null,"FEE_COMMISSION_INCOME":null,"FEE_COMMISSION_INCOME_YOY":null,"ACCOUNTS_RECE_TDAYS":2.654710478498,"INVENTORY_TDAYS":2.158592831845,"CURRENT_ASSETS_TDAYS":0.723419685007,"TOTAL_ASSETS_TDAYS":0.386706793636,"PREMIUM_EXPENSE":null,"LOAN_DEPOSIT":null,"LOAN_EQUITY":null,"LOAN_ASSETS":null,"DEPOSIT_EQUITY":null,"DEPOSIT_ASSETS":null,"EQUITY_MULTIPLIER":2.715353997088,"EQUITY_RATIO":1.715353997089},{"SECUCODE":"02299.HK","SECURITY_CODE":"02299","SECURITY_NAME_ABBR":"百宏实业","ORG_CODE":"10168423","STD_REPORT_DATE":"2023-12-31 00:00:00","REPORT_DATE":"2023-12-31 00:00:00","DATE_TYPE_CODE":"001","REPORT_TYPE":"2023年年报","PER_NETCASH_OPERATE":-0.044156725625,"PER_OI":8.380536641591,"BPS":4.836226676234,"BASIC_EPS":0.17,"DILUTED_EPS":0.17,"OPERATE_INCOME":17755491000,"OPERATE_INCOME_YOY":14.0732713703,"GROSS_PROFIT":1050059000,"GROSS_PROFIT_YOY":-26.257053467655,"HOLDER_PROFIT":353398000,"HOLDER_PROFIT_YOY":-46.1134034138,"GROSS_PROFIT_RATIO":5.913995845004,"EPS_TTM":0.166802759105,"OPERATE_INCOME_QOQ":18.632465737847,"NET_PROFIT_RATIO":1.9903589261,"ROE_AVG":3.523737025029,"GROSS_PROFIT_QOQ":39.628078293708,"ROA":1.34008293014,"HOLDER_PROFIT_QOQ":106.485576894986,"ROE_YEARLY":3.523737025029,"ROIC_YEARLY":1.350059599318,"TOTAL_ASSETS":26268448000,"TOTAL_LIABILITIES":16037188000,"TAX_EBT":14.084695368473,"OCF_SALES":-0.52689615849,"TOTAL_PARENT_EQUITY":10231260000,"DEBT_ASSET_RATIO":61.0511439427,"OPERATE_PROFIT":531517000,"PRETAX_PROFIT":411333000,"NETCASH_OPERATE":-93553000,"NETCASH_INVEST":331028000,"NETCASH_FINANCE":-310729000,"END_CASH":158138000,"DIVI_RATIO":null,"DIVIDEND_RATE":null,"CURRENT_RATIO":0.854891232943,"COMMON_ACS":10000000000,"CURRENTDEBT_DEBT":96.960832534981,"ISSUED_COMMON_SHARES":2115546000,"HK_COMMON_SHARES":2115546000,"PER_SHARES":2000,"TOTAL_MARKET_CAP":9096847800,"HKSK_MARKET_CAP":9096847800,"PE_TTM":17.163396277343,"PB_TTM":0.786705462899,"REPORT_DATE_SQ":"2022-12-31 00:00:00","REPORT_TYPE_SQ":"2022年年报","OPERATE_INCOME_SQ":15564988000,"DPS_HKD":null,"OPERATE_INCOME_QOQ_SQ":-1.991207726159,"NET_PROFIT_RATIO_SQ":4.2134179609,"HOLDER_PROFIT_SQ":655818000,"HOLDER_PROFIT_QOQ_SQ":-59.274639005479,"ROE_AVG_SQ":6.928795741158,"PE_TTM_SQ":59.319234646496,"PB_TTM_SQ":0.81273776088,"ROA_SQ":2.622597625247,"START_DATE":"2023-01-01 00:00:00","FISCAL_YEAR":"12-31","CURRENCY":"HKD","IS_CNY_CODE":0,"DPS_HKD_LY":null,"ORG_TYPE":"一般企业","PREMIUM_INCOME":null,"PREMIUM_INCOME_YOY":null,"NET_INTEREST_INCOME":null,"NET_INTEREST_INCOME_YOY":null,"FEE_COMMISSION_INCOME":null,"FEE_COMMISSION_INCOME_YOY":null,"ACCOUNTS_RECE_TDAYS":5.795488717878,"INVENTORY_TDAYS":3.93709994425,"CURRENT_ASSETS_TDAYS":1.313471622178,"TOTAL_ASSETS_TDAYS":0.673287070254,"PREMIUM_EXPENSE":null,"LOAN_DEPOSIT":null,"LOAN_EQUITY":null,"LOAN_ASSETS":null,"DEPOSIT_EQUITY":null,"DEPOSIT_ASSETS":null,"EQUITY_MULTIPLIER":2.567469500334,"EQUITY_RATIO":1.567469500335},{"SECUCODE":"02299.HK","SECURITY_CODE":"02299","SECURITY_NAME_ABBR":"百宏实业","ORG_CODE":"10168423","STD_REPORT_DATE":"2023-06-30 00:00:00","REPORT_DATE":"2023-06-30 00:00:00","DATE_TYPE_CODE":"002","REPORT_TYPE":"2023年中报","PER_NETCASH_OPERATE":-0.587531336364,"PER_OI":3.54157401045,"BPS":4.782545971584,"BASIC_EPS":0.1,"DILUTED_EPS":0.1,"OPERATE_INCOME":7504397000,"OPERATE_INCOME_YOY":-7.3826123756,"GROSS_PROFIT":395609000,"GROSS_PROFIT_YOY":-62.941094917725,"HOLDER_PROFIT":201683000,"HOLDER_PROFIT_YOY":-70.6152236753,"GROSS_PROFIT_RATIO":5.271696046998,"EPS_TTM":0.080770893426,"OPERATE_INCOME_QOQ":-3.843125352875,"NET_PROFIT_RATIO":2.6875310568,"ROE_AVG":2.022434874891,"GROSS_PROFIT_QOQ":-47.18616238689,"ROA":0.762016836778,"HOLDER_PROFIT_QOQ":-73.902973080946,"ROE_YEARLY":4.044869749781,"ROIC_YEARLY":1.537092776836,"TOTAL_ASSETS":26459743000,"TOTAL_LIABILITIES":16342047000,"TAX_EBT":19.948003492895,"OCF_SALES":-16.589554097418,"TOTAL_PARENT_EQUITY":10117696000,"DEBT_ASSET_RATIO":61.7619264102,"OPERATE_PROFIT":310935000,"PRETAX_PROFIT":251940000,"NETCASH_OPERATE":-1244946000,"NETCASH_INVEST":264578000,"NETCASH_FINANCE":927804000,"END_CASH":218106000,"DIVI_RATIO":null,"DIVIDEND_RATE":null,"CURRENT_RATIO":0.87882516324,"COMMON_ACS":10000000000,"CURRENTDEBT_DEBT":93.584133003656,"ISSUED_COMMON_SHARES":2115546000,"HK_COMMON_SHARES":2115546000,"PER_SHARES":2000,"TOTAL_MARKET_CAP":9096847800,"HKSK_MARKET_CAP":9096847800,"PE_TTM":17.163396277343,"PB_TTM":0.786705462899,"REPORT_DATE_SQ":"2022-06-30 00:00:00","REPORT_TYPE_SQ":"2022年中报","OPERATE_INCOME_SQ":8102579000,"DPS_HKD":null,"OPERATE_INCOME_QOQ_SQ":11.513137776642,"NET_PROFIT_RATIO_SQ":8.4707844256,"HOLDER_PROFIT_SQ":686352000,"HOLDER_PROFIT_QOQ_SQ":-8.489252050455,"ROE_AVG_SQ":7.23080779745,"PE_TTM_SQ":59.319234646496,"PB_TTM_SQ":0.81273776088,"ROA_SQ":2.736468941098,"START_DATE":"2023-01-01 00:00:00","FISCAL_YEAR":"12-31","CURRENCY":"HKD","IS_CNY_CODE":0,"DPS_HKD_LY":null,"ORG_TYPE":"一般企业","PREMIUM_INCOME":null,"PREMIUM_INCOME_YOY":null,"NET_INTEREST_INCOME":null,"NET_INTEREST_INCOME_YOY":null,"FEE_COMMISSION_INCOME":null,"FEE_COMMISSION_INCOME_YOY":null,"ACCOUNTS_RECE_TDAYS":2.467113982756,"INVENTORY_TDAYS":1.700311465976,"CURRENT_ASSETS_TDAYS":0.552139796402,"TOTAL_ASSETS_TDAYS":0.283537872,"PREMIUM_EXPENSE":null,"LOAN_DEPOSIT":null,"LOAN_EQUITY":null,"LOAN_ASSETS":null,"DEPOSIT_EQUITY":null,"DEPOSIT_ASSETS":null,"EQUITY_MULTIPLIER":2.61519450673,"EQUITY_RATIO":1.615194506734},{"SECUCODE":"02299.HK","SECURITY_CODE":"02299","SECURITY_NAME_ABBR":"百宏实业","ORG_CODE":"10168423","STD_REPORT_DATE":"2022-12-31 00:00:00","REPORT_DATE":"2022-12-31 00:00:00","DATE_TYPE_CODE":"001","REPORT_TYPE":"2022年年报","PER_NETCASH_OPERATE":1.372759423611,"PER_OI":7.345488832866,"BPS":4.645078386383,"BASIC_EPS":0.31,"DILUTED_EPS":0.31,"OPERATE_INCOME":15564988000,"OPERATE_INCOME_YOY":9.2926795616,"GROSS_PROFIT":1423945000,"GROSS_PROFIT_YOY":-48.179045402223,"HOLDER_PROFIT":655818000,"HOLDER_PROFIT_YOY":-62.7319175488,"GROSS_PROFIT_RATIO":9.148384823682,"EPS_TTM":0.309496145798,"OPERATE_INCOME_QOQ":-1.991207726159,"NET_PROFIT_RATIO":4.2134179609,"ROE_AVG":6.928795741158,"GROSS_PROFIT_QOQ":-43.562128249712,"ROA":2.622597625247,"HOLDER_PROFIT_QOQ":-59.274639005479,"ROE_YEARLY":6.928795741158,"ROIC_YEARLY":2.642727868275,"TOTAL_ASSETS":26474258000,"TOTAL_LIABILITIES":16647381000,"TAX_EBT":11.94721811598,"OCF_SALES":18.68846927476,"TOTAL_PARENT_EQUITY":9826877000,"DEBT_ASSET_RATIO":62.8813884038,"OPERATE_PROFIT":961111000,"PRETAX_PROFIT":744801000,"NETCASH_OPERATE":2908858000,"NETCASH_INVEST":-2132758000,"NETCASH_FINANCE":-691233000,"END_CASH":231620000,"DIVI_RATIO":null,"DIVIDEND_RATE":null,"CURRENT_RATIO":0.840167238777,"COMMON_ACS":10000000000,"CURRENTDEBT_DEBT":98.255527400977,"ISSUED_COMMON_SHARES":2115546000,"HK_COMMON_SHARES":2115546000,"PER_SHARES":2000,"TOTAL_MARKET_CAP":9096847800,"HKSK_MARKET_CAP":9096847800,"PE_TTM":17.163396277343,"PB_TTM":0.786705462899,"REPORT_DATE_SQ":"2021-12-31 00:00:00","REPORT_TYPE_SQ":"2021年年报","OPERATE_INCOME_SQ":14241565000,"DPS_HKD":null,"OPERATE_INCOME_QOQ_SQ":26.262620441658,"NET_PROFIT_RATIO_SQ":12.3563035383,"HOLDER_PROFIT_SQ":1759731000,"HOLDER_PROFIT_QOQ_SQ":26.430535917509,"ROE_AVG_SQ":21.358314891776,"PE_TTM_SQ":59.319234646496,"PB_TTM_SQ":0.81273776088,"ROA_SQ":8.33578017196,"START_DATE":"2022-01-01 00:00:00","FISCAL_YEAR":"12-31","CURRENCY":"HKD","IS_CNY_CODE":0,"DPS_HKD_LY":null,"ORG_TYPE":"一般企业","PREMIUM_INCOME":null,"PREMIUM_INCOME_YOY":null,"NET_INTEREST_INCOME":null,"NET_INTEREST_INCOME_YOY":null,"FEE_COMMISSION_INCOME":null,"FEE_COMMISSION_INCOME_YOY":null,"ACCOUNTS_RECE_TDAYS":6.235696696921,"INVENTORY_TDAYS":4.14673521471,"CURRENT_ASSETS_TDAYS":1.205995222659,"TOTAL_ASSETS_TDAYS":0.622439465916,"PREMIUM_EXPENSE":null,"LOAN_DEPOSIT":null,"LOAN_EQUITY":null,"LOAN_ASSETS":null,"DEPOSIT_EQUITY":null,"DEPOSIT_ASSETS":null,"EQUITY_MULTIPLIER":2.694066283725,"EQUITY_RATIO":1.694066283724},{"SECUCODE":"02299.HK","SECURITY_CODE":"02299","SECURITY_NAME_ABBR":"百宏实业","ORG_CODE":"10168423","STD_REPORT_DATE":"2022-06-30 00:00:00","REPORT_DATE":"2022-06-30 00:00:00","DATE_TYPE_CODE":"002","REPORT_TYPE":"2022年中报","PER_NETCASH_OPERATE":0.690268364208,"PER_OI":3.823800157245,"BPS":4.670550297654,"BASIC_EPS":0.32,"DILUTED_EPS":0.32,"OPERATE_INCOME":8102579000,"OPERATE_INCOME_YOY":25.3700954119,"GROSS_PROFIT":1067514000,"GROSS_PROFIT_YOY":-17.394258299157,"HOLDER_PROFIT":686352000,"HOLDER_PROFIT_YOY":-17.8749371814,"GROSS_PROFIT_RATIO":13.174990333325,"EPS_TTM":0.759959244658,"OPERATE_INCOME_QOQ":11.513137776642,"NET_PROFIT_RATIO":8.4707844256,"ROE_AVG":7.23080779745,"GROSS_PROFIT_QOQ":-8.18053021726,"ROA":2.736468941098,"HOLDER_PROFIT_QOQ":-8.489252050455,"ROE_YEARLY":14.461615594901,"ROIC_YEARLY":5.521450886813,"TOTAL_ASSETS":26624733000,"TOTAL_LIABILITIES":16743969000,"TAX_EBT":10.461149501462,"OCF_SALES":18.051894341296,"TOTAL_PARENT_EQUITY":9880764000,"DEBT_ASSET_RATIO":62.8887771382,"OPERATE_PROFIT":895457000,"PRETAX_PROFIT":766541000,"NETCASH_OPERATE":1462669000,"NETCASH_INVEST":-2168046000,"NETCASH_FINANCE":827469000,"END_CASH":291410000,"DIVI_RATIO":null,"DIVIDEND_RATE":null,"CURRENT_RATIO":0.90001491609,"COMMON_ACS":10000000000,"CURRENTDEBT_DEBT":96.374623006051,"ISSUED_COMMON_SHARES":2115546000,"HK_COMMON_SHARES":2115546000,"PER_SHARES":2000,"TOTAL_MARKET_CAP":9096847800,"HKSK_MARKET_CAP":9096847800,"PE_TTM":17.163396277343,"PB_TTM":0.786705462899,"REPORT_DATE_SQ":"2021-06-30 00:00:00","REPORT_TYPE_SQ":"2021年中报","OPERATE_INCOME_SQ":6462928000,"DPS_HKD":null,"OPERATE_INCOME_QOQ_SQ":33.783035905119,"NET_PROFIT_RATIO_SQ":12.9312905853,"HOLDER_PROFIT_SQ":835740000,"HOLDER_PROFIT_QOQ_SQ":78.104678034811,"ROE_AVG_SQ":10.73366006262,"PE_TTM_SQ":59.319234646496,"PB_TTM_SQ":0.81273776088,"ROA_SQ":4.255475480034,"START_DATE":"2022-01-01 00:00:00","FISCAL_YEAR":"12-31","CURRENCY":"HKD","IS_CNY_CODE":0,"DPS_HKD_LY":null,"ORG_TYPE":"一般企业","PREMIUM_INCOME":null,"PREMIUM_INCOME_YOY":null,"NET_INTEREST_INCOME":null,"NET_INTEREST_INCOME_YOY":null,"FEE_COMMISSION_INCOME":null,"FEE_COMMISSION_INCOME_YOY":null,"ACCOUNTS_RECE_TDAYS":3.510670775299,"INVENTORY_TDAYS":2.221114569304,"CURRENT_ASSETS_TDAYS":0.609363583945,"TOTAL_ASSETS_TDAYS":0.323047878877,"PREMIUM_EXPENSE":null,"LOAN_DEPOSIT":null,"LOAN_EQUITY":null,"LOAN_ASSETS":null,"DEPOSIT_EQUITY":null,"DEPOSIT_ASSETS":null,"EQUITY_MULTIPLIER":2.694602664331,"EQUITY_RATIO":1.694602664328},{"SECUCODE":"02299.HK","SECURITY_CODE":"02299","SECURITY_NAME_ABBR":"百宏实业","ORG_CODE":"10168423","STD_REPORT_DATE":"2021-12-31 00:00:00","REPORT_DATE":"2021-12-31 00:00:00","DATE_TYPE_CODE":"001","REPORT_TYPE":"2021年年报","PER_NETCASH_OPERATE":2.920153318616,"PER_OI":6.720933975024,"BPS":4.303068333187,"BASIC_EPS":0.83,"DILUTED_EPS":0.83,"OPERATE_INCOME":14241565000,"OPERATE_INCOME_YOY":68.9179668402,"GROSS_PROFIT":2747817000,"GROSS_PROFIT_YOY":99.067407061278,"HOLDER_PROFIT":1759731000,"HOLDER_PROFIT_YOY":125.1786989336,"GROSS_PROFIT_RATIO":19.294347215352,"EPS_TTM":0.830459002561,"OPERATE_INCOME_QOQ":26.262620441658,"NET_PROFIT_RATIO":12.3563035383,"ROE_AVG":21.358314891776,"GROSS_PROFIT_QOQ":26.893754499648,"ROA":8.33578017196,"HOLDER_PROFIT_QOQ":26.430535917509,"ROE_YEARLY":21.358314891776,"ROIC_YEARLY":8.434113834183,"TOTAL_ASSETS":23538599000,"TOTAL_LIABILITIES":14435260000,"TAX_EBT":15.861764610256,"OCF_SALES":43.448623799421,"TOTAL_PARENT_EQUITY":9103339000,"DEBT_ASSET_RATIO":61.3259098386,"OPERATE_PROFIT":2360409000,"PRETAX_PROFIT":2091476000,"NETCASH_OPERATE":6187764000,"NETCASH_INVEST":-4129497000,"NETCASH_FINANCE":-2253247000,"END_CASH":149339000,"DIVI_RATIO":null,"DIVIDEND_RATE":null,"CURRENT_RATIO":0.878550221456,"COMMON_ACS":10000000000,"CURRENTDEBT_DEBT":95.174246948098,"ISSUED_COMMON_SHARES":2115546000,"HK_COMMON_SHARES":2115546000,"PER_SHARES":2000,"TOTAL_MARKET_CAP":9096847800,"HKSK_MARKET_CAP":9096847800,"PE_TTM":17.163396277343,"PB_TTM":0.786705462899,"REPORT_DATE_SQ":"2020-12-31 00:00:00","REPORT_TYPE_SQ":"2020年年报","OPERATE_INCOME_SQ":8431054000,"DPS_HKD":null,"OPERATE_INCOME_QOQ_SQ":0.699469249952,"NET_PROFIT_RATIO_SQ":9.2690901992,"HOLDER_PROFIT_SQ":781482000,"HOLDER_PROFIT_QOQ_SQ":15.729847881717,"ROE_AVG_SQ":11.135947688482,"PE_TTM_SQ":59.319234646496,"PB_TTM_SQ":0.81273776088,"ROA_SQ":4.443400772425,"START_DATE":"2021-01-01 00:00:00","FISCAL_YEAR":"12-31","CURRENCY":"HKD","IS_CNY_CODE":0,"DPS_HKD_LY":null,"ORG_TYPE":"一般企业","PREMIUM_INCOME":null,"PREMIUM_INCOME_YOY":null,"NET_INTEREST_INCOME":null,"NET_INTEREST_INCOME_YOY":null,"FEE_COMMISSION_INCOME":null,"FEE_COMMISSION_INCOME_YOY":null,"ACCOUNTS_RECE_TDAYS":7.492017590629,"INVENTORY_TDAYS":4.87592732783,"CURRENT_ASSETS_TDAYS":1.428167580057,"TOTAL_ASSETS_TDAYS":0.674617627039,"PREMIUM_EXPENSE":null,"LOAN_DEPOSIT":null,"LOAN_EQUITY":null,"LOAN_ASSETS":null,"DEPOSIT_EQUITY":null,"DEPOSIT_ASSETS":null,"EQUITY_MULTIPLIER":2.585710473929,"EQUITY_RATIO":1.585710473926},{"SECUCODE":"02299.HK","SECURITY_CODE":"02299","SECURITY_NAME_ABBR":"百宏实业","ORG_CODE":"10168423","STD_REPORT_DATE":"2021-06-30 00:00:00","REPORT_DATE":"2021-06-30 00:00:00","DATE_TYPE_CODE":"002","REPORT_TYPE":"2021年中报","PER_NETCASH_OPERATE":1.458428701275,"PER_OI":3.050009768823,"BPS":3.874875800384,"BASIC_EPS":0.4,"DILUTED_EPS":0.4,"OPERATE_INCOME":6462928000,"OPERATE_INCOME_YOY":78.7975749876,"GROSS_PROFIT":1292300000,"GROSS_PROFIT_YOY":154.792014164094,"HOLDER_PROFIT":835740000,"HOLDER_PROFIT_YOY":270.8367721839,"GROSS_PROFIT_RATIO":19.995580950306,"EPS_TTM":0.656850021661,"OPERATE_INCOME_QOQ":33.783035905119,"NET_PROFIT_RATIO":12.9312905853,"ROE_AVG":10.73366006262,"GROSS_PROFIT_QOQ":56.87722996787,"ROA":4.255475480034,"HOLDER_PROFIT_QOQ":78.104678034811,"ROE_YEARLY":21.46732012524,"ROIC_YEARLY":8.676749050309,"TOTAL_ASSETS":20595789000,"TOTAL_LIABILITIES":12398311000,"TAX_EBT":15.869307205781,"OCF_SALES":47.817181314723,"TOTAL_PARENT_EQUITY":8197478000,"DEBT_ASSET_RATIO":60.1982813089,"OPERATE_PROFIT":1141846000,"PRETAX_PROFIT":993383000,"NETCASH_OPERATE":3090390000,"NETCASH_INVEST":-1515160000,"NETCASH_FINANCE":-1509365000,"END_CASH":407624000,"DIVI_RATIO":null,"DIVIDEND_RATE":null,"CURRENT_RATIO":0.789235364924,"COMMON_ACS":10000000000,"CURRENTDEBT_DEBT":93.513802000934,"ISSUED_COMMON_SHARES":2115546000,"HK_COMMON_SHARES":2115546000,"PER_SHARES":2000,"TOTAL_MARKET_CAP":9096847800,"HKSK_MARKET_CAP":9096847800,"PE_TTM":17.163396277343,"PB_TTM":0.786705462899,"REPORT_DATE_SQ":"2020-06-30 00:00:00","REPORT_TYPE_SQ":"2020年中报","OPERATE_INCOME_SQ":3614662000,"DPS_HKD":null,"OPERATE_INCOME_QOQ_SQ":-10.901240903084,"NET_PROFIT_RATIO_SQ":6.2347738184,"HOLDER_PROFIT_SQ":225366000,"HOLDER_PROFIT_QOQ_SQ":-20.857174334464,"ROE_AVG_SQ":3.327878323627,"PE_TTM_SQ":59.319234646496,"PB_TTM_SQ":0.81273776088,"ROA_SQ":1.282846011688,"START_DATE":"2021-01-01 00:00:00","FISCAL_YEAR":"12-31","CURRENCY":"HKD","IS_CNY_CODE":0,"DPS_HKD_LY":null,"ORG_TYPE":"一般企业","PREMIUM_INCOME":null,"PREMIUM_INCOME_YOY":null,"NET_INTEREST_INCOME":null,"NET_INTEREST_INCOME_YOY":null,"FEE_COMMISSION_INCOME":null,"FEE_COMMISSION_INCOME_YOY":null,"ACCOUNTS_RECE_TDAYS":3.684028478433,"INVENTORY_TDAYS":2.396412028991,"CURRENT_ASSETS_TDAYS":0.759262120105,"TOTAL_ASSETS_TDAYS":0.329083586202,"PREMIUM_EXPENSE":null,"LOAN_DEPOSIT":null,"LOAN_EQUITY":null,"LOAN_ASSETS":null,"DEPOSIT_EQUITY":null,"DEPOSIT_ASSETS":null,"EQUITY_MULTIPLIER":2.512454318269,"EQUITY_RATIO":1.512454318267},{"SECUCODE":"02299.HK","SECURITY_CODE":"02299","SECURITY_NAME_ABBR":"百宏实业","ORG_CODE":"10168423","STD_REPORT_DATE":"2020-12-31 00:00:00","REPORT_DATE":"2020-12-31 00:00:00","DATE_TYPE_CODE":"001","REPORT_TYPE":"2020年年报","PER_NETCASH_OPERATE":0.634910968506,"PER_OI":3.977054837815,"BPS":3.486023466282,"BASIC_EPS":0.37,"DILUTED_EPS":0.37,"OPERATE_INCOME":8431054000,"OPERATE_INCOME_YOY":-10.2780224811,"GROSS_PROFIT":1380345000,"GROSS_PROFIT_YOY":-14.632585132713,"HOLDER_PROFIT":781482000,"HOLDER_PROFIT_YOY":-8.408128248,"GROSS_PROFIT_RATIO":16.372152283688,"EPS_TTM":0.368636800187,"OPERATE_INCOME_QOQ":0.699469249952,"NET_PROFIT_RATIO":9.2690901992,"ROE_AVG":11.135947688482,"GROSS_PROFIT_QOQ":2.444927349076,"ROA":4.443400772425,"HOLDER_PROFIT_QOQ":15.729847881717,"ROE_YEARLY":11.135947688482,"ROIC_YEARLY":4.513241210462,"TOTAL_ASSETS":18682548000,"TOTAL_LIABILITIES":11307705000,"TAX_EBT":14.411319213157,"OCF_SALES":15.964350364735,"TOTAL_PARENT_EQUITY":7374843000,"DEBT_ASSET_RATIO":60.5254968434,"OPERATE_PROFIT":1109242000,"PRETAX_PROFIT":913067000,"NETCASH_OPERATE":1345963000,"NETCASH_INVEST":-2651873000,"NETCASH_FINANCE":1449772000,"END_CASH":342919000,"DIVI_RATIO":null,"DIVIDEND_RATE":null,"CURRENT_RATIO":0.794473791724,"COMMON_ACS":10000000000,"CURRENTDEBT_DEBT":87.644919990396,"ISSUED_COMMON_SHARES":2115546000,"HK_COMMON_SHARES":2115546000,"PER_SHARES":2000,"TOTAL_MARKET_CAP":9096847800,"HKSK_MARKET_CAP":9096847800,"PE_TTM":17.163396277343,"PB_TTM":0.786705462899,"REPORT_DATE_SQ":"2019-12-31 00:00:00","REPORT_TYPE_SQ":"2019年年报","OPERATE_INCOME_SQ":9396866000,"DPS_HKD":null,"OPERATE_INCOME_QOQ_SQ":1.695471775993,"NET_PROFIT_RATIO_SQ":9.0798570502,"HOLDER_PROFIT_SQ":853222000,"HOLDER_PROFIT_QOQ_SQ":2.77281914522,"ROE_AVG_SQ":13.544319993295,"PE_TTM_SQ":59.319234646496,"PB_TTM_SQ":0.81273776088,"ROA_SQ":5.894058549109,"START_DATE":"2020-01-01 00:00:00","FISCAL_YEAR":"12-31","CURRENCY":"HKD","IS_CNY_CODE":0,"DPS_HKD_LY":null,"ORG_TYPE":"一般企业","PREMIUM_INCOME":null,"PREMIUM_INCOME_YOY":null,"NET_INTEREST_INCOME":null,"NET_INTEREST_INCOME_YOY":null,"FEE_COMMISSION_INCOME":null,"FEE_COMMISSION_INCOME_YOY":null,"ACCOUNTS_RECE_TDAYS":5.282051008962,"INVENTORY_TDAYS":3.431353430607,"CURRENT_ASSETS_TDAYS":1.149827291755,"TOTAL_ASSETS_TDAYS":0.479378307574,"PREMIUM_EXPENSE":null,"LOAN_DEPOSIT":null,"LOAN_EQUITY":null,"LOAN_ASSETS":null,"DEPOSIT_EQUITY":null,"DEPOSIT_ASSETS":null,"EQUITY_MULTIPLIER":2.533280776285,"EQUITY_RATIO":1.533280776282},{"SECUCODE":"02299.HK","SECURITY_CODE":"02299","SECURITY_NAME_ABBR":"百宏实业","ORG_CODE":"10168423","STD_REPORT_DATE":"2020-06-30 00:00:00","REPORT_DATE":"2020-06-30 00:00:00","DATE_TYPE_CODE":"002","REPORT_TYPE":"2020年中报","PER_NETCASH_OPERATE":-0.23213960901,"PER_OI":1.703343577912,"BPS":3.253847942801,"BASIC_EPS":0.11,"DILUTED_EPS":0.11,"OPERATE_INCOME":3614662000,"OPERATE_INCOME_YOY":-22.0816303039,"GROSS_PROFIT":507198000,"GROSS_PROFIT_YOY":-34.701870119036,"HOLDER_PROFIT":225366000,"HOLDER_PROFIT_YOY":-44.1228392062,"GROSS_PROFIT_RATIO":14.031685396864,"EPS_TTM":0.318205851002,"OPERATE_INCOME_QOQ":-10.901240903084,"NET_PROFIT_RATIO":6.2347738184,"ROE_AVG":3.327878323627,"GROSS_PROFIT_QOQ":-16.669944450835,"ROA":1.282846011688,"HOLDER_PROFIT_QOQ":-20.857174334464,"ROE_YEARLY":6.655756647255,"ROIC_YEARLY":2.609828895217,"TOTAL_ASSETS":18642914000,"TOTAL_LIABILITIES":11759249000,"TAX_EBT":11.500748076795,"OCF_SALES":-13.628466506689,"TOTAL_PARENT_EQUITY":6883665000,"DEBT_ASSET_RATIO":63.0762390472,"OPERATE_PROFIT":342752000,"PRETAX_PROFIT":254653000,"NETCASH_OPERATE":-492623000,"NETCASH_INVEST":-1163793000,"NETCASH_FINANCE":1849984000,"END_CASH":392803000,"DIVI_RATIO":null,"DIVIDEND_RATE":null,"CURRENT_RATIO":0.768940982938,"COMMON_ACS":10000000000,"CURRENTDEBT_DEBT":92.88550654893,"ISSUED_COMMON_SHARES":2115546000,"HK_COMMON_SHARES":2115546000,"PER_SHARES":2000,"TOTAL_MARKET_CAP":9096847800,"HKSK_MARKET_CAP":9096847800,"PE_TTM":17.163396277343,"PB_TTM":0.786705462899,"REPORT_DATE_SQ":"2019-06-30 00:00:00","REPORT_TYPE_SQ":"2019年中报","OPERATE_INCOME_SQ":4639037000,"DPS_HKD":null,"OPERATE_INCOME_QOQ_SQ":7.418804368688,"NET_PROFIT_RATIO_SQ":8.6941319933,"HOLDER_PROFIT_SQ":403324000,"HOLDER_PROFIT_QOQ_SQ":7.258468773417,"ROE_AVG_SQ":6.630102721846,"PE_TTM_SQ":59.319234646496,"PB_TTM_SQ":0.81273776088,"ROA_SQ":3.025592339983,"START_DATE":"2020-01-01 00:00:00","FISCAL_YEAR":"12-31","CURRENCY":"HKD","IS_CNY_CODE":0,"DPS_HKD_LY":null,"ORG_TYPE":"一般企业","PREMIUM_INCOME":null,"PREMIUM_INCOME_YOY":null,"NET_INTEREST_INCOME":null,"NET_INTEREST_INCOME_YOY":null,"FEE_COMMISSION_INCOME":null,"FEE_COMMISSION_INCOME_YOY":null,"ACCOUNTS_RECE_TDAYS":2.368396412936,"INVENTORY_TDAYS":1.247015455145,"CURRENT_ASSETS_TDAYS":0.475925465341,"TOTAL_ASSETS_TDAYS":0.205756623905,"PREMIUM_EXPENSE":null,"LOAN_DEPOSIT":null,"LOAN_EQUITY":null,"LOAN_ASSETS":null,"DEPOSIT_EQUITY":null,"DEPOSIT_ASSETS":null,"EQUITY_MULTIPLIER":2.708283160208,"EQUITY_RATIO":1.708283160206}],"count":31},"success":true,"message":"ok","code":0}