{"version":"324389e2a5c464e540ec84c4949adda7","result":{"pages":4,"data":[{"SECUCODE":"02293.HK","SECURITY_CODE":"02293","SECURITY_NAME_ABBR":"百本医护","ORG_CODE":"10401506","STD_REPORT_DATE":"2023-12-31 00:00:00","REPORT_DATE":"2024-06-30 00:00:00","DATE_TYPE_CODE":"001","REPORT_TYPE":"2023年年报","PER_NETCASH_OPERATE":0.084847990359,"PER_OI":0.214953533668,"BPS":0.495109510709,"BASIC_EPS":0.070550164,"DILUTED_EPS":0.070550164,"OPERATE_INCOME":86510199.16,"OPERATE_INCOME_YOY":-25.103904929,"GROSS_PROFIT":78549804.2,"GROSS_PROFIT_YOY":-27.475365837727,"HOLDER_PROFIT":28219152.92,"HOLDER_PROFIT_YOY":-34.1013235576,"GROSS_PROFIT_RATIO":90.798316224799,"EPS_TTM":0.078165519083,"OPERATE_INCOME_QOQ":-13.217499966382,"NET_PROFIT_RATIO":32.6194520346,"ROE_AVG":14.033487198341,"GROSS_PROFIT_QOQ":-14.7186853179,"ROA":9.300485794643,"HOLDER_PROFIT_QOQ":-27.277685649937,"ROE_YEARLY":14.033487198341,"ROIC_YEARLY":12.607803879513,"TOTAL_ASSETS":290288826.16,"TOTAL_LIABILITIES":91027052.48,"TAX_EBT":21.183308266843,"OCF_SALES":39.472712502769,"TOTAL_PARENT_EQUITY":199261773.68,"DEBT_ASSET_RATIO":31.357408304,"OPERATE_PROFIT":37166154.96,"PRETAX_PROFIT":35803523.72,"NETCASH_OPERATE":34147922.2,"NETCASH_INVEST":-6471813.88,"NETCASH_FINANCE":-38734139.2,"END_CASH":74061243.96,"DIVI_RATIO":0.871586356741,"DIVIDEND_RATE":10.869565217391,"CURRENT_RATIO":1.283745561774,"COMMON_ACS":2000000000,"CURRENTDEBT_DEBT":99.965910002406,"ISSUED_COMMON_SHARES":402460000,"HK_COMMON_SHARES":402460000,"PER_SHARES":4000,"TOTAL_MARKET_CAP":277697400,"HKSK_MARKET_CAP":277697400,"PE_TTM":8.981448300398,"PB_TTM":1.271939210172,"REPORT_DATE_SQ":"2022-12-31 00:00:00","REPORT_TYPE_SQ":"2022年年报","OPERATE_INCOME_SQ":116683944.84,"DPS_HKD":0.075,"OPERATE_INCOME_QOQ_SQ":0.625376252415,"NET_PROFIT_RATIO_SQ":37.0731206245,"HOLDER_PROFIT_SQ":43258379.62,"HOLDER_PROFIT_QOQ_SQ":-0.133224179037,"ROE_AVG_SQ":21.675448058893,"PE_TTM_SQ":6.004433172062,"PB_TTM_SQ":1.267191435768,"ROA_SQ":13.440431294643,"START_DATE":"2023-07-01 00:00:00","FISCAL_YEAR":"6-30","CURRENCY":"HKD","IS_CNY_CODE":0,"DPS_HKD_LY":0.0875,"ORG_TYPE":"一般企业","PREMIUM_INCOME":null,"PREMIUM_INCOME_YOY":null,"NET_INTEREST_INCOME":null,"NET_INTEREST_INCOME_YOY":null,"FEE_COMMISSION_INCOME":null,"FEE_COMMISSION_INCOME_YOY":null,"ACCOUNTS_RECE_TDAYS":2.225595510631,"INVENTORY_TDAYS":5.573162939297,"CURRENT_ASSETS_TDAYS":0.674645371141,"TOTAL_ASSETS_TDAYS":0.285120847057,"PREMIUM_EXPENSE":null,"LOAN_DEPOSIT":null,"LOAN_EQUITY":null,"LOAN_ASSETS":null,"DEPOSIT_EQUITY":null,"DEPOSIT_ASSETS":null,"EQUITY_MULTIPLIER":1.456821450491,"EQUITY_RATIO":0.456821450491},{"SECUCODE":"02293.HK","SECURITY_CODE":"02293","SECURITY_NAME_ABBR":"百本医护","ORG_CODE":"10401506","STD_REPORT_DATE":"2023-06-30 00:00:00","REPORT_DATE":"2023-12-31 00:00:00","DATE_TYPE_CODE":"002","REPORT_TYPE":"2023年中报","PER_NETCASH_OPERATE":-0.001128102718,"PER_OI":0.111916346121,"BPS":0.502557376634,"BASIC_EPS":0.038786216,"DILUTED_EPS":0.038786216,"OPERATE_INCOME":45041852.66,"OPERATE_INCOME_YOY":-26.5715256541,"GROSS_PROFIT":40431005.3,"GROSS_PROFIT_YOY":-28.278828546108,"HOLDER_PROFIT":15517205.06,"HOLDER_PROFIT_YOY":-44.00771721,"GROSS_PROFIT_RATIO":89.76319336861,"EPS_TTM":0.10814594905,"OPERATE_INCOME_QOQ":-3.350685355255,"NET_PROFIT_RATIO":34.4506367825,"ROE_AVG":7.686920607843,"GROSS_PROFIT_QOQ":0.040136644099,"ROA":5.075594432645,"HOLDER_PROFIT_QOQ":-13.594618799821,"ROE_YEARLY":15.373841215685,"ROIC_YEARLY":13.516548358386,"TOTAL_ASSETS":297141382.02,"TOTAL_LIABILITIES":94882140.22,"TAX_EBT":18.523981728207,"OCF_SALES":-1.007987445426,"TOTAL_PARENT_EQUITY":202259241.8,"DEBT_ASSET_RATIO":31.9316480172,"OPERATE_PROFIT":19113086.02,"PRETAX_PROFIT":19045119.52,"NETCASH_OPERATE":-454016.22,"NETCASH_INVEST":-1662913.7,"NETCASH_FINANCE":-14691638.64,"END_CASH":67715477.06,"DIVI_RATIO":0.629963494689,"DIVIDEND_RATE":10.869565217391,"CURRENT_RATIO":1.335224066192,"COMMON_ACS":2000000000,"CURRENTDEBT_DEBT":99.851004288402,"ISSUED_COMMON_SHARES":402460000,"HK_COMMON_SHARES":402460000,"PER_SHARES":4000,"TOTAL_MARKET_CAP":277697400,"HKSK_MARKET_CAP":277697400,"PE_TTM":8.981448300398,"PB_TTM":1.271939210172,"REPORT_DATE_SQ":"2022-06-30 00:00:00","REPORT_TYPE_SQ":"2022年中报","OPERATE_INCOME_SQ":60464553.03,"DPS_HKD":0.075,"OPERATE_INCOME_QOQ_SQ":0.426581216419,"NET_PROFIT_RATIO_SQ":45.1786848676,"HOLDER_PROFIT_SQ":27317089.87,"HOLDER_PROFIT_QOQ_SQ":-18.582253135012,"ROE_AVG_SQ":14.181835045331,"PE_TTM_SQ":6.004433172062,"PB_TTM_SQ":1.267191435768,"ROA_SQ":8.811114664638,"START_DATE":"2023-07-01 00:00:00","FISCAL_YEAR":"6-30","CURRENCY":"HKD","IS_CNY_CODE":0,"DPS_HKD_LY":0.0875,"ORG_TYPE":"一般企业","PREMIUM_INCOME":null,"PREMIUM_INCOME_YOY":null,"NET_INTEREST_INCOME":null,"NET_INTEREST_INCOME_YOY":null,"FEE_COMMISSION_INCOME":null,"FEE_COMMISSION_INCOME_YOY":null,"ACCOUNTS_RECE_TDAYS":1.003027061934,"INVENTORY_TDAYS":2.079705702023,"CURRENT_ASSETS_TDAYS":0.339736907761,"TOTAL_ASSETS_TDAYS":0.147329480865,"PREMIUM_EXPENSE":null,"LOAN_DEPOSIT":null,"LOAN_EQUITY":null,"LOAN_ASSETS":null,"DEPOSIT_EQUITY":null,"DEPOSIT_ASSETS":null,"EQUITY_MULTIPLIER":1.469111519334,"EQUITY_RATIO":0.469111519333},{"SECUCODE":"02293.HK","SECURITY_CODE":"02293","SECURITY_NAME_ABBR":"百本医护","ORG_CODE":"10401506","STD_REPORT_DATE":"2022-12-31 00:00:00","REPORT_DATE":"2023-06-30 00:00:00","DATE_TYPE_CODE":"001","REPORT_TYPE":"2022年年报","PER_NETCASH_OPERATE":0.0966603832,"PER_OI":0.2917098621,"BPS":0.509304262784,"BASIC_EPS":0.108148254,"DILUTED_EPS":0.108148254,"OPERATE_INCOME":116683944.84,"OPERATE_INCOME_YOY":-9.7915107452,"GROSS_PROFIT":108307756.54,"GROSS_PROFIT_YOY":-6.936301973492,"HOLDER_PROFIT":43258379.62,"HOLDER_PROFIT_YOY":-19.9607642443,"GROSS_PROFIT_RATIO":92.821473158552,"EPS_TTM":0.125161127175,"OPERATE_INCOME_QOQ":0.625376252415,"NET_PROFIT_RATIO":37.0731206245,"ROE_AVG":21.675448058893,"GROSS_PROFIT_QOQ":-2.871407032729,"ROA":13.440431294643,"HOLDER_PROFIT_QOQ":-0.133224179037,"ROE_YEARLY":21.675448058893,"ROIC_YEARLY":18.093089619004,"TOTAL_ASSETS":319768479.44,"TOTAL_LIABILITIES":114793885.84,"TAX_EBT":20.034427514743,"OCF_SALES":33.135795445567,"TOTAL_PARENT_EQUITY":204974593.6,"DEBT_ASSET_RATIO":35.8990623594,"OPERATE_PROFIT":55175893.1,"PRETAX_PROFIT":54096254.52,"NETCASH_OPERATE":38664153.28,"NETCASH_INVEST":6377335.66,"NETCASH_FINANCE":-38535998.06,"END_CASH":85992152.62,"DIVI_RATIO":0.544322359008,"DIVIDEND_RATE":10.869565217391,"CURRENT_RATIO":1.235304090876,"COMMON_ACS":2000000000,"CURRENTDEBT_DEBT":99.480354676005,"ISSUED_COMMON_SHARES":402460000,"HK_COMMON_SHARES":402460000,"PER_SHARES":4000,"TOTAL_MARKET_CAP":277697400,"HKSK_MARKET_CAP":277697400,"PE_TTM":8.981448300398,"PB_TTM":1.271939210172,"REPORT_DATE_SQ":"2021-12-31 00:00:00","REPORT_TYPE_SQ":"2021年年报","OPERATE_INCOME_SQ":119978881.05,"DPS_HKD":0.075,"OPERATE_INCOME_QOQ_SQ":30.92154511097,"NET_PROFIT_RATIO_SQ":41.7833850102,"HOLDER_PROFIT_SQ":50131237.8,"HOLDER_PROFIT_QOQ_SQ":21.265657935822,"ROE_AVG_SQ":28.920298971361,"PE_TTM_SQ":6.004433172062,"PB_TTM_SQ":1.267191435768,"ROA_SQ":19.797833788708,"START_DATE":"2022-07-01 00:00:00","FISCAL_YEAR":"6-30","CURRENCY":"HKD","IS_CNY_CODE":0,"DPS_HKD_LY":0.0875,"ORG_TYPE":"一般企业","PREMIUM_INCOME":null,"PREMIUM_INCOME_YOY":null,"NET_INTEREST_INCOME":null,"NET_INTEREST_INCOME_YOY":null,"FEE_COMMISSION_INCOME":null,"FEE_COMMISSION_INCOME_YOY":null,"ACCOUNTS_RECE_TDAYS":2.780669471695,"INVENTORY_TDAYS":3.548135129857,"CURRENT_ASSETS_TDAYS":0.856556933239,"TOTAL_ASSETS_TDAYS":0.362538439393,"PREMIUM_EXPENSE":null,"LOAN_DEPOSIT":null,"LOAN_EQUITY":null,"LOAN_ASSETS":null,"DEPOSIT_EQUITY":null,"DEPOSIT_ASSETS":null,"EQUITY_MULTIPLIER":1.560039582583,"EQUITY_RATIO":0.560039582584},{"SECUCODE":"02293.HK","SECURITY_CODE":"02293","SECURITY_NAME_ABBR":"百本医护","ORG_CODE":"10401506","STD_REPORT_DATE":"2022-06-30 00:00:00","REPORT_DATE":"2022-12-31 00:00:00","DATE_TYPE_CODE":"002","REPORT_TYPE":"2022年中报","PER_NETCASH_OPERATE":0.013227095525,"PER_OI":0.151161382575,"BPS":0.489775905904,"BASIC_EPS":0.068335155,"DILUTED_EPS":0.068335155,"OPERATE_INCOME":60464553.03,"OPERATE_INCOME_YOY":-7.3210471548,"GROSS_PROFIT":56372483.16,"GROSS_PROFIT_YOY":-5.596237678248,"HOLDER_PROFIT":27317089.87,"HOLDER_PROFIT_YOY":-8.6943540441,"GROSS_PROFIT_RATIO":93.232282941098,"EPS_TTM":0.1253280945,"OPERATE_INCOME_QOQ":0.426581216419,"NET_PROFIT_RATIO":45.1786848676,"ROE_AVG":14.181835045331,"GROSS_PROFIT_QOQ":-2.109035533473,"ROA":8.811114664638,"HOLDER_PROFIT_QOQ":-18.582253135012,"ROE_YEARLY":28.363670090663,"ROIC_YEARLY":22.87032657205,"TOTAL_ASSETS":306210276.19,"TOTAL_LIABILITIES":109095065.1,"TAX_EBT":19.798059270915,"OCF_SALES":8.750313935795,"TOTAL_PARENT_EQUITY":197115211.09,"DEBT_ASSET_RATIO":35.6274996572,"OPERATE_PROFIT":34540071.09,"PRETAX_PROFIT":34060385.1,"NETCASH_OPERATE":5290838.21,"NETCASH_INVEST":2794148.56,"NETCASH_FINANCE":-19902055.6,"END_CASH":65225682.13,"DIVI_RATIO":0.543597190014,"DIVIDEND_RATE":10.869565217391,"CURRENT_RATIO":1.175207830851,"COMMON_ACS":2000000000,"CURRENTDEBT_DEBT":98.788995332842,"ISSUED_COMMON_SHARES":402460000,"HK_COMMON_SHARES":402460000,"PER_SHARES":4000,"TOTAL_MARKET_CAP":277697400,"HKSK_MARKET_CAP":277697400,"PE_TTM":8.981448300398,"PB_TTM":1.271939210172,"REPORT_DATE_SQ":"2021-06-30 00:00:00","REPORT_TYPE_SQ":"2021年中报","OPERATE_INCOME_SQ":59714233.6,"DPS_HKD":0.075,"OPERATE_INCOME_QOQ_SQ":42.714456088802,"NET_PROFIT_RATIO_SQ":45.8582069117,"HOLDER_PROFIT_SQ":27383876.8,"HOLDER_PROFIT_QOQ_SQ":72.177834420832,"ROE_AVG_SQ":17.174928593772,"PE_TTM_SQ":6.004433172062,"PB_TTM_SQ":1.267191435768,"ROA_SQ":11.622189488222,"START_DATE":"2022-07-01 00:00:00","FISCAL_YEAR":"6-30","CURRENCY":"HKD","IS_CNY_CODE":0,"DPS_HKD_LY":0.0875,"ORG_TYPE":"一般企业","PREMIUM_INCOME":null,"PREMIUM_INCOME_YOY":null,"NET_INTEREST_INCOME":null,"NET_INTEREST_INCOME_YOY":null,"FEE_COMMISSION_INCOME":null,"FEE_COMMISSION_INCOME_YOY":null,"ACCOUNTS_RECE_TDAYS":1.361581864081,"INVENTORY_TDAYS":1.732602118003,"CURRENT_ASSETS_TDAYS":0.476200191355,"TOTAL_ASSETS_TDAYS":0.195028135291,"PREMIUM_EXPENSE":null,"LOAN_DEPOSIT":null,"LOAN_EQUITY":null,"LOAN_ASSETS":null,"DEPOSIT_EQUITY":null,"DEPOSIT_ASSETS":null,"EQUITY_MULTIPLIER":1.553458378461,"EQUITY_RATIO":0.553458378462},{"SECUCODE":"02293.HK","SECURITY_CODE":"02293","SECURITY_NAME_ABBR":"百本医护","ORG_CODE":"10401506","STD_REPORT_DATE":"2021-12-31 00:00:00","REPORT_DATE":"2022-06-30 00:00:00","DATE_TYPE_CODE":"001","REPORT_TYPE":"2021年年报","PER_NETCASH_OPERATE":0.248242415225,"PER_OI":0.299947202625,"BPS":0.447511751652,"BASIC_EPS":0.125370854,"DILUTED_EPS":0.125370854,"OPERATE_INCOME":119978881.05,"OPERATE_INCOME_YOY":27.9270160849,"GROSS_PROFIT":116380241.53,"GROSS_PROFIT_YOY":28.35453135893,"HOLDER_PROFIT":50131237.8,"HOLDER_PROFIT_YOY":-3.9362852742,"GROSS_PROFIT_RATIO":97.000605866211,"EPS_TTM":0.1539321577,"OPERATE_INCOME_QOQ":30.92154511097,"NET_PROFIT_RATIO":41.7833850102,"ROE_AVG":28.920298971361,"GROSS_PROFIT_QOQ":31.119896569023,"ROA":19.797833788708,"HOLDER_PROFIT_QOQ":21.265657935822,"ROE_YEARLY":28.920298971361,"ROIC_YEARLY":26.095898643565,"TOTAL_ASSETS":300470151.31,"TOTAL_LIABILITIES":120364571.74,"TAX_EBT":19.074506122562,"OCF_SALES":82.762037136035,"TOTAL_PARENT_EQUITY":180105579.57,"DEBT_ASSET_RATIO":40.0587450085,"OPERATE_PROFIT":62564845.21,"PRETAX_PROFIT":61947398.03,"NETCASH_OPERATE":99296966.09,"NETCASH_INVEST":-95464859.7,"NETCASH_FINANCE":21508028.5,"END_CASH":73775530.92,"DIVI_RATIO":0.442584584131,"DIVIDEND_RATE":10.869565217391,"CURRENT_RATIO":1.012843749778,"COMMON_ACS":2000000000,"CURRENTDEBT_DEBT":99.960922512896,"ISSUED_COMMON_SHARES":402460000,"HK_COMMON_SHARES":402460000,"PER_SHARES":4000,"TOTAL_MARKET_CAP":277697400,"HKSK_MARKET_CAP":277697400,"PE_TTM":8.981448300398,"PB_TTM":1.271939210172,"REPORT_DATE_SQ":"2020-12-31 00:00:00","REPORT_TYPE_SQ":"2020年年报","OPERATE_INCOME_SQ":91252549.44,"DPS_HKD":0.075,"OPERATE_INCOME_QOQ_SQ":-3.205516343318,"NET_PROFIT_RATIO_SQ":55.6424845899,"HOLDER_PROFIT_SQ":50775185.76,"HOLDER_PROFIT_QOQ_SQ":5.192121725091,"ROE_AVG_SQ":35.064270897379,"PE_TTM_SQ":6.004433172062,"PB_TTM_SQ":1.267191435768,"ROA_SQ":28.871393559742,"START_DATE":"2021-07-01 00:00:00","FISCAL_YEAR":"6-30","CURRENCY":"HKD","IS_CNY_CODE":0,"DPS_HKD_LY":0.1,"ORG_TYPE":"一般企业","PREMIUM_INCOME":null,"PREMIUM_INCOME_YOY":null,"NET_INTEREST_INCOME":null,"NET_INTEREST_INCOME_YOY":null,"FEE_COMMISSION_INCOME":null,"FEE_COMMISSION_INCOME_YOY":null,"ACCOUNTS_RECE_TDAYS":2.544641642559,"INVENTORY_TDAYS":2.436595251882,"CURRENT_ASSETS_TDAYS":0.890739282812,"TOTAL_ASSETS_TDAYS":0.473820725245,"PREMIUM_EXPENSE":null,"LOAN_DEPOSIT":null,"LOAN_EQUITY":null,"LOAN_ASSETS":null,"DEPOSIT_EQUITY":null,"DEPOSIT_ASSETS":null,"EQUITY_MULTIPLIER":1.668300071698,"EQUITY_RATIO":0.668300071699},{"SECUCODE":"02293.HK","SECURITY_CODE":"02293","SECURITY_NAME_ABBR":"百本医护","ORG_CODE":"10401506","STD_REPORT_DATE":"2021-06-30 00:00:00","REPORT_DATE":"2021-12-31 00:00:00","DATE_TYPE_CODE":"002","REPORT_TYPE":"2021年中报","PER_NETCASH_OPERATE":0.141234268,"PER_OI":0.149285584,"BPS":0.396621120111,"BASIC_EPS":0.06843312,"DILUTED_EPS":0.06843312,"OPERATE_INCOME":59714233.6,"OPERATE_INCOME_YOY":95.1581872595,"GROSS_PROFIT":59714233.6,"GROSS_PROFIT_YOY":89.583829075825,"HOLDER_PROFIT":27383876.8,"HOLDER_PROFIT_YOY":69.9548383823,"GROSS_PROFIT_RATIO":null,"EPS_TTM":0.1269379644,"OPERATE_INCOME_QOQ":42.714456088802,"NET_PROFIT_RATIO":45.8582069117,"ROE_AVG":17.174928593772,"GROSS_PROFIT_QOQ":41.804825159031,"ROA":11.622189488222,"HOLDER_PROFIT_QOQ":72.177834420832,"ROE_YEARLY":34.349857187543,"ROIC_YEARLY":28.652883317756,"TOTAL_ASSETS":274326057.6,"TOTAL_LIABILITIES":114701921.6,"TAX_EBT":20.784749651144,"OCF_SALES":94.606769264472,"TOTAL_PARENT_EQUITY":159624136,"DEBT_ASSET_RATIO":41.8122589606,"OPERATE_PROFIT":34652340.8,"PRETAX_PROFIT":34568945.6,"NETCASH_OPERATE":56493707.2,"NETCASH_INVEST":-103934947.2,"NETCASH_FINANCE":43775939.2,"END_CASH":42631299.2,"DIVI_RATIO":0.536703107869,"DIVIDEND_RATE":10.869565217391,"CURRENT_RATIO":1.525589450573,"COMMON_ACS":2000000000,"CURRENTDEBT_DEBT":52.270637460707,"ISSUED_COMMON_SHARES":402460000,"HK_COMMON_SHARES":402460000,"PER_SHARES":4000,"TOTAL_MARKET_CAP":277697400,"HKSK_MARKET_CAP":277697400,"PE_TTM":8.981448300398,"PB_TTM":1.271939210172,"REPORT_DATE_SQ":"2020-06-30 00:00:00","REPORT_TYPE_SQ":"2020年中报","OPERATE_INCOME_SQ":31497535.36,"DPS_HKD":0.075,"OPERATE_INCOME_QOQ_SQ":-7.880826183627,"NET_PROFIT_RATIO_SQ":52.6587216759,"HOLDER_PROFIT_SQ":16586199.48,"HOLDER_PROFIT_QOQ_SQ":-22.008319050825,"ROE_AVG_SQ":12.482027830735,"PE_TTM_SQ":6.004433172062,"PB_TTM_SQ":1.267191435768,"ROA_SQ":10.456944101752,"START_DATE":"2021-07-01 00:00:00","FISCAL_YEAR":"6-30","CURRENCY":"HKD","IS_CNY_CODE":0,"DPS_HKD_LY":0.1,"ORG_TYPE":"一般企业","PREMIUM_INCOME":null,"PREMIUM_INCOME_YOY":null,"NET_INTEREST_INCOME":null,"NET_INTEREST_INCOME_YOY":null,"FEE_COMMISSION_INCOME":null,"FEE_COMMISSION_INCOME_YOY":null,"ACCOUNTS_RECE_TDAYS":1.268459581267,"INVENTORY_TDAYS":null,"CURRENT_ASSETS_TDAYS":0.513645330417,"TOTAL_ASSETS_TDAYS":0.253437503795,"PREMIUM_EXPENSE":null,"LOAN_DEPOSIT":null,"LOAN_EQUITY":null,"LOAN_ASSETS":null,"DEPOSIT_EQUITY":null,"DEPOSIT_ASSETS":null,"EQUITY_MULTIPLIER":1.718575050581,"EQUITY_RATIO":0.71857505058},{"SECUCODE":"02293.HK","SECURITY_CODE":"02293","SECURITY_NAME_ABBR":"百本医护","ORG_CODE":"10401506","STD_REPORT_DATE":"2020-12-31 00:00:00","REPORT_DATE":"2021-06-30 00:00:00","DATE_TYPE_CODE":"001","REPORT_TYPE":"2020年年报","PER_NETCASH_OPERATE":0.1028409276,"PER_OI":0.2281313736,"BPS":0.402719194355,"BASIC_EPS":0.126975408,"DILUTED_EPS":0.126975408,"OPERATE_INCOME":91252549.44,"OPERATE_INCOME_YOY":51.6468928897,"GROSS_PROFIT":90670925.52,"GROSS_PROFIT_YOY":37.259248312945,"HOLDER_PROFIT":50775185.76,"HOLDER_PROFIT_YOY":98.8270176925,"GROSS_PROFIT_RATIO":null,"EPS_TTM":0.07372491635,"OPERATE_INCOME_QOQ":-3.205516343318,"NET_PROFIT_RATIO":55.6424845899,"ROE_AVG":35.064270897379,"GROSS_PROFIT_QOQ":-3.205516343318,"ROA":28.871393559742,"HOLDER_PROFIT_QOQ":5.192121725091,"ROE_YEARLY":35.064270897379,"ROIC_YEARLY":46.153787973331,"TOTAL_ASSETS":200395650.96,"TOTAL_LIABILITIES":38317284,"TAX_EBT":16.954273271639,"OCF_SALES":45.079695079695,"TOTAL_PARENT_EQUITY":162078366.96,"DEBT_ASSET_RATIO":19.1208161537,"OPERATE_PROFIT":61310982.72,"PRETAX_PROFIT":61141238.4,"NETCASH_OPERATE":41136371.04,"NETCASH_INVEST":-59391374.16,"NETCASH_FINANCE":-19174451.52,"END_CASH":47138996.16,"DIVI_RATIO":0.924083788398,"DIVIDEND_RATE":10.869565217391,"CURRENT_RATIO":3.805815390046,"COMMON_ACS":2000000000,"CURRENTDEBT_DEBT":98.43213897937,"ISSUED_COMMON_SHARES":402460000,"HK_COMMON_SHARES":402460000,"PER_SHARES":4000,"TOTAL_MARKET_CAP":277697400,"HKSK_MARKET_CAP":277697400,"PE_TTM":8.981448300398,"PB_TTM":1.271939210172,"REPORT_DATE_SQ":"2019-12-31 00:00:00","REPORT_TYPE_SQ":"2019年年报","OPERATE_INCOME_SQ":66058153.92,"DPS_HKD":0.075,"OPERATE_INCOME_QOQ_SQ":3.894153765067,"NET_PROFIT_RATIO_SQ":42.4375674106,"HOLDER_PROFIT_SQ":28034387.04,"HOLDER_PROFIT_QOQ_SQ":4.991733994488,"ROE_AVG_SQ":20.241251500402,"PE_TTM_SQ":6.004433172062,"PB_TTM_SQ":1.267191435768,"ROA_SQ":16.914767560418,"START_DATE":"2020-07-01 00:00:00","FISCAL_YEAR":"6-30","CURRENCY":"HKD","IS_CNY_CODE":0,"DPS_HKD_LY":0.05,"ORG_TYPE":"一般企业","PREMIUM_INCOME":null,"PREMIUM_INCOME_YOY":null,"NET_INTEREST_INCOME":null,"NET_INTEREST_INCOME_YOY":null,"FEE_COMMISSION_INCOME":null,"FEE_COMMISSION_INCOME_YOY":null,"ACCOUNTS_RECE_TDAYS":2.443800695249,"INVENTORY_TDAYS":null,"CURRENT_ASSETS_TDAYS":0.721701791619,"TOTAL_ASSETS_TDAYS":0.518873191457,"PREMIUM_EXPENSE":null,"LOAN_DEPOSIT":null,"LOAN_EQUITY":null,"LOAN_ASSETS":null,"DEPOSIT_EQUITY":null,"DEPOSIT_ASSETS":null,"EQUITY_MULTIPLIER":1.236412080889,"EQUITY_RATIO":0.236412080888},{"SECUCODE":"02293.HK","SECURITY_CODE":"02293","SECURITY_NAME_ABBR":"百本医护","ORG_CODE":"10401506","STD_REPORT_DATE":"2020-06-30 00:00:00","REPORT_DATE":"2020-12-31 00:00:00","DATE_TYPE_CODE":"002","REPORT_TYPE":"2020年中报","PER_NETCASH_OPERATE":0.0354309399,"PER_OI":0.0787438384,"BPS":0.339815861949,"BASIC_EPS":0.041492852,"DILUTED_EPS":0.041492852,"OPERATE_INCOME":31497535.36,"OPERATE_INCOME_YOY":-0.271811544,"GROSS_PROFIT":31497535.36,"GROSS_PROFIT_YOY":-6.299278246767,"HOLDER_PROFIT":16586199.48,"HOLDER_PROFIT_YOY":16.6716002605,"GROSS_PROFIT_RATIO":null,"EPS_TTM":0.0700859676,"OPERATE_INCOME_QOQ":-7.880826183627,"NET_PROFIT_RATIO":52.6587216759,"ROE_AVG":12.482027830735,"GROSS_PROFIT_QOQ":-7.880826183627,"ROA":10.456944101752,"HOLDER_PROFIT_QOQ":-22.008319050825,"ROE_YEARLY":24.964055661471,"ROIC_YEARLY":33.880471923151,"TOTAL_ASSETS":164151782.32,"TOTAL_LIABILITIES":27389490.52,"TAX_EBT":16.728640243387,"OCF_SALES":44.995190252245,"TOTAL_PARENT_EQUITY":136762291.8,"DEBT_ASSET_RATIO":16.6854664219,"OPERATE_PROFIT":19933401.76,"PRETAX_PROFIT":19918252.24,"NETCASH_OPERATE":14172375.96,"NETCASH_INVEST":-53878426.24,"NETCASH_FINANCE":-10003733.04,"END_CASH":35868171.88,"DIVI_RATIO":0.972063343533,"DIVIDEND_RATE":10.869565217391,"CURRENT_RATIO":2.75735341651,"COMMON_ACS":2000000000,"CURRENTDEBT_DEBT":95.068063792521,"ISSUED_COMMON_SHARES":402460000,"HK_COMMON_SHARES":402460000,"PER_SHARES":4000,"TOTAL_MARKET_CAP":277697400,"HKSK_MARKET_CAP":277697400,"PE_TTM":8.981448300398,"PB_TTM":1.271939210172,"REPORT_DATE_SQ":"2019-06-30 00:00:00","REPORT_TYPE_SQ":"2019年中报","OPERATE_INCOME_SQ":33615040.28,"DPS_HKD":0.075,"OPERATE_INCOME_QOQ_SQ":0.276382097992,"NET_PROFIT_RATIO_SQ":45.011458722,"HOLDER_PROFIT_SQ":15130619.98,"HOLDER_PROFIT_QOQ_SQ":5.075955529332,"ROE_AVG_SQ":11.321614692428,"PE_TTM_SQ":6.004433172062,"PB_TTM_SQ":1.267191435768,"ROA_SQ":9.303568084427,"START_DATE":"2020-07-01 00:00:00","FISCAL_YEAR":"6-30","CURRENCY":"HKD","IS_CNY_CODE":0,"DPS_HKD_LY":0.05,"ORG_TYPE":"一般企业","PREMIUM_INCOME":null,"PREMIUM_INCOME_YOY":null,"NET_INTEREST_INCOME":null,"NET_INTEREST_INCOME_YOY":null,"FEE_COMMISSION_INCOME":null,"FEE_COMMISSION_INCOME_YOY":null,"ACCOUNTS_RECE_TDAYS":1.245142400852,"INVENTORY_TDAYS":null,"CURRENT_ASSETS_TDAYS":0.34538004356,"TOTAL_ASSETS_TDAYS":0.198579528119,"PREMIUM_EXPENSE":null,"LOAN_DEPOSIT":null,"LOAN_EQUITY":null,"LOAN_ASSETS":null,"DEPOSIT_EQUITY":null,"DEPOSIT_ASSETS":null,"EQUITY_MULTIPLIER":1.200270777562,"EQUITY_RATIO":0.200270777562},{"SECUCODE":"02293.HK","SECURITY_CODE":"02293","SECURITY_NAME_ABBR":"百本医护","ORG_CODE":"10401506","STD_REPORT_DATE":"2019-12-31 00:00:00","REPORT_DATE":"2020-06-30 00:00:00","DATE_TYPE_CODE":"001","REPORT_TYPE":"2019年年报","PER_NETCASH_OPERATE":0.1015539756,"PER_OI":0.1651453848,"BPS":0.347870253541,"BASIC_EPS":0.070060848,"DILUTED_EPS":0.070060848,"OPERATE_INCOME":66058153.92,"OPERATE_INCOME_YOY":-7.8328915171,"GROSS_PROFIT":66058153.92,"GROSS_PROFIT_YOY":-4.293563908108,"HOLDER_PROFIT":28034387.04,"HOLDER_PROFIT_YOY":-21.1433710175,"GROSS_PROFIT_RATIO":null,"EPS_TTM":0.08986338895,"OPERATE_INCOME_QOQ":3.894153765067,"NET_PROFIT_RATIO":42.4375674106,"ROE_AVG":20.241251500402,"GROSS_PROFIT_QOQ":3.894153765067,"ROA":16.914767560418,"HOLDER_PROFIT_QOQ":4.991733994488,"ROE_YEARLY":20.241251500402,"ROIC_YEARLY":43.059374824625,"TOTAL_ASSETS":166135553.76,"TOTAL_LIABILITIES":26129864.64,"TAX_EBT":15.164750110571,"OCF_SALES":61.493680688072,"TOTAL_PARENT_EQUITY":140003862.24,"DEBT_ASSET_RATIO":15.728038971,"OPERATE_PROFIT":33011721.6,"PRETAX_PROFIT":33044605.44,"NETCASH_OPERATE":40621590.24,"NETCASH_INVEST":-26188324.8,"NETCASH_FINANCE":-30022945.92,"END_CASH":92835647.52,"DIVI_RATIO":0.758128541512,"DIVIDEND_RATE":10.869565217391,"CURRENT_RATIO":5.08022113972,"COMMON_ACS":2000000000,"CURRENTDEBT_DEBT":90.42158987625,"ISSUED_COMMON_SHARES":402460000,"HK_COMMON_SHARES":402460000,"PER_SHARES":4000,"TOTAL_MARKET_CAP":277697400,"HKSK_MARKET_CAP":277697400,"PE_TTM":8.981448300398,"PB_TTM":1.271939210172,"REPORT_DATE_SQ":"2018-12-31 00:00:00","REPORT_TYPE_SQ":"2018年年报","OPERATE_INCOME_SQ":69021642.24,"DPS_HKD":0.075,"OPERATE_INCOME_QOQ_SQ":0.346433283888,"NET_PROFIT_RATIO_SQ":49.602365416,"HOLDER_PROFIT_SQ":34236367.2,"HOLDER_PROFIT_QOQ_SQ":-8.467205187958,"ROE_AVG_SQ":28.776552876546,"PE_TTM_SQ":6.004433172062,"PB_TTM_SQ":1.267191435768,"ROA_SQ":23.356998397657,"START_DATE":"2019-07-01 00:00:00","FISCAL_YEAR":"6-30","CURRENCY":"HKD","IS_CNY_CODE":0,"DPS_HKD_LY":0.075,"ORG_TYPE":"一般企业","PREMIUM_INCOME":null,"PREMIUM_INCOME_YOY":null,"NET_INTEREST_INCOME":null,"NET_INTEREST_INCOME_YOY":null,"FEE_COMMISSION_INCOME":null,"FEE_COMMISSION_INCOME_YOY":null,"ACCOUNTS_RECE_TDAYS":2.202601041635,"INVENTORY_TDAYS":null,"CURRENT_ASSETS_TDAYS":0.483591730834,"TOTAL_ASSETS_TDAYS":0.398567058888,"PREMIUM_EXPENSE":null,"LOAN_DEPOSIT":null,"LOAN_EQUITY":null,"LOAN_ASSETS":null,"DEPOSIT_EQUITY":null,"DEPOSIT_ASSETS":null,"EQUITY_MULTIPLIER":1.186634306108,"EQUITY_RATIO":0.186636741458}],"count":34},"success":true,"message":"ok","code":0}