{"version":"9ac61617a38b800719b185cb00c5b934","result":{"pages":3,"data":[{"SECUCODE":"02292.HK","SECURITY_CODE":"02292","SECURITY_NAME_ABBR":"晋安实业","ORG_CODE":"10680993","STD_REPORT_DATE":"2024-06-30 00:00:00","REPORT_DATE":"2024-06-30 00:00:00","DATE_TYPE_CODE":"002","REPORT_TYPE":"2024年中报","PER_NETCASH_OPERATE":0.011277936056,"PER_OI":0.023534467889,"BPS":1.487184172556,"BASIC_EPS":-0.070002556,"DILUTED_EPS":-0.070002556,"OPERATE_INCOME":16944816.88,"OPERATE_INCOME_YOY":5.6447024013,"GROSS_PROFIT":14129199.08,"GROSS_PROFIT_YOY":2.308854789092,"HOLDER_PROFIT":-50399102.28,"HOLDER_PROFIT_YOY":-234.8553756595,"GROSS_PROFIT_RATIO":83.38360443822,"EPS_TTM":-0.127711381833,"OPERATE_INCOME_QOQ":2.314468008952,"NET_PROFIT_RATIO":-297.430787461,"ROE_AVG":-4.598575067131,"GROSS_PROFIT_QOQ":1.173250727665,"ROA":-4.525122703421,"HOLDER_PROFIT_QOQ":-62.008988970202,"ROE_YEARLY":-9.197150134261,"ROIC_YEARLY":-9.343959172951,"TOTAL_ASSETS":1088384590.2,"TOTAL_LIABILITIES":17611985.96,"TAX_EBT":-2.989667648924,"OCF_SALES":47.920930733599,"TOTAL_PARENT_EQUITY":1070772604.24,"DEBT_ASSET_RATIO":1.6181767106,"OPERATE_PROFIT":-48936076.24,"PRETAX_PROFIT":-48936076.24,"NETCASH_OPERATE":8120113.96,"NETCASH_INVEST":-35185639.36,"NETCASH_FINANCE":null,"END_CASH":3332194.68,"DIVI_RATIO":null,"DIVIDEND_RATE":null,"CURRENT_RATIO":4.256171995992,"COMMON_ACS":7600000000,"CURRENTDEBT_DEBT":56.88448981707,"ISSUED_COMMON_SHARES":720000000,"HK_COMMON_SHARES":720000000,"PER_SHARES":2000,"TOTAL_MARKET_CAP":324000000,"HKSK_MARKET_CAP":324000000,"PE_TTM":-3.19649569361,"PB_TTM":0.276163509254,"REPORT_DATE_SQ":"2023-06-30 00:00:00","REPORT_TYPE_SQ":"2023年中报","OPERATE_INCOME_SQ":16202876.52,"DPS_HKD":null,"OPERATE_INCOME_QOQ_SQ":-0.654487183076,"NET_PROFIT_RATIO_SQ":-93.837487197,"HOLDER_PROFIT_SQ":-15204372.18,"HOLDER_PROFIT_QOQ_SQ":-32.618150963463,"ROE_AVG_SQ":-1.285522688411,"PE_TTM_SQ":-10.597794088786,"PB_TTM_SQ":0.423669305708,"ROA_SQ":-1.267018039891,"START_DATE":"2024-01-01 00:00:00","FISCAL_YEAR":"12-31","CURRENCY":"HKD","IS_CNY_CODE":0,"DPS_HKD_LY":null,"ORG_TYPE":"一般企业","PREMIUM_INCOME":null,"PREMIUM_INCOME_YOY":null,"NET_INTEREST_INCOME":null,"NET_INTEREST_INCOME_YOY":null,"FEE_COMMISSION_INCOME":null,"FEE_COMMISSION_INCOME_YOY":null,"ACCOUNTS_RECE_TDAYS":5.44537322188,"INVENTORY_TDAYS":null,"CURRENT_ASSETS_TDAYS":0.444300859119,"TOTAL_ASSETS_TDAYS":0.015214035985,"PREMIUM_EXPENSE":null,"LOAN_DEPOSIT":null,"LOAN_EQUITY":null,"LOAN_ASSETS":null,"DEPOSIT_EQUITY":null,"DEPOSIT_ASSETS":null,"EQUITY_MULTIPLIER":1.016447923575,"EQUITY_RATIO":0.016447923574},{"SECUCODE":"02292.HK","SECURITY_CODE":"02292","SECURITY_NAME_ABBR":"晋安实业","ORG_CODE":"10680993","STD_REPORT_DATE":"2023-12-31 00:00:00","REPORT_DATE":"2023-12-31 00:00:00","DATE_TYPE_CODE":"001","REPORT_TYPE":"2023年年报","PER_NETCASH_OPERATE":0.019384297528,"PER_OI":0.044523092056,"BPS":1.546161098028,"BASIC_EPS":-0.07884114,"DILUTED_EPS":-0.07884114,"OPERATE_INCOME":32056626.28,"OPERATE_INCOME_YOY":-5.7120771917,"GROSS_PROFIT":27177537.8,"GROSS_PROFIT_YOY":-5.056096362805,"HOLDER_PROFIT":-56757464.82,"HOLDER_PROFIT_YOY":-60.7324334035,"GROSS_PROFIT_RATIO":84.779781760615,"EPS_TTM":-0.07882981225,"OPERATE_INCOME_QOQ":-3.714984134996,"NET_PROFIT_RATIO":-177.0537683044,"ROE_AVG":-4.971682974738,"GROSS_PROFIT_QOQ":-4.467734304139,"ROA":-4.896899357541,"HOLDER_PROFIT_QOQ":-22.956486691331,"ROE_YEARLY":-4.971682974738,"ROIC_YEARLY":-4.995949779661,"TOTAL_ASSETS":1131076743.72,"TOTAL_LIABILITIES":17840753.14,"TAX_EBT":-4.809478387469,"OCF_SALES":43.537626505343,"TOTAL_PARENT_EQUITY":1113235990.58,"DEBT_ASSET_RATIO":1.5773247252,"OPERATE_PROFIT":-54152988.54,"PRETAX_PROFIT":-54152988.54,"NETCASH_OPERATE":13956694.22,"NETCASH_INVEST":10055417.12,"NETCASH_FINANCE":null,"END_CASH":30182563.32,"DIVI_RATIO":null,"DIVIDEND_RATE":null,"CURRENT_RATIO":3.22940764108,"COMMON_ACS":7600000000,"CURRENTDEBT_DEBT":57.967186468228,"ISSUED_COMMON_SHARES":720000000,"HK_COMMON_SHARES":720000000,"PER_SHARES":2000,"TOTAL_MARKET_CAP":496800000,"HKSK_MARKET_CAP":496800000,"PE_TTM":-4.901293396869,"PB_TTM":0.42345071419,"REPORT_DATE_SQ":"2022-12-31 00:00:00","REPORT_TYPE_SQ":"2022年年报","OPERATE_INCOME_SQ":33512810.59,"DPS_HKD":null,"OPERATE_INCOME_QOQ_SQ":5.786838961212,"NET_PROFIT_RATIO_SQ":-103.8622491137,"HOLDER_PROFIT_SQ":-34807158.82,"HOLDER_PROFIT_QOQ_SQ":-1052.38025062671,"ROE_AVG_SQ":-2.973248697306,"PE_TTM_SQ":-12.010833300624,"PB_TTM_SQ":0.480158546469,"ROA_SQ":-2.846311176041,"START_DATE":"2023-01-01 00:00:00","FISCAL_YEAR":"12-31","CURRENCY":"HKD","IS_CNY_CODE":0,"DPS_HKD_LY":null,"ORG_TYPE":"一般企业","PREMIUM_INCOME":null,"PREMIUM_INCOME_YOY":null,"NET_INTEREST_INCOME":null,"NET_INTEREST_INCOME_YOY":null,"FEE_COMMISSION_INCOME":null,"FEE_COMMISSION_INCOME_YOY":null,"ACCOUNTS_RECE_TDAYS":13.561050412114,"INVENTORY_TDAYS":null,"CURRENT_ASSETS_TDAYS":1.261487438261,"TOTAL_ASSETS_TDAYS":0.027657696328,"PREMIUM_EXPENSE":null,"LOAN_DEPOSIT":null,"LOAN_EQUITY":null,"LOAN_ASSETS":null,"DEPOSIT_EQUITY":null,"DEPOSIT_ASSETS":null,"EQUITY_MULTIPLIER":1.016026029782,"EQUITY_RATIO":0.016026029783},{"SECUCODE":"02292.HK","SECURITY_CODE":"02292","SECURITY_NAME_ABBR":"晋安实业","ORG_CODE":"10680993","STD_REPORT_DATE":"2023-06-30 00:00:00","REPORT_DATE":"2023-06-30 00:00:00","DATE_TYPE_CODE":"002","REPORT_TYPE":"2023年中报","PER_NETCASH_OPERATE":0.010409410306,"PER_OI":0.022503995167,"BPS":1.632133814472,"BASIC_EPS":-0.021113342,"DILUTED_EPS":-0.021113342,"OPERATE_INCOME":16202876.52,"OPERATE_INCOME_YOY":-8.4830495235,"GROSS_PROFIT":13810338.42,"GROSS_PROFIT_YOY":-1.260446577332,"HOLDER_PROFIT":-15204372.18,"HOLDER_PROFIT_YOY":-266.2225183211,"GROSS_PROFIT_RATIO":85.233868214408,"EPS_TTM":-0.064111958931,"OPERATE_INCOME_QOQ":-0.654487183076,"NET_PROFIT_RATIO":-93.837487197,"ROE_AVG":-1.285522688411,"GROSS_PROFIT_QOQ":-0.615877844392,"ROA":-1.267018039891,"HOLDER_PROFIT_QOQ":-32.618150963463,"ROE_YEARLY":-2.571045376823,"ROIC_YEARLY":-2.577077124788,"TOTAL_ASSETS":1192359854.8,"TOTAL_LIABILITIES":17223508.38,"TAX_EBT":-9.669481944537,"OCF_SALES":46.2558324798,"TOTAL_PARENT_EQUITY":1175136346.42,"DEBT_ASSET_RATIO":1.4444891205,"OPERATE_PROFIT":-13863813.26,"PRETAX_PROFIT":-13863813.26,"NETCASH_OPERATE":7494775.42,"NETCASH_INVEST":-8556896.38,"NETCASH_FINANCE":null,"END_CASH":5215640.86,"DIVI_RATIO":null,"DIVIDEND_RATE":null,"CURRENT_RATIO":2.539428991095,"COMMON_ACS":7600000000,"CURRENTDEBT_DEBT":58.310582945239,"ISSUED_COMMON_SHARES":720000000,"HK_COMMON_SHARES":720000000,"PER_SHARES":2000,"TOTAL_MARKET_CAP":496800000,"HKSK_MARKET_CAP":496800000,"PE_TTM":-4.901293396869,"PB_TTM":0.42345071419,"REPORT_DATE_SQ":"2022-06-30 00:00:00","REPORT_TYPE_SQ":"2022年中报","OPERATE_INCOME_SQ":16422213.57,"DPS_HKD":null,"OPERATE_INCOME_QOQ_SQ":3.006757706728,"NET_PROFIT_RATIO_SQ":-23.4494610217,"HOLDER_PROFIT_SQ":-3850920.57,"HOLDER_PROFIT_QOQ_SQ":55.983585560654,"ROE_AVG_SQ":-0.339136358347,"PE_TTM_SQ":-12.010833300624,"PB_TTM_SQ":0.480158546469,"ROA_SQ":-0.324919085912,"START_DATE":"2023-01-01 00:00:00","FISCAL_YEAR":"12-31","CURRENCY":"HKD","IS_CNY_CODE":0,"DPS_HKD_LY":null,"ORG_TYPE":"一般企业","PREMIUM_INCOME":null,"PREMIUM_INCOME_YOY":null,"NET_INTEREST_INCOME":null,"NET_INTEREST_INCOME_YOY":null,"FEE_COMMISSION_INCOME":null,"FEE_COMMISSION_INCOME_YOY":null,"ACCOUNTS_RECE_TDAYS":null,"INVENTORY_TDAYS":null,"CURRENT_ASSETS_TDAYS":0.749568147406,"TOTAL_ASSETS_TDAYS":0.013502258828,"PREMIUM_EXPENSE":null,"LOAN_DEPOSIT":null,"LOAN_EQUITY":null,"LOAN_ASSETS":null,"DEPOSIT_EQUITY":null,"DEPOSIT_ASSETS":null,"EQUITY_MULTIPLIER":1.014656604259,"EQUITY_RATIO":0.014656604259},{"SECUCODE":"02292.HK","SECURITY_CODE":"02292","SECURITY_NAME_ABBR":"晋安实业","ORG_CODE":"10680993","STD_REPORT_DATE":"2022-12-31 00:00:00","REPORT_DATE":"2022-12-31 00:00:00","DATE_TYPE_CODE":"001","REPORT_TYPE":"2022年年报","PER_NETCASH_OPERATE":0.022596009042,"PER_OI":0.046545570264,"BPS":1.601769581806,"BASIC_EPS":-0.048325907,"DILUTED_EPS":-0.048325907,"OPERATE_INCOME":33512810.59,"OPERATE_INCOME_YOY":-0.2631858783,"GROSS_PROFIT":28624837.15,"GROSS_PROFIT_YOY":7.616293140074,"HOLDER_PROFIT":-34807158.82,"HOLDER_PROFIT_YOY":-364.2678422495,"GROSS_PROFIT_RATIO":85.414612042541,"EPS_TTM":-0.048343276139,"OPERATE_INCOME_QOQ":5.786838961212,"NET_PROFIT_RATIO":-103.8622491137,"ROE_AVG":-2.973248697306,"GROSS_PROFIT_QOQ":5.487072657429,"ROA":-2.846311176041,"HOLDER_PROFIT_QOQ":-1052.38025062671,"ROE_YEARLY":-2.973248697306,"ROIC_YEARLY":-2.948907970929,"TOTAL_ASSETS":1170058642.2,"TOTAL_LIABILITIES":16784543.3,"TAX_EBT":-9.185160277965,"OCF_SALES":48.545992483408,"TOTAL_PARENT_EQUITY":1153274098.9,"DEBT_ASSET_RATIO":1.4345044509,"OPERATE_PROFIT":-31845968.77,"PRETAX_PROFIT":-31879019.76,"NETCASH_OPERATE":16269126.51,"NETCASH_INVEST":-9438290.82,"NETCASH_FINANCE":-70289629.76,"END_CASH":6082275.43,"DIVI_RATIO":null,"DIVIDEND_RATE":null,"CURRENT_RATIO":1.673687875359,"COMMON_ACS":7600000000,"CURRENTDEBT_DEBT":61.144225651943,"ISSUED_COMMON_SHARES":720000000,"HK_COMMON_SHARES":720000000,"PER_SHARES":2000,"TOTAL_MARKET_CAP":496800000,"HKSK_MARKET_CAP":496800000,"PE_TTM":-4.901293396869,"PB_TTM":0.42345071419,"REPORT_DATE_SQ":"2021-12-31 00:00:00","REPORT_TYPE_SQ":"2021年年报","OPERATE_INCOME_SQ":30754841.6,"DPS_HKD":null,"OPERATE_INCOME_QOQ_SQ":-1.148163168167,"NET_PROFIT_RATIO_SQ":-22.312313909,"HOLDER_PROFIT_SQ":-6862116.8,"HOLDER_PROFIT_QOQ_SQ":85.078481389932,"ROE_AVG_SQ":-0.629050783878,"PE_TTM_SQ":-12.010833300624,"PB_TTM_SQ":0.480158546469,"ROA_SQ":-0.582101606657,"START_DATE":"2022-01-01 00:00:00","FISCAL_YEAR":"12-31","CURRENCY":"HKD","IS_CNY_CODE":0,"DPS_HKD_LY":null,"ORG_TYPE":"一般企业","PREMIUM_INCOME":null,"PREMIUM_INCOME_YOY":null,"NET_INTEREST_INCOME":null,"NET_INTEREST_INCOME_YOY":null,"FEE_COMMISSION_INCOME":null,"FEE_COMMISSION_INCOME_YOY":null,"ACCOUNTS_RECE_TDAYS":22.120872641509,"INVENTORY_TDAYS":null,"CURRENT_ASSETS_TDAYS":0.755500065447,"TOTAL_ASSETS_TDAYS":0.027404674945,"PREMIUM_EXPENSE":null,"LOAN_DEPOSIT":null,"LOAN_EQUITY":null,"LOAN_ASSETS":null,"DEPOSIT_EQUITY":null,"DEPOSIT_ASSETS":null,"EQUITY_MULTIPLIER":1.0145538197,"EQUITY_RATIO":0.0145538197},{"SECUCODE":"02292.HK","SECURITY_CODE":"02292","SECURITY_NAME_ABBR":"晋安实业","ORG_CODE":"10680993","STD_REPORT_DATE":"2022-06-30 00:00:00","REPORT_DATE":"2022-06-30 00:00:00","DATE_TYPE_CODE":"002","REPORT_TYPE":"2022年中报","PER_NETCASH_OPERATE":0.009935644931,"PER_OI":0.022808629958,"BPS":1.574420230931,"BASIC_EPS":-0.005387697,"DILUTED_EPS":-0.005387697,"OPERATE_INCOME":16422213.57,"OPERATE_INCOME_YOY":3.1033557047,"GROSS_PROFIT":13986632.45,"GROSS_PROFIT_YOY":3.991833933529,"HOLDER_PROFIT":-3850920.57,"HOLDER_PROFIT_YOY":51.2925905895,"GROSS_PROFIT_RATIO":85.168984012915,"EPS_TTM":-0.004195080236,"OPERATE_INCOME_QOQ":3.006757706728,"NET_PROFIT_RATIO":-23.4494610217,"ROE_AVG":-0.339136358347,"GROSS_PROFIT_QOQ":2.018465797757,"ROA":-0.324919085912,"HOLDER_PROFIT_QOQ":55.983585560654,"ROE_YEARLY":-0.678272716695,"ROIC_YEARLY":-0.670499367917,"TOTAL_ASSETS":1149056374.13,"TOTAL_LIABILITIES":15473807.86,"TAX_EBT":-57.447552447552,"OCF_SALES":43.560901942405,"TOTAL_PARENT_EQUITY":1133582566.27,"DEBT_ASSET_RATIO":1.3466534983,"OPERATE_PROFIT":-2414201.37,"PRETAX_PROFIT":-2445843.4,"NETCASH_OPERATE":7153664.35,"NETCASH_INVEST":29076.46,"NETCASH_FINANCE":-67293190.72,"END_CASH":6466091.59,"DIVI_RATIO":null,"DIVIDEND_RATE":null,"CURRENT_RATIO":0.885290986515,"COMMON_ACS":7600000000,"CURRENTDEBT_DEBT":62.29689399801,"ISSUED_COMMON_SHARES":720000000,"HK_COMMON_SHARES":720000000,"PER_SHARES":2000,"TOTAL_MARKET_CAP":496800000,"HKSK_MARKET_CAP":496800000,"PE_TTM":-4.901293396869,"PB_TTM":0.42345071419,"REPORT_DATE_SQ":"2021-06-30 00:00:00","REPORT_TYPE_SQ":"2021年中报","OPERATE_INCOME_SQ":15497490,"DPS_HKD":null,"OPERATE_INCOME_QOQ_SQ":-9.21907284767,"NET_PROFIT_RATIO_SQ":-49.6375838926,"HOLDER_PROFIT_SQ":-7692579.6,"HOLDER_PROFIT_QOQ_SQ":31.537852249445,"ROE_AVG_SQ":-0.693129025837,"PE_TTM_SQ":-12.010833300624,"PB_TTM_SQ":0.480158546469,"ROA_SQ":-0.639414049127,"START_DATE":"2022-01-01 00:00:00","FISCAL_YEAR":"12-31","CURRENCY":"HKD","IS_CNY_CODE":0,"DPS_HKD_LY":null,"ORG_TYPE":"一般企业","PREMIUM_INCOME":null,"PREMIUM_INCOME_YOY":null,"NET_INTEREST_INCOME":null,"NET_INTEREST_INCOME_YOY":null,"FEE_COMMISSION_INCOME":null,"FEE_COMMISSION_INCOME_YOY":null,"ACCOUNTS_RECE_TDAYS":null,"INVENTORY_TDAYS":null,"CURRENT_ASSETS_TDAYS":0.426415890393,"TOTAL_ASSETS_TDAYS":0.013856143031,"PREMIUM_EXPENSE":null,"LOAN_DEPOSIT":null,"LOAN_EQUITY":null,"LOAN_ASSETS":null,"DEPOSIT_EQUITY":null,"DEPOSIT_ASSETS":null,"EQUITY_MULTIPLIER":1.013650358007,"EQUITY_RATIO":0.013650358007},{"SECUCODE":"02292.HK","SECURITY_CODE":"02292","SECURITY_NAME_ABBR":"晋安实业","ORG_CODE":"10680993","STD_REPORT_DATE":"2021-12-31 00:00:00","REPORT_DATE":"2021-12-31 00:00:00","DATE_TYPE_CODE":"001","REPORT_TYPE":"2021年年报","PER_NETCASH_OPERATE":0.022705433333,"PER_OI":0.042715057778,"BPS":1.510329768889,"BASIC_EPS":-0.00956592,"DILUTED_EPS":-0.00956592,"OPERATE_INCOME":30754841.6,"OPERATE_INCOME_YOY":-7.6227897839,"GROSS_PROFIT":26598980.8,"GROSS_PROFIT_YOY":-11.731228990332,"HOLDER_PROFIT":-6862116.8,"HOLDER_PROFIT_YOY":89.4840374881,"GROSS_PROFIT_RATIO":86.487133134836,"EPS_TTM":-0.009530717778,"OPERATE_INCOME_QOQ":-1.148163168167,"NET_PROFIT_RATIO":-22.312313909,"ROE_AVG":-0.629050783878,"GROSS_PROFIT_QOQ":-1.940896130337,"ROA":-0.582101606657,"HOLDER_PROFIT_QOQ":85.078481389932,"ROE_YEARLY":-0.629050783878,"ROIC_YEARLY":-0.615373109815,"TOTAL_ASSETS":1167647264,"TOTAL_LIABILITIES":80209830.4,"TAX_EBT":-64.118107156824,"OCF_SALES":53.15557209698,"TOTAL_PARENT_EQUITY":1087437433.6,"DEBT_ASSET_RATIO":6.8693545451,"OPERATE_PROFIT":-3806745.6,"PRETAX_PROFIT":-4181206.4,"NETCASH_OPERATE":16347912,"NETCASH_INVEST":62433571.2,"NETCASH_FINANCE":-17496640,"END_CASH":63650160,"DIVI_RATIO":null,"DIVIDEND_RATE":null,"CURRENT_RATIO":6.086639306886,"COMMON_ACS":7600000000,"CURRENTDEBT_DEBT":13.412297154041,"ISSUED_COMMON_SHARES":720000000,"HK_COMMON_SHARES":720000000,"PER_SHARES":2000,"TOTAL_MARKET_CAP":496800000,"HKSK_MARKET_CAP":496800000,"PE_TTM":-4.901293396869,"PB_TTM":0.42345071419,"REPORT_DATE_SQ":"2020-12-31 00:00:00","REPORT_TYPE_SQ":"2020年年报","OPERATE_INCOME_SQ":34271580.8,"DPS_HKD":null,"OPERATE_INCOME_QOQ_SQ":-12.482686978134,"NET_PROFIT_RATIO_SQ":-196.0019646365,"HOLDER_PROFIT_SQ":-67172971.68,"HOLDER_PROFIT_QOQ_SQ":51.781542997646,"ROE_AVG_SQ":-5.790464582268,"PE_TTM_SQ":-12.010833300624,"PB_TTM_SQ":0.480158546469,"ROA_SQ":-5.281565014032,"START_DATE":"2021-01-01 00:00:00","FISCAL_YEAR":"12-31","CURRENCY":"HKD","IS_CNY_CODE":0,"DPS_HKD_LY":null,"ORG_TYPE":"一般企业","PREMIUM_INCOME":null,"PREMIUM_INCOME_YOY":null,"NET_INTEREST_INCOME":null,"NET_INTEREST_INCOME_YOY":null,"FEE_COMMISSION_INCOME":null,"FEE_COMMISSION_INCOME_YOY":null,"ACCOUNTS_RECE_TDAYS":18.68653750621,"INVENTORY_TDAYS":null,"CURRENT_ASSETS_TDAYS":0.467738526007,"TOTAL_ASSETS_TDAYS":0.026088804999,"PREMIUM_EXPENSE":null,"LOAN_DEPOSIT":null,"LOAN_EQUITY":null,"LOAN_ASSETS":null,"DEPOSIT_EQUITY":null,"DEPOSIT_ASSETS":null,"EQUITY_MULTIPLIER":1.073760409493,"EQUITY_RATIO":0.073760409493},{"SECUCODE":"02292.HK","SECURITY_CODE":"02292","SECURITY_NAME_ABBR":"晋安实业","ORG_CODE":"10680993","STD_REPORT_DATE":"2021-06-30 00:00:00","REPORT_DATE":"2021-06-30 00:00:00","DATE_TYPE_CODE":"002","REPORT_TYPE":"2021年中报","PER_NETCASH_OPERATE":0.012113698,"PER_OI":0.021524291667,"BPS":1.536093642667,"BASIC_EPS":-0.010650624,"DILUTED_EPS":-0.010650624,"OPERATE_INCOME":15497490,"OPERATE_INCOME_YOY":-8.8127294982,"GROSS_PROFIT":13449741.12,"GROSS_PROFIT_YOY":-18.280195894489,"HOLDER_PROFIT":-7692579.6,"HOLDER_PROFIT_YOY":70.7566268109,"GROSS_PROFIT_RATIO":86.786577181208,"EPS_TTM":-0.063872304333,"OPERATE_INCOME_QOQ":-9.21907284767,"NET_PROFIT_RATIO":-49.6375838926,"ROE_AVG":-0.693129025837,"GROSS_PROFIT_QOQ":-9.984114145085,"ROA":-0.639414049127,"HOLDER_PROFIT_QOQ":31.537852249445,"ROE_YEARLY":-1.386258051674,"ROIC_YEARLY":-1.35231548372,"TOTAL_ASSETS":1195000844.88,"TOTAL_LIABILITIES":89013422.16,"TAX_EBT":-19.847031371532,"OCF_SALES":56.279194630873,"TOTAL_PARENT_EQUITY":1105987422.72,"DEBT_ASSET_RATIO":7.4488166717,"OPERATE_PROFIT":-6215637.6,"PRETAX_PROFIT":-6418665.12,"NETCASH_OPERATE":8721862.56,"NETCASH_INVEST":null,"NETCASH_FINANCE":-8652799.92,"END_CASH":2476270.08,"DIVI_RATIO":null,"DIVIDEND_RATE":null,"CURRENT_RATIO":6.833702882483,"COMMON_ACS":7600000000,"CURRENTDEBT_DEBT":10.961234657917,"ISSUED_COMMON_SHARES":720000000,"HK_COMMON_SHARES":720000000,"PER_SHARES":2000,"TOTAL_MARKET_CAP":496800000,"HKSK_MARKET_CAP":496800000,"PE_TTM":-4.901293396869,"PB_TTM":0.42345071419,"REPORT_DATE_SQ":"2020-06-30 00:00:00","REPORT_TYPE_SQ":"2020年中报","OPERATE_INCOME_SQ":18657012,"DPS_HKD":null,"OPERATE_INCOME_QOQ_SQ":-0.557682509116,"NET_PROFIT_RATIO_SQ":-154.7809057528,"HOLDER_PROFIT_SQ":-28877492.16,"HOLDER_PROFIT_QOQ_SQ":16.341993819623,"ROE_AVG_SQ":-2.254223728175,"PE_TTM_SQ":-12.010833300624,"PB_TTM_SQ":0.480158546469,"ROA_SQ":-2.05141049883,"START_DATE":"2021-01-01 00:00:00","FISCAL_YEAR":"12-31","CURRENCY":"HKD","IS_CNY_CODE":0,"DPS_HKD_LY":null,"ORG_TYPE":"一般企业","PREMIUM_INCOME":null,"PREMIUM_INCOME_YOY":null,"NET_INTEREST_INCOME":null,"NET_INTEREST_INCOME_YOY":null,"FEE_COMMISSION_INCOME":null,"FEE_COMMISSION_INCOME_YOY":null,"ACCOUNTS_RECE_TDAYS":11.014192785334,"INVENTORY_TDAYS":null,"CURRENT_ASSETS_TDAYS":0.231530400408,"TOTAL_ASSETS_TDAYS":0.012881651341,"PREMIUM_EXPENSE":null,"LOAN_DEPOSIT":null,"LOAN_EQUITY":null,"LOAN_ASSETS":null,"DEPOSIT_EQUITY":null,"DEPOSIT_ASSETS":null,"EQUITY_MULTIPLIER":1.080483213762,"EQUITY_RATIO":0.080483213761},{"SECUCODE":"02292.HK","SECURITY_CODE":"02292","SECURITY_NAME_ABBR":"晋安实业","ORG_CODE":"10680993","STD_REPORT_DATE":"2020-12-31 00:00:00","REPORT_DATE":"2020-12-31 00:00:00","DATE_TYPE_CODE":"001","REPORT_TYPE":"2020年年报","PER_NETCASH_OPERATE":0.022269560611,"PER_OI":0.047599417778,"BPS":1.564549143833,"BASIC_EPS":-0.093337876,"DILUTED_EPS":-0.093337876,"OPERATE_INCOME":34271580.8,"OPERATE_INCOME_YOY":-7.372443757,"GROSS_PROFIT":30134078.56,"GROSS_PROFIT_YOY":-12.153225206664,"HOLDER_PROFIT":-67172971.68,"HOLDER_PROFIT_YOY":57.0665476043,"GROSS_PROFIT_RATIO":87.927308447937,"EPS_TTM":-0.093295794,"OPERATE_INCOME_QOQ":-12.482686978134,"NET_PROFIT_RATIO":-196.0019646365,"ROE_AVG":-5.790464582268,"GROSS_PROFIT_QOQ":-12.213810653355,"ROA":-5.281565014032,"HOLDER_PROFIT_QOQ":51.781542997646,"ROE_YEARLY":-5.790464582268,"ROIC_YEARLY":-5.710303616554,"TOTAL_ASSETS":1225048260.36,"TOTAL_LIABILITIES":98572876.8,"TAX_EBT":-4.569991090614,"OCF_SALES":46.78536345776,"TOTAL_PARENT_EQUITY":1126475383.56,"DEBT_ASSET_RATIO":8.0464484535,"OPERATE_PROFIT":-62969821.52,"PRETAX_PROFIT":-64237331.36,"NETCASH_OPERATE":16034083.64,"NETCASH_INVEST":7876908.76,"NETCASH_FINANCE":-25316531.2,"END_CASH":2434864.52,"DIVI_RATIO":null,"DIVIDEND_RATE":null,"CURRENT_RATIO":6.637133229227,"COMMON_ACS":7600000000,"CURRENTDEBT_DEBT":10.388490437159,"ISSUED_COMMON_SHARES":720000000,"HK_COMMON_SHARES":720000000,"PER_SHARES":2000,"TOTAL_MARKET_CAP":496800000,"HKSK_MARKET_CAP":496800000,"PE_TTM":-4.901293396869,"PB_TTM":0.42345071419,"REPORT_DATE_SQ":"2019-12-31 00:00:00","REPORT_TYPE_SQ":"2019年年报","OPERATE_INCOME_SQ":39379384.58,"DPS_HKD":null,"OPERATE_INCOME_QOQ_SQ":5.948410818334,"NET_PROFIT_RATIO_SQ":-422.8679966334,"HOLDER_PROFIT_SQ":-166522814.66,"HOLDER_PROFIT_QOQ_SQ":-105.359789780362,"ROE_AVG_SQ":-12.301369219413,"PE_TTM_SQ":-12.010833300624,"PB_TTM_SQ":0.480158546469,"ROA_SQ":-10.686262871938,"START_DATE":"2020-01-01 00:00:00","FISCAL_YEAR":"12-31","CURRENCY":"HKD","IS_CNY_CODE":0,"DPS_HKD_LY":null,"ORG_TYPE":"一般企业","PREMIUM_INCOME":null,"PREMIUM_INCOME_YOY":null,"NET_INTEREST_INCOME":null,"NET_INTEREST_INCOME_YOY":null,"FEE_COMMISSION_INCOME":null,"FEE_COMMISSION_INCOME_YOY":null,"ACCOUNTS_RECE_TDAYS":12.259521300617,"INVENTORY_TDAYS":null,"CURRENT_ASSETS_TDAYS":0.348090715586,"TOTAL_ASSETS_TDAYS":0.026946490173,"PREMIUM_EXPENSE":null,"LOAN_DEPOSIT":null,"LOAN_EQUITY":null,"LOAN_ASSETS":null,"DEPOSIT_EQUITY":null,"DEPOSIT_ASSETS":null,"EQUITY_MULTIPLIER":1.087505575567,"EQUITY_RATIO":0.087505575567},{"SECUCODE":"02292.HK","SECURITY_CODE":"02292","SECURITY_NAME_ABBR":"晋安实业","ORG_CODE":"10680993","STD_REPORT_DATE":"2020-06-30 00:00:00","REPORT_DATE":"2020-06-30 00:00:00","DATE_TYPE_CODE":"002","REPORT_TYPE":"2020年中报","PER_NETCASH_OPERATE":0.010636501333,"PER_OI":0.025912516667,"BPS":1.759167454,"BASIC_EPS":-0.040100016,"DILUTED_EPS":-0.040100016,"OPERATE_INCOME":18657012,"OPERATE_INCOME_YOY":-4.818491076,"GROSS_PROFIT":16458361.92,"GROSS_PROFIT_YOY":0.144049831168,"HOLDER_PROFIT":-28877492.16,"HOLDER_PROFIT_YOY":50.4202998557,"GROSS_PROFIT_RATIO":88.215422276622,"EPS_TTM":-0.193485648028,"OPERATE_INCOME_QOQ":-0.557682509116,"NET_PROFIT_RATIO":-154.7809057528,"ROE_AVG":-2.254223728175,"GROSS_PROFIT_QOQ":0.069014781416,"ROA":-2.05141049883,"HOLDER_PROFIT_QOQ":16.341993819623,"ROE_YEARLY":-4.508447456351,"ROIC_YEARLY":-4.430234733494,"TOTAL_ASSETS":1384258946.4,"TOTAL_LIABILITIES":117658379.52,"TAX_EBT":-5.672360196544,"OCF_SALES":41.047735618115,"TOTAL_PARENT_EQUITY":1266600566.88,"DEBT_ASSET_RATIO":8.4997376991,"OPERATE_PROFIT":-26303418.24,"PRETAX_PROFIT":-27327384.48,"NETCASH_OPERATE":7658280.96,"NETCASH_INVEST":8689554.72,"NETCASH_FINANCE":-17080414.56,"END_CASH":3435447.84,"DIVI_RATIO":null,"DIVIDEND_RATE":null,"CURRENT_RATIO":5.65924538771,"COMMON_ACS":7600000000,"CURRENTDEBT_DEBT":11.193404136389,"ISSUED_COMMON_SHARES":720000000,"HK_COMMON_SHARES":720000000,"PER_SHARES":2000,"TOTAL_MARKET_CAP":496800000,"HKSK_MARKET_CAP":496800000,"PE_TTM":-4.901293396869,"PB_TTM":0.42345071419,"REPORT_DATE_SQ":"2019-06-30 00:00:00","REPORT_TYPE_SQ":"2019年中报","OPERATE_INCOME_SQ":18876623.94,"DPS_HKD":null,"OPERATE_INCOME_QOQ_SQ":2.998798519006,"NET_PROFIT_RATIO_SQ":-297.1433897199,"HOLDER_PROFIT_SQ":-56090640.24,"HOLDER_PROFIT_QOQ_SQ":-283.106035482921,"ROE_AVG_SQ":-4.05557364704,"PE_TTM_SQ":-12.010833300624,"PB_TTM_SQ":0.480158546469,"ROA_SQ":-3.437711692959,"START_DATE":"2020-01-01 00:00:00","FISCAL_YEAR":"12-31","CURRENCY":"HKD","IS_CNY_CODE":0,"DPS_HKD_LY":null,"ORG_TYPE":"一般企业","PREMIUM_INCOME":null,"PREMIUM_INCOME_YOY":null,"NET_INTEREST_INCOME":null,"NET_INTEREST_INCOME_YOY":null,"FEE_COMMISSION_INCOME":null,"FEE_COMMISSION_INCOME_YOY":null,"ACCOUNTS_RECE_TDAYS":5.878543675349,"INVENTORY_TDAYS":null,"CURRENT_ASSETS_TDAYS":0.173975630635,"TOTAL_ASSETS_TDAYS":0.013253640614,"PREMIUM_EXPENSE":null,"LOAN_DEPOSIT":null,"LOAN_EQUITY":null,"LOAN_ASSETS":null,"DEPOSIT_EQUITY":null,"DEPOSIT_ASSETS":null,"EQUITY_MULTIPLIER":1.092893041893,"EQUITY_RATIO":0.092893041892}],"count":19},"success":true,"message":"ok","code":0}