{"version":"9b35758ba82840c22862ba1cbfcf37b8","result":{"pages":2,"data":[{"SECUCODE":"02297.HK","SECURITY_CODE":"02297","SECURITY_NAME_ABBR":"润迈德-B","ORG_CODE":"10000277146","STD_REPORT_DATE":"2024-06-30 00:00:00","REPORT_DATE":"2024-06-30 00:00:00","DATE_TYPE_CODE":"002","REPORT_TYPE":"2024年中报","PER_NETCASH_OPERATE":-0.035273193418,"PER_OI":0.023007383976,"BPS":0.40792636404,"BASIC_EPS":-0.04,"DILUTED_EPS":-0.04,"OPERATE_INCOME":26868000,"OPERATE_INCOME_YOY":-46.6629610513,"GROSS_PROFIT":18653000,"GROSS_PROFIT_YOY":-49.926176478484,"HOLDER_PROFIT":-41646000,"HOLDER_PROFIT_YOY":12.2854314539,"GROSS_PROFIT_RATIO":69.424594312937,"EPS_TTM":-0.094191723062,"OPERATE_INCOME_QOQ":-32.1036889332,"NET_PROFIT_RATIO":-159.0293285693,"ROE_AVG":-8.401240638475,"GROSS_PROFIT_QOQ":-38.304533190534,"ROA":-7.094102556677,"HOLDER_PROFIT_QOQ":5.035828369162,"ROE_YEARLY":-16.80248127695,"ROIC_YEARLY":-20.428224560371,"TOTAL_ASSETS":600794000,"TOTAL_LIABILITIES":120537000,"TAX_EBT":-0.673860798266,"OCF_SALES":-153.312490695251,"TOTAL_PARENT_EQUITY":476376000,"DEBT_ASSET_RATIO":20.0629500295,"OPERATE_PROFIT":-44666000,"PRETAX_PROFIT":-42442000,"NETCASH_OPERATE":-41192000,"NETCASH_INVEST":20084000,"NETCASH_FINANCE":6000000,"END_CASH":117937000,"DIVI_RATIO":null,"DIVIDEND_RATE":null,"CURRENT_RATIO":2.987516468128,"COMMON_ACS":3800000000,"CURRENTDEBT_DEBT":90.049528360586,"ISSUED_COMMON_SHARES":1167799000,"HK_COMMON_SHARES":1167799000,"PER_SHARES":1000,"TOTAL_MARKET_CAP":169330855,"HKSK_MARKET_CAP":169330855,"PE_TTM":-1.388523283805,"PB_TTM":0.324417864757,"REPORT_DATE_SQ":"2023-06-30 00:00:00","REPORT_TYPE_SQ":"2023年中报","OPERATE_INCOME_SQ":50374000,"DPS_HKD":null,"OPERATE_INCOME_QOQ_SQ":-1.824075403091,"NET_PROFIT_RATIO_SQ":-95.3170286259,"HOLDER_PROFIT_SQ":-47479000,"HOLDER_PROFIT_QOQ_SQ":86.387441556714,"ROE_AVG_SQ":-7.889327747988,"PE_TTM_SQ":-1.860270325775,"PB_TTM_SQ":0.419639155234,"ROA_SQ":-7.022341663049,"START_DATE":"2024-01-01 00:00:00","FISCAL_YEAR":"12-31","CURRENCY":"HKD","IS_CNY_CODE":0,"DPS_HKD_LY":null,"ORG_TYPE":"一般企业","PREMIUM_INCOME":null,"PREMIUM_INCOME_YOY":null,"NET_INTEREST_INCOME":null,"NET_INTEREST_INCOME_YOY":null,"FEE_COMMISSION_INCOME":null,"FEE_COMMISSION_INCOME_YOY":null,"ACCOUNTS_RECE_TDAYS":1.915858528237,"INVENTORY_TDAYS":0.809519117067,"CURRENT_ASSETS_TDAYS":0.077486448956,"TOTAL_ASSETS_TDAYS":0.045767744199,"PREMIUM_EXPENSE":null,"LOAN_DEPOSIT":null,"LOAN_EQUITY":null,"LOAN_ASSETS":null,"DEPOSIT_EQUITY":null,"DEPOSIT_ASSETS":null,"EQUITY_MULTIPLIER":1.250984368786,"EQUITY_RATIO":0.253029119855},{"SECUCODE":"02297.HK","SECURITY_CODE":"02297","SECURITY_NAME_ABBR":"润迈德-B","ORG_CODE":"10000277146","STD_REPORT_DATE":"2023-12-31 00:00:00","REPORT_DATE":"2023-12-31 00:00:00","DATE_TYPE_CODE":"001","REPORT_TYPE":"2023年年报","PER_NETCASH_OPERATE":-0.106430130528,"PER_OI":0.062698289689,"BPS":0.441042508171,"BASIC_EPS":-0.1,"DILUTED_EPS":-0.1,"OPERATE_INCOME":73219000,"OPERATE_INCOME_YOY":-12.4216544663,"GROSS_PROFIT":48553000,"GROSS_PROFIT_YOY":-30.463737396884,"HOLDER_PROFIT":-115830000,"HOLDER_PROFIT_YOY":91.394265667,"GROSS_PROFIT_RATIO":66.312022835603,"EPS_TTM":-0.099186589473,"OPERATE_INCOME_QOQ":-10.794478490235,"NET_PROFIT_RATIO":-159.8847293735,"ROE_AVG":-20.434247608463,"GROSS_PROFIT_QOQ":-21.999453788938,"ROA":-18.332782015102,"HOLDER_PROFIT_QOQ":36.780919113634,"ROE_YEARLY":-20.434247608463,"ROIC_YEARLY":-37.808090402562,"TOTAL_ASSETS":573308000,"TOTAL_LIABILITIES":53296000,"TAX_EBT":0.01878928669,"OCF_SALES":-169.749655144157,"TOTAL_PARENT_EQUITY":515049000,"DEBT_ASSET_RATIO":9.2962247169,"OPERATE_PROFIT":-128184000,"PRETAX_PROFIT":-117088000,"NETCASH_OPERATE":-124289000,"NETCASH_INVEST":180294000,"NETCASH_FINANCE":-15882000,"END_CASH":134085000,"DIVI_RATIO":null,"DIVIDEND_RATE":null,"CURRENT_RATIO":9.009199160607,"COMMON_ACS":3800000000,"CURRENTDEBT_DEBT":76.895076553588,"ISSUED_COMMON_SHARES":1167799000,"HK_COMMON_SHARES":1167799000,"PER_SHARES":1000,"TOTAL_MARKET_CAP":186847840,"HKSK_MARKET_CAP":186847840,"PE_TTM":-1.532163623508,"PB_TTM":0.357978333525,"REPORT_DATE_SQ":"2022-12-31 00:00:00","REPORT_TYPE_SQ":"2022年年报","OPERATE_INCOME_SQ":83604000,"DPS_HKD":null,"OPERATE_INCOME_QOQ_SQ":-6.077695643382,"NET_PROFIT_RATIO_SQ":-1609.9265585379,"HOLDER_PROFIT_SQ":-1345963000,"HOLDER_PROFIT_QOQ_SQ":15.355266103695,"ROE_AVG_SQ":1727.27657717776,"PE_TTM_SQ":-4.487494206914,"PB_TTM_SQ":1.012287435872,"ROA_SQ":-202.321043921108,"START_DATE":"2023-01-01 00:00:00","FISCAL_YEAR":"12-31","CURRENCY":"HKD","IS_CNY_CODE":0,"DPS_HKD_LY":null,"ORG_TYPE":"一般企业","PREMIUM_INCOME":null,"PREMIUM_INCOME_YOY":null,"NET_INTEREST_INCOME":null,"NET_INTEREST_INCOME_YOY":null,"FEE_COMMISSION_INCOME":null,"FEE_COMMISSION_INCOME_YOY":null,"ACCOUNTS_RECE_TDAYS":7.173059025227,"INVENTORY_TDAYS":2.836476540938,"CURRENT_ASSETS_TDAYS":0.150556007929,"TOTAL_ASSETS_TDAYS":0.115886036982,"PREMIUM_EXPENSE":null,"LOAN_DEPOSIT":null,"LOAN_EQUITY":null,"LOAN_ASSETS":null,"DEPOSIT_EQUITY":null,"DEPOSIT_ASSETS":null,"EQUITY_MULTIPLIER":1.10248994254,"EQUITY_RATIO":0.103477533206},{"SECUCODE":"02297.HK","SECURITY_CODE":"02297","SECURITY_NAME_ABBR":"润迈德-B","ORG_CODE":"10000277146","STD_REPORT_DATE":"2023-06-30 00:00:00","REPORT_DATE":"2023-06-30 00:00:00","DATE_TYPE_CODE":"002","REPORT_TYPE":"2023年中报","PER_NETCASH_OPERATE":-0.051580794298,"PER_OI":0.043135847864,"BPS":0.500933807958,"BASIC_EPS":-0.04,"DILUTED_EPS":-0.04,"OPERATE_INCOME":50374000,"OPERATE_INCOME_YOY":-2.9383995838,"GROSS_PROFIT":37251000,"GROSS_PROFIT_YOY":-16.902382439547,"HOLDER_PROFIT":-47479000,"HOLDER_PROFIT_YOY":96.0768354897,"GROSS_PROFIT_RATIO":73.948862508437,"EPS_TTM":-0.156893437997,"OPERATE_INCOME_QOQ":-1.824075403091,"NET_PROFIT_RATIO":-95.3170286259,"ROE_AVG":-7.889327747988,"GROSS_PROFIT_QOQ":-10.851569660862,"ROA":-7.022341663049,"HOLDER_PROFIT_QOQ":86.387441556714,"ROE_YEARLY":-15.778655495976,"ROIC_YEARLY":-33.186722934305,"TOTAL_ASSETS":661897000,"TOTAL_LIABILITIES":71244000,"TAX_EBT":1.028569072845,"OCF_SALES":-119.577559852305,"TOTAL_PARENT_EQUITY":584990000,"DEBT_ASSET_RATIO":10.7636082351,"OPERATE_PROFIT":-55348000,"PRETAX_PROFIT":-48514000,"NETCASH_OPERATE":-60236000,"NETCASH_INVEST":84410000,"NETCASH_FINANCE":3365000,"END_CASH":122947000,"DIVI_RATIO":null,"DIVIDEND_RATE":null,"CURRENT_RATIO":9.232428529107,"COMMON_ACS":3800000000,"CURRENTDEBT_DEBT":75.807085508955,"ISSUED_COMMON_SHARES":1167799000,"HK_COMMON_SHARES":1167799000,"PER_SHARES":1000,"TOTAL_MARKET_CAP":186847840,"HKSK_MARKET_CAP":186847840,"PE_TTM":-1.532163623508,"PB_TTM":0.357978333525,"REPORT_DATE_SQ":"2022-06-30 00:00:00","REPORT_TYPE_SQ":"2022年中报","OPERATE_INCOME_SQ":51899000,"DPS_HKD":null,"OPERATE_INCOME_QOQ_SQ":9.624502764812,"NET_PROFIT_RATIO_SQ":-2331.8792269601,"HOLDER_PROFIT_SQ":-1210222000,"HOLDER_PROFIT_QOQ_SQ":-150.949979878323,"ROE_AVG_SQ":85.584578649292,"PE_TTM_SQ":-4.487494206914,"PB_TTM_SQ":1.012287435872,"ROA_SQ":-192.382112063484,"START_DATE":"2023-01-01 00:00:00","FISCAL_YEAR":"12-31","CURRENCY":"HKD","IS_CNY_CODE":0,"DPS_HKD_LY":null,"ORG_TYPE":"一般企业","PREMIUM_INCOME":null,"PREMIUM_INCOME_YOY":null,"NET_INTEREST_INCOME":null,"NET_INTEREST_INCOME_YOY":null,"FEE_COMMISSION_INCOME":null,"FEE_COMMISSION_INCOME_YOY":null,"ACCOUNTS_RECE_TDAYS":3.907081361979,"INVENTORY_TDAYS":1.65391644086,"CURRENT_ASSETS_TDAYS":0.091418056037,"TOTAL_ASSETS_TDAYS":0.074505242093,"PREMIUM_EXPENSE":null,"LOAN_DEPOSIT":null,"LOAN_EQUITY":null,"LOAN_ASSETS":null,"DEPOSIT_EQUITY":null,"DEPOSIT_ASSETS":null,"EQUITY_MULTIPLIER":1.120619043668,"EQUITY_RATIO":0.121786697208},{"SECUCODE":"02297.HK","SECURITY_CODE":"02297","SECURITY_NAME_ABBR":"润迈德-B","ORG_CODE":"10000277146","STD_REPORT_DATE":"2022-12-31 00:00:00","REPORT_DATE":"2022-12-31 00:00:00","DATE_TYPE_CODE":"001","REPORT_TYPE":"2022年年报","PER_NETCASH_OPERATE":-0.095238136015,"PER_OI":0.071591087165,"BPS":0.529745272945,"BASIC_EPS":-1.5,"DILUTED_EPS":-1.5,"OPERATE_INCOME":83604000,"OPERATE_INCOME_YOY":2.9618591362,"GROSS_PROFIT":69824000,"GROSS_PROFIT_YOY":1.147294008576,"HOLDER_PROFIT":-1345963000,"HOLDER_PROFIT_YOY":-112.4159426808,"GROSS_PROFIT_RATIO":83.51753504617,"EPS_TTM":-1.152563925813,"OPERATE_INCOME_QOQ":-6.077695643382,"NET_PROFIT_RATIO":-1609.9265585379,"ROE_AVG":1727.27657717776,"GROSS_PROFIT_QOQ":-7.552166084101,"ROA":-202.321043921108,"HOLDER_PROFIT_QOQ":15.355266103695,"ROE_YEARLY":1727.27657717776,"ROIC_YEARLY":-828.111656637996,"TOTAL_ASSETS":690330000,"TOTAL_LIABILITIES":71694000,"TAX_EBT":0.403281602293,"OCF_SALES":-133.030716233673,"TOTAL_PARENT_EQUITY":618636000,"DEBT_ASSET_RATIO":10.3854678197,"OPERATE_PROFIT":-143254000,"PRETAX_PROFIT":-1351413000,"NETCASH_OPERATE":-111219000,"NETCASH_INVEST":-515744000,"NETCASH_FINANCE":120733000,"END_CASH":91118000,"DIVI_RATIO":null,"DIVIDEND_RATE":null,"CURRENT_RATIO":8.858512309341,"COMMON_ACS":3800000000,"CURRENTDEBT_DEBT":95.013529723547,"ISSUED_COMMON_SHARES":1167799000,"HK_COMMON_SHARES":1167799000,"PER_SHARES":1000,"TOTAL_MARKET_CAP":186847840,"HKSK_MARKET_CAP":186847840,"PE_TTM":-1.532163623508,"PB_TTM":0.357978333525,"REPORT_DATE_SQ":"2021-12-31 00:00:00","REPORT_TYPE_SQ":"2021年年报","OPERATE_INCOME_SQ":81199000,"DPS_HKD":null,"OPERATE_INCOME_QOQ_SQ":18.993815762478,"NET_PROFIT_RATIO_SQ":-780.3618271161,"HOLDER_PROFIT_SQ":-633645000,"HOLDER_PROFIT_QOQ_SQ":-36.053275159802,"ROE_AVG_SQ":127.312473064053,"PE_TTM_SQ":-4.487494206914,"PB_TTM_SQ":1.012287435872,"ROA_SQ":-178.31223248733,"START_DATE":"2022-01-01 00:00:00","FISCAL_YEAR":"12-31","CURRENCY":"HKD","IS_CNY_CODE":0,"DPS_HKD_LY":null,"ORG_TYPE":"一般企业","PREMIUM_INCOME":null,"PREMIUM_INCOME_YOY":null,"NET_INTEREST_INCOME":null,"NET_INTEREST_INCOME_YOY":null,"FEE_COMMISSION_INCOME":null,"FEE_COMMISSION_INCOME_YOY":null,"ACCOUNTS_RECE_TDAYS":16.009957870548,"INVENTORY_TDAYS":1.573598264246,"CURRENT_ASSETS_TDAYS":0.141812500954,"TOTAL_ASSETS_TDAYS":0.125670977256,"PREMIUM_EXPENSE":null,"LOAN_DEPOSIT":null,"LOAN_EQUITY":null,"LOAN_ASSETS":null,"DEPOSIT_EQUITY":null,"DEPOSIT_ASSETS":null,"EQUITY_MULTIPLIER":1.115890442845,"EQUITY_RATIO":0.115890442845},{"SECUCODE":"02297.HK","SECURITY_CODE":"02297","SECURITY_NAME_ABBR":"润迈德-B","ORG_CODE":"10000277146","STD_REPORT_DATE":"2022-06-30 00:00:00","REPORT_DATE":"2022-06-30 00:00:00","DATE_TYPE_CODE":"002","REPORT_TYPE":"2022年中报","PER_NETCASH_OPERATE":-2.117832167832,"PER_OI":2.268312937063,"BPS":-1.769694099755,"BASIC_EPS":-1.88,"DILUTED_EPS":-1.88,"OPERATE_INCOME":51899000,"OPERATE_INCOME_YOY":17.7275201887,"GROSS_PROFIT":44828000,"GROSS_PROFIT_YOY":16.946676406136,"HOLDER_PROFIT":-1210222000,"HOLDER_PROFIT_YOY":-376.9629731807,"GROSS_PROFIT_RATIO":86.375460028132,"EPS_TTM":-69.498776223776,"OPERATE_INCOME_QOQ":9.624502764812,"NET_PROFIT_RATIO":-2331.8792269601,"ROE_AVG":85.584578649292,"GROSS_PROFIT_QOQ":9.410128635995,"ROA":-192.382112063484,"HOLDER_PROFIT_QOQ":-150.949979878323,"ROE_YEARLY":171.169157298583,"ROIC_YEARLY":-2681.27880184332,"TOTAL_ASSETS":617952000,"TOTAL_LIABILITIES":2671599000,"TAX_EBT":0.911041807051,"OCF_SALES":-93.365960808493,"TOTAL_PARENT_EQUITY":-2053647000,"DEBT_ASSET_RATIO":432.3311519341,"OPERATE_PROFIT":-55972000,"PRETAX_PROFIT":-1221349000,"NETCASH_OPERATE":-48456000,"NETCASH_INVEST":-12186000,"NETCASH_FINANCE":-3922000,"END_CASH":518460000,"DIVI_RATIO":null,"DIVIDEND_RATE":null,"CURRENT_RATIO":13.211115982269,"COMMON_ACS":3800000000,"CURRENTDEBT_DEBT":1.536832436305,"ISSUED_COMMON_SHARES":1167799000,"HK_COMMON_SHARES":1167799000,"PER_SHARES":1000,"TOTAL_MARKET_CAP":186847840,"HKSK_MARKET_CAP":186847840,"PE_TTM":-1.532163623508,"PB_TTM":0.357978333525,"REPORT_DATE_SQ":"2021-06-30 00:00:00","REPORT_TYPE_SQ":"2021年中报","OPERATE_INCOME_SQ":44084000,"DPS_HKD":null,"OPERATE_INCOME_QOQ_SQ":0,"NET_PROFIT_RATIO_SQ":-575.5739043644,"HOLDER_PROFIT_SQ":-253735000,"HOLDER_PROFIT_QOQ_SQ":0,"ROE_AVG_SQ":null,"PE_TTM_SQ":-4.487494206914,"PB_TTM_SQ":1.012287435872,"ROA_SQ":null,"START_DATE":"2022-01-01 00:00:00","FISCAL_YEAR":"12-31","CURRENCY":"HKD","IS_CNY_CODE":0,"DPS_HKD_LY":null,"ORG_TYPE":"一般企业","PREMIUM_INCOME":null,"PREMIUM_INCOME_YOY":null,"NET_INTEREST_INCOME":null,"NET_INTEREST_INCOME_YOY":null,"FEE_COMMISSION_INCOME":null,"FEE_COMMISSION_INCOME_YOY":null,"ACCOUNTS_RECE_TDAYS":22.737787513691,"INVENTORY_TDAYS":0.824654498805,"CURRENT_ASSETS_TDAYS":0.092837012451,"TOTAL_ASSETS_TDAYS":0.0825008902,"PREMIUM_EXPENSE":null,"LOAN_DEPOSIT":null,"LOAN_EQUITY":null,"LOAN_ASSETS":null,"DEPOSIT_EQUITY":null,"DEPOSIT_ASSETS":null,"EQUITY_MULTIPLIER":-0.300904683229,"EQUITY_RATIO":-1.300904683229},{"SECUCODE":"02297.HK","SECURITY_CODE":"02297","SECURITY_NAME_ABBR":"润迈德-B","ORG_CODE":"10000277146","STD_REPORT_DATE":"2021-12-31 00:00:00","REPORT_DATE":"2021-12-31 00:00:00","DATE_TYPE_CODE":"001","REPORT_TYPE":"2021年年报","PER_NETCASH_OPERATE":-5.95474432,"PER_OI":6.63883024,"BPS":-0.674331798537,"BASIC_EPS":-0.99,"DILUTED_EPS":-0.99,"OPERATE_INCOME":81199000,"OPERATE_INCOME_YOY":1231.7861243234,"GROSS_PROFIT":69032000,"GROSS_PROFIT_YOY":1212.39543726236,"HOLDER_PROFIT":-633645000,"HOLDER_PROFIT_YOY":-336.2744423024,"GROSS_PROFIT_RATIO":85.015825318046,"EPS_TTM":-51.8068152,"OPERATE_INCOME_QOQ":18.993815762478,"NET_PROFIT_RATIO":-780.3618271161,"ROE_AVG":127.312473064053,"GROSS_PROFIT_QOQ":18.674895562929,"ROA":-178.31223248733,"HOLDER_PROFIT_QOQ":-36.053275159802,"ROE_YEARLY":127.312473064053,"ROIC_YEARLY":-1022.05751891221,"TOTAL_ASSETS":640192000,"TOTAL_LIABILITIES":1414676000,"TAX_EBT":0.789586167916,"OCF_SALES":-89.695685907462,"TOTAL_PARENT_EQUITY":-774484000,"DEBT_ASSET_RATIO":220.9768319504,"OPERATE_PROFIT":-142778000,"PRETAX_PROFIT":-638689000,"NETCASH_OPERATE":-72832000,"NETCASH_INVEST":-27983000,"NETCASH_FINANCE":633847000,"END_CASH":559140000,"DIVI_RATIO":null,"DIVIDEND_RATE":null,"CURRENT_RATIO":13.062949599474,"COMMON_ACS":3800000000,"CURRENTDEBT_DEBT":3.114988873777,"ISSUED_COMMON_SHARES":1167799000,"HK_COMMON_SHARES":1167799000,"PER_SHARES":1000,"TOTAL_MARKET_CAP":186847840,"HKSK_MARKET_CAP":186847840,"PE_TTM":-1.532163623508,"PB_TTM":0.357978333525,"REPORT_DATE_SQ":"2020-12-31 00:00:00","REPORT_TYPE_SQ":"2020年年报","OPERATE_INCOME_SQ":6097000,"DPS_HKD":null,"OPERATE_INCOME_QOQ_SQ":585.056179775281,"NET_PROFIT_RATIO_SQ":-2382.1551582746,"HOLDER_PROFIT_SQ":-145240000,"HOLDER_PROFIT_QOQ_SQ":-221.840099273179,"ROE_AVG_SQ":97.92472929786,"PE_TTM_SQ":-4.487494206914,"PB_TTM_SQ":1.012287435872,"ROA_SQ":-263.950350292137,"START_DATE":"2021-01-01 00:00:00","FISCAL_YEAR":"12-31","CURRENCY":"HKD","IS_CNY_CODE":0,"DPS_HKD_LY":null,"ORG_TYPE":"一般企业","PREMIUM_INCOME":null,"PREMIUM_INCOME_YOY":null,"NET_INTEREST_INCOME":null,"NET_INTEREST_INCOME_YOY":null,"FEE_COMMISSION_INCOME":null,"FEE_COMMISSION_INCOME_YOY":null,"ACCOUNTS_RECE_TDAYS":214.245382585752,"INVENTORY_TDAYS":1.598712305368,"CURRENT_ASSETS_TDAYS":0.264484964561,"TOTAL_ASSETS_TDAYS":0.228499790352,"PREMIUM_EXPENSE":null,"LOAN_DEPOSIT":null,"LOAN_EQUITY":null,"LOAN_ASSETS":null,"DEPOSIT_EQUITY":null,"DEPOSIT_ASSETS":null,"EQUITY_MULTIPLIER":-0.826604552192,"EQUITY_RATIO":-1.826604552192},{"SECUCODE":"02297.HK","SECURITY_CODE":"02297","SECURITY_NAME_ABBR":"润迈德-B","ORG_CODE":"10000277146","STD_REPORT_DATE":"2021-09-30 00:00:00","REPORT_DATE":"2021-09-30 00:00:00","DATE_TYPE_CODE":"004","REPORT_TYPE":"2021年三季报","PER_NETCASH_OPERATE":-2.565241658,"PER_OI":5.407892296,"BPS":-0.496325138144,"BASIC_EPS":-31.9,"DILUTED_EPS":-31.9,"OPERATE_INCOME":64916000,"OPERATE_INCOME_YOY":2239.3153153153,"GROSS_PROFIT":55347000,"GROSS_PROFIT_YOY":2170.18047579984,"HOLDER_PROFIT":-410004000,"HOLDER_PROFIT_YOY":-358.0487314408,"GROSS_PROFIT_RATIO":85.259412163411,"EPS_TTM":-38.798353298,"OPERATE_INCOME_QOQ":1019.20616696736,"NET_PROFIT_RATIO":-631.5931357447,"ROE_AVG":104.122579014934,"GROSS_PROFIT_QOQ":1005.87452471483,"ROA":-280.656455891161,"HOLDER_PROFIT_QOQ":-220.664417515836,"ROE_YEARLY":138.830105353245,"ROIC_YEARLY":-686.670351203336,"TOTAL_ASSETS":221653000,"TOTAL_LIABILITIES":788261000,"TAX_EBT":0.980044099569,"OCF_SALES":-47.435146959147,"TOTAL_PARENT_EQUITY":-566608000,"DEBT_ASSET_RATIO":355.6283921264,"OPERATE_PROFIT":null,"PRETAX_PROFIT":-414063000,"NETCASH_OPERATE":-30793000,"NETCASH_INVEST":-25614000,"NETCASH_FINANCE":173914000,"END_CASH":145177000,"DIVI_RATIO":null,"DIVIDEND_RATE":null,"CURRENT_RATIO":4.69394378441,"COMMON_ACS":3800000000,"CURRENTDEBT_DEBT":4.377991553559,"ISSUED_COMMON_SHARES":1167799000,"HK_COMMON_SHARES":1167799000,"PER_SHARES":1000,"TOTAL_MARKET_CAP":186847840,"HKSK_MARKET_CAP":186847840,"PE_TTM":-1.532163623508,"PB_TTM":0.357978333525,"REPORT_DATE_SQ":"2020-09-30 00:00:00","REPORT_TYPE_SQ":"2020年三季报","OPERATE_INCOME_SQ":2775000,"DPS_HKD":null,"OPERATE_INCOME_QOQ_SQ":0,"NET_PROFIT_RATIO_SQ":-3225.6216216216,"HOLDER_PROFIT_SQ":-89511000,"HOLDER_PROFIT_QOQ_SQ":0,"ROE_AVG_SQ":null,"PE_TTM_SQ":-4.487494206914,"PB_TTM_SQ":1.012287435872,"ROA_SQ":null,"START_DATE":"2021-01-01 00:00:00","FISCAL_YEAR":"12-31","CURRENCY":"HKD","IS_CNY_CODE":0,"DPS_HKD_LY":null,"ORG_TYPE":"一般企业","PREMIUM_INCOME":null,"PREMIUM_INCOME_YOY":null,"NET_INTEREST_INCOME":null,"NET_INTEREST_INCOME_YOY":null,"FEE_COMMISSION_INCOME":null,"FEE_COMMISSION_INCOME_YOY":null,"ACCOUNTS_RECE_TDAYS":null,"INVENTORY_TDAYS":1.318861553304,"CURRENT_ASSETS_TDAYS":0.647996845662,"TOTAL_ASSETS_TDAYS":0.444363823051,"PREMIUM_EXPENSE":null,"LOAN_DEPOSIT":null,"LOAN_EQUITY":null,"LOAN_ASSETS":null,"DEPOSIT_EQUITY":null,"DEPOSIT_ASSETS":null,"EQUITY_MULTIPLIER":-0.391192852907,"EQUITY_RATIO":-1.391192852907},{"SECUCODE":"02297.HK","SECURITY_CODE":"02297","SECURITY_NAME_ABBR":"润迈德-B","ORG_CODE":"10000277146","STD_REPORT_DATE":"2021-06-30 00:00:00","REPORT_DATE":"2021-06-30 00:00:00","DATE_TYPE_CODE":"002","REPORT_TYPE":"2021年中报","PER_NETCASH_OPERATE":null,"PER_OI":null,"BPS":null,"BASIC_EPS":-0.4,"DILUTED_EPS":-0.4,"OPERATE_INCOME":44084000,"OPERATE_INCOME_YOY":null,"GROSS_PROFIT":38332000,"GROSS_PROFIT_YOY":null,"HOLDER_PROFIT":-253735000,"HOLDER_PROFIT_YOY":null,"GROSS_PROFIT_RATIO":86.952182197623,"EPS_TTM":null,"OPERATE_INCOME_QOQ":0,"NET_PROFIT_RATIO":-575.5739043644,"ROE_AVG":null,"GROSS_PROFIT_QOQ":0,"ROA":null,"HOLDER_PROFIT_QOQ":0,"ROE_YEARLY":null,"ROIC_YEARLY":null,"TOTAL_ASSETS":null,"TOTAL_LIABILITIES":null,"TAX_EBT":0.40272882141,"OCF_SALES":-43.349060883767,"TOTAL_PARENT_EQUITY":null,"DEBT_ASSET_RATIO":null,"OPERATE_PROFIT":-75288000,"PRETAX_PROFIT":-254762000,"NETCASH_OPERATE":-19110000,"NETCASH_INVEST":-23672000,"NETCASH_FINANCE":179452000,"END_CASH":164335000,"DIVI_RATIO":null,"DIVIDEND_RATE":null,"CURRENT_RATIO":null,"COMMON_ACS":3800000000,"CURRENTDEBT_DEBT":null,"ISSUED_COMMON_SHARES":1167799000,"HK_COMMON_SHARES":1167799000,"PER_SHARES":1000,"TOTAL_MARKET_CAP":186847840,"HKSK_MARKET_CAP":186847840,"PE_TTM":-1.532163623508,"PB_TTM":0.357978333525,"REPORT_DATE_SQ":"2020-06-30 00:00:00","REPORT_TYPE_SQ":"2020年中报","OPERATE_INCOME_SQ":null,"DPS_HKD":null,"OPERATE_INCOME_QOQ_SQ":0,"NET_PROFIT_RATIO_SQ":null,"HOLDER_PROFIT_SQ":null,"HOLDER_PROFIT_QOQ_SQ":0,"ROE_AVG_SQ":null,"PE_TTM_SQ":-4.487494206914,"PB_TTM_SQ":1.012287435872,"ROA_SQ":null,"START_DATE":"2021-01-01 00:00:00","FISCAL_YEAR":"12-31","CURRENCY":"HKD","IS_CNY_CODE":0,"DPS_HKD_LY":null,"ORG_TYPE":"一般企业","PREMIUM_INCOME":null,"PREMIUM_INCOME_YOY":null,"NET_INTEREST_INCOME":null,"NET_INTEREST_INCOME_YOY":null,"FEE_COMMISSION_INCOME":null,"FEE_COMMISSION_INCOME_YOY":null,"ACCOUNTS_RECE_TDAYS":null,"INVENTORY_TDAYS":null,"CURRENT_ASSETS_TDAYS":2.29777696698,"TOTAL_ASSETS_TDAYS":1.250219789569,"PREMIUM_EXPENSE":null,"LOAN_DEPOSIT":null,"LOAN_EQUITY":null,"LOAN_ASSETS":null,"DEPOSIT_EQUITY":null,"DEPOSIT_ASSETS":null,"EQUITY_MULTIPLIER":null,"EQUITY_RATIO":null},{"SECUCODE":"02297.HK","SECURITY_CODE":"02297","SECURITY_NAME_ABBR":"润迈德-B","ORG_CODE":"10000277146","STD_REPORT_DATE":"2020-12-31 00:00:00","REPORT_DATE":"2020-12-31 00:00:00","DATE_TYPE_CODE":"001","REPORT_TYPE":"2020年年报","PER_NETCASH_OPERATE":null,"PER_OI":null,"BPS":-0.200319575543,"BASIC_EPS":-13.06,"DILUTED_EPS":-13.06,"OPERATE_INCOME":6097000,"OPERATE_INCOME_YOY":585.0561797753,"GROSS_PROFIT":5260000,"GROSS_PROFIT_YOY":752.512155591572,"HOLDER_PROFIT":-145240000,"HOLDER_PROFIT_YOY":-221.8400992732,"GROSS_PROFIT_RATIO":86.271937018206,"EPS_TTM":null,"OPERATE_INCOME_QOQ":585.056179775281,"NET_PROFIT_RATIO":-2382.1551582746,"ROE_AVG":97.92472929786,"GROSS_PROFIT_QOQ":752.512155591572,"ROA":-263.950350292137,"HOLDER_PROFIT_QOQ":-221.840099273179,"ROE_YEARLY":97.92472929786,"ROIC_YEARLY":-385.389993764345,"TOTAL_ASSETS":70522000,"TOTAL_LIABILITIES":291463000,"TAX_EBT":3.787808529525,"OCF_SALES":37.247826800066,"TOTAL_PARENT_EQUITY":-220933000,"DEBT_ASSET_RATIO":413.2937239443,"OPERATE_PROFIT":null,"PRETAX_PROFIT":-150958000,"NETCASH_OPERATE":2271000,"NETCASH_INVEST":8685000,"NETCASH_FINANCE":9526000,"END_CASH":27588000,"DIVI_RATIO":null,"DIVIDEND_RATE":null,"CURRENT_RATIO":0.724186090403,"COMMON_ACS":3800000000,"CURRENTDEBT_DEBT":18.178979836206,"ISSUED_COMMON_SHARES":1167799000,"HK_COMMON_SHARES":1167799000,"PER_SHARES":1000,"TOTAL_MARKET_CAP":186847840,"HKSK_MARKET_CAP":186847840,"PE_TTM":-1.532163623508,"PB_TTM":0.357978333525,"REPORT_DATE_SQ":"2019-12-31 00:00:00","REPORT_TYPE_SQ":"2019年年报","OPERATE_INCOME_SQ":890000,"DPS_HKD":null,"OPERATE_INCOME_QOQ_SQ":null,"NET_PROFIT_RATIO_SQ":-5071.2359550562,"HOLDER_PROFIT_SQ":-45128000,"HOLDER_PROFIT_QOQ_SQ":null,"ROE_AVG_SQ":59.611904415941,"PE_TTM_SQ":-4.487494206914,"PB_TTM_SQ":1.012287435872,"ROA_SQ":-114.164284449392,"START_DATE":"2020-01-01 00:00:00","FISCAL_YEAR":"12-31","CURRENCY":"HKD","IS_CNY_CODE":0,"DPS_HKD_LY":null,"ORG_TYPE":"一般企业","PREMIUM_INCOME":null,"PREMIUM_INCOME_YOY":null,"NET_INTEREST_INCOME":null,"NET_INTEREST_INCOME_YOY":null,"FEE_COMMISSION_INCOME":null,"FEE_COMMISSION_INCOME_YOY":null,"ACCOUNTS_RECE_TDAYS":null,"INVENTORY_TDAYS":0.283921302578,"CURRENT_ASSETS_TDAYS":0.186332936035,"TOTAL_ASSETS_TDAYS":0.110803173074,"PREMIUM_EXPENSE":null,"LOAN_DEPOSIT":null,"LOAN_EQUITY":null,"LOAN_ASSETS":null,"DEPOSIT_EQUITY":null,"DEPOSIT_ASSETS":null,"EQUITY_MULTIPLIER":-0.319189285827,"EQUITY_RATIO":-1.319237053767}],"count":11},"success":true,"message":"ok","code":0}