{"version":"9fd458fe7e066d65a41577fd8e9eeadb","result":{"pages":2,"data":[{"SECUCODE":"02291.HK","SECURITY_CODE":"02291","SECURITY_NAME_ABBR":"心泰医疗","ORG_CODE":"10000213700","STD_REPORT_DATE":"2024-06-30 00:00:00","REPORT_DATE":"2024-06-30 00:00:00","DATE_TYPE_CODE":"002","REPORT_TYPE":"2024年中报","PER_NETCASH_OPERATE":0.298450926475,"PER_OI":0.718385438515,"BPS":5.424493656506,"BASIC_EPS":0.4044,"DILUTED_EPS":0.4044,"OPERATE_INCOME":249100148.65,"OPERATE_INCOME_YOY":49.7434217611,"GROSS_PROFIT":226669873.83,"GROSS_PROFIT_YOY":53.431820271104,"HOLDER_PROFIT":140228466.38,"HOLDER_PROFIT_YOY":85.5557462876,"GROSS_PROFIT_RATIO":90.995479151032,"EPS_TTM":0.623470276973,"OPERATE_INCOME_QOQ":25.391178587648,"NET_PROFIT_RATIO":56.2940115211,"ROE_AVG":7.365538646334,"GROSS_PROFIT_QOQ":27.331571595265,"ROA":6.780984562979,"HOLDER_PROFIT_QOQ":42.668424273421,"ROE_YEARLY":14.731077292669,"ROIC_YEARLY":32.515447705959,"TOTAL_ASSETS":2149466328.93,"TOTAL_LIABILITIES":268523169.81,"TAX_EBT":14.5663158005,"OCF_SALES":41.544679286967,"TOTAL_PARENT_EQUITY":1880943159.12,"DEBT_ASSET_RATIO":12.4925506483,"OPERATE_PROFIT":150012062.69,"PRETAX_PROFIT":164137210.86,"NETCASH_OPERATE":103487857.86,"NETCASH_INVEST":-231013087,"NETCASH_FINANCE":-895216.2,"END_CASH":1084248078.42,"DIVI_RATIO":0.909812673018,"DIVIDEND_RATE":3.609815455594,"CURRENT_RATIO":5.611364240551,"COMMON_ACS":null,"CURRENTDEBT_DEBT":99.001921498284,"ISSUED_COMMON_SHARES":346749997,"HK_COMMON_SHARES":346749997,"PER_SHARES":1000,"TOTAL_MARKET_CAP":6012644947.98,"HKSK_MARKET_CAP":6012644947.98,"PE_TTM":25.169015339188,"PB_TTM":2.917483585038,"REPORT_DATE_SQ":"2023-06-30 00:00:00","REPORT_TYPE_SQ":"2023年中报","OPERATE_INCOME_SQ":166351313.28,"DPS_HKD":0.625942,"OPERATE_INCOME_QOQ_SQ":16.606775144345,"NET_PROFIT_RATIO_SQ":45.8579917317,"HOLDER_PROFIT_SQ":75572149.71,"HOLDER_PROFIT_QOQ_SQ":261.641346590622,"ROE_AVG_SQ":4.252280122739,"PE_TTM_SQ":273.685920463578,"PB_TTM_SQ":4.40042050624,"ROA_SQ":4.113513823253,"START_DATE":"2024-01-01 00:00:00","FISCAL_YEAR":"12-31","CURRENCY":"HKD","IS_CNY_CODE":0,"DPS_HKD_LY":0.625942,"ORG_TYPE":"一般企业","PREMIUM_INCOME":null,"PREMIUM_INCOME_YOY":null,"NET_INTEREST_INCOME":null,"NET_INTEREST_INCOME_YOY":null,"FEE_COMMISSION_INCOME":null,"FEE_COMMISSION_INCOME_YOY":null,"ACCOUNTS_RECE_TDAYS":4.704323365359,"INVENTORY_TDAYS":0.314931831408,"CURRENT_ASSETS_TDAYS":0.171390529679,"TOTAL_ASSETS_TDAYS":0.120456588183,"PREMIUM_EXPENSE":null,"LOAN_DEPOSIT":null,"LOAN_EQUITY":null,"LOAN_ASSETS":null,"DEPOSIT_EQUITY":null,"DEPOSIT_ASSETS":null,"EQUITY_MULTIPLIER":1.142759853485,"EQUITY_RATIO":0.142759853485},{"SECUCODE":"02291.HK","SECURITY_CODE":"02291","SECURITY_NAME_ABBR":"心泰医疗","ORG_CODE":"10000213700","STD_REPORT_DATE":"2023-12-31 00:00:00","REPORT_DATE":"2023-12-31 00:00:00","DATE_TYPE_CODE":"001","REPORT_TYPE":"2023年年报","PER_NETCASH_OPERATE":0.47370440208,"PER_OI":0.939858695947,"BPS":5.556377841872,"BASIC_EPS":0.44,"DILUTED_EPS":0.44,"OPERATE_INCOME":325896000,"OPERATE_INCOME_YOY":31.5847700569,"GROSS_PROFIT":288811000,"GROSS_PROFIT_YOY":31.465364201633,"HOLDER_PROFIT":151532000,"HOLDER_PROFIT_YOY":864.8109826881,"GROSS_PROFIT_RATIO":88.62060289172,"EPS_TTM":0.437006492606,"OPERATE_INCOME_QOQ":12.84487534626,"NET_PROFIT_RATIO":46.4970420011,"ROE_AVG":8.255173170851,"GROSS_PROFIT_QOQ":12.052998118295,"ROA":7.983589417208,"HOLDER_PROFIT_QOQ":373.153063136202,"ROE_YEARLY":8.255173170851,"ROIC_YEARLY":19.122458212371,"TOTAL_ASSETS":1986938216.17,"TOTAL_LIABILITIES":60190638.38,"TAX_EBT":12.557849665886,"OCF_SALES":50.401661879864,"TOTAL_PARENT_EQUITY":1926747577.79,"DEBT_ASSET_RATIO":3.0099684565,"OPERATE_PROFIT":158682000,"PRETAX_PROFIT":173294000,"NETCASH_OPERATE":164257000,"NETCASH_INVEST":111318000,"NETCASH_FINANCE":-2047000,"END_CASH":1212034000,"DIVI_RATIO":1.298015404434,"DIVIDEND_RATE":3.609815455594,"CURRENT_RATIO":24.109706438587,"COMMON_ACS":null,"CURRENTDEBT_DEBT":98.405444474703,"ISSUED_COMMON_SHARES":346749997,"HK_COMMON_SHARES":346749997,"PER_SHARES":1000,"TOTAL_MARKET_CAP":6012644947.98,"HKSK_MARKET_CAP":6012644947.98,"PE_TTM":25.169015339188,"PB_TTM":2.917483585038,"REPORT_DATE_SQ":"2022-12-31 00:00:00","REPORT_TYPE_SQ":"2022年年报","OPERATE_INCOME_SQ":247670000,"DPS_HKD":0.625942,"OPERATE_INCOME_QOQ_SQ":4.758923775162,"NET_PROFIT_RATIO_SQ":-7.9997577422,"HOLDER_PROFIT_SQ":-19813000,"HOLDER_PROFIT_QOQ_SQ":-148.107320626442,"ROE_AVG_SQ":-1.860621922715,"PE_TTM_SQ":288.860585360569,"PB_TTM_SQ":4.644404217477,"ROA_SQ":-1.352741310158,"START_DATE":"2023-01-01 00:00:00","FISCAL_YEAR":"12-31","CURRENCY":"HKD","IS_CNY_CODE":0,"DPS_HKD_LY":null,"ORG_TYPE":"一般企业","PREMIUM_INCOME":null,"PREMIUM_INCOME_YOY":null,"NET_INTEREST_INCOME":null,"NET_INTEREST_INCOME_YOY":null,"FEE_COMMISSION_INCOME":null,"FEE_COMMISSION_INCOME_YOY":null,"ACCOUNTS_RECE_TDAYS":10.29666388264,"INVENTORY_TDAYS":0.584840050149,"CURRENT_ASSETS_TDAYS":0.23748480177,"TOTAL_ASSETS_TDAYS":0.17170101739,"PREMIUM_EXPENSE":null,"LOAN_DEPOSIT":null,"LOAN_EQUITY":null,"LOAN_ASSETS":null,"DEPOSIT_EQUITY":null,"DEPOSIT_ASSETS":null,"EQUITY_MULTIPLIER":1.031033791912,"EQUITY_RATIO":0.031239503853},{"SECUCODE":"02291.HK","SECURITY_CODE":"02291","SECURITY_NAME_ABBR":"心泰医疗","ORG_CODE":"10000213700","STD_REPORT_DATE":"2023-06-30 00:00:00","REPORT_DATE":"2023-06-30 00:00:00","DATE_TYPE_CODE":"002","REPORT_TYPE":"2023年中报","PER_NETCASH_OPERATE":0.177822640327,"PER_OI":0.479744238556,"BPS":5.290402352909,"BASIC_EPS":0.2179,"DILUTED_EPS":0.2179,"OPERATE_INCOME":166351313.28,"OPERATE_INCOME_YOY":32.9556744976,"GROSS_PROFIT":147733288.59,"GROSS_PROFIT_YOY":34.938426946895,"HOLDER_PROFIT":75572149.71,"HOLDER_PROFIT_YOY":213.7250051536,"GROSS_PROFIT_RATIO":88.915472416744,"EPS_TTM":0.092360491066,"OPERATE_INCOME_QOQ":16.606775144345,"NET_PROFIT_RATIO":45.8579917317,"ROE_AVG":4.252280122739,"GROSS_PROFIT_QOQ":17.32427191537,"ROA":4.113513823253,"HOLDER_PROFIT_QOQ":261.641346590622,"ROE_YEARLY":8.504560245478,"ROIC_YEARLY":18.022635467601,"TOTAL_ASSETS":1890087000,"TOTAL_LIABILITIES":55640000,"TAX_EBT":13.243160223843,"OCF_SALES":37.15935251365,"TOTAL_PARENT_EQUITY":1834447000,"DEBT_ASSET_RATIO":2.9437798366,"OPERATE_PROFIT":84309099.4,"PRETAX_PROFIT":87108001.98,"NETCASH_OPERATE":61657423.78,"NETCASH_INVEST":63868838.38,"NETCASH_FINANCE":-793158.67,"END_CASH":1066339434.53,"DIVI_RATIO":6.141599646061,"DIVIDEND_RATE":3.609815455594,"CURRENT_RATIO":25.518862991185,"COMMON_ACS":null,"CURRENTDEBT_DEBT":96.232925952552,"ISSUED_COMMON_SHARES":346749997,"HK_COMMON_SHARES":346749997,"PER_SHARES":1000,"TOTAL_MARKET_CAP":6012644947.98,"HKSK_MARKET_CAP":6012644947.98,"PE_TTM":25.169015339188,"PB_TTM":2.917483585038,"REPORT_DATE_SQ":"2022-06-30 00:00:00","REPORT_TYPE_SQ":"2022年中报","OPERATE_INCOME_SQ":124804000,"DPS_HKD":0.625942,"OPERATE_INCOME_QOQ_SQ":6.216108148421,"NET_PROFIT_RATIO_SQ":19.4344732541,"HOLDER_PROFIT_SQ":24255000,"HOLDER_PROFIT_QOQ_SQ":-29.834574169038,"ROE_AVG_SQ":6.045326866375,"PE_TTM_SQ":288.860585360569,"PB_TTM_SQ":4.644404217477,"ROA_SQ":2.067873658077,"START_DATE":"2023-01-01 00:00:00","FISCAL_YEAR":"12-31","CURRENCY":"HKD","IS_CNY_CODE":0,"DPS_HKD_LY":null,"ORG_TYPE":"一般企业","PREMIUM_INCOME":null,"PREMIUM_INCOME_YOY":null,"NET_INTEREST_INCOME":null,"NET_INTEREST_INCOME_YOY":null,"FEE_COMMISSION_INCOME":null,"FEE_COMMISSION_INCOME_YOY":null,"ACCOUNTS_RECE_TDAYS":4.641174953756,"INVENTORY_TDAYS":0.302459238795,"CURRENT_ASSETS_TDAYS":0.123102192462,"TOTAL_ASSETS_TDAYS":0.089701133171,"PREMIUM_EXPENSE":null,"LOAN_DEPOSIT":null,"LOAN_EQUITY":null,"LOAN_ASSETS":null,"DEPOSIT_EQUITY":null,"DEPOSIT_ASSETS":null,"EQUITY_MULTIPLIER":1.030330666408,"EQUITY_RATIO":0.030330666408},{"SECUCODE":"02291.HK","SECURITY_CODE":"02291","SECURITY_NAME_ABBR":"心泰医疗","ORG_CODE":"10000213700","STD_REPORT_DATE":"2022-12-31 00:00:00","REPORT_DATE":"2022-12-31 00:00:00","DATE_TYPE_CODE":"001","REPORT_TYPE":"2022年年报","PER_NETCASH_OPERATE":0.188986303005,"PER_OI":0.714261001133,"BPS":5.031080072367,"BASIC_EPS":-0.06,"DILUTED_EPS":-0.06,"OPERATE_INCOME":247670000,"OPERATE_INCOME_YOY":11.2708517721,"GROSS_PROFIT":219686000,"GROSS_PROFIT_YOY":11.208079171834,"HOLDER_PROFIT":-19813000,"HOLDER_PROFIT_YOY":-133.7547063734,"GROSS_PROFIT_RATIO":88.701094197925,"EPS_TTM":-0.057139149737,"OPERATE_INCOME_QOQ":4.758923775162,"NET_PROFIT_RATIO":-7.9997577422,"ROE_AVG":-1.860621922715,"GROSS_PROFIT_QOQ":5.647220632577,"ROA":-1.352741310158,"HOLDER_PROFIT_QOQ":-148.107320626442,"ROE_YEARLY":-1.860621922715,"ROIC_YEARLY":-3.116927656067,"TOTAL_ASSETS":1809621000,"TOTAL_LIABILITIES":65094000,"TAX_EBT":-31.80548163917,"OCF_SALES":26.458997860056,"TOTAL_PARENT_EQUITY":1744527000,"DEBT_ASSET_RATIO":3.5971067975,"OPERATE_PROFIT":-1726000,"PRETAX_PROFIT":-15032000,"NETCASH_OPERATE":65531000,"NETCASH_INVEST":-406002000,"NETCASH_FINANCE":577804000,"END_CASH":944515000,"DIVI_RATIO":-9.927364370098,"DIVIDEND_RATE":3.609815455594,"CURRENT_RATIO":20.920409126672,"COMMON_ACS":null,"CURRENTDEBT_DEBT":97.6280455956,"ISSUED_COMMON_SHARES":346749997,"HK_COMMON_SHARES":346749997,"PER_SHARES":1000,"TOTAL_MARKET_CAP":6012644947.98,"HKSK_MARKET_CAP":6012644947.98,"PE_TTM":25.169015339188,"PB_TTM":2.917483585038,"REPORT_DATE_SQ":"2021-12-31 00:00:00","REPORT_TYPE_SQ":"2021年年报","OPERATE_INCOME_SQ":222583000,"DPS_HKD":0.625942,"OPERATE_INCOME_QOQ_SQ":7.732033609541,"NET_PROFIT_RATIO_SQ":26.3708369462,"HOLDER_PROFIT_SQ":58697000,"HOLDER_PROFIT_QOQ_SQ":-10.469638962188,"ROE_AVG_SQ":18.37755756978,"PE_TTM_SQ":288.860585360569,"PB_TTM_SQ":4.644404217477,"ROA_SQ":8.083872744801,"START_DATE":"2022-01-01 00:00:00","FISCAL_YEAR":"12-31","CURRENCY":"HKD","IS_CNY_CODE":0,"DPS_HKD_LY":null,"ORG_TYPE":"一般企业","PREMIUM_INCOME":null,"PREMIUM_INCOME_YOY":null,"NET_INTEREST_INCOME":null,"NET_INTEREST_INCOME_YOY":null,"FEE_COMMISSION_INCOME":null,"FEE_COMMISSION_INCOME_YOY":null,"ACCOUNTS_RECE_TDAYS":9.09147639674,"INVENTORY_TDAYS":0.616387665198,"CURRENT_ASSETS_TDAYS":0.233429845693,"TOTAL_ASSETS_TDAYS":0.169097784428,"PREMIUM_EXPENSE":null,"LOAN_DEPOSIT":null,"LOAN_EQUITY":null,"LOAN_ASSETS":null,"DEPOSIT_EQUITY":null,"DEPOSIT_ASSETS":null,"EQUITY_MULTIPLIER":1.037313266003,"EQUITY_RATIO":0.037313266003},{"SECUCODE":"02291.HK","SECURITY_CODE":"02291","SECURITY_NAME_ABBR":"心泰医疗","ORG_CODE":"10000213700","STD_REPORT_DATE":"2022-06-30 00:00:00","REPORT_DATE":"2022-06-30 00:00:00","DATE_TYPE_CODE":"002","REPORT_TYPE":"2022年中报","PER_NETCASH_OPERATE":0.162398433525,"PER_OI":0.384847129928,"BPS":1.203307869099,"BASIC_EPS":0.07,"DILUTED_EPS":0.07,"OPERATE_INCOME":124804000,"OPERATE_INCOME_YOY":12.4684593757,"GROSS_PROFIT":109482000,"GROSS_PROFIT_YOY":10.494126195955,"HOLDER_PROFIT":24255000,"HOLDER_PROFIT_YOY":-41.9278377667,"GROSS_PROFIT_RATIO":87.723149899042,"EPS_TTM":0.12699856612,"OPERATE_INCOME_QOQ":6.216108148421,"NET_PROFIT_RATIO":19.4344732541,"ROE_AVG":6.045326866375,"GROSS_PROFIT_QOQ":5.26361082285,"ROA":2.067873658077,"HOLDER_PROFIT_QOQ":-29.834574169038,"ROE_YEARLY":12.090653732749,"ROIC_YEARLY":10.024032053759,"TOTAL_ASSETS":1226198000,"TOTAL_LIABILITIES":808951000,"TAX_EBT":4.153165257251,"OCF_SALES":42.198166725426,"TOTAL_PARENT_EQUITY":417247000,"DEBT_ASSET_RATIO":65.9722981117,"OPERATE_PROFIT":34359000,"PRETAX_PROFIT":25306000,"NETCASH_OPERATE":52665000,"NETCASH_INVEST":-102765000,"NETCASH_FINANCE":-2228000,"END_CASH":664534000,"DIVI_RATIO":4.466516249502,"DIVIDEND_RATE":3.609815455594,"CURRENT_RATIO":1.069598075835,"COMMON_ACS":null,"CURRENTDEBT_DEBT":99.450399344336,"ISSUED_COMMON_SHARES":346749997,"HK_COMMON_SHARES":346749997,"PER_SHARES":1000,"TOTAL_MARKET_CAP":6012644947.98,"HKSK_MARKET_CAP":6012644947.98,"PE_TTM":25.169015339188,"PB_TTM":2.917483585038,"REPORT_DATE_SQ":"2021-06-30 00:00:00","REPORT_TYPE_SQ":"2021年中报","OPERATE_INCOME_SQ":110968000,"DPS_HKD":0.625942,"OPERATE_INCOME_QOQ_SQ":0,"NET_PROFIT_RATIO_SQ":37.638778747,"HOLDER_PROFIT_SQ":41767000,"HOLDER_PROFIT_QOQ_SQ":0,"ROE_AVG_SQ":null,"PE_TTM_SQ":288.860585360569,"PB_TTM_SQ":4.644404217477,"ROA_SQ":null,"START_DATE":"2022-01-01 00:00:00","FISCAL_YEAR":"12-31","CURRENCY":"HKD","IS_CNY_CODE":0,"DPS_HKD_LY":null,"ORG_TYPE":"一般企业","PREMIUM_INCOME":null,"PREMIUM_INCOME_YOY":null,"NET_INTEREST_INCOME":null,"NET_INTEREST_INCOME_YOY":null,"FEE_COMMISSION_INCOME":null,"FEE_COMMISSION_INCOME_YOY":null,"ACCOUNTS_RECE_TDAYS":4.398223851142,"INVENTORY_TDAYS":0.415957432368,"CURRENT_ASSETS_TDAYS":0.151001837251,"TOTAL_ASSETS_TDAYS":0.106402351689,"PREMIUM_EXPENSE":null,"LOAN_DEPOSIT":null,"LOAN_EQUITY":null,"LOAN_ASSETS":null,"DEPOSIT_EQUITY":null,"DEPOSIT_ASSETS":null,"EQUITY_MULTIPLIER":2.938782064339,"EQUITY_RATIO":1.938782064341},{"SECUCODE":"02291.HK","SECURITY_CODE":"02291","SECURITY_NAME_ABBR":"心泰医疗","ORG_CODE":"10000213700","STD_REPORT_DATE":"2021-12-31 00:00:00","REPORT_DATE":"2021-12-31 00:00:00","DATE_TYPE_CODE":"001","REPORT_TYPE":"2021年年报","PER_NETCASH_OPERATE":0.324636519219,"PER_OI":0.686359641684,"BPS":1.110860860368,"BASIC_EPS":0.19,"DILUTED_EPS":0.19,"OPERATE_INCOME":222583000,"OPERATE_INCOME_YOY":50.1433418551,"GROSS_PROFIT":197545000,"GROSS_PROFIT_YOY":48.403987589492,"HOLDER_PROFIT":58697000,"HOLDER_PROFIT_YOY":-14.6498575001,"GROSS_PROFIT_RATIO":88.751162487701,"EPS_TTM":0.180998781973,"OPERATE_INCOME_QOQ":7.732033609541,"NET_PROFIT_RATIO":26.3708369462,"ROE_AVG":18.37755756978,"GROSS_PROFIT_QOQ":8.154349004385,"ROA":8.083872744801,"HOLDER_PROFIT_QOQ":-10.469638962188,"ROE_YEARLY":18.37755756978,"ROIC_YEARLY":16.306352857508,"TOTAL_ASSETS":1119690000,"TOTAL_LIABILITIES":734499000,"TAX_EBT":11.10151907553,"OCF_SALES":47.29831119178,"TOTAL_PARENT_EQUITY":385191000,"DEBT_ASSET_RATIO":65.5984245639,"OPERATE_PROFIT":76387000,"PRETAX_PROFIT":66027000,"NETCASH_OPERATE":105278000,"NETCASH_INVEST":-85171000,"NETCASH_FINANCE":672226000,"END_CASH":713480000,"DIVI_RATIO":3.133950146272,"DIVIDEND_RATE":3.609815455594,"CURRENT_RATIO":1.085678511397,"COMMON_ACS":null,"CURRENTDEBT_DEBT":99.383797663441,"ISSUED_COMMON_SHARES":346749997,"HK_COMMON_SHARES":346749997,"PER_SHARES":1000,"TOTAL_MARKET_CAP":6012644947.98,"HKSK_MARKET_CAP":6012644947.98,"PE_TTM":25.169015339188,"PB_TTM":2.917483585038,"REPORT_DATE_SQ":"2020-12-31 00:00:00","REPORT_TYPE_SQ":"2020年年报","OPERATE_INCOME_SQ":148247000,"DPS_HKD":0.625942,"OPERATE_INCOME_QOQ_SQ":27.304188027582,"NET_PROFIT_RATIO_SQ":46.390146175,"HOLDER_PROFIT_SQ":68772000,"HOLDER_PROFIT_QOQ_SQ":32.48569612206,"ROE_AVG_SQ":28.332248469518,"PE_TTM_SQ":288.860585360569,"PB_TTM_SQ":4.644404217477,"ROA_SQ":21.45534581973,"START_DATE":"2021-01-01 00:00:00","FISCAL_YEAR":"12-31","CURRENCY":"HKD","IS_CNY_CODE":0,"DPS_HKD_LY":null,"ORG_TYPE":"一般企业","PREMIUM_INCOME":null,"PREMIUM_INCOME_YOY":null,"NET_INTEREST_INCOME":null,"NET_INTEREST_INCOME_YOY":null,"FEE_COMMISSION_INCOME":null,"FEE_COMMISSION_INCOME_YOY":null,"ACCOUNTS_RECE_TDAYS":7.158620911459,"INVENTORY_TDAYS":0.882847622574,"CURRENT_ASSETS_TDAYS":0.49557709306,"TOTAL_ASSETS_TDAYS":0.306545930313,"PREMIUM_EXPENSE":null,"LOAN_DEPOSIT":null,"LOAN_EQUITY":null,"LOAN_ASSETS":null,"DEPOSIT_EQUITY":null,"DEPOSIT_ASSETS":null,"EQUITY_MULTIPLIER":2.906843617838,"EQUITY_RATIO":1.906843617842},{"SECUCODE":"02291.HK","SECURITY_CODE":"02291","SECURITY_NAME_ABBR":"心泰医疗","ORG_CODE":"10000213700","STD_REPORT_DATE":"2021-09-30 00:00:00","REPORT_DATE":"2021-09-30 00:00:00","DATE_TYPE_CODE":"004","REPORT_TYPE":"2021年三季报","PER_NETCASH_OPERATE":0.291352009744,"PER_OI":0.521605328482,"BPS":1.066038942172,"BASIC_EPS":0.17,"DILUTED_EPS":0.17,"OPERATE_INCOME":169154000,"OPERATE_INCOME_YOY":52.6757105593,"GROSS_PROFIT":149766000,"GROSS_PROFIT_YOY":49.425310292533,"HOLDER_PROFIT":51552000,"HOLDER_PROFIT_YOY":-5.8634479484,"GROSS_PROFIT_RATIO":88.538255081169,"EPS_TTM":0.202164695725,"OPERATE_INCOME_QOQ":39.367407097614,"NET_PROFIT_RATIO":30.4763706445,"ROE_AVG":16.543013375093,"GROSS_PROFIT_QOQ":37.214997783838,"ROA":7.159134937862,"HOLDER_PROFIT_QOQ":-4.669051358111,"ROE_YEARLY":22.057351166791,"ROIC_YEARLY":8.566080468183,"TOTAL_ASSETS":1107664000,"TOTAL_LIABILITIES":738015000,"TAX_EBT":5.594520848975,"OCF_SALES":55.856793218014,"TOTAL_PARENT_EQUITY":369649000,"DEBT_ASSET_RATIO":66.6280568837,"OPERATE_PROFIT":null,"PRETAX_PROFIT":54607000,"NETCASH_OPERATE":94484000,"NETCASH_INVEST":-569913000,"NETCASH_FINANCE":670921000,"END_CASH":217751000,"DIVI_RATIO":2.805836880702,"DIVIDEND_RATE":3.609815455594,"CURRENT_RATIO":16.572647823328,"COMMON_ACS":null,"CURRENTDEBT_DEBT":6.620326145133,"ISSUED_COMMON_SHARES":346749997,"HK_COMMON_SHARES":346749997,"PER_SHARES":1000,"TOTAL_MARKET_CAP":6012644947.98,"HKSK_MARKET_CAP":6012644947.98,"PE_TTM":25.169015339188,"PB_TTM":2.917483585038,"REPORT_DATE_SQ":"2020-09-30 00:00:00","REPORT_TYPE_SQ":"2020年三季报","OPERATE_INCOME_SQ":110793000,"DPS_HKD":0.625942,"OPERATE_INCOME_QOQ_SQ":0,"NET_PROFIT_RATIO_SQ":49.4282129737,"HOLDER_PROFIT_SQ":54763000,"HOLDER_PROFIT_QOQ_SQ":0,"ROE_AVG_SQ":null,"PE_TTM_SQ":288.860585360569,"PB_TTM_SQ":4.644404217477,"ROA_SQ":null,"START_DATE":"2021-01-01 00:00:00","FISCAL_YEAR":"12-31","CURRENCY":"HKD","IS_CNY_CODE":0,"DPS_HKD_LY":null,"ORG_TYPE":"一般企业","PREMIUM_INCOME":null,"PREMIUM_INCOME_YOY":null,"NET_INTEREST_INCOME":null,"NET_INTEREST_INCOME_YOY":null,"FEE_COMMISSION_INCOME":null,"FEE_COMMISSION_INCOME_YOY":null,"ACCOUNTS_RECE_TDAYS":5.235264078241,"INVENTORY_TDAYS":0.788610941631,"CURRENT_ASSETS_TDAYS":0.369539642922,"TOTAL_ASSETS_TDAYS":0.234907726428,"PREMIUM_EXPENSE":null,"LOAN_DEPOSIT":null,"LOAN_EQUITY":null,"LOAN_ASSETS":null,"DEPOSIT_EQUITY":null,"DEPOSIT_ASSETS":null,"EQUITY_MULTIPLIER":2.996529139808,"EQUITY_RATIO":1.996529139806},{"SECUCODE":"02291.HK","SECURITY_CODE":"02291","SECURITY_NAME_ABBR":"心泰医疗","ORG_CODE":"10000213700","STD_REPORT_DATE":"2021-06-30 00:00:00","REPORT_DATE":"2021-06-30 00:00:00","DATE_TYPE_CODE":"002","REPORT_TYPE":"2021年中报","PER_NETCASH_OPERATE":null,"PER_OI":null,"BPS":null,"BASIC_EPS":0.15,"DILUTED_EPS":0.15,"OPERATE_INCOME":110968000,"OPERATE_INCOME_YOY":null,"GROSS_PROFIT":99084000,"GROSS_PROFIT_YOY":null,"HOLDER_PROFIT":41767000,"HOLDER_PROFIT_YOY":null,"GROSS_PROFIT_RATIO":89.290606300916,"EPS_TTM":null,"OPERATE_INCOME_QOQ":0,"NET_PROFIT_RATIO":37.638778747,"ROE_AVG":null,"GROSS_PROFIT_QOQ":0,"ROA":null,"HOLDER_PROFIT_QOQ":0,"ROE_YEARLY":null,"ROIC_YEARLY":null,"TOTAL_ASSETS":null,"TOTAL_LIABILITIES":null,"TAX_EBT":7.12252612853,"OCF_SALES":55.649376396799,"TOTAL_PARENT_EQUITY":null,"DEBT_ASSET_RATIO":null,"OPERATE_PROFIT":45663000,"PRETAX_PROFIT":44970000,"NETCASH_OPERATE":61753000,"NETCASH_INVEST":-31951000,"NETCASH_FINANCE":673275000,"END_CASH":724781000,"DIVI_RATIO":null,"DIVIDEND_RATE":3.609815455594,"CURRENT_RATIO":null,"COMMON_ACS":null,"CURRENTDEBT_DEBT":null,"ISSUED_COMMON_SHARES":346749997,"HK_COMMON_SHARES":346749997,"PER_SHARES":1000,"TOTAL_MARKET_CAP":6012644947.98,"HKSK_MARKET_CAP":6012644947.98,"PE_TTM":25.169015339188,"PB_TTM":2.917483585038,"REPORT_DATE_SQ":"2020-06-30 00:00:00","REPORT_TYPE_SQ":"2020年中报","OPERATE_INCOME_SQ":null,"DPS_HKD":0.625942,"OPERATE_INCOME_QOQ_SQ":0,"NET_PROFIT_RATIO_SQ":null,"HOLDER_PROFIT_SQ":null,"HOLDER_PROFIT_QOQ_SQ":0,"ROE_AVG_SQ":null,"PE_TTM_SQ":288.860585360569,"PB_TTM_SQ":4.644404217477,"ROA_SQ":null,"START_DATE":"2021-01-01 00:00:00","FISCAL_YEAR":"12-31","CURRENCY":"HKD","IS_CNY_CODE":0,"DPS_HKD_LY":null,"ORG_TYPE":"一般企业","PREMIUM_INCOME":null,"PREMIUM_INCOME_YOY":null,"NET_INTEREST_INCOME":null,"NET_INTEREST_INCOME_YOY":null,"FEE_COMMISSION_INCOME":null,"FEE_COMMISSION_INCOME_YOY":null,"ACCOUNTS_RECE_TDAYS":null,"INVENTORY_TDAYS":null,"CURRENT_ASSETS_TDAYS":2.098447457499,"TOTAL_ASSETS_TDAYS":0.667456617846,"PREMIUM_EXPENSE":null,"LOAN_DEPOSIT":null,"LOAN_EQUITY":null,"LOAN_ASSETS":null,"DEPOSIT_EQUITY":null,"DEPOSIT_ASSETS":null,"EQUITY_MULTIPLIER":null,"EQUITY_RATIO":null},{"SECUCODE":"02291.HK","SECURITY_CODE":"02291","SECURITY_NAME_ABBR":"心泰医疗","ORG_CODE":"10000213700","STD_REPORT_DATE":"2020-12-31 00:00:00","REPORT_DATE":"2020-12-31 00:00:00","DATE_TYPE_CODE":"001","REPORT_TYPE":"2020年年报","PER_NETCASH_OPERATE":null,"PER_OI":null,"BPS":0.731359775614,"BASIC_EPS":0.25,"DILUTED_EPS":0.25,"OPERATE_INCOME":148247000,"OPERATE_INCOME_YOY":27.3041880276,"GROSS_PROFIT":133113000,"GROSS_PROFIT_YOY":29.447059281158,"HOLDER_PROFIT":68772000,"HOLDER_PROFIT_YOY":32.4856961221,"GROSS_PROFIT_RATIO":89.791361713896,"EPS_TTM":null,"OPERATE_INCOME_QOQ":27.304188027582,"NET_PROFIT_RATIO":46.390146175,"ROE_AVG":28.332248469518,"GROSS_PROFIT_QOQ":29.447059281158,"ROA":21.45534581973,"HOLDER_PROFIT_QOQ":32.48569612206,"ROE_YEARLY":28.332248469518,"ROIC_YEARLY":22.691038669658,"TOTAL_ASSETS":332510000,"TOTAL_LIABILITIES":78911000,"TAX_EBT":10.311819402966,"OCF_SALES":39.863875828853,"TOTAL_PARENT_EQUITY":253599000,"DEBT_ASSET_RATIO":23.7319178371,"OPERATE_PROFIT":76537000,"PRETAX_PROFIT":76679000,"NETCASH_OPERATE":59097000,"NETCASH_INVEST":-8463000,"NETCASH_FINANCE":-47961000,"END_CASH":18792000,"DIVI_RATIO":null,"DIVIDEND_RATE":3.609815455594,"CURRENT_RATIO":1.362982627971,"COMMON_ACS":null,"CURRENTDEBT_DEBT":98.333565662582,"ISSUED_COMMON_SHARES":346749997,"HK_COMMON_SHARES":346749997,"PER_SHARES":1000,"TOTAL_MARKET_CAP":6012644947.98,"HKSK_MARKET_CAP":6012644947.98,"PE_TTM":25.169015339188,"PB_TTM":2.917483585038,"REPORT_DATE_SQ":"2019-12-31 00:00:00","REPORT_TYPE_SQ":"2019年年报","OPERATE_INCOME_SQ":116451000,"DPS_HKD":0.625942,"OPERATE_INCOME_QOQ_SQ":17.577391409705,"NET_PROFIT_RATIO_SQ":44.5758301775,"HOLDER_PROFIT_SQ":51909000,"HOLDER_PROFIT_QOQ_SQ":34.440962420036,"ROE_AVG_SQ":22.914238796483,"PE_TTM_SQ":288.860585360569,"PB_TTM_SQ":4.644404217477,"ROA_SQ":17.824852257938,"START_DATE":"2020-01-01 00:00:00","FISCAL_YEAR":"12-31","CURRENCY":"HKD","IS_CNY_CODE":0,"DPS_HKD_LY":null,"ORG_TYPE":"一般企业","PREMIUM_INCOME":null,"PREMIUM_INCOME_YOY":null,"NET_INTEREST_INCOME":null,"NET_INTEREST_INCOME_YOY":null,"FEE_COMMISSION_INCOME":null,"FEE_COMMISSION_INCOME_YOY":null,"ACCOUNTS_RECE_TDAYS":3.544543802601,"INVENTORY_TDAYS":0.88062610922,"CURRENT_ASSETS_TDAYS":1.546607826568,"TOTAL_ASSETS_TDAYS":0.462497913648,"PREMIUM_EXPENSE":null,"LOAN_DEPOSIT":null,"LOAN_EQUITY":null,"LOAN_ASSETS":null,"DEPOSIT_EQUITY":null,"DEPOSIT_ASSETS":null,"EQUITY_MULTIPLIER":1.311164476201,"EQUITY_RATIO":0.311164476201}],"count":12},"success":true,"message":"ok","code":0}