{"version":"9d08a06d894f07a3e2d8da42ef933e88","result":{"pages":6,"data":[{"SECUCODE":"02302.HK","SECURITY_CODE":"02302","SECURITY_NAME_ABBR":"中核国际","ORG_CODE":"10010574","STD_REPORT_DATE":"2024-06-30 00:00:00","REPORT_DATE":"2024-06-30 00:00:00","DATE_TYPE_CODE":"002","REPORT_TYPE":"2024年中报","PER_NETCASH_OPERATE":-0.41362456621,"PER_OI":0.011940986169,"BPS":0.81987557346,"BASIC_EPS":-0.014420344,"DILUTED_EPS":-0.014420344,"OPERATE_INCOME":5841152,"OPERATE_INCOME_YOY":-91.5948728725,"GROSS_PROFIT":5841152,"GROSS_PROFIT_YOY":841.373445037711,"HOLDER_PROFIT":-7055929.08,"HOLDER_PROFIT_YOY":-192.8091236495,"GROSS_PROFIT_RATIO":null,"EPS_TTM":0.166831651776,"OPERATE_INCOME_QOQ":-12.225081981285,"NET_PROFIT_RATIO":-120.796875,"ROE_AVG":-1.718544205665,"GROSS_PROFIT_QOQ":4.534263957769,"ROA":-0.84868051641,"HOLDER_PROFIT_QOQ":-15.295091843134,"ROE_YEARLY":-3.43708841133,"ROIC_YEARLY":-2.044110589794,"TOTAL_ASSETS":758459897,"TOTAL_LIABILITIES":357402749.96,"TAX_EBT":-26.406147809026,"OCF_SALES":-3463.90625,"TOTAL_PARENT_EQUITY":401057147.04,"DEBT_ASSET_RATIO":47.1221684065,"OPERATE_PROFIT":-7605362.44,"PRETAX_PROFIT":-5581950.88,"NETCASH_OPERATE":-202332029.2,"NETCASH_INVEST":16579744.88,"NETCASH_FINANCE":140539942.48,"END_CASH":117387988.92,"DIVI_RATIO":null,"DIVIDEND_RATE":null,"CURRENT_RATIO":2.047141608349,"COMMON_ACS":1000000000,"CURRENTDEBT_DEBT":52.875022025194,"ISSUED_COMMON_SHARES":489168308,"HK_COMMON_SHARES":489168308,"PER_SHARES":1000,"TOTAL_MARKET_CAP":782669292.8,"HKSK_MARKET_CAP":782669292.8,"PE_TTM":8.671851583309,"PB_TTM":1.781109289349,"REPORT_DATE_SQ":"2023-06-30 00:00:00","REPORT_TYPE_SQ":"2023年中报","OPERATE_INCOME_SQ":70203245.12,"DPS_HKD":null,"OPERATE_INCOME_QOQ_SQ":-51.977670481657,"NET_PROFIT_RATIO_SQ":10.9397982769,"HOLDER_PROFIT_SQ":7680093.4,"HOLDER_PROFIT_QOQ_SQ":-10.774668478203,"ROE_AVG_SQ":2.162145325756,"PE_TTM_SQ":12.453858799336,"PB_TTM_SQ":2.336608328024,"ROA_SQ":1.295398226098,"START_DATE":"2024-01-01 00:00:00","FISCAL_YEAR":"12-31","CURRENCY":"HKD","IS_CNY_CODE":0,"DPS_HKD_LY":null,"ORG_TYPE":"一般企业","PREMIUM_INCOME":null,"PREMIUM_INCOME_YOY":null,"NET_INTEREST_INCOME":null,"NET_INTEREST_INCOME_YOY":null,"FEE_COMMISSION_INCOME":null,"FEE_COMMISSION_INCOME_YOY":null,"ACCOUNTS_RECE_TDAYS":null,"INVENTORY_TDAYS":null,"CURRENT_ASSETS_TDAYS":0.012853689863,"TOTAL_ASSETS_TDAYS":0.007025682712,"PREMIUM_EXPENSE":null,"LOAN_DEPOSIT":null,"LOAN_EQUITY":null,"LOAN_ASSETS":null,"DEPOSIT_EQUITY":null,"DEPOSIT_ASSETS":null,"EQUITY_MULTIPLIER":1.891151679001,"EQUITY_RATIO":0.891151679001},{"SECUCODE":"02302.HK","SECURITY_CODE":"02302","SECURITY_NAME_ABBR":"中核国际","ORG_CODE":"10010574","STD_REPORT_DATE":"2023-12-31 00:00:00","REPORT_DATE":"2023-12-31 00:00:00","DATE_TYPE_CODE":"001","REPORT_TYPE":"2023年年报","PER_NETCASH_OPERATE":0.137377550837,"PER_OI":1.076267105104,"BPS":0.852715268586,"BASIC_EPS":0.19664974,"DILUTED_EPS":0.19664974,"OPERATE_INCOME":526475758.76,"OPERATE_INCOME_YOY":-35.8574851225,"GROSS_PROFIT":115137969.66,"GROSS_PROFIT_YOY":25.393926575879,"HOLDER_PROFIT":96344779.3,"HOLDER_PROFIT_YOY":31.5079846121,"GROSS_PROFIT_RATIO":21.869567163203,"EPS_TTM":0.196956298526,"OPERATE_INCOME_QOQ":35.504480068762,"NET_PROFIT_RATIO":18.2999459513,"ROE_AVG":24.959648783007,"GROSS_PROFIT_QOQ":48.815451198681,"ROA":12.982754788776,"HOLDER_PROFIT_QOQ":49.525356280731,"ROE_YEARLY":24.959648783007,"ROIC_YEARLY":16.027926568382,"TOTAL_ASSETS":897938961.64,"TOTAL_LIABILITIES":480817676.5,"TAX_EBT":13.645778337327,"OCF_SALES":12.764261788288,"TOTAL_PARENT_EQUITY":417121285.14,"DEBT_ASSET_RATIO":53.5468107567,"OPERATE_PROFIT":95143131.58,"PRETAX_PROFIT":111569275.3,"NETCASH_OPERATE":67200744.1,"NETCASH_INVEST":23565344.88,"NETCASH_FINANCE":-44510807.74,"END_CASH":163512899.48,"DIVI_RATIO":null,"DIVIDEND_RATE":null,"CURRENT_RATIO":1.656360771957,"COMMON_ACS":1000000000,"CURRENTDEBT_DEBT":65.081091268906,"ISSUED_COMMON_SHARES":489168308,"HK_COMMON_SHARES":489168308,"PER_SHARES":1000,"TOTAL_MARKET_CAP":763102560.48,"HKSK_MARKET_CAP":763102560.48,"PE_TTM":8.455055293727,"PB_TTM":1.736581557115,"REPORT_DATE_SQ":"2022-12-31 00:00:00","REPORT_TYPE_SQ":"2022年年报","OPERATE_INCOME_SQ":809061437.1,"DPS_HKD":null,"OPERATE_INCOME_QOQ_SQ":26.124639576308,"NET_PROFIT_RATIO_SQ":8.925728418,"HOLDER_PROFIT_SQ":72214626.61,"HOLDER_PROFIT_QOQ_SQ":311.599832574811,"ROE_AVG_SQ":22.26273402335,"PE_TTM_SQ":6.536555723408,"PB_TTM_SQ":1.226396636256,"ROA_SQ":13.043432664003,"START_DATE":"2023-01-01 00:00:00","FISCAL_YEAR":"12-31","CURRENCY":"HKD","IS_CNY_CODE":0,"DPS_HKD_LY":null,"ORG_TYPE":"一般企业","PREMIUM_INCOME":null,"PREMIUM_INCOME_YOY":null,"NET_INTEREST_INCOME":null,"NET_INTEREST_INCOME_YOY":null,"FEE_COMMISSION_INCOME":null,"FEE_COMMISSION_INCOME_YOY":null,"ACCOUNTS_RECE_TDAYS":null,"INVENTORY_TDAYS":2.467270567836,"CURRENT_ASSETS_TDAYS":1.48914524317,"TOTAL_ASSETS_TDAYS":0.709442247715,"PREMIUM_EXPENSE":null,"LOAN_DEPOSIT":null,"LOAN_EQUITY":null,"LOAN_ASSETS":null,"DEPOSIT_EQUITY":null,"DEPOSIT_ASSETS":null,"EQUITY_MULTIPLIER":2.15270472553,"EQUITY_RATIO":1.15270472553},{"SECUCODE":"02302.HK","SECURITY_CODE":"02302","SECURITY_NAME_ABBR":"中核国际","ORG_CODE":"10010574","STD_REPORT_DATE":"2023-06-30 00:00:00","REPORT_DATE":"2023-06-30 00:00:00","DATE_TYPE_CODE":"002","REPORT_TYPE":"2023年中报","PER_NETCASH_OPERATE":-0.103382668405,"PER_OI":0.143515522105,"BPS":0.714190641189,"BASIC_EPS":0.01567366,"DILUTED_EPS":0.01567366,"OPERATE_INCOME":70203245.12,"OPERATE_INCOME_YOY":-86.7305879257,"GROSS_PROFIT":620492.54,"GROSS_PROFIT_YOY":-95.883108072965,"HOLDER_PROFIT":7680093.4,"HOLDER_PROFIT_YOY":-53.9244427236,"GROSS_PROFIT_RATIO":0.883851649506,"EPS_TTM":0.131721002662,"OPERATE_INCOME_QOQ":-51.977670481657,"NET_PROFIT_RATIO":10.9397982769,"ROE_AVG":2.162145325756,"GROSS_PROFIT_QOQ":-15.73863764424,"ROA":1.295398226098,"HOLDER_PROFIT_QOQ":-10.774668478203,"ROE_YEARLY":4.324290651512,"ROIC_YEARLY":3.082339728972,"TOTAL_ASSETS":589297346.7,"TOTAL_LIABILITIES":239937919.16,"TAX_EBT":null,"OCF_SALES":-72.035879386426,"TOTAL_PARENT_EQUITY":349359427.54,"DEBT_ASSET_RATIO":40.7159340702,"OPERATE_PROFIT":-5902515.96,"PRETAX_PROFIT":7680093.4,"NETCASH_OPERATE":-50571524.98,"NETCASH_INVEST":791058.84,"NETCASH_FINANCE":null,"END_CASH":68560276.76,"DIVI_RATIO":null,"DIVIDEND_RATE":null,"CURRENT_RATIO":2.530520692211,"COMMON_ACS":1000000000,"CURRENTDEBT_DEBT":30.065093259351,"ISSUED_COMMON_SHARES":489168308,"HK_COMMON_SHARES":489168308,"PER_SHARES":1000,"TOTAL_MARKET_CAP":763102560.48,"HKSK_MARKET_CAP":763102560.48,"PE_TTM":8.455055293727,"PB_TTM":1.736581557115,"REPORT_DATE_SQ":"2022-06-30 00:00:00","REPORT_TYPE_SQ":"2022年中报","OPERATE_INCOME_SQ":490734532.89,"DPS_HKD":null,"OPERATE_INCOME_QOQ_SQ":179.571345392684,"NET_PROFIT_RATIO_SQ":3.1505791775,"HOLDER_PROFIT_SQ":15460980.01,"HOLDER_PROFIT_QOQ_SQ":798.241152268347,"ROE_AVG_SQ":5.318103732292,"PE_TTM_SQ":6.536555723408,"PB_TTM_SQ":1.226396636256,"ROA_SQ":2.57006954356,"START_DATE":"2023-01-01 00:00:00","FISCAL_YEAR":"12-31","CURRENCY":"HKD","IS_CNY_CODE":0,"DPS_HKD_LY":null,"ORG_TYPE":"一般企业","PREMIUM_INCOME":null,"PREMIUM_INCOME_YOY":null,"NET_INTEREST_INCOME":null,"NET_INTEREST_INCOME_YOY":null,"FEE_COMMISSION_INCOME":null,"FEE_COMMISSION_INCOME_YOY":null,"ACCOUNTS_RECE_TDAYS":25.063857801185,"INVENTORY_TDAYS":0.766880391818,"CURRENT_ASSETS_TDAYS":0.374814792937,"TOTAL_ASSETS_TDAYS":0.118411527645,"PREMIUM_EXPENSE":null,"LOAN_DEPOSIT":null,"LOAN_EQUITY":null,"LOAN_ASSETS":null,"DEPOSIT_EQUITY":null,"DEPOSIT_ASSETS":null,"EQUITY_MULTIPLIER":1.686793886884,"EQUITY_RATIO":0.686793886885},{"SECUCODE":"02302.HK","SECURITY_CODE":"02302","SECURITY_NAME_ABBR":"中核国际","ORG_CODE":"10010574","STD_REPORT_DATE":"2022-12-31 00:00:00","REPORT_DATE":"2022-12-31 00:00:00","DATE_TYPE_CODE":"001","REPORT_TYPE":"2022年年报","PER_NETCASH_OPERATE":0.013639137125,"PER_OI":1.65395309522,"BPS":0.715115170871,"BASIC_EPS":0.14738955,"DILUTED_EPS":0.14738955,"OPERATE_INCOME":809061437.1,"OPERATE_INCOME_YOY":222.738464718,"GROSS_PROFIT":91821009.84,"GROSS_PROFIT_YOY":444.908007816395,"HOLDER_PROFIT":72214626.61,"HOLDER_PROFIT_YOY":3283.9681875262,"GROSS_PROFIT_RATIO":11.349077539664,"EPS_TTM":0.14762736144,"OPERATE_INCOME_QOQ":26.124639576308,"NET_PROFIT_RATIO":8.925728418,"ROE_AVG":22.26273402335,"GROSS_PROFIT_QOQ":200.440245674623,"ROA":13.043432664003,"HOLDER_PROFIT_QOQ":311.599832574811,"ROE_YEARLY":22.26273402335,"ROIC_YEARLY":16.361005423784,"TOTAL_ASSETS":577879588.02,"TOTAL_LIABILITIES":228067909.86,"TAX_EBT":8.226813486207,"OCF_SALES":0.824638689234,"TOTAL_PARENT_EQUITY":349811678.16,"DEBT_ASSET_RATIO":39.4663377264,"OPERATE_PROFIT":63965278.16,"PRETAX_PROFIT":78688154.3,"NETCASH_OPERATE":6671833.63,"NETCASH_INVEST":22533629.02,"NETCASH_FINANCE":-15824278.05,"END_CASH":116778973.64,"DIVI_RATIO":null,"DIVIDEND_RATE":null,"CURRENT_RATIO":2.841171335825,"COMMON_ACS":1000000000,"CURRENTDEBT_DEBT":28.716345890223,"ISSUED_COMMON_SHARES":489168308,"HK_COMMON_SHARES":489168308,"PER_SHARES":1000,"TOTAL_MARKET_CAP":763102560.48,"HKSK_MARKET_CAP":763102560.48,"PE_TTM":8.455055293727,"PB_TTM":1.736581557115,"REPORT_DATE_SQ":"2021-12-31 00:00:00","REPORT_TYPE_SQ":"2021年年报","OPERATE_INCOME_SQ":229450446.4,"DPS_HKD":null,"OPERATE_INCOME_QOQ_SQ":-36.082367955908,"NET_PROFIT_RATIO_SQ":0.8512715624,"HOLDER_PROFIT_SQ":1953246.4,"HOLDER_PROFIT_QOQ_SQ":105.502876329529,"ROE_AVG_SQ":0.742245876325,"PE_TTM_SQ":6.536555723408,"PB_TTM_SQ":1.226396636256,"ROA_SQ":0.402089383679,"START_DATE":"2022-01-01 00:00:00","FISCAL_YEAR":"12-31","CURRENCY":"HKD","IS_CNY_CODE":0,"DPS_HKD_LY":null,"ORG_TYPE":"一般企业","PREMIUM_INCOME":null,"PREMIUM_INCOME_YOY":null,"NET_INTEREST_INCOME":null,"NET_INTEREST_INCOME_YOY":null,"FEE_COMMISSION_INCOME":null,"FEE_COMMISSION_INCOME_YOY":null,"ACCOUNTS_RECE_TDAYS":null,"INVENTORY_TDAYS":20.878580250926,"CURRENT_ASSETS_TDAYS":5.257328933506,"TOTAL_ASSETS_TDAYS":1.461329770885,"PREMIUM_EXPENSE":null,"LOAN_DEPOSIT":null,"LOAN_EQUITY":null,"LOAN_ASSETS":null,"DEPOSIT_EQUITY":null,"DEPOSIT_ASSETS":null,"EQUITY_MULTIPLIER":1.651973401973,"EQUITY_RATIO":0.651973401973},{"SECUCODE":"02302.HK","SECURITY_CODE":"02302","SECURITY_NAME_ABBR":"中核国际","ORG_CODE":"10010574","STD_REPORT_DATE":"2022-06-30 00:00:00","REPORT_DATE":"2022-06-30 00:00:00","DATE_TYPE_CODE":"002","REPORT_TYPE":"2022年中报","PER_NETCASH_OPERATE":0.012833925844,"PER_OI":1.00320181186,"BPS":0.603582626841,"BASIC_EPS":0.03164203,"DILUTED_EPS":0.03164203,"OPERATE_INCOME":490734532.89,"OPERATE_INCOME_YOY":506.6443953442,"GROSS_PROFIT":15071868.56,"GROSS_PROFIT_YOY":1007.85840693394,"HOLDER_PROFIT":15460980.01,"HOLDER_PROFIT_YOY":11615.2866242038,"GROSS_PROFIT_RATIO":3.071287539363,"EPS_TTM":0.035866720479,"OPERATE_INCOME_QOQ":179.571345392684,"NET_PROFIT_RATIO":3.1505791775,"ROE_AVG":5.318103732292,"GROSS_PROFIT_QOQ":81.369844972944,"ROA":2.57006954356,"HOLDER_PROFIT_QOQ":798.241152268347,"ROE_YEARLY":10.636207464583,"ROIC_YEARLY":6.296237285155,"TOTAL_ASSETS":696310236.23,"TOTAL_LIABILITIES":401056743.92,"TAX_EBT":20.011503406778,"OCF_SALES":1.279296517616,"TOTAL_PARENT_EQUITY":295253492.31,"DEBT_ASSET_RATIO":57.5974218175,"OPERATE_PROFIT":5239749.13,"PRETAX_PROFIT":19329004.38,"NETCASH_OPERATE":6277949.79,"NETCASH_INVEST":11685316.16,"NETCASH_FINANCE":null,"END_CASH":117763083.76,"DIVI_RATIO":null,"DIVIDEND_RATE":null,"CURRENT_RATIO":1.363962736285,"COMMON_ACS":1000000000,"CURRENTDEBT_DEBT":53.514951979666,"ISSUED_COMMON_SHARES":489168308,"HK_COMMON_SHARES":489168308,"PER_SHARES":1000,"TOTAL_MARKET_CAP":763102560.48,"HKSK_MARKET_CAP":763102560.48,"PE_TTM":8.455055293727,"PB_TTM":1.736581557115,"REPORT_DATE_SQ":"2021-06-30 00:00:00","REPORT_TYPE_SQ":"2021年中报","OPERATE_INCOME_SQ":78707279.28,"DPS_HKD":null,"OPERATE_INCOME_QOQ_SQ":-74.344053283632,"NET_PROFIT_RATIO_SQ":-0.1659777357,"HOLDER_PROFIT_SQ":-130636.56,"HOLDER_PROFIT_QOQ_SQ":8.511132895317,"ROE_AVG_SQ":-0.053155471289,"PE_TTM_SQ":6.536555723408,"PB_TTM_SQ":1.226396636256,"ROA_SQ":-0.02716878739,"START_DATE":"2022-01-01 00:00:00","FISCAL_YEAR":"12-31","CURRENCY":"HKD","IS_CNY_CODE":0,"DPS_HKD_LY":null,"ORG_TYPE":"一般企业","PREMIUM_INCOME":null,"PREMIUM_INCOME_YOY":null,"NET_INTEREST_INCOME":null,"NET_INTEREST_INCOME_YOY":null,"FEE_COMMISSION_INCOME":null,"FEE_COMMISSION_INCOME_YOY":null,"ACCOUNTS_RECE_TDAYS":7.998870907038,"INVENTORY_TDAYS":8.393803573584,"CURRENT_ASSETS_TDAYS":2.398151959729,"TOTAL_ASSETS_TDAYS":0.815745105509,"PREMIUM_EXPENSE":null,"LOAN_DEPOSIT":null,"LOAN_EQUITY":null,"LOAN_ASSETS":null,"DEPOSIT_EQUITY":null,"DEPOSIT_ASSETS":null,"EQUITY_MULTIPLIER":2.35834716393,"EQUITY_RATIO":1.358347163931},{"SECUCODE":"02302.HK","SECURITY_CODE":"02302","SECURITY_NAME_ABBR":"中核国际","ORG_CODE":"10010574","STD_REPORT_DATE":"2021-12-31 00:00:00","REPORT_DATE":"2021-12-31 00:00:00","DATE_TYPE_CODE":"001","REPORT_TYPE":"2021年年报","PER_NETCASH_OPERATE":0.051731760186,"PER_OI":0.469062371064,"BPS":0.5593451651,"BASIC_EPS":0.004088,"DILUTED_EPS":0.004088,"OPERATE_INCOME":229450446.4,"OPERATE_INCOME_YOY":-83.1191540298,"GROSS_PROFIT":16850736,"GROSS_PROFIT_YOY":245.906651903533,"HOLDER_PROFIT":1953246.4,"HOLDER_PROFIT_YOY":105.1825498406,"GROSS_PROFIT_RATIO":7.343954332791,"EPS_TTM":0.003992994575,"OPERATE_INCOME_QOQ":-36.082367955908,"NET_PROFIT_RATIO":0.8512715624,"ROE_AVG":0.742245876325,"GROSS_PROFIT_QOQ":175.592267766095,"ROA":0.402089383679,"HOLDER_PROFIT_QOQ":105.502876329529,"ROE_YEARLY":0.742245876325,"ROIC_YEARLY":0.517483759588,"TOTAL_ASSETS":484567809.6,"TOTAL_LIABILITIES":210953881.6,"TAX_EBT":79.798635920754,"OCF_SALES":11.028759367016,"TOTAL_PARENT_EQUITY":273613928,"DEBT_ASSET_RATIO":43.5344398494,"OPERATE_PROFIT":-1759475.2,"PRETAX_PROFIT":2517390.4,"NETCASH_OPERATE":25305537.6,"NETCASH_INVEST":5786972.8,"NETCASH_FINANCE":-50589817.6,"END_CASH":98623000,"DIVI_RATIO":null,"DIVIDEND_RATE":null,"CURRENT_RATIO":3.404888044782,"COMMON_ACS":1000000000,"CURRENTDEBT_DEBT":15.509115713754,"ISSUED_COMMON_SHARES":489168308,"HK_COMMON_SHARES":489168308,"PER_SHARES":1000,"TOTAL_MARKET_CAP":763102560.48,"HKSK_MARKET_CAP":763102560.48,"PE_TTM":8.455055293727,"PB_TTM":1.736581557115,"REPORT_DATE_SQ":"2020-12-31 00:00:00","REPORT_TYPE_SQ":"2020年年报","OPERATE_INCOME_SQ":1399201250.8,"DPS_HKD":null,"OPERATE_INCOME_QOQ_SQ":-51.979811631503,"NET_PROFIT_RATIO_SQ":-2.7728019152,"HOLDER_PROFIT_SQ":-38797079.08,"HOLDER_PROFIT_QOQ_SQ":80.784595584992,"ROE_AVG_SQ":-15.150703436081,"PE_TTM_SQ":6.536555723408,"PB_TTM_SQ":1.226396636256,"ROA_SQ":-5.290096318152,"START_DATE":"2021-01-01 00:00:00","FISCAL_YEAR":"12-31","CURRENCY":"HKD","IS_CNY_CODE":0,"DPS_HKD_LY":null,"ORG_TYPE":"一般企业","PREMIUM_INCOME":null,"PREMIUM_INCOME_YOY":null,"NET_INTEREST_INCOME":null,"NET_INTEREST_INCOME_YOY":null,"FEE_COMMISSION_INCOME":null,"FEE_COMMISSION_INCOME_YOY":null,"ACCOUNTS_RECE_TDAYS":null,"INVENTORY_TDAYS":126.874359599902,"CURRENT_ASSETS_TDAYS":1.752805129022,"TOTAL_ASSETS_TDAYS":0.472339734392,"PREMIUM_EXPENSE":null,"LOAN_DEPOSIT":null,"LOAN_EQUITY":null,"LOAN_ASSETS":null,"DEPOSIT_EQUITY":null,"DEPOSIT_ASSETS":null,"EQUITY_MULTIPLIER":1.770991020602,"EQUITY_RATIO":0.770991020603},{"SECUCODE":"02302.HK","SECURITY_CODE":"02302","SECURITY_NAME_ABBR":"中核国际","ORG_CODE":"10010574","STD_REPORT_DATE":"2021-06-30 00:00:00","REPORT_DATE":"2021-06-30 00:00:00","DATE_TYPE_CODE":"002","REPORT_TYPE":"2021年中报","PER_NETCASH_OPERATE":0.033370406817,"PER_OI":0.160900201409,"BPS":0.479094463822,"BASIC_EPS":-0.000249624,"DILUTED_EPS":-0.000249624,"OPERATE_INCOME":78707279.28,"OPERATE_INCOME_YOY":-92.27805248,"GROSS_PROFIT":1360450.8,"GROSS_PROFIT_YOY":-88.759466185467,"HOLDER_PROFIT":-130636.56,"HOLDER_PROFIT_YOY":95.8222458755,"GROSS_PROFIT_RATIO":1.72849425421,"EPS_TTM":-0.072561953707,"OPERATE_INCOME_QOQ":-74.344053283632,"NET_PROFIT_RATIO":-0.1659777357,"ROE_AVG":-0.053155471289,"GROSS_PROFIT_QOQ":-93.017958338029,"ROA":-0.02716878739,"HOLDER_PROFIT_QOQ":8.511132895317,"ROE_YEARLY":-0.106310942579,"ROIC_YEARLY":-0.070130847634,"TOTAL_ASSETS":466061321.28,"TOTAL_LIABILITIES":231703493.04,"TAX_EBT":111.733931240658,"OCF_SALES":20.739816684463,"TOTAL_PARENT_EQUITY":234357828.24,"DEBT_ASSET_RATIO":49.7152375579,"OPERATE_PROFIT":-7041060.96,"PRETAX_PROFIT":1113323.04,"NETCASH_OPERATE":16323745.44,"NETCASH_INVEST":3052069.44,"NETCASH_FINANCE":-42971939.52,"END_CASH":96450553.2,"DIVI_RATIO":null,"DIVIDEND_RATE":null,"CURRENT_RATIO":0.504382988045,"COMMON_ACS":1000000000,"CURRENTDEBT_DEBT":100,"ISSUED_COMMON_SHARES":489168308,"HK_COMMON_SHARES":489168308,"PER_SHARES":1000,"TOTAL_MARKET_CAP":763102560.48,"HKSK_MARKET_CAP":763102560.48,"PE_TTM":8.455055293727,"PB_TTM":1.736581557115,"REPORT_DATE_SQ":"2020-06-30 00:00:00","REPORT_TYPE_SQ":"2020年中报","OPERATE_INCOME_SQ":1118930202.72,"DPS_HKD":null,"OPERATE_INCOME_QOQ_SQ":2.616729754273,"NET_PROFIT_RATIO_SQ":-0.3067847764,"HOLDER_PROFIT_SQ":-3432707.52,"HOLDER_PROFIT_QOQ_SQ":-2.769433208791,"ROE_AVG_SQ":-1.149796307373,"PE_TTM_SQ":6.536555723408,"PB_TTM_SQ":1.226396636256,"ROA_SQ":-0.383970116131,"START_DATE":"2021-01-01 00:00:00","FISCAL_YEAR":"12-31","CURRENCY":"HKD","IS_CNY_CODE":0,"DPS_HKD_LY":null,"ORG_TYPE":"一般企业","PREMIUM_INCOME":null,"PREMIUM_INCOME_YOY":null,"NET_INTEREST_INCOME":null,"NET_INTEREST_INCOME_YOY":null,"FEE_COMMISSION_INCOME":null,"FEE_COMMISSION_INCOME_YOY":null,"ACCOUNTS_RECE_TDAYS":5.220541972515,"INVENTORY_TDAYS":27.203980099502,"CURRENT_ASSETS_TDAYS":0.583140938108,"TOTAL_ASSETS_TDAYS":0.163689348278,"PREMIUM_EXPENSE":null,"LOAN_DEPOSIT":null,"LOAN_EQUITY":null,"LOAN_ASSETS":null,"DEPOSIT_EQUITY":null,"DEPOSIT_ASSETS":null,"EQUITY_MULTIPLIER":1.988674006666,"EQUITY_RATIO":0.988674006668},{"SECUCODE":"02302.HK","SECURITY_CODE":"02302","SECURITY_NAME_ABBR":"中核国际","ORG_CODE":"10010574","STD_REPORT_DATE":"2020-12-31 00:00:00","REPORT_DATE":"2020-12-31 00:00:00","DATE_TYPE_CODE":"001","REPORT_TYPE":"2020年年报","PER_NETCASH_OPERATE":0.478236309209,"PER_OI":2.860367746473,"BPS":0.470727815916,"BASIC_EPS":-0.07911416,"DILUTED_EPS":-0.07911416,"OPERATE_INCOME":1399201250.8,"OPERATE_INCOME_YOY":-47.5534380959,"GROSS_PROFIT":-11548984.08,"GROSS_PROFIT_YOY":-139.498351056656,"HOLDER_PROFIT":-38797079.08,"HOLDER_PROFIT_YOY":78.982140496,"GROSS_PROFIT_RATIO":-0.825398353053,"EPS_TTM":-0.079312331657,"OPERATE_INCOME_QOQ":-51.979811631503,"NET_PROFIT_RATIO":-2.7728019152,"ROE_AVG":-15.150703436081,"GROSS_PROFIT_QOQ":-141.123003496882,"ROA":-5.290096318152,"HOLDER_PROFIT_QOQ":80.784595584992,"ROE_YEARLY":-15.150703436081,"ROIC_YEARLY":-6.155010885465,"TOTAL_ASSETS":520010640.56,"TOTAL_LIABILITIES":259887490.68,"TAX_EBT":-9.138906645832,"OCF_SALES":16.71939944781,"TOTAL_PARENT_EQUITY":260123149.88,"DEBT_ASSET_RATIO":54.066337375,"OPERATE_PROFIT":-7916465.84,"PRETAX_PROFIT":-35548348.68,"NETCASH_OPERATE":233938046.2,"NETCASH_INVEST":33057935.92,"NETCASH_FINANCE":-231960192.2,"END_CASH":121476426.12,"DIVI_RATIO":null,"DIVIDEND_RATE":null,"CURRENT_RATIO":0.571271088808,"COMMON_ACS":1000000000,"CURRENTDEBT_DEBT":100,"ISSUED_COMMON_SHARES":489168308,"HK_COMMON_SHARES":489168308,"PER_SHARES":1000,"TOTAL_MARKET_CAP":763102560.48,"HKSK_MARKET_CAP":763102560.48,"PE_TTM":8.455055293727,"PB_TTM":1.736581557115,"REPORT_DATE_SQ":"2019-12-31 00:00:00","REPORT_TYPE_SQ":"2019年年报","OPERATE_INCOME_SQ":2839475692.08,"DPS_HKD":null,"OPERATE_INCOME_QOQ_SQ":29.964772369685,"NET_PROFIT_RATIO_SQ":-6.9190645825,"HOLDER_PROFIT_SQ":-196465156.94,"HOLDER_PROFIT_QOQ_SQ":-1175.04451585798,"ROE_AVG_SQ":-48.651088711824,"PE_TTM_SQ":6.536555723408,"PB_TTM_SQ":1.226396636256,"ROA_SQ":-24.952685317971,"START_DATE":"2020-01-01 00:00:00","FISCAL_YEAR":"12-31","CURRENCY":"HKD","IS_CNY_CODE":0,"DPS_HKD_LY":null,"ORG_TYPE":"一般企业","PREMIUM_INCOME":null,"PREMIUM_INCOME_YOY":null,"NET_INTEREST_INCOME":null,"NET_INTEREST_INCOME_YOY":null,"FEE_COMMISSION_INCOME":null,"FEE_COMMISSION_INCOME_YOY":null,"ACCOUNTS_RECE_TDAYS":null,"INVENTORY_TDAYS":9.737517972551,"CURRENT_ASSETS_TDAYS":3.711363451173,"TOTAL_ASSETS_TDAYS":1.907852230305,"PREMIUM_EXPENSE":null,"LOAN_DEPOSIT":null,"LOAN_EQUITY":null,"LOAN_ASSETS":null,"DEPOSIT_EQUITY":null,"DEPOSIT_ASSETS":null,"EQUITY_MULTIPLIER":2.177052607722,"EQUITY_RATIO":0.999094047569},{"SECUCODE":"02302.HK","SECURITY_CODE":"02302","SECURITY_NAME_ABBR":"中核国际","ORG_CODE":"10010574","STD_REPORT_DATE":"2020-06-30 00:00:00","REPORT_DATE":"2020-06-30 00:00:00","DATE_TYPE_CODE":"002","REPORT_TYPE":"2020年中报","PER_NETCASH_OPERATE":0.224619588724,"PER_OI":2.287413522955,"BPS":0.595229118891,"BASIC_EPS":-0.007033488,"DILUTED_EPS":-0.007033488,"OPERATE_INCOME":1118930202.72,"OPERATE_INCOME_YOY":3.1515649618,"GROSS_PROFIT":12103080,"GROSS_PROFIT_YOY":-8.71273947621,"HOLDER_PROFIT":-3432707.52,"HOLDER_PROFIT_YOY":-264.6079719667,"GROSS_PROFIT_RATIO":1.081665323769,"EPS_TTM":-0.412753902773,"OPERATE_INCOME_QOQ":2.616729754273,"NET_PROFIT_RATIO":-0.3067847764,"ROE_AVG":-1.149796307373,"GROSS_PROFIT_QOQ":-3.950714447084,"ROA":-0.383970116131,"HOLDER_PROFIT_QOQ":-2.769433208791,"ROE_YEARLY":-2.299592614746,"ROIC_YEARLY":-0.840288220201,"TOTAL_ASSETS":740160432,"TOTAL_LIABILITIES":448993211.04,"TAX_EBT":-946.796657381616,"OCF_SALES":9.819806802328,"TOTAL_PARENT_EQUITY":291167220.96,"DEBT_ASSET_RATIO":60.6616068123,"OPERATE_PROFIT":1593952.8,"PRETAX_PROFIT":-327924.96,"NETCASH_OPERATE":109876784.16,"NETCASH_INVEST":-1383861.6,"NETCASH_FINANCE":-137117391.84,"END_CASH":62105699.04,"DIVI_RATIO":null,"DIVIDEND_RATE":null,"CURRENT_RATIO":1.791657792922,"COMMON_ACS":1000000000,"CURRENTDEBT_DEBT":45.852533155932,"ISSUED_COMMON_SHARES":489168308,"HK_COMMON_SHARES":489168308,"PER_SHARES":1000,"TOTAL_MARKET_CAP":763102560.48,"HKSK_MARKET_CAP":763102560.48,"PE_TTM":8.455055293727,"PB_TTM":1.736581557115,"REPORT_DATE_SQ":"2019-06-30 00:00:00","REPORT_TYPE_SQ":"2019年中报","OPERATE_INCOME_SQ":1044628797.42,"DPS_HKD":null,"OPERATE_INCOME_QOQ_SQ":25.172401622564,"NET_PROFIT_RATIO_SQ":0.1922466416,"HOLDER_PROFIT_SQ":2008263.78,"HOLDER_PROFIT_QOQ_SQ":-11.6707230308,"ROE_AVG_SQ":0.395894695132,"PE_TTM_SQ":6.536555723408,"PB_TTM_SQ":1.226396636256,"ROA_SQ":0.268354135774,"START_DATE":"2020-01-01 00:00:00","FISCAL_YEAR":"12-31","CURRENCY":"HKD","IS_CNY_CODE":0,"DPS_HKD_LY":null,"ORG_TYPE":"一般企业","PREMIUM_INCOME":null,"PREMIUM_INCOME_YOY":null,"NET_INTEREST_INCOME":null,"NET_INTEREST_INCOME_YOY":null,"FEE_COMMISSION_INCOME":null,"FEE_COMMISSION_INCOME_YOY":null,"ACCOUNTS_RECE_TDAYS":7.234944953695,"INVENTORY_TDAYS":4.978155838393,"CURRENT_ASSETS_TDAYS":2.195815277062,"TOTAL_ASSETS_TDAYS":1.251594426201,"PREMIUM_EXPENSE":null,"LOAN_DEPOSIT":null,"LOAN_EQUITY":null,"LOAN_ASSETS":null,"DEPOSIT_EQUITY":null,"DEPOSIT_ASSETS":null,"EQUITY_MULTIPLIER":2.542045871647,"EQUITY_RATIO":1.542045871646}],"count":47},"success":true,"message":"ok","code":0}