{"version":"22ad6dc4afb4d9ae5ee8ff2a140fb093","result":{"pages":6,"data":[{"SECUCODE":"02309.HK","SECURITY_CODE":"02309","SECURITY_NAME_ABBR":"大象未来集团","ORG_CODE":"10010576","STD_REPORT_DATE":"2023-12-31 00:00:00","REPORT_DATE":"2024-06-30 00:00:00","DATE_TYPE_CODE":"001","REPORT_TYPE":"2023年年报","PER_NETCASH_OPERATE":-0.37179350926,"PER_OI":0.308135428228,"BPS":0.51303288244,"BASIC_EPS":-0.213293316,"DILUTED_EPS":-0.213293316,"OPERATE_INCOME":251209693.92,"OPERATE_INCOME_YOY":26.7838800168,"GROSS_PROFIT":-269527181.52,"GROSS_PROFIT_YOY":-45.360110391241,"HOLDER_PROFIT":-166818737.72,"HOLDER_PROFIT_YOY":-612.3942783646,"GROSS_PROFIT_RATIO":-107.291712080917,"EPS_TTM":-0.041124571953,"OPERATE_INCOME_QOQ":16.725418293746,"NET_PROFIT_RATIO":-115.965107323,"ROE_AVG":-37.365854356597,"GROSS_PROFIT_QOQ":-14.173960173935,"ROA":-16.478675784472,"HOLDER_PROFIT_QOQ":-34.13548607596,"ROE_YEARLY":-37.365854356597,"ROIC_YEARLY":-13.903233633869,"TOTAL_ASSETS":1148880671.32,"TOTAL_LIABILITIES":960960772,"TAX_EBT":0.209468606283,"OCF_SALES":-120.659124267922,"TOTAL_PARENT_EQUITY":418253863.6,"DEBT_ASSET_RATIO":83.6432186552,"OPERATE_PROFIT":-260901442.84,"PRETAX_PROFIT":-291927086.76,"NETCASH_OPERATE":-303107416.76,"NETCASH_INVEST":-126103170.24,"NETCASH_FINANCE":545609230.8,"END_CASH":132616967.4,"DIVI_RATIO":null,"DIVIDEND_RATE":null,"CURRENT_RATIO":1.295150825145,"COMMON_ACS":2000000000,"CURRENTDEBT_DEBT":25.77709184158,"ISSUED_COMMON_SHARES":815257419,"HK_COMMON_SHARES":815257419,"PER_SHARES":2000,"TOTAL_MARKET_CAP":1809871470.18,"HKSK_MARKET_CAP":1809871470.18,"PE_TTM":-9.901966145892,"PB_TTM":3.949356209614,"REPORT_DATE_SQ":"2022-12-31 00:00:00","REPORT_TYPE_SQ":"2022年年报","OPERATE_INCOME_SQ":200159092.06,"DPS_HKD":null,"OPERATE_INCOME_QOQ_SQ":3.312074555449,"NET_PROFIT_RATIO_SQ":-39.4086514323,"HOLDER_PROFIT_SQ":-23655240.86,"HOLDER_PROFIT_QOQ_SQ":-48.689748513009,"ROE_AVG_SQ":-5.090366555199,"PE_TTM_SQ":-120.889853171454,"PB_TTM_SQ":5.964166904438,"ROA_SQ":-2.595056577533,"START_DATE":"2023-07-01 00:00:00","FISCAL_YEAR":"6-30","CURRENCY":"HKD","IS_CNY_CODE":0,"DPS_HKD_LY":null,"ORG_TYPE":"一般企业","PREMIUM_INCOME":null,"PREMIUM_INCOME_YOY":null,"NET_INTEREST_INCOME":null,"NET_INTEREST_INCOME_YOY":null,"FEE_COMMISSION_INCOME":null,"FEE_COMMISSION_INCOME_YOY":null,"ACCOUNTS_RECE_TDAYS":25.016496250852,"INVENTORY_TDAYS":34.675945058952,"CURRENT_ASSETS_TDAYS":0.86959433843,"TOTAL_ASSETS_TDAYS":0.248149767622,"PREMIUM_EXPENSE":null,"LOAN_DEPOSIT":null,"LOAN_EQUITY":null,"LOAN_ASSETS":null,"DEPOSIT_EQUITY":null,"DEPOSIT_ASSETS":null,"EQUITY_MULTIPLIER":6.113672237343,"EQUITY_RATIO":2.297553843804},{"SECUCODE":"02309.HK","SECURITY_CODE":"02309","SECURITY_NAME_ABBR":"大象未来集团","ORG_CODE":"10010576","STD_REPORT_DATE":"2023-06-30 00:00:00","REPORT_DATE":"2023-12-31 00:00:00","DATE_TYPE_CODE":"002","REPORT_TYPE":"2023年中报","PER_NETCASH_OPERATE":-0.133592172873,"PER_OI":0.169521033778,"BPS":0.541020366108,"BASIC_EPS":-0.043317316,"DILUTED_EPS":-0.043317316,"OPERATE_INCOME":130795638.82,"OPERATE_INCOME_YOY":32.479393461,"GROSS_PROFIT":-104238861.72,"GROSS_PROFIT_YOY":-33.712492003703,"HOLDER_PROFIT":-33419581.16,"HOLDER_PROFIT_YOY":-29.9756811053,"GROSS_PROFIT_RATIO":-79.695976609322,"EPS_TTM":-0.030658980078,"OPERATE_INCOME_QOQ":2.539038785653,"NET_PROFIT_RATIO":-39.0851584206,"ROE_AVG":-7.326032067034,"GROSS_PROFIT_QOQ":-0.84649915363,"ROA":-3.656542050283,"HOLDER_PROFIT_QOQ":54.248464075847,"ROE_YEARLY":-14.652064134069,"ROIC_YEARLY":-6.147739628773,"TOTAL_ASSETS":958351211.72,"TOTAL_LIABILITIES":660860028.78,"TAX_EBT":-0.133127429576,"OCF_SALES":-78.805661985298,"TOTAL_PARENT_EQUITY":441070867.3,"DEBT_ASSET_RATIO":68.9580208903,"OPERATE_PROFIT":-34775286.28,"PRETAX_PROFIT":-51053716.14,"NETCASH_OPERATE":-103074369.02,"NETCASH_INVEST":-27159413.4,"NETCASH_FINANCE":188453886.32,"END_CASH":72452289,"DIVI_RATIO":null,"DIVIDEND_RATE":null,"CURRENT_RATIO":1.20833903388,"COMMON_ACS":2000000000,"CURRENTDEBT_DEBT":25.057422087655,"ISSUED_COMMON_SHARES":815257419,"HK_COMMON_SHARES":815257419,"PER_SHARES":2000,"TOTAL_MARKET_CAP":2217500179.68,"HKSK_MARKET_CAP":2217500179.68,"PE_TTM":-12.132138701273,"PB_TTM":4.838850851419,"REPORT_DATE_SQ":"2022-06-30 00:00:00","REPORT_TYPE_SQ":"2022年中报","OPERATE_INCOME_SQ":97318193.42,"DPS_HKD":null,"OPERATE_INCOME_QOQ_SQ":13.303252760086,"NET_PROFIT_RATIO_SQ":-51.5548987572,"HOLDER_PROFIT_SQ":-25344749.71,"HOLDER_PROFIT_QOQ_SQ":73.401880481835,"ROE_AVG_SQ":-5.664217489342,"PE_TTM_SQ":-46.611759307401,"PB_TTM_SQ":2.299616592507,"ROA_SQ":-3.047709276914,"START_DATE":"2023-07-01 00:00:00","FISCAL_YEAR":"6-30","CURRENCY":"HKD","IS_CNY_CODE":0,"DPS_HKD_LY":null,"ORG_TYPE":"一般企业","PREMIUM_INCOME":null,"PREMIUM_INCOME_YOY":null,"NET_INTEREST_INCOME":null,"NET_INTEREST_INCOME_YOY":null,"FEE_COMMISSION_INCOME":null,"FEE_COMMISSION_INCOME_YOY":null,"ACCOUNTS_RECE_TDAYS":8.127203108283,"INVENTORY_TDAYS":1717.59602649007,"CURRENT_ASSETS_TDAYS":0.574648436878,"TOTAL_ASSETS_TDAYS":0.143107644303,"PREMIUM_EXPENSE":null,"LOAN_DEPOSIT":null,"LOAN_EQUITY":null,"LOAN_ASSETS":null,"DEPOSIT_EQUITY":null,"DEPOSIT_ASSETS":null,"EQUITY_MULTIPLIER":3.221444085334,"EQUITY_RATIO":1.498308044749},{"SECUCODE":"02309.HK","SECURITY_CODE":"02309","SECURITY_NAME_ABBR":"大象未来集团","ORG_CODE":"10010576","STD_REPORT_DATE":"2022-12-31 00:00:00","REPORT_DATE":"2023-06-30 00:00:00","DATE_TYPE_CODE":"001","REPORT_TYPE":"2022年年报","PER_NETCASH_OPERATE":-0.28343753282,"PER_OI":0.259421311843,"BPS":0.588129110886,"BASIC_EPS":-0.030701934,"DILUTED_EPS":-0.030701934,"OPERATE_INCOME":200159092.06,"OPERATE_INCOME_YOY":-1.7389415178,"GROSS_PROFIT":-185420319.78,"GROSS_PROFIT_YOY":11.362973603624,"HOLDER_PROFIT":-23655240.86,"HOLDER_PROFIT_YOY":36.9002238017,"GROSS_PROFIT_RATIO":-92.636471254785,"EPS_TTM":-0.002680476575,"OPERATE_INCOME_QOQ":3.312074555449,"NET_PROFIT_RATIO":-39.4086514323,"ROE_AVG":-5.090366555199,"GROSS_PROFIT_QOQ":12.106987212966,"ROA":-2.595056577533,"HOLDER_PROFIT_QOQ":-48.689748513009,"ROE_YEARLY":-5.090366555199,"ROIC_YEARLY":-2.037607223154,"TOTAL_ASSETS":884705270.58,"TOTAL_LIABILITIES":698985307.3,"TAX_EBT":-0.835631614926,"OCF_SALES":-109.25761295642,"TOTAL_PARENT_EQUITY":479476620.98,"DEBT_ASSET_RATIO":79.0077024003,"OPERATE_PROFIT":-60560256.3,"PRETAX_PROFIT":-78226315.08,"NETCASH_OPERATE":-218689046.1,"NETCASH_INVEST":29235985.8,"NETCASH_FINANCE":177564128.2,"END_CASH":13598283.02,"DIVI_RATIO":null,"DIVIDEND_RATE":null,"CURRENT_RATIO":0.438232977488,"COMMON_ACS":2000000000,"CURRENTDEBT_DEBT":84.73609581407,"ISSUED_COMMON_SHARES":815257419,"HK_COMMON_SHARES":815257419,"PER_SHARES":2000,"TOTAL_MARKET_CAP":2217500179.68,"HKSK_MARKET_CAP":2217500179.68,"PE_TTM":-12.132138701273,"PB_TTM":4.838850851419,"REPORT_DATE_SQ":"2021-12-31 00:00:00","REPORT_TYPE_SQ":"2021年年报","OPERATE_INCOME_SQ":188944823.41,"DPS_HKD":null,"OPERATE_INCOME_QOQ_SQ":21.445956177888,"NET_PROFIT_RATIO_SQ":-48.7768116992,"HOLDER_PROFIT_SQ":-34772880.59,"HOLDER_PROFIT_QOQ_SQ":-111.657416556635,"ROE_AVG_SQ":-7.946948679336,"PE_TTM_SQ":-46.611759307401,"PB_TTM_SQ":2.299616592507,"ROA_SQ":-3.882524533734,"START_DATE":"2022-07-01 00:00:00","FISCAL_YEAR":"6-30","CURRENCY":"HKD","IS_CNY_CODE":0,"DPS_HKD_LY":null,"ORG_TYPE":"一般企业","PREMIUM_INCOME":null,"PREMIUM_INCOME_YOY":null,"NET_INTEREST_INCOME":null,"NET_INTEREST_INCOME_YOY":null,"FEE_COMMISSION_INCOME":null,"FEE_COMMISSION_INCOME_YOY":null,"ACCOUNTS_RECE_TDAYS":28.871201542656,"INVENTORY_TDAYS":null,"CURRENT_ASSETS_TDAYS":0.681201893962,"TOTAL_ASSETS_TDAYS":0.219581010178,"PREMIUM_EXPENSE":null,"LOAN_DEPOSIT":null,"LOAN_EQUITY":null,"LOAN_ASSETS":null,"DEPOSIT_EQUITY":null,"DEPOSIT_ASSETS":null,"EQUITY_MULTIPLIER":4.763651978782,"EQUITY_RATIO":1.457808945661},{"SECUCODE":"02309.HK","SECURITY_CODE":"02309","SECURITY_NAME_ABBR":"大象未来集团","ORG_CODE":"10010576","STD_REPORT_DATE":"2022-06-30 00:00:00","REPORT_DATE":"2022-12-31 00:00:00","DATE_TYPE_CODE":"002","REPORT_TYPE":"2022年中报","PER_NETCASH_OPERATE":0.002401441892,"PER_OI":0.005045269369,"BPS":0.562991100128,"BASIC_EPS":-0.032872336,"DILUTED_EPS":-0.032872336,"OPERATE_INCOME":97318193.42,"OPERATE_INCOME_YOY":-2.1809203143,"GROSS_PROFIT":-77957459.44,"GROSS_PROFIT_YOY":24.52136286221,"HOLDER_PROFIT":-25344749.71,"HOLDER_PROFIT_YOY":-175.706928384,"GROSS_PROFIT_RATIO":-80.105740458576,"EPS_TTM":-0.00180273126,"OPERATE_INCOME_QOQ":13.303252760086,"NET_PROFIT_RATIO":-51.5548987572,"ROE_AVG":-5.664217489342,"GROSS_PROFIT_QOQ":6.086773207079,"ROA":-3.047709276914,"HOLDER_PROFIT_QOQ":73.401880481835,"ROE_YEARLY":-11.328434978684,"ROIC_YEARLY":-4.84465696984,"TOTAL_ASSETS":754026179.13,"TOTAL_LIABILITIES":537560060.03,"TAX_EBT":0.001780373166,"OCF_SALES":47.597892533916,"TOTAL_PARENT_EQUITY":458982671.21,"DEBT_ASSET_RATIO":71.2919623892,"OPERATE_PROFIT":-41008239.16,"PRETAX_PROFIT":-50173189.36,"NETCASH_OPERATE":46321409.12,"NETCASH_INVEST":48225860.76,"NETCASH_FINANCE":-94712524.83,"END_CASH":24921339.73,"DIVI_RATIO":null,"DIVIDEND_RATE":null,"CURRENT_RATIO":0.441980910451,"COMMON_ACS":2000000000,"CURRENTDEBT_DEBT":76.393553222143,"ISSUED_COMMON_SHARES":815257419,"HK_COMMON_SHARES":815257419,"PER_SHARES":2000,"TOTAL_MARKET_CAP":2217500179.68,"HKSK_MARKET_CAP":2217500179.68,"PE_TTM":-12.132138701273,"PB_TTM":4.838850851419,"REPORT_DATE_SQ":"2021-06-30 00:00:00","REPORT_TYPE_SQ":"2021年中报","OPERATE_INCOME_SQ":91060200,"DPS_HKD":null,"OPERATE_INCOME_QOQ_SQ":-10.297078490538,"NET_PROFIT_RATIO_SQ":-36.0439955107,"HOLDER_PROFIT_SQ":-8413921.6,"HOLDER_PROFIT_QOQ_SQ":48.22696457725,"ROE_AVG_SQ":-1.941881309558,"PE_TTM_SQ":-46.611759307401,"PB_TTM_SQ":2.299616592507,"ROA_SQ":-0.99425676867,"START_DATE":"2022-07-01 00:00:00","FISCAL_YEAR":"6-30","CURRENCY":"HKD","IS_CNY_CODE":0,"DPS_HKD_LY":null,"ORG_TYPE":"一般企业","PREMIUM_INCOME":null,"PREMIUM_INCOME_YOY":null,"NET_INTEREST_INCOME":null,"NET_INTEREST_INCOME_YOY":null,"FEE_COMMISSION_INCOME":null,"FEE_COMMISSION_INCOME_YOY":null,"ACCOUNTS_RECE_TDAYS":11.142521094349,"INVENTORY_TDAYS":4616.89411764706,"CURRENT_ASSETS_TDAYS":0.389748469747,"TOTAL_ASSETS_TDAYS":0.117025247553,"PREMIUM_EXPENSE":null,"LOAN_DEPOSIT":null,"LOAN_EQUITY":null,"LOAN_ASSETS":null,"DEPOSIT_EQUITY":null,"DEPOSIT_ASSETS":null,"EQUITY_MULTIPLIER":3.48334502538,"EQUITY_RATIO":1.171199031573},{"SECUCODE":"02309.HK","SECURITY_CODE":"02309","SECURITY_NAME_ABBR":"大象未来集团","ORG_CODE":"10010576","STD_REPORT_DATE":"2021-12-31 00:00:00","REPORT_DATE":"2022-06-30 00:00:00","DATE_TYPE_CODE":"001","REPORT_TYPE":"2021年年报","PER_NETCASH_OPERATE":-0.009877447481,"PER_OI":0.009795470891,"BPS":0.511913491584,"BASIC_EPS":-0.045068513,"DILUTED_EPS":-0.045068513,"OPERATE_INCOME":188944823.41,"OPERATE_INCOME_YOY":33.8837616575,"GROSS_PROFIT":-209190591.47,"GROSS_PROFIT_YOY":4.084564432231,"HOLDER_PROFIT":-34772880.59,"HOLDER_PROFIT_YOY":45.224431512,"GROSS_PROFIT_RATIO":-110.715174776748,"EPS_TTM":-0.006777664335,"OPERATE_INCOME_QOQ":21.445956177888,"NET_PROFIT_RATIO":-48.7768116992,"ROE_AVG":-7.946948679336,"GROSS_PROFIT_QOQ":-2.131977404272,"ROA":-3.882524533734,"HOLDER_PROFIT_QOQ":-111.657416556635,"ROE_YEARLY":-7.946948679336,"ROIC_YEARLY":-3.219395709109,"TOTAL_ASSETS":870415802.76,"TOTAL_LIABILITIES":679868353.29,"TAX_EBT":0.000927919234,"OCF_SALES":-100.836882578449,"TOTAL_PARENT_EQUITY":417341271.9,"DEBT_ASSET_RATIO":78.108457031,"OPERATE_PROFIT":-78140420.68,"PRETAX_PROFIT":-92162115.92,"NETCASH_OPERATE":-190526069.72,"NETCASH_INVEST":81386721.92,"NETCASH_FINANCE":89719693.28,"END_CASH":24023997.48,"DIVI_RATIO":null,"DIVIDEND_RATE":null,"CURRENT_RATIO":0.801662945951,"COMMON_ACS":2000000000,"CURRENTDEBT_DEBT":55.838493769112,"ISSUED_COMMON_SHARES":815257419,"HK_COMMON_SHARES":815257419,"PER_SHARES":2000,"TOTAL_MARKET_CAP":2217500179.68,"HKSK_MARKET_CAP":2217500179.68,"PE_TTM":-12.132138701273,"PB_TTM":4.838850851419,"REPORT_DATE_SQ":"2020-12-31 00:00:00","REPORT_TYPE_SQ":"2020年年报","OPERATE_INCOME_SQ":137312337.84,"DPS_HKD":null,"OPERATE_INCOME_QOQ_SQ":-27.620171119186,"NET_PROFIT_RATIO_SQ":-67.7657053865,"HOLDER_PROFIT_SQ":-61766962.56,"HOLDER_PROFIT_QOQ_SQ":49.859167663215,"ROE_AVG_SQ":-17.222242844946,"PE_TTM_SQ":-46.611759307401,"PB_TTM_SQ":2.299616592507,"ROA_SQ":-6.943163557932,"START_DATE":"2021-07-01 00:00:00","FISCAL_YEAR":"6-30","CURRENCY":"HKD","IS_CNY_CODE":0,"DPS_HKD_LY":null,"ORG_TYPE":"一般企业","PREMIUM_INCOME":null,"PREMIUM_INCOME_YOY":null,"NET_INTEREST_INCOME":null,"NET_INTEREST_INCOME_YOY":null,"FEE_COMMISSION_INCOME":null,"FEE_COMMISSION_INCOME_YOY":null,"ACCOUNTS_RECE_TDAYS":21.158686075464,"INVENTORY_TDAYS":2155.33333333333,"CURRENT_ASSETS_TDAYS":0.694259309885,"TOTAL_ASSETS_TDAYS":0.210964090396,"PREMIUM_EXPENSE":null,"LOAN_DEPOSIT":null,"LOAN_EQUITY":null,"LOAN_ASSETS":null,"DEPOSIT_EQUITY":null,"DEPOSIT_ASSETS":null,"EQUITY_MULTIPLIER":4.567974041008,"EQUITY_RATIO":1.629046535932},{"SECUCODE":"02309.HK","SECURITY_CODE":"02309","SECURITY_NAME_ABBR":"大象未来集团","ORG_CODE":"10010576","STD_REPORT_DATE":"2021-06-30 00:00:00","REPORT_DATE":"2021-12-31 00:00:00","DATE_TYPE_CODE":"002","REPORT_TYPE":"2021年中报","PER_NETCASH_OPERATE":-0.003390863697,"PER_OI":0.004720836075,"BPS":0.52610639585,"BASIC_EPS":-0.01087408,"DILUTED_EPS":-0.01087408,"OPERATE_INCOME":91060200,"OPERATE_INCOME_YOY":52.1412471826,"GROSS_PROFIT":-103284137.6,"GROSS_PROFIT_YOY":-4.714202160114,"HOLDER_PROFIT":-8413921.6,"HOLDER_PROFIT_YOY":-114.3035845831,"GROSS_PROFIT_RATIO":-113.424017957351,"EPS_TTM":-0.003202186082,"OPERATE_INCOME_QOQ":-10.297078490538,"NET_PROFIT_RATIO":-36.0439955107,"ROE_AVG":-1.941881309558,"GROSS_PROFIT_QOQ":-7.065447897853,"ROA":-0.99425676867,"HOLDER_PROFIT_QOQ":48.22696457725,"ROE_YEARLY":-3.883762619115,"ROIC_YEARLY":-1.648529663242,"TOTAL_ASSETS":812144972.8,"TOTAL_LIABILITIES":591650516.8,"TAX_EBT":0.002490970233,"OCF_SALES":-71.827609427609,"TOTAL_PARENT_EQUITY":428912142.4,"DEBT_ASSET_RATIO":72.8503575858,"OPERATE_PROFIT":-28850651.2,"PRETAX_PROFIT":-32822552,"NETCASH_OPERATE":-65406364.8,"NETCASH_INVEST":72966712,"NETCASH_FINANCE":-18864484.8,"END_CASH":18250467.2,"DIVI_RATIO":null,"DIVIDEND_RATE":null,"CURRENT_RATIO":0.613646267955,"COMMON_ACS":2000000000,"CURRENTDEBT_DEBT":64.054513067908,"ISSUED_COMMON_SHARES":815257419,"HK_COMMON_SHARES":815257419,"PER_SHARES":2000,"TOTAL_MARKET_CAP":2217500179.68,"HKSK_MARKET_CAP":2217500179.68,"PE_TTM":-12.132138701273,"PB_TTM":4.838850851419,"REPORT_DATE_SQ":"2020-06-30 00:00:00","REPORT_TYPE_SQ":"2020年中报","OPERATE_INCOME_SQ":61612256.2,"DPS_HKD":null,"OPERATE_INCOME_QOQ_SQ":4.113830451512,"NET_PROFIT_RATIO_SQ":103.7142271703,"HOLDER_PROFIT_SQ":60553473.08,"HOLDER_PROFIT_QOQ_SQ":-4.566445462455,"ROE_AVG_SQ":17.267659888518,"PE_TTM_SQ":-46.611759307401,"PB_TTM_SQ":2.299616592507,"ROA_SQ":6.349378648342,"START_DATE":"2021-07-01 00:00:00","FISCAL_YEAR":"6-30","CURRENCY":"HKD","IS_CNY_CODE":0,"DPS_HKD_LY":null,"ORG_TYPE":"一般企业","PREMIUM_INCOME":null,"PREMIUM_INCOME_YOY":null,"NET_INTEREST_INCOME":null,"NET_INTEREST_INCOME_YOY":null,"FEE_COMMISSION_INCOME":null,"FEE_COMMISSION_INCOME_YOY":null,"ACCOUNTS_RECE_TDAYS":7.309989498556,"INVENTORY_TDAYS":1061.16517857143,"CURRENT_ASSETS_TDAYS":0.394214296838,"TOTAL_ASSETS_TDAYS":0.107604069197,"PREMIUM_EXPENSE":null,"LOAN_DEPOSIT":null,"LOAN_EQUITY":null,"LOAN_ASSETS":null,"DEPOSIT_EQUITY":null,"DEPOSIT_ASSETS":null,"EQUITY_MULTIPLIER":3.683289763982,"EQUITY_RATIO":1.379421234124},{"SECUCODE":"02309.HK","SECURITY_CODE":"02309","SECURITY_NAME_ABBR":"大象未来集团","ORG_CODE":"10010576","STD_REPORT_DATE":"2020-12-31 00:00:00","REPORT_DATE":"2021-06-30 00:00:00","DATE_TYPE_CODE":"001","REPORT_TYPE":"2020年年报","PER_NETCASH_OPERATE":-0.014107831432,"PER_OI":0.007118686737,"BPS":0.546346768149,"BASIC_EPS":-0.00332832,"DILUTED_EPS":-0.00332832,"OPERATE_INCOME":137312337.84,"OPERATE_INCOME_YOY":-28.7246953945,"GROSS_PROFIT":-218098985.04,"GROSS_PROFIT_YOY":-9.353917466882,"HOLDER_PROFIT":-61766962.56,"HOLDER_PROFIT_YOY":71.5022803704,"GROSS_PROFIT_RATIO":-158.834223108294,"EPS_TTM":-0.006545625943,"OPERATE_INCOME_QOQ":-27.620171119186,"NET_PROFIT_RATIO":-67.7657053865,"ROE_AVG":-17.222242844946,"GROSS_PROFIT_QOQ":-2.137449208835,"ROA":-6.943163557932,"HOLDER_PROFIT_QOQ":49.859167663215,"ROE_YEARLY":-17.222242844946,"ROIC_YEARLY":-6.398422287941,"TOTAL_ASSETS":895951292.88,"TOTAL_LIABILITIES":642321659.76,"TAX_EBT":0.52393744774,"OCF_SALES":-198.180253661611,"TOTAL_PARENT_EQUITY":445413256.08,"DEBT_ASSET_RATIO":71.6915824403,"OPERATE_PROFIT":-82907619.12,"PRETAX_PROFIT":-93540769.44,"NETCASH_OPERATE":-272125939.44,"NETCASH_INVEST":266796467.04,"NETCASH_FINANCE":5713893.36,"END_CASH":30083852.4,"DIVI_RATIO":null,"DIVIDEND_RATE":null,"CURRENT_RATIO":0.512401598887,"COMMON_ACS":2000000000,"CURRENTDEBT_DEBT":70.941528369176,"ISSUED_COMMON_SHARES":815257419,"HK_COMMON_SHARES":815257419,"PER_SHARES":2000,"TOTAL_MARKET_CAP":2217500179.68,"HKSK_MARKET_CAP":2217500179.68,"PE_TTM":-12.132138701273,"PB_TTM":4.838850851419,"REPORT_DATE_SQ":"2019-12-31 00:00:00","REPORT_TYPE_SQ":"2019年年报","OPERATE_INCOME_SQ":211487849.76,"DPS_HKD":null,"OPERATE_INCOME_QOQ_SQ":9.733707026741,"NET_PROFIT_RATIO_SQ":-115.0974607932,"HOLDER_PROFIT_SQ":-237936504.96,"HOLDER_PROFIT_QOQ_SQ":28.33047652776,"ROE_AVG_SQ":-56.40086262894,"PE_TTM_SQ":-46.611759307401,"PB_TTM_SQ":2.299616592507,"ROA_SQ":-24.85498776258,"START_DATE":"2020-07-01 00:00:00","FISCAL_YEAR":"6-30","CURRENCY":"HKD","IS_CNY_CODE":0,"DPS_HKD_LY":null,"ORG_TYPE":"一般企业","PREMIUM_INCOME":null,"PREMIUM_INCOME_YOY":null,"NET_INTEREST_INCOME":null,"NET_INTEREST_INCOME_YOY":null,"FEE_COMMISSION_INCOME":null,"FEE_COMMISSION_INCOME_YOY":null,"ACCOUNTS_RECE_TDAYS":17.233878126469,"INVENTORY_TDAYS":692.278768233387,"CURRENT_ASSETS_TDAYS":0.840628804589,"TOTAL_ASSETS_TDAYS":0.154351449485,"PREMIUM_EXPENSE":null,"LOAN_DEPOSIT":null,"LOAN_EQUITY":null,"LOAN_ASSETS":null,"DEPOSIT_EQUITY":null,"DEPOSIT_ASSETS":null,"EQUITY_MULTIPLIER":3.532518191422,"EQUITY_RATIO":1.442080250177},{"SECUCODE":"02309.HK","SECURITY_CODE":"02309","SECURITY_NAME_ABBR":"大象未来集团","ORG_CODE":"10010576","STD_REPORT_DATE":"2020-06-30 00:00:00","REPORT_DATE":"2020-12-31 00:00:00","DATE_TYPE_CODE":"002","REPORT_TYPE":"2020年中报","PER_NETCASH_OPERATE":-0.00802180785,"PER_OI":0.003380381212,"BPS":0.522961069208,"BASIC_EPS":0.003450724,"DILUTED_EPS":0.00336656,"OPERATE_INCOME":61612256.2,"OPERATE_INCOME_YOY":-45.3653257706,"GROSS_PROFIT":-98634316.52,"GROSS_PROFIT_YOY":-4.517259899629,"HOLDER_PROFIT":60553473.08,"HOLDER_PROFIT_YOY":210.965960794,"GROSS_PROFIT_RATIO":-160.088791749197,"EPS_TTM":-0.013435132838,"OPERATE_INCOME_QOQ":4.113830451512,"NET_PROFIT_RATIO":103.7142271703,"ROE_AVG":17.267659888518,"GROSS_PROFIT_QOQ":14.822818369048,"ROA":6.349378648342,"HOLDER_PROFIT_QOQ":-4.566445462455,"ROE_YEARLY":34.535319777035,"ROIC_YEARLY":11.925052189818,"TOTAL_ASSETS":1013969156.56,"TOTAL_LIABILITIES":760505062.36,"TAX_EBT":-0.729694589646,"OCF_SALES":-237.304828905129,"TOTAL_PARENT_EQUITY":426347891.52,"DEBT_ASSET_RATIO":75.0027806507,"OPERATE_PROFIT":73168815.04,"PRETAX_PROFIT":63437773.36,"NETCASH_OPERATE":-146208859.16,"NETCASH_INVEST":178294700.88,"NETCASH_FINANCE":-35938869.64,"END_CASH":31675963.04,"DIVI_RATIO":null,"DIVIDEND_RATE":null,"CURRENT_RATIO":0.288554709701,"COMMON_ACS":2000000000,"CURRENTDEBT_DEBT":86.846266983474,"ISSUED_COMMON_SHARES":815257419,"HK_COMMON_SHARES":815257419,"PER_SHARES":2000,"TOTAL_MARKET_CAP":2217500179.68,"HKSK_MARKET_CAP":2217500179.68,"PE_TTM":-12.132138701273,"PB_TTM":4.838850851419,"REPORT_DATE_SQ":"2019-06-30 00:00:00","REPORT_TYPE_SQ":"2019年中报","OPERATE_INCOME_SQ":120025562.2,"DPS_HKD":null,"OPERATE_INCOME_QOQ_SQ":0.79899654069,"NET_PROFIT_RATIO_SQ":-49.1432196433,"HOLDER_PROFIT_SQ":-58079687.86,"HOLDER_PROFIT_QOQ_SQ":9.390341258868,"ROE_AVG_SQ":-11.369357252641,"PE_TTM_SQ":-46.611759307401,"PB_TTM_SQ":2.299616592507,"ROA_SQ":-5.838246788095,"START_DATE":"2020-07-01 00:00:00","FISCAL_YEAR":"6-30","CURRENCY":"HKD","IS_CNY_CODE":0,"DPS_HKD_LY":null,"ORG_TYPE":"一般企业","PREMIUM_INCOME":null,"PREMIUM_INCOME_YOY":null,"NET_INTEREST_INCOME":null,"NET_INTEREST_INCOME_YOY":null,"FEE_COMMISSION_INCOME":null,"FEE_COMMISSION_INCOME_YOY":null,"ACCOUNTS_RECE_TDAYS":9.615788782346,"INVENTORY_TDAYS":313.412345679012,"CURRENT_ASSETS_TDAYS":0.432587191094,"TOTAL_ASSETS_TDAYS":0.064603981257,"PREMIUM_EXPENSE":null,"LOAN_DEPOSIT":null,"LOAN_EQUITY":null,"LOAN_ASSETS":null,"DEPOSIT_EQUITY":null,"DEPOSIT_ASSETS":null,"EQUITY_MULTIPLIER":4.000444953602,"EQUITY_RATIO":1.783766443992},{"SECUCODE":"02309.HK","SECURITY_CODE":"02309","SECURITY_NAME_ABBR":"大象未来集团","ORG_CODE":"10010576","STD_REPORT_DATE":"2019-12-31 00:00:00","REPORT_DATE":"2020-06-30 00:00:00","DATE_TYPE_CODE":"001","REPORT_TYPE":"2019年年报","PER_NETCASH_OPERATE":-0.013025503744,"PER_OI":0.011941704177,"BPS":0.366097594115,"BASIC_EPS":-0.013427568,"DILUTED_EPS":-0.013427568,"OPERATE_INCOME":211487849.76,"OPERATE_INCOME_YOY":10.0229522375,"GROSS_PROFIT":-199443229.92,"GROSS_PROFIT_YOY":12.773915649587,"HOLDER_PROFIT":-237936504.96,"HOLDER_PROFIT_YOY":27.8291732123,"GROSS_PROFIT_RATIO":-94.304817107144,"EPS_TTM":-0.012848416888,"OPERATE_INCOME_QOQ":9.733707026741,"NET_PROFIT_RATIO":-115.0974607932,"ROE_AVG":-56.40086262894,"GROSS_PROFIT_QOQ":-2.405459631592,"ROA":-24.85498776258,"HOLDER_PROFIT_QOQ":28.33047652776,"ROE_YEARLY":-56.40086262894,"ROIC_YEARLY":-25.771051939032,"TOTAL_ASSETS":969630261.6,"TOTAL_LIABILITIES":695389083.84,"TAX_EBT":1.913627278851,"OCF_SALES":-109.075752929439,"TOTAL_PARENT_EQUITY":298463779.68,"DEBT_ASSET_RATIO":71.7169328742,"OPERATE_PROFIT":-224979358.56,"PRETAX_PROFIT":-248166119.52,"NETCASH_OPERATE":-230681964.48,"NETCASH_INVEST":-35822376.48,"NETCASH_FINANCE":228921765.6,"END_CASH":28471924.8,"DIVI_RATIO":null,"DIVIDEND_RATE":null,"CURRENT_RATIO":0.163408780901,"COMMON_ACS":2000000000,"CURRENTDEBT_DEBT":90.040405314166,"ISSUED_COMMON_SHARES":815257419,"HK_COMMON_SHARES":815257419,"PER_SHARES":2000,"TOTAL_MARKET_CAP":2217500179.68,"HKSK_MARKET_CAP":2217500179.68,"PE_TTM":-12.132138701273,"PB_TTM":4.838850851419,"REPORT_DATE_SQ":"2018-12-31 00:00:00","REPORT_TYPE_SQ":"2018年年报","OPERATE_INCOME_SQ":185113011.42,"DPS_HKD":null,"OPERATE_INCOME_QOQ_SQ":4.715548149786,"NET_PROFIT_RATIO_SQ":-173.3012730651,"HOLDER_PROFIT_SQ":-317493044.82,"HOLDER_PROFIT_QOQ_SQ":2.216830059223,"ROE_AVG_SQ":-61.164944889576,"PE_TTM_SQ":-46.611759307401,"PB_TTM_SQ":2.299616592507,"ROA_SQ":-36.377719431748,"START_DATE":"2019-07-01 00:00:00","FISCAL_YEAR":"6-30","CURRENCY":"HKD","IS_CNY_CODE":0,"DPS_HKD_LY":null,"ORG_TYPE":"一般企业","PREMIUM_INCOME":null,"PREMIUM_INCOME_YOY":null,"NET_INTEREST_INCOME":null,"NET_INTEREST_INCOME_YOY":null,"FEE_COMMISSION_INCOME":null,"FEE_COMMISSION_INCOME_YOY":null,"ACCOUNTS_RECE_TDAYS":36.625642648106,"INVENTORY_TDAYS":208.999767711963,"CURRENT_ASSETS_TDAYS":1.786799405761,"TOTAL_ASSETS_TDAYS":0.220921456277,"PREMIUM_EXPENSE":null,"LOAN_DEPOSIT":null,"LOAN_EQUITY":null,"LOAN_ASSETS":null,"DEPOSIT_EQUITY":null,"DEPOSIT_ASSETS":null,"EQUITY_MULTIPLIER":3.535684427549,"EQUITY_RATIO":2.329894383116}],"count":47},"success":true,"message":"ok","code":0}