{"version":"0d79136dd781b7b642276f4ae4f9822b","result":{"pages":2,"data":[{"SECUCODE":"02306.HK","SECURITY_CODE":"02306","SECURITY_NAME_ABBR":"乐华娱乐","ORG_CODE":"10000302590","STD_REPORT_DATE":"2024-06-30 00:00:00","REPORT_DATE":"2024-06-30 00:00:00","DATE_TYPE_CODE":"002","REPORT_TYPE":"2024年中报","PER_NETCASH_OPERATE":0.030979394865,"PER_OI":0.398349111523,"BPS":1.611579350971,"BASIC_EPS":0.04,"DILUTED_EPS":0.04,"OPERATE_INCOME":347270000,"OPERATE_INCOME_YOY":-4.8108524454,"GROSS_PROFIT":89072000,"GROSS_PROFIT_YOY":16.952245900133,"HOLDER_PROFIT":30796000,"HOLDER_PROFIT_YOY":117.5562814615,"GROSS_PROFIT_RATIO":25.649206669162,"EPS_TTM":0.074987410714,"OPERATE_INCOME_QOQ":-2.322540860495,"NET_PROFIT_RATIO":8.4519250151,"ROE_AVG":2.275186277367,"GROSS_PROFIT_QOQ":7.376239037907,"ROA":1.4936524862,"HOLDER_PROFIT_QOQ":146.416779681476,"ROE_YEARLY":4.550372554734,"ROIC_YEARLY":5.248163436767,"TOTAL_ASSETS":2078657000,"TOTAL_LIABILITIES":690518000,"TAX_EBT":33.312884829482,"OCF_SALES":7.776945892245,"TOTAL_PARENT_EQUITY":1387038000,"DEBT_ASSET_RATIO":33.2194296606,"OPERATE_PROFIT":35197000,"PRETAX_PROFIT":44013000,"NETCASH_OPERATE":27007000,"NETCASH_INVEST":110183000,"NETCASH_FINANCE":-17505000,"END_CASH":738696000,"DIVI_RATIO":null,"DIVIDEND_RATE":null,"CURRENT_RATIO":2.961738425044,"COMMON_ACS":2000000000,"CURRENTDEBT_DEBT":58.913018922027,"ISSUED_COMMON_SHARES":860670000,"HK_COMMON_SHARES":860670000,"PER_SHARES":3000,"TOTAL_MARKET_CAP":559435500,"HKSK_MARKET_CAP":559435500,"PE_TTM":8.156494847837,"PB_TTM":0.368112187366,"REPORT_DATE_SQ":"2023-06-30 00:00:00","REPORT_TYPE_SQ":"2023年中报","OPERATE_INCOME_SQ":364821000,"DPS_HKD":null,"OPERATE_INCOME_QOQ_SQ":-12.562968373503,"NET_PROFIT_RATIO_SQ":-48.2189895867,"HOLDER_PROFIT_SQ":-175413000,"HOLDER_PROFIT_QOQ_SQ":-15.611521221013,"ROE_AVG_SQ":-31.310610725856,"PE_TTM_SQ":0.475891262527,"PB_TTM_SQ":0.576220116284,"ROA_SQ":-11.388520715476,"START_DATE":"2024-01-01 00:00:00","FISCAL_YEAR":"12-31","CURRENCY":"HKD","IS_CNY_CODE":0,"DPS_HKD_LY":null,"ORG_TYPE":"一般企业","PREMIUM_INCOME":null,"PREMIUM_INCOME_YOY":null,"NET_INTEREST_INCOME":null,"NET_INTEREST_INCOME_YOY":null,"FEE_COMMISSION_INCOME":null,"FEE_COMMISSION_INCOME_YOY":null,"ACCOUNTS_RECE_TDAYS":4.105695622617,"INVENTORY_TDAYS":39.716658975542,"CURRENT_ASSETS_TDAYS":0.283280480468,"TOTAL_ASSETS_TDAYS":0.168431192,"PREMIUM_EXPENSE":null,"LOAN_DEPOSIT":null,"LOAN_EQUITY":null,"LOAN_ASSETS":null,"DEPOSIT_EQUITY":null,"DEPOSIT_ASSETS":null,"EQUITY_MULTIPLIER":1.497441538636,"EQUITY_RATIO":0.497836396696},{"SECUCODE":"02306.HK","SECURITY_CODE":"02306","SECURITY_NAME_ABBR":"乐华娱乐","ORG_CODE":"10000302590","STD_REPORT_DATE":"2023-12-31 00:00:00","REPORT_DATE":"2023-12-31 00:00:00","DATE_TYPE_CODE":"001","REPORT_TYPE":"2023年年报","PER_NETCASH_OPERATE":0.123770331043,"PER_OI":0.866724931499,"BPS":1.533782983025,"BASIC_EPS":-0.17,"DILUTED_EPS":-0.17,"OPERATE_INCOME":755681000,"OPERATE_INCOME_YOY":-22.9096744313,"GROSS_PROFIT":175035000,"GROSS_PROFIT_YOY":-51.792412816798,"HOLDER_PROFIT":-140837000,"HOLDER_PROFIT_YOY":-108.166973041,"GROSS_PROFIT_RATIO":23.162551394041,"EPS_TTM":-0.161532365082,"OPERATE_INCOME_QOQ":-11.833322638417,"NET_PROFIT_RATIO":-18.8688083993,"ROE_AVG":-23.493292075182,"GROSS_PROFIT_QOQ":-25.656533908707,"ROA":-8.365236723601,"HOLDER_PROFIT_QOQ":-109.677829437335,"ROE_YEARLY":-23.493292075182,"ROIC_YEARLY":-13.271635186225,"TOTAL_ASSETS":2044926000,"TOTAL_LIABILITIES":721781000,"TAX_EBT":-35.707623489103,"OCF_SALES":14.280232002657,"TOTAL_PARENT_EQUITY":1320081000,"DEBT_ASSET_RATIO":35.296191647,"OPERATE_PROFIT":31111000,"PRETAX_PROFIT":-105070000,"NETCASH_OPERATE":107913000,"NETCASH_INVEST":-645911000,"NETCASH_FINANCE":596590000,"END_CASH":613371000,"DIVI_RATIO":null,"DIVIDEND_RATE":null,"CURRENT_RATIO":2.949089085822,"COMMON_ACS":2000000000,"CURRENTDEBT_DEBT":58.579679986035,"ISSUED_COMMON_SHARES":860670000,"HK_COMMON_SHARES":860670000,"PER_SHARES":3000,"TOTAL_MARKET_CAP":576648900,"HKSK_MARKET_CAP":576648900,"PE_TTM":8.407463920078,"PB_TTM":0.379438716208,"REPORT_DATE_SQ":"2022-12-31 00:00:00","REPORT_TYPE_SQ":"2022年年报","OPERATE_INCOME_SQ":980254000,"DPS_HKD":null,"OPERATE_INCOME_QOQ_SQ":-14.60837614149,"NET_PROFIT_RATIO_SQ":175.9936710281,"HOLDER_PROFIT_SQ":1724470000,"HOLDER_PROFIT_QOQ_SQ":19.334786089799,"ROE_AVG_SQ":1801.9728523809,"PE_TTM_SQ":0.507973819551,"PB_TTM_SQ":0.615066416259,"ROA_SQ":114.919924509391,"START_DATE":"2023-01-01 00:00:00","FISCAL_YEAR":"12-31","CURRENCY":"HKD","IS_CNY_CODE":0,"DPS_HKD_LY":null,"ORG_TYPE":"一般企业","PREMIUM_INCOME":null,"PREMIUM_INCOME_YOY":null,"NET_INTEREST_INCOME":null,"NET_INTEREST_INCOME_YOY":null,"FEE_COMMISSION_INCOME":null,"FEE_COMMISSION_INCOME_YOY":null,"ACCOUNTS_RECE_TDAYS":6.698497963453,"INVENTORY_TDAYS":177.350641417227,"CURRENT_ASSETS_TDAYS":0.646919031643,"TOTAL_ASSETS_TDAYS":0.44884870116,"PREMIUM_EXPENSE":null,"LOAN_DEPOSIT":null,"LOAN_EQUITY":null,"LOAN_ASSETS":null,"DEPOSIT_EQUITY":null,"DEPOSIT_ASSETS":null,"EQUITY_MULTIPLIER":1.545504083074,"EQUITY_RATIO":0.546770236069},{"SECUCODE":"02306.HK","SECURITY_CODE":"02306","SECURITY_NAME_ABBR":"乐华娱乐","ORG_CODE":"10000302590","STD_REPORT_DATE":"2023-06-30 00:00:00","REPORT_DATE":"2023-06-30 00:00:00","DATE_TYPE_CODE":"002","REPORT_TYPE":"2023年中报","PER_NETCASH_OPERATE":0.038521311968,"PER_OI":0.418429808655,"BPS":1.442592398945,"BASIC_EPS":-0.22,"DILUTED_EPS":-0.22,"OPERATE_INCOME":364821000,"OPERATE_INCOME_YOY":-25.2370022747,"GROSS_PROFIT":76161000,"GROSS_PROFIT_YOY":-62.630638940954,"HOLDER_PROFIT":-175413000,"HOLDER_PROFIT_YOY":-287.0014818289,"GROSS_PROFIT_RATIO":20.876265346567,"EPS_TTM":1.669097044207,"OPERATE_INCOME_QOQ":-12.562968373503,"NET_PROFIT_RATIO":-48.2189895867,"ROE_AVG":-31.310610725856,"GROSS_PROFIT_QOQ":-35.155582974832,"ROA":-11.388520715476,"HOLDER_PROFIT_QOQ":-15.611521221013,"ROE_YEARLY":-62.621221451712,"ROIC_YEARLY":-36.986518000599,"TOTAL_ASSETS":1758252000,"TOTAL_LIABILITIES":512883000,"TAX_EBT":-9.434701736269,"OCF_SALES":9.206158636701,"TOTAL_PARENT_EQUITY":1241596000,"DEBT_ASSET_RATIO":29.1700507095,"OPERATE_PROFIT":1793000,"PRETAX_PROFIT":-160747000,"NETCASH_OPERATE":33586000,"NETCASH_INVEST":-345874000,"NETCASH_FINANCE":411880000,"END_CASH":646769000,"DIVI_RATIO":null,"DIVIDEND_RATE":null,"CURRENT_RATIO":3.573807538828,"COMMON_ACS":2000000000,"CURRENTDEBT_DEBT":83.257975015744,"ISSUED_COMMON_SHARES":860670000,"HK_COMMON_SHARES":860670000,"PER_SHARES":3000,"TOTAL_MARKET_CAP":576648900,"HKSK_MARKET_CAP":576648900,"PE_TTM":8.407463920078,"PB_TTM":0.379438716208,"REPORT_DATE_SQ":"2022-06-30 00:00:00","REPORT_TYPE_SQ":"2022年中报","OPERATE_INCOME_SQ":487970000,"DPS_HKD":null,"OPERATE_INCOME_QOQ_SQ":0,"NET_PROFIT_RATIO_SQ":19.0038322028,"HOLDER_PROFIT_SQ":93803000,"HOLDER_PROFIT_QOQ_SQ":0,"ROE_AVG_SQ":null,"PE_TTM_SQ":0.507973819551,"PB_TTM_SQ":0.615066416259,"ROA_SQ":null,"START_DATE":"2023-01-01 00:00:00","FISCAL_YEAR":"12-31","CURRENCY":"HKD","IS_CNY_CODE":0,"DPS_HKD_LY":null,"ORG_TYPE":"一般企业","PREMIUM_INCOME":null,"PREMIUM_INCOME_YOY":null,"NET_INTEREST_INCOME":null,"NET_INTEREST_INCOME_YOY":null,"FEE_COMMISSION_INCOME":null,"FEE_COMMISSION_INCOME_YOY":null,"ACCOUNTS_RECE_TDAYS":2.982500889058,"INVENTORY_TDAYS":144.005986530307,"CURRENT_ASSETS_TDAYS":0.278979763661,"TOTAL_ASSETS_TDAYS":0.236856533777,"PREMIUM_EXPENSE":null,"LOAN_DEPOSIT":null,"LOAN_EQUITY":null,"LOAN_ASSETS":null,"DEPOSIT_EQUITY":null,"DEPOSIT_ASSETS":null,"EQUITY_MULTIPLIER":1.411832155772,"EQUITY_RATIO":0.413083643955},{"SECUCODE":"02306.HK","SECURITY_CODE":"02306","SECURITY_NAME_ABBR":"乐华娱乐","ORG_CODE":"10000302590","STD_REPORT_DATE":"2022-12-31 00:00:00","REPORT_DATE":"2022-12-31 00:00:00","DATE_TYPE_CODE":"001","REPORT_TYPE":"2022年年报","PER_NETCASH_OPERATE":-0.002254080663,"PER_OI":8.465791519129,"BPS":-0.140734544018,"BASIC_EPS":3.72,"DILUTED_EPS":0.2,"OPERATE_INCOME":980254000,"OPERATE_INCOME_YOY":-24.0377574007,"GROSS_PROFIT":363086000,"GROSS_PROFIT_YOY":-39.682602967976,"HOLDER_PROFIT":1724470000,"HOLDER_PROFIT_YOY":412.1924415773,"GROSS_PROFIT_RATIO":37.039991675627,"EPS_TTM":14.893082304171,"OPERATE_INCOME_QOQ":-14.60837614149,"NET_PROFIT_RATIO":175.9936710281,"ROE_AVG":1801.9728523809,"GROSS_PROFIT_QOQ":-23.573874770829,"ROA":114.919924509391,"HOLDER_PROFIT_QOQ":19.334786089799,"ROE_YEARLY":1801.9728523809,"ROIC_YEARLY":180.134980847595,"TOTAL_ASSETS":1322271000,"TOTAL_LIABILITIES":1439124000,"TAX_EBT":3.697991327608,"OCF_SALES":-0.026625752101,"TOTAL_PARENT_EQUITY":-121126000,"DEBT_ASSET_RATIO":108.8372958342,"OPERATE_PROFIT":212211000,"PRETAX_PROFIT":1791432000,"NETCASH_OPERATE":-261000,"NETCASH_INVEST":48338000,"NETCASH_FINANCE":-83894000,"END_CASH":528660000,"DIVI_RATIO":null,"DIVIDEND_RATE":null,"CURRENT_RATIO":1.940340964755,"COMMON_ACS":2000000000,"CURRENTDEBT_DEBT":39.010328505396,"ISSUED_COMMON_SHARES":860670000,"HK_COMMON_SHARES":860670000,"PER_SHARES":3000,"TOTAL_MARKET_CAP":576648900,"HKSK_MARKET_CAP":576648900,"PE_TTM":8.407463920078,"PB_TTM":0.379438716208,"REPORT_DATE_SQ":"2021-12-31 00:00:00","REPORT_TYPE_SQ":"2021年年报","OPERATE_INCOME_SQ":1290449000,"DPS_HKD":null,"OPERATE_INCOME_QOQ_SQ":39.955555169938,"NET_PROFIT_RATIO_SQ":25.9856840526,"HOLDER_PROFIT_SQ":336684000,"HOLDER_PROFIT_QOQ_SQ":15.552047225178,"ROE_AVG_SQ":229.852947200262,"PE_TTM_SQ":0.507973819551,"PB_TTM_SQ":0.615066416259,"ROA_SQ":23.593213212687,"START_DATE":"2022-01-01 00:00:00","FISCAL_YEAR":"12-31","CURRENCY":"HKD","IS_CNY_CODE":0,"DPS_HKD_LY":null,"ORG_TYPE":"一般企业","PREMIUM_INCOME":null,"PREMIUM_INCOME_YOY":null,"NET_INTEREST_INCOME":null,"NET_INTEREST_INCOME_YOY":null,"FEE_COMMISSION_INCOME":null,"FEE_COMMISSION_INCOME_YOY":null,"ACCOUNTS_RECE_TDAYS":8.280116398407,"INVENTORY_TDAYS":465.085154483798,"CURRENT_ASSETS_TDAYS":0.758340747159,"TOTAL_ASSETS_TDAYS":0.653248335315,"PREMIUM_EXPENSE":null,"LOAN_DEPOSIT":null,"LOAN_EQUITY":null,"LOAN_ASSETS":null,"DEPOSIT_EQUITY":null,"DEPOSIT_ASSETS":null,"EQUITY_MULTIPLIER":-11.315678673221,"EQUITY_RATIO":-11.881214602975},{"SECUCODE":"02306.HK","SECURITY_CODE":"02306","SECURITY_NAME_ABBR":"乐华娱乐","ORG_CODE":"10000302590","STD_REPORT_DATE":"2022-09-30 00:00:00","REPORT_DATE":"2022-09-30 00:00:00","DATE_TYPE_CODE":"004","REPORT_TYPE":"2022年三季报","PER_NETCASH_OPERATE":0.5996775072,"PER_OI":10.6870307484,"BPS":-0.639226416629,"BASIC_EPS":18.79,"DILUTED_EPS":1.3,"OPERATE_INCOME":752629000,"OPERATE_INCOME_YOY":-15.9193053053,"GROSS_PROFIT":300923000,"GROSS_PROFIT_YOY":-29.658182192188,"HOLDER_PROFIT":1343941000,"HOLDER_PROFIT_YOY":470.5399140756,"GROSS_PROFIT_RATIO":39.982913228164,"EPS_TTM":20.5194017724,"OPERATE_INCOME_QOQ":-11.042513109778,"NET_PROFIT_RATIO":178.6623954166,"ROE_AVG":-1131.07781130202,"GROSS_PROFIT_QOQ":-21.077515246055,"ROA":90.238686432313,"HOLDER_PROFIT_QOQ":329.206318090554,"ROE_YEARLY":-1508.10374840269,"ROIC_YEARLY":152.956433955543,"TOTAL_ASSETS":1299739000,"TOTAL_LIABILITIES":1845621000,"TAX_EBT":4.930896884067,"OCF_SALES":5.611263982653,"TOTAL_PARENT_EQUITY":-550163000,"DEBT_ASSET_RATIO":141.9993552552,"OPERATE_PROFIT":213055000,"PRETAX_PROFIT":1414408000,"NETCASH_OPERATE":42232000,"NETCASH_INVEST":132856000,"NETCASH_FINANCE":-77753000,"END_CASH":663476000,"DIVI_RATIO":null,"DIVIDEND_RATE":null,"CURRENT_RATIO":1.742646470259,"COMMON_ACS":2000000000,"CURRENTDEBT_DEBT":34.521876376569,"ISSUED_COMMON_SHARES":860670000,"HK_COMMON_SHARES":860670000,"PER_SHARES":3000,"TOTAL_MARKET_CAP":576648900,"HKSK_MARKET_CAP":576648900,"PE_TTM":8.407463920078,"PB_TTM":0.379438716208,"REPORT_DATE_SQ":"2021-09-30 00:00:00","REPORT_TYPE_SQ":"2021年三季报","OPERATE_INCOME_SQ":895127000,"DPS_HKD":null,"OPERATE_INCOME_QOQ_SQ":0,"NET_PROFIT_RATIO_SQ":26.4459680023,"HOLDER_PROFIT_SQ":235556000,"HOLDER_PROFIT_QOQ_SQ":0,"ROE_AVG_SQ":null,"PE_TTM_SQ":0.507973819551,"PB_TTM_SQ":0.615066416259,"ROA_SQ":null,"START_DATE":"2022-01-01 00:00:00","FISCAL_YEAR":"12-31","CURRENCY":"HKD","IS_CNY_CODE":0,"DPS_HKD_LY":null,"ORG_TYPE":"一般企业","PREMIUM_INCOME":null,"PREMIUM_INCOME_YOY":null,"NET_INTEREST_INCOME":null,"NET_INTEREST_INCOME_YOY":null,"FEE_COMMISSION_INCOME":null,"FEE_COMMISSION_INCOME_YOY":null,"ACCOUNTS_RECE_TDAYS":6.47316997652,"INVENTORY_TDAYS":171.686050931205,"CURRENT_ASSETS_TDAYS":0.577556139962,"TOTAL_ASSETS_TDAYS":0.505351442741,"PREMIUM_EXPENSE":null,"LOAN_DEPOSIT":null,"LOAN_EQUITY":null,"LOAN_ASSETS":null,"DEPOSIT_EQUITY":null,"DEPOSIT_ASSETS":null,"EQUITY_MULTIPLIER":-2.380988931672,"EQUITY_RATIO":-3.35468034019},{"SECUCODE":"02306.HK","SECURITY_CODE":"02306","SECURITY_NAME_ABBR":"乐华娱乐","ORG_CODE":"10000302590","STD_REPORT_DATE":"2022-06-30 00:00:00","REPORT_DATE":"2022-06-30 00:00:00","DATE_TYPE_CODE":"002","REPORT_TYPE":"2022年中报","PER_NETCASH_OPERATE":null,"PER_OI":null,"BPS":null,"BASIC_EPS":0.2,"DILUTED_EPS":0.17,"OPERATE_INCOME":487970000,"OPERATE_INCOME_YOY":null,"GROSS_PROFIT":203806000,"GROSS_PROFIT_YOY":null,"HOLDER_PROFIT":93803000,"HOLDER_PROFIT_YOY":null,"GROSS_PROFIT_RATIO":41.766092177798,"EPS_TTM":0.001950635351,"OPERATE_INCOME_QOQ":0,"NET_PROFIT_RATIO":19.0038322028,"ROE_AVG":null,"GROSS_PROFIT_QOQ":0,"ROA":null,"HOLDER_PROFIT_QOQ":0,"ROE_YEARLY":null,"ROIC_YEARLY":null,"TOTAL_ASSETS":null,"TOTAL_LIABILITIES":null,"TAX_EBT":26.417564629521,"OCF_SALES":-11.303973604935,"TOTAL_PARENT_EQUITY":null,"DEBT_ASSET_RATIO":null,"OPERATE_PROFIT":153002000,"PRETAX_PROFIT":126026000,"NETCASH_OPERATE":-55160000,"NETCASH_INVEST":58724000,"NETCASH_FINANCE":-73895000,"END_CASH":514599000,"DIVI_RATIO":null,"DIVIDEND_RATE":null,"CURRENT_RATIO":null,"COMMON_ACS":2000000000,"CURRENTDEBT_DEBT":null,"ISSUED_COMMON_SHARES":860670000,"HK_COMMON_SHARES":860670000,"PER_SHARES":3000,"TOTAL_MARKET_CAP":576648900,"HKSK_MARKET_CAP":576648900,"PE_TTM":8.407463920078,"PB_TTM":0.379438716208,"REPORT_DATE_SQ":"2021-06-30 00:00:00","REPORT_TYPE_SQ":"2021年中报","OPERATE_INCOME_SQ":null,"DPS_HKD":null,"OPERATE_INCOME_QOQ_SQ":0,"NET_PROFIT_RATIO_SQ":null,"HOLDER_PROFIT_SQ":null,"HOLDER_PROFIT_QOQ_SQ":0,"ROE_AVG_SQ":null,"PE_TTM_SQ":0.507973819551,"PB_TTM_SQ":0.615066416259,"ROA_SQ":null,"START_DATE":"2022-01-01 00:00:00","FISCAL_YEAR":"12-31","CURRENCY":"HKD","IS_CNY_CODE":0,"DPS_HKD_LY":null,"ORG_TYPE":"一般企业","PREMIUM_INCOME":null,"PREMIUM_INCOME_YOY":null,"NET_INTEREST_INCOME":null,"NET_INTEREST_INCOME_YOY":null,"FEE_COMMISSION_INCOME":null,"FEE_COMMISSION_INCOME_YOY":null,"ACCOUNTS_RECE_TDAYS":null,"INVENTORY_TDAYS":null,"CURRENT_ASSETS_TDAYS":0.652392911743,"TOTAL_ASSETS_TDAYS":0.581298316692,"PREMIUM_EXPENSE":null,"LOAN_DEPOSIT":null,"LOAN_EQUITY":null,"LOAN_ASSETS":null,"DEPOSIT_EQUITY":null,"DEPOSIT_ASSETS":null,"EQUITY_MULTIPLIER":null,"EQUITY_RATIO":null},{"SECUCODE":"02306.HK","SECURITY_CODE":"02306","SECURITY_NAME_ABBR":"乐华娱乐","ORG_CODE":"10000302590","STD_REPORT_DATE":"2021-12-31 00:00:00","REPORT_DATE":"2021-12-31 00:00:00","DATE_TYPE_CODE":"001","REPORT_TYPE":"2021年年报","PER_NETCASH_OPERATE":0.002942604029,"PER_OI":0.007476433209,"BPS":0.36311710644,"BASIC_EPS":0.73,"DILUTED_EPS":0.53,"OPERATE_INCOME":1290449000,"OPERATE_INCOME_YOY":39.9555551699,"GROSS_PROFIT":601959000,"GROSS_PROFIT_YOY":22.10567525792,"HOLDER_PROFIT":336684000,"HOLDER_PROFIT_YOY":15.5520472252,"GROSS_PROFIT_RATIO":46.647252235462,"EPS_TTM":0.001950635351,"OPERATE_INCOME_QOQ":39.955555169938,"NET_PROFIT_RATIO":25.9856840526,"ROE_AVG":229.852947200262,"GROSS_PROFIT_QOQ":22.10567525792,"ROA":23.593213212687,"HOLDER_PROFIT_QOQ":15.552047225178,"ROE_YEARLY":229.852947200262,"ROIC_YEARLY":40.997802671499,"TOTAL_ASSETS":1678897000,"TOTAL_LIABILITIES":1359339000,"TAX_EBT":27.266023047942,"OCF_SALES":39.358393861361,"TOTAL_PARENT_EQUITY":312524000,"DEBT_ASSET_RATIO":80.9661938761,"OPERATE_PROFIT":505141000,"PRETAX_PROFIT":461039000,"NETCASH_OPERATE":507900000,"NETCASH_INVEST":-258702000,"NETCASH_FINANCE":-353254000,"END_CASH":546559000,"DIVI_RATIO":null,"DIVIDEND_RATE":null,"CURRENT_RATIO":1.839525589631,"COMMON_ACS":2000000000,"CURRENTDEBT_DEBT":59.824664781927,"ISSUED_COMMON_SHARES":860670000,"HK_COMMON_SHARES":860670000,"PER_SHARES":3000,"TOTAL_MARKET_CAP":576648900,"HKSK_MARKET_CAP":576648900,"PE_TTM":8.407463920078,"PB_TTM":0.379438716208,"REPORT_DATE_SQ":"2020-12-31 00:00:00","REPORT_TYPE_SQ":"2020年年报","OPERATE_INCOME_SQ":922042000,"DPS_HKD":null,"OPERATE_INCOME_QOQ_SQ":46.023033213184,"NET_PROFIT_RATIO_SQ":31.6629828142,"HOLDER_PROFIT_SQ":291370000,"HOLDER_PROFIT_QOQ_SQ":144.801424934677,"ROE_AVG_SQ":134.248380467936,"PE_TTM_SQ":0.507973819551,"PB_TTM_SQ":0.615066416259,"ROA_SQ":27.277263454908,"START_DATE":"2021-01-01 00:00:00","FISCAL_YEAR":"12-31","CURRENCY":"HKD","IS_CNY_CODE":0,"DPS_HKD_LY":null,"ORG_TYPE":"一般企业","PREMIUM_INCOME":null,"PREMIUM_INCOME_YOY":null,"NET_INTEREST_INCOME":null,"NET_INTEREST_INCOME_YOY":null,"FEE_COMMISSION_INCOME":null,"FEE_COMMISSION_INCOME_YOY":null,"ACCOUNTS_RECE_TDAYS":13.741776438391,"INVENTORY_TDAYS":614.723214285714,"CURRENT_ASSETS_TDAYS":1.044514423246,"TOTAL_ASSETS_TDAYS":0.904285276315,"PREMIUM_EXPENSE":null,"LOAN_DEPOSIT":null,"LOAN_EQUITY":null,"LOAN_ASSETS":null,"DEPOSIT_EQUITY":null,"DEPOSIT_ASSETS":null,"EQUITY_MULTIPLIER":5.253809949994,"EQUITY_RATIO":4.349550754502},{"SECUCODE":"02306.HK","SECURITY_CODE":"02306","SECURITY_NAME_ABBR":"乐华娱乐","ORG_CODE":"10000302590","STD_REPORT_DATE":"2021-09-30 00:00:00","REPORT_DATE":"2021-09-30 00:00:00","DATE_TYPE_CODE":"004","REPORT_TYPE":"2021年三季报","PER_NETCASH_OPERATE":null,"PER_OI":null,"BPS":null,"BASIC_EPS":3.29,"DILUTED_EPS":2.41,"OPERATE_INCOME":895127000,"OPERATE_INCOME_YOY":null,"GROSS_PROFIT":427801000,"GROSS_PROFIT_YOY":null,"HOLDER_PROFIT":235556000,"HOLDER_PROFIT_YOY":null,"GROSS_PROFIT_RATIO":47.792212725122,"EPS_TTM":0.001727604922,"OPERATE_INCOME_QOQ":0,"NET_PROFIT_RATIO":26.4459680023,"ROE_AVG":null,"GROSS_PROFIT_QOQ":0,"ROA":null,"HOLDER_PROFIT_QOQ":0,"ROE_YEARLY":null,"ROIC_YEARLY":null,"TOTAL_ASSETS":null,"TOTAL_LIABILITIES":null,"TAX_EBT":27.717777960983,"OCF_SALES":57.48134063658,"TOTAL_PARENT_EQUITY":null,"DEBT_ASSET_RATIO":null,"OPERATE_PROFIT":362544000,"PRETAX_PROFIT":327501000,"NETCASH_OPERATE":514531000,"NETCASH_INVEST":-751897000,"NETCASH_FINANCE":-6483000,"END_CASH":407618000,"DIVI_RATIO":null,"DIVIDEND_RATE":null,"CURRENT_RATIO":null,"COMMON_ACS":2000000000,"CURRENTDEBT_DEBT":null,"ISSUED_COMMON_SHARES":860670000,"HK_COMMON_SHARES":860670000,"PER_SHARES":3000,"TOTAL_MARKET_CAP":576648900,"HKSK_MARKET_CAP":576648900,"PE_TTM":8.407463920078,"PB_TTM":0.379438716208,"REPORT_DATE_SQ":"2020-09-30 00:00:00","REPORT_TYPE_SQ":"2020年三季报","OPERATE_INCOME_SQ":null,"DPS_HKD":null,"OPERATE_INCOME_QOQ_SQ":0,"NET_PROFIT_RATIO_SQ":null,"HOLDER_PROFIT_SQ":null,"HOLDER_PROFIT_QOQ_SQ":0,"ROE_AVG_SQ":null,"PE_TTM_SQ":0.507973819551,"PB_TTM_SQ":0.615066416259,"ROA_SQ":null,"START_DATE":"2021-01-01 00:00:00","FISCAL_YEAR":"12-31","CURRENCY":"HKD","IS_CNY_CODE":0,"DPS_HKD_LY":null,"ORG_TYPE":"一般企业","PREMIUM_INCOME":null,"PREMIUM_INCOME_YOY":null,"NET_INTEREST_INCOME":null,"NET_INTEREST_INCOME_YOY":null,"FEE_COMMISSION_INCOME":null,"FEE_COMMISSION_INCOME_YOY":null,"ACCOUNTS_RECE_TDAYS":null,"INVENTORY_TDAYS":null,"CURRENT_ASSETS_TDAYS":1.836218214341,"TOTAL_ASSETS_TDAYS":1.523389648206,"PREMIUM_EXPENSE":null,"LOAN_DEPOSIT":null,"LOAN_EQUITY":null,"LOAN_ASSETS":null,"DEPOSIT_EQUITY":null,"DEPOSIT_ASSETS":null,"EQUITY_MULTIPLIER":null,"EQUITY_RATIO":null},{"SECUCODE":"02306.HK","SECURITY_CODE":"02306","SECURITY_NAME_ABBR":"乐华娱乐","ORG_CODE":"10000302590","STD_REPORT_DATE":"2020-12-31 00:00:00","REPORT_DATE":"2020-12-31 00:00:00","DATE_TYPE_CODE":"001","REPORT_TYPE":"2020年年报","PER_NETCASH_OPERATE":0.002523161742,"PER_OI":0.005467015472,"BPS":-0.022735775617,"BASIC_EPS":4.07,"DILUTED_EPS":2.68,"OPERATE_INCOME":922042000,"OPERATE_INCOME_YOY":46.0230332132,"GROSS_PROFIT":492982000,"GROSS_PROFIT_YOY":76.377440036636,"HOLDER_PROFIT":291370000,"HOLDER_PROFIT_YOY":144.8014249347,"GROSS_PROFIT_RATIO":53.466327998074,"EPS_TTM":0.001727604922,"OPERATE_INCOME_QOQ":46.023033213184,"NET_PROFIT_RATIO":31.6629828142,"ROE_AVG":134.248380467936,"GROSS_PROFIT_QOQ":76.377440036636,"ROA":27.277263454908,"HOLDER_PROFIT_QOQ":144.801424934677,"ROE_YEARLY":134.248380467936,"ROIC_YEARLY":67.738725711283,"TOTAL_ASSETS":1175178000,"TOTAL_LIABILITIES":1188637000,"TAX_EBT":25.625485625486,"OCF_SALES":46.152452925138,"TOTAL_PARENT_EQUITY":-19568000,"DEBT_ASSET_RATIO":101.1452733118,"OPERATE_PROFIT":397905000,"PRETAX_PROFIT":392535000,"NETCASH_OPERATE":425545000,"NETCASH_INVEST":-161184000,"NETCASH_FINANCE":-230356000,"END_CASH":651924000,"DIVI_RATIO":null,"DIVIDEND_RATE":null,"CURRENT_RATIO":1.996915432464,"COMMON_ACS":2000000000,"CURRENTDEBT_DEBT":41.07536615468,"ISSUED_COMMON_SHARES":860670000,"HK_COMMON_SHARES":860670000,"PER_SHARES":3000,"TOTAL_MARKET_CAP":576648900,"HKSK_MARKET_CAP":576648900,"PE_TTM":8.407463920078,"PB_TTM":0.379438716208,"REPORT_DATE_SQ":"2019-12-31 00:00:00","REPORT_TYPE_SQ":"2019年年报","OPERATE_INCOME_SQ":631436000,"DPS_HKD":null,"OPERATE_INCOME_QOQ_SQ":null,"NET_PROFIT_RATIO_SQ":18.8986690654,"HOLDER_PROFIT_SQ":119023000,"HOLDER_PROFIT_QOQ_SQ":null,"ROE_AVG_SQ":26.237093403638,"PE_TTM_SQ":0.507973819551,"PB_TTM_SQ":0.615066416259,"ROA_SQ":12.383008385526,"START_DATE":"2020-01-01 00:00:00","FISCAL_YEAR":"12-31","CURRENCY":"HKD","IS_CNY_CODE":0,"DPS_HKD_LY":null,"ORG_TYPE":"一般企业","PREMIUM_INCOME":null,"PREMIUM_INCOME_YOY":null,"NET_INTEREST_INCOME":null,"NET_INTEREST_INCOME_YOY":null,"FEE_COMMISSION_INCOME":null,"FEE_COMMISSION_INCOME_YOY":null,"ACCOUNTS_RECE_TDAYS":13.62828405253,"INVENTORY_TDAYS":267.827715355805,"CURRENT_ASSETS_TDAYS":1.056261097683,"TOTAL_ASSETS_TDAYS":0.863190532673,"PREMIUM_EXPENSE":null,"LOAN_DEPOSIT":null,"LOAN_EQUITY":null,"LOAN_ASSETS":null,"DEPOSIT_EQUITY":null,"DEPOSIT_ASSETS":null,"EQUITY_MULTIPLIER":-87.31540233207,"EQUITY_RATIO":-60.743918642682}],"count":10},"success":true,"message":"ok","code":0}