{"version":"6520a73f7a72285cf81abf9870735ff1","result":{"pages":5,"data":[{"SECUCODE":"02307.HK","SECURITY_CODE":"02307","SECURITY_NAME_ABBR":"锦兴国际控股","ORG_CODE":"10010575","STD_REPORT_DATE":"2024-06-30 00:00:00","REPORT_DATE":"2024-06-30 00:00:00","DATE_TYPE_CODE":"002","REPORT_TYPE":"2024年中报","PER_NETCASH_OPERATE":-0.112773687205,"PER_OI":1.899917161667,"BPS":1.735662480346,"BASIC_EPS":0.00365072,"DILUTED_EPS":0.00365072,"OPERATE_INCOME":1652774037.36,"OPERATE_INCOME_YOY":5.2012060161,"GROSS_PROFIT":180594729.64,"GROSS_PROFIT_YOY":27.310284600222,"HOLDER_PROFIT":3481874.2,"HOLDER_PROFIT_YOY":115.4291029685,"GROSS_PROFIT_RATIO":10.926764673075,"EPS_TTM":-0.108245866661,"OPERATE_INCOME_QOQ":2.011588404844,"NET_PROFIT_RATIO":0.2192277661,"ROE_AVG":0.23087134112,"GROSS_PROFIT_QOQ":14.482770599656,"ROA":0.107255640234,"HOLDER_PROFIT_QOQ":21.81825260603,"ROE_YEARLY":0.461742682241,"ROIC_YEARLY":0.264068619079,"TOTAL_ASSETS":3042655164.12,"TOTAL_LIABILITIES":1532698205.84,"TAX_EBT":5.566127497621,"OCF_SALES":-5.935716013346,"TOTAL_PARENT_EQUITY":1509885769.24,"DEBT_ASSET_RATIO":50.3737072776,"OPERATE_PROFIT":32829099.6,"PRETAX_PROFIT":3836906.72,"NETCASH_OPERATE":-98103973.2,"NETCASH_INVEST":-42682392.88,"NETCASH_FINANCE":-312936980.36,"END_CASH":382371849.4,"DIVI_RATIO":null,"DIVIDEND_RATE":null,"CURRENT_RATIO":1.615975503343,"COMMON_ACS":2000000000,"CURRENTDEBT_DEBT":78.000557362485,"ISSUED_COMMON_SHARES":869919000,"HK_COMMON_SHARES":869919000,"PER_SHARES":2000,"TOTAL_MARKET_CAP":113089470,"HKSK_MARKET_CAP":113089470,"PE_TTM":-1.083574980597,"PB_TTM":0.068359143176,"REPORT_DATE_SQ":"2023-06-30 00:00:00","REPORT_TYPE_SQ":"2023年中报","OPERATE_INCOME_SQ":1587068712.6,"DPS_HKD":null,"OPERATE_INCOME_QOQ_SQ":-9.916668203101,"NET_PROFIT_RATIO_SQ":-1.4660996764,"HOLDER_PROFIT_SQ":-22796877.48,"HOLDER_PROFIT_QOQ_SQ":-92.684571440528,"ROE_AVG_SQ":-1.347559938786,"PE_TTM_SQ":-2.016987613366,"PB_TTM_SQ":0.128763532958,"ROA_SQ":-0.59188070657,"START_DATE":"2024-01-01 00:00:00","FISCAL_YEAR":"12-31","CURRENCY":"HKD","IS_CNY_CODE":0,"DPS_HKD_LY":null,"ORG_TYPE":"一般企业","PREMIUM_INCOME":null,"PREMIUM_INCOME_YOY":null,"NET_INTEREST_INCOME":null,"NET_INTEREST_INCOME_YOY":null,"FEE_COMMISSION_INCOME":null,"FEE_COMMISSION_INCOME_YOY":null,"ACCOUNTS_RECE_TDAYS":3.623401920247,"INVENTORY_TDAYS":1.620328580254,"CURRENT_ASSETS_TDAYS":0.784854904503,"TOTAL_ASSETS_TDAYS":0.50912045455,"PREMIUM_EXPENSE":null,"LOAN_DEPOSIT":null,"LOAN_EQUITY":null,"LOAN_ASSETS":null,"DEPOSIT_EQUITY":null,"DEPOSIT_ASSETS":null,"EQUITY_MULTIPLIER":2.01506085815,"EQUITY_RATIO":1.015108716874},{"SECUCODE":"02307.HK","SECURITY_CODE":"02307","SECURITY_NAME_ABBR":"锦兴国际控股","ORG_CODE":"10010575","STD_REPORT_DATE":"2023-12-31 00:00:00","REPORT_DATE":"2023-12-31 00:00:00","DATE_TYPE_CODE":"001","REPORT_TYPE":"2023年年报","PER_NETCASH_OPERATE":0.242887490399,"PER_OI":3.754763834955,"BPS":1.719403167605,"BASIC_EPS":-0.13865166,"DILUTED_EPS":-0.13865166,"OPERATE_INCOME":3266340400.54,"OPERATE_INCOME_YOY":-12.2209076687,"GROSS_PROFIT":267495300.94,"GROSS_PROFIT_YOY":-15.477791411556,"HOLDER_PROFIT":-120443887.76,"HOLDER_PROFIT_YOY":-129.317781842,"GROSS_PROFIT_RATIO":8.189449602245,"EPS_TTM":-0.138454140857,"OPERATE_INCOME_QOQ":-1.145250648847,"NET_PROFIT_RATIO":-3.7391135229,"ROE_AVG":-7.45893274092,"GROSS_PROFIT_QOQ":2.724597697126,"ROA":-3.384429885849,"HOLDER_PROFIT_QOQ":-20.737362606365,"ROE_YEARLY":-7.45893274092,"ROIC_YEARLY":-4.536829998076,"TOTAL_ASSETS":3425589534.92,"TOTAL_LIABILITIES":1929917829.7,"TAX_EBT":-7.825426034083,"OCF_SALES":6.468782087901,"TOTAL_PARENT_EQUITY":1495741484.16,"DEBT_ASSET_RATIO":56.3382684944,"OPERATE_PROFIT":-18071839.24,"PRETAX_PROFIT":-113268437.8,"NETCASH_OPERATE":211292442.76,"NETCASH_INVEST":-148670828.32,"NETCASH_FINANCE":-202416924.08,"END_CASH":830177267.36,"DIVI_RATIO":null,"DIVIDEND_RATE":null,"CURRENT_RATIO":1.440963364727,"COMMON_ACS":2000000000,"CURRENTDEBT_DEBT":81.397328650215,"ISSUED_COMMON_SHARES":869919000,"HK_COMMON_SHARES":869919000,"PER_SHARES":2000,"TOTAL_MARKET_CAP":114829308,"HKSK_MARKET_CAP":114829308,"PE_TTM":-1.100245364914,"PB_TTM":0.069410822302,"REPORT_DATE_SQ":"2022-12-31 00:00:00","REPORT_TYPE_SQ":"2022年年报","OPERATE_INCOME_SQ":3667916689.36,"DPS_HKD":null,"OPERATE_INCOME_QOQ_SQ":-4.611927781724,"NET_PROFIT_RATIO_SQ":-1.3324832301,"HOLDER_PROFIT_SQ":-51772142.66,"HOLDER_PROFIT_QOQ_SQ":-273.133056629424,"ROE_AVG_SQ":-2.812224184119,"PE_TTM_SQ":-1.931653522031,"PB_TTM_SQ":0.123315845025,"ROA_SQ":-1.250816182486,"START_DATE":"2023-01-01 00:00:00","FISCAL_YEAR":"12-31","CURRENCY":"HKD","IS_CNY_CODE":0,"DPS_HKD_LY":null,"ORG_TYPE":"一般企业","PREMIUM_INCOME":null,"PREMIUM_INCOME_YOY":null,"NET_INTEREST_INCOME":null,"NET_INTEREST_INCOME_YOY":null,"FEE_COMMISSION_INCOME":null,"FEE_COMMISSION_INCOME_YOY":null,"ACCOUNTS_RECE_TDAYS":6.835502404231,"INVENTORY_TDAYS":3.627615737011,"CURRENT_ASSETS_TDAYS":1.40733432027,"TOTAL_ASSETS_TDAYS":0.917829893616,"PREMIUM_EXPENSE":null,"LOAN_DEPOSIT":null,"LOAN_EQUITY":null,"LOAN_ASSETS":null,"DEPOSIT_EQUITY":null,"DEPOSIT_ASSETS":null,"EQUITY_MULTIPLIER":2.290335187169,"EQUITY_RATIO":1.290274990791},{"SECUCODE":"02307.HK","SECURITY_CODE":"02307","SECURITY_NAME_ABBR":"锦兴国际控股","ORG_CODE":"10010575","STD_REPORT_DATE":"2023-06-30 00:00:00","REPORT_DATE":"2023-06-30 00:00:00","DATE_TYPE_CODE":"002","REPORT_TYPE":"2023年中报","PER_NETCASH_OPERATE":0.065860937811,"PER_OI":1.824386767734,"BPS":1.86166684381,"BASIC_EPS":-0.02581544,"DILUTED_EPS":-0.02581544,"OPERATE_INCOME":1587068712.6,"OPERATE_INCOME_YOY":-24.5388808641,"GROSS_PROFIT":141853998.84,"GROSS_PROFIT_YOY":-28.332268097851,"HOLDER_PROFIT":-22796877.48,"HOLDER_PROFIT_YOY":-183.950701117,"GROSS_PROFIT_RATIO":8.938113247007,"EPS_TTM":-0.11467381585,"OPERATE_INCOME_QOQ":-9.916668203101,"NET_PROFIT_RATIO":-1.4660996764,"ROE_AVG":-1.347559938786,"GROSS_PROFIT_QOQ":-17.71960126079,"ROA":-0.59188070657,"HOLDER_PROFIT_QOQ":-92.684571440528,"ROE_YEARLY":-2.695119877572,"ROIC_YEARLY":-1.663662998906,"TOTAL_ASSETS":3947054464.74,"TOTAL_LIABILITIES":2323923426.42,"TAX_EBT":-85.457084068195,"OCF_SALES":3.610031544642,"TOTAL_PARENT_EQUITY":1619499359.1,"DEBT_ASSET_RATIO":58.8774096527,"OPERATE_PROFIT":29814989.24,"PRETAX_PROFIT":-12546303.84,"NETCASH_OPERATE":57293681.16,"NETCASH_INVEST":-152657760.48,"NETCASH_FINANCE":339890692.94,"END_CASH":1223618664.72,"DIVI_RATIO":null,"DIVIDEND_RATE":null,"CURRENT_RATIO":1.621021202423,"COMMON_ACS":2000000000,"CURRENTDEBT_DEBT":73.426740443366,"ISSUED_COMMON_SHARES":869919000,"HK_COMMON_SHARES":869919000,"PER_SHARES":2000,"TOTAL_MARKET_CAP":114829308,"HKSK_MARKET_CAP":114829308,"PE_TTM":-1.100245364914,"PB_TTM":0.069410822302,"REPORT_DATE_SQ":"2022-06-30 00:00:00","REPORT_TYPE_SQ":"2022年中报","OPERATE_INCOME_SQ":1950803840.65,"DPS_HKD":null,"OPERATE_INCOME_QOQ_SQ":7.145932296014,"NET_PROFIT_RATIO_SQ":1.4035556861,"HOLDER_PROFIT_SQ":25187911.07,"HOLDER_PROFIT_QOQ_SQ":-20.466586024054,"ROE_AVG_SQ":1.375641482225,"PE_TTM_SQ":-1.931653522031,"PB_TTM_SQ":0.123315845025,"ROA_SQ":0.605977934363,"START_DATE":"2023-01-01 00:00:00","FISCAL_YEAR":"12-31","CURRENCY":"HKD","IS_CNY_CODE":0,"DPS_HKD_LY":null,"ORG_TYPE":"一般企业","PREMIUM_INCOME":null,"PREMIUM_INCOME_YOY":null,"NET_INTEREST_INCOME":null,"NET_INTEREST_INCOME_YOY":null,"FEE_COMMISSION_INCOME":null,"FEE_COMMISSION_INCOME_YOY":null,"ACCOUNTS_RECE_TDAYS":3.216564080141,"INVENTORY_TDAYS":1.743383673267,"CURRENT_ASSETS_TDAYS":0.6120929399,"TOTAL_ASSETS_TDAYS":0.412054392894,"PREMIUM_EXPENSE":null,"LOAN_DEPOSIT":null,"LOAN_EQUITY":null,"LOAN_ASSETS":null,"DEPOSIT_EQUITY":null,"DEPOSIT_ASSETS":null,"EQUITY_MULTIPLIER":2.431753426899,"EQUITY_RATIO":1.434964091441},{"SECUCODE":"02307.HK","SECURITY_CODE":"02307","SECURITY_NAME_ABBR":"锦兴国际控股","ORG_CODE":"10010575","STD_REPORT_DATE":"2022-12-31 00:00:00","REPORT_DATE":"2022-12-31 00:00:00","DATE_TYPE_CODE":"001","REPORT_TYPE":"2022年年报","PER_NETCASH_OPERATE":0.672889013494,"PER_OI":4.216388754999,"BPS":1.964554482348,"BASIC_EPS":-0.05984909,"DILUTED_EPS":-0.05984909,"OPERATE_INCOME":3667916689.36,"OPERATE_INCOME_YOY":-6.4534244369,"GROSS_PROFIT":316479308.11,"GROSS_PROFIT_YOY":-30.747267166263,"HOLDER_PROFIT":-51772142.66,"HOLDER_PROFIT_YOY":-226.034010351,"GROSS_PROFIT_RATIO":8.62831233403,"EPS_TTM":-0.059513750889,"OPERATE_INCOME_QOQ":-4.611927781724,"NET_PROFIT_RATIO":-1.3324832301,"ROE_AVG":-2.812224184119,"GROSS_PROFIT_QOQ":-21.942653847337,"ROA":-1.250816182486,"HOLDER_PROFIT_QOQ":-273.133056629424,"ROE_YEARLY":-2.812224184119,"ROIC_YEARLY":-1.583004997317,"TOTAL_ASSETS":3639181086.73,"TOTAL_LIABILITIES":1926202764.5,"TAX_EBT":-1.623328380386,"OCF_SALES":15.958894034535,"TOTAL_PARENT_EQUITY":1709003270.73,"DEBT_ASSET_RATIO":52.9295662566,"OPERATE_PROFIT":5746405.91,"PRETAX_PROFIT":-48093656.8,"NETCASH_OPERATE":585358937.73,"NETCASH_INVEST":-51749810.91,"NETCASH_FINANCE":-338562729.05,"END_CASH":959867744.85,"DIVI_RATIO":null,"DIVIDEND_RATE":null,"CURRENT_RATIO":2.277899294163,"COMMON_ACS":2000000000,"CURRENTDEBT_DEBT":53.428617803232,"ISSUED_COMMON_SHARES":869919000,"HK_COMMON_SHARES":869919000,"PER_SHARES":2000,"TOTAL_MARKET_CAP":114829308,"HKSK_MARKET_CAP":114829308,"PE_TTM":-1.100245364914,"PB_TTM":0.069410822302,"REPORT_DATE_SQ":"2021-12-31 00:00:00","REPORT_TYPE_SQ":"2021年年报","OPERATE_INCOME_SQ":3588803691.2,"DPS_HKD":null,"OPERATE_INCOME_QOQ_SQ":4.187691839364,"NET_PROFIT_RATIO_SQ":1.1185033525,"HOLDER_PROFIT_SQ":37598153.6,"HOLDER_PROFIT_QOQ_SQ":4.21887503345,"ROE_AVG_SQ":2.142383778149,"PE_TTM_SQ":-1.931653522031,"PB_TTM_SQ":0.123315845025,"ROA_SQ":0.929328325558,"START_DATE":"2022-01-01 00:00:00","FISCAL_YEAR":"12-31","CURRENCY":"HKD","IS_CNY_CODE":0,"DPS_HKD_LY":0.013,"ORG_TYPE":"一般企业","PREMIUM_INCOME":null,"PREMIUM_INCOME_YOY":null,"NET_INTEREST_INCOME":null,"NET_INTEREST_INCOME_YOY":null,"FEE_COMMISSION_INCOME":null,"FEE_COMMISSION_INCOME_YOY":null,"ACCOUNTS_RECE_TDAYS":5.762270460591,"INVENTORY_TDAYS":3.049930455692,"CURRENT_ASSETS_TDAYS":1.351621055986,"TOTAL_ASSETS_TDAYS":0.886169533525,"PREMIUM_EXPENSE":null,"LOAN_DEPOSIT":null,"LOAN_EQUITY":null,"LOAN_ASSETS":null,"DEPOSIT_EQUITY":null,"DEPOSIT_ASSETS":null,"EQUITY_MULTIPLIER":2.12447585559,"EQUITY_RATIO":1.127091327144},{"SECUCODE":"02307.HK","SECURITY_CODE":"02307","SECURITY_NAME_ABBR":"锦兴国际控股","ORG_CODE":"10010575","STD_REPORT_DATE":"2022-06-30 00:00:00","REPORT_DATE":"2022-06-30 00:00:00","DATE_TYPE_CODE":"002","REPORT_TYPE":"2022年中报","PER_NETCASH_OPERATE":0.04619930597,"PER_OI":2.24251205072,"BPS":2.038306104683,"BASIC_EPS":0.02907646,"DILUTED_EPS":0.02907646,"OPERATE_INCOME":1950803840.65,"OPERATE_INCOME_YOY":12.0244582899,"GROSS_PROFIT":197932870.31,"GROSS_PROFIT_YOY":-20.661844430824,"HOLDER_PROFIT":25187911.07,"HOLDER_PROFIT_YOY":-25.4712922898,"GROSS_PROFIT_RATIO":10.146221069775,"EPS_TTM":0.034374574127,"OPERATE_INCOME_QOQ":7.145932296014,"NET_PROFIT_RATIO":1.4035556861,"ROE_AVG":1.375641482225,"GROSS_PROFIT_QOQ":-11.279672898058,"ROA":0.605977934363,"HOLDER_PROFIT_QOQ":-20.466586024054,"ROE_YEARLY":2.751282964451,"ROIC_YEARLY":1.477611820493,"TOTAL_ASSETS":3871946271.34,"TOTAL_LIABILITIES":2095560141.57,"TAX_EBT":16.914493317763,"OCF_SALES":2.060158649094,"TOTAL_PARENT_EQUITY":1773161208.28,"DEBT_ASSET_RATIO":54.1216224275,"OPERATE_PROFIT":51201080.49,"PRETAX_PROFIT":32954746.65,"NETCASH_OPERATE":40189654.05,"NETCASH_INVEST":-45533736.36,"NETCASH_FINANCE":21469544.95,"END_CASH":751039830.66,"DIVI_RATIO":null,"DIVIDEND_RATE":null,"CURRENT_RATIO":2.626547602421,"COMMON_ACS":2000000000,"CURRENTDEBT_DEBT":46.166528526124,"ISSUED_COMMON_SHARES":869919000,"HK_COMMON_SHARES":869919000,"PER_SHARES":2000,"TOTAL_MARKET_CAP":114829308,"HKSK_MARKET_CAP":114829308,"PE_TTM":-1.100245364914,"PB_TTM":0.069410822302,"REPORT_DATE_SQ":"2021-06-30 00:00:00","REPORT_TYPE_SQ":"2021年中报","OPERATE_INCOME_SQ":1694350358.64,"DPS_HKD":null,"OPERATE_INCOME_QOQ_SQ":6.946816643195,"NET_PROFIT_RATIO_SQ":1.9276299021,"HOLDER_PROFIT_SQ":32882969.52,"HOLDER_PROFIT_QOQ_SQ":214.923336072989,"ROE_AVG_SQ":1.878215640486,"PE_TTM_SQ":-1.931653522031,"PB_TTM_SQ":0.123315845025,"ROA_SQ":0.826151621682,"START_DATE":"2022-01-01 00:00:00","FISCAL_YEAR":"12-31","CURRENCY":"HKD","IS_CNY_CODE":0,"DPS_HKD_LY":0.013,"ORG_TYPE":"一般企业","PREMIUM_INCOME":null,"PREMIUM_INCOME_YOY":null,"NET_INTEREST_INCOME":null,"NET_INTEREST_INCOME_YOY":null,"FEE_COMMISSION_INCOME":null,"FEE_COMMISSION_INCOME_YOY":null,"ACCOUNTS_RECE_TDAYS":2.987391752746,"INVENTORY_TDAYS":1.433702772367,"CURRENT_ASSETS_TDAYS":0.710318185654,"TOTAL_ASSETS_TDAYS":0.469329941026,"PREMIUM_EXPENSE":null,"LOAN_DEPOSIT":null,"LOAN_EQUITY":null,"LOAN_ASSETS":null,"DEPOSIT_EQUITY":null,"DEPOSIT_ASSETS":null,"EQUITY_MULTIPLIER":2.179676032396,"EQUITY_RATIO":1.181821557896},{"SECUCODE":"02307.HK","SECURITY_CODE":"02307","SECURITY_NAME_ABBR":"锦兴国际控股","ORG_CODE":"10010575","STD_REPORT_DATE":"2021-12-31 00:00:00","REPORT_DATE":"2021-12-31 00:00:00","DATE_TYPE_CODE":"001","REPORT_TYPE":"2021年年报","PER_NETCASH_OPERATE":-0.088894553171,"PER_OI":4.125445807253,"BPS":2.075828748194,"BASIC_EPS":0.0433328,"DILUTED_EPS":0.0433328,"OPERATE_INCOME":3588803691.2,"OPERATE_INCOME_YOY":14.7016759829,"GROSS_PROFIT":456991796.8,"GROSS_PROFIT_YOY":26.916744325686,"HOLDER_PROFIT":37598153.6,"HOLDER_PROFIT_YOY":223.2934741809,"GROSS_PROFIT_RATIO":12.733819849789,"EPS_TTM":0.043220292464,"OPERATE_INCOME_QOQ":4.187691839364,"NET_PROFIT_RATIO":1.1185033525,"ROE_AVG":2.142383778149,"GROSS_PROFIT_QOQ":-4.734613181626,"ROA":0.929328325558,"HOLDER_PROFIT_QOQ":4.21887503345,"ROE_YEARLY":2.142383778149,"ROIC_YEARLY":1.117817220379,"TOTAL_ASSETS":4245984848,"TOTAL_LIABILITIES":2438335838.4,"TAX_EBT":13.429256594724,"OCF_SALES":-2.15478659336,"TOTAL_PARENT_EQUITY":1805802868.8,"DEBT_ASSET_RATIO":57.4268615101,"OPERATE_PROFIT":125145944,"PRETAX_PROFIT":46367731.2,"NETCASH_OPERATE":-77331060.8,"NETCASH_INVEST":-82768100.8,"NETCASH_FINANCE":206588715.2,"END_CASH":705946091.2,"DIVI_RATIO":null,"DIVIDEND_RATE":null,"CURRENT_RATIO":2.078075724024,"COMMON_ACS":2000000000,"CURRENTDEBT_DEBT":55.692619376463,"ISSUED_COMMON_SHARES":869919000,"HK_COMMON_SHARES":869919000,"PER_SHARES":2000,"TOTAL_MARKET_CAP":114829308,"HKSK_MARKET_CAP":114829308,"PE_TTM":-1.100245364914,"PB_TTM":0.069410822302,"REPORT_DATE_SQ":"2020-12-31 00:00:00","REPORT_TYPE_SQ":"2020年年报","OPERATE_INCOME_SQ":3220812359.56,"DPS_HKD":null,"OPERATE_INCOME_QOQ_SQ":-10.12363963362,"NET_PROFIT_RATIO_SQ":-0.9300650748,"HOLDER_PROFIT_SQ":-31391488.72,"HOLDER_PROFIT_QOQ_SQ":-57.465063409985,"ROE_AVG_SQ":-1.830542996141,"PE_TTM_SQ":-1.931653522031,"PB_TTM_SQ":0.123315845025,"ROA_SQ":-0.782700427696,"START_DATE":"2021-01-01 00:00:00","FISCAL_YEAR":"12-31","CURRENCY":"HKD","IS_CNY_CODE":0,"DPS_HKD_LY":null,"ORG_TYPE":"一般企业","PREMIUM_INCOME":null,"PREMIUM_INCOME_YOY":null,"NET_INTEREST_INCOME":null,"NET_INTEREST_INCOME_YOY":null,"FEE_COMMISSION_INCOME":null,"FEE_COMMISSION_INCOME_YOY":null,"ACCOUNTS_RECE_TDAYS":5.159278783712,"INVENTORY_TDAYS":2.962497148094,"CURRENT_ASSETS_TDAYS":1.404223287344,"TOTAL_ASSETS_TDAYS":0.887058699898,"PREMIUM_EXPENSE":null,"LOAN_DEPOSIT":null,"LOAN_EQUITY":null,"LOAN_ASSETS":null,"DEPOSIT_EQUITY":null,"DEPOSIT_ASSETS":null,"EQUITY_MULTIPLIER":2.348898943021,"EQUITY_RATIO":1.350277973598},{"SECUCODE":"02307.HK","SECURITY_CODE":"02307","SECURITY_NAME_ABBR":"锦兴国际控股","ORG_CODE":"10010575","STD_REPORT_DATE":"2021-06-30 00:00:00","REPORT_DATE":"2021-06-30 00:00:00","DATE_TYPE_CODE":"002","REPORT_TYPE":"2021年中报","PER_NETCASH_OPERATE":-0.257820559845,"PER_OI":1.947710486425,"BPS":2.031450397658,"BASIC_EPS":0.0374436,"DILUTED_EPS":0.0374436,"OPERATE_INCOME":1694350358.64,"OPERATE_INCOME_YOY":26.4799545332,"GROSS_PROFIT":249480050.16,"GROSS_PROFIT_YOY":92.132028305088,"HOLDER_PROFIT":32882969.52,"HOLDER_PROFIT_YOY":204.3764196292,"GROSS_PROFIT_RATIO":14.724230374658,"EPS_TTM":0.041470695639,"OPERATE_INCOME_QOQ":6.946816643195,"NET_PROFIT_RATIO":1.9276299021,"ROE_AVG":1.878215640486,"GROSS_PROFIT_QOQ":33.224404544387,"ROA":0.826151621682,"HOLDER_PROFIT_QOQ":214.923336072989,"ROE_YEARLY":3.756431280971,"ROIC_YEARLY":1.979419675263,"TOTAL_ASSETS":4046928418.32,"TOTAL_LIABILITIES":2280662217.36,"TAX_EBT":18.484829605632,"OCF_SALES":-13.237108987307,"TOTAL_PARENT_EQUITY":1767197298.48,"DEBT_ASSET_RATIO":56.3553881268,"OPERATE_PROFIT":56529018.96,"PRETAX_PROFIT":40067148.24,"NETCASH_OPERATE":-224283003.6,"NETCASH_INVEST":-30560634.24,"NETCASH_FINANCE":234133998.72,"END_CASH":648237748.56,"DIVI_RATIO":null,"DIVIDEND_RATE":null,"CURRENT_RATIO":1.486194744466,"COMMON_ACS":2000000000,"CURRENTDEBT_DEBT":75.05736218937,"ISSUED_COMMON_SHARES":869919000,"HK_COMMON_SHARES":869919000,"PER_SHARES":2000,"TOTAL_MARKET_CAP":114829308,"HKSK_MARKET_CAP":114829308,"PE_TTM":-1.100245364914,"PB_TTM":0.069410822302,"REPORT_DATE_SQ":"2020-06-30 00:00:00","REPORT_TYPE_SQ":"2020年中报","OPERATE_INCOME_SQ":1470606429.6,"DPS_HKD":null,"OPERATE_INCOME_QOQ_SQ":-8.047605880436,"NET_PROFIT_RATIO_SQ":-2.4151456709,"HOLDER_PROFIT_SQ":-34584665.28,"HOLDER_PROFIT_QOQ_SQ":-137.035388674257,"ROE_AVG_SQ":-1.98835565739,"PE_TTM_SQ":-1.931653522031,"PB_TTM_SQ":0.123315845025,"ROA_SQ":-0.842163797322,"START_DATE":"2021-01-01 00:00:00","FISCAL_YEAR":"12-31","CURRENCY":"HKD","IS_CNY_CODE":0,"DPS_HKD_LY":null,"ORG_TYPE":"一般企业","PREMIUM_INCOME":null,"PREMIUM_INCOME_YOY":null,"NET_INTEREST_INCOME":null,"NET_INTEREST_INCOME_YOY":null,"FEE_COMMISSION_INCOME":null,"FEE_COMMISSION_INCOME_YOY":null,"ACCOUNTS_RECE_TDAYS":2.566002047728,"INVENTORY_TDAYS":1.429357180428,"CURRENT_ASSETS_TDAYS":0.695247164257,"TOTAL_ASSETS_TDAYS":0.42568853024,"PREMIUM_EXPENSE":null,"LOAN_DEPOSIT":null,"LOAN_EQUITY":null,"LOAN_ASSETS":null,"DEPOSIT_EQUITY":null,"DEPOSIT_ASSETS":null,"EQUITY_MULTIPLIER":2.291233572898,"EQUITY_RATIO":1.290553250235},{"SECUCODE":"02307.HK","SECURITY_CODE":"02307","SECURITY_NAME_ABBR":"锦兴国际控股","ORG_CODE":"10010575","STD_REPORT_DATE":"2020-12-31 00:00:00","REPORT_DATE":"2020-12-31 00:00:00","DATE_TYPE_CODE":"001","REPORT_TYPE":"2020年年报","PER_NETCASH_OPERATE":0.542912216609,"PER_OI":3.702427880711,"BPS":2.016555968636,"BASIC_EPS":-0.03619052,"DILUTED_EPS":-0.03619052,"OPERATE_INCOME":3220812359.56,"OPERATE_INCOME_YOY":-12.0403460253,"GROSS_PROFIT":360072108.08,"GROSS_PROFIT_YOY":-32.00266451216,"HOLDER_PROFIT":-31391488.72,"HOLDER_PROFIT_YOY":-162.0691950542,"GROSS_PROFIT_RATIO":11.179543167463,"EPS_TTM":-0.03608553063,"OPERATE_INCOME_QOQ":-10.12363963362,"NET_PROFIT_RATIO":-0.9300650748,"ROE_AVG":-1.830542996141,"GROSS_PROFIT_QOQ":-6.626823456221,"ROA":-0.782700427696,"HOLDER_PROFIT_QOQ":-57.465063409985,"ROE_YEARLY":-1.830542996141,"ROIC_YEARLY":-0.93766600155,"TOTAL_ASSETS":3958552743.2,"TOTAL_LIABILITIES":2205029468.8,"TAX_EBT":-22.507142119575,"OCF_SALES":14.663681079034,"TOTAL_PARENT_EQUITY":1754240351.68,"DEBT_ASSET_RATIO":55.7029200277,"OPERATE_PROFIT":27215271.04,"PRETAX_PROFIT":-24452166.92,"NETCASH_OPERATE":472289652.56,"NETCASH_INVEST":-123079750.32,"NETCASH_FINANCE":-327854970.52,"END_CASH":676633111.44,"DIVI_RATIO":null,"DIVIDEND_RATE":null,"CURRENT_RATIO":1.737480641126,"COMMON_ACS":2000000000,"CURRENTDEBT_DEBT":61.515771473938,"ISSUED_COMMON_SHARES":869919000,"HK_COMMON_SHARES":869919000,"PER_SHARES":2000,"TOTAL_MARKET_CAP":114829308,"HKSK_MARKET_CAP":114829308,"PE_TTM":-1.100245364914,"PB_TTM":0.069410822302,"REPORT_DATE_SQ":"2019-12-31 00:00:00","REPORT_TYPE_SQ":"2019年年报","OPERATE_INCOME_SQ":3897237797.92,"DPS_HKD":null,"OPERATE_INCOME_QOQ_SQ":-3.714489034331,"NET_PROFIT_RATIO_SQ":1.3848001133,"HOLDER_PROFIT_SQ":53828315.98,"HOLDER_PROFIT_QOQ_SQ":-6.742198304329,"ROE_AVG_SQ":3.056319467297,"PE_TTM_SQ":-1.931653522031,"PB_TTM_SQ":0.123315845025,"ROA_SQ":1.226871363688,"START_DATE":"2020-01-01 00:00:00","FISCAL_YEAR":"12-31","CURRENCY":"HKD","IS_CNY_CODE":0,"DPS_HKD_LY":0.015,"ORG_TYPE":"一般企业","PREMIUM_INCOME":null,"PREMIUM_INCOME_YOY":null,"NET_INTEREST_INCOME":null,"NET_INTEREST_INCOME_YOY":null,"FEE_COMMISSION_INCOME":null,"FEE_COMMISSION_INCOME_YOY":null,"ACCOUNTS_RECE_TDAYS":4.545202856705,"INVENTORY_TDAYS":3.254335514694,"CURRENT_ASSETS_TDAYS":1.364894709022,"TOTAL_ASSETS_TDAYS":0.803062012714,"PREMIUM_EXPENSE":null,"LOAN_DEPOSIT":null,"LOAN_EQUITY":null,"LOAN_ASSETS":null,"DEPOSIT_EQUITY":null,"DEPOSIT_ASSETS":null,"EQUITY_MULTIPLIER":2.257485144902,"EQUITY_RATIO":1.256971125244},{"SECUCODE":"02307.HK","SECURITY_CODE":"02307","SECURITY_NAME_ABBR":"锦兴国际控股","ORG_CODE":"10010575","STD_REPORT_DATE":"2020-06-30 00:00:00","REPORT_DATE":"2020-06-30 00:00:00","DATE_TYPE_CODE":"002","REPORT_TYPE":"2020年中报","PER_NETCASH_OPERATE":0.149208041852,"PER_OI":1.690509610205,"BPS":1.908542839506,"BASIC_EPS":-0.04019136,"DILUTED_EPS":-0.04019136,"OPERATE_INCOME":1470606429.6,"OPERATE_INCOME_YOY":-20.6260815548,"GROSS_PROFIT":129848236.32,"GROSS_PROFIT_YOY":-52.568564141521,"HOLDER_PROFIT":-34584665.28,"HOLDER_PROFIT_YOY":-185.0086441097,"GROSS_PROFIT_RATIO":8.82957082918,"EPS_TTM":-0.022916531355,"OPERATE_INCOME_QOQ":-8.047605880436,"NET_PROFIT_RATIO":-2.4151456709,"ROE_AVG":-1.98835565739,"GROSS_PROFIT_QOQ":-27.176799585523,"ROA":-0.842163797322,"HOLDER_PROFIT_QOQ":-137.035388674257,"ROE_YEARLY":-3.976711314779,"ROIC_YEARLY":-1.992092819466,"TOTAL_ASSETS":3803916747.84,"TOTAL_LIABILITIES":2145444026.88,"TAX_EBT":-1.77463682764,"OCF_SALES":8.826216718997,"TOTAL_PARENT_EQUITY":1660277678.4,"DEBT_ASSET_RATIO":56.4009196074,"OPERATE_PROFIT":221965.92,"PRETAX_PROFIT":-34897975.2,"NETCASH_OPERATE":129798910.56,"NETCASH_INVEST":-35625986.88,"NETCASH_FINANCE":-234696533.28,"END_CASH":565526232.48,"DIVI_RATIO":null,"DIVIDEND_RATE":null,"CURRENT_RATIO":2.287407901699,"COMMON_ACS":2000000000,"CURRENTDEBT_DEBT":43.131331021751,"ISSUED_COMMON_SHARES":869919000,"HK_COMMON_SHARES":869919000,"PER_SHARES":2000,"TOTAL_MARKET_CAP":114829308,"HKSK_MARKET_CAP":114829308,"PE_TTM":-1.100245364914,"PB_TTM":0.069410822302,"REPORT_DATE_SQ":"2019-06-30 00:00:00","REPORT_TYPE_SQ":"2019年中报","OPERATE_INCOME_SQ":1784240767.8,"DPS_HKD":null,"OPERATE_INCOME_QOQ_SQ":-0.676892219565,"NET_PROFIT_RATIO_SQ":2.195106319,"HOLDER_PROFIT_SQ":39179176.74,"HOLDER_PROFIT_QOQ_SQ":-9.544305255353,"ROE_AVG_SQ":2.27651077789,"PE_TTM_SQ":-1.931653522031,"PB_TTM_SQ":0.123315845025,"ROA_SQ":0.927920867865,"START_DATE":"2020-01-01 00:00:00","FISCAL_YEAR":"12-31","CURRENCY":"HKD","IS_CNY_CODE":0,"DPS_HKD_LY":0.015,"ORG_TYPE":"一般企业","PREMIUM_INCOME":null,"PREMIUM_INCOME_YOY":null,"NET_INTEREST_INCOME":null,"NET_INTEREST_INCOME_YOY":null,"FEE_COMMISSION_INCOME":null,"FEE_COMMISSION_INCOME_YOY":null,"ACCOUNTS_RECE_TDAYS":2.103174032943,"INVENTORY_TDAYS":1.467076994426,"CURRENT_ASSETS_TDAYS":0.628337015299,"TOTAL_ASSETS_TDAYS":0.358104230615,"PREMIUM_EXPENSE":null,"LOAN_DEPOSIT":null,"LOAN_EQUITY":null,"LOAN_ASSETS":null,"DEPOSIT_EQUITY":null,"DEPOSIT_ASSETS":null,"EQUITY_MULTIPLIER":2.293626358619,"EQUITY_RATIO":1.292220003191}],"count":43},"success":true,"message":"ok","code":0}