{"version":"012e8edf826b96bef795c316de7eaf55","result":{"pages":6,"data":[{"SECUCODE":"02314.HK","SECURITY_CODE":"02314","SECURITY_NAME_ABBR":"理文造纸","ORG_CODE":"10010578","STD_REPORT_DATE":"2024-06-30 00:00:00","REPORT_DATE":"2024-06-30 00:00:00","DATE_TYPE_CODE":"002","REPORT_TYPE":"2024年中报","PER_NETCASH_OPERATE":0.034232618692,"PER_OI":2.657362487972,"BPS":5.800273285923,"BASIC_EPS":0.161453092,"DILUTED_EPS":null,"OPERATE_INCOME":11413371885.84,"OPERATE_INCOME_YOY":2.443135152,"GROSS_PROFIT":1486110455.24,"GROSS_PROFIT_YOY":64.536140696128,"HOLDER_PROFIT":693830288.16,"HOLDER_PROFIT_YOY":146.8781866009,"GROSS_PROFIT_RATIO":13.02078360457,"EPS_TTM":0.317182695595,"OPERATE_INCOME_QOQ":0.702117842948,"NET_PROFIT_RATIO":6.4414412469,"ROE_AVG":2.712468917888,"GROSS_PROFIT_QOQ":25.706421495122,"ROA":1.395578774529,"HOLDER_PROFIT_QOQ":43.042406598085,"ROE_YEARLY":5.424937835775,"ROIC_YEARLY":2.877859805561,"TOTAL_ASSETS":50059079695.28,"TOTAL_LIABILITIES":25138439912.56,"TAX_EBT":11.255018266269,"OCF_SALES":1.288217879437,"TOTAL_PARENT_EQUITY":24912173763.04,"DEBT_ASSET_RATIO":50.2175430823,"OPERATE_PROFIT":990506961.64,"PRETAX_PROFIT":828425033.12,"NETCASH_OPERATE":147029097.28,"NETCASH_INVEST":-1257807203.96,"NETCASH_FINANCE":1326455342.84,"END_CASH":1593877884.28,"DIVI_RATIO":0.352685003166,"DIVIDEND_RATE":5.25641025641,"CURRENT_RATIO":1.111488533931,"COMMON_ACS":8000000000,"CURRENTDEBT_DEBT":43.150895407715,"ISSUED_COMMON_SHARES":4295000000,"HK_COMMON_SHARES":4295000000,"PER_SHARES":1000,"TOTAL_MARKET_CAP":10050300000,"HKSK_MARKET_CAP":10050300000,"PE_TTM":6.685878847509,"PB_TTM":0.368201823384,"REPORT_DATE_SQ":"2023-06-30 00:00:00","REPORT_TYPE_SQ":"2023年中报","OPERATE_INCOME_SQ":11254703901.96,"DPS_HKD":0.123,"OPERATE_INCOME_QOQ_SQ":-6.943834683937,"NET_PROFIT_RATIO_SQ":2.9541491502,"HOLDER_PROFIT_SQ":283905301.4,"HOLDER_PROFIT_QOQ_SQ":-37.598073864371,"ROE_AVG_SQ":1.064644727937,"PE_TTM_SQ":13.687249259039,"PB_TTM_SQ":0.347595146872,"ROA_SQ":0.595162843129,"START_DATE":"2024-01-01 00:00:00","FISCAL_YEAR":"12-31","CURRENCY":"HKD","IS_CNY_CODE":0,"DPS_HKD_LY":0.123,"ORG_TYPE":"一般企业","PREMIUM_INCOME":null,"PREMIUM_INCOME_YOY":null,"NET_INTEREST_INCOME":null,"NET_INTEREST_INCOME_YOY":null,"FEE_COMMISSION_INCOME":null,"FEE_COMMISSION_INCOME_YOY":null,"ACCOUNTS_RECE_TDAYS":1.84781835513,"INVENTORY_TDAYS":2.278438150411,"CURRENT_ASSETS_TDAYS":0.949115898339,"TOTAL_ASSETS_TDAYS":0.229569965761,"PREMIUM_EXPENSE":null,"LOAN_DEPOSIT":null,"LOAN_EQUITY":null,"LOAN_ASSETS":null,"DEPOSIT_EQUITY":null,"DEPOSIT_ASSETS":null,"EQUITY_MULTIPLIER":2.00873974873,"EQUITY_RATIO":1.00908255344},{"SECUCODE":"02314.HK","SECURITY_CODE":"02314","SECURITY_NAME_ABBR":"理文造纸","ORG_CODE":"10010578","STD_REPORT_DATE":"2023-12-31 00:00:00","REPORT_DATE":"2023-12-31 00:00:00","DATE_TYPE_CODE":"001","REPORT_TYPE":"2023年年报","PER_NETCASH_OPERATE":0.031836260479,"PER_OI":5.244718111427,"BPS":5.721408470817,"BASIC_EPS":0.221027058,"DILUTED_EPS":null,"OPERATE_INCOME":22598483356.26,"OPERATE_INCOME_YOY":-14.5123779919,"GROSS_PROFIT":2267520122.28,"GROSS_PROFIT_YOY":-5.721354525771,"HOLDER_PROFIT":952374690.82,"HOLDER_PROFIT_YOY":-11.331498537,"GROSS_PROFIT_RATIO":10.033948236849,"EPS_TTM":0.221029735096,"OPERATE_INCOME_QOQ":-6.801487991053,"NET_PROFIT_RATIO":4.6274979315,"ROE_AVG":3.664588366916,"GROSS_PROFIT_QOQ":19.858094954901,"ROA":2.012834221608,"HOLDER_PROFIT_QOQ":44.15252955331,"ROE_YEARLY":3.664588366916,"ROIC_YEARLY":2.079204842456,"TOTAL_ASSETS":49024074236.62,"TOTAL_LIABILITIES":22954877932.98,"TAX_EBT":18.295348420621,"OCF_SALES":0.607015664182,"TOTAL_PARENT_EQUITY":26060632524.64,"DEBT_ASSET_RATIO":46.8236846701,"OPERATE_PROFIT":1530388087.2,"PRETAX_PROFIT":1279907972.98,"NETCASH_OPERATE":137176333.84,"NETCASH_INVEST":-3323149519.9,"NETCASH_FINANCE":2932850534.32,"END_CASH":1374870766.78,"DIVI_RATIO":0.506110998827,"DIVIDEND_RATE":5.125,"CURRENT_RATIO":1.149100835899,"COMMON_ACS":8000000000,"CURRENTDEBT_DEBT":45.147666481948,"ISSUED_COMMON_SHARES":4295000000,"HK_COMMON_SHARES":4295000000,"PER_SHARES":1000,"TOTAL_MARKET_CAP":10308000000,"HKSK_MARKET_CAP":10308000000,"PE_TTM":6.85731163847,"PB_TTM":0.377642895778,"REPORT_DATE_SQ":"2022-12-31 00:00:00","REPORT_TYPE_SQ":"2022年年报","OPERATE_INCOME_SQ":26057044994.54,"DPS_HKD":0.123,"OPERATE_INCOME_QOQ_SQ":-3.543256129646,"NET_PROFIT_RATIO_SQ":4.5155017061,"HOLDER_PROFIT_SQ":1058735761.72,"HOLDER_PROFIT_QOQ_SQ":-34.819787462745,"ROE_AVG_SQ":3.823742626707,"PE_TTM_SQ":12.698547759293,"PB_TTM_SQ":0.322486533993,"ROA_SQ":2.306365913648,"START_DATE":"2023-01-01 00:00:00","FISCAL_YEAR":"12-31","CURRENCY":"HKD","IS_CNY_CODE":0,"DPS_HKD_LY":0.058,"ORG_TYPE":"一般企业","PREMIUM_INCOME":null,"PREMIUM_INCOME_YOY":null,"NET_INTEREST_INCOME":null,"NET_INTEREST_INCOME_YOY":null,"FEE_COMMISSION_INCOME":null,"FEE_COMMISSION_INCOME_YOY":null,"ACCOUNTS_RECE_TDAYS":3.914482107123,"INVENTORY_TDAYS":4.52716263194,"CURRENT_ASSETS_TDAYS":1.913667903713,"TOTAL_ASSETS_TDAYS":0.477616647044,"PREMIUM_EXPENSE":null,"LOAN_DEPOSIT":null,"LOAN_EQUITY":null,"LOAN_ASSETS":null,"DEPOSIT_EQUITY":null,"DEPOSIT_ASSETS":null,"EQUITY_MULTIPLIER":1.880536464018,"EQUITY_RATIO":0.88082581692},{"SECUCODE":"02314.HK","SECURITY_CODE":"02314","SECURITY_NAME_ABBR":"理文造纸","ORG_CODE":"10010578","STD_REPORT_DATE":"2023-06-30 00:00:00","REPORT_DATE":"2023-06-30 00:00:00","DATE_TYPE_CODE":"002","REPORT_TYPE":"2023年中报","PER_NETCASH_OPERATE":0.36361812182,"PER_OI":2.611563789375,"BPS":5.880767965178,"BASIC_EPS":0.06592157,"DILUTED_EPS":null,"OPERATE_INCOME":11254703901.96,"OPERATE_INCOME_YOY":-20.0907685872,"GROSS_PROFIT":903212175.12,"GROSS_PROFIT_YOY":-36.236380778428,"HOLDER_PROFIT":283905301.4,"HOLDER_PROFIT_YOY":-61.3855699682,"GROSS_PROFIT_RATIO":8.025197135241,"EPS_TTM":0.15330352553,"OPERATE_INCOME_QOQ":-6.943834683937,"NET_PROFIT_RATIO":2.9541491502,"ROE_AVG":1.064644727937,"GROSS_PROFIT_QOQ":-21.341445056587,"ROA":0.595162843129,"HOLDER_PROFIT_QOQ":-37.598073864371,"ROE_YEARLY":2.129289455873,"ROIC_YEARLY":1.238763759388,"TOTAL_ASSETS":49004967556.46,"TOTAL_LIABILITIES":22030620823.98,"TAX_EBT":17.692760662263,"OCF_SALES":13.923386566279,"TOTAL_PARENT_EQUITY":26966089479.6,"DEBT_ASSET_RATIO":44.955893091,"OPERATE_PROFIT":497030198.2,"PRETAX_PROFIT":403950785.32,"NETCASH_OPERATE":1567035931.16,"NETCASH_INVEST":-2446957969.5,"NETCASH_FINANCE":1253363583.48,"END_CASH":2056489297.72,"DIVI_RATIO":0.729699983176,"DIVIDEND_RATE":5.125,"CURRENT_RATIO":1.05875871291,"COMMON_ACS":8000000000,"CURRENTDEBT_DEBT":52.090205353854,"ISSUED_COMMON_SHARES":4295000000,"HK_COMMON_SHARES":4295000000,"PER_SHARES":1000,"TOTAL_MARKET_CAP":10308000000,"HKSK_MARKET_CAP":10308000000,"PE_TTM":6.85731163847,"PB_TTM":0.377642895778,"REPORT_DATE_SQ":"2022-06-30 00:00:00","REPORT_TYPE_SQ":"2022年中报","OPERATE_INCOME_SQ":13064062029.9,"DPS_HKD":0.123,"OPERATE_INCOME_QOQ_SQ":1.628562909893,"NET_PROFIT_RATIO_SQ":5.6466558132,"HOLDER_PROFIT_SQ":681969555.12,"HOLDER_PROFIT_QOQ_SQ":-36.381786046091,"ROE_AVG_SQ":2.4255988388,"PE_TTM_SQ":12.698547759293,"PB_TTM_SQ":0.322486533993,"ROA_SQ":1.52119523191,"START_DATE":"2023-01-01 00:00:00","FISCAL_YEAR":"12-31","CURRENCY":"HKD","IS_CNY_CODE":0,"DPS_HKD_LY":0.058,"ORG_TYPE":"一般企业","PREMIUM_INCOME":null,"PREMIUM_INCOME_YOY":null,"NET_INTEREST_INCOME":null,"NET_INTEREST_INCOME_YOY":null,"FEE_COMMISSION_INCOME":null,"FEE_COMMISSION_INCOME_YOY":null,"ACCOUNTS_RECE_TDAYS":2.023710554283,"INVENTORY_TDAYS":2.273300199349,"CURRENT_ASSETS_TDAYS":0.935440436115,"TOTAL_ASSETS_TDAYS":0.235937178342,"PREMIUM_EXPENSE":null,"LOAN_DEPOSIT":null,"LOAN_EQUITY":null,"LOAN_ASSETS":null,"DEPOSIT_EQUITY":null,"DEPOSIT_ASSETS":null,"EQUITY_MULTIPLIER":1.816724906906,"EQUITY_RATIO":0.81697499523},{"SECUCODE":"02314.HK","SECURITY_CODE":"02314","SECURITY_NAME_ABBR":"理文造纸","ORG_CODE":"10010578","STD_REPORT_DATE":"2022-12-31 00:00:00","REPORT_DATE":"2022-12-31 00:00:00","DATE_TYPE_CODE":"001","REPORT_TYPE":"2022年年报","PER_NETCASH_OPERATE":0.768478570568,"PER_OI":6.046328340457,"BPS":5.56174297942,"BASIC_EPS":0.245291942,"DILUTED_EPS":null,"OPERATE_INCOME":26057044994.54,"OPERATE_INCOME_YOY":-10.2764361209,"GROSS_PROFIT":2405125901.92,"GROSS_PROFIT_YOY":-48.417969390667,"HOLDER_PROFIT":1058735761.72,"HOLDER_PROFIT_YOY":-62.0461900361,"GROSS_PROFIT_RATIO":9.23023275442,"EPS_TTM":0.245671143542,"OPERATE_INCOME_QOQ":-3.543256129646,"NET_PROFIT_RATIO":4.5155017061,"ROE_AVG":3.823742626707,"GROSS_PROFIT_QOQ":-27.158777187751,"ROA":2.306365913648,"HOLDER_PROFIT_QOQ":-34.819787462745,"ROE_YEARLY":3.823742626707,"ROIC_YEARLY":2.393062292667,"TOTAL_ASSETS":44954424639.95,"TOTAL_LIABILITIES":19400744436.57,"TAX_EBT":9.702403681033,"OCF_SALES":12.709838554848,"TOTAL_PARENT_EQUITY":25546188347.89,"DEBT_ASSET_RATIO":43.1564736774,"OPERATE_PROFIT":1413565830.74,"PRETAX_PROFIT":1303031707.67,"NETCASH_OPERATE":3311808350.97,"NETCASH_INVEST":-4193506931.39,"NETCASH_FINANCE":942540093.39,"END_CASH":1606382626.59,"DIVI_RATIO":0.455346844513,"DIVIDEND_RATE":5.125,"CURRENT_RATIO":1.051078587216,"COMMON_ACS":8000000000,"CURRENTDEBT_DEBT":56.60065976969,"ISSUED_COMMON_SHARES":4295000000,"HK_COMMON_SHARES":4295000000,"PER_SHARES":1000,"TOTAL_MARKET_CAP":10308000000,"HKSK_MARKET_CAP":10308000000,"PE_TTM":6.85731163847,"PB_TTM":0.377642895778,"REPORT_DATE_SQ":"2021-12-31 00:00:00","REPORT_TYPE_SQ":"2021年年报","OPERATE_INCOME_SQ":26581334539.2,"DPS_HKD":0.123,"OPERATE_INCOME_QOQ_SQ":9.432695353602,"NET_PROFIT_RATIO_SQ":10.0019017935,"HOLDER_PROFIT_SQ":2553232348.8,"HOLDER_PROFIT_QOQ_SQ":-23.925041200428,"ROE_AVG_SQ":9.737889380257,"PE_TTM_SQ":12.698547759293,"PB_TTM_SQ":0.322486533993,"ROA_SQ":6.292597762028,"START_DATE":"2022-01-01 00:00:00","FISCAL_YEAR":"12-31","CURRENCY":"HKD","IS_CNY_CODE":0,"DPS_HKD_LY":0.175,"ORG_TYPE":"一般企业","PREMIUM_INCOME":null,"PREMIUM_INCOME_YOY":null,"NET_INTEREST_INCOME":null,"NET_INTEREST_INCOME_YOY":null,"FEE_COMMISSION_INCOME":null,"FEE_COMMISSION_INCOME_YOY":null,"ACCOUNTS_RECE_TDAYS":4.39996503607,"INVENTORY_TDAYS":4.951221747007,"CURRENT_ASSETS_TDAYS":2.089301997243,"TOTAL_ASSETS_TDAYS":0.567630588846,"PREMIUM_EXPENSE":null,"LOAN_DEPOSIT":null,"LOAN_EQUITY":null,"LOAN_ASSETS":null,"DEPOSIT_EQUITY":null,"DEPOSIT_ASSETS":null,"EQUITY_MULTIPLIER":1.759215278667,"EQUITY_RATIO":0.759437931498},{"SECUCODE":"02314.HK","SECURITY_CODE":"02314","SECURITY_NAME_ABBR":"理文造纸","ORG_CODE":"10010578","STD_REPORT_DATE":"2022-06-30 00:00:00","REPORT_DATE":"2022-06-30 00:00:00","DATE_TYPE_CODE":"002","REPORT_TYPE":"2022年中报","PER_NETCASH_OPERATE":0.168067876361,"PER_OI":3.026510341702,"BPS":5.980328736531,"BASIC_EPS":0.157868074,"DILUTED_EPS":null,"OPERATE_INCOME":13064062029.9,"OPERATE_INCOME_YOY":0.6322498475,"GROSS_PROFIT":1416500798.02,"GROSS_PROFIT_YOY":-48.998054157461,"HOLDER_PROFIT":681969555.12,"HOLDER_PROFIT_YOY":-58.8088445631,"GROSS_PROFIT_RATIO":10.842728661101,"EPS_TTM":0.376301317605,"OPERATE_INCOME_QOQ":1.628562909893,"NET_PROFIT_RATIO":5.6466558132,"ROE_AVG":2.4255988388,"GROSS_PROFIT_QOQ":-29.185660786766,"ROA":1.52119523191,"HOLDER_PROFIT_QOQ":-36.381786046091,"ROE_YEARLY":4.8511976776,"ROIC_YEARLY":3.155446354824,"TOTAL_ASSETS":44804329415.58,"TOTAL_LIABILITIES":17125408940.92,"TAX_EBT":9.17480844576,"OCF_SALES":5.55319022192,"TOTAL_PARENT_EQUITY":27671959228.06,"DEBT_ASSET_RATIO":38.2226654529,"OPERATE_PROFIT":844905485.06,"PRETAX_PROFIT":812200453.89,"NETCASH_OPERATE":725472215.23,"NETCASH_INVEST":-1667214284.75,"NETCASH_FINANCE":914677016.4,"END_CASH":1566292457.66,"DIVI_RATIO":0.297276609904,"DIVIDEND_RATE":5.125,"CURRENT_RATIO":1.15829295681,"COMMON_ACS":8000000000,"CURRENTDEBT_DEBT":63.499419832983,"ISSUED_COMMON_SHARES":4295000000,"HK_COMMON_SHARES":4295000000,"PER_SHARES":1000,"TOTAL_MARKET_CAP":10308000000,"HKSK_MARKET_CAP":10308000000,"PE_TTM":6.85731163847,"PB_TTM":0.377642895778,"REPORT_DATE_SQ":"2021-06-30 00:00:00","REPORT_TYPE_SQ":"2021年中报","OPERATE_INCOME_SQ":12631168274.64,"DPS_HKD":0.123,"OPERATE_INCOME_QOQ_SQ":11.568356609624,"NET_PROFIT_RATIO_SQ":13.1762338562,"HOLDER_PROFIT_SQ":1610881085.52,"HOLDER_PROFIT_QOQ_SQ":13.163965803964,"ROE_AVG_SQ":6.124056066505,"PE_TTM_SQ":12.698547759293,"PB_TTM_SQ":0.322486533993,"ROA_SQ":3.951241229038,"START_DATE":"2022-01-01 00:00:00","FISCAL_YEAR":"12-31","CURRENCY":"HKD","IS_CNY_CODE":0,"DPS_HKD_LY":0.175,"ORG_TYPE":"一般企业","PREMIUM_INCOME":null,"PREMIUM_INCOME_YOY":null,"NET_INTEREST_INCOME":null,"NET_INTEREST_INCOME_YOY":null,"FEE_COMMISSION_INCOME":null,"FEE_COMMISSION_INCOME_YOY":null,"ACCOUNTS_RECE_TDAYS":null,"INVENTORY_TDAYS":2.324819173787,"CURRENT_ASSETS_TDAYS":1.027612156412,"TOTAL_ASSETS_TDAYS":0.291405807196,"PREMIUM_EXPENSE":null,"LOAN_DEPOSIT":null,"LOAN_EQUITY":null,"LOAN_ASSETS":null,"DEPOSIT_EQUITY":null,"DEPOSIT_ASSETS":null,"EQUITY_MULTIPLIER":1.618716649611,"EQUITY_RATIO":0.618872295951},{"SECUCODE":"02314.HK","SECURITY_CODE":"02314","SECURITY_NAME_ABBR":"理文造纸","ORG_CODE":"10010578","STD_REPORT_DATE":"2021-12-31 00:00:00","REPORT_DATE":"2021-12-31 00:00:00","DATE_TYPE_CODE":"001","REPORT_TYPE":"2021年年报","PER_NETCASH_OPERATE":0.526947121184,"PER_OI":6.136525183354,"BPS":5.914928056624,"BASIC_EPS":0.58760912,"DILUTED_EPS":null,"OPERATE_INCOME":26581334539.2,"OPERATE_INCOME_YOY":25.6821545227,"GROSS_PROFIT":4662720473.6,"GROSS_PROFIT_YOY":-3.616889477705,"HOLDER_PROFIT":2553232348.8,"HOLDER_PROFIT_YOY":-11.3792605361,"GROSS_PROFIT_RATIO":17.541333249178,"EPS_TTM":0.589435213806,"OPERATE_INCOME_QOQ":9.432695353602,"NET_PROFIT_RATIO":10.0019017935,"ROE_AVG":9.737889380257,"GROSS_PROFIT_QOQ":-17.281529203608,"ROA":6.292597762028,"HOLDER_PROFIT_QOQ":-23.925041200428,"ROE_YEARLY":9.737889380257,"ROIC_YEARLY":6.496096019235,"TOTAL_ASSETS":42886262036.8,"TOTAL_LIABILITIES":15575970872,"TAX_EBT":14.298432668307,"OCF_SALES":8.587060354829,"TOTAL_PARENT_EQUITY":27303748729.6,"DEBT_ASSET_RATIO":36.3192550067,"OPERATE_PROFIT":3164804507.2,"PRETAX_PROFIT":3102205780.8,"NETCASH_OPERATE":2282555240,"NETCASH_INVEST":-2867086913.6,"NETCASH_FINANCE":1172741729.6,"END_CASH":1560645508.8,"DIVI_RATIO":0.189784351833,"DIVIDEND_RATE":5.125,"CURRENT_RATIO":1.23069279641,"COMMON_ACS":8000000000,"CURRENTDEBT_DEBT":63.989025158727,"ISSUED_COMMON_SHARES":4295000000,"HK_COMMON_SHARES":4295000000,"PER_SHARES":1000,"TOTAL_MARKET_CAP":10308000000,"HKSK_MARKET_CAP":10308000000,"PE_TTM":6.85731163847,"PB_TTM":0.377642895778,"REPORT_DATE_SQ":"2020-12-31 00:00:00","REPORT_TYPE_SQ":"2020年年报","OPERATE_INCOME_SQ":21771514904.24,"DPS_HKD":0.123,"OPERATE_INCOME_QOQ_SQ":-5.501457743335,"NET_PROFIT_RATIO_SQ":14.1198268159,"HOLDER_PROFIT_SQ":2965790389.72,"HOLDER_PROFIT_QOQ_SQ":12.299931302408,"ROE_AVG_SQ":12.402327862115,"PE_TTM_SQ":12.698547759293,"PB_TTM_SQ":0.322486533993,"ROA_SQ":7.804883785888,"START_DATE":"2021-01-01 00:00:00","FISCAL_YEAR":"12-31","CURRENCY":"HKD","IS_CNY_CODE":0,"DPS_HKD_LY":0.33,"ORG_TYPE":"一般企业","PREMIUM_INCOME":null,"PREMIUM_INCOME_YOY":null,"NET_INTEREST_INCOME":null,"NET_INTEREST_INCOME_YOY":null,"FEE_COMMISSION_INCOME":null,"FEE_COMMISSION_INCOME_YOY":null,"ACCOUNTS_RECE_TDAYS":4.785578974987,"INVENTORY_TDAYS":5.332124238971,"CURRENT_ASSETS_TDAYS":2.40778359331,"TOTAL_ASSETS_TDAYS":0.655113297118,"PREMIUM_EXPENSE":null,"LOAN_DEPOSIT":null,"LOAN_EQUITY":null,"LOAN_ASSETS":null,"DEPOSIT_EQUITY":null,"DEPOSIT_ASSETS":null,"EQUITY_MULTIPLIER":1.57033338744,"EQUITY_RATIO":0.570470048866},{"SECUCODE":"02314.HK","SECURITY_CODE":"02314","SECURITY_NAME_ABBR":"理文造纸","ORG_CODE":"10010578","STD_REPORT_DATE":"2021-06-30 00:00:00","REPORT_DATE":"2021-06-30 00:00:00","DATE_TYPE_CODE":"002","REPORT_TYPE":"2021年中报","PER_NETCASH_OPERATE":0.06766475949,"PER_OI":2.905960112344,"BPS":5.842840187343,"BASIC_EPS":0.370608432,"DILUTED_EPS":null,"OPERATE_INCOME":12631168274.64,"OPERATE_INCOME_YOY":37.1188855784,"GROSS_PROFIT":2777346578.88,"GROSS_PROFIT_YOY":40.398667362555,"HOLDER_PROFIT":1610881085.52,"HOLDER_PROFIT_YOY":44.8948447744,"GROSS_PROFIT_RATIO":21.988041949027,"EPS_TTM":0.772137669134,"OPERATE_INCOME_QOQ":11.568356609624,"NET_PROFIT_RATIO":13.1762338562,"ROE_AVG":6.124056066505,"GROSS_PROFIT_QOQ":16.519453991767,"ROA":3.951241229038,"HOLDER_PROFIT_QOQ":13.163965803964,"ROE_YEARLY":12.248112133009,"ROIC_YEARLY":8.132564264407,"TOTAL_ASSETS":42596224613.04,"TOTAL_LIABILITIES":15562052751.36,"TAX_EBT":14.24996591748,"OCF_SALES":2.328482046356,"TOTAL_PARENT_EQUITY":27027765677.76,"DEBT_ASSET_RATIO":36.5338780437,"OPERATE_PROFIT":1968167084.64,"PRETAX_PROFIT":1940888173.92,"NETCASH_OPERATE":294114485.52,"NETCASH_INVEST":-1483623602.4,"NETCASH_FINANCE":1511765380.08,"END_CASH":1308205328.88,"DIVI_RATIO":0.14487776529,"DIVIDEND_RATE":5.125,"CURRENT_RATIO":1.156355542152,"COMMON_ACS":8000000000,"CURRENTDEBT_DEBT":67.727189899667,"ISSUED_COMMON_SHARES":4295000000,"HK_COMMON_SHARES":4295000000,"PER_SHARES":1000,"TOTAL_MARKET_CAP":10308000000,"HKSK_MARKET_CAP":10308000000,"PE_TTM":6.85731163847,"PB_TTM":0.377642895778,"REPORT_DATE_SQ":"2020-06-30 00:00:00","REPORT_TYPE_SQ":"2020年中报","OPERATE_INCOME_SQ":10112561791.2,"DPS_HKD":0.123,"OPERATE_INCOME_QOQ_SQ":-5.248744838673,"NET_PROFIT_RATIO_SQ":12.653701995,"HOLDER_PROFIT_SQ":1220465452.8,"HOLDER_PROFIT_QOQ_SQ":-8.882015787741,"ROE_AVG_SQ":5.175239123184,"PE_TTM_SQ":12.698547759293,"PB_TTM_SQ":0.322486533993,"ROA_SQ":3.091437431872,"START_DATE":"2021-01-01 00:00:00","FISCAL_YEAR":"12-31","CURRENCY":"HKD","IS_CNY_CODE":0,"DPS_HKD_LY":0.33,"ORG_TYPE":"一般企业","PREMIUM_INCOME":null,"PREMIUM_INCOME_YOY":null,"NET_INTEREST_INCOME":null,"NET_INTEREST_INCOME_YOY":null,"FEE_COMMISSION_INCOME":null,"FEE_COMMISSION_INCOME_YOY":null,"ACCOUNTS_RECE_TDAYS":2.217405533657,"INVENTORY_TDAYS":2.368955086181,"CURRENT_ASSETS_TDAYS":1.139237145345,"TOTAL_ASSETS_TDAYS":0.309822949107,"PREMIUM_EXPENSE":null,"LOAN_DEPOSIT":null,"LOAN_EQUITY":null,"LOAN_ASSETS":null,"DEPOSIT_EQUITY":null,"DEPOSIT_ASSETS":null,"EQUITY_MULTIPLIER":1.575643775255,"EQUITY_RATIO":0.575780215683},{"SECUCODE":"02314.HK","SECURITY_CODE":"02314","SECURITY_NAME_ABBR":"理文造纸","ORG_CODE":"10010578","STD_REPORT_DATE":"2020-12-31 00:00:00","REPORT_DATE":"2020-12-31 00:00:00","DATE_TYPE_CODE":"001","REPORT_TYPE":"2020年年报","PER_NETCASH_OPERATE":0.759527935128,"PER_OI":5.008812527979,"BPS":5.569143049611,"BASIC_EPS":0.681644236,"DILUTED_EPS":null,"OPERATE_INCOME":21771514904.24,"OPERATE_INCOME_YOY":-4.7017172355,"GROSS_PROFIT":4837694538.32,"GROSS_PROFIT_YOY":6.037750376243,"HOLDER_PROFIT":2965790389.72,"HOLDER_PROFIT_YOY":8.9077004146,"GROSS_PROFIT_RATIO":22.220293624941,"EPS_TTM":0.682317612014,"OPERATE_INCOME_QOQ":-5.501457743335,"NET_PROFIT_RATIO":14.1198268159,"ROE_AVG":12.402327862115,"GROSS_PROFIT_QOQ":7.875131592643,"ROA":7.804883785888,"HOLDER_PROFIT_QOQ":12.299931302408,"ROE_YEARLY":12.402327862115,"ROIC_YEARLY":8.177283120638,"TOTAL_ASSETS":39389165245.24,"TOTAL_LIABILITIES":13508385964.64,"TAX_EBT":15.479910548998,"OCF_SALES":15.163832363163,"TOTAL_PARENT_EQUITY":25874442573.04,"DEBT_ASSET_RATIO":34.2946743871,"OPERATE_PROFIT":3788020488.04,"PRETAX_PROFIT":3637123694.08,"NETCASH_OPERATE":2847045085.4,"NETCASH_INVEST":-2794956827.44,"NETCASH_FINANCE":-1509681650.32,"END_CASH":997276910.44,"DIVI_RATIO":0.16394942477,"DIVIDEND_RATE":5.125,"CURRENT_RATIO":1.398124490813,"COMMON_ACS":8000000000,"CURRENTDEBT_DEBT":53.487360433683,"ISSUED_COMMON_SHARES":4295000000,"HK_COMMON_SHARES":4295000000,"PER_SHARES":1000,"TOTAL_MARKET_CAP":10308000000,"HKSK_MARKET_CAP":10308000000,"PE_TTM":6.85731163847,"PB_TTM":0.377642895778,"REPORT_DATE_SQ":"2019-12-31 00:00:00","REPORT_TYPE_SQ":"2019年年报","OPERATE_INCOME_SQ":24315240433.8,"DPS_HKD":0.123,"OPERATE_INCOME_QOQ_SQ":-5.785988079437,"NET_PROFIT_RATIO_SQ":12.1582650591,"HOLDER_PROFIT_SQ":2898390246.9,"HOLDER_PROFIT_QOQ_SQ":-10.576052695404,"ROE_AVG_SQ":13.146080124983,"PE_TTM_SQ":12.698547759293,"PB_TTM_SQ":0.322486533993,"ROA_SQ":7.500744573394,"START_DATE":"2020-01-01 00:00:00","FISCAL_YEAR":"12-31","CURRENCY":"HKD","IS_CNY_CODE":0,"DPS_HKD_LY":0.25,"ORG_TYPE":"一般企业","PREMIUM_INCOME":null,"PREMIUM_INCOME_YOY":null,"NET_INTEREST_INCOME":null,"NET_INTEREST_INCOME_YOY":null,"FEE_COMMISSION_INCOME":null,"FEE_COMMISSION_INCOME_YOY":null,"ACCOUNTS_RECE_TDAYS":4.245517545402,"INVENTORY_TDAYS":5.080084568646,"CURRENT_ASSETS_TDAYS":2.112245742004,"TOTAL_ASSETS_TDAYS":0.572947246236,"PREMIUM_EXPENSE":null,"LOAN_DEPOSIT":null,"LOAN_EQUITY":null,"LOAN_ASSETS":null,"DEPOSIT_EQUITY":null,"DEPOSIT_ASSETS":null,"EQUITY_MULTIPLIER":1.5219466469,"EQUITY_RATIO":0.522074472774},{"SECUCODE":"02314.HK","SECURITY_CODE":"02314","SECURITY_NAME_ABBR":"理文造纸","ORG_CODE":"10010578","STD_REPORT_DATE":"2020-06-30 00:00:00","REPORT_DATE":"2020-06-30 00:00:00","DATE_TYPE_CODE":"002","REPORT_TYPE":"2020年中报","PER_NETCASH_OPERATE":0.239530544968,"PER_OI":2.3265228172,"BPS":4.94044221776,"BASIC_EPS":0.280243392,"DILUTED_EPS":null,"OPERATE_INCOME":10112561791.2,"OPERATE_INCOME_YOY":-14.4898271608,"GROSS_PROFIT":1978185855.36,"GROSS_PROFIT_YOY":-3.779684547582,"HOLDER_PROFIT":1220465452.8,"HOLDER_PROFIT_YOY":-20.4729292975,"GROSS_PROFIT_RATIO":19.561668904525,"EPS_TTM":0.60758506626,"OPERATE_INCOME_QOQ":-5.248744838673,"NET_PROFIT_RATIO":12.653701995,"ROE_AVG":5.175239123184,"GROSS_PROFIT_QOQ":-1.703248180811,"ROA":3.091437431872,"HOLDER_PROFIT_QOQ":-8.882015787741,"ROE_YEARLY":10.350478246368,"ROIC_YEARLY":6.575152148077,"TOTAL_ASSETS":39225525995.04,"TOTAL_LIABILITIES":15884371752.48,"TAX_EBT":14.668327566883,"OCF_SALES":10.295645638932,"TOTAL_PARENT_EQUITY":23340950545.44,"DEBT_ASSET_RATIO":40.4949872552,"OPERATE_PROFIT":1573714623.36,"PRETAX_PROFIT":1499576179.2,"NETCASH_OPERATE":1041153527.04,"NETCASH_INVEST":-1289773626.24,"NETCASH_FINANCE":-374715010.56,"END_CASH":2043418259.52,"DIVI_RATIO":0.184115091387,"DIVIDEND_RATE":5.125,"CURRENT_RATIO":1.301880313823,"COMMON_ACS":8000000000,"CURRENTDEBT_DEBT":52.553773898528,"ISSUED_COMMON_SHARES":4295000000,"HK_COMMON_SHARES":4295000000,"PER_SHARES":1000,"TOTAL_MARKET_CAP":10308000000,"HKSK_MARKET_CAP":10308000000,"PE_TTM":6.85731163847,"PB_TTM":0.377642895778,"REPORT_DATE_SQ":"2019-06-30 00:00:00","REPORT_TYPE_SQ":"2019年中报","OPERATE_INCOME_SQ":11388806718.48,"DPS_HKD":0.123,"OPERATE_INCOME_QOQ_SQ":-8.547631325551,"NET_PROFIT_RATIO_SQ":12.9767847383,"HOLDER_PROFIT_SQ":1477900932.12,"HOLDER_PROFIT_QOQ_SQ":-24.201323972741,"ROE_AVG_SQ":6.837828840526,"PE_TTM_SQ":12.698547759293,"PB_TTM_SQ":0.322486533993,"ROA_SQ":3.801144719949,"START_DATE":"2020-01-01 00:00:00","FISCAL_YEAR":"12-31","CURRENCY":"HKD","IS_CNY_CODE":0,"DPS_HKD_LY":0.25,"ORG_TYPE":"一般企业","PREMIUM_INCOME":null,"PREMIUM_INCOME_YOY":null,"NET_INTEREST_INCOME":null,"NET_INTEREST_INCOME_YOY":null,"FEE_COMMISSION_INCOME":null,"FEE_COMMISSION_INCOME_YOY":null,"ACCOUNTS_RECE_TDAYS":1.935907016491,"INVENTORY_TDAYS":2.40747225998,"CURRENT_ASSETS_TDAYS":0.907874353005,"TOTAL_ASSETS_TDAYS":0.256151060906,"PREMIUM_EXPENSE":null,"LOAN_DEPOSIT":null,"LOAN_EQUITY":null,"LOAN_ASSETS":null,"DEPOSIT_EQUITY":null,"DEPOSIT_ASSETS":null,"EQUITY_MULTIPLIER":1.680530687875,"EQUITY_RATIO":0.680536626885}],"count":47},"success":true,"message":"ok","code":0}