{"version":"a17abf09260a260a009102a84e08f4cd","result":{"pages":5,"data":[{"SECUCODE":"02317.HK","SECURITY_CODE":"02317","SECURITY_NAME_ABBR":"味丹国际","ORG_CODE":"10010579","STD_REPORT_DATE":"2024-06-30 00:00:00","REPORT_DATE":"2024-06-30 00:00:00","DATE_TYPE_CODE":"002","REPORT_TYPE":"2024年中报","PER_NETCASH_OPERATE":-0.000327616891,"PER_OI":0.866570078188,"BPS":1.399368747956,"BASIC_EPS":0.0391974,"DILUTED_EPS":0.0391974,"OPERATE_INCOME":1319562654,"OPERATE_INCOME_YOY":-1.9872001863,"GROSS_PROFIT":234493100.4,"GROSS_PROFIT_YOY":44.514602421717,"HOLDER_PROFIT":59373370.8,"HOLDER_PROFIT_YOY":667.5068119891,"GROSS_PROFIT_RATIO":17.770516594205,"EPS_TTM":0.078450970289,"OPERATE_INCOME_QOQ":-1.661929877676,"NET_PROFIT_RATIO":4.5064945586,"ROE_AVG":2.80716296607,"GROSS_PROFIT_QOQ":18.398275158829,"ROA":2.182446902568,"HOLDER_PROFIT_QOQ":141.433326222949,"ROE_YEARLY":5.614325932141,"ROIC_YEARLY":5.003040198176,"TOTAL_ASSETS":2707792026,"TOTAL_LIABILITIES":575218281.6,"TAX_EBT":27.386650422069,"OCF_SALES":-0.037806162404,"TOTAL_PARENT_EQUITY":2130877566,"DEBT_ASSET_RATIO":21.2430746555,"OPERATE_PROFIT":88165642.8,"PRETAX_PROFIT":81894058.8,"NETCASH_OPERATE":-498876,"NETCASH_INVEST":79406805.6,"NETCASH_FINANCE":-10269718.8,"END_CASH":275237016,"DIVI_RATIO":0.453192649858,"DIVIDEND_RATE":8.227710315789,"CURRENT_RATIO":3.175964182753,"COMMON_ACS":10000000000,"CURRENTDEBT_DEBT":93.258747150362,"ISSUED_COMMON_SHARES":1522742000,"HK_COMMON_SHARES":1522742000,"PER_SHARES":4000,"TOTAL_MARKET_CAP":723302450,"HKSK_MARKET_CAP":723302450,"PE_TTM":5.514694233136,"PB_TTM":0.309798972473,"REPORT_DATE_SQ":"2023-06-30 00:00:00","REPORT_TYPE_SQ":"2023年中报","OPERATE_INCOME_SQ":1365018652.2,"DPS_HKD":0.039081624,"OPERATE_INCOME_QOQ_SQ":-5.531563034719,"NET_PROFIT_RATIO_SQ":-0.7755056667,"HOLDER_PROFIT_SQ":-10607474.4,"HOLDER_PROFIT_QOQ_SQ":-29.979674816709,"ROE_AVG_SQ":-0.506121379491,"PE_TTM_SQ":-20.761597059184,"PB_TTM_SQ":0.403925959862,"ROA_SQ":-0.367737773909,"START_DATE":"2024-01-01 00:00:00","FISCAL_YEAR":"12-31","CURRENCY":"HKD","IS_CNY_CODE":0,"DPS_HKD_LY":0.039081624,"ORG_TYPE":"一般企业","PREMIUM_INCOME":null,"PREMIUM_INCOME_YOY":null,"NET_INTEREST_INCOME":null,"NET_INTEREST_INCOME_YOY":null,"FEE_COMMISSION_INCOME":null,"FEE_COMMISSION_INCOME_YOY":null,"ACCOUNTS_RECE_TDAYS":5.395352225541,"INVENTORY_TDAYS":1.063056395361,"CURRENT_ASSETS_TDAYS":0.785040745546,"TOTAL_ASSETS_TDAYS":0.485044960083,"PREMIUM_EXPENSE":null,"LOAN_DEPOSIT":null,"LOAN_EQUITY":null,"LOAN_ASSETS":null,"DEPOSIT_EQUITY":null,"DEPOSIT_ASSETS":null,"EQUITY_MULTIPLIER":1.269729608699,"EQUITY_RATIO":0.26994431345},{"SECUCODE":"02317.HK","SECURITY_CODE":"02317","SECURITY_NAME_ABBR":"味丹国际","ORG_CODE":"10010579","STD_REPORT_DATE":"2023-12-31 00:00:00","REPORT_DATE":"2023-12-31 00:00:00","DATE_TYPE_CODE":"001","REPORT_TYPE":"2023年年报","PER_NETCASH_OPERATE":0.149673551593,"PER_OI":1.796189598566,"BPS":1.370071848416,"BASIC_EPS":0.03258042,"DILUTED_EPS":0.03258042,"OPERATE_INCOME":2735133341.7,"OPERATE_INCOME_YOY":-14.3758300869,"GROSS_PROFIT":392594061,"GROSS_PROFIT_YOY":30.037455719349,"HOLDER_PROFIT":49479742.2,"HOLDER_PROFIT_YOY":259.2795257638,"GROSS_PROFIT_RATIO":14.353744843606,"EPS_TTM":0.032493844788,"OPERATE_INCOME_QOQ":-7.825176885429,"NET_PROFIT_RATIO":1.8129274337,"ROE_AVG":2.38411319248,"GROSS_PROFIT_QOQ":33.269148976201,"ROA":1.76976802511,"HOLDER_PROFIT_QOQ":224.619836242637,"ROE_YEARLY":2.38411319248,"ROIC_YEARLY":2.022412709993,"TOTAL_ASSETS":2716286277,"TOTAL_LIABILITIES":628426722.9,"TAX_EBT":32.337875712767,"OCF_SALES":8.33283700744,"TOTAL_PARENT_EQUITY":2086265946.6,"DEBT_ASSET_RATIO":23.1355114599,"OPERATE_PROFIT":91926363.3,"PRETAX_PROFIT":73284696.9,"NETCASH_OPERATE":227914203.3,"NETCASH_INVEST":-212686398.3,"NETCASH_FINANCE":-139614182.4,"END_CASH":210186205.2,"DIVI_RATIO":1.094158088751,"DIVIDEND_RATE":7.975841632653,"CURRENT_RATIO":2.824896487245,"COMMON_ACS":10000000000,"CURRENTDEBT_DEBT":92.820674653713,"ISSUED_COMMON_SHARES":1522742000,"HK_COMMON_SHARES":1522742000,"PER_SHARES":4000,"TOTAL_MARKET_CAP":746143580,"HKSK_MARKET_CAP":746143580,"PE_TTM":5.688842472077,"PB_TTM":0.319582097919,"REPORT_DATE_SQ":"2022-12-31 00:00:00","REPORT_TYPE_SQ":"2022年年报","OPERATE_INCOME_SQ":3141083352.2,"DPS_HKD":0.039081624,"OPERATE_INCOME_QOQ_SQ":15.913123883153,"NET_PROFIT_RATIO_SQ":-0.9720469971,"HOLDER_PROFIT_SQ":-30546735.6,"HOLDER_PROFIT_QOQ_SQ":-1796.62547619592,"ROE_AVG_SQ":-1.478567347125,"PE_TTM_SQ":-16.609277647347,"PB_TTM_SQ":0.32314076789,"ROA_SQ":-1.10323108868,"START_DATE":"2023-01-01 00:00:00","FISCAL_YEAR":"12-31","CURRENCY":"HKD","IS_CNY_CODE":0,"DPS_HKD_LY":0.017881465,"ORG_TYPE":"一般企业","PREMIUM_INCOME":null,"PREMIUM_INCOME_YOY":null,"NET_INTEREST_INCOME":null,"NET_INTEREST_INCOME_YOY":null,"FEE_COMMISSION_INCOME":null,"FEE_COMMISSION_INCOME_YOY":null,"ACCOUNTS_RECE_TDAYS":11.400723300613,"INVENTORY_TDAYS":2.377661237855,"CURRENT_ASSETS_TDAYS":1.629960260931,"TOTAL_ASSETS_TDAYS":0.978289562017,"PREMIUM_EXPENSE":null,"LOAN_DEPOSIT":null,"LOAN_EQUITY":null,"LOAN_ASSETS":null,"DEPOSIT_EQUITY":null,"DEPOSIT_ASSETS":null,"EQUITY_MULTIPLIER":1.300990898389,"EQUITY_RATIO":0.3012208122},{"SECUCODE":"02317.HK","SECURITY_CODE":"02317","SECURITY_NAME_ABBR":"味丹国际","ORG_CODE":"10010579","STD_REPORT_DATE":"2023-06-30 00:00:00","REPORT_DATE":"2023-06-30 00:00:00","DATE_TYPE_CODE":"002","REPORT_TYPE":"2023年中报","PER_NETCASH_OPERATE":-0.009841660111,"PER_OI":0.896421489786,"BPS":1.369528218175,"BASIC_EPS":-0.0072258,"DILUTED_EPS":-0.0072258,"OPERATE_INCOME":1365018652.2,"OPERATE_INCOME_YOY":-17.6066504708,"GROSS_PROFIT":162262564.8,"GROSS_PROFIT_YOY":-4.317096710391,"HOLDER_PROFIT":-10607474.4,"HOLDER_PROFIT_YOY":-579.6296296296,"GROSS_PROFIT_RATIO":11.887204950532,"EPS_TTM":-0.026074376093,"OPERATE_INCOME_QOQ":-5.531563034719,"NET_PROFIT_RATIO":-0.7755056667,"ROE_AVG":-0.506121379491,"GROSS_PROFIT_QOQ":-2.424937265435,"ROA":-0.367737773909,"HOLDER_PROFIT_QOQ":-29.979674816709,"ROE_YEARLY":-1.012242758982,"ROIC_YEARLY":-0.827969345958,"TOTAL_ASSETS":2835570113.4,"TOTAL_LIABILITIES":748592880,"TAX_EBT":-247.980997624703,"OCF_SALES":-1.09788310774,"TOTAL_PARENT_EQUITY":2085438138,"DEBT_ASSET_RATIO":26.4000835833,"OPERATE_PROFIT":10238958.6,"PRETAX_PROFIT":-3042061.8,"NETCASH_OPERATE":-14986309.2,"NETCASH_INVEST":-155361925.8,"NETCASH_FINANCE":12522311.4,"END_CASH":178188228,"DIVI_RATIO":-1.363538018437,"DIVIDEND_RATE":7.975841632653,"CURRENT_RATIO":2.444681848976,"COMMON_ACS":10000000000,"CURRENTDEBT_DEBT":92.611003861004,"ISSUED_COMMON_SHARES":1522742000,"HK_COMMON_SHARES":1522742000,"PER_SHARES":4000,"TOTAL_MARKET_CAP":746143580,"HKSK_MARKET_CAP":746143580,"PE_TTM":5.688842472077,"PB_TTM":0.319582097919,"REPORT_DATE_SQ":"2022-06-30 00:00:00","REPORT_TYPE_SQ":"2022年中报","OPERATE_INCOME_SQ":1538769657.8,"DPS_HKD":0.039081624,"OPERATE_INCOME_QOQ_SQ":11.159193779723,"NET_PROFIT_RATIO_SQ":-0.0924645734,"HOLDER_PROFIT_SQ":-1449662.4,"HOLDER_PROFIT_QOQ_SQ":-97.436071700181,"ROE_AVG_SQ":-0.072082053404,"PE_TTM_SQ":-16.609277647347,"PB_TTM_SQ":0.32314076789,"ROA_SQ":-0.055275481741,"START_DATE":"2023-01-01 00:00:00","FISCAL_YEAR":"12-31","CURRENCY":"HKD","IS_CNY_CODE":0,"DPS_HKD_LY":0.017881465,"ORG_TYPE":"一般企业","PREMIUM_INCOME":null,"PREMIUM_INCOME_YOY":null,"NET_INTEREST_INCOME":null,"NET_INTEREST_INCOME_YOY":null,"FEE_COMMISSION_INCOME":null,"FEE_COMMISSION_INCOME_YOY":null,"ACCOUNTS_RECE_TDAYS":5.908114278566,"INVENTORY_TDAYS":1.139960209976,"CURRENT_ASSETS_TDAYS":0.794159068074,"TOTAL_ASSETS_TDAYS":0.47322190144,"PREMIUM_EXPENSE":null,"LOAN_DEPOSIT":null,"LOAN_EQUITY":null,"LOAN_ASSETS":null,"DEPOSIT_EQUITY":null,"DEPOSIT_ASSETS":null,"EQUITY_MULTIPLIER":1.358697195168,"EQUITY_RATIO":0.358961920931},{"SECUCODE":"02317.HK","SECURITY_CODE":"02317","SECURITY_NAME_ABBR":"味丹国际","ORG_CODE":"10010579","STD_REPORT_DATE":"2022-12-31 00:00:00","REPORT_DATE":"2022-12-31 00:00:00","DATE_TYPE_CODE":"001","REPORT_TYPE":"2022年年报","PER_NETCASH_OPERATE":-0.113034988462,"PER_OI":2.062781056935,"BPS":1.333185349061,"BASIC_EPS":-0.02019734,"DILUTED_EPS":-0.02019734,"OPERATE_INCOME":3141083352.2,"OPERATE_INCOME_YOY":17.9531908327,"GROSS_PROFIT":301908445.4,"GROSS_PROFIT_YOY":-21.565951716913,"HOLDER_PROFIT":-30546735.6,"HOLDER_PROFIT_YOY":-139.8220446704,"GROSS_PROFIT_RATIO":9.611602480671,"EPS_TTM":-0.020060348766,"OPERATE_INCOME_QOQ":15.913123883153,"NET_PROFIT_RATIO":-0.9720469971,"ROE_AVG":-1.478567347125,"GROSS_PROFIT_QOQ":-2.256368745455,"ROA":-1.10323108868,"HOLDER_PROFIT_QOQ":-1796.62547619592,"ROE_YEARLY":-1.478567347125,"ROIC_YEARLY":-1.290683302925,"TOTAL_ASSETS":2827432591.2,"TOTAL_LIABILITIES":795733408.4,"TAX_EBT":-4.455563497736,"OCF_SALES":-5.479737565049,"TOTAL_PARENT_EQUITY":2030097324.8,"DEBT_ASSET_RATIO":28.143320229,"OPERATE_PROFIT":-21701693.6,"PRETAX_PROFIT":-29230426.2,"NETCASH_OPERATE":-172123124.4,"NETCASH_INVEST":-51099270.2,"NETCASH_FINANCE":114414448.8,"END_CASH":332977526,"DIVI_RATIO":-1.772322282366,"DIVIDEND_RATE":7.975841632653,"CURRENT_RATIO":2.282168708899,"COMMON_ACS":10000000000,"CURRENTDEBT_DEBT":92.500043762144,"ISSUED_COMMON_SHARES":1522742000,"HK_COMMON_SHARES":1522742000,"PER_SHARES":4000,"TOTAL_MARKET_CAP":746143580,"HKSK_MARKET_CAP":746143580,"PE_TTM":5.688842472077,"PB_TTM":0.319582097919,"REPORT_DATE_SQ":"2021-12-31 00:00:00","REPORT_TYPE_SQ":"2021年年报","OPERATE_INCOME_SQ":2437819027.7,"DPS_HKD":0.039081624,"OPERATE_INCOME_QOQ_SQ":2.037181683425,"NET_PROFIT_RATIO_SQ":2.8852314959,"HOLDER_PROFIT_SQ":70221959.8,"HOLDER_PROFIT_QOQ_SQ":-47.578207699179,"ROE_AVG_SQ":3.653983004036,"PE_TTM_SQ":-16.609277647347,"PB_TTM_SQ":0.32314076789,"ROA_SQ":2.839808891742,"START_DATE":"2022-01-01 00:00:00","FISCAL_YEAR":"12-31","CURRENCY":"HKD","IS_CNY_CODE":0,"DPS_HKD_LY":0.01266759,"ORG_TYPE":"一般企业","PREMIUM_INCOME":null,"PREMIUM_INCOME_YOY":null,"NET_INTEREST_INCOME":null,"NET_INTEREST_INCOME_YOY":null,"FEE_COMMISSION_INCOME":null,"FEE_COMMISSION_INCOME_YOY":null,"ACCOUNTS_RECE_TDAYS":13.635063639387,"INVENTORY_TDAYS":3.366639826572,"CURRENT_ASSETS_TDAYS":1.971020763136,"TOTAL_ASSETS_TDAYS":1.134438995924,"PREMIUM_EXPENSE":null,"LOAN_DEPOSIT":null,"LOAN_EQUITY":null,"LOAN_ASSETS":null,"DEPOSIT_EQUITY":null,"DEPOSIT_ASSETS":null,"EQUITY_MULTIPLIER":1.391659068004,"EQUITY_RATIO":0.391968108464},{"SECUCODE":"02317.HK","SECURITY_CODE":"02317","SECURITY_NAME_ABBR":"味丹国际","ORG_CODE":"10010579","STD_REPORT_DATE":"2022-06-30 00:00:00","REPORT_DATE":"2022-06-30 00:00:00","DATE_TYPE_CODE":"002","REPORT_TYPE":"2022年中报","PER_NETCASH_OPERATE":-0.168844769895,"PER_OI":1.010525524219,"BPS":1.311337980564,"BASIC_EPS":-0.00067114,"DILUTED_EPS":-0.00067114,"OPERATE_INCOME":1538769657.8,"OPERATE_INCOME_YOY":16.9273529337,"GROSS_PROFIT":169583655.2,"GROSS_PROFIT_YOY":-30.958567531843,"HOLDER_PROFIT":-1449662.4,"HOLDER_PROFIT_YOY":-102.0835342915,"GROSS_PROFIT_RATIO":11.020730382899,"EPS_TTM":0.001182367532,"OPERATE_INCOME_QOQ":11.159193779723,"NET_PROFIT_RATIO":-0.0924645734,"ROE_AVG":-0.072082053404,"GROSS_PROFIT_QOQ":-19.755336203104,"ROA":-0.055275481741,"HOLDER_PROFIT_QOQ":-97.436071700181,"ROE_YEARLY":-0.144164106808,"ROIC_YEARLY":-0.126809121451,"TOTAL_ASSETS":2633506380.2,"TOTAL_LIABILITIES":635119916.2,"TAX_EBT":129.444444444444,"OCF_SALES":-16.708610109169,"TOTAL_PARENT_EQUITY":1996829419.2,"DEBT_ASSET_RATIO":24.1168930129,"OPERATE_PROFIT":7845626.6,"PRETAX_PROFIT":4832208,"NETCASH_OPERATE":-257107022.6,"NETCASH_INVEST":-18664403.4,"NETCASH_FINANCE":51744894,"END_CASH":212362118.8,"DIVI_RATIO":30.069671362923,"DIVIDEND_RATE":7.975841632653,"CURRENT_RATIO":2.670620003807,"COMMON_ACS":10000000000,"CURRENTDEBT_DEBT":88.831591516701,"ISSUED_COMMON_SHARES":1522742000,"HK_COMMON_SHARES":1522742000,"PER_SHARES":4000,"TOTAL_MARKET_CAP":746143580,"HKSK_MARKET_CAP":746143580,"PE_TTM":5.688842472077,"PB_TTM":0.319582097919,"REPORT_DATE_SQ":"2021-06-30 00:00:00","REPORT_TYPE_SQ":"2021年中报","OPERATE_INCOME_SQ":1266728708.5,"DPS_HKD":0.039081624,"OPERATE_INCOME_QOQ_SQ":1.501776372467,"NET_PROFIT_RATIO_SQ":5.2946426295,"HOLDER_PROFIT_SQ":66971856.7,"HOLDER_PROFIT_QOQ_SQ":23.302812414094,"ROE_AVG_SQ":3.422056369689,"PE_TTM_SQ":-16.609277647347,"PB_TTM_SQ":0.32314076789,"ROA_SQ":2.667891627036,"START_DATE":"2022-01-01 00:00:00","FISCAL_YEAR":"12-31","CURRENCY":"HKD","IS_CNY_CODE":0,"DPS_HKD_LY":0.01266759,"ORG_TYPE":"一般企业","PREMIUM_INCOME":null,"PREMIUM_INCOME_YOY":null,"NET_INTEREST_INCOME":null,"NET_INTEREST_INCOME_YOY":null,"FEE_COMMISSION_INCOME":null,"FEE_COMMISSION_INCOME_YOY":null,"ACCOUNTS_RECE_TDAYS":6.05583655789,"INVENTORY_TDAYS":1.783685245902,"CURRENT_ASSETS_TDAYS":1.039922893752,"TOTAL_ASSETS_TDAYS":0.586731325332,"PREMIUM_EXPENSE":null,"LOAN_DEPOSIT":null,"LOAN_EQUITY":null,"LOAN_ASSETS":null,"DEPOSIT_EQUITY":null,"DEPOSIT_ASSETS":null,"EQUITY_MULTIPLIER":1.317816362171,"EQUITY_RATIO":0.318064182195},{"SECUCODE":"02317.HK","SECURITY_CODE":"02317","SECURITY_NAME_ABBR":"味丹国际","ORG_CODE":"10010579","STD_REPORT_DATE":"2021-12-31 00:00:00","REPORT_DATE":"2021-12-31 00:00:00","DATE_TYPE_CODE":"001","REPORT_TYPE":"2021年年报","PER_NETCASH_OPERATE":0.104138725011,"PER_OI":1.600940295664,"BPS":1.263586429809,"BASIC_EPS":0.04590504,"DILUTED_EPS":0.04590504,"OPERATE_INCOME":2437819027.7,"OPERATE_INCOME_YOY":5.9932195121,"GROSS_PROFIT":384920136.1,"GROSS_PROFIT_YOY":-18.69384221978,"HOLDER_PROFIT":70221959.8,"HOLDER_PROFIT_YOY":-33.8498498498,"GROSS_PROFIT_RATIO":15.789528743779,"EPS_TTM":0.046115467886,"OPERATE_INCOME_QOQ":2.037181683425,"NET_PROFIT_RATIO":2.8852314959,"ROE_AVG":3.653983004036,"GROSS_PROFIT_QOQ":-23.139997170338,"ROA":2.839808891742,"HOLDER_PROFIT_QOQ":-47.578207699179,"ROE_YEARLY":3.653983004036,"ROIC_YEARLY":3.421235328743,"TOTAL_ASSETS":2481084527.9,"TOTAL_LIABILITIES":555514741,"TAX_EBT":26.521912881311,"OCF_SALES":6.504847513214,"TOTAL_PARENT_EQUITY":1924116127.3,"DEBT_ASSET_RATIO":22.3899965823,"OPERATE_PROFIT":95520737.4,"PRETAX_PROFIT":95724759.8,"NETCASH_OPERATE":158576410.4,"NETCASH_INVEST":99320654.6,"NETCASH_FINANCE":-112403591,"END_CASH":421663295.2,"DIVI_RATIO":0.770964813737,"DIVIDEND_RATE":7.975841632653,"CURRENT_RATIO":2.978778745717,"COMMON_ACS":10000000000,"CURRENTDEBT_DEBT":83.396074830713,"ISSUED_COMMON_SHARES":1522742000,"HK_COMMON_SHARES":1522742000,"PER_SHARES":4000,"TOTAL_MARKET_CAP":746143580,"HKSK_MARKET_CAP":746143580,"PE_TTM":5.688842472077,"PB_TTM":0.319582097919,"REPORT_DATE_SQ":"2020-12-31 00:00:00","REPORT_TYPE_SQ":"2020年年报","OPERATE_INCOME_SQ":2353798950.9,"DPS_HKD":0.039081624,"OPERATE_INCOME_QOQ_SQ":-6.727765835767,"NET_PROFIT_RATIO_SQ":4.6229843572,"HOLDER_PROFIT_SQ":108639585,"HOLDER_PROFIT_QOQ_SQ":62.847363755078,"ROE_AVG_SQ":5.657742272,"PE_TTM_SQ":-16.609277647347,"PB_TTM_SQ":0.32314076789,"ROA_SQ":4.404674510426,"START_DATE":"2021-01-01 00:00:00","FISCAL_YEAR":"12-31","CURRENCY":"HKD","IS_CNY_CODE":0,"DPS_HKD_LY":0.056992,"ORG_TYPE":"一般企业","PREMIUM_INCOME":null,"PREMIUM_INCOME_YOY":null,"NET_INTEREST_INCOME":null,"NET_INTEREST_INCOME_YOY":null,"FEE_COMMISSION_INCOME":null,"FEE_COMMISSION_INCOME_YOY":null,"ACCOUNTS_RECE_TDAYS":12.242995741411,"INVENTORY_TDAYS":3.331260701557,"CURRENT_ASSETS_TDAYS":1.808849791966,"TOTAL_ASSETS_TDAYS":0.985865414614,"PREMIUM_EXPENSE":null,"LOAN_DEPOSIT":null,"LOAN_EQUITY":null,"LOAN_ASSETS":null,"DEPOSIT_EQUITY":null,"DEPOSIT_ASSETS":null,"EQUITY_MULTIPLIER":1.288493694064,"EQUITY_RATIO":0.28871164953},{"SECUCODE":"02317.HK","SECURITY_CODE":"02317","SECURITY_NAME_ABBR":"味丹国际","ORG_CODE":"10010579","STD_REPORT_DATE":"2021-06-30 00:00:00","REPORT_DATE":"2021-06-30 00:00:00","DATE_TYPE_CODE":"002","REPORT_TYPE":"2021年中报","PER_NETCASH_OPERATE":-0.062469527011,"PER_OI":0.831873494328,"BPS":1.293227390654,"BASIC_EPS":0.04392868,"DILUTED_EPS":0.04392868,"OPERATE_INCOME":1266728708.5,"OPERATE_INCOME_YOY":12.7339941128,"GROSS_PROFIT":245625922.2,"GROSS_PROFIT_YOY":12.548665465023,"HOLDER_PROFIT":66971856.7,"HOLDER_PROFIT_YOY":76.1896668933,"GROSS_PROFIT_RATIO":19.390570415891,"EPS_TTM":0.087970032809,"OPERATE_INCOME_QOQ":1.501776372467,"NET_PROFIT_RATIO":5.2946426295,"ROE_AVG":3.422056369689,"GROSS_PROFIT_QOQ":5.784744713596,"ROA":2.667891627036,"HOLDER_PROFIT_QOQ":23.302812414094,"ROE_YEARLY":6.844112739378,"ROIC_YEARLY":6.225781413037,"TOTAL_ASSETS":2523502402.9,"TOTAL_LIABILITIES":552797217.1,"TAX_EBT":22.839093273876,"OCF_SALES":-7.509498431803,"TOTAL_PARENT_EQUITY":1969251663.3,"DEBT_ASSET_RATIO":21.9059516831,"OPERATE_PROFIT":86565340,"PRETAX_PROFIT":86920645.5,"NETCASH_OPERATE":-95124972.5,"NETCASH_INVEST":157032110.8,"NETCASH_FINANCE":-39503511.5,"END_CASH":298023793.3,"DIVI_RATIO":0.404153573369,"DIVIDEND_RATE":7.975841632653,"CURRENT_RATIO":3.138525913963,"COMMON_ACS":10000000000,"CURRENTDEBT_DEBT":79.594722511131,"ISSUED_COMMON_SHARES":1522742000,"HK_COMMON_SHARES":1522742000,"PER_SHARES":4000,"TOTAL_MARKET_CAP":746143580,"HKSK_MARKET_CAP":746143580,"PE_TTM":5.688842472077,"PB_TTM":0.319582097919,"REPORT_DATE_SQ":"2020-06-30 00:00:00","REPORT_TYPE_SQ":"2020年中报","OPERATE_INCOME_SQ":1231379912,"DPS_HKD":0.039081624,"OPERATE_INCOME_QOQ_SQ":1.085426001994,"NET_PROFIT_RATIO_SQ":3.3886027044,"HOLDER_PROFIT_SQ":41655778,"HOLDER_PROFIT_QOQ_SQ":-38.553786539521,"ROE_AVG_SQ":2.039249664255,"PE_TTM_SQ":-16.609277647347,"PB_TTM_SQ":0.32314076789,"ROA_SQ":1.580605083778,"START_DATE":"2021-01-01 00:00:00","FISCAL_YEAR":"12-31","CURRENCY":"HKD","IS_CNY_CODE":0,"DPS_HKD_LY":0.056992,"ORG_TYPE":"一般企业","PREMIUM_INCOME":null,"PREMIUM_INCOME_YOY":null,"NET_INTEREST_INCOME":null,"NET_INTEREST_INCOME_YOY":null,"FEE_COMMISSION_INCOME":null,"FEE_COMMISSION_INCOME_YOY":null,"ACCOUNTS_RECE_TDAYS":5.830137067761,"INVENTORY_TDAYS":1.517815217235,"CURRENT_ASSETS_TDAYS":0.933549162669,"TOTAL_ASSETS_TDAYS":0.504614188953,"PREMIUM_EXPENSE":null,"LOAN_DEPOSIT":null,"LOAN_EQUITY":null,"LOAN_ASSETS":null,"DEPOSIT_EQUITY":null,"DEPOSIT_ASSETS":null,"EQUITY_MULTIPLIER":1.280507313364,"EQUITY_RATIO":0.280714358354},{"SECUCODE":"02317.HK","SECURITY_CODE":"02317","SECURITY_NAME_ABBR":"味丹国际","ORG_CODE":"10010579","STD_REPORT_DATE":"2020-12-31 00:00:00","REPORT_DATE":"2020-12-31 00:00:00","DATE_TYPE_CODE":"001","REPORT_TYPE":"2020年年报","PER_NETCASH_OPERATE":0.195574487208,"PER_OI":1.545763465446,"BPS":1.290032319329,"BASIC_EPS":0.07112141,"DILUTED_EPS":0.07112141,"OPERATE_INCOME":2353798950.9,"OPERATE_INCOME_YOY":0.8059085054,"GROSS_PROFIT":473420644.4,"GROSS_PROFIT_YOY":1.948850426418,"HOLDER_PROFIT":108639585,"HOLDER_PROFIT_YOY":6.9845145537,"GROSS_PROFIT_RATIO":20.113045093294,"EPS_TTM":0.071344709084,"OPERATE_INCOME_QOQ":-6.727765835767,"NET_PROFIT_RATIO":4.6229843572,"ROE_AVG":5.657742272,"GROSS_PROFIT_QOQ":7.101383370323,"ROA":4.404674510426,"HOLDER_PROFIT_QOQ":62.847363755078,"ROE_YEARLY":5.657742272,"ROIC_YEARLY":5.249807270589,"TOTAL_ASSETS":2522128321.1,"TOTAL_LIABILITIES":556371698.1,"TAX_EBT":24.253985556615,"OCF_SALES":12.652290701639,"TOTAL_PARENT_EQUITY":1964386394,"DEBT_ASSET_RATIO":22.0596110612,"OPERATE_PROFIT":149283187.1,"PRETAX_PROFIT":143658723.3,"NETCASH_OPERATE":297809485.8,"NETCASH_INVEST":-299342837.3,"NETCASH_FINANCE":-541566.7,"END_CASH":276388239.1,"DIVI_RATIO":0.498332722437,"DIVIDEND_RATE":7.975841632653,"CURRENT_RATIO":3.180465847605,"COMMON_ACS":10000000000,"CURRENTDEBT_DEBT":76.078058849054,"ISSUED_COMMON_SHARES":1522742000,"HK_COMMON_SHARES":1522742000,"PER_SHARES":4000,"TOTAL_MARKET_CAP":746143580,"HKSK_MARKET_CAP":746143580,"PE_TTM":5.688842472077,"PB_TTM":0.319582097919,"REPORT_DATE_SQ":"2019-12-31 00:00:00","REPORT_TYPE_SQ":"2019年年报","OPERATE_INCOME_SQ":2496482003.4,"DPS_HKD":0.039081624,"OPERATE_INCOME_QOQ_SQ":-1.813608132611,"NET_PROFIT_RATIO_SQ":4.3550915589,"HOLDER_PROFIT_SQ":108570600.6,"HOLDER_PROFIT_QOQ_SQ":-10.701605045752,"ROE_AVG_SQ":5.423876487706,"PE_TTM_SQ":-16.609277647347,"PB_TTM_SQ":0.32314076789,"ROA_SQ":4.221728214887,"START_DATE":"2020-01-01 00:00:00","FISCAL_YEAR":"12-31","CURRENCY":"HKD","IS_CNY_CODE":0,"DPS_HKD_LY":0.03155794,"ORG_TYPE":"一般企业","PREMIUM_INCOME":null,"PREMIUM_INCOME_YOY":null,"NET_INTEREST_INCOME":null,"NET_INTEREST_INCOME_YOY":null,"FEE_COMMISSION_INCOME":null,"FEE_COMMISSION_INCOME_YOY":null,"ACCOUNTS_RECE_TDAYS":12.063100871106,"INVENTORY_TDAYS":3.074088099289,"CURRENT_ASSETS_TDAYS":1.768390246772,"TOTAL_ASSETS_TDAYS":0.954322334874,"PREMIUM_EXPENSE":null,"LOAN_DEPOSIT":null,"LOAN_EQUITY":null,"LOAN_ASSETS":null,"DEPOSIT_EQUITY":null,"DEPOSIT_ASSETS":null,"EQUITY_MULTIPLIER":1.283031831911,"EQUITY_RATIO":0.283229256627},{"SECUCODE":"02317.HK","SECURITY_CODE":"02317","SECURITY_NAME_ABBR":"味丹国际","ORG_CODE":"10010579","STD_REPORT_DATE":"2020-06-30 00:00:00","REPORT_DATE":"2020-06-30 00:00:00","DATE_TYPE_CODE":"002","REPORT_TYPE":"2020年中报","PER_NETCASH_OPERATE":-0.01855952223,"PER_OI":0.80865958383,"BPS":1.346220895923,"BASIC_EPS":0.02761005,"DILUTED_EPS":0.02761005,"OPERATE_INCOME":1231379912,"OPERATE_INCOME_YOY":-0.7078595241,"GROSS_PROFIT":218239746.5,"GROSS_PROFIT_YOY":-9.286045495533,"HOLDER_PROFIT":41655778,"HOLDER_PROFIT_YOY":-51.5640434639,"GROSS_PROFIT_RATIO":17.723185539509,"EPS_TTM":0.043810785412,"OPERATE_INCOME_QOQ":1.085426001994,"NET_PROFIT_RATIO":3.3886027044,"ROE_AVG":2.039249664255,"GROSS_PROFIT_QOQ":-4.810892989206,"ROA":1.580605083778,"HOLDER_PROFIT_QOQ":-38.553786539521,"ROE_YEARLY":4.07849932851,"ROIC_YEARLY":3.60438173735,"TOTAL_ASSETS":2655159395.5,"TOTAL_LIABILITIES":603633567.5,"TAX_EBT":25.43016194332,"OCF_SALES":-2.29509704719,"TOTAL_PARENT_EQUITY":2049947099.5,"DEBT_ASSET_RATIO":22.7343627099,"OPERATE_PROFIT":57959866.5,"PRETAX_PROFIT":55956368,"NETCASH_OPERATE":-28261364,"NETCASH_INVEST":-68274698,"NETCASH_FINANCE":35999257.5,"END_CASH":228094410.5,"DIVI_RATIO":0.811521701217,"DIVIDEND_RATE":7.975841632653,"CURRENT_RATIO":3.182843804707,"COMMON_ACS":10000000000,"CURRENTDEBT_DEBT":72.35325162728,"ISSUED_COMMON_SHARES":1522742000,"HK_COMMON_SHARES":1522742000,"PER_SHARES":4000,"TOTAL_MARKET_CAP":746143580,"HKSK_MARKET_CAP":746143580,"PE_TTM":5.688842472077,"PB_TTM":0.319582097919,"REPORT_DATE_SQ":"2019-06-30 00:00:00","REPORT_TYPE_SQ":"2019年中报","OPERATE_INCOME_SQ":1204282447.2,"DPS_HKD":0.039081624,"OPERATE_INCOME_QOQ_SQ":3.838814420488,"NET_PROFIT_RATIO_SQ":6.9415901722,"HOLDER_PROFIT_SQ":83513855.6,"HOLDER_PROFIT_QOQ_SQ":24.011422100421,"ROE_AVG_SQ":4.210489831639,"PE_TTM_SQ":-16.609277647347,"PB_TTM_SQ":0.32314076789,"ROA_SQ":3.331304056907,"START_DATE":"2020-01-01 00:00:00","FISCAL_YEAR":"12-31","CURRENCY":"HKD","IS_CNY_CODE":0,"DPS_HKD_LY":0.03155794,"ORG_TYPE":"一般企业","PREMIUM_INCOME":null,"PREMIUM_INCOME_YOY":null,"NET_INTEREST_INCOME":null,"NET_INTEREST_INCOME_YOY":null,"FEE_COMMISSION_INCOME":null,"FEE_COMMISSION_INCOME_YOY":null,"ACCOUNTS_RECE_TDAYS":5.457928675652,"INVENTORY_TDAYS":1.404675085026,"CURRENT_ASSETS_TDAYS":0.873997547887,"TOTAL_ASSETS_TDAYS":0.467240186696,"PREMIUM_EXPENSE":null,"LOAN_DEPOSIT":null,"LOAN_EQUITY":null,"LOAN_ASSETS":null,"DEPOSIT_EQUITY":null,"DEPOSIT_ASSETS":null,"EQUITY_MULTIPLIER":1.294236396764,"EQUITY_RATIO":0.294462997434}],"count":45},"success":true,"message":"ok","code":0}