{"version":"9568367a5decf8c37a72fedb55550d42","result":{"pages":5,"data":[{"SECUCODE":"02313.HK","SECURITY_CODE":"02313","SECURITY_NAME_ABBR":"申洲国际","ORG_CODE":"10010847","STD_REPORT_DATE":"2024-06-30 00:00:00","REPORT_DATE":"2024-06-30 00:00:00","DATE_TYPE_CODE":"002","REPORT_TYPE":"2024年中报","PER_NETCASH_OPERATE":1.536416703616,"PER_OI":8.632103290835,"BPS":22.701154578393,"BASIC_EPS":1.95,"DILUTED_EPS":1.95,"OPERATE_INCOME":12975971000,"OPERATE_INCOME_YOY":12.229836078,"GROSS_PROFIT":3761469000,"GROSS_PROFIT_YOY":44.955998372194,"HOLDER_PROFIT":2931028000,"HOLDER_PROFIT_YOY":37.8121137148,"GROSS_PROFIT_RATIO":28.98795781834,"EPS_TTM":3.566645900633,"OPERATE_INCOME_QOQ":5.662878569433,"NET_PROFIT_RATIO":22.5881207657,"ROE_AVG":8.750356011595,"GROSS_PROFIT_QOQ":19.250641432267,"ROA":6.004547392256,"HOLDER_PROFIT_QOQ":17.646534773174,"ROE_YEARLY":17.500712023191,"ROIC_YEARLY":18.836704204648,"TOTAL_ASSETS":49015805000,"TOTAL_LIABILITIES":14890921000,"TAX_EBT":9.792567975775,"OCF_SALES":17.798868385264,"TOTAL_PARENT_EQUITY":34124884000,"DEBT_ASSET_RATIO":30.3798356469,"OPERATE_PROFIT":3438038000,"PRETAX_PROFIT":3249209000,"NETCASH_OPERATE":2309576000,"NETCASH_INVEST":-982969000,"NETCASH_FINANCE":-2783162000,"END_CASH":10081734000,"DIVI_RATIO":0.594274749737,"DIVIDEND_RATE":3.955857385399,"CURRENT_RATIO":2.537180521443,"COMMON_ACS":3000000000,"CURRENTDEBT_DEBT":84.917118289728,"ISSUED_COMMON_SHARES":1503222397,"HK_COMMON_SHARES":1503222397,"PER_SHARES":100,"TOTAL_MARKET_CAP":88539799183.3,"HKSK_MARKET_CAP":88539799183.3,"PE_TTM":14.92197752198,"PB_TTM":2.368022816389,"REPORT_DATE_SQ":"2023-06-30 00:00:00","REPORT_TYPE_SQ":"2023年中报","OPERATE_INCOME_SQ":11561962000,"DPS_HKD":2.33,"OPERATE_INCOME_QOQ_SQ":-7.310020815357,"NET_PROFIT_RATIO_SQ":18.3950526736,"HOLDER_PROFIT_SQ":2126829000,"HOLDER_PROFIT_QOQ_SQ":-5.255279508142,"ROE_AVG_SQ":6.76179628923,"PE_TTM_SQ":21.445013842167,"PB_TTM_SQ":2.857716836835,"ROA_SQ":4.735312909677,"START_DATE":"2024-01-01 00:00:00","FISCAL_YEAR":"12-31","CURRENCY":"HKD","IS_CNY_CODE":0,"DPS_HKD_LY":2.33,"ORG_TYPE":"一般企业","PREMIUM_INCOME":null,"PREMIUM_INCOME_YOY":null,"NET_INTEREST_INCOME":null,"NET_INTEREST_INCOME_YOY":null,"FEE_COMMISSION_INCOME":null,"FEE_COMMISSION_INCOME_YOY":null,"ACCOUNTS_RECE_TDAYS":2.543210220137,"INVENTORY_TDAYS":1.437617934141,"CURRENT_ASSETS_TDAYS":0.428518675065,"TOTAL_ASSETS_TDAYS":0.265827664662,"PREMIUM_EXPENSE":null,"LOAN_DEPOSIT":null,"LOAN_EQUITY":null,"LOAN_ASSETS":null,"DEPOSIT_EQUITY":null,"DEPOSIT_ASSETS":null,"EQUITY_MULTIPLIER":1.436365468671,"EQUITY_RATIO":0.436365468671},{"SECUCODE":"02313.HK","SECURITY_CODE":"02313","SECURITY_NAME_ABBR":"申洲国际","ORG_CODE":"10010847","STD_REPORT_DATE":"2023-12-31 00:00:00","REPORT_DATE":"2023-12-31 00:00:00","DATE_TYPE_CODE":"001","REPORT_TYPE":"2023年年报","PER_NETCASH_OPERATE":3.476880739956,"PER_OI":16.6108435118,"BPS":21.864573110136,"BASIC_EPS":3.03,"DILUTED_EPS":3.03,"OPERATE_INCOME":24969792000,"OPERATE_INCOME_YOY":-10.1205079137,"GROSS_PROFIT":6059876000,"GROSS_PROFIT_YOY":-1.07696092411,"HOLDER_PROFIT":4557263000,"HOLDER_PROFIT_YOY":-0.1209787974,"GROSS_PROFIT_RATIO":24.268828510866,"EPS_TTM":3.031662519861,"OPERATE_INCOME_QOQ":-3.032136939802,"NET_PROFIT_RATIO":18.2511051754,"ROE_AVG":14.326457837298,"GROSS_PROFIT_QOQ":7.15684440331,"ROA":9.895906586122,"HOLDER_PROFIT_QOQ":5.419088983659,"ROE_YEARLY":14.326457837298,"ROIC_YEARLY":13.916656892182,"TOTAL_ASSETS":48611137000,"TOTAL_LIABILITIES":15743821000,"TAX_EBT":8.77265363374,"OCF_SALES":20.931391819363,"TOTAL_PARENT_EQUITY":32867316000,"DEBT_ASSET_RATIO":32.3872716658,"OPERATE_PROFIT":5328469000,"PRETAX_PROFIT":4995501000,"NETCASH_OPERATE":5226525000,"NETCASH_INVEST":-1380017000,"NETCASH_FINANCE":333219000,"END_CASH":11596453000,"DIVI_RATIO":0.699143650098,"DIVIDEND_RATE":3.893065998329,"CURRENT_RATIO":2.127798884723,"COMMON_ACS":3000000000,"CURRENTDEBT_DEBT":85.014196998302,"ISSUED_COMMON_SHARES":1503222397,"HK_COMMON_SHARES":1503222397,"PER_SHARES":100,"TOTAL_MARKET_CAP":89967860460.45,"HKSK_MARKET_CAP":89967860460.45,"PE_TTM":15.162654578786,"PB_TTM":2.406216732782,"REPORT_DATE_SQ":"2022-12-31 00:00:00","REPORT_TYPE_SQ":"2022年年报","OPERATE_INCOME_SQ":27781412000,"DPS_HKD":2.33,"OPERATE_INCOME_QOQ_SQ":6.567994884689,"NET_PROFIT_RATIO_SQ":16.4252450523,"HOLDER_PROFIT_SQ":4562783000,"HOLDER_PROFIT_QOQ_SQ":29.918309586451,"ROE_AVG_SQ":15.59299506658,"PE_TTM_SQ":25.229428049608,"PB_TTM_SQ":3.362019808041,"ROA_SQ":10.657623831776,"START_DATE":"2023-01-01 00:00:00","FISCAL_YEAR":"12-31","CURRENCY":"HKD","IS_CNY_CODE":0,"DPS_HKD_LY":1.8,"ORG_TYPE":"一般企业","PREMIUM_INCOME":null,"PREMIUM_INCOME_YOY":null,"NET_INTEREST_INCOME":null,"NET_INTEREST_INCOME_YOY":null,"FEE_COMMISSION_INCOME":null,"FEE_COMMISSION_INCOME_YOY":null,"ACCOUNTS_RECE_TDAYS":4.979616109681,"INVENTORY_TDAYS":3.053547774832,"CURRENT_ASSETS_TDAYS":0.913907545092,"TOTAL_ASSETS_TDAYS":0.542208621945,"PREMIUM_EXPENSE":null,"LOAN_DEPOSIT":null,"LOAN_EQUITY":null,"LOAN_ASSETS":null,"DEPOSIT_EQUITY":null,"DEPOSIT_ASSETS":null,"EQUITY_MULTIPLIER":1.479011459288,"EQUITY_RATIO":0.479011459287},{"SECUCODE":"02313.HK","SECURITY_CODE":"02313","SECURITY_NAME_ABBR":"申洲国际","ORG_CODE":"10010847","STD_REPORT_DATE":"2023-06-30 00:00:00","REPORT_DATE":"2023-06-30 00:00:00","DATE_TYPE_CODE":"002","REPORT_TYPE":"2023年中报","PER_NETCASH_OPERATE":1.798612770403,"PER_OI":7.691451393403,"BPS":21.390248751064,"BASIC_EPS":1.41,"DILUTED_EPS":1.41,"OPERATE_INCOME":11561962000,"OPERATE_INCOME_YOY":-14.9404732171,"GROSS_PROFIT":2594904000,"GROSS_PROFIT_YOY":-15.354316453479,"HOLDER_PROFIT":2126829000,"HOLDER_PROFIT_YOY":-10.1320619822,"GROSS_PROFIT_RATIO":22.443457260974,"EPS_TTM":2.875819312317,"OPERATE_INCOME_QOQ":-7.310020815357,"NET_PROFIT_RATIO":18.3950526736,"ROE_AVG":6.76179628923,"GROSS_PROFIT_QOQ":-7.683881858662,"ROA":4.735312909677,"HOLDER_PROFIT_QOQ":-5.255279508142,"ROE_YEARLY":13.523592578461,"ROIC_YEARLY":12.560032013826,"TOTAL_ASSETS":46335581000,"TOTAL_LIABILITIES":14181280000,"TAX_EBT":9.435902545707,"OCF_SALES":23.384569158764,"TOTAL_PARENT_EQUITY":32154301000,"DEBT_ASSET_RATIO":30.6055944351,"OPERATE_PROFIT":2484129000,"PRETAX_PROFIT":2348424000,"NETCASH_OPERATE":2703715000,"NETCASH_INVEST":-86510000,"NETCASH_FINANCE":266995000,"END_CASH":10365717000,"DIVI_RATIO":0.73703086662,"DIVIDEND_RATE":3.893065998329,"CURRENT_RATIO":2.158281061531,"COMMON_ACS":3000000000,"CURRENTDEBT_DEBT":83.002704974445,"ISSUED_COMMON_SHARES":1503222397,"HK_COMMON_SHARES":1503222397,"PER_SHARES":100,"TOTAL_MARKET_CAP":89967860460.45,"HKSK_MARKET_CAP":89967860460.45,"PE_TTM":15.162654578786,"PB_TTM":2.406216732782,"REPORT_DATE_SQ":"2022-06-30 00:00:00","REPORT_TYPE_SQ":"2022年中报","OPERATE_INCOME_SQ":13592789000,"DPS_HKD":2.33,"OPERATE_INCOME_QOQ_SQ":9.327668024072,"NET_PROFIT_RATIO_SQ":17.4186769176,"HOLDER_PROFIT_SQ":2366616000,"HOLDER_PROFIT_QOQ_SQ":4.162230232684,"ROE_AVG_SQ":8.225789549328,"PE_TTM_SQ":25.229428049608,"PB_TTM_SQ":3.362019808041,"ROA_SQ":5.529904815527,"START_DATE":"2023-01-01 00:00:00","FISCAL_YEAR":"12-31","CURRENCY":"HKD","IS_CNY_CODE":0,"DPS_HKD_LY":1.8,"ORG_TYPE":"一般企业","PREMIUM_INCOME":null,"PREMIUM_INCOME_YOY":null,"NET_INTEREST_INCOME":null,"NET_INTEREST_INCOME_YOY":null,"FEE_COMMISSION_INCOME":null,"FEE_COMMISSION_INCOME_YOY":null,"ACCOUNTS_RECE_TDAYS":2.411105971813,"INVENTORY_TDAYS":1.425571635902,"CURRENT_ASSETS_TDAYS":0.448404602053,"TOTAL_ASSETS_TDAYS":0.257423177509,"PREMIUM_EXPENSE":null,"LOAN_DEPOSIT":null,"LOAN_EQUITY":null,"LOAN_ASSETS":null,"DEPOSIT_EQUITY":null,"DEPOSIT_ASSETS":null,"EQUITY_MULTIPLIER":1.441038354403,"EQUITY_RATIO":0.441038354402},{"SECUCODE":"02313.HK","SECURITY_CODE":"02313","SECURITY_NAME_ABBR":"申洲国际","ORG_CODE":"10010847","STD_REPORT_DATE":"2022-12-31 00:00:00","REPORT_DATE":"2022-12-31 00:00:00","DATE_TYPE_CODE":"001","REPORT_TYPE":"2022年年报","PER_NETCASH_OPERATE":3.078799257672,"PER_OI":18.48123874115,"BPS":20.457996143068,"BASIC_EPS":3.04,"DILUTED_EPS":3.04,"OPERATE_INCOME":27781412000,"OPERATE_INCOME_YOY":16.5083036674,"GROSS_PROFIT":6125849000,"GROSS_PROFIT_YOY":5.80695161553,"HOLDER_PROFIT":4562783000,"HOLDER_PROFIT_YOY":35.3258087459,"GROSS_PROFIT_RATIO":22.050171531958,"EPS_TTM":3.035334631194,"OPERATE_INCOME_QOQ":6.567994884689,"NET_PROFIT_RATIO":16.4252450523,"ROE_AVG":15.59299506658,"GROSS_PROFIT_QOQ":11.722629971036,"ROA":10.657623831776,"HOLDER_PROFIT_QOQ":29.918309586451,"ROE_YEARLY":15.59299506658,"ROIC_YEARLY":13.981415691333,"TOTAL_ASSETS":43492865000,"TOTAL_LIABILITIES":12727081000,"TAX_EBT":13.281989816561,"OCF_SALES":16.659052462848,"TOTAL_PARENT_EQUITY":30752918000,"DEBT_ASSET_RATIO":29.2624571869,"OPERATE_PROFIT":5511834000,"PRETAX_PROFIT":5262073000,"NETCASH_OPERATE":4628120000,"NETCASH_INVEST":-371328000,"NETCASH_FINANCE":-3914790000,"END_CASH":7369498000,"DIVI_RATIO":0.698297834518,"DIVIDEND_RATE":3.893065998329,"CURRENT_RATIO":2.550289455455,"COMMON_ACS":3000000000,"CURRENTDEBT_DEBT":80.611076491145,"ISSUED_COMMON_SHARES":1503222397,"HK_COMMON_SHARES":1503222397,"PER_SHARES":100,"TOTAL_MARKET_CAP":89967860460.45,"HKSK_MARKET_CAP":89967860460.45,"PE_TTM":15.162654578786,"PB_TTM":2.406216732782,"REPORT_DATE_SQ":"2021-12-31 00:00:00","REPORT_TYPE_SQ":"2021年年报","OPERATE_INCOME_SQ":23845006000,"DPS_HKD":2.33,"OPERATE_INCOME_QOQ_SQ":-1.326148096566,"NET_PROFIT_RATIO_SQ":14.139979667,"HOLDER_PROFIT_SQ":3371702000,"HOLDER_PROFIT_QOQ_SQ":-30.056600661949,"ROE_AVG_SQ":12.250346474378,"PE_TTM_SQ":25.229428049608,"PB_TTM_SQ":3.362019808041,"ROA_SQ":8.537719576884,"START_DATE":"2022-01-01 00:00:00","FISCAL_YEAR":"12-31","CURRENCY":"HKD","IS_CNY_CODE":0,"DPS_HKD_LY":1.63,"ORG_TYPE":"一般企业","PREMIUM_INCOME":null,"PREMIUM_INCOME_YOY":null,"NET_INTEREST_INCOME":null,"NET_INTEREST_INCOME_YOY":null,"FEE_COMMISSION_INCOME":null,"FEE_COMMISSION_INCOME_YOY":null,"ACCOUNTS_RECE_TDAYS":6.531640522232,"INVENTORY_TDAYS":3.358386769401,"CURRENT_ASSETS_TDAYS":1.054843952825,"TOTAL_ASSETS_TDAYS":0.648910628911,"PREMIUM_EXPENSE":null,"LOAN_DEPOSIT":null,"LOAN_EQUITY":null,"LOAN_ASSETS":null,"DEPOSIT_EQUITY":null,"DEPOSIT_ASSETS":null,"EQUITY_MULTIPLIER":1.413676472538,"EQUITY_RATIO":0.413849541042},{"SECUCODE":"02313.HK","SECURITY_CODE":"02313","SECURITY_NAME_ABBR":"申洲国际","ORG_CODE":"10010847","STD_REPORT_DATE":"2022-06-30 00:00:00","REPORT_DATE":"2022-06-30 00:00:00","DATE_TYPE_CODE":"002","REPORT_TYPE":"2022年中报","PER_NETCASH_OPERATE":0.363351424972,"PER_OI":9.042433792317,"BPS":19.804648373663,"BASIC_EPS":1.57,"DILUTED_EPS":1.57,"OPERATE_INCOME":13592789000,"OPERATE_INCOME_YOY":19.5642544038,"GROSS_PROFIT":3065607000,"GROSS_PROFIT_YOY":-9.09089021985,"HOLDER_PROFIT":2366616000,"HOLDER_PROFIT_YOY":6.3037051078,"GROSS_PROFIT_RATIO":22.55318610478,"EPS_TTM":2.336340921349,"OPERATE_INCOME_QOQ":9.327668024072,"NET_PROFIT_RATIO":17.4186769176,"ROE_AVG":8.225789549328,"GROSS_PROFIT_QOQ":-5.294968760617,"ROA":5.529904815527,"HOLDER_PROFIT_QOQ":4.162230232684,"ROE_YEARLY":16.451579098656,"ROIC_YEARLY":14.575206968264,"TOTAL_ASSETS":43461466000,"TOTAL_LIABILITIES":13677123000,"TAX_EBT":14.474889539403,"OCF_SALES":4.018292346037,"TOTAL_PARENT_EQUITY":29770791000,"DEBT_ASSET_RATIO":31.4695390165,"OPERATE_PROFIT":2878508000,"PRETAX_PROFIT":2768408000,"NETCASH_OPERATE":546198000,"NETCASH_INVEST":1013559000,"NETCASH_FINANCE":-1494435000,"END_CASH":6809218000,"DIVI_RATIO":0.907216742485,"DIVIDEND_RATE":3.893065998329,"CURRENT_RATIO":2.189430306657,"COMMON_ACS":3000000000,"CURRENTDEBT_DEBT":93.930953169025,"ISSUED_COMMON_SHARES":1503222397,"HK_COMMON_SHARES":1503222397,"PER_SHARES":100,"TOTAL_MARKET_CAP":89967860460.45,"HKSK_MARKET_CAP":89967860460.45,"PE_TTM":15.162654578786,"PB_TTM":2.406216732782,"REPORT_DATE_SQ":"2021-06-30 00:00:00","REPORT_TYPE_SQ":"2021年中报","OPERATE_INCOME_SQ":11368606000,"DPS_HKD":2.33,"OPERATE_INCOME_QOQ_SQ":4.927468823283,"NET_PROFIT_RATIO_SQ":19.5788120373,"HOLDER_PROFIT_SQ":2226278000,"HOLDER_PROFIT_QOQ_SQ":-5.60281557535,"ROE_AVG_SQ":8.047034646743,"PE_TTM_SQ":25.229428049608,"PB_TTM_SQ":3.362019808041,"ROA_SQ":5.892412712497,"START_DATE":"2022-01-01 00:00:00","FISCAL_YEAR":"12-31","CURRENCY":"HKD","IS_CNY_CODE":0,"DPS_HKD_LY":1.63,"ORG_TYPE":"一般企业","PREMIUM_INCOME":null,"PREMIUM_INCOME_YOY":null,"NET_INTEREST_INCOME":null,"NET_INTEREST_INCOME_YOY":null,"FEE_COMMISSION_INCOME":null,"FEE_COMMISSION_INCOME_YOY":null,"ACCOUNTS_RECE_TDAYS":3.28732681138,"INVENTORY_TDAYS":1.450692267422,"CURRENT_ASSETS_TDAYS":0.497565668029,"TOTAL_ASSETS_TDAYS":0.317613120792,"PREMIUM_EXPENSE":null,"LOAN_DEPOSIT":null,"LOAN_EQUITY":null,"LOAN_ASSETS":null,"DEPOSIT_EQUITY":null,"DEPOSIT_ASSETS":null,"EQUITY_MULTIPLIER":1.459205126667,"EQUITY_RATIO":0.459414162022},{"SECUCODE":"02313.HK","SECURITY_CODE":"02313","SECURITY_NAME_ABBR":"申洲国际","ORG_CODE":"10010847","STD_REPORT_DATE":"2021-12-31 00:00:00","REPORT_DATE":"2021-12-31 00:00:00","DATE_TYPE_CODE":"001","REPORT_TYPE":"2021年年报","PER_NETCASH_OPERATE":2.391095294464,"PER_OI":15.862593617277,"BPS":18.474032222659,"BASIC_EPS":2.24,"DILUTED_EPS":2.24,"OPERATE_INCOME":23845006000,"OPERATE_INCOME_YOY":3.5359751927,"GROSS_PROFIT":5789647000,"GROSS_PROFIT_YOY":-19.527971503103,"HOLDER_PROFIT":3371702000,"HOLDER_PROFIT_YOY":-33.975400334,"GROSS_PROFIT_RATIO":24.280333584315,"EPS_TTM":2.242982812609,"OPERATE_INCOME_QOQ":-1.326148096566,"NET_PROFIT_RATIO":14.139979667,"ROE_AVG":12.250346474378,"GROSS_PROFIT_QOQ":-21.847927311711,"ROA":8.537719576884,"HOLDER_PROFIT_QOQ":-30.056600661949,"ROE_YEARLY":12.250346474378,"ROIC_YEARLY":11.629185613619,"TOTAL_ASSETS":42131906000,"TOTAL_LIABILITIES":14348843000,"TAX_EBT":11.812703945999,"OCF_SALES":15.073797842617,"TOTAL_PARENT_EQUITY":27770579000,"DEBT_ASSET_RATIO":34.0569519926,"OPERATE_PROFIT":3960089000,"PRETAX_PROFIT":3823316000,"NETCASH_OPERATE":3594348000,"NETCASH_INVEST":-6409715000,"NETCASH_FINANCE":1319705000,"END_CASH":6687623000,"DIVI_RATIO":0.944977192016,"DIVIDEND_RATE":3.893065998329,"CURRENT_RATIO":1.958956302825,"COMMON_ACS":3000000000,"CURRENTDEBT_DEBT":94.310259022278,"ISSUED_COMMON_SHARES":1503222397,"HK_COMMON_SHARES":1503222397,"PER_SHARES":100,"TOTAL_MARKET_CAP":89967860460.45,"HKSK_MARKET_CAP":89967860460.45,"PE_TTM":15.162654578786,"PB_TTM":2.406216732782,"REPORT_DATE_SQ":"2020-12-31 00:00:00","REPORT_TYPE_SQ":"2020年年报","OPERATE_INCOME_SQ":23030648000,"DPS_HKD":2.33,"OPERATE_INCOME_QOQ_SQ":1.818314287183,"NET_PROFIT_RATIO_SQ":22.0690490341,"HOLDER_PROFIT_SQ":5106736000,"HOLDER_PROFIT_QOQ_SQ":-1.634223736983,"ROE_AVG_SQ":19.473331082237,"PE_TTM_SQ":25.229428049608,"PB_TTM_SQ":3.362019808041,"ROA_SQ":14.865339247737,"START_DATE":"2021-01-01 00:00:00","FISCAL_YEAR":"12-31","CURRENCY":"HKD","IS_CNY_CODE":0,"DPS_HKD_LY":2.16,"ORG_TYPE":"一般企业","PREMIUM_INCOME":null,"PREMIUM_INCOME_YOY":null,"NET_INTEREST_INCOME":null,"NET_INTEREST_INCOME_YOY":null,"FEE_COMMISSION_INCOME":null,"FEE_COMMISSION_INCOME_YOY":null,"ACCOUNTS_RECE_TDAYS":6.218419687285,"INVENTORY_TDAYS":3.154590283129,"CURRENT_ASSETS_TDAYS":0.952594426923,"TOTAL_ASSETS_TDAYS":0.60379587086,"PREMIUM_EXPENSE":null,"LOAN_DEPOSIT":null,"LOAN_EQUITY":null,"LOAN_ASSETS":null,"DEPOSIT_EQUITY":null,"DEPOSIT_ASSETS":null,"EQUITY_MULTIPLIER":1.516460082172,"EQUITY_RATIO":0.516692251897},{"SECUCODE":"02313.HK","SECURITY_CODE":"02313","SECURITY_NAME_ABBR":"申洲国际","ORG_CODE":"10010847","STD_REPORT_DATE":"2021-06-30 00:00:00","REPORT_DATE":"2021-06-30 00:00:00","DATE_TYPE_CODE":"002","REPORT_TYPE":"2021年中报","PER_NETCASH_OPERATE":1.144613068189,"PER_OI":7.562823719689,"BPS":18.663623596875,"BASIC_EPS":1.48,"DILUTED_EPS":1.48,"OPERATE_INCOME":11368606000,"OPERATE_INCOME_YOY":11.0890425804,"GROSS_PROFIT":3372167000,"GROSS_PROFIT_YOY":6.761647745801,"HOLDER_PROFIT":2226278000,"HOLDER_PROFIT_YOY":-11.3883582982,"GROSS_PROFIT_RATIO":29.66209753421,"EPS_TTM":3.206854161846,"OPERATE_INCOME_QOQ":4.927468823283,"NET_PROFIT_RATIO":19.5788120373,"ROE_AVG":8.047034646743,"GROSS_PROFIT_QOQ":2.968514754383,"ROA":5.892412712497,"HOLDER_PROFIT_QOQ":-5.60281557535,"ROE_YEARLY":16.094069293486,"ROIC_YEARLY":17.459878272946,"TOTAL_ASSETS":38712464000,"TOTAL_LIABILITIES":10662559000,"TAX_EBT":12.027915976988,"OCF_SALES":15.134731558117,"TOTAL_PARENT_EQUITY":28055577000,"DEBT_ASSET_RATIO":27.5429613574,"OPERATE_PROFIT":2576822000,"PRETAX_PROFIT":2530164000,"NETCASH_OPERATE":1720608000,"NETCASH_INVEST":536490000,"NETCASH_FINANCE":-133751000,"END_CASH":10294661000,"DIVI_RATIO":0.660949171065,"DIVIDEND_RATE":3.893065998329,"CURRENT_RATIO":2.4762472515,"COMMON_ACS":3000000000,"CURRENTDEBT_DEBT":92.694183450708,"ISSUED_COMMON_SHARES":1503222397,"HK_COMMON_SHARES":1503222397,"PER_SHARES":100,"TOTAL_MARKET_CAP":89967860460.45,"HKSK_MARKET_CAP":89967860460.45,"PE_TTM":15.162654578786,"PB_TTM":2.406216732782,"REPORT_DATE_SQ":"2020-06-30 00:00:00","REPORT_TYPE_SQ":"2020年中报","OPERATE_INCOME_SQ":10233778000,"DPS_HKD":2.33,"OPERATE_INCOME_QOQ_SQ":-0.202578641015,"NET_PROFIT_RATIO_SQ":24.3212135342,"HOLDER_PROFIT_SQ":2512399000,"HOLDER_PROFIT_QOQ_SQ":1.891424998322,"ROE_AVG_SQ":9.739423036257,"PE_TTM_SQ":25.229428049608,"PB_TTM_SQ":3.362019808041,"ROA_SQ":7.47303082964,"START_DATE":"2021-01-01 00:00:00","FISCAL_YEAR":"12-31","CURRENCY":"HKD","IS_CNY_CODE":0,"DPS_HKD_LY":2.16,"ORG_TYPE":"一般企业","PREMIUM_INCOME":null,"PREMIUM_INCOME_YOY":null,"NET_INTEREST_INCOME":null,"NET_INTEREST_INCOME_YOY":null,"FEE_COMMISSION_INCOME":null,"FEE_COMMISSION_INCOME_YOY":null,"ACCOUNTS_RECE_TDAYS":2.906313827071,"INVENTORY_TDAYS":1.448681692321,"CURRENT_ASSETS_TDAYS":0.473415580047,"TOTAL_ASSETS_TDAYS":0.300899162269,"PREMIUM_EXPENSE":null,"LOAN_DEPOSIT":null,"LOAN_EQUITY":null,"LOAN_ASSETS":null,"DEPOSIT_EQUITY":null,"DEPOSIT_ASSETS":null,"EQUITY_MULTIPLIER":1.380128167993,"EQUITY_RATIO":0.380051317426},{"SECUCODE":"02313.HK","SECURITY_CODE":"02313","SECURITY_NAME_ABBR":"申洲国际","ORG_CODE":"10010847","STD_REPORT_DATE":"2020-12-31 00:00:00","REPORT_DATE":"2020-12-31 00:00:00","DATE_TYPE_CODE":"001","REPORT_TYPE":"2020年年报","PER_NETCASH_OPERATE":3.828156107496,"PER_OI":15.320852088129,"BPS":18.145059609566,"BASIC_EPS":3.4,"DILUTED_EPS":3.4,"OPERATE_INCOME":23030648000,"OPERATE_INCOME_YOY":1.6120521298,"GROSS_PROFIT":7194608000,"GROSS_PROFIT_YOY":4.633304639413,"HOLDER_PROFIT":5106736000,"HOLDER_PROFIT_YOY":0.226291145,"GROSS_PROFIT_RATIO":31.239277331667,"EPS_TTM":3.397192597843,"OPERATE_INCOME_QOQ":1.818314287183,"NET_PROFIT_RATIO":22.0690490341,"ROE_AVG":19.473331082237,"GROSS_PROFIT_QOQ":4.881703902308,"ROA":14.865339247737,"HOLDER_PROFIT_QOQ":-1.634223736983,"ROE_YEARLY":19.473331082237,"ROIC_YEARLY":21.397307621158,"TOTAL_ASSETS":36851761000,"TOTAL_LIABILITIES":9580931000,"TAX_EBT":7.796585387269,"OCF_SALES":24.986574411628,"TOTAL_PARENT_EQUITY":27276060000,"DEBT_ASSET_RATIO":25.9985703261,"OPERATE_PROFIT":5614406000,"PRETAX_PROFIT":5512426000,"NETCASH_OPERATE":5754570000,"NETCASH_INVEST":-2557178000,"NETCASH_FINANCE":33587000,"END_CASH":8227060000,"DIVI_RATIO":0.623917407964,"DIVIDEND_RATE":3.893065998329,"CURRENT_RATIO":2.660662797758,"COMMON_ACS":3000000000,"CURRENTDEBT_DEBT":92.398379656424,"ISSUED_COMMON_SHARES":1503222397,"HK_COMMON_SHARES":1503222397,"PER_SHARES":100,"TOTAL_MARKET_CAP":89967860460.45,"HKSK_MARKET_CAP":89967860460.45,"PE_TTM":15.162654578786,"PB_TTM":2.406216732782,"REPORT_DATE_SQ":"2019-12-31 00:00:00","REPORT_TYPE_SQ":"2019年年报","OPERATE_INCOME_SQ":22665272000,"DPS_HKD":2.33,"OPERATE_INCOME_QOQ_SQ":2.697209125257,"NET_PROFIT_RATIO_SQ":21.8772402114,"HOLDER_PROFIT_SQ":5095206000,"HOLDER_PROFIT_QOQ_SQ":6.646854945001,"ROE_AVG_SQ":21.466519860426,"PE_TTM_SQ":25.229428049608,"PB_TTM_SQ":3.362019808041,"ROA_SQ":17.153579704665,"START_DATE":"2020-01-01 00:00:00","FISCAL_YEAR":"12-31","CURRENCY":"HKD","IS_CNY_CODE":0,"DPS_HKD_LY":1.9,"ORG_TYPE":"一般企业","PREMIUM_INCOME":null,"PREMIUM_INCOME_YOY":null,"NET_INTEREST_INCOME":null,"NET_INTEREST_INCOME_YOY":null,"FEE_COMMISSION_INCOME":null,"FEE_COMMISSION_INCOME_YOY":null,"ACCOUNTS_RECE_TDAYS":5.892895103278,"INVENTORY_TDAYS":3.13776354071,"CURRENT_ASSETS_TDAYS":1.045704776107,"TOTAL_ASSETS_TDAYS":0.670405510712,"PREMIUM_EXPENSE":null,"LOAN_DEPOSIT":null,"LOAN_EQUITY":null,"LOAN_ASSETS":null,"DEPOSIT_EQUITY":null,"DEPOSIT_ASSETS":null,"EQUITY_MULTIPLIER":1.351325243859,"EQUITY_RATIO":0.35125787962},{"SECUCODE":"02313.HK","SECURITY_CODE":"02313","SECURITY_NAME_ABBR":"申洲国际","ORG_CODE":"10010847","STD_REPORT_DATE":"2020-06-30 00:00:00","REPORT_DATE":"2020-06-30 00:00:00","DATE_TYPE_CODE":"002","REPORT_TYPE":"2020年中报","PER_NETCASH_OPERATE":1.600598823435,"PER_OI":6.807893509586,"BPS":17.575515141822,"BASIC_EPS":1.67,"DILUTED_EPS":null,"OPERATE_INCOME":10233778000,"OPERATE_INCOME_YOY":-0.4466573078,"GROSS_PROFIT":3158594000,"GROSS_PROFIT_YOY":-0.512932933822,"HOLDER_PROFIT":2512399000,"HOLDER_PROFIT_YOY":3.9888627072,"GROSS_PROFIT_RATIO":30.864398270121,"EPS_TTM":3.453632682936,"OPERATE_INCOME_QOQ":-0.202578641015,"NET_PROFIT_RATIO":24.3212135342,"ROE_AVG":9.739423036257,"GROSS_PROFIT_QOQ":-0.236837554743,"ROA":7.47303082964,"HOLDER_PROFIT_QOQ":1.891424998322,"ROE_YEARLY":19.478846072513,"ROIC_YEARLY":21.539549885899,"TOTAL_ASSETS":35384233000,"TOTAL_LIABILITIES":8968829000,"TAX_EBT":10.401956270458,"OCF_SALES":23.510926267894,"TOTAL_PARENT_EQUITY":26419908000,"DEBT_ASSET_RATIO":25.3469645647,"OPERATE_PROFIT":2853800000,"PRETAX_PROFIT":2777939000,"NETCASH_OPERATE":2406056000,"NETCASH_INVEST":-2915801000,"NETCASH_FINANCE":1387671000,"END_CASH":5978246000,"DIVI_RATIO":0.613721201584,"DIVIDEND_RATE":3.893065998329,"CURRENT_RATIO":3.003974824915,"COMMON_ACS":3000000000,"CURRENTDEBT_DEBT":84.060026119352,"ISSUED_COMMON_SHARES":1503222397,"HK_COMMON_SHARES":1503222397,"PER_SHARES":100,"TOTAL_MARKET_CAP":89967860460.45,"HKSK_MARKET_CAP":89967860460.45,"PE_TTM":15.162654578786,"PB_TTM":2.406216732782,"REPORT_DATE_SQ":"2019-06-30 00:00:00","REPORT_TYPE_SQ":"2019年中报","OPERATE_INCOME_SQ":10279693000,"DPS_HKD":2.33,"OPERATE_INCOME_QOQ_SQ":5.345021683559,"NET_PROFIT_RATIO_SQ":22.7299200472,"HOLDER_PROFIT_SQ":2416027000,"HOLDER_PROFIT_QOQ_SQ":5.223140160956,"ROE_AVG_SQ":10.538167881912,"PE_TTM_SQ":25.229428049608,"PB_TTM_SQ":3.362019808041,"ROA_SQ":8.652318661192,"START_DATE":"2020-01-01 00:00:00","FISCAL_YEAR":"12-31","CURRENCY":"HKD","IS_CNY_CODE":0,"DPS_HKD_LY":1.9,"ORG_TYPE":"一般企业","PREMIUM_INCOME":null,"PREMIUM_INCOME_YOY":null,"NET_INTEREST_INCOME":null,"NET_INTEREST_INCOME_YOY":null,"FEE_COMMISSION_INCOME":null,"FEE_COMMISSION_INCOME_YOY":null,"ACCOUNTS_RECE_TDAYS":2.898004400056,"INVENTORY_TDAYS":1.349753411711,"CURRENT_ASSETS_TDAYS":0.474425119672,"TOTAL_ASSETS_TDAYS":0.304399653469,"PREMIUM_EXPENSE":null,"LOAN_DEPOSIT":null,"LOAN_EQUITY":null,"LOAN_ASSETS":null,"DEPOSIT_EQUITY":null,"DEPOSIT_ASSETS":null,"EQUITY_MULTIPLIER":1.33953026045,"EQUITY_RATIO":0.339472378178}],"count":42},"success":true,"message":"ok","code":0}