{"version":"643a2ee77a29f2403ff57572a0d7afca","result":{"pages":5,"data":[{"SECUCODE":"02319.HK","SECURITY_CODE":"02319","SECURITY_NAME_ABBR":"蒙牛乳业","ORG_CODE":"10010580","STD_REPORT_DATE":"2024-06-30 00:00:00","REPORT_DATE":"2024-06-30 00:00:00","DATE_TYPE_CODE":"002","REPORT_TYPE":"2024年中报","PER_NETCASH_OPERATE":0.487865385777,"PER_OI":11.351252760102,"BPS":11.416128031487,"BASIC_EPS":0.623,"DILUTED_EPS":0.622,"OPERATE_INCOME":44670500000,"OPERATE_INCOME_YOY":-12.6138679711,"GROSS_PROFIT":17984678000,"GROSS_PROFIT_YOY":-8.382800375054,"HOLDER_PROFIT":2445810000,"HOLDER_PROFIT_YOY":-19.0256767476,"GROSS_PROFIT_RATIO":40.260749264056,"EPS_TTM":1.076039706327,"OPERATE_INCOME_QOQ":-6.537982965026,"NET_PROFIT_RATIO":5.6682217571,"ROE_AVG":5.493238860852,"GROSS_PROFIT_QOQ":-4.491156477624,"ROA":2.108972822209,"HOLDER_PROFIT_QOQ":-11.94931295183,"ROE_YEARLY":10.986477721704,"ROIC_YEARLY":5.194446656309,"TOTAL_ASSETS":116723294000,"TOTAL_LIABILITIES":65604691000,"TAX_EBT":18.382130619639,"OCF_SALES":4.297899060901,"TOTAL_PARENT_EQUITY":44728053000,"DEBT_ASSET_RATIO":56.2053115122,"OPERATE_PROFIT":3243147000,"PRETAX_PROFIT":3102290000,"NETCASH_OPERATE":1919893000,"NETCASH_INVEST":737688000,"NETCASH_FINANCE":1482292000,"END_CASH":11352837000,"DIVI_RATIO":0.452166881147,"DIVIDEND_RATE":3.110660486674,"CURRENT_RATIO":0.986383931291,"COMMON_ACS":6000000000,"CURRENTDEBT_DEBT":57.414490375391,"ISSUED_COMMON_SHARES":3917970513,"HK_COMMON_SHARES":3917970513,"PER_SHARES":1000,"TOTAL_MARKET_CAP":67624171054.38,"HKSK_MARKET_CAP":67624171054.38,"PE_TTM":14.355709617645,"PB_TTM":1.379877376686,"REPORT_DATE_SQ":"2023-06-30 00:00:00","REPORT_TYPE_SQ":"2023年中报","OPERATE_INCOME_SQ":51118523000,"DPS_HKD":0.5369,"OPERATE_INCOME_QOQ_SQ":3.66789626578,"NET_PROFIT_RATIO_SQ":5.9841087349,"HOLDER_PROFIT_SQ":3020476000,"HOLDER_PROFIT_QOQ_SQ":-13.783308680491,"ROE_AVG_SQ":7.365741887844,"PE_TTM_SQ":15.362711563024,"PB_TTM_SQ":1.630810241998,"ROA_SQ":2.503430682502,"START_DATE":"2024-01-01 00:00:00","FISCAL_YEAR":"12-31","CURRENCY":"HKD","IS_CNY_CODE":0,"DPS_HKD_LY":0.5369,"ORG_TYPE":"一般企业","PREMIUM_INCOME":null,"PREMIUM_INCOME_YOY":null,"NET_INTEREST_INCOME":null,"NET_INTEREST_INCOME_YOY":null,"FEE_COMMISSION_INCOME":null,"FEE_COMMISSION_INCOME_YOY":null,"ACCOUNTS_RECE_TDAYS":12.571800868506,"INVENTORY_TDAYS":4.521173893376,"CURRENT_ASSETS_TDAYS":1.253346041546,"TOTAL_ASSETS_TDAYS":0.385184746381,"PREMIUM_EXPENSE":null,"LOAN_DEPOSIT":null,"LOAN_EQUITY":null,"LOAN_ASSETS":null,"DEPOSIT_EQUITY":null,"DEPOSIT_ASSETS":null,"EQUITY_MULTIPLIER":2.283381922624,"EQUITY_RATIO":1.466745959186},{"SECUCODE":"02319.HK","SECURITY_CODE":"02319","SECURITY_NAME_ABBR":"蒙牛乳业","ORG_CODE":"10010580","STD_REPORT_DATE":"2023-12-31 00:00:00","REPORT_DATE":"2023-12-31 00:00:00","DATE_TYPE_CODE":"001","REPORT_TYPE":"2023年年报","PER_NETCASH_OPERATE":2.121656261236,"PER_OI":25.06142571974,"BPS":11.311968493113,"BASIC_EPS":1.22,"DILUTED_EPS":1.216,"OPERATE_INCOME":98624041000,"OPERATE_INCOME_YOY":6.5131252122,"GROSS_PROFIT":36640095000,"GROSS_PROFIT_YOY":12.084243938978,"HOLDER_PROFIT":4809197000,"HOLDER_PROFIT_YOY":-9.3112880852,"GROSS_PROFIT_RATIO":37.151281400039,"EPS_TTM":1.222068495318,"OPERATE_INCOME_QOQ":2.744561285521,"NET_PROFIT_RATIO":4.9551559138,"ROE_AVG":11.393704121652,"GROSS_PROFIT_QOQ":5.102736080457,"ROA":4.127478752423,"HOLDER_PROFIT_QOQ":5.186954552304,"ROE_YEARLY":11.393704121652,"ROIC_YEARLY":5.021650031884,"TOTAL_ASSETS":115219951000,"TOTAL_LIABILITIES":64568240000,"TAX_EBT":22.578735389177,"OCF_SALES":8.465824270981,"TOTAL_PARENT_EQUITY":44319959000,"DEBT_ASSET_RATIO":56.0391142676,"OPERATE_PROFIT":6113992000,"PRETAX_PROFIT":6312187000,"NETCASH_OPERATE":8349338000,"NETCASH_INVEST":-285826000,"NETCASH_FINANCE":-6802385000,"END_CASH":7201880000,"DIVI_RATIO":0.398136045454,"DIVIDEND_RATE":3.338930348259,"CURRENT_RATIO":1.047070051848,"COMMON_ACS":6000000000,"CURRENTDEBT_DEBT":50.48001618133,"ISSUED_COMMON_SHARES":3917970513,"HK_COMMON_SHARES":3917970513,"PER_SHARES":1000,"TOTAL_MARKET_CAP":63000965849.04,"HKSK_MARKET_CAP":63000965849.04,"PE_TTM":13.374264811804,"PB_TTM":1.285540452903,"REPORT_DATE_SQ":"2022-12-31 00:00:00","REPORT_TYPE_SQ":"2022年年报","OPERATE_INCOME_SQ":92593322000,"DPS_HKD":0.5369,"OPERATE_INCOME_QOQ_SQ":2.928859623167,"NET_PROFIT_RATIO_SQ":5.599544209,"HOLDER_PROFIT_SQ":5302972000,"HOLDER_PROFIT_QOQ_SQ":-9.046187389169,"ROE_AVG_SQ":13.78750367699,"PE_TTM_SQ":15.770426838051,"PB_TTM_SQ":1.674090768591,"ROA_SQ":4.912102518853,"START_DATE":"2023-01-01 00:00:00","FISCAL_YEAR":"12-31","CURRENCY":"HKD","IS_CNY_CODE":0,"DPS_HKD_LY":0.4433,"ORG_TYPE":"一般企业","PREMIUM_INCOME":null,"PREMIUM_INCOME_YOY":null,"NET_INTEREST_INCOME":null,"NET_INTEREST_INCOME_YOY":null,"FEE_COMMISSION_INCOME":null,"FEE_COMMISSION_INCOME_YOY":null,"ACCOUNTS_RECE_TDAYS":26.913934608532,"INVENTORY_TDAYS":8.753665187408,"CURRENT_ASSETS_TDAYS":2.781851030224,"TOTAL_ASSETS_TDAYS":0.846437843377,"PREMIUM_EXPENSE":null,"LOAN_DEPOSIT":null,"LOAN_EQUITY":null,"LOAN_ASSETS":null,"DEPOSIT_EQUITY":null,"DEPOSIT_ASSETS":null,"EQUITY_MULTIPLIER":2.274749435412,"EQUITY_RATIO":1.456865968671},{"SECUCODE":"02319.HK","SECURITY_CODE":"02319","SECURITY_NAME_ABBR":"蒙牛乳业","ORG_CODE":"10010580","STD_REPORT_DATE":"2023-06-30 00:00:00","REPORT_DATE":"2023-06-30 00:00:00","DATE_TYPE_CODE":"002","REPORT_TYPE":"2023年中报","PER_NETCASH_OPERATE":0.874727789629,"PER_OI":12.958529508839,"BPS":10.698301291682,"BASIC_EPS":0.765,"DILUTED_EPS":0.762,"OPERATE_INCOME":51118523000,"OPERATE_INCOME_YOY":7.1166462737,"GROSS_PROFIT":19630242000,"GROSS_PROFIT_YOY":12.437489278333,"HOLDER_PROFIT":3020476000,"HOLDER_PROFIT_YOY":-19.4840540907,"GROSS_PROFIT_RATIO":38.40142642619,"EPS_TTM":1.159012477049,"OPERATE_INCOME_QOQ":3.66789626578,"NET_PROFIT_RATIO":5.9841087349,"ROE_AVG":7.365741887844,"GROSS_PROFIT_QOQ":6.64255576865,"ROA":2.503430682502,"HOLDER_PROFIT_QOQ":-13.783308680491,"ROE_YEARLY":14.731483775688,"ROIC_YEARLY":6.289700536139,"TOTAL_ASSETS":123493736000,"TOTAL_LIABILITIES":73372324000,"TAX_EBT":17.397829706547,"OCF_SALES":6.75020872571,"TOTAL_PARENT_EQUITY":41915629000,"DEBT_ASSET_RATIO":59.4138021705,"OPERATE_PROFIT":3477949000,"PRETAX_PROFIT":3703278000,"NETCASH_OPERATE":3450607000,"NETCASH_INVEST":-4294346000,"NETCASH_FINANCE":3694303000,"END_CASH":8614119000,"DIVI_RATIO":0.419796617927,"DIVIDEND_RATE":3.338930348259,"CURRENT_RATIO":1.199018463839,"COMMON_ACS":6000000000,"CURRENTDEBT_DEBT":46.469758815327,"ISSUED_COMMON_SHARES":3917970513,"HK_COMMON_SHARES":3917970513,"PER_SHARES":1000,"TOTAL_MARKET_CAP":63000965849.04,"HKSK_MARKET_CAP":63000965849.04,"PE_TTM":13.374264811804,"PB_TTM":1.285540452903,"REPORT_DATE_SQ":"2022-06-30 00:00:00","REPORT_TYPE_SQ":"2022年中报","OPERATE_INCOME_SQ":47722296000,"DPS_HKD":0.5369,"OPERATE_INCOME_QOQ_SQ":2.06155728617,"NET_PROFIT_RATIO_SQ":7.6339558348,"HOLDER_PROFIT_SQ":3751401000,"HOLDER_PROFIT_QOQ_SQ":16.015482524554,"ROE_AVG_SQ":9.911085717091,"PE_TTM_SQ":15.770426838051,"PB_TTM_SQ":1.674090768591,"ROA_SQ":3.690949793813,"START_DATE":"2023-01-01 00:00:00","FISCAL_YEAR":"12-31","CURRENCY":"HKD","IS_CNY_CODE":0,"DPS_HKD_LY":0.4433,"ORG_TYPE":"一般企业","PREMIUM_INCOME":null,"PREMIUM_INCOME_YOY":null,"NET_INTEREST_INCOME":null,"NET_INTEREST_INCOME_YOY":null,"FEE_COMMISSION_INCOME":null,"FEE_COMMISSION_INCOME_YOY":null,"ACCOUNTS_RECE_TDAYS":12.484338687036,"INVENTORY_TDAYS":4.267328362282,"CURRENT_ASSETS_TDAYS":1.316491210558,"TOTAL_ASSETS_TDAYS":0.423680502419,"PREMIUM_EXPENSE":null,"LOAN_DEPOSIT":null,"LOAN_EQUITY":null,"LOAN_ASSETS":null,"DEPOSIT_EQUITY":null,"DEPOSIT_ASSETS":null,"EQUITY_MULTIPLIER":2.463891799377,"EQUITY_RATIO":1.750476510802},{"SECUCODE":"02319.HK","SECURITY_CODE":"02319","SECURITY_NAME_ABBR":"蒙牛乳业","ORG_CODE":"10010580","STD_REPORT_DATE":"2022-12-31 00:00:00","REPORT_DATE":"2022-12-31 00:00:00","DATE_TYPE_CODE":"001","REPORT_TYPE":"2022年年报","PER_NETCASH_OPERATE":2.106861726635,"PER_OI":23.410552301168,"BPS":10.234518066675,"BASIC_EPS":1.342,"DILUTED_EPS":1.336,"OPERATE_INCOME":92593322000,"OPERATE_INCOME_YOY":5.0507970283,"GROSS_PROFIT":32689782000,"GROSS_PROFIT_YOY":0.925806718721,"HOLDER_PROFIT":5302972000,"HOLDER_PROFIT_YOY":5.5205045749,"GROSS_PROFIT_RATIO":35.304686443802,"EPS_TTM":1.340760874285,"OPERATE_INCOME_QOQ":2.928859623167,"NET_PROFIT_RATIO":5.599544209,"ROE_AVG":13.78750367699,"GROSS_PROFIT_QOQ":1.219020781651,"ROA":4.912102518853,"HOLDER_PROFIT_QOQ":-9.046187389169,"ROE_YEARLY":13.78750367699,"ROIC_YEARLY":6.005569524143,"TOTAL_ASSETS":117813205000,"TOTAL_LIABILITIES":67761407000,"TAX_EBT":20.262649536253,"OCF_SALES":8.999624184561,"TOTAL_PARENT_EQUITY":40098540000,"DEBT_ASSET_RATIO":57.5159694535,"OPERATE_PROFIT":5833282000,"PRETAX_PROFIT":6502353000,"NETCASH_OPERATE":8333051000,"NETCASH_INVEST":-14862347000,"NETCASH_FINANCE":4147103000,"END_CASH":5693433000,"DIVI_RATIO":0.362890599906,"DIVIDEND_RATE":3.338930348259,"CURRENT_RATIO":1.109305174648,"COMMON_ACS":6000000000,"CURRENTDEBT_DEBT":48.926451600983,"ISSUED_COMMON_SHARES":3917970513,"HK_COMMON_SHARES":3917970513,"PER_SHARES":1000,"TOTAL_MARKET_CAP":63000965849.04,"HKSK_MARKET_CAP":63000965849.04,"PE_TTM":13.374264811804,"PB_TTM":1.285540452903,"REPORT_DATE_SQ":"2021-12-31 00:00:00","REPORT_TYPE_SQ":"2021年年报","OPERATE_INCOME_SQ":88141475000,"DPS_HKD":0.5369,"OPERATE_INCOME_QOQ_SQ":4.424868748998,"NET_PROFIT_RATIO_SQ":5.6314669116,"HOLDER_PROFIT_SQ":5025537000,"HOLDER_PROFIT_QOQ_SQ":-4.458470491278,"ROE_AVG_SQ":14.398081400661,"PE_TTM_SQ":15.770426838051,"PB_TTM_SQ":1.674090768591,"ROA_SQ":5.6388276208,"START_DATE":"2022-01-01 00:00:00","FISCAL_YEAR":"12-31","CURRENCY":"HKD","IS_CNY_CODE":0,"DPS_HKD_LY":0.4486,"ORG_TYPE":"一般企业","PREMIUM_INCOME":null,"PREMIUM_INCOME_YOY":null,"NET_INTEREST_INCOME":null,"NET_INTEREST_INCOME_YOY":null,"FEE_COMMISSION_INCOME":null,"FEE_COMMISSION_INCOME_YOY":null,"ACCOUNTS_RECE_TDAYS":23.681368503299,"INVENTORY_TDAYS":8.229151426808,"CURRENT_ASSETS_TDAYS":2.73148668861,"TOTAL_ASSETS_TDAYS":0.857684879772,"PREMIUM_EXPENSE":null,"LOAN_DEPOSIT":null,"LOAN_EQUITY":null,"LOAN_ASSETS":null,"DEPOSIT_EQUITY":null,"DEPOSIT_ASSETS":null,"EQUITY_MULTIPLIER":2.353825630799,"EQUITY_RATIO":1.689872174897},{"SECUCODE":"02319.HK","SECURITY_CODE":"02319","SECURITY_NAME_ABBR":"蒙牛乳业","ORG_CODE":"10010580","STD_REPORT_DATE":"2022-06-30 00:00:00","REPORT_DATE":"2022-06-30 00:00:00","DATE_TYPE_CODE":"002","REPORT_TYPE":"2022年中报","PER_NETCASH_OPERATE":0.443559080598,"PER_OI":12.067256739943,"BPS":9.922312296892,"BASIC_EPS":0.949,"DILUTED_EPS":0.945,"OPERATE_INCOME":47722296000,"OPERATE_INCOME_YOY":3.9583459908,"GROSS_PROFIT":17458805000,"GROSS_PROFIT_YOY":-0.534552280561,"HOLDER_PROFIT":3751401000,"HOLDER_PROFIT_YOY":27.3155911499,"GROSS_PROFIT_RATIO":36.584168121333,"EPS_TTM":1.474299261792,"OPERATE_INCOME_QOQ":2.06155728617,"NET_PROFIT_RATIO":7.6339558348,"ROE_AVG":9.911085717091,"GROSS_PROFIT_QOQ":-0.289682769766,"ROA":3.690949793813,"HOLDER_PROFIT_QOQ":16.015482524554,"ROE_YEARLY":19.822171434182,"ROIC_YEARLY":8.734523598705,"TOTAL_ASSETS":105174301000,"TOTAL_LIABILITIES":61212838000,"TAX_EBT":12.166501556392,"OCF_SALES":3.6757242359,"TOTAL_PARENT_EQUITY":38875327000,"DEBT_ASSET_RATIO":58.2013261966,"OPERATE_PROFIT":3668490000,"PRETAX_PROFIT":4147733000,"NETCASH_OPERATE":1754140000,"NETCASH_INVEST":-10233453000,"NETCASH_FINANCE":5768530000,"END_CASH":5408332000,"DIVI_RATIO":0.33002086524,"DIVIDEND_RATE":3.338930348259,"CURRENT_RATIO":1.082803791982,"COMMON_ACS":6000000000,"CURRENTDEBT_DEBT":48.263039201025,"ISSUED_COMMON_SHARES":3917970513,"HK_COMMON_SHARES":3917970513,"PER_SHARES":1000,"TOTAL_MARKET_CAP":63000965849.04,"HKSK_MARKET_CAP":63000965849.04,"PE_TTM":13.374264811804,"PB_TTM":1.285540452903,"REPORT_DATE_SQ":"2021-06-30 00:00:00","REPORT_TYPE_SQ":"2021年中报","OPERATE_INCOME_SQ":45905209000,"DPS_HKD":0.5369,"OPERATE_INCOME_QOQ_SQ":11.010412541913,"NET_PROFIT_RATIO_SQ":6.4640768763,"HOLDER_PROFIT_SQ":2946537000,"HOLDER_PROFIT_QOQ_SQ":49.219555841005,"ROE_AVG_SQ":8.707093520767,"PE_TTM_SQ":15.770426838051,"PB_TTM_SQ":1.674090768591,"ROA_SQ":3.541166064362,"START_DATE":"2022-01-01 00:00:00","FISCAL_YEAR":"12-31","CURRENCY":"HKD","IS_CNY_CODE":0,"DPS_HKD_LY":0.4486,"ORG_TYPE":"一般企业","PREMIUM_INCOME":null,"PREMIUM_INCOME_YOY":null,"NET_INTEREST_INCOME":null,"NET_INTEREST_INCOME_YOY":null,"FEE_COMMISSION_INCOME":null,"FEE_COMMISSION_INCOME_YOY":null,"ACCOUNTS_RECE_TDAYS":10.091165231392,"INVENTORY_TDAYS":4.757262358849,"CURRENT_ASSETS_TDAYS":1.514767414718,"TOTAL_ASSETS_TDAYS":0.469532845413,"PREMIUM_EXPENSE":null,"LOAN_DEPOSIT":null,"LOAN_EQUITY":null,"LOAN_ASSETS":null,"DEPOSIT_EQUITY":null,"DEPOSIT_ASSETS":null,"EQUITY_MULTIPLIER":2.392420402388,"EQUITY_RATIO":1.574593520461},{"SECUCODE":"02319.HK","SECURITY_CODE":"02319","SECURITY_NAME_ABBR":"蒙牛乳业","ORG_CODE":"10010580","STD_REPORT_DATE":"2021-12-31 00:00:00","REPORT_DATE":"2021-12-31 00:00:00","DATE_TYPE_CODE":"001","REPORT_TYPE":"2021年年报","PER_NETCASH_OPERATE":1.908509241921,"PER_OI":22.296352122344,"BPS":9.399198865283,"BASIC_EPS":1.274,"DILUTED_EPS":1.267,"OPERATE_INCOME":88141475000,"OPERATE_INCOME_YOY":15.9224775946,"GROSS_PROFIT":32389914000,"GROSS_PROFIT_YOY":13.135621992589,"HOLDER_PROFIT":5025537000,"HOLDER_PROFIT_YOY":42.5666459766,"GROSS_PROFIT_RATIO":36.747642355656,"EPS_TTM":1.271264663495,"OPERATE_INCOME_QOQ":4.424868748998,"NET_PROFIT_RATIO":5.6314669116,"ROE_AVG":14.398081400661,"GROSS_PROFIT_QOQ":2.728829392208,"ROA":5.6388276208,"HOLDER_PROFIT_QOQ":-4.458470491278,"ROE_YEARLY":14.398081400661,"ROIC_YEARLY":6.896467021054,"TOTAL_ASSETS":98101344000,"TOTAL_LIABILITIES":56101912000,"TAX_EBT":15.413839549243,"OCF_SALES":8.559737626356,"TOTAL_PARENT_EQUITY":36825784000,"DEBT_ASSET_RATIO":57.187709885,"OPERATE_PROFIT":4890513000,"PRETAX_PROFIT":5868168000,"NETCASH_OPERATE":7544679000,"NETCASH_INVEST":-15440162000,"NETCASH_FINANCE":6772590000,"END_CASH":8091745000,"DIVI_RATIO":0.382728736172,"DIVIDEND_RATE":3.338930348259,"CURRENT_RATIO":1.067002262792,"COMMON_ACS":6000000000,"CURRENTDEBT_DEBT":51.820066310753,"ISSUED_COMMON_SHARES":3917970513,"HK_COMMON_SHARES":3917970513,"PER_SHARES":1000,"TOTAL_MARKET_CAP":63000965849.04,"HKSK_MARKET_CAP":63000965849.04,"PE_TTM":13.374264811804,"PB_TTM":1.285540452903,"REPORT_DATE_SQ":"2020-12-31 00:00:00","REPORT_TYPE_SQ":"2020年年报","OPERATE_INCOME_SQ":76034844000,"DPS_HKD":0.5369,"OPERATE_INCOME_QOQ_SQ":-0.875070183488,"NET_PROFIT_RATIO_SQ":4.6052478256,"HOLDER_PROFIT_SQ":3525044000,"HOLDER_PROFIT_QOQ_SQ":8.796411892827,"ROE_AVG_SQ":11.350070673835,"PE_TTM_SQ":15.770426838051,"PB_TTM_SQ":1.674090768591,"ROA_SQ":4.442857359371,"START_DATE":"2021-01-01 00:00:00","FISCAL_YEAR":"12-31","CURRENCY":"HKD","IS_CNY_CODE":0,"DPS_HKD_LY":0.326,"ORG_TYPE":"一般企业","PREMIUM_INCOME":null,"PREMIUM_INCOME_YOY":null,"NET_INTEREST_INCOME":null,"NET_INTEREST_INCOME_YOY":null,"FEE_COMMISSION_INCOME":null,"FEE_COMMISSION_INCOME_YOY":null,"ACCOUNTS_RECE_TDAYS":24.661683955764,"INVENTORY_TDAYS":9.293526094282,"CURRENT_ASSETS_TDAYS":2.819330991692,"TOTAL_ASSETS_TDAYS":0.988978060987,"PREMIUM_EXPENSE":null,"LOAN_DEPOSIT":null,"LOAN_EQUITY":null,"LOAN_ASSETS":null,"DEPOSIT_EQUITY":null,"DEPOSIT_ASSETS":null,"EQUITY_MULTIPLIER":2.33577787433,"EQUITY_RATIO":1.523441075959},{"SECUCODE":"02319.HK","SECURITY_CODE":"02319","SECURITY_NAME_ABBR":"蒙牛乳业","ORG_CODE":"10010580","STD_REPORT_DATE":"2021-06-30 00:00:00","REPORT_DATE":"2021-06-30 00:00:00","DATE_TYPE_CODE":"002","REPORT_TYPE":"2021年中报","PER_NETCASH_OPERATE":0.684856140752,"PER_OI":11.626233924351,"BPS":8.856283344877,"BASIC_EPS":0.748,"DILUTED_EPS":0.744,"OPERATE_INCOME":45905209000,"OPERATE_INCOME_YOY":22.3047654627,"GROSS_PROFIT":17552633000,"GROSS_PROFIT_YOY":19.793684113973,"HOLDER_PROFIT":2946537000,"HOLDER_PROFIT_YOY":143.2087301469,"GROSS_PROFIT_RATIO":38.236691178119,"EPS_TTM":1.332193692549,"OPERATE_INCOME_QOQ":11.010412541913,"NET_PROFIT_RATIO":6.4640768763,"ROE_AVG":8.707093520767,"GROSS_PROFIT_QOQ":10.130352562132,"ROA":3.541166064362,"HOLDER_PROFIT_QOQ":49.219555841005,"ROE_YEARLY":17.414187041534,"ROIC_YEARLY":8.567287701937,"TOTAL_ASSETS":86269960000,"TOTAL_LIABILITIES":46724514000,"TAX_EBT":12.649192077708,"OCF_SALES":5.890610366244,"TOTAL_PARENT_EQUITY":34698657000,"DEBT_ASSET_RATIO":54.1608156536,"OPERATE_PROFIT":2893145000,"PRETAX_PROFIT":3397047000,"NETCASH_OPERATE":2704097000,"NETCASH_INVEST":-9196076000,"NETCASH_FINANCE":3052701000,"END_CASH":5763704000,"DIVI_RATIO":0.365224306887,"DIVIDEND_RATE":3.338930348259,"CURRENT_RATIO":1.107503060759,"COMMON_ACS":6000000000,"CURRENTDEBT_DEBT":59.061284190136,"ISSUED_COMMON_SHARES":3917970513,"HK_COMMON_SHARES":3917970513,"PER_SHARES":1000,"TOTAL_MARKET_CAP":63000965849.04,"HKSK_MARKET_CAP":63000965849.04,"PE_TTM":13.374264811804,"PB_TTM":1.285540452903,"REPORT_DATE_SQ":"2020-06-30 00:00:00","REPORT_TYPE_SQ":"2020年中报","OPERATE_INCOME_SQ":37533459000,"DPS_HKD":0.5369,"OPERATE_INCOME_QOQ_SQ":-2.940382429648,"NET_PROFIT_RATIO_SQ":3.0234303745,"HOLDER_PROFIT_SQ":1211526000,"HOLDER_PROFIT_QOQ_SQ":-21.079363780275,"ROE_AVG_SQ":4.1246151066,"PE_TTM_SQ":15.770426838051,"PB_TTM_SQ":1.674090768591,"ROA_SQ":1.4813321129,"START_DATE":"2021-01-01 00:00:00","FISCAL_YEAR":"12-31","CURRENCY":"HKD","IS_CNY_CODE":0,"DPS_HKD_LY":0.326,"ORG_TYPE":"一般企业","PREMIUM_INCOME":null,"PREMIUM_INCOME_YOY":null,"NET_INTEREST_INCOME":null,"NET_INTEREST_INCOME_YOY":null,"FEE_COMMISSION_INCOME":null,"FEE_COMMISSION_INCOME_YOY":null,"ACCOUNTS_RECE_TDAYS":13.351881034569,"INVENTORY_TDAYS":5.310478063491,"CURRENT_ASSETS_TDAYS":1.479158921297,"TOTAL_ASSETS_TDAYS":0.551691590122,"PREMIUM_EXPENSE":null,"LOAN_DEPOSIT":null,"LOAN_EQUITY":null,"LOAN_ASSETS":null,"DEPOSIT_EQUITY":null,"DEPOSIT_ASSETS":null,"EQUITY_MULTIPLIER":2.181539689806,"EQUITY_RATIO":1.346579897891},{"SECUCODE":"02319.HK","SECURITY_CODE":"02319","SECURITY_NAME_ABBR":"蒙牛乳业","ORG_CODE":"10010580","STD_REPORT_DATE":"2020-12-31 00:00:00","REPORT_DATE":"2020-12-31 00:00:00","DATE_TYPE_CODE":"001","REPORT_TYPE":"2020年年报","PER_NETCASH_OPERATE":1.354491138471,"PER_OI":19.258549675776,"BPS":8.418297659608,"BASIC_EPS":0.897,"DILUTED_EPS":0.892,"OPERATE_INCOME":76034844000,"OPERATE_INCOME_YOY":-3.7897222032,"GROSS_PROFIT":28629280000,"GROSS_PROFIT_YOY":-3.535657022259,"HOLDER_PROFIT":3525044000,"HOLDER_PROFIT_YOY":-14.1371795499,"GROSS_PROFIT_RATIO":37.65284242577,"EPS_TTM":0.892843746524,"OPERATE_INCOME_QOQ":-0.875070183488,"NET_PROFIT_RATIO":4.6052478256,"ROE_AVG":11.350070673835,"GROSS_PROFIT_QOQ":-0.42776099321,"ROA":4.442857359371,"HOLDER_PROFIT_QOQ":8.796411892827,"ROE_YEARLY":11.350070673835,"ROIC_YEARLY":5.337706654873,"TOTAL_ASSETS":80146240000,"TOTAL_LIABILITIES":42898681000,"TAX_EBT":15.721459540877,"OCF_SALES":7.03319388674,"TOTAL_PARENT_EQUITY":32982642000,"DEBT_ASSET_RATIO":53.5255066239,"OPERATE_PROFIT":3238808000,"PRETAX_PROFIT":4154786000,"NETCASH_OPERATE":5347678000,"NETCASH_INVEST":4821771000,"NETCASH_FINANCE":-4570509000,"END_CASH":9225493000,"DIVI_RATIO":0.544943636436,"DIVIDEND_RATE":3.338930348259,"CURRENT_RATIO":1.205094066453,"COMMON_ACS":6000000000,"CURRENTDEBT_DEBT":60.944754921486,"ISSUED_COMMON_SHARES":3917970513,"HK_COMMON_SHARES":3917970513,"PER_SHARES":1000,"TOTAL_MARKET_CAP":63000965849.04,"HKSK_MARKET_CAP":63000965849.04,"PE_TTM":13.374264811804,"PB_TTM":1.285540452903,"REPORT_DATE_SQ":"2019-12-31 00:00:00","REPORT_TYPE_SQ":"2019年年报","OPERATE_INCOME_SQ":79029856000,"DPS_HKD":0.5369,"OPERATE_INCOME_QOQ_SQ":6.280108858034,"NET_PROFIT_RATIO_SQ":5.4358127642,"HOLDER_PROFIT_SQ":4105437000,"HOLDER_PROFIT_QOQ_SQ":15.387936231693,"ROE_AVG_SQ":15.108891679637,"PE_TTM_SQ":15.770426838051,"PB_TTM_SQ":1.674090768591,"ROA_SQ":5.662880196238,"START_DATE":"2020-01-01 00:00:00","FISCAL_YEAR":"12-31","CURRENCY":"HKD","IS_CNY_CODE":0,"DPS_HKD_LY":0.197,"ORG_TYPE":"一般企业","PREMIUM_INCOME":null,"PREMIUM_INCOME_YOY":null,"NET_INTEREST_INCOME":null,"NET_INTEREST_INCOME_YOY":null,"FEE_COMMISSION_INCOME":null,"FEE_COMMISSION_INCOME_YOY":null,"ACCOUNTS_RECE_TDAYS":23.127667664148,"INVENTORY_TDAYS":8.94242639917,"CURRENT_ASSETS_TDAYS":2.204153118847,"TOTAL_ASSETS_TDAYS":0.958319857097,"PREMIUM_EXPENSE":null,"LOAN_DEPOSIT":null,"LOAN_EQUITY":null,"LOAN_ASSETS":null,"DEPOSIT_EQUITY":null,"DEPOSIT_ASSETS":null,"EQUITY_MULTIPLIER":2.15171791526,"EQUITY_RATIO":1.300644169136},{"SECUCODE":"02319.HK","SECURITY_CODE":"02319","SECURITY_NAME_ABBR":"蒙牛乳业","ORG_CODE":"10010580","STD_REPORT_DATE":"2020-06-30 00:00:00","REPORT_DATE":"2020-06-30 00:00:00","DATE_TYPE_CODE":"002","REPORT_TYPE":"2020年中报","PER_NETCASH_OPERATE":0.684705965452,"PER_OI":9.529669235175,"BPS":7.558467298756,"BASIC_EPS":0.309,"DILUTED_EPS":0.308,"OPERATE_INCOME":37533459000,"OPERATE_INCOME_YOY":-5.8302583378,"GROSS_PROFIT":14652386000,"GROSS_PROFIT_YOY":-5.946203955406,"HOLDER_PROFIT":1211526000,"HOLDER_PROFIT_YOY":-41.6673487645,"GROSS_PROFIT_RATIO":39.038197891647,"EPS_TTM":0.822638833253,"OPERATE_INCOME_QOQ":-2.940382429648,"NET_PROFIT_RATIO":3.0234303745,"ROE_AVG":4.1246151066,"GROSS_PROFIT_QOQ":-3.121247508391,"ROA":1.4813321129,"HOLDER_PROFIT_QOQ":-21.079363780275,"ROE_YEARLY":8.249230213201,"ROIC_YEARLY":3.531661327506,"TOTAL_ASSETS":85035097000,"TOTAL_LIABILITIES":51270976000,"TAX_EBT":19.078024096935,"OCF_SALES":7.184991929468,"TOTAL_PARENT_EQUITY":29613852000,"DEBT_ASSET_RATIO":60.2938995883,"OPERATE_PROFIT":956389000,"PRETAX_PROFIT":1402336000,"NETCASH_OPERATE":2696776000,"NETCASH_INVEST":-405447000,"NETCASH_FINANCE":5171496000,"END_CASH":11262173000,"DIVI_RATIO":0.591449732656,"DIVIDEND_RATE":3.338930348259,"CURRENT_RATIO":1.270725056085,"COMMON_ACS":6000000000,"CURRENTDEBT_DEBT":63.602781815583,"ISSUED_COMMON_SHARES":3917970513,"HK_COMMON_SHARES":3917970513,"PER_SHARES":1000,"TOTAL_MARKET_CAP":63000965849.04,"HKSK_MARKET_CAP":63000965849.04,"PE_TTM":13.374264811804,"PB_TTM":1.285540452903,"REPORT_DATE_SQ":"2019-06-30 00:00:00","REPORT_TYPE_SQ":"2019年中报","OPERATE_INCOME_SQ":39857239000,"DPS_HKD":0.5369,"OPERATE_INCOME_QOQ_SQ":7.803902531894,"NET_PROFIT_RATIO_SQ":5.4209274255,"HOLDER_PROFIT_SQ":2076926000,"HOLDER_PROFIT_QOQ_SQ":16.921062230737,"ROE_AVG_SQ":8.002710460867,"PE_TTM_SQ":15.770426838051,"PB_TTM_SQ":1.674090768591,"ROA_SQ":2.962469290298,"START_DATE":"2020-01-01 00:00:00","FISCAL_YEAR":"12-31","CURRENCY":"HKD","IS_CNY_CODE":0,"DPS_HKD_LY":0.197,"ORG_TYPE":"一般企业","PREMIUM_INCOME":null,"PREMIUM_INCOME_YOY":null,"NET_INTEREST_INCOME":null,"NET_INTEREST_INCOME_YOY":null,"FEE_COMMISSION_INCOME":null,"FEE_COMMISSION_INCOME_YOY":null,"ACCOUNTS_RECE_TDAYS":9.794135698253,"INVENTORY_TDAYS":5.034169473044,"CURRENT_ASSETS_TDAYS":0.951131403761,"TOTAL_ASSETS_TDAYS":0.458921377873,"PREMIUM_EXPENSE":null,"LOAN_DEPOSIT":null,"LOAN_EQUITY":null,"LOAN_ASSETS":null,"DEPOSIT_EQUITY":null,"DEPOSIT_ASSETS":null,"EQUITY_MULTIPLIER":2.518504687268,"EQUITY_RATIO":1.731317357836}],"count":43},"success":true,"message":"ok","code":0}