{"version":"c9ce7ce02e6362ee8bd4ca556d453c1e","result":{"pages":5,"data":[{"SECUCODE":"02310.HK","SECURITY_CODE":"02310","SECURITY_NAME_ABBR":"时代环球集团","ORG_CODE":"10010577","STD_REPORT_DATE":"2024-06-30 00:00:00","REPORT_DATE":"2024-06-30 00:00:00","DATE_TYPE_CODE":"002","REPORT_TYPE":"2024年中报","PER_NETCASH_OPERATE":-0.000805052502,"PER_OI":0.041747483989,"BPS":-0.021952712775,"BASIC_EPS":-0.002464236,"DILUTED_EPS":null,"OPERATE_INCOME":45624873.2,"OPERATE_INCOME_YOY":8.7613950351,"GROSS_PROFIT":12285585.48,"GROSS_PROFIT_YOY":22.699991454855,"HOLDER_PROFIT":-2686017.24,"HOLDER_PROFIT_YOY":20.4379562044,"GROSS_PROFIT_RATIO":26.927385477095,"EPS_TTM":-0.006211289842,"OPERATE_INCOME_QOQ":3.528963594641,"NET_PROFIT_RATIO":-5.8871774355,"ROE_AVG":11.83353437877,"GROSS_PROFIT_QOQ":9.837196034515,"ROA":-2.444331857709,"HOLDER_PROFIT_QOQ":9.642337812825,"ROE_YEARLY":23.667068757539,"ROIC_YEARLY":-5.293689123924,"TOTAL_ASSETS":109906750.96,"TOTAL_LIABILITIES":133898370.12,"TAX_EBT":-5.711206896552,"OCF_SALES":-1.928385677135,"TOTAL_PARENT_EQUITY":-23991619.16,"DEBT_ASSET_RATIO":121.8290677783,"OPERATE_PROFIT":-1284140.76,"PRETAX_PROFIT":-2540901.12,"NETCASH_OPERATE":-879823.52,"NETCASH_INVEST":-774865.32,"NETCASH_FINANCE":1413741.32,"END_CASH":8247889.16,"DIVI_RATIO":null,"DIVIDEND_RATE":null,"CURRENT_RATIO":0.158580649814,"COMMON_ACS":null,"CURRENTDEBT_DEBT":94.510220913509,"ISSUED_COMMON_SHARES":1092877195,"HK_COMMON_SHARES":1092877195,"PER_SHARES":2000,"TOTAL_MARKET_CAP":34972070.24,"HKSK_MARKET_CAP":34972070.24,"PE_TTM":-4.64189942129,"PB_TTM":-1.330394120288,"REPORT_DATE_SQ":"2023-06-30 00:00:00","REPORT_TYPE_SQ":"2023年中报","OPERATE_INCOME_SQ":42376966.74,"DPS_HKD":null,"OPERATE_INCOME_QOQ_SQ":4.416024333196,"NET_PROFIT_RATIO_SQ":-8.0477775602,"HOLDER_PROFIT_SQ":-3410404.02,"HOLDER_PROFIT_QOQ_SQ":29.672494356064,"ROE_AVG_SQ":22.114608555287,"PE_TTM_SQ":-1.757857782649,"PB_TTM_SQ":-1.822735946898,"ROA_SQ":-2.830112890824,"START_DATE":"2024-01-01 00:00:00","FISCAL_YEAR":"12-31","CURRENCY":"HKD","IS_CNY_CODE":0,"DPS_HKD_LY":null,"ORG_TYPE":"一般企业","PREMIUM_INCOME":null,"PREMIUM_INCOME_YOY":null,"NET_INTEREST_INCOME":null,"NET_INTEREST_INCOME_YOY":null,"FEE_COMMISSION_INCOME":null,"FEE_COMMISSION_INCOME_YOY":null,"ACCOUNTS_RECE_TDAYS":4.776190703674,"INVENTORY_TDAYS":280.992307692308,"CURRENT_ASSETS_TDAYS":2.5236640836,"TOTAL_ASSETS_TDAYS":0.415195887077,"PREMIUM_EXPENSE":null,"LOAN_DEPOSIT":null,"LOAN_EQUITY":null,"LOAN_ASSETS":null,"DEPOSIT_EQUITY":null,"DEPOSIT_ASSETS":null,"EQUITY_MULTIPLIER":-4.581047666149,"EQUITY_RATIO":-5.581047666147},{"SECUCODE":"02310.HK","SECURITY_CODE":"02310","SECURITY_NAME_ABBR":"时代环球集团","ORG_CODE":"10010577","STD_REPORT_DATE":"2023-12-31 00:00:00","REPORT_DATE":"2023-12-31 00:00:00","DATE_TYPE_CODE":"001","REPORT_TYPE":"2023年年报","PER_NETCASH_OPERATE":0.007022543077,"PER_OI":0.084214130939,"BPS":-0.019447361293,"BASIC_EPS":-0.006887272,"DILUTED_EPS":null,"OPERATE_INCOME":92035703.2,"OPERATE_INCOME_YOY":5.7310915621,"GROSS_PROFIT":23104985.12,"GROSS_PROFIT_YOY":11.230855208963,"HOLDER_PROFIT":-7512563.8,"HOLDER_PROFIT_YOY":70.7563143784,"GROSS_PROFIT_RATIO":25.104371799921,"EPS_TTM":-0.006874115257,"OPERATE_INCOME_QOQ":2.727437886558,"NET_PROFIT_RATIO":-8.1626624655,"ROE_AVG":43.268352514418,"GROSS_PROFIT_QOQ":3.878529845915,"ROA":-6.434062501213,"HOLDER_PROFIT_QOQ":57.815025956535,"ROE_YEARLY":43.268352514418,"ROIC_YEARLY":-7.252589585666,"TOTAL_ASSETS":109090763.6,"TOTAL_LIABILITIES":130344341.26,"TAX_EBT":-297.601918465228,"OCF_SALES":8.338912957857,"TOTAL_PARENT_EQUITY":-21253577.66,"DEBT_ASSET_RATIO":119.4824721715,"OPERATE_PROFIT":1942935.68,"PRETAX_PROFIT":-1889468.7,"NETCASH_OPERATE":7674777.18,"NETCASH_INVEST":-4877276.04,"NETCASH_FINANCE":-10736894.56,"END_CASH":8485844.08,"DIVI_RATIO":null,"DIVIDEND_RATE":null,"CURRENT_RATIO":0.130670362903,"COMMON_ACS":null,"CURRENTDEBT_DEBT":93.797668129011,"ISSUED_COMMON_SHARES":1092877195,"HK_COMMON_SHARES":1092877195,"PER_SHARES":2000,"TOTAL_MARKET_CAP":28414807.07,"HKSK_MARKET_CAP":28414807.07,"PE_TTM":-3.771543279798,"PB_TTM":-1.080945222734,"REPORT_DATE_SQ":"2022-12-31 00:00:00","REPORT_TYPE_SQ":"2022年年报","OPERATE_INCOME_SQ":85803049.85,"DPS_HKD":null,"OPERATE_INCOME_QOQ_SQ":17.464636868115,"NET_PROFIT_RATIO_SQ":-29.5122586018,"HOLDER_PROFIT_SQ":-25322417.96,"HOLDER_PROFIT_QOQ_SQ":-7.352418663954,"ROE_AVG_SQ":-4026.70454545455,"PE_TTM_SQ":-1.587742513361,"PB_TTM_SQ":-1.646342145586,"ROA_SQ":-17.771926524983,"START_DATE":"2023-01-01 00:00:00","FISCAL_YEAR":"12-31","CURRENCY":"HKD","IS_CNY_CODE":0,"DPS_HKD_LY":null,"ORG_TYPE":"一般企业","PREMIUM_INCOME":null,"PREMIUM_INCOME_YOY":null,"NET_INTEREST_INCOME":null,"NET_INTEREST_INCOME_YOY":null,"FEE_COMMISSION_INCOME":null,"FEE_COMMISSION_INCOME_YOY":null,"ACCOUNTS_RECE_TDAYS":12.300611639314,"INVENTORY_TDAYS":200.168421052632,"CURRENT_ASSETS_TDAYS":4.381741306411,"TOTAL_ASSETS_TDAYS":0.788230865649,"PREMIUM_EXPENSE":null,"LOAN_DEPOSIT":null,"LOAN_EQUITY":null,"LOAN_ASSETS":null,"DEPOSIT_EQUITY":null,"DEPOSIT_ASSETS":null,"EQUITY_MULTIPLIER":-5.132818829136,"EQUITY_RATIO":-6.132818829148},{"SECUCODE":"02310.HK","SECURITY_CODE":"02310","SECURITY_NAME_ABBR":"时代环球集团","ORG_CODE":"10010577","STD_REPORT_DATE":"2023-06-30 00:00:00","REPORT_DATE":"2023-06-30 00:00:00","DATE_TYPE_CODE":"002","REPORT_TYPE":"2023年中报","PER_NETCASH_OPERATE":0.002001081704,"PER_OI":0.038775597966,"BPS":-0.015680482984,"BASIC_EPS":-0.003134732,"DILUTED_EPS":null,"OPERATE_INCOME":42376966.74,"OPERATE_INCOME_YOY":1.8638358229,"GROSS_PROFIT":10012702.8,"GROSS_PROFIT_YOY":17.210548554029,"HOLDER_PROFIT":-3410404.02,"HOLDER_PROFIT_YOY":71.0427430719,"GROSS_PROFIT_RATIO":23.62770054174,"EPS_TTM":-0.016295174793,"OPERATE_INCOME_QOQ":4.416024333196,"NET_PROFIT_RATIO":-8.0477775602,"ROE_AVG":22.114608555287,"GROSS_PROFIT_QOQ":7.077810375209,"ROA":-2.830112890824,"HOLDER_PROFIT_QOQ":29.672494356064,"ROE_YEARLY":44.229217110573,"ROIC_YEARLY":-6.34727250888,"TOTAL_ASSETS":114410342.16,"TOTAL_LIABILITIES":131547184.42,"TAX_EBT":-3.962900505902,"OCF_SALES":5.16067271501,"TOTAL_PARENT_EQUITY":-17136842.26,"DEBT_ASSET_RATIO":114.9784031203,"OPERATE_PROFIT":-1848569.9,"PRETAX_PROFIT":-3280404.84,"NETCASH_OPERATE":2186936.56,"NETCASH_INVEST":-3148561.7,"NETCASH_FINANCE":-8681363.68,"END_CASH":7928106.02,"DIVI_RATIO":null,"DIVIDEND_RATE":null,"CURRENT_RATIO":0.140914950021,"COMMON_ACS":null,"CURRENTDEBT_DEBT":86.453507523882,"ISSUED_COMMON_SHARES":1092877195,"HK_COMMON_SHARES":1092877195,"PER_SHARES":2000,"TOTAL_MARKET_CAP":28414807.07,"HKSK_MARKET_CAP":28414807.07,"PE_TTM":-3.771543279798,"PB_TTM":-1.080945222734,"REPORT_DATE_SQ":"2022-06-30 00:00:00","REPORT_TYPE_SQ":"2022年中报","OPERATE_INCOME_SQ":38587883.18,"DPS_HKD":null,"OPERATE_INCOME_QOQ_SQ":14.983012558967,"NET_PROFIT_RATIO_SQ":-28.3099153406,"HOLDER_PROFIT_SQ":-10924197.06,"HOLDER_PROFIT_QOQ_SQ":-37.776700202984,"ROE_AVG_SQ":-123.473974191678,"PE_TTM_SQ":-1.587742513361,"PB_TTM_SQ":-1.646342145586,"ROA_SQ":-7.363299938899,"START_DATE":"2023-01-01 00:00:00","FISCAL_YEAR":"12-31","CURRENCY":"HKD","IS_CNY_CODE":0,"DPS_HKD_LY":null,"ORG_TYPE":"一般企业","PREMIUM_INCOME":null,"PREMIUM_INCOME_YOY":null,"NET_INTEREST_INCOME":null,"NET_INTEREST_INCOME_YOY":null,"FEE_COMMISSION_INCOME":null,"FEE_COMMISSION_INCOME_YOY":null,"ACCOUNTS_RECE_TDAYS":5.59534968653,"INVENTORY_TDAYS":50.690252707581,"CURRENT_ASSETS_TDAYS":1.993667179943,"TOTAL_ASSETS_TDAYS":0.351663905923,"PREMIUM_EXPENSE":null,"LOAN_DEPOSIT":null,"LOAN_EQUITY":null,"LOAN_ASSETS":null,"DEPOSIT_EQUITY":null,"DEPOSIT_ASSETS":null,"EQUITY_MULTIPLIER":-6.6762791198,"EQUITY_RATIO":-7.676279119815},{"SECUCODE":"02310.HK","SECURITY_CODE":"02310","SECURITY_NAME_ABBR":"时代环球集团","ORG_CODE":"10010577","STD_REPORT_DATE":"2022-12-31 00:00:00","REPORT_DATE":"2022-12-31 00:00:00","DATE_TYPE_CODE":"001","REPORT_TYPE":"2022年年报","PER_NETCASH_OPERATE":-0.00541089834,"PER_OI":0.078511154083,"BPS":-0.012150817933,"BASIC_EPS":-0.023135693,"DILUTED_EPS":null,"OPERATE_INCOME":85803049.85,"OPERATE_INCOME_YOY":23.6229086229,"GROSS_PROFIT":20772100.58,"GROSS_PROFIT_YOY":33.660509021436,"HOLDER_PROFIT":-25322417.96,"HOLDER_PROFIT_YOY":-35.3772683859,"GROSS_PROFIT_RATIO":24.209046900213,"EPS_TTM":-0.023170414824,"OPERATE_INCOME_QOQ":17.464636868115,"NET_PROFIT_RATIO":-29.5122586018,"ROE_AVG":-4026.70454545455,"GROSS_PROFIT_QOQ":47.719415105433,"ROA":-17.771926524983,"HOLDER_PROFIT_QOQ":-7.352418663954,"ROE_YEARLY":-4026.70454545455,"ROIC_YEARLY":-20.918640303139,"TOTAL_ASSETS":122655796.97,"TOTAL_LIABILITIES":135935148.79,"TAX_EBT":14.579874969096,"OCF_SALES":-6.891884857634,"TOTAL_PARENT_EQUITY":-13279351.82,"DEBT_ASSET_RATIO":110.8265179046,"OPERATE_PROFIT":-21089211.43,"PRETAX_PROFIT":-25291153.51,"NETCASH_OPERATE":-5913447.4,"NETCASH_INVEST":-319790.66,"NETCASH_FINANCE":-3366734.63,"END_CASH":17593845.92,"DIVI_RATIO":null,"DIVIDEND_RATE":null,"CURRENT_RATIO":0.217823508894,"COMMON_ACS":null,"CURRENTDEBT_DEBT":86.663556253573,"ISSUED_COMMON_SHARES":1092877195,"HK_COMMON_SHARES":1092877195,"PER_SHARES":2000,"TOTAL_MARKET_CAP":28414807.07,"HKSK_MARKET_CAP":28414807.07,"PE_TTM":-3.771543279798,"PB_TTM":-1.080945222734,"REPORT_DATE_SQ":"2021-12-31 00:00:00","REPORT_TYPE_SQ":"2021年年报","OPERATE_INCOME_SQ":63527520,"DPS_HKD":null,"OPERATE_INCOME_QOQ_SQ":17.924972496087,"NET_PROFIT_RATIO_SQ":-26.9498069498,"HOLDER_PROFIT_SQ":-17120544,"HOLDER_PROFIT_QOQ_SQ":67.751610568262,"ROE_AVG_SQ":-80.538461538462,"PE_TTM_SQ":-1.587742513361,"PB_TTM_SQ":-1.646342145586,"ROA_SQ":-11.239060835308,"START_DATE":"2022-01-01 00:00:00","FISCAL_YEAR":"12-31","CURRENCY":"HKD","IS_CNY_CODE":0,"DPS_HKD_LY":null,"ORG_TYPE":"一般企业","PREMIUM_INCOME":null,"PREMIUM_INCOME_YOY":null,"NET_INTEREST_INCOME":null,"NET_INTEREST_INCOME_YOY":null,"FEE_COMMISSION_INCOME":null,"FEE_COMMISSION_INCOME_YOY":null,"ACCOUNTS_RECE_TDAYS":11.635273454061,"INVENTORY_TDAYS":108.415487714073,"CURRENT_ASSETS_TDAYS":2.259559402971,"TOTAL_ASSETS_TDAYS":0.602187950599,"PREMIUM_EXPENSE":null,"LOAN_DEPOSIT":null,"LOAN_EQUITY":null,"LOAN_ASSETS":null,"DEPOSIT_EQUITY":null,"DEPOSIT_ASSETS":null,"EQUITY_MULTIPLIER":-9.236580115709,"EQUITY_RATIO":-10.2365801157},{"SECUCODE":"02310.HK","SECURITY_CODE":"02310","SECURITY_NAME_ABBR":"时代环球集团","ORG_CODE":"10010577","STD_REPORT_DATE":"2022-06-30 00:00:00","REPORT_DATE":"2022-06-30 00:00:00","DATE_TYPE_CODE":"002","REPORT_TYPE":"2022年中报","PER_NETCASH_OPERATE":-0.002606548936,"PER_OI":0.035308526298,"BPS":0.003456357446,"BASIC_EPS":-0.010005723,"DILUTED_EPS":null,"OPERATE_INCOME":38587883.18,"OPERATE_INCOME_YOY":29.1561712846,"GROSS_PROFIT":8542492.91,"GROSS_PROFIT_YOY":-14.758948804069,"HOLDER_PROFIT":-10924197.06,"HOLDER_PROFIT_YOY":-138.498879761,"GROSS_PROFIT_RATIO":22.13775985107,"EPS_TTM":-0.021583505162,"OPERATE_INCOME_QOQ":14.983012558967,"NET_PROFIT_RATIO":-28.3099153406,"ROE_AVG":-123.473974191678,"GROSS_PROFIT_QOQ":-9.51730419049,"ROA":-7.363299938899,"HOLDER_PROFIT_QOQ":-37.776700202984,"ROE_YEARLY":-246.947948383355,"ROIC_YEARLY":-17.058497532834,"TOTAL_ASSETS":141324423.45,"TOTAL_LIABILITIES":137547049.22,"TAX_EBT":-0.105398758637,"OCF_SALES":-7.382208235451,"TOTAL_PARENT_EQUITY":3777374.23,"DEBT_ASSET_RATIO":97.3271610541,"OPERATE_PROFIT":-5909362.9,"PRETAX_PROFIT":-7302467.41,"NETCASH_OPERATE":-2848637.89,"NETCASH_INVEST":-19669.37,"NETCASH_FINANCE":-1897666.61,"END_CASH":16365771.03,"DIVI_RATIO":null,"DIVIDEND_RATE":null,"CURRENT_RATIO":0.332390678567,"COMMON_ACS":null,"CURRENTDEBT_DEBT":85.963516084507,"ISSUED_COMMON_SHARES":1092877195,"HK_COMMON_SHARES":1092877195,"PER_SHARES":2000,"TOTAL_MARKET_CAP":28414807.07,"HKSK_MARKET_CAP":28414807.07,"PE_TTM":-3.771543279798,"PB_TTM":-1.080945222734,"REPORT_DATE_SQ":"2021-06-30 00:00:00","REPORT_TYPE_SQ":"2021年中报","OPERATE_INCOME_SQ":29069546.88,"DPS_HKD":null,"OPERATE_INCOME_QOQ_SQ":8.850459543711,"NET_PROFIT_RATIO_SQ":-15.3308907717,"HOLDER_PROFIT_SQ":-4456620.48,"HOLDER_PROFIT_QOQ_SQ":19.930487146319,"ROE_AVG_SQ":-15.832335683353,"PE_TTM_SQ":-1.587742513361,"PB_TTM_SQ":-1.646342145586,"ROA_SQ":-2.839308196939,"START_DATE":"2022-01-01 00:00:00","FISCAL_YEAR":"12-31","CURRENCY":"HKD","IS_CNY_CODE":0,"DPS_HKD_LY":null,"ORG_TYPE":"一般企业","PREMIUM_INCOME":null,"PREMIUM_INCOME_YOY":null,"NET_INTEREST_INCOME":null,"NET_INTEREST_INCOME_YOY":null,"FEE_COMMISSION_INCOME":null,"FEE_COMMISSION_INCOME_YOY":null,"ACCOUNTS_RECE_TDAYS":4.65175257732,"INVENTORY_TDAYS":54.681712062257,"CURRENT_ASSETS_TDAYS":0.882573275567,"TOTAL_ASSETS_TDAYS":0.260096148304,"PREMIUM_EXPENSE":null,"LOAN_DEPOSIT":null,"LOAN_EQUITY":null,"LOAN_ASSETS":null,"DEPOSIT_EQUITY":null,"DEPOSIT_ASSETS":null,"EQUITY_MULTIPLIER":37.413402761657,"EQUITY_RATIO":36.413402762056},{"SECUCODE":"02310.HK","SECURITY_CODE":"02310","SECURITY_NAME_ABBR":"时代环球集团","ORG_CODE":"10010577","STD_REPORT_DATE":"2021-12-31 00:00:00","REPORT_DATE":"2021-12-31 00:00:00","DATE_TYPE_CODE":"001","REPORT_TYPE":"2021年年报","PER_NETCASH_OPERATE":-0.000608967232,"PER_OI":0.058128690296,"BPS":0.012174855932,"BASIC_EPS":-0.01569792,"DILUTED_EPS":null,"OPERATE_INCOME":63527520,"OPERATE_INCOME_YOY":32.1361155043,"GROSS_PROFIT":15540940.8,"GROSS_PROFIT_YOY":6.919914016826,"HOLDER_PROFIT":-17120544,"HOLDER_PROFIT_YOY":73.4196496573,"GROSS_PROFIT_RATIO":24.463320463321,"EPS_TTM":-0.015665569817,"OPERATE_INCOME_QOQ":17.924972496087,"NET_PROFIT_RATIO":-26.9498069498,"ROE_AVG":-80.538461538462,"GROSS_PROFIT_QOQ":-2.971871332837,"ROA":-11.239060835308,"HOLDER_PROFIT_QOQ":67.751610568262,"ROE_YEARLY":-80.538461538462,"ROIC_YEARLY":-14.124551019376,"TOTAL_ASSETS":148565278.4,"TOTAL_LIABILITIES":135259656,"TAX_EBT":29.39178259463,"OCF_SALES":-1.047619047619,"TOTAL_PARENT_EQUITY":13305622.4,"DEBT_ASSET_RATIO":91.0439218751,"OPERATE_PROFIT":-13746308.8,"PRETAX_PROFIT":-20217612.8,"NETCASH_OPERATE":-665526.4,"NETCASH_INVEST":-7942166.4,"NETCASH_FINANCE":-7520284.8,"END_CASH":23132356.8,"DIVI_RATIO":null,"DIVIDEND_RATE":null,"CURRENT_RATIO":0.427162217534,"COMMON_ACS":null,"CURRENTDEBT_DEBT":79.660289539698,"ISSUED_COMMON_SHARES":1092877195,"HK_COMMON_SHARES":1092877195,"PER_SHARES":2000,"TOTAL_MARKET_CAP":28414807.07,"HKSK_MARKET_CAP":28414807.07,"PE_TTM":-3.771543279798,"PB_TTM":-1.080945222734,"REPORT_DATE_SQ":"2020-12-31 00:00:00","REPORT_TYPE_SQ":"2020年年报","OPERATE_INCOME_SQ":49490956.92,"DPS_HKD":null,"OPERATE_INCOME_QOQ_SQ":-27.764391218644,"NET_PROFIT_RATIO_SQ":-133.972756492,"HOLDER_PROFIT_SQ":-66304399.2,"HOLDER_PROFIT_QOQ_SQ":-67.033102650429,"ROE_AVG_SQ":-162.691283067964,"PE_TTM_SQ":-1.587742513361,"PB_TTM_SQ":-1.646342145586,"ROA_SQ":-38.492546283403,"START_DATE":"2021-01-01 00:00:00","FISCAL_YEAR":"12-31","CURRENCY":"HKD","IS_CNY_CODE":0,"DPS_HKD_LY":null,"ORG_TYPE":"一般企业","PREMIUM_INCOME":null,"PREMIUM_INCOME_YOY":null,"NET_INTEREST_INCOME":null,"NET_INTEREST_INCOME_YOY":null,"FEE_COMMISSION_INCOME":null,"FEE_COMMISSION_INCOME_YOY":null,"ACCOUNTS_RECE_TDAYS":7.405289492495,"INVENTORY_TDAYS":94.664516129032,"CURRENT_ASSETS_TDAYS":1.322249355467,"TOTAL_ASSETS_TDAYS":0.417036784577,"PREMIUM_EXPENSE":null,"LOAN_DEPOSIT":null,"LOAN_EQUITY":null,"LOAN_ASSETS":null,"DEPOSIT_EQUITY":null,"DEPOSIT_ASSETS":null,"EQUITY_MULTIPLIER":11.165601573079,"EQUITY_RATIO":10.165601573061},{"SECUCODE":"02310.HK","SECURITY_CODE":"02310","SECURITY_NAME_ABBR":"时代环球集团","ORG_CODE":"10010577","STD_REPORT_DATE":"2021-06-30 00:00:00","REPORT_DATE":"2021-06-30 00:00:00","DATE_TYPE_CODE":"002","REPORT_TYPE":"2021年中报","PER_NETCASH_OPERATE":-0.004173810727,"PER_OI":0.02659909733,"BPS":0.024312713964,"BASIC_EPS":-0.004077192,"DILUTED_EPS":null,"OPERATE_INCOME":29069546.88,"OPERATE_INCOME_YOY":29.2537644752,"GROSS_PROFIT":10021571.52,"GROSS_PROFIT_YOY":17.352040315332,"HOLDER_PROFIT":-4456620.48,"HOLDER_PROFIT_YOY":72.3146903753,"GROSS_PROFIT_RATIO":34.474467597893,"EPS_TTM":-0.048577836268,"OPERATE_INCOME_QOQ":8.850459543711,"NET_PROFIT_RATIO":-15.3308907717,"ROE_AVG":-15.832335683353,"GROSS_PROFIT_QOQ":10.194760514854,"ROA":-2.839308196939,"HOLDER_PROFIT_QOQ":19.930487146319,"ROE_YEARLY":-31.664671366707,"ROIC_YEARLY":-7.319489712946,"TOTAL_ASSETS":155062268.4,"TOTAL_LIABILITIES":128491457.76,"TAX_EBT":-0.187055742611,"OCF_SALES":-15.691550263339,"TOTAL_PARENT_EQUITY":26570810.64,"DEBT_ASSET_RATIO":82.8644254246,"OPERATE_PROFIT":-2747528.16,"PRETAX_PROFIT":-4448299.68,"NETCASH_OPERATE":-4561462.56,"NETCASH_INVEST":-97353.36,"NETCASH_FINANCE":-3640350,"END_CASH":30575611.68,"DIVI_RATIO":null,"DIVIDEND_RATE":null,"CURRENT_RATIO":0.658786000317,"COMMON_ACS":null,"CURRENTDEBT_DEBT":57.247024387717,"ISSUED_COMMON_SHARES":1092877195,"HK_COMMON_SHARES":1092877195,"PER_SHARES":2000,"TOTAL_MARKET_CAP":28414807.07,"HKSK_MARKET_CAP":28414807.07,"PE_TTM":-3.771543279798,"PB_TTM":-1.080945222734,"REPORT_DATE_SQ":"2020-06-30 00:00:00","REPORT_TYPE_SQ":"2020年中报","OPERATE_INCOME_SQ":24689369.76,"DPS_HKD":null,"OPERATE_INCOME_QOQ_SQ":-17.070249042216,"NET_PROFIT_RATIO_SQ":-71.5749750268,"HOLDER_PROFIT_SQ":-17671410.24,"HOLDER_PROFIT_QOQ_SQ":-45.558214920109,"ROE_AVG_SQ":-38.73693484442,"PE_TTM_SQ":-1.587742513361,"PB_TTM_SQ":-1.646342145586,"ROA_SQ":-9.352015449727,"START_DATE":"2021-01-01 00:00:00","FISCAL_YEAR":"12-31","CURRENCY":"HKD","IS_CNY_CODE":0,"DPS_HKD_LY":null,"ORG_TYPE":"一般企业","PREMIUM_INCOME":null,"PREMIUM_INCOME_YOY":null,"NET_INTEREST_INCOME":null,"NET_INTEREST_INCOME_YOY":null,"FEE_COMMISSION_INCOME":null,"FEE_COMMISSION_INCOME_YOY":null,"ACCOUNTS_RECE_TDAYS":2.074153234185,"INVENTORY_TDAYS":37.932062966031,"CURRENT_ASSETS_TDAYS":0.584844857748,"TOTAL_ASSETS_TDAYS":0.185201775893,"PREMIUM_EXPENSE":null,"LOAN_DEPOSIT":null,"LOAN_EQUITY":null,"LOAN_ASSETS":null,"DEPOSIT_EQUITY":null,"DEPOSIT_ASSETS":null,"EQUITY_MULTIPLIER":5.835812482387,"EQUITY_RATIO":4.835812482385},{"SECUCODE":"02310.HK","SECURITY_CODE":"02310","SECURITY_NAME_ABBR":"时代环球集团","ORG_CODE":"10010577","STD_REPORT_DATE":"2020-12-31 00:00:00","REPORT_DATE":"2020-12-31 00:00:00","DATE_TYPE_CODE":"001","REPORT_TYPE":"2020年年报","PER_NETCASH_OPERATE":-0.004283373925,"PER_OI":0.045285012027,"BPS":0.027513091844,"BASIC_EPS":-0.071707728,"DILUTED_EPS":null,"OPERATE_INCOME":49490956.92,"OPERATE_INCOME_YOY":-36.2417053389,"GROSS_PROFIT":14535122.8,"GROSS_PROFIT_YOY":-56.003851890611,"HOLDER_PROFIT":-66304399.2,"HOLDER_PROFIT_YOY":-158.7702010248,"GROSS_PROFIT_RATIO":29.369249868204,"EPS_TTM":-0.060669578891,"OPERATE_INCOME_QOQ":-27.764391218644,"NET_PROFIT_RATIO":-133.972756492,"ROE_AVG":-162.691283067964,"GROSS_PROFIT_QOQ":-40.978540807108,"ROA":-38.492546283403,"HOLDER_PROFIT_QOQ":-67.033102650429,"ROE_YEARLY":-162.691283067964,"ROIC_YEARLY":-44.43354004687,"TOTAL_ASSETS":160685908.8,"TOTAL_LIABILITIES":130617478.16,"TAX_EBT":1.486826145131,"OCF_SALES":-9.458701086679,"TOTAL_PARENT_EQUITY":30068430.64,"DEBT_ASSET_RATIO":81.2874502409,"OPERATE_PROFIT":-21700004.12,"PRETAX_PROFIT":-67305109.16,"NETCASH_OPERATE":-4681201.68,"NETCASH_INVEST":-149811.92,"NETCASH_FINANCE":38811386.96,"END_CASH":40256482.84,"DIVI_RATIO":null,"DIVIDEND_RATE":null,"CURRENT_RATIO":0.691515432134,"COMMON_ACS":null,"CURRENTDEBT_DEBT":57.056973852082,"ISSUED_COMMON_SHARES":1092877195,"HK_COMMON_SHARES":1092877195,"PER_SHARES":2000,"TOTAL_MARKET_CAP":28414807.07,"HKSK_MARKET_CAP":28414807.07,"PE_TTM":-3.771543279798,"PB_TTM":-1.080945222734,"REPORT_DATE_SQ":"2019-12-31 00:00:00","REPORT_TYPE_SQ":"2019年年报","OPERATE_INCOME_SQ":82615997.84,"DPS_HKD":null,"OPERATE_INCOME_QOQ_SQ":-3.663900446595,"NET_PROFIT_RATIO_SQ":-33.0094982001,"HOLDER_PROFIT_SQ":-27271126.32,"HOLDER_PROFIT_QOQ_SQ":-83.085278043424,"ROE_AVG_SQ":-48.617443448127,"PE_TTM_SQ":-1.587742513361,"PB_TTM_SQ":-1.646342145586,"ROA_SQ":-14.357566797066,"START_DATE":"2020-01-01 00:00:00","FISCAL_YEAR":"12-31","CURRENCY":"HKD","IS_CNY_CODE":0,"DPS_HKD_LY":null,"ORG_TYPE":"一般企业","PREMIUM_INCOME":null,"PREMIUM_INCOME_YOY":null,"NET_INTEREST_INCOME":null,"NET_INTEREST_INCOME_YOY":null,"FEE_COMMISSION_INCOME":null,"FEE_COMMISSION_INCOME_YOY":null,"ACCOUNTS_RECE_TDAYS":2.860137649262,"INVENTORY_TDAYS":58.828611898017,"CURRENT_ASSETS_TDAYS":1.209191856878,"TOTAL_ASSETS_TDAYS":0.287316222278,"PREMIUM_EXPENSE":null,"LOAN_DEPOSIT":null,"LOAN_EQUITY":null,"LOAN_ASSETS":null,"DEPOSIT_EQUITY":null,"DEPOSIT_ASSETS":null,"EQUITY_MULTIPLIER":5.344007165639,"EQUITY_RATIO":4.34400716565},{"SECUCODE":"02310.HK","SECURITY_CODE":"02310","SECURITY_NAME_ABBR":"时代环球集团","ORG_CODE":"10010577","STD_REPORT_DATE":"2020-06-30 00:00:00","REPORT_DATE":"2020-06-30 00:00:00","DATE_TYPE_CODE":"002","REPORT_TYPE":"2020年中报","PER_NETCASH_OPERATE":-0.007217237615,"PER_OI":0.022591165662,"BPS":0.032399420833,"BASIC_EPS":-0.024297504,"DILUTED_EPS":-0.024297504,"OPERATE_INCOME":24689369.76,"OPERATE_INCOME_YOY":-38.7083607338,"GROSS_PROFIT":8539750.56,"GROSS_PROFIT_YOY":-49.618491758077,"HOLDER_PROFIT":-17671410.24,"HOLDER_PROFIT_YOY":-224.3252305113,"GROSS_PROFIT_RATIO":34.588775019424,"EPS_TTM":-0.036321889451,"OPERATE_INCOME_QOQ":-17.070249042216,"NET_PROFIT_RATIO":-71.5749750268,"ROE_AVG":-38.73693484442,"GROSS_PROFIT_QOQ":-25.457369724455,"ROA":-9.352015449727,"HOLDER_PROFIT_QOQ":-45.558214920109,"ROE_YEARLY":-77.473869688839,"ROIC_YEARLY":-19.246974317138,"TOTAL_ASSETS":178415841.12,"TOTAL_LIABILITIES":143007252.96,"TAX_EBT":-0.025851817383,"OCF_SALES":-31.947167856747,"TOTAL_PARENT_EQUITY":35408588.16,"DEBT_ASSET_RATIO":80.1538989264,"OPERATE_PROFIT":-6820656.48,"PRETAX_PROFIT":-17666843.04,"NETCASH_OPERATE":-7887554.4,"NETCASH_INVEST":-29230.08,"NETCASH_FINANCE":6771330.72,"END_CASH":4359849.12,"DIVI_RATIO":null,"DIVIDEND_RATE":null,"CURRENT_RATIO":0.279807579066,"COMMON_ACS":null,"CURRENTDEBT_DEBT":70.505687951507,"ISSUED_COMMON_SHARES":1092877195,"HK_COMMON_SHARES":1092877195,"PER_SHARES":2000,"TOTAL_MARKET_CAP":28414807.07,"HKSK_MARKET_CAP":28414807.07,"PE_TTM":-3.771543279798,"PB_TTM":-1.080945222734,"REPORT_DATE_SQ":"2019-06-30 00:00:00","REPORT_TYPE_SQ":"2019年中报","OPERATE_INCOME_SQ":38792126.34,"DPS_HKD":null,"OPERATE_INCOME_QOQ_SQ":3.481651683704,"NET_PROFIT_RATIO_SQ":-13.5263838182,"HOLDER_PROFIT_SQ":-5247171.9,"HOLDER_PROFIT_QOQ_SQ":22.090277761796,"ROE_AVG_SQ":-7.982015375248,"PE_TTM_SQ":-1.587742513361,"PB_TTM_SQ":-1.646342145586,"ROA_SQ":-2.769729388384,"START_DATE":"2020-01-01 00:00:00","FISCAL_YEAR":"12-31","CURRENCY":"HKD","IS_CNY_CODE":0,"DPS_HKD_LY":null,"ORG_TYPE":"一般企业","PREMIUM_INCOME":null,"PREMIUM_INCOME_YOY":null,"NET_INTEREST_INCOME":null,"NET_INTEREST_INCOME_YOY":null,"FEE_COMMISSION_INCOME":null,"FEE_COMMISSION_INCOME_YOY":null,"ACCOUNTS_RECE_TDAYS":1.004030385765,"INVENTORY_TDAYS":25.239114917916,"CURRENT_ASSETS_TDAYS":0.807884865422,"TOTAL_ASSETS_TDAYS":0.130660408142,"PREMIUM_EXPENSE":null,"LOAN_DEPOSIT":null,"LOAN_EQUITY":null,"LOAN_ASSETS":null,"DEPOSIT_EQUITY":null,"DEPOSIT_ASSETS":null,"EQUITY_MULTIPLIER":5.038773088434,"EQUITY_RATIO":4.038773088433}],"count":45},"success":true,"message":"ok","code":0}