{"version":"3d2fb526ab01e9ca1648d854a0e3f15d","result":{"pages":5,"data":[{"SECUCODE":"02312.HK","SECURITY_CODE":"02312","SECURITY_NAME_ABBR":"中国金融租赁","ORG_CODE":"10018073","STD_REPORT_DATE":"2024-06-30 00:00:00","REPORT_DATE":"2024-06-30 00:00:00","DATE_TYPE_CODE":"002","REPORT_TYPE":"2024年中报","PER_NETCASH_OPERATE":-0.048388966283,"PER_OI":0.000949783429,"BPS":0.186786356091,"BASIC_EPS":-0.024368556,"DILUTED_EPS":-0.024368556,"OPERATE_INCOME":329477.48,"OPERATE_INCOME_YOY":-3.2171581769,"GROSS_PROFIT":null,"GROSS_PROFIT_YOY":null,"HOLDER_PROFIT":-7921149.72,"HOLDER_PROFIT_YOY":-139.8839137645,"GROSS_PROFIT_RATIO":null,"EPS_TTM":-0.034031036351,"OPERATE_INCOME_QOQ":-2.040182125923,"NET_PROFIT_RATIO":-2404.1551246537,"ROE_AVG":-13.233713261922,"GROSS_PROFIT_QOQ":null,"ROA":-13.137360267016,"HOLDER_PROFIT_QOQ":-63.511334301443,"ROE_YEARLY":-26.467426523844,"ROIC_YEARLY":-27.039910271988,"TOTAL_ASSETS":65248405.88,"TOTAL_LIABILITIES":452689.28,"TAX_EBT":null,"OCF_SALES":-5094.73684210526,"TOTAL_PARENT_EQUITY":64795716.6,"DEBT_ASSET_RATIO":0.6937936244,"OPERATE_PROFIT":-7914760.96,"PRETAX_PROFIT":-7921149.72,"NETCASH_OPERATE":-16786010.56,"NETCASH_INVEST":-13690.2,"NETCASH_FINANCE":18060111.84,"END_CASH":2336460.8,"DIVI_RATIO":null,"DIVIDEND_RATE":null,"CURRENT_RATIO":244.565517241379,"COMMON_ACS":7500000000,"CURRENTDEBT_DEBT":58.467741935484,"ISSUED_COMMON_SHARES":346897482,"HK_COMMON_SHARES":346897482,"PER_SHARES":10000,"TOTAL_MARKET_CAP":35730440.646,"HKSK_MARKET_CAP":35730440.646,"PE_TTM":-2.742588321001,"PB_TTM":0.503281085231,"REPORT_DATE_SQ":"2023-06-30 00:00:00","REPORT_TYPE_SQ":"2023年中报","OPERATE_INCOME_SQ":343898.54,"DPS_HKD":null,"OPERATE_INCOME_QOQ_SQ":211.937748114304,"NET_PROFIT_RATIO_SQ":-969.9731903485,"HOLDER_PROFIT_SQ":-3335723.64,"HOLDER_PROFIT_QOQ_SQ":33.408656935072,"ROE_AVG_SQ":-5.454709926426,"PE_TTM_SQ":-3.451716238806,"PB_TTM_SQ":0.698967322184,"ROA_SQ":-5.412966883355,"START_DATE":"2024-01-01 00:00:00","FISCAL_YEAR":"12-31","CURRENCY":"HKD","IS_CNY_CODE":0,"DPS_HKD_LY":null,"ORG_TYPE":"证券","PREMIUM_INCOME":null,"PREMIUM_INCOME_YOY":null,"NET_INTEREST_INCOME":null,"NET_INTEREST_INCOME_YOY":null,"FEE_COMMISSION_INCOME":null,"FEE_COMMISSION_INCOME_YOY":null,"ACCOUNTS_RECE_TDAYS":null,"INVENTORY_TDAYS":null,"CURRENT_ASSETS_TDAYS":0.005490494297,"TOTAL_ASSETS_TDAYS":0.005464439517,"PREMIUM_EXPENSE":null,"LOAN_DEPOSIT":null,"LOAN_EQUITY":null,"LOAN_ASSETS":null,"DEPOSIT_EQUITY":null,"DEPOSIT_ASSETS":null,"EQUITY_MULTIPLIER":1.006986407494,"EQUITY_RATIO":0.006986407493},{"SECUCODE":"02312.HK","SECURITY_CODE":"02312","SECURITY_NAME_ABBR":"中国金融租赁","ORG_CODE":"10018073","STD_REPORT_DATE":"2023-12-31 00:00:00","REPORT_DATE":"2023-12-31 00:00:00","DATE_TYPE_CODE":"001","REPORT_TYPE":"2023年年报","PER_NETCASH_OPERATE":-0.109969772338,"PER_OI":0.004075276626,"BPS":0.157185509349,"BASIC_EPS":-0.03987368,"DILUTED_EPS":-0.03987368,"OPERATE_INCOME":706851.6,"OPERATE_INCOME_YOY":403.2258064516,"GROSS_PROFIT":null,"GROSS_PROFIT_YOY":null,"HOLDER_PROFIT":-7219854.74,"HOLDER_PROFIT_YOY":61.1403765486,"GROSS_PROFIT_RATIO":null,"EPS_TTM":-0.041625293435,"OPERATE_INCOME_QOQ":63.661250757642,"NET_PROFIT_RATIO":-1021.4102564103,"ROE_AVG":-12.41865213901,"GROSS_PROFIT_QOQ":null,"ROA":-12.297884492193,"HOLDER_PROFIT_QOQ":40.798636702601,"ROE_YEARLY":-12.41865213901,"ROIC_YEARLY":-15.10976245792,"TOTAL_ASSETS":54949555.92,"TOTAL_LIABILITIES":422298.52,"TAX_EBT":null,"OCF_SALES":-2698.46153846154,"TOTAL_PARENT_EQUITY":54527257.4,"DEBT_ASSET_RATIO":0.7685203509,"OPERATE_PROFIT":-7206261.44,"PRETAX_PROFIT":-7219854.74,"NETCASH_OPERATE":-19074118.56,"NETCASH_INVEST":-15405.74,"NETCASH_FINANCE":-624385.58,"END_CASH":1068433.38,"DIVI_RATIO":null,"DIVIDEND_RATE":null,"CURRENT_RATIO":129.991416309013,"COMMON_ACS":7500000000,"CURRENTDEBT_DEBT":100,"ISSUED_COMMON_SHARES":346897482,"HK_COMMON_SHARES":346897482,"PER_SHARES":10000,"TOTAL_MARKET_CAP":45790467.624,"HKSK_MARKET_CAP":45790467.624,"PE_TTM":-3.514773382254,"PB_TTM":0.644981584957,"REPORT_DATE_SQ":"2022-12-31 00:00:00","REPORT_TYPE_SQ":"2022年年报","OPERATE_INCOME_SQ":138456.85,"DPS_HKD":null,"OPERATE_INCOME_QOQ_SQ":152.174521998566,"NET_PROFIT_RATIO_SQ":-13227.0967741936,"HOLDER_PROFIT_SQ":-18313821.54,"HOLDER_PROFIT_QOQ_SQ":32.219776685911,"ROE_AVG_SQ":-35.761693369033,"PE_TTM_SQ":-2.097581406659,"PB_TTM_SQ":0.42475706502,"ROA_SQ":-35.352542548239,"START_DATE":"2023-01-01 00:00:00","FISCAL_YEAR":"12-31","CURRENCY":"HKD","IS_CNY_CODE":0,"DPS_HKD_LY":null,"ORG_TYPE":"证券","PREMIUM_INCOME":null,"PREMIUM_INCOME_YOY":null,"NET_INTEREST_INCOME":null,"NET_INTEREST_INCOME_YOY":null,"FEE_COMMISSION_INCOME":null,"FEE_COMMISSION_INCOME_YOY":null,"ACCOUNTS_RECE_TDAYS":null,"INVENTORY_TDAYS":null,"CURRENT_ASSETS_TDAYS":0.012051264224,"TOTAL_ASSETS_TDAYS":0.012040102804,"PREMIUM_EXPENSE":null,"LOAN_DEPOSIT":null,"LOAN_EQUITY":null,"LOAN_ASSETS":null,"DEPOSIT_EQUITY":null,"DEPOSIT_ASSETS":null,"EQUITY_MULTIPLIER":1.007744723284,"EQUITY_RATIO":0.007744723284},{"SECUCODE":"02312.HK","SECURITY_CODE":"02312","SECURITY_NAME_ABBR":"中国金融租赁","ORG_CODE":"10018073","STD_REPORT_DATE":"2023-06-30 00:00:00","REPORT_DATE":"2023-06-30 00:00:00","DATE_TYPE_CODE":"002","REPORT_TYPE":"2023年中报","PER_NETCASH_OPERATE":-0.025248986962,"PER_OI":0.001982709924,"BPS":0.171477830502,"BASIC_EPS":-0.018531798,"DILUTED_EPS":-0.018531798,"OPERATE_INCOME":343898.54,"OPERATE_INCOME_YOY":532.2033898305,"GROSS_PROFIT":null,"GROSS_PROFIT_YOY":null,"HOLDER_PROFIT":-3335723.64,"HOLDER_PROFIT_YOY":67.2727272727,"GROSS_PROFIT_RATIO":null,"EPS_TTM":-0.070311376489,"OPERATE_INCOME_QOQ":211.937748114304,"NET_PROFIT_RATIO":-969.9731903485,"ROE_AVG":-5.454709926426,"GROSS_PROFIT_QOQ":null,"ROA":-5.412966883355,"HOLDER_PROFIT_QOQ":33.408656935072,"ROE_YEARLY":-10.909419852853,"ROIC_YEARLY":-15.610808478507,"TOTAL_ASSETS":59696361.04,"TOTAL_LIABILITIES":211133.42,"TAX_EBT":null,"OCF_SALES":-1273.45844504021,"TOTAL_PARENT_EQUITY":59485227.62,"DEBT_ASSET_RATIO":0.3536788781,"OPERATE_PROFIT":-3327425.82,"PRETAX_PROFIT":-3335723.64,"NETCASH_OPERATE":-4379405,"NETCASH_INVEST":-10141.78,"NETCASH_FINANCE":-120779.38,"END_CASH":16633441.18,"DIVI_RATIO":null,"DIVIDEND_RATE":null,"CURRENT_RATIO":282.436681222707,"COMMON_ACS":7500000000,"CURRENTDEBT_DEBT":100,"ISSUED_COMMON_SHARES":346897482,"HK_COMMON_SHARES":346897482,"PER_SHARES":10000,"TOTAL_MARKET_CAP":45790467.624,"HKSK_MARKET_CAP":45790467.624,"PE_TTM":-3.514773382254,"PB_TTM":0.644981584957,"REPORT_DATE_SQ":"2022-06-30 00:00:00","REPORT_TYPE_SQ":"2022年中报","OPERATE_INCOME_SQ":50456.21,"DPS_HKD":null,"OPERATE_INCOME_QOQ_SQ":-29.31150221444,"NET_PROFIT_RATIO_SQ":-18737.2881355932,"HOLDER_PROFIT_SQ":-9454125.45,"HOLDER_PROFIT_QOQ_SQ":35.951251446604,"ROE_AVG_SQ":-26.967361077231,"PE_TTM_SQ":-2.097581406659,"PB_TTM_SQ":0.42475706502,"ROA_SQ":-26.603616936794,"START_DATE":"2023-01-01 00:00:00","FISCAL_YEAR":"12-31","CURRENCY":"HKD","IS_CNY_CODE":0,"DPS_HKD_LY":null,"ORG_TYPE":"证券","PREMIUM_INCOME":null,"PREMIUM_INCOME_YOY":null,"NET_INTEREST_INCOME":null,"NET_INTEREST_INCOME_YOY":null,"FEE_COMMISSION_INCOME":null,"FEE_COMMISSION_INCOME_YOY":null,"ACCOUNTS_RECE_TDAYS":null,"INVENTORY_TDAYS":null,"CURRENT_ASSETS_TDAYS":0.005585964702,"TOTAL_ASSETS_TDAYS":0.00558053247,"PREMIUM_EXPENSE":null,"LOAN_DEPOSIT":null,"LOAN_EQUITY":null,"LOAN_ASSETS":null,"DEPOSIT_EQUITY":null,"DEPOSIT_ASSETS":null,"EQUITY_MULTIPLIER":1.003549342054,"EQUITY_RATIO":0.003549342054},{"SECUCODE":"02312.HK","SECURITY_CODE":"02312","SECURITY_NAME_ABBR":"中国金融租赁","ORG_CODE":"10018073","STD_REPORT_DATE":"2022-12-31 00:00:00","REPORT_DATE":"2022-12-31 00:00:00","DATE_TYPE_CODE":"001","REPORT_TYPE":"2022年年报","PER_NETCASH_OPERATE":-0.200743868934,"PER_OI":0.000798258028,"BPS":0.175454539592,"BASIC_EPS":-0.101118164,"DILUTED_EPS":-0.101118164,"OPERATE_INCOME":138456.85,"OPERATE_INCOME_YOY":63.1578947368,"GROSS_PROFIT":null,"GROSS_PROFIT_YOY":null,"HOLDER_PROFIT":-18313821.54,"HOLDER_PROFIT_YOY":60.2651316937,"GROSS_PROFIT_RATIO":null,"EPS_TTM":-0.10558636191,"OPERATE_INCOME_QOQ":152.174521998566,"NET_PROFIT_RATIO":-13227.0967741936,"ROE_AVG":-35.761693369033,"GROSS_PROFIT_QOQ":null,"ROA":-35.352542548239,"HOLDER_PROFIT_QOQ":32.219776685911,"ROE_YEARLY":-35.761693369033,"ROIC_YEARLY":-57.007007007007,"TOTAL_ASSETS":61573994.37,"TOTAL_LIABILITIES":709256.38,"TAX_EBT":null,"OCF_SALES":-25147.7419354839,"TOTAL_PARENT_EQUITY":60864737.99,"DEBT_ASSET_RATIO":1.1518765142,"OPERATE_PROFIT":-18295062.87,"PRETAX_PROFIT":-18313821.54,"NETCASH_OPERATE":-34818771.33,"NETCASH_INVEST":-18758.67,"NETCASH_FINANCE":37386029.31,"END_CASH":20485360.91,"DIVI_RATIO":null,"DIVIDEND_RATE":null,"CURRENT_RATIO":98.246790299572,"COMMON_ACS":7500000000,"CURRENTDEBT_DEBT":88.287153652393,"ISSUED_COMMON_SHARES":346897482,"HK_COMMON_SHARES":346897482,"PER_SHARES":10000,"TOTAL_MARKET_CAP":45790467.624,"HKSK_MARKET_CAP":45790467.624,"PE_TTM":-3.514773382254,"PB_TTM":0.644981584957,"REPORT_DATE_SQ":"2021-12-31 00:00:00","REPORT_TYPE_SQ":"2021年年报","OPERATE_INCOME_SQ":77672,"DPS_HKD":null,"OPERATE_INCOME_QOQ_SQ":123.991496597169,"NET_PROFIT_RATIO_SQ":-54312.6315789474,"HOLDER_PROFIT_SQ":-42185707.2,"HOLDER_PROFIT_QOQ_SQ":-24.794187704888,"ROE_AVG_SQ":-81.255757919354,"PE_TTM_SQ":-2.097581406659,"PB_TTM_SQ":0.42475706502,"ROA_SQ":-76.386246715274,"START_DATE":"2022-01-01 00:00:00","FISCAL_YEAR":"12-31","CURRENCY":"HKD","IS_CNY_CODE":0,"DPS_HKD_LY":null,"ORG_TYPE":"证券","PREMIUM_INCOME":null,"PREMIUM_INCOME_YOY":null,"NET_INTEREST_INCOME":null,"NET_INTEREST_INCOME_YOY":null,"FEE_COMMISSION_INCOME":null,"FEE_COMMISSION_INCOME_YOY":null,"ACCOUNTS_RECE_TDAYS":null,"INVENTORY_TDAYS":null,"CURRENT_ASSETS_TDAYS":0.002677908122,"TOTAL_ASSETS_TDAYS":0.002672736365,"PREMIUM_EXPENSE":null,"LOAN_DEPOSIT":null,"LOAN_EQUITY":null,"LOAN_ASSETS":null,"DEPOSIT_EQUITY":null,"DEPOSIT_ASSETS":null,"EQUITY_MULTIPLIER":1.011652993234,"EQUITY_RATIO":0.011652993234},{"SECUCODE":"02312.HK","SECURITY_CODE":"02312","SECURITY_NAME_ABBR":"中国金融租赁","ORG_CODE":"10018073","STD_REPORT_DATE":"2022-06-30 00:00:00","REPORT_DATE":"2022-06-30 00:00:00","DATE_TYPE_CODE":"002","REPORT_TYPE":"2022年中报","PER_NETCASH_OPERATE":-0.03990011709,"PER_OI":0.000218174876,"BPS":0.087432656948,"BASIC_EPS":-0.054475603,"DILUTED_EPS":-0.054475603,"OPERATE_INCOME":50456.21,"OPERATE_INCOME_YOY":-32.9545454545,"GROSS_PROFIT":null,"GROSS_PROFIT_YOY":null,"HOLDER_PROFIT":-9454125.45,"HOLDER_PROFIT_YOY":62.638142553,"GROSS_PROFIT_RATIO":null,"EPS_TTM":-0.11683315215,"OPERATE_INCOME_QOQ":-29.31150221444,"NET_PROFIT_RATIO":-18737.2881355932,"ROE_AVG":-26.967361077231,"GROSS_PROFIT_QOQ":null,"ROA":-26.603616936794,"HOLDER_PROFIT_QOQ":35.951251446604,"ROE_YEARLY":-53.934722154462,"ROIC_YEARLY":-85.373387906402,"TOTAL_ASSETS":30833020.26,"TOTAL_LIABILITIES":502851.72,"TAX_EBT":null,"OCF_SALES":-18288.1355932203,"TOTAL_PARENT_EQUITY":30330168.54,"DEBT_ASSET_RATIO":1.6308870028,"OPERATE_PROFIT":-9448139.12,"PRETAX_PROFIT":-9454125.45,"NETCASH_OPERATE":-9227500.1,"NETCASH_INVEST":-8551.9,"NETCASH_FINANCE":-117161.03,"END_CASH":8712675.72,"DIVI_RATIO":null,"DIVIDEND_RATE":null,"CURRENT_RATIO":98.846796657382,"COMMON_ACS":7500000000,"CURRENTDEBT_DEBT":61.054421768708,"ISSUED_COMMON_SHARES":346897482,"HK_COMMON_SHARES":346897482,"PER_SHARES":10000,"TOTAL_MARKET_CAP":45790467.624,"HKSK_MARKET_CAP":45790467.624,"PE_TTM":-3.514773382254,"PB_TTM":0.644981584957,"REPORT_DATE_SQ":"2021-06-30 00:00:00","REPORT_TYPE_SQ":"2021年中报","OPERATE_INCOME_SQ":73223.04,"DPS_HKD":null,"OPERATE_INCOME_QOQ_SQ":-112.999774382781,"NET_PROFIT_RATIO_SQ":-33623.8636363636,"HOLDER_PROFIT_SQ":-24620415.12,"HOLDER_PROFIT_QOQ_SQ":-102.780367689979,"ROE_AVG_SQ":-39.714912722221,"PE_TTM_SQ":-2.097581406659,"PB_TTM_SQ":0.42475706502,"ROA_SQ":-36.569359303935,"START_DATE":"2022-01-01 00:00:00","FISCAL_YEAR":"12-31","CURRENCY":"HKD","IS_CNY_CODE":0,"DPS_HKD_LY":null,"ORG_TYPE":"证券","PREMIUM_INCOME":null,"PREMIUM_INCOME_YOY":null,"NET_INTEREST_INCOME":null,"NET_INTEREST_INCOME_YOY":null,"FEE_COMMISSION_INCOME":null,"FEE_COMMISSION_INCOME_YOY":null,"ACCOUNTS_RECE_TDAYS":null,"INVENTORY_TDAYS":null,"CURRENT_ASSETS_TDAYS":0.001432438666,"TOTAL_ASSETS_TDAYS":0.001419822161,"PREMIUM_EXPENSE":null,"LOAN_DEPOSIT":null,"LOAN_EQUITY":null,"LOAN_ASSETS":null,"DEPOSIT_EQUITY":null,"DEPOSIT_ASSETS":null,"EQUITY_MULTIPLIER":1.016579259008,"EQUITY_RATIO":0.016579259009},{"SECUCODE":"02312.HK","SECURITY_CODE":"02312","SECURITY_NAME_ABBR":"中国金融租赁","ORG_CODE":"10018073","STD_REPORT_DATE":"2021-12-31 00:00:00","REPORT_DATE":"2021-12-31 00:00:00","DATE_TYPE_CODE":"001","REPORT_TYPE":"2021年年报","PER_NETCASH_OPERATE":0.003164127896,"PER_OI":0.000335857151,"BPS":0.109647343015,"BASIC_EPS":-0.75693408,"DILUTED_EPS":-0.75693408,"OPERATE_INCOME":77672,"OPERATE_INCOME_YOY":-96.7894558973,"GROSS_PROFIT":null,"GROSS_PROFIT_YOY":null,"HOLDER_PROFIT":-42185707.2,"HOLDER_PROFIT_YOY":-160.4988135508,"GROSS_PROFIT_RATIO":null,"EPS_TTM":-0.182412857064,"OPERATE_INCOME_QOQ":123.991496597169,"NET_PROFIT_RATIO":-54312.6315789474,"ROE_AVG":-81.255757919354,"GROSS_PROFIT_QOQ":null,"ROA":-76.386246715274,"HOLDER_PROFIT_QOQ":-24.794187704888,"ROE_YEARLY":-81.255757919354,"ROIC_YEARLY":-90.640316205534,"TOTAL_ASSETS":38472168,"TOTAL_LIABILITIES":435780.8,"TAX_EBT":null,"OCF_SALES":942.105263157895,"TOTAL_PARENT_EQUITY":38036387.2,"DEBT_ASSET_RATIO":1.1327170333,"OPERATE_PROFIT":-41981307.2,"PRETAX_PROFIT":-42185707.2,"NETCASH_OPERATE":731752,"NETCASH_INVEST":-13899.2,"NETCASH_FINANCE":15601443.2,"END_CASH":16417408,"DIVI_RATIO":null,"DIVIDEND_RATE":null,"CURRENT_RATIO":87.975609756098,"COMMON_ACS":7500000000,"CURRENTDEBT_DEBT":100,"ISSUED_COMMON_SHARES":346897482,"HK_COMMON_SHARES":346897482,"PER_SHARES":10000,"TOTAL_MARKET_CAP":45790467.624,"HKSK_MARKET_CAP":45790467.624,"PE_TTM":-3.514773382254,"PB_TTM":0.644981584957,"REPORT_DATE_SQ":"2020-12-31 00:00:00","REPORT_TYPE_SQ":"2020年年报","OPERATE_INCOME_SQ":2490412.76,"DPS_HKD":null,"OPERATE_INCOME_QOQ_SQ":-13.775219589023,"NET_PROFIT_RATIO_SQ":-669.3815478202,"HOLDER_PROFIT_SQ":-16670363.48,"HOLDER_PROFIT_QOQ_SQ":40.535685881027,"ROE_AVG_SQ":-26.463848861989,"PE_TTM_SQ":-2.097581406659,"PB_TTM_SQ":0.42475706502,"ROA_SQ":-22.618605793113,"START_DATE":"2021-01-01 00:00:00","FISCAL_YEAR":"12-31","CURRENCY":"HKD","IS_CNY_CODE":0,"DPS_HKD_LY":null,"ORG_TYPE":"证券","PREMIUM_INCOME":null,"PREMIUM_INCOME_YOY":null,"NET_INTEREST_INCOME":null,"NET_INTEREST_INCOME_YOY":null,"FEE_COMMISSION_INCOME":null,"FEE_COMMISSION_INCOME_YOY":null,"ACCOUNTS_RECE_TDAYS":null,"INVENTORY_TDAYS":null,"CURRENT_ASSETS_TDAYS":0.001412355884,"TOTAL_ASSETS_TDAYS":0.001406417706,"PREMIUM_EXPENSE":null,"LOAN_DEPOSIT":null,"LOAN_EQUITY":null,"LOAN_ASSETS":null,"DEPOSIT_EQUITY":null,"DEPOSIT_ASSETS":null,"EQUITY_MULTIPLIER":1.011456945102,"EQUITY_RATIO":0.011456945101},{"SECUCODE":"02312.HK","SECURITY_CODE":"02312","SECURITY_NAME_ABBR":"中国金融租赁","ORG_CODE":"10018073","STD_REPORT_DATE":"2021-06-30 00:00:00","REPORT_DATE":"2021-06-30 00:00:00","DATE_TYPE_CODE":"002","REPORT_TYPE":"2021年中报","PER_NETCASH_OPERATE":-0.00055264521,"PER_OI":0.000031661965,"BPS":0.164378369284,"BASIC_EPS":-0.121317264,"DILUTED_EPS":-0.121317264,"OPERATE_INCOME":73223.04,"OPERATE_INCOME_YOY":-97.2160708637,"GROSS_PROFIT":null,"GROSS_PROFIT_YOY":null,"HOLDER_PROFIT":-24620415.12,"HOLDER_PROFIT_YOY":-261.0175695461,"GROSS_PROFIT_RATIO":null,"EPS_TTM":-0.014617095576,"OPERATE_INCOME_QOQ":-112.999774382781,"NET_PROFIT_RATIO":-33623.8636363636,"ROE_AVG":-39.714912722221,"GROSS_PROFIT_QOQ":null,"ROA":-36.569359303935,"HOLDER_PROFIT_QOQ":-102.780367689979,"ROE_YEARLY":-79.429825444442,"ROIC_YEARLY":-80.563610373698,"TOTAL_ASSETS":61394190.72,"TOTAL_LIABILITIES":4371748.32,"TAX_EBT":null,"OCF_SALES":-1745.45454545455,"TOTAL_PARENT_EQUITY":57022442.4,"DEBT_ASSET_RATIO":7.120784994,"OPERATE_PROFIT":-24433197.12,"PRETAX_PROFIT":-24620415.12,"NETCASH_OPERATE":-1278074.88,"NETCASH_INVEST":-4992.48,"NETCASH_FINANCE":13493009.28,"END_CASH":12309791.52,"DIVI_RATIO":null,"DIVIDEND_RATE":null,"CURRENT_RATIO":13.990293110011,"COMMON_ACS":7500000000,"CURRENTDEBT_DEBT":100,"ISSUED_COMMON_SHARES":346897482,"HK_COMMON_SHARES":346897482,"PER_SHARES":10000,"TOTAL_MARKET_CAP":45790467.624,"HKSK_MARKET_CAP":45790467.624,"PE_TTM":-3.514773382254,"PB_TTM":0.644981584957,"REPORT_DATE_SQ":"2020-06-30 00:00:00","REPORT_TYPE_SQ":"2020年中报","OPERATE_INCOME_SQ":2887383.84,"DPS_HKD":null,"OPERATE_INCOME_QOQ_SQ":322331.804684186,"NET_PROFIT_RATIO_SQ":-259.2850363809,"HOLDER_PROFIT_SQ":-7486554.24,"HOLDER_PROFIT_QOQ_SQ":52.353136949315,"ROE_AVG_SQ":-10.155882134272,"PE_TTM_SQ":-2.097581406659,"PB_TTM_SQ":0.42475706502,"ROA_SQ":-8.20555947679,"START_DATE":"2021-01-01 00:00:00","FISCAL_YEAR":"12-31","CURRENCY":"HKD","IS_CNY_CODE":0,"DPS_HKD_LY":null,"ORG_TYPE":"证券","PREMIUM_INCOME":null,"PREMIUM_INCOME_YOY":null,"NET_INTEREST_INCOME":null,"NET_INTEREST_INCOME_YOY":null,"FEE_COMMISSION_INCOME":null,"FEE_COMMISSION_INCOME_YOY":null,"ACCOUNTS_RECE_TDAYS":null,"INVENTORY_TDAYS":null,"CURRENT_ASSETS_TDAYS":0.001092211169,"TOTAL_ASSETS_TDAYS":0.001087601345,"PREMIUM_EXPENSE":null,"LOAN_DEPOSIT":null,"LOAN_EQUITY":null,"LOAN_ASSETS":null,"DEPOSIT_EQUITY":null,"DEPOSIT_ASSETS":null,"EQUITY_MULTIPLIER":1.076667153071,"EQUITY_RATIO":0.076667153072},{"SECUCODE":"02312.HK","SECURITY_CODE":"02312","SECURITY_NAME_ABBR":"中国金融租赁","ORG_CODE":"10018073","STD_REPORT_DATE":"2020-12-31 00:00:00","REPORT_DATE":"2020-12-31 00:00:00","DATE_TYPE_CODE":"001","REPORT_TYPE":"2020年年报","PER_NETCASH_OPERATE":-0.014985484838,"PER_OI":0.001291942475,"BPS":0.195252677793,"BASIC_EPS":-0.087362232,"DILUTED_EPS":-0.087362232,"OPERATE_INCOME":2490412.76,"OPERATE_INCOME_YOY":295800,"GROSS_PROFIT":null,"GROSS_PROFIT_YOY":null,"HOLDER_PROFIT":-16670363.48,"HOLDER_PROFIT_YOY":69.8445564301,"GROSS_PROFIT_RATIO":null,"EPS_TTM":-0.008648024538,"OPERATE_INCOME_QOQ":-13.775219589023,"NET_PROFIT_RATIO":-669.3815478202,"ROE_AVG":-26.463848861989,"GROSS_PROFIT_QOQ":null,"ROA":-22.618605793113,"HOLDER_PROFIT_QOQ":40.535685881027,"ROE_YEARLY":-26.463848861989,"ROIC_YEARLY":-22.74614284812,"TOTAL_ASSETS":74097985.6,"TOTAL_LIABILITIES":6365323.32,"TAX_EBT":null,"OCF_SALES":-1159.9188915174,"TOTAL_PARENT_EQUITY":67732662.28,"DEBT_ASSET_RATIO":8.5904134484,"OPERATE_PROFIT":-15594747.56,"PRETAX_PROFIT":-16670363.48,"NETCASH_OPERATE":-28886768.08,"NETCASH_INVEST":722968.76,"NETCASH_FINANCE":27323842.6,"END_CASH":100996.8,"DIVI_RATIO":null,"DIVIDEND_RATE":null,"CURRENT_RATIO":11.736440337485,"COMMON_ACS":7500000000,"CURRENTDEBT_DEBT":98.730662435542,"ISSUED_COMMON_SHARES":346897482,"HK_COMMON_SHARES":346897482,"PER_SHARES":10000,"TOTAL_MARKET_CAP":45790467.624,"HKSK_MARKET_CAP":45790467.624,"PE_TTM":-3.514773382254,"PB_TTM":0.644981584957,"REPORT_DATE_SQ":"2019-12-31 00:00:00","REPORT_TYPE_SQ":"2019年年报","OPERATE_INCOME_SQ":895.78,"DPS_HKD":null,"OPERATE_INCOME_QOQ_SQ":-94.912566661177,"NET_PROFIT_RATIO_SQ":-6568300,"HOLDER_PROFIT_SQ":-58837517.74,"HOLDER_PROFIT_QOQ_SQ":32.159617976251,"ROE_AVG_SQ":-64.372378376259,"PE_TTM_SQ":-2.097581406659,"PB_TTM_SQ":0.42475706502,"ROA_SQ":-59.053373072065,"START_DATE":"2020-01-01 00:00:00","FISCAL_YEAR":"12-31","CURRENCY":"HKD","IS_CNY_CODE":0,"DPS_HKD_LY":null,"ORG_TYPE":"证券","PREMIUM_INCOME":null,"PREMIUM_INCOME_YOY":null,"NET_INTEREST_INCOME":null,"NET_INTEREST_INCOME_YOY":null,"FEE_COMMISSION_INCOME":null,"FEE_COMMISSION_INCOME_YOY":null,"ACCOUNTS_RECE_TDAYS":null,"INVENTORY_TDAYS":null,"CURRENT_ASSETS_TDAYS":0.037561963276,"TOTAL_ASSETS_TDAYS":0.033790303702,"PREMIUM_EXPENSE":null,"LOAN_DEPOSIT":null,"LOAN_EQUITY":null,"LOAN_ASSETS":null,"DEPOSIT_EQUITY":null,"DEPOSIT_ASSETS":null,"EQUITY_MULTIPLIER":1.093977161176,"EQUITY_RATIO":0.093977161176},{"SECUCODE":"02312.HK","SECURITY_CODE":"02312","SECURITY_NAME_ABBR":"中国金融租赁","ORG_CODE":"10018073","STD_REPORT_DATE":"2020-06-30 00:00:00","REPORT_DATE":"2020-06-30 00:00:00","DATE_TYPE_CODE":"002","REPORT_TYPE":"2020年中报","PER_NETCASH_OPERATE":-0.016440641579,"PER_OI":0.001497877735,"BPS":0.242751930958,"BASIC_EPS":-0.003927792,"DILUTED_EPS":-0.003927792,"OPERATE_INCOME":2887383.84,"OPERATE_INCOME_YOY":null,"GROSS_PROFIT":null,"GROSS_PROFIT_YOY":null,"HOLDER_PROFIT":-7486554.24,"HOLDER_PROFIT_YOY":81.1707406727,"GROSS_PROFIT_RATIO":null,"EPS_TTM":-0.014543217501,"OPERATE_INCOME_QOQ":322331.804684186,"NET_PROFIT_RATIO":-259.2850363809,"ROE_AVG":-10.155882134272,"GROSS_PROFIT_QOQ":null,"ROA":-8.20555947679,"HOLDER_PROFIT_QOQ":52.353136949315,"ROE_YEARLY":-20.311764268544,"ROIC_YEARLY":-16.514537871003,"TOTAL_ASSETS":102915457.92,"TOTAL_LIABILITIES":18705424.32,"TAX_EBT":null,"OCF_SALES":-1097.59569756406,"TOTAL_PARENT_EQUITY":84210033.6,"DEBT_ASSET_RATIO":18.17552455,"OPERATE_PROFIT":-6765850.08,"PRETAX_PROFIT":-7486554.24,"NETCASH_OPERATE":-31691800.8,"NETCASH_INVEST":-2059807.2,"NETCASH_FINANCE":33081143.04,"END_CASH":355328.16,"DIVI_RATIO":null,"DIVIDEND_RATE":null,"CURRENT_RATIO":4.73068563525,"COMMON_ACS":7500000000,"CURRENTDEBT_DEBT":98.857310284207,"ISSUED_COMMON_SHARES":346897482,"HK_COMMON_SHARES":346897482,"PER_SHARES":10000,"TOTAL_MARKET_CAP":45790467.624,"HKSK_MARKET_CAP":45790467.624,"PE_TTM":-3.514773382254,"PB_TTM":0.644981584957,"REPORT_DATE_SQ":"2019-06-30 00:00:00","REPORT_TYPE_SQ":"2019年中报","OPERATE_INCOME_SQ":null,"DPS_HKD":null,"OPERATE_INCOME_QOQ_SQ":-58.134320550864,"NET_PROFIT_RATIO_SQ":null,"HOLDER_PROFIT_SQ":-38289840.48,"HOLDER_PROFIT_QOQ_SQ":-264.875776127323,"ROE_AVG_SQ":-38.486805748971,"PE_TTM_SQ":-2.097581406659,"PB_TTM_SQ":0.42475706502,"ROA_SQ":-37.323043944266,"START_DATE":"2020-01-01 00:00:00","FISCAL_YEAR":"12-31","CURRENCY":"HKD","IS_CNY_CODE":0,"DPS_HKD_LY":null,"ORG_TYPE":"证券","PREMIUM_INCOME":null,"PREMIUM_INCOME_YOY":null,"NET_INTEREST_INCOME":null,"NET_INTEREST_INCOME_YOY":null,"FEE_COMMISSION_INCOME":null,"FEE_COMMISSION_INCOME_YOY":null,"ACCOUNTS_RECE_TDAYS":null,"INVENTORY_TDAYS":null,"CURRENT_ASSETS_TDAYS":0.038156743218,"TOTAL_ASSETS_TDAYS":0.031646868602,"PREMIUM_EXPENSE":null,"LOAN_DEPOSIT":null,"LOAN_EQUITY":null,"LOAN_ASSETS":null,"DEPOSIT_EQUITY":null,"DEPOSIT_ASSETS":null,"EQUITY_MULTIPLIER":1.222128213472,"EQUITY_RATIO":0.222128213472}],"count":43},"success":true,"message":"ok","code":0}