{"version":"5dd34f441e6fd097ed9e208fbc8b3492","result":{"pages":1,"data":[{"SECUCODE":"02315.HK","SECURITY_CODE":"02315","SECURITY_NAME_ABBR":"百奥赛图-B","ORG_CODE":"10000174953","STD_REPORT_DATE":"2024-06-30 00:00:00","REPORT_DATE":"2024-06-30 00:00:00","DATE_TYPE_CODE":"002","REPORT_TYPE":"2024年中报","PER_NETCASH_OPERATE":0.074131490054,"PER_OI":1.027793249658,"BPS":1.852015338468,"BASIC_EPS":-0.13,"DILUTED_EPS":-0.13,"OPERATE_INCOME":410499000,"OPERATE_INCOME_YOY":25.5978533576,"GROSS_PROFIT":305493000,"GROSS_PROFIT_YOY":29.795975595248,"HOLDER_PROFIT":-50673000,"HOLDER_PROFIT_YOY":73.3030220012,"GROSS_PROFIT_RATIO":74.419913325002,"EPS_TTM":-0.610458098457,"OPERATE_INCOME_QOQ":11.669912067311,"NET_PROFIT_RATIO":-12.344244444,"ROE_AVG":-6.643121492313,"GROSS_PROFIT_QOQ":13.858554958758,"ROA":-2.076068854051,"HOLDER_PROFIT_QOQ":36.332324501046,"ROE_YEARLY":-13.286242984626,"ROIC_YEARLY":-5.012616117619,"TOTAL_ASSETS":2432222000,"TOTAL_LIABILITIES":1687980000,"TAX_EBT":-7.638549610213,"OCF_SALES":7.212685049172,"TOTAL_PARENT_EQUITY":739692000,"DEBT_ASSET_RATIO":69.4007372682,"OPERATE_PROFIT":14736000,"PRETAX_PROFIT":-47077000,"NETCASH_OPERATE":29608000,"NETCASH_INVEST":-31964000,"NETCASH_FINANCE":-13465000,"END_CASH":385852000,"DIVI_RATIO":null,"DIVIDEND_RATE":null,"CURRENT_RATIO":1.337992724504,"COMMON_ACS":null,"CURRENTDEBT_DEBT":33.922617566559,"ISSUED_COMMON_SHARES":399398420,"HK_COMMON_SHARES":110781920,"PER_SHARES":500,"TOTAL_MARKET_CAP":3319000870.2,"HKSK_MARKET_CAP":920597755.2,"PE_TTM":-12.191821973632,"PB_TTM":4.095198696504,"REPORT_DATE_SQ":"2023-06-30 00:00:00","REPORT_TYPE_SQ":"2023年中报","OPERATE_INCOME_SQ":326836000,"DPS_HKD":null,"OPERATE_INCOME_QOQ_SQ":18.300894768684,"NET_PROFIT_RATIO_SQ":-58.0746918944,"HOLDER_PROFIT_SQ":-189808000,"HOLDER_PROFIT_QOQ_SQ":13.718362973361,"ROE_AVG_SQ":-18.020120353761,"PE_TTM_SQ":-5.195046020835,"PB_TTM_SQ":2.799094393427,"ROA_SQ":-6.880067855343,"START_DATE":"2024-01-01 00:00:00","FISCAL_YEAR":"12-31","CURRENCY":"HKD","IS_CNY_CODE":0,"DPS_HKD_LY":null,"ORG_TYPE":"一般企业","PREMIUM_INCOME":null,"PREMIUM_INCOME_YOY":null,"NET_INTEREST_INCOME":null,"NET_INTEREST_INCOME_YOY":null,"FEE_COMMISSION_INCOME":null,"FEE_COMMISSION_INCOME_YOY":null,"ACCOUNTS_RECE_TDAYS":2.510612792842,"INVENTORY_TDAYS":17.426935524023,"CURRENT_ASSETS_TDAYS":0.55130359107,"TOTAL_ASSETS_TDAYS":0.168181119831,"PREMIUM_EXPENSE":null,"LOAN_DEPOSIT":null,"LOAN_EQUITY":null,"LOAN_ASSETS":null,"DEPOSIT_EQUITY":null,"DEPOSIT_ASSETS":null,"EQUITY_MULTIPLIER":3.268052595793,"EQUITY_RATIO":2.282003861066},{"SECUCODE":"02315.HK","SECURITY_CODE":"02315","SECURITY_NAME_ABBR":"百奥赛图-B","ORG_CODE":"10000174953","STD_REPORT_DATE":"2023-12-31 00:00:00","REPORT_DATE":"2023-12-31 00:00:00","DATE_TYPE_CODE":"001","REPORT_TYPE":"2023年年报","PER_NETCASH_OPERATE":-0.191903613439,"PER_OI":1.794979559509,"BPS":1.967674283739,"BASIC_EPS":-0.96,"DILUTED_EPS":-0.96,"OPERATE_INCOME":716912000,"OPERATE_INCOME_YOY":34.2831080334,"GROSS_PROFIT":506034000,"GROSS_PROFIT_YOY":29.172686662412,"HOLDER_PROFIT":-382951000,"HOLDER_PROFIT_YOY":36.3810647152,"GROSS_PROFIT_RATIO":70.58523221818,"EPS_TTM":-0.958819516612,"OPERATE_INCOME_QOQ":13.509799140576,"NET_PROFIT_RATIO":-53.4168768273,"ROE_AVG":-39.639862515921,"GROSS_PROFIT_QOQ":9.972964984874,"ROA":-14.590721704475,"HOLDER_PROFIT_QOQ":26.265961707306,"ROE_YEARLY":-39.639862515921,"ROIC_YEARLY":-18.253750541307,"TOTAL_ASSETS":2449408000,"TOTAL_LIABILITIES":1658972000,"TAX_EBT":-0.735487536695,"OCF_SALES":-10.69113085009,"TOTAL_PARENT_EQUITY":785886000,"DEBT_ASSET_RATIO":67.729508518,"OPERATE_PROFIT":-270285000,"PRETAX_PROFIT":-380156000,"NETCASH_OPERATE":-76646000,"NETCASH_INVEST":-100278000,"NETCASH_FINANCE":-37819000,"END_CASH":399607000,"DIVI_RATIO":null,"DIVIDEND_RATE":null,"CURRENT_RATIO":1.251783191601,"COMMON_ACS":null,"CURRENTDEBT_DEBT":34.817706386847,"ISSUED_COMMON_SHARES":399398420,"HK_COMMON_SHARES":110781920,"PER_SHARES":500,"TOTAL_MARKET_CAP":2995488150,"HKSK_MARKET_CAP":830864400,"PE_TTM":-11.003449434686,"PB_TTM":3.696027704426,"REPORT_DATE_SQ":"2022-12-31 00:00:00","REPORT_TYPE_SQ":"2022年年报","OPERATE_INCOME_SQ":533881000,"DPS_HKD":null,"OPERATE_INCOME_QOQ_SQ":17.950604355424,"NET_PROFIT_RATIO_SQ":-112.7886176882,"HOLDER_PROFIT_SQ":-601945000,"HOLDER_PROFIT_QOQ_SQ":-5.848208241089,"ROE_AVG_SQ":-50.298875316329,"PE_TTM_SQ":-7.842384541041,"PB_TTM_SQ":4.22548222131,"ROA_SQ":-23.593588777519,"START_DATE":"2023-01-01 00:00:00","FISCAL_YEAR":"12-31","CURRENCY":"HKD","IS_CNY_CODE":0,"DPS_HKD_LY":null,"ORG_TYPE":"一般企业","PREMIUM_INCOME":null,"PREMIUM_INCOME_YOY":null,"NET_INTEREST_INCOME":null,"NET_INTEREST_INCOME_YOY":null,"FEE_COMMISSION_INCOME":null,"FEE_COMMISSION_INCOME_YOY":null,"ACCOUNTS_RECE_TDAYS":5.733782281478,"INVENTORY_TDAYS":16.208916218294,"CURRENT_ASSETS_TDAYS":0.87303406225,"TOTAL_ASSETS_TDAYS":0.273148874885,"PREMIUM_EXPENSE":null,"LOAN_DEPOSIT":null,"LOAN_EQUITY":null,"LOAN_ASSETS":null,"DEPOSIT_EQUITY":null,"DEPOSIT_ASSETS":null,"EQUITY_MULTIPLIER":3.098806228464,"EQUITY_RATIO":2.110957568909},{"SECUCODE":"02315.HK","SECURITY_CODE":"02315","SECURITY_NAME_ABBR":"百奥赛图-B","ORG_CODE":"10000174953","STD_REPORT_DATE":"2023-06-30 00:00:00","REPORT_DATE":"2023-06-30 00:00:00","DATE_TYPE_CODE":"002","REPORT_TYPE":"2023年中报","PER_NETCASH_OPERATE":-0.04398865674,"PER_OI":0.818320713437,"BPS":2.404511264717,"BASIC_EPS":-0.48,"DILUTED_EPS":-0.48,"OPERATE_INCOME":326836000,"OPERATE_INCOME_YOY":42.641545666,"GROSS_PROFIT":235364000,"GROSS_PROFIT_YOY":40.96184943403,"HOLDER_PROFIT":-189808000,"HOLDER_PROFIT_YOY":30.3162802651,"GROSS_PROFIT_RATIO":72.012874958695,"EPS_TTM":-1.300375700034,"OPERATE_INCOME_QOQ":18.300894768684,"NET_PROFIT_RATIO":-58.0746918944,"ROE_AVG":-18.020120353761,"GROSS_PROFIT_QOQ":17.458583280153,"ROA":-6.880067855343,"HOLDER_PROFIT_QOQ":13.718362973361,"ROE_YEARLY":-36.040240707521,"ROIC_YEARLY":-17.530946866752,"TOTAL_ASSETS":2717788000,"TOTAL_LIABILITIES":1752880000,"TAX_EBT":-0.221765783652,"OCF_SALES":-5.375478833421,"TOTAL_PARENT_EQUITY":960358000,"DEBT_ASSET_RATIO":64.4965685329,"OPERATE_PROFIT":-137742000,"PRETAX_PROFIT":-189389000,"NETCASH_OPERATE":-17569000,"NETCASH_INVEST":-90011000,"NETCASH_FINANCE":21511000,"END_CASH":534759000,"DIVI_RATIO":null,"DIVIDEND_RATE":null,"CURRENT_RATIO":1.303220174857,"COMMON_ACS":null,"CURRENTDEBT_DEBT":37.056786545571,"ISSUED_COMMON_SHARES":399398420,"HK_COMMON_SHARES":110781920,"PER_SHARES":500,"TOTAL_MARKET_CAP":2995488150,"HKSK_MARKET_CAP":830864400,"PE_TTM":-11.003449434686,"PB_TTM":3.696027704426,"REPORT_DATE_SQ":"2022-06-30 00:00:00","REPORT_TYPE_SQ":"2022年中报","OPERATE_INCOME_SQ":229131000,"DPS_HKD":null,"OPERATE_INCOME_QOQ_SQ":27.661716799932,"NET_PROFIT_RATIO_SQ":-118.9681885035,"HOLDER_PROFIT_SQ":-272385000,"HOLDER_PROFIT_QOQ_SQ":-4.236073434315,"ROE_AVG_SQ":-24.314499121854,"PE_TTM_SQ":-7.842384541041,"PB_TTM_SQ":4.22548222131,"ROA_SQ":-12.167380378215,"START_DATE":"2023-01-01 00:00:00","FISCAL_YEAR":"12-31","CURRENCY":"HKD","IS_CNY_CODE":0,"DPS_HKD_LY":null,"ORG_TYPE":"一般企业","PREMIUM_INCOME":null,"PREMIUM_INCOME_YOY":null,"NET_INTEREST_INCOME":null,"NET_INTEREST_INCOME_YOY":null,"FEE_COMMISSION_INCOME":null,"FEE_COMMISSION_INCOME_YOY":null,"ACCOUNTS_RECE_TDAYS":2.939661724298,"INVENTORY_TDAYS":5.551496024762,"CURRENT_ASSETS_TDAYS":0.370181055002,"TOTAL_ASSETS_TDAYS":0.118469920002,"PREMIUM_EXPENSE":null,"LOAN_DEPOSIT":null,"LOAN_EQUITY":null,"LOAN_ASSETS":null,"DEPOSIT_EQUITY":null,"DEPOSIT_ASSETS":null,"EQUITY_MULTIPLIER":2.816629150133,"EQUITY_RATIO":1.82523600574},{"SECUCODE":"02315.HK","SECURITY_CODE":"02315","SECURITY_NAME_ABBR":"百奥赛图-B","ORG_CODE":"10000174953","STD_REPORT_DATE":"2022-12-31 00:00:00","REPORT_DATE":"2022-12-31 00:00:00","DATE_TYPE_CODE":"001","REPORT_TYPE":"2022年年报","PER_NETCASH_OPERATE":-0.759306959702,"PER_OI":1.33671284929,"BPS":2.869978804623,"BASIC_EPS":-1.58,"DILUTED_EPS":-1.58,"OPERATE_INCOME":533881000,"OPERATE_INCOME_YOY":50.577766496,"GROSS_PROFIT":391750000,"GROSS_PROFIT_YOY":58.321209182024,"HOLDER_PROFIT":-601945000,"HOLDER_PROFIT_YOY":-10.3320160711,"GROSS_PROFIT_RATIO":73.377775197095,"EPS_TTM":-1.50712914688,"OPERATE_INCOME_QOQ":17.950604355424,"NET_PROFIT_RATIO":-112.7886176882,"ROE_AVG":-50.298875316329,"GROSS_PROFIT_QOQ":20.413972016623,"ROA":-23.593588777519,"HOLDER_PROFIT_QOQ":-5.848208241089,"ROE_YEARLY":-50.298875316329,"ROIC_YEARLY":-30.095481890439,"TOTAL_ASSETS":2799832000,"TOTAL_LIABILITIES":1649016000,"TAX_EBT":-0.13369850986,"OCF_SALES":-56.804044346961,"TOTAL_PARENT_EQUITY":1146265000,"DEBT_ASSET_RATIO":58.8969623892,"OPERATE_PROFIT":-530444000,"PRETAX_PROFIT":-601353000,"NETCASH_OPERATE":-303266000,"NETCASH_INVEST":-153738000,"NETCASH_FINANCE":587200000,"END_CASH":610882000,"DIVI_RATIO":null,"DIVIDEND_RATE":null,"CURRENT_RATIO":1.516874956686,"COMMON_ACS":null,"CURRENTDEBT_DEBT":36.751978149393,"ISSUED_COMMON_SHARES":399398420,"HK_COMMON_SHARES":110781920,"PER_SHARES":500,"TOTAL_MARKET_CAP":2995488150,"HKSK_MARKET_CAP":830864400,"PE_TTM":-11.003449434686,"PB_TTM":3.696027704426,"REPORT_DATE_SQ":"2021-12-31 00:00:00","REPORT_TYPE_SQ":"2021年年报","OPERATE_INCOME_SQ":354555000,"DPS_HKD":null,"OPERATE_INCOME_QOQ_SQ":39.840736446033,"NET_PROFIT_RATIO_SQ":-153.895164361,"HOLDER_PROFIT_SQ":-545576000,"HOLDER_PROFIT_QOQ_SQ":-27.443931313669,"ROE_AVG_SQ":-40.403774097716,"PE_TTM_SQ":-7.842384541041,"PB_TTM_SQ":4.22548222131,"ROA_SQ":-23.570556332371,"START_DATE":"2022-01-01 00:00:00","FISCAL_YEAR":"12-31","CURRENCY":"HKD","IS_CNY_CODE":0,"DPS_HKD_LY":null,"ORG_TYPE":"一般企业","PREMIUM_INCOME":null,"PREMIUM_INCOME_YOY":null,"NET_INTEREST_INCOME":null,"NET_INTEREST_INCOME_YOY":null,"FEE_COMMISSION_INCOME":null,"FEE_COMMISSION_INCOME_YOY":null,"ACCOUNTS_RECE_TDAYS":5.065981562928,"INVENTORY_TDAYS":8.424075391181,"CURRENT_ASSETS_TDAYS":0.595339703624,"TOTAL_ASSETS_TDAYS":0.209257802127,"PREMIUM_EXPENSE":null,"LOAN_DEPOSIT":null,"LOAN_EQUITY":null,"LOAN_ASSETS":null,"DEPOSIT_EQUITY":null,"DEPOSIT_ASSETS":null,"EQUITY_MULTIPLIER":2.432910213276,"EQUITY_RATIO":1.438599276782},{"SECUCODE":"02315.HK","SECURITY_CODE":"02315","SECURITY_NAME_ABBR":"百奥赛图-B","ORG_CODE":"10000174953","STD_REPORT_DATE":"2022-06-30 00:00:00","REPORT_DATE":"2022-06-30 00:00:00","DATE_TYPE_CODE":"002","REPORT_TYPE":"2022年中报","PER_NETCASH_OPERATE":-0.296479342811,"PER_OI":0.611130077614,"BPS":2.487007835434,"BASIC_EPS":-0.73,"DILUTED_EPS":-0.73,"OPERATE_INCOME":229131000,"OPERATE_INCOME_YOY":74.8357559803,"GROSS_PROFIT":166970000,"GROSS_PROFIT_YOY":87.450883535038,"HOLDER_PROFIT":-272385000,"HOLDER_PROFIT_YOY":-9.2713239247,"GROSS_PROFIT_RATIO":72.870977737626,"EPS_TTM":-1.516781799269,"OPERATE_INCOME_QOQ":27.661716799932,"NET_PROFIT_RATIO":-118.9681885035,"ROE_AVG":-24.314499121854,"GROSS_PROFIT_QOQ":31.480763013256,"ROA":-12.167380378215,"HOLDER_PROFIT_QOQ":-4.236073434315,"ROE_YEARLY":-48.628998243707,"ROIC_YEARLY":-29.813319921708,"TOTAL_ASSETS":2174516000,"TOTAL_LIABILITIES":1176654000,"TAX_EBT":null,"OCF_SALES":-48.513295887505,"TOTAL_PARENT_EQUITY":993307000,"DEBT_ASSET_RATIO":54.111075752,"OPERATE_PROFIT":-244101000,"PRETAX_PROFIT":-272593000,"NETCASH_OPERATE":-111159000,"NETCASH_INVEST":-42969000,"NETCASH_FINANCE":11960000,"END_CASH":331828000,"DIVI_RATIO":null,"DIVIDEND_RATE":null,"CURRENT_RATIO":1.265107291027,"COMMON_ACS":null,"CURRENTDEBT_DEBT":46.398091537529,"ISSUED_COMMON_SHARES":399398420,"HK_COMMON_SHARES":110781920,"PER_SHARES":500,"TOTAL_MARKET_CAP":2995488150,"HKSK_MARKET_CAP":830864400,"PE_TTM":-11.003449434686,"PB_TTM":3.696027704426,"REPORT_DATE_SQ":"2021-06-30 00:00:00","REPORT_TYPE_SQ":"2021年中报","OPERATE_INCOME_SQ":131055000,"DPS_HKD":null,"OPERATE_INCOME_QOQ_SQ":0,"NET_PROFIT_RATIO_SQ":-190.2071649308,"HOLDER_PROFIT_SQ":-249274000,"HOLDER_PROFIT_QOQ_SQ":0,"ROE_AVG_SQ":null,"PE_TTM_SQ":-7.842384541041,"PB_TTM_SQ":4.22548222131,"ROA_SQ":null,"START_DATE":"2022-01-01 00:00:00","FISCAL_YEAR":"12-31","CURRENCY":"HKD","IS_CNY_CODE":0,"DPS_HKD_LY":null,"ORG_TYPE":"一般企业","PREMIUM_INCOME":null,"PREMIUM_INCOME_YOY":null,"NET_INTEREST_INCOME":null,"NET_INTEREST_INCOME_YOY":null,"FEE_COMMISSION_INCOME":null,"FEE_COMMISSION_INCOME_YOY":null,"ACCOUNTS_RECE_TDAYS":2.26713104738,"INVENTORY_TDAYS":2.937734823602,"CURRENT_ASSETS_TDAYS":0.292834699859,"TOTAL_ASSETS_TDAYS":0.102352333405,"PREMIUM_EXPENSE":null,"LOAN_DEPOSIT":null,"LOAN_EQUITY":null,"LOAN_ASSETS":null,"DEPOSIT_EQUITY":null,"DEPOSIT_ASSETS":null,"EQUITY_MULTIPLIER":2.179175076312,"EQUITY_RATIO":1.184582410071},{"SECUCODE":"02315.HK","SECURITY_CODE":"02315","SECURITY_NAME_ABBR":"百奥赛图-B","ORG_CODE":"10000174953","STD_REPORT_DATE":"2021-12-31 00:00:00","REPORT_DATE":"2021-12-31 00:00:00","DATE_TYPE_CODE":"001","REPORT_TYPE":"2021年年报","PER_NETCASH_OPERATE":-0.975590110154,"PER_OI":0.945656522551,"BPS":3.122716409344,"BASIC_EPS":-1.51,"DILUTED_EPS":-1.51,"OPERATE_INCOME":354555000,"OPERATE_INCOME_YOY":39.840736446,"GROSS_PROFIT":247440000,"GROSS_PROFIT_YOY":48.17387555167,"HOLDER_PROFIT":-545576000,"HOLDER_PROFIT_YOY":-27.4439313137,"GROSS_PROFIT_RATIO":69.788890299107,"EPS_TTM":-1.455140959646,"OPERATE_INCOME_QOQ":39.840736446033,"NET_PROFIT_RATIO":-153.895164361,"ROE_AVG":-40.403774097716,"GROSS_PROFIT_QOQ":48.17387555167,"ROA":-23.570556332371,"HOLDER_PROFIT_QOQ":-27.443931313669,"ROE_YEARLY":-40.403774097716,"ROIC_YEARLY":-32.062350380625,"TOTAL_ASSETS":2302783000,"TOTAL_LIABILITIES":1050812000,"TAX_EBT":null,"OCF_SALES":-103.165376316791,"TOTAL_PARENT_EQUITY":1247208000,"DEBT_ASSET_RATIO":45.6322632224,"OPERATE_PROFIT":-505816000,"PRETAX_PROFIT":-545643000,"NETCASH_OPERATE":-365778000,"NETCASH_INVEST":-84131000,"NETCASH_FINANCE":219440000,"END_CASH":466445000,"DIVI_RATIO":null,"DIVIDEND_RATE":null,"CURRENT_RATIO":1.957721152188,"COMMON_ACS":null,"CURRENTDEBT_DEBT":42.496564561501,"ISSUED_COMMON_SHARES":399398420,"HK_COMMON_SHARES":110781920,"PER_SHARES":500,"TOTAL_MARKET_CAP":2995488150,"HKSK_MARKET_CAP":830864400,"PE_TTM":-11.003449434686,"PB_TTM":3.696027704426,"REPORT_DATE_SQ":"2020-12-31 00:00:00","REPORT_TYPE_SQ":"2020年年报","OPERATE_INCOME_SQ":253542000,"DPS_HKD":null,"OPERATE_INCOME_QOQ_SQ":49.252975734956,"NET_PROFIT_RATIO_SQ":-188.0126369596,"HOLDER_PROFIT_SQ":-428091000,"HOLDER_PROFIT_QOQ_SQ":-62.621988049065,"ROE_AVG_SQ":-78.734085255671,"PE_TTM_SQ":-7.842384541041,"PB_TTM_SQ":4.22548222131,"ROA_SQ":-24.124856789112,"START_DATE":"2021-01-01 00:00:00","FISCAL_YEAR":"12-31","CURRENCY":"HKD","IS_CNY_CODE":0,"DPS_HKD_LY":null,"ORG_TYPE":"一般企业","PREMIUM_INCOME":null,"PREMIUM_INCOME_YOY":null,"NET_INTEREST_INCOME":null,"NET_INTEREST_INCOME_YOY":null,"FEE_COMMISSION_INCOME":null,"FEE_COMMISSION_INCOME_YOY":null,"ACCOUNTS_RECE_TDAYS":4.163520535478,"INVENTORY_TDAYS":9.266003460208,"CURRENT_ASSETS_TDAYS":0.350718837357,"TOTAL_ASSETS_TDAYS":0.153178633232,"PREMIUM_EXPENSE":null,"LOAN_DEPOSIT":null,"LOAN_EQUITY":null,"LOAN_ASSETS":null,"DEPOSIT_EQUITY":null,"DEPOSIT_ASSETS":null,"EQUITY_MULTIPLIER":1.839326150527,"EQUITY_RATIO":0.84253147831},{"SECUCODE":"02315.HK","SECURITY_CODE":"02315","SECURITY_NAME_ABBR":"百奥赛图-B","ORG_CODE":"10000174953","STD_REPORT_DATE":"2021-06-30 00:00:00","REPORT_DATE":"2021-06-30 00:00:00","DATE_TYPE_CODE":"002","REPORT_TYPE":"2021年中报","PER_NETCASH_OPERATE":null,"PER_OI":null,"BPS":null,"BASIC_EPS":-0.69,"DILUTED_EPS":-0.69,"OPERATE_INCOME":131055000,"OPERATE_INCOME_YOY":null,"GROSS_PROFIT":89074000,"GROSS_PROFIT_YOY":null,"HOLDER_PROFIT":-249274000,"HOLDER_PROFIT_YOY":null,"GROSS_PROFIT_RATIO":67.966884132616,"EPS_TTM":-1.189141666667,"OPERATE_INCOME_QOQ":0,"NET_PROFIT_RATIO":-190.2071649308,"ROE_AVG":null,"GROSS_PROFIT_QOQ":0,"ROA":null,"HOLDER_PROFIT_QOQ":0,"ROE_YEARLY":null,"ROIC_YEARLY":null,"TOTAL_ASSETS":null,"TOTAL_LIABILITIES":null,"TAX_EBT":null,"OCF_SALES":-119.432299416276,"TOTAL_PARENT_EQUITY":null,"DEBT_ASSET_RATIO":null,"OPERATE_PROFIT":-229080000,"PRETAX_PROFIT":-249276000,"NETCASH_OPERATE":-156522000,"NETCASH_INVEST":-316309000,"NETCASH_FINANCE":245304000,"END_CASH":472619000,"DIVI_RATIO":null,"DIVIDEND_RATE":null,"CURRENT_RATIO":null,"COMMON_ACS":null,"CURRENTDEBT_DEBT":null,"ISSUED_COMMON_SHARES":399398420,"HK_COMMON_SHARES":110781920,"PER_SHARES":500,"TOTAL_MARKET_CAP":2995488150,"HKSK_MARKET_CAP":830864400,"PE_TTM":-11.003449434686,"PB_TTM":3.696027704426,"REPORT_DATE_SQ":"2020-06-30 00:00:00","REPORT_TYPE_SQ":"2020年中报","OPERATE_INCOME_SQ":null,"DPS_HKD":null,"OPERATE_INCOME_QOQ_SQ":0,"NET_PROFIT_RATIO_SQ":null,"HOLDER_PROFIT_SQ":null,"HOLDER_PROFIT_QOQ_SQ":0,"ROE_AVG_SQ":null,"PE_TTM_SQ":-7.842384541041,"PB_TTM_SQ":4.22548222131,"ROA_SQ":null,"START_DATE":"2021-01-01 00:00:00","FISCAL_YEAR":"12-31","CURRENCY":"HKD","IS_CNY_CODE":0,"DPS_HKD_LY":null,"ORG_TYPE":"一般企业","PREMIUM_INCOME":null,"PREMIUM_INCOME_YOY":null,"NET_INTEREST_INCOME":null,"NET_INTEREST_INCOME_YOY":null,"FEE_COMMISSION_INCOME":null,"FEE_COMMISSION_INCOME_YOY":null,"ACCOUNTS_RECE_TDAYS":null,"INVENTORY_TDAYS":null,"CURRENT_ASSETS_TDAYS":0.228390834043,"TOTAL_ASSETS_TDAYS":0.112661926536,"PREMIUM_EXPENSE":null,"LOAN_DEPOSIT":null,"LOAN_EQUITY":null,"LOAN_ASSETS":null,"DEPOSIT_EQUITY":null,"DEPOSIT_ASSETS":null,"EQUITY_MULTIPLIER":null,"EQUITY_RATIO":null},{"SECUCODE":"02315.HK","SECURITY_CODE":"02315","SECURITY_NAME_ABBR":"百奥赛图-B","ORG_CODE":"10000174953","STD_REPORT_DATE":"2020-12-31 00:00:00","REPORT_DATE":"2020-12-31 00:00:00","DATE_TYPE_CODE":"001","REPORT_TYPE":"2020年年报","PER_NETCASH_OPERATE":-0.625869444444,"PER_OI":0.704283333333,"BPS":3.639000374613,"BASIC_EPS":-1.68,"DILUTED_EPS":-1.68,"OPERATE_INCOME":253542000,"OPERATE_INCOME_YOY":49.252975735,"GROSS_PROFIT":166993000,"GROSS_PROFIT_YOY":71.911384716746,"HOLDER_PROFIT":-428091000,"HOLDER_PROFIT_YOY":-62.6219880491,"GROSS_PROFIT_RATIO":65.864038305291,"EPS_TTM":-1.189141666667,"OPERATE_INCOME_QOQ":49.252975734956,"NET_PROFIT_RATIO":-188.0126369596,"ROE_AVG":-78.734085255671,"GROSS_PROFIT_QOQ":71.911384716746,"ROA":-24.124856789112,"HOLDER_PROFIT_QOQ":-62.621988049065,"ROE_YEARLY":-78.734085255671,"ROIC_YEARLY":-31.865807961483,"TOTAL_ASSETS":2326518000,"TOTAL_LIABILITIES":868277000,"TAX_EBT":null,"OCF_SALES":-88.866144465217,"TOTAL_PARENT_EQUITY":1453411000,"DEBT_ASSET_RATIO":37.3208803886,"OPERATE_PROFIT":-358426000,"PRETAX_PROFIT":-476691000,"NETCASH_OPERATE":-225313000,"NETCASH_INVEST":-188180000,"NETCASH_FINANCE":868442000,"END_CASH":697294000,"DIVI_RATIO":null,"DIVIDEND_RATE":null,"CURRENT_RATIO":3.493943038071,"COMMON_ACS":null,"CURRENTDEBT_DEBT":37.829517538758,"ISSUED_COMMON_SHARES":399398420,"HK_COMMON_SHARES":110781920,"PER_SHARES":500,"TOTAL_MARKET_CAP":2995488150,"HKSK_MARKET_CAP":830864400,"PE_TTM":-11.003449434686,"PB_TTM":3.696027704426,"REPORT_DATE_SQ":"2019-12-31 00:00:00","REPORT_TYPE_SQ":"2019年年报","OPERATE_INCOME_SQ":169874000,"DPS_HKD":null,"OPERATE_INCOME_QOQ_SQ":null,"NET_PROFIT_RATIO_SQ":-180.3742774056,"HOLDER_PROFIT_SQ":-263243000,"HOLDER_PROFIT_QOQ_SQ":null,"ROE_AVG_SQ":71.929033597832,"PE_TTM_SQ":-7.842384541041,"PB_TTM_SQ":4.22548222131,"ROA_SQ":-21.534156165845,"START_DATE":"2020-01-01 00:00:00","FISCAL_YEAR":"12-31","CURRENCY":"HKD","IS_CNY_CODE":0,"DPS_HKD_LY":null,"ORG_TYPE":"一般企业","PREMIUM_INCOME":null,"PREMIUM_INCOME_YOY":null,"NET_INTEREST_INCOME":null,"NET_INTEREST_INCOME_YOY":null,"FEE_COMMISSION_INCOME":null,"FEE_COMMISSION_INCOME_YOY":null,"ACCOUNTS_RECE_TDAYS":4.900877566011,"INVENTORY_TDAYS":15.660725594861,"CURRENT_ASSETS_TDAYS":0.278728614421,"TOTAL_ASSETS_TDAYS":0.142882341372,"PREMIUM_EXPENSE":null,"LOAN_DEPOSIT":null,"LOAN_EQUITY":null,"LOAN_ASSETS":null,"DEPOSIT_EQUITY":null,"DEPOSIT_ASSETS":null,"EQUITY_MULTIPLIER":1.595427641932,"EQUITY_RATIO":0.597406377136},{"SECUCODE":"02315.HK","SECURITY_CODE":"02315","SECURITY_NAME_ABBR":"百奥赛图-B","ORG_CODE":"10000174953","STD_REPORT_DATE":"2019-12-31 00:00:00","REPORT_DATE":"2019-12-31 00:00:00","DATE_TYPE_CODE":"001","REPORT_TYPE":"2019年年报","PER_NETCASH_OPERATE":-1.017917808219,"PER_OI":4.654082191781,"BPS":-0.916318096601,"BASIC_EPS":-1.36,"DILUTED_EPS":-1.36,"OPERATE_INCOME":169874000,"OPERATE_INCOME_YOY":null,"GROSS_PROFIT":97139000,"GROSS_PROFIT_YOY":null,"HOLDER_PROFIT":-263243000,"HOLDER_PROFIT_YOY":null,"GROSS_PROFIT_RATIO":57.182970907849,"EPS_TTM":-7.212136986301,"OPERATE_INCOME_QOQ":null,"NET_PROFIT_RATIO":-180.3742774056,"ROE_AVG":71.929033597832,"GROSS_PROFIT_QOQ":null,"ROA":-21.534156165845,"HOLDER_PROFIT_QOQ":null,"ROE_YEARLY":71.929033597832,"ROIC_YEARLY":-23.605172920896,"TOTAL_ASSETS":1222444000,"TOTAL_LIABILITIES":1727552000,"TAX_EBT":null,"OCF_SALES":-21.871504762353,"TOTAL_PARENT_EQUITY":-365976000,"DEBT_ASSET_RATIO":141.319520567,"OPERATE_PROFIT":null,"PRETAX_PROFIT":-306409000,"NETCASH_OPERATE":-37154000,"NETCASH_INVEST":-403997000,"NETCASH_FINANCE":489556000,"END_CASH":246384000,"DIVI_RATIO":null,"DIVIDEND_RATE":null,"CURRENT_RATIO":0.476388977551,"COMMON_ACS":null,"CURRENTDEBT_DEBT":81.609699736969,"ISSUED_COMMON_SHARES":399398420,"HK_COMMON_SHARES":110781920,"PER_SHARES":500,"TOTAL_MARKET_CAP":2995488150,"HKSK_MARKET_CAP":830864400,"PE_TTM":-11.003449434686,"PB_TTM":3.696027704426,"REPORT_DATE_SQ":"2018-12-31 00:00:00","REPORT_TYPE_SQ":"2018年年报","OPERATE_INCOME_SQ":null,"DPS_HKD":null,"OPERATE_INCOME_QOQ_SQ":null,"NET_PROFIT_RATIO_SQ":null,"HOLDER_PROFIT_SQ":null,"HOLDER_PROFIT_QOQ_SQ":null,"ROE_AVG_SQ":null,"PE_TTM_SQ":-7.842384541041,"PB_TTM_SQ":4.22548222131,"ROA_SQ":null,"START_DATE":"2019-01-01 00:00:00","FISCAL_YEAR":"12-31","CURRENCY":"HKD","IS_CNY_CODE":0,"DPS_HKD_LY":null,"ORG_TYPE":"一般企业","PREMIUM_INCOME":null,"PREMIUM_INCOME_YOY":null,"NET_INTEREST_INCOME":null,"NET_INTEREST_INCOME_YOY":null,"FEE_COMMISSION_INCOME":null,"FEE_COMMISSION_INCOME_YOY":null,"ACCOUNTS_RECE_TDAYS":4.687213729927,"INVENTORY_TDAYS":23.669053042629,"CURRENT_ASSETS_TDAYS":0.505850630623,"TOTAL_ASSETS_TDAYS":0.277925205572,"PREMIUM_EXPENSE":null,"LOAN_DEPOSIT":null,"LOAN_EQUITY":null,"LOAN_ASSETS":null,"DEPOSIT_EQUITY":null,"DEPOSIT_ASSETS":null,"EQUITY_MULTIPLIER":-2.420163608575,"EQUITY_RATIO":-4.720396965921}],"count":9},"success":true,"message":"ok","code":0}