{"version":"c93b5730709eabd388de57b40aab4833","result":{"pages":7,"data":[{"SECUCODE":"02328.HK","SECURITY_CODE":"02328","SECURITY_NAME_ABBR":"中国财险","ORG_CODE":"10056037","STD_REPORT_DATE":"2024-09-30 00:00:00","REPORT_DATE":"2024-09-30 00:00:00","DATE_TYPE_CODE":"004","REPORT_TYPE":"2024年三季报","PER_NETCASH_OPERATE":1.010648122829,"PER_OI":17.635713395182,"BPS":11.379383792979,"BASIC_EPS":null,"DILUTED_EPS":null,"OPERATE_INCOME":392267034000,"OPERATE_INCOME_YOY":7.9434286742,"GROSS_PROFIT":null,"GROSS_PROFIT_YOY":null,"HOLDER_PROFIT":26750367000,"HOLDER_PROFIT_YOY":37.9866522571,"GROSS_PROFIT_RATIO":null,"EPS_TTM":1.436384710479,"OPERATE_INCOME_QOQ":88.273632201229,"NET_PROFIT_RATIO":6.8194277575,"ROE_AVG":11.065366387993,"GROSS_PROFIT_QOQ":null,"ROA":3.688110443702,"HOLDER_PROFIT_QOQ":39.998983392489,"ROE_YEARLY":14.753821850658,"ROIC_YEARLY":3.765113944399,"TOTAL_ASSETS":747004220000,"TOTAL_LIABILITIES":493895257000,"TAX_EBT":16.211916606849,"OCF_SALES":5.730690333769,"TOTAL_PARENT_EQUITY":253108963000,"DEBT_ASSET_RATIO":66.1167961006,"OPERATE_PROFIT":31939623000,"PRETAX_PROFIT":31926219000,"NETCASH_OPERATE":22479609000,"NETCASH_INVEST":-14519571000,"NETCASH_FINANCE":-6605937000,"END_CASH":1290483000,"DIVI_RATIO":0.482325520876,"DIVIDEND_RATE":5.727342342342,"CURRENT_RATIO":null,"COMMON_ACS":null,"CURRENTDEBT_DEBT":null,"ISSUED_COMMON_SHARES":22242765303,"HK_COMMON_SHARES":6899293833,"PER_SHARES":2000,"TOTAL_MARKET_CAP":296273633835.96,"HKSK_MARKET_CAP":91898593855.56,"PE_TTM":8.306793113613,"PB_TTM":1.055579372181,"REPORT_DATE_SQ":"2023-09-30 00:00:00","REPORT_TYPE_SQ":"2023年三季报","OPERATE_INCOME_SQ":363400569000,"DPS_HKD":0.762882,"OPERATE_INCOME_QOQ_SQ":5.144449644053,"NET_PROFIT_RATIO_SQ":5.3346639091,"HOLDER_PROFIT_SQ":19386199000,"HOLDER_PROFIT_QOQ_SQ":-28.572538206459,"ROE_AVG_SQ":8.709119315028,"PE_TTM_SQ":10.123336043743,"PB_TTM_SQ":0.901210702192,"ROA_SQ":2.685883436603,"START_DATE":"2024-01-01 00:00:00","FISCAL_YEAR":"12-31","CURRENCY":"HKD","IS_CNY_CODE":0,"DPS_HKD_LY":0.762882,"ORG_TYPE":"保险","PREMIUM_INCOME":null,"PREMIUM_INCOME_YOY":null,"NET_INTEREST_INCOME":null,"NET_INTEREST_INCOME_YOY":null,"FEE_COMMISSION_INCOME":null,"FEE_COMMISSION_INCOME_YOY":null,"ACCOUNTS_RECE_TDAYS":null,"INVENTORY_TDAYS":null,"CURRENT_ASSETS_TDAYS":null,"TOTAL_ASSETS_TDAYS":0.528860011327,"PREMIUM_EXPENSE":null,"LOAN_DEPOSIT":null,"LOAN_EQUITY":null,"LOAN_ASSETS":null,"DEPOSIT_EQUITY":null,"DEPOSIT_ASSETS":null,"EQUITY_MULTIPLIER":2.951314766363,"EQUITY_RATIO":1.95131476636},{"SECUCODE":"02328.HK","SECURITY_CODE":"02328","SECURITY_NAME_ABBR":"中国财险","ORG_CODE":"10056037","STD_REPORT_DATE":"2024-06-30 00:00:00","REPORT_DATE":"2024-06-30 00:00:00","DATE_TYPE_CODE":"002","REPORT_TYPE":"2024年中报","PER_NETCASH_OPERATE":0.955186988244,"PER_OI":1.089163135518,"BPS":10.917482457419,"BASIC_EPS":0.831,"DILUTED_EPS":0.831,"OPERATE_INCOME":24226000000,"OPERATE_INCOME_YOY":-6.1771426358,"GROSS_PROFIT":null,"GROSS_PROFIT_YOY":null,"HOLDER_PROFIT":18490000000,"HOLDER_PROFIT_YOY":-8.7093907376,"GROSS_PROFIT_RATIO":null,"EPS_TTM":1.025996529169,"OPERATE_INCOME_QOQ":-13.368897742237,"NET_PROFIT_RATIO":76.3270866012,"ROE_AVG":7.814494087381,"GROSS_PROFIT_QOQ":null,"ROA":2.567588397111,"HOLDER_PROFIT_QOQ":8.941738964308,"ROE_YEARLY":15.628988174762,"ROIC_YEARLY":5.295596835816,"TOTAL_ASSETS":736639000000,"TOTAL_LIABILITIES":491115000000,"TAX_EBT":14.587278858146,"OCF_SALES":87.69916618509,"TOTAL_PARENT_EQUITY":242835000000,"DEBT_ASSET_RATIO":66.6696984547,"OPERATE_PROFIT":18408000000,"PRETAX_PROFIT":21649000000,"NETCASH_OPERATE":21246000000,"NETCASH_INVEST":-16501000000,"NETCASH_FINANCE":287000000,"END_CASH":21527000000,"DIVI_RATIO":0.675250825869,"DIVIDEND_RATE":6.325721393035,"CURRENT_RATIO":null,"COMMON_ACS":null,"CURRENTDEBT_DEBT":null,"ISSUED_COMMON_SHARES":22242765303,"HK_COMMON_SHARES":6899293833,"PER_SHARES":2000,"TOTAL_MARKET_CAP":268247749554.18,"HKSK_MARKET_CAP":83205483625.98,"PE_TTM":7.52101538665,"PB_TTM":0.955727269407,"REPORT_DATE_SQ":"2023-06-30 00:00:00","REPORT_TYPE_SQ":"2023年中报","OPERATE_INCOME_SQ":25821000000,"DPS_HKD":0.762882,"OPERATE_INCOME_QOQ_SQ":-2.104533540444,"NET_PROFIT_RATIO_SQ":77.380906903,"HOLDER_PROFIT_SQ":20254000000,"HOLDER_PROFIT_QOQ_SQ":-2.397096904654,"ROE_AVG_SQ":9.074819995609,"PE_TTM_SQ":9.009769078931,"PB_TTM_SQ":0.802077524951,"ROA_SQ":2.803738964621,"START_DATE":"2024-01-01 00:00:00","FISCAL_YEAR":"12-31","CURRENCY":"HKD","IS_CNY_CODE":0,"DPS_HKD_LY":0.762882,"ORG_TYPE":"保险","PREMIUM_INCOME":235841000000,"PREMIUM_INCOME_YOY":5.113474292234,"NET_INTEREST_INCOME":null,"NET_INTEREST_INCOME_YOY":null,"FEE_COMMISSION_INCOME":null,"FEE_COMMISSION_INCOME_YOY":null,"ACCOUNTS_RECE_TDAYS":null,"INVENTORY_TDAYS":null,"CURRENT_ASSETS_TDAYS":null,"TOTAL_ASSETS_TDAYS":0.033641101411,"PREMIUM_EXPENSE":null,"LOAN_DEPOSIT":null,"LOAN_EQUITY":null,"LOAN_ASSETS":null,"DEPOSIT_EQUITY":null,"DEPOSIT_ASSETS":null,"EQUITY_MULTIPLIER":3.000272885743,"EQUITY_RATIO":2.022422632652},{"SECUCODE":"02328.HK","SECURITY_CODE":"02328","SECURITY_NAME_ABBR":"中国财险","ORG_CODE":"10056037","STD_REPORT_DATE":"2024-03-31 00:00:00","REPORT_DATE":"2024-03-31 00:00:00","DATE_TYPE_CODE":"003","REPORT_TYPE":"2024年一季报","PER_NETCASH_OPERATE":0.040580970383,"PER_OI":5.349514746889,"BPS":10.754697167431,"BASIC_EPS":null,"DILUTED_EPS":null,"OPERATE_INCOME":118988001000,"OPERATE_INCOME_YOY":3.2364587913,"GROSS_PROFIT":null,"GROSS_PROFIT_YOY":null,"HOLDER_PROFIT":5870941000,"HOLDER_PROFIT_YOY":-38.2529240758,"GROSS_PROFIT_RATIO":null,"EPS_TTM":0.941784607923,"OPERATE_INCOME_QOQ":10.332296485057,"NET_PROFIT_RATIO":4.9340613765,"ROE_AVG":2.500387891955,"GROSS_PROFIT_QOQ":null,"ROA":0.838285498879,"HOLDER_PROFIT_QOQ":-14.794004474273,"ROE_YEARLY":10.00155156782,"ROIC_YEARLY":3.426687072771,"TOTAL_ASSETS":697079030000,"TOTAL_LIABILITIES":457864825000,"TAX_EBT":13.985465140981,"OCF_SALES":0.758591616309,"TOTAL_PARENT_EQUITY":239214205000,"DEBT_ASSET_RATIO":65.6833451151,"OPERATE_PROFIT":6823497000,"PRETAX_PROFIT":6825522000,"NETCASH_OPERATE":902633000,"NETCASH_INVEST":9608709000,"NETCASH_FINANCE":-8356596000,"END_CASH":2154438000,"DIVI_RATIO":0.735629992072,"DIVIDEND_RATE":6.599325259516,"CURRENT_RATIO":null,"COMMON_ACS":null,"CURRENTDEBT_DEBT":null,"ISSUED_COMMON_SHARES":22242765303,"HK_COMMON_SHARES":6899293833,"PER_SHARES":2000,"TOTAL_MARKET_CAP":257126366902.68,"HKSK_MARKET_CAP":79755836709.48,"PE_TTM":7.209198828331,"PB_TTM":0.9161034191,"REPORT_DATE_SQ":"2023-03-31 00:00:00","REPORT_TYPE_SQ":"2023年一季报","OPERATE_INCOME_SQ":115257732000,"DPS_HKD":0.762882,"OPERATE_INCOME_QOQ_SQ":2.239224444173,"NET_PROFIT_RATIO_SQ":8.249378879,"HOLDER_PROFIT_SQ":9508047000,"HOLDER_PROFIT_QOQ_SQ":6.430223154111,"ROE_AVG_SQ":4.265336430191,"PE_TTM_SQ":9.758895946168,"PB_TTM_SQ":0.868767116913,"ROA_SQ":1.345051185544,"START_DATE":"2024-01-01 00:00:00","FISCAL_YEAR":"12-31","CURRENCY":"HKD","IS_CNY_CODE":0,"DPS_HKD_LY":0.762882,"ORG_TYPE":"保险","PREMIUM_INCOME":null,"PREMIUM_INCOME_YOY":null,"NET_INTEREST_INCOME":null,"NET_INTEREST_INCOME_YOY":null,"FEE_COMMISSION_INCOME":null,"FEE_COMMISSION_INCOME_YOY":null,"ACCOUNTS_RECE_TDAYS":null,"INVENTORY_TDAYS":null,"CURRENT_ASSETS_TDAYS":null,"TOTAL_ASSETS_TDAYS":0.165920229301,"PREMIUM_EXPENSE":null,"LOAN_DEPOSIT":null,"LOAN_EQUITY":null,"LOAN_ASSETS":null,"DEPOSIT_EQUITY":null,"DEPOSIT_ASSETS":null,"EQUITY_MULTIPLIER":2.914036940238,"EQUITY_RATIO":1.914036940239},{"SECUCODE":"02328.HK","SECURITY_CODE":"02328","SECURITY_NAME_ABBR":"中国财险","ORG_CODE":"10056037","STD_REPORT_DATE":"2023-12-31 00:00:00","REPORT_DATE":"2023-12-31 00:00:00","DATE_TYPE_CODE":"001","REPORT_TYPE":"2023年年报","PER_NETCASH_OPERATE":0.923536247412,"PER_OI":1.623134511748,"BPS":10.404281879861,"BASIC_EPS":1.105,"DILUTED_EPS":1.105,"OPERATE_INCOME":36103000000,"OPERATE_INCOME_YOY":-10.1267083219,"GROSS_PROFIT":null,"GROSS_PROFIT_YOY":null,"HOLDER_PROFIT":24585000000,"HOLDER_PROFIT_YOY":-15.6979734595,"GROSS_PROFIT_RATIO":null,"EPS_TTM":1.105303215005,"OPERATE_INCOME_QOQ":-92.237533412653,"NET_PROFIT_RATIO":68.0442068526,"ROE_AVG":10.923438183826,"GROSS_PROFIT_QOQ":null,"ROA":3.378197332894,"HOLDER_PROFIT_QOQ":24.061183332253,"ROE_YEARLY":10.923438183826,"ROIC_YEARLY":3.482398201646,"TOTAL_ASSETS":700798666000,"TOTAL_LIABILITIES":470410453000,"TAX_EBT":12.373818441234,"OCF_SALES":56.898318699277,"TOTAL_PARENT_EQUITY":230388213000,"DEBT_ASSET_RATIO":66.7003494769,"OPERATE_PROFIT":22310000000,"PRETAX_PROFIT":28035000000,"NETCASH_OPERATE":20542000000,"NETCASH_INVEST":-11130000000,"NETCASH_FINANCE":-14223000000,"END_CASH":16488000000,"DIVI_RATIO":0.626800858131,"DIVIDEND_RATE":6.325721393035,"CURRENT_RATIO":null,"COMMON_ACS":null,"CURRENTDEBT_DEBT":null,"ISSUED_COMMON_SHARES":22242765303,"HK_COMMON_SHARES":6899293833,"PER_SHARES":2000,"TOTAL_MARKET_CAP":268247749554.18,"HKSK_MARKET_CAP":83205483625.98,"PE_TTM":7.52101538665,"PB_TTM":0.955727269407,"REPORT_DATE_SQ":"2022-12-31 00:00:00","REPORT_TYPE_SQ":"2022年年报","OPERATE_INCOME_SQ":40171000000,"DPS_HKD":0.762882,"OPERATE_INCOME_QOQ_SQ":0.389252595389,"NET_PROFIT_RATIO_SQ":6.030718129,"HOLDER_PROFIT_SQ":29163000000,"HOLDER_PROFIT_QOQ_SQ":-5.680800067522,"ROE_AVG_SQ":12.941709489925,"PE_TTM_SQ":9.009769078931,"PB_TTM_SQ":0.802077524951,"ROA_SQ":3.72364342085,"START_DATE":"2023-01-01 00:00:00","FISCAL_YEAR":"12-31","CURRENCY":"HKD","IS_CNY_CODE":0,"DPS_HKD_LY":0.524142,"ORG_TYPE":"保险","PREMIUM_INCOME":457203000000,"PREMIUM_INCOME_YOY":7.740688810076,"NET_INTEREST_INCOME":null,"NET_INTEREST_INCOME_YOY":null,"FEE_COMMISSION_INCOME":null,"FEE_COMMISSION_INCOME_YOY":null,"ACCOUNTS_RECE_TDAYS":null,"INVENTORY_TDAYS":null,"CURRENT_ASSETS_TDAYS":null,"TOTAL_ASSETS_TDAYS":0.033518148278,"PREMIUM_EXPENSE":null,"LOAN_DEPOSIT":null,"LOAN_EQUITY":null,"LOAN_ASSETS":null,"DEPOSIT_EQUITY":null,"DEPOSIT_ASSETS":null,"EQUITY_MULTIPLIER":3.003034519255,"EQUITY_RATIO":2.041816492582},{"SECUCODE":"02328.HK","SECURITY_CODE":"02328","SECURITY_NAME_ABBR":"中国财险","ORG_CODE":"10056037","STD_REPORT_DATE":"2023-09-30 00:00:00","REPORT_DATE":"2023-09-30 00:00:00","DATE_TYPE_CODE":"004","REPORT_TYPE":"2023年三季报","PER_NETCASH_OPERATE":0.741756736415,"PER_OI":16.337922198504,"BPS":10.182191553739,"BASIC_EPS":null,"DILUTED_EPS":null,"OPERATE_INCOME":363400569000,"OPERATE_INCOME_YOY":6.8016152435,"GROSS_PROFIT":null,"GROSS_PROFIT_YOY":null,"HOLDER_PROFIT":19386199000,"HOLDER_PROFIT_YOY":-26.2247194962,"GROSS_PROFIT_RATIO":null,"EPS_TTM":0.890933961225,"OPERATE_INCOME_QOQ":5.144449644053,"NET_PROFIT_RATIO":5.3346639091,"ROE_AVG":8.709119315028,"GROSS_PROFIT_QOQ":null,"ROA":2.685883436603,"HOLDER_PROFIT_QOQ":-28.572538206459,"ROE_YEARLY":11.612159086705,"ROIC_YEARLY":2.755864867782,"TOTAL_ASSETS":691675199000,"TOTAL_LIABILITIES":465195102000,"TAX_EBT":12.135461199113,"OCF_SALES":4.540092230841,"TOTAL_PARENT_EQUITY":226480097000,"DEBT_ASSET_RATIO":67.2562935136,"OPERATE_PROFIT":21988594000,"PRETAX_PROFIT":22063735000,"NETCASH_OPERATE":16498721000,"NETCASH_INVEST":-5024810000,"NETCASH_FINANCE":-14637574000,"END_CASH":-3164464000,"DIVI_RATIO":0.777616561734,"DIVIDEND_RATE":6.325721393035,"CURRENT_RATIO":null,"COMMON_ACS":null,"CURRENTDEBT_DEBT":null,"ISSUED_COMMON_SHARES":22242765303,"HK_COMMON_SHARES":6899293833,"PER_SHARES":2000,"TOTAL_MARKET_CAP":268247749554.18,"HKSK_MARKET_CAP":83205483625.98,"PE_TTM":7.52101538665,"PB_TTM":0.955727269407,"REPORT_DATE_SQ":"2022-09-30 00:00:00","REPORT_TYPE_SQ":"2022年三季报","OPERATE_INCOME_SQ":340257559000,"DPS_HKD":0.762882,"OPERATE_INCOME_QOQ_SQ":1.970276373878,"NET_PROFIT_RATIO_SQ":7.6955288915,"HOLDER_PROFIT_SQ":26277364000,"HOLDER_PROFIT_QOQ_SQ":13.721325301205,"ROE_AVG_SQ":12.608087050914,"PE_TTM_SQ":9.009769078931,"PB_TTM_SQ":0.802077524951,"ROA_SQ":3.605952087248,"START_DATE":"2023-01-01 00:00:00","FISCAL_YEAR":"12-31","CURRENCY":"HKD","IS_CNY_CODE":0,"DPS_HKD_LY":0.524142,"ORG_TYPE":"保险","PREMIUM_INCOME":null,"PREMIUM_INCOME_YOY":null,"NET_INTEREST_INCOME":null,"NET_INTEREST_INCOME_YOY":null,"FEE_COMMISSION_INCOME":null,"FEE_COMMISSION_INCOME_YOY":null,"ACCOUNTS_RECE_TDAYS":null,"INVENTORY_TDAYS":null,"CURRENT_ASSETS_TDAYS":null,"TOTAL_ASSETS_TDAYS":0.491312165483,"PREMIUM_EXPENSE":null,"LOAN_DEPOSIT":null,"LOAN_EQUITY":null,"LOAN_ASSETS":null,"DEPOSIT_EQUITY":null,"DEPOSIT_ASSETS":null,"EQUITY_MULTIPLIER":3.054022000885,"EQUITY_RATIO":2.054022000882},{"SECUCODE":"02328.HK","SECURITY_CODE":"02328","SECURITY_NAME_ABBR":"中国财险","ORG_CODE":"10056037","STD_REPORT_DATE":"2023-06-30 00:00:00","REPORT_DATE":"2023-06-30 00:00:00","DATE_TYPE_CODE":"002","REPORT_TYPE":"2023年中报","PER_NETCASH_OPERATE":0.795854281554,"PER_OI":1.160871845216,"BPS":10.235462942609,"BASIC_EPS":0.911,"DILUTED_EPS":0.911,"OPERATE_INCOME":25821000000,"OPERATE_INCOME_YOY":1.5005816208,"GROSS_PROFIT":null,"GROSS_PROFIT_YOY":null,"HOLDER_PROFIT":20254000000,"HOLDER_PROFIT_YOY":5.3907794776,"GROSS_PROFIT_RATIO":null,"EPS_TTM":1.247326922802,"OPERATE_INCOME_QOQ":-2.104533540444,"NET_PROFIT_RATIO":77.380906903,"ROE_AVG":9.074819995609,"GROSS_PROFIT_QOQ":null,"ROA":2.803738964621,"HOLDER_PROFIT_QOQ":-2.397096904654,"ROE_YEARLY":18.149639991218,"ROIC_YEARLY":5.792968724862,"TOTAL_ASSETS":692898000000,"TOTAL_LIABILITIES":462332000000,"TAX_EBT":14.715169887584,"OCF_SALES":67.624250296061,"TOTAL_PARENT_EQUITY":227665000000,"DEBT_ASSET_RATIO":66.7243952212,"OPERATE_PROFIT":20282000000,"PRETAX_PROFIT":23751000000,"NETCASH_OPERATE":17702000000,"NETCASH_INVEST":-6667000000,"NETCASH_FINANCE":-13194000000,"END_CASH":19215000000,"DIVI_RATIO":0.555431772533,"DIVIDEND_RATE":6.325721393035,"CURRENT_RATIO":null,"COMMON_ACS":null,"CURRENTDEBT_DEBT":null,"ISSUED_COMMON_SHARES":22242765303,"HK_COMMON_SHARES":6899293833,"PER_SHARES":2000,"TOTAL_MARKET_CAP":268247749554.18,"HKSK_MARKET_CAP":83205483625.98,"PE_TTM":7.52101538665,"PB_TTM":0.955727269407,"REPORT_DATE_SQ":"2022-06-30 00:00:00","REPORT_TYPE_SQ":"2022年中报","OPERATE_INCOME_SQ":25790000000,"DPS_HKD":0.762882,"OPERATE_INCOME_QOQ_SQ":1.76061558,"NET_PROFIT_RATIO_SQ":8.8083452838,"HOLDER_PROFIT_SQ":19218000000,"HOLDER_PROFIT_QOQ_SQ":12.813083490562,"ROE_AVG_SQ":9.29067077872,"PE_TTM_SQ":9.009769078931,"PB_TTM_SQ":0.802077524951,"ROA_SQ":2.627730778706,"START_DATE":"2023-01-01 00:00:00","FISCAL_YEAR":"12-31","CURRENCY":"HKD","IS_CNY_CODE":0,"DPS_HKD_LY":0.524142,"ORG_TYPE":"保险","PREMIUM_INCOME":224368000000,"PREMIUM_INCOME_YOY":9.346992285161,"NET_INTEREST_INCOME":null,"NET_INTEREST_INCOME_YOY":null,"FEE_COMMISSION_INCOME":null,"FEE_COMMISSION_INCOME_YOY":null,"ACCOUNTS_RECE_TDAYS":null,"INVENTORY_TDAYS":null,"CURRENT_ASSETS_TDAYS":null,"TOTAL_ASSETS_TDAYS":0.036236533463,"PREMIUM_EXPENSE":null,"LOAN_DEPOSIT":null,"LOAN_EQUITY":null,"LOAN_ASSETS":null,"DEPOSIT_EQUITY":null,"DEPOSIT_ASSETS":null,"EQUITY_MULTIPLIER":3.0052045835,"EQUITY_RATIO":2.030755715635},{"SECUCODE":"02328.HK","SECURITY_CODE":"02328","SECURITY_NAME_ABBR":"中国财险","ORG_CODE":"10056037","STD_REPORT_DATE":"2023-03-31 00:00:00","REPORT_DATE":"2023-03-31 00:00:00","DATE_TYPE_CODE":"003","REPORT_TYPE":"2023年一季报","PER_NETCASH_OPERATE":0.284658220943,"PER_OI":5.181807676784,"BPS":10.210767317199,"BASIC_EPS":null,"DILUTED_EPS":null,"OPERATE_INCOME":115257732000,"OPERATE_INCOME_YOY":9.3927595298,"GROSS_PROFIT":null,"GROSS_PROFIT_YOY":null,"HOLDER_PROFIT":9508047000,"HOLDER_PROFIT_YOY":22.0441315457,"GROSS_PROFIT_RATIO":null,"EPS_TTM":1.277960883585,"OPERATE_INCOME_QOQ":2.239224444173,"NET_PROFIT_RATIO":8.249378879,"ROE_AVG":4.265336430191,"GROSS_PROFIT_QOQ":null,"ROA":1.345051185544,"HOLDER_PROFIT_QOQ":6.430223154111,"ROE_YEARLY":17.061345720764,"ROIC_YEARLY":5.511245202473,"TOTAL_ASSETS":661895182000,"TOTAL_LIABILITIES":434779481000,"TAX_EBT":18.098567903515,"OCF_SALES":5.493415400539,"TOTAL_PARENT_EQUITY":227115701000,"DEBT_ASSET_RATIO":65.6870593447,"OPERATE_PROFIT":11565361000,"PRETAX_PROFIT":11609134000,"NETCASH_OPERATE":6331586000,"NETCASH_INVEST":9233862000,"NETCASH_FINANCE":-19711152000,"END_CASH":-4176854000,"DIVI_RATIO":0.542117534706,"DIVIDEND_RATE":6.599325259516,"CURRENT_RATIO":null,"COMMON_ACS":null,"CURRENTDEBT_DEBT":null,"ISSUED_COMMON_SHARES":22242765303,"HK_COMMON_SHARES":6899293833,"PER_SHARES":2000,"TOTAL_MARKET_CAP":257126366902.68,"HKSK_MARKET_CAP":79755836709.48,"PE_TTM":7.209198828331,"PB_TTM":0.9161034191,"REPORT_DATE_SQ":"2022-03-31 00:00:00","REPORT_TYPE_SQ":"2022年一季报","OPERATE_INCOME_SQ":105361390000,"DPS_HKD":0.762882,"OPERATE_INCOME_QOQ_SQ":1.346625038519,"NET_PROFIT_RATIO_SQ":8.2449854303,"HOLDER_PROFIT_SQ":7790663000,"HOLDER_PROFIT_QOQ_SQ":-1.288425760286,"ROE_AVG_SQ":4.233695972702,"PE_TTM_SQ":9.758895946168,"PB_TTM_SQ":0.868767116913,"ROA_SQ":1.227780018046,"START_DATE":"2023-01-01 00:00:00","FISCAL_YEAR":"12-31","CURRENCY":"HKD","IS_CNY_CODE":0,"DPS_HKD_LY":0.524142,"ORG_TYPE":"保险","PREMIUM_INCOME":null,"PREMIUM_INCOME_YOY":null,"NET_INTEREST_INCOME":null,"NET_INTEREST_INCOME_YOY":null,"FEE_COMMISSION_INCOME":null,"FEE_COMMISSION_INCOME_YOY":null,"ACCOUNTS_RECE_TDAYS":null,"INVENTORY_TDAYS":null,"CURRENT_ASSETS_TDAYS":null,"TOTAL_ASSETS_TDAYS":0.158899303485,"PREMIUM_EXPENSE":null,"LOAN_DEPOSIT":null,"LOAN_EQUITY":null,"LOAN_ASSETS":null,"DEPOSIT_EQUITY":null,"DEPOSIT_ASSETS":null,"EQUITY_MULTIPLIER":2.914352372319,"EQUITY_RATIO":1.914352372318},{"SECUCODE":"02328.HK","SECURITY_CODE":"02328","SECURITY_NAME_ABBR":"中国财险","ORG_CODE":"10056037","STD_REPORT_DATE":"2022-12-31 00:00:00","REPORT_DATE":"2022-12-31 00:00:00","DATE_TYPE_CODE":"001","REPORT_TYPE":"2022年年报","PER_NETCASH_OPERATE":1.920174916122,"PER_OI":1.806025440307,"BPS":9.434798108115,"BASIC_EPS":1.311,"DILUTED_EPS":1.311,"OPERATE_INCOME":40171000000,"OPERATE_INCOME_YOY":5.5722636141,"GROSS_PROFIT":null,"GROSS_PROFIT_YOY":null,"HOLDER_PROFIT":29163000000,"HOLDER_PROFIT_YOY":19.4454382826,"GROSS_PROFIT_RATIO":null,"EPS_TTM":1.200749980327,"OPERATE_INCOME_QOQ":0.389252595389,"NET_PROFIT_RATIO":6.030718129,"ROE_AVG":12.941709489925,"GROSS_PROFIT_QOQ":null,"ROA":3.72364342085,"HOLDER_PROFIT_QOQ":-5.680800067522,"ROE_YEARLY":12.941709489925,"ROIC_YEARLY":3.84234972029,"TOTAL_ASSETS":672462000000,"TOTAL_LIABILITIES":450857000000,"TAX_EBT":14.438565549677,"OCF_SALES":9.663901673025,"TOTAL_PARENT_EQUITY":218713000000,"DEBT_ASSET_RATIO":71.7047907465,"OPERATE_PROFIT":28274000000,"PRETAX_PROFIT":34020000000,"NETCASH_OPERATE":42710000000,"NETCASH_INVEST":-32188000000,"NETCASH_FINANCE":-6997000000,"END_CASH":21250000000,"DIVI_RATIO":0.576976901945,"DIVIDEND_RATE":6.325721393035,"CURRENT_RATIO":null,"COMMON_ACS":null,"CURRENTDEBT_DEBT":null,"ISSUED_COMMON_SHARES":22242765303,"HK_COMMON_SHARES":6899293833,"PER_SHARES":2000,"TOTAL_MARKET_CAP":268247749554.18,"HKSK_MARKET_CAP":83205483625.98,"PE_TTM":7.52101538665,"PB_TTM":0.955727269407,"REPORT_DATE_SQ":"2021-12-31 00:00:00","REPORT_TYPE_SQ":"2021年年报","OPERATE_INCOME_SQ":418627000000,"DPS_HKD":0.762882,"OPERATE_INCOME_QOQ_SQ":2.353760451369,"NET_PROFIT_RATIO_SQ":5.3424647717,"HOLDER_PROFIT_SQ":22360000000,"HOLDER_PROFIT_QOQ_SQ":-4.913299087095,"ROE_AVG_SQ":11.454918032787,"PE_TTM_SQ":9.009769078931,"PB_TTM_SQ":0.802077524951,"ROA_SQ":3.363865376182,"START_DATE":"2022-01-01 00:00:00","FISCAL_YEAR":"12-31","CURRENCY":"HKD","IS_CNY_CODE":0,"DPS_HKD_LY":0.475132,"ORG_TYPE":"保险","PREMIUM_INCOME":424355000000,"PREMIUM_INCOME_YOY":null,"NET_INTEREST_INCOME":null,"NET_INTEREST_INCOME_YOY":null,"FEE_COMMISSION_INCOME":null,"FEE_COMMISSION_INCOME_YOY":null,"ACCOUNTS_RECE_TDAYS":null,"INVENTORY_TDAYS":null,"CURRENT_ASSETS_TDAYS":null,"TOTAL_ASSETS_TDAYS":0.588039531296,"PREMIUM_EXPENSE":null,"LOAN_DEPOSIT":null,"LOAN_EQUITY":null,"LOAN_ASSETS":null,"DEPOSIT_EQUITY":null,"DEPOSIT_ASSETS":null,"EQUITY_MULTIPLIER":3.534167183713,"EQUITY_RATIO":2.061409244078},{"SECUCODE":"02328.HK","SECURITY_CODE":"02328","SECURITY_NAME_ABBR":"中国财险","ORG_CODE":"10056037","STD_REPORT_DATE":"2022-09-30 00:00:00","REPORT_DATE":"2022-09-30 00:00:00","DATE_TYPE_CODE":"004","REPORT_TYPE":"2022年三季报","PER_NETCASH_OPERATE":1.543477105132,"PER_OI":15.297448602495,"BPS":9.384032387909,"BASIC_EPS":null,"DILUTED_EPS":null,"OPERATE_INCOME":340257559000,"OPERATE_INCOME_YOY":6.8489116022,"GROSS_PROFIT":null,"GROSS_PROFIT_YOY":null,"HOLDER_PROFIT":26277364000,"HOLDER_PROFIT_YOY":29.7954076453,"GROSS_PROFIT_RATIO":null,"EPS_TTM":1.273070574376,"OPERATE_INCOME_QOQ":1.970276373878,"NET_PROFIT_RATIO":7.6955288915,"ROE_AVG":12.608087050914,"GROSS_PROFIT_QOQ":null,"ROA":3.605952087248,"HOLDER_PROFIT_QOQ":13.721325301205,"ROE_YEARLY":16.810782734552,"ROIC_YEARLY":3.685105865619,"TOTAL_ASSETS":756571554000,"TOTAL_LIABILITIES":547844724000,"TAX_EBT":15.860349390687,"OCF_SALES":10.181652788785,"TOTAL_PARENT_EQUITY":208726830000,"DEBT_ASSET_RATIO":72.4114885239,"OPERATE_PROFIT":31119554000,"PRETAX_PROFIT":31230655000,"NETCASH_OPERATE":34319391000,"NETCASH_INVEST":-17574225000,"NETCASH_FINANCE":-19457603000,"END_CASH":-2528317000,"DIVI_RATIO":0.54419999771,"DIVIDEND_RATE":6.325721393035,"CURRENT_RATIO":null,"COMMON_ACS":null,"CURRENTDEBT_DEBT":null,"ISSUED_COMMON_SHARES":22242765303,"HK_COMMON_SHARES":6899293833,"PER_SHARES":2000,"TOTAL_MARKET_CAP":268247749554.18,"HKSK_MARKET_CAP":83205483625.98,"PE_TTM":7.52101538665,"PB_TTM":0.955727269407,"REPORT_DATE_SQ":"2021-09-30 00:00:00","REPORT_TYPE_SQ":"2021年三季报","OPERATE_INCOME_SQ":315573543000,"DPS_HKD":0.762882,"OPERATE_INCOME_QOQ_SQ":-0.648066645938,"NET_PROFIT_RATIO_SQ":6.335038359,"HOLDER_PROFIT_SQ":19991705000,"HOLDER_PROFIT_QOQ_SQ":-2.78079626261,"ROE_AVG_SQ":10.427563971717,"PE_TTM_SQ":9.009769078931,"PB_TTM_SQ":0.802077524951,"ROA_SQ":2.952802432901,"START_DATE":"2022-01-01 00:00:00","FISCAL_YEAR":"12-31","CURRENCY":"HKD","IS_CNY_CODE":0,"DPS_HKD_LY":0.475132,"ORG_TYPE":"保险","PREMIUM_INCOME":null,"PREMIUM_INCOME_YOY":null,"NET_INTEREST_INCOME":null,"NET_INTEREST_INCOME_YOY":null,"FEE_COMMISSION_INCOME":null,"FEE_COMMISSION_INCOME_YOY":null,"ACCOUNTS_RECE_TDAYS":null,"INVENTORY_TDAYS":null,"CURRENT_ASSETS_TDAYS":null,"TOTAL_ASSETS_TDAYS":0.468577551731,"PREMIUM_EXPENSE":null,"LOAN_DEPOSIT":null,"LOAN_EQUITY":null,"LOAN_ASSETS":null,"DEPOSIT_EQUITY":null,"DEPOSIT_ASSETS":null,"EQUITY_MULTIPLIER":3.624697189141,"EQUITY_RATIO":2.624697189144}],"count":60},"success":true,"message":"ok","code":0}