{"version":"27d5688512adf345a4a3bf4a3a9598bc","result":{"pages":6,"data":[{"SECUCODE":"02327.HK","SECURITY_CODE":"02327","SECURITY_NAME_ABBR":"美瑞健康国际","ORG_CODE":"10010586","STD_REPORT_DATE":"2024-06-30 00:00:00","REPORT_DATE":"2024-06-30 00:00:00","DATE_TYPE_CODE":"002","REPORT_TYPE":"2024年中报","PER_NETCASH_OPERATE":0.024364698576,"PER_OI":0.006695688307,"BPS":0.271877539738,"BASIC_EPS":0.001916628,"DILUTED_EPS":0.001916628,"OPERATE_INCOME":27410518.44,"OPERATE_INCOME_YOY":-59.8693177263,"GROSS_PROFIT":14048883.24,"GROSS_PROFIT_YOY":-58.760099018409,"HOLDER_PROFIT":7725836.2,"HOLDER_PROFIT_YOY":-53.3865638767,"GROSS_PROFIT_RATIO":51.253621016881,"EPS_TTM":0.006835687728,"OPERATE_INCOME_QOQ":-35.491872729613,"NET_PROFIT_RATIO":27.4031898245,"ROE_AVG":0.68441621076,"GROSS_PROFIT_QOQ":-28.286397669092,"ROA":0.503548485057,"HOLDER_PROFIT_QOQ":-24.370502728488,"ROE_YEARLY":1.36883242152,"ROIC_YEARLY":1.042144688217,"TOTAL_ASSETS":1519548312.4,"TOTAL_LIABILITIES":406591638.56,"TAX_EBT":-2.554517133956,"OCF_SALES":363.886391635867,"TOTAL_PARENT_EQUITY":1113000482.48,"DEBT_ASSET_RATIO":26.7574012121,"OPERATE_PROFIT":14507961.28,"PRETAX_PROFIT":7324257,"NETCASH_OPERATE":99743146.48,"NETCASH_INVEST":-183717920.6,"NETCASH_FINANCE":-5811946.24,"END_CASH":6062933.24,"DIVI_RATIO":0.53028753565,"DIVIDEND_RATE":1.40350877193,"CURRENT_RATIO":2.965791725622,"COMMON_ACS":10000000000,"CURRENTDEBT_DEBT":52.987259030465,"ISSUED_COMMON_SHARES":4093756636,"HK_COMMON_SHARES":4093756636,"PER_SHARES":6000,"TOTAL_MARKET_CAP":1166720641.26,"HKSK_MARKET_CAP":1166720641.26,"PE_TTM":37.472961016862,"PB_TTM":0.956731476425,"REPORT_DATE_SQ":"2023-06-30 00:00:00","REPORT_TYPE_SQ":"2023年中报","OPERATE_INCOME_SQ":68999139.24,"DPS_HKD":0.004,"OPERATE_INCOME_QOQ_SQ":12.831172717238,"NET_PROFIT_RATIO_SQ":23.6938453727,"HOLDER_PROFIT_SQ":16743156.8,"HOLDER_PROFIT_QOQ_SQ":48.434100662584,"ROE_AVG_SQ":1.425640969279,"PE_TTM_SQ":33.819389990559,"PB_TTM_SQ":0.7029057631,"ROA_SQ":1.067082844645,"START_DATE":"2024-01-01 00:00:00","FISCAL_YEAR":"12-31","CURRENCY":"HKD","IS_CNY_CODE":0,"DPS_HKD_LY":0.004,"ORG_TYPE":"一般企业","PREMIUM_INCOME":null,"PREMIUM_INCOME_YOY":null,"NET_INTEREST_INCOME":null,"NET_INTEREST_INCOME_YOY":null,"FEE_COMMISSION_INCOME":null,"FEE_COMMISSION_INCOME_YOY":null,"ACCOUNTS_RECE_TDAYS":0.371805981975,"INVENTORY_TDAYS":0.055147266556,"CURRENT_ASSETS_TDAYS":0.037103727483,"TOTAL_ASSETS_TDAYS":0.017865412465,"PREMIUM_EXPENSE":null,"LOAN_DEPOSIT":null,"LOAN_EQUITY":null,"LOAN_ASSETS":null,"DEPOSIT_EQUITY":null,"DEPOSIT_ASSETS":null,"EQUITY_MULTIPLIER":1.365325666414,"EQUITY_RATIO":0.365311286886},{"SECUCODE":"02327.HK","SECURITY_CODE":"02327","SECURITY_NAME_ABBR":"美瑞健康国际","ORG_CODE":"10010586","STD_REPORT_DATE":"2023-12-31 00:00:00","REPORT_DATE":"2023-12-31 00:00:00","DATE_TYPE_CODE":"001","REPORT_TYPE":"2023年年报","PER_NETCASH_OPERATE":-0.030214515668,"PER_OI":0.028623555648,"BPS":0.277627725621,"BASIC_EPS":0.0090622,"DILUTED_EPS":0.0090622,"OPERATE_INCOME":117177870.88,"OPERATE_INCOME_YOY":7.8485995963,"GROSS_PROFIT":70766719.8,"GROSS_PROFIT_YOY":18.665229519914,"HOLDER_PROFIT":37000962.6,"HOLDER_PROFIT_YOY":129.0988665694,"GROSS_PROFIT_RATIO":60.392563261771,"EPS_TTM":0.009038388427,"OPERATE_INCOME_QOQ":-3.030244141322,"NET_PROFIT_RATIO":29.7670605704,"ROE_AVG":3.166673840738,"GROSS_PROFIT_QOQ":26.334570661223,"ROA":2.395796354376,"HOLDER_PROFIT_QOQ":56.581391820996,"ROE_YEARLY":3.166673840738,"ROIC_YEARLY":2.644002798771,"TOTAL_ASSETS":1538044739.98,"TOTAL_LIABILITIES":401353963.36,"TAX_EBT":27.354056961667,"OCF_SALES":-105.558219389965,"TOTAL_PARENT_EQUITY":1136540344.1,"DEBT_ASSET_RATIO":26.095077271,"OPERATE_PROFIT":62297187.68,"PRETAX_PROFIT":48014254.26,"NETCASH_OPERATE":-123690874.02,"NETCASH_INVEST":48680325.96,"NETCASH_FINANCE":-17124839.34,"END_CASH":96339341.98,"DIVI_RATIO":0.401053797306,"DIVIDEND_RATE":1.428571428571,"CURRENT_RATIO":4.101806298383,"COMMON_ACS":10000000000,"CURRENTDEBT_DEBT":50.575766333701,"ISSUED_COMMON_SHARES":4093756636,"HK_COMMON_SHARES":4093756636,"PER_SHARES":6000,"TOTAL_MARKET_CAP":1146251858.08,"HKSK_MARKET_CAP":1146251858.08,"PE_TTM":36.815540648145,"PB_TTM":0.939946713681,"REPORT_DATE_SQ":"2022-12-31 00:00:00","REPORT_TYPE_SQ":"2022年年报","OPERATE_INCOME_SQ":107097713.38,"DPS_HKD":0.004,"OPERATE_INCOME_QOQ_SQ":-25.992648161666,"NET_PROFIT_RATIO_SQ":14.8297662936,"HOLDER_PROFIT_SQ":15919857.94,"HOLDER_PROFIT_QOQ_SQ":-28.976976154732,"ROE_AVG_SQ":1.294912697657,"PE_TTM_SQ":38.650731417781,"PB_TTM_SQ":0.803320872115,"ROA_SQ":1.033682253778,"START_DATE":"2023-01-01 00:00:00","FISCAL_YEAR":"12-31","CURRENCY":"HKD","IS_CNY_CODE":0,"DPS_HKD_LY":0.016,"ORG_TYPE":"一般企业","PREMIUM_INCOME":null,"PREMIUM_INCOME_YOY":null,"NET_INTEREST_INCOME":null,"NET_INTEREST_INCOME_YOY":null,"FEE_COMMISSION_INCOME":null,"FEE_COMMISSION_INCOME_YOY":null,"ACCOUNTS_RECE_TDAYS":1.274640563466,"INVENTORY_TDAYS":0.191317958613,"CURRENT_ASSETS_TDAYS":0.140486973849,"TOTAL_ASSETS_TDAYS":0.075872165517,"PREMIUM_EXPENSE":null,"LOAN_DEPOSIT":null,"LOAN_EQUITY":null,"LOAN_ASSETS":null,"DEPOSIT_EQUITY":null,"DEPOSIT_ASSETS":null,"EQUITY_MULTIPLIER":1.353089839045,"EQUITY_RATIO":0.353136574028},{"SECUCODE":"02327.HK","SECURITY_CODE":"02327","SECURITY_NAME_ABBR":"美瑞健康国际","ORG_CODE":"10010586","STD_REPORT_DATE":"2023-06-30 00:00:00","REPORT_DATE":"2023-06-30 00:00:00","DATE_TYPE_CODE":"002","REPORT_TYPE":"2023年中报","PER_NETCASH_OPERATE":-0.018755097898,"PER_OI":0.016854724248,"BPS":0.275450579813,"BASIC_EPS":0.004056712,"DILUTED_EPS":0.004056712,"OPERATE_INCOME":68999139.24,"OPERATE_INCOME_YOY":15.8231962113,"GROSS_PROFIT":34066239.02,"GROSS_PROFIT_YOY":-9.606285165425,"HOLDER_PROFIT":16743156.8,"HOLDER_PROFIT_YOY":71.9371331187,"GROSS_PROFIT_RATIO":49.371976803228,"EPS_TTM":0.005772326023,"OPERATE_INCOME_QOQ":12.831172717238,"NET_PROFIT_RATIO":23.6938453727,"ROE_AVG":1.425640969279,"GROSS_PROFIT_QOQ":-6.070659124552,"ROA":1.067082844645,"HOLDER_PROFIT_QOQ":48.434100662584,"ROE_YEARLY":2.851281938558,"ROIC_YEARLY":2.32605278385,"TOTAL_ASSETS":1560369093.78,"TOTAL_LIABILITIES":430855083.7,"TAX_EBT":16.144897380119,"OCF_SALES":-111.275020711403,"TOTAL_PARENT_EQUITY":1127627639,"DEBT_ASSET_RATIO":27.6123825714,"OPERATE_PROFIT":27392025.8,"PRETAX_PROFIT":19496189.08,"NETCASH_OPERATE":-76778806.48,"NETCASH_INVEST":-41460518.62,"NETCASH_FINANCE":-12889280.4,"END_CASH":60152741.14,"DIVI_RATIO":0.627975617773,"DIVIDEND_RATE":1.428571428571,"CURRENT_RATIO":3.960656924102,"COMMON_ACS":10000000000,"CURRENTDEBT_DEBT":52.040700598098,"ISSUED_COMMON_SHARES":4093756636,"HK_COMMON_SHARES":4093756636,"PER_SHARES":6000,"TOTAL_MARKET_CAP":1146251858.08,"HKSK_MARKET_CAP":1146251858.08,"PE_TTM":36.815540648145,"PB_TTM":0.939946713681,"REPORT_DATE_SQ":"2022-06-30 00:00:00","REPORT_TYPE_SQ":"2022年中报","OPERATE_INCOME_SQ":55257246.66,"DPS_HKD":0.004,"OPERATE_INCOME_QOQ_SQ":-30.049516714152,"NET_PROFIT_RATIO_SQ":16.069272913,"HOLDER_PROFIT_SQ":9032516.78,"HOLDER_PROFIT_QOQ_SQ":-54.551849472895,"ROE_AVG_SQ":0.759968470159,"PE_TTM_SQ":38.650731417781,"PB_TTM_SQ":0.803320872115,"ROA_SQ":0.609721073679,"START_DATE":"2023-01-01 00:00:00","FISCAL_YEAR":"12-31","CURRENCY":"HKD","IS_CNY_CODE":0,"DPS_HKD_LY":0.016,"ORG_TYPE":"一般企业","PREMIUM_INCOME":null,"PREMIUM_INCOME_YOY":null,"NET_INTEREST_INCOME":null,"NET_INTEREST_INCOME_YOY":null,"FEE_COMMISSION_INCOME":null,"FEE_COMMISSION_INCOME_YOY":null,"ACCOUNTS_RECE_TDAYS":0.9965378572,"INVENTORY_TDAYS":0.142241994219,"CURRENT_ASSETS_TDAYS":0.079394236762,"TOTAL_ASSETS_TDAYS":0.043974860092,"PREMIUM_EXPENSE":null,"LOAN_DEPOSIT":null,"LOAN_EQUITY":null,"LOAN_ASSETS":null,"DEPOSIT_EQUITY":null,"DEPOSIT_ASSETS":null,"EQUITY_MULTIPLIER":1.381451739293,"EQUITY_RATIO":0.382089857324},{"SECUCODE":"02327.HK","SECURITY_CODE":"02327","SECURITY_NAME_ABBR":"美瑞健康国际","ORG_CODE":"10010586","STD_REPORT_DATE":"2022-12-31 00:00:00","REPORT_DATE":"2022-12-31 00:00:00","DATE_TYPE_CODE":"001","REPORT_TYPE":"2022年年报","PER_NETCASH_OPERATE":0.009413856617,"PER_OI":0.026156170778,"BPS":0.289026463643,"BASIC_EPS":0.003841061,"DILUTED_EPS":0.003841061,"OPERATE_INCOME":107097713.38,"OPERATE_INCOME_YOY":-52.6168730314,"GROSS_PROFIT":59635598.47,"GROSS_PROFIT_YOY":-27.731551879614,"HOLDER_PROFIT":15919857.94,"HOLDER_PROFIT_YOY":-70.4557134095,"GROSS_PROFIT_RATIO":55.683353629039,"EPS_TTM":0.003888061751,"OPERATE_INCOME_QOQ":-25.992648161666,"NET_PROFIT_RATIO":14.8297662936,"ROE_AVG":1.294912697657,"GROSS_PROFIT_QOQ":-12.935164637632,"ROA":1.033682253778,"HOLDER_PROFIT_QOQ":-28.976976154732,"ROE_YEARLY":1.294912697657,"ROIC_YEARLY":1.204366182192,"TOTAL_ASSETS":1528618113.47,"TOTAL_LIABILITIES":343172895.52,"TAX_EBT":29.958636990349,"OCF_SALES":35.990958680168,"TOTAL_PARENT_EQUITY":1183204003.52,"DEBT_ASSET_RATIO":22.4498776049,"OPERATE_PROFIT":46098091.62,"PRETAX_PROFIT":22675658.95,"NETCASH_OPERATE":38545493.77,"NETCASH_INVEST":-120375278.66,"NETCASH_FINANCE":37456597.64,"END_CASH":188468357.49,"DIVI_RATIO":0.932310295456,"DIVIDEND_RATE":1.428571428571,"CURRENT_RATIO":6.733098190422,"COMMON_ACS":10000000000,"CURRENTDEBT_DEBT":35.644600391487,"ISSUED_COMMON_SHARES":4093756636,"HK_COMMON_SHARES":4093756636,"PER_SHARES":6000,"TOTAL_MARKET_CAP":1146251858.08,"HKSK_MARKET_CAP":1146251858.08,"PE_TTM":36.815540648145,"PB_TTM":0.939946713681,"REPORT_DATE_SQ":"2021-12-31 00:00:00","REPORT_TYPE_SQ":"2021年年报","OPERATE_INCOME_SQ":206878145.6,"DPS_HKD":0.004,"OPERATE_INCOME_QOQ_SQ":-5.457320902309,"NET_PROFIT_RATIO_SQ":23.8927246069,"HOLDER_PROFIT_SQ":49320084.8,"HOLDER_PROFIT_QOQ_SQ":-26.718963526023,"ROE_AVG_SQ":4.264670741657,"PE_TTM_SQ":38.650731417781,"PB_TTM_SQ":0.803320872115,"ROA_SQ":3.507300019129,"START_DATE":"2022-01-01 00:00:00","FISCAL_YEAR":"12-31","CURRENCY":"HKD","IS_CNY_CODE":0,"DPS_HKD_LY":null,"ORG_TYPE":"一般企业","PREMIUM_INCOME":null,"PREMIUM_INCOME_YOY":null,"NET_INTEREST_INCOME":null,"NET_INTEREST_INCOME_YOY":null,"FEE_COMMISSION_INCOME":null,"FEE_COMMISSION_INCOME_YOY":null,"ACCOUNTS_RECE_TDAYS":1.24284988649,"INVENTORY_TDAYS":0.197143016159,"CURRENT_ASSETS_TDAYS":0.133387106195,"TOTAL_ASSETS_TDAYS":0.069538940711,"PREMIUM_EXPENSE":null,"LOAN_DEPOSIT":null,"LOAN_EQUITY":null,"LOAN_ASSETS":null,"DEPOSIT_EQUITY":null,"DEPOSIT_ASSETS":null,"EQUITY_MULTIPLIER":1.289488616027,"EQUITY_RATIO":0.290036962771},{"SECUCODE":"02327.HK","SECURITY_CODE":"02327","SECURITY_NAME_ABBR":"美瑞健康国际","ORG_CODE":"10010586","STD_REPORT_DATE":"2022-06-30 00:00:00","REPORT_DATE":"2022-06-30 00:00:00","DATE_TYPE_CODE":"002","REPORT_TYPE":"2022年中报","PER_NETCASH_OPERATE":0.01416406422,"PER_OI":0.013455413287,"BPS":0.282339567713,"BASIC_EPS":0.002223494,"DILUTED_EPS":0.002223494,"OPERATE_INCOME":55257246.66,"OPERATE_INCOME_YOY":-54.2134353741,"GROSS_PROFIT":37686512.92,"GROSS_PROFIT_YOY":-27.120113002287,"HOLDER_PROFIT":9032516.78,"HOLDER_PROFIT_YOY":-75.5452651077,"GROSS_PROFIT_RATIO":68.201937660569,"EPS_TTM":0.0054581797,"OPERATE_INCOME_QOQ":-30.049516714152,"NET_PROFIT_RATIO":16.069272913,"ROE_AVG":0.759968470159,"GROSS_PROFIT_QOQ":-16.994676645742,"ROA":0.609721073679,"HOLDER_PROFIT_QOQ":-54.551849472895,"ROE_YEARLY":1.519936940317,"ROIC_YEARLY":1.386088329338,"TOTAL_ASSETS":1477375787.79,"TOTAL_LIABILITIES":319422016.9,"TAX_EBT":24.294567991251,"OCF_SALES":105.266660476058,"TOTAL_PARENT_EQUITY":1155829478.93,"DEBT_ASSET_RATIO":21.62090509,"OPERATE_PROFIT":23885456.7,"PRETAX_PROFIT":11728930.85,"NETCASH_OPERATE":58167458.23,"NETCASH_INVEST":-207513563.88,"NETCASH_FINANCE":41564799.57,"END_CASH":118747407.45,"DIVI_RATIO":0.664118845335,"DIVIDEND_RATE":1.428571428571,"CURRENT_RATIO":8.005428622033,"COMMON_ACS":10000000000,"CURRENTDEBT_DEBT":30.232122299269,"ISSUED_COMMON_SHARES":4093756636,"HK_COMMON_SHARES":4093756636,"PER_SHARES":6000,"TOTAL_MARKET_CAP":1146251858.08,"HKSK_MARKET_CAP":1146251858.08,"PE_TTM":36.815540648145,"PB_TTM":0.939946713681,"REPORT_DATE_SQ":"2021-06-30 00:00:00","REPORT_TYPE_SQ":"2021年中报","OPERATE_INCOME_SQ":117423129.6,"DPS_HKD":0.004,"OPERATE_INCOME_QOQ_SQ":-1.939685888081,"NET_PROFIT_RATIO_SQ":30.6512188209,"HOLDER_PROFIT_SQ":35937535.2,"HOLDER_PROFIT_QOQ_SQ":-4.162218224785,"ROE_AVG_SQ":3.038363293701,"PE_TTM_SQ":38.650731417781,"PB_TTM_SQ":0.803320872115,"ROA_SQ":2.534703994521,"START_DATE":"2022-01-01 00:00:00","FISCAL_YEAR":"12-31","CURRENCY":"HKD","IS_CNY_CODE":0,"DPS_HKD_LY":null,"ORG_TYPE":"一般企业","PREMIUM_INCOME":null,"PREMIUM_INCOME_YOY":null,"NET_INTEREST_INCOME":null,"NET_INTEREST_INCOME_YOY":null,"FEE_COMMISSION_INCOME":null,"FEE_COMMISSION_INCOME_YOY":null,"ACCOUNTS_RECE_TDAYS":0.711768626177,"INVENTORY_TDAYS":0.077426162325,"CURRENT_ASSETS_TDAYS":0.072614645313,"TOTAL_ASSETS_TDAYS":0.037300243756,"PREMIUM_EXPENSE":null,"LOAN_DEPOSIT":null,"LOAN_EQUITY":null,"LOAN_ASSETS":null,"DEPOSIT_EQUITY":null,"DEPOSIT_ASSETS":null,"EQUITY_MULTIPLIER":1.275850405198,"EQUITY_RATIO":0.276357388977},{"SECUCODE":"02327.HK","SECURITY_CODE":"02327","SECURITY_NAME_ABBR":"美瑞健康国际","ORG_CODE":"10010586","STD_REPORT_DATE":"2021-12-31 00:00:00","REPORT_DATE":"2021-12-31 00:00:00","DATE_TYPE_CODE":"001","REPORT_TYPE":"2021年年报","PER_NETCASH_OPERATE":-0.01615570772,"PER_OI":0.04909204852,"BPS":0.285206777788,"BASIC_EPS":0.01160992,"DILUTED_EPS":0.01152816,"OPERATE_INCOME":206878145.6,"OPERATE_INCOME_YOY":-4.5652214909,"GROSS_PROFIT":82519550.4,"GROSS_PROFIT_YOY":-11.869433451865,"HOLDER_PROFIT":49320084.8,"HOLDER_PROFIT_YOY":-27.7040712377,"GROSS_PROFIT_RATIO":39.887997913299,"EPS_TTM":0.011703623836,"OPERATE_INCOME_QOQ":-5.457320902309,"NET_PROFIT_RATIO":23.8927246069,"ROE_AVG":4.264670741657,"GROSS_PROFIT_QOQ":-16.594119967675,"ROA":3.507300019129,"HOLDER_PROFIT_QOQ":-26.718963526023,"ROE_YEARLY":4.264670741657,"ROIC_YEARLY":4.119224870359,"TOTAL_ASSETS":1420166294.4,"TOTAL_LIABILITIES":250470942.4,"TAX_EBT":29.459535144217,"OCF_SALES":-32.909011148832,"TOTAL_PARENT_EQUITY":1167567139.2,"DEBT_ASSET_RATIO":17.6367333451,"OPERATE_PROFIT":85976363.2,"PRETAX_PROFIT":70071590.4,"NETCASH_OPERATE":-68081552,"NETCASH_INVEST":132094726.4,"NETCASH_FINANCE":-31248672,"END_CASH":222870401.6,"DIVI_RATIO":0.309722873086,"DIVIDEND_RATE":1.428571428571,"CURRENT_RATIO":7.898863431355,"COMMON_ACS":10000000000,"CURRENTDEBT_DEBT":36.187485514887,"ISSUED_COMMON_SHARES":4093756636,"HK_COMMON_SHARES":4093756636,"PER_SHARES":6000,"TOTAL_MARKET_CAP":1146251858.08,"HKSK_MARKET_CAP":1146251858.08,"PE_TTM":36.815540648145,"PB_TTM":0.939946713681,"REPORT_DATE_SQ":"2020-12-31 00:00:00","REPORT_TYPE_SQ":"2020年年报","OPERATE_INCOME_SQ":223148221.4,"DPS_HKD":0.004,"OPERATE_INCOME_QOQ_SQ":-5.659948230855,"NET_PROFIT_RATIO_SQ":32.0840326626,"HOLDER_PROFIT_SQ":70225599.96,"HOLDER_PROFIT_QOQ_SQ":556.996400035351,"ROE_AVG_SQ":6.272366339451,"PE_TTM_SQ":38.650731417781,"PB_TTM_SQ":0.803320872115,"ROA_SQ":4.88416791226,"START_DATE":"2021-01-01 00:00:00","FISCAL_YEAR":"12-31","CURRENCY":"HKD","IS_CNY_CODE":0,"DPS_HKD_LY":null,"ORG_TYPE":"一般企业","PREMIUM_INCOME":null,"PREMIUM_INCOME_YOY":null,"NET_INTEREST_INCOME":null,"NET_INTEREST_INCOME_YOY":null,"FEE_COMMISSION_INCOME":null,"FEE_COMMISSION_INCOME_YOY":null,"ACCOUNTS_RECE_TDAYS":3.270106103881,"INVENTORY_TDAYS":0.571817404299,"CURRENT_ASSETS_TDAYS":0.275655868926,"TOTAL_ASSETS_TDAYS":0.147117290443,"PREMIUM_EXPENSE":null,"LOAN_DEPOSIT":null,"LOAN_EQUITY":null,"LOAN_ASSETS":null,"DEPOSIT_EQUITY":null,"DEPOSIT_ASSETS":null,"EQUITY_MULTIPLIER":1.214133485246,"EQUITY_RATIO":0.214523802521},{"SECUCODE":"02327.HK","SECURITY_CODE":"02327","SECURITY_NAME_ABBR":"美瑞健康国际","ORG_CODE":"10010586","STD_REPORT_DATE":"2021-06-30 00:00:00","REPORT_DATE":"2021-06-30 00:00:00","DATE_TYPE_CODE":"002","REPORT_TYPE":"2021年中报","PER_NETCASH_OPERATE":-0.012515036463,"PER_OI":0.02748827931,"BPS":0.293106323402,"BASIC_EPS":0.008404008,"DILUTED_EPS":0.0083208,"OPERATE_INCOME":117423129.6,"OPERATE_INCOME_YOY":5.8752035052,"GROSS_PROFIT":51710443.68,"GROSS_PROFIT_YOY":11.429538300016,"HOLDER_PROFIT":35937535.2,"HOLDER_PROFIT_YOY":1.520814235,"GROSS_PROFIT_RATIO":44.037698412698,"EPS_TTM":0.015755279618,"OPERATE_INCOME_QOQ":-1.939685888081,"NET_PROFIT_RATIO":30.6512188209,"ROE_AVG":3.038363293701,"GROSS_PROFIT_QOQ":5.664692362192,"ROA":2.534703994521,"HOLDER_PROFIT_QOQ":-4.162218224785,"ROE_YEARLY":6.076726587402,"ROIC_YEARLY":5.947284804233,"TOTAL_ASSETS":1418723858.64,"TOTAL_LIABILITIES":216751847.52,"TAX_EBT":25.714432918871,"OCF_SALES":-45.528628117914,"TOTAL_PARENT_EQUITY":1199905956.48,"DEBT_ASSET_RATIO":15.2779447671,"OPERATE_PROFIT":57121459.92,"PRETAX_PROFIT":48450354.24,"NETCASH_OPERATE":-53461140,"NETCASH_INVEST":98920166.64,"NETCASH_FINANCE":-18344867.76,"END_CASH":220290683.76,"DIVI_RATIO":0.230073987123,"DIVIDEND_RATE":1.428571428571,"CURRENT_RATIO":13.637366329691,"COMMON_ACS":10000000000,"CURRENTDEBT_DEBT":26.277764555038,"ISSUED_COMMON_SHARES":4093756636,"HK_COMMON_SHARES":4093756636,"PER_SHARES":6000,"TOTAL_MARKET_CAP":1146251858.08,"HKSK_MARKET_CAP":1146251858.08,"PE_TTM":36.815540648145,"PB_TTM":0.939946713681,"REPORT_DATE_SQ":"2020-06-30 00:00:00","REPORT_TYPE_SQ":"2020年中报","OPERATE_INCOME_SQ":121751504.16,"DPS_HKD":0.004,"OPERATE_INCOME_QOQ_SQ":12.470003633814,"NET_PROFIT_RATIO_SQ":32.192453991,"HOLDER_PROFIT_SQ":38860477.92,"HOLDER_PROFIT_QOQ_SQ":14.966647652751,"ROE_AVG_SQ":3.353778588178,"PE_TTM_SQ":38.650731417781,"PB_TTM_SQ":0.803320872115,"ROA_SQ":2.527067234613,"START_DATE":"2021-01-01 00:00:00","FISCAL_YEAR":"12-31","CURRENCY":"HKD","IS_CNY_CODE":0,"DPS_HKD_LY":null,"ORG_TYPE":"一般企业","PREMIUM_INCOME":null,"PREMIUM_INCOME_YOY":null,"NET_INTEREST_INCOME":null,"NET_INTEREST_INCOME_YOY":null,"FEE_COMMISSION_INCOME":null,"FEE_COMMISSION_INCOME_YOY":null,"ACCOUNTS_RECE_TDAYS":1.550155982249,"INVENTORY_TDAYS":0.293259858075,"CURRENT_ASSETS_TDAYS":0.149042818126,"TOTAL_ASSETS_TDAYS":0.082819501669,"PREMIUM_EXPENSE":null,"LOAN_DEPOSIT":null,"LOAN_EQUITY":null,"LOAN_ASSETS":null,"DEPOSIT_EQUITY":null,"DEPOSIT_ASSETS":null,"EQUITY_MULTIPLIER":1.180330195309,"EQUITY_RATIO":0.180640696339},{"SECUCODE":"02327.HK","SECURITY_CODE":"02327","SECURITY_NAME_ABBR":"美瑞健康国际","ORG_CODE":"10010586","STD_REPORT_DATE":"2020-12-31 00:00:00","REPORT_DATE":"2020-12-31 00:00:00","DATE_TYPE_CODE":"001","REPORT_TYPE":"2020年年报","PER_NETCASH_OPERATE":0.013950320929,"PER_OI":0.052238095324,"BPS":0.288017118974,"BASIC_EPS":0.01641198,"DILUTED_EPS":0.01641198,"OPERATE_INCOME":223148221.4,"OPERATE_INCOME_YOY":12.9296061402,"GROSS_PROFIT":93633291.64,"GROSS_PROFIT_YOY":45.516074591138,"HOLDER_PROFIT":70225599.96,"HOLDER_PROFIT_YOY":513.5967086349,"GROSS_PROFIT_RATIO":41.960133516888,"EPS_TTM":0.016439528677,"OPERATE_INCOME_QOQ":-5.659948230855,"NET_PROFIT_RATIO":32.0840326626,"ROE_AVG":6.272366339451,"GROSS_PROFIT_QOQ":30.055026532169,"ROA":4.88416791226,"HOLDER_PROFIT_QOQ":556.996400035351,"ROE_YEARLY":6.272366339451,"ROIC_YEARLY":5.528285929237,"TOTAL_ASSETS":1433195090.4,"TOTAL_LIABILITIES":252152819.08,"TAX_EBT":17.87965671368,"OCF_SALES":26.705263356403,"TOTAL_PARENT_EQUITY":1179071992.08,"DEBT_ASSET_RATIO":17.5937540373,"OPERATE_PROFIT":102234010.8,"PRETAX_PROFIT":87182962.68,"NETCASH_OPERATE":59592320.2,"NETCASH_INVEST":91013266.32,"NETCASH_FINANCE":-91635238.28,"END_CASH":196495165.88,"DIVI_RATIO":0.220497805701,"DIVIDEND_RATE":1.428571428571,"CURRENT_RATIO":8.817313608272,"COMMON_ACS":10000000000,"CURRENTDEBT_DEBT":36.347827247936,"ISSUED_COMMON_SHARES":4093756636,"HK_COMMON_SHARES":4093756636,"PER_SHARES":6000,"TOTAL_MARKET_CAP":1146251858.08,"HKSK_MARKET_CAP":1146251858.08,"PE_TTM":36.815540648145,"PB_TTM":0.939946713681,"REPORT_DATE_SQ":"2019-12-31 00:00:00","REPORT_TYPE_SQ":"2019年年报","OPERATE_INCOME_SQ":210310332.62,"DPS_HKD":0.004,"OPERATE_INCOME_QOQ_SQ":12.665759055047,"NET_PROFIT_RATIO_SQ":-9.800706196,"HOLDER_PROFIT_SQ":-18071465.72,"HOLDER_PROFIT_QOQ_SQ":-124.428723177711,"ROE_AVG_SQ":-1.942976238173,"PE_TTM_SQ":38.650731417781,"PB_TTM_SQ":0.803320872115,"ROA_SQ":-1.340269641737,"START_DATE":"2020-01-01 00:00:00","FISCAL_YEAR":"12-31","CURRENCY":"HKD","IS_CNY_CODE":0,"DPS_HKD_LY":null,"ORG_TYPE":"一般企业","PREMIUM_INCOME":null,"PREMIUM_INCOME_YOY":null,"NET_INTEREST_INCOME":null,"NET_INTEREST_INCOME_YOY":null,"FEE_COMMISSION_INCOME":null,"FEE_COMMISSION_INCOME_YOY":null,"ACCOUNTS_RECE_TDAYS":3.158945092129,"INVENTORY_TDAYS":1.141763276511,"CURRENT_ASSETS_TDAYS":0.286633516992,"TOTAL_ASSETS_TDAYS":0.155198870962,"PREMIUM_EXPENSE":null,"LOAN_DEPOSIT":null,"LOAN_EQUITY":null,"LOAN_ASSETS":null,"DEPOSIT_EQUITY":null,"DEPOSIT_ASSETS":null,"EQUITY_MULTIPLIER":1.213500249062,"EQUITY_RATIO":0.213857017022},{"SECUCODE":"02327.HK","SECURITY_CODE":"02327","SECURITY_NAME_ABBR":"美瑞健康国际","ORG_CODE":"10010586","STD_REPORT_DATE":"2020-06-30 00:00:00","REPORT_DATE":"2020-06-30 00:00:00","DATE_TYPE_CODE":"002","REPORT_TYPE":"2020年中报","PER_NETCASH_OPERATE":-0.006272779508,"PER_OI":0.028501534273,"BPS":0.285029411348,"BASIC_EPS":0.0091344,"DILUTED_EPS":0.0091344,"OPERATE_INCOME":121751504.16,"OPERATE_INCOME_YOY":22.7406670718,"GROSS_PROFIT":46406405.76,"GROSS_PROFIT_YOY":19.7370221484,"HOLDER_PROFIT":38860477.92,"HOLDER_PROFIT_YOY":3.5059121211,"GROSS_PROFIT_RATIO":38.115673461426,"EPS_TTM":-0.003597299383,"OPERATE_INCOME_QOQ":12.470003633814,"NET_PROFIT_RATIO":32.192453991,"ROE_AVG":3.353778588178,"GROSS_PROFIT_QOQ":11.888081892124,"ROA":2.527067234613,"HOLDER_PROFIT_QOQ":14.966647652751,"ROE_YEARLY":6.707557176355,"ROIC_YEARLY":5.58721178196,"TOTAL_ASSETS":1510037807.52,"TOTAL_LIABILITIES":337319690.4,"TAX_EBT":26.81266949803,"OCF_SALES":-22.00856784881,"TOTAL_PARENT_EQUITY":1166841044.16,"DEBT_ASSET_RATIO":22.3384930311,"OPERATE_PROFIT":57609747.36,"PRETAX_PROFIT":53554073.76,"NETCASH_OPERATE":-26795762.4,"NETCASH_INVEST":31182101.28,"NETCASH_FINANCE":-6316437.6,"END_CASH":139324262.88,"DIVI_RATIO":-1.007667034208,"DIVIDEND_RATE":1.428571428571,"CURRENT_RATIO":4.823721572379,"COMMON_ACS":10000000000,"CURRENTDEBT_DEBT":49.819516091907,"ISSUED_COMMON_SHARES":4093756636,"HK_COMMON_SHARES":4093756636,"PER_SHARES":6000,"TOTAL_MARKET_CAP":1146251858.08,"HKSK_MARKET_CAP":1146251858.08,"PE_TTM":36.815540648145,"PB_TTM":0.939946713681,"REPORT_DATE_SQ":"2019-06-30 00:00:00","REPORT_TYPE_SQ":"2019年中报","OPERATE_INCOME_SQ":95525798.04,"DPS_HKD":0.004,"OPERATE_INCOME_QOQ_SQ":-7.590768620158,"NET_PROFIT_RATIO_SQ":36.1088089581,"HOLDER_PROFIT_SQ":36155785.32,"HOLDER_PROFIT_QOQ_SQ":4.832010065102,"ROE_AVG_SQ":4.11270669473,"PE_TTM_SQ":38.650731417781,"PB_TTM_SQ":0.803320872115,"ROA_SQ":2.606280004845,"START_DATE":"2020-01-01 00:00:00","FISCAL_YEAR":"12-31","CURRENCY":"HKD","IS_CNY_CODE":0,"DPS_HKD_LY":null,"ORG_TYPE":"一般企业","PREMIUM_INCOME":null,"PREMIUM_INCOME_YOY":null,"NET_INTEREST_INCOME":null,"NET_INTEREST_INCOME_YOY":null,"FEE_COMMISSION_INCOME":null,"FEE_COMMISSION_INCOME_YOY":null,"ACCOUNTS_RECE_TDAYS":1.305117107943,"INVENTORY_TDAYS":7.964947856315,"CURRENT_ASSETS_TDAYS":0.149993557509,"TOTAL_ASSETS_TDAYS":0.07917407438,"PREMIUM_EXPENSE":null,"LOAN_DEPOSIT":null,"LOAN_EQUITY":null,"LOAN_ASSETS":null,"DEPOSIT_EQUITY":null,"DEPOSIT_ASSETS":null,"EQUITY_MULTIPLIER":1.287639190932,"EQUITY_RATIO":0.289087954258}],"count":46},"success":true,"message":"ok","code":0}