{"version":"11918521ff526cca16380715b2017c87","result":{"pages":3,"data":[{"SECUCODE":"02329.HK","SECURITY_CODE":"02329","SECURITY_NAME_ABBR":"国瑞健康","ORG_CODE":"10401111","STD_REPORT_DATE":"2024-06-30 00:00:00","REPORT_DATE":"2024-06-30 00:00:00","DATE_TYPE_CODE":"002","REPORT_TYPE":"2024年中报","PER_NETCASH_OPERATE":0.011074565929,"PER_OI":0.222179597668,"BPS":2.499868832094,"BASIC_EPS":-0.0132,"DILUTED_EPS":-0.0132,"OPERATE_INCOME":987459000,"OPERATE_INCOME_YOY":-32.2203742689,"GROSS_PROFIT":432277000,"GROSS_PROFIT_YOY":139.95392728282,"HOLDER_PROFIT":-58659000,"HOLDER_PROFIT_YOY":78.0199644776,"GROSS_PROFIT_RATIO":43.776703640354,"EPS_TTM":-0.080045576523,"OPERATE_INCOME_QOQ":-18.729234703954,"NET_PROFIT_RATIO":-6.5263469167,"ROE_AVG":-0.526571818089,"GROSS_PROFIT_QOQ":501.445902943516,"ROA":-0.105279769964,"HOLDER_PROFIT_QOQ":36.919451532082,"ROE_YEARLY":-1.053143636178,"ROIC_YEARLY":-0.221295232405,"TOTAL_ASSETS":55080988000,"TOTAL_LIABILITIES":41360027000,"TAX_EBT":48.51194042968,"OCF_SALES":4.984510749307,"TOTAL_PARENT_EQUITY":11110462000,"DEBT_ASSET_RATIO":75.0894791502,"OPERATE_PROFIT":-81458000,"PRETAX_PROFIT":-125163000,"NETCASH_OPERATE":49220000,"NETCASH_INVEST":40906000,"NETCASH_FINANCE":-60283000,"END_CASH":104540000,"DIVI_RATIO":null,"DIVIDEND_RATE":null,"CURRENT_RATIO":0.992247469131,"COMMON_ACS":10000000000,"CURRENTDEBT_DEBT":69.990200925159,"ISSUED_COMMON_SHARES":4444417986,"HK_COMMON_SHARES":4444417986,"PER_SHARES":1000,"TOTAL_MARKET_CAP":448886216.586,"HKSK_MARKET_CAP":448886216.586,"PE_TTM":-1.130276918108,"PB_TTM":0.036874206685,"REPORT_DATE_SQ":"2023-06-30 00:00:00","REPORT_TYPE_SQ":"2023年中报","OPERATE_INCOME_SQ":1456867000,"DPS_HKD":null,"OPERATE_INCOME_QOQ_SQ":-38.144074585522,"NET_PROFIT_RATIO_SQ":-18.5203590994,"HOLDER_PROFIT_SQ":-266874000,"HOLDER_PROFIT_QOQ_SQ":45.532230039593,"ROE_AVG_SQ":-2.300706555558,"PE_TTM_SQ":-0.25978025029,"PB_TTM_SQ":0.01072105428,"ROA_SQ":-0.470866242927,"START_DATE":"2024-01-01 00:00:00","FISCAL_YEAR":"12-31","CURRENCY":"HKD","IS_CNY_CODE":0,"DPS_HKD_LY":null,"ORG_TYPE":"一般企业","PREMIUM_INCOME":null,"PREMIUM_INCOME_YOY":null,"NET_INTEREST_INCOME":null,"NET_INTEREST_INCOME_YOY":null,"FEE_COMMISSION_INCOME":null,"FEE_COMMISSION_INCOME_YOY":null,"ACCOUNTS_RECE_TDAYS":0.470810335181,"INVENTORY_TDAYS":0.025656341526,"CURRENT_ASSETS_TDAYS":0.033792143611,"TOTAL_ASSETS_TDAYS":0.017722677913,"PREMIUM_EXPENSE":null,"LOAN_DEPOSIT":null,"LOAN_EQUITY":null,"LOAN_ASSETS":null,"DEPOSIT_EQUITY":null,"DEPOSIT_ASSETS":null,"EQUITY_MULTIPLIER":4.014368089811,"EQUITY_RATIO":3.722619905455},{"SECUCODE":"02329.HK","SECURITY_CODE":"02329","SECURITY_NAME_ABBR":"国瑞健康","ORG_CODE":"10401111","STD_REPORT_DATE":"2023-12-31 00:00:00","REPORT_DATE":"2023-12-31 00:00:00","DATE_TYPE_CODE":"001","REPORT_TYPE":"2023年年报","PER_NETCASH_OPERATE":0.115408137042,"PER_OI":0.563917482085,"BPS":2.513066960665,"BASIC_EPS":-0.0013,"DILUTED_EPS":-0.0013,"OPERATE_INCOME":2506285000,"OPERATE_INCOME_YOY":-35.8131745765,"GROSS_PROFIT":-50280000,"GROSS_PROFIT_YOY":-144.292925288723,"HOLDER_PROFIT":-563971000,"HOLDER_PROFIT_YOY":38.2140533008,"GROSS_PROFIT_RATIO":-2.006156522502,"EPS_TTM":-0.12689423042,"OPERATE_INCOME_QOQ":3.768272794233,"NET_PROFIT_RATIO":-23.6805870043,"ROE_AVG":-4.925035403787,"GROSS_PROFIT_QOQ":-110.698236535712,"ROA":-0.991685075548,"HOLDER_PROFIT_QOQ":-13.435792844328,"ROE_YEARLY":-4.925035403787,"ROIC_YEARLY":-1.041758179238,"TOTAL_ASSETS":56353526000,"TOTAL_LIABILITIES":42568121000,"TAX_EBT":12.542660104329,"OCF_SALES":20.465429909208,"TOTAL_PARENT_EQUITY":11169120000,"DEBT_ASSET_RATIO":75.5376353913,"OPERATE_PROFIT":-311588000,"PRETAX_PROFIT":-678620000,"NETCASH_OPERATE":512922000,"NETCASH_INVEST":58955000,"NETCASH_FINANCE":-627400000,"END_CASH":74697000,"DIVI_RATIO":null,"DIVIDEND_RATE":null,"CURRENT_RATIO":1.002265314641,"COMMON_ACS":10000000000,"CURRENTDEBT_DEBT":69.658684253411,"ISSUED_COMMON_SHARES":4444417986,"HK_COMMON_SHARES":4444417986,"PER_SHARES":1000,"TOTAL_MARKET_CAP":475552724.502,"HKSK_MARKET_CAP":475552724.502,"PE_TTM":-1.19742208156,"PB_TTM":0.039064753617,"REPORT_DATE_SQ":"2022-12-31 00:00:00","REPORT_TYPE_SQ":"2022年年报","OPERATE_INCOME_SQ":3904672000,"DPS_HKD":null,"OPERATE_INCOME_QOQ_SQ":-37.725681630133,"NET_PROFIT_RATIO_SQ":-25.4897978627,"HOLDER_PROFIT_SQ":-912782000,"HOLDER_PROFIT_QOQ_SQ":-26.652670956033,"ROE_AVG_SQ":-7.469652404311,"PE_TTM_SQ":-0.329054983701,"PB_TTM_SQ":0.013580002088,"ROA_SQ":-1.541084514367,"START_DATE":"2023-01-01 00:00:00","FISCAL_YEAR":"12-31","CURRENCY":"HKD","IS_CNY_CODE":0,"DPS_HKD_LY":null,"ORG_TYPE":"一般企业","PREMIUM_INCOME":null,"PREMIUM_INCOME_YOY":null,"NET_INTEREST_INCOME":null,"NET_INTEREST_INCOME_YOY":null,"FEE_COMMISSION_INCOME":null,"FEE_COMMISSION_INCOME_YOY":null,"ACCOUNTS_RECE_TDAYS":1.445103553017,"INVENTORY_TDAYS":0.110172261037,"CURRENT_ASSETS_TDAYS":0.082250478178,"TOTAL_ASSETS_TDAYS":0.044070447409,"PREMIUM_EXPENSE":null,"LOAN_DEPOSIT":null,"LOAN_EQUITY":null,"LOAN_ASSETS":null,"DEPOSIT_EQUITY":null,"DEPOSIT_ASSETS":null,"EQUITY_MULTIPLIER":4.087912252131,"EQUITY_RATIO":3.81123320369},{"SECUCODE":"02329.HK","SECURITY_CODE":"02329","SECURITY_NAME_ABBR":"国瑞健康","ORG_CODE":"10401111","STD_REPORT_DATE":"2023-06-30 00:00:00","REPORT_DATE":"2023-06-30 00:00:00","DATE_TYPE_CODE":"002","REPORT_TYPE":"2023年中报","PER_NETCASH_OPERATE":0.103969293945,"PER_OI":0.327797026425,"BPS":2.579914183616,"BASIC_EPS":-0.06,"DILUTED_EPS":-0.06,"OPERATE_INCOME":1456867000,"OPERATE_INCOME_YOY":-50.5521222102,"GROSS_PROFIT":180150000,"GROSS_PROFIT_YOY":202.17392537305,"HOLDER_PROFIT":-266874000,"HOLDER_PROFIT_YOY":60.8966657094,"GROSS_PROFIT_RATIO":12.365576267429,"EPS_TTM":-0.111864365945,"OPERATE_INCOME_QOQ":-38.144074585522,"NET_PROFIT_RATIO":-18.5203590994,"ROE_AVG":-2.300706555558,"GROSS_PROFIT_QOQ":314.020807456152,"ROA":-0.470866242927,"HOLDER_PROFIT_QOQ":45.532230039593,"ROE_YEARLY":-4.601413111115,"ROIC_YEARLY":-0.98967693097,"TOTAL_ASSETS":55968071000,"TOTAL_LIABILITIES":41858980000,"TAX_EBT":5.415647150379,"OCF_SALES":31.717583005175,"TOTAL_PARENT_EQUITY":11466217000,"DEBT_ASSET_RATIO":74.7908213596,"OPERATE_PROFIT":-131578000,"PRETAX_PROFIT":-285266000,"NETCASH_OPERATE":462083000,"NETCASH_INVEST":76222000,"NETCASH_FINANCE":-596030000,"END_CASH":72495000,"DIVI_RATIO":null,"DIVIDEND_RATE":null,"CURRENT_RATIO":1.078393447331,"COMMON_ACS":10000000000,"CURRENTDEBT_DEBT":65.310033832645,"ISSUED_COMMON_SHARES":4444417986,"HK_COMMON_SHARES":4444417986,"PER_SHARES":1000,"TOTAL_MARKET_CAP":475552724.502,"HKSK_MARKET_CAP":475552724.502,"PE_TTM":-1.19742208156,"PB_TTM":0.039064753617,"REPORT_DATE_SQ":"2022-06-30 00:00:00","REPORT_TYPE_SQ":"2022年中报","OPERATE_INCOME_SQ":2946268000,"DPS_HKD":null,"OPERATE_INCOME_QOQ_SQ":-36.655263814832,"NET_PROFIT_RATIO_SQ":-26.4003138886,"HOLDER_PROFIT_SQ":-682484000,"HOLDER_PROFIT_QOQ_SQ":-415.634183407567,"ROE_AVG_SQ":-5.519298507805,"PE_TTM_SQ":-0.329054983701,"PB_TTM_SQ":0.013580002088,"ROA_SQ":-1.152915580697,"START_DATE":"2023-01-01 00:00:00","FISCAL_YEAR":"12-31","CURRENCY":"HKD","IS_CNY_CODE":0,"DPS_HKD_LY":null,"ORG_TYPE":"一般企业","PREMIUM_INCOME":null,"PREMIUM_INCOME_YOY":null,"NET_INTEREST_INCOME":null,"NET_INTEREST_INCOME_YOY":null,"FEE_COMMISSION_INCOME":null,"FEE_COMMISSION_INCOME_YOY":null,"ACCOUNTS_RECE_TDAYS":0.823044525859,"INVENTORY_TDAYS":0.055380999022,"CURRENT_ASSETS_TDAYS":0.047998709287,"TOTAL_ASSETS_TDAYS":0.02570462056,"PREMIUM_EXPENSE":null,"LOAN_DEPOSIT":null,"LOAN_EQUITY":null,"LOAN_ASSETS":null,"DEPOSIT_EQUITY":null,"DEPOSIT_ASSETS":null,"EQUITY_MULTIPLIER":3.966809130375,"EQUITY_RATIO":3.65063560196},{"SECUCODE":"02329.HK","SECURITY_CODE":"02329","SECURITY_NAME_ABBR":"国瑞健康","ORG_CODE":"10401111","STD_REPORT_DATE":"2022-12-31 00:00:00","REPORT_DATE":"2022-12-31 00:00:00","DATE_TYPE_CODE":"001","REPORT_TYPE":"2022年年报","PER_NETCASH_OPERATE":0.136421462137,"PER_OI":0.878556430178,"BPS":2.639961191085,"BASIC_EPS":-0.0021,"DILUTED_EPS":-0.0021,"OPERATE_INCOME":3904672000,"OPERATE_INCOME_YOY":-60.5524973175,"GROSS_PROFIT":113517000,"GROSS_PROFIT_YOY":-90.898507498587,"HOLDER_PROFIT":-912782000,"HOLDER_PROFIT_YOY":-499.7591237359,"GROSS_PROFIT_RATIO":2.907209619656,"EPS_TTM":-0.205377172641,"OPERATE_INCOME_QOQ":-37.725681630133,"NET_PROFIT_RATIO":-25.4897978627,"ROE_AVG":-7.469652404311,"GROSS_PROFIT_QOQ":392.545667548922,"ROA":-1.541084514367,"HOLDER_PROFIT_QOQ":-26.652670956033,"ROE_YEARLY":-7.469652404311,"ROIC_YEARLY":-1.622794179558,"TOTAL_ASSETS":57386413000,"TOTAL_LIABILITIES":43007505000,"TAX_EBT":8.717524010771,"OCF_SALES":15.527911179223,"TOTAL_PARENT_EQUITY":11733091000,"DEBT_ASSET_RATIO":74.9437066227,"OPERATE_PROFIT":-464422000,"PRETAX_PROFIT":-1090344000,"NETCASH_OPERATE":606314000,"NETCASH_INVEST":-305414000,"NETCASH_FINANCE":-630905000,"END_CASH":130220000,"DIVI_RATIO":null,"DIVIDEND_RATE":null,"CURRENT_RATIO":0.996856200104,"COMMON_ACS":10000000000,"CURRENTDEBT_DEBT":72.828335426573,"ISSUED_COMMON_SHARES":4444417986,"HK_COMMON_SHARES":4444417986,"PER_SHARES":1000,"TOTAL_MARKET_CAP":475552724.502,"HKSK_MARKET_CAP":475552724.502,"PE_TTM":-1.19742208156,"PB_TTM":0.039064753617,"REPORT_DATE_SQ":"2021-12-31 00:00:00","REPORT_TYPE_SQ":"2021年年报","OPERATE_INCOME_SQ":9898401000,"DPS_HKD":null,"OPERATE_INCOME_QOQ_SQ":9.725183802745,"NET_PROFIT_RATIO_SQ":3.4805116503,"HOLDER_PROFIT_SQ":228333000,"HOLDER_PROFIT_QOQ_SQ":-22.33043064154,"ROE_AVG_SQ":1.812190253905,"PE_TTM_SQ":-0.329054983701,"PB_TTM_SQ":0.013580002088,"ROA_SQ":0.35513750125,"START_DATE":"2022-01-01 00:00:00","FISCAL_YEAR":"12-31","CURRENCY":"HKD","IS_CNY_CODE":0,"DPS_HKD_LY":null,"ORG_TYPE":"一般企业","PREMIUM_INCOME":null,"PREMIUM_INCOME_YOY":null,"NET_INTEREST_INCOME":null,"NET_INTEREST_INCOME_YOY":null,"FEE_COMMISSION_INCOME":null,"FEE_COMMISSION_INCOME_YOY":null,"ACCOUNTS_RECE_TDAYS":2.323123325374,"INVENTORY_TDAYS":0.164101450892,"CURRENT_ASSETS_TDAYS":0.117675960418,"TOTAL_ASSETS_TDAYS":0.065924060212,"PREMIUM_EXPENSE":null,"LOAN_DEPOSIT":null,"LOAN_EQUITY":null,"LOAN_ASSETS":null,"DEPOSIT_EQUITY":null,"DEPOSIT_ASSETS":null,"EQUITY_MULTIPLIER":3.99101329531,"EQUITY_RATIO":3.665488062779},{"SECUCODE":"02329.HK","SECURITY_CODE":"02329","SECURITY_NAME_ABBR":"国瑞健康","ORG_CODE":"10401111","STD_REPORT_DATE":"2022-06-30 00:00:00","REPORT_DATE":"2022-06-30 00:00:00","DATE_TYPE_CODE":"002","REPORT_TYPE":"2022年中报","PER_NETCASH_OPERATE":0.231494878124,"PER_OI":0.662914246428,"BPS":2.705454355976,"BASIC_EPS":-0.154,"DILUTED_EPS":-0.154,"OPERATE_INCOME":2946268000,"OPERATE_INCOME_YOY":-55.1867936877,"GROSS_PROFIT":-176317000,"GROSS_PROFIT_YOY":-116.82621238683,"HOLDER_PROFIT":-682484000,"HOLDER_PROFIT_YOY":-356.047361431,"GROSS_PROFIT_RATIO":-5.984418253872,"EPS_TTM":-0.16215779035,"OPERATE_INCOME_QOQ":-36.655263814832,"NET_PROFIT_RATIO":-26.4003138886,"ROE_AVG":-5.519298507805,"GROSS_PROFIT_QOQ":-98.152152561466,"ROA":-1.152915580697,"HOLDER_PROFIT_QOQ":-415.634183407567,"ROE_YEARLY":-11.038597015611,"ROIC_YEARLY":-2.431674534343,"TOTAL_ASSETS":57319429000,"TOTAL_LIABILITIES":42662271000,"TAX_EBT":8.99716283015,"OCF_SALES":34.920787925606,"TOTAL_PARENT_EQUITY":12024170000,"DEBT_ASSET_RATIO":74.4289881185,"OPERATE_PROFIT":-522210000,"PRETAX_PROFIT":-854725000,"NETCASH_OPERATE":1028860000,"NETCASH_INVEST":-1151591000,"NETCASH_FINANCE":-32007000,"END_CASH":305487000,"DIVI_RATIO":null,"DIVIDEND_RATE":null,"CURRENT_RATIO":1.288866263119,"COMMON_ACS":10000000000,"CURRENTDEBT_DEBT":57.819366906183,"ISSUED_COMMON_SHARES":4444417986,"HK_COMMON_SHARES":4444417986,"PER_SHARES":1000,"TOTAL_MARKET_CAP":475552724.502,"HKSK_MARKET_CAP":475552724.502,"PE_TTM":-1.19742208156,"PB_TTM":0.039064753617,"REPORT_DATE_SQ":"2021-06-30 00:00:00","REPORT_TYPE_SQ":"2021年中报","OPERATE_INCOME_SQ":6574553000,"DPS_HKD":null,"OPERATE_INCOME_QOQ_SQ":56.374529892721,"NET_PROFIT_RATIO_SQ":5.6363223477,"HOLDER_PROFIT_SQ":266546000,"HOLDER_PROFIT_QOQ_SQ":197.731415839579,"ROE_AVG_SQ":2.111039576072,"PE_TTM_SQ":-0.329054983701,"PB_TTM_SQ":0.013580002088,"ROA_SQ":0.402992546151,"START_DATE":"2022-01-01 00:00:00","FISCAL_YEAR":"12-31","CURRENCY":"HKD","IS_CNY_CODE":0,"DPS_HKD_LY":null,"ORG_TYPE":"一般企业","PREMIUM_INCOME":null,"PREMIUM_INCOME_YOY":null,"NET_INTEREST_INCOME":null,"NET_INTEREST_INCOME_YOY":null,"FEE_COMMISSION_INCOME":null,"FEE_COMMISSION_INCOME_YOY":null,"ACCOUNTS_RECE_TDAYS":null,"INVENTORY_TDAYS":0.148392657812,"CURRENT_ASSETS_TDAYS":0.088037025375,"TOTAL_ASSETS_TDAYS":0.049771104995,"PREMIUM_EXPENSE":null,"LOAN_DEPOSIT":null,"LOAN_EQUITY":null,"LOAN_ASSETS":null,"DEPOSIT_EQUITY":null,"DEPOSIT_ASSETS":null,"EQUITY_MULTIPLIER":3.910678250177,"EQUITY_RATIO":3.548042900258},{"SECUCODE":"02329.HK","SECURITY_CODE":"02329","SECURITY_NAME_ABBR":"国瑞健康","ORG_CODE":"10401111","STD_REPORT_DATE":"2021-12-31 00:00:00","REPORT_DATE":"2021-12-31 00:00:00","DATE_TYPE_CODE":"001","REPORT_TYPE":"2021年年报","PER_NETCASH_OPERATE":0.977692920353,"PER_OI":2.227153483579,"BPS":2.85901417014,"BASIC_EPS":0.0514,"DILUTED_EPS":0.0514,"OPERATE_INCOME":9898401000,"OPERATE_INCOME_YOY":71.5822403455,"GROSS_PROFIT":1247235000,"GROSS_PROFIT_YOY":27.227204150477,"HOLDER_PROFIT":228333000,"HOLDER_PROFIT_YOY":131.2467085274,"GROSS_PROFIT_RATIO":12.600368483758,"EPS_TTM":0.051375230844,"OPERATE_INCOME_QOQ":9.725183802745,"NET_PROFIT_RATIO":3.4805116503,"ROE_AVG":1.812190253905,"GROSS_PROFIT_QOQ":2.070820692821,"ROA":0.35513750125,"HOLDER_PROFIT_QOQ":-22.33043064154,"ROE_YEARLY":1.812190253905,"ROIC_YEARLY":0.376788707992,"TOTAL_ASSETS":61073281000,"TOTAL_LIABILITIES":45638299000,"TAX_EBT":60.71068930636,"OCF_SALES":43.898767083694,"TOTAL_PARENT_EQUITY":12706654000,"DEBT_ASSET_RATIO":74.7271118445,"OPERATE_PROFIT":566000000,"PRETAX_PROFIT":876867000,"NETCASH_OPERATE":4345276000,"NETCASH_INVEST":184152000,"NETCASH_FINANCE":-5654153000,"END_CASH":460225000,"DIVI_RATIO":null,"DIVIDEND_RATE":null,"CURRENT_RATIO":1.185718965837,"COMMON_ACS":10000000000,"CURRENTDEBT_DEBT":64.936637975925,"ISSUED_COMMON_SHARES":4444417986,"HK_COMMON_SHARES":4444417986,"PER_SHARES":1000,"TOTAL_MARKET_CAP":475552724.502,"HKSK_MARKET_CAP":475552724.502,"PE_TTM":-1.19742208156,"PB_TTM":0.039064753617,"REPORT_DATE_SQ":"2020-12-31 00:00:00","REPORT_TYPE_SQ":"2020年年报","OPERATE_INCOME_SQ":5768896000,"DPS_HKD":null,"OPERATE_INCOME_QOQ_SQ":-24.497106193744,"NET_PROFIT_RATIO_SQ":2.3166477607,"HOLDER_PROFIT_SQ":98740000,"HOLDER_PROFIT_QOQ_SQ":-80.350014129522,"ROE_AVG_SQ":0.788719663319,"PE_TTM_SQ":-0.329054983701,"PB_TTM_SQ":0.013580002088,"ROA_SQ":0.13193340861,"START_DATE":"2021-01-01 00:00:00","FISCAL_YEAR":"12-31","CURRENCY":"HKD","IS_CNY_CODE":0,"DPS_HKD_LY":null,"ORG_TYPE":"一般企业","PREMIUM_INCOME":null,"PREMIUM_INCOME_YOY":null,"NET_INTEREST_INCOME":null,"NET_INTEREST_INCOME_YOY":null,"FEE_COMMISSION_INCOME":null,"FEE_COMMISSION_INCOME_YOY":null,"ACCOUNTS_RECE_TDAYS":4.933618898115,"INVENTORY_TDAYS":0.345104298203,"CURRENT_ASSETS_TDAYS":0.257283892657,"TOTAL_ASSETS_TDAYS":0.153954680117,"PREMIUM_EXPENSE":null,"LOAN_DEPOSIT":null,"LOAN_EQUITY":null,"LOAN_ASSETS":null,"DEPOSIT_EQUITY":null,"DEPOSIT_ASSETS":null,"EQUITY_MULTIPLIER":3.95680934386,"EQUITY_RATIO":3.591685033684},{"SECUCODE":"02329.HK","SECURITY_CODE":"02329","SECURITY_NAME_ABBR":"国瑞健康","ORG_CODE":"10401111","STD_REPORT_DATE":"2021-06-30 00:00:00","REPORT_DATE":"2021-06-30 00:00:00","DATE_TYPE_CODE":"002","REPORT_TYPE":"2021年中报","PER_NETCASH_OPERATE":0.559774532422,"PER_OI":1.479283231395,"BPS":2.870918991011,"BASIC_EPS":0.06,"DILUTED_EPS":0.06,"OPERATE_INCOME":6574553000,"OPERATE_INCOME_YOY":97.8877396072,"GROSS_PROFIT":1047871000,"GROSS_PROFIT_YOY":20.251434473261,"HOLDER_PROFIT":266546000,"HOLDER_PROFIT_YOY":273.80585084,"GROSS_PROFIT_RATIO":15.938285081891,"EPS_TTM":0.066145893776,"OPERATE_INCOME_QOQ":56.374529892721,"NET_PROFIT_RATIO":5.6363223477,"ROE_AVG":2.111039576072,"GROSS_PROFIT_QOQ":16.879746714365,"ROA":0.402992546151,"HOLDER_PROFIT_QOQ":197.731415839579,"ROE_YEARLY":4.222079152144,"ROIC_YEARLY":0.862043880115,"TOTAL_ASSETS":64768117000,"TOTAL_LIABILITIES":49289027000,"TAX_EBT":55.065571285658,"OCF_SALES":37.840930022163,"TOTAL_PARENT_EQUITY":12759564000,"DEBT_ASSET_RATIO":76.1007564879,"OPERATE_PROFIT":926643000,"PRETAX_PROFIT":824675000,"NETCASH_OPERATE":2487872000,"NETCASH_INVEST":-1449764000,"NETCASH_FINANCE":-940646000,"END_CASH":1682412000,"DIVI_RATIO":null,"DIVIDEND_RATE":null,"CURRENT_RATIO":1.295111119567,"COMMON_ACS":10000000000,"CURRENTDEBT_DEBT":61.425874769246,"ISSUED_COMMON_SHARES":4444417986,"HK_COMMON_SHARES":4444417986,"PER_SHARES":1000,"TOTAL_MARKET_CAP":475552724.502,"HKSK_MARKET_CAP":475552724.502,"PE_TTM":-1.19742208156,"PB_TTM":0.039064753617,"REPORT_DATE_SQ":"2020-06-30 00:00:00","REPORT_TYPE_SQ":"2020年中报","OPERATE_INCOME_SQ":3322365000,"DPS_HKD":null,"OPERATE_INCOME_QOQ_SQ":-5.591710843802,"NET_PROFIT_RATIO_SQ":8.4585227692,"HOLDER_PROFIT_SQ":71306000,"HOLDER_PROFIT_QOQ_SQ":-41.554426563569,"ROE_AVG_SQ":0.570188814972,"PE_TTM_SQ":-0.329054983701,"PB_TTM_SQ":0.013580002088,"ROA_SQ":0.085279836288,"START_DATE":"2021-01-01 00:00:00","FISCAL_YEAR":"12-31","CURRENCY":"HKD","IS_CNY_CODE":0,"DPS_HKD_LY":null,"ORG_TYPE":"一般企业","PREMIUM_INCOME":null,"PREMIUM_INCOME_YOY":null,"NET_INTEREST_INCOME":null,"NET_INTEREST_INCOME_YOY":null,"FEE_COMMISSION_INCOME":null,"FEE_COMMISSION_INCOME_YOY":null,"ACCOUNTS_RECE_TDAYS":3.157850421548,"INVENTORY_TDAYS":0.212084927651,"CURRENT_ASSETS_TDAYS":0.162301610592,"TOTAL_ASSETS_TDAYS":0.099401073484,"PREMIUM_EXPENSE":null,"LOAN_DEPOSIT":null,"LOAN_EQUITY":null,"LOAN_ASSETS":null,"DEPOSIT_EQUITY":null,"DEPOSIT_ASSETS":null,"EQUITY_MULTIPLIER":4.184232858641,"EQUITY_RATIO":3.862908403453},{"SECUCODE":"02329.HK","SECURITY_CODE":"02329","SECURITY_NAME_ABBR":"国瑞健康","ORG_CODE":"10401111","STD_REPORT_DATE":"2020-12-31 00:00:00","REPORT_DATE":"2020-12-31 00:00:00","DATE_TYPE_CODE":"001","REPORT_TYPE":"2020年年报","PER_NETCASH_OPERATE":1.111103414565,"PER_OI":1.298009327244,"BPS":2.810945783982,"BASIC_EPS":0.0222,"DILUTED_EPS":0.0222,"OPERATE_INCOME":5768896000,"OPERATE_INCOME_YOY":-28.7190096941,"GROSS_PROFIT":980321000,"GROSS_PROFIT_YOY":-54.163212499433,"HOLDER_PROFIT":98740000,"HOLDER_PROFIT_YOY":-88.5154530778,"GROSS_PROFIT_RATIO":18.122358246708,"EPS_TTM":0.022216632259,"OPERATE_INCOME_QOQ":-24.497106193744,"NET_PROFIT_RATIO":2.3166477607,"ROE_AVG":0.788719663319,"GROSS_PROFIT_QOQ":-45.983760924434,"ROA":0.13193340861,"HOLDER_PROFIT_QOQ":-80.350014129522,"ROE_YEARLY":0.788719663319,"ROIC_YEARLY":0.142214478186,"TOTAL_ASSETS":67515223000,"TOTAL_LIABILITIES":52406696000,"TAX_EBT":74.135945703774,"OCF_SALES":85.600572449217,"TOTAL_PARENT_EQUITY":12493018000,"DEBT_ASSET_RATIO":77.6220438463,"OPERATE_PROFIT":776600000,"PRETAX_PROFIT":516721000,"NETCASH_OPERATE":4938208000,"NETCASH_INVEST":-2777652000,"NETCASH_FINANCE":-1112532000,"END_CASH":1584950000,"DIVI_RATIO":null,"DIVIDEND_RATE":null,"CURRENT_RATIO":1.225516404635,"COMMON_ACS":10000000000,"CURRENTDEBT_DEBT":65.0918615438,"ISSUED_COMMON_SHARES":4444417986,"HK_COMMON_SHARES":4444417986,"PER_SHARES":1000,"TOTAL_MARKET_CAP":475552724.502,"HKSK_MARKET_CAP":475552724.502,"PE_TTM":-1.19742208156,"PB_TTM":0.039064753617,"REPORT_DATE_SQ":"2019-12-31 00:00:00","REPORT_TYPE_SQ":"2019年年报","OPERATE_INCOME_SQ":8093176000,"DPS_HKD":null,"OPERATE_INCOME_QOQ_SQ":-0.685150795637,"NET_PROFIT_RATIO_SQ":15.0696463292,"HOLDER_PROFIT_SQ":859764000,"HOLDER_PROFIT_QOQ_SQ":-16.276922897146,"ROE_AVG_SQ":7.033514118358,"PE_TTM_SQ":-0.329054983701,"PB_TTM_SQ":0.013580002088,"ROA_SQ":1.089366856609,"START_DATE":"2020-01-01 00:00:00","FISCAL_YEAR":"12-31","CURRENCY":"HKD","IS_CNY_CODE":0,"DPS_HKD_LY":0.0376,"ORG_TYPE":"一般企业","PREMIUM_INCOME":null,"PREMIUM_INCOME_YOY":null,"NET_INTEREST_INCOME":null,"NET_INTEREST_INCOME_YOY":null,"FEE_COMMISSION_INCOME":null,"FEE_COMMISSION_INCOME_YOY":null,"ACCOUNTS_RECE_TDAYS":2.355884181029,"INVENTORY_TDAYS":0.144245402331,"CURRENT_ASSETS_TDAYS":0.120273197916,"TOTAL_ASSETS_TDAYS":0.07708224764,"PREMIUM_EXPENSE":null,"LOAN_DEPOSIT":null,"LOAN_EQUITY":null,"LOAN_ASSETS":null,"DEPOSIT_EQUITY":null,"DEPOSIT_ASSETS":null,"EQUITY_MULTIPLIER":4.468683346824,"EQUITY_RATIO":4.194878771487},{"SECUCODE":"02329.HK","SECURITY_CODE":"02329","SECURITY_NAME_ABBR":"国瑞健康","ORG_CODE":"10401111","STD_REPORT_DATE":"2020-06-30 00:00:00","REPORT_DATE":"2020-06-30 00:00:00","DATE_TYPE_CODE":"002","REPORT_TYPE":"2020年中报","PER_NETCASH_OPERATE":0.546284577114,"PER_OI":0.747536575197,"BPS":2.804942073241,"BASIC_EPS":0.016,"DILUTED_EPS":0.016,"OPERATE_INCOME":3322365000,"OPERATE_INCOME_YOY":-11.9882794619,"GROSS_PROFIT":871400000,"GROSS_PROFIT_YOY":-18.914341758277,"HOLDER_PROFIT":71306000,"HOLDER_PROFIT_YOY":-83.3621108042,"GROSS_PROFIT_RATIO":26.228304235086,"EPS_TTM":0.113061823074,"OPERATE_INCOME_QOQ":-5.591710843802,"NET_PROFIT_RATIO":8.4585227692,"ROE_AVG":0.570188814972,"GROSS_PROFIT_QOQ":-9.504091464011,"ROA":0.085279836288,"HOLDER_PROFIT_QOQ":-41.554426563569,"ROE_YEARLY":1.140377629945,"ROIC_YEARLY":0.187049324967,"TOTAL_ASSETS":85061927000,"TOTAL_LIABILITIES":66329401000,"TAX_EBT":50.266257266992,"OCF_SALES":73.077973070388,"TOTAL_PARENT_EQUITY":12466335000,"DEBT_ASSET_RATIO":77.9777784719,"OPERATE_PROFIT":794856000,"PRETAX_PROFIT":565055000,"NETCASH_OPERATE":1832493000,"NETCASH_INVEST":-976384000,"NETCASH_FINANCE":463357000,"END_CASH":1856392000,"DIVI_RATIO":null,"DIVIDEND_RATE":null,"CURRENT_RATIO":1.305101940335,"COMMON_ACS":10000000000,"CURRENTDEBT_DEBT":63.415223665294,"ISSUED_COMMON_SHARES":4444417986,"HK_COMMON_SHARES":4444417986,"PER_SHARES":1000,"TOTAL_MARKET_CAP":475552724.502,"HKSK_MARKET_CAP":475552724.502,"PE_TTM":-1.19742208156,"PB_TTM":0.039064753617,"REPORT_DATE_SQ":"2019-06-30 00:00:00","REPORT_TYPE_SQ":"2019年中报","OPERATE_INCOME_SQ":3774912000,"DPS_HKD":null,"OPERATE_INCOME_QOQ_SQ":23.236710555865,"NET_PROFIT_RATIO_SQ":15.0956366665,"HOLDER_PROFIT_SQ":428576000,"HOLDER_PROFIT_QOQ_SQ":1.797213278561,"ROE_AVG_SQ":3.569020549208,"PE_TTM_SQ":-0.329054983701,"PB_TTM_SQ":0.013580002088,"ROA_SQ":0.549999901826,"START_DATE":"2020-01-01 00:00:00","FISCAL_YEAR":"12-31","CURRENCY":"HKD","IS_CNY_CODE":0,"DPS_HKD_LY":0.0376,"ORG_TYPE":"一般企业","PREMIUM_INCOME":null,"PREMIUM_INCOME_YOY":null,"NET_INTEREST_INCOME":null,"NET_INTEREST_INCOME_YOY":null,"FEE_COMMISSION_INCOME":null,"FEE_COMMISSION_INCOME_YOY":null,"ACCOUNTS_RECE_TDAYS":1.260765324186,"INVENTORY_TDAYS":0.064343923735,"CURRENT_ASSETS_TDAYS":0.060949156441,"TOTAL_ASSETS_TDAYS":0.039734488443,"PREMIUM_EXPENSE":null,"LOAN_DEPOSIT":null,"LOAN_EQUITY":null,"LOAN_ASSETS":null,"DEPOSIT_EQUITY":null,"DEPOSIT_ASSETS":null,"EQUITY_MULTIPLIER":4.540867953417,"EQUITY_RATIO":5.320681740062}],"count":25},"success":true,"message":"ok","code":0}