{"version":"3cbf276c1cd6f4e90fbaa2b473960fbb","result":{"pages":6,"data":[{"SECUCODE":"02322.HK","SECURITY_CODE":"02322","SECURITY_NAME_ABBR":"新质数字","ORG_CODE":"10010582","STD_REPORT_DATE":"2024-06-30 00:00:00","REPORT_DATE":"2024-09-30 00:00:00","DATE_TYPE_CODE":"002","REPORT_TYPE":"2024年中报","PER_NETCASH_OPERATE":-0.005093933903,"PER_OI":0.007800660768,"BPS":0.156143649478,"BASIC_EPS":-0.006673246,"DILUTED_EPS":-0.006673246,"OPERATE_INCOME":32143402.76,"OPERATE_INCOME_YOY":-59.4945339667,"GROSS_PROFIT":10991016.52,"GROSS_PROFIT_YOY":4.717716892641,"HOLDER_PROFIT":-27664211.83,"HOLDER_PROFIT_YOY":-797.6802365249,"GROSS_PROFIT_RATIO":34.193693188194,"EPS_TTM":-0.019235421929,"OPERATE_INCOME_QOQ":0,"NET_PROFIT_RATIO":-86.0649758725,"ROE_AVG":-4.268814084568,"GROSS_PROFIT_QOQ":0,"ROA":-3.98602934202,"HOLDER_PROFIT_QOQ":0,"ROE_YEARLY":-8.537628169136,"ROIC_YEARLY":-9.57859281145,"TOTAL_ASSETS":695877976.77,"TOTAL_LIABILITIES":52472454.73,"TAX_EBT":-1.903401541323,"OCF_SALES":-65.301312983952,"TOTAL_PARENT_EQUITY":643405522.04,"DEBT_ASSET_RATIO":7.5404677949,"OPERATE_PROFIT":-26967128.16,"PRETAX_PROFIT":-27147486.16,"NETCASH_OPERATE":-20990064.04,"NETCASH_INVEST":-2491645.77,"NETCASH_FINANCE":-5009443.45,"END_CASH":88518804.61,"DIVI_RATIO":null,"DIVIDEND_RATE":null,"CURRENT_RATIO":10.514713374677,"COMMON_ACS":8000000000,"CURRENTDEBT_DEBT":97.824256277175,"ISSUED_COMMON_SHARES":4120600000,"HK_COMMON_SHARES":4120600000,"PER_SHARES":8000,"TOTAL_MARKET_CAP":2843214000,"HKSK_MARKET_CAP":2843214000,"PE_TTM":-23.208773447831,"PB_TTM":3.985017015289,"REPORT_DATE_SQ":"2023-06-30 00:00:00","REPORT_TYPE_SQ":"2023年中报","OPERATE_INCOME_SQ":80749604.74,"DPS_HKD":null,"OPERATE_INCOME_QOQ_SQ":0,"NET_PROFIT_RATIO_SQ":4.9762494602,"HOLDER_PROFIT_SQ":4034819.11,"HOLDER_PROFIT_QOQ_SQ":0,"ROE_AVG_SQ":0.530868102759,"PE_TTM_SQ":-146.080202578269,"PB_TTM_SQ":3.914170703755,"ROA_SQ":0.486000274114,"START_DATE":"2024-04-01 00:00:00","FISCAL_YEAR":"3-31","CURRENCY":"HKD","IS_CNY_CODE":0,"DPS_HKD_LY":null,"ORG_TYPE":"一般企业","PREMIUM_INCOME":null,"PREMIUM_INCOME_YOY":null,"NET_INTEREST_INCOME":null,"NET_INTEREST_INCOME_YOY":null,"FEE_COMMISSION_INCOME":null,"FEE_COMMISSION_INCOME_YOY":null,"ACCOUNTS_RECE_TDAYS":0.13863488742,"INVENTORY_TDAYS":null,"CURRENT_ASSETS_TDAYS":0.061355416969,"TOTAL_ASSETS_TDAYS":0.046314186481,"PREMIUM_EXPENSE":null,"LOAN_DEPOSIT":null,"LOAN_EQUITY":null,"LOAN_ASSETS":null,"DEPOSIT_EQUITY":null,"DEPOSIT_ASSETS":null,"EQUITY_MULTIPLIER":1.081554249898,"EQUITY_RATIO":0.081554249898},{"SECUCODE":"02322.HK","SECURITY_CODE":"02322","SECURITY_NAME_ABBR":"新质数字","ORG_CODE":"10010582","STD_REPORT_DATE":"2023-12-31 00:00:00","REPORT_DATE":"2024-03-31 00:00:00","DATE_TYPE_CODE":"001","REPORT_TYPE":"2023年年报","PER_NETCASH_OPERATE":0.00011132221,"PER_OI":0.031889633184,"BPS":0.159235861707,"BASIC_EPS":-0.01921886,"DILUTED_EPS":-0.01921886,"OPERATE_INCOME":131404422.5,"OPERATE_INCOME_YOY":-27.1329754077,"GROSS_PROFIT":29614268.85,"GROSS_PROFIT_YOY":2.923899750616,"HOLDER_PROFIT":-79261479.6,"HOLDER_PROFIT_YOY":-109.4229801911,"GROSS_PROFIT_RATIO":22.536736805795,"EPS_TTM":-0.004459172669,"OPERATE_INCOME_QOQ":0,"NET_PROFIT_RATIO":-60.4091065885,"ROE_AVG":-11.139906275562,"GROSS_PROFIT_QOQ":0,"ROA":-10.385914062477,"HOLDER_PROFIT_QOQ":0,"ROE_YEARLY":-11.139906275562,"ROIC_YEARLY":-12.551969679568,"TOTAL_ASSETS":695834237.65,"TOTAL_LIABILITIES":39686945.9,"TAX_EBT":4.581167522094,"OCF_SALES":0.349085891687,"TOTAL_PARENT_EQUITY":656147291.75,"DEBT_ASSET_RATIO":5.7035057709,"OPERATE_PROFIT":-79402901.4,"PRETAX_PROFIT":-83191373.85,"NETCASH_OPERATE":458714.3,"NETCASH_INVEST":5809172.4,"NETCASH_FINANCE":-11273855.8,"END_CASH":116985744.75,"DIVI_RATIO":null,"DIVIDEND_RATE":null,"CURRENT_RATIO":13.248471451416,"COMMON_ACS":8000000000,"CURRENTDEBT_DEBT":97.135547535292,"ISSUED_COMMON_SHARES":4120600000,"HK_COMMON_SHARES":4120600000,"PER_SHARES":8000,"TOTAL_MARKET_CAP":3049244000,"HKSK_MARKET_CAP":3049244000,"PE_TTM":-24.89056862521,"PB_TTM":4.273786364222,"REPORT_DATE_SQ":"2022-12-31 00:00:00","REPORT_TYPE_SQ":"2022年年报","OPERATE_INCOME_SQ":174140058.84,"DPS_HKD":null,"OPERATE_INCOME_QOQ_SQ":0,"NET_PROFIT_RATIO_SQ":-21.0095312783,"HOLDER_PROFIT_SQ":-36547492.09,"HOLDER_PROFIT_QOQ_SQ":0,"ROE_AVG_SQ":-4.680239499477,"PE_TTM_SQ":-90.803420441208,"PB_TTM_SQ":4.676671490201,"ROA_SQ":-4.315679627282,"START_DATE":"2023-04-01 00:00:00","FISCAL_YEAR":"3-31","CURRENCY":"HKD","IS_CNY_CODE":0,"DPS_HKD_LY":null,"ORG_TYPE":"一般企业","PREMIUM_INCOME":null,"PREMIUM_INCOME_YOY":null,"NET_INTEREST_INCOME":null,"NET_INTEREST_INCOME_YOY":null,"FEE_COMMISSION_INCOME":null,"FEE_COMMISSION_INCOME_YOY":null,"ACCOUNTS_RECE_TDAYS":0.524082674539,"INVENTORY_TDAYS":null,"CURRENT_ASSETS_TDAYS":0.239430652244,"TOTAL_ASSETS_TDAYS":0.17218389644,"PREMIUM_EXPENSE":null,"LOAN_DEPOSIT":null,"LOAN_EQUITY":null,"LOAN_ASSETS":null,"DEPOSIT_EQUITY":null,"DEPOSIT_ASSETS":null,"EQUITY_MULTIPLIER":1.060484812479,"EQUITY_RATIO":0.060484812479},{"SECUCODE":"02322.HK","SECURITY_CODE":"02322","SECURITY_NAME_ABBR":"新质数字","ORG_CODE":"10010582","STD_REPORT_DATE":"2023-06-30 00:00:00","REPORT_DATE":"2023-09-30 00:00:00","DATE_TYPE_CODE":"002","REPORT_TYPE":"2023年中报","PER_NETCASH_OPERATE":-0.000482353682,"PER_OI":0.019596564758,"BPS":0.180517190863,"BASIC_EPS":0.001009393,"DILUTED_EPS":0.001009393,"OPERATE_INCOME":80749604.74,"OPERATE_INCOME_YOY":-36.3987886585,"GROSS_PROFIT":10495851.94,"GROSS_PROFIT_YOY":-44.511775230508,"HOLDER_PROFIT":4034819.11,"HOLDER_PROFIT_YOY":128.128198567,"GROSS_PROFIT_RATIO":12.998022682334,"EPS_TTM":-0.008869458839,"OPERATE_INCOME_QOQ":0,"NET_PROFIT_RATIO":4.9762494602,"ROE_AVG":0.530868102759,"GROSS_PROFIT_QOQ":0,"ROA":0.486000274114,"HOLDER_PROFIT_QOQ":0,"ROE_YEARLY":1.061736205519,"ROIC_YEARLY":1.177281702868,"TOTAL_ASSETS":819775772.06,"TOTAL_LIABILITIES":87000500.3,"TAX_EBT":-47.044996642042,"OCF_SALES":-2.461419577718,"TOTAL_PARENT_EQUITY":743839136.67,"DEBT_ASSET_RATIO":10.6127191441,"OPERATE_PROFIT":3156647.2,"PRETAX_PROFIT":2732702.14,"NETCASH_OPERATE":-1987586.58,"NETCASH_INVEST":486343.9,"NETCASH_FINANCE":-4981813.27,"END_CASH":116708771.55,"DIVI_RATIO":null,"DIVIDEND_RATE":null,"CURRENT_RATIO":7.69333968313,"COMMON_ACS":8000000000,"CURRENTDEBT_DEBT":90.804767429596,"ISSUED_COMMON_SHARES":4120600000,"HK_COMMON_SHARES":4120600000,"PER_SHARES":8000,"TOTAL_MARKET_CAP":3049244000,"HKSK_MARKET_CAP":3049244000,"PE_TTM":-24.89056862521,"PB_TTM":4.273786364222,"REPORT_DATE_SQ":"2022-06-30 00:00:00","REPORT_TYPE_SQ":"2022年中报","OPERATE_INCOME_SQ":125137413.96,"DPS_HKD":null,"OPERATE_INCOME_QOQ_SQ":0,"NET_PROFIT_RATIO_SQ":-11.3125998309,"HOLDER_PROFIT_SQ":-14138206.08,"HOLDER_PROFIT_QOQ_SQ":0,"ROE_AVG_SQ":-1.748801139316,"PE_TTM_SQ":-90.803420441208,"PB_TTM_SQ":4.676671490201,"ROA_SQ":-1.602397035073,"START_DATE":"2023-04-01 00:00:00","FISCAL_YEAR":"3-31","CURRENCY":"HKD","IS_CNY_CODE":0,"DPS_HKD_LY":null,"ORG_TYPE":"一般企业","PREMIUM_INCOME":null,"PREMIUM_INCOME_YOY":null,"NET_INTEREST_INCOME":null,"NET_INTEREST_INCOME_YOY":null,"FEE_COMMISSION_INCOME":null,"FEE_COMMISSION_INCOME_YOY":null,"ACCOUNTS_RECE_TDAYS":0.311944004779,"INVENTORY_TDAYS":null,"CURRENT_ASSETS_TDAYS":0.134374145827,"TOTAL_ASSETS_TDAYS":0.097264162205,"PREMIUM_EXPENSE":null,"LOAN_DEPOSIT":null,"LOAN_EQUITY":null,"LOAN_ASSETS":null,"DEPOSIT_EQUITY":null,"DEPOSIT_ASSETS":null,"EQUITY_MULTIPLIER":1.118727396588,"EQUITY_RATIO":0.116961445037},{"SECUCODE":"02322.HK","SECURITY_CODE":"02322","SECURITY_NAME_ABBR":"新质数字","ORG_CODE":"10010582","STD_REPORT_DATE":"2022-12-31 00:00:00","REPORT_DATE":"2023-03-31 00:00:00","DATE_TYPE_CODE":"001","REPORT_TYPE":"2022年年报","PER_NETCASH_OPERATE":-0.012473838312,"PER_OI":0.04226085008,"BPS":0.17971398666,"BASIC_EPS":-0.008841641,"DILUTED_EPS":-0.008841641,"OPERATE_INCOME":174140058.84,"OPERATE_INCOME_YOY":17.4382770713,"GROSS_PROFIT":28772975.88,"GROSS_PROFIT_YOY":-17.734187030614,"HOLDER_PROFIT":-36547492.09,"HOLDER_PROFIT_YOY":-55.5361001416,"GROSS_PROFIT_RATIO":16.522893165229,"EPS_TTM":-0.005226880687,"OPERATE_INCOME_QOQ":0,"NET_PROFIT_RATIO":-21.0095312783,"ROE_AVG":-4.680239499477,"GROSS_PROFIT_QOQ":0,"ROA":-4.315679627282,"HOLDER_PROFIT_QOQ":0,"ROE_YEARLY":-4.680239499477,"ROIC_YEARLY":-5.391263361453,"TOTAL_ASSETS":801964851.82,"TOTAL_LIABILITIES":72665157.87,"TAX_EBT":6.826440753539,"OCF_SALES":-29.516297681527,"TOTAL_PARENT_EQUITY":740529453.43,"DEBT_ASSET_RATIO":9.0608905995,"OPERATE_PROFIT":-31327422.26,"PRETAX_PROFIT":-39266515.55,"NETCASH_OPERATE":-51399698.15,"NETCASH_INVEST":2048459.4,"NETCASH_FINANCE":-8967700.04,"END_CASH":121241658.77,"DIVI_RATIO":null,"DIVIDEND_RATE":null,"CURRENT_RATIO":9.335145345484,"COMMON_ACS":8000000000,"CURRENTDEBT_DEBT":83.549580155891,"ISSUED_COMMON_SHARES":4120600000,"HK_COMMON_SHARES":4120600000,"PER_SHARES":8000,"TOTAL_MARKET_CAP":3131656000,"HKSK_MARKET_CAP":3131656000,"PE_TTM":-25.563286696162,"PB_TTM":4.389294103796,"REPORT_DATE_SQ":"2021-12-31 00:00:00","REPORT_TYPE_SQ":"2021年年报","OPERATE_INCOME_SQ":137373739.86,"DPS_HKD":null,"OPERATE_INCOME_QOQ_SQ":0,"NET_PROFIT_RATIO_SQ":-16.031431169,"HOLDER_PROFIT_SQ":-21769130.42,"HOLDER_PROFIT_QOQ_SQ":0,"ROE_AVG_SQ":-2.86309322226,"PE_TTM_SQ":-98.699370044792,"PB_TTM_SQ":5.083338576305,"ROA_SQ":-2.573037079073,"START_DATE":"2022-04-01 00:00:00","FISCAL_YEAR":"3-31","CURRENCY":"HKD","IS_CNY_CODE":0,"DPS_HKD_LY":null,"ORG_TYPE":"一般企业","PREMIUM_INCOME":null,"PREMIUM_INCOME_YOY":null,"NET_INTEREST_INCOME":null,"NET_INTEREST_INCOME_YOY":null,"FEE_COMMISSION_INCOME":null,"FEE_COMMISSION_INCOME_YOY":null,"ACCOUNTS_RECE_TDAYS":0.617482038842,"INVENTORY_TDAYS":null,"CURRENT_ASSETS_TDAYS":0.277509965926,"TOTAL_ASSETS_TDAYS":0.205631812541,"PREMIUM_EXPENSE":null,"LOAN_DEPOSIT":null,"LOAN_EQUITY":null,"LOAN_ASSETS":null,"DEPOSIT_EQUITY":null,"DEPOSIT_ASSETS":null,"EQUITY_MULTIPLIER":1.099636896152,"EQUITY_RATIO":0.098125952362},{"SECUCODE":"02322.HK","SECURITY_CODE":"02322","SECURITY_NAME_ABBR":"新质数字","ORG_CODE":"10010582","STD_REPORT_DATE":"2022-06-30 00:00:00","REPORT_DATE":"2022-09-30 00:00:00","DATE_TYPE_CODE":"002","REPORT_TYPE":"2022年中报","PER_NETCASH_OPERATE":-0.012196309528,"PER_OI":0.030368736097,"BPS":0.186482419919,"BASIC_EPS":-0.003436872,"DILUTED_EPS":-0.003436872,"OPERATE_INCOME":125137413.96,"OPERATE_INCOME_YOY":52.8845622604,"GROSS_PROFIT":18915458.16,"GROSS_PROFIT_YOY":-0.224118472849,"HOLDER_PROFIT":-14138206.08,"HOLDER_PROFIT_YOY":9.3744564902,"GROSS_PROFIT_RATIO":15.115749607904,"EPS_TTM":-0.00528300015,"OPERATE_INCOME_QOQ":0,"NET_PROFIT_RATIO":-11.3125998309,"ROE_AVG":-1.748801139316,"GROSS_PROFIT_QOQ":0,"ROA":-1.602397035073,"HOLDER_PROFIT_QOQ":0,"ROE_YEARLY":-3.497602278632,"ROIC_YEARLY":-4.00869593649,"TOTAL_ASSETS":843317944.8,"TOTAL_LIABILITIES":86073745.92,"TAX_EBT":6.3483515826,"OCF_SALES":-40.160741260055,"TOTAL_PARENT_EQUITY":768419459.52,"DEBT_ASSET_RATIO":10.2065592759,"OPERATE_PROFIT":-14225936.76,"PRETAX_PROFIT":-15115905.72,"NETCASH_OPERATE":-50256113.04,"NETCASH_INVEST":6828522,"NETCASH_FINANCE":-4608121.8,"END_CASH":131857403.16,"DIVI_RATIO":null,"DIVIDEND_RATE":null,"CURRENT_RATIO":9.619343838664,"COMMON_ACS":8000000000,"CURRENTDEBT_DEBT":78.884709145931,"ISSUED_COMMON_SHARES":4120600000,"HK_COMMON_SHARES":4120600000,"PER_SHARES":8000,"TOTAL_MARKET_CAP":3131656000,"HKSK_MARKET_CAP":3131656000,"PE_TTM":-25.563286696162,"PB_TTM":4.389294103796,"REPORT_DATE_SQ":"2021-06-30 00:00:00","REPORT_TYPE_SQ":"2021年中报","OPERATE_INCOME_SQ":75391096.94,"DPS_HKD":null,"OPERATE_INCOME_QOQ_SQ":0,"NET_PROFIT_RATIO_SQ":-19.8101636482,"HOLDER_PROFIT_SQ":-14369451.94,"HOLDER_PROFIT_QOQ_SQ":0,"ROE_AVG_SQ":-1.846993669531,"PE_TTM_SQ":-98.699370044792,"PB_TTM_SQ":5.083338576305,"ROA_SQ":-1.647592489026,"START_DATE":"2022-04-01 00:00:00","FISCAL_YEAR":"3-31","CURRENCY":"HKD","IS_CNY_CODE":0,"DPS_HKD_LY":null,"ORG_TYPE":"一般企业","PREMIUM_INCOME":null,"PREMIUM_INCOME_YOY":null,"NET_INTEREST_INCOME":null,"NET_INTEREST_INCOME_YOY":null,"FEE_COMMISSION_INCOME":null,"FEE_COMMISSION_INCOME_YOY":null,"ACCOUNTS_RECE_TDAYS":0.407812633558,"INVENTORY_TDAYS":null,"CURRENT_ASSETS_TDAYS":0.183454136466,"TOTAL_ASSETS_TDAYS":0.141828333787,"PREMIUM_EXPENSE":null,"LOAN_DEPOSIT":null,"LOAN_EQUITY":null,"LOAN_ASSETS":null,"DEPOSIT_EQUITY":null,"DEPOSIT_ASSETS":null,"EQUITY_MULTIPLIER":1.113667091868,"EQUITY_RATIO":0.112014011168},{"SECUCODE":"02322.HK","SECURITY_CODE":"02322","SECURITY_NAME_ABBR":"新质数字","ORG_CODE":"10010582","STD_REPORT_DATE":"2021-12-31 00:00:00","REPORT_DATE":"2022-03-31 00:00:00","DATE_TYPE_CODE":"001","REPORT_TYPE":"2021年年报","PER_NETCASH_OPERATE":-0.007429501888,"PER_OI":0.033338285653,"BPS":0.184641465396,"BASIC_EPS":-0.005271565,"DILUTED_EPS":-0.005271565,"OPERATE_INCOME":137373739.86,"OPERATE_INCOME_YOY":-49.8639941039,"GROSS_PROFIT":34975617.26,"GROSS_PROFIT_YOY":-54.737169727107,"HOLDER_PROFIT":-21769130.42,"HOLDER_PROFIT_YOY":-15.8580801105,"GROSS_PROFIT_RATIO":25.460191515237,"EPS_TTM":-0.005248181202,"OPERATE_INCOME_QOQ":0,"NET_PROFIT_RATIO":-16.031431169,"ROE_AVG":-2.86309322226,"GROSS_PROFIT_QOQ":0,"ROA":-2.573037079073,"HOLDER_PROFIT_QOQ":0,"ROE_YEARLY":-2.86309322226,"ROIC_YEARLY":-3.413462333266,"TOTAL_ASSETS":826141013.57,"TOTAL_LIABILITIES":76495274.21,"TAX_EBT":-2.910524121727,"OCF_SALES":-22.285194762259,"TOTAL_PARENT_EQUITY":760833622.31,"DEBT_ASSET_RATIO":9.2593483381,"OPERATE_PROFIT":-15182107.2,"PRETAX_PROFIT":-21400120.87,"NETCASH_OPERATE":-30614005.48,"NETCASH_INVEST":1724207.26,"NETCASH_FINANCE":-16582721.47,"END_CASH":176007823.23,"DIVI_RATIO":null,"DIVIDEND_RATE":null,"CURRENT_RATIO":11.829855102993,"COMMON_ACS":8000000000,"CURRENTDEBT_DEBT":70.462569311182,"ISSUED_COMMON_SHARES":4120600000,"HK_COMMON_SHARES":4120600000,"PER_SHARES":8000,"TOTAL_MARKET_CAP":3131656000,"HKSK_MARKET_CAP":3131656000,"PE_TTM":-25.563286696162,"PB_TTM":4.389294103796,"REPORT_DATE_SQ":"2020-12-31 00:00:00","REPORT_TYPE_SQ":"2020年年报","OPERATE_INCOME_SQ":285546598.54,"DPS_HKD":null,"OPERATE_INCOME_QOQ_SQ":0,"NET_PROFIT_RATIO_SQ":-6.9405925062,"HOLDER_PROFIT_SQ":-19581130.24,"HOLDER_PROFIT_QOQ_SQ":0,"ROE_AVG_SQ":-2.513062654097,"PE_TTM_SQ":-98.699370044792,"PB_TTM_SQ":5.083338576305,"ROA_SQ":-2.194091068795,"START_DATE":"2021-04-01 00:00:00","FISCAL_YEAR":"3-31","CURRENCY":"HKD","IS_CNY_CODE":0,"DPS_HKD_LY":null,"ORG_TYPE":"一般企业","PREMIUM_INCOME":null,"PREMIUM_INCOME_YOY":null,"NET_INTEREST_INCOME":null,"NET_INTEREST_INCOME_YOY":null,"FEE_COMMISSION_INCOME":null,"FEE_COMMISSION_INCOME_YOY":null,"ACCOUNTS_RECE_TDAYS":0.499905559032,"INVENTORY_TDAYS":null,"CURRENT_ASSETS_TDAYS":0.211325829856,"TOTAL_ASSETS_TDAYS":0.162371082138,"PREMIUM_EXPENSE":null,"LOAN_DEPOSIT":null,"LOAN_EQUITY":null,"LOAN_ASSETS":null,"DEPOSIT_EQUITY":null,"DEPOSIT_ASSETS":null,"EQUITY_MULTIPLIER":1.102041898185,"EQUITY_RATIO":0.100541395605},{"SECUCODE":"02322.HK","SECURITY_CODE":"02322","SECURITY_NAME_ABBR":"新质数字","ORG_CODE":"10010582","STD_REPORT_DATE":"2021-06-30 00:00:00","REPORT_DATE":"2021-09-30 00:00:00","DATE_TYPE_CODE":"002","REPORT_TYPE":"2021年中报","PER_NETCASH_OPERATE":-0.001739467126,"PER_OI":0.01829614545,"BPS":0.18819724246,"BASIC_EPS":-0.003498852,"DILUTED_EPS":-0.003498852,"OPERATE_INCOME":75391096.94,"OPERATE_INCOME_YOY":-51.469342228,"GROSS_PROFIT":18957946.42,"GROSS_PROFIT_YOY":-63.055461709208,"HOLDER_PROFIT":-14369451.94,"HOLDER_PROFIT_YOY":-22.978753743,"GROSS_PROFIT_RATIO":25.146134211428,"EPS_TTM":-0.004752009474,"OPERATE_INCOME_QOQ":0,"NET_PROFIT_RATIO":-19.8101636482,"ROE_AVG":-1.846993669531,"GROSS_PROFIT_QOQ":0,"ROA":-1.647592489026,"HOLDER_PROFIT_QOQ":0,"ROE_YEARLY":-3.693987339061,"ROIC_YEARLY":-4.407059624586,"TOTAL_ASSETS":854797867.64,"TOTAL_LIABILITIES":90831864.04,"TAX_EBT":7.587628865979,"OCF_SALES":-9.507287373341,"TOTAL_PARENT_EQUITY":775485557.28,"DEBT_ASSET_RATIO":10.6261219732,"OPERATE_PROFIT":-15315808.1,"PRETAX_PROFIT":-16161364,"NETCASH_OPERATE":-7167648.24,"NETCASH_INVEST":2283417.46,"NETCASH_FINANCE":-11569537.28,"END_CASH":197863412.84,"DIVI_RATIO":null,"DIVIDEND_RATE":null,"CURRENT_RATIO":9.076689871996,"COMMON_ACS":8000000000,"CURRENTDEBT_DEBT":81.68094355889,"ISSUED_COMMON_SHARES":4120600000,"HK_COMMON_SHARES":4120600000,"PER_SHARES":8000,"TOTAL_MARKET_CAP":3131656000,"HKSK_MARKET_CAP":3131656000,"PE_TTM":-25.563286696162,"PB_TTM":4.389294103796,"REPORT_DATE_SQ":"2020-06-30 00:00:00","REPORT_TYPE_SQ":"2020年中报","OPERATE_INCOME_SQ":163861948.16,"DPS_HKD":null,"OPERATE_INCOME_QOQ_SQ":0,"NET_PROFIT_RATIO_SQ":-7.3322322204,"HOLDER_PROFIT_SQ":-12324926.72,"HOLDER_PROFIT_QOQ_SQ":0,"ROE_AVG_SQ":-1.533374621262,"PE_TTM_SQ":-98.699370044792,"PB_TTM_SQ":5.083338576305,"ROA_SQ":-1.281472642852,"START_DATE":"2021-04-01 00:00:00","FISCAL_YEAR":"3-31","CURRENCY":"HKD","IS_CNY_CODE":0,"DPS_HKD_LY":null,"ORG_TYPE":"一般企业","PREMIUM_INCOME":null,"PREMIUM_INCOME_YOY":null,"NET_INTEREST_INCOME":null,"NET_INTEREST_INCOME_YOY":null,"FEE_COMMISSION_INCOME":null,"FEE_COMMISSION_INCOME_YOY":null,"ACCOUNTS_RECE_TDAYS":0.267938773093,"INVENTORY_TDAYS":null,"CURRENT_ASSETS_TDAYS":0.111367964436,"TOTAL_ASSETS_TDAYS":0.086442966354,"PREMIUM_EXPENSE":null,"LOAN_DEPOSIT":null,"LOAN_EQUITY":null,"LOAN_ASSETS":null,"DEPOSIT_EQUITY":null,"DEPOSIT_ASSETS":null,"EQUITY_MULTIPLIER":1.118895164983,"EQUITY_RATIO":0.117129020892},{"SECUCODE":"02322.HK","SECURITY_CODE":"02322","SECURITY_NAME_ABBR":"新质数字","ORG_CODE":"10010582","STD_REPORT_DATE":"2020-12-31 00:00:00","REPORT_DATE":"2021-03-31 00:00:00","DATE_TYPE_CODE":"001","REPORT_TYPE":"2020年年报","PER_NETCASH_OPERATE":0.006862395588,"PER_OI":0.069297334985,"BPS":0.192169228442,"BASIC_EPS":-0.004733008,"DILUTED_EPS":-0.004733008,"OPERATE_INCOME":285546598.54,"OPERATE_INCOME_YOY":41.6467520271,"GROSS_PROFIT":77272271.86,"GROSS_PROFIT_YOY":5.858962908847,"HOLDER_PROFIT":-19581130.24,"HOLDER_PROFIT_YOY":-18.9994349992,"GROSS_PROFIT_RATIO":27.061177494354,"EPS_TTM":-0.004768172108,"OPERATE_INCOME_QOQ":0,"NET_PROFIT_RATIO":-6.9405925062,"ROE_AVG":-2.513062654097,"GROSS_PROFIT_QOQ":0,"ROA":-2.194091068795,"HOLDER_PROFIT_QOQ":0,"ROE_YEARLY":-2.513062654097,"ROIC_YEARLY":-2.844564932462,"TOTAL_ASSETS":902440099.82,"TOTAL_LIABILITIES":121514909.32,"TAX_EBT":3.932975541808,"OCF_SALES":9.902827561099,"TOTAL_PARENT_EQUITY":791852522.72,"DEBT_ASSET_RATIO":13.465149581,"OPERATE_PROFIT":-17889925.06,"PRETAX_PROFIT":-20629998.62,"NETCASH_OPERATE":28277187.26,"NETCASH_INVEST":-5940770.22,"NETCASH_FINANCE":-12950693.14,"END_CASH":208582817.38,"DIVI_RATIO":null,"DIVIDEND_RATE":null,"CURRENT_RATIO":7.307964142571,"COMMON_ACS":8000000000,"CURRENTDEBT_DEBT":77.744237483829,"ISSUED_COMMON_SHARES":4120600000,"HK_COMMON_SHARES":4120600000,"PER_SHARES":8000,"TOTAL_MARKET_CAP":3131656000,"HKSK_MARKET_CAP":3131656000,"PE_TTM":-25.563286696162,"PB_TTM":4.389294103796,"REPORT_DATE_SQ":"2019-12-31 00:00:00","REPORT_TYPE_SQ":"2019年年报","OPERATE_INCOME_SQ":217933896.6,"DPS_HKD":null,"OPERATE_INCOME_QOQ_SQ":0,"NET_PROFIT_RATIO_SQ":-8.705003396,"HOLDER_PROFIT_SQ":-17788825.3,"HOLDER_PROFIT_QOQ_SQ":0,"ROE_AVG_SQ":-2.336672093577,"PE_TTM_SQ":-98.699370044792,"PB_TTM_SQ":5.083338576305,"ROA_SQ":-2.104098230878,"START_DATE":"2020-04-01 00:00:00","FISCAL_YEAR":"3-31","CURRENCY":"HKD","IS_CNY_CODE":0,"DPS_HKD_LY":null,"ORG_TYPE":"一般企业","PREMIUM_INCOME":null,"PREMIUM_INCOME_YOY":null,"NET_INTEREST_INCOME":null,"NET_INTEREST_INCOME_YOY":null,"FEE_COMMISSION_INCOME":null,"FEE_COMMISSION_INCOME_YOY":null,"ACCOUNTS_RECE_TDAYS":1.026387821379,"INVENTORY_TDAYS":null,"CURRENT_ASSETS_TDAYS":0.426883638126,"TOTAL_ASSETS_TDAYS":0.319958671385,"PREMIUM_EXPENSE":null,"LOAN_DEPOSIT":null,"LOAN_EQUITY":null,"LOAN_ASSETS":null,"DEPOSIT_EQUITY":null,"DEPOSIT_ASSETS":null,"EQUITY_MULTIPLIER":1.155603777158,"EQUITY_RATIO":0.15345649074},{"SECUCODE":"02322.HK","SECURITY_CODE":"02322","SECURITY_NAME_ABBR":"新质数字","ORG_CODE":"10010582","STD_REPORT_DATE":"2020-06-30 00:00:00","REPORT_DATE":"2020-09-30 00:00:00","DATE_TYPE_CODE":"002","REPORT_TYPE":"2020年中报","PER_NETCASH_OPERATE":0.007365672184,"PER_OI":0.039766526273,"BPS":0.196729341708,"BASIC_EPS":-0.002987648,"DILUTED_EPS":-0.002987648,"OPERATE_INCOME":163861948.16,"OPERATE_INCOME_YOY":81.7400372294,"GROSS_PROFIT":51314611.84,"GROSS_PROFIT_YOY":148.229264636397,"HOLDER_PROFIT":-12324926.72,"HOLDER_PROFIT_YOY":-20.8825303801,"GROSS_PROFIT_RATIO":31.315758427268,"EPS_TTM":-0.004317047347,"OPERATE_INCOME_QOQ":0,"NET_PROFIT_RATIO":-7.3322322204,"ROE_AVG":-1.533374621262,"GROSS_PROFIT_QOQ":0,"ROA":-1.281472642852,"HOLDER_PROFIT_QOQ":0,"ROE_YEARLY":-3.066749242523,"ROIC_YEARLY":-3.275824619833,"TOTAL_ASSETS":1006080798.08,"TOTAL_LIABILITIES":205850704.64,"TAX_EBT":2.349664333667,"OCF_SALES":18.522292173876,"TOTAL_PARENT_EQUITY":810642925.44,"DEBT_ASSET_RATIO":20.4606533623,"OPERATE_PROFIT":-10827587.84,"PRETAX_PROFIT":-12303837.44,"NETCASH_OPERATE":30350988.8,"NETCASH_INVEST":675735.68,"NETCASH_FINANCE":-8070164.48,"END_CASH":209696862.08,"DIVI_RATIO":null,"DIVIDEND_RATE":null,"CURRENT_RATIO":4.435205058735,"COMMON_ACS":8000000000,"CURRENTDEBT_DEBT":84.923291016042,"ISSUED_COMMON_SHARES":4120600000,"HK_COMMON_SHARES":4120600000,"PER_SHARES":8000,"TOTAL_MARKET_CAP":3131656000,"HKSK_MARKET_CAP":3131656000,"PE_TTM":-25.563286696162,"PB_TTM":4.389294103796,"REPORT_DATE_SQ":"2019-06-30 00:00:00","REPORT_TYPE_SQ":"2019年中报","OPERATE_INCOME_SQ":92552540.07,"DPS_HKD":null,"OPERATE_INCOME_QOQ_SQ":0,"NET_PROFIT_RATIO_SQ":-11.6987640126,"HOLDER_PROFIT_SQ":-10466022.03,"HOLDER_PROFIT_QOQ_SQ":0,"ROE_AVG_SQ":-1.58081172768,"PE_TTM_SQ":-98.699370044792,"PB_TTM_SQ":5.083338576305,"ROA_SQ":-1.476791100816,"START_DATE":"2020-04-01 00:00:00","FISCAL_YEAR":"3-31","CURRENCY":"HKD","IS_CNY_CODE":0,"DPS_HKD_LY":null,"ORG_TYPE":"一般企业","PREMIUM_INCOME":null,"PREMIUM_INCOME_YOY":null,"NET_INTEREST_INCOME":null,"NET_INTEREST_INCOME_YOY":null,"FEE_COMMISSION_INCOME":null,"FEE_COMMISSION_INCOME_YOY":null,"ACCOUNTS_RECE_TDAYS":0.519684139682,"INVENTORY_TDAYS":null,"CURRENT_ASSETS_TDAYS":0.226256218988,"TOTAL_ASSETS_TDAYS":0.17037391665,"PREMIUM_EXPENSE":null,"LOAN_DEPOSIT":null,"LOAN_EQUITY":null,"LOAN_ASSETS":null,"DEPOSIT_EQUITY":null,"DEPOSIT_ASSETS":null,"EQUITY_MULTIPLIER":1.257239394428,"EQUITY_RATIO":0.253935115178}],"count":48},"success":true,"message":"ok","code":0}