{"version":"d8b64d51c471970ab60b5e2bf6acf066","result":{"pages":5,"data":[{"SECUCODE":"02320.HK","SECURITY_CODE":"02320","SECURITY_NAME_ABBR":"合丰集团","ORG_CODE":"10010581","STD_REPORT_DATE":"2024-06-30 00:00:00","REPORT_DATE":"2024-06-30 00:00:00","DATE_TYPE_CODE":"002","REPORT_TYPE":"2024年中报","PER_NETCASH_OPERATE":-0.010184496333,"PER_OI":0.120353198067,"BPS":0.866743724506,"BASIC_EPS":-0.048737112,"DILUTED_EPS":-0.048737112,"OPERATE_INCOME":98406070.28,"OPERATE_INCOME_YOY":1.495782815,"GROSS_PROFIT":8428599.8,"GROSS_PROFIT_YOY":110.690174643976,"HOLDER_PROFIT":-39863124.36,"HOLDER_PROFIT_YOY":26.0526538559,"GROSS_PROFIT_RATIO":8.56512182228,"EPS_TTM":-0.093875790124,"OPERATE_INCOME_QOQ":0.227374677731,"NET_PROFIT_RATIO":-40.5088062622,"ROE_AVG":-5.394276709092,"GROSS_PROFIT_QOQ":35.083088761339,"ROA":-4.397382330732,"HOLDER_PROFIT_QOQ":15.975400489342,"ROE_YEARLY":-10.788553418185,"ROIC_YEARLY":-9.251964959589,"TOTAL_ASSETS":881721894.4,"TOTAL_LIABILITIES":173034088.52,"TAX_EBT":2.282032351165,"OCF_SALES":-8.462173417052,"TOTAL_PARENT_EQUITY":708687805.88,"DEBT_ASSET_RATIO":19.6245652534,"OPERATE_PROFIT":-39122940.88,"PRETAX_PROFIT":-40794057.96,"NETCASH_OPERATE":-8327292.32,"NETCASH_INVEST":-1007598.72,"NETCASH_FINANCE":13941187,"END_CASH":46449935.92,"DIVI_RATIO":null,"DIVIDEND_RATE":null,"CURRENT_RATIO":1.223548114045,"COMMON_ACS":1000000000,"CURRENTDEBT_DEBT":51.096846336022,"ISSUED_COMMON_SHARES":817644000,"HK_COMMON_SHARES":817644000,"PER_SHARES":2000,"TOTAL_MARKET_CAP":66229164,"HKSK_MARKET_CAP":66229164,"PE_TTM":-0.775371874122,"PB_TTM":0.085292893285,"REPORT_DATE_SQ":"2023-06-30 00:00:00","REPORT_TYPE_SQ":"2023年中报","OPERATE_INCOME_SQ":97943779.36,"DPS_HKD":null,"OPERATE_INCOME_QOQ_SQ":-28.723815444047,"NET_PROFIT_RATIO_SQ":-55.6000075307,"HOLDER_PROFIT_SQ":-54456748.7,"HOLDER_PROFIT_QOQ_SQ":9.672330193569,"ROE_AVG_SQ":-6.409658166034,"PE_TTM_SQ":-0.373329071815,"PB_TTM_SQ":0.071455667211,"ROA_SQ":-5.26384505322,"START_DATE":"2024-01-01 00:00:00","FISCAL_YEAR":"12-31","CURRENCY":"HKD","IS_CNY_CODE":0,"DPS_HKD_LY":null,"ORG_TYPE":"一般企业","PREMIUM_INCOME":null,"PREMIUM_INCOME_YOY":null,"NET_INTEREST_INCOME":null,"NET_INTEREST_INCOME_YOY":null,"FEE_COMMISSION_INCOME":null,"FEE_COMMISSION_INCOME_YOY":null,"ACCOUNTS_RECE_TDAYS":2.309443742369,"INVENTORY_TDAYS":5.201878429717,"CURRENT_ASSETS_TDAYS":0.886930198698,"TOTAL_ASSETS_TDAYS":0.10855373773,"PREMIUM_EXPENSE":null,"LOAN_DEPOSIT":null,"LOAN_EQUITY":null,"LOAN_ASSETS":null,"DEPOSIT_EQUITY":null,"DEPOSIT_ASSETS":null,"EQUITY_MULTIPLIER":1.244161233034,"EQUITY_RATIO":0.244161233034},{"SECUCODE":"02320.HK","SECURITY_CODE":"02320","SECURITY_NAME_ABBR":"合丰集团","ORG_CODE":"10010581","STD_REPORT_DATE":"2023-12-31 00:00:00","REPORT_DATE":"2023-12-31 00:00:00","DATE_TYPE_CODE":"001","REPORT_TYPE":"2023年年报","PER_NETCASH_OPERATE":-0.035622859117,"PER_OI":0.248661765438,"BPS":0.934203135154,"BASIC_EPS":-0.111736926,"DILUTED_EPS":-0.111736926,"OPERATE_INCOME":203316800.54,"OPERATE_INCOME_YOY":-47.136855548,"GROSS_PROFIT":12621832.16,"GROSS_PROFIT_YOY":91.022283965896,"HOLDER_PROFIT":-91350600.88,"HOLDER_PROFIT_YOY":47.6954209366,"GROSS_PROFIT_RATIO":6.207963201505,"EPS_TTM":-0.111724174433,"OPERATE_INCOME_QOQ":-24.758153845533,"NET_PROFIT_RATIO":-44.9301782427,"ROE_AVG":-11.170618892003,"GROSS_PROFIT_QOQ":-59.545551619415,"ROA":-9.116226827683,"HOLDER_PROFIT_QOQ":41.255150093514,"ROE_YEARLY":-11.170618892003,"ROIC_YEARLY":-9.817960993659,"TOTAL_ASSETS":924725012.4,"TOTAL_LIABILITIES":160879424.16,"TAX_EBT":-0.34142602602,"OCF_SALES":-14.325828924437,"TOTAL_PARENT_EQUITY":763845588.24,"DEBT_ASSET_RATIO":17.3975421885,"OPERATE_PROFIT":-87818155.32,"PRETAX_PROFIT":-91039767.42,"NETCASH_OPERATE":-29126817.02,"NETCASH_INVEST":-4708719.12,"NETCASH_FINANCE":-23858053.94,"END_CASH":42838831.84,"DIVI_RATIO":null,"DIVIDEND_RATE":null,"CURRENT_RATIO":0.83772354444,"COMMON_ACS":1000000000,"CURRENTDEBT_DEBT":83.783966472894,"ISSUED_COMMON_SHARES":817644000,"HK_COMMON_SHARES":817644000,"PER_SHARES":2000,"TOTAL_MARKET_CAP":68682096,"HKSK_MARKET_CAP":68682096,"PE_TTM":-0.804089350941,"PB_TTM":0.088451889333,"REPORT_DATE_SQ":"2022-12-31 00:00:00","REPORT_TYPE_SQ":"2022年年报","OPERATE_INCOME_SQ":379113613.97,"DPS_HKD":null,"OPERATE_INCOME_QOQ_SQ":-21.581831134245,"NET_PROFIT_RATIO_SQ":-45.4099917297,"HOLDER_PROFIT_SQ":-172155460.75,"HOLDER_PROFIT_QOQ_SQ":58.782928067805,"ROE_AVG_SQ":-17.429433291325,"PE_TTM_SQ":-0.436358655369,"PB_TTM_SQ":0.083519611025,"ROA_SQ":-13.598259197038,"START_DATE":"2023-01-01 00:00:00","FISCAL_YEAR":"12-31","CURRENCY":"HKD","IS_CNY_CODE":0,"DPS_HKD_LY":null,"ORG_TYPE":"一般企业","PREMIUM_INCOME":null,"PREMIUM_INCOME_YOY":null,"NET_INTEREST_INCOME":null,"NET_INTEREST_INCOME_YOY":null,"FEE_COMMISSION_INCOME":null,"FEE_COMMISSION_INCOME_YOY":null,"ACCOUNTS_RECE_TDAYS":4.157376866916,"INVENTORY_TDAYS":7.887143928036,"CURRENT_ASSETS_TDAYS":1.339916746794,"TOTAL_ASSETS_TDAYS":0.202897633266,"PREMIUM_EXPENSE":null,"LOAN_DEPOSIT":null,"LOAN_EQUITY":null,"LOAN_ASSETS":null,"DEPOSIT_EQUITY":null,"DEPOSIT_ASSETS":null,"EQUITY_MULTIPLIER":1.210617730385,"EQUITY_RATIO":0.210617730385},{"SECUCODE":"02320.HK","SECURITY_CODE":"02320","SECURITY_NAME_ABBR":"合丰集团","ORG_CODE":"10010581","STD_REPORT_DATE":"2023-06-30 00:00:00","REPORT_DATE":"2023-06-30 00:00:00","DATE_TYPE_CODE":"002","REPORT_TYPE":"2023年中报","PER_NETCASH_OPERATE":-0.020807707193,"PER_OI":0.119787804179,"BPS":0.993517558106,"BASIC_EPS":-0.066566956,"DILUTED_EPS":-0.066566956,"OPERATE_INCOME":97943779.36,"OPERATE_INCOME_YOY":-56.0777957861,"GROSS_PROFIT":4000471.22,"GROSS_PROFIT_YOY":119.427194567909,"HOLDER_PROFIT":-54456748.7,"HOLDER_PROFIT_YOY":28.9648702931,"GROSS_PROFIT_RATIO":4.084456660893,"EPS_TTM":-0.190185479426,"OPERATE_INCOME_QOQ":-28.723815444047,"NET_PROFIT_RATIO":-55.6000075307,"ROE_AVG":-6.409658166034,"GROSS_PROFIT_QOQ":372.191048482002,"ROA":-5.26384505322,"HOLDER_PROFIT_QOQ":9.672330193569,"ROE_YEARLY":-12.819316332067,"ROIC_YEARLY":-11.331626826593,"TOTAL_ASSETS":970907634.64,"TOTAL_LIABILITIES":158563964.36,"TAX_EBT":-1.13350341592,"OCF_SALES":-17.37047217411,"TOTAL_PARENT_EQUITY":812343670.28,"DEBT_ASSET_RATIO":16.3315189522,"OPERATE_PROFIT":-52134281.08,"PRETAX_PROFIT":-53846397.94,"NETCASH_OPERATE":-17013296.94,"NETCASH_INVEST":1724102.6,"NETCASH_FINANCE":-42145549.76,"END_CASH":44642271.6,"DIVI_RATIO":null,"DIVIDEND_RATE":null,"CURRENT_RATIO":1.179444949955,"COMMON_ACS":1000000000,"CURRENTDEBT_DEBT":63.902036259609,"ISSUED_COMMON_SHARES":817644000,"HK_COMMON_SHARES":817644000,"PER_SHARES":2000,"TOTAL_MARKET_CAP":68682096,"HKSK_MARKET_CAP":68682096,"PE_TTM":-0.804089350941,"PB_TTM":0.088451889333,"REPORT_DATE_SQ":"2022-06-30 00:00:00","REPORT_TYPE_SQ":"2022年中报","OPERATE_INCOME_SQ":206839674.16,"DPS_HKD":null,"OPERATE_INCOME_QOQ_SQ":-21.743913240579,"NET_PROFIT_RATIO_SQ":-34.3784110078,"HOLDER_PROFIT_SQ":-71108193.31,"HOLDER_PROFIT_QOQ_SQ":-20.831776056202,"ROE_AVG_SQ":-7.074276972973,"PE_TTM_SQ":-0.436358655369,"PB_TTM_SQ":0.083519611025,"ROA_SQ":-5.454145922296,"START_DATE":"2023-01-01 00:00:00","FISCAL_YEAR":"12-31","CURRENCY":"HKD","IS_CNY_CODE":0,"DPS_HKD_LY":null,"ORG_TYPE":"一般企业","PREMIUM_INCOME":null,"PREMIUM_INCOME_YOY":null,"NET_INTEREST_INCOME":null,"NET_INTEREST_INCOME_YOY":null,"FEE_COMMISSION_INCOME":null,"FEE_COMMISSION_INCOME_YOY":null,"ACCOUNTS_RECE_TDAYS":2.0092298381,"INVENTORY_TDAYS":3.3784711285,"CURRENT_ASSETS_TDAYS":0.625077964107,"TOTAL_ASSETS_TDAYS":0.094673459357,"PREMIUM_EXPENSE":null,"LOAN_DEPOSIT":null,"LOAN_EQUITY":null,"LOAN_ASSETS":null,"DEPOSIT_EQUITY":null,"DEPOSIT_ASSETS":null,"EQUITY_MULTIPLIER":1.195193204749,"EQUITY_RATIO":0.19519320475},{"SECUCODE":"02320.HK","SECURITY_CODE":"02320","SECURITY_NAME_ABBR":"合丰集团","ORG_CODE":"10010581","STD_REPORT_DATE":"2022-12-31 00:00:00","REPORT_DATE":"2022-12-31 00:00:00","DATE_TYPE_CODE":"001","REPORT_TYPE":"2022年年报","PER_NETCASH_OPERATE":0.000408592224,"PER_OI":0.463665866771,"BPS":1.050883903973,"BASIC_EPS":-0.210543739,"DILUTED_EPS":-0.210543739,"OPERATE_INCOME":379113613.97,"OPERATE_INCOME_YOY":-43.8314829348,"GROSS_PROFIT":6607518.19,"GROSS_PROFIT_YOY":102.175333296424,"HOLDER_PROFIT":-172155460.75,"HOLDER_PROFIT_YOY":54.4155804223,"GROSS_PROFIT_RATIO":1.742886023218,"EPS_TTM":-0.210550631754,"OPERATE_INCOME_QOQ":-21.581831134245,"NET_PROFIT_RATIO":-45.4099917297,"ROE_AVG":-17.429433291325,"GROSS_PROFIT_QOQ":101.768893762945,"ROA":-13.598259197038,"HOLDER_PROFIT_QOQ":58.782928067805,"ROE_YEARLY":-17.429433291325,"ROIC_YEARLY":-15.560653850237,"TOTAL_ASSETS":1063981936.43,"TOTAL_LIABILITIES":204733017.65,"TAX_EBT":-0.778092105607,"OCF_SALES":0.088122126901,"TOTAL_PARENT_EQUITY":859248918.78,"DEBT_ASSET_RATIO":19.2421516419,"OPERATE_PROFIT":-165298720.23,"PRETAX_PROFIT":-170826274.99,"NETCASH_OPERATE":334082.98,"NETCASH_INVEST":-1414939.68,"NETCASH_FINANCE":-118125131.53,"END_CASH":98970742.92,"DIVI_RATIO":null,"DIVIDEND_RATE":null,"CURRENT_RATIO":1.688581064804,"COMMON_ACS":1000000000,"CURRENTDEBT_DEBT":54.333646021946,"ISSUED_COMMON_SHARES":817644000,"HK_COMMON_SHARES":817644000,"PER_SHARES":2000,"TOTAL_MARKET_CAP":68682096,"HKSK_MARKET_CAP":68682096,"PE_TTM":-0.804089350941,"PB_TTM":0.088451889333,"REPORT_DATE_SQ":"2021-12-31 00:00:00","REPORT_TYPE_SQ":"2021年年报","OPERATE_INCOME_SQ":617781012.8,"DPS_HKD":null,"OPERATE_INCOME_QOQ_SQ":-32.884261298099,"NET_PROFIT_RATIO_SQ":-55.9535893849,"HOLDER_PROFIT_SQ":-345670651.2,"HOLDER_PROFIT_QOQ_SQ":-1357.46756402961,"ROE_AVG_SQ":-29.456032489024,"PE_TTM_SQ":-0.436358655369,"PB_TTM_SQ":0.083519611025,"ROA_SQ":-21.983517054909,"START_DATE":"2022-01-01 00:00:00","FISCAL_YEAR":"12-31","CURRENCY":"HKD","IS_CNY_CODE":0,"DPS_HKD_LY":null,"ORG_TYPE":"一般企业","PREMIUM_INCOME":null,"PREMIUM_INCOME_YOY":null,"NET_INTEREST_INCOME":null,"NET_INTEREST_INCOME_YOY":null,"FEE_COMMISSION_INCOME":null,"FEE_COMMISSION_INCOME_YOY":null,"ACCOUNTS_RECE_TDAYS":4.905408060657,"INVENTORY_TDAYS":5.263035672592,"CURRENT_ASSETS_TDAYS":1.211609337486,"TOTAL_ASSETS_TDAYS":0.299455222938,"PREMIUM_EXPENSE":null,"LOAN_DEPOSIT":null,"LOAN_EQUITY":null,"LOAN_ASSETS":null,"DEPOSIT_EQUITY":null,"DEPOSIT_ASSETS":null,"EQUITY_MULTIPLIER":1.23826974137,"EQUITY_RATIO":0.23826974137},{"SECUCODE":"02320.HK","SECURITY_CODE":"02320","SECURITY_NAME_ABBR":"合丰集团","ORG_CODE":"10010581","STD_REPORT_DATE":"2022-06-30 00:00:00","REPORT_DATE":"2022-06-30 00:00:00","DATE_TYPE_CODE":"002","REPORT_TYPE":"2022年中报","PER_NETCASH_OPERATE":0.019711403423,"PER_OI":0.252970332027,"BPS":1.151732302481,"BASIC_EPS":-0.086972823,"DILUTED_EPS":-0.086972823,"OPERATE_INCOME":206839674.16,"OPERATE_INCOME_YOY":-41.0116579679,"GROSS_PROFIT":-20592120.01,"GROSS_PROFIT_YOY":-141.853852847222,"HOLDER_PROFIT":-71108193.31,"HOLDER_PROFIT_YOY":-7777.6546629732,"GROSS_PROFIT_RATIO":-9.955594879767,"EPS_TTM":-0.510833549992,"OPERATE_INCOME_QOQ":-21.743913240579,"NET_PROFIT_RATIO":-34.3784110078,"ROE_AVG":-7.074276972973,"GROSS_PROFIT_QOQ":-22.977045992996,"ROA":-5.454145922296,"HOLDER_PROFIT_QOQ":-20.831776056202,"ROE_YEARLY":-14.148553945946,"ROIC_YEARLY":-12.7225955019,"TOTAL_ASSETS":1202033684.25,"TOTAL_LIABILITIES":260326677.52,"TAX_EBT":-0.966570738164,"OCF_SALES":7.791982271028,"TOTAL_PARENT_EQUITY":941707006.73,"DEBT_ASSET_RATIO":21.6571865607,"OPERATE_PROFIT":-67223065.14,"PRETAX_PROFIT":-70427462.07,"NETCASH_OPERATE":16116910.74,"NETCASH_INVEST":816706.45,"NETCASH_FINANCE":-73226498.94,"END_CASH":160885184.32,"DIVI_RATIO":null,"DIVIDEND_RATE":null,"CURRENT_RATIO":1.8338331157,"COMMON_ACS":1000000000,"CURRENTDEBT_DEBT":63.648458647605,"ISSUED_COMMON_SHARES":817644000,"HK_COMMON_SHARES":817644000,"PER_SHARES":2000,"TOTAL_MARKET_CAP":68682096,"HKSK_MARKET_CAP":68682096,"PE_TTM":-0.804089350941,"PB_TTM":0.088451889333,"REPORT_DATE_SQ":"2021-06-30 00:00:00","REPORT_TYPE_SQ":"2021年中报","OPERATE_INCOME_SQ":341169441.6,"DPS_HKD":null,"OPERATE_INCOME_QOQ_SQ":5.122676810313,"NET_PROFIT_RATIO_SQ":0.2641334569,"HOLDER_PROFIT_SQ":901142.64,"HOLDER_PROFIT_QOQ_SQ":2296.3127190135,"ROE_AVG_SQ":0.066055415187,"PE_TTM_SQ":-0.436358655369,"PB_TTM_SQ":0.083519611025,"ROA_SQ":0.049225572208,"START_DATE":"2022-01-01 00:00:00","FISCAL_YEAR":"12-31","CURRENCY":"HKD","IS_CNY_CODE":0,"DPS_HKD_LY":null,"ORG_TYPE":"一般企业","PREMIUM_INCOME":null,"PREMIUM_INCOME_YOY":null,"NET_INTEREST_INCOME":null,"NET_INTEREST_INCOME_YOY":null,"FEE_COMMISSION_INCOME":null,"FEE_COMMISSION_INCOME_YOY":null,"ACCOUNTS_RECE_TDAYS":2.455659060335,"INVENTORY_TDAYS":2.694130399546,"CURRENT_ASSETS_TDAYS":0.572051627125,"TOTAL_ASSETS_TDAYS":0.158650320431,"PREMIUM_EXPENSE":null,"LOAN_DEPOSIT":null,"LOAN_EQUITY":null,"LOAN_ASSETS":null,"DEPOSIT_EQUITY":null,"DEPOSIT_ASSETS":null,"EQUITY_MULTIPLIER":1.276441266403,"EQUITY_RATIO":0.276441266402},{"SECUCODE":"02320.HK","SECURITY_CODE":"02320","SECURITY_NAME_ABBR":"合丰集团","ORG_CODE":"10010581","STD_REPORT_DATE":"2021-12-31 00:00:00","REPORT_DATE":"2021-12-31 00:00:00","DATE_TYPE_CODE":"001","REPORT_TYPE":"2021年年报","PER_NETCASH_OPERATE":0.065003501768,"PER_OI":0.755562338622,"BPS":1.249507756432,"BASIC_EPS":-0.42278096,"DILUTED_EPS":-0.42278096,"OPERATE_INCOME":617781012.8,"OPERATE_INCOME_YOY":-27.3716344874,"GROSS_PROFIT":-303747393.6,"GROSS_PROFIT_YOY":-382.241533783267,"HOLDER_PROFIT":-345670651.2,"HOLDER_PROFIT_YOY":-31118.8554658841,"GROSS_PROFIT_RATIO":-49.167486100505,"EPS_TTM":-0.422764248499,"OPERATE_INCOME_QOQ":-32.884261298099,"NET_PROFIT_RATIO":-55.9535893849,"ROE_AVG":-29.456032489024,"GROSS_PROFIT_QOQ":-329.733766271726,"ROA":-21.983517054909,"HOLDER_PROFIT_QOQ":-1357.46756402961,"ROE_YEARLY":-29.456032489024,"ROIC_YEARLY":-25.560235562829,"TOTAL_ASSETS":1343680632,"TOTAL_LIABILITIES":322028112,"TAX_EBT":11.742123765229,"OCF_SALES":8.603327408705,"TOTAL_PARENT_EQUITY":1021652520,"DEBT_ASSET_RATIO":23.9661199493,"OPERATE_PROFIT":-384759289.6,"PRETAX_PROFIT":-391659833.6,"NETCASH_OPERATE":53149723.2,"NETCASH_INVEST":-26580993.6,"NETCASH_FINANCE":-66434905.6,"END_CASH":201683115.2,"DIVI_RATIO":null,"DIVIDEND_RATE":null,"CURRENT_RATIO":1.847840834571,"COMMON_ACS":1000000000,"CURRENTDEBT_DEBT":67.365882143855,"ISSUED_COMMON_SHARES":817644000,"HK_COMMON_SHARES":817644000,"PER_SHARES":2000,"TOTAL_MARKET_CAP":68682096,"HKSK_MARKET_CAP":68682096,"PE_TTM":-0.804089350941,"PB_TTM":0.088451889333,"REPORT_DATE_SQ":"2020-12-31 00:00:00","REPORT_TYPE_SQ":"2020年年报","OPERATE_INCOME_SQ":875616165.16,"DPS_HKD":null,"OPERATE_INCOME_QOQ_SQ":4.129710153446,"NET_PROFIT_RATIO_SQ":0.1310112085,"HOLDER_PROFIT_SQ":1147155.32,"HOLDER_PROFIT_QOQ_SQ":103.369246706043,"ROE_AVG_SQ":0.086475471071,"PE_TTM_SQ":-0.436358655369,"PB_TTM_SQ":0.083519611025,"ROA_SQ":0.06490128505,"START_DATE":"2021-01-01 00:00:00","FISCAL_YEAR":"12-31","CURRENCY":"HKD","IS_CNY_CODE":0,"DPS_HKD_LY":null,"ORG_TYPE":"一般企业","PREMIUM_INCOME":null,"PREMIUM_INCOME_YOY":null,"NET_INTEREST_INCOME":null,"NET_INTEREST_INCOME_YOY":null,"FEE_COMMISSION_INCOME":null,"FEE_COMMISSION_INCOME_YOY":null,"ACCOUNTS_RECE_TDAYS":4.831854558942,"INVENTORY_TDAYS":8.329002985428,"CURRENT_ASSETS_TDAYS":1.33752443902,"TOTAL_ASSETS_TDAYS":0.392888415141,"PREMIUM_EXPENSE":null,"LOAN_DEPOSIT":null,"LOAN_EQUITY":null,"LOAN_ASSETS":null,"DEPOSIT_EQUITY":null,"DEPOSIT_ASSETS":null,"EQUITY_MULTIPLIER":1.315203169078,"EQUITY_RATIO":0.315203169077},{"SECUCODE":"02320.HK","SECURITY_CODE":"02320","SECURITY_NAME_ABBR":"合丰集团","ORG_CODE":"10010581","STD_REPORT_DATE":"2021-06-30 00:00:00","REPORT_DATE":"2021-06-30 00:00:00","DATE_TYPE_CODE":"002","REPORT_TYPE":"2021年中报","PER_NETCASH_OPERATE":-0.06311500066,"PER_OI":0.417259151416,"BPS":1.687282153015,"BASIC_EPS":0.001081704,"DILUTED_EPS":0.001081704,"OPERATE_INCOME":341169441.6,"OPERATE_INCOME_YOY":26.3956793282,"GROSS_PROFIT":49200058.32,"GROSS_PROFIT_YOY":99.979158294378,"HOLDER_PROFIT":901142.64,"HOLDER_PROFIT_YOY":103.888410168,"GROSS_PROFIT_RATIO":14.421003853471,"EPS_TTM":0.033620290542,"OPERATE_INCOME_QOQ":5.122676810313,"NET_PROFIT_RATIO":0.2641334569,"ROE_AVG":0.066055415187,"GROSS_PROFIT_QOQ":22.855920731058,"ROA":0.049225572208,"HOLDER_PROFIT_QOQ":2296.3127190135,"ROE_YEARLY":0.132110830374,"ROIC_YEARLY":0.110260991738,"TOTAL_ASSETS":1828243679.76,"TOTAL_LIABILITIES":448647551.04,"TAX_EBT":63.175790547433,"OCF_SALES":-15.126091410175,"TOTAL_PARENT_EQUITY":1379596128.72,"DEBT_ASSET_RATIO":24.5398114052,"OPERATE_PROFIT":15090602.88,"PRETAX_PROFIT":2447147.28,"NETCASH_OPERATE":-51605601.6,"NETCASH_INVEST":-11253882,"NETCASH_FINANCE":-26724745.44,"END_CASH":149550570.48,"DIVI_RATIO":null,"DIVIDEND_RATE":null,"CURRENT_RATIO":1.809830276303,"COMMON_ACS":1000000000,"CURRENTDEBT_DEBT":64.176687908485,"ISSUED_COMMON_SHARES":817644000,"HK_COMMON_SHARES":817644000,"PER_SHARES":2000,"TOTAL_MARKET_CAP":68682096,"HKSK_MARKET_CAP":68682096,"PE_TTM":-0.804089350941,"PB_TTM":0.088451889333,"REPORT_DATE_SQ":"2020-06-30 00:00:00","REPORT_TYPE_SQ":"2020年中报","OPERATE_INCOME_SQ":296314455.36,"DPS_HKD":null,"OPERATE_INCOME_QOQ_SQ":-21.385329642298,"NET_PROFIT_RATIO_SQ":-8.585855472,"HOLDER_PROFIT_SQ":-25441130.88,"HOLDER_PROFIT_QOQ_SQ":-379.973993251364,"ROE_AVG_SQ":-1.853642628722,"PE_TTM_SQ":-0.436358655369,"PB_TTM_SQ":0.083519611025,"ROA_SQ":-1.386354128065,"START_DATE":"2021-01-01 00:00:00","FISCAL_YEAR":"12-31","CURRENCY":"HKD","IS_CNY_CODE":0,"DPS_HKD_LY":null,"ORG_TYPE":"一般企业","PREMIUM_INCOME":null,"PREMIUM_INCOME_YOY":null,"NET_INTEREST_INCOME":null,"NET_INTEREST_INCOME_YOY":null,"FEE_COMMISSION_INCOME":null,"FEE_COMMISSION_INCOME_YOY":null,"ACCOUNTS_RECE_TDAYS":2.137870263675,"INVENTORY_TDAYS":1.77779297731,"CURRENT_ASSETS_TDAYS":0.647833537022,"TOTAL_ASSETS_TDAYS":0.186366289165,"PREMIUM_EXPENSE":null,"LOAN_DEPOSIT":null,"LOAN_EQUITY":null,"LOAN_ASSETS":null,"DEPOSIT_EQUITY":null,"DEPOSIT_ASSETS":null,"EQUITY_MULTIPLIER":1.325202094802,"EQUITY_RATIO":0.325202094802},{"SECUCODE":"02320.HK","SECURITY_CODE":"02320","SECURITY_NAME_ABBR":"合丰集团","ORG_CODE":"10010581","STD_REPORT_DATE":"2020-12-31 00:00:00","REPORT_DATE":"2020-12-31 00:00:00","DATE_TYPE_CODE":"001","REPORT_TYPE":"2020年年报","PER_NETCASH_OPERATE":0.108724854582,"PER_OI":1.070901474431,"BPS":1.668630323026,"BASIC_EPS":0.001430788,"DILUTED_EPS":0.001430788,"OPERATE_INCOME":875616165.16,"OPERATE_INCOME_YOY":-12.872901526,"GROSS_PROFIT":107619665.16,"GROSS_PROFIT_YOY":4.239967617623,"HOLDER_PROFIT":1147155.32,"HOLDER_PROFIT_YOY":117.2117691628,"GROSS_PROFIT_RATIO":12.290735306415,"EPS_TTM":0.001403000964,"OPERATE_INCOME_QOQ":4.129710153446,"NET_PROFIT_RATIO":0.1310112085,"ROE_AVG":0.086475471071,"GROSS_PROFIT_QOQ":63.000639057792,"ROA":0.06490128505,"HOLDER_PROFIT_QOQ":103.369246706043,"ROE_YEARLY":0.086475471071,"ROIC_YEARLY":0.075379559309,"TOTAL_ASSETS":1854095046.2,"TOTAL_LIABILITIES":489749474.36,"TAX_EBT":79.04044287252,"OCF_SALES":10.152647762477,"TOTAL_PARENT_EQUITY":1364345571.84,"DEBT_ASSET_RATIO":26.4144751028,"OPERATE_PROFIT":12890558.24,"PRETAX_PROFIT":5473184.92,"NETCASH_OPERATE":88898225,"NETCASH_INVEST":-110725316.76,"NETCASH_FINANCE":34459266.52,"END_CASH":245389400.04,"DIVI_RATIO":null,"DIVIDEND_RATE":null,"CURRENT_RATIO":1.711205708675,"COMMON_ACS":1000000000,"CURRENTDEBT_DEBT":64.228843837161,"ISSUED_COMMON_SHARES":817644000,"HK_COMMON_SHARES":817644000,"PER_SHARES":2000,"TOTAL_MARKET_CAP":68682096,"HKSK_MARKET_CAP":68682096,"PE_TTM":-0.804089350941,"PB_TTM":0.088451889333,"REPORT_DATE_SQ":"2019-12-31 00:00:00","REPORT_TYPE_SQ":"2019年年报","OPERATE_INCOME_SQ":1069634773.96,"DPS_HKD":null,"OPERATE_INCOME_QOQ_SQ":-13.317629123859,"NET_PROFIT_RATIO_SQ":-0.6631872853,"HOLDER_PROFIT_SQ":-7093681.82,"HOLDER_PROFIT_QOQ_SQ":-163.467329187701,"ROE_AVG_SQ":-0.513969634967,"PE_TTM_SQ":-0.436358655369,"PB_TTM_SQ":0.083519611025,"ROA_SQ":-0.387554883013,"START_DATE":"2020-01-01 00:00:00","FISCAL_YEAR":"12-31","CURRENCY":"HKD","IS_CNY_CODE":0,"DPS_HKD_LY":null,"ORG_TYPE":"一般企业","PREMIUM_INCOME":null,"PREMIUM_INCOME_YOY":null,"NET_INTEREST_INCOME":null,"NET_INTEREST_INCOME_YOY":null,"FEE_COMMISSION_INCOME":null,"FEE_COMMISSION_INCOME_YOY":null,"ACCOUNTS_RECE_TDAYS":5.640568411008,"INVENTORY_TDAYS":7.689649941854,"CURRENT_ASSETS_TDAYS":1.732405049169,"TOTAL_ASSETS_TDAYS":0.49538727092,"PREMIUM_EXPENSE":null,"LOAN_DEPOSIT":null,"LOAN_EQUITY":null,"LOAN_ASSETS":null,"DEPOSIT_EQUITY":null,"DEPOSIT_ASSETS":null,"EQUITY_MULTIPLIER":1.358962922935,"EQUITY_RATIO":0.358962922934},{"SECUCODE":"02320.HK","SECURITY_CODE":"02320","SECURITY_NAME_ABBR":"合丰集团","ORG_CODE":"10010581","STD_REPORT_DATE":"2020-06-30 00:00:00","REPORT_DATE":"2020-06-30 00:00:00","DATE_TYPE_CODE":"002","REPORT_TYPE":"2020年中报","PER_NETCASH_OPERATE":-0.024532855864,"PER_OI":0.362400329924,"BPS":1.646502065544,"BASIC_EPS":-0.031148304,"DILUTED_EPS":-0.031148304,"OPERATE_INCOME":296314455.36,"OPERATE_INCOME_YOY":-45.6525417624,"GROSS_PROFIT":24602592.96,"GROSS_PROFIT_YOY":-60.203338266182,"HOLDER_PROFIT":-25441130.88,"HOLDER_PROFIT_YOY":-1719.3023255814,"GROSS_PROFIT_RATIO":8.302866267564,"EPS_TTM":-0.041641384148,"OPERATE_INCOME_QOQ":-21.385329642298,"NET_PROFIT_RATIO":-8.585855472,"ROE_AVG":-1.853642628722,"GROSS_PROFIT_QOQ":-36.049350346005,"ROA":-1.386354128065,"HOLDER_PROFIT_QOQ":-379.973993251364,"ROE_YEARLY":-3.707285257445,"ROIC_YEARLY":-3.273297801701,"TOTAL_ASSETS":1845834793.44,"TOTAL_LIABILITIES":499582258.56,"TAX_EBT":-0.657752078063,"OCF_SALES":-6.769545675937,"TOTAL_PARENT_EQUITY":1346252534.88,"DEBT_ASSET_RATIO":27.0653831175,"OPERATE_PROFIT":-14295336,"PRETAX_PROFIT":-25274884.8,"NETCASH_OPERATE":-20059142.4,"NETCASH_INVEST":-46923412.8,"NETCASH_FINANCE":95851826.4,"END_CASH":294293926.08,"DIVI_RATIO":null,"DIVIDEND_RATE":null,"CURRENT_RATIO":1.89388080179,"COMMON_ACS":1000000000,"CURRENTDEBT_DEBT":58.770688432031,"ISSUED_COMMON_SHARES":817644000,"HK_COMMON_SHARES":817644000,"PER_SHARES":2000,"TOTAL_MARKET_CAP":68682096,"HKSK_MARKET_CAP":68682096,"PE_TTM":-0.804089350941,"PB_TTM":0.088451889333,"REPORT_DATE_SQ":"2019-06-30 00:00:00","REPORT_TYPE_SQ":"2019年中报","OPERATE_INCOME_SQ":525059377.74,"DPS_HKD":null,"OPERATE_INCOME_QOQ_SQ":-1.091368372152,"NET_PROFIT_RATIO_SQ":0.2881607803,"HOLDER_PROFIT_SQ":1513015.2,"HOLDER_PROFIT_QOQ_SQ":-58.138260252796,"ROE_AVG_SQ":0.110433457742,"PE_TTM_SQ":-0.436358655369,"PB_TTM_SQ":0.083519611025,"ROA_SQ":0.084014362548,"START_DATE":"2020-01-01 00:00:00","FISCAL_YEAR":"12-31","CURRENCY":"HKD","IS_CNY_CODE":0,"DPS_HKD_LY":null,"ORG_TYPE":"一般企业","PREMIUM_INCOME":null,"PREMIUM_INCOME_YOY":null,"NET_INTEREST_INCOME":null,"NET_INTEREST_INCOME_YOY":null,"FEE_COMMISSION_INCOME":null,"FEE_COMMISSION_INCOME_YOY":null,"ACCOUNTS_RECE_TDAYS":2.360327716173,"INVENTORY_TDAYS":2.670125580101,"CURRENT_ASSETS_TDAYS":0.554395037697,"TOTAL_ASSETS_TDAYS":0.161469539358,"PREMIUM_EXPENSE":null,"LOAN_DEPOSIT":null,"LOAN_EQUITY":null,"LOAN_ASSETS":null,"DEPOSIT_EQUITY":null,"DEPOSIT_ASSETS":null,"EQUITY_MULTIPLIER":1.371091043929,"EQUITY_RATIO":0.371091043928}],"count":45},"success":true,"message":"ok","code":0}