{"version":"b0360540b0d4b8df00d22d4a15ec7986","result":{"pages":2,"data":[{"SECUCODE":"02325.HK","SECURITY_CODE":"02325","SECURITY_NAME_ABBR":"云康集团","ORG_CODE":"10997808","STD_REPORT_DATE":"2024-06-30 00:00:00","REPORT_DATE":"2024-06-30 00:00:00","DATE_TYPE_CODE":"002","REPORT_TYPE":"2024年中报","PER_NETCASH_OPERATE":0.140997874448,"PER_OI":0.611577777402,"BPS":3.087738359969,"BASIC_EPS":-0.21,"DILUTED_EPS":-0.21,"OPERATE_INCOME":379943000,"OPERATE_INCOME_YOY":-20.3248298785,"GROSS_PROFIT":128198000,"GROSS_PROFIT_YOY":-29.431646161891,"HOLDER_PROFIT":-126129000,"HOLDER_PROFIT_YOY":-358.9120394129,"GROSS_PROFIT_RATIO":33.741376996023,"EPS_TTM":-0.446040687291,"OPERATE_INCOME_QOQ":-10.871789119462,"NET_PROFIT_RATIO":-33.1773450228,"ROE_AVG":-6.258865410997,"GROSS_PROFIT_QOQ":-16.411693565715,"ROA":-2.932456480122,"HOLDER_PROFIT_QOQ":-170.981527298331,"ROE_YEARLY":-12.517730821993,"ROIC_YEARLY":-8.335193341441,"TOTAL_ASSETS":4070224000,"TOTAL_LIABILITIES":2144186000,"TAX_EBT":4.34073230886,"OCF_SALES":23.054774005575,"TOTAL_PARENT_EQUITY":1918259000,"DEBT_ASSET_RATIO":52.679803372,"OPERATE_PROFIT":-107517000,"PRETAX_PROFIT":-131775000,"NETCASH_OPERATE":87595000,"NETCASH_INVEST":290245000,"NETCASH_FINANCE":-333309000,"END_CASH":1289831000,"DIVI_RATIO":-0.040633961243,"DIVIDEND_RATE":0.4,"CURRENT_RATIO":1.740478229514,"COMMON_ACS":25000000000,"CURRENTDEBT_DEBT":91.054041020695,"ISSUED_COMMON_SHARES":621250500,"HK_COMMON_SHARES":621250500,"PER_SHARES":500,"TOTAL_MARKET_CAP":3106252500,"HKSK_MARKET_CAP":3106252500,"PE_TTM":-10.222141546151,"PB_TTM":1.477910194452,"REPORT_DATE_SQ":"2023-06-30 00:00:00","REPORT_TYPE_SQ":"2023年中报","OPERATE_INCOME_SQ":476865000,"DPS_HKD":0.02,"OPERATE_INCOME_QOQ_SQ":-24.008060271535,"NET_PROFIT_RATIO_SQ":10.0714038564,"HOLDER_PROFIT_SQ":48715000,"HOLDER_PROFIT_QOQ_SQ":-49.203172996138,"ROE_AVG_SQ":2.026423581805,"PE_TTM_SQ":35.574094356368,"PB_TTM_SQ":2.89949830036,"ROA_SQ":1.027180050757,"START_DATE":"2024-01-01 00:00:00","FISCAL_YEAR":"12-31","CURRENCY":"HKD","IS_CNY_CODE":0,"DPS_HKD_LY":0.02,"ORG_TYPE":"一般企业","PREMIUM_INCOME":null,"PREMIUM_INCOME_YOY":null,"NET_INTEREST_INCOME":null,"NET_INTEREST_INCOME_YOY":null,"FEE_COMMISSION_INCOME":null,"FEE_COMMISSION_INCOME_YOY":null,"ACCOUNTS_RECE_TDAYS":0.264717173455,"INVENTORY_TDAYS":15.000446894086,"CURRENT_ASSETS_TDAYS":0.105009787413,"TOTAL_ASSETS_TDAYS":0.088335459127,"PREMIUM_EXPENSE":null,"LOAN_DEPOSIT":null,"LOAN_EQUITY":null,"LOAN_ASSETS":null,"DEPOSIT_EQUITY":null,"DEPOSIT_ASSETS":null,"EQUITY_MULTIPLIER":2.113262562836,"EQUITY_RATIO":1.117777109348},{"SECUCODE":"02325.HK","SECURITY_CODE":"02325","SECURITY_NAME_ABBR":"云康集团","ORG_CODE":"10997808","STD_REPORT_DATE":"2023-12-31 00:00:00","REPORT_DATE":"2023-12-31 00:00:00","DATE_TYPE_CODE":"001","REPORT_TYPE":"2023年年报","PER_NETCASH_OPERATE":0.537372605736,"PER_OI":1.435008905425,"BPS":3.399839517232,"BASIC_EPS":-0.17,"DILUTED_EPS":-0.17,"OPERATE_INCOME":891500000,"OPERATE_INCOME_YOY":-76.2659133523,"GROSS_PROFIT":325786000,"GROSS_PROFIT_YOY":-75.087671002424,"HOLDER_PROFIT":-102259000,"HOLDER_PROFIT_YOY":-127.1021894521,"GROSS_PROFIT_RATIO":36.543578238923,"EPS_TTM":-0.164601879596,"OPERATE_INCOME_QOQ":-68.767626234493,"NET_PROFIT_RATIO":-11.4289399888,"ROE_AVG":-4.403525524743,"GROSS_PROFIT_QOQ":-61.138367908312,"ROA":-2.166727107206,"HOLDER_PROFIT_QOQ":-153.354099164671,"ROE_YEARLY":-4.403525524743,"ROIC_YEARLY":-2.766693190313,"TOTAL_ASSETS":4532052000,"TOTAL_LIABILITIES":2412195000,"TAX_EBT":-17.368766630957,"OCF_SALES":37.447335950645,"TOTAL_PARENT_EQUITY":2112152000,"DEBT_ASSET_RATIO":53.2252277776,"OPERATE_PROFIT":-52576000,"PRETAX_PROFIT":-86811000,"NETCASH_OPERATE":333843000,"NETCASH_INVEST":-153940000,"NETCASH_FINANCE":276475000,"END_CASH":1244120000,"DIVI_RATIO":-0.110110528777,"DIVIDEND_RATE":0.278551532033,"CURRENT_RATIO":1.753736011233,"COMMON_ACS":25000000000,"CURRENTDEBT_DEBT":90.731926730633,"ISSUED_COMMON_SHARES":621250500,"HK_COMMON_SHARES":621250500,"PER_SHARES":500,"TOTAL_MARKET_CAP":4460578590,"HKSK_MARKET_CAP":4460578590,"PE_TTM":-14.678995260272,"PB_TTM":2.122279039234,"REPORT_DATE_SQ":"2022-12-31 00:00:00","REPORT_TYPE_SQ":"2022年年报","OPERATE_INCOME_SQ":3756201000,"DPS_HKD":0.02,"OPERATE_INCOME_QOQ_SQ":62.089242700549,"NET_PROFIT_RATIO_SQ":9.9555109005,"HOLDER_PROFIT_SQ":377309000,"HOLDER_PROFIT_QOQ_SQ":-17.80154328115,"ROE_AVG_SQ":18.94137175333,"PE_TTM_SQ":37.056348287883,"PB_TTM_SQ":3.020310729542,"ROA_SQ":10.249633610825,"START_DATE":"2023-01-01 00:00:00","FISCAL_YEAR":"12-31","CURRENCY":"HKD","IS_CNY_CODE":0,"DPS_HKD_LY":0.22,"ORG_TYPE":"一般企业","PREMIUM_INCOME":null,"PREMIUM_INCOME_YOY":null,"NET_INTEREST_INCOME":null,"NET_INTEREST_INCOME_YOY":null,"FEE_COMMISSION_INCOME":null,"FEE_COMMISSION_INCOME_YOY":null,"ACCOUNTS_RECE_TDAYS":0.451659398657,"INVENTORY_TDAYS":19.067511544036,"CURRENT_ASSETS_TDAYS":0.222687135565,"TOTAL_ASSETS_TDAYS":0.188896548575,"PREMIUM_EXPENSE":null,"LOAN_DEPOSIT":null,"LOAN_EQUITY":null,"LOAN_ASSETS":null,"DEPOSIT_EQUITY":null,"DEPOSIT_ASSETS":null,"EQUITY_MULTIPLIER":2.137904585073,"EQUITY_RATIO":1.142055590696},{"SECUCODE":"02325.HK","SECURITY_CODE":"02325","SECURITY_NAME_ABBR":"云康集团","ORG_CODE":"10997808","STD_REPORT_DATE":"2023-06-30 00:00:00","REPORT_DATE":"2023-06-30 00:00:00","DATE_TYPE_CODE":"002","REPORT_TYPE":"2023年中报","PER_NETCASH_OPERATE":0.27129153216,"PER_OI":0.767588919446,"BPS":3.663119788234,"BASIC_EPS":0.08,"DILUTED_EPS":0.08,"OPERATE_INCOME":476865000,"OPERATE_INCOME_YOY":-65.4108784207,"GROSS_PROFIT":181665000,"GROSS_PROFIT_YOY":-72.097556030669,"HOLDER_PROFIT":48715000,"HOLDER_PROFIT_YOY":-79.2138690834,"GROSS_PROFIT_RATIO":38.095687458715,"EPS_TTM":0.308508403615,"OPERATE_INCOME_QOQ":-24.008060271535,"NET_PROFIT_RATIO":10.0714038564,"ROE_AVG":2.026423581805,"GROSS_PROFIT_QOQ":-35.894794797091,"ROA":1.027180050757,"HOLDER_PROFIT_QOQ":-49.203172996138,"ROE_YEARLY":4.05284716361,"ROIC_YEARLY":2.627947573754,"TOTAL_ASSETS":4578215000,"TOTAL_LIABILITIES":2295853000,"TAX_EBT":5.475407900175,"OCF_SALES":35.343336164323,"TOTAL_PARENT_EQUITY":2275715000,"DEBT_ASSET_RATIO":50.147339083,"OPERATE_PROFIT":65861000,"PRETAX_PROFIT":50809000,"NETCASH_OPERATE":168540000,"NETCASH_INVEST":292113000,"NETCASH_FINANCE":11417000,"END_CASH":1268575000,"DIVI_RATIO":0.058748480714,"DIVIDEND_RATE":0.278551532033,"CURRENT_RATIO":1.827048908474,"COMMON_ACS":25000000000,"CURRENTDEBT_DEBT":87.596331298215,"ISSUED_COMMON_SHARES":621250500,"HK_COMMON_SHARES":621250500,"PER_SHARES":500,"TOTAL_MARKET_CAP":4460578590,"HKSK_MARKET_CAP":4460578590,"PE_TTM":-14.678995260272,"PB_TTM":2.122279039234,"REPORT_DATE_SQ":"2022-06-30 00:00:00","REPORT_TYPE_SQ":"2022年中报","OPERATE_INCOME_SQ":1378656000,"DPS_HKD":0.02,"OPERATE_INCOME_QOQ_SQ":36.577554604713,"NET_PROFIT_RATIO_SQ":17.0282507021,"HOLDER_PROFIT_SQ":234363000,"HOLDER_PROFIT_QOQ_SQ":20.499721735113,"ROE_AVG_SQ":11.993953970029,"PE_TTM_SQ":37.056348287883,"PB_TTM_SQ":3.020310729542,"ROA_SQ":7.385011259666,"START_DATE":"2023-01-01 00:00:00","FISCAL_YEAR":"12-31","CURRENCY":"HKD","IS_CNY_CODE":0,"DPS_HKD_LY":0.22,"ORG_TYPE":"一般企业","PREMIUM_INCOME":null,"PREMIUM_INCOME_YOY":null,"NET_INTEREST_INCOME":null,"NET_INTEREST_INCOME_YOY":null,"FEE_COMMISSION_INCOME":null,"FEE_COMMISSION_INCOME_YOY":null,"ACCOUNTS_RECE_TDAYS":0.218010477523,"INVENTORY_TDAYS":9.768688573414,"CURRENT_ASSETS_TDAYS":0.121605571469,"TOTAL_ASSETS_TDAYS":0.100549361573,"PREMIUM_EXPENSE":null,"LOAN_DEPOSIT":null,"LOAN_EQUITY":null,"LOAN_ASSETS":null,"DEPOSIT_EQUITY":null,"DEPOSIT_ASSETS":null,"EQUITY_MULTIPLIER":2.005910981692,"EQUITY_RATIO":1.00884908699},{"SECUCODE":"02325.HK","SECURITY_CODE":"02325","SECURITY_NAME_ABBR":"云康集团","ORG_CODE":"10997808","STD_REPORT_DATE":"2022-12-31 00:00:00","REPORT_DATE":"2022-12-31 00:00:00","DATE_TYPE_CODE":"001","REPORT_TYPE":"2022年年报","PER_NETCASH_OPERATE":0.221110486028,"PER_OI":6.046193926604,"BPS":4.076073983039,"BASIC_EPS":0.66,"DILUTED_EPS":0.66,"OPERATE_INCOME":3756201000,"OPERATE_INCOME_YOY":121.3775239577,"GROSS_PROFIT":1307730000,"GROSS_PROFIT_YOY":45.442796815168,"HOLDER_PROFIT":377309000,"HOLDER_PROFIT_YOY":-0.9510883832,"GROSS_PROFIT_RATIO":34.815229536439,"EPS_TTM":0.60733794178,"OPERATE_INCOME_QOQ":62.089242700549,"NET_PROFIT_RATIO":9.9555109005,"ROE_AVG":18.94137175333,"GROSS_PROFIT_QOQ":12.333172701526,"ROA":10.249633610825,"HOLDER_PROFIT_QOQ":-17.80154328115,"ROE_YEARLY":18.94137175333,"ROIC_YEARLY":13.085647211667,"TOTAL_ASSETS":4906977000,"TOTAL_LIABILITIES":2367398000,"TAX_EBT":15.66784837988,"OCF_SALES":3.657019419355,"TOTAL_PARENT_EQUITY":2532263000,"DEBT_ASSET_RATIO":48.2455491436,"OPERATE_PROFIT":458551000,"PRETAX_PROFIT":443424000,"NETCASH_OPERATE":137365000,"NETCASH_INVEST":-1253626000,"NETCASH_FINANCE":1102048000,"END_CASH":787742000,"DIVI_RATIO":0.029842364116,"DIVIDEND_RATE":0.278551532033,"CURRENT_RATIO":2.105835662223,"COMMON_ACS":25000000000,"CURRENTDEBT_DEBT":83.614331008136,"ISSUED_COMMON_SHARES":621250500,"HK_COMMON_SHARES":621250500,"PER_SHARES":500,"TOTAL_MARKET_CAP":4460578590,"HKSK_MARKET_CAP":4460578590,"PE_TTM":-14.678995260272,"PB_TTM":2.122279039234,"REPORT_DATE_SQ":"2021-12-31 00:00:00","REPORT_TYPE_SQ":"2021年年报","OPERATE_INCOME_SQ":1696740000,"DPS_HKD":0.02,"OPERATE_INCOME_QOQ_SQ":41.357304718742,"NET_PROFIT_RATIO_SQ":22.5074554734,"HOLDER_PROFIT_SQ":380932000,"HOLDER_PROFIT_QOQ_SQ":49.189688799768,"ROE_AVG_SQ":30.479290385868,"PE_TTM_SQ":37.056348287883,"PB_TTM_SQ":3.020310729542,"ROA_SQ":17.267432794578,"START_DATE":"2022-01-01 00:00:00","FISCAL_YEAR":"12-31","CURRENCY":"HKD","IS_CNY_CODE":0,"DPS_HKD_LY":0.088,"ORG_TYPE":"一般企业","PREMIUM_INCOME":null,"PREMIUM_INCOME_YOY":null,"NET_INTEREST_INCOME":null,"NET_INTEREST_INCOME_YOY":null,"FEE_COMMISSION_INCOME":null,"FEE_COMMISSION_INCOME_YOY":null,"ACCOUNTS_RECE_TDAYS":2.306210410178,"INVENTORY_TDAYS":58.989351193775,"CURRENT_ASSETS_TDAYS":1.270763532053,"TOTAL_ASSETS_TDAYS":1.020375448733,"PREMIUM_EXPENSE":null,"LOAN_DEPOSIT":null,"LOAN_EQUITY":null,"LOAN_ASSETS":null,"DEPOSIT_EQUITY":null,"DEPOSIT_ASSETS":null,"EQUITY_MULTIPLIER":1.932200967168,"EQUITY_RATIO":0.934894203327},{"SECUCODE":"02325.HK","SECURITY_CODE":"02325","SECURITY_NAME_ABBR":"云康集团","ORG_CODE":"10997808","STD_REPORT_DATE":"2022-06-30 00:00:00","REPORT_DATE":"2022-06-30 00:00:00","DATE_TYPE_CODE":"002","REPORT_TYPE":"2022年中报","PER_NETCASH_OPERATE":-0.269533787096,"PER_OI":2.219162801479,"BPS":3.953823779619,"BASIC_EPS":0.44,"DILUTED_EPS":0.44,"OPERATE_INCOME":1378656000,"OPERATE_INCOME_YOY":81.873540625,"GROSS_PROFIT":651072000,"GROSS_PROFIT_YOY":68.64703566322,"HOLDER_PROFIT":234363000,"HOLDER_PROFIT_YOY":49.97024438,"GROSS_PROFIT_RATIO":47.225123598635,"EPS_TTM":0.738867815801,"OPERATE_INCOME_QOQ":36.577554604713,"NET_PROFIT_RATIO":17.0282507021,"ROE_AVG":11.993953970029,"GROSS_PROFIT_QOQ":29.474484978374,"ROA":7.385011259666,"HOLDER_PROFIT_QOQ":20.499721735113,"ROE_YEARLY":23.987907940059,"ROIC_YEARLY":21.006828745356,"TOTAL_ASSETS":3891578000,"TOTAL_LIABILITIES":1434989000,"TAX_EBT":17.191887125221,"OCF_SALES":-12.145741939976,"TOTAL_PARENT_EQUITY":2456315000,"DEBT_ASSET_RATIO":36.8742191471,"OPERATE_PROFIT":287327000,"PRETAX_PROFIT":283500000,"NETCASH_OPERATE":-167448000,"NETCASH_INVEST":-454234000,"NETCASH_FINANCE":904527000,"END_CASH":1083540000,"DIVI_RATIO":0.024529962752,"DIVIDEND_RATE":0.278551532033,"CURRENT_RATIO":2.411919000977,"COMMON_ACS":25000000000,"CURRENTDEBT_DEBT":82.651434958735,"ISSUED_COMMON_SHARES":621250500,"HK_COMMON_SHARES":621250500,"PER_SHARES":500,"TOTAL_MARKET_CAP":4460578590,"HKSK_MARKET_CAP":4460578590,"PE_TTM":-14.678995260272,"PB_TTM":2.122279039234,"REPORT_DATE_SQ":"2021-06-30 00:00:00","REPORT_TYPE_SQ":"2021年中报","OPERATE_INCOME_SQ":758030000,"DPS_HKD":0.02,"OPERATE_INCOME_QOQ_SQ":0,"NET_PROFIT_RATIO_SQ":20.7541917866,"HOLDER_PROFIT_SQ":156273000,"HOLDER_PROFIT_QOQ_SQ":0,"ROE_AVG_SQ":null,"PE_TTM_SQ":37.056348287883,"PB_TTM_SQ":3.020310729542,"ROA_SQ":null,"START_DATE":"2022-01-01 00:00:00","FISCAL_YEAR":"12-31","CURRENCY":"HKD","IS_CNY_CODE":0,"DPS_HKD_LY":0.088,"ORG_TYPE":"一般企业","PREMIUM_INCOME":null,"PREMIUM_INCOME_YOY":null,"NET_INTEREST_INCOME":null,"NET_INTEREST_INCOME_YOY":null,"FEE_COMMISSION_INCOME":null,"FEE_COMMISSION_INCOME_YOY":null,"ACCOUNTS_RECE_TDAYS":1.156206010333,"INVENTORY_TDAYS":12.552559391336,"CURRENT_ASSETS_TDAYS":0.59890983376,"TOTAL_ASSETS_TDAYS":0.434428219608,"PREMIUM_EXPENSE":null,"LOAN_DEPOSIT":null,"LOAN_EQUITY":null,"LOAN_ASSETS":null,"DEPOSIT_EQUITY":null,"DEPOSIT_ASSETS":null,"EQUITY_MULTIPLIER":1.584138820128,"EQUITY_RATIO":0.584203980353},{"SECUCODE":"02325.HK","SECURITY_CODE":"02325","SECURITY_NAME_ABBR":"云康集团","ORG_CODE":"10997808","STD_REPORT_DATE":"2021-12-31 00:00:00","REPORT_DATE":"2021-12-31 00:00:00","DATE_TYPE_CODE":"001","REPORT_TYPE":"2021年年报","PER_NETCASH_OPERATE":0.000223001017,"PER_OI":0.001024131896,"BPS":2.336745000608,"BASIC_EPS":0.76,"DILUTED_EPS":0.76,"OPERATE_INCOME":1696740000,"OPERATE_INCOME_YOY":41.3573047187,"GROSS_PROFIT":899137000,"GROSS_PROFIT_YOY":37.085509113501,"HOLDER_PROFIT":380932000,"HOLDER_PROFIT_YOY":49.1896887998,"GROSS_PROFIT_RATIO":52.992031778587,"EPS_TTM":0.000229925982,"OPERATE_INCOME_QOQ":41.357304718742,"NET_PROFIT_RATIO":22.5074554734,"ROE_AVG":30.479290385868,"GROSS_PROFIT_QOQ":37.085509113501,"ROA":17.267432794578,"HOLDER_PROFIT_QOQ":49.189688799768,"ROE_YEARLY":30.479290385868,"ROIC_YEARLY":23.38970583269,"TOTAL_ASSETS":2455413000,"TOTAL_LIABILITIES":1003833000,"TAX_EBT":17.44647843624,"OCF_SALES":21.774638424272,"TOTAL_PARENT_EQUITY":1451704000,"DEBT_ASSET_RATIO":40.8824503251,"OPERATE_PROFIT":457694000,"PRETAX_PROFIT":451220000,"NETCASH_OPERATE":369459000,"NETCASH_INVEST":310722000,"NETCASH_FINANCE":-215321000,"END_CASH":800695000,"DIVI_RATIO":78.827106917237,"DIVIDEND_RATE":0.278551532033,"CURRENT_RATIO":2.001813196025,"COMMON_ACS":25000000000,"CURRENTDEBT_DEBT":86.751282334811,"ISSUED_COMMON_SHARES":621250500,"HK_COMMON_SHARES":621250500,"PER_SHARES":500,"TOTAL_MARKET_CAP":4460578590,"HKSK_MARKET_CAP":4460578590,"PE_TTM":-14.678995260272,"PB_TTM":2.122279039234,"REPORT_DATE_SQ":"2020-12-31 00:00:00","REPORT_TYPE_SQ":"2020年年报","OPERATE_INCOME_SQ":1200320000,"DPS_HKD":0.02,"OPERATE_INCOME_QOQ_SQ":7.422048046022,"NET_PROFIT_RATIO_SQ":21.6752199413,"HOLDER_PROFIT_SQ":255334000,"HOLDER_PROFIT_QOQ_SQ":18.911543082813,"ROE_AVG_SQ":28.003551250478,"PE_TTM_SQ":37.056348287883,"PB_TTM_SQ":3.020310729542,"ROA_SQ":15.829871074716,"START_DATE":"2021-01-01 00:00:00","FISCAL_YEAR":"12-31","CURRENCY":"HKD","IS_CNY_CODE":0,"DPS_HKD_LY":null,"ORG_TYPE":"一般企业","PREMIUM_INCOME":null,"PREMIUM_INCOME_YOY":null,"NET_INTEREST_INCOME":null,"NET_INTEREST_INCOME_YOY":null,"FEE_COMMISSION_INCOME":null,"FEE_COMMISSION_INCOME_YOY":null,"ACCOUNTS_RECE_TDAYS":2.590808625646,"INVENTORY_TDAYS":24.078581132075,"CURRENT_ASSETS_TDAYS":1.067703195955,"TOTAL_ASSETS_TDAYS":0.76912267596,"PREMIUM_EXPENSE":null,"LOAN_DEPOSIT":null,"LOAN_EQUITY":null,"LOAN_ASSETS":null,"DEPOSIT_EQUITY":null,"DEPOSIT_ASSETS":null,"EQUITY_MULTIPLIER":1.691545075023,"EQUITY_RATIO":0.691486005412},{"SECUCODE":"02325.HK","SECURITY_CODE":"02325","SECURITY_NAME_ABBR":"云康集团","ORG_CODE":"10997808","STD_REPORT_DATE":"2021-06-30 00:00:00","REPORT_DATE":"2021-06-30 00:00:00","DATE_TYPE_CODE":"002","REPORT_TYPE":"2021年中报","PER_NETCASH_OPERATE":null,"PER_OI":null,"BPS":null,"BASIC_EPS":0.32,"DILUTED_EPS":0.32,"OPERATE_INCOME":758030000,"OPERATE_INCOME_YOY":null,"GROSS_PROFIT":386056000,"GROSS_PROFIT_YOY":null,"HOLDER_PROFIT":156273000,"HOLDER_PROFIT_YOY":null,"GROSS_PROFIT_RATIO":50.928855058507,"EPS_TTM":0.00238857178,"OPERATE_INCOME_QOQ":0,"NET_PROFIT_RATIO":20.7541917866,"ROE_AVG":null,"GROSS_PROFIT_QOQ":0,"ROA":null,"HOLDER_PROFIT_QOQ":0,"ROE_YEARLY":null,"ROIC_YEARLY":null,"TOTAL_ASSETS":null,"TOTAL_LIABILITIES":null,"TAX_EBT":18.475409474682,"OCF_SALES":-1.066052794744,"TOTAL_PARENT_EQUITY":null,"DEBT_ASSET_RATIO":null,"OPERATE_PROFIT":186355000,"PRETAX_PROFIT":181452000,"NETCASH_OPERATE":-8081000,"NETCASH_INVEST":438290000,"NETCASH_FINANCE":-110959000,"END_CASH":682939000,"DIVI_RATIO":7.587965390538,"DIVIDEND_RATE":0.278551532033,"CURRENT_RATIO":null,"COMMON_ACS":25000000000,"CURRENTDEBT_DEBT":null,"ISSUED_COMMON_SHARES":621250500,"HK_COMMON_SHARES":621250500,"PER_SHARES":500,"TOTAL_MARKET_CAP":4460578590,"HKSK_MARKET_CAP":4460578590,"PE_TTM":-14.678995260272,"PB_TTM":2.122279039234,"REPORT_DATE_SQ":"2020-06-30 00:00:00","REPORT_TYPE_SQ":"2020年中报","OPERATE_INCOME_SQ":null,"DPS_HKD":0.02,"OPERATE_INCOME_QOQ_SQ":0,"NET_PROFIT_RATIO_SQ":null,"HOLDER_PROFIT_SQ":null,"HOLDER_PROFIT_QOQ_SQ":0,"ROE_AVG_SQ":null,"PE_TTM_SQ":37.056348287883,"PB_TTM_SQ":3.020310729542,"ROA_SQ":null,"START_DATE":"2021-01-01 00:00:00","FISCAL_YEAR":"12-31","CURRENCY":"HKD","IS_CNY_CODE":0,"DPS_HKD_LY":null,"ORG_TYPE":"一般企业","PREMIUM_INCOME":null,"PREMIUM_INCOME_YOY":null,"NET_INTEREST_INCOME":null,"NET_INTEREST_INCOME_YOY":null,"FEE_COMMISSION_INCOME":null,"FEE_COMMISSION_INCOME_YOY":null,"ACCOUNTS_RECE_TDAYS":null,"INVENTORY_TDAYS":null,"CURRENT_ASSETS_TDAYS":1.05645541182,"TOTAL_ASSETS_TDAYS":0.774792242776,"PREMIUM_EXPENSE":null,"LOAN_DEPOSIT":null,"LOAN_EQUITY":null,"LOAN_ASSETS":null,"DEPOSIT_EQUITY":null,"DEPOSIT_ASSETS":null,"EQUITY_MULTIPLIER":null,"EQUITY_RATIO":null},{"SECUCODE":"02325.HK","SECURITY_CODE":"02325","SECURITY_NAME_ABBR":"云康集团","ORG_CODE":"10997808","STD_REPORT_DATE":"2020-12-31 00:00:00","REPORT_DATE":"2020-12-31 00:00:00","DATE_TYPE_CODE":"001","REPORT_TYPE":"2020年年报","PER_NETCASH_OPERATE":0.001899788949,"PER_OI":0.011228627911,"BPS":1.686772083081,"BASIC_EPS":26.02,"DILUTED_EPS":26.02,"OPERATE_INCOME":1200320000,"OPERATE_INCOME_YOY":77.0837943661,"GROSS_PROFIT":655895000,"GROSS_PROFIT_YOY":119.220639451326,"HOLDER_PROFIT":255334000,"HOLDER_PROFIT_YOY":924.8021449107,"GROSS_PROFIT_RATIO":54.643345107971,"EPS_TTM":0.00238857178,"OPERATE_INCOME_QOQ":7.422048046022,"NET_PROFIT_RATIO":21.6752199413,"ROE_AVG":28.003551250478,"GROSS_PROFIT_QOQ":8.482148025755,"ROA":15.829871074716,"HOLDER_PROFIT_QOQ":18.911543082813,"ROE_YEARLY":28.003551250478,"ROIC_YEARLY":18.283989961973,"TOTAL_ASSETS":1956731000,"TOTAL_LIABILITIES":890347000,"TAX_EBT":16.268415379087,"OCF_SALES":16.919154892029,"TOTAL_PARENT_EQUITY":1047908000,"DEBT_ASSET_RATIO":45.5017577787,"OPERATE_PROFIT":null,"PRETAX_PROFIT":322828000,"NETCASH_OPERATE":203084000,"NETCASH_INVEST":-191094000,"NETCASH_FINANCE":260992000,"END_CASH":335835000,"DIVI_RATIO":7.587965390538,"DIVIDEND_RATE":0.278551532033,"CURRENT_RATIO":1.751621573457,"COMMON_ACS":25000000000,"CURRENTDEBT_DEBT":92.016483460943,"ISSUED_COMMON_SHARES":621250500,"HK_COMMON_SHARES":621250500,"PER_SHARES":500,"TOTAL_MARKET_CAP":4460578590,"HKSK_MARKET_CAP":4460578590,"PE_TTM":-14.678995260272,"PB_TTM":2.122279039234,"REPORT_DATE_SQ":"2019-12-31 00:00:00","REPORT_TYPE_SQ":"2019年年报","OPERATE_INCOME_SQ":677826000,"DPS_HKD":0.02,"OPERATE_INCOME_QOQ_SQ":13.670452182429,"NET_PROFIT_RATIO_SQ":-4.6537016875,"HOLDER_PROFIT_SQ":-30957000,"HOLDER_PROFIT_QOQ_SQ":37.344154792746,"ROE_AVG_SQ":-3.938284059726,"PE_TTM_SQ":37.056348287883,"PB_TTM_SQ":3.020310729542,"ROA_SQ":-2.44542774842,"START_DATE":"2020-01-01 00:00:00","FISCAL_YEAR":"12-31","CURRENCY":"HKD","IS_CNY_CODE":0,"DPS_HKD_LY":null,"ORG_TYPE":"一般企业","PREMIUM_INCOME":null,"PREMIUM_INCOME_YOY":null,"NET_INTEREST_INCOME":null,"NET_INTEREST_INCOME_YOY":null,"FEE_COMMISSION_INCOME":null,"FEE_COMMISSION_INCOME_YOY":null,"ACCOUNTS_RECE_TDAYS":3.22268595646,"INVENTORY_TDAYS":27.420735853333,"CURRENT_ASSETS_TDAYS":1.295125798718,"TOTAL_ASSETS_TDAYS":0.744159056311,"PREMIUM_EXPENSE":null,"LOAN_DEPOSIT":null,"LOAN_EQUITY":null,"LOAN_ASSETS":null,"DEPOSIT_EQUITY":null,"DEPOSIT_ASSETS":null,"EQUITY_MULTIPLIER":1.834921566716,"EQUITY_RATIO":0.849642335014},{"SECUCODE":"02325.HK","SECURITY_CODE":"02325","SECURITY_NAME_ABBR":"云康集团","ORG_CODE":"10997808","STD_REPORT_DATE":"2020-09-30 00:00:00","REPORT_DATE":"2020-09-30 00:00:00","DATE_TYPE_CODE":"004","REPORT_TYPE":"2020年三季报","PER_NETCASH_OPERATE":0.2089066276,"PER_OI":1.7971445294,"BPS":1.644505718708,"BASIC_EPS":23.02,"DILUTED_EPS":23.02,"OPERATE_INCOME":923629000,"OPERATE_INCOME_YOY":90.8056306139,"GROSS_PROFIT":525869000,"GROSS_PROFIT_YOY":138.541269754867,"HOLDER_PROFIT":225950000,"HOLDER_PROFIT_YOY":1245.0362337202,"GROSS_PROFIT_RATIO":56.935089738412,"EPS_TTM":0.417801580743,"OPERATE_INCOME_QOQ":64.848648473207,"NET_PROFIT_RATIO":24.9268916416,"ROE_AVG":25.142920729417,"GROSS_PROFIT_QOQ":102.079921388798,"ROA":14.145803510751,"HOLDER_PROFIT_QOQ":793.626643408599,"ROE_YEARLY":33.52389430589,"ROIC_YEARLY":16.053702280734,"TOTAL_ASSETS":1925341000,"TOTAL_LIABILITIES":884297000,"TAX_EBT":15.572326231514,"OCF_SALES":11.624364328101,"TOTAL_PARENT_EQUITY":1021650000,"DEBT_ASSET_RATIO":45.9293704336,"OPERATE_PROFIT":null,"PRETAX_PROFIT":278661000,"NETCASH_OPERATE":107366000,"NETCASH_INVEST":-169455000,"NETCASH_FINANCE":283144000,"END_CASH":281579000,"DIVI_RATIO":0.043380400734,"DIVIDEND_RATE":0.278551532033,"CURRENT_RATIO":1.202359965562,"COMMON_ACS":25000000000,"CURRENTDEBT_DEBT":91.024508734057,"ISSUED_COMMON_SHARES":621250500,"HK_COMMON_SHARES":621250500,"PER_SHARES":500,"TOTAL_MARKET_CAP":4460578590,"HKSK_MARKET_CAP":4460578590,"PE_TTM":-14.678995260272,"PB_TTM":2.122279039234,"REPORT_DATE_SQ":"2019-09-30 00:00:00","REPORT_TYPE_SQ":"2019年三季报","OPERATE_INCOME_SQ":484068000,"DPS_HKD":0.02,"OPERATE_INCOME_QOQ_SQ":0,"NET_PROFIT_RATIO_SQ":-4.1537552575,"HOLDER_PROFIT_SQ":-19733000,"HOLDER_PROFIT_QOQ_SQ":0,"ROE_AVG_SQ":null,"PE_TTM_SQ":37.056348287883,"PB_TTM_SQ":3.020310729542,"ROA_SQ":null,"START_DATE":"2020-01-01 00:00:00","FISCAL_YEAR":"12-31","CURRENCY":"HKD","IS_CNY_CODE":0,"DPS_HKD_LY":null,"ORG_TYPE":"一般企业","PREMIUM_INCOME":null,"PREMIUM_INCOME_YOY":null,"NET_INTEREST_INCOME":null,"NET_INTEREST_INCOME_YOY":null,"FEE_COMMISSION_INCOME":null,"FEE_COMMISSION_INCOME_YOY":null,"ACCOUNTS_RECE_TDAYS":2.420807915343,"INVENTORY_TDAYS":20.998284281378,"CURRENT_ASSETS_TDAYS":1.332448043948,"TOTAL_ASSETS_TDAYS":0.578246264697,"PREMIUM_EXPENSE":null,"LOAN_DEPOSIT":null,"LOAN_EQUITY":null,"LOAN_ASSETS":null,"DEPOSIT_EQUITY":null,"DEPOSIT_ASSETS":null,"EQUITY_MULTIPLIER":1.849432876997,"EQUITY_RATIO":0.865557676308}],"count":12},"success":true,"message":"ok","code":0}