{"version":"53f9fb9dc20ec778a1e8d3b1ba7e1232","result":{"pages":6,"data":[{"SECUCODE":"02323.HK","SECURITY_CODE":"02323","SECURITY_NAME_ABBR":"融科控股","ORG_CODE":"10010583","STD_REPORT_DATE":"2024-06-30 00:00:00","REPORT_DATE":"2024-06-30 00:00:00","DATE_TYPE_CODE":"002","REPORT_TYPE":"2024年中报","PER_NETCASH_OPERATE":-0.003589024486,"PER_OI":0.045959366284,"BPS":-0.016215580045,"BASIC_EPS":0.008579192,"DILUTED_EPS":0.008579192,"OPERATE_INCOME":121700401.92,"OPERATE_INCOME_YOY":-2.5868429704,"GROSS_PROFIT":22911006.04,"GROSS_PROFIT_YOY":21.301310030296,"HOLDER_PROFIT":22624424.52,"HOLDER_PROFIT_YOY":116.1204104725,"GROSS_PROFIT_RATIO":18.825743940485,"EPS_TTM":-0.066690680468,"OPERATE_INCOME_QOQ":-1.929104089682,"NET_PROFIT_RATIO":18.590262779,"ROE_AVG":-32.695617766347,"GROSS_PROFIT_QOQ":24.365713379138,"ROA":1.484850054943,"HOLDER_PROFIT_QOQ":48.211727274768,"ROE_YEARLY":-65.391235532694,"ROIC_YEARLY":2.999246830791,"TOTAL_ASSETS":1489066625.76,"TOTAL_LIABILITIES":1532005481.72,"TAX_EBT":2.378608277872,"OCF_SALES":-7.809125269978,"TOTAL_PARENT_EQUITY":-42938855.96,"DEBT_ASSET_RATIO":102.88360878,"OPERATE_PROFIT":60508858.64,"PRETAX_PROFIT":23175683.24,"NETCASH_OPERATE":-9503736.84,"NETCASH_INVEST":-865220.64,"NETCASH_FINANCE":-3194380,"END_CASH":8228722.88,"DIVI_RATIO":null,"DIVIDEND_RATE":null,"CURRENT_RATIO":0.490055983778,"COMMON_ACS":5000000000,"CURRENTDEBT_DEBT":98.27270566354,"ISSUED_COMMON_SHARES":2648000000,"HK_COMMON_SHARES":2648000000,"PER_SHARES":2000,"TOTAL_MARKET_CAP":50312000,"HKSK_MARKET_CAP":50312000,"PE_TTM":-0.254456992864,"PB_TTM":-1.06939868642,"REPORT_DATE_SQ":"2023-06-30 00:00:00","REPORT_TYPE_SQ":"2023年中报","OPERATE_INCOME_SQ":126205232.3,"DPS_HKD":null,"OPERATE_INCOME_QOQ_SQ":-4.614110331447,"NET_PROFIT_RATIO_SQ":-112.3380940205,"HOLDER_PROFIT_SQ":-141776552.52,"HOLDER_PROFIT_QOQ_SQ":27.169119351144,"ROE_AVG_SQ":-75.867155758714,"PE_TTM_SQ":-0.139869874038,"PB_TTM_SQ":0.435332572578,"ROA_SQ":-7.919363336212,"START_DATE":"2024-01-01 00:00:00","FISCAL_YEAR":"12-31","CURRENCY":"HKD","IS_CNY_CODE":0,"DPS_HKD_LY":null,"ORG_TYPE":"一般企业","PREMIUM_INCOME":null,"PREMIUM_INCOME_YOY":null,"NET_INTEREST_INCOME":null,"NET_INTEREST_INCOME_YOY":null,"FEE_COMMISSION_INCOME":null,"FEE_COMMISSION_INCOME_YOY":null,"ACCOUNTS_RECE_TDAYS":2.584361342339,"INVENTORY_TDAYS":3.270812558547,"CURRENT_ASSETS_TDAYS":0.159048172832,"TOTAL_ASSETS_TDAYS":0.079872461869,"PREMIUM_EXPENSE":null,"LOAN_DEPOSIT":null,"LOAN_EQUITY":null,"LOAN_ASSETS":null,"DEPOSIT_EQUITY":null,"DEPOSIT_ASSETS":null,"EQUITY_MULTIPLIER":-34.678768040095,"EQUITY_RATIO":-35.67876804047},{"SECUCODE":"02323.HK","SECURITY_CODE":"02323","SECURITY_NAME_ABBR":"融科控股","ORG_CODE":"10010583","STD_REPORT_DATE":"2023-12-31 00:00:00","REPORT_DATE":"2023-12-31 00:00:00","DATE_TYPE_CODE":"001","REPORT_TYPE":"2023年年报","PER_NETCASH_OPERATE":0.011291131594,"PER_OI":0.088187047092,"BPS":-0.035792952175,"BASIC_EPS":-0.128773862,"DILUTED_EPS":-0.128773862,"OPERATE_INCOME":233519300.7,"OPERATE_INCOME_YOY":-27.5518581205,"GROSS_PROFIT":16512234.62,"GROSS_PROFIT_YOY":-42.701232948087,"HOLDER_PROFIT":-340997898.92,"HOLDER_PROFIT_YOY":19.2754904148,"GROSS_PROFIT_RATIO":7.071036342822,"EPS_TTM":-0.128775641586,"OPERATE_INCOME_QOQ":-22.94620899902,"NET_PROFIT_RATIO":-146.0255738596,"ROE_AVG":-381.274983154578,"GROSS_PROFIT_QOQ":-71.153481349799,"ROA":-20.095455630542,"HOLDER_PROFIT_QOQ":-12.445155134505,"ROE_YEARLY":-381.274983154578,"ROIC_YEARLY":-20.482798000961,"TOTAL_ASSETS":1547271872.02,"TOTAL_LIABILITIES":1642051609.38,"TAX_EBT":-0.312705771328,"OCF_SALES":12.803616818984,"TOTAL_PARENT_EQUITY":-94779737.36,"DEBT_ASSET_RATIO":106.1256033328,"OPERATE_PROFIT":-272191332.98,"PRETAX_PROFIT":-339934902.86,"NETCASH_OPERATE":29898916.46,"NETCASH_INVEST":-89715.78,"NETCASH_FINANCE":-47412524.18,"END_CASH":21637814.94,"DIVI_RATIO":null,"DIVIDEND_RATE":null,"CURRENT_RATIO":0.486546361601,"COMMON_ACS":5000000000,"CURRENTDEBT_DEBT":98.49981705086,"ISSUED_COMMON_SHARES":2648000000,"HK_COMMON_SHARES":2648000000,"PER_SHARES":2000,"TOTAL_MARKET_CAP":47664000,"HKSK_MARKET_CAP":47664000,"PE_TTM":-0.241064519555,"PB_TTM":-1.013114545029,"REPORT_DATE_SQ":"2022-12-31 00:00:00","REPORT_TYPE_SQ":"2022年年报","OPERATE_INCOME_SQ":317720060.14,"DPS_HKD":null,"OPERATE_INCOME_QOQ_SQ":-16.038918118279,"NET_PROFIT_RATIO_SQ":-131.0541438701,"HOLDER_PROFIT_SQ":-416385304.72,"HOLDER_PROFIT_QOQ_SQ":6.101147655435,"ROE_AVG_SQ":-88.292864949436,"PE_TTM_SQ":-0.139869874038,"PB_TTM_SQ":0.435332572578,"ROA_SQ":-19.8073468916,"START_DATE":"2023-01-01 00:00:00","FISCAL_YEAR":"12-31","CURRENCY":"HKD","IS_CNY_CODE":0,"DPS_HKD_LY":null,"ORG_TYPE":"一般企业","PREMIUM_INCOME":null,"PREMIUM_INCOME_YOY":null,"NET_INTEREST_INCOME":null,"NET_INTEREST_INCOME_YOY":null,"FEE_COMMISSION_INCOME":null,"FEE_COMMISSION_INCOME_YOY":null,"ACCOUNTS_RECE_TDAYS":2.426778045657,"INVENTORY_TDAYS":6.375336119912,"CURRENT_ASSETS_TDAYS":0.249878786703,"TOTAL_ASSETS_TDAYS":0.137616001769,"PREMIUM_EXPENSE":null,"LOAN_DEPOSIT":null,"LOAN_EQUITY":null,"LOAN_ASSETS":null,"DEPOSIT_EQUITY":null,"DEPOSIT_ASSETS":null,"EQUITY_MULTIPLIER":-16.324922553268,"EQUITY_RATIO":-17.324922553257},{"SECUCODE":"02323.HK","SECURITY_CODE":"02323","SECURITY_NAME_ABBR":"融科控股","ORG_CODE":"10010583","STD_REPORT_DATE":"2023-06-30 00:00:00","REPORT_DATE":"2023-06-30 00:00:00","DATE_TYPE_CODE":"002","REPORT_TYPE":"2023年中报","PER_NETCASH_OPERATE":-0.004699034018,"PER_OI":0.047660586216,"BPS":0.036003876088,"BASIC_EPS":-0.053567038,"DILUTED_EPS":-0.053567038,"OPERATE_INCOME":126205232.3,"OPERATE_INCOME_YOY":-16.8973639797,"GROSS_PROFIT":18887682.28,"GROSS_PROFIT_YOY":298.062491967405,"HOLDER_PROFIT":-141776552.52,"HOLDER_PROFIT_YOY":48.409758847,"GROSS_PROFIT_RATIO":14.965847244037,"EPS_TTM":-0.114523068097,"OPERATE_INCOME_QOQ":-4.614110331447,"NET_PROFIT_RATIO":-112.3380940205,"ROE_AVG":-75.867155758714,"GROSS_PROFIT_QOQ":98.633213757019,"ROA":-7.919363336212,"HOLDER_PROFIT_QOQ":27.169119351144,"ROE_YEARLY":-151.734311517427,"ROIC_YEARLY":-16.177643303659,"TOTAL_ASSETS":1701881960.02,"TOTAL_LIABILITIES":1606543696.14,"TAX_EBT":-0.369432405619,"OCF_SALES":-9.859371004858,"TOTAL_PARENT_EQUITY":95338263.88,"DEBT_ASSET_RATIO":94.3980683667,"OPERATE_PROFIT":-107785915.86,"PRETAX_PROFIT":-141254711.84,"NETCASH_OPERATE":-12443042.08,"NETCASH_INVEST":-29503.36,"NETCASH_FINANCE":921980,"END_CASH":31729941.7,"DIVI_RATIO":null,"DIVIDEND_RATE":null,"CURRENT_RATIO":0.655299215486,"COMMON_ACS":5000000000,"CURRENTDEBT_DEBT":88.894704311581,"ISSUED_COMMON_SHARES":2648000000,"HK_COMMON_SHARES":2648000000,"PER_SHARES":2000,"TOTAL_MARKET_CAP":47664000,"HKSK_MARKET_CAP":47664000,"PE_TTM":-0.241064519555,"PB_TTM":-1.013114545029,"REPORT_DATE_SQ":"2022-06-30 00:00:00","REPORT_TYPE_SQ":"2022年中报","OPERATE_INCOME_SQ":140865186.42,"DPS_HKD":null,"OPERATE_INCOME_QOQ_SQ":-13.558515784243,"NET_PROFIT_RATIO_SQ":-180.9565439114,"HOLDER_PROFIT_SQ":-254904772.92,"HOLDER_PROFIT_QOQ_SQ":-20.101908969261,"ROE_AVG_SQ":-49.609373699715,"PE_TTM_SQ":-0.139869874038,"PB_TTM_SQ":0.435332572578,"ROA_SQ":-11.958845279821,"START_DATE":"2023-01-01 00:00:00","FISCAL_YEAR":"12-31","CURRENCY":"HKD","IS_CNY_CODE":0,"DPS_HKD_LY":null,"ORG_TYPE":"一般企业","PREMIUM_INCOME":null,"PREMIUM_INCOME_YOY":null,"NET_INTEREST_INCOME":null,"NET_INTEREST_INCOME_YOY":null,"FEE_COMMISSION_INCOME":null,"FEE_COMMISSION_INCOME_YOY":null,"ACCOUNTS_RECE_TDAYS":1.081402422164,"INVENTORY_TDAYS":2.922358494119,"CURRENT_ASSETS_TDAYS":0.123925940478,"TOTAL_ASSETS_TDAYS":0.070495795796,"PREMIUM_EXPENSE":null,"LOAN_DEPOSIT":null,"LOAN_EQUITY":null,"LOAN_ASSETS":null,"DEPOSIT_EQUITY":null,"DEPOSIT_ASSETS":null,"EQUITY_MULTIPLIER":17.850985436088,"EQUITY_RATIO":16.850985436048},{"SECUCODE":"02323.HK","SECURITY_CODE":"02323","SECURITY_NAME_ABBR":"融科控股","ORG_CODE":"10010583","STD_REPORT_DATE":"2022-12-31 00:00:00","REPORT_DATE":"2022-12-31 00:00:00","DATE_TYPE_CODE":"001","REPORT_TYPE":"2022年年报","PER_NETCASH_OPERATE":0.000767105733,"PER_OI":0.119984916971,"BPS":0.101866176424,"BASIC_EPS":-0.170435916,"DILUTED_EPS":-0.170435916,"OPERATE_INCOME":317720060.14,"OPERATE_INCOME_YOY":-33.570898958,"GROSS_PROFIT":28817783.47,"GROSS_PROFIT_YOY":-14.623583608297,"HOLDER_PROFIT":-416385304.72,"HOLDER_PROFIT_YOY":-3.2210633539,"GROSS_PROFIT_RATIO":9.070180667,"EPS_TTM":-0.15724520571,"OPERATE_INCOME_QOQ":-16.038918118279,"NET_PROFIT_RATIO":-131.0541438701,"ROE_AVG":-88.292864949436,"GROSS_PROFIT_QOQ":29.003632074907,"ROA":-19.8073468916,"HOLDER_PROFIT_QOQ":6.101147655435,"ROE_YEARLY":-88.292864949436,"ROIC_YEARLY":-20.164090403071,"TOTAL_ASSETS":1820122485.65,"TOTAL_LIABILITIES":1550380850.48,"TAX_EBT":-0.413167951264,"OCF_SALES":0.639335136442,"TOTAL_PARENT_EQUITY":269741635.17,"DEBT_ASSET_RATIO":85.1800284159,"OPERATE_PROFIT":-310199620.01,"PRETAX_PROFIT":-414672012.86,"NETCASH_OPERATE":2031295.98,"NETCASH_INVEST":1798152.51,"NETCASH_FINANCE":6714710.59,"END_CASH":41932773.61,"DIVI_RATIO":null,"DIVIDEND_RATE":null,"CURRENT_RATIO":0.77432227817,"COMMON_ACS":5000000000,"CURRENTDEBT_DEBT":88.850753388983,"ISSUED_COMMON_SHARES":2648000000,"HK_COMMON_SHARES":2648000000,"PER_SHARES":2000,"TOTAL_MARKET_CAP":47664000,"HKSK_MARKET_CAP":47664000,"PE_TTM":-0.241064519555,"PB_TTM":-1.013114545029,"REPORT_DATE_SQ":"2021-12-31 00:00:00","REPORT_TYPE_SQ":"2021年年报","OPERATE_INCOME_SQ":437768385.6,"DPS_HKD":null,"OPERATE_INCOME_QOQ_SQ":13.376998427465,"NET_PROFIT_RATIO_SQ":-84.3413997322,"HOLDER_PROFIT_SQ":-369219984,"HOLDER_PROFIT_QOQ_SQ":49.074818297832,"ROE_AVG_SQ":-46.481252180787,"PE_TTM_SQ":-0.139869874038,"PB_TTM_SQ":0.435332572578,"ROA_SQ":-16.072454349446,"START_DATE":"2022-01-01 00:00:00","FISCAL_YEAR":"12-31","CURRENCY":"HKD","IS_CNY_CODE":0,"DPS_HKD_LY":null,"ORG_TYPE":"一般企业","PREMIUM_INCOME":null,"PREMIUM_INCOME_YOY":null,"NET_INTEREST_INCOME":null,"NET_INTEREST_INCOME_YOY":null,"FEE_COMMISSION_INCOME":null,"FEE_COMMISSION_INCOME_YOY":null,"ACCOUNTS_RECE_TDAYS":1.537549091019,"INVENTORY_TDAYS":6.42071409428,"CURRENT_ASSETS_TDAYS":0.243398499503,"TOTAL_ASSETS_TDAYS":0.151138653893,"PREMIUM_EXPENSE":null,"LOAN_DEPOSIT":null,"LOAN_EQUITY":null,"LOAN_ASSETS":null,"DEPOSIT_EQUITY":null,"DEPOSIT_ASSETS":null,"EQUITY_MULTIPLIER":6.747651264547,"EQUITY_RATIO":5.747651264525},{"SECUCODE":"02323.HK","SECURITY_CODE":"02323","SECURITY_NAME_ABBR":"融科控股","ORG_CODE":"10010583","STD_REPORT_DATE":"2022-06-30 00:00:00","REPORT_DATE":"2022-06-30 00:00:00","DATE_TYPE_CODE":"002","REPORT_TYPE":"2022年中报","PER_NETCASH_OPERATE":-0.00287883824,"PER_OI":0.053196822666,"BPS":0.144602358969,"BASIC_EPS":-0.114082346,"DILUTED_EPS":-0.114082346,"OPERATE_INCOME":140865186.42,"OPERATE_INCOME_YOY":-31.5460507177,"GROSS_PROFIT":-9536223.69,"GROSS_PROFIT_YOY":-607.560023419599,"HOLDER_PROFIT":-254904772.92,"HOLDER_PROFIT_YOY":-37.2649068838,"GROSS_PROFIT_RATIO":-6.769751939679,"EPS_TTM":-0.167462329713,"OPERATE_INCOME_QOQ":-13.558515784243,"NET_PROFIT_RATIO":-180.9565439114,"ROE_AVG":-49.609373699715,"GROSS_PROFIT_QOQ":-33.818594857757,"ROA":-11.958845279821,"HOLDER_PROFIT_QOQ":-20.101908969261,"ROE_YEARLY":-99.218747399431,"ROIC_YEARLY":-24.260829063052,"TOTAL_ASSETS":1980443015.67,"TOTAL_LIABILITIES":1597535969.12,"TAX_EBT":-0.368044448186,"OCF_SALES":-5.411673284037,"TOTAL_PARENT_EQUITY":382907046.55,"DEBT_ASSET_RATIO":80.6655862592,"OPERATE_PROFIT":-188678004.13,"PRETAX_PROFIT":-253970050.25,"NETCASH_OPERATE":-7623163.66,"NETCASH_INVEST":69270.39,"NETCASH_FINANCE":5714379.58,"END_CASH":29227828.63,"DIVI_RATIO":null,"DIVIDEND_RATE":null,"CURRENT_RATIO":1.190465684907,"COMMON_ACS":5000000000,"CURRENTDEBT_DEBT":64.301184980258,"ISSUED_COMMON_SHARES":2648000000,"HK_COMMON_SHARES":2648000000,"PER_SHARES":2000,"TOTAL_MARKET_CAP":47664000,"HKSK_MARKET_CAP":47664000,"PE_TTM":-0.241064519555,"PB_TTM":-1.013114545029,"REPORT_DATE_SQ":"2021-06-30 00:00:00","REPORT_TYPE_SQ":"2021年中报","OPERATE_INCOME_SQ":200220082.08,"DPS_HKD":null,"OPERATE_INCOME_QOQ_SQ":65.277115030534,"NET_PROFIT_RATIO_SQ":-90.2429496397,"HOLDER_PROFIT_SQ":-180684507.84,"HOLDER_PROFIT_QOQ_SQ":16.36270422929,"ROE_AVG_SQ":-19.62886061166,"PE_TTM_SQ":-0.139869874038,"PB_TTM_SQ":0.435332572578,"ROA_SQ":-7.572780355437,"START_DATE":"2022-01-01 00:00:00","FISCAL_YEAR":"12-31","CURRENCY":"HKD","IS_CNY_CODE":0,"DPS_HKD_LY":null,"ORG_TYPE":"一般企业","PREMIUM_INCOME":null,"PREMIUM_INCOME_YOY":null,"NET_INTEREST_INCOME":null,"NET_INTEREST_INCOME_YOY":null,"FEE_COMMISSION_INCOME":null,"FEE_COMMISSION_INCOME_YOY":null,"ACCOUNTS_RECE_TDAYS":0.668083535791,"INVENTORY_TDAYS":3.30307673507,"CURRENT_ASSETS_TDAYS":0.104301507964,"TOTAL_ASSETS_TDAYS":0.066086835112,"PREMIUM_EXPENSE":null,"LOAN_DEPOSIT":null,"LOAN_EQUITY":null,"LOAN_ASSETS":null,"DEPOSIT_EQUITY":null,"DEPOSIT_ASSETS":null,"EQUITY_MULTIPLIER":5.172124758507,"EQUITY_RATIO":4.172124758512},{"SECUCODE":"02323.HK","SECURITY_CODE":"02323","SECURITY_NAME_ABBR":"融科控股","ORG_CODE":"10010583","STD_REPORT_DATE":"2021-12-31 00:00:00","REPORT_DATE":"2021-12-31 00:00:00","DATE_TYPE_CODE":"001","REPORT_TYPE":"2021年年报","PER_NETCASH_OPERATE":0.056361818841,"PER_OI":0.198264667391,"BPS":0.232779797583,"BASIC_EPS":-0.1671992,"DILUTED_EPS":-0.1671992,"OPERATE_INCOME":437768385.6,"OPERATE_INCOME_YOY":92.8959740611,"GROSS_PROFIT":33753798.4,"GROSS_PROFIT_YOY":128.667372065454,"HOLDER_PROFIT":-369219984,"HOLDER_PROFIT_YOY":56.1552039178,"GROSS_PROFIT_RATIO":7.710423938846,"EPS_TTM":-0.167219195652,"OPERATE_INCOME_QOQ":13.376998427465,"NET_PROFIT_RATIO":-84.3413997322,"ROE_AVG":-46.481252180787,"GROSS_PROFIT_QOQ":198.019115131199,"ROA":-16.072454349446,"HOLDER_PROFIT_QOQ":49.074818297832,"ROE_YEARLY":-46.481252180787,"ROIC_YEARLY":-16.259931343836,"TOTAL_ASSETS":2182258612.8,"TOTAL_LIABILITIES":1565857708.8,"TAX_EBT":-15.669223774701,"OCF_SALES":28.427565830144,"TOTAL_PARENT_EQUITY":616400904,"DEBT_ASSET_RATIO":71.7539937575,"OPERATE_PROFIT":-233795172.8,"PRETAX_PROFIT":-319203304,"NETCASH_OPERATE":124446896,"NETCASH_INVEST":-3509139.2,"NETCASH_FINANCE":-110781529.6,"END_CASH":29701772.8,"DIVI_RATIO":null,"DIVIDEND_RATE":null,"CURRENT_RATIO":1.006376394764,"COMMON_ACS":5000000000,"CURRENTDEBT_DEBT":89.682318393808,"ISSUED_COMMON_SHARES":2648000000,"HK_COMMON_SHARES":2648000000,"PER_SHARES":2000,"TOTAL_MARKET_CAP":47664000,"HKSK_MARKET_CAP":47664000,"PE_TTM":-0.241064519555,"PB_TTM":-1.013114545029,"REPORT_DATE_SQ":"2020-12-31 00:00:00","REPORT_TYPE_SQ":"2020年年报","OPERATE_INCOME_SQ":233618223,"DPS_HKD":null,"OPERATE_INCOME_QOQ_SQ":127.313903430303,"NET_PROFIT_RATIO_SQ":-371.0615149059,"HOLDER_PROFIT_SQ":-866867317.36,"HOLDER_PROFIT_QOQ_SQ":-42.754205803019,"ROE_AVG_SQ":-62.039095856738,"PE_TTM_SQ":-0.139869874038,"PB_TTM_SQ":0.435332572578,"ROA_SQ":-27.660660123547,"START_DATE":"2021-01-01 00:00:00","FISCAL_YEAR":"12-31","CURRENCY":"HKD","IS_CNY_CODE":0,"DPS_HKD_LY":null,"ORG_TYPE":"一般企业","PREMIUM_INCOME":null,"PREMIUM_INCOME_YOY":null,"NET_INTEREST_INCOME":null,"NET_INTEREST_INCOME_YOY":null,"FEE_COMMISSION_INCOME":null,"FEE_COMMISSION_INCOME_YOY":null,"ACCOUNTS_RECE_TDAYS":1.702653842913,"INVENTORY_TDAYS":8.830439871693,"CURRENT_ASSETS_TDAYS":0.289372264999,"TOTAL_ASSETS_TDAYS":0.190564235363,"PREMIUM_EXPENSE":null,"LOAN_DEPOSIT":null,"LOAN_EQUITY":null,"LOAN_ASSETS":null,"DEPOSIT_EQUITY":null,"DEPOSIT_ASSETS":null,"EQUITY_MULTIPLIER":3.540323511277,"EQUITY_RATIO":2.540323511271},{"SECUCODE":"02323.HK","SECURITY_CODE":"02323","SECURITY_NAME_ABBR":"融科控股","ORG_CODE":"10010583","STD_REPORT_DATE":"2021-06-30 00:00:00","REPORT_DATE":"2021-06-30 00:00:00","DATE_TYPE_CODE":"002","REPORT_TYPE":"2021年中报","PER_NETCASH_OPERATE":0.030915841957,"PER_OI":0.090679385,"BPS":0.321565925891,"BASIC_EPS":-0.081793464,"DILUTED_EPS":-0.081793464,"OPERATE_INCOME":200220082.08,"OPERATE_INCOME_YOY":360.5899354938,"GROSS_PROFIT":1878836.64,"GROSS_PROFIT_YOY":101.477187498959,"HOLDER_PROFIT":-180684507.84,"HOLDER_PROFIT_YOY":38.5008397269,"GROSS_PROFIT_RATIO":0.938385710605,"EPS_TTM":-0.32836249192,"OPERATE_INCOME_QOQ":65.277115030534,"NET_PROFIT_RATIO":-90.2429496397,"ROE_AVG":-19.62886061166,"GROSS_PROFIT_QOQ":109.619306484027,"ROA":-7.572780355437,"HOLDER_PROFIT_QOQ":16.36270422929,"ROE_YEARLY":-39.257721223319,"ROIC_YEARLY":-15.321512176269,"TOTAL_ASSETS":2317039922.88,"TOTAL_LIABILITIES":1465533351.12,"TAX_EBT":6.51213652841,"OCF_SALES":34.09357259814,"TOTAL_PARENT_EQUITY":851506571.76,"DEBT_ASSET_RATIO":63.2502416833,"OPERATE_PROFIT":-138527174.64,"PRETAX_PROFIT":-193270549.92,"NETCASH_OPERATE":68262179.04,"NETCASH_INVEST":-3956540.4,"NETCASH_FINANCE":-56873500.08,"END_CASH":31116463.68,"DIVI_RATIO":null,"DIVIDEND_RATE":null,"CURRENT_RATIO":1.638317329268,"COMMON_ACS":5000000000,"CURRENTDEBT_DEBT":63.762846415324,"ISSUED_COMMON_SHARES":2648000000,"HK_COMMON_SHARES":2648000000,"PER_SHARES":2000,"TOTAL_MARKET_CAP":47664000,"HKSK_MARKET_CAP":47664000,"PE_TTM":-0.241064519555,"PB_TTM":-1.013114545029,"REPORT_DATE_SQ":"2020-06-30 00:00:00","REPORT_TYPE_SQ":"2020年中报","OPERATE_INCOME_SQ":47720845.92,"DPS_HKD":null,"OPERATE_INCOME_QOQ_SQ":-45.089463653901,"NET_PROFIT_RATIO_SQ":-675.8627950156,"HOLDER_PROFIT_SQ":-322527443.04,"HOLDER_PROFIT_QOQ_SQ":-2.926712207222,"ROE_AVG_SQ":-18.058260471092,"PE_TTM_SQ":-0.139869874038,"PB_TTM_SQ":0.435332572578,"ROA_SQ":-8.708334391793,"START_DATE":"2021-01-01 00:00:00","FISCAL_YEAR":"12-31","CURRENCY":"HKD","IS_CNY_CODE":0,"DPS_HKD_LY":null,"ORG_TYPE":"一般企业","PREMIUM_INCOME":null,"PREMIUM_INCOME_YOY":null,"NET_INTEREST_INCOME":null,"NET_INTEREST_INCOME_YOY":null,"FEE_COMMISSION_INCOME":null,"FEE_COMMISSION_INCOME_YOY":null,"ACCOUNTS_RECE_TDAYS":0.79953614636,"INVENTORY_TDAYS":4.035587007864,"CURRENT_ASSETS_TDAYS":0.126246258536,"TOTAL_ASSETS_TDAYS":0.083915479111,"PREMIUM_EXPENSE":null,"LOAN_DEPOSIT":null,"LOAN_EQUITY":null,"LOAN_ASSETS":null,"DEPOSIT_EQUITY":null,"DEPOSIT_ASSETS":null,"EQUITY_MULTIPLIER":2.721106330502,"EQUITY_RATIO":1.721106330502},{"SECUCODE":"02323.HK","SECURITY_CODE":"02323","SECURITY_NAME_ABBR":"融科控股","ORG_CODE":"10010583","STD_REPORT_DATE":"2020-12-31 00:00:00","REPORT_DATE":"2020-12-31 00:00:00","DATE_TYPE_CODE":"001","REPORT_TYPE":"2020年年报","PER_NETCASH_OPERATE":-0.060660593116,"PER_OI":0.10580535462,"BPS":0.377972323731,"BASIC_EPS":-0.39262506,"DILUTED_EPS":-0.39262506,"OPERATE_INCOME":233618223,"OPERATE_INCOME_YOY":32.8485074734,"GROSS_PROFIT":-117742911.08,"GROSS_PROFIT_YOY":26.603695104145,"HOLDER_PROFIT":-866867317.36,"HOLDER_PROFIT_YOY":-56.3838881053,"GROSS_PROFIT_RATIO":-50.399711789606,"EPS_TTM":-0.392602951703,"OPERATE_INCOME_QOQ":127.313903430303,"NET_PROFIT_RATIO":-371.0615149059,"ROE_AVG":-62.039095856738,"GROSS_PROFIT_QOQ":54.621861784029,"ROA":-27.660660123547,"HOLDER_PROFIT_QOQ":-42.754205803019,"ROE_YEARLY":-62.039095856738,"ROIC_YEARLY":-28.019912050621,"TOTAL_ASSETS":2483111533,"TOTAL_LIABILITIES":1482240819.76,"TAX_EBT":0.676190421086,"OCF_SALES":-57.332252544357,"TOTAL_PARENT_EQUITY":1000870713.24,"DEBT_ASSET_RATIO":59.6928812927,"OPERATE_PROFIT":-748899688.4,"PRETAX_PROFIT":-872768897.04,"NETCASH_OPERATE":-133938589.6,"NETCASH_INVEST":-7227162.68,"NETCASH_FINANCE":147877831.28,"END_CASH":23956440.96,"DIVI_RATIO":null,"DIVIDEND_RATE":null,"CURRENT_RATIO":1.80645288349,"COMMON_ACS":5000000000,"CURRENTDEBT_DEBT":61.98835523021,"ISSUED_COMMON_SHARES":2648000000,"HK_COMMON_SHARES":2648000000,"PER_SHARES":2000,"TOTAL_MARKET_CAP":47664000,"HKSK_MARKET_CAP":47664000,"PE_TTM":-0.241064519555,"PB_TTM":-1.013114545029,"REPORT_DATE_SQ":"2019-12-31 00:00:00","REPORT_TYPE_SQ":"2019年年报","OPERATE_INCOME_SQ":187165168.98,"DPS_HKD":null,"OPERATE_INCOME_QOQ_SQ":-49.130002790505,"NET_PROFIT_RATIO_SQ":-315.2497595015,"HOLDER_PROFIT_SQ":-589977727.82,"HOLDER_PROFIT_QOQ_SQ":-10.148210195377,"ROE_AVG_SQ":-26.464575720115,"PE_TTM_SQ":-0.139869874038,"PB_TTM_SQ":0.435332572578,"ROA_SQ":-13.653271430338,"START_DATE":"2020-01-01 00:00:00","FISCAL_YEAR":"12-31","CURRENCY":"HKD","IS_CNY_CODE":0,"DPS_HKD_LY":null,"ORG_TYPE":"一般企业","PREMIUM_INCOME":null,"PREMIUM_INCOME_YOY":null,"NET_INTEREST_INCOME":null,"NET_INTEREST_INCOME_YOY":null,"FEE_COMMISSION_INCOME":null,"FEE_COMMISSION_INCOME_YOY":null,"ACCOUNTS_RECE_TDAYS":0.320274657947,"INVENTORY_TDAYS":7.484259591251,"CURRENT_ASSETS_TDAYS":0.101571982636,"TOTAL_ASSETS_TDAYS":0.074544675242,"PREMIUM_EXPENSE":null,"LOAN_DEPOSIT":null,"LOAN_EQUITY":null,"LOAN_ASSETS":null,"DEPOSIT_EQUITY":null,"DEPOSIT_ASSETS":null,"EQUITY_MULTIPLIER":2.480951335822,"EQUITY_RATIO":1.480951335824},{"SECUCODE":"02323.HK","SECURITY_CODE":"02323","SECURITY_NAME_ABBR":"融科控股","ORG_CODE":"10010583","STD_REPORT_DATE":"2020-06-30 00:00:00","REPORT_DATE":"2020-06-30 00:00:00","DATE_TYPE_CODE":"002","REPORT_TYPE":"2020年中报","PER_NETCASH_OPERATE":-0.048692805652,"PER_OI":0.021612701957,"BPS":0.613799944169,"BASIC_EPS":-0.146059056,"DILUTED_EPS":-0.146059056,"OPERATE_INCOME":47720845.92,"OPERATE_INCOME_YOY":-65.2144673938,"GROSS_PROFIT":-127190125.92,"GROSS_PROFIT_YOY":-351.985302770188,"HOLDER_PROFIT":-322527443.04,"HOLDER_PROFIT_YOY":-1.7491736811,"GROSS_PROFIT_RATIO":-266.529487204027,"EPS_TTM":-0.275020234601,"OPERATE_INCOME_QOQ":-45.089463653901,"NET_PROFIT_RATIO":-675.8627950156,"ROE_AVG":-18.058260471092,"GROSS_PROFIT_QOQ":-61.743755432483,"ROA":-8.708334391793,"HOLDER_PROFIT_QOQ":-2.926712207222,"ROE_YEARLY":-36.116520942184,"ROIC_YEARLY":-17.634448932523,"TOTAL_ASSETS":3299691473.76,"TOTAL_LIABILITIES":1674349221.6,"TAX_EBT":1.889460975684,"OCF_SALES":-225.297168998718,"TOTAL_PARENT_EQUITY":1625342252.16,"DEBT_ASSET_RATIO":50.7425992677,"OPERATE_PROFIT":-339423342.72,"PRETAX_PROFIT":-328738835.04,"NETCASH_OPERATE":-107513714.88,"NETCASH_INVEST":-888777.12,"NETCASH_FINANCE":120897437.76,"END_CASH":30260440.32,"DIVI_RATIO":null,"DIVIDEND_RATE":null,"CURRENT_RATIO":2.305725727215,"COMMON_ACS":5000000000,"CURRENTDEBT_DEBT":55.746625095812,"ISSUED_COMMON_SHARES":2648000000,"HK_COMMON_SHARES":2648000000,"PER_SHARES":2000,"TOTAL_MARKET_CAP":47664000,"HKSK_MARKET_CAP":47664000,"PE_TTM":-0.241064519555,"PB_TTM":-1.013114545029,"REPORT_DATE_SQ":"2019-06-30 00:00:00","REPORT_TYPE_SQ":"2019年中报","OPERATE_INCOME_SQ":132112616.76,"DPS_HKD":null,"OPERATE_INCOME_QOQ_SQ":7.976950719236,"NET_PROFIT_RATIO_SQ":-231.0608179191,"HOLDER_PROFIT_SQ":-305260492.86,"HOLDER_PROFIT_QOQ_SQ":-42.938153592774,"ROE_AVG_SQ":-12.969821574834,"PE_TTM_SQ":-0.139869874038,"PB_TTM_SQ":0.435332572578,"ROA_SQ":-6.957715489163,"START_DATE":"2020-01-01 00:00:00","FISCAL_YEAR":"12-31","CURRENCY":"HKD","IS_CNY_CODE":0,"DPS_HKD_LY":null,"ORG_TYPE":"一般企业","PREMIUM_INCOME":null,"PREMIUM_INCOME_YOY":null,"NET_INTEREST_INCOME":null,"NET_INTEREST_INCOME_YOY":null,"FEE_COMMISSION_INCOME":null,"FEE_COMMISSION_INCOME_YOY":null,"ACCOUNTS_RECE_TDAYS":0.059434280484,"INVENTORY_TDAYS":3.283480229089,"CURRENT_ASSETS_TDAYS":0.017862158486,"TOTAL_ASSETS_TDAYS":0.012884766636,"PREMIUM_EXPENSE":null,"LOAN_DEPOSIT":null,"LOAN_EQUITY":null,"LOAN_ASSETS":null,"DEPOSIT_EQUITY":null,"DEPOSIT_ASSETS":null,"EQUITY_MULTIPLIER":2.030151784571,"EQUITY_RATIO":1.03015178457}],"count":46},"success":true,"message":"ok","code":0}