{"version":"8f061bf21dfed94d0499d870e8f60e27","result":{"pages":2,"data":[{"SECUCODE":"02321.HK","SECURITY_CODE":"02321","SECURITY_NAME_ABBR":"双财庄","ORG_CODE":"10000173834","STD_REPORT_DATE":"2024-06-30 00:00:00","REPORT_DATE":"2024-06-30 00:00:00","DATE_TYPE_CODE":"002","REPORT_TYPE":"2024年中报","PER_NETCASH_OPERATE":0.02530715671,"PER_OI":0.712000735212,"BPS":0.369729288825,"BASIC_EPS":0.0215855573,"DILUTED_EPS":0.0215855573,"OPERATE_INCOME":712107535.321821,"OPERATE_INCOME_YOY":-2.0720763733,"GROSS_PROFIT":83783661.3935515,"GROSS_PROFIT_YOY":-7.711422289955,"HOLDER_PROFIT":21559896.1478082,"HOLDER_PROFIT_YOY":-13.1732522796,"GROSS_PROFIT_RATIO":11.765591183597,"EPS_TTM":0.037837813458,"OPERATE_INCOME_QOQ":-2.447239863844,"NET_PROFIT_RATIO":3.0276180322,"ROE_AVG":6.045714285714,"GROSS_PROFIT_QOQ":-4.115749321523,"ROA":3.979349618865,"HOLDER_PROFIT_QOQ":-9.466472198788,"ROE_YEARLY":12.091428571429,"ROIC_YEARLY":9.83862329535,"TOTAL_ASSETS":556685484.844825,"TOTAL_LIABILITIES":186900736.626011,"TAX_EBT":23.456591639871,"OCF_SALES":3.554372272166,"TOTAL_PARENT_EQUITY":369784748.218814,"DEBT_ASSET_RATIO":33.5738476598,"OPERATE_PROFIT":29395604.3956044,"PRETAX_PROFIT":28166888.0569979,"NETCASH_OPERATE":25310952.7834803,"NETCASH_INVEST":-29049933.5829006,"NETCASH_FINANCE":-22264823.0889989,"END_CASH":42177877.067987,"DIVI_RATIO":0.323326558328,"DIVIDEND_RATE":3.103448275862,"CURRENT_RATIO":3.090431603083,"COMMON_ACS":1500000000,"CURRENTDEBT_DEBT":79.958487457397,"ISSUED_COMMON_SHARES":1000150000,"HK_COMMON_SHARES":1000150000,"PER_SHARES":5000,"TOTAL_MARKET_CAP":435065250,"HKSK_MARKET_CAP":435065250,"PE_TTM":10.340812675956,"PB_TTM":1.073801321588,"REPORT_DATE_SQ":"2023-06-30 00:00:00","REPORT_TYPE_SQ":"2023年中报","OPERATE_INCOME_SQ":747264491.91059,"DPS_HKD":0.0135,"OPERATE_INCOME_QOQ_SQ":10.418379670773,"NET_PROFIT_RATIO_SQ":3.4147121159,"HOLDER_PROFIT_SQ":25516931.1430654,"HOLDER_PROFIT_QOQ_SQ":2.645833502071,"ROE_AVG_SQ":7.67789257018,"PE_TTM_SQ":8.075998054316,"PB_TTM_SQ":1.034081953997,"ROA_SQ":4.43552844805,"START_DATE":"2024-01-01 00:00:00","FISCAL_YEAR":"12-31","CURRENCY":"HKD","IS_CNY_CODE":0,"DPS_HKD_LY":0.0135,"ORG_TYPE":"一般企业","PREMIUM_INCOME":null,"PREMIUM_INCOME_YOY":null,"NET_INTEREST_INCOME":null,"NET_INTEREST_INCOME_YOY":null,"FEE_COMMISSION_INCOME":null,"FEE_COMMISSION_INCOME_YOY":null,"ACCOUNTS_RECE_TDAYS":3.458071278826,"INVENTORY_TDAYS":4.655229489129,"CURRENT_ASSETS_TDAYS":1.600168918346,"TOTAL_ASSETS_TDAYS":1.314349953194,"PREMIUM_EXPENSE":null,"LOAN_DEPOSIT":null,"LOAN_EQUITY":null,"LOAN_ASSETS":null,"DEPOSIT_EQUITY":null,"DEPOSIT_ASSETS":null,"EQUITY_MULTIPLIER":1.505431166446,"EQUITY_RATIO":0.505431166446},{"SECUCODE":"02321.HK","SECURITY_CODE":"02321","SECURITY_NAME_ABBR":"双财庄","ORG_CODE":"10000173834","STD_REPORT_DATE":"2023-12-31 00:00:00","REPORT_DATE":"2023-12-31 00:00:00","DATE_TYPE_CODE":"001","REPORT_TYPE":"2023年年报","PER_NETCASH_OPERATE":0.047358396472,"PER_OI":1.43638081234,"BPS":0.350687338321,"BASIC_EPS":0.041775859411,"DILUTED_EPS":0.041775859411,"OPERATE_INCOME":1436596269.462,"OPERATE_INCOME_YOY":11.4862197424,"GROSS_PROFIT":170097117.311546,"GROSS_PROFIT_YOY":-3.378327347555,"HOLDER_PROFIT":41800524.1251734,"HOLDER_PROFIT_YOY":1.2282077127,"GROSS_PROFIT_RATIO":11.84028671989,"EPS_TTM":0.041794254987,"OPERATE_INCOME_QOQ":-1.313117739296,"NET_PROFIT_RATIO":2.909691819,"ROE_AVG":12.312805935721,"GROSS_PROFIT_QOQ":-5.495557746333,"ROA":7.551541582771,"HOLDER_PROFIT_QOQ":-3.608257568461,"ROE_YEARLY":12.312805935721,"ROIC_YEARLY":9.542242617043,"TOTAL_ASSETS":538096192.384769,"TOTAL_LIABILITIES":187356250.963465,"TAX_EBT":26.198900440912,"OCF_SALES":3.297064125676,"TOTAL_PARENT_EQUITY":350739941.421304,"DEBT_ASSET_RATIO":34.8183565717,"OPERATE_PROFIT":60434715.5850162,"PRETAX_PROFIT":56639432.711577,"NETCASH_OPERATE":47365500.2312317,"NETCASH_INVEST":48729767.2267612,"NETCASH_FINANCE":-62275319.8705102,"END_CASH":69630029.2893479,"DIVI_RATIO":0.292718939573,"DIVIDEND_RATE":3.139534883721,"CURRENT_RATIO":3.005668633912,"COMMON_ACS":1500000000,"CURRENTDEBT_DEBT":77.653902483174,"ISSUED_COMMON_SHARES":1000150000,"HK_COMMON_SHARES":1000150000,"PER_SHARES":5000,"TOTAL_MARKET_CAP":430064500,"HKSK_MARKET_CAP":430064500,"PE_TTM":10.22195276014,"PB_TTM":1.061458777661,"REPORT_DATE_SQ":"2022-12-31 00:00:00","REPORT_TYPE_SQ":"2022年年报","OPERATE_INCOME_SQ":1318359750.8083,"DPS_HKD":0.0135,"OPERATE_INCOME_QOQ_SQ":16.486808811541,"NET_PROFIT_RATIO_SQ":3.2045469227,"HOLDER_PROFIT_SQ":42247456.8251715,"HOLDER_PROFIT_QOQ_SQ":8.793050085654,"ROE_AVG_SQ":16.580525758711,"PE_TTM_SQ":8.075998054316,"PB_TTM_SQ":1.034081953997,"ROA_SQ":9.203272870324,"START_DATE":"2023-01-01 00:00:00","FISCAL_YEAR":"12-31","CURRENCY":"HKD","IS_CNY_CODE":0,"DPS_HKD_LY":0.023,"ORG_TYPE":"一般企业","PREMIUM_INCOME":null,"PREMIUM_INCOME_YOY":null,"NET_INTEREST_INCOME":null,"NET_INTEREST_INCOME_YOY":null,"FEE_COMMISSION_INCOME":null,"FEE_COMMISSION_INCOME_YOY":null,"ACCOUNTS_RECE_TDAYS":7.258594032955,"INVENTORY_TDAYS":8.841968187004,"CURRENT_ASSETS_TDAYS":3.143503823463,"TOTAL_ASSETS_TDAYS":2.595306325349,"PREMIUM_EXPENSE":null,"LOAN_DEPOSIT":null,"LOAN_EQUITY":null,"LOAN_ASSETS":null,"DEPOSIT_EQUITY":null,"DEPOSIT_ASSETS":null,"EQUITY_MULTIPLIER":1.534174266563,"EQUITY_RATIO":0.534174266564},{"SECUCODE":"02321.HK","SECURITY_CODE":"02321","SECURITY_NAME_ABBR":"双财庄","ORG_CODE":"10000173834","STD_REPORT_DATE":"2023-06-30 00:00:00","REPORT_DATE":"2023-06-30 00:00:00","DATE_TYPE_CODE":"002","REPORT_TYPE":"2023年中报","PER_NETCASH_OPERATE":0.033002634881,"PER_OI":0.747152419048,"BPS":0.33434729156,"BASIC_EPS":0.025439372082,"DILUTED_EPS":0.025439372082,"OPERATE_INCOME":747264491.91059,"OPERATE_INCOME_YOY":20.4552273887,"GROSS_PROFIT":90784432.3452309,"GROSS_PROFIT_YOY":4.541678480963,"HOLDER_PROFIT":25516931.1430654,"HOLDER_PROFIT_YOY":2.8189261829,"GROSS_PROFIT_RATIO":12.148902206382,"EPS_TTM":0.043358750379,"OPERATE_INCOME_QOQ":10.418379670773,"NET_PROFIT_RATIO":3.4147121159,"ROE_AVG":7.67789257018,"GROSS_PROFIT_QOQ":2.240350134119,"ROA":4.43552844805,"HOLDER_PROFIT_QOQ":2.645833502071,"ROE_YEARLY":15.355785140361,"ROIC_YEARLY":11.271987227365,"TOTAL_ASSETS":578036825.04227,"TOTAL_LIABILITIES":243639381.388928,"TAX_EBT":30.479249429465,"OCF_SALES":4.4171221346,"TOTAL_PARENT_EQUITY":334397443.653342,"DEBT_ASSET_RATIO":42.1494567186,"OPERATE_PROFIT":38858640.8550111,"PRETAX_PROFIT":36704050.1341772,"NETCASH_OPERATE":33007585.2761878,"NETCASH_INVEST":8019606.93067771,"NETCASH_FINANCE":-17761025.0205532,"END_CASH":58983666.061706,"DIVI_RATIO":0.282156886281,"DIVIDEND_RATE":3.139534883721,"CURRENT_RATIO":2.369392640175,"COMMON_ACS":1500000000,"CURRENTDEBT_DEBT":84.049482068162,"ISSUED_COMMON_SHARES":1000150000,"HK_COMMON_SHARES":1000150000,"PER_SHARES":5000,"TOTAL_MARKET_CAP":430064500,"HKSK_MARKET_CAP":430064500,"PE_TTM":10.22195276014,"PB_TTM":1.061458777661,"REPORT_DATE_SQ":"2022-06-30 00:00:00","REPORT_TYPE_SQ":"2022年中报","OPERATE_INCOME_SQ":609912767.644726,"DPS_HKD":0.0135,"OPERATE_INCOME_QOQ_SQ":10.856809867015,"NET_PROFIT_RATIO_SQ":4.0004300731,"HOLDER_PROFIT_SQ":24399133.776612,"HOLDER_PROFIT_QOQ_SQ":7.837420262638,"ROE_AVG_SQ":13.54802652192,"PE_TTM_SQ":8.075998054316,"PB_TTM_SQ":1.034081953997,"ROA_SQ":6.806767200393,"START_DATE":"2023-01-01 00:00:00","FISCAL_YEAR":"12-31","CURRENCY":"HKD","IS_CNY_CODE":0,"DPS_HKD_LY":0.023,"ORG_TYPE":"一般企业","PREMIUM_INCOME":null,"PREMIUM_INCOME_YOY":null,"NET_INTEREST_INCOME":null,"NET_INTEREST_INCOME_YOY":null,"FEE_COMMISSION_INCOME":null,"FEE_COMMISSION_INCOME_YOY":null,"ACCOUNTS_RECE_TDAYS":3.730795740561,"INVENTORY_TDAYS":4.421572263635,"CURRENT_ASSETS_TDAYS":1.548902882295,"TOTAL_ASSETS_TDAYS":1.298946528289,"PREMIUM_EXPENSE":null,"LOAN_DEPOSIT":null,"LOAN_EQUITY":null,"LOAN_ASSETS":null,"DEPOSIT_EQUITY":null,"DEPOSIT_ASSETS":null,"EQUITY_MULTIPLIER":1.728592236612,"EQUITY_RATIO":0.728592236613},{"SECUCODE":"02321.HK","SECURITY_CODE":"02321","SECURITY_NAME_ABBR":"双财庄","ORG_CODE":"10000173834","STD_REPORT_DATE":"2022-12-31 00:00:00","REPORT_DATE":"2022-12-31 00:00:00","DATE_TYPE_CODE":"001","REPORT_TYPE":"2022年年报","PER_NETCASH_OPERATE":-0.031506984385,"PER_OI":1.318162026504,"BPS":0.335770153364,"BASIC_EPS":0.051257787241,"DILUTED_EPS":0.051257787241,"OPERATE_INCOME":1318359750.8083,"OPERATE_INCOME_YOY":24.997532666,"GROSS_PROFIT":176044475.987698,"GROSS_PROFIT_YOY":22.01550461995,"HOLDER_PROFIT":42247456.8251715,"HOLDER_PROFIT_YOY":13.5619806681,"GROSS_PROFIT_RATIO":13.353295705498,"EPS_TTM":0.042241120657,"OPERATE_INCOME_QOQ":16.486808811541,"NET_PROFIT_RATIO":3.2045469227,"ROE_AVG":16.580525758711,"GROSS_PROFIT_QOQ":12.051417837977,"ROA":9.203272870324,"HOLDER_PROFIT_QOQ":8.793050085654,"ROE_YEARLY":16.580525758711,"ROIC_YEARLY":10.815339395016,"TOTAL_ASSETS":582122860.973109,"TOTAL_LIABILITIES":246302342.086586,"TAX_EBT":32.261980022759,"OCF_SALES":-2.390220910007,"TOTAL_PARENT_EQUITY":335820518.886523,"DEBT_ASSET_RATIO":42.3110581287,"OPERATE_PROFIT":64764608.4693636,"PRETAX_PROFIT":62368898.351865,"NETCASH_OPERATE":-31511710.4329312,"NETCASH_INVEST":-85941171.8318745,"NETCASH_FINANCE":146878006.466367,"END_CASH":36315747.969403,"DIVI_RATIO":0.289622287707,"DIVIDEND_RATE":3.139534883721,"CURRENT_RATIO":2.212709020528,"COMMON_ACS":1500000000,"CURRENTDEBT_DEBT":89.492725782491,"ISSUED_COMMON_SHARES":1000150000,"HK_COMMON_SHARES":1000150000,"PER_SHARES":5000,"TOTAL_MARKET_CAP":430064500,"HKSK_MARKET_CAP":430064500,"PE_TTM":10.22195276014,"PB_TTM":1.061458777661,"REPORT_DATE_SQ":"2021-12-31 00:00:00","REPORT_TYPE_SQ":"2021年年报","OPERATE_INCOME_SQ":1020927285.77317,"DPS_HKD":0.0135,"OPERATE_INCOME_QOQ_SQ":11.802017705714,"NET_PROFIT_RATIO_SQ":3.5272408626,"HOLDER_PROFIT_SQ":36010564.4016305,"HOLDER_PROFIT_QOQ_SQ":18.457265981062,"ROE_AVG_SQ":23.976296115592,"PE_TTM_SQ":8.075998054316,"PB_TTM_SQ":1.034081953997,"ROA_SQ":11.392995056499,"START_DATE":"2022-01-01 00:00:00","FISCAL_YEAR":"12-31","CURRENCY":"HKD","IS_CNY_CODE":0,"DPS_HKD_LY":null,"ORG_TYPE":"一般企业","PREMIUM_INCOME":null,"PREMIUM_INCOME_YOY":null,"NET_INTEREST_INCOME":null,"NET_INTEREST_INCOME_YOY":null,"FEE_COMMISSION_INCOME":null,"FEE_COMMISSION_INCOME_YOY":null,"ACCOUNTS_RECE_TDAYS":7.46034905151,"INVENTORY_TDAYS":9.394707828004,"CURRENT_ASSETS_TDAYS":3.492305410549,"TOTAL_ASSETS_TDAYS":2.871941991242,"PREMIUM_EXPENSE":null,"LOAN_DEPOSIT":null,"LOAN_EQUITY":null,"LOAN_ASSETS":null,"DEPOSIT_EQUITY":null,"DEPOSIT_ASSETS":null,"EQUITY_MULTIPLIER":1.733434463456,"EQUITY_RATIO":0.733434463455},{"SECUCODE":"02321.HK","SECURITY_CODE":"02321","SECURITY_NAME_ABBR":"双财庄","ORG_CODE":"10000173834","STD_REPORT_DATE":"2022-06-30 00:00:00","REPORT_DATE":"2022-06-30 00:00:00","DATE_TYPE_CODE":"002","REPORT_TYPE":"2022年中报","PER_NETCASH_OPERATE":null,"PER_OI":null,"BPS":0.192118745172,"BASIC_EPS":0.033703409992,"DILUTED_EPS":0.033703409992,"OPERATE_INCOME":609912767.644726,"OPERATE_INCOME_YOY":24.6888484274,"GROSS_PROFIT":86840419.6913317,"GROSS_PROFIT_YOY":17.335437668927,"HOLDER_PROFIT":24399133.776612,"HOLDER_PROFIT_YOY":15.3746304175,"GROSS_PROFIT_RATIO":14.238170488983,"EPS_TTM":null,"OPERATE_INCOME_QOQ":10.856809867015,"NET_PROFIT_RATIO":4.0004300731,"ROE_AVG":13.54802652192,"GROSS_PROFIT_QOQ":8.892423651774,"ROA":6.806767200393,"HOLDER_PROFIT_QOQ":7.837420262638,"ROE_YEARLY":27.096053043839,"ROIC_YEARLY":14.033964316416,"TOTAL_ASSETS":392037760.019521,"TOTAL_LIABILITIES":199890197.03532,"TAX_EBT":29.301811754308,"OCF_SALES":1.307222227779,"TOTAL_PARENT_EQUITY":192147562.984201,"DEBT_ASSET_RATIO":50.9874857527,"OPERATE_PROFIT":35618861.7092661,"PRETAX_PROFIT":34511681.815409,"NETCASH_OPERATE":7972915.26871226,"NETCASH_INVEST":-4085585.31080339,"NETCASH_FINANCE":4093210.51668395,"END_CASH":14644970.4142012,"DIVI_RATIO":null,"DIVIDEND_RATE":3.139534883721,"CURRENT_RATIO":1.844693543899,"COMMON_ACS":1500000000,"CURRENTDEBT_DEBT":87.73193359375,"ISSUED_COMMON_SHARES":1000150000,"HK_COMMON_SHARES":1000150000,"PER_SHARES":5000,"TOTAL_MARKET_CAP":430064500,"HKSK_MARKET_CAP":430064500,"PE_TTM":10.22195276014,"PB_TTM":1.061458777661,"REPORT_DATE_SQ":"2021-06-30 00:00:00","REPORT_TYPE_SQ":"2021年中报","OPERATE_INCOME_SQ":499072633.347856,"DPS_HKD":0.0135,"OPERATE_INCOME_QOQ_SQ":0,"NET_PROFIT_RATIO_SQ":4.3233856284,"HOLDER_PROFIT_SQ":21576834.5055082,"HOLDER_PROFIT_QOQ_SQ":0,"ROE_AVG_SQ":null,"PE_TTM_SQ":8.075998054316,"PB_TTM_SQ":1.034081953997,"ROA_SQ":null,"START_DATE":"2022-01-01 00:00:00","FISCAL_YEAR":"12-31","CURRENCY":"HKD","IS_CNY_CODE":0,"DPS_HKD_LY":null,"ORG_TYPE":"一般企业","PREMIUM_INCOME":null,"PREMIUM_INCOME_YOY":null,"NET_INTEREST_INCOME":null,"NET_INTEREST_INCOME_YOY":null,"FEE_COMMISSION_INCOME":null,"FEE_COMMISSION_INCOME_YOY":null,"ACCOUNTS_RECE_TDAYS":3.732571759227,"INVENTORY_TDAYS":5.455223583863,"CURRENT_ASSETS_TDAYS":2.096123608461,"TOTAL_ASSETS_TDAYS":1.701508856796,"PREMIUM_EXPENSE":null,"LOAN_DEPOSIT":null,"LOAN_EQUITY":null,"LOAN_ASSETS":null,"DEPOSIT_EQUITY":null,"DEPOSIT_ASSETS":null,"EQUITY_MULTIPLIER":2.04029524981,"EQUITY_RATIO":1.040295249812},{"SECUCODE":"02321.HK","SECURITY_CODE":"02321","SECURITY_NAME_ABBR":"双财庄","ORG_CODE":"10000173834","STD_REPORT_DATE":"2021-12-31 00:00:00","REPORT_DATE":"2021-12-31 00:00:00","DATE_TYPE_CODE":"001","REPORT_TYPE":"2021年年报","PER_NETCASH_OPERATE":null,"PER_OI":null,"BPS":0.168191494174,"BASIC_EPS":0.049768712883,"DILUTED_EPS":0.049768712883,"OPERATE_INCOME":1020927285.77317,"OPERATE_INCOME_YOY":18.4378497853,"GROSS_PROFIT":144280414.637497,"GROSS_PROFIT_YOY":11.889567409735,"HOLDER_PROFIT":36010564.4016305,"HOLDER_PROFIT_YOY":25.4881098048,"GROSS_PROFIT_RATIO":14.13229097195,"EPS_TTM":null,"OPERATE_INCOME_QOQ":11.802017705714,"NET_PROFIT_RATIO":3.5272408626,"ROE_AVG":23.976296115592,"GROSS_PROFIT_QOQ":11.889567409735,"ROA":11.392995056499,"HOLDER_PROFIT_QOQ":18.457265981062,"ROE_YEARLY":23.976296115592,"ROIC_YEARLY":11.895498339583,"TOTAL_ASSETS":325212585.683098,"TOTAL_LIABILITIES":156995862.784911,"TAX_EBT":27.988765417023,"OCF_SALES":0.748424644629,"TOTAL_PARENT_EQUITY":168216722.898188,"DEBT_ASSET_RATIO":48.2748422713,"OPERATE_PROFIT":52102957.1164679,"PRETAX_PROFIT":50006869.9143551,"NETCASH_OPERATE":7640871.41046975,"NETCASH_INVEST":865609.208738531,"NETCASH_FINANCE":-21699769.4762072,"END_CASH":6671450.16258797,"DIVI_RATIO":null,"DIVIDEND_RATE":3.139534883721,"CURRENT_RATIO":1.99337763924,"COMMON_ACS":1500000000,"CURRENTDEBT_DEBT":82.669661697638,"ISSUED_COMMON_SHARES":1000150000,"HK_COMMON_SHARES":1000150000,"PER_SHARES":5000,"TOTAL_MARKET_CAP":430064500,"HKSK_MARKET_CAP":430064500,"PE_TTM":10.22195276014,"PB_TTM":1.061458777661,"REPORT_DATE_SQ":"2020-12-31 00:00:00","REPORT_TYPE_SQ":"2020年年报","OPERATE_INCOME_SQ":913156405.155823,"DPS_HKD":0.0135,"OPERATE_INCOME_QOQ_SQ":1.638565498716,"NET_PROFIT_RATIO_SQ":3.3290709701,"HOLDER_PROFIT_SQ":30399624.795821,"HOLDER_PROFIT_QOQ_SQ":-5.934135629974,"ROE_AVG_SQ":21.291513751076,"PE_TTM_SQ":8.075998054316,"PB_TTM_SQ":1.034081953997,"ROA_SQ":9.609033933483,"START_DATE":"2021-01-01 00:00:00","FISCAL_YEAR":"12-31","CURRENCY":"HKD","IS_CNY_CODE":0,"DPS_HKD_LY":null,"ORG_TYPE":"一般企业","PREMIUM_INCOME":null,"PREMIUM_INCOME_YOY":null,"NET_INTEREST_INCOME":null,"NET_INTEREST_INCOME_YOY":null,"FEE_COMMISSION_INCOME":null,"FEE_COMMISSION_INCOME_YOY":null,"ACCOUNTS_RECE_TDAYS":7.958513828724,"INVENTORY_TDAYS":11.334642677378,"CURRENT_ASSETS_TDAYS":4.060968759583,"TOTAL_ASSETS_TDAYS":3.230002004448,"PREMIUM_EXPENSE":null,"LOAN_DEPOSIT":null,"LOAN_EQUITY":null,"LOAN_ASSETS":null,"DEPOSIT_EQUITY":null,"DEPOSIT_ASSETS":null,"EQUITY_MULTIPLIER":1.933295216314,"EQUITY_RATIO":0.933295216314},{"SECUCODE":"02321.HK","SECURITY_CODE":"02321","SECURITY_NAME_ABBR":"双财庄","ORG_CODE":"10000173834","STD_REPORT_DATE":"2021-06-30 00:00:00","REPORT_DATE":"2021-06-30 00:00:00","DATE_TYPE_CODE":"002","REPORT_TYPE":"2021年中报","PER_NETCASH_OPERATE":null,"PER_OI":null,"BPS":null,"BASIC_EPS":0.029874898861,"DILUTED_EPS":0.029874898861,"OPERATE_INCOME":499072633.347856,"OPERATE_INCOME_YOY":null,"GROSS_PROFIT":74010393.9752287,"GROSS_PROFIT_YOY":null,"HOLDER_PROFIT":21576834.5055082,"HOLDER_PROFIT_YOY":null,"GROSS_PROFIT_RATIO":14.829583717856,"EPS_TTM":null,"OPERATE_INCOME_QOQ":0,"NET_PROFIT_RATIO":4.3233856284,"ROE_AVG":null,"GROSS_PROFIT_QOQ":0,"ROA":null,"HOLDER_PROFIT_QOQ":0,"ROE_YEARLY":null,"ROIC_YEARLY":null,"TOTAL_ASSETS":null,"TOTAL_LIABILITIES":null,"TAX_EBT":26.923482293423,"OCF_SALES":1.795824707555,"TOTAL_PARENT_EQUITY":null,"DEBT_ASSET_RATIO":null,"OPERATE_PROFIT":30705794.4855916,"PRETAX_PROFIT":29526358.3743076,"NETCASH_OPERATE":8962469.65830585,"NETCASH_INVEST":4683512.79019107,"NETCASH_FINANCE":-16163565.0712641,"END_CASH":17728885.2928362,"DIVI_RATIO":null,"DIVIDEND_RATE":3.139534883721,"CURRENT_RATIO":null,"COMMON_ACS":1500000000,"CURRENTDEBT_DEBT":null,"ISSUED_COMMON_SHARES":1000150000,"HK_COMMON_SHARES":1000150000,"PER_SHARES":5000,"TOTAL_MARKET_CAP":430064500,"HKSK_MARKET_CAP":430064500,"PE_TTM":10.22195276014,"PB_TTM":1.061458777661,"REPORT_DATE_SQ":"2020-06-30 00:00:00","REPORT_TYPE_SQ":"2020年中报","OPERATE_INCOME_SQ":null,"DPS_HKD":0.0135,"OPERATE_INCOME_QOQ_SQ":0,"NET_PROFIT_RATIO_SQ":null,"HOLDER_PROFIT_SQ":null,"HOLDER_PROFIT_QOQ_SQ":0,"ROE_AVG_SQ":null,"PE_TTM_SQ":8.075998054316,"PB_TTM_SQ":1.034081953997,"ROA_SQ":null,"START_DATE":"2021-01-01 00:00:00","FISCAL_YEAR":"12-31","CURRENCY":"HKD","IS_CNY_CODE":0,"DPS_HKD_LY":null,"ORG_TYPE":"一般企业","PREMIUM_INCOME":null,"PREMIUM_INCOME_YOY":null,"NET_INTEREST_INCOME":null,"NET_INTEREST_INCOME_YOY":null,"FEE_COMMISSION_INCOME":null,"FEE_COMMISSION_INCOME_YOY":null,"ACCOUNTS_RECE_TDAYS":null,"INVENTORY_TDAYS":null,"CURRENT_ASSETS_TDAYS":4.012259041043,"TOTAL_ASSETS_TDAYS":3.190609534704,"PREMIUM_EXPENSE":null,"LOAN_DEPOSIT":null,"LOAN_EQUITY":null,"LOAN_ASSETS":null,"DEPOSIT_EQUITY":null,"DEPOSIT_ASSETS":null,"EQUITY_MULTIPLIER":null,"EQUITY_RATIO":null},{"SECUCODE":"02321.HK","SECURITY_CODE":"02321","SECURITY_NAME_ABBR":"双财庄","ORG_CODE":"10000173834","STD_REPORT_DATE":"2020-12-31 00:00:00","REPORT_DATE":"2020-12-31 00:00:00","DATE_TYPE_CODE":"001","REPORT_TYPE":"2020年年报","PER_NETCASH_OPERATE":null,"PER_OI":null,"BPS":0.139991615881,"BASIC_EPS":null,"DILUTED_EPS":null,"OPERATE_INCOME":913156405.155823,"OPERATE_INCOME_YOY":13.5086996291,"GROSS_PROFIT":128948943.120987,"GROSS_PROFIT_YOY":14.697481067563,"HOLDER_PROFIT":30399624.795821,"HOLDER_PROFIT_YOY":6.4503341262,"GROSS_PROFIT_RATIO":14.121232944644,"EPS_TTM":null,"OPERATE_INCOME_QOQ":1.638565498716,"NET_PROFIT_RATIO":3.3290709701,"ROE_AVG":21.291513751076,"GROSS_PROFIT_QOQ":4.669240788827,"ROA":9.609033933483,"HOLDER_PROFIT_QOQ":-5.934135629974,"ROE_YEARLY":21.291513751076,"ROIC_YEARLY":10.262023633718,"TOTAL_ASSETS":325158087.105591,"TOTAL_LIABILITIES":185145472.482331,"TAX_EBT":30.658846097093,"OCF_SALES":5.605066662888,"TOTAL_PARENT_EQUITY":140012614.623259,"DEBT_ASSET_RATIO":56.9401407575,"OPERATE_PROFIT":46397554.7037989,"PRETAX_PROFIT":43840667.6046771,"NETCASH_OPERATE":51183025.2454191,"NETCASH_INVEST":-12129445.4417544,"NETCASH_FINANCE":-36815292.804813,"END_CASH":21043779.2117478,"DIVI_RATIO":null,"DIVIDEND_RATE":3.139534883721,"CURRENT_RATIO":1.693701137736,"COMMON_ACS":1500000000,"CURRENTDEBT_DEBT":82.457351001476,"ISSUED_COMMON_SHARES":1000150000,"HK_COMMON_SHARES":1000150000,"PER_SHARES":5000,"TOTAL_MARKET_CAP":430064500,"HKSK_MARKET_CAP":430064500,"PE_TTM":10.22195276014,"PB_TTM":1.061458777661,"REPORT_DATE_SQ":"2019-12-31 00:00:00","REPORT_TYPE_SQ":"2019年年报","OPERATE_INCOME_SQ":844943266.748199,"DPS_HKD":0.0135,"OPERATE_INCOME_QOQ_SQ":16.566618597666,"NET_PROFIT_RATIO_SQ":3.549810528,"HOLDER_PROFIT_SQ":29993885.0387281,"HOLDER_PROFIT_QOQ_SQ":-0.708148720466,"ROE_AVG_SQ":20.085309674117,"PE_TTM_SQ":8.075998054316,"PB_TTM_SQ":1.034081953997,"ROA_SQ":9.942763511668,"START_DATE":"2020-01-01 00:00:00","FISCAL_YEAR":"12-31","CURRENCY":"HKD","IS_CNY_CODE":0,"DPS_HKD_LY":null,"ORG_TYPE":"一般企业","PREMIUM_INCOME":null,"PREMIUM_INCOME_YOY":null,"NET_INTEREST_INCOME":null,"NET_INTEREST_INCOME_YOY":null,"FEE_COMMISSION_INCOME":null,"FEE_COMMISSION_INCOME_YOY":null,"ACCOUNTS_RECE_TDAYS":7.850943422461,"INVENTORY_TDAYS":10.899913456891,"CURRENT_ASSETS_TDAYS":3.734832649821,"TOTAL_ASSETS_TDAYS":2.886401046938,"PREMIUM_EXPENSE":null,"LOAN_DEPOSIT":null,"LOAN_EQUITY":null,"LOAN_ASSETS":null,"DEPOSIT_EQUITY":null,"DEPOSIT_ASSETS":null,"EQUITY_MULTIPLIER":2.3223485111,"EQUITY_RATIO":1.3223485111},{"SECUCODE":"02321.HK","SECURITY_CODE":"02321","SECURITY_NAME_ABBR":"双财庄","ORG_CODE":"10000173834","STD_REPORT_DATE":"2020-09-30 00:00:00","REPORT_DATE":"2020-09-30 00:00:00","DATE_TYPE_CODE":"004","REPORT_TYPE":"2020年三季报","PER_NETCASH_OPERATE":null,"PER_OI":null,"BPS":0.17605990639,"BASIC_EPS":null,"DILUTED_EPS":null,"OPERATE_INCOME":686756127.932888,"OPERATE_INCOME_YOY":12.1363483137,"GROSS_PROFIT":97625835.627212,"GROSS_PROFIT_YOY":12.401586307628,"HOLDER_PROFIT":28614497.312885,"HOLDER_PROFIT_YOY":12.5402758087,"GROSS_PROFIT_RATIO":14.21550265901,"EPS_TTM":null,"OPERATE_INCOME_QOQ":6.330802934565,"NET_PROFIT_RATIO":4.1666169618,"ROE_AVG":17.688377063045,"GROSS_PROFIT_QOQ":9.580885657676,"ROA":8.558351057052,"HOLDER_PROFIT_QOQ":7.746569138372,"ROE_YEARLY":23.584502750726,"ROIC_YEARLY":9.4176013805,"TOTAL_ASSETS":357083169.48486,"TOTAL_LIABILITIES":180996854.10932,"TAX_EBT":23.827801282331,"OCF_SALES":8.598777022529,"TOTAL_PARENT_EQUITY":176086315.375541,"DEBT_ASSET_RATIO":50.6875903366,"OPERATE_PROFIT":null,"PRETAX_PROFIT":37565539.3891729,"NETCASH_OPERATE":59052628.1295058,"NETCASH_INVEST":-16963232.402674,"NETCASH_FINANCE":-19601192.816883,"END_CASH":41540503.3425089,"DIVI_RATIO":null,"DIVIDEND_RATE":3.139534883721,"CURRENT_RATIO":1.997834020012,"COMMON_ACS":1500000000,"CURRENTDEBT_DEBT":76.901490051238,"ISSUED_COMMON_SHARES":1000150000,"HK_COMMON_SHARES":1000150000,"PER_SHARES":5000,"TOTAL_MARKET_CAP":430064500,"HKSK_MARKET_CAP":430064500,"PE_TTM":10.22195276014,"PB_TTM":1.061458777661,"REPORT_DATE_SQ":"2019-09-30 00:00:00","REPORT_TYPE_SQ":"2019年三季报","OPERATE_INCOME_SQ":633264434.806181,"DPS_HKD":0.0135,"OPERATE_INCOME_QOQ_SQ":0,"NET_PROFIT_RATIO_SQ":4.1516622166,"HOLDER_PROFIT_SQ":26291000.2710762,"HOLDER_PROFIT_QOQ_SQ":0,"ROE_AVG_SQ":null,"PE_TTM_SQ":8.075998054316,"PB_TTM_SQ":1.034081953997,"ROA_SQ":null,"START_DATE":"2020-01-01 00:00:00","FISCAL_YEAR":"12-31","CURRENCY":"HKD","IS_CNY_CODE":0,"DPS_HKD_LY":null,"ORG_TYPE":"一般企业","PREMIUM_INCOME":null,"PREMIUM_INCOME_YOY":null,"NET_INTEREST_INCOME":null,"NET_INTEREST_INCOME_YOY":null,"FEE_COMMISSION_INCOME":null,"FEE_COMMISSION_INCOME_YOY":null,"ACCOUNTS_RECE_TDAYS":5.677301818428,"INVENTORY_TDAYS":8.330912081929,"CURRENT_ASSETS_TDAYS":2.685131680942,"TOTAL_ASSETS_TDAYS":2.05402875653,"PREMIUM_EXPENSE":null,"LOAN_DEPOSIT":null,"LOAN_EQUITY":null,"LOAN_ASSETS":null,"DEPOSIT_EQUITY":null,"DEPOSIT_ASSETS":null,"EQUITY_MULTIPLIER":2.027887111633,"EQUITY_RATIO":1.027887111632}],"count":12},"success":true,"message":"ok","code":0}