{"version":"283906fd7ea911fd758ae4be69f7d98c","result":{"pages":6,"data":[{"SECUCODE":"02326.HK","SECURITY_CODE":"02326","SECURITY_NAME_ABBR":"新源万恒控股","ORG_CODE":"10010585","STD_REPORT_DATE":"2024-06-30 00:00:00","REPORT_DATE":"2024-09-30 00:00:00","DATE_TYPE_CODE":"002","REPORT_TYPE":"2024年中报","PER_NETCASH_OPERATE":0.000419884374,"PER_OI":0.012483102129,"BPS":0.018359259264,"BASIC_EPS":-0.0007484857,"DILUTED_EPS":-0.0007484857,"OPERATE_INCOME":263194625.82,"OPERATE_INCOME_YOY":-59.8978271085,"GROSS_PROFIT":-4888603.59,"GROSS_PROFIT_YOY":-142.800863344068,"HOLDER_PROFIT":-15704672.85,"HOLDER_PROFIT_YOY":-2188.1294964029,"GROSS_PROFIT_RATIO":-1.857410110396,"EPS_TTM":-0.001323530953,"OPERATE_INCOME_QOQ":0,"NET_PROFIT_RATIO":-5.9628312398,"ROE_AVG":-4.027171556583,"GROSS_PROFIT_QOQ":0,"ROA":-3.348565154733,"HOLDER_PROFIT_QOQ":0,"ROE_YEARLY":-8.054343113167,"ROIC_YEARLY":-6.658408175906,"TOTAL_ASSETS":432671627.68,"TOTAL_LIABILITIES":54026238.9,"TAX_EBT":0.022979261217,"OCF_SALES":3.363622035373,"TOTAL_PARENT_EQUITY":387087946.76,"DEBT_ASSET_RATIO":12.4866608864,"OPERATE_PROFIT":-15519805.9,"PRETAX_PROFIT":-15697458.53,"NETCASH_OPERATE":8852872.43,"NETCASH_INVEST":-9365990.94,"NETCASH_FINANCE":null,"END_CASH":5465749.19,"DIVI_RATIO":null,"DIVIDEND_RATE":null,"CURRENT_RATIO":6.761078804893,"COMMON_ACS":500000000000,"CURRENTDEBT_DEBT":99.889834752128,"ISSUED_COMMON_SHARES":21084072140,"HK_COMMON_SHARES":21084072140,"PER_SHARES":10000,"TOTAL_MARKET_CAP":231924793.54,"HKSK_MARKET_CAP":231924793.54,"PE_TTM":-4.730166497522,"PB_TTM":0.540309925217,"REPORT_DATE_SQ":"2023-06-30 00:00:00","REPORT_TYPE_SQ":"2023年中报","OPERATE_INCOME_SQ":667838267.18,"DPS_HKD":null,"OPERATE_INCOME_QOQ_SQ":0,"NET_PROFIT_RATIO_SQ":0.0681519018,"HOLDER_PROFIT_SQ":765303.42,"HOLDER_PROFIT_QOQ_SQ":0,"ROE_AVG_SQ":0.174557875668,"PE_TTM_SQ":49.59791140908,"PB_TTM_SQ":0.456018742038,"ROA_SQ":0.049997227372,"START_DATE":"2024-04-01 00:00:00","FISCAL_YEAR":"3-31","CURRENCY":"HKD","IS_CNY_CODE":0,"DPS_HKD_LY":null,"ORG_TYPE":"一般企业","PREMIUM_INCOME":null,"PREMIUM_INCOME_YOY":null,"NET_INTEREST_INCOME":null,"NET_INTEREST_INCOME_YOY":null,"FEE_COMMISSION_INCOME":null,"FEE_COMMISSION_INCOME_YOY":null,"ACCOUNTS_RECE_TDAYS":2.995735159021,"INVENTORY_TDAYS":8.880362050424,"CURRENT_ASSETS_TDAYS":0.648231211305,"TOTAL_ASSETS_TDAYS":0.561186063124,"PREMIUM_EXPENSE":null,"LOAN_DEPOSIT":null,"LOAN_EQUITY":null,"LOAN_ASSETS":null,"DEPOSIT_EQUITY":null,"DEPOSIT_ASSETS":null,"EQUITY_MULTIPLIER":1.142682944256,"EQUITY_RATIO":0.13957096663},{"SECUCODE":"02326.HK","SECURITY_CODE":"02326","SECURITY_NAME_ABBR":"新源万恒控股","ORG_CODE":"10010585","STD_REPORT_DATE":"2023-12-31 00:00:00","REPORT_DATE":"2024-03-31 00:00:00","DATE_TYPE_CODE":"001","REPORT_TYPE":"2023年年报","PER_NETCASH_OPERATE":0.000054821063,"PER_OI":0.037162446256,"BPS":0.018730787887,"BASIC_EPS":-0.001323563,"DILUTED_EPS":-0.001323563,"OPERATE_INCOME":783535697.75,"OPERATE_INCOME_YOY":-54.228358024,"GROSS_PROFIT":10908516.15,"GROSS_PROFIT_YOY":-34.78628472773,"HOLDER_PROFIT":-27905422.1,"HOLDER_PROFIT_YOY":-1771.11834962,"GROSS_PROFIT_RATIO":1.392216867888,"EPS_TTM":0.000180340003,"OPERATE_INCOME_QOQ":0,"NET_PROFIT_RATIO":-3.6076385072,"ROE_AVG":-6.628073601719,"GROSS_PROFIT_QOQ":0,"ROA":-2.602544629514,"HOLDER_PROFIT_QOQ":0,"ROE_YEARLY":-6.628073601719,"ROIC_YEARLY":-2.597767567232,"TOTAL_ASSETS":507989825.25,"TOTAL_LIABILITIES":121455036.25,"TAX_EBT":-3.132235231858,"OCF_SALES":0.147517369447,"TOTAL_PARENT_EQUITY":394921283.05,"DEBT_ASSET_RATIO":23.908950576,"OPERATE_PROFIT":-26829347.25,"PRETAX_PROFIT":-27408632.7,"NETCASH_OPERATE":1155851.25,"NETCASH_INVEST":-1775024.9,"NETCASH_FINANCE":null,"END_CASH":5895294.65,"DIVI_RATIO":null,"DIVIDEND_RATE":null,"CURRENT_RATIO":3.774941571443,"COMMON_ACS":500000000000,"CURRENTDEBT_DEBT":98.045904086583,"ISSUED_COMMON_SHARES":21084072140,"HK_COMMON_SHARES":21084072140,"PER_SHARES":10000,"TOTAL_MARKET_CAP":210840721.4,"HKSK_MARKET_CAP":210840721.4,"PE_TTM":-4.300151361384,"PB_TTM":0.491190841107,"REPORT_DATE_SQ":"2022-12-31 00:00:00","REPORT_TYPE_SQ":"2022年年报","OPERATE_INCOME_SQ":1653034952.18,"DPS_HKD":null,"OPERATE_INCOME_QOQ_SQ":0,"NET_PROFIT_RATIO_SQ":0.0708045023,"HOLDER_PROFIT_SQ":1612505.22,"HOLDER_PROFIT_QOQ_SQ":0,"ROE_AVG_SQ":0.359666225057,"PE_TTM_SQ":114.462932356135,"PB_TTM_SQ":0.456018742038,"ROA_SQ":0.151592773419,"START_DATE":"2023-04-01 00:00:00","FISCAL_YEAR":"3-31","CURRENCY":"HKD","IS_CNY_CODE":0,"DPS_HKD_LY":null,"ORG_TYPE":"一般企业","PREMIUM_INCOME":null,"PREMIUM_INCOME_YOY":null,"NET_INTEREST_INCOME":null,"NET_INTEREST_INCOME_YOY":null,"FEE_COMMISSION_INCOME":null,"FEE_COMMISSION_INCOME_YOY":null,"ACCOUNTS_RECE_TDAYS":1.128611031675,"INVENTORY_TDAYS":23.86180250301,"CURRENT_ASSETS_TDAYS":0.766487749614,"TOTAL_ASSETS_TDAYS":0.730749248266,"PREMIUM_EXPENSE":null,"LOAN_DEPOSIT":null,"LOAN_EQUITY":null,"LOAN_ASSETS":null,"DEPOSIT_EQUITY":null,"DEPOSIT_ASSETS":null,"EQUITY_MULTIPLIER":1.314215019467,"EQUITY_RATIO":0.307542392529},{"SECUCODE":"02326.HK","SECURITY_CODE":"02326","SECURITY_NAME_ABBR":"新源万恒控股","ORG_CODE":"10010585","STD_REPORT_DATE":"2023-06-30 00:00:00","REPORT_DATE":"2023-09-30 00:00:00","DATE_TYPE_CODE":"002","REPORT_TYPE":"2023年中报","PER_NETCASH_OPERATE":-0.000033294657,"PER_OI":0.031675013382,"BPS":0.020122637853,"BASIC_EPS":0.0000367052,"DILUTED_EPS":0.0000367052,"OPERATE_INCOME":667838267.18,"OPERATE_INCOME_YOY":19.5178467324,"GROSS_PROFIT":11421740.61,"GROSS_PROFIT_YOY":135.343313278545,"HOLDER_PROFIT":765303.42,"HOLDER_PROFIT_YOY":152.9523809524,"GROSS_PROFIT_RATIO":1.71025548719,"EPS_TTM":0.000076479781,"OPERATE_INCOME_QOQ":0,"NET_PROFIT_RATIO":0.0681519018,"ROE_AVG":0.174557875668,"GROSS_PROFIT_QOQ":0,"ROA":0.049997227372,"HOLDER_PROFIT_QOQ":0,"ROE_YEARLY":0.349115751337,"ROIC_YEARLY":0.099862927954,"TOTAL_ASSETS":1404899788.67,"TOTAL_LIABILITIES":989024366.89,"TAX_EBT":50.646766169154,"OCF_SALES":-0.105113316277,"TOTAL_PARENT_EQUITY":424267148.13,"DEBT_ASSET_RATIO":70.3982145108,"OPERATE_PROFIT":1577405.97,"PRETAX_PROFIT":922218.15,"NETCASH_OPERATE":-701986.95,"NETCASH_INVEST":-22023.12,"NETCASH_FINANCE":null,"END_CASH":5829703.39,"DIVI_RATIO":null,"DIVIDEND_RATE":null,"CURRENT_RATIO":1.389409873057,"COMMON_ACS":500000000000,"CURRENTDEBT_DEBT":99.422900103266,"ISSUED_COMMON_SHARES":21084072140,"HK_COMMON_SHARES":21084072140,"PER_SHARES":10000,"TOTAL_MARKET_CAP":210840721.4,"HKSK_MARKET_CAP":210840721.4,"PE_TTM":-4.300151361384,"PB_TTM":0.491190841107,"REPORT_DATE_SQ":"2022-06-30 00:00:00","REPORT_TYPE_SQ":"2022年中报","OPERATE_INCOME_SQ":550745171.4,"DPS_HKD":null,"OPERATE_INCOME_QOQ_SQ":0,"NET_PROFIT_RATIO_SQ":-0.3499552497,"HOLDER_PROFIT_SQ":-1424493,"HOLDER_PROFIT_QOQ_SQ":0,"ROE_AVG_SQ":-0.313803779991,"PE_TTM_SQ":114.462932356135,"PB_TTM_SQ":0.456018742038,"ROA_SQ":-0.189491693045,"START_DATE":"2023-04-01 00:00:00","FISCAL_YEAR":"3-31","CURRENCY":"HKD","IS_CNY_CODE":0,"DPS_HKD_LY":null,"ORG_TYPE":"一般企业","PREMIUM_INCOME":null,"PREMIUM_INCOME_YOY":null,"NET_INTEREST_INCOME":null,"NET_INTEREST_INCOME_YOY":null,"FEE_COMMISSION_INCOME":null,"FEE_COMMISSION_INCOME_YOY":null,"ACCOUNTS_RECE_TDAYS":0.57089717613,"INVENTORY_TDAYS":19.960070873502,"CURRENT_ASSETS_TDAYS":0.448111252932,"TOTAL_ASSETS_TDAYS":0.436298346764,"PREMIUM_EXPENSE":null,"LOAN_DEPOSIT":null,"LOAN_EQUITY":null,"LOAN_ASSETS":null,"DEPOSIT_EQUITY":null,"DEPOSIT_ASSETS":null,"EQUITY_MULTIPLIER":3.378174604923,"EQUITY_RATIO":2.331135868637},{"SECUCODE":"02326.HK","SECURITY_CODE":"02326","SECURITY_NAME_ABBR":"新源万恒控股","ORG_CODE":"10010585","STD_REPORT_DATE":"2022-12-31 00:00:00","REPORT_DATE":"2023-03-31 00:00:00","DATE_TYPE_CODE":"001","REPORT_TYPE":"2022年年报","PER_NETCASH_OPERATE":0.000463778042,"PER_OI":0.078402072484,"BPS":0.020477897324,"BASIC_EPS":0.0000787869,"DILUTED_EPS":0.0000787869,"OPERATE_INCOME":1653034952.18,"OPERATE_INCOME_YOY":620.095031442,"GROSS_PROFIT":16727334.28,"GROSS_PROFIT_YOY":89.084268368967,"HOLDER_PROFIT":1612505.22,"HOLDER_PROFIT_YOY":133.7857666911,"GROSS_PROFIT_RATIO":1.011916551307,"EPS_TTM":-0.000153210969,"OPERATE_INCOME_QOQ":0,"NET_PROFIT_RATIO":0.0708045023,"ROE_AVG":0.359666225057,"GROSS_PROFIT_QOQ":0,"ROA":0.151592773419,"HOLDER_PROFIT_QOQ":0,"ROE_YEARLY":0.359666225057,"ROIC_YEARLY":0.151490727978,"TOTAL_ASSETS":1580269122.16,"TOTAL_LIABILITIES":1156507652.64,"TAX_EBT":60.314633422381,"OCF_SALES":0.591537988178,"TOTAL_PARENT_EQUITY":431757464.46,"DEBT_ASSET_RATIO":73.1842213723,"OPERATE_PROFIT":3501640,"PRETAX_PROFIT":2949256.29,"NETCASH_OPERATE":9778329.7,"NETCASH_INVEST":-2632357.87,"NETCASH_FINANCE":-8372421.24,"END_CASH":6593588.12,"DIVI_RATIO":null,"DIVIDEND_RATE":null,"CURRENT_RATIO":1.337166396224,"COMMON_ACS":500000000000,"CURRENTDEBT_DEBT":99.594354418729,"ISSUED_COMMON_SHARES":21084072140,"HK_COMMON_SHARES":21084072140,"PER_SHARES":10000,"TOTAL_MARKET_CAP":231924793.54,"HKSK_MARKET_CAP":231924793.54,"PE_TTM":-4.730166497522,"PB_TTM":0.540309925217,"REPORT_DATE_SQ":"2021-12-31 00:00:00","REPORT_TYPE_SQ":"2021年年报","OPERATE_INCOME_SQ":212670341.29,"DPS_HKD":null,"OPERATE_INCOME_QOQ_SQ":0,"NET_PROFIT_RATIO_SQ":-2.0733786118,"HOLDER_PROFIT_SQ":-4421626.52,"HOLDER_PROFIT_QOQ_SQ":0,"ROE_AVG_SQ":-1.04319740387,"PE_TTM_SQ":114.462932356135,"PB_TTM_SQ":0.456018742038,"ROA_SQ":-0.680315825267,"START_DATE":"2022-04-01 00:00:00","FISCAL_YEAR":"3-31","CURRENCY":"HKD","IS_CNY_CODE":0,"DPS_HKD_LY":null,"ORG_TYPE":"一般企业","PREMIUM_INCOME":null,"PREMIUM_INCOME_YOY":null,"NET_INTEREST_INCOME":null,"NET_INTEREST_INCOME_YOY":null,"FEE_COMMISSION_INCOME":null,"FEE_COMMISSION_INCOME_YOY":null,"ACCOUNTS_RECE_TDAYS":2.547327212439,"INVENTORY_TDAYS":36.292132649891,"CURRENT_ASSETS_TDAYS":1.621592284569,"TOTAL_ASSETS_TDAYS":1.554030026397,"PREMIUM_EXPENSE":null,"LOAN_DEPOSIT":null,"LOAN_EQUITY":null,"LOAN_ASSETS":null,"DEPOSIT_EQUITY":null,"DEPOSIT_ASSETS":null,"EQUITY_MULTIPLIER":3.729147730087,"EQUITY_RATIO":2.678604883152},{"SECUCODE":"02326.HK","SECURITY_CODE":"02326","SECURITY_NAME_ABBR":"新源万恒控股","ORG_CODE":"10010585","STD_REPORT_DATE":"2022-06-30 00:00:00","REPORT_DATE":"2022-09-30 00:00:00","DATE_TYPE_CODE":"002","REPORT_TYPE":"2022年中报","PER_NETCASH_OPERATE":-0.000194022392,"PER_OI":0.026121385269,"BPS":0.020278836107,"BASIC_EPS":-0.0000633108,"DILUTED_EPS":-0.0000633108,"OPERATE_INCOME":550745171.4,"OPERATE_INCOME_YOY":587.254525755,"GROSS_PROFIT":4853225.04,"GROSS_PROFIT_YOY":35.672587427493,"HOLDER_PROFIT":-1424493,"HOLDER_PROFIT_YOY":49.8407643312,"GROSS_PROFIT_RATIO":0.881210638245,"EPS_TTM":-0.000209714067,"OPERATE_INCOME_QOQ":0,"NET_PROFIT_RATIO":-0.3499552497,"ROE_AVG":-0.313803779991,"GROSS_PROFIT_QOQ":0,"ROA":-0.189491693045,"HOLDER_PROFIT_QOQ":0,"ROE_YEARLY":-0.627607559981,"ROIC_YEARLY":-0.377661841587,"TOTAL_ASSETS":938196414.12,"TOTAL_LIABILITIES":518773217.4,"TAX_EBT":-104.11877394636,"OCF_SALES":-0.742772217068,"TOTAL_PARENT_EQUITY":427560443.4,"DEBT_ASSET_RATIO":55.2947346198,"OPERATE_PROFIT":-630394.68,"PRETAX_PROFIT":-944235.36,"NETCASH_OPERATE":-4090782.12,"NETCASH_INVEST":-1311438,"NETCASH_FINANCE":313840.68,"END_CASH":2907774.6,"DIVI_RATIO":null,"DIVIDEND_RATE":null,"CURRENT_RATIO":1.77051198882,"COMMON_ACS":500000000000,"CURRENTDEBT_DEBT":97.555375402076,"ISSUED_COMMON_SHARES":21084072140,"HK_COMMON_SHARES":21084072140,"PER_SHARES":10000,"TOTAL_MARKET_CAP":231924793.54,"HKSK_MARKET_CAP":231924793.54,"PE_TTM":-4.730166497522,"PB_TTM":0.540309925217,"REPORT_DATE_SQ":"2021-06-30 00:00:00","REPORT_TYPE_SQ":"2021年中报","OPERATE_INCOME_SQ":73812448.24,"DPS_HKD":null,"OPERATE_INCOME_QOQ_SQ":0,"NET_PROFIT_RATIO_SQ":-3.548372534,"HOLDER_PROFIT_SQ":-2615808.4,"HOLDER_PROFIT_QOQ_SQ":0,"ROE_AVG_SQ":-0.606937449684,"PE_TTM_SQ":114.462932356135,"PB_TTM_SQ":0.456018742038,"ROA_SQ":-0.393332143316,"START_DATE":"2022-04-01 00:00:00","FISCAL_YEAR":"3-31","CURRENCY":"HKD","IS_CNY_CODE":0,"DPS_HKD_LY":null,"ORG_TYPE":"一般企业","PREMIUM_INCOME":null,"PREMIUM_INCOME_YOY":null,"NET_INTEREST_INCOME":null,"NET_INTEREST_INCOME_YOY":null,"FEE_COMMISSION_INCOME":null,"FEE_COMMISSION_INCOME_YOY":null,"ACCOUNTS_RECE_TDAYS":1.698172665983,"INVENTORY_TDAYS":12.711265084346,"CURRENT_ASSETS_TDAYS":0.780542797923,"TOTAL_ASSETS_TDAYS":0.732623010187,"PREMIUM_EXPENSE":null,"LOAN_DEPOSIT":null,"LOAN_EQUITY":null,"LOAN_ASSETS":null,"DEPOSIT_EQUITY":null,"DEPOSIT_ASSETS":null,"EQUITY_MULTIPLIER":2.23687297569,"EQUITY_RATIO":1.213333051287},{"SECUCODE":"02326.HK","SECURITY_CODE":"02326","SECURITY_NAME_ABBR":"新源万恒控股","ORG_CODE":"10010585","STD_REPORT_DATE":"2021-12-31 00:00:00","REPORT_DATE":"2022-03-31 00:00:00","DATE_TYPE_CODE":"001","REPORT_TYPE":"2021年年报","PER_NETCASH_OPERATE":0.000482665465,"PER_OI":0.010086777349,"BPS":0.020428158038,"BASIC_EPS":-0.0002108626,"DILUTED_EPS":-0.0002108626,"OPERATE_INCOME":212670341.29,"OPERATE_INCOME_YOY":-56.4367472381,"GROSS_PROFIT":8846497.08,"GROSS_PROFIT_YOY":-5.41299785556,"HOLDER_PROFIT":-4421626.52,"HOLDER_PROFIT_YOY":85.6174321365,"GROSS_PROFIT_RATIO":4.159722990211,"EPS_TTM":0.000041095093,"OPERATE_INCOME_QOQ":0,"NET_PROFIT_RATIO":-2.0733786118,"ROE_AVG":-1.04319740387,"GROSS_PROFIT_QOQ":0,"ROA":-0.680315825267,"HOLDER_PROFIT_QOQ":0,"ROE_YEARLY":-1.04319740387,"ROIC_YEARLY":-0.679742440951,"TOTAL_ASSETS":506896659.19,"TOTAL_LIABILITIES":83529974.95,"TAX_EBT":20.465184318315,"OCF_SALES":4.785130553829,"TOTAL_PARENT_EQUITY":430708757.77,"DEBT_ASSET_RATIO":16.4786990475,"OPERATE_PROFIT":-4823076.47,"PRETAX_PROFIT":-5544064.36,"NETCASH_OPERATE":10176553.48,"NETCASH_INVEST":-3320274.94,"NETCASH_FINANCE":-5583803.85,"END_CASH":7313688.18,"DIVI_RATIO":null,"DIVIDEND_RATE":null,"CURRENT_RATIO":6.522973499164,"COMMON_ACS":500000000000,"CURRENTDEBT_DEBT":84.778872760814,"ISSUED_COMMON_SHARES":21084072140,"HK_COMMON_SHARES":21084072140,"PER_SHARES":10000,"TOTAL_MARKET_CAP":231924793.54,"HKSK_MARKET_CAP":231924793.54,"PE_TTM":-4.730166497522,"PB_TTM":0.540309925217,"REPORT_DATE_SQ":"2020-12-31 00:00:00","REPORT_TYPE_SQ":"2020年年报","OPERATE_INCOME_SQ":508756101,"DPS_HKD":null,"OPERATE_INCOME_QOQ_SQ":0,"NET_PROFIT_RATIO_SQ":-6.3126505524,"HOLDER_PROFIT_SQ":-32038238.26,"HOLDER_PROFIT_QOQ_SQ":0,"ROE_AVG_SQ":-7.519424899974,"PE_TTM_SQ":114.462932356135,"PB_TTM_SQ":0.456018742038,"ROA_SQ":-4.248125398538,"START_DATE":"2021-04-01 00:00:00","FISCAL_YEAR":"3-31","CURRENCY":"HKD","IS_CNY_CODE":0,"DPS_HKD_LY":null,"ORG_TYPE":"一般企业","PREMIUM_INCOME":null,"PREMIUM_INCOME_YOY":null,"NET_INTEREST_INCOME":null,"NET_INTEREST_INCOME_YOY":null,"FEE_COMMISSION_INCOME":null,"FEE_COMMISSION_INCOME_YOY":null,"ACCOUNTS_RECE_TDAYS":0.848386319261,"INVENTORY_TDAYS":5.658598640068,"CURRENT_ASSETS_TDAYS":0.352759648867,"TOTAL_ASSETS_TDAYS":0.327216688452,"PREMIUM_EXPENSE":null,"LOAN_DEPOSIT":null,"LOAN_EQUITY":null,"LOAN_ASSETS":null,"DEPOSIT_EQUITY":null,"DEPOSIT_ASSETS":null,"EQUITY_MULTIPLIER":1.197299357883,"EQUITY_RATIO":0.193936095896},{"SECUCODE":"02326.HK","SECURITY_CODE":"02326","SECURITY_NAME_ABBR":"新源万恒控股","ORG_CODE":"10010585","STD_REPORT_DATE":"2021-06-30 00:00:00","REPORT_DATE":"2021-09-30 00:00:00","DATE_TYPE_CODE":"002","REPORT_TYPE":"2021年中报","PER_NETCASH_OPERATE":-0.000173415283,"PER_OI":0.003500863009,"BPS":0.020566918242,"BASIC_EPS":-0.000124959,"DILUTED_EPS":-0.000124959,"OPERATE_INCOME":73812448.24,"OPERATE_INCOME_YOY":-73.6503083905,"GROSS_PROFIT":3577159.64,"GROSS_PROFIT_YOY":50.940875405518,"HOLDER_PROFIT":-2615808.4,"HOLDER_PROFIT_YOY":92.2321450659,"GROSS_PROFIT_RATIO":4.846282334883,"EPS_TTM":-0.001519546985,"OPERATE_INCOME_QOQ":0,"NET_PROFIT_RATIO":-3.548372534,"ROE_AVG":-0.606937449684,"GROSS_PROFIT_QOQ":0,"ROA":-0.393332143316,"HOLDER_PROFIT_QOQ":0,"ROE_YEARLY":-1.213874899367,"ROIC_YEARLY":-0.783913300188,"TOTAL_ASSETS":515538347.94,"TOTAL_LIABILITIES":89344851.94,"TAX_EBT":-50.936149783965,"OCF_SALES":-4.953500970611,"TOTAL_PARENT_EQUITY":433634387.92,"DEBT_ASSET_RATIO":17.3303988534,"OPERATE_PROFIT":-1346224.96,"PRETAX_PROFIT":-1735263.98,"NETCASH_OPERATE":-3656300.34,"NETCASH_INVEST":-652285.98,"NETCASH_FINANCE":389039.02,"END_CASH":3870396.76,"DIVI_RATIO":null,"DIVIDEND_RATE":null,"CURRENT_RATIO":6.512709215918,"COMMON_ACS":500000000000,"CURRENTDEBT_DEBT":80.554597245662,"ISSUED_COMMON_SHARES":21084072140,"HK_COMMON_SHARES":21084072140,"PER_SHARES":10000,"TOTAL_MARKET_CAP":231924793.54,"HKSK_MARKET_CAP":231924793.54,"PE_TTM":-4.730166497522,"PB_TTM":0.540309925217,"REPORT_DATE_SQ":"2020-06-30 00:00:00","REPORT_TYPE_SQ":"2020年中报","OPERATE_INCOME_SQ":295480144.64,"DPS_HKD":null,"OPERATE_INCOME_QOQ_SQ":0,"NET_PROFIT_RATIO_SQ":-12.0266339937,"HOLDER_PROFIT_SQ":-35520498.56,"HOLDER_PROFIT_QOQ_SQ":0,"ROE_AVG_SQ":-8.20524999594,"PE_TTM_SQ":114.462932356135,"PB_TTM_SQ":0.456018742038,"ROA_SQ":-4.888573113029,"START_DATE":"2021-04-01 00:00:00","FISCAL_YEAR":"3-31","CURRENCY":"HKD","IS_CNY_CODE":0,"DPS_HKD_LY":null,"ORG_TYPE":"一般企业","PREMIUM_INCOME":null,"PREMIUM_INCOME_YOY":null,"NET_INTEREST_INCOME":null,"NET_INTEREST_INCOME_YOY":null,"FEE_COMMISSION_INCOME":null,"FEE_COMMISSION_INCOME_YOY":null,"ACCOUNTS_RECE_TDAYS":0.270026711933,"INVENTORY_TDAYS":2.032545805207,"CURRENT_ASSETS_TDAYS":0.119750103898,"TOTAL_ASSETS_TDAYS":0.110989812823,"PREMIUM_EXPENSE":null,"LOAN_DEPOSIT":null,"LOAN_EQUITY":null,"LOAN_ASSETS":null,"DEPOSIT_EQUITY":null,"DEPOSIT_ASSETS":null,"EQUITY_MULTIPLIER":1.209634480063,"EQUITY_RATIO":0.206037284932},{"SECUCODE":"02326.HK","SECURITY_CODE":"02326","SECURITY_NAME_ABBR":"新源万恒控股","ORG_CODE":"10010585","STD_REPORT_DATE":"2020-12-31 00:00:00","REPORT_DATE":"2021-03-31 00:00:00","DATE_TYPE_CODE":"001","REPORT_TYPE":"2020年年报","PER_NETCASH_OPERATE":-0.005903332006,"PER_OI":0.024129878594,"BPS":0.020611153429,"BASIC_EPS":-0.001521324,"DILUTED_EPS":-0.001521324,"OPERATE_INCOME":508756101,"OPERATE_INCOME_YOY":25.1132764111,"GROSS_PROFIT":9352761.88,"GROSS_PROFIT_YOY":-41.647811914424,"HOLDER_PROFIT":-32038238.26,"HOLDER_PROFIT_YOY":-124.3283228784,"GROSS_PROFIT_RATIO":1.838358667663,"EPS_TTM":-0.001502543588,"OPERATE_INCOME_QOQ":0,"NET_PROFIT_RATIO":-6.3126505524,"ROE_AVG":-7.519424899974,"GROSS_PROFIT_QOQ":0,"ROA":-4.248125398538,"HOLDER_PROFIT_QOQ":0,"ROE_YEARLY":-7.519424899974,"ROIC_YEARLY":-4.239708442452,"TOTAL_ASSETS":826388267.88,"TOTAL_LIABILITIES":399288387.4,"TAX_EBT":-25.839489590329,"OCF_SALES":-24.464822659689,"TOTAL_PARENT_EQUITY":434567045.78,"DEBT_ASSET_RATIO":48.3172865491,"OPERATE_PROFIT":-8473774.68,"PRETAX_PROFIT":-10067784.16,"NETCASH_OPERATE":-124466277.88,"NETCASH_INVEST":131396753.88,"NETCASH_FINANCE":-5916260,"END_CASH":6354063.24,"DIVI_RATIO":null,"DIVIDEND_RATE":null,"CURRENT_RATIO":2.029460901352,"COMMON_ACS":500000000000,"CURRENTDEBT_DEBT":95.658827762843,"ISSUED_COMMON_SHARES":21084072140,"HK_COMMON_SHARES":21084072140,"PER_SHARES":10000,"TOTAL_MARKET_CAP":231924793.54,"HKSK_MARKET_CAP":231924793.54,"PE_TTM":-4.730166497522,"PB_TTM":0.540309925217,"REPORT_DATE_SQ":"2019-12-31 00:00:00","REPORT_TYPE_SQ":"2019年年报","OPERATE_INCOME_SQ":439602998.8,"DPS_HKD":null,"OPERATE_INCOME_QOQ_SQ":0,"NET_PROFIT_RATIO_SQ":-3.6061389579,"HOLDER_PROFIT_SQ":-15439702.6,"HOLDER_PROFIT_QOQ_SQ":0,"ROE_AVG_SQ":-3.208256637748,"PE_TTM_SQ":114.462932356135,"PB_TTM_SQ":0.456018742038,"ROA_SQ":-1.831122361626,"START_DATE":"2020-04-01 00:00:00","FISCAL_YEAR":"3-31","CURRENCY":"HKD","IS_CNY_CODE":0,"DPS_HKD_LY":null,"ORG_TYPE":"一般企业","PREMIUM_INCOME":null,"PREMIUM_INCOME_YOY":null,"NET_INTEREST_INCOME":null,"NET_INTEREST_INCOME_YOY":null,"FEE_COMMISSION_INCOME":null,"FEE_COMMISSION_INCOME_YOY":null,"ACCOUNTS_RECE_TDAYS":1.421728748468,"INVENTORY_TDAYS":17.703328639482,"CURRENT_ASSETS_TDAYS":0.717213786185,"TOTAL_ASSETS_TDAYS":0.674587565265,"PREMIUM_EXPENSE":null,"LOAN_DEPOSIT":null,"LOAN_EQUITY":null,"LOAN_ASSETS":null,"DEPOSIT_EQUITY":null,"DEPOSIT_ASSETS":null,"EQUITY_MULTIPLIER":1.934882929376,"EQUITY_RATIO":0.918818836535},{"SECUCODE":"02326.HK","SECURITY_CODE":"02326","SECURITY_NAME_ABBR":"新源万恒控股","ORG_CODE":"10010585","STD_REPORT_DATE":"2020-06-30 00:00:00","REPORT_DATE":"2020-09-30 00:00:00","DATE_TYPE_CODE":"002","REPORT_TYPE":"2020年中报","PER_NETCASH_OPERATE":-0.002365500812,"PER_OI":0.014014377426,"BPS":0.020472763949,"BASIC_EPS":-0.0016871424,"DILUTED_EPS":-0.0016871424,"OPERATE_INCOME":295480144.64,"OPERATE_INCOME_YOY":21.1314080281,"GROSS_PROFIT":2369907.84,"GROSS_PROFIT_YOY":-52.307802584514,"HOLDER_PROFIT":-35520498.56,"HOLDER_PROFIT_YOY":-89.1134502924,"GROSS_PROFIT_RATIO":0.802053160928,"EPS_TTM":-0.000732292249,"OPERATE_INCOME_QOQ":0,"NET_PROFIT_RATIO":-12.0266339937,"ROE_AVG":-8.20524999594,"GROSS_PROFIT_QOQ":0,"ROA":-4.888573113029,"HOLDER_PROFIT_QOQ":0,"ROE_YEARLY":-16.410499991881,"ROIC_YEARLY":-9.751508181239,"TOTAL_ASSETS":744183574.4,"TOTAL_LIABILITIES":320012249.6,"TAX_EBT":-4.071641791045,"OCF_SALES":-16.87910022542,"TOTAL_PARENT_EQUITY":431649232,"DEBT_ASSET_RATIO":43.0017888876,"OPERATE_PROFIT":null,"PRETAX_PROFIT":-14718560,"NETCASH_OPERATE":-49874389.76,"NETCASH_INVEST":45863911.68,"NETCASH_FINANCE":-1388377.6,"END_CASH":5613263.36,"DIVI_RATIO":null,"DIVIDEND_RATE":null,"CURRENT_RATIO":2.288422645463,"COMMON_ACS":500000000000,"CURRENTDEBT_DEBT":94.36130484925,"ISSUED_COMMON_SHARES":21084072140,"HK_COMMON_SHARES":21084072140,"PER_SHARES":10000,"TOTAL_MARKET_CAP":231924793.54,"HKSK_MARKET_CAP":231924793.54,"PE_TTM":-4.730166497522,"PB_TTM":0.540309925217,"REPORT_DATE_SQ":"2019-06-30 00:00:00","REPORT_TYPE_SQ":"2019年中报","OPERATE_INCOME_SQ":250398878.01,"DPS_HKD":null,"OPERATE_INCOME_QOQ_SQ":0,"NET_PROFIT_RATIO_SQ":-7.8973058454,"HOLDER_PROFIT_SQ":-19280463.75,"HOLDER_PROFIT_QOQ_SQ":0,"ROE_AVG_SQ":-4.059894604186,"PE_TTM_SQ":114.462932356135,"PB_TTM_SQ":0.456018742038,"ROA_SQ":-2.316324916179,"START_DATE":"2020-04-01 00:00:00","FISCAL_YEAR":"3-31","CURRENCY":"HKD","IS_CNY_CODE":0,"DPS_HKD_LY":null,"ORG_TYPE":"一般企业","PREMIUM_INCOME":null,"PREMIUM_INCOME_YOY":null,"NET_INTEREST_INCOME":null,"NET_INTEREST_INCOME_YOY":null,"FEE_COMMISSION_INCOME":null,"FEE_COMMISSION_INCOME_YOY":null,"ACCOUNTS_RECE_TDAYS":0.911047050345,"INVENTORY_TDAYS":9.855519936181,"CURRENT_ASSETS_TDAYS":0.43449530568,"TOTAL_ASSETS_TDAYS":0.406659914438,"PREMIUM_EXPENSE":null,"LOAN_DEPOSIT":null,"LOAN_EQUITY":null,"LOAN_ASSETS":null,"DEPOSIT_EQUITY":null,"DEPOSIT_ASSETS":null,"EQUITY_MULTIPLIER":1.754441026277,"EQUITY_RATIO":0.741371062141}],"count":48},"success":true,"message":"ok","code":0}