{"version":"81a7f41d6f0b1d651fdc934c2e1510f4","result":{"pages":9,"data":[{"SECUCODE":"02338.HK","SECURITY_CODE":"02338","SECURITY_NAME_ABBR":"潍柴动力","ORG_CODE":"10060944","STD_REPORT_DATE":"2024-09-30 00:00:00","REPORT_DATE":"2024-09-30 00:00:00","DATE_TYPE_CODE":"004","REPORT_TYPE":"2024年三季报","PER_NETCASH_OPERATE":1.548782450912,"PER_OI":18.558703264403,"BPS":9.901589309367,"BASIC_EPS":0.97,"DILUTED_EPS":0.97,"OPERATE_INCOME":161953578560.89,"OPERATE_INCOME_YOY":0.9792274816,"GROSS_PROFIT":35406757590.37,"GROSS_PROFIT_YOY":12.089364043016,"HOLDER_PROFIT":8401015389.4,"HOLDER_PROFIT_YOY":29.2326410021,"GROSS_PROFIT_RATIO":21.86228788829,"EPS_TTM":1.250690057388,"OPERATE_INCOME_QOQ":-2.171423003221,"NET_PROFIT_RATIO":6.3857064583,"ROE_AVG":10.137462230511,"GROSS_PROFIT_QOQ":-1.399551387309,"ROA":2.477967057411,"HOLDER_PROFIT_QOQ":-0.944865736737,"ROE_YEARLY":13.516616307348,"ROIC_YEARLY":3.715367287162,"TOTAL_ASSETS":343809855108.69,"TOTAL_LIABILITIES":222557479749.92,"TAX_EBT":17.655273684704,"OCF_SALES":8.345316096963,"TOTAL_PARENT_EQUITY":86406781726.4,"DEBT_ASSET_RATIO":64.7327225916,"OPERATE_PROFIT":12946946304.27,"PRETAX_PROFIT":12559250104.24,"NETCASH_OPERATE":13515538061.25,"NETCASH_INVEST":-30005948084.26,"NETCASH_FINANCE":-8174881078.89,"END_CASH":46897849599.24,"DIVI_RATIO":0.530023641016,"DIVIDEND_RATE":5.211731044349,"CURRENT_RATIO":1.227441566584,"COMMON_ACS":null,"CURRENTDEBT_DEBT":68.09950998664,"ISSUED_COMMON_SHARES":8726556821,"HK_COMMON_SHARES":1943040000,"PER_SHARES":1000,"TOTAL_MARKET_CAP":121997264357.58,"HKSK_MARKET_CAP":27163699200,"PE_TTM":10.017503772413,"PB_TTM":1.273232387863,"REPORT_DATE_SQ":"2023-09-30 00:00:00","REPORT_TYPE_SQ":"2023年三季报","OPERATE_INCOME_SQ":160383063526.95,"DPS_HKD":0.7286,"OPERATE_INCOME_QOQ_SQ":5.394544413845,"NET_PROFIT_RATIO_SQ":4.9861839474,"HOLDER_PROFIT_SQ":6500691562.33,"HOLDER_PROFIT_QOQ_SQ":26.210277842507,"ROE_AVG_SQ":8.635781723867,"PE_TTM_SQ":14.254521549405,"PB_TTM_SQ":1.506986243135,"ROA_SQ":2.100767251344,"START_DATE":"2024-01-01 00:00:00","FISCAL_YEAR":"12-31","CURRENCY":"HKD","IS_CNY_CODE":0,"DPS_HKD_LY":0.7286,"ORG_TYPE":"一般企业","PREMIUM_INCOME":null,"PREMIUM_INCOME_YOY":null,"NET_INTEREST_INCOME":null,"NET_INTEREST_INCOME_YOY":null,"FEE_COMMISSION_INCOME":null,"FEE_COMMISSION_INCOME_YOY":null,"ACCOUNTS_RECE_TDAYS":3.442050694015,"INVENTORY_TDAYS":3.484806111252,"CURRENT_ASSETS_TDAYS":0.843602634543,"TOTAL_ASSETS_TDAYS":0.477698961259,"PREMIUM_EXPENSE":null,"LOAN_DEPOSIT":null,"LOAN_EQUITY":null,"LOAN_ASSETS":null,"DEPOSIT_EQUITY":null,"DEPOSIT_ASSETS":null,"EQUITY_MULTIPLIER":2.835489647868,"EQUITY_RATIO":2.575694584421},{"SECUCODE":"02338.HK","SECURITY_CODE":"02338","SECURITY_NAME_ABBR":"潍柴动力","ORG_CODE":"10060944","STD_REPORT_DATE":"2024-06-30 00:00:00","REPORT_DATE":"2024-06-30 00:00:00","DATE_TYPE_CODE":"002","REPORT_TYPE":"2024年中报","PER_NETCASH_OPERATE":1.467072477349,"PER_OI":12.890503042859,"BPS":9.623659919771,"BASIC_EPS":0.68,"DILUTED_EPS":0.68,"OPERATE_INCOME":112489707254.78,"OPERATE_INCOME_YOY":5.9871148937,"GROSS_PROFIT":24465796892.42,"GROSS_PROFIT_YOY":22.620696733233,"HOLDER_PROFIT":5903455392.46,"HOLDER_PROFIT_YOY":51.4085740456,"GROSS_PROFIT_RATIO":21.74936488812,"EPS_TTM":1.262620122309,"OPERATE_INCOME_QOQ":1.571392618674,"NET_PROFIT_RATIO":6.5550670601,"ROE_AVG":7.229460878773,"GROSS_PROFIT_QOQ":4.286779071699,"ROA":1.741833794699,"HOLDER_PROFIT_QOQ":12.920203005573,"ROE_YEARLY":14.458921757546,"ROIC_YEARLY":5.343578824658,"TOTAL_ASSETS":343596495189.48,"TOTAL_LIABILITIES":225211599175.48,"TAX_EBT":17.299142870479,"OCF_SALES":11.381033559909,"TOTAL_PARENT_EQUITY":83981415115.86,"DEBT_ASSET_RATIO":65.5453714833,"OPERATE_PROFIT":8947249981.97,"PRETAX_PROFIT":8916202325.1,"NETCASH_OPERATE":12802491334.11,"NETCASH_INVEST":-18038931297.2,"NETCASH_FINANCE":-4938894489.35,"END_CASH":61353893275.46,"DIVI_RATIO":0.525015629236,"DIVIDEND_RATE":6.357766143106,"CURRENT_RATIO":1.254476368834,"COMMON_ACS":null,"CURRENTDEBT_DEBT":67.010234062492,"ISSUED_COMMON_SHARES":8726556821,"HK_COMMON_SHARES":1943040000,"PER_SHARES":1000,"TOTAL_MARKET_CAP":100006341168.66,"HKSK_MARKET_CAP":22267238400,"PE_TTM":8.211773478673,"PB_TTM":1.043722687046,"REPORT_DATE_SQ":"2023-06-30 00:00:00","REPORT_TYPE_SQ":"2023年中报","OPERATE_INCOME_SQ":106135266883.7,"DPS_HKD":0.7286,"OPERATE_INCOME_QOQ_SQ":6.062896809632,"NET_PROFIT_RATIO_SQ":4.508782635,"HOLDER_PROFIT_SQ":3899023175.98,"HOLDER_PROFIT_QOQ_SQ":13.341342844184,"ROE_AVG_SQ":5.192440098871,"PE_TTM_SQ":13.471306079658,"PB_TTM_SQ":1.424184801204,"ROA_SQ":1.265349816767,"START_DATE":"2024-01-01 00:00:00","FISCAL_YEAR":"12-31","CURRENCY":"HKD","IS_CNY_CODE":0,"DPS_HKD_LY":0.7286,"ORG_TYPE":"一般企业","PREMIUM_INCOME":null,"PREMIUM_INCOME_YOY":null,"NET_INTEREST_INCOME":null,"NET_INTEREST_INCOME_YOY":null,"FEE_COMMISSION_INCOME":null,"FEE_COMMISSION_INCOME_YOY":null,"ACCOUNTS_RECE_TDAYS":2.447520418033,"INVENTORY_TDAYS":2.363811127136,"CURRENT_ASSETS_TDAYS":0.580975291576,"TOTAL_ASSETS_TDAYS":0.331904555258,"PREMIUM_EXPENSE":null,"LOAN_DEPOSIT":null,"LOAN_EQUITY":null,"LOAN_ASSETS":null,"DEPOSIT_EQUITY":null,"DEPOSIT_ASSETS":null,"EQUITY_MULTIPLIER":2.902367673229,"EQUITY_RATIO":2.681683785213},{"SECUCODE":"02338.HK","SECURITY_CODE":"02338","SECURITY_NAME_ABBR":"潍柴动力","ORG_CODE":"10060944","STD_REPORT_DATE":"2024-03-31 00:00:00","REPORT_DATE":"2024-03-31 00:00:00","DATE_TYPE_CODE":"003","REPORT_TYPE":"2024年一季报","PER_NETCASH_OPERATE":0.184701527457,"PER_OI":6.460756942691,"BPS":9.491873592144,"BASIC_EPS":0.3,"DILUTED_EPS":0.3,"OPERATE_INCOME":56380162567.06,"OPERATE_INCOME_YOY":5.5133646057,"GROSS_PROFIT":12465760873.91,"GROSS_PROFIT_YOY":24.751894462307,"HOLDER_PROFIT":2599658963.24,"HOLDER_PROFIT_YOY":40.0730184037,"GROSS_PROFIT_RATIO":22.110189659498,"EPS_TTM":1.118152543745,"OPERATE_INCOME_QOQ":1.37691163756,"NET_PROFIT_RATIO":5.9323904987,"ROE_AVG":3.206158825769,"GROSS_PROFIT_QOQ":5.482107138276,"ROA":0.772561126226,"HOLDER_PROFIT_QOQ":8.250903342707,"ROE_YEARLY":12.824635303077,"ROIC_YEARLY":4.894486944443,"TOTAL_ASSETS":338750398423.19,"TOTAL_LIABILITIES":222067633138.41,"TAX_EBT":19.921710770009,"OCF_SALES":2.858821792794,"TOTAL_PARENT_EQUITY":82831374239.59,"DEBT_ASSET_RATIO":65.5549437498,"OPERATE_PROFIT":4282753981.43,"PRETAX_PROFIT":4176776801.08,"NETCASH_OPERATE":1611808374.28,"NETCASH_INVEST":81862651.49,"NETCASH_FINANCE":-2511919069.6,"END_CASH":70696683312.81,"DIVI_RATIO":0.592848714344,"DIVIDEND_RATE":6.357766143106,"CURRENT_RATIO":1.376336137884,"COMMON_ACS":null,"CURRENTDEBT_DEBT":66.348282022918,"ISSUED_COMMON_SHARES":8726556821,"HK_COMMON_SHARES":1943040000,"PER_SHARES":1000,"TOTAL_MARKET_CAP":100006341168.66,"HKSK_MARKET_CAP":22267238400,"PE_TTM":8.211773478673,"PB_TTM":1.043722687046,"REPORT_DATE_SQ":"2023-03-31 00:00:00","REPORT_TYPE_SQ":"2023年一季报","OPERATE_INCOME_SQ":53434143416.55,"DPS_HKD":0.7286,"OPERATE_INCOME_QOQ_SQ":4.707973475464,"NET_PROFIT_RATIO_SQ":4.2020903647,"HOLDER_PROFIT_SQ":1855931279.89,"HOLDER_PROFIT_QOQ_SQ":15.354431430544,"ROE_AVG_SQ":2.495165681782,"PE_TTM_SQ":13.471306079658,"PB_TTM_SQ":1.424184801204,"ROA_SQ":0.617463233795,"START_DATE":"2024-01-01 00:00:00","FISCAL_YEAR":"12-31","CURRENCY":"HKD","IS_CNY_CODE":0,"DPS_HKD_LY":0.7286,"ORG_TYPE":"一般企业","PREMIUM_INCOME":null,"PREMIUM_INCOME_YOY":null,"NET_INTEREST_INCOME":null,"NET_INTEREST_INCOME_YOY":null,"FEE_COMMISSION_INCOME":null,"FEE_COMMISSION_INCOME_YOY":null,"ACCOUNTS_RECE_TDAYS":1.237711204553,"INVENTORY_TDAYS":1.144781411925,"CURRENT_ASSETS_TDAYS":0.281399922973,"TOTAL_ASSETS_TDAYS":0.167549368996,"PREMIUM_EXPENSE":null,"LOAN_DEPOSIT":null,"LOAN_EQUITY":null,"LOAN_ASSETS":null,"DEPOSIT_EQUITY":null,"DEPOSIT_ASSETS":null,"EQUITY_MULTIPLIER":2.903174239973,"EQUITY_RATIO":2.680960387016},{"SECUCODE":"02338.HK","SECURITY_CODE":"02338","SECURITY_NAME_ABBR":"潍柴动力","ORG_CODE":"10060944","STD_REPORT_DATE":"2023-12-31 00:00:00","REPORT_DATE":"2023-12-31 00:00:00","DATE_TYPE_CODE":"001","REPORT_TYPE":"2023年年报","PER_NETCASH_OPERATE":3.147960174136,"PER_OI":24.518086574106,"BPS":9.091237408034,"BASIC_EPS":1.04,"DILUTED_EPS":1.04,"OPERATE_INCOME":213958475631.13,"OPERATE_INCOME_YOY":22.1520243857,"GROSS_PROFIT":45116205695.28,"GROSS_PROFIT_YOY":44.84956321402,"HOLDER_PROFIT":9013894024.19,"HOLDER_PROFIT_YOY":83.7690123717,"GROSS_PROFIT_RATIO":21.086430702124,"EPS_TTM":1.032926755544,"OPERATE_INCOME_QOQ":4.361256452839,"NET_PROFIT_RATIO":5.2400888734,"ROE_AVG":11.819992536559,"GROSS_PROFIT_QOQ":8.678325119985,"ROA":2.871063253986,"HOLDER_PROFIT_QOQ":11.366589964412,"ROE_YEARLY":11.819992536559,"ROIC_YEARLY":4.507647861683,"TOTAL_ASSETS":334247213024.91,"TOTAL_LIABILITIES":221561478139.45,"TAX_EBT":14.748859998685,"OCF_SALES":12.839338684204,"TOTAL_PARENT_EQUITY":79335199814.41,"DEBT_ASSET_RATIO":66.2867092097,"OPERATE_PROFIT":13711528019.85,"PRETAX_PROFIT":13151277830.51,"NETCASH_OPERATE":27470853329.84,"NETCASH_INVEST":-5736880573.93,"NETCASH_FINANCE":-13029213593.01,"END_CASH":71620312325.93,"DIVI_RATIO":0.641764088733,"DIVIDEND_RATE":6.357766143106,"CURRENT_RATIO":1.353656160936,"COMMON_ACS":null,"CURRENTDEBT_DEBT":65.918652203492,"ISSUED_COMMON_SHARES":8726556821,"HK_COMMON_SHARES":1943040000,"PER_SHARES":1000,"TOTAL_MARKET_CAP":100006341168.66,"HKSK_MARKET_CAP":22267238400,"PE_TTM":8.211773478673,"PB_TTM":1.043722687046,"REPORT_DATE_SQ":"2022-12-31 00:00:00","REPORT_TYPE_SQ":"2022年年报","OPERATE_INCOME_SQ":175157535625.82,"DPS_HKD":0.7286,"OPERATE_INCOME_QOQ_SQ":13.604692818073,"NET_PROFIT_RATIO_SQ":3.2443316416,"HOLDER_PROFIT_SQ":4905013042.11,"HOLDER_PROFIT_QOQ_SQ":8.865270926045,"ROE_AVG_SQ":6.753289474984,"PE_TTM_SQ":13.471306079658,"PB_TTM_SQ":1.424184801204,"ROA_SQ":1.718914557359,"START_DATE":"2023-01-01 00:00:00","FISCAL_YEAR":"12-31","CURRENCY":"HKD","IS_CNY_CODE":0,"DPS_HKD_LY":0.4184,"ORG_TYPE":"一般企业","PREMIUM_INCOME":null,"PREMIUM_INCOME_YOY":null,"NET_INTEREST_INCOME":null,"NET_INTEREST_INCOME_YOY":null,"FEE_COMMISSION_INCOME":null,"FEE_COMMISSION_INCOME_YOY":null,"ACCOUNTS_RECE_TDAYS":5.445050966434,"INVENTORY_TDAYS":4.735819753257,"CURRENT_ASSETS_TDAYS":1.167865259746,"TOTAL_ASSETS_TDAYS":0.681490503011,"PREMIUM_EXPENSE":null,"LOAN_DEPOSIT":null,"LOAN_EQUITY":null,"LOAN_ASSETS":null,"DEPOSIT_EQUITY":null,"DEPOSIT_ASSETS":null,"EQUITY_MULTIPLIER":2.966189228516,"EQUITY_RATIO":2.792726036586},{"SECUCODE":"02338.HK","SECURITY_CODE":"02338","SECURITY_NAME_ABBR":"潍柴动力","ORG_CODE":"10060944","STD_REPORT_DATE":"2023-09-30 00:00:00","REPORT_DATE":"2023-09-30 00:00:00","DATE_TYPE_CODE":"004","REPORT_TYPE":"2023年三季报","PER_NETCASH_OPERATE":2.302026811202,"PER_OI":18.37873365369,"BPS":8.865835943008,"BASIC_EPS":0.75,"DILUTED_EPS":0.75,"OPERATE_INCOME":160383063526.95,"OPERATE_INCOME_YOY":22.8768216446,"GROSS_PROFIT":31587972590.14,"GROSS_PROFIT_YOY":43.098626087439,"HOLDER_PROFIT":6500691562.33,"HOLDER_PROFIT_YOY":96.288158779,"GROSS_PROFIT_RATIO":20.227107273225,"EPS_TTM":0.927501466889,"OPERATE_INCOME_QOQ":5.394544413845,"NET_PROFIT_RATIO":4.9861839474,"ROE_AVG":8.635781723867,"GROSS_PROFIT_QOQ":14.054400345505,"ROA":2.100767251344,"HOLDER_PROFIT_QOQ":26.210277842507,"ROE_YEARLY":11.514375631823,"ROIC_YEARLY":3.232924628669,"TOTAL_ASSETS":325221278958,"TOTAL_LIABILITIES":214933612425.73,"TAX_EBT":17.027086832965,"OCF_SALES":12.525491987528,"TOTAL_PARENT_EQUITY":77368221122.32,"DEBT_ASSET_RATIO":66.0884223549,"OPERATE_PROFIT":10164501163.52,"PRETAX_PROFIT":9638078576.03,"NETCASH_OPERATE":20088767771.42,"NETCASH_INVEST":-3701715396.58,"NETCASH_FINANCE":-9146637081.69,"END_CASH":70009878376.33,"DIVI_RATIO":0.714710781238,"DIVIDEND_RATE":6.357766143106,"CURRENT_RATIO":1.371423793385,"COMMON_ACS":null,"CURRENTDEBT_DEBT":66.066676540603,"ISSUED_COMMON_SHARES":8726556821,"HK_COMMON_SHARES":1943040000,"PER_SHARES":1000,"TOTAL_MARKET_CAP":100006341168.66,"HKSK_MARKET_CAP":22267238400,"PE_TTM":8.211773478673,"PB_TTM":1.043722687046,"REPORT_DATE_SQ":"2022-09-30 00:00:00","REPORT_TYPE_SQ":"2022年三季报","OPERATE_INCOME_SQ":130523447286.82,"DPS_HKD":0.7286,"OPERATE_INCOME_QOQ_SQ":-0.509809690987,"NET_PROFIT_RATIO_SQ":2.8625160573,"HOLDER_PROFIT_SQ":3311810352.07,"HOLDER_PROFIT_QOQ_SQ":-12.192587833031,"ROE_AVG_SQ":4.62708532154,"PE_TTM_SQ":13.471306079658,"PB_TTM_SQ":1.424184801204,"ROA_SQ":1.15830693083,"START_DATE":"2023-01-01 00:00:00","FISCAL_YEAR":"12-31","CURRENCY":"HKD","IS_CNY_CODE":0,"DPS_HKD_LY":0.4184,"ORG_TYPE":"一般企业","PREMIUM_INCOME":null,"PREMIUM_INCOME_YOY":null,"NET_INTEREST_INCOME":null,"NET_INTEREST_INCOME_YOY":null,"FEE_COMMISSION_INCOME":null,"FEE_COMMISSION_INCOME_YOY":null,"ACCOUNTS_RECE_TDAYS":3.578242522805,"INVENTORY_TDAYS":3.757790667953,"CURRENT_ASSETS_TDAYS":0.883104146977,"TOTAL_ASSETS_TDAYS":0.518294837245,"PREMIUM_EXPENSE":null,"LOAN_DEPOSIT":null,"LOAN_EQUITY":null,"LOAN_ASSETS":null,"DEPOSIT_EQUITY":null,"DEPOSIT_ASSETS":null,"EQUITY_MULTIPLIER":2.948845407505,"EQUITY_RATIO":2.778060672817},{"SECUCODE":"02338.HK","SECURITY_CODE":"02338","SECURITY_NAME_ABBR":"潍柴动力","ORG_CODE":"10060944","STD_REPORT_DATE":"2023-06-30 00:00:00","REPORT_DATE":"2023-06-30 00:00:00","DATE_TYPE_CODE":"002","REPORT_TYPE":"2023年中报","PER_NETCASH_OPERATE":1.477386892902,"PER_OI":12.162330350992,"BPS":8.823240870127,"BASIC_EPS":0.45,"DILUTED_EPS":0.45,"OPERATE_INCOME":106135266883.7,"OPERATE_INCOME_YOY":22.3189057841,"GROSS_PROFIT":19952420385.97,"GROSS_PROFIT_YOY":29.725018601524,"HOLDER_PROFIT":3899023175.98,"HOLDER_PROFIT_YOY":63.0699187856,"GROSS_PROFIT_RATIO":19.438981886141,"EPS_TTM":0.734885845071,"OPERATE_INCOME_QOQ":6.062896809632,"NET_PROFIT_RATIO":4.508782635,"ROE_AVG":5.192440098871,"GROSS_PROFIT_QOQ":10.551936250734,"ROA":1.265349816767,"HOLDER_PROFIT_QOQ":13.341342844184,"ROE_YEARLY":10.384880197741,"ROIC_YEARLY":3.848908485685,"TOTAL_ASSETS":322609842220.53,"TOTAL_LIABILITIES":213060996869.32,"TAX_EBT":16.736540237159,"OCF_SALES":12.14723535923,"TOTAL_PARENT_EQUITY":76996512798.53,"DEBT_ASSET_RATIO":66.0429314254,"OPERATE_PROFIT":5768298522.38,"PRETAX_PROFIT":5747309199.63,"NETCASH_OPERATE":12892500667.51,"NETCASH_INVEST":-5003664161.45,"NETCASH_FINANCE":-3808628048.39,"END_CASH":66976922483.7,"DIVI_RATIO":0.902038462771,"DIVIDEND_RATE":6.357766143106,"CURRENT_RATIO":1.365678586057,"COMMON_ACS":null,"CURRENTDEBT_DEBT":65.392529062917,"ISSUED_COMMON_SHARES":8726556821,"HK_COMMON_SHARES":1943040000,"PER_SHARES":1000,"TOTAL_MARKET_CAP":100006341168.66,"HKSK_MARKET_CAP":22267238400,"PE_TTM":8.211773478673,"PB_TTM":1.043722687046,"REPORT_DATE_SQ":"2022-06-30 00:00:00","REPORT_TYPE_SQ":"2022年中报","OPERATE_INCOME_SQ":86769307003.98,"DPS_HKD":0.7286,"OPERATE_INCOME_QOQ_SQ":-13.538507885825,"NET_PROFIT_RATIO_SQ":3.4030539696,"HOLDER_PROFIT_SQ":2391013134.13,"HOLDER_PROFIT_QOQ_SQ":-26.239802192768,"ROE_AVG_SQ":3.324580360753,"PE_TTM_SQ":13.471306079658,"PB_TTM_SQ":1.424184801204,"ROA_SQ":0.841697981564,"START_DATE":"2023-01-01 00:00:00","FISCAL_YEAR":"12-31","CURRENCY":"HKD","IS_CNY_CODE":0,"DPS_HKD_LY":0.4184,"ORG_TYPE":"一般企业","PREMIUM_INCOME":null,"PREMIUM_INCOME_YOY":null,"NET_INTEREST_INCOME":null,"NET_INTEREST_INCOME_YOY":null,"FEE_COMMISSION_INCOME":null,"FEE_COMMISSION_INCOME_YOY":null,"ACCOUNTS_RECE_TDAYS":2.47672634989,"INVENTORY_TDAYS":2.439440277163,"CURRENT_ASSETS_TDAYS":0.591680485976,"TOTAL_ASSETS_TDAYS":0.344440734108,"PREMIUM_EXPENSE":null,"LOAN_DEPOSIT":null,"LOAN_EQUITY":null,"LOAN_ASSETS":null,"DEPOSIT_EQUITY":null,"DEPOSIT_ASSETS":null,"EQUITY_MULTIPLIER":2.944894957005,"EQUITY_RATIO":2.767151253029},{"SECUCODE":"02338.HK","SECURITY_CODE":"02338","SECURITY_NAME_ABBR":"潍柴动力","ORG_CODE":"10060944","STD_REPORT_DATE":"2023-03-31 00:00:00","REPORT_DATE":"2023-03-31 00:00:00","DATE_TYPE_CODE":"003","REPORT_TYPE":"2023年一季报","PER_NETCASH_OPERATE":-0.054044420443,"PER_OI":6.123164555345,"BPS":8.660679748413,"BASIC_EPS":0.21,"DILUTED_EPS":0.21,"OPERATE_INCOME":53434143416.55,"OPERATE_INCOME_YOY":18.2491186266,"GROSS_PROFIT":9992442140.97,"GROSS_PROFIT_YOY":21.62936824356,"HOLDER_PROFIT":1855931279.89,"HOLDER_PROFIT_YOY":68.2934963672,"GROSS_PROFIT_RATIO":18.700481568635,"EPS_TTM":0.648382864213,"OPERATE_INCOME_QOQ":4.707973475464,"NET_PROFIT_RATIO":4.2020903647,"ROE_AVG":2.495165681782,"GROSS_PROFIT_QOQ":5.705078805812,"ROA":0.617463233795,"HOLDER_PROFIT_QOQ":15.354431430544,"ROE_YEARLY":9.980662727129,"ROIC_YEARLY":3.755671697831,"TOTAL_ASSETS":307481050410.07,"TOTAL_LIABILITIES":200502911671.2,"TAX_EBT":15.290457547326,"OCF_SALES":-0.882622375311,"TOTAL_PARENT_EQUITY":75577913933.01,"DEBT_ASSET_RATIO":65.2082173532,"OPERATE_PROFIT":2702537872.94,"PRETAX_PROFIT":2650647054.58,"NETCASH_OPERATE":-471621705.85,"NETCASH_INVEST":2257665985.53,"NETCASH_FINANCE":-666404399.07,"END_CASH":63897268240.11,"DIVI_RATIO":1.022382506676,"DIVIDEND_RATE":6.357766143106,"CURRENT_RATIO":1.401146144409,"COMMON_ACS":null,"CURRENTDEBT_DEBT":64.705140802948,"ISSUED_COMMON_SHARES":8726556821,"HK_COMMON_SHARES":1943040000,"PER_SHARES":1000,"TOTAL_MARKET_CAP":100006341168.66,"HKSK_MARKET_CAP":22267238400,"PE_TTM":8.211773478673,"PB_TTM":1.043722687046,"REPORT_DATE_SQ":"2022-03-31 00:00:00","REPORT_TYPE_SQ":"2022年一季报","OPERATE_INCOME_SQ":45187773099.01,"DPS_HKD":0.7286,"OPERATE_INCOME_QOQ_SQ":-11.943106464996,"NET_PROFIT_RATIO_SQ":3.184979721,"HOLDER_PROFIT_SQ":1102794415.68,"HOLDER_PROFIT_QOQ_SQ":-24.82989604008,"ROE_AVG_SQ":1.454502632616,"PE_TTM_SQ":13.471306079658,"PB_TTM_SQ":1.424184801204,"ROA_SQ":0.378998565336,"START_DATE":"2023-01-01 00:00:00","FISCAL_YEAR":"12-31","CURRENCY":"HKD","IS_CNY_CODE":0,"DPS_HKD_LY":0.4184,"ORG_TYPE":"一般企业","PREMIUM_INCOME":null,"PREMIUM_INCOME_YOY":null,"NET_INTEREST_INCOME":null,"NET_INTEREST_INCOME_YOY":null,"FEE_COMMISSION_INCOME":null,"FEE_COMMISSION_INCOME_YOY":null,"ACCOUNTS_RECE_TDAYS":1.216553303829,"INVENTORY_TDAYS":1.264611467287,"CURRENT_ASSETS_TDAYS":0.305108796002,"TOTAL_ASSETS_TDAYS":0.177773925934,"PREMIUM_EXPENSE":null,"LOAN_DEPOSIT":null,"LOAN_EQUITY":null,"LOAN_ASSETS":null,"DEPOSIT_EQUITY":null,"DEPOSIT_ASSETS":null,"EQUITY_MULTIPLIER":2.874241915546,"EQUITY_RATIO":2.652929953173},{"SECUCODE":"02338.HK","SECURITY_CODE":"02338","SECURITY_NAME_ABBR":"潍柴动力","ORG_CODE":"10060944","STD_REPORT_DATE":"2022-12-31 00:00:00","REPORT_DATE":"2022-12-31 00:00:00","DATE_TYPE_CODE":"001","REPORT_TYPE":"2022年年报","PER_NETCASH_OPERATE":-0.269235446412,"PER_OI":20.071780797246,"BPS":8.386383704664,"BASIC_EPS":0.57,"DILUTED_EPS":0.57,"OPERATE_INCOME":175157535625.82,"OPERATE_INCOME_YOY":-20.4606939272,"GROSS_PROFIT":31146939413.7,"GROSS_PROFIT_YOY":-25.45195006418,"HOLDER_PROFIT":4905013042.11,"HOLDER_PROFIT_YOY":-48.3280620946,"GROSS_PROFIT_RATIO":17.782243454394,"EPS_TTM":0.562078852258,"OPERATE_INCOME_QOQ":13.604692818073,"NET_PROFIT_RATIO":3.2443316416,"ROE_AVG":6.753289474984,"GROSS_PROFIT_QOQ":12.317736872866,"ROA":1.718914557359,"HOLDER_PROFIT_QOQ":8.865270926045,"ROE_YEARLY":6.753289474984,"ROIC_YEARLY":2.711118771383,"TOTAL_ASSETS":293666087852.49,"TOTAL_LIABILITIES":189555435692.08,"TAX_EBT":6.614658365849,"OCF_SALES":-1.341363026687,"TOTAL_PARENT_EQUITY":73184253921.46,"DEBT_ASSET_RATIO":64.5479486849,"OPERATE_PROFIT":5176647120.62,"PRETAX_PROFIT":6085207005.22,"NETCASH_OPERATE":-2349498421.34,"NETCASH_INVEST":-8545187443.4,"NETCASH_FINANCE":4852045538.24,"END_CASH":62761077773.98,"DIVI_RATIO":1.179363527621,"DIVIDEND_RATE":6.357766143106,"CURRENT_RATIO":1.407052177765,"COMMON_ACS":null,"CURRENTDEBT_DEBT":63.170277858655,"ISSUED_COMMON_SHARES":8726556821,"HK_COMMON_SHARES":1943040000,"PER_SHARES":1000,"TOTAL_MARKET_CAP":100006341168.66,"HKSK_MARKET_CAP":22267238400,"PE_TTM":8.211773478673,"PB_TTM":1.043722687046,"REPORT_DATE_SQ":"2021-12-31 00:00:00","REPORT_TYPE_SQ":"2021年年报","OPERATE_INCOME_SQ":220215066328.86,"DPS_HKD":0.7286,"OPERATE_INCOME_QOQ_SQ":-5.998278510428,"NET_PROFIT_RATIO_SQ":5.6801866672,"HOLDER_PROFIT_SQ":9492605156.58,"HOLDER_PROFIT_QOQ_SQ":-7.470457194911,"ROE_AVG_SQ":15.124805984328,"PE_TTM_SQ":13.471306079658,"PB_TTM_SQ":1.424184801204,"ROA_SQ":3.378816925027,"START_DATE":"2022-01-01 00:00:00","FISCAL_YEAR":"12-31","CURRENCY":"HKD","IS_CNY_CODE":0,"DPS_HKD_LY":0.3267,"ORG_TYPE":"一般企业","PREMIUM_INCOME":null,"PREMIUM_INCOME_YOY":null,"NET_INTEREST_INCOME":null,"NET_INTEREST_INCOME_YOY":null,"FEE_COMMISSION_INCOME":null,"FEE_COMMISSION_INCOME_YOY":null,"ACCOUNTS_RECE_TDAYS":4.781280264587,"INVENTORY_TDAYS":4.433882042202,"CURRENT_ASSETS_TDAYS":1.064390782665,"TOTAL_ASSETS_TDAYS":0.613822705941,"PREMIUM_EXPENSE":null,"LOAN_DEPOSIT":null,"LOAN_EQUITY":null,"LOAN_ASSETS":null,"DEPOSIT_EQUITY":null,"DEPOSIT_ASSETS":null,"EQUITY_MULTIPLIER":2.820711250562,"EQUITY_RATIO":2.5901122924},{"SECUCODE":"02338.HK","SECURITY_CODE":"02338","SECURITY_NAME_ABBR":"潍柴动力","ORG_CODE":"10060944","STD_REPORT_DATE":"2022-09-30 00:00:00","REPORT_DATE":"2022-09-30 00:00:00","DATE_TYPE_CODE":"004","REPORT_TYPE":"2022年三季报","PER_NETCASH_OPERATE":-0.276992642128,"PER_OI":14.957038608025,"BPS":8.144128796554,"BASIC_EPS":0.38,"DILUTED_EPS":0.38,"OPERATE_INCOME":130523447286.82,"OPERATE_INCOME_YOY":-27.442450937,"GROSS_PROFIT":22074266856.23,"GROSS_PROFIT_YOY":-34.96878445259,"HOLDER_PROFIT":3311810352.07,"HOLDER_PROFIT_YOY":-58.9141990136,"GROSS_PROFIT_RATIO":16.912108372163,"EPS_TTM":0.516306851098,"OPERATE_INCOME_QOQ":-0.509809690987,"NET_PROFIT_RATIO":2.8625160573,"ROE_AVG":4.62708532154,"GROSS_PROFIT_QOQ":-7.053054093102,"ROA":1.15830693083,"HOLDER_PROFIT_QOQ":-12.192587833031,"ROE_YEARLY":6.169447095386,"ROIC_YEARLY":1.817053766491,"TOTAL_ASSETS":294791979402.85,"TOTAL_LIABILITIES":193212999544.99,"TAX_EBT":5.416643396862,"OCF_SALES":-1.851921689762,"TOTAL_PARENT_EQUITY":71070202700.67,"DEBT_ASSET_RATIO":65.5421493951,"OPERATE_PROFIT":3357074436.45,"PRETAX_PROFIT":3950224195.19,"NETCASH_OPERATE":-2417192030.53,"NETCASH_INVEST":-12372364827.92,"NETCASH_FINANCE":5565211987.45,"END_CASH":59482474707.63,"DIVI_RATIO":1.283917299548,"DIVIDEND_RATE":6.357766143106,"CURRENT_RATIO":1.384622742432,"COMMON_ACS":null,"CURRENTDEBT_DEBT":65.281771110934,"ISSUED_COMMON_SHARES":8726556821,"HK_COMMON_SHARES":1943040000,"PER_SHARES":1000,"TOTAL_MARKET_CAP":100006341168.66,"HKSK_MARKET_CAP":22267238400,"PE_TTM":8.211773478673,"PB_TTM":1.043722687046,"REPORT_DATE_SQ":"2021-09-30 00:00:00","REPORT_TYPE_SQ":"2021年三季报","OPERATE_INCOME_SQ":179889548327.39,"DPS_HKD":0.7286,"OPERATE_INCOME_QOQ_SQ":-5.601201866258,"NET_PROFIT_RATIO_SQ":6.1232753687,"HOLDER_PROFIT_SQ":8060717504.74,"HOLDER_PROFIT_QOQ_SQ":-8.731858562,"ROE_AVG_SQ":12.992632778569,"PE_TTM_SQ":13.471306079658,"PB_TTM_SQ":1.424184801204,"ROA_SQ":2.801066443387,"START_DATE":"2022-01-01 00:00:00","FISCAL_YEAR":"12-31","CURRENCY":"HKD","IS_CNY_CODE":0,"DPS_HKD_LY":0.3267,"ORG_TYPE":"一般企业","PREMIUM_INCOME":null,"PREMIUM_INCOME_YOY":null,"NET_INTEREST_INCOME":null,"NET_INTEREST_INCOME_YOY":null,"FEE_COMMISSION_INCOME":null,"FEE_COMMISSION_INCOME_YOY":null,"ACCOUNTS_RECE_TDAYS":3.450503965316,"INVENTORY_TDAYS":3.221285467505,"CURRENT_ASSETS_TDAYS":0.778582489028,"TOTAL_ASSETS_TDAYS":0.456506253547,"PREMIUM_EXPENSE":null,"LOAN_DEPOSIT":null,"LOAN_EQUITY":null,"LOAN_ASSETS":null,"DEPOSIT_EQUITY":null,"DEPOSIT_ASSETS":null,"EQUITY_MULTIPLIER":2.902096278338,"EQUITY_RATIO":2.718621759934}],"count":73},"success":true,"message":"ok","code":0}