{"version":"6c132e64a5dd592c25f3bbd0e749cdeb","result":{"pages":3,"data":[{"SECUCODE":"02337.HK","SECURITY_CODE":"02337","SECURITY_NAME_ABBR":"众诚能源","ORG_CODE":"10664622","STD_REPORT_DATE":"2024-06-30 00:00:00","REPORT_DATE":"2024-06-30 00:00:00","DATE_TYPE_CODE":"002","REPORT_TYPE":"2024年中报","PER_NETCASH_OPERATE":0.131873795067,"PER_OI":10.252044047829,"BPS":1.255117462657,"BASIC_EPS":0.07,"DILUTED_EPS":0.07,"OPERATE_INCOME":3839411000,"OPERATE_INCOME_YOY":20.5828499857,"GROSS_PROFIT":212028000,"GROSS_PROFIT_YOY":22.83787541713,"HOLDER_PROFIT":26970000,"HOLDER_PROFIT_YOY":319.2445204415,"GROSS_PROFIT_RATIO":5.522409557091,"EPS_TTM":0.160282188079,"OPERATE_INCOME_QOQ":8.920326205833,"NET_PROFIT_RATIO":0.7277157877,"ROE_AVG":5.741064576865,"GROSS_PROFIT_QOQ":9.335414184998,"ROA":1.500058817657,"HOLDER_PROFIT_QOQ":52.006887994125,"ROE_YEARLY":11.482129153731,"ROIC_YEARLY":3.286245108558,"TOTAL_ASSETS":1681263000,"TOTAL_LIABILITIES":1167682000,"TAX_EBT":33.586879011172,"OCF_SALES":1.28631709395,"TOTAL_PARENT_EQUITY":470044000,"DEBT_ASSET_RATIO":69.4526674292,"OPERATE_PROFIT":55242000,"PRETAX_PROFIT":42070000,"NETCASH_OPERATE":49387000,"NETCASH_INVEST":-3926000,"NETCASH_FINANCE":-21973000,"END_CASH":70077000,"DIVI_RATIO":0.452312267937,"DIVIDEND_RATE":5.369127516779,"CURRENT_RATIO":1.259243068259,"COMMON_ACS":800000000,"CURRENTDEBT_DEBT":76.40162304463,"ISSUED_COMMON_SHARES":374502000,"HK_COMMON_SHARES":374502000,"PER_SHARES":1000,"TOTAL_MARKET_CAP":558007980,"HKSK_MARKET_CAP":558007980,"PE_TTM":8.435689645674,"PB_TTM":1.083478830038,"REPORT_DATE_SQ":"2023-06-30 00:00:00","REPORT_TYPE_SQ":"2023年中报","OPERATE_INCOME_SQ":3184044000,"DPS_HKD":0.08,"OPERATE_INCOME_QOQ_SQ":8.248609132708,"NET_PROFIT_RATIO_SQ":0.2244629785,"HOLDER_PROFIT_SQ":6433000,"HOLDER_PROFIT_QOQ_SQ":4.385964912281,"ROE_AVG_SQ":1.483794852041,"PE_TTM_SQ":94.78100244189,"PB_TTM_SQ":3.748825353145,"ROA_SQ":0.427457623853,"START_DATE":"2024-01-01 00:00:00","FISCAL_YEAR":"12-31","CURRENCY":"HKD","IS_CNY_CODE":0,"DPS_HKD_LY":0.08,"ORG_TYPE":"一般企业","PREMIUM_INCOME":null,"PREMIUM_INCOME_YOY":null,"NET_INTEREST_INCOME":null,"NET_INTEREST_INCOME_YOY":null,"FEE_COMMISSION_INCOME":null,"FEE_COMMISSION_INCOME_YOY":null,"ACCOUNTS_RECE_TDAYS":92.936943261038,"INVENTORY_TDAYS":19.716127524384,"CURRENT_ASSETS_TDAYS":3.126083966958,"TOTAL_ASSETS_TDAYS":2.135462486154,"PREMIUM_EXPENSE":null,"LOAN_DEPOSIT":null,"LOAN_EQUITY":null,"LOAN_ASSETS":null,"DEPOSIT_EQUITY":null,"DEPOSIT_ASSETS":null,"EQUITY_MULTIPLIER":3.273608252643,"EQUITY_RATIO":2.48419722409},{"SECUCODE":"02337.HK","SECURITY_CODE":"02337","SECURITY_NAME_ABBR":"众诚能源","ORG_CODE":"10664622","STD_REPORT_DATE":"2023-12-31 00:00:00","REPORT_DATE":"2023-12-31 00:00:00","DATE_TYPE_CODE":"001","REPORT_TYPE":"2023年年报","PER_NETCASH_OPERATE":0.092918061853,"PER_OI":19.61777240175,"BPS":1.253672877581,"BASIC_EPS":0.11,"DILUTED_EPS":0.11,"OPERATE_INCOME":7346895000,"OPERATE_INCOME_YOY":20.651230358,"GROSS_PROFIT":422263000,"GROSS_PROFIT_YOY":7.418176452931,"HOLDER_PROFIT":39489000,"HOLDER_PROFIT_YOY":138.8929219601,"GROSS_PROFIT_RATIO":5.747502856649,"EPS_TTM":0.105444029671,"OPERATE_INCOME_QOQ":11.45753402712,"NET_PROFIT_RATIO":0.5894190675,"ROE_AVG":8.793046436878,"GROSS_PROFIT_QOQ":8.577136891691,"ROA":2.275990259506,"HOLDER_PROFIT_QOQ":128.855404230658,"ROE_YEARLY":8.793046436878,"ROIC_YEARLY":2.553449863433,"TOTAL_ASSETS":1914596000,"TOTAL_LIABILITIES":1402489000,"TAX_EBT":32.414589608728,"OCF_SALES":0.473642266563,"TOTAL_PARENT_EQUITY":469503000,"DEBT_ASSET_RATIO":73.252477285,"OPERATE_PROFIT":113598000,"PRETAX_PROFIT":64073000,"NETCASH_OPERATE":34798000,"NETCASH_INVEST":-41768000,"NETCASH_FINANCE":-6915000,"END_CASH":46517000,"DIVI_RATIO":0.687545802507,"DIVIDEND_RATE":4.545454545455,"CURRENT_RATIO":1.168556159671,"COMMON_ACS":800000000,"CURRENTDEBT_DEBT":81.333543435991,"ISSUED_COMMON_SHARES":374502000,"HK_COMMON_SHARES":374502000,"PER_SHARES":1000,"TOTAL_MARKET_CAP":659123520,"HKSK_MARKET_CAP":659123520,"PE_TTM":9.96430454791,"PB_TTM":1.279813920045,"REPORT_DATE_SQ":"2022-12-31 00:00:00","REPORT_TYPE_SQ":"2022年年报","OPERATE_INCOME_SQ":6089366000,"DPS_HKD":0.08,"OPERATE_INCOME_QOQ_SQ":-2.108660732773,"NET_PROFIT_RATIO_SQ":0.311214665,"HOLDER_PROFIT_SQ":16530000,"HOLDER_PROFIT_QOQ_SQ":-75.982913433877,"ROE_AVG_SQ":3.933429150684,"PE_TTM_SQ":94.98012219492,"PB_TTM_SQ":3.75670103666,"ROA_SQ":1.066510442995,"START_DATE":"2023-01-01 00:00:00","FISCAL_YEAR":"12-31","CURRENCY":"HKD","IS_CNY_CODE":0,"DPS_HKD_LY":null,"ORG_TYPE":"一般企业","PREMIUM_INCOME":null,"PREMIUM_INCOME_YOY":null,"NET_INTEREST_INCOME":null,"NET_INTEREST_INCOME_YOY":null,"FEE_COMMISSION_INCOME":null,"FEE_COMMISSION_INCOME_YOY":null,"ACCOUNTS_RECE_TDAYS":143.705953114456,"INVENTORY_TDAYS":43.049442658825,"CURRENT_ASSETS_TDAYS":6.484570350253,"TOTAL_ASSETS_TDAYS":4.23446059855,"PREMIUM_EXPENSE":null,"LOAN_DEPOSIT":null,"LOAN_EQUITY":null,"LOAN_ASSETS":null,"DEPOSIT_EQUITY":null,"DEPOSIT_ASSETS":null,"EQUITY_MULTIPLIER":3.738663990139,"EQUITY_RATIO":2.987177930705},{"SECUCODE":"02337.HK","SECURITY_CODE":"02337","SECURITY_NAME_ABBR":"众诚能源","ORG_CODE":"10664622","STD_REPORT_DATE":"2023-06-30 00:00:00","REPORT_DATE":"2023-06-30 00:00:00","DATE_TYPE_CODE":"002","REPORT_TYPE":"2023年中报","PER_NETCASH_OPERATE":0.130495965309,"PER_OI":8.502074755275,"BPS":1.170666645305,"BASIC_EPS":0.02,"DILUTED_EPS":0.02,"OPERATE_INCOME":3184044000,"OPERATE_INCOME_YOY":18.7298173286,"GROSS_PROFIT":172608000,"GROSS_PROFIT_YOY":-2.373249473994,"HOLDER_PROFIT":6433000,"HOLDER_PROFIT_YOY":12.7014716188,"GROSS_PROFIT_RATIO":5.421030613899,"EPS_TTM":0.046074520296,"OPERATE_INCOME_QOQ":8.248609132708,"NET_PROFIT_RATIO":0.2244629785,"ROE_AVG":1.483794852041,"GROSS_PROFIT_QOQ":-1.067407441326,"ROA":0.427457623853,"HOLDER_PROFIT_QOQ":4.385964912281,"ROE_YEARLY":2.967589704083,"ROIC_YEARLY":0.950365103149,"TOTAL_ASSETS":1454435000,"TOTAL_LIABILITIES":976571000,"TAX_EBT":32.428855062872,"OCF_SALES":1.534872005538,"TOTAL_PARENT_EQUITY":438417000,"DEBT_ASSET_RATIO":67.1443550245,"OPERATE_PROFIT":25440000,"PRETAX_PROFIT":10577000,"NETCASH_OPERATE":48871000,"NETCASH_INVEST":-29311000,"NETCASH_FINANCE":5308000,"END_CASH":85264000,"DIVI_RATIO":1.573485725598,"DIVIDEND_RATE":4.545454545455,"CURRENT_RATIO":1.269051773847,"COMMON_ACS":800000000,"CURRENTDEBT_DEBT":67.659084695327,"ISSUED_COMMON_SHARES":374502000,"HK_COMMON_SHARES":374502000,"PER_SHARES":1000,"TOTAL_MARKET_CAP":659123520,"HKSK_MARKET_CAP":659123520,"PE_TTM":9.96430454791,"PB_TTM":1.279813920045,"REPORT_DATE_SQ":"2022-06-30 00:00:00","REPORT_TYPE_SQ":"2022年中报","OPERATE_INCOME_SQ":2681756000,"DPS_HKD":0.08,"OPERATE_INCOME_QOQ_SQ":6.69724828866,"NET_PROFIT_RATIO_SQ":0.2768708264,"HOLDER_PROFIT_SQ":5708000,"HOLDER_PROFIT_QOQ_SQ":-61.031593251047,"ROE_AVG_SQ":1.381910003958,"PE_TTM_SQ":94.98012219492,"PB_TTM_SQ":3.75670103666,"ROA_SQ":0.361057871732,"START_DATE":"2023-01-01 00:00:00","FISCAL_YEAR":"12-31","CURRENCY":"HKD","IS_CNY_CODE":0,"DPS_HKD_LY":null,"ORG_TYPE":"一般企业","PREMIUM_INCOME":null,"PREMIUM_INCOME_YOY":null,"NET_INTEREST_INCOME":null,"NET_INTEREST_INCOME_YOY":null,"FEE_COMMISSION_INCOME":null,"FEE_COMMISSION_INCOME_YOY":null,"ACCOUNTS_RECE_TDAYS":63.16482339288,"INVENTORY_TDAYS":24.779872868281,"CURRENT_ASSETS_TDAYS":3.594725174978,"TOTAL_ASSETS_TDAYS":2.115721875458,"PREMIUM_EXPENSE":null,"LOAN_DEPOSIT":null,"LOAN_EQUITY":null,"LOAN_ASSETS":null,"DEPOSIT_EQUITY":null,"DEPOSIT_ASSETS":null,"EQUITY_MULTIPLIER":3.043617012375,"EQUITY_RATIO":2.227493459423},{"SECUCODE":"02337.HK","SECURITY_CODE":"02337","SECURITY_NAME_ABBR":"众诚能源","ORG_CODE":"10664622","STD_REPORT_DATE":"2022-12-31 00:00:00","REPORT_DATE":"2022-12-31 00:00:00","DATE_TYPE_CODE":"001","REPORT_TYPE":"2022年年报","PER_NETCASH_OPERATE":0.249723632985,"PER_OI":16.259902483832,"BPS":1.144677465007,"BASIC_EPS":0.04,"DILUTED_EPS":0.04,"OPERATE_INCOME":6089366000,"OPERATE_INCOME_YOY":4.447365311,"GROSS_PROFIT":393102000,"GROSS_PROFIT_YOY":-35.843544564927,"HOLDER_PROFIT":16530000,"HOLDER_PROFIT_YOY":-90.6409240177,"GROSS_PROFIT_RATIO":6.455548902792,"EPS_TTM":0.044138616082,"OPERATE_INCOME_QOQ":-2.108660732773,"NET_PROFIT_RATIO":0.311214665,"ROE_AVG":3.933429150684,"GROSS_PROFIT_QOQ":-14.982546747466,"ROA":1.066510442995,"HOLDER_PROFIT_QOQ":-75.982913433877,"ROE_YEARLY":3.933429150684,"ROIC_YEARLY":1.187665949014,"TOTAL_ASSETS":1555454000,"TOTAL_LIABILITIES":1087830000,"TAX_EBT":48.603276198742,"OCF_SALES":1.535824911822,"TOTAL_PARENT_EQUITY":428684000,"DEBT_ASSET_RATIO":69.9364944254,"OPERATE_PROFIT":86956000,"PRETAX_PROFIT":36872000,"NETCASH_OPERATE":93522000,"NETCASH_INVEST":-11178000,"NETCASH_FINANCE":-76254000,"END_CASH":60297000,"DIVI_RATIO":1.642498257423,"DIVIDEND_RATE":4.545454545455,"CURRENT_RATIO":1.139232206308,"COMMON_ACS":800000000,"CURRENTDEBT_DEBT":75.284741181986,"ISSUED_COMMON_SHARES":374502000,"HK_COMMON_SHARES":374502000,"PER_SHARES":1000,"TOTAL_MARKET_CAP":659123520,"HKSK_MARKET_CAP":659123520,"PE_TTM":9.96430454791,"PB_TTM":1.279813920045,"REPORT_DATE_SQ":"2021-12-31 00:00:00","REPORT_TYPE_SQ":"2021年年报","OPERATE_INCOME_SQ":5830081000,"DPS_HKD":0.08,"OPERATE_INCOME_QOQ_SQ":40.583744790275,"NET_PROFIT_RATIO_SQ":3.1204369202,"HOLDER_PROFIT_SQ":176620000,"HOLDER_PROFIT_QOQ_SQ":-5.010837003931,"ROE_AVG_SQ":53.086147016346,"PE_TTM_SQ":94.98012219492,"PB_TTM_SQ":3.75670103666,"ROA_SQ":12.537311313891,"START_DATE":"2022-01-01 00:00:00","FISCAL_YEAR":"12-31","CURRENCY":"HKD","IS_CNY_CODE":0,"DPS_HKD_LY":0.0267,"ORG_TYPE":"一般企业","PREMIUM_INCOME":null,"PREMIUM_INCOME_YOY":null,"NET_INTEREST_INCOME":null,"NET_INTEREST_INCOME_YOY":null,"FEE_COMMISSION_INCOME":null,"FEE_COMMISSION_INCOME_YOY":null,"ACCOUNTS_RECE_TDAYS":114.529580484685,"INVENTORY_TDAYS":52.671980470845,"CURRENT_ASSETS_TDAYS":6.930113510917,"TOTAL_ASSETS_TDAYS":3.928839945687,"PREMIUM_EXPENSE":null,"LOAN_DEPOSIT":null,"LOAN_EQUITY":null,"LOAN_ASSETS":null,"DEPOSIT_EQUITY":null,"DEPOSIT_ASSETS":null,"EQUITY_MULTIPLIER":3.326292063707,"EQUITY_RATIO":2.537603456159},{"SECUCODE":"02337.HK","SECURITY_CODE":"02337","SECURITY_NAME_ABBR":"众诚能源","ORG_CODE":"10664622","STD_REPORT_DATE":"2022-06-30 00:00:00","REPORT_DATE":"2022-06-30 00:00:00","DATE_TYPE_CODE":"002","REPORT_TYPE":"2022年中报","PER_NETCASH_OPERATE":0.244094824594,"PER_OI":7.160858954024,"BPS":1.106266455186,"BASIC_EPS":0.02,"DILUTED_EPS":0.02,"OPERATE_INCOME":2681756000,"OPERATE_INCOME_YOY":17.0407554485,"GROSS_PROFIT":176804000,"GROSS_PROFIT_YOY":-45.956289163992,"HOLDER_PROFIT":5708000,"HOLDER_PROFIT_YOY":-94.9710137266,"GROSS_PROFIT_RATIO":6.592844390019,"EPS_TTM":0.18378005992,"OPERATE_INCOME_QOQ":6.69724828866,"NET_PROFIT_RATIO":0.2768708264,"ROE_AVG":1.381910003958,"GROSS_PROFIT_QOQ":-24.537312068729,"ROA":0.361057871732,"HOLDER_PROFIT_QOQ":-61.031593251047,"ROE_YEARLY":2.763820007917,"ROIC_YEARLY":0.801977687092,"TOTAL_ASSETS":1617445000,"TOTAL_LIABILITIES":1164786000,"TAX_EBT":40.73275862069,"OCF_SALES":3.408736663589,"TOTAL_PARENT_EQUITY":414299000,"DEBT_ASSET_RATIO":72.013947924,"OPERATE_PROFIT":31235000,"PRETAX_PROFIT":12528000,"NETCASH_OPERATE":91414000,"NETCASH_INVEST":-847000,"NETCASH_FINANCE":-74937000,"END_CASH":69667000,"DIVI_RATIO":0.394480228332,"DIVIDEND_RATE":4.545454545455,"CURRENT_RATIO":1.099292164425,"COMMON_ACS":800000000,"CURRENTDEBT_DEBT":73.015987486113,"ISSUED_COMMON_SHARES":374502000,"HK_COMMON_SHARES":374502000,"PER_SHARES":1000,"TOTAL_MARKET_CAP":659123520,"HKSK_MARKET_CAP":659123520,"PE_TTM":9.96430454791,"PB_TTM":1.279813920045,"REPORT_DATE_SQ":"2021-06-30 00:00:00","REPORT_TYPE_SQ":"2021年中报","OPERATE_INCOME_SQ":2291301000,"DPS_HKD":0.08,"OPERATE_INCOME_QOQ_SQ":19.122907906824,"NET_PROFIT_RATIO_SQ":5.0607056864,"HOLDER_PROFIT_SQ":113502000,"HOLDER_PROFIT_QOQ_SQ":50.821281117429,"ROE_AVG_SQ":37.582261485152,"PE_TTM_SQ":94.98012219492,"PB_TTM_SQ":3.75670103666,"ROA_SQ":8.505010374431,"START_DATE":"2022-01-01 00:00:00","FISCAL_YEAR":"12-31","CURRENCY":"HKD","IS_CNY_CODE":0,"DPS_HKD_LY":0.0267,"ORG_TYPE":"一般企业","PREMIUM_INCOME":null,"PREMIUM_INCOME_YOY":null,"NET_INTEREST_INCOME":null,"NET_INTEREST_INCOME_YOY":null,"FEE_COMMISSION_INCOME":null,"FEE_COMMISSION_INCOME_YOY":null,"ACCOUNTS_RECE_TDAYS":65.830156489721,"INVENTORY_TDAYS":20.605949927816,"CURRENT_ASSETS_TDAYS":3.048674666471,"TOTAL_ASSETS_TDAYS":1.696336919875,"PREMIUM_EXPENSE":null,"LOAN_DEPOSIT":null,"LOAN_EQUITY":null,"LOAN_ASSETS":null,"DEPOSIT_EQUITY":null,"DEPOSIT_ASSETS":null,"EQUITY_MULTIPLIER":3.573208530036,"EQUITY_RATIO":2.811462253107},{"SECUCODE":"02337.HK","SECURITY_CODE":"02337","SECURITY_NAME_ABBR":"众诚能源","ORG_CODE":"10664622","STD_REPORT_DATE":"2021-12-31 00:00:00","REPORT_DATE":"2021-12-31 00:00:00","DATE_TYPE_CODE":"001","REPORT_TYPE":"2021年年报","PER_NETCASH_OPERATE":0.168258113441,"PER_OI":15.567556381541,"BPS":1.099604274477,"BASIC_EPS":0.47,"DILUTED_EPS":0.47,"OPERATE_INCOME":5830081000,"OPERATE_INCOME_YOY":67.4674448385,"GROSS_PROFIT":612724000,"GROSS_PROFIT_YOY":30.287804203834,"HOLDER_PROFIT":176620000,"HOLDER_PROFIT_YOY":43.2638725534,"GROSS_PROFIT_RATIO":10.509699607947,"EPS_TTM":0.471612968689,"OPERATE_INCOME_QOQ":40.583744790275,"NET_PROFIT_RATIO":3.1204369202,"ROE_AVG":53.086147016346,"GROSS_PROFIT_QOQ":4.403625954198,"ROA":12.537311313891,"HOLDER_PROFIT_QOQ":-5.010837003931,"ROE_YEARLY":53.086147016346,"ROIC_YEARLY":14.080273984179,"TOTAL_ASSETS":1544375000,"TOTAL_LIABILITIES":1095714000,"TAX_EBT":27.843442115784,"OCF_SALES":1.08082546366,"TOTAL_PARENT_EQUITY":411804000,"DEBT_ASSET_RATIO":70.9487009308,"OPERATE_PROFIT":293023000,"PRETAX_PROFIT":252124000,"NETCASH_OPERATE":63013000,"NETCASH_INVEST":-13270000,"NETCASH_FINANCE":-107293000,"END_CASH":53574000,"DIVI_RATIO":0.153722659921,"DIVIDEND_RATE":4.545454545455,"CURRENT_RATIO":1.117646341067,"COMMON_ACS":800000000,"CURRENTDEBT_DEBT":67.316106210197,"ISSUED_COMMON_SHARES":374502000,"HK_COMMON_SHARES":374502000,"PER_SHARES":1000,"TOTAL_MARKET_CAP":659123520,"HKSK_MARKET_CAP":659123520,"PE_TTM":9.96430454791,"PB_TTM":1.279813920045,"REPORT_DATE_SQ":"2020-12-31 00:00:00","REPORT_TYPE_SQ":"2020年年报","OPERATE_INCOME_SQ":3481322000,"DPS_HKD":0.08,"OPERATE_INCOME_QOQ_SQ":937.565270260604,"NET_PROFIT_RATIO_SQ":3.5722923648,"HOLDER_PROFIT_SQ":123283000,"HOLDER_PROFIT_QOQ_SQ":509.226131646571,"ROE_AVG_SQ":49.820371380655,"PE_TTM_SQ":94.98012219492,"PB_TTM_SQ":3.75670103666,"ROA_SQ":14.49701758873,"START_DATE":"2021-01-01 00:00:00","FISCAL_YEAR":"12-31","CURRENCY":"HKD","IS_CNY_CODE":0,"DPS_HKD_LY":0.0534,"ORG_TYPE":"一般企业","PREMIUM_INCOME":null,"PREMIUM_INCOME_YOY":null,"NET_INTEREST_INCOME":null,"NET_INTEREST_INCOME_YOY":null,"FEE_COMMISSION_INCOME":null,"FEE_COMMISSION_INCOME_YOY":null,"ACCOUNTS_RECE_TDAYS":150.271438513287,"INVENTORY_TDAYS":54.347185691741,"CURRENT_ASSETS_TDAYS":8.482369501722,"TOTAL_ASSETS_TDAYS":4.138463394984,"PREMIUM_EXPENSE":null,"LOAN_DEPOSIT":null,"LOAN_EQUITY":null,"LOAN_ASSETS":null,"DEPOSIT_EQUITY":null,"DEPOSIT_ASSETS":null,"EQUITY_MULTIPLIER":3.442186862687,"EQUITY_RATIO":2.660765801206},{"SECUCODE":"02337.HK","SECURITY_CODE":"02337","SECURITY_NAME_ABBR":"众诚能源","ORG_CODE":"10664622","STD_REPORT_DATE":"2021-06-30 00:00:00","REPORT_DATE":"2021-06-30 00:00:00","DATE_TYPE_CODE":"002","REPORT_TYPE":"2021年中报","PER_NETCASH_OPERATE":0.139337039589,"PER_OI":6.118261050675,"BPS":0.935679916262,"BASIC_EPS":0.3,"DILUTED_EPS":0.3,"OPERATE_INCOME":2291301000,"OPERATE_INCOME_YOY":40.9536095317,"GROSS_PROFIT":327150000,"GROSS_PROFIT_YOY":55.37508014533,"HOLDER_PROFIT":113502000,"HOLDER_PROFIT_YOY":123.2182190057,"GROSS_PROFIT_RATIO":14.27791459961,"EPS_TTM":0.4964913405,"OPERATE_INCOME_QOQ":19.122907906824,"NET_PROFIT_RATIO":5.0607056864,"ROE_AVG":37.582261485152,"GROSS_PROFIT_QOQ":24.792413111199,"ROA":8.505010374431,"HOLDER_PROFIT_QOQ":50.821281117429,"ROE_YEARLY":75.164522970304,"ROIC_YEARLY":19.320730821427,"TOTAL_ASSETS":1395927000,"TOTAL_LIABILITIES":1011534000,"TAX_EBT":26.343003423809,"OCF_SALES":2.277396116879,"TOTAL_PARENT_EQUITY":350414000,"DEBT_ASSET_RATIO":72.4632448545,"OPERATE_PROFIT":175464000,"PRETAX_PROFIT":157427000,"NETCASH_OPERATE":52182000,"NETCASH_INVEST":-7015000,"NETCASH_FINANCE":-83641000,"END_CASH":73113000,"DIVI_RATIO":0.146019867994,"DIVIDEND_RATE":4.545454545455,"CURRENT_RATIO":1.083017675248,"COMMON_ACS":800000000,"CURRENTDEBT_DEBT":61.619382047465,"ISSUED_COMMON_SHARES":374502000,"HK_COMMON_SHARES":374502000,"PER_SHARES":1000,"TOTAL_MARKET_CAP":659123520,"HKSK_MARKET_CAP":659123520,"PE_TTM":9.96430454791,"PB_TTM":1.279813920045,"REPORT_DATE_SQ":"2020-06-30 00:00:00","REPORT_TYPE_SQ":"2020年中报","OPERATE_INCOME_SQ":1625571000,"DPS_HKD":0.08,"OPERATE_INCOME_QOQ_SQ":-16.793635678292,"NET_PROFIT_RATIO_SQ":2.1637298206,"HOLDER_PROFIT_SQ":50848000,"HOLDER_PROFIT_QOQ_SQ":-43.224285954772,"ROE_AVG_SQ":1.324199165678,"PE_TTM_SQ":94.98012219492,"PB_TTM_SQ":3.75670103666,"ROA_SQ":0.771160882178,"START_DATE":"2021-01-01 00:00:00","FISCAL_YEAR":"12-31","CURRENCY":"HKD","IS_CNY_CODE":0,"DPS_HKD_LY":0.0534,"ORG_TYPE":"一般企业","PREMIUM_INCOME":null,"PREMIUM_INCOME_YOY":null,"NET_INTEREST_INCOME":null,"NET_INTEREST_INCOME_YOY":null,"FEE_COMMISSION_INCOME":null,"FEE_COMMISSION_INCOME_YOY":null,"ACCOUNTS_RECE_TDAYS":86.296480424835,"INVENTORY_TDAYS":15.535052023396,"CURRENT_ASSETS_TDAYS":3.739940945749,"TOTAL_ASSETS_TDAYS":1.716933514471,"PREMIUM_EXPENSE":null,"LOAN_DEPOSIT":null,"LOAN_EQUITY":null,"LOAN_ASSETS":null,"DEPOSIT_EQUITY":null,"DEPOSIT_ASSETS":null,"EQUITY_MULTIPLIER":3.631509939047,"EQUITY_RATIO":2.886682609713},{"SECUCODE":"02337.HK","SECURITY_CODE":"02337","SECURITY_NAME_ABBR":"众诚能源","ORG_CODE":"10664622","STD_REPORT_DATE":"2020-12-31 00:00:00","REPORT_DATE":"2020-12-31 00:00:00","DATE_TYPE_CODE":"001","REPORT_TYPE":"2020年年报","PER_NETCASH_OPERATE":0.487062819424,"PER_OI":9.295870249024,"BPS":0.677179294103,"BASIC_EPS":0.35,"DILUTED_EPS":0.35,"OPERATE_INCOME":3481322000,"OPERATE_INCOME_YOY":-11.9386799815,"GROSS_PROFIT":470285000,"GROSS_PROFIT_YOY":-5.932652591785,"HOLDER_PROFIT":123283000,"HOLDER_PROFIT_YOY":-9.1134947842,"GROSS_PROFIT_RATIO":13.50880498845,"EPS_TTM":0.329191833421,"OPERATE_INCOME_QOQ":937.565270260604,"NET_PROFIT_RATIO":3.5722923648,"ROE_AVG":49.820371380655,"GROSS_PROFIT_QOQ":196.242519685039,"ROA":14.49701758873,"HOLDER_PROFIT_QOQ":509.226131646571,"ROE_YEARLY":49.820371380655,"ROIC_YEARLY":16.809824399695,"TOTAL_ASSETS":1273135000,"TOTAL_LIABILITIES":988026000,"TAX_EBT":27.193906822626,"OCF_SALES":5.239561293095,"TOTAL_PARENT_EQUITY":253605000,"DEBT_ASSET_RATIO":77.6057527285,"OPERATE_PROFIT":207902000,"PRETAX_PROFIT":170814000,"NETCASH_OPERATE":182406000,"NETCASH_INVEST":-42316000,"NETCASH_FINANCE":-91438000,"END_CASH":111617000,"DIVI_RATIO":0.220229035595,"DIVIDEND_RATE":4.545454545455,"CURRENT_RATIO":0.885992835004,"COMMON_ACS":800000000,"CURRENTDEBT_DEBT":62.860187889792,"ISSUED_COMMON_SHARES":374502000,"HK_COMMON_SHARES":374502000,"PER_SHARES":1000,"TOTAL_MARKET_CAP":659123520,"HKSK_MARKET_CAP":659123520,"PE_TTM":9.96430454791,"PB_TTM":1.279813920045,"REPORT_DATE_SQ":"2019-12-31 00:00:00","REPORT_TYPE_SQ":"2019年年报","OPERATE_INCOME_SQ":3953293000,"DPS_HKD":0.08,"OPERATE_INCOME_QOQ_SQ":5.021251770981,"NET_PROFIT_RATIO_SQ":8.8513768202,"HOLDER_PROFIT_SQ":135645000,"HOLDER_PROFIT_QOQ_SQ":-21.330508100472,"ROE_AVG_SQ":13.783502104728,"PE_TTM_SQ":94.98012219492,"PB_TTM_SQ":3.75670103666,"ROA_SQ":9.491978609626,"START_DATE":"2020-01-01 00:00:00","FISCAL_YEAR":"12-31","CURRENCY":"HKD","IS_CNY_CODE":0,"DPS_HKD_LY":0.0853,"ORG_TYPE":"一般企业","PREMIUM_INCOME":null,"PREMIUM_INCOME_YOY":null,"NET_INTEREST_INCOME":null,"NET_INTEREST_INCOME_YOY":null,"FEE_COMMISSION_INCOME":null,"FEE_COMMISSION_INCOME_YOY":null,"ACCOUNTS_RECE_TDAYS":84.764539024361,"INVENTORY_TDAYS":53.01541495365,"CURRENT_ASSETS_TDAYS":9.394340979528,"TOTAL_ASSETS_TDAYS":4.093734437516,"PREMIUM_EXPENSE":null,"LOAN_DEPOSIT":null,"LOAN_EQUITY":null,"LOAN_ASSETS":null,"DEPOSIT_EQUITY":null,"DEPOSIT_ASSETS":null,"EQUITY_MULTIPLIER":4.465432518791,"EQUITY_RATIO":3.89592476489},{"SECUCODE":"02337.HK","SECURITY_CODE":"02337","SECURITY_NAME_ABBR":"众诚能源","ORG_CODE":"10664622","STD_REPORT_DATE":"2020-06-30 00:00:00","REPORT_DATE":"2020-06-30 00:00:00","DATE_TYPE_CODE":"002","REPORT_TYPE":"2020年中报","PER_NETCASH_OPERATE":0.423864188792,"PER_OI":6.93201337302,"BPS":0.681294091887,"BASIC_EPS":0.15,"DILUTED_EPS":0.15,"OPERATE_INCOME":1625571000,"OPERATE_INCOME_YOY":-34.7363993557,"GROSS_PROFIT":210555000,"GROSS_PROFIT_YOY":164.606084978573,"HOLDER_PROFIT":50848000,"HOLDER_PROFIT_YOY":-82.4158776012,"GROSS_PROFIT_RATIO":48.588427621548,"EPS_TTM":0.086293507092,"OPERATE_INCOME_QOQ":-16.793635678292,"NET_PROFIT_RATIO":2.1637298206,"ROE_AVG":1.324199165678,"GROSS_PROFIT_QOQ":-10.057676400267,"ROA":0.771160882178,"HOLDER_PROFIT_QOQ":-43.224285954772,"ROE_YEARLY":2.648398331356,"ROIC_YEARLY":2.02998974815,"TOTAL_ASSETS":424811000,"TOTAL_LIABILITIES":164086000,"TAX_EBT":26.482166466123,"OCF_SALES":78.12141408743,"TOTAL_PARENT_EQUITY":255146000,"DEBT_ASSET_RATIO":38.625647641,"OPERATE_PROFIT":84958000,"PRETAX_PROFIT":67317000,"NETCASH_OPERATE":218334000,"NETCASH_INVEST":-19037000,"NETCASH_FINANCE":-117887000,"END_CASH":147856000,"DIVI_RATIO":0.840128098201,"DIVIDEND_RATE":4.545454545455,"CURRENT_RATIO":1.471273180315,"COMMON_ACS":800000000,"CURRENTDEBT_DEBT":76.309983788989,"ISSUED_COMMON_SHARES":374502000,"HK_COMMON_SHARES":374502000,"PER_SHARES":1000,"TOTAL_MARKET_CAP":659123520,"HKSK_MARKET_CAP":659123520,"PE_TTM":9.96430454791,"PB_TTM":1.279813920045,"REPORT_DATE_SQ":"2019-06-30 00:00:00","REPORT_TYPE_SQ":"2019年中报","OPERATE_INCOME_SQ":194954000,"DPS_HKD":0.08,"OPERATE_INCOME_QOQ_SQ":10.283025912927,"NET_PROFIT_RATIO_SQ":9.5730274834,"HOLDER_PROFIT_SQ":18693000,"HOLDER_PROFIT_QOQ_SQ":5.433897279561,"ROE_AVG_SQ":7.494392135559,"PE_TTM_SQ":94.98012219492,"PB_TTM_SQ":3.75670103666,"ROA_SQ":5.011884222338,"START_DATE":"2020-01-01 00:00:00","FISCAL_YEAR":"12-31","CURRENCY":"HKD","IS_CNY_CODE":0,"DPS_HKD_LY":0.0853,"ORG_TYPE":"一般企业","PREMIUM_INCOME":null,"PREMIUM_INCOME_YOY":null,"NET_INTEREST_INCOME":null,"NET_INTEREST_INCOME_YOY":null,"FEE_COMMISSION_INCOME":null,"FEE_COMMISSION_INCOME_YOY":null,"ACCOUNTS_RECE_TDAYS":64.860688279302,"INVENTORY_TDAYS":42.545040650407,"CURRENT_ASSETS_TDAYS":0.678384149674,"TOTAL_ASSETS_TDAYS":0.298502840533,"PREMIUM_EXPENSE":null,"LOAN_DEPOSIT":null,"LOAN_EQUITY":null,"LOAN_ASSETS":null,"DEPOSIT_EQUITY":null,"DEPOSIT_ASSETS":null,"EQUITY_MULTIPLIER":1.629345095408,"EQUITY_RATIO":0.643106299922}],"count":20},"success":true,"message":"ok","code":0}