{"version":"d63c54130a055d271573bd97136bc298","result":{"pages":9,"data":[{"SECUCODE":"02333.HK","SECURITY_CODE":"02333","SECURITY_NAME_ABBR":"长城汽车","ORG_CODE":"10010590","STD_REPORT_DATE":"2024-09-30 00:00:00","REPORT_DATE":"2024-09-30 00:00:00","DATE_TYPE_CODE":"004","REPORT_TYPE":"2024年三季报","PER_NETCASH_OPERATE":1.662285476087,"PER_OI":16.65445796438,"BPS":8.997866815407,"BASIC_EPS":1.23,"DILUTED_EPS":1.22,"OPERATE_INCOME":142254290211.98,"OPERATE_INCOME_YOY":19.0377101918,"GROSS_PROFIT":29535783522.58,"GROSS_PROFIT_YOY":31.159881654968,"HOLDER_PROFIT":10428115115.09,"HOLDER_PROFIT_YOY":108.7769967514,"GROSS_PROFIT_RATIO":20.76266626375,"EPS_TTM":1.458150877166,"OPERATE_INCOME_QOQ":0.664149715079,"NET_PROFIT_RATIO":7.3313563127,"ROE_AVG":14.301581565952,"GROSS_PROFIT_QOQ":-0.388662966594,"ROA":5.141540451475,"HOLDER_PROFIT_QOQ":-2.229443352887,"ROE_YEARLY":19.06877542127,"ROIC_YEARLY":6.422811890997,"TOTAL_ASSETS":204371375188.33,"TOTAL_LIABILITIES":127031131281.74,"TAX_EBT":13.376894212912,"OCF_SALES":9.981024177684,"TOTAL_PARENT_EQUITY":77331020601.38,"DEBT_ASSET_RATIO":62.1570076361,"OPERATE_PROFIT":12272479535.13,"PRETAX_PROFIT":12039707871.02,"NETCASH_OPERATE":14198435099.85,"NETCASH_INVEST":-4494177518.43,"NETCASH_FINANCE":-7751204888.79,"END_CASH":37137934724.34,"DIVI_RATIO":0.205158662855,"DIVIDEND_RATE":2.624085850556,"CURRENT_RATIO":1.130033420219,"COMMON_ACS":null,"CURRENTDEBT_DEBT":84.312574853662,"ISSUED_COMMON_SHARES":8557079572,"HK_COMMON_SHARES":2318776000,"PER_SHARES":500,"TOTAL_MARKET_CAP":107648061015.76,"HKSK_MARKET_CAP":29170202080,"PE_TTM":7.761907391453,"PB_TTM":1.260800857885,"REPORT_DATE_SQ":"2023-09-30 00:00:00","REPORT_TYPE_SQ":"2023年三季报","OPERATE_INCOME_SQ":119503550583.08,"DPS_HKD":0.33011,"OPERATE_INCOME_QOQ_SQ":8.394028007665,"NET_PROFIT_RATIO_SQ":4.1816415646,"HOLDER_PROFIT_SQ":4994858282.93,"HOLDER_PROFIT_QOQ_SQ":26.663333326614,"ROE_AVG_SQ":7.628552517008,"PE_TTM_SQ":12.346669978305,"PB_TTM_SQ":0.982776899008,"ROA_SQ":2.651824265813,"START_DATE":"2024-01-01 00:00:00","FISCAL_YEAR":"12-31","CURRENCY":"HKD","IS_CNY_CODE":0,"DPS_HKD_LY":0.33011,"ORG_TYPE":"一般企业","PREMIUM_INCOME":null,"PREMIUM_INCOME_YOY":null,"NET_INTEREST_INCOME":null,"NET_INTEREST_INCOME_YOY":null,"FEE_COMMISSION_INCOME":null,"FEE_COMMISSION_INCOME_YOY":null,"ACCOUNTS_RECE_TDAYS":3.536967453709,"INVENTORY_TDAYS":4.356204090591,"CURRENT_ASSETS_TDAYS":1.187361799083,"TOTAL_ASSETS_TDAYS":0.701379088597,"PREMIUM_EXPENSE":null,"LOAN_DEPOSIT":null,"LOAN_EQUITY":null,"LOAN_ASSETS":null,"DEPOSIT_EQUITY":null,"DEPOSIT_ASSETS":null,"EQUITY_MULTIPLIER":2.64249716403,"EQUITY_RATIO":1.642693065394},{"SECUCODE":"02333.HK","SECURITY_CODE":"02333","SECURITY_NAME_ABBR":"长城汽车","ORG_CODE":"10010590","STD_REPORT_DATE":"2024-06-30 00:00:00","REPORT_DATE":"2024-06-30 00:00:00","DATE_TYPE_CODE":"002","REPORT_TYPE":"2024年中报","PER_NETCASH_OPERATE":1.101157284023,"PER_OI":10.703528135437,"BPS":8.599926401512,"BASIC_EPS":0.83,"DILUTED_EPS":0.83,"OPERATE_INCOME":91428957094.64,"OPERATE_INCOME_YOY":30.666710497,"GROSS_PROFIT":18961575462.13,"GROSS_PROFIT_YOY":60.817253586893,"HOLDER_PROFIT":7078549432.99,"HOLDER_PROFIT_YOY":419.9891936989,"GROSS_PROFIT_RATIO":20.739135679413,"EPS_TTM":1.491325469661,"OPERATE_INCOME_QOQ":4.083015316093,"NET_PROFIT_RATIO":7.7430336583,"ROE_AVG":9.939938200169,"GROSS_PROFIT_QOQ":8.937984151023,"ROA":3.540215918635,"HOLDER_PROFIT_QOQ":26.438937610909,"ROE_YEARLY":19.879876400338,"ROIC_YEARLY":8.793154710489,"TOTAL_ASSETS":198623367391.89,"TOTAL_LIABILITIES":124688559362.1,"TAX_EBT":14.597863389342,"OCF_SALES":10.287797351395,"TOTAL_PARENT_EQUITY":73925813006.76,"DEBT_ASSET_RATIO":62.7763797379,"OPERATE_PROFIT":8129342879.96,"PRETAX_PROFIT":8289458791.37,"NETCASH_OPERATE":9406025826.39,"NETCASH_INVEST":-4849869166.8,"NETCASH_FINANCE":-4397758283.1,"END_CASH":35308967541.16,"DIVI_RATIO":0.2005949005,"DIVIDEND_RATE":2.728181818182,"CURRENT_RATIO":1.100994475205,"COMMON_ACS":null,"CURRENTDEBT_DEBT":84.314257466179,"ISSUED_COMMON_SHARES":8557079572,"HK_COMMON_SHARES":2318776000,"PER_SHARES":500,"TOTAL_MARKET_CAP":103540662821.2,"HKSK_MARKET_CAP":28057189600,"PE_TTM":7.465745583194,"PB_TTM":1.212693988904,"REPORT_DATE_SQ":"2023-06-30 00:00:00","REPORT_TYPE_SQ":"2023年中报","OPERATE_INCOME_SQ":69971117162.78,"DPS_HKD":0.33011,"OPERATE_INCOME_QOQ_SQ":9.353607068823,"NET_PROFIT_RATIO_SQ":1.9474719758,"HOLDER_PROFIT_SQ":1361287795.74,"HOLDER_PROFIT_QOQ_SQ":-40.837354617609,"ROE_AVG_SQ":2.13437791695,"PE_TTM_SQ":11.502049851124,"PB_TTM_SQ":0.915546370381,"ROA_SQ":0.736666533412,"START_DATE":"2024-01-01 00:00:00","FISCAL_YEAR":"12-31","CURRENCY":"HKD","IS_CNY_CODE":0,"DPS_HKD_LY":0.33011,"ORG_TYPE":"一般企业","PREMIUM_INCOME":null,"PREMIUM_INCOME_YOY":null,"NET_INTEREST_INCOME":null,"NET_INTEREST_INCOME_YOY":null,"FEE_COMMISSION_INCOME":null,"FEE_COMMISSION_INCOME_YOY":null,"ACCOUNTS_RECE_TDAYS":2.42458296013,"INVENTORY_TDAYS":2.714687487647,"CURRENT_ASSETS_TDAYS":0.780338100116,"TOTAL_ASSETS_TDAYS":0.457266354349,"PREMIUM_EXPENSE":null,"LOAN_DEPOSIT":null,"LOAN_EQUITY":null,"LOAN_ASSETS":null,"DEPOSIT_EQUITY":null,"DEPOSIT_ASSETS":null,"EQUITY_MULTIPLIER":2.68646626244,"EQUITY_RATIO":1.686671465496},{"SECUCODE":"02333.HK","SECURITY_CODE":"02333","SECURITY_NAME_ABBR":"长城汽车","ORG_CODE":"10010590","STD_REPORT_DATE":"2024-03-31 00:00:00","REPORT_DATE":"2024-03-31 00:00:00","DATE_TYPE_CODE":"003","REPORT_TYPE":"2024年一季报","PER_NETCASH_OPERATE":-0.306349436511,"PER_OI":5.016490553158,"BPS":8.350423850732,"BASIC_EPS":0.38,"DILUTED_EPS":0.38,"OPERATE_INCOME":42859766505.58,"OPERATE_INCOME_YOY":47.5962213928,"GROSS_PROFIT":8587372996.59,"GROSS_PROFIT_YOY":84.025614765457,"HOLDER_PROFIT":3227751398.16,"HOLDER_PROFIT_YOY":1752.5457309244,"GROSS_PROFIT_RATIO":20.035977086977,"EPS_TTM":1.179230235265,"OPERATE_INCOME_QOQ":7.979374870029,"NET_PROFIT_RATIO":7.5296151948,"ROE_AVG":4.601495245936,"GROSS_PROFIT_QOQ":12.087235214724,"ROA":1.626141102936,"HOLDER_PROFIT_QOQ":43.487746970479,"ROE_YEARLY":18.405980983744,"ROIC_YEARLY":7.967627093623,"TOTAL_ASSETS":195712653725.78,"TOTAL_LIABILITIES":123914259407.6,"TAX_EBT":14.123823005033,"OCF_SALES":-6.106847670995,"TOTAL_PARENT_EQUITY":71790800690.35,"DEBT_ASSET_RATIO":63.3143831268,"OPERATE_PROFIT":3851924426.96,"PRETAX_PROFIT":3757940332.45,"NETCASH_OPERATE":-2617380652.64,"NETCASH_INVEST":-2687998323.78,"NETCASH_FINANCE":2261758915.41,"END_CASH":32197850226.47,"DIVI_RATIO":0.25368437414,"DIVIDEND_RATE":2.728181818182,"CURRENT_RATIO":1.138009640157,"COMMON_ACS":null,"CURRENTDEBT_DEBT":80.699396947465,"ISSUED_COMMON_SHARES":8557079572,"HK_COMMON_SHARES":2318776000,"PER_SHARES":500,"TOTAL_MARKET_CAP":103540662821.2,"HKSK_MARKET_CAP":28057189600,"PE_TTM":7.465745583194,"PB_TTM":1.212693988904,"REPORT_DATE_SQ":"2023-03-31 00:00:00","REPORT_TYPE_SQ":"2023年一季报","OPERATE_INCOME_SQ":29038525580.9,"DPS_HKD":0.33011,"OPERATE_INCOME_QOQ_SQ":-3.335353369572,"NET_PROFIT_RATIO_SQ":0.6048609447,"HOLDER_PROFIT_SQ":174233291.21,"HOLDER_PROFIT_QOQ_SQ":-17.65867229749,"ROE_AVG_SQ":0.271126438648,"PE_TTM_SQ":11.502049851124,"PB_TTM_SQ":0.915546370381,"ROA_SQ":0.095876007818,"START_DATE":"2024-01-01 00:00:00","FISCAL_YEAR":"12-31","CURRENCY":"HKD","IS_CNY_CODE":0,"DPS_HKD_LY":0.33011,"ORG_TYPE":"一般企业","PREMIUM_INCOME":null,"PREMIUM_INCOME_YOY":null,"NET_INTEREST_INCOME":null,"NET_INTEREST_INCOME_YOY":null,"FEE_COMMISSION_INCOME":null,"FEE_COMMISSION_INCOME_YOY":null,"ACCOUNTS_RECE_TDAYS":1.090708746934,"INVENTORY_TDAYS":1.300493840766,"CURRENT_ASSETS_TDAYS":0.368872423898,"TOTAL_ASSETS_TDAYS":0.215927496822,"PREMIUM_EXPENSE":null,"LOAN_DEPOSIT":null,"LOAN_EQUITY":null,"LOAN_ASSETS":null,"DEPOSIT_EQUITY":null,"DEPOSIT_ASSETS":null,"EQUITY_MULTIPLIER":2.725863935875,"EQUITY_RATIO":1.726046488074},{"SECUCODE":"02333.HK","SECURITY_CODE":"02333","SECURITY_NAME_ABBR":"长城汽车","ORG_CODE":"10010590","STD_REPORT_DATE":"2023-12-31 00:00:00","REPORT_DATE":"2023-12-31 00:00:00","DATE_TYPE_CODE":"001","REPORT_TYPE":"2023年年报","PER_NETCASH_OPERATE":2.089288529724,"PER_OI":20.383818045534,"BPS":7.965925024909,"BASIC_EPS":0.82,"DILUTED_EPS":0.82,"OPERATE_INCOME":173212076757.97,"OPERATE_INCOME_YOY":26.1191899221,"GROSS_PROFIT":32438949008.32,"GROSS_PROFIT_YOY":21.94794810135,"HOLDER_PROFIT":7021559679.84,"HOLDER_PROFIT_YOY":-15.0553572946,"GROSS_PROFIT_RATIO":18.727879496328,"EPS_TTM":0.826306095906,"OPERATE_INCOME_QOQ":10.071538459617,"NET_PROFIT_RATIO":4.0544590512,"ROE_AVG":10.503307976626,"GROSS_PROFIT_QOQ":10.687271304311,"ROA":3.63220829492,"HOLDER_PROFIT_QOQ":37.66376116366,"ROE_YEARLY":10.503307976626,"ROIC_YEARLY":4.493883531013,"TOTAL_ASSETS":201270288570.21,"TOTAL_LIABILITIES":132761504625.02,"TAX_EBT":10.240728972975,"OCF_SALES":10.24974087316,"TOTAL_PARENT_EQUITY":68500614410.46,"DEBT_ASSET_RATIO":65.9617997113,"OPERATE_PROFIT":7698157952.15,"PRETAX_PROFIT":7824052762.01,"NETCASH_OPERATE":17753789028.71,"NETCASH_INVEST":-10450749296.73,"NETCASH_FINANCE":1052044013.17,"END_CASH":35272177957.35,"DIVI_RATIO":0.362035673804,"DIVIDEND_RATE":2.728181818182,"CURRENT_RATIO":1.069911998148,"COMMON_ACS":null,"CURRENTDEBT_DEBT":83.484394220169,"ISSUED_COMMON_SHARES":8557079572,"HK_COMMON_SHARES":2318776000,"PER_SHARES":500,"TOTAL_MARKET_CAP":103540662821.2,"HKSK_MARKET_CAP":28057189600,"PE_TTM":7.465745583194,"PB_TTM":1.212693988904,"REPORT_DATE_SQ":"2022-12-31 00:00:00","REPORT_TYPE_SQ":"2022年年报","OPERATE_INCOME_SQ":137339985187.76,"DPS_HKD":0.33011,"OPERATE_INCOME_QOQ_SQ":-5.340059043048,"NET_PROFIT_RATIO_SQ":6.0090348767,"HOLDER_PROFIT_SQ":8266041808.18,"HOLDER_PROFIT_QOQ_SQ":-16.853546911767,"ROE_AVG_SQ":12.984096278666,"PE_TTM_SQ":11.502049851124,"PB_TTM_SQ":0.915546370381,"ROA_SQ":4.58250354212,"START_DATE":"2023-01-01 00:00:00","FISCAL_YEAR":"12-31","CURRENCY":"HKD","IS_CNY_CODE":0,"DPS_HKD_LY":0.32854,"ORG_TYPE":"一般企业","PREMIUM_INCOME":null,"PREMIUM_INCOME_YOY":null,"NET_INTEREST_INCOME":null,"NET_INTEREST_INCOME_YOY":null,"FEE_COMMISSION_INCOME":null,"FEE_COMMISSION_INCOME_YOY":null,"ACCOUNTS_RECE_TDAYS":4.909074074532,"INVENTORY_TDAYS":5.745574987629,"CURRENT_ASSETS_TDAYS":1.531057900476,"TOTAL_ASSETS_TDAYS":0.896015088766,"PREMIUM_EXPENSE":null,"LOAN_DEPOSIT":null,"LOAN_EQUITY":null,"LOAN_ASSETS":null,"DEPOSIT_EQUITY":null,"DEPOSIT_ASSETS":null,"EQUITY_MULTIPLIER":2.937875655935,"EQUITY_RATIO":1.938106771269},{"SECUCODE":"02333.HK","SECURITY_CODE":"02333","SECURITY_NAME_ABBR":"长城汽车","ORG_CODE":"10010590","STD_REPORT_DATE":"2023-09-30 00:00:00","REPORT_DATE":"2023-09-30 00:00:00","DATE_TYPE_CODE":"004","REPORT_TYPE":"2023年三季报","PER_NETCASH_OPERATE":-0.220159055305,"PER_OI":14.065402720491,"BPS":7.644529270429,"BASIC_EPS":0.59,"DILUTED_EPS":0.59,"OPERATE_INCOME":119503550583.08,"OPERATE_INCOME_YOY":20.1277916083,"GROSS_PROFIT":22518915959.59,"GROSS_PROFIT_YOY":13.658876160759,"HOLDER_PROFIT":4994858282.93,"HOLDER_PROFIT_YOY":-38.7913960607,"GROSS_PROFIT_RATIO":18.843721253231,"EPS_TTM":0.60032347062,"OPERATE_INCOME_QOQ":8.394028007665,"NET_PROFIT_RATIO":4.1816415646,"ROE_AVG":7.628552517008,"GROSS_PROFIT_QOQ":8.65992028995,"ROA":2.651824265813,"HOLDER_PROFIT_QOQ":26.663333326614,"ROE_YEARLY":10.171403356011,"ROIC_YEARLY":3.137622917748,"TOTAL_ASSETS":191353807221.55,"TOTAL_LIABILITIES":125603399168.18,"TAX_EBT":10.798914287388,"OCF_SALES":-1.565252411751,"TOTAL_PARENT_EQUITY":65750408053.37,"DEBT_ASSET_RATIO":65.6393520421,"OPERATE_PROFIT":5878875897.1,"PRETAX_PROFIT":5602185334.84,"NETCASH_OPERATE":-1870532207.63,"NETCASH_INVEST":-8819047891.9,"NETCASH_FINANCE":4974148360.01,"END_CASH":20926255675.84,"DIVI_RATIO":0.498318488016,"DIVIDEND_RATE":2.728181818182,"CURRENT_RATIO":1.101090486636,"COMMON_ACS":null,"CURRENTDEBT_DEBT":80.059170584513,"ISSUED_COMMON_SHARES":8557079572,"HK_COMMON_SHARES":2318776000,"PER_SHARES":500,"TOTAL_MARKET_CAP":103540662821.2,"HKSK_MARKET_CAP":28057189600,"PE_TTM":7.465745583194,"PB_TTM":1.212693988904,"REPORT_DATE_SQ":"2022-09-30 00:00:00","REPORT_TYPE_SQ":"2022年三季报","OPERATE_INCOME_SQ":99480352533.86,"DPS_HKD":0.33011,"OPERATE_INCOME_QOQ_SQ":6.205491178623,"NET_PROFIT_RATIO_SQ":8.1916129036,"HOLDER_PROFIT_SQ":8160385895.88,"HOLDER_PROFIT_QOQ_SQ":12.99805307956,"ROE_AVG_SQ":12.233118087921,"PE_TTM_SQ":11.502049851124,"PB_TTM_SQ":0.915546370381,"ROA_SQ":4.532262623887,"START_DATE":"2023-01-01 00:00:00","FISCAL_YEAR":"12-31","CURRENCY":"HKD","IS_CNY_CODE":0,"DPS_HKD_LY":0.32854,"ORG_TYPE":"一般企业","PREMIUM_INCOME":null,"PREMIUM_INCOME_YOY":null,"NET_INTEREST_INCOME":null,"NET_INTEREST_INCOME_YOY":null,"FEE_COMMISSION_INCOME":null,"FEE_COMMISSION_INCOME_YOY":null,"ACCOUNTS_RECE_TDAYS":3.197421063784,"INVENTORY_TDAYS":4.10146614609,"CURRENT_ASSETS_TDAYS":1.094339209271,"TOTAL_ASSETS_TDAYS":0.63445727053,"PREMIUM_EXPENSE":null,"LOAN_DEPOSIT":null,"LOAN_EQUITY":null,"LOAN_ASSETS":null,"DEPOSIT_EQUITY":null,"DEPOSIT_ASSETS":null,"EQUITY_MULTIPLIER":2.910306002452,"EQUITY_RATIO":1.910306002454},{"SECUCODE":"02333.HK","SECURITY_CODE":"02333","SECURITY_NAME_ABBR":"长城汽车","ORG_CODE":"10010590","STD_REPORT_DATE":"2023-06-30 00:00:00","REPORT_DATE":"2023-06-30 00:00:00","DATE_TYPE_CODE":"002","REPORT_TYPE":"2023年中报","PER_NETCASH_OPERATE":-0.286782671822,"PER_OI":8.23683919288,"BPS":7.247969271143,"BASIC_EPS":0.16,"DILUTED_EPS":0.16,"OPERATE_INCOME":69971117162.78,"OPERATE_INCOME_YOY":12.6130404011,"GROSS_PROFIT":11790759411.2,"GROSS_PROFIT_YOY":3.244357451298,"HOLDER_PROFIT":1361287795.74,"HOLDER_PROFIT_YOY":-75.6934678412,"GROSS_PROFIT_RATIO":16.850894896776,"EPS_TTM":0.474028907746,"OPERATE_INCOME_QOQ":9.353607068823,"NET_PROFIT_RATIO":1.9474719758,"ROE_AVG":2.13437791695,"GROSS_PROFIT_QOQ":5.806233257674,"ROA":0.736666533412,"HOLDER_PROFIT_QOQ":-40.837354617609,"ROE_YEARLY":4.268755833901,"ROIC_YEARLY":1.779686518897,"TOTAL_ASSETS":184223163413.58,"TOTAL_LIABILITIES":121863633383.76,"TAX_EBT":2.126066183156,"OCF_SALES":-3.481707789919,"TOTAL_PARENT_EQUITY":62357014792.49,"DEBT_ASSET_RATIO":66.1500058547,"OPERATE_PROFIT":1168701607.33,"PRETAX_PROFIT":1392268446.51,"NETCASH_OPERATE":-2436189836.95,"NETCASH_INVEST":-5109368895.07,"NETCASH_FINANCE":6379613823.87,"END_CASH":25713425521.37,"DIVI_RATIO":0.631084474621,"DIVIDEND_RATE":2.728181818182,"CURRENT_RATIO":1.06898456307,"COMMON_ACS":null,"CURRENTDEBT_DEBT":79.738992374931,"ISSUED_COMMON_SHARES":8557079572,"HK_COMMON_SHARES":2318776000,"PER_SHARES":500,"TOTAL_MARKET_CAP":103540662821.2,"HKSK_MARKET_CAP":28057189600,"PE_TTM":7.465745583194,"PB_TTM":1.212693988904,"REPORT_DATE_SQ":"2022-06-30 00:00:00","REPORT_TYPE_SQ":"2022年中报","OPERATE_INCOME_SQ":62134116007.85,"DPS_HKD":0.33011,"OPERATE_INCOME_QOQ_SQ":-1.653319633914,"NET_PROFIT_RATIO_SQ":8.999696559,"HOLDER_PROFIT_SQ":5600501901.48,"HOLDER_PROFIT_QOQ_SQ":30.911923663187,"ROE_AVG_SQ":8.498437470525,"PE_TTM_SQ":11.502049851124,"PB_TTM_SQ":0.915546370381,"ROA_SQ":3.089454077213,"START_DATE":"2023-01-01 00:00:00","FISCAL_YEAR":"12-31","CURRENCY":"HKD","IS_CNY_CODE":0,"DPS_HKD_LY":0.32854,"ORG_TYPE":"一般企业","PREMIUM_INCOME":null,"PREMIUM_INCOME_YOY":null,"NET_INTEREST_INCOME":null,"NET_INTEREST_INCOME_YOY":null,"FEE_COMMISSION_INCOME":null,"FEE_COMMISSION_INCOME_YOY":null,"ACCOUNTS_RECE_TDAYS":2.124368993299,"INVENTORY_TDAYS":2.533319521314,"CURRENT_ASSETS_TDAYS":0.661487192635,"TOTAL_ASSETS_TDAYS":0.378651600937,"PREMIUM_EXPENSE":null,"LOAN_DEPOSIT":null,"LOAN_EQUITY":null,"LOAN_ASSETS":null,"DEPOSIT_EQUITY":null,"DEPOSIT_ASSETS":null,"EQUITY_MULTIPLIER":2.954210259853,"EQUITY_RATIO":1.954289085026},{"SECUCODE":"02333.HK","SECURITY_CODE":"02333","SECURITY_NAME_ABBR":"长城汽车","ORG_CODE":"10010590","STD_REPORT_DATE":"2023-03-31 00:00:00","REPORT_DATE":"2023-03-31 00:00:00","DATE_TYPE_CODE":"003","REPORT_TYPE":"2023年一季报","PER_NETCASH_OPERATE":-0.966735484542,"PER_OI":3.421707774641,"BPS":7.361000236968,"BASIC_EPS":0.02,"DILUTED_EPS":0.02,"OPERATE_INCOME":29038525580.9,"OPERATE_INCOME_YOY":-13.6254291578,"GROSS_PROFIT":4666400928.77,"GROSS_PROFIT_YOY":-19.209945915071,"HOLDER_PROFIT":174233291.21,"HOLDER_PROFIT_YOY":-89.3363978644,"GROSS_PROFIT_RATIO":16.069689612063,"EPS_TTM":0.802017450901,"OPERATE_INCOME_QOQ":-3.335353369572,"NET_PROFIT_RATIO":0.6048609447,"ROE_AVG":0.271126438648,"GROSS_PROFIT_QOQ":-4.171171201088,"ROA":0.095876007818,"HOLDER_PROFIT_QOQ":-17.65867229749,"ROE_YEARLY":1.084505754594,"ROIC_YEARLY":0.462438128597,"TOTAL_ASSETS":178098156581.98,"TOTAL_LIABILITIES":114761195173.18,"TAX_EBT":-182.285561764864,"OCF_SALES":-28.253011309349,"TOTAL_PARENT_EQUITY":63324232161.25,"DEBT_ASSET_RATIO":64.4370482972,"OPERATE_PROFIT":74215674.05,"PRETAX_PROFIT":62221637.93,"NETCASH_OPERATE":-8204257916.44,"NETCASH_INVEST":848012129.34,"NETCASH_FINANCE":2245799940.61,"END_CASH":21701995540.9,"DIVI_RATIO":0.372999719475,"DIVIDEND_RATE":2.728181818182,"CURRENT_RATIO":1.08898174326,"COMMON_ACS":null,"CURRENTDEBT_DEBT":78.984924024592,"ISSUED_COMMON_SHARES":8557079572,"HK_COMMON_SHARES":2318776000,"PER_SHARES":500,"TOTAL_MARKET_CAP":103540662821.2,"HKSK_MARKET_CAP":28057189600,"PE_TTM":7.465745583194,"PB_TTM":1.212693988904,"REPORT_DATE_SQ":"2022-03-31 00:00:00","REPORT_TYPE_SQ":"2022年一季报","OPERATE_INCOME_SQ":33619299404.63,"DPS_HKD":0.33011,"OPERATE_INCOME_QOQ_SQ":1.834485360314,"NET_PROFIT_RATIO_SQ":4.8539196392,"HOLDER_PROFIT_SQ":1633906526.09,"HOLDER_PROFIT_QOQ_SQ":-0.08267934311,"ROE_AVG_SQ":2.573937153429,"PE_TTM_SQ":11.502049851124,"PB_TTM_SQ":0.915546370381,"ROA_SQ":0.9327333134,"START_DATE":"2023-01-01 00:00:00","FISCAL_YEAR":"12-31","CURRENCY":"HKD","IS_CNY_CODE":0,"DPS_HKD_LY":0.32854,"ORG_TYPE":"一般企业","PREMIUM_INCOME":null,"PREMIUM_INCOME_YOY":null,"NET_INTEREST_INCOME":null,"NET_INTEREST_INCOME_YOY":null,"FEE_COMMISSION_INCOME":null,"FEE_COMMISSION_INCOME_YOY":null,"ACCOUNTS_RECE_TDAYS":0.888536681571,"INVENTORY_TDAYS":1.051667489006,"CURRENT_ASSETS_TDAYS":0.281394107236,"TOTAL_ASSETS_TDAYS":0.159791385807,"PREMIUM_EXPENSE":null,"LOAN_DEPOSIT":null,"LOAN_EQUITY":null,"LOAN_ASSETS":null,"DEPOSIT_EQUITY":null,"DEPOSIT_ASSETS":null,"EQUITY_MULTIPLIER":2.811915074871,"EQUITY_RATIO":1.812279300615},{"SECUCODE":"02333.HK","SECURITY_CODE":"02333","SECURITY_NAME_ABBR":"长城汽车","ORG_CODE":"10010590","STD_REPORT_DATE":"2022-12-31 00:00:00","REPORT_DATE":"2022-12-31 00:00:00","DATE_TYPE_CODE":"001","REPORT_TYPE":"2022年年报","PER_NETCASH_OPERATE":1.404670774991,"PER_OI":15.670008537825,"BPS":7.58035229079,"BASIC_EPS":0.91,"DILUTED_EPS":0.91,"OPERATE_INCOME":137339985187.76,"OPERATE_INCOME_YOY":0.6856966091,"GROSS_PROFIT":26600651764.44,"GROSS_PROFIT_YOY":20.708000929391,"HOLDER_PROFIT":8266041808.18,"HOLDER_PROFIT_YOY":22.8951297898,"GROSS_PROFIT_RATIO":19.368468496683,"EPS_TTM":0.943126253663,"OPERATE_INCOME_QOQ":-5.340059043048,"NET_PROFIT_RATIO":6.0090348767,"ROE_AVG":12.984096278666,"GROSS_PROFIT_QOQ":-0.711511945971,"ROA":4.58250354212,"HOLDER_PROFIT_QOQ":-16.853546911767,"ROE_YEARLY":12.984096278666,"ROIC_YEARLY":5.663116548925,"TOTAL_ASSETS":185357300473.07,"TOTAL_LIABILITIES":120141392357.77,"TAX_EBT":6.287868492461,"OCF_SALES":8.964071535765,"TOTAL_PARENT_EQUITY":65201257332.53,"DEBT_ASSET_RATIO":64.8161103184,"OPERATE_PROFIT":6318745880.72,"PRETAX_PROFIT":8806552019.24,"NETCASH_OPERATE":12311254519.44,"NETCASH_INVEST":-10504887458.38,"NETCASH_FINANCE":-3132968026.33,"END_CASH":26898656878.98,"DIVI_RATIO":0.317192192496,"DIVIDEND_RATE":2.728181818182,"CURRENT_RATIO":1.123991864284,"COMMON_ACS":null,"CURRENTDEBT_DEBT":79.741084255217,"ISSUED_COMMON_SHARES":8557079572,"HK_COMMON_SHARES":2318776000,"PER_SHARES":500,"TOTAL_MARKET_CAP":103540662821.2,"HKSK_MARKET_CAP":28057189600,"PE_TTM":7.465745583194,"PB_TTM":1.212693988904,"REPORT_DATE_SQ":"2021-12-31 00:00:00","REPORT_TYPE_SQ":"2021年年报","OPERATE_INCOME_SQ":136404663038.67,"DPS_HKD":0.33011,"OPERATE_INCOME_QOQ_SQ":3.367088095443,"NET_PROFIT_RATIO_SQ":4.9301940037,"HOLDER_PROFIT_SQ":6726093883.72,"HOLDER_PROFIT_QOQ_SQ":-12.876815927163,"ROE_AVG_SQ":11.260242998087,"PE_TTM_SQ":11.502049851124,"PB_TTM_SQ":0.915546370381,"ROA_SQ":4.083603827112,"START_DATE":"2022-01-01 00:00:00","FISCAL_YEAR":"12-31","CURRENCY":"HKD","IS_CNY_CODE":0,"DPS_HKD_LY":0.08501,"ORG_TYPE":"一般企业","PREMIUM_INCOME":null,"PREMIUM_INCOME_YOY":null,"NET_INTEREST_INCOME":null,"NET_INTEREST_INCOME_YOY":null,"FEE_COMMISSION_INCOME":null,"FEE_COMMISSION_INCOME_YOY":null,"ACCOUNTS_RECE_TDAYS":3.836144493253,"INVENTORY_TDAYS":6.094467015434,"CURRENT_ASSETS_TDAYS":1.271393822897,"TOTAL_ASSETS_TDAYS":0.761381303413,"PREMIUM_EXPENSE":null,"LOAN_DEPOSIT":null,"LOAN_EQUITY":null,"LOAN_ASSETS":null,"DEPOSIT_EQUITY":null,"DEPOSIT_ASSETS":null,"EQUITY_MULTIPLIER":2.842209912121,"EQUITY_RATIO":1.842623858387},{"SECUCODE":"02333.HK","SECURITY_CODE":"02333","SECURITY_NAME_ABBR":"长城汽车","ORG_CODE":"10010590","STD_REPORT_DATE":"2022-09-30 00:00:00","REPORT_DATE":"2022-09-30 00:00:00","DATE_TYPE_CODE":"004","REPORT_TYPE":"2022年三季报","PER_NETCASH_OPERATE":0.624768554601,"PER_OI":10.861283841927,"BPS":8.29192767795,"BASIC_EPS":0.89,"DILUTED_EPS":0.88,"OPERATE_INCOME":99480352533.86,"OPERATE_INCOME_YOY":9.5631676392,"GROSS_PROFIT":19812720942.04,"GROSS_PROFIT_YOY":31.570486135852,"HOLDER_PROFIT":8160385895.88,"HOLDER_PROFIT_YOY":65.0251374446,"GROSS_PROFIT_RATIO":19.916215048893,"EPS_TTM":1.085419745381,"OPERATE_INCOME_QOQ":6.205491178623,"NET_PROFIT_RATIO":8.1916129036,"ROE_AVG":12.233118087921,"GROSS_PROFIT_QOQ":14.524438069936,"ROA":4.532262623887,"HOLDER_PROFIT_QOQ":12.99805307956,"ROE_YEARLY":16.310824117229,"ROIC_YEARLY":5.577021925792,"TOTAL_ASSETS":184694055265.79,"TOTAL_LIABILITIES":113378476366.61,"TAX_EBT":7.407034657933,"OCF_SALES":5.752253266686,"TOTAL_PARENT_EQUITY":71290268766.09,"DEBT_ASSET_RATIO":61.3871822801,"OPERATE_PROFIT":6056230108.8,"PRETAX_PROFIT":8800933596.44,"NETCASH_OPERATE":4587144690.09,"NETCASH_INVEST":-9138044301.09,"NETCASH_FINANCE":3989246830.38,"END_CASH":27172704202.63,"DIVI_RATIO":0.275609767993,"DIVIDEND_RATE":2.728181818182,"CURRENT_RATIO":1.267676830385,"COMMON_ACS":null,"CURRENTDEBT_DEBT":76.63255930016,"ISSUED_COMMON_SHARES":8557079572,"HK_COMMON_SHARES":2318776000,"PER_SHARES":500,"TOTAL_MARKET_CAP":103540662821.2,"HKSK_MARKET_CAP":28057189600,"PE_TTM":7.465745583194,"PB_TTM":1.212693988904,"REPORT_DATE_SQ":"2021-09-30 00:00:00","REPORT_TYPE_SQ":"2021年三季报","OPERATE_INCOME_SQ":90797258492.46,"DPS_HKD":0.33011,"OPERATE_INCOME_QOQ_SQ":2.052965598352,"NET_PROFIT_RATIO_SQ":5.4461281675,"HOLDER_PROFIT_SQ":4944935070.04,"HOLDER_PROFIT_QOQ_SQ":-0.319604007506,"ROE_AVG_SQ":8.501504137969,"PE_TTM_SQ":11.502049851124,"PB_TTM_SQ":0.915546370381,"ROA_SQ":3.083193337865,"START_DATE":"2022-01-01 00:00:00","FISCAL_YEAR":"12-31","CURRENCY":"HKD","IS_CNY_CODE":0,"DPS_HKD_LY":0.08501,"ORG_TYPE":"一般企业","PREMIUM_INCOME":null,"PREMIUM_INCOME_YOY":null,"NET_INTEREST_INCOME":null,"NET_INTEREST_INCOME_YOY":null,"FEE_COMMISSION_INCOME":null,"FEE_COMMISSION_INCOME_YOY":null,"ACCOUNTS_RECE_TDAYS":2.791736958078,"INVENTORY_TDAYS":4.353413066254,"CURRENT_ASSETS_TDAYS":0.910544093457,"TOTAL_ASSETS_TDAYS":0.552511963715,"PREMIUM_EXPENSE":null,"LOAN_DEPOSIT":null,"LOAN_EQUITY":null,"LOAN_ASSETS":null,"DEPOSIT_EQUITY":null,"DEPOSIT_ASSETS":null,"EQUITY_MULTIPLIER":2.589813587949,"EQUITY_RATIO":1.590378018333}],"count":75},"success":true,"message":"ok","code":0}