{"version":"c543b0bc2e7a093b21359cbc3961091b","result":{"pages":6,"data":[{"SECUCODE":"02336.HK","SECURITY_CODE":"02336","SECURITY_NAME_ABBR":"硕奥国际","ORG_CODE":"10010591","STD_REPORT_DATE":"2024-06-30 00:00:00","REPORT_DATE":"2024-06-30 00:00:00","DATE_TYPE_CODE":"002","REPORT_TYPE":"2024年中报","PER_NETCASH_OPERATE":-0.001638984434,"PER_OI":0.033275756639,"BPS":0.180581304544,"BASIC_EPS":-0.001003948,"DILUTED_EPS":-0.001003948,"OPERATE_INCOME":60425804.76,"OPERATE_INCOME_YOY":104.9752321981,"GROSS_PROFIT":6093051.68,"GROSS_PROFIT_YOY":191.773036502159,"HOLDER_PROFIT":-1858216.48,"HOLDER_PROFIT_YOY":68.092775427,"GROSS_PROFIT_RATIO":10.083525911157,"EPS_TTM":-0.003429204272,"OPERATE_INCOME_QOQ":24.654596432296,"NET_PROFIT_RATIO":-1.1569773589,"ROE_AVG":-0.568744474226,"GROSS_PROFIT_QOQ":47.451943627754,"ROA":-0.498498505851,"HOLDER_PROFIT_QOQ":39.259770297674,"ROE_YEARLY":-1.137488948451,"ROIC_YEARLY":-1.271897835868,"TOTAL_ASSETS":376252330,"TOTAL_LIABILITIES":41068774.64,"TAX_EBT":-5.21978021978,"OCF_SALES":-4.925461053967,"TOTAL_PARENT_EQUITY":327919535.24,"DEBT_ASSET_RATIO":10.9152213463,"OPERATE_PROFIT":-639788.68,"PRETAX_PROFIT":-664431.04,"NETCASH_OPERATE":-2976249.48,"NETCASH_INVEST":1643736.68,"NETCASH_FINANCE":-713715.76,"END_CASH":72625598.32,"DIVI_RATIO":null,"DIVIDEND_RATE":null,"CURRENT_RATIO":7.184541535179,"COMMON_ACS":10000000000,"CURRENTDEBT_DEBT":100,"ISSUED_COMMON_SHARES":1815910767,"HK_COMMON_SHARES":1815910767,"PER_SHARES":10000,"TOTAL_MARKET_CAP":159800147.496,"HKSK_MARKET_CAP":159800147.496,"PE_TTM":-22.933431041332,"PB_TTM":0.444762763249,"REPORT_DATE_SQ":"2023-06-30 00:00:00","REPORT_TYPE_SQ":"2023年中报","OPERATE_INCOME_SQ":29779954,"DPS_HKD":null,"OPERATE_INCOME_QOQ_SQ":-34.246456225271,"NET_PROFIT_RATIO_SQ":-25.1640866873,"HOLDER_PROFIT_SQ":-5883154.38,"HOLDER_PROFIT_QOQ_SQ":-11.183987020275,"ROE_AVG_SQ":-1.763384282915,"PE_TTM_SQ":-29.85724614511,"PB_TTM_SQ":0.876262202333,"ROA_SQ":-1.540880047523,"START_DATE":"2024-01-01 00:00:00","FISCAL_YEAR":"12-31","CURRENCY":"HKD","IS_CNY_CODE":0,"DPS_HKD_LY":null,"ORG_TYPE":"一般企业","PREMIUM_INCOME":null,"PREMIUM_INCOME_YOY":null,"NET_INTEREST_INCOME":null,"NET_INTEREST_INCOME_YOY":null,"FEE_COMMISSION_INCOME":null,"FEE_COMMISSION_INCOME_YOY":null,"ACCOUNTS_RECE_TDAYS":2.488236620565,"INVENTORY_TDAYS":0.278159496303,"CURRENT_ASSETS_TDAYS":0.205013632584,"TOTAL_ASSETS_TDAYS":0.162102605977,"PREMIUM_EXPENSE":null,"LOAN_DEPOSIT":null,"LOAN_EQUITY":null,"LOAN_ASSETS":null,"DEPOSIT_EQUITY":null,"DEPOSIT_ASSETS":null,"EQUITY_MULTIPLIER":1.122526221777,"EQUITY_RATIO":0.12524040268},{"SECUCODE":"02336.HK","SECURITY_CODE":"02336","SECURITY_NAME_ABBR":"硕奥国际","ORG_CODE":"10010591","STD_REPORT_DATE":"2023-12-31 00:00:00","REPORT_DATE":"2023-12-31 00:00:00","DATE_TYPE_CODE":"001","REPORT_TYPE":"2023年年报","PER_NETCASH_OPERATE":-0.004431014743,"PER_OI":0.068450918591,"BPS":0.177994146669,"BASIC_EPS":-0.005618564,"DILUTED_EPS":-0.005618564,"OPERATE_INCOME":124300760.08,"OPERATE_INCOME_YOY":12.3052360093,"GROSS_PROFIT":8439626.86,"GROSS_PROFIT_YOY":15.346274225857,"HOLDER_PROFIT":-10252066.86,"HOLDER_PROFIT_YOY":-15.2858453072,"GROSS_PROFIT_RATIO":6.78968242396,"EPS_TTM":-0.005645688679,"OPERATE_INCOME_QOQ":73.273335196954,"NET_PROFIT_RATIO":-9.307106821,"ROE_AVG":-3.125353960909,"GROSS_PROFIT_QOQ":20.311669412731,"ROA":-2.722412799407,"HOLDER_PROFIT_QOQ":-5.192466575101,"ROE_YEARLY":-3.125353960909,"ROIC_YEARLY":-3.549193172674,"TOTAL_ASSETS":366659330.66,"TOTAL_LIABILITIES":37210299.42,"TAX_EBT":null,"OCF_SALES":-6.473272870432,"TOTAL_PARENT_EQUITY":323221487.4,"DEBT_ASSET_RATIO":10.1484665215,"OPERATE_PROFIT":-11428340.42,"PRETAX_PROFIT":-11568804.52,"NETCASH_OPERATE":-8046327.38,"NETCASH_INVEST":233804.76,"NETCASH_FINANCE":-3034024.56,"END_CASH":74441441.9,"DIVI_RATIO":null,"DIVIDEND_RATE":null,"CURRENT_RATIO":7.881673141293,"COMMON_ACS":10000000000,"CURRENTDEBT_DEBT":99.678527069482,"ISSUED_COMMON_SHARES":1815910767,"HK_COMMON_SHARES":1815910767,"PER_SHARES":10000,"TOTAL_MARKET_CAP":177959255.166,"HKSK_MARKET_CAP":177959255.166,"PE_TTM":-25.539502750574,"PB_TTM":0.495303986345,"REPORT_DATE_SQ":"2022-12-31 00:00:00","REPORT_TYPE_SQ":"2022年年报","OPERATE_INCOME_SQ":109099531.45,"DPS_HKD":null,"OPERATE_INCOME_QOQ_SQ":-80.556342632998,"NET_PROFIT_RATIO_SQ":-8.6281573668,"HOLDER_PROFIT_SQ":-8765658.51,"HOLDER_PROFIT_QOQ_SQ":6.529016776114,"ROE_AVG_SQ":-2.547041624002,"PE_TTM_SQ":-29.510068864353,"PB_TTM_SQ":0.866073106957,"ROA_SQ":-2.205783184528,"START_DATE":"2023-01-01 00:00:00","FISCAL_YEAR":"12-31","CURRENCY":"HKD","IS_CNY_CODE":0,"DPS_HKD_LY":null,"ORG_TYPE":"一般企业","PREMIUM_INCOME":null,"PREMIUM_INCOME_YOY":null,"NET_INTEREST_INCOME":null,"NET_INTEREST_INCOME_YOY":null,"FEE_COMMISSION_INCOME":null,"FEE_COMMISSION_INCOME_YOY":null,"ACCOUNTS_RECE_TDAYS":5.510807553234,"INVENTORY_TDAYS":0.594957443541,"CURRENT_ASSETS_TDAYS":0.413865102498,"TOTAL_ASSETS_TDAYS":0.330077812444,"PREMIUM_EXPENSE":null,"LOAN_DEPOSIT":null,"LOAN_EQUITY":null,"LOAN_ASSETS":null,"DEPOSIT_EQUITY":null,"DEPOSIT_ASSETS":null,"EQUITY_MULTIPLIER":1.112947059762,"EQUITY_RATIO":0.115123223147},{"SECUCODE":"02336.HK","SECURITY_CODE":"02336","SECURITY_NAME_ABBR":"硕奥国际","ORG_CODE":"10010591","STD_REPORT_DATE":"2023-06-30 00:00:00","REPORT_DATE":"2023-06-30 00:00:00","DATE_TYPE_CODE":"002","REPORT_TYPE":"2023年中报","PER_NETCASH_OPERATE":-0.002440117632,"PER_OI":0.016399458906,"BPS":0.180973867842,"BASIC_EPS":-0.00322693,"DILUTED_EPS":-0.00322693,"OPERATE_INCOME":29779954,"OPERATE_INCOME_YOY":-58.8597921337,"GROSS_PROFIT":2088284.7,"GROSS_PROFIT_YOY":-12.633431050201,"HOLDER_PROFIT":-5883154.38,"HOLDER_PROFIT_YOY":-11.3029827316,"GROSS_PROFIT_RATIO":7.012383900929,"EPS_TTM":-0.005367008554,"OPERATE_INCOME_QOQ":-34.246456225271,"NET_PROFIT_RATIO":-25.1640866873,"ROE_AVG":-1.763384282915,"GROSS_PROFIT_QOQ":-4.127110205611,"ROA":-1.540880047523,"HOLDER_PROFIT_QOQ":-11.183987020275,"ROE_YEARLY":-3.526768565831,"ROIC_YEARLY":-4.062675087862,"TOTAL_ASSETS":370387025.4,"TOTAL_LIABILITIES":33868935.3,"TAX_EBT":null,"OCF_SALES":-14.879256965944,"TOTAL_PARENT_EQUITY":328632395.16,"DEBT_ASSET_RATIO":9.1442013293,"OPERATE_PROFIT":-7389669.7,"PRETAX_PROFIT":-7493853.44,"NETCASH_OPERATE":-4431035.88,"NETCASH_INVEST":145672.84,"NETCASH_FINANCE":-2351970.98,"END_CASH":80057367.36,"DIVI_RATIO":null,"DIVIDEND_RATE":null,"CURRENT_RATIO":8.879181896816,"COMMON_ACS":10000000000,"CURRENTDEBT_DEBT":97.560909214645,"ISSUED_COMMON_SHARES":1815910767,"HK_COMMON_SHARES":1815910767,"PER_SHARES":10000,"TOTAL_MARKET_CAP":177959255.166,"HKSK_MARKET_CAP":177959255.166,"PE_TTM":-25.539502750574,"PB_TTM":0.495303986345,"REPORT_DATE_SQ":"2022-06-30 00:00:00","REPORT_TYPE_SQ":"2022年中报","OPERATE_INCOME_SQ":67142677.28,"DPS_HKD":null,"OPERATE_INCOME_QOQ_SQ":-3.03103592123,"NET_PROFIT_RATIO_SQ":-8.7999286733,"HOLDER_PROFIT_SQ":-4902804.27,"HOLDER_PROFIT_QOQ_SQ":-17.593712745476,"ROE_AVG_SQ":-1.456018489124,"PE_TTM_SQ":-29.510068864353,"PB_TTM_SQ":0.866073106957,"ROA_SQ":-1.258668024936,"START_DATE":"2023-01-01 00:00:00","FISCAL_YEAR":"12-31","CURRENCY":"HKD","IS_CNY_CODE":0,"DPS_HKD_LY":null,"ORG_TYPE":"一般企业","PREMIUM_INCOME":null,"PREMIUM_INCOME_YOY":null,"NET_INTEREST_INCOME":null,"NET_INTEREST_INCOME_YOY":null,"FEE_COMMISSION_INCOME":null,"FEE_COMMISSION_INCOME_YOY":null,"ACCOUNTS_RECE_TDAYS":1.443059464772,"INVENTORY_TDAYS":0.142317980113,"CURRENT_ASSETS_TDAYS":0.098105321986,"TOTAL_ASSETS_TDAYS":0.077997846004,"PREMIUM_EXPENSE":null,"LOAN_DEPOSIT":null,"LOAN_EQUITY":null,"LOAN_ASSETS":null,"DEPOSIT_EQUITY":null,"DEPOSIT_ASSETS":null,"EQUITY_MULTIPLIER":1.100645214319,"EQUITY_RATIO":0.103060245426},{"SECUCODE":"02336.HK","SECURITY_CODE":"02336","SECURITY_NAME_ABBR":"硕奥国际","ORG_CODE":"10010591","STD_REPORT_DATE":"2022-12-31 00:00:00","REPORT_DATE":"2022-12-31 00:00:00","DATE_TYPE_CODE":"001","REPORT_TYPE":"2022年年报","PER_NETCASH_OPERATE":-0.000936602233,"PER_OI":0.060079786646,"BPS":0.180669783759,"BASIC_EPS":-0.004823658,"DILUTED_EPS":-0.004823658,"OPERATE_INCOME":109099531.45,"OPERATE_INCOME_YOY":-82.7428589191,"GROSS_PROFIT":7316774.57,"GROSS_PROFIT_YOY":5.172032795251,"HOLDER_PROFIT":-8765658.51,"HOLDER_PROFIT_YOY":-0.6048800492,"GROSS_PROFIT_RATIO":6.70651328448,"EPS_TTM":-0.004827141658,"OPERATE_INCOME_QOQ":-80.556342632998,"NET_PROFIT_RATIO":-8.6281573668,"ROE_AVG":-2.547041624002,"GROSS_PROFIT_QOQ":30.901166079076,"ROA":-2.205783184528,"HOLDER_PROFIT_QOQ":6.529016776114,"ROE_YEARLY":-2.547041624002,"ROIC_YEARLY":-2.919979527709,"TOTAL_ASSETS":380977868.46,"TOTAL_LIABILITIES":43331634.43,"TAX_EBT":0.246118894358,"OCF_SALES":-1.558930691448,"TOTAL_PARENT_EQUITY":328080205.6,"DEBT_ASSET_RATIO":11.3737930776,"OPERATE_PROFIT":-9145298.26,"PRETAX_PROFIT":-9436504.28,"NETCASH_OPERATE":-1700786.08,"NETCASH_INVEST":-4543171.22,"NETCASH_FINANCE":192946.32,"END_CASH":83858401.06,"DIVI_RATIO":null,"DIVIDEND_RATE":null,"CURRENT_RATIO":7.273047902016,"COMMON_ACS":10000000000,"CURRENTDEBT_DEBT":96.441897379868,"ISSUED_COMMON_SHARES":1815910767,"HK_COMMON_SHARES":1815910767,"PER_SHARES":10000,"TOTAL_MARKET_CAP":177959255.166,"HKSK_MARKET_CAP":177959255.166,"PE_TTM":-25.539502750574,"PB_TTM":0.495303986345,"REPORT_DATE_SQ":"2021-12-31 00:00:00","REPORT_TYPE_SQ":"2021年年报","OPERATE_INCOME_SQ":578644953.6,"DPS_HKD":null,"OPERATE_INCOME_QOQ_SQ":145.0152805522,"NET_PROFIT_RATIO_SQ":-1.3895011699,"HOLDER_PROFIT_SQ":-7974870.4,"HOLDER_PROFIT_QOQ_SQ":-19.003342760481,"ROE_AVG_SQ":-2.244930838454,"PE_TTM_SQ":-29.510068864353,"PB_TTM_SQ":0.866073106957,"ROA_SQ":-1.996044336986,"START_DATE":"2022-01-01 00:00:00","FISCAL_YEAR":"12-31","CURRENCY":"HKD","IS_CNY_CODE":0,"DPS_HKD_LY":null,"ORG_TYPE":"一般企业","PREMIUM_INCOME":null,"PREMIUM_INCOME_YOY":null,"NET_INTEREST_INCOME":null,"NET_INTEREST_INCOME_YOY":null,"FEE_COMMISSION_INCOME":null,"FEE_COMMISSION_INCOME_YOY":null,"ACCOUNTS_RECE_TDAYS":4.393424342164,"INVENTORY_TDAYS":0.509413126964,"CURRENT_ASSETS_TDAYS":0.343892587592,"TOTAL_ASSETS_TDAYS":0.274537174404,"PREMIUM_EXPENSE":null,"LOAN_DEPOSIT":null,"LOAN_EQUITY":null,"LOAN_ASSETS":null,"DEPOSIT_EQUITY":null,"DEPOSIT_ASSETS":null,"EQUITY_MULTIPLIER":1.128334422431,"EQUITY_RATIO":0.132076345023},{"SECUCODE":"02336.HK","SECURITY_CODE":"02336","SECURITY_NAME_ABBR":"硕奥国际","ORG_CODE":"10010591","STD_REPORT_DATE":"2022-06-30 00:00:00","REPORT_DATE":"2022-06-30 00:00:00","DATE_TYPE_CODE":"002","REPORT_TYPE":"2022年中报","PER_NETCASH_OPERATE":-0.000740792937,"PER_OI":0.03697465674,"BPS":0.180949859696,"BASIC_EPS":-0.002736608,"DILUTED_EPS":-0.002736608,"OPERATE_INCOME":67142677.28,"OPERATE_INCOME_YOY":-22.8542512111,"GROSS_PROFIT":2390256.05,"GROSS_PROFIT_YOY":-36.389997961717,"HOLDER_PROFIT":-4902804.27,"HOLDER_PROFIT_YOY":-36.305278174,"GROSS_PROFIT_RATIO":3.559965355614,"EPS_TTM":-0.005164321045,"OPERATE_INCOME_QOQ":-3.03103592123,"NET_PROFIT_RATIO":-8.7999286733,"ROE_AVG":-1.456018489124,"GROSS_PROFIT_QOQ":-19.655388912488,"ROA":-1.258668024936,"HOLDER_PROFIT_QOQ":-17.593712745476,"ROE_YEARLY":-2.912036978247,"ROIC_YEARLY":-3.313049357674,"TOTAL_ASSETS":382876259.71,"TOTAL_LIABILITIES":45160018.33,"TAX_EBT":0.389273356401,"OCF_SALES":-2.003515386183,"TOTAL_PARENT_EQUITY":328588798.51,"DEBT_ASSET_RATIO":11.79493823,"OPERATE_PROFIT":-5824699.09,"PRETAX_PROFIT":-5931597.84,"NETCASH_OPERATE":-1345213.87,"NETCASH_INVEST":-2968364.49,"NETCASH_FINANCE":-561004.64,"END_CASH":81312320.39,"DIVI_RATIO":null,"DIVIDEND_RATE":null,"CURRENT_RATIO":7.004778782207,"COMMON_ACS":10000000000,"CURRENTDEBT_DEBT":95.10481564944,"ISSUED_COMMON_SHARES":1815910767,"HK_COMMON_SHARES":1815910767,"PER_SHARES":10000,"TOTAL_MARKET_CAP":177959255.166,"HKSK_MARKET_CAP":177959255.166,"PE_TTM":-25.539502750574,"PB_TTM":0.495303986345,"REPORT_DATE_SQ":"2021-06-30 00:00:00","REPORT_TYPE_SQ":"2021年中报","OPERATE_INCOME_SQ":84681613.68,"DPS_HKD":null,"OPERATE_INCOME_QOQ_SQ":-33.08009116899,"NET_PROFIT_RATIO_SQ":-3.5776399957,"HOLDER_PROFIT_SQ":-3499728.48,"HOLDER_PROFIT_QOQ_SQ":18.81839216575,"ROE_AVG_SQ":-0.953038063742,"PE_TTM_SQ":-29.510068864353,"PB_TTM_SQ":0.866073106957,"ROA_SQ":-0.847264720872,"START_DATE":"2022-01-01 00:00:00","FISCAL_YEAR":"12-31","CURRENCY":"HKD","IS_CNY_CODE":0,"DPS_HKD_LY":null,"ORG_TYPE":"一般企业","PREMIUM_INCOME":null,"PREMIUM_INCOME_YOY":null,"NET_INTEREST_INCOME":null,"NET_INTEREST_INCOME_YOY":null,"FEE_COMMISSION_INCOME":null,"FEE_COMMISSION_INCOME_YOY":null,"ACCOUNTS_RECE_TDAYS":2.982412155745,"INVENTORY_TDAYS":0.329867668682,"CURRENT_ASSETS_TDAYS":0.21753056045,"TOTAL_ASSETS_TDAYS":0.172371435503,"PREMIUM_EXPENSE":null,"LOAN_DEPOSIT":null,"LOAN_EQUITY":null,"LOAN_ASSETS":null,"DEPOSIT_EQUITY":null,"DEPOSIT_ASSETS":null,"EQUITY_MULTIPLIER":1.133721784139,"EQUITY_RATIO":0.137436268475},{"SECUCODE":"02336.HK","SECURITY_CODE":"02336","SECURITY_NAME_ABBR":"硕奥国际","ORG_CODE":"10010591","STD_REPORT_DATE":"2021-12-31 00:00:00","REPORT_DATE":"2021-12-31 00:00:00","DATE_TYPE_CODE":"001","REPORT_TYPE":"2021年年报","PER_NETCASH_OPERATE":-0.003588882074,"PER_OI":0.318652746663,"BPS":0.181565195599,"BASIC_EPS":-0.00441504,"DILUTED_EPS":-0.00441504,"OPERATE_INCOME":578644953.6,"OPERATE_INCOME_YOY":68.7850574274,"GROSS_PROFIT":6956958.4,"GROSS_PROFIT_YOY":12.477276366304,"HOLDER_PROFIT":-7974870.4,"HOLDER_PROFIT_YOY":0.5505709625,"GROSS_PROFIT_RATIO":1.202284467655,"EPS_TTM":-0.004391664252,"OPERATE_INCOME_QOQ":145.0152805522,"NET_PROFIT_RATIO":-1.3895011699,"ROE_AVG":-2.244930838454,"GROSS_PROFIT_QOQ":2.010666452734,"ROA":-1.996044336986,"HOLDER_PROFIT_QOQ":-19.003342760481,"ROE_YEARLY":-2.244930838454,"ROIC_YEARLY":-2.628306434554,"TOTAL_ASSETS":378756470.4,"TOTAL_LIABILITIES":38948011.2,"TAX_EBT":-0.275313551545,"OCF_SALES":-1.12626742175,"TOTAL_PARENT_EQUITY":329706193.6,"DEBT_ASSET_RATIO":10.2831276147,"OPERATE_PROFIT":-7916003.2,"PRETAX_PROFIT":-8018203.2,"NETCASH_OPERATE":-6517089.6,"NETCASH_INVEST":-1309795.2,"NETCASH_FINANCE":-125910.4,"END_CASH":82316785.6,"DIVI_RATIO":null,"DIVIDEND_RATE":null,"CURRENT_RATIO":7.768205386569,"COMMON_ACS":10000000000,"CURRENTDEBT_DEBT":100,"ISSUED_COMMON_SHARES":1815910767,"HK_COMMON_SHARES":1815910767,"PER_SHARES":10000,"TOTAL_MARKET_CAP":177959255.166,"HKSK_MARKET_CAP":177959255.166,"PE_TTM":-25.539502750574,"PB_TTM":0.495303986345,"REPORT_DATE_SQ":"2020-12-31 00:00:00","REPORT_TYPE_SQ":"2020年年报","OPERATE_INCOME_SQ":352909751.68,"DPS_HKD":null,"OPERATE_INCOME_QOQ_SQ":-6.527791426717,"NET_PROFIT_RATIO_SQ":-2.2713397184,"HOLDER_PROFIT_SQ":-8254805.12,"HOLDER_PROFIT_QOQ_SQ":24.436489875783,"ROE_AVG_SQ":-2.16627149734,"PE_TTM_SQ":-29.510068864353,"PB_TTM_SQ":0.866073106957,"ROA_SQ":-1.967693948157,"START_DATE":"2021-01-01 00:00:00","FISCAL_YEAR":"12-31","CURRENCY":"HKD","IS_CNY_CODE":0,"DPS_HKD_LY":null,"ORG_TYPE":"一般企业","PREMIUM_INCOME":null,"PREMIUM_INCOME_YOY":null,"NET_INTEREST_INCOME":null,"NET_INTEREST_INCOME_YOY":null,"FEE_COMMISSION_INCOME":null,"FEE_COMMISSION_INCOME_YOY":null,"ACCOUNTS_RECE_TDAYS":25.645396238722,"INVENTORY_TDAYS":2.967233115284,"CURRENT_ASSETS_TDAYS":1.888839811739,"TOTAL_ASSETS_TDAYS":1.448300630389,"PREMIUM_EXPENSE":null,"LOAN_DEPOSIT":null,"LOAN_EQUITY":null,"LOAN_ASSETS":null,"DEPOSIT_EQUITY":null,"DEPOSIT_ASSETS":null,"EQUITY_MULTIPLIER":1.114617544519,"EQUITY_RATIO":0.118129449662},{"SECUCODE":"02336.HK","SECURITY_CODE":"02336","SECURITY_NAME_ABBR":"硕奥国际","ORG_CODE":"10010591","STD_REPORT_DATE":"2021-06-30 00:00:00","REPORT_DATE":"2021-06-30 00:00:00","DATE_TYPE_CODE":"002","REPORT_TYPE":"2021年中报","PER_NETCASH_OPERATE":-0.001717853089,"PER_OI":0.046633135955,"BPS":0.191045058416,"BASIC_EPS":-0.001913784,"DILUTED_EPS":-0.001913784,"OPERATE_INCOME":84681613.68,"OPERATE_INCOME_YOY":-53.8478631548,"GROSS_PROFIT":3757673.28,"GROSS_PROFIT_YOY":20.32057263381,"HOLDER_PROFIT":-3499728.48,"HOLDER_PROFIT_YOY":23.9696312364,"GROSS_PROFIT_RATIO":4.437413408535,"EPS_TTM":-0.003690370497,"OPERATE_INCOME_QOQ":-33.08009116899,"NET_PROFIT_RATIO":-3.5776399957,"ROE_AVG":-0.953038063742,"GROSS_PROFIT_QOQ":10.260309316203,"ROA":-0.847264720872,"HOLDER_PROFIT_QOQ":18.81839216575,"ROE_YEARLY":-1.906076127484,"ROIC_YEARLY":-2.235298963265,"TOTAL_ASSETS":398369117.04,"TOTAL_LIABILITIES":40825173.12,"TAX_EBT":-0.747094631987,"OCF_SALES":-3.683760599778,"TOTAL_PARENT_EQUITY":346920778.56,"DEBT_ASSET_RATIO":10.2480768146,"OPERATE_PROFIT":-2992159.68,"PRETAX_PROFIT":-3007137.12,"NETCASH_OPERATE":-3119467.92,"NETCASH_INVEST":-747207.84,"NETCASH_FINANCE":-3328.32,"END_CASH":87663788.4,"DIVI_RATIO":null,"DIVIDEND_RATE":null,"CURRENT_RATIO":7.81167454753,"COMMON_ACS":10000000000,"CURRENTDEBT_DEBT":100,"ISSUED_COMMON_SHARES":1815910767,"HK_COMMON_SHARES":1815910767,"PER_SHARES":10000,"TOTAL_MARKET_CAP":177959255.166,"HKSK_MARKET_CAP":177959255.166,"PE_TTM":-25.539502750574,"PB_TTM":0.495303986345,"REPORT_DATE_SQ":"2020-06-30 00:00:00","REPORT_TYPE_SQ":"2020年中报","OPERATE_INCOME_SQ":201424481.28,"DPS_HKD":null,"OPERATE_INCOME_QOQ_SQ":-11.46101850594,"NET_PROFIT_RATIO_SQ":-2.537730373,"HOLDER_PROFIT_SQ":-5053150.08,"HOLDER_PROFIT_QOQ_SQ":-12.6588812609,"ROE_AVG_SQ":-1.289447369709,"PE_TTM_SQ":-29.510068864353,"PB_TTM_SQ":0.866073106957,"ROA_SQ":-1.162793141791,"START_DATE":"2021-01-01 00:00:00","FISCAL_YEAR":"12-31","CURRENCY":"HKD","IS_CNY_CODE":0,"DPS_HKD_LY":null,"ORG_TYPE":"一般企业","PREMIUM_INCOME":null,"PREMIUM_INCOME_YOY":null,"NET_INTEREST_INCOME":null,"NET_INTEREST_INCOME_YOY":null,"FEE_COMMISSION_INCOME":null,"FEE_COMMISSION_INCOME_YOY":null,"ACCOUNTS_RECE_TDAYS":3.975119131318,"INVENTORY_TDAYS":0.402407285577,"CURRENT_ASSETS_TDAYS":0.266903573934,"TOTAL_ASSETS_TDAYS":0.205009457698,"PREMIUM_EXPENSE":null,"LOAN_DEPOSIT":null,"LOAN_EQUITY":null,"LOAN_ASSETS":null,"DEPOSIT_EQUITY":null,"DEPOSIT_ASSETS":null,"EQUITY_MULTIPLIER":1.114182253158,"EQUITY_RATIO":0.117678662228},{"SECUCODE":"02336.HK","SECURITY_CODE":"02336","SECURITY_NAME_ABBR":"硕奥国际","ORG_CODE":"10010591","STD_REPORT_DATE":"2020-12-31 00:00:00","REPORT_DATE":"2020-12-31 00:00:00","DATE_TYPE_CODE":"001","REPORT_TYPE":"2020年年报","PER_NETCASH_OPERATE":-0.006473901545,"PER_OI":0.19434311316,"BPS":0.215851872395,"BASIC_EPS":-0.004544856,"DILUTED_EPS":-0.004544856,"OPERATE_INCOME":352909751.68,"OPERATE_INCOME_YOY":-11.9170157255,"GROSS_PROFIT":6185212.36,"GROSS_PROFIT_YOY":-7.292774193948,"HOLDER_PROFIT":-8254805.12,"HOLDER_PROFIT_YOY":9.3949191686,"GROSS_PROFIT_RATIO":1.752632884344,"EPS_TTM":-0.004545820902,"OPERATE_INCOME_QOQ":-6.527791426717,"NET_PROFIT_RATIO":-2.2713397184,"ROE_AVG":-2.16627149734,"GROSS_PROFIT_QOQ":6.84701205792,"ROA":-1.967693948157,"HOLDER_PROFIT_QOQ":24.436489875783,"ROE_YEARLY":-2.16627149734,"ROIC_YEARLY":-2.656579897155,"TOTAL_ASSETS":432669449.56,"TOTAL_LIABILITIES":30570048.08,"TAX_EBT":0.470268575609,"OCF_SALES":-3.331171061167,"TOTAL_PARENT_EQUITY":391967739.16,"DEBT_ASSET_RATIO":7.0654510299,"OPERATE_PROFIT":-8032612.16,"PRETAX_PROFIT":-8053653.16,"NETCASH_OPERATE":-11756027.52,"NETCASH_INVEST":-1528418.24,"NETCASH_FINANCE":-113621.4,"END_CASH":92606490.84,"DIVI_RATIO":null,"DIVIDEND_RATE":null,"CURRENT_RATIO":10.443615439678,"COMMON_ACS":10000000000,"CURRENTDEBT_DEBT":100,"ISSUED_COMMON_SHARES":1815910767,"HK_COMMON_SHARES":1815910767,"PER_SHARES":10000,"TOTAL_MARKET_CAP":177959255.166,"HKSK_MARKET_CAP":177959255.166,"PE_TTM":-25.539502750574,"PB_TTM":0.495303986345,"REPORT_DATE_SQ":"2019-12-31 00:00:00","REPORT_TYPE_SQ":"2019年年报","OPERATE_INCOME_SQ":426428902.76,"DPS_HKD":null,"OPERATE_INCOME_QOQ_SQ":-49.707543726892,"NET_PROFIT_RATIO_SQ":-2.3596657438,"HOLDER_PROFIT_SQ":-9696818.5,"HOLDER_PROFIT_QOQ_SQ":-10.297218474116,"ROE_AVG_SQ":-2.474828762426,"PE_TTM_SQ":-29.510068864353,"PB_TTM_SQ":0.866073106957,"ROA_SQ":-2.250547823881,"START_DATE":"2020-01-01 00:00:00","FISCAL_YEAR":"12-31","CURRENCY":"HKD","IS_CNY_CODE":0,"DPS_HKD_LY":null,"ORG_TYPE":"一般企业","PREMIUM_INCOME":null,"PREMIUM_INCOME_YOY":null,"NET_INTEREST_INCOME":null,"NET_INTEREST_INCOME_YOY":null,"FEE_COMMISSION_INCOME":null,"FEE_COMMISSION_INCOME_YOY":null,"ACCOUNTS_RECE_TDAYS":18.081586890901,"INVENTORY_TDAYS":1.827705535517,"CURRENT_ASSETS_TDAYS":1.12640460757,"TOTAL_ASSETS_TDAYS":0.841229287102,"PREMIUM_EXPENSE":null,"LOAN_DEPOSIT":null,"LOAN_EQUITY":null,"LOAN_ASSETS":null,"DEPOSIT_EQUITY":null,"DEPOSIT_ASSETS":null,"EQUITY_MULTIPLIER":1.076026096949,"EQUITY_RATIO":0.077991235058},{"SECUCODE":"02336.HK","SECURITY_CODE":"02336","SECURITY_NAME_ABBR":"硕奥国际","ORG_CODE":"10010591","STD_REPORT_DATE":"2020-06-30 00:00:00","REPORT_DATE":"2020-06-30 00:00:00","DATE_TYPE_CODE":"002","REPORT_TYPE":"2020年中报","PER_NETCASH_OPERATE":-0.001983409089,"PER_OI":0.110922014969,"BPS":0.210384221198,"BASIC_EPS":-0.00274032,"DILUTED_EPS":-0.00274032,"OPERATE_INCOME":201424481.28,"OPERATE_INCOME_YOY":-22.5020120265,"GROSS_PROFIT":3123051.36,"GROSS_PROFIT_YOY":-22.040103109667,"HOLDER_PROFIT":-5053150.08,"HOLDER_PROFIT_YOY":-27.201655553,"GROSS_PROFIT_RATIO":1.550482513423,"EPS_TTM":-0.006015894304,"OPERATE_INCOME_QOQ":-11.46101850594,"NET_PROFIT_RATIO":-2.537730373,"ROE_AVG":-1.289447369709,"GROSS_PROFIT_QOQ":-13.233674933467,"ROA":-1.162793141791,"HOLDER_PROFIT_QOQ":-12.6588812609,"ROE_YEARLY":-2.578894739418,"ROIC_YEARLY":-3.234359515548,"TOTAL_ASSETS":428109232.32,"TOTAL_LIABILITIES":36217896,"TAX_EBT":0.409325502758,"OCF_SALES":-1.7881113046,"TOTAL_PARENT_EQUITY":382038972.48,"DEBT_ASSET_RATIO":8.4599661175,"OPERATE_PROFIT":-5132619.36,"PRETAX_PROFIT":-5132619.36,"NETCASH_OPERATE":-3601693.92,"NETCASH_INVEST":-179034.24,"NETCASH_FINANCE":null,"END_CASH":109723326.24,"DIVI_RATIO":null,"DIVIDEND_RATE":null,"CURRENT_RATIO":9.141513240858,"COMMON_ACS":10000000000,"CURRENTDEBT_DEBT":100,"ISSUED_COMMON_SHARES":1815910767,"HK_COMMON_SHARES":1815910767,"PER_SHARES":10000,"TOTAL_MARKET_CAP":177959255.166,"HKSK_MARKET_CAP":177959255.166,"PE_TTM":-25.539502750574,"PB_TTM":0.495303986345,"REPORT_DATE_SQ":"2019-06-30 00:00:00","REPORT_TYPE_SQ":"2019年中报","OPERATE_INCOME_SQ":250297576.74,"DPS_HKD":null,"OPERATE_INCOME_QOQ_SQ":-0.951230411163,"NET_PROFIT_RATIO_SQ":-1.5688534788,"HOLDER_PROFIT_SQ":-3825641.34,"HOLDER_PROFIT_QOQ_SQ":-1968.80577093682,"ROE_AVG_SQ":-0.986312056979,"PE_TTM_SQ":-29.510068864353,"PB_TTM_SQ":0.866073106957,"ROA_SQ":-0.899542472304,"START_DATE":"2020-01-01 00:00:00","FISCAL_YEAR":"12-31","CURRENCY":"HKD","IS_CNY_CODE":0,"DPS_HKD_LY":null,"ORG_TYPE":"一般企业","PREMIUM_INCOME":null,"PREMIUM_INCOME_YOY":null,"NET_INTEREST_INCOME":null,"NET_INTEREST_INCOME_YOY":null,"FEE_COMMISSION_INCOME":null,"FEE_COMMISSION_INCOME_YOY":null,"ACCOUNTS_RECE_TDAYS":10.650181115673,"INVENTORY_TDAYS":1.017388961138,"CURRENT_ASSETS_TDAYS":0.606100252597,"TOTAL_ASSETS_TDAYS":0.463502966888,"PREMIUM_EXPENSE":null,"LOAN_DEPOSIT":null,"LOAN_EQUITY":null,"LOAN_ASSETS":null,"DEPOSIT_EQUITY":null,"DEPOSIT_ASSETS":null,"EQUITY_MULTIPLIER":1.092418210467,"EQUITY_RATIO":0.094801574208}],"count":46},"success":true,"message":"ok","code":0}