{"version":"2c16ae7e08772955a7689f5f6b9dba83","result":{"pages":6,"data":[{"SECUCODE":"02330.HK","SECURITY_CODE":"02330","SECURITY_NAME_ABBR":"中国上城","ORG_CODE":"10010587","STD_REPORT_DATE":"2024-06-30 00:00:00","REPORT_DATE":"2024-06-30 00:00:00","DATE_TYPE_CODE":"002","REPORT_TYPE":"2024年中报","PER_NETCASH_OPERATE":-0.0360977895,"PER_OI":0.073751027628,"BPS":0.525728990322,"BASIC_EPS":-0.0563,"DILUTED_EPS":-0.0563,"OPERATE_INCOME":23328000,"OPERATE_INCOME_YOY":422.1128021486,"GROSS_PROFIT":23000,"GROSS_PROFIT_YOY":-88.834951456311,"HOLDER_PROFIT":-16414000,"HOLDER_PROFIT_YOY":50.0045688526,"GROSS_PROFIT_RATIO":0.098593964335,"EPS_TTM":-0.094256393076,"OPERATE_INCOME_QOQ":424.583520936515,"NET_PROFIT_RATIO":-84.1735253772,"ROE_AVG":-9.564571345327,"GROSS_PROFIT_QOQ":-101.666666666667,"ROA":-2.501890059506,"HOLDER_PROFIT_QOQ":35.51080443858,"ROE_YEARLY":-19.129142690655,"ROIC_YEARLY":-4.888312454118,"TOTAL_ASSETS":660394000,"TOTAL_LIABILITIES":525548000,"TAX_EBT":0.050900946758,"OCF_SALES":-48.945473251029,"TOTAL_PARENT_EQUITY":166292000,"DEBT_ASSET_RATIO":79.5809774165,"OPERATE_PROFIT":-17831000,"PRETAX_PROFIT":-19646000,"NETCASH_OPERATE":-11418000,"NETCASH_INVEST":1864000,"NETCASH_FINANCE":4099000,"END_CASH":12102000,"DIVI_RATIO":null,"DIVIDEND_RATE":null,"CURRENT_RATIO":1.257525849465,"COMMON_ACS":30000000000,"CURRENTDEBT_DEBT":97.220234878641,"ISSUED_COMMON_SHARES":316307457,"HK_COMMON_SHARES":316307457,"PER_SHARES":8000,"TOTAL_MARKET_CAP":23723059.275,"HKSK_MARKET_CAP":23723059.275,"PE_TTM":-0.710476054655,"PB_TTM":0.130202064676,"REPORT_DATE_SQ":"2023-06-30 00:00:00","REPORT_TYPE_SQ":"2023年中报","OPERATE_INCOME_SQ":4468000,"DPS_HKD":null,"OPERATE_INCOME_QOQ_SQ":-75.448450806305,"NET_PROFIT_RATIO_SQ":-962.6678603402,"HOLDER_PROFIT_SQ":-32831000,"HOLDER_PROFIT_QOQ_SQ":17.393487304547,"ROE_AVG_SQ":-15.925936705668,"PE_TTM_SQ":-1.343255558671,"PB_TTM_SQ":0.317976290193,"ROA_SQ":-5.37811519431,"START_DATE":"2024-01-01 00:00:00","FISCAL_YEAR":"12-31","CURRENCY":"HKD","IS_CNY_CODE":0,"DPS_HKD_LY":null,"ORG_TYPE":"一般企业","PREMIUM_INCOME":null,"PREMIUM_INCOME_YOY":null,"NET_INTEREST_INCOME":null,"NET_INTEREST_INCOME_YOY":null,"FEE_COMMISSION_INCOME":null,"FEE_COMMISSION_INCOME_YOY":null,"ACCOUNTS_RECE_TDAYS":0.486796114479,"INVENTORY_TDAYS":0.043685025437,"CURRENT_ASSETS_TDAYS":0.036592338479,"TOTAL_ASSETS_TDAYS":0.035557506585,"PREMIUM_EXPENSE":null,"LOAN_DEPOSIT":null,"LOAN_EQUITY":null,"LOAN_ASSETS":null,"DEPOSIT_EQUITY":null,"DEPOSIT_ASSETS":null,"EQUITY_MULTIPLIER":4.897394064337,"EQUITY_RATIO":3.16039256248},{"SECUCODE":"02330.HK","SECURITY_CODE":"02330","SECURITY_NAME_ABBR":"中国上城","ORG_CODE":"10010587","STD_REPORT_DATE":"2023-12-31 00:00:00","REPORT_DATE":"2023-12-31 00:00:00","DATE_TYPE_CODE":"001","REPORT_TYPE":"2023年年报","PER_NETCASH_OPERATE":0.028879739765,"PER_OI":0.01745595374,"BPS":0.559370309123,"BASIC_EPS":-0.1817,"DILUTED_EPS":-0.1817,"OPERATE_INCOME":4442000,"OPERATE_INCOME_YOY":-92.6831277076,"GROSS_PROFIT":180000,"GROSS_PROFIT_YOY":-98.018494055482,"HOLDER_PROFIT":-46231000,"HOLDER_PROFIT_YOY":17.1012049921,"GROSS_PROFIT_RATIO":4.052228725799,"EPS_TTM":-0.18167631638,"OPERATE_INCOME_QOQ":-70.19792016102,"NET_PROFIT_RATIO":-1162.4718595227,"ROE_AVG":-23.053256208238,"GROSS_PROFIT_QOQ":-87.315010570825,"ROA":-7.304710274881,"HOLDER_PROFIT_QOQ":-0.353824780759,"ROE_YEARLY":-23.053256208238,"ROIC_YEARLY":-7.252393685236,"TOTAL_ASSETS":651734000,"TOTAL_LIABILITIES":503659000,"TAX_EBT":1.632567531527,"OCF_SALES":165.443493921657,"TOTAL_PARENT_EQUITY":176933000,"DEBT_ASSET_RATIO":77.2798411622,"OPERATE_PROFIT":-50554000,"PRETAX_PROFIT":-52494000,"NETCASH_OPERATE":7349000,"NETCASH_INVEST":-31224000,"NETCASH_FINANCE":15095000,"END_CASH":17208000,"DIVI_RATIO":null,"DIVIDEND_RATE":null,"CURRENT_RATIO":1.27100058074,"COMMON_ACS":30000000000,"CURRENTDEBT_DEBT":98.805143956526,"ISSUED_COMMON_SHARES":316307457,"HK_COMMON_SHARES":316307457,"PER_SHARES":8000,"TOTAL_MARKET_CAP":26886133.845,"HKSK_MARKET_CAP":26886133.845,"PE_TTM":-0.805206195276,"PB_TTM":0.147562339966,"REPORT_DATE_SQ":"2022-12-31 00:00:00","REPORT_TYPE_SQ":"2022年年报","OPERATE_INCOME_SQ":60709000,"DPS_HKD":null,"OPERATE_INCOME_QOQ_SQ":-64.543898892088,"NET_PROFIT_RATIO_SQ":-124.3127048708,"HOLDER_PROFIT_SQ":-55768000,"HOLDER_PROFIT_QOQ_SQ":87.245244526374,"ROE_AVG_SQ":-21.944933045288,"PE_TTM_SQ":-0.684796951479,"PB_TTM_SQ":0.162105559706,"ROA_SQ":-8.346866108592,"START_DATE":"2023-01-01 00:00:00","FISCAL_YEAR":"12-31","CURRENCY":"HKD","IS_CNY_CODE":0,"DPS_HKD_LY":null,"ORG_TYPE":"一般企业","PREMIUM_INCOME":null,"PREMIUM_INCOME_YOY":null,"NET_INTEREST_INCOME":null,"NET_INTEREST_INCOME_YOY":null,"FEE_COMMISSION_INCOME":null,"FEE_COMMISSION_INCOME_YOY":null,"ACCOUNTS_RECE_TDAYS":0.122571743929,"INVENTORY_TDAYS":0.008067408861,"CURRENT_ASSETS_TDAYS":0.007231924666,"TOTAL_ASSETS_TDAYS":0.007018563959,"PREMIUM_EXPENSE":null,"LOAN_DEPOSIT":null,"LOAN_EQUITY":null,"LOAN_ASSETS":null,"DEPOSIT_EQUITY":null,"DEPOSIT_ASSETS":null,"EQUITY_MULTIPLIER":4.401377680231,"EQUITY_RATIO":2.846608603257},{"SECUCODE":"02330.HK","SECURITY_CODE":"02330","SECURITY_NAME_ABBR":"中国上城","ORG_CODE":"10010587","STD_REPORT_DATE":"2023-06-30 00:00:00","REPORT_DATE":"2023-06-30 00:00:00","DATE_TYPE_CODE":"002","REPORT_TYPE":"2023年中报","PER_NETCASH_OPERATE":0.099230141353,"PER_OI":0.017558127265,"BPS":0.594829479471,"BASIC_EPS":-0.1271,"DILUTED_EPS":-0.1271,"OPERATE_INCOME":4468000,"OPERATE_INCOME_YOY":-91.1123488224,"GROSS_PROFIT":206000,"GROSS_PROFIT_YOY":-97.382797611485,"HOLDER_PROFIT":-32831000,"HOLDER_PROFIT_YOY":22.8068937951,"GROSS_PROFIT_RATIO":4.610564010743,"EPS_TTM":-0.181035766974,"OPERATE_INCOME_QOQ":-75.448450806305,"NET_PROFIT_RATIO":-962.6678603402,"ROE_AVG":-15.925936705668,"GROSS_PROFIT_QOQ":-84.379128137384,"ROA":-5.37811519431,"HOLDER_PROFIT_QOQ":17.393487304547,"ROE_YEARLY":-31.851873411336,"ROIC_YEARLY":-10.692377963885,"TOTAL_ASSETS":606859000,"TOTAL_LIABILITIES":451406000,"TAX_EBT":1.825983748745,"OCF_SALES":565.152193375112,"TOTAL_PARENT_EQUITY":188149000,"DEBT_ASSET_RATIO":74.3840002373,"OPERATE_PROFIT":-42497000,"PRETAX_PROFIT":-43812000,"NETCASH_OPERATE":25251000,"NETCASH_INVEST":-21726000,"NETCASH_FINANCE":-5963000,"END_CASH":22886000,"DIVI_RATIO":null,"DIVIDEND_RATE":null,"CURRENT_RATIO":1.320682635482,"COMMON_ACS":30000000000,"CURRENTDEBT_DEBT":98.810383557153,"ISSUED_COMMON_SHARES":316307457,"HK_COMMON_SHARES":316307457,"PER_SHARES":8000,"TOTAL_MARKET_CAP":26886133.845,"HKSK_MARKET_CAP":26886133.845,"PE_TTM":-0.805206195276,"PB_TTM":0.147562339966,"REPORT_DATE_SQ":"2022-06-30 00:00:00","REPORT_TYPE_SQ":"2022年中报","OPERATE_INCOME_SQ":50272000,"DPS_HKD":null,"OPERATE_INCOME_QOQ_SQ":-1.581270764597,"NET_PROFIT_RATIO_SQ":-118.2706078931,"HOLDER_PROFIT_SQ":-42531000,"HOLDER_PROFIT_QOQ_SQ":-9.055785855744,"ROE_AVG_SQ":-16.225619700713,"PE_TTM_SQ":-0.684796951479,"PB_TTM_SQ":0.162105559706,"ROA_SQ":-6.333263594121,"START_DATE":"2023-01-01 00:00:00","FISCAL_YEAR":"12-31","CURRENCY":"HKD","IS_CNY_CODE":0,"DPS_HKD_LY":null,"ORG_TYPE":"一般企业","PREMIUM_INCOME":null,"PREMIUM_INCOME_YOY":null,"NET_INTEREST_INCOME":null,"NET_INTEREST_INCOME_YOY":null,"FEE_COMMISSION_INCOME":null,"FEE_COMMISSION_INCOME_YOY":null,"ACCOUNTS_RECE_TDAYS":null,"INVENTORY_TDAYS":0.008414601762,"CURRENT_ASSETS_TDAYS":0.007540851907,"TOTAL_ASSETS_TDAYS":0.007319124817,"PREMIUM_EXPENSE":null,"LOAN_DEPOSIT":null,"LOAN_EQUITY":null,"LOAN_ASSETS":null,"DEPOSIT_EQUITY":null,"DEPOSIT_ASSETS":null,"EQUITY_MULTIPLIER":3.90381015484,"EQUITY_RATIO":2.399194255617},{"SECUCODE":"02330.HK","SECURITY_CODE":"02330","SECURITY_NAME_ABBR":"中国上城","ORG_CODE":"10010587","STD_REPORT_DATE":"2022-12-31 00:00:00","REPORT_DATE":"2022-12-31 00:00:00","DATE_TYPE_CODE":"001","REPORT_TYPE":"2022年年报","PER_NETCASH_OPERATE":0.018575932762,"PER_OI":0.2385712507,"BPS":0.708636470749,"BASIC_EPS":-0.2192,"DILUTED_EPS":-0.2192,"OPERATE_INCOME":60709000,"OPERATE_INCOME_YOY":-65.1045558532,"GROSS_PROFIT":9084000,"GROSS_PROFIT_YOY":-52.374960679459,"HOLDER_PROFIT":-55768000,"HOLDER_PROFIT_YOY":86.0902011843,"GROSS_PROFIT_RATIO":14.963185030226,"EPS_TTM":-0.219154351233,"OPERATE_INCOME_QOQ":-64.543898892088,"NET_PROFIT_RATIO":-124.3127048708,"ROE_AVG":-21.944933045288,"GROSS_PROFIT_QOQ":-38.338311159381,"ROA":-8.346866108592,"HOLDER_PROFIT_QOQ":87.245244526374,"ROE_YEARLY":-21.944933045288,"ROIC_YEARLY":-8.582128311805,"TOTAL_ASSETS":614052000,"TOTAL_LIABILITIES":414096000,"TAX_EBT":2.89004696648,"OCF_SALES":7.786324927111,"TOTAL_PARENT_EQUITY":224147000,"DEBT_ASSET_RATIO":67.436634031,"OPERATE_PROFIT":-76812000,"PRETAX_PROFIT":-77715000,"NETCASH_OPERATE":4727000,"NETCASH_INVEST":-4736000,"NETCASH_FINANCE":-8282000,"END_CASH":26710000,"DIVI_RATIO":null,"DIVIDEND_RATE":null,"CURRENT_RATIO":1.460916547771,"COMMON_ACS":30000000000,"CURRENTDEBT_DEBT":98.509041381709,"ISSUED_COMMON_SHARES":316307457,"HK_COMMON_SHARES":316307457,"PER_SHARES":8000,"TOTAL_MARKET_CAP":26886133.845,"HKSK_MARKET_CAP":26886133.845,"PE_TTM":-0.805206195276,"PB_TTM":0.147562339966,"REPORT_DATE_SQ":"2021-12-31 00:00:00","REPORT_TYPE_SQ":"2021年年报","OPERATE_INCOME_SQ":173974000,"DPS_HKD":null,"OPERATE_INCOME_QOQ_SQ":-20.878831014676,"NET_PROFIT_RATIO_SQ":-267.435363905,"HOLDER_PROFIT_SQ":-400926000,"HOLDER_PROFIT_QOQ_SQ":-2466.25488062472,"ROE_AVG_SQ":-82.701389784184,"PE_TTM_SQ":-0.684796951479,"PB_TTM_SQ":0.162105559706,"ROA_SQ":-44.089755157721,"START_DATE":"2022-01-01 00:00:00","FISCAL_YEAR":"12-31","CURRENCY":"HKD","IS_CNY_CODE":0,"DPS_HKD_LY":null,"ORG_TYPE":"一般企业","PREMIUM_INCOME":null,"PREMIUM_INCOME_YOY":null,"NET_INTEREST_INCOME":null,"NET_INTEREST_INCOME_YOY":null,"FEE_COMMISSION_INCOME":null,"FEE_COMMISSION_INCOME_YOY":null,"ACCOUNTS_RECE_TDAYS":null,"INVENTORY_TDAYS":0.091557794916,"CURRENT_ASSETS_TDAYS":0.093616082925,"TOTAL_ASSETS_TDAYS":0.090863917405,"PREMIUM_EXPENSE":null,"LOAN_DEPOSIT":null,"LOAN_EQUITY":null,"LOAN_ASSETS":null,"DEPOSIT_EQUITY":null,"DEPOSIT_ASSETS":null,"EQUITY_MULTIPLIER":3.070935605834,"EQUITY_RATIO":1.84743048089},{"SECUCODE":"02330.HK","SECURITY_CODE":"02330","SECURITY_NAME_ABBR":"中国上城","ORG_CODE":"10010587","STD_REPORT_DATE":"2022-06-30 00:00:00","REPORT_DATE":"2022-06-30 00:00:00","DATE_TYPE_CODE":"002","REPORT_TYPE":"2022年中报","PER_NETCASH_OPERATE":-0.073317363559,"PER_OI":0.197556439987,"BPS":0.759191712638,"BASIC_EPS":-0.1671,"DILUTED_EPS":-0.1671,"OPERATE_INCOME":50272000,"OPERATE_INCOME_YOY":-5.188314505,"GROSS_PROFIT":7871000,"GROSS_PROFIT_YOY":-35.552280356997,"HOLDER_PROFIT":-42531000,"HOLDER_PROFIT_YOY":-583.338688946,"GROSS_PROFIT_RATIO":15.656826861871,"EPS_TTM":-1.71821679911,"OPERATE_INCOME_QOQ":-1.581270764597,"NET_PROFIT_RATIO":-118.2706078931,"ROE_AVG":-16.225619700713,"GROSS_PROFIT_QOQ":-22.76397189892,"ROA":-6.333263594121,"HOLDER_PROFIT_QOQ":-9.055785855744,"ROE_YEARLY":-32.451239401425,"ROIC_YEARLY":-12.988706534818,"TOTAL_ASSETS":620889000,"TOTAL_LIABILITIES":402757000,"TAX_EBT":-6.150467756909,"OCF_SALES":-37.112110120942,"TOTAL_PARENT_EQUITY":240138000,"DEBT_ASSET_RATIO":64.8677944045,"OPERATE_PROFIT":-55615000,"PRETAX_PROFIT":-56012000,"NETCASH_OPERATE":-18657000,"NETCASH_INVEST":-1787000,"NETCASH_FINANCE":120000,"END_CASH":17521000,"DIVI_RATIO":null,"DIVIDEND_RATE":null,"CURRENT_RATIO":1.521625934961,"COMMON_ACS":30000000000,"CURRENTDEBT_DEBT":98.323803186537,"ISSUED_COMMON_SHARES":316307457,"HK_COMMON_SHARES":316307457,"PER_SHARES":8000,"TOTAL_MARKET_CAP":26886133.845,"HKSK_MARKET_CAP":26886133.845,"PE_TTM":-0.805206195276,"PB_TTM":0.147562339966,"REPORT_DATE_SQ":"2021-06-30 00:00:00","REPORT_TYPE_SQ":"2021年中报","OPERATE_INCOME_SQ":53023000,"DPS_HKD":null,"OPERATE_INCOME_QOQ_SQ":-20.199534733488,"NET_PROFIT_RATIO_SQ":-12.0061105558,"HOLDER_PROFIT_SQ":-6224000,"HOLDER_PROFIT_QOQ_SQ":-100.938906752412,"ROE_AVG_SQ":-0.912533703195,"PE_TTM_SQ":-0.684796951479,"PB_TTM_SQ":0.162105559706,"ROA_SQ":-0.576018953837,"START_DATE":"2022-01-01 00:00:00","FISCAL_YEAR":"12-31","CURRENCY":"HKD","IS_CNY_CODE":0,"DPS_HKD_LY":null,"ORG_TYPE":"一般企业","PREMIUM_INCOME":null,"PREMIUM_INCOME_YOY":null,"NET_INTEREST_INCOME":null,"NET_INTEREST_INCOME_YOY":null,"FEE_COMMISSION_INCOME":null,"FEE_COMMISSION_INCOME_YOY":null,"ACCOUNTS_RECE_TDAYS":null,"INVENTORY_TDAYS":0.075115283297,"CURRENT_ASSETS_TDAYS":0.077127302547,"TOTAL_ASSETS_TDAYS":0.074859708778,"PREMIUM_EXPENSE":null,"LOAN_DEPOSIT":null,"LOAN_EQUITY":null,"LOAN_ASSETS":null,"DEPOSIT_EQUITY":null,"DEPOSIT_ASSETS":null,"EQUITY_MULTIPLIER":2.846391175987,"EQUITY_RATIO":1.677189782542},{"SECUCODE":"02330.HK","SECURITY_CODE":"02330","SECURITY_NAME_ABBR":"中国上城","ORG_CODE":"10010587","STD_REPORT_DATE":"2021-12-31 00:00:00","REPORT_DATE":"2021-12-31 00:00:00","DATE_TYPE_CODE":"001","REPORT_TYPE":"2021年年报","PER_NETCASH_OPERATE":-0.348199513079,"PER_OI":0.683674492567,"BPS":0.898198868577,"BASIC_EPS":-1.5755,"DILUTED_EPS":-1.5755,"OPERATE_INCOME":173974000,"OPERATE_INCOME_YOY":-36.8609390254,"GROSS_PROFIT":19074000,"GROSS_PROFIT_YOY":-61.076646804343,"HOLDER_PROFIT":-400926000,"HOLDER_PROFIT_YOY":-5056.6045016077,"GROSS_PROFIT_RATIO":10.963707220619,"EPS_TTM":-1.575539331203,"OPERATE_INCOME_QOQ":-20.878831014676,"NET_PROFIT_RATIO":-267.435363905,"ROE_AVG":-82.701389784184,"GROSS_PROFIT_QOQ":-45.964474914304,"ROA":-44.089755157721,"HOLDER_PROFIT_QOQ":-2466.25488062472,"ROE_YEARLY":-82.701389784184,"ROIC_YEARLY":-48.626384622009,"TOTAL_ASSETS":722210000,"TOTAL_LIABILITIES":444133000,"TAX_EBT":-8.705190778699,"OCF_SALES":-50.930598825112,"TOTAL_PARENT_EQUITY":284107000,"DEBT_ASSET_RATIO":61.4963791695,"OPERATE_PROFIT":-427205000,"PRETAX_PROFIT":-428009000,"NETCASH_OPERATE":-88606000,"NETCASH_INVEST":31837000,"NETCASH_FINANCE":20989000,"END_CASH":38183000,"DIVI_RATIO":null,"DIVIDEND_RATE":null,"CURRENT_RATIO":1.622206127025,"COMMON_ACS":30000000000,"CURRENTDEBT_DEBT":97.302159488261,"ISSUED_COMMON_SHARES":316307457,"HK_COMMON_SHARES":316307457,"PER_SHARES":8000,"TOTAL_MARKET_CAP":26886133.845,"HKSK_MARKET_CAP":26886133.845,"PE_TTM":-0.805206195276,"PB_TTM":0.147562339966,"REPORT_DATE_SQ":"2020-12-31 00:00:00","REPORT_TYPE_SQ":"2020年年报","OPERATE_INCOME_SQ":275541000,"DPS_HKD":null,"OPERATE_INCOME_QOQ_SQ":-20.42734697178,"NET_PROFIT_RATIO_SQ":-2.6170333997,"HOLDER_PROFIT_SQ":-7775000,"HOLDER_PROFIT_QOQ_SQ":-156.516682416224,"ROE_AVG_SQ":-1.180808781876,"PE_TTM_SQ":-0.684796951479,"PB_TTM_SQ":0.162105559706,"ROA_SQ":-0.682030705856,"START_DATE":"2021-01-01 00:00:00","FISCAL_YEAR":"12-31","CURRENCY":"HKD","IS_CNY_CODE":0,"DPS_HKD_LY":null,"ORG_TYPE":"一般企业","PREMIUM_INCOME":null,"PREMIUM_INCOME_YOY":null,"NET_INTEREST_INCOME":null,"NET_INTEREST_INCOME_YOY":null,"FEE_COMMISSION_INCOME":null,"FEE_COMMISSION_INCOME_YOY":null,"ACCOUNTS_RECE_TDAYS":null,"INVENTORY_TDAYS":0.211625031593,"CURRENT_ASSETS_TDAYS":0.203940030326,"TOTAL_ASSETS_TDAYS":0.191318873403,"PREMIUM_EXPENSE":null,"LOAN_DEPOSIT":null,"LOAN_EQUITY":null,"LOAN_ASSETS":null,"DEPOSIT_EQUITY":null,"DEPOSIT_ASSETS":null,"EQUITY_MULTIPLIER":2.597158341035,"EQUITY_RATIO":1.563259616975},{"SECUCODE":"02330.HK","SECURITY_CODE":"02330","SECURITY_NAME_ABBR":"中国上城","ORG_CODE":"10010587","STD_REPORT_DATE":"2021-06-30 00:00:00","REPORT_DATE":"2021-06-30 00:00:00","DATE_TYPE_CODE":"002","REPORT_TYPE":"2021年中报","PER_NETCASH_OPERATE":-0.194227940929,"PER_OI":0.208367184863,"BPS":2.145526401548,"BASIC_EPS":-0.0245,"DILUTED_EPS":-0.0245,"OPERATE_INCOME":53023000,"OPERATE_INCOME_YOY":-51.2122634131,"GROSS_PROFIT":12213000,"GROSS_PROFIT_YOY":-52.878308511459,"HOLDER_PROFIT":-6224000,"HOLDER_PROFIT_YOY":-483.2512315271,"GROSS_PROFIT_RATIO":23.03340059974,"EPS_TTM":-0.061394499163,"OPERATE_INCOME_QOQ":-20.199534733488,"NET_PROFIT_RATIO":-12.0061105558,"ROE_AVG":-0.912533703195,"GROSS_PROFIT_QOQ":-27.967104726145,"ROA":-0.576018953837,"HOLDER_PROFIT_QOQ":-100.938906752412,"ROE_YEARLY":-1.82506740639,"ROIC_YEARLY":-1.290533272857,"TOTAL_ASSETS":1064569000,"TOTAL_LIABILITIES":328350000,"TAX_EBT":-113.695871097684,"OCF_SALES":-93.214265507421,"TOTAL_PARENT_EQUITY":678646000,"DEBT_ASSET_RATIO":30.8434681078,"OPERATE_PROFIT":-2574000,"PRETAX_PROFIT":-2979000,"NETCASH_OPERATE":-49425000,"NETCASH_INVEST":4786000,"NETCASH_FINANCE":4849000,"END_CASH":33587000,"DIVI_RATIO":null,"DIVIDEND_RATE":null,"CURRENT_RATIO":3.289106551773,"COMMON_ACS":30000000000,"CURRENTDEBT_DEBT":89.983858687376,"ISSUED_COMMON_SHARES":316307457,"HK_COMMON_SHARES":316307457,"PER_SHARES":8000,"TOTAL_MARKET_CAP":26886133.845,"HKSK_MARKET_CAP":26886133.845,"PE_TTM":-0.805206195276,"PB_TTM":0.147562339966,"REPORT_DATE_SQ":"2020-06-30 00:00:00","REPORT_TYPE_SQ":"2020年中报","OPERATE_INCOME_SQ":108681000,"DPS_HKD":null,"OPERATE_INCOME_QOQ_SQ":-56.978896704924,"NET_PROFIT_RATIO_SQ":1.885334143,"HOLDER_PROFIT_SQ":1624000,"HOLDER_PROFIT_QOQ_SQ":-81.455569934218,"ROE_AVG_SQ":0.257087925179,"PE_TTM_SQ":-0.684796951479,"PB_TTM_SQ":0.162105559706,"ROA_SQ":0.136539546443,"START_DATE":"2021-01-01 00:00:00","FISCAL_YEAR":"12-31","CURRENCY":"HKD","IS_CNY_CODE":0,"DPS_HKD_LY":null,"ORG_TYPE":"一般企业","PREMIUM_INCOME":null,"PREMIUM_INCOME_YOY":null,"NET_INTEREST_INCOME":null,"NET_INTEREST_INCOME_YOY":null,"FEE_COMMISSION_INCOME":null,"FEE_COMMISSION_INCOME_YOY":null,"ACCOUNTS_RECE_TDAYS":null,"INVENTORY_TDAYS":0.047313884904,"CURRENT_ASSETS_TDAYS":0.053642653107,"TOTAL_ASSETS_TDAYS":0.049071743235,"PREMIUM_EXPENSE":null,"LOAN_DEPOSIT":null,"LOAN_EQUITY":null,"LOAN_ASSETS":null,"DEPOSIT_EQUITY":null,"DEPOSIT_ASSETS":null,"EQUITY_MULTIPLIER":1.445995009638,"EQUITY_RATIO":0.483831040041},{"SECUCODE":"02330.HK","SECURITY_CODE":"02330","SECURITY_NAME_ABBR":"中国上城","ORG_CODE":"10010587","STD_REPORT_DATE":"2020-12-31 00:00:00","REPORT_DATE":"2020-12-31 00:00:00","DATE_TYPE_CODE":"001","REPORT_TYPE":"2020年年报","PER_NETCASH_OPERATE":-0.559219279836,"PER_OI":1.082807507767,"BPS":2.167094024596,"BASIC_EPS":-0.0426,"DILUTED_EPS":-0.0426,"OPERATE_INCOME":275541000,"OPERATE_INCOME_YOY":-65.7669667461,"GROSS_PROFIT":49004000,"GROSS_PROFIT_YOY":-72.827183906134,"HOLDER_PROFIT":-7775000,"HOLDER_PROFIT_YOY":-110.4806966462,"GROSS_PROFIT_RATIO":17.784649108481,"EPS_TTM":-0.030553813672,"OPERATE_INCOME_QOQ":-20.42734697178,"NET_PROFIT_RATIO":-2.6170333997,"ROE_AVG":-1.180808781876,"GROSS_PROFIT_QOQ":-35.241568876203,"ROA":-0.682030705856,"HOLDER_PROFIT_QOQ":-156.516682416224,"ROE_YEARLY":-1.180808781876,"ROIC_YEARLY":-0.768389209147,"TOTAL_ASSETS":1096471000,"TOTAL_LIABILITIES":353288000,"TAX_EBT":198.889193636862,"OCF_SALES":-51.645308683644,"TOTAL_PARENT_EQUITY":685468000,"DEBT_ASSET_RATIO":32.220460003,"OPERATE_PROFIT":8122000,"PRETAX_PROFIT":7292000,"NETCASH_OPERATE":-142304000,"NETCASH_INVEST":21069000,"NETCASH_FINANCE":133554000,"END_CASH":73809000,"DIVI_RATIO":null,"DIVIDEND_RATE":null,"CURRENT_RATIO":3.150330833148,"COMMON_ACS":30000000000,"CURRENTDEBT_DEBT":90.306775208895,"ISSUED_COMMON_SHARES":316307457,"HK_COMMON_SHARES":316307457,"PER_SHARES":8000,"TOTAL_MARKET_CAP":26886133.845,"HKSK_MARKET_CAP":26886133.845,"PE_TTM":-0.805206195276,"PB_TTM":0.147562339966,"REPORT_DATE_SQ":"2019-12-31 00:00:00","REPORT_TYPE_SQ":"2019年年报","OPERATE_INCOME_SQ":804898000,"DPS_HKD":null,"OPERATE_INCOME_QOQ_SQ":26.880072890411,"NET_PROFIT_RATIO_SQ":10.4805826328,"HOLDER_PROFIT_SQ":74184000,"HOLDER_PROFIT_QOQ_SQ":51.220009376847,"ROE_AVG_SQ":12.484181049571,"PE_TTM_SQ":-0.684796951479,"PB_TTM_SQ":0.162105559706,"ROA_SQ":5.456509338932,"START_DATE":"2020-01-01 00:00:00","FISCAL_YEAR":"12-31","CURRENCY":"HKD","IS_CNY_CODE":0,"DPS_HKD_LY":null,"ORG_TYPE":"一般企业","PREMIUM_INCOME":null,"PREMIUM_INCOME_YOY":null,"NET_INTEREST_INCOME":null,"NET_INTEREST_INCOME_YOY":null,"FEE_COMMISSION_INCOME":null,"FEE_COMMISSION_INCOME_YOY":null,"ACCOUNTS_RECE_TDAYS":null,"INVENTORY_TDAYS":0.268812942683,"CURRENT_ASSETS_TDAYS":0.264471289698,"TOTAL_ASSETS_TDAYS":0.241707296106,"PREMIUM_EXPENSE":null,"LOAN_DEPOSIT":null,"LOAN_EQUITY":null,"LOAN_ASSETS":null,"DEPOSIT_EQUITY":null,"DEPOSIT_ASSETS":null,"EQUITY_MULTIPLIER":1.475371476472,"EQUITY_RATIO":0.51539678001},{"SECUCODE":"02330.HK","SECURITY_CODE":"02330","SECURITY_NAME_ABBR":"中国上城","ORG_CODE":"10010587","STD_REPORT_DATE":"2020-06-30 00:00:00","REPORT_DATE":"2020-06-30 00:00:00","DATE_TYPE_CODE":"002","REPORT_TYPE":"2020年中报","PER_NETCASH_OPERATE":-0.078203946607,"PER_OI":0.059561333173,"BPS":1.99791369446,"BASIC_EPS":0.0089,"DILUTED_EPS":0.0089,"OPERATE_INCOME":108681000,"OPERATE_INCOME_YOY":-80.8425127313,"GROSS_PROFIT":25918000,"GROSS_PROFIT_YOY":-80.152847122247,"HOLDER_PROFIT":1624000,"HOLDER_PROFIT_YOY":-97.382798021,"GROSS_PROFIT_RATIO":23.847774680027,"EPS_TTM":0.007539360702,"OPERATE_INCOME_QOQ":-56.978896704924,"NET_PROFIT_RATIO":1.885334143,"ROE_AVG":0.257087925179,"GROSS_PROFIT_QOQ":-58.039724523406,"ROA":0.136539546443,"HOLDER_PROFIT_QOQ":-81.455569934218,"ROE_YEARLY":0.514175850357,"ROIC_YEARLY":0.298688501826,"TOTAL_ASSETS":1195313000,"TOTAL_LIABILITIES":505782000,"TAX_EBT":75.316226960607,"OCF_SALES":-131.299859221023,"TOTAL_PARENT_EQUITY":631955000,"DEBT_ASSET_RATIO":42.3137705354,"OPERATE_PROFIT":8712000,"PRETAX_PROFIT":8301000,"NETCASH_OPERATE":-142698000,"NETCASH_INVEST":17871000,"NETCASH_FINANCE":86996000,"END_CASH":25702000,"DIVI_RATIO":null,"DIVIDEND_RATE":null,"CURRENT_RATIO":2.346698941776,"COMMON_ACS":30000000000,"CURRENTDEBT_DEBT":92.296681178848,"ISSUED_COMMON_SHARES":316307457,"HK_COMMON_SHARES":316307457,"PER_SHARES":8000,"TOTAL_MARKET_CAP":26886133.845,"HKSK_MARKET_CAP":26886133.845,"PE_TTM":-0.805206195276,"PB_TTM":0.147562339966,"REPORT_DATE_SQ":"2019-06-30 00:00:00","REPORT_TYPE_SQ":"2019年中报","OPERATE_INCOME_SQ":567303000,"DPS_HKD":null,"OPERATE_INCOME_QOQ_SQ":602.903014925042,"NET_PROFIT_RATIO_SQ":12.3211053,"HOLDER_PROFIT_SQ":62051000,"HOLDER_PROFIT_QOQ_SQ":242.355126084559,"ROE_AVG_SQ":10.555036270126,"PE_TTM_SQ":-0.684796951479,"PB_TTM_SQ":0.162105559706,"ROA_SQ":4.440727795288,"START_DATE":"2020-01-01 00:00:00","FISCAL_YEAR":"12-31","CURRENCY":"HKD","IS_CNY_CODE":0,"DPS_HKD_LY":null,"ORG_TYPE":"一般企业","PREMIUM_INCOME":null,"PREMIUM_INCOME_YOY":null,"NET_INTEREST_INCOME":null,"NET_INTEREST_INCOME_YOY":null,"FEE_COMMISSION_INCOME":null,"FEE_COMMISSION_INCOME_YOY":null,"ACCOUNTS_RECE_TDAYS":null,"INVENTORY_TDAYS":0.090692817161,"CURRENT_ASSETS_TDAYS":0.099977599999,"TOTAL_ASSETS_TDAYS":0.091374719501,"PREMIUM_EXPENSE":null,"LOAN_DEPOSIT":null,"LOAN_EQUITY":null,"LOAN_ASSETS":null,"DEPOSIT_EQUITY":null,"DEPOSIT_ASSETS":null,"EQUITY_MULTIPLIER":1.73351596955,"EQUITY_RATIO":0.800344961271}],"count":50},"success":true,"message":"ok","code":0}