{"version":"e7d9923383537dde0e7863c77c9b2cdf","result":{"pages":5,"data":[{"SECUCODE":"02339.HK","SECURITY_CODE":"02339","SECURITY_NAME_ABBR":"京西国际","ORG_CODE":"10010592","STD_REPORT_DATE":"2024-06-30 00:00:00","REPORT_DATE":"2024-06-30 00:00:00","DATE_TYPE_CODE":"002","REPORT_TYPE":"2024年中报","PER_NETCASH_OPERATE":0.122571753102,"PER_OI":2.299800329515,"BPS":0.826090572593,"BASIC_EPS":-0.081958664,"DILUTED_EPS":-0.081958664,"OPERATE_INCOME":1320865177.84,"OPERATE_INCOME_YOY":1.1545235965,"GROSS_PROFIT":202377663.2,"GROSS_PROFIT_YOY":14.026509630332,"HOLDER_PROFIT":-47088811.92,"HOLDER_PROFIT_YOY":-327.116256548,"GROSS_PROFIT_RATIO":15.321598797157,"EPS_TTM":-0.20574174484,"OPERATE_INCOME_QOQ":0.072100982754,"NET_PROFIT_RATIO":-3.5649976023,"ROE_AVG":-6.316183797839,"GROSS_PROFIT_QOQ":6.889804130286,"ROA":-2.559308073101,"HOLDER_PROFIT_QOQ":-135.708347761218,"ROE_YEARLY":-12.632367595678,"ROIC_YEARLY":-5.450412512687,"TOTAL_ASSETS":1897965519.36,"TOTAL_LIABILITIES":1186281385.04,"TAX_EBT":-21.595060215409,"OCF_SALES":5.329669342568,"TOTAL_PARENT_EQUITY":711684134.32,"DEBT_ASSET_RATIO":62.5027890623,"OPERATE_PROFIT":-32798981.16,"PRETAX_PROFIT":-38725925.08,"NETCASH_OPERATE":70397746.44,"NETCASH_INVEST":-82100129.4,"NETCASH_FINANCE":-9836865.04,"END_CASH":99918381.04,"DIVI_RATIO":null,"DIVIDEND_RATE":null,"CURRENT_RATIO":1.257043917308,"COMMON_ACS":2000000000,"CURRENTDEBT_DEBT":69.362460358615,"ISSUED_COMMON_SHARES":861508602,"HK_COMMON_SHARES":861508602,"PER_SHARES":2000,"TOTAL_MARKET_CAP":232607322.54,"HKSK_MARKET_CAP":232607322.54,"PE_TTM":-1.794380376145,"PB_TTM":0.298300946864,"REPORT_DATE_SQ":"2023-06-30 00:00:00","REPORT_TYPE_SQ":"2023年中报","OPERATE_INCOME_SQ":1319095225.6,"DPS_HKD":null,"OPERATE_INCOME_QOQ_SQ":9.742457694039,"NET_PROFIT_RATIO_SQ":1.5878019459,"HOLDER_PROFIT_SQ":20944619.66,"HOLDER_PROFIT_QOQ_SQ":251.996838316006,"ROE_AVG_SQ":2.572327969835,"PE_TTM_SQ":24.552323442491,"PB_TTM_SQ":0.165738717364,"ROA_SQ":1.122960102464,"START_DATE":"2024-01-01 00:00:00","FISCAL_YEAR":"12-31","CURRENCY":"HKD","IS_CNY_CODE":0,"DPS_HKD_LY":null,"ORG_TYPE":"一般企业","PREMIUM_INCOME":null,"PREMIUM_INCOME_YOY":null,"NET_INTEREST_INCOME":null,"NET_INTEREST_INCOME_YOY":null,"FEE_COMMISSION_INCOME":null,"FEE_COMMISSION_INCOME_YOY":null,"ACCOUNTS_RECE_TDAYS":3.882315700808,"INVENTORY_TDAYS":6.570911537853,"CURRENT_ASSETS_TDAYS":1.327344907553,"TOTAL_ASSETS_TDAYS":0.717898960557,"PREMIUM_EXPENSE":null,"LOAN_DEPOSIT":null,"LOAN_EQUITY":null,"LOAN_ASSETS":null,"DEPOSIT_EQUITY":null,"DEPOSIT_ASSETS":null,"EQUITY_MULTIPLIER":2.666865014738,"EQUITY_RATIO":1.666865014735},{"SECUCODE":"02339.HK","SECURITY_CODE":"02339","SECURITY_NAME_ABBR":"京西国际","ORG_CODE":"10010592","STD_REPORT_DATE":"2023-12-31 00:00:00","REPORT_DATE":"2023-12-31 00:00:00","DATE_TYPE_CODE":"001","REPORT_TYPE":"2023年年报","PER_NETCASH_OPERATE":0.111618576189,"PER_OI":4.274172091354,"BPS":0.898252284056,"BASIC_EPS":-0.087268986,"DILUTED_EPS":-0.087268986,"OPERATE_INCOME":2454824015.42,"OPERATE_INCOME_YOY":9.2996634899,"GROSS_PROFIT":361326225.96,"GROSS_PROFIT_YOY":-6.817372113285,"HOLDER_PROFIT":-50132090.4,"HOLDER_PROFIT_YOY":-1032.4462640737,"GROSS_PROFIT_RATIO":14.719027665133,"EPS_TTM":-0.087286575462,"OPERATE_INCOME_QOQ":1.040395343173,"NET_PROFIT_RATIO":-2.0421867346,"ROE_AVG":-6.501038262347,"GROSS_PROFIT_QOQ":-4.202899620033,"ROA":-2.845015321786,"HOLDER_PROFIT_QOQ":-855.847086035622,"ROE_YEARLY":-6.501038262347,"ROIC_YEARLY":-3.047797027296,"TOTAL_ASSETS":1769230524.18,"TOTAL_LIABILITIES":995378454.7,"TAX_EBT":36.805309633421,"OCF_SALES":2.611466590571,"TOTAL_PARENT_EQUITY":773852069.48,"DEBT_ASSET_RATIO":56.2605291451,"OPERATE_PROFIT":-68425953.54,"PRETAX_PROFIT":-79329592.58,"NETCASH_OPERATE":64106909.02,"NETCASH_INVEST":-28567679.28,"NETCASH_FINANCE":-29614363.38,"END_CASH":123213296.08,"DIVI_RATIO":null,"DIVIDEND_RATE":null,"CURRENT_RATIO":1.521817719496,"COMMON_ACS":2000000000,"CURRENTDEBT_DEBT":62.657902283808,"ISSUED_COMMON_SHARES":861508602,"HK_COMMON_SHARES":861508602,"PER_SHARES":2000,"TOTAL_MARKET_CAP":137841376.32,"HKSK_MARKET_CAP":137841376.32,"PE_TTM":-1.063336519197,"PB_TTM":0.176770931475,"REPORT_DATE_SQ":"2022-12-31 00:00:00","REPORT_TYPE_SQ":"2022年年报","OPERATE_INCOME_SQ":2213862502.6,"DPS_HKD":null,"OPERATE_INCOME_QOQ_SQ":3.809729012381,"NET_PROFIT_RATIO_SQ":-0.1971045602,"HOLDER_PROFIT_SQ":-4363623.95,"HOLDER_PROFIT_QOQ_SQ":46.731879520805,"ROE_AVG_SQ":-0.559921966249,"PE_TTM_SQ":23.625820671076,"PB_TTM_SQ":0.159484426143,"ROA_SQ":-0.245334809193,"START_DATE":"2023-01-01 00:00:00","FISCAL_YEAR":"12-31","CURRENCY":"HKD","IS_CNY_CODE":0,"DPS_HKD_LY":null,"ORG_TYPE":"一般企业","PREMIUM_INCOME":null,"PREMIUM_INCOME_YOY":null,"NET_INTEREST_INCOME":null,"NET_INTEREST_INCOME_YOY":null,"FEE_COMMISSION_INCOME":null,"FEE_COMMISSION_INCOME_YOY":null,"ACCOUNTS_RECE_TDAYS":7.922256130997,"INVENTORY_TDAYS":12.925974004174,"CURRENT_ASSETS_TDAYS":2.682910547727,"TOTAL_ASSETS_TDAYS":1.393122026317,"PREMIUM_EXPENSE":null,"LOAN_DEPOSIT":null,"LOAN_EQUITY":null,"LOAN_ASSETS":null,"DEPOSIT_EQUITY":null,"DEPOSIT_ASSETS":null,"EQUITY_MULTIPLIER":2.286264512247,"EQUITY_RATIO":1.286264512246},{"SECUCODE":"02339.HK","SECURITY_CODE":"02339","SECURITY_NAME_ABBR":"京西国际","ORG_CODE":"10010592","STD_REPORT_DATE":"2023-06-30 00:00:00","REPORT_DATE":"2023-06-30 00:00:00","DATE_TYPE_CODE":"002","REPORT_TYPE":"2023年中报","PER_NETCASH_OPERATE":0.033388399098,"PER_OI":2.296718609433,"BPS":0.982770567577,"BASIC_EPS":0.036510408,"DILUTED_EPS":0.036510408,"OPERATE_INCOME":1319095225.6,"OPERATE_INCOME_YOY":10.8868655115,"GROSS_PROFIT":177482993.96,"GROSS_PROFIT_YOY":-5.62712647771,"HOLDER_PROFIT":20944619.66,"HOLDER_PROFIT_YOY":95.2806670678,"GROSS_PROFIT_RATIO":13.454903824648,"EPS_TTM":0.011548179132,"OPERATE_INCOME_QOQ":9.742457694039,"NET_PROFIT_RATIO":1.5878019459,"ROE_AVG":2.572327969835,"GROSS_PROFIT_QOQ":-2.72917706578,"ROA":1.122960102464,"HOLDER_PROFIT_QOQ":251.996838316006,"ROE_YEARLY":5.144655939669,"ROIC_YEARLY":2.382799829133,"TOTAL_ASSETS":1944756385.48,"TOTAL_LIABILITIES":1098091087.72,"TAX_EBT":473.634868421053,"OCF_SALES":1.453743569671,"TOTAL_PARENT_EQUITY":846665297.76,"DEBT_ASSET_RATIO":56.4641975683,"OPERATE_PROFIT":274750.04,"PRETAX_PROFIT":-5605638.4,"NETCASH_OPERATE":19176262.02,"NETCASH_INVEST":-15682879.8,"NETCASH_FINANCE":-14441894.72,"END_CASH":101083121.26,"DIVI_RATIO":null,"DIVIDEND_RATE":null,"CURRENT_RATIO":1.568155404754,"COMMON_ACS":2000000000,"CURRENTDEBT_DEBT":59.240613460463,"ISSUED_COMMON_SHARES":861508602,"HK_COMMON_SHARES":861508602,"PER_SHARES":2000,"TOTAL_MARKET_CAP":137841376.32,"HKSK_MARKET_CAP":137841376.32,"PE_TTM":-1.063336519197,"PB_TTM":0.176770931475,"REPORT_DATE_SQ":"2022-06-30 00:00:00","REPORT_TYPE_SQ":"2022年中报","OPERATE_INCOME_SQ":1103410607.88,"DPS_HKD":null,"OPERATE_INCOME_QOQ_SQ":0.247124242922,"NET_PROFIT_RATIO_SQ":0.9016068179,"HOLDER_PROFIT_SQ":9948425.27,"HOLDER_PROFIT_QOQ_SQ":-7.676934549003,"ROE_AVG_SQ":1.318641956346,"PE_TTM_SQ":23.625820671076,"PB_TTM_SQ":0.159484426143,"ROA_SQ":0.581315162466,"START_DATE":"2023-01-01 00:00:00","FISCAL_YEAR":"12-31","CURRENCY":"HKD","IS_CNY_CODE":0,"DPS_HKD_LY":null,"ORG_TYPE":"一般企业","PREMIUM_INCOME":null,"PREMIUM_INCOME_YOY":null,"NET_INTEREST_INCOME":null,"NET_INTEREST_INCOME_YOY":null,"FEE_COMMISSION_INCOME":null,"FEE_COMMISSION_INCOME_YOY":null,"ACCOUNTS_RECE_TDAYS":3.760031011215,"INVENTORY_TDAYS":6.566026529925,"CURRENT_ASSETS_TDAYS":1.376734124766,"TOTAL_ASSETS_TDAYS":0.70724192358,"PREMIUM_EXPENSE":null,"LOAN_DEPOSIT":null,"LOAN_EQUITY":null,"LOAN_ASSETS":null,"DEPOSIT_EQUITY":null,"DEPOSIT_ASSETS":null,"EQUITY_MULTIPLIER":2.29696007457,"EQUITY_RATIO":1.296960074572},{"SECUCODE":"02339.HK","SECURITY_CODE":"02339","SECURITY_NAME_ABBR":"京西国际","ORG_CODE":"10010592","STD_REPORT_DATE":"2022-12-31 00:00:00","REPORT_DATE":"2022-12-31 00:00:00","DATE_TYPE_CODE":"001","REPORT_TYPE":"2022年年报","PER_NETCASH_OPERATE":0.177332284246,"PER_OI":3.854626345217,"BPS":0.879209456762,"BASIC_EPS":-0.007592795,"DILUTED_EPS":-0.007592795,"OPERATE_INCOME":2213862502.6,"OPERATE_INCOME_YOY":-4.749313497,"GROSS_PROFIT":387761360.84,"GROSS_PROFIT_YOY":15.171411181486,"HOLDER_PROFIT":-4363623.95,"HOLDER_PROFIT_YOY":47.5013433638,"GROSS_PROFIT_RATIO":17.515151026074,"EPS_TTM":-0.007597644307,"OPERATE_INCOME_QOQ":3.809729012381,"NET_PROFIT_RATIO":-0.1971045602,"ROE_AVG":-0.559921966249,"GROSS_PROFIT_QOQ":13.43861339667,"ROA":-0.245334809193,"HOLDER_PROFIT_QOQ":46.731879520805,"ROE_YEARLY":-0.559921966249,"ROIC_YEARLY":-0.265852655044,"TOTAL_ASSETS":1729895962.76,"TOTAL_LIABILITIES":972449452.8,"TAX_EBT":148.028709074821,"OCF_SALES":4.600505168699,"TOTAL_PARENT_EQUITY":757446509.96,"DEBT_ASSET_RATIO":56.2143315976,"OPERATE_PROFIT":22532735.75,"PRETAX_PROFIT":9085449.17,"NETCASH_OPERATE":101848858.86,"NETCASH_INVEST":-42265963.32,"NETCASH_FINANCE":-92595474.93,"END_CASH":109675690.6,"DIVI_RATIO":null,"DIVIDEND_RATE":null,"CURRENT_RATIO":1.558621154127,"COMMON_ACS":2000000000,"CURRENTDEBT_DEBT":57.284593621399,"ISSUED_COMMON_SHARES":861508602,"HK_COMMON_SHARES":861508602,"PER_SHARES":2000,"TOTAL_MARKET_CAP":137841376.32,"HKSK_MARKET_CAP":137841376.32,"PE_TTM":-1.063336519197,"PB_TTM":0.176770931475,"REPORT_DATE_SQ":"2021-12-31 00:00:00","REPORT_TYPE_SQ":"2021年年报","OPERATE_INCOME_SQ":2127358408,"DPS_HKD":null,"OPERATE_INCOME_QOQ_SQ":-0.787356600606,"NET_PROFIT_RATIO_SQ":-0.3576157159,"HOLDER_PROFIT_SQ":-7607768,"HOLDER_PROFIT_QOQ_SQ":-196.619355334784,"ROE_AVG_SQ":-1.016584919255,"PE_TTM_SQ":23.625820671076,"PB_TTM_SQ":0.159484426143,"ROA_SQ":-0.433495177745,"START_DATE":"2022-01-01 00:00:00","FISCAL_YEAR":"12-31","CURRENCY":"HKD","IS_CNY_CODE":0,"DPS_HKD_LY":null,"ORG_TYPE":"一般企业","PREMIUM_INCOME":null,"PREMIUM_INCOME_YOY":null,"NET_INTEREST_INCOME":null,"NET_INTEREST_INCOME_YOY":null,"FEE_COMMISSION_INCOME":null,"FEE_COMMISSION_INCOME_YOY":null,"ACCOUNTS_RECE_TDAYS":7.419843991611,"INVENTORY_TDAYS":10.960712667651,"CURRENT_ASSETS_TDAYS":2.551540315465,"TOTAL_ASSETS_TDAYS":1.244693724476,"PREMIUM_EXPENSE":null,"LOAN_DEPOSIT":null,"LOAN_EQUITY":null,"LOAN_ASSETS":null,"DEPOSIT_EQUITY":null,"DEPOSIT_ASSETS":null,"EQUITY_MULTIPLIER":2.283852311697,"EQUITY_RATIO":1.283852311698},{"SECUCODE":"02339.HK","SECURITY_CODE":"02339","SECURITY_NAME_ABBR":"京西国际","ORG_CODE":"10010592","STD_REPORT_DATE":"2022-06-30 00:00:00","REPORT_DATE":"2022-06-30 00:00:00","DATE_TYPE_CODE":"002","REPORT_TYPE":"2022年中报","PER_NETCASH_OPERATE":0.063432824302,"PER_OI":1.921183268487,"BPS":0.861090799729,"BASIC_EPS":0.017360357,"DILUTED_EPS":0.017360357,"OPERATE_INCOME":1103410607.88,"OPERATE_INCOME_YOY":-2.236527756,"GROSS_PROFIT":188065688.09,"GROSS_PROFIT_YOY":2.811505708709,"HOLDER_PROFIT":9948425.27,"HOLDER_PROFIT_YOY":-8.0976457576,"GROSS_PROFIT_RATIO":17.044034808704,"EPS_TTM":-0.014263023058,"OPERATE_INCOME_QOQ":0.247124242922,"NET_PROFIT_RATIO":0.9016068179,"ROE_AVG":1.318641956346,"GROSS_PROFIT_QOQ":1.527520244589,"ROA":0.581315162466,"HOLDER_PROFIT_QOQ":-7.676934549003,"ROE_YEARLY":2.637283912693,"ROIC_YEARLY":1.268857180488,"TOTAL_ASSETS":1673246795.01,"TOTAL_LIABILITIES":931409663.94,"TAX_EBT":45.160986187715,"OCF_SALES":3.301758106168,"TOTAL_PARENT_EQUITY":741837131.07,"DEBT_ASSET_RATIO":55.6648108765,"OPERATE_PROFIT":24960430.53,"PRETAX_PROFIT":18141145.47,"NETCASH_OPERATE":36431949.19,"NETCASH_INVEST":-24979244.71,"NETCASH_FINANCE":-17450151.95,"END_CASH":128707805.38,"DIVI_RATIO":null,"DIVIDEND_RATE":null,"CURRENT_RATIO":1.543041953815,"COMMON_ACS":2000000000,"CURRENTDEBT_DEBT":59.234468739154,"ISSUED_COMMON_SHARES":861508602,"HK_COMMON_SHARES":861508602,"PER_SHARES":2000,"TOTAL_MARKET_CAP":137841376.32,"HKSK_MARKET_CAP":137841376.32,"PE_TTM":-1.063336519197,"PB_TTM":0.176770931475,"REPORT_DATE_SQ":"2021-06-30 00:00:00","REPORT_TYPE_SQ":"2021年中报","OPERATE_INCOME_SQ":1098153389.52,"DPS_HKD":null,"OPERATE_INCOME_QOQ_SQ":10.195142570879,"NET_PROFIT_RATIO_SQ":0.9591072377,"HOLDER_PROFIT_SQ":10532468.64,"HOLDER_PROFIT_QOQ_SQ":118.150501902883,"ROE_AVG_SQ":1.345810449966,"PE_TTM_SQ":23.625820671076,"PB_TTM_SQ":0.159484426143,"ROA_SQ":0.54582719037,"START_DATE":"2022-01-01 00:00:00","FISCAL_YEAR":"12-31","CURRENCY":"HKD","IS_CNY_CODE":0,"DPS_HKD_LY":null,"ORG_TYPE":"一般企业","PREMIUM_INCOME":null,"PREMIUM_INCOME_YOY":null,"NET_INTEREST_INCOME":null,"NET_INTEREST_INCOME_YOY":null,"FEE_COMMISSION_INCOME":null,"FEE_COMMISSION_INCOME_YOY":null,"ACCOUNTS_RECE_TDAYS":3.840813021683,"INVENTORY_TDAYS":5.893039619442,"CURRENT_ASSETS_TDAYS":1.312474156175,"TOTAL_ASSETS_TDAYS":0.644754621338,"PREMIUM_EXPENSE":null,"LOAN_DEPOSIT":null,"LOAN_EQUITY":null,"LOAN_ASSETS":null,"DEPOSIT_EQUITY":null,"DEPOSIT_ASSETS":null,"EQUITY_MULTIPLIER":2.255544680805,"EQUITY_RATIO":1.255544680807},{"SECUCODE":"02339.HK","SECURITY_CODE":"02339","SECURITY_NAME_ABBR":"京西国际","ORG_CODE":"10010592","STD_REPORT_DATE":"2021-12-31 00:00:00","REPORT_DATE":"2021-12-31 00:00:00","DATE_TYPE_CODE":"001","REPORT_TYPE":"2021年年报","PER_NETCASH_OPERATE":-0.094120811576,"PER_OI":3.704011317579,"BPS":0.851223664044,"BASIC_EPS":-0.01324512,"DILUTED_EPS":-0.01324512,"OPERATE_INCOME":2127358408,"OPERATE_INCOME_YOY":12.5420850663,"GROSS_PROFIT":336681956.8,"GROSS_PROFIT_YOY":4.487343833373,"HOLDER_PROFIT":-7607768,"HOLDER_PROFIT_YOY":81.9474623623,"GROSS_PROFIT_RATIO":15.8262921534,"EPS_TTM":-0.013246126589,"OPERATE_INCOME_QOQ":-0.787356600606,"NET_PROFIT_RATIO":-0.3576157159,"ROE_AVG":-1.016584919255,"GROSS_PROFIT_QOQ":-3.454042278566,"ROA":-0.433495177745,"HOLDER_PROFIT_QOQ":-196.619355334784,"ROE_YEARLY":-1.016584919255,"ROIC_YEARLY":-0.505111368779,"TOTAL_ASSETS":1672584760,"TOTAL_LIABILITIES":939248251.2,"TAX_EBT":171.264455847438,"OCF_SALES":-2.541050863678,"TOTAL_PARENT_EQUITY":733336508.8,"DEBT_ASSET_RATIO":56.1554949957,"OPERATE_PROFIT":25689809.6,"PRETAX_PROFIT":10675403.2,"NETCASH_OPERATE":-54057259.2,"NETCASH_INVEST":-35740566.4,"NETCASH_FINANCE":-65213411.2,"END_CASH":150900344,"DIVI_RATIO":null,"DIVIDEND_RATE":null,"CURRENT_RATIO":1.551646580953,"COMMON_ACS":2000000000,"CURRENTDEBT_DEBT":54.454742262926,"ISSUED_COMMON_SHARES":861508602,"HK_COMMON_SHARES":861508602,"PER_SHARES":2000,"TOTAL_MARKET_CAP":137841376.32,"HKSK_MARKET_CAP":137841376.32,"PE_TTM":-1.063336519197,"PB_TTM":0.176770931475,"REPORT_DATE_SQ":"2020-12-31 00:00:00","REPORT_TYPE_SQ":"2020年年报","OPERATE_INCOME_SQ":1945858213.76,"DPS_HKD":null,"OPERATE_INCOME_QOQ_SQ":-4.321566213443,"NET_PROFIT_RATIO_SQ":-2.2294271933,"HOLDER_PROFIT_SQ":-43381492.16,"HOLDER_PROFIT_QOQ_SQ":23.984381867159,"ROE_AVG_SQ":-5.433978177218,"PE_TTM_SQ":23.625820671076,"PB_TTM_SQ":0.159484426143,"ROA_SQ":-2.459616202717,"START_DATE":"2021-01-01 00:00:00","FISCAL_YEAR":"12-31","CURRENCY":"HKD","IS_CNY_CODE":0,"DPS_HKD_LY":null,"ORG_TYPE":"一般企业","PREMIUM_INCOME":null,"PREMIUM_INCOME_YOY":null,"NET_INTEREST_INCOME":null,"NET_INTEREST_INCOME_YOY":null,"FEE_COMMISSION_INCOME":null,"FEE_COMMISSION_INCOME_YOY":null,"ACCOUNTS_RECE_TDAYS":7.356659984676,"INVENTORY_TDAYS":10.917946979591,"CURRENT_ASSETS_TDAYS":2.393694043444,"TOTAL_ASSETS_TDAYS":1.2121815639,"PREMIUM_EXPENSE":null,"LOAN_DEPOSIT":null,"LOAN_EQUITY":null,"LOAN_ASSETS":null,"DEPOSIT_EQUITY":null,"DEPOSIT_ASSETS":null,"EQUITY_MULTIPLIER":2.280787523777,"EQUITY_RATIO":1.280787523775},{"SECUCODE":"02339.HK","SECURITY_CODE":"02339","SECURITY_NAME_ABBR":"京西国际","ORG_CODE":"10010592","STD_REPORT_DATE":"2021-06-30 00:00:00","REPORT_DATE":"2021-06-30 00:00:00","DATE_TYPE_CODE":"002","REPORT_TYPE":"2021年中报","PER_NETCASH_OPERATE":-0.044106077631,"PER_OI":1.912029758561,"BPS":0.915033537506,"BASIC_EPS":0.01830576,"DILUTED_EPS":0.01830576,"OPERATE_INCOME":1098153389.52,"OPERATE_INCOME_YOY":33.981939728,"GROSS_PROFIT":182922803.04,"GROSS_PROFIT_YOY":16.944571451685,"HOLDER_PROFIT":10532468.64,"HOLDER_PROFIT_YOY":128.3926248262,"GROSS_PROFIT_RATIO":16.657308968463,"EPS_TTM":0.013709599431,"OPERATE_INCOME_QOQ":10.195142570879,"NET_PROFIT_RATIO":0.9591072377,"ROE_AVG":1.345810449966,"GROSS_PROFIT_QOQ":8.225498300875,"ROA":0.54582719037,"HOLDER_PROFIT_QOQ":118.150501902883,"ROE_YEARLY":2.691620899932,"ROIC_YEARLY":1.292279122285,"TOTAL_ASSETS":1989346016.88,"TOTAL_LIABILITIES":1201036753.2,"TAX_EBT":51.390168970814,"OCF_SALES":-2.306767320645,"TOTAL_PARENT_EQUITY":788309263.68,"DEBT_ASSET_RATIO":60.3734465,"OPERATE_PROFIT":28408043.28,"PRETAX_PROFIT":21667363.2,"NETCASH_OPERATE":-25331843.52,"NETCASH_INVEST":-24828435.12,"NETCASH_FINANCE":-42970275.36,"END_CASH":246252411.84,"DIVI_RATIO":null,"DIVIDEND_RATE":null,"CURRENT_RATIO":1.504953452414,"COMMON_ACS":2000000000,"CURRENTDEBT_DEBT":51.259547669936,"ISSUED_COMMON_SHARES":861508602,"HK_COMMON_SHARES":861508602,"PER_SHARES":2000,"TOTAL_MARKET_CAP":137841376.32,"HKSK_MARKET_CAP":137841376.32,"PE_TTM":-1.063336519197,"PB_TTM":0.176770931475,"REPORT_DATE_SQ":"2020-06-30 00:00:00","REPORT_TYPE_SQ":"2020年中报","OPERATE_INCOME_SQ":899770370.4,"DPS_HKD":null,"OPERATE_INCOME_QOQ_SQ":-14.473840048181,"NET_PROFIT_RATIO_SQ":-4.5259305507,"HOLDER_PROFIT_SQ":-40722982.08,"HOLDER_PROFIT_QOQ_SQ":-1403.10753376776,"ROE_AVG_SQ":-4.806008426847,"PE_TTM_SQ":23.625820671076,"PB_TTM_SQ":0.159484426143,"ROA_SQ":-2.340910057533,"START_DATE":"2021-01-01 00:00:00","FISCAL_YEAR":"12-31","CURRENCY":"HKD","IS_CNY_CODE":0,"DPS_HKD_LY":null,"ORG_TYPE":"一般企业","PREMIUM_INCOME":null,"PREMIUM_INCOME_YOY":null,"NET_INTEREST_INCOME":null,"NET_INTEREST_INCOME_YOY":null,"FEE_COMMISSION_INCOME":null,"FEE_COMMISSION_INCOME_YOY":null,"ACCOUNTS_RECE_TDAYS":3.674169408856,"INVENTORY_TDAYS":5.130299115201,"CURRENT_ASSETS_TDAYS":1.139282204275,"TOTAL_ASSETS_TDAYS":0.5690992299,"PREMIUM_EXPENSE":null,"LOAN_DEPOSIT":null,"LOAN_EQUITY":null,"LOAN_ASSETS":null,"DEPOSIT_EQUITY":null,"DEPOSIT_ASSETS":null,"EQUITY_MULTIPLIER":2.52356036969,"EQUITY_RATIO":1.523560369687},{"SECUCODE":"02339.HK","SECURITY_CODE":"02339","SECURITY_NAME_ABBR":"京西国际","ORG_CODE":"10010592","STD_REPORT_DATE":"2020-12-31 00:00:00","REPORT_DATE":"2020-12-31 00:00:00","DATE_TYPE_CODE":"001","REPORT_TYPE":"2020年年报","PER_NETCASH_OPERATE":0.230464424544,"PER_OI":3.38799556251,"BPS":0.912167455804,"BASIC_EPS":-0.075495108,"DILUTED_EPS":-0.075495108,"OPERATE_INCOME":1945858213.76,"OPERATE_INCOME_YOY":-12.9060425995,"GROSS_PROFIT":322222715.64,"GROSS_PROFIT_YOY":-34.856635243981,"HOLDER_PROFIT":-43381492.16,"HOLDER_PROFIT_YOY":-1154.2851298834,"GROSS_PROFIT_RATIO":16.559413905979,"EPS_TTM":-0.075532894377,"OPERATE_INCOME_QOQ":-4.321566213443,"NET_PROFIT_RATIO":-2.2294271933,"ROE_AVG":-5.433978177218,"GROSS_PROFIT_QOQ":-17.812698408401,"ROA":-2.459616202717,"HOLDER_PROFIT_QOQ":23.984381867159,"ROE_YEARLY":-5.433978177218,"ROIC_YEARLY":-3.031757459403,"TOTAL_ASSETS":1891406630.68,"TOTAL_LIABILITIES":1105566521.04,"TAX_EBT":-23.585968782219,"OCF_SALES":6.802382715451,"TOTAL_PARENT_EQUITY":785840109.64,"DEBT_ASSET_RATIO":58.4520802194,"OPERATE_PROFIT":-24607870.32,"PRETAX_PROFIT":-35102279.48,"NETCASH_OPERATE":132364722.8,"NETCASH_INVEST":-71686687,"NETCASH_FINANCE":-30618021.56,"END_CASH":356948782.04,"DIVI_RATIO":null,"DIVIDEND_RATE":null,"CURRENT_RATIO":1.396561709002,"COMMON_ACS":2000000000,"CURRENTDEBT_DEBT":65.595172299339,"ISSUED_COMMON_SHARES":861508602,"HK_COMMON_SHARES":861508602,"PER_SHARES":2000,"TOTAL_MARKET_CAP":137841376.32,"HKSK_MARKET_CAP":137841376.32,"PE_TTM":-1.063336519197,"PB_TTM":0.176770931475,"REPORT_DATE_SQ":"2019-12-31 00:00:00","REPORT_TYPE_SQ":"2019年年报","OPERATE_INCOME_SQ":2377925047.08,"DPS_HKD":null,"OPERATE_INCOME_QOQ_SQ":-6.275619755018,"NET_PROFIT_RATIO_SQ":0.1841718445,"HOLDER_PROFIT_SQ":4379468.42,"HOLDER_PROFIT_QOQ_SQ":-95.581434493436,"ROE_AVG_SQ":0.493151458726,"PE_TTM_SQ":23.625820671076,"PB_TTM_SQ":0.159484426143,"ROA_SQ":0.237833530636,"START_DATE":"2020-01-01 00:00:00","FISCAL_YEAR":"12-31","CURRENCY":"HKD","IS_CNY_CODE":0,"DPS_HKD_LY":null,"ORG_TYPE":"一般企业","PREMIUM_INCOME":null,"PREMIUM_INCOME_YOY":null,"NET_INTEREST_INCOME":null,"NET_INTEREST_INCOME_YOY":null,"FEE_COMMISSION_INCOME":null,"FEE_COMMISSION_INCOME_YOY":null,"ACCOUNTS_RECE_TDAYS":6.44902183115,"INVENTORY_TDAYS":9.833534680063,"CURRENT_ASSETS_TDAYS":2.044110476448,"TOTAL_ASSETS_TDAYS":1.103250292337,"PREMIUM_EXPENSE":null,"LOAN_DEPOSIT":null,"LOAN_EQUITY":null,"LOAN_ASSETS":null,"DEPOSIT_EQUITY":null,"DEPOSIT_ASSETS":null,"EQUITY_MULTIPLIER":2.406859369327,"EQUITY_RATIO":1.406859369327},{"SECUCODE":"02339.HK","SECURITY_CODE":"02339","SECURITY_NAME_ABBR":"京西国际","ORG_CODE":"10010592","STD_REPORT_DATE":"2020-06-30 00:00:00","REPORT_DATE":"2020-06-30 00:00:00","DATE_TYPE_CODE":"002","REPORT_TYPE":"2020年中报","PER_NETCASH_OPERATE":-0.019077080788,"PER_OI":1.566618780668,"BPS":0.945623088834,"BASIC_EPS":-0.070882944,"DILUTED_EPS":-0.070882944,"OPERATE_INCOME":899770370.4,"OPERATE_INCOME_YOY":-30.3430465384,"GROSS_PROFIT":156418379.04,"GROSS_PROFIT_YOY":-39.605790240493,"HOLDER_PROFIT":-40722982.08,"HOLDER_PROFIT_YOY":-289.2194728577,"GROSS_PROFIT_RATIO":17.384255381789,"EPS_TTM":-0.099364967664,"OPERATE_INCOME_QOQ":-14.473840048181,"NET_PROFIT_RATIO":-4.5259305507,"ROE_AVG":-4.806008426847,"GROSS_PROFIT_QOQ":-20.737919977315,"ROA":-2.340910057533,"HOLDER_PROFIT_QOQ":-1403.10753376776,"ROE_YEARLY":-9.612016853693,"ROIC_YEARLY":-5.683713856076,"TOTAL_ASSETS":1703574734.4,"TOTAL_LIABILITIES":888912309.12,"TAX_EBT":-24.111244119039,"OCF_SALES":-1.217723228109,"TOTAL_PARENT_EQUITY":814662425.28,"DEBT_ASSET_RATIO":52.1792376448,"OPERATE_PROFIT":-27739345.92,"PRETAX_PROFIT":-32811678.24,"NETCASH_OPERATE":-10956712.8,"NETCASH_INVEST":-31744780.32,"NETCASH_FINANCE":-8325092.16,"END_CASH":278215555.2,"DIVI_RATIO":null,"DIVIDEND_RATE":null,"CURRENT_RATIO":1.627984485581,"COMMON_ACS":2000000000,"CURRENTDEBT_DEBT":59.690715081365,"ISSUED_COMMON_SHARES":861508602,"HK_COMMON_SHARES":861508602,"PER_SHARES":2000,"TOTAL_MARKET_CAP":137841376.32,"HKSK_MARKET_CAP":137841376.32,"PE_TTM":-1.063336519197,"PB_TTM":0.176770931475,"REPORT_DATE_SQ":"2019-06-30 00:00:00","REPORT_TYPE_SQ":"2019年中报","OPERATE_INCOME_SQ":1243947438.18,"DPS_HKD":null,"OPERATE_INCOME_QOQ_SQ":-15.290020978768,"NET_PROFIT_RATIO_SQ":1.666120981,"HOLDER_PROFIT_SQ":20725669.26,"HOLDER_PROFIT_QOQ_SQ":-6.41936372716,"ROE_AVG_SQ":2.334241000154,"PE_TTM_SQ":23.625820671076,"PB_TTM_SQ":0.159484426143,"ROA_SQ":1.075779170539,"START_DATE":"2020-01-01 00:00:00","FISCAL_YEAR":"12-31","CURRENCY":"HKD","IS_CNY_CODE":0,"DPS_HKD_LY":null,"ORG_TYPE":"一般企业","PREMIUM_INCOME":null,"PREMIUM_INCOME_YOY":null,"NET_INTEREST_INCOME":null,"NET_INTEREST_INCOME_YOY":null,"FEE_COMMISSION_INCOME":null,"FEE_COMMISSION_INCOME_YOY":null,"ACCOUNTS_RECE_TDAYS":3.160906907379,"INVENTORY_TDAYS":4.416492775253,"CURRENT_ASSETS_TDAYS":0.982868266906,"TOTAL_ASSETS_TDAYS":0.51722182462,"PREMIUM_EXPENSE":null,"LOAN_DEPOSIT":null,"LOAN_EQUITY":null,"LOAN_ASSETS":null,"DEPOSIT_EQUITY":null,"DEPOSIT_ASSETS":null,"EQUITY_MULTIPLIER":2.091141903118,"EQUITY_RATIO":1.09114190312}],"count":45},"success":true,"message":"ok","code":0}