{"version":"bb3e8200dde71ab9159f18d4f078337f","result":{"pages":2,"data":[{"SECUCODE":"02347.HK","SECURITY_CODE":"02347","SECURITY_NAME_ABBR":"友和集团","ORG_CODE":"10000226107","STD_REPORT_DATE":"2024-06-30 00:00:00","REPORT_DATE":"2024-09-30 00:00:00","DATE_TYPE_CODE":"002","REPORT_TYPE":"2024年中报","PER_NETCASH_OPERATE":-0.00102940353,"PER_OI":0.698899982096,"BPS":0.489499438356,"BASIC_EPS":0.020200096,"DILUTED_EPS":0.020200096,"OPERATE_INCOME":348987319.26,"OPERATE_INCOME_YOY":-2.3427997517,"GROSS_PROFIT":53192984.94,"GROSS_PROFIT_YOY":-1.644481456332,"HOLDER_PROFIT":10057663.87,"HOLDER_PROFIT_YOY":8.4605659827,"GROSS_PROFIT_RATIO":15.242096776694,"EPS_TTM":0.040616307033,"OPERATE_INCOME_QOQ":0,"NET_PROFIT_RATIO":2.8819568262,"ROE_AVG":4.086470642118,"GROSS_PROFIT_QOQ":0,"ROA":3.033274089345,"HOLDER_PROFIT_QOQ":0,"ROE_YEARLY":8.172941284236,"ROIC_YEARLY":15.279390358764,"TOTAL_ASSETS":327101777.75,"TOTAL_LIABILITIES":82676107.2,"TAX_EBT":13.636363636364,"OCF_SALES":-0.147289105257,"TOTAL_PARENT_EQUITY":244425670.55,"DEBT_ASSET_RATIO":25.2753463368,"OPERATE_PROFIT":12154325.62,"PRETAX_PROFIT":11645716.06,"NETCASH_OPERATE":-514020.3,"NETCASH_INVEST":19673450.64,"NETCASH_FINANCE":-16950946.63,"END_CASH":117585299.89,"DIVI_RATIO":1.002635467732,"DIVIDEND_RATE":6.923076923077,"CURRENT_RATIO":4.276918667518,"COMMON_ACS":2000000000,"CURRENTDEBT_DEBT":83.724912739965,"ISSUED_COMMON_SHARES":499338000,"HK_COMMON_SHARES":499338000,"PER_SHARES":2000,"TOTAL_MARKET_CAP":324569700,"HKSK_MARKET_CAP":324569700,"PE_TTM":14.005769396738,"PB_TTM":1.197475326975,"REPORT_DATE_SQ":"2023-06-30 00:00:00","REPORT_TYPE_SQ":"2023年中报","OPERATE_INCOME_SQ":363636581.14,"DPS_HKD":0.045,"OPERATE_INCOME_QOQ_SQ":0,"NET_PROFIT_RATIO_SQ":2.5948955027,"HOLDER_PROFIT_SQ":9435989.29,"HOLDER_PROFIT_QOQ_SQ":0,"ROE_AVG_SQ":3.893298702675,"PE_TTM_SQ":21.824250593748,"PB_TTM_SQ":1.290910471562,"ROA_SQ":2.977684020322,"START_DATE":"2024-04-01 00:00:00","FISCAL_YEAR":"3-31","CURRENCY":"HKD","IS_CNY_CODE":0,"DPS_HKD_LY":0.045,"ORG_TYPE":"一般企业","PREMIUM_INCOME":null,"PREMIUM_INCOME_YOY":null,"NET_INTEREST_INCOME":null,"NET_INTEREST_INCOME_YOY":null,"FEE_COMMISSION_INCOME":null,"FEE_COMMISSION_INCOME_YOY":null,"ACCOUNTS_RECE_TDAYS":57.053516143299,"INVENTORY_TDAYS":3.621816495426,"CURRENT_ASSETS_TDAYS":1.16326024519,"TOTAL_ASSETS_TDAYS":1.052505041632,"PREMIUM_EXPENSE":null,"LOAN_DEPOSIT":null,"LOAN_EQUITY":null,"LOAN_ASSETS":null,"DEPOSIT_EQUITY":null,"DEPOSIT_ASSETS":null,"EQUITY_MULTIPLIER":1.338246416647,"EQUITY_RATIO":0.338246416647},{"SECUCODE":"02347.HK","SECURITY_CODE":"02347","SECURITY_NAME_ABBR":"友和集团","ORG_CODE":"10000226107","STD_REPORT_DATE":"2023-12-31 00:00:00","REPORT_DATE":"2024-03-31 00:00:00","DATE_TYPE_CODE":"001","REPORT_TYPE":"2023年年报","PER_NETCASH_OPERATE":0.06285293388,"PER_OI":1.531757775671,"BPS":0.49890950168,"BASIC_EPS":0.04043213,"DILUTED_EPS":0.04043213,"OPERATE_INCOME":762542719.4,"OPERATE_INCOME_YOY":-1.6288610603,"GROSS_PROFIT":110447706.15,"GROSS_PROFIT_YOY":-3.836256316204,"HOLDER_PROFIT":20219691.2,"HOLDER_PROFIT_YOY":253.8632397271,"GROSS_PROFIT_RATIO":14.484133588857,"EPS_TTM":0.02808585488,"OPERATE_INCOME_QOQ":0,"NET_PROFIT_RATIO":2.6516142225,"ROE_AVG":8.265853324093,"GROSS_PROFIT_QOQ":0,"ROA":6.199111434754,"HOLDER_PROFIT_QOQ":0,"ROE_YEARLY":8.265853324093,"ROIC_YEARLY":15.928299798254,"TOTAL_ASSETS":337827670.6,"TOTAL_LIABILITIES":88703197.85,"TAX_EBT":15.412621359223,"OCF_SALES":4.103320699806,"TOTAL_PARENT_EQUITY":249124472.75,"DEBT_ASSET_RATIO":26.2569367667,"OPERATE_PROFIT":25001742.45,"PRETAX_PROFIT":23903910.4,"NETCASH_OPERATE":31289573.25,"NETCASH_INVEST":-11213116.95,"NETCASH_FINANCE":-21247718.9,"END_CASH":115985820.1,"DIVI_RATIO":1.449959425269,"DIVIDEND_RATE":6.923076923077,"CURRENT_RATIO":4.213625851616,"COMMON_ACS":2000000000,"CURRENTDEBT_DEBT":81.755189223993,"ISSUED_COMMON_SHARES":499338000,"HK_COMMON_SHARES":499338000,"PER_SHARES":2000,"TOTAL_MARKET_CAP":324569700,"HKSK_MARKET_CAP":324569700,"PE_TTM":14.005769396738,"PB_TTM":1.197475326975,"REPORT_DATE_SQ":"2022-12-31 00:00:00","REPORT_TYPE_SQ":"2022年年报","OPERATE_INCOME_SQ":748542081.16,"DPS_HKD":0.045,"OPERATE_INCOME_QOQ_SQ":0,"NET_PROFIT_RATIO_SQ":0.73712746,"HOLDER_PROFIT_SQ":5517709.23,"HOLDER_PROFIT_QOQ_SQ":0,"ROE_AVG_SQ":3.668726190095,"PE_TTM_SQ":20.86141600873,"PB_TTM_SQ":1.233958538993,"ROA_SQ":2.146717936317,"START_DATE":"2023-04-01 00:00:00","FISCAL_YEAR":"3-31","CURRENCY":"HKD","IS_CNY_CODE":0,"DPS_HKD_LY":0.024,"ORG_TYPE":"一般企业","PREMIUM_INCOME":null,"PREMIUM_INCOME_YOY":null,"NET_INTEREST_INCOME":null,"NET_INTEREST_INCOME_YOY":null,"FEE_COMMISSION_INCOME":null,"FEE_COMMISSION_INCOME_YOY":null,"ACCOUNTS_RECE_TDAYS":100.130706505565,"INVENTORY_TDAYS":9.020132797462,"CURRENT_ASSETS_TDAYS":2.625182965841,"TOTAL_ASSETS_TDAYS":2.337863246557,"PREMIUM_EXPENSE":null,"LOAN_DEPOSIT":null,"LOAN_EQUITY":null,"LOAN_ASSETS":null,"DEPOSIT_EQUITY":null,"DEPOSIT_ASSETS":null,"EQUITY_MULTIPLIER":1.356059751459,"EQUITY_RATIO":0.35605975146},{"SECUCODE":"02347.HK","SECURITY_CODE":"02347","SECURITY_NAME_ABBR":"友和集团","ORG_CODE":"10000226107","STD_REPORT_DATE":"2023-06-30 00:00:00","REPORT_DATE":"2023-09-30 00:00:00","DATE_TYPE_CODE":"002","REPORT_TYPE":"2023年中报","PER_NETCASH_OPERATE":0.03627758442,"PER_OI":0.72727316228,"BPS":0.484011610172,"BASIC_EPS":0.018903178,"DILUTED_EPS":0.018903178,"OPERATE_INCOME":363636581.14,"OPERATE_INCOME_YOY":-11.5845604641,"GROSS_PROFIT":54082359.31,"GROSS_PROFIT_YOY":-11.857852614663,"HOLDER_PROFIT":9435989.29,"HOLDER_PROFIT_YOY":921.1519364449,"GROSS_PROFIT_RATIO":14.872639914404,"EPS_TTM":0.01103541846,"OPERATE_INCOME_QOQ":0,"NET_PROFIT_RATIO":2.5948955027,"ROE_AVG":3.893298702675,"GROSS_PROFIT_QOQ":0,"ROA":2.977684020322,"HOLDER_PROFIT_QOQ":0,"ROE_YEARLY":7.786597405351,"ROIC_YEARLY":15.625700425099,"TOTAL_ASSETS":315422465.68,"TOTAL_LIABILITIES":73737076.28,"TAX_EBT":10.504786771105,"OCF_SALES":4.988164874154,"TOTAL_PARENT_EQUITY":241685389.4,"DEBT_ASSET_RATIO":23.3772430004,"OPERATE_PROFIT":11078546.99,"PRETAX_PROFIT":10543568.7,"NETCASH_OPERATE":18138792.21,"NETCASH_INVEST":2053655.94,"NETCASH_FINANCE":-15034449.92,"END_CASH":123746993.65,"DIVI_RATIO":3.690240668952,"DIVIDEND_RATE":5.769230769231,"CURRENT_RATIO":5.095671716331,"COMMON_ACS":2000000000,"CURRENTDEBT_DEBT":74.754840957738,"ISSUED_COMMON_SHARES":499338000,"HK_COMMON_SHARES":499338000,"PER_SHARES":2000,"TOTAL_MARKET_CAP":389483640,"HKSK_MARKET_CAP":389483640,"PE_TTM":16.806923276085,"PB_TTM":1.43697039237,"REPORT_DATE_SQ":"2022-06-30 00:00:00","REPORT_TYPE_SQ":"2022年中报","OPERATE_INCOME_SQ":405370008,"DPS_HKD":0.045,"OPERATE_INCOME_QOQ_SQ":0,"NET_PROFIT_RATIO_SQ":0.2246764837,"HOLDER_PROFIT_SQ":910771.08,"HOLDER_PROFIT_QOQ_SQ":0,"ROE_AVG_SQ":0.598830882309,"PE_TTM_SQ":20.86141600873,"PB_TTM_SQ":1.233958538993,"ROA_SQ":0.339568306508,"START_DATE":"2023-04-01 00:00:00","FISCAL_YEAR":"3-31","CURRENCY":"HKD","IS_CNY_CODE":0,"DPS_HKD_LY":0.024,"ORG_TYPE":"一般企业","PREMIUM_INCOME":null,"PREMIUM_INCOME_YOY":null,"NET_INTEREST_INCOME":null,"NET_INTEREST_INCOME_YOY":null,"FEE_COMMISSION_INCOME":null,"FEE_COMMISSION_INCOME_YOY":null,"ACCOUNTS_RECE_TDAYS":55.096002780674,"INVENTORY_TDAYS":4.639476832941,"CURRENT_ASSETS_TDAYS":1.299574655084,"TOTAL_ASSETS_TDAYS":1.147515966357,"PREMIUM_EXPENSE":null,"LOAN_DEPOSIT":null,"LOAN_EQUITY":null,"LOAN_ASSETS":null,"DEPOSIT_EQUITY":null,"DEPOSIT_ASSETS":null,"EQUITY_MULTIPLIER":1.305095299566,"EQUITY_RATIO":0.305095299567},{"SECUCODE":"02347.HK","SECURITY_CODE":"02347","SECURITY_NAME_ABBR":"友和集团","ORG_CODE":"10000226107","STD_REPORT_DATE":"2022-12-31 00:00:00","REPORT_DATE":"2023-03-31 00:00:00","DATE_TYPE_CODE":"001","REPORT_TYPE":"2022年年报","PER_NETCASH_OPERATE":-0.01884407566,"PER_OI":1.49708416232,"BPS":0.464338720486,"BASIC_EPS":0.011467871,"DILUTED_EPS":0.011467871,"OPERATE_INCOME":748542081.16,"OPERATE_INCOME_YOY":8.2300703496,"GROSS_PROFIT":114853792,"GROSS_PROFIT_YOY":15.373137857618,"HOLDER_PROFIT":5517709.23,"HOLDER_PROFIT_YOY":2901.3333333333,"GROSS_PROFIT_RATIO":15.343665358401,"EPS_TTM":0.03302123106,"OPERATE_INCOME_QOQ":0,"NET_PROFIT_RATIO":0.73712746,"ROE_AVG":3.668726190095,"GROSS_PROFIT_QOQ":0,"ROA":2.146717936317,"HOLDER_PROFIT_QOQ":0,"ROE_YEARLY":3.668726190095,"ROIC_YEARLY":6.823607104,"TOTAL_ASSETS":303710368.35,"TOTAL_LIABILITIES":71848400.34,"TAX_EBT":35.65741118824,"OCF_SALES":-1.258718523266,"TOTAL_PARENT_EQUITY":231861968.01,"DEBT_ASSET_RATIO":23.6568809719,"OPERATE_PROFIT":9338873.88,"PRETAX_PROFIT":8575516.36,"NETCASH_OPERATE":-9422037.83,"NETCASH_INVEST":-75291387.87,"NETCASH_FINANCE":87320396.68,"END_CASH":113132735.94,"DIVI_RATIO":1.233247480265,"DIVIDEND_RATE":6.923076923077,"CURRENT_RATIO":5.14239038429,"COMMON_ACS":2000000000,"CURRENTDEBT_DEBT":71.971635353462,"ISSUED_COMMON_SHARES":499338000,"HK_COMMON_SHARES":499338000,"PER_SHARES":2000,"TOTAL_MARKET_CAP":324569700,"HKSK_MARKET_CAP":324569700,"PE_TTM":14.005769396738,"PB_TTM":1.197475326975,"REPORT_DATE_SQ":"2021-12-31 00:00:00","REPORT_TYPE_SQ":"2021年年报","OPERATE_INCOME_SQ":640741694.54,"DPS_HKD":0.045,"OPERATE_INCOME_QOQ_SQ":0,"NET_PROFIT_RATIO_SQ":-0.028479066,"HOLDER_PROFIT_SQ":-182477.25,"HOLDER_PROFIT_QOQ_SQ":0,"ROE_AVG_SQ":-0.285321176538,"PE_TTM_SQ":20.86141600873,"PB_TTM_SQ":1.233958538993,"ROA_SQ":-0.117633527124,"START_DATE":"2022-04-01 00:00:00","FISCAL_YEAR":"3-31","CURRENCY":"HKD","IS_CNY_CODE":0,"DPS_HKD_LY":null,"ORG_TYPE":"一般企业","PREMIUM_INCOME":null,"PREMIUM_INCOME_YOY":null,"NET_INTEREST_INCOME":null,"NET_INTEREST_INCOME_YOY":null,"FEE_COMMISSION_INCOME":null,"FEE_COMMISSION_INCOME_YOY":null,"ACCOUNTS_RECE_TDAYS":116.202486919889,"INVENTORY_TDAYS":9.633697098749,"CURRENT_ASSETS_TDAYS":3.317501270626,"TOTAL_ASSETS_TDAYS":2.912275085062,"PREMIUM_EXPENSE":null,"LOAN_DEPOSIT":null,"LOAN_EQUITY":null,"LOAN_ASSETS":null,"DEPOSIT_EQUITY":null,"DEPOSIT_ASSETS":null,"EQUITY_MULTIPLIER":1.309875746145,"EQUITY_RATIO":0.309875746146},{"SECUCODE":"02347.HK","SECURITY_CODE":"02347","SECURITY_NAME_ABBR":"友和集团","ORG_CODE":"10000226107","STD_REPORT_DATE":"2022-06-30 00:00:00","REPORT_DATE":"2022-09-30 00:00:00","DATE_TYPE_CODE":"002","REPORT_TYPE":"2022年中报","PER_NETCASH_OPERATE":-0.03121584216,"PER_OI":0.810740016,"BPS":0.466541776192,"BASIC_EPS":0.002441988,"DILUTED_EPS":0.002441988,"OPERATE_INCOME":405370008,"OPERATE_INCOME_YOY":30.0261096606,"GROSS_PROFIT":61358114.04,"GROSS_PROFIT_YOY":47.493632628446,"HOLDER_PROFIT":910771.08,"HOLDER_PROFIT_YOY":105.3153866456,"GROSS_PROFIT_RATIO":15.136323070058,"EPS_TTM":-0.0003649545,"OPERATE_INCOME_QOQ":0,"NET_PROFIT_RATIO":0.2246764837,"ROE_AVG":0.598830882309,"GROSS_PROFIT_QOQ":0,"ROA":0.339568306508,"HOLDER_PROFIT_QOQ":0,"ROE_YEARLY":1.197661764618,"ROIC_YEARLY":2.131555273324,"TOTAL_ASSETS":319103616.36,"TOTAL_LIABILITIES":86141578.92,"TAX_EBT":68.697544295928,"OCF_SALES":-3.850290049085,"TOTAL_PARENT_EQUITY":232962037.44,"DEBT_ASSET_RATIO":26.9948613879,"OPERATE_PROFIT":3161922.24,"PRETAX_PROFIT":2909583.48,"NETCASH_OPERATE":-15607921.08,"NETCASH_INVEST":-1909272.84,"NETCASH_FINANCE":94703912.4,"END_CASH":191377695.12,"DIVI_RATIO":-111.584731795333,"DIVIDEND_RATE":6.923076923077,"CURRENT_RATIO":4.197445905697,"COMMON_ACS":2000000000,"CURRENTDEBT_DEBT":77.201474124083,"ISSUED_COMMON_SHARES":499338000,"HK_COMMON_SHARES":499338000,"PER_SHARES":2000,"TOTAL_MARKET_CAP":324569700,"HKSK_MARKET_CAP":324569700,"PE_TTM":14.005769396738,"PB_TTM":1.197475326975,"REPORT_DATE_SQ":"2021-06-30 00:00:00","REPORT_TYPE_SQ":"2021年中报","OPERATE_INCOME_SQ":287155782,"DPS_HKD":0.045,"OPERATE_INCOME_QOQ_SQ":0,"NET_PROFIT_RATIO_SQ":-5.4960835509,"HOLDER_PROFIT_SQ":-15782321.7,"HOLDER_PROFIT_QOQ_SQ":0,"ROE_AVG_SQ":null,"PE_TTM_SQ":20.86141600873,"PB_TTM_SQ":1.233958538993,"ROA_SQ":null,"START_DATE":"2022-04-01 00:00:00","FISCAL_YEAR":"3-31","CURRENCY":"HKD","IS_CNY_CODE":0,"DPS_HKD_LY":null,"ORG_TYPE":"一般企业","PREMIUM_INCOME":null,"PREMIUM_INCOME_YOY":null,"NET_INTEREST_INCOME":null,"NET_INTEREST_INCOME_YOY":null,"FEE_COMMISSION_INCOME":null,"FEE_COMMISSION_INCOME_YOY":null,"ACCOUNTS_RECE_TDAYS":66.985502914363,"INVENTORY_TDAYS":4.65464535709,"CURRENT_ASSETS_TDAYS":1.722630374332,"TOTAL_ASSETS_TDAYS":1.511365590636,"PREMIUM_EXPENSE":null,"LOAN_DEPOSIT":null,"LOAN_EQUITY":null,"LOAN_ASSETS":null,"DEPOSIT_EQUITY":null,"DEPOSIT_ASSETS":null,"EQUITY_MULTIPLIER":1.369766593162,"EQUITY_RATIO":0.369766593161},{"SECUCODE":"02347.HK","SECURITY_CODE":"02347","SECURITY_NAME_ABBR":"友和集团","ORG_CODE":"10000226107","STD_REPORT_DATE":"2021-12-31 00:00:00","REPORT_DATE":"2022-03-31 00:00:00","DATE_TYPE_CODE":"001","REPORT_TYPE":"2021年年报","PER_NETCASH_OPERATE":0.177029839409,"PER_OI":3.531986593101,"BPS":0.127896922445,"BASIC_EPS":-0.000405505,"DILUTED_EPS":-0.000405505,"OPERATE_INCOME":640741694.54,"OPERATE_INCOME_YOY":51.0535744672,"GROSS_PROFIT":99549855.48,"GROSS_PROFIT_YOY":29.34636783638,"HOLDER_PROFIT":-182477.25,"HOLDER_PROFIT_YOY":-100.7830717294,"GROSS_PROFIT_RATIO":15.536659519476,"EPS_TTM":0.000377626338,"OPERATE_INCOME_QOQ":0,"NET_PROFIT_RATIO":-0.028479066,"ROE_AVG":-0.285321176538,"GROSS_PROFIT_QOQ":0,"ROA":-0.117633527124,"HOLDER_PROFIT_QOQ":0,"ROE_YEARLY":-0.285321176538,"ROIC_YEARLY":-0.297066958893,"TOTAL_ASSETS":194875159.87,"TOTAL_LIABILITIES":131011366.41,"TAX_EBT":105,"OCF_SALES":5.012189040243,"TOTAL_PARENT_EQUITY":63863793.46,"DEBT_ASSET_RATIO":67.2283560908,"OPERATE_PROFIT":3989358.19,"PRETAX_PROFIT":3649545,"NETCASH_OPERATE":32115184.99,"NETCASH_INVEST":-3689284.49,"NETCASH_FINANCE":43506631.45,"END_CASH":102394878.56,"DIVI_RATIO":107.840332821839,"DIVIDEND_RATE":6.923076923077,"CURRENT_RATIO":1.425034156453,"COMMON_ACS":2000000000,"CURRENTDEBT_DEBT":91.977268928631,"ISSUED_COMMON_SHARES":499338000,"HK_COMMON_SHARES":499338000,"PER_SHARES":2000,"TOTAL_MARKET_CAP":324569700,"HKSK_MARKET_CAP":324569700,"PE_TTM":14.005769396738,"PB_TTM":1.197475326975,"REPORT_DATE_SQ":"2020-12-31 00:00:00","REPORT_TYPE_SQ":"2020年年报","OPERATE_INCOME_SQ":442053650.22,"DPS_HKD":0.045,"OPERATE_INCOME_QOQ_SQ":0,"NET_PROFIT_RATIO_SQ":5.493576838,"HOLDER_PROFIT_SQ":24284556.94,"HOLDER_PROFIT_QOQ_SQ":0,"ROE_AVG_SQ":38.47379555984,"PE_TTM_SQ":20.86141600873,"PB_TTM_SQ":1.233958538993,"ROA_SQ":23.270768794671,"START_DATE":"2021-04-01 00:00:00","FISCAL_YEAR":"3-31","CURRENCY":"HKD","IS_CNY_CODE":0,"DPS_HKD_LY":null,"ORG_TYPE":"一般企业","PREMIUM_INCOME":null,"PREMIUM_INCOME_YOY":null,"NET_INTEREST_INCOME":null,"NET_INTEREST_INCOME_YOY":null,"FEE_COMMISSION_INCOME":null,"FEE_COMMISSION_INCOME_YOY":null,"ACCOUNTS_RECE_TDAYS":115.538754021644,"INVENTORY_TDAYS":null,"CURRENT_ASSETS_TDAYS":4.75877376589,"TOTAL_ASSETS_TDAYS":4.130526161696,"PREMIUM_EXPENSE":null,"LOAN_DEPOSIT":null,"LOAN_EQUITY":null,"LOAN_ASSETS":null,"DEPOSIT_EQUITY":null,"DEPOSIT_ASSETS":null,"EQUITY_MULTIPLIER":3.051418484745,"EQUITY_RATIO":2.051418484748},{"SECUCODE":"02347.HK","SECURITY_CODE":"02347","SECURITY_NAME_ABBR":"友和集团","ORG_CODE":"10000226107","STD_REPORT_DATE":"2021-06-30 00:00:00","REPORT_DATE":"2021-09-30 00:00:00","DATE_TYPE_CODE":"002","REPORT_TYPE":"2021年中报","PER_NETCASH_OPERATE":null,"PER_OI":null,"BPS":null,"BASIC_EPS":-0.08663824,"DILUTED_EPS":-0.08663824,"OPERATE_INCOME":287155782,"OPERATE_INCOME_YOY":null,"GROSS_PROFIT":41600517.22,"GROSS_PROFIT_YOY":null,"HOLDER_PROFIT":-15782321.7,"HOLDER_PROFIT_YOY":null,"GROSS_PROFIT_RATIO":14.487090223383,"EPS_TTM":0.000377626338,"OPERATE_INCOME_QOQ":0,"NET_PROFIT_RATIO":-5.4960835509,"ROE_AVG":null,"GROSS_PROFIT_QOQ":0,"ROA":null,"HOLDER_PROFIT_QOQ":0,"ROE_YEARLY":null,"ROIC_YEARLY":null,"TOTAL_ASSETS":null,"TOTAL_LIABILITIES":null,"TAX_EBT":-6.750436693526,"OCF_SALES":1.213228894691,"TOTAL_PARENT_EQUITY":null,"DEBT_ASSET_RATIO":null,"OPERATE_PROFIT":-14603541.8,"PRETAX_PROFIT":-14784315.82,"NETCASH_OPERATE":3483856.92,"NETCASH_INVEST":-3728776.56,"NETCASH_FINANCE":48135039.86,"END_CASH":79180686.88,"DIVI_RATIO":107.840332821839,"DIVIDEND_RATE":6.923076923077,"CURRENT_RATIO":null,"COMMON_ACS":2000000000,"CURRENTDEBT_DEBT":null,"ISSUED_COMMON_SHARES":499338000,"HK_COMMON_SHARES":499338000,"PER_SHARES":2000,"TOTAL_MARKET_CAP":324569700,"HKSK_MARKET_CAP":324569700,"PE_TTM":14.005769396738,"PB_TTM":1.197475326975,"REPORT_DATE_SQ":"2020-06-30 00:00:00","REPORT_TYPE_SQ":"2020年中报","OPERATE_INCOME_SQ":null,"DPS_HKD":0.045,"OPERATE_INCOME_QOQ_SQ":0,"NET_PROFIT_RATIO_SQ":null,"HOLDER_PROFIT_SQ":null,"HOLDER_PROFIT_QOQ_SQ":0,"ROE_AVG_SQ":null,"PE_TTM_SQ":20.86141600873,"PB_TTM_SQ":1.233958538993,"ROA_SQ":null,"START_DATE":"2021-04-01 00:00:00","FISCAL_YEAR":"3-31","CURRENCY":"HKD","IS_CNY_CODE":0,"DPS_HKD_LY":null,"ORG_TYPE":"一般企业","PREMIUM_INCOME":null,"PREMIUM_INCOME_YOY":null,"NET_INTEREST_INCOME":null,"NET_INTEREST_INCOME_YOY":null,"FEE_COMMISSION_INCOME":null,"FEE_COMMISSION_INCOME_YOY":null,"ACCOUNTS_RECE_TDAYS":null,"INVENTORY_TDAYS":null,"CURRENT_ASSETS_TDAYS":5.730292249892,"TOTAL_ASSETS_TDAYS":4.846158712752,"PREMIUM_EXPENSE":null,"LOAN_DEPOSIT":null,"LOAN_EQUITY":null,"LOAN_ASSETS":null,"DEPOSIT_EQUITY":null,"DEPOSIT_ASSETS":null,"EQUITY_MULTIPLIER":null,"EQUITY_RATIO":null},{"SECUCODE":"02347.HK","SECURITY_CODE":"02347","SECURITY_NAME_ABBR":"友和集团","ORG_CODE":"10000226107","STD_REPORT_DATE":"2020-12-31 00:00:00","REPORT_DATE":"2021-03-31 00:00:00","DATE_TYPE_CODE":"001","REPORT_TYPE":"2020年年报","PER_NETCASH_OPERATE":0.00023651423,"PER_OI":0.006873961162,"BPS":0.133666393865,"BASIC_EPS":0.133284886,"DILUTED_EPS":null,"OPERATE_INCOME":442053650.22,"OPERATE_INCOME_YOY":101.2013710171,"GROSS_PROFIT":76963781.16,"GROSS_PROFIT_YOY":58.163429167655,"HOLDER_PROFIT":24284556.94,"HOLDER_PROFIT_YOY":56.8052826894,"GROSS_PROFIT_RATIO":17.41050687438,"EPS_TTM":0.000259654738,"OPERATE_INCOME_QOQ":0,"NET_PROFIT_RATIO":5.493576838,"ROE_AVG":38.47379555984,"GROSS_PROFIT_QOQ":0,"ROA":23.270768794671,"HOLDER_PROFIT_QOQ":0,"ROE_YEARLY":38.47379555984,"ROIC_YEARLY":34.783187661913,"TOTAL_ASSETS":120232771.26,"TOTAL_LIABILITIES":53488061.48,"TAX_EBT":14.832379879657,"OCF_SALES":3.440726996017,"TOTAL_PARENT_EQUITY":66744709.78,"DEBT_ASSET_RATIO":44.4870902662,"OPERATE_PROFIT":28713300.14,"PRETAX_PROFIT":28513837.66,"NETCASH_OPERATE":15209859.28,"NETCASH_INVEST":-485978.5,"NETCASH_FINANCE":-19496612.24,"END_CASH":31745805.98,"DIVI_RATIO":156.836537028231,"DIVIDEND_RATE":6.923076923077,"CURRENT_RATIO":2.383374935616,"COMMON_ACS":2000000000,"CURRENTDEBT_DEBT":79.761716651392,"ISSUED_COMMON_SHARES":499338000,"HK_COMMON_SHARES":499338000,"PER_SHARES":2000,"TOTAL_MARKET_CAP":324569700,"HKSK_MARKET_CAP":324569700,"PE_TTM":14.005769396738,"PB_TTM":1.197475326975,"REPORT_DATE_SQ":"2019-12-31 00:00:00","REPORT_TYPE_SQ":"2019年年报","OPERATE_INCOME_SQ":237519056.1,"DPS_HKD":0.045,"OPERATE_INCOME_QOQ_SQ":0,"NET_PROFIT_RATIO_SQ":7.048966544,"HOLDER_PROFIT_SQ":16742638.8,"HOLDER_PROFIT_QOQ_SQ":0,"ROE_AVG_SQ":38.180965775903,"PE_TTM_SQ":20.86141600873,"PB_TTM_SQ":1.233958538993,"ROA_SQ":25.880807610008,"START_DATE":"2020-04-01 00:00:00","FISCAL_YEAR":"3-31","CURRENCY":"HKD","IS_CNY_CODE":0,"DPS_HKD_LY":null,"ORG_TYPE":"一般企业","PREMIUM_INCOME":null,"PREMIUM_INCOME_YOY":null,"NET_INTEREST_INCOME":null,"NET_INTEREST_INCOME_YOY":null,"FEE_COMMISSION_INCOME":null,"FEE_COMMISSION_INCOME_YOY":null,"ACCOUNTS_RECE_TDAYS":106.371568029286,"INVENTORY_TDAYS":8.707168845305,"CURRENT_ASSETS_TDAYS":4.983459262718,"TOTAL_ASSETS_TDAYS":4.235995869526,"PREMIUM_EXPENSE":null,"LOAN_DEPOSIT":null,"LOAN_EQUITY":null,"LOAN_ASSETS":null,"DEPOSIT_EQUITY":null,"DEPOSIT_ASSETS":null,"EQUITY_MULTIPLIER":1.801382786086,"EQUITY_RATIO":0.801382786086},{"SECUCODE":"02347.HK","SECURITY_CODE":"02347","SECURITY_NAME_ABBR":"友和集团","ORG_CODE":"10000226107","STD_REPORT_DATE":"2019-12-31 00:00:00","REPORT_DATE":"2020-03-31 00:00:00","DATE_TYPE_CODE":"001","REPORT_TYPE":"2019年年报","PER_NETCASH_OPERATE":0.0001509268,"PER_OI":0.00368358591,"BPS":0.128806708282,"BASIC_EPS":0.04285253,"DILUTED_EPS":null,"OPERATE_INCOME":237519056.1,"OPERATE_INCOME_YOY":91.9577321262,"GROSS_PROFIT":48660920.9,"GROSS_PROFIT_YOY":72.662439685562,"HOLDER_PROFIT":16742638.8,"HOLDER_PROFIT_YOY":49.3155149935,"GROSS_PROFIT_RATIO":20.487164987517,"EPS_TTM":0.000351631969,"OPERATE_INCOME_QOQ":0,"NET_PROFIT_RATIO":7.048966544,"ROE_AVG":38.180965775903,"GROSS_PROFIT_QOQ":0,"ROA":25.880807610008,"HOLDER_PROFIT_QOQ":0,"ROE_YEARLY":38.180965775903,"ROIC_YEARLY":41.281892424669,"TOTAL_ASSETS":95653425.6,"TOTAL_LIABILITIES":31335341.5,"TAX_EBT":15.190224937517,"OCF_SALES":4.097279123534,"TOTAL_PARENT_EQUITY":64318084.1,"DEBT_ASSET_RATIO":32.759246523,"OPERATE_PROFIT":null,"PRETAX_PROFIT":19741402.2,"NETCASH_OPERATE":9731818.7,"NETCASH_INVEST":-717254.5,"NETCASH_FINANCE":21674791.4,"END_CASH":39479149.6,"DIVI_RATIO":115.812421958198,"DIVIDEND_RATE":6.923076923077,"CURRENT_RATIO":3.663940459639,"COMMON_ACS":2000000000,"CURRENTDEBT_DEBT":71.304854935122,"ISSUED_COMMON_SHARES":499338000,"HK_COMMON_SHARES":499338000,"PER_SHARES":2000,"TOTAL_MARKET_CAP":324569700,"HKSK_MARKET_CAP":324569700,"PE_TTM":14.005769396738,"PB_TTM":1.197475326975,"REPORT_DATE_SQ":"2018-12-31 00:00:00","REPORT_TYPE_SQ":"2018年年报","OPERATE_INCOME_SQ":116163637.38,"DPS_HKD":0.045,"OPERATE_INCOME_QOQ_SQ":null,"NET_PROFIT_RATIO_SQ":9.0620430949,"HOLDER_PROFIT_SQ":10526798.88,"HOLDER_PROFIT_QOQ_SQ":null,"ROE_AVG_SQ":47.95248515161,"PE_TTM_SQ":20.86141600873,"PB_TTM_SQ":1.233958538993,"ROA_SQ":33.243938778274,"START_DATE":"2019-04-01 00:00:00","FISCAL_YEAR":"3-31","CURRENCY":"HKD","IS_CNY_CODE":0,"DPS_HKD_LY":null,"ORG_TYPE":"一般企业","PREMIUM_INCOME":null,"PREMIUM_INCOME_YOY":null,"NET_INTEREST_INCOME":null,"NET_INTEREST_INCOME_YOY":null,"FEE_COMMISSION_INCOME":null,"FEE_COMMISSION_INCOME_YOY":null,"ACCOUNTS_RECE_TDAYS":70.305070993915,"INVENTORY_TDAYS":8.602118317831,"CURRENT_ASSETS_TDAYS":4.233072789448,"TOTAL_ASSETS_TDAYS":3.671574754772,"PREMIUM_EXPENSE":null,"LOAN_DEPOSIT":null,"LOAN_EQUITY":null,"LOAN_ASSETS":null,"DEPOSIT_EQUITY":null,"DEPOSIT_ASSETS":null,"EQUITY_MULTIPLIER":1.487193328882,"EQUITY_RATIO":0.487193328882}],"count":10},"success":true,"message":"ok","code":0}