{"version":"3bcd8026f17e69220fdc457733d19792","result":{"pages":5,"data":[{"SECUCODE":"02349.HK","SECURITY_CODE":"02349","SECURITY_NAME_ABBR":"中国城市基础设施","ORG_CODE":"10010598","STD_REPORT_DATE":"2024-06-30 00:00:00","REPORT_DATE":"2024-06-30 00:00:00","DATE_TYPE_CODE":"002","REPORT_TYPE":"2024年中报","PER_NETCASH_OPERATE":-0.000247405284,"PER_OI":0.007572118787,"BPS":0.176674797164,"BASIC_EPS":-0.010587088,"DILUTED_EPS":-0.010587088,"OPERATE_INCOME":23687696.72,"OPERATE_INCOME_YOY":-13.9627395081,"GROSS_PROFIT":16150785.28,"GROSS_PROFIT_YOY":2.555474991581,"HOLDER_PROFIT":-33251670.44,"HOLDER_PROFIT_YOY":-20.0111996838,"GROSS_PROFIT_RATIO":68.182168451876,"EPS_TTM":-0.03393351494,"OPERATE_INCOME_QOQ":-8.790268660318,"NET_PROFIT_RATIO":-140.3752793404,"ROE_AVG":-5.774011165127,"GROSS_PROFIT_QOQ":1.366100135368,"ROA":-3.018875741606,"HOLDER_PROFIT_QOQ":-5.215714715016,"ROE_YEARLY":-11.548022330255,"ROIC_YEARLY":-6.094709473331,"TOTAL_ASSETS":1080468003.88,"TOTAL_LIABILITIES":527780027,"TAX_EBT":14.424296519002,"OCF_SALES":-3.267319103028,"TOTAL_PARENT_EQUITY":552687976.88,"DEBT_ASSET_RATIO":48.8473536564,"OPERATE_PROFIT":-19759522,"PRETAX_PROFIT":-38856438.32,"NETCASH_OPERATE":-773952.64,"NETCASH_INVEST":-734707.4,"NETCASH_FINANCE":-2068132.88,"END_CASH":9118585.88,"DIVI_RATIO":null,"DIVIDEND_RATE":null,"CURRENT_RATIO":1.081531927657,"COMMON_ACS":5000000000,"CURRENTDEBT_DEBT":25.366996671134,"ISSUED_COMMON_SHARES":3128278542,"HK_COMMON_SHARES":3128278542,"PER_SHARES":4000,"TOTAL_MARKET_CAP":181440155.436,"HKSK_MARKET_CAP":181440155.436,"PE_TTM":-1.545394699089,"PB_TTM":0.299620776985,"REPORT_DATE_SQ":"2023-06-30 00:00:00","REPORT_TYPE_SQ":"2023年中报","OPERATE_INCOME_SQ":27812448.68,"DPS_HKD":null,"OPERATE_INCOME_QOQ_SQ":-8.083120179935,"NET_PROFIT_RATIO_SQ":-100.6364781542,"HOLDER_PROFIT_SQ":-27989468.84,"HOLDER_PROFIT_QOQ_SQ":21.56383826271,"ROE_AVG_SQ":-4.009922438024,"PE_TTM_SQ":-1.925228610713,"PB_TTM_SQ":0.229739999343,"ROA_SQ":-2.228198401992,"START_DATE":"2024-01-01 00:00:00","FISCAL_YEAR":"12-31","CURRENCY":"HKD","IS_CNY_CODE":0,"DPS_HKD_LY":null,"ORG_TYPE":"一般企业","PREMIUM_INCOME":null,"PREMIUM_INCOME_YOY":null,"NET_INTEREST_INCOME":null,"NET_INTEREST_INCOME_YOY":null,"FEE_COMMISSION_INCOME":null,"FEE_COMMISSION_INCOME_YOY":null,"ACCOUNTS_RECE_TDAYS":1.229231789334,"INVENTORY_TDAYS":0.064879558775,"CURRENT_ASSETS_TDAYS":0.162543173769,"TOTAL_ASSETS_TDAYS":0.021505750555,"PREMIUM_EXPENSE":null,"LOAN_DEPOSIT":null,"LOAN_EQUITY":null,"LOAN_ASSETS":null,"DEPOSIT_EQUITY":null,"DEPOSIT_ASSETS":null,"EQUITY_MULTIPLIER":1.954933070877,"EQUITY_RATIO":0.954933070879},{"SECUCODE":"02349.HK","SECURITY_CODE":"02349","SECURITY_NAME_ABBR":"中国城市基础设施","ORG_CODE":"10010598","STD_REPORT_DATE":"2023-12-31 00:00:00","REPORT_DATE":"2023-12-31 00:00:00","DATE_TYPE_CODE":"001","REPORT_TYPE":"2023年年报","PER_NETCASH_OPERATE":0.000347044403,"PER_OI":0.014999965946,"BPS":0.190149915934,"BASIC_EPS":-0.032261432,"DILUTED_EPS":-0.032261432,"OPERATE_INCOME":46924071.6,"OPERATE_INCOME_YOY":-21.058649551,"GROSS_PROFIT":29459399.76,"GROSS_PROFIT_YOY":-0.739569261097,"HOLDER_PROFIT":-100891285.04,"HOLDER_PROFIT_YOY":2.5250402746,"GROSS_PROFIT_RATIO":62.780996523754,"EPS_TTM":-0.032251375217,"OPERATE_INCOME_QOQ":-12.871513082921,"NET_PROFIT_RATIO":-215.0096562379,"ROE_AVG":-15.368188710734,"GROSS_PROFIT_QOQ":4.082965386901,"ROA":-8.459415594284,"HOLDER_PROFIT_QOQ":-26.074607582465,"ROE_YEARLY":-15.368188710734,"ROIC_YEARLY":-8.55579302008,"TOTAL_ASSETS":1114504698.58,"TOTAL_LIABILITIES":519662796.8,"TAX_EBT":-2.318742015826,"OCF_SALES":2.313634607957,"TOTAL_PARENT_EQUITY":594841901.78,"DEBT_ASSET_RATIO":46.6272414519,"OPERATE_PROFIT":-57643747.98,"PRETAX_PROFIT":-98604891.98,"NETCASH_OPERATE":1085651.56,"NETCASH_INVEST":-2718.66,"NETCASH_FINANCE":-7642153.26,"END_CASH":11387560.52,"DIVI_RATIO":null,"DIVIDEND_RATE":null,"CURRENT_RATIO":1.044571993162,"COMMON_ACS":5000000000,"CURRENTDEBT_DEBT":26.827741350446,"ISSUED_COMMON_SHARES":3128278542,"HK_COMMON_SHARES":3128278542,"PER_SHARES":4000,"TOTAL_MARKET_CAP":172055319.81,"HKSK_MARKET_CAP":172055319.81,"PE_TTM":-1.465460490516,"PB_TTM":0.28412315059,"REPORT_DATE_SQ":"2022-12-31 00:00:00","REPORT_TYPE_SQ":"2022年年报","OPERATE_INCOME_SQ":58592259.11,"DPS_HKD":null,"OPERATE_INCOME_QOQ_SQ":-2.044628071481,"NET_PROFIT_RATIO_SQ":-174.1283368652,"HOLDER_PROFIT_SQ":-102025726.32,"HOLDER_PROFIT_QOQ_SQ":18.901169844368,"ROE_AVG_SQ":-12.637462947657,"PE_TTM_SQ":-2.28847929198,"PB_TTM_SQ":0.273087169031,"ROA_SQ":-5.598185500917,"START_DATE":"2023-01-01 00:00:00","FISCAL_YEAR":"12-31","CURRENCY":"HKD","IS_CNY_CODE":0,"DPS_HKD_LY":null,"ORG_TYPE":"一般企业","PREMIUM_INCOME":null,"PREMIUM_INCOME_YOY":null,"NET_INTEREST_INCOME":null,"NET_INTEREST_INCOME_YOY":null,"FEE_COMMISSION_INCOME":null,"FEE_COMMISSION_INCOME_YOY":null,"ACCOUNTS_RECE_TDAYS":0.963994489332,"INVENTORY_TDAYS":0.136074307078,"CURRENT_ASSETS_TDAYS":0.246374915246,"TOTAL_ASSETS_TDAYS":0.039344351981,"PREMIUM_EXPENSE":null,"LOAN_DEPOSIT":null,"LOAN_EQUITY":null,"LOAN_ASSETS":null,"DEPOSIT_EQUITY":null,"DEPOSIT_ASSETS":null,"EQUITY_MULTIPLIER":1.873614981131,"EQUITY_RATIO":0.873614981132},{"SECUCODE":"02349.HK","SECURITY_CODE":"02349","SECURITY_NAME_ABBR":"中国城市基础设施","ORG_CODE":"10010598","STD_REPORT_DATE":"2023-06-30 00:00:00","REPORT_DATE":"2023-06-30 00:00:00","DATE_TYPE_CODE":"002","REPORT_TYPE":"2023年中报","PER_NETCASH_OPERATE":-0.004231063411,"PER_OI":0.008890656093,"BPS":0.212696701226,"BASIC_EPS":-0.008943206,"DILUTED_EPS":-0.008943206,"OPERATE_INCOME":27812448.68,"OPERATE_INCOME_YOY":-20.7409353652,"GROSS_PROFIT":15748340.38,"GROSS_PROFIT_YOY":-8.030668086511,"HOLDER_PROFIT":-27989468.84,"HOLDER_PROFIT_YOY":48.0660337011,"GROSS_PROFIT_RATIO":56.623350792283,"EPS_TTM":-0.025581182313,"OPERATE_INCOME_QOQ":-8.083120179935,"NET_PROFIT_RATIO":-100.6364781542,"ROE_AVG":-4.009922438024,"GROSS_PROFIT_QOQ":-4.633356313467,"ROA":-2.228198401992,"HOLDER_PROFIT_QOQ":21.56383826271,"ROE_YEARLY":-8.019844876049,"ROIC_YEARLY":-4.507898065196,"TOTAL_ASSETS":1219398762.26,"TOTAL_LIABILITIES":554024235.86,"TAX_EBT":-1.159613462179,"OCF_SALES":-47.590001988994,"TOTAL_PARENT_EQUITY":665374526.4,"DEBT_ASSET_RATIO":45.4342134015,"OPERATE_PROFIT":-6909318.12,"PRETAX_PROFIT":-27668619.8,"NETCASH_OPERATE":-13235944.88,"NETCASH_INVEST":12907.72,"NETCASH_FINANCE":-1905732.66,"END_CASH":12951053.06,"DIVI_RATIO":null,"DIVIDEND_RATE":null,"CURRENT_RATIO":1.746985771975,"COMMON_ACS":5000000000,"CURRENTDEBT_DEBT":22.994906033712,"ISSUED_COMMON_SHARES":3128278542,"HK_COMMON_SHARES":3128278542,"PER_SHARES":4000,"TOTAL_MARKET_CAP":172055319.81,"HKSK_MARKET_CAP":172055319.81,"PE_TTM":-1.465460490516,"PB_TTM":0.28412315059,"REPORT_DATE_SQ":"2022-06-30 00:00:00","REPORT_TYPE_SQ":"2022年中报","OPERATE_INCOME_SQ":32548531.4,"DPS_HKD":null,"OPERATE_INCOME_QOQ_SQ":-2.564343124759,"NET_PROFIT_RATIO_SQ":-153.5864424593,"HOLDER_PROFIT_SQ":-49990131.45,"HOLDER_PROFIT_QOQ_SQ":7.923418975676,"ROE_AVG_SQ":-6.111477617386,"PE_TTM_SQ":-2.28847929198,"PB_TTM_SQ":0.273087169031,"ROA_SQ":-2.264309687686,"START_DATE":"2023-01-01 00:00:00","FISCAL_YEAR":"12-31","CURRENCY":"HKD","IS_CNY_CODE":0,"DPS_HKD_LY":null,"ORG_TYPE":"一般企业","PREMIUM_INCOME":null,"PREMIUM_INCOME_YOY":null,"NET_INTEREST_INCOME":null,"NET_INTEREST_INCOME_YOY":null,"FEE_COMMISSION_INCOME":null,"FEE_COMMISSION_INCOME_YOY":null,"ACCOUNTS_RECE_TDAYS":0.369197253601,"INVENTORY_TDAYS":0.085386982156,"CURRENT_ASSETS_TDAYS":0.120415462485,"TOTAL_ASSETS_TDAYS":0.022141061004,"PREMIUM_EXPENSE":null,"LOAN_DEPOSIT":null,"LOAN_EQUITY":null,"LOAN_ASSETS":null,"DEPOSIT_EQUITY":null,"DEPOSIT_ASSETS":null,"EQUITY_MULTIPLIER":1.832650205078,"EQUITY_RATIO":0.832650205077},{"SECUCODE":"02349.HK","SECURITY_CODE":"02349","SECURITY_NAME_ABBR":"中国城市基础设施","ORG_CODE":"10010598","STD_REPORT_DATE":"2022-12-31 00:00:00","REPORT_DATE":"2022-12-31 00:00:00","DATE_TYPE_CODE":"001","REPORT_TYPE":"2022年年报","PER_NETCASH_OPERATE":-0.00382832626,"PER_OI":0.018729872779,"BPS":0.226285577763,"BASIC_EPS":-0.032604355,"DILUTED_EPS":-0.032604355,"OPERATE_INCOME":58592259.11,"OPERATE_INCOME_YOY":1.9617291819,"GROSS_PROFIT":29678895.75,"GROSS_PROFIT_YOY":-15.297696323272,"HOLDER_PROFIT":-102025726.32,"HOLDER_PROFIT_YOY":31.6526141307,"GROSS_PROFIT_RATIO":50.6532709283,"EPS_TTM":-0.032614015968,"OPERATE_INCOME_QOQ":-2.044628071481,"NET_PROFIT_RATIO":-174.1283368652,"ROE_AVG":-12.637462947657,"GROSS_PROFIT_QOQ":-7.277796357674,"ROA":-5.598185500917,"HOLDER_PROFIT_QOQ":18.901169844368,"ROE_YEARLY":-12.637462947657,"ROIC_YEARLY":-5.645938052172,"TOTAL_ASSETS":1252636987.35,"TOTAL_LIABILITIES":544752670.07,"TAX_EBT":-18.689965030322,"OCF_SALES":-20.439681063528,"TOTAL_PARENT_EQUITY":707884317.28,"DEBT_ASSET_RATIO":43.4884707678,"OPERATE_PROFIT":-13334734.56,"PRETAX_PROFIT":-80719450.28,"NETCASH_OPERATE":-11976070.89,"NETCASH_INVEST":89549424.23,"NETCASH_FINANCE":-64118920.6,"END_CASH":15260624.68,"DIVI_RATIO":null,"DIVIDEND_RATE":null,"CURRENT_RATIO":1.77271392775,"COMMON_ACS":5000000000,"CURRENTDEBT_DEBT":24.016587930297,"ISSUED_COMMON_SHARES":3128278542,"HK_COMMON_SHARES":3128278542,"PER_SHARES":4000,"TOTAL_MARKET_CAP":172055319.81,"HKSK_MARKET_CAP":172055319.81,"PE_TTM":-1.465460490516,"PB_TTM":0.28412315059,"REPORT_DATE_SQ":"2021-12-31 00:00:00","REPORT_TYPE_SQ":"2021年年报","OPERATE_INCOME_SQ":52597025.6,"DPS_HKD":null,"OPERATE_INCOME_QOQ_SQ":-10.540958621661,"NET_PROFIT_RATIO_SQ":-222.5624292469,"HOLDER_PROFIT_SQ":-136629953.6,"HOLDER_PROFIT_QOQ_SQ":-190.5665791615,"ROE_AVG_SQ":-15.486504645182,"PE_TTM_SQ":-2.28847929198,"PB_TTM_SQ":0.273087169031,"ROA_SQ":-6.203216774235,"START_DATE":"2022-01-01 00:00:00","FISCAL_YEAR":"12-31","CURRENCY":"HKD","IS_CNY_CODE":0,"DPS_HKD_LY":null,"ORG_TYPE":"一般企业","PREMIUM_INCOME":null,"PREMIUM_INCOME_YOY":null,"NET_INTEREST_INCOME":null,"NET_INTEREST_INCOME_YOY":null,"FEE_COMMISSION_INCOME":null,"FEE_COMMISSION_INCOME_YOY":null,"ACCOUNTS_RECE_TDAYS":0.909668337806,"INVENTORY_TDAYS":0.186742052732,"CURRENT_ASSETS_TDAYS":0.209565648014,"TOTAL_ASSETS_TDAYS":0.032149767245,"PREMIUM_EXPENSE":null,"LOAN_DEPOSIT":null,"LOAN_EQUITY":null,"LOAN_ASSETS":null,"DEPOSIT_EQUITY":null,"DEPOSIT_ASSETS":null,"EQUITY_MULTIPLIER":1.769550414909,"EQUITY_RATIO":0.769550414908},{"SECUCODE":"02349.HK","SECURITY_CODE":"02349","SECURITY_NAME_ABBR":"中国城市基础设施","ORG_CODE":"10010598","STD_REPORT_DATE":"2022-06-30 00:00:00","REPORT_DATE":"2022-06-30 00:00:00","DATE_TYPE_CODE":"002","REPORT_TYPE":"2022年中报","PER_NETCASH_OPERATE":-0.001541282579,"PER_OI":0.010404614219,"BPS":0.245447200449,"BASIC_EPS":-0.015992053,"DILUTED_EPS":-0.015992053,"OPERATE_INCOME":32548531.4,"OPERATE_INCOME_YOY":-7.1911043917,"GROSS_PROFIT":17123469.37,"GROSS_PROFIT_YOY":-7.542841981289,"HOLDER_PROFIT":-49990131.45,"HOLDER_PROFIT_YOY":20.022164758,"GROSS_PROFIT_RATIO":52.256962690489,"EPS_TTM":-0.040215149719,"OPERATE_INCOME_QOQ":-2.564343124759,"NET_PROFIT_RATIO":-153.5864424593,"ROE_AVG":-6.111477617386,"GROSS_PROFIT_QOQ":-4.509440087479,"ROA":-2.264309687686,"HOLDER_PROFIT_QOQ":7.923418975676,"ROE_YEARLY":-12.222955234773,"ROIC_YEARLY":-4.558770056239,"TOTAL_ASSETS":2125149715.57,"TOTAL_LIABILITIES":1357322505.21,"TAX_EBT":4.985104270109,"OCF_SALES":-14.81345244351,"TOTAL_PARENT_EQUITY":767827210.36,"DEBT_ASSET_RATIO":63.8695003588,"OPERATE_PROFIT":-11890561.76,"PRETAX_PROFIT":-51670579.8,"NETCASH_OPERATE":-4821561.22,"NETCASH_INVEST":86636733.33,"NETCASH_FINANCE":-71417772.09,"END_CASH":14886292.33,"DIVI_RATIO":null,"DIVIDEND_RATE":null,"CURRENT_RATIO":1.023072004516,"COMMON_ACS":5000000000,"CURRENTDEBT_DEBT":72.32596104108,"ISSUED_COMMON_SHARES":3128278542,"HK_COMMON_SHARES":3128278542,"PER_SHARES":4000,"TOTAL_MARKET_CAP":172055319.81,"HKSK_MARKET_CAP":172055319.81,"PE_TTM":-1.465460490516,"PB_TTM":0.28412315059,"REPORT_DATE_SQ":"2021-06-30 00:00:00","REPORT_TYPE_SQ":"2021年中报","OPERATE_INCOME_SQ":34122768.72,"DPS_HKD":null,"OPERATE_INCOME_QOQ_SQ":10.567769335882,"NET_PROFIT_RATIO_SQ":-178.2267307176,"HOLDER_PROFIT_SQ":-60815895.12,"HOLDER_PROFIT_QOQ_SQ":34.533945878476,"ROE_AVG_SQ":-6.5457886825,"PE_TTM_SQ":-2.28847929198,"PB_TTM_SQ":0.273087169031,"ROA_SQ":-2.695479818752,"START_DATE":"2022-01-01 00:00:00","FISCAL_YEAR":"12-31","CURRENCY":"HKD","IS_CNY_CODE":0,"DPS_HKD_LY":null,"ORG_TYPE":"一般企业","PREMIUM_INCOME":null,"PREMIUM_INCOME_YOY":null,"NET_INTEREST_INCOME":null,"NET_INTEREST_INCOME_YOY":null,"FEE_COMMISSION_INCOME":null,"FEE_COMMISSION_INCOME_YOY":null,"ACCOUNTS_RECE_TDAYS":0.720124120185,"INVENTORY_TDAYS":0.096108786832,"CURRENT_ASSETS_TDAYS":0.049403997752,"TOTAL_ASSETS_TDAYS":0.014742900815,"PREMIUM_EXPENSE":null,"LOAN_DEPOSIT":null,"LOAN_EQUITY":null,"LOAN_ASSETS":null,"DEPOSIT_EQUITY":null,"DEPOSIT_ASSETS":null,"EQUITY_MULTIPLIER":2.767744730714,"EQUITY_RATIO":1.76774473071},{"SECUCODE":"02349.HK","SECURITY_CODE":"02349","SECURITY_NAME_ABBR":"中国城市基础设施","ORG_CODE":"10010598","STD_REPORT_DATE":"2021-12-31 00:00:00","REPORT_DATE":"2021-12-31 00:00:00","DATE_TYPE_CODE":"001","REPORT_TYPE":"2021年年报","PER_NETCASH_OPERATE":-0.001265494471,"PER_OI":0.016813408683,"BPS":0.265307962593,"BASIC_EPS":-0.04365984,"DILUTED_EPS":-0.04365984,"OPERATE_INCOME":52597025.6,"OPERATE_INCOME_YOY":1.8212145046,"GROSS_PROFIT":35039065.6,"GROSS_PROFIT_YOY":42.848929523543,"HOLDER_PROFIT":-136629953.6,"HOLDER_PROFIT_YOY":-95.8156103163,"GROSS_PROFIT_RATIO":54.602117600053,"EPS_TTM":-0.043675763448,"OPERATE_INCOME_QOQ":-10.540958621661,"NET_PROFIT_RATIO":-222.5624292469,"ROE_AVG":-15.486504645182,"GROSS_PROFIT_QOQ":5.24787188454,"ROA":-6.203216774235,"HOLDER_PROFIT_QOQ":-190.5665791615,"ROE_YEARLY":-15.486504645182,"ROIC_YEARLY":-6.254931376204,"TOTAL_ASSETS":2189663616,"TOTAL_LIABILITIES":1359706409.6,"TAX_EBT":10.740622174296,"OCF_SALES":-6.448691482986,"TOTAL_PARENT_EQUITY":829957206.4,"DEBT_ASSET_RATIO":62.0965887027,"OPERATE_PROFIT":-67201814.4,"PRETAX_PROFIT":-145576132.8,"NETCASH_OPERATE":-3958819.2,"NETCASH_INVEST":-13372665.6,"NETCASH_FINANCE":-3012038.4,"END_CASH":14249132.8,"DIVI_RATIO":null,"DIVIDEND_RATE":null,"CURRENT_RATIO":0.448633781412,"COMMON_ACS":5000000000,"CURRENTDEBT_DEBT":49.102490249819,"ISSUED_COMMON_SHARES":3128278542,"HK_COMMON_SHARES":3128278542,"PER_SHARES":4000,"TOTAL_MARKET_CAP":172055319.81,"HKSK_MARKET_CAP":172055319.81,"PE_TTM":-1.465460490516,"PB_TTM":0.28412315059,"REPORT_DATE_SQ":"2020-12-31 00:00:00","REPORT_TYPE_SQ":"2020年年报","OPERATE_INCOME_SQ":62064216.88,"DPS_HKD":null,"OPERATE_INCOME_QOQ_SQ":-19.069629358479,"NET_PROFIT_RATIO_SQ":-129.836456836,"HOLDER_PROFIT_SQ":-71826399.24,"HOLDER_PROFIT_QOQ_SQ":63.752969663614,"ROE_AVG_SQ":-7.40938499526,"PE_TTM_SQ":-2.28847929198,"PB_TTM_SQ":0.273087169031,"ROA_SQ":-2.674276388585,"START_DATE":"2021-01-01 00:00:00","FISCAL_YEAR":"12-31","CURRENCY":"HKD","IS_CNY_CODE":0,"DPS_HKD_LY":null,"ORG_TYPE":"一般企业","PREMIUM_INCOME":null,"PREMIUM_INCOME_YOY":null,"NET_INTEREST_INCOME":null,"NET_INTEREST_INCOME_YOY":null,"FEE_COMMISSION_INCOME":null,"FEE_COMMISSION_INCOME_YOY":null,"ACCOUNTS_RECE_TDAYS":1.033579152006,"INVENTORY_TDAYS":0.179524788873,"CURRENT_ASSETS_TDAYS":0.201673878418,"TOTAL_ASSETS_TDAYS":0.027871805656,"PREMIUM_EXPENSE":null,"LOAN_DEPOSIT":null,"LOAN_EQUITY":null,"LOAN_ASSETS":null,"DEPOSIT_EQUITY":null,"DEPOSIT_ASSETS":null,"EQUITY_MULTIPLIER":2.638284961099,"EQUITY_RATIO":1.638284961098},{"SECUCODE":"02349.HK","SECURITY_CODE":"02349","SECURITY_NAME_ABBR":"中国城市基础设施","ORG_CODE":"10010598","STD_REPORT_DATE":"2021-06-30 00:00:00","REPORT_DATE":"2021-06-30 00:00:00","DATE_TYPE_CODE":"002","REPORT_TYPE":"2021年中报","PER_NETCASH_OPERATE":0.005393409165,"PER_OI":0.010907842208,"BPS":0.289958581955,"BASIC_EPS":-0.019470672,"DILUTED_EPS":-0.019470672,"OPERATE_INCOME":34122768.72,"OPERATE_INCOME_YOY":35.8993902439,"GROSS_PROFIT":18520436.64,"GROSS_PROFIT_YOY":65.352164379518,"HOLDER_PROFIT":-60815895.12,"HOLDER_PROFIT_YOY":22.0250922824,"GROSS_PROFIT_RATIO":54.275890658148,"EPS_TTM":-0.01503124123,"OPERATE_INCOME_QOQ":10.567769335882,"NET_PROFIT_RATIO":-178.2267307176,"ROE_AVG":-6.5457886825,"GROSS_PROFIT_QOQ":29.841853016325,"ROA":-2.695479818752,"HOLDER_PROFIT_QOQ":34.533945878476,"ROE_YEARLY":-13.091577365,"ROIC_YEARLY":-5.442837969844,"TOTAL_ASSETS":2257730092.56,"TOTAL_LIABILITIES":1350658882.56,"TAX_EBT":10.348845766995,"OCF_SALES":49.445243726987,"TOTAL_PARENT_EQUITY":907071210,"DEBT_ASSET_RATIO":59.82375338,"OPERATE_PROFIT":-30170388.72,"PRETAX_PROFIT":-67836154.08,"NETCASH_OPERATE":16872086.16,"NETCASH_INVEST":-6477742.8,"NETCASH_FINANCE":-15340226.88,"END_CASH":20445869.76,"DIVI_RATIO":null,"DIVIDEND_RATE":null,"CURRENT_RATIO":1.198955150751,"COMMON_ACS":5000000000,"CURRENTDEBT_DEBT":19.740185013603,"ISSUED_COMMON_SHARES":3128278542,"HK_COMMON_SHARES":3128278542,"PER_SHARES":4000,"TOTAL_MARKET_CAP":172055319.81,"HKSK_MARKET_CAP":172055319.81,"PE_TTM":-1.465460490516,"PB_TTM":0.28412315059,"REPORT_DATE_SQ":"2020-06-30 00:00:00","REPORT_TYPE_SQ":"2020年中报","OPERATE_INCOME_SQ":27563965.44,"DPS_HKD":null,"OPERATE_INCOME_QOQ_SQ":-15.326567742442,"NET_PROFIT_RATIO_SQ":-319.4127783669,"HOLDER_PROFIT_SQ":-85620384.96,"HOLDER_PROFIT_QOQ_SQ":-25.733397612217,"ROE_AVG_SQ":-8.562567655831,"PE_TTM_SQ":-2.28847929198,"PB_TTM_SQ":0.273087169031,"ROA_SQ":-2.563516317139,"START_DATE":"2021-01-01 00:00:00","FISCAL_YEAR":"12-31","CURRENCY":"HKD","IS_CNY_CODE":0,"DPS_HKD_LY":null,"ORG_TYPE":"一般企业","PREMIUM_INCOME":null,"PREMIUM_INCOME_YOY":null,"NET_INTEREST_INCOME":null,"NET_INTEREST_INCOME_YOY":null,"FEE_COMMISSION_INCOME":null,"FEE_COMMISSION_INCOME_YOY":null,"ACCOUNTS_RECE_TDAYS":0.593735295608,"INVENTORY_TDAYS":0.099165730151,"CURRENT_ASSETS_TDAYS":0.107572349481,"TOTAL_ASSETS_TDAYS":0.015123880733,"PREMIUM_EXPENSE":null,"LOAN_DEPOSIT":null,"LOAN_EQUITY":null,"LOAN_ASSETS":null,"DEPOSIT_EQUITY":null,"DEPOSIT_ASSETS":null,"EQUITY_MULTIPLIER":2.489032909068,"EQUITY_RATIO":1.48903290907},{"SECUCODE":"02349.HK","SECURITY_CODE":"02349","SECURITY_NAME_ABBR":"中国城市基础设施","ORG_CODE":"10010598","STD_REPORT_DATE":"2020-12-31 00:00:00","REPORT_DATE":"2020-12-31 00:00:00","DATE_TYPE_CODE":"001","REPORT_TYPE":"2020年年报","PER_NETCASH_OPERATE":0.006571902087,"PER_OI":0.019839734872,"BPS":0.30752530701,"BASIC_EPS":-0.022976772,"DILUTED_EPS":-0.022976772,"OPERATE_INCOME":62064216.88,"OPERATE_INCOME_YOY":-27.065386175,"GROSS_PROFIT":24528756.16,"GROSS_PROFIT_YOY":-50.572983164623,"HOLDER_PROFIT":-71826399.24,"HOLDER_PROFIT_YOY":51.4937080108,"GROSS_PROFIT_RATIO":39.521575221719,"EPS_TTM":-0.022960359276,"OPERATE_INCOME_QOQ":-19.069629358479,"NET_PROFIT_RATIO":-129.836456836,"ROE_AVG":-7.40938499526,"GROSS_PROFIT_QOQ":-32.022682972236,"ROA":-2.674276388585,"HOLDER_PROFIT_QOQ":63.752969663614,"ROE_YEARLY":-7.40938499526,"ROIC_YEARLY":-2.692218573157,"TOTAL_ASSETS":2280610424.08,"TOTAL_LIABILITIES":1318585605.04,"TAX_EBT":37.780897050987,"OCF_SALES":33.124949147026,"TOTAL_PARENT_EQUITY":962024819.04,"DEBT_ASSET_RATIO":57.8172225786,"OPERATE_PROFIT":-273704694.56,"PRETAX_PROFIT":-129513246.48,"NETCASH_OPERATE":20558740.28,"NETCASH_INVEST":-35832823,"NETCASH_FINANCE":35032423.36,"END_CASH":22823593.52,"DIVI_RATIO":null,"DIVIDEND_RATE":null,"CURRENT_RATIO":1.365040471439,"COMMON_ACS":5000000000,"CURRENTDEBT_DEBT":17.687590238248,"ISSUED_COMMON_SHARES":3128278542,"HK_COMMON_SHARES":3128278542,"PER_SHARES":4000,"TOTAL_MARKET_CAP":172055319.81,"HKSK_MARKET_CAP":172055319.81,"PE_TTM":-1.465460490516,"PB_TTM":0.28412315059,"REPORT_DATE_SQ":"2019-12-31 00:00:00","REPORT_TYPE_SQ":"2019年年报","OPERATE_INCOME_SQ":90569628.46,"DPS_HKD":null,"OPERATE_INCOME_QOQ_SQ":-19.330663775691,"NET_PROFIT_RATIO_SQ":-176.2874974037,"HOLDER_PROFIT_SQ":-157601741.64,"HOLDER_PROFIT_QOQ_SQ":-21.834587700298,"ROE_AVG_SQ":-14.528809592724,"PE_TTM_SQ":-2.28847929198,"PB_TTM_SQ":0.273087169031,"ROA_SQ":-5.379976224968,"START_DATE":"2020-01-01 00:00:00","FISCAL_YEAR":"12-31","CURRENCY":"HKD","IS_CNY_CODE":0,"DPS_HKD_LY":null,"ORG_TYPE":"一般企业","PREMIUM_INCOME":null,"PREMIUM_INCOME_YOY":null,"NET_INTEREST_INCOME":null,"NET_INTEREST_INCOME_YOY":null,"FEE_COMMISSION_INCOME":null,"FEE_COMMISSION_INCOME_YOY":null,"ACCOUNTS_RECE_TDAYS":0.314753398638,"INVENTORY_TDAYS":0.155517817353,"CURRENT_ASSETS_TDAYS":0.124394092875,"TOTAL_ASSETS_TDAYS":0.023108059367,"PREMIUM_EXPENSE":null,"LOAN_DEPOSIT":null,"LOAN_EQUITY":null,"LOAN_ASSETS":null,"DEPOSIT_EQUITY":null,"DEPOSIT_ASSETS":null,"EQUITY_MULTIPLIER":2.370635745509,"EQUITY_RATIO":1.370635745506},{"SECUCODE":"02349.HK","SECURITY_CODE":"02349","SECURITY_NAME_ABBR":"中国城市基础设施","ORG_CODE":"10010598","STD_REPORT_DATE":"2020-06-30 00:00:00","REPORT_DATE":"2020-06-30 00:00:00","DATE_TYPE_CODE":"002","REPORT_TYPE":"2020年中报","PER_NETCASH_OPERATE":-0.022662565935,"PER_OI":0.00881122479,"BPS":0.300413827075,"BASIC_EPS":-0.0274032,"DILUTED_EPS":-0.0274032,"OPERATE_INCOME":27563965.44,"OPERATE_INCOME_YOY":-35.9524567547,"GROSS_PROFIT":11200601.28,"GROSS_PROFIT_YOY":-54.732382252249,"HOLDER_PROFIT":-85620384.96,"HOLDER_PROFIT_YOY":-82.9705830682,"GROSS_PROFIT_RATIO":40.634941675504,"EPS_TTM":-0.063344111402,"OPERATE_INCOME_QOQ":-15.326567742442,"NET_PROFIT_RATIO":-319.4127783669,"ROE_AVG":-8.562567655831,"GROSS_PROFIT_QOQ":-27.288956086352,"ROA":-2.563516317139,"HOLDER_PROFIT_QOQ":-25.733397612217,"ROE_YEARLY":-17.125135311662,"ROIC_YEARLY":-5.198544103727,"TOTAL_ASSETS":3325181016.96,"TOTAL_LIABILITIES":2392459212,"TAX_EBT":12.935161599191,"OCF_SALES":-257.201086956522,"TOTAL_PARENT_EQUITY":939778128.96,"DEBT_ASSET_RATIO":71.9497434816,"OPERATE_PROFIT":-49658252.16,"PRETAX_PROFIT":-101123288.64,"NETCASH_OPERATE":-70894818.72,"NETCASH_INVEST":-4733446.08,"NETCASH_FINANCE":139233832.32,"END_CASH":84863143.2,"DIVI_RATIO":null,"DIVIDEND_RATE":null,"CURRENT_RATIO":1.65948365586,"COMMON_ACS":5000000000,"CURRENTDEBT_DEBT":21.092939570666,"ISSUED_COMMON_SHARES":3128278542,"HK_COMMON_SHARES":3128278542,"PER_SHARES":4000,"TOTAL_MARKET_CAP":172055319.81,"HKSK_MARKET_CAP":172055319.81,"PE_TTM":-1.465460490516,"PB_TTM":0.28412315059,"REPORT_DATE_SQ":"2019-06-30 00:00:00","REPORT_TYPE_SQ":"2019年中报","OPERATE_INCOME_SQ":41445180.9,"DPS_HKD":null,"OPERATE_INCOME_QOQ_SQ":-56.355938688966,"NET_PROFIT_RATIO_SQ":-108.8103576356,"HOLDER_PROFIT_SQ":-45064102.14,"HOLDER_PROFIT_QOQ_SQ":15.581122907668,"ROE_AVG_SQ":-4.107492853039,"PE_TTM_SQ":-2.28847929198,"PB_TTM_SQ":0.273087169031,"ROA_SQ":-1.776427563218,"START_DATE":"2020-01-01 00:00:00","FISCAL_YEAR":"12-31","CURRENCY":"HKD","IS_CNY_CODE":0,"DPS_HKD_LY":null,"ORG_TYPE":"一般企业","PREMIUM_INCOME":null,"PREMIUM_INCOME_YOY":null,"NET_INTEREST_INCOME":null,"NET_INTEREST_INCOME_YOY":null,"FEE_COMMISSION_INCOME":null,"FEE_COMMISSION_INCOME_YOY":null,"ACCOUNTS_RECE_TDAYS":0.070956940499,"INVENTORY_TDAYS":0.04716978648,"CURRENT_ASSETS_TDAYS":0.035003833764,"TOTAL_ASSETS_TDAYS":0.008252786437,"PREMIUM_EXPENSE":null,"LOAN_DEPOSIT":null,"LOAN_EQUITY":null,"LOAN_ASSETS":null,"DEPOSIT_EQUITY":null,"DEPOSIT_ASSETS":null,"EQUITY_MULTIPLIER":3.565029786248,"EQUITY_RATIO":2.545770260314}],"count":45},"success":true,"message":"ok","code":0}