{"version":"4b225303c912102a58cef3ae91e2f989","result":{"pages":5,"data":[{"SECUCODE":"02343.HK","SECURITY_CODE":"02343","SECURITY_NAME_ABBR":"太平洋航运","ORG_CODE":"10010596","STD_REPORT_DATE":"2024-06-30 00:00:00","REPORT_DATE":"2024-06-30 00:00:00","DATE_TYPE_CODE":"002","REPORT_TYPE":"2024年中报","PER_NETCASH_OPERATE":0.180936005586,"PER_OI":1.736242405781,"BPS":2.494674969958,"BASIC_EPS":0.07910748,"DILUTED_EPS":0.07696944,"OPERATE_INCOME":9133286398.8,"OPERATE_INCOME_YOY":11.6243236558,"GROSS_PROFIT":428121129.6,"GROSS_PROFIT_YOY":-26.451799660583,"HOLDER_PROFIT":410745991.2,"HOLDER_PROFIT_YOY":-32.4646410199,"GROSS_PROFIT_RATIO":4.687481711471,"EPS_TTM":0.108129567286,"OPERATE_INCOME_QOQ":5.148446926666,"NET_PROFIT_RATIO":4.4972419923,"ROE_AVG":3.199466181997,"GROSS_PROFIT_QOQ":-16.601302798464,"ROA":2.380198191538,"HOLDER_PROFIT_QOQ":-26.57763206128,"ROE_YEARLY":6.398932363993,"ROIC_YEARLY":5.33561567903,"TOTAL_ASSETS":17177925590.4,"TOTAL_LIABILITIES":4315498330.8,"TAX_EBT":0.564172460793,"OCF_SALES":10.421125816498,"TOTAL_PARENT_EQUITY":12862427259.6,"DEBT_ASSET_RATIO":25.1223484936,"OPERATE_PROFIT":448225832.4,"PRETAX_PROFIT":413076454.8,"NETCASH_OPERATE":951791266.8,"NETCASH_INVEST":-302497026,"NETCASH_FINANCE":-717547604.4,"END_CASH":1785726642,"DIVI_RATIO":0.689680925131,"DIVIDEND_RATE":5.290322580645,"CURRENT_RATIO":1.703327113964,"COMMON_ACS":36000000000,"CURRENTDEBT_DEBT":55.319215696637,"ISSUED_COMMON_SHARES":5155953146,"HK_COMMON_SHARES":5155953146,"PER_SHARES":1000,"TOTAL_MARKET_CAP":7991727376.3,"HKSK_MARKET_CAP":7991727376.3,"PE_TTM":12.563874881207,"PB_TTM":0.567069465072,"REPORT_DATE_SQ":"2023-06-30 00:00:00","REPORT_TYPE_SQ":"2023年中报","OPERATE_INCOME_SQ":8295825367.2,"DPS_HKD":0.082,"OPERATE_INCOME_QOQ_SQ":-14.293292966028,"NET_PROFIT_RATIO_SQ":7.4331669111,"HOLDER_PROFIT_SQ":616642546.2,"HOLDER_PROFIT_QOQ_SQ":-51.246778645515,"ROE_AVG_SQ":4.577101246087,"PE_TTM_SQ":4.75500671809,"PB_TTM_SQ":0.82959587604,"ROA_SQ":3.304844496415,"START_DATE":"2024-01-01 00:00:00","FISCAL_YEAR":"12-31","CURRENCY":"HKD","IS_CNY_CODE":0,"DPS_HKD_LY":0.082,"ORG_TYPE":"一般企业","PREMIUM_INCOME":null,"PREMIUM_INCOME_YOY":null,"NET_INTEREST_INCOME":null,"NET_INTEREST_INCOME_YOY":null,"FEE_COMMISSION_INCOME":null,"FEE_COMMISSION_INCOME_YOY":null,"ACCOUNTS_RECE_TDAYS":8.596129014948,"INVENTORY_TDAYS":8.943936969821,"CURRENT_ASSETS_TDAYS":2.309638444563,"TOTAL_ASSETS_TDAYS":0.529257308287,"PREMIUM_EXPENSE":null,"LOAN_DEPOSIT":null,"LOAN_EQUITY":null,"LOAN_ASSETS":null,"DEPOSIT_EQUITY":null,"DEPOSIT_ASSETS":null,"EQUITY_MULTIPLIER":1.335511971706,"EQUITY_RATIO":0.335511971707},{"SECUCODE":"02343.HK","SECURITY_CODE":"02343","SECURITY_NAME_ABBR":"太平洋航运","ORG_CODE":"10010596","STD_REPORT_DATE":"2023-12-31 00:00:00","REPORT_DATE":"2023-12-31 00:00:00","DATE_TYPE_CODE":"001","REPORT_TYPE":"2023年年报","PER_NETCASH_OPERATE":0.475514878325,"PER_OI":3.090203539585,"BPS":2.46980361685,"BASIC_EPS":0.1487367,"DILUTED_EPS":0.14519535,"OPERATE_INCOME":16266284639.4,"OPERATE_INCOME_YOY":-30.015730007,"GROSS_PROFIT":927486647.7,"GROSS_PROFIT_YOY":-81.809102290648,"HOLDER_PROFIT":774698643.3,"HOLDER_PROFIT_YOY":-84.4157490995,"GROSS_PROFIT_RATIO":5.701896089126,"EPS_TTM":0.147174142265,"OPERATE_INCOME_QOQ":-16.959817309154,"NET_PROFIT_RATIO":4.7626035107,"ROE_AVG":5.903946903935,"GROSS_PROFIT_QOQ":-61.39692328475,"ROA":4.305287762783,"HOLDER_PROFIT_QOQ":-67.492371863989,"ROE_YEARLY":5.903946903935,"ROIC_YEARLY":4.999128183928,"TOTAL_ASSETS":17228398607.4,"TOTAL_LIABILITIES":4494206879.1,"TAX_EBT":-0.255728689276,"OCF_SALES":15.387817411834,"TOTAL_PARENT_EQUITY":12734191728.3,"DEBT_ASSET_RATIO":26.0860395764,"OPERATE_PROFIT":832663460.1,"PRETAX_PROFIT":772722570,"NETCASH_OPERATE":2503026180,"NETCASH_INVEST":-433220428.2,"NETCASH_FINANCE":-2760326505.6,"END_CASH":1851410697.3,"DIVI_RATIO":0.50671197299,"DIVIDEND_RATE":4.48087431694,"CURRENT_RATIO":1.527368271955,"COMMON_ACS":36000000000,"CURRENTDEBT_DEBT":55.631464399803,"ISSUED_COMMON_SHARES":5155953146,"HK_COMMON_SHARES":5155953146,"PER_SHARES":1000,"TOTAL_MARKET_CAP":9435394257.18,"HKSK_MARKET_CAP":9435394257.18,"PE_TTM":14.833478085554,"PB_TTM":0.669507820053,"REPORT_DATE_SQ":"2022-12-31 00:00:00","REPORT_TYPE_SQ":"2022年年报","OPERATE_INCOME_SQ":22855212439.6,"DPS_HKD":0.082,"OPERATE_INCOME_QOQ_SQ":-1.215970533955,"NET_PROFIT_RATIO_SQ":21.3874463452,"HOLDER_PROFIT_SQ":4888146297.6,"HOLDER_PROFIT_QOQ_SQ":-34.594727773949,"ROE_AVG_SQ":37.546652058629,"PE_TTM_SQ":5.050873802771,"PB_TTM_SQ":0.881215174994,"ROA_SQ":26.02301729829,"START_DATE":"2023-01-01 00:00:00","FISCAL_YEAR":"12-31","CURRENCY":"HKD","IS_CNY_CODE":0,"DPS_HKD_LY":0.235,"ORG_TYPE":"一般企业","PREMIUM_INCOME":null,"PREMIUM_INCOME_YOY":null,"NET_INTEREST_INCOME":null,"NET_INTEREST_INCOME_YOY":null,"FEE_COMMISSION_INCOME":null,"FEE_COMMISSION_INCOME_YOY":null,"ACCOUNTS_RECE_TDAYS":15.444719047475,"INVENTORY_TDAYS":16.711069099888,"CURRENT_ASSETS_TDAYS":3.563120827053,"TOTAL_ASSETS_TDAYS":0.903977782969,"PREMIUM_EXPENSE":null,"LOAN_DEPOSIT":null,"LOAN_EQUITY":null,"LOAN_ASSETS":null,"DEPOSIT_EQUITY":null,"DEPOSIT_ASSETS":null,"EQUITY_MULTIPLIER":1.352924392454,"EQUITY_RATIO":0.352924392454},{"SECUCODE":"02343.HK","SECURITY_CODE":"02343","SECURITY_NAME_ABBR":"太平洋航运","ORG_CODE":"10010596","STD_REPORT_DATE":"2023-06-30 00:00:00","REPORT_DATE":"2023-06-30 00:00:00","DATE_TYPE_CODE":"002","REPORT_TYPE":"2023年中报","PER_NETCASH_OPERATE":0.253648656574,"PER_OI":1.576007642913,"BPS":2.552876196017,"BASIC_EPS":0.11850312,"DILUTED_EPS":0.11489022,"OPERATE_INCOME":8295825367.2,"OPERATE_INCOME_YOY":-33.3604979719,"GROSS_PROFIT":582095996.4,"GROSS_PROFIT_YOY":-82.242899838056,"HOLDER_PROFIT":616642546.2,"HOLDER_PROFIT_YOY":-81.6525773551,"GROSS_PROFIT_RATIO":7.016733967201,"EPS_TTM":0.45273725185,"OPERATE_INCOME_QOQ":-14.293292966028,"NET_PROFIT_RATIO":7.4331669111,"ROE_AVG":4.577101246087,"GROSS_PROFIT_QOQ":-52.877078053818,"ROA":3.304844496415,"HOLDER_PROFIT_QOQ":-51.246778645515,"ROE_YEARLY":9.154202492173,"ROIC_YEARLY":7.576146311712,"TOTAL_ASSETS":18178624285.2,"TOTAL_LIABILITIES":5016114231,"TAX_EBT":0.739749927304,"OCF_SALES":16.094379853739,"TOTAL_PARENT_EQUITY":13162510054.2,"DEBT_ASSET_RATIO":27.5934754594,"OPERATE_PROFIT":647576196,"PRETAX_PROFIT":621238155,"NETCASH_OPERATE":1335161646.6,"NETCASH_INVEST":-531443138.4,"NETCASH_FINANCE":-1843778482.8,"END_CASH":1553445838.8,"DIVI_RATIO":0.1647200439,"DIVIDEND_RATE":4.48087431694,"CURRENT_RATIO":1.213646357528,"COMMON_ACS":36000000000,"CURRENTDEBT_DEBT":60.800783641484,"ISSUED_COMMON_SHARES":5155953146,"HK_COMMON_SHARES":5155953146,"PER_SHARES":1000,"TOTAL_MARKET_CAP":9435394257.18,"HKSK_MARKET_CAP":9435394257.18,"PE_TTM":14.833478085554,"PB_TTM":0.669507820053,"REPORT_DATE_SQ":"2022-06-30 00:00:00","REPORT_TYPE_SQ":"2022年中报","OPERATE_INCOME_SQ":11562587839.2,"DPS_HKD":0.082,"OPERATE_INCOME_QOQ_SQ":22.080624602818,"NET_PROFIT_RATIO_SQ":26.9979359518,"HOLDER_PROFIT_SQ":3121660059.2,"HOLDER_PROFIT_QOQ_SQ":38.753682539319,"ROE_AVG_SQ":24.050474517132,"PE_TTM_SQ":5.050873802771,"PB_TTM_SQ":0.881215174994,"ROA_SQ":16.523426079438,"START_DATE":"2023-01-01 00:00:00","FISCAL_YEAR":"12-31","CURRENCY":"HKD","IS_CNY_CODE":0,"DPS_HKD_LY":0.235,"ORG_TYPE":"一般企业","PREMIUM_INCOME":null,"PREMIUM_INCOME_YOY":null,"NET_INTEREST_INCOME":null,"NET_INTEREST_INCOME_YOY":null,"FEE_COMMISSION_INCOME":null,"FEE_COMMISSION_INCOME_YOY":null,"ACCOUNTS_RECE_TDAYS":7.276762964747,"INVENTORY_TDAYS":8.418742384871,"CURRENT_ASSETS_TDAYS":1.819183534741,"TOTAL_ASSETS_TDAYS":0.44460786848,"PREMIUM_EXPENSE":null,"LOAN_DEPOSIT":null,"LOAN_EQUITY":null,"LOAN_ASSETS":null,"DEPOSIT_EQUITY":null,"DEPOSIT_ASSETS":null,"EQUITY_MULTIPLIER":1.381091008503,"EQUITY_RATIO":0.381091008504},{"SECUCODE":"02343.HK","SECURITY_CODE":"02343","SECURITY_NAME_ABBR":"太平洋航运","ORG_CODE":"10010596","STD_REPORT_DATE":"2022-12-31 00:00:00","REPORT_DATE":"2022-12-31 00:00:00","DATE_TYPE_CODE":"001","REPORT_TYPE":"2022年年报","PER_NETCASH_OPERATE":1.23813866232,"PER_OI":4.344097269561,"BPS":2.576432379589,"BASIC_EPS":0.97016878,"DILUTED_EPS":0.91863074,"OPERATE_INCOME":22855212439.6,"OPERATE_INCOME_YOY":10.3990090543,"GROSS_PROFIT":5098630438.8,"GROSS_PROFIT_YOY":8.163241819389,"HOLDER_PROFIT":4888146297.6,"HOLDER_PROFIT_YOY":-16.9214379565,"GROSS_PROFIT_RATIO":22.308392242139,"EPS_TTM":0.929091472711,"OPERATE_INCOME_QOQ":-1.215970533955,"NET_PROFIT_RATIO":21.3874463452,"ROE_AVG":37.546652058629,"GROSS_PROFIT_QOQ":-25.444246257024,"ROA":26.02301729829,"HOLDER_PROFIT_QOQ":-34.594727773949,"ROE_YEARLY":37.546652058629,"ROIC_YEARLY":31.258743220872,"TOTAL_ASSETS":18447031551,"TOTAL_LIABILITIES":5163066918,"TAX_EBT":0.091245941264,"OCF_SALES":28.501633031918,"TOTAL_PARENT_EQUITY":13283964633,"DEBT_ASSET_RATIO":27.9886056666,"OPERATE_PROFIT":5000102242.6,"PRETAX_PROFIT":4892610606.2,"NETCASH_OPERATE":6514108778.2,"NETCASH_INVEST":440016463.4,"NETCASH_FINANCE":-6610296868.8,"END_CASH":2499163134.8,"DIVI_RATIO":0.080266477726,"DIVIDEND_RATE":4.48087431694,"CURRENT_RATIO":1.756947470516,"COMMON_ACS":36000000000,"CURRENTDEBT_DEBT":57.578406377727,"ISSUED_COMMON_SHARES":5155953146,"HK_COMMON_SHARES":5155953146,"PER_SHARES":1000,"TOTAL_MARKET_CAP":9435394257.18,"HKSK_MARKET_CAP":9435394257.18,"PE_TTM":14.833478085554,"PB_TTM":0.669507820053,"REPORT_DATE_SQ":"2021-12-31 00:00:00","REPORT_TYPE_SQ":"2021年年报","OPERATE_INCOME_SQ":18951857509.8,"DPS_HKD":0.082,"OPERATE_INCOME_QOQ_SQ":55.969576605873,"NET_PROFIT_RATIO_SQ":28.4207240067,"HOLDER_PROFIT_SQ":5386255117,"HOLDER_PROFIT_QOQ_SQ":330.921457391086,"ROE_AVG_SQ":58.348571260837,"PE_TTM_SQ":5.050873802771,"PB_TTM_SQ":0.881215174994,"ROA_SQ":34.237771782906,"START_DATE":"2022-01-01 00:00:00","FISCAL_YEAR":"12-31","CURRENCY":"HKD","IS_CNY_CODE":0,"DPS_HKD_LY":0.35,"ORG_TYPE":"一般企业","PREMIUM_INCOME":null,"PREMIUM_INCOME_YOY":null,"NET_INTEREST_INCOME":null,"NET_INTEREST_INCOME_YOY":null,"FEE_COMMISSION_INCOME":null,"FEE_COMMISSION_INCOME_YOY":null,"ACCOUNTS_RECE_TDAYS":19.937337861565,"INVENTORY_TDAYS":22.359454683382,"CURRENT_ASSETS_TDAYS":4.376216115299,"TOTAL_ASSETS_TDAYS":1.216742610514,"PREMIUM_EXPENSE":null,"LOAN_DEPOSIT":null,"LOAN_EQUITY":null,"LOAN_ASSETS":null,"DEPOSIT_EQUITY":null,"DEPOSIT_ASSETS":null,"EQUITY_MULTIPLIER":1.388669125569,"EQUITY_RATIO":0.388669125569},{"SECUCODE":"02343.HK","SECURITY_CODE":"02343","SECURITY_NAME_ABBR":"太平洋航运","ORG_CODE":"10010596","STD_REPORT_DATE":"2022-06-30 00:00:00","REPORT_DATE":"2022-06-30 00:00:00","DATE_TYPE_CODE":"002","REPORT_TYPE":"2022年中报","PER_NETCASH_OPERATE":0.653539556761,"PER_OI":2.201101879049,"BPS":2.651139035079,"BASIC_EPS":0.63959642,"DILUTED_EPS":0.58993206,"OPERATE_INCOME":11562587839.2,"OPERATE_INCOME_YOY":50.8510846952,"GROSS_PROFIT":3278102793.2,"GROSS_PROFIT_YOY":184.248958225052,"HOLDER_PROFIT":3121660059.2,"HOLDER_PROFIT_YOY":190.5161644931,"GROSS_PROFIT_RATIO":28.350943913148,"EPS_TTM":1.422710502087,"OPERATE_INCOME_QOQ":22.080624602818,"NET_PROFIT_RATIO":26.9979359518,"ROE_AVG":24.050474517132,"GROSS_PROFIT_QOQ":45.076987877114,"ROA":16.523426079438,"HOLDER_PROFIT_QOQ":38.753682539319,"ROE_YEARLY":48.100949034264,"ROIC_YEARLY":39.976837004926,"TOTAL_ASSETS":19358966186,"TOTAL_LIABILITIES":5689817537.6,"TAX_EBT":0.152413499972,"OCF_SALES":29.691472393065,"TOTAL_PARENT_EQUITY":13669148648.4,"DEBT_ASSET_RATIO":29.3911228675,"OPERATE_PROFIT":3201478739.4,"PRETAX_PROFIT":3126425153.2,"NETCASH_OPERATE":3433102576.2,"NETCASH_INVEST":552113321,"NETCASH_FINANCE":-3100901699,"END_CASH":2961586457.8,"DIVI_RATIO":0.0524174805,"DIVIDEND_RATE":4.48087431694,"CURRENT_RATIO":2.241375922553,"COMMON_ACS":36000000000,"CURRENTDEBT_DEBT":49.224802544044,"ISSUED_COMMON_SHARES":5155953146,"HK_COMMON_SHARES":5155953146,"PER_SHARES":1000,"TOTAL_MARKET_CAP":9435394257.18,"HKSK_MARKET_CAP":9435394257.18,"PE_TTM":14.833478085554,"PB_TTM":0.669507820053,"REPORT_DATE_SQ":"2021-06-30 00:00:00","REPORT_TYPE_SQ":"2021年中报","OPERATE_INCOME_SQ":7377899327.2,"DPS_HKD":0.082,"OPERATE_INCOME_QOQ_SQ":26.603418654794,"NET_PROFIT_RATIO_SQ":14.0187308681,"HOLDER_PROFIT_SQ":1034287850.4,"HOLDER_PROFIT_QOQ_SQ":191.997454687048,"ROE_AVG_SQ":13.959346272507,"PE_TTM_SQ":5.050873802771,"PB_TTM_SQ":0.881215174994,"ROA_SQ":7.132024462099,"START_DATE":"2022-01-01 00:00:00","FISCAL_YEAR":"12-31","CURRENCY":"HKD","IS_CNY_CODE":0,"DPS_HKD_LY":0.35,"ORG_TYPE":"一般企业","PREMIUM_INCOME":null,"PREMIUM_INCOME_YOY":null,"NET_INTEREST_INCOME":null,"NET_INTEREST_INCOME_YOY":null,"FEE_COMMISSION_INCOME":null,"FEE_COMMISSION_INCOME_YOY":null,"ACCOUNTS_RECE_TDAYS":9.085255947139,"INVENTORY_TDAYS":9.331786086878,"CURRENT_ASSETS_TDAYS":2.044681280338,"TOTAL_ASSETS_TDAYS":0.612025530727,"PREMIUM_EXPENSE":null,"LOAN_DEPOSIT":null,"LOAN_EQUITY":null,"LOAN_ASSETS":null,"DEPOSIT_EQUITY":null,"DEPOSIT_ASSETS":null,"EQUITY_MULTIPLIER":1.416252517546,"EQUITY_RATIO":0.416252517545},{"SECUCODE":"02343.HK","SECURITY_CODE":"02343","SECURITY_NAME_ABBR":"太平洋航运","ORG_CODE":"10010596","STD_REPORT_DATE":"2021-12-31 00:00:00","REPORT_DATE":"2021-12-31 00:00:00","DATE_TYPE_CODE":"001","REPORT_TYPE":"2021年年报","PER_NETCASH_OPERATE":1.126611959704,"PER_OI":3.93789180288,"BPS":2.264440206804,"BASIC_EPS":1.1412503,"DILUTED_EPS":1.00289761,"OPERATE_INCOME":18951857509.8,"OPERATE_INCOME_YOY":102.0837129113,"GROSS_PROFIT":4713829165.1,"GROSS_PROFIT_YOY":1859.25744451822,"HOLDER_PROFIT":5386255117,"HOLDER_PROFIT_YOY":505.7139289625,"GROSS_PROFIT_RATIO":24.872649884912,"EPS_TTM":1.119177360978,"OPERATE_INCOME_QOQ":55.969576605873,"NET_PROFIT_RATIO":28.4207240067,"ROE_AVG":58.348571260837,"GROSS_PROFIT_QOQ":235.137285796712,"ROA":34.237771782906,"HOLDER_PROFIT_QOQ":330.921457391086,"ROE_YEARLY":58.348571260837,"ROIC_YEARLY":39.844679279597,"TOTAL_ASSETS":17504050802.4,"TOTAL_LIABILITIES":5828703194.2,"TAX_EBT":0.181721939439,"OCF_SALES":28.609520426144,"TOTAL_PARENT_EQUITY":11675347608.2,"DEBT_ASSET_RATIO":33.2991674899,"OPERATE_PROFIT":5598247142,"PRETAX_PROFIT":5396060943.6,"NETCASH_OPERATE":5422035545.4,"NETCASH_INVEST":-2129490175.7,"NETCASH_FINANCE":-2760850243.9,"END_CASH":1974133493.8,"DIVI_RATIO":0.066633674519,"DIVIDEND_RATE":4.48087431694,"CURRENT_RATIO":2.100211195016,"COMMON_ACS":36000000000,"CURRENTDEBT_DEBT":39.052029848853,"ISSUED_COMMON_SHARES":5155953146,"HK_COMMON_SHARES":5155953146,"PER_SHARES":1000,"TOTAL_MARKET_CAP":9435394257.18,"HKSK_MARKET_CAP":9435394257.18,"PE_TTM":14.833478085554,"PB_TTM":0.669507820053,"REPORT_DATE_SQ":"2020-12-31 00:00:00","REPORT_TYPE_SQ":"2020年年报","OPERATE_INCOME_SQ":9597684206.8,"DPS_HKD":0.082,"OPERATE_INCOME_QOQ_SQ":-9.577669995689,"NET_PROFIT_RATIO_SQ":-14.1561948479,"HOLDER_PROFIT_SQ":-1358666877.2,"HOLDER_PROFIT_QOQ_SQ":6.655305448398,"ROE_AVG_SQ":-17.79391148933,"PE_TTM_SQ":5.050873802771,"PB_TTM_SQ":0.881215174994,"ROA_SQ":-9.085462988698,"START_DATE":"2021-01-01 00:00:00","FISCAL_YEAR":"12-31","CURRENCY":"HKD","IS_CNY_CODE":0,"DPS_HKD_LY":0.14,"ORG_TYPE":"一般企业","PREMIUM_INCOME":null,"PREMIUM_INCOME_YOY":null,"NET_INTEREST_INCOME":null,"NET_INTEREST_INCOME_YOY":null,"FEE_COMMISSION_INCOME":null,"FEE_COMMISSION_INCOME_YOY":null,"ACCOUNTS_RECE_TDAYS":23.62400457775,"INVENTORY_TDAYS":24.582887965435,"CURRENT_ASSETS_TDAYS":5.063752729899,"TOTAL_ASSETS_TDAYS":1.204676269854,"PREMIUM_EXPENSE":null,"LOAN_DEPOSIT":null,"LOAN_EQUITY":null,"LOAN_ASSETS":null,"DEPOSIT_EQUITY":null,"DEPOSIT_ASSETS":null,"EQUITY_MULTIPLIER":1.499231662286,"EQUITY_RATIO":0.499231662285},{"SECUCODE":"02343.HK","SECURITY_CODE":"02343","SECURITY_NAME_ABBR":"太平洋航运","ORG_CODE":"10010596","STD_REPORT_DATE":"2021-06-30 00:00:00","REPORT_DATE":"2021-06-30 00:00:00","DATE_TYPE_CODE":"002","REPORT_TYPE":"2021年中报","PER_NETCASH_OPERATE":0.296807817304,"PER_OI":1.533009060881,"BPS":1.540304310438,"BASIC_EPS":0.2196434,"DILUTED_EPS":0.19638704,"OPERATE_INCOME":7377899327.2,"OPERATE_INCOME_YOY":67.5852950973,"GROSS_PROFIT":1153250591.9,"GROSS_PROFIT_YOY":9185.33217615711,"HOLDER_PROFIT":1034287850.4,"HOLDER_PROFIT_YOY":171.9966543303,"GROSS_PROFIT_RATIO":15.631151100806,"EPS_TTM":0.259717250506,"OPERATE_INCOME_QOQ":26.603418654794,"NET_PROFIT_RATIO":14.0187308681,"ROE_AVG":13.959346272507,"GROSS_PROFIT_QOQ":484.613389065479,"ROA":7.132024462099,"HOLDER_PROFIT_QOQ":191.997454687048,"ROE_YEARLY":27.918692545015,"ROIC_YEARLY":15.898960213126,"TOTAL_ASSETS":14859483259.4,"TOTAL_LIABILITIES":6917746404.2,"TAX_EBT":0.375836921622,"OCF_SALES":19.361126093626,"TOTAL_PARENT_EQUITY":7941736855.2,"DEBT_ASSET_RATIO":46.5544210619,"OPERATE_PROFIT":1144510076.6,"PRETAX_PROFIT":1038189750.8,"NETCASH_OPERATE":1428444391.8,"NETCASH_INVEST":-635014909.8,"NETCASH_FINANCE":-853902478.1,"END_CASH":1401266751.1,"DIVI_RATIO":0.287138801349,"DIVIDEND_RATE":4.48087431694,"CURRENT_RATIO":1.424144076098,"COMMON_ACS":36000000000,"CURRENTDEBT_DEBT":31.650981190502,"ISSUED_COMMON_SHARES":5155953146,"HK_COMMON_SHARES":5155953146,"PER_SHARES":1000,"TOTAL_MARKET_CAP":9435394257.18,"HKSK_MARKET_CAP":9435394257.18,"PE_TTM":14.833478085554,"PB_TTM":0.669507820053,"REPORT_DATE_SQ":"2020-06-30 00:00:00","REPORT_TYPE_SQ":"2020年中报","OPERATE_INCOME_SQ":4824587216.5,"DPS_HKD":0.082,"OPERATE_INCOME_QOQ_SQ":-4.060811537949,"NET_PROFIT_RATIO_SQ":-32.6311433674,"HOLDER_PROFIT_SQ":-1574317971.5,"HOLDER_PROFIT_QOQ_SQ":-930.454114987386,"ROE_AVG_SQ":-19.168629844265,"PE_TTM_SQ":5.050873802771,"PB_TTM_SQ":0.881215174994,"ROA_SQ":-9.432918606787,"START_DATE":"2021-01-01 00:00:00","FISCAL_YEAR":"12-31","CURRENCY":"HKD","IS_CNY_CODE":0,"DPS_HKD_LY":0.14,"ORG_TYPE":"一般企业","PREMIUM_INCOME":null,"PREMIUM_INCOME_YOY":null,"NET_INTEREST_INCOME":null,"NET_INTEREST_INCOME_YOY":null,"FEE_COMMISSION_INCOME":null,"FEE_COMMISSION_INCOME_YOY":null,"ACCOUNTS_RECE_TDAYS":11.523219033301,"INVENTORY_TDAYS":10.790188020023,"CURRENT_ASSETS_TDAYS":2.518586637116,"TOTAL_ASSETS_TDAYS":0.508749652818,"PREMIUM_EXPENSE":null,"LOAN_DEPOSIT":null,"LOAN_EQUITY":null,"LOAN_ASSETS":null,"DEPOSIT_EQUITY":null,"DEPOSIT_ASSETS":null,"EQUITY_MULTIPLIER":1.87106215307,"EQUITY_RATIO":0.871062153069},{"SECUCODE":"02343.HK","SECURITY_CODE":"02343","SECURITY_NAME_ABBR":"太平洋航运","ORG_CODE":"10010596","STD_REPORT_DATE":"2020-12-31 00:00:00","REPORT_DATE":"2020-12-31 00:00:00","DATE_TYPE_CODE":"001","REPORT_TYPE":"2020年年报","PER_NETCASH_OPERATE":0.299225596662,"PER_OI":2.004164167644,"BPS":1.347144665092,"BASIC_EPS":-0.29035805,"DILUTED_EPS":-0.29035805,"OPERATE_INCOME":9597684206.8,"OPERATE_INCOME_YOY":-7.2493852071,"GROSS_PROFIT":240592637.7,"GROSS_PROFIT_YOY":-52.413126581607,"HOLDER_PROFIT":-1358666877.2,"HOLDER_PROFIT_YOY":-928.8011463143,"GROSS_PROFIT_RATIO":2.506778015571,"EPS_TTM":-0.283713384643,"OPERATE_INCOME_QOQ":-9.577669995689,"NET_PROFIT_RATIO":-14.1561948479,"ROE_AVG":-17.79391148933,"GROSS_PROFIT_QOQ":-13.456890148719,"ROA":-9.085462988698,"HOLDER_PROFIT_QOQ":6.655305448398,"ROE_YEARLY":-17.79391148933,"ROIC_YEARLY":-10.037996565751,"TOTAL_ASSETS":14286444722.3,"TOTAL_LIABILITIES":7340629948.2,"TAX_EBT":-0.986449654209,"OCF_SALES":14.93019391787,"TOTAL_PARENT_EQUITY":6945814774.1,"DEBT_ASSET_RATIO":51.381782458,"OPERATE_PROFIT":210023481.2,"PRETAX_PROFIT":-1345395230.6,"NETCASH_OPERATE":1432952863.7,"NETCASH_INVEST":-601034638.6,"NETCASH_FINANCE":-662747142.8,"END_CASH":1476408697.7,"DIVI_RATIO":-0.262852949619,"DIVIDEND_RATE":4.48087431694,"CURRENT_RATIO":1.486841136825,"COMMON_ACS":36000000000,"CURRENTDEBT_DEBT":25.361460883293,"ISSUED_COMMON_SHARES":5155953146,"HK_COMMON_SHARES":5155953146,"PER_SHARES":1000,"TOTAL_MARKET_CAP":9435394257.18,"HKSK_MARKET_CAP":9435394257.18,"PE_TTM":14.833478085554,"PB_TTM":0.669507820053,"REPORT_DATE_SQ":"2019-12-31 00:00:00","REPORT_TYPE_SQ":"2019年年报","OPERATE_INCOME_SQ":11063555580,"DPS_HKD":0.082,"OPERATE_INCOME_QOQ_SQ":1.197586269745,"NET_PROFIT_RATIO_SQ":1.5842108582,"HOLDER_PROFIT_SQ":175270048.8,"HOLDER_PROFIT_QOQ_SQ":-49.795938161405,"ROE_AVG_SQ":2.004195216783,"PE_TTM_SQ":5.050873802771,"PB_TTM_SQ":0.881215174994,"ROA_SQ":1.055532460123,"START_DATE":"2020-01-01 00:00:00","FISCAL_YEAR":"12-31","CURRENCY":"HKD","IS_CNY_CODE":0,"DPS_HKD_LY":0.021,"ORG_TYPE":"一般企业","PREMIUM_INCOME":null,"PREMIUM_INCOME_YOY":null,"NET_INTEREST_INCOME":null,"NET_INTEREST_INCOME_YOY":null,"FEE_COMMISSION_INCOME":null,"FEE_COMMISSION_INCOME_YOY":null,"ACCOUNTS_RECE_TDAYS":17.384950862492,"INVENTORY_TDAYS":17.023896578741,"CURRENT_ASSETS_TDAYS":3.626996358041,"TOTAL_ASSETS_TDAYS":0.641801210447,"PREMIUM_EXPENSE":null,"LOAN_DEPOSIT":null,"LOAN_EQUITY":null,"LOAN_ASSETS":null,"DEPOSIT_EQUITY":null,"DEPOSIT_ASSETS":null,"EQUITY_MULTIPLIER":2.056842168547,"EQUITY_RATIO":1.056842168549},{"SECUCODE":"02343.HK","SECURITY_CODE":"02343","SECURITY_NAME_ABBR":"太平洋航运","ORG_CODE":"10010596","STD_REPORT_DATE":"2020-06-30 00:00:00","REPORT_DATE":"2020-06-30 00:00:00","DATE_TYPE_CODE":"002","REPORT_TYPE":"2020年中报","PER_NETCASH_OPERATE":0.143245093162,"PER_OI":1.007458113295,"BPS":1.433880899933,"BASIC_EPS":-0.33769215,"DILUTED_EPS":-0.33769215,"OPERATE_INCOME":4824587216.5,"OPERATE_INCOME_YOY":-11.1652371145,"GROSS_PROFIT":-12693543.5,"GROSS_PROFIT_YOY":-105.907013151194,"HOLDER_PROFIT":-1574317971.5,"HOLDER_PROFIT_YOY":-2806.3040038944,"GROSS_PROFIT_RATIO":-0.263101130322,"EPS_TTM":-0.303941628398,"OPERATE_INCOME_QOQ":-4.060811537949,"NET_PROFIT_RATIO":-32.6311433674,"ROE_AVG":-19.168629844265,"GROSS_PROFIT_QOQ":-45.013677576218,"ROA":-9.432918606787,"HOLDER_PROFIT_QOQ":-930.454114987386,"ROE_YEARLY":-38.337259688529,"ROIC_YEARLY":-21.185162850395,"TOTAL_ASSETS":16429246980.5,"TOTAL_LIABILITIES":9036224243.5,"TAX_EBT":-0.226705247122,"OCF_SALES":14.218466383071,"TOTAL_PARENT_EQUITY":7393022737,"DEBT_ASSET_RATIO":55.0008424259,"OPERATE_PROFIT":-1435517294.5,"PRETAX_PROFIT":-1570756983,"NETCASH_OPERATE":685982311.5,"NETCASH_INVEST":-614061671,"NETCASH_FINANCE":712282654,"END_CASH":2201441320,"DIVI_RATIO":-0.245359282942,"DIVIDEND_RATE":4.48087431694,"CURRENT_RATIO":1.415004177303,"COMMON_ACS":36000000000,"CURRENTDEBT_DEBT":27.101135778714,"ISSUED_COMMON_SHARES":5155953146,"HK_COMMON_SHARES":5155953146,"PER_SHARES":1000,"TOTAL_MARKET_CAP":9435394257.18,"HKSK_MARKET_CAP":9435394257.18,"PE_TTM":14.833478085554,"PB_TTM":0.669507820053,"REPORT_DATE_SQ":"2019-06-30 00:00:00","REPORT_TYPE_SQ":"2019年中报","OPERATE_INCOME_SQ":5273857358,"DPS_HKD":0.082,"OPERATE_INCOME_QOQ_SQ":0.086109063438,"NET_PROFIT_RATIO_SQ":1.0711213077,"HOLDER_PROFIT_SQ":56489409.9,"HOLDER_PROFIT_QOQ_SQ":-29.627979637461,"ROE_AVG_SQ":0.665688293097,"PE_TTM_SQ":5.050873802771,"PB_TTM_SQ":0.881215174994,"ROA_SQ":0.335670608968,"START_DATE":"2020-01-01 00:00:00","FISCAL_YEAR":"12-31","CURRENCY":"HKD","IS_CNY_CODE":0,"DPS_HKD_LY":0.021,"ORG_TYPE":"一般企业","PREMIUM_INCOME":null,"PREMIUM_INCOME_YOY":null,"NET_INTEREST_INCOME":null,"NET_INTEREST_INCOME_YOY":null,"FEE_COMMISSION_INCOME":null,"FEE_COMMISSION_INCOME_YOY":null,"ACCOUNTS_RECE_TDAYS":8.480953269865,"INVENTORY_TDAYS":8.30619427071,"CURRENT_ASSETS_TDAYS":1.555286763607,"TOTAL_ASSETS_TDAYS":0.289077170867,"PREMIUM_EXPENSE":null,"LOAN_DEPOSIT":null,"LOAN_EQUITY":null,"LOAN_ASSETS":null,"DEPOSIT_EQUITY":null,"DEPOSIT_ASSETS":null,"EQUITY_MULTIPLIER":2.22226382428,"EQUITY_RATIO":1.222263824278}],"count":44},"success":true,"message":"ok","code":0}