{"version":"1e91742fc5cfe98a565b9e2eef207d1c","result":{"pages":6,"data":[{"SECUCODE":"02340.HK","SECURITY_CODE":"02340","SECURITY_NAME_ABBR":"昇柏控股","ORG_CODE":"10010593","STD_REPORT_DATE":"2024-06-30 00:00:00","REPORT_DATE":"2024-06-30 00:00:00","DATE_TYPE_CODE":"002","REPORT_TYPE":"2024年中报","PER_NETCASH_OPERATE":-0.047147435471,"PER_OI":0.102142393692,"BPS":0.373228869389,"BASIC_EPS":-0.022817,"DILUTED_EPS":-0.01916628,"OPERATE_INCOME":43395195.96,"OPERATE_INCOME_YOY":-39.9696988826,"GROSS_PROFIT":7200132.52,"GROSS_PROFIT_YOY":59.213532352777,"HOLDER_PROFIT":-9573100.52,"HOLDER_PROFIT_YOY":-32.5037897928,"GROSS_PROFIT_RATIO":16.592003701601,"EPS_TTM":-0.037870129505,"OPERATE_INCOME_QOQ":-21.133379767875,"NET_PROFIT_RATIO":-22.0602771994,"ROE_AVG":-5.857077045496,"GROSS_PROFIT_QOQ":22.565363609956,"ROA":-3.16880558778,"HOLDER_PROFIT_QOQ":-16.466179702191,"ROE_YEARLY":-11.714154090992,"ROIC_YEARLY":-7.596774865242,"TOTAL_ASSETS":286048514.88,"TOTAL_LIABILITIES":127482229.72,"TAX_EBT":0.028593213877,"OCF_SALES":-46.158537867794,"TOTAL_PARENT_EQUITY":158566285.16,"DEBT_ASSET_RATIO":44.5666462465,"OPERATE_PROFIT":-9544807.44,"PRETAX_PROFIT":-9575838.56,"NETCASH_OPERATE":-20030587.96,"NETCASH_INVEST":-3109500.76,"NETCASH_FINANCE":-854268.48,"END_CASH":37865267.84,"DIVI_RATIO":null,"DIVIDEND_RATE":null,"CURRENT_RATIO":2.233036715448,"COMMON_ACS":9000000000,"CURRENTDEBT_DEBT":99.602660385598,"ISSUED_COMMON_SHARES":424850000,"HK_COMMON_SHARES":424850000,"PER_SHARES":4000,"TOTAL_MARKET_CAP":99839750,"HKSK_MARKET_CAP":99839750,"PE_TTM":-5.603622944379,"PB_TTM":0.574660262351,"REPORT_DATE_SQ":"2023-06-30 00:00:00","REPORT_TYPE_SQ":"2023年中报","OPERATE_INCOME_SQ":73025425.9,"DPS_HKD":null,"OPERATE_INCOME_QOQ_SQ":-6.379596120823,"NET_PROFIT_RATIO_SQ":-9.9943185405,"HOLDER_PROFIT_SQ":-7298393.68,"HOLDER_PROFIT_QOQ_SQ":-98.273302495632,"ROE_AVG_SQ":-4.043097085916,"PE_TTM_SQ":-9.581624360847,"PB_TTM_SQ":0.548313852328,"ROA_SQ":-1.945037218862,"START_DATE":"2024-01-01 00:00:00","FISCAL_YEAR":"12-31","CURRENCY":"HKD","IS_CNY_CODE":0,"DPS_HKD_LY":null,"ORG_TYPE":"一般企业","PREMIUM_INCOME":null,"PREMIUM_INCOME_YOY":null,"NET_INTEREST_INCOME":null,"NET_INTEREST_INCOME_YOY":null,"FEE_COMMISSION_INCOME":null,"FEE_COMMISSION_INCOME_YOY":null,"ACCOUNTS_RECE_TDAYS":0.543363236386,"INVENTORY_TDAYS":null,"CURRENT_ASSETS_TDAYS":0.144696339149,"TOTAL_ASSETS_TDAYS":0.143643053944,"PREMIUM_EXPENSE":null,"LOAN_DEPOSIT":null,"LOAN_EQUITY":null,"LOAN_ASSETS":null,"DEPOSIT_EQUITY":null,"DEPOSIT_ASSETS":null,"EQUITY_MULTIPLIER":1.803968066675,"EQUITY_RATIO":0.803968066675},{"SECUCODE":"02340.HK","SECURITY_CODE":"02340","SECURITY_NAME_ABBR":"昇柏控股","ORG_CODE":"10010593","STD_REPORT_DATE":"2023-12-31 00:00:00","REPORT_DATE":"2023-12-31 00:00:00","DATE_TYPE_CODE":"001","REPORT_TYPE":"2023年年报","PER_NETCASH_OPERATE":-0.05211644877,"PER_OI":0.330012539249,"BPS":0.393391413817,"BASIC_EPS":-0.03262392,"DILUTED_EPS":-0.0271866,"OPERATE_INCOME":140205827.3,"OPERATE_INCOME_YOY":-31.2142377614,"GROSS_PROFIT":11866950.9,"GROSS_PROFIT_YOY":-41.373159324738,"HOLDER_PROFIT":-13814417.68,"HOLDER_PROFIT_YOY":-103.4904061913,"GROSS_PROFIT_RATIO":8.46394984326,"EPS_TTM":-0.032515988419,"OPERATE_INCOME_QOQ":-25.46179365407,"NET_PROFIT_RATIO":-9.8529554342,"ROE_AVG":-7.92666122415,"GROSS_PROFIT_QOQ":-5.61617311066,"ROA":-3.944552692796,"HOLDER_PROFIT_QOQ":-305.074000260926,"ROE_YEARLY":-7.92666122415,"ROIC_YEARLY":-5.530743080222,"TOTAL_ASSETS":315908292,"TOTAL_LIABILITIES":148775949.84,"TAX_EBT":1.314171036447,"OCF_SALES":-15.792263193614,"TOTAL_PARENT_EQUITY":167132342.16,"DEBT_ASSET_RATIO":47.0946643718,"OPERATE_PROFIT":-13936757.38,"PRETAX_PROFIT":-13998380.34,"NETCASH_OPERATE":-22141673.26,"NETCASH_INVEST":-52623289.18,"NETCASH_FINANCE":-1955622.76,"END_CASH":61841359.02,"DIVI_RATIO":null,"DIVIDEND_RATE":null,"CURRENT_RATIO":2.119528053189,"COMMON_ACS":9000000000,"CURRENTDEBT_DEBT":99.586409375533,"ISSUED_COMMON_SHARES":424850000,"HK_COMMON_SHARES":424850000,"PER_SHARES":4000,"TOTAL_MARKET_CAP":93467000,"HKSK_MARKET_CAP":93467000,"PE_TTM":-5.245944884099,"PB_TTM":0.537979820073,"REPORT_DATE_SQ":"2022-12-31 00:00:00","REPORT_TYPE_SQ":"2022年年报","OPERATE_INCOME_SQ":200916968.21,"DPS_HKD":null,"OPERATE_INCOME_QOQ_SQ":-15.976342758406,"NET_PROFIT_RATIO_SQ":194.1731170223,"HOLDER_PROFIT_SQ":390126739.8,"HOLDER_PROFIT_QOQ_SQ":3.779085633802,"ROE_AVG_SQ":239.194906551653,"PE_TTM_SQ":-9.348872352082,"PB_TTM_SQ":0.534994487494,"ROA_SQ":92.307009469743,"START_DATE":"2023-01-01 00:00:00","FISCAL_YEAR":"12-31","CURRENCY":"HKD","IS_CNY_CODE":0,"DPS_HKD_LY":null,"ORG_TYPE":"一般企业","PREMIUM_INCOME":null,"PREMIUM_INCOME_YOY":null,"NET_INTEREST_INCOME":null,"NET_INTEREST_INCOME_YOY":null,"FEE_COMMISSION_INCOME":null,"FEE_COMMISSION_INCOME_YOY":null,"ACCOUNTS_RECE_TDAYS":1.627782190822,"INVENTORY_TDAYS":null,"CURRENT_ASSETS_TDAYS":0.402554555555,"TOTAL_ASSETS_TDAYS":0.400342082043,"PREMIUM_EXPENSE":null,"LOAN_DEPOSIT":null,"LOAN_EQUITY":null,"LOAN_ASSETS":null,"DEPOSIT_EQUITY":null,"DEPOSIT_ASSETS":null,"EQUITY_MULTIPLIER":1.89016852105,"EQUITY_RATIO":0.890168521049},{"SECUCODE":"02340.HK","SECURITY_CODE":"02340","SECURITY_NAME_ABBR":"昇柏控股","ORG_CODE":"10010593","STD_REPORT_DATE":"2023-06-30 00:00:00","REPORT_DATE":"2023-06-30 00:00:00","DATE_TYPE_CODE":"002","REPORT_TYPE":"2023年中报","PER_NETCASH_OPERATE":-0.024351035848,"PER_OI":0.171885196893,"BPS":0.415326111192,"BASIC_EPS":-0.01751762,"DILUTED_EPS":-0.01475168,"OPERATE_INCOME":73025425.9,"OPERATE_INCOME_YOY":-21.0940535371,"GROSS_PROFIT":4522311.9,"GROSS_PROFIT_YOY":-62.903693050561,"HOLDER_PROFIT":-7298393.68,"HOLDER_PROFIT_YOY":-101.8000072764,"GROSS_PROFIT_RATIO":6.192790859163,"EPS_TTM":0.015855734212,"OPERATE_INCOME_QOQ":-6.379596120823,"NET_PROFIT_RATIO":-9.9943185405,"ROE_AVG":-4.043097085916,"GROSS_PROFIT_QOQ":-37.884653963015,"ROA":-1.945037218862,"HOLDER_PROFIT_QOQ":-98.273302495632,"ROE_YEARLY":-8.086194171832,"ROIC_YEARLY":-5.434433755825,"TOTAL_ASSETS":359254116.9,"TOTAL_LIABILITIES":182802818.56,"TAX_EBT":0.239445494644,"OCF_SALES":-14.167034909412,"TOTAL_PARENT_EQUITY":176451298.34,"DEBT_ASSET_RATIO":50.8839871168,"OPERATE_PROFIT":-7288251.9,"PRETAX_PROFIT":-7315911.3,"NETCASH_OPERATE":-10345537.58,"NETCASH_INVEST":-57457793.6,"NETCASH_FINANCE":-1046447.3,"END_CASH":71810256.26,"DIVI_RATIO":null,"DIVIDEND_RATE":null,"CURRENT_RATIO":1.956293105192,"COMMON_ACS":9000000000,"CURRENTDEBT_DEBT":99.747821174952,"ISSUED_COMMON_SHARES":424850000,"HK_COMMON_SHARES":424850000,"PER_SHARES":4000,"TOTAL_MARKET_CAP":93467000,"HKSK_MARKET_CAP":93467000,"PE_TTM":-5.245944884099,"PB_TTM":0.537979820073,"REPORT_DATE_SQ":"2022-06-30 00:00:00","REPORT_TYPE_SQ":"2022年中报","OPERATE_INCOME_SQ":85843117.01,"DPS_HKD":null,"OPERATE_INCOME_QOQ_SQ":-32.087660372674,"NET_PROFIT_RATIO_SQ":438.1155420955,"HOLDER_PROFIT_SQ":376092037.44,"HOLDER_PROFIT_QOQ_SQ":2244.40754901448,"ROE_AVG_SQ":186.949387428902,"PE_TTM_SQ":-9.348872352082,"PB_TTM_SQ":0.534994487494,"ROA_SQ":83.925676494471,"START_DATE":"2023-01-01 00:00:00","FISCAL_YEAR":"12-31","CURRENCY":"HKD","IS_CNY_CODE":0,"DPS_HKD_LY":null,"ORG_TYPE":"一般企业","PREMIUM_INCOME":null,"PREMIUM_INCOME_YOY":null,"NET_INTEREST_INCOME":null,"NET_INTEREST_INCOME_YOY":null,"FEE_COMMISSION_INCOME":null,"FEE_COMMISSION_INCOME_YOY":null,"ACCOUNTS_RECE_TDAYS":0.786665276185,"INVENTORY_TDAYS":null,"CURRENT_ASSETS_TDAYS":0.195800444479,"TOTAL_ASSETS_TDAYS":0.194614291208,"PREMIUM_EXPENSE":null,"LOAN_DEPOSIT":null,"LOAN_EQUITY":null,"LOAN_ASSETS":null,"DEPOSIT_EQUITY":null,"DEPOSIT_ASSETS":null,"EQUITY_MULTIPLIER":2.035995882602,"EQUITY_RATIO":1.035995882602},{"SECUCODE":"02340.HK","SECURITY_CODE":"02340","SECURITY_NAME_ABBR":"昇柏控股","ORG_CODE":"10010593","STD_REPORT_DATE":"2022-12-31 00:00:00","REPORT_DATE":"2022-12-31 00:00:00","DATE_TYPE_CODE":"001","REPORT_TYPE":"2022年年报","PER_NETCASH_OPERATE":-0.034172807603,"PER_OI":0.472912717924,"BPS":0.420927074167,"BASIC_EPS":0.78518433,"DILUTED_EPS":0.77267855,"OPERATE_INCOME":200916968.21,"OPERATE_INCOME_YOY":-47.7713972567,"GROSS_PROFIT":20241498.2,"GROSS_PROFIT_YOY":41.502137866346,"HOLDER_PROFIT":390126739.8,"HOLDER_PROFIT_YOY":2126.9018967979,"GROSS_PROFIT_RATIO":10.074558849028,"EPS_TTM":0.918269365188,"OPERATE_INCOME_QOQ":-15.976342758406,"NET_PROFIT_RATIO":194.1731170223,"ROE_AVG":239.194906551653,"GROSS_PROFIT_QOQ":32.226961270875,"ROA":92.307009469743,"HOLDER_PROFIT_QOQ":3.779085633802,"ROE_YEARLY":239.194906551653,"ROIC_YEARLY":122.992611825866,"TOTAL_ASSETS":379026966.78,"TOTAL_LIABILITIES":200196099.32,"TAX_EBT":-10.677083333333,"OCF_SALES":-7.226028463074,"TOTAL_PARENT_EQUITY":178830867.46,"DEBT_ASSET_RATIO":52.8184316332,"OPERATE_PROFIT":-1294348.23,"PRETAX_PROFIT":-1372062.72,"NETCASH_OPERATE":-14518317.31,"NETCASH_INVEST":429804899.93,"NETCASH_FINANCE":-358446919.25,"END_CASH":137051736.29,"DIVI_RATIO":null,"DIVIDEND_RATE":null,"CURRENT_RATIO":1.88563056403,"COMMON_ACS":9000000000,"CURRENTDEBT_DEBT":99.890681611308,"ISSUED_COMMON_SHARES":424850000,"HK_COMMON_SHARES":424850000,"PER_SHARES":4000,"TOTAL_MARKET_CAP":93467000,"HKSK_MARKET_CAP":93467000,"PE_TTM":-5.245944884099,"PB_TTM":0.537979820073,"REPORT_DATE_SQ":"2021-12-31 00:00:00","REPORT_TYPE_SQ":"2021年年报","OPERATE_INCOME_SQ":352100257.6,"DPS_HKD":null,"OPERATE_INCOME_QOQ_SQ":-63.249638427704,"NET_PROFIT_RATIO_SQ":4.5540356344,"HOLDER_PROFIT_SQ":16034771.2,"HOLDER_PROFIT_QOQ_SQ":-39.966909183347,"ROE_AVG_SQ":12.634196463945,"PE_TTM_SQ":-9.348872352082,"PB_TTM_SQ":0.534994487494,"ROA_SQ":3.410305165972,"START_DATE":"2022-01-01 00:00:00","FISCAL_YEAR":"12-31","CURRENCY":"HKD","IS_CNY_CODE":0,"DPS_HKD_LY":0.79,"ORG_TYPE":"一般企业","PREMIUM_INCOME":null,"PREMIUM_INCOME_YOY":null,"NET_INTEREST_INCOME":null,"NET_INTEREST_INCOME_YOY":null,"FEE_COMMISSION_INCOME":null,"FEE_COMMISSION_INCOME_YOY":null,"ACCOUNTS_RECE_TDAYS":2.17120765299,"INVENTORY_TDAYS":null,"CURRENT_ASSETS_TDAYS":0.478664473278,"TOTAL_ASSETS_TDAYS":0.475385114507,"PREMIUM_EXPENSE":null,"LOAN_DEPOSIT":null,"LOAN_EQUITY":null,"LOAN_ASSETS":null,"DEPOSIT_EQUITY":null,"DEPOSIT_ASSETS":null,"EQUITY_MULTIPLIER":2.119471722995,"EQUITY_RATIO":1.119471722994},{"SECUCODE":"02340.HK","SECURITY_CODE":"02340","SECURITY_NAME_ABBR":"昇柏控股","ORG_CODE":"10010593","STD_REPORT_DATE":"2022-06-30 00:00:00","REPORT_DATE":"2022-06-30 00:00:00","DATE_TYPE_CODE":"002","REPORT_TYPE":"2022年中报","PER_NETCASH_OPERATE":-0.025851959915,"PER_OI":0.202055118301,"BPS":0.614945721572,"BASIC_EPS":0.79019556,"DILUTED_EPS":0.74487049,"OPERATE_INCOME":85843117.01,"OPERATE_INCOME_YOY":-57.9912784371,"GROSS_PROFIT":12190733.45,"GROSS_PROFIT_YOY":8.969245937783,"HOLDER_PROFIT":376092037.44,"HOLDER_PROFIT_YOY":2157.9247317349,"GROSS_PROFIT_RATIO":14.201177537134,"EPS_TTM":0.884830849665,"OPERATE_INCOME_QOQ":-32.087660372674,"NET_PROFIT_RATIO":438.1155420955,"ROE_AVG":186.949387428902,"GROSS_PROFIT_QOQ":7.014588028284,"ROA":83.925676494471,"HOLDER_PROFIT_QOQ":2244.40754901448,"ROE_YEARLY":373.898774857804,"ROIC_YEARLY":243.363446453523,"TOTAL_ASSETS":449872699.5,"TOTAL_LIABILITIES":188613009.69,"TAX_EBT":-1.059001512859,"OCF_SALES":-12.794508811604,"TOTAL_PARENT_EQUITY":261259689.81,"DEBT_ASSET_RATIO":41.9258625606,"OPERATE_PROFIT":1171610.3,"PRETAX_PROFIT":1130561.18,"NETCASH_OPERATE":-10983205.17,"NETCASH_INVEST":395507416.01,"NETCASH_FINANCE":-255794170.52,"END_CASH":207402389.18,"DIVI_RATIO":null,"DIVIDEND_RATE":null,"CURRENT_RATIO":2.373922286524,"COMMON_ACS":9000000000,"CURRENTDEBT_DEBT":99.814555363612,"ISSUED_COMMON_SHARES":424850000,"HK_COMMON_SHARES":424850000,"PER_SHARES":4000,"TOTAL_MARKET_CAP":93467000,"HKSK_MARKET_CAP":93467000,"PE_TTM":-5.245944884099,"PB_TTM":0.537979820073,"REPORT_DATE_SQ":"2021-06-30 00:00:00","REPORT_TYPE_SQ":"2021年中报","OPERATE_INCOME_SQ":198823851.84,"DPS_HKD":null,"OPERATE_INCOME_QOQ_SQ":0.948930872398,"NET_PROFIT_RATIO_SQ":3.1477725433,"HOLDER_PROFIT_SQ":16206422.16,"HOLDER_PROFIT_QOQ_SQ":123.285201156802,"ROE_AVG_SQ":12.533744325001,"PE_TTM_SQ":-9.348872352082,"PB_TTM_SQ":0.534994487494,"ROA_SQ":3.500532889049,"START_DATE":"2022-01-01 00:00:00","FISCAL_YEAR":"12-31","CURRENCY":"HKD","IS_CNY_CODE":0,"DPS_HKD_LY":0.79,"ORG_TYPE":"一般企业","PREMIUM_INCOME":null,"PREMIUM_INCOME_YOY":null,"NET_INTEREST_INCOME":null,"NET_INTEREST_INCOME_YOY":null,"FEE_COMMISSION_INCOME":null,"FEE_COMMISSION_INCOME_YOY":null,"ACCOUNTS_RECE_TDAYS":0.987744097142,"INVENTORY_TDAYS":null,"CURRENT_ASSETS_TDAYS":0.192989033469,"TOTAL_ASSETS_TDAYS":0.19156060087,"PREMIUM_EXPENSE":null,"LOAN_DEPOSIT":null,"LOAN_EQUITY":null,"LOAN_ASSETS":null,"DEPOSIT_EQUITY":null,"DEPOSIT_ASSETS":null,"EQUITY_MULTIPLIER":1.721936896684,"EQUITY_RATIO":0.721936896684},{"SECUCODE":"02340.HK","SECURITY_CODE":"02340","SECURITY_NAME_ABBR":"昇柏控股","ORG_CODE":"10010593","STD_REPORT_DATE":"2021-12-31 00:00:00","REPORT_DATE":"2021-12-31 00:00:00","DATE_TYPE_CODE":"001","REPORT_TYPE":"2021年年报","PER_NETCASH_OPERATE":-0.012889925385,"PER_OI":0.828763699188,"BPS":0.317488984818,"BASIC_EPS":0.0376096,"DILUTED_EPS":0.0318864,"OPERATE_INCOME":352100257.6,"OPERATE_INCOME_YOY":11.6842195349,"GROSS_PROFIT":14304729.6,"GROSS_PROFIT_YOY":149.265940554508,"HOLDER_PROFIT":16034771.2,"HOLDER_PROFIT_YOY":37.9863505242,"GROSS_PROFIT_RATIO":4.062686490917,"EPS_TTM":0.037742194186,"OPERATE_INCOME_QOQ":-63.249638427704,"NET_PROFIT_RATIO":4.5540356344,"ROE_AVG":12.634196463945,"GROSS_PROFIT_QOQ":-73.368483672384,"ROA":3.410305165972,"HOLDER_PROFIT_QOQ":-39.966909183347,"ROE_YEARLY":12.634196463945,"ROIC_YEARLY":4.548142548045,"TOTAL_ASSETS":426756948.8,"TOTAL_LIABILITIES":291871753.6,"TAX_EBT":-9.491741688523,"OCF_SALES":-1.555319736863,"TOTAL_PARENT_EQUITY":134885195.2,"DEBT_ASSET_RATIO":68.392970383,"OPERATE_PROFIT":-9180830.4,"PRETAX_PROFIT":-11533883.2,"NETCASH_OPERATE":-5476284.8,"NETCASH_INVEST":6799979.2,"NETCASH_FINANCE":-94309342.4,"END_CASH":75598566.4,"DIVI_RATIO":null,"DIVIDEND_RATE":null,"CURRENT_RATIO":1.454621069492,"COMMON_ACS":9000000000,"CURRENTDEBT_DEBT":99.687382698481,"ISSUED_COMMON_SHARES":424850000,"HK_COMMON_SHARES":424850000,"PER_SHARES":4000,"TOTAL_MARKET_CAP":93467000,"HKSK_MARKET_CAP":93467000,"PE_TTM":-5.245944884099,"PB_TTM":0.537979820073,"REPORT_DATE_SQ":"2020-12-31 00:00:00","REPORT_TYPE_SQ":"2020年年报","OPERATE_INCOME_SQ":324533859.08,"DPS_HKD":null,"OPERATE_INCOME_QOQ_SQ":-24.87335735209,"NET_PROFIT_RATIO_SQ":1.2604021084,"HOLDER_PROFIT_SQ":11962229.32,"HOLDER_PROFIT_QOQ_SQ":-30.080324068317,"ROE_AVG_SQ":10.293979184622,"PE_TTM_SQ":-9.348872352082,"PB_TTM_SQ":0.534994487494,"ROA_SQ":1.940920260856,"START_DATE":"2021-01-01 00:00:00","FISCAL_YEAR":"12-31","CURRENCY":"HKD","IS_CNY_CODE":0,"DPS_HKD_LY":null,"ORG_TYPE":"一般企业","PREMIUM_INCOME":null,"PREMIUM_INCOME_YOY":null,"NET_INTEREST_INCOME":null,"NET_INTEREST_INCOME_YOY":null,"FEE_COMMISSION_INCOME":null,"FEE_COMMISSION_INCOME_YOY":null,"ACCOUNTS_RECE_TDAYS":2.29921491056,"INVENTORY_TDAYS":null,"CURRENT_ASSETS_TDAYS":0.769385788058,"TOTAL_ASSETS_TDAYS":0.748853421391,"PREMIUM_EXPENSE":null,"LOAN_DEPOSIT":null,"LOAN_EQUITY":null,"LOAN_ASSETS":null,"DEPOSIT_EQUITY":null,"DEPOSIT_ASSETS":null,"EQUITY_MULTIPLIER":3.16385314317,"EQUITY_RATIO":2.163853143165},{"SECUCODE":"02340.HK","SECURITY_CODE":"02340","SECURITY_NAME_ABBR":"昇柏控股","ORG_CODE":"10010593","STD_REPORT_DATE":"2021-06-30 00:00:00","REPORT_DATE":"2021-06-30 00:00:00","DATE_TYPE_CODE":"002","REPORT_TYPE":"2021年中报","PER_NETCASH_OPERATE":-0.020492063175,"PER_OI":0.467985999388,"BPS":0.323765980652,"BASIC_EPS":0.03827568,"DILUTED_EPS":0.03245112,"OPERATE_INCOME":198823851.84,"OPERATE_INCOME_YOY":11.7323933743,"GROSS_PROFIT":11187315.6,"GROSS_PROFIT_YOY":-70.746756792501,"HOLDER_PROFIT":16206422.16,"HOLDER_PROFIT_YOY":1119.5992485911,"GROSS_PROFIT_RATIO":9.664568367124,"EPS_TTM":0.062868983877,"OPERATE_INCOME_QOQ":0.948930872398,"NET_PROFIT_RATIO":3.1477725433,"ROE_AVG":12.533744325001,"GROSS_PROFIT_QOQ":27.288856322445,"ROA":3.500532889049,"HOLDER_PROFIT_QOQ":123.285201156802,"ROE_YEARLY":25.067488650002,"ROIC_YEARLY":9.611543524471,"TOTAL_ASSETS":403229296.32,"TOTAL_LIABILITIES":265677319.44,"TAX_EBT":11.802030456853,"OCF_SALES":-1.690976234535,"TOTAL_PARENT_EQUITY":137551976.88,"DEBT_ASSET_RATIO":65.887404974,"OPERATE_PROFIT":2954716.08,"PRETAX_PROFIT":655679.04,"NETCASH_OPERATE":-9873461.28,"NETCASH_INVEST":-608250.48,"NETCASH_FINANCE":-80044431.84,"END_CASH":80839068.24,"DIVI_RATIO":null,"DIVIDEND_RATE":null,"CURRENT_RATIO":1.469850965844,"COMMON_ACS":9000000000,"CURRENTDEBT_DEBT":97.92886157855,"ISSUED_COMMON_SHARES":424850000,"HK_COMMON_SHARES":424850000,"PER_SHARES":4000,"TOTAL_MARKET_CAP":93467000,"HKSK_MARKET_CAP":93467000,"PE_TTM":-5.245944884099,"PB_TTM":0.537979820073,"REPORT_DATE_SQ":"2020-06-30 00:00:00","REPORT_TYPE_SQ":"2020年中报","OPERATE_INCOME_SQ":505847543.52,"DPS_HKD":null,"OPERATE_INCOME_QOQ_SQ":-10.1315564451,"NET_PROFIT_RATIO_SQ":0.2883801056,"HOLDER_PROFIT_SQ":1458763.68,"HOLDER_PROFIT_QOQ_SQ":-49.180373716649,"ROE_AVG_SQ":1.216938071035,"PE_TTM_SQ":-9.348872352082,"PB_TTM_SQ":0.534994487494,"ROA_SQ":0.205681550352,"START_DATE":"2021-01-01 00:00:00","FISCAL_YEAR":"12-31","CURRENCY":"HKD","IS_CNY_CODE":0,"DPS_HKD_LY":null,"ORG_TYPE":"一般企业","PREMIUM_INCOME":null,"PREMIUM_INCOME_YOY":null,"NET_INTEREST_INCOME":null,"NET_INTEREST_INCOME_YOY":null,"FEE_COMMISSION_INCOME":null,"FEE_COMMISSION_INCOME_YOY":null,"ACCOUNTS_RECE_TDAYS":0.949130998651,"INVENTORY_TDAYS":null,"CURRENT_ASSETS_TDAYS":1.165917972798,"TOTAL_ASSETS_TDAYS":1.112066656961,"PREMIUM_EXPENSE":null,"LOAN_DEPOSIT":null,"LOAN_EQUITY":null,"LOAN_ASSETS":null,"DEPOSIT_EQUITY":null,"DEPOSIT_ASSETS":null,"EQUITY_MULTIPLIER":2.931468565314,"EQUITY_RATIO":1.93146856531},{"SECUCODE":"02340.HK","SECURITY_CODE":"02340","SECURITY_NAME_ABBR":"昇柏控股","ORG_CODE":"10010593","STD_REPORT_DATE":"2020-12-31 00:00:00","REPORT_DATE":"2020-12-31 00:00:00","DATE_TYPE_CODE":"001","REPORT_TYPE":"2020年年报","PER_NETCASH_OPERATE":0.330530659574,"PER_OI":0.76387868443,"BPS":0.288204002542,"BASIC_EPS":0.02777412,"DILUTED_EPS":0.02356592,"OPERATE_INCOME":324533859.08,"OPERATE_INCOME_YOY":-28.1418230016,"GROSS_PROFIT":-29035738.36,"GROSS_PROFIT_YOY":-122.759385455187,"HOLDER_PROFIT":11962229.32,"HOLDER_PROFIT_YOY":-62.1813634187,"GROSS_PROFIT_RATIO":4.44621409366,"EPS_TTM":0.028156359468,"OPERATE_INCOME_QOQ":-24.87335735209,"NET_PROFIT_RATIO":1.2604021084,"ROE_AVG":10.293979184622,"GROSS_PROFIT_QOQ":-56.937167708291,"ROA":1.940920260856,"HOLDER_PROFIT_QOQ":-30.080324068317,"ROE_YEARLY":10.293979184622,"ROIC_YEARLY":2.487817344181,"TOTAL_ASSETS":528716564.72,"TOTAL_LIABILITIES":406273094.24,"TAX_EBT":-6.9857418444,"OCF_SALES":14.796001617515,"TOTAL_PARENT_EQUITY":122443470.48,"DEBT_ASSET_RATIO":76.8413780369,"OPERATE_PROFIT":-69447082.96,"PRETAX_PROFIT":-78094933.96,"NETCASH_OPERATE":140425950.72,"NETCASH_INVEST":-2094000.32,"NETCASH_FINANCE":-65535140.24,"END_CASH":172605214.48,"DIVI_RATIO":null,"DIVIDEND_RATE":null,"CURRENT_RATIO":1.263143865217,"COMMON_ACS":9000000000,"CURRENTDEBT_DEBT":98.69964948334,"ISSUED_COMMON_SHARES":424850000,"HK_COMMON_SHARES":424850000,"PER_SHARES":4000,"TOTAL_MARKET_CAP":93467000,"HKSK_MARKET_CAP":93467000,"PE_TTM":-5.245944884099,"PB_TTM":0.537979820073,"REPORT_DATE_SQ":"2019-12-31 00:00:00","REPORT_TYPE_SQ":"2019年年报","OPERATE_INCOME_SQ":1405729638.4,"DPS_HKD":null,"OPERATE_INCOME_QOQ_SQ":2.810689770259,"NET_PROFIT_RATIO_SQ":2.3948562398,"HOLDER_PROFIT_SQ":33665203.96,"HOLDER_PROFIT_QOQ_SQ":127.484621698268,"ROE_AVG_SQ":34.137213759526,"PE_TTM_SQ":-9.348872352082,"PB_TTM_SQ":0.534994487494,"ROA_SQ":4.486762784295,"START_DATE":"2020-01-01 00:00:00","FISCAL_YEAR":"12-31","CURRENCY":"HKD","IS_CNY_CODE":0,"DPS_HKD_LY":null,"ORG_TYPE":"一般企业","PREMIUM_INCOME":null,"PREMIUM_INCOME_YOY":null,"NET_INTEREST_INCOME":null,"NET_INTEREST_INCOME_YOY":null,"FEE_COMMISSION_INCOME":null,"FEE_COMMISSION_INCOME_YOY":null,"ACCOUNTS_RECE_TDAYS":1.270726916816,"INVENTORY_TDAYS":null,"CURRENT_ASSETS_TDAYS":1.606484884748,"TOTAL_ASSETS_TDAYS":1.539921464628,"PREMIUM_EXPENSE":null,"LOAN_DEPOSIT":null,"LOAN_EQUITY":null,"LOAN_ASSETS":null,"DEPOSIT_EQUITY":null,"DEPOSIT_ASSETS":null,"EQUITY_MULTIPLIER":4.318046218783,"EQUITY_RATIO":3.318046218776},{"SECUCODE":"02340.HK","SECURITY_CODE":"02340","SECURITY_NAME_ABBR":"昇柏控股","ORG_CODE":"10010593","STD_REPORT_DATE":"2020-06-30 00:00:00","REPORT_DATE":"2020-06-30 00:00:00","DATE_TYPE_CODE":"002","REPORT_TYPE":"2020年中报","PER_NETCASH_OPERATE":0.07180883267,"PER_OI":1.190649743486,"BPS":0.283378177898,"BASIC_EPS":0.00365376,"DILUTED_EPS":0.00274032,"OPERATE_INCOME":505847543.52,"OPERATE_INCOME_YOY":-24.8552489636,"GROSS_PROFIT":38242992.48,"GROSS_PROFIT_YOY":-43.61764423487,"HOLDER_PROFIT":1458763.68,"HOLDER_PROFIT_YOY":-92.2021484375,"GROSS_PROFIT_RATIO":7.560181515142,"EPS_TTM":0.040269579475,"OPERATE_INCOME_QOQ":-10.1315564451,"NET_PROFIT_RATIO":0.2883801056,"ROE_AVG":1.216938071035,"GROSS_PROFIT_QOQ":-23.1898806333,"ROA":0.205681550352,"HOLDER_PROFIT_QOQ":-49.180373716649,"ROE_YEARLY":2.43387614207,"ROIC_YEARLY":0.485436524311,"TOTAL_ASSETS":654498942.24,"TOTAL_LIABILITIES":534105723.36,"TAX_EBT":67.354865085855,"OCF_SALES":6.031062708678,"TOTAL_PARENT_EQUITY":120393218.88,"DEBT_ASSET_RATIO":81.6052844229,"OPERATE_PROFIT":9742751.04,"PRETAX_PROFIT":4468548.48,"NETCASH_OPERATE":30507982.56,"NETCASH_INVEST":-681426.24,"NETCASH_FINANCE":-26953787.52,"END_CASH":109689528.96,"DIVI_RATIO":null,"DIVIDEND_RATE":null,"CURRENT_RATIO":1.260833653619,"COMMON_ACS":9000000000,"CURRENTDEBT_DEBT":92.554543293445,"ISSUED_COMMON_SHARES":424850000,"HK_COMMON_SHARES":424850000,"PER_SHARES":4000,"TOTAL_MARKET_CAP":93467000,"HKSK_MARKET_CAP":93467000,"PE_TTM":-5.245944884099,"PB_TTM":0.537979820073,"REPORT_DATE_SQ":"2019-06-30 00:00:00","REPORT_TYPE_SQ":"2019年中报","OPERATE_INCOME_SQ":648269835.3,"DPS_HKD":null,"OPERATE_INCOME_QOQ_SQ":1.793979105336,"NET_PROFIT_RATIO_SQ":2.7790027885,"HOLDER_PROFIT_SQ":18015436.8,"HOLDER_PROFIT_QOQ_SQ":12.638637357817,"ROE_AVG_SQ":20.678513731826,"PE_TTM_SQ":-9.348872352082,"PB_TTM_SQ":0.534994487494,"ROA_SQ":2.491479638419,"START_DATE":"2020-01-01 00:00:00","FISCAL_YEAR":"12-31","CURRENCY":"HKD","IS_CNY_CODE":0,"DPS_HKD_LY":null,"ORG_TYPE":"一般企业","PREMIUM_INCOME":null,"PREMIUM_INCOME_YOY":null,"NET_INTEREST_INCOME":null,"NET_INTEREST_INCOME_YOY":null,"FEE_COMMISSION_INCOME":null,"FEE_COMMISSION_INCOME_YOY":null,"ACCOUNTS_RECE_TDAYS":1.75113678765,"INVENTORY_TDAYS":null,"CURRENT_ASSETS_TDAYS":0.746131128016,"TOTAL_ASSETS_TDAYS":0.713230720091,"PREMIUM_EXPENSE":null,"LOAN_DEPOSIT":null,"LOAN_EQUITY":null,"LOAN_ASSETS":null,"DEPOSIT_EQUITY":null,"DEPOSIT_ASSETS":null,"EQUITY_MULTIPLIER":5.436343909796,"EQUITY_RATIO":4.436343909804}],"count":47},"success":true,"message":"ok","code":0}