{"version":"56c88a4cd7b7427085bbdf0d98a70574","result":{"pages":5,"data":[{"SECUCODE":"02348.HK","SECURITY_CODE":"02348","SECURITY_NAME_ABBR":"东瑞制药","ORG_CODE":"10010597","STD_REPORT_DATE":"2024-06-30 00:00:00","REPORT_DATE":"2024-06-30 00:00:00","DATE_TYPE_CODE":"002","REPORT_TYPE":"2024年中报","PER_NETCASH_OPERATE":0.11427059472,"PER_OI":0.384856650234,"BPS":2.17591333071,"BASIC_EPS":0.3286,"DILUTED_EPS":0.3282,"OPERATE_INCOME":577447000,"OPERATE_INCOME_YOY":-11.1510647464,"GROSS_PROFIT":337912000,"GROSS_PROFIT_YOY":-6.615190314192,"HOLDER_PROFIT":493046000,"HOLDER_PROFIT_YOY":92.6404913632,"GROSS_PROFIT_RATIO":58.518270940883,"EPS_TTM":0.375297999695,"OPERATE_INCOME_QOQ":-6.295731641105,"NET_PROFIT_RATIO":85.1304102368,"ROE_AVG":16.105653683988,"GROSS_PROFIT_QOQ":-3.731300242082,"ROA":12.86116984251,"HOLDER_PROFIT_QOQ":72.731595092025,"ROE_YEARLY":32.211307367976,"ROIC_YEARLY":35.083739492315,"TOTAL_ASSETS":4044544000,"TOTAL_LIABILITIES":773440000,"TAX_EBT":11.705211656177,"OCF_SALES":29.691729284246,"TOTAL_PARENT_EQUITY":3267989000,"DEBT_ASSET_RATIO":19.1230457624,"OPERATE_PROFIT":563108000,"PRETAX_PROFIT":556752000,"NETCASH_OPERATE":171454000,"NETCASH_INVEST":29185000,"NETCASH_FINANCE":-31428000,"END_CASH":547322000,"DIVI_RATIO":0.19343161983,"DIVIDEND_RATE":6.72268907563,"CURRENT_RATIO":3.400981622406,"COMMON_ACS":20000000000,"CURRENTDEBT_DEBT":84.796881464626,"ISSUED_COMMON_SHARES":1501893000,"HK_COMMON_SHARES":1501893000,"PER_SHARES":4000,"TOTAL_MARKET_CAP":1787252670,"HKSK_MARKET_CAP":1787252670,"PE_TTM":2.871759537274,"PB_TTM":0.499141755635,"REPORT_DATE_SQ":"2023-06-30 00:00:00","REPORT_TYPE_SQ":"2023年中报","OPERATE_INCOME_SQ":649920000,"DPS_HKD":0.08,"OPERATE_INCOME_QOQ_SQ":2.069529037742,"NET_PROFIT_RATIO_SQ":39.1078902019,"HOLDER_PROFIT_SQ":255941000,"HOLDER_PROFIT_QOQ_SQ":23.538151746789,"ROE_AVG_SQ":9.392638767402,"PE_TTM_SQ":3.70616287663,"PB_TTM_SQ":0.581344370456,"ROA_SQ":7.079973316732,"START_DATE":"2024-01-01 00:00:00","FISCAL_YEAR":"12-31","CURRENCY":"HKD","IS_CNY_CODE":0,"DPS_HKD_LY":0.08,"ORG_TYPE":"一般企业","PREMIUM_INCOME":null,"PREMIUM_INCOME_YOY":null,"NET_INTEREST_INCOME":null,"NET_INTEREST_INCOME_YOY":null,"FEE_COMMISSION_INCOME":null,"FEE_COMMISSION_INCOME_YOY":null,"ACCOUNTS_RECE_TDAYS":1.869447191768,"INVENTORY_TDAYS":1.072313508505,"CURRENT_ASSETS_TDAYS":0.292323463452,"TOTAL_ASSETS_TDAYS":0.150627810428,"PREMIUM_EXPENSE":null,"LOAN_DEPOSIT":null,"LOAN_EQUITY":null,"LOAN_ASSETS":null,"DEPOSIT_EQUITY":null,"DEPOSIT_ASSETS":null,"EQUITY_MULTIPLIER":1.236446166187,"EQUITY_RATIO":0.236671543264},{"SECUCODE":"02348.HK","SECURITY_CODE":"02348","SECURITY_NAME_ABBR":"东瑞制药","ORG_CODE":"10010597","STD_REPORT_DATE":"2023-12-31 00:00:00","REPORT_DATE":"2023-12-31 00:00:00","DATE_TYPE_CODE":"001","REPORT_TYPE":"2023年年报","PER_NETCASH_OPERATE":0.225562857316,"PER_OI":0.767303650666,"BPS":1.900705309899,"BASIC_EPS":0.2174,"DILUTED_EPS":0.217,"OPERATE_INCOME":1151145000,"OPERATE_INCOME_YOY":-9.9036379944,"GROSS_PROFIT":641519000,"GROSS_PROFIT_YOY":-17.068299310582,"HOLDER_PROFIT":326000000,"HOLDER_PROFIT_YOY":-8.9530437891,"GROSS_PROFIT_RATIO":55.72877439419,"EPS_TTM":0.21729755167,"OPERATE_INCOME_QOQ":-11.730402937144,"NET_PROFIT_RATIO":28.0300917782,"ROE_AVG":11.861852355597,"GROSS_PROFIT_QOQ":-13.672452168015,"ROA":8.937258526104,"HOLDER_PROFIT_QOQ":-26.300535564513,"ROE_YEARLY":11.861852355597,"ROIC_YEARLY":11.715440573338,"TOTAL_ASSETS":3622659000,"TOTAL_LIABILITIES":763425000,"TAX_EBT":22.071840350483,"OCF_SALES":29.396817950823,"TOTAL_PARENT_EQUITY":2854656000,"DEBT_ASSET_RATIO":21.0736091915,"OPERATE_PROFIT":455979000,"PRETAX_PROFIT":414057000,"NETCASH_OPERATE":338400000,"NETCASH_INVEST":-387573000,"NETCASH_FINANCE":2070000,"END_CASH":366826000,"DIVI_RATIO":0.334078775587,"DIVIDEND_RATE":6.666666666667,"CURRENT_RATIO":2.571525099411,"COMMON_ACS":20000000000,"CURRENTDEBT_DEBT":87.623538658021,"ISSUED_COMMON_SHARES":1501893000,"HK_COMMON_SHARES":1501893000,"PER_SHARES":4000,"TOTAL_MARKET_CAP":1802271600,"HKSK_MARKET_CAP":1802271600,"PE_TTM":2.89589197036,"PB_TTM":0.50333622417,"REPORT_DATE_SQ":"2022-12-31 00:00:00","REPORT_TYPE_SQ":"2022年年报","OPERATE_INCOME_SQ":1277682000,"DPS_HKD":0.08,"OPERATE_INCOME_QOQ_SQ":8.274098253963,"NET_PROFIT_RATIO_SQ":27.851296332,"HOLDER_PROFIT_SQ":358057000,"HOLDER_PROFIT_QOQ_SQ":-1.413309837826,"ROE_AVG_SQ":14.257635878925,"PE_TTM_SQ":3.517713916801,"PB_TTM_SQ":0.551784487213,"ROA_SQ":10.212399787171,"START_DATE":"2023-01-01 00:00:00","FISCAL_YEAR":"12-31","CURRENCY":"HKD","IS_CNY_CODE":0,"DPS_HKD_LY":0.088,"ORG_TYPE":"一般企业","PREMIUM_INCOME":null,"PREMIUM_INCOME_YOY":null,"NET_INTEREST_INCOME":null,"NET_INTEREST_INCOME_YOY":null,"FEE_COMMISSION_INCOME":null,"FEE_COMMISSION_INCOME_YOY":null,"ACCOUNTS_RECE_TDAYS":3.176247092486,"INVENTORY_TDAYS":2.250734785902,"CURRENT_ASSETS_TDAYS":0.664596726913,"TOTAL_ASSETS_TDAYS":0.315585290369,"PREMIUM_EXPENSE":null,"LOAN_DEPOSIT":null,"LOAN_EQUITY":null,"LOAN_ASSETS":null,"DEPOSIT_EQUITY":null,"DEPOSIT_ASSETS":null,"EQUITY_MULTIPLIER":1.267003330263,"EQUITY_RATIO":0.267431522397},{"SECUCODE":"02348.HK","SECURITY_CODE":"02348","SECURITY_NAME_ABBR":"东瑞制药","ORG_CODE":"10010597","STD_REPORT_DATE":"2023-06-30 00:00:00","REPORT_DATE":"2023-06-30 00:00:00","DATE_TYPE_CODE":"002","REPORT_TYPE":"2023年中报","PER_NETCASH_OPERATE":0.128331043017,"PER_OI":0.433339800893,"BPS":1.869550627109,"BASIC_EPS":0.1707,"DILUTED_EPS":0.1702,"OPERATE_INCOME":649920000,"OPERATE_INCOME_YOY":4.2410477996,"GROSS_PROFIT":361849000,"GROSS_PROFIT_YOY":-7.756998863051,"HOLDER_PROFIT":255941000,"HOLDER_PROFIT_YOY":49.096766301,"GROSS_PROFIT_RATIO":55.67592934515,"EPS_TTM":0.294932033954,"OPERATE_INCOME_QOQ":2.069529037742,"NET_PROFIT_RATIO":39.1078902019,"ROE_AVG":9.392638767402,"GROSS_PROFIT_QOQ":-3.933677288246,"ROA":7.079973316732,"HOLDER_PROFIT_QOQ":23.538151746789,"ROE_YEARLY":18.785277534803,"ROIC_YEARLY":18.077747643215,"TOTAL_ASSETS":3557356000,"TOTAL_LIABILITIES":743351000,"TAX_EBT":22.322293565925,"OCF_SALES":29.614414081733,"TOTAL_PARENT_EQUITY":2807865000,"DEBT_ASSET_RATIO":20.8961655792,"OPERATE_PROFIT":347842000,"PRETAX_PROFIT":327211000,"NETCASH_OPERATE":192470000,"NETCASH_INVEST":-204020000,"NETCASH_FINANCE":-70538000,"END_CASH":331149000,"DIVI_RATIO":0.246139759818,"DIVIDEND_RATE":6.666666666667,"CURRENT_RATIO":2.587084401766,"COMMON_ACS":20000000000,"CURRENTDEBT_DEBT":86.353014928345,"ISSUED_COMMON_SHARES":1501893000,"HK_COMMON_SHARES":1501893000,"PER_SHARES":4000,"TOTAL_MARKET_CAP":1802271600,"HKSK_MARKET_CAP":1802271600,"PE_TTM":2.89589197036,"PB_TTM":0.50333622417,"REPORT_DATE_SQ":"2022-06-30 00:00:00","REPORT_TYPE_SQ":"2022年中报","OPERATE_INCOME_SQ":623478000,"DPS_HKD":0.08,"OPERATE_INCOME_QOQ_SQ":1.277855735932,"NET_PROFIT_RATIO_SQ":27.55927234,"HOLDER_PROFIT_SQ":171661000,"HOLDER_PROFIT_QOQ_SQ":1.400153556223,"ROE_AVG_SQ":7.073791212289,"PE_TTM_SQ":3.517713916801,"PB_TTM_SQ":0.551784487213,"ROA_SQ":5.183121709049,"START_DATE":"2023-01-01 00:00:00","FISCAL_YEAR":"12-31","CURRENCY":"HKD","IS_CNY_CODE":0,"DPS_HKD_LY":0.088,"ORG_TYPE":"一般企业","PREMIUM_INCOME":null,"PREMIUM_INCOME_YOY":null,"NET_INTEREST_INCOME":null,"NET_INTEREST_INCOME_YOY":null,"FEE_COMMISSION_INCOME":null,"FEE_COMMISSION_INCOME_YOY":null,"ACCOUNTS_RECE_TDAYS":1.623572173544,"INVENTORY_TDAYS":1.243338663697,"CURRENT_ASSETS_TDAYS":0.381782615592,"TOTAL_ASSETS_TDAYS":0.179784257232,"PREMIUM_EXPENSE":null,"LOAN_DEPOSIT":null,"LOAN_EQUITY":null,"LOAN_ASSETS":null,"DEPOSIT_EQUITY":null,"DEPOSIT_ASSETS":null,"EQUITY_MULTIPLIER":1.264161222173,"EQUITY_RATIO":0.264738867431},{"SECUCODE":"02348.HK","SECURITY_CODE":"02348","SECURITY_NAME_ABBR":"东瑞制药","ORG_CODE":"10010597","STD_REPORT_DATE":"2022-12-31 00:00:00","REPORT_DATE":"2022-12-31 00:00:00","DATE_TYPE_CODE":"001","REPORT_TYPE":"2022年年报","PER_NETCASH_OPERATE":0.28974458713,"PER_OI":0.852476232478,"BPS":1.759084035947,"BASIC_EPS":0.2389,"DILUTED_EPS":0.2383,"OPERATE_INCOME":1277682000,"OPERATE_INCOME_YOY":9.657685029,"GROSS_PROFIT":773551000,"GROSS_PROFIT_YOY":13.546770552299,"HOLDER_PROFIT":358057000,"HOLDER_PROFIT_YOY":-0.0329447896,"GROSS_PROFIT_RATIO":60.543312029128,"EPS_TTM":0.238897536611,"OPERATE_INCOME_QOQ":8.274098253963,"NET_PROFIT_RATIO":27.851296332,"ROE_AVG":14.257635878925,"GROSS_PROFIT_QOQ":10.436448620813,"ROA":10.212399787171,"HOLDER_PROFIT_QOQ":-1.413309837826,"ROE_YEARLY":14.257635878925,"ROIC_YEARLY":12.792965417866,"TOTAL_ASSETS":3672643000,"TOTAL_LIABILITIES":1022776000,"TAX_EBT":18.831088848744,"OCF_SALES":33.988582448528,"TOTAL_PARENT_EQUITY":2641956000,"DEBT_ASSET_RATIO":27.8485003851,"OPERATE_PROFIT":500684000,"PRETAX_PROFIT":438408000,"NETCASH_OPERATE":434266000,"NETCASH_INVEST":-175013000,"NETCASH_FINANCE":-92701000,"END_CASH":411682000,"DIVI_RATIO":0.303872953358,"DIVIDEND_RATE":6.666666666667,"CURRENT_RATIO":1.87112483464,"COMMON_ACS":20000000000,"CURRENTDEBT_DEBT":91.130120378265,"ISSUED_COMMON_SHARES":1501893000,"HK_COMMON_SHARES":1501893000,"PER_SHARES":4000,"TOTAL_MARKET_CAP":1802271600,"HKSK_MARKET_CAP":1802271600,"PE_TTM":2.89589197036,"PB_TTM":0.50333622417,"REPORT_DATE_SQ":"2021-12-31 00:00:00","REPORT_TYPE_SQ":"2021年年报","OPERATE_INCOME_SQ":1165155000,"DPS_HKD":0.08,"OPERATE_INCOME_QOQ_SQ":1.861144574627,"NET_PROFIT_RATIO_SQ":30.3962133793,"HOLDER_PROFIT_SQ":358175000,"HOLDER_PROFIT_QOQ_SQ":17.401707720799,"ROE_AVG_SQ":15.739746094286,"PE_TTM_SQ":3.517713916801,"PB_TTM_SQ":0.551784487213,"ROA_SQ":11.473912885396,"START_DATE":"2022-01-01 00:00:00","FISCAL_YEAR":"12-31","CURRENCY":"HKD","IS_CNY_CODE":0,"DPS_HKD_LY":0.08,"ORG_TYPE":"一般企业","PREMIUM_INCOME":null,"PREMIUM_INCOME_YOY":null,"NET_INTEREST_INCOME":null,"NET_INTEREST_INCOME_YOY":null,"FEE_COMMISSION_INCOME":null,"FEE_COMMISSION_INCOME_YOY":null,"ACCOUNTS_RECE_TDAYS":3.408842786022,"INVENTORY_TDAYS":2.264627534129,"CURRENT_ASSETS_TDAYS":0.785050587844,"TOTAL_ASSETS_TDAYS":0.36441682148,"PREMIUM_EXPENSE":null,"LOAN_DEPOSIT":null,"LOAN_EQUITY":null,"LOAN_ASSETS":null,"DEPOSIT_EQUITY":null,"DEPOSIT_ASSETS":null,"EQUITY_MULTIPLIER":1.385972579,"EQUITY_RATIO":0.38712832462},{"SECUCODE":"02348.HK","SECURITY_CODE":"02348","SECURITY_NAME_ABBR":"东瑞制药","ORG_CODE":"10010597","STD_REPORT_DATE":"2022-06-30 00:00:00","REPORT_DATE":"2022-06-30 00:00:00","DATE_TYPE_CODE":"002","REPORT_TYPE":"2022年中报","PER_NETCASH_OPERATE":0.179698619479,"PER_OI":0.416030032623,"BPS":1.646404237852,"BASIC_EPS":0.11456,"DILUTED_EPS":0.11429,"OPERATE_INCOME":623478000,"OPERATE_INCOME_YOY":2.446478658,"GROSS_PROFIT":392278000,"GROSS_PROFIT_YOY":5.142713171854,"HOLDER_PROFIT":171661000,"HOLDER_PROFIT_YOY":3.0093731623,"GROSS_PROFIT_RATIO":62.917697176163,"EPS_TTM":0.242346879198,"OPERATE_INCOME_QOQ":1.277855735932,"NET_PROFIT_RATIO":27.55927234,"ROE_AVG":7.073791212289,"GROSS_PROFIT_QOQ":2.816390757154,"ROA":5.183121709049,"HOLDER_PROFIT_QOQ":1.400153556223,"ROE_YEARLY":14.147582424579,"ROIC_YEARLY":12.691968509817,"TOTAL_ASSETS":3284288000,"TOTAL_LIABILITIES":794253000,"TAX_EBT":23.832954328852,"OCF_SALES":43.193665213528,"TOTAL_PARENT_EQUITY":2472723000,"DEBT_ASSET_RATIO":24.1834150964,"OPERATE_PROFIT":246309000,"PRETAX_PROFIT":225591000,"NETCASH_OPERATE":269303000,"NETCASH_INVEST":-249113000,"NETCASH_FINANCE":-76573000,"END_CASH":186576000,"DIVI_RATIO":0.299547905219,"DIVIDEND_RATE":6.666666666667,"CURRENT_RATIO":2.662164077325,"COMMON_ACS":20000000000,"CURRENTDEBT_DEBT":68.406036867346,"ISSUED_COMMON_SHARES":1501893000,"HK_COMMON_SHARES":1501893000,"PER_SHARES":4000,"TOTAL_MARKET_CAP":1802271600,"HKSK_MARKET_CAP":1802271600,"PE_TTM":2.89589197036,"PB_TTM":0.50333622417,"REPORT_DATE_SQ":"2021-06-30 00:00:00","REPORT_TYPE_SQ":"2021年中报","OPERATE_INCOME_SQ":608589000,"DPS_HKD":0.08,"OPERATE_INCOME_QOQ_SQ":11.676218184658,"NET_PROFIT_RATIO_SQ":27.2254345708,"HOLDER_PROFIT_SQ":166646000,"HOLDER_PROFIT_QOQ_SQ":13.782493566554,"ROE_AVG_SQ":7.613762577402,"PE_TTM_SQ":3.517713916801,"PB_TTM_SQ":0.551784487213,"ROA_SQ":5.77896230372,"START_DATE":"2022-01-01 00:00:00","FISCAL_YEAR":"12-31","CURRENCY":"HKD","IS_CNY_CODE":0,"DPS_HKD_LY":0.08,"ORG_TYPE":"一般企业","PREMIUM_INCOME":null,"PREMIUM_INCOME_YOY":null,"NET_INTEREST_INCOME":null,"NET_INTEREST_INCOME_YOY":null,"FEE_COMMISSION_INCOME":null,"FEE_COMMISSION_INCOME_YOY":null,"ACCOUNTS_RECE_TDAYS":1.910124476497,"INVENTORY_TDAYS":1.174972874491,"CURRENT_ASSETS_TDAYS":0.42163428782,"TOTAL_ASSETS_TDAYS":0.188252565051,"PREMIUM_EXPENSE":null,"LOAN_DEPOSIT":null,"LOAN_EQUITY":null,"LOAN_ASSETS":null,"DEPOSIT_EQUITY":null,"DEPOSIT_ASSETS":null,"EQUITY_MULTIPLIER":1.318972624883,"EQUITY_RATIO":0.321205812378},{"SECUCODE":"02348.HK","SECURITY_CODE":"02348","SECURITY_NAME_ABBR":"东瑞制药","ORG_CODE":"10010597","STD_REPORT_DATE":"2021-12-31 00:00:00","REPORT_DATE":"2021-12-31 00:00:00","DATE_TYPE_CODE":"001","REPORT_TYPE":"2021年年报","PER_NETCASH_OPERATE":0.262383562576,"PER_OI":0.777632134827,"BPS":1.585142217189,"BASIC_EPS":0.2392,"DILUTED_EPS":0.2375,"OPERATE_INCOME":1165155000,"OPERATE_INCOME_YOY":13.7546740606,"GROSS_PROFIT":681262000,"GROSS_PROFIT_YOY":23.720727510465,"HOLDER_PROFIT":358175000,"HOLDER_PROFIT_YOY":33.5825905344,"GROSS_PROFIT_RATIO":58.46964566946,"EPS_TTM":0.23904835828,"OPERATE_INCOME_QOQ":1.861144574627,"NET_PROFIT_RATIO":30.3962133793,"ROE_AVG":15.739746094286,"GROSS_PROFIT_QOQ":3.378148710167,"ROA":11.473912885396,"HOLDER_PROFIT_QOQ":17.401707720799,"ROE_YEARLY":15.739746094286,"ROIC_YEARLY":14.606489330748,"TOTAL_ASSETS":3339558000,"TOTAL_LIABILITIES":941697000,"TAX_EBT":19.384370952579,"OCF_SALES":33.741347717686,"TOTAL_PARENT_EQUITY":2380714000,"DEBT_ASSET_RATIO":28.1982525831,"OPERATE_PROFIT":486382000,"PRETAX_PROFIT":439323000,"NETCASH_OPERATE":393139000,"NETCASH_INVEST":-284202000,"NETCASH_FINANCE":-129754000,"END_CASH":237744000,"DIVI_RATIO":0.303681232209,"DIVIDEND_RATE":6.666666666667,"CURRENT_RATIO":2.16759048865,"COMMON_ACS":20000000000,"CURRENTDEBT_DEBT":74.026358796938,"ISSUED_COMMON_SHARES":1501893000,"HK_COMMON_SHARES":1501893000,"PER_SHARES":4000,"TOTAL_MARKET_CAP":1802271600,"HKSK_MARKET_CAP":1802271600,"PE_TTM":2.89589197036,"PB_TTM":0.50333622417,"REPORT_DATE_SQ":"2020-12-31 00:00:00","REPORT_TYPE_SQ":"2020年年报","OPERATE_INCOME_SQ":1024270000,"DPS_HKD":0.08,"OPERATE_INCOME_QOQ_SQ":8.016873187451,"NET_PROFIT_RATIO_SQ":25.8518749939,"HOLDER_PROFIT_SQ":268130000,"HOLDER_PROFIT_QOQ_SQ":14.241281608828,"ROE_AVG_SQ":12.779843565716,"PE_TTM_SQ":3.517713916801,"PB_TTM_SQ":0.551784487213,"ROA_SQ":9.42440249963,"START_DATE":"2021-01-01 00:00:00","FISCAL_YEAR":"12-31","CURRENCY":"HKD","IS_CNY_CODE":0,"DPS_HKD_LY":0.065,"ORG_TYPE":"一般企业","PREMIUM_INCOME":null,"PREMIUM_INCOME_YOY":null,"NET_INTEREST_INCOME":null,"NET_INTEREST_INCOME_YOY":null,"FEE_COMMISSION_INCOME":null,"FEE_COMMISSION_INCOME_YOY":null,"ACCOUNTS_RECE_TDAYS":3.439445038928,"INVENTORY_TDAYS":2.153008649534,"CURRENT_ASSETS_TDAYS":0.761601438026,"TOTAL_ASSETS_TDAYS":0.373250142193,"PREMIUM_EXPENSE":null,"LOAN_DEPOSIT":null,"LOAN_EQUITY":null,"LOAN_ASSETS":null,"DEPOSIT_EQUITY":null,"DEPOSIT_ASSETS":null,"EQUITY_MULTIPLIER":1.392723765055,"EQUITY_RATIO":0.395552342701},{"SECUCODE":"02348.HK","SECURITY_CODE":"02348","SECURITY_NAME_ABBR":"东瑞制药","ORG_CODE":"10010597","STD_REPORT_DATE":"2021-06-30 00:00:00","REPORT_DATE":"2021-06-30 00:00:00","DATE_TYPE_CODE":"002","REPORT_TYPE":"2021年中报","PER_NETCASH_OPERATE":0.102342831987,"PER_OI":0.406552928657,"BPS":1.469472858586,"BASIC_EPS":0.11127,"DILUTED_EPS":0.11085,"OPERATE_INCOME":608589000,"OPERATE_INCOME_YOY":24.4576098226,"GROSS_PROFIT":373091000,"GROSS_PROFIT_YOY":40.929454248761,"HOLDER_PROFIT":166646000,"HOLDER_PROFIT_YOY":28.4946526744,"GROSS_PROFIT_RATIO":61.304262811191,"EPS_TTM":0.203804538431,"OPERATE_INCOME_QOQ":11.676218184658,"NET_PROFIT_RATIO":27.2254345708,"ROE_AVG":7.613762577402,"GROSS_PROFIT_QOQ":19.677832360232,"ROA":5.77896230372,"HOLDER_PROFIT_QOQ":13.782493566554,"ROE_YEARLY":15.227525154803,"ROIC_YEARLY":15.031722747583,"TOTAL_ASSETS":2863598000,"TOTAL_LIABILITIES":639679000,"TAX_EBT":21.503965283634,"OCF_SALES":25.173310723658,"TOTAL_PARENT_EQUITY":2206991000,"DEBT_ASSET_RATIO":22.3382960876,"OPERATE_PROFIT":228358000,"PRETAX_PROFIT":211082000,"NETCASH_OPERATE":153202000,"NETCASH_INVEST":-111237000,"NETCASH_FINANCE":-120622000,"END_CASH":181815000,"DIVI_RATIO":0.356196680206,"DIVIDEND_RATE":6.666666666667,"CURRENT_RATIO":3.66788743158,"COMMON_ACS":20000000000,"CURRENTDEBT_DEBT":63.004413150971,"ISSUED_COMMON_SHARES":1501893000,"HK_COMMON_SHARES":1501893000,"PER_SHARES":4000,"TOTAL_MARKET_CAP":1802271600,"HKSK_MARKET_CAP":1802271600,"PE_TTM":2.89589197036,"PB_TTM":0.50333622417,"REPORT_DATE_SQ":"2020-06-30 00:00:00","REPORT_TYPE_SQ":"2020年中报","OPERATE_INCOME_SQ":488993000,"DPS_HKD":0.08,"OPERATE_INCOME_QOQ_SQ":-0.184946005661,"NET_PROFIT_RATIO_SQ":26.0846269783,"HOLDER_PROFIT_SQ":129691000,"HOLDER_PROFIT_QOQ_SQ":-8.113768938652,"ROE_AVG_SQ":6.30296933225,"PE_TTM_SQ":3.517713916801,"PB_TTM_SQ":0.551784487213,"ROA_SQ":4.638274427869,"START_DATE":"2021-01-01 00:00:00","FISCAL_YEAR":"12-31","CURRENCY":"HKD","IS_CNY_CODE":0,"DPS_HKD_LY":0.065,"ORG_TYPE":"一般企业","PREMIUM_INCOME":null,"PREMIUM_INCOME_YOY":null,"NET_INTEREST_INCOME":null,"NET_INTEREST_INCOME_YOY":null,"FEE_COMMISSION_INCOME":null,"FEE_COMMISSION_INCOME_YOY":null,"ACCOUNTS_RECE_TDAYS":1.808136762497,"INVENTORY_TDAYS":1.026564488849,"CURRENT_ASSETS_TDAYS":0.402111287599,"TOTAL_ASSETS_TDAYS":0.211046943188,"PREMIUM_EXPENSE":null,"LOAN_DEPOSIT":null,"LOAN_EQUITY":null,"LOAN_ASSETS":null,"DEPOSIT_EQUITY":null,"DEPOSIT_ASSETS":null,"EQUITY_MULTIPLIER":1.287635925588,"EQUITY_RATIO":0.289842142537},{"SECUCODE":"02348.HK","SECURITY_CODE":"02348","SECURITY_NAME_ABBR":"东瑞制药","ORG_CODE":"10010597","STD_REPORT_DATE":"2020-12-31 00:00:00","REPORT_DATE":"2020-12-31 00:00:00","DATE_TYPE_CODE":"001","REPORT_TYPE":"2020年年报","PER_NETCASH_OPERATE":0.199925812351,"PER_OI":0.67605144821,"BPS":1.44517818513,"BASIC_EPS":0.1736,"DILUTED_EPS":0.1735,"OPERATE_INCOME":1024270000,"OPERATE_INCOME_YOY":7.8171002951,"GROSS_PROFIT":550645000,"GROSS_PROFIT_YOY":2.757390332339,"HOLDER_PROFIT":268130000,"HOLDER_PROFIT_YOY":4.9720079865,"GROSS_PROFIT_RATIO":53.759750846945,"EPS_TTM":0.176974503606,"OPERATE_INCOME_QOQ":8.016873187451,"NET_PROFIT_RATIO":25.8518749939,"ROE_AVG":12.779843565716,"GROSS_PROFIT_QOQ":8.92429727217,"ROA":9.42440249963,"HOLDER_PROFIT_QOQ":14.241281608828,"ROE_YEARLY":12.779843565716,"ROIC_YEARLY":11.986383275479,"TOTAL_ASSETS":2903735000,"TOTAL_LIABILITIES":720143000,"TAX_EBT":20.074072285375,"OCF_SALES":29.57257363781,"TOTAL_PARENT_EQUITY":2170503000,"DEBT_ASSET_RATIO":24.8005758101,"OPERATE_PROFIT":354897000,"PRETAX_PROFIT":331298000,"NETCASH_OPERATE":302903000,"NETCASH_INVEST":26447000,"NETCASH_FINANCE":-327696000,"END_CASH":258486000,"DIVI_RATIO":0.410197505973,"DIVIDEND_RATE":6.666666666667,"CURRENT_RATIO":3.227106028655,"COMMON_ACS":20000000000,"CURRENTDEBT_DEBT":66.640653314689,"ISSUED_COMMON_SHARES":1501893000,"HK_COMMON_SHARES":1501893000,"PER_SHARES":4000,"TOTAL_MARKET_CAP":1802271600,"HKSK_MARKET_CAP":1802271600,"PE_TTM":2.89589197036,"PB_TTM":0.50333622417,"REPORT_DATE_SQ":"2019-12-31 00:00:00","REPORT_TYPE_SQ":"2019年年报","OPERATE_INCOME_SQ":950007000,"DPS_HKD":0.08,"OPERATE_INCOME_QOQ_SQ":0.768593524764,"NET_PROFIT_RATIO_SQ":26.8793808888,"HOLDER_PROFIT_SQ":255430000,"HOLDER_PROFIT_QOQ_SQ":-11.365347713085,"ROE_AVG_SQ":12.94365711141,"PE_TTM_SQ":3.517713916801,"PB_TTM_SQ":0.551784487213,"ROA_SQ":9.91496028271,"START_DATE":"2020-01-01 00:00:00","FISCAL_YEAR":"12-31","CURRENCY":"HKD","IS_CNY_CODE":0,"DPS_HKD_LY":0.058,"ORG_TYPE":"一般企业","PREMIUM_INCOME":null,"PREMIUM_INCOME_YOY":null,"NET_INTEREST_INCOME":null,"NET_INTEREST_INCOME_YOY":null,"FEE_COMMISSION_INCOME":null,"FEE_COMMISSION_INCOME_YOY":null,"ACCOUNTS_RECE_TDAYS":2.91922518422,"INVENTORY_TDAYS":2.219491221616,"CURRENT_ASSETS_TDAYS":0.627636227491,"TOTAL_ASSETS_TDAYS":0.360016885402,"PREMIUM_EXPENSE":null,"LOAN_DEPOSIT":null,"LOAN_EQUITY":null,"LOAN_ASSETS":null,"DEPOSIT_EQUITY":null,"DEPOSIT_ASSETS":null,"EQUITY_MULTIPLIER":1.329797416367,"EQUITY_RATIO":0.331786226511},{"SECUCODE":"02348.HK","SECURITY_CODE":"02348","SECURITY_NAME_ABBR":"东瑞制药","ORG_CODE":"10010597","STD_REPORT_DATE":"2020-06-30 00:00:00","REPORT_DATE":"2020-06-30 00:00:00","DATE_TYPE_CODE":"002","REPORT_TYPE":"2020年中报","PER_NETCASH_OPERATE":0.089174648438,"PER_OI":0.315332674285,"BPS":1.39131016657,"BASIC_EPS":0.08362,"DILUTED_EPS":0.08362,"OPERATE_INCOME":488993000,"OPERATE_INCOME_YOY":-0.3580234335,"GROSS_PROFIT":264736000,"GROSS_PROFIT_YOY":-10.281792764551,"HOLDER_PROFIT":129691000,"HOLDER_PROFIT_YOY":-13.7784544197,"GROSS_PROFIT_RATIO":54.139016304937,"EPS_TTM":0.151352177471,"OPERATE_INCOME_QOQ":-0.184946005661,"NET_PROFIT_RATIO":26.0846269783,"ROE_AVG":6.30296933225,"GROSS_PROFIT_QOQ":-5.661644916948,"ROA":4.638274427869,"HOLDER_PROFIT_QOQ":-8.113768938652,"ROE_YEARLY":12.605938664499,"ROIC_YEARLY":11.351706079821,"TOTAL_ASSETS":2805822000,"TOTAL_LIABILITIES":702686000,"TAX_EBT":21.217998208826,"OCF_SALES":28.27954592397,"TOTAL_PARENT_EQUITY":2089599000,"DEBT_ASSET_RATIO":25.043855241,"OPERATE_PROFIT":175426000,"PRETAX_PROFIT":161905000,"NETCASH_OPERATE":138285000,"NETCASH_INVEST":-39213000,"NETCASH_FINANCE":-171296000,"END_CASH":181614000,"DIVI_RATIO":0.479639614131,"DIVIDEND_RATE":6.666666666667,"CURRENT_RATIO":3.527993539039,"COMMON_ACS":20000000000,"CURRENTDEBT_DEBT":65.902693379404,"ISSUED_COMMON_SHARES":1501893000,"HK_COMMON_SHARES":1501893000,"PER_SHARES":4000,"TOTAL_MARKET_CAP":1802271600,"HKSK_MARKET_CAP":1802271600,"PE_TTM":2.89589197036,"PB_TTM":0.50333622417,"REPORT_DATE_SQ":"2019-06-30 00:00:00","REPORT_TYPE_SQ":"2019年中报","OPERATE_INCOME_SQ":490750000,"DPS_HKD":0.08,"OPERATE_INCOME_QOQ_SQ":-0.650938206711,"NET_PROFIT_RATIO_SQ":30.650229241,"HOLDER_PROFIT_SQ":150416000,"HOLDER_PROFIT_QOQ_SQ":-5.190485590209,"ROE_AVG_SQ":7.720080364468,"PE_TTM_SQ":3.517713916801,"PB_TTM_SQ":0.551784487213,"ROA_SQ":5.994004242379,"START_DATE":"2020-01-01 00:00:00","FISCAL_YEAR":"12-31","CURRENCY":"HKD","IS_CNY_CODE":0,"DPS_HKD_LY":0.058,"ORG_TYPE":"一般企业","PREMIUM_INCOME":null,"PREMIUM_INCOME_YOY":null,"NET_INTEREST_INCOME":null,"NET_INTEREST_INCOME_YOY":null,"FEE_COMMISSION_INCOME":null,"FEE_COMMISSION_INCOME_YOY":null,"ACCOUNTS_RECE_TDAYS":1.438623020946,"INVENTORY_TDAYS":1.160147024969,"CURRENT_ASSETS_TDAYS":0.292026952861,"TOTAL_ASSETS_TDAYS":0.17488366404,"PREMIUM_EXPENSE":null,"LOAN_DEPOSIT":null,"LOAN_EQUITY":null,"LOAN_ASSETS":null,"DEPOSIT_EQUITY":null,"DEPOSIT_ASSETS":null,"EQUITY_MULTIPLIER":1.334113438218,"EQUITY_RATIO":0.336277917438}],"count":45},"success":true,"message":"ok","code":0}