{"version":"69de09216a7e127dcf28870f701a27cd","result":{"pages":6,"data":[{"SECUCODE":"02342.HK","SECURITY_CODE":"02342","SECURITY_NAME_ABBR":"京信通信","ORG_CODE":"10010595","STD_REPORT_DATE":"2024-06-30 00:00:00","REPORT_DATE":"2024-06-30 00:00:00","DATE_TYPE_CODE":"002","REPORT_TYPE":"2024年中报","PER_NETCASH_OPERATE":0.051987653806,"PER_OI":0.774157583627,"BPS":1.08170656883,"BASIC_EPS":-0.052296564,"DILUTED_EPS":-0.052296564,"OPERATE_INCOME":2138824509.4,"OPERATE_INCOME_YOY":-27.4065118244,"GROSS_PROFIT":568246432.84,"GROSS_PROFIT_YOY":-27.403580634737,"HOLDER_PROFIT":-144598630.44,"HOLDER_PROFIT_YOY":-241.2335752108,"GROSS_PROFIT_RATIO":26.568165379749,"EPS_TTM":-0.087577275631,"OPERATE_INCOME_QOQ":-15.449245209529,"NET_PROFIT_RATIO":-6.7115434263,"ROE_AVG":-4.621875705608,"GROSS_PROFIT_QOQ":-14.235892054317,"ROA":-1.746851759837,"HOLDER_PROFIT_QOQ":-4087.38456092129,"ROE_YEARLY":-9.243751411216,"ROIC_YEARLY":-4.329731668574,"TOTAL_ASSETS":7967911792.48,"TOTAL_LIABILITIES":4791079890.84,"TAX_EBT":-10.240271391724,"OCF_SALES":6.715383909655,"TOTAL_PARENT_EQUITY":2988349791.44,"DEBT_ASSET_RATIO":60.1296803431,"OPERATE_PROFIT":-118433007.52,"PRETAX_PROFIT":-130213880.96,"NETCASH_OPERATE":143630276.96,"NETCASH_INVEST":88989950.72,"NETCASH_FINANCE":31565037.8,"END_CASH":1312724984.92,"DIVI_RATIO":null,"DIVIDEND_RATE":null,"CURRENT_RATIO":1.374569023972,"COMMON_ACS":5000000000,"CURRENTDEBT_DEBT":90.181071854397,"ISSUED_COMMON_SHARES":2762625168,"HK_COMMON_SHARES":2762625168,"PER_SHARES":2000,"TOTAL_MARKET_CAP":3287523949.92,"HKSK_MARKET_CAP":3287523949.92,"PE_TTM":-12.456752931512,"PB_TTM":1.004051589679,"REPORT_DATE_SQ":"2023-06-30 00:00:00","REPORT_TYPE_SQ":"2023年中报","OPERATE_INCOME_SQ":2976325694.22,"DPS_HKD":null,"OPERATE_INCOME_QOQ_SQ":6.585224795785,"NET_PROFIT_RATIO_SQ":3.8209968499,"HOLDER_PROFIT_SQ":103425872.44,"HOLDER_PROFIT_QOQ_SQ":15.376871303805,"ROE_AVG_SQ":3.050242755306,"PE_TTM_SQ":7.956898413345,"PB_TTM_SQ":0.465147135651,"ROA_SQ":1.090983234319,"START_DATE":"2024-01-01 00:00:00","FISCAL_YEAR":"12-31","CURRENCY":"HKD","IS_CNY_CODE":0,"DPS_HKD_LY":null,"ORG_TYPE":"一般企业","PREMIUM_INCOME":null,"PREMIUM_INCOME_YOY":null,"NET_INTEREST_INCOME":null,"NET_INTEREST_INCOME_YOY":null,"FEE_COMMISSION_INCOME":null,"FEE_COMMISSION_INCOME_YOY":null,"ACCOUNTS_RECE_TDAYS":0.681211967236,"INVENTORY_TDAYS":1.384746673104,"CURRENT_ASSETS_TDAYS":0.351393470179,"TOTAL_ASSETS_TDAYS":0.258384837177,"PREMIUM_EXPENSE":null,"LOAN_DEPOSIT":null,"LOAN_EQUITY":null,"LOAN_ASSETS":null,"DEPOSIT_EQUITY":null,"DEPOSIT_ASSETS":null,"EQUITY_MULTIPLIER":2.508131383459,"EQUITY_RATIO":1.603252706415},{"SECUCODE":"02342.HK","SECURITY_CODE":"02342","SECURITY_NAME_ABBR":"京信通信","ORG_CODE":"10010595","STD_REPORT_DATE":"2023-12-31 00:00:00","REPORT_DATE":"2023-12-31 00:00:00","DATE_TYPE_CODE":"001","REPORT_TYPE":"2023年年报","PER_NETCASH_OPERATE":0.161443146145,"PER_OI":1.96003950064,"BPS":1.174844185956,"BASIC_EPS":0.002174928,"DILUTED_EPS":0.002174928,"OPERATE_INCOME":5420984478.28,"OPERATE_INCOME_YOY":-6.0129210013,"GROSS_PROFIT":1506760213.14,"GROSS_PROFIT_YOY":-9.967250803816,"HOLDER_PROFIT":6068049.12,"HOLDER_PROFIT_YOY":-96.480179986,"GROSS_PROFIT_RATIO":27.794955310739,"EPS_TTM":0.002193995577,"OPERATE_INCOME_QOQ":-10.541411599892,"NET_PROFIT_RATIO":0.2610008001,"ROE_AVG":0.183205229667,"GROSS_PROFIT_QOQ":-12.997701840422,"ROA":0.067010636588,"HOLDER_PROFIT_QOQ":-96.905057445375,"ROE_YEARLY":0.183205229667,"ROIC_YEARLY":0.081301691563,"TOTAL_ASSETS":8526646635.5,"TOTAL_LIABILITIES":5059117238.98,"TAX_EBT":71.4382408898,"OCF_SALES":8.236729213467,"TOTAL_PARENT_EQUITY":3245654116.6,"DEBT_ASSET_RATIO":59.3330233473,"OPERATE_PROFIT":98390117.84,"PRETAX_PROFIT":49537610.08,"NETCASH_OPERATE":446511812.18,"NETCASH_INVEST":-47012881.16,"NETCASH_FINANCE":-676816750.54,"END_CASH":1077003502.54,"DIVI_RATIO":null,"DIVIDEND_RATE":null,"CURRENT_RATIO":1.296908359185,"COMMON_ACS":5000000000,"CURRENTDEBT_DEBT":94.345884282024,"ISSUED_COMMON_SHARES":2762625168,"HK_COMMON_SHARES":2762625168,"PER_SHARES":2000,"TOTAL_MARKET_CAP":2956008929.76,"HKSK_MARKET_CAP":2956008929.76,"PE_TTM":-11.200609778755,"PB_TTM":0.90280268988,"REPORT_DATE_SQ":"2022-12-31 00:00:00","REPORT_TYPE_SQ":"2022年年报","OPERATE_INCOME_SQ":5685375023.79,"DPS_HKD":null,"OPERATE_INCOME_QOQ_SQ":5.501705602357,"NET_PROFIT_RATIO_SQ":2.2545684565,"HOLDER_PROFIT_SQ":169933004.99,"HOLDER_PROFIT_QOQ_SQ":151.056596044297,"ROE_AVG_SQ":5.070944090387,"PE_TTM_SQ":10.30483565007,"PB_TTM_SQ":0.602403667482,"ROA_SQ":1.722502733443,"START_DATE":"2023-01-01 00:00:00","FISCAL_YEAR":"12-31","CURRENCY":"HKD","IS_CNY_CODE":0,"DPS_HKD_LY":0.023,"ORG_TYPE":"一般企业","PREMIUM_INCOME":null,"PREMIUM_INCOME_YOY":null,"NET_INTEREST_INCOME":null,"NET_INTEREST_INCOME_YOY":null,"FEE_COMMISSION_INCOME":null,"FEE_COMMISSION_INCOME_YOY":null,"ACCOUNTS_RECE_TDAYS":1.579214365158,"INVENTORY_TDAYS":3.116663263267,"CURRENT_ASSETS_TDAYS":0.828073903771,"TOTAL_ASSETS_TDAYS":0.598649769698,"PREMIUM_EXPENSE":null,"LOAN_DEPOSIT":null,"LOAN_EQUITY":null,"LOAN_ASSETS":null,"DEPOSIT_EQUITY":null,"DEPOSIT_ASSETS":null,"EQUITY_MULTIPLIER":2.458997649469,"EQUITY_RATIO":1.558735791687},{"SECUCODE":"02342.HK","SECURITY_CODE":"02342","SECURITY_NAME_ABBR":"京信通信","ORG_CODE":"10010595","STD_REPORT_DATE":"2023-06-30 00:00:00","REPORT_DATE":"2023-06-30 00:00:00","DATE_TYPE_CODE":"002","REPORT_TYPE":"2023年中报","PER_NETCASH_OPERATE":0.174650808488,"PER_OI":1.071432163539,"BPS":1.210465345011,"BASIC_EPS":0.037247992,"DILUTED_EPS":0.037247992,"OPERATE_INCOME":2976325694.22,"OPERATE_INCOME_YOY":6.1025440112,"GROSS_PROFIT":782747190.3,"GROSS_PROFIT_YOY":8.046547026025,"HOLDER_PROFIT":103425872.44,"HOLDER_PROFIT_YOY":24.1126748097,"GROSS_PROFIT_RATIO":26.299110739799,"EPS_TTM":0.070579848375,"OPERATE_INCOME_QOQ":6.585224795785,"NET_PROFIT_RATIO":3.8209968499,"ROE_AVG":3.050242755306,"GROSS_PROFIT_QOQ":3.483185043053,"ROA":1.090983234319,"HOLDER_PROFIT_QOQ":15.376871303805,"ROE_YEARLY":6.100485510613,"ROIC_YEARLY":2.684321576355,"TOTAL_ASSETS":9209388079.86,"TOTAL_LIABILITIES":5643550217.6,"TAX_EBT":31.422868865675,"OCF_SALES":16.300687475238,"TOTAL_PARENT_EQUITY":3344062027.12,"DEBT_ASSET_RATIO":61.2804039602,"OPERATE_PROFIT":192715025.54,"PRETAX_PROFIT":165835620.62,"NETCASH_OPERATE":485161549.66,"NETCASH_INVEST":58019279.42,"NETCASH_FINANCE":-425367458.74,"END_CASH":1442230264.5,"DIVI_RATIO":null,"DIVIDEND_RATE":null,"CURRENT_RATIO":1.297607383214,"COMMON_ACS":5000000000,"CURRENTDEBT_DEBT":91.92110267402,"ISSUED_COMMON_SHARES":2762625168,"HK_COMMON_SHARES":2762625168,"PER_SHARES":2000,"TOTAL_MARKET_CAP":2956008929.76,"HKSK_MARKET_CAP":2956008929.76,"PE_TTM":-11.200609778755,"PB_TTM":0.90280268988,"REPORT_DATE_SQ":"2022-06-30 00:00:00","REPORT_TYPE_SQ":"2022年中报","OPERATE_INCOME_SQ":2601930968.42,"DPS_HKD":null,"OPERATE_INCOME_QOQ_SQ":12.291107278274,"NET_PROFIT_RATIO_SQ":1.9301447025,"HOLDER_PROFIT_SQ":77295492.96,"HOLDER_PROFIT_QOQ_SQ":31.301455546142,"ROE_AVG_SQ":2.391277804683,"PE_TTM_SQ":10.30483565007,"PB_TTM_SQ":0.602403667482,"ROA_SQ":0.792104197668,"START_DATE":"2023-01-01 00:00:00","FISCAL_YEAR":"12-31","CURRENCY":"HKD","IS_CNY_CODE":0,"DPS_HKD_LY":0.023,"ORG_TYPE":"一般企业","PREMIUM_INCOME":null,"PREMIUM_INCOME_YOY":null,"NET_INTEREST_INCOME":null,"NET_INTEREST_INCOME_YOY":null,"FEE_COMMISSION_INCOME":null,"FEE_COMMISSION_INCOME_YOY":null,"ACCOUNTS_RECE_TDAYS":0.816302384396,"INVENTORY_TDAYS":1.852687022413,"CURRENT_ASSETS_TDAYS":0.432784916479,"TOTAL_ASSETS_TDAYS":0.31395639753,"PREMIUM_EXPENSE":null,"LOAN_DEPOSIT":null,"LOAN_EQUITY":null,"LOAN_ASSETS":null,"DEPOSIT_EQUITY":null,"DEPOSIT_ASSETS":null,"EQUITY_MULTIPLIER":2.582671572741,"EQUITY_RATIO":1.687633235219},{"SECUCODE":"02342.HK","SECURITY_CODE":"02342","SECURITY_NAME_ABBR":"京信通信","ORG_CODE":"10010595","STD_REPORT_DATE":"2022-12-31 00:00:00","REPORT_DATE":"2022-12-31 00:00:00","DATE_TYPE_CODE":"001","REPORT_TYPE":"2022年年报","PER_NETCASH_OPERATE":0.16047788842,"PER_OI":2.044959778,"BPS":1.205513887996,"BASIC_EPS":0.061099668,"DILUTED_EPS":0.061099668,"OPERATE_INCOME":5685375023.79,"OPERATE_INCOME_YOY":8.4333759366,"GROSS_PROFIT":1673569036.37,"GROSS_PROFIT_YOY":43.863105353399,"HOLDER_PROFIT":169933004.99,"HOLDER_PROFIT_YOY":132.1038802363,"GROSS_PROFIT_RATIO":29.436387738137,"EPS_TTM":0.061122821046,"OPERATE_INCOME_QOQ":5.501705602357,"NET_PROFIT_RATIO":2.2545684565,"ROE_AVG":5.070944090387,"GROSS_PROFIT_QOQ":26.677523324089,"ROA":1.722502733443,"HOLDER_PROFIT_QOQ":151.056596044297,"ROE_YEARLY":5.070944090387,"ROIC_YEARLY":2.125470784846,"TOTAL_ASSETS":9447100248.74,"TOTAL_LIABILITIES":5905529454.72,"TAX_EBT":51.693631460947,"OCF_SALES":7.847483855033,"TOTAL_PARENT_EQUITY":3330383007.35,"DEBT_ASSET_RATIO":62.5115569776,"OPERATE_PROFIT":313925449.18,"PRETAX_PROFIT":265349426.58,"NETCASH_OPERATE":446158887.09,"NETCASH_INVEST":-243591155.92,"NETCASH_FINANCE":-208144415.78,"END_CASH":1368193967.63,"DIVI_RATIO":null,"DIVIDEND_RATE":null,"CURRENT_RATIO":1.38068565042,"COMMON_ACS":5000000000,"CURRENTDEBT_DEBT":83.44848752166,"ISSUED_COMMON_SHARES":2762625168,"HK_COMMON_SHARES":2762625168,"PER_SHARES":2000,"TOTAL_MARKET_CAP":2956008929.76,"HKSK_MARKET_CAP":2956008929.76,"PE_TTM":-11.200609778755,"PB_TTM":0.90280268988,"REPORT_DATE_SQ":"2021-12-31 00:00:00","REPORT_TYPE_SQ":"2021年年报","OPERATE_INCOME_SQ":4799038921.6,"DPS_HKD":null,"OPERATE_INCOME_QOQ_SQ":13.620882100671,"NET_PROFIT_RATIO_SQ":-11.4581817773,"HOLDER_PROFIT_SQ":-484482779.2,"HOLDER_PROFIT_QOQ_SQ":-69.247001921841,"ROE_AVG_SQ":-15.036663106066,"PE_TTM_SQ":10.30483565007,"PB_TTM_SQ":0.602403667482,"ROA_SQ":-5.18936637338,"START_DATE":"2022-01-01 00:00:00","FISCAL_YEAR":"12-31","CURRENCY":"HKD","IS_CNY_CODE":0,"DPS_HKD_LY":0.01,"ORG_TYPE":"一般企业","PREMIUM_INCOME":null,"PREMIUM_INCOME_YOY":null,"NET_INTEREST_INCOME":null,"NET_INTEREST_INCOME_YOY":null,"FEE_COMMISSION_INCOME":null,"FEE_COMMISSION_INCOME_YOY":null,"ACCOUNTS_RECE_TDAYS":1.552085600463,"INVENTORY_TDAYS":3.203104149921,"CURRENT_ASSETS_TDAYS":0.803872195643,"TOTAL_ASSETS_TDAYS":0.576290286852,"PREMIUM_EXPENSE":null,"LOAN_DEPOSIT":null,"LOAN_EQUITY":null,"LOAN_ASSETS":null,"DEPOSIT_EQUITY":null,"DEPOSIT_ASSETS":null,"EQUITY_MULTIPLIER":2.667488749539,"EQUITY_RATIO":1.773228316889},{"SECUCODE":"02342.HK","SECURITY_CODE":"02342","SECURITY_NAME_ABBR":"京信通信","ORG_CODE":"10010595","STD_REPORT_DATE":"2022-06-30 00:00:00","REPORT_DATE":"2022-06-30 00:00:00","DATE_TYPE_CODE":"002","REPORT_TYPE":"2022年中报","PER_NETCASH_OPERATE":0.029347970117,"PER_OI":0.936099545485,"BPS":1.17159807864,"BASIC_EPS":0.027793675,"DILUTED_EPS":0.027793675,"OPERATE_INCOME":2601930968.42,"OPERATE_INCOME_YOY":25.8212137654,"GROSS_PROFIT":724453683.94,"GROSS_PROFIT_YOY":27.851950578983,"HOLDER_PROFIT":77295492.96,"HOLDER_PROFIT_YOY":201.1459265891,"GROSS_PROFIT_RATIO":27.842924840543,"EPS_TTM":-0.119743554187,"OPERATE_INCOME_QOQ":12.291107278274,"NET_PROFIT_RATIO":1.9301447025,"ROE_AVG":2.391277804683,"GROSS_PROFIT_QOQ":13.566401977518,"ROA":0.792104197668,"HOLDER_PROFIT_QOQ":31.301455546142,"ROE_YEARLY":4.782555609366,"ROIC_YEARLY":1.960554640179,"TOTAL_ASSETS":9671053800.59,"TOTAL_LIABILITIES":6213566810.85,"TAX_EBT":28.433021351272,"OCF_SALES":3.13513346511,"TOTAL_PARENT_EQUITY":3236686338.83,"DEBT_ASSET_RATIO":64.2491184412,"OPERATE_PROFIT":86988216.42,"PRETAX_PROFIT":70173470.64,"NETCASH_OPERATE":81574008.53,"NETCASH_INVEST":-98216861.12,"NETCASH_FINANCE":101821486.97,"END_CASH":1452949851.01,"DIVI_RATIO":null,"DIVIDEND_RATE":null,"CURRENT_RATIO":1.358045418131,"COMMON_ACS":5000000000,"CURRENTDEBT_DEBT":82.25816729668,"ISSUED_COMMON_SHARES":2762625168,"HK_COMMON_SHARES":2762625168,"PER_SHARES":2000,"TOTAL_MARKET_CAP":2956008929.76,"HKSK_MARKET_CAP":2956008929.76,"PE_TTM":-11.200609778755,"PB_TTM":0.90280268988,"REPORT_DATE_SQ":"2021-06-30 00:00:00","REPORT_TYPE_SQ":"2021年中报","OPERATE_INCOME_SQ":2012075946.24,"DPS_HKD":null,"OPERATE_INCOME_QOQ_SQ":-0.766985722065,"NET_PROFIT_RATIO_SQ":-4.7970992437,"HOLDER_PROFIT_SQ":-74354668.8,"HOLDER_PROFIT_QOQ_SQ":-75.225177121793,"ROE_AVG_SQ":-2.167053750257,"PE_TTM_SQ":10.30483565007,"PB_TTM_SQ":0.602403667482,"ROA_SQ":-0.793481235536,"START_DATE":"2022-01-01 00:00:00","FISCAL_YEAR":"12-31","CURRENCY":"HKD","IS_CNY_CODE":0,"DPS_HKD_LY":0.01,"ORG_TYPE":"一般企业","PREMIUM_INCOME":null,"PREMIUM_INCOME_YOY":null,"NET_INTEREST_INCOME":null,"NET_INTEREST_INCOME_YOY":null,"FEE_COMMISSION_INCOME":null,"FEE_COMMISSION_INCOME_YOY":null,"ACCOUNTS_RECE_TDAYS":0.71401218026,"INVENTORY_TDAYS":1.59991837865,"CURRENT_ASSETS_TDAYS":0.372526478609,"TOTAL_ASSETS_TDAYS":0.266639148442,"PREMIUM_EXPENSE":null,"LOAN_DEPOSIT":null,"LOAN_EQUITY":null,"LOAN_ASSETS":null,"DEPOSIT_EQUITY":null,"DEPOSIT_ASSETS":null,"EQUITY_MULTIPLIER":2.797133822715,"EQUITY_RATIO":1.919730910069},{"SECUCODE":"02342.HK","SECURITY_CODE":"02342","SECURITY_NAME_ABBR":"京信通信","ORG_CODE":"10010595","STD_REPORT_DATE":"2021-12-31 00:00:00","REPORT_DATE":"2021-12-31 00:00:00","DATE_TYPE_CODE":"001","REPORT_TYPE":"2021年年报","PER_NETCASH_OPERATE":0.110215061614,"PER_OI":1.726949381061,"BPS":1.11712867795,"BASIC_EPS":-0.17521168,"DILUTED_EPS":-0.17521168,"OPERATE_INCOME":4799038921.6,"OPERATE_INCOME_YOY":16.0646123182,"GROSS_PROFIT":1163306625.6,"GROSS_PROFIT_YOY":-4.358673548254,"HOLDER_PROFIT":-484482779.2,"HOLDER_PROFIT_YOY":-205.2832502164,"GROSS_PROFIT_RATIO":24.240408227657,"EPS_TTM":-0.174342665134,"OPERATE_INCOME_QOQ":13.620882100671,"NET_PROFIT_RATIO":-11.4581817773,"ROE_AVG":-15.036663106066,"GROSS_PROFIT_QOQ":3.936975499021,"ROA":-5.18936637338,"HOLDER_PROFIT_QOQ":-69.247001921841,"ROE_YEARLY":-15.036663106066,"ROIC_YEARLY":-6.450988157869,"TOTAL_ASSETS":9412684590.4,"TOTAL_LIABILITIES":5991995811.2,"TAX_EBT":-2.452559725923,"OCF_SALES":6.382066713847,"TOTAL_PARENT_EQUITY":3086207801.6,"DEBT_ASSET_RATIO":63.6587336339,"OPERATE_PROFIT":-506637286.4,"PRETAX_PROFIT":-536719243.2,"NETCASH_OPERATE":306277865.6,"NETCASH_INVEST":-608412952,"NETCASH_FINANCE":218961456,"END_CASH":1350861612.8,"DIVI_RATIO":null,"DIVIDEND_RATE":null,"CURRENT_RATIO":1.378474470396,"COMMON_ACS":5000000000,"CURRENTDEBT_DEBT":81.345635183678,"ISSUED_COMMON_SHARES":2762625168,"HK_COMMON_SHARES":2762625168,"PER_SHARES":2000,"TOTAL_MARKET_CAP":2956008929.76,"HKSK_MARKET_CAP":2956008929.76,"PE_TTM":-11.200609778755,"PB_TTM":0.90280268988,"REPORT_DATE_SQ":"2020-12-31 00:00:00","REPORT_TYPE_SQ":"2020年年报","OPERATE_INCOME_SQ":4256375473.6,"DPS_HKD":null,"OPERATE_INCOME_QOQ_SQ":-11.364532528837,"NET_PROFIT_RATIO_SQ":-5.7565589136,"HOLDER_PROFIT_SQ":-163365690.56,"HOLDER_PROFIT_QOQ_SQ":-245.666077499829,"ROE_AVG_SQ":-5.129515618274,"PE_TTM_SQ":10.30483565007,"PB_TTM_SQ":0.602403667482,"ROA_SQ":-1.725196369252,"START_DATE":"2021-01-01 00:00:00","FISCAL_YEAR":"12-31","CURRENCY":"HKD","IS_CNY_CODE":0,"DPS_HKD_LY":null,"ORG_TYPE":"一般企业","PREMIUM_INCOME":null,"PREMIUM_INCOME_YOY":null,"NET_INTEREST_INCOME":null,"NET_INTEREST_INCOME_YOY":null,"FEE_COMMISSION_INCOME":null,"FEE_COMMISSION_INCOME_YOY":null,"ACCOUNTS_RECE_TDAYS":1.38251683257,"INVENTORY_TDAYS":3.37886523815,"CURRENT_ASSETS_TDAYS":0.713786339432,"TOTAL_ASSETS_TDAYS":0.514032124019,"PREMIUM_EXPENSE":null,"LOAN_DEPOSIT":null,"LOAN_EQUITY":null,"LOAN_ASSETS":null,"DEPOSIT_EQUITY":null,"DEPOSIT_ASSETS":null,"EQUITY_MULTIPLIER":2.751692772415,"EQUITY_RATIO":1.941539972809},{"SECUCODE":"02342.HK","SECURITY_CODE":"02342","SECURITY_NAME_ABBR":"京信通信","ORG_CODE":"10010595","STD_REPORT_DATE":"2021-06-30 00:00:00","REPORT_DATE":"2021-06-30 00:00:00","DATE_TYPE_CODE":"002","REPORT_TYPE":"2021年中报","PER_NETCASH_OPERATE":-0.014564518368,"PER_OI":0.729561869165,"BPS":1.247002954373,"BASIC_EPS":-0.027125808,"DILUTED_EPS":-0.027125808,"OPERATE_INCOME":2012075946.24,"OPERATE_INCOME_YOY":8.0252045468,"GROSS_PROFIT":566634830.88,"GROSS_PROFIT_YOY":-14.626738948237,"HOLDER_PROFIT":-74354668.8,"HOLDER_PROFIT_YOY":-268.1690723978,"GROSS_PROFIT_RATIO":28.161701944645,"EPS_TTM":-0.103794685822,"OPERATE_INCOME_QOQ":-0.766985722065,"NET_PROFIT_RATIO":-4.7970992437,"ROE_AVG":-2.167053750257,"GROSS_PROFIT_QOQ":-7.981422402803,"ROA":-0.793481235536,"HOLDER_PROFIT_QOQ":-75.225177121793,"ROE_YEARLY":-4.334107500514,"ROIC_YEARLY":-1.971291631706,"TOTAL_ASSETS":9317940541.68,"TOTAL_LIABILITIES":5492390335.68,"TAX_EBT":-30.253657769743,"OCF_SALES":-1.996337662853,"TOTAL_PARENT_EQUITY":3445001746.32,"DEBT_ASSET_RATIO":58.9442518023,"OPERATE_PROFIT":-60358251.12,"PRETAX_PROFIT":-74102548.56,"NETCASH_OPERATE":-40167829.92,"NETCASH_INVEST":-70386479.28,"NETCASH_FINANCE":142802401.68,"END_CASH":1476114080.4,"DIVI_RATIO":null,"DIVIDEND_RATE":null,"CURRENT_RATIO":1.341749156029,"COMMON_ACS":5000000000,"CURRENTDEBT_DEBT":92.382161181773,"ISSUED_COMMON_SHARES":2762625168,"HK_COMMON_SHARES":2762625168,"PER_SHARES":2000,"TOTAL_MARKET_CAP":2956008929.76,"HKSK_MARKET_CAP":2956008929.76,"PE_TTM":-11.200609778755,"PB_TTM":0.90280268988,"REPORT_DATE_SQ":"2020-06-30 00:00:00","REPORT_TYPE_SQ":"2020年中报","OPERATE_INCOME_SQ":2044721738.4,"DPS_HKD":null,"OPERATE_INCOME_QOQ_SQ":-7.250942760553,"NET_PROFIT_RATIO_SQ":0.0367659377,"HOLDER_PROFIT_SQ":48537461.28,"HOLDER_PROFIT_QOQ_SQ":-17.49595765971,"ROE_AVG_SQ":1.406834759464,"PE_TTM_SQ":10.30483565007,"PB_TTM_SQ":0.602403667482,"ROA_SQ":0.482284834045,"START_DATE":"2021-01-01 00:00:00","FISCAL_YEAR":"12-31","CURRENCY":"HKD","IS_CNY_CODE":0,"DPS_HKD_LY":null,"ORG_TYPE":"一般企业","PREMIUM_INCOME":null,"PREMIUM_INCOME_YOY":null,"NET_INTEREST_INCOME":null,"NET_INTEREST_INCOME_YOY":null,"FEE_COMMISSION_INCOME":null,"FEE_COMMISSION_INCOME_YOY":null,"ACCOUNTS_RECE_TDAYS":0.569406588707,"INVENTORY_TDAYS":1.295485672332,"CURRENT_ASSETS_TDAYS":0.294704239184,"TOTAL_ASSETS_TDAYS":0.214720142471,"PREMIUM_EXPENSE":null,"LOAN_DEPOSIT":null,"LOAN_EQUITY":null,"LOAN_ASSETS":null,"DEPOSIT_EQUITY":null,"DEPOSIT_ASSETS":null,"EQUITY_MULTIPLIER":2.43571252236,"EQUITY_RATIO":1.59430698157},{"SECUCODE":"02342.HK","SECURITY_CODE":"02342","SECURITY_NAME_ABBR":"京信通信","ORG_CODE":"10010595","STD_REPORT_DATE":"2020-12-31 00:00:00","REPORT_DATE":"2020-12-31 00:00:00","DATE_TYPE_CODE":"001","REPORT_TYPE":"2020年年报","PER_NETCASH_OPERATE":-0.102355595945,"PER_OI":1.547438698874,"BPS":1.25118032564,"BASIC_EPS":-0.061944704,"DILUTED_EPS":-0.061944704,"OPERATE_INCOME":4256375473.6,"OPERATE_INCOME_YOY":-12.5032266905,"GROSS_PROFIT":1216322136.84,"GROSS_PROFIT_YOY":-23.553202706212,"HOLDER_PROFIT":-163365690.56,"HOLDER_PROFIT_YOY":-227.9112218202,"GROSS_PROFIT_RATIO":28.576476497062,"EPS_TTM":-0.059392878567,"OPERATE_INCOME_QOQ":-11.364532528837,"NET_PROFIT_RATIO":-5.7565589136,"ROE_AVG":-5.129515618274,"GROSS_PROFIT_QOQ":-18.225632195548,"ROA":-1.725196369252,"HOLDER_PROFIT_QOQ":-245.666077499829,"ROE_YEARLY":-5.129515618274,"ROIC_YEARLY":-2.152006704898,"TOTAL_ASSETS":9531708504.04,"TOTAL_LIABILITIES":5702217888.28,"TAX_EBT":-8.582607268604,"OCF_SALES":-6.614517009278,"TOTAL_PARENT_EQUITY":3456542257.32,"DEBT_ASSET_RATIO":59.8236704979,"OPERATE_PROFIT":-168169771.68,"PRETAX_PROFIT":-225653783.68,"NETCASH_OPERATE":-281538679.68,"NETCASH_INVEST":-187737901.68,"NETCASH_FINANCE":324335232.04,"END_CASH":1444915769.04,"DIVI_RATIO":null,"DIVIDEND_RATE":null,"CURRENT_RATIO":1.371246391747,"COMMON_ACS":5000000000,"CURRENTDEBT_DEBT":88.571417185242,"ISSUED_COMMON_SHARES":2762625168,"HK_COMMON_SHARES":2762625168,"PER_SHARES":2000,"TOTAL_MARKET_CAP":2956008929.76,"HKSK_MARKET_CAP":2956008929.76,"PE_TTM":-11.200609778755,"PB_TTM":0.90280268988,"REPORT_DATE_SQ":"2019-12-31 00:00:00","REPORT_TYPE_SQ":"2019年年报","OPERATE_INCOME_SQ":5177533154.48,"DPS_HKD":null,"OPERATE_INCOME_QOQ_SQ":-1.938201602062,"NET_PROFIT_RATIO_SQ":1.1907093459,"HOLDER_PROFIT_SQ":135933719.22,"HOLDER_PROFIT_QOQ_SQ":242.227275655749,"ROE_AVG_SQ":4.503363968281,"PE_TTM_SQ":10.30483565007,"PB_TTM_SQ":0.602403667482,"ROA_SQ":1.350096286744,"START_DATE":"2020-01-01 00:00:00","FISCAL_YEAR":"12-31","CURRENCY":"HKD","IS_CNY_CODE":0,"DPS_HKD_LY":0.019,"ORG_TYPE":"一般企业","PREMIUM_INCOME":null,"PREMIUM_INCOME_YOY":null,"NET_INTEREST_INCOME":null,"NET_INTEREST_INCOME_YOY":null,"FEE_COMMISSION_INCOME":null,"FEE_COMMISSION_INCOME_YOY":null,"ACCOUNTS_RECE_TDAYS":1.201296873475,"INVENTORY_TDAYS":2.928234300316,"CURRENT_ASSETS_TDAYS":0.616671759627,"TOTAL_ASSETS_TDAYS":0.449487495695,"PREMIUM_EXPENSE":null,"LOAN_DEPOSIT":null,"LOAN_EQUITY":null,"LOAN_ASSETS":null,"DEPOSIT_EQUITY":null,"DEPOSIT_ASSETS":null,"EQUITY_MULTIPLIER":2.489027774296,"EQUITY_RATIO":1.649688464304},{"SECUCODE":"02342.HK","SECURITY_CODE":"02342","SECURITY_NAME_ABBR":"京信通信","ORG_CODE":"10010595","STD_REPORT_DATE":"2020-06-30 00:00:00","REPORT_DATE":"2020-06-30 00:00:00","DATE_TYPE_CODE":"002","REPORT_TYPE":"2020年中报","PER_NETCASH_OPERATE":-0.139598080251,"PER_OI":0.745905620093,"BPS":1.35328874166,"BASIC_EPS":0.019090896,"DILUTED_EPS":0.018634176,"OPERATE_INCOME":2044721738.4,"OPERATE_INCOME_YOY":-18.6367594932,"GROSS_PROFIT":663714638.4,"GROSS_PROFIT_YOY":-13.50812960964,"HOLDER_PROFIT":48537461.28,"HOLDER_PROFIT_YOY":-35.3674556645,"GROSS_PROFIT_RATIO":32.459900334378,"EPS_TTM":0.040912130163,"OPERATE_INCOME_QOQ":-7.250942760553,"NET_PROFIT_RATIO":0.0367659377,"ROE_AVG":1.406834759464,"GROSS_PROFIT_QOQ":-6.514963861785,"ROA":0.482284834045,"HOLDER_PROFIT_QOQ":-17.49595765971,"ROE_YEARLY":2.813669518929,"ROIC_YEARLY":1.215486617541,"TOTAL_ASSETS":9918530693.28,"TOTAL_LIABILITIES":5747082227.04,"TAX_EBT":97.940543516341,"OCF_SALES":-18.715247142599,"TOTAL_PARENT_EQUITY":3738629537.28,"DEBT_ASSET_RATIO":57.9428788876,"OPERATE_PROFIT":74224307.52,"PRETAX_PROFIT":36502889.28,"NETCASH_OPERATE":-382674726.72,"NETCASH_INVEST":-67099475.52,"NETCASH_FINANCE":396285896.16,"END_CASH":1618651304.16,"DIVI_RATIO":null,"DIVIDEND_RATE":null,"CURRENT_RATIO":1.549785303914,"COMMON_ACS":5000000000,"CURRENTDEBT_DEBT":81.940244681438,"ISSUED_COMMON_SHARES":2762625168,"HK_COMMON_SHARES":2762625168,"PER_SHARES":2000,"TOTAL_MARKET_CAP":2956008929.76,"HKSK_MARKET_CAP":2956008929.76,"PE_TTM":-11.200609778755,"PB_TTM":0.90280268988,"REPORT_DATE_SQ":"2019-06-30 00:00:00","REPORT_TYPE_SQ":"2019年中报","OPERATE_INCOME_SQ":2420141703.84,"DPS_HKD":null,"OPERATE_INCOME_QOQ_SQ":6.40191667972,"NET_PROFIT_RATIO_SQ":1.4189320826,"HOLDER_PROFIT_SQ":72320367.24,"HOLDER_PROFIT_QOQ_SQ":36.354048328149,"ROE_AVG_SQ":2.461242038998,"PE_TTM_SQ":10.30483565007,"PB_TTM_SQ":0.602403667482,"ROA_SQ":0.72513876722,"START_DATE":"2020-01-01 00:00:00","FISCAL_YEAR":"12-31","CURRENCY":"HKD","IS_CNY_CODE":0,"DPS_HKD_LY":0.019,"ORG_TYPE":"一般企业","PREMIUM_INCOME":null,"PREMIUM_INCOME_YOY":null,"NET_INTEREST_INCOME":null,"NET_INTEREST_INCOME_YOY":null,"FEE_COMMISSION_INCOME":null,"FEE_COMMISSION_INCOME_YOY":null,"ACCOUNTS_RECE_TDAYS":0.555990216891,"INVENTORY_TDAYS":1.155417671786,"CURRENT_ASSETS_TDAYS":0.276990206843,"TOTAL_ASSETS_TDAYS":0.203170552861,"PREMIUM_EXPENSE":null,"LOAN_DEPOSIT":null,"LOAN_EQUITY":null,"LOAN_ASSETS":null,"DEPOSIT_EQUITY":null,"DEPOSIT_ASSETS":null,"EQUITY_MULTIPLIER":2.377718620653,"EQUITY_RATIO":1.537216290016}],"count":46},"success":true,"message":"ok","code":0}