{"version":"ee93e8c674a099eb696aa782e0d94a88","result":{"pages":5,"data":[{"SECUCODE":"02356.HK","SECURITY_CODE":"02356","SECURITY_NAME_ABBR":"大新银行集团","ORG_CODE":"10010600","STD_REPORT_DATE":"2024-06-30 00:00:00","REPORT_DATE":"2024-06-30 00:00:00","DATE_TYPE_CODE":"002","REPORT_TYPE":"2024年中报","PER_NETCASH_OPERATE":-1.271849707684,"PER_OI":2.13391629326,"BPS":21.633821621378,"BASIC_EPS":0.9035532,"DILUTED_EPS":0.8487924,"OPERATE_INCOME":2999757378.76,"OPERATE_INCOME_YOY":22.1204455961,"GROSS_PROFIT":null,"GROSS_PROFIT_YOY":null,"HOLDER_PROFIT":1274168818.32,"HOLDER_PROFIT_YOY":25.5549170221,"GROSS_PROFIT_RATIO":null,"EPS_TTM":1.376376752385,"OPERATE_INCOME_QOQ":9.668129430533,"NET_PROFIT_RATIO":42.4757291154,"ROE_AVG":4.236982636758,"GROSS_PROFIT_QOQ":null,"ROA":0.533752340866,"HOLDER_PROFIT_QOQ":14.769912343125,"ROE_YEARLY":8.473965273516,"ROIC_YEARLY":1.132616181231,"TOTAL_ASSETS":239462293019,"TOTAL_LIABILITIES":208766278996.56,"TAX_EBT":11.636467899344,"OCF_SALES":-59.601668148878,"TOTAL_PARENT_EQUITY":30411790867.56,"DEBT_ASSET_RATIO":87.1812744982,"OPERATE_PROFIT":1033196655.96,"PRETAX_PROFIT":1441962298.28,"NETCASH_OPERATE":-1787905438.16,"NETCASH_INVEST":-128321895.32,"NETCASH_FINANCE":-2518064953.72,"END_CASH":12793428925.08,"DIVI_RATIO":0.501658720117,"DIVIDEND_RATE":8.909730363423,"CURRENT_RATIO":null,"COMMON_ACS":null,"CURRENTDEBT_DEBT":null,"ISSUED_COMMON_SHARES":1405752132,"HK_COMMON_SHARES":1405752132,"PER_SHARES":400,"TOTAL_MARKET_CAP":11991065685.96,"HKSK_MARKET_CAP":11991065685.96,"PE_TTM":5.591655923136,"PB_TTM":0.359860617151,"REPORT_DATE_SQ":"2023-06-30 00:00:00","REPORT_TYPE_SQ":"2023年中报","OPERATE_INCOME_SQ":2481422503.88,"DPS_HKD":0.76,"OPERATE_INCOME_QOQ_SQ":3.85696822154,"NET_PROFIT_RATIO_SQ":41.313833736,"HOLDER_PROFIT_SQ":1025170767.54,"HOLDER_PROFIT_QOQ_SQ":5.916779704138,"ROE_AVG_SQ":3.677089136366,"PE_TTM_SQ":4.204978725129,"PB_TTM_SQ":0.223064415746,"ROA_SQ":0.442034924899,"START_DATE":"2024-01-01 00:00:00","FISCAL_YEAR":"12-31","CURRENCY":"HKD","IS_CNY_CODE":0,"DPS_HKD_LY":0.76,"ORG_TYPE":"银行","PREMIUM_INCOME":null,"PREMIUM_INCOME_YOY":null,"NET_INTEREST_INCOME":2317016152.6,"NET_INTEREST_INCOME_YOY":11.883854220608,"FEE_COMMISSION_INCOME":550698334.48,"FEE_COMMISSION_INCOME_YOY":null,"ACCOUNTS_RECE_TDAYS":null,"INVENTORY_TDAYS":null,"CURRENT_ASSETS_TDAYS":null,"TOTAL_ASSETS_TDAYS":0.012566054827,"PREMIUM_EXPENSE":null,"LOAN_DEPOSIT":70.738917538429,"LOAN_EQUITY":4.377819882137,"LOAN_ASSETS":56.118071365473,"DEPOSIT_EQUITY":6.188700696132,"DEPOSIT_ASSETS":79.331255436566,"EQUITY_MULTIPLIER":7.801087556322,"EQUITY_RATIO":6.86464930348},{"SECUCODE":"02356.HK","SECURITY_CODE":"02356","SECURITY_NAME_ABBR":"大新银行集团","ORG_CODE":"10010600","STD_REPORT_DATE":"2023-12-31 00:00:00","REPORT_DATE":"2023-12-31 00:00:00","DATE_TYPE_CODE":"001","REPORT_TYPE":"2023年年报","PER_NETCASH_OPERATE":-0.738085174848,"PER_OI":3.813811496663,"BPS":21.001468862037,"BASIC_EPS":1.1962104,"DILUTED_EPS":1.1146506,"OPERATE_INCOME":5361273642.48,"OPERATE_INCOME_YOY":-13.3335774881,"GROSS_PROFIT":null,"GROSS_PROFIT_YOY":null,"HOLDER_PROFIT":1685846503.32,"HOLDER_PROFIT_YOY":15.6331427151,"GROSS_PROFIT_RATIO":null,"EPS_TTM":1.199248761531,"OPERATE_INCOME_QOQ":-15.342366682869,"NET_PROFIT_RATIO":31.4448882065,"ROE_AVG":5.953764239538,"GROSS_PROFIT_QOQ":null,"ROA":0.725505738472,"HOLDER_PROFIT_QOQ":10.756304140055,"ROE_YEARLY":5.953764239538,"ROIC_YEARLY":0.778353377465,"TOTAL_ASSETS":236291512864.68,"TOTAL_LIABILITIES":206486441829.22,"TAX_EBT":13.133866709501,"OCF_SALES":-19.352953744403,"TOTAL_PARENT_EQUITY":29522859627.94,"DEBT_ASSET_RATIO":87.3863133406,"OPERATE_PROFIT":1291913575.54,"PRETAX_PROFIT":1940740815.16,"NETCASH_OPERATE":-1037564808.14,"NETCASH_INVEST":-35243802.02,"NETCASH_FINANCE":800349942.28,"END_CASH":17186284680.88,"DIVI_RATIO":0.57575327334,"DIVIDEND_RATE":10.119840213049,"CURRENT_RATIO":null,"COMMON_ACS":null,"CURRENTDEBT_DEBT":null,"ISSUED_COMMON_SHARES":1405752132,"HK_COMMON_SHARES":1405752132,"PER_SHARES":400,"TOTAL_MARKET_CAP":10557198511.32,"HKSK_MARKET_CAP":10557198511.32,"PE_TTM":4.923017114039,"PB_TTM":0.316829218617,"REPORT_DATE_SQ":"2022-12-31 00:00:00","REPORT_TYPE_SQ":"2022年年报","OPERATE_INCOME_SQ":6097702202.9,"DPS_HKD":0.76,"OPERATE_INCOME_QOQ_SQ":39.083782510938,"NET_PROFIT_RATIO_SQ":23.5677756667,"HOLDER_PROFIT_SQ":1437092776,"HOLDER_PROFIT_QOQ_SQ":4.789447791857,"ROE_AVG_SQ":5.378205377644,"PE_TTM_SQ":4.23098890281,"PB_TTM_SQ":0.224444195637,"ROA_SQ":0.642151929989,"START_DATE":"2023-01-01 00:00:00","FISCAL_YEAR":"12-31","CURRENCY":"HKD","IS_CNY_CODE":0,"DPS_HKD_LY":0.4,"ORG_TYPE":"银行","PREMIUM_INCOME":null,"PREMIUM_INCOME_YOY":null,"NET_INTEREST_INCOME":4363843505.7,"NET_INTEREST_INCOME_YOY":9.864683577227,"FEE_COMMISSION_INCOME":785513308.44,"FEE_COMMISSION_INCOME_YOY":null,"ACCOUNTS_RECE_TDAYS":null,"INVENTORY_TDAYS":null,"CURRENT_ASSETS_TDAYS":null,"TOTAL_ASSETS_TDAYS":0.023072295049,"PREMIUM_EXPENSE":null,"LOAN_DEPOSIT":71.954491686965,"LOAN_EQUITY":4.533793837737,"LOAN_ASSETS":57.187854847443,"DEPOSIT_EQUITY":6.300918443648,"DEPOSIT_ASSETS":79.477810914482,"EQUITY_MULTIPLIER":7.92789631614,"EQUITY_RATIO":6.994120638429},{"SECUCODE":"02356.HK","SECURITY_CODE":"02356","SECURITY_NAME_ABBR":"大新银行集团","ORG_CODE":"10010600","STD_REPORT_DATE":"2023-06-30 00:00:00","REPORT_DATE":"2023-06-30 00:00:00","DATE_TYPE_CODE":"002","REPORT_TYPE":"2023年中报","PER_NETCASH_OPERATE":0.632947902056,"PER_OI":1.765192061526,"BPS":20.046240836091,"BASIC_EPS":0.7283642,"DILUTED_EPS":0.691485,"OPERATE_INCOME":2481422503.88,"OPERATE_INCOME_YOY":2.4675692047,"GROSS_PROFIT":null,"GROSS_PROFIT_YOY":null,"HOLDER_PROFIT":1025170767.54,"HOLDER_PROFIT_YOY":1.1449638691,"GROSS_PROFIT_RATIO":null,"EPS_TTM":1.082781491168,"OPERATE_INCOME_QOQ":3.85696822154,"NET_PROFIT_RATIO":41.313833736,"ROE_AVG":3.677089136366,"GROSS_PROFIT_QOQ":null,"ROA":0.442034924899,"HOLDER_PROFIT_QOQ":5.916779704138,"ROE_YEARLY":7.354178272732,"ROIC_YEARLY":0.949584632143,"TOTAL_ASSETS":231423243932.12,"TOTAL_LIABILITIES":202956078814.52,"TAX_EBT":8.249683761297,"OCF_SALES":35.85716907817,"TOTAL_PARENT_EQUITY":28180045793.92,"DEBT_ASSET_RATIO":87.6990899298,"OPERATE_PROFIT":707967236.46,"PRETAX_PROFIT":1117348483.98,"NETCASH_OPERATE":889767862.76,"NETCASH_INVEST":-36948348.5,"NETCASH_FINANCE":-594989651.22,"END_CASH":17910135467.38,"DIVI_RATIO":0.637683046517,"DIVIDEND_RATE":9.405940594059,"CURRENT_RATIO":null,"COMMON_ACS":null,"CURRENTDEBT_DEBT":null,"ISSUED_COMMON_SHARES":1405752132,"HK_COMMON_SHARES":1405752132,"PER_SHARES":400,"TOTAL_MARKET_CAP":11358477226.56,"HKSK_MARKET_CAP":11358477226.56,"PE_TTM":5.29666821324,"PB_TTM":0.340876176621,"REPORT_DATE_SQ":"2022-06-30 00:00:00","REPORT_TYPE_SQ":"2022年中报","OPERATE_INCOME_SQ":2246236067.67,"DPS_HKD":0.76,"OPERATE_INCOME_QOQ_SQ":-0.407118881406,"NET_PROFIT_RATIO_SQ":41.854067227,"HOLDER_PROFIT_SQ":940141153.84,"HOLDER_PROFIT_QOQ_SQ":1.194791958315,"ROE_AVG_SQ":3.688971467363,"PE_TTM_SQ":4.144288310539,"PB_TTM_SQ":0.219844929333,"ROA_SQ":0.436097719194,"START_DATE":"2023-01-01 00:00:00","FISCAL_YEAR":"12-31","CURRENCY":"HKD","IS_CNY_CODE":0,"DPS_HKD_LY":0.4,"ORG_TYPE":"银行","PREMIUM_INCOME":null,"PREMIUM_INCOME_YOY":null,"NET_INTEREST_INCOME":2092014109.1,"NET_INTEREST_INCOME_YOY":12.31283627598,"FEE_COMMISSION_INCOME":348207874.52,"FEE_COMMISSION_INCOME_YOY":null,"ACCOUNTS_RECE_TDAYS":null,"INVENTORY_TDAYS":null,"CURRENT_ASSETS_TDAYS":null,"TOTAL_ASSETS_TDAYS":0.01069944096,"PREMIUM_EXPENSE":null,"LOAN_DEPOSIT":72.259817528568,"LOAN_EQUITY":4.738199035371,"LOAN_ASSETS":58.284160228747,"DEPOSIT_EQUITY":6.557169942337,"DEPOSIT_ASSETS":80.659157775626,"EQUITY_MULTIPLIER":8.129479805097,"EQUITY_RATIO":7.20212026264},{"SECUCODE":"02356.HK","SECURITY_CODE":"02356","SECURITY_NAME_ABBR":"大新银行集团","ORG_CODE":"10010600","STD_REPORT_DATE":"2022-12-31 00:00:00","REPORT_DATE":"2022-12-31 00:00:00","DATE_TYPE_CODE":"001","REPORT_TYPE":"2022年年报","PER_NETCASH_OPERATE":3.152214307451,"PER_OI":4.337679498465,"BPS":19.008357714972,"BASIC_EPS":1.0183278,"DILUTED_EPS":0.9557989,"OPERATE_INCOME":6097702202.9,"OPERATE_INCOME_YOY":26.7835545241,"GROSS_PROFIT":null,"GROSS_PROFIT_YOY":null,"HOLDER_PROFIT":1437092776,"HOLDER_PROFIT_YOY":-2.9414390826,"GROSS_PROFIT_RATIO":null,"EPS_TTM":1.022294573337,"OPERATE_INCOME_QOQ":39.083782510938,"NET_PROFIT_RATIO":23.5677756667,"ROE_AVG":5.378205377644,"GROSS_PROFIT_QOQ":null,"ROA":0.642151929989,"HOLDER_PROFIT_QOQ":4.789447791857,"ROE_YEARLY":5.378205377644,"ROIC_YEARLY":0.684527893402,"TOTAL_ASSETS":225180890697.91,"TOTAL_LIABILITIES":198181672743.95,"TAX_EBT":18.33427919646,"OCF_SALES":72.670521382834,"TOTAL_PARENT_EQUITY":26721039383.64,"DEBT_ASSET_RATIO":88.0099870507,"OPERATE_PROFIT":1146433437.24,"PRETAX_PROFIT":1759725821.14,"NETCASH_OPERATE":4431231983.22,"NETCASH_INVEST":-32581129.98,"NETCASH_FINANCE":-1265522407.1,"END_CASH":17204758053.21,"DIVI_RATIO":0.67541334759,"DIVIDEND_RATE":9.405940594059,"CURRENT_RATIO":null,"COMMON_ACS":null,"CURRENTDEBT_DEBT":null,"ISSUED_COMMON_SHARES":1405752132,"HK_COMMON_SHARES":1405752132,"PER_SHARES":400,"TOTAL_MARKET_CAP":11358477226.56,"HKSK_MARKET_CAP":11358477226.56,"PE_TTM":5.29666821324,"PB_TTM":0.340876176621,"REPORT_DATE_SQ":"2021-12-31 00:00:00","REPORT_TYPE_SQ":"2021年年报","OPERATE_INCOME_SQ":4402115379.2,"DPS_HKD":0.76,"OPERATE_INCOME_QOQ_SQ":2.607021947713,"NET_PROFIT_RATIO_SQ":30.7856034852,"HOLDER_PROFIT_SQ":1355217785.6,"HOLDER_PROFIT_QOQ_SQ":2.939510643918,"ROE_AVG_SQ":5.681015014852,"PE_TTM_SQ":4.144288310539,"PB_TTM_SQ":0.219844929333,"ROA_SQ":0.667984976621,"START_DATE":"2022-01-01 00:00:00","FISCAL_YEAR":"12-31","CURRENCY":"HKD","IS_CNY_CODE":0,"DPS_HKD_LY":0.34,"ORG_TYPE":"银行","PREMIUM_INCOME":null,"PREMIUM_INCOME_YOY":null,"NET_INTEREST_INCOME":3915256006.2,"NET_INTEREST_INCOME_YOY":11.124576474871,"FEE_COMMISSION_INCOME":2009049090.65,"FEE_COMMISSION_INCOME_YOY":null,"ACCOUNTS_RECE_TDAYS":null,"INVENTORY_TDAYS":null,"CURRENT_ASSETS_TDAYS":null,"TOTAL_ASSETS_TDAYS":0.02724703167,"PREMIUM_EXPENSE":null,"LOAN_DEPOSIT":71.430524457759,"LOAN_EQUITY":4.721651553203,"LOAN_ASSETS":56.612663264847,"DEPOSIT_EQUITY":6.61013143757,"DEPOSIT_ASSETS":79.255561532836,"EQUITY_MULTIPLIER":8.340274562075,"EQUITY_RATIO":7.416690267868},{"SECUCODE":"02356.HK","SECURITY_CODE":"02356","SECURITY_NAME_ABBR":"大新银行集团","ORG_CODE":"10010600","STD_REPORT_DATE":"2022-06-30 00:00:00","REPORT_DATE":"2022-06-30 00:00:00","DATE_TYPE_CODE":"002","REPORT_TYPE":"2022年中报","PER_NETCASH_OPERATE":2.774967039915,"PER_OI":1.597889141718,"BPS":18.060894321133,"BASIC_EPS":0.6670482,"DILUTED_EPS":0.6670482,"OPERATE_INCOME":2246236067.67,"OPERATE_INCOME_YOY":-3.4724789624,"GROSS_PROFIT":null,"GROSS_PROFIT_YOY":null,"HOLDER_PROFIT":940141153.84,"HOLDER_PROFIT_YOY":-0.9972001308,"GROSS_PROFIT_RATIO":null,"EPS_TTM":0.975570150314,"OPERATE_INCOME_QOQ":-0.407118881406,"NET_PROFIT_RATIO":41.854067227,"ROE_AVG":3.688971467363,"GROSS_PROFIT_QOQ":null,"ROA":0.436097719194,"HOLDER_PROFIT_QOQ":1.194791958315,"ROE_YEARLY":7.377942934725,"ROIC_YEARLY":0.937337387643,"TOTAL_ASSETS":218236261927.39,"TOTAL_LIABILITIES":192078658613.1,"TAX_EBT":12.618165892076,"OCF_SALES":173.664553282522,"TOTAL_PARENT_EQUITY":25389140697.76,"DEBT_ASSET_RATIO":88.0140893712,"OPERATE_PROFIT":676968404,"PRETAX_PROFIT":1075900000.77,"NETCASH_OPERATE":3900915832.59,"NETCASH_INVEST":-187854456.16,"NETCASH_FINANCE":-438689379.87,"END_CASH":16860595936.66,"DIVI_RATIO":0.707761917252,"DIVIDEND_RATE":9.405940594059,"CURRENT_RATIO":null,"COMMON_ACS":null,"CURRENTDEBT_DEBT":null,"ISSUED_COMMON_SHARES":1405752132,"HK_COMMON_SHARES":1405752132,"PER_SHARES":400,"TOTAL_MARKET_CAP":11358477226.56,"HKSK_MARKET_CAP":11358477226.56,"PE_TTM":5.29666821324,"PB_TTM":0.340876176621,"REPORT_DATE_SQ":"2021-06-30 00:00:00","REPORT_TYPE_SQ":"2021年中报","OPERATE_INCOME_SQ":2264157910.56,"DPS_HKD":0.76,"OPERATE_INCOME_QOQ_SQ":-2.882584038115,"NET_PROFIT_RATIO_SQ":40.80762726,"HOLDER_PROFIT_SQ":923949120.72,"HOLDER_PROFIT_QOQ_SQ":4.762093282432,"ROE_AVG_SQ":3.855432186661,"PE_TTM_SQ":4.144288310539,"PB_TTM_SQ":0.219844929333,"ROA_SQ":0.450807475246,"START_DATE":"2022-01-01 00:00:00","FISCAL_YEAR":"12-31","CURRENCY":"HKD","IS_CNY_CODE":0,"DPS_HKD_LY":0.34,"ORG_TYPE":"银行","PREMIUM_INCOME":null,"PREMIUM_INCOME_YOY":null,"NET_INTEREST_INCOME":1727731805.1,"NET_INTEREST_INCOME_YOY":2.898415642796,"FEE_COMMISSION_INCOME":411861214.38,"FEE_COMMISSION_INCOME_YOY":null,"ACCOUNTS_RECE_TDAYS":null,"INVENTORY_TDAYS":null,"CURRENT_ASSETS_TDAYS":null,"TOTAL_ASSETS_TDAYS":0.010419482456,"PREMIUM_EXPENSE":null,"LOAN_DEPOSIT":73.112978853658,"LOAN_EQUITY":4.714063943276,"LOAN_ASSETS":56.502349122634,"DEPOSIT_EQUITY":6.447643109592,"DEPOSIT_ASSETS":77.280874078087,"EQUITY_MULTIPLIER":8.343129120262,"EQUITY_RATIO":7.565386355516},{"SECUCODE":"02356.HK","SECURITY_CODE":"02356","SECURITY_NAME_ABBR":"大新银行集团","ORG_CODE":"10010600","STD_REPORT_DATE":"2021-12-31 00:00:00","REPORT_DATE":"2021-12-31 00:00:00","DATE_TYPE_CODE":"001","REPORT_TYPE":"2021年年报","PER_NETCASH_OPERATE":-1.199919165266,"PER_OI":3.131501833781,"BPS":17.397661767587,"BASIC_EPS":0.964768,"DILUTED_EPS":0.964768,"OPERATE_INCOME":4402115379.2,"OPERATE_INCOME_YOY":2.5792894008,"GROSS_PROFIT":null,"GROSS_PROFIT_YOY":null,"HOLDER_PROFIT":1355217785.6,"HOLDER_PROFIT_YOY":11.012466463,"GROSS_PROFIT_RATIO":null,"EPS_TTM":0.964051737679,"OPERATE_INCOME_QOQ":2.607021947713,"NET_PROFIT_RATIO":30.7856034852,"ROE_AVG":5.681015014852,"GROSS_PROFIT_QOQ":null,"ROA":0.667984976621,"HOLDER_PROFIT_QOQ":2.939510643918,"ROE_YEARLY":5.681015014852,"ROIC_YEARLY":0.709566047107,"TOTAL_ASSETS":203565385744,"TOTAL_LIABILITIES":178373900891.2,"TAX_EBT":15.67514329654,"OCF_SALES":-38.317690008083,"TOTAL_PARENT_EQUITY":24456800121.6,"DEBT_ASSET_RATIO":87.6248681667,"OPERATE_PROFIT":1009462104,"PRETAX_PROFIT":1607139150.4,"NETCASH_OPERATE":-1686788924.8,"NETCASH_INVEST":-70486113.6,"NETCASH_FINANCE":-393892699.2,"END_CASH":13116610449.6,"DIVI_RATIO":0.716218199723,"DIVIDEND_RATE":9.405940594059,"CURRENT_RATIO":null,"COMMON_ACS":null,"CURRENTDEBT_DEBT":null,"ISSUED_COMMON_SHARES":1405752132,"HK_COMMON_SHARES":1405752132,"PER_SHARES":400,"TOTAL_MARKET_CAP":11358477226.56,"HKSK_MARKET_CAP":11358477226.56,"PE_TTM":5.29666821324,"PB_TTM":0.340876176621,"REPORT_DATE_SQ":"2020-12-31 00:00:00","REPORT_TYPE_SQ":"2020年年报","OPERATE_INCOME_SQ":4417608448.4,"DPS_HKD":0.76,"OPERATE_INCOME_QOQ_SQ":-9.426906091335,"NET_PROFIT_RATIO_SQ":28.4447331871,"HOLDER_PROFIT_SQ":1256674566.64,"HOLDER_PROFIT_QOQ_SQ":-25.158501995689,"ROE_AVG_SQ":5.360145536672,"PE_TTM_SQ":4.144288310539,"PB_TTM_SQ":0.219844929333,"ROA_SQ":0.608554035619,"START_DATE":"2021-01-01 00:00:00","FISCAL_YEAR":"12-31","CURRENCY":"HKD","IS_CNY_CODE":0,"DPS_HKD_LY":0.32,"ORG_TYPE":"银行","PREMIUM_INCOME":null,"PREMIUM_INCOME_YOY":null,"NET_INTEREST_INCOME":3224840057.6,"NET_INTEREST_INCOME_YOY":6.723141553579,"FEE_COMMISSION_INCOME":979013044.8,"FEE_COMMISSION_INCOME_YOY":null,"ACCOUNTS_RECE_TDAYS":null,"INVENTORY_TDAYS":null,"CURRENT_ASSETS_TDAYS":null,"TOTAL_ASSETS_TDAYS":0.021697965965,"PREMIUM_EXPENSE":null,"LOAN_DEPOSIT":77.731219379919,"LOAN_EQUITY":4.94808023484,"LOAN_ASSETS":61.23314522792,"DEPOSIT_EQUITY":6.365627960441,"DEPOSIT_ASSETS":78.775485212238,"EQUITY_MULTIPLIER":8.080721995293,"EQUITY_RATIO":7.293427594956},{"SECUCODE":"02356.HK","SECURITY_CODE":"02356","SECURITY_NAME_ABBR":"大新银行集团","ORG_CODE":"10010600","STD_REPORT_DATE":"2021-06-30 00:00:00","REPORT_DATE":"2021-06-30 00:00:00","DATE_TYPE_CODE":"002","REPORT_TYPE":"2021年中报","PER_NETCASH_OPERATE":-0.906132709888,"PER_OI":1.610638076955,"BPS":17.26071710662,"BASIC_EPS":0.6573432,"DILUTED_EPS":0.6573432,"OPERATE_INCOME":2264157910.56,"OPERATE_INCOME_YOY":3.9325104541,"GROSS_PROFIT":null,"GROSS_PROFIT_YOY":null,"HOLDER_PROFIT":923949120.72,"HOLDER_PROFIT_YOY":17.3806277022,"GROSS_PROFIT_RATIO":null,"EPS_TTM":0.936522557421,"OPERATE_INCOME_QOQ":-2.882584038115,"NET_PROFIT_RATIO":40.80762726,"ROE_AVG":3.855432186661,"GROSS_PROFIT_QOQ":null,"ROA":0.450807475246,"HOLDER_PROFIT_QOQ":4.762093282432,"ROE_YEARLY":7.710864373321,"ROIC_YEARLY":0.965423077596,"TOTAL_ASSETS":204129956105.28,"TOTAL_LIABILITIES":179117969961.84,"TAX_EBT":15.715219336764,"OCF_SALES":-56.259238053098,"TOTAL_PARENT_EQUITY":24264289872.48,"DEBT_ASSET_RATIO":87.7470281086,"OPERATE_PROFIT":721879324.8,"PRETAX_PROFIT":1096222963.92,"NETCASH_OPERATE":-1273797988.8,"NETCASH_INVEST":-151951121.28,"NETCASH_FINANCE":-453068392.08,"END_CASH":13655758303.44,"DIVI_RATIO":0.737271509938,"DIVIDEND_RATE":9.405940594059,"CURRENT_RATIO":null,"COMMON_ACS":null,"CURRENTDEBT_DEBT":null,"ISSUED_COMMON_SHARES":1405752132,"HK_COMMON_SHARES":1405752132,"PER_SHARES":400,"TOTAL_MARKET_CAP":11358477226.56,"HKSK_MARKET_CAP":11358477226.56,"PE_TTM":5.29666821324,"PB_TTM":0.340876176621,"REPORT_DATE_SQ":"2020-06-30 00:00:00","REPORT_TYPE_SQ":"2020年中报","OPERATE_INCOME_SQ":2391499186.56,"DPS_HKD":0.76,"OPERATE_INCOME_QOQ_SQ":1.053174187297,"NET_PROFIT_RATIO_SQ":36.1309471973,"HOLDER_PROFIT_SQ":864105105.6,"HOLDER_PROFIT_QOQ_SQ":-16.319440383593,"ROE_AVG_SQ":3.47831918854,"PE_TTM_SQ":4.144288310539,"PB_TTM_SQ":0.219844929333,"ROA_SQ":0.381133232559,"START_DATE":"2021-01-01 00:00:00","FISCAL_YEAR":"12-31","CURRENCY":"HKD","IS_CNY_CODE":0,"DPS_HKD_LY":0.32,"ORG_TYPE":"银行","PREMIUM_INCOME":null,"PREMIUM_INCOME_YOY":null,"NET_INTEREST_INCOME":1633691726.64,"NET_INTEREST_INCOME_YOY":5.751762903723,"FEE_COMMISSION_INCOME":533790969.12,"FEE_COMMISSION_INCOME_YOY":null,"ACCOUNTS_RECE_TDAYS":null,"INVENTORY_TDAYS":null,"CURRENT_ASSETS_TDAYS":null,"TOTAL_ASSETS_TDAYS":0.011047137643,"PREMIUM_EXPENSE":null,"LOAN_DEPOSIT":77.790942164208,"LOAN_EQUITY":4.92845954368,"LOAN_ASSETS":60.388276256457,"DEPOSIT_EQUITY":6.335518514838,"DEPOSIT_ASSETS":77.628930279548,"EQUITY_MULTIPLIER":8.161285350715,"EQUITY_RATIO":7.381958050418},{"SECUCODE":"02356.HK","SECURITY_CODE":"02356","SECURITY_NAME_ABBR":"大新银行集团","ORG_CODE":"10010600","STD_REPORT_DATE":"2020-12-31 00:00:00","REPORT_DATE":"2020-12-31 00:00:00","DATE_TYPE_CODE":"001","REPORT_TYPE":"2020年年报","PER_NETCASH_OPERATE":-1.781388304379,"PER_OI":3.142523029373,"BPS":17.028136435763,"BASIC_EPS":0.8921384,"DILUTED_EPS":0.8921384,"OPERATE_INCOME":4417608448.4,"OPERATE_INCOME_YOY":-2.5853763646,"GROSS_PROFIT":null,"GROSS_PROFIT_YOY":null,"HOLDER_PROFIT":1256674566.64,"HOLDER_PROFIT_YOY":-33.3435712777,"GROSS_PROFIT_RATIO":null,"EPS_TTM":0.893951741586,"OPERATE_INCOME_QOQ":-9.426906091335,"NET_PROFIT_RATIO":28.4447331871,"ROE_AVG":5.360145536672,"GROSS_PROFIT_QOQ":null,"ROA":0.608554035619,"HOLDER_PROFIT_QOQ":-25.158501995689,"ROE_YEARLY":5.360145536672,"ROIC_YEARLY":0.654908327436,"TOTAL_ASSETS":208142809525.72,"TOTAL_LIABILITIES":183436309939.04,"TAX_EBT":17.486271752971,"OCF_SALES":-56.686563240049,"TOTAL_PARENT_EQUITY":23937339098.56,"DEBT_ASSET_RATIO":88.1300249367,"OPERATE_PROFIT":897060310.72,"PRETAX_PROFIT":1522870149.12,"NETCASH_OPERATE":-2624029001.48,"NETCASH_INVEST":4555797.32,"NETCASH_FINANCE":-2360580531.96,"END_CASH":15729246681.84,"DIVI_RATIO":0.772381066986,"DIVIDEND_RATE":10.119840213049,"CURRENT_RATIO":null,"COMMON_ACS":null,"CURRENTDEBT_DEBT":null,"ISSUED_COMMON_SHARES":1405752132,"HK_COMMON_SHARES":1405752132,"PER_SHARES":400,"TOTAL_MARKET_CAP":10557198511.32,"HKSK_MARKET_CAP":10557198511.32,"PE_TTM":4.923017114039,"PB_TTM":0.316829218617,"REPORT_DATE_SQ":"2019-12-31 00:00:00","REPORT_TYPE_SQ":"2019年年报","OPERATE_INCOME_SQ":4826563863.14,"DPS_HKD":0.76,"OPERATE_INCOME_QOQ_SQ":-2.158067723567,"NET_PROFIT_RATIO_SQ":41.5754829195,"HOLDER_PROFIT_SQ":2006576760.74,"HOLDER_PROFIT_QOQ_SQ":-9.968911363852,"ROE_AVG_SQ":8.47901376593,"PE_TTM_SQ":4.23098890281,"PB_TTM_SQ":0.224444195637,"ROA_SQ":0.945795316168,"START_DATE":"2020-01-01 00:00:00","FISCAL_YEAR":"12-31","CURRENCY":"HKD","IS_CNY_CODE":0,"DPS_HKD_LY":0.43,"ORG_TYPE":"银行","PREMIUM_INCOME":null,"PREMIUM_INCOME_YOY":null,"NET_INTEREST_INCOME":3110534795.28,"NET_INTEREST_INCOME_YOY":-9.278400622124,"FEE_COMMISSION_INCOME":994650993.64,"FEE_COMMISSION_INCOME_YOY":null,"ACCOUNTS_RECE_TDAYS":null,"INVENTORY_TDAYS":null,"CURRENT_ASSETS_TDAYS":null,"TOTAL_ASSETS_TDAYS":0.021392598533,"PREMIUM_EXPENSE":null,"LOAN_DEPOSIT":77.148579330019,"LOAN_EQUITY":5.002334238239,"LOAN_ASSETS":59.377582666005,"DEPOSIT_EQUITY":6.48402638348,"DEPOSIT_ASSETS":76.965231481458,"EQUITY_MULTIPLIER":8.424617530089,"EQUITY_RATIO":7.663187173134},{"SECUCODE":"02356.HK","SECURITY_CODE":"02356","SECURITY_NAME_ABBR":"大新银行集团","ORG_CODE":"10010600","STD_REPORT_DATE":"2020-06-30 00:00:00","REPORT_DATE":"2020-06-30 00:00:00","DATE_TYPE_CODE":"002","REPORT_TYPE":"2020年中报","PER_NETCASH_OPERATE":2.482050700642,"PER_OI":1.701223944194,"BPS":17.623970727949,"BASIC_EPS":0.6120048,"DILUTED_EPS":0.6120048,"OPERATE_INCOME":2391499186.56,"OPERATE_INCOME_YOY":-1.6067259028,"GROSS_PROFIT":null,"GROSS_PROFIT_YOY":null,"HOLDER_PROFIT":864105105.6,"HOLDER_PROFIT_YOY":-30.1634384756,"GROSS_PROFIT_RATIO":null,"EPS_TTM":1.194459979322,"OPERATE_INCOME_QOQ":1.053174187297,"NET_PROFIT_RATIO":36.1309471973,"ROE_AVG":3.47831918854,"GROSS_PROFIT_QOQ":null,"ROA":0.381133232559,"HOLDER_PROFIT_QOQ":-16.319440383593,"ROE_YEARLY":6.95663837708,"ROIC_YEARLY":0.82414341458,"TOTAL_ASSETS":231102694944,"TOTAL_LIABILITIES":205492934819.04,"TAX_EBT":13.614753798948,"OCF_SALES":145.897940662856,"TOTAL_PARENT_EQUITY":24774934425.12,"DEBT_ASSET_RATIO":88.9184502452,"OPERATE_PROFIT":611731681.44,"PRETAX_PROFIT":1000253337.6,"NETCASH_OPERATE":3489148064.16,"NETCASH_INVEST":-45155906.4,"NETCASH_FINANCE":-2278235366.88,"END_CASH":23343638799.36,"DIVI_RATIO":0.578061560834,"DIVIDEND_RATE":9.405940594059,"CURRENT_RATIO":null,"COMMON_ACS":null,"CURRENTDEBT_DEBT":null,"ISSUED_COMMON_SHARES":1405752132,"HK_COMMON_SHARES":1405752132,"PER_SHARES":400,"TOTAL_MARKET_CAP":11358477226.56,"HKSK_MARKET_CAP":11358477226.56,"PE_TTM":5.29666821324,"PB_TTM":0.340876176621,"REPORT_DATE_SQ":"2019-06-30 00:00:00","REPORT_TYPE_SQ":"2019年中报","OPERATE_INCOME_SQ":2340667061.82,"DPS_HKD":0.76,"OPERATE_INCOME_QOQ_SQ":-1.743616772494,"NET_PROFIT_RATIO_SQ":50.9064868463,"HOLDER_PROFIT_SQ":1191567203.82,"HOLDER_PROFIT_QOQ_SQ":2.57812485943,"ROE_AVG_SQ":5.184600319701,"PE_TTM_SQ":4.144288310539,"PB_TTM_SQ":0.219844929333,"ROA_SQ":0.585558219652,"START_DATE":"2020-01-01 00:00:00","FISCAL_YEAR":"12-31","CURRENCY":"HKD","IS_CNY_CODE":0,"DPS_HKD_LY":0.43,"ORG_TYPE":"银行","PREMIUM_INCOME":null,"PREMIUM_INCOME_YOY":null,"NET_INTEREST_INCOME":1695889050.24,"NET_INTEREST_INCOME_YOY":-9.020094420155,"FEE_COMMISSION_INCOME":528163796.16,"FEE_COMMISSION_INCOME_YOY":null,"ACCOUNTS_RECE_TDAYS":null,"INVENTORY_TDAYS":null,"CURRENT_ASSETS_TDAYS":null,"TOTAL_ASSETS_TDAYS":0.010548251708,"PREMIUM_EXPENSE":null,"LOAN_DEPOSIT":78.58370734574,"LOAN_EQUITY":5.261482585144,"LOAN_ASSETS":58.30538105142,"DEPOSIT_EQUITY":6.695386057565,"DEPOSIT_ASSETS":74.195253724665,"EQUITY_MULTIPLIER":9.024008573953,"EQUITY_RATIO":8.294388646724}],"count":45},"success":true,"message":"ok","code":0}