{"version":"a232cb02e0dcddd2231efc292caaf295","result":{"pages":2,"data":[{"SECUCODE":"02350.HK","SECURITY_CODE":"02350","SECURITY_NAME_ABBR":"数科集团","ORG_CODE":"10000140624","STD_REPORT_DATE":"2024-06-30 00:00:00","REPORT_DATE":"2024-09-30 00:00:00","DATE_TYPE_CODE":"002","REPORT_TYPE":"2024年中报","PER_NETCASH_OPERATE":-0.00142843536,"PER_OI":0.317828310464,"BPS":0.253763706,"BASIC_EPS":-0.026332268,"DILUTED_EPS":null,"OPERATE_INCOME":198642694.04,"OPERATE_INCOME_YOY":-38.8229282098,"GROSS_PROFIT":19416440.49,"GROSS_PROFIT_YOY":-44.964925985836,"HOLDER_PROFIT":-16432417.38,"HOLDER_PROFIT_YOY":-1432.0175438596,"GROSS_PROFIT_RATIO":9.774555557573,"EPS_TTM":-0.02171803704,"OPERATE_INCOME_QOQ":0,"NET_PROFIT_RATIO":-8.2723492346,"ROE_AVG":-9.856736004241,"GROSS_PROFIT_QOQ":0,"ROA":-3.934553659629,"HOLDER_PROFIT_QOQ":0,"ROE_YEARLY":-19.713472008482,"ROIC_YEARLY":-8.052917149571,"TOTAL_ASSETS":401744739.63,"TOTAL_LIABILITIES":243142423.38,"TAX_EBT":5.428690056051,"OCF_SALES":-0.449436161906,"TOTAL_PARENT_EQUITY":158602316.25,"DEBT_ASSET_RATIO":60.5216196742,"OPERATE_PROFIT":-15570306.14,"PRETAX_PROFIT":-17375689.72,"NETCASH_OPERATE":-892772.1,"NETCASH_INVEST":4263663.12,"NETCASH_FINANCE":-3727999.86,"END_CASH":9430018.03,"DIVI_RATIO":null,"DIVIDEND_RATE":null,"CURRENT_RATIO":1.582212169466,"COMMON_ACS":10000000000,"CURRENTDEBT_DEBT":98.056909302653,"ISSUED_COMMON_SHARES":625000000,"HK_COMMON_SHARES":625000000,"PER_SHARES":5000,"TOTAL_MARKET_CAP":253125000,"HKSK_MARKET_CAP":253125000,"PE_TTM":-7.323583022307,"PB_TTM":1.439232409382,"REPORT_DATE_SQ":"2023-06-30 00:00:00","REPORT_TYPE_SQ":"2023年中报","OPERATE_INCOME_SQ":330404610.69,"DPS_HKD":null,"OPERATE_INCOME_QOQ_SQ":0,"NET_PROFIT_RATIO_SQ":0.3799335116,"HOLDER_PROFIT_SQ":1255317.84,"HOLDER_PROFIT_QOQ_SQ":0,"ROE_AVG_SQ":0.652536329531,"PE_TTM_SQ":19.426580921758,"PB_TTM_SQ":1.293854222188,"ROA_SQ":0.305677831654,"START_DATE":"2024-04-01 00:00:00","FISCAL_YEAR":"3-31","CURRENCY":"HKD","IS_CNY_CODE":0,"DPS_HKD_LY":null,"ORG_TYPE":"一般企业","PREMIUM_INCOME":null,"PREMIUM_INCOME_YOY":null,"NET_INTEREST_INCOME":null,"NET_INTEREST_INCOME_YOY":null,"FEE_COMMISSION_INCOME":null,"FEE_COMMISSION_INCOME_YOY":null,"ACCOUNTS_RECE_TDAYS":0.604350259545,"INVENTORY_TDAYS":10.867805878332,"CURRENT_ASSETS_TDAYS":0.505616791153,"TOTAL_ASSETS_TDAYS":0.475627122121,"PREMIUM_EXPENSE":null,"LOAN_DEPOSIT":null,"LOAN_EQUITY":null,"LOAN_ASSETS":null,"DEPOSIT_EQUITY":null,"DEPOSIT_ASSETS":null,"EQUITY_MULTIPLIER":2.533031982942,"EQUITY_RATIO":1.533031982942},{"SECUCODE":"02350.HK","SECURITY_CODE":"02350","SECURITY_NAME_ABBR":"数科集团","ORG_CODE":"10000140624","STD_REPORT_DATE":"2023-12-31 00:00:00","REPORT_DATE":"2024-03-31 00:00:00","DATE_TYPE_CODE":"001","REPORT_TYPE":"2023年年报","PER_NETCASH_OPERATE":-0.01521118376,"PER_OI":0.911010226,"BPS":0.28119295376,"BASIC_EPS":-0.0217572,"DILUTED_EPS":null,"OPERATE_INCOME":569381391.25,"OPERATE_INCOME_YOY":-16.540096499,"GROSS_PROFIT":64343292.8,"GROSS_PROFIT_YOY":-41.99659762675,"HOLDER_PROFIT":-13573773.15,"HOLDER_PROFIT_YOY":-134.2341724398,"GROSS_PROFIT_RATIO":11.300561238706,"EPS_TTM":0.018249594576,"OPERATE_INCOME_QOQ":0,"NET_PROFIT_RATIO":-2.3839509613,"ROE_AVG":-7.430382039646,"GROSS_PROFIT_QOQ":0,"ROA":-3.448045577852,"HOLDER_PROFIT_QOQ":0,"ROE_YEARLY":-7.430382039646,"ROIC_YEARLY":-3.611018998065,"TOTAL_ASSETS":435831164.9,"TOTAL_LIABILITIES":260085568.8,"TAX_EBT":10.912119950021,"OCF_SALES":-1.669705051148,"TOTAL_PARENT_EQUITY":175745596.1,"DEBT_ASSET_RATIO":59.6757620258,"OPERATE_PROFIT":-11877618.1,"PRETAX_PROFIT":-15236385.85,"NETCASH_OPERATE":-9506989.85,"NETCASH_INVEST":462340.5,"NETCASH_FINANCE":-6884340.7,"END_CASH":9686486.75,"DIVI_RATIO":null,"DIVIDEND_RATE":null,"CURRENT_RATIO":1.615386261197,"COMMON_ACS":10000000000,"CURRENTDEBT_DEBT":97.746918744075,"ISSUED_COMMON_SHARES":625000000,"HK_COMMON_SHARES":625000000,"PER_SHARES":5000,"TOTAL_MARKET_CAP":281250000,"HKSK_MARKET_CAP":281250000,"PE_TTM":-8.13731446923,"PB_TTM":1.599147121535,"REPORT_DATE_SQ":"2022-12-31 00:00:00","REPORT_TYPE_SQ":"2022年年报","OPERATE_INCOME_SQ":658787169.27,"DPS_HKD":null,"OPERATE_INCOME_QOQ_SQ":0,"NET_PROFIT_RATIO_SQ":5.8118629135,"HOLDER_PROFIT_SQ":38287807.17,"HOLDER_PROFIT_QOQ_SQ":0,"ROE_AVG_SQ":30.572807627649,"PE_TTM_SQ":23.222579492676,"PB_TTM_SQ":1.546676311582,"ROA_SQ":13.293557319101,"START_DATE":"2023-04-01 00:00:00","FISCAL_YEAR":"3-31","CURRENCY":"HKD","IS_CNY_CODE":0,"DPS_HKD_LY":null,"ORG_TYPE":"一般企业","PREMIUM_INCOME":null,"PREMIUM_INCOME_YOY":null,"NET_INTEREST_INCOME":null,"NET_INTEREST_INCOME_YOY":null,"FEE_COMMISSION_INCOME":null,"FEE_COMMISSION_INCOME_YOY":null,"ACCOUNTS_RECE_TDAYS":1.912026826064,"INVENTORY_TDAYS":29.654219785484,"CURRENT_ASSETS_TDAYS":1.547371507127,"TOTAL_ASSETS_TDAYS":1.446357594543,"PREMIUM_EXPENSE":null,"LOAN_DEPOSIT":null,"LOAN_EQUITY":null,"LOAN_ASSETS":null,"DEPOSIT_EQUITY":null,"DEPOSIT_ASSETS":null,"EQUITY_MULTIPLIER":2.479898071824,"EQUITY_RATIO":1.479898071824},{"SECUCODE":"02350.HK","SECURITY_CODE":"02350","SECURITY_NAME_ABBR":"数科集团","ORG_CODE":"10000140624","STD_REPORT_DATE":"2023-06-30 00:00:00","REPORT_DATE":"2023-09-30 00:00:00","DATE_TYPE_CODE":"002","REPORT_TYPE":"2023年中报","PER_NETCASH_OPERATE":-0.00185728312,"PER_OI":0.528647377104,"BPS":0.308511610624,"BASIC_EPS":0.002018786,"DILUTED_EPS":null,"OPERATE_INCOME":330404610.69,"OPERATE_INCOME_YOY":-11.34532096,"GROSS_PROFIT":35280120.61,"GROSS_PROFIT_YOY":-47.336002856849,"HOLDER_PROFIT":1255317.84,"HOLDER_PROFIT_YOY":-95.6027000964,"GROSS_PROFIT_RATIO":10.677853597843,"EPS_TTM":0.061260491472,"OPERATE_INCOME_QOQ":0,"NET_PROFIT_RATIO":0.3799335116,"ROE_AVG":0.652536329531,"GROSS_PROFIT_QOQ":0,"ROA":0.305677831654,"HOLDER_PROFIT_QOQ":0,"ROE_YEARLY":1.305072659062,"ROIC_YEARLY":0.640912269277,"TOTAL_ASSETS":465537557.38,"TOTAL_LIABILITIES":272717800.74,"TAX_EBT":8.187919463087,"OCF_SALES":-0.351327406593,"TOTAL_PARENT_EQUITY":192819756.64,"DEBT_ASSET_RATIO":58.5812672719,"OPERATE_PROFIT":2916228.14,"PRETAX_PROFIT":1367268.7,"NETCASH_OPERATE":-1160801.95,"NETCASH_INVEST":-12030129.3,"NETCASH_FINANCE":-1093814.96,"END_CASH":11713546.95,"DIVI_RATIO":null,"DIVIDEND_RATE":null,"CURRENT_RATIO":1.654260004491,"COMMON_ACS":10000000000,"CURRENTDEBT_DEBT":97.408125222915,"ISSUED_COMMON_SHARES":625000000,"HK_COMMON_SHARES":625000000,"PER_SHARES":5000,"TOTAL_MARKET_CAP":281250000,"HKSK_MARKET_CAP":281250000,"PE_TTM":-8.13731446923,"PB_TTM":1.599147121535,"REPORT_DATE_SQ":"2022-06-30 00:00:00","REPORT_TYPE_SQ":"2022年中报","OPERATE_INCOME_SQ":367330166.04,"DPS_HKD":null,"OPERATE_INCOME_QOQ_SQ":0,"NET_PROFIT_RATIO_SQ":7.6599013643,"HOLDER_PROFIT_SQ":28137128.4,"HOLDER_PROFIT_QOQ_SQ":0,"ROE_AVG_SQ":22.762359793083,"PE_TTM_SQ":23.222579492676,"PB_TTM_SQ":1.546676311582,"ROA_SQ":9.207301914266,"START_DATE":"2023-04-01 00:00:00","FISCAL_YEAR":"3-31","CURRENCY":"HKD","IS_CNY_CODE":0,"DPS_HKD_LY":null,"ORG_TYPE":"一般企业","PREMIUM_INCOME":null,"PREMIUM_INCOME_YOY":null,"NET_INTEREST_INCOME":null,"NET_INTEREST_INCOME_YOY":null,"FEE_COMMISSION_INCOME":null,"FEE_COMMISSION_INCOME_YOY":null,"ACCOUNTS_RECE_TDAYS":null,"INVENTORY_TDAYS":16.853976156164,"CURRENT_ASSETS_TDAYS":0.859656913655,"TOTAL_ASSETS_TDAYS":0.804556119143,"PREMIUM_EXPENSE":null,"LOAN_DEPOSIT":null,"LOAN_EQUITY":null,"LOAN_ASSETS":null,"DEPOSIT_EQUITY":null,"DEPOSIT_ASSETS":null,"EQUITY_MULTIPLIER":2.414366481381,"EQUITY_RATIO":1.414366481383},{"SECUCODE":"02350.HK","SECURITY_CODE":"02350","SECURITY_NAME_ABBR":"数科集团","ORG_CODE":"10000140624","STD_REPORT_DATE":"2022-12-31 00:00:00","REPORT_DATE":"2023-03-31 00:00:00","DATE_TYPE_CODE":"001","REPORT_TYPE":"2022年年报","PER_NETCASH_OPERATE":-0.03287339632,"PER_OI":1.054059470832,"BPS":0.292959808304,"BASIC_EPS":0.067844275,"DILUTED_EPS":null,"OPERATE_INCOME":658787169.27,"OPERATE_INCOME_YOY":19.1659065861,"GROSS_PROFIT":110930204.38,"GROSS_PROFIT_YOY":17.8480303028,"HOLDER_PROFIT":38287807.17,"HOLDER_PROFIT_YOY":-7.4505903762,"GROSS_PROFIT_RATIO":16.838549618828,"EPS_TTM":0.083556285248,"OPERATE_INCOME_QOQ":0,"NET_PROFIT_RATIO":5.8118629135,"ROE_AVG":30.572807627649,"GROSS_PROFIT_QOQ":0,"ROA":13.293557319101,"HOLDER_PROFIT_QOQ":0,"ROE_YEARLY":30.572807627649,"ROIC_YEARLY":14.285201032106,"TOTAL_ASSETS":339426220.94,"TOTAL_LIABILITIES":156326340.75,"TAX_EBT":17.422826394789,"OCF_SALES":-3.118742085212,"TOTAL_PARENT_EQUITY":183099880.19,"DEBT_ASSET_RATIO":46.0560590508,"OPERATE_PROFIT":48966933.76,"PRETAX_PROFIT":46366090.65,"NETCASH_OPERATE":-20545872.7,"NETCASH_INVEST":-27164847.71,"NETCASH_FINANCE":57890863.3,"END_CASH":24959689.92,"DIVI_RATIO":null,"DIVIDEND_RATE":null,"CURRENT_RATIO":2.108656428702,"COMMON_ACS":10000000000,"CURRENTDEBT_DEBT":95.282654346913,"ISSUED_COMMON_SHARES":625000000,"HK_COMMON_SHARES":625000000,"PER_SHARES":5000,"TOTAL_MARKET_CAP":296875000,"HKSK_MARKET_CAP":296875000,"PE_TTM":-8.589387495298,"PB_TTM":1.687988628287,"REPORT_DATE_SQ":"2021-12-31 00:00:00","REPORT_TYPE_SQ":"2021年年报","OPERATE_INCOME_SQ":512162547.12,"DPS_HKD":null,"OPERATE_INCOME_QOQ_SQ":0,"NET_PROFIT_RATIO_SQ":7.4833098975,"HOLDER_PROFIT_SQ":38326710.58,"HOLDER_PROFIT_QOQ_SQ":0,"ROE_AVG_SQ":87.707283575996,"PE_TTM_SQ":7.859478244964,"PB_TTM_SQ":1.63590763725,"ROA_SQ":19.58061081164,"START_DATE":"2022-04-01 00:00:00","FISCAL_YEAR":"3-31","CURRENCY":"HKD","IS_CNY_CODE":0,"DPS_HKD_LY":null,"ORG_TYPE":"一般企业","PREMIUM_INCOME":null,"PREMIUM_INCOME_YOY":null,"NET_INTEREST_INCOME":null,"NET_INTEREST_INCOME_YOY":null,"FEE_COMMISSION_INCOME":null,"FEE_COMMISSION_INCOME_YOY":null,"ACCOUNTS_RECE_TDAYS":2.76609657393,"INVENTORY_TDAYS":35.126371621811,"CURRENT_ASSETS_TDAYS":2.46483772391,"TOTAL_ASSETS_TDAYS":2.287314328787,"PREMIUM_EXPENSE":null,"LOAN_DEPOSIT":null,"LOAN_EQUITY":null,"LOAN_ASSETS":null,"DEPOSIT_EQUITY":null,"DEPOSIT_ASSETS":null,"EQUITY_MULTIPLIER":1.853776313714,"EQUITY_RATIO":0.853776313713},{"SECUCODE":"02350.HK","SECURITY_CODE":"02350","SECURITY_NAME_ABBR":"数科集团","ORG_CODE":"10000140624","STD_REPORT_DATE":"2022-06-30 00:00:00","REPORT_DATE":"2022-09-30 00:00:00","DATE_TYPE_CODE":"002","REPORT_TYPE":"2022年中报","PER_NETCASH_OPERATE":-0.011492899968,"PER_OI":0.587728265664,"BPS":0.284193860352,"BASIC_EPS":0.055894392,"DILUTED_EPS":null,"OPERATE_INCOME":367330166.04,"OPERATE_INCOME_YOY":55.1322941296,"GROSS_PROFIT":66990966.36,"GROSS_PROFIT_YOY":58.654334387768,"HOLDER_PROFIT":28137128.4,"HOLDER_PROFIT_YOY":81.9830359754,"GROSS_PROFIT_RATIO":18.237262428565,"EPS_TTM":null,"OPERATE_INCOME_QOQ":0,"NET_PROFIT_RATIO":7.6599013643,"ROE_AVG":22.762359793083,"GROSS_PROFIT_QOQ":0,"ROA":9.207301914266,"HOLDER_PROFIT_QOQ":0,"ROE_YEARLY":45.524719586166,"ROIC_YEARLY":22.420207734647,"TOTAL_ASSETS":366735948.96,"TOTAL_LIABILITIES":189114786.24,"TAX_EBT":18.410700236035,"OCF_SALES":-1.955478516082,"TOTAL_PARENT_EQUITY":177621162.72,"DEBT_ASSET_RATIO":51.5670162078,"OPERATE_PROFIT":35743468.8,"PRETAX_PROFIT":34486297.2,"NETCASH_OPERATE":-7183062.48,"NETCASH_INVEST":-9044.4,"NETCASH_FINANCE":85349289.48,"END_CASH":93670137.48,"DIVI_RATIO":null,"DIVIDEND_RATE":null,"CURRENT_RATIO":1.879736243474,"COMMON_ACS":10000000000,"CURRENTDEBT_DEBT":95.448023874201,"ISSUED_COMMON_SHARES":625000000,"HK_COMMON_SHARES":625000000,"PER_SHARES":5000,"TOTAL_MARKET_CAP":296875000,"HKSK_MARKET_CAP":296875000,"PE_TTM":-8.589387495298,"PB_TTM":1.687988628287,"REPORT_DATE_SQ":"2021-06-30 00:00:00","REPORT_TYPE_SQ":"2021年中报","OPERATE_INCOME_SQ":218097607.18,"DPS_HKD":null,"OPERATE_INCOME_QOQ_SQ":0,"NET_PROFIT_RATIO_SQ":6.5297189108,"HOLDER_PROFIT_SQ":14241160.7,"HOLDER_PROFIT_QOQ_SQ":0,"ROE_AVG_SQ":43.996911594389,"PE_TTM_SQ":7.859478244964,"PB_TTM_SQ":1.63590763725,"ROA_SQ":7.443563679589,"START_DATE":"2022-04-01 00:00:00","FISCAL_YEAR":"3-31","CURRENCY":"HKD","IS_CNY_CODE":0,"DPS_HKD_LY":null,"ORG_TYPE":"一般企业","PREMIUM_INCOME":null,"PREMIUM_INCOME_YOY":null,"NET_INTEREST_INCOME":null,"NET_INTEREST_INCOME_YOY":null,"FEE_COMMISSION_INCOME":null,"FEE_COMMISSION_INCOME_YOY":null,"ACCOUNTS_RECE_TDAYS":null,"INVENTORY_TDAYS":17.815977251998,"CURRENT_ASSETS_TDAYS":1.295526244438,"TOTAL_ASSETS_TDAYS":1.202013116928,"PREMIUM_EXPENSE":null,"LOAN_DEPOSIT":null,"LOAN_EQUITY":null,"LOAN_ASSETS":null,"DEPOSIT_EQUITY":null,"DEPOSIT_ASSETS":null,"EQUITY_MULTIPLIER":2.064708638003,"EQUITY_RATIO":1.064708638002},{"SECUCODE":"02350.HK","SECURITY_CODE":"02350","SECURITY_NAME_ABBR":"数科集团","ORG_CODE":"10000140624","STD_REPORT_DATE":"2021-12-31 00:00:00","REPORT_DATE":"2022-03-31 00:00:00","DATE_TYPE_CODE":"001","REPORT_TYPE":"2021年年报","PER_NETCASH_OPERATE":null,"PER_OI":null,"BPS":0.099861932128,"BASIC_EPS":0.076640445,"DILUTED_EPS":null,"OPERATE_INCOME":512162547.12,"OPERATE_INCOME_YOY":62.9973389222,"GROSS_PROFIT":94129875.65,"GROSS_PROFIT_YOY":29.118644741458,"HOLDER_PROFIT":38326710.58,"HOLDER_PROFIT_YOY":90.7410397159,"GROSS_PROFIT_RATIO":18.378906497422,"EPS_TTM":null,"OPERATE_INCOME_QOQ":0,"NET_PROFIT_RATIO":7.4833098975,"ROE_AVG":87.707283575996,"GROSS_PROFIT_QOQ":0,"ROA":19.58061081164,"HOLDER_PROFIT_QOQ":0,"ROE_YEARLY":87.707283575996,"ROIC_YEARLY":20.629474419417,"TOTAL_ASSETS":219203026.84,"TOTAL_LIABILITIES":156789319.26,"TAX_EBT":18.118340119553,"OCF_SALES":-5.143528547359,"TOTAL_PARENT_EQUITY":62413707.58,"DEBT_ASSET_RATIO":71.5269864291,"OPERATE_PROFIT":48459469.52,"PRETAX_PROFIT":46807442.15,"NETCASH_OPERATE":-26343226.82,"NETCASH_INVEST":33029193.26,"NETCASH_FINANCE":1184074.6,"END_CASH":13921797.66,"DIVI_RATIO":null,"DIVIDEND_RATE":null,"CURRENT_RATIO":1.31326689716,"COMMON_ACS":10000000000,"CURRENTDEBT_DEBT":99.191521057695,"ISSUED_COMMON_SHARES":625000000,"HK_COMMON_SHARES":625000000,"PER_SHARES":5000,"TOTAL_MARKET_CAP":296875000,"HKSK_MARKET_CAP":296875000,"PE_TTM":-8.589387495298,"PB_TTM":1.687988628287,"REPORT_DATE_SQ":"2020-12-31 00:00:00","REPORT_TYPE_SQ":"2020年年报","OPERATE_INCOME_SQ":327454003.66,"DPS_HKD":null,"OPERATE_INCOME_QOQ_SQ":0,"NET_PROFIT_RATIO_SQ":6.3948461298,"HOLDER_PROFIT_SQ":20940179.68,"HOLDER_PROFIT_QOQ_SQ":0,"ROE_AVG_SQ":116.417629922,"PE_TTM_SQ":7.859478244964,"PB_TTM_SQ":1.63590763725,"ROA_SQ":12.1544820143,"START_DATE":"2021-04-01 00:00:00","FISCAL_YEAR":"3-31","CURRENCY":"HKD","IS_CNY_CODE":0,"DPS_HKD_LY":null,"ORG_TYPE":"一般企业","PREMIUM_INCOME":null,"PREMIUM_INCOME_YOY":null,"NET_INTEREST_INCOME":null,"NET_INTEREST_INCOME_YOY":null,"FEE_COMMISSION_INCOME":null,"FEE_COMMISSION_INCOME_YOY":null,"ACCOUNTS_RECE_TDAYS":null,"INVENTORY_TDAYS":40.307084766969,"CURRENT_ASSETS_TDAYS":2.822021628385,"TOTAL_ASSETS_TDAYS":2.616570886385,"PREMIUM_EXPENSE":null,"LOAN_DEPOSIT":null,"LOAN_EQUITY":null,"LOAN_ASSETS":null,"DEPOSIT_EQUITY":null,"DEPOSIT_ASSETS":null,"EQUITY_MULTIPLIER":3.512097507733,"EQUITY_RATIO":2.512097507731},{"SECUCODE":"02350.HK","SECURITY_CODE":"02350","SECURITY_NAME_ABBR":"数科集团","ORG_CODE":"10000140624","STD_REPORT_DATE":"2021-06-30 00:00:00","REPORT_DATE":"2021-09-30 00:00:00","DATE_TYPE_CODE":"002","REPORT_TYPE":"2021年中报","PER_NETCASH_OPERATE":null,"PER_OI":null,"BPS":0.06251948688,"BASIC_EPS":0.028490652,"DILUTED_EPS":null,"OPERATE_INCOME":218097607.18,"OPERATE_INCOME_YOY":80.0248923851,"GROSS_PROFIT":42224479.16,"GROSS_PROFIT_YOY":53.203433360862,"HOLDER_PROFIT":14241160.7,"HOLDER_PROFIT_YOY":40.5492066102,"GROSS_PROFIT_RATIO":19.360358743024,"EPS_TTM":null,"OPERATE_INCOME_QOQ":0,"NET_PROFIT_RATIO":6.5297189108,"ROE_AVG":43.996911594389,"GROSS_PROFIT_QOQ":0,"ROA":7.443563679589,"HOLDER_PROFIT_QOQ":0,"ROE_YEARLY":87.993823188779,"ROIC_YEARLY":15.174008463537,"TOTAL_ASSETS":205686679.3,"TOTAL_LIABILITIES":166612000,"TAX_EBT":17.331592436772,"OCF_SALES":-19.095655893936,"TOTAL_PARENT_EQUITY":39074679.3,"DEBT_ASSET_RATIO":81.0028148478,"OPERATE_PROFIT":18029084.52,"PRETAX_PROFIT":17226847.74,"NETCASH_OPERATE":-41647168.58,"NETCASH_INVEST":34517841.1,"NETCASH_FINANCE":2055159.02,"END_CASH":1089642.48,"DIVI_RATIO":null,"DIVIDEND_RATE":null,"CURRENT_RATIO":1.146895369476,"COMMON_ACS":10000000000,"CURRENTDEBT_DEBT":98.8765,"ISSUED_COMMON_SHARES":625000000,"HK_COMMON_SHARES":625000000,"PER_SHARES":5000,"TOTAL_MARKET_CAP":296875000,"HKSK_MARKET_CAP":296875000,"PE_TTM":-8.589387495298,"PB_TTM":1.687988628287,"REPORT_DATE_SQ":"2020-06-30 00:00:00","REPORT_TYPE_SQ":"2020年中报","OPERATE_INCOME_SQ":127788734.72,"DPS_HKD":null,"OPERATE_INCOME_QOQ_SQ":0,"NET_PROFIT_RATIO_SQ":8.3637038769,"HOLDER_PROFIT_SQ":10687871.36,"HOLDER_PROFIT_QOQ_SQ":0,"ROE_AVG_SQ":null,"PE_TTM_SQ":7.859478244964,"PB_TTM_SQ":1.63590763725,"ROA_SQ":null,"START_DATE":"2021-04-01 00:00:00","FISCAL_YEAR":"3-31","CURRENCY":"HKD","IS_CNY_CODE":0,"DPS_HKD_LY":null,"ORG_TYPE":"一般企业","PREMIUM_INCOME":null,"PREMIUM_INCOME_YOY":null,"NET_INTEREST_INCOME":null,"NET_INTEREST_INCOME_YOY":null,"FEE_COMMISSION_INCOME":null,"FEE_COMMISSION_INCOME_YOY":null,"ACCOUNTS_RECE_TDAYS":1.281526261687,"INVENTORY_TDAYS":20.160141329259,"CURRENT_ASSETS_TDAYS":1.239227881834,"TOTAL_ASSETS_TDAYS":1.139951624456,"PREMIUM_EXPENSE":null,"LOAN_DEPOSIT":null,"LOAN_EQUITY":null,"LOAN_ASSETS":null,"DEPOSIT_EQUITY":null,"DEPOSIT_ASSETS":null,"EQUITY_MULTIPLIER":5.263937746504,"EQUITY_RATIO":4.263937746509},{"SECUCODE":"02350.HK","SECURITY_CODE":"02350","SECURITY_NAME_ABBR":"数科集团","ORG_CODE":"10000140624","STD_REPORT_DATE":"2020-12-31 00:00:00","REPORT_DATE":"2021-03-31 00:00:00","DATE_TYPE_CODE":"001","REPORT_TYPE":"2020年年报","PER_NETCASH_OPERATE":null,"PER_OI":null,"BPS":0.04165723184,"BASIC_EPS":0.041920928,"DILUTED_EPS":null,"OPERATE_INCOME":327454003.66,"OPERATE_INCOME_YOY":16.7379762931,"GROSS_PROFIT":72901846.08,"GROSS_PROFIT_YOY":15.364884866221,"HOLDER_PROFIT":20940179.68,"HOLDER_PROFIT_YOY":-5.1055191696,"GROSS_PROFIT_RATIO":22.263232473925,"EPS_TTM":11.92789665,"OPERATE_INCOME_QOQ":0,"NET_PROFIT_RATIO":6.3948461298,"ROE_AVG":116.417629922,"GROSS_PROFIT_QOQ":0,"ROA":12.1544820143,"HOLDER_PROFIT_QOQ":0,"ROE_YEARLY":116.417629922,"ROIC_YEARLY":12.63920418314,"TOTAL_ASSETS":179531445.24,"TOTAL_LIABILITIES":153495675.34,"TAX_EBT":20.298526667953,"OCF_SALES":-9.359457150453,"TOTAL_PARENT_EQUITY":26035769.9,"DEBT_ASSET_RATIO":85.4979333202,"OPERATE_PROFIT":28042227.22,"PRETAX_PROFIT":26273265.48,"NETCASH_OPERATE":-32338277.16,"NETCASH_INVEST":21896923.44,"NETCASH_FINANCE":9571663.5,"END_CASH":6234047.68,"DIVI_RATIO":null,"DIVIDEND_RATE":null,"CURRENT_RATIO":1.097852242833,"COMMON_ACS":10000000000,"CURRENTDEBT_DEBT":98.164228331672,"ISSUED_COMMON_SHARES":625000000,"HK_COMMON_SHARES":625000000,"PER_SHARES":5000,"TOTAL_MARKET_CAP":296875000,"HKSK_MARKET_CAP":296875000,"PE_TTM":-8.589387495298,"PB_TTM":1.687988628287,"REPORT_DATE_SQ":"2019-12-31 00:00:00","REPORT_TYPE_SQ":"2019年年报","OPERATE_INCOME_SQ":303244238.2,"DPS_HKD":null,"OPERATE_INCOME_QOQ_SQ":0,"NET_PROFIT_RATIO_SQ":7.866857897,"HOLDER_PROFIT_SQ":23855793.3,"HOLDER_PROFIT_QOQ_SQ":0,"ROE_AVG_SQ":272.864085279824,"PE_TTM_SQ":7.859478244964,"PB_TTM_SQ":1.63590763725,"ROA_SQ":16.053493198063,"START_DATE":"2020-04-01 00:00:00","FISCAL_YEAR":"3-31","CURRENCY":"HKD","IS_CNY_CODE":0,"DPS_HKD_LY":null,"ORG_TYPE":"一般企业","PREMIUM_INCOME":null,"PREMIUM_INCOME_YOY":null,"NET_INTEREST_INCOME":null,"NET_INTEREST_INCOME_YOY":null,"FEE_COMMISSION_INCOME":null,"FEE_COMMISSION_INCOME_YOY":null,"ACCOUNTS_RECE_TDAYS":null,"INVENTORY_TDAYS":21.586940940367,"CURRENT_ASSETS_TDAYS":2.051000124403,"TOTAL_ASSETS_TDAYS":1.900668408207,"PREMIUM_EXPENSE":null,"LOAN_DEPOSIT":null,"LOAN_EQUITY":null,"LOAN_ASSETS":null,"DEPOSIT_EQUITY":null,"DEPOSIT_ASSETS":null,"EQUITY_MULTIPLIER":6.895568901175,"EQUITY_RATIO":5.895568901152},{"SECUCODE":"02350.HK","SECURITY_CODE":"02350","SECURITY_NAME_ABBR":"数科集团","ORG_CODE":"10000140624","STD_REPORT_DATE":"2020-06-30 00:00:00","REPORT_DATE":"2020-09-30 00:00:00","DATE_TYPE_CODE":"002","REPORT_TYPE":"2020年中报","PER_NETCASH_OPERATE":null,"PER_OI":null,"BPS":null,"BASIC_EPS":null,"DILUTED_EPS":null,"OPERATE_INCOME":127788734.72,"OPERATE_INCOME_YOY":null,"GROSS_PROFIT":27561052.8,"GROSS_PROFIT_YOY":null,"HOLDER_PROFIT":10687871.36,"HOLDER_PROFIT_YOY":null,"GROSS_PROFIT_RATIO":21.567670155268,"EPS_TTM":11.92789665,"OPERATE_INCOME_QOQ":0,"NET_PROFIT_RATIO":8.3637038769,"ROE_AVG":null,"GROSS_PROFIT_QOQ":0,"ROA":null,"HOLDER_PROFIT_QOQ":0,"ROE_YEARLY":null,"ROIC_YEARLY":null,"TOTAL_ASSETS":null,"TOTAL_LIABILITIES":null,"TAX_EBT":12.243867243867,"OCF_SALES":-32.300964064198,"TOTAL_PARENT_EQUITY":null,"DEBT_ASSET_RATIO":null,"OPERATE_PROFIT":null,"PRETAX_PROFIT":12179059.2,"NETCASH_OPERATE":-41276993.28,"NETCASH_INVEST":24300122.88,"NETCASH_FINANCE":12179059.2,"END_CASH":2475354.24,"DIVI_RATIO":null,"DIVIDEND_RATE":null,"CURRENT_RATIO":null,"COMMON_ACS":10000000000,"CURRENTDEBT_DEBT":null,"ISSUED_COMMON_SHARES":625000000,"HK_COMMON_SHARES":625000000,"PER_SHARES":5000,"TOTAL_MARKET_CAP":296875000,"HKSK_MARKET_CAP":296875000,"PE_TTM":-8.589387495298,"PB_TTM":1.687988628287,"REPORT_DATE_SQ":"2019-06-30 00:00:00","REPORT_TYPE_SQ":"2019年中报","OPERATE_INCOME_SQ":null,"DPS_HKD":null,"OPERATE_INCOME_QOQ_SQ":0,"NET_PROFIT_RATIO_SQ":null,"HOLDER_PROFIT_SQ":null,"HOLDER_PROFIT_QOQ_SQ":0,"ROE_AVG_SQ":null,"PE_TTM_SQ":7.859478244964,"PB_TTM_SQ":1.63590763725,"ROA_SQ":null,"START_DATE":"2020-04-01 00:00:00","FISCAL_YEAR":"3-31","CURRENCY":"HKD","IS_CNY_CODE":0,"DPS_HKD_LY":null,"ORG_TYPE":"一般企业","PREMIUM_INCOME":null,"PREMIUM_INCOME_YOY":null,"NET_INTEREST_INCOME":null,"NET_INTEREST_INCOME_YOY":null,"FEE_COMMISSION_INCOME":null,"FEE_COMMISSION_INCOME_YOY":null,"ACCOUNTS_RECE_TDAYS":null,"INVENTORY_TDAYS":null,"CURRENT_ASSETS_TDAYS":1.597394537536,"TOTAL_ASSETS_TDAYS":1.489509236072,"PREMIUM_EXPENSE":null,"LOAN_DEPOSIT":null,"LOAN_EQUITY":null,"LOAN_ASSETS":null,"DEPOSIT_EQUITY":null,"DEPOSIT_ASSETS":null,"EQUITY_MULTIPLIER":null,"EQUITY_RATIO":null}],"count":12},"success":true,"message":"ok","code":0}