{"version":"2d4e6cec0caf50a854698a3c7949a9ca","result":{"pages":6,"data":[{"SECUCODE":"02355.HK","SECURITY_CODE":"02355","SECURITY_NAME_ABBR":"宝业集团","ORG_CODE":"10010599","STD_REPORT_DATE":"2024-06-30 00:00:00","REPORT_DATE":"2024-06-30 00:00:00","DATE_TYPE_CODE":"002","REPORT_TYPE":"2024年中报","PER_NETCASH_OPERATE":-0.276615123665,"PER_OI":24.523336649531,"BPS":24.68828355663,"BASIC_EPS":0.72,"DILUTED_EPS":0.72,"OPERATE_INCOME":12770676000,"OPERATE_INCOME_YOY":-10.848226197,"GROSS_PROFIT":965277000,"GROSS_PROFIT_YOY":-18.579952629661,"HOLDER_PROFIT":373845000,"HOLDER_PROFIT_YOY":-46.9478837762,"GROSS_PROFIT_RATIO":7.558542711443,"EPS_TTM":1.072337031481,"OPERATE_INCOME_QOQ":-5.868620796505,"NET_PROFIT_RATIO":3.314350783,"ROE_AVG":2.939444240647,"GROSS_PROFIT_QOQ":-9.994632323215,"ROA":0.785692029972,"HOLDER_PROFIT_QOQ":-37.203010156805,"ROE_YEARLY":5.878888481293,"ROIC_YEARLY":1.988959200201,"TOTAL_ASSETS":46649084000,"TOTAL_LIABILITIES":33315550000,"TAX_EBT":33.95431501388,"OCF_SALES":-1.127966914203,"TOTAL_PARENT_EQUITY":12853413000,"DEBT_ASSET_RATIO":71.4173723111,"OPERATE_PROFIT":624434000,"PRETAX_PROFIT":640867000,"NETCASH_OPERATE":-144049000,"NETCASH_INVEST":-275767000,"NETCASH_FINANCE":-114092000,"END_CASH":8899761000,"DIVI_RATIO":null,"DIVIDEND_RATE":null,"CURRENT_RATIO":1.225031932489,"COMMON_ACS":null,"CURRENTDEBT_DEBT":96.200263840759,"ISSUED_COMMON_SHARES":520628053,"HK_COMMON_SHARES":169886000,"PER_SHARES":2000,"TOTAL_MARKET_CAP":2264732030.55,"HKSK_MARKET_CAP":739004100,"PE_TTM":3.614395501306,"PB_TTM":0.160811422588,"REPORT_DATE_SQ":"2023-06-30 00:00:00","REPORT_TYPE_SQ":"2023年中报","OPERATE_INCOME_SQ":14324646000,"DPS_HKD":null,"OPERATE_INCOME_QOQ_SQ":5.39888271816,"NET_PROFIT_RATIO_SQ":5.0515593893,"HOLDER_PROFIT_SQ":704675000,"HOLDER_PROFIT_QOQ_SQ":65.677370288758,"ROE_AVG_SQ":5.943023050757,"PE_TTM_SQ":1.696845101209,"PB_TTM_SQ":0.161452985624,"ROA_SQ":1.462656835529,"START_DATE":"2024-01-01 00:00:00","FISCAL_YEAR":"12-31","CURRENCY":"HKD","IS_CNY_CODE":0,"DPS_HKD_LY":null,"ORG_TYPE":"一般企业","PREMIUM_INCOME":null,"PREMIUM_INCOME_YOY":null,"NET_INTEREST_INCOME":null,"NET_INTEREST_INCOME_YOY":null,"FEE_COMMISSION_INCOME":null,"FEE_COMMISSION_INCOME_YOY":null,"ACCOUNTS_RECE_TDAYS":1.730733882445,"INVENTORY_TDAYS":0.759254805501,"CURRENT_ASSETS_TDAYS":0.318173805935,"TOTAL_ASSETS_TDAYS":0.268395146399,"PREMIUM_EXPENSE":null,"LOAN_DEPOSIT":null,"LOAN_EQUITY":null,"LOAN_ASSETS":null,"DEPOSIT_EQUITY":null,"DEPOSIT_ASSETS":null,"EQUITY_MULTIPLIER":3.498628645638,"EQUITY_RATIO":2.591961372439},{"SECUCODE":"02355.HK","SECURITY_CODE":"02355","SECURITY_NAME_ABBR":"宝业集团","ORG_CODE":"10010599","STD_REPORT_DATE":"2023-12-31 00:00:00","REPORT_DATE":"2023-12-31 00:00:00","DATE_TYPE_CODE":"001","REPORT_TYPE":"2023年年报","PER_NETCASH_OPERATE":2.748152406017,"PER_OI":50.847810308601,"BPS":24.168939663342,"BASIC_EPS":1.69,"DILUTED_EPS":1.69,"OPERATE_INCOME":26479305000,"OPERATE_INCOME_YOY":8.4091118449,"GROSS_PROFIT":2203933000,"GROSS_PROFIT_YOY":22.452423231553,"HOLDER_PROFIT":889256000,"HOLDER_PROFIT_YOY":26.1755136731,"GROSS_PROFIT_RATIO":8.323228272041,"EPS_TTM":1.707624894376,"OPERATE_INCOME_QOQ":2.856035139154,"NET_PROFIT_RATIO":3.3776566266,"ROE_AVG":7.41481823812,"GROSS_PROFIT_QOQ":-8.750074008258,"ROA":1.827213807672,"HOLDER_PROFIT_QOQ":-23.842638585337,"ROE_YEARLY":7.41481823812,"ROIC_YEARLY":2.263494341041,"TOTAL_ASSETS":48514157000,"TOTAL_LIABILITIES":35510228000,"TAX_EBT":43.258856802809,"OCF_SALES":5.404662244723,"TOTAL_PARENT_EQUITY":12583028000,"DEBT_ASSET_RATIO":73.1955993794,"OPERATE_PROFIT":1478759000,"PRETAX_PROFIT":1576246000,"NETCASH_OPERATE":1431117000,"NETCASH_INVEST":-221879000,"NETCASH_FINANCE":465917000,"END_CASH":9432353000,"DIVI_RATIO":null,"DIVIDEND_RATE":null,"CURRENT_RATIO":1.199830046753,"COMMON_ACS":null,"CURRENTDEBT_DEBT":96.260553438294,"ISSUED_COMMON_SHARES":520628053,"HK_COMMON_SHARES":169886000,"PER_SHARES":2000,"TOTAL_MARKET_CAP":2264732030.55,"HKSK_MARKET_CAP":739004100,"PE_TTM":3.614395501306,"PB_TTM":0.160811422588,"REPORT_DATE_SQ":"2022-12-31 00:00:00","REPORT_TYPE_SQ":"2022年年报","OPERATE_INCOME_SQ":24425350000,"DPS_HKD":null,"OPERATE_INCOME_QOQ_SQ":-8.426620931496,"NET_PROFIT_RATIO_SQ":2.9535093663,"HOLDER_PROFIT_SQ":704777000,"HOLDER_PROFIT_QOQ_SQ":1.436828757876,"ROE_AVG_SQ":6.329640623106,"PE_TTM_SQ":1.68045046255,"PB_TTM_SQ":0.159893053396,"ROA_SQ":1.442203246076,"START_DATE":"2023-01-01 00:00:00","FISCAL_YEAR":"12-31","CURRENCY":"HKD","IS_CNY_CODE":0,"DPS_HKD_LY":null,"ORG_TYPE":"一般企业","PREMIUM_INCOME":null,"PREMIUM_INCOME_YOY":null,"NET_INTEREST_INCOME":null,"NET_INTEREST_INCOME_YOY":null,"FEE_COMMISSION_INCOME":null,"FEE_COMMISSION_INCOME_YOY":null,"ACCOUNTS_RECE_TDAYS":3.665808866105,"INVENTORY_TDAYS":1.389453019793,"CURRENT_ASSETS_TDAYS":0.635847687477,"TOTAL_ASSETS_TDAYS":0.544087998434,"PREMIUM_EXPENSE":null,"LOAN_DEPOSIT":null,"LOAN_EQUITY":null,"LOAN_ASSETS":null,"DEPOSIT_EQUITY":null,"DEPOSIT_ASSETS":null,"EQUITY_MULTIPLIER":3.730730689167,"EQUITY_RATIO":2.822073351502},{"SECUCODE":"02355.HK","SECURITY_CODE":"02355","SECURITY_NAME_ABBR":"宝业集团","ORG_CODE":"10010599","STD_REPORT_DATE":"2023-06-30 00:00:00","REPORT_DATE":"2023-06-30 00:00:00","DATE_TYPE_CODE":"002","REPORT_TYPE":"2023年中报","PER_NETCASH_OPERATE":0.31635542026,"PER_OI":27.507401819869,"BPS":23.647352325826,"BASIC_EPS":1.34,"DILUTED_EPS":1.34,"OPERATE_INCOME":14324646000,"OPERATE_INCOME_YOY":10.1391747623,"GROSS_PROFIT":1185552000,"GROSS_PROFIT_YOY":107.951812723532,"HOLDER_PROFIT":704675000,"HOLDER_PROFIT_YOY":191.4336879022,"GROSS_PROFIT_RATIO":8.276309236542,"EPS_TTM":2.24223221847,"OPERATE_INCOME_QOQ":5.39888271816,"NET_PROFIT_RATIO":5.0515593893,"ROE_AVG":5.943023050757,"GROSS_PROFIT_QOQ":34.194545256547,"ROA":1.462656835529,"HOLDER_PROFIT_QOQ":65.677370288758,"ROE_YEARLY":11.886046101514,"ROIC_YEARLY":3.58210977942,"TOTAL_ASSETS":47534995000,"TOTAL_LIABILITIES":34786753000,"TAX_EBT":38.847202092462,"OCF_SALES":1.15007379589,"TOTAL_PARENT_EQUITY":12311475000,"DEBT_ASSET_RATIO":73.181354074,"OPERATE_PROFIT":1119765000,"PRETAX_PROFIT":1183295000,"NETCASH_OPERATE":164744000,"NETCASH_INVEST":-24922000,"NETCASH_FINANCE":315383000,"END_CASH":8224103000,"DIVI_RATIO":null,"DIVIDEND_RATE":null,"CURRENT_RATIO":1.208083164512,"COMMON_ACS":null,"CURRENTDEBT_DEBT":96.716261503337,"ISSUED_COMMON_SHARES":520628053,"HK_COMMON_SHARES":169886000,"PER_SHARES":2000,"TOTAL_MARKET_CAP":2264732030.55,"HKSK_MARKET_CAP":739004100,"PE_TTM":3.614395501306,"PB_TTM":0.160811422588,"REPORT_DATE_SQ":"2022-06-30 00:00:00","REPORT_TYPE_SQ":"2022年中报","OPERATE_INCOME_SQ":13005950000,"DPS_HKD":null,"OPERATE_INCOME_QOQ_SQ":-0.405405884759,"NET_PROFIT_RATIO_SQ":1.9590572007,"HOLDER_PROFIT_SQ":241796000,"HOLDER_PROFIT_QOQ_SQ":-11.881513347885,"ROE_AVG_SQ":2.210857078801,"PE_TTM_SQ":1.68045046255,"PB_TTM_SQ":0.159893053396,"ROA_SQ":0.493172974951,"START_DATE":"2023-01-01 00:00:00","FISCAL_YEAR":"12-31","CURRENCY":"HKD","IS_CNY_CODE":0,"DPS_HKD_LY":null,"ORG_TYPE":"一般企业","PREMIUM_INCOME":null,"PREMIUM_INCOME_YOY":null,"NET_INTEREST_INCOME":null,"NET_INTEREST_INCOME_YOY":null,"FEE_COMMISSION_INCOME":null,"FEE_COMMISSION_INCOME_YOY":null,"ACCOUNTS_RECE_TDAYS":1.935913921937,"INVENTORY_TDAYS":0.750692274275,"CURRENT_ASSETS_TDAYS":0.345503168155,"TOTAL_ASSETS_TDAYS":0.297329143058,"PREMIUM_EXPENSE":null,"LOAN_DEPOSIT":null,"LOAN_EQUITY":null,"LOAN_ASSETS":null,"DEPOSIT_EQUITY":null,"DEPOSIT_ASSETS":null,"EQUITY_MULTIPLIER":3.728749030653,"EQUITY_RATIO":2.825555264499},{"SECUCODE":"02355.HK","SECURITY_CODE":"02355","SECURITY_NAME_ABBR":"宝业集团","ORG_CODE":"10010599","STD_REPORT_DATE":"2022-12-31 00:00:00","REPORT_DATE":"2022-12-31 00:00:00","DATE_TYPE_CODE":"001","REPORT_TYPE":"2022年年报","PER_NETCASH_OPERATE":2.415555515978,"PER_OI":45.261796809621,"BPS":21.902175524914,"BASIC_EPS":1.3,"DILUTED_EPS":1.3,"OPERATE_INCOME":24425350000,"OPERATE_INCOME_YOY":-8.7978647991,"GROSS_PROFIT":1799828000,"GROSS_PROFIT_YOY":-16.130839074648,"HOLDER_PROFIT":704777000,"HOLDER_PROFIT_YOY":-10.6154015907,"GROSS_PROFIT_RATIO":7.368688677951,"EPS_TTM":1.305998619062,"OPERATE_INCOME_QOQ":-8.426620931496,"NET_PROFIT_RATIO":2.9535093663,"ROE_AVG":6.329640623106,"GROSS_PROFIT_QOQ":-0.507130450934,"ROA":1.442203246076,"HOLDER_PROFIT_QOQ":1.436828757876,"ROE_YEARLY":6.329640623106,"ROIC_YEARLY":1.750075261528,"TOTAL_ASSETS":48820484000,"TOTAL_LIABILITIES":36965889000,"TAX_EBT":37.731917652025,"OCF_SALES":5.336852900777,"TOTAL_PARENT_EQUITY":11402887000,"DEBT_ASSET_RATIO":75.7179896045,"OPERATE_PROFIT":1079165000,"PRETAX_PROFIT":1158547000,"NETCASH_OPERATE":1303545000,"NETCASH_INVEST":410581000,"NETCASH_FINANCE":-1802707000,"END_CASH":7748703000,"DIVI_RATIO":null,"DIVIDEND_RATE":null,"CURRENT_RATIO":1.169446829508,"COMMON_ACS":null,"CURRENTDEBT_DEBT":97.79215914434,"ISSUED_COMMON_SHARES":520628053,"HK_COMMON_SHARES":169886000,"PER_SHARES":2000,"TOTAL_MARKET_CAP":2264732030.55,"HKSK_MARKET_CAP":739004100,"PE_TTM":3.614395501306,"PB_TTM":0.160811422588,"REPORT_DATE_SQ":"2021-12-31 00:00:00","REPORT_TYPE_SQ":"2021年年报","OPERATE_INCOME_SQ":26781555000,"DPS_HKD":null,"OPERATE_INCOME_QOQ_SQ":-1.494881028872,"NET_PROFIT_RATIO_SQ":3.3059096083,"HOLDER_PROFIT_SQ":788477000,"HOLDER_PROFIT_QOQ_SQ":-5.169353112244,"ROE_AVG_SQ":7.564813925574,"PE_TTM_SQ":1.68045046255,"PB_TTM_SQ":0.159893053396,"ROA_SQ":1.731192482142,"START_DATE":"2022-01-01 00:00:00","FISCAL_YEAR":"12-31","CURRENCY":"HKD","IS_CNY_CODE":0,"DPS_HKD_LY":null,"ORG_TYPE":"一般企业","PREMIUM_INCOME":null,"PREMIUM_INCOME_YOY":null,"NET_INTEREST_INCOME":null,"NET_INTEREST_INCOME_YOY":null,"FEE_COMMISSION_INCOME":null,"FEE_COMMISSION_INCOME_YOY":null,"ACCOUNTS_RECE_TDAYS":3.223853667518,"INVENTORY_TDAYS":1.254734440543,"CURRENT_ASSETS_TDAYS":0.576987897979,"TOTAL_ASSETS_TDAYS":0.499822199881,"PREMIUM_EXPENSE":null,"LOAN_DEPOSIT":null,"LOAN_EQUITY":null,"LOAN_ASSETS":null,"DEPOSIT_EQUITY":null,"DEPOSIT_ASSETS":null,"EQUITY_MULTIPLIER":4.118275149842,"EQUITY_RATIO":3.241800870253},{"SECUCODE":"02355.HK","SECURITY_CODE":"02355","SECURITY_NAME_ABBR":"宝业集团","ORG_CODE":"10010599","STD_REPORT_DATE":"2022-06-30 00:00:00","REPORT_DATE":"2022-06-30 00:00:00","DATE_TYPE_CODE":"002","REPORT_TYPE":"2022年中报","PER_NETCASH_OPERATE":1.102024181765,"PER_OI":24.100889699271,"BPS":21.142339404442,"BASIC_EPS":0.44,"DILUTED_EPS":0.44,"OPERATE_INCOME":13005950000,"OPERATE_INCOME_YOY":-0.8278912754,"GROSS_PROFIT":570109000,"GROSS_PROFIT_YOY":-37.150507881142,"HOLDER_PROFIT":241796000,"HOLDER_PROFIT_YOY":-27.9251458363,"GROSS_PROFIT_RATIO":4.383447575917,"EPS_TTM":1.287499456611,"OPERATE_INCOME_QOQ":-0.405405884759,"NET_PROFIT_RATIO":1.9590572007,"ROE_AVG":2.210857078801,"GROSS_PROFIT_QOQ":-15.703345068372,"ROA":0.493172974951,"HOLDER_PROFIT_QOQ":-11.881513347885,"ROE_YEARLY":4.421714157601,"ROIC_YEARLY":1.195456325601,"TOTAL_ASSETS":49141608000,"TOTAL_LIABILITIES":37637855000,"TAX_EBT":34.864113831987,"OCF_SALES":4.572545642571,"TOTAL_PARENT_EQUITY":11007295000,"DEBT_ASSET_RATIO":76.5906052565,"OPERATE_PROFIT":367457000,"PRETAX_PROFIT":391173000,"NETCASH_OPERATE":594703000,"NETCASH_INVEST":125301000,"NETCASH_FINANCE":-912119000,"END_CASH":7635885000,"DIVI_RATIO":null,"DIVIDEND_RATE":null,"CURRENT_RATIO":1.164095798083,"COMMON_ACS":null,"CURRENTDEBT_DEBT":97.175909732369,"ISSUED_COMMON_SHARES":520628053,"HK_COMMON_SHARES":169886000,"PER_SHARES":2000,"TOTAL_MARKET_CAP":2264732030.55,"HKSK_MARKET_CAP":739004100,"PE_TTM":3.614395501306,"PB_TTM":0.160811422588,"REPORT_DATE_SQ":"2021-06-30 00:00:00","REPORT_TYPE_SQ":"2021年中报","OPERATE_INCOME_SQ":13114524000,"DPS_HKD":null,"OPERATE_INCOME_QOQ_SQ":7.566748655306,"NET_PROFIT_RATIO_SQ":2.9317876882,"HOLDER_PROFIT_SQ":335479000,"HOLDER_PROFIT_QOQ_SQ":4.706554974033,"ROE_AVG_SQ":3.291712881087,"PE_TTM_SQ":1.68045046255,"PB_TTM_SQ":0.159893053396,"ROA_SQ":0.763353880405,"START_DATE":"2022-01-01 00:00:00","FISCAL_YEAR":"12-31","CURRENCY":"HKD","IS_CNY_CODE":0,"DPS_HKD_LY":null,"ORG_TYPE":"一般企业","PREMIUM_INCOME":null,"PREMIUM_INCOME_YOY":null,"NET_INTEREST_INCOME":null,"NET_INTEREST_INCOME_YOY":null,"FEE_COMMISSION_INCOME":null,"FEE_COMMISSION_INCOME_YOY":null,"ACCOUNTS_RECE_TDAYS":1.761345203793,"INVENTORY_TDAYS":0.687652463212,"CURRENT_ASSETS_TDAYS":0.306142814736,"TOTAL_ASSETS_TDAYS":0.265272504655,"PREMIUM_EXPENSE":null,"LOAN_DEPOSIT":null,"LOAN_EQUITY":null,"LOAN_ASSETS":null,"DEPOSIT_EQUITY":null,"DEPOSIT_ASSETS":null,"EQUITY_MULTIPLIER":4.271789215215,"EQUITY_RATIO":3.419355527403},{"SECUCODE":"02355.HK","SECURITY_CODE":"02355","SECURITY_NAME_ABBR":"宝业集团","ORG_CODE":"10010599","STD_REPORT_DATE":"2021-12-31 00:00:00","REPORT_DATE":"2021-12-31 00:00:00","DATE_TYPE_CODE":"001","REPORT_TYPE":"2021年年报","PER_NETCASH_OPERATE":2.399071181643,"PER_OI":47.770118237895,"BPS":20.871355159189,"BASIC_EPS":1.4,"DILUTED_EPS":1.4,"OPERATE_INCOME":26781555000,"OPERATE_INCOME_YOY":5.9587537363,"GROSS_PROFIT":2145995000,"GROSS_PROFIT_YOY":3.313103944971,"HOLDER_PROFIT":788477000,"HOLDER_PROFIT_YOY":-0.7060965842,"GROSS_PROFIT_RATIO":8.012958918928,"EPS_TTM":1.406402261477,"OPERATE_INCOME_QOQ":-1.494881028872,"NET_PROFIT_RATIO":3.3059096083,"ROE_AVG":7.564813925574,"GROSS_PROFIT_QOQ":2.3340417892,"ROA":1.731192482142,"HOLDER_PROFIT_QOQ":-5.169353112244,"ROE_YEARLY":7.564813925574,"ROIC_YEARLY":2.115128104385,"TOTAL_ASSETS":48915671000,"TOTAL_LIABILITIES":37566498000,"TAX_EBT":31.488084736267,"OCF_SALES":5.022116900979,"TOTAL_PARENT_EQUITY":10866213000,"DEBT_ASSET_RATIO":76.7984926548,"OPERATE_PROFIT":1345859000,"PRETAX_PROFIT":1292292000,"NETCASH_OPERATE":1345001000,"NETCASH_INVEST":188779000,"NETCASH_FINANCE":-977719000,"END_CASH":7813911000,"DIVI_RATIO":null,"DIVIDEND_RATE":null,"CURRENT_RATIO":1.165161891344,"COMMON_ACS":null,"CURRENTDEBT_DEBT":96.844449008795,"ISSUED_COMMON_SHARES":520628053,"HK_COMMON_SHARES":169886000,"PER_SHARES":2000,"TOTAL_MARKET_CAP":2264732030.55,"HKSK_MARKET_CAP":739004100,"PE_TTM":3.614395501306,"PB_TTM":0.160811422588,"REPORT_DATE_SQ":"2020-12-31 00:00:00","REPORT_TYPE_SQ":"2020年年报","OPERATE_INCOME_SQ":25275453000,"DPS_HKD":null,"OPERATE_INCOME_QOQ_SQ":2.951638810007,"NET_PROFIT_RATIO_SQ":3.2909835483,"HOLDER_PROFIT_SQ":794084000,"HOLDER_PROFIT_QOQ_SQ":-3.589631518242,"ROE_AVG_SQ":8.284766765449,"PE_TTM_SQ":1.68045046255,"PB_TTM_SQ":0.159893053396,"ROA_SQ":2.06275167162,"START_DATE":"2021-01-01 00:00:00","FISCAL_YEAR":"12-31","CURRENCY":"HKD","IS_CNY_CODE":0,"DPS_HKD_LY":null,"ORG_TYPE":"一般企业","PREMIUM_INCOME":null,"PREMIUM_INCOME_YOY":null,"NET_INTEREST_INCOME":null,"NET_INTEREST_INCOME_YOY":null,"FEE_COMMISSION_INCOME":null,"FEE_COMMISSION_INCOME_YOY":null,"ACCOUNTS_RECE_TDAYS":3.702374441773,"INVENTORY_TDAYS":1.558455327848,"CURRENT_ASSETS_TDAYS":0.682111676796,"TOTAL_ASSETS_TDAYS":0.588020026913,"PREMIUM_EXPENSE":null,"LOAN_DEPOSIT":null,"LOAN_EQUITY":null,"LOAN_ASSETS":null,"DEPOSIT_EQUITY":null,"DEPOSIT_ASSETS":null,"EQUITY_MULTIPLIER":4.310064795022,"EQUITY_RATIO":3.457184025382},{"SECUCODE":"02355.HK","SECURITY_CODE":"02355","SECURITY_NAME_ABBR":"宝业集团","ORG_CODE":"10010599","STD_REPORT_DATE":"2021-06-30 00:00:00","REPORT_DATE":"2021-06-30 00:00:00","DATE_TYPE_CODE":"002","REPORT_TYPE":"2021年中报","PER_NETCASH_OPERATE":0.016995043289,"PER_OI":23.392307209709,"BPS":19.982701546818,"BASIC_EPS":0.6,"DILUTED_EPS":0.6,"OPERATE_INCOME":13114524000,"OPERATE_INCOME_YOY":17.073121089,"GROSS_PROFIT":907102000,"GROSS_PROFIT_YOY":2.239895224345,"HOLDER_PROFIT":335479000,"HOLDER_PROFIT_YOY":12.5371932708,"GROSS_PROFIT_RATIO":6.916774104802,"EPS_TTM":1.483067244223,"OPERATE_INCOME_QOQ":7.566748655306,"NET_PROFIT_RATIO":2.9317876882,"ROE_AVG":3.291712881087,"GROSS_PROFIT_QOQ":0.956731639495,"ROA":0.763353880405,"HOLDER_PROFIT_QOQ":4.706554974033,"ROE_YEARLY":6.583425762175,"ROIC_YEARLY":1.870459843564,"TOTAL_ASSETS":45721111000,"TOTAL_LIABILITIES":34883382000,"TAX_EBT":33.134383385593,"OCF_SALES":0.072652274684,"TOTAL_PARENT_EQUITY":10403555000,"DEBT_ASSET_RATIO":76.2960068927,"OPERATE_PROFIT":581972000,"PRETAX_PROFIT":575019000,"NETCASH_OPERATE":9528000,"NETCASH_INVEST":556772000,"NETCASH_FINANCE":-259105000,"END_CASH":7566836000,"DIVI_RATIO":null,"DIVIDEND_RATE":null,"CURRENT_RATIO":1.230173570246,"COMMON_ACS":null,"CURRENTDEBT_DEBT":92.669068039332,"ISSUED_COMMON_SHARES":520628053,"HK_COMMON_SHARES":169886000,"PER_SHARES":2000,"TOTAL_MARKET_CAP":2264732030.55,"HKSK_MARKET_CAP":739004100,"PE_TTM":3.614395501306,"PB_TTM":0.160811422588,"REPORT_DATE_SQ":"2020-06-30 00:00:00","REPORT_TYPE_SQ":"2020年中报","OPERATE_INCOME_SQ":11201994000,"DPS_HKD":null,"OPERATE_INCOME_QOQ_SQ":-1.002487437908,"NET_PROFIT_RATIO_SQ":3.0655881444,"HOLDER_PROFIT_SQ":298105000,"HOLDER_PROFIT_QOQ_SQ":-3.856816518441,"ROE_AVG_SQ":3.192011132983,"PE_TTM_SQ":1.68045046255,"PB_TTM_SQ":0.159893053396,"ROA_SQ":0.821002539653,"START_DATE":"2021-01-01 00:00:00","FISCAL_YEAR":"12-31","CURRENCY":"HKD","IS_CNY_CODE":0,"DPS_HKD_LY":null,"ORG_TYPE":"一般企业","PREMIUM_INCOME":null,"PREMIUM_INCOME_YOY":null,"NET_INTEREST_INCOME":null,"NET_INTEREST_INCOME_YOY":null,"FEE_COMMISSION_INCOME":null,"FEE_COMMISSION_INCOME_YOY":null,"ACCOUNTS_RECE_TDAYS":1.871813314849,"INVENTORY_TDAYS":0.809719159477,"CURRENT_ASSETS_TDAYS":0.345563228693,"TOTAL_ASSETS_TDAYS":0.298409819543,"PREMIUM_EXPENSE":null,"LOAN_DEPOSIT":null,"LOAN_EQUITY":null,"LOAN_ASSETS":null,"DEPOSIT_EQUITY":null,"DEPOSIT_ASSETS":null,"EQUITY_MULTIPLIER":4.218698493006,"EQUITY_RATIO":3.35302519187},{"SECUCODE":"02355.HK","SECURITY_CODE":"02355","SECURITY_NAME_ABBR":"宝业集团","ORG_CODE":"10010599","STD_REPORT_DATE":"2020-12-31 00:00:00","REPORT_DATE":"2020-12-31 00:00:00","DATE_TYPE_CODE":"001","REPORT_TYPE":"2020年年报","PER_NETCASH_OPERATE":3.335523195401,"PER_OI":44.921037456075,"BPS":19.168565624719,"BASIC_EPS":1.41,"DILUTED_EPS":1.41,"OPERATE_INCOME":25275453000,"OPERATE_INCOME_YOY":1.9195615638,"GROSS_PROFIT":2077176000,"GROSS_PROFIT_YOY":1.981974728092,"HOLDER_PROFIT":794084000,"HOLDER_PROFIT_YOY":-7.3080025353,"GROSS_PROFIT_RATIO":8.218155377868,"EPS_TTM":1.411293285516,"OPERATE_INCOME_QOQ":2.951638810007,"NET_PROFIT_RATIO":3.2909835483,"ROE_AVG":8.284766765449,"GROSS_PROFIT_QOQ":-0.039605408857,"ROA":2.06275167162,"HOLDER_PROFIT_QOQ":-3.589631518242,"ROE_YEARLY":8.284766765449,"ROIC_YEARLY":2.52606884155,"TOTAL_ASSETS":42174951000,"TOTAL_LIABILITIES":31819605000,"TAX_EBT":35.743127316998,"OCF_SALES":7.425303119196,"TOTAL_PARENT_EQUITY":9979693000,"DEBT_ASSET_RATIO":75.446691094,"OPERATE_PROFIT":1392329000,"PRETAX_PROFIT":1294509000,"NETCASH_OPERATE":1876779000,"NETCASH_INVEST":-344120000,"NETCASH_FINANCE":235770000,"END_CASH":7261532000,"DIVI_RATIO":null,"DIVIDEND_RATE":null,"CURRENT_RATIO":1.227156308558,"COMMON_ACS":null,"CURRENTDEBT_DEBT":92.542346141632,"ISSUED_COMMON_SHARES":520628053,"HK_COMMON_SHARES":169886000,"PER_SHARES":2000,"TOTAL_MARKET_CAP":2264732030.55,"HKSK_MARKET_CAP":739004100,"PE_TTM":3.614395501306,"PB_TTM":0.160811422588,"REPORT_DATE_SQ":"2019-12-31 00:00:00","REPORT_TYPE_SQ":"2019年年报","OPERATE_INCOME_SQ":24799413000,"DPS_HKD":null,"OPERATE_INCOME_QOQ_SQ":6.902518458795,"NET_PROFIT_RATIO_SQ":3.6775346255,"HOLDER_PROFIT_SQ":856691000,"HOLDER_PROFIT_QOQ_SQ":11.822184282076,"ROE_AVG_SQ":9.775755483729,"PE_TTM_SQ":1.68045046255,"PB_TTM_SQ":0.159893053396,"ROA_SQ":2.661368312454,"START_DATE":"2020-01-01 00:00:00","FISCAL_YEAR":"12-31","CURRENCY":"HKD","IS_CNY_CODE":0,"DPS_HKD_LY":null,"ORG_TYPE":"一般企业","PREMIUM_INCOME":null,"PREMIUM_INCOME_YOY":null,"NET_INTEREST_INCOME":null,"NET_INTEREST_INCOME_YOY":null,"FEE_COMMISSION_INCOME":null,"FEE_COMMISSION_INCOME_YOY":null,"ACCOUNTS_RECE_TDAYS":3.141690498754,"INVENTORY_TDAYS":2.043964537225,"CURRENT_ASSETS_TDAYS":0.77736782804,"TOTAL_ASSETS_TDAYS":0.656567604015,"PREMIUM_EXPENSE":null,"LOAN_DEPOSIT":null,"LOAN_EQUITY":null,"LOAN_ASSETS":null,"DEPOSIT_EQUITY":null,"DEPOSIT_ASSETS":null,"EQUITY_MULTIPLIER":4.072770818094,"EQUITY_RATIO":3.188435255473},{"SECUCODE":"02355.HK","SECURITY_CODE":"02355","SECURITY_NAME_ABBR":"宝业集团","ORG_CODE":"10010599","STD_REPORT_DATE":"2020-06-30 00:00:00","REPORT_DATE":"2020-06-30 00:00:00","DATE_TYPE_CODE":"002","REPORT_TYPE":"2020年中报","PER_NETCASH_OPERATE":-1.172500707096,"PER_OI":19.908849588442,"BPS":18.224429024381,"BASIC_EPS":0.53,"DILUTED_EPS":0.53,"OPERATE_INCOME":11201994000,"OPERATE_INCOME_YOY":-2.1711603885,"GROSS_PROFIT":887229000,"GROSS_PROFIT_YOY":4.868817794021,"HOLDER_PROFIT":298105000,"HOLDER_PROFIT_YOY":-9.977774154,"GROSS_PROFIT_RATIO":7.920277407754,"EPS_TTM":1.463839738132,"OPERATE_INCOME_QOQ":-1.002487437908,"NET_PROFIT_RATIO":3.0655881444,"ROE_AVG":3.192011132983,"GROSS_PROFIT_QOQ":2.022381109256,"ROA":0.821002539653,"HOLDER_PROFIT_QOQ":-3.856816518441,"ROE_YEARLY":6.384022265965,"ROIC_YEARLY":1.978489021553,"TOTAL_ASSETS":37802012000,"TOTAL_LIABILITIES":27903164000,"TAX_EBT":36.141809154556,"OCF_SALES":-5.889344343516,"TOTAL_PARENT_EQUITY":9488149000,"DEBT_ASSET_RATIO":73.8139652461,"OPERATE_PROFIT":606619000,"PRETAX_PROFIT":537765000,"NETCASH_OPERATE":-659724000,"NETCASH_INVEST":123969000,"NETCASH_FINANCE":659057000,"END_CASH":5628270000,"DIVI_RATIO":null,"DIVIDEND_RATE":null,"CURRENT_RATIO":1.241810158005,"COMMON_ACS":null,"CURRENTDEBT_DEBT":91.160934294046,"ISSUED_COMMON_SHARES":520628053,"HK_COMMON_SHARES":169886000,"PER_SHARES":2000,"TOTAL_MARKET_CAP":2264732030.55,"HKSK_MARKET_CAP":739004100,"PE_TTM":3.614395501306,"PB_TTM":0.160811422588,"REPORT_DATE_SQ":"2019-06-30 00:00:00","REPORT_TYPE_SQ":"2019年中报","OPERATE_INCOME_SQ":11450605000,"DPS_HKD":null,"OPERATE_INCOME_QOQ_SQ":-0.139720801181,"NET_PROFIT_RATIO_SQ":2.9305787773,"HOLDER_PROFIT_SQ":331146000,"HOLDER_PROFIT_QOQ_SQ":-12.360911716762,"ROE_AVG_SQ":3.89474522366,"PE_TTM_SQ":1.68045046255,"PB_TTM_SQ":0.159893053396,"ROA_SQ":1.072315634731,"START_DATE":"2020-01-01 00:00:00","FISCAL_YEAR":"12-31","CURRENCY":"HKD","IS_CNY_CODE":0,"DPS_HKD_LY":null,"ORG_TYPE":"一般企业","PREMIUM_INCOME":null,"PREMIUM_INCOME_YOY":null,"NET_INTEREST_INCOME":null,"NET_INTEREST_INCOME_YOY":null,"FEE_COMMISSION_INCOME":null,"FEE_COMMISSION_INCOME_YOY":null,"ACCOUNTS_RECE_TDAYS":1.341958835672,"INVENTORY_TDAYS":0.977987201492,"CURRENT_ASSETS_TDAYS":0.370434086184,"TOTAL_ASSETS_TDAYS":0.308510944908,"PREMIUM_EXPENSE":null,"LOAN_DEPOSIT":null,"LOAN_EQUITY":null,"LOAN_ASSETS":null,"DEPOSIT_EQUITY":null,"DEPOSIT_ASSETS":null,"EQUITY_MULTIPLIER":3.818829423386,"EQUITY_RATIO":2.940843783124}],"count":47},"success":true,"message":"ok","code":0}