{"version":"d9f2247b2793eea27454524e832b4b4c","result":{"pages":2,"data":[{"SECUCODE":"02352.HK","SECURITY_CODE":"02352","SECURITY_NAME_ABBR":"东原仁知服务","ORG_CODE":"10435208","STD_REPORT_DATE":"2024-06-30 00:00:00","REPORT_DATE":"2024-06-30 00:00:00","DATE_TYPE_CODE":"002","REPORT_TYPE":"2024年中报","PER_NETCASH_OPERATE":-1.351751426056,"PER_OI":11.492357607493,"BPS":7.112521771065,"BASIC_EPS":0.36,"DILUTED_EPS":0.36,"OPERATE_INCOME":769883000,"OPERATE_INCOME_YOY":5.7916686706,"GROSS_PROFIT":125761000,"GROSS_PROFIT_YOY":-4.175524416912,"HOLDER_PROFIT":23943000,"HOLDER_PROFIT_YOY":-2.117656678,"GROSS_PROFIT_RATIO":16.335079486104,"EPS_TTM":0.275395749095,"OPERATE_INCOME_QOQ":2.84047946064,"NET_PROFIT_RATIO":3.2737441923,"ROE_AVG":4.993248280788,"GROSS_PROFIT_QOQ":-2.587627551623,"ROA":1.67776804925,"HOLDER_PROFIT_QOQ":-2.731059208098,"ROE_YEARLY":9.986496561576,"ROIC_YEARLY":3.957581169629,"TOTAL_ASSETS":1459018000,"TOTAL_LIABILITIES":958718000,"TAX_EBT":7.555751173709,"OCF_SALES":-11.762176850249,"TOTAL_PARENT_EQUITY":476474000,"DEBT_ASSET_RATIO":65.7098130386,"OPERATE_PROFIT":25428000,"PRETAX_PROFIT":27264000,"NETCASH_OPERATE":-90555000,"NETCASH_INVEST":-19281000,"NETCASH_FINANCE":-12926000,"END_CASH":133835000,"DIVI_RATIO":0.238503906527,"DIVIDEND_RATE":1.052478134111,"CURRENT_RATIO":1.128752626795,"COMMON_ACS":null,"CURRENTDEBT_DEBT":90.088534897645,"ISSUED_COMMON_SHARES":66990867,"HK_COMMON_SHARES":66990867,"PER_SHARES":200,"TOTAL_MARKET_CAP":459557347.62,"HKSK_MARKET_CAP":459557347.62,"PE_TTM":22.273381201994,"PB_TTM":0.880276363507,"REPORT_DATE_SQ":"2023-06-30 00:00:00","REPORT_TYPE_SQ":"2023年中报","OPERATE_INCOME_SQ":727735000,"DPS_HKD":0.0722,"OPERATE_INCOME_QOQ_SQ":7.452592593144,"NET_PROFIT_RATIO_SQ":4.6988758542,"HOLDER_PROFIT_SQ":24461000,"HOLDER_PROFIT_QOQ_SQ":-24.290690240515,"ROE_AVG_SQ":6.748458490017,"PE_TTM_SQ":6.049734316694,"PB_TTM_SQ":0.840102922266,"ROA_SQ":2.518478092666,"START_DATE":"2024-01-01 00:00:00","FISCAL_YEAR":"12-31","CURRENCY":"HKD","IS_CNY_CODE":0,"DPS_HKD_LY":0.0722,"ORG_TYPE":"一般企业","PREMIUM_INCOME":null,"PREMIUM_INCOME_YOY":null,"NET_INTEREST_INCOME":null,"NET_INTEREST_INCOME_YOY":null,"FEE_COMMISSION_INCOME":null,"FEE_COMMISSION_INCOME_YOY":null,"ACCOUNTS_RECE_TDAYS":1.072354538072,"INVENTORY_TDAYS":15.256685378621,"CURRENT_ASSETS_TDAYS":0.773171297528,"TOTAL_ASSETS_TDAYS":0.539483397678,"PREMIUM_EXPENSE":null,"LOAN_DEPOSIT":null,"LOAN_EQUITY":null,"LOAN_ASSETS":null,"DEPOSIT_EQUITY":null,"DEPOSIT_ASSETS":null,"EQUITY_MULTIPLIER":2.91628622826,"EQUITY_RATIO":2.012109789831},{"SECUCODE":"02352.HK","SECURITY_CODE":"02352","SECURITY_NAME_ABBR":"东原仁知服务","ORG_CODE":"10435208","STD_REPORT_DATE":"2023-12-31 00:00:00","REPORT_DATE":"2023-12-31 00:00:00","DATE_TYPE_CODE":"001","REPORT_TYPE":"2023年年报","PER_NETCASH_OPERATE":0.856907852827,"PER_OI":22.149795434055,"BPS":7.049946076978,"BASIC_EPS":0.28,"DILUTED_EPS":0.28,"OPERATE_INCOME":1483834000,"OPERATE_INCOME_YOY":9.9615239823,"GROSS_PROFIT":211777000,"GROSS_PROFIT_YOY":-23.961265582812,"HOLDER_PROFIT":18967000,"HOLDER_PROFIT_YOY":-78.5717513614,"GROSS_PROFIT_RATIO":14.272283826897,"EPS_TTM":0.283128146408,"OPERATE_INCOME_QOQ":2.864942769775,"NET_PROFIT_RATIO":1.4773889802,"ROE_AVG":4.057880475769,"GROSS_PROFIT_QOQ":-17.75171369206,"ROA":1.427926130589,"HOLDER_PROFIT_QOQ":-72.385528135692,"ROE_YEARLY":4.057880475769,"ROIC_YEARLY":1.773815391147,"TOTAL_ASSETS":1528440000,"TOTAL_LIABILITIES":1021574000,"TAX_EBT":11.32235750981,"OCF_SALES":3.868694207034,"TOTAL_PARENT_EQUITY":482541000,"DEBT_ASSET_RATIO":64.6313500309,"OPERATE_PROFIT":17266000,"PRETAX_PROFIT":24721000,"NETCASH_OPERATE":57405000,"NETCASH_INVEST":-16813000,"NETCASH_FINANCE":-6963000,"END_CASH":255368000,"DIVI_RATIO":0.231990223626,"DIVIDEND_RATE":1.077611940299,"CURRENT_RATIO":1.162407196296,"COMMON_ACS":null,"CURRENTDEBT_DEBT":90.267078057977,"ISSUED_COMMON_SHARES":66990867,"HK_COMMON_SHARES":66990867,"PER_SHARES":200,"TOTAL_MARKET_CAP":448838808.9,"HKSK_MARKET_CAP":448838808.9,"PE_TTM":21.753885430518,"PB_TTM":0.85974513637,"REPORT_DATE_SQ":"2022-12-31 00:00:00","REPORT_TYPE_SQ":"2022年年报","OPERATE_INCOME_SQ":1349412000,"DPS_HKD":0.0722,"OPERATE_INCOME_QOQ_SQ":6.480392335716,"NET_PROFIT_RATIO_SQ":7.0140689585,"HOLDER_PROFIT_SQ":88514000,"HOLDER_PROFIT_QOQ_SQ":-33.406736987367,"ROE_AVG_SQ":25.412004610586,"PE_TTM_SQ":6.233059599018,"PB_TTM_SQ":0.865560586577,"ROA_SQ":8.153115586199,"START_DATE":"2023-01-01 00:00:00","FISCAL_YEAR":"12-31","CURRENCY":"HKD","IS_CNY_CODE":0,"DPS_HKD_LY":0.154392,"ORG_TYPE":"一般企业","PREMIUM_INCOME":null,"PREMIUM_INCOME_YOY":null,"NET_INTEREST_INCOME":null,"NET_INTEREST_INCOME_YOY":null,"FEE_COMMISSION_INCOME":null,"FEE_COMMISSION_INCOME_YOY":null,"ACCOUNTS_RECE_TDAYS":2.304215291204,"INVENTORY_TDAYS":30.62319747707,"CURRENT_ASSETS_TDAYS":1.55503598781,"TOTAL_ASSETS_TDAYS":1.117100934284,"PREMIUM_EXPENSE":null,"LOAN_DEPOSIT":null,"LOAN_EQUITY":null,"LOAN_ASSETS":null,"DEPOSIT_EQUITY":null,"DEPOSIT_ASSETS":null,"EQUITY_MULTIPLIER":2.827362652727,"EQUITY_RATIO":2.117071917205},{"SECUCODE":"02352.HK","SECURITY_CODE":"02352","SECURITY_NAME_ABBR":"东原仁知服务","ORG_CODE":"10435208","STD_REPORT_DATE":"2023-06-30 00:00:00","REPORT_DATE":"2023-06-30 00:00:00","DATE_TYPE_CODE":"002","REPORT_TYPE":"2023年中报","PER_NETCASH_OPERATE":-1.239497318343,"PER_OI":10.863197217615,"BPS":7.2432410824,"BASIC_EPS":0.37,"DILUTED_EPS":0.37,"OPERATE_INCOME":727735000,"OPERATE_INCOME_YOY":16.4999051711,"GROSS_PROFIT":131241000,"GROSS_PROFIT_YOY":-9.938033117627,"HOLDER_PROFIT":24461000,"HOLDER_PROFIT_YOY":-40.7964159431,"GROSS_PROFIT_RATIO":18.060795325048,"EPS_TTM":1.025289014397,"OPERATE_INCOME_QOQ":7.452592593144,"NET_PROFIT_RATIO":4.6988758542,"ROE_AVG":6.748458490017,"GROSS_PROFIT_QOQ":-6.581744828137,"ROA":2.518478092666,"HOLDER_PROFIT_QOQ":-24.290690240515,"ROE_YEARLY":13.496916980033,"ROIC_YEARLY":5.965296635008,"TOTAL_ASSETS":1278180000,"TOTAL_LIABILITIES":771568000,"TAX_EBT":17.11139206814,"OCF_SALES":-11.754621653645,"TOTAL_PARENT_EQUITY":485231000,"DEBT_ASSET_RATIO":60.3645808885,"OPERATE_PROFIT":29672000,"PRETAX_PROFIT":30056000,"NETCASH_OPERATE":-65765000,"NETCASH_INVEST":-7486000,"NETCASH_FINANCE":-18861000,"END_CASH":133275000,"DIVI_RATIO":0.064062875031,"DIVIDEND_RATE":1.077611940299,"CURRENT_RATIO":1.20954718524,"COMMON_ACS":null,"CURRENTDEBT_DEBT":97.318836447338,"ISSUED_COMMON_SHARES":66990867,"HK_COMMON_SHARES":66990867,"PER_SHARES":200,"TOTAL_MARKET_CAP":448838808.9,"HKSK_MARKET_CAP":448838808.9,"PE_TTM":21.753885430518,"PB_TTM":0.85974513637,"REPORT_DATE_SQ":"2022-06-30 00:00:00","REPORT_TYPE_SQ":"2022年中报","OPERATE_INCOME_SQ":606355000,"DPS_HKD":0.0722,"OPERATE_INCOME_QOQ_SQ":5.642090021727,"NET_PROFIT_RATIO_SQ":9.324239685,"HOLDER_PROFIT_SQ":54017000,"HOLDER_PROFIT_QOQ_SQ":5.836699813549,"ROE_AVG_SQ":16.286260838368,"PE_TTM_SQ":6.233059599018,"PB_TTM_SQ":0.865560586577,"ROA_SQ":5.205542414756,"START_DATE":"2023-01-01 00:00:00","FISCAL_YEAR":"12-31","CURRENCY":"HKD","IS_CNY_CODE":0,"DPS_HKD_LY":0.154392,"ORG_TYPE":"一般企业","PREMIUM_INCOME":null,"PREMIUM_INCOME_YOY":null,"NET_INTEREST_INCOME":null,"NET_INTEREST_INCOME_YOY":null,"FEE_COMMISSION_INCOME":null,"FEE_COMMISSION_INCOME_YOY":null,"ACCOUNTS_RECE_TDAYS":1.123803979221,"INVENTORY_TDAYS":14.405878619694,"CURRENT_ASSETS_TDAYS":0.784868676162,"TOTAL_ASSETS_TDAYS":0.556304090086,"PREMIUM_EXPENSE":null,"LOAN_DEPOSIT":null,"LOAN_EQUITY":null,"LOAN_ASSETS":null,"DEPOSIT_EQUITY":null,"DEPOSIT_ASSETS":null,"EQUITY_MULTIPLIER":2.522995902193,"EQUITY_RATIO":1.590104506926},{"SECUCODE":"02352.HK","SECURITY_CODE":"02352","SECURITY_NAME_ABBR":"东原仁知服务","ORG_CODE":"10435208","STD_REPORT_DATE":"2022-12-31 00:00:00","REPORT_DATE":"2022-12-31 00:00:00","DATE_TYPE_CODE":"001","REPORT_TYPE":"2022年年报","PER_NETCASH_OPERATE":0.458122149695,"PER_OI":20.143223403871,"BPS":6.938065154464,"BASIC_EPS":1.44,"DILUTED_EPS":1.44,"OPERATE_INCOME":1349412000,"OPERATE_INCOME_YOY":12.4881119268,"GROSS_PROFIT":278512000,"GROSS_PROFIT_YOY":-9.844200658417,"HOLDER_PROFIT":88514000,"HOLDER_PROFIT_YOY":-29.5198881293,"GROSS_PROFIT_RATIO":20.531427775448,"EPS_TTM":1.354244303182,"OPERATE_INCOME_QOQ":6.480392335716,"NET_PROFIT_RATIO":7.0140689585,"ROE_AVG":25.412004610586,"GROSS_PROFIT_QOQ":-13.532895810066,"ROA":8.153115586199,"HOLDER_PROFIT_QOQ":-33.406736987367,"ROE_YEARLY":25.412004610586,"ROIC_YEARLY":10.512623967026,"TOTAL_ASSETS":1270774000,"TOTAL_LIABILITIES":787113000,"TAX_EBT":14.862274894681,"OCF_SALES":2.286103337234,"TOTAL_PARENT_EQUITY":462541000,"DEBT_ASSET_RATIO":61.4802500933,"OPERATE_PROFIT":101320000,"PRETAX_PROFIT":108005000,"NETCASH_OPERATE":27583000,"NETCASH_INVEST":-152729000,"NETCASH_FINANCE":95971000,"END_CASH":221739000,"DIVI_RATIO":0.048501560498,"DIVIDEND_RATE":1.077611940299,"CURRENT_RATIO":1.182287717214,"COMMON_ACS":null,"CURRENTDEBT_DEBT":97.304326062459,"ISSUED_COMMON_SHARES":66990867,"HK_COMMON_SHARES":66990867,"PER_SHARES":200,"TOTAL_MARKET_CAP":448838808.9,"HKSK_MARKET_CAP":448838808.9,"PE_TTM":21.753885430518,"PB_TTM":0.85974513637,"REPORT_DATE_SQ":"2021-12-31 00:00:00","REPORT_TYPE_SQ":"2021年年报","OPERATE_INCOME_SQ":1193423000,"DPS_HKD":0.0722,"OPERATE_INCOME_QOQ_SQ":7.777747674524,"NET_PROFIT_RATIO_SQ":10.9261343212,"HOLDER_PROFIT_SQ":128720000,"HOLDER_PROFIT_QOQ_SQ":-1.15721010236,"ROE_AVG_SQ":63.089225279802,"PE_TTM_SQ":6.233059599018,"PB_TTM_SQ":0.865560586577,"ROA_SQ":14.718392960053,"START_DATE":"2022-01-01 00:00:00","FISCAL_YEAR":"12-31","CURRENCY":"HKD","IS_CNY_CODE":0,"DPS_HKD_LY":null,"ORG_TYPE":"一般企业","PREMIUM_INCOME":null,"PREMIUM_INCOME_YOY":null,"NET_INTEREST_INCOME":null,"NET_INTEREST_INCOME_YOY":null,"FEE_COMMISSION_INCOME":null,"FEE_COMMISSION_INCOME_YOY":null,"ACCOUNTS_RECE_TDAYS":2.653204796725,"INVENTORY_TDAYS":23.228632083175,"CURRENT_ASSETS_TDAYS":1.610032759321,"TOTAL_ASSETS_TDAYS":1.2064574631,"PREMIUM_EXPENSE":null,"LOAN_DEPOSIT":null,"LOAN_EQUITY":null,"LOAN_ASSETS":null,"DEPOSIT_EQUITY":null,"DEPOSIT_ASSETS":null,"EQUITY_MULTIPLIER":2.596070853061,"EQUITY_RATIO":1.701715091203},{"SECUCODE":"02352.HK","SECURITY_CODE":"02352","SECURITY_NAME_ABBR":"东原仁知服务","ORG_CODE":"10435208","STD_REPORT_DATE":"2022-06-30 00:00:00","REPORT_DATE":"2022-06-30 00:00:00","DATE_TYPE_CODE":"002","REPORT_TYPE":"2022年中报","PER_NETCASH_OPERATE":-1.145932325372,"PER_OI":9.051308441791,"BPS":6.431996170463,"BASIC_EPS":0.96,"DILUTED_EPS":0.96,"OPERATE_INCOME":606355000,"OPERATE_INCOME_YOY":12.5208032326,"GROSS_PROFIT":145723000,"GROSS_PROFIT_YOY":7.871048930343,"HOLDER_PROFIT":54017000,"HOLDER_PROFIT_YOY":15.6949173787,"GROSS_PROFIT_RATIO":23.951142848172,"EPS_TTM":2.033605565965,"OPERATE_INCOME_QOQ":5.642090021727,"NET_PROFIT_RATIO":9.324239685,"ROE_AVG":16.286260838368,"GROSS_PROFIT_QOQ":3.185583462546,"ROA":5.205542414756,"HOLDER_PROFIT_QOQ":5.836699813549,"ROE_YEARLY":32.572521676736,"ROIC_YEARLY":13.582325466186,"TOTAL_ASSETS":1163802000,"TOTAL_LIABILITIES":712152000,"TAX_EBT":22.953022012623,"OCF_SALES":-12.686432737134,"TOTAL_PARENT_EQUITY":430885000,"DEBT_ASSET_RATIO":61.1918522223,"OPERATE_PROFIT":68098000,"PRETAX_PROFIT":71459000,"NETCASH_OPERATE":-77673000,"NETCASH_INVEST":-60214000,"NETCASH_FINANCE":103200000,"END_CASH":218099000,"DIVI_RATIO":0.032298771748,"DIVIDEND_RATE":1.077611940299,"CURRENT_RATIO":1.186050425044,"COMMON_ACS":null,"CURRENTDEBT_DEBT":96.79675125535,"ISSUED_COMMON_SHARES":66990867,"HK_COMMON_SHARES":66990867,"PER_SHARES":200,"TOTAL_MARKET_CAP":448838808.9,"HKSK_MARKET_CAP":448838808.9,"PE_TTM":21.753885430518,"PB_TTM":0.85974513637,"REPORT_DATE_SQ":"2021-06-30 00:00:00","REPORT_TYPE_SQ":"2021年中报","OPERATE_INCOME_SQ":537777000,"DPS_HKD":0.0722,"OPERATE_INCOME_QOQ_SQ":0,"NET_PROFIT_RATIO_SQ":9.0961495192,"HOLDER_PROFIT_SQ":47869000,"HOLDER_PROFIT_QOQ_SQ":0,"ROE_AVG_SQ":null,"PE_TTM_SQ":6.233059599018,"PB_TTM_SQ":0.865560586577,"ROA_SQ":null,"START_DATE":"2022-01-01 00:00:00","FISCAL_YEAR":"12-31","CURRENCY":"HKD","IS_CNY_CODE":0,"DPS_HKD_LY":null,"ORG_TYPE":"一般企业","PREMIUM_INCOME":null,"PREMIUM_INCOME_YOY":null,"NET_INTEREST_INCOME":null,"NET_INTEREST_INCOME_YOY":null,"FEE_COMMISSION_INCOME":null,"FEE_COMMISSION_INCOME_YOY":null,"ACCOUNTS_RECE_TDAYS":1.299767100633,"INVENTORY_TDAYS":8.888845964401,"CURRENT_ASSETS_TDAYS":0.759530834119,"TOTAL_ASSETS_TDAYS":0.568764395676,"PREMIUM_EXPENSE":null,"LOAN_DEPOSIT":null,"LOAN_EQUITY":null,"LOAN_ASSETS":null,"DEPOSIT_EQUITY":null,"DEPOSIT_ASSETS":null,"EQUITY_MULTIPLIER":2.576778478912,"EQUITY_RATIO":1.652765819186},{"SECUCODE":"02352.HK","SECURITY_CODE":"02352","SECURITY_NAME_ABBR":"东原仁知服务","ORG_CODE":"10435208","STD_REPORT_DATE":"2021-12-31 00:00:00","REPORT_DATE":"2021-12-31 00:00:00","DATE_TYPE_CODE":"001","REPORT_TYPE":"2021年年报","PER_NETCASH_OPERATE":2.72146,"PER_OI":23.86846,"BPS":3.720238461759,"BASIC_EPS":2.57,"DILUTED_EPS":2.57,"OPERATE_INCOME":1193423000,"OPERATE_INCOME_YOY":55.6363963579,"GROSS_PROFIT":308923000,"GROSS_PROFIT_YOY":43.027191199552,"HOLDER_PROFIT":128720000,"HOLDER_PROFIT_YOY":51.9465495668,"GROSS_PROFIT_RATIO":25.885457210059,"EPS_TTM":2.5744,"OPERATE_INCOME_QOQ":7.777747674524,"NET_PROFIT_RATIO":10.9261343212,"ROE_AVG":63.089225279802,"GROSS_PROFIT_QOQ":3.188621704406,"ROA":14.718392960053,"HOLDER_PROFIT_QOQ":-1.15721010236,"ROE_YEARLY":63.089225279802,"ROIC_YEARLY":20.587014602994,"TOTAL_ASSETS":964007000,"TOTAL_LIABILITIES":705955000,"TAX_EBT":15.349359577769,"OCF_SALES":11.401908627536,"TOTAL_PARENT_EQUITY":249222000,"DEBT_ASSET_RATIO":73.2313147104,"OPERATE_PROFIT":147585000,"PRETAX_PROFIT":154039000,"NETCASH_OPERATE":136073000,"NETCASH_INVEST":-78451000,"NETCASH_FINANCE":-42410000,"END_CASH":249162000,"DIVI_RATIO":0.025513891392,"DIVIDEND_RATE":1.077611940299,"CURRENT_RATIO":1.130240255947,"COMMON_ACS":null,"CURRENTDEBT_DEBT":97.22900184856,"ISSUED_COMMON_SHARES":66990867,"HK_COMMON_SHARES":66990867,"PER_SHARES":200,"TOTAL_MARKET_CAP":448838808.9,"HKSK_MARKET_CAP":448838808.9,"PE_TTM":21.753885430518,"PB_TTM":0.85974513637,"REPORT_DATE_SQ":"2020-12-31 00:00:00","REPORT_TYPE_SQ":"2020年年报","OPERATE_INCOME_SQ":766802000,"DPS_HKD":0.0722,"OPERATE_INCOME_QOQ_SQ":37.136102039867,"NET_PROFIT_RATIO_SQ":11.0156207209,"HOLDER_PROFIT_SQ":84714000,"HOLDER_PROFIT_QOQ_SQ":230.050259087544,"ROE_AVG_SQ":59.595842346858,"PE_TTM_SQ":6.233059599018,"PB_TTM_SQ":0.865560586577,"ROA_SQ":10.969302036496,"START_DATE":"2021-01-01 00:00:00","FISCAL_YEAR":"12-31","CURRENCY":"HKD","IS_CNY_CODE":0,"DPS_HKD_LY":null,"ORG_TYPE":"一般企业","PREMIUM_INCOME":null,"PREMIUM_INCOME_YOY":null,"NET_INTEREST_INCOME":null,"NET_INTEREST_INCOME_YOY":null,"FEE_COMMISSION_INCOME":null,"FEE_COMMISSION_INCOME_YOY":null,"ACCOUNTS_RECE_TDAYS":3.461113254004,"INVENTORY_TDAYS":16.791965675665,"CURRENT_ASSETS_TDAYS":1.742956162591,"TOTAL_ASSETS_TDAYS":1.364610680669,"PREMIUM_EXPENSE":null,"LOAN_DEPOSIT":null,"LOAN_EQUITY":null,"LOAN_ASSETS":null,"DEPOSIT_EQUITY":null,"DEPOSIT_ASSETS":null,"EQUITY_MULTIPLIER":3.735708306857,"EQUITY_RATIO":2.83263516062},{"SECUCODE":"02352.HK","SECURITY_CODE":"02352","SECURITY_NAME_ABBR":"东原仁知服务","ORG_CODE":"10435208","STD_REPORT_DATE":"2021-09-30 00:00:00","REPORT_DATE":"2021-09-30 00:00:00","DATE_TYPE_CODE":"004","REPORT_TYPE":"2021年三季报","PER_NETCASH_OPERATE":-1.58906,"PER_OI":17.1787,"BPS":3.816221694817,"BASIC_EPS":1.89,"DILUTED_EPS":1.89,"OPERATE_INCOME":858935000,"OPERATE_INCOME_YOY":65.6777969165,"GROSS_PROFIT":222223000,"GROSS_PROFIT_YOY":60.062664313754,"HOLDER_PROFIT":94595000,"HOLDER_PROFIT_YOY":92.7284951713,"GROSS_PROFIT_RATIO":25.871922788104,"EPS_TTM":2.60454,"OPERATE_INCOME_QOQ":44.404944170725,"NET_PROFIT_RATIO":11.1678997829,"ROE_AVG":45.644374853735,"GROSS_PROFIT_QOQ":38.607521679345,"ROA":12.246789740894,"HOLDER_PROFIT_QOQ":53.72547630852,"ROE_YEARLY":60.859166471647,"ROIC_YEARLY":15.255830906141,"TOTAL_ASSETS":759716000,"TOTAL_LIABILITIES":495579000,"TAX_EBT":18.068841817561,"OCF_SALES":-9.250176090158,"TOTAL_PARENT_EQUITY":255652000,"DEBT_ASSET_RATIO":65.2321393784,"OPERATE_PROFIT":null,"PRETAX_PROFIT":117080000,"NETCASH_OPERATE":-79453000,"NETCASH_INVEST":-71481000,"NETCASH_FINANCE":-27419000,"END_CASH":55597000,"DIVI_RATIO":0.025218642063,"DIVIDEND_RATE":1.077611940299,"CURRENT_RATIO":1.206834566486,"COMMON_ACS":null,"CURRENTDEBT_DEBT":95.752443101907,"ISSUED_COMMON_SHARES":66990867,"HK_COMMON_SHARES":66990867,"PER_SHARES":200,"TOTAL_MARKET_CAP":448838808.9,"HKSK_MARKET_CAP":448838808.9,"PE_TTM":21.753885430518,"PB_TTM":0.85974513637,"REPORT_DATE_SQ":"2020-09-30 00:00:00","REPORT_TYPE_SQ":"2020年三季报","OPERATE_INCOME_SQ":518437000,"DPS_HKD":0.0722,"OPERATE_INCOME_QOQ_SQ":0,"NET_PROFIT_RATIO_SQ":9.4453135096,"HOLDER_PROFIT_SQ":49082000,"HOLDER_PROFIT_QOQ_SQ":0,"ROE_AVG_SQ":null,"PE_TTM_SQ":6.233059599018,"PB_TTM_SQ":0.865560586577,"ROA_SQ":null,"START_DATE":"2021-01-01 00:00:00","FISCAL_YEAR":"12-31","CURRENCY":"HKD","IS_CNY_CODE":0,"DPS_HKD_LY":null,"ORG_TYPE":"一般企业","PREMIUM_INCOME":null,"PREMIUM_INCOME_YOY":null,"NET_INTEREST_INCOME":null,"NET_INTEREST_INCOME_YOY":null,"FEE_COMMISSION_INCOME":null,"FEE_COMMISSION_INCOME_YOY":null,"ACCOUNTS_RECE_TDAYS":2.512490273967,"INVENTORY_TDAYS":12.353504976621,"CURRENT_ASSETS_TDAYS":1.472906501085,"TOTAL_ASSETS_TDAYS":1.112024562196,"PREMIUM_EXPENSE":null,"LOAN_DEPOSIT":null,"LOAN_EQUITY":null,"LOAN_ASSETS":null,"DEPOSIT_EQUITY":null,"DEPOSIT_ASSETS":null,"EQUITY_MULTIPLIER":2.876219537589,"EQUITY_RATIO":1.938490604415},{"SECUCODE":"02352.HK","SECURITY_CODE":"02352","SECURITY_NAME_ABBR":"东原仁知服务","ORG_CODE":"10435208","STD_REPORT_DATE":"2021-06-30 00:00:00","REPORT_DATE":"2021-06-30 00:00:00","DATE_TYPE_CODE":"002","REPORT_TYPE":"2021年中报","PER_NETCASH_OPERATE":null,"PER_OI":null,"BPS":null,"BASIC_EPS":0.96,"DILUTED_EPS":0.96,"OPERATE_INCOME":537777000,"OPERATE_INCOME_YOY":null,"GROSS_PROFIT":135090000,"GROSS_PROFIT_YOY":null,"HOLDER_PROFIT":47869000,"HOLDER_PROFIT_YOY":null,"GROSS_PROFIT_RATIO":25.120077653005,"EPS_TTM":1.69428,"OPERATE_INCOME_QOQ":0,"NET_PROFIT_RATIO":9.0961495192,"ROE_AVG":null,"GROSS_PROFIT_QOQ":0,"ROA":null,"HOLDER_PROFIT_QOQ":0,"ROE_YEARLY":null,"ROIC_YEARLY":null,"TOTAL_ASSETS":null,"TOTAL_LIABILITIES":null,"TAX_EBT":21.703987067241,"OCF_SALES":-15.237170797561,"TOTAL_PARENT_EQUITY":null,"DEBT_ASSET_RATIO":null,"OPERATE_PROFIT":58287000,"PRETAX_PROFIT":62477000,"NETCASH_OPERATE":-81942000,"NETCASH_INVEST":-63618000,"NETCASH_FINANCE":-21353000,"END_CASH":67037000,"DIVI_RATIO":0.038767477631,"DIVIDEND_RATE":1.077611940299,"CURRENT_RATIO":null,"COMMON_ACS":null,"CURRENTDEBT_DEBT":null,"ISSUED_COMMON_SHARES":66990867,"HK_COMMON_SHARES":66990867,"PER_SHARES":200,"TOTAL_MARKET_CAP":448838808.9,"HKSK_MARKET_CAP":448838808.9,"PE_TTM":21.753885430518,"PB_TTM":0.85974513637,"REPORT_DATE_SQ":"2020-06-30 00:00:00","REPORT_TYPE_SQ":"2020年中报","OPERATE_INCOME_SQ":null,"DPS_HKD":0.0722,"OPERATE_INCOME_QOQ_SQ":0,"NET_PROFIT_RATIO_SQ":null,"HOLDER_PROFIT_SQ":null,"HOLDER_PROFIT_QOQ_SQ":0,"ROE_AVG_SQ":null,"PE_TTM_SQ":6.233059599018,"PB_TTM_SQ":0.865560586577,"ROA_SQ":null,"START_DATE":"2021-01-01 00:00:00","FISCAL_YEAR":"12-31","CURRENCY":"HKD","IS_CNY_CODE":0,"DPS_HKD_LY":null,"ORG_TYPE":"一般企业","PREMIUM_INCOME":null,"PREMIUM_INCOME_YOY":null,"NET_INTEREST_INCOME":null,"NET_INTEREST_INCOME_YOY":null,"FEE_COMMISSION_INCOME":null,"FEE_COMMISSION_INCOME_YOY":null,"ACCOUNTS_RECE_TDAYS":null,"INVENTORY_TDAYS":null,"CURRENT_ASSETS_TDAYS":1.811810287466,"TOTAL_ASSETS_TDAYS":1.369963201999,"PREMIUM_EXPENSE":null,"LOAN_DEPOSIT":null,"LOAN_EQUITY":null,"LOAN_ASSETS":null,"DEPOSIT_EQUITY":null,"DEPOSIT_ASSETS":null,"EQUITY_MULTIPLIER":null,"EQUITY_RATIO":null},{"SECUCODE":"02352.HK","SECURITY_CODE":"02352","SECURITY_NAME_ABBR":"东原仁知服务","ORG_CODE":"10435208","STD_REPORT_DATE":"2020-12-31 00:00:00","REPORT_DATE":"2020-12-31 00:00:00","DATE_TYPE_CODE":"001","REPORT_TYPE":"2020年年报","PER_NETCASH_OPERATE":6.07054,"PER_OI":15.33604,"BPS":2.370994840237,"BASIC_EPS":1.69,"DILUTED_EPS":1.69,"OPERATE_INCOME":766802000,"OPERATE_INCOME_YOY":37.1361020399,"GROSS_PROFIT":215989000,"GROSS_PROFIT_YOY":62.777149747532,"HOLDER_PROFIT":84714000,"HOLDER_PROFIT_YOY":230.0502590875,"GROSS_PROFIT_RATIO":28.167506083709,"EPS_TTM":1.69428,"OPERATE_INCOME_QOQ":37.136102039867,"NET_PROFIT_RATIO":11.0156207209,"ROE_AVG":59.595842346858,"GROSS_PROFIT_QOQ":62.777149747532,"ROA":10.969302036496,"HOLDER_PROFIT_QOQ":230.050259087544,"ROE_YEARLY":59.595842346858,"ROIC_YEARLY":15.187953479116,"TOTAL_ASSETS":785097000,"TOTAL_LIABILITIES":619597000,"TAX_EBT":14.410781234168,"OCF_SALES":39.583490914213,"TOTAL_PARENT_EQUITY":158835000,"DEBT_ASSET_RATIO":78.9198022665,"OPERATE_PROFIT":null,"PRETAX_PROFIT":98690000,"NETCASH_OPERATE":303526000,"NETCASH_INVEST":39460000,"NETCASH_FINANCE":-297244000,"END_CASH":233950000,"DIVI_RATIO":0.038767477631,"DIVIDEND_RATE":1.077611940299,"CURRENT_RATIO":1.002582307898,"COMMON_ACS":null,"CURRENTDEBT_DEBT":95.563083746371,"ISSUED_COMMON_SHARES":66990867,"HK_COMMON_SHARES":66990867,"PER_SHARES":200,"TOTAL_MARKET_CAP":448838808.9,"HKSK_MARKET_CAP":448838808.9,"PE_TTM":21.753885430518,"PB_TTM":0.85974513637,"REPORT_DATE_SQ":"2019-12-31 00:00:00","REPORT_TYPE_SQ":"2019年年报","OPERATE_INCOME_SQ":559154000,"DPS_HKD":0.0722,"OPERATE_INCOME_QOQ_SQ":44.546986805642,"NET_PROFIT_RATIO_SQ":4.57691441,"HOLDER_PROFIT_SQ":25667000,"HOLDER_PROFIT_QOQ_SQ":-11.569336778639,"ROE_AVG_SQ":26.636018347481,"PE_TTM_SQ":6.233059599018,"PB_TTM_SQ":0.865560586577,"ROA_SQ":2.73814921297,"START_DATE":"2020-01-01 00:00:00","FISCAL_YEAR":"12-31","CURRENCY":"HKD","IS_CNY_CODE":0,"DPS_HKD_LY":null,"ORG_TYPE":"一般企业","PREMIUM_INCOME":null,"PREMIUM_INCOME_YOY":null,"NET_INTEREST_INCOME":null,"NET_INTEREST_INCOME_YOY":null,"FEE_COMMISSION_INCOME":null,"FEE_COMMISSION_INCOME_YOY":null,"ACCOUNTS_RECE_TDAYS":2.134749443207,"INVENTORY_TDAYS":9.86731037942,"CURRENT_ASSETS_TDAYS":1.176311227699,"TOTAL_ASSETS_TDAYS":0.992903503575,"PREMIUM_EXPENSE":null,"LOAN_DEPOSIT":null,"LOAN_EQUITY":null,"LOAN_ASSETS":null,"DEPOSIT_EQUITY":null,"DEPOSIT_ASSETS":null,"EQUITY_MULTIPLIER":4.743788519644,"EQUITY_RATIO":3.900884565744}],"count":12},"success":true,"message":"ok","code":0}