{"version":"67eda469f06bea026e2ccc0ae7f9a033","result":{"pages":4,"data":[{"SECUCODE":"02359.HK","SECURITY_CODE":"02359","SECURITY_NAME_ABBR":"药明康德","ORG_CODE":"10517983","STD_REPORT_DATE":"2024-09-30 00:00:00","REPORT_DATE":"2024-09-30 00:00:00","DATE_TYPE_CODE":"004","REPORT_TYPE":"2024年三季报","PER_NETCASH_OPERATE":2.765252851,"PER_OI":9.513287959761,"BPS":19.104463198375,"BASIC_EPS":2.25,"DILUTED_EPS":2.24,"OPERATE_INCOME":27702002000,"OPERATE_INCOME_YOY":-6.2262743385,"GROSS_PROFIT":11098161000,"GROSS_PROFIT_YOY":-8.062932817826,"HOLDER_PROFIT":6532935000,"HOLDER_PROFIT_YOY":-19.1108744272,"GROSS_PROFIT_RATIO":40.0626676729,"EPS_TTM":3.141109087678,"OPERATE_INCOME_QOQ":-0.539794949373,"NET_PROFIT_RATIO":23.8308119392,"ROE_AVG":11.846186410274,"GROSS_PROFIT_QOQ":-0.76377411387,"ROA":8.833806357292,"HOLDER_PROFIT_QOQ":-4.889061964644,"ROE_YEARLY":15.794915213699,"ROIC_YEARLY":10.952983051897,"TOTAL_ASSETS":74238240000,"TOTAL_LIABILITIES":18654998000,"TAX_EBT":15.949040378789,"OCF_SALES":29.067267412659,"TOTAL_PARENT_EQUITY":55173548000,"DEBT_ASSET_RATIO":25.1285563882,"OPERATE_PROFIT":7842527000,"PRETAX_PROFIT":7854297000,"NETCASH_OPERATE":8052215000,"NETCASH_INVEST":-2866621000,"NETCASH_FINANCE":-5905603000,"END_CASH":9271603000,"DIVI_RATIO":0.313602970322,"DIVIDEND_RATE":1.695787831513,"CURRENT_RATIO":2.356444413778,"COMMON_ACS":null,"CURRENTDEBT_DEBT":69.297359345737,"ISSUED_COMMON_SHARES":2887992582,"HK_COMMON_SHARES":387076150,"PER_SHARES":100,"TOTAL_MARKET_CAP":185120324506.2,"HKSK_MARKET_CAP":24811581215,"PE_TTM":18.07912178599,"PB_TTM":3.025719089815,"REPORT_DATE_SQ":"2023-09-30 00:00:00","REPORT_TYPE_SQ":"2023年三季报","OPERATE_INCOME_SQ":29541326000,"DPS_HKD":1.087,"OPERATE_INCOME_QOQ_SQ":0.078421430496,"NET_PROFIT_RATIO_SQ":27.5838904455,"HOLDER_PROFIT_SQ":8076407000,"HOLDER_PROFIT_QOQ_SQ":0.222556266761,"ROE_AVG_SQ":16.452813616311,"PE_TTM_SQ":12.715093630577,"PB_TTM_SQ":2.377293737896,"ROA_SQ":11.837933605496,"START_DATE":"2024-01-01 00:00:00","FISCAL_YEAR":"12-31","CURRENCY":"HKD","IS_CNY_CODE":0,"DPS_HKD_LY":1.087,"ORG_TYPE":"一般企业","PREMIUM_INCOME":null,"PREMIUM_INCOME_YOY":null,"NET_INTEREST_INCOME":null,"NET_INTEREST_INCOME_YOY":null,"FEE_COMMISSION_INCOME":null,"FEE_COMMISSION_INCOME_YOY":null,"ACCOUNTS_RECE_TDAYS":2.905266474174,"INVENTORY_TDAYS":5.223911927601,"CURRENT_ASSETS_TDAYS":0.90997461962,"TOTAL_ASSETS_TDAYS":0.374585268914,"PREMIUM_EXPENSE":null,"LOAN_DEPOSIT":null,"LOAN_EQUITY":null,"LOAN_ASSETS":null,"DEPOSIT_EQUITY":null,"DEPOSIT_ASSETS":null,"EQUITY_MULTIPLIER":1.335622704412,"EQUITY_RATIO":0.338114887953},{"SECUCODE":"02359.HK","SECURITY_CODE":"02359","SECURITY_NAME_ABBR":"药明康德","ORG_CODE":"10517983","STD_REPORT_DATE":"2024-06-30 00:00:00","REPORT_DATE":"2024-06-30 00:00:00","DATE_TYPE_CODE":"002","REPORT_TYPE":"2024年中报","PER_NETCASH_OPERATE":1.627387523671,"PER_OI":5.920792931306,"BPS":18.945317706498,"BASIC_EPS":1.46,"DILUTED_EPS":1.45,"OPERATE_INCOME":17240918000,"OPERATE_INCOME_YOY":-8.6394063785,"GROSS_PROFIT":6700890000,"GROSS_PROFIT_YOY":-11.31326941237,"HOLDER_PROFIT":4239822000,"HOLDER_PROFIT_YOY":-20.2008989069,"GROSS_PROFIT_RATIO":38.866201904098,"EPS_TTM":3.302573975782,"OPERATE_INCOME_QOQ":-1.647803593786,"NET_PROFIT_RATIO":24.82957114,"ROE_AVG":7.720250021689,"GROSS_PROFIT_QOQ":-2.112596449612,"ROA":5.726909100553,"HOLDER_PROFIT_QOQ":-8.097868597179,"ROE_YEARLY":15.440500043378,"ROIC_YEARLY":14.268538196385,"TOTAL_ASSETS":74397328000,"TOTAL_LIABILITIES":19302567000,"TAX_EBT":15.223285066364,"OCF_SALES":27.485972614683,"TOTAL_PARENT_EQUITY":54713937000,"DEBT_ASSET_RATIO":25.9452422807,"OPERATE_PROFIT":5066848000,"PRETAX_PROFIT":5049554000,"NETCASH_OPERATE":4738834000,"NETCASH_INVEST":-1745918000,"NETCASH_FINANCE":-3463052000,"END_CASH":9699515000,"DIVI_RATIO":0.29827072678,"DIVIDEND_RATE":1.875754961173,"CURRENT_RATIO":2.217197138854,"COMMON_ACS":null,"CURRENTDEBT_DEBT":70.707564439486,"ISSUED_COMMON_SHARES":2887992582,"HK_COMMON_SHARES":387076150,"PER_SHARES":100,"TOTAL_MARKET_CAP":167359170126.9,"HKSK_MARKET_CAP":22431062892.5,"PE_TTM":16.344541458629,"PB_TTM":2.735419988374,"REPORT_DATE_SQ":"2023-06-30 00:00:00","REPORT_TYPE_SQ":"2023年中报","OPERATE_INCOME_SQ":18871285000,"DPS_HKD":1.087,"OPERATE_INCOME_QOQ_SQ":1.570380518813,"NET_PROFIT_RATIO_SQ":28.3864930237,"HOLDER_PROFIT_SQ":5313120000,"HOLDER_PROFIT_QOQ_SQ":1.629614638563,"ROE_AVG_SQ":11.021328392095,"PE_TTM_SQ":22.723132875002,"PB_TTM_SQ":4.248459591302,"ROA_SQ":7.92946999466,"START_DATE":"2024-01-01 00:00:00","FISCAL_YEAR":"12-31","CURRENCY":"HKD","IS_CNY_CODE":0,"DPS_HKD_LY":1.087,"ORG_TYPE":"一般企业","PREMIUM_INCOME":null,"PREMIUM_INCOME_YOY":null,"NET_INTEREST_INCOME":null,"NET_INTEREST_INCOME_YOY":null,"FEE_COMMISSION_INCOME":null,"FEE_COMMISSION_INCOME_YOY":null,"ACCOUNTS_RECE_TDAYS":1.867270659738,"INVENTORY_TDAYS":3.412280031546,"CURRENT_ASSETS_TDAYS":0.568223234189,"TOTAL_ASSETS_TDAYS":0.23288046101,"PREMIUM_EXPENSE":null,"LOAN_DEPOSIT":null,"LOAN_EQUITY":null,"LOAN_ASSETS":null,"DEPOSIT_EQUITY":null,"DEPOSIT_ASSETS":null,"EQUITY_MULTIPLIER":1.350352132392,"EQUITY_RATIO":0.352790679274},{"SECUCODE":"02359.HK","SECURITY_CODE":"02359","SECURITY_NAME_ABBR":"药明康德","ORG_CODE":"10517983","STD_REPORT_DATE":"2024-03-31 00:00:00","REPORT_DATE":"2024-03-31 00:00:00","DATE_TYPE_CODE":"003","REPORT_TYPE":"2024年一季报","PER_NETCASH_OPERATE":0.72860010205,"PER_OI":2.721118913167,"BPS":19.265800177876,"BASIC_EPS":0.67,"DILUTED_EPS":0.66,"OPERATE_INCOME":7981934000,"OPERATE_INCOME_YOY":-10.9531041835,"GROSS_PROFIT":3005748000,"GROSS_PROFIT_YOY":-14.746080288356,"HOLDER_PROFIT":1942211000,"HOLDER_PROFIT_YOY":-10.4199519494,"GROSS_PROFIT_RATIO":37.656888668836,"EPS_TTM":3.567359460793,"OPERATE_INCOME_QOQ":-2.433783736652,"NET_PROFIT_RATIO":24.5410823993,"ROE_AVG":3.507000626623,"GROSS_PROFIT_QOQ":-3.175415416804,"ROA":2.61385033929,"HOLDER_PROFIT_QOQ":-2.113328031881,"ROE_YEARLY":14.028002506493,"ROIC_YEARLY":13.132029538955,"TOTAL_ASSETS":74939848000,"TOTAL_LIABILITIES":18891551000,"TAX_EBT":14.735870294778,"OCF_SALES":26.775753846123,"TOTAL_PARENT_EQUITY":55639488000,"DEBT_ASSET_RATIO":25.2089529191,"OPERATE_PROFIT":2324919000,"PRETAX_PROFIT":2297394000,"NETCASH_OPERATE":2137223000,"NETCASH_INVEST":-734554000,"NETCASH_FINANCE":-43229000,"END_CASH":11516961000,"DIVI_RATIO":0.276131730157,"DIVIDEND_RATE":1.875754961173,"CURRENT_RATIO":2.327061580812,"COMMON_ACS":null,"CURRENTDEBT_DEBT":70.864657962705,"ISSUED_COMMON_SHARES":2887992582,"HK_COMMON_SHARES":387076150,"PER_SHARES":100,"TOTAL_MARKET_CAP":167359170126.9,"HKSK_MARKET_CAP":22431062892.5,"PE_TTM":16.344541458629,"PB_TTM":2.735419988374,"REPORT_DATE_SQ":"2023-03-31 00:00:00","REPORT_TYPE_SQ":"2023年一季报","OPERATE_INCOME_SQ":8963742000,"DPS_HKD":1.087,"OPERATE_INCOME_QOQ_SQ":1.243363639353,"NET_PROFIT_RATIO_SQ":24.3849611022,"HOLDER_PROFIT_SQ":2168129000,"HOLDER_PROFIT_QOQ_SQ":5.958691870271,"ROE_AVG_SQ":4.513886850335,"PE_TTM_SQ":22.723132875002,"PB_TTM_SQ":4.248459591302,"ROA_SQ":3.263327582111,"START_DATE":"2024-01-01 00:00:00","FISCAL_YEAR":"12-31","CURRENCY":"HKD","IS_CNY_CODE":0,"DPS_HKD_LY":1.087,"ORG_TYPE":"一般企业","PREMIUM_INCOME":null,"PREMIUM_INCOME_YOY":null,"NET_INTEREST_INCOME":null,"NET_INTEREST_INCOME_YOY":null,"FEE_COMMISSION_INCOME":null,"FEE_COMMISSION_INCOME_YOY":null,"ACCOUNTS_RECE_TDAYS":0.891975379175,"INVENTORY_TDAYS":1.649228287119,"CURRENT_ASSETS_TDAYS":0.259255336966,"TOTAL_ASSETS_TDAYS":0.10742180378,"PREMIUM_EXPENSE":null,"LOAN_DEPOSIT":null,"LOAN_EQUITY":null,"LOAN_ASSETS":null,"DEPOSIT_EQUITY":null,"DEPOSIT_ASSETS":null,"EQUITY_MULTIPLIER":1.33705843016,"EQUITY_RATIO":0.339534954024},{"SECUCODE":"02359.HK","SECURITY_CODE":"02359","SECURITY_NAME_ABBR":"药明康德","ORG_CODE":"10517983","STD_REPORT_DATE":"2023-12-31 00:00:00","REPORT_DATE":"2023-12-31 00:00:00","DATE_TYPE_CODE":"001","REPORT_TYPE":"2023年年报","PER_NETCASH_OPERATE":4.257959715991,"PER_OI":13.588047984331,"BPS":19.086771324678,"BASIC_EPS":3.64,"DILUTED_EPS":3.61,"OPERATE_INCOME":40340807000,"OPERATE_INCOME_YOY":2.5054873896,"GROSS_PROFIT":16372472000,"GROSS_PROFIT_YOY":12.862842855293,"HOLDER_PROFIT":10690153000,"HOLDER_PROFIT_YOY":21.2900056991,"GROSS_PROFIT_RATIO":40.585385413832,"EPS_TTM":3.600778534843,"OPERATE_INCOME_QOQ":-0.396861433078,"NET_PROFIT_RATIO":26.7666212032,"ROE_AVG":21.020352020575,"GROSS_PROFIT_QOQ":1.610024372794,"ROA":15.452700250614,"HOLDER_PROFIT_QOQ":12.383531222936,"ROE_YEARLY":21.020352020575,"ROIC_YEARLY":18.450128222241,"TOTAL_ASSETS":73669349000,"TOTAL_LIABILITIES":18151904000,"TAX_EBT":16.487212831455,"OCF_SALES":31.336066231893,"TOTAL_PARENT_EQUITY":55122454000,"DEBT_ASSET_RATIO":24.6396964903,"OPERATE_PROFIT":13190743000,"PRETAX_PROFIT":12929602000,"NETCASH_OPERATE":12641222000,"NETCASH_INVEST":-6817042000,"NETCASH_FINANCE":-3939185000,"END_CASH":10001039000,"DIVI_RATIO":0.273568932515,"DIVIDEND_RATE":1.875754961173,"CURRENT_RATIO":2.061660324515,"COMMON_ACS":null,"CURRENTDEBT_DEBT":81.293378369564,"ISSUED_COMMON_SHARES":2887992582,"HK_COMMON_SHARES":387076150,"PER_SHARES":100,"TOTAL_MARKET_CAP":167359170126.9,"HKSK_MARKET_CAP":22431062892.5,"PE_TTM":16.344541458629,"PB_TTM":2.735419988374,"REPORT_DATE_SQ":"2022-12-31 00:00:00","REPORT_TYPE_SQ":"2022年年报","OPERATE_INCOME_SQ":39354778000,"DPS_HKD":1.087,"OPERATE_INCOME_QOQ_SQ":13.167861652796,"NET_PROFIT_RATIO_SQ":22.6214235029,"HOLDER_PROFIT_SQ":8813713000,"HOLDER_PROFIT_QOQ_SQ":-1.11220416563,"ROE_AVG_SQ":20.718292311432,"PE_TTM_SQ":22.723132875002,"PB_TTM_SQ":4.248459591302,"ROA_SQ":14.711869609598,"START_DATE":"2023-01-01 00:00:00","FISCAL_YEAR":"12-31","CURRENCY":"HKD","IS_CNY_CODE":0,"DPS_HKD_LY":0.98891,"ORG_TYPE":"一般企业","PREMIUM_INCOME":null,"PREMIUM_INCOME_YOY":null,"NET_INTEREST_INCOME":null,"NET_INTEREST_INCOME_YOY":null,"FEE_COMMISSION_INCOME":null,"FEE_COMMISSION_INCOME_YOY":null,"ACCOUNTS_RECE_TDAYS":4.756300704906,"INVENTORY_TDAYS":7.00966447491,"CURRENT_ASSETS_TDAYS":1.482581122835,"TOTAL_ASSETS_TDAYS":0.583129538407,"PREMIUM_EXPENSE":null,"LOAN_DEPOSIT":null,"LOAN_EQUITY":null,"LOAN_ASSETS":null,"DEPOSIT_EQUITY":null,"DEPOSIT_ASSETS":null,"EQUITY_MULTIPLIER":1.326958562304,"EQUITY_RATIO":0.32930144946},{"SECUCODE":"02359.HK","SECURITY_CODE":"02359","SECURITY_NAME_ABBR":"药明康德","ORG_CODE":"10517983","STD_REPORT_DATE":"2023-09-30 00:00:00","REPORT_DATE":"2023-09-30 00:00:00","DATE_TYPE_CODE":"004","REPORT_TYPE":"2023年三季报","PER_NETCASH_OPERATE":3.317239343662,"PER_OI":9.951078010691,"BPS":17.862460354478,"BASIC_EPS":2.75,"DILUTED_EPS":2.73,"OPERATE_INCOME":29541326000,"OPERATE_INCOME_YOY":4.0386747293,"GROSS_PROFIT":12071476000,"GROSS_PROFIT_YOY":15.351503385253,"HOLDER_PROFIT":8076407000,"HOLDER_PROFIT_YOY":9.4673507986,"GROSS_PROFIT_RATIO":40.863013393509,"EPS_TTM":3.204213106743,"OPERATE_INCOME_QOQ":0.078421430496,"NET_PROFIT_RATIO":27.5838904455,"ROE_AVG":16.452813616311,"GROSS_PROFIT_QOQ":3.055039080915,"ROA":11.837933605496,"HOLDER_PROFIT_QOQ":0.222556266761,"ROE_YEARLY":21.937084821748,"ROIC_YEARLY":13.656318409459,"TOTAL_ASSETS":71759281000,"TOTAL_LIABILITIES":19770879000,"TAX_EBT":16.697246749784,"OCF_SALES":33.335477222654,"TOTAL_PARENT_EQUITY":51586653000,"DEBT_ASSET_RATIO":27.5516681947,"OPERATE_PROFIT":9988476000,"PRETAX_PROFIT":9781966000,"NETCASH_OPERATE":9847742000,"NETCASH_INVEST":-5316765000,"NETCASH_FINANCE":-3300141000,"END_CASH":9446352000,"DIVI_RATIO":0.307426849334,"DIVIDEND_RATE":1.875754961173,"CURRENT_RATIO":1.753752238557,"COMMON_ACS":null,"CURRENTDEBT_DEBT":85.879494786246,"ISSUED_COMMON_SHARES":2887992582,"HK_COMMON_SHARES":387076150,"PER_SHARES":100,"TOTAL_MARKET_CAP":167359170126.9,"HKSK_MARKET_CAP":22431062892.5,"PE_TTM":16.344541458629,"PB_TTM":2.735419988374,"REPORT_DATE_SQ":"2022-09-30 00:00:00","REPORT_TYPE_SQ":"2022年三季报","OPERATE_INCOME_SQ":28394562000,"DPS_HKD":1.087,"OPERATE_INCOME_QOQ_SQ":15.448774545321,"NET_PROFIT_RATIO_SQ":26.2255075461,"HOLDER_PROFIT_SQ":7377914000,"HOLDER_PROFIT_QOQ_SQ":26.283501213692,"ROE_AVG_SQ":17.713750899983,"PE_TTM_SQ":22.723132875002,"PB_TTM_SQ":4.248459591302,"ROA_SQ":12.207348146484,"START_DATE":"2023-01-01 00:00:00","FISCAL_YEAR":"12-31","CURRENCY":"HKD","IS_CNY_CODE":0,"DPS_HKD_LY":0.98891,"ORG_TYPE":"一般企业","PREMIUM_INCOME":null,"PREMIUM_INCOME_YOY":null,"NET_INTEREST_INCOME":null,"NET_INTEREST_INCOME_YOY":null,"FEE_COMMISSION_INCOME":null,"FEE_COMMISSION_INCOME_YOY":null,"ACCOUNTS_RECE_TDAYS":3.605942825057,"INVENTORY_TDAYS":4.743367238609,"CURRENT_ASSETS_TDAYS":1.098713058989,"TOTAL_ASSETS_TDAYS":0.432999792861,"PREMIUM_EXPENSE":null,"LOAN_DEPOSIT":null,"LOAN_EQUITY":null,"LOAN_ASSETS":null,"DEPOSIT_EQUITY":null,"DEPOSIT_ASSETS":null,"EQUITY_MULTIPLIER":1.380294031735,"EQUITY_RATIO":0.383255703757},{"SECUCODE":"02359.HK","SECURITY_CODE":"02359","SECURITY_NAME_ABBR":"药明康德","ORG_CODE":"10517983","STD_REPORT_DATE":"2023-06-30 00:00:00","REPORT_DATE":"2023-06-30 00:00:00","DATE_TYPE_CODE":"002","REPORT_TYPE":"2023年中报","PER_NETCASH_OPERATE":1.799362063269,"PER_OI":6.357988467138,"BPS":17.252566821171,"BASIC_EPS":1.81,"DILUTED_EPS":1.79,"OPERATE_INCOME":18871285000,"OPERATE_INCOME_YOY":6.2796282865,"GROSS_PROFIT":7555685000,"GROSS_PROFIT_YOY":17.564816219517,"HOLDER_PROFIT":5313120000,"HOLDER_PROFIT_YOY":14.6118751011,"GROSS_PROFIT_RATIO":40.037999532093,"EPS_TTM":3.197672879968,"OPERATE_INCOME_QOQ":1.570380518813,"NET_PROFIT_RATIO":28.3864930237,"ROE_AVG":11.021328392095,"GROSS_PROFIT_QOQ":4.115689122856,"ROA":7.92946999466,"HOLDER_PROFIT_QOQ":1.629614638563,"ROE_YEARLY":22.04265678419,"ROIC_YEARLY":18.363799281606,"TOTAL_ASSETS":69319134000,"TOTAL_LIABILITIES":19120352000,"TAX_EBT":16.235847031209,"OCF_SALES":28.300807284719,"TOTAL_PARENT_EQUITY":49825285000,"DEBT_ASSET_RATIO":27.5830797309,"OPERATE_PROFIT":6565058000,"PRETAX_PROFIT":6395213000,"NETCASH_OPERATE":5340726000,"NETCASH_INVEST":-1307818000,"NETCASH_FINANCE":-2612777000,"END_CASH":9585040000,"DIVI_RATIO":0.30805563201,"DIVIDEND_RATE":1.875754961173,"CURRENT_RATIO":1.685497586377,"COMMON_ACS":null,"CURRENTDEBT_DEBT":85.579799995314,"ISSUED_COMMON_SHARES":2887992582,"HK_COMMON_SHARES":387076150,"PER_SHARES":100,"TOTAL_MARKET_CAP":167359170126.9,"HKSK_MARKET_CAP":22431062892.5,"PE_TTM":16.344541458629,"PB_TTM":2.735419988374,"REPORT_DATE_SQ":"2022-06-30 00:00:00","REPORT_TYPE_SQ":"2022年中报","OPERATE_INCOME_SQ":17756258000,"DPS_HKD":1.087,"OPERATE_INCOME_QOQ_SQ":13.985149807442,"NET_PROFIT_RATIO_SQ":26.332456985,"HOLDER_PROFIT_SQ":4635750000,"HOLDER_PROFIT_QOQ_SQ":34.68330796581,"ROE_AVG_SQ":11.507107523857,"PE_TTM_SQ":22.723132875002,"PB_TTM_SQ":4.248459591302,"ROA_SQ":7.921592848924,"START_DATE":"2023-01-01 00:00:00","FISCAL_YEAR":"12-31","CURRENCY":"HKD","IS_CNY_CODE":0,"DPS_HKD_LY":0.98891,"ORG_TYPE":"一般企业","PREMIUM_INCOME":null,"PREMIUM_INCOME_YOY":null,"NET_INTEREST_INCOME":null,"NET_INTEREST_INCOME_YOY":null,"FEE_COMMISSION_INCOME":null,"FEE_COMMISSION_INCOME_YOY":null,"ACCOUNTS_RECE_TDAYS":2.24287559621,"INVENTORY_TDAYS":2.88497342536,"CURRENT_ASSETS_TDAYS":0.731767203516,"TOTAL_ASSETS_TDAYS":0.281641085028,"PREMIUM_EXPENSE":null,"LOAN_DEPOSIT":null,"LOAN_EQUITY":null,"LOAN_ASSETS":null,"DEPOSIT_EQUITY":null,"DEPOSIT_ASSETS":null,"EQUITY_MULTIPLIER":1.380892747557,"EQUITY_RATIO":0.383747970533},{"SECUCODE":"02359.HK","SECURITY_CODE":"02359","SECURITY_NAME_ABBR":"药明康德","ORG_CODE":"10517983","STD_REPORT_DATE":"2023-03-31 00:00:00","REPORT_DATE":"2023-03-31 00:00:00","DATE_TYPE_CODE":"003","REPORT_TYPE":"2023年一季报","PER_NETCASH_OPERATE":0.994658127319,"PER_OI":3.020817690797,"BPS":17.131236177116,"BASIC_EPS":0.74,"DILUTED_EPS":0.72,"OPERATE_INCOME":8963742000,"OPERATE_INCOME_YOY":5.7741185561,"GROSS_PROFIT":3525642000,"GROSS_PROFIT_YOY":16.942612032182,"HOLDER_PROFIT":2168129000,"HOLDER_PROFIT_YOY":31.9658516069,"GROSS_PROFIT_RATIO":39.332256550891,"EPS_TTM":3.14724578513,"OPERATE_INCOME_QOQ":1.243363639353,"NET_PROFIT_RATIO":24.3849611022,"ROE_AVG":4.513886850335,"GROSS_PROFIT_QOQ":3.52113370256,"ROA":3.263327582111,"HOLDER_PROFIT_QOQ":5.958691870271,"ROE_YEARLY":18.055547401341,"ROIC_YEARLY":15.170516288495,"TOTAL_ASSETS":68188089000,"TOTAL_LIABILITIES":18357086000,"TAX_EBT":16.216504214655,"OCF_SALES":32.926784371973,"TOTAL_PARENT_EQUITY":49474883000,"DEBT_ASSET_RATIO":26.9212501321,"OPERATE_PROFIT":2710547000,"PRETAX_PROFIT":2608873000,"NETCASH_OPERATE":2951472000,"NETCASH_INVEST":-1144916000,"NETCASH_FINANCE":146795000,"END_CASH":9867844000,"DIVI_RATIO":0.312991487558,"DIVIDEND_RATE":1.875754961173,"CURRENT_RATIO":1.742177479391,"COMMON_ACS":null,"CURRENTDEBT_DEBT":85.995217323708,"ISSUED_COMMON_SHARES":2887992582,"HK_COMMON_SHARES":387076150,"PER_SHARES":100,"TOTAL_MARKET_CAP":167359170126.9,"HKSK_MARKET_CAP":22431062892.5,"PE_TTM":16.344541458629,"PB_TTM":2.735419988374,"REPORT_DATE_SQ":"2022-03-31 00:00:00","REPORT_TYPE_SQ":"2022年一季报","OPERATE_INCOME_SQ":8474419000,"DPS_HKD":1.087,"OPERATE_INCOME_QOQ_SQ":15.386777403314,"NET_PROFIT_RATIO_SQ":19.5405844342,"HOLDER_PROFIT_SQ":1642947000,"HOLDER_PROFIT_QOQ_SQ":2.808252839084,"ROE_AVG_SQ":4.166955167239,"PE_TTM_SQ":22.723132875002,"PB_TTM_SQ":4.248459591302,"ROA_SQ":2.915344423788,"START_DATE":"2023-01-01 00:00:00","FISCAL_YEAR":"12-31","CURRENCY":"HKD","IS_CNY_CODE":0,"DPS_HKD_LY":0.98891,"ORG_TYPE":"一般企业","PREMIUM_INCOME":null,"PREMIUM_INCOME_YOY":null,"NET_INTEREST_INCOME":null,"NET_INTEREST_INCOME_YOY":null,"FEE_COMMISSION_INCOME":null,"FEE_COMMISSION_INCOME_YOY":null,"ACCOUNTS_RECE_TDAYS":1.142128939162,"INVENTORY_TDAYS":1.351309544709,"CURRENT_ASSETS_TDAYS":0.348109081046,"TOTAL_ASSETS_TDAYS":0.134916448733,"PREMIUM_EXPENSE":null,"LOAN_DEPOSIT":null,"LOAN_EQUITY":null,"LOAN_ASSETS":null,"DEPOSIT_EQUITY":null,"DEPOSIT_ASSETS":null,"EQUITY_MULTIPLIER":1.368386845434,"EQUITY_RATIO":0.3710384924},{"SECUCODE":"02359.HK","SECURITY_CODE":"02359","SECURITY_NAME_ABBR":"药明康德","ORG_CODE":"10517983","STD_REPORT_DATE":"2022-12-31 00:00:00","REPORT_DATE":"2022-12-31 00:00:00","DATE_TYPE_CODE":"001","REPORT_TYPE":"2022年年报","PER_NETCASH_OPERATE":3.455366577294,"PER_OI":13.29316774609,"BPS":16.132296630671,"BASIC_EPS":3.01,"DILUTED_EPS":2.82,"OPERATE_INCOME":39354778000,"OPERATE_INCOME_YOY":71.8370292002,"GROSS_PROFIT":14506521000,"GROSS_PROFIT_YOY":75.50655948238,"HOLDER_PROFIT":8813713000,"HOLDER_PROFIT_YOY":72.9143610504,"GROSS_PROFIT_RATIO":36.860888911634,"EPS_TTM":2.97707600777,"OPERATE_INCOME_QOQ":13.167861652796,"NET_PROFIT_RATIO":22.6214235029,"ROE_AVG":20.718292311432,"GROSS_PROFIT_QOQ":14.706350507276,"ROA":14.711869609598,"HOLDER_PROFIT_QOQ":-1.11220416563,"ROE_YEARLY":20.718292311432,"ROIC_YEARLY":17.104739042252,"TOTAL_ASSETS":64690327000,"TOTAL_LIABILITIES":17763654000,"TAX_EBT":16.159247696256,"OCF_SALES":25.993552803169,"TOTAL_PARENT_EQUITY":46589953000,"DEBT_ASSET_RATIO":27.459521112,"OPERATE_PROFIT":10824585000,"PRETAX_PROFIT":10618477000,"NETCASH_OPERATE":10229705000,"NETCASH_INVEST":-9311186000,"NETCASH_FINANCE":-1270584000,"END_CASH":7983904000,"DIVI_RATIO":0.330882092842,"DIVIDEND_RATE":1.875754961173,"CURRENT_RATIO":1.655054039968,"COMMON_ACS":null,"CURRENTDEBT_DEBT":81.623752635578,"ISSUED_COMMON_SHARES":2887992582,"HK_COMMON_SHARES":387076150,"PER_SHARES":100,"TOTAL_MARKET_CAP":167359170126.9,"HKSK_MARKET_CAP":22431062892.5,"PE_TTM":16.344541458629,"PB_TTM":2.735419988374,"REPORT_DATE_SQ":"2021-12-31 00:00:00","REPORT_TYPE_SQ":"2021年年报","OPERATE_INCOME_SQ":22902385000,"DPS_HKD":1.087,"OPERATE_INCOME_QOQ_SQ":7.816534387045,"NET_PROFIT_RATIO_SQ":22.4253805881,"HOLDER_PROFIT_SQ":5097155000,"HOLDER_PROFIT_QOQ_SQ":22.701640907006,"ROE_AVG_SQ":14.361166175757,"PE_TTM_SQ":22.723132875002,"PB_TTM_SQ":4.248459591302,"ROA_SQ":10.051720910949,"START_DATE":"2022-01-01 00:00:00","FISCAL_YEAR":"12-31","CURRENCY":"HKD","IS_CNY_CODE":0,"DPS_HKD_LY":0.6163,"ORG_TYPE":"一般企业","PREMIUM_INCOME":null,"PREMIUM_INCOME_YOY":null,"NET_INTEREST_INCOME":null,"NET_INTEREST_INCOME_YOY":null,"FEE_COMMISSION_INCOME":null,"FEE_COMMISSION_INCOME_YOY":null,"ACCOUNTS_RECE_TDAYS":5.805039549129,"INVENTORY_TDAYS":5.841743702964,"CURRENT_ASSETS_TDAYS":1.711714583129,"TOTAL_ASSETS_TDAYS":0.656910841606,"PREMIUM_EXPENSE":null,"LOAN_DEPOSIT":null,"LOAN_EQUITY":null,"LOAN_ASSETS":null,"DEPOSIT_EQUITY":null,"DEPOSIT_ASSETS":null,"EQUITY_MULTIPLIER":1.378540664922,"EQUITY_RATIO":0.381276495385},{"SECUCODE":"02359.HK","SECURITY_CODE":"02359","SECURITY_NAME_ABBR":"药明康德","ORG_CODE":"10517983","STD_REPORT_DATE":"2022-09-30 00:00:00","REPORT_DATE":"2022-09-30 00:00:00","DATE_TYPE_CODE":"004","REPORT_TYPE":"2022年三季报","PER_NETCASH_OPERATE":2.510001371434,"PER_OI":9.591398117457,"BPS":15.515979950672,"BASIC_EPS":2.52,"DILUTED_EPS":2.3,"OPERATE_INCOME":28394562000,"OPERATE_INCOME_YOY":71.8656728749,"GROSS_PROFIT":10464949000,"GROSS_PROFIT_YOY":72.013221988542,"HOLDER_PROFIT":7377914000,"HOLDER_PROFIT_YOY":107.1152119166,"GROSS_PROFIT_RATIO":36.855469015511,"EPS_TTM":3.010668591401,"OPERATE_INCOME_QOQ":15.448774545321,"NET_PROFIT_RATIO":26.2255075461,"ROE_AVG":17.713750899983,"GROSS_PROFIT_QOQ":17.00538265178,"ROA":12.207348146484,"HOLDER_PROFIT_QOQ":26.283501213692,"ROE_YEARLY":23.618334533311,"ROIC_YEARLY":14.340762312535,"TOTAL_ASSETS":65749217000,"TOTAL_LIABILITIES":20612129000,"TAX_EBT":15.564236042212,"OCF_SALES":26.169296078594,"TOTAL_PARENT_EQUITY":44810035000,"DEBT_ASSET_RATIO":31.349618962,"OPERATE_PROFIT":9039413000,"PRETAX_PROFIT":8819270000,"NETCASH_OPERATE":7430657000,"NETCASH_INVEST":-5846717000,"NETCASH_FINANCE":-688415000,"END_CASH":9213956000,"DIVI_RATIO":0.327190160622,"DIVIDEND_RATE":1.875754961173,"CURRENT_RATIO":1.45678950313,"COMMON_ACS":null,"CURRENTDEBT_DEBT":84.774629539724,"ISSUED_COMMON_SHARES":2887992582,"HK_COMMON_SHARES":387076150,"PER_SHARES":100,"TOTAL_MARKET_CAP":167359170126.9,"HKSK_MARKET_CAP":22431062892.5,"PE_TTM":16.344541458629,"PB_TTM":2.735419988374,"REPORT_DATE_SQ":"2021-09-30 00:00:00","REPORT_TYPE_SQ":"2021年三季报","OPERATE_INCOME_SQ":16521369000,"DPS_HKD":1.087,"OPERATE_INCOME_QOQ_SQ":7.063522164577,"NET_PROFIT_RATIO_SQ":21.7188055058,"HOLDER_PROFIT_SQ":3562227000,"HOLDER_PROFIT_QOQ_SQ":6.021290497119,"ROE_AVG_SQ":10.195958733499,"PE_TTM_SQ":22.723132875002,"PB_TTM_SQ":4.248459591302,"ROA_SQ":7.162767644128,"START_DATE":"2022-01-01 00:00:00","FISCAL_YEAR":"12-31","CURRENCY":"HKD","IS_CNY_CODE":0,"DPS_HKD_LY":0.6163,"ORG_TYPE":"一般企业","PREMIUM_INCOME":null,"PREMIUM_INCOME_YOY":null,"NET_INTEREST_INCOME":null,"NET_INTEREST_INCOME_YOY":null,"FEE_COMMISSION_INCOME":null,"FEE_COMMISSION_INCOME_YOY":null,"ACCOUNTS_RECE_TDAYS":4.062845658419,"INVENTORY_TDAYS":3.705160596244,"CURRENT_ASSETS_TDAYS":1.197037826346,"TOTAL_ASSETS_TDAYS":0.469810713165,"PREMIUM_EXPENSE":null,"LOAN_DEPOSIT":null,"LOAN_EQUITY":null,"LOAN_ASSETS":null,"DEPOSIT_EQUITY":null,"DEPOSIT_ASSETS":null,"EQUITY_MULTIPLIER":1.456656153804,"EQUITY_RATIO":0.459989129667}],"count":31},"success":true,"message":"ok","code":0}