{"version":"38973a05155a6aff5c71a36e948289a6","result":{"pages":5,"data":[{"SECUCODE":"02358.HK","SECURITY_CODE":"02358","SECURITY_NAME_ABBR":"久融控股","ORG_CODE":"10010601","STD_REPORT_DATE":"2024-06-30 00:00:00","REPORT_DATE":"2024-06-30 00:00:00","DATE_TYPE_CODE":"002","REPORT_TYPE":"2024年中报","PER_NETCASH_OPERATE":-0.072213469927,"PER_OI":0.060977932127,"BPS":0.00868296932,"BASIC_EPS":-0.003468184,"DILUTED_EPS":-0.003468184,"OPERATE_INCOME":333671244.6,"OPERATE_INCOME_YOY":3.4589610948,"GROSS_PROFIT":23694085.48,"GROSS_PROFIT_YOY":-24.664697510581,"HOLDER_PROFIT":-19023901.92,"HOLDER_PROFIT_YOY":-198.2827704637,"GROSS_PROFIT_RATIO":7.101027092821,"EPS_TTM":-0.065776478096,"OPERATE_INCOME_QOQ":1.840625360139,"NET_PROFIT_RATIO":-5.7013908834,"ROE_AVG":-30.881143746065,"GROSS_PROFIT_QOQ":-13.86513091571,"ROA":-0.960181091149,"HOLDER_PROFIT_QOQ":-3.622048654204,"ROE_YEARLY":-61.762287492129,"ROIC_YEARLY":-1.929549325169,"TOTAL_ASSETS":1922125071.64,"TOTAL_LIABILITIES":1874611863.52,"TAX_EBT":-11.358051073833,"OCF_SALES":-118.425580218548,"TOTAL_PARENT_EQUITY":47513208.12,"DEBT_ASSET_RATIO":97.5280896742,"OPERATE_PROFIT":5363820.36,"PRETAX_PROFIT":-17083544.24,"NETCASH_OPERATE":-395152107.44,"NETCASH_INVEST":168044466.96,"NETCASH_FINANCE":238093569.64,"END_CASH":14990769,"DIVI_RATIO":null,"DIVIDEND_RATE":null,"CURRENT_RATIO":0.473425412951,"COMMON_ACS":10000000000,"CURRENTDEBT_DEBT":81.824559729382,"ISSUED_COMMON_SHARES":5472000000,"HK_COMMON_SHARES":5472000000,"PER_SHARES":10000,"TOTAL_MARKET_CAP":76608000,"HKSK_MARKET_CAP":76608000,"PE_TTM":-0.192894858101,"PB_TTM":1.471561113352,"REPORT_DATE_SQ":"2023-06-30 00:00:00","REPORT_TYPE_SQ":"2023年中报","OPERATE_INCOME_SQ":325801916.56,"DPS_HKD":null,"OPERATE_INCOME_QOQ_SQ":-2.17317587896,"NET_PROFIT_RATIO_SQ":-1.9775194413,"HOLDER_PROFIT_SQ":-6442796.24,"HOLDER_PROFIT_QOQ_SQ":17.255026922521,"ROE_AVG_SQ":-1.523100429162,"PE_TTM_SQ":-2.536199681012,"PB_TTM_SQ":0.420877370783,"ROA_SQ":-0.253469610125,"START_DATE":"2024-01-01 00:00:00","FISCAL_YEAR":"12-31","CURRENCY":"HKD","IS_CNY_CODE":0,"DPS_HKD_LY":null,"ORG_TYPE":"一般企业","PREMIUM_INCOME":null,"PREMIUM_INCOME_YOY":null,"NET_INTEREST_INCOME":null,"NET_INTEREST_INCOME_YOY":null,"FEE_COMMISSION_INCOME":null,"FEE_COMMISSION_INCOME_YOY":null,"ACCOUNTS_RECE_TDAYS":1.010225355732,"INVENTORY_TDAYS":3.448025908366,"CURRENT_ASSETS_TDAYS":0.44326795769,"TOTAL_ASSETS_TDAYS":0.168411728084,"PREMIUM_EXPENSE":null,"LOAN_DEPOSIT":null,"LOAN_EQUITY":null,"LOAN_ASSETS":null,"DEPOSIT_EQUITY":null,"DEPOSIT_ASSETS":null,"EQUITY_MULTIPLIER":40.454541961443,"EQUITY_RATIO":39.454541962005},{"SECUCODE":"02358.HK","SECURITY_CODE":"02358","SECURITY_NAME_ABBR":"久融控股","ORG_CODE":"10010601","STD_REPORT_DATE":"2023-12-31 00:00:00","REPORT_DATE":"2023-12-31 00:00:00","DATE_TYPE_CODE":"001","REPORT_TYPE":"2023年年报","PER_NETCASH_OPERATE":-0.000191445599,"PER_OI":0.078131499521,"BPS":0.013735062485,"BASIC_EPS":-0.0634354,"DILUTED_EPS":-0.0634354,"OPERATE_INCOME":427535565.38,"OPERATE_INCOME_YOY":-43.6948694171,"GROSS_PROFIT":55949116.58,"GROSS_PROFIT_YOY":-27.023758463981,"HOLDER_PROFIT":-347347782.46,"HOLDER_PROFIT_YOY":-325.167774068,"GROSS_PROFIT_RATIO":13.086423940023,"EPS_TTM":-0.063477299426,"OPERATE_INCOME_QOQ":-41.609672739735,"NET_PROFIT_RATIO":-81.2441842473,"ROE_AVG":-137.260470196422,"GROSS_PROFIT_QOQ":6.879461271329,"ROA":-14.76508334932,"HOLDER_PROFIT_QOQ":-421.278261732919,"ROE_YEARLY":-137.260470196422,"ROIC_YEARLY":-15.055697868694,"TOTAL_ASSETS":2025997992.76,"TOTAL_LIABILITIES":1950839730.84,"TAX_EBT":0.691261552333,"OCF_SALES":-0.245029982259,"TOTAL_PARENT_EQUITY":75158261.92,"DEBT_ASSET_RATIO":96.2903091618,"OPERATE_PROFIT":3715502,"PRETAX_PROFIT":-349765577.42,"NETCASH_OPERATE":-1047590.32,"NETCASH_INVEST":69954746.68,"NETCASH_FINANCE":-151001626.16,"END_CASH":3848716.34,"DIVI_RATIO":null,"DIVIDEND_RATE":null,"CURRENT_RATIO":0.50889192968,"COMMON_ACS":10000000000,"CURRENTDEBT_DEBT":77.944388546222,"ISSUED_COMMON_SHARES":5472000000,"HK_COMMON_SHARES":5472000000,"PER_SHARES":10000,"TOTAL_MARKET_CAP":87552000,"HKSK_MARKET_CAP":87552000,"PE_TTM":-0.220451266401,"PB_TTM":1.681784129545,"REPORT_DATE_SQ":"2022-12-31 00:00:00","REPORT_TYPE_SQ":"2022年年报","OPERATE_INCOME_SQ":748468253.19,"DPS_HKD":null,"OPERATE_INCOME_QOQ_SQ":34.18891051649,"NET_PROFIT_RATIO_SQ":-10.7591983263,"HOLDER_PROFIT_SQ":-80529183.77,"HOLDER_PROFIT_QOQ_SQ":-273.093769855671,"ROE_AVG_SQ":-16.764746630119,"PE_TTM_SQ":-2.014040923157,"PB_TTM_SQ":0.334226147387,"ROA_SQ":-3.037033031874,"START_DATE":"2023-01-01 00:00:00","FISCAL_YEAR":"12-31","CURRENCY":"HKD","IS_CNY_CODE":0,"DPS_HKD_LY":null,"ORG_TYPE":"一般企业","PREMIUM_INCOME":null,"PREMIUM_INCOME_YOY":null,"NET_INTEREST_INCOME":null,"NET_INTEREST_INCOME_YOY":null,"FEE_COMMISSION_INCOME":null,"FEE_COMMISSION_INCOME_YOY":null,"ACCOUNTS_RECE_TDAYS":0.942736876181,"INVENTORY_TDAYS":3.955185369171,"CURRENT_ASSETS_TDAYS":0.458330661724,"TOTAL_ASSETS_TDAYS":0.18173711123,"PREMIUM_EXPENSE":null,"LOAN_DEPOSIT":null,"LOAN_EQUITY":null,"LOAN_ASSETS":null,"DEPOSIT_EQUITY":null,"DEPOSIT_ASSETS":null,"EQUITY_MULTIPLIER":26.956424230899,"EQUITY_RATIO":25.956424230732},{"SECUCODE":"02358.HK","SECURITY_CODE":"02358","SECURITY_NAME_ABBR":"久融控股","ORG_CODE":"10010601","STD_REPORT_DATE":"2023-06-30 00:00:00","REPORT_DATE":"2023-06-30 00:00:00","DATE_TYPE_CODE":"002","REPORT_TYPE":"2023年中报","PER_NETCASH_OPERATE":-0.00603027489,"PER_OI":0.059539823933,"BPS":0.074480887251,"BASIC_EPS":-0.001198574,"DILUTED_EPS":-0.001198574,"OPERATE_INCOME":325801916.56,"OPERATE_INCOME_YOY":-11.6547913698,"GROSS_PROFIT":31451503.74,"GROSS_PROFIT_YOY":-43.606207502109,"HOLDER_PROFIT":-6442796.24,"HOLDER_PROFIT_YOY":70.6164325961,"GROSS_PROFIT_RATIO":9.653566213509,"EPS_TTM":-0.012177238931,"OPERATE_INCOME_QOQ":-2.17317587896,"NET_PROFIT_RATIO":-1.9775194413,"ROE_AVG":-1.523100429162,"GROSS_PROFIT_QOQ":-31.7209867378,"ROA":-0.253469610125,"HOLDER_PROFIT_QOQ":17.255026922521,"ROE_YEARLY":-3.046200858324,"ROIC_YEARLY":-0.520730483226,"TOTAL_ASSETS":2358102147,"TOTAL_LIABILITIES":1950542731.96,"TAX_EBT":-14.127061897763,"OCF_SALES":-10.128136920865,"TOTAL_PARENT_EQUITY":407559415.04,"DEBT_ASSET_RATIO":82.7166344105,"OPERATE_PROFIT":9939866.38,"PRETAX_PROFIT":-5645283.54,"NETCASH_OPERATE":-32997664.2,"NETCASH_INVEST":35732256.88,"NETCASH_FINANCE":-81242111.66,"END_CASH":9061219.44,"DIVI_RATIO":null,"DIVIDEND_RATE":null,"CURRENT_RATIO":0.616655354699,"COMMON_ACS":10000000000,"CURRENTDEBT_DEBT":68.52857957215,"ISSUED_COMMON_SHARES":5472000000,"HK_COMMON_SHARES":5472000000,"PER_SHARES":10000,"TOTAL_MARKET_CAP":87552000,"HKSK_MARKET_CAP":87552000,"PE_TTM":-0.220451266401,"PB_TTM":1.681784129545,"REPORT_DATE_SQ":"2022-06-30 00:00:00","REPORT_TYPE_SQ":"2022年中报","OPERATE_INCOME_SQ":342067448.1,"DPS_HKD":null,"OPERATE_INCOME_QOQ_SQ":-46.804807500138,"NET_PROFIT_RATIO_SQ":-5.9456486412,"HOLDER_PROFIT_SQ":-20338128.58,"HOLDER_PROFIT_QOQ_SQ":-262.049118791173,"ROE_AVG_SQ":-4.093875797985,"PE_TTM_SQ":-2.014040923157,"PB_TTM_SQ":0.334226147387,"ROA_SQ":-0.789730121304,"START_DATE":"2023-01-01 00:00:00","FISCAL_YEAR":"12-31","CURRENCY":"HKD","IS_CNY_CODE":0,"DPS_HKD_LY":null,"ORG_TYPE":"一般企业","PREMIUM_INCOME":null,"PREMIUM_INCOME_YOY":null,"NET_INTEREST_INCOME":null,"NET_INTEREST_INCOME_YOY":null,"FEE_COMMISSION_INCOME":null,"FEE_COMMISSION_INCOME_YOY":null,"ACCOUNTS_RECE_TDAYS":0.623915476943,"INVENTORY_TDAYS":3.34579390281,"CURRENT_ASSETS_TDAYS":0.33673349301,"TOTAL_ASSETS_TDAYS":0.128175533871,"PREMIUM_EXPENSE":null,"LOAN_DEPOSIT":null,"LOAN_EQUITY":null,"LOAN_ASSETS":null,"DEPOSIT_EQUITY":null,"DEPOSIT_ASSETS":null,"EQUITY_MULTIPLIER":5.785910127409,"EQUITY_RATIO":4.785910127407},{"SECUCODE":"02358.HK","SECURITY_CODE":"02358","SECURITY_NAME_ABBR":"久融控股","ORG_CODE":"10010601","STD_REPORT_DATE":"2022-12-31 00:00:00","REPORT_DATE":"2022-12-31 00:00:00","DATE_TYPE_CODE":"001","REPORT_TYPE":"2022年年报","PER_NETCASH_OPERATE":0.013151735663,"PER_OI":0.136781479019,"BPS":0.077631235669,"BASIC_EPS":-0.014738955,"DILUTED_EPS":-0.014738955,"OPERATE_INCOME":748468253.19,"OPERATE_INCOME_YOY":-34.6648118965,"GROSS_PROFIT":76667577.56,"GROSS_PROFIT_YOY":-38.795045348117,"HOLDER_PROFIT":-80529183.77,"HOLDER_PROFIT_YOY":-653.3791664109,"GROSS_PROFIT_RATIO":10.24326379018,"EPS_TTM":-0.014716590601,"OPERATE_INCOME_QOQ":34.18891051649,"NET_PROFIT_RATIO":-10.7591983263,"ROE_AVG":-16.764746630119,"GROSS_PROFIT_QOQ":-21.693951384973,"ROA":-3.037033031874,"HOLDER_PROFIT_QOQ":-273.093769855671,"ROE_YEARLY":-16.764746630119,"ROIC_YEARLY":-3.160064518583,"TOTAL_ASSETS":2640707999.02,"TOTAL_LIABILITIES":2215909877.44,"TAX_EBT":-7.193731346833,"OCF_SALES":9.615143627439,"TOTAL_PARENT_EQUITY":424798121.58,"DEBT_ASSET_RATIO":83.9134761686,"OPERATE_PROFIT":-8799602.77,"PRETAX_PROFIT":-75124900.27,"NETCASH_OPERATE":71966297.55,"NETCASH_INVEST":-168963807.04,"NETCASH_FINANCE":69637542.66,"END_CASH":85727121.9,"DIVI_RATIO":null,"DIVIDEND_RATE":null,"CURRENT_RATIO":0.645788788434,"COMMON_ACS":10000000000,"CURRENTDEBT_DEBT":75.206516621303,"ISSUED_COMMON_SHARES":5472000000,"HK_COMMON_SHARES":5472000000,"PER_SHARES":10000,"TOTAL_MARKET_CAP":87552000,"HKSK_MARKET_CAP":87552000,"PE_TTM":-0.220451266401,"PB_TTM":1.681784129545,"REPORT_DATE_SQ":"2021-12-31 00:00:00","REPORT_TYPE_SQ":"2021年年报","OPERATE_INCOME_SQ":1048538478.4,"DPS_HKD":null,"OPERATE_INCOME_QOQ_SQ":-15.030392186778,"NET_PROFIT_RATIO_SQ":1.2702940211,"HOLDER_PROFIT_SQ":13319521.6,"HOLDER_PROFIT_QOQ_SQ":-4.666550983626,"ROE_AVG_SQ":2.803230141564,"PE_TTM_SQ":-2.014040923157,"PB_TTM_SQ":0.334226147387,"ROA_SQ":0.577189073975,"START_DATE":"2022-01-01 00:00:00","FISCAL_YEAR":"12-31","CURRENCY":"HKD","IS_CNY_CODE":0,"DPS_HKD_LY":null,"ORG_TYPE":"一般企业","PREMIUM_INCOME":null,"PREMIUM_INCOME_YOY":null,"NET_INTEREST_INCOME":null,"NET_INTEREST_INCOME_YOY":null,"FEE_COMMISSION_INCOME":null,"FEE_COMMISSION_INCOME_YOY":null,"ACCOUNTS_RECE_TDAYS":1.252425377736,"INVENTORY_TDAYS":6.620879386921,"CURRENT_ASSETS_TDAYS":0.671068391316,"TOTAL_ASSETS_TDAYS":0.282273171269,"PREMIUM_EXPENSE":null,"LOAN_DEPOSIT":null,"LOAN_EQUITY":null,"LOAN_ASSETS":null,"DEPOSIT_EQUITY":null,"DEPOSIT_ASSETS":null,"EQUITY_MULTIPLIER":6.216383418076,"EQUITY_RATIO":5.216383418077},{"SECUCODE":"02358.HK","SECURITY_CODE":"02358","SECURITY_NAME_ABBR":"久融控股","ORG_CODE":"10010601","STD_REPORT_DATE":"2022-06-30 00:00:00","REPORT_DATE":"2022-06-30 00:00:00","DATE_TYPE_CODE":"002","REPORT_TYPE":"2022年中报","PER_NETCASH_OPERATE":0.004253132431,"PER_OI":0.062512326042,"BPS":0.087817010556,"BASIC_EPS":-0.003677317,"DILUTED_EPS":-0.003677317,"OPERATE_INCOME":342067448.1,"OPERATE_INCOME_YOY":-60.0372062911,"GROSS_PROFIT":55771215.85,"GROSS_PROFIT_YOY":-32.908654870371,"HOLDER_PROFIT":-20338128.58,"HOLDER_PROFIT_YOY":-235.8583261925,"GROSS_PROFIT_RATIO":16.30415760394,"EPS_TTM":-0.003944475033,"OPERATE_INCOME_QOQ":-46.804807500138,"NET_PROFIT_RATIO":-5.9456486412,"ROE_AVG":-4.093875797985,"GROSS_PROFIT_QOQ":-21.83879057315,"ROA":-0.789730121304,"HOLDER_PROFIT_QOQ":-262.049118791173,"ROE_YEARLY":-8.187751595969,"ROIC_YEARLY":-1.657748074502,"TOTAL_ASSETS":2601712039.78,"TOTAL_LIABILITIES":2121177358.02,"TAX_EBT":-15.351409031382,"OCF_SALES":6.803670091752,"TOTAL_PARENT_EQUITY":480534681.76,"DEBT_ASSET_RATIO":81.5300588838,"OPERATE_PROFIT":8663074.7,"PRETAX_PROFIT":-17631452.23,"NETCASH_OPERATE":28949036.69,"NETCASH_INVEST":-8841809.41,"NETCASH_FINANCE":-2378283.39,"END_CASH":127647369.78,"DIVI_RATIO":null,"DIVIDEND_RATE":null,"CURRENT_RATIO":0.809746957858,"COMMON_ACS":10000000000,"CURRENTDEBT_DEBT":69.954659770888,"ISSUED_COMMON_SHARES":5472000000,"HK_COMMON_SHARES":5472000000,"PER_SHARES":10000,"TOTAL_MARKET_CAP":87552000,"HKSK_MARKET_CAP":87552000,"PE_TTM":-0.220451266401,"PB_TTM":1.681784129545,"REPORT_DATE_SQ":"2021-06-30 00:00:00","REPORT_TYPE_SQ":"2021年中报","OPERATE_INCOME_SQ":832833864.48,"DPS_HKD":null,"OPERATE_INCOME_QOQ_SQ":103.015168615999,"NET_PROFIT_RATIO_SQ":1.7489154826,"HOLDER_PROFIT_SQ":14565560.4,"HOLDER_PROFIT_QOQ_SQ":-27.522097178565,"ROE_AVG_SQ":3.056859685687,"PE_TTM_SQ":-2.014040923157,"PB_TTM_SQ":0.334226147387,"ROA_SQ":0.590197760924,"START_DATE":"2022-01-01 00:00:00","FISCAL_YEAR":"12-31","CURRENCY":"HKD","IS_CNY_CODE":0,"DPS_HKD_LY":null,"ORG_TYPE":"一般企业","PREMIUM_INCOME":null,"PREMIUM_INCOME_YOY":null,"NET_INTEREST_INCOME":null,"NET_INTEREST_INCOME_YOY":null,"FEE_COMMISSION_INCOME":null,"FEE_COMMISSION_INCOME_YOY":null,"ACCOUNTS_RECE_TDAYS":0.513949582855,"INVENTORY_TDAYS":2.809068902007,"CURRENT_ASSETS_TDAYS":0.296572829913,"TOTAL_ASSETS_TDAYS":0.132824889084,"PREMIUM_EXPENSE":null,"LOAN_DEPOSIT":null,"LOAN_EQUITY":null,"LOAN_ASSETS":null,"DEPOSIT_EQUITY":null,"DEPOSIT_ASSETS":null,"EQUITY_MULTIPLIER":5.414202426032,"EQUITY_RATIO":4.414202426037},{"SECUCODE":"02358.HK","SECURITY_CODE":"02358","SECURITY_NAME_ABBR":"久融控股","ORG_CODE":"10010601","STD_REPORT_DATE":"2021-12-31 00:00:00","REPORT_DATE":"2021-12-31 00:00:00","DATE_TYPE_CODE":"001","REPORT_TYPE":"2021年年报","PER_NETCASH_OPERATE":0.008725399708,"PER_OI":0.191618873977,"BPS":0.089638514327,"BASIC_EPS":0.0024528,"DILUTED_EPS":0.0024528,"OPERATE_INCOME":1048538478.4,"OPERATE_INCOME_YOY":77.5732677572,"GROSS_PROFIT":125263678.4,"GROSS_PROFIT_YOY":18.140060524415,"HOLDER_PROFIT":13319521.6,"HOLDER_PROFIT_YOY":-28.8726859937,"GROSS_PROFIT_RATIO":11.946502773188,"EPS_TTM":0.002434123099,"OPERATE_INCOME_QOQ":-15.030392186778,"NET_PROFIT_RATIO":1.2702940211,"ROE_AVG":2.803230141564,"GROSS_PROFIT_QOQ":-12.474062359929,"ROA":0.577189073975,"HOLDER_PROFIT_QOQ":-4.666550983626,"ROE_YEARLY":2.803230141564,"ROIC_YEARLY":0.631538140973,"TOTAL_ASSETS":2436901768,"TOTAL_LIABILITIES":1946399817.6,"TAX_EBT":53.889046136428,"OCF_SALES":4.553517890241,"TOTAL_PARENT_EQUITY":490501950.4,"DEBT_ASSET_RATIO":79.8719030516,"OPERATE_PROFIT":76495473.6,"PRETAX_PROFIT":28885808,"NETCASH_OPERATE":43134123.2,"NETCASH_INVEST":-210606401.6,"NETCASH_FINANCE":-13819892.8,"END_CASH":110513356.8,"DIVI_RATIO":null,"DIVIDEND_RATE":null,"CURRENT_RATIO":0.702705553562,"COMMON_ACS":10000000000,"CURRENTDEBT_DEBT":77.256150273079,"ISSUED_COMMON_SHARES":5472000000,"HK_COMMON_SHARES":5472000000,"PER_SHARES":10000,"TOTAL_MARKET_CAP":87552000,"HKSK_MARKET_CAP":87552000,"PE_TTM":-0.220451266401,"PB_TTM":1.681784129545,"REPORT_DATE_SQ":"2020-12-31 00:00:00","REPORT_TYPE_SQ":"2020年年报","OPERATE_INCOME_SQ":607844190.96,"DPS_HKD":null,"OPERATE_INCOME_QOQ_SQ":13.398493187047,"NET_PROFIT_RATIO_SQ":3.1713591816,"HOLDER_PROFIT_SQ":19276922.56,"HOLDER_PROFIT_QOQ_SQ":7.822219616177,"ROE_AVG_SQ":4.232229357858,"PE_TTM_SQ":-2.014040923157,"PB_TTM_SQ":0.334226147387,"ROA_SQ":0.971559899993,"START_DATE":"2021-01-01 00:00:00","FISCAL_YEAR":"12-31","CURRENCY":"HKD","IS_CNY_CODE":0,"DPS_HKD_LY":null,"ORG_TYPE":"一般企业","PREMIUM_INCOME":null,"PREMIUM_INCOME_YOY":null,"NET_INTEREST_INCOME":null,"NET_INTEREST_INCOME_YOY":null,"FEE_COMMISSION_INCOME":null,"FEE_COMMISSION_INCOME_YOY":null,"ACCOUNTS_RECE_TDAYS":2.183462699476,"INVENTORY_TDAYS":9.779596431974,"CURRENT_ASSETS_TDAYS":1.036503046164,"TOTAL_ASSETS_TDAYS":0.454374392377,"PREMIUM_EXPENSE":null,"LOAN_DEPOSIT":null,"LOAN_EQUITY":null,"LOAN_ASSETS":null,"DEPOSIT_EQUITY":null,"DEPOSIT_ASSETS":null,"EQUITY_MULTIPLIER":4.968179567912,"EQUITY_RATIO":3.968179567916},{"SECUCODE":"02358.HK","SECURITY_CODE":"02358","SECURITY_NAME_ABBR":"久融控股","ORG_CODE":"10010601","STD_REPORT_DATE":"2021-06-30 00:00:00","REPORT_DATE":"2021-06-30 00:00:00","DATE_TYPE_CODE":"002","REPORT_TYPE":"2021年中报","PER_NETCASH_OPERATE":-0.041315995702,"PER_OI":0.15219917114,"BPS":0.088639633333,"BASIC_EPS":0.002662656,"DILUTED_EPS":0.002662656,"OPERATE_INCOME":832833864.48,"OPERATE_INCOME_YOY":342.3972136524,"GROSS_PROFIT":83127288.24,"GROSS_PROFIT_YOY":80.550453961002,"HOLDER_PROFIT":14565560.4,"HOLDER_PROFIT_YOY":-19.5320400846,"GROSS_PROFIT_RATIO":9.981256981175,"EPS_TTM":0.00255327288,"OPERATE_INCOME_QOQ":103.015168615999,"NET_PROFIT_RATIO":1.7489154826,"ROE_AVG":3.056859685687,"GROSS_PROFIT_QOQ":34.977200713046,"ROA":0.590197760924,"HOLDER_PROFIT_QOQ":-27.522097178565,"ROE_YEARLY":6.113719371375,"ROIC_YEARLY":1.308043251734,"TOTAL_ASSETS":2718838873.68,"TOTAL_LIABILITIES":2233802800.08,"TAX_EBT":32.256191950464,"OCF_SALES":-27.146005718819,"TOTAL_PARENT_EQUITY":485036073.6,"DEBT_ASSET_RATIO":82.1601758642,"OPERATE_PROFIT":49720940.4,"PRETAX_PROFIT":21500947.2,"NETCASH_OPERATE":-226081128.48,"NETCASH_INVEST":-26951903.28,"NETCASH_FINANCE":151206409.68,"END_CASH":189922260,"DIVI_RATIO":null,"DIVIDEND_RATE":null,"CURRENT_RATIO":0.841197711297,"COMMON_ACS":10000000000,"CURRENTDEBT_DEBT":77.151762962168,"ISSUED_COMMON_SHARES":5472000000,"HK_COMMON_SHARES":5472000000,"PER_SHARES":10000,"TOTAL_MARKET_CAP":87552000,"HKSK_MARKET_CAP":87552000,"PE_TTM":-0.220451266401,"PB_TTM":1.681784129545,"REPORT_DATE_SQ":"2020-06-30 00:00:00","REPORT_TYPE_SQ":"2020年中报","OPERATE_INCOME_SQ":206662146.24,"DPS_HKD":null,"OPERATE_INCOME_QOQ_SQ":-1.693609551812,"NET_PROFIT_RATIO_SQ":9.6151976168,"HOLDER_PROFIT_SQ":19870973.76,"HOLDER_PROFIT_QOQ_SQ":-23.941511274249,"ROE_AVG_SQ":4.12805823382,"PE_TTM_SQ":-2.014040923157,"PB_TTM_SQ":0.334226147387,"ROA_SQ":0.989063199747,"START_DATE":"2021-01-01 00:00:00","FISCAL_YEAR":"12-31","CURRENCY":"HKD","IS_CNY_CODE":0,"DPS_HKD_LY":null,"ORG_TYPE":"一般企业","PREMIUM_INCOME":null,"PREMIUM_INCOME_YOY":null,"NET_INTEREST_INCOME":null,"NET_INTEREST_INCOME_YOY":null,"FEE_COMMISSION_INCOME":null,"FEE_COMMISSION_INCOME_YOY":null,"ACCOUNTS_RECE_TDAYS":1.626395911042,"INVENTORY_TDAYS":6.032525986308,"CURRENT_ASSETS_TDAYS":0.684499753632,"TOTAL_ASSETS_TDAYS":0.337464998626,"PREMIUM_EXPENSE":null,"LOAN_DEPOSIT":null,"LOAN_EQUITY":null,"LOAN_ASSETS":null,"DEPOSIT_EQUITY":null,"DEPOSIT_ASSETS":null,"EQUITY_MULTIPLIER":5.60543642352,"EQUITY_RATIO":4.605436423523},{"SECUCODE":"02358.HK","SECURITY_CODE":"02358","SECURITY_NAME_ABBR":"久融控股","ORG_CODE":"10010601","STD_REPORT_DATE":"2020-12-31 00:00:00","REPORT_DATE":"2020-12-31 00:00:00","DATE_TYPE_CODE":"001","REPORT_TYPE":"2020年年报","PER_NETCASH_OPERATE":-0.011120660687,"PER_OI":0.111082637237,"BPS":0.08649773606,"BASIC_EPS":0.003534888,"DILUTED_EPS":0.003534888,"OPERATE_INCOME":607844190.96,"OPERATE_INCOME_YOY":18.6489852111,"GROSS_PROFIT":106029807.2,"GROSS_PROFIT_YOY":10.235996692914,"HOLDER_PROFIT":19276922.56,"HOLDER_PROFIT_YOY":-12.7167409779,"GROSS_PROFIT_RATIO":17.44358320387,"EPS_TTM":0.003522829415,"OPERATE_INCOME_QOQ":13.398493187047,"NET_PROFIT_RATIO":3.1713591816,"ROE_AVG":4.232229357858,"GROSS_PROFIT_QOQ":19.077186205821,"ROA":0.971559899993,"HOLDER_PROFIT_QOQ":7.822219616177,"ROE_YEARLY":4.232229357858,"ROIC_YEARLY":1.076564188448,"TOTAL_ASSETS":2242456357.96,"TOTAL_LIABILITIES":1769140746.24,"TAX_EBT":40.196871980992,"OCF_SALES":-10.011160127054,"TOTAL_PARENT_EQUITY":473315611.72,"DEBT_ASSET_RATIO":78.8929844704,"OPERATE_PROFIT":84623535.44,"PRETAX_PROFIT":32233970.36,"NETCASH_OPERATE":-60852255.28,"NETCASH_INVEST":-35519732.92,"NETCASH_FINANCE":284218461.44,"END_CASH":295100866.64,"DIVI_RATIO":null,"DIVIDEND_RATE":null,"CURRENT_RATIO":0.766733664235,"COMMON_ACS":10000000000,"CURRENTDEBT_DEBT":73.350868880161,"ISSUED_COMMON_SHARES":5472000000,"HK_COMMON_SHARES":5472000000,"PER_SHARES":10000,"TOTAL_MARKET_CAP":87552000,"HKSK_MARKET_CAP":87552000,"PE_TTM":-0.220451266401,"PB_TTM":1.681784129545,"REPORT_DATE_SQ":"2019-12-31 00:00:00","REPORT_TYPE_SQ":"2019年年报","OPERATE_INCOME_SQ":545259494.44,"DPS_HKD":null,"OPERATE_INCOME_QOQ_SQ":-36.18927237495,"NET_PROFIT_RATIO_SQ":4.3110048004,"HOLDER_PROFIT_SQ":23506162.98,"HOLDER_PROFIT_QOQ_SQ":-54.339888755468,"ROE_AVG_SQ":5.275426476043,"PE_TTM_SQ":-2.014040923157,"PB_TTM_SQ":0.334226147387,"ROA_SQ":1.363576487412,"START_DATE":"2020-01-01 00:00:00","FISCAL_YEAR":"12-31","CURRENCY":"HKD","IS_CNY_CODE":0,"DPS_HKD_LY":null,"ORG_TYPE":"一般企业","PREMIUM_INCOME":null,"PREMIUM_INCOME_YOY":null,"NET_INTEREST_INCOME":null,"NET_INTEREST_INCOME_YOY":null,"FEE_COMMISSION_INCOME":null,"FEE_COMMISSION_INCOME_YOY":null,"ACCOUNTS_RECE_TDAYS":1.697130771942,"INVENTORY_TDAYS":3.616355767977,"CURRENT_ASSETS_TDAYS":0.716963319132,"TOTAL_ASSETS_TDAYS":0.306354419147,"PREMIUM_EXPENSE":null,"LOAN_DEPOSIT":null,"LOAN_EQUITY":null,"LOAN_ASSETS":null,"DEPOSIT_EQUITY":null,"DEPOSIT_ASSETS":null,"EQUITY_MULTIPLIER":4.737761236768,"EQUITY_RATIO":3.737761236759},{"SECUCODE":"02358.HK","SECURITY_CODE":"02358","SECURITY_NAME_ABBR":"久融控股","ORG_CODE":"10010601","STD_REPORT_DATE":"2020-06-30 00:00:00","REPORT_DATE":"2020-06-30 00:00:00","DATE_TYPE_CODE":"002","REPORT_TYPE":"2020年中报","PER_NETCASH_OPERATE":-0.014964924912,"PER_OI":0.037767205088,"BPS":0.089135518421,"BASIC_EPS":0.00365376,"DILUTED_EPS":0.00365376,"OPERATE_INCOME":206662146.24,"OPERATE_INCOME_YOY":-7.8172365462,"GROSS_PROFIT":46041029.76,"GROSS_PROFIT_YOY":-13.428207833243,"HOLDER_PROFIT":19870973.76,"HOLDER_PROFIT_YOY":-24.9525649429,"GROSS_PROFIT_RATIO":22.278404922076,"EPS_TTM":0.003267257368,"OPERATE_INCOME_QOQ":-1.693609551812,"NET_PROFIT_RATIO":9.6151976168,"ROE_AVG":4.12805823382,"GROSS_PROFIT_QOQ":-7.424755147997,"ROA":0.989063199747,"HOLDER_PROFIT_QOQ":-23.941511274249,"ROE_YEARLY":8.256116467639,"ROIC_YEARLY":2.248543431416,"TOTAL_ASSETS":2145128890.08,"TOTAL_LIABILITIES":1657379333.28,"TAX_EBT":24.170384829894,"OCF_SALES":-39.624125951398,"TOTAL_PARENT_EQUITY":487749556.8,"DEBT_ASSET_RATIO":77.2624591904,"OPERATE_PROFIT":38210108.64,"PRETAX_PROFIT":26204766.72,"NETCASH_OPERATE":-81888069.12,"NETCASH_INVEST":567246.24,"NETCASH_FINANCE":364972259.52,"END_CASH":383442929.76,"DIVI_RATIO":null,"DIVIDEND_RATE":null,"CURRENT_RATIO":0.653449473817,"COMMON_ACS":10000000000,"CURRENTDEBT_DEBT":93.440444611745,"ISSUED_COMMON_SHARES":5472000000,"HK_COMMON_SHARES":5472000000,"PER_SHARES":10000,"TOTAL_MARKET_CAP":87552000,"HKSK_MARKET_CAP":87552000,"PE_TTM":-0.220451266401,"PB_TTM":1.681784129545,"REPORT_DATE_SQ":"2019-06-30 00:00:00","REPORT_TYPE_SQ":"2019年中报","OPERATE_INCOME_SQ":215896713.12,"DPS_HKD":null,"OPERATE_INCOME_QOQ_SQ":79.508811275625,"NET_PROFIT_RATIO_SQ":4.8668160946,"HOLDER_PROFIT_SQ":25498704.42,"HOLDER_PROFIT_QOQ_SQ":34.480552348729,"ROE_AVG_SQ":6.006560447917,"PE_TTM_SQ":-2.014040923157,"PB_TTM_SQ":0.334226147387,"ROA_SQ":1.383577823329,"START_DATE":"2020-01-01 00:00:00","FISCAL_YEAR":"12-31","CURRENCY":"HKD","IS_CNY_CODE":0,"DPS_HKD_LY":null,"ORG_TYPE":"一般企业","PREMIUM_INCOME":null,"PREMIUM_INCOME_YOY":null,"NET_INTEREST_INCOME":null,"NET_INTEREST_INCOME_YOY":null,"FEE_COMMISSION_INCOME":null,"FEE_COMMISSION_INCOME_YOY":null,"ACCOUNTS_RECE_TDAYS":0.617374943548,"INVENTORY_TDAYS":0.811060630521,"CURRENT_ASSETS_TDAYS":0.233203510123,"TOTAL_ASSETS_TDAYS":0.102864573269,"PREMIUM_EXPENSE":null,"LOAN_DEPOSIT":null,"LOAN_EQUITY":null,"LOAN_ASSETS":null,"DEPOSIT_EQUITY":null,"DEPOSIT_ASSETS":null,"EQUITY_MULTIPLIER":4.398012996981,"EQUITY_RATIO":3.398012996985}],"count":44},"success":true,"message":"ok","code":0}