{"version":"5f67c936e24048124df19cb8971700b4","result":{"pages":6,"data":[{"SECUCODE":"02357.HK","SECURITY_CODE":"02357","SECURITY_NAME_ABBR":"中航科工","ORG_CODE":"10047171","STD_REPORT_DATE":"2024-06-30 00:00:00","REPORT_DATE":"2024-06-30 00:00:00","DATE_TYPE_CODE":"002","REPORT_TYPE":"2024年中报","PER_NETCASH_OPERATE":-1.279985422942,"PER_OI":4.21645344084,"BPS":4.037906611839,"BASIC_EPS":0.157,"DILUTED_EPS":0.157,"OPERATE_INCOME":33617168702,"OPERATE_INCOME_YOY":-17.7513257616,"GROSS_PROFIT":8142687748,"GROSS_PROFIT_YOY":-16.448597638413,"HOLDER_PROFIT":1251336293,"HOLDER_PROFIT_YOY":-18.8918667343,"GROSS_PROFIT_RATIO":24.22181302709,"EPS_TTM":0.270353517144,"OPERATE_INCOME_QOQ":-8.563513847525,"NET_PROFIT_RATIO":10.0855173827,"ROE_AVG":3.924785394628,"GROSS_PROFIT_QOQ":-7.512693296163,"ROA":0.675219925772,"HOLDER_PROFIT_QOQ":-11.911292690921,"ROE_YEARLY":7.849570789257,"ROIC_YEARLY":2.662629926265,"TOTAL_ASSETS":185627351171,"TOTAL_LIABILITIES":95848095416,"TAX_EBT":9.095548254785,"OCF_SALES":-30.356920594544,"TOTAL_PARENT_EQUITY":32193640859,"DEBT_ASSET_RATIO":51.6346835805,"OPERATE_PROFIT":3654230172,"PRETAX_PROFIT":3729702262,"NETCASH_OPERATE":-10205137209,"NETCASH_INVEST":-2304552742,"NETCASH_FINANCE":2342484586,"END_CASH":26996011687,"DIVI_RATIO":0.324143319332,"DIVIDEND_RATE":2.41755,"CURRENT_RATIO":1.66376144579,"COMMON_ACS":null,"CURRENTDEBT_DEBT":90.472424217336,"ISSUED_COMMON_SHARES":7972854242,"HK_COMMON_SHARES":6210662836,"PER_SHARES":1000,"TOTAL_MARKET_CAP":31891416968,"HKSK_MARKET_CAP":24842651344,"PE_TTM":13.299854372651,"PB_TTM":0.904112043923,"REPORT_DATE_SQ":"2023-06-30 00:00:00","REPORT_TYPE_SQ":"2023年中报","OPERATE_INCOME_SQ":40872596444,"DPS_HKD":0.096702,"OPERATE_INCOME_QOQ_SQ":11.561366122198,"NET_PROFIT_RATIO_SQ":9.6545824815,"HOLDER_PROFIT_SQ":1542800016,"HOLDER_PROFIT_QOQ_SQ":14.698998984952,"ROE_AVG_SQ":5.07674934214,"PE_TTM_SQ":9.252808974818,"PB_TTM_SQ":0.754466490916,"ROA_SQ":0.957402273684,"START_DATE":"2024-01-01 00:00:00","FISCAL_YEAR":"12-31","CURRENCY":"HKD","IS_CNY_CODE":0,"DPS_HKD_LY":0.096702,"ORG_TYPE":"一般企业","PREMIUM_INCOME":null,"PREMIUM_INCOME_YOY":null,"NET_INTEREST_INCOME":null,"NET_INTEREST_INCOME_YOY":null,"FEE_COMMISSION_INCOME":null,"FEE_COMMISSION_INCOME_YOY":null,"ACCOUNTS_RECE_TDAYS":0.653555285433,"INVENTORY_TDAYS":0.602587042985,"CURRENT_ASSETS_TDAYS":0.232649902386,"TOTAL_ASSETS_TDAYS":0.181397936611,"PREMIUM_EXPENSE":null,"LOAN_DEPOSIT":null,"LOAN_EQUITY":null,"LOAN_ASSETS":null,"DEPOSIT_EQUITY":null,"DEPOSIT_ASSETS":null,"EQUITY_MULTIPLIER":2.067597348741,"EQUITY_RATIO":2.977236897056},{"SECUCODE":"02357.HK","SECURITY_CODE":"02357","SECURITY_NAME_ABBR":"中航科工","ORG_CODE":"10047171","STD_REPORT_DATE":"2023-12-31 00:00:00","REPORT_DATE":"2023-12-31 00:00:00","DATE_TYPE_CODE":"001","REPORT_TYPE":"2023年年报","PER_NETCASH_OPERATE":-0.512174758381,"PER_OI":10.626669955996,"BPS":3.959962587637,"BASIC_EPS":0.311,"DILUTED_EPS":0.311,"OPERATE_INCOME":84724890637,"OPERATE_INCOME_YOY":7.5722946885,"GROSS_PROFIT":21337682823,"GROSS_PROFIT_YOY":13.325313695388,"HOLDER_PROFIT":2446952909,"HOLDER_PROFIT_YOY":5.4516615694,"GROSS_PROFIT_RATIO":25.184668475313,"EPS_TTM":0.306910528492,"OPERATE_INCOME_QOQ":19.335849197523,"NET_PROFIT_RATIO":7.8944702704,"ROE_AVG":7.962003899891,"GROSS_PROFIT_QOQ":32.779957024381,"ROA":1.487400489118,"HOLDER_PROFIT_QOQ":-3.746285012542,"ROE_YEARLY":7.962003899891,"ROIC_YEARLY":2.922602223438,"TOTAL_ASSETS":185018195632,"TOTAL_LIABILITIES":96962393426,"TAX_EBT":5.380353551885,"OCF_SALES":-4.819710789,"TOTAL_PARENT_EQUITY":31572204515,"DEBT_ASSET_RATIO":52.4069500812,"OPERATE_PROFIT":6922267911,"PRETAX_PROFIT":7068913861,"NETCASH_OPERATE":-4083494695,"NETCASH_INVEST":-3613682047,"NETCASH_FINANCE":3547832060,"END_CASH":37159301638,"DIVI_RATIO":0.285533659828,"DIVIDEND_RATE":2.551503957784,"CURRENT_RATIO":1.691897861094,"COMMON_ACS":null,"CURRENTDEBT_DEBT":88.215978135152,"ISSUED_COMMON_SHARES":7972854242,"HK_COMMON_SHARES":6210662836,"PER_SHARES":1000,"TOTAL_MARKET_CAP":30217117577.18,"HKSK_MARKET_CAP":23538412148.44,"PE_TTM":12.601612018087,"PB_TTM":0.856646161617,"REPORT_DATE_SQ":"2022-12-31 00:00:00","REPORT_TYPE_SQ":"2022年年报","OPERATE_INCOME_SQ":78760884373,"DPS_HKD":0.096702,"OPERATE_INCOME_QOQ_SQ":9.324441456497,"NET_PROFIT_RATIO_SQ":7.8422163676,"HOLDER_PROFIT_SQ":2320449837,"HOLDER_PROFIT_QOQ_SQ":-4.614706114143,"ROE_AVG_SQ":8.055118952969,"PE_TTM_SQ":9.74901639618,"PB_TTM_SQ":0.79492683901,"ROA_SQ":1.595135980482,"START_DATE":"2023-01-01 00:00:00","FISCAL_YEAR":"12-31","CURRENCY":"HKD","IS_CNY_CODE":0,"DPS_HKD_LY":0.090212,"ORG_TYPE":"一般企业","PREMIUM_INCOME":null,"PREMIUM_INCOME_YOY":null,"NET_INTEREST_INCOME":null,"NET_INTEREST_INCOME_YOY":null,"FEE_COMMISSION_INCOME":null,"FEE_COMMISSION_INCOME_YOY":null,"ACCOUNTS_RECE_TDAYS":1.779817135002,"INVENTORY_TDAYS":1.707786555782,"CURRENT_ASSETS_TDAYS":0.647435803852,"TOTAL_ASSETS_TDAYS":0.515007229238,"PREMIUM_EXPENSE":null,"LOAN_DEPOSIT":null,"LOAN_EQUITY":null,"LOAN_ASSETS":null,"DEPOSIT_EQUITY":null,"DEPOSIT_ASSETS":null,"EQUITY_MULTIPLIER":2.101147124856,"EQUITY_RATIO":3.07113155117},{"SECUCODE":"02357.HK","SECURITY_CODE":"02357","SECURITY_NAME_ABBR":"中航科工","ORG_CODE":"10047171","STD_REPORT_DATE":"2023-06-30 00:00:00","REPORT_DATE":"2023-06-30 00:00:00","DATE_TYPE_CODE":"002","REPORT_TYPE":"2023年中报","PER_NETCASH_OPERATE":-1.976243257034,"PER_OI":5.300328809772,"BPS":3.873832218116,"BASIC_EPS":0.199,"DILUTED_EPS":0.199,"OPERATE_INCOME":40872596444,"OPERATE_INCOME_YOY":21.9531111695,"GROSS_PROFIT":9745722415,"GROSS_PROFIT_YOY":20.895582158816,"HOLDER_PROFIT":1542800016,"HOLDER_PROFIT_YOY":26.7695880248,"GROSS_PROFIT_RATIO":23.84414806716,"EPS_TTM":0.329669444296,"OPERATE_INCOME_QOQ":11.561366122198,"NET_PROFIT_RATIO":9.6545824815,"ROE_AVG":5.07674934214,"GROSS_PROFIT_QOQ":11.709352635013,"ROA":0.957402273684,"HOLDER_PROFIT_QOQ":14.698998984952,"ROE_YEARLY":10.153498684281,"ROIC_YEARLY":3.585672332084,"TOTAL_ASSETS":178282884866,"TOTAL_LIABILITIES":93479032141,"TAX_EBT":8.460403206834,"OCF_SALES":-37.28529545922,"TOTAL_PARENT_EQUITY":30885499633,"DEBT_ASSET_RATIO":52.432981557,"OPERATE_PROFIT":4159917541,"PRETAX_PROFIT":4310788636,"NETCASH_OPERATE":-15239468346,"NETCASH_INVEST":-2170204224,"NETCASH_FINANCE":4569188389,"END_CASH":28613459627,"DIVI_RATIO":0.265821682768,"DIVIDEND_RATE":2.551503957784,"CURRENT_RATIO":1.665754235732,"COMMON_ACS":null,"CURRENTDEBT_DEBT":89.814695690646,"ISSUED_COMMON_SHARES":7972854242,"HK_COMMON_SHARES":6210662836,"PER_SHARES":1000,"TOTAL_MARKET_CAP":30217117577.18,"HKSK_MARKET_CAP":23538412148.44,"PE_TTM":12.601612018087,"PB_TTM":0.856646161617,"REPORT_DATE_SQ":"2022-06-30 00:00:00","REPORT_TYPE_SQ":"2022年中报","OPERATE_INCOME_SQ":33515009213,"DPS_HKD":0.096702,"OPERATE_INCOME_QOQ_SQ":-3.457521339354,"NET_PROFIT_RATIO_SQ":9.958421127,"HOLDER_PROFIT_SQ":1217011146,"HOLDER_PROFIT_QOQ_SQ":-1.926571572691,"ROE_AVG_SQ":4.268409617583,"PE_TTM_SQ":9.74901639618,"PB_TTM_SQ":0.79492683901,"ROA_SQ":0.859583619369,"START_DATE":"2023-01-01 00:00:00","FISCAL_YEAR":"12-31","CURRENCY":"HKD","IS_CNY_CODE":0,"DPS_HKD_LY":0.090212,"ORG_TYPE":"一般企业","PREMIUM_INCOME":null,"PREMIUM_INCOME_YOY":null,"NET_INTEREST_INCOME":null,"NET_INTEREST_INCOME_YOY":null,"FEE_COMMISSION_INCOME":null,"FEE_COMMISSION_INCOME_YOY":null,"ACCOUNTS_RECE_TDAYS":0.880298922983,"INVENTORY_TDAYS":0.845154412443,"CURRENT_ASSETS_TDAYS":0.318249320729,"TOTAL_ASSETS_TDAYS":0.253639592695,"PREMIUM_EXPENSE":null,"LOAN_DEPOSIT":null,"LOAN_EQUITY":null,"LOAN_ASSETS":null,"DEPOSIT_EQUITY":null,"DEPOSIT_ASSETS":null,"EQUITY_MULTIPLIER":2.102296996391,"EQUITY_RATIO":3.026631696161},{"SECUCODE":"02357.HK","SECURITY_CODE":"02357","SECURITY_NAME_ABBR":"中航科工","ORG_CODE":"10047171","STD_REPORT_DATE":"2022-12-31 00:00:00","REPORT_DATE":"2022-12-31 00:00:00","DATE_TYPE_CODE":"001","REPORT_TYPE":"2022年年报","PER_NETCASH_OPERATE":1.343188563136,"PER_OI":10.213654645047,"BPS":3.527416656867,"BASIC_EPS":0.301,"DILUTED_EPS":0.301,"OPERATE_INCOME":78760884373,"OPERATE_INCOME_YOY":5.544525564,"GROSS_PROFIT":18828699544,"GROSS_PROFIT_YOY":48.277096084268,"HOLDER_PROFIT":2320449837,"HOLDER_PROFIT_YOY":-6.4523720707,"GROSS_PROFIT_RATIO":22.604709553008,"EPS_TTM":0.287421378751,"OPERATE_INCOME_QOQ":9.324441456497,"NET_PROFIT_RATIO":7.8422163676,"ROE_AVG":8.055118952969,"GROSS_PROFIT_QOQ":12.467583785226,"ROA":1.595135980482,"HOLDER_PROFIT_QOQ":-4.614706114143,"ROE_YEARLY":8.055118952969,"ROIC_YEARLY":2.786450349996,"TOTAL_ASSETS":179122036966,"TOTAL_LIABILITIES":103602752288,"TAX_EBT":5.913615826608,"OCF_SALES":16.275717198008,"TOTAL_PARENT_EQUITY":29893550583,"DEBT_ASSET_RATIO":59.6179299476,"OPERATE_PROFIT":6153886989,"PRETAX_PROFIT":6242229506,"NETCASH_OPERATE":10221461680,"NETCASH_INVEST":-2915435719,"NETCASH_FINANCE":3412187874,"END_CASH":41296794143,"DIVI_RATIO":0.30489480922,"DIVIDEND_RATE":2.551503957784,"CURRENT_RATIO":1.461754064685,"COMMON_ACS":null,"CURRENTDEBT_DEBT":92.765383043913,"ISSUED_COMMON_SHARES":7972854242,"HK_COMMON_SHARES":6210662836,"PER_SHARES":1000,"TOTAL_MARKET_CAP":30217117577.18,"HKSK_MARKET_CAP":23538412148.44,"PE_TTM":12.601612018087,"PB_TTM":0.856646161617,"REPORT_DATE_SQ":"2021-12-31 00:00:00","REPORT_TYPE_SQ":"2021年年报","OPERATE_INCOME_SQ":60296284748,"DPS_HKD":0.096702,"OPERATE_INCOME_QOQ_SQ":5.695550684726,"NET_PROFIT_RATIO_SQ":8.0185621207,"HOLDER_PROFIT_SQ":2369276265,"HOLDER_PROFIT_QOQ_SQ":1.420948303106,"ROE_AVG_SQ":9.499162343511,"PE_TTM_SQ":9.74901639618,"PB_TTM_SQ":0.79492683901,"ROA_SQ":1.895899725619,"START_DATE":"2022-01-01 00:00:00","FISCAL_YEAR":"12-31","CURRENCY":"HKD","IS_CNY_CODE":0,"DPS_HKD_LY":0.093959,"ORG_TYPE":"一般企业","PREMIUM_INCOME":null,"PREMIUM_INCOME_YOY":null,"NET_INTEREST_INCOME":null,"NET_INTEREST_INCOME_YOY":null,"FEE_COMMISSION_INCOME":null,"FEE_COMMISSION_INCOME_YOY":null,"ACCOUNTS_RECE_TDAYS":2.114742497594,"INVENTORY_TDAYS":1.481611721992,"CURRENT_ASSETS_TDAYS":0.573023594953,"TOTAL_ASSETS_TDAYS":0.458010561861,"PREMIUM_EXPENSE":null,"LOAN_DEPOSIT":null,"LOAN_EQUITY":null,"LOAN_ASSETS":null,"DEPOSIT_EQUITY":null,"DEPOSIT_ASSETS":null,"EQUITY_MULTIPLIER":2.476346553563,"EQUITY_RATIO":3.465722547756},{"SECUCODE":"02357.HK","SECURITY_CODE":"02357","SECURITY_NAME_ABBR":"中航科工","ORG_CODE":"10047171","STD_REPORT_DATE":"2022-06-30 00:00:00","REPORT_DATE":"2022-06-30 00:00:00","DATE_TYPE_CODE":"002","REPORT_TYPE":"2022年中报","PER_NETCASH_OPERATE":-1.16270310922,"PER_OI":4.346202207507,"BPS":3.404206507128,"BASIC_EPS":0.158,"DILUTED_EPS":0.158,"OPERATE_INCOME":33515009213,"OPERATE_INCOME_YOY":-7.4729468663,"GROSS_PROFIT":8061272580,"GROSS_PROFIT_YOY":33.998308675052,"HOLDER_PROFIT":1217011146,"HOLDER_PROFIT_YOY":-3.8065049848,"GROSS_PROFIT_RATIO":23.664520009054,"EPS_TTM":0.301326721386,"OPERATE_INCOME_QOQ":-3.457521339354,"NET_PROFIT_RATIO":9.958421127,"ROE_AVG":4.268409617583,"GROSS_PROFIT_QOQ":0.728317107808,"ROA":0.859583619369,"HOLDER_PROFIT_QOQ":-1.926571572691,"ROE_YEARLY":8.536819235166,"ROIC_YEARLY":2.712938374525,"TOTAL_ASSETS":134498199846,"TOTAL_LIABILITIES":78286314996,"TAX_EBT":10.710145861863,"OCF_SALES":-34.734894983346,"TOTAL_PARENT_EQUITY":27141242291,"DEBT_ASSET_RATIO":58.2062176934,"OPERATE_PROFIT":3377580579,"PRETAX_PROFIT":3527845735,"NETCASH_OPERATE":-10691405585,"NETCASH_INVEST":-2046235167,"NETCASH_FINANCE":1002399163,"END_CASH":18694356703,"DIVI_RATIO":0.290824809817,"DIVIDEND_RATE":2.551503957784,"CURRENT_RATIO":1.524447010757,"COMMON_ACS":null,"CURRENTDEBT_DEBT":89.092653594136,"ISSUED_COMMON_SHARES":7972854242,"HK_COMMON_SHARES":6210662836,"PER_SHARES":1000,"TOTAL_MARKET_CAP":30217117577.18,"HKSK_MARKET_CAP":23538412148.44,"PE_TTM":12.601612018087,"PB_TTM":0.856646161617,"REPORT_DATE_SQ":"2021-06-30 00:00:00","REPORT_TYPE_SQ":"2021年中报","OPERATE_INCOME_SQ":27897387059,"DPS_HKD":0.096702,"OPERATE_INCOME_QOQ_SQ":13.827574377234,"NET_PROFIT_RATIO_SQ":8.7578919122,"HOLDER_PROFIT_SQ":1199152587,"HOLDER_PROFIT_QOQ_SQ":17.105047522132,"ROE_AVG_SQ":5.117941757529,"PE_TTM_SQ":9.74901639618,"PB_TTM_SQ":0.79492683901,"ROA_SQ":1.008683251802,"START_DATE":"2022-01-01 00:00:00","FISCAL_YEAR":"12-31","CURRENCY":"HKD","IS_CNY_CODE":0,"DPS_HKD_LY":0.093959,"ORG_TYPE":"一般企业","PREMIUM_INCOME":null,"PREMIUM_INCOME_YOY":null,"NET_INTEREST_INCOME":null,"NET_INTEREST_INCOME_YOY":null,"FEE_COMMISSION_INCOME":null,"FEE_COMMISSION_INCOME_YOY":null,"ACCOUNTS_RECE_TDAYS":1.024762013863,"INVENTORY_TDAYS":0.572379448382,"CURRENT_ASSETS_TDAYS":0.244162156108,"TOTAL_ASSETS_TDAYS":0.192353563542,"PREMIUM_EXPENSE":null,"LOAN_DEPOSIT":null,"LOAN_EQUITY":null,"LOAN_ASSETS":null,"DEPOSIT_EQUITY":null,"DEPOSIT_ASSETS":null,"EQUITY_MULTIPLIER":2.392700408554,"EQUITY_RATIO":2.884404264058},{"SECUCODE":"02357.HK","SECURITY_CODE":"02357","SECURITY_NAME_ABBR":"中航科工","ORG_CODE":"10047171","STD_REPORT_DATE":"2021-12-31 00:00:00","REPORT_DATE":"2021-12-31 00:00:00","DATE_TYPE_CODE":"001","REPORT_TYPE":"2021年年报","PER_NETCASH_OPERATE":0.291076601236,"PER_OI":7.819178691277,"BPS":3.374865303727,"BASIC_EPS":0.307,"DILUTED_EPS":0.307,"OPERATE_INCOME":60296284748,"OPERATE_INCOME_YOY":18.3907334451,"GROSS_PROFIT":12698319593,"GROSS_PROFIT_YOY":21.693791130859,"HOLDER_PROFIT":2369276265,"HOLDER_PROFIT_YOY":22.5702850187,"GROSS_PROFIT_RATIO":21.059870680376,"EPS_TTM":0.307246036177,"OPERATE_INCOME_QOQ":5.695550684726,"NET_PROFIT_RATIO":8.0185621207,"ROE_AVG":9.499162343511,"GROSS_PROFIT_QOQ":4.439259557117,"ROA":1.895899725619,"HOLDER_PROFIT_QOQ":1.420948303106,"ROE_YEARLY":9.499162343511,"ROIC_YEARLY":3.175896904096,"TOTAL_ASSETS":133889135140,"TOTAL_LIABILITIES":79122631884,"TAX_EBT":9.031300132662,"OCF_SALES":3.722598149092,"TOTAL_PARENT_EQUITY":26907309153,"DEBT_ASSET_RATIO":59.0956329662,"OPERATE_PROFIT":5480053189,"PRETAX_PROFIT":5314899582,"NETCASH_OPERATE":2244588380,"NETCASH_INVEST":-1942430379,"NETCASH_FINANCE":423807391,"END_CASH":23538721525,"DIVI_RATIO":0.285221861705,"DIVIDEND_RATE":2.551503957784,"CURRENT_RATIO":1.510599388023,"COMMON_ACS":null,"CURRENTDEBT_DEBT":87.943428463065,"ISSUED_COMMON_SHARES":7972854242,"HK_COMMON_SHARES":6210662836,"PER_SHARES":1000,"TOTAL_MARKET_CAP":30217117577.18,"HKSK_MARKET_CAP":23538412148.44,"PE_TTM":12.601612018087,"PB_TTM":0.856646161617,"REPORT_DATE_SQ":"2020-12-31 00:00:00","REPORT_TYPE_SQ":"2020年年报","OPERATE_INCOME_SQ":50929902192,"DPS_HKD":0.096702,"OPERATE_INCOME_QOQ_SQ":13.546364498349,"NET_PROFIT_RATIO_SQ":7.7648230197,"HOLDER_PROFIT_SQ":1932994008,"HOLDER_PROFIT_QOQ_SQ":34.910533498709,"ROE_AVG_SQ":9.310976273734,"PE_TTM_SQ":9.74901639618,"PB_TTM_SQ":0.79492683901,"ROA_SQ":1.92934180948,"START_DATE":"2021-01-01 00:00:00","FISCAL_YEAR":"12-31","CURRENCY":"HKD","IS_CNY_CODE":0,"DPS_HKD_LY":0.059216,"ORG_TYPE":"一般企业","PREMIUM_INCOME":null,"PREMIUM_INCOME_YOY":null,"NET_INTEREST_INCOME":null,"NET_INTEREST_INCOME_YOY":null,"FEE_COMMISSION_INCOME":null,"FEE_COMMISSION_INCOME_YOY":null,"ACCOUNTS_RECE_TDAYS":2.138416827359,"INVENTORY_TDAYS":1.508944193844,"CURRENT_ASSETS_TDAYS":0.614516067202,"TOTAL_ASSETS_TDAYS":0.482492106971,"PREMIUM_EXPENSE":null,"LOAN_DEPOSIT":null,"LOAN_EQUITY":null,"LOAN_ASSETS":null,"DEPOSIT_EQUITY":null,"DEPOSIT_ASSETS":null,"EQUITY_MULTIPLIER":2.444726743171,"EQUITY_RATIO":2.940562782926},{"SECUCODE":"02357.HK","SECURITY_CODE":"02357","SECURITY_NAME_ABBR":"中航科工","ORG_CODE":"10047171","STD_REPORT_DATE":"2021-06-30 00:00:00","REPORT_DATE":"2021-06-30 00:00:00","DATE_TYPE_CODE":"002","REPORT_TYPE":"2021年中报","PER_NETCASH_OPERATE":-0.385157756765,"PER_OI":3.617713020722,"BPS":2.996649291309,"BASIC_EPS":0.156,"DILUTED_EPS":0.156,"OPERATE_INCOME":27897387059,"OPERATE_INCOME_YOY":33.0581603048,"GROSS_PROFIT":6015950992,"GROSS_PROFIT_YOY":39.426581172075,"HOLDER_PROFIT":1199152587,"HOLDER_PROFIT_YOY":39.7635064712,"GROSS_PROFIT_RATIO":21.548782946397,"EPS_TTM":0.302941395558,"OPERATE_INCOME_QOQ":13.827574377234,"NET_PROFIT_RATIO":8.7578919122,"ROE_AVG":5.117941757529,"GROSS_PROFIT_QOQ":16.208181158525,"ROA":1.008683251802,"HOLDER_PROFIT_QOQ":17.105047522132,"ROE_YEARLY":10.235883515057,"ROIC_YEARLY":3.258042866956,"TOTAL_ASSETS":121757273389,"TOTAL_LIABILITIES":73788943530,"TAX_EBT":12.213597012893,"OCF_SALES":-10.648118146643,"TOTAL_PARENT_EQUITY":23891848014,"DEBT_ASSET_RATIO":60.6033146737,"OPERATE_PROFIT":2850448597,"PRETAX_PROFIT":2782482807,"NETCASH_OPERATE":-2970703869,"NETCASH_INVEST":-2148748768,"NETCASH_FINANCE":-1455748920,"END_CASH":16240031787,"DIVI_RATIO":0.289274716909,"DIVIDEND_RATE":2.551503957784,"CURRENT_RATIO":1.471384251036,"COMMON_ACS":null,"CURRENTDEBT_DEBT":88.320237976444,"ISSUED_COMMON_SHARES":7972854242,"HK_COMMON_SHARES":6210662836,"PER_SHARES":1000,"TOTAL_MARKET_CAP":30217117577.18,"HKSK_MARKET_CAP":23538412148.44,"PE_TTM":12.601612018087,"PB_TTM":0.856646161617,"REPORT_DATE_SQ":"2020-06-30 00:00:00","REPORT_TYPE_SQ":"2020年中报","OPERATE_INCOME_SQ":20963012243,"DPS_HKD":0.096702,"OPERATE_INCOME_QOQ_SQ":4.793363945871,"NET_PROFIT_RATIO_SQ":7.831413675,"HOLDER_PROFIT_SQ":858127920,"HOLDER_PROFIT_QOQ_SQ":7.393511013497,"ROE_AVG_SQ":3.769009905193,"PE_TTM_SQ":9.74901639618,"PB_TTM_SQ":0.79492683901,"ROA_SQ":0.807221974584,"START_DATE":"2021-01-01 00:00:00","FISCAL_YEAR":"12-31","CURRENCY":"HKD","IS_CNY_CODE":0,"DPS_HKD_LY":0.059216,"ORG_TYPE":"一般企业","PREMIUM_INCOME":null,"PREMIUM_INCOME_YOY":null,"NET_INTEREST_INCOME":null,"NET_INTEREST_INCOME_YOY":null,"FEE_COMMISSION_INCOME":null,"FEE_COMMISSION_INCOME_YOY":null,"ACCOUNTS_RECE_TDAYS":1.091696095298,"INVENTORY_TDAYS":0.682699015397,"CURRENT_ASSETS_TDAYS":0.298291207389,"TOTAL_ASSETS_TDAYS":0.23458713538,"PREMIUM_EXPENSE":null,"LOAN_DEPOSIT":null,"LOAN_EQUITY":null,"LOAN_ASSETS":null,"DEPOSIT_EQUITY":null,"DEPOSIT_ASSETS":null,"EQUITY_MULTIPLIER":2.538284608762,"EQUITY_RATIO":3.088456928353},{"SECUCODE":"02357.HK","SECURITY_CODE":"02357","SECURITY_NAME_ABBR":"中航科工","ORG_CODE":"10047171","STD_REPORT_DATE":"2020-12-31 00:00:00","REPORT_DATE":"2020-12-31 00:00:00","DATE_TYPE_CODE":"001","REPORT_TYPE":"2020年年报","PER_NETCASH_OPERATE":0.060286340338,"PER_OI":6.60455296098,"BPS":2.828984365622,"BASIC_EPS":0.25,"DILUTED_EPS":0.25,"OPERATE_INCOME":50929902192,"OPERATE_INCOME_YOY":14.3398074821,"GROSS_PROFIT":10434648699,"GROSS_PROFIT_YOY":8.328625601382,"HOLDER_PROFIT":1932994008,"HOLDER_PROFIT_YOY":48.077602563,"GROSS_PROFIT_RATIO":20.87658216798,"EPS_TTM":0.258692005142,"OPERATE_INCOME_QOQ":13.546364498349,"NET_PROFIT_RATIO":7.7648230197,"ROE_AVG":9.310976273734,"GROSS_PROFIT_QOQ":14.054967031946,"ROA":1.92934180948,"HOLDER_PROFIT_QOQ":34.910533498709,"ROE_YEARLY":9.310976273734,"ROIC_YEARLY":3.201158493106,"TOTAL_ASSETS":115648588493,"TOTAL_LIABILITIES":69498584911,"TAX_EBT":11.016224262095,"OCF_SALES":0.927602627045,"TOTAL_PARENT_EQUITY":22976589644,"DEBT_ASSET_RATIO":60.6118852465,"OPERATE_PROFIT":4482451595,"PRETAX_PROFIT":4268488366,"NETCASH_OPERATE":860784122,"NETCASH_INVEST":2327579270,"NETCASH_FINANCE":1189924054,"END_CASH":22836476891,"DIVI_RATIO":0.338755294706,"DIVIDEND_RATE":2.551503957784,"CURRENT_RATIO":1.472252986734,"COMMON_ACS":null,"CURRENTDEBT_DEBT":86.886189068927,"ISSUED_COMMON_SHARES":7972854242,"HK_COMMON_SHARES":6210662836,"PER_SHARES":1000,"TOTAL_MARKET_CAP":30217117577.18,"HKSK_MARKET_CAP":23538412148.44,"PE_TTM":12.601612018087,"PB_TTM":0.856646161617,"REPORT_DATE_SQ":"2019-12-31 00:00:00","REPORT_TYPE_SQ":"2019年年报","OPERATE_INCOME_SQ":43831760000,"DPS_HKD":0.096702,"OPERATE_INCOME_QOQ_SQ":8.94451192402,"NET_PROFIT_RATIO_SQ":6.9707144445,"HOLDER_PROFIT_SQ":1347172000,"HOLDER_PROFIT_QOQ_SQ":3.400947753404,"ROE_AVG_SQ":7.54731833056,"PE_TTM_SQ":9.74901639618,"PB_TTM_SQ":0.79492683901,"ROA_SQ":1.551698999317,"START_DATE":"2020-01-01 00:00:00","FISCAL_YEAR":"12-31","CURRENCY":"HKD","IS_CNY_CODE":0,"DPS_HKD_LY":0.032779,"ORG_TYPE":"一般企业","PREMIUM_INCOME":null,"PREMIUM_INCOME_YOY":null,"NET_INTEREST_INCOME":null,"NET_INTEREST_INCOME_YOY":null,"FEE_COMMISSION_INCOME":null,"FEE_COMMISSION_INCOME_YOY":null,"ACCOUNTS_RECE_TDAYS":2.177944937443,"INVENTORY_TDAYS":1.406566859746,"CURRENT_ASSETS_TDAYS":0.622509181213,"TOTAL_ASSETS_TDAYS":0.484711272305,"PREMIUM_EXPENSE":null,"LOAN_DEPOSIT":null,"LOAN_EQUITY":null,"LOAN_ASSETS":null,"DEPOSIT_EQUITY":null,"DEPOSIT_ASSETS":null,"EQUITY_MULTIPLIER":2.538836921387,"EQUITY_RATIO":3.024756327541},{"SECUCODE":"02357.HK","SECURITY_CODE":"02357","SECURITY_NAME_ABBR":"中航科工","ORG_CODE":"10047171","STD_REPORT_DATE":"2020-06-30 00:00:00","REPORT_DATE":"2020-06-30 00:00:00","DATE_TYPE_CODE":"002","REPORT_TYPE":"2020年中报","PER_NETCASH_OPERATE":-0.57853787111,"PER_OI":3.373967944561,"BPS":2.379905166213,"BASIC_EPS":0.11,"DILUTED_EPS":0.11,"OPERATE_INCOME":20963012243,"OPERATE_INCOME_YOY":11.1059921726,"GROSS_PROFIT":4314780540,"GROSS_PROFIT_YOY":10.675071217837,"HOLDER_PROFIT":858127920,"HOLDER_PROFIT_YOY":15.9499993733,"GROSS_PROFIT_RATIO":20.08688653927,"EPS_TTM":0.237987324496,"OPERATE_INCOME_QOQ":4.793363945871,"NET_PROFIT_RATIO":7.831413675,"ROE_AVG":3.769009905193,"GROSS_PROFIT_QOQ":1.757834035389,"ROA":0.807221974584,"HOLDER_PROFIT_QOQ":7.393511013497,"ROE_YEARLY":7.538019810386,"ROIC_YEARLY":2.569751692877,"TOTAL_ASSETS":92608267000,"TOTAL_LIABILITIES":53082252000,"TAX_EBT":11.489320409149,"OCF_SALES":-17.796912059623,"TOTAL_PARENT_EQUITY":18974637000,"DEBT_ASSET_RATIO":57.3191289715,"OPERATE_PROFIT":1809164034,"PRETAX_PROFIT":1830809417,"NETCASH_OPERATE":-5599477755,"NETCASH_INVEST":-299860399,"NETCASH_FINANCE":1386019609,"END_CASH":14507725220,"DIVI_RATIO":0.368226697054,"DIVIDEND_RATE":2.551503957784,"CURRENT_RATIO":1.611656562475,"COMMON_ACS":null,"CURRENTDEBT_DEBT":84.117763127307,"ISSUED_COMMON_SHARES":7972854242,"HK_COMMON_SHARES":6210662836,"PER_SHARES":1000,"TOTAL_MARKET_CAP":30217117577.18,"HKSK_MARKET_CAP":23538412148.44,"PE_TTM":12.601612018087,"PB_TTM":0.856646161617,"REPORT_DATE_SQ":"2019-06-30 00:00:00","REPORT_TYPE_SQ":"2019年中报","OPERATE_INCOME_SQ":18178682000,"DPS_HKD":0.096702,"OPERATE_INCOME_QOQ_SQ":9.978638114515,"NET_PROFIT_RATIO_SQ":7.2688628124,"HOLDER_PROFIT_SQ":638232000,"HOLDER_PROFIT_QOQ_SQ":3.387419619828,"ROE_AVG_SQ":3.631469926292,"PE_TTM_SQ":9.74901639618,"PB_TTM_SQ":0.79492683901,"ROA_SQ":0.740651163578,"START_DATE":"2020-01-01 00:00:00","FISCAL_YEAR":"12-31","CURRENCY":"HKD","IS_CNY_CODE":0,"DPS_HKD_LY":0.032779,"ORG_TYPE":"一般企业","PREMIUM_INCOME":null,"PREMIUM_INCOME_YOY":null,"NET_INTEREST_INCOME":null,"NET_INTEREST_INCOME_YOY":null,"FEE_COMMISSION_INCOME":null,"FEE_COMMISSION_INCOME_YOY":null,"ACCOUNTS_RECE_TDAYS":0.89172362841,"INVENTORY_TDAYS":0.630166208246,"CURRENT_ASSETS_TDAYS":0.284770102474,"TOTAL_ASSETS_TDAYS":0.220314724943,"PREMIUM_EXPENSE":null,"LOAN_DEPOSIT":null,"LOAN_EQUITY":null,"LOAN_ASSETS":null,"DEPOSIT_EQUITY":null,"DEPOSIT_ASSETS":null,"EQUITY_MULTIPLIER":2.342969990777,"EQUITY_RATIO":2.797537154466}],"count":47},"success":true,"message":"ok","code":0}