{"version":"b65cfc33d54f0d4041de6b17698f0a83","result":{"pages":1,"data":[{"SECUCODE":"02367.HK","SECURITY_CODE":"02367","SECURITY_NAME_ABBR":"巨子生物","ORG_CODE":"10000342174","STD_REPORT_DATE":"2024-06-30 00:00:00","REPORT_DATE":"2024-06-30 00:00:00","DATE_TYPE_CODE":"002","REPORT_TYPE":"2024年中报","PER_NETCASH_OPERATE":0.897465522943,"PER_OI":2.470708603217,"BPS":5.763209718275,"BASIC_EPS":0.99,"DILUTED_EPS":0.97,"OPERATE_INCOME":2540432000,"OPERATE_INCOME_YOY":58.2135619525,"GROSS_PROFIT":2093240000,"GROSS_PROFIT_YOY":54.94050315471,"HOLDER_PROFIT":983164000,"HOLDER_PROFIT_YOY":47.4141601943,"GROSS_PROFIT_RATIO":82.397009642455,"EPS_TTM":1.719454007897,"OPERATE_INCOME_QOQ":26.52372505883,"NET_PROFIT_RATIO":38.5977660492,"ROE_AVG":19.030935306388,"GROSS_PROFIT_QOQ":25.185256063766,"ROA":15.417683265564,"HOLDER_PROFIT_QOQ":21.78221777396,"ROE_YEARLY":38.061870612775,"ROIC_YEARLY":69.338125305464,"TOTAL_ASSETS":7780641000,"TOTAL_LIABILITIES":1805793000,"TAX_EBT":15.117859399752,"OCF_SALES":36.32421572394,"TOTAL_PARENT_EQUITY":5970132000,"DEBT_ASSET_RATIO":23.208794751,"OPERATE_PROFIT":1155244000,"PRETAX_PROFIT":1155190000,"NETCASH_OPERATE":922792000,"NETCASH_INVEST":-343498000,"NETCASH_FINANCE":1484309000,"END_CASH":4564386000,"DIVI_RATIO":0.258249303535,"DIVIDEND_RATE":0.821458507963,"CURRENT_RATIO":3.809541439709,"COMMON_ACS":5000000000,"CURRENTDEBT_DEBT":97.223048267437,"ISSUED_COMMON_SHARES":1035904000,"HK_COMMON_SHARES":1035904000,"PER_SHARES":200,"TOTAL_MARKET_CAP":61791673600,"HKSK_MARKET_CAP":61791673600,"PE_TTM":31.593469021193,"PB_TTM":9.446361430744,"REPORT_DATE_SQ":"2023-06-30 00:00:00","REPORT_TYPE_SQ":"2023年中报","OPERATE_INCOME_SQ":1605698000,"DPS_HKD":0.49,"OPERATE_INCOME_QOQ_SQ":26.25592898122,"NET_PROFIT_RATIO_SQ":41.4787214034,"HOLDER_PROFIT_SQ":666940000,"HOLDER_PROFIT_QOQ_SQ":22.923280357277,"ROE_AVG_SQ":21.024807248694,"PE_TTM_SQ":26.108720065574,"PB_TTM_SQ":9.145368647929,"ROA_SQ":19.011311465223,"START_DATE":"2024-01-01 00:00:00","FISCAL_YEAR":"12-31","CURRENCY":"HKD","IS_CNY_CODE":0,"DPS_HKD_LY":0.49,"ORG_TYPE":"一般企业","PREMIUM_INCOME":null,"PREMIUM_INCOME_YOY":null,"NET_INTEREST_INCOME":null,"NET_INTEREST_INCOME_YOY":null,"FEE_COMMISSION_INCOME":null,"FEE_COMMISSION_INCOME_YOY":null,"ACCOUNTS_RECE_TDAYS":17.052912095104,"INVENTORY_TDAYS":1.674312029653,"CURRENT_ASSETS_TDAYS":0.469438079312,"TOTAL_ASSETS_TDAYS":0.398382934421,"PREMIUM_EXPENSE":null,"LOAN_DEPOSIT":null,"LOAN_EQUITY":null,"LOAN_ASSETS":null,"DEPOSIT_EQUITY":null,"DEPOSIT_ASSETS":null,"EQUITY_MULTIPLIER":1.302232458466,"EQUITY_RATIO":0.302471201642},{"SECUCODE":"02367.HK","SECURITY_CODE":"02367","SECURITY_NAME_ABBR":"巨子生物","ORG_CODE":"10000342174","STD_REPORT_DATE":"2023-12-31 00:00:00","REPORT_DATE":"2023-12-31 00:00:00","DATE_TYPE_CODE":"001","REPORT_TYPE":"2023年年报","PER_NETCASH_OPERATE":1.655709547739,"PER_OI":3.541852261307,"BPS":4.210950049425,"BASIC_EPS":1.49,"DILUTED_EPS":1.48,"OPERATE_INCOME":3524143000,"OPERATE_INCOME_YOY":49.0473662953,"GROSS_PROFIT":2947137000,"GROSS_PROFIT_YOY":47.708395982438,"HOLDER_PROFIT":1451753000,"HOLDER_PROFIT_YOY":44.8819141239,"GROSS_PROFIT_RATIO":83.627054861281,"EPS_TTM":1.459048241206,"OPERATE_INCOME_QOQ":18.051775863478,"NET_PROFIT_RATIO":41.0937354131,"ROE_AVG":40.351063953976,"GROSS_PROFIT_QOQ":17.510293136075,"ROA":35.795802474646,"HOLDER_PROFIT_QOQ":17.863690020963,"ROE_YEARLY":40.351063953976,"ROIC_YEARLY":68.095364740394,"TOTAL_ASSETS":4973078000,"TOTAL_LIABILITIES":602028000,"TAX_EBT":17.012713964732,"OCF_SALES":46.746996361952,"TOTAL_PARENT_EQUITY":4362140000,"DEBT_ASSET_RATIO":12.1057421581,"OPERATE_PROFIT":1745201000,"PRETAX_PROFIT":1745089000,"NETCASH_OPERATE":1647431000,"NETCASH_INVEST":-527282000,"NETCASH_FINANCE":51808000,"END_CASH":2503999000,"DIVI_RATIO":0.304340725316,"DIVIDEND_RATE":0.895795246801,"CURRENT_RATIO":7.793037096786,"COMMON_ACS":5000000000,"CURRENTDEBT_DEBT":88.137428823909,"ISSUED_COMMON_SHARES":1035904000,"HK_COMMON_SHARES":1035904000,"PER_SHARES":200,"TOTAL_MARKET_CAP":56663948800,"HKSK_MARKET_CAP":56663948800,"PE_TTM":28.97171425749,"PB_TTM":8.662463876977,"REPORT_DATE_SQ":"2022-12-31 00:00:00","REPORT_TYPE_SQ":"2022年年报","OPERATE_INCOME_SQ":2364445000,"DPS_HKD":0.49,"OPERATE_INCOME_QOQ_SQ":52.300568249891,"NET_PROFIT_RATIO_SQ":42.3603001973,"HOLDER_PROFIT_SQ":1002025000,"HOLDER_PROFIT_QOQ_SQ":20.998222505591,"ROE_AVG_SQ":52.049420782836,"PE_TTM_SQ":24.728687719251,"PB_TTM_SQ":8.661970590824,"ROA_SQ":18.191459976201,"START_DATE":"2023-01-01 00:00:00","FISCAL_YEAR":"12-31","CURRENCY":"HKD","IS_CNY_CODE":0,"DPS_HKD_LY":null,"ORG_TYPE":"一般企业","PREMIUM_INCOME":null,"PREMIUM_INCOME_YOY":null,"NET_INTEREST_INCOME":null,"NET_INTEREST_INCOME_YOY":null,"FEE_COMMISSION_INCOME":null,"FEE_COMMISSION_INCOME_YOY":null,"ACCOUNTS_RECE_TDAYS":41.11010271276,"INVENTORY_TDAYS":3.00262011006,"CURRENT_ASSETS_TDAYS":1.056268914434,"TOTAL_ASSETS_TDAYS":0.868946209999,"PREMIUM_EXPENSE":null,"LOAN_DEPOSIT":null,"LOAN_EQUITY":null,"LOAN_ASSETS":null,"DEPOSIT_EQUITY":null,"DEPOSIT_ASSETS":null,"EQUITY_MULTIPLIER":1.137730751193,"EQUITY_RATIO":0.138012076641},{"SECUCODE":"02367.HK","SECURITY_CODE":"02367","SECURITY_NAME_ABBR":"巨子生物","ORG_CODE":"10000342174","STD_REPORT_DATE":"2023-06-30 00:00:00","REPORT_DATE":"2023-06-30 00:00:00","DATE_TYPE_CODE":"002","REPORT_TYPE":"2023年中报","PER_NETCASH_OPERATE":0.696376884422,"PER_OI":1.613766834171,"BPS":3.389158647906,"BASIC_EPS":0.67,"DILUTED_EPS":0.66,"OPERATE_INCOME":1605698000,"OPERATE_INCOME_YOY":63.0330666033,"GROSS_PROFIT":1350996000,"GROSS_PROFIT_YOY":61.167856043634,"HOLDER_PROFIT":666940000,"HOLDER_PROFIT_YOY":52.5330308318,"GROSS_PROFIT_RATIO":84.13761491887,"EPS_TTM":1.237911557789,"OPERATE_INCOME_QOQ":26.25592898122,"NET_PROFIT_RATIO":41.4787214034,"ROE_AVG":21.024807248694,"GROSS_PROFIT_QOQ":25.698261863235,"ROA":19.011311465223,"HOLDER_PROFIT_QOQ":22.923280357277,"ROE_YEARLY":42.049614497389,"ROIC_YEARLY":64.789528021199,"TOTAL_ASSETS":3878019000,"TOTAL_LIABILITIES":360532000,"TAX_EBT":14.126147685032,"OCF_SALES":43.152261508702,"TOTAL_PARENT_EQUITY":3510843000,"DEBT_ASSET_RATIO":9.2968084994,"OPERATE_PROFIT":775640000,"PRETAX_PROFIT":775583000,"NETCASH_OPERATE":692895000,"NETCASH_INVEST":-472404000,"NETCASH_FINANCE":-8975000,"END_CASH":1557509000,"DIVI_RATIO":0.358707209094,"DIVIDEND_RATE":0.895795246801,"CURRENT_RATIO":9.323419720555,"COMMON_ACS":5000000000,"CURRENTDEBT_DEBT":93.261624488256,"ISSUED_COMMON_SHARES":1035904000,"HK_COMMON_SHARES":1035904000,"PER_SHARES":200,"TOTAL_MARKET_CAP":56663948800,"HKSK_MARKET_CAP":56663948800,"PE_TTM":28.97171425749,"PB_TTM":8.662463876977,"REPORT_DATE_SQ":"2022-06-30 00:00:00","REPORT_TYPE_SQ":"2022年中报","OPERATE_INCOME_SQ":984891000,"DPS_HKD":0.49,"OPERATE_INCOME_QOQ_SQ":0,"NET_PROFIT_RATIO_SQ":44.3950650377,"HOLDER_PROFIT_SQ":437243000,"HOLDER_PROFIT_QOQ_SQ":0,"ROE_AVG_SQ":null,"PE_TTM_SQ":24.728687719251,"PB_TTM_SQ":8.661970590824,"ROA_SQ":null,"START_DATE":"2023-01-01 00:00:00","FISCAL_YEAR":"12-31","CURRENCY":"HKD","IS_CNY_CODE":0,"DPS_HKD_LY":null,"ORG_TYPE":"一般企业","PREMIUM_INCOME":null,"PREMIUM_INCOME_YOY":null,"NET_INTEREST_INCOME":null,"NET_INTEREST_INCOME_YOY":null,"FEE_COMMISSION_INCOME":null,"FEE_COMMISSION_INCOME_YOY":null,"ACCOUNTS_RECE_TDAYS":20.016430022813,"INVENTORY_TDAYS":1.375332760957,"CURRENT_ASSETS_TDAYS":0.566121880478,"TOTAL_ASSETS_TDAYS":0.457708711385,"PREMIUM_EXPENSE":null,"LOAN_DEPOSIT":null,"LOAN_EQUITY":null,"LOAN_ASSETS":null,"DEPOSIT_EQUITY":null,"DEPOSIT_ASSETS":null,"EQUITY_MULTIPLIER":1.102497038369,"EQUITY_RATIO":0.10269100612},{"SECUCODE":"02367.HK","SECURITY_CODE":"02367","SECURITY_NAME_ABBR":"巨子生物","ORG_CODE":"10000342174","STD_REPORT_DATE":"2022-12-31 00:00:00","REPORT_DATE":"2022-12-31 00:00:00","DATE_TYPE_CODE":"001","REPORT_TYPE":"2022年年报","PER_NETCASH_OPERATE":0.936318592965,"PER_OI":2.376326633166,"BPS":2.735265043865,"BASIC_EPS":0.99,"DILUTED_EPS":0.98,"OPERATE_INCOME":2364445000,"OPERATE_INCOME_YOY":52.3005682499,"GROSS_PROFIT":1995240000,"GROSS_PROFIT_YOY":47.322269125041,"HOLDER_PROFIT":1002025000,"HOLDER_PROFIT_YOY":20.9982225056,"GROSS_PROFIT_RATIO":84.385130548607,"EPS_TTM":1.007060301508,"OPERATE_INCOME_QOQ":52.300568249891,"NET_PROFIT_RATIO":42.3603001973,"ROE_AVG":52.049420782836,"GROSS_PROFIT_QOQ":47.322269125041,"ROA":18.191459976201,"HOLDER_PROFIT_QOQ":20.998222505591,"ROE_YEARLY":52.049420782836,"ROIC_YEARLY":77.708855757893,"TOTAL_ASSETS":3138225000,"TOTAL_LIABILITIES":301192000,"TAX_EBT":14.957601322523,"OCF_SALES":39.401931531501,"TOTAL_PARENT_EQUITY":2833472000,"DEBT_ASSET_RATIO":9.5975272646,"OPERATE_PROFIT":1177770000,"PRETAX_PROFIT":1177749000,"NETCASH_OPERATE":931637000,"NETCASH_INVEST":-858737000,"NETCASH_FINANCE":-5789766000,"END_CASH":1330951000,"DIVI_RATIO":0.440934668297,"DIVIDEND_RATE":0.895795246801,"CURRENT_RATIO":9.034139655756,"COMMON_ACS":5000000000,"CURRENTDEBT_DEBT":93.264429334113,"ISSUED_COMMON_SHARES":1035904000,"HK_COMMON_SHARES":1035904000,"PER_SHARES":200,"TOTAL_MARKET_CAP":56663948800,"HKSK_MARKET_CAP":56663948800,"PE_TTM":28.97171425749,"PB_TTM":8.662463876977,"REPORT_DATE_SQ":"2021-12-31 00:00:00","REPORT_TYPE_SQ":"2021年年报","OPERATE_INCOME_SQ":1552486000,"DPS_HKD":0.49,"OPERATE_INCOME_QOQ_SQ":30.408516235902,"NET_PROFIT_RATIO_SQ":53.3423167745,"HOLDER_PROFIT_SQ":828132000,"HOLDER_PROFIT_QOQ_SQ":0.203521084155,"ROE_AVG_SQ":112.303246375475,"PE_TTM_SQ":24.728687719251,"PB_TTM_SQ":8.661970590824,"ROA_SQ":15.73002462838,"START_DATE":"2022-01-01 00:00:00","FISCAL_YEAR":"12-31","CURRENCY":"HKD","IS_CNY_CODE":0,"DPS_HKD_LY":null,"ORG_TYPE":"一般企业","PREMIUM_INCOME":null,"PREMIUM_INCOME_YOY":null,"NET_INTEREST_INCOME":null,"NET_INTEREST_INCOME_YOY":null,"FEE_COMMISSION_INCOME":null,"FEE_COMMISSION_INCOME_YOY":null,"ACCOUNTS_RECE_TDAYS":35.013512613006,"INVENTORY_TDAYS":2.701938241203,"CURRENT_ASSETS_TDAYS":0.473881449921,"TOTAL_ASSETS_TDAYS":0.429257818751,"PREMIUM_EXPENSE":null,"LOAN_DEPOSIT":null,"LOAN_EQUITY":null,"LOAN_ASSETS":null,"DEPOSIT_EQUITY":null,"DEPOSIT_ASSETS":null,"EQUITY_MULTIPLIER":1.106164433054,"EQUITY_RATIO":0.106297856481},{"SECUCODE":"02367.HK","SECURITY_CODE":"02367","SECURITY_NAME_ABBR":"巨子生物","ORG_CODE":"10000342174","STD_REPORT_DATE":"2022-06-30 00:00:00","REPORT_DATE":"2022-06-30 00:00:00","DATE_TYPE_CODE":"002","REPORT_TYPE":"2022年中报","PER_NETCASH_OPERATE":null,"PER_OI":null,"BPS":null,"BASIC_EPS":0.45,"DILUTED_EPS":0.41,"OPERATE_INCOME":984891000,"OPERATE_INCOME_YOY":null,"GROSS_PROFIT":838254000,"GROSS_PROFIT_YOY":null,"HOLDER_PROFIT":437243000,"HOLDER_PROFIT_YOY":null,"GROSS_PROFIT_RATIO":85.111347347067,"EPS_TTM":0.824987686313,"OPERATE_INCOME_QOQ":0,"NET_PROFIT_RATIO":44.3950650377,"ROE_AVG":null,"GROSS_PROFIT_QOQ":0,"ROA":null,"HOLDER_PROFIT_QOQ":0,"ROE_YEARLY":null,"ROIC_YEARLY":null,"TOTAL_ASSETS":null,"TOTAL_LIABILITIES":null,"TAX_EBT":14.782895108684,"OCF_SALES":31.618524283398,"TOTAL_PARENT_EQUITY":null,"DEBT_ASSET_RATIO":null,"OPERATE_PROFIT":513093000,"PRETAX_PROFIT":513093000,"NETCASH_OPERATE":311408000,"NETCASH_INVEST":-175761000,"NETCASH_FINANCE":-6361382000,"END_CASH":834692000,"DIVI_RATIO":0.538247791291,"DIVIDEND_RATE":0.895795246801,"CURRENT_RATIO":null,"COMMON_ACS":5000000000,"CURRENTDEBT_DEBT":null,"ISSUED_COMMON_SHARES":1035904000,"HK_COMMON_SHARES":1035904000,"PER_SHARES":200,"TOTAL_MARKET_CAP":56663948800,"HKSK_MARKET_CAP":56663948800,"PE_TTM":28.97171425749,"PB_TTM":8.662463876977,"REPORT_DATE_SQ":"2021-06-30 00:00:00","REPORT_TYPE_SQ":"2021年中报","OPERATE_INCOME_SQ":null,"DPS_HKD":0.49,"OPERATE_INCOME_QOQ_SQ":0,"NET_PROFIT_RATIO_SQ":null,"HOLDER_PROFIT_SQ":null,"HOLDER_PROFIT_QOQ_SQ":0,"ROE_AVG_SQ":null,"PE_TTM_SQ":24.728687719251,"PB_TTM_SQ":8.661970590824,"ROA_SQ":null,"START_DATE":"2022-01-01 00:00:00","FISCAL_YEAR":"12-31","CURRENCY":"HKD","IS_CNY_CODE":0,"DPS_HKD_LY":null,"ORG_TYPE":"一般企业","PREMIUM_INCOME":null,"PREMIUM_INCOME_YOY":null,"NET_INTEREST_INCOME":null,"NET_INTEREST_INCOME_YOY":null,"FEE_COMMISSION_INCOME":null,"FEE_COMMISSION_INCOME_YOY":null,"ACCOUNTS_RECE_TDAYS":null,"INVENTORY_TDAYS":null,"CURRENT_ASSETS_TDAYS":0.264708609572,"TOTAL_ASSETS_TDAYS":0.250029194456,"PREMIUM_EXPENSE":null,"LOAN_DEPOSIT":null,"LOAN_EQUITY":null,"LOAN_ASSETS":null,"DEPOSIT_EQUITY":null,"DEPOSIT_ASSETS":null,"EQUITY_MULTIPLIER":null,"EQUITY_RATIO":null},{"SECUCODE":"02367.HK","SECURITY_CODE":"02367","SECURITY_NAME_ABBR":"巨子生物","ORG_CODE":"10000342174","STD_REPORT_DATE":"2021-12-31 00:00:00","REPORT_DATE":"2021-12-31 00:00:00","DATE_TYPE_CODE":"001","REPORT_TYPE":"2021年年报","PER_NETCASH_OPERATE":0.689772039953,"PER_OI":1.546591404719,"BPS":0.981546552576,"BASIC_EPS":0.83,"DILUTED_EPS":0.83,"OPERATE_INCOME":1552486000,"OPERATE_INCOME_YOY":30.4085162359,"GROSS_PROFIT":1354337000,"GROSS_PROFIT_YOY":34.48303939452,"HOLDER_PROFIT":828132000,"HOLDER_PROFIT_YOY":0.2035210842,"GROSS_PROFIT_RATIO":87.236664291981,"EPS_TTM":0.824987686313,"OPERATE_INCOME_QOQ":30.408516235902,"NET_PROFIT_RATIO":53.3423167745,"ROE_AVG":112.303246375475,"GROSS_PROFIT_QOQ":34.48303939452,"ROA":15.73002462838,"HOLDER_PROFIT_QOQ":0.203521084155,"ROE_YEARLY":112.303246375475,"ROIC_YEARLY":54.152625248037,"TOTAL_ASSETS":7878208000,"TOTAL_LIABILITIES":6861397000,"TAX_EBT":14.881536657289,"OCF_SALES":44.599500414174,"TOTAL_PARENT_EQUITY":1016811000,"DEBT_ASSET_RATIO":87.0933719953,"OPERATE_PROFIT":972917000,"PRETAX_PROFIT":972917000,"NETCASH_OPERATE":692401000,"NETCASH_INVEST":1563266000,"NETCASH_FINANCE":4475544000,"END_CASH":7103000000,"DIVI_RATIO":0.538247791291,"DIVIDEND_RATE":0.895795246801,"CURRENT_RATIO":1.087428953381,"COMMON_ACS":5000000000,"CURRENTDEBT_DEBT":99.732488879451,"ISSUED_COMMON_SHARES":1035904000,"HK_COMMON_SHARES":1035904000,"PER_SHARES":200,"TOTAL_MARKET_CAP":56663948800,"HKSK_MARKET_CAP":56663948800,"PE_TTM":28.97171425749,"PB_TTM":8.662463876977,"REPORT_DATE_SQ":"2020-12-31 00:00:00","REPORT_TYPE_SQ":"2020年年报","OPERATE_INCOME_SQ":1190479000,"DPS_HKD":0.49,"OPERATE_INCOME_QOQ_SQ":24.4357177052,"NET_PROFIT_RATIO_SQ":69.424576158,"HOLDER_PROFIT_SQ":826450000,"HOLDER_PROFIT_QOQ_SQ":49.648716184406,"ROE_AVG_SQ":102.939463822966,"PE_TTM_SQ":24.728687719251,"PB_TTM_SQ":8.661970590824,"ROA_SQ":37.160145637016,"START_DATE":"2021-01-01 00:00:00","FISCAL_YEAR":"12-31","CURRENCY":"HKD","IS_CNY_CODE":0,"DPS_HKD_LY":null,"ORG_TYPE":"一般企业","PREMIUM_INCOME":null,"PREMIUM_INCOME_YOY":null,"NET_INTEREST_INCOME":null,"NET_INTEREST_INCOME_YOY":null,"FEE_COMMISSION_INCOME":null,"FEE_COMMISSION_INCOME_YOY":null,"ACCOUNTS_RECE_TDAYS":25.839882824853,"INVENTORY_TDAYS":2.57252839987,"CURRENT_ASSETS_TDAYS":0.319263538233,"TOTAL_ASSETS_TDAYS":0.294888290939,"PREMIUM_EXPENSE":null,"LOAN_DEPOSIT":null,"LOAN_EQUITY":null,"LOAN_ASSETS":null,"DEPOSIT_EQUITY":null,"DEPOSIT_ASSETS":null,"EQUITY_MULTIPLIER":7.747957093331,"EQUITY_RATIO":6.747957093304},{"SECUCODE":"02367.HK","SECURITY_CODE":"02367","SECURITY_NAME_ABBR":"巨子生物","ORG_CODE":"10000342174","STD_REPORT_DATE":"2020-12-31 00:00:00","REPORT_DATE":"2020-12-31 00:00:00","DATE_TYPE_CODE":"001","REPORT_TYPE":"2020年年报","PER_NETCASH_OPERATE":null,"PER_OI":null,"BPS":0.442128807303,"BASIC_EPS":0.83,"DILUTED_EPS":0.83,"OPERATE_INCOME":1190479000,"OPERATE_INCOME_YOY":24.4357177052,"GROSS_PROFIT":1007069000,"GROSS_PROFIT_YOY":26.403141913264,"HOLDER_PROFIT":826450000,"HOLDER_PROFIT_YOY":49.6487161844,"GROSS_PROFIT_RATIO":84.593596359113,"EPS_TTM":null,"OPERATE_INCOME_QOQ":24.4357177052,"NET_PROFIT_RATIO":69.424576158,"ROE_AVG":102.939463822966,"GROSS_PROFIT_QOQ":26.403141913264,"ROA":37.160145637016,"HOLDER_PROFIT_QOQ":49.648716184406,"ROE_YEARLY":102.939463822966,"ROIC_YEARLY":41.27950739305,"TOTAL_ASSETS":2651108000,"TOTAL_LIABILITIES":2193105000,"TAX_EBT":15.079188937592,"OCF_SALES":70.066250643649,"TOTAL_PARENT_EQUITY":458003000,"DEBT_ASSET_RATIO":82.7240912102,"OPERATE_PROFIT":973242000,"PRETAX_PROFIT":973242000,"NETCASH_OPERATE":834124000,"NETCASH_INVEST":-521119000,"NETCASH_FINANCE":-17523000,"END_CASH":367805000,"DIVI_RATIO":null,"DIVIDEND_RATE":0.895795246801,"CURRENT_RATIO":1.05069621738,"COMMON_ACS":5000000000,"CURRENTDEBT_DEBT":99.123844959544,"ISSUED_COMMON_SHARES":1035904000,"HK_COMMON_SHARES":1035904000,"PER_SHARES":200,"TOTAL_MARKET_CAP":56663948800,"HKSK_MARKET_CAP":56663948800,"PE_TTM":28.97171425749,"PB_TTM":8.662463876977,"REPORT_DATE_SQ":"2019-12-31 00:00:00","REPORT_TYPE_SQ":"2019年年报","OPERATE_INCOME_SQ":956702000,"DPS_HKD":0.49,"OPERATE_INCOME_QOQ_SQ":null,"NET_PROFIT_RATIO_SQ":60.1211244463,"HOLDER_PROFIT_SQ":552260000,"HOLDER_PROFIT_QOQ_SQ":null,"ROE_AVG_SQ":48.118930241231,"PE_TTM_SQ":24.728687719251,"PB_TTM_SQ":8.661970590824,"ROA_SQ":30.733409128979,"START_DATE":"2020-01-01 00:00:00","FISCAL_YEAR":"12-31","CURRENCY":"HKD","IS_CNY_CODE":0,"DPS_HKD_LY":null,"ORG_TYPE":"一般企业","PREMIUM_INCOME":null,"PREMIUM_INCOME_YOY":null,"NET_INTEREST_INCOME":null,"NET_INTEREST_INCOME_YOY":null,"FEE_COMMISSION_INCOME":null,"FEE_COMMISSION_INCOME_YOY":null,"ACCOUNTS_RECE_TDAYS":33.168828274104,"INVENTORY_TDAYS":3.17540837438,"CURRENT_ASSETS_TDAYS":0.636219512163,"TOTAL_ASSETS_TDAYS":0.535281904747,"PREMIUM_EXPENSE":null,"LOAN_DEPOSIT":null,"LOAN_EQUITY":null,"LOAN_ASSETS":null,"DEPOSIT_EQUITY":null,"DEPOSIT_ASSETS":null,"EQUITY_MULTIPLIER":5.788407499526,"EQUITY_RATIO":4.788407499514},{"SECUCODE":"02367.HK","SECURITY_CODE":"02367","SECURITY_NAME_ABBR":"巨子生物","ORG_CODE":"10000342174","STD_REPORT_DATE":"2019-12-31 00:00:00","REPORT_DATE":"2019-12-31 00:00:00","DATE_TYPE_CODE":"001","REPORT_TYPE":"2019年年报","PER_NETCASH_OPERATE":null,"PER_OI":null,"BPS":1.10791926665,"BASIC_EPS":0.55,"DILUTED_EPS":0.55,"OPERATE_INCOME":956702000,"OPERATE_INCOME_YOY":null,"GROSS_PROFIT":796712000,"GROSS_PROFIT_YOY":null,"HOLDER_PROFIT":552260000,"HOLDER_PROFIT_YOY":null,"GROSS_PROFIT_RATIO":83.276924266909,"EPS_TTM":null,"OPERATE_INCOME_QOQ":null,"NET_PROFIT_RATIO":60.1211244463,"ROE_AVG":48.118930241231,"GROSS_PROFIT_QOQ":null,"ROA":30.733409128979,"HOLDER_PROFIT_QOQ":null,"ROE_YEARLY":48.118930241231,"ROIC_YEARLY":32.092037541629,"TOTAL_ASSETS":1796937000,"TOTAL_LIABILITIES":645488000,"TAX_EBT":15.039379848625,"OCF_SALES":68.616664332258,"TOTAL_PARENT_EQUITY":1147698000,"DEBT_ASSET_RATIO":35.9215709844,"OPERATE_PROFIT":676996000,"PRETAX_PROFIT":676996000,"NETCASH_OPERATE":656457000,"NETCASH_INVEST":-589846000,"NETCASH_FINANCE":-2164000,"END_CASH":72323000,"DIVI_RATIO":null,"DIVIDEND_RATE":0.895795246801,"CURRENT_RATIO":2.329279902373,"COMMON_ACS":5000000000,"CURRENTDEBT_DEBT":96.98925464145,"ISSUED_COMMON_SHARES":1035904000,"HK_COMMON_SHARES":1035904000,"PER_SHARES":200,"TOTAL_MARKET_CAP":56663948800,"HKSK_MARKET_CAP":56663948800,"PE_TTM":28.97171425749,"PB_TTM":8.662463876977,"REPORT_DATE_SQ":"2018-12-31 00:00:00","REPORT_TYPE_SQ":"2018年年报","OPERATE_INCOME_SQ":null,"DPS_HKD":0.49,"OPERATE_INCOME_QOQ_SQ":null,"NET_PROFIT_RATIO_SQ":null,"HOLDER_PROFIT_SQ":null,"HOLDER_PROFIT_QOQ_SQ":null,"ROE_AVG_SQ":null,"PE_TTM_SQ":24.728687719251,"PB_TTM_SQ":8.661970590824,"ROA_SQ":null,"START_DATE":"2019-01-01 00:00:00","FISCAL_YEAR":"12-31","CURRENCY":"HKD","IS_CNY_CODE":0,"DPS_HKD_LY":null,"ORG_TYPE":"一般企业","PREMIUM_INCOME":null,"PREMIUM_INCOME_YOY":null,"NET_INTEREST_INCOME":null,"NET_INTEREST_INCOME_YOY":null,"FEE_COMMISSION_INCOME":null,"FEE_COMMISSION_INCOME_YOY":null,"ACCOUNTS_RECE_TDAYS":55.428852838934,"INVENTORY_TDAYS":3.145508522895,"CURRENT_ASSETS_TDAYS":1.312118936674,"TOTAL_ASSETS_TDAYS":1.06481418102,"PREMIUM_EXPENSE":null,"LOAN_DEPOSIT":null,"LOAN_EQUITY":null,"LOAN_ASSETS":null,"DEPOSIT_EQUITY":null,"DEPOSIT_ASSETS":null,"EQUITY_MULTIPLIER":1.560587572702,"EQUITY_RATIO":0.562419730626}],"count":8},"success":true,"message":"ok","code":0}