{"version":"e1a30fec2c8ee02a88fe0513aebf932b","result":{"pages":2,"data":[{"SECUCODE":"02361.HK","SECURITY_CODE":"02361","SECURITY_NAME_ABBR":"中康控股","ORG_CODE":"10000282753","STD_REPORT_DATE":"2024-06-30 00:00:00","REPORT_DATE":"2024-06-30 00:00:00","DATE_TYPE_CODE":"002","REPORT_TYPE":"2024年中报","PER_NETCASH_OPERATE":0.043298581136,"PER_OI":0.353124377449,"BPS":1.514051397835,"BASIC_EPS":0.1,"DILUTED_EPS":0.1,"OPERATE_INCOME":159531000,"OPERATE_INCOME_YOY":10.0593308037,"GROSS_PROFIT":88788000,"GROSS_PROFIT_YOY":18.097416934905,"HOLDER_PROFIT":41675000,"HOLDER_PROFIT_YOY":-12.8739573098,"GROSS_PROFIT_RATIO":55.655640596499,"EPS_TTM":0.212218606813,"OPERATE_INCOME_QOQ":3.680267747619,"NET_PROFIT_RATIO":26.5453109427,"ROE_AVG":6.007887018567,"GROSS_PROFIT_QOQ":6.088458509343,"ROA":5.177137611237,"HOLDER_PROFIT_QOQ":-6.03536145523,"ROE_YEARLY":12.015774037134,"ROIC_YEARLY":22.700409070359,"TOTAL_ASSETS":812222000,"TOTAL_LIABILITIES":130091000,"TAX_EBT":0.460699511094,"OCF_SALES":12.261566717441,"TOTAL_PARENT_EQUITY":684003000,"DEBT_ASSET_RATIO":16.0166801687,"OPERATE_PROFIT":42873000,"PRETAX_PROFIT":42544000,"NETCASH_OPERATE":19561000,"NETCASH_INVEST":-121663000,"NETCASH_FINANCE":1524000,"END_CASH":23764000,"DIVI_RATIO":0.721594097236,"DIVIDEND_RATE":3.420731707317,"CURRENT_RATIO":5.260027791429,"COMMON_ACS":2000000000,"CURRENTDEBT_DEBT":90.722647992559,"ISSUED_COMMON_SHARES":451770000,"HK_COMMON_SHARES":451770000,"PER_SHARES":500,"TOTAL_MARKET_CAP":2222708400,"HKSK_MARKET_CAP":2222708400,"PE_TTM":20.895565842005,"PB_TTM":2.965807902176,"REPORT_DATE_SQ":"2023-06-30 00:00:00","REPORT_TYPE_SQ":"2023年中报","OPERATE_INCOME_SQ":144950000,"DPS_HKD":0.1683,"OPERATE_INCOME_QOQ_SQ":6.656330256709,"NET_PROFIT_RATIO_SQ":32.404277337,"HOLDER_PROFIT_SQ":47833000,"HOLDER_PROFIT_QOQ_SQ":78.864019512895,"ROE_AVG_SQ":6.754737763719,"PE_TTM_SQ":23.702169686025,"PB_TTM_SQ":3.32644511897,"ROA_SQ":5.811471316848,"START_DATE":"2024-01-01 00:00:00","FISCAL_YEAR":"12-31","CURRENCY":"HKD","IS_CNY_CODE":0,"DPS_HKD_LY":0.1683,"ORG_TYPE":"一般企业","PREMIUM_INCOME":null,"PREMIUM_INCOME_YOY":null,"NET_INTEREST_INCOME":null,"NET_INTEREST_INCOME_YOY":null,"FEE_COMMISSION_INCOME":null,"FEE_COMMISSION_INCOME_YOY":null,"ACCOUNTS_RECE_TDAYS":1.698285543958,"INVENTORY_TDAYS":17.525826830175,"CURRENT_ASSETS_TDAYS":0.259386714339,"TOTAL_ASSETS_TDAYS":0.19817970972,"PREMIUM_EXPENSE":null,"LOAN_DEPOSIT":null,"LOAN_EQUITY":null,"LOAN_ASSETS":null,"DEPOSIT_EQUITY":null,"DEPOSIT_ASSETS":null,"EQUITY_MULTIPLIER":1.190712634376,"EQUITY_RATIO":0.190190686298},{"SECUCODE":"02361.HK","SECURITY_CODE":"02361","SECURITY_NAME_ABBR":"中康控股","ORG_CODE":"10000282753","STD_REPORT_DATE":"2023-12-31 00:00:00","REPORT_DATE":"2023-12-31 00:00:00","DATE_TYPE_CODE":"001","REPORT_TYPE":"2023年年报","PER_NETCASH_OPERATE":0.174993912832,"PER_OI":0.876981649955,"BPS":1.556854151449,"BASIC_EPS":0.2394,"DILUTED_EPS":0.2394,"OPERATE_INCOME":396194000,"OPERATE_INCOME_YOY":11.0820146467,"GROSS_PROFIT":223472000,"GROSS_PROFIT_YOY":40.453025617819,"HOLDER_PROFIT":102032000,"HOLDER_PROFIT_YOY":82.9907815919,"GROSS_PROFIT_RATIO":56.404690631357,"EPS_TTM":0.22584943666,"OPERATE_INCOME_QOQ":4.14948121627,"NET_PROFIT_RATIO":25.4774176287,"ROE_AVG":14.592906925023,"GROSS_PROFIT_QOQ":25.801203564533,"ROA":12.80028904526,"HOLDER_PROFIT_QOQ":2.307206385176,"ROE_YEARLY":14.592906925023,"ROIC_YEARLY":37.364025699852,"TOTAL_ASSETS":797741000,"TOTAL_LIABILITIES":97287000,"TAX_EBT":8.850380617838,"OCF_SALES":19.954113388895,"TOTAL_PARENT_EQUITY":703340000,"DEBT_ASSET_RATIO":12.1953115109,"OPERATE_PROFIT":111381000,"PRETAX_PROFIT":110741000,"NETCASH_OPERATE":79057000,"NETCASH_INVEST":-234201000,"NETCASH_FINANCE":-132529000,"END_CASH":123931000,"DIVI_RATIO":0.678043285228,"DIVIDEND_RATE":4.935483870968,"CURRENT_RATIO":7.230676113504,"COMMON_ACS":2000000000,"CURRENTDEBT_DEBT":86.61074963767,"ISSUED_COMMON_SHARES":451770000,"HK_COMMON_SHARES":451770000,"PER_SHARES":500,"TOTAL_MARKET_CAP":1540535700,"HKSK_MARKET_CAP":1540535700,"PE_TTM":14.48249583765,"PB_TTM":2.055570111061,"REPORT_DATE_SQ":"2022-12-31 00:00:00","REPORT_TYPE_SQ":"2022年年报","OPERATE_INCOME_SQ":356668000,"DPS_HKD":0.1683,"OPERATE_INCOME_QOQ_SQ":5.400213951784,"NET_PROFIT_RATIO_SQ":15.1998497202,"HOLDER_PROFIT_SQ":55758000,"HOLDER_PROFIT_QOQ_SQ":-15.194378536229,"ROE_AVG_SQ":10.029355263442,"PE_TTM_SQ":23.866768086622,"PB_TTM_SQ":3.349545432296,"ROA_SQ":8.49001443476,"START_DATE":"2023-01-01 00:00:00","FISCAL_YEAR":"12-31","CURRENCY":"HKD","IS_CNY_CODE":0,"DPS_HKD_LY":0.0398,"ORG_TYPE":"一般企业","PREMIUM_INCOME":null,"PREMIUM_INCOME_YOY":null,"NET_INTEREST_INCOME":null,"NET_INTEREST_INCOME_YOY":null,"FEE_COMMISSION_INCOME":null,"FEE_COMMISSION_INCOME_YOY":null,"ACCOUNTS_RECE_TDAYS":4.352919202795,"INVENTORY_TDAYS":89.077875193399,"CURRENT_ASSETS_TDAYS":0.604206635088,"TOTAL_ASSETS_TDAYS":0.497039920613,"PREMIUM_EXPENSE":null,"LOAN_DEPOSIT":null,"LOAN_EQUITY":null,"LOAN_ASSETS":null,"DEPOSIT_EQUITY":null,"DEPOSIT_ASSETS":null,"EQUITY_MULTIPLIER":1.138891347612,"EQUITY_RATIO":0.138321437711},{"SECUCODE":"02361.HK","SECURITY_CODE":"02361","SECURITY_NAME_ABBR":"中康控股","ORG_CODE":"10000282753","STD_REPORT_DATE":"2023-06-30 00:00:00","REPORT_DATE":"2023-06-30 00:00:00","DATE_TYPE_CODE":"002","REPORT_TYPE":"2023年中报","PER_NETCASH_OPERATE":0.105049029373,"PER_OI":0.320849104633,"BPS":1.596480509994,"BASIC_EPS":0.11,"DILUTED_EPS":0.11,"OPERATE_INCOME":144950000,"OPERATE_INCOME_YOY":19.5868293609,"GROSS_PROFIT":75182000,"GROSS_PROFIT_YOY":32.71080828229,"HOLDER_PROFIT":47833000,"HOLDER_PROFIT_YOY":1139.1968911917,"GROSS_PROFIT_RATIO":51.867540531218,"EPS_TTM":0.220756136972,"OPERATE_INCOME_QOQ":6.656330256709,"NET_PROFIT_RATIO":32.404277337,"ROE_AVG":6.754737763719,"GROSS_PROFIT_QOQ":11.646805943133,"ROA":5.811471316848,"HOLDER_PROFIT_QOQ":78.864019512895,"ROE_YEARLY":13.509475527438,"ROIC_YEARLY":35.02023439316,"TOTAL_ASSETS":849685000,"TOTAL_LIABILITIES":131108000,"TAX_EBT":1.925164954481,"OCF_SALES":32.740945153501,"TOTAL_PARENT_EQUITY":721242000,"DEBT_ASSET_RATIO":15.4301888347,"OPERATE_PROFIT":48170000,"PRETAX_PROFIT":47892000,"NETCASH_OPERATE":47458000,"NETCASH_INVEST":-256177000,"NETCASH_FINANCE":-8114000,"END_CASH":199194000,"DIVI_RATIO":0.693687143199,"DIVIDEND_RATE":4.935483870968,"CURRENT_RATIO":5.659753621457,"COMMON_ACS":2000000000,"CURRENTDEBT_DEBT":89.405680812765,"ISSUED_COMMON_SHARES":451770000,"HK_COMMON_SHARES":451770000,"PER_SHARES":500,"TOTAL_MARKET_CAP":1540535700,"HKSK_MARKET_CAP":1540535700,"PE_TTM":14.48249583765,"PB_TTM":2.055570111061,"REPORT_DATE_SQ":"2022-06-30 00:00:00","REPORT_TYPE_SQ":"2022年中报","OPERATE_INCOME_SQ":121209000,"DPS_HKD":0.1683,"OPERATE_INCOME_QOQ_SQ":4.389109283515,"NET_PROFIT_RATIO_SQ":4.3618873186,"HOLDER_PROFIT_SQ":3860000,"HOLDER_PROFIT_QOQ_SQ":-16.577214418941,"ROE_AVG_SQ":0.921707403268,"PE_TTM_SQ":23.866768086622,"PB_TTM_SQ":3.349545432296,"ROA_SQ":0.746909083169,"START_DATE":"2023-01-01 00:00:00","FISCAL_YEAR":"12-31","CURRENCY":"HKD","IS_CNY_CODE":0,"DPS_HKD_LY":0.0398,"ORG_TYPE":"一般企业","PREMIUM_INCOME":null,"PREMIUM_INCOME_YOY":null,"NET_INTEREST_INCOME":null,"NET_INTEREST_INCOME_YOY":null,"FEE_COMMISSION_INCOME":null,"FEE_COMMISSION_INCOME_YOY":null,"ACCOUNTS_RECE_TDAYS":1.748903541846,"INVENTORY_TDAYS":24.579179143914,"CURRENT_ASSETS_TDAYS":0.212285618253,"TOTAL_ASSETS_TDAYS":0.176107032253,"PREMIUM_EXPENSE":null,"LOAN_DEPOSIT":null,"LOAN_EQUITY":null,"LOAN_ASSETS":null,"DEPOSIT_EQUITY":null,"DEPOSIT_ASSETS":null,"EQUITY_MULTIPLIER":1.182455046571,"EQUITY_RATIO":0.181780872439},{"SECUCODE":"02361.HK","SECURITY_CODE":"02361","SECURITY_NAME_ABBR":"中康控股","ORG_CODE":"10000282753","STD_REPORT_DATE":"2022-12-31 00:00:00","REPORT_DATE":"2022-12-31 00:00:00","DATE_TYPE_CODE":"001","REPORT_TYPE":"2022年年报","PER_NETCASH_OPERATE":0.072235872236,"PER_OI":0.789490227328,"BPS":1.538477543883,"BASIC_EPS":0.1358,"DILUTED_EPS":0.1358,"OPERATE_INCOME":356668000,"OPERATE_INCOME_YOY":10.0263445272,"GROSS_PROFIT":159108000,"GROSS_PROFIT_YOY":-17.406132714559,"HOLDER_PROFIT":55758000,"HOLDER_PROFIT_YOY":-29.2527882456,"GROSS_PROFIT_RATIO":44.609552861485,"EPS_TTM":0.123421209908,"OPERATE_INCOME_QOQ":5.400213951784,"NET_PROFIT_RATIO":15.1998497202,"ROE_AVG":10.029355263442,"GROSS_PROFIT_QOQ":-15.044531300058,"ROA":8.49001443476,"HOLDER_PROFIT_QOQ":-15.194378536229,"ROE_YEARLY":10.029355263442,"ROIC_YEARLY":15.988002832983,"TOTAL_ASSETS":796473000,"TOTAL_LIABILITIES":103237000,"TAX_EBT":0.479127657231,"OCF_SALES":9.149685421737,"TOTAL_PARENT_EQUITY":695038000,"DEBT_ASSET_RATIO":12.9617702044,"OPERATE_PROFIT":54886000,"PRETAX_PROFIT":54474000,"NETCASH_OPERATE":32634000,"NETCASH_INVEST":114445000,"NETCASH_FINANCE":218754000,"END_CASH":409318000,"DIVI_RATIO":1.24075670717,"DIVIDEND_RATE":4.935483870968,"CURRENT_RATIO":7.180644039718,"COMMON_ACS":2000000000,"CURRENTDEBT_DEBT":94.722822243963,"ISSUED_COMMON_SHARES":451770000,"HK_COMMON_SHARES":451770000,"PER_SHARES":500,"TOTAL_MARKET_CAP":1540535700,"HKSK_MARKET_CAP":1540535700,"PE_TTM":14.48249583765,"PB_TTM":2.055570111061,"REPORT_DATE_SQ":"2021-12-31 00:00:00","REPORT_TYPE_SQ":"2021年年报","OPERATE_INCOME_SQ":324166000,"DPS_HKD":0.1683,"OPERATE_INCOME_QOQ_SQ":8.801713085097,"NET_PROFIT_RATIO_SQ":22.2040559466,"HOLDER_PROFIT_SQ":78813000,"HOLDER_PROFIT_QOQ_SQ":-11.493801096038,"ROE_AVG_SQ":17.921759863017,"PE_TTM_SQ":23.866768086622,"PB_TTM_SQ":3.349545432296,"ROA_SQ":14.881187277551,"START_DATE":"2022-01-01 00:00:00","FISCAL_YEAR":"12-31","CURRENCY":"HKD","IS_CNY_CODE":0,"DPS_HKD_LY":null,"ORG_TYPE":"一般企业","PREMIUM_INCOME":null,"PREMIUM_INCOME_YOY":null,"NET_INTEREST_INCOME":null,"NET_INTEREST_INCOME_YOY":null,"FEE_COMMISSION_INCOME":null,"FEE_COMMISSION_INCOME_YOY":null,"ACCOUNTS_RECE_TDAYS":4.102956993886,"INVENTORY_TDAYS":131.838505171839,"CURRENT_ASSETS_TDAYS":0.593160496989,"TOTAL_ASSETS_TDAYS":0.543081973603,"PREMIUM_EXPENSE":null,"LOAN_DEPOSIT":null,"LOAN_EQUITY":null,"LOAN_ASSETS":null,"DEPOSIT_EQUITY":null,"DEPOSIT_ASSETS":null,"EQUITY_MULTIPLIER":1.148920425368,"EQUITY_RATIO":0.148534324742},{"SECUCODE":"02361.HK","SECURITY_CODE":"02361","SECURITY_NAME_ABBR":"中康控股","ORG_CODE":"10000282753","STD_REPORT_DATE":"2022-06-30 00:00:00","REPORT_DATE":"2022-06-30 00:00:00","DATE_TYPE_CODE":"002","REPORT_TYPE":"2022年中报","PER_NETCASH_OPERATE":0.3686,"PER_OI":24.2418,"BPS":0.931265909644,"BASIC_EPS":0.01,"DILUTED_EPS":0.01,"OPERATE_INCOME":121209000,"OPERATE_INCOME_YOY":13.2995578654,"GROSS_PROFIT":56651000,"GROSS_PROFIT_YOY":-8.636261006999,"HOLDER_PROFIT":3860000,"HOLDER_PROFIT_YOY":-77.1935007386,"GROSS_PROFIT_RATIO":46.738278510672,"EPS_TTM":13.1496,"OPERATE_INCOME_QOQ":4.389109283515,"NET_PROFIT_RATIO":4.3618873186,"ROE_AVG":0.921707403268,"GROSS_PROFIT_QOQ":-2.77981094171,"ROA":0.746909083169,"HOLDER_PROFIT_QOQ":-16.577214418941,"ROE_YEARLY":1.843414806537,"ROIC_YEARLY":1.712446513774,"TOTAL_ASSETS":516570000,"TOTAL_LIABILITIES":95372000,"TAX_EBT":-34.666327050433,"OCF_SALES":1.520514153239,"TOTAL_PARENT_EQUITY":420718000,"DEBT_ASSET_RATIO":18.4625510579,"OPERATE_PROFIT":4140000,"PRETAX_PROFIT":3926000,"NETCASH_OPERATE":1843000,"NETCASH_INVEST":66389000,"NETCASH_FINANCE":-3993000,"END_CASH":98471000,"DIVI_RATIO":0.011645654164,"DIVIDEND_RATE":4.935483870968,"CURRENT_RATIO":5.467255013325,"COMMON_ACS":2000000000,"CURRENTDEBT_DEBT":95.998825651135,"ISSUED_COMMON_SHARES":451770000,"HK_COMMON_SHARES":451770000,"PER_SHARES":500,"TOTAL_MARKET_CAP":1540535700,"HKSK_MARKET_CAP":1540535700,"PE_TTM":14.48249583765,"PB_TTM":2.055570111061,"REPORT_DATE_SQ":"2021-06-30 00:00:00","REPORT_TYPE_SQ":"2021年中报","OPERATE_INCOME_SQ":106981000,"DPS_HKD":0.1683,"OPERATE_INCOME_QOQ_SQ":0,"NET_PROFIT_RATIO_SQ":11.5599966349,"HOLDER_PROFIT_SQ":16925000,"HOLDER_PROFIT_QOQ_SQ":0,"ROE_AVG_SQ":null,"PE_TTM_SQ":23.866768086622,"PB_TTM_SQ":3.349545432296,"ROA_SQ":null,"START_DATE":"2022-01-01 00:00:00","FISCAL_YEAR":"12-31","CURRENCY":"HKD","IS_CNY_CODE":0,"DPS_HKD_LY":null,"ORG_TYPE":"一般企业","PREMIUM_INCOME":null,"PREMIUM_INCOME_YOY":null,"NET_INTEREST_INCOME":null,"NET_INTEREST_INCOME_YOY":null,"FEE_COMMISSION_INCOME":null,"FEE_COMMISSION_INCOME_YOY":null,"ACCOUNTS_RECE_TDAYS":1.596819771693,"INVENTORY_TDAYS":38.65748502994,"CURRENT_ASSETS_TDAYS":0.24218211462,"TOTAL_ASSETS_TDAYS":0.234539127103,"PREMIUM_EXPENSE":null,"LOAN_DEPOSIT":null,"LOAN_EQUITY":null,"LOAN_ASSETS":null,"DEPOSIT_EQUITY":null,"DEPOSIT_ASSETS":null,"EQUITY_MULTIPLIER":1.22643032493,"EQUITY_RATIO":0.226688660813},{"SECUCODE":"02361.HK","SECURITY_CODE":"02361","SECURITY_NAME_ABBR":"中康控股","ORG_CODE":"10000282753","STD_REPORT_DATE":"2021-12-31 00:00:00","REPORT_DATE":"2021-12-31 00:00:00","DATE_TYPE_CODE":"001","REPORT_TYPE":"2021年年报","PER_NETCASH_OPERATE":11.884146397516,"PER_OI":64.185874726708,"BPS":0.922721738938,"BASIC_EPS":0.2112,"DILUTED_EPS":0.2112,"OPERATE_INCOME":324166000,"OPERATE_INCOME_YOY":60.4202441692,"GROSS_PROFIT":192639000,"GROSS_PROFIT_YOY":47.949403253306,"HOLDER_PROFIT":78813000,"HOLDER_PROFIT_YOY":16.0277360657,"GROSS_PROFIT_RATIO":59.426034809326,"EPS_TTM":15.60521876087,"OPERATE_INCOME_QOQ":8.801713085097,"NET_PROFIT_RATIO":22.2040559466,"ROE_AVG":17.921759863017,"GROSS_PROFIT_QOQ":1.049633336481,"ROA":14.881187277551,"HOLDER_PROFIT_QOQ":-11.493801096038,"ROE_YEARLY":17.921759863017,"ROIC_YEARLY":17.350443155851,"TOTAL_ASSETS":517023000,"TOTAL_LIABILITIES":101112000,"TAX_EBT":24.653246658083,"OCF_SALES":18.515205172659,"TOTAL_PARENT_EQUITY":416858000,"DEBT_ASSET_RATIO":19.5565767867,"OPERATE_PROFIT":96477000,"PRETAX_PROFIT":95529000,"NETCASH_OPERATE":60020000,"NETCASH_INVEST":-9469000,"NETCASH_FINANCE":-132410000,"END_CASH":33955000,"DIVI_RATIO":0.009813107804,"DIVIDEND_RATE":4.935483870968,"CURRENT_RATIO":5.20516341093,"COMMON_ACS":2000000000,"CURRENTDEBT_DEBT":95.08070258723,"ISSUED_COMMON_SHARES":451770000,"HK_COMMON_SHARES":451770000,"PER_SHARES":500,"TOTAL_MARKET_CAP":1540535700,"HKSK_MARKET_CAP":1540535700,"PE_TTM":14.48249583765,"PB_TTM":2.055570111061,"REPORT_DATE_SQ":"2020-12-31 00:00:00","REPORT_TYPE_SQ":"2020年年报","OPERATE_INCOME_SQ":202073000,"DPS_HKD":0.1683,"OPERATE_INCOME_QOQ_SQ":13.68382559775,"NET_PROFIT_RATIO_SQ":32.3294057098,"HOLDER_PROFIT_SQ":67926000,"HOLDER_PROFIT_QOQ_SQ":21.10395977821,"ROE_AVG_SQ":15.844572686855,"PE_TTM_SQ":23.866768086622,"PB_TTM_SQ":3.349545432296,"ROA_SQ":13.81932703869,"START_DATE":"2021-01-01 00:00:00","FISCAL_YEAR":"12-31","CURRENCY":"HKD","IS_CNY_CODE":0,"DPS_HKD_LY":null,"ORG_TYPE":"一般企业","PREMIUM_INCOME":null,"PREMIUM_INCOME_YOY":null,"NET_INTEREST_INCOME":null,"NET_INTEREST_INCOME_YOY":null,"FEE_COMMISSION_INCOME":null,"FEE_COMMISSION_INCOME_YOY":null,"ACCOUNTS_RECE_TDAYS":5.863119246143,"INVENTORY_TDAYS":209.93934557063,"CURRENT_ASSETS_TDAYS":0.643457807111,"TOTAL_ASSETS_TDAYS":0.612078585387,"PREMIUM_EXPENSE":null,"LOAN_DEPOSIT":null,"LOAN_EQUITY":null,"LOAN_ASSETS":null,"DEPOSIT_EQUITY":null,"DEPOSIT_ASSETS":null,"EQUITY_MULTIPLIER":1.243109703758,"EQUITY_RATIO":0.242557417634},{"SECUCODE":"02361.HK","SECURITY_CODE":"02361","SECURITY_NAME_ABBR":"中康控股","ORG_CODE":"10000282753","STD_REPORT_DATE":"2021-09-30 00:00:00","REPORT_DATE":"2021-09-30 00:00:00","DATE_TYPE_CODE":"004","REPORT_TYPE":"2021年三季报","PER_NETCASH_OPERATE":12.649148329193,"PER_OI":48.424789956522,"BPS":0.89722867831,"BASIC_EPS":27.02,"DILUTED_EPS":27.02,"OPERATE_INCOME":240429000,"OPERATE_INCOME_YOY":66.3177919203,"GROSS_PROFIT":150586000,"GROSS_PROFIT_YOY":67.03196752224,"HOLDER_PROFIT":67296000,"HOLDER_PROFIT_YOY":45.7443582969,"GROSS_PROFIT_RATIO":62.632211588452,"EPS_TTM":17.935152149068,"OPERATE_INCOME_QOQ":47.442755835762,"NET_PROFIT_RATIO":25.5597286517,"ROE_AVG":15.505883599883,"GROSS_PROFIT_QOQ":46.41260771393,"ROA":12.873642376505,"HOLDER_PROFIT_QOQ":31.09560403969,"ROE_YEARLY":20.674511466511,"ROIC_YEARLY":14.697316652089,"TOTAL_ASSETS":503278000,"TOTAL_LIABILITIES":97892000,"TAX_EBT":24.948400727886,"OCF_SALES":26.12122497702,"TOTAL_PARENT_EQUITY":405341000,"DEBT_ASSET_RATIO":19.4508800305,"OPERATE_PROFIT":null,"PRETAX_PROFIT":81881000,"NETCASH_OPERATE":62803000,"NETCASH_INVEST":-36595000,"NETCASH_FINANCE":-130178000,"END_CASH":11943000,"DIVI_RATIO":0.008538299131,"DIVIDEND_RATE":4.935483870968,"CURRENT_RATIO":5.274696404823,"COMMON_ACS":2000000000,"CURRENTDEBT_DEBT":93.70939402607,"ISSUED_COMMON_SHARES":451770000,"HK_COMMON_SHARES":451770000,"PER_SHARES":500,"TOTAL_MARKET_CAP":1540535700,"HKSK_MARKET_CAP":1540535700,"PE_TTM":14.48249583765,"PB_TTM":2.055570111061,"REPORT_DATE_SQ":"2020-09-30 00:00:00","REPORT_TYPE_SQ":"2020年三季报","OPERATE_INCOME_SQ":144560000,"DPS_HKD":0.1683,"OPERATE_INCOME_QOQ_SQ":0,"NET_PROFIT_RATIO_SQ":30.1895406752,"HOLDER_PROFIT_SQ":46174000,"HOLDER_PROFIT_QOQ_SQ":0,"ROE_AVG_SQ":null,"PE_TTM_SQ":23.866768086622,"PB_TTM_SQ":3.349545432296,"ROA_SQ":null,"START_DATE":"2021-01-01 00:00:00","FISCAL_YEAR":"12-31","CURRENCY":"HKD","IS_CNY_CODE":0,"DPS_HKD_LY":null,"ORG_TYPE":"一般企业","PREMIUM_INCOME":null,"PREMIUM_INCOME_YOY":null,"NET_INTEREST_INCOME":null,"NET_INTEREST_INCOME_YOY":null,"FEE_COMMISSION_INCOME":null,"FEE_COMMISSION_INCOME_YOY":null,"ACCOUNTS_RECE_TDAYS":5.200320114203,"INVENTORY_TDAYS":79.754105636929,"CURRENT_ASSETS_TDAYS":0.48521033672,"TOTAL_ASSETS_TDAYS":0.459937732249,"PREMIUM_EXPENSE":null,"LOAN_DEPOSIT":null,"LOAN_EQUITY":null,"LOAN_ASSETS":null,"DEPOSIT_EQUITY":null,"DEPOSIT_ASSETS":null,"EQUITY_MULTIPLIER":1.241478492104,"EQUITY_RATIO":0.241505300475},{"SECUCODE":"02361.HK","SECURITY_CODE":"02361","SECURITY_NAME_ABBR":"中康控股","ORG_CODE":"10000282753","STD_REPORT_DATE":"2021-06-30 00:00:00","REPORT_DATE":"2021-06-30 00:00:00","DATE_TYPE_CODE":"002","REPORT_TYPE":"2021年中报","PER_NETCASH_OPERATE":null,"PER_OI":null,"BPS":null,"BASIC_EPS":0.05,"DILUTED_EPS":0.05,"OPERATE_INCOME":106981000,"OPERATE_INCOME_YOY":null,"GROSS_PROFIT":62006000,"GROSS_PROFIT_YOY":null,"HOLDER_PROFIT":16925000,"HOLDER_PROFIT_YOY":null,"GROSS_PROFIT_RATIO":57.959824641759,"EPS_TTM":null,"OPERATE_INCOME_QOQ":0,"NET_PROFIT_RATIO":11.5599966349,"ROE_AVG":null,"GROSS_PROFIT_QOQ":0,"ROA":null,"HOLDER_PROFIT_QOQ":0,"ROE_YEARLY":null,"ROIC_YEARLY":null,"TOTAL_ASSETS":null,"TOTAL_LIABILITIES":null,"TAX_EBT":36.935237123916,"OCF_SALES":36.59060954749,"TOTAL_PARENT_EQUITY":null,"DEBT_ASSET_RATIO":null,"OPERATE_PROFIT":19997000,"PRETAX_PROFIT":19610000,"NETCASH_OPERATE":39145000,"NETCASH_INVEST":84135000,"NETCASH_FINANCE":-126074000,"END_CASH":112798000,"DIVI_RATIO":null,"DIVIDEND_RATE":4.935483870968,"CURRENT_RATIO":null,"COMMON_ACS":2000000000,"CURRENTDEBT_DEBT":null,"ISSUED_COMMON_SHARES":451770000,"HK_COMMON_SHARES":451770000,"PER_SHARES":500,"TOTAL_MARKET_CAP":1540535700,"HKSK_MARKET_CAP":1540535700,"PE_TTM":14.48249583765,"PB_TTM":2.055570111061,"REPORT_DATE_SQ":"2020-06-30 00:00:00","REPORT_TYPE_SQ":"2020年中报","OPERATE_INCOME_SQ":null,"DPS_HKD":0.1683,"OPERATE_INCOME_QOQ_SQ":0,"NET_PROFIT_RATIO_SQ":null,"HOLDER_PROFIT_SQ":null,"HOLDER_PROFIT_QOQ_SQ":0,"ROE_AVG_SQ":null,"PE_TTM_SQ":23.866768086622,"PB_TTM_SQ":3.349545432296,"ROA_SQ":null,"START_DATE":"2021-01-01 00:00:00","FISCAL_YEAR":"12-31","CURRENCY":"HKD","IS_CNY_CODE":0,"DPS_HKD_LY":null,"ORG_TYPE":"一般企业","PREMIUM_INCOME":null,"PREMIUM_INCOME_YOY":null,"NET_INTEREST_INCOME":null,"NET_INTEREST_INCOME_YOY":null,"FEE_COMMISSION_INCOME":null,"FEE_COMMISSION_INCOME_YOY":null,"ACCOUNTS_RECE_TDAYS":null,"INVENTORY_TDAYS":null,"CURRENT_ASSETS_TDAYS":0.421881808735,"TOTAL_ASSETS_TDAYS":0.394613127459,"PREMIUM_EXPENSE":null,"LOAN_DEPOSIT":null,"LOAN_EQUITY":null,"LOAN_ASSETS":null,"DEPOSIT_EQUITY":null,"DEPOSIT_ASSETS":null,"EQUITY_MULTIPLIER":null,"EQUITY_RATIO":null},{"SECUCODE":"02361.HK","SECURITY_CODE":"02361","SECURITY_NAME_ABBR":"中康控股","ORG_CODE":"10000282753","STD_REPORT_DATE":"2020-12-31 00:00:00","REPORT_DATE":"2020-12-31 00:00:00","DATE_TYPE_CODE":"001","REPORT_TYPE":"2020年年报","PER_NETCASH_OPERATE":null,"PER_OI":null,"BPS":1.024116253846,"BASIC_EPS":null,"DILUTED_EPS":null,"OPERATE_INCOME":202073000,"OPERATE_INCOME_YOY":13.6838255977,"GROSS_PROFIT":130206000,"GROSS_PROFIT_YOY":22.724702156538,"HOLDER_PROFIT":67926000,"HOLDER_PROFIT_YOY":21.1039597782,"GROSS_PROFIT_RATIO":64.435129878806,"EPS_TTM":null,"OPERATE_INCOME_QOQ":13.68382559775,"NET_PROFIT_RATIO":32.3294057098,"ROE_AVG":15.844572686855,"GROSS_PROFIT_QOQ":22.724702156537,"ROA":13.81932703869,"HOLDER_PROFIT_QOQ":21.10395977821,"ROE_YEARLY":15.844572686855,"ROIC_YEARLY":21.111487525991,"TOTAL_ASSETS":542207000,"TOTAL_LIABILITIES":77582000,"TAX_EBT":14.122147439268,"OCF_SALES":30.48353812731,"TOTAL_PARENT_EQUITY":462665000,"DEBT_ASSET_RATIO":14.3085574329,"OPERATE_PROFIT":null,"PRETAX_PROFIT":76072000,"NETCASH_OPERATE":61598000,"NETCASH_INVEST":-166559000,"NETCASH_FINANCE":103000,"END_CASH":115778000,"DIVI_RATIO":null,"DIVIDEND_RATE":4.935483870968,"CURRENT_RATIO":9.174071126226,"COMMON_ACS":2000000000,"CURRENTDEBT_DEBT":71.256219226109,"ISSUED_COMMON_SHARES":451770000,"HK_COMMON_SHARES":451770000,"PER_SHARES":500,"TOTAL_MARKET_CAP":1540535700,"HKSK_MARKET_CAP":1540535700,"PE_TTM":14.48249583765,"PB_TTM":2.055570111061,"REPORT_DATE_SQ":"2019-12-31 00:00:00","REPORT_TYPE_SQ":"2019年年报","OPERATE_INCOME_SQ":177750000,"DPS_HKD":0.1683,"OPERATE_INCOME_QOQ_SQ":8.127015025245,"NET_PROFIT_RATIO_SQ":30.5929676512,"HOLDER_PROFIT_SQ":56089000,"HOLDER_PROFIT_QOQ_SQ":-10.436726546906,"ROE_AVG_SQ":15.295838906774,"PE_TTM_SQ":23.866768086622,"PB_TTM_SQ":3.349545432296,"ROA_SQ":13.615421214122,"START_DATE":"2020-01-01 00:00:00","FISCAL_YEAR":"12-31","CURRENCY":"HKD","IS_CNY_CODE":0,"DPS_HKD_LY":null,"ORG_TYPE":"一般企业","PREMIUM_INCOME":null,"PREMIUM_INCOME_YOY":null,"NET_INTEREST_INCOME":null,"NET_INTEREST_INCOME_YOY":null,"FEE_COMMISSION_INCOME":null,"FEE_COMMISSION_INCOME_YOY":null,"ACCOUNTS_RECE_TDAYS":8.376430111093,"INVENTORY_TDAYS":122.639931740614,"CURRENT_ASSETS_TDAYS":0.434274674062,"TOTAL_ASSETS_TDAYS":0.411111043296,"PREMIUM_EXPENSE":null,"LOAN_DEPOSIT":null,"LOAN_EQUITY":null,"LOAN_ASSETS":null,"DEPOSIT_EQUITY":null,"DEPOSIT_ASSETS":null,"EQUITY_MULTIPLIER":1.166977670165,"EQUITY_RATIO":0.167685042093}],"count":12},"success":true,"message":"ok","code":0}