{"version":"4493ae15dc66ccf9a19416fd75fa8c16","result":{"pages":5,"data":[{"SECUCODE":"02368.HK","SECURITY_CODE":"02368","SECURITY_NAME_ABBR":"鹰美","ORG_CODE":"10010604","STD_REPORT_DATE":"2024-06-30 00:00:00","REPORT_DATE":"2024-09-30 00:00:00","DATE_TYPE_CODE":"002","REPORT_TYPE":"2024年中报","PER_NETCASH_OPERATE":-0.336898302849,"PER_OI":4.6848538629,"BPS":3.044013206346,"BASIC_EPS":0.298943385,"DILUTED_EPS":0.298943385,"OPERATE_INCOME":2689949391,"OPERATE_INCOME_YOY":18.27907104,"GROSS_PROFIT":458893877.3,"GROSS_PROFIT_YOY":-3.432769355992,"HOLDER_PROFIT":165207928,"HOLDER_PROFIT_YOY":-20.0785254662,"GROSS_PROFIT_RATIO":17.059572898857,"EPS_TTM":0.447517779131,"OPERATE_INCOME_QOQ":0,"NET_PROFIT_RATIO":6.4905628751,"ROE_AVG":10.426742317463,"GROSS_PROFIT_QOQ":0,"ROA":4.885913128358,"HOLDER_PROFIT_QOQ":0,"ROE_YEARLY":20.853484634926,"ROIC_YEARLY":11.462359647489,"TOTAL_ASSETS":3903508935.17,"TOTAL_LIABILITIES":2091693788.89,"TAX_EBT":30.171319339248,"OCF_SALES":-7.191223306179,"TOTAL_PARENT_EQUITY":1747811502.82,"DEBT_ASSET_RATIO":53.5849622386,"OPERATE_PROFIT":281886928.94,"PRETAX_PROFIT":250030295.4,"NETCASH_OPERATE":-193440267.53,"NETCASH_INVEST":-145920443.48,"NETCASH_FINANCE":291627162.73,"END_CASH":438672138.34,"DIVI_RATIO":0.605378853386,"DIVIDEND_RATE":7.352941176471,"CURRENT_RATIO":1.203777339909,"COMMON_ACS":10000000000,"CURRENTDEBT_DEBT":87.345715072833,"ISSUED_COMMON_SHARES":574180000,"HK_COMMON_SHARES":574180000,"PER_SHARES":2000,"TOTAL_MARKET_CAP":2342654400,"HKSK_MARKET_CAP":2342654400,"PE_TTM":10.771567694324,"PB_TTM":1.208701457776,"REPORT_DATE_SQ":"2023-06-30 00:00:00","REPORT_TYPE_SQ":"2023年中报","OPERATE_INCOME_SQ":2314186696.71,"DPS_HKD":0.3,"OPERATE_INCOME_QOQ_SQ":0,"NET_PROFIT_RATIO_SQ":9.366327282,"HOLDER_PROFIT_SQ":210343736.75,"HOLDER_PROFIT_QOQ_SQ":0,"ROE_AVG_SQ":13.767870903649,"PE_TTM_SQ":8.589793919074,"PB_TTM_SQ":1.428362234342,"ROA_SQ":7.198681893003,"START_DATE":"2024-04-01 00:00:00","FISCAL_YEAR":"3-31","CURRENCY":"HKD","IS_CNY_CODE":0,"DPS_HKD_LY":0.3,"ORG_TYPE":"一般企业","PREMIUM_INCOME":null,"PREMIUM_INCOME_YOY":null,"NET_INTEREST_INCOME":null,"NET_INTEREST_INCOME_YOY":null,"FEE_COMMISSION_INCOME":null,"FEE_COMMISSION_INCOME_YOY":null,"ACCOUNTS_RECE_TDAYS":4.24267853841,"INVENTORY_TDAYS":3.662771502977,"CURRENT_ASSETS_TDAYS":1.4582425364,"TOTAL_ASSETS_TDAYS":0.795534403416,"PREMIUM_EXPENSE":null,"LOAN_DEPOSIT":null,"LOAN_EQUITY":null,"LOAN_ASSETS":null,"DEPOSIT_EQUITY":null,"DEPOSIT_ASSETS":null,"EQUITY_MULTIPLIER":2.154474170937,"EQUITY_RATIO":1.196750213347},{"SECUCODE":"02368.HK","SECURITY_CODE":"02368","SECURITY_NAME_ABBR":"鹰美","ORG_CODE":"10010604","STD_REPORT_DATE":"2023-12-31 00:00:00","REPORT_DATE":"2024-03-31 00:00:00","DATE_TYPE_CODE":"001","REPORT_TYPE":"2023年年报","PER_NETCASH_OPERATE":0.389373244942,"PER_OI":6.919989275759,"BPS":2.488099086785,"BASIC_EPS":0.44692915,"DILUTED_EPS":0.44692915,"OPERATE_INCOME":3693890275.4,"OPERATE_INCOME_YOY":0.5815941174,"GROSS_PROFIT":678726732.6,"GROSS_PROFIT_YOY":2.567262525631,"HOLDER_PROFIT":238884990.5,"HOLDER_PROFIT_YOY":-9.9539022482,"GROSS_PROFIT_RATIO":18.37430681469,"EPS_TTM":0.468829694455,"OPERATE_INCOME_QOQ":0,"NET_PROFIT_RATIO":6.6762003677,"ROE_AVG":16.441963164537,"GROSS_PROFIT_QOQ":0,"ROA":8.438755057056,"HOLDER_PROFIT_QOQ":0,"ROE_YEARLY":16.441963164537,"ROIC_YEARLY":10.276375256363,"TOTAL_ASSETS":2874204989.85,"TOTAL_LIABILITIES":1392525165.05,"TAX_EBT":28.558822834242,"OCF_SALES":5.626789716365,"TOTAL_PARENT_EQUITY":1428616733.65,"DEBT_ASSET_RATIO":48.4490553029,"OPERATE_PROFIT":384611089.9,"PRETAX_PROFIT":345195202.45,"NETCASH_OPERATE":207847438.15,"NETCASH_INVEST":-246306915.35,"NETCASH_FINANCE":38568263.2,"END_CASH":444262079.9,"DIVI_RATIO":0.577859728606,"DIVIDEND_RATE":7.874015748031,"CURRENT_RATIO":1.364191425137,"COMMON_ACS":10000000000,"CURRENTDEBT_DEBT":78.848438646391,"ISSUED_COMMON_SHARES":574180000,"HK_COMMON_SHARES":574180000,"PER_SHARES":2000,"TOTAL_MARKET_CAP":2187625800,"HKSK_MARKET_CAP":2187625800,"PE_TTM":10.058743361611,"PB_TTM":1.128713861305,"REPORT_DATE_SQ":"2022-12-31 00:00:00","REPORT_TYPE_SQ":"2022年年报","OPERATE_INCOME_SQ":3546379578.87,"DPS_HKD":0.3,"OPERATE_INCOME_QOQ_SQ":0,"NET_PROFIT_RATIO_SQ":7.4286608574,"HOLDER_PROFIT_SQ":256179106.99,"HOLDER_PROFIT_QOQ_SQ":0,"ROE_AVG_SQ":17.719046435456,"PE_TTM_SQ":8.080069884316,"PB_TTM_SQ":1.343602277579,"ROA_SQ":9.439740883647,"START_DATE":"2023-04-01 00:00:00","FISCAL_YEAR":"3-31","CURRENCY":"HKD","IS_CNY_CODE":0,"DPS_HKD_LY":0.36,"ORG_TYPE":"一般企业","PREMIUM_INCOME":null,"PREMIUM_INCOME_YOY":null,"NET_INTEREST_INCOME":null,"NET_INTEREST_INCOME_YOY":null,"FEE_COMMISSION_INCOME":null,"FEE_COMMISSION_INCOME_YOY":null,"ACCOUNTS_RECE_TDAYS":12.16890926331,"INVENTORY_TDAYS":4.813094722127,"CURRENT_ASSETS_TDAYS":2.458721342626,"TOTAL_ASSETS_TDAYS":1.304888816016,"PREMIUM_EXPENSE":null,"LOAN_DEPOSIT":null,"LOAN_EQUITY":null,"LOAN_ASSETS":null,"DEPOSIT_EQUITY":null,"DEPOSIT_ASSETS":null,"EQUITY_MULTIPLIER":1.939828660514,"EQUITY_RATIO":0.974736703169},{"SECUCODE":"02368.HK","SECURITY_CODE":"02368","SECURITY_NAME_ABBR":"鹰美","ORG_CODE":"10010604","STD_REPORT_DATE":"2023-06-30 00:00:00","REPORT_DATE":"2023-09-30 00:00:00","DATE_TYPE_CODE":"002","REPORT_TYPE":"2023年中报","PER_NETCASH_OPERATE":0.299426210247,"PER_OI":4.335306663001,"BPS":2.717509992093,"BASIC_EPS":0.394030322,"DILUTED_EPS":0.394030322,"OPERATE_INCOME":2314186696.71,"OPERATE_INCOME_YOY":-1.0063767024,"GROSS_PROFIT":475206624.69,"GROSS_PROFIT_YOY":0.310681400615,"HOLDER_PROFIT":210343736.75,"HOLDER_PROFIT_YOY":-4.1344814751,"GROSS_PROFIT_RATIO":20.534498161518,"EPS_TTM":0.479915899194,"OPERATE_INCOME_QOQ":0,"NET_PROFIT_RATIO":9.366327282,"ROE_AVG":13.767870903649,"GROSS_PROFIT_QOQ":0,"ROA":7.198681893003,"HOLDER_PROFIT_QOQ":0,"ROE_YEARLY":27.535741807299,"ROIC_YEARLY":17.988670806147,"TOTAL_ASSETS":3022471341.4,"TOTAL_LIABILITIES":1410350510.87,"TAX_EBT":27.672428311159,"OCF_SALES":6.90669042637,"TOTAL_PARENT_EQUITY":1560339887.26,"DEBT_ASSET_RATIO":46.6621632289,"OPERATE_PROFIT":319318722.66,"PRETAX_PROFIT":299684193.55,"NETCASH_OPERATE":159833711.03,"NETCASH_INVEST":-55730422.79,"NETCASH_FINANCE":54066759.6,"END_CASH":593541436.6,"DIVI_RATIO":0.564510991311,"DIVIDEND_RATE":7.874015748031,"CURRENT_RATIO":1.578934956014,"COMMON_ACS":10000000000,"CURRENTDEBT_DEBT":79.455401578062,"ISSUED_COMMON_SHARES":574180000,"HK_COMMON_SHARES":574180000,"PER_SHARES":2000,"TOTAL_MARKET_CAP":2187625800,"HKSK_MARKET_CAP":2187625800,"PE_TTM":10.058743361611,"PB_TTM":1.128713861305,"REPORT_DATE_SQ":"2022-06-30 00:00:00","REPORT_TYPE_SQ":"2022年中报","OPERATE_INCOME_SQ":2304110644.2,"DPS_HKD":0.3,"OPERATE_INCOME_QOQ_SQ":0,"NET_PROFIT_RATIO_SQ":9.6507043028,"HOLDER_PROFIT_SQ":216261552.84,"HOLDER_PROFIT_QOQ_SQ":0,"ROE_AVG_SQ":14.146324003362,"PE_TTM_SQ":8.080069884316,"PB_TTM_SQ":1.343602277579,"ROA_SQ":7.502172345303,"START_DATE":"2023-04-01 00:00:00","FISCAL_YEAR":"3-31","CURRENCY":"HKD","IS_CNY_CODE":0,"DPS_HKD_LY":0.36,"ORG_TYPE":"一般企业","PREMIUM_INCOME":null,"PREMIUM_INCOME_YOY":null,"NET_INTEREST_INCOME":null,"NET_INTEREST_INCOME_YOY":null,"FEE_COMMISSION_INCOME":null,"FEE_COMMISSION_INCOME_YOY":null,"ACCOUNTS_RECE_TDAYS":4.831411337715,"INVENTORY_TDAYS":3.435885346704,"CURRENT_ASSETS_TDAYS":1.404821336162,"TOTAL_ASSETS_TDAYS":0.791993815838,"PREMIUM_EXPENSE":null,"LOAN_DEPOSIT":null,"LOAN_EQUITY":null,"LOAN_ASSETS":null,"DEPOSIT_EQUITY":null,"DEPOSIT_ASSETS":null,"EQUITY_MULTIPLIER":1.874841689384,"EQUITY_RATIO":0.903873907464},{"SECUCODE":"02368.HK","SECURITY_CODE":"02368","SECURITY_NAME_ABBR":"鹰美","ORG_CODE":"10010604","STD_REPORT_DATE":"2022-12-31 00:00:00","REPORT_DATE":"2023-03-31 00:00:00","DATE_TYPE_CODE":"001","REPORT_TYPE":"2022年年报","PER_NETCASH_OPERATE":0.910595315755,"PER_OI":6.643648517928,"BPS":2.484305575464,"BASIC_EPS":0.47972468,"DILUTED_EPS":0.47972468,"OPERATE_INCOME":3546379578.87,"OPERATE_INCOME_YOY":10.4334049092,"GROSS_PROFIT":661738176.38,"GROSS_PROFIT_YOY":25.487458963483,"HOLDER_PROFIT":256179106.99,"HOLDER_PROFIT_YOY":6.556386159,"GROSS_PROFIT_RATIO":18.659541700577,"EPS_TTM":0.560710928456,"OPERATE_INCOME_QOQ":0,"NET_PROFIT_RATIO":7.4286608574,"ROE_AVG":17.719046435456,"GROSS_PROFIT_QOQ":0,"ROA":9.439740883647,"HOLDER_PROFIT_QOQ":0,"ROE_YEARLY":17.719046435456,"ROIC_YEARLY":11.413183902691,"TOTAL_ASSETS":2691664271.27,"TOTAL_LIABILITIES":1219009300.41,"TAX_EBT":24.659526742172,"OCF_SALES":13.706253624009,"TOTAL_PARENT_EQUITY":1426438575.32,"DEBT_ASSET_RATIO":45.2883115261,"OPERATE_PROFIT":368613265.75,"PRETAX_PROFIT":349677272.04,"NETCASH_OPERATE":486075779.55,"NETCASH_INVEST":-169067057.89,"NETCASH_FINANCE":-237956572.43,"END_CASH":451174933.67,"DIVI_RATIO":0.483168396139,"DIVIDEND_RATE":7.874015748031,"CURRENT_RATIO":1.338394261204,"COMMON_ACS":10000000000,"CURRENTDEBT_DEBT":89.187225000198,"ISSUED_COMMON_SHARES":574180000,"HK_COMMON_SHARES":574180000,"PER_SHARES":2000,"TOTAL_MARKET_CAP":2187625800,"HKSK_MARKET_CAP":2187625800,"PE_TTM":10.058743361611,"PB_TTM":1.128713861305,"REPORT_DATE_SQ":"2021-12-31 00:00:00","REPORT_TYPE_SQ":"2021年年报","OPERATE_INCOME_SQ":2975085564.71,"DPS_HKD":0.3,"OPERATE_INCOME_QOQ_SQ":0,"NET_PROFIT_RATIO_SQ":7.7031739701,"HOLDER_PROFIT_SQ":222730109.33,"HOLDER_PROFIT_QOQ_SQ":0,"ROE_AVG_SQ":17.23827768495,"PE_TTM_SQ":8.080069884316,"PB_TTM_SQ":1.343602277579,"ROA_SQ":9.63956196158,"START_DATE":"2022-04-01 00:00:00","FISCAL_YEAR":"3-31","CURRENCY":"HKD","IS_CNY_CODE":0,"DPS_HKD_LY":0.44,"ORG_TYPE":"一般企业","PREMIUM_INCOME":null,"PREMIUM_INCOME_YOY":null,"NET_INTEREST_INCOME":null,"NET_INTEREST_INCOME_YOY":null,"FEE_COMMISSION_INCOME":null,"FEE_COMMISSION_INCOME_YOY":null,"ACCOUNTS_RECE_TDAYS":10.96440654112,"INVENTORY_TDAYS":4.686837639904,"CURRENT_ASSETS_TDAYS":2.394753199447,"TOTAL_ASSETS_TDAYS":1.306777304868,"PREMIUM_EXPENSE":null,"LOAN_DEPOSIT":null,"LOAN_EQUITY":null,"LOAN_ASSETS":null,"DEPOSIT_EQUITY":null,"DEPOSIT_ASSETS":null,"EQUITY_MULTIPLIER":1.827763002557,"EQUITY_RATIO":0.854582399482},{"SECUCODE":"02368.HK","SECURITY_CODE":"02368","SECURITY_NAME_ABBR":"鹰美","ORG_CODE":"10010604","STD_REPORT_DATE":"2022-06-30 00:00:00","REPORT_DATE":"2022-09-30 00:00:00","DATE_TYPE_CODE":"002","REPORT_TYPE":"2022年中报","PER_NETCASH_OPERATE":0.284485180442,"PER_OI":4.316430581117,"BPS":2.688668347208,"BASIC_EPS":0.405098676,"DILUTED_EPS":0.405098676,"OPERATE_INCOME":2304110644.2,"OPERATE_INCOME_YOY":26.1896742172,"GROSS_PROFIT":473734818.72,"GROSS_PROFIT_YOY":53.830505331283,"HOLDER_PROFIT":216261552.84,"HOLDER_PROFIT_YOY":42.6029962547,"GROSS_PROFIT_RATIO":20.560419696533,"EPS_TTM":0.417253857868,"OPERATE_INCOME_QOQ":0,"NET_PROFIT_RATIO":9.6507043028,"ROE_AVG":14.146324003362,"GROSS_PROFIT_QOQ":0,"ROA":7.502172345303,"HOLDER_PROFIT_QOQ":0,"ROE_YEARLY":28.292648006723,"ROIC_YEARLY":17.813854160342,"TOTAL_ASSETS":2938566259.8,"TOTAL_LIABILITIES":1350139892.04,"TAX_EBT":25.854451471258,"OCF_SALES":6.590750739434,"TOTAL_PARENT_EQUITY":1543779591.6,"DEBT_ASSET_RATIO":45.945531687,"OPERATE_PROFIT":306834887.76,"PRETAX_PROFIT":299900546.28,"NETCASH_OPERATE":151858189.32,"NETCASH_INVEST":-93747014.88,"NETCASH_FINANCE":-23913393.6,"END_CASH":408897324,"DIVI_RATIO":0.649287705533,"DIVIDEND_RATE":7.874015748031,"CURRENT_RATIO":1.33449026174,"COMMON_ACS":10000000000,"CURRENTDEBT_DEBT":95.499905880997,"ISSUED_COMMON_SHARES":574180000,"HK_COMMON_SHARES":574180000,"PER_SHARES":2000,"TOTAL_MARKET_CAP":2187625800,"HKSK_MARKET_CAP":2187625800,"PE_TTM":10.058743361611,"PB_TTM":1.128713861305,"REPORT_DATE_SQ":"2021-06-30 00:00:00","REPORT_TYPE_SQ":"2021年中报","OPERATE_INCOME_SQ":1681806519.8,"DPS_HKD":0.3,"OPERATE_INCOME_QOQ_SQ":0,"NET_PROFIT_RATIO_SQ":8.6126617893,"HOLDER_PROFIT_SQ":139684168.56,"HOLDER_PROFIT_QOQ_SQ":0,"ROE_AVG_SQ":10.642179591699,"PE_TTM_SQ":8.080069884316,"PB_TTM_SQ":1.343602277579,"ROA_SQ":6.304659009,"START_DATE":"2022-04-01 00:00:00","FISCAL_YEAR":"3-31","CURRENCY":"HKD","IS_CNY_CODE":0,"DPS_HKD_LY":0.44,"ORG_TYPE":"一般企业","PREMIUM_INCOME":null,"PREMIUM_INCOME_YOY":null,"NET_INTEREST_INCOME":null,"NET_INTEREST_INCOME_YOY":null,"FEE_COMMISSION_INCOME":null,"FEE_COMMISSION_INCOME_YOY":null,"ACCOUNTS_RECE_TDAYS":4.079328618655,"INVENTORY_TDAYS":3.358102188328,"CURRENT_ASSETS_TDAYS":1.406094120446,"TOTAL_ASSETS_TDAYS":0.799302276731,"PREMIUM_EXPENSE":null,"LOAN_DEPOSIT":null,"LOAN_EQUITY":null,"LOAN_ASSETS":null,"DEPOSIT_EQUITY":null,"DEPOSIT_ASSETS":null,"EQUITY_MULTIPLIER":1.849985822096,"EQUITY_RATIO":0.874567781169},{"SECUCODE":"02368.HK","SECURITY_CODE":"02368","SECURITY_NAME_ABBR":"鹰美","ORG_CODE":"10010604","STD_REPORT_DATE":"2021-12-31 00:00:00","REPORT_DATE":"2022-03-31 00:00:00","DATE_TYPE_CODE":"001","REPORT_TYPE":"2021年年报","PER_NETCASH_OPERATE":0.267168389809,"PER_OI":5.573408701218,"BPS":2.363973101623,"BASIC_EPS":0.41767015,"DILUTED_EPS":0.41767015,"OPERATE_INCOME":2975085564.71,"OPERATE_INCOME_YOY":12.9120387827,"GROSS_PROFIT":527334111.19,"GROSS_PROFIT_YOY":-4.364740337677,"HOLDER_PROFIT":222730109.33,"HOLDER_PROFIT_YOY":-12.4142505876,"GROSS_PROFIT_RATIO":17.725006549229,"EPS_TTM":0.378196852192,"OPERATE_INCOME_QOQ":0,"NET_PROFIT_RATIO":7.7031739701,"ROE_AVG":17.23827768495,"GROSS_PROFIT_QOQ":0,"ROA":9.63956196158,"HOLDER_PROFIT_QOQ":0,"ROE_YEARLY":17.23827768495,"ROIC_YEARLY":11.653392688057,"TOTAL_ASSETS":2534732276.02,"TOTAL_LIABILITIES":1138425280.13,"TAX_EBT":22.354631832895,"OCF_SALES":4.793626380756,"TOTAL_PARENT_EQUITY":1357346075.49,"DEBT_ASSET_RATIO":44.9130383867,"OPERATE_PROFIT":299316216.66,"PRETAX_PROFIT":295157357.38,"NETCASH_OPERATE":142614486.48,"NETCASH_INVEST":-154326281.89,"NETCASH_FINANCE":12198401.41,"END_CASH":369691609.41,"DIVI_RATIO":0.71634070572,"DIVIDEND_RATE":7.874015748031,"CURRENT_RATIO":1.295606844169,"COMMON_ACS":10000000000,"CURRENTDEBT_DEBT":94.636866652941,"ISSUED_COMMON_SHARES":574180000,"HK_COMMON_SHARES":574180000,"PER_SHARES":2000,"TOTAL_MARKET_CAP":2187625800,"HKSK_MARKET_CAP":2187625800,"PE_TTM":10.058743361611,"PB_TTM":1.128713861305,"REPORT_DATE_SQ":"2020-12-31 00:00:00","REPORT_TYPE_SQ":"2020年年报","OPERATE_INCOME_SQ":2745884172.5,"DPS_HKD":0.3,"OPERATE_INCOME_QOQ_SQ":0,"NET_PROFIT_RATIO_SQ":10.0568658382,"HOLDER_PROFIT_SQ":265013795.62,"HOLDER_PROFIT_QOQ_SQ":0,"ROE_AVG_SQ":22.297489248908,"PE_TTM_SQ":8.080069884316,"PB_TTM_SQ":1.343602277579,"ROA_SQ":12.676774374043,"START_DATE":"2021-04-01 00:00:00","FISCAL_YEAR":"3-31","CURRENCY":"HKD","IS_CNY_CODE":0,"DPS_HKD_LY":0.34,"ORG_TYPE":"一般企业","PREMIUM_INCOME":null,"PREMIUM_INCOME_YOY":null,"NET_INTEREST_INCOME":null,"NET_INTEREST_INCOME_YOY":null,"FEE_COMMISSION_INCOME":null,"FEE_COMMISSION_INCOME_YOY":null,"ACCOUNTS_RECE_TDAYS":9.889271845249,"INVENTORY_TDAYS":4.637335740488,"CURRENT_ASSETS_TDAYS":2.314700553282,"TOTAL_ASSETS_TDAYS":1.287590695676,"PREMIUM_EXPENSE":null,"LOAN_DEPOSIT":null,"LOAN_EQUITY":null,"LOAN_ASSETS":null,"DEPOSIT_EQUITY":null,"DEPOSIT_ASSETS":null,"EQUITY_MULTIPLIER":1.815311592278,"EQUITY_RATIO":0.838714091186},{"SECUCODE":"02368.HK","SECURITY_CODE":"02368","SECURITY_NAME_ABBR":"鹰美","ORG_CODE":"10010604","STD_REPORT_DATE":"2021-06-30 00:00:00","REPORT_DATE":"2021-09-30 00:00:00","DATE_TYPE_CODE":"002","REPORT_TYPE":"2021年中报","PER_NETCASH_OPERATE":0.321747502368,"PER_OI":3.161290450752,"BPS":2.377237356787,"BASIC_EPS":0.262580512,"DILUTED_EPS":0.262580512,"OPERATE_INCOME":1681806519.8,"OPERATE_INCOME_YOY":4.9367026101,"GROSS_PROFIT":307958956.32,"GROSS_PROFIT_YOY":-18.957570460327,"HOLDER_PROFIT":139684168.56,"HOLDER_PROFIT_YOY":-27.3529195135,"GROSS_PROFIT_RATIO":18.311200051515,"EPS_TTM":0.498146232368,"OPERATE_INCOME_QOQ":0,"NET_PROFIT_RATIO":8.6126617893,"ROE_AVG":10.642179591699,"GROSS_PROFIT_QOQ":0,"ROA":6.304659009,"HOLDER_PROFIT_QOQ":0,"ROE_YEARLY":21.284359183399,"ROIC_YEARLY":15.4940330887,"TOTAL_ASSETS":2287980129.62,"TOTAL_LIABILITIES":885271202.44,"TAX_EBT":24.48163236942,"OCF_SALES":10.17772670309,"TOTAL_PARENT_EQUITY":1364962145.52,"DEBT_ASSET_RATIO":38.6922592106,"OPERATE_PROFIT":193902212.54,"PRETAX_PROFIT":191805400.52,"NETCASH_OPERATE":171169671.26,"NETCASH_INVEST":-56546446.68,"NETCASH_FINANCE":-103985881.44,"END_CASH":386717281.78,"DIVI_RATIO":0.543851950284,"DIVIDEND_RATE":7.874015748031,"CURRENT_RATIO":1.598665854891,"COMMON_ACS":10000000000,"CURRENTDEBT_DEBT":92.582579417583,"ISSUED_COMMON_SHARES":574180000,"HK_COMMON_SHARES":574180000,"PER_SHARES":2000,"TOTAL_MARKET_CAP":2187625800,"HKSK_MARKET_CAP":2187625800,"PE_TTM":10.058743361611,"PB_TTM":1.128713861305,"REPORT_DATE_SQ":"2020-06-30 00:00:00","REPORT_TYPE_SQ":"2020年中报","OPERATE_INCOME_SQ":1690529865.6,"DPS_HKD":0.3,"OPERATE_INCOME_QOQ_SQ":0,"NET_PROFIT_RATIO_SQ":12.3395474191,"HOLDER_PROFIT_SQ":202816484.48,"HOLDER_PROFIT_QOQ_SQ":0,"ROE_AVG_SQ":16.291982158575,"PE_TTM_SQ":8.080069884316,"PB_TTM_SQ":1.343602277579,"ROA_SQ":9.365507547704,"START_DATE":"2021-04-01 00:00:00","FISCAL_YEAR":"3-31","CURRENCY":"HKD","IS_CNY_CODE":0,"DPS_HKD_LY":0.34,"ORG_TYPE":"一般企业","PREMIUM_INCOME":null,"PREMIUM_INCOME_YOY":null,"NET_INTEREST_INCOME":null,"NET_INTEREST_INCOME_YOY":null,"FEE_COMMISSION_INCOME":null,"FEE_COMMISSION_INCOME_YOY":null,"ACCOUNTS_RECE_TDAYS":4.818049038934,"INVENTORY_TDAYS":2.933711412005,"CURRENT_ASSETS_TDAYS":1.336373911705,"TOTAL_ASSETS_TDAYS":0.759085065671,"PREMIUM_EXPENSE":null,"LOAN_DEPOSIT":null,"LOAN_EQUITY":null,"LOAN_ASSETS":null,"DEPOSIT_EQUITY":null,"DEPOSIT_ASSETS":null,"EQUITY_MULTIPLIER":1.631115397703,"EQUITY_RATIO":0.648568317697},{"SECUCODE":"02368.HK","SECURITY_CODE":"02368","SECURITY_NAME_ABBR":"鹰美","ORG_CODE":"10010604","STD_REPORT_DATE":"2020-12-31 00:00:00","REPORT_DATE":"2021-03-31 00:00:00","DATE_TYPE_CODE":"001","REPORT_TYPE":"2020年年报","PER_NETCASH_OPERATE":0.653875413421,"PER_OI":5.161436414474,"BPS":2.22661168111,"BASIC_EPS":0.49781102,"DILUTED_EPS":0.49781102,"OPERATE_INCOME":2745884172.5,"OPERATE_INCOME_YOY":7.6813318662,"GROSS_PROFIT":551401348.26,"GROSS_PROFIT_YOY":12.200749677304,"HOLDER_PROFIT":265013795.62,"HOLDER_PROFIT_YOY":40.3212236751,"GROSS_PROFIT_RATIO":20.081012658228,"EPS_TTM":0.49529418094,"OPERATE_INCOME_QOQ":0,"NET_PROFIT_RATIO":10.0568658382,"ROE_AVG":22.297489248908,"GROSS_PROFIT_QOQ":0,"ROA":12.676774374043,"HOLDER_PROFIT_QOQ":0,"ROE_YEARLY":22.297489248908,"ROIC_YEARLY":15.287130682324,"TOTAL_ASSETS":2174341339.66,"TOTAL_LIABILITIES":863405461.52,"TAX_EBT":22.645400178983,"OCF_SALES":12.668477549921,"TOTAL_PARENT_EQUITY":1278475895.06,"DEBT_ASSET_RATIO":39.7088279458,"OPERATE_PROFIT":361498699.24,"PRETAX_PROFIT":356992199.48,"NETCASH_OPERATE":347861719.94,"NETCASH_INVEST":20717897.34,"NETCASH_FINANCE":-268020946.06,"END_CASH":373903406.1,"DIVI_RATIO":0.546983611812,"DIVIDEND_RATE":7.874015748031,"CURRENT_RATIO":1.514579532087,"COMMON_ACS":10000000000,"CURRENTDEBT_DEBT":93.618706219092,"ISSUED_COMMON_SHARES":574180000,"HK_COMMON_SHARES":574180000,"PER_SHARES":2000,"TOTAL_MARKET_CAP":2187625800,"HKSK_MARKET_CAP":2187625800,"PE_TTM":10.058743361611,"PB_TTM":1.128713861305,"REPORT_DATE_SQ":"2019-12-31 00:00:00","REPORT_TYPE_SQ":"2019年年报","OPERATE_INCOME_SQ":2756742544,"DPS_HKD":0.3,"OPERATE_INCOME_QOQ_SQ":0,"NET_PROFIT_RATIO_SQ":7.518096728,"HOLDER_PROFIT_SQ":204173574.6,"HOLDER_PROFIT_QOQ_SQ":0,"ROE_AVG_SQ":17.16321328091,"PE_TTM_SQ":8.080069884316,"PB_TTM_SQ":1.343602277579,"ROA_SQ":9.295081977442,"START_DATE":"2020-04-01 00:00:00","FISCAL_YEAR":"3-31","CURRENCY":"HKD","IS_CNY_CODE":0,"DPS_HKD_LY":0.39,"ORG_TYPE":"一般企业","PREMIUM_INCOME":null,"PREMIUM_INCOME_YOY":null,"NET_INTEREST_INCOME":null,"NET_INTEREST_INCOME_YOY":null,"FEE_COMMISSION_INCOME":null,"FEE_COMMISSION_INCOME_YOY":null,"ACCOUNTS_RECE_TDAYS":10.976114461393,"INVENTORY_TDAYS":4.543942822442,"CURRENT_ASSETS_TDAYS":2.420677659355,"TOTAL_ASSETS_TDAYS":1.313477059962,"PREMIUM_EXPENSE":null,"LOAN_DEPOSIT":null,"LOAN_EQUITY":null,"LOAN_ASSETS":null,"DEPOSIT_EQUITY":null,"DEPOSIT_ASSETS":null,"EQUITY_MULTIPLIER":1.658617615032,"EQUITY_RATIO":0.675339648449},{"SECUCODE":"02368.HK","SECURITY_CODE":"02368","SECURITY_NAME_ABBR":"鹰美","ORG_CODE":"10010604","STD_REPORT_DATE":"2020-06-30 00:00:00","REPORT_DATE":"2020-09-30 00:00:00","DATE_TYPE_CODE":"002","REPORT_TYPE":"2020年中报","PER_NETCASH_OPERATE":0.377164132331,"PER_OI":3.177687717293,"BPS":2.346958920478,"BASIC_EPS":0.381276608,"DILUTED_EPS":0.381276608,"OPERATE_INCOME":1690529865.6,"OPERATE_INCOME_YOY":1.6839905412,"GROSS_PROFIT":379997191.68,"GROSS_PROFIT_YOY":16.384208478771,"HOLDER_PROFIT":202816484.48,"HOLDER_PROFIT_YOY":45.0880677889,"GROSS_PROFIT_RATIO":22.477993403869,"EPS_TTM":0.383784914662,"OPERATE_INCOME_QOQ":0,"NET_PROFIT_RATIO":12.3395474191,"ROE_AVG":16.291982158575,"GROSS_PROFIT_QOQ":0,"ROA":9.365507547704,"HOLDER_PROFIT_QOQ":0,"ROE_YEARLY":32.583964317151,"ROIC_YEARLY":22.177068047459,"TOTAL_ASSETS":2244750871.68,"TOTAL_LIABILITIES":870250896.64,"TAX_EBT":22.637863274045,"OCF_SALES":11.869137746868,"TOTAL_PARENT_EQUITY":1347576872.96,"DEBT_ASSET_RATIO":38.7682618868,"OPERATE_PROFIT":272571035.52,"PRETAX_PROFIT":269645776.64,"NETCASH_OPERATE":200651318.4,"NETCASH_INVEST":-7595655.68,"NETCASH_FINANCE":-184205194.88,"END_CASH":326298612.48,"DIVI_RATIO":0.705910497391,"DIVIDEND_RATE":7.874015748031,"CURRENT_RATIO":1.543261658452,"COMMON_ACS":10000000000,"CURRENTDEBT_DEBT":93.213390659173,"ISSUED_COMMON_SHARES":574180000,"HK_COMMON_SHARES":574180000,"PER_SHARES":2000,"TOTAL_MARKET_CAP":2187625800,"HKSK_MARKET_CAP":2187625800,"PE_TTM":10.058743361611,"PB_TTM":1.128713861305,"REPORT_DATE_SQ":"2019-06-30 00:00:00","REPORT_TYPE_SQ":"2019年中报","OPERATE_INCOME_SQ":1706597507.94,"DPS_HKD":0.3,"OPERATE_INCOME_QOQ_SQ":0,"NET_PROFIT_RATIO_SQ":8.5543083118,"HOLDER_PROFIT_SQ":143493554.82,"HOLDER_PROFIT_QOQ_SQ":0,"ROE_AVG_SQ":12.002719213993,"PE_TTM_SQ":8.080069884316,"PB_TTM_SQ":1.343602277579,"ROA_SQ":6.500678337338,"START_DATE":"2020-04-01 00:00:00","FISCAL_YEAR":"3-31","CURRENCY":"HKD","IS_CNY_CODE":0,"DPS_HKD_LY":0.39,"ORG_TYPE":"一般企业","PREMIUM_INCOME":null,"PREMIUM_INCOME_YOY":null,"NET_INTEREST_INCOME":null,"NET_INTEREST_INCOME_YOY":null,"FEE_COMMISSION_INCOME":null,"FEE_COMMISSION_INCOME_YOY":null,"ACCOUNTS_RECE_TDAYS":4.345995802771,"INVENTORY_TDAYS":3.266115018346,"CURRENT_ASSETS_TDAYS":1.446276440794,"TOTAL_ASSETS_TDAYS":0.780640205676,"PREMIUM_EXPENSE":null,"LOAN_DEPOSIT":null,"LOAN_EQUITY":null,"LOAN_ASSETS":null,"DEPOSIT_EQUITY":null,"DEPOSIT_ASSETS":null,"EQUITY_MULTIPLIER":1.633139987226,"EQUITY_RATIO":0.645789427009}],"count":45},"success":true,"message":"ok","code":0}