{"version":"fee8403cc37f31f8e120028a0662bd0d","result":{"pages":3,"data":[{"SECUCODE":"02363.HK","SECURITY_CODE":"02363","SECURITY_NAME_ABBR":"通达宏泰","ORG_CODE":"10567487","STD_REPORT_DATE":"2024-06-30 00:00:00","REPORT_DATE":"2024-06-30 00:00:00","DATE_TYPE_CODE":"002","REPORT_TYPE":"2024年中报","PER_NETCASH_OPERATE":0.028043055434,"PER_OI":0.0946581605,"BPS":-0.763857077907,"BASIC_EPS":-0.058320252,"DILUTED_EPS":-0.058320252,"OPERATE_INCOME":19331475.08,"OPERATE_INCOME_YOY":-54.7762404988,"GROSS_PROFIT":-5884047.96,"GROSS_PROFIT_YOY":3.274186166584,"HOLDER_PROFIT":-21606786.32,"HOLDER_PROFIT_YOY":51.2007090883,"GROSS_PROFIT_RATIO":-30.437656390161,"EPS_TTM":-0.05472211251,"OPERATE_INCOME_QOQ":-28.839382575431,"NET_PROFIT_RATIO":-111.7699825315,"ROE_AVG":11.716263900505,"GROSS_PROFIT_QOQ":66.40114133,"ROA":-20.286725451383,"HOLDER_PROFIT_QOQ":67.415117418533,"ROE_YEARLY":23.432527801011,"ROIC_YEARLY":-68.464508292725,"TOTAL_ASSETS":132973825.28,"TOTAL_LIABILITIES":288971828.92,"TAX_EBT":null,"OCF_SALES":29.625607856097,"TOTAL_PARENT_EQUITY":-155998003.64,"DEBT_ASSET_RATIO":217.314819899,"OPERATE_PROFIT":-17523456,"PRETAX_PROFIT":-21606786.32,"NETCASH_OPERATE":5727067,"NETCASH_INVEST":1068748.28,"NETCASH_FINANCE":68263900.6,"END_CASH":81045984,"DIVI_RATIO":null,"DIVIDEND_RATE":null,"CURRENT_RATIO":0.553372828157,"COMMON_ACS":600000000,"CURRENTDEBT_DEBT":77.783392658053,"ISSUED_COMMON_SHARES":204224073,"HK_COMMON_SHARES":204224073,"PER_SHARES":5000,"TOTAL_MARKET_CAP":50647570.104,"HKSK_MARKET_CAP":50647570.104,"PE_TTM":-3.893870231721,"PB_TTM":-0.296318050257,"REPORT_DATE_SQ":"2023-06-30 00:00:00","REPORT_TYPE_SQ":"2023年中报","OPERATE_INCOME_SQ":43181855.28,"DPS_HKD":null,"OPERATE_INCOME_QOQ_SQ":-20.014899923786,"NET_PROFIT_RATIO_SQ":-103.5805790418,"HOLDER_PROFIT_SQ":-44728015.74,"HOLDER_PROFIT_QOQ_SQ":-9.29965161218,"ROE_AVG_SQ":21.968383062161,"PE_TTM_SQ":-0.160583045835,"PB_TTM_SQ":-0.168584461772,"ROA_SQ":-38.784336925586,"START_DATE":"2024-01-01 00:00:00","FISCAL_YEAR":"12-31","CURRENCY":"HKD","IS_CNY_CODE":0,"DPS_HKD_LY":null,"ORG_TYPE":"一般企业","PREMIUM_INCOME":null,"PREMIUM_INCOME_YOY":null,"NET_INTEREST_INCOME":null,"NET_INTEREST_INCOME_YOY":null,"FEE_COMMISSION_INCOME":null,"FEE_COMMISSION_INCOME_YOY":null,"ACCOUNTS_RECE_TDAYS":0.948417140554,"INVENTORY_TDAYS":1.023183467891,"CURRENT_ASSETS_TDAYS":0.190037413532,"TOTAL_ASSETS_TDAYS":0.18150423747,"PREMIUM_EXPENSE":null,"LOAN_DEPOSIT":null,"LOAN_EQUITY":null,"LOAN_ASSETS":null,"DEPOSIT_EQUITY":null,"DEPOSIT_ASSETS":null,"EQUITY_MULTIPLIER":-0.852407224305,"EQUITY_RATIO":-1.852407224306},{"SECUCODE":"02363.HK","SECURITY_CODE":"02363","SECURITY_NAME_ABBR":"通达宏泰","ORG_CODE":"10567487","STD_REPORT_DATE":"2023-12-31 00:00:00","REPORT_DATE":"2023-12-31 00:00:00","DATE_TYPE_CODE":"001","REPORT_TYPE":"2023年年报","PER_NETCASH_OPERATE":-0.005556488325,"PER_OI":0.121485282238,"BPS":-1.034792787528,"BASIC_EPS":-0.503767698,"DILUTED_EPS":-0.503767698,"OPERATE_INCOME":82700730.98,"OPERATE_INCOME_YOY":-39.3809160052,"GROSS_PROFIT":299958.82,"GROSS_PROFIT_YOY":100.294735987365,"HOLDER_PROFIT":-34296802.12,"HOLDER_PROFIT_YOY":83.6463964256,"GROSS_PROFIT_RATIO":0.362703952487,"EPS_TTM":-0.050381134919,"OPERATE_INCOME_QOQ":-23.113308894496,"NET_PROFIT_RATIO":-41.4709782049,"ROE_AVG":17.335977902881,"GROSS_PROFIT_QOQ":100.268270144724,"ROA":-32.336367947299,"HOLDER_PROFIT_QOQ":84.820915374625,"ROE_YEARLY":17.335977902881,"ROIC_YEARLY":-34.375141920307,"TOTAL_ASSETS":79473681.56,"TOTAL_LIABILITIES":290803279.34,"TAX_EBT":null,"OCF_SALES":-4.57379546127,"TOTAL_PARENT_EQUITY":-211329597.78,"DEBT_ASSET_RATIO":365.9114232936,"OPERATE_PROFIT":-23544501.82,"PRETAX_PROFIT":-34296802.12,"NETCASH_OPERATE":-3782562.28,"NETCASH_INVEST":6761307.42,"NETCASH_FINANCE":-3596787.18,"END_CASH":5691061.6,"DIVI_RATIO":null,"DIVIDEND_RATE":null,"CURRENT_RATIO":0.338016793345,"COMMON_ACS":600000000,"CURRENTDEBT_DEBT":79.867371773497,"ISSUED_COMMON_SHARES":204224073,"HK_COMMON_SHARES":204224073,"PER_SHARES":5000,"TOTAL_MARKET_CAP":68415064.455,"HKSK_MARKET_CAP":68415064.455,"PE_TTM":-5.259865030753,"PB_TTM":-0.400268334016,"REPORT_DATE_SQ":"2022-12-31 00:00:00","REPORT_TYPE_SQ":"2022年年报","OPERATE_INCOME_SQ":134477332.15,"DPS_HKD":null,"OPERATE_INCOME_QOQ_SQ":-42.426790481883,"NET_PROFIT_RATIO_SQ":-153.7234713873,"HOLDER_PROFIT_SQ":-206723223.21,"HOLDER_PROFIT_QOQ_SQ":-38.282935156834,"ROE_AVG_SQ":187.825811714004,"PE_TTM_SQ":-0.174191778533,"PB_TTM_SQ":-0.182871280566,"ROA_SQ":-79.770089189539,"START_DATE":"2023-01-01 00:00:00","FISCAL_YEAR":"12-31","CURRENCY":"HKD","IS_CNY_CODE":0,"DPS_HKD_LY":null,"ORG_TYPE":"一般企业","PREMIUM_INCOME":null,"PREMIUM_INCOME_YOY":null,"NET_INTEREST_INCOME":null,"NET_INTEREST_INCOME_YOY":null,"FEE_COMMISSION_INCOME":null,"FEE_COMMISSION_INCOME_YOY":null,"ACCOUNTS_RECE_TDAYS":2.019853478232,"INVENTORY_TDAYS":2.209108246984,"CURRENT_ASSETS_TDAYS":0.836816285361,"TOTAL_ASSETS_TDAYS":0.779734873567,"PREMIUM_EXPENSE":null,"LOAN_DEPOSIT":null,"LOAN_EQUITY":null,"LOAN_ASSETS":null,"DEPOSIT_EQUITY":null,"DEPOSIT_ASSETS":null,"EQUITY_MULTIPLIER":-0.376065077466,"EQUITY_RATIO":-1.376065077466},{"SECUCODE":"02363.HK","SECURITY_CODE":"02363","SECURITY_NAME_ABBR":"通达宏泰","ORG_CODE":"10567487","STD_REPORT_DATE":"2023-06-30 00:00:00","REPORT_DATE":"2023-06-30 00:00:00","DATE_TYPE_CODE":"002","REPORT_TYPE":"2023年中报","PER_NETCASH_OPERATE":0.000547163582,"PER_OI":0.063433053301,"BPS":-1.075560182075,"BASIC_EPS":-0.065737174,"DILUTED_EPS":-0.065737174,"OPERATE_INCOME":43181855.28,"OPERATE_INCOME_YOY":-42.8599314358,"GROSS_PROFIT":-6083224.04,"GROSS_PROFIT_YOY":-253.734626853946,"HOLDER_PROFIT":-44728015.74,"HOLDER_PROFIT_YOY":-62.6752062236,"GROSS_PROFIT_RATIO":-14.087454095141,"EPS_TTM":-0.331911549099,"OPERATE_INCOME_QOQ":-20.014899923786,"NET_PROFIT_RATIO":-103.5805790418,"ROE_AVG":21.968383062161,"GROSS_PROFIT_QOQ":-9.865370098529,"ROA":-38.784336925586,"HOLDER_PROFIT_QOQ":-9.29965161218,"ROE_YEARLY":43.936766124321,"ROIC_YEARLY":-80.736586340035,"TOTAL_ASSETS":95691382.22,"TOTAL_LIABILITIES":315346663.36,"TAX_EBT":null,"OCF_SALES":0.862584336835,"TOTAL_PARENT_EQUITY":-219655281.14,"DEBT_ASSET_RATIO":329.5455202382,"OPERATE_PROFIT":-44363833.64,"PRETAX_PROFIT":-44728015.74,"NETCASH_OPERATE":372479.92,"NETCASH_INVEST":885100.8,"NETCASH_FINANCE":-4855146.68,"END_CASH":2040341.74,"DIVI_RATIO":null,"DIVIDEND_RATE":null,"CURRENT_RATIO":0.681573309483,"COMMON_ACS":600000000,"CURRENTDEBT_DEBT":42.168861393086,"ISSUED_COMMON_SHARES":204224073,"HK_COMMON_SHARES":204224073,"PER_SHARES":5000,"TOTAL_MARKET_CAP":68415064.455,"HKSK_MARKET_CAP":68415064.455,"PE_TTM":-5.259865030753,"PB_TTM":-0.400268334016,"REPORT_DATE_SQ":"2022-06-30 00:00:00","REPORT_TYPE_SQ":"2022年中报","OPERATE_INCOME_SQ":70097358.73,"DPS_HKD":null,"OPERATE_INCOME_QOQ_SQ":-22.932126439751,"NET_PROFIT_RATIO_SQ":-36.3829345956,"HOLDER_PROFIT_SQ":-25503476.18,"HOLDER_PROFIT_QOQ_SQ":7.167133618377,"ROE_AVG_SQ":113.547060615291,"PE_TTM_SQ":-0.174191778533,"PB_TTM_SQ":-0.182871280566,"ROA_SQ":-7.966597032628,"START_DATE":"2023-01-01 00:00:00","FISCAL_YEAR":"12-31","CURRENCY":"HKD","IS_CNY_CODE":0,"DPS_HKD_LY":null,"ORG_TYPE":"一般企业","PREMIUM_INCOME":null,"PREMIUM_INCOME_YOY":null,"NET_INTEREST_INCOME":null,"NET_INTEREST_INCOME_YOY":null,"FEE_COMMISSION_INCOME":null,"FEE_COMMISSION_INCOME_YOY":null,"ACCOUNTS_RECE_TDAYS":0.938973536488,"INVENTORY_TDAYS":1.228029049458,"CURRENT_ASSETS_TDAYS":0.407654178072,"TOTAL_ASSETS_TDAYS":0.374436378753,"PREMIUM_EXPENSE":null,"LOAN_DEPOSIT":null,"LOAN_EQUITY":null,"LOAN_ASSETS":null,"DEPOSIT_EQUITY":null,"DEPOSIT_ASSETS":null,"EQUITY_MULTIPLIER":-0.435643439681,"EQUITY_RATIO":-1.435643439681},{"SECUCODE":"02363.HK","SECURITY_CODE":"02363","SECURITY_NAME_ABBR":"通达宏泰","ORG_CODE":"10567487","STD_REPORT_DATE":"2022-12-31 00:00:00","REPORT_DATE":"2022-12-31 00:00:00","DATE_TYPE_CODE":"001","REPORT_TYPE":"2022年年报","PER_NETCASH_OPERATE":-0.039023249292,"PER_OI":0.197543799883,"BPS":-0.889748634726,"BASIC_EPS":-3.341901724,"DILUTED_EPS":-3.341901724,"OPERATE_INCOME":134477332.15,"OPERATE_INCOME_YOY":-59.3882269155,"GROSS_PROFIT":-101772037.64,"GROSS_PROFIT_YOY":-12.368822090935,"HOLDER_PROFIT":-206723223.21,"HOLDER_PROFIT_YOY":-17.4974614135,"GROSS_PROFIT_RATIO":-75.679697100535,"EPS_TTM":-0.30367118669,"OPERATE_INCOME_QOQ":-42.426790481883,"NET_PROFIT_RATIO":-153.7234713873,"ROE_AVG":187.825811714004,"GROSS_PROFIT_QOQ":-15.36674657732,"ROA":-79.770089189539,"HOLDER_PROFIT_QOQ":-38.282935156834,"ROE_YEARLY":187.825811714004,"ROIC_YEARLY":-82.417946380239,"TOTAL_ASSETS":130755969.33,"TOTAL_LIABILITIES":312464059.46,"TAX_EBT":null,"OCF_SALES":-19.75422631107,"TOTAL_PARENT_EQUITY":-181708090.13,"DEBT_ASSET_RATIO":238.9673382111,"OPERATE_PROFIT":-201496700.44,"PRETAX_PROFIT":-206723223.21,"NETCASH_OPERATE":-26564956.53,"NETCASH_INVEST":-982597,"NETCASH_FINANCE":23695773.29,"END_CASH":6791531.81,"DIVI_RATIO":null,"DIVIDEND_RATE":null,"CURRENT_RATIO":0.880312008302,"COMMON_ACS":600000000,"CURRENTDEBT_DEBT":42.697499699827,"ISSUED_COMMON_SHARES":204224073,"HK_COMMON_SHARES":204224073,"PER_SHARES":5000,"TOTAL_MARKET_CAP":68415064.455,"HKSK_MARKET_CAP":68415064.455,"PE_TTM":-5.259865030753,"PB_TTM":-0.400268334016,"REPORT_DATE_SQ":"2021-12-31 00:00:00","REPORT_TYPE_SQ":"2021年年报","OPERATE_INCOME_SQ":303078596.8,"DPS_HKD":null,"OPERATE_INCOME_QOQ_SQ":-17.061740195029,"NET_PROFIT_RATIO_SQ":-53.1329159169,"HOLDER_PROFIT_SQ":-161034496,"HOLDER_PROFIT_QOQ_SQ":-9.182801123928,"ROE_AVG_SQ":-389.91556712562,"PE_TTM_SQ":-0.174191778533,"PB_TTM_SQ":-0.182871280566,"ROA_SQ":-37.668983046471,"START_DATE":"2022-01-01 00:00:00","FISCAL_YEAR":"12-31","CURRENCY":"HKD","IS_CNY_CODE":0,"DPS_HKD_LY":null,"ORG_TYPE":"一般企业","PREMIUM_INCOME":null,"PREMIUM_INCOME_YOY":null,"NET_INTEREST_INCOME":null,"NET_INTEREST_INCOME_YOY":null,"FEE_COMMISSION_INCOME":null,"FEE_COMMISSION_INCOME_YOY":null,"ACCOUNTS_RECE_TDAYS":1.293786524579,"INVENTORY_TDAYS":2.265385834326,"CURRENT_ASSETS_TDAYS":0.580166174668,"TOTAL_ASSETS_TDAYS":0.518919384721,"PREMIUM_EXPENSE":null,"LOAN_DEPOSIT":null,"LOAN_EQUITY":null,"LOAN_ASSETS":null,"DEPOSIT_EQUITY":null,"DEPOSIT_ASSETS":null,"EQUITY_MULTIPLIER":-0.719593548292,"EQUITY_RATIO":-1.719593548292},{"SECUCODE":"02363.HK","SECURITY_CODE":"02363","SECURITY_NAME_ABBR":"通达宏泰","ORG_CODE":"10567487","STD_REPORT_DATE":"2022-06-30 00:00:00","REPORT_DATE":"2022-06-30 00:00:00","DATE_TYPE_CODE":"002","REPORT_TYPE":"2022年中报","PER_NETCASH_OPERATE":0.017980741768,"PER_OI":0.102971247153,"BPS":-0.039881829014,"BASIC_EPS":-0.046351298,"DILUTED_EPS":-0.046351298,"OPERATE_INCOME":70097358.73,"OPERATE_INCOME_YOY":-51.1438142241,"GROSS_PROFIT":3956964.13,"GROSS_PROFIT_YOY":146.783043170722,"HOLDER_PROFIT":-25503476.18,"HOLDER_PROFIT_YOY":33.0158801464,"GROSS_PROFIT_RATIO":5.644954676882,"EPS_TTM":-0.219601345853,"OPERATE_INCOME_QOQ":-22.932126439751,"NET_PROFIT_RATIO":-36.3829345956,"ROE_AVG":113.547060615291,"GROSS_PROFIT_QOQ":2.598603649082,"ROA":-7.966597032628,"HOLDER_PROFIT_QOQ":7.167133618377,"ROE_YEARLY":227.094121230582,"ROIC_YEARLY":-16.334109270163,"TOTAL_ASSETS":269239467.7,"TOTAL_LIABILITIES":277384297.26,"TAX_EBT":null,"OCF_SALES":17.461905400954,"TOTAL_PARENT_EQUITY":-8144829.56,"DEBT_ASSET_RATIO":103.0251246705,"OPERATE_PROFIT":-24372059.81,"PRETAX_PROFIT":-25503476.18,"NETCASH_OPERATE":12240334.47,"NETCASH_INVEST":-786774.8,"NETCASH_FINANCE":-15105220.97,"END_CASH":6275384.22,"DIVI_RATIO":null,"DIVIDEND_RATE":null,"CURRENT_RATIO":0.867654795756,"COMMON_ACS":600000000,"CURRENTDEBT_DEBT":98.449225229225,"ISSUED_COMMON_SHARES":204224073,"HK_COMMON_SHARES":204224073,"PER_SHARES":5000,"TOTAL_MARKET_CAP":68415064.455,"HKSK_MARKET_CAP":68415064.455,"PE_TTM":-5.259865030753,"PB_TTM":-0.400268334016,"REPORT_DATE_SQ":"2021-06-30 00:00:00","REPORT_TYPE_SQ":"2021年中报","OPERATE_INCOME_SQ":139599725.76,"DPS_HKD":null,"OPERATE_INCOME_QOQ_SQ":-8.083492962755,"NET_PROFIT_RATIO_SQ":-26.5366092077,"HOLDER_PROFIT_SQ":-37045033.68,"HOLDER_PROFIT_QOQ_SQ":-6.031225377982,"ROE_AVG_SQ":-34.895304680428,"PE_TTM_SQ":-0.174191778533,"PB_TTM_SQ":-0.182871280566,"ROA_SQ":-7.788708900045,"START_DATE":"2022-01-01 00:00:00","FISCAL_YEAR":"12-31","CURRENCY":"HKD","IS_CNY_CODE":0,"DPS_HKD_LY":null,"ORG_TYPE":"一般企业","PREMIUM_INCOME":null,"PREMIUM_INCOME_YOY":null,"NET_INTEREST_INCOME":null,"NET_INTEREST_INCOME_YOY":null,"FEE_COMMISSION_INCOME":null,"FEE_COMMISSION_INCOME_YOY":null,"ACCOUNTS_RECE_TDAYS":0.658467322454,"INVENTORY_TDAYS":0.433965334396,"CURRENT_ASSETS_TDAYS":0.246681995197,"TOTAL_ASSETS_TDAYS":0.218965213256,"PREMIUM_EXPENSE":null,"LOAN_DEPOSIT":null,"LOAN_EQUITY":null,"LOAN_ASSETS":null,"DEPOSIT_EQUITY":null,"DEPOSIT_ASSETS":null,"EQUITY_MULTIPLIER":-33.056488869753,"EQUITY_RATIO":-34.056488870223},{"SECUCODE":"02363.HK","SECURITY_CODE":"02363","SECURITY_NAME_ABBR":"通达宏泰","ORG_CODE":"10567487","STD_REPORT_DATE":"2021-12-31 00:00:00","REPORT_DATE":"2021-12-31 00:00:00","DATE_TYPE_CODE":"001","REPORT_TYPE":"2021年年报","PER_NETCASH_OPERATE":-0.099737443393,"PER_OI":1.335644380754,"BPS":-0.172164181644,"BASIC_EPS":-0.69806688,"DILUTED_EPS":-0.69806688,"OPERATE_INCOME":303078596.8,"OPERATE_INCOME_YOY":-21.524531721,"GROSS_PROFIT":-90569640,"GROSS_PROFIT_YOY":-516.187027735022,"HOLDER_PROFIT":-161034496,"HOLDER_PROFIT_YOY":-19.1717995571,"GROSS_PROFIT_RATIO":-29.883218728166,"EPS_TTM":-0.709666805776,"OPERATE_INCOME_QOQ":-17.061740195029,"NET_PROFIT_RATIO":-53.1329159169,"ROE_AVG":-389.91556712562,"GROSS_PROFIT_QOQ":-317.960145473192,"ROA":-37.668983046471,"HOLDER_PROFIT_QOQ":-9.182801123928,"ROE_YEARLY":-389.91556712562,"ROIC_YEARLY":-39.400431692382,"TOTAL_ASSETS":354712489.6,"TOTAL_LIABILITIES":389872560,"TAX_EBT":null,"OCF_SALES":-7.467365178193,"TOTAL_PARENT_EQUITY":-35160070.4,"DEBT_ASSET_RATIO":109.9122730185,"OPERATE_PROFIT":-154859163.2,"PRETAX_PROFIT":-161034496,"NETCASH_OPERATE":-22631985.6,"NETCASH_INVEST":-6135270.4,"NETCASH_FINANCE":9484160,"END_CASH":9024668.8,"DIVI_RATIO":null,"DIVIDEND_RATE":null,"CURRENT_RATIO":0.832655736296,"COMMON_ACS":600000000,"CURRENTDEBT_DEBT":97.592534339939,"ISSUED_COMMON_SHARES":204224073,"HK_COMMON_SHARES":204224073,"PER_SHARES":5000,"TOTAL_MARKET_CAP":68415064.455,"HKSK_MARKET_CAP":68415064.455,"PE_TTM":-5.259865030753,"PB_TTM":-0.400268334016,"REPORT_DATE_SQ":"2020-12-31 00:00:00","REPORT_TYPE_SQ":"2020年年报","OPERATE_INCOME_SQ":397563803.52,"DPS_HKD":null,"OPERATE_INCOME_QOQ_SQ":-6.787200704595,"NET_PROFIT_RATIO_SQ":-34.9883988755,"HOLDER_PROFIT_SQ":-139101209.36,"HOLDER_PROFIT_QOQ_SQ":-70.857818025359,"ROE_AVG_SQ":-74.600308739494,"PE_TTM_SQ":-0.174191778533,"PB_TTM_SQ":-0.182871280566,"ROA_SQ":-24.186114576512,"START_DATE":"2021-01-01 00:00:00","FISCAL_YEAR":"12-31","CURRENCY":"HKD","IS_CNY_CODE":0,"DPS_HKD_LY":null,"ORG_TYPE":"一般企业","PREMIUM_INCOME":null,"PREMIUM_INCOME_YOY":null,"NET_INTEREST_INCOME":null,"NET_INTEREST_INCOME_YOY":null,"FEE_COMMISSION_INCOME":null,"FEE_COMMISSION_INCOME_YOY":null,"ACCOUNTS_RECE_TDAYS":1.779773479098,"INVENTORY_TDAYS":2.085495852555,"CURRENT_ASSETS_TDAYS":0.773356560199,"TOTAL_ASSETS_TDAYS":0.708957571712,"PREMIUM_EXPENSE":null,"LOAN_DEPOSIT":null,"LOAN_EQUITY":null,"LOAN_ASSETS":null,"DEPOSIT_EQUITY":null,"DEPOSIT_ASSETS":null,"EQUITY_MULTIPLIER":-10.08850339507,"EQUITY_RATIO":-11.088503395033},{"SECUCODE":"02363.HK","SECURITY_CODE":"02363","SECURITY_NAME_ABBR":"通达宏泰","ORG_CODE":"10567487","STD_REPORT_DATE":"2021-06-30 00:00:00","REPORT_DATE":"2021-06-30 00:00:00","DATE_TYPE_CODE":"002","REPORT_TYPE":"2021年中报","PER_NETCASH_OPERATE":0.021759464282,"PER_OI":0.615205399638,"BPS":0.452814918837,"BASIC_EPS":-0.170826024,"DILUTED_EPS":-0.170826024,"OPERATE_INCOME":139599725.76,"OPERATE_INCOME_YOY":-10.7647956768,"GROSS_PROFIT":1603418.16,"GROSS_PROFIT_YOY":-81.300071134032,"HOLDER_PROFIT":-37045033.68,"HOLDER_PROFIT_YOY":-41.9176946862,"GROSS_PROFIT_RATIO":1.148582600196,"EPS_TTM":-0.649980398442,"OPERATE_INCOME_QOQ":-8.083492962755,"NET_PROFIT_RATIO":-26.5366092077,"ROE_AVG":-34.895304680428,"GROSS_PROFIT_QOQ":-47.427221090042,"ROA":-7.788708900045,"HOLDER_PROFIT_QOQ":-6.031225377982,"ROE_YEARLY":-69.790609360855,"ROIC_YEARLY":-16.222164327708,"TOTAL_ASSETS":442104073.92,"TOTAL_LIABILITIES":349628366.88,"TAX_EBT":null,"OCF_SALES":3.536942994063,"TOTAL_PARENT_EQUITY":92475707.04,"DEBT_ASSET_RATIO":79.0828195226,"OPERATE_PROFIT":-34597054.32,"PRETAX_PROFIT":-37045033.68,"NETCASH_OPERATE":4937562.72,"NETCASH_INVEST":-3396550.56,"NETCASH_FINANCE":-24904154.4,"END_CASH":8753481.6,"DIVI_RATIO":null,"DIVIDEND_RATE":null,"CURRENT_RATIO":1.198388314189,"COMMON_ACS":600000000,"CURRENTDEBT_DEBT":98.374529375086,"ISSUED_COMMON_SHARES":204224073,"HK_COMMON_SHARES":204224073,"PER_SHARES":5000,"TOTAL_MARKET_CAP":68415064.455,"HKSK_MARKET_CAP":68415064.455,"PE_TTM":-5.259865030753,"PB_TTM":-0.400268334016,"REPORT_DATE_SQ":"2020-06-30 00:00:00","REPORT_TYPE_SQ":"2020年中报","OPERATE_INCOME_SQ":171736767.84,"DPS_HKD":null,"OPERATE_INCOME_QOQ_SQ":-10.658668262056,"NET_PROFIT_RATIO_SQ":-16.6857258352,"HOLDER_PROFIT_SQ":-28655526.24,"HOLDER_PROFIT_QOQ_SQ":-33.417768818578,"ROE_AVG_SQ":-11.027101128335,"PE_TTM_SQ":-0.174191778533,"PB_TTM_SQ":-0.182871280566,"ROA_SQ":-4.375472471805,"START_DATE":"2021-01-01 00:00:00","FISCAL_YEAR":"12-31","CURRENCY":"HKD","IS_CNY_CODE":0,"DPS_HKD_LY":null,"ORG_TYPE":"一般企业","PREMIUM_INCOME":null,"PREMIUM_INCOME_YOY":null,"NET_INTEREST_INCOME":null,"NET_INTEREST_INCOME_YOY":null,"FEE_COMMISSION_INCOME":null,"FEE_COMMISSION_INCOME_YOY":null,"ACCOUNTS_RECE_TDAYS":0.850583162436,"INVENTORY_TDAYS":0.567240651021,"CURRENT_ASSETS_TDAYS":0.314613399742,"TOTAL_ASSETS_TDAYS":0.293508068008,"PREMIUM_EXPENSE":null,"LOAN_DEPOSIT":null,"LOAN_EQUITY":null,"LOAN_ASSETS":null,"DEPOSIT_EQUITY":null,"DEPOSIT_ASSETS":null,"EQUITY_MULTIPLIER":4.78075905632,"EQUITY_RATIO":3.780759056308},{"SECUCODE":"02363.HK","SECURITY_CODE":"02363","SECURITY_NAME_ABBR":"通达宏泰","ORG_CODE":"10567487","STD_REPORT_DATE":"2020-12-31 00:00:00","REPORT_DATE":"2020-12-31 00:00:00","DATE_TYPE_CODE":"001","REPORT_TYPE":"2020年年报","PER_NETCASH_OPERATE":0.181073374165,"PER_OI":2.102225959336,"BPS":0.593574739056,"BASIC_EPS":-0.735509196,"DILUTED_EPS":-0.735509196,"OPERATE_INCOME":397563803.52,"OPERATE_INCOME_YOY":-11.3654658413,"GROSS_PROFIT":-14698400.96,"GROSS_PROFIT_YOY":-182.554307851145,"HOLDER_PROFIT":-139101209.36,"HOLDER_PROFIT_YOY":-142.6182821744,"GROSS_PROFIT_RATIO":-3.697117501609,"EPS_TTM":-0.735535203916,"OPERATE_INCOME_QOQ":-6.787200704595,"NET_PROFIT_RATIO":-34.9883988755,"ROE_AVG":-74.600308739494,"GROSS_PROFIT_QOQ":-176.766070250486,"ROA":-24.186114576512,"HOLDER_PROFIT_QOQ":-70.857818025359,"ROE_YEARLY":-74.600308739494,"ROIC_YEARLY":-25.289621667113,"TOTAL_ASSETS":514995307.8,"TOTAL_LIABILITIES":393773056.96,"TAX_EBT":null,"OCF_SALES":8.613411577414,"TOTAL_PARENT_EQUITY":121222250.84,"DEBT_ASSET_RATIO":76.461484405,"OPERATE_PROFIT":-130215174.24,"PRETAX_PROFIT":-139101209.36,"NETCASH_OPERATE":34243806.68,"NETCASH_INVEST":-2136082.32,"NETCASH_FINANCE":-25147361.56,"END_CASH":29387543.88,"DIVI_RATIO":null,"DIVIDEND_RATE":null,"CURRENT_RATIO":1.245129392376,"COMMON_ACS":600000000,"CURRENTDEBT_DEBT":98.045799634082,"ISSUED_COMMON_SHARES":204224073,"HK_COMMON_SHARES":204224073,"PER_SHARES":5000,"TOTAL_MARKET_CAP":68415064.455,"HKSK_MARKET_CAP":68415064.455,"PE_TTM":-5.259865030753,"PB_TTM":-0.400268334016,"REPORT_DATE_SQ":"2019-12-31 00:00:00","REPORT_TYPE_SQ":"2019年年报","OPERATE_INCOME_SQ":477396097.42,"DPS_HKD":null,"OPERATE_INCOME_QOQ_SQ":1.310589274484,"NET_PROFIT_RATIO_SQ":-12.7821382935,"HOLDER_PROFIT_SQ":-61021429.38,"HOLDER_PROFIT_QOQ_SQ":-410.223023493855,"ROE_AVG_SQ":-20.020131516109,"PE_TTM_SQ":-0.174191778533,"PB_TTM_SQ":-0.182871280566,"ROA_SQ":-8.491825553637,"START_DATE":"2020-01-01 00:00:00","FISCAL_YEAR":"12-31","CURRENCY":"HKD","IS_CNY_CODE":0,"DPS_HKD_LY":null,"ORG_TYPE":"一般企业","PREMIUM_INCOME":null,"PREMIUM_INCOME_YOY":null,"NET_INTEREST_INCOME":null,"NET_INTEREST_INCOME_YOY":null,"FEE_COMMISSION_INCOME":null,"FEE_COMMISSION_INCOME_YOY":null,"ACCOUNTS_RECE_TDAYS":1.883959534402,"INVENTORY_TDAYS":1.579815291729,"CURRENT_ASSETS_TDAYS":0.776952360745,"TOTAL_ASSETS_TDAYS":0.691260970889,"PREMIUM_EXPENSE":null,"LOAN_DEPOSIT":null,"LOAN_EQUITY":null,"LOAN_ASSETS":null,"DEPOSIT_EQUITY":null,"DEPOSIT_ASSETS":null,"EQUITY_MULTIPLIER":4.248356256638,"EQUITY_RATIO":3.248356256639},{"SECUCODE":"02363.HK","SECURITY_CODE":"02363","SECURITY_NAME_ABBR":"通达宏泰","ORG_CODE":"10567487","STD_REPORT_DATE":"2020-06-30 00:00:00","REPORT_DATE":"2020-06-30 00:00:00","DATE_TYPE_CODE":"002","REPORT_TYPE":"2020年中报","PER_NETCASH_OPERATE":-0.024068192182,"PER_OI":0.908104531472,"BPS":1.20727594812,"BASIC_EPS":-0.151539696,"DILUTED_EPS":-0.151539696,"OPERATE_INCOME":171736767.84,"OPERATE_INCOME_YOY":-25.709668242,"GROSS_PROFIT":8574461.28,"GROSS_PROFIT_YOY":-72.942478643293,"HOLDER_PROFIT":-28655526.24,"HOLDER_PROFIT_YOY":-233.9472003406,"GROSS_PROFIT_RATIO":4.992792974879,"EPS_TTM":-0.430495491758,"OPERATE_INCOME_QOQ":-10.658668262056,"NET_PROFIT_RATIO":-16.6857258352,"ROE_AVG":-11.027101128335,"GROSS_PROFIT_QOQ":-129.828189480173,"ROA":-4.375472471805,"HOLDER_PROFIT_QOQ":-33.417768818578,"ROE_YEARLY":-22.05420225667,"ROIC_YEARLY":-8.988181362367,"TOTAL_ASSETS":620370083.52,"TOTAL_LIABILITIES":373815272.16,"TAX_EBT":null,"OCF_SALES":-2.650376839653,"TOTAL_PARENT_EQUITY":246554811.36,"DEBT_ASSET_RATIO":60.2568180011,"OPERATE_PROFIT":-23599635.84,"PRETAX_PROFIT":-28655526.24,"NETCASH_OPERATE":-4551671.52,"NETCASH_INVEST":1434100.8,"NETCASH_FINANCE":-8035531.68,"END_CASH":11993467.2,"DIVI_RATIO":null,"DIVIDEND_RATE":null,"CURRENT_RATIO":1.450910155165,"COMMON_ACS":600000000,"CURRENTDEBT_DEBT":97.685460085671,"ISSUED_COMMON_SHARES":204224073,"HK_COMMON_SHARES":204224073,"PER_SHARES":5000,"TOTAL_MARKET_CAP":68415064.455,"HKSK_MARKET_CAP":68415064.455,"PE_TTM":-5.259865030753,"PB_TTM":-0.400268334016,"REPORT_DATE_SQ":"2019-06-30 00:00:00","REPORT_TYPE_SQ":"2019年中报","OPERATE_INCOME_SQ":222620834.16,"DPS_HKD":null,"OPERATE_INCOME_QOQ_SQ":5.985265056421,"NET_PROFIT_RATIO_SQ":-3.7119284326,"HOLDER_PROFIT_SQ":-8263526.04,"HOLDER_PROFIT_QOQ_SQ":-435.123332103962,"ROE_AVG_SQ":-2.460469830826,"PE_TTM_SQ":-0.174191778533,"PB_TTM_SQ":-0.182871280566,"ROA_SQ":-1.090971381454,"START_DATE":"2020-01-01 00:00:00","FISCAL_YEAR":"12-31","CURRENCY":"HKD","IS_CNY_CODE":0,"DPS_HKD_LY":null,"ORG_TYPE":"一般企业","PREMIUM_INCOME":null,"PREMIUM_INCOME_YOY":null,"NET_INTEREST_INCOME":null,"NET_INTEREST_INCOME_YOY":null,"FEE_COMMISSION_INCOME":null,"FEE_COMMISSION_INCOME_YOY":null,"ACCOUNTS_RECE_TDAYS":0.786758951998,"INVENTORY_TDAYS":0.531151918476,"CURRENT_ASSETS_TDAYS":0.307004351695,"TOTAL_ASSETS_TDAYS":0.262228476904,"PREMIUM_EXPENSE":null,"LOAN_DEPOSIT":null,"LOAN_EQUITY":null,"LOAN_ASSETS":null,"DEPOSIT_EQUITY":null,"DEPOSIT_ASSETS":null,"EQUITY_MULTIPLIER":2.516154846453,"EQUITY_RATIO":1.516154846454}],"count":19},"success":true,"message":"ok","code":0}