{"version":"51a362f7875d3e52a44a3a37be29fd64","result":{"pages":2,"data":[{"SECUCODE":"02360.HK","SECURITY_CODE":"02360","SECURITY_NAME_ABBR":"优品360","ORG_CODE":"10947329","STD_REPORT_DATE":"2024-06-30 00:00:00","REPORT_DATE":"2024-06-30 00:00:00","DATE_TYPE_CODE":"002","REPORT_TYPE":"2024年中报","PER_NETCASH_OPERATE":0.20498701532,"PER_OI":1.27199390188,"BPS":0.47424130552,"BASIC_EPS":0.11225964,"DILUTED_EPS":0.11225964,"OPERATE_INCOME":1271993901.88,"OPERATE_INCOME_YOY":12.5959277126,"GROSS_PROFIT":463584853.84,"GROSS_PROFIT_YOY":13.205833815313,"HOLDER_PROFIT":111864449.56,"HOLDER_PROFIT_YOY":10.7840124372,"GROSS_PROFIT_RATIO":36.445524868855,"EPS_TTM":0.20326929889,"OPERATE_INCOME_QOQ":0,"NET_PROFIT_RATIO":8.7944171269,"ROE_AVG":25.116523068443,"GROSS_PROFIT_QOQ":0,"ROA":12.187747816727,"HOLDER_PROFIT_QOQ":0,"ROE_YEARLY":50.233046136885,"ROIC_YEARLY":28.89584498604,"TOTAL_ASSETS":938263333.08,"TOTAL_LIABILITIES":464022027.56,"TAX_EBT":16.910488638213,"OCF_SALES":16.115408652277,"TOTAL_PARENT_EQUITY":474241305.52,"DEBT_ASSET_RATIO":49.455415255,"OPERATE_PROFIT":142786960.64,"PRETAX_PROFIT":134631252.16,"NETCASH_OPERATE":204987015.32,"NETCASH_INVEST":-5715202.16,"NETCASH_FINANCE":-150838623.6,"END_CASH":167869232.4,"DIVI_RATIO":0.76139387918,"DIVIDEND_RATE":10.179640718563,"CURRENT_RATIO":1.341123802286,"COMMON_ACS":10000000000,"CURRENTDEBT_DEBT":76.095606559183,"ISSUED_COMMON_SHARES":1000000000,"HK_COMMON_SHARES":1000000000,"PER_SHARES":2000,"TOTAL_MARKET_CAP":1670000000,"HKSK_MARKET_CAP":1670000000,"PE_TTM":7.274026064534,"PB_TTM":3.213924182181,"REPORT_DATE_SQ":"2023-06-30 00:00:00","REPORT_TYPE_SQ":"2023年中报","OPERATE_INCOME_SQ":1135824979.03,"DPS_HKD":0.17,"OPERATE_INCOME_QOQ_SQ":0,"NET_PROFIT_RATIO_SQ":8.9382532128,"HOLDER_PROFIT_SQ":101522912.68,"HOLDER_PROFIT_QOQ_SQ":0,"ROE_AVG_SQ":23.096225225564,"PE_TTM_SQ":8.188723952889,"PB_TTM_SQ":3.922124957232,"ROA_SQ":10.790529466067,"START_DATE":"2024-01-01 00:00:00","FISCAL_YEAR":"12-31","CURRENCY":"HKD","IS_CNY_CODE":0,"DPS_HKD_LY":0.17,"ORG_TYPE":"一般企业","PREMIUM_INCOME":null,"PREMIUM_INCOME_YOY":null,"NET_INTEREST_INCOME":null,"NET_INTEREST_INCOME_YOY":null,"FEE_COMMISSION_INCOME":null,"FEE_COMMISSION_INCOME_YOY":null,"ACCOUNTS_RECE_TDAYS":87.783264573426,"INVENTORY_TDAYS":3.386171316942,"CURRENT_ASSETS_TDAYS":2.740820933974,"TOTAL_ASSETS_TDAYS":1.38585055051,"PREMIUM_EXPENSE":null,"LOAN_DEPOSIT":null,"LOAN_EQUITY":null,"LOAN_ASSETS":null,"DEPOSIT_EQUITY":null,"DEPOSIT_ASSETS":null,"EQUITY_MULTIPLIER":1.978451311936,"EQUITY_RATIO":0.978451311935},{"SECUCODE":"02360.HK","SECURITY_CODE":"02360","SECURITY_NAME_ABBR":"优品360","ORG_CODE":"10947329","STD_REPORT_DATE":"2023-06-30 00:00:00","REPORT_DATE":"2023-09-30 00:00:00","DATE_TYPE_CODE":"002","REPORT_TYPE":"2023年中报","PER_NETCASH_OPERATE":0.20083525469,"PER_OI":1.13582497903,"BPS":0.43984942316,"BASIC_EPS":0.10185693,"DILUTED_EPS":0.10185693,"OPERATE_INCOME":1135824979.03,"OPERATE_INCOME_YOY":19.9521075767,"GROSS_PROFIT":409506151.95,"GROSS_PROFIT_YOY":24.145395436387,"HOLDER_PROFIT":101522912.68,"HOLDER_PROFIT_YOY":34.8413752757,"GROSS_PROFIT_RATIO":36.053631458231,"EPS_TTM":0.17595478377,"OPERATE_INCOME_QOQ":0,"NET_PROFIT_RATIO":8.9382532128,"ROE_AVG":23.096225225564,"GROSS_PROFIT_QOQ":0,"ROA":10.790529466067,"HOLDER_PROFIT_QOQ":0,"ROE_YEARLY":46.192450451128,"ROIC_YEARLY":26.837032028405,"TOTAL_ASSETS":1021309343.18,"TOTAL_LIABILITIES":581459920.02,"TAX_EBT":16.854422341297,"OCF_SALES":17.681883952008,"TOTAL_PARENT_EQUITY":439849423.16,"DEBT_ASSET_RATIO":56.9327916074,"OPERATE_PROFIT":126603575.84,"PRETAX_PROFIT":122102600.69,"NETCASH_OPERATE":200835254.69,"NETCASH_INVEST":-10408677.09,"NETCASH_FINANCE":-89915810.81,"END_CASH":234510440.43,"DIVI_RATIO":1.296801343567,"DIVIDEND_RATE":15.243902439024,"CURRENT_RATIO":1.207585942461,"COMMON_ACS":10000000000,"CURRENTDEBT_DEBT":79.024514956112,"ISSUED_COMMON_SHARES":1000000000,"HK_COMMON_SHARES":1000000000,"PER_SHARES":2000,"TOTAL_MARKET_CAP":1640000000,"HKSK_MARKET_CAP":1640000000,"PE_TTM":7.143354937626,"PB_TTM":3.156189017232,"REPORT_DATE_SQ":"2022-06-30 00:00:00","REPORT_TYPE_SQ":"2022年中报","OPERATE_INCOME_SQ":933288018.24,"DPS_HKD":0.25,"OPERATE_INCOME_QOQ_SQ":0,"NET_PROFIT_RATIO_SQ":7.9512857885,"HOLDER_PROFIT_SQ":74208397.56,"HOLDER_PROFIT_QOQ_SQ":0,"ROE_AVG_SQ":18.694512450059,"PE_TTM_SQ":9.20411747439,"PB_TTM_SQ":3.859537856851,"ROA_SQ":9.206043411989,"START_DATE":"2023-04-01 00:00:00","FISCAL_YEAR":"3-31","CURRENCY":"HKD","IS_CNY_CODE":0,"DPS_HKD_LY":0.19,"ORG_TYPE":"一般企业","PREMIUM_INCOME":null,"PREMIUM_INCOME_YOY":null,"NET_INTEREST_INCOME":null,"NET_INTEREST_INCOME_YOY":null,"FEE_COMMISSION_INCOME":null,"FEE_COMMISSION_INCOME_YOY":null,"ACCOUNTS_RECE_TDAYS":127.402707014564,"INVENTORY_TDAYS":3.082407461495,"CURRENT_ASSETS_TDAYS":2.352987806211,"TOTAL_ASSETS_TDAYS":1.207230228229,"PREMIUM_EXPENSE":null,"LOAN_DEPOSIT":null,"LOAN_EQUITY":null,"LOAN_ASSETS":null,"DEPOSIT_EQUITY":null,"DEPOSIT_ASSETS":null,"EQUITY_MULTIPLIER":2.321952216833,"EQUITY_RATIO":1.321952216835},{"SECUCODE":"02360.HK","SECURITY_CODE":"02360","SECURITY_NAME_ABBR":"优品360","ORG_CODE":"10947329","STD_REPORT_DATE":"2022-12-31 00:00:00","REPORT_DATE":"2023-03-31 00:00:00","DATE_TYPE_CODE":"001","REPORT_TYPE":"2022年年报","PER_NETCASH_OPERATE":0.32309107034,"PER_OI":2.01861404687,"BPS":0.41906927192,"BASIC_EPS":0.17595741,"DILUTED_EPS":0.17595741,"OPERATE_INCOME":2018614046.87,"OPERATE_INCOME_YOY":16.2529253461,"GROSS_PROFIT":715440202.83,"GROSS_PROFIT_YOY":32.128248009458,"HOLDER_PROFIT":175954783.77,"HOLDER_PROFIT_YOY":83.0507085352,"GROSS_PROFIT_RATIO":35.442149228048,"EPS_TTM":0.14435091066,"OPERATE_INCOME_QOQ":0,"NET_PROFIT_RATIO":8.7166134627,"ROE_AVG":43.84966539588,"GROSS_PROFIT_QOQ":0,"ROA":21.873891325404,"HOLDER_PROFIT_QOQ":0,"ROE_YEARLY":43.84966539588,"ROIC_YEARLY":25.741504056268,"TOTAL_ASSETS":820808052.07,"TOTAL_LIABILITIES":401738780.15,"TAX_EBT":16.325511108891,"OCF_SALES":16.005589123933,"TOTAL_PARENT_EQUITY":419069271.92,"DEBT_ASSET_RATIO":48.9443030118,"OPERATE_PROFIT":217907932.61,"PRETAX_PROFIT":210284862.33,"NETCASH_OPERATE":323795775.39,"NETCASH_INVEST":-24514106.23,"NETCASH_FINANCE":-285114033.72,"END_CASH":127851004.27,"DIVI_RATIO":1.580720197446,"DIVIDEND_RATE":15.243902439024,"CURRENT_RATIO":1.295220118867,"COMMON_ACS":10000000000,"CURRENTDEBT_DEBT":75.270365971912,"ISSUED_COMMON_SHARES":1000000000,"HK_COMMON_SHARES":1000000000,"PER_SHARES":2000,"TOTAL_MARKET_CAP":1640000000,"HKSK_MARKET_CAP":1640000000,"PE_TTM":7.143354937626,"PB_TTM":3.156189017232,"REPORT_DATE_SQ":"2021-12-31 00:00:00","REPORT_TYPE_SQ":"2021年年报","OPERATE_INCOME_SQ":1608659421.26,"DPS_HKD":0.25,"OPERATE_INCOME_QOQ_SQ":0,"NET_PROFIT_RATIO_SQ":5.5357983712,"HOLDER_PROFIT_SQ":89052142.04,"HOLDER_PROFIT_QOQ_SQ":0,"ROE_AVG_SQ":27.240769362445,"PE_TTM_SQ":9.20411747439,"PB_TTM_SQ":3.859537856851,"ROA_SQ":12.757856456106,"START_DATE":"2022-04-01 00:00:00","FISCAL_YEAR":"3-31","CURRENCY":"HKD","IS_CNY_CODE":0,"DPS_HKD_LY":0.16,"ORG_TYPE":"一般企业","PREMIUM_INCOME":null,"PREMIUM_INCOME_YOY":null,"NET_INTEREST_INCOME":null,"NET_INTEREST_INCOME_YOY":null,"FEE_COMMISSION_INCOME":null,"FEE_COMMISSION_INCOME_YOY":null,"ACCOUNTS_RECE_TDAYS":387.938593539704,"INVENTORY_TDAYS":6.441725012333,"CURRENT_ASSETS_TDAYS":5.309864749573,"TOTAL_ASSETS_TDAYS":2.509448356169,"PREMIUM_EXPENSE":null,"LOAN_DEPOSIT":null,"LOAN_EQUITY":null,"LOAN_ASSETS":null,"DEPOSIT_EQUITY":null,"DEPOSIT_ASSETS":null,"EQUITY_MULTIPLIER":1.958645281507,"EQUITY_RATIO":0.958645281505},{"SECUCODE":"02360.HK","SECURITY_CODE":"02360","SECURITY_NAME_ABBR":"优品360","ORG_CODE":"10947329","STD_REPORT_DATE":"2022-06-30 00:00:00","REPORT_DATE":"2022-09-30 00:00:00","DATE_TYPE_CODE":"002","REPORT_TYPE":"2022年中报","PER_NETCASH_OPERATE":0.19564755636,"PER_OI":0.93328801824,"BPS":0.39772206336,"BASIC_EPS":0.07416408,"DILUTED_EPS":0.07416408,"OPERATE_INCOME":933288018.24,"OPERATE_INCOME_YOY":19.573847769,"GROSS_PROFIT":329860121.28,"GROSS_PROFIT_YOY":41.854757275738,"HOLDER_PROFIT":74208397.56,"HOLDER_PROFIT_YOY":261.4652627869,"GROSS_PROFIT_RATIO":35.343871863056,"EPS_TTM":0.08905214204,"OPERATE_INCOME_QOQ":0,"NET_PROFIT_RATIO":7.9512857885,"ROE_AVG":18.694512450059,"GROSS_PROFIT_QOQ":0,"ROA":9.206043411989,"HOLDER_PROFIT_QOQ":0,"ROE_YEARLY":37.389024900118,"ROIC_YEARLY":22.114083649124,"TOTAL_ASSETS":798032634,"TOTAL_LIABILITIES":400310570.64,"TAX_EBT":14.764026968347,"OCF_SALES":20.963255987038,"TOTAL_PARENT_EQUITY":397722063.36,"DEBT_ASSET_RATIO":50.1621805406,"OPERATE_PROFIT":90215176.68,"PRETAX_PROFIT":87062298.84,"NETCASH_OPERATE":195647556.36,"NETCASH_INVEST":-14374264.92,"NETCASH_FINANCE":-146543699.88,"END_CASH":152238054.12,"DIVI_RATIO":2.562301083084,"DIVIDEND_RATE":15.243902439024,"CURRENT_RATIO":1.242220109689,"COMMON_ACS":10000000000,"CURRENTDEBT_DEBT":77.241383984853,"ISSUED_COMMON_SHARES":1000000000,"HK_COMMON_SHARES":1000000000,"PER_SHARES":2000,"TOTAL_MARKET_CAP":1640000000,"HKSK_MARKET_CAP":1640000000,"PE_TTM":7.143354937626,"PB_TTM":3.156189017232,"REPORT_DATE_SQ":"2021-06-30 00:00:00","REPORT_TYPE_SQ":"2021年中报","OPERATE_INCOME_SQ":718912452.68,"DPS_HKD":0.25,"OPERATE_INCOME_QOQ_SQ":0,"NET_PROFIT_RATIO_SQ":2.6303103903,"HOLDER_PROFIT_SQ":18909628.94,"HOLDER_PROFIT_QOQ_SQ":0,"ROE_AVG_SQ":6.185342272955,"PE_TTM_SQ":9.20411747439,"PB_TTM_SQ":3.859537856851,"ROA_SQ":2.737900239547,"START_DATE":"2022-04-01 00:00:00","FISCAL_YEAR":"3-31","CURRENCY":"HKD","IS_CNY_CODE":0,"DPS_HKD_LY":0.16,"ORG_TYPE":"一般企业","PREMIUM_INCOME":null,"PREMIUM_INCOME_YOY":null,"NET_INTEREST_INCOME":null,"NET_INTEREST_INCOME_YOY":null,"FEE_COMMISSION_INCOME":null,"FEE_COMMISSION_INCOME_YOY":null,"ACCOUNTS_RECE_TDAYS":180.638249452954,"INVENTORY_TDAYS":3.271439919193,"CURRENT_ASSETS_TDAYS":2.439998250213,"TOTAL_ASSETS_TDAYS":1.157805625012,"PREMIUM_EXPENSE":null,"LOAN_DEPOSIT":null,"LOAN_EQUITY":null,"LOAN_ASSETS":null,"DEPOSIT_EQUITY":null,"DEPOSIT_ASSETS":null,"EQUITY_MULTIPLIER":2.00650833212,"EQUITY_RATIO":1.006508332121},{"SECUCODE":"02360.HK","SECURITY_CODE":"02360","SECURITY_NAME_ABBR":"优品360","ORG_CODE":"10947329","STD_REPORT_DATE":"2021-12-31 00:00:00","REPORT_DATE":"2022-03-31 00:00:00","DATE_TYPE_CODE":"001","REPORT_TYPE":"2021年年报","PER_NETCASH_OPERATE":0.24806849476,"PER_OI":1.60865942126,"BPS":0.35525725343,"BASIC_EPS":0.0892111,"DILUTED_EPS":0.0892111,"OPERATE_INCOME":1608659421.26,"OPERATE_INCOME_YOY":21.8463644065,"GROSS_PROFIT":541474070.54,"GROSS_PROFIT_YOY":23.167608899988,"HOLDER_PROFIT":89052142.04,"HOLDER_PROFIT_YOY":34.8131959877,"GROSS_PROFIT_RATIO":33.659957066356,"EPS_TTM":0.05638805668,"OPERATE_INCOME_QOQ":0,"NET_PROFIT_RATIO":5.5357983712,"ROE_AVG":27.240769362445,"GROSS_PROFIT_QOQ":0,"ROA":12.757856456106,"HOLDER_PROFIT_QOQ":0,"ROE_YEARLY":27.240769362445,"ROIC_YEARLY":14.640855432153,"TOTAL_ASSETS":730033084.53,"TOTAL_LIABILITIES":374775831.1,"TAX_EBT":18.169081261551,"OCF_SALES":15.42082130509,"TOTAL_PARENT_EQUITY":355257253.43,"DEBT_ASSET_RATIO":51.3368282947,"OPERATE_PROFIT":114752237.93,"PRETAX_PROFIT":108824565.84,"NETCASH_OPERATE":248068494.76,"NETCASH_INVEST":-21435805.31,"NETCASH_FINANCE":-195250657.5,"END_CASH":105492936.76,"DIVI_RATIO":4.046573218419,"DIVIDEND_RATE":15.243902439024,"CURRENT_RATIO":1.205261982989,"COMMON_ACS":10000000000,"CURRENTDEBT_DEBT":75.612300101707,"ISSUED_COMMON_SHARES":1000000000,"HK_COMMON_SHARES":1000000000,"PER_SHARES":2000,"TOTAL_MARKET_CAP":1640000000,"HKSK_MARKET_CAP":1640000000,"PE_TTM":7.143354937626,"PB_TTM":3.156189017232,"REPORT_DATE_SQ":"2020-12-31 00:00:00","REPORT_TYPE_SQ":"2020年年报","OPERATE_INCOME_SQ":1375860915.38,"DPS_HKD":0.25,"OPERATE_INCOME_QOQ_SQ":0,"NET_PROFIT_RATIO_SQ":5.0033448185,"HOLDER_PROFIT_SQ":68839065.82,"HOLDER_PROFIT_QOQ_SQ":0,"ROE_AVG_SQ":24.139724634825,"PE_TTM_SQ":9.20411747439,"PB_TTM_SQ":3.859537856851,"ROA_SQ":10.780586235491,"START_DATE":"2021-04-01 00:00:00","FISCAL_YEAR":"3-31","CURRENCY":"HKD","IS_CNY_CODE":0,"DPS_HKD_LY":0.04,"ORG_TYPE":"一般企业","PREMIUM_INCOME":null,"PREMIUM_INCOME_YOY":null,"NET_INTEREST_INCOME":null,"NET_INTEREST_INCOME_YOY":null,"FEE_COMMISSION_INCOME":null,"FEE_COMMISSION_INCOME_YOY":null,"ACCOUNTS_RECE_TDAYS":457.244352236054,"INVENTORY_TDAYS":6.318470358882,"CURRENT_ASSETS_TDAYS":5.190587718082,"TOTAL_ASSETS_TDAYS":2.304610031051,"PREMIUM_EXPENSE":null,"LOAN_DEPOSIT":null,"LOAN_EQUITY":null,"LOAN_ASSETS":null,"DEPOSIT_EQUITY":null,"DEPOSIT_ASSETS":null,"EQUITY_MULTIPLIER":2.054942094724,"EQUITY_RATIO":1.054942094726},{"SECUCODE":"02360.HK","SECURITY_CODE":"02360","SECURITY_NAME_ABBR":"优品360","ORG_CODE":"10947329","STD_REPORT_DATE":"2021-06-30 00:00:00","REPORT_DATE":"2021-09-30 00:00:00","DATE_TYPE_CODE":"002","REPORT_TYPE":"2021年中报","PER_NETCASH_OPERATE":0.08294861726,"PER_OI":0.71891245268,"BPS":0.3047583398,"BASIC_EPS":0.01916038,"DILUTED_EPS":0.01916038,"OPERATE_INCOME":718912452.68,"OPERATE_INCOME_YOY":21.651228455,"GROSS_PROFIT":232533703.92,"GROSS_PROFIT_YOY":18.794474107614,"HOLDER_PROFIT":18909628.94,"HOLDER_PROFIT_YOY":-36.3977696209,"GROSS_PROFIT_RATIO":32.345204628623,"EPS_TTM":0.06883906582,"OPERATE_INCOME_QOQ":0,"NET_PROFIT_RATIO":2.6303103903,"ROE_AVG":6.185342272955,"GROSS_PROFIT_QOQ":0,"ROA":2.737900239547,"HOLDER_PROFIT_QOQ":0,"ROE_YEARLY":12.370684545909,"ROIC_YEARLY":6.004796112318,"TOTAL_ASSETS":697212905.8,"TOTAL_LIABILITIES":392454566,"TAX_EBT":15.504020250149,"OCF_SALES":11.538069336646,"TOTAL_PARENT_EQUITY":304758339.8,"DEBT_ASSET_RATIO":56.2890564324,"OPERATE_PROFIT":25564945.28,"PRETAX_PROFIT":22379323.84,"NETCASH_OPERATE":82948617.26,"NETCASH_INVEST":-12391767.5,"NETCASH_FINANCE":-101005192.76,"END_CASH":45620031.72,"DIVI_RATIO":3.314664388338,"DIVIDEND_RATE":15.243902439024,"CURRENT_RATIO":0.957614098258,"COMMON_ACS":10000000000,"CURRENTDEBT_DEBT":76.402250053067,"ISSUED_COMMON_SHARES":1000000000,"HK_COMMON_SHARES":1000000000,"PER_SHARES":2000,"TOTAL_MARKET_CAP":1640000000,"HKSK_MARKET_CAP":1640000000,"PE_TTM":7.143354937626,"PB_TTM":3.156189017232,"REPORT_DATE_SQ":"2020-06-30 00:00:00","REPORT_TYPE_SQ":"2020年中报","OPERATE_INCOME_SQ":623352544.64,"DPS_HKD":0.25,"OPERATE_INCOME_QOQ_SQ":0,"NET_PROFIT_RATIO_SQ":5.0309633529,"HOLDER_PROFIT_SQ":31360638.08,"HOLDER_PROFIT_QOQ_SQ":0,"ROE_AVG_SQ":10.997252920794,"PE_TTM_SQ":9.20411747439,"PB_TTM_SQ":3.859537856851,"ROA_SQ":4.7895954564,"START_DATE":"2021-04-01 00:00:00","FISCAL_YEAR":"3-31","CURRENCY":"HKD","IS_CNY_CODE":0,"DPS_HKD_LY":0.04,"ORG_TYPE":"一般企业","PREMIUM_INCOME":null,"PREMIUM_INCOME_YOY":null,"NET_INTEREST_INCOME":null,"NET_INTEREST_INCOME_YOY":null,"FEE_COMMISSION_INCOME":null,"FEE_COMMISSION_INCOME_YOY":null,"ACCOUNTS_RECE_TDAYS":258.376646706587,"INVENTORY_TDAYS":2.802034890697,"CURRENT_ASSETS_TDAYS":2.509313483179,"TOTAL_ASSETS_TDAYS":1.040903860489,"PREMIUM_EXPENSE":null,"LOAN_DEPOSIT":null,"LOAN_EQUITY":null,"LOAN_ASSETS":null,"DEPOSIT_EQUITY":null,"DEPOSIT_ASSETS":null,"EQUITY_MULTIPLIER":2.287756608259,"EQUITY_RATIO":1.287756608261},{"SECUCODE":"02360.HK","SECURITY_CODE":"02360","SECURITY_NAME_ABBR":"优品360","ORG_CODE":"10947329","STD_REPORT_DATE":"2020-12-31 00:00:00","REPORT_DATE":"2021-03-31 00:00:00","DATE_TYPE_CODE":"001","REPORT_TYPE":"2020年年报","PER_NETCASH_OPERATE":0.20923022526,"PER_OI":1.37586091538,"BPS":0.31113695858,"BASIC_EPS":0.06845958,"DILUTED_EPS":0.06845958,"OPERATE_INCOME":1375860915.38,"OPERATE_INCOME_YOY":32.3018569825,"GROSS_PROFIT":439623757.72,"GROSS_PROFIT_YOY":16.927356940963,"HOLDER_PROFIT":68839065.82,"HOLDER_PROFIT_YOY":573.132231405,"GROSS_PROFIT_RATIO":31.952630735105,"EPS_TTM":0.03027805951,"OPERATE_INCOME_QOQ":0,"NET_PROFIT_RATIO":5.0033448185,"ROE_AVG":24.139724634825,"GROSS_PROFIT_QOQ":0,"ROA":10.780586235491,"HOLDER_PROFIT_QOQ":0,"ROE_YEARLY":24.139724634825,"ROIC_YEARLY":13.531892128977,"TOTAL_ASSETS":694063506.36,"TOTAL_LIABILITIES":382926547.78,"TAX_EBT":11.224345210198,"OCF_SALES":15.207222105166,"TOTAL_PARENT_EQUITY":311136958.58,"DEBT_ASSET_RATIO":55.1716873559,"OPERATE_PROFIT":85927760.24,"PRETAX_PROFIT":77542729.46,"NETCASH_OPERATE":209230225.26,"NETCASH_INVEST":-173886488.02,"NETCASH_FINANCE":-140652320.06,"END_CASH":77175076.16,"DIVI_RATIO":7.536097216687,"DIVIDEND_RATE":15.243902439024,"CURRENT_RATIO":0.960991279119,"COMMON_ACS":10000000000,"CURRENTDEBT_DEBT":78.811930138985,"ISSUED_COMMON_SHARES":1000000000,"HK_COMMON_SHARES":1000000000,"PER_SHARES":2000,"TOTAL_MARKET_CAP":1640000000,"HKSK_MARKET_CAP":1640000000,"PE_TTM":7.143354937626,"PB_TTM":3.156189017232,"REPORT_DATE_SQ":"2019-12-31 00:00:00","REPORT_TYPE_SQ":"2019年年报","OPERATE_INCOME_SQ":1124250286.9,"DPS_HKD":0.25,"OPERATE_INCOME_QOQ_SQ":0,"NET_PROFIT_RATIO_SQ":0.983390454,"HOLDER_PROFIT_SQ":11055770,"HOLDER_PROFIT_QOQ_SQ":0,"ROE_AVG_SQ":3.578484142288,"PE_TTM_SQ":9.20411747439,"PB_TTM_SQ":3.859537856851,"ROA_SQ":2.020880201888,"START_DATE":"2020-04-01 00:00:00","FISCAL_YEAR":"3-31","CURRENCY":"HKD","IS_CNY_CODE":0,"DPS_HKD_LY":0.02,"ORG_TYPE":"一般企业","PREMIUM_INCOME":null,"PREMIUM_INCOME_YOY":null,"NET_INTEREST_INCOME":null,"NET_INTEREST_INCOME_YOY":null,"FEE_COMMISSION_INCOME":null,"FEE_COMMISSION_INCOME_YOY":null,"ACCOUNTS_RECE_TDAYS":601.252446906741,"INVENTORY_TDAYS":6.627163462977,"CURRENT_ASSETS_TDAYS":4.351032637603,"TOTAL_ASSETS_TDAYS":2.154675847153,"PREMIUM_EXPENSE":null,"LOAN_DEPOSIT":null,"LOAN_EQUITY":null,"LOAN_ASSETS":null,"DEPOSIT_EQUITY":null,"DEPOSIT_ASSETS":null,"EQUITY_MULTIPLIER":2.230733081433,"EQUITY_RATIO":1.23073308143},{"SECUCODE":"02360.HK","SECURITY_CODE":"02360","SECURITY_NAME_ABBR":"优品360","ORG_CODE":"10947329","STD_REPORT_DATE":"2020-06-30 00:00:00","REPORT_DATE":"2020-09-30 00:00:00","DATE_TYPE_CODE":"002","REPORT_TYPE":"2020年中报","PER_NETCASH_OPERATE":0.08339755776,"PER_OI":0.62335254464,"BPS":0.30084824512,"BASIC_EPS":0.03163392,"DILUTED_EPS":0.03163392,"OPERATE_INCOME":623352544.64,"OPERATE_INCOME_YOY":16.3202193301,"GROSS_PROFIT":195744545.92,"GROSS_PROFIT_YOY":3.692284018407,"HOLDER_PROFIT":31360638.08,"HOLDER_PROFIT_YOY":165.2076985955,"GROSS_PROFIT_RATIO":31.401900514106,"EPS_TTM":0.01105577,"OPERATE_INCOME_QOQ":0,"NET_PROFIT_RATIO":5.0309633529,"ROE_AVG":10.997252920794,"GROSS_PROFIT_QOQ":0,"ROA":4.7895954564,"HOLDER_PROFIT_QOQ":0,"ROE_YEARLY":21.994505841588,"ROIC_YEARLY":12.08178879128,"TOTAL_ASSETS":703365272.96,"TOTAL_LIABILITIES":402517027.84,"TAX_EBT":5.524671749259,"OCF_SALES":13.378875000529,"TOTAL_PARENT_EQUITY":300848245.12,"DEBT_ASSET_RATIO":57.2273103769,"OPERATE_PROFIT":37780566.4,"PRETAX_PROFIT":33194526.72,"NETCASH_OPERATE":83397557.76,"NETCASH_INVEST":-164018360.32,"NETCASH_FINANCE":-27575991.04,"END_CASH":81528520.32,"DIVI_RATIO":20.638851929807,"DIVIDEND_RATE":15.243902439024,"CURRENT_RATIO":0.94653049639,"COMMON_ACS":10000000000,"CURRENTDEBT_DEBT":77.679709739954,"ISSUED_COMMON_SHARES":1000000000,"HK_COMMON_SHARES":1000000000,"PER_SHARES":2000,"TOTAL_MARKET_CAP":1640000000,"HKSK_MARKET_CAP":1640000000,"PE_TTM":7.143354937626,"PB_TTM":3.156189017232,"REPORT_DATE_SQ":"2019-06-30 00:00:00","REPORT_TYPE_SQ":"2019年中报","OPERATE_INCOME_SQ":550097112.57,"DPS_HKD":0.25,"OPERATE_INCOME_QOQ_SQ":0,"NET_PROFIT_RATIO_SQ":2.2065828547,"HOLDER_PROFIT_SQ":12138348.57,"HOLDER_PROFIT_QOQ_SQ":0,"ROE_AVG_SQ":3.885819228698,"PE_TTM_SQ":9.20411747439,"PB_TTM_SQ":3.859537856851,"ROA_SQ":2.236464999248,"START_DATE":"2020-04-01 00:00:00","FISCAL_YEAR":"3-31","CURRENCY":"HKD","IS_CNY_CODE":0,"DPS_HKD_LY":0.02,"ORG_TYPE":"一般企业","PREMIUM_INCOME":null,"PREMIUM_INCOME_YOY":null,"NET_INTEREST_INCOME":null,"NET_INTEREST_INCOME_YOY":null,"FEE_COMMISSION_INCOME":null,"FEE_COMMISSION_INCOME_YOY":null,"ACCOUNTS_RECE_TDAYS":243.107265250171,"INVENTORY_TDAYS":3.137639996647,"CURRENT_ASSETS_TDAYS":1.912259278428,"TOTAL_ASSETS_TDAYS":0.952023523223,"PREMIUM_EXPENSE":null,"LOAN_DEPOSIT":null,"LOAN_EQUITY":null,"LOAN_ASSETS":null,"DEPOSIT_EQUITY":null,"DEPOSIT_ASSETS":null,"EQUITY_MULTIPLIER":2.337940421357,"EQUITY_RATIO":1.337940421356},{"SECUCODE":"02360.HK","SECURITY_CODE":"02360","SECURITY_NAME_ABBR":"优品360","ORG_CODE":"10947329","STD_REPORT_DATE":"2019-12-31 00:00:00","REPORT_DATE":"2020-03-31 00:00:00","DATE_TYPE_CODE":"001","REPORT_TYPE":"2019年年报","PER_NETCASH_OPERATE":0.1051549919,"PER_OI":1.1242502869,"BPS":0.2802153434,"BASIC_EPS":0.0109644,"DILUTED_EPS":0.0109644,"OPERATE_INCOME":1124250286.9,"OPERATE_INCOME_YOY":-4.5046911902,"GROSS_PROFIT":375980240.4,"GROSS_PROFIT_YOY":0.891420615222,"HOLDER_PROFIT":11055770,"HOLDER_PROFIT_YOY":-79.7414947763,"GROSS_PROFIT_RATIO":33.44275245299,"EPS_TTM":0.05077418554,"OPERATE_INCOME_QOQ":0,"NET_PROFIT_RATIO":0.983390454,"ROE_AVG":3.578484142288,"GROSS_PROFIT_QOQ":0,"ROA":2.020880201888,"HOLDER_PROFIT_QOQ":0,"ROE_YEARLY":3.578484142288,"ROIC_YEARLY":3.436557875469,"TOTAL_ASSETS":630296757.3,"TOTAL_LIABILITIES":350081413.9,"TAX_EBT":15.461468594984,"OCF_SALES":9.353343568179,"TOTAL_PARENT_EQUITY":280215343.4,"DEBT_ASSET_RATIO":55.5423155594,"OPERATE_PROFIT":23184223.8,"PRETAX_PROFIT":13077788.1,"NETCASH_OPERATE":105154991.9,"NETCASH_INVEST":-8511115.5,"NETCASH_FINANCE":-148147318,"END_CASH":197277880.7,"DIVI_RATIO":4.493984444521,"DIVIDEND_RATE":15.243902439024,"CURRENT_RATIO":1.602190127421,"COMMON_ACS":10000000000,"CURRENTDEBT_DEBT":65.996079833589,"ISSUED_COMMON_SHARES":1000000000,"HK_COMMON_SHARES":1000000000,"PER_SHARES":2000,"TOTAL_MARKET_CAP":1640000000,"HKSK_MARKET_CAP":1640000000,"PE_TTM":7.143354937626,"PB_TTM":3.156189017232,"REPORT_DATE_SQ":"2018-12-31 00:00:00","REPORT_TYPE_SQ":"2018年年报","OPERATE_INCOME_SQ":1105244401.41,"DPS_HKD":0.25,"OPERATE_INCOME_QOQ_SQ":0,"NET_PROFIT_RATIO_SQ":4.6355431482,"HOLDER_PROFIT_SQ":51234081.12,"HOLDER_PROFIT_QOQ_SQ":0,"ROE_AVG_SQ":25.813478086117,"PE_TTM_SQ":9.20411747439,"PB_TTM_SQ":3.859537856851,"ROA_SQ":16.50932118242,"START_DATE":"2019-04-01 00:00:00","FISCAL_YEAR":"3-31","CURRENCY":"HKD","IS_CNY_CODE":0,"DPS_HKD_LY":0.075,"ORG_TYPE":"一般企业","PREMIUM_INCOME":null,"PREMIUM_INCOME_YOY":null,"NET_INTEREST_INCOME":null,"NET_INTEREST_INCOME_YOY":null,"FEE_COMMISSION_INCOME":null,"FEE_COMMISSION_INCOME_YOY":null,"ACCOUNTS_RECE_TDAYS":311.227266978627,"INVENTORY_TDAYS":6.09801410307,"CURRENT_ASSETS_TDAYS":2.874318905717,"TOTAL_ASSETS_TDAYS":2.055013035512,"PREMIUM_EXPENSE":null,"LOAN_DEPOSIT":null,"LOAN_EQUITY":null,"LOAN_ASSETS":null,"DEPOSIT_EQUITY":null,"DEPOSIT_ASSETS":null,"EQUITY_MULTIPLIER":2.24932992481,"EQUITY_RATIO":1.249329924808}],"count":15},"success":true,"message":"ok","code":0}