{"version":"c5fd9b9c3d1fe46bd15e5a4243e6bc7b","result":{"pages":6,"data":[{"SECUCODE":"02362.HK","SECURITY_CODE":"02362","SECURITY_NAME_ABBR":"金川国际","ORG_CODE":"10010602","STD_REPORT_DATE":"2024-06-30 00:00:00","REPORT_DATE":"2024-06-30 00:00:00","DATE_TYPE_CODE":"002","REPORT_TYPE":"2024年中报","PER_NETCASH_OPERATE":0.026779764285,"PER_OI":0.161342122806,"BPS":0.514665934822,"BASIC_EPS":0.00498876,"DILUTED_EPS":0.00498876,"OPERATE_INCOME":2017112457.6,"OPERATE_INCOME_YOY":-13.47550686,"GROSS_PROFIT":306780232.8,"GROSS_PROFIT_YOY":49.551695514079,"HOLDER_PROFIT":65858758.8,"HOLDER_PROFIT_YOY":173.9220862331,"GROSS_PROFIT_RATIO":15.208880974589,"EPS_TTM":0.005945140793,"OPERATE_INCOME_QOQ":-7.658480927169,"NET_PROFIT_RATIO":4.5168037536,"ROE_AVG":0.934962393083,"GROSS_PROFIT_QOQ":20.285878232157,"ROA":0.413802306295,"HOLDER_PROFIT_QOQ":190.795213016854,"ROE_YEARLY":1.869924786166,"ROIC_YEARLY":0.937649742009,"TOTAL_ASSETS":16363147053.6,"TOTAL_LIABILITIES":8102038438.8,"TAX_EBT":33.744493392071,"OCF_SALES":16.598123180418,"TOTAL_PARENT_EQUITY":7064846727.6,"DEBT_ASSET_RATIO":49.5139377056,"OPERATE_PROFIT":177186501.6,"PRETAX_PROFIT":137511606,"NETCASH_OPERATE":334802810.4,"NETCASH_INVEST":-735542774.4,"NETCASH_FINANCE":517199002.8,"END_CASH":443158677.6,"DIVI_RATIO":0.304860736369,"DIVIDEND_RATE":0.392156862745,"CURRENT_RATIO":1.020665942113,"COMMON_ACS":20000000000,"CURRENTDEBT_DEBT":27.194304216685,"ISSUED_COMMON_SHARES":12502082051,"HK_COMMON_SHARES":12502082051,"PER_SHARES":1000,"TOTAL_MARKET_CAP":6376061846.01,"HKSK_MARKET_CAP":6376061846.01,"PE_TTM":79.900451925812,"PB_TTM":0.904405690665,"REPORT_DATE_SQ":"2023-06-30 00:00:00","REPORT_TYPE_SQ":"2023年中报","OPERATE_INCOME_SQ":2363645889.6,"DPS_HKD":0.002,"OPERATE_INCOME_QOQ_SQ":-20.466486184401,"NET_PROFIT_RATIO_SQ":-3.0686737264,"HOLDER_PROFIT_SQ":-90329725.8,"HOLDER_PROFIT_QOQ_SQ":-5866.6229193975,"ROE_AVG_SQ":-1.258660147664,"PE_TTM_SQ":-14.724292192508,"PB_TTM_SQ":0.996413620546,"ROA_SQ":-0.594746618958,"START_DATE":"2024-01-01 00:00:00","FISCAL_YEAR":"12-31","CURRENCY":"HKD","IS_CNY_CODE":0,"DPS_HKD_LY":0.002,"ORG_TYPE":"一般企业","PREMIUM_INCOME":null,"PREMIUM_INCOME_YOY":null,"NET_INTEREST_INCOME":null,"NET_INTEREST_INCOME_YOY":null,"FEE_COMMISSION_INCOME":null,"FEE_COMMISSION_INCOME_YOY":null,"ACCOUNTS_RECE_TDAYS":4.071524131482,"INVENTORY_TDAYS":1.952478775724,"CURRENT_ASSETS_TDAYS":0.965722435666,"TOTAL_ASSETS_TDAYS":0.126738766752,"PREMIUM_EXPENSE":null,"LOAN_DEPOSIT":null,"LOAN_EQUITY":null,"LOAN_ASSETS":null,"DEPOSIT_EQUITY":null,"DEPOSIT_ASSETS":null,"EQUITY_MULTIPLIER":1.98074469379,"EQUITY_RATIO":1.146810221253},{"SECUCODE":"02362.HK","SECURITY_CODE":"02362","SECURITY_NAME_ABBR":"金川国际","ORG_CODE":"10010602","STD_REPORT_DATE":"2023-12-31 00:00:00","REPORT_DATE":"2023-12-31 00:00:00","DATE_TYPE_CODE":"001","REPORT_TYPE":"2023年年报","PER_NETCASH_OPERATE":0.017722496397,"PER_OI":0.361926313988,"BPS":0.508167076538,"BASIC_EPS":-0.00637443,"DILUTED_EPS":-0.00637443,"OPERATE_INCOME":4524832473.9,"OPERATE_INCOME_YOY":-27.5342049324,"GROSS_PROFIT":501072694.2,"GROSS_PROFIT_YOY":5.053154562047,"HOLDER_PROFIT":-81861846.6,"HOLDER_PROFIT_YOY":-1224.3190661479,"GROSS_PROFIT_RATIO":11.073839685563,"EPS_TTM":-0.00654785709,"OPERATE_INCOME_QOQ":-7.341437194933,"NET_PROFIT_RATIO":-1.6701703198,"ROE_AVG":-1.163443825936,"GROSS_PROFIT_QOQ":442.706580370194,"ROA":-0.550392746511,"HOLDER_PROFIT_QOQ":80.172375291159,"ROE_YEARLY":-1.163443825936,"ROIC_YEARLY":-0.625390767776,"TOTAL_ASSETS":15372164591.4,"TOTAL_LIABILITIES":7228702777.8,"TAX_EBT":139.48342214328,"OCF_SALES":4.896713975115,"TOTAL_PARENT_EQUITY":6979696293.9,"DEBT_ASSET_RATIO":47.0246251582,"OPERATE_PROFIT":256329995.7,"PRETAX_PROFIT":191402884.8,"NETCASH_OPERATE":221568104.1,"NETCASH_INVEST":-1143565659.3,"NETCASH_FINANCE":703595418,"END_CASH":324678050.7,"DIVI_RATIO":-0.276798954991,"DIVIDEND_RATE":0.344827586207,"CURRENT_RATIO":1.068476870351,"COMMON_ACS":20000000000,"CURRENTDEBT_DEBT":24.815258266103,"ISSUED_COMMON_SHARES":12502082051,"HK_COMMON_SHARES":12502082051,"PER_SHARES":1000,"TOTAL_MARKET_CAP":7251207589.58,"HKSK_MARKET_CAP":7251207589.58,"PE_TTM":90.867180621512,"PB_TTM":1.02853980507,"REPORT_DATE_SQ":"2022-12-31 00:00:00","REPORT_TYPE_SQ":"2022年年报","OPERATE_INCOME_SQ":6139977430.8,"DPS_HKD":0.002,"OPERATE_INCOME_QOQ_SQ":-6.909638686414,"NET_PROFIT_RATIO_SQ":0.7785861583,"HOLDER_PROFIT_SQ":7159608.8,"HOLDER_PROFIT_QOQ_SQ":-98.982054296601,"ROE_AVG_SQ":0.102054036024,"PE_TTM_SQ":-12.883755668445,"PB_TTM_SQ":0.871861917978,"ROA_SQ":0.050538334039,"START_DATE":"2023-01-01 00:00:00","FISCAL_YEAR":"12-31","CURRENCY":"HKD","IS_CNY_CODE":0,"DPS_HKD_LY":0.002,"ORG_TYPE":"一般企业","PREMIUM_INCOME":null,"PREMIUM_INCOME_YOY":null,"NET_INTEREST_INCOME":null,"NET_INTEREST_INCOME_YOY":null,"FEE_COMMISSION_INCOME":null,"FEE_COMMISSION_INCOME_YOY":null,"ACCOUNTS_RECE_TDAYS":8.528668882748,"INVENTORY_TDAYS":4.818930966185,"CURRENT_ASSETS_TDAYS":2.19254436692,"TOTAL_ASSETS_TDAYS":0.304224138136,"PREMIUM_EXPENSE":null,"LOAN_DEPOSIT":null,"LOAN_EQUITY":null,"LOAN_ASSETS":null,"DEPOSIT_EQUITY":null,"DEPOSIT_ASSETS":null,"EQUITY_MULTIPLIER":1.88766951246,"EQUITY_RATIO":1.035675833649},{"SECUCODE":"02362.HK","SECURITY_CODE":"02362","SECURITY_NAME_ABBR":"金川国际","ORG_CODE":"10010602","STD_REPORT_DATE":"2023-06-30 00:00:00","REPORT_DATE":"2023-06-30 00:00:00","DATE_TYPE_CODE":"002","REPORT_TYPE":"2023年中报","PER_NETCASH_OPERATE":-0.008545830876,"PER_OI":0.189060180533,"BPS":0.518167144078,"BASIC_EPS":-0.0072258,"DILUTED_EPS":-0.0072258,"OPERATE_INCOME":2363645889.6,"OPERATE_INCOME_YOY":-39.3589075735,"GROSS_PROFIT":205133236.2,"GROSS_PROFIT_YOY":-75.234854451379,"HOLDER_PROFIT":-90329725.8,"HOLDER_PROFIT_YOY":-125.4473282443,"GROSS_PROFIT_RATIO":8.678678862286,"EPS_TTM":-0.033023910763,"OPERATE_INCOME_QOQ":-20.466486184401,"NET_PROFIT_RATIO":-3.0686737264,"ROE_AVG":-1.258660147664,"GROSS_PROFIT_QOQ":-130.653964814031,"ROA":-0.594746618958,"HOLDER_PROFIT_QOQ":-5866.6229193975,"ROE_YEARLY":-2.517320295329,"ROIC_YEARLY":-1.36873024567,"TOTAL_ASSETS":15710905198.2,"TOTAL_LIABILITIES":7385735857.2,"TAX_EBT":-56.623498205648,"OCF_SALES":-4.520164347379,"TOTAL_PARENT_EQUITY":7117376871,"DEBT_ASSET_RATIO":47.0102502945,"OPERATE_PROFIT":-25348106.4,"PRETAX_PROFIT":-46310152.2,"NETCASH_OPERATE":-123944147.4,"NETCASH_INVEST":-324980355,"NETCASH_FINANCE":641846136.6,"END_CASH":746974300.8,"DIVI_RATIO":-0.054882657994,"DIVIDEND_RATE":0.344827586207,"CURRENT_RATIO":1.213799389664,"COMMON_ACS":20000000000,"CURRENTDEBT_DEBT":31.770687600647,"ISSUED_COMMON_SHARES":12502082051,"HK_COMMON_SHARES":12502082051,"PER_SHARES":1000,"TOTAL_MARKET_CAP":7251207589.58,"HKSK_MARKET_CAP":7251207589.58,"PE_TTM":90.867180621512,"PB_TTM":1.02853980507,"REPORT_DATE_SQ":"2022-06-30 00:00:00","REPORT_TYPE_SQ":"2022年中报","OPERATE_INCOME_SQ":3620283522.2,"DPS_HKD":0.002,"OPERATE_INCOME_QOQ_SQ":24.355094783438,"NET_PROFIT_RATIO_SQ":12.4373636274,"HOLDER_PROFIT_SQ":329697525,"HOLDER_PROFIT_QOQ_SQ":-8.472318987045,"ROE_AVG_SQ":4.740340320249,"PE_TTM_SQ":-12.883755668445,"PB_TTM_SQ":0.871861917978,"ROA_SQ":2.355735478599,"START_DATE":"2023-01-01 00:00:00","FISCAL_YEAR":"12-31","CURRENCY":"HKD","IS_CNY_CODE":0,"DPS_HKD_LY":0.002,"ORG_TYPE":"一般企业","PREMIUM_INCOME":null,"PREMIUM_INCOME_YOY":null,"NET_INTEREST_INCOME":null,"NET_INTEREST_INCOME_YOY":null,"FEE_COMMISSION_INCOME":null,"FEE_COMMISSION_INCOME_YOY":null,"ACCOUNTS_RECE_TDAYS":3.443864229765,"INVENTORY_TDAYS":2.248268958666,"CURRENT_ASSETS_TDAYS":0.926254865067,"TOTAL_ASSETS_TDAYS":0.155626554692,"PREMIUM_EXPENSE":null,"LOAN_DEPOSIT":null,"LOAN_EQUITY":null,"LOAN_ASSETS":null,"DEPOSIT_EQUITY":null,"DEPOSIT_ASSETS":null,"EQUITY_MULTIPLIER":1.887157432442,"EQUITY_RATIO":1.037704759923},{"SECUCODE":"02362.HK","SECURITY_CODE":"02362","SECURITY_NAME_ABBR":"金川国际","ORG_CODE":"10010602","STD_REPORT_DATE":"2022-12-31 00:00:00","REPORT_DATE":"2022-12-31 00:00:00","DATE_TYPE_CODE":"001","REPORT_TYPE":"2022年年报","PER_NETCASH_OPERATE":0.027676053572,"PER_OI":0.491116392114,"BPS":0.508576800461,"BASIC_EPS":0.00069646,"DILUTED_EPS":0.00069646,"OPERATE_INCOME":6139977430.8,"OPERATE_INCOME_YOY":5.9741627289,"GROSS_PROFIT":476970631,"GROSS_PROFIT_YOY":-70.273693997699,"HOLDER_PROFIT":7159608.8,"HOLDER_PROFIT_YOY":-99.1470790777,"GROSS_PROFIT_RATIO":7.768279873593,"EPS_TTM":0.000572673317,"OPERATE_INCOME_QOQ":-6.909638686414,"NET_PROFIT_RATIO":0.7785861583,"ROE_AVG":0.102054036024,"GROSS_PROFIT_QOQ":-69.604670541637,"ROA":0.050538334039,"HOLDER_PROFIT_QOQ":-98.982054296601,"ROE_YEARLY":0.102054036024,"ROIC_YEARLY":0.059866465171,"TOTAL_ASSETS":14134850708.8,"TOTAL_LIABILITIES":6013500294.8,"TAX_EBT":88.771470636349,"OCF_SALES":5.635334925896,"TOTAL_PARENT_EQUITY":6974371333.8,"DEBT_ASSET_RATIO":42.5437835792,"OPERATE_PROFIT":472485428.6,"PRETAX_PROFIT":425745998,"NETCASH_OPERATE":346008292.6,"NETCASH_INVEST":-603092572.4,"NETCASH_FINANCE":-593314274,"END_CASH":534024634.2,"DIVI_RATIO":3.164875934634,"DIVIDEND_RATE":0.344827586207,"CURRENT_RATIO":1.171971915597,"COMMON_ACS":20000000000,"CURRENTDEBT_DEBT":30.846453364341,"ISSUED_COMMON_SHARES":12502082051,"HK_COMMON_SHARES":12502082051,"PER_SHARES":1000,"TOTAL_MARKET_CAP":7251207589.58,"HKSK_MARKET_CAP":7251207589.58,"PE_TTM":90.867180621512,"PB_TTM":1.02853980507,"REPORT_DATE_SQ":"2021-12-31 00:00:00","REPORT_TYPE_SQ":"2021年年报","OPERATE_INCOME_SQ":5303938454.3,"DPS_HKD":0.002,"OPERATE_INCOME_QOQ_SQ":23.979312766115,"NET_PROFIT_RATIO_SQ":19.5270098894,"HOLDER_PROFIT_SQ":768443993.9,"HOLDER_PROFIT_QOQ_SQ":-2.806569137246,"ROE_AVG_SQ":12.635963436254,"PE_TTM_SQ":-12.883755668445,"PB_TTM_SQ":0.871861917978,"ROA_SQ":6.331837410675,"START_DATE":"2022-01-01 00:00:00","FISCAL_YEAR":"12-31","CURRENCY":"HKD","IS_CNY_CODE":0,"DPS_HKD_LY":0.002,"ORG_TYPE":"一般企业","PREMIUM_INCOME":null,"PREMIUM_INCOME_YOY":null,"NET_INTEREST_INCOME":null,"NET_INTEREST_INCOME_YOY":null,"FEE_COMMISSION_INCOME":null,"FEE_COMMISSION_INCOME_YOY":null,"ACCOUNTS_RECE_TDAYS":10.950779760389,"INVENTORY_TDAYS":4.592094562541,"CURRENT_ASSETS_TDAYS":2.095074685922,"TOTAL_ASSETS_TDAYS":0.433409476773,"PREMIUM_EXPENSE":null,"LOAN_DEPOSIT":null,"LOAN_EQUITY":null,"LOAN_ASSETS":null,"DEPOSIT_EQUITY":null,"DEPOSIT_ASSETS":null,"EQUITY_MULTIPLIER":1.740455710965,"EQUITY_RATIO":0.862228293704},{"SECUCODE":"02362.HK","SECURITY_CODE":"02362","SECURITY_NAME_ABBR":"金川国际","ORG_CODE":"10010602","STD_REPORT_DATE":"2022-06-30 00:00:00","REPORT_DATE":"2022-06-30 00:00:00","DATE_TYPE_CODE":"002","REPORT_TYPE":"2022年中报","PER_NETCASH_OPERATE":0.00556311109,"PER_OI":0.287357088353,"BPS":0.521232183137,"BASIC_EPS":0.02617446,"DILUTED_EPS":0.02483218,"OPERATE_INCOME":3620283522.2,"OPERATE_INCOME_YOY":49.6551475403,"GROSS_PROFIT":828314276.6,"GROSS_PROFIT_YOY":-4.089373378747,"HOLDER_PROFIT":329697525,"HOLDER_PROFIT_YOY":-19.6174362666,"GROSS_PROFIT_RATIO":22.879817879475,"EPS_TTM":0.05582696399,"OPERATE_INCOME_QOQ":24.355094783438,"NET_PROFIT_RATIO":12.4373636274,"ROE_AVG":4.740340320249,"GROSS_PROFIT_QOQ":-2.201073217445,"ROA":2.355735478599,"HOLDER_PROFIT_QOQ":-8.472318987045,"ROE_YEARLY":9.480680640498,"ROIC_YEARLY":5.721460104972,"TOTAL_ASSETS":14308711511.4,"TOTAL_LIABILITIES":5979005052.2,"TAX_EBT":33.66554939242,"OCF_SALES":1.935957495324,"TOTAL_PARENT_EQUITY":7110191388,"DEBT_ASSET_RATIO":41.7857683932,"OPERATE_PROFIT":702213782,"PRETAX_PROFIT":678784284.6,"NETCASH_OPERATE":70087150.2,"NETCASH_INVEST":-62476422.6,"NETCASH_FINANCE":-165731311.6,"END_CASH":1174515134.2,"DIVI_RATIO":0.032465315512,"DIVIDEND_RATE":0.344827586207,"CURRENT_RATIO":1.441713471372,"COMMON_ACS":20000000000,"CURRENTDEBT_DEBT":46.86582711565,"ISSUED_COMMON_SHARES":12502082051,"HK_COMMON_SHARES":12502082051,"PER_SHARES":1000,"TOTAL_MARKET_CAP":7251207589.58,"HKSK_MARKET_CAP":7251207589.58,"PE_TTM":90.867180621512,"PB_TTM":1.02853980507,"REPORT_DATE_SQ":"2021-06-30 00:00:00","REPORT_TYPE_SQ":"2021年中报","OPERATE_INCOME_SQ":2328504284.4,"DPS_HKD":0.002,"OPERATE_INCOME_QOQ_SQ":23.35890000802,"NET_PROFIT_RATIO_SQ":21.8211428128,"HOLDER_PROFIT_SQ":394802551.4,"HOLDER_PROFIT_QOQ_SQ":304.674778261013,"ROE_AVG_SQ":6.615766165131,"PE_TTM_SQ":-12.883755668445,"PB_TTM_SQ":0.871861917978,"ROA_SQ":3.289986520067,"START_DATE":"2022-01-01 00:00:00","FISCAL_YEAR":"12-31","CURRENCY":"HKD","IS_CNY_CODE":0,"DPS_HKD_LY":0.002,"ORG_TYPE":"一般企业","PREMIUM_INCOME":null,"PREMIUM_INCOME_YOY":null,"NET_INTEREST_INCOME":null,"NET_INTEREST_INCOME_YOY":null,"FEE_COMMISSION_INCOME":null,"FEE_COMMISSION_INCOME_YOY":null,"ACCOUNTS_RECE_TDAYS":5.940422110995,"INVENTORY_TDAYS":1.521080102745,"CURRENT_ASSETS_TDAYS":0.953562226828,"TOTAL_ASSETS_TDAYS":0.258674381491,"PREMIUM_EXPENSE":null,"LOAN_DEPOSIT":null,"LOAN_EQUITY":null,"LOAN_ASSETS":null,"DEPOSIT_EQUITY":null,"DEPOSIT_ASSETS":null,"EQUITY_MULTIPLIER":1.717793007652,"EQUITY_RATIO":0.840906344981},{"SECUCODE":"02362.HK","SECURITY_CODE":"02362","SECURITY_NAME_ABBR":"金川国际","ORG_CODE":"10010602","STD_REPORT_DATE":"2021-12-31 00:00:00","REPORT_DATE":"2021-12-31 00:00:00","DATE_TYPE_CODE":"001","REPORT_TYPE":"2021年年报","PER_NETCASH_OPERATE":0.104312254848,"PER_OI":0.420617910494,"BPS":0.471597774974,"BASIC_EPS":0.06120672,"DILUTED_EPS":0.05801887,"OPERATE_INCOME":5303938454.3,"OPERATE_INCOME_YOY":56.5185079266,"GROSS_PROFIT":1604540540.5,"GROSS_PROFIT_YOY":184.102227418275,"HOLDER_PROFIT":768443993.9,"HOLDER_PROFIT_YOY":302.5214574358,"GROSS_PROFIT_RATIO":30.251869517814,"EPS_TTM":0.060939867578,"OPERATE_INCOME_QOQ":23.979312766115,"NET_PROFIT_RATIO":19.5270098894,"ROE_AVG":12.635963436254,"GROSS_PROFIT_QOQ":21.115154764707,"ROA":6.331837410675,"HOLDER_PROFIT_QOQ":-2.806569137246,"ROE_YEARLY":12.635963436254,"ROIC_YEARLY":7.540680836634,"TOTAL_ASSETS":12997954694.7,"TOTAL_LIABILITIES":5494017198.4,"TAX_EBT":41.877977728029,"OCF_SALES":24.799765356131,"TOTAL_PARENT_EQUITY":6459961251.2,"DEBT_ASSET_RATIO":42.2683208816,"OPERATE_PROFIT":1833313407.9,"PRETAX_PROFIT":1777137115.2,"NETCASH_OPERATE":1315364291.3,"NETCASH_INVEST":-489762146.9,"NETCASH_FINANCE":-18081485.2,"END_CASH":1267361646,"DIVI_RATIO":0.029741449597,"DIVIDEND_RATE":0.344827586207,"CURRENT_RATIO":1.4070286589,"COMMON_ACS":20000000000,"CURRENTDEBT_DEBT":43.667489834191,"ISSUED_COMMON_SHARES":12502082051,"HK_COMMON_SHARES":12502082051,"PER_SHARES":1000,"TOTAL_MARKET_CAP":7251207589.58,"HKSK_MARKET_CAP":7251207589.58,"PE_TTM":90.867180621512,"PB_TTM":1.02853980507,"REPORT_DATE_SQ":"2020-12-31 00:00:00","REPORT_TYPE_SQ":"2020年年报","OPERATE_INCOME_SQ":3467997399.8,"DPS_HKD":0.002,"OPERATE_INCOME_QOQ_SQ":-45.038565076886,"NET_PROFIT_RATIO_SQ":7.9950780994,"HOLDER_PROFIT_SQ":195375080.7,"HOLDER_PROFIT_QOQ_SQ":216.142742310948,"ROE_AVG_SQ":3.404395140866,"PE_TTM_SQ":-12.883755668445,"PB_TTM_SQ":0.871861917978,"ROA_SQ":1.704712853836,"START_DATE":"2021-01-01 00:00:00","FISCAL_YEAR":"12-31","CURRENCY":"HKD","IS_CNY_CODE":0,"DPS_HKD_LY":0.001,"ORG_TYPE":"一般企业","PREMIUM_INCOME":null,"PREMIUM_INCOME_YOY":null,"NET_INTEREST_INCOME":null,"NET_INTEREST_INCOME_YOY":null,"FEE_COMMISSION_INCOME":null,"FEE_COMMISSION_INCOME_YOY":null,"ACCOUNTS_RECE_TDAYS":8.219858506413,"INVENTORY_TDAYS":2.731052725715,"CURRENT_ASSETS_TDAYS":1.738080065854,"TOTAL_ASSETS_TDAYS":0.437034789724,"PREMIUM_EXPENSE":null,"LOAN_DEPOSIT":null,"LOAN_EQUITY":null,"LOAN_ASSETS":null,"DEPOSIT_EQUITY":null,"DEPOSIT_ASSETS":null,"EQUITY_MULTIPLIER":1.73215124741,"EQUITY_RATIO":0.850472159934},{"SECUCODE":"02362.HK","SECURITY_CODE":"02362","SECURITY_NAME_ABBR":"金川国际","ORG_CODE":"10010602","STD_REPORT_DATE":"2021-06-30 00:00:00","REPORT_DATE":"2021-06-30 00:00:00","DATE_TYPE_CODE":"002","REPORT_TYPE":"2021年中报","PER_NETCASH_OPERATE":0.059151238326,"PER_OI":0.184657234453,"BPS":0.446756749557,"BASIC_EPS":0.03100848,"DILUTED_EPS":0.02971646,"OPERATE_INCOME":2328504284.4,"OPERATE_INCOME_YOY":68.0540467454,"GROSS_PROFIT":863631388.7,"GROSS_PROFIT_YOY":733.609742427909,"HOLDER_PROFIT":394802551.4,"HOLDER_PROFIT_YOY":315.8361292601,"GROSS_PROFIT_RATIO":37.089534019154,"EPS_TTM":0.062699574484,"OPERATE_INCOME_QOQ":23.35890000802,"NET_PROFIT_RATIO":21.8211428128,"ROE_AVG":6.615766165131,"GROSS_PROFIT_QOQ":134.571988922613,"ROA":3.289986520067,"HOLDER_PROFIT_QOQ":304.674778261013,"ROE_YEARLY":13.231532330262,"ROIC_YEARLY":7.902282408907,"TOTAL_ASSETS":12576574360.8,"TOTAL_LIABILITIES":5515284534.6,"TAX_EBT":28.02748851595,"OCF_SALES":32.032992642408,"TOTAL_PARENT_EQUITY":6156862906,"DEBT_ASSET_RATIO":43.8536311747,"OPERATE_PROFIT":732433217.8,"PRETAX_PROFIT":705972648.2,"NETCASH_OPERATE":756361428.2,"NETCASH_INVEST":-616112657.2,"NETCASH_FINANCE":522324925.4,"END_CASH":1136757956.6,"DIVI_RATIO":0.028906735251,"DIVIDEND_RATE":0.344827586207,"CURRENT_RATIO":2.025808556032,"COMMON_ACS":20000000000,"CURRENTDEBT_DEBT":35.191145844314,"ISSUED_COMMON_SHARES":12502082051,"HK_COMMON_SHARES":12502082051,"PER_SHARES":1000,"TOTAL_MARKET_CAP":7251207589.58,"HKSK_MARKET_CAP":7251207589.58,"PE_TTM":90.867180621512,"PB_TTM":1.02853980507,"REPORT_DATE_SQ":"2020-06-30 00:00:00","REPORT_TYPE_SQ":"2020年中报","OPERATE_INCOME_SQ":1518418239.5,"DPS_HKD":0.002,"OPERATE_INCOME_QOQ_SQ":-27.461119411526,"NET_PROFIT_RATIO_SQ":-7.1450562667,"HOLDER_PROFIT_SQ":-200456042.5,"HOLDER_PROFIT_QOQ_SQ":-375.739102427958,"ROE_AVG_SQ":-3.33317245268,"PE_TTM_SQ":-12.883755668445,"PB_TTM_SQ":0.871861917978,"ROA_SQ":-1.628383971963,"START_DATE":"2021-01-01 00:00:00","FISCAL_YEAR":"12-31","CURRENCY":"HKD","IS_CNY_CODE":0,"DPS_HKD_LY":0.001,"ORG_TYPE":"一般企业","PREMIUM_INCOME":null,"PREMIUM_INCOME_YOY":null,"NET_INTEREST_INCOME":null,"NET_INTEREST_INCOME_YOY":null,"FEE_COMMISSION_INCOME":null,"FEE_COMMISSION_INCOME_YOY":null,"ACCOUNTS_RECE_TDAYS":2.525417494299,"INVENTORY_TDAYS":1.169543801738,"CURRENT_ASSETS_TDAYS":0.69553303861,"TOTAL_ASSETS_TDAYS":0.194039974677,"PREMIUM_EXPENSE":null,"LOAN_DEPOSIT":null,"LOAN_EQUITY":null,"LOAN_ASSETS":null,"DEPOSIT_EQUITY":null,"DEPOSIT_ASSETS":null,"EQUITY_MULTIPLIER":1.781059079905,"EQUITY_RATIO":0.895794598451},{"SECUCODE":"02362.HK","SECURITY_CODE":"02362","SECURITY_NAME_ABBR":"金川国际","ORG_CODE":"10010602","STD_REPORT_DATE":"2020-12-31 00:00:00","REPORT_DATE":"2020-12-31 00:00:00","DATE_TYPE_CODE":"001","REPORT_TYPE":"2020年年报","PER_NETCASH_OPERATE":0.089619705189,"PER_OI":0.275022388074,"BPS":0.420657573526,"BASIC_EPS":0.01565976,"DILUTED_EPS":0.01500727,"OPERATE_INCOME":3467997399.8,"OPERATE_INCOME_YOY":14.2013029428,"GROSS_PROFIT":564775769.3,"GROSS_PROFIT_YOY":61.682194210962,"HOLDER_PROFIT":195375080.7,"HOLDER_PROFIT_YOY":242.4013722127,"GROSS_PROFIT_RATIO":16.285357345786,"EPS_TTM":0.01549381821,"OPERATE_INCOME_QOQ":-45.038565076886,"NET_PROFIT_RATIO":7.9950780994,"ROE_AVG":3.404395140866,"GROSS_PROFIT_QOQ":30.560157960046,"ROA":1.704712853836,"HOLDER_PROFIT_QOQ":216.142742310948,"ROE_YEARLY":3.404395140866,"ROIC_YEARLY":1.924729655287,"TOTAL_ASSETS":11538267765.6,"TOTAL_LIABILITIES":4902907733.5,"TAX_EBT":34.777670597753,"OCF_SALES":32.586330813431,"TOTAL_PARENT_EQUITY":5836301203.4,"DEBT_ASSET_RATIO":42.4925806291,"OPERATE_PROFIT":503363410.5,"PRETAX_PROFIT":419381422.6,"NETCASH_OPERATE":1130093105.3,"NETCASH_INVEST":-574132475.9,"NETCASH_FINANCE":-377732985.9,"END_CASH":481792091.1,"DIVI_RATIO":0.116978266781,"DIVIDEND_RATE":0.344827586207,"CURRENT_RATIO":1.534747732752,"COMMON_ACS":20000000000,"CURRENTDEBT_DEBT":37.096943766095,"ISSUED_COMMON_SHARES":12502082051,"HK_COMMON_SHARES":12502082051,"PER_SHARES":1000,"TOTAL_MARKET_CAP":7251207589.58,"HKSK_MARKET_CAP":7251207589.58,"PE_TTM":90.867180621512,"PB_TTM":1.02853980507,"REPORT_DATE_SQ":"2019-12-31 00:00:00","REPORT_TYPE_SQ":"2019年年报","OPERATE_INCOME_SQ":3246779289.6,"DPS_HKD":0.002,"OPERATE_INCOME_QOQ_SQ":-5.033350433092,"NET_PROFIT_RATIO_SQ":1.0523715653,"HOLDER_PROFIT_SQ":61006869,"HOLDER_PROFIT_QOQ_SQ":-27.694100266455,"ROE_AVG_SQ":1.015422933231,"PE_TTM_SQ":-12.883755668445,"PB_TTM_SQ":0.871861917978,"ROA_SQ":0.486127575552,"START_DATE":"2020-01-01 00:00:00","FISCAL_YEAR":"12-31","CURRENCY":"HKD","IS_CNY_CODE":0,"DPS_HKD_LY":0.001,"ORG_TYPE":"一般企业","PREMIUM_INCOME":null,"PREMIUM_INCOME_YOY":null,"NET_INTEREST_INCOME":null,"NET_INTEREST_INCOME_YOY":null,"FEE_COMMISSION_INCOME":null,"FEE_COMMISSION_INCOME_YOY":null,"ACCOUNTS_RECE_TDAYS":3.735947197874,"INVENTORY_TDAYS":2.262020055668,"CURRENT_ASSETS_TDAYS":1.278119115925,"TOTAL_ASSETS_TDAYS":0.302594359697,"PREMIUM_EXPENSE":null,"LOAN_DEPOSIT":null,"LOAN_EQUITY":null,"LOAN_ASSETS":null,"DEPOSIT_EQUITY":null,"DEPOSIT_ASSETS":null,"EQUITY_MULTIPLIER":1.738906059321,"EQUITY_RATIO":0.840071059157},{"SECUCODE":"02362.HK","SECURITY_CODE":"02362","SECURITY_NAME_ABBR":"金川国际","ORG_CODE":"10010602","STD_REPORT_DATE":"2020-06-30 00:00:00","REPORT_DATE":"2020-06-30 00:00:00","DATE_TYPE_CODE":"002","REPORT_TYPE":"2020年中报","PER_NETCASH_OPERATE":0.064486416771,"PER_OI":0.120415029823,"BPS":0.422381534928,"BASIC_EPS":-0.0155749,"DILUTED_EPS":-0.01486695,"OPERATE_INCOME":1518418239.5,"OPERATE_INCOME_YOY":-50.7287038428,"GROSS_PROFIT":103601403,"GROSS_PROFIT_YOY":-74.925203694261,"HOLDER_PROFIT":-200456042.5,"HOLDER_PROFIT_YOY":-776.5830346476,"GROSS_PROFIT_RATIO":9.121225984848,"EPS_TTM":-0.013340324071,"OPERATE_INCOME_QOQ":-27.461119411526,"NET_PROFIT_RATIO":-7.1450562667,"ROE_AVG":-3.33317245268,"GROSS_PROFIT_QOQ":-30.378356667124,"ROA":-1.628383971963,"HOLDER_PROFIT_QOQ":-375.739102427958,"ROE_YEARLY":-6.666344905361,"ROIC_YEARLY":-3.71029799334,"TOTAL_ASSETS":12269184111,"TOTAL_LIABILITIES":5450068121,"TAX_EBT":-46.215762348717,"OCF_SALES":33.049913535381,"TOTAL_PARENT_EQUITY":5906915335.5,"DEBT_ASSET_RATIO":44.4207868404,"OPERATE_PROFIT":-67318965.5,"PRETAX_PROFIT":-122255885.5,"NETCASH_OPERATE":813165529,"NETCASH_INVEST":-252978853,"NETCASH_FINANCE":-48133520.5,"END_CASH":821915791,"DIVI_RATIO":-0.135861766948,"DIVIDEND_RATE":0.344827586207,"CURRENT_RATIO":1.545855602696,"COMMON_ACS":20000000000,"CURRENTDEBT_DEBT":35.362634736139,"ISSUED_COMMON_SHARES":12502082051,"HK_COMMON_SHARES":12502082051,"PER_SHARES":1000,"TOTAL_MARKET_CAP":7251207589.58,"HKSK_MARKET_CAP":7251207589.58,"PE_TTM":90.867180621512,"PB_TTM":1.02853980507,"REPORT_DATE_SQ":"2019-06-30 00:00:00","REPORT_TYPE_SQ":"2019年中报","OPERATE_INCOME_SQ":4849152141.4,"DPS_HKD":0.002,"OPERATE_INCOME_QOQ_SQ":-4.669175147837,"NET_PROFIT_RATIO_SQ":1.0903621119,"HOLDER_PROFIT_SQ":28770619.5,"HOLDER_PROFIT_QOQ_SQ":-81.63245834213,"ROE_AVG_SQ":0.487145924358,"PE_TTM_SQ":-12.883755668445,"PB_TTM_SQ":0.871861917978,"ROA_SQ":0.227055770268,"START_DATE":"2020-01-01 00:00:00","FISCAL_YEAR":"12-31","CURRENCY":"HKD","IS_CNY_CODE":0,"DPS_HKD_LY":0.001,"ORG_TYPE":"一般企业","PREMIUM_INCOME":null,"PREMIUM_INCOME_YOY":null,"NET_INTEREST_INCOME":null,"NET_INTEREST_INCOME_YOY":null,"FEE_COMMISSION_INCOME":null,"FEE_COMMISSION_INCOME_YOY":null,"ACCOUNTS_RECE_TDAYS":1.730341339056,"INVENTORY_TDAYS":1.580801609626,"CURRENT_ASSETS_TDAYS":0.842813768619,"TOTAL_ASSETS_TDAYS":0.199869395727,"PREMIUM_EXPENSE":null,"LOAN_DEPOSIT":null,"LOAN_EQUITY":null,"LOAN_ASSETS":null,"DEPOSIT_EQUITY":null,"DEPOSIT_ASSETS":null,"EQUITY_MULTIPLIER":1.799233819897,"EQUITY_RATIO":0.922658919495}],"count":49},"success":true,"message":"ok","code":0}