{"version":"66a89d7dd180e822ded851dee58a55ab","result":{"pages":1,"data":[{"SECUCODE":"02373.HK","SECURITY_CODE":"02373","SECURITY_NAME_ABBR":"美丽田园医疗健康","ORG_CODE":"10000333327","STD_REPORT_DATE":"2024-06-30 00:00:00","REPORT_DATE":"2024-06-30 00:00:00","DATE_TYPE_CODE":"002","REPORT_TYPE":"2024年中报","PER_NETCASH_OPERATE":0.94336802802,"PER_OI":4.824916810989,"BPS":3.517869343498,"BASIC_EPS":0.5,"DILUTED_EPS":0.5,"OPERATE_INCOME":1137694000,"OPERATE_INCOME_YOY":9.723880525,"GROSS_PROFIT":534200000,"GROSS_PROFIT_YOY":11.732544665827,"HOLDER_PROFIT":115421000,"HOLDER_PROFIT_YOY":3.2111240275,"GROSS_PROFIT_RATIO":46.954629276414,"EPS_TTM":0.929822395983,"OPERATE_INCOME_QOQ":4.700270574173,"NET_PROFIT_RATIO":11.0809233414,"ROE_AVG":14.149984614385,"GROSS_PROFIT_QOQ":5.740854076647,"ROA":3.439389699859,"HOLDER_PROFIT_QOQ":1.665144187297,"ROE_YEARLY":28.29996922877,"ROIC_YEARLY":8.635314854827,"TOTAL_ASSETS":3409708000,"TOTAL_LIABILITIES":2538671000,"TAX_EBT":21.449177835517,"OCF_SALES":19.552006075447,"TOTAL_PARENT_EQUITY":829498000,"DEBT_ASSET_RATIO":74.4542054628,"OPERATE_PROFIT":163072000,"PRETAX_PROFIT":160491000,"NETCASH_OPERATE":222442000,"NETCASH_INVEST":-195893000,"NETCASH_FINANCE":-54519000,"END_CASH":196022000,"DIVI_RATIO":0.458069629039,"DIVIDEND_RATE":2.646396396396,"CURRENT_RATIO":0.942685038957,"COMMON_ACS":10000000000,"CURRENTDEBT_DEBT":82.559339118775,"ISSUED_COMMON_SHARES":235795568,"HK_COMMON_SHARES":235795568,"PER_SHARES":500,"TOTAL_MARKET_CAP":4187729287.68,"HKSK_MARKET_CAP":4187729287.68,"PE_TTM":17.223195079648,"PB_TTM":4.607674480565,"REPORT_DATE_SQ":"2023-06-30 00:00:00","REPORT_TYPE_SQ":"2023年中报","OPERATE_INCOME_SQ":1036870000,"DPS_HKD":0.47,"OPERATE_INCOME_QOQ_SQ":18.500025070105,"NET_PROFIT_RATIO_SQ":11.6813100967,"HOLDER_PROFIT_SQ":111830000,"HOLDER_PROFIT_QOQ_SQ":93.791036669932,"ROE_AVG_SQ":24.774941928538,"PE_TTM_SQ":11.483636264426,"PB_TTM_SQ":3.247958358898,"ROA_SQ":3.989050532492,"START_DATE":"2024-01-01 00:00:00","FISCAL_YEAR":"12-31","CURRENCY":"HKD","IS_CNY_CODE":0,"DPS_HKD_LY":0.47,"ORG_TYPE":"一般企业","PREMIUM_INCOME":null,"PREMIUM_INCOME_YOY":null,"NET_INTEREST_INCOME":null,"NET_INTEREST_INCOME_YOY":null,"FEE_COMMISSION_INCOME":null,"FEE_COMMISSION_INCOME_YOY":null,"ACCOUNTS_RECE_TDAYS":32.487906565008,"INVENTORY_TDAYS":3.27091700406,"CURRENT_ASSETS_TDAYS":0.581689690407,"TOTAL_ASSETS_TDAYS":0.339017425355,"PREMIUM_EXPENSE":null,"LOAN_DEPOSIT":null,"LOAN_EQUITY":null,"LOAN_ASSETS":null,"DEPOSIT_EQUITY":null,"DEPOSIT_ASSETS":null,"EQUITY_MULTIPLIER":3.914538647619,"EQUITY_RATIO":3.060490802871},{"SECUCODE":"02373.HK","SECURITY_CODE":"02373","SECURITY_NAME_ABBR":"美丽田园医疗健康","ORG_CODE":"10000333327","STD_REPORT_DATE":"2023-12-31 00:00:00","REPORT_DATE":"2023-12-31 00:00:00","DATE_TYPE_CODE":"001","REPORT_TYPE":"2023年年报","PER_NETCASH_OPERATE":2.645919067355,"PER_OI":9.073677993913,"BPS":3.400810315485,"BASIC_EPS":0.94,"DILUTED_EPS":0.94,"OPERATE_INCOME":2145068000,"OPERATE_INCOME_YOY":31.1636075024,"GROSS_PROFIT":977102000,"GROSS_PROFIT_YOY":36.116582757766,"HOLDER_PROFIT":215657000,"HOLDER_PROFIT_YOY":109.1543900145,"GROSS_PROFIT_RATIO":45.551096748448,"EPS_TTM":0.912233167029,"OPERATE_INCOME_QOQ":10.686565192578,"NET_PROFIT_RATIO":10.7287507902,"ROE_AVG":43.538792481247,"GROSS_PROFIT_QOQ":10.792714523669,"ROA":7.439789767646,"HOLDER_PROFIT_QOQ":7.927793570084,"ROE_YEARLY":43.538792481247,"ROIC_YEARLY":8.878931779574,"TOTAL_ASSETS":3302006000,"TOTAL_LIABILITIES":2467773000,"TAX_EBT":20.165192927439,"OCF_SALES":29.160380929649,"TOTAL_PARENT_EQUITY":801896000,"DEBT_ASSET_RATIO":74.7355698324,"OPERATE_PROFIT":291294000,"PRETAX_PROFIT":288269000,"NETCASH_OPERATE":625510000,"NETCASH_INVEST":-711185000,"NETCASH_FINANCE":133741000,"END_CASH":224277000,"DIVI_RATIO":0.466901901174,"DIVIDEND_RATE":2.754982415006,"CURRENT_RATIO":0.943417484888,"COMMON_ACS":10000000000,"CURRENTDEBT_DEBT":83.152380709247,"ISSUED_COMMON_SHARES":235795568,"HK_COMMON_SHARES":235795568,"PER_SHARES":500,"TOTAL_MARKET_CAP":4022672390.08,"HKSK_MARKET_CAP":4022672390.08,"PE_TTM":16.544352931239,"PB_TTM":4.426065689101,"REPORT_DATE_SQ":"2022-12-31 00:00:00","REPORT_TYPE_SQ":"2022年年报","OPERATE_INCOME_SQ":1635414000,"DPS_HKD":0.47,"OPERATE_INCOME_QOQ_SQ":-2.551143229645,"NET_PROFIT_RATIO_SQ":6.7586556065,"HOLDER_PROFIT_SQ":103109000,"HOLDER_PROFIT_QOQ_SQ":-10.152492157546,"ROE_AVG_SQ":46.225818744256,"PE_TTM_SQ":13.858072334138,"PB_TTM_SQ":3.919528696264,"ROA_SQ":4.14700180043,"START_DATE":"2023-01-01 00:00:00","FISCAL_YEAR":"12-31","CURRENCY":"HKD","IS_CNY_CODE":0,"DPS_HKD_LY":0.39,"ORG_TYPE":"一般企业","PREMIUM_INCOME":null,"PREMIUM_INCOME_YOY":null,"NET_INTEREST_INCOME":null,"NET_INTEREST_INCOME_YOY":null,"FEE_COMMISSION_INCOME":null,"FEE_COMMISSION_INCOME_YOY":null,"ACCOUNTS_RECE_TDAYS":62.751561425834,"INVENTORY_TDAYS":7.081264115195,"CURRENT_ASSETS_TDAYS":1.347536990917,"TOTAL_ASSETS_TDAYS":0.740010987694,"PREMIUM_EXPENSE":null,"LOAN_DEPOSIT":null,"LOAN_EQUITY":null,"LOAN_ASSETS":null,"DEPOSIT_EQUITY":null,"DEPOSIT_ASSETS":null,"EQUITY_MULTIPLIER":3.958133998535,"EQUITY_RATIO":3.077422758063},{"SECUCODE":"02373.HK","SECURITY_CODE":"02373","SECURITY_NAME_ABBR":"美丽田园医疗健康","ORG_CODE":"10000333327","STD_REPORT_DATE":"2023-06-30 00:00:00","REPORT_DATE":"2023-06-30 00:00:00","DATE_TYPE_CODE":"002","REPORT_TYPE":"2023年中报","PER_NETCASH_OPERATE":0.939347573636,"PER_OI":4.381244489271,"BPS":3.028131555043,"BASIC_EPS":0.49,"DILUTED_EPS":0.49,"OPERATE_INCOME":1036870000,"OPERATE_INCOME_YOY":41.2017681713,"GROSS_PROFIT":478106000,"GROSS_PROFIT_YOY":52.248996111824,"HOLDER_PROFIT":111830000,"HOLDER_PROFIT_YOY":639.4696819414,"GROSS_PROFIT_RATIO":46.110505656447,"EPS_TTM":0.844312931099,"OPERATE_INCOME_QOQ":18.500025070105,"NET_PROFIT_RATIO":11.6813100967,"ROE_AVG":24.774941928538,"GROSS_PROFIT_QOQ":22.856979669621,"ROA":3.989050532492,"HOLDER_PROFIT_QOQ":93.791036669932,"ROE_YEARLY":49.549883857075,"ROIC_YEARLY":9.558740567763,"TOTAL_ASSETS":3111459000,"TOTAL_LIABILITIES":2371054000,"TAX_EBT":21.072352515688,"OCF_SALES":21.440199832187,"TOTAL_PARENT_EQUITY":714020000,"DEBT_ASSET_RATIO":76.2039287678,"OPERATE_PROFIT":155469000,"PRETAX_PROFIT":153457000,"NETCASH_OPERATE":222307000,"NETCASH_INVEST":-653397000,"NETCASH_FINANCE":337205000,"END_CASH":82688000,"DIVI_RATIO":0.504461538266,"DIVIDEND_RATE":2.754982415006,"CURRENT_RATIO":0.920492992269,"COMMON_ACS":10000000000,"CURRENTDEBT_DEBT":83.968732892629,"ISSUED_COMMON_SHARES":235795568,"HK_COMMON_SHARES":235795568,"PER_SHARES":500,"TOTAL_MARKET_CAP":4022672390.08,"HKSK_MARKET_CAP":4022672390.08,"PE_TTM":16.544352931239,"PB_TTM":4.426065689101,"REPORT_DATE_SQ":"2022-06-30 00:00:00","REPORT_TYPE_SQ":"2022年中报","OPERATE_INCOME_SQ":734318000,"DPS_HKD":0.47,"OPERATE_INCOME_QOQ_SQ":-5.756707885486,"NET_PROFIT_RATIO_SQ":3.1264384095,"HOLDER_PROFIT_SQ":15123000,"HOLDER_PROFIT_QOQ_SQ":-40.684843002972,"ROE_AVG_SQ":8.586249849887,"PE_TTM_SQ":13.858072334138,"PB_TTM_SQ":3.919528696264,"ROA_SQ":0.748907210388,"START_DATE":"2023-01-01 00:00:00","FISCAL_YEAR":"12-31","CURRENCY":"HKD","IS_CNY_CODE":0,"DPS_HKD_LY":0.39,"ORG_TYPE":"一般企业","PREMIUM_INCOME":null,"PREMIUM_INCOME_YOY":null,"NET_INTEREST_INCOME":null,"NET_INTEREST_INCOME_YOY":null,"FEE_COMMISSION_INCOME":null,"FEE_COMMISSION_INCOME_YOY":null,"ACCOUNTS_RECE_TDAYS":27.170933675742,"INVENTORY_TDAYS":3.462272247059,"CURRENT_ASSETS_TDAYS":0.673197566706,"TOTAL_ASSETS_TDAYS":0.369858430262,"PREMIUM_EXPENSE":null,"LOAN_DEPOSIT":null,"LOAN_EQUITY":null,"LOAN_ASSETS":null,"DEPOSIT_EQUITY":null,"DEPOSIT_ASSETS":null,"EQUITY_MULTIPLIER":4.202374376182,"EQUITY_RATIO":3.320710904456},{"SECUCODE":"02373.HK","SECURITY_CODE":"02373","SECURITY_NAME_ABBR":"美丽田园医疗健康","ORG_CODE":"10000333327","STD_REPORT_DATE":"2022-12-31 00:00:00","REPORT_DATE":"2022-12-31 00:00:00","DATE_TYPE_CODE":"001","REPORT_TYPE":"2022年年报","PER_NETCASH_OPERATE":1.852699991107,"PER_OI":7.931757861928,"BPS":0.800468819668,"BASIC_EPS":0.52,"DILUTED_EPS":0.52,"OPERATE_INCOME":1635414000,"OPERATE_INCOME_YOY":-8.1609892517,"GROSS_PROFIT":717842000,"GROSS_PROFIT_YOY":-13.905726409414,"HOLDER_PROFIT":103109000,"HOLDER_PROFIT_YOY":-46.7068096653,"GROSS_PROFIT_RATIO":43.893595138601,"EPS_TTM":0.5000786476,"OPERATE_INCOME_QOQ":-2.551143229645,"NET_PROFIT_RATIO":6.7586556065,"ROE_AVG":46.225818744256,"GROSS_PROFIT_QOQ":-5.405711695376,"ROA":4.14700180043,"HOLDER_PROFIT_QOQ":-10.152492157546,"ROE_YEARLY":46.225818744256,"ROIC_YEARLY":4.570316897881,"TOTAL_ASSETS":2495389000,"TOTAL_LIABILITIES":2292280000,"TAX_EBT":15.284920482851,"OCF_SALES":23.357999870369,"TOTAL_PARENT_EQUITY":188747000,"DEBT_ASSET_RATIO":91.8606277418,"OPERATE_PROFIT":152094000,"PRETAX_PROFIT":130475000,"NETCASH_OPERATE":382000000,"NETCASH_INVEST":53626000,"NETCASH_FINANCE":-432820000,"END_CASH":164120000,"DIVI_RATIO":0.851712829661,"DIVIDEND_RATE":2.754982415006,"CURRENT_RATIO":0.653594083107,"COMMON_ACS":10000000000,"CURRENTDEBT_DEBT":83.284328267053,"ISSUED_COMMON_SHARES":235795568,"HK_COMMON_SHARES":235795568,"PER_SHARES":500,"TOTAL_MARKET_CAP":4022672390.08,"HKSK_MARKET_CAP":4022672390.08,"PE_TTM":16.544352931239,"PB_TTM":4.426065689101,"REPORT_DATE_SQ":"2021-12-31 00:00:00","REPORT_TYPE_SQ":"2021年年报","OPERATE_INCOME_SQ":1780740000,"DPS_HKD":0.47,"OPERATE_INCOME_QOQ_SQ":18.455713312614,"NET_PROFIT_RATIO_SQ":11.6996866471,"HOLDER_PROFIT_SQ":193475000,"HOLDER_PROFIT_QOQ_SQ":28.163938552852,"ROE_AVG_SQ":97.166002069125,"PE_TTM_SQ":13.858072334138,"PB_TTM_SQ":3.919528696264,"ROA_SQ":8.447767710949,"START_DATE":"2022-01-01 00:00:00","FISCAL_YEAR":"12-31","CURRENCY":"HKD","IS_CNY_CODE":0,"DPS_HKD_LY":null,"ORG_TYPE":"一般企业","PREMIUM_INCOME":null,"PREMIUM_INCOME_YOY":null,"NET_INTEREST_INCOME":null,"NET_INTEREST_INCOME_YOY":null,"FEE_COMMISSION_INCOME":null,"FEE_COMMISSION_INCOME_YOY":null,"ACCOUNTS_RECE_TDAYS":47.629718080149,"INVENTORY_TDAYS":7.661213090253,"CURRENT_ASSETS_TDAYS":1.279034655411,"TOTAL_ASSETS_TDAYS":0.65775682069,"PREMIUM_EXPENSE":null,"LOAN_DEPOSIT":null,"LOAN_EQUITY":null,"LOAN_ASSETS":null,"DEPOSIT_EQUITY":null,"DEPOSIT_ASSETS":null,"EQUITY_MULTIPLIER":12.285959755589,"EQUITY_RATIO":12.144722830032},{"SECUCODE":"02373.HK","SECURITY_CODE":"02373","SECURITY_NAME_ABBR":"美丽田园医疗健康","ORG_CODE":"10000333327","STD_REPORT_DATE":"2022-06-30 00:00:00","REPORT_DATE":"2022-06-30 00:00:00","DATE_TYPE_CODE":"002","REPORT_TYPE":"2022年中报","PER_NETCASH_OPERATE":0.626346198857,"PER_OI":3.520215589429,"BPS":0.709580767014,"BASIC_EPS":0.08,"DILUTED_EPS":0.08,"OPERATE_INCOME":734318000,"OPERATE_INCOME_YOY":-12.250038837,"GROSS_PROFIT":314029000,"GROSS_PROFIT_YOY":-19.26258063355,"HOLDER_PROFIT":15123000,"HOLDER_PROFIT_YOY":-81.1938481851,"GROSS_PROFIT_RATIO":42.764715014476,"EPS_TTM":0.550143045714,"OPERATE_INCOME_QOQ":-5.756707885486,"NET_PROFIT_RATIO":3.1264384095,"ROE_AVG":8.586249849887,"GROSS_PROFIT_QOQ":-8.985758935746,"ROA":0.748907210388,"HOLDER_PROFIT_QOQ":-40.684843002972,"ROE_YEARLY":17.172499699773,"ROIC_YEARLY":1.606146558671,"TOTAL_ASSETS":2388540000,"TOTAL_LIABILITIES":2208082000,"TAX_EBT":23.774961597542,"OCF_SALES":17.792836346106,"TOTAL_PARENT_EQUITY":164207000,"DEBT_ASSET_RATIO":92.3246680428,"OPERATE_PROFIT":37047000,"PRETAX_PROFIT":26040000,"NETCASH_OPERATE":128685000,"NETCASH_INVEST":172994000,"NETCASH_FINANCE":-309679000,"END_CASH":149696000,"DIVI_RATIO":0.774204824214,"DIVIDEND_RATE":2.754982415006,"CURRENT_RATIO":0.654810740941,"COMMON_ACS":10000000000,"CURRENTDEBT_DEBT":83.317874970223,"ISSUED_COMMON_SHARES":235795568,"HK_COMMON_SHARES":235795568,"PER_SHARES":500,"TOTAL_MARKET_CAP":4022672390.08,"HKSK_MARKET_CAP":4022672390.08,"PE_TTM":16.544352931239,"PB_TTM":4.426065689101,"REPORT_DATE_SQ":"2021-06-30 00:00:00","REPORT_TYPE_SQ":"2021年中报","OPERATE_INCOME_SQ":836830000,"DPS_HKD":0.47,"OPERATE_INCOME_QOQ_SQ":0,"NET_PROFIT_RATIO_SQ":12.5601376624,"HOLDER_PROFIT_SQ":96947000,"HOLDER_PROFIT_QOQ_SQ":0,"ROE_AVG_SQ":null,"PE_TTM_SQ":13.858072334138,"PB_TTM_SQ":3.919528696264,"ROA_SQ":null,"START_DATE":"2022-01-01 00:00:00","FISCAL_YEAR":"12-31","CURRENCY":"HKD","IS_CNY_CODE":0,"DPS_HKD_LY":null,"ORG_TYPE":"一般企业","PREMIUM_INCOME":null,"PREMIUM_INCOME_YOY":null,"NET_INTEREST_INCOME":null,"NET_INTEREST_INCOME_YOY":null,"FEE_COMMISSION_INCOME":null,"FEE_COMMISSION_INCOME_YOY":null,"ACCOUNTS_RECE_TDAYS":22.355029225524,"INVENTORY_TDAYS":3.915529304353,"CURRENT_ASSETS_TDAYS":0.5841474246,"TOTAL_ASSETS_TDAYS":0.301632319503,"PREMIUM_EXPENSE":null,"LOAN_DEPOSIT":null,"LOAN_EQUITY":null,"LOAN_ASSETS":null,"DEPOSIT_EQUITY":null,"DEPOSIT_ASSETS":null,"EQUITY_MULTIPLIER":13.028752444537,"EQUITY_RATIO":13.446941969587},{"SECUCODE":"02373.HK","SECURITY_CODE":"02373","SECURITY_NAME_ABBR":"美丽田园医疗健康","ORG_CODE":"10000333327","STD_REPORT_DATE":"2021-12-31 00:00:00","REPORT_DATE":"2021-12-31 00:00:00","DATE_TYPE_CODE":"001","REPORT_TYPE":"2021年年报","PER_NETCASH_OPERATE":0.000211492489,"PER_OI":0.000567673201,"BPS":1.091466655556,"BASIC_EPS":0.97,"DILUTED_EPS":0.97,"OPERATE_INCOME":1780740000,"OPERATE_INCOME_YOY":18.4557133126,"GROSS_PROFIT":833786000,"GROSS_PROFIT_YOY":19.108202004503,"HOLDER_PROFIT":193475000,"HOLDER_PROFIT_YOY":28.1639385529,"GROSS_PROFIT_RATIO":46.822444601682,"EPS_TTM":0.000061676928,"OPERATE_INCOME_QOQ":18.455713312614,"NET_PROFIT_RATIO":11.6996866471,"ROE_AVG":97.166002069125,"GROSS_PROFIT_QOQ":19.108202004503,"ROA":8.447767710949,"HOLDER_PROFIT_QOQ":28.163938552852,"ROE_YEARLY":97.166002069125,"ROIC_YEARLY":9.05216075159,"TOTAL_ASSETS":2477312000,"TOTAL_LIABILITIES":2214776000,"TAX_EBT":18.33031493285,"OCF_SALES":37.256028392691,"TOTAL_PARENT_EQUITY":257363000,"DEBT_ASSET_RATIO":89.40238452,"OPERATE_PROFIT":278035000,"PRETAX_PROFIT":255102000,"NETCASH_OPERATE":669933000,"NETCASH_INVEST":-385347000,"NETCASH_FINANCE":-271065000,"END_CASH":157284000,"DIVI_RATIO":6905.71684866039,"DIVIDEND_RATE":2.754982415006,"CURRENT_RATIO":0.70639400179,"COMMON_ACS":10000000000,"CURRENTDEBT_DEBT":83.699344764437,"ISSUED_COMMON_SHARES":235795568,"HK_COMMON_SHARES":235795568,"PER_SHARES":500,"TOTAL_MARKET_CAP":4022672390.08,"HKSK_MARKET_CAP":4022672390.08,"PE_TTM":16.544352931239,"PB_TTM":4.426065689101,"REPORT_DATE_SQ":"2020-12-31 00:00:00","REPORT_TYPE_SQ":"2020年年报","OPERATE_INCOME_SQ":1503296000,"DPS_HKD":0.47,"OPERATE_INCOME_QOQ_SQ":7.015046072189,"NET_PROFIT_RATIO_SQ":10.1234221338,"HOLDER_PROFIT_SQ":150959000,"HOLDER_PROFIT_QOQ_SQ":7.575055761817,"ROE_AVG_SQ":160.414641014606,"PE_TTM_SQ":13.858072334138,"PB_TTM_SQ":3.919528696264,"ROA_SQ":7.698425346428,"START_DATE":"2021-01-01 00:00:00","FISCAL_YEAR":"12-31","CURRENCY":"HKD","IS_CNY_CODE":0,"DPS_HKD_LY":null,"ORG_TYPE":"一般企业","PREMIUM_INCOME":null,"PREMIUM_INCOME_YOY":null,"NET_INTEREST_INCOME":null,"NET_INTEREST_INCOME_YOY":null,"FEE_COMMISSION_INCOME":null,"FEE_COMMISSION_INCOME_YOY":null,"ACCOUNTS_RECE_TDAYS":52.363155186356,"INVENTORY_TDAYS":11.647722310715,"CURRENT_ASSETS_TDAYS":1.55102065702,"TOTAL_ASSETS_TDAYS":0.777530837245,"PREMIUM_EXPENSE":null,"LOAN_DEPOSIT":null,"LOAN_EQUITY":null,"LOAN_ASSETS":null,"DEPOSIT_EQUITY":null,"DEPOSIT_ASSETS":null,"EQUITY_MULTIPLIER":9.436084955972,"EQUITY_RATIO":8.605650384865},{"SECUCODE":"02373.HK","SECURITY_CODE":"02373","SECURITY_NAME_ABBR":"美丽田园医疗健康","ORG_CODE":"10000333327","STD_REPORT_DATE":"2021-06-30 00:00:00","REPORT_DATE":"2021-06-30 00:00:00","DATE_TYPE_CODE":"002","REPORT_TYPE":"2021年中报","PER_NETCASH_OPERATE":null,"PER_OI":null,"BPS":null,"BASIC_EPS":0.97,"DILUTED_EPS":0.97,"OPERATE_INCOME":836830000,"OPERATE_INCOME_YOY":null,"GROSS_PROFIT":388951000,"GROSS_PROFIT_YOY":null,"HOLDER_PROFIT":96947000,"HOLDER_PROFIT_YOY":null,"GROSS_PROFIT_RATIO":46.479093722739,"EPS_TTM":0.001046305905,"OPERATE_INCOME_QOQ":0,"NET_PROFIT_RATIO":12.5601376624,"ROE_AVG":null,"GROSS_PROFIT_QOQ":0,"ROA":null,"HOLDER_PROFIT_QOQ":0,"ROE_YEARLY":null,"ROIC_YEARLY":null,"TOTAL_ASSETS":null,"TOTAL_LIABILITIES":null,"TAX_EBT":17.421944972581,"OCF_SALES":30.442144760585,"TOTAL_PARENT_EQUITY":null,"DEBT_ASSET_RATIO":null,"OPERATE_PROFIT":139001000,"PRETAX_PROFIT":127282000,"NETCASH_OPERATE":254749000,"NETCASH_INVEST":-93048000,"NETCASH_FINANCE":-174781000,"END_CASH":130291000,"DIVI_RATIO":407.073493427803,"DIVIDEND_RATE":2.754982415006,"CURRENT_RATIO":null,"COMMON_ACS":10000000000,"CURRENTDEBT_DEBT":null,"ISSUED_COMMON_SHARES":235795568,"HK_COMMON_SHARES":235795568,"PER_SHARES":500,"TOTAL_MARKET_CAP":4022672390.08,"HKSK_MARKET_CAP":4022672390.08,"PE_TTM":16.544352931239,"PB_TTM":4.426065689101,"REPORT_DATE_SQ":"2020-06-30 00:00:00","REPORT_TYPE_SQ":"2020年中报","OPERATE_INCOME_SQ":null,"DPS_HKD":0.47,"OPERATE_INCOME_QOQ_SQ":0,"NET_PROFIT_RATIO_SQ":null,"HOLDER_PROFIT_SQ":null,"HOLDER_PROFIT_QOQ_SQ":0,"ROE_AVG_SQ":null,"PE_TTM_SQ":13.858072334138,"PB_TTM_SQ":3.919528696264,"ROA_SQ":null,"START_DATE":"2021-01-01 00:00:00","FISCAL_YEAR":"12-31","CURRENCY":"HKD","IS_CNY_CODE":0,"DPS_HKD_LY":null,"ORG_TYPE":"一般企业","PREMIUM_INCOME":null,"PREMIUM_INCOME_YOY":null,"NET_INTEREST_INCOME":null,"NET_INTEREST_INCOME_YOY":null,"FEE_COMMISSION_INCOME":null,"FEE_COMMISSION_INCOME_YOY":null,"ACCOUNTS_RECE_TDAYS":null,"INVENTORY_TDAYS":null,"CURRENT_ASSETS_TDAYS":1.696156118601,"TOTAL_ASSETS_TDAYS":0.795772893341,"PREMIUM_EXPENSE":null,"LOAN_DEPOSIT":null,"LOAN_EQUITY":null,"LOAN_ASSETS":null,"DEPOSIT_EQUITY":null,"DEPOSIT_ASSETS":null,"EQUITY_MULTIPLIER":null,"EQUITY_RATIO":null},{"SECUCODE":"02373.HK","SECURITY_CODE":"02373","SECURITY_NAME_ABBR":"美丽田园医疗健康","ORG_CODE":"10000333327","STD_REPORT_DATE":"2020-12-31 00:00:00","REPORT_DATE":"2020-12-31 00:00:00","DATE_TYPE_CODE":"001","REPORT_TYPE":"2020年年报","PER_NETCASH_OPERATE":0.004761860099,"PER_OI":0.010419434959,"BPS":0.597437013744,"BASIC_EPS":1.51,"DILUTED_EPS":1.51,"OPERATE_INCOME":1503296000,"OPERATE_INCOME_YOY":7.0150460722,"GROSS_PROFIT":700024000,"GROSS_PROFIT_YOY":-1.174151997414,"HOLDER_PROFIT":150959000,"HOLDER_PROFIT_YOY":7.5750557618,"GROSS_PROFIT_RATIO":46.565945761846,"EPS_TTM":0.001046305905,"OPERATE_INCOME_QOQ":7.015046072189,"NET_PROFIT_RATIO":10.1234221338,"ROE_AVG":160.414641014606,"GROSS_PROFIT_QOQ":-1.174151997414,"ROA":7.698425346428,"HOLDER_PROFIT_QOQ":7.575055761817,"ROE_YEARLY":160.414641014606,"ROIC_YEARLY":8.230671887021,"TOTAL_ASSETS":2103188000,"TOTAL_LIABILITIES":1962480000,"TAX_EBT":19.278527138773,"OCF_SALES":45.701711439397,"TOTAL_PARENT_EQUITY":140873000,"DEBT_ASSET_RATIO":93.3097754457,"OPERATE_PROFIT":213325000,"PRETAX_PROFIT":188531000,"NETCASH_OPERATE":680532000,"NETCASH_INVEST":-368943000,"NETCASH_FINANCE":-273330000,"END_CASH":143538000,"DIVI_RATIO":407.073493427803,"DIVIDEND_RATE":2.754982415006,"CURRENT_RATIO":0.621246109881,"COMMON_ACS":10000000000,"CURRENTDEBT_DEBT":80.934277037218,"ISSUED_COMMON_SHARES":235795568,"HK_COMMON_SHARES":235795568,"PER_SHARES":500,"TOTAL_MARKET_CAP":4022672390.08,"HKSK_MARKET_CAP":4022672390.08,"PE_TTM":16.544352931239,"PB_TTM":4.426065689101,"REPORT_DATE_SQ":"2019-12-31 00:00:00","REPORT_TYPE_SQ":"2019年年报","OPERATE_INCOME_SQ":1404752000,"DPS_HKD":0.47,"OPERATE_INCOME_QOQ_SQ":null,"NET_PROFIT_RATIO_SQ":10.4945926398,"HOLDER_PROFIT_SQ":140329000,"HOLDER_PROFIT_QOQ_SQ":null,"ROE_AVG_SQ":296.4404917825,"PE_TTM_SQ":13.858072334138,"PB_TTM_SQ":3.919528696264,"ROA_SQ":7.716205687038,"START_DATE":"2020-01-01 00:00:00","FISCAL_YEAR":"12-31","CURRENCY":"HKD","IS_CNY_CODE":0,"DPS_HKD_LY":null,"ORG_TYPE":"一般企业","PREMIUM_INCOME":null,"PREMIUM_INCOME_YOY":null,"NET_INTEREST_INCOME":null,"NET_INTEREST_INCOME_YOY":null,"FEE_COMMISSION_INCOME":null,"FEE_COMMISSION_INCOME_YOY":null,"ACCOUNTS_RECE_TDAYS":44.864463179885,"INVENTORY_TDAYS":11.273439199478,"CURRENT_ASSETS_TDAYS":1.830354772961,"TOTAL_ASSETS_TDAYS":0.766632796295,"PREMIUM_EXPENSE":null,"LOAN_DEPOSIT":null,"LOAN_EQUITY":null,"LOAN_ASSETS":null,"DEPOSIT_EQUITY":null,"DEPOSIT_ASSETS":null,"EQUITY_MULTIPLIER":14.947181397032,"EQUITY_RATIO":13.930845513335},{"SECUCODE":"02373.HK","SECURITY_CODE":"02373","SECURITY_NAME_ABBR":"美丽田园医疗健康","ORG_CODE":"10000333327","STD_REPORT_DATE":"2019-12-31 00:00:00","REPORT_DATE":"2019-12-31 00:00:00","DATE_TYPE_CODE":"001","REPORT_TYPE":"2019年年报","PER_NETCASH_OPERATE":0.003433336756,"PER_OI":0.010409847995,"BPS":0.200758650392,"BASIC_EPS":1.41,"DILUTED_EPS":1.41,"OPERATE_INCOME":1404752000,"OPERATE_INCOME_YOY":null,"GROSS_PROFIT":708341000,"GROSS_PROFIT_YOY":null,"HOLDER_PROFIT":140329000,"HOLDER_PROFIT_YOY":null,"GROSS_PROFIT_RATIO":50.424630112646,"EPS_TTM":0.001039901391,"OPERATE_INCOME_QOQ":null,"NET_PROFIT_RATIO":10.4945926398,"ROE_AVG":296.4404917825,"GROSS_PROFIT_QOQ":null,"ROA":7.716205687038,"HOLDER_PROFIT_QOQ":null,"ROE_YEARLY":296.4404917825,"ROIC_YEARLY":8.214103211735,"TOTAL_ASSETS":1818627000,"TOTAL_LIABILITIES":1765872000,"TAX_EBT":17.990353966055,"OCF_SALES":32.981622378897,"TOTAL_PARENT_EQUITY":47338000,"DEBT_ASSET_RATIO":97.0991852645,"OPERATE_PROFIT":207175000,"PRETAX_PROFIT":179763000,"NETCASH_OPERATE":463310000,"NETCASH_INVEST":-256732000,"NETCASH_FINANCE":-250221000,"END_CASH":104819000,"DIVI_RATIO":409.580565571139,"DIVIDEND_RATE":2.754982415006,"CURRENT_RATIO":0.494468719656,"COMMON_ACS":10000000000,"CURRENTDEBT_DEBT":75.116203212917,"ISSUED_COMMON_SHARES":235795568,"HK_COMMON_SHARES":235795568,"PER_SHARES":500,"TOTAL_MARKET_CAP":4022672390.08,"HKSK_MARKET_CAP":4022672390.08,"PE_TTM":16.544352931239,"PB_TTM":4.426065689101,"REPORT_DATE_SQ":"2018-12-31 00:00:00","REPORT_TYPE_SQ":"2018年年报","OPERATE_INCOME_SQ":null,"DPS_HKD":0.47,"OPERATE_INCOME_QOQ_SQ":null,"NET_PROFIT_RATIO_SQ":null,"HOLDER_PROFIT_SQ":null,"HOLDER_PROFIT_QOQ_SQ":null,"ROE_AVG_SQ":null,"PE_TTM_SQ":13.858072334138,"PB_TTM_SQ":3.919528696264,"ROA_SQ":null,"START_DATE":"2019-01-01 00:00:00","FISCAL_YEAR":"12-31","CURRENCY":"HKD","IS_CNY_CODE":0,"DPS_HKD_LY":null,"ORG_TYPE":"一般企业","PREMIUM_INCOME":null,"PREMIUM_INCOME_YOY":null,"NET_INTEREST_INCOME":null,"NET_INTEREST_INCOME_YOY":null,"FEE_COMMISSION_INCOME":null,"FEE_COMMISSION_INCOME_YOY":null,"ACCOUNTS_RECE_TDAYS":46.336983770946,"INVENTORY_TDAYS":9.025778273154,"CURRENT_ASSETS_TDAYS":4.283492226605,"TOTAL_ASSETS_TDAYS":1.544848943736,"PREMIUM_EXPENSE":null,"LOAN_DEPOSIT":null,"LOAN_EQUITY":null,"LOAN_ASSETS":null,"DEPOSIT_EQUITY":null,"DEPOSIT_ASSETS":null,"EQUITY_MULTIPLIER":34.473073642451,"EQUITY_RATIO":37.303477121974}],"count":9},"success":true,"message":"ok","code":0}