{"version":"b981cfeb1882bb15dbdcc0a7d2cf1b2d","result":{"pages":2,"data":[{"SECUCODE":"02370.HK","SECURITY_CODE":"02370","SECURITY_NAME_ABBR":"力高健康生活","ORG_CODE":"10000217380","STD_REPORT_DATE":"2024-06-30 00:00:00","REPORT_DATE":"2024-06-30 00:00:00","DATE_TYPE_CODE":"002","REPORT_TYPE":"2024年中报","PER_NETCASH_OPERATE":-0.195625,"PER_OI":1.060595,"BPS":1.463785,"BASIC_EPS":0.0054,"DILUTED_EPS":0.0054,"OPERATE_INCOME":212119000,"OPERATE_INCOME_YOY":-9.0211535822,"GROSS_PROFIT":57179000,"GROSS_PROFIT_YOY":-19.942034667189,"HOLDER_PROFIT":1073000,"HOLDER_PROFIT_YOY":-92.1328543148,"GROSS_PROFIT_RATIO":26.956095399281,"EPS_TTM":-0.112745,"OPERATE_INCOME_QOQ":-4.681563325639,"NET_PROFIT_RATIO":3.6408808263,"ROE_AVG":0.367540646125,"GROSS_PROFIT_QOQ":-11.333471258514,"ROA":0.177173659082,"HOLDER_PROFIT_QOQ":-125.873985775819,"ROE_YEARLY":0.73508129225,"ROIC_YEARLY":0.517382085223,"TOTAL_ASSETS":594014000,"TOTAL_LIABILITIES":261701000,"TAX_EBT":33.542724378281,"OCF_SALES":-18.444835210424,"TOTAL_PARENT_EQUITY":292757000,"DEBT_ASSET_RATIO":44.0563690418,"OPERATE_PROFIT":10822000,"PRETAX_PROFIT":11621000,"NETCASH_OPERATE":-39125000,"NETCASH_INVEST":2269000,"NETCASH_FINANCE":-18380000,"END_CASH":124137000,"DIVI_RATIO":null,"DIVIDEND_RATE":null,"CURRENT_RATIO":1.789161751021,"COMMON_ACS":1000000000,"CURRENTDEBT_DEBT":95.678274060856,"ISSUED_COMMON_SHARES":200000000,"HK_COMMON_SHARES":200000000,"PER_SHARES":500,"TOTAL_MARKET_CAP":60000000,"HKSK_MARKET_CAP":60000000,"PE_TTM":-2.435698290788,"PB_TTM":0.187052060241,"REPORT_DATE_SQ":"2023-06-30 00:00:00","REPORT_TYPE_SQ":"2023年中报","OPERATE_INCOME_SQ":233152000,"DPS_HKD":null,"OPERATE_INCOME_QOQ_SQ":5.797127973773,"NET_PROFIT_RATIO_SQ":8.9937036783,"HOLDER_PROFIT_SQ":13639000,"HOLDER_PROFIT_QOQ_SQ":37.409846346817,"ROE_AVG_SQ":4.432189675231,"PE_TTM_SQ":9.078745506869,"PB_TTM_SQ":0.944002050008,"ROA_SQ":2.269365479489,"START_DATE":"2024-01-01 00:00:00","FISCAL_YEAR":"12-31","CURRENCY":"HKD","IS_CNY_CODE":0,"DPS_HKD_LY":null,"ORG_TYPE":"一般企业","PREMIUM_INCOME":null,"PREMIUM_INCOME_YOY":null,"NET_INTEREST_INCOME":null,"NET_INTEREST_INCOME_YOY":null,"FEE_COMMISSION_INCOME":null,"FEE_COMMISSION_INCOME_YOY":null,"ACCOUNTS_RECE_TDAYS":0.791765037429,"INVENTORY_TDAYS":null,"CURRENT_ASSETS_TDAYS":0.464299121063,"TOTAL_ASSETS_TDAYS":0.350250693297,"PREMIUM_EXPENSE":null,"LOAN_DEPOSIT":null,"LOAN_EQUITY":null,"LOAN_ASSETS":null,"DEPOSIT_EQUITY":null,"DEPOSIT_ASSETS":null,"EQUITY_MULTIPLIER":1.787513579065,"EQUITY_RATIO":0.893918847372},{"SECUCODE":"02370.HK","SECURITY_CODE":"02370","SECURITY_NAME_ABBR":"力高健康生活","ORG_CODE":"10000217380","STD_REPORT_DATE":"2023-12-31 00:00:00","REPORT_DATE":"2023-12-31 00:00:00","DATE_TYPE_CODE":"001","REPORT_TYPE":"2023年年报","PER_NETCASH_OPERATE":0.40571,"PER_OI":2.246365,"BPS":1.45562,"BASIC_EPS":-0.0499,"DILUTED_EPS":-0.0499,"OPERATE_INCOME":449273000,"OPERATE_INCOME_YOY":2.7818893513,"GROSS_PROFIT":125672000,"GROSS_PROFIT_YOY":-12.039979282445,"HOLDER_PROFIT":-9983000,"HOLDER_PROFIT_YOY":-413.0448416431,"GROSS_PROFIT_RATIO":27.972301918878,"EPS_TTM":-0.049915,"OPERATE_INCOME_QOQ":-2.850019353318,"NET_PROFIT_RATIO":0.0594293447,"ROE_AVG":-3.37315934233,"GROSS_PROFIT_QOQ":-14.183089550812,"ROA":-1.658407576545,"HOLDER_PROFIT_QOQ":-327.818347786399,"ROE_YEARLY":-3.37315934233,"ROIC_YEARLY":-2.480285420404,"TOTAL_ASSETS":617227000,"TOTAL_LIABILITIES":286970000,"TAX_EBT":96.149408710701,"OCF_SALES":18.06073367418,"TOTAL_PARENT_EQUITY":291124000,"DEBT_ASSET_RATIO":46.4934294838,"OPERATE_PROFIT":5969000,"PRETAX_PROFIT":6934000,"NETCASH_OPERATE":81142000,"NETCASH_INVEST":-53038000,"NETCASH_FINANCE":1409000,"END_CASH":178854000,"DIVI_RATIO":null,"DIVIDEND_RATE":null,"CURRENT_RATIO":1.666298148824,"COMMON_ACS":1000000000,"CURRENTDEBT_DEBT":97.396243509775,"ISSUED_COMMON_SHARES":200000000,"HK_COMMON_SHARES":200000000,"PER_SHARES":500,"TOTAL_MARKET_CAP":60000000,"HKSK_MARKET_CAP":60000000,"PE_TTM":-2.435698290788,"PB_TTM":0.187052060241,"REPORT_DATE_SQ":"2022-12-31 00:00:00","REPORT_TYPE_SQ":"2022年年报","OPERATE_INCOME_SQ":437113000,"DPS_HKD":null,"OPERATE_INCOME_QOQ_SQ":12.60139878154,"NET_PROFIT_RATIO_SQ":2.276985585,"HOLDER_PROFIT_SQ":3189000,"HOLDER_PROFIT_QOQ_SQ":-89.565473463779,"ROE_AVG_SQ":1.481151201432,"PE_TTM_SQ":9.078745506869,"PB_TTM_SQ":0.944002050008,"ROA_SQ":0.65345682554,"START_DATE":"2023-01-01 00:00:00","FISCAL_YEAR":"12-31","CURRENCY":"HKD","IS_CNY_CODE":0,"DPS_HKD_LY":null,"ORG_TYPE":"一般企业","PREMIUM_INCOME":null,"PREMIUM_INCOME_YOY":null,"NET_INTEREST_INCOME":null,"NET_INTEREST_INCOME_YOY":null,"FEE_COMMISSION_INCOME":null,"FEE_COMMISSION_INCOME_YOY":null,"ACCOUNTS_RECE_TDAYS":1.822593731491,"INVENTORY_TDAYS":null,"CURRENT_ASSETS_TDAYS":0.986007854739,"TOTAL_ASSETS_TDAYS":0.746346536249,"PREMIUM_EXPENSE":null,"LOAN_DEPOSIT":null,"LOAN_EQUITY":null,"LOAN_ASSETS":null,"DEPOSIT_EQUITY":null,"DEPOSIT_ASSETS":null,"EQUITY_MULTIPLIER":1.868929348961,"EQUITY_RATIO":0.985731166101},{"SECUCODE":"02370.HK","SECURITY_CODE":"02370","SECURITY_NAME_ABBR":"力高健康生活","ORG_CODE":"10000217380","STD_REPORT_DATE":"2023-06-30 00:00:00","REPORT_DATE":"2023-06-30 00:00:00","DATE_TYPE_CODE":"002","REPORT_TYPE":"2023年中报","PER_NETCASH_OPERATE":0.30858,"PER_OI":1.16576,"BPS":1.57334,"BASIC_EPS":0.0682,"DILUTED_EPS":0.0682,"OPERATE_INCOME":233152000,"OPERATE_INCOME_YOY":12.1937135488,"GROSS_PROFIT":71422000,"GROSS_PROFIT_YOY":5.258348807734,"HOLDER_PROFIT":13639000,"HOLDER_PROFIT_YOY":9.5854089667,"GROSS_PROFIT_RATIO":30.633234971178,"EPS_TTM":0.02191,"OPERATE_INCOME_QOQ":5.797127973773,"NET_PROFIT_RATIO":8.9937036783,"ROE_AVG":4.432189675231,"GROSS_PROFIT_QOQ":2.497305317972,"ROA":2.269365479489,"HOLDER_PROFIT_QOQ":37.409846346817,"ROE_YEARLY":8.864379350461,"ROIC_YEARLY":6.634811722198,"TOTAL_ASSETS":615311000,"TOTAL_LIABILITIES":264974000,"TAX_EBT":28.23505253431,"OCF_SALES":26.470285479001,"TOTAL_PARENT_EQUITY":314668000,"DEBT_ASSET_RATIO":43.0634264624,"OPERATE_PROFIT":29334000,"PRETAX_PROFIT":29219000,"NETCASH_OPERATE":61716000,"NETCASH_INVEST":-4745000,"NETCASH_FINANCE":-1712000,"END_CASH":163121000,"DIVI_RATIO":null,"DIVIDEND_RATE":null,"CURRENT_RATIO":1.850259139936,"COMMON_ACS":1000000000,"CURRENTDEBT_DEBT":96.992157721135,"ISSUED_COMMON_SHARES":200000000,"HK_COMMON_SHARES":200000000,"PER_SHARES":500,"TOTAL_MARKET_CAP":60000000,"HKSK_MARKET_CAP":60000000,"PE_TTM":-2.435698290788,"PB_TTM":0.187052060241,"REPORT_DATE_SQ":"2022-06-30 00:00:00","REPORT_TYPE_SQ":"2022年中报","OPERATE_INCOME_SQ":207812000,"DPS_HKD":null,"OPERATE_INCOME_QOQ_SQ":9.558402266833,"NET_PROFIT_RATIO_SQ":8.7540661752,"HOLDER_PROFIT_SQ":12446000,"HOLDER_PROFIT_QOQ_SQ":-4.909769757312,"ROE_AVG_SQ":5.732630764412,"PE_TTM_SQ":9.078745506869,"PB_TTM_SQ":0.944002050008,"ROA_SQ":2.708779047117,"START_DATE":"2023-01-01 00:00:00","FISCAL_YEAR":"12-31","CURRENCY":"HKD","IS_CNY_CODE":0,"DPS_HKD_LY":null,"ORG_TYPE":"一般企业","PREMIUM_INCOME":null,"PREMIUM_INCOME_YOY":null,"NET_INTEREST_INCOME":null,"NET_INTEREST_INCOME_YOY":null,"FEE_COMMISSION_INCOME":null,"FEE_COMMISSION_INCOME_YOY":null,"ACCOUNTS_RECE_TDAYS":0.92632197905,"INVENTORY_TDAYS":null,"CURRENT_ASSETS_TDAYS":0.506250176421,"TOTAL_ASSETS_TDAYS":0.387936872405,"PREMIUM_EXPENSE":null,"LOAN_DEPOSIT":null,"LOAN_EQUITY":null,"LOAN_ASSETS":null,"DEPOSIT_EQUITY":null,"DEPOSIT_ASSETS":null,"EQUITY_MULTIPLIER":1.756340323746,"EQUITY_RATIO":0.842074821717},{"SECUCODE":"02370.HK","SECURITY_CODE":"02370","SECURITY_NAME_ABBR":"力高健康生活","ORG_CODE":"10000217380","STD_REPORT_DATE":"2022-12-31 00:00:00","REPORT_DATE":"2022-12-31 00:00:00","DATE_TYPE_CODE":"001","REPORT_TYPE":"2022年年报","PER_NETCASH_OPERATE":-0.156895,"PER_OI":2.185565,"BPS":1.50392,"BASIC_EPS":0.017,"DILUTED_EPS":0.017,"OPERATE_INCOME":437113000,"OPERATE_INCOME_YOY":23.3642934352,"GROSS_PROFIT":142874000,"GROSS_PROFIT_YOY":23.41300348107,"HOLDER_PROFIT":3189000,"HOLDER_PROFIT_YOY":-90.077784692,"GROSS_PROFIT_RATIO":32.685827234605,"EPS_TTM":0.015945,"OPERATE_INCOME_QOQ":12.60139878154,"NET_PROFIT_RATIO":2.276985585,"ROE_AVG":1.481151201432,"GROSS_PROFIT_QOQ":15.573279836922,"ROA":0.65345682554,"HOLDER_PROFIT_QOQ":-89.565473463779,"ROE_YEARLY":1.481151201432,"ROIC_YEARLY":0.998075207737,"TOTAL_ASSETS":586699000,"TOTAL_LIABILITIES":254070000,"TAX_EBT":37.937270062979,"OCF_SALES":-7.178692923798,"TOTAL_PARENT_EQUITY":300784000,"DEBT_ASSET_RATIO":43.3049996676,"OPERATE_PROFIT":16018000,"PRETAX_PROFIT":16037000,"NETCASH_OPERATE":-31379000,"NETCASH_INVEST":-76246000,"NETCASH_FINANCE":118879000,"END_CASH":149106000,"DIVI_RATIO":null,"DIVIDEND_RATE":null,"CURRENT_RATIO":1.819588849776,"COMMON_ACS":1000000000,"CURRENTDEBT_DEBT":96.380525052151,"ISSUED_COMMON_SHARES":200000000,"HK_COMMON_SHARES":200000000,"PER_SHARES":500,"TOTAL_MARKET_CAP":60000000,"HKSK_MARKET_CAP":60000000,"PE_TTM":-2.435698290788,"PB_TTM":0.187052060241,"REPORT_DATE_SQ":"2021-12-31 00:00:00","REPORT_TYPE_SQ":"2021年年报","OPERATE_INCOME_SQ":354327000,"DPS_HKD":null,"OPERATE_INCOME_QOQ_SQ":10.107146630537,"NET_PROFIT_RATIO_SQ":11.3265429956,"HOLDER_PROFIT_SQ":32140000,"HOLDER_PROFIT_QOQ_SQ":2.634520197988,"ROE_AVG_SQ":28.602703640749,"PE_TTM_SQ":9.078745506869,"PB_TTM_SQ":0.944002050008,"ROA_SQ":8.565047995182,"START_DATE":"2022-01-01 00:00:00","FISCAL_YEAR":"12-31","CURRENCY":"HKD","IS_CNY_CODE":0,"DPS_HKD_LY":null,"ORG_TYPE":"一般企业","PREMIUM_INCOME":null,"PREMIUM_INCOME_YOY":null,"NET_INTEREST_INCOME":null,"NET_INTEREST_INCOME_YOY":null,"FEE_COMMISSION_INCOME":null,"FEE_COMMISSION_INCOME_YOY":null,"ACCOUNTS_RECE_TDAYS":2.213998272819,"INVENTORY_TDAYS":null,"CURRENT_ASSETS_TDAYS":1.214170737161,"TOTAL_ASSETS_TDAYS":0.895686652186,"PREMIUM_EXPENSE":null,"LOAN_DEPOSIT":null,"LOAN_EQUITY":null,"LOAN_ASSETS":null,"DEPOSIT_EQUITY":null,"DEPOSIT_ASSETS":null,"EQUITY_MULTIPLIER":1.763823960027,"EQUITY_RATIO":0.844692536837},{"SECUCODE":"02370.HK","SECURITY_CODE":"02370","SECURITY_NAME_ABBR":"力高健康生活","ORG_CODE":"10000217380","STD_REPORT_DATE":"2022-06-30 00:00:00","REPORT_DATE":"2022-06-30 00:00:00","DATE_TYPE_CODE":"002","REPORT_TYPE":"2022年中报","PER_NETCASH_OPERATE":-0.149675,"PER_OI":1.03906,"BPS":1.521945,"BASIC_EPS":0.0711,"DILUTED_EPS":0.0711,"OPERATE_INCOME":207812000,"OPERATE_INCOME_YOY":19.4706342271,"GROSS_PROFIT":67854000,"GROSS_PROFIT_YOY":13.08811519808,"HOLDER_PROFIT":12446000,"HOLDER_PROFIT_YOY":-11.25213919,"GROSS_PROFIT_RATIO":32.651627432487,"EPS_TTM":0.15281,"OPERATE_INCOME_QOQ":9.558402266833,"NET_PROFIT_RATIO":8.7540661752,"ROE_AVG":5.732630764412,"GROSS_PROFIT_QOQ":6.783335780736,"ROA":2.708779047117,"HOLDER_PROFIT_QOQ":-4.909769757312,"ROE_YEARLY":11.465261528824,"ROIC_YEARLY":10.015430329147,"TOTAL_ASSETS":529597000,"TOTAL_LIABILITIES":187055000,"TAX_EBT":30.873579815329,"OCF_SALES":-14.404846688353,"TOTAL_PARENT_EQUITY":304389000,"DEBT_ASSET_RATIO":35.3202529471,"OPERATE_PROFIT":26174000,"PRETAX_PROFIT":26317000,"NETCASH_OPERATE":-29935000,"NETCASH_INVEST":-2891000,"NETCASH_FINANCE":129540000,"END_CASH":227653000,"DIVI_RATIO":null,"DIVIDEND_RATE":null,"CURRENT_RATIO":2.385907769102,"COMMON_ACS":1000000000,"CURRENTDEBT_DEBT":93.390713961134,"ISSUED_COMMON_SHARES":200000000,"HK_COMMON_SHARES":200000000,"PER_SHARES":500,"TOTAL_MARKET_CAP":60000000,"HKSK_MARKET_CAP":60000000,"PE_TTM":-2.435698290788,"PB_TTM":0.187052060241,"REPORT_DATE_SQ":"2021-06-30 00:00:00","REPORT_TYPE_SQ":"2021年中报","OPERATE_INCOME_SQ":173944000,"DPS_HKD":null,"OPERATE_INCOME_QOQ_SQ":30.469292901945,"NET_PROFIT_RATIO_SQ":9.9457296601,"HOLDER_PROFIT_SQ":14024000,"HOLDER_PROFIT_QOQ_SQ":-17.300313036454,"ROE_AVG_SQ":13.588818100337,"PE_TTM_SQ":9.078745506869,"PB_TTM_SQ":0.944002050008,"ROA_SQ":3.99985739242,"START_DATE":"2022-01-01 00:00:00","FISCAL_YEAR":"12-31","CURRENCY":"HKD","IS_CNY_CODE":0,"DPS_HKD_LY":null,"ORG_TYPE":"一般企业","PREMIUM_INCOME":null,"PREMIUM_INCOME_YOY":null,"NET_INTEREST_INCOME":null,"NET_INTEREST_INCOME_YOY":null,"FEE_COMMISSION_INCOME":null,"FEE_COMMISSION_INCOME_YOY":null,"ACCOUNTS_RECE_TDAYS":1.222628499484,"INVENTORY_TDAYS":null,"CURRENT_ASSETS_TDAYS":0.601266115779,"TOTAL_ASSETS_TDAYS":0.452287314269,"PREMIUM_EXPENSE":null,"LOAN_DEPOSIT":null,"LOAN_EQUITY":null,"LOAN_ASSETS":null,"DEPOSIT_EQUITY":null,"DEPOSIT_ASSETS":null,"EQUITY_MULTIPLIER":1.546079020968,"EQUITY_RATIO":0.614526149105},{"SECUCODE":"02370.HK","SECURITY_CODE":"02370","SECURITY_NAME_ABBR":"力高健康生活","ORG_CODE":"10000217380","STD_REPORT_DATE":"2021-12-31 00:00:00","REPORT_DATE":"2021-12-31 00:00:00","DATE_TYPE_CODE":"001","REPORT_TYPE":"2021年年报","PER_NETCASH_OPERATE":null,"PER_OI":null,"BPS":0.649135,"BASIC_EPS":0.2143,"DILUTED_EPS":0.2143,"OPERATE_INCOME":354327000,"OPERATE_INCOME_YOY":59.8876404494,"GROSS_PROFIT":115769000,"GROSS_PROFIT_YOY":50.736959975001,"HOLDER_PROFIT":32140000,"HOLDER_PROFIT_YOY":-18.8629708169,"GROSS_PROFIT_RATIO":32.672926421074,"EPS_TTM":null,"OPERATE_INCOME_QOQ":10.107146630537,"NET_PROFIT_RATIO":11.3265429956,"ROE_AVG":28.602703640749,"GROSS_PROFIT_QOQ":9.20573530799,"ROA":8.565047995182,"HOLDER_PROFIT_QOQ":2.634520197988,"ROE_YEARLY":28.602703640749,"ROIC_YEARLY":14.882902490131,"TOTAL_ASSETS":389341000,"TOTAL_LIABILITIES":227107000,"TAX_EBT":32.288977746284,"OCF_SALES":9.886912371905,"TOTAL_PARENT_EQUITY":129827000,"DEBT_ASSET_RATIO":58.3311287535,"OPERATE_PROFIT":57544000,"PRETAX_PROFIT":59271000,"NETCASH_OPERATE":35032000,"NETCASH_INVEST":3346000,"NETCASH_FINANCE":-52413000,"END_CASH":123652000,"DIVI_RATIO":null,"DIVIDEND_RATE":null,"CURRENT_RATIO":1.28144800183,"COMMON_ACS":1000000000,"CURRENTDEBT_DEBT":94.304006481526,"ISSUED_COMMON_SHARES":200000000,"HK_COMMON_SHARES":200000000,"PER_SHARES":500,"TOTAL_MARKET_CAP":60000000,"HKSK_MARKET_CAP":60000000,"PE_TTM":-2.435698290788,"PB_TTM":0.187052060241,"REPORT_DATE_SQ":"2020-12-31 00:00:00","REPORT_TYPE_SQ":"2020年年报","OPERATE_INCOME_SQ":221610000,"DPS_HKD":null,"OPERATE_INCOME_QOQ_SQ":22.588853547227,"NET_PROFIT_RATIO_SQ":19.8592121294,"HOLDER_PROFIT_SQ":39612000,"HOLDER_PROFIT_QOQ_SQ":41.963229760241,"ROE_AVG_SQ":52.952617753805,"PE_TTM_SQ":9.078745506869,"PB_TTM_SQ":0.944002050008,"ROA_SQ":15.164084257673,"START_DATE":"2021-01-01 00:00:00","FISCAL_YEAR":"12-31","CURRENCY":"HKD","IS_CNY_CODE":0,"DPS_HKD_LY":null,"ORG_TYPE":"一般企业","PREMIUM_INCOME":null,"PREMIUM_INCOME_YOY":null,"NET_INTEREST_INCOME":null,"NET_INTEREST_INCOME_YOY":null,"FEE_COMMISSION_INCOME":null,"FEE_COMMISSION_INCOME_YOY":null,"ACCOUNTS_RECE_TDAYS":2.728824915669,"INVENTORY_TDAYS":null,"CURRENT_ASSETS_TDAYS":1.28100867679,"TOTAL_ASSETS_TDAYS":0.944252570314,"PREMIUM_EXPENSE":null,"LOAN_DEPOSIT":null,"LOAN_EQUITY":null,"LOAN_ASSETS":null,"DEPOSIT_EQUITY":null,"DEPOSIT_ASSETS":null,"EQUITY_MULTIPLIER":2.39987302292,"EQUITY_RATIO":1.749304844139},{"SECUCODE":"02370.HK","SECURITY_CODE":"02370","SECURITY_NAME_ABBR":"力高健康生活","ORG_CODE":"10000217380","STD_REPORT_DATE":"2021-09-30 00:00:00","REPORT_DATE":"2021-09-30 00:00:00","DATE_TYPE_CODE":"004","REPORT_TYPE":"2021年三季报","PER_NETCASH_OPERATE":null,"PER_OI":null,"BPS":0.59876,"BASIC_EPS":5567000,"DILUTED_EPS":5567000,"OPERATE_INCOME":260459000,"OPERATE_INCOME_YOY":62.5156769641,"GROSS_PROFIT":86703000,"GROSS_PROFIT_YOY":50.800939212105,"HOLDER_PROFIT":22266000,"HOLDER_PROFIT_YOY":-27.1472041357,"GROSS_PROFIT_RATIO":33.288540614838,"EPS_TTM":null,"OPERATE_INCOME_QOQ":11.298952385234,"NET_PROFIT_RATIO":10.571721461,"ROE_AVG":20.74546140623,"GROSS_PROFIT_QOQ":8.156914757945,"ROA":6.411024220577,"HOLDER_PROFIT_QOQ":-4.407948960591,"ROE_YEARLY":27.660615208307,"ROIC_YEARLY":10.419596290949,"TOTAL_ASSETS":333465000,"TOTAL_LIABILITIES":182845000,"TAX_EBT":34.145699799101,"OCF_SALES":-5.31830345659,"TOTAL_PARENT_EQUITY":119752000,"DEBT_ASSET_RATIO":54.8318414226,"OPERATE_PROFIT":null,"PRETAX_PROFIT":41812000,"NETCASH_OPERATE":-13852000,"NETCASH_INVEST":-10401000,"NETCASH_FINANCE":-39406000,"END_CASH":73833000,"DIVI_RATIO":null,"DIVIDEND_RATE":null,"CURRENT_RATIO":1.484339808346,"COMMON_ACS":1000000000,"CURRENTDEBT_DEBT":90.574530339905,"ISSUED_COMMON_SHARES":200000000,"HK_COMMON_SHARES":200000000,"PER_SHARES":500,"TOTAL_MARKET_CAP":60000000,"HKSK_MARKET_CAP":60000000,"PE_TTM":-2.435698290788,"PB_TTM":0.187052060241,"REPORT_DATE_SQ":"2020-09-30 00:00:00","REPORT_TYPE_SQ":"2020年三季报","OPERATE_INCOME_SQ":160267000,"DPS_HKD":null,"OPERATE_INCOME_QOQ_SQ":0,"NET_PROFIT_RATIO_SQ":20.4795747097,"HOLDER_PROFIT_SQ":30563000,"HOLDER_PROFIT_QOQ_SQ":0,"ROE_AVG_SQ":null,"PE_TTM_SQ":9.078745506869,"PB_TTM_SQ":0.944002050008,"ROA_SQ":null,"START_DATE":"2021-01-01 00:00:00","FISCAL_YEAR":"12-31","CURRENCY":"HKD","IS_CNY_CODE":0,"DPS_HKD_LY":null,"ORG_TYPE":"一般企业","PREMIUM_INCOME":null,"PREMIUM_INCOME_YOY":null,"NET_INTEREST_INCOME":null,"NET_INTEREST_INCOME_YOY":null,"FEE_COMMISSION_INCOME":null,"FEE_COMMISSION_INCOME_YOY":null,"ACCOUNTS_RECE_TDAYS":1.96698271728,"INVENTORY_TDAYS":null,"CURRENT_ASSETS_TDAYS":0.993030535253,"TOTAL_ASSETS_TDAYS":0.749936655649,"PREMIUM_EXPENSE":null,"LOAN_DEPOSIT":null,"LOAN_EQUITY":null,"LOAN_ASSETS":null,"DEPOSIT_EQUITY":null,"DEPOSIT_ASSETS":null,"EQUITY_MULTIPLIER":2.213949010754,"EQUITY_RATIO":1.526863851961},{"SECUCODE":"02370.HK","SECURITY_CODE":"02370","SECURITY_NAME_ABBR":"力高健康生活","ORG_CODE":"10000217380","STD_REPORT_DATE":"2021-06-30 00:00:00","REPORT_DATE":"2021-06-30 00:00:00","DATE_TYPE_CODE":"002","REPORT_TYPE":"2021年中报","PER_NETCASH_OPERATE":null,"PER_OI":null,"BPS":0.55749,"BASIC_EPS":0.0935,"DILUTED_EPS":0.0935,"OPERATE_INCOME":173944000,"OPERATE_INCOME_YOY":63.4489433476,"GROSS_PROFIT":60001000,"GROSS_PROFIT_YOY":54.689594720017,"HOLDER_PROFIT":14024000,"HOLDER_PROFIT_YOY":-32.8255975475,"GROSS_PROFIT_RATIO":34.494434990572,"EPS_TTM":null,"OPERATE_INCOME_QOQ":30.469292901945,"NET_PROFIT_RATIO":9.9457296601,"ROE_AVG":13.588818100337,"GROSS_PROFIT_QOQ":27.620374469415,"ROA":3.99985739242,"HOLDER_PROFIT_QOQ":-17.300313036454,"ROE_YEARLY":27.177636200673,"ROIC_YEARLY":13.592472964558,"TOTAL_ASSETS":340074000,"TOTAL_LIABILITIES":199701000,"TAX_EBT":39.78419770275,"OCF_SALES":-5.383341765166,"TOTAL_PARENT_EQUITY":111498000,"DEBT_ASSET_RATIO":58.722807389,"OPERATE_PROFIT":28435000,"PRETAX_PROFIT":28730000,"NETCASH_OPERATE":-9364000,"NETCASH_INVEST":8947000,"NETCASH_FINANCE":-39901000,"END_CASH":97123000,"DIVI_RATIO":null,"DIVIDEND_RATE":null,"CURRENT_RATIO":1.395188833613,"COMMON_ACS":1000000000,"CURRENTDEBT_DEBT":91.195337028858,"ISSUED_COMMON_SHARES":200000000,"HK_COMMON_SHARES":200000000,"PER_SHARES":500,"TOTAL_MARKET_CAP":60000000,"HKSK_MARKET_CAP":60000000,"PE_TTM":-2.435698290788,"PB_TTM":0.187052060241,"REPORT_DATE_SQ":"2020-06-30 00:00:00","REPORT_TYPE_SQ":"2020年中报","OPERATE_INCOME_SQ":106421000,"DPS_HKD":null,"OPERATE_INCOME_QOQ_SQ":0,"NET_PROFIT_RATIO_SQ":21.7024835324,"HOLDER_PROFIT_SQ":20877000,"HOLDER_PROFIT_QOQ_SQ":0,"ROE_AVG_SQ":null,"PE_TTM_SQ":9.078745506869,"PB_TTM_SQ":0.944002050008,"ROA_SQ":null,"START_DATE":"2021-01-01 00:00:00","FISCAL_YEAR":"12-31","CURRENCY":"HKD","IS_CNY_CODE":0,"DPS_HKD_LY":null,"ORG_TYPE":"一般企业","PREMIUM_INCOME":null,"PREMIUM_INCOME_YOY":null,"NET_INTEREST_INCOME":null,"NET_INTEREST_INCOME_YOY":null,"FEE_COMMISSION_INCOME":null,"FEE_COMMISSION_INCOME_YOY":null,"ACCOUNTS_RECE_TDAYS":1.392621533338,"INVENTORY_TDAYS":null,"CURRENT_ASSETS_TDAYS":0.652893926882,"TOTAL_ASSETS_TDAYS":0.496114656494,"PREMIUM_EXPENSE":null,"LOAN_DEPOSIT":null,"LOAN_EQUITY":null,"LOAN_ASSETS":null,"DEPOSIT_EQUITY":null,"DEPOSIT_ASSETS":null,"EQUITY_MULTIPLIER":2.422645380523,"EQUITY_RATIO":1.791072485605},{"SECUCODE":"02370.HK","SECURITY_CODE":"02370","SECURITY_NAME_ABBR":"力高健康生活","ORG_CODE":"10000217380","STD_REPORT_DATE":"2020-12-31 00:00:00","REPORT_DATE":"2020-12-31 00:00:00","DATE_TYPE_CODE":"001","REPORT_TYPE":"2020年年报","PER_NETCASH_OPERATE":null,"PER_OI":null,"BPS":0.474535,"BASIC_EPS":0.2641,"DILUTED_EPS":0.2641,"OPERATE_INCOME":221610000,"OPERATE_INCOME_YOY":22.5888535472,"GROSS_PROFIT":76802000,"GROSS_PROFIT_YOY":37.379483051605,"HOLDER_PROFIT":39612000,"HOLDER_PROFIT_YOY":41.9632297602,"GROSS_PROFIT_RATIO":34.656378322278,"EPS_TTM":null,"OPERATE_INCOME_QOQ":22.588853547227,"NET_PROFIT_RATIO":19.8592121294,"ROE_AVG":52.952617753805,"GROSS_PROFIT_QOQ":37.379483051605,"ROA":15.164084257673,"HOLDER_PROFIT_QOQ":41.963229760241,"ROE_YEARLY":52.952617753805,"ROIC_YEARLY":29.912554936342,"TOTAL_ASSETS":361151000,"TOTAL_LIABILITIES":241055000,"TAX_EBT":24.017195835707,"OCF_SALES":18.165696493841,"TOTAL_PARENT_EQUITY":94907000,"DEBT_ASSET_RATIO":66.7463194066,"OPERATE_PROFIT":56857000,"PRETAX_PROFIT":57921000,"NETCASH_OPERATE":40257000,"NETCASH_INVEST":2255000,"NETCASH_FINANCE":5215000,"END_CASH":137339000,"DIVI_RATIO":null,"DIVIDEND_RATE":null,"CURRENT_RATIO":1.232097630403,"COMMON_ACS":1000000000,"CURRENTDEBT_DEBT":93.854514529879,"ISSUED_COMMON_SHARES":200000000,"HK_COMMON_SHARES":200000000,"PER_SHARES":500,"TOTAL_MARKET_CAP":60000000,"HKSK_MARKET_CAP":60000000,"PE_TTM":-2.435698290788,"PB_TTM":0.187052060241,"REPORT_DATE_SQ":"2019-12-31 00:00:00","REPORT_TYPE_SQ":"2019年年报","OPERATE_INCOME_SQ":180775000,"DPS_HKD":null,"OPERATE_INCOME_QOQ_SQ":45.491786786424,"NET_PROFIT_RATIO_SQ":16.4867929747,"HOLDER_PROFIT_SQ":27903000,"HOLDER_PROFIT_QOQ_SQ":163.583978839977,"ROE_AVG_SQ":68.429958799294,"PE_TTM_SQ":9.078745506869,"PB_TTM_SQ":0.944002050008,"ROA_SQ":21.074375483847,"START_DATE":"2020-01-01 00:00:00","FISCAL_YEAR":"12-31","CURRENCY":"HKD","IS_CNY_CODE":0,"DPS_HKD_LY":null,"ORG_TYPE":"一般企业","PREMIUM_INCOME":null,"PREMIUM_INCOME_YOY":null,"NET_INTEREST_INCOME":null,"NET_INTEREST_INCOME_YOY":null,"FEE_COMMISSION_INCOME":null,"FEE_COMMISSION_INCOME_YOY":null,"ACCOUNTS_RECE_TDAYS":2.794700901049,"INVENTORY_TDAYS":null,"CURRENT_ASSETS_TDAYS":1.015360296897,"TOTAL_ASSETS_TDAYS":0.848357243346,"PREMIUM_EXPENSE":null,"LOAN_DEPOSIT":null,"LOAN_EQUITY":null,"LOAN_ASSETS":null,"DEPOSIT_EQUITY":null,"DEPOSIT_ASSETS":null,"EQUITY_MULTIPLIER":3.007185917936,"EQUITY_RATIO":2.539907488383}],"count":13},"success":true,"message":"ok","code":0}