{"version":"e74aaea2ff5653c17e617c383cf36374","result":{"pages":3,"data":[{"SECUCODE":"02377.HK","SECURITY_CODE":"02377","SECURITY_NAME_ABBR":"博奇环保","ORG_CODE":"10660462","STD_REPORT_DATE":"2024-06-30 00:00:00","REPORT_DATE":"2024-06-30 00:00:00","DATE_TYPE_CODE":"002","REPORT_TYPE":"2024年中报","PER_NETCASH_OPERATE":0.033147370556,"PER_OI":0.94401448289,"BPS":3.698299244621,"BASIC_EPS":0.11,"DILUTED_EPS":0.11,"OPERATE_INCOME":949415000,"OPERATE_INCOME_YOY":-5.1235852205,"GROSS_PROFIT":199270000,"GROSS_PROFIT_YOY":-1.402736201479,"HOLDER_PROFIT":113665000,"HOLDER_PROFIT_YOY":-15.0060194567,"GROSS_PROFIT_RATIO":20.988714102895,"EPS_TTM":0.218863923485,"OPERATE_INCOME_QOQ":-2.39785913285,"NET_PROFIT_RATIO":12.2072012766,"ROE_AVG":3.661292808563,"GROSS_PROFIT_QOQ":-0.650080256822,"ROA":2.246144783412,"HOLDER_PROFIT_QOQ":-8.355260966592,"ROE_YEARLY":7.322585617125,"ROIC_YEARLY":4.848297945216,"TOTAL_ASSETS":5102100000,"TOTAL_LIABILITIES":1913438000,"TAX_EBT":9.714334681032,"OCF_SALES":3.511320128711,"TOTAL_PARENT_EQUITY":3161538000,"DEBT_ASSET_RATIO":37.5029497658,"OPERATE_PROFIT":130664000,"PRETAX_PROFIT":128367000,"NETCASH_OPERATE":33337000,"NETCASH_INVEST":-126713000,"NETCASH_FINANCE":90518000,"END_CASH":346029000,"DIVI_RATIO":0.14491972681,"DIVIDEND_RATE":4.929577464789,"CURRENT_RATIO":1.621966390216,"COMMON_ACS":5000000000,"CURRENTDEBT_DEBT":88.517788399729,"ISSUED_COMMON_SHARES":854862679,"HK_COMMON_SHARES":854862679,"PER_SHARES":1000,"TOTAL_MARKET_CAP":606952502.09,"HKSK_MARKET_CAP":606952502.09,"PE_TTM":2.482124582758,"PB_TTM":0.175216432511,"REPORT_DATE_SQ":"2023-06-30 00:00:00","REPORT_TYPE_SQ":"2023年中报","OPERATE_INCOME_SQ":1000686000,"DPS_HKD":0.035,"OPERATE_INCOME_QOQ_SQ":14.714710921943,"NET_PROFIT_RATIO_SQ":13.5814831026,"HOLDER_PROFIT_SQ":133733000,"HOLDER_PROFIT_QOQ_SQ":85.799576932962,"ROE_AVG_SQ":4.608839827368,"PE_TTM_SQ":2.556378155186,"PB_TTM_SQ":0.246741225458,"ROA_SQ":2.824773849429,"START_DATE":"2024-01-01 00:00:00","FISCAL_YEAR":"12-31","CURRENCY":"HKD","IS_CNY_CODE":0,"DPS_HKD_LY":0.035,"ORG_TYPE":"一般企业","PREMIUM_INCOME":null,"PREMIUM_INCOME_YOY":null,"NET_INTEREST_INCOME":null,"NET_INTEREST_INCOME_YOY":null,"FEE_COMMISSION_INCOME":null,"FEE_COMMISSION_INCOME_YOY":null,"ACCOUNTS_RECE_TDAYS":0.793446108319,"INVENTORY_TDAYS":21.564566204795,"CURRENT_ASSETS_TDAYS":0.341575839953,"TOTAL_ASSETS_TDAYS":0.187614793432,"PREMIUM_EXPENSE":null,"LOAN_DEPOSIT":null,"LOAN_EQUITY":null,"LOAN_ASSETS":null,"DEPOSIT_EQUITY":null,"DEPOSIT_ASSETS":null,"EQUITY_MULTIPLIER":1.600075517569,"EQUITY_RATIO":0.605223786651},{"SECUCODE":"02377.HK","SECURITY_CODE":"02377","SECURITY_NAME_ABBR":"博奇环保","ORG_CODE":"10660462","STD_REPORT_DATE":"2023-12-31 00:00:00","REPORT_DATE":"2023-12-31 00:00:00","DATE_TYPE_CODE":"001","REPORT_TYPE":"2023年年报","PER_NETCASH_OPERATE":0.085906545918,"PER_OI":2.126036373242,"BPS":3.564866118106,"BASIC_EPS":0.24,"DILUTED_EPS":0.24,"OPERATE_INCOME":2138199000,"OPERATE_INCOME_YOY":12.5221023782,"GROSS_PROFIT":436100000,"GROSS_PROFIT_YOY":11.597889338704,"HOLDER_PROFIT":240184000,"HOLDER_PROFIT_YOY":58.2771550389,"GROSS_PROFIT_RATIO":20.395669439561,"EPS_TTM":0.238817771531,"OPERATE_INCOME_QOQ":-1.911357772778,"NET_PROFIT_RATIO":11.1001829109,"ROE_AVG":8.166782104103,"GROSS_PROFIT_QOQ":-3.015827478923,"ROA":4.929833958002,"HOLDER_PROFIT_QOQ":-14.812962627993,"ROE_YEARLY":8.166782104103,"ROIC_YEARLY":5.362945073711,"TOTAL_ASSETS":5018797000,"TOTAL_LIABILITIES":1949864000,"TAX_EBT":13.56327866942,"OCF_SALES":4.040690319283,"TOTAL_PARENT_EQUITY":3047471000,"DEBT_ASSET_RATIO":38.8512227133,"OPERATE_PROFIT":303831000,"PRETAX_PROFIT":274587000,"NETCASH_OPERATE":86398000,"NETCASH_INVEST":-118684000,"NETCASH_FINANCE":-24734000,"END_CASH":348558000,"DIVI_RATIO":0.132811305443,"DIVIDEND_RATE":3.846153846154,"CURRENT_RATIO":1.564750839735,"COMMON_ACS":5000000000,"CURRENTDEBT_DEBT":92.160068599656,"ISSUED_COMMON_SHARES":854862679,"HK_COMMON_SHARES":854862679,"PER_SHARES":1000,"TOTAL_MARKET_CAP":777925037.89,"HKSK_MARKET_CAP":777925037.89,"PE_TTM":3.18131460607,"PB_TTM":0.224573174063,"REPORT_DATE_SQ":"2022-12-31 00:00:00","REPORT_TYPE_SQ":"2022年年报","OPERATE_INCOME_SQ":1900248000,"DPS_HKD":0.035,"OPERATE_INCOME_QOQ_SQ":0.73473749833,"NET_PROFIT_RATIO_SQ":8.1914571151,"HOLDER_PROFIT_SQ":151749000,"HOLDER_PROFIT_QOQ_SQ":-19.678075013497,"ROE_AVG_SQ":5.443310817427,"PE_TTM_SQ":2.556378155186,"PB_TTM_SQ":0.246741225458,"ROA_SQ":3.193869582133,"START_DATE":"2023-01-01 00:00:00","FISCAL_YEAR":"12-31","CURRENCY":"HKD","IS_CNY_CODE":0,"DPS_HKD_LY":0.03,"ORG_TYPE":"一般企业","PREMIUM_INCOME":null,"PREMIUM_INCOME_YOY":null,"NET_INTEREST_INCOME":null,"NET_INTEREST_INCOME_YOY":null,"FEE_COMMISSION_INCOME":null,"FEE_COMMISSION_INCOME_YOY":null,"ACCOUNTS_RECE_TDAYS":2.082360503109,"INVENTORY_TDAYS":51.374815127826,"CURRENT_ASSETS_TDAYS":0.784521704609,"TOTAL_ASSETS_TDAYS":0.438870450953,"PREMIUM_EXPENSE":null,"LOAN_DEPOSIT":null,"LOAN_EQUITY":null,"LOAN_ASSETS":null,"DEPOSIT_EQUITY":null,"DEPOSIT_ASSETS":null,"EQUITY_MULTIPLIER":1.635355675734,"EQUITY_RATIO":0.639830206752},{"SECUCODE":"02377.HK","SECURITY_CODE":"02377","SECURITY_NAME_ABBR":"博奇环保","ORG_CODE":"10660462","STD_REPORT_DATE":"2023-06-30 00:00:00","REPORT_DATE":"2023-06-30 00:00:00","DATE_TYPE_CODE":"002","REPORT_TYPE":"2023年中报","PER_NETCASH_OPERATE":-0.105363238093,"PER_OI":0.994993840234,"BPS":3.472865377013,"BASIC_EPS":0.13,"DILUTED_EPS":0.13,"OPERATE_INCOME":1000686000,"OPERATE_INCOME_YOY":38.777927247,"GROSS_PROFIT":202105000,"GROSS_PROFIT_YOY":41.113097149879,"HOLDER_PROFIT":133733000,"HOLDER_PROFIT_YOY":3685.2533257855,"GROSS_PROFIT_RATIO":20.19664510146,"EPS_TTM":0.280345201452,"OPERATE_INCOME_QOQ":14.714710921943,"NET_PROFIT_RATIO":13.5814831026,"ROE_AVG":4.608839827368,"GROSS_PROFIT_QOQ":15.068146108532,"ROA":2.824773849429,"HOLDER_PROFIT_QOQ":85.799576932962,"ROE_YEARLY":9.217679654736,"ROIC_YEARLY":6.079480157691,"TOTAL_ASSETS":4743277000,"TOTAL_LIABILITIES":1745977000,"TAX_EBT":6.599501068648,"OCF_SALES":-10.589335715699,"TOTAL_PARENT_EQUITY":2968823000,"DEBT_ASSET_RATIO":36.8095095437,"OPERATE_PROFIT":138115000,"PRETAX_PROFIT":145511000,"NETCASH_OPERATE":-105966000,"NETCASH_INVEST":-25100000,"NETCASH_FINANCE":-50399000,"END_CASH":224215000,"DIVI_RATIO":0.113138016402,"DIVIDEND_RATE":3.846153846154,"CURRENT_RATIO":1.610494161322,"COMMON_ACS":5000000000,"CURRENTDEBT_DEBT":94.480225111786,"ISSUED_COMMON_SHARES":854862679,"HK_COMMON_SHARES":854862679,"PER_SHARES":1000,"TOTAL_MARKET_CAP":777925037.89,"HKSK_MARKET_CAP":777925037.89,"PE_TTM":3.18131460607,"PB_TTM":0.224573174063,"REPORT_DATE_SQ":"2022-06-30 00:00:00","REPORT_TYPE_SQ":"2022年中报","OPERATE_INCOME_SQ":721070000,"DPS_HKD":0.035,"OPERATE_INCOME_QOQ_SQ":-9.835902593095,"NET_PROFIT_RATIO_SQ":0.4222890981,"HOLDER_PROFIT_SQ":3533000,"HOLDER_PROFIT_QOQ_SQ":-45.748178693369,"ROE_AVG_SQ":0.128696354739,"PE_TTM_SQ":2.556378155186,"PB_TTM_SQ":0.246741225458,"ROA_SQ":0.076402388218,"START_DATE":"2023-01-01 00:00:00","FISCAL_YEAR":"12-31","CURRENCY":"HKD","IS_CNY_CODE":0,"DPS_HKD_LY":0.03,"ORG_TYPE":"一般企业","PREMIUM_INCOME":null,"PREMIUM_INCOME_YOY":null,"NET_INTEREST_INCOME":null,"NET_INTEREST_INCOME_YOY":null,"FEE_COMMISSION_INCOME":null,"FEE_COMMISSION_INCOME_YOY":null,"ACCOUNTS_RECE_TDAYS":1.124910420153,"INVENTORY_TDAYS":23.428072697402,"CURRENT_ASSETS_TDAYS":0.377917767463,"TOTAL_ASSETS_TDAYS":0.211369792369,"PREMIUM_EXPENSE":null,"LOAN_DEPOSIT":null,"LOAN_EQUITY":null,"LOAN_ASSETS":null,"DEPOSIT_EQUITY":null,"DEPOSIT_ASSETS":null,"EQUITY_MULTIPLIER":1.582516598271,"EQUITY_RATIO":0.588104107251},{"SECUCODE":"02377.HK","SECURITY_CODE":"02377","SECURITY_NAME_ABBR":"博奇环保","ORG_CODE":"10660462","STD_REPORT_DATE":"2022-12-31 00:00:00","REPORT_DATE":"2022-12-31 00:00:00","DATE_TYPE_CODE":"001","REPORT_TYPE":"2022年年报","PER_NETCASH_OPERATE":0.136264458423,"PER_OI":1.889438899831,"BPS":3.31574072612,"BASIC_EPS":0.15,"DILUTED_EPS":0.15,"OPERATE_INCOME":1900248000,"OPERATE_INCOME_YOY":-9.1734331594,"GROSS_PROFIT":390778000,"GROSS_PROFIT_YOY":0.830583214427,"HOLDER_PROFIT":151749000,"HOLDER_PROFIT_YOY":-56.4238927863,"GROSS_PROFIT_RATIO":20.56457893917,"EPS_TTM":0.150885812594,"OPERATE_INCOME_QOQ":0.73473749833,"NET_PROFIT_RATIO":8.1914571151,"ROE_AVG":5.443310817427,"GROSS_PROFIT_QOQ":12.786455627518,"ROA":3.193869582133,"HOLDER_PROFIT_QOQ":-19.678075013497,"ROE_YEARLY":5.443310817427,"ROIC_YEARLY":3.474158443961,"TOTAL_ASSETS":4725304000,"TOTAL_LIABILITIES":1876376000,"TAX_EBT":11.507171729231,"OCF_SALES":7.211900762427,"TOTAL_PARENT_EQUITY":2834503000,"DEBT_ASSET_RATIO":39.7091065464,"OPERATE_PROFIT":190249000,"PRETAX_PROFIT":175899000,"NETCASH_OPERATE":137044000,"NETCASH_INVEST":-22905000,"NETCASH_FINANCE":-66539000,"END_CASH":402488000,"DIVI_RATIO":0.210209955825,"DIVIDEND_RATE":3.846153846154,"CURRENT_RATIO":1.523278807748,"COMMON_ACS":5000000000,"CURRENTDEBT_DEBT":92.333306330927,"ISSUED_COMMON_SHARES":854862679,"HK_COMMON_SHARES":854862679,"PER_SHARES":1000,"TOTAL_MARKET_CAP":777925037.89,"HKSK_MARKET_CAP":777925037.89,"PE_TTM":3.18131460607,"PB_TTM":0.224573174063,"REPORT_DATE_SQ":"2021-12-31 00:00:00","REPORT_TYPE_SQ":"2021年年报","OPERATE_INCOME_SQ":2092172000,"DPS_HKD":0.035,"OPERATE_INCOME_QOQ_SQ":9.263555244063,"NET_PROFIT_RATIO_SQ":16.6526461496,"HOLDER_PROFIT_SQ":348239000,"HOLDER_PROFIT_QOQ_SQ":31.872746826623,"ROE_AVG_SQ":13.411815633992,"PE_TTM_SQ":2.556378155186,"PB_TTM_SQ":0.246741225458,"ROA_SQ":8.058919330157,"START_DATE":"2022-01-01 00:00:00","FISCAL_YEAR":"12-31","CURRENCY":"HKD","IS_CNY_CODE":0,"DPS_HKD_LY":0.074,"ORG_TYPE":"一般企业","PREMIUM_INCOME":null,"PREMIUM_INCOME_YOY":null,"NET_INTEREST_INCOME":null,"NET_INTEREST_INCOME_YOY":null,"FEE_COMMISSION_INCOME":null,"FEE_COMMISSION_INCOME_YOY":null,"ACCOUNTS_RECE_TDAYS":2.162393935618,"INVENTORY_TDAYS":48.165863620409,"CURRENT_ASSETS_TDAYS":0.744883903435,"TOTAL_ASSETS_TDAYS":0.399946245821,"PREMIUM_EXPENSE":null,"LOAN_DEPOSIT":null,"LOAN_EQUITY":null,"LOAN_ASSETS":null,"DEPOSIT_EQUITY":null,"DEPOSIT_ASSETS":null,"EQUITY_MULTIPLIER":1.658625279404,"EQUITY_RATIO":0.661977073229},{"SECUCODE":"02377.HK","SECURITY_CODE":"02377","SECURITY_NAME_ABBR":"博奇环保","ORG_CODE":"10660462","STD_REPORT_DATE":"2022-06-30 00:00:00","REPORT_DATE":"2022-06-30 00:00:00","DATE_TYPE_CODE":"002","REPORT_TYPE":"2022年中报","PER_NETCASH_OPERATE":-0.072309332841,"PER_OI":0.716968368077,"BPS":3.216109519737,"BASIC_EPS":0,"DILUTED_EPS":0,"OPERATE_INCOME":721070000,"OPERATE_INCOME_YOY":-22.2024180723,"GROSS_PROFIT":143222000,"GROSS_PROFIT_YOY":-22.290768020401,"HOLDER_PROFIT":3533000,"HOLDER_PROFIT_YOY":-97.8304655933,"GROSS_PROFIT_RATIO":19.862426671474,"EPS_TTM":0.187851340241,"OPERATE_INCOME_QOQ":-9.835902593095,"NET_PROFIT_RATIO":0.4222890981,"ROE_AVG":0.128696354739,"GROSS_PROFIT_QOQ":-10.600450512051,"ROA":0.076402388218,"HOLDER_PROFIT_QOQ":-45.748178693369,"ROE_YEARLY":0.257392709477,"ROIC_YEARLY":0.164994095262,"TOTAL_ASSETS":4471189000,"TOTAL_LIABILITIES":1713070000,"TAX_EBT":67.398286937902,"OCF_SALES":-10.085428599165,"TOTAL_PARENT_EQUITY":2749332000,"DEBT_ASSET_RATIO":38.313522421,"OPERATE_PROFIT":6478000,"PRETAX_PROFIT":9340000,"NETCASH_OPERATE":-72723000,"NETCASH_INVEST":53041000,"NETCASH_FINANCE":-1104000,"END_CASH":324727000,"DIVI_RATIO":0.168844683032,"DIVIDEND_RATE":3.846153846154,"CURRENT_RATIO":1.491245792874,"COMMON_ACS":5000000000,"CURRENTDEBT_DEBT":84.482653948759,"ISSUED_COMMON_SHARES":854862679,"HK_COMMON_SHARES":854862679,"PER_SHARES":1000,"TOTAL_MARKET_CAP":777925037.89,"HKSK_MARKET_CAP":777925037.89,"PE_TTM":3.18131460607,"PB_TTM":0.224573174063,"REPORT_DATE_SQ":"2021-06-30 00:00:00","REPORT_TYPE_SQ":"2021年中报","OPERATE_INCOME_SQ":926854000,"DPS_HKD":0.035,"OPERATE_INCOME_QOQ_SQ":16.320876042065,"NET_PROFIT_RATIO_SQ":17.5693259133,"HOLDER_PROFIT_SQ":162846000,"HOLDER_PROFIT_QOQ_SQ":27.197410504412,"ROE_AVG_SQ":6.507387274778,"PE_TTM_SQ":2.556378155186,"PB_TTM_SQ":0.246741225458,"ROA_SQ":4.190968209496,"START_DATE":"2022-01-01 00:00:00","FISCAL_YEAR":"12-31","CURRENCY":"HKD","IS_CNY_CODE":0,"DPS_HKD_LY":0.074,"ORG_TYPE":"一般企业","PREMIUM_INCOME":null,"PREMIUM_INCOME_YOY":null,"NET_INTEREST_INCOME":null,"NET_INTEREST_INCOME_YOY":null,"FEE_COMMISSION_INCOME":null,"FEE_COMMISSION_INCOME_YOY":null,"ACCOUNTS_RECE_TDAYS":0.816214028802,"INVENTORY_TDAYS":17.299284495405,"CURRENT_ASSETS_TDAYS":0.312068972233,"TOTAL_ASSETS_TDAYS":0.155933965673,"PREMIUM_EXPENSE":null,"LOAN_DEPOSIT":null,"LOAN_EQUITY":null,"LOAN_ASSETS":null,"DEPOSIT_EQUITY":null,"DEPOSIT_ASSETS":null,"EQUITY_MULTIPLIER":1.62110082995,"EQUITY_RATIO":0.623085898684},{"SECUCODE":"02377.HK","SECURITY_CODE":"02377","SECURITY_NAME_ABBR":"博奇环保","ORG_CODE":"10660462","STD_REPORT_DATE":"2021-12-31 00:00:00","REPORT_DATE":"2021-12-31 00:00:00","DATE_TYPE_CODE":"001","REPORT_TYPE":"2021年年报","PER_NETCASH_OPERATE":-0.05554413271,"PER_OI":2.080155360593,"BPS":3.206492770519,"BASIC_EPS":0.35,"DILUTED_EPS":0.35,"OPERATE_INCOME":2092172000,"OPERATE_INCOME_YOY":27.0963246546,"GROSS_PROFIT":387559000,"GROSS_PROFIT_YOY":13.961796999512,"HOLDER_PROFIT":348239000,"HOLDER_PROFIT_YOY":67.7387191245,"GROSS_PROFIT_RATIO":18.52424179274,"EPS_TTM":0.34623884777,"OPERATE_INCOME_QOQ":9.263555244063,"NET_PROFIT_RATIO":16.6526461496,"ROE_AVG":13.411815633992,"GROSS_PROFIT_QOQ":8.425095959087,"ROA":8.058919330157,"HOLDER_PROFIT_QOQ":31.872746826623,"ROE_YEARLY":13.411815633992,"ROIC_YEARLY":8.958431436508,"TOTAL_ASSETS":4777213000,"TOTAL_LIABILITIES":2029327000,"TAX_EBT":9.753039730193,"OCF_SALES":-2.670191552129,"TOTAL_PARENT_EQUITY":2741111000,"DEBT_ASSET_RATIO":42.4793074958,"OPERATE_PROFIT":365239000,"PRETAX_PROFIT":386054000,"NETCASH_OPERATE":-55865000,"NETCASH_INVEST":-129203000,"NETCASH_FINANCE":15863000,"END_CASH":342958000,"DIVI_RATIO":0.091606416219,"DIVIDEND_RATE":3.846153846154,"CURRENT_RATIO":1.3895855877,"COMMON_ACS":5000000000,"CURRENTDEBT_DEBT":87.343538030096,"ISSUED_COMMON_SHARES":854862679,"HK_COMMON_SHARES":854862679,"PER_SHARES":1000,"TOTAL_MARKET_CAP":777925037.89,"HKSK_MARKET_CAP":777925037.89,"PE_TTM":3.18131460607,"PB_TTM":0.224573174063,"REPORT_DATE_SQ":"2020-12-31 00:00:00","REPORT_TYPE_SQ":"2020年年报","OPERATE_INCOME_SQ":1646131000,"DPS_HKD":0.035,"OPERATE_INCOME_QOQ_SQ":-5.512662075078,"NET_PROFIT_RATIO_SQ":12.5988150396,"HOLDER_PROFIT_SQ":207608000,"HOLDER_PROFIT_QOQ_SQ":4.772094149945,"ROE_AVG_SQ":8.784035503737,"PE_TTM_SQ":2.556378155186,"PB_TTM_SQ":0.246741225458,"ROA_SQ":5.281192302781,"START_DATE":"2021-01-01 00:00:00","FISCAL_YEAR":"12-31","CURRENCY":"HKD","IS_CNY_CODE":0,"DPS_HKD_LY":0.074,"ORG_TYPE":"一般企业","PREMIUM_INCOME":null,"PREMIUM_INCOME_YOY":null,"NET_INTEREST_INCOME":null,"NET_INTEREST_INCOME_YOY":null,"FEE_COMMISSION_INCOME":null,"FEE_COMMISSION_INCOME_YOY":null,"ACCOUNTS_RECE_TDAYS":2.680086493577,"INVENTORY_TDAYS":59.566446517804,"CURRENT_ASSETS_TDAYS":0.924236507345,"TOTAL_ASSETS_TDAYS":0.484168785599,"PREMIUM_EXPENSE":null,"LOAN_DEPOSIT":null,"LOAN_EQUITY":null,"LOAN_ASSETS":null,"DEPOSIT_EQUITY":null,"DEPOSIT_ASSETS":null,"EQUITY_MULTIPLIER":1.738504799689,"EQUITY_RATIO":0.740330107026},{"SECUCODE":"02377.HK","SECURITY_CODE":"02377","SECURITY_NAME_ABBR":"博奇环保","ORG_CODE":"10660462","STD_REPORT_DATE":"2021-06-30 00:00:00","REPORT_DATE":"2021-06-30 00:00:00","DATE_TYPE_CODE":"002","REPORT_TYPE":"2021年中报","PER_NETCASH_OPERATE":-0.089747184797,"PER_OI":0.920313516819,"BPS":2.986504221925,"BASIC_EPS":0.16,"DILUTED_EPS":0.16,"OPERATE_INCOME":926854000,"OPERATE_INCOME_YOY":40.8183946605,"GROSS_PROFIT":184305000,"GROSS_PROFIT_YOY":10.40260214809,"HOLDER_PROFIT":162846000,"HOLDER_PROFIT_YOY":53.0766483052,"GROSS_PROFIT_RATIO":19.885008857922,"EPS_TTM":0.262208536634,"OPERATE_INCOME_QOQ":16.320876042065,"NET_PROFIT_RATIO":17.5693259133,"ROE_AVG":6.507387274778,"GROSS_PROFIT_QOQ":5.106475573251,"ROA":4.190968209496,"HOLDER_PROFIT_QOQ":27.197410504412,"ROE_YEARLY":13.014774549557,"ROIC_YEARLY":9.477924362152,"TOTAL_ASSETS":3906171000,"TOTAL_LIABILITIES":1350713000,"TAX_EBT":12.660434332545,"OCF_SALES":-9.751805570241,"TOTAL_PARENT_EQUITY":2553051000,"DEBT_ASSET_RATIO":34.5789521247,"OPERATE_PROFIT":167220000,"PRETAX_PROFIT":186447000,"NETCASH_OPERATE":-90385000,"NETCASH_INVEST":-40795000,"NETCASH_FINANCE":-8737000,"END_CASH":378193000,"DIVI_RATIO":0.120963643698,"DIVIDEND_RATE":3.846153846154,"CURRENT_RATIO":1.740467404674,"COMMON_ACS":5000000000,"CURRENTDEBT_DEBT":92.21174298315,"ISSUED_COMMON_SHARES":854862679,"HK_COMMON_SHARES":854862679,"PER_SHARES":1000,"TOTAL_MARKET_CAP":777925037.89,"HKSK_MARKET_CAP":777925037.89,"PE_TTM":3.18131460607,"PB_TTM":0.224573174063,"REPORT_DATE_SQ":"2020-06-30 00:00:00","REPORT_TYPE_SQ":"2020年中报","OPERATE_INCOME_SQ":658191000,"DPS_HKD":0.035,"OPERATE_INCOME_QOQ_SQ":-5.136139692109,"NET_PROFIT_RATIO_SQ":16.1421228792,"HOLDER_PROFIT_SQ":106382000,"HOLDER_PROFIT_QOQ_SQ":8.554430060755,"ROE_AVG_SQ":4.598719748791,"PE_TTM_SQ":2.556378155186,"PB_TTM_SQ":0.246741225458,"ROA_SQ":2.745867724865,"START_DATE":"2021-01-01 00:00:00","FISCAL_YEAR":"12-31","CURRENCY":"HKD","IS_CNY_CODE":0,"DPS_HKD_LY":0.074,"ORG_TYPE":"一般企业","PREMIUM_INCOME":null,"PREMIUM_INCOME_YOY":null,"NET_INTEREST_INCOME":null,"NET_INTEREST_INCOME_YOY":null,"FEE_COMMISSION_INCOME":null,"FEE_COMMISSION_INCOME_YOY":null,"ACCOUNTS_RECE_TDAYS":1.380149666337,"INVENTORY_TDAYS":25.482558039774,"CURRENT_ASSETS_TDAYS":0.438010250676,"TOTAL_ASSETS_TDAYS":0.238533071051,"PREMIUM_EXPENSE":null,"LOAN_DEPOSIT":null,"LOAN_EQUITY":null,"LOAN_ASSETS":null,"DEPOSIT_EQUITY":null,"DEPOSIT_ASSETS":null,"EQUITY_MULTIPLIER":1.52856004677,"EQUITY_RATIO":0.52905836977},{"SECUCODE":"02377.HK","SECURITY_CODE":"02377","SECURITY_NAME_ABBR":"博奇环保","ORG_CODE":"10660462","STD_REPORT_DATE":"2020-12-31 00:00:00","REPORT_DATE":"2020-12-31 00:00:00","DATE_TYPE_CODE":"001","REPORT_TYPE":"2020年年报","PER_NETCASH_OPERATE":0.228858548298,"PER_OI":1.634514831629,"BPS":2.868188143233,"BASIC_EPS":0.21,"DILUTED_EPS":0.21,"OPERATE_INCOME":1646131000,"OPERATE_INCOME_YOY":-10.3656637423,"GROSS_PROFIT":340078000,"GROSS_PROFIT_YOY":10.947338200847,"HOLDER_PROFIT":207608000,"HOLDER_PROFIT_YOY":13.7347496672,"GROSS_PROFIT_RATIO":20.659230644463,"EPS_TTM":0.206142983253,"OPERATE_INCOME_QOQ":-5.512662075078,"NET_PROFIT_RATIO":12.5988150396,"ROE_AVG":8.784035503737,"GROSS_PROFIT_QOQ":-3.166029322574,"ROA":5.281192302781,"HOLDER_PROFIT_QOQ":4.772094149945,"ROE_YEARLY":8.784035503737,"ROIC_YEARLY":6.022429785627,"TOTAL_ASSETS":3865112000,"TOTAL_LIABILITIES":1414294000,"TAX_EBT":12.010504789947,"OCF_SALES":14.001619555187,"TOTAL_PARENT_EQUITY":2451907000,"DEBT_ASSET_RATIO":36.5912811841,"OPERATE_PROFIT":226275000,"PRETAX_PROFIT":235702000,"NETCASH_OPERATE":230485000,"NETCASH_INVEST":-129849000,"NETCASH_FINANCE":-31623000,"END_CASH":519128000,"DIVI_RATIO":0.153862622436,"DIVIDEND_RATE":3.846153846154,"CURRENT_RATIO":1.588737625572,"COMMON_ACS":5000000000,"CURRENTDEBT_DEBT":91.872906199135,"ISSUED_COMMON_SHARES":854862679,"HK_COMMON_SHARES":854862679,"PER_SHARES":1000,"TOTAL_MARKET_CAP":777925037.89,"HKSK_MARKET_CAP":777925037.89,"PE_TTM":3.18131460607,"PB_TTM":0.224573174063,"REPORT_DATE_SQ":"2019-12-31 00:00:00","REPORT_TYPE_SQ":"2019年年报","OPERATE_INCOME_SQ":1836496000,"DPS_HKD":0.035,"OPERATE_INCOME_QOQ_SQ":3.418418373323,"NET_PROFIT_RATIO_SQ":9.9436100051,"HOLDER_PROFIT_SQ":182537000,"HOLDER_PROFIT_QOQ_SQ":-15.261845849601,"ROE_AVG_SQ":8.205464540811,"PE_TTM_SQ":2.556378155186,"PB_TTM_SQ":0.246741225458,"ROA_SQ":4.849998047109,"START_DATE":"2020-01-01 00:00:00","FISCAL_YEAR":"12-31","CURRENCY":"HKD","IS_CNY_CODE":0,"DPS_HKD_LY":0.0315,"ORG_TYPE":"一般企业","PREMIUM_INCOME":null,"PREMIUM_INCOME_YOY":null,"NET_INTEREST_INCOME":null,"NET_INTEREST_INCOME_YOY":null,"FEE_COMMISSION_INCOME":null,"FEE_COMMISSION_INCOME_YOY":null,"ACCOUNTS_RECE_TDAYS":2.598915520653,"INVENTORY_TDAYS":46.150282685512,"CURRENT_ASSETS_TDAYS":0.767968555916,"TOTAL_ASSETS_TDAYS":0.418747561104,"PREMIUM_EXPENSE":null,"LOAN_DEPOSIT":null,"LOAN_EQUITY":null,"LOAN_ASSETS":null,"DEPOSIT_EQUITY":null,"DEPOSIT_ASSETS":null,"EQUITY_MULTIPLIER":1.577070186363,"EQUITY_RATIO":0.57681388405},{"SECUCODE":"02377.HK","SECURITY_CODE":"02377","SECURITY_NAME_ABBR":"博奇环保","ORG_CODE":"10660462","STD_REPORT_DATE":"2020-06-30 00:00:00","REPORT_DATE":"2020-06-30 00:00:00","DATE_TYPE_CODE":"002","REPORT_TYPE":"2020年中报","PER_NETCASH_OPERATE":0.053655679868,"PER_OI":0.65354637726,"BPS":2.750804378021,"BASIC_EPS":0.11,"DILUTED_EPS":0.11,"OPERATE_INCOME":658191000,"OPERATE_INCOME_YOY":-12.5346172042,"GROSS_PROFIT":166939000,"GROSS_PROFIT_YOY":36.539782765164,"HOLDER_PROFIT":106382000,"HOLDER_PROFIT_YOY":17.2033888968,"GROSS_PROFIT_RATIO":25.363306395864,"EPS_TTM":0.196753710924,"OPERATE_INCOME_QOQ":-5.136139692109,"NET_PROFIT_RATIO":16.1421228792,"ROE_AVG":4.598719748791,"GROSS_PROFIT_QOQ":14.574810290942,"ROA":2.745867724865,"HOLDER_PROFIT_QOQ":8.554430060755,"ROE_YEARLY":9.197439497583,"ROIC_YEARLY":6.21445634241,"TOTAL_ASSETS":3751464000,"TOTAL_LIABILITIES":1400914000,"TAX_EBT":16.777503622763,"OCF_SALES":8.209926905716,"TOTAL_PARENT_EQUITY":2351560000,"DEBT_ASSET_RATIO":37.3431279095,"OPERATE_PROFIT":120710000,"PRETAX_PROFIT":127665000,"NETCASH_OPERATE":54037000,"NETCASH_INVEST":-97844000,"NETCASH_FINANCE":44963000,"END_CASH":452505000,"DIVI_RATIO":0.16120509164,"DIVIDEND_RATE":3.846153846154,"CURRENT_RATIO":1.549025418934,"COMMON_ACS":5000000000,"CURRENTDEBT_DEBT":92.730246110753,"ISSUED_COMMON_SHARES":854862679,"HK_COMMON_SHARES":854862679,"PER_SHARES":1000,"TOTAL_MARKET_CAP":777925037.89,"HKSK_MARKET_CAP":777925037.89,"PE_TTM":3.18131460607,"PB_TTM":0.224573174063,"REPORT_DATE_SQ":"2019-06-30 00:00:00","REPORT_TYPE_SQ":"2019年中报","OPERATE_INCOME_SQ":752516000,"DPS_HKD":0.035,"OPERATE_INCOME_QOQ_SQ":1.764701162981,"NET_PROFIT_RATIO_SQ":12.1821994483,"HOLDER_PROFIT_SQ":90767000,"HOLDER_PROFIT_QOQ_SQ":-45.376420976826,"ROE_AVG_SQ":4.165482078588,"PE_TTM_SQ":2.556378155186,"PB_TTM_SQ":0.246741225458,"ROA_SQ":2.538619646718,"START_DATE":"2020-01-01 00:00:00","FISCAL_YEAR":"12-31","CURRENCY":"HKD","IS_CNY_CODE":0,"DPS_HKD_LY":0.0315,"ORG_TYPE":"一般企业","PREMIUM_INCOME":null,"PREMIUM_INCOME_YOY":null,"NET_INTEREST_INCOME":null,"NET_INTEREST_INCOME_YOY":null,"FEE_COMMISSION_INCOME":null,"FEE_COMMISSION_INCOME_YOY":null,"ACCOUNTS_RECE_TDAYS":1.048990201641,"INVENTORY_TDAYS":14.565972839945,"CURRENT_ASSETS_TDAYS":0.310838553008,"TOTAL_ASSETS_TDAYS":0.1698882728,"PREMIUM_EXPENSE":null,"LOAN_DEPOSIT":null,"LOAN_EQUITY":null,"LOAN_ASSETS":null,"DEPOSIT_EQUITY":null,"DEPOSIT_ASSETS":null,"EQUITY_MULTIPLIER":1.595994129033,"EQUITY_RATIO":0.595738148293}],"count":22},"success":true,"message":"ok","code":0}