{"version":"839ef99ab6ef4a5aefa1f7cc4b16c5f1","result":{"pages":5,"data":[{"SECUCODE":"02371.HK","SECURITY_CODE":"02371","SECURITY_NAME_ABBR":"创联控股","ORG_CODE":"10010606","STD_REPORT_DATE":"2023-12-31 00:00:00","REPORT_DATE":"2023-12-31 00:00:00","DATE_TYPE_CODE":"001","REPORT_TYPE":"2023年年报","PER_NETCASH_OPERATE":0.003127272136,"PER_OI":0.075637155284,"BPS":0.053170438903,"BASIC_EPS":-0.0054,"DILUTED_EPS":-0.0054,"OPERATE_INCOME":510718000,"OPERATE_INCOME_YOY":56.8447884037,"GROSS_PROFIT":110920000,"GROSS_PROFIT_YOY":-27.121249950722,"HOLDER_PROFIT":-36214000,"HOLDER_PROFIT_YOY":-367.7956074835,"GROSS_PROFIT_RATIO":21.718443446285,"EPS_TTM":-0.0053632806,"OPERATE_INCOME_QOQ":37.175472052859,"NET_PROFIT_RATIO":-5.4439044639,"ROE_AVG":-9.672116479909,"GROSS_PROFIT_QOQ":0.770404825932,"ROA":-6.292538579027,"HOLDER_PROFIT_QOQ":-27.639926688284,"ROE_YEARLY":-9.672116479909,"ROIC_YEARLY":-8.529601230426,"TOTAL_ASSETS":467145000,"TOTAL_LIABILITIES":253463000,"TAX_EBT":2.776515019058,"OCF_SALES":4.134571328992,"TOTAL_PARENT_EQUITY":215643000,"DEBT_ASSET_RATIO":38.1563099995,"OPERATE_PROFIT":-23716000,"PRETAX_PROFIT":-28597000,"NETCASH_OPERATE":21116000,"NETCASH_INVEST":-20817000,"NETCASH_FINANCE":-26712000,"END_CASH":134186000,"DIVI_RATIO":null,"DIVIDEND_RATE":null,"CURRENT_RATIO":2.273912524887,"COMMON_ACS":100000000000,"CURRENTDEBT_DEBT":60.266389966188,"ISSUED_COMMON_SHARES":6752210578,"HK_COMMON_SHARES":6752210578,"PER_SHARES":4000,"TOTAL_MARKET_CAP":148548632.716,"HKSK_MARKET_CAP":148548632.716,"PE_TTM":-3.717284529185,"PB_TTM":null,"REPORT_DATE_SQ":"2022-12-31 00:00:00","REPORT_TYPE_SQ":"2022年年报","OPERATE_INCOME_SQ":325620000,"DPS_HKD":null,"OPERATE_INCOME_QOQ_SQ":-5.856434097769,"NET_PROFIT_RATIO_SQ":3.3425465266,"HOLDER_PROFIT_SQ":13523000,"HOLDER_PROFIT_QOQ_SQ":-74.037169296932,"ROE_AVG_SQ":3.569524292193,"PE_TTM_SQ":-3.845311128351,"PB_TTM_SQ":0.305169312267,"ROA_SQ":2.40183223407,"START_DATE":"2023-01-01 00:00:00","FISCAL_YEAR":"12-31","CURRENCY":"HKD","IS_CNY_CODE":0,"DPS_HKD_LY":null,"ORG_TYPE":"一般企业","PREMIUM_INCOME":null,"PREMIUM_INCOME_YOY":null,"NET_INTEREST_INCOME":null,"NET_INTEREST_INCOME_YOY":null,"FEE_COMMISSION_INCOME":null,"FEE_COMMISSION_INCOME_YOY":null,"ACCOUNTS_RECE_TDAYS":5.882323130525,"INVENTORY_TDAYS":null,"CURRENT_ASSETS_TDAYS":2.05045869718,"TOTAL_ASSETS_TDAYS":0.887422742034,"PREMIUM_EXPENSE":null,"LOAN_DEPOSIT":null,"LOAN_EQUITY":null,"LOAN_ASSETS":null,"DEPOSIT_EQUITY":null,"DEPOSIT_ASSETS":null,"EQUITY_MULTIPLIER":1.616979840614,"EQUITY_RATIO":1.175382460826},{"SECUCODE":"02371.HK","SECURITY_CODE":"02371","SECURITY_NAME_ABBR":"创联控股","ORG_CODE":"10010606","STD_REPORT_DATE":"2023-06-30 00:00:00","REPORT_DATE":"2023-06-30 00:00:00","DATE_TYPE_CODE":"002","REPORT_TYPE":"2023年中报","PER_NETCASH_OPERATE":0.000964869197,"PER_OI":0.02910854123,"BPS":0.054381745912,"BASIC_EPS":-0.0039,"DILUTED_EPS":-0.0039,"OPERATE_INCOME":196547000,"OPERATE_INCOME_YOY":31.1563690718,"GROSS_PROFIT":42085000,"GROSS_PROFIT_YOY":-50.024343613067,"HOLDER_PROFIT":-26480000,"HOLDER_PROFIT_YOY":-271.7807330522,"GROSS_PROFIT_RATIO":21.412181310323,"EPS_TTM":-0.004201883172,"OPERATE_INCOME_QOQ":14.33879982802,"NET_PROFIT_RATIO":-14.3182037884,"ROE_AVG":-6.995926088358,"GROSS_PROFIT_QOQ":-27.678418901694,"ROA":-4.711638976001,"HOLDER_PROFIT_QOQ":-309.805516527398,"ROE_YEARLY":-13.991852176716,"ROIC_YEARLY":-13.117580182943,"TOTAL_ASSETS":568328000,"TOTAL_LIABILITIES":202056000,"TAX_EBT":0.891001936961,"OCF_SALES":3.314728792604,"TOTAL_PARENT_EQUITY":367197000,"DEBT_ASSET_RATIO":35.552708999,"OPERATE_PROFIT":-25892000,"PRETAX_PROFIT":-28395000,"NETCASH_OPERATE":6515000,"NETCASH_INVEST":-13814000,"NETCASH_FINANCE":6022000,"END_CASH":158941000,"DIVI_RATIO":null,"DIVIDEND_RATE":null,"CURRENT_RATIO":2.418461305754,"COMMON_ACS":100000000000,"CURRENTDEBT_DEBT":52.350833432316,"ISSUED_COMMON_SHARES":6752210578,"HK_COMMON_SHARES":6752210578,"PER_SHARES":4000,"TOTAL_MARKET_CAP":155300843.294,"HKSK_MARKET_CAP":155300843.294,"PE_TTM":-3.886252007784,"PB_TTM":null,"REPORT_DATE_SQ":"2022-06-30 00:00:00","REPORT_TYPE_SQ":"2022年中报","OPERATE_INCOME_SQ":149857000,"DPS_HKD":null,"OPERATE_INCOME_QOQ_SQ":23.416068395587,"NET_PROFIT_RATIO_SQ":12.5459604823,"HOLDER_PROFIT_SQ":15415000,"HOLDER_PROFIT_QOQ_SQ":57.783769046681,"ROE_AVG_SQ":4.122837282324,"PE_TTM_SQ":-4.699824712429,"PB_TTM_SQ":0.372984714994,"ROA_SQ":2.698586371395,"START_DATE":"2023-01-01 00:00:00","FISCAL_YEAR":"12-31","CURRENCY":"HKD","IS_CNY_CODE":0,"DPS_HKD_LY":null,"ORG_TYPE":"一般企业","PREMIUM_INCOME":null,"PREMIUM_INCOME_YOY":null,"NET_INTEREST_INCOME":null,"NET_INTEREST_INCOME_YOY":null,"FEE_COMMISSION_INCOME":null,"FEE_COMMISSION_INCOME_YOY":null,"ACCOUNTS_RECE_TDAYS":2.509441671029,"INVENTORY_TDAYS":null,"CURRENT_ASSETS_TDAYS":0.776659935906,"TOTAL_ASSETS_TDAYS":0.349719979538,"PREMIUM_EXPENSE":null,"LOAN_DEPOSIT":null,"LOAN_EQUITY":null,"LOAN_ASSETS":null,"DEPOSIT_EQUITY":null,"DEPOSIT_ASSETS":null,"EQUITY_MULTIPLIER":1.551655600209,"EQUITY_RATIO":0.550265933545},{"SECUCODE":"02371.HK","SECURITY_CODE":"02371","SECURITY_NAME_ABBR":"创联控股","ORG_CODE":"10010606","STD_REPORT_DATE":"2022-12-31 00:00:00","REPORT_DATE":"2022-12-31 00:00:00","DATE_TYPE_CODE":"001","REPORT_TYPE":"2022年年报","PER_NETCASH_OPERATE":0.00644855481,"PER_OI":0.048224206908,"BPS":0.057731463718,"BASIC_EPS":0.002,"DILUTED_EPS":0.002,"OPERATE_INCOME":325620000,"OPERATE_INCOME_YOY":16.1882876839,"GROSS_PROFIT":152198000,"GROSS_PROFIT_YOY":3.51915333551,"HOLDER_PROFIT":13523000,"HOLDER_PROFIT_YOY":-59.0348671655,"GROSS_PROFIT_RATIO":46.740986425895,"EPS_TTM":0.00200275152,"OPERATE_INCOME_QOQ":-5.856434097769,"NET_PROFIT_RATIO":3.3425465266,"ROE_AVG":3.569524292193,"GROSS_PROFIT_QOQ":-12.724999856642,"ROA":2.40183223407,"HOLDER_PROFIT_QOQ":-74.037169296932,"ROE_YEARLY":3.569524292193,"ROIC_YEARLY":3.402954276655,"TOTAL_ASSETS":555697000,"TOTAL_LIABILITIES":165145000,"TAX_EBT":49.049714446213,"OCF_SALES":13.372028745163,"TOTAL_PARENT_EQUITY":389815000,"DEBT_ASSET_RATIO":29.7185336613,"OPERATE_PROFIT":26566000,"PRETAX_PROFIT":21362000,"NETCASH_OPERATE":43542000,"NETCASH_INVEST":-44021000,"NETCASH_FINANCE":-19148000,"END_CASH":157806000,"DIVI_RATIO":null,"DIVIDEND_RATE":null,"CURRENT_RATIO":3.253450830539,"COMMON_ACS":100000000000,"CURRENTDEBT_DEBT":46.588149807745,"ISSUED_COMMON_SHARES":6752210578,"HK_COMMON_SHARES":6752210578,"PER_SHARES":4000,"TOTAL_MARKET_CAP":155300843.294,"HKSK_MARKET_CAP":155300843.294,"PE_TTM":-3.886252007784,"PB_TTM":null,"REPORT_DATE_SQ":"2021-12-31 00:00:00","REPORT_TYPE_SQ":"2021年年报","OPERATE_INCOME_SQ":280252000,"DPS_HKD":null,"OPERATE_INCOME_QOQ_SQ":31.428705418904,"NET_PROFIT_RATIO_SQ":10.7107174971,"HOLDER_PROFIT_SQ":33011000,"HOLDER_PROFIT_QOQ_SQ":223.351944362817,"ROE_AVG_SQ":10.570521913716,"PE_TTM_SQ":-4.699824712429,"PB_TTM_SQ":0.372984714994,"ROA_SQ":6.491532356388,"START_DATE":"2022-01-01 00:00:00","FISCAL_YEAR":"12-31","CURRENCY":"HKD","IS_CNY_CODE":0,"DPS_HKD_LY":null,"ORG_TYPE":"一般企业","PREMIUM_INCOME":null,"PREMIUM_INCOME_YOY":null,"NET_INTEREST_INCOME":null,"NET_INTEREST_INCOME_YOY":null,"FEE_COMMISSION_INCOME":null,"FEE_COMMISSION_INCOME_YOY":null,"ACCOUNTS_RECE_TDAYS":5.474813370099,"INVENTORY_TDAYS":null,"CURRENT_ASSETS_TDAYS":1.330182378209,"TOTAL_ASSETS_TDAYS":0.578336620615,"PREMIUM_EXPENSE":null,"LOAN_DEPOSIT":null,"LOAN_EQUITY":null,"LOAN_ASSETS":null,"DEPOSIT_EQUITY":null,"DEPOSIT_ASSETS":null,"EQUITY_MULTIPLIER":1.422850222249,"EQUITY_RATIO":0.423649679976},{"SECUCODE":"02371.HK","SECURITY_CODE":"02371","SECURITY_NAME_ABBR":"创联控股","ORG_CODE":"10010606","STD_REPORT_DATE":"2022-06-30 00:00:00","REPORT_DATE":"2022-06-30 00:00:00","DATE_TYPE_CODE":"002","REPORT_TYPE":"2022年中报","PER_NETCASH_OPERATE":0.008231082156,"PER_OI":0.022193768732,"BPS":0.056264388619,"BASIC_EPS":0.0023,"DILUTED_EPS":0.0023,"OPERATE_INCOME":149857000,"OPERATE_INCOME_YOY":77.9077083803,"GROSS_PROFIT":84211000,"GROSS_PROFIT_YOY":48.138831228231,"HOLDER_PROFIT":15415000,"HOLDER_PROFIT_YOY":521.174863388,"GROSS_PROFIT_RATIO":56.194238507377,"EPS_TTM":0.00771391819,"OPERATE_INCOME_QOQ":23.416068395587,"NET_PROFIT_RATIO":12.5459604823,"ROE_AVG":4.122837282324,"GROSS_PROFIT_QOQ":18.612607465448,"ROA":2.698586371395,"HOLDER_PROFIT_QOQ":57.783769046681,"ROE_YEARLY":8.245674564648,"ROIC_YEARLY":8.082253908083,"TOTAL_ASSETS":572090000,"TOTAL_LIABILITIES":185379000,"TAX_EBT":17.698301523376,"OCF_SALES":37.087356613305,"TOTAL_PARENT_EQUITY":379909000,"DEBT_ASSET_RATIO":32.4038175811,"OPERATE_PROFIT":25120000,"PRETAX_PROFIT":22844000,"NETCASH_OPERATE":55578000,"NETCASH_INVEST":-18137000,"NETCASH_FINANCE":-8748000,"END_CASH":200008000,"DIVI_RATIO":null,"DIVIDEND_RATE":null,"CURRENT_RATIO":2.528059548255,"COMMON_ACS":100000000000,"CURRENTDEBT_DEBT":52.541010578329,"ISSUED_COMMON_SHARES":6752210578,"HK_COMMON_SHARES":6752210578,"PER_SHARES":4000,"TOTAL_MARKET_CAP":155300843.294,"HKSK_MARKET_CAP":155300843.294,"PE_TTM":-3.886252007784,"PB_TTM":null,"REPORT_DATE_SQ":"2021-06-30 00:00:00","REPORT_TYPE_SQ":"2021年中报","OPERATE_INCOME_SQ":84233000,"DPS_HKD":null,"OPERATE_INCOME_QOQ_SQ":16.505941811228,"NET_PROFIT_RATIO_SQ":-3.8405375565,"HOLDER_PROFIT_SQ":-3660000,"HOLDER_PROFIT_QOQ_SQ":595.823215152987,"ROE_AVG_SQ":-1.319439562638,"PE_TTM_SQ":-4.699824712429,"PB_TTM_SQ":0.372984714994,"ROA_SQ":-0.759729361983,"START_DATE":"2022-01-01 00:00:00","FISCAL_YEAR":"12-31","CURRENCY":"HKD","IS_CNY_CODE":0,"DPS_HKD_LY":null,"ORG_TYPE":"一般企业","PREMIUM_INCOME":null,"PREMIUM_INCOME_YOY":null,"NET_INTEREST_INCOME":null,"NET_INTEREST_INCOME_YOY":null,"FEE_COMMISSION_INCOME":null,"FEE_COMMISSION_INCOME_YOY":null,"ACCOUNTS_RECE_TDAYS":3.928099606815,"INVENTORY_TDAYS":null,"CURRENT_ASSETS_TDAYS":0.617322957904,"TOTAL_ASSETS_TDAYS":0.262343209768,"PREMIUM_EXPENSE":null,"LOAN_DEPOSIT":null,"LOAN_EQUITY":null,"LOAN_ASSETS":null,"DEPOSIT_EQUITY":null,"DEPOSIT_ASSETS":null,"EQUITY_MULTIPLIER":1.479373485625,"EQUITY_RATIO":0.487956326383},{"SECUCODE":"02371.HK","SECURITY_CODE":"02371","SECURITY_NAME_ABBR":"创联控股","ORG_CODE":"10010606","STD_REPORT_DATE":"2021-12-31 00:00:00","REPORT_DATE":"2021-12-31 00:00:00","DATE_TYPE_CODE":"001","REPORT_TYPE":"2021年年报","PER_NETCASH_OPERATE":0.006954018904,"PER_OI":0.041505222144,"BPS":0.054482453672,"BASIC_EPS":0.0052,"DILUTED_EPS":0.0052,"OPERATE_INCOME":280252000,"OPERATE_INCOME_YOY":53.1222510586,"GROSS_PROFIT":147024000,"GROSS_PROFIT_YOY":43.148957714664,"HOLDER_PROFIT":33011000,"HOLDER_PROFIT_YOY":1703.2540067994,"GROSS_PROFIT_RATIO":52.461356207984,"EPS_TTM":0.004888917432,"OPERATE_INCOME_QOQ":31.428705418904,"NET_PROFIT_RATIO":10.7107174971,"ROE_AVG":10.570521913716,"GROSS_PROFIT_QOQ":14.522511294594,"ROA":6.491532356388,"HOLDER_PROFIT_QOQ":223.351944362817,"ROE_YEARLY":10.570521913716,"ROIC_YEARLY":9.20630449606,"TOTAL_ASSETS":570360000,"TOTAL_LIABILITIES":199107000,"TAX_EBT":29.809423594061,"OCF_SALES":16.754563749768,"TOTAL_PARENT_EQUITY":367877000,"DEBT_ASSET_RATIO":34.909004839,"OPERATE_PROFIT":49368000,"PRETAX_PROFIT":42765000,"NETCASH_OPERATE":47093000,"NETCASH_INVEST":-45732000,"NETCASH_FINANCE":50815000,"END_CASH":169358000,"DIVI_RATIO":null,"DIVIDEND_RATE":null,"CURRENT_RATIO":2.29547089805,"COMMON_ACS":100000000000,"CURRENTDEBT_DEBT":52.352252808791,"ISSUED_COMMON_SHARES":6752210578,"HK_COMMON_SHARES":6752210578,"PER_SHARES":4000,"TOTAL_MARKET_CAP":155300843.294,"HKSK_MARKET_CAP":155300843.294,"PE_TTM":-3.886252007784,"PB_TTM":null,"REPORT_DATE_SQ":"2020-12-31 00:00:00","REPORT_TYPE_SQ":"2020年年报","OPERATE_INCOME_SQ":183025000,"DPS_HKD":null,"OPERATE_INCOME_QOQ_SQ":5.979189225184,"NET_PROFIT_RATIO_SQ":-1.6118016664,"HOLDER_PROFIT_SQ":-2059000,"HOLDER_PROFIT_QOQ_SQ":51.959869342044,"ROE_AVG_SQ":-0.802733739184,"PE_TTM_SQ":-4.699824712429,"PB_TTM_SQ":0.372984714994,"ROA_SQ":-0.463007208206,"START_DATE":"2021-01-01 00:00:00","FISCAL_YEAR":"12-31","CURRENCY":"HKD","IS_CNY_CODE":0,"DPS_HKD_LY":null,"ORG_TYPE":"一般企业","PREMIUM_INCOME":null,"PREMIUM_INCOME_YOY":null,"NET_INTEREST_INCOME":null,"NET_INTEREST_INCOME_YOY":null,"FEE_COMMISSION_INCOME":null,"FEE_COMMISSION_INCOME_YOY":null,"ACCOUNTS_RECE_TDAYS":7.740805700949,"INVENTORY_TDAYS":null,"CURRENT_ASSETS_TDAYS":1.361960626133,"TOTAL_ASSETS_TDAYS":0.551108698901,"PREMIUM_EXPENSE":null,"LOAN_DEPOSIT":null,"LOAN_EQUITY":null,"LOAN_ASSETS":null,"DEPOSIT_EQUITY":null,"DEPOSIT_ASSETS":null,"EQUITY_MULTIPLIER":1.536310817689,"EQUITY_RATIO":0.541232531525},{"SECUCODE":"02371.HK","SECURITY_CODE":"02371","SECURITY_NAME_ABBR":"创联控股","ORG_CODE":"10010606","STD_REPORT_DATE":"2021-06-30 00:00:00","REPORT_DATE":"2021-06-30 00:00:00","DATE_TYPE_CODE":"002","REPORT_TYPE":"2021年中报","PER_NETCASH_OPERATE":0.001702836042,"PER_OI":0.013095497882,"BPS":0.044144357845,"BASIC_EPS":-0.0006,"DILUTED_EPS":-0.0006,"OPERATE_INCOME":84233000,"OPERATE_INCOME_YOY":55.9206263999,"GROSS_PROFIT":56846000,"GROSS_PROFIT_YOY":82.35652648125,"HOLDER_PROFIT":-3660000,"HOLDER_PROFIT_YOY":77.0215971873,"GROSS_PROFIT_RATIO":67.486614509753,"EPS_TTM":0.001587168187,"OPERATE_INCOME_QOQ":16.505941811228,"NET_PROFIT_RATIO":-3.8405375565,"ROE_AVG":-1.319439562638,"GROSS_PROFIT_QOQ":24.996348836983,"ROA":-0.759729361983,"HOLDER_PROFIT_QOQ":595.823215152987,"ROE_YEARLY":-2.638879125276,"ROIC_YEARLY":-2.292489747215,"TOTAL_ASSETS":516813000,"TOTAL_LIABILITIES":211946000,"TAX_EBT":-270.98623853211,"OCF_SALES":13.003217266392,"TOTAL_PARENT_EQUITY":298072000,"DEBT_ASSET_RATIO":41.0101913071,"OPERATE_PROFIT":2159000,"PRETAX_PROFIT":-872000,"NETCASH_OPERATE":10953000,"NETCASH_INVEST":4860000,"NETCASH_FINANCE":60618000,"END_CASH":190924000,"DIVI_RATIO":null,"DIVIDEND_RATE":null,"CURRENT_RATIO":3.105484711198,"COMMON_ACS":100000000000,"CURRENTDEBT_DEBT":38.220584488502,"ISSUED_COMMON_SHARES":6752210578,"HK_COMMON_SHARES":6752210578,"PER_SHARES":4000,"TOTAL_MARKET_CAP":155300843.294,"HKSK_MARKET_CAP":155300843.294,"PE_TTM":-3.886252007784,"PB_TTM":null,"REPORT_DATE_SQ":"2020-06-30 00:00:00","REPORT_TYPE_SQ":"2020年中报","OPERATE_INCOME_SQ":54023000,"DPS_HKD":null,"OPERATE_INCOME_QOQ_SQ":4.70413483691,"NET_PROFIT_RATIO_SQ":-31.0867593432,"HOLDER_PROFIT_SQ":-15928000,"HOLDER_PROFIT_QOQ_SQ":78.781127778603,"ROE_AVG_SQ":-6.378497000569,"PE_TTM_SQ":-4.699824712429,"PB_TTM_SQ":0.372984714994,"ROA_SQ":-3.744174703079,"START_DATE":"2021-01-01 00:00:00","FISCAL_YEAR":"12-31","CURRENCY":"HKD","IS_CNY_CODE":0,"DPS_HKD_LY":null,"ORG_TYPE":"一般企业","PREMIUM_INCOME":null,"PREMIUM_INCOME_YOY":null,"NET_INTEREST_INCOME":null,"NET_INTEREST_INCOME_YOY":null,"FEE_COMMISSION_INCOME":null,"FEE_COMMISSION_INCOME_YOY":null,"ACCOUNTS_RECE_TDAYS":3.113628802721,"INVENTORY_TDAYS":null,"CURRENT_ASSETS_TDAYS":0.397480151474,"TOTAL_ASSETS_TDAYS":0.17484776871,"PREMIUM_EXPENSE":null,"LOAN_DEPOSIT":null,"LOAN_EQUITY":null,"LOAN_ASSETS":null,"DEPOSIT_EQUITY":null,"DEPOSIT_ASSETS":null,"EQUITY_MULTIPLIER":1.69520807434,"EQUITY_RATIO":0.71105638906},{"SECUCODE":"02371.HK","SECURITY_CODE":"02371","SECURITY_NAME_ABBR":"创联控股","ORG_CODE":"10010606","STD_REPORT_DATE":"2020-12-31 00:00:00","REPORT_DATE":"2020-12-31 00:00:00","DATE_TYPE_CODE":"001","REPORT_TYPE":"2020年年报","PER_NETCASH_OPERATE":0.006431842602,"PER_OI":0.03069750684,"BPS":0.038018512165,"BASIC_EPS":-0.0003,"DILUTED_EPS":-0.0003,"OPERATE_INCOME":183025000,"OPERATE_INCOME_YOY":10.9645931854,"GROSS_PROFIT":102707000,"GROSS_PROFIT_YOY":1.533275337103,"HOLDER_PROFIT":-2059000,"HOLDER_PROFIT_YOY":89.8064260607,"GROSS_PROFIT_RATIO":56.116377544051,"EPS_TTM":-0.000345341711,"OPERATE_INCOME_QOQ":5.979189225184,"NET_PROFIT_RATIO":-1.6118016664,"ROE_AVG":-0.802733739184,"GROSS_PROFIT_QOQ":-8.011500017913,"ROA":-0.463007208206,"HOLDER_PROFIT_QOQ":51.959869342044,"ROE_YEARLY":-0.802733739184,"ROIC_YEARLY":-0.629290268159,"TOTAL_ASSETS":446688000,"TOTAL_LIABILITIES":183609000,"TAX_EBT":239.876718824087,"OCF_SALES":20.952328916815,"TOTAL_PARENT_EQUITY":256709000,"DEBT_ASSET_RATIO":41.1045293359,"OPERATE_PROFIT":8282000,"PRETAX_PROFIT":2109000,"NETCASH_OPERATE":38348000,"NETCASH_INVEST":-11365000,"NETCASH_FINANCE":-14687000,"END_CASH":115805000,"DIVI_RATIO":null,"DIVIDEND_RATE":null,"CURRENT_RATIO":2.220047166772,"COMMON_ACS":100000000000,"CURRENTDEBT_DEBT":42.262089548987,"ISSUED_COMMON_SHARES":6752210578,"HK_COMMON_SHARES":6752210578,"PER_SHARES":4000,"TOTAL_MARKET_CAP":155300843.294,"HKSK_MARKET_CAP":155300843.294,"PE_TTM":-3.886252007784,"PB_TTM":null,"REPORT_DATE_SQ":"2019-12-31 00:00:00","REPORT_TYPE_SQ":"2019年年报","OPERATE_INCOME_SQ":164940000,"DPS_HKD":null,"OPERATE_INCOME_QOQ_SQ":45.844570397814,"NET_PROFIT_RATIO_SQ":-11.9073602522,"HOLDER_PROFIT_SQ":-20199000,"HOLDER_PROFIT_QOQ_SQ":36.38711302869,"ROE_AVG_SQ":-7.975346273513,"PE_TTM_SQ":-4.699824712429,"PB_TTM_SQ":0.372984714994,"ROA_SQ":-5.351245882052,"START_DATE":"2020-01-01 00:00:00","FISCAL_YEAR":"12-31","CURRENCY":"HKD","IS_CNY_CODE":0,"DPS_HKD_LY":null,"ORG_TYPE":"一般企业","PREMIUM_INCOME":null,"PREMIUM_INCOME_YOY":null,"NET_INTEREST_INCOME":null,"NET_INTEREST_INCOME_YOY":null,"FEE_COMMISSION_INCOME":null,"FEE_COMMISSION_INCOME_YOY":null,"ACCOUNTS_RECE_TDAYS":9.532552083333,"INVENTORY_TDAYS":null,"CURRENT_ASSETS_TDAYS":1.235974784156,"TOTAL_ASSETS_TDAYS":0.411568209237,"PREMIUM_EXPENSE":null,"LOAN_DEPOSIT":null,"LOAN_EQUITY":null,"LOAN_ASSETS":null,"DEPOSIT_EQUITY":null,"DEPOSIT_ASSETS":null,"EQUITY_MULTIPLIER":1.697923437446,"EQUITY_RATIO":0.715241771812},{"SECUCODE":"02371.HK","SECURITY_CODE":"02371","SECURITY_NAME_ABBR":"创联控股","ORG_CODE":"10010606","STD_REPORT_DATE":"2020-06-30 00:00:00","REPORT_DATE":"2020-06-30 00:00:00","DATE_TYPE_CODE":"002","REPORT_TYPE":"2020年中报","PER_NETCASH_OPERATE":-0.003248459568,"PER_OI":0.009060901035,"BPS":0.036008948061,"BASIC_EPS":-0.0027,"DILUTED_EPS":-0.0027,"OPERATE_INCOME":54023000,"OPERATE_INCOME_YOY":16.7711395469,"GROSS_PROFIT":31173000,"GROSS_PROFIT_YOY":50.761715916235,"HOLDER_PROFIT":-15928000,"HOLDER_PROFIT_YOY":49.9764454634,"GROSS_PROFIT_RATIO":57.703200488681,"EPS_TTM":-0.00071886089,"OPERATE_INCOME_QOQ":4.70413483691,"NET_PROFIT_RATIO":-31.0867593432,"ROE_AVG":-6.378497000569,"GROSS_PROFIT_QOQ":10.376052829293,"ROA":-3.744174703079,"HOLDER_PROFIT_QOQ":78.781127778603,"ROE_YEARLY":-12.756994001137,"ROIC_YEARLY":-9.635682514908,"TOTAL_ASSETS":408100000,"TOTAL_LIABILITIES":163302000,"TAX_EBT":0.48,"OCF_SALES":-35.851396627362,"TOTAL_PARENT_EQUITY":243140000,"DEBT_ASSET_RATIO":40.0151923548,"OPERATE_PROFIT":-13750000,"PRETAX_PROFIT":-16875000,"NETCASH_OPERATE":-19368000,"NETCASH_INVEST":907000,"NETCASH_FINANCE":-7601000,"END_CASH":80108000,"DIVI_RATIO":null,"DIVIDEND_RATE":null,"CURRENT_RATIO":2.071849281911,"COMMON_ACS":100000000000,"CURRENTDEBT_DEBT":30.35847693231,"ISSUED_COMMON_SHARES":6752210578,"HK_COMMON_SHARES":6752210578,"PER_SHARES":4000,"TOTAL_MARKET_CAP":155300843.294,"HKSK_MARKET_CAP":155300843.294,"PE_TTM":-3.886252007784,"PB_TTM":null,"REPORT_DATE_SQ":"2019-06-30 00:00:00","REPORT_TYPE_SQ":"2019年中报","OPERATE_INCOME_SQ":46264000,"DPS_HKD":null,"OPERATE_INCOME_QOQ_SQ":-25.637805423319,"NET_PROFIT_RATIO_SQ":-68.2906795781,"HOLDER_PROFIT_SQ":-31841000,"HOLDER_PROFIT_QOQ_SQ":-518.463363205061,"ROE_AVG_SQ":-13.711507572528,"PE_TTM_SQ":-4.699824712429,"PB_TTM_SQ":0.372984714994,"ROA_SQ":-8.610714107038,"START_DATE":"2020-01-01 00:00:00","FISCAL_YEAR":"12-31","CURRENCY":"HKD","IS_CNY_CODE":0,"DPS_HKD_LY":null,"ORG_TYPE":"一般企业","PREMIUM_INCOME":null,"PREMIUM_INCOME_YOY":null,"NET_INTEREST_INCOME":null,"NET_INTEREST_INCOME_YOY":null,"FEE_COMMISSION_INCOME":null,"FEE_COMMISSION_INCOME_YOY":null,"ACCOUNTS_RECE_TDAYS":2.829021784667,"INVENTORY_TDAYS":null,"CURRENT_ASSETS_TDAYS":0.476796935677,"TOTAL_ASSETS_TDAYS":0.126991179046,"PREMIUM_EXPENSE":null,"LOAN_DEPOSIT":null,"LOAN_EQUITY":null,"LOAN_ASSETS":null,"DEPOSIT_EQUITY":null,"DEPOSIT_ASSETS":null,"EQUITY_MULTIPLIER":1.667088783405,"EQUITY_RATIO":0.671637739574},{"SECUCODE":"02371.HK","SECURITY_CODE":"02371","SECURITY_NAME_ABBR":"创联控股","ORG_CODE":"10010606","STD_REPORT_DATE":"2019-12-31 00:00:00","REPORT_DATE":"2019-12-31 00:00:00","DATE_TYPE_CODE":"001","REPORT_TYPE":"2019年年报","PER_NETCASH_OPERATE":0.006459349179,"PER_OI":0.027664235914,"BPS":0.037956162214,"BASIC_EPS":-0.0037,"DILUTED_EPS":-0.0037,"OPERATE_INCOME":164940000,"OPERATE_INCOME_YOY":8.4532232187,"GROSS_PROFIT":101156000,"GROSS_PROFIT_YOY":22.744260544581,"HOLDER_PROFIT":-20199000,"HOLDER_PROFIT_YOY":-366.196626252,"GROSS_PROFIT_RATIO":61.328968109616,"EPS_TTM":-0.003387837403,"OPERATE_INCOME_QOQ":45.844570397814,"NET_PROFIT_RATIO":-11.9073602522,"ROE_AVG":-7.975346273513,"GROSS_PROFIT_QOQ":100.917631636443,"ROA":-5.351245882052,"HOLDER_PROFIT_QOQ":36.38711302869,"ROE_YEARLY":-7.975346273513,"ROIC_YEARLY":-7.225786603372,"TOTAL_ASSETS":442715000,"TOTAL_LIABILITIES":182215000,"TAX_EBT":-103.882487283297,"OCF_SALES":23.349096641203,"TOTAL_PARENT_EQUITY":256288000,"DEBT_ASSET_RATIO":41.1585331421,"OPERATE_PROFIT":-3920000,"PRETAX_PROFIT":-9633000,"NETCASH_OPERATE":38512000,"NETCASH_INVEST":-42477000,"NETCASH_FINANCE":22326000,"END_CASH":103628000,"DIVI_RATIO":null,"DIVIDEND_RATE":null,"CURRENT_RATIO":1.989274417559,"COMMON_ACS":100000000000,"CURRENTDEBT_DEBT":34.179952254205,"ISSUED_COMMON_SHARES":6752210578,"HK_COMMON_SHARES":6752210578,"PER_SHARES":4000,"TOTAL_MARKET_CAP":155300843.294,"HKSK_MARKET_CAP":155300843.294,"PE_TTM":-3.886252007784,"PB_TTM":null,"REPORT_DATE_SQ":"2018-12-31 00:00:00","REPORT_TYPE_SQ":"2018年年报","OPERATE_INCOME_SQ":152084000,"DPS_HKD":null,"OPERATE_INCOME_QOQ_SQ":-11.096302012089,"NET_PROFIT_RATIO_SQ":4.097735462,"HOLDER_PROFIT_SQ":7588000,"HOLDER_PROFIT_QOQ_SQ":120.133449376269,"ROE_AVG_SQ":3.162720906969,"PE_TTM_SQ":-4.699824712429,"PB_TTM_SQ":0.372984714994,"ROA_SQ":2.467650301302,"START_DATE":"2019-01-01 00:00:00","FISCAL_YEAR":"12-31","CURRENCY":"HKD","IS_CNY_CODE":0,"DPS_HKD_LY":null,"ORG_TYPE":"一般企业","PREMIUM_INCOME":null,"PREMIUM_INCOME_YOY":null,"NET_INTEREST_INCOME":null,"NET_INTEREST_INCOME_YOY":null,"FEE_COMMISSION_INCOME":null,"FEE_COMMISSION_INCOME_YOY":null,"ACCOUNTS_RECE_TDAYS":10.737931707952,"INVENTORY_TDAYS":null,"CURRENT_ASSETS_TDAYS":1.424924516321,"TOTAL_ASSETS_TDAYS":0.43696940234,"PREMIUM_EXPENSE":null,"LOAN_DEPOSIT":null,"LOAN_EQUITY":null,"LOAN_ASSETS":null,"DEPOSIT_EQUITY":null,"DEPOSIT_ASSETS":null,"EQUITY_MULTIPLIER":1.699481765835,"EQUITY_RATIO":0.710977494069}],"count":44},"success":true,"message":"ok","code":0}