{"version":"b56cfd0ab0726e21c15ea7835f04252d","result":{"pages":2,"data":[{"SECUCODE":"02376.HK","SECURITY_CODE":"02376","SECURITY_NAME_ABBR":"鲁商服务","ORG_CODE":"10339404","STD_REPORT_DATE":"2024-06-30 00:00:00","REPORT_DATE":"2024-06-30 00:00:00","DATE_TYPE_CODE":"002","REPORT_TYPE":"2024年中报","PER_NETCASH_OPERATE":-0.396753424779,"PER_OI":2.314003925454,"BPS":4.060463847533,"BASIC_EPS":0.16,"DILUTED_EPS":0.16,"OPERATE_INCOME":308549283.42,"OPERATE_INCOME_YOY":-50.8101542364,"GROSS_PROFIT":60455082.23,"GROSS_PROFIT_YOY":-22.315731859128,"HOLDER_PROFIT":21666723.76,"HOLDER_PROFIT_YOY":2.1071494834,"GROSS_PROFIT_RATIO":19.593330945354,"EPS_TTM":0.299074830133,"OPERATE_INCOME_QOQ":-51.32071567839,"NET_PROFIT_RATIO":7.1068950013,"ROE_AVG":4.064837538301,"GROSS_PROFIT_QOQ":-14.834774712813,"ROA":2.404112582318,"HOLDER_PROFIT_QOQ":1.133937296317,"ROE_YEARLY":8.129675076601,"ROIC_YEARLY":8.705457622111,"TOTAL_ASSETS":901667913.64,"TOTAL_LIABILITIES":356034533.11,"TAX_EBT":24.114752900546,"OCF_SALES":-17.145754180212,"TOTAL_PARENT_EQUITY":541422249.43,"DEBT_ASSET_RATIO":39.4862152378,"OPERATE_PROFIT":26607253.65,"PRETAX_PROFIT":28896622.78,"NETCASH_OPERATE":-52903101.66,"NETCASH_INVEST":23362267.77,"NETCASH_FINANCE":2454829.21,"END_CASH":385008886.56,"DIVI_RATIO":null,"DIVIDEND_RATE":null,"CURRENT_RATIO":2.259895964235,"COMMON_ACS":null,"CURRENTDEBT_DEBT":99.50459736178,"ISSUED_COMMON_SHARES":133340000,"HK_COMMON_SHARES":33340000,"PER_SHARES":500,"TOTAL_MARKET_CAP":178675600,"HKSK_MARKET_CAP":44675600,"PE_TTM":4.039099055694,"PB_TTM":0.301194948637,"REPORT_DATE_SQ":"2023-06-30 00:00:00","REPORT_TYPE_SQ":"2023年中报","OPERATE_INCOME_SQ":627262148.58,"DPS_HKD":null,"OPERATE_INCOME_QOQ_SQ":-1.648396892633,"NET_PROFIT_RATIO_SQ":9.8072284835,"HOLDER_PROFIT_SQ":21219595.17,"HOLDER_PROFIT_QOQ_SQ":-13.185073597248,"ROE_AVG_SQ":5.825262761291,"PE_TTM_SQ":3.522831848994,"PB_TTM_SQ":0.438164855544,"ROA_SQ":3.399901085633,"START_DATE":"2024-01-01 00:00:00","FISCAL_YEAR":"12-31","CURRENCY":"HKD","IS_CNY_CODE":0,"DPS_HKD_LY":null,"ORG_TYPE":"一般企业","PREMIUM_INCOME":null,"PREMIUM_INCOME_YOY":null,"NET_INTEREST_INCOME":null,"NET_INTEREST_INCOME_YOY":null,"FEE_COMMISSION_INCOME":null,"FEE_COMMISSION_INCOME_YOY":null,"ACCOUNTS_RECE_TDAYS":0.983902912449,"INVENTORY_TDAYS":25.872770387188,"CURRENT_ASSETS_TDAYS":0.385964104071,"TOTAL_ASSETS_TDAYS":0.342362427634,"PREMIUM_EXPENSE":null,"LOAN_DEPOSIT":null,"LOAN_EQUITY":null,"LOAN_ASSETS":null,"DEPOSIT_EQUITY":null,"DEPOSIT_ASSETS":null,"EQUITY_MULTIPLIER":1.65251604065,"EQUITY_RATIO":0.657591248762},{"SECUCODE":"02376.HK","SECURITY_CODE":"02376","SECURITY_NAME_ABBR":"鲁商服务","ORG_CODE":"10339404","STD_REPORT_DATE":"2023-12-31 00:00:00","REPORT_DATE":"2023-12-31 00:00:00","DATE_TYPE_CODE":"001","REPORT_TYPE":"2023年年报","PER_NETCASH_OPERATE":-0.044441560522,"PER_OI":4.65743110897,"BPS":3.897971625544,"BASIC_EPS":0.3,"DILUTED_EPS":0.3,"OPERATE_INCOME":621021864.07,"OPERATE_INCOME_YOY":-1.0692534639,"GROSS_PROFIT":117065767.47,"GROSS_PROFIT_YOY":-21.648847860025,"HOLDER_PROFIT":39431509.26,"HOLDER_PROFIT_YOY":-48.7088208892,"GROSS_PROFIT_RATIO":18.850506599363,"EPS_TTM":0.295721533373,"OPERATE_INCOME_QOQ":0.588838936577,"NET_PROFIT_RATIO":6.4829040118,"ROE_AVG":7.731809692335,"GROSS_PROFIT_QOQ":-13.438146223162,"ROA":4.487409206475,"HOLDER_PROFIT_QOQ":-40.814423054747,"ROE_YEARLY":7.731809692335,"ROIC_YEARLY":8.667016969028,"TOTAL_ASSETS":905682836.48,"TOTAL_LIABILITIES":377099429.55,"TAX_EBT":21.148356246001,"OCF_SALES":-0.954207576713,"TOTAL_PARENT_EQUITY":524633825.67,"DEBT_ASSET_RATIO":41.8624610713,"OPERATE_PROFIT":46481482.8,"PRETAX_PROFIT":51058227.1,"NETCASH_OPERATE":-5925837.68,"NETCASH_INVEST":-5573600.29,"NETCASH_FINANCE":-6249789.1,"END_CASH":411062310.58,"DIVI_RATIO":null,"DIVIDEND_RATE":null,"CURRENT_RATIO":2.126597469911,"COMMON_ACS":null,"CURRENTDEBT_DEBT":99.53833071769,"ISSUED_COMMON_SHARES":133340000,"HK_COMMON_SHARES":33340000,"PER_SHARES":500,"TOTAL_MARKET_CAP":168008400,"HKSK_MARKET_CAP":42008400,"PE_TTM":3.797958813563,"PB_TTM":0.283213160659,"REPORT_DATE_SQ":"2022-12-31 00:00:00","REPORT_TYPE_SQ":"2022年年报","OPERATE_INCOME_SQ":627733930.87,"DPS_HKD":null,"OPERATE_INCOME_QOQ_SQ":-1.479531860864,"NET_PROFIT_RATIO_SQ":12.4729582913,"HOLDER_PROFIT_SQ":76877759.38,"HOLDER_PROFIT_QOQ_SQ":-1.37384174474,"ROE_AVG_SQ":19.209872525767,"PE_TTM_SQ":3.224602697757,"PB_TTM_SQ":0.40107153444,"ROA_SQ":10.293885867469,"START_DATE":"2023-01-01 00:00:00","FISCAL_YEAR":"12-31","CURRENCY":"HKD","IS_CNY_CODE":0,"DPS_HKD_LY":0.1167,"ORG_TYPE":"一般企业","PREMIUM_INCOME":null,"PREMIUM_INCOME_YOY":null,"NET_INTEREST_INCOME":null,"NET_INTEREST_INCOME_YOY":null,"FEE_COMMISSION_INCOME":null,"FEE_COMMISSION_INCOME_YOY":null,"ACCOUNTS_RECE_TDAYS":2.078528215786,"INVENTORY_TDAYS":21.650373781792,"CURRENT_ASSETS_TDAYS":0.781747291668,"TOTAL_ASSETS_TDAYS":0.706739174469,"PREMIUM_EXPENSE":null,"LOAN_DEPOSIT":null,"LOAN_EQUITY":null,"LOAN_ASSETS":null,"DEPOSIT_EQUITY":null,"DEPOSIT_ASSETS":null,"EQUITY_MULTIPLIER":1.720059050361,"EQUITY_RATIO":0.718785962892},{"SECUCODE":"02376.HK","SECURITY_CODE":"02376","SECURITY_NAME_ABBR":"鲁商服务","ORG_CODE":"10339404","STD_REPORT_DATE":"2023-06-30 00:00:00","REPORT_DATE":"2023-06-30 00:00:00","DATE_TYPE_CODE":"002","REPORT_TYPE":"2023年中报","PER_NETCASH_OPERATE":-0.262642800285,"PER_OI":4.704230902805,"BPS":3.9769100099,"BASIC_EPS":0.16,"DILUTED_EPS":0.16,"OPERATE_INCOME":627262148.58,"OPERATE_INCOME_YOY":-3.1901285267,"GROSS_PROFIT":77821525.1,"GROSS_PROFIT_YOY":0.562392701258,"HOLDER_PROFIT":21219595.17,"HOLDER_PROFIT_YOY":-25.212165659,"GROSS_PROFIT_RATIO":21.631445903656,"EPS_TTM":0.499651348583,"OPERATE_INCOME_QOQ":-1.648396892633,"NET_PROFIT_RATIO":9.8072284835,"ROE_AVG":5.825262761291,"GROSS_PROFIT_QOQ":-6.538050207325,"ROA":3.399901085633,"HOLDER_PROFIT_QOQ":-13.185073597248,"ROE_YEARLY":11.650525522581,"ROIC_YEARLY":12.783272151552,"TOTAL_ASSETS":909006996.58,"TOTAL_LIABILITIES":374823784.67,"TAX_EBT":27.7024756684,"OCF_SALES":-11.152623698465,"TOTAL_PARENT_EQUITY":530281180.72,"DEBT_ASSET_RATIO":41.234422406,"OPERATE_PROFIT":28131641.77,"PRETAX_PROFIT":30430899.79,"NETCASH_OPERATE":-34296073.42,"NETCASH_INVEST":-3342836.92,"NETCASH_FINANCE":-1425127.77,"END_CASH":388478438.08,"DIVI_RATIO":null,"DIVIDEND_RATE":null,"CURRENT_RATIO":2.260486825399,"COMMON_ACS":null,"CURRENTDEBT_DEBT":99.542623771459,"ISSUED_COMMON_SHARES":133340000,"HK_COMMON_SHARES":33340000,"PER_SHARES":500,"TOTAL_MARKET_CAP":168008400,"HKSK_MARKET_CAP":42008400,"PE_TTM":3.797958813563,"PB_TTM":0.283213160659,"REPORT_DATE_SQ":"2022-06-30 00:00:00","REPORT_TYPE_SQ":"2022年中报","OPERATE_INCOME_SQ":324361468.93,"DPS_HKD":null,"OPERATE_INCOME_QOQ_SQ":9.326993855557,"NET_PROFIT_RATIO_SQ":12.5619294551,"HOLDER_PROFIT_SQ":40133359.89,"HOLDER_PROFIT_QOQ_SQ":2.639493470518,"ROE_AVG_SQ":12.578801959061,"PE_TTM_SQ":3.224602697757,"PB_TTM_SQ":0.40107153444,"ROA_SQ":5.93380488614,"START_DATE":"2023-01-01 00:00:00","FISCAL_YEAR":"12-31","CURRENCY":"HKD","IS_CNY_CODE":0,"DPS_HKD_LY":0.1167,"ORG_TYPE":"一般企业","PREMIUM_INCOME":null,"PREMIUM_INCOME_YOY":null,"NET_INTEREST_INCOME":null,"NET_INTEREST_INCOME_YOY":null,"FEE_COMMISSION_INCOME":null,"FEE_COMMISSION_INCOME_YOY":null,"ACCOUNTS_RECE_TDAYS":1.973940145498,"INVENTORY_TDAYS":5.686879927685,"CURRENT_ASSETS_TDAYS":0.38435491607,"TOTAL_ASSETS_TDAYS":0.35569577555,"PREMIUM_EXPENSE":null,"LOAN_DEPOSIT":null,"LOAN_EQUITY":null,"LOAN_ASSETS":null,"DEPOSIT_EQUITY":null,"DEPOSIT_ASSETS":null,"EQUITY_MULTIPLIER":1.701676459149,"EQUITY_RATIO":0.706839688637},{"SECUCODE":"02376.HK","SECURITY_CODE":"02376","SECURITY_NAME_ABBR":"鲁商服务","ORG_CODE":"10339404","STD_REPORT_DATE":"2022-12-31 00:00:00","REPORT_DATE":"2022-12-31 00:00:00","DATE_TYPE_CODE":"001","REPORT_TYPE":"2022年年报","PER_NETCASH_OPERATE":-0.031445927704,"PER_OI":4.70776909307,"BPS":3.750622468877,"BASIC_EPS":0.66,"DILUTED_EPS":0.66,"OPERATE_INCOME":627733930.87,"OPERATE_INCOME_YOY":7.7094661489,"GROSS_PROFIT":149411673.31,"GROSS_PROFIT_YOY":1.056938707736,"HOLDER_PROFIT":76877759.38,"HOLDER_PROFIT_YOY":1.2293892626,"GROSS_PROFIT_RATIO":23.051164983895,"EPS_TTM":0.575536223189,"OPERATE_INCOME_QOQ":-1.479531860864,"NET_PROFIT_RATIO":12.4729582913,"ROE_AVG":19.209872525767,"GROSS_PROFIT_QOQ":-7.163845867604,"ROA":10.293885867469,"HOLDER_PROFIT_QOQ":-1.37384174474,"ROE_YEARLY":19.209872525767,"ROIC_YEARLY":19.626256658918,"TOTAL_ASSETS":859237185.1,"TOTAL_LIABILITIES":355890511.25,"TAX_EBT":22.474046098382,"OCF_SALES":-0.667958084157,"TOTAL_PARENT_EQUITY":500225834.67,"DEBT_ASSET_RATIO":41.2543411645,"OPERATE_PROFIT":88016002.95,"PRETAX_PROFIT":101168859.45,"NETCASH_OPERATE":-4192246.93,"NETCASH_INVEST":-211553.81,"NETCASH_FINANCE":148423527.81,"END_CASH":428811504.41,"DIVI_RATIO":null,"DIVIDEND_RATE":null,"CURRENT_RATIO":2.248588534778,"COMMON_ACS":null,"CURRENTDEBT_DEBT":99.243174348611,"ISSUED_COMMON_SHARES":133340000,"HK_COMMON_SHARES":33340000,"PER_SHARES":500,"TOTAL_MARKET_CAP":168008400,"HKSK_MARKET_CAP":42008400,"PE_TTM":3.797958813563,"PB_TTM":0.283213160659,"REPORT_DATE_SQ":"2021-12-31 00:00:00","REPORT_TYPE_SQ":"2021年年报","OPERATE_INCOME_SQ":582803000,"DPS_HKD":null,"OPERATE_INCOME_QOQ_SQ":33.920130886263,"NET_PROFIT_RATIO_SQ":13.2149285436,"HOLDER_PROFIT_SQ":75810000,"HOLDER_PROFIT_QOQ_SQ":61.07853136155,"ROE_AVG_SQ":27.235201345055,"PE_TTM_SQ":3.224602697757,"PB_TTM_SQ":0.40107153444,"ROA_SQ":10.129961757089,"START_DATE":"2022-01-01 00:00:00","FISCAL_YEAR":"12-31","CURRENCY":"HKD","IS_CNY_CODE":0,"DPS_HKD_LY":null,"ORG_TYPE":"一般企业","PREMIUM_INCOME":null,"PREMIUM_INCOME_YOY":null,"NET_INTEREST_INCOME":null,"NET_INTEREST_INCOME_YOY":null,"FEE_COMMISSION_INCOME":null,"FEE_COMMISSION_INCOME_YOY":null,"ACCOUNTS_RECE_TDAYS":2.610695819749,"INVENTORY_TDAYS":11.315584187408,"CURRENT_ASSETS_TDAYS":0.925762363169,"TOTAL_ASSETS_TDAYS":0.842018992355,"PREMIUM_EXPENSE":null,"LOAN_DEPOSIT":null,"LOAN_EQUITY":null,"LOAN_ASSETS":null,"DEPOSIT_EQUITY":null,"DEPOSIT_ASSETS":null,"EQUITY_MULTIPLIER":1.702253442761,"EQUITY_RATIO":0.711459677977},{"SECUCODE":"02376.HK","SECURITY_CODE":"02376","SECURITY_NAME_ABBR":"鲁商服务","ORG_CODE":"10339404","STD_REPORT_DATE":"2022-06-30 00:00:00","REPORT_DATE":"2022-06-30 00:00:00","DATE_TYPE_CODE":"002","REPORT_TYPE":"2022年中报","PER_NETCASH_OPERATE":0.42186,"PER_OI":3.2436146893,"BPS":2.536095695215,"BASIC_EPS":0.4,"DILUTED_EPS":0.4,"OPERATE_INCOME":324361468.93,"OPERATE_INCOME_YOY":20.1323688996,"GROSS_PROFIT":77386310.14,"GROSS_PROFIT_YOY":14.63110124576,"HOLDER_PROFIT":40133359.89,"HOLDER_PROFIT_YOY":5.2567975831,"GROSS_PROFIT_RATIO":23.284550238777,"EPS_TTM":0.77811,"OPERATE_INCOME_QOQ":9.326993855557,"NET_PROFIT_RATIO":12.5619294551,"ROE_AVG":12.578801959061,"GROSS_PROFIT_QOQ":5.422424230127,"ROA":5.93380488614,"HOLDER_PROFIT_QOQ":2.639493470518,"ROE_YEARLY":25.157603918121,"ROIC_YEARLY":21.113704989909,"TOTAL_ASSETS":716036000,"TOTAL_LIABILITIES":375626000,"TAX_EBT":21.848330162765,"OCF_SALES":13.005879251821,"TOTAL_PARENT_EQUITY":338163000,"DEBT_ASSET_RATIO":52.4590942355,"OPERATE_PROFIT":50947674.93,"PRETAX_PROFIT":52223774.38,"NETCASH_OPERATE":44196689.39,"NETCASH_INVEST":631549.81,"NETCASH_FINANCE":-8233615.52,"END_CASH":312080186.08,"DIVI_RATIO":null,"DIVIDEND_RATE":null,"CURRENT_RATIO":1.742213026655,"COMMON_ACS":null,"CURRENTDEBT_DEBT":99.077273671152,"ISSUED_COMMON_SHARES":133340000,"HK_COMMON_SHARES":33340000,"PER_SHARES":500,"TOTAL_MARKET_CAP":168008400,"HKSK_MARKET_CAP":42008400,"PE_TTM":3.797958813563,"PB_TTM":0.283213160659,"REPORT_DATE_SQ":"2021-06-30 00:00:00","REPORT_TYPE_SQ":"2021年中报","OPERATE_INCOME_SQ":270003000,"DPS_HKD":null,"OPERATE_INCOME_QOQ_SQ":0,"NET_PROFIT_RATIO_SQ":14.4398395573,"HOLDER_PROFIT_SQ":38065000,"HOLDER_PROFIT_QOQ_SQ":0,"ROE_AVG_SQ":null,"PE_TTM_SQ":3.224602697757,"PB_TTM_SQ":0.40107153444,"ROA_SQ":null,"START_DATE":"2022-01-01 00:00:00","FISCAL_YEAR":"12-31","CURRENCY":"HKD","IS_CNY_CODE":0,"DPS_HKD_LY":null,"ORG_TYPE":"一般企业","PREMIUM_INCOME":null,"PREMIUM_INCOME_YOY":null,"NET_INTEREST_INCOME":null,"NET_INTEREST_INCOME_YOY":null,"FEE_COMMISSION_INCOME":null,"FEE_COMMISSION_INCOME_YOY":null,"ACCOUNTS_RECE_TDAYS":1.520778243958,"INVENTORY_TDAYS":5.880469331569,"CURRENT_ASSETS_TDAYS":0.534386308576,"TOTAL_ASSETS_TDAYS":0.480381092865,"PREMIUM_EXPENSE":null,"LOAN_DEPOSIT":null,"LOAN_EQUITY":null,"LOAN_ASSETS":null,"DEPOSIT_EQUITY":null,"DEPOSIT_ASSETS":null,"EQUITY_MULTIPLIER":2.103451719985,"EQUITY_RATIO":1.110783852757},{"SECUCODE":"02376.HK","SECURITY_CODE":"02376","SECURITY_NAME_ABBR":"鲁商服务","ORG_CODE":"10339404","STD_REPORT_DATE":"2021-12-31 00:00:00","REPORT_DATE":"2021-12-31 00:00:00","DATE_TYPE_CODE":"001","REPORT_TYPE":"2021年年报","PER_NETCASH_OPERATE":0.28996,"PER_OI":5.82803,"BPS":2.241465426729,"BASIC_EPS":0.76,"DILUTED_EPS":0.76,"OPERATE_INCOME":582803000,"OPERATE_INCOME_YOY":44.6721311475,"GROSS_PROFIT":147849000,"GROSS_PROFIT_YOY":85.690960927394,"HOLDER_PROFIT":75810000,"HOLDER_PROFIT_YOY":67.3436051388,"GROSS_PROFIT_RATIO":25.368606544579,"EPS_TTM":0.7581,"OPERATE_INCOME_QOQ":33.920130886263,"NET_PROFIT_RATIO":13.2149285436,"ROE_AVG":27.235201345055,"GROSS_PROFIT_QOQ":71.69184675949,"ROA":10.129961757089,"HOLDER_PROFIT_QOQ":61.07853136155,"ROE_YEARLY":27.235201345055,"ROIC_YEARLY":14.368703859895,"TOTAL_ASSETS":634396000,"TOTAL_LIABILITIES":333952000,"TAX_EBT":21.257757466082,"OCF_SALES":4.975266084766,"TOTAL_PARENT_EQUITY":298877000,"DEBT_ASSET_RATIO":52.6409372064,"OPERATE_PROFIT":94664000,"PRETAX_PROFIT":97809000,"NETCASH_OPERATE":28996000,"NETCASH_INVEST":255831000,"NETCASH_FINANCE":-173766000,"END_CASH":275486000,"DIVI_RATIO":null,"DIVIDEND_RATE":null,"CURRENT_RATIO":1.706046839933,"COMMON_ACS":null,"CURRENTDEBT_DEBT":99.269356075125,"ISSUED_COMMON_SHARES":133340000,"HK_COMMON_SHARES":33340000,"PER_SHARES":500,"TOTAL_MARKET_CAP":168008400,"HKSK_MARKET_CAP":42008400,"PE_TTM":3.797958813563,"PB_TTM":0.283213160659,"REPORT_DATE_SQ":"2020-12-31 00:00:00","REPORT_TYPE_SQ":"2020年年报","OPERATE_INCOME_SQ":402844000,"DPS_HKD":null,"OPERATE_INCOME_QOQ_SQ":25.439910320883,"NET_PROFIT_RATIO_SQ":11.2604382838,"HOLDER_PROFIT_SQ":45302000,"HOLDER_PROFIT_QOQ_SQ":56.570125112325,"ROE_AVG_SQ":24.179378515996,"PE_TTM_SQ":3.224602697757,"PB_TTM_SQ":0.40107153444,"ROA_SQ":7.519478406937,"START_DATE":"2021-01-01 00:00:00","FISCAL_YEAR":"12-31","CURRENCY":"HKD","IS_CNY_CODE":0,"DPS_HKD_LY":null,"ORG_TYPE":"一般企业","PREMIUM_INCOME":null,"PREMIUM_INCOME_YOY":null,"NET_INTEREST_INCOME":null,"NET_INTEREST_INCOME_YOY":null,"FEE_COMMISSION_INCOME":null,"FEE_COMMISSION_INCOME_YOY":null,"ACCOUNTS_RECE_TDAYS":2.247241571442,"INVENTORY_TDAYS":9.372089766104,"CURRENT_ASSETS_TDAYS":0.830879533067,"TOTAL_ASSETS_TDAYS":0.778759016214,"PREMIUM_EXPENSE":null,"LOAN_DEPOSIT":null,"LOAN_EQUITY":null,"LOAN_ASSETS":null,"DEPOSIT_EQUITY":null,"DEPOSIT_ASSETS":null,"EQUITY_MULTIPLIER":2.111528271491,"EQUITY_RATIO":1.117355969178},{"SECUCODE":"02376.HK","SECURITY_CODE":"02376","SECURITY_NAME_ABBR":"鲁商服务","ORG_CODE":"10339404","STD_REPORT_DATE":"2021-06-30 00:00:00","REPORT_DATE":"2021-06-30 00:00:00","DATE_TYPE_CODE":"002","REPORT_TYPE":"2021年中报","PER_NETCASH_OPERATE":null,"PER_OI":null,"BPS":null,"BASIC_EPS":0.38,"DILUTED_EPS":0.38,"OPERATE_INCOME":270003000,"OPERATE_INCOME_YOY":null,"GROSS_PROFIT":67509000,"GROSS_PROFIT_YOY":null,"HOLDER_PROFIT":38065000,"HOLDER_PROFIT_YOY":null,"GROSS_PROFIT_RATIO":25.003055521605,"EPS_TTM":0.47064,"OPERATE_INCOME_QOQ":0,"NET_PROFIT_RATIO":14.4398395573,"ROE_AVG":null,"GROSS_PROFIT_QOQ":0,"ROA":null,"HOLDER_PROFIT_QOQ":0,"ROE_YEARLY":null,"ROIC_YEARLY":null,"TOTAL_ASSETS":null,"TOTAL_LIABILITIES":null,"TAX_EBT":22.160996645903,"OCF_SALES":0.375921749018,"TOTAL_PARENT_EQUITY":null,"DEBT_ASSET_RATIO":null,"OPERATE_PROFIT":48539000,"PRETAX_PROFIT":50088000,"NETCASH_OPERATE":1015000,"NETCASH_INVEST":261991000,"NETCASH_FINANCE":-160190000,"END_CASH":267241000,"DIVI_RATIO":null,"DIVIDEND_RATE":null,"CURRENT_RATIO":null,"COMMON_ACS":null,"CURRENTDEBT_DEBT":null,"ISSUED_COMMON_SHARES":133340000,"HK_COMMON_SHARES":33340000,"PER_SHARES":500,"TOTAL_MARKET_CAP":168008400,"HKSK_MARKET_CAP":42008400,"PE_TTM":3.797958813563,"PB_TTM":0.283213160659,"REPORT_DATE_SQ":"2020-06-30 00:00:00","REPORT_TYPE_SQ":"2020年中报","OPERATE_INCOME_SQ":null,"DPS_HKD":null,"OPERATE_INCOME_QOQ_SQ":0,"NET_PROFIT_RATIO_SQ":null,"HOLDER_PROFIT_SQ":null,"HOLDER_PROFIT_QOQ_SQ":0,"ROE_AVG_SQ":null,"PE_TTM_SQ":3.224602697757,"PB_TTM_SQ":0.40107153444,"ROA_SQ":null,"START_DATE":"2021-01-01 00:00:00","FISCAL_YEAR":"12-31","CURRENCY":"HKD","IS_CNY_CODE":0,"DPS_HKD_LY":null,"ORG_TYPE":"一般企业","PREMIUM_INCOME":null,"PREMIUM_INCOME_YOY":null,"NET_INTEREST_INCOME":null,"NET_INTEREST_INCOME_YOY":null,"FEE_COMMISSION_INCOME":null,"FEE_COMMISSION_INCOME_YOY":null,"ACCOUNTS_RECE_TDAYS":null,"INVENTORY_TDAYS":null,"CURRENT_ASSETS_TDAYS":0.644950393117,"TOTAL_ASSETS_TDAYS":0.626201365568,"PREMIUM_EXPENSE":null,"LOAN_DEPOSIT":null,"LOAN_EQUITY":null,"LOAN_ASSETS":null,"DEPOSIT_EQUITY":null,"DEPOSIT_ASSETS":null,"EQUITY_MULTIPLIER":null,"EQUITY_RATIO":null},{"SECUCODE":"02376.HK","SECURITY_CODE":"02376","SECURITY_NAME_ABBR":"鲁商服务","ORG_CODE":"10339404","STD_REPORT_DATE":"2021-03-31 00:00:00","REPORT_DATE":"2021-03-31 00:00:00","DATE_TYPE_CODE":"003","REPORT_TYPE":"2021年一季报","PER_NETCASH_OPERATE":0.23739,"PER_OI":1.04183,"BPS":1.751949902505,"BASIC_EPS":null,"DILUTED_EPS":null,"OPERATE_INCOME":104183000,"OPERATE_INCOME_YOY":45.0208797327,"GROSS_PROFIT":23516000,"GROSS_PROFIT_YOY":38.134398496241,"HOLDER_PROFIT":12764000,"HOLDER_PROFIT_YOY":16.0152699509,"GROSS_PROFIT_RATIO":22.571820738508,"EPS_TTM":0.47064,"OPERATE_INCOME_QOQ":8.028666183436,"NET_PROFIT_RATIO":12.0345929758,"ROE_AVG":5.19459378065,"GROSS_PROFIT_QOQ":8.153627811758,"ROA":1.843248762046,"HOLDER_PROFIT_QOQ":3.889453004282,"ROE_YEARLY":20.7783751226,"ROIC_YEARLY":10.800439582291,"TOTAL_ASSETS":522594000,"TOTAL_LIABILITIES":289155000,"TAX_EBT":24.365084152742,"OCF_SALES":22.785867176027,"TOTAL_PARENT_EQUITY":233605000,"DEBT_ASSET_RATIO":55.3307156225,"OPERATE_PROFIT":null,"PRETAX_PROFIT":16577000,"NETCASH_OPERATE":23739000,"NETCASH_INVEST":239484000,"NETCASH_FINANCE":-151994000,"END_CASH":null,"DIVI_RATIO":null,"DIVIDEND_RATE":null,"CURRENT_RATIO":1.614760249693,"COMMON_ACS":null,"CURRENTDEBT_DEBT":100,"ISSUED_COMMON_SHARES":133340000,"HK_COMMON_SHARES":33340000,"PER_SHARES":500,"TOTAL_MARKET_CAP":168008400,"HKSK_MARKET_CAP":42008400,"PE_TTM":3.797958813563,"PB_TTM":0.283213160659,"REPORT_DATE_SQ":"2020-03-31 00:00:00","REPORT_TYPE_SQ":"2020年一季报","OPERATE_INCOME_SQ":71840000,"DPS_HKD":null,"OPERATE_INCOME_QOQ_SQ":0,"NET_PROFIT_RATIO_SQ":15.3145879733,"HOLDER_PROFIT_SQ":11002000,"HOLDER_PROFIT_QOQ_SQ":0,"ROE_AVG_SQ":null,"PE_TTM_SQ":3.224602697757,"PB_TTM_SQ":0.40107153444,"ROA_SQ":null,"START_DATE":"2021-01-01 00:00:00","FISCAL_YEAR":"12-31","CURRENCY":"HKD","IS_CNY_CODE":0,"DPS_HKD_LY":null,"ORG_TYPE":"一般企业","PREMIUM_INCOME":null,"PREMIUM_INCOME_YOY":null,"NET_INTEREST_INCOME":null,"NET_INTEREST_INCOME_YOY":null,"FEE_COMMISSION_INCOME":null,"FEE_COMMISSION_INCOME_YOY":null,"ACCOUNTS_RECE_TDAYS":0.494947575454,"INVENTORY_TDAYS":1.685971659073,"CURRENT_ASSETS_TDAYS":0.15976549591,"TOTAL_ASSETS_TDAYS":0.150450631288,"PREMIUM_EXPENSE":null,"LOAN_DEPOSIT":null,"LOAN_EQUITY":null,"LOAN_ASSETS":null,"DEPOSIT_EQUITY":null,"DEPOSIT_ASSETS":null,"EQUITY_MULTIPLIER":2.23867477157,"EQUITY_RATIO":1.237794567753},{"SECUCODE":"02376.HK","SECURITY_CODE":"02376","SECURITY_NAME_ABBR":"鲁商服务","ORG_CODE":"10339404","STD_REPORT_DATE":"2020-12-31 00:00:00","REPORT_DATE":"2020-12-31 00:00:00","DATE_TYPE_CODE":"001","REPORT_TYPE":"2020年年报","PER_NETCASH_OPERATE":0.18894,"PER_OI":4.02844,"BPS":1.933620818959,"BASIC_EPS":null,"DILUTED_EPS":null,"OPERATE_INCOME":402844000,"OPERATE_INCOME_YOY":25.4399103209,"GROSS_PROFIT":79621000,"GROSS_PROFIT_YOY":42.121985613052,"HOLDER_PROFIT":45302000,"HOLDER_PROFIT_YOY":56.5701251123,"GROSS_PROFIT_RATIO":19.764722820745,"EPS_TTM":0.45302,"OPERATE_INCOME_QOQ":25.439910320883,"NET_PROFIT_RATIO":11.2604382838,"ROE_AVG":24.179378515996,"GROSS_PROFIT_QOQ":42.121985613052,"ROA":7.519478406937,"HOLDER_PROFIT_QOQ":56.570125112325,"ROE_YEARLY":24.179378515996,"ROIC_YEARLY":9.284328724506,"TOTAL_ASSETS":862352000,"TOTAL_LIABILITIES":604463000,"TAX_EBT":22.970334018238,"OCF_SALES":4.690153012084,"TOTAL_PARENT_EQUITY":257829000,"DEBT_ASSET_RATIO":70.0946945099,"OPERATE_PROFIT":null,"PRETAX_PROFIT":58889000,"NETCASH_OPERATE":18894000,"NETCASH_INVEST":-123407000,"NETCASH_FINANCE":204380000,"END_CASH":164425000,"DIVI_RATIO":null,"DIVIDEND_RATE":null,"CURRENT_RATIO":1.385168322958,"COMMON_ACS":null,"CURRENTDEBT_DEBT":100,"ISSUED_COMMON_SHARES":133340000,"HK_COMMON_SHARES":33340000,"PER_SHARES":500,"TOTAL_MARKET_CAP":168008400,"HKSK_MARKET_CAP":42008400,"PE_TTM":3.797958813563,"PB_TTM":0.283213160659,"REPORT_DATE_SQ":"2019-12-31 00:00:00","REPORT_TYPE_SQ":"2019年年报","OPERATE_INCOME_SQ":321145000,"DPS_HKD":null,"OPERATE_INCOME_QOQ_SQ":13.867880708995,"NET_PROFIT_RATIO_SQ":9.0096373912,"HOLDER_PROFIT_SQ":28934000,"HOLDER_PROFIT_QOQ_SQ":18.262077985776,"ROE_AVG_SQ":28.485495867565,"PE_TTM_SQ":3.224602697757,"PB_TTM_SQ":0.40107153444,"ROA_SQ":9.276215391323,"START_DATE":"2020-01-01 00:00:00","FISCAL_YEAR":"12-31","CURRENCY":"HKD","IS_CNY_CODE":0,"DPS_HKD_LY":null,"ORG_TYPE":"一般企业","PREMIUM_INCOME":null,"PREMIUM_INCOME_YOY":null,"NET_INTEREST_INCOME":null,"NET_INTEREST_INCOME_YOY":null,"FEE_COMMISSION_INCOME":null,"FEE_COMMISSION_INCOME_YOY":null,"ACCOUNTS_RECE_TDAYS":1.998100325623,"INVENTORY_TDAYS":12.722309690624,"CURRENT_ASSETS_TDAYS":0.695643464679,"TOTAL_ASSETS_TDAYS":0.668662919819,"PREMIUM_EXPENSE":null,"LOAN_DEPOSIT":null,"LOAN_EQUITY":null,"LOAN_ASSETS":null,"DEPOSIT_EQUITY":null,"DEPOSIT_ASSETS":null,"EQUITY_MULTIPLIER":3.343888262004,"EQUITY_RATIO":2.344433713818}],"count":12},"success":true,"message":"ok","code":0}