{"version":"fe435726d611317c531a99e351c921be","result":{"pages":2,"data":[{"SECUCODE":"02372.HK","SECURITY_CODE":"02372","SECURITY_NAME_ABBR":"伟立控股","ORG_CODE":"10000237454","STD_REPORT_DATE":"2024-06-30 00:00:00","REPORT_DATE":"2024-06-30 00:00:00","DATE_TYPE_CODE":"002","REPORT_TYPE":"2024年中报","PER_NETCASH_OPERATE":-0.02060625,"PER_OI":0.07132625,"BPS":0.27243375,"BASIC_EPS":-0.003,"DILUTED_EPS":-0.003,"OPERATE_INCOME":57061000,"OPERATE_INCOME_YOY":-10.3251559774,"GROSS_PROFIT":5027000,"GROSS_PROFIT_YOY":-3.364090734333,"HOLDER_PROFIT":-2263000,"HOLDER_PROFIT_YOY":41.433747412,"GROSS_PROFIT_RATIO":8.809870138974,"EPS_TTM":-0.00119875,"OPERATE_INCOME_QOQ":-3.440799396682,"NET_PROFIT_RATIO":-3.9659311964,"ROE_AVG":-1.032963070315,"GROSS_PROFIT_QOQ":-0.994487696766,"ROA":-0.670736135131,"HOLDER_PROFIT_QOQ":62.5390625,"ROE_YEARLY":-2.06592614063,"ROIC_YEARLY":-1.766278366407,"TOTAL_ASSETS":309645000,"TOTAL_LIABILITIES":91698000,"TAX_EBT":27.281491002571,"OCF_SALES":-28.890135118557,"TOTAL_PARENT_EQUITY":217947000,"DEBT_ASSET_RATIO":29.6139127065,"OPERATE_PROFIT":-3273000,"PRETAX_PROFIT":-3112000,"NETCASH_OPERATE":-16485000,"NETCASH_INVEST":-844000,"NETCASH_FINANCE":-10650000,"END_CASH":67168000,"DIVI_RATIO":null,"DIVIDEND_RATE":null,"CURRENT_RATIO":2.925900860921,"COMMON_ACS":10000000000,"CURRENTDEBT_DEBT":98.296582259155,"ISSUED_COMMON_SHARES":800000000,"HK_COMMON_SHARES":800000000,"PER_SHARES":4000,"TOTAL_MARKET_CAP":183200000,"HKSK_MARKET_CAP":183200000,"PE_TTM":-164.533403927719,"PB_TTM":0.76717264289,"REPORT_DATE_SQ":"2023-06-30 00:00:00","REPORT_TYPE_SQ":"2023年中报","OPERATE_INCOME_SQ":63631000,"DPS_HKD":null,"OPERATE_INCOME_QOQ_SQ":-45.64544819042,"NET_PROFIT_RATIO_SQ":-6.072511826,"HOLDER_PROFIT_SQ":-3864000,"HOLDER_PROFIT_QOQ_SQ":-95.50336646361,"ROE_AVG_SQ":-1.749698874288,"PE_TTM_SQ":606.850190554958,"PB_TTM_SQ":1.01082291029,"ROA_SQ":-1.199552961629,"START_DATE":"2024-01-01 00:00:00","FISCAL_YEAR":"12-31","CURRENCY":"HKD","IS_CNY_CODE":0,"DPS_HKD_LY":null,"ORG_TYPE":"一般企业","PREMIUM_INCOME":null,"PREMIUM_INCOME_YOY":null,"NET_INTEREST_INCOME":null,"NET_INTEREST_INCOME_YOY":null,"FEE_COMMISSION_INCOME":null,"FEE_COMMISSION_INCOME_YOY":null,"ACCOUNTS_RECE_TDAYS":0.400284810349,"INVENTORY_TDAYS":0.959514655308,"CURRENT_ASSETS_TDAYS":0.19581002711,"TOTAL_ASSETS_TDAYS":0.169124501134,"PREMIUM_EXPENSE":null,"LOAN_DEPOSIT":null,"LOAN_EQUITY":null,"LOAN_ASSETS":null,"DEPOSIT_EQUITY":null,"DEPOSIT_ASSETS":null,"EQUITY_MULTIPLIER":1.420735316385,"EQUITY_RATIO":0.420735316384},{"SECUCODE":"02372.HK","SECURITY_CODE":"02372","SECURITY_NAME_ABBR":"伟立控股","ORG_CODE":"10000237454","STD_REPORT_DATE":"2023-12-31 00:00:00","REPORT_DATE":"2023-12-31 00:00:00","DATE_TYPE_CODE":"001","REPORT_TYPE":"2023年年报","PER_NETCASH_OPERATE":-0.0280675,"PER_OI":0.23868,"BPS":0.2752625,"BASIC_EPS":-0.003,"DILUTED_EPS":-0.003,"OPERATE_INCOME":190944000,"OPERATE_INCOME_YOY":-33.9207231401,"GROSS_PROFIT":17597000,"GROSS_PROFIT_YOY":-70.885175380543,"HOLDER_PROFIT":-2560000,"HOLDER_PROFIT_YOY":-110.2596986214,"GROSS_PROFIT_RATIO":9.215791017262,"EPS_TTM":-0.0032,"OPERATE_INCOME_QOQ":21.570824631997,"NET_PROFIT_RATIO":-1.3407072231,"ROE_AVG":-1.155808388641,"GROSS_PROFIT_QOQ":-19.109129355521,"ROA":-0.744285573071,"HOLDER_PROFIT_QOQ":-328.163992869875,"ROE_YEARLY":-1.155808388641,"ROIC_YEARLY":-1.061128900219,"TOTAL_ASSETS":365136000,"TOTAL_LIABILITIES":144926000,"TAX_EBT":34.257832562917,"OCF_SALES":-11.759468744763,"TOTAL_PARENT_EQUITY":220210000,"DEBT_ASSET_RATIO":39.6909644626,"OPERATE_PROFIT":-4934000,"PRETAX_PROFIT":-3894000,"NETCASH_OPERATE":-22454000,"NETCASH_INVEST":-22228000,"NETCASH_FINANCE":29426000,"END_CASH":95123000,"DIVI_RATIO":null,"DIVIDEND_RATE":null,"CURRENT_RATIO":2.226081678782,"COMMON_ACS":10000000000,"CURRENTDEBT_DEBT":98.907028414501,"ISSUED_COMMON_SHARES":800000000,"HK_COMMON_SHARES":800000000,"PER_SHARES":4000,"TOTAL_MARKET_CAP":180800000,"HKSK_MARKET_CAP":180800000,"PE_TTM":-162.377944487617,"PB_TTM":0.757122346258,"REPORT_DATE_SQ":"2022-12-31 00:00:00","REPORT_TYPE_SQ":"2022年年报","OPERATE_INCOME_SQ":288962000,"DPS_HKD":null,"OPERATE_INCOME_QOQ_SQ":-19.248041717085,"NET_PROFIT_RATIO_SQ":8.6350454385,"HOLDER_PROFIT_SQ":24952000,"HOLDER_PROFIT_QOQ_SQ":-18.955437183318,"ROE_AVG_SQ":15.413553574021,"PE_TTM_SQ":657.421039767872,"PB_TTM_SQ":1.095058152814,"ROA_SQ":8.094754565303,"START_DATE":"2023-01-01 00:00:00","FISCAL_YEAR":"12-31","CURRENCY":"HKD","IS_CNY_CODE":0,"DPS_HKD_LY":null,"ORG_TYPE":"一般企业","PREMIUM_INCOME":null,"PREMIUM_INCOME_YOY":null,"NET_INTEREST_INCOME":null,"NET_INTEREST_INCOME_YOY":null,"FEE_COMMISSION_INCOME":null,"FEE_COMMISSION_INCOME_YOY":null,"ACCOUNTS_RECE_TDAYS":1.437598581555,"INVENTORY_TDAYS":3.056080533126,"CURRENT_ASSETS_TDAYS":0.619845415207,"TOTAL_ASSETS_TDAYS":0.555144001814,"PREMIUM_EXPENSE":null,"LOAN_DEPOSIT":null,"LOAN_EQUITY":null,"LOAN_ASSETS":null,"DEPOSIT_EQUITY":null,"DEPOSIT_ASSETS":null,"EQUITY_MULTIPLIER":1.658126333955,"EQUITY_RATIO":0.658126333954},{"SECUCODE":"02372.HK","SECURITY_CODE":"02372","SECURITY_NAME_ABBR":"伟立控股","ORG_CODE":"10000237454","STD_REPORT_DATE":"2023-06-30 00:00:00","REPORT_DATE":"2023-06-30 00:00:00","DATE_TYPE_CODE":"002","REPORT_TYPE":"2023年中报","PER_NETCASH_OPERATE":-0.008935,"PER_OI":0.07953875,"BPS":0.2736325,"BASIC_EPS":-0.005,"DILUTED_EPS":-0.005,"OPERATE_INCOME":63631000,"OPERATE_INCOME_YOY":-67.4570012632,"GROSS_PROFIT":5202000,"GROSS_PROFIT_YOY":-88.147101713452,"HOLDER_PROFIT":-3864000,"HOLDER_PROFIT_YOY":-119.3528999299,"GROSS_PROFIT_RATIO":8.175260486241,"EPS_TTM":0.0014025,"OPERATE_INCOME_QOQ":-45.64544819042,"NET_PROFIT_RATIO":-6.072511826,"ROE_AVG":-1.749698874288,"GROSS_PROFIT_QOQ":-64.007279947055,"ROA":-1.199552961629,"HOLDER_PROFIT_QOQ":-95.50336646361,"ROE_YEARLY":-3.499397748576,"ROIC_YEARLY":-3.585554779696,"TOTAL_ASSETS":321468000,"TOTAL_LIABILITIES":102562000,"TAX_EBT":-2.985074626866,"OCF_SALES":-11.233518253681,"TOTAL_PARENT_EQUITY":218906000,"DEBT_ASSET_RATIO":31.904264188,"OPERATE_PROFIT":-4765000,"PRETAX_PROFIT":-3752000,"NETCASH_OPERATE":-7148000,"NETCASH_INVEST":-419000,"NETCASH_FINANCE":null,"END_CASH":102897000,"DIVI_RATIO":null,"DIVIDEND_RATE":null,"CURRENT_RATIO":2.941569182919,"COMMON_ACS":10000000000,"CURRENTDEBT_DEBT":98.435092919405,"ISSUED_COMMON_SHARES":800000000,"HK_COMMON_SHARES":800000000,"PER_SHARES":4000,"TOTAL_MARKET_CAP":180800000,"HKSK_MARKET_CAP":180800000,"PE_TTM":-162.377944487617,"PB_TTM":0.757122346258,"REPORT_DATE_SQ":"2022-06-30 00:00:00","REPORT_TYPE_SQ":"2022年中报","OPERATE_INCOME_SQ":195529000,"DPS_HKD":null,"OPERATE_INCOME_QOQ_SQ":-3.367979887176,"NET_PROFIT_RATIO_SQ":10.2112730081,"HOLDER_PROFIT_SQ":19966000,"HOLDER_PROFIT_QOQ_SQ":-13.727687953597,"ROE_AVG_SQ":12.512886719081,"PE_TTM_SQ":657.421039767872,"PB_TTM_SQ":1.095058152814,"ROA_SQ":5.900257689307,"START_DATE":"2023-01-01 00:00:00","FISCAL_YEAR":"12-31","CURRENCY":"HKD","IS_CNY_CODE":0,"DPS_HKD_LY":null,"ORG_TYPE":"一般企业","PREMIUM_INCOME":null,"PREMIUM_INCOME_YOY":null,"NET_INTEREST_INCOME":null,"NET_INTEREST_INCOME_YOY":null,"FEE_COMMISSION_INCOME":null,"FEE_COMMISSION_INCOME_YOY":null,"ACCOUNTS_RECE_TDAYS":0.559782178392,"INVENTORY_TDAYS":0.91504056128,"CURRENT_ASSETS_TDAYS":0.214251923035,"TOTAL_ASSETS_TDAYS":0.197538184528,"PREMIUM_EXPENSE":null,"LOAN_DEPOSIT":null,"LOAN_EQUITY":null,"LOAN_ASSETS":null,"DEPOSIT_EQUITY":null,"DEPOSIT_ASSETS":null,"EQUITY_MULTIPLIER":1.468520734927,"EQUITY_RATIO":0.468520734927},{"SECUCODE":"02372.HK","SECURITY_CODE":"02372","SECURITY_NAME_ABBR":"伟立控股","ORG_CODE":"10000237454","STD_REPORT_DATE":"2022-12-31 00:00:00","REPORT_DATE":"2022-12-31 00:00:00","DATE_TYPE_CODE":"001","REPORT_TYPE":"2022年年报","PER_NETCASH_OPERATE":0.01272375,"PER_OI":0.3612025,"BPS":0.2784625,"BASIC_EPS":0.036,"DILUTED_EPS":0.036,"OPERATE_INCOME":288962000,"OPERATE_INCOME_YOY":-21.9677514306,"GROSS_PROFIT":60440000,"GROSS_PROFIT_YOY":-26.102532125347,"HOLDER_PROFIT":24952000,"HOLDER_PROFIT_YOY":-30.0809818701,"GROSS_PROFIT_RATIO":20.916245042601,"EPS_TTM":0.03119,"OPERATE_INCOME_QOQ":-19.248041717085,"NET_PROFIT_RATIO":8.6350454385,"ROE_AVG":15.413553574021,"GROSS_PROFIT_QOQ":-19.209741882878,"ROA":8.094754565303,"HOLDER_PROFIT_QOQ":-18.955437183318,"ROE_YEARLY":15.413553574021,"ROIC_YEARLY":11.148244124743,"TOTAL_ASSETS":322772000,"TOTAL_LIABILITIES":100002000,"TAX_EBT":13.928941014143,"OCF_SALES":3.522608509077,"TOTAL_PARENT_EQUITY":222770000,"DEBT_ASSET_RATIO":30.9822413344,"OPERATE_PROFIT":28052000,"PRETAX_PROFIT":28990000,"NETCASH_OPERATE":10179000,"NETCASH_INVEST":-389000,"NETCASH_FINANCE":41535000,"END_CASH":110280000,"DIVI_RATIO":null,"DIVIDEND_RATE":null,"CURRENT_RATIO":3.019140847361,"COMMON_ACS":10000000000,"CURRENTDEBT_DEBT":98.37403251935,"ISSUED_COMMON_SHARES":800000000,"HK_COMMON_SHARES":800000000,"PER_SHARES":4000,"TOTAL_MARKET_CAP":180800000,"HKSK_MARKET_CAP":180800000,"PE_TTM":-162.377944487617,"PB_TTM":0.757122346258,"REPORT_DATE_SQ":"2021-12-31 00:00:00","REPORT_TYPE_SQ":"2021年年报","OPERATE_INCOME_SQ":370311000,"DPS_HKD":null,"OPERATE_INCOME_QOQ_SQ":-3.907174441054,"NET_PROFIT_RATIO_SQ":9.6370348167,"HOLDER_PROFIT_SQ":35687000,"HOLDER_PROFIT_QOQ_SQ":-34.445893568949,"ROE_AVG_SQ":34.956582214625,"PE_TTM_SQ":657.421039767872,"PB_TTM_SQ":1.095058152814,"ROA_SQ":11.487922021066,"START_DATE":"2022-01-01 00:00:00","FISCAL_YEAR":"12-31","CURRENCY":"HKD","IS_CNY_CODE":0,"DPS_HKD_LY":null,"ORG_TYPE":"一般企业","PREMIUM_INCOME":null,"PREMIUM_INCOME_YOY":null,"NET_INTEREST_INCOME":null,"NET_INTEREST_INCOME_YOY":null,"FEE_COMMISSION_INCOME":null,"FEE_COMMISSION_INCOME_YOY":null,"ACCOUNTS_RECE_TDAYS":2.214573657669,"INVENTORY_TDAYS":4.319192568302,"CURRENT_ASSETS_TDAYS":1.028096703609,"TOTAL_ASSETS_TDAYS":0.937430453951,"PREMIUM_EXPENSE":null,"LOAN_DEPOSIT":null,"LOAN_EQUITY":null,"LOAN_ASSETS":null,"DEPOSIT_EQUITY":null,"DEPOSIT_ASSETS":null,"EQUITY_MULTIPLIER":1.448902455446,"EQUITY_RATIO":0.448902455447},{"SECUCODE":"02372.HK","SECURITY_CODE":"02372","SECURITY_NAME_ABBR":"伟立控股","ORG_CODE":"10000237454","STD_REPORT_DATE":"2022-06-30 00:00:00","REPORT_DATE":"2022-06-30 00:00:00","DATE_TYPE_CODE":"002","REPORT_TYPE":"2022年中报","PER_NETCASH_OPERATE":0.0297525,"PER_OI":0.24441125,"BPS":0.2726625,"BASIC_EPS":0.033,"DILUTED_EPS":0.033,"OPERATE_INCOME":195529000,"OPERATE_INCOME_YOY":-5.9961250186,"GROSS_PROFIT":43888000,"GROSS_PROFIT_YOY":-13.718397357764,"HOLDER_PROFIT":19966000,"HOLDER_PROFIT_YOY":-19.7023929218,"GROSS_PROFIT_RATIO":22.445775306988,"EPS_TTM":0.038485,"OPERATE_INCOME_QOQ":-3.367979887176,"NET_PROFIT_RATIO":10.2112730081,"ROE_AVG":12.512886719081,"GROSS_PROFIT_QOQ":-8.531709643106,"ROA":5.900257689307,"HOLDER_PROFIT_QOQ":-13.727687953597,"ROE_YEARLY":25.025773438161,"ROIC_YEARLY":13.955382058814,"TOTAL_ASSETS":383058000,"TOTAL_LIABILITIES":164928000,"TAX_EBT":15.559314865722,"OCF_SALES":12.173130328494,"TOTAL_PARENT_EQUITY":218130000,"DEBT_ASSET_RATIO":43.0556208198,"OPERATE_PROFIT":23590000,"PRETAX_PROFIT":23645000,"NETCASH_OPERATE":23802000,"NETCASH_INVEST":168000,"NETCASH_FINANCE":-35921000,"END_CASH":45925000,"DIVI_RATIO":null,"DIVIDEND_RATE":null,"CURRENT_RATIO":2.180302668406,"COMMON_ACS":10000000000,"CURRENTDEBT_DEBT":99.00138242142,"ISSUED_COMMON_SHARES":800000000,"HK_COMMON_SHARES":800000000,"PER_SHARES":4000,"TOTAL_MARKET_CAP":180800000,"HKSK_MARKET_CAP":180800000,"PE_TTM":-162.377944487617,"PB_TTM":0.757122346258,"REPORT_DATE_SQ":"2021-06-30 00:00:00","REPORT_TYPE_SQ":"2021年中报","OPERATE_INCOME_SQ":208001000,"DPS_HKD":null,"OPERATE_INCOME_QOQ_SQ":0,"NET_PROFIT_RATIO_SQ":11.9542694506,"HOLDER_PROFIT_SQ":24865000,"HOLDER_PROFIT_QOQ_SQ":0,"ROE_AVG_SQ":null,"PE_TTM_SQ":657.421039767872,"PB_TTM_SQ":1.095058152814,"ROA_SQ":null,"START_DATE":"2022-01-01 00:00:00","FISCAL_YEAR":"12-31","CURRENCY":"HKD","IS_CNY_CODE":0,"DPS_HKD_LY":null,"ORG_TYPE":"一般企业","PREMIUM_INCOME":null,"PREMIUM_INCOME_YOY":null,"NET_INTEREST_INCOME":null,"NET_INTEREST_INCOME_YOY":null,"FEE_COMMISSION_INCOME":null,"FEE_COMMISSION_INCOME_YOY":null,"ACCOUNTS_RECE_TDAYS":1.299424815665,"INVENTORY_TDAYS":3.407586346374,"CURRENT_ASSETS_TDAYS":0.629600351622,"TOTAL_ASSETS_TDAYS":0.577818033523,"PREMIUM_EXPENSE":null,"LOAN_DEPOSIT":null,"LOAN_EQUITY":null,"LOAN_ASSETS":null,"DEPOSIT_EQUITY":null,"DEPOSIT_ASSETS":null,"EQUITY_MULTIPLIER":1.756099573648,"EQUITY_RATIO":0.756099573649},{"SECUCODE":"02372.HK","SECURITY_CODE":"02372","SECURITY_NAME_ABBR":"伟立控股","ORG_CODE":"10000237454","STD_REPORT_DATE":"2021-12-31 00:00:00","REPORT_DATE":"2021-12-31 00:00:00","DATE_TYPE_CODE":"001","REPORT_TYPE":"2021年年报","PER_NETCASH_OPERATE":null,"PER_OI":null,"BPS":0.12624625,"BASIC_EPS":0.059,"DILUTED_EPS":0.059,"OPERATE_INCOME":370311000,"OPERATE_INCOME_YOY":16.3234342508,"GROSS_PROFIT":81789000,"GROSS_PROFIT_YOY":16.65810868635,"HOLDER_PROFIT":35687000,"HOLDER_PROFIT_YOY":-15.3754950084,"GROSS_PROFIT_RATIO":22.086570477248,"EPS_TTM":null,"OPERATE_INCOME_QOQ":-3.907174441054,"NET_PROFIT_RATIO":9.6370348167,"ROE_AVG":34.956582214625,"GROSS_PROFIT_QOQ":-7.83922655669,"ROA":11.487922021066,"HOLDER_PROFIT_QOQ":-34.445893568949,"ROE_YEARLY":34.956582214625,"ROIC_YEARLY":13.590931508362,"TOTAL_ASSETS":293726000,"TOTAL_LIABILITIES":192729000,"TAX_EBT":15.168298944566,"OCF_SALES":7.730799247119,"TOTAL_PARENT_EQUITY":100997000,"DEBT_ASSET_RATIO":65.6152332446,"OPERATE_PROFIT":41823000,"PRETAX_PROFIT":42068000,"NETCASH_OPERATE":28628000,"NETCASH_INVEST":37000,"NETCASH_FINANCE":-7687000,"END_CASH":58578000,"DIVI_RATIO":null,"DIVIDEND_RATE":null,"CURRENT_RATIO":1.387614426806,"COMMON_ACS":10000000000,"CURRENTDEBT_DEBT":99.134536058403,"ISSUED_COMMON_SHARES":800000000,"HK_COMMON_SHARES":800000000,"PER_SHARES":4000,"TOTAL_MARKET_CAP":180800000,"HKSK_MARKET_CAP":180800000,"PE_TTM":-162.377944487617,"PB_TTM":0.757122346258,"REPORT_DATE_SQ":"2020-12-31 00:00:00","REPORT_TYPE_SQ":"2020年年报","OPERATE_INCOME_SQ":318346000,"DPS_HKD":null,"OPERATE_INCOME_QOQ_SQ":1.773017902813,"NET_PROFIT_RATIO_SQ":13.2469074529,"HOLDER_PROFIT_SQ":42171000,"HOLDER_PROFIT_QOQ_SQ":22.958276234073,"ROE_AVG_SQ":41.408463151073,"PE_TTM_SQ":657.421039767872,"PB_TTM_SQ":1.095058152814,"ROA_SQ":13.553313685726,"START_DATE":"2021-01-01 00:00:00","FISCAL_YEAR":"12-31","CURRENCY":"HKD","IS_CNY_CODE":0,"DPS_HKD_LY":null,"ORG_TYPE":"一般企业","PREMIUM_INCOME":null,"PREMIUM_INCOME_YOY":null,"NET_INTEREST_INCOME":null,"NET_INTEREST_INCOME_YOY":null,"FEE_COMMISSION_INCOME":null,"FEE_COMMISSION_INCOME_YOY":null,"ACCOUNTS_RECE_TDAYS":2.496013103174,"INVENTORY_TDAYS":6.592001096679,"CURRENT_ASSETS_TDAYS":1.32059141338,"TOTAL_ASSETS_TDAYS":1.192059823337,"PREMIUM_EXPENSE":null,"LOAN_DEPOSIT":null,"LOAN_EQUITY":null,"LOAN_ASSETS":null,"DEPOSIT_EQUITY":null,"DEPOSIT_ASSETS":null,"EQUITY_MULTIPLIER":2.90826460192,"EQUITY_RATIO":1.908264601919},{"SECUCODE":"02372.HK","SECURITY_CODE":"02372","SECURITY_NAME_ABBR":"伟立控股","ORG_CODE":"10000237454","STD_REPORT_DATE":"2021-06-30 00:00:00","REPORT_DATE":"2021-06-30 00:00:00","DATE_TYPE_CODE":"002","REPORT_TYPE":"2021年中报","PER_NETCASH_OPERATE":null,"PER_OI":null,"BPS":null,"BASIC_EPS":0.04,"DILUTED_EPS":0.04,"OPERATE_INCOME":208001000,"OPERATE_INCOME_YOY":null,"GROSS_PROFIT":50866000,"GROSS_PROFIT_YOY":null,"HOLDER_PROFIT":24865000,"HOLDER_PROFIT_YOY":null,"GROSS_PROFIT_RATIO":24.454690121682,"EPS_TTM":0.007668459003,"OPERATE_INCOME_QOQ":0,"NET_PROFIT_RATIO":11.9542694506,"ROE_AVG":null,"GROSS_PROFIT_QOQ":0,"ROA":null,"HOLDER_PROFIT_QOQ":0,"ROE_YEARLY":null,"ROIC_YEARLY":null,"TOTAL_ASSETS":null,"TOTAL_LIABILITIES":null,"TAX_EBT":15.86017866811,"OCF_SALES":-6.507180253941,"TOTAL_PARENT_EQUITY":null,"DEBT_ASSET_RATIO":null,"OPERATE_PROFIT":29548000,"PRETAX_PROFIT":29552000,"NETCASH_OPERATE":-13535000,"NETCASH_INVEST":1000,"NETCASH_FINANCE":-17863000,"END_CASH":6112000,"DIVI_RATIO":null,"DIVIDEND_RATE":null,"CURRENT_RATIO":null,"COMMON_ACS":10000000000,"CURRENTDEBT_DEBT":null,"ISSUED_COMMON_SHARES":800000000,"HK_COMMON_SHARES":800000000,"PER_SHARES":4000,"TOTAL_MARKET_CAP":180800000,"HKSK_MARKET_CAP":180800000,"PE_TTM":-162.377944487617,"PB_TTM":0.757122346258,"REPORT_DATE_SQ":"2020-06-30 00:00:00","REPORT_TYPE_SQ":"2020年中报","OPERATE_INCOME_SQ":null,"DPS_HKD":null,"OPERATE_INCOME_QOQ_SQ":0,"NET_PROFIT_RATIO_SQ":null,"HOLDER_PROFIT_SQ":null,"HOLDER_PROFIT_QOQ_SQ":0,"ROE_AVG_SQ":null,"PE_TTM_SQ":657.421039767872,"PB_TTM_SQ":1.095058152814,"ROA_SQ":null,"START_DATE":"2021-01-01 00:00:00","FISCAL_YEAR":"12-31","CURRENCY":"HKD","IS_CNY_CODE":0,"DPS_HKD_LY":null,"ORG_TYPE":"一般企业","PREMIUM_INCOME":null,"PREMIUM_INCOME_YOY":null,"NET_INTEREST_INCOME":null,"NET_INTEREST_INCOME_YOY":null,"FEE_COMMISSION_INCOME":null,"FEE_COMMISSION_INCOME_YOY":null,"ACCOUNTS_RECE_TDAYS":null,"INVENTORY_TDAYS":null,"CURRENT_ASSETS_TDAYS":1.406804708715,"TOTAL_ASSETS_TDAYS":1.269963671887,"PREMIUM_EXPENSE":null,"LOAN_DEPOSIT":null,"LOAN_EQUITY":null,"LOAN_ASSETS":null,"DEPOSIT_EQUITY":null,"DEPOSIT_ASSETS":null,"EQUITY_MULTIPLIER":null,"EQUITY_RATIO":null},{"SECUCODE":"02372.HK","SECURITY_CODE":"02372","SECURITY_NAME_ABBR":"伟立控股","ORG_CODE":"10000237454","STD_REPORT_DATE":"2021-03-31 00:00:00","REPORT_DATE":"2021-03-31 00:00:00","DATE_TYPE_CODE":"003","REPORT_TYPE":"2021年一季报","PER_NETCASH_OPERATE":-0.003685689117,"PER_OI":0.014433420587,"BPS":0.10120625,"BASIC_EPS":null,"DILUTED_EPS":null,"OPERATE_INCOME":102464000,"OPERATE_INCOME_YOY":189.1033237402,"GROSS_PROFIT":24693000,"GROSS_PROFIT_YOY":307.677067855374,"HOLDER_PROFIT":15655000,"HOLDER_PROFIT_YOY":362.2084440508,"GROSS_PROFIT_RATIO":24.099195815116,"EPS_TTM":0.007668459003,"OPERATE_INCOME_QOQ":21.053193694911,"NET_PROFIT_RATIO":15.278536852,"ROE_AVG":17.002720652522,"GROSS_PROFIT_QOQ":26.5810868635,"ROA":4.481807953599,"HOLDER_PROFIT_QOQ":29.091081548932,"ROE_YEARLY":68.010882610089,"ROIC_YEARLY":19.269055963961,"TOTAL_ASSETS":371032000,"TOTAL_LIABILITIES":290067000,"TAX_EBT":12.872885129118,"OCF_SALES":-25.535797938788,"TOTAL_PARENT_EQUITY":80965000,"DEBT_ASSET_RATIO":78.178432049,"OPERATE_PROFIT":null,"PRETAX_PROFIT":17968000,"NETCASH_OPERATE":-26165000,"NETCASH_INVEST":-9000,"NETCASH_FINANCE":-296000,"END_CASH":11089000,"DIVI_RATIO":null,"DIVIDEND_RATE":null,"CURRENT_RATIO":1.178688342673,"COMMON_ACS":10000000000,"CURRENTDEBT_DEBT":99.41427325411,"ISSUED_COMMON_SHARES":800000000,"HK_COMMON_SHARES":800000000,"PER_SHARES":4000,"TOTAL_MARKET_CAP":180800000,"HKSK_MARKET_CAP":180800000,"PE_TTM":-162.377944487617,"PB_TTM":0.757122346258,"REPORT_DATE_SQ":"2020-03-31 00:00:00","REPORT_TYPE_SQ":"2020年一季报","OPERATE_INCOME_SQ":35442000,"DPS_HKD":null,"OPERATE_INCOME_QOQ_SQ":0,"NET_PROFIT_RATIO_SQ":9.5564584391,"HOLDER_PROFIT_SQ":3387000,"HOLDER_PROFIT_QOQ_SQ":0,"ROE_AVG_SQ":null,"PE_TTM_SQ":657.421039767872,"PB_TTM_SQ":1.095058152814,"ROA_SQ":null,"START_DATE":"2021-01-01 00:00:00","FISCAL_YEAR":"12-31","CURRENCY":"HKD","IS_CNY_CODE":0,"DPS_HKD_LY":null,"ORG_TYPE":"一般企业","PREMIUM_INCOME":null,"PREMIUM_INCOME_YOY":null,"NET_INTEREST_INCOME":null,"NET_INTEREST_INCOME_YOY":null,"FEE_COMMISSION_INCOME":null,"FEE_COMMISSION_INCOME_YOY":null,"ACCOUNTS_RECE_TDAYS":0.557511915903,"INVENTORY_TDAYS":2.029938400501,"CURRENT_ASSETS_TDAYS":0.32241509244,"TOTAL_ASSETS_TDAYS":0.293340127855,"PREMIUM_EXPENSE":null,"LOAN_DEPOSIT":null,"LOAN_EQUITY":null,"LOAN_ASSETS":null,"DEPOSIT_EQUITY":null,"DEPOSIT_ASSETS":null,"EQUITY_MULTIPLIER":4.582622120672,"EQUITY_RATIO":3.582622120669},{"SECUCODE":"02372.HK","SECURITY_CODE":"02372","SECURITY_NAME_ABBR":"伟立控股","ORG_CODE":"10000237454","STD_REPORT_DATE":"2020-12-31 00:00:00","REPORT_DATE":"2020-12-31 00:00:00","DATE_TYPE_CODE":"001","REPORT_TYPE":"2020年年报","PER_NETCASH_OPERATE":0.0099271438,"PER_OI":0.044655454573,"BPS":0.1289775,"BASIC_EPS":42171,"DILUTED_EPS":42171,"OPERATE_INCOME":318346000,"OPERATE_INCOME_YOY":1.7730179028,"GROSS_PROFIT":70110000,"GROSS_PROFIT_YOY":6.631178707224,"HOLDER_PROFIT":42171000,"HOLDER_PROFIT_YOY":22.9582762341,"GROSS_PROFIT_RATIO":22.023207453525,"EPS_TTM":0.00591546674,"OPERATE_INCOME_QOQ":1.773017902813,"NET_PROFIT_RATIO":13.2469074529,"ROE_AVG":41.408463151073,"GROSS_PROFIT_QOQ":6.631178707224,"ROA":13.553313685726,"HOLDER_PROFIT_QOQ":22.958276234073,"ROE_YEARLY":41.408463151073,"ROIC_YEARLY":15.109529849302,"TOTAL_ASSETS":327570000,"TOTAL_LIABILITIES":224388000,"TAX_EBT":12.806781763672,"OCF_SALES":22.230529047012,"TOTAL_PARENT_EQUITY":103182000,"DEBT_ASSET_RATIO":68.5007784596,"OPERATE_PROFIT":null,"PRETAX_PROFIT":48365000,"NETCASH_OPERATE":70770000,"NETCASH_INVEST":-107000,"NETCASH_FINANCE":-59639000,"END_CASH":37559000,"DIVI_RATIO":null,"DIVIDEND_RATE":null,"CURRENT_RATIO":1.327957858432,"COMMON_ACS":10000000000,"CURRENTDEBT_DEBT":99.23792716188,"ISSUED_COMMON_SHARES":800000000,"HK_COMMON_SHARES":800000000,"PER_SHARES":4000,"TOTAL_MARKET_CAP":180800000,"HKSK_MARKET_CAP":180800000,"PE_TTM":-162.377944487617,"PB_TTM":0.757122346258,"REPORT_DATE_SQ":"2019-12-31 00:00:00","REPORT_TYPE_SQ":"2019年年报","OPERATE_INCOME_SQ":312800000,"DPS_HKD":null,"OPERATE_INCOME_QOQ_SQ":33.716928785476,"NET_PROFIT_RATIO_SQ":10.9645140665,"HOLDER_PROFIT_SQ":34297000,"HOLDER_PROFIT_QOQ_SQ":9.48063970377,"ROE_AVG_SQ":32.783234162545,"PE_TTM_SQ":657.421039767872,"PB_TTM_SQ":1.095058152814,"ROA_SQ":12.491486471229,"START_DATE":"2020-01-01 00:00:00","FISCAL_YEAR":"12-31","CURRENCY":"HKD","IS_CNY_CODE":0,"DPS_HKD_LY":null,"ORG_TYPE":"一般企业","PREMIUM_INCOME":null,"PREMIUM_INCOME_YOY":null,"NET_INTEREST_INCOME":null,"NET_INTEREST_INCOME_YOY":null,"FEE_COMMISSION_INCOME":null,"FEE_COMMISSION_INCOME_YOY":null,"ACCOUNTS_RECE_TDAYS":1.913303743415,"INVENTORY_TDAYS":6.353703016419,"CURRENT_ASSETS_TDAYS":1.145803377166,"TOTAL_ASSETS_TDAYS":1.023130397334,"PREMIUM_EXPENSE":null,"LOAN_DEPOSIT":null,"LOAN_EQUITY":null,"LOAN_ASSETS":null,"DEPOSIT_EQUITY":null,"DEPOSIT_ASSETS":null,"EQUITY_MULTIPLIER":3.17468163052,"EQUITY_RATIO":2.174681630517}],"count":12},"success":true,"message":"ok","code":0}