{"version":"20ef9ce6483fd3b0d0b478d69301798e","result":{"pages":5,"data":[{"SECUCODE":"02382.HK","SECURITY_CODE":"02382","SECURITY_NAME_ABBR":"舜宇光学科技","ORG_CODE":"10080016","STD_REPORT_DATE":"2024-06-30 00:00:00","REPORT_DATE":"2024-06-30 00:00:00","DATE_TYPE_CODE":"002","REPORT_TYPE":"2024年中报","PER_NETCASH_OPERATE":1.888804287303,"PER_OI":17.227020743789,"BPS":21.145424280201,"BASIC_EPS":0.9904,"DILUTED_EPS":0.9901,"OPERATE_INCOME":18860225000,"OPERATE_INCOME_YOY":32.0876782786,"GROSS_PROFIT":3246479000,"GROSS_PROFIT_YOY":52.374790433439,"HOLDER_PROFIT":1079006000,"HOLDER_PROFIT_YOY":147.0738286384,"GROSS_PROFIT_RATIO":17.213363043124,"EPS_TTM":1.59088359861,"OPERATE_INCOME_QOQ":14.461734966926,"NET_PROFIT_RATIO":5.8935033914,"ROE_AVG":4.735278035526,"GROSS_PROFIT_QOQ":24.30901519048,"ROA":2.183420176752,"HOLDER_PROFIT_QOQ":58.421251301829,"ROE_YEARLY":9.470556071052,"ROIC_YEARLY":6.004570710571,"TOTAL_ASSETS":48539237000,"TOTAL_LIABILITIES":24898617000,"TAX_EBT":10.985255877908,"OCF_SALES":10.964195814207,"TOTAL_PARENT_EQUITY":23150112000,"DEBT_ASSET_RATIO":51.295855763,"OPERATE_PROFIT":1526443000,"PRETAX_PROFIT":1248701000,"NETCASH_OPERATE":2067872000,"NETCASH_INVEST":-2562561000,"NETCASH_FINANCE":-2990449000,"END_CASH":9603152000,"DIVI_RATIO":0.124749654955,"DIVIDEND_RATE":0.24132231405,"CURRENT_RATIO":1.756011810162,"COMMON_ACS":100000000000,"CURRENTDEBT_DEBT":76.568907421645,"ISSUED_COMMON_SHARES":1094804800,"HK_COMMON_SHARES":1094804800,"PER_SHARES":100,"TOTAL_MARKET_CAP":99353535600,"HKSK_MARKET_CAP":99353535600,"PE_TTM":51.699318661986,"PB_TTM":3.916956638111,"REPORT_DATE_SQ":"2023-06-30 00:00:00","REPORT_TYPE_SQ":"2023年中报","OPERATE_INCOME_SQ":14278565000,"DPS_HKD":0.219,"OPERATE_INCOME_QOQ_SQ":-8.112769560637,"NET_PROFIT_RATIO_SQ":3.2173471214,"HOLDER_PROFIT_SQ":436714000,"HOLDER_PROFIT_QOQ_SQ":-38.258681383307,"ROE_AVG_SQ":2.004371887417,"PE_TTM_SQ":33.465434669437,"PB_TTM_SQ":2.244509933017,"ROA_SQ":0.973867351588,"START_DATE":"2024-01-01 00:00:00","FISCAL_YEAR":"12-31","CURRENCY":"HKD","IS_CNY_CODE":0,"DPS_HKD_LY":0.219,"ORG_TYPE":"一般企业","PREMIUM_INCOME":null,"PREMIUM_INCOME_YOY":null,"NET_INTEREST_INCOME":null,"NET_INTEREST_INCOME_YOY":null,"FEE_COMMISSION_INCOME":null,"FEE_COMMISSION_INCOME_YOY":null,"ACCOUNTS_RECE_TDAYS":2.411383358073,"INVENTORY_TDAYS":3.164406074445,"CURRENT_ASSETS_TDAYS":0.549687539442,"TOTAL_ASSETS_TDAYS":0.381645660942,"PREMIUM_EXPENSE":null,"LOAN_DEPOSIT":null,"LOAN_EQUITY":null,"LOAN_ASSETS":null,"DEPOSIT_EQUITY":null,"DEPOSIT_ASSETS":null,"EQUITY_MULTIPLIER":2.053213367499,"EQUITY_RATIO":1.07552900824},{"SECUCODE":"02382.HK","SECURITY_CODE":"02382","SECURITY_NAME_ABBR":"舜宇光学科技","ORG_CODE":"10080016","STD_REPORT_DATE":"2023-12-31 00:00:00","REPORT_DATE":"2023-12-31 00:00:00","DATE_TYPE_CODE":"001","REPORT_TYPE":"2023年年报","PER_NETCASH_OPERATE":2.429371097877,"PER_OI":28.885839645477,"BPS":20.481246519928,"BASIC_EPS":1.0072,"DILUTED_EPS":1.0063,"OPERATE_INCOME":31681261000,"OPERATE_INCOME_YOY":-4.5657103847,"GROSS_PROFIT":4590441000,"GROSS_PROFIT_YOY":-30.500483194769,"HOLDER_PROFIT":1099415000,"HOLDER_PROFIT_YOY":-54.339362637,"GROSS_PROFIT_RATIO":14.489451666712,"EPS_TTM":1.002407239845,"OPERATE_INCOME_QOQ":3.860230805751,"NET_PROFIT_RATIO":3.6309255493,"ROE_AVG":4.967832660519,"GROSS_PROFIT_QOQ":-11.945591055913,"ROA":2.356772300959,"HOLDER_PROFIT_QOQ":-26.045250755917,"ROE_YEARLY":4.967832660519,"ROIC_YEARLY":3.137037296165,"TOTAL_ASSETS":50297076000,"TOTAL_LIABILITIES":27415446000,"TAX_EBT":15.302399656003,"OCF_SALES":8.410249200624,"TOTAL_PARENT_EQUITY":22422967000,"DEBT_ASSET_RATIO":54.5070373475,"OPERATE_PROFIT":1784784000,"PRETAX_PROFIT":1358153000,"NETCASH_OPERATE":2664473000,"NETCASH_INVEST":-1487861000,"NETCASH_FINANCE":4857709000,"END_CASH":13084519000,"DIVI_RATIO":0.19798558122,"DIVIDEND_RATE":0.336664104535,"CURRENT_RATIO":1.650987420226,"COMMON_ACS":100000000000,"CURRENTDEBT_DEBT":77.644664252407,"ISSUED_COMMON_SHARES":1094804800,"HK_COMMON_SHARES":1094804800,"PER_SHARES":100,"TOTAL_MARKET_CAP":71217052240,"HKSK_MARKET_CAP":71217052240,"PE_TTM":37.058299492696,"PB_TTM":2.80769178302,"REPORT_DATE_SQ":"2022-12-31 00:00:00","REPORT_TYPE_SQ":"2022年年报","OPERATE_INCOME_SQ":33196937000,"DPS_HKD":0.219,"OPERATE_INCOME_QOQ_SQ":-4.152527378816,"NET_PROFIT_RATIO_SQ":7.4529406132,"HOLDER_PROFIT_SQ":2407796000,"HOLDER_PROFIT_QOQ_SQ":-34.176049698013,"ROE_AVG_SQ":11.350445249272,"PE_TTM_SQ":48.412172848221,"PB_TTM_SQ":3.24698017253,"ROA_SQ":5.888822332384,"START_DATE":"2023-01-01 00:00:00","FISCAL_YEAR":"12-31","CURRENCY":"HKD","IS_CNY_CODE":0,"DPS_HKD_LY":0.5,"ORG_TYPE":"一般企业","PREMIUM_INCOME":null,"PREMIUM_INCOME_YOY":null,"NET_INTEREST_INCOME":null,"NET_INTEREST_INCOME_YOY":null,"FEE_COMMISSION_INCOME":null,"FEE_COMMISSION_INCOME_YOY":null,"ACCOUNTS_RECE_TDAYS":4.207367553709,"INVENTORY_TDAYS":5.496291586384,"CURRENT_ASSETS_TDAYS":0.963109129358,"TOTAL_ASSETS_TDAYS":0.679138618122,"PREMIUM_EXPENSE":null,"LOAN_DEPOSIT":null,"LOAN_EQUITY":null,"LOAN_ASSETS":null,"DEPOSIT_EQUITY":null,"DEPOSIT_ASSETS":null,"EQUITY_MULTIPLIER":2.19814217781,"EQUITY_RATIO":1.222650240711},{"SECUCODE":"02382.HK","SECURITY_CODE":"02382","SECURITY_NAME_ABBR":"舜宇光学科技","ORG_CODE":"10080016","STD_REPORT_DATE":"2023-06-30 00:00:00","REPORT_DATE":"2023-06-30 00:00:00","DATE_TYPE_CODE":"002","REPORT_TYPE":"2023年中报","PER_NETCASH_OPERATE":0.960607456063,"PER_OI":13.017795419008,"BPS":19.855373304903,"BASIC_EPS":0.3999,"DILUTED_EPS":0.3995,"OPERATE_INCOME":14278565000,"OPERATE_INCOME_YOY":-15.8686643857,"GROSS_PROFIT":2130588000,"GROSS_PROFIT_YOY":-39.513138492584,"HOLDER_PROFIT":436714000,"HOLDER_PROFIT_YOY":-67.8391345492,"GROSS_PROFIT_RATIO":14.921583506466,"EPS_TTM":1.355340663356,"OPERATE_INCOME_QOQ":-8.112769560637,"NET_PROFIT_RATIO":3.2173471214,"ROE_AVG":2.004371887417,"GROSS_PROFIT_QOQ":-21.072076187166,"ROA":0.973867351588,"HOLDER_PROFIT_QOQ":-38.258681383307,"ROE_YEARLY":4.008743774834,"ROIC_YEARLY":2.552223051183,"TOTAL_ASSETS":46685259000,"TOTAL_LIABILITIES":24496999000,"TAX_EBT":22.383911494975,"OCF_SALES":7.379186914091,"TOTAL_PARENT_EQUITY":21737758000,"DEBT_ASSET_RATIO":52.4726638017,"OPERATE_PROFIT":793708000,"PRETAX_PROFIT":591876000,"NETCASH_OPERATE":1053642000,"NETCASH_INVEST":-1379775000,"NETCASH_FINANCE":4449252000,"END_CASH":11169963000,"DIVI_RATIO":0.146429739302,"DIVIDEND_RATE":0.336664104535,"CURRENT_RATIO":1.756959822476,"COMMON_ACS":100000000000,"CURRENTDEBT_DEBT":74.326622620183,"ISSUED_COMMON_SHARES":1094804800,"HK_COMMON_SHARES":1094804800,"PER_SHARES":100,"TOTAL_MARKET_CAP":71217052240,"HKSK_MARKET_CAP":71217052240,"PE_TTM":37.058299492696,"PB_TTM":2.80769178302,"REPORT_DATE_SQ":"2022-06-30 00:00:00","REPORT_TYPE_SQ":"2022年中报","OPERATE_INCOME_SQ":16971756000,"DPS_HKD":0.219,"OPERATE_INCOME_QOQ_SQ":-7.631787329774,"NET_PROFIT_RATIO_SQ":8.1243390489,"HOLDER_PROFIT_SQ":1357905000,"HOLDER_PROFIT_QOQ_SQ":-26.665439723721,"ROE_AVG_SQ":6.564693598925,"PE_TTM_SQ":48.412172848221,"PB_TTM_SQ":3.24698017253,"ROA_SQ":3.523421788089,"START_DATE":"2023-01-01 00:00:00","FISCAL_YEAR":"12-31","CURRENCY":"HKD","IS_CNY_CODE":0,"DPS_HKD_LY":0.5,"ORG_TYPE":"一般企业","PREMIUM_INCOME":null,"PREMIUM_INCOME_YOY":null,"NET_INTEREST_INCOME":null,"NET_INTEREST_INCOME_YOY":null,"FEE_COMMISSION_INCOME":null,"FEE_COMMISSION_INCOME_YOY":null,"ACCOUNTS_RECE_TDAYS":2.116691530656,"INVENTORY_TDAYS":2.658833656678,"CURRENT_ASSETS_TDAYS":0.455922321293,"TOTAL_ASSETS_TDAYS":0.31841040775,"PREMIUM_EXPENSE":null,"LOAN_DEPOSIT":null,"LOAN_EQUITY":null,"LOAN_ASSETS":null,"DEPOSIT_EQUITY":null,"DEPOSIT_ASSETS":null,"EQUITY_MULTIPLIER":2.104052278099,"EQUITY_RATIO":1.12693309954},{"SECUCODE":"02382.HK","SECURITY_CODE":"02382","SECURITY_NAME_ABBR":"舜宇光学科技","ORG_CODE":"10080016","STD_REPORT_DATE":"2022-12-31 00:00:00","REPORT_DATE":"2022-12-31 00:00:00","DATE_TYPE_CODE":"001","REPORT_TYPE":"2022年年报","PER_NETCASH_OPERATE":6.725895079335,"PER_OI":30.26571188377,"BPS":19.947288320256,"BASIC_EPS":2.2026,"DILUTED_EPS":2.2015,"OPERATE_INCOME":33196937000,"OPERATE_INCOME_YOY":-11.4674026502,"GROSS_PROFIT":6604997000,"GROSS_PROFIT_YOY":-24.39501966131,"HOLDER_PROFIT":2407796000,"HOLDER_PROFIT_YOY":-51.7282954896,"GROSS_PROFIT_RATIO":19.896404900247,"EPS_TTM":2.195192285689,"OPERATE_INCOME_QOQ":-4.152527378816,"NET_PROFIT_RATIO":7.4529406132,"ROE_AVG":11.350445249272,"GROSS_PROFIT_QOQ":-9.671450093214,"ROA":5.888822332384,"HOLDER_PROFIT_QOQ":-34.176049698013,"ROE_YEARLY":11.350445249272,"ROIC_YEARLY":7.25059891769,"TOTAL_ASSETS":43001288000,"TOTAL_LIABILITIES":20818902000,"TAX_EBT":8.870455351588,"OCF_SALES":22.222821340415,"TOTAL_PARENT_EQUITY":21838387000,"DEBT_ASSET_RATIO":48.4146009766,"OPERATE_PROFIT":3013912000,"PRETAX_PROFIT":2714979000,"NETCASH_OPERATE":7377296000,"NETCASH_INVEST":-3833884000,"NETCASH_FINANCE":-2159153000,"END_CASH":7033194000,"DIVI_RATIO":0.090407651892,"DIVIDEND_RATE":0.336664104535,"CURRENT_RATIO":1.584823350321,"COMMON_ACS":100000000000,"CURRENTDEBT_DEBT":92.88153621166,"ISSUED_COMMON_SHARES":1094804800,"HK_COMMON_SHARES":1094804800,"PER_SHARES":100,"TOTAL_MARKET_CAP":71217052240,"HKSK_MARKET_CAP":71217052240,"PE_TTM":37.058299492696,"PB_TTM":2.80769178302,"REPORT_DATE_SQ":"2021-12-31 00:00:00","REPORT_TYPE_SQ":"2021年年报","OPERATE_INCOME_SQ":37496852000,"DPS_HKD":0.219,"OPERATE_INCOME_QOQ_SQ":-3.783748470322,"NET_PROFIT_RATIO_SQ":13.4835719009,"HOLDER_PROFIT_SQ":4988007000,"HOLDER_PROFIT_QOQ_SQ":-14.15895165304,"ROE_AVG_SQ":26.827846146498,"PE_TTM_SQ":48.412172848221,"PB_TTM_SQ":3.24698017253,"ROA_SQ":13.442596950855,"START_DATE":"2022-01-01 00:00:00","FISCAL_YEAR":"12-31","CURRENCY":"HKD","IS_CNY_CODE":0,"DPS_HKD_LY":1.118,"ORG_TYPE":"一般企业","PREMIUM_INCOME":null,"PREMIUM_INCOME_YOY":null,"NET_INTEREST_INCOME":null,"NET_INTEREST_INCOME_YOY":null,"FEE_COMMISSION_INCOME":null,"FEE_COMMISSION_INCOME_YOY":null,"ACCOUNTS_RECE_TDAYS":4.530924124245,"INVENTORY_TDAYS":5.212689768299,"CURRENT_ASSETS_TDAYS":1.132326291985,"TOTAL_ASSETS_TDAYS":0.811907918995,"PREMIUM_EXPENSE":null,"LOAN_DEPOSIT":null,"LOAN_EQUITY":null,"LOAN_ASSETS":null,"DEPOSIT_EQUITY":null,"DEPOSIT_ASSETS":null,"EQUITY_MULTIPLIER":1.93853303247,"EQUITY_RATIO":0.953316836083},{"SECUCODE":"02382.HK","SECURITY_CODE":"02382","SECURITY_NAME_ABBR":"舜宇光学科技","ORG_CODE":"10080016","STD_REPORT_DATE":"2022-06-30 00:00:00","REPORT_DATE":"2022-06-30 00:00:00","DATE_TYPE_CODE":"002","REPORT_TYPE":"2022年中报","PER_NETCASH_OPERATE":1.432342097554,"PER_OI":15.473182880025,"BPS":18.982261495383,"BASIC_EPS":1.2413,"DILUTED_EPS":1.2403,"OPERATE_INCOME":16971756000,"OPERATE_INCOME_YOY":-14.4285639664,"GROSS_PROFIT":3522398000,"GROSS_PROFIT_YOY":-28.788639978295,"HOLDER_PROFIT":1357905000,"HOLDER_PROFIT_YOY":-49.4823062234,"GROSS_PROFIT_RATIO":20.754469955849,"EPS_TTM":3.334944614563,"OPERATE_INCOME_QOQ":-7.631787329774,"NET_PROFIT_RATIO":8.1243390489,"ROE_AVG":6.564693598925,"GROSS_PROFIT_QOQ":-16.300017639262,"ROA":3.523421788089,"HOLDER_PROFIT_QOQ":-26.665439723721,"ROE_YEARLY":13.12938719785,"ROIC_YEARLY":8.538396784987,"TOTAL_ASSETS":38304925000,"TOTAL_LIABILITIES":17197285000,"TAX_EBT":18.109291110372,"OCF_SALES":9.256932517767,"TOTAL_PARENT_EQUITY":20781871000,"DEBT_ASSET_RATIO":44.8957542666,"OPERATE_PROFIT":1797708000,"PRETAX_PROFIT":1683760000,"NETCASH_OPERATE":1571064000,"NETCASH_INVEST":-723588000,"NETCASH_FINANCE":-1510518000,"END_CASH":4972829000,"DIVI_RATIO":0.05950988785,"DIVIDEND_RATE":0.336664104535,"CURRENT_RATIO":1.827460983189,"COMMON_ACS":100000000000,"CURRENTDEBT_DEBT":87.036825871061,"ISSUED_COMMON_SHARES":1094804800,"HK_COMMON_SHARES":1094804800,"PER_SHARES":100,"TOTAL_MARKET_CAP":71217052240,"HKSK_MARKET_CAP":71217052240,"PE_TTM":37.058299492696,"PB_TTM":2.80769178302,"REPORT_DATE_SQ":"2021-06-30 00:00:00","REPORT_TYPE_SQ":"2021年中报","OPERATE_INCOME_SQ":19833436000,"DPS_HKD":0.219,"OPERATE_INCOME_QOQ_SQ":2.551639377803,"NET_PROFIT_RATIO_SQ":13.6468083493,"HOLDER_PROFIT_SQ":2687979000,"HOLDER_PROFIT_QOQ_SQ":19.273294247108,"ROE_AVG_SQ":15.414909023083,"PE_TTM_SQ":48.412172848221,"PB_TTM_SQ":3.24698017253,"ROA_SQ":7.455942090399,"START_DATE":"2022-01-01 00:00:00","FISCAL_YEAR":"12-31","CURRENCY":"HKD","IS_CNY_CODE":0,"DPS_HKD_LY":1.118,"ORG_TYPE":"一般企业","PREMIUM_INCOME":null,"PREMIUM_INCOME_YOY":null,"NET_INTEREST_INCOME":null,"NET_INTEREST_INCOME_YOY":null,"FEE_COMMISSION_INCOME":null,"FEE_COMMISSION_INCOME_YOY":null,"ACCOUNTS_RECE_TDAYS":2.254733703579,"INVENTORY_TDAYS":2.492140442245,"CURRENT_ASSETS_TDAYS":0.613332941111,"TOTAL_ASSETS_TDAYS":0.440374362511,"PREMIUM_EXPENSE":null,"LOAN_DEPOSIT":null,"LOAN_EQUITY":null,"LOAN_ASSETS":null,"DEPOSIT_EQUITY":null,"DEPOSIT_ASSETS":null,"EQUITY_MULTIPLIER":1.814742197612,"EQUITY_RATIO":0.827513797964},{"SECUCODE":"02382.HK","SECURITY_CODE":"02382","SECURITY_NAME_ABBR":"舜宇光学科技","ORG_CODE":"10080016","STD_REPORT_DATE":"2021-12-31 00:00:00","REPORT_DATE":"2021-12-31 00:00:00","DATE_TYPE_CODE":"001","REPORT_TYPE":"2021年年报","PER_NETCASH_OPERATE":6.362733198541,"PER_OI":34.185952733542,"BPS":18.805244551358,"BASIC_EPS":4.5652,"DILUTED_EPS":4.5593,"OPERATE_INCOME":37496852000,"OPERATE_INCOME_YOY":-1.3286567084,"GROSS_PROFIT":8736193000,"GROSS_PROFIT_YOY":0.440544385841,"HOLDER_PROFIT":4988007000,"HOLDER_PROFIT_YOY":2.3854461797,"GROSS_PROFIT_RATIO":23.298470495603,"EPS_TTM":4.54757566146,"OPERATE_INCOME_QOQ":-3.783748470322,"NET_PROFIT_RATIO":13.4835719009,"ROE_AVG":26.827846146498,"GROSS_PROFIT_QOQ":-12.357640743086,"ROA":13.442596950855,"HOLDER_PROFIT_QOQ":-14.15895165304,"ROE_YEARLY":26.827846146498,"ROIC_YEARLY":15.611894237327,"TOTAL_ASSETS":38773840000,"TOTAL_LIABILITIES":17878574000,"TAX_EBT":10.274775696478,"OCF_SALES":18.612127759418,"TOTAL_PARENT_EQUITY":20588072000,"DEBT_ASSET_RATIO":46.1098874912,"OPERATE_PROFIT":5846132000,"PRETAX_PROFIT":5634887000,"NETCASH_OPERATE":6978962000,"NETCASH_INVEST":-2901501000,"NETCASH_FINANCE":-1241402000,"END_CASH":5605179000,"DIVI_RATIO":0.043641314576,"DIVIDEND_RATE":0.336664104535,"CURRENT_RATIO":2.357302932078,"COMMON_ACS":100000000000,"CURRENTDEBT_DEBT":66.411655649942,"ISSUED_COMMON_SHARES":1094804800,"HK_COMMON_SHARES":1094804800,"PER_SHARES":100,"TOTAL_MARKET_CAP":71217052240,"HKSK_MARKET_CAP":71217052240,"PE_TTM":37.058299492696,"PB_TTM":2.80769178302,"REPORT_DATE_SQ":"2020-12-31 00:00:00","REPORT_TYPE_SQ":"2020年年报","OPERATE_INCOME_SQ":38001765000,"DPS_HKD":0.219,"OPERATE_INCOME_QOQ_SQ":-7.622691908226,"NET_PROFIT_RATIO_SQ":13.0000646023,"HOLDER_PROFIT_SQ":4871793000,"HOLDER_PROFIT_QOQ_SQ":13.057015692433,"ROE_AVG_SQ":33.42555367971,"PE_TTM_SQ":48.412172848221,"PB_TTM_SQ":3.24698017253,"ROA_SQ":14.73372336011,"START_DATE":"2021-01-01 00:00:00","FISCAL_YEAR":"12-31","CURRENCY":"HKD","IS_CNY_CODE":0,"DPS_HKD_LY":1.057,"ORG_TYPE":"一般企业","PREMIUM_INCOME":null,"PREMIUM_INCOME_YOY":null,"NET_INTEREST_INCOME":null,"NET_INTEREST_INCOME_YOY":null,"FEE_COMMISSION_INCOME":null,"FEE_COMMISSION_INCOME_YOY":null,"ACCOUNTS_RECE_TDAYS":4.788744611412,"INVENTORY_TDAYS":5.106229963811,"CURRENT_ASSETS_TDAYS":1.398643794695,"TOTAL_ASSETS_TDAYS":1.010534003585,"PREMIUM_EXPENSE":null,"LOAN_DEPOSIT":null,"LOAN_EQUITY":null,"LOAN_ASSETS":null,"DEPOSIT_EQUITY":null,"DEPOSIT_ASSETS":null,"EQUITY_MULTIPLIER":1.855627968557,"EQUITY_RATIO":0.868394767611},{"SECUCODE":"02382.HK","SECURITY_CODE":"02382","SECURITY_NAME_ABBR":"舜宇光学科技","ORG_CODE":"10080016","STD_REPORT_DATE":"2021-06-30 00:00:00","REPORT_DATE":"2021-06-30 00:00:00","DATE_TYPE_CODE":"002","REPORT_TYPE":"2021年中报","PER_NETCASH_OPERATE":2.184338474086,"PER_OI":18.082182089305,"BPS":16.695059247091,"BASIC_EPS":2.4592,"DILUTED_EPS":2.4554,"OPERATE_INCOME":19833436000,"OPERATE_INCOME_YOY":5.1403728036,"GROSS_PROFIT":4946399000,"GROSS_PROFIT_YOY":34.549357215505,"HOLDER_PROFIT":2687979000,"HOLDER_PROFIT_YOY":53.6845120479,"GROSS_PROFIT_RATIO":24.939697791144,"EPS_TTM":5.297670227744,"OPERATE_INCOME_QOQ":2.551639377803,"NET_PROFIT_RATIO":13.6468083493,"ROE_AVG":15.414909023083,"GROSS_PROFIT_QOQ":14.602739174798,"ROA":7.455942090399,"HOLDER_PROFIT_QOQ":19.273294247108,"ROE_YEARLY":30.829818046165,"ROIC_YEARLY":16.514855883256,"TOTAL_ASSETS":36664886000,"TOTAL_LIABILITIES":18142158000,"TAX_EBT":16.176774363382,"OCF_SALES":12.080060157,"TOTAL_PARENT_EQUITY":18277831000,"DEBT_ASSET_RATIO":49.4810157053,"OPERATE_PROFIT":3345373000,"PRETAX_PROFIT":3228975000,"NETCASH_OPERATE":2395891000,"NETCASH_INVEST":-1768996000,"NETCASH_FINANCE":-1133029000,"END_CASH":2334819000,"DIVI_RATIO":0.037462161944,"DIVIDEND_RATE":0.336664104535,"CURRENT_RATIO":2.072385631949,"COMMON_ACS":100000000000,"CURRENTDEBT_DEBT":70.525413790355,"ISSUED_COMMON_SHARES":1094804800,"HK_COMMON_SHARES":1094804800,"PER_SHARES":100,"TOTAL_MARKET_CAP":71217052240,"HKSK_MARKET_CAP":71217052240,"PE_TTM":37.058299492696,"PB_TTM":2.80769178302,"REPORT_DATE_SQ":"2020-06-30 00:00:00","REPORT_TYPE_SQ":"2020年中报","OPERATE_INCOME_SQ":18863768000,"DPS_HKD":0.219,"OPERATE_INCOME_QOQ_SQ":8.689465298468,"NET_PROFIT_RATIO_SQ":9.4155579097,"HOLDER_PROFIT_SQ":1749024000,"HOLDER_PROFIT_QOQ_SQ":7.963549702378,"ROE_AVG_SQ":13.428836206533,"PE_TTM_SQ":48.412172848221,"PB_TTM_SQ":3.24698017253,"ROA_SQ":5.662430898409,"START_DATE":"2021-01-01 00:00:00","FISCAL_YEAR":"12-31","CURRENCY":"HKD","IS_CNY_CODE":0,"DPS_HKD_LY":1.057,"ORG_TYPE":"一般企业","PREMIUM_INCOME":null,"PREMIUM_INCOME_YOY":null,"NET_INTEREST_INCOME":null,"NET_INTEREST_INCOME_YOY":null,"FEE_COMMISSION_INCOME":null,"FEE_COMMISSION_INCOME_YOY":null,"ACCOUNTS_RECE_TDAYS":2.382411169807,"INVENTORY_TDAYS":2.497126977593,"CURRENT_ASSETS_TDAYS":0.76069795965,"TOTAL_ASSETS_TDAYS":0.550141761783,"PREMIUM_EXPENSE":null,"LOAN_DEPOSIT":null,"LOAN_EQUITY":null,"LOAN_ASSETS":null,"DEPOSIT_EQUITY":null,"DEPOSIT_ASSETS":null,"EQUITY_MULTIPLIER":1.979453890376,"EQUITY_RATIO":0.992577182708},{"SECUCODE":"02382.HK","SECURITY_CODE":"02382","SECURITY_NAME_ABBR":"舜宇光学科技","ORG_CODE":"10080016","STD_REPORT_DATE":"2020-12-31 00:00:00","REPORT_DATE":"2020-12-31 00:00:00","DATE_TYPE_CODE":"001","REPORT_TYPE":"2020年年报","PER_NETCASH_OPERATE":6.527795923179,"PER_OI":34.64628289546,"BPS":15.159984684028,"BASIC_EPS":4.4578,"DILUTED_EPS":4.4514,"OPERATE_INCOME":38001765000,"OPERATE_INCOME_YOY":0.4044022221,"GROSS_PROFIT":8697875000,"GROSS_PROFIT_YOY":12.221175142124,"HOLDER_PROFIT":4871793000,"HOLDER_PROFIT_YOY":22.0603673291,"GROSS_PROFIT_RATIO":22.888081645682,"EPS_TTM":4.441623132139,"OPERATE_INCOME_QOQ":-7.622691908226,"NET_PROFIT_RATIO":13.0000646023,"ROE_AVG":33.42555367971,"GROSS_PROFIT_QOQ":1.575778511638,"ROA":14.73372336011,"HOLDER_PROFIT_QOQ":13.057015692433,"ROE_YEARLY":33.42555367971,"ROIC_YEARLY":16.046728927019,"TOTAL_ASSETS":35438115000,"TOTAL_LIABILITIES":18611998000,"TAX_EBT":12.451611622709,"OCF_SALES":18.841259083624,"TOTAL_PARENT_EQUITY":16597224000,"DEBT_ASSET_RATIO":52.5197178236,"OPERATE_PROFIT":5876604000,"PRETAX_PROFIT":5642884000,"NETCASH_OPERATE":7160011000,"NETCASH_INVEST":-5976183000,"NETCASH_FINANCE":-222255000,"END_CASH":2841771000,"DIVI_RATIO":0.044682354647,"DIVIDEND_RATE":0.336664104535,"CURRENT_RATIO":1.911064907362,"COMMON_ACS":100000000000,"CURRENTDEBT_DEBT":72.056363857336,"ISSUED_COMMON_SHARES":1094804800,"HK_COMMON_SHARES":1094804800,"PER_SHARES":100,"TOTAL_MARKET_CAP":71217052240,"HKSK_MARKET_CAP":71217052240,"PE_TTM":37.058299492696,"PB_TTM":2.80769178302,"REPORT_DATE_SQ":"2019-12-31 00:00:00","REPORT_TYPE_SQ":"2019年年报","OPERATE_INCOME_SQ":37848704000,"DPS_HKD":0.219,"OPERATE_INCOME_QOQ_SQ":28.168543240298,"NET_PROFIT_RATIO_SQ":10.6195842267,"HOLDER_PROFIT_SQ":3991298000,"HOLDER_PROFIT_QOQ_SQ":45.548131408736,"ROE_AVG_SQ":36.639288852464,"PE_TTM_SQ":48.412172848221,"PB_TTM_SQ":3.24698017253,"ROA_SQ":14.908140996504,"START_DATE":"2020-01-01 00:00:00","FISCAL_YEAR":"12-31","CURRENCY":"HKD","IS_CNY_CODE":0,"DPS_HKD_LY":0.81,"ORG_TYPE":"一般企业","PREMIUM_INCOME":null,"PREMIUM_INCOME_YOY":null,"NET_INTEREST_INCOME":null,"NET_INTEREST_INCOME_YOY":null,"FEE_COMMISSION_INCOME":null,"FEE_COMMISSION_INCOME_YOY":null,"ACCOUNTS_RECE_TDAYS":4.259879476792,"INVENTORY_TDAYS":5.36257690868,"CURRENT_ASSETS_TDAYS":1.580919956166,"TOTAL_ASSETS_TDAYS":1.149284242385,"PREMIUM_EXPENSE":null,"LOAN_DEPOSIT":null,"LOAN_EQUITY":null,"LOAN_ASSETS":null,"DEPOSIT_EQUITY":null,"DEPOSIT_ASSETS":null,"EQUITY_MULTIPLIER":2.10613744098,"EQUITY_RATIO":1.121392228002},{"SECUCODE":"02382.HK","SECURITY_CODE":"02382","SECURITY_NAME_ABBR":"舜宇光学科技","ORG_CODE":"10080016","STD_REPORT_DATE":"2020-06-30 00:00:00","REPORT_DATE":"2020-06-30 00:00:00","DATE_TYPE_CODE":"002","REPORT_TYPE":"2020年中报","PER_NETCASH_OPERATE":1.826988693164,"PER_OI":17.198133892,"BPS":12.32721394718,"BASIC_EPS":1.5984,"DILUTED_EPS":1.5962,"OPERATE_INCOME":18863768000,"OPERATE_INCOME_YOY":21.1163230522,"GROSS_PROFIT":3676271000,"GROSS_PROFIT_YOY":28.36217952411,"HOLDER_PROFIT":1749024000,"HOLDER_PROFIT_YOY":22.208954181,"GROSS_PROFIT_RATIO":19.488529545105,"EPS_TTM":3.928657682087,"OPERATE_INCOME_QOQ":8.689465298468,"NET_PROFIT_RATIO":9.4155579097,"ROE_AVG":13.428836206533,"GROSS_PROFIT_QOQ":10.480251085908,"ROA":5.662430898409,"HOLDER_PROFIT_QOQ":7.963549702378,"ROE_YEARLY":26.857672413065,"ROIC_YEARLY":12.133194003537,"TOTAL_ASSETS":31083365000,"TOTAL_LIABILITIES":17387811000,"TAX_EBT":16.355581634979,"OCF_SALES":10.623179844027,"TOTAL_PARENT_EQUITY":13495893000,"DEBT_ASSET_RATIO":55.9392813487,"OPERATE_PROFIT":2246159000,"PRETAX_PROFIT":2123428000,"NETCASH_OPERATE":2003932000,"NETCASH_INVEST":-1918828000,"NETCASH_FINANCE":-206192000,"END_CASH":1800452000,"DIVI_RATIO":0.050516536705,"DIVIDEND_RATE":0.336664104535,"CURRENT_RATIO":1.810220088813,"COMMON_ACS":100000000000,"CURRENTDEBT_DEBT":68.333259430989,"ISSUED_COMMON_SHARES":1094804800,"HK_COMMON_SHARES":1094804800,"PER_SHARES":100,"TOTAL_MARKET_CAP":71217052240,"HKSK_MARKET_CAP":71217052240,"PE_TTM":37.058299492696,"PB_TTM":2.80769178302,"REPORT_DATE_SQ":"2019-06-30 00:00:00","REPORT_TYPE_SQ":"2019年中报","OPERATE_INCOME_SQ":15574918000,"DPS_HKD":0.219,"OPERATE_INCOME_QOQ_SQ":13.877003462768,"NET_PROFIT_RATIO_SQ":9.1970115027,"HOLDER_PROFIT_SQ":1431175000,"HOLDER_PROFIT_QOQ_SQ":10.092088232555,"ROE_AVG_SQ":14.88790833041,"PE_TTM_SQ":48.412172848221,"PB_TTM_SQ":3.24698017253,"ROA_SQ":5.921253278814,"START_DATE":"2020-01-01 00:00:00","FISCAL_YEAR":"12-31","CURRENCY":"HKD","IS_CNY_CODE":0,"DPS_HKD_LY":0.81,"ORG_TYPE":"一般企业","PREMIUM_INCOME":null,"PREMIUM_INCOME_YOY":null,"NET_INTEREST_INCOME":null,"NET_INTEREST_INCOME_YOY":null,"FEE_COMMISSION_INCOME":null,"FEE_COMMISSION_INCOME_YOY":null,"ACCOUNTS_RECE_TDAYS":1.953706811741,"INVENTORY_TDAYS":3.23014045451,"CURRENT_ASSETS_TDAYS":0.858333819064,"TOTAL_ASSETS_TDAYS":0.610710789467,"PREMIUM_EXPENSE":null,"LOAN_DEPOSIT":null,"LOAN_EQUITY":null,"LOAN_ASSETS":null,"DEPOSIT_EQUITY":null,"DEPOSIT_ASSETS":null,"EQUITY_MULTIPLIER":2.26959530078,"EQUITY_RATIO":1.288377953204}],"count":39},"success":true,"message":"ok","code":0}