{"version":"0ec615f941d9a5421eb5b464b3f6dafd","result":{"pages":6,"data":[{"SECUCODE":"02389.HK","SECURITY_CODE":"02389","SECURITY_NAME_ABBR":"北京健康","ORG_CODE":"10010611","STD_REPORT_DATE":"2024-06-30 00:00:00","REPORT_DATE":"2024-06-30 00:00:00","DATE_TYPE_CODE":"002","REPORT_TYPE":"2024年中报","PER_NETCASH_OPERATE":-0.005564258515,"PER_OI":0.01104280413,"BPS":0.272058920292,"BASIC_EPS":-0.008487924,"DILUTED_EPS":-0.008487924,"OPERATE_INCOME":66905832.76,"OPERATE_INCOME_YOY":-6.0624311233,"GROSS_PROFIT":14951523.76,"GROSS_PROFIT_YOY":-13.390541637262,"HOLDER_PROFIT":-51485191.48,"HOLDER_PROFIT_YOY":-252.2605220432,"GROSS_PROFIT_RATIO":22.347115555131,"EPS_TTM":-0.015316521134,"OPERATE_INCOME_QOQ":-3.965615577647,"NET_PROFIT_RATIO":-78.5450229855,"ROE_AVG":-3.056237897978,"GROSS_PROFIT_QOQ":-6.630057480321,"ROA":-2.679807832539,"HOLDER_PROFIT_QOQ":-65.480476196808,"ROE_YEARLY":-6.112475795957,"ROIC_YEARLY":-5.843649662787,"TOTAL_ASSETS":1854298344.76,"TOTAL_LIABILITIES":182828970.28,"TAX_EBT":4.57890026847,"OCF_SALES":-50.388093906448,"TOTAL_PARENT_EQUITY":1648342975.96,"DEBT_ASSET_RATIO":9.8597386336,"OPERATE_PROFIT":-45645864.84,"PRETAX_PROFIT":-55072936.56,"NETCASH_OPERATE":-33712573.84,"NETCASH_INVEST":-10947596.6,"NETCASH_FINANCE":-2535425.04,"END_CASH":92178854.64,"DIVI_RATIO":null,"DIVIDEND_RATE":null,"CURRENT_RATIO":4.639517993253,"COMMON_ACS":10000000000,"CURRENTDEBT_DEBT":63.92140614314,"ISSUED_COMMON_SHARES":6058772027,"HK_COMMON_SHARES":6058772027,"PER_SHARES":6000,"TOTAL_MARKET_CAP":466525446.079,"HKSK_MARKET_CAP":466525446.079,"PE_TTM":-4.56130237956,"PB_TTM":0.258313015154,"REPORT_DATE_SQ":"2023-06-30 00:00:00","REPORT_TYPE_SQ":"2023年中报","OPERATE_INCOME_SQ":71949475.24,"DPS_HKD":null,"OPERATE_INCOME_QOQ_SQ":-4.413102854967,"NET_PROFIT_RATIO_SQ":-23.1066916118,"HOLDER_PROFIT_SQ":-14764587.72,"HOLDER_PROFIT_QOQ_SQ":15.243399627577,"ROE_AVG_SQ":-0.797203862461,"PE_TTM_SQ":-4.568983726629,"PB_TTM_SQ":0.186630483828,"ROA_SQ":-0.678679960273,"START_DATE":"2024-01-01 00:00:00","FISCAL_YEAR":"12-31","CURRENCY":"HKD","IS_CNY_CODE":0,"DPS_HKD_LY":null,"ORG_TYPE":"一般企业","PREMIUM_INCOME":null,"PREMIUM_INCOME_YOY":null,"NET_INTEREST_INCOME":null,"NET_INTEREST_INCOME_YOY":null,"FEE_COMMISSION_INCOME":null,"FEE_COMMISSION_INCOME_YOY":null,"ACCOUNTS_RECE_TDAYS":4.74110723063,"INVENTORY_TDAYS":1.405330008764,"CURRENT_ASSETS_TDAYS":0.113847893239,"TOTAL_ASSETS_TDAYS":0.034824532942,"PREMIUM_EXPENSE":null,"LOAN_DEPOSIT":null,"LOAN_EQUITY":null,"LOAN_ASSETS":null,"DEPOSIT_EQUITY":null,"DEPOSIT_ASSETS":null,"EQUITY_MULTIPLIER":1.109382183767,"EQUITY_RATIO":0.110916825531},{"SECUCODE":"02389.HK","SECURITY_CODE":"02389","SECURITY_NAME_ABBR":"北京健康","ORG_CODE":"10010611","STD_REPORT_DATE":"2023-12-31 00:00:00","REPORT_DATE":"2023-12-31 00:00:00","DATE_TYPE_CODE":"001","REPORT_TYPE":"2023年年报","PER_NETCASH_OPERATE":-0.006539867007,"PER_OI":0.020991770536,"BPS":0.28201493786,"BASIC_EPS":-0.009152822,"DILUTED_EPS":-0.009152822,"OPERATE_INCOME":127184352.12,"OPERATE_INCOME_YOY":-15.7000072079,"GROSS_PROFIT":34865908.28,"GROSS_PROFIT_YOY":-16.082368026269,"HOLDER_PROFIT":-56078706.04,"HOLDER_PROFIT_YOY":36.6586144776,"GROSS_PROFIT_RATIO":27.413677625298,"EPS_TTM":-0.009255787442,"OPERATE_INCOME_QOQ":-10.529458186525,"NET_PROFIT_RATIO":-43.9777407265,"ROE_AVG":-3.155053262746,"GROSS_PROFIT_QOQ":-6.309597934614,"ROA":-2.69415181586,"HOLDER_PROFIT_QOQ":24.183291822043,"ROE_YEARLY":-3.155053262746,"ROIC_YEARLY":-3.039938181406,"TOTAL_ASSETS":1974083367.62,"TOTAL_LIABILITIES":202832879.06,"TAX_EBT":10.260548431184,"OCF_SALES":-31.154432616533,"TOTAL_PARENT_EQUITY":1708664216.7,"DEBT_ASSET_RATIO":10.2747879034,"OPERATE_PROFIT":-41126076.04,"PRETAX_PROFIT":-62327999.16,"NETCASH_OPERATE":-39623563.28,"NETCASH_INVEST":67749913.42,"NETCASH_FINANCE":-61985448,"END_CASH":138945275.28,"DIVI_RATIO":null,"DIVIDEND_RATE":null,"CURRENT_RATIO":4.66423053391,"COMMON_ACS":10000000000,"CURRENTDEBT_DEBT":66.451169004079,"ISSUED_COMMON_SHARES":6058772027,"HK_COMMON_SHARES":6058772027,"PER_SHARES":6000,"TOTAL_MARKET_CAP":484701762.16,"HKSK_MARKET_CAP":484701762.16,"PE_TTM":-4.739015459283,"PB_TTM":0.268377158601,"REPORT_DATE_SQ":"2022-12-31 00:00:00","REPORT_TYPE_SQ":"2022年年报","OPERATE_INCOME_SQ":148715162.68,"DPS_HKD":null,"OPERATE_INCOME_QOQ_SQ":-16.858664804714,"NET_PROFIT_RATIO_SQ":-59.3480454578,"HOLDER_PROFIT_SQ":-87268905.92,"HOLDER_PROFIT_QOQ_SQ":-74.400417935068,"ROE_AVG_SQ":-4.511619164961,"PE_TTM_SQ":-4.943490589467,"PB_TTM_SQ":0.20192806447,"ROA_SQ":-3.719350035054,"START_DATE":"2023-01-01 00:00:00","FISCAL_YEAR":"12-31","CURRENCY":"HKD","IS_CNY_CODE":0,"DPS_HKD_LY":null,"ORG_TYPE":"一般企业","PREMIUM_INCOME":null,"PREMIUM_INCOME_YOY":null,"NET_INTEREST_INCOME":null,"NET_INTEREST_INCOME_YOY":null,"FEE_COMMISSION_INCOME":null,"FEE_COMMISSION_INCOME_YOY":null,"ACCOUNTS_RECE_TDAYS":7.911050985034,"INVENTORY_TDAYS":2.244717184849,"CURRENT_ASSETS_TDAYS":0.210485269736,"TOTAL_ASSETS_TDAYS":0.061102328746,"PREMIUM_EXPENSE":null,"LOAN_DEPOSIT":null,"LOAN_EQUITY":null,"LOAN_ASSETS":null,"DEPOSIT_EQUITY":null,"DEPOSIT_ASSETS":null,"EQUITY_MULTIPLIER":1.114513943888,"EQUITY_RATIO":0.11870844902},{"SECUCODE":"02389.HK","SECURITY_CODE":"02389","SECURITY_NAME_ABBR":"北京健康","ORG_CODE":"10010611","STD_REPORT_DATE":"2023-06-30 00:00:00","REPORT_DATE":"2023-06-30 00:00:00","DATE_TYPE_CODE":"002","REPORT_TYPE":"2023年中报","PER_NETCASH_OPERATE":-0.001872333514,"PER_OI":0.011875257052,"BPS":0.301348305198,"BASIC_EPS":-0.002397148,"DILUTED_EPS":-0.002397148,"OPERATE_INCOME":71949475.24,"OPERATE_INCOME_YOY":-14.9977670548,"GROSS_PROFIT":17263153.52,"GROSS_PROFIT_YOY":-20.066773668537,"HOLDER_PROFIT":-14764587.72,"HOLDER_PROFIT_YOY":51.2065813528,"GROSS_PROFIT_RATIO":23.993439093775,"EPS_TTM":-0.012208110408,"OPERATE_INCOME_QOQ":-4.413102854967,"NET_PROFIT_RATIO":-23.1066916118,"ROE_AVG":-0.797203862461,"GROSS_PROFIT_QOQ":-10.430919150965,"ROA":-0.678679960273,"HOLDER_PROFIT_QOQ":15.243399627577,"ROE_YEARLY":-1.594407724922,"ROIC_YEARLY":-1.53293527814,"TOTAL_ASSETS":2123992985.4,"TOTAL_LIABILITIES":205728773.24,"TAX_EBT":7.528205128205,"OCF_SALES":-15.766677772367,"TOTAL_PARENT_EQUITY":1825800681.92,"DEBT_ASSET_RATIO":9.6859440994,"OPERATE_PROFIT":-11669500.86,"PRETAX_PROFIT":-17978610,"NETCASH_OPERATE":-11344041.92,"NETCASH_INVEST":-6401307.14,"NETCASH_FINANCE":-28917902.7,"END_CASH":129146348.5,"DIVI_RATIO":null,"DIVIDEND_RATE":null,"CURRENT_RATIO":5.496661174226,"COMMON_ACS":10000000000,"CURRENTDEBT_DEBT":62.011849169572,"ISSUED_COMMON_SHARES":6058772027,"HK_COMMON_SHARES":6058772027,"PER_SHARES":6000,"TOTAL_MARKET_CAP":484701762.16,"HKSK_MARKET_CAP":484701762.16,"PE_TTM":-4.739015459283,"PB_TTM":0.268377158601,"REPORT_DATE_SQ":"2022-06-30 00:00:00","REPORT_TYPE_SQ":"2022年中报","OPERATE_INCOME_SQ":78512428.33,"DPS_HKD":null,"OPERATE_INCOME_QOQ_SQ":7.360454152269,"NET_PROFIT_RATIO_SQ":-37.4557495616,"HOLDER_PROFIT_SQ":-28067335.8,"HOLDER_PROFIT_QOQ_SQ":-55.297581474498,"ROE_AVG_SQ":-1.466926440478,"PE_TTM_SQ":-4.943490589467,"PB_TTM_SQ":0.20192806447,"ROA_SQ":-1.207205938041,"START_DATE":"2023-01-01 00:00:00","FISCAL_YEAR":"12-31","CURRENCY":"HKD","IS_CNY_CODE":0,"DPS_HKD_LY":null,"ORG_TYPE":"一般企业","PREMIUM_INCOME":null,"PREMIUM_INCOME_YOY":null,"NET_INTEREST_INCOME":null,"NET_INTEREST_INCOME_YOY":null,"FEE_COMMISSION_INCOME":null,"FEE_COMMISSION_INCOME_YOY":null,"ACCOUNTS_RECE_TDAYS":3.423545153436,"INVENTORY_TDAYS":1.622906862209,"CURRENT_ASSETS_TDAYS":0.111450536487,"TOTAL_ASSETS_TDAYS":0.033072827988,"PREMIUM_EXPENSE":null,"LOAN_DEPOSIT":null,"LOAN_EQUITY":null,"LOAN_ASSETS":null,"DEPOSIT_EQUITY":null,"DEPOSIT_ASSETS":null,"EQUITY_MULTIPLIER":1.107247360367,"EQUITY_RATIO":0.112678659438},{"SECUCODE":"02389.HK","SECURITY_CODE":"02389","SECURITY_NAME_ABBR":"北京健康","ORG_CODE":"10010611","STD_REPORT_DATE":"2022-12-31 00:00:00","REPORT_DATE":"2022-12-31 00:00:00","DATE_TYPE_CODE":"001","REPORT_TYPE":"2022年年报","PER_NETCASH_OPERATE":-0.004903218054,"PER_OI":0.024545429671,"BPS":0.30035848521,"BASIC_EPS":-0.014381647,"DILUTED_EPS":-0.014381647,"OPERATE_INCOME":148715162.68,"OPERATE_INCOME_YOY":-18.300486809,"GROSS_PROFIT":41547774.24,"GROSS_PROFIT_YOY":8.141451161006,"HOLDER_PROFIT":-87268905.92,"HOLDER_PROFIT_YOY":-147.8964729764,"GROSS_PROFIT_RATIO":27.937819850556,"EPS_TTM":-0.014403728269,"OPERATE_INCOME_QOQ":-16.858664804714,"NET_PROFIT_RATIO":-59.3480454578,"ROE_AVG":-4.511619164961,"GROSS_PROFIT_QOQ":0.721687613099,"ROA":-3.719350035054,"HOLDER_PROFIT_QOQ":-74.400417935068,"ROE_YEARLY":-4.511619164961,"ROIC_YEARLY":-4.331348900227,"TOTAL_ASSETS":2157632049.37,"TOTAL_LIABILITIES":242764881.17,"TAX_EBT":3.788852535639,"OCF_SALES":-19.976093798804,"TOTAL_PARENT_EQUITY":1819803588.26,"DEBT_ASSET_RATIO":11.2514495343,"OPERATE_PROFIT":-51591702.12,"PRETAX_PROFIT":-91735255.92,"NETCASH_OPERATE":-29707480.39,"NETCASH_INVEST":20339757.9,"NETCASH_FINANCE":-15823384.78,"END_CASH":173049624.02,"DIVI_RATIO":null,"DIVIDEND_RATE":null,"CURRENT_RATIO":3.508931068712,"COMMON_ACS":10000000000,"CURRENTDEBT_DEBT":67.093619260333,"ISSUED_COMMON_SHARES":6058772027,"HK_COMMON_SHARES":6058772027,"PER_SHARES":6000,"TOTAL_MARKET_CAP":484701762.16,"HKSK_MARKET_CAP":484701762.16,"PE_TTM":-4.739015459283,"PB_TTM":0.268377158601,"REPORT_DATE_SQ":"2021-12-31 00:00:00","REPORT_TYPE_SQ":"2021年年报","OPERATE_INCOME_SQ":166607257.6,"DPS_HKD":null,"OPERATE_INCOME_QOQ_SQ":25.549542694408,"NET_PROFIT_RATIO_SQ":-19.7442289573,"HOLDER_PROFIT_SQ":-32221616,"HOLDER_PROFIT_QOQ_SQ":66.808925227451,"ROE_AVG_SQ":-1.722667568871,"PE_TTM_SQ":-4.943490589467,"PB_TTM_SQ":0.20192806447,"ROA_SQ":-1.395890923574,"START_DATE":"2022-01-01 00:00:00","FISCAL_YEAR":"12-31","CURRENCY":"HKD","IS_CNY_CODE":0,"DPS_HKD_LY":null,"ORG_TYPE":"一般企业","PREMIUM_INCOME":null,"PREMIUM_INCOME_YOY":null,"NET_INTEREST_INCOME":null,"NET_INTEREST_INCOME_YOY":null,"FEE_COMMISSION_INCOME":null,"FEE_COMMISSION_INCOME_YOY":null,"ACCOUNTS_RECE_TDAYS":6.229056759083,"INVENTORY_TDAYS":2.066807931504,"CURRENT_ASSETS_TDAYS":0.239433530675,"TOTAL_ASSETS_TDAYS":0.063381537753,"PREMIUM_EXPENSE":null,"LOAN_DEPOSIT":null,"LOAN_EQUITY":null,"LOAN_ASSETS":null,"DEPOSIT_EQUITY":null,"DEPOSIT_ASSETS":null,"EQUITY_MULTIPLIER":1.126778966814,"EQUITY_RATIO":0.133401693862},{"SECUCODE":"02389.HK","SECURITY_CODE":"02389","SECURITY_NAME_ABBR":"北京健康","ORG_CODE":"10010611","STD_REPORT_DATE":"2022-06-30 00:00:00","REPORT_DATE":"2022-06-30 00:00:00","DATE_TYPE_CODE":"002","REPORT_TYPE":"2022年中报","PER_NETCASH_OPERATE":-0.00014194681,"PER_OI":0.0129154715,"BPS":0.307851472032,"BASIC_EPS":-0.004618026,"DILUTED_EPS":-0.004618026,"OPERATE_INCOME":78512428.33,"OPERATE_INCOME_YOY":15.3079038923,"GROSS_PROFIT":21596968.26,"GROSS_PROFIT_YOY":15.081133421314,"HOLDER_PROFIT":-28067335.8,"HOLDER_PROFIT_YOY":-166.4393570385,"GROSS_PROFIT_RATIO":27.507706384045,"EPS_TTM":-0.008231592549,"OPERATE_INCOME_QOQ":7.360454152269,"NET_PROFIT_RATIO":-37.4557495616,"ROE_AVG":-1.466926440478,"GROSS_PROFIT_QOQ":7.366599710291,"ROA":-1.207205938041,"HOLDER_PROFIT_QOQ":-55.297581474498,"ROE_YEARLY":-2.933852880955,"ROIC_YEARLY":-2.767935549776,"TOTAL_ASSETS":2222971478.91,"TOTAL_LIABILITIES":259931579.74,"TAX_EBT":3.604967342248,"OCF_SALES":-1.099044735151,"TOTAL_PARENT_EQUITY":1865201887.22,"DEBT_ASSET_RATIO":11.6929786192,"OPERATE_PROFIT":-16188746.7,"PRETAX_PROFIT":-30507192.87,"NETCASH_OPERATE":-862886.71,"NETCASH_INVEST":-77449427.16,"NETCASH_FINANCE":-3479768.11,"END_CASH":117954646.32,"DIVI_RATIO":null,"DIVIDEND_RATE":null,"CURRENT_RATIO":3.167440402373,"COMMON_ACS":10000000000,"CURRENTDEBT_DEBT":71.365637317155,"ISSUED_COMMON_SHARES":6058772027,"HK_COMMON_SHARES":6058772027,"PER_SHARES":6000,"TOTAL_MARKET_CAP":484701762.16,"HKSK_MARKET_CAP":484701762.16,"PE_TTM":-4.739015459283,"PB_TTM":0.268377158601,"REPORT_DATE_SQ":"2021-06-30 00:00:00","REPORT_TYPE_SQ":"2021年中报","OPERATE_INCOME_SQ":66249377.52,"DPS_HKD":null,"OPERATE_INCOME_QOQ_SQ":5.193388708514,"NET_PROFIT_RATIO_SQ":-14.3747095543,"HOLDER_PROFIT_SQ":-10249561.44,"HOLDER_PROFIT_QOQ_SQ":37.76023146013,"ROE_AVG_SQ":-0.541173421083,"PE_TTM_SQ":-4.943490589467,"PB_TTM_SQ":0.20192806447,"ROA_SQ":-0.441024438404,"START_DATE":"2022-01-01 00:00:00","FISCAL_YEAR":"12-31","CURRENCY":"HKD","IS_CNY_CODE":0,"DPS_HKD_LY":null,"ORG_TYPE":"一般企业","PREMIUM_INCOME":null,"PREMIUM_INCOME_YOY":null,"NET_INTEREST_INCOME":null,"NET_INTEREST_INCOME_YOY":null,"FEE_COMMISSION_INCOME":null,"FEE_COMMISSION_INCOME_YOY":null,"ACCOUNTS_RECE_TDAYS":2.378296461323,"INVENTORY_TDAYS":1.143178597501,"CURRENT_ASSETS_TDAYS":0.12769718879,"TOTAL_ASSETS_TDAYS":0.033769029724,"PREMIUM_EXPENSE":null,"LOAN_DEPOSIT":null,"LOAN_EQUITY":null,"LOAN_ASSETS":null,"DEPOSIT_EQUITY":null,"DEPOSIT_ASSETS":null,"EQUITY_MULTIPLIER":1.132412784809,"EQUITY_RATIO":0.13935841558},{"SECUCODE":"02389.HK","SECURITY_CODE":"02389","SECURITY_NAME_ABBR":"北京健康","ORG_CODE":"10010611","STD_REPORT_DATE":"2021-12-31 00:00:00","REPORT_DATE":"2021-12-31 00:00:00","DATE_TYPE_CODE":"001","REPORT_TYPE":"2021年年报","PER_NETCASH_OPERATE":-0.002855506733,"PER_OI":0.027407269562,"BPS":0.309512715455,"BASIC_EPS":-0.0053144,"DILUTED_EPS":-0.0053144,"OPERATE_INCOME":166607257.6,"OPERATE_INCOME_YOY":35.9530846571,"GROSS_PROFIT":38419841.6,"GROSS_PROFIT_YOY":39.207071397066,"HOLDER_PROFIT":-32221616,"HOLDER_PROFIT_YOY":78.7345405884,"GROSS_PROFIT_RATIO":23.060124842965,"EPS_TTM":-0.005300528489,"OPERATE_INCOME_QOQ":25.549542694408,"NET_PROFIT_RATIO":-19.7442289573,"ROE_AVG":-1.722667568871,"GROSS_PROFIT_QOQ":13.965198518014,"ROA":-1.395890923574,"HOLDER_PROFIT_QOQ":66.808925227451,"ROE_YEARLY":-1.722667568871,"ROIC_YEARLY":-1.744646754408,"TOTAL_ASSETS":2320316096,"TOTAL_LIABILITIES":279080401.6,"TAX_EBT":13.696132478174,"OCF_SALES":-10.418793184673,"TOTAL_PARENT_EQUITY":1875266982.4,"DEBT_ASSET_RATIO":12.0276889033,"OPERATE_PROFIT":-21803756.8,"PRETAX_PROFIT":-38115694.4,"NETCASH_OPERATE":-17358465.6,"NETCASH_INVEST":-167057755.2,"NETCASH_FINANCE":-18418075.2,"END_CASH":195517593.6,"DIVI_RATIO":null,"DIVIDEND_RATE":null,"CURRENT_RATIO":3.048424685343,"COMMON_ACS":10000000000,"CURRENTDEBT_DEBT":72.156582420512,"ISSUED_COMMON_SHARES":6058772027,"HK_COMMON_SHARES":6058772027,"PER_SHARES":6000,"TOTAL_MARKET_CAP":484701762.16,"HKSK_MARKET_CAP":484701762.16,"PE_TTM":-4.739015459283,"PB_TTM":0.268377158601,"REPORT_DATE_SQ":"2020-12-31 00:00:00","REPORT_TYPE_SQ":"2020年年报","OPERATE_INCOME_SQ":126150894.68,"DPS_HKD":null,"OPERATE_INCOME_QOQ_SQ":-29.12615055603,"NET_PROFIT_RATIO_SQ":-133.426514641,"HOLDER_PROFIT_SQ":-155976091.36,"HOLDER_PROFIT_QOQ_SQ":60.436017004577,"ROE_AVG_SQ":-7.974579317963,"PE_TTM_SQ":-4.943490589467,"PB_TTM_SQ":0.20192806447,"ROA_SQ":-6.31085607612,"START_DATE":"2021-01-01 00:00:00","FISCAL_YEAR":"12-31","CURRENCY":"HKD","IS_CNY_CODE":0,"DPS_HKD_LY":null,"ORG_TYPE":"一般企业","PREMIUM_INCOME":null,"PREMIUM_INCOME_YOY":null,"NET_INTEREST_INCOME":null,"NET_INTEREST_INCOME_YOY":null,"FEE_COMMISSION_INCOME":null,"FEE_COMMISSION_INCOME_YOY":null,"ACCOUNTS_RECE_TDAYS":5.877334410106,"INVENTORY_TDAYS":2.558898654328,"CURRENT_ASSETS_TDAYS":0.273486837735,"TOTAL_ASSETS_TDAYS":0.072176876134,"PREMIUM_EXPENSE":null,"LOAN_DEPOSIT":null,"LOAN_EQUITY":null,"LOAN_ASSETS":null,"DEPOSIT_EQUITY":null,"DEPOSIT_ASSETS":null,"EQUITY_MULTIPLIER":1.136721301889,"EQUITY_RATIO":0.148821690042},{"SECUCODE":"02389.HK","SECURITY_CODE":"02389","SECURITY_NAME_ABBR":"北京健康","ORG_CODE":"10010611","STD_REPORT_DATE":"2021-06-30 00:00:00","REPORT_DATE":"2021-06-30 00:00:00","DATE_TYPE_CODE":"002","REPORT_TYPE":"2021年中报","PER_NETCASH_OPERATE":-0.006606603565,"PER_OI":0.010898171989,"BPS":0.311817473069,"BASIC_EPS":-0.00166416,"DILUTED_EPS":-0.00166416,"OPERATE_INCOME":66249377.52,"OPERATE_INCOME_YOY":21.8254150409,"GROSS_PROFIT":18766732.32,"GROSS_PROFIT_YOY":48.308075571217,"HOLDER_PROFIT":-10249561.44,"HOLDER_PROFIT_YOY":83.7276582253,"GROSS_PROFIT_RATIO":28.327409286728,"EPS_TTM":-0.015969740437,"OPERATE_INCOME_QOQ":5.193388708514,"NET_PROFIT_RATIO":-14.3747095543,"ROE_AVG":-0.541173421083,"GROSS_PROFIT_QOQ":22.148755240454,"ROA":-0.441024438404,"HOLDER_PROFIT_QOQ":37.76023146013,"ROE_YEARLY":-1.082346842167,"ROIC_YEARLY":-1.156864669468,"TOTAL_ASSETS":2311078901.76,"TOTAL_LIABILITIES":251992099.68,"TAX_EBT":36.540060992515,"OCF_SALES":-60.621208505508,"TOTAL_PARENT_EQUITY":1889230983.36,"DEBT_ASSET_RATIO":10.9036562745,"OPERATE_PROFIT":-10305310.8,"PRETAX_PROFIT":-15006562.8,"NETCASH_OPERATE":-46286946.24,"NETCASH_INVEST":5746344.48,"NETCASH_FINANCE":1892149.92,"END_CASH":362979090.48,"DIVI_RATIO":null,"DIVIDEND_RATE":null,"CURRENT_RATIO":3.67321788803,"COMMON_ACS":10000000000,"CURRENTDEBT_DEBT":66.128659450678,"ISSUED_COMMON_SHARES":6058772027,"HK_COMMON_SHARES":6058772027,"PER_SHARES":6000,"TOTAL_MARKET_CAP":484701762.16,"HKSK_MARKET_CAP":484701762.16,"PE_TTM":-4.739015459283,"PB_TTM":0.268377158601,"REPORT_DATE_SQ":"2020-06-30 00:00:00","REPORT_TYPE_SQ":"2020年中报","OPERATE_INCOME_SQ":59697871.2,"DPS_HKD":null,"OPERATE_INCOME_QOQ_SQ":-1.022477028807,"NET_PROFIT_RATIO_SQ":-125.7990972382,"HOLDER_PROFIT_SQ":-69146494.56,"HOLDER_PROFIT_QOQ_SQ":-4.193091528782,"ROE_AVG_SQ":-3.273533263667,"PE_TTM_SQ":-4.943490589467,"PB_TTM_SQ":0.20192806447,"ROA_SQ":-2.633349428169,"START_DATE":"2021-01-01 00:00:00","FISCAL_YEAR":"12-31","CURRENCY":"HKD","IS_CNY_CODE":0,"DPS_HKD_LY":null,"ORG_TYPE":"一般企业","PREMIUM_INCOME":null,"PREMIUM_INCOME_YOY":null,"NET_INTEREST_INCOME":null,"NET_INTEREST_INCOME_YOY":null,"FEE_COMMISSION_INCOME":null,"FEE_COMMISSION_INCOME_YOY":null,"ACCOUNTS_RECE_TDAYS":2.301692612347,"INVENTORY_TDAYS":1.072327871317,"CURRENT_ASSETS_TDAYS":0.10795738057,"TOTAL_ASSETS_TDAYS":0.028506189934,"PREMIUM_EXPENSE":null,"LOAN_DEPOSIT":null,"LOAN_EQUITY":null,"LOAN_ASSETS":null,"DEPOSIT_EQUITY":null,"DEPOSIT_ASSETS":null,"EQUITY_MULTIPLIER":1.122380513258,"EQUITY_RATIO":0.133383425266},{"SECUCODE":"02389.HK","SECURITY_CODE":"02389","SECURITY_NAME_ABBR":"北京健康","ORG_CODE":"10010611","STD_REPORT_DATE":"2020-12-31 00:00:00","REPORT_DATE":"2020-12-31 00:00:00","DATE_TYPE_CODE":"001","REPORT_TYPE":"2020年年报","PER_NETCASH_OPERATE":0.000719394918,"PER_OI":0.020752106636,"BPS":0.316976134068,"BASIC_EPS":-0.02567002,"DILUTED_EPS":-0.02567002,"OPERATE_INCOME":126150894.68,"OPERATE_INCOME_YOY":-25.3383477373,"GROSS_PROFIT":27599058.88,"GROSS_PROFIT_YOY":-51.393683171765,"HOLDER_PROFIT":-155976091.36,"HOLDER_PROFIT_YOY":56.1253237499,"GROSS_PROFIT_RATIO":21.877814620347,"EPS_TTM":-0.025658418743,"OPERATE_INCOME_QOQ":-29.12615055603,"NET_PROFIT_RATIO":-133.426514641,"ROE_AVG":-7.974579317963,"GROSS_PROFIT_QOQ":-45.147759711174,"ROA":-6.31085607612,"HOLDER_PROFIT_QOQ":60.436017004577,"ROE_YEARLY":-7.974579317963,"ROIC_YEARLY":-8.172868400122,"TOTAL_ASSETS":2363841045.32,"TOTAL_LIABILITIES":267282139.72,"TAX_EBT":0.35922475213,"OCF_SALES":3.466611514007,"TOTAL_PARENT_EQUITY":1920486134.32,"DEBT_ASSET_RATIO":11.3071113749,"OPERATE_PROFIT":-130868286.88,"PRETAX_PROFIT":-168925564.4,"NETCASH_OPERATE":4373161.44,"NETCASH_INVEST":102465461.8,"NETCASH_FINANCE":-53668016.24,"END_CASH":401815768.8,"DIVI_RATIO":null,"DIVIDEND_RATE":null,"CURRENT_RATIO":3.349475639312,"COMMON_ACS":10000000000,"CURRENTDEBT_DEBT":69.510002424639,"ISSUED_COMMON_SHARES":6058772027,"HK_COMMON_SHARES":6058772027,"PER_SHARES":6000,"TOTAL_MARKET_CAP":484701762.16,"HKSK_MARKET_CAP":484701762.16,"PE_TTM":-4.739015459283,"PB_TTM":0.268377158601,"REPORT_DATE_SQ":"2019-12-31 00:00:00","REPORT_TYPE_SQ":"2019年年报","OPERATE_INCOME_SQ":179832313.9,"DPS_HKD":null,"OPERATE_INCOME_QOQ_SQ":21.735869136054,"NET_PROFIT_RATIO_SQ":-237.1457747005,"HOLDER_PROFIT_SQ":-378372097.32,"HOLDER_PROFIT_QOQ_SQ":-4808.68800294086,"ROE_AVG_SQ":-16.202307710897,"PE_TTM_SQ":-4.943490589467,"PB_TTM_SQ":0.20192806447,"ROA_SQ":-12.391852124144,"START_DATE":"2020-01-01 00:00:00","FISCAL_YEAR":"12-31","CURRENCY":"HKD","IS_CNY_CODE":0,"DPS_HKD_LY":null,"ORG_TYPE":"一般企业","PREMIUM_INCOME":null,"PREMIUM_INCOME_YOY":null,"NET_INTEREST_INCOME":null,"NET_INTEREST_INCOME_YOY":null,"FEE_COMMISSION_INCOME":null,"FEE_COMMISSION_INCOME_YOY":null,"ACCOUNTS_RECE_TDAYS":3.945900409367,"INVENTORY_TDAYS":2.733437602129,"CURRENT_ASSETS_TDAYS":0.15323283904,"TOTAL_ASSETS_TDAYS":0.051041164916,"PREMIUM_EXPENSE":null,"LOAN_DEPOSIT":null,"LOAN_EQUITY":null,"LOAN_ASSETS":null,"DEPOSIT_EQUITY":null,"DEPOSIT_ASSETS":null,"EQUITY_MULTIPLIER":1.127486110219,"EQUITY_RATIO":0.139174209563},{"SECUCODE":"02389.HK","SECURITY_CODE":"02389","SECURITY_NAME_ABBR":"北京健康","ORG_CODE":"10010611","STD_REPORT_DATE":"2020-06-30 00:00:00","REPORT_DATE":"2020-06-30 00:00:00","DATE_TYPE_CODE":"002","REPORT_TYPE":"2020年中报","PER_NETCASH_OPERATE":-0.010949059367,"PER_OI":0.009820434427,"BPS":0.340556029837,"BASIC_EPS":-0.011418,"DILUTED_EPS":-0.011418,"OPERATE_INCOME":59697871.2,"OPERATE_INCOME_YOY":-6.5756557787,"GROSS_PROFIT":12653884.32,"GROSS_PROFIT_YOY":-33.816554727282,"HOLDER_PROFIT":-69146494.56,"HOLDER_PROFIT_YOY":-24.9777117385,"GROSS_PROFIT_RATIO":21.196541963125,"EPS_TTM":-0.06485297182,"OPERATE_INCOME_QOQ":-1.022477028807,"NET_PROFIT_RATIO":-125.7990972382,"ROE_AVG":-3.273533263667,"GROSS_PROFIT_QOQ":-11.386815611729,"ROA":-2.633349428169,"HOLDER_PROFIT_QOQ":-4.193091528782,"ROE_YEARLY":-6.547066527334,"ROIC_YEARLY":-6.724532163587,"TOTAL_ASSETS":2452301406.72,"TOTAL_LIABILITIES":238653555.36,"TAX_EBT":-2.986271169456,"OCF_SALES":-111.492617244281,"TOTAL_PARENT_EQUITY":2063351347.2,"DEBT_ASSET_RATIO":9.7318198614,"OPERATE_PROFIT":-63073032,"PRETAX_PROFIT":-72921742.08,"NETCASH_OPERATE":-66558719.04,"NETCASH_INVEST":116781477.12,"NETCASH_FINANCE":-69042362.4,"END_CASH":393149143.2,"DIVI_RATIO":null,"DIVIDEND_RATE":null,"CURRENT_RATIO":5.25639797496,"COMMON_ACS":10000000000,"CURRENTDEBT_DEBT":63.128423196016,"ISSUED_COMMON_SHARES":6058772027,"HK_COMMON_SHARES":6058772027,"PER_SHARES":6000,"TOTAL_MARKET_CAP":484701762.16,"HKSK_MARKET_CAP":484701762.16,"PE_TTM":-4.739015459283,"PB_TTM":0.268377158601,"REPORT_DATE_SQ":"2019-06-30 00:00:00","REPORT_TYPE_SQ":"2019年中报","OPERATE_INCOME_SQ":61536615.3,"DPS_HKD":null,"OPERATE_INCOME_QOQ_SQ":-5.752031575899,"NET_PROFIT_RATIO_SQ":-102.6631405904,"HOLDER_PROFIT_SQ":-53281006.2,"HOLDER_PROFIT_QOQ_SQ":-120.24699816579,"ROE_AVG_SQ":-2.154295885444,"PE_TTM_SQ":-4.943490589467,"PB_TTM_SQ":0.20192806447,"ROA_SQ":-1.657549052246,"START_DATE":"2020-01-01 00:00:00","FISCAL_YEAR":"12-31","CURRENCY":"HKD","IS_CNY_CODE":0,"DPS_HKD_LY":null,"ORG_TYPE":"一般企业","PREMIUM_INCOME":null,"PREMIUM_INCOME_YOY":null,"NET_INTEREST_INCOME":null,"NET_INTEREST_INCOME_YOY":null,"FEE_COMMISSION_INCOME":null,"FEE_COMMISSION_INCOME_YOY":null,"ACCOUNTS_RECE_TDAYS":1.649899650354,"INVENTORY_TDAYS":1.426924888483,"CURRENT_ASSETS_TDAYS":0.062723317757,"TOTAL_ASSETS_TDAYS":0.022735115639,"PREMIUM_EXPENSE":null,"LOAN_DEPOSIT":null,"LOAN_EQUITY":null,"LOAN_ASSETS":null,"DEPOSIT_EQUITY":null,"DEPOSIT_ASSETS":null,"EQUITY_MULTIPLIER":1.107810081542,"EQUITY_RATIO":0.115663071965}],"count":46},"success":true,"message":"ok","code":0}