{"version":"32634163ca20577812ebc4eedd73e051","result":{"pages":3,"data":[{"SECUCODE":"02386.HK","SECURITY_CODE":"02386","SECURITY_NAME_ABBR":"中石化炼化工程","ORG_CODE":"10321324","STD_REPORT_DATE":"2024-06-30 00:00:00","REPORT_DATE":"2024-06-30 00:00:00","DATE_TYPE_CODE":"002","REPORT_TYPE":"2024年中报","PER_NETCASH_OPERATE":-0.953470446443,"PER_OI":6.481764227365,"BPS":7.069413656259,"BASIC_EPS":0.3,"DILUTED_EPS":0.3,"OPERATE_INCOME":28553121000,"OPERATE_INCOME_YOY":14.9960208879,"GROSS_PROFIT":2494647000,"GROSS_PROFIT_YOY":11.357033939463,"HOLDER_PROFIT":1318677000,"HOLDER_PROFIT_YOY":0.1220132567,"GROSS_PROFIT_RATIO":8.736862775877,"EPS_TTM":0.530527645335,"OPERATE_INCOME_QOQ":6.622942986367,"NET_PROFIT_RATIO":4.619011701,"ROE_AVG":4.258427264369,"GROSS_PROFIT_QOQ":4.53290934983,"ROA":1.627462548857,"HOLDER_PROFIT_QOQ":0.068809156285,"ROE_YEARLY":8.516854528738,"ROIC_YEARLY":4.533264642766,"TOTAL_ASSETS":81085459000,"TOTAL_LIABILITIES":49986524000,"TAX_EBT":12.834527486225,"OCF_SALES":-14.710045182101,"TOTAL_PARENT_EQUITY":31090440000,"DEBT_ASSET_RATIO":61.6467176932,"OPERATE_PROFIT":927462000,"PRETAX_PROFIT":1513067000,"NETCASH_OPERATE":-4200177000,"NETCASH_INVEST":752284000,"NETCASH_FINANCE":-49858000,"END_CASH":9408318000,"DIVI_RATIO":0.702674598163,"DIVIDEND_RATE":6.813953488372,"CURRENT_RATIO":1.519087990986,"COMMON_ACS":null,"CURRENTDEBT_DEBT":96.108199081817,"ISSUED_COMMON_SHARES":4397881000,"HK_COMMON_SHARES":1430681000,"PER_SHARES":500,"TOTAL_MARKET_CAP":26475243620,"HKSK_MARKET_CAP":8612699620,"PE_TTM":10.208522694743,"PB_TTM":0.777197921519,"REPORT_DATE_SQ":"2023-06-30 00:00:00","REPORT_TYPE_SQ":"2023年中报","OPERATE_INCOME_SQ":24829660000,"DPS_HKD":0.4102,"OPERATE_INCOME_QOQ_SQ":-2.128854644512,"NET_PROFIT_RATIO_SQ":5.3055539222,"HOLDER_PROFIT_SQ":1317070000,"HOLDER_PROFIT_QOQ_SQ":-1.717459900079,"ROE_AVG_SQ":4.358120810681,"PE_TTM_SQ":7.465490841586,"PB_TTM_SQ":0.542538740984,"ROA_SQ":1.690938638103,"START_DATE":"2024-01-01 00:00:00","FISCAL_YEAR":"12-31","CURRENCY":"HKD","IS_CNY_CODE":0,"DPS_HKD_LY":0.4102,"ORG_TYPE":"一般企业","PREMIUM_INCOME":null,"PREMIUM_INCOME_YOY":null,"NET_INTEREST_INCOME":null,"NET_INTEREST_INCOME_YOY":null,"FEE_COMMISSION_INCOME":null,"FEE_COMMISSION_INCOME_YOY":null,"ACCOUNTS_RECE_TDAYS":3.793308034092,"INVENTORY_TDAYS":49.892443513507,"CURRENT_ASSETS_TDAYS":0.392372833772,"TOTAL_ASSETS_TDAYS":0.352392095111,"PREMIUM_EXPENSE":null,"LOAN_DEPOSIT":null,"LOAN_EQUITY":null,"LOAN_ASSETS":null,"DEPOSIT_EQUITY":null,"DEPOSIT_ASSETS":null,"EQUITY_MULTIPLIER":2.607338772209,"EQUITY_RATIO":1.607777953609},{"SECUCODE":"02386.HK","SECURITY_CODE":"02386","SECURITY_NAME_ABBR":"中石化炼化工程","ORG_CODE":"10321324","STD_REPORT_DATE":"2023-12-31 00:00:00","REPORT_DATE":"2023-12-31 00:00:00","DATE_TYPE_CODE":"001","REPORT_TYPE":"2023年年报","PER_NETCASH_OPERATE":0.569589503872,"PER_OI":12.723794843256,"BPS":7.012955330078,"BASIC_EPS":0.53,"DILUTED_EPS":0.53,"OPERATE_INCOME":56220641000,"OPERATE_INCOME_YOY":6.0203923053,"GROSS_PROFIT":5612797000,"GROSS_PROFIT_YOY":0.008410061784,"HOLDER_PROFIT":2335445000,"HOLDER_PROFIT_YOY":2.2030516786,"GROSS_PROFIT_RATIO":9.983516552221,"EPS_TTM":0.528555393876,"OPERATE_INCOME_QOQ":8.326506162989,"NET_PROFIT_RATIO":4.154484827,"ROE_AVG":7.673089450601,"GROSS_PROFIT_QOQ":8.182751233314,"ROA":2.925717044617,"HOLDER_PROFIT_QOQ":4.139549837221,"ROE_YEARLY":7.673089450601,"ROIC_YEARLY":4.218169439142,"TOTAL_ASSETS":80967671000,"TOTAL_LIABILITIES":50119956000,"TAX_EBT":15.498074747481,"OCF_SALES":4.476569379563,"TOTAL_PARENT_EQUITY":30842143000,"DEBT_ASSET_RATIO":61.9011951079,"OPERATE_PROFIT":1726775000,"PRETAX_PROFIT":2764053000,"NETCASH_OPERATE":2516756000,"NETCASH_INVEST":-2663865000,"NETCASH_FINANCE":-1620413000,"END_CASH":12864587000,"DIVI_RATIO":0.705296557975,"DIVIDEND_RATE":6.041237113402,"CURRENT_RATIO":1.512693689882,"COMMON_ACS":null,"CURRENTDEBT_DEBT":95.70789527429,"ISSUED_COMMON_SHARES":4397881000,"HK_COMMON_SHARES":1430681000,"PER_SHARES":500,"TOTAL_MARKET_CAP":29861611990,"HKSK_MARKET_CAP":9714323990,"PE_TTM":11.514263969652,"PB_TTM":0.876606957992,"REPORT_DATE_SQ":"2022-12-31 00:00:00","REPORT_TYPE_SQ":"2022年年报","OPERATE_INCOME_SQ":53028139000,"DPS_HKD":0.4102,"OPERATE_INCOME_QOQ_SQ":-6.750185301604,"NET_PROFIT_RATIO_SQ":4.3030946268,"HOLDER_PROFIT_SQ":2285103000,"HOLDER_PROFIT_QOQ_SQ":6.772456468395,"ROE_AVG_SQ":7.715001266815,"PE_TTM_SQ":7.373324287986,"PB_TTM_SQ":0.535840731836,"ROA_SQ":3.010310451821,"START_DATE":"2023-01-01 00:00:00","FISCAL_YEAR":"12-31","CURRENCY":"HKD","IS_CNY_CODE":0,"DPS_HKD_LY":0.3631,"ORG_TYPE":"一般企业","PREMIUM_INCOME":null,"PREMIUM_INCOME_YOY":null,"NET_INTEREST_INCOME":null,"NET_INTEREST_INCOME_YOY":null,"FEE_COMMISSION_INCOME":null,"FEE_COMMISSION_INCOME_YOY":null,"ACCOUNTS_RECE_TDAYS":6.98350677726,"INVENTORY_TDAYS":82.265835141086,"CURRENT_ASSETS_TDAYS":0.78668114748,"TOTAL_ASSETS_TDAYS":0.704301268636,"PREMIUM_EXPENSE":null,"LOAN_DEPOSIT":null,"LOAN_EQUITY":null,"LOAN_ASSETS":null,"DEPOSIT_EQUITY":null,"DEPOSIT_ASSETS":null,"EQUITY_MULTIPLIER":2.624754248413,"EQUITY_RATIO":1.625047779592},{"SECUCODE":"02386.HK","SECURITY_CODE":"02386","SECURITY_NAME_ABBR":"中石化炼化工程","ORG_CODE":"10321324","STD_REPORT_DATE":"2023-06-30 00:00:00","REPORT_DATE":"2023-06-30 00:00:00","DATE_TYPE_CODE":"002","REPORT_TYPE":"2023年中报","PER_NETCASH_OPERATE":-0.234531842818,"PER_OI":5.607420957543,"BPS":6.91482875503,"BASIC_EPS":0.3,"DILUTED_EPS":0.3,"OPERATE_INCOME":24829660000,"OPERATE_INCOME_YOY":-4.3488250038,"GROSS_PROFIT":2240224000,"GROSS_PROFIT_YOY":-15.916786961199,"HOLDER_PROFIT":1317070000,"HOLDER_PROFIT_YOY":-2.8894923462,"GROSS_PROFIT_RATIO":9.022370825859,"EPS_TTM":0.506461382114,"OPERATE_INCOME_QOQ":-2.128854644512,"NET_PROFIT_RATIO":5.3055539222,"ROE_AVG":4.358120810681,"GROSS_PROFIT_QOQ":-7.556048518217,"ROA":1.690938638103,"HOLDER_PROFIT_QOQ":-1.717459900079,"ROE_YEARLY":8.716241621362,"ROIC_YEARLY":4.840080631752,"TOTAL_ASSETS":77098012000,"TOTAL_LIABILITIES":46681828000,"TAX_EBT":12.1253983988,"OCF_SALES":-4.182526059559,"TOTAL_PARENT_EQUITY":30410594000,"DEBT_ASSET_RATIO":60.5486792578,"OPERATE_PROFIT":992967000,"PRETAX_PROFIT":1499126000,"NETCASH_OPERATE":-1038507000,"NETCASH_INVEST":-506405000,"NETCASH_FINANCE":-40302000,"END_CASH":13100588000,"DIVI_RATIO":0.736064610581,"DIVIDEND_RATE":6.041237113402,"CURRENT_RATIO":1.549271030747,"COMMON_ACS":null,"CURRENTDEBT_DEBT":95.420849843327,"ISSUED_COMMON_SHARES":4397881000,"HK_COMMON_SHARES":1430681000,"PER_SHARES":500,"TOTAL_MARKET_CAP":29861611990,"HKSK_MARKET_CAP":9714323990,"PE_TTM":11.514263969652,"PB_TTM":0.876606957992,"REPORT_DATE_SQ":"2022-06-30 00:00:00","REPORT_TYPE_SQ":"2022年中报","OPERATE_INCOME_SQ":25958552000,"DPS_HKD":0.4102,"OPERATE_INCOME_QOQ_SQ":-1.545786595784,"NET_PROFIT_RATIO_SQ":5.2185037132,"HOLDER_PROFIT_SQ":1356259000,"HOLDER_PROFIT_QOQ_SQ":0.351194526268,"ROE_AVG_SQ":4.620094415812,"PE_TTM_SQ":7.373324287986,"PB_TTM_SQ":0.535840731836,"ROA_SQ":1.866180181668,"START_DATE":"2023-01-01 00:00:00","FISCAL_YEAR":"12-31","CURRENCY":"HKD","IS_CNY_CODE":0,"DPS_HKD_LY":0.3631,"ORG_TYPE":"一般企业","PREMIUM_INCOME":null,"PREMIUM_INCOME_YOY":null,"NET_INTEREST_INCOME":null,"NET_INTEREST_INCOME_YOY":null,"FEE_COMMISSION_INCOME":null,"FEE_COMMISSION_INCOME_YOY":null,"ACCOUNTS_RECE_TDAYS":3.236000878932,"INVENTORY_TDAYS":28.473391084039,"CURRENT_ASSETS_TDAYS":0.356286753292,"TOTAL_ASSETS_TDAYS":0.318779043369,"PREMIUM_EXPENSE":null,"LOAN_DEPOSIT":null,"LOAN_EQUITY":null,"LOAN_ASSETS":null,"DEPOSIT_EQUITY":null,"DEPOSIT_ASSETS":null,"EQUITY_MULTIPLIER":2.534769384616,"EQUITY_RATIO":1.535051502118},{"SECUCODE":"02386.HK","SECURITY_CODE":"02386","SECURITY_NAME_ABBR":"中石化炼化工程","ORG_CODE":"10321324","STD_REPORT_DATE":"2022-12-31 00:00:00","REPORT_DATE":"2022-12-31 00:00:00","DATE_TYPE_CODE":"001","REPORT_TYPE":"2022年年报","PER_NETCASH_OPERATE":1.537725383921,"PER_OI":11.975641147245,"BPS":6.82924503869,"BASIC_EPS":0.52,"DILUTED_EPS":0.52,"OPERATE_INCOME":53028139000,"OPERATE_INCOME_YOY":-8.1916284378,"GROSS_PROFIT":5612325000,"GROSS_PROFIT_YOY":-13.231895357418,"HOLDER_PROFIT":2285103000,"HOLDER_PROFIT_YOY":7.1474354911,"GROSS_PROFIT_RATIO":10.583673321065,"EPS_TTM":0.515311653117,"OPERATE_INCOME_QOQ":-6.750185301604,"NET_PROFIT_RATIO":4.3030946268,"ROE_AVG":7.715001266815,"GROSS_PROFIT_QOQ":-15.069417499529,"ROA":3.010310451821,"HOLDER_PROFIT_QOQ":6.772456468395,"ROE_YEARLY":7.715001266815,"ROIC_YEARLY":4.190677516649,"TOTAL_ASSETS":78682463000,"TOTAL_LIABILITIES":48645671000,"TAX_EBT":17.272567983793,"OCF_SALES":12.840443071178,"TOTAL_PARENT_EQUITY":30031512000,"DEBT_ASSET_RATIO":61.8214971075,"OPERATE_PROFIT":1810813000,"PRETAX_PROFIT":2762276000,"NETCASH_OPERATE":6809048000,"NETCASH_INVEST":-905076000,"NETCASH_FINANCE":-1527590000,"END_CASH":14973098000,"DIVI_RATIO":0.723422996056,"DIVIDEND_RATE":6.041237113402,"CURRENT_RATIO":1.514120127669,"COMMON_ACS":null,"CURRENTDEBT_DEBT":95.53838408355,"ISSUED_COMMON_SHARES":4397881000,"HK_COMMON_SHARES":1430681000,"PER_SHARES":500,"TOTAL_MARKET_CAP":29861611990,"HKSK_MARKET_CAP":9714323990,"PE_TTM":11.514263969652,"PB_TTM":0.876606957992,"REPORT_DATE_SQ":"2021-12-31 00:00:00","REPORT_TYPE_SQ":"2021年年报","OPERATE_INCOME_SQ":57759590000,"DPS_HKD":0.4102,"OPERATE_INCOME_QOQ_SQ":4.246354510149,"NET_PROFIT_RATIO_SQ":3.6876560239,"HOLDER_PROFIT_SQ":2129589000,"HOLDER_PROFIT_QOQ_SQ":-13.741346648083,"ROE_AVG_SQ":7.424147177366,"PE_TTM_SQ":7.373324287986,"PB_TTM_SQ":0.535840731836,"ROA_SQ":2.949925326859,"START_DATE":"2022-01-01 00:00:00","FISCAL_YEAR":"12-31","CURRENCY":"HKD","IS_CNY_CODE":0,"DPS_HKD_LY":0.3969,"ORG_TYPE":"一般企业","PREMIUM_INCOME":null,"PREMIUM_INCOME_YOY":null,"NET_INTEREST_INCOME":null,"NET_INTEREST_INCOME_YOY":null,"FEE_COMMISSION_INCOME":null,"FEE_COMMISSION_INCOME_YOY":null,"ACCOUNTS_RECE_TDAYS":6.865004331396,"INVENTORY_TDAYS":76.636201275874,"CURRENT_ASSETS_TDAYS":0.783820493339,"TOTAL_ASSETS_TDAYS":0.699584367921,"PREMIUM_EXPENSE":null,"LOAN_DEPOSIT":null,"LOAN_EQUITY":null,"LOAN_ASSETS":null,"DEPOSIT_EQUITY":null,"DEPOSIT_ASSETS":null,"EQUITY_MULTIPLIER":2.619275048096,"EQUITY_RATIO":1.619820906786},{"SECUCODE":"02386.HK","SECURITY_CODE":"02386","SECURITY_NAME_ABBR":"中石化炼化工程","ORG_CODE":"10321324","STD_REPORT_DATE":"2022-06-30 00:00:00","REPORT_DATE":"2022-06-30 00:00:00","DATE_TYPE_CODE":"002","REPORT_TYPE":"2022年中报","PER_NETCASH_OPERATE":-0.311311878952,"PER_OI":5.862364950316,"BPS":6.712703231397,"BASIC_EPS":0.31,"DILUTED_EPS":0.31,"OPERATE_INCOME":25958552000,"OPERATE_INCOME_YOY":-3.3251162547,"GROSS_PROFIT":2664294000,"GROSS_PROFIT_YOY":5.543721930904,"HOLDER_PROFIT":1356259000,"HOLDER_PROFIT_YOY":0.5551815085,"GROSS_PROFIT_RATIO":10.263646446843,"EPS_TTM":0.48262601626,"OPERATE_INCOME_QOQ":-1.545786595784,"NET_PROFIT_RATIO":5.2185037132,"ROE_AVG":4.620094415812,"GROSS_PROFIT_QOQ":2.163557682065,"ROA":1.866180181668,"HOLDER_PROFIT_QOQ":0.351194526268,"ROE_YEARLY":9.240188831624,"ROIC_YEARLY":4.967501350004,"TOTAL_ASSETS":72256949000,"TOTAL_LIABILITIES":42729985000,"TAX_EBT":16.379021742146,"OCF_SALES":-5.310346278175,"TOTAL_PARENT_EQUITY":29521670000,"DEBT_ASSET_RATIO":59.1361600391,"OPERATE_PROFIT":1167517000,"PRETAX_PROFIT":1621965000,"NETCASH_OPERATE":-1378489000,"NETCASH_INVEST":-883481000,"NETCASH_FINANCE":248000,"END_CASH":8211523000,"DIVI_RATIO":0.772416503546,"DIVIDEND_RATE":6.041237113402,"CURRENT_RATIO":1.594972960801,"COMMON_ACS":null,"CURRENTDEBT_DEBT":94.505764511736,"ISSUED_COMMON_SHARES":4397881000,"HK_COMMON_SHARES":1430681000,"PER_SHARES":500,"TOTAL_MARKET_CAP":29861611990,"HKSK_MARKET_CAP":9714323990,"PE_TTM":11.514263969652,"PB_TTM":0.876606957992,"REPORT_DATE_SQ":"2021-06-30 00:00:00","REPORT_TYPE_SQ":"2021年中报","OPERATE_INCOME_SQ":26851392000,"DPS_HKD":0.4102,"OPERATE_INCOME_QOQ_SQ":5.833973734706,"NET_PROFIT_RATIO_SQ":5.0175536523,"HOLDER_PROFIT_SQ":1347127000,"HOLDER_PROFIT_QOQ_SQ":3.649851694337,"ROE_AVG_SQ":4.724983731998,"PE_TTM_SQ":7.373324287986,"PB_TTM_SQ":0.535840731836,"ROA_SQ":1.875231101836,"START_DATE":"2022-01-01 00:00:00","FISCAL_YEAR":"12-31","CURRENCY":"HKD","IS_CNY_CODE":0,"DPS_HKD_LY":0.3969,"ORG_TYPE":"一般企业","PREMIUM_INCOME":null,"PREMIUM_INCOME_YOY":null,"NET_INTEREST_INCOME":null,"NET_INTEREST_INCOME_YOY":null,"FEE_COMMISSION_INCOME":null,"FEE_COMMISSION_INCOME_YOY":null,"ACCOUNTS_RECE_TDAYS":3.8966881707,"INVENTORY_TDAYS":39.6778961784,"CURRENT_ASSETS_TDAYS":0.401380507441,"TOTAL_ASSETS_TDAYS":0.357619376314,"PREMIUM_EXPENSE":null,"LOAN_DEPOSIT":null,"LOAN_EQUITY":null,"LOAN_ASSETS":null,"DEPOSIT_EQUITY":null,"DEPOSIT_ASSETS":null,"EQUITY_MULTIPLIER":2.447151322433,"EQUITY_RATIO":1.447410834143},{"SECUCODE":"02386.HK","SECURITY_CODE":"02386","SECURITY_NAME_ABBR":"中石化炼化工程","ORG_CODE":"10321324","STD_REPORT_DATE":"2021-12-31 00:00:00","REPORT_DATE":"2021-12-31 00:00:00","DATE_TYPE_CODE":"001","REPORT_TYPE":"2021年年报","PER_NETCASH_OPERATE":0.664685636856,"PER_OI":13.044171183379,"BPS":6.620934945716,"BASIC_EPS":0.48,"DILUTED_EPS":0.48,"OPERATE_INCOME":57759590000,"OPERATE_INCOME_YOY":10.3280594517,"GROSS_PROFIT":6468189000,"GROSS_PROFIT_YOY":13.197541088037,"HOLDER_PROFIT":2129589000,"HOLDER_PROFIT_YOY":-10.5930337272,"GROSS_PROFIT_RATIO":11.198467648403,"EPS_TTM":0.48093699187,"OPERATE_INCOME_QOQ":4.246354510149,"NET_PROFIT_RATIO":3.6876560239,"ROE_AVG":7.424147177366,"GROSS_PROFIT_QOQ":6.971482381644,"ROA":2.949925326859,"HOLDER_PROFIT_QOQ":-13.741346648083,"ROE_YEARLY":7.424147177366,"ROIC_YEARLY":3.907665117572,"TOTAL_ASSETS":72917243000,"TOTAL_LIABILITIES":43793907000,"TAX_EBT":17.837939798805,"OCF_SALES":5.095652514154,"TOTAL_PARENT_EQUITY":29118084000,"DEBT_ASSET_RATIO":60.0597406021,"OPERATE_PROFIT":1701898000,"PRETAX_PROFIT":2592407000,"NETCASH_OPERATE":2943228000,"NETCASH_INVEST":503375000,"NETCASH_FINANCE":-1389437000,"END_CASH":10305176000,"DIVI_RATIO":0.775129188026,"DIVIDEND_RATE":6.041237113402,"CURRENT_RATIO":1.569667523625,"COMMON_ACS":null,"CURRENTDEBT_DEBT":94.46596760595,"ISSUED_COMMON_SHARES":4397881000,"HK_COMMON_SHARES":1430681000,"PER_SHARES":500,"TOTAL_MARKET_CAP":29861611990,"HKSK_MARKET_CAP":9714323990,"PE_TTM":11.514263969652,"PB_TTM":0.876606957992,"REPORT_DATE_SQ":"2020-12-31 00:00:00","REPORT_TYPE_SQ":"2020年年报","OPERATE_INCOME_SQ":52352584000,"DPS_HKD":0.4102,"OPERATE_INCOME_QOQ_SQ":-1.917718404362,"NET_PROFIT_RATIO_SQ":4.550312168,"HOLDER_PROFIT_SQ":2381905000,"HOLDER_PROFIT_QOQ_SQ":6.099966903686,"ROE_AVG_SQ":8.58079020918,"PE_TTM_SQ":7.373324287986,"PB_TTM_SQ":0.535840731836,"ROA_SQ":3.418861507441,"START_DATE":"2021-01-01 00:00:00","FISCAL_YEAR":"12-31","CURRENCY":"HKD","IS_CNY_CODE":0,"DPS_HKD_LY":0.332381,"ORG_TYPE":"一般企业","PREMIUM_INCOME":null,"PREMIUM_INCOME_YOY":null,"NET_INTEREST_INCOME":null,"NET_INTEREST_INCOME_YOY":null,"FEE_COMMISSION_INCOME":null,"FEE_COMMISSION_INCOME_YOY":null,"ACCOUNTS_RECE_TDAYS":7.56119294898,"INVENTORY_TDAYS":56.115879572419,"CURRENT_ASSETS_TDAYS":0.895545476187,"TOTAL_ASSETS_TDAYS":0.800090897398,"PREMIUM_EXPENSE":null,"LOAN_DEPOSIT":null,"LOAN_EQUITY":null,"LOAN_ASSETS":null,"DEPOSIT_EQUITY":null,"DEPOSIT_ASSETS":null,"EQUITY_MULTIPLIER":2.50373937244,"EQUITY_RATIO":1.504010600423},{"SECUCODE":"02386.HK","SECURITY_CODE":"02386","SECURITY_NAME_ABBR":"中石化炼化工程","ORG_CODE":"10321324","STD_REPORT_DATE":"2021-06-30 00:00:00","REPORT_DATE":"2021-06-30 00:00:00","DATE_TYPE_CODE":"002","REPORT_TYPE":"2021年中报","PER_NETCASH_OPERATE":-0.446783875339,"PER_OI":6.064,"BPS":6.541848904052,"BASIC_EPS":0.3,"DILUTED_EPS":0.3,"OPERATE_INCOME":26851392000,"OPERATE_INCOME_YOY":12.8344580336,"GROSS_PROFIT":2524351000,"GROSS_PROFIT_YOY":15.17382030546,"HOLDER_PROFIT":1347127000,"HOLDER_PROFIT_YOY":6.8986367939,"GROSS_PROFIT_RATIO":9.401192310626,"EPS_TTM":0.557552168022,"OPERATE_INCOME_QOQ":5.833973734706,"NET_PROFIT_RATIO":5.0175536523,"ROE_AVG":4.724983731998,"GROSS_PROFIT_QOQ":5.820297679133,"ROA":1.875231101836,"HOLDER_PROFIT_QOQ":3.649851694337,"ROE_YEARLY":9.449967463995,"ROIC_YEARLY":4.824564466525,"TOTAL_ASSETS":72210511000,"TOTAL_LIABILITIES":43435216000,"TAX_EBT":16.380618529316,"OCF_SALES":-7.367807970626,"TOTAL_PARENT_EQUITY":28770273000,"DEBT_ASSET_RATIO":60.1508220874,"OPERATE_PROFIT":1161083000,"PRETAX_PROFIT":1611209000,"NETCASH_OPERATE":-1978359000,"NETCASH_INVEST":187071000,"NETCASH_FINANCE":-31547000,"END_CASH":6570002000,"DIVI_RATIO":0.668615999329,"DIVIDEND_RATE":6.041237113402,"CURRENT_RATIO":1.581575133654,"COMMON_ACS":null,"CURRENTDEBT_DEBT":94.339956776087,"ISSUED_COMMON_SHARES":4397881000,"HK_COMMON_SHARES":1430681000,"PER_SHARES":500,"TOTAL_MARKET_CAP":29861611990,"HKSK_MARKET_CAP":9714323990,"PE_TTM":11.514263969652,"PB_TTM":0.876606957992,"REPORT_DATE_SQ":"2020-06-30 00:00:00","REPORT_TYPE_SQ":"2020年中报","OPERATE_INCOME_SQ":23797156000,"DPS_HKD":0.4102,"OPERATE_INCOME_QOQ_SQ":2.133784106255,"NET_PROFIT_RATIO_SQ":5.296233718,"HOLDER_PROFIT_SQ":1260191000,"HOLDER_PROFIT_QOQ_SQ":2.816909149115,"ROE_AVG_SQ":4.597960285446,"PE_TTM_SQ":7.373324287986,"PB_TTM_SQ":0.535840731836,"ROA_SQ":1.861825100848,"START_DATE":"2021-01-01 00:00:00","FISCAL_YEAR":"12-31","CURRENCY":"HKD","IS_CNY_CODE":0,"DPS_HKD_LY":0.332381,"ORG_TYPE":"一般企业","PREMIUM_INCOME":null,"PREMIUM_INCOME_YOY":null,"NET_INTEREST_INCOME":null,"NET_INTEREST_INCOME_YOY":null,"FEE_COMMISSION_INCOME":null,"FEE_COMMISSION_INCOME_YOY":null,"ACCOUNTS_RECE_TDAYS":3.269288869738,"INVENTORY_TDAYS":16.207352090756,"CURRENT_ASSETS_TDAYS":0.416742440147,"TOTAL_ASSETS_TDAYS":0.373777419694,"PREMIUM_EXPENSE":null,"LOAN_DEPOSIT":null,"LOAN_EQUITY":null,"LOAN_ASSETS":null,"DEPOSIT_EQUITY":null,"DEPOSIT_ASSETS":null,"EQUITY_MULTIPLIER":2.509462057645,"EQUITY_RATIO":1.509725542055},{"SECUCODE":"02386.HK","SECURITY_CODE":"02386","SECURITY_NAME_ABBR":"中石化炼化工程","ORG_CODE":"10321324","STD_REPORT_DATE":"2020-12-31 00:00:00","REPORT_DATE":"2020-12-31 00:00:00","DATE_TYPE_CODE":"001","REPORT_TYPE":"2020年年报","PER_NETCASH_OPERATE":0.667758807588,"PER_OI":11.823076784101,"BPS":6.423814559785,"BASIC_EPS":0.54,"DILUTED_EPS":0.54,"OPERATE_INCOME":52352584000,"OPERATE_INCOME_YOY":0.1751457314,"GROSS_PROFIT":5714072000,"GROSS_PROFIT_YOY":4.219410283156,"HOLDER_PROFIT":2381905000,"HOLDER_PROFIT_YOY":9.0887065786,"GROSS_PROFIT_RATIO":10.914594015073,"EPS_TTM":0.537918925023,"OPERATE_INCOME_QOQ":-1.917718404362,"NET_PROFIT_RATIO":4.550312168,"ROE_AVG":8.58079020918,"GROSS_PROFIT_QOQ":7.760730440325,"ROA":3.418861507441,"HOLDER_PROFIT_QOQ":6.099966903686,"ROE_YEARLY":8.58079020918,"ROIC_YEARLY":4.511437993172,"TOTAL_ASSETS":71465327000,"TOTAL_LIABILITIES":43209289000,"TAX_EBT":20.871717639431,"OCF_SALES":5.647927521591,"TOTAL_PARENT_EQUITY":28251172000,"DEBT_ASSET_RATIO":60.4618922404,"OPERATE_PROFIT":2204379000,"PRETAX_PROFIT":3010562000,"NETCASH_OPERATE":2956836000,"NETCASH_INVEST":-2951614000,"NETCASH_FINANCE":-1255306000,"END_CASH":8440757000,"DIVI_RATIO":0.693019491709,"DIVIDEND_RATE":6.041237113402,"CURRENT_RATIO":1.574915867756,"COMMON_ACS":null,"CURRENTDEBT_DEBT":94.128551849117,"ISSUED_COMMON_SHARES":4397881000,"HK_COMMON_SHARES":1430681000,"PER_SHARES":500,"TOTAL_MARKET_CAP":29861611990,"HKSK_MARKET_CAP":9714323990,"PE_TTM":11.514263969652,"PB_TTM":0.876606957992,"REPORT_DATE_SQ":"2019-12-31 00:00:00","REPORT_TYPE_SQ":"2019年年报","OPERATE_INCOME_SQ":52261051000,"DPS_HKD":0.4102,"OPERATE_INCOME_QOQ_SQ":1.744156866477,"NET_PROFIT_RATIO_SQ":4.1781000539,"HOLDER_PROFIT_SQ":2183457000,"HOLDER_PROFIT_QOQ_SQ":23.317907231028,"ROE_AVG_SQ":8.201605788468,"PE_TTM_SQ":7.373324287986,"PB_TTM_SQ":0.535840731836,"ROA_SQ":3.147405071615,"START_DATE":"2020-01-01 00:00:00","FISCAL_YEAR":"12-31","CURRENCY":"HKD","IS_CNY_CODE":0,"DPS_HKD_LY":0.35796,"ORG_TYPE":"一般企业","PREMIUM_INCOME":null,"PREMIUM_INCOME_YOY":null,"NET_INTEREST_INCOME":null,"NET_INTEREST_INCOME_YOY":null,"FEE_COMMISSION_INCOME":null,"FEE_COMMISSION_INCOME_YOY":null,"ACCOUNTS_RECE_TDAYS":6.145540101749,"INVENTORY_TDAYS":36.700090730177,"CURRENT_ASSETS_TDAYS":0.839843703096,"TOTAL_ASSETS_TDAYS":0.751441532104,"PREMIUM_EXPENSE":null,"LOAN_DEPOSIT":null,"LOAN_EQUITY":null,"LOAN_ASSETS":null,"DEPOSIT_EQUITY":null,"DEPOSIT_ASSETS":null,"EQUITY_MULTIPLIER":2.529205509986,"EQUITY_RATIO":1.529468901326},{"SECUCODE":"02386.HK","SECURITY_CODE":"02386","SECURITY_NAME_ABBR":"中石化炼化工程","ORG_CODE":"10321324","STD_REPORT_DATE":"2020-06-30 00:00:00","REPORT_DATE":"2020-06-30 00:00:00","DATE_TYPE_CODE":"002","REPORT_TYPE":"2020年中报","PER_NETCASH_OPERATE":-0.443260388437,"PER_OI":5.374244805781,"BPS":6.264208376716,"BASIC_EPS":0.28,"DILUTED_EPS":0.28,"OPERATE_INCOME":23797156000,"OPERATE_INCOME_YOY":4.9163967686,"GROSS_PROFIT":2191775000,"GROSS_PROFIT_YOY":-7.596187614173,"HOLDER_PROFIT":1260191000,"HOLDER_PROFIT_YOY":5.1311228555,"GROSS_PROFIT_RATIO":9.210239240353,"EPS_TTM":0.506992547425,"OPERATE_INCOME_QOQ":2.133784106255,"NET_PROFIT_RATIO":5.296233718,"ROE_AVG":4.597960285446,"GROSS_PROFIT_QOQ":-3.28628076545,"ROA":1.861825100848,"HOLDER_PROFIT_QOQ":2.816909149115,"ROE_YEARLY":9.195920570891,"ROIC_YEARLY":4.911473822826,"TOTAL_ASSETS":67497829000,"TOTAL_LIABILITIES":39943859000,"TAX_EBT":19.354079124763,"OCF_SALES":-8.247863736322,"TOTAL_PARENT_EQUITY":27549243000,"DEBT_ASSET_RATIO":59.1779907469,"OPERATE_PROFIT":1150453000,"PRETAX_PROFIT":1562823000,"NETCASH_OPERATE":-1962757000,"NETCASH_INVEST":461574000,"NETCASH_FINANCE":-32397000,"END_CASH":8470264000,"DIVI_RATIO":0.73529345134,"DIVIDEND_RATE":6.041237113402,"CURRENT_RATIO":1.624210228027,"COMMON_ACS":null,"CURRENTDEBT_DEBT":93.046653304079,"ISSUED_COMMON_SHARES":4397881000,"HK_COMMON_SHARES":1430681000,"PER_SHARES":500,"TOTAL_MARKET_CAP":29861611990,"HKSK_MARKET_CAP":9714323990,"PE_TTM":11.514263969652,"PB_TTM":0.876606957992,"REPORT_DATE_SQ":"2019-06-30 00:00:00","REPORT_TYPE_SQ":"2019年中报","OPERATE_INCOME_SQ":22682018000,"DPS_HKD":0.4102,"OPERATE_INCOME_QOQ_SQ":9.243360729904,"NET_PROFIT_RATIO_SQ":5.2850412164,"HOLDER_PROFIT_SQ":1198685000,"HOLDER_PROFIT_QOQ_SQ":5.425514685568,"ROE_AVG_SQ":4.546971261792,"PE_TTM_SQ":7.373324287986,"PB_TTM_SQ":0.535840731836,"ROA_SQ":1.695012800427,"START_DATE":"2020-01-01 00:00:00","FISCAL_YEAR":"12-31","CURRENCY":"HKD","IS_CNY_CODE":0,"DPS_HKD_LY":0.35796,"ORG_TYPE":"一般企业","PREMIUM_INCOME":null,"PREMIUM_INCOME_YOY":null,"NET_INTEREST_INCOME":null,"NET_INTEREST_INCOME_YOY":null,"FEE_COMMISSION_INCOME":null,"FEE_COMMISSION_INCOME_YOY":null,"ACCOUNTS_RECE_TDAYS":3.003552567126,"INVENTORY_TDAYS":19.493749794171,"CURRENT_ASSETS_TDAYS":0.393397092053,"TOTAL_ASSETS_TDAYS":0.351582755071,"PREMIUM_EXPENSE":null,"LOAN_DEPOSIT":null,"LOAN_EQUITY":null,"LOAN_ASSETS":null,"DEPOSIT_EQUITY":null,"DEPOSIT_ASSETS":null,"EQUITY_MULTIPLIER":2.449658942067,"EQUITY_RATIO":1.449907679859}],"count":27},"success":true,"message":"ok","code":0}