{"version":"edcc5529b5d72558ad62e07d5b1a98d2","result":{"pages":5,"data":[{"SECUCODE":"02383.HK","SECURITY_CODE":"02383","SECURITY_NAME_ABBR":"TOM集团","ORG_CODE":"10010608","STD_REPORT_DATE":"2024-06-30 00:00:00","REPORT_DATE":"2024-06-30 00:00:00","DATE_TYPE_CODE":"002","REPORT_TYPE":"2024年中报","PER_NETCASH_OPERATE":-0.014199358485,"PER_OI":0.078930181931,"BPS":-0.425360313646,"BASIC_EPS":-0.033495356,"DILUTED_EPS":-0.033495356,"OPERATE_INCOME":312445958.52,"OPERATE_INCOME_YOY":-9.5948472557,"GROSS_PROFIT":125448778.68,"GROSS_PROFIT_YOY":-12.334636786043,"HOLDER_PROFIT":-132716449.52,"HOLDER_PROFIT_YOY":-53.80075518,"GROSS_PROFIT_RATIO":40.1505525225,"EPS_TTM":-0.062196796642,"OPERATE_INCOME_QOQ":-5.160085849489,"NET_PROFIT_RATIO":-41.9055380778,"ROE_AVG":8.453533152361,"GROSS_PROFIT_QOQ":-6.015574104603,"ROA":-5.026488495842,"HOLDER_PROFIT_QOQ":-22.698023745039,"ROE_YEARLY":16.907066304723,"ROIC_YEARLY":-13.75766373083,"TOTAL_ASSETS":2535432341.44,"TOTAL_LIABILITIES":3951766585.32,"TAX_EBT":-4.47590541318,"OCF_SALES":-17.989770373811,"TOTAL_PARENT_EQUITY":-1683793292.52,"DEBT_ASSET_RATIO":155.8616461868,"OPERATE_PROFIT":-24537401.8,"PRETAX_PROFIT":-125322828.84,"NETCASH_OPERATE":-56208310.48,"NETCASH_INVEST":-28865330.36,"NETCASH_FINANCE":34073082.44,"END_CASH":384965685.96,"DIVI_RATIO":null,"DIVIDEND_RATE":null,"CURRENT_RATIO":1.410133630077,"COMMON_ACS":5000000000,"CURRENTDEBT_DEBT":12.120676725678,"ISSUED_COMMON_SHARES":3958510558,"HK_COMMON_SHARES":3958510558,"PER_SHARES":2000,"TOTAL_MARKET_CAP":1979255279,"HKSK_MARKET_CAP":1979255279,"PE_TTM":-7.268843778577,"PB_TTM":-1.072831633231,"REPORT_DATE_SQ":"2023-06-30 00:00:00","REPORT_TYPE_SQ":"2023年中报","OPERATE_INCOME_SQ":349128010.56,"DPS_HKD":null,"OPERATE_INCOME_QOQ_SQ":0.835227848834,"NET_PROFIT_RATIO_SQ":-23.6365508936,"HOLDER_PROFIT_SQ":-87170443.06,"HOLDER_PROFIT_QOQ_SQ":-198.512180498562,"ROE_AVG_SQ":7.274779566416,"PE_TTM_SQ":-16.867184486963,"PB_TTM_SQ":-1.807901233684,"ROA_SQ":-3.042859986505,"START_DATE":"2024-01-01 00:00:00","FISCAL_YEAR":"12-31","CURRENCY":"HKD","IS_CNY_CODE":0,"DPS_HKD_LY":null,"ORG_TYPE":"一般企业","PREMIUM_INCOME":null,"PREMIUM_INCOME_YOY":null,"NET_INTEREST_INCOME":null,"NET_INTEREST_INCOME_YOY":null,"FEE_COMMISSION_INCOME":null,"FEE_COMMISSION_INCOME_YOY":null,"ACCOUNTS_RECE_TDAYS":1.476515595887,"INVENTORY_TDAYS":2.243086422456,"CURRENT_ASSETS_TDAYS":0.422564835576,"TOTAL_ASSETS_TDAYS":0.118335445361,"PREMIUM_EXPENSE":null,"LOAN_DEPOSIT":null,"LOAN_EQUITY":null,"LOAN_ASSETS":null,"DEPOSIT_EQUITY":null,"DEPOSIT_ASSETS":null,"EQUITY_MULTIPLIER":-1.790137005014,"EQUITY_RATIO":-2.346942824202},{"SECUCODE":"02383.HK","SECURITY_CODE":"02383","SECURITY_NAME_ABBR":"TOM集团","ORG_CODE":"10010608","STD_REPORT_DATE":"2023-12-31 00:00:00","REPORT_DATE":"2023-12-31 00:00:00","DATE_TYPE_CODE":"001","REPORT_TYPE":"2023年年报","PER_NETCASH_OPERATE":-0.013801246231,"PER_OI":0.179582861711,"BPS":-0.36523968197,"BASIC_EPS":-0.050657698,"DILUTED_EPS":-0.050657698,"OPERATE_INCOME":710880654.12,"OPERATE_INCOME_YOY":-5.5022099188,"GROSS_PROFIT":293418630.26,"GROSS_PROFIT_YOY":-5.852736441841,"HOLDER_PROFIT":-200660669.72,"HOLDER_PROFIT_YOY":-255.4739502879,"GROSS_PROFIT_RATIO":41.275371408612,"EPS_TTM":-0.050690952261,"OPERATE_INCOME_QOQ":-4.926329217392,"NET_PROFIT_RATIO":-26.9569862043,"ROE_AVG":15.60874170178,"GROSS_PROFIT_QOQ":-6.587807303533,"ROA":-7.131132045393,"HOLDER_PROFIT_QOQ":-60.110050794966,"ROE_YEARLY":15.60874170178,"ROIC_YEARLY":-9.693162504473,"TOTAL_ASSETS":2725819138,"TOTAL_LIABILITIES":3895260705.42,"TAX_EBT":-7.01514668448,"OCF_SALES":-7.685168896266,"TOTAL_PARENT_EQUITY":-1445805137.28,"DEBT_ASSET_RATIO":142.902390372,"OPERATE_PROFIT":-7441878.64,"PRETAX_PROFIT":-179069978.22,"NETCASH_OPERATE":-54632378.92,"NETCASH_INVEST":8324536.92,"NETCASH_FINANCE":61155350.48,"END_CASH":448172007.22,"DIVI_RATIO":null,"DIVIDEND_RATE":null,"CURRENT_RATIO":1.615403390677,"COMMON_ACS":5000000000,"CURRENTDEBT_DEBT":12.677064583454,"ISSUED_COMMON_SHARES":3958510558,"HK_COMMON_SHARES":3958510558,"PER_SHARES":2000,"TOTAL_MARKET_CAP":1880292515.05,"HKSK_MARKET_CAP":1880292515.05,"PE_TTM":-6.905401589648,"PB_TTM":-1.019190051569,"REPORT_DATE_SQ":"2022-12-31 00:00:00","REPORT_TYPE_SQ":"2022年年报","OPERATE_INCOME_SQ":741522185.67,"DPS_HKD":null,"OPERATE_INCOME_QOQ_SQ":0.840920777886,"NET_PROFIT_RATIO_SQ":22.3091573397,"HOLDER_PROFIT_SQ":127219513.4,"HOLDER_PROFIT_QOQ_SQ":2.987238501567,"ROE_AVG_SQ":-11.181974424826,"PE_TTM_SQ":-16.59513312427,"PB_TTM_SQ":-1.778741536366,"ROA_SQ":4.572072093763,"START_DATE":"2023-01-01 00:00:00","FISCAL_YEAR":"12-31","CURRENCY":"HKD","IS_CNY_CODE":0,"DPS_HKD_LY":null,"ORG_TYPE":"一般企业","PREMIUM_INCOME":null,"PREMIUM_INCOME_YOY":null,"NET_INTEREST_INCOME":null,"NET_INTEREST_INCOME_YOY":null,"FEE_COMMISSION_INCOME":null,"FEE_COMMISSION_INCOME_YOY":null,"ACCOUNTS_RECE_TDAYS":2.340264114524,"INVENTORY_TDAYS":4.946663659988,"CURRENT_ASSETS_TDAYS":0.830086215335,"TOTAL_ASSETS_TDAYS":0.252634650334,"PREMIUM_EXPENSE":null,"LOAN_DEPOSIT":null,"LOAN_EQUITY":null,"LOAN_ASSETS":null,"DEPOSIT_EQUITY":null,"DEPOSIT_ASSETS":null,"EQUITY_MULTIPLIER":-2.330872455658,"EQUITY_RATIO":-2.69418098261},{"SECUCODE":"02383.HK","SECURITY_CODE":"02383","SECURITY_NAME_ABBR":"TOM集团","ORG_CODE":"10010608","STD_REPORT_DATE":"2023-06-30 00:00:00","REPORT_DATE":"2023-06-30 00:00:00","DATE_TYPE_CODE":"002","REPORT_TYPE":"2023年中报","PER_NETCASH_OPERATE":-0.007162706913,"PER_OI":0.088196811767,"BPS":-0.316182980215,"BASIC_EPS":-0.022035322,"DILUTED_EPS":-0.022035322,"OPERATE_INCOME":349128010.56,"OPERATE_INCOME_YOY":-5.5690217554,"GROSS_PROFIT":143099593.82,"GROSS_PROFIT_YOY":1.74371218734,"HOLDER_PROFIT":-87170443.06,"HOLDER_PROFIT_YOY":-148.8920720451,"GROSS_PROFIT_RATIO":40.987714961761,"EPS_TTM":-0.031660068815,"OPERATE_INCOME_QOQ":0.835227848834,"NET_PROFIT_RATIO":-23.6365508936,"ROE_AVG":7.274779566416,"GROSS_PROFIT_QOQ":0.786911044986,"ROA":-3.042859986505,"HOLDER_PROFIT_QOQ":-198.512180498562,"ROE_YEARLY":14.549559132831,"ROIC_YEARLY":-8.209759721233,"TOTAL_ASSETS":2777122695.42,"TOTAL_LIABILITIES":3730269307.34,"TAX_EBT":-11.427184224286,"OCF_SALES":-8.121276460895,"TOTAL_PARENT_EQUITY":-1251613665.44,"DEBT_ASSET_RATIO":134.3213720262,"OPERATE_PROFIT":-1614386.98,"PRETAX_PROFIT":-74058965.48,"NETCASH_OPERATE":-28353650.94,"NETCASH_INVEST":65974122.86,"NETCASH_FINANCE":-70927921.4,"END_CASH":407660832.84,"DIVI_RATIO":null,"DIVIDEND_RATE":null,"CURRENT_RATIO":1.54778757139,"COMMON_ACS":5000000000,"CURRENTDEBT_DEBT":13.38123987718,"ISSUED_COMMON_SHARES":3958510558,"HK_COMMON_SHARES":3958510558,"PER_SHARES":2000,"TOTAL_MARKET_CAP":1880292515.05,"HKSK_MARKET_CAP":1880292515.05,"PE_TTM":-6.905401589648,"PB_TTM":-1.019190051569,"REPORT_DATE_SQ":"2022-06-30 00:00:00","REPORT_TYPE_SQ":"2022年中报","OPERATE_INCOME_SQ":342934610.76,"DPS_HKD":null,"OPERATE_INCOME_QOQ_SQ":1.126269833434,"NET_PROFIT_RATIO_SQ":55.8368495077,"HOLDER_PROFIT_SQ":165375787.01,"HOLDER_PROFIT_QOQ_SQ":232.410050988827,"ROE_AVG_SQ":-15.797834383301,"PE_TTM_SQ":-16.59513312427,"PB_TTM_SQ":-1.778741536366,"ROA_SQ":6.219367134794,"START_DATE":"2023-01-01 00:00:00","FISCAL_YEAR":"12-31","CURRENCY":"HKD","IS_CNY_CODE":0,"DPS_HKD_LY":null,"ORG_TYPE":"一般企业","PREMIUM_INCOME":null,"PREMIUM_INCOME_YOY":null,"NET_INTEREST_INCOME":null,"NET_INTEREST_INCOME_YOY":null,"FEE_COMMISSION_INCOME":null,"FEE_COMMISSION_INCOME_YOY":null,"ACCOUNTS_RECE_TDAYS":1.1041512977,"INVENTORY_TDAYS":2.455502444921,"CURRENT_ASSETS_TDAYS":0.409871855514,"TOTAL_ASSETS_TDAYS":0.121870167939,"PREMIUM_EXPENSE":null,"LOAN_DEPOSIT":null,"LOAN_EQUITY":null,"LOAN_ASSETS":null,"DEPOSIT_EQUITY":null,"DEPOSIT_ASSETS":null,"EQUITY_MULTIPLIER":-2.913636433988,"EQUITY_RATIO":-2.98036799241},{"SECUCODE":"02383.HK","SECURITY_CODE":"02383","SECURITY_NAME_ABBR":"TOM集团","ORG_CODE":"10010608","STD_REPORT_DATE":"2022-12-31 00:00:00","REPORT_DATE":"2022-12-31 00:00:00","DATE_TYPE_CODE":"001","REPORT_TYPE":"2022年年报","PER_NETCASH_OPERATE":0.012950744432,"PER_OI":0.187323533639,"BPS":-0.280217950064,"BASIC_EPS":0.03215772,"DILUTED_EPS":0.03215772,"OPERATE_INCOME":741522185.67,"OPERATE_INCOME_YOY":-6.661906743,"GROSS_PROFIT":311659223.19,"GROSS_PROFIT_YOY":1.606211527579,"HOLDER_PROFIT":127219513.4,"HOLDER_PROFIT_YOY":224.8137696528,"GROSS_PROFIT_RATIO":42.029655917631,"EPS_TTM":0.032138227633,"OPERATE_INCOME_QOQ":0.840920777886,"NET_PROFIT_RATIO":22.3091573397,"ROE_AVG":-11.181974424826,"GROSS_PROFIT_QOQ":0.047618901002,"ROA":4.572072093763,"HOLDER_PROFIT_QOQ":2.987238501567,"ROE_YEARLY":-11.181974424826,"ROIC_YEARLY":6.13439986837,"TOTAL_ASSETS":2860448845.94,"TOTAL_LIABILITIES":3686925474.96,"TAX_EBT":8.601731302623,"OCF_SALES":6.913570431299,"TOTAL_PARENT_EQUITY":-1109245713.87,"DEBT_ASSET_RATIO":128.8932497497,"OPERATE_PROFIT":255902203.06,"PRETAX_PROFIT":180996153.94,"NETCASH_OPERATE":51265658.57,"NETCASH_INVEST":-103445132.35,"NETCASH_FINANCE":79520681.94,"END_CASH":430259574.36,"DIVI_RATIO":null,"DIVIDEND_RATE":null,"CURRENT_RATIO":1.730820783726,"COMMON_ACS":5000000000,"CURRENTDEBT_DEBT":14.135078140294,"ISSUED_COMMON_SHARES":3958510558,"HK_COMMON_SHARES":3958510558,"PER_SHARES":2000,"TOTAL_MARKET_CAP":1880292515.05,"HKSK_MARKET_CAP":1880292515.05,"PE_TTM":-6.905401589648,"PB_TTM":-1.019190051569,"REPORT_DATE_SQ":"2021-12-31 00:00:00","REPORT_TYPE_SQ":"2021年年报","OPERATE_INCOME_SQ":727148912,"DPS_HKD":null,"OPERATE_INCOME_QOQ_SQ":-0.286958226089,"NET_PROFIT_RATIO_SQ":-12.080236572,"HOLDER_PROFIT_SQ":-93293065.6,"HOLDER_PROFIT_QOQ_SQ":88.955653008307,"ROE_AVG_SQ":9.10947399346,"PE_TTM_SQ":-16.59513312427,"PB_TTM_SQ":-1.778741536366,"ROA_SQ":-3.769999190534,"START_DATE":"2022-01-01 00:00:00","FISCAL_YEAR":"12-31","CURRENCY":"HKD","IS_CNY_CODE":0,"DPS_HKD_LY":null,"ORG_TYPE":"一般企业","PREMIUM_INCOME":null,"PREMIUM_INCOME_YOY":null,"NET_INTEREST_INCOME":null,"NET_INTEREST_INCOME_YOY":null,"FEE_COMMISSION_INCOME":null,"FEE_COMMISSION_INCOME_YOY":null,"ACCOUNTS_RECE_TDAYS":2.386790608342,"INVENTORY_TDAYS":5.040921399278,"CURRENT_ASSETS_TDAYS":0.885620630886,"TOTAL_ASSETS_TDAYS":0.266491578328,"PREMIUM_EXPENSE":null,"LOAN_DEPOSIT":null,"LOAN_EQUITY":null,"LOAN_ASSETS":null,"DEPOSIT_EQUITY":null,"DEPOSIT_ASSETS":null,"EQUITY_MULTIPLIER":-3.461016011224,"EQUITY_RATIO":-3.323813136133},{"SECUCODE":"02383.HK","SECURITY_CODE":"02383","SECURITY_NAME_ABBR":"TOM集团","ORG_CODE":"10010608","STD_REPORT_DATE":"2022-06-30 00:00:00","REPORT_DATE":"2022-06-30 00:00:00","DATE_TYPE_CODE":"002","REPORT_TYPE":"2022年中报","PER_NETCASH_OPERATE":0.005546135941,"PER_OI":0.086632233446,"BPS":-0.246853602359,"BASIC_EPS":0.041818791,"DILUTED_EPS":0.041818791,"OPERATE_INCOME":342934610.76,"OPERATE_INCOME_YOY":-0.3218998804,"GROSS_PROFIT":140647112.97,"GROSS_PROFIT_YOY":3.516950310964,"HOLDER_PROFIT":165375787.01,"HOLDER_PROFIT_YOY":412.7642368468,"GROSS_PROFIT_RATIO":41.012807852291,"EPS_TTM":0.031206029116,"OPERATE_INCOME_QOQ":1.126269833434,"NET_PROFIT_RATIO":55.8368495077,"ROE_AVG":-15.797834383301,"GROSS_PROFIT_QOQ":1.557850795149,"ROA":6.219367134794,"HOLDER_PROFIT_QOQ":232.410050988827,"ROE_YEARLY":-31.595668766602,"ROIC_YEARLY":16.635876057007,"TOTAL_ASSETS":2728766762.89,"TOTAL_LIABILITIES":3436835861.62,"TAX_EBT":3.553614348849,"OCF_SALES":6.401931152806,"TOTAL_PARENT_EQUITY":-977172591.22,"DEBT_ASSET_RATIO":125.9483187922,"OPERATE_PROFIT":217857942.12,"PRETAX_PROFIT":198539200.02,"NETCASH_OPERATE":21954437.68,"NETCASH_INVEST":-40192219.62,"NETCASH_FINANCE":15621755.73,"END_CASH":398345791.62,"DIVI_RATIO":null,"DIVIDEND_RATE":null,"CURRENT_RATIO":1.719715155686,"COMMON_ACS":5000000000,"CURRENTDEBT_DEBT":14.211189514875,"ISSUED_COMMON_SHARES":3958510558,"HK_COMMON_SHARES":3958510558,"PER_SHARES":2000,"TOTAL_MARKET_CAP":1880292515.05,"HKSK_MARKET_CAP":1880292515.05,"PE_TTM":-6.905401589648,"PB_TTM":-1.019190051569,"REPORT_DATE_SQ":"2021-06-30 00:00:00","REPORT_TYPE_SQ":"2021年中报","OPERATE_INCOME_SQ":334744951.92,"DPS_HKD":null,"OPERATE_INCOME_QOQ_SQ":-0.174771842271,"NET_PROFIT_RATIO_SQ":-15.3564885819,"HOLDER_PROFIT_SQ":-51446674.32,"HOLDER_PROFIT_QOQ_SQ":5.665907900573,"ROE_AVG_SQ":4.948045878402,"PE_TTM_SQ":-16.59513312427,"PB_TTM_SQ":-1.778741536366,"ROA_SQ":-2.080274386674,"START_DATE":"2022-01-01 00:00:00","FISCAL_YEAR":"12-31","CURRENCY":"HKD","IS_CNY_CODE":0,"DPS_HKD_LY":null,"ORG_TYPE":"一般企业","PREMIUM_INCOME":null,"PREMIUM_INCOME_YOY":null,"NET_INTEREST_INCOME":null,"NET_INTEREST_INCOME_YOY":null,"FEE_COMMISSION_INCOME":null,"FEE_COMMISSION_INCOME_YOY":null,"ACCOUNTS_RECE_TDAYS":1.173188378237,"INVENTORY_TDAYS":2.478023791191,"CURRENT_ASSETS_TDAYS":0.434213753394,"TOTAL_ASSETS_TDAYS":0.128969076193,"PREMIUM_EXPENSE":null,"LOAN_DEPOSIT":null,"LOAN_EQUITY":null,"LOAN_ASSETS":null,"DEPOSIT_EQUITY":null,"DEPOSIT_ASSETS":null,"EQUITY_MULTIPLIER":-3.853814222063,"EQUITY_RATIO":-3.51712265827},{"SECUCODE":"02383.HK","SECURITY_CODE":"02383","SECURITY_NAME_ABBR":"TOM集团","ORG_CODE":"10010608","STD_REPORT_DATE":"2021-12-31 00:00:00","REPORT_DATE":"2021-12-31 00:00:00","DATE_TYPE_CODE":"001","REPORT_TYPE":"2021年年报","PER_NETCASH_OPERATE":0.03562256246,"PER_OI":0.183692553385,"BPS":-0.269647829698,"BASIC_EPS":-0.02354688,"DILUTED_EPS":-0.02354688,"OPERATE_INCOME":727148912,"OPERATE_INCOME_YOY":2.4655230019,"GROSS_PROFIT":306732451.2,"GROSS_PROFIT_YOY":1.421824719864,"HOLDER_PROFIT":-93293065.6,"HOLDER_PROFIT_YOY":89.2750765321,"GROSS_PROFIT_RATIO":42.182893508888,"EPS_TTM":-0.023567719281,"OPERATE_INCOME_QOQ":-0.286958226089,"NET_PROFIT_RATIO":-12.080236572,"ROE_AVG":9.10947399346,"GROSS_PROFIT_QOQ":0.915571271654,"ROA":-3.769999190534,"HOLDER_PROFIT_QOQ":88.955653008307,"ROE_YEARLY":9.10947399346,"ROIC_YEARLY":-5.039482334143,"TOTAL_ASSETS":2475509657.6,"TOTAL_LIABILITIES":3301748419.2,"TAX_EBT":-16.06261275373,"OCF_SALES":19.392491314076,"TOTAL_PARENT_EQUITY":-1067403780.8,"DEBT_ASSET_RATIO":133.3765113403,"OPERATE_PROFIT":-30579875.2,"PRETAX_PROFIT":-75684414.4,"NETCASH_OPERATE":141012289.6,"NETCASH_INVEST":-148195723.2,"NETCASH_FINANCE":33097265.6,"END_CASH":403473336,"DIVI_RATIO":null,"DIVIDEND_RATE":null,"CURRENT_RATIO":1.354104007327,"COMMON_ACS":5000000000,"CURRENTDEBT_DEBT":15.81602053516,"ISSUED_COMMON_SHARES":3958510558,"HK_COMMON_SHARES":3958510558,"PER_SHARES":2000,"TOTAL_MARKET_CAP":1880292515.05,"HKSK_MARKET_CAP":1880292515.05,"PE_TTM":-6.905401589648,"PB_TTM":-1.019190051569,"REPORT_DATE_SQ":"2020-12-31 00:00:00","REPORT_TYPE_SQ":"2020年年报","OPERATE_INCOME_SQ":730518270.8,"DPS_HKD":null,"OPERATE_INCOME_QOQ_SQ":-5.911970812257,"NET_PROFIT_RATIO_SQ":-133.4326071178,"HOLDER_PROFIT_SQ":-895448570.12,"HOLDER_PROFIT_QOQ_SQ":-333.210170412007,"ROE_AVG_SQ":152.915457866192,"PE_TTM_SQ":-16.59513312427,"PB_TTM_SQ":-1.778741536366,"ROA_SQ":-30.293594451709,"START_DATE":"2021-01-01 00:00:00","FISCAL_YEAR":"12-31","CURRENCY":"HKD","IS_CNY_CODE":0,"DPS_HKD_LY":null,"ORG_TYPE":"一般企业","PREMIUM_INCOME":null,"PREMIUM_INCOME_YOY":null,"NET_INTEREST_INCOME":null,"NET_INTEREST_INCOME_YOY":null,"FEE_COMMISSION_INCOME":null,"FEE_COMMISSION_INCOME_YOY":null,"ACCOUNTS_RECE_TDAYS":3.078422108344,"INVENTORY_TDAYS":5.264317451217,"CURRENT_ASSETS_TDAYS":1.026352672629,"TOTAL_ASSETS_TDAYS":0.293842933771,"PREMIUM_EXPENSE":null,"LOAN_DEPOSIT":null,"LOAN_EQUITY":null,"LOAN_ASSETS":null,"DEPOSIT_EQUITY":null,"DEPOSIT_ASSETS":null,"EQUITY_MULTIPLIER":-2.99611900658,"EQUITY_RATIO":-3.093251568516},{"SECUCODE":"02383.HK","SECURITY_CODE":"02383","SECURITY_NAME_ABBR":"TOM集团","ORG_CODE":"10010608","STD_REPORT_DATE":"2021-06-30 00:00:00","REPORT_DATE":"2021-06-30 00:00:00","DATE_TYPE_CODE":"002","REPORT_TYPE":"2021年中报","PER_NETCASH_OPERATE":0.011910367869,"PER_OI":0.084563359631,"BPS":-0.27314369376,"BASIC_EPS":-0.012980448,"DILUTED_EPS":-0.012980448,"OPERATE_INCOME":334744951.92,"OPERATE_INCOME_YOY":9.3607963813,"GROSS_PROFIT":135868679.04,"GROSS_PROFIT_YOY":1.129264333179,"HOLDER_PROFIT":-51446674.32,"HOLDER_PROFIT_YOY":44.7289143164,"GROSS_PROFIT_RATIO":40.588716352763,"EPS_TTM":-0.213391695301,"OPERATE_INCOME_QOQ":-0.174771842271,"NET_PROFIT_RATIO":-15.3564885819,"ROE_AVG":4.948045878402,"GROSS_PROFIT_QOQ":0.5016603898,"ROA":-2.080274386674,"HOLDER_PROFIT_QOQ":5.665907900573,"ROE_YEARLY":9.896091756805,"ROIC_YEARLY":-5.519081441465,"TOTAL_ASSETS":2428606873.44,"TOTAL_LIABILITIES":3270672665.52,"TAX_EBT":-11.003503728326,"OCF_SALES":14.08454905431,"TOTAL_PARENT_EQUITY":-1081242195.6,"DEBT_ASSET_RATIO":134.6727912734,"OPERATE_PROFIT":-28015301.52,"PRETAX_PROFIT":-46309412.4,"NETCASH_OPERATE":47147316.96,"NETCASH_INVEST":-65736816.24,"NETCASH_FINANCE":4717061.52,"END_CASH":365551881.84,"DIVI_RATIO":null,"DIVIDEND_RATE":null,"CURRENT_RATIO":1.290878626404,"COMMON_ACS":5000000000,"CURRENTDEBT_DEBT":15.836364797382,"ISSUED_COMMON_SHARES":3958510558,"HK_COMMON_SHARES":3958510558,"PER_SHARES":2000,"TOTAL_MARKET_CAP":1880292515.05,"HKSK_MARKET_CAP":1880292515.05,"PE_TTM":-6.905401589648,"PB_TTM":-1.019190051569,"REPORT_DATE_SQ":"2020-06-30 00:00:00","REPORT_TYPE_SQ":"2020年中报","OPERATE_INCOME_SQ":336021692.16,"DPS_HKD":null,"OPERATE_INCOME_QOQ_SQ":-5.388189151187,"NET_PROFIT_RATIO_SQ":-31.386871235,"HOLDER_PROFIT_SQ":-102181965.6,"HOLDER_PROFIT_QOQ_SQ":-16.964853429669,"ROE_AVG_SQ":45.26473384992,"PE_TTM_SQ":-16.59513312427,"PB_TTM_SQ":-1.778741536366,"ROA_SQ":-2.632298811153,"START_DATE":"2021-01-01 00:00:00","FISCAL_YEAR":"12-31","CURRENCY":"HKD","IS_CNY_CODE":0,"DPS_HKD_LY":null,"ORG_TYPE":"一般企业","PREMIUM_INCOME":null,"PREMIUM_INCOME_YOY":null,"NET_INTEREST_INCOME":null,"NET_INTEREST_INCOME_YOY":null,"FEE_COMMISSION_INCOME":null,"FEE_COMMISSION_INCOME_YOY":null,"ACCOUNTS_RECE_TDAYS":1.401875444294,"INVENTORY_TDAYS":2.487909731547,"CURRENT_ASSETS_TDAYS":0.481292014457,"TOTAL_ASSETS_TDAYS":0.135355950361,"PREMIUM_EXPENSE":null,"LOAN_DEPOSIT":null,"LOAN_EQUITY":null,"LOAN_ASSETS":null,"DEPOSIT_EQUITY":null,"DEPOSIT_ASSETS":null,"EQUITY_MULTIPLIER":-2.884105845748,"EQUITY_RATIO":-3.024921408755},{"SECUCODE":"02383.HK","SECURITY_CODE":"02383","SECURITY_NAME_ABBR":"TOM集团","ORG_CODE":"10010608","STD_REPORT_DATE":"2020-12-31 00:00:00","REPORT_DATE":"2020-12-31 00:00:00","DATE_TYPE_CODE":"001","REPORT_TYPE":"2020年年报","PER_NETCASH_OPERATE":0.029825890094,"PER_OI":0.18454372171,"BPS":-0.255070988273,"BASIC_EPS":-0.226232832,"DILUTED_EPS":-0.226232832,"OPERATE_INCOME":730518270.8,"OPERATE_INCOME_YOY":-5.2553445801,"GROSS_PROFIT":302432392.68,"GROSS_PROFIT_YOY":-12.19841360659,"HOLDER_PROFIT":-895448570.12,"HOLDER_PROFIT_YOY":-439.2982598426,"GROSS_PROFIT_RATIO":41.399702754704,"EPS_TTM":-0.226208458207,"OPERATE_INCOME_QOQ":-5.911970812257,"NET_PROFIT_RATIO":-133.4326071178,"ROE_AVG":152.915457866192,"GROSS_PROFIT_QOQ":-6.232939817845,"ROA":-30.293594451709,"HOLDER_PROFIT_QOQ":-333.210170412007,"ROE_YEARLY":152.915457866192,"ROIC_YEARLY":-38.359280357658,"TOTAL_ASSETS":2546460934.16,"TOTAL_LIABILITIES":3317538678.2,"TAX_EBT":-0.976146488235,"OCF_SALES":16.161964123184,"TOTAL_PARENT_EQUITY":-1009701200.12,"DEBT_ASSET_RATIO":130.2803680864,"OPERATE_PROFIT":-901969596.84,"PRETAX_PROFIT":-965326572.76,"NETCASH_OPERATE":118066100.84,"NETCASH_INVEST":-113139981.92,"NETCASH_FINANCE":42866408.48,"END_CASH":381191380.6,"DIVI_RATIO":null,"DIVIDEND_RATE":null,"CURRENT_RATIO":1.253413988003,"COMMON_ACS":5000000000,"CURRENTDEBT_DEBT":17.572502603536,"ISSUED_COMMON_SHARES":3958510558,"HK_COMMON_SHARES":3958510558,"PER_SHARES":2000,"TOTAL_MARKET_CAP":1880292515.05,"HKSK_MARKET_CAP":1880292515.05,"PE_TTM":-6.905401589648,"PB_TTM":-1.019190051569,"REPORT_DATE_SQ":"2019-12-31 00:00:00","REPORT_TYPE_SQ":"2019年年报","OPERATE_INCOME_SQ":820637494.7,"DPS_HKD":null,"OPERATE_INCOME_QOQ_SQ":-0.767035756674,"NET_PROFIT_RATIO_SQ":-21.4517828002,"HOLDER_PROFIT_SQ":-176720374.18,"HOLDER_PROFIT_QOQ_SQ":-12.670719215074,"ROE_AVG_SQ":73.674579448676,"PE_TTM_SQ":-16.59513312427,"PB_TTM_SQ":-1.778741536366,"ROA_SQ":-5.211875343606,"START_DATE":"2020-01-01 00:00:00","FISCAL_YEAR":"12-31","CURRENCY":"HKD","IS_CNY_CODE":0,"DPS_HKD_LY":null,"ORG_TYPE":"一般企业","PREMIUM_INCOME":null,"PREMIUM_INCOME_YOY":null,"NET_INTEREST_INCOME":null,"NET_INTEREST_INCOME_YOY":null,"FEE_COMMISSION_INCOME":null,"FEE_COMMISSION_INCOME_YOY":null,"ACCOUNTS_RECE_TDAYS":2.147438633212,"INVENTORY_TDAYS":5.10824436834,"CURRENT_ASSETS_TDAYS":0.940125069117,"TOTAL_ASSETS_TDAYS":0.247138975633,"PREMIUM_EXPENSE":null,"LOAN_DEPOSIT":null,"LOAN_EQUITY":null,"LOAN_ASSETS":null,"DEPOSIT_EQUITY":null,"DEPOSIT_ASSETS":null,"EQUITY_MULTIPLIER":-3.302469762411,"EQUITY_RATIO":-3.285663796186},{"SECUCODE":"02383.HK","SECURITY_CODE":"02383","SECURITY_NAME_ABBR":"TOM集团","ORG_CODE":"10010608","STD_REPORT_DATE":"2020-06-30 00:00:00","REPORT_DATE":"2020-06-30 00:00:00","DATE_TYPE_CODE":"002","REPORT_TYPE":"2020年中报","PER_NETCASH_OPERATE":0.003963421396,"PER_OI":0.084885890093,"BPS":-0.069784922291,"BASIC_EPS":-0.025850352,"DILUTED_EPS":-0.025850352,"OPERATE_INCOME":336021692.16,"OPERATE_INCOME_YOY":-14.8969247462,"GROSS_PROFIT":134351495.52,"GROSS_PROFIT_YOY":-14.023539476467,"HOLDER_PROFIT":-102181965.6,"HOLDER_PROFIT_YOY":-36.2894284774,"GROSS_PROFIT_RATIO":39.982982841485,"EPS_TTM":-0.052216793062,"OPERATE_INCOME_QOQ":-5.388189151187,"NET_PROFIT_RATIO":-31.386871235,"ROE_AVG":45.26473384992,"GROSS_PROFIT_QOQ":-6.362014312016,"ROA":-2.632298811153,"HOLDER_PROFIT_QOQ":-16.964853429669,"ROE_YEARLY":90.52946769984,"ROIC_YEARLY":-6.936043804373,"TOTAL_ASSETS":4111269212.16,"TOTAL_LIABILITIES":4047784218.72,"TAX_EBT":-2.232158668319,"OCF_SALES":4.669116847531,"TOTAL_PARENT_EQUITY":-276244351.68,"DEBT_ASSET_RATIO":98.455829814,"OPERATE_PROFIT":-58287519.84,"PRETAX_PROFIT":-103163913.6,"NETCASH_OPERATE":15689245.44,"NETCASH_INVEST":-63614701.92,"NETCASH_FINANCE":562046939.52,"END_CASH":854756960.64,"DIVI_RATIO":null,"DIVIDEND_RATE":null,"CURRENT_RATIO":2.422134878797,"COMMON_ACS":5000000000,"CURRENTDEBT_DEBT":14.30189763285,"ISSUED_COMMON_SHARES":3958510558,"HK_COMMON_SHARES":3958510558,"PER_SHARES":2000,"TOTAL_MARKET_CAP":1880292515.05,"HKSK_MARKET_CAP":1880292515.05,"PE_TTM":-6.905401589648,"PB_TTM":-1.019190051569,"REPORT_DATE_SQ":"2019-06-30 00:00:00","REPORT_TYPE_SQ":"2019年中报","OPERATE_INCOME_SQ":380239192.62,"DPS_HKD":null,"OPERATE_INCOME_QOQ_SQ":-0.027386652209,"NET_PROFIT_RATIO_SQ":-18.9049570047,"HOLDER_PROFIT_SQ":-72201613.14,"HOLDER_PROFIT_QOQ_SQ":-12.851191211476,"ROE_AVG_SQ":33.025060806203,"PE_TTM_SQ":-16.59513312427,"PB_TTM_SQ":-1.778741536366,"ROA_SQ":-2.162686717785,"START_DATE":"2020-01-01 00:00:00","FISCAL_YEAR":"12-31","CURRENCY":"HKD","IS_CNY_CODE":0,"DPS_HKD_LY":null,"ORG_TYPE":"一般企业","PREMIUM_INCOME":null,"PREMIUM_INCOME_YOY":null,"NET_INTEREST_INCOME":null,"NET_INTEREST_INCOME_YOY":null,"FEE_COMMISSION_INCOME":null,"FEE_COMMISSION_INCOME_YOY":null,"ACCOUNTS_RECE_TDAYS":0.759114809037,"INVENTORY_TDAYS":2.17875628494,"CURRENT_ASSETS_TDAYS":0.292724887671,"TOTAL_ASSETS_TDAYS":0.08656219281,"PREMIUM_EXPENSE":null,"LOAN_DEPOSIT":null,"LOAN_EQUITY":null,"LOAN_ASSETS":null,"DEPOSIT_EQUITY":null,"DEPOSIT_ASSETS":null,"EQUITY_MULTIPLIER":64.759701298882,"EQUITY_RATIO":-14.652912155862}],"count":45},"success":true,"message":"ok","code":0}