{"version":"322256e5253b4098caae68e1ef0f4f99","result":{"pages":5,"data":[{"SECUCODE":"02380.HK","SECURITY_CODE":"02380","SECURITY_NAME_ABBR":"中国电力","ORG_CODE":"10057575","STD_REPORT_DATE":"2024-06-30 00:00:00","REPORT_DATE":"2024-06-30 00:00:00","DATE_TYPE_CODE":"002","REPORT_TYPE":"2024年中报","PER_NETCASH_OPERATE":0.438373226604,"PER_OI":2.139951811128,"BPS":3.219938063387,"BASIC_EPS":0.21,"DILUTED_EPS":0.21,"OPERATE_INCOME":26471527000,"OPERATE_INCOME_YOY":24.1801836372,"GROSS_PROFIT":18549293000,"GROSS_PROFIT_YOY":44.428184299568,"HOLDER_PROFIT":2569879000,"HOLDER_PROFIT_YOY":52.9822829841,"GROSS_PROFIT_RATIO":70.072621802286,"EPS_TTM":0.287009188884,"OPERATE_INCOME_QOQ":11.645484013325,"NET_PROFIT_RATIO":17.3460450544,"ROE_AVG":6.564492302272,"GROSS_PROFIT_QOQ":23.025118840444,"ROA":0.814041676382,"HOLDER_PROFIT_QOQ":33.455536585421,"ROE_YEARLY":13.128984604545,"ROIC_YEARLY":2.046122765917,"TOTAL_ASSETS":325580796000,"TOTAL_LIABILITIES":225309682000,"TAX_EBT":16.037285611573,"OCF_SALES":20.485191504064,"TOTAL_PARENT_EQUITY":39831120000,"DEBT_ASSET_RATIO":69.2023868631,"OPERATE_PROFIT":7466308000,"PRETAX_PROFIT":5468812000,"NETCASH_OPERATE":5422743000,"NETCASH_INVEST":-14055098000,"NETCASH_FINANCE":9160067000,"END_CASH":6266629000,"DIVI_RATIO":0.633354655671,"DIVIDEND_RATE":6.718120805369,"CURRENT_RATIO":0.609604711873,"COMMON_ACS":null,"CURRENTDEBT_DEBT":38.461585064063,"ISSUED_COMMON_SHARES":12370150983,"HK_COMMON_SHARES":12370150983,"PER_SHARES":1000,"TOTAL_MARKET_CAP":36863049929.34,"HKSK_MARKET_CAP":36863049929.34,"PE_TTM":9.381419025459,"PB_TTM":0.844670408703,"REPORT_DATE_SQ":"2023-06-30 00:00:00","REPORT_TYPE_SQ":"2023年中报","OPERATE_INCOME_SQ":21317030000,"DPS_HKD":0.2002,"OPERATE_INCOME_QOQ_SQ":2.316075012619,"NET_PROFIT_RATIO_SQ":11.9602543131,"HOLDER_PROFIT_SQ":1679854000,"HOLDER_PROFIT_QOQ_SQ":33.84292825176,"ROE_AVG_SQ":3.779985796369,"PE_TTM_SQ":10.164418298521,"PB_TTM_SQ":0.933230896172,"ROA_SQ":0.774703101571,"START_DATE":"2024-01-01 00:00:00","FISCAL_YEAR":"12-31","CURRENCY":"HKD","IS_CNY_CODE":0,"DPS_HKD_LY":0.2002,"ORG_TYPE":"一般企业","PREMIUM_INCOME":null,"PREMIUM_INCOME_YOY":null,"NET_INTEREST_INCOME":null,"NET_INTEREST_INCOME_YOY":null,"FEE_COMMISSION_INCOME":null,"FEE_COMMISSION_INCOME_YOY":null,"ACCOUNTS_RECE_TDAYS":0.974366402987,"INVENTORY_TDAYS":3.909663868657,"CURRENT_ASSETS_TDAYS":0.537661721581,"TOTAL_ASSETS_TDAYS":0.083851909819,"PREMIUM_EXPENSE":null,"LOAN_DEPOSIT":null,"LOAN_EQUITY":null,"LOAN_ASSETS":null,"DEPOSIT_EQUITY":null,"DEPOSIT_ASSETS":null,"EQUITY_MULTIPLIER":3.247004875199,"EQUITY_RATIO":5.65662431787},{"SECUCODE":"02380.HK","SECURITY_CODE":"02380","SECURITY_NAME_ABBR":"中国电力","ORG_CODE":"10057575","STD_REPORT_DATE":"2023-12-31 00:00:00","REPORT_DATE":"2023-12-31 00:00:00","DATE_TYPE_CODE":"001","REPORT_TYPE":"2023年年报","PER_NETCASH_OPERATE":0.800557569072,"PER_OI":3.578110490392,"BPS":3.109520009324,"BASIC_EPS":0.22,"DILUTED_EPS":0.22,"OPERATE_INCOME":44261767000,"OPERATE_INCOME_YOY":1.3107104973,"GROSS_PROFIT":24781757000,"GROSS_PROFIT_YOY":25.744197605935,"HOLDER_PROFIT":2660322000,"HOLDER_PROFIT_YOY":7.2347269473,"GROSS_PROFIT_RATIO":55.989081954184,"EPS_TTM":0.215059784125,"OPERATE_INCOME_QOQ":-0.982606609131,"NET_PROFIT_RATIO":10.2435020274,"ROE_AVG":6.92840938964,"GROSS_PROFIT_QOQ":-44.56107046549,"ROA":1.028716782248,"HOLDER_PROFIT_QOQ":-24.939330951809,"ROE_YEARLY":6.92840938964,"ROIC_YEARLY":1.240047119909,"TOTAL_ASSETS":305806779000,"TOTAL_LIABILITIES":210786067000,"TAX_EBT":16.4492803031,"OCF_SALES":22.373752046546,"TOTAL_PARENT_EQUITY":38465232000,"DEBT_ASSET_RATIO":68.9278595096,"OPERATE_PROFIT":8715187000,"PRETAX_PROFIT":5426590000,"NETCASH_OPERATE":9903018000,"NETCASH_INVEST":-26843571000,"NETCASH_FINANCE":18452217000,"END_CASH":5738815000,"DIVI_RATIO":0.845246854215,"DIVIDEND_RATE":6.375796178344,"CURRENT_RATIO":0.607180669215,"COMMON_ACS":null,"CURRENTDEBT_DEBT":35.662046865745,"ISSUED_COMMON_SHARES":12370150983,"HK_COMMON_SHARES":12370150983,"PER_SHARES":1000,"TOTAL_MARKET_CAP":38842274086.62,"HKSK_MARKET_CAP":38842274086.62,"PE_TTM":9.885119375819,"PB_TTM":0.890021840043,"REPORT_DATE_SQ":"2022-12-31 00:00:00","REPORT_TYPE_SQ":"2022年年报","OPERATE_INCOME_SQ":43689129000,"DPS_HKD":0.2002,"OPERATE_INCOME_QOQ_SQ":14.748511240365,"NET_PROFIT_RATIO_SQ":6.1464672367,"HOLDER_PROFIT_SQ":2480840000,"HOLDER_PROFIT_QOQ_SQ":319.292480681847,"ROE_AVG_SQ":6.379223077869,"PE_TTM_SQ":9.205510911868,"PB_TTM_SQ":0.845190245589,"ROA_SQ":1.37148197888,"START_DATE":"2023-01-01 00:00:00","FISCAL_YEAR":"12-31","CURRENCY":"HKD","IS_CNY_CODE":0,"DPS_HKD_LY":0.1256,"ORG_TYPE":"一般企业","PREMIUM_INCOME":null,"PREMIUM_INCOME_YOY":null,"NET_INTEREST_INCOME":null,"NET_INTEREST_INCOME_YOY":null,"FEE_COMMISSION_INCOME":null,"FEE_COMMISSION_INCOME_YOY":null,"ACCOUNTS_RECE_TDAYS":2.337564106166,"INVENTORY_TDAYS":11.222639070204,"CURRENT_ASSETS_TDAYS":1.156748566562,"TOTAL_ASSETS_TDAYS":0.171155305729,"PREMIUM_EXPENSE":null,"LOAN_DEPOSIT":null,"LOAN_EQUITY":null,"LOAN_ASSETS":null,"DEPOSIT_EQUITY":null,"DEPOSIT_ASSETS":null,"EQUITY_MULTIPLIER":3.21831706544,"EQUITY_RATIO":5.479911495139},{"SECUCODE":"02380.HK","SECURITY_CODE":"02380","SECURITY_NAME_ABBR":"中国电力","ORG_CODE":"10057575","STD_REPORT_DATE":"2023-06-30 00:00:00","REPORT_DATE":"2023-06-30 00:00:00","DATE_TYPE_CODE":"002","REPORT_TYPE":"2023年中报","PER_NETCASH_OPERATE":0.262646511305,"PER_OI":1.723263525991,"BPS":3.141662381761,"BASIC_EPS":0.14,"DILUTED_EPS":0.14,"OPERATE_INCOME":21317030000,"OPERATE_INCOME_YOY":4.9833300969,"GROSS_PROFIT":12843264000,"GROSS_PROFIT_YOY":-36.74875796331,"HOLDER_PROFIT":1679854000,"HOLDER_PROFIT_YOY":114.3556776015,"GROSS_PROFIT_RATIO":null,"EPS_TTM":0.28651461125,"OPERATE_INCOME_QOQ":2.316075012619,"NET_PROFIT_RATIO":11.9602543131,"ROE_AVG":3.779985796369,"GROSS_PROFIT_QOQ":2.316075012619,"ROA":0.774703101571,"HOLDER_PROFIT_QOQ":33.84292825176,"ROE_YEARLY":7.559971592738,"ROIC_YEARLY":1.788222734143,"TOTAL_ASSETS":222271885000,"TOTAL_LIABILITIES":147774037000,"TAX_EBT":14.434134912753,"OCF_SALES":15.24122731919,"TOTAL_PARENT_EQUITY":50552134000,"DEBT_ASSET_RATIO":66.4834587604,"OPERATE_PROFIT":4478416000,"PRETAX_PROFIT":2979659000,"NETCASH_OPERATE":3248977000,"NETCASH_INVEST":-7526899000,"NETCASH_FINANCE":8183082000,"END_CASH":8122121000,"DIVI_RATIO":0.634447943883,"DIVIDEND_RATE":6.375796178344,"CURRENT_RATIO":0.77705741674,"COMMON_ACS":null,"CURRENTDEBT_DEBT":31.970993659732,"ISSUED_COMMON_SHARES":12370150983,"HK_COMMON_SHARES":12370150983,"PER_SHARES":1000,"TOTAL_MARKET_CAP":38842274086.62,"HKSK_MARKET_CAP":38842274086.62,"PE_TTM":9.885119375819,"PB_TTM":0.890021840043,"REPORT_DATE_SQ":"2022-06-30 00:00:00","REPORT_TYPE_SQ":"2022年中报","OPERATE_INCOME_SQ":20305157000,"DPS_HKD":0.2002,"OPERATE_INCOME_QOQ_SQ":9.614479502214,"NET_PROFIT_RATIO_SQ":7.0446488052,"HOLDER_PROFIT_SQ":783676000,"HOLDER_PROFIT_QOQ_SQ":-134.159276934145,"ROE_AVG_SQ":2.371428069971,"PE_TTM_SQ":9.205510911868,"PB_TTM_SQ":0.845190245589,"ROA_SQ":0.468826236304,"START_DATE":"2023-01-01 00:00:00","FISCAL_YEAR":"12-31","CURRENCY":"HKD","IS_CNY_CODE":0,"DPS_HKD_LY":0.1256,"ORG_TYPE":"一般企业","PREMIUM_INCOME":null,"PREMIUM_INCOME_YOY":null,"NET_INTEREST_INCOME":null,"NET_INTEREST_INCOME_YOY":null,"FEE_COMMISSION_INCOME":null,"FEE_COMMISSION_INCOME_YOY":null,"ACCOUNTS_RECE_TDAYS":1.495195034756,"INVENTORY_TDAYS":null,"CURRENT_ASSETS_TDAYS":0.630702922403,"TOTAL_ASSETS_TDAYS":0.098308360472,"PREMIUM_EXPENSE":null,"LOAN_DEPOSIT":null,"LOAN_EQUITY":null,"LOAN_ASSETS":null,"DEPOSIT_EQUITY":null,"DEPOSIT_ASSETS":null,"EQUITY_MULTIPLIER":2.983601418927,"EQUITY_RATIO":2.923200769329},{"SECUCODE":"02380.HK","SECURITY_CODE":"02380","SECURITY_NAME_ABBR":"中国电力","ORG_CODE":"10057575","STD_REPORT_DATE":"2022-12-31 00:00:00","REPORT_DATE":"2022-12-31 00:00:00","DATE_TYPE_CODE":"001","REPORT_TYPE":"2022年年报","PER_NETCASH_OPERATE":0.462857244658,"PER_OI":3.5318185736,"BPS":3.098536473215,"BASIC_EPS":0.22,"DILUTED_EPS":0.22,"OPERATE_INCOME":43689129000,"OPERATE_INCOME_YOY":23.1487858384,"GROSS_PROFIT":19708072000,"GROSS_PROFIT_YOY":-44.44784792995,"HOLDER_PROFIT":2480840000,"HOLDER_PROFIT_YOY":1133.3575277944,"GROSS_PROFIT_RATIO":null,"EPS_TTM":0.214067799467,"OPERATE_INCOME_QOQ":14.748511240365,"NET_PROFIT_RATIO":6.1464672367,"ROE_AVG":6.379223077869,"GROSS_PROFIT_QOQ":14.748511240365,"ROA":1.37148197888,"HOLDER_PROFIT_QOQ":319.292480681847,"ROE_YEARLY":6.379223077869,"ROIC_YEARLY":1.546465258474,"TOTAL_ASSETS":211404964000,"TOTAL_LIABILITIES":142814859000,"TAX_EBT":19.698439056395,"OCF_SALES":13.105351676844,"TOTAL_PARENT_EQUITY":38329364000,"DEBT_ASSET_RATIO":67.5551114306,"OPERATE_PROFIT":7604262000,"PRETAX_PROFIT":3344067000,"NETCASH_OPERATE":5725614000,"NETCASH_INVEST":-20075107000,"NETCASH_FINANCE":16808458000,"END_CASH":4228099000,"DIVI_RATIO":0.849163706326,"DIVIDEND_RATE":6.375796178344,"CURRENT_RATIO":0.672525250607,"COMMON_ACS":null,"CURRENTDEBT_DEBT":32.157041866351,"ISSUED_COMMON_SHARES":12370150983,"HK_COMMON_SHARES":12370150983,"PER_SHARES":1000,"TOTAL_MARKET_CAP":38842274086.62,"HKSK_MARKET_CAP":38842274086.62,"PE_TTM":9.885119375819,"PB_TTM":0.890021840043,"REPORT_DATE_SQ":"2021-12-31 00:00:00","REPORT_TYPE_SQ":"2021年年报","OPERATE_INCOME_SQ":35476703000,"DPS_HKD":0.2002,"OPERATE_INCOME_QOQ_SQ":8.833916947006,"NET_PROFIT_RATIO_SQ":0.4929394263,"HOLDER_PROFIT_SQ":-256257000,"HOLDER_PROFIT_QOQ_SQ":-127.035430682826,"ROE_AVG_SQ":-1.490340693993,"PE_TTM_SQ":9.205510911868,"PB_TTM_SQ":0.845190245589,"ROA_SQ":-0.311877034064,"START_DATE":"2022-01-01 00:00:00","FISCAL_YEAR":"12-31","CURRENCY":"HKD","IS_CNY_CODE":0,"DPS_HKD_LY":0.0616,"ORG_TYPE":"一般企业","PREMIUM_INCOME":null,"PREMIUM_INCOME_YOY":null,"NET_INTEREST_INCOME":null,"NET_INTEREST_INCOME_YOY":null,"FEE_COMMISSION_INCOME":null,"FEE_COMMISSION_INCOME_YOY":null,"ACCOUNTS_RECE_TDAYS":4.161334507242,"INVENTORY_TDAYS":null,"CURRENT_ASSETS_TDAYS":1.766782988602,"TOTAL_ASSETS_TDAYS":0.226275298687,"PREMIUM_EXPENSE":null,"LOAN_DEPOSIT":null,"LOAN_EQUITY":null,"LOAN_ASSETS":null,"DEPOSIT_EQUITY":null,"DEPOSIT_ASSETS":null,"EQUITY_MULTIPLIER":3.082149589945,"EQUITY_RATIO":3.725990835642},{"SECUCODE":"02380.HK","SECURITY_CODE":"02380","SECURITY_NAME_ABBR":"中国电力","ORG_CODE":"10057575","STD_REPORT_DATE":"2022-06-30 00:00:00","REPORT_DATE":"2022-06-30 00:00:00","DATE_TYPE_CODE":"002","REPORT_TYPE":"2022年中报","PER_NETCASH_OPERATE":0.611574516378,"PER_OI":1.874313017033,"BPS":2.637531105711,"BASIC_EPS":0.07,"DILUTED_EPS":0.07,"OPERATE_INCOME":20305157000,"OPERATE_INCOME_YOY":19.6840307077,"GROSS_PROFIT":20305157000,"GROSS_PROFIT_YOY":19.68403070772,"HOLDER_PROFIT":783676000,"HOLDER_PROFIT_YOY":-44.87488414,"GROSS_PROFIT_RATIO":null,"EPS_TTM":-0.111464962498,"OPERATE_INCOME_QOQ":9.614479502214,"NET_PROFIT_RATIO":7.0446488052,"ROE_AVG":2.371428069971,"GROSS_PROFIT_QOQ":9.614479502214,"ROA":0.468826236304,"HOLDER_PROFIT_QOQ":-134.159276934145,"ROE_YEARLY":4.742856139941,"ROIC_YEARLY":1.065560915942,"TOTAL_ASSETS":187802826000,"TOTAL_LIABILITIES":135081726000,"TAX_EBT":24.342611907774,"OCF_SALES":32.629262605554,"TOTAL_PARENT_EQUITY":35624258000,"DEBT_ASSET_RATIO":71.9274192392,"OPERATE_PROFIT":4016650000,"PRETAX_PROFIT":1890664000,"NETCASH_OPERATE":6625423000,"NETCASH_INVEST":-8519147000,"NETCASH_FINANCE":8703949000,"END_CASH":8579462000,"DIVI_RATIO":-1.630813862273,"DIVIDEND_RATE":6.375796178344,"CURRENT_RATIO":0.576466404381,"COMMON_ACS":null,"CURRENTDEBT_DEBT":35.065412918991,"ISSUED_COMMON_SHARES":12370150983,"HK_COMMON_SHARES":12370150983,"PER_SHARES":1000,"TOTAL_MARKET_CAP":38842274086.62,"HKSK_MARKET_CAP":38842274086.62,"PE_TTM":9.885119375819,"PB_TTM":0.890021840043,"REPORT_DATE_SQ":"2021-06-30 00:00:00","REPORT_TYPE_SQ":"2021年中报","OPERATE_INCOME_SQ":16965636000,"DPS_HKD":0.2002,"OPERATE_INCOME_QOQ_SQ":12.266994600095,"NET_PROFIT_RATIO_SQ":13.4379101419,"HOLDER_PROFIT_SQ":1541731000,"HOLDER_PROFIT_QOQ_SQ":11.65869092463,"ROE_AVG_SQ":4.109643628691,"PE_TTM_SQ":9.205510911868,"PB_TTM_SQ":0.845190245589,"ROA_SQ":0.844049981317,"START_DATE":"2022-01-01 00:00:00","FISCAL_YEAR":"12-31","CURRENCY":"HKD","IS_CNY_CODE":0,"DPS_HKD_LY":0.0616,"ORG_TYPE":"一般企业","PREMIUM_INCOME":null,"PREMIUM_INCOME_YOY":null,"NET_INTEREST_INCOME":null,"NET_INTEREST_INCOME_YOY":null,"FEE_COMMISSION_INCOME":null,"FEE_COMMISSION_INCOME_YOY":null,"ACCOUNTS_RECE_TDAYS":2.157037145157,"INVENTORY_TDAYS":null,"CURRENT_ASSETS_TDAYS":0.885221973197,"TOTAL_ASSETS_TDAYS":0.112010861919,"PREMIUM_EXPENSE":null,"LOAN_DEPOSIT":null,"LOAN_EQUITY":null,"LOAN_ASSETS":null,"DEPOSIT_EQUITY":null,"DEPOSIT_ASSETS":null,"EQUITY_MULTIPLIER":3.562194756944,"EQUITY_RATIO":3.791846724218},{"SECUCODE":"02380.HK","SECURITY_CODE":"02380","SECURITY_NAME_ABBR":"中国电力","ORG_CODE":"10057575","STD_REPORT_DATE":"2021-12-31 00:00:00","REPORT_DATE":"2021-12-31 00:00:00","DATE_TYPE_CODE":"001","REPORT_TYPE":"2021年年报","PER_NETCASH_OPERATE":0.123910840085,"PER_OI":3.274756567227,"BPS":2.652296325654,"BASIC_EPS":-0.04,"DILUTED_EPS":-0.04,"OPERATE_INCOME":35476703000,"OPERATE_INCOME_YOY":22.184567662,"GROSS_PROFIT":35476703000,"GROSS_PROFIT_YOY":24.796155836762,"HOLDER_PROFIT":-256257000,"HOLDER_PROFIT_YOY":-130.1874079863,"GROSS_PROFIT_RATIO":null,"EPS_TTM":-0.047602197939,"OPERATE_INCOME_QOQ":8.833916947006,"NET_PROFIT_RATIO":0.4929394263,"ROE_AVG":-1.490340693993,"GROSS_PROFIT_QOQ":8.833916947006,"ROA":-0.311877034064,"HOLDER_PROFIT_QOQ":-127.035430682826,"ROE_YEARLY":-1.490340693993,"ROIC_YEARLY":-0.344772431045,"TOTAL_ASSETS":175245988000,"TOTAL_LIABILITIES":122869305000,"TAX_EBT":34.861491962864,"OCF_SALES":3.864694160422,"TOTAL_PARENT_EQUITY":36052468000,"DEBT_ASSET_RATIO":70.3098259748,"OPERATE_PROFIT":5105944000,"PRETAX_PROFIT":1038243000,"NETCASH_OPERATE":1547926000,"NETCASH_INVEST":-18721137000,"NETCASH_FINANCE":17608456000,"END_CASH":1766632000,"DIVI_RATIO":-3.818701948041,"DIVIDEND_RATE":6.375796178344,"CURRENT_RATIO":0.407819364719,"COMMON_ACS":null,"CURRENTDEBT_DEBT":37.06037240139,"ISSUED_COMMON_SHARES":12370150983,"HK_COMMON_SHARES":12370150983,"PER_SHARES":1000,"TOTAL_MARKET_CAP":38842274086.62,"HKSK_MARKET_CAP":38842274086.62,"PE_TTM":9.885119375819,"PB_TTM":0.890021840043,"REPORT_DATE_SQ":"2020-12-31 00:00:00","REPORT_TYPE_SQ":"2020年年报","OPERATE_INCOME_SQ":28427721000,"DPS_HKD":0.2002,"OPERATE_INCOME_QOQ_SQ":5.384817393841,"NET_PROFIT_RATIO_SQ":10.2911907711,"HOLDER_PROFIT_SQ":1708305000,"HOLDER_PROFIT_QOQ_SQ":15.376744525311,"ROE_AVG_SQ":5.362089719178,"PE_TTM_SQ":9.205510911868,"PB_TTM_SQ":0.845190245589,"ROA_SQ":1.153331356614,"START_DATE":"2021-01-01 00:00:00","FISCAL_YEAR":"12-31","CURRENCY":"HKD","IS_CNY_CODE":0,"DPS_HKD_LY":0.15562,"ORG_TYPE":"一般企业","PREMIUM_INCOME":null,"PREMIUM_INCOME_YOY":null,"NET_INTEREST_INCOME":null,"NET_INTEREST_INCOME_YOY":null,"FEE_COMMISSION_INCOME":null,"FEE_COMMISSION_INCOME_YOY":null,"ACCOUNTS_RECE_TDAYS":4.534093371512,"INVENTORY_TDAYS":null,"CURRENT_ASSETS_TDAYS":1.894099120918,"TOTAL_ASSETS_TDAYS":0.21006348199,"PREMIUM_EXPENSE":null,"LOAN_DEPOSIT":null,"LOAN_EQUITY":null,"LOAN_ASSETS":null,"DEPOSIT_EQUITY":null,"DEPOSIT_ASSETS":null,"EQUITY_MULTIPLIER":3.368117678095,"EQUITY_RATIO":3.408069178509},{"SECUCODE":"02380.HK","SECURITY_CODE":"02380","SECURITY_NAME_ABBR":"中国电力","ORG_CODE":"10057575","STD_REPORT_DATE":"2021-06-30 00:00:00","REPORT_DATE":"2021-06-30 00:00:00","DATE_TYPE_CODE":"002","REPORT_TYPE":"2021年中报","PER_NETCASH_OPERATE":0.248176324303,"PER_OI":1.729971720348,"BPS":2.456054905211,"BASIC_EPS":0.15,"DILUTED_EPS":0.15,"OPERATE_INCOME":16965636000,"OPERATE_INCOME_YOY":26.7101154588,"GROSS_PROFIT":16965636000,"GROSS_PROFIT_YOY":29.94683064553,"HOLDER_PROFIT":1541731000,"HOLDER_PROFIT_YOY":16.9794012887,"GROSS_PROFIT_RATIO":null,"EPS_TTM":0.194503223303,"OPERATE_INCOME_QOQ":12.266994600095,"NET_PROFIT_RATIO":13.4379101419,"ROE_AVG":4.109643628691,"GROSS_PROFIT_QOQ":12.266994600095,"ROA":0.844049981317,"HOLDER_PROFIT_QOQ":11.65869092463,"ROE_YEARLY":8.219287257381,"ROIC_YEARLY":1.882625583345,"TOTAL_ASSETS":169186577000,"TOTAL_LIABILITIES":122919609000,"TAX_EBT":14.294554414182,"OCF_SALES":14.712136620948,"TOTAL_PARENT_EQUITY":33379370000,"DEBT_ASSET_RATIO":72.6532867912,"OPERATE_PROFIT":4764370000,"PRETAX_PROFIT":2999310000,"NETCASH_OPERATE":2601613000,"NETCASH_INVEST":-5909284000,"NETCASH_FINANCE":9009351000,"END_CASH":7004936000,"DIVI_RATIO":0.934578887245,"DIVIDEND_RATE":6.375796178344,"CURRENT_RATIO":0.543961872776,"COMMON_ACS":null,"CURRENTDEBT_DEBT":39.748870336872,"ISSUED_COMMON_SHARES":12370150983,"HK_COMMON_SHARES":12370150983,"PER_SHARES":1000,"TOTAL_MARKET_CAP":38842274086.62,"HKSK_MARKET_CAP":38842274086.62,"PE_TTM":9.885119375819,"PB_TTM":0.890021840043,"REPORT_DATE_SQ":"2020-06-30 00:00:00","REPORT_TYPE_SQ":"2020年中报","OPERATE_INCOME_SQ":13055829000,"DPS_HKD":0.2002,"OPERATE_INCOME_QOQ_SQ":-2.838745282574,"NET_PROFIT_RATIO_SQ":14.6731854408,"HOLDER_PROFIT_SQ":1172986000,"HOLDER_PROFIT_QOQ_SQ":15.279811831536,"ROE_AVG_SQ":3.889187148195,"PE_TTM_SQ":9.205510911868,"PB_TTM_SQ":0.845190245589,"ROA_SQ":0.819095101393,"START_DATE":"2021-01-01 00:00:00","FISCAL_YEAR":"12-31","CURRENCY":"HKD","IS_CNY_CODE":0,"DPS_HKD_LY":0.15562,"ORG_TYPE":"一般企业","PREMIUM_INCOME":null,"PREMIUM_INCOME_YOY":null,"NET_INTEREST_INCOME":null,"NET_INTEREST_INCOME_YOY":null,"FEE_COMMISSION_INCOME":null,"FEE_COMMISSION_INCOME_YOY":null,"ACCOUNTS_RECE_TDAYS":2.131161175505,"INVENTORY_TDAYS":null,"CURRENT_ASSETS_TDAYS":0.740455743305,"TOTAL_ASSETS_TDAYS":0.101761073902,"PREMIUM_EXPENSE":null,"LOAN_DEPOSIT":null,"LOAN_EQUITY":null,"LOAN_ASSETS":null,"DEPOSIT_EQUITY":null,"DEPOSIT_ASSETS":null,"EQUITY_MULTIPLIER":3.656746579981,"EQUITY_RATIO":3.682502365982},{"SECUCODE":"02380.HK","SECURITY_CODE":"02380","SECURITY_NAME_ABBR":"中国电力","ORG_CODE":"10057575","STD_REPORT_DATE":"2020-12-31 00:00:00","REPORT_DATE":"2020-12-31 00:00:00","DATE_TYPE_CODE":"001","REPORT_TYPE":"2020年年报","PER_NETCASH_OPERATE":0.561021696379,"PER_OI":2.898750945968,"BPS":2.456078914619,"BASIC_EPS":0.17,"DILUTED_EPS":0.17,"OPERATE_INCOME":28427721000,"OPERATE_INCOME_YOY":2.3932108615,"GROSS_PROFIT":28427721000,"GROSS_PROFIT_YOY":2.393210861524,"HOLDER_PROFIT":1708305000,"HOLDER_PROFIT_YOY":33.0060939861,"GROSS_PROFIT_RATIO":null,"EPS_TTM":0.174194432777,"OPERATE_INCOME_QOQ":5.384817393841,"NET_PROFIT_RATIO":10.2911907711,"ROE_AVG":5.362089719178,"GROSS_PROFIT_QOQ":5.384817393841,"ROA":1.153331356614,"HOLDER_PROFIT_QOQ":15.376744525311,"ROE_YEARLY":5.362089719178,"ROIC_YEARLY":1.282133532402,"TOTAL_ASSETS":155948671000,"TOTAL_LIABILITIES":110158754000,"TAX_EBT":23.537535476475,"OCF_SALES":19.353911627316,"TOTAL_PARENT_EQUITY":33397807000,"DEBT_ASSET_RATIO":70.6378280069,"OPERATE_PROFIT":6371860000,"PRETAX_PROFIT":3826127000,"NETCASH_OPERATE":5501876000,"NETCASH_INVEST":-15768455000,"NETCASH_FINANCE":10346855000,"END_CASH":1318331000,"DIVI_RATIO":1.043538551156,"DIVIDEND_RATE":6.375796178344,"CURRENT_RATIO":0.418364541857,"COMMON_ACS":null,"CURRENTDEBT_DEBT":39.286816007378,"ISSUED_COMMON_SHARES":12370150983,"HK_COMMON_SHARES":12370150983,"PER_SHARES":1000,"TOTAL_MARKET_CAP":38842274086.62,"HKSK_MARKET_CAP":38842274086.62,"PE_TTM":9.885119375819,"PB_TTM":0.890021840043,"REPORT_DATE_SQ":"2019-12-31 00:00:00","REPORT_TYPE_SQ":"2019年年报","OPERATE_INCOME_SQ":27763287000,"DPS_HKD":0.2002,"OPERATE_INCOME_QOQ_SQ":5.985299792754,"NET_PROFIT_RATIO_SQ":7.9282759278,"HOLDER_PROFIT_SQ":1284381000,"HOLDER_PROFIT_QOQ_SQ":-12.549865493385,"ROE_AVG_SQ":4.262091087351,"PE_TTM_SQ":9.205510911868,"PB_TTM_SQ":0.845190245589,"ROA_SQ":0.968435812968,"START_DATE":"2020-01-01 00:00:00","FISCAL_YEAR":"12-31","CURRENCY":"HKD","IS_CNY_CODE":0,"DPS_HKD_LY":0.1426,"ORG_TYPE":"一般企业","PREMIUM_INCOME":null,"PREMIUM_INCOME_YOY":null,"NET_INTEREST_INCOME":null,"NET_INTEREST_INCOME_YOY":null,"FEE_COMMISSION_INCOME":null,"FEE_COMMISSION_INCOME_YOY":null,"ACCOUNTS_RECE_TDAYS":5.314202601943,"INVENTORY_TDAYS":null,"CURRENT_ASSETS_TDAYS":1.829033430501,"TOTAL_ASSETS_TDAYS":0.191924638905,"PREMIUM_EXPENSE":null,"LOAN_DEPOSIT":null,"LOAN_EQUITY":null,"LOAN_ASSETS":null,"DEPOSIT_EQUITY":null,"DEPOSIT_ASSETS":null,"EQUITY_MULTIPLIER":3.405742600496,"EQUITY_RATIO":3.298382854898},{"SECUCODE":"02380.HK","SECURITY_CODE":"02380","SECURITY_NAME_ABBR":"中国电力","ORG_CODE":"10057575","STD_REPORT_DATE":"2020-06-30 00:00:00","REPORT_DATE":"2020-06-30 00:00:00","DATE_TYPE_CODE":"002","REPORT_TYPE":"2020年中报","PER_NETCASH_OPERATE":0.366019334018,"PER_OI":1.331291968996,"BPS":2.425216397215,"BASIC_EPS":0.12,"DILUTED_EPS":0.12,"OPERATE_INCOME":13055829000,"OPERATE_INCOME_YOY":-5.6929456157,"GROSS_PROFIT":13055829000,"GROSS_PROFIT_YOY":-5.692945615697,"HOLDER_PROFIT":1172986000,"HOLDER_PROFIT_YOY":20.0925532514,"GROSS_PROFIT_RATIO":null,"EPS_TTM":0.150978807293,"OPERATE_INCOME_QOQ":-2.838745282574,"NET_PROFIT_RATIO":14.6731854408,"ROE_AVG":3.889187148195,"GROSS_PROFIT_QOQ":-2.838745282574,"ROA":0.819095101393,"HOLDER_PROFIT_QOQ":15.279811831536,"ROE_YEARLY":7.77837429639,"ROIC_YEARLY":1.849619044296,"TOTAL_ASSETS":146120512000,"TOTAL_LIABILITIES":101481499000,"TAX_EBT":19.522150348637,"OCF_SALES":27.493543305446,"TOTAL_PARENT_EQUITY":30000293000,"DEBT_ASSET_RATIO":69.4505498311,"OPERATE_PROFIT":3786804000,"PRETAX_PROFIT":2380414000,"NETCASH_OPERATE":3589510000,"NETCASH_INVEST":-6456662000,"NETCASH_FINANCE":3686080000,"END_CASH":2055610000,"DIVI_RATIO":1.20400080819,"DIVIDEND_RATE":6.375796178344,"CURRENT_RATIO":0.349705268801,"COMMON_ACS":null,"CURRENTDEBT_DEBT":38.916221566652,"ISSUED_COMMON_SHARES":12370150983,"HK_COMMON_SHARES":12370150983,"PER_SHARES":1000,"TOTAL_MARKET_CAP":38842274086.62,"HKSK_MARKET_CAP":38842274086.62,"PE_TTM":9.885119375819,"PB_TTM":0.890021840043,"REPORT_DATE_SQ":"2019-06-30 00:00:00","REPORT_TYPE_SQ":"2019年中报","OPERATE_INCOME_SQ":13843958000,"DPS_HKD":0.2002,"OPERATE_INCOME_QOQ_SQ":13.030012652085,"NET_PROFIT_RATIO_SQ":13.0842566844,"HOLDER_PROFIT_SQ":976735000,"HOLDER_PROFIT_QOQ_SQ":33.718242280501,"ROE_AVG_SQ":3.251563454282,"PE_TTM_SQ":9.205510911868,"PB_TTM_SQ":0.845190245589,"ROA_SQ":0.759956857907,"START_DATE":"2020-01-01 00:00:00","FISCAL_YEAR":"12-31","CURRENCY":"HKD","IS_CNY_CODE":0,"DPS_HKD_LY":0.1426,"ORG_TYPE":"一般企业","PREMIUM_INCOME":null,"PREMIUM_INCOME_YOY":null,"NET_INTEREST_INCOME":null,"NET_INTEREST_INCOME_YOY":null,"FEE_COMMISSION_INCOME":null,"FEE_COMMISSION_INCOME_YOY":null,"ACCOUNTS_RECE_TDAYS":4.003225987458,"INVENTORY_TDAYS":null,"CURRENT_ASSETS_TDAYS":0.974684049407,"TOTAL_ASSETS_TDAYS":0.091168740109,"PREMIUM_EXPENSE":null,"LOAN_DEPOSIT":null,"LOAN_EQUITY":null,"LOAN_ASSETS":null,"DEPOSIT_EQUITY":null,"DEPOSIT_ASSETS":null,"EQUITY_MULTIPLIER":3.27338133574,"EQUITY_RATIO":3.38268359579}],"count":45},"success":true,"message":"ok","code":0}