{"version":"edc5328c62b7701073e7f3c23c2ffcfa","result":{"pages":2,"data":[{"SECUCODE":"02381.HK","SECURITY_CODE":"02381","SECURITY_NAME_ABBR":"蚬壳电业","ORG_CODE":"10000000675","STD_REPORT_DATE":"2024-06-30 00:00:00","REPORT_DATE":"2024-06-30 00:00:00","DATE_TYPE_CODE":"002","REPORT_TYPE":"2024年中报","PER_NETCASH_OPERATE":0.00405823162,"PER_OI":0.0565496528,"BPS":0.06485230276,"BASIC_EPS":0.0059141664,"DILUTED_EPS":0.0059141664,"OPERATE_INCOME":113099305.6,"OPERATE_INCOME_YOY":4.2632495604,"GROSS_PROFIT":31648091.68,"GROSS_PROFIT_YOY":3.180905522132,"HOLDER_PROFIT":11828332.8,"HOLDER_PROFIT_YOY":-0.4149377593,"GROSS_PROFIT_RATIO":27.982569399613,"EPS_TTM":0.00932729657,"OPERATE_INCOME_QOQ":1.667268637242,"NET_PROFIT_RATIO":10.4583602324,"ROE_AVG":9.55135882082,"GROSS_PROFIT_QOQ":1.690364774986,"ROA":6.825920590737,"HOLDER_PROFIT_QOQ":-0.904731749325,"ROE_YEARLY":19.10271764164,"ROIC_YEARLY":25.012786242968,"TOTAL_ASSETS":179248526.64,"TOTAL_LIABILITIES":49543921.12,"TAX_EBT":15.936952714536,"OCF_SALES":7.176404131698,"TOTAL_PARENT_EQUITY":129704605.52,"DEBT_ASSET_RATIO":27.6397926659,"OPERATE_PROFIT":14152016.08,"PRETAX_PROFIT":14070787.56,"NETCASH_OPERATE":8116463.24,"NETCASH_INVEST":1029503.04,"NETCASH_FINANCE":-1695759.44,"END_CASH":82430519.56,"DIVI_RATIO":0.975041367212,"DIVIDEND_RATE":9.803921568627,"CURRENT_RATIO":3.48003406335,"COMMON_ACS":5000000000,"CURRENTDEBT_DEBT":99.50814236239,"ISSUED_COMMON_SHARES":2000000000,"HK_COMMON_SHARES":2000000000,"PER_SHARES":10000,"TOTAL_MARKET_CAP":204000000,"HKSK_MARKET_CAP":204000000,"PE_TTM":9.846035040301,"PB_TTM":1.435467300899,"REPORT_DATE_SQ":"2023-06-30 00:00:00","REPORT_TYPE_SQ":"2023年中报","OPERATE_INCOME_SQ":109580088.94,"DPS_HKD":0.01,"OPERATE_INCOME_QOQ_SQ":-12.988679879706,"NET_PROFIT_RATIO_SQ":10.949660505,"HOLDER_PROFIT_SQ":11998647.72,"HOLDER_PROFIT_QOQ_SQ":-45.67991455342,"ROE_AVG_SQ":8.977308394066,"PE_TTM_SQ":15.168539325843,"PB_TTM_SQ":1.071350629253,"ROA_SQ":6.869975136328,"START_DATE":"2024-01-01 00:00:00","FISCAL_YEAR":"12-31","CURRENCY":"HKD","IS_CNY_CODE":0,"DPS_HKD_LY":0.01,"ORG_TYPE":"一般企业","PREMIUM_INCOME":null,"PREMIUM_INCOME_YOY":null,"NET_INTEREST_INCOME":null,"NET_INTEREST_INCOME_YOY":null,"FEE_COMMISSION_INCOME":null,"FEE_COMMISSION_INCOME_YOY":null,"ACCOUNTS_RECE_TDAYS":1.652321744058,"INVENTORY_TDAYS":4.704604760273,"CURRENT_ASSETS_TDAYS":0.687663182662,"TOTAL_ASSETS_TDAYS":0.652675987349,"PREMIUM_EXPENSE":null,"LOAN_DEPOSIT":null,"LOAN_EQUITY":null,"LOAN_ASSETS":null,"DEPOSIT_EQUITY":null,"DEPOSIT_ASSETS":null,"EQUITY_MULTIPLIER":1.381975034127,"EQUITY_RATIO":0.381975034128},{"SECUCODE":"02381.HK","SECURITY_CODE":"02381","SECURITY_NAME_ABBR":"蚬壳电业","ORG_CODE":"10000000675","STD_REPORT_DATE":"2023-12-31 00:00:00","REPORT_DATE":"2023-12-31 00:00:00","DATE_TYPE_CODE":"001","REPORT_TYPE":"2023年年报","PER_NETCASH_OPERATE":0.01260008288,"PER_OI":0.1055383812,"BPS":0.05856945171,"BASIC_EPS":0.0094156258,"DILUTED_EPS":0.0094156258,"OPERATE_INCOME":211076762.4,"OPERATE_INCOME_YOY":-8.4754154404,"GROSS_PROFIT":57718964.24,"GROSS_PROFIT_YOY":-7.639562885219,"HOLDER_PROFIT":18824908.06,"HOLDER_PROFIT_YOY":-7.1390254806,"GROSS_PROFIT_RATIO":27.345011162631,"EPS_TTM":0.00941245403,"OPERATE_INCOME_QOQ":6.711912273155,"NET_PROFIT_RATIO":8.9185127941,"ROE_AVG":15.503337923211,"GROSS_PROFIT_QOQ":3.121735837894,"ROA":11.361206290694,"HOLDER_PROFIT_QOQ":73.429785356924,"ROE_YEARLY":15.503337923211,"ROIC_YEARLY":21.390324772947,"TOTAL_ASSETS":166138218.82,"TOTAL_LIABILITIES":48999315.4,"TAX_EBT":15.139507332816,"OCF_SALES":11.938863128971,"TOTAL_PARENT_EQUITY":117138903.42,"DEBT_ASSET_RATIO":29.4931026395,"OPERATE_PROFIT":22335604.34,"PRETAX_PROFIT":22183359.38,"NETCASH_OPERATE":25200165.76,"NETCASH_INVEST":597198.98,"NETCASH_FINANCE":-32178059.76,"END_CASH":74453222.76,"DIVI_RATIO":0.966219858393,"DIVIDEND_RATE":9.803921568627,"CURRENT_RATIO":3.204802706169,"COMMON_ACS":5000000000,"CURRENTDEBT_DEBT":99.506195672277,"ISSUED_COMMON_SHARES":2000000000,"HK_COMMON_SHARES":2000000000,"PER_SHARES":10000,"TOTAL_MARKET_CAP":204000000,"HKSK_MARKET_CAP":204000000,"PE_TTM":9.846035040301,"PB_TTM":1.435467300899,"REPORT_DATE_SQ":"2022-12-31 00:00:00","REPORT_TYPE_SQ":"2022年年报","OPERATE_INCOME_SQ":227327389.03,"DPS_HKD":0.01,"OPERATE_INCOME_QOQ_SQ":-5.550642750415,"NET_PROFIT_RATIO_SQ":8.7901638185,"HOLDER_PROFIT_SQ":19982449.9,"HOLDER_PROFIT_QOQ_SQ":-40.787350387594,"ROE_AVG_SQ":14.760074559161,"PE_TTM_SQ":16.479400749064,"PB_TTM_SQ":1.163936486102,"ROA_SQ":11.004390441873,"START_DATE":"2023-01-01 00:00:00","FISCAL_YEAR":"12-31","CURRENCY":"HKD","IS_CNY_CODE":0,"DPS_HKD_LY":0.015,"ORG_TYPE":"一般企业","PREMIUM_INCOME":null,"PREMIUM_INCOME_YOY":null,"NET_INTEREST_INCOME":null,"NET_INTEREST_INCOME_YOY":null,"FEE_COMMISSION_INCOME":null,"FEE_COMMISSION_INCOME_YOY":null,"ACCOUNTS_RECE_TDAYS":3.62202887733,"INVENTORY_TDAYS":8.171120928997,"CURRENT_ASSETS_TDAYS":1.363532586743,"TOTAL_ASSETS_TDAYS":1.273890227328,"PREMIUM_EXPENSE":null,"LOAN_DEPOSIT":null,"LOAN_EQUITY":null,"LOAN_ASSETS":null,"DEPOSIT_EQUITY":null,"DEPOSIT_ASSETS":null,"EQUITY_MULTIPLIER":1.418300956979,"EQUITY_RATIO":0.418300956979},{"SECUCODE":"02381.HK","SECURITY_CODE":"02381","SECURITY_NAME_ABBR":"蚬壳电业","ORG_CODE":"10000000675","STD_REPORT_DATE":"2023-06-30 00:00:00","REPORT_DATE":"2023-06-30 00:00:00","DATE_TYPE_CODE":"002","REPORT_TYPE":"2023年中报","PER_NETCASH_OPERATE":-0.00016964432,"PER_OI":0.05479004447,"BPS":0.06970675889,"BASIC_EPS":0.0060020898,"DILUTED_EPS":0.0060020898,"OPERATE_INCOME":109580088.94,"OPERATE_INCOME_YOY":-26.9325349498,"GROSS_PROFIT":30672430.64,"GROSS_PROFIT_YOY":-17.533758823553,"HOLDER_PROFIT":11998647.72,"HOLDER_PROFIT_YOY":-47.3202720207,"GROSS_PROFIT_RATIO":27.99087948979,"EPS_TTM":0.00542724193,"OPERATE_INCOME_QOQ":-12.988679879706,"NET_PROFIT_RATIO":10.949660505,"ROE_AVG":8.977308394066,"GROSS_PROFIT_QOQ":-10.435529072192,"ROA":6.869975136328,"HOLDER_PROFIT_QOQ":-45.67991455342,"ROE_YEARLY":17.954616788132,"ROIC_YEARLY":25.603745929941,"TOTAL_ASSETS":181181977.72,"TOTAL_LIABILITIES":41768459.94,"TAX_EBT":18.140646622217,"OCF_SALES":-0.309626176874,"TOTAL_PARENT_EQUITY":139413517.78,"DEBT_ASSET_RATIO":23.0533193564,"OPERATE_PROFIT":14771963.56,"PRETAX_PROFIT":14657638.04,"NETCASH_OPERATE":-339288.64,"NETCASH_INVEST":141062.94,"NETCASH_FINANCE":-2554806.58,"END_CASH":79525384.9,"DIVI_RATIO":1.675713026487,"DIVIDEND_RATE":9.803921568627,"CURRENT_RATIO":4.124958487391,"COMMON_ACS":5000000000,"CURRENTDEBT_DEBT":99.6997991303,"ISSUED_COMMON_SHARES":2000000000,"HK_COMMON_SHARES":2000000000,"PER_SHARES":10000,"TOTAL_MARKET_CAP":204000000,"HKSK_MARKET_CAP":204000000,"PE_TTM":9.846035040301,"PB_TTM":1.435467300899,"REPORT_DATE_SQ":"2022-06-30 00:00:00","REPORT_TYPE_SQ":"2022年中报","OPERATE_INCOME_SQ":139106915.78,"DPS_HKD":0.01,"OPERATE_INCOME_QOQ_SQ":27.746306955718,"NET_PROFIT_RATIO_SQ":15.1873209477,"HOLDER_PROFIT_SQ":21126613.76,"HOLDER_PROFIT_QOQ_SQ":45.752308287556,"ROE_AVG_SQ":14.03086290034,"PE_TTM_SQ":16.479400749064,"PB_TTM_SQ":1.163936486102,"ROA_SQ":10.54111542786,"START_DATE":"2023-01-01 00:00:00","FISCAL_YEAR":"12-31","CURRENCY":"HKD","IS_CNY_CODE":0,"DPS_HKD_LY":0.015,"ORG_TYPE":"一般企业","PREMIUM_INCOME":null,"PREMIUM_INCOME_YOY":null,"NET_INTEREST_INCOME":null,"NET_INTEREST_INCOME_YOY":null,"FEE_COMMISSION_INCOME":null,"FEE_COMMISSION_INCOME_YOY":null,"ACCOUNTS_RECE_TDAYS":1.681053442996,"INVENTORY_TDAYS":4.455463584778,"CURRENT_ASSETS_TDAYS":0.668603702683,"TOTAL_ASSETS_TDAYS":0.627414442045,"PREMIUM_EXPENSE":null,"LOAN_DEPOSIT":null,"LOAN_EQUITY":null,"LOAN_ASSETS":null,"DEPOSIT_EQUITY":null,"DEPOSIT_ASSETS":null,"EQUITY_MULTIPLIER":1.299601219488,"EQUITY_RATIO":0.299601219488},{"SECUCODE":"02381.HK","SECURITY_CODE":"02381","SECURITY_NAME_ABBR":"蚬壳电业","ORG_CODE":"10000000675","STD_REPORT_DATE":"2022-12-31 00:00:00","REPORT_DATE":"2022-12-31 00:00:00","DATE_TYPE_CODE":"001","REPORT_TYPE":"2022年年报","PER_NETCASH_OPERATE":0.02181901302,"PER_OI":0.113663694515,"BPS":0.0619572072,"BASIC_EPS":0.0099956913,"DILUTED_EPS":0.0099956913,"OPERATE_INCOME":227327389.03,"OPERATE_INCOME_YOY":10.434684499,"GROSS_PROFIT":62493169.2,"GROSS_PROFIT_YOY":23.495215671589,"HOLDER_PROFIT":19982449.9,"HOLDER_PROFIT_YOY":-21.0070977083,"GROSS_PROFIT_RATIO":27.490382688446,"EPS_TTM":0.00999122495,"OPERATE_INCOME_QOQ":-5.550642750415,"NET_PROFIT_RATIO":8.7901638185,"ROE_AVG":14.760074559161,"GROSS_PROFIT_QOQ":-3.343639417542,"ROA":11.004390441873,"HOLDER_PROFIT_QOQ":-40.787350387594,"ROE_YEARLY":14.760074559161,"ROIC_YEARLY":19.765150778855,"TOTAL_ASSETS":162889571.04,"TOTAL_LIABILITIES":38975156.64,"TAX_EBT":23.348410087719,"OCF_SALES":19.196114566838,"TOTAL_PARENT_EQUITY":123914414.4,"DEBT_ASSET_RATIO":23.9273493024,"OPERATE_PROFIT":26099562.86,"PRETAX_PROFIT":26069191.68,"NETCASH_OPERATE":43638026.04,"NETCASH_INVEST":-189373.24,"NETCASH_FINANCE":-44334776.64,"END_CASH":79766331.19,"DIVI_RATIO":0.910248747827,"DIVIDEND_RATE":9.803921568627,"CURRENT_RATIO":3.890334743425,"COMMON_ACS":5000000000,"CURRENTDEBT_DEBT":99.68830216355,"ISSUED_COMMON_SHARES":2000000000,"HK_COMMON_SHARES":2000000000,"PER_SHARES":10000,"TOTAL_MARKET_CAP":204000000,"HKSK_MARKET_CAP":204000000,"PE_TTM":9.846035040301,"PB_TTM":1.435467300899,"REPORT_DATE_SQ":"2021-12-31 00:00:00","REPORT_TYPE_SQ":"2021年年报","OPERATE_INCOME_SQ":188410196.8,"DPS_HKD":0.01,"OPERATE_INCOME_QOQ_SQ":-0.950000740784,"NET_PROFIT_RATIO_SQ":12.2889391303,"HOLDER_PROFIT_SQ":23153614.4,"HOLDER_PROFIT_QOQ_SQ":-16.545176252696,"ROE_AVG_SQ":18.400969463838,"PE_TTM_SQ":16.479400749064,"PB_TTM_SQ":1.163936486102,"ROA_SQ":13.360602758081,"START_DATE":"2022-01-01 00:00:00","FISCAL_YEAR":"12-31","CURRENCY":"HKD","IS_CNY_CODE":0,"DPS_HKD_LY":0.023,"ORG_TYPE":"一般企业","PREMIUM_INCOME":null,"PREMIUM_INCOME_YOY":null,"NET_INTEREST_INCOME":null,"NET_INTEREST_INCOME_YOY":null,"FEE_COMMISSION_INCOME":null,"FEE_COMMISSION_INCOME_YOY":null,"ACCOUNTS_RECE_TDAYS":3.729186357475,"INVENTORY_TDAYS":5.842668524206,"CURRENT_ASSETS_TDAYS":1.337951085128,"TOTAL_ASSETS_TDAYS":1.251898220457,"PREMIUM_EXPENSE":null,"LOAN_DEPOSIT":null,"LOAN_EQUITY":null,"LOAN_ASSETS":null,"DEPOSIT_EQUITY":null,"DEPOSIT_ASSETS":null,"EQUITY_MULTIPLIER":1.314532871971,"EQUITY_RATIO":0.314532871972},{"SECUCODE":"02381.HK","SECURITY_CODE":"02381","SECURITY_NAME_ABBR":"蚬壳电业","ORG_CODE":"10000000675","STD_REPORT_DATE":"2022-06-30 00:00:00","REPORT_DATE":"2022-06-30 00:00:00","DATE_TYPE_CODE":"002","REPORT_TYPE":"2022年中报","PER_NETCASH_OPERATE":0.002221356025,"PER_OI":0.06955345789,"BPS":0.080277968085,"BASIC_EPS":0.0105615965,"DILUTED_EPS":0.0105615965,"OPERATE_INCOME":139106915.78,"OPERATE_INCOME_YOY":55.8766877809,"GROSS_PROFIT":37193923.48,"GROSS_PROFIT_YOY":60.715984902992,"HOLDER_PROFIT":21126613.76,"HOLDER_PROFIT_YOY":95.1496958686,"GROSS_PROFIT_RATIO":26.737652309697,"EPS_TTM":0.01687346372,"OPERATE_INCOME_QOQ":27.746306955718,"NET_PROFIT_RATIO":15.1873209477,"ROE_AVG":14.03086290034,"GROSS_PROFIT_QOQ":27.767293251471,"ROA":10.54111542786,"HOLDER_PROFIT_QOQ":45.752308287556,"ROE_YEARLY":28.06172580068,"ROIC_YEARLY":34.777834480089,"TOTAL_ASSETS":209097375.76,"TOTAL_LIABILITIES":48541439.59,"TAX_EBT":19.979269240736,"OCF_SALES":3.193739164648,"TOTAL_PARENT_EQUITY":160555936.17,"DEBT_ASSET_RATIO":23.2147531329,"OPERATE_PROFIT":26422805.43,"PRETAX_PROFIT":26401425.68,"NETCASH_OPERATE":4442712.05,"NETCASH_INVEST":-556728.69,"NETCASH_FINANCE":-1564997.7,"END_CASH":80107357.68,"DIVI_RATIO":0.538982401652,"DIVIDEND_RATE":9.803921568627,"CURRENT_RATIO":4.122531315516,"COMMON_ACS":5000000000,"CURRENTDEBT_DEBT":100,"ISSUED_COMMON_SHARES":2000000000,"HK_COMMON_SHARES":2000000000,"PER_SHARES":10000,"TOTAL_MARKET_CAP":204000000,"HKSK_MARKET_CAP":204000000,"PE_TTM":9.846035040301,"PB_TTM":1.435467300899,"REPORT_DATE_SQ":"2021-06-30 00:00:00","REPORT_TYPE_SQ":"2021年中报","OPERATE_INCOME_SQ":86830044.24,"DPS_HKD":0.01,"OPERATE_INCOME_QOQ_SQ":-9.382633261155,"NET_PROFIT_RATIO_SQ":12.1309401742,"HOLDER_PROFIT_SQ":10533300.72,"HOLDER_PROFIT_QOQ_SQ":-9.32225156729,"ROE_AVG_SQ":8.447386508471,"PE_TTM_SQ":16.479400749064,"PB_TTM_SQ":1.163936486102,"ROA_SQ":6.233411954718,"START_DATE":"2022-01-01 00:00:00","FISCAL_YEAR":"12-31","CURRENCY":"HKD","IS_CNY_CODE":0,"DPS_HKD_LY":0.023,"ORG_TYPE":"一般企业","PREMIUM_INCOME":null,"PREMIUM_INCOME_YOY":null,"NET_INTEREST_INCOME":null,"NET_INTEREST_INCOME_YOY":null,"FEE_COMMISSION_INCOME":null,"FEE_COMMISSION_INCOME_YOY":null,"ACCOUNTS_RECE_TDAYS":null,"INVENTORY_TDAYS":3.294810473057,"CURRENT_ASSETS_TDAYS":0.730735106166,"TOTAL_ASSETS_TDAYS":0.6940733961,"PREMIUM_EXPENSE":null,"LOAN_DEPOSIT":null,"LOAN_EQUITY":null,"LOAN_ASSETS":null,"DEPOSIT_EQUITY":null,"DEPOSIT_ASSETS":null,"EQUITY_MULTIPLIER":1.302333509106,"EQUITY_RATIO":0.302333509106},{"SECUCODE":"02381.HK","SECURITY_CODE":"02381","SECURITY_NAME_ABBR":"蚬壳电业","ORG_CODE":"10000000675","STD_REPORT_DATE":"2021-12-31 00:00:00","REPORT_DATE":"2021-12-31 00:00:00","DATE_TYPE_CODE":"001","REPORT_TYPE":"2021年年报","PER_NETCASH_OPERATE":0.011802056,"PER_OI":0.0942050984,"BPS":0.067204676,"BASIC_EPS":0.011577216,"DILUTED_EPS":0.011577216,"OPERATE_INCOME":188410196.8,"OPERATE_INCOME_YOY":-7.6043767466,"GROSS_PROFIT":50603716.8,"GROSS_PROFIT_YOY":-21.135989669471,"HOLDER_PROFIT":23153614.4,"HOLDER_PROFIT_YOY":-22.0999642395,"GROSS_PROFIT_RATIO":26.8582686391,"EPS_TTM":0.0115768072,"OPERATE_INCOME_QOQ":-0.950000740784,"NET_PROFIT_RATIO":12.2889391303,"ROE_AVG":18.400969463838,"GROSS_PROFIT_QOQ":-6.317666051605,"ROA":13.360602758081,"HOLDER_PROFIT_QOQ":-16.545176252696,"ROE_YEARLY":18.400969463838,"ROIC_YEARLY":22.163697836772,"TOTAL_ASSETS":183316548.8,"TOTAL_LIABILITIES":48907196.8,"TAX_EBT":16.857990076627,"OCF_SALES":12.528043811268,"TOTAL_PARENT_EQUITY":134409352,"DEBT_ASSET_RATIO":26.6790953245,"OPERATE_PROFIT":27927580.8,"PRETAX_PROFIT":27848273.6,"NETCASH_OPERATE":23604112,"NETCASH_INVEST":-3352977.6,"NETCASH_FINANCE":-9531580.8,"END_CASH":74328016,"DIVI_RATIO":0.785579291672,"DIVIDEND_RATE":9.803921568627,"CURRENT_RATIO":3.530743254539,"COMMON_ACS":5000000000,"CURRENTDEBT_DEBT":100,"ISSUED_COMMON_SHARES":2000000000,"HK_COMMON_SHARES":2000000000,"PER_SHARES":10000,"TOTAL_MARKET_CAP":204000000,"HKSK_MARKET_CAP":204000000,"PE_TTM":9.846035040301,"PB_TTM":1.435467300899,"REPORT_DATE_SQ":"2020-12-31 00:00:00","REPORT_TYPE_SQ":"2020年年报","OPERATE_INCOME_SQ":209912590.76,"DPS_HKD":0.01,"OPERATE_INCOME_QOQ_SQ":-5.314612606138,"NET_PROFIT_RATIO_SQ":14.5756568528,"HOLDER_PROFIT_SQ":30596138.92,"HOLDER_PROFIT_QOQ_SQ":2.928746471717,"ROE_AVG_SQ":22.493093303056,"PE_TTM_SQ":16.479400749064,"PB_TTM_SQ":1.163936486102,"ROA_SQ":15.514651279906,"START_DATE":"2021-01-01 00:00:00","FISCAL_YEAR":"12-31","CURRENCY":"HKD","IS_CNY_CODE":0,"DPS_HKD_LY":0.004,"ORG_TYPE":"一般企业","PREMIUM_INCOME":null,"PREMIUM_INCOME_YOY":null,"NET_INTEREST_INCOME":null,"NET_INTEREST_INCOME_YOY":null,"FEE_COMMISSION_INCOME":null,"FEE_COMMISSION_INCOME_YOY":null,"ACCOUNTS_RECE_TDAYS":2.777710142657,"INVENTORY_TDAYS":5.444209370306,"CURRENT_ASSETS_TDAYS":1.160138747646,"TOTAL_ASSETS_TDAYS":1.087205544469,"PREMIUM_EXPENSE":null,"LOAN_DEPOSIT":null,"LOAN_EQUITY":null,"LOAN_ASSETS":null,"DEPOSIT_EQUITY":null,"DEPOSIT_ASSETS":null,"EQUITY_MULTIPLIER":1.363867514218,"EQUITY_RATIO":0.363867514219},{"SECUCODE":"02381.HK","SECURITY_CODE":"02381","SECURITY_NAME_ABBR":"蚬壳电业","ORG_CODE":"10000000675","STD_REPORT_DATE":"2021-06-30 00:00:00","REPORT_DATE":"2021-06-30 00:00:00","DATE_TYPE_CODE":"002","REPORT_TYPE":"2021年中报","PER_NETCASH_OPERATE":0.01414036752,"PER_OI":0.04341502212,"BPS":0.0650312124,"BASIC_EPS":0.0052670664,"DILUTED_EPS":0.0052670664,"OPERATE_INCOME":86830044.24,"OPERATE_INCOME_YOY":-10.5187789401,"GROSS_PROFIT":23142641.04,"GROSS_PROFIT_YOY":-30.486187726775,"HOLDER_PROFIT":10533300.72,"HOLDER_PROFIT_YOY":-13.6140302989,"GROSS_PROFIT_RATIO":26.652803465162,"EPS_TTM":0.01387194494,"OPERATE_INCOME_QOQ":-9.382633261155,"NET_PROFIT_RATIO":12.1309401742,"ROE_AVG":8.447386508471,"GROSS_PROFIT_QOQ":-15.81762856808,"ROA":6.233411954718,"HOLDER_PROFIT_QOQ":-9.32225156729,"ROE_YEARLY":16.894773016943,"ROIC_YEARLY":22.884259050029,"TOTAL_ASSETS":171792068.88,"TOTAL_LIABILITIES":41729644.08,"TAX_EBT":17.536316852322,"OCF_SALES":32.570218393338,"TOTAL_PARENT_EQUITY":130062424.8,"DEBT_ASSET_RATIO":24.2907861533,"OPERATE_PROFIT":12819856.56,"PRETAX_PROFIT":12773260.08,"NETCASH_OPERATE":28280735.04,"NETCASH_INVEST":-1914616.08,"NETCASH_FINANCE":-1520210.16,"END_CASH":89392018.56,"DIVI_RATIO":0.65560381326,"DIVIDEND_RATE":9.803921568627,"CURRENT_RATIO":3.989861789291,"COMMON_ACS":5000000000,"CURRENTDEBT_DEBT":96.372953679887,"ISSUED_COMMON_SHARES":2000000000,"HK_COMMON_SHARES":2000000000,"PER_SHARES":10000,"TOTAL_MARKET_CAP":204000000,"HKSK_MARKET_CAP":204000000,"PE_TTM":9.846035040301,"PB_TTM":1.435467300899,"REPORT_DATE_SQ":"2020-06-30 00:00:00","REPORT_TYPE_SQ":"2020年中报","OPERATE_INCOME_SQ":106525372.8,"DPS_HKD":0.01,"OPERATE_INCOME_QOQ_SQ":-10.967208544098,"NET_PROFIT_RATIO_SQ":12.5655976676,"HOLDER_PROFIT_SQ":13385549.76,"HOLDER_PROFIT_QOQ_SQ":-26.854347703331,"ROE_AVG_SQ":9.769137950574,"PE_TTM_SQ":16.479400749064,"PB_TTM_SQ":1.163936486102,"ROA_SQ":6.450647309736,"START_DATE":"2021-01-01 00:00:00","FISCAL_YEAR":"12-31","CURRENCY":"HKD","IS_CNY_CODE":0,"DPS_HKD_LY":0.004,"ORG_TYPE":"一般企业","PREMIUM_INCOME":null,"PREMIUM_INCOME_YOY":null,"NET_INTEREST_INCOME":null,"NET_INTEREST_INCOME_YOY":null,"FEE_COMMISSION_INCOME":null,"FEE_COMMISSION_INCOME_YOY":null,"ACCOUNTS_RECE_TDAYS":1.477439084821,"INVENTORY_TDAYS":2.999157540017,"CURRENT_ASSETS_TDAYS":0.550814982159,"TOTAL_ASSETS_TDAYS":0.513844093302,"PREMIUM_EXPENSE":null,"LOAN_DEPOSIT":null,"LOAN_EQUITY":null,"LOAN_ASSETS":null,"DEPOSIT_EQUITY":null,"DEPOSIT_ASSETS":null,"EQUITY_MULTIPLIER":1.320843196212,"EQUITY_RATIO":0.320843196213},{"SECUCODE":"02381.HK","SECURITY_CODE":"02381","SECURITY_NAME_ABBR":"蚬壳电业","ORG_CODE":"10000000675","STD_REPORT_DATE":"2020-12-31 00:00:00","REPORT_DATE":"2020-12-31 00:00:00","DATE_TYPE_CODE":"001","REPORT_TYPE":"2020年年报","PER_NETCASH_OPERATE":0.00993387692,"PER_OI":0.10495629538,"BPS":0.06034727128,"BASIC_EPS":0.0162268192,"DILUTED_EPS":0.0162268192,"OPERATE_INCOME":209912590.76,"OPERATE_INCOME_YOY":-10.276140934,"GROSS_PROFIT":64165791.96,"GROSS_PROFIT_YOY":-18.097399793192,"HOLDER_PROFIT":30596138.92,"HOLDER_PROFIT_YOY":-19.8690678246,"GROSS_PROFIT_RATIO":30.567862426777,"EPS_TTM":0.01529806946,"OPERATE_INCOME_QOQ":-5.314612606138,"NET_PROFIT_RATIO":14.5756568528,"ROE_AVG":22.493093303056,"GROSS_PROFIT_QOQ":-7.397949259386,"ROA":15.514651279906,"HOLDER_PROFIT_QOQ":2.928746471717,"ROE_YEARLY":22.493093303056,"ROIC_YEARLY":19.551298427151,"TOTAL_ASSETS":168079716.2,"TOTAL_LIABILITIES":47385173.64,"TAX_EBT":18.920064234098,"OCF_SALES":9.464774727456,"TOTAL_PARENT_EQUITY":120694542.56,"DEBT_ASSET_RATIO":28.1920833229,"OPERATE_PROFIT":37910832.16,"PRETAX_PROFIT":37735771.04,"NETCASH_OPERATE":19867753.84,"NETCASH_INVEST":-2281686.04,"NETCASH_FINANCE":31259351.24,"END_CASH":65196800.96,"DIVI_RATIO":0.594486776503,"DIVIDEND_RATE":9.803921568627,"CURRENT_RATIO":3.531535293336,"COMMON_ACS":5000000000,"CURRENTDEBT_DEBT":93.580931066944,"ISSUED_COMMON_SHARES":2000000000,"HK_COMMON_SHARES":2000000000,"PER_SHARES":10000,"TOTAL_MARKET_CAP":204000000,"HKSK_MARKET_CAP":204000000,"PE_TTM":9.846035040301,"PB_TTM":1.435467300899,"REPORT_DATE_SQ":"2019-12-31 00:00:00","REPORT_TYPE_SQ":"2019年年报","OPERATE_INCOME_SQ":249003549.72,"DPS_HKD":0.01,"OPERATE_INCOME_QOQ_SQ":-5.074805302625,"NET_PROFIT_RATIO_SQ":16.3205911344,"HOLDER_PROFIT_SQ":40638851.26,"HOLDER_PROFIT_QOQ_SQ":-0.839245659296,"ROE_AVG_SQ":28.824026481483,"PE_TTM_SQ":16.479400749064,"PB_TTM_SQ":1.163936486102,"ROA_SQ":19.12899750594,"START_DATE":"2020-01-01 00:00:00","FISCAL_YEAR":"12-31","CURRENCY":"HKD","IS_CNY_CODE":0,"DPS_HKD_LY":null,"ORG_TYPE":"一般企业","PREMIUM_INCOME":null,"PREMIUM_INCOME_YOY":null,"NET_INTEREST_INCOME":null,"NET_INTEREST_INCOME_YOY":null,"FEE_COMMISSION_INCOME":null,"FEE_COMMISSION_INCOME_YOY":null,"ACCOUNTS_RECE_TDAYS":2.816128358428,"INVENTORY_TDAYS":9.232778844103,"CURRENT_ASSETS_TDAYS":1.114674604079,"TOTAL_ASSETS_TDAYS":1.064422100259,"PREMIUM_EXPENSE":null,"LOAN_DEPOSIT":null,"LOAN_EQUITY":null,"LOAN_ASSETS":null,"DEPOSIT_EQUITY":null,"DEPOSIT_ASSETS":null,"EQUITY_MULTIPLIER":1.392604111461,"EQUITY_RATIO":0.392604111461},{"SECUCODE":"02381.HK","SECURITY_CODE":"02381","SECURITY_NAME_ABBR":"蚬壳电业","ORG_CODE":"10000000675","STD_REPORT_DATE":"2020-06-30 00:00:00","REPORT_DATE":"2020-06-30 00:00:00","DATE_TYPE_CODE":"002","REPORT_TYPE":"2020年中报","PER_NETCASH_OPERATE":0.0032975184,"PER_OI":0.0532626864,"BPS":0.05488541256,"BASIC_EPS":0.0075632832,"DILUTED_EPS":0.0075632832,"OPERATE_INCOME":106525372.8,"OPERATE_INCOME_YOY":-23.3484287808,"GROSS_PROFIT":33292147.68,"GROSS_PROFIT_YOY":-21.37730113363,"HOLDER_PROFIT":13385549.76,"HOLDER_PROFIT_YOY":-46.9500054303,"GROSS_PROFIT_RATIO":31.252786829017,"EPS_TTM":0.01486277642,"OPERATE_INCOME_QOQ":-10.967208544098,"NET_PROFIT_RATIO":12.5655976676,"ROE_AVG":9.769137950574,"GROSS_PROFIT_QOQ":-11.554226335414,"ROA":6.450647309736,"HOLDER_PROFIT_QOQ":-26.854347703331,"ROE_YEARLY":19.538275901149,"ROIC_YEARLY":16.233476699134,"TOTAL_ASSETS":169369131.36,"TOTAL_LIABILITIES":59598306.24,"TAX_EBT":23.015497767271,"OCF_SALES":6.191047847711,"TOTAL_PARENT_EQUITY":109770825.12,"DEBT_ASSET_RATIO":35.1884111121,"OPERATE_PROFIT":17562710.88,"PRETAX_PROFIT":17387330.4,"NETCASH_OPERATE":6595036.8,"NETCASH_INVEST":-137929.44,"NETCASH_FINANCE":43600318.08,"END_CASH":67567156.8,"DIVI_RATIO":0.611897786995,"DIVIDEND_RATE":9.803921568627,"CURRENT_RATIO":2.755126751065,"COMMON_ACS":5000000000,"CURRENTDEBT_DEBT":100,"ISSUED_COMMON_SHARES":2000000000,"HK_COMMON_SHARES":2000000000,"PER_SHARES":10000,"TOTAL_MARKET_CAP":204000000,"HKSK_MARKET_CAP":204000000,"PE_TTM":9.846035040301,"PB_TTM":1.435467300899,"REPORT_DATE_SQ":"2019-06-30 00:00:00","REPORT_TYPE_SQ":"2019年中报","OPERATE_INCOME_SQ":133834111.38,"DPS_HKD":0.01,"OPERATE_INCOME_QOQ_SQ":10.356729770682,"NET_PROFIT_RATIO_SQ":18.1559453935,"HOLDER_PROFIT_SQ":24298848.18,"HOLDER_PROFIT_QOQ_SQ":29.256937142091,"ROE_AVG_SQ":18.589579660013,"PE_TTM_SQ":16.479400749064,"PB_TTM_SQ":1.163936486102,"ROA_SQ":11.30112467117,"START_DATE":"2020-01-01 00:00:00","FISCAL_YEAR":"12-31","CURRENCY":"HKD","IS_CNY_CODE":0,"DPS_HKD_LY":null,"ORG_TYPE":"一般企业","PREMIUM_INCOME":null,"PREMIUM_INCOME_YOY":null,"NET_INTEREST_INCOME":null,"NET_INTEREST_INCOME_YOY":null,"FEE_COMMISSION_INCOME":null,"FEE_COMMISSION_INCOME_YOY":null,"ACCOUNTS_RECE_TDAYS":1.25397175284,"INVENTORY_TDAYS":6.056277383291,"CURRENT_ASSETS_TDAYS":0.528653931586,"TOTAL_ASSETS_TDAYS":0.513357778942,"PREMIUM_EXPENSE":null,"LOAN_DEPOSIT":null,"LOAN_EQUITY":null,"LOAN_ASSETS":null,"DEPOSIT_EQUITY":null,"DEPOSIT_ASSETS":null,"EQUITY_MULTIPLIER":1.542933936907,"EQUITY_RATIO":0.542933936908}],"count":18},"success":true,"message":"ok","code":0}