{"version":"5ac535c34edc8017edba32ec1ec085a2","result":{"pages":2,"data":[{"SECUCODE":"02385.HK","SECURITY_CODE":"02385","SECURITY_NAME_ABBR":"读书郎","ORG_CODE":"10000197529","STD_REPORT_DATE":"2024-06-30 00:00:00","REPORT_DATE":"2024-06-30 00:00:00","DATE_TYPE_CODE":"002","REPORT_TYPE":"2024年中报","PER_NETCASH_OPERATE":-0.064315340909,"PER_OI":0.468928977273,"BPS":1.2338125,"BASIC_EPS":-0.1355,"DILUTED_EPS":-0.1355,"OPERATE_INCOME":165063000,"OPERATE_INCOME_YOY":31.0658334591,"GROSS_PROFIT":35101000,"GROSS_PROFIT_YOY":-27.815822485451,"HOLDER_PROFIT":-45069000,"HOLDER_PROFIT_YOY":-19.5210565397,"GROSS_PROFIT_RATIO":21.265213888031,"EPS_TTM":-0.223886363636,"OPERATE_INCOME_QOQ":10.886769141725,"NET_PROFIT_RATIO":-27.3846955405,"ROE_AVG":-9.69787866301,"GROSS_PROFIT_QOQ":-14.635201956265,"ROA":-6.615283449242,"HOLDER_PROFIT_QOQ":-10.302741892592,"ROE_YEARLY":-19.39575732602,"ROIC_YEARLY":-24.431813561665,"TOTAL_ASSETS":638744000,"TOTAL_LIABILITIES":205470000,"TAX_EBT":1.210770172218,"OCF_SALES":-13.715369283243,"TOTAL_PARENT_EQUITY":434302000,"DEBT_ASSET_RATIO":32.1678168405,"OPERATE_PROFIT":-44820000,"PRETAX_PROFIT":-45756000,"NETCASH_OPERATE":-22639000,"NETCASH_INVEST":-16850000,"NETCASH_FINANCE":-38343000,"END_CASH":275225000,"DIVI_RATIO":null,"DIVIDEND_RATE":null,"CURRENT_RATIO":2.783021080477,"COMMON_ACS":10000000000,"CURRENTDEBT_DEBT":89.232004672215,"ISSUED_COMMON_SHARES":352000000,"HK_COMMON_SHARES":352000000,"PER_SHARES":400,"TOTAL_MARKET_CAP":2590720000,"HKSK_MARKET_CAP":2590720000,"PE_TTM":-29.66834919378,"PB_TTM":5.444364358442,"REPORT_DATE_SQ":"2023-06-30 00:00:00","REPORT_TYPE_SQ":"2023年中报","OPERATE_INCOME_SQ":125939000,"DPS_HKD":null,"OPERATE_INCOME_QOQ_SQ":-22.113316039061,"NET_PROFIT_RATIO_SQ":-30.132048055,"HOLDER_PROFIT_SQ":-37708000,"HOLDER_PROFIT_QOQ_SQ":88.135918602419,"ROE_AVG_SQ":-6.038855071002,"PE_TTM_SQ":164.824554804966,"PB_TTM_SQ":3.969561283251,"ROA_SQ":-4.391667617799,"START_DATE":"2024-01-01 00:00:00","FISCAL_YEAR":"12-31","CURRENCY":"HKD","IS_CNY_CODE":0,"DPS_HKD_LY":null,"ORG_TYPE":"一般企业","PREMIUM_INCOME":null,"PREMIUM_INCOME_YOY":null,"NET_INTEREST_INCOME":null,"NET_INTEREST_INCOME_YOY":null,"FEE_COMMISSION_INCOME":null,"FEE_COMMISSION_INCOME_YOY":null,"ACCOUNTS_RECE_TDAYS":9.975704831838,"INVENTORY_TDAYS":0.668936568845,"CURRENT_ASSETS_TDAYS":0.293152441472,"TOTAL_ASSETS_TDAYS":0.242281508794,"PREMIUM_EXPENSE":null,"LOAN_DEPOSIT":null,"LOAN_EQUITY":null,"LOAN_ASSETS":null,"DEPOSIT_EQUITY":null,"DEPOSIT_ASSETS":null,"EQUITY_MULTIPLIER":1.474226471008,"EQUITY_RATIO":0.473103969127},{"SECUCODE":"02385.HK","SECURITY_CODE":"02385","SECURITY_NAME_ABBR":"读书郎","ORG_CODE":"10000197529","STD_REPORT_DATE":"2023-12-31 00:00:00","REPORT_DATE":"2023-12-31 00:00:00","DATE_TYPE_CODE":"001","REPORT_TYPE":"2023年年报","PER_NETCASH_OPERATE":-0.177107954545,"PER_OI":1.020943181818,"BPS":1.406701704545,"BASIC_EPS":-0.2088,"DILUTED_EPS":-0.2088,"OPERATE_INCOME":359372000,"OPERATE_INCOME_YOY":-40.6202805638,"GROSS_PROFIT":92421000,"GROSS_PROFIT_YOY":-31.140615570308,"HOLDER_PROFIT":-71447000,"HOLDER_PROFIT_YOY":-1471.6068343252,"GROSS_PROFIT_RATIO":25.717362510157,"EPS_TTM":-0.202974431818,"OPERATE_INCOME_QOQ":-23.761397434755,"NET_PROFIT_RATIO":-20.1846554545,"ROE_AVG":-11.978034597772,"GROSS_PROFIT_QOQ":-20.558883951212,"ROA":-8.474371215581,"HOLDER_PROFIT_QOQ":-829.051020408163,"ROE_YEARLY":-11.978034597772,"ROIC_YEARLY":-17.031709631127,"TOTAL_ASSETS":723828000,"TOTAL_LIABILITIES":229690000,"TAX_EBT":-18.31734847002,"OCF_SALES":-17.347483944214,"TOTAL_PARENT_EQUITY":495159000,"DEBT_ASSET_RATIO":31.7326768238,"OPERATE_PROFIT":-60124000,"PRETAX_PROFIT":-61308000,"NETCASH_OPERATE":-62342000,"NETCASH_INVEST":341280000,"NETCASH_FINANCE":-78212000,"END_CASH":351522000,"DIVI_RATIO":null,"DIVIDEND_RATE":null,"CURRENT_RATIO":2.929524470934,"COMMON_ACS":10000000000,"CURRENTDEBT_DEBT":91.527275893596,"ISSUED_COMMON_SHARES":352000000,"HK_COMMON_SHARES":352000000,"PER_SHARES":400,"TOTAL_MARKET_CAP":2302080000,"HKSK_MARKET_CAP":2302080000,"PE_TTM":-26.362908115126,"PB_TTM":4.837791155463,"REPORT_DATE_SQ":"2022-12-31 00:00:00","REPORT_TYPE_SQ":"2022年年报","OPERATE_INCOME_SQ":605210000,"DPS_HKD":null,"OPERATE_INCOME_QOQ_SQ":-15.678966763962,"NET_PROFIT_RATIO_SQ":0.8023661209,"HOLDER_PROFIT_SQ":5209000,"HOLDER_PROFIT_QOQ_SQ":-51.571216065452,"ROE_AVG_SQ":1.088899248076,"PE_TTM_SQ":171.671865687071,"PB_TTM_SQ":4.134468873653,"ROA_SQ":0.586842295005,"START_DATE":"2023-01-01 00:00:00","FISCAL_YEAR":"12-31","CURRENCY":"HKD","IS_CNY_CODE":0,"DPS_HKD_LY":null,"ORG_TYPE":"一般企业","PREMIUM_INCOME":null,"PREMIUM_INCOME_YOY":null,"NET_INTEREST_INCOME":null,"NET_INTEREST_INCOME_YOY":null,"FEE_COMMISSION_INCOME":null,"FEE_COMMISSION_INCOME_YOY":null,"ACCOUNTS_RECE_TDAYS":16.541102826107,"INVENTORY_TDAYS":1.20445414,"CURRENT_ASSETS_TDAYS":0.49272069787,"TOTAL_ASSETS_TDAYS":0.426253269205,"PREMIUM_EXPENSE":null,"LOAN_DEPOSIT":null,"LOAN_EQUITY":null,"LOAN_ASSETS":null,"DEPOSIT_EQUITY":null,"DEPOSIT_ASSETS":null,"EQUITY_MULTIPLIER":1.464829662969,"EQUITY_RATIO":0.463871200968},{"SECUCODE":"02385.HK","SECURITY_CODE":"02385","SECURITY_NAME_ABBR":"读书郎","ORG_CODE":"10000197529","STD_REPORT_DATE":"2023-06-30 00:00:00","REPORT_DATE":"2023-06-30 00:00:00","DATE_TYPE_CODE":"002","REPORT_TYPE":"2023年中报","PER_NETCASH_OPERATE":-0.338917613636,"PER_OI":0.35778125,"BPS":1.565448863636,"BASIC_EPS":-0.108,"DILUTED_EPS":-0.108,"OPERATE_INCOME":125939000,"OPERATE_INCOME_YOY":-51.5192227,"GROSS_PROFIT":48627000,"GROSS_PROFIT_YOY":-26.882189309075,"HOLDER_PROFIT":-37708000,"HOLDER_PROFIT_YOY":10.8536844843,"GROSS_PROFIT_RATIO":38.611550036129,"EPS_TTM":0.027840909091,"OPERATE_INCOME_QOQ":-22.113316039061,"NET_PROFIT_RATIO":-30.132048055,"ROE_AVG":-6.038855071002,"GROSS_PROFIT_QOQ":-13.320220240357,"ROA":-4.391667617799,"HOLDER_PROFIT_QOQ":88.135918602419,"ROE_YEARLY":-12.077710142003,"ROIC_YEARLY":-17.006019620422,"TOTAL_ASSETS":754890000,"TOTAL_LIABILITIES":202251000,"TAX_EBT":-48.263332682165,"OCF_SALES":-94.72760622206,"TOTAL_PARENT_EQUITY":551038000,"DEBT_ASSET_RATIO":26.7921154075,"OPERATE_PROFIT":-25363000,"PRETAX_PROFIT":-25595000,"NETCASH_OPERATE":-119299000,"NETCASH_INVEST":344358000,"NETCASH_FINANCE":-54072000,"END_CASH":332017000,"DIVI_RATIO":null,"DIVIDEND_RATE":null,"CURRENT_RATIO":3.297098095069,"COMMON_ACS":10000000000,"CURRENTDEBT_DEBT":97.203474890112,"ISSUED_COMMON_SHARES":352000000,"HK_COMMON_SHARES":352000000,"PER_SHARES":400,"TOTAL_MARKET_CAP":2302080000,"HKSK_MARKET_CAP":2302080000,"PE_TTM":-26.362908115126,"PB_TTM":4.837791155463,"REPORT_DATE_SQ":"2022-06-30 00:00:00","REPORT_TYPE_SQ":"2022年中报","OPERATE_INCOME_SQ":259771000,"DPS_HKD":null,"OPERATE_INCOME_QOQ_SQ":-11.736132546137,"NET_PROFIT_RATIO_SQ":-16.3174488299,"HOLDER_PROFIT_SQ":-42299000,"HOLDER_PROFIT_QOQ_SQ":-86.906240109074,"ROE_AVG_SQ":-17.788496920583,"PE_TTM_SQ":171.671865687071,"PB_TTM_SQ":4.134468873653,"ROA_SQ":-5.42757955666,"START_DATE":"2023-01-01 00:00:00","FISCAL_YEAR":"12-31","CURRENCY":"HKD","IS_CNY_CODE":0,"DPS_HKD_LY":null,"ORG_TYPE":"一般企业","PREMIUM_INCOME":null,"PREMIUM_INCOME_YOY":null,"NET_INTEREST_INCOME":null,"NET_INTEREST_INCOME_YOY":null,"FEE_COMMISSION_INCOME":null,"FEE_COMMISSION_INCOME_YOY":null,"ACCOUNTS_RECE_TDAYS":4.24137001987,"INVENTORY_TDAYS":0.322684586168,"CURRENT_ASSETS_TDAYS":0.168926935234,"TOTAL_ASSETS_TDAYS":0.146675036628,"PREMIUM_EXPENSE":null,"LOAN_DEPOSIT":null,"LOAN_EQUITY":null,"LOAN_ASSETS":null,"DEPOSIT_EQUITY":null,"DEPOSIT_ASSETS":null,"EQUITY_MULTIPLIER":1.365973085503,"EQUITY_RATIO":0.367036393134},{"SECUCODE":"02385.HK","SECURITY_CODE":"02385","SECURITY_NAME_ABBR":"读书郎","ORG_CODE":"10000197529","STD_REPORT_DATE":"2022-12-31 00:00:00","REPORT_DATE":"2022-12-31 00:00:00","DATE_TYPE_CODE":"001","REPORT_TYPE":"2022年年报","PER_NETCASH_OPERATE":-0.074352272727,"PER_OI":1.719346590909,"BPS":1.982409090909,"BASIC_EPS":0.0166,"DILUTED_EPS":0.0049,"OPERATE_INCOME":605210000,"OPERATE_INCOME_YOY":-25.5749949888,"GROSS_PROFIT":134217000,"GROSS_PROFIT_YOY":-20.662402761686,"HOLDER_PROFIT":5209000,"HOLDER_PROFIT_YOY":-93.6588513135,"GROSS_PROFIT_RATIO":22.176930321707,"EPS_TTM":0.014798295455,"OPERATE_INCOME_QOQ":-15.678966763962,"NET_PROFIT_RATIO":0.8023661209,"ROE_AVG":1.088899248076,"GROSS_PROFIT_QOQ":-9.072001517533,"ROA":0.586842295005,"HOLDER_PROFIT_QOQ":-51.571216065452,"ROE_YEARLY":1.088899248076,"ROIC_YEARLY":1.125998813259,"TOTAL_ASSETS":962362000,"TOTAL_LIABILITIES":262783000,"TAX_EBT":54.739491098891,"OCF_SALES":-4.324449364683,"TOTAL_PARENT_EQUITY":697808000,"DEBT_ASSET_RATIO":27.3060449186,"OPERATE_PROFIT":10863000,"PRETAX_PROFIT":10729000,"NETCASH_OPERATE":-26172000,"NETCASH_INVEST":-376801000,"NETCASH_FINANCE":200723000,"END_CASH":149041000,"DIVI_RATIO":null,"DIVIDEND_RATE":null,"CURRENT_RATIO":3.660381127749,"COMMON_ACS":10000000000,"CURRENTDEBT_DEBT":87.625150789815,"ISSUED_COMMON_SHARES":352000000,"HK_COMMON_SHARES":352000000,"PER_SHARES":400,"TOTAL_MARKET_CAP":2302080000,"HKSK_MARKET_CAP":2302080000,"PE_TTM":-26.362908115126,"PB_TTM":4.837791155463,"REPORT_DATE_SQ":"2021-12-31 00:00:00","REPORT_TYPE_SQ":"2021年年报","OPERATE_INCOME_SQ":813181000,"DPS_HKD":null,"OPERATE_INCOME_QOQ_SQ":10.78805499205,"NET_PROFIT_RATIO_SQ":10.1018100521,"HOLDER_PROFIT_SQ":82146000,"HOLDER_PROFIT_QOQ_SQ":-10.723484724985,"ROE_AVG_SQ":37.619096685557,"PE_TTM_SQ":171.671865687071,"PB_TTM_SQ":4.134468873653,"ROA_SQ":11.306201715764,"START_DATE":"2022-01-01 00:00:00","FISCAL_YEAR":"12-31","CURRENCY":"HKD","IS_CNY_CODE":0,"DPS_HKD_LY":null,"ORG_TYPE":"一般企业","PREMIUM_INCOME":null,"PREMIUM_INCOME_YOY":null,"NET_INTEREST_INCOME":null,"NET_INTEREST_INCOME_YOY":null,"FEE_COMMISSION_INCOME":null,"FEE_COMMISSION_INCOME_YOY":null,"ACCOUNTS_RECE_TDAYS":15.951555725412,"INVENTORY_TDAYS":1.865562627987,"CURRENT_ASSETS_TDAYS":0.780856179429,"TOTAL_ASSETS_TDAYS":0.681825351046,"PREMIUM_EXPENSE":null,"LOAN_DEPOSIT":null,"LOAN_EQUITY":null,"LOAN_ASSETS":null,"DEPOSIT_EQUITY":null,"DEPOSIT_ASSETS":null,"EQUITY_MULTIPLIER":1.375630200448,"EQUITY_RATIO":0.37658353014},{"SECUCODE":"02385.HK","SECURITY_CODE":"02385","SECURITY_NAME_ABBR":"读书郎","ORG_CODE":"10000197529","STD_REPORT_DATE":"2022-06-30 00:00:00","REPORT_DATE":"2022-06-30 00:00:00","DATE_TYPE_CODE":"002","REPORT_TYPE":"2022年中报","PER_NETCASH_OPERATE":-2.068794926955,"PER_OI":243.393535765417,"BPS":0.615451704545,"BASIC_EPS":-0.1505,"DILUTED_EPS":-0.1505,"OPERATE_INCOME":259771000,"OPERATE_INCOME_YOY":-26.8677137556,"GROSS_PROFIT":66505000,"GROSS_PROFIT_YOY":-24.485346716779,"HOLDER_PROFIT":-42299000,"HOLDER_PROFIT_YOY":-245.4023581176,"GROSS_PROFIT_RATIO":25.601395074893,"EPS_TTM":10.077879635113,"OPERATE_INCOME_QOQ":-11.736132546137,"NET_PROFIT_RATIO":-16.3174488299,"ROE_AVG":-17.788496920583,"GROSS_PROFIT_QOQ":-12.746790248977,"ROA":-5.42757955666,"HOLDER_PROFIT_QOQ":-86.906240109074,"ROE_YEARLY":-35.576993841166,"ROIC_YEARLY":-19.074525436684,"TOTAL_ASSETS":745767000,"TOTAL_LIABILITIES":528517000,"TAX_EBT":8.884159841792,"OCF_SALES":-0.849979404937,"TOTAL_PARENT_EQUITY":216639000,"DEBT_ASSET_RATIO":70.8689175037,"OPERATE_PROFIT":-46425000,"PRETAX_PROFIT":-46521000,"NETCASH_OPERATE":-3143000,"NETCASH_INVEST":17023000,"NETCASH_FINANCE":-32814000,"END_CASH":317692000,"DIVI_RATIO":null,"DIVIDEND_RATE":null,"CURRENT_RATIO":1.928301521464,"COMMON_ACS":10000000000,"CURRENTDEBT_DEBT":62.540467004846,"ISSUED_COMMON_SHARES":352000000,"HK_COMMON_SHARES":352000000,"PER_SHARES":400,"TOTAL_MARKET_CAP":2340800000,"HKSK_MARKET_CAP":2340800000,"PE_TTM":-26.80632094275,"PB_TTM":4.919160731473,"REPORT_DATE_SQ":"2021-06-30 00:00:00","REPORT_TYPE_SQ":"2021年中报","OPERATE_INCOME_SQ":355207000,"DPS_HKD":null,"OPERATE_INCOME_QOQ_SQ":0,"NET_PROFIT_RATIO_SQ":8.1898723843,"HOLDER_PROFIT_SQ":29091000,"HOLDER_PROFIT_QOQ_SQ":0,"ROE_AVG_SQ":null,"PE_TTM_SQ":172.894599773162,"PB_TTM_SQ":4.163916657653,"ROA_SQ":null,"START_DATE":"2022-01-01 00:00:00","FISCAL_YEAR":"12-31","CURRENCY":"HKD","IS_CNY_CODE":0,"DPS_HKD_LY":null,"ORG_TYPE":"一般企业","PREMIUM_INCOME":null,"PREMIUM_INCOME_YOY":null,"NET_INTEREST_INCOME":null,"NET_INTEREST_INCOME_YOY":null,"FEE_COMMISSION_INCOME":null,"FEE_COMMISSION_INCOME_YOY":null,"ACCOUNTS_RECE_TDAYS":5.353453960927,"INVENTORY_TDAYS":0.760681624516,"CURRENT_ASSETS_TDAYS":0.38637999762,"TOTAL_ASSETS_TDAYS":0.333324137453,"PREMIUM_EXPENSE":null,"LOAN_DEPOSIT":null,"LOAN_EQUITY":null,"LOAN_ASSETS":null,"DEPOSIT_EQUITY":null,"DEPOSIT_ASSETS":null,"EQUITY_MULTIPLIER":3.432759493668,"EQUITY_RATIO":2.439620751573},{"SECUCODE":"02385.HK","SECURITY_CODE":"02385","SECURITY_NAME_ABBR":"读书郎","ORG_CODE":"10000197529","STD_REPORT_DATE":"2021-12-31 00:00:00","REPORT_DATE":"2021-12-31 00:00:00","DATE_TYPE_CODE":"001","REPORT_TYPE":"2021年年报","PER_NETCASH_OPERATE":-33.0751904,"PER_OI":664.8567856,"BPS":0.735619318182,"BASIC_EPS":0.2922,"DILUTED_EPS":0.1877,"OPERATE_INCOME":813181000,"OPERATE_INCOME_YOY":10.7880549921,"GROSS_PROFIT":169172000,"GROSS_PROFIT_YOY":-16.131910843182,"HOLDER_PROFIT":82146000,"HOLDER_PROFIT_YOY":-10.723484725,"GROSS_PROFIT_RATIO":20.803732502358,"EPS_TTM":67.1625696,"OPERATE_INCOME_QOQ":10.78805499205,"NET_PROFIT_RATIO":10.1018100521,"ROE_AVG":37.619096685557,"GROSS_PROFIT_QOQ":-16.131910843182,"ROA":11.306201715764,"HOLDER_PROFIT_QOQ":-10.723484724985,"ROE_YEARLY":37.619096685557,"ROIC_YEARLY":19.409396353738,"TOTAL_ASSETS":812902000,"TOTAL_LIABILITIES":553964000,"TAX_EBT":-14.050481770472,"OCF_SALES":-4.974784211633,"TOTAL_PARENT_EQUITY":258938000,"DEBT_ASSET_RATIO":68.1464678399,"OPERATE_PROFIT":72114000,"PRETAX_PROFIT":72026000,"NETCASH_OPERATE":-40454000,"NETCASH_INVEST":-11432000,"NETCASH_FINANCE":133722000,"END_CASH":333340000,"DIVI_RATIO":null,"DIVIDEND_RATE":null,"CURRENT_RATIO":1.804505235442,"COMMON_ACS":10000000000,"CURRENTDEBT_DEBT":70.752612083096,"ISSUED_COMMON_SHARES":352000000,"HK_COMMON_SHARES":352000000,"PER_SHARES":400,"TOTAL_MARKET_CAP":2302080000,"HKSK_MARKET_CAP":2302080000,"PE_TTM":-26.362908115126,"PB_TTM":4.837791155463,"REPORT_DATE_SQ":"2020-12-31 00:00:00","REPORT_TYPE_SQ":"2020年年报","OPERATE_INCOME_SQ":733997000,"DPS_HKD":null,"OPERATE_INCOME_QOQ_SQ":9.575832309477,"NET_PROFIT_RATIO_SQ":12.5358822992,"HOLDER_PROFIT_SQ":92013000,"HOLDER_PROFIT_QOQ_SQ":32.51674227695,"ROE_AVG_SQ":45.298596188071,"PE_TTM_SQ":171.671865687071,"PB_TTM_SQ":4.134468873653,"ROA_SQ":16.01167294862,"START_DATE":"2021-01-01 00:00:00","FISCAL_YEAR":"12-31","CURRENCY":"HKD","IS_CNY_CODE":0,"DPS_HKD_LY":null,"ORG_TYPE":"一般企业","PREMIUM_INCOME":null,"PREMIUM_INCOME_YOY":null,"NET_INTEREST_INCOME":null,"NET_INTEREST_INCOME_YOY":null,"FEE_COMMISSION_INCOME":null,"FEE_COMMISSION_INCOME_YOY":null,"ACCOUNTS_RECE_TDAYS":22.868821800695,"INVENTORY_TDAYS":2.818512642647,"CURRENT_ASSETS_TDAYS":1.321037262666,"TOTAL_ASSETS_TDAYS":1.11922533263,"PREMIUM_EXPENSE":null,"LOAN_DEPOSIT":null,"LOAN_EQUITY":null,"LOAN_ASSETS":null,"DEPOSIT_EQUITY":null,"DEPOSIT_ASSETS":null,"EQUITY_MULTIPLIER":3.139369269863,"EQUITY_RATIO":2.139369269864},{"SECUCODE":"02385.HK","SECURITY_CODE":"02385","SECURITY_NAME_ABBR":"读书郎","ORG_CODE":"10000197529","STD_REPORT_DATE":"2021-06-30 00:00:00","REPORT_DATE":"2021-06-30 00:00:00","DATE_TYPE_CODE":"002","REPORT_TYPE":"2021年中报","PER_NETCASH_OPERATE":null,"PER_OI":null,"BPS":null,"BASIC_EPS":0.1,"DILUTED_EPS":0.09,"OPERATE_INCOME":355207000,"OPERATE_INCOME_YOY":null,"GROSS_PROFIT":88069000,"GROSS_PROFIT_YOY":null,"HOLDER_PROFIT":29091000,"HOLDER_PROFIT_YOY":null,"GROSS_PROFIT_RATIO":24.793711835634,"EPS_TTM":null,"OPERATE_INCOME_QOQ":0,"NET_PROFIT_RATIO":8.1898723843,"ROE_AVG":null,"GROSS_PROFIT_QOQ":0,"ROA":null,"HOLDER_PROFIT_QOQ":0,"ROE_YEARLY":null,"ROIC_YEARLY":null,"TOTAL_ASSETS":null,"TOTAL_LIABILITIES":null,"TAX_EBT":-3.781527594449,"OCF_SALES":-19.081831157607,"TOTAL_PARENT_EQUITY":null,"DEBT_ASSET_RATIO":null,"OPERATE_PROFIT":28071000,"PRETAX_PROFIT":28031000,"NETCASH_OPERATE":-67780000,"NETCASH_INVEST":-10814000,"NETCASH_FINANCE":127258000,"END_CASH":301017000,"DIVI_RATIO":null,"DIVIDEND_RATE":null,"CURRENT_RATIO":null,"COMMON_ACS":10000000000,"CURRENTDEBT_DEBT":null,"ISSUED_COMMON_SHARES":352000000,"HK_COMMON_SHARES":352000000,"PER_SHARES":400,"TOTAL_MARKET_CAP":2340800000,"HKSK_MARKET_CAP":2340800000,"PE_TTM":-26.80632094275,"PB_TTM":4.919160731473,"REPORT_DATE_SQ":"2020-06-30 00:00:00","REPORT_TYPE_SQ":"2020年中报","OPERATE_INCOME_SQ":null,"DPS_HKD":null,"OPERATE_INCOME_QOQ_SQ":0,"NET_PROFIT_RATIO_SQ":null,"HOLDER_PROFIT_SQ":null,"HOLDER_PROFIT_QOQ_SQ":0,"ROE_AVG_SQ":null,"PE_TTM_SQ":172.894599773162,"PB_TTM_SQ":4.163916657653,"ROA_SQ":null,"START_DATE":"2021-01-01 00:00:00","FISCAL_YEAR":"12-31","CURRENCY":"HKD","IS_CNY_CODE":0,"DPS_HKD_LY":null,"ORG_TYPE":"一般企业","PREMIUM_INCOME":null,"PREMIUM_INCOME_YOY":null,"NET_INTEREST_INCOME":null,"NET_INTEREST_INCOME_YOY":null,"FEE_COMMISSION_INCOME":null,"FEE_COMMISSION_INCOME_YOY":null,"ACCOUNTS_RECE_TDAYS":null,"INVENTORY_TDAYS":null,"CURRENT_ASSETS_TDAYS":1.356114228992,"TOTAL_ASSETS_TDAYS":1.109654302012,"PREMIUM_EXPENSE":null,"LOAN_DEPOSIT":null,"LOAN_EQUITY":null,"LOAN_ASSETS":null,"DEPOSIT_EQUITY":null,"DEPOSIT_ASSETS":null,"EQUITY_MULTIPLIER":null,"EQUITY_RATIO":null},{"SECUCODE":"02385.HK","SECURITY_CODE":"02385","SECURITY_NAME_ABBR":"读书郎","ORG_CODE":"10000197529","STD_REPORT_DATE":"2020-12-31 00:00:00","REPORT_DATE":"2020-12-31 00:00:00","DATE_TYPE_CODE":"001","REPORT_TYPE":"2020年年报","PER_NETCASH_OPERATE":null,"PER_OI":null,"BPS":0.505076704545,"BASIC_EPS":0.09,"DILUTED_EPS":0.09,"OPERATE_INCOME":733997000,"OPERATE_INCOME_YOY":9.5758323095,"GROSS_PROFIT":201712000,"GROSS_PROFIT_YOY":15.671825808708,"HOLDER_PROFIT":92013000,"HOLDER_PROFIT_YOY":32.5167422769,"GROSS_PROFIT_RATIO":27.481311231517,"EPS_TTM":null,"OPERATE_INCOME_QOQ":9.575832309477,"NET_PROFIT_RATIO":12.5358822992,"ROE_AVG":45.298596188071,"GROSS_PROFIT_QOQ":15.671825808708,"ROA":16.01167294862,"HOLDER_PROFIT_QOQ":32.51674227695,"ROE_YEARLY":45.298596188071,"ROIC_YEARLY":24.130126927515,"TOTAL_ASSETS":640212000,"TOTAL_LIABILITIES":462425000,"TAX_EBT":10.482741176013,"OCF_SALES":16.068185564791,"TOTAL_PARENT_EQUITY":177787000,"DEBT_ASSET_RATIO":72.2299800691,"OPERATE_PROFIT":null,"PRETAX_PROFIT":102788000,"NETCASH_OPERATE":117940000,"NETCASH_INVEST":-4454000,"NETCASH_FINANCE":6466000,"END_CASH":253318000,"DIVI_RATIO":null,"DIVIDEND_RATE":null,"CURRENT_RATIO":1.235108136209,"COMMON_ACS":10000000000,"CURRENTDEBT_DEBT":91.72103584365,"ISSUED_COMMON_SHARES":352000000,"HK_COMMON_SHARES":352000000,"PER_SHARES":400,"TOTAL_MARKET_CAP":2302080000,"HKSK_MARKET_CAP":2302080000,"PE_TTM":-26.362908115126,"PB_TTM":4.837791155463,"REPORT_DATE_SQ":"2019-12-31 00:00:00","REPORT_TYPE_SQ":"2019年年报","OPERATE_INCOME_SQ":669853000,"DPS_HKD":null,"OPERATE_INCOME_QOQ_SQ":6.029663163227,"NET_PROFIT_RATIO_SQ":10.3657071029,"HOLDER_PROFIT_SQ":69435000,"HOLDER_PROFIT_QOQ_SQ":158.873312952054,"ROE_AVG_SQ":40.136418156332,"PE_TTM_SQ":171.671865687071,"PB_TTM_SQ":4.134468873653,"ROA_SQ":15.879822436896,"START_DATE":"2020-01-01 00:00:00","FISCAL_YEAR":"12-31","CURRENCY":"HKD","IS_CNY_CODE":0,"DPS_HKD_LY":null,"ORG_TYPE":"一般企业","PREMIUM_INCOME":null,"PREMIUM_INCOME_YOY":null,"NET_INTEREST_INCOME":null,"NET_INTEREST_INCOME_YOY":null,"FEE_COMMISSION_INCOME":null,"FEE_COMMISSION_INCOME_YOY":null,"ACCOUNTS_RECE_TDAYS":36.219042214601,"INVENTORY_TDAYS":2.545752376397,"CURRENT_ASSETS_TDAYS":1.604400096177,"TOTAL_ASSETS_TDAYS":1.277267332797,"PREMIUM_EXPENSE":null,"LOAN_DEPOSIT":null,"LOAN_EQUITY":null,"LOAN_ASSETS":null,"DEPOSIT_EQUITY":null,"DEPOSIT_ASSETS":null,"EQUITY_MULTIPLIER":3.601005697829,"EQUITY_RATIO":2.601005697829},{"SECUCODE":"02385.HK","SECURITY_CODE":"02385","SECURITY_NAME_ABBR":"读书郎","ORG_CODE":"10000197529","STD_REPORT_DATE":"2019-12-31 00:00:00","REPORT_DATE":"2019-12-31 00:00:00","DATE_TYPE_CODE":"001","REPORT_TYPE":"2019年年报","PER_NETCASH_OPERATE":null,"PER_OI":null,"BPS":0.649045454545,"BASIC_EPS":0.07,"DILUTED_EPS":0.07,"OPERATE_INCOME":669853000,"OPERATE_INCOME_YOY":6.0296631632,"GROSS_PROFIT":174383000,"GROSS_PROFIT_YOY":35.803843997259,"HOLDER_PROFIT":69435000,"HOLDER_PROFIT_YOY":158.8733129521,"GROSS_PROFIT_RATIO":26.033025156266,"EPS_TTM":null,"OPERATE_INCOME_QOQ":6.029663163227,"NET_PROFIT_RATIO":10.3657071029,"ROE_AVG":40.136418156332,"GROSS_PROFIT_QOQ":35.803843997259,"ROA":15.879822436896,"HOLDER_PROFIT_QOQ":158.873312952054,"ROE_YEARLY":40.136418156332,"ROIC_YEARLY":20.65893785062,"TOTAL_ASSETS":509112000,"TOTAL_LIABILITIES":280648000,"TAX_EBT":8.525017785155,"OCF_SALES":13.449368742097,"TOTAL_PARENT_EQUITY":228464000,"DEBT_ASSET_RATIO":55.1250019642,"OPERATE_PROFIT":null,"PRETAX_PROFIT":75906000,"NETCASH_OPERATE":90091000,"NETCASH_INVEST":-29104000,"NETCASH_FINANCE":3442000,"END_CASH":133366000,"DIVI_RATIO":null,"DIVIDEND_RATE":null,"CURRENT_RATIO":1.575470482083,"COMMON_ACS":10000000000,"CURRENTDEBT_DEBT":88.458139733759,"ISSUED_COMMON_SHARES":352000000,"HK_COMMON_SHARES":352000000,"PER_SHARES":400,"TOTAL_MARKET_CAP":2302080000,"HKSK_MARKET_CAP":2302080000,"PE_TTM":-26.362908115126,"PB_TTM":4.837791155463,"REPORT_DATE_SQ":"2018-12-31 00:00:00","REPORT_TYPE_SQ":"2018年年报","OPERATE_INCOME_SQ":631760000,"DPS_HKD":null,"OPERATE_INCOME_QOQ_SQ":null,"NET_PROFIT_RATIO_SQ":4.2455995948,"HOLDER_PROFIT_SQ":26822000,"HOLDER_PROFIT_QOQ_SQ":null,"ROE_AVG_SQ":22.82121312675,"PE_TTM_SQ":171.671865687071,"PB_TTM_SQ":4.134468873653,"ROA_SQ":7.340569358008,"START_DATE":"2019-01-01 00:00:00","FISCAL_YEAR":"12-31","CURRENCY":"HKD","IS_CNY_CODE":0,"DPS_HKD_LY":null,"ORG_TYPE":"一般企业","PREMIUM_INCOME":null,"PREMIUM_INCOME_YOY":null,"NET_INTEREST_INCOME":null,"NET_INTEREST_INCOME_YOY":null,"FEE_COMMISSION_INCOME":null,"FEE_COMMISSION_INCOME_YOY":null,"ACCOUNTS_RECE_TDAYS":20.732706057136,"INVENTORY_TDAYS":2.673324754436,"CURRENT_ASSETS_TDAYS":2.013575075488,"TOTAL_ASSETS_TDAYS":1.531957470846,"PREMIUM_EXPENSE":null,"LOAN_DEPOSIT":null,"LOAN_EQUITY":null,"LOAN_ASSETS":null,"DEPOSIT_EQUITY":null,"DEPOSIT_ASSETS":null,"EQUITY_MULTIPLIER":2.228412353806,"EQUITY_RATIO":1.228412353806}],"count":10},"success":true,"message":"ok","code":0}