{"version":"1a95d4ae290c8bc8d73d5484588fe479","result":{"pages":3,"data":[{"SECUCODE":"02399.HK","SECURITY_CODE":"02399","SECURITY_NAME_ABBR":"中国安储能源","ORG_CODE":"10401490","STD_REPORT_DATE":"2024-06-30 00:00:00","REPORT_DATE":"2024-06-30 00:00:00","DATE_TYPE_CODE":"002","REPORT_TYPE":"2024年中报","PER_NETCASH_OPERATE":-0.02184553358,"PER_OI":0.082439515977,"BPS":0.189146701158,"BASIC_EPS":-0.0264,"DILUTED_EPS":-0.0264,"OPERATE_INCOME":229791000,"OPERATE_INCOME_YOY":-27.5246719086,"GROSS_PROFIT":42578000,"GROSS_PROFIT_YOY":-40.556765510694,"HOLDER_PROFIT":-81795000,"HOLDER_PROFIT_YOY":-104.262810908,"GROSS_PROFIT_RATIO":18.52901114491,"EPS_TTM":-0.033729414875,"OPERATE_INCOME_QOQ":-13.528470710791,"NET_PROFIT_RATIO":-31.5699918622,"ROE_AVG":-13.694043312989,"GROSS_PROFIT_QOQ":-19.661457452065,"ROA":-4.87340148767,"HOLDER_PROFIT_QOQ":-79.881758695902,"ROE_YEARLY":-27.388086625978,"ROIC_YEARLY":-10.556853194305,"TOTAL_ASSETS":1631297000,"TOTAL_LIABILITIES":976836000,"TAX_EBT":-8.387742600589,"OCF_SALES":-26.498862009391,"TOTAL_PARENT_EQUITY":576323000,"DEBT_ASSET_RATIO":59.8809413614,"OPERATE_PROFIT":-54883000,"PRETAX_PROFIT":-66931000,"NETCASH_OPERATE":-60892000,"NETCASH_INVEST":-4192000,"NETCASH_FINANCE":35746000,"END_CASH":40981000,"DIVI_RATIO":null,"DIVIDEND_RATE":null,"CURRENT_RATIO":0.947700581472,"COMMON_ACS":4000000000,"CURRENTDEBT_DEBT":92.816399068011,"ISSUED_COMMON_SHARES":3046963000,"HK_COMMON_SHARES":3046963000,"PER_SHARES":1000,"TOTAL_MARKET_CAP":618533489,"HKSK_MARKET_CAP":618533489,"PE_TTM":-5.955293688512,"PB_TTM":0.979525621467,"REPORT_DATE_SQ":"2023-06-30 00:00:00","REPORT_TYPE_SQ":"2023年中报","OPERATE_INCOME_SQ":317061000,"DPS_HKD":null,"OPERATE_INCOME_QOQ_SQ":7.430565099824,"NET_PROFIT_RATIO_SQ":-16.4820018861,"HOLDER_PROFIT_SQ":-40044000,"HOLDER_PROFIT_QOQ_SQ":-36.415630124385,"ROE_AVG_SQ":-10.090627665566,"PE_TTM_SQ":-12.168905008793,"PB_TTM_SQ":4.48196618941,"ROA_SQ":-2.777297101226,"START_DATE":"2024-01-01 00:00:00","FISCAL_YEAR":"12-31","CURRENCY":"HKD","IS_CNY_CODE":0,"DPS_HKD_LY":null,"ORG_TYPE":"一般企业","PREMIUM_INCOME":null,"PREMIUM_INCOME_YOY":null,"NET_INTEREST_INCOME":null,"NET_INTEREST_INCOME_YOY":null,"FEE_COMMISSION_INCOME":null,"FEE_COMMISSION_INCOME_YOY":null,"ACCOUNTS_RECE_TDAYS":0.292853110189,"INVENTORY_TDAYS":3.231961743964,"CURRENT_ASSETS_TDAYS":0.255824037825,"TOTAL_ASSETS_TDAYS":0.136911033835,"PREMIUM_EXPENSE":null,"LOAN_DEPOSIT":null,"LOAN_EQUITY":null,"LOAN_ASSETS":null,"DEPOSIT_EQUITY":null,"DEPOSIT_ASSETS":null,"EQUITY_MULTIPLIER":2.492580917733,"EQUITY_RATIO":1.694945369177},{"SECUCODE":"02399.HK","SECURITY_CODE":"02399","SECURITY_NAME_ABBR":"中国安储能源","ORG_CODE":"10401490","STD_REPORT_DATE":"2023-12-31 00:00:00","REPORT_DATE":"2023-12-31 00:00:00","DATE_TYPE_CODE":"001","REPORT_TYPE":"2023年年报","PER_NETCASH_OPERATE":-0.047438450435,"PER_OI":0.234969980575,"BPS":0.202918118796,"BASIC_EPS":-0.0233,"DILUTED_EPS":-0.0233,"OPERATE_INCOME":645084000,"OPERATE_INCOME_YOY":6.8177264531,"GROSS_PROFIT":147751000,"GROSS_PROFIT_YOY":3.590408749912,"HOLDER_PROFIT":-52266000,"HOLDER_PROFIT_YOY":47.7402711675,"GROSS_PROFIT_RATIO":22.90414891704,"EPS_TTM":-0.019037739278,"OPERATE_INCOME_QOQ":-0.570450919796,"NET_PROFIT_RATIO":-0.6964984405,"ROE_AVG":-10.113507509762,"GROSS_PROFIT_QOQ":19.510636576883,"ROA":-3.417029839681,"HOLDER_PROFIT_QOQ":61.690805676088,"ROE_YEARLY":-10.113507509762,"ROIC_YEARLY":-3.667447178614,"TOTAL_ASSETS":1725496000,"TOTAL_LIABILITIES":1039076000,"TAX_EBT":130.211135018827,"OCF_SALES":-20.189153660609,"TOTAL_PARENT_EQUITY":618284000,"DEBT_ASSET_RATIO":60.218974718,"OPERATE_PROFIT":50732000,"PRETAX_PROFIT":14872000,"NETCASH_OPERATE":-130237000,"NETCASH_INVEST":-37505000,"NETCASH_FINANCE":187686000,"END_CASH":70319000,"DIVI_RATIO":null,"DIVIDEND_RATE":null,"CURRENT_RATIO":0.962121072136,"COMMON_ACS":4000000000,"CURRENTDEBT_DEBT":93.749639102433,"ISSUED_COMMON_SHARES":3046963000,"HK_COMMON_SHARES":3046963000,"PER_SHARES":1000,"TOTAL_MARKET_CAP":655097045,"HKSK_MARKET_CAP":655097045,"PE_TTM":-6.307330753843,"PB_TTM":1.037428613869,"REPORT_DATE_SQ":"2022-12-31 00:00:00","REPORT_TYPE_SQ":"2022年年报","OPERATE_INCOME_SQ":603911000,"DPS_HKD":null,"OPERATE_INCOME_QOQ_SQ":12.18855656697,"NET_PROFIT_RATIO_SQ":-14.6781562184,"HOLDER_PROFIT_SQ":-100012000,"HOLDER_PROFIT_QOQ_SQ":14.415054297132,"ROE_AVG_SQ":-23.205151853695,"PE_TTM_SQ":-16.346290310318,"PB_TTM_SQ":6.020551597714,"ROA_SQ":-8.163921673305,"START_DATE":"2023-01-01 00:00:00","FISCAL_YEAR":"12-31","CURRENCY":"HKD","IS_CNY_CODE":0,"DPS_HKD_LY":null,"ORG_TYPE":"一般企业","PREMIUM_INCOME":null,"PREMIUM_INCOME_YOY":null,"NET_INTEREST_INCOME":null,"NET_INTEREST_INCOME_YOY":null,"FEE_COMMISSION_INCOME":null,"FEE_COMMISSION_INCOME_YOY":null,"ACCOUNTS_RECE_TDAYS":1.026774636398,"INVENTORY_TDAYS":11.700714042043,"CURRENT_ASSETS_TDAYS":0.870424792947,"TOTAL_ASSETS_TDAYS":0.421740955325,"PREMIUM_EXPENSE":null,"LOAN_DEPOSIT":null,"LOAN_EQUITY":null,"LOAN_ASSETS":null,"DEPOSIT_EQUITY":null,"DEPOSIT_ASSETS":null,"EQUITY_MULTIPLIER":2.513761254043,"EQUITY_RATIO":1.680580445232},{"SECUCODE":"02399.HK","SECURITY_CODE":"02399","SECURITY_NAME_ABBR":"中国安储能源","ORG_CODE":"10401490","STD_REPORT_DATE":"2023-06-30 00:00:00","REPORT_DATE":"2023-06-30 00:00:00","DATE_TYPE_CODE":"002","REPORT_TYPE":"2023年中报","PER_NETCASH_OPERATE":-0.017460074918,"PER_OI":0.143335632893,"BPS":0.124183654347,"BASIC_EPS":-0.0181,"DILUTED_EPS":-0.0181,"OPERATE_INCOME":317061000,"OPERATE_INCOME_YOY":16.4864596766,"GROSS_PROFIT":71628000,"GROSS_PROFIT_YOY":-20.964823233438,"HOLDER_PROFIT":-40044000,"HOLDER_PROFIT_YOY":-1004.9668874172,"GROSS_PROFIT_RATIO":22.591236386689,"EPS_TTM":-0.061677617452,"OPERATE_INCOME_QOQ":7.430565099824,"NET_PROFIT_RATIO":-16.4820018861,"ROE_AVG":-10.090627665566,"GROSS_PROFIT_QOQ":-13.321180677277,"ROA":-2.777297101226,"HOLDER_PROFIT_QOQ":-36.415630124385,"ROE_YEARLY":-20.181255331132,"ROIC_YEARLY":-5.755002788109,"TOTAL_ASSETS":1550015000,"TOTAL_LIABILITIES":1163860000,"TAX_EBT":5.569208529093,"OCF_SALES":-12.181252188065,"TOTAL_PARENT_EQUITY":378383000,"DEBT_ASSET_RATIO":75.0870152869,"OPERATE_PROFIT":-38138000,"PRETAX_PROFIT":-55340000,"NETCASH_OPERATE":-38622000,"NETCASH_INVEST":-11038000,"NETCASH_FINANCE":21505000,"END_CASH":22220000,"DIVI_RATIO":null,"DIVIDEND_RATE":null,"CURRENT_RATIO":0.698616584391,"COMMON_ACS":4000000000,"CURRENTDEBT_DEBT":93.186637568092,"ISSUED_COMMON_SHARES":3046963000,"HK_COMMON_SHARES":3046963000,"PER_SHARES":1000,"TOTAL_MARKET_CAP":655097045,"HKSK_MARKET_CAP":655097045,"PE_TTM":-6.307330753843,"PB_TTM":1.037428613869,"REPORT_DATE_SQ":"2022-06-30 00:00:00","REPORT_TYPE_SQ":"2022年中报","OPERATE_INCOME_SQ":272187000,"DPS_HKD":null,"OPERATE_INCOME_QOQ_SQ":43.983994051265,"NET_PROFIT_RATIO_SQ":4.9146358937,"HOLDER_PROFIT_SQ":-3624000,"HOLDER_PROFIT_QOQ_SQ":34.378755376857,"ROE_AVG_SQ":-0.808990870949,"PE_TTM_SQ":-16.346290310318,"PB_TTM_SQ":6.020551597714,"ROA_SQ":-0.30324076011,"START_DATE":"2023-01-01 00:00:00","FISCAL_YEAR":"12-31","CURRENCY":"HKD","IS_CNY_CODE":0,"DPS_HKD_LY":null,"ORG_TYPE":"一般企业","PREMIUM_INCOME":null,"PREMIUM_INCOME_YOY":null,"NET_INTEREST_INCOME":null,"NET_INTEREST_INCOME_YOY":null,"FEE_COMMISSION_INCOME":null,"FEE_COMMISSION_INCOME_YOY":null,"ACCOUNTS_RECE_TDAYS":0.587393115484,"INVENTORY_TDAYS":4.440538437879,"CURRENT_ASSETS_TDAYS":0.486778895977,"TOTAL_ASSETS_TDAYS":0.219901257669,"PREMIUM_EXPENSE":null,"LOAN_DEPOSIT":null,"LOAN_EQUITY":null,"LOAN_ASSETS":null,"DEPOSIT_EQUITY":null,"DEPOSIT_ASSETS":null,"EQUITY_MULTIPLIER":4.013971073784,"EQUITY_RATIO":3.075878144631},{"SECUCODE":"02399.HK","SECURITY_CODE":"02399","SECURITY_NAME_ABBR":"中国安储能源","ORG_CODE":"10401490","STD_REPORT_DATE":"2022-12-31 00:00:00","REPORT_DATE":"2022-12-31 00:00:00","DATE_TYPE_CODE":"001","REPORT_TYPE":"2022年年报","PER_NETCASH_OPERATE":-0.020050469752,"PER_OI":0.273013601155,"BPS":0.136300965913,"BASIC_EPS":-0.0467,"DILUTED_EPS":-0.0467,"OPERATE_INCOME":603911000,"OPERATE_INCOME_YOY":61.5335646136,"GROSS_PROFIT":142630000,"GROSS_PROFIT_YOY":29.467081794004,"HOLDER_PROFIT":-100012000,"HOLDER_PROFIT_YOY":43.8380934197,"GROSS_PROFIT_RATIO":23.617718504879,"EPS_TTM":-0.045213013637,"OPERATE_INCOME_QOQ":12.18855656697,"NET_PROFIT_RATIO":-14.6781562184,"ROE_AVG":-23.205151853695,"GROSS_PROFIT_QOQ":-19.979129381007,"ROA":-8.163921673305,"HOLDER_PROFIT_QOQ":14.415054297132,"ROE_YEARLY":-23.205151853695,"ROIC_YEARLY":-8.927594293095,"TOTAL_ASSETS":1333652000,"TOTAL_LIABILITIES":898296000,"TAX_EBT":17.952776312258,"OCF_SALES":-7.344128522249,"TOTAL_PARENT_EQUITY":415304000,"DEBT_ASSET_RATIO":67.3561018916,"OPERATE_PROFIT":-77422000,"PRETAX_PROFIT":-108039000,"NETCASH_OPERATE":-44352000,"NETCASH_INVEST":-92795000,"NETCASH_FINANCE":55701000,"END_CASH":50375000,"DIVI_RATIO":null,"DIVIDEND_RATE":null,"CURRENT_RATIO":0.692746711342,"COMMON_ACS":4000000000,"CURRENTDEBT_DEBT":87.579038535182,"ISSUED_COMMON_SHARES":3046963000,"HK_COMMON_SHARES":3046963000,"PER_SHARES":1000,"TOTAL_MARKET_CAP":655097045,"HKSK_MARKET_CAP":655097045,"PE_TTM":-6.307330753843,"PB_TTM":1.037428613869,"REPORT_DATE_SQ":"2021-12-31 00:00:00","REPORT_TYPE_SQ":"2021年年报","OPERATE_INCOME_SQ":373861000,"DPS_HKD":null,"OPERATE_INCOME_QOQ_SQ":33.098721919613,"NET_PROFIT_RATIO_SQ":-45.6386197009,"HOLDER_PROFIT_SQ":-178078000,"HOLDER_PROFIT_QOQ_SQ":67.619768019071,"ROE_AVG_SQ":-35.973500355032,"PE_TTM_SQ":-16.346290310318,"PB_TTM_SQ":6.020551597714,"ROA_SQ":-15.336400418208,"START_DATE":"2022-01-01 00:00:00","FISCAL_YEAR":"12-31","CURRENCY":"HKD","IS_CNY_CODE":0,"DPS_HKD_LY":null,"ORG_TYPE":"一般企业","PREMIUM_INCOME":null,"PREMIUM_INCOME_YOY":null,"NET_INTEREST_INCOME":null,"NET_INTEREST_INCOME_YOY":null,"FEE_COMMISSION_INCOME":null,"FEE_COMMISSION_INCOME_YOY":null,"ACCOUNTS_RECE_TDAYS":1.802907766483,"INVENTORY_TDAYS":10.78364035908,"CURRENT_ASSETS_TDAYS":1.261198440394,"TOTAL_ASSETS_TDAYS":0.492969053878,"PREMIUM_EXPENSE":null,"LOAN_DEPOSIT":null,"LOAN_EQUITY":null,"LOAN_ASSETS":null,"DEPOSIT_EQUITY":null,"DEPOSIT_ASSETS":null,"EQUITY_MULTIPLIER":3.063359641301,"EQUITY_RATIO":2.162984223605},{"SECUCODE":"02399.HK","SECURITY_CODE":"02399","SECURITY_NAME_ABBR":"中国安储能源","ORG_CODE":"10401490","STD_REPORT_DATE":"2022-06-30 00:00:00","REPORT_DATE":"2022-06-30 00:00:00","DATE_TYPE_CODE":"002","REPORT_TYPE":"2022年中报","PER_NETCASH_OPERATE":0.010289586418,"PER_OI":0.130107389133,"BPS":0.147443208204,"BASIC_EPS":-0.0017,"DILUTED_EPS":-0.0017,"OPERATE_INCOME":272187000,"OPERATE_INCOME_YOY":152.6144336786,"GROSS_PROFIT":90628000,"GROSS_PROFIT_YOY":301.826726966392,"HOLDER_PROFIT":-3624000,"HOLDER_PROFIT_YOY":94.4112884571,"GROSS_PROFIT_RATIO":33.296226491346,"EPS_TTM":-0.055858505998,"OPERATE_INCOME_QOQ":43.983994051265,"NET_PROFIT_RATIO":4.9146358937,"ROE_AVG":-0.808990870949,"GROSS_PROFIT_QOQ":61.791643595632,"ROA":-0.30324076011,"HOLDER_PROFIT_QOQ":34.378755376857,"ROE_YEARLY":-1.617981741898,"ROIC_YEARLY":-0.68428970719,"TOTAL_ASSETS":1273735000,"TOTAL_LIABILITIES":799307000,"TAX_EBT":16.918203838271,"OCF_SALES":7.908533471474,"TOTAL_PARENT_EQUITY":449254000,"DEBT_ASSET_RATIO":62.7530059235,"OPERATE_PROFIT":29214000,"PRETAX_PROFIT":16101000,"NETCASH_OPERATE":21526000,"NETCASH_INVEST":-68076000,"NETCASH_FINANCE":22178000,"END_CASH":107449000,"DIVI_RATIO":null,"DIVIDEND_RATE":null,"CURRENT_RATIO":0.734176167909,"COMMON_ACS":4000000000,"CURRENTDEBT_DEBT":86.192789503908,"ISSUED_COMMON_SHARES":3046963000,"HK_COMMON_SHARES":3046963000,"PER_SHARES":1000,"TOTAL_MARKET_CAP":655097045,"HKSK_MARKET_CAP":655097045,"PE_TTM":-6.307330753843,"PB_TTM":1.037428613869,"REPORT_DATE_SQ":"2021-06-30 00:00:00","REPORT_TYPE_SQ":"2021年中报","OPERATE_INCOME_SQ":107748000,"DPS_HKD":null,"OPERATE_INCOME_QOQ_SQ":4.006368719221,"NET_PROFIT_RATIO_SQ":-61.3615072343,"HOLDER_PROFIT_SQ":-64845000,"HOLDER_PROFIT_QOQ_SQ":0.411061353171,"ROE_AVG_SQ":-12.672006190904,"PE_TTM_SQ":-16.346290310318,"PB_TTM_SQ":6.020551597714,"ROA_SQ":-5.573921833579,"START_DATE":"2022-01-01 00:00:00","FISCAL_YEAR":"12-31","CURRENCY":"HKD","IS_CNY_CODE":0,"DPS_HKD_LY":null,"ORG_TYPE":"一般企业","PREMIUM_INCOME":null,"PREMIUM_INCOME_YOY":null,"NET_INTEREST_INCOME":null,"NET_INTEREST_INCOME_YOY":null,"FEE_COMMISSION_INCOME":null,"FEE_COMMISSION_INCOME_YOY":null,"ACCOUNTS_RECE_TDAYS":0.892700301407,"INVENTORY_TDAYS":5.231343283582,"CURRENT_ASSETS_TDAYS":0.59268493437,"TOTAL_ASSETS_TDAYS":0.227754395066,"PREMIUM_EXPENSE":null,"LOAN_DEPOSIT":null,"LOAN_EQUITY":null,"LOAN_ASSETS":null,"DEPOSIT_EQUITY":null,"DEPOSIT_ASSETS":null,"EQUITY_MULTIPLIER":2.684780409249,"EQUITY_RATIO":1.779187274905},{"SECUCODE":"02399.HK","SECURITY_CODE":"02399","SECURITY_NAME_ABBR":"中国安储能源","ORG_CODE":"10401490","STD_REPORT_DATE":"2021-12-31 00:00:00","REPORT_DATE":"2021-12-31 00:00:00","DATE_TYPE_CODE":"001","REPORT_TYPE":"2021年年报","PER_NETCASH_OPERATE":-0.011629441047,"PER_OI":0.178708309393,"BPS":0.146597448016,"BASIC_EPS":-0.0922,"DILUTED_EPS":-0.0922,"OPERATE_INCOME":373861000,"OPERATE_INCOME_YOY":38.4311474803,"GROSS_PROFIT":110167000,"GROSS_PROFIT_YOY":43.258215107736,"HOLDER_PROFIT":-178078000,"HOLDER_PROFIT_YOY":67.7528706388,"GROSS_PROFIT_RATIO":29.467368888437,"EPS_TTM":-0.085122594547,"OPERATE_INCOME_QOQ":33.098721919613,"NET_PROFIT_RATIO":-45.6386197009,"ROE_AVG":-35.973500355032,"GROSS_PROFIT_QOQ":68.926337095191,"ROA":-15.336400418208,"HOLDER_PROFIT_QOQ":67.619768019071,"ROE_YEARLY":-35.973500355032,"ROIC_YEARLY":-17.928954912823,"TOTAL_ASSETS":1116445000,"TOTAL_LIABILITIES":662433000,"TAX_EBT":-13.517703778756,"OCF_SALES":-6.507498776283,"TOTAL_PARENT_EQUITY":446677000,"DEBT_ASSET_RATIO":59.3341364778,"OPERATE_PROFIT":-118349000,"PRETAX_PROFIT":-147059000,"NETCASH_OPERATE":-24329000,"NETCASH_INVEST":-45161000,"NETCASH_FINANCE":4660000,"END_CASH":131821000,"DIVI_RATIO":null,"DIVIDEND_RATE":null,"CURRENT_RATIO":0.695157592592,"COMMON_ACS":4000000000,"CURRENTDEBT_DEBT":89.616761242269,"ISSUED_COMMON_SHARES":3046963000,"HK_COMMON_SHARES":3046963000,"PER_SHARES":1000,"TOTAL_MARKET_CAP":655097045,"HKSK_MARKET_CAP":655097045,"PE_TTM":-6.307330753843,"PB_TTM":1.037428613869,"REPORT_DATE_SQ":"2020-12-31 00:00:00","REPORT_TYPE_SQ":"2020年年报","OPERATE_INCOME_SQ":270070000,"DPS_HKD":null,"OPERATE_INCOME_QOQ_SQ":-13.820557085465,"NET_PROFIT_RATIO_SQ":-204.476246899,"HOLDER_PROFIT_SQ":-552229000,"HOLDER_PROFIT_QOQ_SQ":-71.418239159654,"ROE_AVG_SQ":-67.445839755537,"PE_TTM_SQ":-16.346290310318,"PB_TTM_SQ":6.020551597714,"ROA_SQ":-36.812824749292,"START_DATE":"2021-01-01 00:00:00","FISCAL_YEAR":"12-31","CURRENCY":"HKD","IS_CNY_CODE":0,"DPS_HKD_LY":null,"ORG_TYPE":"一般企业","PREMIUM_INCOME":null,"PREMIUM_INCOME_YOY":null,"NET_INTEREST_INCOME":null,"NET_INTEREST_INCOME_YOY":null,"FEE_COMMISSION_INCOME":null,"FEE_COMMISSION_INCOME_YOY":null,"ACCOUNTS_RECE_TDAYS":1.593386267064,"INVENTORY_TDAYS":5.99672526323,"CURRENT_ASSETS_TDAYS":0.841760067726,"TOTAL_ASSETS_TDAYS":0.321975875557,"PREMIUM_EXPENSE":null,"LOAN_DEPOSIT":null,"LOAN_EQUITY":null,"LOAN_ASSETS":null,"DEPOSIT_EQUITY":null,"DEPOSIT_ASSETS":null,"EQUITY_MULTIPLIER":2.459064958633,"EQUITY_RATIO":1.483024646445},{"SECUCODE":"02399.HK","SECURITY_CODE":"02399","SECURITY_NAME_ABBR":"中国安储能源","ORG_CODE":"10401490","STD_REPORT_DATE":"2021-06-30 00:00:00","REPORT_DATE":"2021-06-30 00:00:00","DATE_TYPE_CODE":"002","REPORT_TYPE":"2021年中报","PER_NETCASH_OPERATE":-0.022320648784,"PER_OI":0.056013724267,"BPS":0.157554587962,"BASIC_EPS":-0.0337,"DILUTED_EPS":-0.0337,"OPERATE_INCOME":107748000,"OPERATE_INCOME_YOY":11.4066436847,"GROSS_PROFIT":22554000,"GROSS_PROFIT_YOY":-29.88684406864,"HOLDER_PROFIT":-64845000,"HOLDER_PROFIT_YOY":3.3822543396,"GROSS_PROFIT_RATIO":19.382647122837,"EPS_TTM":-0.285900914951,"OPERATE_INCOME_QOQ":4.006368719221,"NET_PROFIT_RATIO":-61.3615072343,"ROE_AVG":-12.672006190904,"GROSS_PROFIT_QOQ":-15.194860925085,"ROA":-5.573921833579,"HOLDER_PROFIT_QOQ":0.411061353171,"ROE_YEARLY":-25.344012381808,"ROIC_YEARLY":-12.835726650191,"TOTAL_ASSETS":1120881000,"TOTAL_LIABILITIES":640818000,"TAX_EBT":11.25729768988,"OCF_SALES":-40.629465257341,"TOTAL_PARENT_EQUITY":480063000,"DEBT_ASSET_RATIO":57.1709218017,"OPERATE_PROFIT":-56644000,"PRETAX_PROFIT":-71598000,"NETCASH_OPERATE":-42936000,"NETCASH_INVEST":11820000,"NETCASH_FINANCE":-56224000,"END_CASH":109311000,"DIVI_RATIO":null,"DIVIDEND_RATE":null,"CURRENT_RATIO":0.67744066437,"COMMON_ACS":4000000000,"CURRENTDEBT_DEBT":89.293840060673,"ISSUED_COMMON_SHARES":3046963000,"HK_COMMON_SHARES":3046963000,"PER_SHARES":1000,"TOTAL_MARKET_CAP":655097045,"HKSK_MARKET_CAP":655097045,"PE_TTM":-6.307330753843,"PB_TTM":1.037428613869,"REPORT_DATE_SQ":"2020-06-30 00:00:00","REPORT_TYPE_SQ":"2020年中报","OPERATE_INCOME_SQ":94857000,"DPS_HKD":null,"OPERATE_INCOME_QOQ_SQ":-12.704081206283,"NET_PROFIT_RATIO_SQ":-70.7538716173,"HOLDER_PROFIT_SQ":-67115000,"HOLDER_PROFIT_QOQ_SQ":-3.61249320567,"ROE_AVG_SQ":-6.332039848027,"PE_TTM_SQ":-16.346290310318,"PB_TTM_SQ":6.020551597714,"ROA_SQ":-3.839955967666,"START_DATE":"2021-01-01 00:00:00","FISCAL_YEAR":"12-31","CURRENCY":"HKD","IS_CNY_CODE":0,"DPS_HKD_LY":null,"ORG_TYPE":"一般企业","PREMIUM_INCOME":null,"PREMIUM_INCOME_YOY":null,"NET_INTEREST_INCOME":null,"NET_INTEREST_INCOME_YOY":null,"FEE_COMMISSION_INCOME":null,"FEE_COMMISSION_INCOME_YOY":null,"ACCOUNTS_RECE_TDAYS":0.477963372466,"INVENTORY_TDAYS":1.678153900702,"CURRENT_ASSETS_TDAYS":0.244837484738,"TOTAL_ASSETS_TDAYS":0.090837433512,"PREMIUM_EXPENSE":null,"LOAN_DEPOSIT":null,"LOAN_EQUITY":null,"LOAN_ASSETS":null,"DEPOSIT_EQUITY":null,"DEPOSIT_ASSETS":null,"EQUITY_MULTIPLIER":2.334862299324,"EQUITY_RATIO":1.334862299323},{"SECUCODE":"02399.HK","SECURITY_CODE":"02399","SECURITY_NAME_ABBR":"中国安储能源","ORG_CODE":"10401490","STD_REPORT_DATE":"2020-12-31 00:00:00","REPORT_DATE":"2020-12-31 00:00:00","DATE_TYPE_CODE":"001","REPORT_TYPE":"2020年年报","PER_NETCASH_OPERATE":-0.098420149719,"PER_OI":0.140398211686,"BPS":0.178332982711,"BASIC_EPS":-0.2871,"DILUTED_EPS":-0.2871,"OPERATE_INCOME":270070000,"OPERATE_INCOME_YOY":-24.7688634964,"GROSS_PROFIT":76901000,"GROSS_PROFIT_YOY":-43.127713231325,"HOLDER_PROFIT":-552229000,"HOLDER_PROFIT_YOY":-77.6107114026,"GROSS_PROFIT_RATIO":28.47446958196,"EPS_TTM":-0.28708099397,"OPERATE_INCOME_QOQ":-13.820557085465,"NET_PROFIT_RATIO":-204.476246899,"ROE_AVG":-67.445839755537,"GROSS_PROFIT_QOQ":-32.394130937415,"ROA":-36.812824749292,"HOLDER_PROFIT_QOQ":-71.418239159654,"ROE_YEARLY":-67.445839755537,"ROIC_YEARLY":-47.438400751827,"TOTAL_ASSETS":1205847000,"TOTAL_LIABILITIES":662473000,"TAX_EBT":4.762487841557,"OCF_SALES":-70.100714629541,"TOTAL_PARENT_EQUITY":543374000,"DEBT_ASSET_RATIO":54.9383959988,"OPERATE_PROFIT":-545594000,"PRETAX_PROFIT":-579844000,"NETCASH_OPERATE":-189321000,"NETCASH_INVEST":-67967000,"NETCASH_FINANCE":-17415000,"END_CASH":196651000,"DIVI_RATIO":null,"DIVIDEND_RATE":null,"CURRENT_RATIO":0.802601180944,"COMMON_ACS":4000000000,"CURRENTDEBT_DEBT":89.449230383729,"ISSUED_COMMON_SHARES":3046963000,"HK_COMMON_SHARES":3046963000,"PER_SHARES":1000,"TOTAL_MARKET_CAP":655097045,"HKSK_MARKET_CAP":655097045,"PE_TTM":-6.307330753843,"PB_TTM":1.037428613869,"REPORT_DATE_SQ":"2019-12-31 00:00:00","REPORT_TYPE_SQ":"2019年年报","OPERATE_INCOME_SQ":358987000,"DPS_HKD":null,"OPERATE_INCOME_QOQ_SQ":-20.082858599418,"NET_PROFIT_RATIO_SQ":-86.7098251469,"HOLDER_PROFIT_SQ":-310921000,"HOLDER_PROFIT_QOQ_SQ":-233.463105963106,"ROE_AVG_SQ":-24.87036726708,"PE_TTM_SQ":-16.346290310318,"PB_TTM_SQ":6.020551597714,"ROA_SQ":-15.328689187324,"START_DATE":"2020-01-01 00:00:00","FISCAL_YEAR":"12-31","CURRENCY":"HKD","IS_CNY_CODE":0,"DPS_HKD_LY":null,"ORG_TYPE":"一般企业","PREMIUM_INCOME":null,"PREMIUM_INCOME_YOY":null,"NET_INTEREST_INCOME":null,"NET_INTEREST_INCOME_YOY":null,"FEE_COMMISSION_INCOME":null,"FEE_COMMISSION_INCOME_YOY":null,"ACCOUNTS_RECE_TDAYS":1.334700635054,"INVENTORY_TDAYS":4.519260238399,"CURRENT_ASSETS_TDAYS":0.458721517805,"TOTAL_ASSETS_TDAYS":0.180034724363,"PREMIUM_EXPENSE":null,"LOAN_DEPOSIT":null,"LOAN_EQUITY":null,"LOAN_ASSETS":null,"DEPOSIT_EQUITY":null,"DEPOSIT_ASSETS":null,"EQUITY_MULTIPLIER":2.219184208297,"EQUITY_RATIO":1.219184208299},{"SECUCODE":"02399.HK","SECURITY_CODE":"02399","SECURITY_NAME_ABBR":"中国安储能源","ORG_CODE":"10401490","STD_REPORT_DATE":"2020-06-30 00:00:00","REPORT_DATE":"2020-06-30 00:00:00","DATE_TYPE_CODE":"002","REPORT_TYPE":"2020年中报","PER_NETCASH_OPERATE":-0.019152110626,"PER_OI":0.049312227074,"BPS":0.336623713514,"BASIC_EPS":-0.035,"DILUTED_EPS":-0.035,"OPERATE_INCOME":94857000,"OPERATE_INCOME_YOY":-32.4683368574,"GROSS_PROFIT":32168000,"GROSS_PROFIT_YOY":-40.025356104109,"HOLDER_PROFIT":-67115000,"HOLDER_PROFIT_YOY":-20.0991356942,"GROSS_PROFIT_RATIO":33.91209926521,"EPS_TTM":-0.16747400707,"OPERATE_INCOME_QOQ":-12.704081206283,"NET_PROFIT_RATIO":-70.7538716173,"ROE_AVG":-6.332039848027,"GROSS_PROFIT_QOQ":-15.876701893993,"ROA":-3.839955967666,"HOLDER_PROFIT_QOQ":-3.61249320567,"ROE_YEARLY":-12.664079696055,"ROIC_YEARLY":-10.40570464869,"TOTAL_ASSETS":1701261000,"TOTAL_LIABILITIES":675581000,"TAX_EBT":16.986196319018,"OCF_SALES":-38.838462106118,"TOTAL_PARENT_EQUITY":1025680000,"DEBT_ASSET_RATIO":39.7106028998,"OPERATE_PROFIT":-63384000,"PRETAX_PROFIT":-80848000,"NETCASH_OPERATE":-36841000,"NETCASH_INVEST":5581000,"NETCASH_FINANCE":-5298000,"END_CASH":434796000,"DIVI_RATIO":null,"DIVIDEND_RATE":null,"CURRENT_RATIO":1.093473289765,"COMMON_ACS":4000000000,"CURRENTDEBT_DEBT":85.639027740567,"ISSUED_COMMON_SHARES":3046963000,"HK_COMMON_SHARES":3046963000,"PER_SHARES":1000,"TOTAL_MARKET_CAP":655097045,"HKSK_MARKET_CAP":655097045,"PE_TTM":-6.307330753843,"PB_TTM":1.037428613869,"REPORT_DATE_SQ":"2019-06-30 00:00:00","REPORT_TYPE_SQ":"2019年中报","OPERATE_INCOME_SQ":140463000,"DPS_HKD":null,"OPERATE_INCOME_QOQ_SQ":-26.48723752105,"NET_PROFIT_RATIO_SQ":-36.751878514,"HOLDER_PROFIT_SQ":-55883000,"HOLDER_PROFIT_QOQ_SQ":-109.825145711907,"ROE_AVG_SQ":-4.055196475623,"PE_TTM_SQ":-16.346290310318,"PB_TTM_SQ":6.020551597714,"ROA_SQ":-2.541159180206,"START_DATE":"2020-01-01 00:00:00","FISCAL_YEAR":"12-31","CURRENCY":"HKD","IS_CNY_CODE":0,"DPS_HKD_LY":null,"ORG_TYPE":"一般企业","PREMIUM_INCOME":null,"PREMIUM_INCOME_YOY":null,"NET_INTEREST_INCOME":null,"NET_INTEREST_INCOME_YOY":null,"FEE_COMMISSION_INCOME":null,"FEE_COMMISSION_INCOME_YOY":null,"ACCOUNTS_RECE_TDAYS":0.530692282732,"INVENTORY_TDAYS":2.909474856705,"CURRENT_ASSETS_TDAYS":0.142158126319,"TOTAL_ASSETS_TDAYS":0.054272026108,"PREMIUM_EXPENSE":null,"LOAN_DEPOSIT":null,"LOAN_EQUITY":null,"LOAN_ASSETS":null,"DEPOSIT_EQUITY":null,"DEPOSIT_ASSETS":null,"EQUITY_MULTIPLIER":1.658666445674,"EQUITY_RATIO":0.658666445675}],"count":25},"success":true,"message":"ok","code":0}