{"version":"3713502bd92c1da59ebbd5f0c5d67278","result":{"pages":2,"data":[{"SECUCODE":"02391.HK","SECURITY_CODE":"02391","SECURITY_NAME_ABBR":"涂鸦智能-W","ORG_CODE":"10000178402","STD_REPORT_DATE":"2024-09-30 00:00:00","REPORT_DATE":"2024-09-30 00:00:00","DATE_TYPE_CODE":"004","REPORT_TYPE":"2024年三季报","PER_NETCASH_OPERATE":0.611844389593,"PER_OI":2.641016490364,"BPS":11.471247282535,"BASIC_EPS":-0.070074,"DILUTED_EPS":-0.070074,"OPERATE_INCOME":1517508529.2,"OPERATE_INCOME_YOY":30.7883246064,"GROSS_PROFIT":716100220.8,"GROSS_PROFIT_YOY":30.903749762549,"HOLDER_PROFIT":-33551431.2,"HOLDER_PROFIT_YOY":90.3270773147,"GROSS_PROFIT_RATIO":47.189205663148,"EPS_TTM":-0.183350014747,"OPERATE_INCOME_QOQ":6.646407550064,"NET_PROFIT_RATIO":-2.2109550328,"ROE_AVG":-0.488493169972,"GROSS_PROFIT_QOQ":6.028626108875,"ROA":-0.438842712741,"HOLDER_PROFIT_QOQ":2.38297445765,"ROE_YEARLY":-0.651324226629,"ROIC_YEARLY":-0.892855477877,"TOTAL_ASSETS":7818177202.2,"TOTAL_LIABILITIES":882610059.6,"TAX_EBT":-51.184085885696,"OCF_SALES":23.167003758808,"TOTAL_PARENT_EQUITY":6935567142.6,"DEBT_ASSET_RATIO":11.2892051021,"OPERATE_PROFIT":-307092297.6,"PRETAX_PROFIT":-22192435.8,"NETCASH_OPERATE":351561258,"NETCASH_INVEST":433561852.8,"NETCASH_FINANCE":-1247317.2,"END_CASH":4281906807,"DIVI_RATIO":-2.285318678261,"DIVIDEND_RATE":1.814632411067,"CURRENT_RATIO":7.141874637971,"COMMON_ACS":1000000000,"CURRENTDEBT_DEBT":97.315686679264,"ISSUED_COMMON_SHARES":604604449,"HK_COMMON_SHARES":534399149,"PER_SHARES":200,"TOTAL_MARKET_CAP":15296492559.7,"HKSK_MARKET_CAP":13520298469.7,"PE_TTM":-126.09210722473,"PB_TTM":1.988910746566,"REPORT_DATE_SQ":"2023-09-30 00:00:00","REPORT_TYPE_SQ":"2023年三季报","OPERATE_INCOME_SQ":1188824104.2,"DPS_HKD":0.459102,"OPERATE_INCOME_QOQ_SQ":4.840165142397,"NET_PROFIT_RATIO_SQ":-29.8944914512,"HOLDER_PROFIT_SQ":-355392920.2,"HOLDER_PROFIT_QOQ_SQ":31.985118844172,"ROE_AVG_SQ":-5.14641589079,"PE_TTM_SQ":-13.882134349495,"PB_TTM_SQ":1.029609641249,"ROA_SQ":-4.702595219977,"START_DATE":"2024-01-01 00:00:00","FISCAL_YEAR":"12-31","CURRENCY":"HKD","IS_CNY_CODE":0,"DPS_HKD_LY":0.459102,"ORG_TYPE":"一般企业","PREMIUM_INCOME":null,"PREMIUM_INCOME_YOY":null,"NET_INTEREST_INCOME":null,"NET_INTEREST_INCOME_YOY":null,"FEE_COMMISSION_INCOME":null,"FEE_COMMISSION_INCOME_YOY":null,"ACCOUNTS_RECE_TDAYS":13.60588068985,"INVENTORY_TDAYS":3.739406225477,"CURRENT_ASSETS_TDAYS":0.251344157001,"TOTAL_ASSETS_TDAYS":0.19848558936,"PREMIUM_EXPENSE":null,"LOAN_DEPOSIT":null,"LOAN_EQUITY":null,"LOAN_ASSETS":null,"DEPOSIT_EQUITY":null,"DEPOSIT_ASSETS":null,"EQUITY_MULTIPLIER":1.127258527162,"EQUITY_RATIO":0.127258527162},{"SECUCODE":"02391.HK","SECURITY_CODE":"02391","SECURITY_NAME_ABBR":"涂鸦智能-W","ORG_CODE":"10000178402","STD_REPORT_DATE":"2024-06-30 00:00:00","REPORT_DATE":"2024-06-30 00:00:00","DATE_TYPE_CODE":"002","REPORT_TYPE":"2024年中报","PER_NETCASH_OPERATE":0.326440419745,"PER_OI":1.673703282071,"BPS":11.785973701295,"BASIC_EPS":0,"DILUTED_EPS":0,"OPERATE_INCOME":961697518.8,"OPERATE_INCOME_YOY":29.1437376183,"GROSS_PROFIT":460940043.6,"GROSS_PROFIT_YOY":33.820442135325,"HOLDER_PROFIT":-2957622,"HOLDER_PROFIT_YOY":99.0693815311,"GROSS_PROFIT_RATIO":47.929836002401,"EPS_TTM":-0.187825856943,"OPERATE_INCOME_QOQ":5.487588392693,"NET_PROFIT_RATIO":-0.3075418146,"ROE_AVG":-0.042122742627,"GROSS_PROFIT_QOQ":6.315718243379,"ROA":-0.038496324297,"HOLDER_PROFIT_QOQ":64.927579534134,"ROE_YEARLY":-0.084245485254,"ROIC_YEARLY":-0.159218104825,"TOTAL_ASSETS":7765717620,"TOTAL_LIABILITIES":639865484.4,"TAX_EBT":149.819927971189,"OCF_SALES":19.504079560697,"TOTAL_PARENT_EQUITY":7125852135.6,"DEBT_ASSET_RATIO":8.239618226,"OPERATE_PROFIT":-190363954.8,"PRETAX_PROFIT":5936624.4,"NETCASH_OPERATE":187570249.2,"NETCASH_INVEST":642017778,"NETCASH_FINANCE":1069020,"END_CASH":4382404729.2,"DIVI_RATIO":-2.230860117882,"DIVIDEND_RATE":2.789198055893,"CURRENT_RATIO":10.022439897337,"COMMON_ACS":1000000000,"CURRENTDEBT_DEBT":94.603655480436,"ISSUED_COMMON_SHARES":604604449,"HK_COMMON_SHARES":534399149,"PER_SHARES":200,"TOTAL_MARKET_CAP":9951789230.54,"HKSK_MARKET_CAP":8796209992.54,"PE_TTM":-82.034627862413,"PB_TTM":1.293971181363,"REPORT_DATE_SQ":"2023-06-30 00:00:00","REPORT_TYPE_SQ":"2023年中报","OPERATE_INCOME_SQ":755016616.2,"DPS_HKD":0.459102,"OPERATE_INCOME_QOQ_SQ":-0.783033150797,"NET_PROFIT_RATIO_SQ":-42.6781766502,"HOLDER_PROFIT_SQ":-322227325.2,"HOLDER_PROFIT_QOQ_SQ":10.208459245778,"ROE_AVG_SQ":-4.658823259014,"PE_TTM_SQ":-16.024184753571,"PB_TTM_SQ":1.188481158593,"ROA_SQ":-4.256214694793,"START_DATE":"2024-01-01 00:00:00","FISCAL_YEAR":"12-31","CURRENCY":"HKD","IS_CNY_CODE":0,"DPS_HKD_LY":0.459102,"ORG_TYPE":"一般企业","PREMIUM_INCOME":null,"PREMIUM_INCOME_YOY":null,"NET_INTEREST_INCOME":null,"NET_INTEREST_INCOME_YOY":null,"FEE_COMMISSION_INCOME":null,"FEE_COMMISSION_INCOME_YOY":null,"ACCOUNTS_RECE_TDAYS":9.569265680956,"INVENTORY_TDAYS":2.305514084623,"CURRENT_ASSETS_TDAYS":0.158839704217,"TOTAL_ASSETS_TDAYS":0.125174277034,"PREMIUM_EXPENSE":null,"LOAN_DEPOSIT":null,"LOAN_EQUITY":null,"LOAN_ASSETS":null,"DEPOSIT_EQUITY":null,"DEPOSIT_ASSETS":null,"EQUITY_MULTIPLIER":1.089794942727,"EQUITY_RATIO":0.089794942727},{"SECUCODE":"02391.HK","SECURITY_CODE":"02391","SECURITY_NAME_ABBR":"涂鸦智能-W","ORG_CODE":"10000178402","STD_REPORT_DATE":"2024-03-31 00:00:00","REPORT_DATE":"2024-03-31 00:00:00","DATE_TYPE_CODE":"003","REPORT_TYPE":"2024年一季报","PER_NETCASH_OPERATE":0.178920769566,"PER_OI":0.761394927052,"BPS":11.528327895252,"BASIC_EPS":-0.07095,"DILUTED_EPS":-0.07095,"OPERATE_INCOME":437491890,"OPERATE_INCOME_YOY":29.8557439191,"GROSS_PROFIT":209196075,"GROSS_PROFIT_YOY":44.774266234058,"HOLDER_PROFIT":-25137585,"HOLDER_PROFIT_YOY":83.1646471846,"GROSS_PROFIT_RATIO":47.817132107295,"EPS_TTM":-0.535537195459,"OPERATE_INCOME_QOQ":6.825820540307,"NET_PROFIT_RATIO":-5.7458402257,"ROE_AVG":-0.362834223777,"GROSS_PROFIT_QOQ":8.56466873256,"ROA":-0.330562165607,"HOLDER_PROFIT_QOQ":27.967997456925,"ROE_YEARLY":-1.45133689511,"ROIC_YEARLY":-2.541078254882,"TOTAL_ASSETS":7642882995,"TOTAL_LIABILITIES":672804660,"TAX_EBT":-22.722549359196,"OCF_SALES":23.499075605722,"TOTAL_PARENT_EQUITY":6970078335,"DEBT_ASSET_RATIO":8.8030218497,"OPERATE_PROFIT":-116123865,"PRETAX_PROFIT":-20483265,"NETCASH_OPERATE":102806550,"NETCASH_INVEST":114903525,"NETCASH_FINANCE":1802130,"END_CASH":3756809595,"DIVI_RATIO":-0.782416640549,"DIVIDEND_RATE":2.789198055893,"CURRENT_RATIO":9.641018657225,"COMMON_ACS":1000000000,"CURRENTDEBT_DEBT":92.92192179525,"ISSUED_COMMON_SHARES":604604449,"HK_COMMON_SHARES":534399149,"PER_SHARES":200,"TOTAL_MARKET_CAP":9951789230.54,"HKSK_MARKET_CAP":8796209992.54,"PE_TTM":-82.034627862413,"PB_TTM":1.293971181363,"REPORT_DATE_SQ":"2023-03-31 00:00:00","REPORT_TYPE_SQ":"2023年一季报","OPERATE_INCOME_SQ":326302674.5,"DPS_HKD":0.459102,"OPERATE_INCOME_QOQ_SQ":-1.71779183569,"NET_PROFIT_RATIO_SQ":-44.3192587133,"HOLDER_PROFIT_SQ":-144614926.5,"HOLDER_PROFIT_QOQ_SQ":20.06164990426,"ROE_AVG_SQ":-2.191227696618,"PE_TTM_SQ":-16.024184753571,"PB_TTM_SQ":1.188481158593,"ROA_SQ":-2.006433553633,"START_DATE":"2024-01-01 00:00:00","FISCAL_YEAR":"12-31","CURRENCY":"HKD","IS_CNY_CODE":0,"DPS_HKD_LY":0.459102,"ORG_TYPE":"一般企业","PREMIUM_INCOME":null,"PREMIUM_INCOME_YOY":null,"NET_INTEREST_INCOME":null,"NET_INTEREST_INCOME_YOY":null,"FEE_COMMISSION_INCOME":null,"FEE_COMMISSION_INCOME_YOY":null,"ACCOUNTS_RECE_TDAYS":4.380181140117,"INVENTORY_TDAYS":0.979572576717,"CURRENT_ASSETS_TDAYS":0.072657815882,"TOTAL_ASSETS_TDAYS":0.057530692226,"PREMIUM_EXPENSE":null,"LOAN_DEPOSIT":null,"LOAN_EQUITY":null,"LOAN_ASSETS":null,"DEPOSIT_EQUITY":null,"DEPOSIT_ASSETS":null,"EQUITY_MULTIPLIER":1.096527560762,"EQUITY_RATIO":0.096527560762},{"SECUCODE":"02391.HK","SECURITY_CODE":"02391","SECURITY_NAME_ABBR":"涂鸦智能-W","ORG_CODE":"10000178402","STD_REPORT_DATE":"2023-12-31 00:00:00","REPORT_DATE":"2023-12-31 00:00:00","DATE_TYPE_CODE":"001","REPORT_TYPE":"2023年年报","PER_NETCASH_OPERATE":0.449213645545,"PER_OI":2.834965462199,"BPS":11.369781907609,"BASIC_EPS":-0.779097,"DILUTED_EPS":-0.779097,"OPERATE_INCOME":1628950173,"OPERATE_INCOME_YOY":10.4807562977,"GROSS_PROFIT":755405368.5,"GROSS_PROFIT_YOY":21.292696960588,"HOLDER_PROFIT":-427193050.5,"HOLDER_PROFIT_YOY":58.7378142637,"GROSS_PROFIT_RATIO":46.373755380669,"EPS_TTM":-0.743471202455,"OPERATE_INCOME_QOQ":9.900776003674,"NET_PROFIT_RATIO":-26.2250532632,"ROE_AVG":-6.241424056724,"GROSS_PROFIT_QOQ":11.372386463171,"ROA":-5.683287798245,"HOLDER_PROFIT_QOQ":14.047136357891,"ROE_YEARLY":-6.241424056724,"ROIC_YEARLY":-8.092225747808,"TOTAL_ASSETS":7552991280,"TOTAL_LIABILITIES":678770554.5,"TAX_EBT":-5.693407633267,"OCF_SALES":15.845471542241,"TOTAL_PARENT_EQUITY":6874220725.5,"DEBT_ASSET_RATIO":8.9867779445,"OPERATE_PROFIT":-749519644.8,"PRETAX_PROFIT":-404181358.2,"NETCASH_OPERATE":258114836.1,"NETCASH_INVEST":2354679028.5,"NETCASH_FINANCE":-15744842.1,"END_CASH":3532057497.6,"DIVI_RATIO":-0.563590374418,"DIVIDEND_RATE":2.789198055893,"CURRENT_RATIO":9.68535654717,"COMMON_ACS":1000000000,"CURRENTDEBT_DEBT":91.338237595868,"ISSUED_COMMON_SHARES":604604449,"HK_COMMON_SHARES":534399149,"PER_SHARES":200,"TOTAL_MARKET_CAP":9951789230.54,"HKSK_MARKET_CAP":8796209992.54,"PE_TTM":-82.034627862413,"PB_TTM":1.293971181363,"REPORT_DATE_SQ":"2022-12-31 00:00:00","REPORT_TYPE_SQ":"2022年年报","OPERATE_INCOME_SQ":1449834711.2,"DPS_HKD":0.459102,"OPERATE_INCOME_QOQ_SQ":-9.920810089012,"NET_PROFIT_RATIO_SQ":-70.2183771112,"HOLDER_PROFIT_SQ":-1018050405,"HOLDER_PROFIT_QOQ_SQ":13.280928023071,"ROE_AVG_SQ":-14.083536786285,"PE_TTM_SQ":-16.024184753571,"PB_TTM_SQ":1.188481158593,"ROA_SQ":-12.687210675397,"START_DATE":"2023-01-01 00:00:00","FISCAL_YEAR":"12-31","CURRENCY":"HKD","IS_CNY_CODE":0,"DPS_HKD_LY":null,"ORG_TYPE":"一般企业","PREMIUM_INCOME":null,"PREMIUM_INCOME_YOY":null,"NET_INTEREST_INCOME":null,"NET_INTEREST_INCOME_YOY":null,"FEE_COMMISSION_INCOME":null,"FEE_COMMISSION_INCOME_YOY":null,"ACCOUNTS_RECE_TDAYS":15.802528514498,"INVENTORY_TDAYS":3.152533708224,"CURRENT_ASSETS_TDAYS":0.245825593053,"TOTAL_ASSETS_TDAYS":0.216712154641,"PREMIUM_EXPENSE":null,"LOAN_DEPOSIT":null,"LOAN_EQUITY":null,"LOAN_ASSETS":null,"DEPOSIT_EQUITY":null,"DEPOSIT_ASSETS":null,"EQUITY_MULTIPLIER":1.09874145472,"EQUITY_RATIO":0.09874145472},{"SECUCODE":"02391.HK","SECURITY_CODE":"02391","SECURITY_NAME_ABBR":"涂鸦智能-W","ORG_CODE":"10000178402","STD_REPORT_DATE":"2023-09-30 00:00:00","REPORT_DATE":"2023-09-30 00:00:00","DATE_TYPE_CODE":"004","REPORT_TYPE":"2023年三季报","PER_NETCASH_OPERATE":0.058394215371,"PER_OI":2.064671319006,"BPS":11.417567400997,"BASIC_EPS":-0.646182,"DILUTED_EPS":-0.646182,"OPERATE_INCOME":1188824104.2,"OPERATE_INCOME_YOY":1.6533035374,"GROSS_PROFIT":547043321.6,"GROSS_PROFIT_YOY":11.285187966362,"HOLDER_PROFIT":-355392920.2,"HOLDER_PROFIT_YOY":59.9019806392,"GROSS_PROFIT_RATIO":46.015497134298,"EPS_TTM":-0.863171617185,"OPERATE_INCOME_QOQ":4.840165142397,"NET_PROFIT_RATIO":-29.8944914512,"ROE_AVG":-5.14641589079,"GROSS_PROFIT_QOQ":6.911174764325,"ROA":-4.702595219977,"HOLDER_PROFIT_QOQ":31.985118844172,"ROE_YEARLY":-6.861887854386,"ROIC_YEARLY":-5.482396996693,"TOTAL_ASSETS":7531890212.2,"TOTAL_LIABILITIES":628778164.8,"TAX_EBT":-4.489994089335,"OCF_SALES":2.82825720653,"TOTAL_PARENT_EQUITY":6903112047.4,"DEBT_ASSET_RATIO":8.3482120302,"OPERATE_PROFIT":-590179560,"PRETAX_PROFIT":-340121485.6,"NETCASH_OPERATE":33623003.4,"NETCASH_INVEST":234722021.6,"NETCASH_FINANCE":-17123823,"END_CASH":1193814065.2,"DIVI_RATIO":-0.485434420013,"DIVIDEND_RATE":2.789198055893,"CURRENT_RATIO":10.632523785996,"COMMON_ACS":1000000000,"CURRENTDEBT_DEBT":90.130857769252,"ISSUED_COMMON_SHARES":604604449,"HK_COMMON_SHARES":534399149,"PER_SHARES":200,"TOTAL_MARKET_CAP":9951789230.54,"HKSK_MARKET_CAP":8796209992.54,"PE_TTM":-82.034627862413,"PB_TTM":1.293971181363,"REPORT_DATE_SQ":"2022-09-30 00:00:00","REPORT_TYPE_SQ":"2022年三季报","OPERATE_INCOME_SQ":1156458022.8,"DPS_HKD":0.459102,"OPERATE_INCOME_QOQ_SQ":-10.717670974537,"NET_PROFIT_RATIO_SQ":-75.7861326326,"HOLDER_PROFIT_SQ":-876434811,"HOLDER_PROFIT_QOQ_SQ":3.759484447964,"ROE_AVG_SQ":-11.806275511961,"PE_TTM_SQ":-16.024184753571,"PB_TTM_SQ":1.188481158593,"ROA_SQ":-10.651199009472,"START_DATE":"2023-01-01 00:00:00","FISCAL_YEAR":"12-31","CURRENCY":"HKD","IS_CNY_CODE":0,"DPS_HKD_LY":null,"ORG_TYPE":"一般企业","PREMIUM_INCOME":null,"PREMIUM_INCOME_YOY":null,"NET_INTEREST_INCOME":null,"NET_INTEREST_INCOME_YOY":null,"FEE_COMMISSION_INCOME":null,"FEE_COMMISSION_INCOME_YOY":null,"ACCOUNTS_RECE_TDAYS":10.471730331394,"INVENTORY_TDAYS":2.285440343633,"CURRENT_ASSETS_TDAYS":0.177791211641,"TOTAL_ASSETS_TDAYS":0.157306413044,"PREMIUM_EXPENSE":null,"LOAN_DEPOSIT":null,"LOAN_EQUITY":null,"LOAN_ASSETS":null,"DEPOSIT_EQUITY":null,"DEPOSIT_ASSETS":null,"EQUITY_MULTIPLIER":1.091086188443,"EQUITY_RATIO":0.091086188444},{"SECUCODE":"02391.HK","SECURITY_CODE":"02391","SECURITY_NAME_ABBR":"涂鸦智能-W","ORG_CODE":"10000178402","STD_REPORT_DATE":"2023-06-30 00:00:00","REPORT_DATE":"2023-06-30 00:00:00","DATE_TYPE_CODE":"002","REPORT_TYPE":"2023年中报","PER_NETCASH_OPERATE":-0.142898799466,"PER_OI":1.311263076963,"BPS":11.380276375704,"BASIC_EPS":-0.578064,"DILUTED_EPS":-0.578064,"OPERATE_INCOME":755016616.2,"OPERATE_INCOME_YOY":-11.3530893943,"GROSS_PROFIT":344446660.2,"GROSS_PROFIT_YOY":3.493898409909,"HOLDER_PROFIT":-322227325.2,"HOLDER_PROFIT_YOY":50.8995617802,"GROSS_PROFIT_RATIO":45.621070160495,"EPS_TTM":-1.269092296445,"OPERATE_INCOME_QOQ":-0.783033150797,"NET_PROFIT_RATIO":-42.6781766502,"ROE_AVG":-4.658823259014,"GROSS_PROFIT_QOQ":1.927316593742,"ROA":-4.256214694793,"HOLDER_PROFIT_QOQ":10.208459245778,"ROE_YEARLY":-9.317646518027,"ROIC_YEARLY":-9.508062151862,"TOTAL_ASSETS":7510048520.4,"TOTAL_LIABILITIES":629482792.8,"TAX_EBT":-4.97893076579,"OCF_SALES":-10.89779785432,"TOTAL_PARENT_EQUITY":6880565727.6,"DEBT_ASSET_RATIO":8.3818738466,"OPERATE_PROFIT":-460377395.4,"PRETAX_PROFIT":-306944758.2,"NETCASH_OPERATE":-82280184.6,"NETCASH_INVEST":-161388243,"NETCASH_FINANCE":-14935728.6,"END_CASH":683141583.6,"DIVI_RATIO":-0.330167643862,"DIVIDEND_RATE":2.789198055893,"CURRENT_RATIO":13.083692069032,"COMMON_ACS":1000000000,"CURRENTDEBT_DEBT":88.795399237798,"ISSUED_COMMON_SHARES":604604449,"HK_COMMON_SHARES":534399149,"PER_SHARES":200,"TOTAL_MARKET_CAP":9951789230.54,"HKSK_MARKET_CAP":8796209992.54,"PE_TTM":-82.034627862413,"PB_TTM":1.293971181363,"REPORT_DATE_SQ":"2022-06-30 00:00:00","REPORT_TYPE_SQ":"2022年中报","OPERATE_INCOME_SQ":791079429.4,"DPS_HKD":0.459102,"OPERATE_INCOME_QOQ_SQ":-5.292271261263,"NET_PROFIT_RATIO_SQ":-77.0520314581,"HOLDER_PROFIT_SQ":-609542770.8,"HOLDER_PROFIT_QOQ_SQ":-1.571573307749,"ROE_AVG_SQ":-8.620163544117,"PE_TTM_SQ":-16.024184753571,"PB_TTM_SQ":1.188481158593,"ROA_SQ":-7.730281916714,"START_DATE":"2023-01-01 00:00:00","FISCAL_YEAR":"12-31","CURRENCY":"HKD","IS_CNY_CODE":0,"DPS_HKD_LY":null,"ORG_TYPE":"一般企业","PREMIUM_INCOME":null,"PREMIUM_INCOME_YOY":null,"NET_INTEREST_INCOME":null,"NET_INTEREST_INCOME_YOY":null,"FEE_COMMISSION_INCOME":null,"FEE_COMMISSION_INCOME_YOY":null,"ACCOUNTS_RECE_TDAYS":6.66426430257,"INVENTORY_TDAYS":1.379076004514,"CURRENT_ASSETS_TDAYS":0.102668936429,"TOTAL_ASSETS_TDAYS":0.099728128727,"PREMIUM_EXPENSE":null,"LOAN_DEPOSIT":null,"LOAN_EQUITY":null,"LOAN_ASSETS":null,"DEPOSIT_EQUITY":null,"DEPOSIT_ASSETS":null,"EQUITY_MULTIPLIER":1.091487069192,"EQUITY_RATIO":0.091487069192},{"SECUCODE":"02391.HK","SECURITY_CODE":"02391","SECURITY_NAME_ABBR":"涂鸦智能-W","ORG_CODE":"10000178402","STD_REPORT_DATE":"2023-03-31 00:00:00","REPORT_DATE":"2023-03-31 00:00:00","DATE_TYPE_CODE":"003","REPORT_TYPE":"2023年一季报","PER_NETCASH_OPERATE":-0.225343744783,"PER_OI":0.566700970291,"BPS":10.895917383168,"BASIC_EPS":-0.274868,"DILUTED_EPS":-0.274868,"OPERATE_INCOME":326302674.5,"OPERATE_INCOME_YOY":-14.1692574651,"GROSS_PROFIT":144498107.6,"GROSS_PROFIT_YOY":-0.253901255619,"HOLDER_PROFIT":-144614926.5,"HOLDER_PROFIT_YOY":61.703637654,"GROSS_PROFIT_RATIO":44.283457934084,"EPS_TTM":-1.4133762332,"OPERATE_INCOME_QOQ":-1.71779183569,"NET_PROFIT_RATIO":-44.3192587133,"ROE_AVG":-2.191227696618,"GROSS_PROFIT_QOQ":-0.059058943718,"ROA":-2.006433553633,"HOLDER_PROFIT_QOQ":20.06164990426,"ROE_YEARLY":-8.764910786473,"ROIC_YEARLY":-8.908992388516,"TOTAL_ASSETS":7157652052.1,"TOTAL_LIABILITIES":569931926.3,"TAX_EBT":-4.800557741148,"OCF_SALES":-39.764136042961,"TOTAL_PARENT_EQUITY":6587720125.8,"DEBT_ASSET_RATIO":7.9625542308,"OPERATE_PROFIT":-221921551.5,"PRETAX_PROFIT":-137990607.7,"NETCASH_OPERATE":-129751439.4,"NETCASH_INVEST":-232428380.8,"NETCASH_FINANCE":-14918460.7,"END_CASH":544547866.5,"DIVI_RATIO":-0.296462614495,"DIVIDEND_RATE":2.789198055893,"CURRENT_RATIO":14.108325885376,"COMMON_ACS":1000000000,"CURRENTDEBT_DEBT":86.338152135907,"ISSUED_COMMON_SHARES":604604449,"HK_COMMON_SHARES":534399149,"PER_SHARES":200,"TOTAL_MARKET_CAP":9951789230.54,"HKSK_MARKET_CAP":8796209992.54,"PE_TTM":-82.034627862413,"PB_TTM":1.293971181363,"REPORT_DATE_SQ":"2022-03-31 00:00:00","REPORT_TYPE_SQ":"2022年一季报","OPERATE_INCOME_SQ":351207816.8,"DPS_HKD":0.459102,"OPERATE_INCOME_QOQ_SQ":-1.167679267564,"NET_PROFIT_RATIO_SQ":-99.3294049599,"HOLDER_PROFIT_SQ":-348852634.6,"HOLDER_PROFIT_QOQ_SQ":-7.376107374239,"ROE_AVG_SQ":-5.0747831676,"PE_TTM_SQ":-16.024184753571,"PB_TTM_SQ":1.188481158593,"ROA_SQ":-4.559720573672,"START_DATE":"2023-01-01 00:00:00","FISCAL_YEAR":"12-31","CURRENCY":"HKD","IS_CNY_CODE":0,"DPS_HKD_LY":null,"ORG_TYPE":"一般企业","PREMIUM_INCOME":null,"PREMIUM_INCOME_YOY":null,"NET_INTEREST_INCOME":null,"NET_INTEREST_INCOME_YOY":null,"FEE_COMMISSION_INCOME":null,"FEE_COMMISSION_INCOME_YOY":null,"ACCOUNTS_RECE_TDAYS":3.049089799981,"INVENTORY_TDAYS":0.604689964117,"CURRENT_ASSETS_TDAYS":0.046699628989,"TOTAL_ASSETS_TDAYS":0.045272272414,"PREMIUM_EXPENSE":null,"LOAN_DEPOSIT":null,"LOAN_EQUITY":null,"LOAN_ASSETS":null,"DEPOSIT_EQUITY":null,"DEPOSIT_ASSETS":null,"EQUITY_MULTIPLIER":1.086514289529,"EQUITY_RATIO":0.086514289529},{"SECUCODE":"02391.HK","SECURITY_CODE":"02391","SECURITY_NAME_ABBR":"涂鸦智能-W","ORG_CODE":"10000178402","STD_REPORT_DATE":"2022-12-31 00:00:00","REPORT_DATE":"2022-12-31 00:00:00","DATE_TYPE_CODE":"001","REPORT_TYPE":"2022年年报","PER_NETCASH_OPERATE":-0.850539753274,"PER_OI":2.505994869626,"BPS":11.083458448385,"BASIC_EPS":-1.810796,"DILUTED_EPS":-1.810796,"OPERATE_INCOME":1449834711.2,"OPERATE_INCOME_YOY":-31.0862167137,"GROSS_PROFIT":622795425.8,"GROSS_PROFIT_YOY":-23.606032686467,"HOLDER_PROFIT":-1018050405,"HOLDER_PROFIT_YOY":16.67331722,"GROSS_PROFIT_RATIO":42.956305362873,"EPS_TTM":-1.759668927942,"OPERATE_INCOME_QOQ":-9.920810089012,"NET_PROFIT_RATIO":-70.2183771112,"ROE_AVG":-14.083536786285,"GROSS_PROFIT_QOQ":-9.391939576731,"ROA":-12.687210675397,"HOLDER_PROFIT_QOQ":13.280928023071,"ROE_YEARLY":-14.083536786285,"ROIC_YEARLY":-24.217397427083,"TOTAL_ASSETS":7355585679.4,"TOTAL_LIABILITIES":654477391.2,"TAX_EBT":-1.302886447902,"OCF_SALES":-33.94020329343,"TOTAL_PARENT_EQUITY":6701108288.2,"DEBT_ASSET_RATIO":8.8976924439,"OPERATE_PROFIT":-1171348215.6,"PRETAX_PROFIT":-1004956957,"NETCASH_OPERATE":-492076848.4,"NETCASH_INVEST":-4974291435,"NETCASH_FINANCE":-268708197.2,"END_CASH":927413100.6,"DIVI_RATIO":-0.238120482044,"DIVIDEND_RATE":2.789198055893,"CURRENT_RATIO":12.590315198937,"COMMON_ACS":1000000000,"CURRENTDEBT_DEBT":86.49597752522,"ISSUED_COMMON_SHARES":604604449,"HK_COMMON_SHARES":534399149,"PER_SHARES":200,"TOTAL_MARKET_CAP":9951789230.54,"HKSK_MARKET_CAP":8796209992.54,"PE_TTM":-82.034627862413,"PB_TTM":1.293971181363,"REPORT_DATE_SQ":"2021-12-31 00:00:00","REPORT_TYPE_SQ":"2021年年报","OPERATE_INCOME_SQ":1925945953.2,"DPS_HKD":0.459102,"OPERATE_INCOME_QOQ_SQ":64.097454004559,"NET_PROFIT_RATIO_SQ":-58.0728028708,"HOLDER_PROFIT_SQ":-1118450796.8,"HOLDER_PROFIT_QOQ_SQ":-156.176337301966,"ROE_AVG_SQ":-27.353135395868,"PE_TTM_SQ":-16.024184753571,"PB_TTM_SQ":1.188481158593,"ROA_SQ":-23.151055808979,"START_DATE":"2022-01-01 00:00:00","FISCAL_YEAR":"12-31","CURRENCY":"HKD","IS_CNY_CODE":0,"DPS_HKD_LY":null,"ORG_TYPE":"一般企业","PREMIUM_INCOME":null,"PREMIUM_INCOME_YOY":null,"NET_INTEREST_INCOME":null,"NET_INTEREST_INCOME_YOY":null,"FEE_COMMISSION_INCOME":null,"FEE_COMMISSION_INCOME_YOY":null,"ACCOUNTS_RECE_TDAYS":8.491097832072,"INVENTORY_TDAYS":2.199829569663,"CURRENT_ASSETS_TDAYS":0.187996752511,"TOTAL_ASSETS_TDAYS":0.180682197415,"PREMIUM_EXPENSE":null,"LOAN_DEPOSIT":null,"LOAN_EQUITY":null,"LOAN_ASSETS":null,"DEPOSIT_EQUITY":null,"DEPOSIT_ASSETS":null,"EQUITY_MULTIPLIER":1.097667037011,"EQUITY_RATIO":0.097667037011},{"SECUCODE":"02391.HK","SECURITY_CODE":"02391","SECURITY_NAME_ABBR":"涂鸦智能-W","ORG_CODE":"10000178402","STD_REPORT_DATE":"2022-09-30 00:00:00","REPORT_DATE":"2022-09-30 00:00:00","DATE_TYPE_CODE":"004","REPORT_TYPE":"2022年三季报","PER_NETCASH_OPERATE":-0.865357313334,"PER_OI":1.998902253952,"BPS":11.478845397977,"BASIC_EPS":-1.561956,"DILUTED_EPS":-1.561956,"OPERATE_INCOME":1156458022.8,"OPERATE_INCOME_YOY":-28.2784918255,"GROSS_PROFIT":491568852.6,"GROSS_PROFIT_YOY":-20.645517703239,"HOLDER_PROFIT":-876434811,"HOLDER_PROFIT_YOY":2.4766945805,"GROSS_PROFIT_RATIO":42.50641552988,"EPS_TTM":-2.02916023872,"OPERATE_INCOME_QOQ":-10.717670974537,"NET_PROFIT_RATIO":-75.7861326326,"ROE_AVG":-11.806275511961,"GROSS_PROFIT_QOQ":-10.31022248106,"ROA":-10.651199009472,"HOLDER_PROFIT_QOQ":3.759484447964,"ROE_YEARLY":-15.741700682614,"ROIC_YEARLY":-23.421454313982,"TOTAL_ASSETS":7595401539,"TOTAL_LIABILITIES":655240542,"TAX_EBT":-0.873537294894,"OCF_SALES":-43.291627273062,"TOTAL_PARENT_EQUITY":6940160997,"DEBT_ASSET_RATIO":8.6268058198,"OPERATE_PROFIT":-961000528.8,"PRETAX_PROFIT":-868845124.8,"NETCASH_OPERATE":-500649496.8,"NETCASH_INVEST":-3897222216,"NETCASH_FINANCE":-249557970,"END_CASH":2129215820.4,"DIVI_RATIO":-0.206495872216,"DIVIDEND_RATE":2.789198055893,"CURRENT_RATIO":13.154881033224,"COMMON_ACS":1000000000,"CURRENTDEBT_DEBT":84.567125365695,"ISSUED_COMMON_SHARES":604604449,"HK_COMMON_SHARES":534399149,"PER_SHARES":200,"TOTAL_MARKET_CAP":9951789230.54,"HKSK_MARKET_CAP":8796209992.54,"PE_TTM":-82.034627862413,"PB_TTM":1.293971181363,"REPORT_DATE_SQ":"2021-09-30 00:00:00","REPORT_TYPE_SQ":"2021年三季报","OPERATE_INCOME_SQ":1472892708.6,"DPS_HKD":0.459102,"OPERATE_INCOME_QOQ_SQ":0,"NET_PROFIT_RATIO_SQ":-55.7353517474,"HOLDER_PROFIT_SQ":-820921932,"HOLDER_PROFIT_QOQ_SQ":0,"ROE_AVG_SQ":null,"PE_TTM_SQ":-16.024184753571,"PB_TTM_SQ":1.188481158593,"ROA_SQ":null,"START_DATE":"2022-01-01 00:00:00","FISCAL_YEAR":"12-31","CURRENCY":"HKD","IS_CNY_CODE":0,"DPS_HKD_LY":null,"ORG_TYPE":"一般企业","PREMIUM_INCOME":null,"PREMIUM_INCOME_YOY":null,"NET_INTEREST_INCOME":null,"NET_INTEREST_INCOME_YOY":null,"FEE_COMMISSION_INCOME":null,"FEE_COMMISSION_INCOME_YOY":null,"ACCOUNTS_RECE_TDAYS":5.919360407014,"INVENTORY_TDAYS":1.722106269711,"CURRENT_ASSETS_TDAYS":0.146878650584,"TOTAL_ASSETS_TDAYS":0.140542849192,"PREMIUM_EXPENSE":null,"LOAN_DEPOSIT":null,"LOAN_EQUITY":null,"LOAN_ASSETS":null,"DEPOSIT_EQUITY":null,"DEPOSIT_ASSETS":null,"EQUITY_MULTIPLIER":1.09441287346,"EQUITY_RATIO":0.09441287346}],"count":17},"success":true,"message":"ok","code":0}