{"version":"7bcc329916be31480c3ae00ae28058ad","result":{"pages":2,"data":[{"SECUCODE":"02392.HK","SECURITY_CODE":"02392","SECURITY_NAME_ABBR":"玄武云","ORG_CODE":"10000245828","STD_REPORT_DATE":"2024-06-30 00:00:00","REPORT_DATE":"2024-06-30 00:00:00","DATE_TYPE_CODE":"002","REPORT_TYPE":"2024年中报","PER_NETCASH_OPERATE":-0.132263588428,"PER_OI":1.155533306384,"BPS":0.580120280265,"BASIC_EPS":-0.012,"DILUTED_EPS":-0.012,"OPERATE_INCOME":647469000,"OPERATE_INCOME_YOY":22.1724912871,"GROSS_PROFIT":101249000,"GROSS_PROFIT_YOY":0.634125493236,"HOLDER_PROFIT":-6444000,"HOLDER_PROFIT_YOY":68.6636841082,"GROSS_PROFIT_RATIO":15.637659872519,"EPS_TTM":-0.103947651389,"OPERATE_INCOME_QOQ":9.171013895523,"NET_PROFIT_RATIO":-0.9483079499,"ROE_AVG":-1.955218695338,"GROSS_PROFIT_QOQ":0.311753294666,"ROA":-0.952949944988,"HOLDER_PROFIT_QOQ":19.512464761484,"ROE_YEARLY":-3.910437390675,"ROIC_YEARLY":-2.432464569025,"TOTAL_ASSETS":661416000,"TOTAL_LIABILITIES":334863000,"TAX_EBT":-3.856562922869,"OCF_SALES":-11.446107844546,"TOTAL_PARENT_EQUITY":323194000,"DEBT_ASSET_RATIO":50.628197685,"OPERATE_PROFIT":-4106000,"PRETAX_PROFIT":-5912000,"NETCASH_OPERATE":-74110000,"NETCASH_INVEST":-9487000,"NETCASH_FINANCE":-14643000,"END_CASH":94074000,"DIVI_RATIO":null,"DIVIDEND_RATE":null,"CURRENT_RATIO":1.90321481627,"COMMON_ACS":1000000000,"CURRENTDEBT_DEBT":97.294714554908,"ISSUED_COMMON_SHARES":557115500,"HK_COMMON_SHARES":557115500,"PER_SHARES":500,"TOTAL_MARKET_CAP":612827050,"HKSK_MARKET_CAP":612827050,"PE_TTM":-9.485175946728,"PB_TTM":1.730585939077,"REPORT_DATE_SQ":"2023-06-30 00:00:00","REPORT_TYPE_SQ":"2023年中报","OPERATE_INCOME_SQ":529963000,"DPS_HKD":null,"OPERATE_INCOME_QOQ_SQ":7.760466484821,"NET_PROFIT_RATIO_SQ":-3.8030956878,"HOLDER_PROFIT_SQ":-20564000,"HOLDER_PROFIT_QOQ_SQ":-48.096759726427,"ROE_AVG_SQ":-5.000863307953,"PE_TTM_SQ":-20.581189367031,"PB_TTM_SQ":2.749467010924,"ROA_SQ":-2.989070792022,"START_DATE":"2024-01-01 00:00:00","FISCAL_YEAR":"12-31","CURRENCY":"HKD","IS_CNY_CODE":0,"DPS_HKD_LY":null,"ORG_TYPE":"一般企业","PREMIUM_INCOME":null,"PREMIUM_INCOME_YOY":null,"NET_INTEREST_INCOME":null,"NET_INTEREST_INCOME_YOY":null,"FEE_COMMISSION_INCOME":null,"FEE_COMMISSION_INCOME_YOY":null,"ACCOUNTS_RECE_TDAYS":1.377911709405,"INVENTORY_TDAYS":null,"CURRENT_ASSETS_TDAYS":1.023996672445,"TOTAL_ASSETS_TDAYS":0.957488435648,"PREMIUM_EXPENSE":null,"LOAN_DEPOSIT":null,"LOAN_EQUITY":null,"LOAN_ASSETS":null,"DEPOSIT_EQUITY":null,"DEPOSIT_ASSETS":null,"EQUITY_MULTIPLIER":2.025447630248,"EQUITY_RATIO":1.036105249479},{"SECUCODE":"02392.HK","SECURITY_CODE":"02392","SECURITY_NAME_ABBR":"玄武云","ORG_CODE":"10000245828","STD_REPORT_DATE":"2023-12-31 00:00:00","REPORT_DATE":"2023-12-31 00:00:00","DATE_TYPE_CODE":"001","REPORT_TYPE":"2023年年报","PER_NETCASH_OPERATE":-0.010370850254,"PER_OI":2.28668413881,"BPS":0.603043713557,"BASIC_EPS":-0.129,"DILUTED_EPS":-0.129,"OPERATE_INCOME":1281276000,"OPERATE_INCOME_YOY":22.8007491053,"GROSS_PROFIT":204649000,"GROSS_PROFIT_YOY":-9.305685429011,"HOLDER_PROFIT":-72364000,"HOLDER_PROFIT_YOY":-102.836640879,"GROSS_PROFIT_RATIO":15.97228075762,"EPS_TTM":-0.129147514681,"OPERATE_INCOME_QOQ":13.957143200199,"NET_PROFIT_RATIO":-5.6014473072,"ROE_AVG":-19.136498685033,"GROSS_PROFIT_QOQ":-5.559401188762,"ROA":-10.597605419183,"HOLDER_PROFIT_QOQ":-36.962240938772,"ROE_YEARLY":-19.136498685033,"ROIC_YEARLY":-14.373607733034,"TOTAL_ASSETS":691016000,"TOTAL_LIABILITIES":351996000,"TAX_EBT":-0.085066030763,"OCF_SALES":-0.453532260028,"TOTAL_PARENT_EQUITY":335965000,"DEBT_ASSET_RATIO":50.938907348,"OPERATE_PROFIT":-68901000,"PRETAX_PROFIT":-71709000,"NETCASH_OPERATE":-5811000,"NETCASH_INVEST":-1197000,"NETCASH_FINANCE":39023000,"END_CASH":192278000,"DIVI_RATIO":null,"DIVIDEND_RATE":null,"CURRENT_RATIO":1.895036282593,"COMMON_ACS":1000000000,"CURRENTDEBT_DEBT":96.622688894192,"ISSUED_COMMON_SHARES":557115500,"HK_COMMON_SHARES":557115500,"PER_SHARES":500,"TOTAL_MARKET_CAP":612827050,"HKSK_MARKET_CAP":612827050,"PE_TTM":-9.485175946728,"PB_TTM":1.730585939077,"REPORT_DATE_SQ":"2022-12-31 00:00:00","REPORT_TYPE_SQ":"2022年年报","OPERATE_INCOME_SQ":1043378000,"DPS_HKD":null,"OPERATE_INCOME_QOQ_SQ":2.290255946715,"NET_PROFIT_RATIO_SQ":-3.3514220158,"HOLDER_PROFIT_SQ":-35676000,"HOLDER_PROFIT_QOQ_SQ":-515.320139697323,"ROE_AVG_SQ":-10.110396483636,"PE_TTM_SQ":-19.619451546142,"PB_TTM_SQ":2.620987244059,"ROA_SQ":-5.836001105824,"START_DATE":"2023-01-01 00:00:00","FISCAL_YEAR":"12-31","CURRENCY":"HKD","IS_CNY_CODE":0,"DPS_HKD_LY":null,"ORG_TYPE":"一般企业","PREMIUM_INCOME":null,"PREMIUM_INCOME_YOY":null,"NET_INTEREST_INCOME":null,"NET_INTEREST_INCOME_YOY":null,"FEE_COMMISSION_INCOME":null,"FEE_COMMISSION_INCOME_YOY":null,"ACCOUNTS_RECE_TDAYS":2.908418181756,"INVENTORY_TDAYS":null,"CURRENT_ASSETS_TDAYS":2.027410829358,"TOTAL_ASSETS_TDAYS":1.876410574467,"PREMIUM_EXPENSE":null,"LOAN_DEPOSIT":null,"LOAN_EQUITY":null,"LOAN_ASSETS":null,"DEPOSIT_EQUITY":null,"DEPOSIT_ASSETS":null,"EQUITY_MULTIPLIER":2.038275028021,"EQUITY_RATIO":1.04771627997},{"SECUCODE":"02392.HK","SECURITY_CODE":"02392","SECURITY_NAME_ABBR":"玄武云","ORG_CODE":"10000245828","STD_REPORT_DATE":"2023-06-30 00:00:00","REPORT_DATE":"2023-06-30 00:00:00","DATE_TYPE_CODE":"002","REPORT_TYPE":"2023年中报","PER_NETCASH_OPERATE":-0.153899420064,"PER_OI":0.945821186268,"BPS":0.721735439061,"BASIC_EPS":-0.037,"DILUTED_EPS":-0.037,"OPERATE_INCOME":529963000,"OPERATE_INCOME_YOY":18.0339516072,"GROSS_PROFIT":100611000,"GROSS_PROFIT_YOY":-8.169803398989,"HOLDER_PROFIT":-20564000,"HOLDER_PROFIT_YOY":-503.9353891336,"GROSS_PROFIT_RATIO":18.984532882484,"EPS_TTM":-0.094294247667,"OPERATE_INCOME_QOQ":7.760466484821,"NET_PROFIT_RATIO":-3.8030956878,"ROE_AVG":-5.000863307953,"GROSS_PROFIT_QOQ":-3.966815424092,"ROA":-2.989070792022,"HOLDER_PROFIT_QOQ":-48.096759726427,"ROE_YEARLY":-10.001726615906,"ROIC_YEARLY":-7.676628913162,"TOTAL_ASSETS":701295000,"TOTAL_LIABILITIES":296335000,"TAX_EBT":2.703355056722,"OCF_SALES":-16.271513294324,"TOTAL_PARENT_EQUITY":402090000,"DEBT_ASSET_RATIO":42.2553989405,"OPERATE_PROFIT":-19612000,"PRETAX_PROFIT":-20715000,"NETCASH_OPERATE":-86233000,"NETCASH_INVEST":38000,"NETCASH_FINANCE":63447000,"END_CASH":138131000,"DIVI_RATIO":null,"DIVIDEND_RATE":null,"CURRENT_RATIO":2.314786229417,"COMMON_ACS":1000000000,"CURRENTDEBT_DEBT":94.660097524761,"ISSUED_COMMON_SHARES":557115500,"HK_COMMON_SHARES":557115500,"PER_SHARES":500,"TOTAL_MARKET_CAP":612827050,"HKSK_MARKET_CAP":612827050,"PE_TTM":-9.485175946728,"PB_TTM":1.730585939077,"REPORT_DATE_SQ":"2022-06-30 00:00:00","REPORT_TYPE_SQ":"2022年中报","OPERATE_INCOME_SQ":448992000,"DPS_HKD":null,"OPERATE_INCOME_QOQ_SQ":2.830410276418,"NET_PROFIT_RATIO_SQ":-0.7594790108,"HOLDER_PROFIT_SQ":-3405000,"HOLDER_PROFIT_QOQ_SQ":-40.811686074554,"ROE_AVG_SQ":-1.200217836894,"PE_TTM_SQ":-19.619451546142,"PB_TTM_SQ":2.620987244059,"ROA_SQ":-0.603355934816,"START_DATE":"2023-01-01 00:00:00","FISCAL_YEAR":"12-31","CURRENCY":"HKD","IS_CNY_CODE":0,"DPS_HKD_LY":null,"ORG_TYPE":"一般企业","PREMIUM_INCOME":null,"PREMIUM_INCOME_YOY":null,"NET_INTEREST_INCOME":null,"NET_INTEREST_INCOME_YOY":null,"FEE_COMMISSION_INCOME":null,"FEE_COMMISSION_INCOME_YOY":null,"ACCOUNTS_RECE_TDAYS":1.127334996091,"INVENTORY_TDAYS":null,"CURRENT_ASSETS_TDAYS":0.835403729156,"TOTAL_ASSETS_TDAYS":0.770325288928,"PREMIUM_EXPENSE":null,"LOAN_DEPOSIT":null,"LOAN_EQUITY":null,"LOAN_ASSETS":null,"DEPOSIT_EQUITY":null,"DEPOSIT_ASSETS":null,"EQUITY_MULTIPLIER":1.731763630975,"EQUITY_RATIO":0.736986744261},{"SECUCODE":"02392.HK","SECURITY_CODE":"02392","SECURITY_NAME_ABBR":"玄武云","ORG_CODE":"10000245828","STD_REPORT_DATE":"2022-12-31 00:00:00","REPORT_DATE":"2022-12-31 00:00:00","DATE_TYPE_CODE":"001","REPORT_TYPE":"2022年年报","PER_NETCASH_OPERATE":-0.255641191068,"PER_OI":1.86210927496,"BPS":0.754471918301,"BASIC_EPS":-0.066,"DILUTED_EPS":-0.066,"OPERATE_INCOME":1043378000,"OPERATE_INCOME_YOY":5.1854898628,"GROSS_PROFIT":225647000,"GROSS_PROFIT_YOY":-2.902423491342,"HOLDER_PROFIT":-35676000,"HOLDER_PROFIT_YOY":-345.8209880797,"GROSS_PROFIT_RATIO":21.626582120765,"EPS_TTM":-0.06367070275,"OPERATE_INCOME_QOQ":2.290255946715,"NET_PROFIT_RATIO":-3.3514220158,"ROE_AVG":-10.110396483636,"GROSS_PROFIT_QOQ":-9.387448599332,"ROA":-5.836001105824,"HOLDER_PROFIT_QOQ":-515.320139697323,"ROE_YEARLY":-10.110396483636,"ROIC_YEARLY":-7.362130304506,"TOTAL_ASSETS":674651000,"TOTAL_LIABILITIES":251862000,"TAX_EBT":3.674728665087,"OCF_SALES":-13.728581587881,"TOTAL_PARENT_EQUITY":420328000,"DEBT_ASSET_RATIO":37.3321910143,"OPERATE_PROFIT":-33352000,"PRETAX_PROFIT":-36302000,"NETCASH_OPERATE":-143241000,"NETCASH_INVEST":20465000,"NETCASH_FINANCE":191928000,"END_CASH":160972000,"DIVI_RATIO":null,"DIVIDEND_RATE":null,"CURRENT_RATIO":2.650594573315,"COMMON_ACS":1000000000,"CURRENTDEBT_DEBT":92.787717083165,"ISSUED_COMMON_SHARES":557115500,"HK_COMMON_SHARES":557115500,"PER_SHARES":500,"TOTAL_MARKET_CAP":612827050,"HKSK_MARKET_CAP":612827050,"PE_TTM":-9.485175946728,"PB_TTM":1.730585939077,"REPORT_DATE_SQ":"2021-12-31 00:00:00","REPORT_TYPE_SQ":"2021年年报","OPERATE_INCOME_SQ":991941000,"DPS_HKD":null,"OPERATE_INCOME_QOQ_SQ":24.496524683657,"NET_PROFIT_RATIO_SQ":1.5475718818,"HOLDER_PROFIT_SQ":14513000,"HOLDER_PROFIT_QOQ_SQ":-47.69713132478,"ROE_AVG_SQ":5.218110399008,"PE_TTM_SQ":-19.619451546142,"PB_TTM_SQ":2.620987244059,"ROA_SQ":2.856310629931,"START_DATE":"2022-01-01 00:00:00","FISCAL_YEAR":"12-31","CURRENCY":"HKD","IS_CNY_CODE":0,"DPS_HKD_LY":null,"ORG_TYPE":"一般企业","PREMIUM_INCOME":null,"PREMIUM_INCOME_YOY":null,"NET_INTEREST_INCOME":null,"NET_INTEREST_INCOME_YOY":null,"FEE_COMMISSION_INCOME":null,"FEE_COMMISSION_INCOME_YOY":null,"ACCOUNTS_RECE_TDAYS":2.565079130943,"INVENTORY_TDAYS":null,"CURRENT_ASSETS_TDAYS":1.889898502304,"TOTAL_ASSETS_TDAYS":1.706793127535,"PREMIUM_EXPENSE":null,"LOAN_DEPOSIT":null,"LOAN_EQUITY":null,"LOAN_ASSETS":null,"DEPOSIT_EQUITY":null,"DEPOSIT_ASSETS":null,"EQUITY_MULTIPLIER":1.595715593357,"EQUITY_RATIO":0.599203479188},{"SECUCODE":"02392.HK","SECURITY_CODE":"02392","SECURITY_NAME_ABBR":"玄武云","ORG_CODE":"10000245828","STD_REPORT_DATE":"2022-06-30 00:00:00","REPORT_DATE":"2022-06-30 00:00:00","DATE_TYPE_CODE":"002","REPORT_TYPE":"2022年中报","PER_NETCASH_OPERATE":-1.43060863613,"PER_OI":8.537105698477,"BPS":0.506171520986,"BASIC_EPS":-0.006,"DILUTED_EPS":-0.006,"OPERATE_INCOME":448992000,"OPERATE_INCOME_YOY":6.6702144846,"GROSS_PROFIT":109562000,"GROSS_PROFIT_YOY":17.897342085441,"HOLDER_PROFIT":-3405000,"HOLDER_PROFIT_YOY":-235.226370135,"GROSS_PROFIT_RATIO":24.401771078327,"EPS_TTM":0.163329720685,"OPERATE_INCOME_QOQ":2.830410276418,"NET_PROFIT_RATIO":-0.7594790108,"ROE_AVG":-1.200217836894,"GROSS_PROFIT_QOQ":7.156872869978,"ROA":-0.603355934816,"HOLDER_PROFIT_QOQ":-40.811686074554,"ROE_YEARLY":-2.400435673787,"ROIC_YEARLY":-1.469309553964,"TOTAL_ASSETS":580720000,"TOTAL_LIABILITIES":296976000,"TAX_EBT":40.217391304348,"OCF_SALES":-16.757536882617,"TOTAL_PARENT_EQUITY":281996000,"DEBT_ASSET_RATIO":51.1392753823,"OPERATE_PROFIT":-4181000,"PRETAX_PROFIT":-5704000,"NETCASH_OPERATE":-75240000,"NETCASH_INVEST":20686000,"NETCASH_FINANCE":76262000,"END_CASH":109964000,"DIVI_RATIO":null,"DIVIDEND_RATE":null,"CURRENT_RATIO":1.8852695019,"COMMON_ACS":1000000000,"CURRENTDEBT_DEBT":92.858682183072,"ISSUED_COMMON_SHARES":557115500,"HK_COMMON_SHARES":557115500,"PER_SHARES":500,"TOTAL_MARKET_CAP":612827050,"HKSK_MARKET_CAP":612827050,"PE_TTM":-9.485175946728,"PB_TTM":1.730585939077,"REPORT_DATE_SQ":"2021-06-30 00:00:00","REPORT_TYPE_SQ":"2021年中报","OPERATE_INCOME_SQ":420916000,"DPS_HKD":null,"OPERATE_INCOME_QOQ_SQ":0,"NET_PROFIT_RATIO_SQ":0.6089100913,"HOLDER_PROFIT_SQ":2518000,"HOLDER_PROFIT_QOQ_SQ":0,"ROE_AVG_SQ":null,"PE_TTM_SQ":-19.619451546142,"PB_TTM_SQ":2.620987244059,"ROA_SQ":null,"START_DATE":"2022-01-01 00:00:00","FISCAL_YEAR":"12-31","CURRENCY":"HKD","IS_CNY_CODE":0,"DPS_HKD_LY":null,"ORG_TYPE":"一般企业","PREMIUM_INCOME":null,"PREMIUM_INCOME_YOY":null,"NET_INTEREST_INCOME":null,"NET_INTEREST_INCOME_YOY":null,"FEE_COMMISSION_INCOME":null,"FEE_COMMISSION_INCOME_YOY":null,"ACCOUNTS_RECE_TDAYS":1.166532647258,"INVENTORY_TDAYS":null,"CURRENT_ASSETS_TDAYS":0.893850833745,"TOTAL_ASSETS_TDAYS":0.795600551792,"PREMIUM_EXPENSE":null,"LOAN_DEPOSIT":null,"LOAN_EQUITY":null,"LOAN_ASSETS":null,"DEPOSIT_EQUITY":null,"DEPOSIT_ASSETS":null,"EQUITY_MULTIPLIER":2.046633585204,"EQUITY_RATIO":1.05312132087},{"SECUCODE":"02392.HK","SECURITY_CODE":"02392","SECURITY_NAME_ABBR":"玄武云","ORG_CODE":"10000245828","STD_REPORT_DATE":"2021-12-31 00:00:00","REPORT_DATE":"2021-12-31 00:00:00","DATE_TYPE_CODE":"001","REPORT_TYPE":"2021年年报","PER_NETCASH_OPERATE":-0.327392195,"PER_OI":18.600935981471,"BPS":0.512283359555,"BASIC_EPS":0.028,"DILUTED_EPS":0.028,"OPERATE_INCOME":991941000,"OPERATE_INCOME_YOY":24.4965246837,"GROSS_PROFIT":232392000,"GROSS_PROFIT_YOY":19.917644084152,"HOLDER_PROFIT":14513000,"HOLDER_PROFIT_YOY":-47.6971313248,"GROSS_PROFIT_RATIO":23.428006302794,"EPS_TTM":0.272148629706,"OPERATE_INCOME_QOQ":24.496524683657,"NET_PROFIT_RATIO":1.5475718818,"ROE_AVG":5.218110399008,"GROSS_PROFIT_QOQ":19.917644084152,"ROA":2.856310629931,"HOLDER_PROFIT_QOQ":-47.69713132478,"ROE_YEARLY":5.218110399008,"ROIC_YEARLY":3.504687849023,"TOTAL_ASSETS":547967000,"TOTAL_LIABILITIES":260813000,"TAX_EBT":-23.004807692308,"OCF_SALES":-1.760084521156,"TOTAL_PARENT_EQUITY":285401000,"DEBT_ASSET_RATIO":47.59647935,"OPERATE_PROFIT":14307000,"PRETAX_PROFIT":12480000,"NETCASH_OPERATE":-17459000,"NETCASH_INVEST":2977000,"NETCASH_FINANCE":5661000,"END_CASH":88256000,"DIVI_RATIO":null,"DIVIDEND_RATE":null,"CURRENT_RATIO":2.049195713289,"COMMON_ACS":1000000000,"CURRENTDEBT_DEBT":90.69524908651,"ISSUED_COMMON_SHARES":557115500,"HK_COMMON_SHARES":557115500,"PER_SHARES":500,"TOTAL_MARKET_CAP":612827050,"HKSK_MARKET_CAP":612827050,"PE_TTM":-9.485175946728,"PB_TTM":1.730585939077,"REPORT_DATE_SQ":"2020-12-31 00:00:00","REPORT_TYPE_SQ":"2020年年报","OPERATE_INCOME_SQ":796762000,"DPS_HKD":null,"OPERATE_INCOME_QOQ_SQ":32.749195686112,"NET_PROFIT_RATIO_SQ":3.6782627686,"HOLDER_PROFIT_SQ":27748000,"HOLDER_PROFIT_QOQ_SQ":92.721211279344,"ROE_AVG_SQ":12.283909353709,"PE_TTM_SQ":-19.619451546142,"PB_TTM_SQ":2.620987244059,"ROA_SQ":6.95756831132,"START_DATE":"2021-01-01 00:00:00","FISCAL_YEAR":"12-31","CURRENCY":"HKD","IS_CNY_CODE":0,"DPS_HKD_LY":null,"ORG_TYPE":"一般企业","PREMIUM_INCOME":null,"PREMIUM_INCOME_YOY":null,"NET_INTEREST_INCOME":null,"NET_INTEREST_INCOME_YOY":null,"FEE_COMMISSION_INCOME":null,"FEE_COMMISSION_INCOME_YOY":null,"ACCOUNTS_RECE_TDAYS":2.967151499742,"INVENTORY_TDAYS":null,"CURRENT_ASSETS_TDAYS":2.157965039757,"TOTAL_ASSETS_TDAYS":1.952243934793,"PREMIUM_EXPENSE":null,"LOAN_DEPOSIT":null,"LOAN_EQUITY":null,"LOAN_ASSETS":null,"DEPOSIT_EQUITY":null,"DEPOSIT_ASSETS":null,"EQUITY_MULTIPLIER":1.908268733849,"EQUITY_RATIO":0.913847533821},{"SECUCODE":"02392.HK","SECURITY_CODE":"02392","SECURITY_NAME_ABBR":"玄武云","ORG_CODE":"10000245828","STD_REPORT_DATE":"2021-06-30 00:00:00","REPORT_DATE":"2021-06-30 00:00:00","DATE_TYPE_CODE":"002","REPORT_TYPE":"2021年中报","PER_NETCASH_OPERATE":null,"PER_OI":null,"BPS":null,"BASIC_EPS":0.005,"DILUTED_EPS":0.005,"OPERATE_INCOME":420916000,"OPERATE_INCOME_YOY":null,"GROSS_PROFIT":92930000,"GROSS_PROFIT_YOY":null,"HOLDER_PROFIT":2518000,"HOLDER_PROFIT_YOY":null,"GROSS_PROFIT_RATIO":22.078039323761,"EPS_TTM":0.000344252895,"OPERATE_INCOME_QOQ":0,"NET_PROFIT_RATIO":0.6089100913,"ROE_AVG":null,"GROSS_PROFIT_QOQ":0,"ROA":null,"HOLDER_PROFIT_QOQ":0,"ROE_YEARLY":null,"ROIC_YEARLY":null,"TOTAL_ASSETS":null,"TOTAL_LIABILITIES":null,"TAX_EBT":-562.273901808785,"OCF_SALES":-13.008058615021,"TOTAL_PARENT_EQUITY":null,"DEBT_ASSET_RATIO":null,"OPERATE_PROFIT":1098000,"PRETAX_PROFIT":387000,"NETCASH_OPERATE":-54753000,"NETCASH_INVEST":-16563000,"NETCASH_FINANCE":23945000,"END_CASH":49706000,"DIVI_RATIO":null,"DIVIDEND_RATE":null,"CURRENT_RATIO":null,"COMMON_ACS":1000000000,"CURRENTDEBT_DEBT":null,"ISSUED_COMMON_SHARES":557115500,"HK_COMMON_SHARES":557115500,"PER_SHARES":500,"TOTAL_MARKET_CAP":612827050,"HKSK_MARKET_CAP":612827050,"PE_TTM":-9.485175946728,"PB_TTM":1.730585939077,"REPORT_DATE_SQ":"2020-06-30 00:00:00","REPORT_TYPE_SQ":"2020年中报","OPERATE_INCOME_SQ":null,"DPS_HKD":null,"OPERATE_INCOME_QOQ_SQ":0,"NET_PROFIT_RATIO_SQ":null,"HOLDER_PROFIT_SQ":null,"HOLDER_PROFIT_QOQ_SQ":0,"ROE_AVG_SQ":null,"PE_TTM_SQ":-19.619451546142,"PB_TTM_SQ":2.620987244059,"ROA_SQ":null,"START_DATE":"2021-01-01 00:00:00","FISCAL_YEAR":"12-31","CURRENCY":"HKD","IS_CNY_CODE":0,"DPS_HKD_LY":null,"ORG_TYPE":"一般企业","PREMIUM_INCOME":null,"PREMIUM_INCOME_YOY":null,"NET_INTEREST_INCOME":null,"NET_INTEREST_INCOME_YOY":null,"FEE_COMMISSION_INCOME":null,"FEE_COMMISSION_INCOME_YOY":null,"ACCOUNTS_RECE_TDAYS":null,"INVENTORY_TDAYS":null,"CURRENT_ASSETS_TDAYS":1.937013780393,"TOTAL_ASSETS_TDAYS":1.797868182702,"PREMIUM_EXPENSE":null,"LOAN_DEPOSIT":null,"LOAN_EQUITY":null,"LOAN_ASSETS":null,"DEPOSIT_EQUITY":null,"DEPOSIT_ASSETS":null,"EQUITY_MULTIPLIER":null,"EQUITY_RATIO":null},{"SECUCODE":"02392.HK","SECURITY_CODE":"02392","SECURITY_NAME_ABBR":"玄武云","ORG_CODE":"10000245828","STD_REPORT_DATE":"2020-12-31 00:00:00","REPORT_DATE":"2020-12-31 00:00:00","DATE_TYPE_CODE":"001","REPORT_TYPE":"2020年年报","PER_NETCASH_OPERATE":0.000458404217,"PER_OI":0.009884951179,"BPS":0.486172077424,"BASIC_EPS":0.528,"DILUTED_EPS":0.528,"OPERATE_INCOME":796762000,"OPERATE_INCOME_YOY":32.7491956861,"GROSS_PROFIT":193793000,"GROSS_PROFIT_YOY":-1.474879762474,"HOLDER_PROFIT":27748000,"HOLDER_PROFIT_YOY":92.7212112793,"GROSS_PROFIT_RATIO":24.322570604522,"EPS_TTM":0.000344252895,"OPERATE_INCOME_QOQ":32.749195686112,"NET_PROFIT_RATIO":3.6782627686,"ROE_AVG":12.283909353709,"GROSS_PROFIT_QOQ":-1.474879762474,"ROA":6.95756831132,"HOLDER_PROFIT_QOQ":92.721211279344,"ROE_YEARLY":12.283909353709,"ROIC_YEARLY":8.444090764542,"TOTAL_ASSETS":468239000,"TOTAL_LIABILITIES":196470000,"TAX_EBT":-7.124058776226,"OCF_SALES":4.637394855678,"TOTAL_PARENT_EQUITY":270854000,"DEBT_ASSET_RATIO":41.9593412766,"OPERATE_PROFIT":null,"PRETAX_PROFIT":27358000,"NETCASH_OPERATE":36949000,"NETCASH_INVEST":-33593000,"NETCASH_FINANCE":50651000,"END_CASH":97077000,"DIVI_RATIO":null,"DIVIDEND_RATE":null,"CURRENT_RATIO":2.216367141284,"COMMON_ACS":1000000000,"CURRENTDEBT_DEBT":99.805568280145,"ISSUED_COMMON_SHARES":557115500,"HK_COMMON_SHARES":557115500,"PER_SHARES":500,"TOTAL_MARKET_CAP":612827050,"HKSK_MARKET_CAP":612827050,"PE_TTM":-9.485175946728,"PB_TTM":1.730585939077,"REPORT_DATE_SQ":"2019-12-31 00:00:00","REPORT_TYPE_SQ":"2019年年报","OPERATE_INCOME_SQ":600201000,"DPS_HKD":null,"OPERATE_INCOME_QOQ_SQ":15.682442394981,"NET_PROFIT_RATIO_SQ":2.2455810637,"HOLDER_PROFIT_SQ":14398000,"HOLDER_PROFIT_QOQ_SQ":-52.025856324137,"ROE_AVG_SQ":7.604731433823,"PE_TTM_SQ":-19.619451546142,"PB_TTM_SQ":2.620987244059,"ROA_SQ":4.474158919962,"START_DATE":"2020-01-01 00:00:00","FISCAL_YEAR":"12-31","CURRENCY":"HKD","IS_CNY_CODE":0,"DPS_HKD_LY":null,"ORG_TYPE":"一般企业","PREMIUM_INCOME":null,"PREMIUM_INCOME_YOY":null,"NET_INTEREST_INCOME":null,"NET_INTEREST_INCOME_YOY":null,"FEE_COMMISSION_INCOME":null,"FEE_COMMISSION_INCOME_YOY":null,"ACCOUNTS_RECE_TDAYS":2.951680960231,"INVENTORY_TDAYS":null,"CURRENT_ASSETS_TDAYS":2.194465101163,"TOTAL_ASSETS_TDAYS":1.997811028854,"PREMIUM_EXPENSE":null,"LOAN_DEPOSIT":null,"LOAN_EQUITY":null,"LOAN_ASSETS":null,"DEPOSIT_EQUITY":null,"DEPOSIT_ASSETS":null,"EQUITY_MULTIPLIER":1.72293013552,"EQUITY_RATIO":0.725372340818},{"SECUCODE":"02392.HK","SECURITY_CODE":"02392","SECURITY_NAME_ABBR":"玄武云","ORG_CODE":"10000245828","STD_REPORT_DATE":"2019-12-31 00:00:00","REPORT_DATE":"2019-12-31 00:00:00","DATE_TYPE_CODE":"001","REPORT_TYPE":"2019年年报","PER_NETCASH_OPERATE":-0.000556591961,"PER_OI":0.008374076951,"BPS":0.324751330738,"BASIC_EPS":0.274,"DILUTED_EPS":0.274,"OPERATE_INCOME":600201000,"OPERATE_INCOME_YOY":15.682442395,"GROSS_PROFIT":196694000,"GROSS_PROFIT_YOY":6.033929736228,"HOLDER_PROFIT":14398000,"HOLDER_PROFIT_YOY":-52.0258563241,"GROSS_PROFIT_RATIO":32.771354929432,"EPS_TTM":0.000200882638,"OPERATE_INCOME_QOQ":15.682442394981,"NET_PROFIT_RATIO":2.2455810637,"ROE_AVG":7.604731433823,"GROSS_PROFIT_QOQ":6.033929736228,"ROA":4.474158919962,"HOLDER_PROFIT_QOQ":-52.025856324137,"ROE_YEARLY":7.604731433823,"ROIC_YEARLY":5.466968657388,"TOTAL_ASSETS":329396000,"TOTAL_LIABILITIES":149116000,"TAX_EBT":-27.379264719781,"OCF_SALES":-6.646606720082,"TOTAL_PARENT_EQUITY":180924000,"DEBT_ASSET_RATIO":45.2695236129,"OPERATE_PROFIT":null,"PRETAX_PROFIT":10581000,"NETCASH_OPERATE":-39893000,"NETCASH_INVEST":23209000,"NETCASH_FINANCE":-14424000,"END_CASH":43070000,"DIVI_RATIO":null,"DIVIDEND_RATE":null,"CURRENT_RATIO":2.042045175976,"COMMON_ACS":1000000000,"CURRENTDEBT_DEBT":95.747605890716,"ISSUED_COMMON_SHARES":557115500,"HK_COMMON_SHARES":557115500,"PER_SHARES":500,"TOTAL_MARKET_CAP":612827050,"HKSK_MARKET_CAP":612827050,"PE_TTM":-9.485175946728,"PB_TTM":1.730585939077,"REPORT_DATE_SQ":"2018-12-31 00:00:00","REPORT_TYPE_SQ":"2018年年报","OPERATE_INCOME_SQ":518835000,"DPS_HKD":null,"OPERATE_INCOME_QOQ_SQ":null,"NET_PROFIT_RATIO_SQ":5.7444081452,"HOLDER_PROFIT_SQ":30012000,"HOLDER_PROFIT_QOQ_SQ":null,"ROE_AVG_SQ":15.177889599717,"PE_TTM_SQ":-19.619451546142,"PB_TTM_SQ":2.620987244059,"ROA_SQ":9.551543389633,"START_DATE":"2019-01-01 00:00:00","FISCAL_YEAR":"12-31","CURRENCY":"HKD","IS_CNY_CODE":0,"DPS_HKD_LY":null,"ORG_TYPE":"一般企业","PREMIUM_INCOME":null,"PREMIUM_INCOME_YOY":null,"NET_INTEREST_INCOME":null,"NET_INTEREST_INCOME_YOY":null,"FEE_COMMISSION_INCOME":null,"FEE_COMMISSION_INCOME_YOY":null,"ACCOUNTS_RECE_TDAYS":2.926553479482,"INVENTORY_TDAYS":null,"CURRENT_ASSETS_TDAYS":2.123883565231,"TOTAL_ASSETS_TDAYS":1.865116445284,"PREMIUM_EXPENSE":null,"LOAN_DEPOSIT":null,"LOAN_EQUITY":null,"LOAN_ASSETS":null,"DEPOSIT_EQUITY":null,"DEPOSIT_ASSETS":null,"EQUITY_MULTIPLIER":1.827135566895,"EQUITY_RATIO":0.824191373173}],"count":10},"success":true,"message":"ok","code":0}