{"version":"e94a8586363f8f1a636947ea8623d8df","result":{"pages":3,"data":[{"SECUCODE":"02393.HK","SECURITY_CODE":"02393","SECURITY_NAME_ABBR":"巨星医疗控股","ORG_CODE":"10337382","STD_REPORT_DATE":"2024-06-30 00:00:00","REPORT_DATE":"2024-06-30 00:00:00","DATE_TYPE_CODE":"002","REPORT_TYPE":"2024年中报","PER_NETCASH_OPERATE":-0.022033462144,"PER_OI":0.546316033265,"BPS":0.265291496361,"BASIC_EPS":0.47,"DILUTED_EPS":0.47,"OPERATE_INCOME":1273785000,"OPERATE_INCOME_YOY":-13.5055908314,"GROSS_PROFIT":217640000,"GROSS_PROFIT_YOY":-28.470953238592,"HOLDER_PROFIT":1089239000,"HOLDER_PROFIT_YOY":30014.4318495991,"GROSS_PROFIT_RATIO":17.086085956421,"EPS_TTM":0.459658001621,"OPERATE_INCOME_QOQ":-6.828432266191,"NET_PROFIT_RATIO":85.8120483441,"ROE_AVG":1352.67184104315,"GROSS_PROFIT_QOQ":-16.893728719027,"ROA":41.377000992792,"HOLDER_PROFIT_QOQ":7816.97868663595,"ROE_YEARLY":2705.34368208631,"ROIC_YEARLY":90.573974967487,"TOTAL_ASSETS":1838762000,"TOTAL_LIABILITIES":1160715000,"TAX_EBT":1.779878686317,"OCF_SALES":-4.033098207311,"TOTAL_PARENT_EQUITY":618551000,"DEBT_ASSET_RATIO":63.1248089747,"OPERATE_PROFIT":1133563000,"PRETAX_PROFIT":1112323000,"NETCASH_OPERATE":-51373000,"NETCASH_INVEST":411248000,"NETCASH_FINANCE":-430194000,"END_CASH":132880000,"DIVI_RATIO":null,"DIVIDEND_RATE":null,"CURRENT_RATIO":1.241167949784,"COMMON_ACS":4000000000,"CURRENTDEBT_DEBT":89.928363121007,"ISSUED_COMMON_SHARES":2331590000,"HK_COMMON_SHARES":2331590000,"PER_SHARES":2500,"TOTAL_MARKET_CAP":149221760,"HKSK_MARKET_CAP":149221760,"PE_TTM":0.127083456048,"PB_TTM":0.220178636712,"REPORT_DATE_SQ":"2023-06-30 00:00:00","REPORT_TYPE_SQ":"2023年中报","OPERATE_INCOME_SQ":1472679000,"DPS_HKD":null,"OPERATE_INCOME_QOQ_SQ":9.244076943033,"NET_PROFIT_RATIO_SQ":0.491705043,"HOLDER_PROFIT_SQ":3617000,"HOLDER_PROFIT_QOQ_SQ":17.022329455208,"ROE_AVG_SQ":-0.82917352009,"PE_TTM_SQ":-0.168439555525,"PB_TTM_SQ":-0.306059626852,"ROA_SQ":0.105691905029,"START_DATE":"2024-01-01 00:00:00","FISCAL_YEAR":"12-31","CURRENCY":"HKD","IS_CNY_CODE":0,"DPS_HKD_LY":null,"ORG_TYPE":"一般企业","PREMIUM_INCOME":null,"PREMIUM_INCOME_YOY":null,"NET_INTEREST_INCOME":null,"NET_INTEREST_INCOME_YOY":null,"FEE_COMMISSION_INCOME":null,"FEE_COMMISSION_INCOME_YOY":null,"ACCOUNTS_RECE_TDAYS":1.888928845505,"INVENTORY_TDAYS":3.276021173343,"CURRENT_ASSETS_TDAYS":0.612012655521,"TOTAL_ASSETS_TDAYS":0.483873632964,"PREMIUM_EXPENSE":null,"LOAN_DEPOSIT":null,"LOAN_EQUITY":null,"LOAN_ASSETS":null,"DEPOSIT_EQUITY":null,"DEPOSIT_ASSETS":null,"EQUITY_MULTIPLIER":2.711850358453,"EQUITY_RATIO":1.876506545135},{"SECUCODE":"02393.HK","SECURITY_CODE":"02393","SECURITY_NAME_ABBR":"巨星医疗控股","ORG_CODE":"10337382","STD_REPORT_DATE":"2023-12-31 00:00:00","REPORT_DATE":"2023-12-31 00:00:00","DATE_TYPE_CODE":"001","REPORT_TYPE":"2023年年报","PER_NETCASH_OPERATE":0.166268083154,"PER_OI":1.24924750921,"BPS":-0.196218460364,"BASIC_EPS":-0.004,"DILUTED_EPS":-0.004,"OPERATE_INCOME":2912733000,"OPERATE_INCOME_YOY":3.8583731143,"GROSS_PROFIT":512782000,"GROSS_PROFIT_YOY":28.984887511571,"HOLDER_PROFIT":-13888000,"HOLDER_PROFIT_YOY":98.6003273428,"GROSS_PROFIT_RATIO":17.604840539795,"EPS_TTM":-0.005956450319,"OPERATE_INCOME_QOQ":-37.907012290337,"NET_PROFIT_RATIO":-0.0436359941,"ROE_AVG":3.20602052241,"GROSS_PROFIT_QOQ":-44.190698631166,"ROA":-0.408721110233,"HOLDER_PROFIT_QOQ":98.313193600144,"ROE_YEARLY":3.20602052241,"ROIC_YEARLY":-0.450007395895,"TOTAL_ASSETS":3426187000,"TOTAL_LIABILITIES":3824629000,"TAX_EBT":96.398635477583,"OCF_SALES":13.309458848442,"TOTAL_PARENT_EQUITY":-457501000,"DEBT_ASSET_RATIO":111.6293127024,"OPERATE_PROFIT":205749000,"PRETAX_PROFIT":41040000,"NETCASH_OPERATE":387669000,"NETCASH_INVEST":-89819000,"NETCASH_FINANCE":-234371000,"END_CASH":203130000,"DIVI_RATIO":null,"DIVIDEND_RATE":null,"CURRENT_RATIO":0.770428046932,"COMMON_ACS":4000000000,"CURRENTDEBT_DEBT":97.300705506338,"ISSUED_COMMON_SHARES":2331590000,"HK_COMMON_SHARES":2331590000,"PER_SHARES":2500,"TOTAL_MARKET_CAP":156216530,"HKSK_MARKET_CAP":156216530,"PE_TTM":0.13304049305,"PB_TTM":0.230499510308,"REPORT_DATE_SQ":"2022-12-31 00:00:00","REPORT_TYPE_SQ":"2022年年报","OPERATE_INCOME_SQ":2804524000,"DPS_HKD":null,"OPERATE_INCOME_QOQ_SQ":-6.123037927195,"NET_PROFIT_RATIO_SQ":-23.7680083428,"HOLDER_PROFIT_SQ":-992232000,"HOLDER_PROFIT_QOQ_SQ":-262.310944928468,"ROE_AVG_SQ":-572.954994283339,"PE_TTM_SQ":-0.357296026872,"PB_TTM_SQ":-0.649217390292,"ROA_SQ":-25.029419087482,"START_DATE":"2023-01-01 00:00:00","FISCAL_YEAR":"12-31","CURRENCY":"HKD","IS_CNY_CODE":0,"DPS_HKD_LY":null,"ORG_TYPE":"一般企业","PREMIUM_INCOME":null,"PREMIUM_INCOME_YOY":null,"NET_INTEREST_INCOME":null,"NET_INTEREST_INCOME_YOY":null,"FEE_COMMISSION_INCOME":null,"FEE_COMMISSION_INCOME_YOY":null,"ACCOUNTS_RECE_TDAYS":2.578080149973,"INVENTORY_TDAYS":6.819495631171,"CURRENT_ASSETS_TDAYS":1.085840320988,"TOTAL_ASSETS_TDAYS":0.857211596755,"PREMIUM_EXPENSE":null,"LOAN_DEPOSIT":null,"LOAN_EQUITY":null,"LOAN_ASSETS":null,"DEPOSIT_EQUITY":null,"DEPOSIT_ASSETS":null,"EQUITY_MULTIPLIER":-8.598960450979,"EQUITY_RATIO":-8.359826535898},{"SECUCODE":"02393.HK","SECURITY_CODE":"02393","SECURITY_NAME_ABBR":"巨星医疗控股","ORG_CODE":"10337382","STD_REPORT_DATE":"2023-06-30 00:00:00","REPORT_DATE":"2023-06-30 00:00:00","DATE_TYPE_CODE":"002","REPORT_TYPE":"2023年中报","PER_NETCASH_OPERATE":0.046552352686,"PER_OI":0.631620053268,"BPS":-0.198819689568,"BASIC_EPS":0.0006,"DILUTED_EPS":0.0006,"OPERATE_INCOME":1472679000,"OPERATE_INCOME_YOY":20.1895361441,"GROSS_PROFIT":304268000,"GROSS_PROFIT_YOY":3.434818672577,"HOLDER_PROFIT":3617000,"HOLDER_PROFIT_YOY":102.1883545897,"GROSS_PROFIT_RATIO":21.34005811252,"EPS_TTM":-0.353119973923,"OPERATE_INCOME_QOQ":9.244076943033,"NET_PROFIT_RATIO":0.491705043,"ROE_AVG":-0.82917352009,"GROSS_PROFIT_QOQ":29.645736120185,"ROA":0.105691905029,"HOLDER_PROFIT_QOQ":17.022329455208,"ROE_YEARLY":-1.658347040181,"ROIC_YEARLY":0.235838061342,"TOTAL_ASSETS":3474777000,"TOTAL_LIABILITIES":3871922000,"TAX_EBT":75.64345491868,"OCF_SALES":4.593352015783,"TOTAL_PARENT_EQUITY":-463566000,"DEBT_ASSET_RATIO":111.4293665464,"OPERATE_PROFIT":127300000,"PRETAX_PROFIT":37998000,"NETCASH_OPERATE":108541000,"NETCASH_INVEST":-58430000,"NETCASH_FINANCE":-63035000,"END_CASH":281983000,"DIVI_RATIO":null,"DIVIDEND_RATE":null,"CURRENT_RATIO":0.704837921044,"COMMON_ACS":4000000000,"CURRENTDEBT_DEBT":95.183374045242,"ISSUED_COMMON_SHARES":2331590000,"HK_COMMON_SHARES":2331590000,"PER_SHARES":2500,"TOTAL_MARKET_CAP":156216530,"HKSK_MARKET_CAP":156216530,"PE_TTM":0.13304049305,"PB_TTM":0.230499510308,"REPORT_DATE_SQ":"2022-06-30 00:00:00","REPORT_TYPE_SQ":"2022年中报","OPERATE_INCOME_SQ":1966063000,"DPS_HKD":null,"OPERATE_INCOME_QOQ_SQ":-7.233041528451,"NET_PROFIT_RATIO_SQ":-9.3616532125,"HOLDER_PROFIT_SQ":-165284000,"HOLDER_PROFIT_QOQ_SQ":-8331.49984971446,"ROE_AVG_SQ":-26.147318730759,"PE_TTM_SQ":-0.357296026872,"PB_TTM_SQ":-0.649217390292,"ROA_SQ":-3.778244281309,"START_DATE":"2023-01-01 00:00:00","FISCAL_YEAR":"12-31","CURRENCY":"HKD","IS_CNY_CODE":0,"DPS_HKD_LY":null,"ORG_TYPE":"一般企业","PREMIUM_INCOME":null,"PREMIUM_INCOME_YOY":null,"NET_INTEREST_INCOME":null,"NET_INTEREST_INCOME_YOY":null,"FEE_COMMISSION_INCOME":null,"FEE_COMMISSION_INCOME_YOY":null,"ACCOUNTS_RECE_TDAYS":0.912086761888,"INVENTORY_TDAYS":4.439944152427,"CURRENT_ASSETS_TDAYS":0.927485456781,"TOTAL_ASSETS_TDAYS":0.690489861671,"PREMIUM_EXPENSE":null,"LOAN_DEPOSIT":null,"LOAN_EQUITY":null,"LOAN_ASSETS":null,"DEPOSIT_EQUITY":null,"DEPOSIT_ASSETS":null,"EQUITY_MULTIPLIER":-8.749391280263,"EQUITY_RATIO":-8.35247192417},{"SECUCODE":"02393.HK","SECURITY_CODE":"02393","SECURITY_NAME_ABBR":"巨星医疗控股","ORG_CODE":"10337382","STD_REPORT_DATE":"2022-12-31 00:00:00","REPORT_DATE":"2022-12-31 00:00:00","DATE_TYPE_CODE":"001","REPORT_TYPE":"2022年年报","PER_NETCASH_OPERATE":-0.039340964749,"PER_OI":1.202837548626,"BPS":-0.175360590841,"BASIC_EPS":-0.197,"DILUTED_EPS":-0.197,"OPERATE_INCOME":2804524000,"OPERATE_INCOME_YOY":-12.9131975796,"GROSS_PROFIT":397552000,"GROSS_PROFIT_YOY":-53.157259086009,"HOLDER_PROFIT":-992232000,"HOLDER_PROFIT_YOY":-29923.6248872858,"GROSS_PROFIT_RATIO":16.50470355954,"EPS_TTM":-0.425560240008,"OPERATE_INCOME_QOQ":-6.123037927195,"NET_PROFIT_RATIO":-23.7680083428,"ROE_AVG":-572.954994283339,"GROSS_PROFIT_QOQ":1.856299215428,"ROA":-25.029419087482,"HOLDER_PROFIT_QOQ":-262.310944928468,"ROE_YEARLY":-572.954994283339,"ROIC_YEARLY":-28.738448295487,"TOTAL_ASSETS":3369645000,"TOTAL_LIABILITIES":3711504000,"TAX_EBT":2.233805989546,"OCF_SALES":-2.13617569892,"TOTAL_PARENT_EQUITY":-408869000,"DEBT_ASSET_RATIO":110.1452526898,"OPERATE_PROFIT":-211643000,"PRETAX_PROFIT":-484778000,"NETCASH_OPERATE":-91727000,"NETCASH_INVEST":-18722000,"NETCASH_FINANCE":-180856000,"END_CASH":294290000,"DIVI_RATIO":null,"DIVIDEND_RATE":null,"CURRENT_RATIO":0.713722332578,"COMMON_ACS":4000000000,"CURRENTDEBT_DEBT":94.295573977557,"ISSUED_COMMON_SHARES":2331590000,"HK_COMMON_SHARES":2331590000,"PER_SHARES":2500,"TOTAL_MARKET_CAP":156216530,"HKSK_MARKET_CAP":156216530,"PE_TTM":0.13304049305,"PB_TTM":0.230499510308,"REPORT_DATE_SQ":"2021-12-31 00:00:00","REPORT_TYPE_SQ":"2021年年报","OPERATE_INCOME_SQ":4930692000,"DPS_HKD":null,"OPERATE_INCOME_QOQ_SQ":2.140506554097,"NET_PROFIT_RATIO_SQ":0.2571444333,"HOLDER_PROFIT_SQ":3327000,"HOLDER_PROFIT_QOQ_SQ":-97.942142472769,"ROE_AVG_SQ":0.440002830196,"PE_TTM_SQ":-0.357296026872,"PB_TTM_SQ":-0.649217390292,"ROA_SQ":0.072215126844,"START_DATE":"2022-01-01 00:00:00","FISCAL_YEAR":"12-31","CURRENCY":"HKD","IS_CNY_CODE":0,"DPS_HKD_LY":null,"ORG_TYPE":"一般企业","PREMIUM_INCOME":null,"PREMIUM_INCOME_YOY":null,"NET_INTEREST_INCOME":null,"NET_INTEREST_INCOME_YOY":null,"FEE_COMMISSION_INCOME":null,"FEE_COMMISSION_INCOME_YOY":null,"ACCOUNTS_RECE_TDAYS":1.774985981243,"INVENTORY_TDAYS":9.25527910867,"CURRENT_ASSETS_TDAYS":1.613777220391,"TOTAL_ASSETS_TDAYS":1.083172836918,"PREMIUM_EXPENSE":null,"LOAN_DEPOSIT":null,"LOAN_EQUITY":null,"LOAN_ASSETS":null,"DEPOSIT_EQUITY":null,"DEPOSIT_ASSETS":null,"EQUITY_MULTIPLIER":-9.856826937444,"EQUITY_RATIO":-9.07748936701},{"SECUCODE":"02393.HK","SECURITY_CODE":"02393","SECURITY_NAME_ABBR":"巨星医疗控股","ORG_CODE":"10337382","STD_REPORT_DATE":"2022-06-30 00:00:00","REPORT_DATE":"2022-06-30 00:00:00","DATE_TYPE_CODE":"002","REPORT_TYPE":"2022年中报","PER_NETCASH_OPERATE":-0.06818480093,"PER_OI":0.843228440678,"BPS":0.218317542964,"BASIC_EPS":-0.0709,"DILUTED_EPS":-0.0709,"OPERATE_INCOME":1966063000,"OPERATE_INCOME_YOY":-15.3544880058,"GROSS_PROFIT":294164000,"GROSS_PROFIT_YOY":-34.201214138405,"HOLDER_PROFIT":-165284000,"HOLDER_PROFIT_YOY":-247.7002814888,"GROSS_PROFIT_RATIO":14.962084124466,"EPS_TTM":-0.117457185869,"OPERATE_INCOME_QOQ":-7.233041528451,"NET_PROFIT_RATIO":-9.3616532125,"ROE_AVG":-26.147318730759,"GROSS_PROFIT_QOQ":-18.016130647641,"ROA":-3.778244281309,"HOLDER_PROFIT_QOQ":-8331.49984971446,"ROE_YEARLY":-52.294637461519,"ROIC_YEARLY":-8.636479779119,"TOTAL_ASSETS":4190368000,"TOTAL_LIABILITIES":3604621000,"TAX_EBT":11.616918289732,"OCF_SALES":-8.086160006063,"TOTAL_PARENT_EQUITY":509027000,"DEBT_ASSET_RATIO":86.0215856937,"OPERATE_PROFIT":-113085000,"PRETAX_PROFIT":-208248000,"NETCASH_OPERATE":-158979000,"NETCASH_INVEST":-8991000,"NETCASH_FINANCE":-62064000,"END_CASH":355405000,"DIVI_RATIO":null,"DIVIDEND_RATE":null,"CURRENT_RATIO":1.300612744055,"COMMON_ACS":4000000000,"CURRENTDEBT_DEBT":55.385267965758,"ISSUED_COMMON_SHARES":2331590000,"HK_COMMON_SHARES":2331590000,"PER_SHARES":2500,"TOTAL_MARKET_CAP":156216530,"HKSK_MARKET_CAP":156216530,"PE_TTM":0.13304049305,"PB_TTM":0.230499510308,"REPORT_DATE_SQ":"2021-06-30 00:00:00","REPORT_TYPE_SQ":"2021年中报","OPERATE_INCOME_SQ":2322702000,"DPS_HKD":null,"OPERATE_INCOME_QOQ_SQ":17.541633207027,"NET_PROFIT_RATIO_SQ":5.2041544718,"HOLDER_PROFIT_SQ":111905000,"HOLDER_PROFIT_QOQ_SQ":127.379696351304,"ROE_AVG_SQ":13.791399308489,"PE_TTM_SQ":-0.357296026872,"PB_TTM_SQ":-0.649217390292,"ROA_SQ":2.396437412734,"START_DATE":"2022-01-01 00:00:00","FISCAL_YEAR":"12-31","CURRENCY":"HKD","IS_CNY_CODE":0,"DPS_HKD_LY":null,"ORG_TYPE":"一般企业","PREMIUM_INCOME":null,"PREMIUM_INCOME_YOY":null,"NET_INTEREST_INCOME":null,"NET_INTEREST_INCOME_YOY":null,"FEE_COMMISSION_INCOME":null,"FEE_COMMISSION_INCOME_YOY":null,"ACCOUNTS_RECE_TDAYS":1.288448570202,"INVENTORY_TDAYS":4.000078953696,"CURRENT_ASSETS_TDAYS":0.725436184048,"TOTAL_ASSETS_TDAYS":0.449424402026,"PREMIUM_EXPENSE":null,"LOAN_DEPOSIT":null,"LOAN_EQUITY":null,"LOAN_ASSETS":null,"DEPOSIT_EQUITY":null,"DEPOSIT_ASSETS":null,"EQUITY_MULTIPLIER":7.153887258509,"EQUITY_RATIO":7.081394503631},{"SECUCODE":"02393.HK","SECURITY_CODE":"02393","SECURITY_NAME_ABBR":"巨星医疗控股","ORG_CODE":"10337382","STD_REPORT_DATE":"2021-12-31 00:00:00","REPORT_DATE":"2021-12-31 00:00:00","DATE_TYPE_CODE":"001","REPORT_TYPE":"2021年年报","PER_NETCASH_OPERATE":0.306752473634,"PER_OI":2.114733722481,"BPS":0.323909864084,"BASIC_EPS":0.001,"DILUTED_EPS":0.001,"OPERATE_INCOME":4930692000,"OPERATE_INCOME_YOY":20.0576195696,"GROSS_PROFIT":848695000,"GROSS_PROFIT_YOY":5.182307158437,"HOLDER_PROFIT":3327000,"HOLDER_PROFIT_YOY":100.5634351423,"GROSS_PROFIT_RATIO":17.212492688653,"EPS_TTM":0.001426923258,"OPERATE_INCOME_QOQ":2.140506554097,"NET_PROFIT_RATIO":0.2571444333,"ROE_AVG":0.440002830196,"GROSS_PROFIT_QOQ":-12.167105988962,"ROA":0.072215126844,"HOLDER_PROFIT_QOQ":-97.942142472769,"ROE_YEARLY":0.440002830196,"ROIC_YEARLY":0.084429817048,"TOTAL_ASSETS":4558881000,"TOTAL_LIABILITIES":3726847000,"TAX_EBT":78.84788629008,"OCF_SALES":14.505489290347,"TOTAL_PARENT_EQUITY":755225000,"DEBT_ASSET_RATIO":81.7491616912,"OPERATE_PROFIT":221135000,"PRETAX_PROFIT":59942000,"NETCASH_OPERATE":715221000,"NETCASH_INVEST":-47675000,"NETCASH_FINANCE":-654199000,"END_CASH":585159000,"DIVI_RATIO":null,"DIVIDEND_RATE":null,"CURRENT_RATIO":1.306706648342,"COMMON_ACS":4000000000,"CURRENTDEBT_DEBT":57.984403438081,"ISSUED_COMMON_SHARES":2331590000,"HK_COMMON_SHARES":2331590000,"PER_SHARES":2500,"TOTAL_MARKET_CAP":156216530,"HKSK_MARKET_CAP":156216530,"PE_TTM":0.13304049305,"PB_TTM":0.230499510308,"REPORT_DATE_SQ":"2020-12-31 00:00:00","REPORT_TYPE_SQ":"2020年年报","OPERATE_INCOME_SQ":4106938000,"DPS_HKD":null,"OPERATE_INCOME_QOQ_SQ":-2.642927649826,"NET_PROFIT_RATIO_SQ":-15.7123871848,"HOLDER_PROFIT_SQ":-590485000,"HOLDER_PROFIT_QOQ_SQ":-1.882941204889,"ROE_AVG_SQ":-61.199351197848,"PE_TTM_SQ":-0.357296026872,"PB_TTM_SQ":-0.649217390292,"ROA_SQ":-11.061075358651,"START_DATE":"2021-01-01 00:00:00","FISCAL_YEAR":"12-31","CURRENCY":"HKD","IS_CNY_CODE":0,"DPS_HKD_LY":null,"ORG_TYPE":"一般企业","PREMIUM_INCOME":null,"PREMIUM_INCOME_YOY":null,"NET_INTEREST_INCOME":null,"NET_INTEREST_INCOME_YOY":null,"FEE_COMMISSION_INCOME":null,"FEE_COMMISSION_INCOME_YOY":null,"ACCOUNTS_RECE_TDAYS":3.219798787553,"INVENTORY_TDAYS":8.52005564548,"CURRENT_ASSETS_TDAYS":1.74598431278,"TOTAL_ASSETS_TDAYS":1.070245110339,"PREMIUM_EXPENSE":null,"LOAN_DEPOSIT":null,"LOAN_EQUITY":null,"LOAN_ASSETS":null,"DEPOSIT_EQUITY":null,"DEPOSIT_ASSETS":null,"EQUITY_MULTIPLIER":5.479200369212,"EQUITY_RATIO":4.934750571022},{"SECUCODE":"02393.HK","SECURITY_CODE":"02393","SECURITY_NAME_ABBR":"巨星医疗控股","ORG_CODE":"10337382","STD_REPORT_DATE":"2021-06-30 00:00:00","REPORT_DATE":"2021-06-30 00:00:00","DATE_TYPE_CODE":"002","REPORT_TYPE":"2021年中报","PER_NETCASH_OPERATE":0.093965654944,"PER_OI":0.989375310151,"BPS":0.37132814946,"BASIC_EPS":0.0475,"DILUTED_EPS":0.0475,"OPERATE_INCOME":2322702000,"OPERATE_INCOME_YOY":44.9624846625,"GROSS_PROFIT":447066000,"GROSS_PROFIT_YOY":55.401220084467,"HOLDER_PROFIT":111905000,"HOLDER_PROFIT_YOY":117.4782468805,"GROSS_PROFIT_RATIO":19.247669309279,"EPS_TTM":0.068866033834,"OPERATE_INCOME_QOQ":17.541633207027,"NET_PROFIT_RATIO":5.2041544718,"ROE_AVG":13.791399308489,"GROSS_PROFIT_QOQ":19.752751338489,"ROA":2.396437412734,"HOLDER_PROFIT_QOQ":127.379696351304,"ROE_YEARLY":27.582798616978,"ROIC_YEARLY":5.550400681096,"TOTAL_ASSETS":4684025000,"TOTAL_LIABILITIES":3717646000,"TAX_EBT":21.367515807551,"OCF_SALES":9.49747320147,"TOTAL_PARENT_EQUITY":865785000,"DEBT_ASSET_RATIO":79.3686199369,"OPERATE_PROFIT":210238000,"PRETAX_PROFIT":153724000,"NETCASH_OPERATE":220598000,"NETCASH_INVEST":-29568000,"NETCASH_FINANCE":-260178000,"END_CASH":502977000,"DIVI_RATIO":null,"DIVIDEND_RATE":null,"CURRENT_RATIO":0.894135384326,"COMMON_ACS":4000000000,"CURRENTDEBT_DEBT":86.38754200911,"ISSUED_COMMON_SHARES":2331590000,"HK_COMMON_SHARES":2331590000,"PER_SHARES":2500,"TOTAL_MARKET_CAP":156216530,"HKSK_MARKET_CAP":156216530,"PE_TTM":0.13304049305,"PB_TTM":0.230499510308,"REPORT_DATE_SQ":"2020-06-30 00:00:00","REPORT_TYPE_SQ":"2020年中报","OPERATE_INCOME_SQ":1602278000,"DPS_HKD":null,"OPERATE_INCOME_QOQ_SQ":-13.967011389139,"NET_PROFIT_RATIO_SQ":-43.8654840171,"HOLDER_PROFIT_SQ":-640253000,"HOLDER_PROFIT_QOQ_SQ":-385.964089937979,"ROE_AVG_SQ":-72.590261216007,"PE_TTM_SQ":-0.357296026872,"PB_TTM_SQ":-0.649217390292,"ROA_SQ":-11.619115474139,"START_DATE":"2021-01-01 00:00:00","FISCAL_YEAR":"12-31","CURRENCY":"HKD","IS_CNY_CODE":0,"DPS_HKD_LY":null,"ORG_TYPE":"一般企业","PREMIUM_INCOME":null,"PREMIUM_INCOME_YOY":null,"NET_INTEREST_INCOME":null,"NET_INTEREST_INCOME_YOY":null,"FEE_COMMISSION_INCOME":null,"FEE_COMMISSION_INCOME_YOY":null,"ACCOUNTS_RECE_TDAYS":1.5398392541,"INVENTORY_TDAYS":3.200006824366,"CURRENT_ASSETS_TDAYS":0.815577384716,"TOTAL_ASSETS_TDAYS":0.497404939139,"PREMIUM_EXPENSE":null,"LOAN_DEPOSIT":null,"LOAN_EQUITY":null,"LOAN_ASSETS":null,"DEPOSIT_EQUITY":null,"DEPOSIT_ASSETS":null,"EQUITY_MULTIPLIER":4.846985499475,"EQUITY_RATIO":4.293959816814},{"SECUCODE":"02393.HK","SECURITY_CODE":"02393","SECURITY_NAME_ABBR":"巨星医疗控股","ORG_CODE":"10337382","STD_REPORT_DATE":"2020-12-31 00:00:00","REPORT_DATE":"2020-12-31 00:00:00","DATE_TYPE_CODE":"001","REPORT_TYPE":"2020年年报","PER_NETCASH_OPERATE":0.284650339671,"PER_OI":1.742943930638,"BPS":0.324687445048,"BASIC_EPS":-0.25,"DILUTED_EPS":-0.25,"OPERATE_INCOME":4106938000,"OPERATE_INCOME_YOY":-16.2408010331,"GROSS_PROFIT":806880000,"GROSS_PROFIT_YOY":-36.23049584014,"HOLDER_PROFIT":-590485000,"HOLDER_PROFIT_YOY":-391.3486256186,"GROSS_PROFIT_RATIO":19.646753858958,"EPS_TTM":-0.250596002882,"OPERATE_INCOME_QOQ":-2.642927649826,"NET_PROFIT_RATIO":-15.7123871848,"ROE_AVG":-61.199351197848,"GROSS_PROFIT_QOQ":-11.570045953153,"ROA":-11.061075358651,"HOLDER_PROFIT_QOQ":-1.882941204889,"ROE_YEARLY":-61.199351197848,"ROIC_YEARLY":-12.669471901326,"TOTAL_ASSETS":4655255000,"TOTAL_LIABILITIES":3799499000,"TAX_EBT":6.828954872617,"OCF_SALES":16.331583286624,"TOTAL_PARENT_EQUITY":757038000,"DEBT_ASSET_RATIO":81.6174194539,"OPERATE_PROFIT":229033000,"PRETAX_PROFIT":-692595000,"NETCASH_OPERATE":670728000,"NETCASH_INVEST":-37207000,"NETCASH_FINANCE":-604739000,"END_CASH":572348000,"DIVI_RATIO":null,"DIVIDEND_RATE":null,"CURRENT_RATIO":0.85885262986,"COMMON_ACS":4000000000,"CURRENTDEBT_DEBT":86.548437043937,"ISSUED_COMMON_SHARES":2331590000,"HK_COMMON_SHARES":2331590000,"PER_SHARES":2500,"TOTAL_MARKET_CAP":156216530,"HKSK_MARKET_CAP":156216530,"PE_TTM":0.13304049305,"PB_TTM":0.230499510308,"REPORT_DATE_SQ":"2019-12-31 00:00:00","REPORT_TYPE_SQ":"2019年年报","OPERATE_INCOME_SQ":4903268000,"DPS_HKD":null,"OPERATE_INCOME_QOQ_SQ":4.503529865106,"NET_PROFIT_RATIO_SQ":6.1439431824,"HOLDER_PROFIT_SQ":202673000,"HOLDER_PROFIT_QOQ_SQ":-26.425936950934,"ROE_AVG_SQ":18.012703891956,"PE_TTM_SQ":-0.357296026872,"PB_TTM_SQ":-0.649217390292,"ROA_SQ":3.415076648523,"START_DATE":"2020-01-01 00:00:00","FISCAL_YEAR":"12-31","CURRENCY":"HKD","IS_CNY_CODE":0,"DPS_HKD_LY":null,"ORG_TYPE":"一般企业","PREMIUM_INCOME":null,"PREMIUM_INCOME_YOY":null,"NET_INTEREST_INCOME":null,"NET_INTEREST_INCOME_YOY":null,"FEE_COMMISSION_INCOME":null,"FEE_COMMISSION_INCOME_YOY":null,"ACCOUNTS_RECE_TDAYS":2.708653741834,"INVENTORY_TDAYS":4.807265544311,"CURRENT_ASSETS_TDAYS":1.358769988563,"TOTAL_ASSETS_TDAYS":0.769319300428,"PREMIUM_EXPENSE":null,"LOAN_DEPOSIT":null,"LOAN_EQUITY":null,"LOAN_ASSETS":null,"DEPOSIT_EQUITY":null,"DEPOSIT_ASSETS":null,"EQUITY_MULTIPLIER":5.439932644343,"EQUITY_RATIO":5.018901296897},{"SECUCODE":"02393.HK","SECURITY_CODE":"02393","SECURITY_NAME_ABBR":"巨星医疗控股","ORG_CODE":"10337382","STD_REPORT_DATE":"2020-06-30 00:00:00","REPORT_DATE":"2020-06-30 00:00:00","DATE_TYPE_CODE":"002","REPORT_TYPE":"2020年中报","PER_NETCASH_OPERATE":0.111592880833,"PER_OI":0.678254538374,"BPS":0.253623921873,"BASIC_EPS":-0.2705,"DILUTED_EPS":-0.2705,"OPERATE_INCOME":1602278000,"OPERATE_INCOME_YOY":-29.9433610334,"GROSS_PROFIT":287685000,"GROSS_PROFIT_YOY":-55.087184114678,"HOLDER_PROFIT":-640253000,"HOLDER_PROFIT_YOY":-550.9077976224,"GROSS_PROFIT_RATIO":17.954749425505,"EPS_TTM":-0.245336539174,"OPERATE_INCOME_QOQ":-13.967011389139,"NET_PROFIT_RATIO":-43.8654840171,"ROE_AVG":-72.590261216007,"GROSS_PROFIT_QOQ":-27.886987110638,"ROA":-11.619115474139,"HOLDER_PROFIT_QOQ":-385.964089937979,"ROE_YEARLY":-145.180522432015,"ROIC_YEARLY":-26.939041788769,"TOTAL_ASSETS":4999129000,"TOTAL_LIABILITIES":4286740000,"TAX_EBT":8.4174000516,"OCF_SALES":16.452950112278,"TOTAL_PARENT_EQUITY":591347000,"DEBT_ASSET_RATIO":85.7497376043,"OPERATE_PROFIT":31672000,"PRETAX_PROFIT":-767446000,"NETCASH_OPERATE":263622000,"NETCASH_INVEST":17260000,"NETCASH_FINANCE":-119147000,"END_CASH":708588000,"DIVI_RATIO":null,"DIVIDEND_RATE":null,"CURRENT_RATIO":1.261522095139,"COMMON_ACS":4000000000,"CURRENTDEBT_DEBT":57.320761231145,"ISSUED_COMMON_SHARES":2331590000,"HK_COMMON_SHARES":2331590000,"PER_SHARES":2500,"TOTAL_MARKET_CAP":156216530,"HKSK_MARKET_CAP":156216530,"PE_TTM":0.13304049305,"PB_TTM":0.230499510308,"REPORT_DATE_SQ":"2019-06-30 00:00:00","REPORT_TYPE_SQ":"2019年中报","OPERATE_INCOME_SQ":2287118000,"DPS_HKD":null,"OPERATE_INCOME_QOQ_SQ":5.509613996457,"NET_PROFIT_RATIO_SQ":8.7691583906,"HOLDER_PROFIT_SQ":141992000,"HOLDER_PROFIT_QOQ_SQ":9.422989838965,"ROE_AVG_SQ":12.568872672359,"PE_TTM_SQ":-0.357296026872,"PB_TTM_SQ":-0.649217390292,"ROA_SQ":2.406988389526,"START_DATE":"2020-01-01 00:00:00","FISCAL_YEAR":"12-31","CURRENCY":"HKD","IS_CNY_CODE":0,"DPS_HKD_LY":null,"ORG_TYPE":"一般企业","PREMIUM_INCOME":null,"PREMIUM_INCOME_YOY":null,"NET_INTEREST_INCOME":null,"NET_INTEREST_INCOME_YOY":null,"FEE_COMMISSION_INCOME":null,"FEE_COMMISSION_INCOME_YOY":null,"ACCOUNTS_RECE_TDAYS":1.12320988814,"INVENTORY_TDAYS":1.65515109661,"CURRENT_ASSETS_TDAYS":0.506999701137,"TOTAL_ASSETS_TDAYS":0.290776507157,"PREMIUM_EXPENSE":null,"LOAN_DEPOSIT":null,"LOAN_EQUITY":null,"LOAN_ASSETS":null,"DEPOSIT_EQUITY":null,"DEPOSIT_ASSETS":null,"EQUITY_MULTIPLIER":7.017414642847,"EQUITY_RATIO":7.249110928101}],"count":26},"success":true,"message":"ok","code":0}