{"version":"ee44d60e411f44473481e6ce4e3ed2fa","result":{"pages":2,"data":[{"SECUCODE":"02400.HK","SECURITY_CODE":"02400","SECURITY_NAME_ABBR":"心动公司","ORG_CODE":"10000039167","STD_REPORT_DATE":"2024-06-30 00:00:00","REPORT_DATE":"2024-06-30 00:00:00","DATE_TYPE_CODE":"002","REPORT_TYPE":"2024年中报","PER_NETCASH_OPERATE":0.789450973768,"PER_OI":4.620029940012,"BPS":3.547797137693,"BASIC_EPS":0.43,"DILUTED_EPS":0.43,"OPERATE_INCOME":2220567000,"OPERATE_INCOME_YOY":26.6650200616,"GROSS_PROFIT":1496811000,"GROSS_PROFIT_YOY":44.304181879006,"HOLDER_PROFIT":205102000,"HOLDER_PROFIT_YOY":127.4009357607,"GROSS_PROFIT_RATIO":67.406702882642,"EPS_TTM":0.066305467999,"OPERATE_INCOME_QOQ":13.793010860559,"NET_PROFIT_RATIO":11.2844602302,"ROE_AVG":11.884820925425,"GROSS_PROFIT_QOQ":22.217978408118,"ROA":5.266047037075,"HOLDER_PROFIT_QOQ":138.378352340467,"ROE_YEARLY":23.76964185085,"ROIC_YEARLY":39.613525637002,"TOTAL_ASSETS":3380158000,"TOTAL_LIABILITIES":1449165000,"TAX_EBT":11.152595618243,"OCF_SALES":17.08757267851,"TOTAL_PARENT_EQUITY":1742322000,"DEBT_ASSET_RATIO":42.8727000335,"OPERATE_PROFIT":270513000,"PRETAX_PROFIT":282033000,"NETCASH_OPERATE":379441000,"NETCASH_INVEST":33820000,"NETCASH_FINANCE":-1472747000,"END_CASH":2163500000,"DIVI_RATIO":null,"DIVIDEND_RATE":null,"CURRENT_RATIO":2.10416515223,"COMMON_ACS":1000000000,"CURRENTDEBT_DEBT":90.180690259563,"ISSUED_COMMON_SHARES":491099669,"HK_COMMON_SHARES":491099669,"PER_SHARES":200,"TOTAL_MARKET_CAP":16648278779.1,"HKSK_MARKET_CAP":16648278779.1,"PE_TTM":472.073385184919,"PB_TTM":8.720862777437,"REPORT_DATE_SQ":"2023-06-30 00:00:00","REPORT_TYPE_SQ":"2023年中报","OPERATE_INCOME_SQ":1753102000,"DPS_HKD":null,"OPERATE_INCOME_QOQ_SQ":4.636198401836,"NET_PROFIT_RATIO_SQ":5.8632070467,"HOLDER_PROFIT_SQ":90194000,"HOLDER_PROFIT_QOQ_SQ":86.044137706754,"ROE_AVG_SQ":4.618555898613,"PE_TTM_SQ":-85.886335881108,"PB_TTM_SQ":2.762287835993,"ROA_SQ":1.879053802222,"START_DATE":"2024-01-01 00:00:00","FISCAL_YEAR":"12-31","CURRENCY":"HKD","IS_CNY_CODE":0,"DPS_HKD_LY":null,"ORG_TYPE":"一般企业","PREMIUM_INCOME":null,"PREMIUM_INCOME_YOY":null,"NET_INTEREST_INCOME":null,"NET_INTEREST_INCOME_YOY":null,"FEE_COMMISSION_INCOME":null,"FEE_COMMISSION_INCOME_YOY":null,"ACCOUNTS_RECE_TDAYS":6.383305880628,"INVENTORY_TDAYS":null,"CURRENT_ASSETS_TDAYS":0.687166010802,"TOTAL_ASSETS_TDAYS":0.570136335627,"PREMIUM_EXPENSE":null,"LOAN_DEPOSIT":null,"LOAN_EQUITY":null,"LOAN_ASSETS":null,"DEPOSIT_EQUITY":null,"DEPOSIT_ASSETS":null,"EQUITY_MULTIPLIER":1.750476568272,"EQUITY_RATIO":0.831743500914},{"SECUCODE":"02400.HK","SECURITY_CODE":"02400","SECURITY_NAME_ABBR":"心动公司","ORG_CODE":"10000039167","STD_REPORT_DATE":"2023-12-31 00:00:00","REPORT_DATE":"2023-12-31 00:00:00","DATE_TYPE_CODE":"001","REPORT_TYPE":"2023年年报","PER_NETCASH_OPERATE":0.490054068898,"PER_OI":7.054057827125,"BPS":3.480297601259,"BASIC_EPS":-0.18,"DILUTED_EPS":-0.18,"OPERATE_INCOME":3389144000,"OPERATE_INCOME_YOY":-1.218093255,"GROSS_PROFIT":2068370000,"GROSS_PROFIT_YOY":12.701803941569,"HOLDER_PROFIT":-83039000,"HOLDER_PROFIT_YOY":84.9973351159,"GROSS_PROFIT_RATIO":61.029274648702,"EPS_TTM":-0.172834765329,"OPERATE_INCOME_QOQ":-5.594900948496,"NET_PROFIT_RATIO":-1.9285695739,"ROE_AVG":-4.616481102721,"GROSS_PROFIT_QOQ":-1.016220768997,"ROA":-1.804117887836,"HOLDER_PROFIT_QOQ":-7.500809113859,"ROE_YEARLY":-4.616481102721,"ROIC_YEARLY":-6.097530081401,"TOTAL_ASSETS":4409442000,"TOTAL_LIABILITIES":2540691000,"TAX_EBT":-117.163931158216,"OCF_SALES":6.947122931336,"TOTAL_PARENT_EQUITY":1709173000,"DEBT_ASSET_RATIO":57.6193314256,"OPERATE_PROFIT":-5222000,"PRETAX_PROFIT":-30098000,"NETCASH_OPERATE":235448000,"NETCASH_INVEST":343856000,"NETCASH_FINANCE":-500705000,"END_CASH":3206821000,"DIVI_RATIO":null,"DIVIDEND_RATE":null,"CURRENT_RATIO":1.558783067561,"COMMON_ACS":1000000000,"CURRENTDEBT_DEBT":93.75618680115,"ISSUED_COMMON_SHARES":491099669,"HK_COMMON_SHARES":491099669,"PER_SHARES":200,"TOTAL_MARKET_CAP":11933721956.7,"HKSK_MARKET_CAP":11933721956.7,"PE_TTM":338.388886725473,"PB_TTM":6.251237920109,"REPORT_DATE_SQ":"2022-12-31 00:00:00","REPORT_TYPE_SQ":"2022年年报","OPERATE_INCOME_SQ":3430936000,"DPS_HKD":null,"OPERATE_INCOME_QOQ_SQ":17.558076863378,"NET_PROFIT_RATIO_SQ":-16.7305073601,"HOLDER_PROFIT_SQ":-553495000,"HOLDER_PROFIT_QOQ_SQ":40.144584306601,"ROE_AVG_SQ":-26.403607714693,"PE_TTM_SQ":-55.845763064409,"PB_TTM_SQ":1.796118910209,"ROA_SQ":-11.249685727485,"START_DATE":"2023-01-01 00:00:00","FISCAL_YEAR":"12-31","CURRENCY":"HKD","IS_CNY_CODE":0,"DPS_HKD_LY":null,"ORG_TYPE":"一般企业","PREMIUM_INCOME":null,"PREMIUM_INCOME_YOY":null,"NET_INTEREST_INCOME":null,"NET_INTEREST_INCOME_YOY":null,"FEE_COMMISSION_INCOME":null,"FEE_COMMISSION_INCOME_YOY":null,"ACCOUNTS_RECE_TDAYS":12.640093388755,"INVENTORY_TDAYS":null,"CURRENT_ASSETS_TDAYS":0.891456440894,"TOTAL_ASSETS_TDAYS":0.736330557311,"PREMIUM_EXPENSE":null,"LOAN_DEPOSIT":null,"LOAN_EQUITY":null,"LOAN_ASSETS":null,"DEPOSIT_EQUITY":null,"DEPOSIT_ASSETS":null,"EQUITY_MULTIPLIER":2.359566362773,"EQUITY_RATIO":1.486503121685},{"SECUCODE":"02400.HK","SECURITY_CODE":"02400","SECURITY_NAME_ABBR":"心动公司","ORG_CODE":"10000039167","STD_REPORT_DATE":"2023-06-30 00:00:00","REPORT_DATE":"2023-06-30 00:00:00","DATE_TYPE_CODE":"002","REPORT_TYPE":"2023年中报","PER_NETCASH_OPERATE":0.277950122612,"PER_OI":3.648851416419,"BPS":4.107911544937,"BASIC_EPS":0.19,"DILUTED_EPS":0.19,"OPERATE_INCOME":1753102000,"OPERATE_INCOME_YOY":9.9787520616,"GROSS_PROFIT":1037261000,"GROSS_PROFIT_YOY":32.487051595639,"HOLDER_PROFIT":90194000,"HOLDER_PROFIT_YOY":123.3629318026,"GROSS_PROFIT_RATIO":59.16717909169,"EPS_TTM":-0.16077531579,"OPERATE_INCOME_QOQ":4.636198401836,"NET_PROFIT_RATIO":5.8632070467,"ROE_AVG":4.618555898613,"GROSS_PROFIT_QOQ":13.858861337828,"ROA":1.879053802222,"HOLDER_PROFIT_QOQ":86.044137706754,"ROE_YEARLY":9.237111797227,"ROIC_YEARLY":11.310361864741,"TOTAL_ASSETS":4803884000,"TOTAL_LIABILITIES":2793212000,"TAX_EBT":30.462666675687,"OCF_SALES":7.617468920804,"TOTAL_PARENT_EQUITY":2017394000,"DEBT_ASSET_RATIO":58.1448677778,"OPERATE_PROFIT":122693000,"PRETAX_PROFIT":147817000,"NETCASH_OPERATE":133542000,"NETCASH_INVEST":69841000,"NETCASH_FINANCE":-74025000,"END_CASH":3301473000,"DIVI_RATIO":null,"DIVIDEND_RATE":null,"CURRENT_RATIO":1.548321545011,"COMMON_ACS":1000000000,"CURRENTDEBT_DEBT":93.655870016311,"ISSUED_COMMON_SHARES":491099669,"HK_COMMON_SHARES":491099669,"PER_SHARES":200,"TOTAL_MARKET_CAP":11933721956.7,"HKSK_MARKET_CAP":11933721956.7,"PE_TTM":338.388886725473,"PB_TTM":6.251237920109,"REPORT_DATE_SQ":"2022-06-30 00:00:00","REPORT_TYPE_SQ":"2022年中报","OPERATE_INCOME_SQ":1594037000,"DPS_HKD":null,"OPERATE_INCOME_QOQ_SQ":7.965823866989,"NET_PROFIT_RATIO_SQ":-23.9263580456,"HOLDER_PROFIT_SQ":-386056000,"HOLDER_PROFIT_QOQ_SQ":-7.051195226734,"ROE_AVG_SQ":-17.914547936738,"PE_TTM_SQ":-55.845763064409,"PB_TTM_SQ":1.796118910209,"ROA_SQ":-7.720347193246,"START_DATE":"2023-01-01 00:00:00","FISCAL_YEAR":"12-31","CURRENCY":"HKD","IS_CNY_CODE":0,"DPS_HKD_LY":null,"ORG_TYPE":"一般企业","PREMIUM_INCOME":null,"PREMIUM_INCOME_YOY":null,"NET_INTEREST_INCOME":null,"NET_INTEREST_INCOME_YOY":null,"FEE_COMMISSION_INCOME":null,"FEE_COMMISSION_INCOME_YOY":null,"ACCOUNTS_RECE_TDAYS":6.982773110917,"INVENTORY_TDAYS":null,"CURRENT_ASSETS_TDAYS":0.44153602276,"TOTAL_ASSETS_TDAYS":0.365231942123,"PREMIUM_EXPENSE":null,"LOAN_DEPOSIT":null,"LOAN_EQUITY":null,"LOAN_ASSETS":null,"DEPOSIT_EQUITY":null,"DEPOSIT_ASSETS":null,"EQUITY_MULTIPLIER":2.389193264738,"EQUITY_RATIO":1.384564443039},{"SECUCODE":"02400.HK","SECURITY_CODE":"02400","SECURITY_NAME_ABBR":"心动公司","ORG_CODE":"10000039167","STD_REPORT_DATE":"2022-12-31 00:00:00","REPORT_DATE":"2022-12-31 00:00:00","DATE_TYPE_CODE":"001","REPORT_TYPE":"2022年年报","PER_NETCASH_OPERATE":-0.682473039296,"PER_OI":7.141375436665,"BPS":3.845103385724,"BASIC_EPS":-1.17,"DILUTED_EPS":-1.17,"OPERATE_INCOME":3430936000,"OPERATE_INCOME_YOY":26.9225462077,"GROSS_PROFIT":1835259000,"GROSS_PROFIT_YOY":49.665196865548,"HOLDER_PROFIT":-553495000,"HOLDER_PROFIT_YOY":35.9240620923,"GROSS_PROFIT_RATIO":53.491496198122,"EPS_TTM":-1.152080830805,"OPERATE_INCOME_QOQ":17.558076863378,"NET_PROFIT_RATIO":-16.7305073601,"ROE_AVG":-26.403607714693,"GROSS_PROFIT_QOQ":37.734744558744,"ROA":-11.249685727485,"HOLDER_PROFIT_QOQ":40.144584306601,"ROE_YEARLY":-26.403607714693,"ROIC_YEARLY":-31.792781566109,"TOTAL_ASSETS":4796054000,"TOTAL_LIABILITIES":2890405000,"TAX_EBT":-2.53271505482,"OCF_SALES":-9.556604961445,"TOTAL_PARENT_EQUITY":1888329000,"DEBT_ASSET_RATIO":60.2663147663,"OPERATE_PROFIT":-567870000,"PRETAX_PROFIT":-559834000,"NETCASH_OPERATE":-327881000,"NETCASH_INVEST":230614000,"NETCASH_FINANCE":-148146000,"END_CASH":3098084000,"DIVI_RATIO":null,"DIVIDEND_RATE":null,"CURRENT_RATIO":4.469244324565,"COMMON_ACS":1000000000,"CURRENTDEBT_DEBT":30.117094317232,"ISSUED_COMMON_SHARES":491099669,"HK_COMMON_SHARES":491099669,"PER_SHARES":200,"TOTAL_MARKET_CAP":11933721956.7,"HKSK_MARKET_CAP":11933721956.7,"PE_TTM":338.388886725473,"PB_TTM":6.251237920109,"REPORT_DATE_SQ":"2021-12-31 00:00:00","REPORT_TYPE_SQ":"2021年年报","OPERATE_INCOME_SQ":2703173000,"DPS_HKD":null,"OPERATE_INCOME_QOQ_SQ":-2.965274704131,"NET_PROFIT_RATIO_SQ":-33.933751188,"HOLDER_PROFIT_SQ":-863811000,"HOLDER_PROFIT_QOQ_SQ":-65.307493282914,"ROE_AVG_SQ":-37.55127751184,"PE_TTM_SQ":-55.845763064409,"PB_TTM_SQ":1.796118910209,"ROA_SQ":-20.59420608773,"START_DATE":"2022-01-01 00:00:00","FISCAL_YEAR":"12-31","CURRENCY":"HKD","IS_CNY_CODE":0,"DPS_HKD_LY":null,"ORG_TYPE":"一般企业","PREMIUM_INCOME":null,"PREMIUM_INCOME_YOY":null,"NET_INTEREST_INCOME":null,"NET_INTEREST_INCOME_YOY":null,"FEE_COMMISSION_INCOME":null,"FEE_COMMISSION_INCOME_YOY":null,"ACCOUNTS_RECE_TDAYS":14.507312989171,"INVENTORY_TDAYS":null,"CURRENT_ASSETS_TDAYS":0.843135322672,"TOTAL_ASSETS_TDAYS":0.69733153418,"PREMIUM_EXPENSE":null,"LOAN_DEPOSIT":null,"LOAN_EQUITY":null,"LOAN_ASSETS":null,"DEPOSIT_EQUITY":null,"DEPOSIT_ASSETS":null,"EQUITY_MULTIPLIER":2.516756233705,"EQUITY_RATIO":1.530668119803},{"SECUCODE":"02400.HK","SECURITY_CODE":"02400","SECURITY_NAME_ABBR":"心动公司","ORG_CODE":"10000039167","STD_REPORT_DATE":"2022-06-30 00:00:00","REPORT_DATE":"2022-06-30 00:00:00","DATE_TYPE_CODE":"002","REPORT_TYPE":"2022年中报","PER_NETCASH_OPERATE":-0.363188697142,"PER_OI":3.317933262799,"BPS":4.084160765337,"BASIC_EPS":-0.82,"DILUTED_EPS":-0.82,"OPERATE_INCOME":1594037000,"OPERATE_INCOME_YOY":15.618256816,"GROSS_PROFIT":782915000,"GROSS_PROFIT_YOY":15.696195797541,"HOLDER_PROFIT":-386056000,"HOLDER_PROFIT_YOY":-18.7327577988,"GROSS_PROFIT_RATIO":49.115233837107,"EPS_TTM":-1.924772917301,"OPERATE_INCOME_QOQ":7.965823866989,"NET_PROFIT_RATIO":-23.9263580456,"ROE_AVG":-17.914547936738,"GROSS_PROFIT_QOQ":8.661904695888,"ROA":-7.720347193246,"HOLDER_PROFIT_QOQ":-7.051195226734,"ROE_YEARLY":-35.829095873477,"ROIC_YEARLY":-33.451139069184,"TOTAL_ASSETS":4956869000,"TOTAL_LIABILITIES":2905321000,"TAX_EBT":4.282258104995,"OCF_SALES":-10.946232741147,"TOTAL_PARENT_EQUITY":2005730000,"DEBT_ASSET_RATIO":58.6120189983,"OPERATE_PROFIT":-406427000,"PRETAX_PROFIT":-398458000,"NETCASH_OPERATE":-174487000,"NETCASH_INVEST":-902384000,"NETCASH_FINANCE":-67121000,"END_CASH":2095935000,"DIVI_RATIO":null,"DIVIDEND_RATE":null,"CURRENT_RATIO":4.01939049814,"COMMON_ACS":1000000000,"CURRENTDEBT_DEBT":35.364835761694,"ISSUED_COMMON_SHARES":491099669,"HK_COMMON_SHARES":491099669,"PER_SHARES":200,"TOTAL_MARKET_CAP":11933721956.7,"HKSK_MARKET_CAP":11933721956.7,"PE_TTM":338.388886725473,"PB_TTM":6.251237920109,"REPORT_DATE_SQ":"2021-06-30 00:00:00","REPORT_TYPE_SQ":"2021年中报","OPERATE_INCOME_SQ":1378707000,"DPS_HKD":null,"OPERATE_INCOME_QOQ_SQ":-2.169371386591,"NET_PROFIT_RATIO_SQ":-23.3806747917,"HOLDER_PROFIT_SQ":-325147000,"HOLDER_PROFIT_QOQ_SQ":-5814.02952433024,"ROE_AVG_SQ":-12.625148448304,"PE_TTM_SQ":-55.845763064409,"PB_TTM_SQ":1.796118910209,"ROA_SQ":-7.327629531104,"START_DATE":"2022-01-01 00:00:00","FISCAL_YEAR":"12-31","CURRENCY":"HKD","IS_CNY_CODE":0,"DPS_HKD_LY":null,"ORG_TYPE":"一般企业","PREMIUM_INCOME":null,"PREMIUM_INCOME_YOY":null,"NET_INTEREST_INCOME":null,"NET_INTEREST_INCOME_YOY":null,"FEE_COMMISSION_INCOME":null,"FEE_COMMISSION_INCOME_YOY":null,"ACCOUNTS_RECE_TDAYS":6.327338907666,"INVENTORY_TDAYS":null,"CURRENT_ASSETS_TDAYS":0.380539008819,"TOTAL_ASSETS_TDAYS":0.318775490573,"PREMIUM_EXPENSE":null,"LOAN_DEPOSIT":null,"LOAN_EQUITY":null,"LOAN_ASSETS":null,"DEPOSIT_EQUITY":null,"DEPOSIT_ASSETS":null,"EQUITY_MULTIPLIER":2.416160382307,"EQUITY_RATIO":1.448510517368},{"SECUCODE":"02400.HK","SECURITY_CODE":"02400","SECURITY_NAME_ABBR":"心动公司","ORG_CODE":"10000039167","STD_REPORT_DATE":"2021-12-31 00:00:00","REPORT_DATE":"2021-12-31 00:00:00","DATE_TYPE_CODE":"001","REPORT_TYPE":"2021年年报","PER_NETCASH_OPERATE":-0.989122884945,"PER_OI":5.626561749697,"BPS":4.692004791394,"BASIC_EPS":-1.86,"DILUTED_EPS":-1.86,"OPERATE_INCOME":2703173000,"OPERATE_INCOME_YOY":-5.0703182698,"GROSS_PROFIT":1226243000,"GROSS_PROFIT_YOY":-19.959491601981,"HOLDER_PROFIT":-863811000,"HOLDER_PROFIT_YOY":-9545.7189721159,"GROSS_PROFIT_RATIO":45.363097367427,"EPS_TTM":-1.797992925931,"OPERATE_INCOME_QOQ":-2.965274704131,"NET_PROFIT_RATIO":-33.933751188,"ROE_AVG":-37.55127751184,"GROSS_PROFIT_QOQ":-11.329882199133,"ROA":-20.59420608773,"HOLDER_PROFIT_QOQ":-65.307493282914,"ROE_YEARLY":-37.55127751184,"ROIC_YEARLY":-67.941610914565,"TOTAL_ASSETS":5044132000,"TOTAL_LIABILITIES":2661725000,"TAX_EBT":4.038129990124,"OCF_SALES":-17.579525986683,"TOTAL_PARENT_EQUITY":2304242000,"DEBT_ASSET_RATIO":52.7687419758,"OPERATE_PROFIT":-955521000,"PRETAX_PROFIT":-955888000,"NETCASH_OPERATE":-475205000,"NETCASH_INVEST":-986006000,"NETCASH_FINANCE":2387692000,"END_CASH":3164726000,"DIVI_RATIO":null,"DIVIDEND_RATE":null,"CURRENT_RATIO":4.669917716057,"COMMON_ACS":1000000000,"CURRENTDEBT_DEBT":34.175393776592,"ISSUED_COMMON_SHARES":491099669,"HK_COMMON_SHARES":491099669,"PER_SHARES":200,"TOTAL_MARKET_CAP":11933721956.7,"HKSK_MARKET_CAP":11933721956.7,"PE_TTM":338.388886725473,"PB_TTM":6.251237920109,"REPORT_DATE_SQ":"2020-12-31 00:00:00","REPORT_TYPE_SQ":"2020年年报","OPERATE_INCOME_SQ":2847553000,"DPS_HKD":null,"OPERATE_INCOME_QOQ_SQ":-4.08284527933,"NET_PROFIT_RATIO_SQ":1.9591558085,"HOLDER_PROFIT_SQ":9145000,"HOLDER_PROFIT_QOQ_SQ":-97.110091453202,"ROE_AVG_SQ":0.438784942359,"PE_TTM_SQ":-55.845763064409,"PB_TTM_SQ":1.796118910209,"ROA_SQ":0.294486927775,"START_DATE":"2021-01-01 00:00:00","FISCAL_YEAR":"12-31","CURRENCY":"HKD","IS_CNY_CODE":0,"DPS_HKD_LY":null,"ORG_TYPE":"一般企业","PREMIUM_INCOME":null,"PREMIUM_INCOME_YOY":null,"NET_INTEREST_INCOME":null,"NET_INTEREST_INCOME_YOY":null,"FEE_COMMISSION_INCOME":null,"FEE_COMMISSION_INCOME_YOY":null,"ACCOUNTS_RECE_TDAYS":10.3428969354,"INVENTORY_TDAYS":null,"CURRENT_ASSETS_TDAYS":0.770379699072,"TOTAL_ASSETS_TDAYS":0.644466229914,"PREMIUM_EXPENSE":null,"LOAN_DEPOSIT":null,"LOAN_EQUITY":null,"LOAN_ASSETS":null,"DEPOSIT_EQUITY":null,"DEPOSIT_ASSETS":null,"EQUITY_MULTIPLIER":2.117241932213,"EQUITY_RATIO":1.155141256865},{"SECUCODE":"02400.HK","SECURITY_CODE":"02400","SECURITY_NAME_ABBR":"心动公司","ORG_CODE":"10000039167","STD_REPORT_DATE":"2021-06-30 00:00:00","REPORT_DATE":"2021-06-30 00:00:00","DATE_TYPE_CODE":"002","REPORT_TYPE":"2021年中报","PER_NETCASH_OPERATE":-0.592632818844,"PER_OI":2.869731264051,"BPS":5.812107358598,"BASIC_EPS":-0.71,"DILUTED_EPS":-0.71,"OPERATE_INCOME":1378707000,"OPERATE_INCOME_YOY":-4.2884286568,"GROSS_PROFIT":676699000,"GROSS_PROFIT_YOY":-18.055340276096,"HOLDER_PROFIT":-325147000,"HOLDER_PROFIT_YOY":-257.4211071626,"GROSS_PROFIT_RATIO":49.082147258264,"EPS_TTM":-1.087665713286,"OPERATE_INCOME_QOQ":-2.169371386591,"NET_PROFIT_RATIO":-23.3806747917,"ROE_AVG":-12.625148448304,"GROSS_PROFIT_QOQ":-9.732263378998,"ROA":-7.327629531104,"HOLDER_PROFIT_QOQ":-5814.02952433024,"ROE_YEARLY":-25.250296896608,"ROIC_YEARLY":-31.091167574238,"TOTAL_ASSETS":5529806000,"TOTAL_LIABILITIES":2492470000,"TAX_EBT":1.671293048226,"OCF_SALES":-20.651160834028,"TOTAL_PARENT_EQUITY":2854324000,"DEBT_ASSET_RATIO":45.0733714709,"OPERATE_PROFIT":-336915000,"PRETAX_PROFIT":-327830000,"NETCASH_OPERATE":-284719000,"NETCASH_INVEST":-2608449000,"NETCASH_FINANCE":2493282000,"END_CASH":1905214000,"DIVI_RATIO":null,"DIVIDEND_RATE":null,"CURRENT_RATIO":6.532329862015,"COMMON_ACS":1000000000,"CURRENTDEBT_DEBT":29.44544969448,"ISSUED_COMMON_SHARES":491099669,"HK_COMMON_SHARES":491099669,"PER_SHARES":200,"TOTAL_MARKET_CAP":11933721956.7,"HKSK_MARKET_CAP":11933721956.7,"PE_TTM":338.388886725473,"PB_TTM":6.251237920109,"REPORT_DATE_SQ":"2020-06-30 00:00:00","REPORT_TYPE_SQ":"2020年中报","OPERATE_INCOME_SQ":1440481000,"DPS_HKD":null,"OPERATE_INCOME_QOQ_SQ":4.604000497516,"NET_PROFIT_RATIO_SQ":18.0434174418,"HOLDER_PROFIT_SQ":206546000,"HOLDER_PROFIT_QOQ_SQ":-8.690194856346,"ROE_AVG_SQ":10.328619481139,"PE_TTM_SQ":-55.845763064409,"PB_TTM_SQ":1.796118910209,"ROA_SQ":6.903819953713,"START_DATE":"2021-01-01 00:00:00","FISCAL_YEAR":"12-31","CURRENCY":"HKD","IS_CNY_CODE":0,"DPS_HKD_LY":null,"ORG_TYPE":"一般企业","PREMIUM_INCOME":null,"PREMIUM_INCOME_YOY":null,"NET_INTEREST_INCOME":null,"NET_INTEREST_INCOME_YOY":null,"FEE_COMMISSION_INCOME":null,"FEE_COMMISSION_INCOME_YOY":null,"ACCOUNTS_RECE_TDAYS":4.689838508049,"INVENTORY_TDAYS":null,"CURRENT_ASSETS_TDAYS":0.364546589714,"TOTAL_ASSETS_TDAYS":0.310710359559,"PREMIUM_EXPENSE":null,"LOAN_DEPOSIT":null,"LOAN_EQUITY":null,"LOAN_ASSETS":null,"DEPOSIT_EQUITY":null,"DEPOSIT_ASSETS":null,"EQUITY_MULTIPLIER":1.82061056136,"EQUITY_RATIO":0.873226024796},{"SECUCODE":"02400.HK","SECURITY_CODE":"02400","SECURITY_NAME_ABBR":"心动公司","ORG_CODE":"10000039167","STD_REPORT_DATE":"2020-12-31 00:00:00","REPORT_DATE":"2020-12-31 00:00:00","DATE_TYPE_CODE":"001","REPORT_TYPE":"2020年年报","PER_NETCASH_OPERATE":0.766752394285,"PER_OI":6.270586574654,"BPS":4.676156684602,"BASIC_EPS":0.02,"DILUTED_EPS":0.02,"OPERATE_INCOME":2847553000,"OPERATE_INCOME_YOY":0.3331810012,"GROSS_PROFIT":1532028000,"GROSS_PROFIT_YOY":-13.531556172137,"HOLDER_PROFIT":9145000,"HOLDER_PROFIT_YOY":-97.3612301371,"GROSS_PROFIT_RATIO":53.801562253626,"EPS_TTM":0.020138172749,"OPERATE_INCOME_QOQ":-4.08284527933,"NET_PROFIT_RATIO":1.9591558085,"ROE_AVG":0.438784942359,"GROSS_PROFIT_QOQ":-10.926377810608,"ROA":0.294486927775,"HOLDER_PROFIT_QOQ":-97.110091453202,"ROE_YEARLY":0.438784942359,"ROIC_YEARLY":0.985402678959,"TOTAL_ASSETS":3344742000,"TOTAL_LIABILITIES":764616000,"TAX_EBT":47.854859514329,"OCF_SALES":12.227761871333,"TOTAL_PARENT_EQUITY":2296459000,"DEBT_ASSET_RATIO":22.8602385475,"OPERATE_PROFIT":87689000,"PRETAX_PROFIT":106986000,"NETCASH_OPERATE":348192000,"NETCASH_INVEST":387188000,"NETCASH_FINANCE":330402000,"END_CASH":2319512000,"DIVI_RATIO":null,"DIVIDEND_RATE":null,"CURRENT_RATIO":4.066738611753,"COMMON_ACS":1000000000,"CURRENTDEBT_DEBT":89.074123481591,"ISSUED_COMMON_SHARES":491099669,"HK_COMMON_SHARES":491099669,"PER_SHARES":200,"TOTAL_MARKET_CAP":11933721956.7,"HKSK_MARKET_CAP":11933721956.7,"PE_TTM":338.388886725473,"PB_TTM":6.251237920109,"REPORT_DATE_SQ":"2019-12-31 00:00:00","REPORT_TYPE_SQ":"2019年年报","OPERATE_INCOME_SQ":2838097000,"DPS_HKD":null,"OPERATE_INCOME_QOQ_SQ":50.393989109261,"NET_PROFIT_RATIO_SQ":18.0906078968,"HOLDER_PROFIT_SQ":346563000,"HOLDER_PROFIT_QOQ_SQ":21.315004620684,"ROE_AVG_SQ":23.497517106337,"PE_TTM_SQ":-55.845763064409,"PB_TTM_SQ":1.796118910209,"ROA_SQ":15.28747805995,"START_DATE":"2020-01-01 00:00:00","FISCAL_YEAR":"12-31","CURRENCY":"HKD","IS_CNY_CODE":0,"DPS_HKD_LY":null,"ORG_TYPE":"一般企业","PREMIUM_INCOME":null,"PREMIUM_INCOME_YOY":null,"NET_INTEREST_INCOME":null,"NET_INTEREST_INCOME_YOY":null,"FEE_COMMISSION_INCOME":null,"FEE_COMMISSION_INCOME_YOY":null,"ACCOUNTS_RECE_TDAYS":8.074682690017,"INVENTORY_TDAYS":null,"CURRENT_ASSETS_TDAYS":1.107120411052,"TOTAL_ASSETS_TDAYS":0.916967889171,"PREMIUM_EXPENSE":null,"LOAN_DEPOSIT":null,"LOAN_EQUITY":null,"LOAN_ASSETS":null,"DEPOSIT_EQUITY":null,"DEPOSIT_ASSETS":null,"EQUITY_MULTIPLIER":1.296348317872,"EQUITY_RATIO":0.332954344058},{"SECUCODE":"02400.HK","SECURITY_CODE":"02400","SECURITY_NAME_ABBR":"心动公司","ORG_CODE":"10000039167","STD_REPORT_DATE":"2020-06-30 00:00:00","REPORT_DATE":"2020-06-30 00:00:00","DATE_TYPE_CODE":"002","REPORT_TYPE":"2020年中报","PER_NETCASH_OPERATE":0.893461380758,"PER_OI":3.365464343247,"BPS":4.332356819406,"BASIC_EPS":0.49,"DILUTED_EPS":0.49,"OPERATE_INCOME":1440481000,"OPERATE_INCOME_YOY":9.9759126289,"GROSS_PROFIT":825800000,"GROSS_PROFIT_YOY":-5.904605637975,"HOLDER_PROFIT":206546000,"HOLDER_PROFIT_YOY":-12.7256901163,"GROSS_PROFIT_RATIO":57.328073053376,"EPS_TTM":0.739327856156,"OPERATE_INCOME_QOQ":4.604000497516,"NET_PROFIT_RATIO":18.0434174418,"ROE_AVG":10.328619481139,"GROSS_PROFIT_QOQ":-2.92474730172,"ROA":6.903819953713,"HOLDER_PROFIT_QOQ":-8.690194856346,"ROE_YEARLY":20.657238962277,"ROIC_YEARLY":44.318468317207,"TOTAL_ASSETS":3117468000,"TOTAL_LIABILITIES":569054000,"TAX_EBT":8.875067490341,"OCF_SALES":26.547937806885,"TOTAL_PARENT_EQUITY":2127619000,"DEBT_ASSET_RATIO":18.2537238554,"OPERATE_PROFIT":273215000,"PRETAX_PROFIT":285226000,"NETCASH_OPERATE":382418000,"NETCASH_INVEST":237545000,"NETCASH_FINANCE":-33027000,"END_CASH":1947006000,"DIVI_RATIO":null,"DIVIDEND_RATE":null,"CURRENT_RATIO":4.852466697905,"COMMON_ACS":1000000000,"CURRENTDEBT_DEBT":94.508429779951,"ISSUED_COMMON_SHARES":491099669,"HK_COMMON_SHARES":491099669,"PER_SHARES":200,"TOTAL_MARKET_CAP":11933721956.7,"HKSK_MARKET_CAP":11933721956.7,"PE_TTM":338.388886725473,"PB_TTM":6.251237920109,"REPORT_DATE_SQ":"2019-06-30 00:00:00","REPORT_TYPE_SQ":"2019年中报","OPERATE_INCOME_SQ":1309815000,"DPS_HKD":null,"OPERATE_INCOME_QOQ_SQ":0,"NET_PROFIT_RATIO_SQ":24.9590972771,"HOLDER_PROFIT_SQ":236663000,"HOLDER_PROFIT_QOQ_SQ":0,"ROE_AVG_SQ":null,"PE_TTM_SQ":-55.845763064409,"PB_TTM_SQ":1.796118910209,"ROA_SQ":null,"START_DATE":"2020-01-01 00:00:00","FISCAL_YEAR":"12-31","CURRENCY":"HKD","IS_CNY_CODE":0,"DPS_HKD_LY":null,"ORG_TYPE":"一般企业","PREMIUM_INCOME":null,"PREMIUM_INCOME_YOY":null,"NET_INTEREST_INCOME":null,"NET_INTEREST_INCOME_YOY":null,"FEE_COMMISSION_INCOME":null,"FEE_COMMISSION_INCOME_YOY":null,"ACCOUNTS_RECE_TDAYS":3.839526723112,"INVENTORY_TDAYS":null,"CURRENT_ASSETS_TDAYS":0.57804294669,"TOTAL_ASSETS_TDAYS":0.481482162363,"PREMIUM_EXPENSE":null,"LOAN_DEPOSIT":null,"LOAN_EQUITY":null,"LOAN_ASSETS":null,"DEPOSIT_EQUITY":null,"DEPOSIT_ASSETS":null,"EQUITY_MULTIPLIER":1.223297313545,"EQUITY_RATIO":0.267460480471}],"count":14},"success":true,"message":"ok","code":0}