{"version":"58e0380c891e19cce6e6c4d20f4a5115","result":{"pages":2,"data":[{"SECUCODE":"02407.HK","SECURITY_CODE":"02407","SECURITY_NAME_ABBR":"高视医疗","ORG_CODE":"10000357368","STD_REPORT_DATE":"2024-06-30 00:00:00","REPORT_DATE":"2024-06-30 00:00:00","DATE_TYPE_CODE":"002","REPORT_TYPE":"2024年中报","PER_NETCASH_OPERATE":-0.073183570962,"PER_OI":4.338936263652,"BPS":10.417135701644,"BASIC_EPS":0.19,"DILUTED_EPS":0.19,"OPERATE_INCOME":642034000,"OPERATE_INCOME_YOY":-8.3728769536,"GROSS_PROFIT":298353000,"GROSS_PROFIT_YOY":-16.100357979455,"HOLDER_PROFIT":28474000,"HOLDER_PROFIT_YOY":-74.4159718229,"GROSS_PROFIT_RATIO":46.469968880153,"EPS_TTM":0.61296731645,"OPERATE_INCOME_QOQ":-4.1720533793,"NET_PROFIT_RATIO":4.1941704022,"ROE_AVG":1.768003141847,"GROSS_PROFIT_QOQ":-8.278484673222,"ROA":1.007663822342,"HOLDER_PROFIT_QOQ":-47.7296957752,"ROE_YEARLY":3.536006283695,"ROIC_YEARLY":2.596401338869,"TOTAL_ASSETS":2807771000,"TOTAL_LIABILITIES":1251830000,"TAX_EBT":53.886462882096,"OCF_SALES":-1.686670799366,"TOTAL_PARENT_EQUITY":1540568000,"DEBT_ASSET_RATIO":44.5844764406,"OPERATE_PROFIT":78998000,"PRETAX_PROFIT":58395000,"NETCASH_OPERATE":-10829000,"NETCASH_INVEST":5171000,"NETCASH_FINANCE":-59304000,"END_CASH":546839000,"DIVI_RATIO":1.626256365141,"DIVIDEND_RATE":11.95652173913,"CURRENT_RATIO":1.873619736351,"COMMON_ACS":500000000,"CURRENTDEBT_DEBT":59.11952900953,"ISSUED_COMMON_SHARES":147887869,"HK_COMMON_SHARES":147887869,"PER_SHARES":100,"TOTAL_MARKET_CAP":1360568394.8,"HKSK_MARKET_CAP":1360568394.8,"PE_TTM":13.343601217381,"PB_TTM":0.806042682028,"REPORT_DATE_SQ":"2023-06-30 00:00:00","REPORT_TYPE_SQ":"2023年中报","OPERATE_INCOME_SQ":700703000,"DPS_HKD":1.1,"OPERATE_INCOME_QOQ_SQ":9.79665572646,"NET_PROFIT_RATIO_SQ":15.7586024321,"HOLDER_PROFIT_SQ":111296000,"HOLDER_PROFIT_QOQ_SQ":46.459145526988,"ROE_AVG_SQ":7.206640189568,"PE_TTM_SQ":-21.225266914396,"PB_TTM_SQ":2.548792918829,"ROA_SQ":3.998928550448,"START_DATE":"2024-01-01 00:00:00","FISCAL_YEAR":"12-31","CURRENCY":"HKD","IS_CNY_CODE":0,"DPS_HKD_LY":1.1,"ORG_TYPE":"一般企业","PREMIUM_INCOME":null,"PREMIUM_INCOME_YOY":null,"NET_INTEREST_INCOME":null,"NET_INTEREST_INCOME_YOY":null,"FEE_COMMISSION_INCOME":null,"FEE_COMMISSION_INCOME_YOY":null,"ACCOUNTS_RECE_TDAYS":4.422848797559,"INVENTORY_TDAYS":0.988739768984,"CURRENT_ASSETS_TDAYS":0.462317868467,"TOTAL_ASSETS_TDAYS":0.227208834204,"PREMIUM_EXPENSE":null,"LOAN_DEPOSIT":null,"LOAN_EQUITY":null,"LOAN_ASSETS":null,"DEPOSIT_EQUITY":null,"DEPOSIT_ASSETS":null,"EQUITY_MULTIPLIER":1.804548501519,"EQUITY_RATIO":0.812576919682},{"SECUCODE":"02407.HK","SECURITY_CODE":"02407","SECURITY_NAME_ABBR":"高视医疗","ORG_CODE":"10000357368","STD_REPORT_DATE":"2023-12-31 00:00:00","REPORT_DATE":"2023-12-31 00:00:00","DATE_TYPE_CODE":"001","REPORT_TYPE":"2023年年报","PER_NETCASH_OPERATE":1.683026146944,"PER_OI":9.503510800869,"BPS":11.363115929407,"BASIC_EPS":1.17,"DILUTED_EPS":null,"OPERATE_INCOME":1406238000,"OPERATE_INCOME_YOY":12.1594212724,"GROSS_PROFIT":691600000,"GROSS_PROFIT_YOY":10.596189580675,"HOLDER_PROFIT":173523000,"HOLDER_PROFIT_YOY":149.6320280076,"GROSS_PROFIT_RATIO":49.180864121152,"EPS_TTM":1.17268748583,"OPERATE_INCOME_QOQ":2.151946733071,"NET_PROFIT_RATIO":12.2962115943,"ROE_AVG":11.017249392386,"GROSS_PROFIT_QOQ":-1.158204040566,"ROA":6.239806595231,"HOLDER_PROFIT_QOQ":192.699357334031,"ROE_YEARLY":11.017249392386,"ROIC_YEARLY":8.550751097468,"TOTAL_ASSETS":2843717000,"TOTAL_LIABILITIES":1146731000,"TAX_EBT":30.202030395382,"OCF_SALES":17.709520010126,"TOTAL_PARENT_EQUITY":1680467000,"DEBT_ASSET_RATIO":40.3250745415,"OPERATE_PROFIT":298341000,"PRETAX_PROFIT":247735000,"NETCASH_OPERATE":249038000,"NETCASH_INVEST":-167654000,"NETCASH_FINANCE":-189936000,"END_CASH":618695000,"DIVI_RATIO":0.850049149535,"DIVIDEND_RATE":10.576923076923,"CURRENT_RATIO":1.559815491658,"COMMON_ACS":500000000,"CURRENTDEBT_DEBT":77.757294430865,"ISSUED_COMMON_SHARES":147887869,"HK_COMMON_SHARES":147887869,"PER_SHARES":100,"TOTAL_MARKET_CAP":1538033837.6,"HKSK_MARKET_CAP":1538033837.6,"PE_TTM":15.084070941387,"PB_TTM":0.911178684031,"REPORT_DATE_SQ":"2022-12-31 00:00:00","REPORT_TYPE_SQ":"2022年年报","OPERATE_INCOME_SQ":1253785000,"DPS_HKD":1.1,"OPERATE_INCOME_QOQ_SQ":180760.662824208,"NET_PROFIT_RATIO_SQ":-28.1317769793,"HOLDER_PROFIT_SQ":-349619000,"HOLDER_PROFIT_QOQ_SQ":-68.801027428676,"ROE_AVG_SQ":-85.993912375096,"PE_TTM_SQ":-24.452910808816,"PB_TTM_SQ":2.936377957725,"ROA_SQ":-13.591268317913,"START_DATE":"2023-01-01 00:00:00","FISCAL_YEAR":"12-31","CURRENCY":"HKD","IS_CNY_CODE":0,"DPS_HKD_LY":null,"ORG_TYPE":"一般企业","PREMIUM_INCOME":null,"PREMIUM_INCOME_YOY":null,"NET_INTEREST_INCOME":null,"NET_INTEREST_INCOME_YOY":null,"FEE_COMMISSION_INCOME":null,"FEE_COMMISSION_INCOME_YOY":null,"ACCOUNTS_RECE_TDAYS":8.987269125072,"INVENTORY_TDAYS":2.344432105792,"CURRENT_ASSETS_TDAYS":1.035075464546,"TOTAL_ASSETS_TDAYS":0.505676662279,"PREMIUM_EXPENSE":null,"LOAN_DEPOSIT":null,"LOAN_EQUITY":null,"LOAN_ASSETS":null,"DEPOSIT_EQUITY":null,"DEPOSIT_ASSETS":null,"EQUITY_MULTIPLIER":1.675745704442,"EQUITY_RATIO":0.682388288494},{"SECUCODE":"02407.HK","SECURITY_CODE":"02407","SECURITY_NAME_ABBR":"高视医疗","ORG_CODE":"10000357368","STD_REPORT_DATE":"2023-06-30 00:00:00","REPORT_DATE":"2023-06-30 00:00:00","DATE_TYPE_CODE":"002","REPORT_TYPE":"2023年中报","PER_NETCASH_OPERATE":0.751413953695,"PER_OI":4.735427807171,"BPS":10.948497743246,"BASIC_EPS":0.75,"DILUTED_EPS":0.75,"OPERATE_INCOME":700703000,"OPERATE_INCOME_YOY":21.2553255554,"GROSS_PROFIT":355607000,"GROSS_PROFIT_YOY":26.442090591343,"HOLDER_PROFIT":111296000,"HOLDER_PROFIT_YOY":317.6555716353,"GROSS_PROFIT_RATIO":50.750032467394,"EPS_TTM":-1.265043814279,"OPERATE_INCOME_QOQ":9.79665572646,"NET_PROFIT_RATIO":15.7586024321,"ROE_AVG":7.206640189568,"GROSS_PROFIT_QOQ":11.892128736779,"ROA":3.998928550448,"HOLDER_PROFIT_QOQ":46.459145526988,"ROE_YEARLY":14.413280379136,"ROIC_YEARLY":10.991955979239,"TOTAL_ASSETS":2848201000,"TOTAL_LIABILITIES":1212798000,"TAX_EBT":22.36393421876,"OCF_SALES":15.867921216264,"TOTAL_PARENT_EQUITY":1619150000,"DEBT_ASSET_RATIO":42.5811942345,"OPERATE_PROFIT":165912000,"PRETAX_PROFIT":142229000,"NETCASH_OPERATE":111187000,"NETCASH_INVEST":-115431000,"NETCASH_FINANCE":-70433000,"END_CASH":642505000,"DIVI_RATIO":-0.787990098642,"DIVIDEND_RATE":10.576923076923,"CURRENT_RATIO":1.580099778902,"COMMON_ACS":500000000,"CURRENTDEBT_DEBT":72.422777742048,"ISSUED_COMMON_SHARES":147887869,"HK_COMMON_SHARES":147887869,"PER_SHARES":100,"TOTAL_MARKET_CAP":1538033837.6,"HKSK_MARKET_CAP":1538033837.6,"PE_TTM":15.084070941387,"PB_TTM":0.911178684031,"REPORT_DATE_SQ":"2022-06-30 00:00:00","REPORT_TYPE_SQ":"2022年中报","OPERATE_INCOME_SQ":577874000,"DPS_HKD":1.1,"OPERATE_INCOME_QOQ_SQ":null,"NET_PROFIT_RATIO_SQ":-9.2172342068,"HOLDER_PROFIT_SQ":-51134000,"HOLDER_PROFIT_QOQ_SQ":-8.754141572196,"ROE_AVG_SQ":7.432159416288,"PE_TTM_SQ":-24.452910808816,"PB_TTM_SQ":2.936377957725,"ROA_SQ":-2.115323477902,"START_DATE":"2023-01-01 00:00:00","FISCAL_YEAR":"12-31","CURRENCY":"HKD","IS_CNY_CODE":0,"DPS_HKD_LY":null,"ORG_TYPE":"一般企业","PREMIUM_INCOME":null,"PREMIUM_INCOME_YOY":null,"NET_INTEREST_INCOME":null,"NET_INTEREST_INCOME_YOY":null,"FEE_COMMISSION_INCOME":null,"FEE_COMMISSION_INCOME_YOY":null,"ACCOUNTS_RECE_TDAYS":4.308478880427,"INVENTORY_TDAYS":1.177052831559,"CURRENT_ASSETS_TDAYS":0.516323398185,"TOTAL_ASSETS_TDAYS":0.251766571313,"PREMIUM_EXPENSE":null,"LOAN_DEPOSIT":null,"LOAN_EQUITY":null,"LOAN_ASSETS":null,"DEPOSIT_EQUITY":null,"DEPOSIT_ASSETS":null,"EQUITY_MULTIPLIER":1.741589687678,"EQUITY_RATIO":0.749033752277},{"SECUCODE":"02407.HK","SECURITY_CODE":"02407","SECURITY_NAME_ABBR":"高视医疗","ORG_CODE":"10000357368","STD_REPORT_DATE":"2022-12-31 00:00:00","REPORT_DATE":"2022-12-31 00:00:00","DATE_TYPE_CODE":"001","REPORT_TYPE":"2022年年报","PER_NETCASH_OPERATE":1.584629787315,"PER_OI":8.475250010192,"BPS":9.936967852312,"BASIC_EPS":-3.61,"DILUTED_EPS":null,"OPERATE_INCOME":1253785000,"OPERATE_INCOME_YOY":-3.4226146918,"GROSS_PROFIT":625338000,"GROSS_PROFIT_YOY":2.603405248158,"HOLDER_PROFIT":-349619000,"HOLDER_PROFIT_YOY":-83.5781083451,"GROSS_PROFIT_RATIO":49.876015425292,"EPS_TTM":-2.363330581649,"OPERATE_INCOME_QOQ":180760.662824208,"NET_PROFIT_RATIO":-28.1317769793,"ROE_AVG":-85.993912375096,"GROSS_PROFIT_QOQ":5363.37585182597,"ROA":-13.591268317913,"HOLDER_PROFIT_QOQ":-68.801027428676,"ROE_YEARLY":-85.993912375096,"ROIC_YEARLY":-18.982921457273,"TOTAL_ASSETS":2718090000,"TOTAL_LIABILITIES":1231405000,"TAX_EBT":-28.21508284441,"OCF_SALES":18.697145044804,"TOTAL_PARENT_EQUITY":1469557000,"DEBT_ASSET_RATIO":45.3040554213,"OPERATE_PROFIT":-232412000,"PRETAX_PROFIT":-275094000,"NETCASH_OPERATE":234422000,"NETCASH_INVEST":-136040000,"NETCASH_FINANCE":3078000,"END_CASH":721523000,"DIVI_RATIO":-0.421795413532,"DIVIDEND_RATE":10.576923076923,"CURRENT_RATIO":2.692391544853,"COMMON_ACS":500000000,"CURRENTDEBT_DEBT":40.004953691109,"ISSUED_COMMON_SHARES":147887869,"HK_COMMON_SHARES":147887869,"PER_SHARES":100,"TOTAL_MARKET_CAP":1538033837.6,"HKSK_MARKET_CAP":1538033837.6,"PE_TTM":15.084070941387,"PB_TTM":0.911178684031,"REPORT_DATE_SQ":"2021-12-31 00:00:00","REPORT_TYPE_SQ":"2021年年报","OPERATE_INCOME_SQ":1298218000,"DPS_HKD":1.1,"OPERATE_INCOME_QOQ_SQ":null,"NET_PROFIT_RATIO_SQ":null,"HOLDER_PROFIT_SQ":-190447000,"HOLDER_PROFIT_QOQ_SQ":-469.00466954719,"ROE_AVG_SQ":60.382018588887,"PE_TTM_SQ":-24.452910808816,"PB_TTM_SQ":2.936377957725,"ROA_SQ":-8.169404679305,"START_DATE":"2022-01-01 00:00:00","FISCAL_YEAR":"12-31","CURRENCY":"HKD","IS_CNY_CODE":0,"DPS_HKD_LY":null,"ORG_TYPE":"一般企业","PREMIUM_INCOME":null,"PREMIUM_INCOME_YOY":null,"NET_INTEREST_INCOME":null,"NET_INTEREST_INCOME_YOY":null,"FEE_COMMISSION_INCOME":null,"FEE_COMMISSION_INCOME_YOY":null,"ACCOUNTS_RECE_TDAYS":7.453002071624,"INVENTORY_TDAYS":2.411404584166,"CURRENT_ASSETS_TDAYS":1.037852088994,"TOTAL_ASSETS_TDAYS":0.487402811288,"PREMIUM_EXPENSE":null,"LOAN_DEPOSIT":null,"LOAN_EQUITY":null,"LOAN_ASSETS":null,"DEPOSIT_EQUITY":null,"DEPOSIT_ASSETS":null,"EQUITY_MULTIPLIER":1.828289113028,"EQUITY_RATIO":0.837942999149},{"SECUCODE":"02407.HK","SECURITY_CODE":"02407","SECURITY_NAME_ABBR":"高视医疗","ORG_CODE":"10000357368","STD_REPORT_DATE":"2022-06-30 00:00:00","REPORT_DATE":"2022-06-30 00:00:00","DATE_TYPE_CODE":"002","REPORT_TYPE":"2022年中报","PER_NETCASH_OPERATE":0.777159469538,"PER_OI":5.966682405538,"BPS":-4.865767590444,"BASIC_EPS":-0.54,"DILUTED_EPS":null,"OPERATE_INCOME":577874000,"OPERATE_INCOME_YOY":-0.1199513281,"GROSS_PROFIT":281241000,"GROSS_PROFIT_YOY":4.242480401787,"HOLDER_PROFIT":-51134000,"HOLDER_PROFIT_YOY":-48.37792351,"GROSS_PROFIT_RATIO":48.668221792294,"EPS_TTM":-2.138551471692,"OPERATE_INCOME_QOQ":null,"NET_PROFIT_RATIO":-9.2172342068,"ROE_AVG":7.432159416288,"GROSS_PROFIT_QOQ":null,"ROA":-2.115323477902,"HOLDER_PROFIT_QOQ":-8.754141572196,"ROE_YEARLY":14.864318832575,"ROIC_YEARLY":-5.683271587838,"TOTAL_ASSETS":2407958000,"TOTAL_LIABILITIES":3106115000,"TAX_EBT":-65.688866768283,"OCF_SALES":13.024984685243,"TOTAL_PARENT_EQUITY":-719588000,"DEBT_ASSET_RATIO":128.9937366017,"OPERATE_PROFIT":-11448000,"PRETAX_PROFIT":-32147000,"NETCASH_OPERATE":75268000,"NETCASH_INVEST":-14782000,"NETCASH_FINANCE":-85283000,"END_CASH":582226000,"DIVI_RATIO":-0.466129533563,"DIVIDEND_RATE":10.576923076923,"CURRENT_RATIO":2.516843907944,"COMMON_ACS":500000000,"CURRENTDEBT_DEBT":13.892627929101,"ISSUED_COMMON_SHARES":147887869,"HK_COMMON_SHARES":147887869,"PER_SHARES":100,"TOTAL_MARKET_CAP":1538033837.6,"HKSK_MARKET_CAP":1538033837.6,"PE_TTM":15.084070941387,"PB_TTM":0.911178684031,"REPORT_DATE_SQ":"2021-06-30 00:00:00","REPORT_TYPE_SQ":"2021年中报","OPERATE_INCOME_SQ":578568000,"DPS_HKD":1.1,"OPERATE_INCOME_QOQ_SQ":23.953953693839,"NET_PROFIT_RATIO_SQ":-5.9776897443,"HOLDER_PROFIT_SQ":-34462000,"HOLDER_PROFIT_QOQ_SQ":-48.060221200197,"ROE_AVG_SQ":13.873088334159,"PE_TTM_SQ":-24.452910808816,"PB_TTM_SQ":2.936377957725,"ROA_SQ":-1.485838679448,"START_DATE":"2022-01-01 00:00:00","FISCAL_YEAR":"12-31","CURRENCY":"HKD","IS_CNY_CODE":0,"DPS_HKD_LY":null,"ORG_TYPE":"一般企业","PREMIUM_INCOME":null,"PREMIUM_INCOME_YOY":null,"NET_INTEREST_INCOME":null,"NET_INTEREST_INCOME_YOY":null,"FEE_COMMISSION_INCOME":null,"FEE_COMMISSION_INCOME_YOY":null,"ACCOUNTS_RECE_TDAYS":3.46760116292,"INVENTORY_TDAYS":1.172318806787,"CURRENT_ASSETS_TDAYS":0.531170318569,"TOTAL_ASSETS_TDAYS":0.239056291209,"PREMIUM_EXPENSE":null,"LOAN_DEPOSIT":null,"LOAN_EQUITY":null,"LOAN_ASSETS":null,"DEPOSIT_EQUITY":null,"DEPOSIT_ASSETS":null,"EQUITY_MULTIPLIER":-3.449020778996,"EQUITY_RATIO":-4.316518618988},{"SECUCODE":"02407.HK","SECURITY_CODE":"02407","SECURITY_NAME_ABBR":"高视医疗","ORG_CODE":"10000357368","STD_REPORT_DATE":"2021-12-31 00:00:00","REPORT_DATE":"2021-12-31 00:00:00","DATE_TYPE_CODE":"001","REPORT_TYPE":"2021年年报","PER_NETCASH_OPERATE":1.613405215692,"PER_OI":12.733920773231,"BPS":-4.438714307257,"BASIC_EPS":-1.99,"DILUTED_EPS":null,"OPERATE_INCOME":1298218000,"OPERATE_INCOME_YOY":null,"GROSS_PROFIT":609471000,"GROSS_PROFIT_YOY":39.730201271502,"HOLDER_PROFIT":-190447000,"HOLDER_PROFIT_YOY":-291.6602091238,"GROSS_PROFIT_RATIO":null,"EPS_TTM":-1.868050673692,"OPERATE_INCOME_QOQ":null,"NET_PROFIT_RATIO":null,"ROE_AVG":60.382018588887,"GROSS_PROFIT_QOQ":null,"ROA":-8.169404679305,"HOLDER_PROFIT_QOQ":-469.00466954719,"ROE_YEARLY":60.382018588887,"ROIC_YEARLY":-10.292449049683,"TOTAL_ASSETS":2426669000,"TOTAL_LIABILITIES":3060040000,"TAX_EBT":-38.855788466557,"OCF_SALES":null,"TOTAL_PARENT_EQUITY":-656432000,"DEBT_ASSET_RATIO":126.1004282001,"OPERATE_PROFIT":-132339000,"PRETAX_PROFIT":-137964000,"NETCASH_OPERATE":164486000,"NETCASH_INVEST":79835000,"NETCASH_FINANCE":72843000,"END_CASH":608996000,"DIVI_RATIO":-0.533626851797,"DIVIDEND_RATE":10.576923076923,"CURRENT_RATIO":2.469842600882,"COMMON_ACS":500000000,"CURRENTDEBT_DEBT":14.419255957439,"ISSUED_COMMON_SHARES":147887869,"HK_COMMON_SHARES":147887869,"PER_SHARES":100,"TOTAL_MARKET_CAP":1538033837.6,"HKSK_MARKET_CAP":1538033837.6,"PE_TTM":15.084070941387,"PB_TTM":0.911178684031,"REPORT_DATE_SQ":"2020-12-31 00:00:00","REPORT_TYPE_SQ":"2020年年报","OPERATE_INCOME_SQ":962075000,"DPS_HKD":1.1,"OPERATE_INCOME_QOQ_SQ":-13.064595560495,"NET_PROFIT_RATIO_SQ":10.2422368318,"HOLDER_PROFIT_SQ":99367000,"HOLDER_PROFIT_QOQ_SQ":368.262195945034,"ROE_AVG_SQ":-356.761511533974,"PE_TTM_SQ":-24.452910808816,"PB_TTM_SQ":2.936377957725,"ROA_SQ":6.087148023486,"START_DATE":"2021-01-01 00:00:00","FISCAL_YEAR":"12-31","CURRENCY":"HKD","IS_CNY_CODE":0,"DPS_HKD_LY":null,"ORG_TYPE":"一般企业","PREMIUM_INCOME":null,"PREMIUM_INCOME_YOY":null,"NET_INTEREST_INCOME":null,"NET_INTEREST_INCOME_YOY":null,"FEE_COMMISSION_INCOME":null,"FEE_COMMISSION_INCOME_YOY":null,"ACCOUNTS_RECE_TDAYS":7.617532638991,"INVENTORY_TDAYS":null,"CURRENT_ASSETS_TDAYS":null,"TOTAL_ASSETS_TDAYS":null,"PREMIUM_EXPENSE":null,"LOAN_DEPOSIT":null,"LOAN_EQUITY":null,"LOAN_ASSETS":null,"DEPOSIT_EQUITY":null,"DEPOSIT_ASSETS":null,"EQUITY_MULTIPLIER":-3.831354766801,"EQUITY_RATIO":-4.661625271163},{"SECUCODE":"02407.HK","SECURITY_CODE":"02407","SECURITY_NAME_ABBR":"高视医疗","ORG_CODE":"10000357368","STD_REPORT_DATE":"2021-06-30 00:00:00","REPORT_DATE":"2021-06-30 00:00:00","DATE_TYPE_CODE":"002","REPORT_TYPE":"2021年中报","PER_NETCASH_OPERATE":0.144080738254,"PER_OI":5.932709740952,"BPS":-3.532696789349,"BASIC_EPS":-0.34,"DILUTED_EPS":-0.34,"OPERATE_INCOME":578568000,"OPERATE_INCOME_YOY":66.2012047812,"GROSS_PROFIT":269795000,"GROSS_PROFIT_YOY":72.49878519731,"HOLDER_PROFIT":-34462000,"HOLDER_PROFIT_YOY":-359.2297276967,"GROSS_PROFIT_RATIO":46.631510902781,"EPS_TTM":0.529225747778,"OPERATE_INCOME_QOQ":23.953953693839,"NET_PROFIT_RATIO":-5.9776897443,"ROE_AVG":13.873088334159,"GROSS_PROFIT_QOQ":25.996556443829,"ROA":-1.485838679448,"HOLDER_PROFIT_QOQ":-48.060221200197,"ROE_YEARLY":27.746176668317,"ROIC_YEARLY":-3.623039660047,"TOTAL_ASSETS":2402951000,"TOTAL_LIABILITIES":2902332000,"TAX_EBT":-200.425642807505,"OCF_SALES":2.428582292833,"TOTAL_PARENT_EQUITY":-522443000,"DEBT_ASSET_RATIO":120.78198848,"OPERATE_PROFIT":48960000,"PRETAX_PROFIT":-11512000,"NETCASH_OPERATE":14051000,"NETCASH_INVEST":98011000,"NETCASH_FINANCE":78687000,"END_CASH":481229000,"DIVI_RATIO":1.883585604415,"DIVIDEND_RATE":10.576923076923,"CURRENT_RATIO":2.215829164523,"COMMON_ACS":500000000,"CURRENTDEBT_DEBT":15.200638658844,"ISSUED_COMMON_SHARES":147887869,"HK_COMMON_SHARES":147887869,"PER_SHARES":100,"TOTAL_MARKET_CAP":1538033837.6,"HKSK_MARKET_CAP":1538033837.6,"PE_TTM":15.084070941387,"PB_TTM":0.911178684031,"REPORT_DATE_SQ":"2020-06-30 00:00:00","REPORT_TYPE_SQ":"2020年中报","OPERATE_INCOME_SQ":348113000,"DPS_HKD":1.1,"OPERATE_INCOME_QOQ_SQ":0,"NET_PROFIT_RATIO_SQ":3.7114385271,"HOLDER_PROFIT_SQ":13294000,"HOLDER_PROFIT_QOQ_SQ":0,"ROE_AVG_SQ":null,"PE_TTM_SQ":-24.452910808816,"PB_TTM_SQ":2.936377957725,"ROA_SQ":null,"START_DATE":"2021-01-01 00:00:00","FISCAL_YEAR":"12-31","CURRENCY":"HKD","IS_CNY_CODE":0,"DPS_HKD_LY":null,"ORG_TYPE":"一般企业","PREMIUM_INCOME":null,"PREMIUM_INCOME_YOY":null,"NET_INTEREST_INCOME":null,"NET_INTEREST_INCOME_YOY":null,"FEE_COMMISSION_INCOME":null,"FEE_COMMISSION_INCOME_YOY":null,"ACCOUNTS_RECE_TDAYS":3.427606615066,"INVENTORY_TDAYS":1.199747440406,"CURRENT_ASSETS_TDAYS":0.670181472153,"TOTAL_ASSETS_TDAYS":0.249451196417,"PREMIUM_EXPENSE":null,"LOAN_DEPOSIT":null,"LOAN_EQUITY":null,"LOAN_ASSETS":null,"DEPOSIT_EQUITY":null,"DEPOSIT_ASSETS":null,"EQUITY_MULTIPLIER":-4.811859081543,"EQUITY_RATIO":-5.555308425991},{"SECUCODE":"02407.HK","SECURITY_CODE":"02407","SECURITY_NAME_ABBR":"高视医疗","ORG_CODE":"10000357368","STD_REPORT_DATE":"2020-12-31 00:00:00","REPORT_DATE":"2020-12-31 00:00:00","DATE_TYPE_CODE":"001","REPORT_TYPE":"2020年年报","PER_NETCASH_OPERATE":1.178116006806,"PER_OI":8.718671065972,"BPS":0.173273170905,"BASIC_EPS":0.94,"DILUTED_EPS":0.94,"OPERATE_INCOME":962075000,"OPERATE_INCOME_YOY":-13.0645955605,"GROSS_PROFIT":436177000,"GROSS_PROFIT_YOY":-5.863449481488,"HOLDER_PROFIT":99367000,"HOLDER_PROFIT_YOY":368.262195945,"GROSS_PROFIT_RATIO":45.33710989268,"EPS_TTM":0.900499636528,"OPERATE_INCOME_QOQ":-13.064595560495,"NET_PROFIT_RATIO":10.2422368318,"ROE_AVG":-356.761511533974,"GROSS_PROFIT_QOQ":-5.863449481488,"ROA":6.087148023486,"HOLDER_PROFIT_QOQ":368.262195945034,"ROE_YEARLY":-356.761511533974,"ROIC_YEARLY":7.670666284293,"TOTAL_ASSETS":2235776000,"TOTAL_LIABILITIES":2187966000,"TAX_EBT":33.935838557206,"OCF_SALES":13.512563989294,"TOTAL_PARENT_EQUITY":25625000,"DEBT_ASSET_RATIO":97.8615925746,"OPERATE_PROFIT":152231000,"PRETAX_PROFIT":149155000,"NETCASH_OPERATE":130001000,"NETCASH_INVEST":-998022000,"NETCASH_FINANCE":856356000,"END_CASH":307490000,"DIVI_RATIO":1.106987676135,"DIVIDEND_RATE":10.576923076923,"CURRENT_RATIO":0.584956657556,"COMMON_ACS":500000000,"CURRENTDEBT_DEBT":58.524675429143,"ISSUED_COMMON_SHARES":147887869,"HK_COMMON_SHARES":147887869,"PER_SHARES":100,"TOTAL_MARKET_CAP":1538033837.6,"HKSK_MARKET_CAP":1538033837.6,"PE_TTM":15.084070941387,"PB_TTM":0.911178684031,"REPORT_DATE_SQ":"2019-12-31 00:00:00","REPORT_TYPE_SQ":"2019年年报","OPERATE_INCOME_SQ":1106655000,"DPS_HKD":1.1,"OPERATE_INCOME_QOQ_SQ":19.433598176532,"NET_PROFIT_RATIO_SQ":-3.4361205615,"HOLDER_PROFIT_SQ":-37041000,"HOLDER_PROFIT_QOQ_SQ":0.944001711505,"ROE_AVG_SQ":129.328584895779,"PE_TTM_SQ":-24.452910808816,"PB_TTM_SQ":2.936377957725,"ROA_SQ":-3.812337994161,"START_DATE":"2020-01-01 00:00:00","FISCAL_YEAR":"12-31","CURRENCY":"HKD","IS_CNY_CODE":0,"DPS_HKD_LY":null,"ORG_TYPE":"一般企业","PREMIUM_INCOME":null,"PREMIUM_INCOME_YOY":null,"NET_INTEREST_INCOME":null,"NET_INTEREST_INCOME_YOY":null,"FEE_COMMISSION_INCOME":null,"FEE_COMMISSION_INCOME_YOY":null,"ACCOUNTS_RECE_TDAYS":5.278368332259,"INVENTORY_TDAYS":2.415872512742,"CURRENT_ASSETS_TDAYS":1.134364557762,"TOTAL_ASSETS_TDAYS":0.589359941902,"PREMIUM_EXPENSE":null,"LOAN_DEPOSIT":null,"LOAN_EQUITY":null,"LOAN_ASSETS":null,"DEPOSIT_EQUITY":null,"DEPOSIT_ASSETS":null,"EQUITY_MULTIPLIER":46.763773269864,"EQUITY_RATIO":85.38403902439},{"SECUCODE":"02407.HK","SECURITY_CODE":"02407","SECURITY_NAME_ABBR":"高视医疗","ORG_CODE":"10000357368","STD_REPORT_DATE":"2020-06-30 00:00:00","REPORT_DATE":"2020-06-30 00:00:00","DATE_TYPE_CODE":"002","REPORT_TYPE":"2020年中报","PER_NETCASH_OPERATE":null,"PER_OI":null,"BPS":null,"BASIC_EPS":0.13,"DILUTED_EPS":0.13,"OPERATE_INCOME":348113000,"OPERATE_INCOME_YOY":null,"GROSS_PROFIT":156404000,"GROSS_PROFIT_YOY":null,"HOLDER_PROFIT":13294000,"HOLDER_PROFIT_YOY":null,"GROSS_PROFIT_RATIO":44.929089117614,"EPS_TTM":-0.3588964225,"OPERATE_INCOME_QOQ":0,"NET_PROFIT_RATIO":3.7114385271,"ROE_AVG":null,"GROSS_PROFIT_QOQ":0,"ROA":null,"HOLDER_PROFIT_QOQ":0,"ROE_YEARLY":null,"ROIC_YEARLY":null,"TOTAL_ASSETS":null,"TOTAL_LIABILITIES":null,"TAX_EBT":53.113659457106,"OCF_SALES":-2.136949783547,"TOTAL_PARENT_EQUITY":null,"DEBT_ASSET_RATIO":null,"OPERATE_PROFIT":28179000,"PRETAX_PROFIT":27556000,"NETCASH_OPERATE":-7439000,"NETCASH_INVEST":104578000,"NETCASH_FINANCE":15360000,"END_CASH":436161000,"DIVI_RATIO":-2.7775200239,"DIVIDEND_RATE":10.576923076923,"CURRENT_RATIO":null,"COMMON_ACS":500000000,"CURRENTDEBT_DEBT":null,"ISSUED_COMMON_SHARES":147887869,"HK_COMMON_SHARES":147887869,"PER_SHARES":100,"TOTAL_MARKET_CAP":1538033837.6,"HKSK_MARKET_CAP":1538033837.6,"PE_TTM":15.084070941387,"PB_TTM":0.911178684031,"REPORT_DATE_SQ":"2019-06-30 00:00:00","REPORT_TYPE_SQ":"2019年中报","OPERATE_INCOME_SQ":null,"DPS_HKD":1.1,"OPERATE_INCOME_QOQ_SQ":0,"NET_PROFIT_RATIO_SQ":null,"HOLDER_PROFIT_SQ":null,"HOLDER_PROFIT_QOQ_SQ":0,"ROE_AVG_SQ":null,"PE_TTM_SQ":-24.452910808816,"PB_TTM_SQ":2.936377957725,"ROA_SQ":null,"START_DATE":"2020-01-01 00:00:00","FISCAL_YEAR":"12-31","CURRENCY":"HKD","IS_CNY_CODE":0,"DPS_HKD_LY":null,"ORG_TYPE":"一般企业","PREMIUM_INCOME":null,"PREMIUM_INCOME_YOY":null,"NET_INTEREST_INCOME":null,"NET_INTEREST_INCOME_YOY":null,"FEE_COMMISSION_INCOME":null,"FEE_COMMISSION_INCOME_YOY":null,"ACCOUNTS_RECE_TDAYS":null,"INVENTORY_TDAYS":null,"CURRENT_ASSETS_TDAYS":0.73503667128,"TOTAL_ASSETS_TDAYS":0.676580142405,"PREMIUM_EXPENSE":null,"LOAN_DEPOSIT":null,"LOAN_EQUITY":null,"LOAN_ASSETS":null,"DEPOSIT_EQUITY":null,"DEPOSIT_ASSETS":null,"EQUITY_MULTIPLIER":null,"EQUITY_RATIO":null}],"count":11},"success":true,"message":"ok","code":0}