{"version":"192793d7088278ce1d49b0433ac161b5","result":{"pages":2,"data":[{"SECUCODE":"02409.HK","SECURITY_CODE":"02409","SECURITY_NAME_ABBR":"洲际船务","ORG_CODE":"10000323885","STD_REPORT_DATE":"2024-06-30 00:00:00","REPORT_DATE":"2024-06-30 00:00:00","DATE_TYPE_CODE":"002","REPORT_TYPE":"2024年中报","PER_NETCASH_OPERATE":0.6607683888,"PER_OI":1.9638325008,"BPS":2.652309888,"BASIC_EPS":0.4347348,"DILUTED_EPS":0.4347348,"OPERATE_INCOME":981916250.4,"OPERATE_INCOME_YOY":15.6136979634,"GROSS_PROFIT":269642478,"GROSS_PROFIT_YOY":124.312492521738,"HOLDER_PROFIT":218942422.8,"HOLDER_PROFIT_YOY":178.5727239753,"GROSS_PROFIT_RATIO":27.460842805092,"EPS_TTM":0.5789749002,"OPERATE_INCOME_QOQ":6.584894816374,"NET_PROFIT_RATIO":23.6293167269,"ROE_AVG":17.142841199513,"GROSS_PROFIT_QOQ":52.610679814273,"ROA":5.679781320747,"HOLDER_PROFIT_QOQ":92.694691266148,"ROE_YEARLY":34.285682399027,"ROIC_YEARLY":12.227227182406,"TOTAL_ASSETS":4202745228,"TOTAL_LIABILITIES":2853214380,"TAX_EBT":0.919106458092,"OCF_SALES":33.646881214708,"TOTAL_PARENT_EQUITY":1326154944,"DEBT_ASSET_RATIO":67.8893015211,"OPERATE_PROFIT":293068269.6,"PRETAX_PROFIT":234172394.4,"NETCASH_OPERATE":330384194.4,"NETCASH_INVEST":-324632866.8,"NETCASH_FINANCE":117763243.2,"END_CASH":314220612,"DIVI_RATIO":0.179999685589,"DIVIDEND_RATE":2.436440677966,"CURRENT_RATIO":1.017725139808,"COMMON_ACS":700000000,"CURRENTDEBT_DEBT":31.086799050831,"ISSUED_COMMON_SHARES":500000000,"HK_COMMON_SHARES":500000000,"PER_SHARES":1000,"TOTAL_MARKET_CAP":2360000000,"HKSK_MARKET_CAP":2360000000,"PE_TTM":7.392602887065,"PB_TTM":1.62418789062,"REPORT_DATE_SQ":"2023-06-30 00:00:00","REPORT_TYPE_SQ":"2023年中报","OPERATE_INCOME_SQ":861105811.8,"DPS_HKD":0.115,"OPERATE_INCOME_QOQ_SQ":-20.857189054097,"NET_PROFIT_RATIO_SQ":9.1121162028,"HOLDER_PROFIT_SQ":79686122.4,"HOLDER_PROFIT_QOQ_SQ":-39.982195575067,"ROE_AVG_SQ":8.236735181644,"PE_TTM_SQ":6.508861557116,"PB_TTM_SQ":1.290265824692,"ROA_SQ":3.142287675468,"START_DATE":"2024-01-01 00:00:00","FISCAL_YEAR":"12-31","CURRENCY":"HKD","IS_CNY_CODE":0,"DPS_HKD_LY":0.115,"ORG_TYPE":"一般企业","PREMIUM_INCOME":null,"PREMIUM_INCOME_YOY":null,"NET_INTEREST_INCOME":null,"NET_INTEREST_INCOME_YOY":null,"FEE_COMMISSION_INCOME":null,"FEE_COMMISSION_INCOME_YOY":null,"ACCOUNTS_RECE_TDAYS":4.586179348912,"INVENTORY_TDAYS":16.106849315068,"CURRENT_ASSETS_TDAYS":1.379331748217,"TOTAL_ASSETS_TDAYS":0.254727681654,"PREMIUM_EXPENSE":null,"LOAN_DEPOSIT":null,"LOAN_EQUITY":null,"LOAN_ASSETS":null,"DEPOSIT_EQUITY":null,"DEPOSIT_ASSETS":null,"EQUITY_MULTIPLIER":3.114226869456,"EQUITY_RATIO":2.151493981083},{"SECUCODE":"02409.HK","SECURITY_CODE":"02409","SECURITY_NAME_ABBR":"洲际船务","ORG_CODE":"10000323885","STD_REPORT_DATE":"2023-12-31 00:00:00","REPORT_DATE":"2023-12-31 00:00:00","DATE_TYPE_CODE":"001","REPORT_TYPE":"2023年年报","PER_NETCASH_OPERATE":0.6714116292,"PER_OI":3.6693202236,"BPS":2.4411517128,"BASIC_EPS":0.3187215,"DILUTED_EPS":0.3187215,"OPERATE_INCOME":1834660111.8,"OPERATE_INCOME_YOY":-27.8659764245,"GROSS_PROFIT":284037518.1,"GROSS_PROFIT_YOY":-34.604845858628,"HOLDER_PROFIT":150231149.7,"HOLDER_PROFIT_YOY":-62.9928815688,"GROSS_PROFIT_RATIO":15.481751430314,"EPS_TTM":0.3004622994,"OPERATE_INCOME_QOQ":-7.310326015673,"NET_PROFIT_RATIO":8.5000424655,"ROE_AVG":15.318230073157,"GROSS_PROFIT_QOQ":-9.2586567787,"ROA":5.443575292825,"HOLDER_PROFIT_QOQ":-37.294182470163,"ROE_YEARLY":15.318230073157,"ROIC_YEARLY":5.848599821324,"TOTAL_ASSETS":3485092113.9,"TOTAL_LIABILITIES":2254614642.9,"TAX_EBT":1.613119442334,"OCF_SALES":18.297984048426,"TOTAL_PARENT_EQUITY":1220575856.4,"DEBT_ASSET_RATIO":64.6931148221,"OPERATE_PROFIT":203804692.5,"PRETAX_PROFIT":158503743.3,"NETCASH_OPERATE":335705814.6,"NETCASH_INVEST":-879982978.8,"NETCASH_FINANCE":602893589.4,"END_CASH":198287269.2,"DIVI_RATIO":0.346849838426,"DIVIDEND_RATE":2.771084337349,"CURRENT_RATIO":1.010727566805,"COMMON_ACS":700000000,"CURRENTDEBT_DEBT":22.724117024318,"ISSUED_COMMON_SHARES":500000000,"HK_COMMON_SHARES":500000000,"PER_SHARES":1000,"TOTAL_MARKET_CAP":2075000000,"HKSK_MARKET_CAP":2075000000,"PE_TTM":6.499852114687,"PB_TTM":1.428046556371,"REPORT_DATE_SQ":"2022-12-31 00:00:00","REPORT_TYPE_SQ":"2022年年报","OPERATE_INCOME_SQ":2500994824.6,"DPS_HKD":0.115,"OPERATE_INCOME_QOQ_SQ":-6.861741994493,"NET_PROFIT_RATIO_SQ":16.410146449,"HOLDER_PROFIT_SQ":399183013.6,"HOLDER_PROFIT_QOQ_SQ":-3.297703950047,"ROE_AVG_SQ":75.452522938799,"PE_TTM_SQ":6.410242442614,"PB_TTM_SQ":1.270716342499,"ROA_SQ":22.142853003614,"START_DATE":"2023-01-01 00:00:00","FISCAL_YEAR":"12-31","CURRENCY":"HKD","IS_CNY_CODE":0,"DPS_HKD_LY":null,"ORG_TYPE":"一般企业","PREMIUM_INCOME":null,"PREMIUM_INCOME_YOY":null,"NET_INTEREST_INCOME":null,"NET_INTEREST_INCOME_YOY":null,"FEE_COMMISSION_INCOME":null,"FEE_COMMISSION_INCOME_YOY":null,"ACCOUNTS_RECE_TDAYS":10.252275785641,"INVENTORY_TDAYS":25.670516503488,"CURRENT_ASSETS_TDAYS":3.827334515366,"TOTAL_ASSETS_TDAYS":0.664782934516,"PREMIUM_EXPENSE":null,"LOAN_DEPOSIT":null,"LOAN_EQUITY":null,"LOAN_ASSETS":null,"DEPOSIT_EQUITY":null,"DEPOSIT_ASSETS":null,"EQUITY_MULTIPLIER":2.832308754968,"EQUITY_RATIO":1.847172898823},{"SECUCODE":"02409.HK","SECURITY_CODE":"02409","SECURITY_NAME_ABBR":"洲际船务","ORG_CODE":"10000323885","STD_REPORT_DATE":"2023-06-30 00:00:00","REPORT_DATE":"2023-06-30 00:00:00","DATE_TYPE_CODE":"002","REPORT_TYPE":"2023年中报","PER_NETCASH_OPERATE":0.2162103876,"PER_OI":1.7222116236,"BPS":2.358067572,"BASIC_EPS":0.180645,"DILUTED_EPS":0.180645,"OPERATE_INCOME":861105811.8,"OPERATE_INCOME_YOY":-42.1581427857,"GROSS_PROFIT":120208408.8,"GROSS_PROFIT_YOY":-50.230415731052,"HOLDER_PROFIT":79686122.4,"HOLDER_PROFIT_YOY":-69.0693891288,"GROSS_PROFIT_RATIO":13.959772092204,"EPS_TTM":0.4791617608,"OPERATE_INCOME_QOQ":-20.857189054097,"NET_PROFIT_RATIO":9.1121162028,"ROE_AVG":8.236735181644,"GROSS_PROFIT_QOQ":-27.932349445295,"ROA":3.142287675468,"HOLDER_PROFIT_QOQ":-39.982195575067,"ROE_YEARLY":16.473470363289,"ROIC_YEARLY":6.872023517425,"TOTAL_ASSETS":2996264679.6,"TOTAL_LIABILITIES":1816652829.6,"TAX_EBT":4.929084223428,"OCF_SALES":12.554228797275,"TOTAL_PARENT_EQUITY":1179033786,"DEBT_ASSET_RATIO":60.6305858748,"OPERATE_PROFIT":106060292.4,"PRETAX_PROFIT":82533087.6,"NETCASH_OPERATE":108105193.8,"NETCASH_INVEST":-599893141.8,"NETCASH_FINANCE":606851587.2,"END_CASH":255417578.4,"DIVI_RATIO":0.217495026786,"DIVIDEND_RATE":2.771084337349,"CURRENT_RATIO":1.247295673077,"COMMON_ACS":700000000,"CURRENTDEBT_DEBT":23.827024963009,"ISSUED_COMMON_SHARES":500000000,"HK_COMMON_SHARES":500000000,"PER_SHARES":1000,"TOTAL_MARKET_CAP":2075000000,"HKSK_MARKET_CAP":2075000000,"PE_TTM":6.499852114687,"PB_TTM":1.428046556371,"REPORT_DATE_SQ":"2022-06-30 00:00:00","REPORT_TYPE_SQ":"2022年中报","OPERATE_INCOME_SQ":1382743030.6,"DPS_HKD":0.115,"OPERATE_INCOME_QOQ_SQ":0,"NET_PROFIT_RATIO_SQ":17.5800494105,"HOLDER_PROFIT_SQ":239288255.6,"HOLDER_PROFIT_QOQ_SQ":0,"ROE_AVG_SQ":null,"PE_TTM_SQ":6.410242442614,"PB_TTM_SQ":1.270716342499,"ROA_SQ":null,"START_DATE":"2023-01-01 00:00:00","FISCAL_YEAR":"12-31","CURRENCY":"HKD","IS_CNY_CODE":0,"DPS_HKD_LY":null,"ORG_TYPE":"一般企业","PREMIUM_INCOME":null,"PREMIUM_INCOME_YOY":null,"NET_INTEREST_INCOME":null,"NET_INTEREST_INCOME_YOY":null,"FEE_COMMISSION_INCOME":null,"FEE_COMMISSION_INCOME_YOY":null,"ACCOUNTS_RECE_TDAYS":4.302745834311,"INVENTORY_TDAYS":14.080609722604,"CURRENT_ASSETS_TDAYS":1.740167195999,"TOTAL_ASSETS_TDAYS":0.339562535884,"PREMIUM_EXPENSE":null,"LOAN_DEPOSIT":null,"LOAN_EQUITY":null,"LOAN_ASSETS":null,"DEPOSIT_EQUITY":null,"DEPOSIT_ASSETS":null,"EQUITY_MULTIPLIER":2.540042879022,"EQUITY_RATIO":1.540797940798},{"SECUCODE":"02409.HK","SECURITY_CODE":"02409","SECURITY_NAME_ABBR":"洲际船务","ORG_CODE":"10000323885","STD_REPORT_DATE":"2022-12-31 00:00:00","REPORT_DATE":"2022-12-31 00:00:00","DATE_TYPE_CODE":"001","REPORT_TYPE":"2022年年报","PER_NETCASH_OPERATE":null,"PER_OI":null,"BPS":1.4570778952,"BASIC_EPS":1.04469,"DILUTED_EPS":1.04469,"OPERATE_INCOME":2500994824.6,"OPERATE_INCOME_YOY":-3.6586020207,"GROSS_PROFIT":434340314.4,"GROSS_PROFIT_YOY":18.168835567276,"HOLDER_PROFIT":399183013.6,"HOLDER_PROFIT_YOY":70.4970699349,"GROSS_PROFIT_RATIO":17.366701847113,"EPS_TTM":null,"OPERATE_INCOME_QOQ":-6.861741994493,"NET_PROFIT_RATIO":16.410146449,"ROE_AVG":75.452522938799,"GROSS_PROFIT_QOQ":-10.463974285704,"ROA":22.142853003614,"HOLDER_PROFIT_QOQ":-3.297703950047,"ROE_YEARLY":75.452522938799,"ROIC_YEARLY":24.70506592644,"TOTAL_ASSETS":2000560456.2,"TOTAL_LIABILITIES":1241349410.2,"TAX_EBT":3.469457958622,"OCF_SALES":21.107432170893,"TOTAL_PARENT_EQUITY":728538947.6,"DEBT_ASSET_RATIO":62.0500823333,"OPERATE_PROFIT":399315341,"PRETAX_PROFIT":425167936.2,"NETCASH_OPERATE":527895786.2,"NETCASH_INVEST":-150992528,"NETCASH_FINANCE":-410235833.8,"END_CASH":140475982,"DIVI_RATIO":null,"DIVIDEND_RATE":2.68691588785,"CURRENT_RATIO":1.017806337683,"COMMON_ACS":700000000,"CURRENTDEBT_DEBT":34.31274090116,"ISSUED_COMMON_SHARES":500000000,"HK_COMMON_SHARES":500000000,"PER_SHARES":1000,"TOTAL_MARKET_CAP":2140000000,"HKSK_MARKET_CAP":2140000000,"PE_TTM":6.703461939966,"PB_TTM":1.472780544884,"REPORT_DATE_SQ":"2021-12-31 00:00:00","REPORT_TYPE_SQ":"2021年年报","OPERATE_INCOME_SQ":2376465666.6,"DPS_HKD":0.115,"OPERATE_INCOME_QOQ_SQ":103.552738460759,"NET_PROFIT_RATIO_SQ":10.732739887,"HOLDER_PROFIT_SQ":214331906.9,"HOLDER_PROFIT_QOQ_SQ":7183.43797030098,"ROE_AVG_SQ":130.043906307422,"PE_TTM_SQ":6.489137734215,"PB_TTM_SQ":1.286355928253,"ROA_SQ":17.559795866133,"START_DATE":"2022-01-01 00:00:00","FISCAL_YEAR":"12-31","CURRENCY":"HKD","IS_CNY_CODE":0,"DPS_HKD_LY":null,"ORG_TYPE":"一般企业","PREMIUM_INCOME":null,"PREMIUM_INCOME_YOY":null,"NET_INTEREST_INCOME":null,"NET_INTEREST_INCOME_YOY":null,"FEE_COMMISSION_INCOME":null,"FEE_COMMISSION_INCOME_YOY":null,"ACCOUNTS_RECE_TDAYS":14.209441278886,"INVENTORY_TDAYS":38.837379752634,"CURRENT_ASSETS_TDAYS":5.658698392688,"TOTAL_ASSETS_TDAYS":1.387312557829,"PREMIUM_EXPENSE":null,"LOAN_DEPOSIT":null,"LOAN_EQUITY":null,"LOAN_ASSETS":null,"DEPOSIT_EQUITY":null,"DEPOSIT_ASSETS":null,"EQUITY_MULTIPLIER":2.635051830106,"EQUITY_RATIO":1.703888878267},{"SECUCODE":"02409.HK","SECURITY_CODE":"02409","SECURITY_NAME_ABBR":"洲际船务","ORG_CODE":"10000323885","STD_REPORT_DATE":"2022-09-30 00:00:00","REPORT_DATE":"2022-09-30 00:00:00","DATE_TYPE_CODE":"004","REPORT_TYPE":"2022年三季报","PER_NETCASH_OPERATE":null,"PER_OI":null,"BPS":1.437851496,"BASIC_EPS":38.33892,"DILUTED_EPS":38.33892,"OPERATE_INCOME":2025651037.8,"OPERATE_INCOME_YOY":7.775150343,"GROSS_PROFIT":384241176,"GROSS_PROFIT_YOY":44.07291586246,"HOLDER_PROFIT":383382100.2,"HOLDER_PROFIT_YOY":89.3837898502,"GROSS_PROFIT_RATIO":18.968774425101,"EPS_TTM":null,"OPERATE_INCOME_QOQ":12.99341585026,"NET_PROFIT_RATIO":19.4293244915,"ROE_AVG":72.686768071073,"GROSS_PROFIT_QOQ":31.979094028973,"ROA":20.454786508682,"HOLDER_PROFIT_QOQ":92.596521381484,"ROE_YEARLY":96.91569076143,"ROIC_YEARLY":23.072600992568,"TOTAL_ASSETS":2112460292.4,"TOTAL_LIABILITIES":1363523689.8,"TAX_EBT":3.202486554446,"OCF_SALES":20.035680362832,"TOTAL_PARENT_EQUITY":718925748,"DEBT_ASSET_RATIO":64.546713361,"OPERATE_PROFIT":368429921.4,"PRETAX_PROFIT":406591346.4,"NETCASH_OPERATE":405852967.2,"NETCASH_INVEST":-43216482.6,"NETCASH_FINANCE":-351241305.6,"END_CASH":188577787.8,"DIVI_RATIO":null,"DIVIDEND_RATE":2.771084337349,"CURRENT_RATIO":1.100440773262,"COMMON_ACS":700000000,"CURRENTDEBT_DEBT":30.005571436754,"ISSUED_COMMON_SHARES":500000000,"HK_COMMON_SHARES":500000000,"PER_SHARES":1000,"TOTAL_MARKET_CAP":2075000000,"HKSK_MARKET_CAP":2075000000,"PE_TTM":6.499852114687,"PB_TTM":1.428046556371,"REPORT_DATE_SQ":"2021-09-30 00:00:00","REPORT_TYPE_SQ":"2021年三季报","OPERATE_INCOME_SQ":1716866971.2,"DPS_HKD":0.115,"OPERATE_INCOME_QOQ_SQ":0,"NET_PROFIT_RATIO_SQ":13.0314889245,"HOLDER_PROFIT_SQ":184918210.2,"HOLDER_PROFIT_QOQ_SQ":0,"ROE_AVG_SQ":null,"PE_TTM_SQ":6.410242442614,"PB_TTM_SQ":1.270716342499,"ROA_SQ":null,"START_DATE":"2022-01-01 00:00:00","FISCAL_YEAR":"12-31","CURRENCY":"HKD","IS_CNY_CODE":0,"DPS_HKD_LY":null,"ORG_TYPE":"一般企业","PREMIUM_INCOME":null,"PREMIUM_INCOME_YOY":null,"NET_INTEREST_INCOME":null,"NET_INTEREST_INCOME_YOY":null,"FEE_COMMISSION_INCOME":null,"FEE_COMMISSION_INCOME_YOY":null,"ACCOUNTS_RECE_TDAYS":12.267483607438,"INVENTORY_TDAYS":31.45669773454,"CURRENT_ASSETS_TDAYS":4.454956396824,"TOTAL_ASSETS_TDAYS":1.080756235037,"PREMIUM_EXPENSE":null,"LOAN_DEPOSIT":null,"LOAN_EQUITY":null,"LOAN_ASSETS":null,"DEPOSIT_EQUITY":null,"DEPOSIT_ASSETS":null,"EQUITY_MULTIPLIER":2.820612966528,"EQUITY_RATIO":1.896612680229},{"SECUCODE":"02409.HK","SECURITY_CODE":"02409","SECURITY_NAME_ABBR":"洲际船务","ORG_CODE":"10000323885","STD_REPORT_DATE":"2022-06-30 00:00:00","REPORT_DATE":"2022-06-30 00:00:00","DATE_TYPE_CODE":"002","REPORT_TYPE":"2022年中报","PER_NETCASH_OPERATE":null,"PER_OI":null,"BPS":null,"BASIC_EPS":0.637583,"DILUTED_EPS":0.637583,"OPERATE_INCOME":1382743030.6,"OPERATE_INCOME_YOY":null,"GROSS_PROFIT":241529863.2,"GROSS_PROFIT_YOY":null,"HOLDER_PROFIT":239288255.6,"HOLDER_PROFIT_YOY":null,"GROSS_PROFIT_RATIO":17.467443903528,"EPS_TTM":0.350130690656,"OPERATE_INCOME_QOQ":0,"NET_PROFIT_RATIO":17.5800494105,"ROE_AVG":null,"GROSS_PROFIT_QOQ":0,"ROA":null,"HOLDER_PROFIT_QOQ":0,"ROE_YEARLY":null,"ROIC_YEARLY":null,"TOTAL_ASSETS":null,"TOTAL_LIABILITIES":null,"TAX_EBT":4.009752736332,"OCF_SALES":15.805056569706,"TOTAL_PARENT_EQUITY":null,"DEBT_ASSET_RATIO":null,"OPERATE_PROFIT":238872148.8,"PRETAX_PROFIT":253241256.2,"NETCASH_OPERATE":218543318.2,"NETCASH_INVEST":-11604010.6,"NETCASH_FINANCE":-215221175.2,"END_CASH":158925952,"DIVI_RATIO":0.297646858105,"DIVIDEND_RATE":2.771084337349,"CURRENT_RATIO":null,"COMMON_ACS":700000000,"CURRENTDEBT_DEBT":null,"ISSUED_COMMON_SHARES":500000000,"HK_COMMON_SHARES":500000000,"PER_SHARES":1000,"TOTAL_MARKET_CAP":2075000000,"HKSK_MARKET_CAP":2075000000,"PE_TTM":6.499852114687,"PB_TTM":1.428046556371,"REPORT_DATE_SQ":"2021-06-30 00:00:00","REPORT_TYPE_SQ":"2021年中报","OPERATE_INCOME_SQ":null,"DPS_HKD":0.115,"OPERATE_INCOME_QOQ_SQ":0,"NET_PROFIT_RATIO_SQ":null,"HOLDER_PROFIT_SQ":null,"HOLDER_PROFIT_QOQ_SQ":0,"ROE_AVG_SQ":null,"PE_TTM_SQ":6.410242442614,"PB_TTM_SQ":1.270716342499,"ROA_SQ":null,"START_DATE":"2022-01-01 00:00:00","FISCAL_YEAR":"12-31","CURRENCY":"HKD","IS_CNY_CODE":0,"DPS_HKD_LY":null,"ORG_TYPE":"一般企业","PREMIUM_INCOME":null,"PREMIUM_INCOME_YOY":null,"NET_INTEREST_INCOME":null,"NET_INTEREST_INCOME_YOY":null,"FEE_COMMISSION_INCOME":null,"FEE_COMMISSION_INCOME_YOY":null,"ACCOUNTS_RECE_TDAYS":null,"INVENTORY_TDAYS":null,"CURRENT_ASSETS_TDAYS":6.371406924064,"TOTAL_ASSETS_TDAYS":1.788089183583,"PREMIUM_EXPENSE":null,"LOAN_DEPOSIT":null,"LOAN_EQUITY":null,"LOAN_ASSETS":null,"DEPOSIT_EQUITY":null,"DEPOSIT_ASSETS":null,"EQUITY_MULTIPLIER":null,"EQUITY_RATIO":null},{"SECUCODE":"02409.HK","SECURITY_CODE":"02409","SECURITY_NAME_ABBR":"洲际船务","ORG_CODE":"10000323885","STD_REPORT_DATE":"2021-12-31 00:00:00","REPORT_DATE":"2021-12-31 00:00:00","DATE_TYPE_CODE":"001","REPORT_TYPE":"2021年年报","PER_NETCASH_OPERATE":0.918076273803,"PER_OI":3.882173108061,"BPS":0.603396248,"BASIC_EPS":0.573813,"DILUTED_EPS":0.573813,"OPERATE_INCOME":2376465666.6,"OPERATE_INCOME_YOY":108.3161477458,"GROSS_PROFIT":367559105,"GROSS_PROFIT_YOY":342.616175375264,"HOLDER_PROFIT":214331906.9,"HOLDER_PROFIT_YOY":7353.8802660754,"GROSS_PROFIT_RATIO":15.466628033632,"EPS_TTM":0.350130690656,"OPERATE_INCOME_QOQ":103.552738460759,"NET_PROFIT_RATIO":10.732739887,"ROE_AVG":130.043906307422,"GROSS_PROFIT_QOQ":342.616175375264,"ROA":17.559795866133,"HOLDER_PROFIT_QOQ":7183.43797030098,"ROE_YEARLY":130.043906307422,"ROIC_YEARLY":19.29582881316,"TOTAL_ASSETS":1469254562.2,"TOTAL_LIABILITIES":1141498952.3,"TAX_EBT":2.867479240519,"OCF_SALES":23.648514506168,"TOTAL_PARENT_EQUITY":301698124,"DEBT_ASSET_RATIO":77.6923878045,"OPERATE_PROFIT":257080975.4,"PRETAX_PROFIT":262589580.2,"NETCASH_OPERATE":561998827.9,"NETCASH_INVEST":-38279702.8,"NETCASH_FINANCE":-392201185.5,"END_CASH":159583771,"DIVI_RATIO":0.297646858105,"DIVIDEND_RATE":2.68691588785,"CURRENT_RATIO":0.752212801098,"COMMON_ACS":700000000,"CURRENTDEBT_DEBT":48.02138081647,"ISSUED_COMMON_SHARES":500000000,"HK_COMMON_SHARES":500000000,"PER_SHARES":1000,"TOTAL_MARKET_CAP":2140000000,"HKSK_MARKET_CAP":2140000000,"PE_TTM":6.703461939966,"PB_TTM":1.472780544884,"REPORT_DATE_SQ":"2020-12-31 00:00:00","REPORT_TYPE_SQ":"2020年年报","OPERATE_INCOME_SQ":1167493832.1,"DPS_HKD":0.115,"OPERATE_INCOME_QOQ_SQ":23.410912563676,"NET_PROFIT_RATIO_SQ":0.4046297693,"HOLDER_PROFIT_SQ":2942729.9,"HOLDER_PROFIT_QOQ_SQ":-94.55499951009,"ROE_AVG_SQ":11.793933054393,"PE_TTM_SQ":6.489137734215,"PB_TTM_SQ":1.286355928253,"ROA_SQ":0.292173191976,"START_DATE":"2021-01-01 00:00:00","FISCAL_YEAR":"12-31","CURRENCY":"HKD","IS_CNY_CODE":0,"DPS_HKD_LY":null,"ORG_TYPE":"一般企业","PREMIUM_INCOME":null,"PREMIUM_INCOME_YOY":null,"NET_INTEREST_INCOME":null,"NET_INTEREST_INCOME_YOY":null,"FEE_COMMISSION_INCOME":null,"FEE_COMMISSION_INCOME_YOY":null,"ACCOUNTS_RECE_TDAYS":14.19819064851,"INVENTORY_TDAYS":60.868926881097,"CURRENT_ASSETS_TDAYS":6.426351042645,"TOTAL_ASSETS_TDAYS":1.946992055076,"PREMIUM_EXPENSE":null,"LOAN_DEPOSIT":null,"LOAN_EQUITY":null,"LOAN_ASSETS":null,"DEPOSIT_EQUITY":null,"DEPOSIT_ASSETS":null,"EQUITY_MULTIPLIER":4.482774719393,"EQUITY_RATIO":3.783579881657},{"SECUCODE":"02409.HK","SECURITY_CODE":"02409","SECURITY_NAME_ABBR":"洲际船务","ORG_CODE":"10000323885","STD_REPORT_DATE":"2021-09-30 00:00:00","REPORT_DATE":"2021-09-30 00:00:00","DATE_TYPE_CODE":"004","REPORT_TYPE":"2021年三季报","PER_NETCASH_OPERATE":null,"PER_OI":null,"BPS":null,"BASIC_EPS":18.48339,"DILUTED_EPS":18.48339,"OPERATE_INCOME":1716866971.2,"OPERATE_INCOME_YOY":null,"GROSS_PROFIT":266699104.2,"GROSS_PROFIT_YOY":null,"HOLDER_PROFIT":184918210.2,"HOLDER_PROFIT_YOY":null,"GROSS_PROFIT_RATIO":15.534057598743,"EPS_TTM":0.004835409428,"OPERATE_INCOME_QOQ":0,"NET_PROFIT_RATIO":13.0314889245,"ROE_AVG":null,"GROSS_PROFIT_QOQ":0,"ROA":null,"HOLDER_PROFIT_QOQ":0,"ROE_YEARLY":null,"ROIC_YEARLY":null,"TOTAL_ASSETS":null,"TOTAL_LIABILITIES":null,"TAX_EBT":3.013775653641,"OCF_SALES":18.737723248013,"TOTAL_PARENT_EQUITY":null,"DEBT_ASSET_RATIO":null,"OPERATE_PROFIT":229291317,"PRETAX_PROFIT":230685678,"NETCASH_OPERATE":321701781.6,"NETCASH_INVEST":-38990224.8,"NETCASH_FINANCE":-219530790,"END_CASH":91645187.4,"DIVI_RATIO":21.552528600361,"DIVIDEND_RATE":2.771084337349,"CURRENT_RATIO":null,"COMMON_ACS":700000000,"CURRENTDEBT_DEBT":null,"ISSUED_COMMON_SHARES":500000000,"HK_COMMON_SHARES":500000000,"PER_SHARES":1000,"TOTAL_MARKET_CAP":2075000000,"HKSK_MARKET_CAP":2075000000,"PE_TTM":6.499852114687,"PB_TTM":1.428046556371,"REPORT_DATE_SQ":"2020-09-30 00:00:00","REPORT_TYPE_SQ":"2020年三季报","OPERATE_INCOME_SQ":null,"DPS_HKD":0.115,"OPERATE_INCOME_QOQ_SQ":0,"NET_PROFIT_RATIO_SQ":null,"HOLDER_PROFIT_SQ":null,"HOLDER_PROFIT_QOQ_SQ":0,"ROE_AVG_SQ":null,"PE_TTM_SQ":6.410242442614,"PB_TTM_SQ":1.270716342499,"ROA_SQ":null,"START_DATE":"2021-01-01 00:00:00","FISCAL_YEAR":"12-31","CURRENCY":"HKD","IS_CNY_CODE":0,"DPS_HKD_LY":null,"ORG_TYPE":"一般企业","PREMIUM_INCOME":null,"PREMIUM_INCOME_YOY":null,"NET_INTEREST_INCOME":null,"NET_INTEREST_INCOME_YOY":null,"FEE_COMMISSION_INCOME":null,"FEE_COMMISSION_INCOME_YOY":null,"ACCOUNTS_RECE_TDAYS":null,"INVENTORY_TDAYS":null,"CURRENT_ASSETS_TDAYS":10.31474771089,"TOTAL_ASSETS_TDAYS":3.473209131462,"PREMIUM_EXPENSE":null,"LOAN_DEPOSIT":null,"LOAN_EQUITY":null,"LOAN_ASSETS":null,"DEPOSIT_EQUITY":null,"DEPOSIT_ASSETS":null,"EQUITY_MULTIPLIER":null,"EQUITY_RATIO":null},{"SECUCODE":"02409.HK","SECURITY_CODE":"02409","SECURITY_NAME_ABBR":"洲际船务","ORG_CODE":"10000323885","STD_REPORT_DATE":"2020-12-31 00:00:00","REPORT_DATE":"2020-12-31 00:00:00","DATE_TYPE_CODE":"001","REPORT_TYPE":"2020年年报","PER_NETCASH_OPERATE":0.26238797091,"PER_OI":1.918392402691,"BPS":0.0571711738,"BASIC_EPS":0.326245,"DILUTED_EPS":0.326245,"OPERATE_INCOME":1167493832.1,"OPERATE_INCOME_YOY":31.9467284137,"GROSS_PROFIT":83042402.3,"GROSS_PROFIT_YOY":-25.852293408831,"HOLDER_PROFIT":2942729.9,"HOLDER_PROFIT_YOY":-94.1783916355,"GROSS_PROFIT_RATIO":7.112877174745,"EPS_TTM":0.004835409428,"OPERATE_INCOME_QOQ":23.410912563676,"NET_PROFIT_RATIO":0.4046297693,"ROE_AVG":11.793933054393,"GROSS_PROFIT_QOQ":-25.852293408831,"ROA":0.292173191976,"HOLDER_PROFIT_QOQ":-94.55499951009,"ROE_YEARLY":11.793933054393,"ROIC_YEARLY":0.299712581615,"TOTAL_ASSETS":994655756,"TOTAL_LIABILITIES":960125985.2,"TAX_EBT":48.0631276901,"OCF_SALES":13.67749218964,"TOTAL_PARENT_EQUITY":28585586.9,"DEBT_ASSET_RATIO":96.5284702178,"OPERATE_PROFIT":36187095.4,"PRETAX_PROFIT":9095710.6,"NETCASH_OPERATE":159683877.7,"NETCASH_INVEST":13225972.3,"NETCASH_FINANCE":-156695473.5,"END_CASH":28840058,"DIVI_RATIO":21.552528600361,"DIVIDEND_RATE":2.771084337349,"CURRENT_RATIO":0.59473050007,"COMMON_ACS":700000000,"CURRENTDEBT_DEBT":58.653872291842,"ISSUED_COMMON_SHARES":500000000,"HK_COMMON_SHARES":500000000,"PER_SHARES":1000,"TOTAL_MARKET_CAP":2075000000,"HKSK_MARKET_CAP":2075000000,"PE_TTM":6.499852114687,"PB_TTM":1.428046556371,"REPORT_DATE_SQ":"2019-12-31 00:00:00","REPORT_TYPE_SQ":"2019年年报","OPERATE_INCOME_SQ":946021553.4,"DPS_HKD":0.115,"OPERATE_INCOME_QOQ_SQ":null,"NET_PROFIT_RATIO_SQ":6.2194429491,"HOLDER_PROFIT_SQ":54044621.4,"HOLDER_PROFIT_QOQ_SQ":null,"ROE_AVG_SQ":237.128864401592,"PE_TTM_SQ":6.410242442614,"PB_TTM_SQ":1.270716342499,"ROA_SQ":4.957096512052,"START_DATE":"2020-01-01 00:00:00","FISCAL_YEAR":"12-31","CURRENCY":"HKD","IS_CNY_CODE":0,"DPS_HKD_LY":null,"ORG_TYPE":"一般企业","PREMIUM_INCOME":null,"PREMIUM_INCOME_YOY":null,"NET_INTEREST_INCOME":null,"NET_INTEREST_INCOME_YOY":null,"FEE_COMMISSION_INCOME":null,"FEE_COMMISSION_INCOME_YOY":null,"ACCOUNTS_RECE_TDAYS":7.933359936153,"INVENTORY_TDAYS":31.367745588374,"CURRENT_ASSETS_TDAYS":4.458456363297,"TOTAL_ASSETS_TDAYS":1.159163127873,"PREMIUM_EXPENSE":null,"LOAN_DEPOSIT":null,"LOAN_EQUITY":null,"LOAN_ASSETS":null,"DEPOSIT_EQUITY":null,"DEPOSIT_ASSETS":null,"EQUITY_MULTIPLIER":28.805744520108,"EQUITY_RATIO":33.587765350377}],"count":10},"success":true,"message":"ok","code":0}