{"version":"2c0c77544b623707bcfd82a60b44f364","result":{"pages":2,"data":[{"SECUCODE":"02402.HK","SECURITY_CODE":"02402","SECURITY_NAME_ABBR":"亿华通","ORG_CODE":"10484436","STD_REPORT_DATE":"2024-09-30 00:00:00","REPORT_DATE":"2024-09-30 00:00:00","DATE_TYPE_CODE":"004","REPORT_TYPE":"2024年三季报","PER_NETCASH_OPERATE":-0.955572447847,"PER_OI":1.366739484978,"BPS":12.047417629415,"BASIC_EPS":-1.11,"DILUTED_EPS":-1.11,"OPERATE_INCOME":316608045.88,"OPERATE_INCOME_YOY":7.925956078,"GROSS_PROFIT":55520986.47,"GROSS_PROFIT_YOY":-50.08155701047,"HOLDER_PROFIT":-258150402.55,"HOLDER_PROFIT_YOY":-33.7230727176,"GROSS_PROFIT_RATIO":17.536189364892,"EPS_TTM":-1.330899180742,"OPERATE_INCOME_QOQ":2.862210498512,"NET_PROFIT_RATIO":-100.5927090402,"ROE_AVG":-8.847342627709,"GROSS_PROFIT_QOQ":-11.536463134666,"ROA":-5.20403631555,"HOLDER_PROFIT_QOQ":-0.040134767595,"ROE_YEARLY":-11.796456836945,"ROIC_YEARLY":-6.406589490008,"TOTAL_ASSETS":4975439911.23,"TOTAL_LIABILITIES":1878879603.48,"TAX_EBT":8.06155351846,"OCF_SALES":-69.916209954405,"TOTAL_PARENT_EQUITY":2790809364.53,"DEBT_ASSET_RATIO":37.7630850136,"OPERATE_PROFIT":-339804058.43,"PRETAX_PROFIT":-346410693.87,"NETCASH_OPERATE":-221360346.09,"NETCASH_INVEST":-34658537.73,"NETCASH_FINANCE":236004150.75,"END_CASH":569890670.26,"DIVI_RATIO":null,"DIVIDEND_RATE":null,"CURRENT_RATIO":2.058580356149,"COMMON_ACS":null,"CURRENTDEBT_DEBT":87.112855101438,"ISSUED_COMMON_SHARES":231652081,"HK_COMMON_SHARES":35864962,"PER_SHARES":50,"TOTAL_MARKET_CAP":4829945888.85,"HKSK_MARKET_CAP":747784457.7,"PE_TTM":-14.029989242445,"PB_TTM":1.560693094435,"REPORT_DATE_SQ":"2023-09-30 00:00:00","REPORT_TYPE_SQ":"2023年三季报","OPERATE_INCOME_SQ":293356721.02,"DPS_HKD":null,"OPERATE_INCOME_QOQ_SQ":2.951505445305,"NET_PROFIT_RATIO_SQ":-83.0062078835,"HOLDER_PROFIT_SQ":-193048512.35,"HOLDER_PROFIT_QOQ_SQ":-44.784358085942,"ROE_AVG_SQ":-7.12761428842,"PE_TTM_SQ":-17.389418320307,"PB_TTM_SQ":1.515985934413,"ROA_SQ":-4.543565300884,"START_DATE":"2024-01-01 00:00:00","FISCAL_YEAR":"12-31","CURRENCY":"HKD","IS_CNY_CODE":0,"DPS_HKD_LY":null,"ORG_TYPE":"一般企业","PREMIUM_INCOME":null,"PREMIUM_INCOME_YOY":null,"NET_INTEREST_INCOME":null,"NET_INTEREST_INCOME_YOY":null,"FEE_COMMISSION_INCOME":null,"FEE_COMMISSION_INCOME_YOY":null,"ACCOUNTS_RECE_TDAYS":0.181968628128,"INVENTORY_TDAYS":1.196592444982,"CURRENT_ASSETS_TDAYS":0.094363269502,"TOTAL_ASSETS_TDAYS":0.063824799508,"PREMIUM_EXPENSE":null,"LOAN_DEPOSIT":null,"LOAN_EQUITY":null,"LOAN_ASSETS":null,"DEPOSIT_EQUITY":null,"DEPOSIT_ASSETS":null,"EQUITY_MULTIPLIER":1.606763446129,"EQUITY_RATIO":0.673238246711},{"SECUCODE":"02402.HK","SECURITY_CODE":"02402","SECURITY_NAME_ABBR":"亿华通","ORG_CODE":"10484436","STD_REPORT_DATE":"2024-06-30 00:00:00","REPORT_DATE":"2024-06-30 00:00:00","DATE_TYPE_CODE":"002","REPORT_TYPE":"2024年中报","PER_NETCASH_OPERATE":-1.106695173066,"PER_OI":0.929760419273,"BPS":12.539306984426,"BASIC_EPS":-0.86,"DILUTED_EPS":-0.86,"OPERATE_INCOME":153843525.55,"OPERATE_INCOME_YOY":0.2112244025,"GROSS_PROFIT":27248555.27,"GROSS_PROFIT_YOY":-51.554018096424,"HOLDER_PROFIT":-141489332.28,"HOLDER_PROFIT_YOY":-84.9264701542,"GROSS_PROFIT_RATIO":17.711863513648,"EPS_TTM":-1.862511340049,"OPERATE_INCOME_QOQ":4.644656371724,"NET_PROFIT_RATIO":-110.7558840977,"ROE_AVG":-4.756258209228,"GROSS_PROFIT_QOQ":-1.540981529549,"ROA":-2.851902069809,"HOLDER_PROFIT_QOQ":-4.194926610241,"ROE_YEARLY":-9.512516418456,"ROIC_YEARLY":-7.057380988267,"TOTAL_ASSETS":4976732997.88,"TOTAL_LIABILITIES":1738133203.37,"TAX_EBT":6.211097998414,"OCF_SALES":-119.030144769066,"TOTAL_PARENT_EQUITY":2904756557.24,"DEBT_ASSET_RATIO":34.9251849378,"OPERATE_PROFIT":-181634631.77,"PRETAX_PROFIT":-181674753.85,"NETCASH_OPERATE":-183120171.18,"NETCASH_INVEST":-29922810.48,"NETCASH_FINANCE":203931173.91,"END_CASH":584679290.57,"DIVI_RATIO":null,"DIVIDEND_RATE":null,"CURRENT_RATIO":2.232982140865,"COMMON_ACS":null,"CURRENTDEBT_DEBT":86.999432893182,"ISSUED_COMMON_SHARES":231652081,"HK_COMMON_SHARES":35864962,"PER_SHARES":50,"TOTAL_MARKET_CAP":4725702452.4,"HKSK_MARKET_CAP":731645224.8,"PE_TTM":-13.727183719227,"PB_TTM":1.527009070814,"REPORT_DATE_SQ":"2023-06-30 00:00:00","REPORT_TYPE_SQ":"2023年中报","OPERATE_INCOME_SQ":153519255.42,"DPS_HKD":null,"OPERATE_INCOME_QOQ_SQ":-9.709116690212,"NET_PROFIT_RATIO_SQ":-67.3467361258,"HOLDER_PROFIT_SQ":-76511130.16,"HOLDER_PROFIT_QOQ_SQ":-0.664846461461,"ROE_AVG_SQ":-2.765720913917,"PE_TTM_SQ":-20.929609346429,"PB_TTM_SQ":1.824614992722,"ROA_SQ":-1.778871050708,"START_DATE":"2024-01-01 00:00:00","FISCAL_YEAR":"12-31","CURRENCY":"HKD","IS_CNY_CODE":0,"DPS_HKD_LY":null,"ORG_TYPE":"一般企业","PREMIUM_INCOME":null,"PREMIUM_INCOME_YOY":null,"NET_INTEREST_INCOME":null,"NET_INTEREST_INCOME_YOY":null,"FEE_COMMISSION_INCOME":null,"FEE_COMMISSION_INCOME_YOY":null,"ACCOUNTS_RECE_TDAYS":0.090111952663,"INVENTORY_TDAYS":0.524997613471,"CURRENT_ASSETS_TDAYS":0.045802604815,"TOTAL_ASSETS_TDAYS":0.031009169516,"PREMIUM_EXPENSE":null,"LOAN_DEPOSIT":null,"LOAN_EQUITY":null,"LOAN_ASSETS":null,"DEPOSIT_EQUITY":null,"DEPOSIT_ASSETS":null,"EQUITY_MULTIPLIER":1.536692803574,"EQUITY_RATIO":0.598374827329},{"SECUCODE":"02402.HK","SECURITY_CODE":"02402","SECURITY_NAME_ABBR":"亿华通","ORG_CODE":"10484436","STD_REPORT_DATE":"2024-03-31 00:00:00","REPORT_DATE":"2024-03-31 00:00:00","DATE_TYPE_CODE":"003","REPORT_TYPE":"2024年一季报","PER_NETCASH_OPERATE":-0.482820857476,"PER_OI":0.079436357931,"BPS":12.753359736708,"BASIC_EPS":-0.55,"DILUTED_EPS":-0.55,"OPERATE_INCOME":13143998.29,"OPERATE_INCOME_YOY":-72.8279888506,"GROSS_PROFIT":-8493601.87,"GROSS_PROFIT_YOY":-150.317454781944,"HOLDER_PROFIT":-91204404.13,"HOLDER_PROFIT_YOY":-136.0746149615,"GROSS_PROFIT_RATIO":-64.619620929668,"EPS_TTM":-1.787525938778,"OPERATE_INCOME_QOQ":-4.399802432852,"NET_PROFIT_RATIO":-801.6815215213,"ROE_AVG":-3.040555950329,"GROSS_PROFIT_QOQ":-9.740865457732,"ROA":-1.840322770765,"HOLDER_PROFIT_QOQ":-21.615908925776,"ROE_YEARLY":-12.162223801317,"ROIC_YEARLY":-9.133495727397,"TOTAL_ASSETS":4966062697.71,"TOTAL_LIABILITIES":1663344163.47,"TAX_EBT":3.845331396955,"OCF_SALES":-607.808401654928,"TOTAL_PARENT_EQUITY":2954342322.75,"DEBT_ASSET_RATIO":33.4942239903,"OPERATE_PROFIT":-109106327.77,"PRETAX_PROFIT":-109586988.35,"NETCASH_OPERATE":-79890325.92,"NETCASH_INVEST":-22967355.31,"NETCASH_FINANCE":92109964.38,"END_CASH":581795133.25,"DIVI_RATIO":null,"DIVIDEND_RATE":null,"CURRENT_RATIO":2.324033547247,"COMMON_ACS":null,"CURRENTDEBT_DEBT":87.432643981273,"ISSUED_COMMON_SHARES":231652081,"HK_COMMON_SHARES":35864962,"PER_SHARES":50,"TOTAL_MARKET_CAP":4725702452.4,"HKSK_MARKET_CAP":731645224.8,"PE_TTM":-13.727183719227,"PB_TTM":1.527009070814,"REPORT_DATE_SQ":"2023-03-31 00:00:00","REPORT_TYPE_SQ":"2023年一季报","OPERATE_INCOME_SQ":48373299.34,"DPS_HKD":null,"OPERATE_INCOME_QOQ_SQ":-6.595970515499,"NET_PROFIT_RATIO_SQ":-98.706749863,"HOLDER_PROFIT_SQ":-38633719.32,"HOLDER_PROFIT_QOQ_SQ":-9.190588296954,"ROE_AVG_SQ":-1.387408668631,"PE_TTM_SQ":-20.929609346429,"PB_TTM_SQ":1.824614992722,"ROA_SQ":-0.907534014729,"START_DATE":"2024-01-01 00:00:00","FISCAL_YEAR":"12-31","CURRENCY":"HKD","IS_CNY_CODE":0,"DPS_HKD_LY":null,"ORG_TYPE":"一般企业","PREMIUM_INCOME":null,"PREMIUM_INCOME_YOY":null,"NET_INTEREST_INCOME":null,"NET_INTEREST_INCOME_YOY":null,"FEE_COMMISSION_INCOME":null,"FEE_COMMISSION_INCOME_YOY":null,"ACCOUNTS_RECE_TDAYS":0.007772465919,"INVENTORY_TDAYS":0.084985106496,"CURRENT_ASSETS_TDAYS":0.003911385349,"TOTAL_ASSETS_TDAYS":0.002652196413,"PREMIUM_EXPENSE":null,"LOAN_DEPOSIT":null,"LOAN_EQUITY":null,"LOAN_ASSETS":null,"DEPOSIT_EQUITY":null,"DEPOSIT_ASSETS":null,"EQUITY_MULTIPLIER":1.503628797376,"EQUITY_RATIO":0.563016733254},{"SECUCODE":"02402.HK","SECURITY_CODE":"02402","SECURITY_NAME_ABBR":"亿华通","ORG_CODE":"10484436","STD_REPORT_DATE":"2023-12-31 00:00:00","REPORT_DATE":"2023-12-31 00:00:00","DATE_TYPE_CODE":"001","REPORT_TYPE":"2023年年报","PER_NETCASH_OPERATE":-3.388242438382,"PER_OI":4.839078657126,"BPS":13.144066251276,"BASIC_EPS":-1.48,"DILUTED_EPS":-1.48,"OPERATE_INCOME":800701885.77,"OPERATE_INCOME_YOY":8.4790542915,"GROSS_PROFIT":260486429.98,"GROSS_PROFIT_YOY":-8.097984425317,"HOLDER_PROFIT":-243203674.62,"HOLDER_PROFIT_YOY":-45.8638051053,"GROSS_PROFIT_RATIO":32.53226133338,"EPS_TTM":-1.46981258831,"OPERATE_INCOME_QOQ":24.940625196509,"NET_PROFIT_RATIO":-37.4767492587,"ROE_AVG":-9.029358692298,"GROSS_PROFIT_QOQ":11.452627997689,"ROA":-5.571882494484,"HOLDER_PROFIT_QOQ":8.189885276027,"ROE_YEARLY":-9.029358692298,"ROIC_YEARLY":-7.25282034773,"TOTAL_ASSETS":4945720776.24,"TOTAL_LIABILITIES":1538577927.24,"TAX_EBT":6.098126033558,"OCF_SALES":-70.018337755113,"TOTAL_PARENT_EQUITY":3044850299.91,"DEBT_ASSET_RATIO":31.1092760156,"OPERATE_PROFIT":-335620945.96,"PRETAX_PROFIT":-319564482.97,"NETCASH_OPERATE":-560638150.79,"NETCASH_INVEST":-754636153.44,"NETCASH_FINANCE":1276801074.12,"END_CASH":592026461.6,"DIVI_RATIO":null,"DIVIDEND_RATE":null,"CURRENT_RATIO":2.52704419899,"COMMON_ACS":null,"CURRENTDEBT_DEBT":85.930795218913,"ISSUED_COMMON_SHARES":231652081,"HK_COMMON_SHARES":35864962,"PER_SHARES":50,"TOTAL_MARKET_CAP":4725702452.4,"HKSK_MARKET_CAP":731645224.8,"PE_TTM":-13.727183719227,"PB_TTM":1.527009070814,"REPORT_DATE_SQ":"2022-12-31 00:00:00","REPORT_TYPE_SQ":"2022年年报","OPERATE_INCOME_SQ":738116580.2,"DPS_HKD":null,"OPERATE_INCOME_QOQ_SQ":14.173107384658,"NET_PROFIT_RATIO_SQ":-26.3814497186,"HOLDER_PROFIT_SQ":-166733395.2,"HOLDER_PROFIT_QOQ_SQ":-0.839811871471,"ROE_AVG_SQ":-6.871546124107,"PE_TTM_SQ":-20.929609346429,"PB_TTM_SQ":1.824614992722,"ROA_SQ":-4.5050658364,"START_DATE":"2023-01-01 00:00:00","FISCAL_YEAR":"12-31","CURRENCY":"HKD","IS_CNY_CODE":0,"DPS_HKD_LY":null,"ORG_TYPE":"一般企业","PREMIUM_INCOME":null,"PREMIUM_INCOME_YOY":null,"NET_INTEREST_INCOME":null,"NET_INTEREST_INCOME_YOY":null,"FEE_COMMISSION_INCOME":null,"FEE_COMMISSION_INCOME_YOY":null,"ACCOUNTS_RECE_TDAYS":0.563882527219,"INVENTORY_TDAYS":2.02297966471,"CURRENT_ASSETS_TDAYS":0.285859301195,"TOTAL_ASSETS_TDAYS":0.183443643588,"PREMIUM_EXPENSE":null,"LOAN_DEPOSIT":null,"LOAN_EQUITY":null,"LOAN_ASSETS":null,"DEPOSIT_EQUITY":null,"DEPOSIT_ASSETS":null,"EQUITY_MULTIPLIER":1.45157423549,"EQUITY_RATIO":0.505304949569},{"SECUCODE":"02402.HK","SECURITY_CODE":"02402","SECURITY_NAME_ABBR":"亿华通","ORG_CODE":"10484436","STD_REPORT_DATE":"2023-09-30 00:00:00","REPORT_DATE":"2023-09-30 00:00:00","DATE_TYPE_CODE":"004","REPORT_TYPE":"2023年三季报","PER_NETCASH_OPERATE":-2.438487236865,"PER_OI":1.772914829902,"BPS":13.273417995412,"BASIC_EPS":-0.84,"DILUTED_EPS":-0.84,"OPERATE_INCOME":293356721.02,"OPERATE_INCOME_YOY":-24.8972921882,"GROSS_PROFIT":111223393.89,"GROSS_PROFIT_YOY":-30.892800069744,"HOLDER_PROFIT":-193048512.35,"HOLDER_PROFIT_YOY":-104.0591136386,"GROSS_PROFIT_RATIO":37.914043183765,"EPS_TTM":-1.60092664379,"OPERATE_INCOME_QOQ":2.951505445305,"NET_PROFIT_RATIO":-83.0062078835,"ROE_AVG":-7.12761428842,"GROSS_PROFIT_QOQ":-0.012081182197,"ROA":-4.543565300884,"HOLDER_PROFIT_QOQ":-44.784358085942,"ROE_YEARLY":-9.503485717893,"ROIC_YEARLY":-5.988141636391,"TOTAL_ASSETS":4713710153.6,"TOTAL_LIABILITIES":1287276928.51,"TAX_EBT":14.014216767695,"OCF_SALES":-137.541138228257,"TOTAL_PARENT_EQUITY":3074814900.62,"DEBT_ASSET_RATIO":27.309208385,"OPERATE_PROFIT":-303660605.56,"PRETAX_PROFIT":-283191337.61,"NETCASH_OPERATE":-403486173.16,"NETCASH_INVEST":-741728817,"NETCASH_FINANCE":1141662390.32,"END_CASH":630870625.68,"DIVI_RATIO":null,"DIVIDEND_RATE":null,"CURRENT_RATIO":2.873416967218,"COMMON_ACS":null,"CURRENTDEBT_DEBT":84.085792811721,"ISSUED_COMMON_SHARES":231652081,"HK_COMMON_SHARES":35864962,"PER_SHARES":50,"TOTAL_MARKET_CAP":4725702452.4,"HKSK_MARKET_CAP":731645224.8,"PE_TTM":-13.727183719227,"PB_TTM":1.527009070814,"REPORT_DATE_SQ":"2022-09-30 00:00:00","REPORT_TYPE_SQ":"2022年三季报","OPERATE_INCOME_SQ":390607382.3,"DPS_HKD":null,"OPERATE_INCOME_QOQ_SQ":-17.195141007611,"NET_PROFIT_RATIO_SQ":-29.6064842668,"HOLDER_PROFIT_SQ":-94604209.98,"HOLDER_PROFIT_QOQ_SQ":12.521728070547,"ROE_AVG_SQ":-3.487029389074,"PE_TTM_SQ":-20.929609346429,"PB_TTM_SQ":1.824614992722,"ROA_SQ":-2.35303201371,"START_DATE":"2023-01-01 00:00:00","FISCAL_YEAR":"12-31","CURRENCY":"HKD","IS_CNY_CODE":0,"DPS_HKD_LY":null,"ORG_TYPE":"一般企业","PREMIUM_INCOME":null,"PREMIUM_INCOME_YOY":null,"NET_INTEREST_INCOME":null,"NET_INTEREST_INCOME_YOY":null,"FEE_COMMISSION_INCOME":null,"FEE_COMMISSION_INCOME_YOY":null,"ACCOUNTS_RECE_TDAYS":0.246143610415,"INVENTORY_TDAYS":0.558701801127,"CURRENT_ASSETS_TDAYS":0.109231807982,"TOTAL_ASSETS_TDAYS":0.069044065773,"PREMIUM_EXPENSE":null,"LOAN_DEPOSIT":null,"LOAN_EQUITY":null,"LOAN_ASSETS":null,"DEPOSIT_EQUITY":null,"DEPOSIT_ASSETS":null,"EQUITY_MULTIPLIER":1.375690067177,"EQUITY_RATIO":0.418651844132},{"SECUCODE":"02402.HK","SECURITY_CODE":"02402","SECURITY_NAME_ABBR":"亿华通","ORG_CODE":"10484436","STD_REPORT_DATE":"2023-06-30 00:00:00","REPORT_DATE":"2023-06-30 00:00:00","DATE_TYPE_CODE":"002","REPORT_TYPE":"2023年中报","PER_NETCASH_OPERATE":-2.201967926148,"PER_OI":1.223171166943,"BPS":13.773730158548,"BASIC_EPS":-0.47,"DILUTED_EPS":-0.47,"OPERATE_INCOME":153519255.42,"OPERATE_INCOME_YOY":-42.9599315346,"GROSS_PROFIT":56245232.73,"GROSS_PROFIT_YOY":-46.906843610623,"HOLDER_PROFIT":-76511130.16,"HOLDER_PROFIT_YOY":-27.5087107382,"GROSS_PROFIT_RATIO":36.637249559427,"EPS_TTM":-1.457747607253,"OPERATE_INCOME_QOQ":-9.709116690212,"NET_PROFIT_RATIO":-67.3467361258,"ROE_AVG":-2.765720913917,"GROSS_PROFIT_QOQ":-10.011183112005,"ROA":-1.778871050708,"HOLDER_PROFIT_QOQ":-0.664846461461,"ROE_YEARLY":-5.531441827833,"ROIC_YEARLY":-4.794358197089,"TOTAL_ASSETS":4818255767.6,"TOTAL_LIABILITIES":1252506132.47,"TAX_EBT":14.549032023443,"OCF_SALES":-180.021241969882,"TOTAL_PARENT_EQUITY":3190713254.36,"DEBT_ASSET_RATIO":25.9950113253,"OPERATE_PROFIT":-142332246.62,"PRETAX_PROFIT":-120993606.39,"NETCASH_OPERATE":-276367270.27,"NETCASH_INVEST":-700781640.41,"NETCASH_FINANCE":1108462911.36,"END_CASH":767516225.22,"DIVI_RATIO":null,"DIVIDEND_RATE":null,"CURRENT_RATIO":3.141392731222,"COMMON_ACS":null,"CURRENTDEBT_DEBT":82.115688479843,"ISSUED_COMMON_SHARES":231652081,"HK_COMMON_SHARES":35864962,"PER_SHARES":50,"TOTAL_MARKET_CAP":4725702452.4,"HKSK_MARKET_CAP":731645224.8,"PE_TTM":-13.727183719227,"PB_TTM":1.527009070814,"REPORT_DATE_SQ":"2022-06-30 00:00:00","REPORT_TYPE_SQ":"2022年中报","OPERATE_INCOME_SQ":269142831.61,"DPS_HKD":null,"OPERATE_INCOME_QOQ_SQ":9.000060032976,"NET_PROFIT_RATIO_SQ":-30.3021070583,"HOLDER_PROFIT_SQ":-60004630.05,"HOLDER_PROFIT_QOQ_SQ":-22.387614396254,"ROE_AVG_SQ":-2.397891212352,"PE_TTM_SQ":-20.929609346429,"PB_TTM_SQ":1.824614992722,"ROA_SQ":-1.651261530719,"START_DATE":"2023-01-01 00:00:00","FISCAL_YEAR":"12-31","CURRENCY":"HKD","IS_CNY_CODE":0,"DPS_HKD_LY":null,"ORG_TYPE":"一般企业","PREMIUM_INCOME":null,"PREMIUM_INCOME_YOY":null,"NET_INTEREST_INCOME":null,"NET_INTEREST_INCOME_YOY":null,"FEE_COMMISSION_INCOME":null,"FEE_COMMISSION_INCOME_YOY":null,"ACCOUNTS_RECE_TDAYS":0.131759394109,"INVENTORY_TDAYS":0.287686954015,"CURRENT_ASSETS_TDAYS":0.055906819373,"TOTAL_ASSETS_TDAYS":0.035692971548,"PREMIUM_EXPENSE":null,"LOAN_DEPOSIT":null,"LOAN_EQUITY":null,"LOAN_ASSETS":null,"DEPOSIT_EQUITY":null,"DEPOSIT_ASSETS":null,"EQUITY_MULTIPLIER":1.351260256786,"EQUITY_RATIO":0.392547381297},{"SECUCODE":"02402.HK","SECURITY_CODE":"02402","SECURITY_NAME_ABBR":"亿华通","ORG_CODE":"10484436","STD_REPORT_DATE":"2023-03-31 00:00:00","REPORT_DATE":"2023-03-31 00:00:00","DATE_TYPE_CODE":"003","REPORT_TYPE":"2023年一季报","PER_NETCASH_OPERATE":-0.79787859171,"PER_OI":0.409284762276,"BPS":13.930752683202,"BASIC_EPS":-0.24,"DILUTED_EPS":-0.24,"OPERATE_INCOME":48373299.34,"OPERATE_INCOME_YOY":-50.1610627816,"GROSS_PROFIT":16880030.81,"GROSS_PROFIT_YOY":-58.390198926467,"HOLDER_PROFIT":-38633719.32,"HOLDER_PROFIT_YOY":-65.5570460931,"GROSS_PROFIT_RATIO":34.895347310002,"EPS_TTM":-1.53780046638,"OPERATE_INCOME_QOQ":-6.595970515499,"NET_PROFIT_RATIO":-98.706749863,"ROE_AVG":-1.387408668631,"GROSS_PROFIT_QOQ":-8.35713625395,"ROA":-0.907534014729,"HOLDER_PROFIT_QOQ":-9.190588296954,"ROE_YEARLY":-5.549634674522,"ROIC_YEARLY":-5.556423965227,"TOTAL_ASSETS":4730042880.22,"TOTAL_LIABILITIES":1110254922.27,"TAX_EBT":12.798071949853,"OCF_SALES":-194.944611979407,"TOTAL_PARENT_EQUITY":3227087848.96,"DEBT_ASSET_RATIO":23.47240713,"OPERATE_PROFIT":-75918920.75,"PRETAX_PROFIT":-54755339.3,"NETCASH_OPERATE":-94301140.7,"NETCASH_INVEST":-30125994.96,"NETCASH_FINANCE":968639010.54,"END_CASH":1476800569.91,"DIVI_RATIO":null,"DIVIDEND_RATE":null,"CURRENT_RATIO":3.548772487229,"COMMON_ACS":null,"CURRENTDEBT_DEBT":80.265360328057,"ISSUED_COMMON_SHARES":231652081,"HK_COMMON_SHARES":35864962,"PER_SHARES":50,"TOTAL_MARKET_CAP":4725702452.4,"HKSK_MARKET_CAP":731645224.8,"PE_TTM":-13.727183719227,"PB_TTM":1.527009070814,"REPORT_DATE_SQ":"2022-03-31 00:00:00","REPORT_TYPE_SQ":"2022年一季报","OPERATE_INCOME_SQ":97059251.34,"DPS_HKD":null,"OPERATE_INCOME_QOQ_SQ":13.808115747677,"NET_PROFIT_RATIO_SQ":-36.4602973449,"HOLDER_PROFIT_SQ":-23335593.52,"HOLDER_PROFIT_QOQ_SQ":-5.335829308119,"ROE_AVG_SQ":-0.933641226715,"PE_TTM_SQ":-20.929609346429,"PB_TTM_SQ":1.824614992722,"ROA_SQ":-0.648906893558,"START_DATE":"2023-01-01 00:00:00","FISCAL_YEAR":"12-31","CURRENCY":"HKD","IS_CNY_CODE":0,"DPS_HKD_LY":null,"ORG_TYPE":"一般企业","PREMIUM_INCOME":null,"PREMIUM_INCOME_YOY":null,"NET_INTEREST_INCOME":null,"NET_INTEREST_INCOME_YOY":null,"FEE_COMMISSION_INCOME":null,"FEE_COMMISSION_INCOME_YOY":null,"ACCOUNTS_RECE_TDAYS":0.042743769217,"INVENTORY_TDAYS":0.094928336587,"CURRENT_ASSETS_TDAYS":0.01783833181,"TOTAL_ASSETS_TDAYS":0.011363237951,"PREMIUM_EXPENSE":null,"LOAN_DEPOSIT":null,"LOAN_EQUITY":null,"LOAN_ASSETS":null,"DEPOSIT_EQUITY":null,"DEPOSIT_ASSETS":null,"EQUITY_MULTIPLIER":1.306718220837,"EQUITY_RATIO":0.344042360863},{"SECUCODE":"02402.HK","SECURITY_CODE":"02402","SECURITY_NAME_ABBR":"亿华通","ORG_CODE":"10484436","STD_REPORT_DATE":"2022-12-31 00:00:00","REPORT_DATE":"2022-12-31 00:00:00","DATE_TYPE_CODE":"001","REPORT_TYPE":"2022年年报","PER_NETCASH_OPERATE":-3.324728426886,"PER_OI":7.389191424482,"BPS":10.110434303588,"BASIC_EPS":-1.19,"DILUTED_EPS":-1.19,"OPERATE_INCOME":738116580.2,"OPERATE_INCOME_YOY":17.278871544,"GROSS_PROFIT":283439300.38,"GROSS_PROFIT_YOY":18.882897264297,"HOLDER_PROFIT":-166733395.2,"HOLDER_PROFIT_YOY":-2.7976909337,"GROSS_PROFIT_RATIO":38.400343249734,"EPS_TTM":-1.666352482021,"OPERATE_INCOME_QOQ":14.173107384658,"NET_PROFIT_RATIO":-26.3814497186,"ROE_AVG":-6.871546124107,"GROSS_PROFIT_QOQ":0.282798039909,"ROA":-4.5050658364,"HOLDER_PROFIT_QOQ":-0.839811871471,"ROE_YEARLY":-6.871546124107,"ROIC_YEARLY":-6.473365912601,"TOTAL_ASSETS":3783956307.25,"TOTAL_LIABILITIES":1040039059.76,"TAX_EBT":17.429575106334,"OCF_SALES":-44.994482290319,"TOTAL_PARENT_EQUITY":2342103146.24,"DEBT_ASSET_RATIO":27.4854933649,"OPERATE_PROFIT":-241661925.12,"PRETAX_PROFIT":-236317113.29,"NETCASH_OPERATE":-332111733.96,"NETCASH_INVEST":-3620395.01,"NETCASH_FINANCE":147555789.35,"END_CASH":616790436.73,"DIVI_RATIO":null,"DIVIDEND_RATE":null,"CURRENT_RATIO":2.727493224622,"COMMON_ACS":null,"CURRENTDEBT_DEBT":79.706495832118,"ISSUED_COMMON_SHARES":231652081,"HK_COMMON_SHARES":35864962,"PER_SHARES":50,"TOTAL_MARKET_CAP":4725702452.4,"HKSK_MARKET_CAP":731645224.8,"PE_TTM":-13.727183719227,"PB_TTM":1.527009070814,"REPORT_DATE_SQ":"2021-12-31 00:00:00","REPORT_TYPE_SQ":"2021年年报","OPERATE_INCOME_SQ":629368760.53,"DPS_HKD":null,"OPERATE_INCOME_QOQ_SQ":-22.933873418714,"NET_PROFIT_RATIO_SQ":-29.4555340349,"HOLDER_PROFIT_SQ":-161924124.12,"HOLDER_PROFIT_QOQ_SQ":-551.136616397527,"ROE_AVG_SQ":-6.128876450813,"PE_TTM_SQ":-20.929609346429,"PB_TTM_SQ":1.824614992722,"ROA_SQ":-4.390695693192,"START_DATE":"2022-01-01 00:00:00","FISCAL_YEAR":"12-31","CURRENCY":"HKD","IS_CNY_CODE":0,"DPS_HKD_LY":null,"ORG_TYPE":"一般企业","PREMIUM_INCOME":null,"PREMIUM_INCOME_YOY":null,"NET_INTEREST_INCOME":null,"NET_INTEREST_INCOME_YOY":null,"FEE_COMMISSION_INCOME":null,"FEE_COMMISSION_INCOME_YOY":null,"ACCOUNTS_RECE_TDAYS":0.745360413939,"INVENTORY_TDAYS":1.614438896439,"CURRENT_ASSETS_TDAYS":0.322484388487,"TOTAL_ASSETS_TDAYS":0.19977042195,"PREMIUM_EXPENSE":null,"LOAN_DEPOSIT":null,"LOAN_EQUITY":null,"LOAN_ASSETS":null,"DEPOSIT_EQUITY":null,"DEPOSIT_ASSETS":null,"EQUITY_MULTIPLIER":1.379034411738,"EQUITY_RATIO":0.444062022388},{"SECUCODE":"02402.HK","SECURITY_CODE":"02402","SECURITY_NAME_ABBR":"亿华通","ORG_CODE":"10484436","STD_REPORT_DATE":"2022-09-30 00:00:00","REPORT_DATE":"2022-09-30 00:00:00","DATE_TYPE_CODE":"004","REPORT_TYPE":"2022年三季报","PER_NETCASH_OPERATE":-1.860748215555,"PER_OI":3.910336089337,"BPS":10.399189981807,"BASIC_EPS":-0.68,"DILUTED_EPS":-0.68,"OPERATE_INCOME":390607382.3,"OPERATE_INCOME_YOY":4.5838275496,"GROSS_PROFIT":160943279.43,"GROSS_PROFIT_YOY":43.194340878153,"HOLDER_PROFIT":-94604209.98,"HOLDER_PROFIT_YOY":-27.9356400143,"GROSS_PROFIT_RATIO":40.707155785739,"EPS_TTM":-1.652481204513,"OPERATE_INCOME_QOQ":-17.195141007611,"NET_PROFIT_RATIO":-29.6064842668,"ROE_AVG":-3.487029389074,"GROSS_PROFIT_QOQ":-7.0513874547,"ROA":-2.35303201371,"HOLDER_PROFIT_QOQ":12.521728070547,"ROE_YEARLY":-4.649372518765,"ROIC_YEARLY":-3.441334064988,"TOTAL_ASSETS":3673002000,"TOTAL_LIABILITIES":864171000,"TAX_EBT":15.004665223747,"OCF_SALES":-47.585424736372,"TOTAL_PARENT_EQUITY":2408994000,"DEBT_ASSET_RATIO":23.5276485011,"OPERATE_PROFIT":-150620663.21,"PRETAX_PROFIT":-146614221.99,"NETCASH_OPERATE":-215384571.17,"NETCASH_INVEST":9287417.56,"NETCASH_FINANCE":109941281.55,"END_CASH":708810904.29,"DIVI_RATIO":null,"DIVIDEND_RATE":null,"CURRENT_RATIO":3.289660546266,"COMMON_ACS":null,"CURRENTDEBT_DEBT":79.005659759469,"ISSUED_COMMON_SHARES":231652081,"HK_COMMON_SHARES":35864962,"PER_SHARES":50,"TOTAL_MARKET_CAP":4725702452.4,"HKSK_MARKET_CAP":731645224.8,"PE_TTM":-13.727183719227,"PB_TTM":1.527009070814,"REPORT_DATE_SQ":"2021-09-30 00:00:00","REPORT_TYPE_SQ":"2021年三季报","OPERATE_INCOME_SQ":373487000,"DPS_HKD":null,"OPERATE_INCOME_QOQ_SQ":42.699805868672,"NET_PROFIT_RATIO_SQ":-24.8471834361,"HOLDER_PROFIT_SQ":-66936000,"HOLDER_PROFIT_QOQ_SQ":-6041.80327868852,"ROE_AVG_SQ":-2.828069186632,"PE_TTM_SQ":-20.929609346429,"PB_TTM_SQ":1.824614992722,"ROA_SQ":-2.084405726697,"START_DATE":"2022-01-01 00:00:00","FISCAL_YEAR":"12-31","CURRENCY":"HKD","IS_CNY_CODE":0,"DPS_HKD_LY":null,"ORG_TYPE":"一般企业","PREMIUM_INCOME":null,"PREMIUM_INCOME_YOY":null,"NET_INTEREST_INCOME":null,"NET_INTEREST_INCOME_YOY":null,"FEE_COMMISSION_INCOME":null,"FEE_COMMISSION_INCOME_YOY":null,"ACCOUNTS_RECE_TDAYS":0.455955642545,"INVENTORY_TDAYS":0.717162834193,"CURRENT_ASSETS_TDAYS":0.171219319646,"TOTAL_ASSETS_TDAYS":0.107328869712,"PREMIUM_EXPENSE":null,"LOAN_DEPOSIT":null,"LOAN_EQUITY":null,"LOAN_ASSETS":null,"DEPOSIT_EQUITY":null,"DEPOSIT_ASSETS":null,"EQUITY_MULTIPLIER":1.307662155537,"EQUITY_RATIO":0.358726920864}],"count":18},"success":true,"message":"ok","code":0}