{"version":"adfd37a4891e775c0c2b6eef41e67150","result":{"pages":1,"data":[{"SECUCODE":"02411.HK","SECURITY_CODE":"02411","SECURITY_NAME_ABBR":"百果园集团","ORG_CODE":"10638966","STD_REPORT_DATE":"2024-06-30 00:00:00","REPORT_DATE":"2024-06-30 00:00:00","DATE_TYPE_CODE":"002","REPORT_TYPE":"2024年中报","PER_NETCASH_OPERATE":0.174787100641,"PER_OI":3.52154173885,"BPS":2.101034373554,"BASIC_EPS":0.0583,"DILUTED_EPS":0.0583,"OPERATE_INCOME":5594124000,"OPERATE_INCOME_YOY":-11.1241952263,"GROSS_PROFIT":618508000,"GROSS_PROFIT_YOY":-13.195758225596,"HOLDER_PROFIT":88506000,"HOLDER_PROFIT_YOY":-66.0645611506,"GROSS_PROFIT_RATIO":11.056387023241,"EPS_TTM":0.119238749446,"OPERATE_INCOME_QOQ":-6.14712803722,"NET_PROFIT_RATIO":1.5007711663,"ROE_AVG":2.740474670674,"GROSS_PROFIT_QOQ":-7.151043976061,"ROA":1.094802274486,"HOLDER_PROFIT_QOQ":-47.634200217297,"ROE_YEARLY":5.480949341348,"ROIC_YEARLY":3.068936913436,"TOTAL_ASSETS":8577414000,"TOTAL_LIABILITIES":5232986000,"TAX_EBT":15.421657616635,"OCF_SALES":4.963368706164,"TOTAL_PARENT_EQUITY":3234201000,"DEBT_ASSET_RATIO":61.0089008179,"OPERATE_PROFIT":127920000,"PRETAX_PROFIT":99263000,"NETCASH_OPERATE":277657000,"NETCASH_INVEST":-1002742000,"NETCASH_FINANCE":905766000,"END_CASH":2295504000,"DIVI_RATIO":0.359482183427,"DIVIDEND_RATE":3.724409448819,"CURRENT_RATIO":1.271705698632,"COMMON_ACS":null,"CURRENTDEBT_DEBT":86.833177080925,"ISSUED_COMMON_SHARES":1539337500,"HK_COMMON_SHARES":1453888946,"PER_SHARES":500,"TOTAL_MARKET_CAP":1954958625,"HKSK_MARKET_CAP":1846438961.42,"PE_TTM":9.167626195233,"PB_TTM":0.551682359218,"REPORT_DATE_SQ":"2023-06-30 00:00:00","REPORT_TYPE_SQ":"2023年中报","OPERATE_INCOME_SQ":6294316000,"DPS_HKD":0.0473,"OPERATE_INCOME_QOQ_SQ":3.355685712379,"NET_PROFIT_RATIO_SQ":3.9805596033,"HOLDER_PROFIT_SQ":260807000,"HOLDER_PROFIT_QOQ_SQ":20.52447130657,"ROE_AVG_SQ":8.079210067764,"PE_TTM_SQ":9.247588104073,"PB_TTM_SQ":1.016400696089,"ROA_SQ":3.65865368665,"START_DATE":"2024-01-01 00:00:00","FISCAL_YEAR":"12-31","CURRENCY":"HKD","IS_CNY_CODE":0,"DPS_HKD_LY":0.0473,"ORG_TYPE":"一般企业","PREMIUM_INCOME":null,"PREMIUM_INCOME_YOY":null,"NET_INTEREST_INCOME":null,"NET_INTEREST_INCOME_YOY":null,"FEE_COMMISSION_INCOME":null,"FEE_COMMISSION_INCOME_YOY":null,"ACCOUNTS_RECE_TDAYS":5.263076488851,"INVENTORY_TDAYS":16.466362311095,"CURRENT_ASSETS_TDAYS":1.013021033755,"TOTAL_ASSETS_TDAYS":0.691982428192,"PREMIUM_EXPENSE":null,"LOAN_DEPOSIT":null,"LOAN_EQUITY":null,"LOAN_ASSETS":null,"DEPOSIT_EQUITY":null,"DEPOSIT_ASSETS":null,"EQUITY_MULTIPLIER":2.564687892818,"EQUITY_RATIO":1.618015083169},{"SECUCODE":"02411.HK","SECURITY_CODE":"02411","SECURITY_NAME_ABBR":"百果园集团","ORG_CODE":"10638966","STD_REPORT_DATE":"2023-12-31 00:00:00","REPORT_DATE":"2023-12-31 00:00:00","DATE_TYPE_CODE":"001","REPORT_TYPE":"2023年年报","PER_NETCASH_OPERATE":-0.030549987913,"PER_OI":7.170437205391,"BPS":2.095038937205,"BASIC_EPS":0.2297,"DILUTED_EPS":0.2297,"OPERATE_INCOME":11390555000,"OPERATE_INCOME_YOY":0.6944840411,"GROSS_PROFIT":1314829000,"GROSS_PROFIT_YOY":0.04131520841,"HOLDER_PROFIT":361717000,"HOLDER_PROFIT_YOY":11.883809624,"GROSS_PROFIT_RATIO":11.543151321424,"EPS_TTM":0.227703481931,"OPERATE_INCOME_QOQ":-2.574799492627,"NET_PROFIT_RATIO":2.9848589467,"ROE_AVG":11.70669962642,"GROSS_PROFIT_QOQ":-2.563758637938,"ROA":5.023593949361,"HOLDER_PROFIT_QOQ":-7.169217660887,"ROE_YEARLY":11.70669962642,"ROIC_YEARLY":6.797233052957,"TOTAL_ASSETS":7590985000,"TOTAL_LIABILITIES":4253889000,"TAX_EBT":10.770983090703,"OCF_SALES":-0.426054744479,"TOTAL_PARENT_EQUITY":3224972000,"DEBT_ASSET_RATIO":56.0386959005,"OPERATE_PROFIT":416612000,"PRETAX_PROFIT":381033000,"NETCASH_OPERATE":-48530000,"NETCASH_INVEST":282555000,"NETCASH_FINANCE":414890000,"END_CASH":2114823000,"DIVI_RATIO":0.188245720428,"DIVIDEND_RATE":3.814516129032,"CURRENT_RATIO":1.497016399427,"COMMON_ACS":null,"CURRENTDEBT_DEBT":82.690498036033,"ISSUED_COMMON_SHARES":1539337500,"HK_COMMON_SHARES":1453888946,"PER_SHARES":500,"TOTAL_MARKET_CAP":1908778500,"HKSK_MARKET_CAP":1802822293.04,"PE_TTM":8.951068096133,"PB_TTM":0.538650492465,"REPORT_DATE_SQ":"2022-12-31 00:00:00","REPORT_TYPE_SQ":"2022年年报","OPERATE_INCOME_SQ":11311995000,"DPS_HKD":0.0473,"OPERATE_INCOME_QOQ_SQ":5.930728090534,"NET_PROFIT_RATIO_SQ":2.7063042372,"HOLDER_PROFIT_SQ":323297000,"HOLDER_PROFIT_QOQ_SQ":9.750690828111,"ROE_AVG_SQ":11.565849125622,"PE_TTM_SQ":14.118745623913,"PB_TTM_SQ":1.551788717075,"ROA_SQ":4.885900027634,"START_DATE":"2023-01-01 00:00:00","FISCAL_YEAR":"12-31","CURRENCY":"HKD","IS_CNY_CODE":0,"DPS_HKD_LY":0.08512,"ORG_TYPE":"一般企业","PREMIUM_INCOME":null,"PREMIUM_INCOME_YOY":null,"NET_INTEREST_INCOME":null,"NET_INTEREST_INCOME_YOY":null,"FEE_COMMISSION_INCOME":null,"FEE_COMMISSION_INCOME_YOY":null,"ACCOUNTS_RECE_TDAYS":10.441055824386,"INVENTORY_TDAYS":30.45608594194,"CURRENT_ASSETS_TDAYS":2.279143451984,"TOTAL_ASSETS_TDAYS":1.581941771547,"PREMIUM_EXPENSE":null,"LOAN_DEPOSIT":null,"LOAN_EQUITY":null,"LOAN_ASSETS":null,"DEPOSIT_EQUITY":null,"DEPOSIT_ASSETS":null,"EQUITY_MULTIPLIER":2.274727787275,"EQUITY_RATIO":1.319046801026},{"SECUCODE":"02411.HK","SECURITY_CODE":"02411","SECURITY_NAME_ABBR":"百果园集团","ORG_CODE":"10638966","STD_REPORT_DATE":"2023-06-30 00:00:00","REPORT_DATE":"2023-06-30 00:00:00","DATE_TYPE_CODE":"002","REPORT_TYPE":"2023年中报","PER_NETCASH_OPERATE":0.14169579187,"PER_OI":3.962317694694,"BPS":2.274721430486,"BASIC_EPS":0.1651,"DILUTED_EPS":0.1651,"OPERATE_INCOME":6294316000,"OPERATE_INCOME_YOY":6.4178006029,"GROSS_PROFIT":712532000,"GROSS_PROFIT_YOY":5.187387528362,"HOLDER_PROFIT":260807000,"HOLDER_PROFIT_YOY":34.1241026063,"GROSS_PROFIT_RATIO":11.320245122743,"EPS_TTM":0.245288767576,"OPERATE_INCOME_QOQ":3.355685712379,"NET_PROFIT_RATIO":3.9805596033,"ROE_AVG":8.079210067764,"GROSS_PROFIT_QOQ":2.673618983996,"ROA":3.65865368665,"HOLDER_PROFIT_QOQ":20.52447130657,"ROE_YEARLY":16.158420135528,"ROIC_YEARLY":9.851106113924,"TOTAL_ASSETS":7447252000,"TOTAL_LIABILITIES":3884141000,"TAX_EBT":8.048664122137,"OCF_SALES":3.576083564918,"TOTAL_PARENT_EQUITY":3501564000,"DEBT_ASSET_RATIO":52.155358782,"OPERATE_PROFIT":282929000,"PRETAX_PROFIT":272480000,"NETCASH_OPERATE":225090000,"NETCASH_INVEST":48988000,"NETCASH_FINANCE":334789000,"END_CASH":2074775000,"DIVI_RATIO":0.174749974993,"DIVIDEND_RATE":3.814516129032,"CURRENT_RATIO":1.659553217604,"COMMON_ACS":null,"CURRENTDEBT_DEBT":82.203993109416,"ISSUED_COMMON_SHARES":1539337500,"HK_COMMON_SHARES":1453888946,"PER_SHARES":500,"TOTAL_MARKET_CAP":1908778500,"HKSK_MARKET_CAP":1802822293.04,"PE_TTM":8.951068096133,"PB_TTM":0.538650492465,"REPORT_DATE_SQ":"2022-06-30 00:00:00","REPORT_TYPE_SQ":"2022年中报","OPERATE_INCOME_SQ":5914721000,"DPS_HKD":0.0473,"OPERATE_INCOME_QOQ_SQ":3.783485391484,"NET_PROFIT_RATIO_SQ":3.2137272409,"HOLDER_PROFIT_SQ":194452000,"HOLDER_PROFIT_QOQ_SQ":25.4584792034,"ROE_AVG_SQ":7.270406811752,"PE_TTM_SQ":14.118745623913,"PB_TTM_SQ":1.551788717075,"ROA_SQ":3.05851197709,"START_DATE":"2023-01-01 00:00:00","FISCAL_YEAR":"12-31","CURRENCY":"HKD","IS_CNY_CODE":0,"DPS_HKD_LY":0.08512,"ORG_TYPE":"一般企业","PREMIUM_INCOME":null,"PREMIUM_INCOME_YOY":null,"NET_INTEREST_INCOME":null,"NET_INTEREST_INCOME_YOY":null,"FEE_COMMISSION_INCOME":null,"FEE_COMMISSION_INCOME_YOY":null,"ACCOUNTS_RECE_TDAYS":5.684071266765,"INVENTORY_TDAYS":19.665802305589,"CURRENT_ASSETS_TDAYS":1.255293021119,"TOTAL_ASSETS_TDAYS":0.882979461377,"PREMIUM_EXPENSE":null,"LOAN_DEPOSIT":null,"LOAN_EQUITY":null,"LOAN_ASSETS":null,"DEPOSIT_EQUITY":null,"DEPOSIT_ASSETS":null,"EQUITY_MULTIPLIER":2.090098231573,"EQUITY_RATIO":1.10925889117},{"SECUCODE":"02411.HK","SECURITY_CODE":"02411","SECURITY_NAME_ABBR":"百果园集团","ORG_CODE":"10638966","STD_REPORT_DATE":"2022-12-31 00:00:00","REPORT_DATE":"2022-12-31 00:00:00","DATE_TYPE_CODE":"001","REPORT_TYPE":"2022年年报","PER_NETCASH_OPERATE":0.392784,"PER_OI":7.54133,"BPS":1.919453011442,"BASIC_EPS":0.2155,"DILUTED_EPS":0.2155,"OPERATE_INCOME":11311995000,"OPERATE_INCOME_YOY":9.9386017129,"GROSS_PROFIT":1314286000,"GROSS_PROFIT_YOY":13.649696135368,"HOLDER_PROFIT":323297000,"HOLDER_PROFIT_YOY":40.353382969,"GROSS_PROFIT_RATIO":11.6185164509,"EPS_TTM":0.215531333333,"OPERATE_INCOME_QOQ":5.930728090534,"NET_PROFIT_RATIO":2.7063042372,"ROE_AVG":11.565849125622,"GROSS_PROFIT_QOQ":6.628686772969,"ROA":4.885900027634,"HOLDER_PROFIT_QOQ":9.750690828111,"ROE_YEARLY":11.565849125622,"ROIC_YEARLY":5.980670766291,"TOTAL_ASSETS":6809741000,"TOTAL_LIABILITIES":3790250000,"TAX_EBT":11.613571927636,"OCF_SALES":5.208418143749,"TOTAL_PARENT_EQUITY":2954686000,"DEBT_ASSET_RATIO":55.6592387288,"OPERATE_PROFIT":384998000,"PRETAX_PROFIT":346362000,"NETCASH_OPERATE":589176000,"NETCASH_INVEST":619846000,"NETCASH_FINANCE":-307780000,"END_CASH":1465908000,"DIVI_RATIO":0.198876911942,"DIVIDEND_RATE":3.814516129032,"CURRENT_RATIO":1.498958093325,"COMMON_ACS":null,"CURRENTDEBT_DEBT":83.247094518831,"ISSUED_COMMON_SHARES":1539337500,"HK_COMMON_SHARES":1453888946,"PER_SHARES":500,"TOTAL_MARKET_CAP":1908778500,"HKSK_MARKET_CAP":1802822293.04,"PE_TTM":8.951068096133,"PB_TTM":0.538650492465,"REPORT_DATE_SQ":"2021-12-31 00:00:00","REPORT_TYPE_SQ":"2021年年报","OPERATE_INCOME_SQ":10289375000,"DPS_HKD":0.0473,"OPERATE_INCOME_QOQ_SQ":16.215628890679,"NET_PROFIT_RATIO_SQ":2.1946522505,"HOLDER_PROFIT_SQ":230345000,"HOLDER_PROFIT_QOQ_SQ":378.564294886167,"ROE_AVG_SQ":9.216524018023,"PE_TTM_SQ":14.118745623913,"PB_TTM_SQ":1.551788717075,"ROA_SQ":4.024340267381,"START_DATE":"2022-01-01 00:00:00","FISCAL_YEAR":"12-31","CURRENCY":"HKD","IS_CNY_CODE":0,"DPS_HKD_LY":null,"ORG_TYPE":"一般企业","PREMIUM_INCOME":null,"PREMIUM_INCOME_YOY":null,"NET_INTEREST_INCOME":null,"NET_INTEREST_INCOME_YOY":null,"FEE_COMMISSION_INCOME":null,"FEE_COMMISSION_INCOME_YOY":null,"ACCOUNTS_RECE_TDAYS":9.946075575964,"INVENTORY_TDAYS":34.265425974004,"CURRENT_ASSETS_TDAYS":2.475566571695,"TOTAL_ASSETS_TDAYS":1.709551176877,"PREMIUM_EXPENSE":null,"LOAN_DEPOSIT":null,"LOAN_EQUITY":null,"LOAN_ASSETS":null,"DEPOSIT_EQUITY":null,"DEPOSIT_ASSETS":null,"EQUITY_MULTIPLIER":2.255261234429,"EQUITY_RATIO":1.282792824686},{"SECUCODE":"02411.HK","SECURITY_CODE":"02411","SECURITY_NAME_ABBR":"百果园集团","ORG_CODE":"10638966","STD_REPORT_DATE":"2022-06-30 00:00:00","REPORT_DATE":"2022-06-30 00:00:00","DATE_TYPE_CODE":"002","REPORT_TYPE":"2022年中报","PER_NETCASH_OPERATE":0.344025333333,"PER_OI":3.943147333333,"BPS":1.843634030874,"BASIC_EPS":0.1296,"DILUTED_EPS":0.1296,"OPERATE_INCOME":5914721000,"OPERATE_INCOME_YOY":7.0455588567,"GROSS_PROFIT":677393000,"GROSS_PROFIT_YOY":12.664678576359,"HOLDER_PROFIT":194452000,"HOLDER_PROFIT_YOY":42.9397524585,"GROSS_PROFIT_RATIO":11.452661926066,"EPS_TTM":0.196382666667,"OPERATE_INCOME_QOQ":3.783485391484,"NET_PROFIT_RATIO":3.2137272409,"ROE_AVG":7.270406811752,"GROSS_PROFIT_QOQ":6.584540778737,"ROA":3.05851197709,"HOLDER_PROFIT_QOQ":25.4584792034,"ROE_YEARLY":14.540813623504,"ROIC_YEARLY":7.901741780403,"TOTAL_ASSETS":6580446000,"TOTAL_LIABILITIES":3681815000,"TAX_EBT":10.383099571114,"OCF_SALES":8.724638068304,"TOTAL_PARENT_EQUITY":2828989000,"DEBT_ASSET_RATIO":55.8632564365,"OPERATE_PROFIT":225680000,"PRETAX_PROFIT":207048000,"NETCASH_OPERATE":512942000,"NETCASH_INVEST":1034924000,"NETCASH_FINANCE":-215028000,"END_CASH":1897504000,"DIVI_RATIO":0.218268784754,"DIVIDEND_RATE":3.814516129032,"CURRENT_RATIO":1.508081996635,"COMMON_ACS":null,"CURRENTDEBT_DEBT":83.096760700904,"ISSUED_COMMON_SHARES":1539337500,"HK_COMMON_SHARES":1453888946,"PER_SHARES":500,"TOTAL_MARKET_CAP":1908778500,"HKSK_MARKET_CAP":1802822293.04,"PE_TTM":8.951068096133,"PB_TTM":0.538650492465,"REPORT_DATE_SQ":"2021-06-30 00:00:00","REPORT_TYPE_SQ":"2021年中报","OPERATE_INCOME_SQ":5525424000,"DPS_HKD":0.0473,"OPERATE_INCOME_QOQ_SQ":0,"NET_PROFIT_RATIO_SQ":2.4621820877,"HOLDER_PROFIT_SQ":139209000,"HOLDER_PROFIT_QOQ_SQ":0,"ROE_AVG_SQ":null,"PE_TTM_SQ":14.118745623913,"PB_TTM_SQ":1.551788717075,"ROA_SQ":null,"START_DATE":"2022-01-01 00:00:00","FISCAL_YEAR":"12-31","CURRENCY":"HKD","IS_CNY_CODE":0,"DPS_HKD_LY":null,"ORG_TYPE":"一般企业","PREMIUM_INCOME":null,"PREMIUM_INCOME_YOY":null,"NET_INTEREST_INCOME":null,"NET_INTEREST_INCOME_YOY":null,"FEE_COMMISSION_INCOME":null,"FEE_COMMISSION_INCOME_YOY":null,"ACCOUNTS_RECE_TDAYS":5.282592745582,"INVENTORY_TDAYS":20.534071996095,"CURRENT_ASSETS_TDAYS":1.311369064043,"TOTAL_ASSETS_TDAYS":0.909126065766,"PREMIUM_EXPENSE":null,"LOAN_DEPOSIT":null,"LOAN_EQUITY":null,"LOAN_ASSETS":null,"DEPOSIT_EQUITY":null,"DEPOSIT_ASSETS":null,"EQUITY_MULTIPLIER":2.265685955198,"EQUITY_RATIO":1.301459638054},{"SECUCODE":"02411.HK","SECURITY_CODE":"02411","SECURITY_NAME_ABBR":"百果园集团","ORG_CODE":"10638966","STD_REPORT_DATE":"2021-12-31 00:00:00","REPORT_DATE":"2021-12-31 00:00:00","DATE_TYPE_CODE":"001","REPORT_TYPE":"2021年年报","PER_NETCASH_OPERATE":0.190656666667,"PER_OI":6.859583333333,"BPS":1.715226193086,"BASIC_EPS":0.1536,"DILUTED_EPS":0.1536,"OPERATE_INCOME":10289375000,"OPERATE_INCOME_YOY":16.2156288907,"GROSS_PROFIT":1156436000,"GROSS_PROFIT_YOY":43.224304274055,"HOLDER_PROFIT":230345000,"HOLDER_PROFIT_YOY":378.5642948862,"GROSS_PROFIT_RATIO":11.239127740995,"EPS_TTM":0.156532,"OPERATE_INCOME_QOQ":16.215628890679,"NET_PROFIT_RATIO":2.1946522505,"ROE_AVG":9.216524018023,"GROSS_PROFIT_QOQ":43.224304274055,"ROA":4.024340267381,"HOLDER_PROFIT_QOQ":378.564294886167,"ROE_YEARLY":9.216524018023,"ROIC_YEARLY":4.673383352363,"TOTAL_ASSETS":6419866000,"TOTAL_LIABILITIES":3706905000,"TAX_EBT":14.042799395792,"OCF_SALES":2.779420518739,"TOTAL_PARENT_EQUITY":2635859000,"DEBT_ASSET_RATIO":57.6999303875,"OPERATE_PROFIT":295143000,"PRETAX_PROFIT":257527000,"NETCASH_OPERATE":283882000,"NETCASH_INVEST":-577898000,"NETCASH_FINANCE":404046000,"END_CASH":564666000,"DIVI_RATIO":0.273836697928,"DIVIDEND_RATE":3.814516129032,"CURRENT_RATIO":1.442575302417,"COMMON_ACS":null,"CURRENTDEBT_DEBT":82.460300439315,"ISSUED_COMMON_SHARES":1539337500,"HK_COMMON_SHARES":1453888946,"PER_SHARES":500,"TOTAL_MARKET_CAP":1908778500,"HKSK_MARKET_CAP":1802822293.04,"PE_TTM":8.951068096133,"PB_TTM":0.538650492465,"REPORT_DATE_SQ":"2020-12-31 00:00:00","REPORT_TYPE_SQ":"2020年年报","OPERATE_INCOME_SQ":8853693000,"DPS_HKD":0.0473,"OPERATE_INCOME_QOQ_SQ":-1.364061784735,"NET_PROFIT_RATIO_SQ":0.5156944114,"HOLDER_PROFIT_SQ":49063000,"HOLDER_PROFIT_QOQ_SQ":-80.331765903798,"ROE_AVG_SQ":2.023022117875,"PE_TTM_SQ":14.118745623913,"PB_TTM_SQ":1.551788717075,"ROA_SQ":0.988103506073,"START_DATE":"2021-01-01 00:00:00","FISCAL_YEAR":"12-31","CURRENCY":"HKD","IS_CNY_CODE":0,"DPS_HKD_LY":null,"ORG_TYPE":"一般企业","PREMIUM_INCOME":null,"PREMIUM_INCOME_YOY":null,"NET_INTEREST_INCOME":null,"NET_INTEREST_INCOME_YOY":null,"FEE_COMMISSION_INCOME":null,"FEE_COMMISSION_INCOME_YOY":null,"ACCOUNTS_RECE_TDAYS":8.409440394982,"INVENTORY_TDAYS":36.097503038447,"CURRENT_ASSETS_TDAYS":2.603457672646,"TOTAL_ASSETS_TDAYS":1.763556169077,"PREMIUM_EXPENSE":null,"LOAN_DEPOSIT":null,"LOAN_EQUITY":null,"LOAN_ASSETS":null,"DEPOSIT_EQUITY":null,"DEPOSIT_ASSETS":null,"EQUITY_MULTIPLIER":2.36406230335,"EQUITY_RATIO":1.406336606017},{"SECUCODE":"02411.HK","SECURITY_CODE":"02411","SECURITY_NAME_ABBR":"百果园集团","ORG_CODE":"10638966","STD_REPORT_DATE":"2021-06-30 00:00:00","REPORT_DATE":"2021-06-30 00:00:00","DATE_TYPE_CODE":"002","REPORT_TYPE":"2021年中报","PER_NETCASH_OPERATE":null,"PER_OI":null,"BPS":null,"BASIC_EPS":0.0928,"DILUTED_EPS":0.0928,"OPERATE_INCOME":5525424000,"OPERATE_INCOME_YOY":null,"GROSS_PROFIT":601247000,"GROSS_PROFIT_YOY":null,"HOLDER_PROFIT":139209000,"HOLDER_PROFIT_YOY":null,"GROSS_PROFIT_RATIO":10.88146357637,"EPS_TTM":0.032708666667,"OPERATE_INCOME_QOQ":0,"NET_PROFIT_RATIO":2.4621820877,"ROE_AVG":null,"GROSS_PROFIT_QOQ":0,"ROA":null,"HOLDER_PROFIT_QOQ":0,"ROE_YEARLY":null,"ROIC_YEARLY":null,"TOTAL_ASSETS":null,"TOTAL_LIABILITIES":null,"TAX_EBT":13.209346376398,"OCF_SALES":2.141681796727,"TOTAL_PARENT_EQUITY":null,"DEBT_ASSET_RATIO":null,"OPERATE_PROFIT":173264000,"PRETAX_PROFIT":154156000,"NETCASH_OPERATE":117497000,"NETCASH_INVEST":-248964000,"NETCASH_FINANCE":277350000,"END_CASH":600519000,"DIVI_RATIO":1.310484662577,"DIVIDEND_RATE":3.814516129032,"CURRENT_RATIO":null,"COMMON_ACS":null,"CURRENTDEBT_DEBT":null,"ISSUED_COMMON_SHARES":1539337500,"HK_COMMON_SHARES":1453888946,"PER_SHARES":500,"TOTAL_MARKET_CAP":1908778500,"HKSK_MARKET_CAP":1802822293.04,"PE_TTM":8.951068096133,"PB_TTM":0.538650492465,"REPORT_DATE_SQ":"2020-06-30 00:00:00","REPORT_TYPE_SQ":"2020年中报","OPERATE_INCOME_SQ":null,"DPS_HKD":0.0473,"OPERATE_INCOME_QOQ_SQ":0,"NET_PROFIT_RATIO_SQ":null,"HOLDER_PROFIT_SQ":null,"HOLDER_PROFIT_QOQ_SQ":0,"ROE_AVG_SQ":null,"PE_TTM_SQ":14.118745623913,"PB_TTM_SQ":1.551788717075,"ROA_SQ":null,"START_DATE":"2021-01-01 00:00:00","FISCAL_YEAR":"12-31","CURRENCY":"HKD","IS_CNY_CODE":0,"DPS_HKD_LY":null,"ORG_TYPE":"一般企业","PREMIUM_INCOME":null,"PREMIUM_INCOME_YOY":null,"NET_INTEREST_INCOME":null,"NET_INTEREST_INCOME_YOY":null,"FEE_COMMISSION_INCOME":null,"FEE_COMMISSION_INCOME_YOY":null,"ACCOUNTS_RECE_TDAYS":null,"INVENTORY_TDAYS":null,"CURRENT_ASSETS_TDAYS":3.161811679208,"TOTAL_ASSETS_TDAYS":2.107027245108,"PREMIUM_EXPENSE":null,"LOAN_DEPOSIT":null,"LOAN_EQUITY":null,"LOAN_ASSETS":null,"DEPOSIT_EQUITY":null,"DEPOSIT_ASSETS":null,"EQUITY_MULTIPLIER":null,"EQUITY_RATIO":null},{"SECUCODE":"02411.HK","SECURITY_CODE":"02411","SECURITY_NAME_ABBR":"百果园集团","ORG_CODE":"10638966","STD_REPORT_DATE":"2020-12-31 00:00:00","REPORT_DATE":"2020-12-31 00:00:00","DATE_TYPE_CODE":"001","REPORT_TYPE":"2020年年报","PER_NETCASH_OPERATE":0.198652666667,"PER_OI":5.902462,"BPS":1.594738645684,"BASIC_EPS":0.0327,"DILUTED_EPS":0.0327,"OPERATE_INCOME":8853693000,"OPERATE_INCOME_YOY":-1.3640617847,"GROSS_PROFIT":807430000,"GROSS_PROFIT_YOY":-7.865068533792,"HOLDER_PROFIT":49063000,"HOLDER_PROFIT_YOY":-80.3317659038,"GROSS_PROFIT_RATIO":9.119697283382,"EPS_TTM":0.032708666667,"OPERATE_INCOME_QOQ":-1.364061784735,"NET_PROFIT_RATIO":0.5156944114,"ROE_AVG":2.023022117875,"GROSS_PROFIT_QOQ":-7.865068533792,"ROA":0.988103506073,"HOLDER_PROFIT_QOQ":-80.331765903798,"ROE_YEARLY":2.023022117875,"ROIC_YEARLY":1.105392480456,"TOTAL_ASSETS":5244758000,"TOTAL_LIABILITIES":2715836000,"TAX_EBT":36.329661135128,"OCF_SALES":3.365589929536,"TOTAL_PARENT_EQUITY":2454841000,"DEBT_ASSET_RATIO":51.7819125306,"OPERATE_PROFIT":147700000,"PRETAX_PROFIT":71710000,"NETCASH_OPERATE":292896000,"NETCASH_INVEST":-372660000,"NETCASH_FINANCE":217152000,"END_CASH":454636000,"DIVI_RATIO":1.310484662577,"DIVIDEND_RATE":3.814516129032,"CURRENT_RATIO":1.505647416327,"COMMON_ACS":null,"CURRENTDEBT_DEBT":85.473754674435,"ISSUED_COMMON_SHARES":1539337500,"HK_COMMON_SHARES":1453888946,"PER_SHARES":500,"TOTAL_MARKET_CAP":1908778500,"HKSK_MARKET_CAP":1802822293.04,"PE_TTM":8.951068096133,"PB_TTM":0.538650492465,"REPORT_DATE_SQ":"2019-12-31 00:00:00","REPORT_TYPE_SQ":"2019年年报","OPERATE_INCOME_SQ":8976133000,"DPS_HKD":0.0473,"OPERATE_INCOME_QOQ_SQ":null,"NET_PROFIT_RATIO_SQ":2.7661911872,"HOLDER_PROFIT_SQ":249453000,"HOLDER_PROFIT_QOQ_SQ":null,"ROE_AVG_SQ":10.412856770154,"PE_TTM_SQ":14.118745623913,"PB_TTM_SQ":1.551788717075,"ROA_SQ":5.323386789922,"START_DATE":"2020-01-01 00:00:00","FISCAL_YEAR":"12-31","CURRENCY":"HKD","IS_CNY_CODE":0,"DPS_HKD_LY":null,"ORG_TYPE":"一般企业","PREMIUM_INCOME":null,"PREMIUM_INCOME_YOY":null,"NET_INTEREST_INCOME":null,"NET_INTEREST_INCOME_YOY":null,"FEE_COMMISSION_INCOME":null,"FEE_COMMISSION_INCOME_YOY":null,"ACCOUNTS_RECE_TDAYS":6.475299357677,"INVENTORY_TDAYS":32.571941521391,"CURRENT_ASSETS_TDAYS":2.505663125203,"TOTAL_ASSETS_TDAYS":1.783088089801,"PREMIUM_EXPENSE":null,"LOAN_DEPOSIT":null,"LOAN_EQUITY":null,"LOAN_ASSETS":null,"DEPOSIT_EQUITY":null,"DEPOSIT_ASSETS":null,"EQUITY_MULTIPLIER":2.073910543703,"EQUITY_RATIO":1.106318494762},{"SECUCODE":"02411.HK","SECURITY_CODE":"02411","SECURITY_NAME_ABBR":"百果园集团","ORG_CODE":"10638966","STD_REPORT_DATE":"2019-12-31 00:00:00","REPORT_DATE":"2019-12-31 00:00:00","DATE_TYPE_CODE":"001","REPORT_TYPE":"2019年年报","PER_NETCASH_OPERATE":22.385279210995,"PER_OI":409.850372129126,"BPS":1.556270148684,"BASIC_EPS":0.1663,"DILUTED_EPS":0.1663,"OPERATE_INCOME":8976133000,"OPERATE_INCOME_YOY":null,"GROSS_PROFIT":876356000,"GROSS_PROFIT_YOY":null,"HOLDER_PROFIT":249453000,"HOLDER_PROFIT_YOY":null,"GROSS_PROFIT_RATIO":9.763179756806,"EPS_TTM":11.39002785261,"OPERATE_INCOME_QOQ":null,"NET_PROFIT_RATIO":2.7661911872,"ROE_AVG":10.412856770154,"GROSS_PROFIT_QOQ":null,"ROA":5.323386789922,"HOLDER_PROFIT_QOQ":null,"ROE_YEARLY":10.412856770154,"ROIC_YEARLY":5.719973025074,"TOTAL_ASSETS":4685983000,"TOTAL_LIABILITIES":2282710000,"TAX_EBT":7.586692025115,"OCF_SALES":5.461817466386,"TOTAL_PARENT_EQUITY":2395625000,"DEBT_ASSET_RATIO":48.7135783463,"OPERATE_PROFIT":317852000,"PRETAX_PROFIT":268681000,"NETCASH_OPERATE":495343000,"NETCASH_INVEST":-231825000,"NETCASH_FINANCE":-64952000,"END_CASH":317248000,"DIVI_RATIO":0.003763310025,"DIVIDEND_RATE":3.814516129032,"CURRENT_RATIO":1.854081829163,"COMMON_ACS":null,"CURRENTDEBT_DEBT":84.394294500835,"ISSUED_COMMON_SHARES":1539337500,"HK_COMMON_SHARES":1453888946,"PER_SHARES":500,"TOTAL_MARKET_CAP":1908778500,"HKSK_MARKET_CAP":1802822293.04,"PE_TTM":8.951068096133,"PB_TTM":0.538650492465,"REPORT_DATE_SQ":"2018-12-31 00:00:00","REPORT_TYPE_SQ":"2018年年报","OPERATE_INCOME_SQ":null,"DPS_HKD":0.0473,"OPERATE_INCOME_QOQ_SQ":null,"NET_PROFIT_RATIO_SQ":null,"HOLDER_PROFIT_SQ":null,"HOLDER_PROFIT_QOQ_SQ":null,"ROE_AVG_SQ":null,"PE_TTM_SQ":14.118745623913,"PB_TTM_SQ":1.551788717075,"ROA_SQ":null,"START_DATE":"2019-01-01 00:00:00","FISCAL_YEAR":"12-31","CURRENCY":"HKD","IS_CNY_CODE":0,"DPS_HKD_LY":null,"ORG_TYPE":"一般企业","PREMIUM_INCOME":null,"PREMIUM_INCOME_YOY":null,"NET_INTEREST_INCOME":null,"NET_INTEREST_INCOME_YOY":null,"FEE_COMMISSION_INCOME":null,"FEE_COMMISSION_INCOME_YOY":null,"ACCOUNTS_RECE_TDAYS":6.217316799321,"INVENTORY_TDAYS":34.495613399998,"CURRENT_ASSETS_TDAYS":5.026047035622,"TOTAL_ASSETS_TDAYS":3.831056578737,"PREMIUM_EXPENSE":null,"LOAN_DEPOSIT":null,"LOAN_EQUITY":null,"LOAN_ASSETS":null,"DEPOSIT_EQUITY":null,"DEPOSIT_ASSETS":null,"EQUITY_MULTIPLIER":1.949833830779,"EQUITY_RATIO":0.952866162275}],"count":9},"success":true,"message":"ok","code":0}