{"version":"d01dcdcd67b8d658a2d9e578ab2eb164","result":{"pages":2,"data":[{"SECUCODE":"02416.HK","SECURITY_CODE":"02416","SECURITY_NAME_ABBR":"易点云","ORG_CODE":"10000299217","STD_REPORT_DATE":"2024-06-30 00:00:00","REPORT_DATE":"2024-06-30 00:00:00","DATE_TYPE_CODE":"002","REPORT_TYPE":"2024年中报","PER_NETCASH_OPERATE":0.421245669255,"PER_OI":1.115888142429,"BPS":2.366228844371,"BASIC_EPS":0.03,"DILUTED_EPS":0.03,"OPERATE_INCOME":646888000,"OPERATE_INCOME_YOY":1.7178672344,"GROSS_PROFIT":276971000,"GROSS_PROFIT_YOY":-2.050436929083,"HOLDER_PROFIT":16481000,"HOLDER_PROFIT_YOY":101.869265938,"GROSS_PROFIT_RATIO":42.815912491807,"EPS_TTM":-0.004265949247,"OPERATE_INCOME_QOQ":0.859734595799,"NET_PROFIT_RATIO":2.5477362387,"ROE_AVG":1.321907441615,"GROSS_PROFIT_QOQ":-1.049700551102,"ROA":0.501238040625,"HOLDER_PROFIT_QOQ":99.725416566275,"ROE_YEARLY":2.643814883229,"ROIC_YEARLY":1.157854747575,"TOTAL_ASSETS":3264243000,"TOTAL_LIABILITIES":2002712000,"TAX_EBT":22.511636654286,"OCF_SALES":37.749811404756,"TOTAL_PARENT_EQUITY":1261531000,"DEBT_ASSET_RATIO":61.3530303963,"OPERATE_PROFIT":79163000,"PRETAX_PROFIT":21269000,"NETCASH_OPERATE":244199000,"NETCASH_INVEST":6248000,"NETCASH_FINANCE":-348898000,"END_CASH":392094000,"DIVI_RATIO":null,"DIVIDEND_RATE":null,"CURRENT_RATIO":0.761243740804,"COMMON_ACS":1400000000,"CURRENTDEBT_DEBT":61.286595376669,"ISSUED_COMMON_SHARES":533139896,"HK_COMMON_SHARES":533139896,"PER_SHARES":500,"TOTAL_MARKET_CAP":1540774299.44,"HKSK_MARKET_CAP":1540774299.44,"PE_TTM":-79.060860924917,"PB_TTM":1.114704186907,"REPORT_DATE_SQ":"2023-06-30 00:00:00","REPORT_TYPE_SQ":"2023年中报","OPERATE_INCOME_SQ":635963000,"DPS_HKD":null,"OPERATE_INCOME_QOQ_SQ":-1.422126717249,"NET_PROFIT_RATIO_SQ":-138.637467903,"HOLDER_PROFIT_SQ":-881683000,"HOLDER_PROFIT_QOQ_SQ":-42.04971493132,"ROE_AVG_SQ":263.925978366453,"PE_TTM_SQ":-1.99585223505,"PB_TTM_SQ":1.349083156329,"ROA_SQ":-27.346762360986,"START_DATE":"2024-01-01 00:00:00","FISCAL_YEAR":"12-31","CURRENCY":"HKD","IS_CNY_CODE":0,"DPS_HKD_LY":null,"ORG_TYPE":"一般企业","PREMIUM_INCOME":null,"PREMIUM_INCOME_YOY":null,"NET_INTEREST_INCOME":null,"NET_INTEREST_INCOME_YOY":null,"FEE_COMMISSION_INCOME":null,"FEE_COMMISSION_INCOME_YOY":null,"ACCOUNTS_RECE_TDAYS":2.233158654211,"INVENTORY_TDAYS":236.822663252241,"CURRENT_ASSETS_TDAYS":0.637126897369,"TOTAL_ASSETS_TDAYS":0.19673859209,"PREMIUM_EXPENSE":null,"LOAN_DEPOSIT":null,"LOAN_EQUITY":null,"LOAN_ASSETS":null,"DEPOSIT_EQUITY":null,"DEPOSIT_ASSETS":null,"EQUITY_MULTIPLIER":2.587524999384,"EQUITY_RATIO":1.587524999386},{"SECUCODE":"02416.HK","SECURITY_CODE":"02416","SECURITY_NAME_ABBR":"易点云","ORG_CODE":"10000299217","STD_REPORT_DATE":"2023-12-31 00:00:00","REPORT_DATE":"2023-12-31 00:00:00","DATE_TYPE_CODE":"001","REPORT_TYPE":"2023年年报","PER_NETCASH_OPERATE":0.518572510121,"PER_OI":2.206456090232,"BPS":2.310813745591,"BASIC_EPS":-2.27,"DILUTED_EPS":-2.27,"OPERATE_INCOME":1270741000,"OPERATE_INCOME_YOY":-7.3728997025,"GROSS_PROFIT":552348000,"GROSS_PROFIT_YOY":-11.8419645579,"HOLDER_PROFIT":-900637000,"HOLDER_PROFIT_YOY":-47.2574708923,"GROSS_PROFIT_RATIO":43.466607278745,"EPS_TTM":-1.56382456672,"OPERATE_INCOME_QOQ":-6.036621390897,"NET_PROFIT_RATIO":-70.8749461928,"ROE_AVG":265.533248521068,"GROSS_PROFIT_QOQ":-4.087267271648,"ROA":-28.368900885696,"HOLDER_PROFIT_QOQ":-3.666150237228,"ROE_YEARLY":265.533248521068,"ROIC_YEARLY":-33.648081529173,"TOTAL_ASSETS":3311874000,"TOTAL_LIABILITIES":2079887000,"TAX_EBT":0.19359829075,"OCF_SALES":23.502507592027,"TOTAL_PARENT_EQUITY":1231987000,"DEBT_ASSET_RATIO":62.8009096964,"OPERATE_PROFIT":-757975000,"PRETAX_PROFIT":-902384000,"NETCASH_OPERATE":298656000,"NETCASH_INVEST":-214109000,"NETCASH_FINANCE":-101680000,"END_CASH":490390000,"DIVI_RATIO":null,"DIVIDEND_RATE":null,"CURRENT_RATIO":0.874864935177,"COMMON_ACS":1400000000,"CURRENTDEBT_DEBT":60.248561580509,"ISSUED_COMMON_SHARES":533139896,"HK_COMMON_SHARES":533139896,"PER_SHARES":500,"TOTAL_MARKET_CAP":927663419.04,"HKSK_MARKET_CAP":927663419.04,"PE_TTM":-47.600656750642,"PB_TTM":0.671136776892,"REPORT_DATE_SQ":"2022-12-31 00:00:00","REPORT_TYPE_SQ":"2022年年报","OPERATE_INCOME_SQ":1371889000,"DPS_HKD":null,"OPERATE_INCOME_QOQ_SQ":3.857655049616,"NET_PROFIT_RATIO_SQ":-44.5813764816,"HOLDER_PROFIT_SQ":-611607000,"HOLDER_PROFIT_QOQ_SQ":33.520111131884,"ROE_AVG_SQ":37.922084525102,"PE_TTM_SQ":-1.906821414389,"PB_TTM_SQ":1.28890336023,"ROA_SQ":-19.896604554468,"START_DATE":"2023-01-01 00:00:00","FISCAL_YEAR":"12-31","CURRENCY":"HKD","IS_CNY_CODE":0,"DPS_HKD_LY":null,"ORG_TYPE":"一般企业","PREMIUM_INCOME":null,"PREMIUM_INCOME_YOY":null,"NET_INTEREST_INCOME":null,"NET_INTEREST_INCOME_YOY":null,"FEE_COMMISSION_INCOME":null,"FEE_COMMISSION_INCOME_YOY":null,"ACCOUNTS_RECE_TDAYS":4.757405244321,"INVENTORY_TDAYS":259.675763600217,"CURRENT_ASSETS_TDAYS":1.354807481639,"TOTAL_ASSETS_TDAYS":0.40026698304,"PREMIUM_EXPENSE":null,"LOAN_DEPOSIT":null,"LOAN_EQUITY":null,"LOAN_ASSETS":null,"DEPOSIT_EQUITY":null,"DEPOSIT_ASSETS":null,"EQUITY_MULTIPLIER":2.688237781727,"EQUITY_RATIO":1.68823778173},{"SECUCODE":"02416.HK","SECURITY_CODE":"02416","SECURITY_NAME_ABBR":"易点云","ORG_CODE":"10000299217","STD_REPORT_DATE":"2023-06-30 00:00:00","REPORT_DATE":"2023-06-30 00:00:00","DATE_TYPE_CODE":"002","REPORT_TYPE":"2023年中报","PER_NETCASH_OPERATE":0.364417430232,"PER_OI":1.10744971655,"BPS":2.33000570642,"BASIC_EPS":-4.07,"DILUTED_EPS":-4.07,"OPERATE_INCOME":635963000,"OPERATE_INCOME_YOY":-2.9764765292,"GROSS_PROFIT":282769000,"GROSS_PROFIT_YOY":-15.192876380366,"HOLDER_PROFIT":-881683000,"HOLDER_PROFIT_YOY":-41.1813214967,"GROSS_PROFIT_RATIO":44.463121282213,"EPS_TTM":-1.5128817391,"OPERATE_INCOME_QOQ":-1.422126717249,"NET_PROFIT_RATIO":-138.637467903,"ROE_AVG":263.925978366453,"GROSS_PROFIT_QOQ":-8.085159358576,"ROA":-27.346762360986,"HOLDER_PROFIT_QOQ":-42.04971493132,"ROE_YEARLY":527.851956732906,"ROIC_YEARLY":-66.040467325648,"TOTAL_ASSETS":3410578000,"TOTAL_LIABILITIES":2168359000,"TAX_EBT":-0.608202402457,"OCF_SALES":32.906002393221,"TOTAL_PARENT_EQUITY":1242219000,"DEBT_ASSET_RATIO":63.5774639958,"OPERATE_PROFIT":-804640000,"PRETAX_PROFIT":-876353000,"NETCASH_OPERATE":209270000,"NETCASH_INVEST":-302088000,"NETCASH_FINANCE":183292000,"END_CASH":602109000,"DIVI_RATIO":null,"DIVIDEND_RATE":null,"CURRENT_RATIO":0.767895696201,"COMMON_ACS":1400000000,"CURRENTDEBT_DEBT":73.52407973034,"ISSUED_COMMON_SHARES":533139896,"HK_COMMON_SHARES":533139896,"PER_SHARES":500,"TOTAL_MARKET_CAP":927663419.04,"HKSK_MARKET_CAP":927663419.04,"PE_TTM":-47.600656750642,"PB_TTM":0.671136776892,"REPORT_DATE_SQ":"2022-06-30 00:00:00","REPORT_TYPE_SQ":"2022年中报","OPERATE_INCOME_SQ":655473000,"DPS_HKD":null,"OPERATE_INCOME_QOQ_SQ":11.588858786787,"NET_PROFIT_RATIO_SQ":-95.2753202649,"HOLDER_PROFIT_SQ":-624504000,"HOLDER_PROFIT_QOQ_SQ":-164.178380163391,"ROE_AVG_SQ":38.413404316175,"PE_TTM_SQ":-1.906821414389,"PB_TTM_SQ":1.28890336023,"ROA_SQ":-20.228645392336,"START_DATE":"2023-01-01 00:00:00","FISCAL_YEAR":"12-31","CURRENCY":"HKD","IS_CNY_CODE":0,"DPS_HKD_LY":null,"ORG_TYPE":"一般企业","PREMIUM_INCOME":null,"PREMIUM_INCOME_YOY":null,"NET_INTEREST_INCOME":null,"NET_INTEREST_INCOME_YOY":null,"FEE_COMMISSION_INCOME":null,"FEE_COMMISSION_INCOME_YOY":null,"ACCOUNTS_RECE_TDAYS":2.70022184717,"INVENTORY_TDAYS":87.467558197127,"CURRENT_ASSETS_TDAYS":0.634746191551,"TOTAL_ASSETS_TDAYS":0.197253763897,"PREMIUM_EXPENSE":null,"LOAN_DEPOSIT":null,"LOAN_EQUITY":null,"LOAN_ASSETS":null,"DEPOSIT_EQUITY":null,"DEPOSIT_ASSETS":null,"EQUITY_MULTIPLIER":2.7455529178,"EQUITY_RATIO":1.745552917803},{"SECUCODE":"02416.HK","SECURITY_CODE":"02416","SECURITY_NAME_ABBR":"易点云","ORG_CODE":"10000299217","STD_REPORT_DATE":"2022-12-31 00:00:00","REPORT_DATE":"2022-12-31 00:00:00","DATE_TYPE_CODE":"001","REPORT_TYPE":"2022年年报","PER_NETCASH_OPERATE":4.822977401628,"PER_OI":11.110067592326,"BPS":-3.583202109489,"BASIC_EPS":-5.19,"DILUTED_EPS":-5.19,"OPERATE_INCOME":1371889000,"OPERATE_INCOME_YOY":15.8935720326,"GROSS_PROFIT":626543000,"GROSS_PROFIT_YOY":10.849011538829,"HOLDER_PROFIT":-611607000,"HOLDER_PROFIT_YOY":-75.6254935462,"GROSS_PROFIT_RATIO":45.670094300632,"EPS_TTM":-4.953021060698,"OPERATE_INCOME_QOQ":3.857655049616,"NET_PROFIT_RATIO":-44.5813764816,"ROE_AVG":37.922084525102,"GROSS_PROFIT_QOQ":-3.68448804094,"ROA":-19.896604554468,"HOLDER_PROFIT_QOQ":33.520111131884,"ROE_YEARLY":37.922084525102,"ROIC_YEARLY":-23.987024564456,"TOTAL_ASSETS":3037593000,"TOTAL_LIABILITIES":4947941000,"TAX_EBT":5.362815563275,"OCF_SALES":43.410873620242,"TOTAL_PARENT_EQUITY":-1910348000,"DEBT_ASSET_RATIO":162.8901896995,"OPERATE_PROFIT":-476670000,"PRETAX_PROFIT":-646265000,"NETCASH_OPERATE":595549000,"NETCASH_INVEST":1479000,"NETCASH_FINANCE":-636055000,"END_CASH":505803000,"DIVI_RATIO":null,"DIVIDEND_RATE":null,"CURRENT_RATIO":0.506356376674,"COMMON_ACS":1400000000,"CURRENTDEBT_DEBT":31.116680655651,"ISSUED_COMMON_SHARES":533139896,"HK_COMMON_SHARES":533139896,"PER_SHARES":500,"TOTAL_MARKET_CAP":927663419.04,"HKSK_MARKET_CAP":927663419.04,"PE_TTM":-47.600656750642,"PB_TTM":0.671136776892,"REPORT_DATE_SQ":"2021-12-31 00:00:00","REPORT_TYPE_SQ":"2021年年报","OPERATE_INCOME_SQ":1183749000,"DPS_HKD":null,"OPERATE_INCOME_QOQ_SQ":10.408177160621,"NET_PROFIT_RATIO_SQ":-29.4188210507,"HOLDER_PROFIT_SQ":-348245000,"HOLDER_PROFIT_QOQ_SQ":-177.997748844487,"ROE_AVG_SQ":30.398773032912,"PE_TTM_SQ":-1.906821414389,"PB_TTM_SQ":1.28890336023,"ROA_SQ":-12.3926657852,"START_DATE":"2022-01-01 00:00:00","FISCAL_YEAR":"12-31","CURRENCY":"HKD","IS_CNY_CODE":0,"DPS_HKD_LY":null,"ORG_TYPE":"一般企业","PREMIUM_INCOME":null,"PREMIUM_INCOME_YOY":null,"NET_INTEREST_INCOME":null,"NET_INTEREST_INCOME_YOY":null,"FEE_COMMISSION_INCOME":null,"FEE_COMMISSION_INCOME_YOY":null,"ACCOUNTS_RECE_TDAYS":7.341388822741,"INVENTORY_TDAYS":190.698733529487,"CURRENT_ASSETS_TDAYS":1.727795962524,"TOTAL_ASSETS_TDAYS":0.446298569598,"PREMIUM_EXPENSE":null,"LOAN_DEPOSIT":null,"LOAN_EQUITY":null,"LOAN_ASSETS":null,"DEPOSIT_EQUITY":null,"DEPOSIT_ASSETS":null,"EQUITY_MULTIPLIER":-1.590073117569,"EQUITY_RATIO":-2.590073117568},{"SECUCODE":"02416.HK","SECURITY_CODE":"02416","SECURITY_NAME_ABBR":"易点云","ORG_CODE":"10000299217","STD_REPORT_DATE":"2022-06-30 00:00:00","REPORT_DATE":"2022-06-30 00:00:00","DATE_TYPE_CODE":"002","REPORT_TYPE":"2022年中报","PER_NETCASH_OPERATE":2.067275083023,"PER_OI":5.115280804884,"BPS":-3.631767223813,"BASIC_EPS":-5.3,"DILUTED_EPS":-5.3,"OPERATE_INCOME":655473000,"OPERATE_INCOME_YOY":26.4683864246,"GROSS_PROFIT":333426000,"GROSS_PROFIT_YOY":34.371738193014,"HOLDER_PROFIT":-624504000,"HOLDER_PROFIT_YOY":-1083.6470119975,"GROSS_PROFIT_RATIO":50.867999139553,"EPS_TTM":-7.17954356186,"OPERATE_INCOME_QOQ":11.588858786787,"NET_PROFIT_RATIO":-95.2753202649,"ROE_AVG":38.413404316175,"GROSS_PROFIT_QOQ":15.089469270481,"ROA":-20.228645392336,"HOLDER_PROFIT_QOQ":-164.178380163391,"ROE_YEARLY":76.82680863235,"ROIC_YEARLY":-48.615924396299,"TOTAL_ASSETS":3064192000,"TOTAL_LIABILITIES":5000432000,"TAX_EBT":-2.457319294009,"OCF_SALES":40.413716507011,"TOTAL_PARENT_EQUITY":-1936240000,"DEBT_ASSET_RATIO":163.1892518484,"OPERATE_PROFIT":-525019000,"PRETAX_PROFIT":-609526000,"NETCASH_OPERATE":264901000,"NETCASH_INVEST":10534000,"NETCASH_FINANCE":-336568000,"END_CASH":493617000,"DIVI_RATIO":null,"DIVIDEND_RATE":null,"CURRENT_RATIO":0.503869280254,"COMMON_ACS":1400000000,"CURRENTDEBT_DEBT":31.034098653876,"ISSUED_COMMON_SHARES":533139896,"HK_COMMON_SHARES":533139896,"PER_SHARES":500,"TOTAL_MARKET_CAP":927663419.04,"HKSK_MARKET_CAP":927663419.04,"PE_TTM":-47.600656750642,"PB_TTM":0.671136776892,"REPORT_DATE_SQ":"2021-06-30 00:00:00","REPORT_TYPE_SQ":"2021年中报","OPERATE_INCOME_SQ":518290000,"DPS_HKD":null,"OPERATE_INCOME_QOQ_SQ":0,"NET_PROFIT_RATIO_SQ":-10.1798221073,"HOLDER_PROFIT_SQ":-52761000,"HOLDER_PROFIT_QOQ_SQ":0,"ROE_AVG_SQ":null,"PE_TTM_SQ":-1.906821414389,"PB_TTM_SQ":1.28890336023,"ROA_SQ":null,"START_DATE":"2022-01-01 00:00:00","FISCAL_YEAR":"12-31","CURRENCY":"HKD","IS_CNY_CODE":0,"DPS_HKD_LY":null,"ORG_TYPE":"一般企业","PREMIUM_INCOME":null,"PREMIUM_INCOME_YOY":null,"NET_INTEREST_INCOME":null,"NET_INTEREST_INCOME_YOY":null,"FEE_COMMISSION_INCOME":null,"FEE_COMMISSION_INCOME_YOY":null,"ACCOUNTS_RECE_TDAYS":3.756733599076,"INVENTORY_TDAYS":95.378942692137,"CURRENT_ASSETS_TDAYS":0.824317033695,"TOTAL_ASSETS_TDAYS":0.212317789498,"PREMIUM_EXPENSE":null,"LOAN_DEPOSIT":null,"LOAN_EQUITY":null,"LOAN_ASSETS":null,"DEPOSIT_EQUITY":null,"DEPOSIT_ASSETS":null,"EQUITY_MULTIPLIER":-1.582547618065,"EQUITY_RATIO":-2.582547618064},{"SECUCODE":"02416.HK","SECURITY_CODE":"02416","SECURITY_NAME_ABBR":"易点云","ORG_CODE":"10000299217","STD_REPORT_DATE":"2021-12-31 00:00:00","REPORT_DATE":"2021-12-31 00:00:00","DATE_TYPE_CODE":"001","REPORT_TYPE":"2021年年报","PER_NETCASH_OPERATE":-1.535275973605,"PER_OI":8.775847092209,"BPS":-2.466988514399,"BASIC_EPS":-2.95,"DILUTED_EPS":-2.95,"OPERATE_INCOME":1183749000,"OPERATE_INCOME_YOY":45.5760820908,"GROSS_PROFIT":565222000,"GROSS_PROFIT_YOY":67.699268643653,"HOLDER_PROFIT":-348245000,"HOLDER_PROFIT_YOY":-293.7463253584,"GROSS_PROFIT_RATIO":47.748466946963,"EPS_TTM":-2.581750751744,"OPERATE_INCOME_QOQ":10.408177160621,"NET_PROFIT_RATIO":-29.4188210507,"ROE_AVG":30.398773032912,"GROSS_PROFIT_QOQ":10.729055450529,"ROA":-12.3926657852,"HOLDER_PROFIT_QOQ":-177.997748844487,"ROE_YEARLY":30.398773032912,"ROIC_YEARLY":-16.003005345517,"TOTAL_ASSETS":3110260000,"TOTAL_LIABILITIES":4425510000,"TAX_EBT":0.791401133259,"OCF_SALES":-17.494333680535,"TOTAL_PARENT_EQUITY":-1315250000,"DEBT_ASSET_RATIO":142.2874614984,"OPERATE_PROFIT":-204786000,"PRETAX_PROFIT":-351023000,"NETCASH_OPERATE":-207089000,"NETCASH_INVEST":86283000,"NETCASH_FINANCE":-47077000,"END_CASH":542568000,"DIVI_RATIO":null,"DIVIDEND_RATE":null,"CURRENT_RATIO":0.498058698644,"COMMON_ACS":1400000000,"CURRENTDEBT_DEBT":36.676857582516,"ISSUED_COMMON_SHARES":533139896,"HK_COMMON_SHARES":533139896,"PER_SHARES":500,"TOTAL_MARKET_CAP":927663419.04,"HKSK_MARKET_CAP":927663419.04,"PE_TTM":-47.600656750642,"PB_TTM":0.671136776892,"REPORT_DATE_SQ":"2020-12-31 00:00:00","REPORT_TYPE_SQ":"2020年年报","OPERATE_INCOME_SQ":813148000,"DPS_HKD":null,"OPERATE_INCOME_QOQ_SQ":28.580057747713,"NET_PROFIT_RATIO_SQ":-10.8767407655,"HOLDER_PROFIT_SQ":-88444000,"HOLDER_PROFIT_QOQ_SQ":65.292395595426,"ROE_AVG_SQ":9.184473500295,"PE_TTM_SQ":-1.906821414389,"PB_TTM_SQ":1.28890336023,"ROA_SQ":-4.295769072542,"START_DATE":"2021-01-01 00:00:00","FISCAL_YEAR":"12-31","CURRENCY":"HKD","IS_CNY_CODE":0,"DPS_HKD_LY":null,"ORG_TYPE":"一般企业","PREMIUM_INCOME":null,"PREMIUM_INCOME_YOY":null,"NET_INTEREST_INCOME":null,"NET_INTEREST_INCOME_YOY":null,"FEE_COMMISSION_INCOME":null,"FEE_COMMISSION_INCOME_YOY":null,"ACCOUNTS_RECE_TDAYS":8.729776768265,"INVENTORY_TDAYS":148.079243476179,"CURRENT_ASSETS_TDAYS":1.348499959844,"TOTAL_ASSETS_TDAYS":0.4212495723,"PREMIUM_EXPENSE":null,"LOAN_DEPOSIT":null,"LOAN_EQUITY":null,"LOAN_ASSETS":null,"DEPOSIT_EQUITY":null,"DEPOSIT_ASSETS":null,"EQUITY_MULTIPLIER":-2.364767154533,"EQUITY_RATIO":-3.364767154533},{"SECUCODE":"02416.HK","SECURITY_CODE":"02416","SECURITY_NAME_ABBR":"易点云","ORG_CODE":"10000299217","STD_REPORT_DATE":"2021-09-30 00:00:00","REPORT_DATE":"2021-09-30 00:00:00","DATE_TYPE_CODE":"004","REPORT_TYPE":"2021年三季报","PER_NETCASH_OPERATE":-0.087547829111,"PER_OI":0.223519978222,"BPS":-2.053834290428,"BASIC_EPS":null,"DILUTED_EPS":null,"OPERATE_INCOME":837502000,"OPERATE_INCOME_YOY":44.7730568909,"GROSS_PROFIT":404939000,"GROSS_PROFIT_YOY":74.897744990908,"HOLDER_PROFIT":-135300000,"HOLDER_PROFIT_YOY":-37.3952779893,"GROSS_PROFIT_RATIO":48.350809908514,"EPS_TTM":-0.033432904222,"OPERATE_INCOME_QOQ":31.852627074038,"NET_PROFIT_RATIO":-16.1551853011,"ROE_AVG":13.066725771147,"GROSS_PROFIT_QOQ":51.45010310196,"ROA":-5.15583049931,"HOLDER_PROFIT_QOQ":-41.636515761386,"ROE_YEARLY":17.422301028196,"ROIC_YEARLY":-6.487547074275,"TOTAL_ASSETS":2738508000,"TOTAL_LIABILITIES":3833489000,"TAX_EBT":-0.080626668935,"OCF_SALES":-39.167787062001,"TOTAL_PARENT_EQUITY":-1094981000,"DEBT_ASSET_RATIO":139.9845828458,"OPERATE_PROFIT":null,"PRETAX_PROFIT":-135191000,"NETCASH_OPERATE":-328031000,"NETCASH_INVEST":128269000,"NETCASH_FINANCE":-201898000,"END_CASH":319739000,"DIVI_RATIO":null,"DIVIDEND_RATE":null,"CURRENT_RATIO":0.157297898839,"COMMON_ACS":1400000000,"CURRENTDEBT_DEBT":87.738010986858,"ISSUED_COMMON_SHARES":533139896,"HK_COMMON_SHARES":533139896,"PER_SHARES":500,"TOTAL_MARKET_CAP":927663419.04,"HKSK_MARKET_CAP":927663419.04,"PE_TTM":-47.600656750642,"PB_TTM":0.671136776892,"REPORT_DATE_SQ":"2020-09-30 00:00:00","REPORT_TYPE_SQ":"2020年三季报","OPERATE_INCOME_SQ":578493000,"DPS_HKD":null,"OPERATE_INCOME_QOQ_SQ":0,"NET_PROFIT_RATIO_SQ":-17.0226778889,"HOLDER_PROFIT_SQ":-98475000,"HOLDER_PROFIT_QOQ_SQ":0,"ROE_AVG_SQ":null,"PE_TTM_SQ":-1.906821414389,"PB_TTM_SQ":1.28890336023,"ROA_SQ":null,"START_DATE":"2021-01-01 00:00:00","FISCAL_YEAR":"12-31","CURRENCY":"HKD","IS_CNY_CODE":0,"DPS_HKD_LY":null,"ORG_TYPE":"一般企业","PREMIUM_INCOME":null,"PREMIUM_INCOME_YOY":null,"NET_INTEREST_INCOME":null,"NET_INTEREST_INCOME_YOY":null,"FEE_COMMISSION_INCOME":null,"FEE_COMMISSION_INCOME_YOY":null,"ACCOUNTS_RECE_TDAYS":6.481912604678,"INVENTORY_TDAYS":104.838342220068,"CURRENT_ASSETS_TDAYS":1.134599792047,"TOTAL_ASSETS_TDAYS":0.319144002574,"PREMIUM_EXPENSE":null,"LOAN_DEPOSIT":null,"LOAN_EQUITY":null,"LOAN_ASSETS":null,"DEPOSIT_EQUITY":null,"DEPOSIT_ASSETS":null,"EQUITY_MULTIPLIER":-2.500963943669,"EQUITY_RATIO":-3.500963943667},{"SECUCODE":"02416.HK","SECURITY_CODE":"02416","SECURITY_NAME_ABBR":"易点云","ORG_CODE":"10000299217","STD_REPORT_DATE":"2021-06-30 00:00:00","REPORT_DATE":"2021-06-30 00:00:00","DATE_TYPE_CODE":"002","REPORT_TYPE":"2021年中报","PER_NETCASH_OPERATE":null,"PER_OI":null,"BPS":null,"BASIC_EPS":-0.45,"DILUTED_EPS":-0.45,"OPERATE_INCOME":518290000,"OPERATE_INCOME_YOY":null,"GROSS_PROFIT":248137000,"GROSS_PROFIT_YOY":null,"HOLDER_PROFIT":-52761000,"HOLDER_PROFIT_YOY":null,"GROSS_PROFIT_RATIO":47.876092535067,"EPS_TTM":-0.043259989175,"OPERATE_INCOME_QOQ":0,"NET_PROFIT_RATIO":-10.1798221073,"ROE_AVG":null,"GROSS_PROFIT_QOQ":0,"ROA":null,"HOLDER_PROFIT_QOQ":0,"ROE_YEARLY":null,"ROIC_YEARLY":null,"TOTAL_ASSETS":null,"TOTAL_LIABILITIES":null,"TAX_EBT":-0.266053476749,"OCF_SALES":-40.383183160007,"TOTAL_PARENT_EQUITY":null,"DEBT_ASSET_RATIO":null,"OPERATE_PROFIT":12802000,"PRETAX_PROFIT":-52621000,"NETCASH_OPERATE":-209302000,"NETCASH_INVEST":129308000,"NETCASH_FINANCE":-169923000,"END_CASH":469167000,"DIVI_RATIO":null,"DIVIDEND_RATE":null,"CURRENT_RATIO":null,"COMMON_ACS":1400000000,"CURRENTDEBT_DEBT":null,"ISSUED_COMMON_SHARES":533139896,"HK_COMMON_SHARES":533139896,"PER_SHARES":500,"TOTAL_MARKET_CAP":927663419.04,"HKSK_MARKET_CAP":927663419.04,"PE_TTM":-47.600656750642,"PB_TTM":0.671136776892,"REPORT_DATE_SQ":"2020-06-30 00:00:00","REPORT_TYPE_SQ":"2020年中报","OPERATE_INCOME_SQ":null,"DPS_HKD":null,"OPERATE_INCOME_QOQ_SQ":0,"NET_PROFIT_RATIO_SQ":null,"HOLDER_PROFIT_SQ":null,"HOLDER_PROFIT_QOQ_SQ":0,"ROE_AVG_SQ":null,"PE_TTM_SQ":-1.906821414389,"PB_TTM_SQ":1.28890336023,"ROA_SQ":null,"START_DATE":"2021-01-01 00:00:00","FISCAL_YEAR":"12-31","CURRENCY":"HKD","IS_CNY_CODE":0,"DPS_HKD_LY":null,"ORG_TYPE":"一般企业","PREMIUM_INCOME":null,"PREMIUM_INCOME_YOY":null,"NET_INTEREST_INCOME":null,"NET_INTEREST_INCOME_YOY":null,"FEE_COMMISSION_INCOME":null,"FEE_COMMISSION_INCOME_YOY":null,"ACCOUNTS_RECE_TDAYS":null,"INVENTORY_TDAYS":null,"CURRENT_ASSETS_TDAYS":1.094321894778,"TOTAL_ASSETS_TDAYS":0.412993407357,"PREMIUM_EXPENSE":null,"LOAN_DEPOSIT":null,"LOAN_EQUITY":null,"LOAN_ASSETS":null,"DEPOSIT_EQUITY":null,"DEPOSIT_ASSETS":null,"EQUITY_MULTIPLIER":null,"EQUITY_RATIO":null},{"SECUCODE":"02416.HK","SECURITY_CODE":"02416","SECURITY_NAME_ABBR":"易点云","ORG_CODE":"10000299217","STD_REPORT_DATE":"2020-12-31 00:00:00","REPORT_DATE":"2020-12-31 00:00:00","DATE_TYPE_CODE":"001","REPORT_TYPE":"2020年年报","PER_NETCASH_OPERATE":-0.131333911102,"PER_OI":0.39772933922,"BPS":-1.830528923688,"BASIC_EPS":-0.79,"DILUTED_EPS":-0.79,"OPERATE_INCOME":813148000,"OPERATE_INCOME_YOY":28.5800577477,"GROSS_PROFIT":337045000,"GROSS_PROFIT_YOY":40.303297727973,"HOLDER_PROFIT":-88444000,"HOLDER_PROFIT_YOY":65.2923955954,"GROSS_PROFIT_RATIO":41.449404044528,"EPS_TTM":-0.043259989175,"OPERATE_INCOME_QOQ":28.580057747713,"NET_PROFIT_RATIO":-10.8767407655,"ROE_AVG":9.184473500295,"GROSS_PROFIT_QOQ":40.303297727973,"ROA":-4.295769072542,"HOLDER_PROFIT_QOQ":65.292395595426,"ROE_YEARLY":9.184473500295,"ROIC_YEARLY":-5.684626140578,"TOTAL_ASSETS":2509919000,"TOTAL_LIABILITIES":3485847000,"TAX_EBT":-0.829951206165,"OCF_SALES":-33.020926079877,"TOTAL_PARENT_EQUITY":-975928000,"DEBT_ASSET_RATIO":138.8828484106,"OPERATE_PROFIT":7626000,"PRETAX_PROFIT":-87716000,"NETCASH_OPERATE":-268509000,"NETCASH_INVEST":-29791000,"NETCASH_FINANCE":753136000,"END_CASH":725366000,"DIVI_RATIO":null,"DIVIDEND_RATE":null,"CURRENT_RATIO":0.306319448464,"COMMON_ACS":1400000000,"CURRENTDEBT_DEBT":88.71046262214,"ISSUED_COMMON_SHARES":533139896,"HK_COMMON_SHARES":533139896,"PER_SHARES":500,"TOTAL_MARKET_CAP":927663419.04,"HKSK_MARKET_CAP":927663419.04,"PE_TTM":-47.600656750642,"PB_TTM":0.671136776892,"REPORT_DATE_SQ":"2019-12-31 00:00:00","REPORT_TYPE_SQ":"2019年年报","OPERATE_INCOME_SQ":632406000,"DPS_HKD":null,"OPERATE_INCOME_QOQ_SQ":null,"NET_PROFIT_RATIO_SQ":-40.2946841112,"HOLDER_PROFIT_SQ":-254826000,"HOLDER_PROFIT_QOQ_SQ":null,"ROE_AVG_SQ":26.823281243092,"PE_TTM_SQ":-1.906821414389,"PB_TTM_SQ":1.28890336023,"ROA_SQ":-15.849290368807,"START_DATE":"2020-01-01 00:00:00","FISCAL_YEAR":"12-31","CURRENCY":"HKD","IS_CNY_CODE":0,"DPS_HKD_LY":null,"ORG_TYPE":"一般企业","PREMIUM_INCOME":null,"PREMIUM_INCOME_YOY":null,"NET_INTEREST_INCOME":null,"NET_INTEREST_INCOME_YOY":null,"FEE_COMMISSION_INCOME":null,"FEE_COMMISSION_INCOME_YOY":null,"ACCOUNTS_RECE_TDAYS":8.37631982859,"INVENTORY_TDAYS":82.107958954902,"CURRENT_ASSETS_TDAYS":1.118985087731,"TOTAL_ASSETS_TDAYS":0.394950028244,"PREMIUM_EXPENSE":null,"LOAN_DEPOSIT":null,"LOAN_EQUITY":null,"LOAN_ASSETS":null,"DEPOSIT_EQUITY":null,"DEPOSIT_ASSETS":null,"EQUITY_MULTIPLIER":-2.571828044695,"EQUITY_RATIO":-3.571828044692}],"count":11},"success":true,"message":"ok","code":0}