{"version":"7ed1ac5afdc0b7311bbb4a8201e21be2","result":{"pages":1,"data":[{"SECUCODE":"02415.HK","SECURITY_CODE":"02415","SECURITY_NAME_ABBR":"梅斯健康","ORG_CODE":"10000340601","STD_REPORT_DATE":"2024-06-30 00:00:00","REPORT_DATE":"2024-06-30 00:00:00","DATE_TYPE_CODE":"002","REPORT_TYPE":"2024年中报","PER_NETCASH_OPERATE":0.009862131909,"PER_OI":0.182263331274,"BPS":1.884413277677,"BASIC_EPS":0.0005,"DILUTED_EPS":0.0005,"OPERATE_INCOME":110665000,"OPERATE_INCOME_YOY":-26.9055482166,"GROSS_PROFIT":67936000,"GROSS_PROFIT_YOY":-23.088418430884,"HOLDER_PROFIT":248000,"HOLDER_PROFIT_YOY":-97.9194630872,"GROSS_PROFIT_RATIO":61.388876338499,"EPS_TTM":0.071429636085,"OPERATE_INCOME_QOQ":-11.665435259483,"NET_PROFIT_RATIO":0.2240997605,"ROE_AVG":0.021902903018,"GROSS_PROFIT_QOQ":-9.415208188101,"ROA":0.018986794225,"HOLDER_PROFIT_QOQ":-21.205624795611,"ROE_YEARLY":0.043805806036,"ROIC_YEARLY":0.073296665297,"TOTAL_ASSETS":1316741000,"TOTAL_LIABILITIES":172580000,"TAX_EBT":203.333333333333,"OCF_SALES":5.410924863326,"TOTAL_PARENT_EQUITY":1144161000,"DEBT_ASSET_RATIO":13.1066018298,"OPERATE_PROFIT":-152000,"PRETAX_PROFIT":-240000,"NETCASH_OPERATE":5988000,"NETCASH_INVEST":-293959000,"NETCASH_FINANCE":-1543000,"END_CASH":341404000,"DIVI_RATIO":null,"DIVIDEND_RATE":null,"CURRENT_RATIO":7.504924502602,"COMMON_ACS":15000000000,"CURRENTDEBT_DEBT":99.544559045081,"ISSUED_COMMON_SHARES":607170950,"HK_COMMON_SHARES":607170950,"PER_SHARES":250,"TOTAL_MARKET_CAP":850039330,"HKSK_MARKET_CAP":850039330,"PE_TTM":17.679303810196,"PB_TTM":0.678063572963,"REPORT_DATE_SQ":"2023-06-30 00:00:00","REPORT_TYPE_SQ":"2023年中报","OPERATE_INCOME_SQ":151400000,"DPS_HKD":null,"OPERATE_INCOME_QOQ_SQ":4.617566986674,"NET_PROFIT_RATIO_SQ":7.8731836196,"HOLDER_PROFIT_SQ":11920000,"HOLDER_PROFIT_QOQ_SQ":119.259919303972,"ROE_AVG_SQ":2.415845677724,"PE_TTM_SQ":75.484523702795,"PB_TTM_SQ":1.631183797512,"ROA_SQ":1.169975790727,"START_DATE":"2024-01-01 00:00:00","FISCAL_YEAR":"12-31","CURRENCY":"HKD","IS_CNY_CODE":0,"DPS_HKD_LY":null,"ORG_TYPE":"一般企业","PREMIUM_INCOME":null,"PREMIUM_INCOME_YOY":null,"NET_INTEREST_INCOME":null,"NET_INTEREST_INCOME_YOY":null,"FEE_COMMISSION_INCOME":null,"FEE_COMMISSION_INCOME_YOY":null,"ACCOUNTS_RECE_TDAYS":3.666589357895,"INVENTORY_TDAYS":null,"CURRENT_ASSETS_TDAYS":0.086581796972,"TOTAL_ASSETS_TDAYS":0.084724741248,"PREMIUM_EXPENSE":null,"LOAN_DEPOSIT":null,"LOAN_EQUITY":null,"LOAN_ASSETS":null,"DEPOSIT_EQUITY":null,"DEPOSIT_ASSETS":null,"EQUITY_MULTIPLIER":1.150835415645,"EQUITY_RATIO":0.150835415645},{"SECUCODE":"02415.HK","SECURITY_CODE":"02415","SECURITY_NAME_ABBR":"梅斯健康","ORG_CODE":"10000340601","STD_REPORT_DATE":"2023-12-31 00:00:00","REPORT_DATE":"2023-12-31 00:00:00","DATE_TYPE_CODE":"001","REPORT_TYPE":"2023年年报","PER_NETCASH_OPERATE":0.062644630808,"PER_OI":0.575116447847,"BPS":1.845244737088,"BASIC_EPS":0.11,"DILUTED_EPS":0.08,"OPERATE_INCOME":349194000,"OPERATE_INCOME_YOY":0.0699240579,"GROSS_PROFIT":216607000,"GROSS_PROFIT_YOY":4.985435316812,"HOLDER_PROFIT":55042000,"HOLDER_PROFIT_YOY":155.1075780178,"GROSS_PROFIT_RATIO":62.030561808049,"EPS_TTM":0.090653217187,"OPERATE_INCOME_QOQ":-4.346920942413,"NET_PROFIT_RATIO":15.762584695,"ROE_AVG":11.254709313322,"GROSS_PROFIT_QOQ":1.669083928261,"ROA":5.39068299744,"HOLDER_PROFIT_QOQ":186.125695274731,"ROE_YEARLY":11.254709313322,"ROIC_YEARLY":13.593033823297,"TOTAL_ASSETS":1295601000,"TOTAL_LIABILITIES":175222000,"TAX_EBT":8.94623655914,"OCF_SALES":10.892512471577,"TOTAL_PARENT_EQUITY":1120379000,"DEBT_ASSET_RATIO":13.5243798052,"OPERATE_PROFIT":60726000,"PRETAX_PROFIT":60450000,"NETCASH_OPERATE":38036000,"NETCASH_INVEST":-494974000,"NETCASH_FINANCE":470928000,"END_CASH":628588000,"DIVI_RATIO":null,"DIVIDEND_RATE":null,"CURRENT_RATIO":7.257558226122,"COMMON_ACS":15000000000,"CURRENTDEBT_DEBT":99.632466242823,"ISSUED_COMMON_SHARES":607170950,"HK_COMMON_SHARES":607170950,"PER_SHARES":250,"TOTAL_MARKET_CAP":528238726.5,"HKSK_MARKET_CAP":528238726.5,"PE_TTM":10.986424510622,"PB_TTM":0.421368077484,"REPORT_DATE_SQ":"2022-12-31 00:00:00","REPORT_TYPE_SQ":"2022年年报","OPERATE_INCOME_SQ":348950000,"DPS_HKD":null,"OPERATE_INCOME_QOQ_SQ":17.20311287706,"NET_PROFIT_RATIO_SQ":-28.6232984668,"HOLDER_PROFIT_SQ":-99881000,"HOLDER_PROFIT_QOQ_SQ":33.866781434152,"ROE_AVG_SQ":95.361348870293,"PE_TTM_SQ":120.454027185311,"PB_TTM_SQ":2.60295286837,"ROA_SQ":-13.722481122847,"START_DATE":"2023-01-01 00:00:00","FISCAL_YEAR":"12-31","CURRENCY":"HKD","IS_CNY_CODE":0,"DPS_HKD_LY":null,"ORG_TYPE":"一般企业","PREMIUM_INCOME":null,"PREMIUM_INCOME_YOY":null,"NET_INTEREST_INCOME":null,"NET_INTEREST_INCOME_YOY":null,"FEE_COMMISSION_INCOME":null,"FEE_COMMISSION_INCOME_YOY":null,"ACCOUNTS_RECE_TDAYS":9.63493136511,"INVENTORY_TDAYS":null,"CURRENT_ASSETS_TDAYS":0.352389467693,"TOTAL_ASSETS_TDAYS":0.341992325607,"PREMIUM_EXPENSE":null,"LOAN_DEPOSIT":null,"LOAN_EQUITY":null,"LOAN_ASSETS":null,"DEPOSIT_EQUITY":null,"DEPOSIT_ASSETS":null,"EQUITY_MULTIPLIER":1.156395291236,"EQUITY_RATIO":0.156395291236},{"SECUCODE":"02415.HK","SECURITY_CODE":"02415","SECURITY_NAME_ABBR":"梅斯健康","ORG_CODE":"10000340601","STD_REPORT_DATE":"2023-06-30 00:00:00","REPORT_DATE":"2023-06-30 00:00:00","DATE_TYPE_CODE":"002","REPORT_TYPE":"2023年中报","PER_NETCASH_OPERATE":-0.000863018891,"PER_OI":0.249353168165,"BPS":1.859578426801,"BASIC_EPS":0.024,"DILUTED_EPS":-0.0017,"OPERATE_INCOME":151400000,"OPERATE_INCOME_YOY":11.9102352776,"GROSS_PROFIT":88330000,"GROSS_PROFIT_YOY":8.247549019608,"HOLDER_PROFIT":11920000,"HOLDER_PROFIT_YOY":111.1196104405,"GROSS_PROFIT_RATIO":58.34214002642,"EPS_TTM":0.031683004597,"OPERATE_INCOME_QOQ":4.617566986674,"NET_PROFIT_RATIO":7.8731836196,"ROE_AVG":2.415845677724,"GROSS_PROFIT_QOQ":3.261907416114,"ROA":1.169975790727,"HOLDER_PROFIT_QOQ":119.259919303972,"ROE_YEARLY":4.831691355448,"ROIC_YEARLY":7.030022086772,"TOTAL_ASSETS":1291134000,"TOTAL_LIABILITIES":162052000,"TAX_EBT":7.510862818125,"OCF_SALES":-0.346103038309,"TOTAL_PARENT_EQUITY":1129082000,"DEBT_ASSET_RATIO":12.5511372174,"OPERATE_PROFIT":13041000,"PRETAX_PROFIT":12888000,"NETCASH_OPERATE":-524000,"NETCASH_INVEST":-376164000,"NETCASH_FINANCE":516401000,"END_CASH":760149000,"DIVI_RATIO":null,"DIVIDEND_RATE":null,"CURRENT_RATIO":7.901688717464,"COMMON_ACS":15000000000,"CURRENTDEBT_DEBT":98.552933626243,"ISSUED_COMMON_SHARES":607170950,"HK_COMMON_SHARES":607170950,"PER_SHARES":250,"TOTAL_MARKET_CAP":528238726.5,"HKSK_MARKET_CAP":528238726.5,"PE_TTM":10.986424510622,"PB_TTM":0.421368077484,"REPORT_DATE_SQ":"2022-06-30 00:00:00","REPORT_TYPE_SQ":"2022年中报","OPERATE_INCOME_SQ":135287000,"DPS_HKD":null,"OPERATE_INCOME_QOQ_SQ":0,"NET_PROFIT_RATIO_SQ":-79.2374729279,"HOLDER_PROFIT_SQ":-107198000,"HOLDER_PROFIT_QOQ_SQ":0,"ROE_AVG_SQ":null,"PE_TTM_SQ":120.454027185311,"PB_TTM_SQ":2.60295286837,"ROA_SQ":null,"START_DATE":"2023-01-01 00:00:00","FISCAL_YEAR":"12-31","CURRENCY":"HKD","IS_CNY_CODE":0,"DPS_HKD_LY":null,"ORG_TYPE":"一般企业","PREMIUM_INCOME":null,"PREMIUM_INCOME_YOY":null,"NET_INTEREST_INCOME":null,"NET_INTEREST_INCOME_YOY":null,"FEE_COMMISSION_INCOME":null,"FEE_COMMISSION_INCOME_YOY":null,"ACCOUNTS_RECE_TDAYS":4.485527212396,"INVENTORY_TDAYS":null,"CURRENT_ASSETS_TDAYS":0.153176154095,"TOTAL_ASSETS_TDAYS":0.148602629795,"PREMIUM_EXPENSE":null,"LOAN_DEPOSIT":null,"LOAN_EQUITY":null,"LOAN_ASSETS":null,"DEPOSIT_EQUITY":null,"DEPOSIT_ASSETS":null,"EQUITY_MULTIPLIER":1.143525448108,"EQUITY_RATIO":0.143525448107},{"SECUCODE":"02415.HK","SECURITY_CODE":"02415","SECURITY_NAME_ABBR":"梅斯健康","ORG_CODE":"10000340601","STD_REPORT_DATE":"2022-12-31 00:00:00","REPORT_DATE":"2022-12-31 00:00:00","DATE_TYPE_CODE":"001","REPORT_TYPE":"2022年年报","PER_NETCASH_OPERATE":-1.955938264,"PER_OI":48.6059434,"BPS":-0.322283205414,"BASIC_EPS":-0.21,"DILUTED_EPS":-0.21,"OPERATE_INCOME":348950000,"OPERATE_INCOME_YOY":17.2031128771,"GROSS_PROFIT":206321000,"GROSS_PROFIT_YOY":8.698698698699,"HOLDER_PROFIT":-99881000,"HOLDER_PROFIT_YOY":33.8667814342,"GROSS_PROFIT_RATIO":59.126235850408,"EPS_TTM":-13.912624252,"OPERATE_INCOME_QOQ":17.20311287706,"NET_PROFIT_RATIO":-28.6232984668,"ROE_AVG":95.361348870293,"GROSS_PROFIT_QOQ":8.698698698699,"ROA":-13.722481122847,"HOLDER_PROFIT_QOQ":33.866781434152,"ROE_YEARLY":95.361348870293,"ROIC_YEARLY":-76.695845811257,"TOTAL_ASSETS":746515000,"TOTAL_LIABILITIES":888779000,"TAX_EBT":-3.727204752212,"OCF_SALES":-4.02407221665,"TOTAL_PARENT_EQUITY":-142264000,"DEBT_ASSET_RATIO":119.0570852562,"OPERATE_PROFIT":-95935000,"PRETAX_PROFIT":-96292000,"NETCASH_OPERATE":-14042000,"NETCASH_INVEST":-2133000,"NETCASH_FINANCE":-7516000,"END_CASH":599266000,"DIVI_RATIO":null,"DIVIDEND_RATE":null,"CURRENT_RATIO":4.364081463212,"COMMON_ACS":15000000000,"CURRENTDEBT_DEBT":18.430228436991,"ISSUED_COMMON_SHARES":607170950,"HK_COMMON_SHARES":607170950,"PER_SHARES":250,"TOTAL_MARKET_CAP":528238726.5,"HKSK_MARKET_CAP":528238726.5,"PE_TTM":10.986424510622,"PB_TTM":0.421368077484,"REPORT_DATE_SQ":"2021-12-31 00:00:00","REPORT_TYPE_SQ":"2021年年报","OPERATE_INCOME_SQ":297731000,"DPS_HKD":null,"OPERATE_INCOME_QOQ_SQ":37.931657509242,"NET_PROFIT_RATIO_SQ":-50.7269985322,"HOLDER_PROFIT_SQ":-151030000,"HOLDER_PROFIT_QOQ_SQ":-622.342118005119,"ROE_AVG_SQ":-233.25636887341,"PE_TTM_SQ":120.454027185311,"PB_TTM_SQ":2.60295286837,"ROA_SQ":-28.49211387413,"START_DATE":"2022-01-01 00:00:00","FISCAL_YEAR":"12-31","CURRENCY":"HKD","IS_CNY_CODE":0,"DPS_HKD_LY":null,"ORG_TYPE":"一般企业","PREMIUM_INCOME":null,"PREMIUM_INCOME_YOY":null,"NET_INTEREST_INCOME":null,"NET_INTEREST_INCOME_YOY":null,"FEE_COMMISSION_INCOME":null,"FEE_COMMISSION_INCOME_YOY":null,"ACCOUNTS_RECE_TDAYS":10.352602613739,"INVENTORY_TDAYS":null,"CURRENT_ASSETS_TDAYS":0.498411353981,"TOTAL_ASSETS_TDAYS":0.479416484398,"PREMIUM_EXPENSE":null,"LOAN_DEPOSIT":null,"LOAN_EQUITY":null,"LOAN_ASSETS":null,"DEPOSIT_EQUITY":null,"DEPOSIT_ASSETS":null,"EQUITY_MULTIPLIER":-5.247392172288,"EQUITY_RATIO":-6.247392172299},{"SECUCODE":"02415.HK","SECURITY_CODE":"02415","SECURITY_NAME_ABBR":"梅斯健康","ORG_CODE":"10000340601","STD_REPORT_DATE":"2022-06-30 00:00:00","REPORT_DATE":"2022-06-30 00:00:00","DATE_TYPE_CODE":"002","REPORT_TYPE":"2022年中报","PER_NETCASH_OPERATE":null,"PER_OI":null,"BPS":null,"BASIC_EPS":-0.23,"DILUTED_EPS":-0.23,"OPERATE_INCOME":135287000,"OPERATE_INCOME_YOY":null,"GROSS_PROFIT":81600000,"GROSS_PROFIT_YOY":null,"HOLDER_PROFIT":-107198000,"HOLDER_PROFIT_YOY":null,"GROSS_PROFIT_RATIO":60.316216635745,"EPS_TTM":-19.25843942,"OPERATE_INCOME_QOQ":0,"NET_PROFIT_RATIO":-79.2374729279,"ROE_AVG":null,"GROSS_PROFIT_QOQ":0,"ROA":null,"HOLDER_PROFIT_QOQ":0,"ROE_YEARLY":null,"ROIC_YEARLY":null,"TOTAL_ASSETS":null,"TOTAL_LIABILITIES":null,"TAX_EBT":0.229885057471,"OCF_SALES":-31.671187919017,"TOTAL_PARENT_EQUITY":null,"DEBT_ASSET_RATIO":null,"OPERATE_PROFIT":-107291000,"PRETAX_PROFIT":-107445000,"NETCASH_OPERATE":-42847000,"NETCASH_INVEST":-290000,"NETCASH_FINANCE":-4347000,"END_CASH":567690000,"DIVI_RATIO":null,"DIVIDEND_RATE":null,"CURRENT_RATIO":null,"COMMON_ACS":15000000000,"CURRENTDEBT_DEBT":null,"ISSUED_COMMON_SHARES":607170950,"HK_COMMON_SHARES":607170950,"PER_SHARES":250,"TOTAL_MARKET_CAP":528238726.5,"HKSK_MARKET_CAP":528238726.5,"PE_TTM":10.986424510622,"PB_TTM":0.421368077484,"REPORT_DATE_SQ":"2021-06-30 00:00:00","REPORT_TYPE_SQ":"2021年中报","OPERATE_INCOME_SQ":null,"DPS_HKD":null,"OPERATE_INCOME_QOQ_SQ":0,"NET_PROFIT_RATIO_SQ":null,"HOLDER_PROFIT_SQ":null,"HOLDER_PROFIT_QOQ_SQ":0,"ROE_AVG_SQ":null,"PE_TTM_SQ":120.454027185311,"PB_TTM_SQ":2.60295286837,"ROA_SQ":null,"START_DATE":"2022-01-01 00:00:00","FISCAL_YEAR":"12-31","CURRENCY":"HKD","IS_CNY_CODE":0,"DPS_HKD_LY":null,"ORG_TYPE":"一般企业","PREMIUM_INCOME":null,"PREMIUM_INCOME_YOY":null,"NET_INTEREST_INCOME":null,"NET_INTEREST_INCOME_YOY":null,"FEE_COMMISSION_INCOME":null,"FEE_COMMISSION_INCOME_YOY":null,"ACCOUNTS_RECE_TDAYS":null,"INVENTORY_TDAYS":null,"CURRENT_ASSETS_TDAYS":0.394770898533,"TOTAL_ASSETS_TDAYS":0.381513029231,"PREMIUM_EXPENSE":null,"LOAN_DEPOSIT":null,"LOAN_EQUITY":null,"LOAN_ASSETS":null,"DEPOSIT_EQUITY":null,"DEPOSIT_ASSETS":null,"EQUITY_MULTIPLIER":null,"EQUITY_RATIO":null},{"SECUCODE":"02415.HK","SECURITY_CODE":"02415","SECURITY_NAME_ABBR":"梅斯健康","ORG_CODE":"10000340601","STD_REPORT_DATE":"2021-12-31 00:00:00","REPORT_DATE":"2021-12-31 00:00:00","DATE_TYPE_CODE":"001","REPORT_TYPE":"2021年年报","PER_NETCASH_OPERATE":4.762775414,"PER_OI":37.964870734,"BPS":-0.198678807015,"BASIC_EPS":-17.64,"DILUTED_EPS":-17.64,"OPERATE_INCOME":297731000,"OPERATE_INCOME_YOY":37.9316575092,"GROSS_PROFIT":189810000,"GROSS_PROFIT_YOY":62.186410554378,"HOLDER_PROFIT":-151030000,"HOLDER_PROFIT_YOY":-622.3421180051,"GROSS_PROFIT_RATIO":63.752178980355,"EPS_TTM":-19.25843942,"OPERATE_INCOME_QOQ":37.931657509242,"NET_PROFIT_RATIO":-50.7269985322,"ROE_AVG":-233.25636887341,"GROSS_PROFIT_QOQ":62.186410554378,"ROA":-28.49211387413,"HOLDER_PROFIT_QOQ":-622.342118005119,"ROE_YEARLY":-233.25636887341,"ROIC_YEARLY":-161.374940564914,"TOTAL_ASSETS":709213000,"TOTAL_LIABILITIES":776428000,"TAX_EBT":-2.700975125461,"OCF_SALES":12.545216991177,"TOTAL_PARENT_EQUITY":-67215000,"DEBT_ASSET_RATIO":109.4774066465,"OPERATE_PROFIT":-146787000,"PRETAX_PROFIT":-147058000,"NETCASH_OPERATE":37351000,"NETCASH_INVEST":-2034000,"NETCASH_FINANCE":285556000,"END_CASH":596002000,"DIVI_RATIO":null,"DIVIDEND_RATE":null,"CURRENT_RATIO":3.96720979365,"COMMON_ACS":15000000000,"CURRENTDEBT_DEBT":22.251258326593,"ISSUED_COMMON_SHARES":607170950,"HK_COMMON_SHARES":607170950,"PER_SHARES":250,"TOTAL_MARKET_CAP":528238726.5,"HKSK_MARKET_CAP":528238726.5,"PE_TTM":10.986424510622,"PB_TTM":0.421368077484,"REPORT_DATE_SQ":"2020-12-31 00:00:00","REPORT_TYPE_SQ":"2020年年报","OPERATE_INCOME_SQ":215854000,"DPS_HKD":null,"OPERATE_INCOME_QOQ_SQ":30.511333748511,"NET_PROFIT_RATIO_SQ":13.3951652506,"HOLDER_PROFIT_SQ":28914000,"HOLDER_PROFIT_QOQ_SQ":69.912440500676,"ROE_AVG_SQ":21.851902235524,"PE_TTM_SQ":120.454027185311,"PB_TTM_SQ":2.60295286837,"ROA_SQ":10.633254940323,"START_DATE":"2021-01-01 00:00:00","FISCAL_YEAR":"12-31","CURRENCY":"HKD","IS_CNY_CODE":0,"DPS_HKD_LY":null,"ORG_TYPE":"一般企业","PREMIUM_INCOME":null,"PREMIUM_INCOME_YOY":null,"NET_INTEREST_INCOME":null,"NET_INTEREST_INCOME_YOY":null,"FEE_COMMISSION_INCOME":null,"FEE_COMMISSION_INCOME_YOY":null,"ACCOUNTS_RECE_TDAYS":12.607706965911,"INVENTORY_TDAYS":null,"CURRENT_ASSETS_TDAYS":0.590667551485,"TOTAL_ASSETS_TDAYS":0.561675531739,"PREMIUM_EXPENSE":null,"LOAN_DEPOSIT":null,"LOAN_EQUITY":null,"LOAN_ASSETS":null,"DEPOSIT_EQUITY":null,"DEPOSIT_ASSETS":null,"EQUITY_MULTIPLIER":-10.551409655608,"EQUITY_RATIO":-11.551409655583},{"SECUCODE":"02415.HK","SECURITY_CODE":"02415","SECURITY_NAME_ABBR":"梅斯健康","ORG_CODE":"10000340601","STD_REPORT_DATE":"2020-12-31 00:00:00","REPORT_DATE":"2020-12-31 00:00:00","DATE_TYPE_CODE":"001","REPORT_TYPE":"2020年年报","PER_NETCASH_OPERATE":null,"PER_OI":null,"BPS":0.323981244491,"BASIC_EPS":3.03,"DILUTED_EPS":3.03,"OPERATE_INCOME":215854000,"OPERATE_INCOME_YOY":30.5113337485,"GROSS_PROFIT":117032000,"GROSS_PROFIT_YOY":22.01764080322,"HOLDER_PROFIT":28914000,"HOLDER_PROFIT_YOY":69.9124405007,"GROSS_PROFIT_RATIO":54.218128920474,"EPS_TTM":null,"OPERATE_INCOME_QOQ":30.511333748511,"NET_PROFIT_RATIO":13.3951652506,"ROE_AVG":21.851902235524,"GROSS_PROFIT_QOQ":22.01764080322,"ROA":10.633254940323,"HOLDER_PROFIT_QOQ":69.912440500676,"ROE_YEARLY":21.851902235524,"ROIC_YEARLY":33.921490415073,"TOTAL_ASSETS":350940000,"TOTAL_LIABILITIES":154228000,"TAX_EBT":12.838754408706,"OCF_SALES":26.036117005013,"TOTAL_PARENT_EQUITY":196712000,"DEBT_ASSET_RATIO":43.9471134667,"OPERATE_PROFIT":33594000,"PRETAX_PROFIT":33173000,"NETCASH_OPERATE":56200000,"NETCASH_INVEST":31414000,"NETCASH_FINANCE":93091000,"END_CASH":276972000,"DIVI_RATIO":null,"DIVIDEND_RATE":null,"CURRENT_RATIO":2.132740321707,"COMMON_ACS":15000000000,"CURRENTDEBT_DEBT":98.113183079596,"ISSUED_COMMON_SHARES":607170950,"HK_COMMON_SHARES":607170950,"PER_SHARES":250,"TOTAL_MARKET_CAP":528238726.5,"HKSK_MARKET_CAP":528238726.5,"PE_TTM":10.986424510622,"PB_TTM":0.421368077484,"REPORT_DATE_SQ":"2019-12-31 00:00:00","REPORT_TYPE_SQ":"2019年年报","OPERATE_INCOME_SQ":165391000,"DPS_HKD":null,"OPERATE_INCOME_QOQ_SQ":null,"NET_PROFIT_RATIO_SQ":10.2889516358,"HOLDER_PROFIT_SQ":17017000,"HOLDER_PROFIT_QOQ_SQ":null,"ROE_AVG_SQ":25.053000412225,"PE_TTM_SQ":120.454027185311,"PB_TTM_SQ":2.60295286837,"ROA_SQ":8.821623527094,"START_DATE":"2020-01-01 00:00:00","FISCAL_YEAR":"12-31","CURRENCY":"HKD","IS_CNY_CODE":0,"DPS_HKD_LY":null,"ORG_TYPE":"一般企业","PREMIUM_INCOME":null,"PREMIUM_INCOME_YOY":null,"NET_INTEREST_INCOME":null,"NET_INTEREST_INCOME_YOY":null,"FEE_COMMISSION_INCOME":null,"FEE_COMMISSION_INCOME_YOY":null,"ACCOUNTS_RECE_TDAYS":12.767137871887,"INVENTORY_TDAYS":null,"CURRENT_ASSETS_TDAYS":0.892602310344,"TOTAL_ASSETS_TDAYS":0.79381289752,"PREMIUM_EXPENSE":null,"LOAN_DEPOSIT":null,"LOAN_EQUITY":null,"LOAN_ASSETS":null,"DEPOSIT_EQUITY":null,"DEPOSIT_ASSETS":null,"EQUITY_MULTIPLIER":1.784029444061,"EQUITY_RATIO":0.78402944406},{"SECUCODE":"02415.HK","SECURITY_CODE":"02415","SECURITY_NAME_ABBR":"梅斯健康","ORG_CODE":"10000340601","STD_REPORT_DATE":"2019-12-31 00:00:00","REPORT_DATE":"2019-12-31 00:00:00","DATE_TYPE_CODE":"001","REPORT_TYPE":"2019年年报","PER_NETCASH_OPERATE":null,"PER_OI":null,"BPS":0.111869647255,"BASIC_EPS":1.76,"DILUTED_EPS":1.76,"OPERATE_INCOME":165391000,"OPERATE_INCOME_YOY":null,"GROSS_PROFIT":95914000,"GROSS_PROFIT_YOY":null,"HOLDER_PROFIT":17017000,"HOLDER_PROFIT_YOY":null,"GROSS_PROFIT_RATIO":57.992272856443,"EPS_TTM":null,"OPERATE_INCOME_QOQ":null,"NET_PROFIT_RATIO":10.2889516358,"ROE_AVG":25.053000412225,"GROSS_PROFIT_QOQ":null,"ROA":8.821623527094,"HOLDER_PROFIT_QOQ":null,"ROE_YEARLY":25.053000412225,"ROIC_YEARLY":17.632735110043,"TOTAL_ASSETS":192901000,"TOTAL_LIABILITIES":124977000,"TAX_EBT":9.11178764087,"OCF_SALES":17.774244064066,"TOTAL_PARENT_EQUITY":67924000,"DEBT_ASSET_RATIO":64.7881555824,"OPERATE_PROFIT":19178000,"PRETAX_PROFIT":18723000,"NETCASH_OPERATE":29397000,"NETCASH_INVEST":-30181000,"NETCASH_FINANCE":-6086000,"END_CASH":96393000,"DIVI_RATIO":null,"DIVIDEND_RATE":null,"CURRENT_RATIO":1.370670050848,"COMMON_ACS":15000000000,"CURRENTDEBT_DEBT":93.944485785385,"ISSUED_COMMON_SHARES":607170950,"HK_COMMON_SHARES":607170950,"PER_SHARES":250,"TOTAL_MARKET_CAP":528238726.5,"HKSK_MARKET_CAP":528238726.5,"PE_TTM":10.986424510622,"PB_TTM":0.421368077484,"REPORT_DATE_SQ":"2018-12-31 00:00:00","REPORT_TYPE_SQ":"2018年年报","OPERATE_INCOME_SQ":null,"DPS_HKD":null,"OPERATE_INCOME_QOQ_SQ":null,"NET_PROFIT_RATIO_SQ":null,"HOLDER_PROFIT_SQ":null,"HOLDER_PROFIT_QOQ_SQ":null,"ROE_AVG_SQ":null,"PE_TTM_SQ":120.454027185311,"PB_TTM_SQ":2.60295286837,"ROA_SQ":null,"START_DATE":"2019-01-01 00:00:00","FISCAL_YEAR":"12-31","CURRENCY":"HKD","IS_CNY_CODE":0,"DPS_HKD_LY":null,"ORG_TYPE":"一般企业","PREMIUM_INCOME":null,"PREMIUM_INCOME_YOY":null,"NET_INTEREST_INCOME":null,"NET_INTEREST_INCOME_YOY":null,"FEE_COMMISSION_INCOME":null,"FEE_COMMISSION_INCOME_YOY":null,"ACCOUNTS_RECE_TDAYS":10.161024758862,"INVENTORY_TDAYS":null,"CURRENT_ASSETS_TDAYS":2.055453025869,"TOTAL_ASSETS_TDAYS":1.714775973168,"PREMIUM_EXPENSE":null,"LOAN_DEPOSIT":null,"LOAN_EQUITY":null,"LOAN_ASSETS":null,"DEPOSIT_EQUITY":null,"DEPOSIT_ASSETS":null,"EQUITY_MULTIPLIER":2.839953477416,"EQUITY_RATIO":1.839953477416}],"count":8},"success":true,"message":"ok","code":0}