{"version":"751cb1e7217594780b5c8f9bf4302375","result":{"pages":2,"data":[{"SECUCODE":"02419.HK","SECURITY_CODE":"02419","SECURITY_NAME_ABBR":"德康农牧","ORG_CODE":"10726519","STD_REPORT_DATE":"2024-06-30 00:00:00","REPORT_DATE":"2024-06-30 00:00:00","DATE_TYPE_CODE":"002","REPORT_TYPE":"2024年中报","PER_NETCASH_OPERATE":3.889868276551,"PER_OI":24.190461240416,"BPS":14.704086527036,"BASIC_EPS":4.54,"DILUTED_EPS":4.54,"OPERATE_INCOME":9407081000,"OPERATE_INCOME_YOY":25.3467559494,"GROSS_PROFIT":1165948000,"GROSS_PROFIT_YOY":400.807521039406,"HOLDER_PROFIT":1766453000,"HOLDER_PROFIT_YOY":180.9850037365,"GROSS_PROFIT_RATIO":12.394365478516,"EPS_TTM":5.586714103118,"OPERATE_INCOME_QOQ":11.774599125049,"NET_PROFIT_RATIO":19.042899705,"ROE_AVG":36.535955884322,"GROSS_PROFIT_QOQ":1298.16583523435,"ROA":8.662983374476,"HOLDER_PROFIT_QOQ":222.387762896831,"ROE_YEARLY":73.071911768645,"ROIC_YEARLY":20.238967671757,"TOTAL_ASSETS":21847400000,"TOTAL_LIABILITIES":16197456000,"TAX_EBT":0.018585555507,"OCF_SALES":16.080174073126,"TOTAL_PARENT_EQUITY":5718061000,"DEBT_ASSET_RATIO":74.1390554482,"OPERATE_PROFIT":2015268000,"PRETAX_PROFIT":1791714000,"NETCASH_OPERATE":1512675000,"NETCASH_INVEST":-260462000,"NETCASH_FINANCE":-314918000,"END_CASH":3489545000,"DIVI_RATIO":null,"DIVIDEND_RATE":null,"CURRENT_RATIO":0.981010843855,"COMMON_ACS":null,"CURRENTDEBT_DEBT":66.783814692875,"ISSUED_COMMON_SHARES":388875636,"HK_COMMON_SHARES":128064185,"PER_SHARES":100,"TOTAL_MARKET_CAP":11549606389.2,"HKSK_MARKET_CAP":3803506294.5,"PE_TTM":4.930627095269,"PB_TTM":1.843473645926,"REPORT_DATE_SQ":"2023-06-30 00:00:00","REPORT_TYPE_SQ":"2023年中报","OPERATE_INCOME_SQ":7504846000,"DPS_HKD":null,"OPERATE_INCOME_QOQ_SQ":0,"NET_PROFIT_RATIO_SQ":-31.3534748081,"HOLDER_PROFIT_SQ":-2181210000,"HOLDER_PROFIT_QOQ_SQ":0,"ROE_AVG_SQ":null,"PE_TTM_SQ":17.650784588456,"PB_TTM_SQ":3.526387116645,"ROA_SQ":null,"START_DATE":"2024-01-01 00:00:00","FISCAL_YEAR":"12-31","CURRENCY":"HKD","IS_CNY_CODE":0,"DPS_HKD_LY":null,"ORG_TYPE":"一般企业","PREMIUM_INCOME":null,"PREMIUM_INCOME_YOY":null,"NET_INTEREST_INCOME":null,"NET_INTEREST_INCOME_YOY":null,"FEE_COMMISSION_INCOME":null,"FEE_COMMISSION_INCOME_YOY":null,"ACCOUNTS_RECE_TDAYS":1420.68730650155,"INVENTORY_TDAYS":11.420346069287,"CURRENT_ASSETS_TDAYS":1.004039497786,"TOTAL_ASSETS_TDAYS":0.461339114629,"PREMIUM_EXPENSE":null,"LOAN_DEPOSIT":null,"LOAN_EQUITY":null,"LOAN_ASSETS":null,"DEPOSIT_EQUITY":null,"DEPOSIT_ASSETS":null,"EQUITY_MULTIPLIER":3.86683478632,"EQUITY_RATIO":2.83268331695},{"SECUCODE":"02419.HK","SECURITY_CODE":"02419","SECURITY_NAME_ABBR":"德康农牧","ORG_CODE":"10726519","STD_REPORT_DATE":"2023-12-31 00:00:00","REPORT_DATE":"2023-12-31 00:00:00","DATE_TYPE_CODE":"001","REPORT_TYPE":"2023年年报","PER_NETCASH_OPERATE":1.906820410832,"PER_OI":41.543903768762,"BPS":10.161624010819,"BASIC_EPS":-4.88,"DILUTED_EPS":-4.88,"OPERATE_INCOME":16155412000,"OPERATE_INCOME_YOY":7.4375406788,"GROSS_PROFIT":119673000,"GROSS_PROFIT_YOY":-94.213605302056,"HOLDER_PROFIT":-1775126000,"HOLDER_PROFIT_YOY":-278.7880741208,"GROSS_PROFIT_RATIO":0.740761052705,"EPS_TTM":-4.564765276269,"OPERATE_INCOME_QOQ":7.437540678753,"NET_PROFIT_RATIO":-12.331075184,"ROE_AVG":-39.795476976588,"GROSS_PROFIT_QOQ":-94.213605302056,"ROA":-9.285421414046,"HOLDER_PROFIT_QOQ":-278.788074120778,"ROE_YEARLY":-39.795476976588,"ROIC_YEARLY":-10.807798499948,"TOTAL_ASSETS":18934232000,"TOTAL_LIABILITIES":15079169000,"TAX_EBT":-0.017823244624,"OCF_SALES":4.589892229304,"TOTAL_PARENT_EQUITY":3951608000,"DEBT_ASSET_RATIO":79.639718157,"OPERATE_PROFIT":-1550164000,"PRETAX_PROFIT":-1991781000,"NETCASH_OPERATE":741516000,"NETCASH_INVEST":-692046000,"NETCASH_FINANCE":-345551000,"END_CASH":2544830000,"DIVI_RATIO":null,"DIVIDEND_RATE":null,"CURRENT_RATIO":0.838604753875,"COMMON_ACS":null,"CURRENTDEBT_DEBT":64.264947226203,"ISSUED_COMMON_SHARES":388875636,"HK_COMMON_SHARES":128064185,"PER_SHARES":100,"TOTAL_MARKET_CAP":12580126824.6,"HKSK_MARKET_CAP":4142876384.75,"PE_TTM":5.370565203096,"PB_TTM":2.007958668205,"REPORT_DATE_SQ":"2022-12-31 00:00:00","REPORT_TYPE_SQ":"2022年年报","OPERATE_INCOME_SQ":15037027000,"DPS_HKD":null,"OPERATE_INCOME_QOQ_SQ":23.194126214233,"NET_PROFIT_RATIO_SQ":6.050098866,"HOLDER_PROFIT_SQ":992866000,"HOLDER_PROFIT_QOQ_SQ":-29.274635943164,"ROE_AVG_SQ":22.205495651396,"PE_TTM_SQ":13.259955121952,"PB_TTM_SQ":2.649159003386,"ROA_SQ":5.661894512881,"START_DATE":"2023-01-01 00:00:00","FISCAL_YEAR":"12-31","CURRENCY":"HKD","IS_CNY_CODE":0,"DPS_HKD_LY":null,"ORG_TYPE":"一般企业","PREMIUM_INCOME":null,"PREMIUM_INCOME_YOY":null,"NET_INTEREST_INCOME":null,"NET_INTEREST_INCOME_YOY":null,"FEE_COMMISSION_INCOME":null,"FEE_COMMISSION_INCOME_YOY":null,"ACCOUNTS_RECE_TDAYS":1558.04918507088,"INVENTORY_TDAYS":22.686005353283,"CURRENT_ASSETS_TDAYS":1.863238978727,"TOTAL_ASSETS_TDAYS":0.84506569414,"PREMIUM_EXPENSE":null,"LOAN_DEPOSIT":null,"LOAN_EQUITY":null,"LOAN_ASSETS":null,"DEPOSIT_EQUITY":null,"DEPOSIT_ASSETS":null,"EQUITY_MULTIPLIER":4.911523365497,"EQUITY_RATIO":3.815957706331},{"SECUCODE":"02419.HK","SECURITY_CODE":"02419","SECURITY_NAME_ABBR":"德康农牧","ORG_CODE":"10726519","STD_REPORT_DATE":"2023-06-30 00:00:00","REPORT_DATE":"2023-06-30 00:00:00","DATE_TYPE_CODE":"002","REPORT_TYPE":"2023年中报","PER_NETCASH_OPERATE":null,"PER_OI":null,"BPS":null,"BASIC_EPS":-6.03,"DILUTED_EPS":-6.03,"OPERATE_INCOME":7504846000,"OPERATE_INCOME_YOY":null,"GROSS_PROFIT":-387606000,"GROSS_PROFIT_YOY":null,"HOLDER_PROFIT":-2181210000,"HOLDER_PROFIT_YOY":null,"GROSS_PROFIT_RATIO":-5.164742887462,"EPS_TTM":2.742996541092,"OPERATE_INCOME_QOQ":0,"NET_PROFIT_RATIO":-31.3534748081,"ROE_AVG":null,"GROSS_PROFIT_QOQ":0,"ROA":null,"HOLDER_PROFIT_QOQ":0,"ROE_YEARLY":null,"ROIC_YEARLY":null,"TOTAL_ASSETS":null,"TOTAL_LIABILITIES":null,"TAX_EBT":-0.016959735717,"OCF_SALES":0.424125958081,"TOTAL_PARENT_EQUITY":null,"DEBT_ASSET_RATIO":null,"OPERATE_PROFIT":-2126152000,"PRETAX_PROFIT":-2352631000,"NETCASH_OPERATE":31830000,"NETCASH_INVEST":-256291000,"NETCASH_FINANCE":-173043000,"END_CASH":2445751000,"DIVI_RATIO":null,"DIVIDEND_RATE":null,"CURRENT_RATIO":null,"COMMON_ACS":null,"CURRENTDEBT_DEBT":null,"ISSUED_COMMON_SHARES":388875636,"HK_COMMON_SHARES":128064185,"PER_SHARES":100,"TOTAL_MARKET_CAP":12580126824.6,"HKSK_MARKET_CAP":4142876384.75,"PE_TTM":5.370565203096,"PB_TTM":2.007958668205,"REPORT_DATE_SQ":"2022-06-30 00:00:00","REPORT_TYPE_SQ":"2022年中报","OPERATE_INCOME_SQ":null,"DPS_HKD":null,"OPERATE_INCOME_QOQ_SQ":0,"NET_PROFIT_RATIO_SQ":null,"HOLDER_PROFIT_SQ":null,"HOLDER_PROFIT_QOQ_SQ":0,"ROE_AVG_SQ":null,"PE_TTM_SQ":13.259955121952,"PB_TTM_SQ":2.649159003386,"ROA_SQ":null,"START_DATE":"2023-01-01 00:00:00","FISCAL_YEAR":"12-31","CURRENCY":"HKD","IS_CNY_CODE":0,"DPS_HKD_LY":null,"ORG_TYPE":"一般企业","PREMIUM_INCOME":null,"PREMIUM_INCOME_YOY":null,"NET_INTEREST_INCOME":null,"NET_INTEREST_INCOME_YOY":null,"FEE_COMMISSION_INCOME":null,"FEE_COMMISSION_INCOME_YOY":null,"ACCOUNTS_RECE_TDAYS":null,"INVENTORY_TDAYS":null,"CURRENT_ASSETS_TDAYS":1.628900964153,"TOTAL_ASSETS_TDAYS":0.777685834071,"PREMIUM_EXPENSE":null,"LOAN_DEPOSIT":null,"LOAN_EQUITY":null,"LOAN_ASSETS":null,"DEPOSIT_EQUITY":null,"DEPOSIT_ASSETS":null,"EQUITY_MULTIPLIER":null,"EQUITY_RATIO":null},{"SECUCODE":"02419.HK","SECURITY_CODE":"02419","SECURITY_NAME_ABBR":"德康农牧","ORG_CODE":"10726519","STD_REPORT_DATE":"2022-12-31 00:00:00","REPORT_DATE":"2022-12-31 00:00:00","DATE_TYPE_CODE":"001","REPORT_TYPE":"2022年年报","PER_NETCASH_OPERATE":6.054919826281,"PER_OI":41.542879954913,"BPS":12.779502082254,"BASIC_EPS":2.74,"DILUTED_EPS":2.74,"OPERATE_INCOME":15037027000,"OPERATE_INCOME_YOY":51.8651393123,"GROSS_PROFIT":2068179000,"GROSS_PROFIT_YOY":170.66827552902,"HOLDER_PROFIT":992866000,"HOLDER_PROFIT_YOY":133.1253129897,"GROSS_PROFIT_RATIO":13.753908934259,"EPS_TTM":2.742996541092,"OPERATE_INCOME_QOQ":23.194126214233,"NET_PROFIT_RATIO":6.050098866,"ROE_AVG":22.205495651396,"GROSS_PROFIT_QOQ":330.979267690397,"ROA":5.661894512881,"HOLDER_PROFIT_QOQ":-29.274635943164,"ROE_YEARLY":22.205495651396,"ROIC_YEARLY":6.582771086822,"TOTAL_ASSETS":19300457000,"TOTAL_LIABILITIES":14236655000,"TAX_EBT":0.074689571469,"OCF_SALES":14.575108497178,"TOTAL_PARENT_EQUITY":4969637000,"DEBT_ASSET_RATIO":73.7633051901,"OPERATE_PROFIT":1332089000,"PRETAX_PROFIT":910435000,"NETCASH_OPERATE":2191663000,"NETCASH_INVEST":-1246388000,"NETCASH_FINANCE":89007000,"END_CASH":2843255000,"DIVI_RATIO":null,"DIVIDEND_RATE":null,"CURRENT_RATIO":1.014334139551,"COMMON_ACS":null,"CURRENTDEBT_DEBT":63.809904784516,"ISSUED_COMMON_SHARES":388875636,"HK_COMMON_SHARES":128064185,"PER_SHARES":100,"TOTAL_MARKET_CAP":12580126824.6,"HKSK_MARKET_CAP":4142876384.75,"PE_TTM":5.370565203096,"PB_TTM":2.007958668205,"REPORT_DATE_SQ":"2021-12-31 00:00:00","REPORT_TYPE_SQ":"2021年年报","OPERATE_INCOME_SQ":9901566000,"DPS_HKD":null,"OPERATE_INCOME_QOQ_SQ":21.560979155098,"NET_PROFIT_RATIO_SQ":-32.0419820461,"HOLDER_PROFIT_SQ":-2997303000,"HOLDER_PROFIT_QOQ_SQ":-185.927590173997,"ROE_AVG_SQ":-55.409403968221,"PE_TTM_SQ":13.259955121952,"PB_TTM_SQ":2.649159003386,"ROA_SQ":-19.456861157619,"START_DATE":"2022-01-01 00:00:00","FISCAL_YEAR":"12-31","CURRENCY":"HKD","IS_CNY_CODE":0,"DPS_HKD_LY":null,"ORG_TYPE":"一般企业","PREMIUM_INCOME":null,"PREMIUM_INCOME_YOY":null,"NET_INTEREST_INCOME":null,"NET_INTEREST_INCOME_YOY":null,"FEE_COMMISSION_INCOME":null,"FEE_COMMISSION_INCOME_YOY":null,"ACCOUNTS_RECE_TDAYS":1568.56277056277,"INVENTORY_TDAYS":20.306532175482,"CURRENT_ASSETS_TDAYS":1.968264749393,"TOTAL_ASSETS_TDAYS":0.857497997326,"PREMIUM_EXPENSE":null,"LOAN_DEPOSIT":null,"LOAN_EQUITY":null,"LOAN_ASSETS":null,"DEPOSIT_EQUITY":null,"DEPOSIT_ASSETS":null,"EQUITY_MULTIPLIER":3.811455700673,"EQUITY_RATIO":2.864727343265},{"SECUCODE":"02419.HK","SECURITY_CODE":"02419","SECURITY_NAME_ABBR":"德康农牧","ORG_CODE":"10726519","STD_REPORT_DATE":"2022-09-30 00:00:00","REPORT_DATE":"2022-09-30 00:00:00","DATE_TYPE_CODE":"004","REPORT_TYPE":"2022年三季报","PER_NETCASH_OPERATE":3.430700290637,"PER_OI":26.699765722558,"BPS":12.613389849911,"BASIC_EPS":2.56,"DILUTED_EPS":2.56,"OPERATE_INCOME":9664354000,"OPERATE_INCOME_YOY":31.3098890904,"GROSS_PROFIT":607902000,"GROSS_PROFIT_YOY":-31.859024081854,"HOLDER_PROFIT":927808000,"HOLDER_PROFIT_YOY":126.7123634739,"GROSS_PROFIT_RATIO":6.290146242573,"EPS_TTM":3.878377407698,"OPERATE_INCOME_QOQ":23.2730358006,"NET_PROFIT_RATIO":8.8171128665,"ROE_AVG":20.901453582413,"GROSS_PROFIT_QOQ":-37.196915067511,"ROA":5.310903099035,"HOLDER_PROFIT_QOQ":146.836539382238,"ROE_YEARLY":27.86860477655,"ROIC_YEARLY":6.083616682211,"TOTAL_ASSETS":19168337000,"TOTAL_LIABILITIES":14159500000,"TAX_EBT":0.099535034222,"OCF_SALES":12.849177503225,"TOTAL_PARENT_EQUITY":4905040000,"DEBT_ASSET_RATIO":73.8692146324,"OPERATE_PROFIT":1176651000,"PRETAX_PROFIT":852966000,"NETCASH_OPERATE":1241790000,"NETCASH_INVEST":-898295000,"NETCASH_FINANCE":212773000,"END_CASH":2365241000,"DIVI_RATIO":null,"DIVIDEND_RATE":null,"CURRENT_RATIO":1.085424130178,"COMMON_ACS":null,"CURRENTDEBT_DEBT":60.386934566899,"ISSUED_COMMON_SHARES":388875636,"HK_COMMON_SHARES":128064185,"PER_SHARES":100,"TOTAL_MARKET_CAP":12580126824.6,"HKSK_MARKET_CAP":4142876384.75,"PE_TTM":5.370565203096,"PB_TTM":2.007958668205,"REPORT_DATE_SQ":"2021-09-30 00:00:00","REPORT_TYPE_SQ":"2021年三季报","OPERATE_INCOME_SQ":7359959000,"DPS_HKD":null,"OPERATE_INCOME_QOQ_SQ":0,"NET_PROFIT_RATIO_SQ":-49.2530461107,"HOLDER_PROFIT_SQ":-3473328000,"HOLDER_PROFIT_QOQ_SQ":0,"ROE_AVG_SQ":null,"PE_TTM_SQ":13.259955121952,"PB_TTM_SQ":2.649159003386,"ROA_SQ":null,"START_DATE":"2022-01-01 00:00:00","FISCAL_YEAR":"12-31","CURRENCY":"HKD","IS_CNY_CODE":0,"DPS_HKD_LY":null,"ORG_TYPE":"一般企业","PREMIUM_INCOME":null,"PREMIUM_INCOME_YOY":null,"NET_INTEREST_INCOME":null,"NET_INTEREST_INCOME_YOY":null,"FEE_COMMISSION_INCOME":null,"FEE_COMMISSION_INCOME_YOY":null,"ACCOUNTS_RECE_TDAYS":984.952507134122,"INVENTORY_TDAYS":15.874754160429,"CURRENT_ASSETS_TDAYS":1.259546393537,"TOTAL_ASSETS_TDAYS":0.553201175338,"PREMIUM_EXPENSE":null,"LOAN_DEPOSIT":null,"LOAN_EQUITY":null,"LOAN_ASSETS":null,"DEPOSIT_EQUITY":null,"DEPOSIT_ASSETS":null,"EQUITY_MULTIPLIER":3.826903730341,"EQUITY_RATIO":2.886724675028},{"SECUCODE":"02419.HK","SECURITY_CODE":"02419","SECURITY_NAME_ABBR":"德康农牧","ORG_CODE":"10726519","STD_REPORT_DATE":"2021-12-31 00:00:00","REPORT_DATE":"2021-12-31 00:00:00","DATE_TYPE_CODE":"001","REPORT_TYPE":"2021年年报","PER_NETCASH_OPERATE":1.123117216077,"PER_OI":27.355112663138,"BPS":10.216345875677,"BASIC_EPS":-8.32,"DILUTED_EPS":-8.32,"OPERATE_INCOME":9901566000,"OPERATE_INCOME_YOY":21.5609791551,"GROSS_PROFIT":764101000,"GROSS_PROFIT_YOY":-75.849333668785,"HOLDER_PROFIT":-2997303000,"HOLDER_PROFIT_YOY":-185.927590174,"GROSS_PROFIT_RATIO":7.716971234651,"EPS_TTM":-8.280666033086,"OPERATE_INCOME_QOQ":21.560979155098,"NET_PROFIT_RATIO":-32.0419820461,"ROE_AVG":-55.409403968221,"GROSS_PROFIT_QOQ":-75.849333668785,"ROA":-19.456861157619,"HOLDER_PROFIT_QOQ":-185.927590173997,"ROE_YEARLY":-55.409403968221,"ROIC_YEARLY":-22.46081080276,"TOTAL_ASSETS":15771408000,"TOTAL_LIABILITIES":11638642000,"TAX_EBT":-0.06263656411,"OCF_SALES":4.105693988203,"TOTAL_PARENT_EQUITY":3972888000,"DEBT_ASSET_RATIO":73.7958335743,"OPERATE_PROFIT":-2855159000,"PRETAX_PROFIT":-3170672000,"NETCASH_OPERATE":406528000,"NETCASH_INVEST":-1760401000,"NETCASH_FINANCE":1450972000,"END_CASH":1808973000,"DIVI_RATIO":null,"DIVIDEND_RATE":null,"CURRENT_RATIO":0.95916687714,"COMMON_ACS":null,"CURRENTDEBT_DEBT":54.328099446654,"ISSUED_COMMON_SHARES":388875636,"HK_COMMON_SHARES":128064185,"PER_SHARES":100,"TOTAL_MARKET_CAP":12580126824.6,"HKSK_MARKET_CAP":4142876384.75,"PE_TTM":5.370565203096,"PB_TTM":2.007958668205,"REPORT_DATE_SQ":"2020-12-31 00:00:00","REPORT_TYPE_SQ":"2020年年报","OPERATE_INCOME_SQ":8145349000,"DPS_HKD":null,"OPERATE_INCOME_QOQ_SQ":47.664864972657,"NET_PROFIT_RATIO_SQ":44.299526024,"HOLDER_PROFIT_SQ":3488173000,"HOLDER_PROFIT_QOQ_SQ":74.186736098211,"ROE_AVG_SQ":69.897719539692,"PE_TTM_SQ":13.259955121952,"PB_TTM_SQ":2.649159003386,"ROA_SQ":32.916311832804,"START_DATE":"2021-01-01 00:00:00","FISCAL_YEAR":"12-31","CURRENCY":"HKD","IS_CNY_CODE":0,"DPS_HKD_LY":null,"ORG_TYPE":"一般企业","PREMIUM_INCOME":null,"PREMIUM_INCOME_YOY":null,"NET_INTEREST_INCOME":null,"NET_INTEREST_INCOME_YOY":null,"FEE_COMMISSION_INCOME":null,"FEE_COMMISSION_INCOME_YOY":null,"ACCOUNTS_RECE_TDAYS":2701.6551159618,"INVENTORY_TDAYS":18.018899457607,"CURRENT_ASSETS_TDAYS":1.598291357783,"TOTAL_ASSETS_TDAYS":0.642755820499,"PREMIUM_EXPENSE":null,"LOAN_DEPOSIT":null,"LOAN_EQUITY":null,"LOAN_ASSETS":null,"DEPOSIT_EQUITY":null,"DEPOSIT_ASSETS":null,"EQUITY_MULTIPLIER":3.816187028255,"EQUITY_RATIO":2.929516764631},{"SECUCODE":"02419.HK","SECURITY_CODE":"02419","SECURITY_NAME_ABBR":"德康农牧","ORG_CODE":"10726519","STD_REPORT_DATE":"2021-09-30 00:00:00","REPORT_DATE":"2021-09-30 00:00:00","DATE_TYPE_CODE":"004","REPORT_TYPE":"2021年三季报","PER_NETCASH_OPERATE":null,"PER_OI":null,"BPS":null,"BASIC_EPS":-9.65,"DILUTED_EPS":-9.65,"OPERATE_INCOME":7359959000,"OPERATE_INCOME_YOY":null,"GROSS_PROFIT":892124000,"GROSS_PROFIT_YOY":null,"HOLDER_PROFIT":-3473328000,"HOLDER_PROFIT_YOY":null,"GROSS_PROFIT_RATIO":12.121317523644,"EPS_TTM":9.689369444444,"OPERATE_INCOME_QOQ":0,"NET_PROFIT_RATIO":-49.2530461107,"ROE_AVG":null,"GROSS_PROFIT_QOQ":0,"ROA":null,"HOLDER_PROFIT_QOQ":0,"ROE_YEARLY":null,"ROIC_YEARLY":null,"TOTAL_ASSETS":null,"TOTAL_LIABILITIES":null,"TAX_EBT":-0.073681755001,"OCF_SALES":2.151465789415,"TOTAL_PARENT_EQUITY":null,"DEBT_ASSET_RATIO":null,"OPERATE_PROFIT":-3395041000,"PRETAX_PROFIT":-3622335000,"NETCASH_OPERATE":158347000,"NETCASH_INVEST":-1812386000,"NETCASH_FINANCE":1498908000,"END_CASH":1556743000,"DIVI_RATIO":null,"DIVIDEND_RATE":null,"CURRENT_RATIO":null,"COMMON_ACS":null,"CURRENTDEBT_DEBT":null,"ISSUED_COMMON_SHARES":388875636,"HK_COMMON_SHARES":128064185,"PER_SHARES":100,"TOTAL_MARKET_CAP":12580126824.6,"HKSK_MARKET_CAP":4142876384.75,"PE_TTM":5.370565203096,"PB_TTM":2.007958668205,"REPORT_DATE_SQ":"2020-09-30 00:00:00","REPORT_TYPE_SQ":"2020年三季报","OPERATE_INCOME_SQ":null,"DPS_HKD":null,"OPERATE_INCOME_QOQ_SQ":0,"NET_PROFIT_RATIO_SQ":null,"HOLDER_PROFIT_SQ":null,"HOLDER_PROFIT_QOQ_SQ":0,"ROE_AVG_SQ":null,"PE_TTM_SQ":13.259955121952,"PB_TTM_SQ":2.649159003386,"ROA_SQ":null,"START_DATE":"2021-01-01 00:00:00","FISCAL_YEAR":"12-31","CURRENCY":"HKD","IS_CNY_CODE":0,"DPS_HKD_LY":null,"ORG_TYPE":"一般企业","PREMIUM_INCOME":null,"PREMIUM_INCOME_YOY":null,"NET_INTEREST_INCOME":null,"NET_INTEREST_INCOME_YOY":null,"FEE_COMMISSION_INCOME":null,"FEE_COMMISSION_INCOME_YOY":null,"ACCOUNTS_RECE_TDAYS":null,"INVENTORY_TDAYS":null,"CURRENT_ASSETS_TDAYS":2.327139818564,"TOTAL_ASSETS_TDAYS":0.978827289218,"PREMIUM_EXPENSE":null,"LOAN_DEPOSIT":null,"LOAN_EQUITY":null,"LOAN_ASSETS":null,"DEPOSIT_EQUITY":null,"DEPOSIT_ASSETS":null,"EQUITY_MULTIPLIER":null,"EQUITY_RATIO":null},{"SECUCODE":"02419.HK","SECURITY_CODE":"02419","SECURITY_NAME_ABBR":"德康农牧","ORG_CODE":"10726519","STD_REPORT_DATE":"2020-12-31 00:00:00","REPORT_DATE":"2020-12-31 00:00:00","DATE_TYPE_CODE":"001","REPORT_TYPE":"2020年年报","PER_NETCASH_OPERATE":4.643011111111,"PER_OI":22.625969444444,"BPS":17.604250218443,"BASIC_EPS":9.76,"DILUTED_EPS":9.76,"OPERATE_INCOME":8145349000,"OPERATE_INCOME_YOY":47.6648649727,"GROSS_PROFIT":3163892000,"GROSS_PROFIT_YOY":106.149780355679,"HOLDER_PROFIT":3488173000,"HOLDER_PROFIT_YOY":74.1867360982,"GROSS_PROFIT_RATIO":38.842927417843,"EPS_TTM":9.689369444444,"OPERATE_INCOME_QOQ":47.664864972657,"NET_PROFIT_RATIO":44.299526024,"ROE_AVG":69.897719539692,"GROSS_PROFIT_QOQ":106.149780355679,"ROA":32.916311832804,"HOLDER_PROFIT_QOQ":74.186736098211,"ROE_YEARLY":69.897719539692,"ROIC_YEARLY":38.343594884396,"TOTAL_ASSETS":15038320000,"TOTAL_LIABILITIES":7878590000,"TAX_EBT":0.018453778411,"OCF_SALES":20.520716791877,"TOTAL_PARENT_EQUITY":6845864000,"DEBT_ASSET_RATIO":52.3900941063,"OPERATE_PROFIT":3764953000,"PRETAX_PROFIT":3609017000,"NETCASH_OPERATE":1671484000,"NETCASH_INVEST":-3775833000,"NETCASH_FINANCE":3149466000,"END_CASH":1711874000,"DIVI_RATIO":null,"DIVIDEND_RATE":null,"CURRENT_RATIO":1.406715234575,"COMMON_ACS":null,"CURRENTDEBT_DEBT":57.072674171394,"ISSUED_COMMON_SHARES":388875636,"HK_COMMON_SHARES":128064185,"PER_SHARES":100,"TOTAL_MARKET_CAP":12580126824.6,"HKSK_MARKET_CAP":4142876384.75,"PE_TTM":5.370565203096,"PB_TTM":2.007958668205,"REPORT_DATE_SQ":"2019-12-31 00:00:00","REPORT_TYPE_SQ":"2019年年报","OPERATE_INCOME_SQ":5516105000,"DPS_HKD":null,"OPERATE_INCOME_QOQ_SQ":68.069094704949,"NET_PROFIT_RATIO_SQ":37.9221026431,"HOLDER_PROFIT_SQ":2002548000,"HOLDER_PROFIT_QOQ_SQ":1640.34727895295,"ROE_AVG_SQ":109.378586125174,"PE_TTM_SQ":13.259955121952,"PB_TTM_SQ":2.649159003386,"ROA_SQ":41.440389971107,"START_DATE":"2020-01-01 00:00:00","FISCAL_YEAR":"12-31","CURRENCY":"HKD","IS_CNY_CODE":0,"DPS_HKD_LY":null,"ORG_TYPE":"一般企业","PREMIUM_INCOME":null,"PREMIUM_INCOME_YOY":null,"NET_INTEREST_INCOME":null,"NET_INTEREST_INCOME_YOY":null,"FEE_COMMISSION_INCOME":null,"FEE_COMMISSION_INCOME_YOY":null,"ACCOUNTS_RECE_TDAYS":1780.20959457983,"INVENTORY_TDAYS":14.207323472874,"CURRENT_ASSETS_TDAYS":1.735467678912,"TOTAL_ASSETS_TDAYS":0.76863976549,"PREMIUM_EXPENSE":null,"LOAN_DEPOSIT":null,"LOAN_EQUITY":null,"LOAN_ASSETS":null,"DEPOSIT_EQUITY":null,"DEPOSIT_ASSETS":null,"EQUITY_MULTIPLIER":2.100403227498,"EQUITY_RATIO":1.150854004695},{"SECUCODE":"02419.HK","SECURITY_CODE":"02419","SECURITY_NAME_ABBR":"德康农牧","ORG_CODE":"10726519","STD_REPORT_DATE":"2019-12-31 00:00:00","REPORT_DATE":"2019-12-31 00:00:00","DATE_TYPE_CODE":"001","REPORT_TYPE":"2019年年报","PER_NETCASH_OPERATE":3.914864455342,"PER_OI":18.995898534355,"BPS":8.061518155897,"BASIC_EPS":6.17,"DILUTED_EPS":6.17,"OPERATE_INCOME":5516105000,"OPERATE_INCOME_YOY":68.0690947049,"GROSS_PROFIT":1534754000,"GROSS_PROFIT_YOY":298.133789206899,"HOLDER_PROFIT":2002548000,"HOLDER_PROFIT_YOY":1640.3472789529,"GROSS_PROFIT_RATIO":27.823146948798,"EPS_TTM":6.896206402557,"OPERATE_INCOME_QOQ":68.069094704949,"NET_PROFIT_RATIO":37.9221026431,"ROE_AVG":109.378586125174,"GROSS_PROFIT_QOQ":298.133789206899,"ROA":41.440389971107,"HOLDER_PROFIT_QOQ":1640.34727895295,"ROE_YEARLY":109.378586125174,"ROIC_YEARLY":48.690796055374,"TOTAL_ASSETS":6155871000,"TOTAL_LIABILITIES":2869235000,"TAX_EBT":0.024231359298,"OCF_SALES":20.608998559672,"TOTAL_PARENT_EQUITY":3134928000,"DEBT_ASSET_RATIO":46.6097324002,"OPERATE_PROFIT":null,"PRETAX_PROFIT":2092330000,"NETCASH_OPERATE":1136814000,"NETCASH_INVEST":-789921000,"NETCASH_FINANCE":-96397000,"END_CASH":666757000,"DIVI_RATIO":null,"DIVIDEND_RATE":null,"CURRENT_RATIO":1.672758674008,"COMMON_ACS":null,"CURRENTDEBT_DEBT":63.789372428539,"ISSUED_COMMON_SHARES":388875636,"HK_COMMON_SHARES":128064185,"PER_SHARES":100,"TOTAL_MARKET_CAP":12580126824.6,"HKSK_MARKET_CAP":4142876384.75,"PE_TTM":5.370565203096,"PB_TTM":2.007958668205,"REPORT_DATE_SQ":"2018-12-31 00:00:00","REPORT_TYPE_SQ":"2018年年报","OPERATE_INCOME_SQ":3282046000,"DPS_HKD":null,"OPERATE_INCOME_QOQ_SQ":null,"NET_PROFIT_RATIO_SQ":4.7090747662,"HOLDER_PROFIT_SQ":115066000,"HOLDER_PROFIT_QOQ_SQ":null,"ROE_AVG_SQ":21.844352392198,"PE_TTM_SQ":13.259955121952,"PB_TTM_SQ":2.649159003386,"ROA_SQ":3.279312708313,"START_DATE":"2019-01-01 00:00:00","FISCAL_YEAR":"12-31","CURRENCY":"HKD","IS_CNY_CODE":0,"DPS_HKD_LY":null,"ORG_TYPE":"一般企业","PREMIUM_INCOME":null,"PREMIUM_INCOME_YOY":null,"NET_INTEREST_INCOME":null,"NET_INTEREST_INCOME_YOY":null,"FEE_COMMISSION_INCOME":null,"FEE_COMMISSION_INCOME_YOY":null,"ACCOUNTS_RECE_TDAYS":462.217613541143,"INVENTORY_TDAYS":16.078243785424,"CURRENT_ASSETS_TDAYS":2.327175394006,"TOTAL_ASSETS_TDAYS":1.141493448954,"PREMIUM_EXPENSE":null,"LOAN_DEPOSIT":null,"LOAN_EQUITY":null,"LOAN_ASSETS":null,"DEPOSIT_EQUITY":null,"DEPOSIT_ASSETS":null,"EQUITY_MULTIPLIER":1.873000539154,"EQUITY_RATIO":0.915247495317}],"count":10},"success":true,"message":"ok","code":0}