{"version":"cc3ae4375cd5c2ee5fa0d0288116d86d","result":{"pages":2,"data":[{"SECUCODE":"02418.HK","SECURITY_CODE":"02418","SECURITY_NAME_ABBR":"德银天下","ORG_CODE":"10000138629","STD_REPORT_DATE":"2024-06-30 00:00:00","REPORT_DATE":"2024-06-30 00:00:00","DATE_TYPE_CODE":"002","REPORT_TYPE":"2024年中报","PER_NETCASH_OPERATE":-0.002427758039,"PER_OI":0.593950362525,"BPS":1.520845552919,"BASIC_EPS":0.05,"DILUTED_EPS":0.05,"OPERATE_INCOME":1295665000,"OPERATE_INCOME_YOY":-14.6511848504,"GROSS_PROFIT":221936000,"GROSS_PROFIT_YOY":-13.031415684722,"HOLDER_PROFIT":114928000,"HOLDER_PROFIT_YOY":4.693193412,"GROSS_PROFIT_RATIO":17.129119023822,"EPS_TTM":0.070783174298,"OPERATE_INCOME_QOQ":-7.130036605964,"NET_PROFIT_RATIO":8.9223680504,"ROE_AVG":3.462820507799,"GROSS_PROFIT_QOQ":-6.452107339163,"ROA":1.190455967175,"HOLDER_PROFIT_QOQ":3.45176440636,"ROE_YEARLY":6.925641015598,"ROIC_YEARLY":2.721296546453,"TOTAL_ASSETS":10103404000,"TOTAL_LIABILITIES":6786013000,"TAX_EBT":21.757021996616,"OCF_SALES":-0.408747631525,"TOTAL_PARENT_EQUITY":3317628000,"DEBT_ASSET_RATIO":67.1656107189,"OPERATE_PROFIT":143700000,"PRETAX_PROFIT":147750000,"NETCASH_OPERATE":-5296000,"NETCASH_INVEST":-20813000,"NETCASH_FINANCE":488324000,"END_CASH":1439360000,"DIVI_RATIO":0.573179569894,"DIVIDEND_RATE":3.553174603175,"CURRENT_RATIO":1.362171533948,"COMMON_ACS":null,"CURRENTDEBT_DEBT":82.291752167289,"ISSUED_COMMON_SHARES":2181436500,"HK_COMMON_SHARES":552436500,"PER_SHARES":1500,"TOTAL_MARKET_CAP":2748609990,"HKSK_MARKET_CAP":696069990,"PE_TTM":16.021182335164,"PB_TTM":0.756143053312,"REPORT_DATE_SQ":"2023-06-30 00:00:00","REPORT_TYPE_SQ":"2023年中报","OPERATE_INCOME_SQ":1518082000,"DPS_HKD":0.04477,"OPERATE_INCOME_QOQ_SQ":3.236340018576,"NET_PROFIT_RATIO_SQ":7.2406497146,"HOLDER_PROFIT_SQ":109776000,"HOLDER_PROFIT_QOQ_SQ":-2.27461441973,"ROE_AVG_SQ":3.281925685801,"PE_TTM_SQ":12.675806654054,"PB_TTM_SQ":0.830472251943,"ROA_SQ":1.223928961814,"START_DATE":"2024-01-01 00:00:00","FISCAL_YEAR":"12-31","CURRENCY":"HKD","IS_CNY_CODE":0,"DPS_HKD_LY":0.04477,"ORG_TYPE":"一般企业","PREMIUM_INCOME":null,"PREMIUM_INCOME_YOY":null,"NET_INTEREST_INCOME":null,"NET_INTEREST_INCOME_YOY":null,"FEE_COMMISSION_INCOME":null,"FEE_COMMISSION_INCOME_YOY":null,"ACCOUNTS_RECE_TDAYS":1.554696011942,"INVENTORY_TDAYS":23.838130654382,"CURRENT_ASSETS_TDAYS":0.177158089802,"TOTAL_ASSETS_TDAYS":0.134208559334,"PREMIUM_EXPENSE":null,"LOAN_DEPOSIT":null,"LOAN_EQUITY":null,"LOAN_ASSETS":null,"DEPOSIT_EQUITY":null,"DEPOSIT_ASSETS":null,"EQUITY_MULTIPLIER":3.045587330524,"EQUITY_RATIO":2.045441200762},{"SECUCODE":"02418.HK","SECURITY_CODE":"02418","SECURITY_NAME_ABBR":"德银天下","ORG_CODE":"10000138629","STD_REPORT_DATE":"2023-12-31 00:00:00","REPORT_DATE":"2023-12-31 00:00:00","DATE_TYPE_CODE":"001","REPORT_TYPE":"2023年年报","PER_NETCASH_OPERATE":0.119582700239,"PER_OI":1.395070531978,"BPS":1.522023675683,"BASIC_EPS":0.07,"DILUTED_EPS":0.07,"OPERATE_INCOME":3119437000,"OPERATE_INCOME_YOY":14.3363738125,"GROSS_PROFIT":515413000,"GROSS_PROFIT_YOY":4.325745584384,"HOLDER_PROFIT":149257000,"HOLDER_PROFIT_YOY":-34.0772573892,"GROSS_PROFIT_RATIO":16.522628923104,"EPS_TTM":0.066750520171,"OPERATE_INCOME_QOQ":10.752060555387,"NET_PROFIT_RATIO":4.8486313396,"ROE_AVG":4.483098909044,"GROSS_PROFIT_QOQ":12.606398783515,"ROA":1.624346666445,"HOLDER_PROFIT_QOQ":-32.542867731468,"ROE_YEARLY":4.483098909044,"ROIC_YEARLY":1.836395027263,"TOTAL_ASSETS":9204828000,"TOTAL_LIABILITIES":5885543000,"TAX_EBT":27.667226199529,"OCF_SALES":8.571803181151,"TOTAL_PARENT_EQUITY":3320198000,"DEBT_ASSET_RATIO":63.9397390152,"OPERATE_PROFIT":217855000,"PRETAX_PROFIT":209103000,"NETCASH_OPERATE":267392000,"NETCASH_INVEST":-58009000,"NETCASH_FINANCE":-381162000,"END_CASH":976898000,"DIVI_RATIO":0.607807539116,"DIVIDEND_RATE":3.443846153846,"CURRENT_RATIO":1.363179684122,"COMMON_ACS":null,"CURRENTDEBT_DEBT":87.502903300511,"ISSUED_COMMON_SHARES":2181436500,"HK_COMMON_SHARES":552436500,"PER_SHARES":1500,"TOTAL_MARKET_CAP":2835867450,"HKSK_MARKET_CAP":718167450,"PE_TTM":16.529791298185,"PB_TTM":0.780147594687,"REPORT_DATE_SQ":"2022-12-31 00:00:00","REPORT_TYPE_SQ":"2022年年报","OPERATE_INCOME_SQ":2728298000,"DPS_HKD":0.04477,"OPERATE_INCOME_QOQ_SQ":1.614897023731,"NET_PROFIT_RATIO_SQ":8.0649181284,"HOLDER_PROFIT_SQ":226412000,"HOLDER_PROFIT_QOQ_SQ":-11.211328583025,"ROE_AVG_SQ":7.830491299243,"PE_TTM_SQ":19.717921461862,"PB_TTM_SQ":1.291845725245,"ROA_SQ":2.338884791237,"START_DATE":"2023-01-01 00:00:00","FISCAL_YEAR":"12-31","CURRENCY":"HKD","IS_CNY_CODE":0,"DPS_HKD_LY":0.04814,"ORG_TYPE":"一般企业","PREMIUM_INCOME":null,"PREMIUM_INCOME_YOY":null,"NET_INTEREST_INCOME":null,"NET_INTEREST_INCOME_YOY":null,"FEE_COMMISSION_INCOME":null,"FEE_COMMISSION_INCOME_YOY":null,"ACCOUNTS_RECE_TDAYS":3.552780267577,"INVENTORY_TDAYS":33.152219994271,"CURRENT_ASSETS_TDAYS":0.448250455139,"TOTAL_ASSETS_TDAYS":0.339484720458,"PREMIUM_EXPENSE":null,"LOAN_DEPOSIT":null,"LOAN_EQUITY":null,"LOAN_ASSETS":null,"DEPOSIT_EQUITY":null,"DEPOSIT_ASSETS":null,"EQUITY_MULTIPLIER":2.773135780746,"EQUITY_RATIO":1.772648197487},{"SECUCODE":"02418.HK","SECURITY_CODE":"02418","SECURITY_NAME_ABBR":"德银天下","ORG_CODE":"10000138629","STD_REPORT_DATE":"2023-06-30 00:00:00","REPORT_DATE":"2023-06-30 00:00:00","DATE_TYPE_CODE":"002","REPORT_TYPE":"2023年中报","PER_NETCASH_OPERATE":0.083708158499,"PER_OI":0.678914644959,"BPS":1.536270251277,"BASIC_EPS":0.05,"DILUTED_EPS":0.05,"OPERATE_INCOME":1518082000,"OPERATE_INCOME_YOY":6.1755438755,"GROSS_PROFIT":255191000,"GROSS_PROFIT_YOY":-12.462223990725,"HOLDER_PROFIT":109776000,"HOLDER_PROFIT_YOY":-4.4811443886,"GROSS_PROFIT_RATIO":16.810093262419,"EPS_TTM":0.098952502021,"OPERATE_INCOME_QOQ":3.236340018576,"NET_PROFIT_RATIO":7.2406497146,"ROE_AVG":3.281925685801,"GROSS_PROFIT_QOQ":-7.353625805093,"ROA":1.223928961814,"HOLDER_PROFIT_QOQ":-2.27461441973,"ROE_YEARLY":6.563851371602,"ROIC_YEARLY":2.801154006248,"TOTAL_ASSETS":8765643000,"TOTAL_LIABILITIES":5417130000,"TAX_EBT":22.180688004871,"OCF_SALES":12.329702875075,"TOTAL_PARENT_EQUITY":3351276000,"DEBT_ASSET_RATIO":61.7995736308,"OPERATE_PROFIT":148618000,"PRETAX_PROFIT":141249000,"NETCASH_OPERATE":187175000,"NETCASH_INVEST":-14468000,"NETCASH_FINANCE":-202501000,"END_CASH":1119173000,"DIVI_RATIO":0.4100095356,"DIVIDEND_RATE":3.443846153846,"CURRENT_RATIO":1.374007898451,"COMMON_ACS":null,"CURRENTDEBT_DEBT":92.874141842636,"ISSUED_COMMON_SHARES":2181436500,"HK_COMMON_SHARES":552436500,"PER_SHARES":1500,"TOTAL_MARKET_CAP":2835867450,"HKSK_MARKET_CAP":718167450,"PE_TTM":16.529791298185,"PB_TTM":0.780147594687,"REPORT_DATE_SQ":"2022-06-30 00:00:00","REPORT_TYPE_SQ":"2022年中报","OPERATE_INCOME_SQ":1429785000,"DPS_HKD":0.04477,"OPERATE_INCOME_QOQ_SQ":-14.132785391049,"NET_PROFIT_RATIO_SQ":8.2292092867,"HOLDER_PROFIT_SQ":114926000,"HOLDER_PROFIT_QOQ_SQ":-29.69736903774,"ROE_AVG_SQ":4.786040749185,"PE_TTM_SQ":19.717921461862,"PB_TTM_SQ":1.291845725245,"ROA_SQ":1.167450691319,"START_DATE":"2023-01-01 00:00:00","FISCAL_YEAR":"12-31","CURRENCY":"HKD","IS_CNY_CODE":0,"DPS_HKD_LY":0.04814,"ORG_TYPE":"一般企业","PREMIUM_INCOME":null,"PREMIUM_INCOME_YOY":null,"NET_INTEREST_INCOME":null,"NET_INTEREST_INCOME_YOY":null,"FEE_COMMISSION_INCOME":null,"FEE_COMMISSION_INCOME_YOY":null,"ACCOUNTS_RECE_TDAYS":1.723001106043,"INVENTORY_TDAYS":12.262923061237,"CURRENT_ASSETS_TDAYS":0.219842032192,"TOTAL_ASSETS_TDAYS":0.169255987302,"PREMIUM_EXPENSE":null,"LOAN_DEPOSIT":null,"LOAN_EQUITY":null,"LOAN_ASSETS":null,"DEPOSIT_EQUITY":null,"DEPOSIT_ASSETS":null,"EQUITY_MULTIPLIER":2.617771828867,"EQUITY_RATIO":1.616438037333},{"SECUCODE":"02418.HK","SECURITY_CODE":"02418","SECURITY_NAME_ABBR":"德银天下","ORG_CODE":"10000138629","STD_REPORT_DATE":"2022-12-31 00:00:00","REPORT_DATE":"2022-12-31 00:00:00","DATE_TYPE_CODE":"001","REPORT_TYPE":"2022年年报","PER_NETCASH_OPERATE":-0.063828840463,"PER_OI":1.220145860376,"BPS":1.530392931447,"BASIC_EPS":0.12,"DILUTED_EPS":0.12,"OPERATE_INCOME":2728298000,"OPERATE_INCOME_YOY":-12.746118298,"GROSS_PROFIT":494042000,"GROSS_PROFIT_YOY":-32.545613175152,"HOLDER_PROFIT":226412000,"HOLDER_PROFIT_YOY":-37.5792279974,"GROSS_PROFIT_RATIO":18.108065907756,"EPS_TTM":0.10125567828,"OPERATE_INCOME_QOQ":1.614897023731,"NET_PROFIT_RATIO":8.0649181284,"ROE_AVG":7.830491299243,"GROSS_PROFIT_QOQ":-17.028669699733,"ROA":2.338884791237,"HOLDER_PROFIT_QOQ":-11.211328583025,"ROE_YEARLY":7.830491299243,"ROIC_YEARLY":2.516260918871,"TOTAL_ASSETS":9172653000,"TOTAL_LIABILITIES":5837104000,"TAX_EBT":21.07132223964,"OCF_SALES":-5.231246733311,"TOTAL_PARENT_EQUITY":3338455000,"DEBT_ASSET_RATIO":63.6359404417,"OPERATE_PROFIT":274346000,"PRETAX_PROFIT":278777000,"NETCASH_OPERATE":-142724000,"NETCASH_INVEST":-32057000,"NETCASH_FINANCE":1110409000,"END_CASH":1148967000,"DIVI_RATIO":0.400683399581,"DIVIDEND_RATE":3.443846153846,"CURRENT_RATIO":1.502816689372,"COMMON_ACS":null,"CURRENTDEBT_DEBT":78.63425082027,"ISSUED_COMMON_SHARES":2181436500,"HK_COMMON_SHARES":552436500,"PER_SHARES":1500,"TOTAL_MARKET_CAP":2835867450,"HKSK_MARKET_CAP":718167450,"PE_TTM":16.529791298185,"PB_TTM":0.780147594687,"REPORT_DATE_SQ":"2021-12-31 00:00:00","REPORT_TYPE_SQ":"2021年年报","OPERATE_INCOME_SQ":3126850000,"DPS_HKD":0.04477,"OPERATE_INCOME_QOQ_SQ":-6.056986216424,"NET_PROFIT_RATIO_SQ":11.7926027792,"HOLDER_PROFIT_SQ":362719000,"HOLDER_PROFIT_QOQ_SQ":-6.68671583773,"ROE_AVG_SQ":15.797074623876,"PE_TTM_SQ":19.717921461862,"PB_TTM_SQ":1.291845725245,"ROA_SQ":3.365499994827,"START_DATE":"2022-01-01 00:00:00","FISCAL_YEAR":"12-31","CURRENCY":"HKD","IS_CNY_CODE":0,"DPS_HKD_LY":null,"ORG_TYPE":"一般企业","PREMIUM_INCOME":null,"PREMIUM_INCOME_YOY":null,"NET_INTEREST_INCOME":null,"NET_INTEREST_INCOME_YOY":null,"FEE_COMMISSION_INCOME":null,"FEE_COMMISSION_INCOME_YOY":null,"ACCOUNTS_RECE_TDAYS":3.988252896028,"INVENTORY_TDAYS":15.062433848166,"CURRENT_ASSETS_TDAYS":0.375099444458,"TOTAL_ASSETS_TDAYS":0.281839067636,"PREMIUM_EXPENSE":null,"LOAN_DEPOSIT":null,"LOAN_EQUITY":null,"LOAN_ASSETS":null,"DEPOSIT_EQUITY":null,"DEPOSIT_ASSETS":null,"EQUITY_MULTIPLIER":2.749967996276,"EQUITY_RATIO":1.748444714696},{"SECUCODE":"02418.HK","SECURITY_CODE":"02418","SECURITY_NAME_ABBR":"德银天下","ORG_CODE":"10000138629","STD_REPORT_DATE":"2022-06-30 00:00:00","REPORT_DATE":"2022-06-30 00:00:00","DATE_TYPE_CODE":"002","REPORT_TYPE":"2022年中报","PER_NETCASH_OPERATE":0.17971577655,"PER_OI":0.87770718232,"BPS":1.08101931915,"BASIC_EPS":0.05,"DILUTED_EPS":0.05,"OPERATE_INCOME":1429785000,"OPERATE_INCOME_YOY":-23.6101909712,"GROSS_PROFIT":291521000,"GROSS_PROFIT_YOY":-31.965983108242,"HOLDER_PROFIT":114926000,"HOLDER_PROFIT_YOY":-48.3812723451,"GROSS_PROFIT_RATIO":20.38914941757,"EPS_TTM":0.156538367096,"OPERATE_INCOME_QOQ":-14.132785391049,"NET_PROFIT_RATIO":8.2292092867,"ROE_AVG":4.786040749185,"GROSS_PROFIT_QOQ":-18.701572482042,"ROA":1.167450691319,"HOLDER_PROFIT_QOQ":-29.69736903774,"ROE_YEARLY":9.572081498371,"ROIC_YEARLY":2.44747322018,"TOTAL_ASSETS":9500342000,"TOTAL_LIABILITIES":7136006000,"TAX_EBT":21.694685141557,"OCF_SALES":20.475595981214,"TOTAL_PARENT_EQUITY":2358175000,"DEBT_ASSET_RATIO":75.1131485582,"OPERATE_PROFIT":163110000,"PRETAX_PROFIT":150258000,"NETCASH_OPERATE":292757000,"NETCASH_INVEST":-17195000,"NETCASH_FINANCE":191796000,"END_CASH":680697000,"DIVI_RATIO":0.259179076367,"DIVIDEND_RATE":3.443846153846,"CURRENT_RATIO":1.381192355442,"COMMON_ACS":null,"CURRENTDEBT_DEBT":76.879125381901,"ISSUED_COMMON_SHARES":2181436500,"HK_COMMON_SHARES":552436500,"PER_SHARES":1500,"TOTAL_MARKET_CAP":2835867450,"HKSK_MARKET_CAP":718167450,"PE_TTM":16.529791298185,"PB_TTM":0.780147594687,"REPORT_DATE_SQ":"2021-06-30 00:00:00","REPORT_TYPE_SQ":"2021年中报","OPERATE_INCOME_SQ":1871696000,"DPS_HKD":0.04477,"OPERATE_INCOME_QOQ_SQ":0,"NET_PROFIT_RATIO_SQ":12.0100700114,"HOLDER_PROFIT_SQ":222644000,"HOLDER_PROFIT_QOQ_SQ":0,"ROE_AVG_SQ":null,"PE_TTM_SQ":19.717921461862,"PB_TTM_SQ":1.291845725245,"ROA_SQ":null,"START_DATE":"2022-01-01 00:00:00","FISCAL_YEAR":"12-31","CURRENCY":"HKD","IS_CNY_CODE":0,"DPS_HKD_LY":null,"ORG_TYPE":"一般企业","PREMIUM_INCOME":null,"PREMIUM_INCOME_YOY":null,"NET_INTEREST_INCOME":null,"NET_INTEREST_INCOME_YOY":null,"FEE_COMMISSION_INCOME":null,"FEE_COMMISSION_INCOME_YOY":null,"ACCOUNTS_RECE_TDAYS":2.241087984551,"INVENTORY_TDAYS":6.994328411402,"CURRENT_ASSETS_TDAYS":0.187801570283,"TOTAL_ASSETS_TDAYS":0.145241589082,"PREMIUM_EXPENSE":null,"LOAN_DEPOSIT":null,"LOAN_EQUITY":null,"LOAN_ASSETS":null,"DEPOSIT_EQUITY":null,"DEPOSIT_ASSETS":null,"EQUITY_MULTIPLIER":4.018186078454,"EQUITY_RATIO":3.026071432358},{"SECUCODE":"02418.HK","SECURITY_CODE":"02418","SECURITY_NAME_ABBR":"德银天下","ORG_CODE":"10000138629","STD_REPORT_DATE":"2021-12-31 00:00:00","REPORT_DATE":"2021-12-31 00:00:00","DATE_TYPE_CODE":"001","REPORT_TYPE":"2021年年报","PER_NETCASH_OPERATE":-0.288983425414,"PER_OI":1.91949048496,"BPS":1.120534565182,"BASIC_EPS":0.22,"DILUTED_EPS":0.22,"OPERATE_INCOME":3126850000,"OPERATE_INCOME_YOY":-4.1335535475,"GROSS_PROFIT":732409000,"GROSS_PROFIT_YOY":12.089407191448,"HOLDER_PROFIT":362719000,"HOLDER_PROFIT_YOY":32.3820959583,"GROSS_PROFIT_RATIO":23.4232214529,"EPS_TTM":0.222663597299,"OPERATE_INCOME_QOQ":-6.056986216424,"NET_PROFIT_RATIO":11.7926027792,"ROE_AVG":15.797074623876,"GROSS_PROFIT_QOQ":-10.247404816729,"ROA":3.365499994827,"HOLDER_PROFIT_QOQ":-6.68671583773,"ROE_YEARLY":15.797074623876,"ROIC_YEARLY":3.431855478294,"TOTAL_ASSETS":10188027000,"TOTAL_LIABILITIES":7738280000,"TAX_EBT":17.062083608866,"OCF_SALES":-15.055215312535,"TOTAL_PARENT_EQUITY":2444375000,"DEBT_ASSET_RATIO":75.9546475485,"OPERATE_PROFIT":433942000,"PRETAX_PROFIT":444594000,"NETCASH_OPERATE":-470754000,"NETCASH_INVEST":-19347000,"NETCASH_FINANCE":506525000,"END_CASH":213339000,"DIVI_RATIO":0.18220970959,"DIVIDEND_RATE":3.443846153846,"CURRENT_RATIO":1.244740132643,"COMMON_ACS":null,"CURRENTDEBT_DEBT":79.413151242912,"ISSUED_COMMON_SHARES":2181436500,"HK_COMMON_SHARES":552436500,"PER_SHARES":1500,"TOTAL_MARKET_CAP":2835867450,"HKSK_MARKET_CAP":718167450,"PE_TTM":16.529791298185,"PB_TTM":0.780147594687,"REPORT_DATE_SQ":"2020-12-31 00:00:00","REPORT_TYPE_SQ":"2020年年报","OPERATE_INCOME_SQ":3261673000,"DPS_HKD":0.04477,"OPERATE_INCOME_QOQ_SQ":12.78139826302,"NET_PROFIT_RATIO_SQ":9.7507322163,"HOLDER_PROFIT_SQ":273994000,"HOLDER_PROFIT_QOQ_SQ":32.04975589538,"ROE_AVG_SQ":14.480151188773,"PE_TTM_SQ":19.717921461862,"PB_TTM_SQ":1.291845725245,"ROA_SQ":2.686364226414,"START_DATE":"2021-01-01 00:00:00","FISCAL_YEAR":"12-31","CURRENCY":"HKD","IS_CNY_CODE":0,"DPS_HKD_LY":null,"ORG_TYPE":"一般企业","PREMIUM_INCOME":null,"PREMIUM_INCOME_YOY":null,"NET_INTEREST_INCOME":null,"NET_INTEREST_INCOME_YOY":null,"FEE_COMMISSION_INCOME":null,"FEE_COMMISSION_INCOME_YOY":null,"ACCOUNTS_RECE_TDAYS":6.082442742152,"INVENTORY_TDAYS":18.066889505931,"CURRENT_ASSETS_TDAYS":0.401612486625,"TOTAL_ASSETS_TDAYS":0.290125790456,"PREMIUM_EXPENSE":null,"LOAN_DEPOSIT":null,"LOAN_EQUITY":null,"LOAN_ASSETS":null,"DEPOSIT_EQUITY":null,"DEPOSIT_ASSETS":null,"EQUITY_MULTIPLIER":4.158807827904,"EQUITY_RATIO":3.165749936078},{"SECUCODE":"02418.HK","SECURITY_CODE":"02418","SECURITY_NAME_ABBR":"德银天下","ORG_CODE":"10000138629","STD_REPORT_DATE":"2021-09-30 00:00:00","REPORT_DATE":"2021-09-30 00:00:00","DATE_TYPE_CODE":"004","REPORT_TYPE":"2021年三季报","PER_NETCASH_OPERATE":-0.153453038674,"PER_OI":1.455475751995,"BPS":1.105466512548,"BASIC_EPS":0.2,"DILUTED_EPS":0.2,"OPERATE_INCOME":2370970000,"OPERATE_INCOME_YOY":2.8982431563,"GROSS_PROFIT":617991000,"GROSS_PROFIT_YOY":35.71034861378,"HOLDER_PROFIT":331640000,"HOLDER_PROFIT_YOY":52.8837421574,"GROSS_PROFIT_RATIO":26.064901706896,"EPS_TTM":0.238619398404,"OPERATE_INCOME_QOQ":2.047446203221,"NET_PROFIT_RATIO":14.0523077053,"ROE_AVG":14.547655811342,"GROSS_PROFIT_QOQ":24.887093194983,"ROA":2.855517602819,"HOLDER_PROFIT_QOQ":41.868435075221,"ROE_YEARLY":19.396874415123,"ROIC_YEARLY":2.996112434802,"TOTAL_ASSETS":11860907000,"TOTAL_LIABILITIES":9448512000,"TAX_EBT":18.760743885282,"OCF_SALES":-10.543153224208,"TOTAL_PARENT_EQUITY":2411505000,"DEBT_ASSET_RATIO":79.6609567885,"OPERATE_PROFIT":null,"PRETAX_PROFIT":410117000,"NETCASH_OPERATE":-249975000,"NETCASH_INVEST":-3114000,"NETCASH_FINANCE":947215000,"END_CASH":891041000,"DIVI_RATIO":0.170025864081,"DIVIDEND_RATE":3.443846153846,"CURRENT_RATIO":1.191595633724,"COMMON_ACS":null,"CURRENTDEBT_DEBT":77.333034026945,"ISSUED_COMMON_SHARES":2181436500,"HK_COMMON_SHARES":552436500,"PER_SHARES":1500,"TOTAL_MARKET_CAP":2835867450,"HKSK_MARKET_CAP":718167450,"PE_TTM":16.529791298185,"PB_TTM":0.780147594687,"REPORT_DATE_SQ":"2020-09-30 00:00:00","REPORT_TYPE_SQ":"2020年三季报","OPERATE_INCOME_SQ":2304189000,"DPS_HKD":0.04477,"OPERATE_INCOME_QOQ_SQ":0,"NET_PROFIT_RATIO_SQ":11.0582074648,"HOLDER_PROFIT_SQ":216923000,"HOLDER_PROFIT_QOQ_SQ":0,"ROE_AVG_SQ":null,"PE_TTM_SQ":19.717921461862,"PB_TTM_SQ":1.291845725245,"ROA_SQ":null,"START_DATE":"2021-01-01 00:00:00","FISCAL_YEAR":"12-31","CURRENCY":"HKD","IS_CNY_CODE":0,"DPS_HKD_LY":null,"ORG_TYPE":"一般企业","PREMIUM_INCOME":null,"PREMIUM_INCOME_YOY":null,"NET_INTEREST_INCOME":null,"NET_INTEREST_INCOME_YOY":null,"FEE_COMMISSION_INCOME":null,"FEE_COMMISSION_INCOME_YOY":null,"ACCOUNTS_RECE_TDAYS":4.097055301442,"INVENTORY_TDAYS":13.505595297254,"CURRENT_ASSETS_TDAYS":0.285159800354,"TOTAL_ASSETS_TDAYS":0.204147466251,"PREMIUM_EXPENSE":null,"LOAN_DEPOSIT":null,"LOAN_EQUITY":null,"LOAN_ASSETS":null,"DEPOSIT_EQUITY":null,"DEPOSIT_ASSETS":null,"EQUITY_MULTIPLIER":4.916652123707,"EQUITY_RATIO":3.918097619536},{"SECUCODE":"02418.HK","SECURITY_CODE":"02418","SECURITY_NAME_ABBR":"德银天下","ORG_CODE":"10000138629","STD_REPORT_DATE":"2021-06-30 00:00:00","REPORT_DATE":"2021-06-30 00:00:00","DATE_TYPE_CODE":"002","REPORT_TYPE":"2021年中报","PER_NETCASH_OPERATE":null,"PER_OI":null,"BPS":null,"BASIC_EPS":0.1,"DILUTED_EPS":0.1,"OPERATE_INCOME":1871696000,"OPERATE_INCOME_YOY":null,"GROSS_PROFIT":428493000,"GROSS_PROFIT_YOY":null,"HOLDER_PROFIT":222644000,"HOLDER_PROFIT_YOY":null,"GROSS_PROFIT_RATIO":22.893301048888,"EPS_TTM":0.168197667281,"OPERATE_INCOME_QOQ":0,"NET_PROFIT_RATIO":12.0100700114,"ROE_AVG":null,"GROSS_PROFIT_QOQ":0,"ROA":null,"HOLDER_PROFIT_QOQ":0,"ROE_YEARLY":null,"ROIC_YEARLY":null,"TOTAL_ASSETS":null,"TOTAL_LIABILITIES":null,"TAX_EBT":18.235452449023,"OCF_SALES":1.79024798899,"TOTAL_PARENT_EQUITY":null,"DEBT_ASSET_RATIO":null,"OPERATE_PROFIT":269533000,"PRETAX_PROFIT":274926000,"NETCASH_OPERATE":33508000,"NETCASH_INVEST":-3762000,"NETCASH_FINANCE":257021000,"END_CASH":483682000,"DIVI_RATIO":0.241213032594,"DIVIDEND_RATE":3.443846153846,"CURRENT_RATIO":null,"COMMON_ACS":null,"CURRENTDEBT_DEBT":null,"ISSUED_COMMON_SHARES":2181436500,"HK_COMMON_SHARES":552436500,"PER_SHARES":1500,"TOTAL_MARKET_CAP":2835867450,"HKSK_MARKET_CAP":718167450,"PE_TTM":16.529791298185,"PB_TTM":0.780147594687,"REPORT_DATE_SQ":"2020-06-30 00:00:00","REPORT_TYPE_SQ":"2020年中报","OPERATE_INCOME_SQ":null,"DPS_HKD":0.04477,"OPERATE_INCOME_QOQ_SQ":0,"NET_PROFIT_RATIO_SQ":null,"HOLDER_PROFIT_SQ":null,"HOLDER_PROFIT_QOQ_SQ":0,"ROE_AVG_SQ":null,"PE_TTM_SQ":19.717921461862,"PB_TTM_SQ":1.291845725245,"ROA_SQ":null,"START_DATE":"2021-01-01 00:00:00","FISCAL_YEAR":"12-31","CURRENCY":"HKD","IS_CNY_CODE":0,"DPS_HKD_LY":null,"ORG_TYPE":"一般企业","PREMIUM_INCOME":null,"PREMIUM_INCOME_YOY":null,"NET_INTEREST_INCOME":null,"NET_INTEREST_INCOME_YOY":null,"FEE_COMMISSION_INCOME":null,"FEE_COMMISSION_INCOME_YOY":null,"ACCOUNTS_RECE_TDAYS":null,"INVENTORY_TDAYS":null,"CURRENT_ASSETS_TDAYS":0.472514120293,"TOTAL_ASSETS_TDAYS":0.32931794601,"PREMIUM_EXPENSE":null,"LOAN_DEPOSIT":null,"LOAN_EQUITY":null,"LOAN_ASSETS":null,"DEPOSIT_EQUITY":null,"DEPOSIT_ASSETS":null,"EQUITY_MULTIPLIER":null,"EQUITY_RATIO":null},{"SECUCODE":"02418.HK","SECURITY_CODE":"02418","SECURITY_NAME_ABBR":"德银天下","ORG_CODE":"10000138629","STD_REPORT_DATE":"2020-12-31 00:00:00","REPORT_DATE":"2020-12-31 00:00:00","DATE_TYPE_CODE":"001","REPORT_TYPE":"2020年年报","PER_NETCASH_OPERATE":-0.433314917127,"PER_OI":2.00225475752,"BPS":0.984605786141,"BASIC_EPS":0.23,"DILUTED_EPS":0.23,"OPERATE_INCOME":3261673000,"OPERATE_INCOME_YOY":12.781398263,"GROSS_PROFIT":653415000,"GROSS_PROFIT_YOY":37.761168855812,"HOLDER_PROFIT":273994000,"HOLDER_PROFIT_YOY":32.0497558954,"GROSS_PROFIT_RATIO":20.033124105329,"EPS_TTM":0.168197667281,"OPERATE_INCOME_QOQ":12.78139826302,"NET_PROFIT_RATIO":9.7507322163,"ROE_AVG":14.480151188773,"GROSS_PROFIT_QOQ":37.761168855812,"ROA":2.686364226414,"HOLDER_PROFIT_QOQ":32.04975589538,"ROE_YEARLY":14.480151188773,"ROIC_YEARLY":2.822509262591,"TOTAL_ASSETS":11367106000,"TOTAL_LIABILITIES":9218105000,"TAX_EBT":20.456347370238,"OCF_SALES":-21.641347860439,"TOTAL_PARENT_EQUITY":2147855000,"DEBT_ASSET_RATIO":81.0945635591,"OPERATE_PROFIT":null,"PRETAX_PROFIT":399827000,"NETCASH_OPERATE":-705870000,"NETCASH_INVEST":-14500000,"NETCASH_FINANCE":187142000,"END_CASH":196915000,"DIVI_RATIO":0.241213032594,"DIVIDEND_RATE":3.443846153846,"CURRENT_RATIO":1.051254294037,"COMMON_ACS":null,"CURRENTDEBT_DEBT":81.752507700878,"ISSUED_COMMON_SHARES":2181436500,"HK_COMMON_SHARES":552436500,"PER_SHARES":1500,"TOTAL_MARKET_CAP":2835867450,"HKSK_MARKET_CAP":718167450,"PE_TTM":16.529791298185,"PB_TTM":0.780147594687,"REPORT_DATE_SQ":"2019-12-31 00:00:00","REPORT_TYPE_SQ":"2019年年报","OPERATE_INCOME_SQ":2892031000,"DPS_HKD":0.04477,"OPERATE_INCOME_QOQ_SQ":25.94566016898,"NET_PROFIT_RATIO_SQ":8.3382923627,"HOLDER_PROFIT_SQ":207493000,"HOLDER_PROFIT_QOQ_SQ":40.635082011658,"ROE_AVG_SQ":13.288111670013,"PE_TTM_SQ":19.717921461862,"PB_TTM_SQ":1.291845725245,"ROA_SQ":2.578361055171,"START_DATE":"2020-01-01 00:00:00","FISCAL_YEAR":"12-31","CURRENCY":"HKD","IS_CNY_CODE":0,"DPS_HKD_LY":null,"ORG_TYPE":"一般企业","PREMIUM_INCOME":null,"PREMIUM_INCOME_YOY":null,"NET_INTEREST_INCOME":null,"NET_INTEREST_INCOME_YOY":null,"FEE_COMMISSION_INCOME":null,"FEE_COMMISSION_INCOME_YOY":null,"ACCOUNTS_RECE_TDAYS":5.930950774719,"INVENTORY_TDAYS":30.440254655159,"CURRENT_ASSETS_TDAYS":0.450304869841,"TOTAL_ASSETS_TDAYS":0.319789545226,"PREMIUM_EXPENSE":null,"LOAN_DEPOSIT":null,"LOAN_EQUITY":null,"LOAN_ASSETS":null,"DEPOSIT_EQUITY":null,"DEPOSIT_ASSETS":null,"EQUITY_MULTIPLIER":5.289483811316,"EQUITY_RATIO":4.291772489297}],"count":12},"success":true,"message":"ok","code":0}