{"version":"208939c245e6f8f8ded01514bd748f31","result":{"pages":1,"data":[{"SECUCODE":"02425.HK","SECURITY_CODE":"02425","SECURITY_NAME_ABBR":"澳亚集团","ORG_CODE":"10000437258","STD_REPORT_DATE":"2024-06-30 00:00:00","REPORT_DATE":"2024-06-30 00:00:00","DATE_TYPE_CODE":"002","REPORT_TYPE":"2024年中报","PER_NETCASH_OPERATE":1.013415250338,"PER_OI":2.609652055453,"BPS":6.341344638859,"BASIC_EPS":-0.91,"DILUTED_EPS":-0.91,"OPERATE_INCOME":1827965000,"OPERATE_INCOME_YOY":-0.9560524705,"GROSS_PROFIT":219034000,"GROSS_PROFIT_YOY":-29.901941958857,"HOLDER_PROFIT":-636013000,"HOLDER_PROFIT_YOY":-104.8489591889,"GROSS_PROFIT_RATIO":11.982395724207,"EPS_TTM":-1.162552297258,"OPERATE_INCOME_QOQ":-0.449627455177,"NET_PROFIT_RATIO":-34.7934998755,"ROE_AVG":-13.365065609363,"GROSS_PROFIT_QOQ":-13.188286739444,"ROA":-5.975306797783,"HOLDER_PROFIT_QOQ":-66.599835103347,"ROE_YEARLY":-26.730131218726,"ROIC_YEARLY":-12.167152210928,"TOTAL_ASSETS":10110681000,"TOTAL_LIABILITIES":5668803000,"TAX_EBT":-1.22067087562,"OCF_SALES":38.833347465624,"TOTAL_PARENT_EQUITY":4441878000,"DEBT_ASSET_RATIO":56.0674696393,"OPERATE_PROFIT":-484406000,"PRETAX_PROFIT":-628343000,"NETCASH_OPERATE":709860000,"NETCASH_INVEST":-378163000,"NETCASH_FINANCE":-500875000,"END_CASH":104864000,"DIVI_RATIO":null,"DIVIDEND_RATE":null,"CURRENT_RATIO":0.666857387931,"COMMON_ACS":null,"CURRENTDEBT_DEBT":54.416796632376,"ISSUED_COMMON_SHARES":700463112,"HK_COMMON_SHARES":700463112,"PER_SHARES":1000,"TOTAL_MARKET_CAP":840555734.4,"HKSK_MARKET_CAP":840555734.4,"PE_TTM":-0.934486482612,"PB_TTM":0.172710373331,"REPORT_DATE_SQ":"2023-06-30 00:00:00","REPORT_TYPE_SQ":"2023年中报","OPERATE_INCOME_SQ":1845610000,"DPS_HKD":null,"OPERATE_INCOME_QOQ_SQ":0.895682843382,"NET_PROFIT_RATIO_SQ":-16.8225681482,"HOLDER_PROFIT_SQ":-310479000,"HOLDER_PROFIT_QOQ_SQ":-309.720405786116,"ROE_AVG_SQ":-5.728995744295,"PE_TTM_SQ":-2.387659218985,"PB_TTM_SQ":0.159458117303,"ROA_SQ":-5.064884250595,"START_DATE":"2024-01-01 00:00:00","FISCAL_YEAR":"12-31","CURRENCY":"HKD","IS_CNY_CODE":0,"DPS_HKD_LY":null,"ORG_TYPE":"一般企业","PREMIUM_INCOME":null,"PREMIUM_INCOME_YOY":null,"NET_INTEREST_INCOME":null,"NET_INTEREST_INCOME_YOY":null,"FEE_COMMISSION_INCOME":null,"FEE_COMMISSION_INCOME_YOY":null,"ACCOUNTS_RECE_TDAYS":5.444520229699,"INVENTORY_TDAYS":1.46539417515,"CURRENT_ASSETS_TDAYS":0.761670014315,"TOTAL_ASSETS_TDAYS":0.171736296123,"PREMIUM_EXPENSE":null,"LOAN_DEPOSIT":null,"LOAN_EQUITY":null,"LOAN_ASSETS":null,"DEPOSIT_EQUITY":null,"DEPOSIT_ASSETS":null,"EQUITY_MULTIPLIER":2.276217626869,"EQUITY_RATIO":1.276217626869},{"SECUCODE":"02425.HK","SECURITY_CODE":"02425","SECURITY_NAME_ABBR":"澳亚集团","ORG_CODE":"10000437258","STD_REPORT_DATE":"2023-12-31 00:00:00","REPORT_DATE":"2023-12-31 00:00:00","DATE_TYPE_CODE":"001","REPORT_TYPE":"2023年年报","PER_NETCASH_OPERATE":0.262626249475,"PER_OI":5.602522006898,"BPS":7.246157453613,"BASIC_EPS":-0.7,"DILUTED_EPS":-0.7,"OPERATE_INCOME":3924360000,"OPERATE_INCOME_YOY":3.193471324,"GROSS_PROFIT":708462000,"GROSS_PROFIT_YOY":-19.765660125641,"HOLDER_PROFIT":-488791000,"HOLDER_PROFIT_YOY":-409.2067890106,"GROSS_PROFIT_RATIO":18.052930923769,"EPS_TTM":-0.697811193232,"OPERATE_INCOME_QOQ":-0.76684653901,"NET_PROFIT_RATIO":-12.455304814,"ROE_AVG":-9.179633121545,"GROSS_PROFIT_QOQ":-9.106768387505,"ROA":-7.685692171197,"HOLDER_PROFIT_QOQ":-43.048018818171,"ROE_YEARLY":-9.179633121545,"ROIC_YEARLY":-7.891128193802,"TOTAL_ASSETS":11177364000,"TOTAL_LIABILITIES":6101698000,"TAX_EBT":-4.008928590428,"OCF_SALES":4.687643335474,"TOTAL_PARENT_EQUITY":5075666000,"DEBT_ASSET_RATIO":54.5897762657,"OPERATE_PROFIT":-201003000,"PRETAX_PROFIT":-469951000,"NETCASH_OPERATE":183960000,"NETCASH_INVEST":-1220102000,"NETCASH_FINANCE":910754000,"END_CASH":273999000,"DIVI_RATIO":null,"DIVIDEND_RATE":null,"CURRENT_RATIO":0.84324438327,"COMMON_ACS":null,"CURRENTDEBT_DEBT":53.307276105766,"ISSUED_COMMON_SHARES":700463112,"HK_COMMON_SHARES":700463112,"PER_SHARES":1000,"TOTAL_MARKET_CAP":707467743.12,"HKSK_MARKET_CAP":707467743.12,"PE_TTM":-0.786526122865,"PB_TTM":0.145364564221,"REPORT_DATE_SQ":"2022-12-31 00:00:00","REPORT_TYPE_SQ":"2022年年报","OPERATE_INCOME_SQ":3802915000,"DPS_HKD":null,"OPERATE_INCOME_QOQ_SQ":7.758389613521,"NET_PROFIT_RATIO_SQ":4.1568198214,"HOLDER_PROFIT_SQ":158079000,"HOLDER_PROFIT_QOQ_SQ":-53.437374033969,"ROE_AVG_SQ":2.949140747912,"PE_TTM_SQ":-3.746788312868,"PB_TTM_SQ":0.250226584075,"ROA_SQ":1.603769963145,"START_DATE":"2023-01-01 00:00:00","FISCAL_YEAR":"12-31","CURRENCY":"HKD","IS_CNY_CODE":0,"DPS_HKD_LY":null,"ORG_TYPE":"一般企业","PREMIUM_INCOME":null,"PREMIUM_INCOME_YOY":null,"NET_INTEREST_INCOME":null,"NET_INTEREST_INCOME_YOY":null,"FEE_COMMISSION_INCOME":null,"FEE_COMMISSION_INCOME_YOY":null,"ACCOUNTS_RECE_TDAYS":10.931212657205,"INVENTORY_TDAYS":4.29090768385,"CURRENT_ASSETS_TDAYS":2.519324120412,"TOTAL_ASSETS_TDAYS":0.617061748865,"PREMIUM_EXPENSE":null,"LOAN_DEPOSIT":null,"LOAN_EQUITY":null,"LOAN_ASSETS":null,"DEPOSIT_EQUITY":null,"DEPOSIT_ASSETS":null,"EQUITY_MULTIPLIER":2.20214726501,"EQUITY_RATIO":1.202147265009},{"SECUCODE":"02425.HK","SECURITY_CODE":"02425","SECURITY_NAME_ABBR":"澳亚集团","ORG_CODE":"10000437258","STD_REPORT_DATE":"2023-06-30 00:00:00","REPORT_DATE":"2023-06-30 00:00:00","DATE_TYPE_CODE":"002","REPORT_TYPE":"2023年中报","PER_NETCASH_OPERATE":0.315733971156,"PER_OI":2.634842532579,"BPS":7.516544283063,"BASIC_EPS":-0.44,"DILUTED_EPS":-0.44,"OPERATE_INCOME":1845610000,"OPERATE_INCOME_YOY":1.9390743898,"GROSS_PROFIT":312468000,"GROSS_PROFIT_YOY":-29.482813483816,"HOLDER_PROFIT":-310479000,"HOLDER_PROFIT_YOY":-259.9187217999,"GROSS_PROFIT_RATIO":16.930337395224,"EPS_TTM":-0.487816048763,"OPERATE_INCOME_QOQ":0.895682843382,"NET_PROFIT_RATIO":-16.8225681482,"ROE_AVG":-5.728995744295,"GROSS_PROFIT_QOQ":-14.35481023907,"ROA":-5.064884250595,"HOLDER_PROFIT_QOQ":-309.720405786116,"ROE_YEARLY":-11.457991488591,"ROIC_YEARLY":-10.44429433844,"TOTAL_ASSETS":10717922000,"TOTAL_LIABILITIES":5452860000,"TAX_EBT":-2.272884488057,"OCF_SALES":11.983030000921,"TOTAL_PARENT_EQUITY":5265062000,"DEBT_ASSET_RATIO":50.8760933323,"OPERATE_PROFIT":-177737000,"PRETAX_PROFIT":-303579000,"NETCASH_OPERATE":221160000,"NETCASH_INVEST":-668775000,"NETCASH_FINANCE":358504000,"END_CASH":312069000,"DIVI_RATIO":null,"DIVIDEND_RATE":null,"CURRENT_RATIO":0.924171161784,"COMMON_ACS":null,"CURRENTDEBT_DEBT":44.598577627154,"ISSUED_COMMON_SHARES":700463112,"HK_COMMON_SHARES":700463112,"PER_SHARES":1000,"TOTAL_MARKET_CAP":714472374.24,"HKSK_MARKET_CAP":714472374.24,"PE_TTM":-0.79431351022,"PB_TTM":0.146803817332,"REPORT_DATE_SQ":"2022-06-30 00:00:00","REPORT_TYPE_SQ":"2022年中报","OPERATE_INCOME_SQ":1810503000,"DPS_HKD":null,"OPERATE_INCOME_QOQ_SQ":9.308950890097,"NET_PROFIT_RATIO_SQ":10.7233076168,"HOLDER_PROFIT_SQ":194148000,"HOLDER_PROFIT_QOQ_SQ":-47.516847831245,"ROE_AVG_SQ":3.811961783301,"PE_TTM_SQ":-3.710055094114,"PB_TTM_SQ":0.24777338227,"ROA_SQ":2.161480138024,"START_DATE":"2023-01-01 00:00:00","FISCAL_YEAR":"12-31","CURRENCY":"HKD","IS_CNY_CODE":0,"DPS_HKD_LY":null,"ORG_TYPE":"一般企业","PREMIUM_INCOME":null,"PREMIUM_INCOME_YOY":null,"NET_INTEREST_INCOME":null,"NET_INTEREST_INCOME_YOY":null,"FEE_COMMISSION_INCOME":null,"FEE_COMMISSION_INCOME_YOY":null,"ACCOUNTS_RECE_TDAYS":5.601533311279,"INVENTORY_TDAYS":2.99474844392,"CURRENT_ASSETS_TDAYS":1.408798608002,"TOTAL_ASSETS_TDAYS":0.301076756294,"PREMIUM_EXPENSE":null,"LOAN_DEPOSIT":null,"LOAN_EQUITY":null,"LOAN_ASSETS":null,"DEPOSIT_EQUITY":null,"DEPOSIT_ASSETS":null,"EQUITY_MULTIPLIER":2.035668715773,"EQUITY_RATIO":1.035668715772},{"SECUCODE":"02425.HK","SECURITY_CODE":"02425","SECURITY_NAME_ABBR":"澳亚集团","ORG_CODE":"10000437258","STD_REPORT_DATE":"2022-12-31 00:00:00","REPORT_DATE":"2022-12-31 00:00:00","DATE_TYPE_CODE":"001","REPORT_TYPE":"2022年年报","PER_NETCASH_OPERATE":1.599697182187,"PER_OI":5.433844901758,"BPS":7.957303022689,"BASIC_EPS":0.25,"DILUTED_EPS":0.25,"OPERATE_INCOME":3802915000,"OPERATE_INCOME_YOY":7.8297290203,"GROSS_PROFIT":882991000,"GROSS_PROFIT_YOY":-21.2646122094,"HOLDER_PROFIT":158079000,"HOLDER_PROFIT_YOY":-77.6288107715,"GROSS_PROFIT_RATIO":23.218950009417,"EPS_TTM":0.232804453375,"OPERATE_INCOME_QOQ":7.758389613521,"NET_PROFIT_RATIO":4.1568198214,"ROE_AVG":2.949140747912,"GROSS_PROFIT_QOQ":-13.971091713853,"ROA":1.603769963145,"HOLDER_PROFIT_QOQ":-53.437374033969,"ROE_YEARLY":2.949140747912,"ROIC_YEARLY":1.648571769847,"TOTAL_ASSETS":10740386000,"TOTAL_LIABILITIES":5166585000,"TAX_EBT":8.052976896768,"OCF_SALES":28.563254949484,"TOTAL_PARENT_EQUITY":5573801000,"DEBT_ASSET_RATIO":48.1043562165,"OPERATE_PROFIT":391721000,"PRETAX_PROFIT":171924000,"NETCASH_OPERATE":1002731000,"NETCASH_INVEST":-1043265000,"NETCASH_FINANCE":296538000,"END_CASH":397946000,"DIVI_RATIO":null,"DIVIDEND_RATE":null,"CURRENT_RATIO":1.04294318837,"COMMON_ACS":null,"CURRENTDEBT_DEBT":48.16223869345,"ISSUED_COMMON_SHARES":700463112,"HK_COMMON_SHARES":700463112,"PER_SHARES":1000,"TOTAL_MARKET_CAP":707467743.12,"HKSK_MARKET_CAP":707467743.12,"PE_TTM":-0.786526122865,"PB_TTM":0.145364564221,"REPORT_DATE_SQ":"2021-12-31 00:00:00","REPORT_TYPE_SQ":"2021年年报","OPERATE_INCOME_SQ":3327611719.7,"DPS_HKD":null,"OPERATE_INCOME_QOQ_SQ":25.987327690223,"NET_PROFIT_RATIO_SQ":20.0359824571,"HOLDER_PROFIT_SQ":666719700.4,"HOLDER_PROFIT_QOQ_SQ":6.616058450393,"ROE_AVG_SQ":14.545495009601,"PE_TTM_SQ":-3.746788312868,"PB_TTM_SQ":0.250226584075,"ROA_SQ":8.897192890209,"START_DATE":"2022-01-01 00:00:00","FISCAL_YEAR":"12-31","CURRENCY":"HKD","IS_CNY_CODE":0,"DPS_HKD_LY":null,"ORG_TYPE":"一般企业","PREMIUM_INCOME":null,"PREMIUM_INCOME_YOY":null,"NET_INTEREST_INCOME":null,"NET_INTEREST_INCOME_YOY":null,"FEE_COMMISSION_INCOME":null,"FEE_COMMISSION_INCOME_YOY":null,"ACCOUNTS_RECE_TDAYS":19.131227660661,"INVENTORY_TDAYS":2.483986215182,"CURRENT_ASSETS_TDAYS":1.677239578832,"TOTAL_ASSETS_TDAYS":0.38581656941,"PREMIUM_EXPENSE":null,"LOAN_DEPOSIT":null,"LOAN_EQUITY":null,"LOAN_ASSETS":null,"DEPOSIT_EQUITY":null,"DEPOSIT_ASSETS":null,"EQUITY_MULTIPLIER":1.926944011277,"EQUITY_RATIO":0.926941058714},{"SECUCODE":"02425.HK","SECURITY_CODE":"02425","SECURITY_NAME_ABBR":"澳亚集团","ORG_CODE":"10000437258","STD_REPORT_DATE":"2022-06-30 00:00:00","REPORT_DATE":"2022-06-30 00:00:00","DATE_TYPE_CODE":"002","REPORT_TYPE":"2022年中报","PER_NETCASH_OPERATE":null,"PER_OI":5.868691288873,"BPS":7.468787486128,"BASIC_EPS":0.31,"DILUTED_EPS":0.31,"OPERATE_INCOME":1810503000,"OPERATE_INCOME_YOY":15.3939610061,"GROSS_PROFIT":443109000,"GROSS_PROFIT_YOY":-14.900793196496,"HOLDER_PROFIT":194148000,"HOLDER_PROFIT_YOY":-62.7175393226,"GROSS_PROFIT_RATIO":24.474381133418,"EPS_TTM":1.134240669104,"OPERATE_INCOME_QOQ":9.308950890097,"NET_PROFIT_RATIO":10.7233076168,"ROE_AVG":3.811961783301,"GROSS_PROFIT_QOQ":-5.669676805823,"ROA":2.161480138024,"HOLDER_PROFIT_QOQ":-47.516847831245,"ROE_YEARLY":7.623923566602,"ROIC_YEARLY":4.434247810885,"TOTAL_ASSETS":9302141339.4,"TOTAL_LIABILITIES":4070531214,"TAX_EBT":3.427212765746,"OCF_SALES":35.80784143217,"TOTAL_PARENT_EQUITY":5231610125.4,"DEBT_ASSET_RATIO":43.7590772434,"OPERATE_PROFIT":294806000,"PRETAX_PROFIT":201038000,"NETCASH_OPERATE":648227000,"NETCASH_INVEST":-481261000,"NETCASH_FINANCE":7918000,"END_CASH":316478000,"DIVI_RATIO":null,"DIVIDEND_RATE":null,"CURRENT_RATIO":1.146868026364,"COMMON_ACS":null,"CURRENTDEBT_DEBT":41.30138002671,"ISSUED_COMMON_SHARES":700463112,"HK_COMMON_SHARES":700463112,"PER_SHARES":1000,"TOTAL_MARKET_CAP":707467743.12,"HKSK_MARKET_CAP":707467743.12,"PE_TTM":-0.786526122865,"PB_TTM":0.145364564221,"REPORT_DATE_SQ":"2021-06-30 00:00:00","REPORT_TYPE_SQ":"2021年中报","OPERATE_INCOME_SQ":1557956476.6,"DPS_HKD":null,"OPERATE_INCOME_QOQ_SQ":0,"NET_PROFIT_RATIO_SQ":33.1900019074,"HOLDER_PROFIT_SQ":517085784.3,"HOLDER_PROFIT_QOQ_SQ":0,"ROE_AVG_SQ":null,"PE_TTM_SQ":-3.746788312868,"PB_TTM_SQ":0.250226584075,"ROA_SQ":null,"START_DATE":"2022-01-01 00:00:00","FISCAL_YEAR":"12-31","CURRENCY":"HKD","IS_CNY_CODE":0,"DPS_HKD_LY":null,"ORG_TYPE":"一般企业","PREMIUM_INCOME":null,"PREMIUM_INCOME_YOY":null,"NET_INTEREST_INCOME":null,"NET_INTEREST_INCOME_YOY":null,"FEE_COMMISSION_INCOME":null,"FEE_COMMISSION_INCOME_YOY":null,"ACCOUNTS_RECE_TDAYS":41.207265030214,"INVENTORY_TDAYS":1.55761741547,"CURRENT_ASSETS_TDAYS":0.950213745254,"TOTAL_ASSETS_TDAYS":0.201568416692,"PREMIUM_EXPENSE":null,"LOAN_DEPOSIT":null,"LOAN_EQUITY":null,"LOAN_ASSETS":null,"DEPOSIT_EQUITY":null,"DEPOSIT_ASSETS":null,"EQUITY_MULTIPLIER":1.778064709798,"EQUITY_RATIO":0.778064709799},{"SECUCODE":"02425.HK","SECURITY_CODE":"02425","SECURITY_NAME_ABBR":"澳亚集团","ORG_CODE":"10000437258","STD_REPORT_DATE":"2021-12-31 00:00:00","REPORT_DATE":"2021-12-31 00:00:00","DATE_TYPE_CODE":"001","REPORT_TYPE":"2021年年报","PER_NETCASH_OPERATE":null,"PER_OI":10.786353799003,"BPS":7.156014711593,"BASIC_EPS":1.083869,"DILUTED_EPS":1.083869,"OPERATE_INCOME":3327611719.7,"OPERATE_INCOME_YOY":28.9356014941,"GROSS_PROFIT":1121466502.9,"GROSS_PROFIT_YOY":14.42307108638,"HOLDER_PROFIT":666719700.4,"HOLDER_PROFIT_YOY":9.1110183639,"GROSS_PROFIT_RATIO":33.701843765627,"EPS_TTM":2.161151954931,"OPERATE_INCOME_QOQ":25.987327690223,"NET_PROFIT_RATIO":20.0359824571,"ROE_AVG":14.545495009601,"GROSS_PROFIT_QOQ":14.42307108638,"ROA":8.897192890209,"HOLDER_PROFIT_QOQ":6.616058450393,"ROE_YEARLY":14.545495009601,"ROIC_YEARLY":9.152061165441,"TOTAL_ASSETS":8768085789.5,"TOTAL_LIABILITIES":3755561455.1,"TAX_EBT":2.274638805301,"OCF_SALES":21.994516411488,"TOTAL_PARENT_EQUITY":5012524334.4,"DEBT_ASSET_RATIO":42.8321705018,"OPERATE_PROFIT":820176423.7,"PRETAX_PROFIT":682238154.2,"NETCASH_OPERATE":731892105.8,"NETCASH_INVEST":-1425880675.1,"NETCASH_FINANCE":558230789.2,"END_CASH":141189876.5,"DIVI_RATIO":null,"DIVIDEND_RATE":null,"CURRENT_RATIO":1.473010655572,"COMMON_ACS":null,"CURRENTDEBT_DEBT":34.397658575011,"ISSUED_COMMON_SHARES":700463112,"HK_COMMON_SHARES":700463112,"PER_SHARES":1000,"TOTAL_MARKET_CAP":707467743.12,"HKSK_MARKET_CAP":707467743.12,"PE_TTM":-0.786526122865,"PB_TTM":0.145364564221,"REPORT_DATE_SQ":"2020-12-31 00:00:00","REPORT_TYPE_SQ":"2020年年报","OPERATE_INCOME_SQ":2641227320.8,"DPS_HKD":null,"OPERATE_INCOME_QOQ_SQ":7.709832635728,"NET_PROFIT_RATIO_SQ":23.6763572403,"HOLDER_PROFIT_SQ":625346416,"HOLDER_PROFIT_QOQ_SQ":32.668282166788,"ROE_AVG_SQ":15.747397547027,"PE_TTM_SQ":-3.746788312868,"PB_TTM_SQ":0.250226584075,"ROA_SQ":9.84995367418,"START_DATE":"2021-01-01 00:00:00","FISCAL_YEAR":"12-31","CURRENCY":"HKD","IS_CNY_CODE":0,"DPS_HKD_LY":null,"ORG_TYPE":"一般企业","PREMIUM_INCOME":null,"PREMIUM_INCOME_YOY":null,"NET_INTEREST_INCOME":null,"NET_INTEREST_INCOME_YOY":null,"FEE_COMMISSION_INCOME":null,"FEE_COMMISSION_INCOME_YOY":null,"ACCOUNTS_RECE_TDAYS":12.622947251312,"INVENTORY_TDAYS":2.630071181816,"CURRENT_ASSETS_TDAYS":1.99270376762,"TOTAL_ASSETS_TDAYS":0.444060724711,"PREMIUM_EXPENSE":null,"LOAN_DEPOSIT":null,"LOAN_EQUITY":null,"LOAN_ASSETS":null,"DEPOSIT_EQUITY":null,"DEPOSIT_ASSETS":null,"EQUITY_MULTIPLIER":1.749235555692,"EQUITY_RATIO":0.749235555691},{"SECUCODE":"02425.HK","SECURITY_CODE":"02425","SECURITY_NAME_ABBR":"澳亚集团","ORG_CODE":"10000437258","STD_REPORT_DATE":"2021-06-30 00:00:00","REPORT_DATE":"2021-06-30 00:00:00","DATE_TYPE_CODE":"002","REPORT_TYPE":"2021年中报","PER_NETCASH_OPERATE":null,"PER_OI":null,"BPS":null,"BASIC_EPS":1.550424,"DILUTED_EPS":1.550424,"OPERATE_INCOME":1557956476.6,"OPERATE_INCOME_YOY":null,"GROSS_PROFIT":520696980.2,"GROSS_PROFIT_YOY":null,"HOLDER_PROFIT":517085784.3,"HOLDER_PROFIT_YOY":null,"GROSS_PROFIT_RATIO":33.421792458307,"EPS_TTM":2.027041691788,"OPERATE_INCOME_QOQ":0,"NET_PROFIT_RATIO":33.1900019074,"ROE_AVG":null,"GROSS_PROFIT_QOQ":0,"ROA":null,"HOLDER_PROFIT_QOQ":0,"ROE_YEARLY":null,"ROIC_YEARLY":null,"TOTAL_ASSETS":null,"TOTAL_LIABILITIES":null,"TAX_EBT":1.051993967414,"OCF_SALES":41.213106325104,"TOTAL_PARENT_EQUITY":null,"DEBT_ASSET_RATIO":null,"OPERATE_PROFIT":578857260.5,"PRETAX_PROFIT":522583329.4,"NETCASH_OPERATE":642082259.2,"NETCASH_INVEST":-1097144623.4,"NETCASH_FINANCE":558178480.4,"END_CASH":385887613.4,"DIVI_RATIO":null,"DIVIDEND_RATE":null,"CURRENT_RATIO":null,"COMMON_ACS":null,"CURRENTDEBT_DEBT":null,"ISSUED_COMMON_SHARES":700463112,"HK_COMMON_SHARES":700463112,"PER_SHARES":1000,"TOTAL_MARKET_CAP":707467743.12,"HKSK_MARKET_CAP":707467743.12,"PE_TTM":-0.786526122865,"PB_TTM":0.145364564221,"REPORT_DATE_SQ":"2020-06-30 00:00:00","REPORT_TYPE_SQ":"2020年中报","OPERATE_INCOME_SQ":null,"DPS_HKD":null,"OPERATE_INCOME_QOQ_SQ":0,"NET_PROFIT_RATIO_SQ":null,"HOLDER_PROFIT_SQ":null,"HOLDER_PROFIT_QOQ_SQ":0,"ROE_AVG_SQ":null,"PE_TTM_SQ":-3.746788312868,"PB_TTM_SQ":0.250226584075,"ROA_SQ":null,"START_DATE":"2021-01-01 00:00:00","FISCAL_YEAR":"12-31","CURRENCY":"HKD","IS_CNY_CODE":0,"DPS_HKD_LY":null,"ORG_TYPE":"一般企业","PREMIUM_INCOME":null,"PREMIUM_INCOME_YOY":null,"NET_INTEREST_INCOME":null,"NET_INTEREST_INCOME_YOY":null,"FEE_COMMISSION_INCOME":null,"FEE_COMMISSION_INCOME_YOY":null,"ACCOUNTS_RECE_TDAYS":null,"INVENTORY_TDAYS":null,"CURRENT_ASSETS_TDAYS":2.140130892956,"TOTAL_ASSETS_TDAYS":0.49447684581,"PREMIUM_EXPENSE":null,"LOAN_DEPOSIT":null,"LOAN_EQUITY":null,"LOAN_ASSETS":null,"DEPOSIT_EQUITY":null,"DEPOSIT_ASSETS":null,"EQUITY_MULTIPLIER":null,"EQUITY_RATIO":null},{"SECUCODE":"02425.HK","SECURITY_CODE":"02425","SECURITY_NAME_ABBR":"澳亚集团","ORG_CODE":"10000437258","STD_REPORT_DATE":"2020-12-31 00:00:00","REPORT_DATE":"2020-12-31 00:00:00","DATE_TYPE_CODE":"001","REPORT_TYPE":"2020年年报","PER_NETCASH_OPERATE":null,"PER_OI":8.561459312419,"BPS":6.070376848196,"BASIC_EPS":1.892221,"DILUTED_EPS":1.892221,"OPERATE_INCOME":2641227320.8,"OPERATE_INCOME_YOY":15.1596705595,"GROSS_PROFIT":980105229,"GROSS_PROFIT_YOY":15.573833648307,"HOLDER_PROFIT":625346416,"HOLDER_PROFIT_YOY":41.8443914929,"GROSS_PROFIT_RATIO":37.107946797368,"EPS_TTM":2.027041691788,"OPERATE_INCOME_QOQ":7.709832635728,"NET_PROFIT_RATIO":23.6763572403,"ROE_AVG":15.747397547027,"GROSS_PROFIT_QOQ":15.573833648306,"ROA":9.84995367418,"HOLDER_PROFIT_QOQ":32.668282166788,"ROE_YEARLY":15.747397547027,"ROIC_YEARLY":10.352810025288,"TOTAL_ASSETS":6364641931.1,"TOTAL_LIABILITIES":2112566873,"TAX_EBT":1.111854121545,"OCF_SALES":19.981867230578,"TOTAL_PARENT_EQUITY":4252075058.1,"DEBT_ASSET_RATIO":33.1922344708,"OPERATE_PROFIT":742520570.2,"PRETAX_PROFIT":653749305.7,"NETCASH_OPERATE":527766536.5,"NETCASH_INVEST":-554283730.1,"NETCASH_FINANCE":-43690730.4,"END_CASH":282639093.3,"DIVI_RATIO":null,"DIVIDEND_RATE":null,"CURRENT_RATIO":1.268075170202,"COMMON_ACS":null,"CURRENTDEBT_DEBT":54.893906167959,"ISSUED_COMMON_SHARES":700463112,"HK_COMMON_SHARES":700463112,"PER_SHARES":1000,"TOTAL_MARKET_CAP":707467743.12,"HKSK_MARKET_CAP":707467743.12,"PE_TTM":-0.786526122865,"PB_TTM":0.145364564221,"REPORT_DATE_SQ":"2019-12-31 00:00:00","REPORT_TYPE_SQ":"2019年年报","OPERATE_INCOME_SQ":2452169181,"DPS_HKD":null,"OPERATE_INCOME_QOQ_SQ":null,"NET_PROFIT_RATIO_SQ":19.2222016757,"HOLDER_PROFIT_SQ":471360905.4,"HOLDER_PROFIT_QOQ_SQ":null,"ROE_AVG_SQ":11.947173361059,"PE_TTM_SQ":-3.746788312868,"PB_TTM_SQ":0.250226584075,"ROA_SQ":6.961651005605,"START_DATE":"2020-01-01 00:00:00","FISCAL_YEAR":"12-31","CURRENCY":"HKD","IS_CNY_CODE":0,"DPS_HKD_LY":null,"ORG_TYPE":"一般企业","PREMIUM_INCOME":null,"PREMIUM_INCOME_YOY":null,"NET_INTEREST_INCOME":null,"NET_INTEREST_INCOME_YOY":null,"FEE_COMMISSION_INCOME":null,"FEE_COMMISSION_INCOME_YOY":null,"ACCOUNTS_RECE_TDAYS":9.184788527863,"INVENTORY_TDAYS":2.675459384475,"CURRENT_ASSETS_TDAYS":1.780162319886,"TOTAL_ASSETS_TDAYS":0.416024879766,"PREMIUM_EXPENSE":null,"LOAN_DEPOSIT":null,"LOAN_EQUITY":null,"LOAN_ASSETS":null,"DEPOSIT_EQUITY":null,"DEPOSIT_ASSETS":null,"EQUITY_MULTIPLIER":1.496831980652,"EQUITY_RATIO":0.496831980653},{"SECUCODE":"02425.HK","SECURITY_CODE":"02425","SECURITY_NAME_ABBR":"澳亚集团","ORG_CODE":"10000437258","STD_REPORT_DATE":"2019-12-31 00:00:00","REPORT_DATE":"2019-12-31 00:00:00","DATE_TYPE_CODE":"001","REPORT_TYPE":"2019年年报","PER_NETCASH_OPERATE":null,"PER_OI":5.525803363026,"BPS":5.632524953862,"BASIC_EPS":1.39524,"DILUTED_EPS":1.39524,"OPERATE_INCOME":2452169181,"OPERATE_INCOME_YOY":null,"GROSS_PROFIT":848033848.2,"GROSS_PROFIT_YOY":null,"HOLDER_PROFIT":471360905.4,"HOLDER_PROFIT_YOY":null,"GROSS_PROFIT_RATIO":34.583007354092,"EPS_TTM":1.062181066641,"OPERATE_INCOME_QOQ":null,"NET_PROFIT_RATIO":19.2222016757,"ROE_AVG":11.947173361059,"GROSS_PROFIT_QOQ":null,"ROA":6.961651005605,"HOLDER_PROFIT_QOQ":null,"ROE_YEARLY":11.947173361059,"ROIC_YEARLY":7.349383699024,"TOTAL_ASSETS":6770820672,"TOTAL_LIABILITIES":2825444714.4,"TAX_EBT":0.169883756705,"OCF_SALES":31.392441074807,"TOTAL_PARENT_EQUITY":3945375957.6,"DEBT_ASSET_RATIO":41.7297230465,"OPERATE_PROFIT":622011944.4,"PRETAX_PROFIT":521519783.4,"NETCASH_OPERATE":769795765.2,"NETCASH_INVEST":-389850984.6,"NETCASH_FINANCE":-280533930.6,"END_CASH":357209344.8,"DIVI_RATIO":null,"DIVIDEND_RATE":null,"CURRENT_RATIO":1.041935205498,"COMMON_ACS":null,"CURRENTDEBT_DEBT":54.362092975023,"ISSUED_COMMON_SHARES":700463112,"HK_COMMON_SHARES":700463112,"PER_SHARES":1000,"TOTAL_MARKET_CAP":707467743.12,"HKSK_MARKET_CAP":707467743.12,"PE_TTM":-0.786526122865,"PB_TTM":0.145364564221,"REPORT_DATE_SQ":"2018-12-31 00:00:00","REPORT_TYPE_SQ":"2018年年报","OPERATE_INCOME_SQ":null,"DPS_HKD":null,"OPERATE_INCOME_QOQ_SQ":null,"NET_PROFIT_RATIO_SQ":null,"HOLDER_PROFIT_SQ":null,"HOLDER_PROFIT_QOQ_SQ":null,"ROE_AVG_SQ":null,"PE_TTM_SQ":-3.746788312868,"PB_TTM_SQ":0.250226584075,"ROA_SQ":null,"START_DATE":"2019-01-01 00:00:00","FISCAL_YEAR":"12-31","CURRENCY":"HKD","IS_CNY_CODE":0,"DPS_HKD_LY":null,"ORG_TYPE":"一般企业","PREMIUM_INCOME":null,"PREMIUM_INCOME_YOY":null,"NET_INTEREST_INCOME":null,"NET_INTEREST_INCOME_YOY":null,"FEE_COMMISSION_INCOME":null,"FEE_COMMISSION_INCOME_YOY":null,"ACCOUNTS_RECE_TDAYS":6.753218059558,"INVENTORY_TDAYS":2.617610564062,"CURRENT_ASSETS_TDAYS":3.064479568974,"TOTAL_ASSETS_TDAYS":0.72433440488,"PREMIUM_EXPENSE":null,"LOAN_DEPOSIT":null,"LOAN_EQUITY":null,"LOAN_ASSETS":null,"DEPOSIT_EQUITY":null,"DEPOSIT_ASSETS":null,"EQUITY_MULTIPLIER":1.716140805025,"EQUITY_RATIO":0.716140805025}],"count":9},"success":true,"message":"ok","code":0}