{"version":"61e00c0324809c05dcba294768c60522","result":{"pages":2,"data":[{"SECUCODE":"02429.HK","SECURITY_CODE":"02429","SECURITY_NAME_ABBR":"友宝在线","ORG_CODE":"10488877","STD_REPORT_DATE":"2024-06-30 00:00:00","REPORT_DATE":"2024-06-30 00:00:00","DATE_TYPE_CODE":"002","REPORT_TYPE":"2024年中报","PER_NETCASH_OPERATE":0.09411216379,"PER_OI":1.723058408401,"BPS":1.121894393326,"BASIC_EPS":-0.13,"DILUTED_EPS":-0.13,"OPERATE_INCOME":1343702000,"OPERATE_INCOME_YOY":7.2663525663,"GROSS_PROFIT":486162000,"GROSS_PROFIT_YOY":-6.141983412359,"HOLDER_PROFIT":-100738000,"HOLDER_PROFIT_YOY":33.9336306401,"GROSS_PROFIT_RATIO":36.180790085897,"EPS_TTM":-0.353347627383,"OPERATE_INCOME_QOQ":3.406561328134,"NET_PROFIT_RATIO":-7.3608582855,"ROE_AVG":-11.05125596167,"GROSS_PROFIT_QOQ":-2.922284000004,"ROA":-6.662563934337,"HOLDER_PROFIT_QOQ":15.808979666662,"ROE_YEARLY":-22.10251192334,"ROIC_YEARLY":-18.296240060734,"TOTAL_ASSETS":1511343000,"TOTAL_LIABILITIES":610897000,"TAX_EBT":-8.500532037429,"OCF_SALES":5.461925337612,"TOTAL_PARENT_EQUITY":874893000,"DEBT_ASSET_RATIO":40.4208045427,"OPERATE_PROFIT":-85430000,"PRETAX_PROFIT":-91159000,"NETCASH_OPERATE":73392000,"NETCASH_INVEST":18613000,"NETCASH_FINANCE":-16388000,"END_CASH":424786000,"DIVI_RATIO":null,"DIVIDEND_RATE":null,"CURRENT_RATIO":1.428391996395,"COMMON_ACS":null,"CURRENTDEBT_DEBT":95.52952461708,"ISSUED_COMMON_SHARES":779835433,"HK_COMMON_SHARES":701728759,"PER_SHARES":500,"TOTAL_MARKET_CAP":2472078322.61,"HKSK_MARKET_CAP":2224480166.03,"PE_TTM":-8.074520832849,"PB_TTM":2.578848434585,"REPORT_DATE_SQ":"2023-06-30 00:00:00","REPORT_TYPE_SQ":"2023年中报","OPERATE_INCOME_SQ":1252678000,"DPS_HKD":null,"OPERATE_INCOME_QOQ_SQ":4.350069704004,"NET_PROFIT_RATIO_SQ":-11.7659127086,"HOLDER_PROFIT_SQ":-152480000,"HOLDER_PROFIT_QOQ_SQ":-8.786802048297,"ROE_AVG_SQ":-16.413232846057,"PE_TTM_SQ":-43.970699883634,"PB_TTM_SQ":15.46907986864,"ROA_SQ":-9.989975955396,"START_DATE":"2024-01-01 00:00:00","FISCAL_YEAR":"12-31","CURRENCY":"HKD","IS_CNY_CODE":0,"DPS_HKD_LY":null,"ORG_TYPE":"一般企业","PREMIUM_INCOME":null,"PREMIUM_INCOME_YOY":null,"NET_INTEREST_INCOME":null,"NET_INTEREST_INCOME_YOY":null,"FEE_COMMISSION_INCOME":null,"FEE_COMMISSION_INCOME_YOY":null,"ACCOUNTS_RECE_TDAYS":34.817697739198,"INVENTORY_TDAYS":4.606826380439,"CURRENT_ASSETS_TDAYS":1.673434745545,"TOTAL_ASSETS_TDAYS":0.888691505062,"PREMIUM_EXPENSE":null,"LOAN_DEPOSIT":null,"LOAN_EQUITY":null,"LOAN_ASSETS":null,"DEPOSIT_EQUITY":null,"DEPOSIT_ASSETS":null,"EQUITY_MULTIPLIER":1.678438240605,"EQUITY_RATIO":0.698253386414},{"SECUCODE":"02429.HK","SECURITY_CODE":"02429","SECURITY_NAME_ABBR":"友宝在线","ORG_CODE":"10488877","STD_REPORT_DATE":"2023-12-31 00:00:00","REPORT_DATE":"2023-12-31 00:00:00","DATE_TYPE_CODE":"001","REPORT_TYPE":"2023年年报","PER_NETCASH_OPERATE":0.136718588933,"PER_OI":3.426389577761,"BPS":1.215912947623,"BASIC_EPS":-0.43,"DILUTED_EPS":-0.43,"OPERATE_INCOME":2672020000,"OPERATE_INCOME_YOY":6.0652010302,"GROSS_PROFIT":1088669000,"GROSS_PROFIT_YOY":1.108256805754,"HOLDER_PROFIT":-327295000,"HOLDER_PROFIT_YOY":-15.0304538377,"GROSS_PROFIT_RATIO":40.743295334616,"EPS_TTM":-0.419697523541,"OPERATE_INCOME_QOQ":1.64363218062,"NET_PROFIT_RATIO":-11.9562353575,"ROE_AVG":-33.939529059805,"GROSS_PROFIT_QOQ":0.38673090666,"ROA":-21.592748472964,"HOLDER_PROFIT_QOQ":-5.739346751527,"ROE_YEARLY":-33.939529059805,"ROIC_YEARLY":-26.072946415413,"TOTAL_ASSETS":1512658000,"TOTAL_LIABILITIES":540723000,"TAX_EBT":-1.743641679246,"OCF_SALES":3.990164744276,"TOTAL_PARENT_EQUITY":948212000,"DEBT_ASSET_RATIO":35.746546807,"OPERATE_PROFIT":-299457000,"PRETAX_PROFIT":-313998000,"NETCASH_OPERATE":106618000,"NETCASH_INVEST":-53765000,"NETCASH_FINANCE":169086000,"END_CASH":347563000,"DIVI_RATIO":null,"DIVIDEND_RATE":null,"CURRENT_RATIO":1.465299385293,"COMMON_ACS":null,"CURRENTDEBT_DEBT":97.476896673528,"ISSUED_COMMON_SHARES":779835433,"HK_COMMON_SHARES":701728759,"PER_SHARES":500,"TOTAL_MARKET_CAP":3220720338.29,"HKSK_MARKET_CAP":2898139774.67,"PE_TTM":-10.5198015898,"PB_TTM":3.359824616668,"REPORT_DATE_SQ":"2022-12-31 00:00:00","REPORT_TYPE_SQ":"2022年年报","OPERATE_INCOME_SQ":2519224000,"DPS_HKD":null,"OPERATE_INCOME_QOQ_SQ":-4.365866167394,"NET_PROFIT_RATIO_SQ":-11.2363569099,"HOLDER_PROFIT_SQ":-284529000,"HOLDER_PROFIT_QOQ_SQ":-13.492006509669,"ROE_AVG_SQ":-25.342207397478,"PE_TTM_SQ":-37.030409329967,"PB_TTM_SQ":13.027456033441,"ROA_SQ":-16.46828124263,"START_DATE":"2023-01-01 00:00:00","FISCAL_YEAR":"12-31","CURRENCY":"HKD","IS_CNY_CODE":0,"DPS_HKD_LY":null,"ORG_TYPE":"一般企业","PREMIUM_INCOME":null,"PREMIUM_INCOME_YOY":null,"NET_INTEREST_INCOME":null,"NET_INTEREST_INCOME_YOY":null,"FEE_COMMISSION_INCOME":null,"FEE_COMMISSION_INCOME_YOY":null,"ACCOUNTS_RECE_TDAYS":59.629993305066,"INVENTORY_TDAYS":9.933504815082,"CURRENT_ASSETS_TDAYS":4.141584717791,"TOTAL_ASSETS_TDAYS":1.762821178898,"PREMIUM_EXPENSE":null,"LOAN_DEPOSIT":null,"LOAN_EQUITY":null,"LOAN_ASSETS":null,"DEPOSIT_EQUITY":null,"DEPOSIT_ASSETS":null,"EQUITY_MULTIPLIER":1.556336586294,"EQUITY_RATIO":0.570255385926},{"SECUCODE":"02429.HK","SECURITY_CODE":"02429","SECURITY_NAME_ABBR":"友宝在线","ORG_CODE":"10488877","STD_REPORT_DATE":"2023-06-30 00:00:00","REPORT_DATE":"2023-06-30 00:00:00","DATE_TYPE_CODE":"002","REPORT_TYPE":"2023年中报","PER_NETCASH_OPERATE":0.245637225837,"PER_OI":1.654226625237,"BPS":1.125275875994,"BASIC_EPS":-0.2,"DILUTED_EPS":-0.2,"OPERATE_INCOME":1252678000,"OPERATE_INCOME_YOY":9.5869966494,"GROSS_PROFIT":517976000,"GROSS_PROFIT_YOY":1.516746139539,"HOLDER_PROFIT":-152480000,"HOLDER_PROFIT_YOY":-19.6118576393,"GROSS_PROFIT_RATIO":41.349492846526,"EPS_TTM":-0.408750506762,"OPERATE_INCOME_QOQ":4.350069704004,"NET_PROFIT_RATIO":-11.7659127086,"ROE_AVG":-16.413232846057,"GROSS_PROFIT_QOQ":0.718746285069,"ROA":-9.989975955396,"HOLDER_PROFIT_QOQ":-8.786802048297,"ROE_YEARLY":-32.826465692113,"ROIC_YEARLY":-23.395473724588,"TOTAL_ASSETS":1533791000,"TOTAL_LIABILITIES":629717000,"TAX_EBT":-0.507347676361,"OCF_SALES":14.849067358092,"TOTAL_PARENT_EQUITY":877530000,"DEBT_ASSET_RATIO":41.0562456032,"OPERATE_PROFIT":-138240000,"PRETAX_PROFIT":-146645000,"NETCASH_OPERATE":186011000,"NETCASH_INVEST":-36022000,"NETCASH_FINANCE":-8682000,"END_CASH":269485000,"DIVI_RATIO":null,"DIVIDEND_RATE":null,"CURRENT_RATIO":1.041387214534,"COMMON_ACS":null,"CURRENTDEBT_DEBT":97.267185100609,"ISSUED_COMMON_SHARES":779835433,"HK_COMMON_SHARES":701728759,"PER_SHARES":500,"TOTAL_MARKET_CAP":3220720338.29,"HKSK_MARKET_CAP":2898139774.67,"PE_TTM":-10.5198015898,"PB_TTM":3.359824616668,"REPORT_DATE_SQ":"2022-06-30 00:00:00","REPORT_TYPE_SQ":"2022年中报","OPERATE_INCOME_SQ":1143090000,"DPS_HKD":null,"OPERATE_INCOME_QOQ_SQ":0,"NET_PROFIT_RATIO_SQ":-11.2326238529,"HOLDER_PROFIT_SQ":-127479000,"HOLDER_PROFIT_QOQ_SQ":0,"ROE_AVG_SQ":null,"PE_TTM_SQ":-37.030409329967,"PB_TTM_SQ":13.027456033441,"ROA_SQ":null,"START_DATE":"2023-01-01 00:00:00","FISCAL_YEAR":"12-31","CURRENCY":"HKD","IS_CNY_CODE":0,"DPS_HKD_LY":null,"ORG_TYPE":"一般企业","PREMIUM_INCOME":null,"PREMIUM_INCOME_YOY":null,"NET_INTEREST_INCOME":null,"NET_INTEREST_INCOME_YOY":null,"FEE_COMMISSION_INCOME":null,"FEE_COMMISSION_INCOME_YOY":null,"ACCOUNTS_RECE_TDAYS":21.082289186028,"INVENTORY_TDAYS":5.427742953077,"CURRENT_ASSETS_TDAYS":2.167516102659,"TOTAL_ASSETS_TDAYS":0.82071242785,"PREMIUM_EXPENSE":null,"LOAN_DEPOSIT":null,"LOAN_EQUITY":null,"LOAN_ASSETS":null,"DEPOSIT_EQUITY":null,"DEPOSIT_ASSETS":null,"EQUITY_MULTIPLIER":1.696532584722,"EQUITY_RATIO":0.717601677436},{"SECUCODE":"02429.HK","SECURITY_CODE":"02429","SECURITY_NAME_ABBR":"友宝在线","ORG_CODE":"10488877","STD_REPORT_DATE":"2022-12-31 00:00:00","REPORT_DATE":"2022-12-31 00:00:00","DATE_TYPE_CODE":"001","REPORT_TYPE":"2022年年报","PER_NETCASH_OPERATE":0.203256745711,"PER_OI":3.326766667679,"BPS":1.257294755418,"BASIC_EPS":-0.38,"DILUTED_EPS":-0.38,"OPERATE_INCOME":2519224000,"OPERATE_INCOME_YOY":-5.8669318151,"GROSS_PROFIT":1076736000,"GROSS_PROFIT_YOY":-2.214827757818,"HOLDER_PROFIT":-284529000,"HOLDER_PROFIT_YOY":-53.7994594595,"GROSS_PROFIT_RATIO":42.740780494311,"EPS_TTM":-0.375735382478,"OPERATE_INCOME_QOQ":-4.365866167394,"NET_PROFIT_RATIO":-11.2363569099,"ROE_AVG":-25.342207397478,"GROSS_PROFIT_QOQ":-3.581953494869,"ROA":-16.46828124263,"HOLDER_PROFIT_QOQ":-13.492006509669,"ROE_YEARLY":-25.342207397478,"ROIC_YEARLY":-18.272373830719,"TOTAL_ASSETS":1518869000,"TOTAL_LIABILITIES":516933000,"TAX_EBT":-3.971629642689,"OCF_SALES":6.109738554412,"TOTAL_PARENT_EQUITY":980483000,"DEBT_ASSET_RATIO":34.034074038,"OPERATE_PROFIT":-243670000,"PRETAX_PROFIT":-272256000,"NETCASH_OPERATE":153918000,"NETCASH_INVEST":-105250000,"NETCASH_FINANCE":-92876000,"END_CASH":128178000,"DIVI_RATIO":null,"DIVIDEND_RATE":null,"CURRENT_RATIO":1.049455425084,"COMMON_ACS":null,"CURRENTDEBT_DEBT":95.485488448213,"ISSUED_COMMON_SHARES":779835433,"HK_COMMON_SHARES":701728759,"PER_SHARES":500,"TOTAL_MARKET_CAP":3220720338.29,"HKSK_MARKET_CAP":2898139774.67,"PE_TTM":-10.5198015898,"PB_TTM":3.359824616668,"REPORT_DATE_SQ":"2021-12-31 00:00:00","REPORT_TYPE_SQ":"2021年年报","OPERATE_INCOME_SQ":2676237000,"DPS_HKD":null,"OPERATE_INCOME_QOQ_SQ":40.705727099227,"NET_PROFIT_RATIO_SQ":-7.032037895,"HOLDER_PROFIT_SQ":-185000000,"HOLDER_PROFIT_QOQ_SQ":84.221223563087,"ROE_AVG_SQ":-13.619575083981,"PE_TTM_SQ":-37.030409329967,"PB_TTM_SQ":13.027456033441,"ROA_SQ":-8.947282130053,"START_DATE":"2022-01-01 00:00:00","FISCAL_YEAR":"12-31","CURRENCY":"HKD","IS_CNY_CODE":0,"DPS_HKD_LY":null,"ORG_TYPE":"一般企业","PREMIUM_INCOME":null,"PREMIUM_INCOME_YOY":null,"NET_INTEREST_INCOME":null,"NET_INTEREST_INCOME_YOY":null,"FEE_COMMISSION_INCOME":null,"FEE_COMMISSION_INCOME_YOY":null,"ACCOUNTS_RECE_TDAYS":28.794915903233,"INVENTORY_TDAYS":8.72474339666,"CURRENT_ASSETS_TDAYS":3.865610252547,"TOTAL_ASSETS_TDAYS":1.458104071823,"PREMIUM_EXPENSE":null,"LOAN_DEPOSIT":null,"LOAN_EQUITY":null,"LOAN_ASSETS":null,"DEPOSIT_EQUITY":null,"DEPOSIT_ASSETS":null,"EQUITY_MULTIPLIER":1.515934151483,"EQUITY_RATIO":0.527222807535},{"SECUCODE":"02429.HK","SECURITY_CODE":"02429","SECURITY_NAME_ABBR":"友宝在线","ORG_CODE":"10488877","STD_REPORT_DATE":"2022-09-30 00:00:00","REPORT_DATE":"2022-09-30 00:00:00","DATE_TYPE_CODE":"004","REPORT_TYPE":"2022年三季报","PER_NETCASH_OPERATE":0.247956115411,"PER_OI":2.415720381006,"BPS":1.370672522391,"BASIC_EPS":-0.26,"DILUTED_EPS":-0.26,"OPERATE_INCOME":1829326000,"OPERATE_INCOME_YOY":-2.2447112538,"GROSS_PROFIT":806874000,"GROSS_PROFIT_YOY":1.973179519779,"HOLDER_PROFIT":-196113000,"HOLDER_PROFIT_YOY":-50.3830257114,"GROSS_PROFIT_RATIO":44.107720548442,"EPS_TTM":-0.331067706029,"OPERATE_INCOME_QOQ":-1.569591930759,"NET_PROFIT_RATIO":-10.6988584867,"ROE_AVG":-16.805525146417,"GROSS_PROFIT_QOQ":1.417914785256,"ROA":-10.569904286995,"HOLDER_PROFIT_QOQ":-35.515675675676,"ROE_YEARLY":-22.40736686189,"ROIC_YEARLY":-11.806688970057,"TOTAL_ASSETS":1774171000,"TOTAL_LIABILITIES":684883000,"TAX_EBT":-4.574258907008,"OCF_SALES":10.264272196426,"TOTAL_PARENT_EQUITY":1068899000,"DEBT_ASSET_RATIO":38.6029869725,"OPERATE_PROFIT":-167066000,"PRETAX_PROFIT":-187156000,"NETCASH_OPERATE":187767000,"NETCASH_INVEST":-139387000,"NETCASH_FINANCE":-43980000,"END_CASH":176786000,"DIVI_RATIO":null,"DIVIDEND_RATE":null,"CURRENT_RATIO":1.058351360324,"COMMON_ACS":null,"CURRENTDEBT_DEBT":96.317035172431,"ISSUED_COMMON_SHARES":779835433,"HK_COMMON_SHARES":701728759,"PER_SHARES":500,"TOTAL_MARKET_CAP":3220720338.29,"HKSK_MARKET_CAP":2898139774.67,"PE_TTM":-10.5198015898,"PB_TTM":3.359824616668,"REPORT_DATE_SQ":"2021-09-30 00:00:00","REPORT_TYPE_SQ":"2021年三季报","OPERATE_INCOME_SQ":1871332000,"DPS_HKD":null,"OPERATE_INCOME_QOQ_SQ":0,"NET_PROFIT_RATIO_SQ":-7.1773474723,"HOLDER_PROFIT_SQ":-130409000,"HOLDER_PROFIT_QOQ_SQ":0,"ROE_AVG_SQ":null,"PE_TTM_SQ":-37.030409329967,"PB_TTM_SQ":13.027456033441,"ROA_SQ":null,"START_DATE":"2022-01-01 00:00:00","FISCAL_YEAR":"12-31","CURRENCY":"HKD","IS_CNY_CODE":0,"DPS_HKD_LY":null,"ORG_TYPE":"一般企业","PREMIUM_INCOME":null,"PREMIUM_INCOME_YOY":null,"NET_INTEREST_INCOME":null,"NET_INTEREST_INCOME_YOY":null,"FEE_COMMISSION_INCOME":null,"FEE_COMMISSION_INCOME_YOY":null,"ACCOUNTS_RECE_TDAYS":17.373341564177,"INVENTORY_TDAYS":5.632692636114,"CURRENT_ASSETS_TDAYS":2.466151729605,"TOTAL_ASSETS_TDAYS":0.985952013875,"PREMIUM_EXPENSE":null,"LOAN_DEPOSIT":null,"LOAN_EQUITY":null,"LOAN_ASSETS":null,"DEPOSIT_EQUITY":null,"DEPOSIT_ASSETS":null,"EQUITY_MULTIPLIER":1.628743729849,"EQUITY_RATIO":0.640736870368},{"SECUCODE":"02429.HK","SECURITY_CODE":"02429","SECURITY_NAME_ABBR":"友宝在线","ORG_CODE":"10488877","STD_REPORT_DATE":"2022-06-30 00:00:00","REPORT_DATE":"2022-06-30 00:00:00","DATE_TYPE_CODE":"002","REPORT_TYPE":"2022年中报","PER_NETCASH_OPERATE":null,"PER_OI":null,"BPS":null,"BASIC_EPS":-0.17,"DILUTED_EPS":-0.17,"OPERATE_INCOME":1143090000,"OPERATE_INCOME_YOY":null,"GROSS_PROFIT":510237000,"GROSS_PROFIT_YOY":null,"HOLDER_PROFIT":-127479000,"HOLDER_PROFIT_YOY":null,"GROSS_PROFIT_RATIO":44.636642784033,"EPS_TTM":-0.244302147614,"OPERATE_INCOME_QOQ":0,"NET_PROFIT_RATIO":-11.2326238529,"ROE_AVG":null,"GROSS_PROFIT_QOQ":0,"ROA":null,"HOLDER_PROFIT_QOQ":0,"ROE_YEARLY":null,"ROIC_YEARLY":null,"TOTAL_ASSETS":null,"TOTAL_LIABILITIES":null,"TAX_EBT":-4.848034492332,"OCF_SALES":13.63479691013,"TOTAL_PARENT_EQUITY":null,"DEBT_ASSET_RATIO":null,"OPERATE_PROFIT":-110416000,"PRETAX_PROFIT":-122462000,"NETCASH_OPERATE":155858000,"NETCASH_INVEST":-89799000,"NETCASH_FINANCE":-13683000,"END_CASH":224762000,"DIVI_RATIO":null,"DIVIDEND_RATE":null,"CURRENT_RATIO":null,"COMMON_ACS":null,"CURRENTDEBT_DEBT":null,"ISSUED_COMMON_SHARES":779835433,"HK_COMMON_SHARES":701728759,"PER_SHARES":500,"TOTAL_MARKET_CAP":3220720338.29,"HKSK_MARKET_CAP":2898139774.67,"PE_TTM":-10.5198015898,"PB_TTM":3.359824616668,"REPORT_DATE_SQ":"2021-06-30 00:00:00","REPORT_TYPE_SQ":"2021年中报","OPERATE_INCOME_SQ":null,"DPS_HKD":null,"OPERATE_INCOME_QOQ_SQ":0,"NET_PROFIT_RATIO_SQ":null,"HOLDER_PROFIT_SQ":null,"HOLDER_PROFIT_QOQ_SQ":0,"ROE_AVG_SQ":null,"PE_TTM_SQ":-37.030409329967,"PB_TTM_SQ":13.027456033441,"ROA_SQ":null,"START_DATE":"2022-01-01 00:00:00","FISCAL_YEAR":"12-31","CURRENCY":"HKD","IS_CNY_CODE":0,"DPS_HKD_LY":null,"ORG_TYPE":"一般企业","PREMIUM_INCOME":null,"PREMIUM_INCOME_YOY":null,"NET_INTEREST_INCOME":null,"NET_INTEREST_INCOME_YOY":null,"FEE_COMMISSION_INCOME":null,"FEE_COMMISSION_INCOME_YOY":null,"ACCOUNTS_RECE_TDAYS":null,"INVENTORY_TDAYS":null,"CURRENT_ASSETS_TDAYS":2.910862800422,"TOTAL_ASSETS_TDAYS":1.180506142176,"PREMIUM_EXPENSE":null,"LOAN_DEPOSIT":null,"LOAN_EQUITY":null,"LOAN_ASSETS":null,"DEPOSIT_EQUITY":null,"DEPOSIT_ASSETS":null,"EQUITY_MULTIPLIER":null,"EQUITY_RATIO":null},{"SECUCODE":"02429.HK","SECURITY_CODE":"02429","SECURITY_NAME_ABBR":"友宝在线","ORG_CODE":"10488877","STD_REPORT_DATE":"2021-12-31 00:00:00","REPORT_DATE":"2021-12-31 00:00:00","DATE_TYPE_CODE":"001","REPORT_TYPE":"2021年年报","PER_NETCASH_OPERATE":0.236311486559,"PER_OI":3.534110522292,"BPS":1.622152503553,"BASIC_EPS":-0.24,"DILUTED_EPS":-0.24,"OPERATE_INCOME":2676237000,"OPERATE_INCOME_YOY":40.7057270992,"GROSS_PROFIT":1101124000,"GROSS_PROFIT_YOY":97.135854454572,"HOLDER_PROFIT":-185000000,"HOLDER_PROFIT_YOY":84.2212235631,"GROSS_PROFIT_RATIO":41.144487577147,"EPS_TTM":-0.244302147614,"OPERATE_INCOME_QOQ":40.705727099227,"NET_PROFIT_RATIO":-7.032037895,"ROE_AVG":-13.619575083981,"GROSS_PROFIT_QOQ":97.135854454572,"ROA":-8.947282130053,"HOLDER_PROFIT_QOQ":84.221223563087,"ROE_YEARLY":-13.619575083981,"ROIC_YEARLY":-9.904894275962,"TOTAL_ASSETS":1936610000,"TOTAL_LIABILITIES":652444000,"TAX_EBT":-1.938629038811,"OCF_SALES":6.686590163726,"TOTAL_PARENT_EQUITY":1265012000,"DEBT_ASSET_RATIO":33.6900046989,"OPERATE_PROFIT":-167006000,"PRETAX_PROFIT":-184615000,"NETCASH_OPERATE":178949000,"NETCASH_INVEST":-22742000,"NETCASH_FINANCE":-174836000,"END_CASH":172386000,"DIVI_RATIO":null,"DIVIDEND_RATE":null,"CURRENT_RATIO":1.288618132954,"COMMON_ACS":null,"CURRENTDEBT_DEBT":93.415986659392,"ISSUED_COMMON_SHARES":779835433,"HK_COMMON_SHARES":701728759,"PER_SHARES":500,"TOTAL_MARKET_CAP":3220720338.29,"HKSK_MARKET_CAP":2898139774.67,"PE_TTM":-10.5198015898,"PB_TTM":3.359824616668,"REPORT_DATE_SQ":"2020-12-31 00:00:00","REPORT_TYPE_SQ":"2020年年报","OPERATE_INCOME_SQ":1902010000,"DPS_HKD":null,"OPERATE_INCOME_QOQ_SQ":-30.26444741098,"NET_PROFIT_RATIO_SQ":-62.2602404824,"HOLDER_PROFIT_SQ":-1172461000,"HOLDER_PROFIT_QOQ_SQ":-2697.27304948828,"ROE_AVG_SQ":-57.557897930375,"PE_TTM_SQ":-37.030409329967,"PB_TTM_SQ":13.027456033441,"ROA_SQ":-40.237085825213,"START_DATE":"2021-01-01 00:00:00","FISCAL_YEAR":"12-31","CURRENCY":"HKD","IS_CNY_CODE":0,"DPS_HKD_LY":null,"ORG_TYPE":"一般企业","PREMIUM_INCOME":null,"PREMIUM_INCOME_YOY":null,"NET_INTEREST_INCOME":null,"NET_INTEREST_INCOME_YOY":null,"FEE_COMMISSION_INCOME":null,"FEE_COMMISSION_INCOME_YOY":null,"ACCOUNTS_RECE_TDAYS":19.325871338357,"INVENTORY_TDAYS":9.34946073805,"CURRENT_ASSETS_TDAYS":2.943646696885,"TOTAL_ASSETS_TDAYS":1.294326891129,"PREMIUM_EXPENSE":null,"LOAN_DEPOSIT":null,"LOAN_EQUITY":null,"LOAN_ASSETS":null,"DEPOSIT_EQUITY":null,"DEPOSIT_ASSETS":null,"EQUITY_MULTIPLIER":1.508068271547,"EQUITY_RATIO":0.51576111531},{"SECUCODE":"02429.HK","SECURITY_CODE":"02429","SECURITY_NAME_ABBR":"友宝在线","ORG_CODE":"10488877","STD_REPORT_DATE":"2021-09-30 00:00:00","REPORT_DATE":"2021-09-30 00:00:00","DATE_TYPE_CODE":"004","REPORT_TYPE":"2021年三季报","PER_NETCASH_OPERATE":null,"PER_OI":null,"BPS":null,"BASIC_EPS":-0.17,"DILUTED_EPS":-0.17,"OPERATE_INCOME":1871332000,"OPERATE_INCOME_YOY":null,"GROSS_PROFIT":791261000,"GROSS_PROFIT_YOY":null,"HOLDER_PROFIT":-130409000,"HOLDER_PROFIT_YOY":null,"GROSS_PROFIT_RATIO":42.283304085005,"EPS_TTM":-1.548295893479,"OPERATE_INCOME_QOQ":0,"NET_PROFIT_RATIO":-7.1773474723,"ROE_AVG":null,"GROSS_PROFIT_QOQ":0,"ROA":null,"HOLDER_PROFIT_QOQ":0,"ROE_YEARLY":null,"ROIC_YEARLY":null,"TOTAL_ASSETS":null,"TOTAL_LIABILITIES":null,"TAX_EBT":-2.023578026252,"OCF_SALES":8.977188441175,"TOTAL_PARENT_EQUITY":null,"DEBT_ASSET_RATIO":null,"OPERATE_PROFIT":-115223000,"PRETAX_PROFIT":-131648000,"NETCASH_OPERATE":167993000,"NETCASH_INVEST":-36830000,"NETCASH_FINANCE":-192255000,"END_CASH":129923000,"DIVI_RATIO":null,"DIVIDEND_RATE":null,"CURRENT_RATIO":null,"COMMON_ACS":null,"CURRENTDEBT_DEBT":null,"ISSUED_COMMON_SHARES":779835433,"HK_COMMON_SHARES":701728759,"PER_SHARES":500,"TOTAL_MARKET_CAP":3220720338.29,"HKSK_MARKET_CAP":2898139774.67,"PE_TTM":-10.5198015898,"PB_TTM":3.359824616668,"REPORT_DATE_SQ":"2020-09-30 00:00:00","REPORT_TYPE_SQ":"2020年三季报","OPERATE_INCOME_SQ":null,"DPS_HKD":null,"OPERATE_INCOME_QOQ_SQ":0,"NET_PROFIT_RATIO_SQ":null,"HOLDER_PROFIT_SQ":null,"HOLDER_PROFIT_QOQ_SQ":0,"ROE_AVG_SQ":null,"PE_TTM_SQ":-37.030409329967,"PB_TTM_SQ":13.027456033441,"ROA_SQ":null,"START_DATE":"2021-01-01 00:00:00","FISCAL_YEAR":"12-31","CURRENCY":"HKD","IS_CNY_CODE":0,"DPS_HKD_LY":null,"ORG_TYPE":"一般企业","PREMIUM_INCOME":null,"PREMIUM_INCOME_YOY":null,"NET_INTEREST_INCOME":null,"NET_INTEREST_INCOME_YOY":null,"FEE_COMMISSION_INCOME":null,"FEE_COMMISSION_INCOME_YOY":null,"ACCOUNTS_RECE_TDAYS":null,"INVENTORY_TDAYS":null,"CURRENT_ASSETS_TDAYS":3.623389271946,"TOTAL_ASSETS_TDAYS":1.702198184038,"PREMIUM_EXPENSE":null,"LOAN_DEPOSIT":null,"LOAN_EQUITY":null,"LOAN_ASSETS":null,"DEPOSIT_EQUITY":null,"DEPOSIT_ASSETS":null,"EQUITY_MULTIPLIER":null,"EQUITY_RATIO":null},{"SECUCODE":"02429.HK","SECURITY_CODE":"02429","SECURITY_NAME_ABBR":"友宝在线","ORG_CODE":"10488877","STD_REPORT_DATE":"2020-12-31 00:00:00","REPORT_DATE":"2020-12-31 00:00:00","DATE_TYPE_CODE":"001","REPORT_TYPE":"2020年年报","PER_NETCASH_OPERATE":-0.042189000065,"PER_OI":2.511703393423,"BPS":1.861503002519,"BASIC_EPS":-1.55,"DILUTED_EPS":-1.55,"OPERATE_INCOME":1902010000,"OPERATE_INCOME_YOY":-30.264447411,"GROSS_PROFIT":558561000,"GROSS_PROFIT_YOY":-57.977529273335,"HOLDER_PROFIT":-1172461000,"HOLDER_PROFIT_YOY":-2697.2730494883,"GROSS_PROFIT_RATIO":29.366880300314,"EPS_TTM":-1.548295893479,"OPERATE_INCOME_QOQ":-30.26444741098,"NET_PROFIT_RATIO":-62.2602404824,"ROE_AVG":-57.557897930375,"GROSS_PROFIT_QOQ":-57.977529273335,"ROA":-40.237085825213,"HOLDER_PROFIT_QOQ":-2697.27304948828,"ROE_YEARLY":-57.557897930375,"ROIC_YEARLY":-43.682027479797,"TOTAL_ASSETS":2198724000,"TOTAL_LIABILITIES":729806000,"TAX_EBT":-1.081667981194,"OCF_SALES":-1.679696741868,"TOTAL_PARENT_EQUITY":1451666000,"DEBT_ASSET_RATIO":33.1922515059,"OPERATE_PROFIT":-1135708000,"PRETAX_PROFIT":-1171524000,"NETCASH_OPERATE":-31948000,"NETCASH_INVEST":189171000,"NETCASH_FINANCE":-188557000,"END_CASH":191015000,"DIVI_RATIO":null,"DIVIDEND_RATE":null,"CURRENT_RATIO":1.678449788755,"COMMON_ACS":null,"CURRENTDEBT_DEBT":84.323779196115,"ISSUED_COMMON_SHARES":779835433,"HK_COMMON_SHARES":701728759,"PER_SHARES":500,"TOTAL_MARKET_CAP":3220720338.29,"HKSK_MARKET_CAP":2898139774.67,"PE_TTM":-10.5198015898,"PB_TTM":3.359824616668,"REPORT_DATE_SQ":"2019-12-31 00:00:00","REPORT_TYPE_SQ":"2019年年报","OPERATE_INCOME_SQ":2727461000,"DPS_HKD":null,"OPERATE_INCOME_QOQ_SQ":null,"NET_PROFIT_RATIO_SQ":1.4536963132,"HOLDER_PROFIT_SQ":45142000,"HOLDER_PROFIT_QOQ_SQ":null,"ROE_AVG_SQ":1.721428470647,"PE_TTM_SQ":-37.030409329967,"PB_TTM_SQ":13.027456033441,"ROA_SQ":1.243910577979,"START_DATE":"2020-01-01 00:00:00","FISCAL_YEAR":"12-31","CURRENCY":"HKD","IS_CNY_CODE":0,"DPS_HKD_LY":null,"ORG_TYPE":"一般企业","PREMIUM_INCOME":null,"PREMIUM_INCOME_YOY":null,"NET_INTEREST_INCOME":null,"NET_INTEREST_INCOME_YOY":null,"FEE_COMMISSION_INCOME":null,"FEE_COMMISSION_INCOME_YOY":null,"ACCOUNTS_RECE_TDAYS":8.264057404917,"INVENTORY_TDAYS":7.046289084525,"CURRENT_ASSETS_TDAYS":1.322405123841,"TOTAL_ASSETS_TDAYS":0.652741026016,"PREMIUM_EXPENSE":null,"LOAN_DEPOSIT":null,"LOAN_EQUITY":null,"LOAN_ASSETS":null,"DEPOSIT_EQUITY":null,"DEPOSIT_ASSETS":null,"EQUITY_MULTIPLIER":1.496832362324,"EQUITY_RATIO":0.502736855447}],"count":10},"success":true,"message":"ok","code":0}