{"version":"86e293c266b6668fa75254b381a092b8","result":{"pages":2,"data":[{"SECUCODE":"02421.HK","SECURITY_CODE":"02421","SECURITY_NAME_ABBR":"嘉创地产","ORG_CODE":"10000314532","STD_REPORT_DATE":"2024-06-30 00:00:00","REPORT_DATE":"2024-09-30 00:00:00","DATE_TYPE_CODE":"002","REPORT_TYPE":"2024年中报","PER_NETCASH_OPERATE":-0.022951737042,"PER_OI":0.206294542081,"BPS":1.702742256683,"BASIC_EPS":0.041,"DILUTED_EPS":0.041,"OPERATE_INCOME":104254000,"OPERATE_INCOME_YOY":1.985835029,"GROSS_PROFIT":63641000,"GROSS_PROFIT_YOY":-8.66414076179,"HOLDER_PROFIT":20575000,"HOLDER_PROFIT_YOY":-8.9762873828,"GROSS_PROFIT_RATIO":61.044180559019,"EPS_TTM":0.079287279209,"OPERATE_INCOME_QOQ":0,"NET_PROFIT_RATIO":19.7354537955,"ROE_AVG":2.406814179323,"GROSS_PROFIT_QOQ":0,"ROA":1.496715228377,"HOLDER_PROFIT_QOQ":0,"ROE_YEARLY":4.813628358646,"ROIC_YEARLY":3.402652911625,"TOTAL_ASSETS":1361572000,"TOTAL_LIABILITIES":501066000,"TAX_EBT":51.821758066782,"OCF_SALES":-11.125712202889,"TOTAL_PARENT_EQUITY":860506000,"DEBT_ASSET_RATIO":36.8005511277,"OPERATE_PROFIT":41147000,"PRETAX_PROFIT":42706000,"NETCASH_OPERATE":-11599000,"NETCASH_INVEST":1337000,"NETCASH_FINANCE":-9409000,"END_CASH":155491000,"DIVI_RATIO":0.228674765749,"DIVIDEND_RATE":3.448275862069,"CURRENT_RATIO":2.333954230974,"COMMON_ACS":1000000000,"CURRENTDEBT_DEBT":96.000127727685,"ISSUED_COMMON_SHARES":505364800,"HK_COMMON_SHARES":505364800,"PER_SHARES":2000,"TOTAL_MARKET_CAP":293111584,"HKSK_MARKET_CAP":293111584,"PE_TTM":6.91592082949,"PB_TTM":0.307174029391,"REPORT_DATE_SQ":"2023-06-30 00:00:00","REPORT_TYPE_SQ":"2023年中报","OPERATE_INCOME_SQ":102224000,"DPS_HKD":0.02,"OPERATE_INCOME_QOQ_SQ":0,"NET_PROFIT_RATIO_SQ":22.1122241352,"HOLDER_PROFIT_SQ":22604000,"HOLDER_PROFIT_QOQ_SQ":0,"ROE_AVG_SQ":2.717403391465,"PE_TTM_SQ":5.956218604964,"PB_TTM_SQ":0.477569079402,"ROA_SQ":1.521203233802,"START_DATE":"2024-04-01 00:00:00","FISCAL_YEAR":"3-31","CURRENCY":"HKD","IS_CNY_CODE":0,"DPS_HKD_LY":0.02,"ORG_TYPE":"一般企业","PREMIUM_INCOME":null,"PREMIUM_INCOME_YOY":null,"NET_INTEREST_INCOME":null,"NET_INTEREST_INCOME_YOY":null,"FEE_COMMISSION_INCOME":null,"FEE_COMMISSION_INCOME_YOY":null,"ACCOUNTS_RECE_TDAYS":null,"INVENTORY_TDAYS":0.042857602653,"CURRENT_ASSETS_TDAYS":0.091409502366,"TOTAL_ASSETS_TDAYS":0.075838906158,"PREMIUM_EXPENSE":null,"LOAN_DEPOSIT":null,"LOAN_EQUITY":null,"LOAN_ASSETS":null,"DEPOSIT_EQUITY":null,"DEPOSIT_ASSETS":null,"EQUITY_MULTIPLIER":1.582292279195,"EQUITY_RATIO":0.582292279194},{"SECUCODE":"02421.HK","SECURITY_CODE":"02421","SECURITY_NAME_ABBR":"嘉创地产","ORG_CODE":"10000314532","STD_REPORT_DATE":"2023-12-31 00:00:00","REPORT_DATE":"2024-03-31 00:00:00","DATE_TYPE_CODE":"001","REPORT_TYPE":"2023年年报","PER_NETCASH_OPERATE":-0.156585895971,"PER_OI":0.448937084656,"BPS":1.680415810519,"BASIC_EPS":0.079,"DILUTED_EPS":0.079,"OPERATE_INCOME":226877000,"OPERATE_INCOME_YOY":-67.623735107,"GROSS_PROFIT":145724000,"GROSS_PROFIT_YOY":-71.809831854093,"HOLDER_PROFIT":40069000,"HOLDER_PROFIT_YOY":-77.8435796202,"GROSS_PROFIT_RATIO":64.230397968944,"EPS_TTM":0.119365258522,"OPERATE_INCOME_QOQ":0,"NET_PROFIT_RATIO":17.6611115274,"ROE_AVG":4.776439300336,"GROSS_PROFIT_QOQ":0,"ROA":2.763115385186,"HOLDER_PROFIT_QOQ":0,"ROE_YEARLY":4.776439300336,"ROIC_YEARLY":3.261248209402,"TOTAL_ASSETS":1387782000,"TOTAL_LIABILITIES":538559000,"TAX_EBT":53.454144159842,"OCF_SALES":-34.879251753153,"TOTAL_PARENT_EQUITY":849223000,"DEBT_ASSET_RATIO":38.8071757668,"OPERATE_PROFIT":83504000,"PRETAX_PROFIT":86085000,"NETCASH_OPERATE":-79133000,"NETCASH_INVEST":2636000,"NETCASH_FINANCE":-19367000,"END_CASH":175162000,"DIVI_RATIO":0.151895117763,"DIVIDEND_RATE":3.225806451613,"CURRENT_RATIO":2.233994461031,"COMMON_ACS":1000000000,"CURRENTDEBT_DEBT":96.276916735214,"ISSUED_COMMON_SHARES":505364800,"HK_COMMON_SHARES":505364800,"PER_SHARES":2000,"TOTAL_MARKET_CAP":313326176,"HKSK_MARKET_CAP":313326176,"PE_TTM":7.392880886697,"PB_TTM":0.328358445211,"REPORT_DATE_SQ":"2022-12-31 00:00:00","REPORT_TYPE_SQ":"2022年年报","OPERATE_INCOME_SQ":700751000,"DPS_HKD":0.02,"OPERATE_INCOME_QOQ_SQ":0,"NET_PROFIT_RATIO_SQ":25.8074551446,"HOLDER_PROFIT_SQ":180846000,"HOLDER_PROFIT_QOQ_SQ":0,"ROE_AVG_SQ":22.932131562463,"PE_TTM_SQ":2.079344799624,"PB_TTM_SQ":0.472015950571,"ROA_SQ":10.370519890793,"START_DATE":"2023-04-01 00:00:00","FISCAL_YEAR":"3-31","CURRENCY":"HKD","IS_CNY_CODE":0,"DPS_HKD_LY":0.04,"ORG_TYPE":"一般企业","PREMIUM_INCOME":null,"PREMIUM_INCOME_YOY":null,"NET_INTEREST_INCOME":null,"NET_INTEREST_INCOME_YOY":null,"FEE_COMMISSION_INCOME":null,"FEE_COMMISSION_INCOME_YOY":null,"ACCOUNTS_RECE_TDAYS":null,"INVENTORY_TDAYS":0.080307005847,"CURRENT_ASSETS_TDAYS":0.181977507578,"TOTAL_ASSETS_TDAYS":0.156451952693,"PREMIUM_EXPENSE":null,"LOAN_DEPOSIT":null,"LOAN_EQUITY":null,"LOAN_ASSETS":null,"DEPOSIT_EQUITY":null,"DEPOSIT_ASSETS":null,"EQUITY_MULTIPLIER":1.634178537322,"EQUITY_RATIO":0.634178537322},{"SECUCODE":"02421.HK","SECURITY_CODE":"02421","SECURITY_NAME_ABBR":"嘉创地产","ORG_CODE":"10000314532","STD_REPORT_DATE":"2023-06-30 00:00:00","REPORT_DATE":"2023-09-30 00:00:00","DATE_TYPE_CODE":"002","REPORT_TYPE":"2023年中报","PER_NETCASH_OPERATE":-0.139873216338,"PER_OI":0.202277641814,"BPS":1.65245581014,"BASIC_EPS":0.045,"DILUTED_EPS":0.045,"OPERATE_INCOME":102224000,"OPERATE_INCOME_YOY":-78.3886175768,"GROSS_PROFIT":69678000,"GROSS_PROFIT_YOY":-80.340995336213,"HOLDER_PROFIT":22604000,"HOLDER_PROFIT_YOY":-84.2070329148,"GROSS_PROFIT_RATIO":68.162075442166,"EPS_TTM":0.357852387028,"OPERATE_INCOME_QOQ":0,"NET_PROFIT_RATIO":22.1122241352,"ROE_AVG":2.717403391465,"GROSS_PROFIT_QOQ":0,"ROA":1.521203233802,"HOLDER_PROFIT_QOQ":0,"ROE_YEARLY":5.434806782929,"ROIC_YEARLY":3.616674720077,"TOTAL_ASSETS":1459363000,"TOTAL_LIABILITIES":624270000,"TAX_EBT":55.4715048362,"OCF_SALES":-69.149123493505,"TOTAL_PARENT_EQUITY":835093000,"DEBT_ASSET_RATIO":42.7768827906,"OPERATE_PROFIT":49502000,"PRETAX_PROFIT":50763000,"NETCASH_OPERATE":-70687000,"NETCASH_INVEST":1160000,"NETCASH_FINANCE":4863000,"END_CASH":204047000,"DIVI_RATIO":0.050666142402,"DIVIDEND_RATE":3.225806451613,"CURRENT_RATIO":2.053677784395,"COMMON_ACS":1000000000,"CURRENTDEBT_DEBT":96.823489836129,"ISSUED_COMMON_SHARES":505364800,"HK_COMMON_SHARES":505364800,"PER_SHARES":2000,"TOTAL_MARKET_CAP":313326176,"HKSK_MARKET_CAP":313326176,"PE_TTM":7.392880886697,"PB_TTM":0.328358445211,"REPORT_DATE_SQ":"2022-06-30 00:00:00","REPORT_TYPE_SQ":"2022年中报","OPERATE_INCOME_SQ":473010000,"DPS_HKD":0.02,"OPERATE_INCOME_QOQ_SQ":0,"NET_PROFIT_RATIO_SQ":30.2587683136,"HOLDER_PROFIT_SQ":143127000,"HOLDER_PROFIT_QOQ_SQ":0,"ROE_AVG_SQ":18.668280540065,"PE_TTM_SQ":2.079344799624,"PB_TTM_SQ":0.472015950571,"ROA_SQ":8.063188600768,"START_DATE":"2023-04-01 00:00:00","FISCAL_YEAR":"3-31","CURRENCY":"HKD","IS_CNY_CODE":0,"DPS_HKD_LY":0.04,"ORG_TYPE":"一般企业","PREMIUM_INCOME":null,"PREMIUM_INCOME_YOY":null,"NET_INTEREST_INCOME":null,"NET_INTEREST_INCOME_YOY":null,"FEE_COMMISSION_INCOME":null,"FEE_COMMISSION_INCOME_YOY":null,"ACCOUNTS_RECE_TDAYS":null,"INVENTORY_TDAYS":0.031441081783,"CURRENT_ASSETS_TDAYS":0.079352813161,"TOTAL_ASSETS_TDAYS":0.068794673231,"PREMIUM_EXPENSE":null,"LOAN_DEPOSIT":null,"LOAN_EQUITY":null,"LOAN_ASSETS":null,"DEPOSIT_EQUITY":null,"DEPOSIT_ASSETS":null,"EQUITY_MULTIPLIER":1.747545482957,"EQUITY_RATIO":0.747545482958},{"SECUCODE":"02421.HK","SECURITY_CODE":"02421","SECURITY_NAME_ABBR":"嘉创地产","ORG_CODE":"10000314532","STD_REPORT_DATE":"2022-12-31 00:00:00","REPORT_DATE":"2023-03-31 00:00:00","DATE_TYPE_CODE":"001","REPORT_TYPE":"2022年年报","PER_NETCASH_OPERATE":-0.018727066072,"PER_OI":1.38662407829,"BPS":1.639516642235,"BASIC_EPS":0.358,"DILUTED_EPS":0.358,"OPERATE_INCOME":700751000,"OPERATE_INCOME_YOY":-9.6452218089,"GROSS_PROFIT":516932000,"GROSS_PROFIT_YOY":-11.936776939051,"HOLDER_PROFIT":180846000,"HOLDER_PROFIT_YOY":-25.7793646885,"GROSS_PROFIT_RATIO":73.768285739157,"EPS_TTM":null,"OPERATE_INCOME_QOQ":0,"NET_PROFIT_RATIO":25.8074551446,"ROE_AVG":22.932131562463,"GROSS_PROFIT_QOQ":0,"ROA":10.370519890793,"HOLDER_PROFIT_QOQ":0,"ROE_YEARLY":22.932131562463,"ROIC_YEARLY":13.417069768822,"TOTAL_ASSETS":1512495000,"TOTAL_LIABILITIES":683941000,"TAX_EBT":59.733704425271,"OCF_SALES":-1.350551051657,"TOTAL_PARENT_EQUITY":828554000,"DEBT_ASSET_RATIO":45.219389155,"OPERATE_PROFIT":449510000,"PRETAX_PROFIT":449125000,"NETCASH_OPERATE":-9464000,"NETCASH_INVEST":5245000,"NETCASH_FINANCE":-253308000,"END_CASH":267835000,"DIVI_RATIO":null,"DIVIDEND_RATE":3.448275862069,"CURRENT_RATIO":2.014405878226,"COMMON_ACS":1000000000,"CURRENTDEBT_DEBT":96.906750728499,"ISSUED_COMMON_SHARES":505364800,"HK_COMMON_SHARES":505364800,"PER_SHARES":2000,"TOTAL_MARKET_CAP":293111584,"HKSK_MARKET_CAP":293111584,"PE_TTM":6.91592082949,"PB_TTM":0.307174029391,"REPORT_DATE_SQ":"2021-12-31 00:00:00","REPORT_TYPE_SQ":"2021年年报","OPERATE_INCOME_SQ":775555000,"DPS_HKD":0.02,"OPERATE_INCOME_QOQ_SQ":0,"NET_PROFIT_RATIO_SQ":31.4175010154,"HOLDER_PROFIT_SQ":243660000,"HOLDER_PROFIT_QOQ_SQ":0,"ROE_AVG_SQ":41.334665578704,"PE_TTM_SQ":2.152733439611,"PB_TTM_SQ":0.488675337062,"ROA_SQ":11.670124295014,"START_DATE":"2022-04-01 00:00:00","FISCAL_YEAR":"3-31","CURRENCY":"HKD","IS_CNY_CODE":0,"DPS_HKD_LY":null,"ORG_TYPE":"一般企业","PREMIUM_INCOME":null,"PREMIUM_INCOME_YOY":null,"NET_INTEREST_INCOME":null,"NET_INTEREST_INCOME_YOY":null,"FEE_COMMISSION_INCOME":null,"FEE_COMMISSION_INCOME_YOY":null,"ACCOUNTS_RECE_TDAYS":null,"INVENTORY_TDAYS":0.176321205229,"CURRENT_ASSETS_TDAYS":0.454959555241,"TOTAL_ASSETS_TDAYS":0.401842019397,"PREMIUM_EXPENSE":null,"LOAN_DEPOSIT":null,"LOAN_EQUITY":null,"LOAN_ASSETS":null,"DEPOSIT_EQUITY":null,"DEPOSIT_ASSETS":null,"EQUITY_MULTIPLIER":1.825463397678,"EQUITY_RATIO":0.825463397678},{"SECUCODE":"02421.HK","SECURITY_CODE":"02421","SECURITY_NAME_ABBR":"嘉创地产","ORG_CODE":"10000314532","STD_REPORT_DATE":"2022-06-30 00:00:00","REPORT_DATE":"2022-09-30 00:00:00","DATE_TYPE_CODE":"002","REPORT_TYPE":"2022年中报","PER_NETCASH_OPERATE":null,"PER_OI":null,"BPS":1.552733787553,"BASIC_EPS":0.283,"DILUTED_EPS":0.283,"OPERATE_INCOME":473010000,"OPERATE_INCOME_YOY":31.4398612825,"GROSS_PROFIT":354433000,"GROSS_PROFIT_YOY":30.714251468739,"HOLDER_PROFIT":143127000,"HOLDER_PROFIT_YOY":24.172125103,"GROSS_PROFIT_RATIO":74.931396799222,"EPS_TTM":null,"OPERATE_INCOME_QOQ":0,"NET_PROFIT_RATIO":30.2587683136,"ROE_AVG":18.668280540065,"GROSS_PROFIT_QOQ":0,"ROA":8.063188600768,"HOLDER_PROFIT_QOQ":0,"ROE_YEARLY":37.33656108013,"ROIC_YEARLY":21.552098316852,"TOTAL_ASSETS":1574935000,"TOTAL_LIABILITIES":790238000,"TAX_EBT":56.773971423653,"OCF_SALES":-12.760618168749,"TOTAL_PARENT_EQUITY":784697000,"DEBT_ASSET_RATIO":50.1759120218,"OPERATE_PROFIT":329791000,"PRETAX_PROFIT":331113000,"NETCASH_OPERATE":-60359000,"NETCASH_INVEST":2798000,"NETCASH_FINANCE":-99418000,"END_CASH":369644000,"DIVI_RATIO":null,"DIVIDEND_RATE":3.448275862069,"CURRENT_RATIO":1.83538376599,"COMMON_ACS":1000000000,"CURRENTDEBT_DEBT":97.181861666992,"ISSUED_COMMON_SHARES":505364800,"HK_COMMON_SHARES":505364800,"PER_SHARES":2000,"TOTAL_MARKET_CAP":293111584,"HKSK_MARKET_CAP":293111584,"PE_TTM":6.91592082949,"PB_TTM":0.307174029391,"REPORT_DATE_SQ":"2021-06-30 00:00:00","REPORT_TYPE_SQ":"2021年中报","OPERATE_INCOME_SQ":359868000,"DPS_HKD":0.02,"OPERATE_INCOME_QOQ_SQ":0,"NET_PROFIT_RATIO_SQ":32.0297998155,"HOLDER_PROFIT_SQ":115265000,"HOLDER_PROFIT_QOQ_SQ":0,"ROE_AVG_SQ":23.477998733066,"PE_TTM_SQ":2.152733439611,"PB_TTM_SQ":0.488675337062,"ROA_SQ":4.788599920817,"START_DATE":"2022-04-01 00:00:00","FISCAL_YEAR":"3-31","CURRENCY":"HKD","IS_CNY_CODE":0,"DPS_HKD_LY":null,"ORG_TYPE":"一般企业","PREMIUM_INCOME":null,"PREMIUM_INCOME_YOY":null,"NET_INTEREST_INCOME":null,"NET_INTEREST_INCOME_YOY":null,"FEE_COMMISSION_INCOME":null,"FEE_COMMISSION_INCOME_YOY":null,"ACCOUNTS_RECE_TDAYS":null,"INVENTORY_TDAYS":0.121974978964,"CURRENT_ASSETS_TDAYS":0.299857744915,"TOTAL_ASSETS_TDAYS":0.26647444857,"PREMIUM_EXPENSE":null,"LOAN_DEPOSIT":null,"LOAN_EQUITY":null,"LOAN_ASSETS":null,"DEPOSIT_EQUITY":null,"DEPOSIT_ASSETS":null,"EQUITY_MULTIPLIER":2.007061324309,"EQUITY_RATIO":1.007061324307},{"SECUCODE":"02421.HK","SECURITY_CODE":"02421","SECURITY_NAME_ABBR":"嘉创地产","ORG_CODE":"10000314532","STD_REPORT_DATE":"2021-12-31 00:00:00","REPORT_DATE":"2022-03-31 00:00:00","DATE_TYPE_CODE":"001","REPORT_TYPE":"2021年年报","PER_NETCASH_OPERATE":null,"PER_OI":null,"BPS":1.481452606117,"BASIC_EPS":0.482,"DILUTED_EPS":0.482,"OPERATE_INCOME":775555000,"OPERATE_INCOME_YOY":31.2713374847,"GROSS_PROFIT":587001000,"GROSS_PROFIT_YOY":36.726170788632,"HOLDER_PROFIT":243660000,"HOLDER_PROFIT_YOY":51.8102465374,"GROSS_PROFIT_RATIO":75.687862240589,"EPS_TTM":0.031768171424,"OPERATE_INCOME_QOQ":0,"NET_PROFIT_RATIO":31.4175010154,"ROE_AVG":41.334665578704,"GROSS_PROFIT_QOQ":0,"ROA":11.670124295014,"HOLDER_PROFIT_QOQ":0,"ROE_YEARLY":41.334665578704,"ROIC_YEARLY":15.20578925822,"TOTAL_ASSETS":1975199000,"TOTAL_LIABILITIES":1226525000,"TAX_EBT":56.345928862819,"OCF_SALES":62.328010263618,"TOTAL_PARENT_EQUITY":748674000,"DEBT_ASSET_RATIO":62.0962748564,"OPERATE_PROFIT":549415000,"PRETAX_PROFIT":558161000,"NETCASH_OPERATE":483388000,"NETCASH_INVEST":11181000,"NETCASH_FINANCE":-417363000,"END_CASH":524099000,"DIVI_RATIO":0.570728474043,"DIVIDEND_RATE":3.448275862069,"CURRENT_RATIO":1.448150090272,"COMMON_ACS":1000000000,"CURRENTDEBT_DEBT":98.265261613094,"ISSUED_COMMON_SHARES":505364800,"HK_COMMON_SHARES":505364800,"PER_SHARES":2000,"TOTAL_MARKET_CAP":293111584,"HKSK_MARKET_CAP":293111584,"PE_TTM":6.91592082949,"PB_TTM":0.307174029391,"REPORT_DATE_SQ":"2020-12-31 00:00:00","REPORT_TYPE_SQ":"2020年年报","OPERATE_INCOME_SQ":590803000,"DPS_HKD":0.02,"OPERATE_INCOME_QOQ_SQ":0,"NET_PROFIT_RATIO_SQ":27.1669236615,"HOLDER_PROFIT_SQ":160503000,"HOLDER_PROFIT_QOQ_SQ":0,"ROE_AVG_SQ":42.609737935099,"PE_TTM_SQ":2.152733439611,"PB_TTM_SQ":0.488675337062,"ROA_SQ":8.185691882036,"START_DATE":"2021-04-01 00:00:00","FISCAL_YEAR":"3-31","CURRENCY":"HKD","IS_CNY_CODE":0,"DPS_HKD_LY":null,"ORG_TYPE":"一般企业","PREMIUM_INCOME":null,"PREMIUM_INCOME_YOY":null,"NET_INTEREST_INCOME":null,"NET_INTEREST_INCOME_YOY":null,"FEE_COMMISSION_INCOME":null,"FEE_COMMISSION_INCOME_YOY":null,"ACCOUNTS_RECE_TDAYS":null,"INVENTORY_TDAYS":0.190127878579,"CURRENT_ASSETS_TDAYS":0.41095091962,"TOTAL_ASSETS_TDAYS":0.371452977412,"PREMIUM_EXPENSE":null,"LOAN_DEPOSIT":null,"LOAN_EQUITY":null,"LOAN_ASSETS":null,"DEPOSIT_EQUITY":null,"DEPOSIT_ASSETS":null,"EQUITY_MULTIPLIER":2.638263115859,"EQUITY_RATIO":1.638263115855},{"SECUCODE":"02421.HK","SECURITY_CODE":"02421","SECURITY_NAME_ABBR":"嘉创地产","ORG_CODE":"10000314532","STD_REPORT_DATE":"2021-06-30 00:00:00","REPORT_DATE":"2021-09-30 00:00:00","DATE_TYPE_CODE":"002","REPORT_TYPE":"2021年中报","PER_NETCASH_OPERATE":0.045100161681,"PER_OI":0.05862862989,"BPS":1.091508549863,"BASIC_EPS":null,"DILUTED_EPS":null,"OPERATE_INCOME":359868000,"OPERATE_INCOME_YOY":12.574138492,"GROSS_PROFIT":271151000,"GROSS_PROFIT_YOY":19.263266697456,"HOLDER_PROFIT":115265000,"HOLDER_PROFIT_YOY":42.7041549052,"GROSS_PROFIT_RATIO":75.347349583736,"EPS_TTM":0.026529105006,"OPERATE_INCOME_QOQ":0,"NET_PROFIT_RATIO":32.0297998155,"ROE_AVG":23.477998733066,"GROSS_PROFIT_QOQ":0,"ROA":4.788599920817,"HOLDER_PROFIT_QOQ":0,"ROE_YEARLY":46.955997466132,"ROIC_YEARLY":12.742226249826,"TOTAL_ASSETS":2613550000,"TOTAL_LIABILITIES":2061940000,"TAX_EBT":56.121617711997,"OCF_SALES":76.9251503329,"TOTAL_PARENT_EQUITY":551610000,"DEBT_ASSET_RATIO":78.8942243309,"OPERATE_PROFIT":257911000,"PRETAX_PROFIT":262692000,"NETCASH_OPERATE":276829000,"NETCASH_INVEST":5666000,"NETCASH_FINANCE":19594000,"END_CASH":748919000,"DIVI_RATIO":0.68343805777,"DIVIDEND_RATE":3.448275862069,"CURRENT_RATIO":1.306241534995,"COMMON_ACS":1000000000,"CURRENTDEBT_DEBT":89.769973908067,"ISSUED_COMMON_SHARES":505364800,"HK_COMMON_SHARES":505364800,"PER_SHARES":2000,"TOTAL_MARKET_CAP":293111584,"HKSK_MARKET_CAP":293111584,"PE_TTM":6.91592082949,"PB_TTM":0.307174029391,"REPORT_DATE_SQ":"2020-06-30 00:00:00","REPORT_TYPE_SQ":"2020年中报","OPERATE_INCOME_SQ":319672000,"DPS_HKD":0.02,"OPERATE_INCOME_QOQ_SQ":0,"NET_PROFIT_RATIO_SQ":25.2671488275,"HOLDER_PROFIT_SQ":80772000,"HOLDER_PROFIT_QOQ_SQ":0,"ROE_AVG_SQ":null,"PE_TTM_SQ":2.152733439611,"PB_TTM_SQ":0.488675337062,"ROA_SQ":null,"START_DATE":"2021-04-01 00:00:00","FISCAL_YEAR":"3-31","CURRENCY":"HKD","IS_CNY_CODE":0,"DPS_HKD_LY":null,"ORG_TYPE":"一般企业","PREMIUM_INCOME":null,"PREMIUM_INCOME_YOY":null,"NET_INTEREST_INCOME":null,"NET_INTEREST_INCOME_YOY":null,"FEE_COMMISSION_INCOME":null,"FEE_COMMISSION_INCOME_YOY":null,"ACCOUNTS_RECE_TDAYS":null,"INVENTORY_TDAYS":0.093382973662,"CURRENT_ASSETS_TDAYS":0.161850522092,"TOTAL_ASSETS_TDAYS":0.149504522301,"PREMIUM_EXPENSE":null,"LOAN_DEPOSIT":null,"LOAN_EQUITY":null,"LOAN_ASSETS":null,"DEPOSIT_EQUITY":null,"DEPOSIT_ASSETS":null,"EQUITY_MULTIPLIER":4.738039556935,"EQUITY_RATIO":3.738039556933},{"SECUCODE":"02421.HK","SECURITY_CODE":"02421","SECURITY_NAME_ABBR":"嘉创地产","ORG_CODE":"10000314532","STD_REPORT_DATE":"2020-12-31 00:00:00","REPORT_DATE":"2021-03-31 00:00:00","DATE_TYPE_CODE":"001","REPORT_TYPE":"2020年年报","PER_NETCASH_OPERATE":0.029737661771,"PER_OI":0.097652223479,"BPS":0.851440385243,"BASIC_EPS":null,"DILUTED_EPS":null,"OPERATE_INCOME":590803000,"OPERATE_INCOME_YOY":22.6297174217,"GROSS_PROFIT":429326000,"GROSS_PROFIT_YOY":23.008291740922,"HOLDER_PROFIT":160503000,"HOLDER_PROFIT_YOY":24.4817236325,"GROSS_PROFIT_RATIO":72.668215970467,"EPS_TTM":0.023039413482,"OPERATE_INCOME_QOQ":0,"NET_PROFIT_RATIO":27.1669236615,"ROE_AVG":42.609737935099,"GROSS_PROFIT_QOQ":0,"ROA":8.185691882036,"HOLDER_PROFIT_QOQ":0,"ROE_YEARLY":42.609737935099,"ROIC_YEARLY":9.864799457907,"TOTAL_ASSETS":2200592000,"TOTAL_LIABILITIES":1770304000,"TAX_EBT":58.843696151637,"OCF_SALES":30.452621262925,"TOTAL_PARENT_EQUITY":430288000,"DEBT_ASSET_RATIO":80.4467161564,"OPERATE_PROFIT":381063000,"PRETAX_PROFIT":389984000,"NETCASH_OPERATE":179915000,"NETCASH_INVEST":8687000,"NETCASH_FINANCE":38933000,"END_CASH":446860000,"DIVI_RATIO":0.78695579703,"DIVIDEND_RATE":3.448275862069,"CURRENT_RATIO":1.382931768102,"COMMON_ACS":1000000000,"CURRENTDEBT_DEBT":82.879381168432,"ISSUED_COMMON_SHARES":505364800,"HK_COMMON_SHARES":505364800,"PER_SHARES":2000,"TOTAL_MARKET_CAP":293111584,"HKSK_MARKET_CAP":293111584,"PE_TTM":6.91592082949,"PB_TTM":0.307174029391,"REPORT_DATE_SQ":"2019-12-31 00:00:00","REPORT_TYPE_SQ":"2019年年报","OPERATE_INCOME_SQ":481778000,"DPS_HKD":0.02,"OPERATE_INCOME_QOQ_SQ":0,"NET_PROFIT_RATIO_SQ":26.7627413456,"HOLDER_PROFIT_SQ":128937000,"HOLDER_PROFIT_QOQ_SQ":0,"ROE_AVG_SQ":46.748486276785,"PE_TTM_SQ":2.152733439611,"PB_TTM_SQ":0.488675337062,"ROA_SQ":8.511648171742,"START_DATE":"2020-04-01 00:00:00","FISCAL_YEAR":"3-31","CURRENCY":"HKD","IS_CNY_CODE":0,"DPS_HKD_LY":null,"ORG_TYPE":"一般企业","PREMIUM_INCOME":null,"PREMIUM_INCOME_YOY":null,"NET_INTEREST_INCOME":null,"NET_INTEREST_INCOME_YOY":null,"FEE_COMMISSION_INCOME":null,"FEE_COMMISSION_INCOME_YOY":null,"ACCOUNTS_RECE_TDAYS":null,"INVENTORY_TDAYS":0.185591881066,"CURRENT_ASSETS_TDAYS":0.326850571737,"TOTAL_ASSETS_TDAYS":0.301310961227,"PREMIUM_EXPENSE":null,"LOAN_DEPOSIT":null,"LOAN_EQUITY":null,"LOAN_ASSETS":null,"DEPOSIT_EQUITY":null,"DEPOSIT_ASSETS":null,"EQUITY_MULTIPLIER":5.114230468901,"EQUITY_RATIO":4.114230468895},{"SECUCODE":"02421.HK","SECURITY_CODE":"02421","SECURITY_NAME_ABBR":"嘉创地产","ORG_CODE":"10000314532","STD_REPORT_DATE":"2020-06-30 00:00:00","REPORT_DATE":"2020-09-30 00:00:00","DATE_TYPE_CODE":"002","REPORT_TYPE":"2020年中报","PER_NETCASH_OPERATE":null,"PER_OI":null,"BPS":null,"BASIC_EPS":null,"DILUTED_EPS":null,"OPERATE_INCOME":319672000,"OPERATE_INCOME_YOY":null,"GROSS_PROFIT":227355000,"GROSS_PROFIT_YOY":null,"HOLDER_PROFIT":80772000,"HOLDER_PROFIT_YOY":null,"GROSS_PROFIT_RATIO":71.121336870292,"EPS_TTM":0.023039413482,"OPERATE_INCOME_QOQ":0,"NET_PROFIT_RATIO":25.2671488275,"ROE_AVG":null,"GROSS_PROFIT_QOQ":0,"ROA":null,"HOLDER_PROFIT_QOQ":0,"ROE_YEARLY":null,"ROIC_YEARLY":null,"TOTAL_ASSETS":null,"TOTAL_LIABILITIES":null,"TAX_EBT":60.266034375892,"OCF_SALES":70.599552040842,"TOTAL_PARENT_EQUITY":null,"DEBT_ASSET_RATIO":null,"OPERATE_PROFIT":null,"PRETAX_PROFIT":203282000,"NETCASH_OPERATE":225687000,"NETCASH_INVEST":-76185000,"NETCASH_FINANCE":-7477000,"END_CASH":361931000,"DIVI_RATIO":0.78695579703,"DIVIDEND_RATE":3.448275862069,"CURRENT_RATIO":null,"COMMON_ACS":1000000000,"CURRENTDEBT_DEBT":null,"ISSUED_COMMON_SHARES":505364800,"HK_COMMON_SHARES":505364800,"PER_SHARES":2000,"TOTAL_MARKET_CAP":293111584,"HKSK_MARKET_CAP":293111584,"PE_TTM":6.91592082949,"PB_TTM":0.307174029391,"REPORT_DATE_SQ":"2019-06-30 00:00:00","REPORT_TYPE_SQ":"2019年中报","OPERATE_INCOME_SQ":null,"DPS_HKD":0.02,"OPERATE_INCOME_QOQ_SQ":0,"NET_PROFIT_RATIO_SQ":null,"HOLDER_PROFIT_SQ":null,"HOLDER_PROFIT_QOQ_SQ":0,"ROE_AVG_SQ":null,"PE_TTM_SQ":2.152733439611,"PB_TTM_SQ":0.488675337062,"ROA_SQ":null,"START_DATE":"2020-04-01 00:00:00","FISCAL_YEAR":"3-31","CURRENCY":"HKD","IS_CNY_CODE":0,"DPS_HKD_LY":null,"ORG_TYPE":"一般企业","PREMIUM_INCOME":null,"PREMIUM_INCOME_YOY":null,"NET_INTEREST_INCOME":null,"NET_INTEREST_INCOME_YOY":null,"FEE_COMMISSION_INCOME":null,"FEE_COMMISSION_INCOME_YOY":null,"ACCOUNTS_RECE_TDAYS":null,"INVENTORY_TDAYS":null,"CURRENT_ASSETS_TDAYS":0.403100755644,"TOTAL_ASSETS_TDAYS":0.371504708424,"PREMIUM_EXPENSE":null,"LOAN_DEPOSIT":null,"LOAN_EQUITY":null,"LOAN_ASSETS":null,"DEPOSIT_EQUITY":null,"DEPOSIT_ASSETS":null,"EQUITY_MULTIPLIER":null,"EQUITY_RATIO":null}],"count":11},"success":true,"message":"ok","code":0}