{"version":"a6be4e3eda910e9fb8cd12c36ba83b57","result":{"pages":1,"data":[{"SECUCODE":"02422.HK","SECURITY_CODE":"02422","SECURITY_NAME_ABBR":"润歌互动","ORG_CODE":"10000268612","STD_REPORT_DATE":"2024-06-30 00:00:00","REPORT_DATE":"2024-06-30 00:00:00","DATE_TYPE_CODE":"002","REPORT_TYPE":"2024年中报","PER_NETCASH_OPERATE":-0.039894,"PER_OI":0.077469333333,"BPS":0.265837333333,"BASIC_EPS":0.01,"DILUTED_EPS":0.01,"OPERATE_INCOME":116204000,"OPERATE_INCOME_YOY":68.4726350127,"GROSS_PROFIT":41467000,"GROSS_PROFIT_YOY":-4.497927222478,"HOLDER_PROFIT":3457000,"HOLDER_PROFIT_YOY":-69.8841362488,"GROSS_PROFIT_RATIO":35.684658015215,"EPS_TTM":0.003024,"OPERATE_INCOME_QOQ":24.719201097026,"NET_PROFIT_RATIO":2.3501772744,"ROE_AVG":0.873628400883,"GROSS_PROFIT_QOQ":-1.920977308271,"ROA":0.554360436914,"HOLDER_PROFIT_QOQ":-63.879598662207,"ROE_YEARLY":1.747256801767,"ROIC_YEARLY":1.467859523678,"TOTAL_ASSETS":609819000,"TOTAL_LIABILITIES":211299000,"TAX_EBT":14.227386934673,"OCF_SALES":-51.496506144367,"TOTAL_PARENT_EQUITY":398756000,"DEBT_ASSET_RATIO":34.6494615615,"OPERATE_PROFIT":5670000,"PRETAX_PROFIT":3184000,"NETCASH_OPERATE":-59841000,"NETCASH_INVEST":-11764000,"NETCASH_FINANCE":4034000,"END_CASH":118908000,"DIVI_RATIO":null,"DIVIDEND_RATE":null,"CURRENT_RATIO":2.646528016501,"COMMON_ACS":2000000000,"CURRENTDEBT_DEBT":99.12399017506,"ISSUED_COMMON_SHARES":1500000000,"HK_COMMON_SHARES":1500000000,"PER_SHARES":4000,"TOTAL_MARKET_CAP":742500000,"HKSK_MARKET_CAP":742500000,"PE_TTM":142.927826419145,"PB_TTM":1.699447531824,"REPORT_DATE_SQ":"2023-06-30 00:00:00","REPORT_TYPE_SQ":"2023年中报","OPERATE_INCOME_SQ":68975000,"DPS_HKD":null,"OPERATE_INCOME_QOQ_SQ":-15.439356797394,"NET_PROFIT_RATIO_SQ":16.642261689,"HOLDER_PROFIT_SQ":11479000,"HOLDER_PROFIT_QOQ_SQ":-24.740522312891,"ROE_AVG_SQ":3.808686419589,"PE_TTM_SQ":11.136412956952,"PB_TTM_SQ":1.87978000059,"ROA_SQ":2.665521104848,"START_DATE":"2024-01-01 00:00:00","FISCAL_YEAR":"12-31","CURRENCY":"HKD","IS_CNY_CODE":0,"DPS_HKD_LY":null,"ORG_TYPE":"一般企业","PREMIUM_INCOME":null,"PREMIUM_INCOME_YOY":null,"NET_INTEREST_INCOME":null,"NET_INTEREST_INCOME_YOY":null,"FEE_COMMISSION_INCOME":null,"FEE_COMMISSION_INCOME_YOY":null,"ACCOUNTS_RECE_TDAYS":0.744909373548,"INVENTORY_TDAYS":11.11248234332,"CURRENT_ASSETS_TDAYS":0.204474350086,"TOTAL_ASSETS_TDAYS":0.186343361907,"PREMIUM_EXPENSE":null,"LOAN_DEPOSIT":null,"LOAN_EQUITY":null,"LOAN_ASSETS":null,"DEPOSIT_EQUITY":null,"DEPOSIT_ASSETS":null,"EQUITY_MULTIPLIER":1.530209274314,"EQUITY_RATIO":0.529895474927},{"SECUCODE":"02422.HK","SECURITY_CODE":"02422","SECURITY_NAME_ABBR":"润歌互动","ORG_CODE":"10000268612","STD_REPORT_DATE":"2023-12-31 00:00:00","REPORT_DATE":"2023-12-31 00:00:00","DATE_TYPE_CODE":"001","REPORT_TYPE":"2023年年报","PER_NETCASH_OPERATE":-0.051825333333,"PER_OI":0.127374666667,"BPS":0.261770666667,"BASIC_EPS":0.01,"DILUTED_EPS":0.01,"OPERATE_INCOME":191062000,"OPERATE_INCOME_YOY":-25.5383080467,"GROSS_PROFIT":101667000,"GROSS_PROFIT_YOY":-23.820977386144,"HOLDER_PROFIT":12558000,"HOLDER_PROFIT_YOY":-81.6679561479,"GROSS_PROFIT_RATIO":53.211522961133,"EPS_TTM":0.008372,"OPERATE_INCOME_QOQ":-11.94285055882,"NET_PROFIT_RATIO":6.5727355518,"ROE_AVG":3.63938288725,"GROSS_PROFIT_QOQ":-14.866019092279,"ROA":2.421790327495,"HOLDER_PROFIT_QOQ":-75.641547861507,"ROE_YEARLY":3.63938288725,"ROIC_YEARLY":3.783920597328,"TOTAL_ASSETS":637384000,"TOTAL_LIABILITIES":244728000,"TAX_EBT":15.712463923753,"OCF_SALES":-40.687316159153,"TOTAL_PARENT_EQUITY":392656000,"DEBT_ASSET_RATIO":38.3956923927,"OPERATE_PROFIT":17523000,"PRETAX_PROFIT":14899000,"NETCASH_OPERATE":-77738000,"NETCASH_INVEST":-100824000,"NETCASH_FINANCE":178192000,"END_CASH":186479000,"DIVI_RATIO":null,"DIVIDEND_RATE":null,"CURRENT_RATIO":2.412087320326,"COMMON_ACS":2000000000,"CURRENTDEBT_DEBT":98.644209081102,"ISSUED_COMMON_SHARES":1500000000,"HK_COMMON_SHARES":1500000000,"PER_SHARES":4000,"TOTAL_MARKET_CAP":1410000000,"HKSK_MARKET_CAP":1410000000,"PE_TTM":271.418498654538,"PB_TTM":3.227233696797,"REPORT_DATE_SQ":"2022-12-31 00:00:00","REPORT_TYPE_SQ":"2022年年报","OPERATE_INCOME_SQ":256591000,"DPS_HKD":null,"OPERATE_INCOME_QOQ_SQ":16.871860040355,"NET_PROFIT_RATIO_SQ":26.6973510373,"HOLDER_PROFIT_SQ":68503000,"HOLDER_PROFIT_QOQ_SQ":37.04711413424,"ROE_AVG_SQ":33.965847224839,"PE_TTM_SQ":11.136412956952,"PB_TTM_SQ":1.87978000059,"ROA_SQ":21.583939731457,"START_DATE":"2023-01-01 00:00:00","FISCAL_YEAR":"12-31","CURRENCY":"HKD","IS_CNY_CODE":0,"DPS_HKD_LY":null,"ORG_TYPE":"一般企业","PREMIUM_INCOME":null,"PREMIUM_INCOME_YOY":null,"NET_INTEREST_INCOME":null,"NET_INTEREST_INCOME_YOY":null,"FEE_COMMISSION_INCOME":null,"FEE_COMMISSION_INCOME_YOY":null,"ACCOUNTS_RECE_TDAYS":1.448772923562,"INVENTORY_TDAYS":28.647652619772,"CURRENT_ASSETS_TDAYS":0.403764569639,"TOTAL_ASSETS_TDAYS":0.36846002831,"PREMIUM_EXPENSE":null,"LOAN_DEPOSIT":null,"LOAN_EQUITY":null,"LOAN_ASSETS":null,"DEPOSIT_EQUITY":null,"DEPOSIT_ASSETS":null,"EQUITY_MULTIPLIER":1.623263110714,"EQUITY_RATIO":0.623263110713},{"SECUCODE":"02422.HK","SECURITY_CODE":"02422","SECURITY_NAME_ABBR":"润歌互动","ORG_CODE":"10000268612","STD_REPORT_DATE":"2023-06-30 00:00:00","REPORT_DATE":"2023-06-30 00:00:00","DATE_TYPE_CODE":"002","REPORT_TYPE":"2023年中报","PER_NETCASH_OPERATE":-0.032065,"PER_OI":0.068975,"BPS":0.203546,"BASIC_EPS":0.02,"DILUTED_EPS":0.02,"OPERATE_INCOME":68975000,"OPERATE_INCOME_YOY":-36.4818447201,"GROSS_PROFIT":43420000,"GROSS_PROFIT_YOY":-24.431758849943,"HOLDER_PROFIT":11479000,"HOLDER_PROFIT_YOY":-59.6193759454,"GROSS_PROFIT_RATIO":62.950344327655,"EPS_TTM":0.051555,"OPERATE_INCOME_QOQ":-15.439356797394,"NET_PROFIT_RATIO":16.642261689,"ROE_AVG":3.808686419589,"GROSS_PROFIT_QOQ":-10.51866504818,"ROA":2.665521104848,"HOLDER_PROFIT_QOQ":-24.740522312891,"ROE_YEARLY":7.617372839178,"ROIC_YEARLY":8.725694391657,"TOTAL_ASSETS":461595000,"TOTAL_LIABILITIES":156276000,"TAX_EBT":14.894721233689,"OCF_SALES":-46.487857919536,"TOTAL_PARENT_EQUITY":305319000,"DEBT_ASSET_RATIO":33.8556526825,"OPERATE_PROFIT":14409000,"PRETAX_PROFIT":13488000,"NETCASH_OPERATE":-32146000,"NETCASH_INVEST":-30185000,"NETCASH_FINANCE":23712000,"END_CASH":148230000,"DIVI_RATIO":null,"DIVIDEND_RATE":null,"CURRENT_RATIO":2.644011991726,"COMMON_ACS":2000000000,"CURRENTDEBT_DEBT":97.7578130999,"ISSUED_COMMON_SHARES":1500000000,"HK_COMMON_SHARES":1500000000,"PER_SHARES":4000,"TOTAL_MARKET_CAP":1410000000,"HKSK_MARKET_CAP":1410000000,"PE_TTM":271.418498654538,"PB_TTM":3.227233696797,"REPORT_DATE_SQ":"2022-06-30 00:00:00","REPORT_TYPE_SQ":"2022年中报","OPERATE_INCOME_SQ":108591000,"DPS_HKD":null,"OPERATE_INCOME_QOQ_SQ":0,"NET_PROFIT_RATIO_SQ":26.178044221,"HOLDER_PROFIT_SQ":28427000,"HOLDER_PROFIT_QOQ_SQ":0,"ROE_AVG_SQ":null,"PE_TTM_SQ":11.136412956952,"PB_TTM_SQ":1.87978000059,"ROA_SQ":null,"START_DATE":"2023-01-01 00:00:00","FISCAL_YEAR":"12-31","CURRENCY":"HKD","IS_CNY_CODE":0,"DPS_HKD_LY":null,"ORG_TYPE":"一般企业","PREMIUM_INCOME":null,"PREMIUM_INCOME_YOY":null,"NET_INTEREST_INCOME":null,"NET_INTEREST_INCOME_YOY":null,"FEE_COMMISSION_INCOME":null,"FEE_COMMISSION_INCOME_YOY":null,"ACCOUNTS_RECE_TDAYS":0.559187991747,"INVENTORY_TDAYS":7.825754095851,"CURRENT_ASSETS_TDAYS":0.179614911879,"TOTAL_ASSETS_TDAYS":0.160165796852,"PREMIUM_EXPENSE":null,"LOAN_DEPOSIT":null,"LOAN_EQUITY":null,"LOAN_ASSETS":null,"DEPOSIT_EQUITY":null,"DEPOSIT_ASSETS":null,"EQUITY_MULTIPLIER":1.511844988355,"EQUITY_RATIO":0.511844988356},{"SECUCODE":"02422.HK","SECURITY_CODE":"02422","SECURITY_NAME_ABBR":"润歌互动","ORG_CODE":"10000268612","STD_REPORT_DATE":"2022-12-31 00:00:00","REPORT_DATE":"2022-12-31 00:00:00","DATE_TYPE_CODE":"001","REPORT_TYPE":"2022年年报","PER_NETCASH_OPERATE":-0.007178,"PER_OI":0.256591,"BPS":0.198307333333,"BASIC_EPS":0.07,"DILUTED_EPS":0.07,"OPERATE_INCOME":256591000,"OPERATE_INCOME_YOY":16.8718600404,"GROSS_PROFIT":133458000,"GROSS_PROFIT_YOY":21.098669763897,"HOLDER_PROFIT":68503000,"HOLDER_PROFIT_YOY":37.0471141342,"GROSS_PROFIT_RATIO":52.011956771672,"EPS_TTM":0.068503,"OPERATE_INCOME_QOQ":16.871860040355,"NET_PROFIT_RATIO":26.6973510373,"ROE_AVG":33.965847224839,"GROSS_PROFIT_QOQ":21.098669763897,"ROA":21.583939731457,"HOLDER_PROFIT_QOQ":37.04711413424,"ROE_YEARLY":33.965847224839,"ROIC_YEARLY":35.453827940016,"TOTAL_ASSETS":399700000,"TOTAL_LIABILITIES":102239000,"TAX_EBT":15.607598679348,"OCF_SALES":-2.797448078849,"TOTAL_PARENT_EQUITY":297461000,"DEBT_ASSET_RATIO":25.5789342007,"OPERATE_PROFIT":82810000,"PRETAX_PROFIT":81172000,"NETCASH_OPERATE":-7178000,"NETCASH_INVEST":-2329000,"NETCASH_FINANCE":134881000,"END_CASH":186849000,"DIVI_RATIO":null,"DIVIDEND_RATE":null,"CURRENT_RATIO":3.735288686446,"COMMON_ACS":2000000000,"CURRENTDEBT_DEBT":95.341308111386,"ISSUED_COMMON_SHARES":1500000000,"HK_COMMON_SHARES":1500000000,"PER_SHARES":4000,"TOTAL_MARKET_CAP":1335000000,"HKSK_MARKET_CAP":1335000000,"PE_TTM":256.981344470786,"PB_TTM":3.055572329946,"REPORT_DATE_SQ":"2021-12-31 00:00:00","REPORT_TYPE_SQ":"2021年年报","OPERATE_INCOME_SQ":219549000,"DPS_HKD":null,"OPERATE_INCOME_QOQ_SQ":94.222399150743,"NET_PROFIT_RATIO_SQ":22.7671271561,"HOLDER_PROFIT_SQ":49985000,"HOLDER_PROFIT_QOQ_SQ":9.187618777169,"ROE_AVG_SQ":47.934827430785,"PE_TTM_SQ":10.868065656784,"PB_TTM_SQ":1.834484096961,"ROA_SQ":25.674808023217,"START_DATE":"2022-01-01 00:00:00","FISCAL_YEAR":"12-31","CURRENCY":"HKD","IS_CNY_CODE":0,"DPS_HKD_LY":null,"ORG_TYPE":"一般企业","PREMIUM_INCOME":null,"PREMIUM_INCOME_YOY":null,"NET_INTEREST_INCOME":null,"NET_INTEREST_INCOME_YOY":null,"FEE_COMMISSION_INCOME":null,"FEE_COMMISSION_INCOME_YOY":null,"ACCOUNTS_RECE_TDAYS":2.846267332224,"INVENTORY_TDAYS":42.555037152238,"CURRENT_ASSETS_TDAYS":0.9094875712,"TOTAL_ASSETS_TDAYS":0.808467465605,"PREMIUM_EXPENSE":null,"LOAN_DEPOSIT":null,"LOAN_EQUITY":null,"LOAN_ASSETS":null,"DEPOSIT_EQUITY":null,"DEPOSIT_ASSETS":null,"EQUITY_MULTIPLIER":1.343705561402,"EQUITY_RATIO":0.343705561401},{"SECUCODE":"02422.HK","SECURITY_CODE":"02422","SECURITY_NAME_ABBR":"润歌互动","ORG_CODE":"10000268612","STD_REPORT_DATE":"2022-06-30 00:00:00","REPORT_DATE":"2022-06-30 00:00:00","DATE_TYPE_CODE":"002","REPORT_TYPE":"2022年中报","PER_NETCASH_OPERATE":null,"PER_OI":null,"BPS":null,"BASIC_EPS":0.04,"DILUTED_EPS":0.04,"OPERATE_INCOME":108591000,"OPERATE_INCOME_YOY":null,"GROSS_PROFIT":57458000,"GROSS_PROFIT_YOY":null,"HOLDER_PROFIT":28427000,"HOLDER_PROFIT_YOY":null,"GROSS_PROFIT_RATIO":52.912303966259,"EPS_TTM":318.689364500001,"OPERATE_INCOME_QOQ":0,"NET_PROFIT_RATIO":26.178044221,"ROE_AVG":null,"GROSS_PROFIT_QOQ":0,"ROA":null,"HOLDER_PROFIT_QOQ":0,"ROE_YEARLY":null,"ROIC_YEARLY":null,"TOTAL_ASSETS":null,"TOTAL_LIABILITIES":null,"TAX_EBT":16.599677277395,"OCF_SALES":-30.851543866435,"TOTAL_PARENT_EQUITY":null,"DEBT_ASSET_RATIO":null,"OPERATE_PROFIT":34846000,"PRETAX_PROFIT":34085000,"NETCASH_OPERATE":-33502000,"NETCASH_INVEST":-211000,"NETCASH_FINANCE":20139000,"END_CASH":47901000,"DIVI_RATIO":null,"DIVIDEND_RATE":null,"CURRENT_RATIO":null,"COMMON_ACS":2000000000,"CURRENTDEBT_DEBT":null,"ISSUED_COMMON_SHARES":1500000000,"HK_COMMON_SHARES":1500000000,"PER_SHARES":4000,"TOTAL_MARKET_CAP":1410000000,"HKSK_MARKET_CAP":1410000000,"PE_TTM":271.418498654538,"PB_TTM":3.227233696797,"REPORT_DATE_SQ":"2021-06-30 00:00:00","REPORT_TYPE_SQ":"2021年中报","OPERATE_INCOME_SQ":null,"DPS_HKD":null,"OPERATE_INCOME_QOQ_SQ":0,"NET_PROFIT_RATIO_SQ":null,"HOLDER_PROFIT_SQ":null,"HOLDER_PROFIT_QOQ_SQ":0,"ROE_AVG_SQ":null,"PE_TTM_SQ":11.136412956952,"PB_TTM_SQ":1.87978000059,"ROA_SQ":null,"START_DATE":"2022-01-01 00:00:00","FISCAL_YEAR":"12-31","CURRENCY":"HKD","IS_CNY_CODE":0,"DPS_HKD_LY":null,"ORG_TYPE":"一般企业","PREMIUM_INCOME":null,"PREMIUM_INCOME_YOY":null,"NET_INTEREST_INCOME":null,"NET_INTEREST_INCOME_YOY":null,"FEE_COMMISSION_INCOME":null,"FEE_COMMISSION_INCOME_YOY":null,"ACCOUNTS_RECE_TDAYS":null,"INVENTORY_TDAYS":null,"CURRENT_ASSETS_TDAYS":1.085079913866,"TOTAL_ASSETS_TDAYS":0.923946753794,"PREMIUM_EXPENSE":null,"LOAN_DEPOSIT":null,"LOAN_EQUITY":null,"LOAN_ASSETS":null,"DEPOSIT_EQUITY":null,"DEPOSIT_ASSETS":null,"EQUITY_MULTIPLIER":null,"EQUITY_RATIO":null},{"SECUCODE":"02422.HK","SECURITY_CODE":"02422","SECURITY_NAME_ABBR":"润歌互动","ORG_CODE":"10000268612","STD_REPORT_DATE":"2021-12-31 00:00:00","REPORT_DATE":"2021-12-31 00:00:00","DATE_TYPE_CODE":"001","REPORT_TYPE":"2021年年报","PER_NETCASH_OPERATE":169.4979845,"PER_OI":1399.7785593,"BPS":0.070602,"BASIC_EPS":0.07,"DILUTED_EPS":0.07,"OPERATE_INCOME":219549000,"OPERATE_INCOME_YOY":94.2223991507,"GROSS_PROFIT":110206000,"GROSS_PROFIT_YOY":45.248701795081,"HOLDER_PROFIT":49985000,"HOLDER_PROFIT_YOY":9.1876187772,"GROSS_PROFIT_RATIO":50.196539269138,"EPS_TTM":318.689364500001,"OPERATE_INCOME_QOQ":94.222399150743,"NET_PROFIT_RATIO":22.7671271561,"ROE_AVG":47.934827430785,"GROSS_PROFIT_QOQ":45.248701795081,"ROA":25.674808023217,"HOLDER_PROFIT_QOQ":9.187618777169,"ROE_YEARLY":47.934827430785,"ROIC_YEARLY":33.792714132636,"TOTAL_ASSETS":235059000,"TOTAL_LIABILITIES":129156000,"TAX_EBT":12.65944434737,"OCF_SALES":12.108914183166,"TOTAL_PARENT_EQUITY":105903000,"DEBT_ASSET_RATIO":54.9462049953,"OPERATE_PROFIT":57904000,"PRETAX_PROFIT":57230000,"NETCASH_OPERATE":26585000,"NETCASH_INVEST":-7221000,"NETCASH_FINANCE":10049000,"END_CASH":61475000,"DIVI_RATIO":null,"DIVIDEND_RATE":null,"CURRENT_RATIO":1.555226617559,"COMMON_ACS":2000000000,"CURRENTDEBT_DEBT":99.644615813435,"ISSUED_COMMON_SHARES":1500000000,"HK_COMMON_SHARES":1500000000,"PER_SHARES":4000,"TOTAL_MARKET_CAP":1335000000,"HKSK_MARKET_CAP":1335000000,"PE_TTM":256.981344470786,"PB_TTM":3.055572329946,"REPORT_DATE_SQ":"2020-12-31 00:00:00","REPORT_TYPE_SQ":"2020年年报","OPERATE_INCOME_SQ":113040000,"DPS_HKD":null,"OPERATE_INCOME_QOQ_SQ":26.482567247012,"NET_PROFIT_RATIO_SQ":40.2291224345,"HOLDER_PROFIT_SQ":45779000,"HOLDER_PROFIT_QOQ_SQ":73.300272562084,"ROE_AVG_SQ":57.45031969831,"PE_TTM_SQ":10.868065656784,"PB_TTM_SQ":1.834484096961,"ROA_SQ":39.366916620804,"START_DATE":"2021-01-01 00:00:00","FISCAL_YEAR":"12-31","CURRENCY":"HKD","IS_CNY_CODE":0,"DPS_HKD_LY":null,"ORG_TYPE":"一般企业","PREMIUM_INCOME":null,"PREMIUM_INCOME_YOY":null,"NET_INTEREST_INCOME":null,"NET_INTEREST_INCOME_YOY":null,"FEE_COMMISSION_INCOME":null,"FEE_COMMISSION_INCOME_YOY":null,"ACCOUNTS_RECE_TDAYS":3.624625442659,"INVENTORY_TDAYS":34.822611464968,"CURRENT_ASSETS_TDAYS":1.387859727863,"TOTAL_ASSETS_TDAYS":1.127713999538,"PREMIUM_EXPENSE":null,"LOAN_DEPOSIT":null,"LOAN_EQUITY":null,"LOAN_ASSETS":null,"DEPOSIT_EQUITY":null,"DEPOSIT_ASSETS":null,"EQUITY_MULTIPLIER":2.219568850739,"EQUITY_RATIO":1.219568850741},{"SECUCODE":"02422.HK","SECURITY_CODE":"02422","SECURITY_NAME_ABBR":"润歌互动","ORG_CODE":"10000268612","STD_REPORT_DATE":"2020-12-31 00:00:00","REPORT_DATE":"2020-12-31 00:00:00","DATE_TYPE_CODE":"001","REPORT_TYPE":"2020年年报","PER_NETCASH_OPERATE":104.137404,"PER_OI":737.574696,"BPS":0.068434,"BASIC_EPS":0.06,"DILUTED_EPS":null,"OPERATE_INCOME":113040000,"OPERATE_INCOME_YOY":26.482567247,"GROSS_PROFIT":75874000,"GROSS_PROFIT_YOY":69.759480926278,"HOLDER_PROFIT":45779000,"HOLDER_PROFIT_YOY":73.3002725621,"GROSS_PROFIT_RATIO":67.121372965322,"EPS_TTM":298.7033971,"OPERATE_INCOME_QOQ":26.482567247012,"NET_PROFIT_RATIO":40.2291224345,"ROE_AVG":57.45031969831,"GROSS_PROFIT_QOQ":69.759480926278,"ROA":39.366916620804,"HOLDER_PROFIT_QOQ":73.300272562084,"ROE_YEARLY":57.45031969831,"ROIC_YEARLY":58.254119742954,"TOTAL_ASSETS":154311000,"TOTAL_LIABILITIES":51660000,"TAX_EBT":8.851295824898,"OCF_SALES":14.11889596603,"TOTAL_PARENT_EQUITY":102651000,"DEBT_ASSET_RATIO":33.4778466862,"OPERATE_PROFIT":50244000,"PRETAX_PROFIT":49891000,"NETCASH_OPERATE":15960000,"NETCASH_INVEST":-21519000,"NETCASH_FINANCE":-4725000,"END_CASH":32062000,"DIVI_RATIO":null,"DIVIDEND_RATE":null,"CURRENT_RATIO":2.275088570925,"COMMON_ACS":2000000000,"CURRENTDEBT_DEBT":98.894696089818,"ISSUED_COMMON_SHARES":1500000000,"HK_COMMON_SHARES":1500000000,"PER_SHARES":4000,"TOTAL_MARKET_CAP":1335000000,"HKSK_MARKET_CAP":1335000000,"PE_TTM":256.981344470786,"PB_TTM":3.055572329946,"REPORT_DATE_SQ":"2019-12-31 00:00:00","REPORT_TYPE_SQ":"2019年年报","OPERATE_INCOME_SQ":89372000,"DPS_HKD":null,"OPERATE_INCOME_QOQ_SQ":28.168650509107,"NET_PROFIT_RATIO_SQ":29.0292261558,"HOLDER_PROFIT_SQ":26416000,"HOLDER_PROFIT_QOQ_SQ":15.86473090925,"ROE_AVG_SQ":60.17175007403,"PE_TTM_SQ":10.868065656784,"PB_TTM_SQ":1.834484096961,"ROA_SQ":41.133923496757,"START_DATE":"2020-01-01 00:00:00","FISCAL_YEAR":"12-31","CURRENCY":"HKD","IS_CNY_CODE":0,"DPS_HKD_LY":null,"ORG_TYPE":"一般企业","PREMIUM_INCOME":null,"PREMIUM_INCOME_YOY":null,"NET_INTEREST_INCOME":null,"NET_INTEREST_INCOME_YOY":null,"FEE_COMMISSION_INCOME":null,"FEE_COMMISSION_INCOME_YOY":null,"ACCOUNTS_RECE_TDAYS":4.26316682695,"INVENTORY_TDAYS":23.323501725761,"CURRENT_ASSETS_TDAYS":1.226961901661,"TOTAL_ASSETS_TDAYS":0.972069345074,"PREMIUM_EXPENSE":null,"LOAN_DEPOSIT":null,"LOAN_EQUITY":null,"LOAN_ASSETS":null,"DEPOSIT_EQUITY":null,"DEPOSIT_ASSETS":null,"EQUITY_MULTIPLIER":1.503258614138,"EQUITY_RATIO":0.503258614139},{"SECUCODE":"02422.HK","SECURITY_CODE":"02422","SECURITY_NAME_ABBR":"润歌互动","ORG_CODE":"10000268612","STD_REPORT_DATE":"2019-12-31 00:00:00","REPORT_DATE":"2019-12-31 00:00:00","DATE_TYPE_CODE":"001","REPORT_TYPE":"2019年年报","PER_NETCASH_OPERATE":217.5737256,"PER_OI":623.476946400002,"BPS":0.037812,"BASIC_EPS":0.04,"DILUTED_EPS":null,"OPERATE_INCOME":89372000,"OPERATE_INCOME_YOY":28.1686505091,"GROSS_PROFIT":44695000,"GROSS_PROFIT_YOY":18.566956706282,"HOLDER_PROFIT":26416000,"HOLDER_PROFIT_YOY":15.8647309093,"GROSS_PROFIT_RATIO":50.010070268093,"EPS_TTM":184.2832992,"OPERATE_INCOME_QOQ":28.168650509107,"NET_PROFIT_RATIO":29.0292261558,"ROE_AVG":60.17175007403,"GROSS_PROFIT_QOQ":18.566956706282,"ROA":41.133923496757,"HOLDER_PROFIT_QOQ":15.86473090925,"ROE_YEARLY":60.17175007403,"ROIC_YEARLY":75.632032524981,"TOTAL_ASSETS":78265000,"TOTAL_LIABILITIES":20549000,"TAX_EBT":4.529898804048,"OCF_SALES":34.896835697982,"TOTAL_PARENT_EQUITY":56718000,"DEBT_ASSET_RATIO":26.2556698396,"OPERATE_PROFIT":27257000,"PRETAX_PROFIT":27175000,"NETCASH_OPERATE":31188000,"NETCASH_INVEST":-4804000,"NETCASH_FINANCE":695000,"END_CASH":42346000,"DIVI_RATIO":null,"DIVIDEND_RATE":null,"CURRENT_RATIO":3.321841886811,"COMMON_ACS":2000000000,"CURRENTDEBT_DEBT":99.659350819991,"ISSUED_COMMON_SHARES":1500000000,"HK_COMMON_SHARES":1500000000,"PER_SHARES":4000,"TOTAL_MARKET_CAP":1335000000,"HKSK_MARKET_CAP":1335000000,"PE_TTM":256.981344470786,"PB_TTM":3.055572329946,"REPORT_DATE_SQ":"2018-12-31 00:00:00","REPORT_TYPE_SQ":"2018年年报","OPERATE_INCOME_SQ":69730000,"DPS_HKD":null,"OPERATE_INCOME_QOQ_SQ":null,"NET_PROFIT_RATIO_SQ":31.9059228453,"HOLDER_PROFIT_SQ":22799000,"HOLDER_PROFIT_QOQ_SQ":null,"ROE_AVG_SQ":73.346416162656,"PE_TTM_SQ":10.868065656784,"PB_TTM_SQ":1.834484096961,"ROA_SQ":45.439869254993,"START_DATE":"2019-01-01 00:00:00","FISCAL_YEAR":"12-31","CURRENCY":"HKD","IS_CNY_CODE":0,"DPS_HKD_LY":null,"ORG_TYPE":"一般企业","PREMIUM_INCOME":null,"PREMIUM_INCOME_YOY":null,"NET_INTEREST_INCOME":null,"NET_INTEREST_INCOME_YOY":null,"FEE_COMMISSION_INCOME":null,"FEE_COMMISSION_INCOME_YOY":null,"ACCOUNTS_RECE_TDAYS":6.249571693297,"INVENTORY_TDAYS":165.47037037037,"CURRENT_ASSETS_TDAYS":1.646560300674,"TOTAL_ASSETS_TDAYS":1.391664525572,"PREMIUM_EXPENSE":null,"LOAN_DEPOSIT":null,"LOAN_EQUITY":null,"LOAN_ASSETS":null,"DEPOSIT_EQUITY":null,"DEPOSIT_ASSETS":null,"EQUITY_MULTIPLIER":1.356036454362,"EQUITY_RATIO":0.362301209493},{"SECUCODE":"02422.HK","SECURITY_CODE":"02422","SECURITY_NAME_ABBR":"润歌互动","ORG_CODE":"10000268612","STD_REPORT_DATE":"2018-12-31 00:00:00","REPORT_DATE":"2018-12-31 00:00:00","DATE_TYPE_CODE":"001","REPORT_TYPE":"2018年年报","PER_NETCASH_OPERATE":107.2786792,"PER_OI":478.570936,"BPS":0.020722666667,"BASIC_EPS":null,"DILUTED_EPS":null,"OPERATE_INCOME":69730000,"OPERATE_INCOME_YOY":null,"GROSS_PROFIT":37696000,"GROSS_PROFIT_YOY":null,"HOLDER_PROFIT":22799000,"HOLDER_PROFIT_YOY":null,"GROSS_PROFIT_RATIO":54.059945504087,"EPS_TTM":156.4740968,"OPERATE_INCOME_QOQ":null,"NET_PROFIT_RATIO":31.9059228453,"ROE_AVG":73.346416162656,"GROSS_PROFIT_QOQ":null,"ROA":45.439869254993,"HOLDER_PROFIT_QOQ":null,"ROE_YEARLY":73.346416162656,"ROIC_YEARLY":65.26493573412,"TOTAL_ASSETS":50174000,"TOTAL_LIABILITIES":19116000,"TAX_EBT":4.764350841146,"OCF_SALES":22.41646350208,"TOTAL_PARENT_EQUITY":31084000,"DEBT_ASSET_RATIO":38.0994140391,"OPERATE_PROFIT":null,"PRETAX_PROFIT":23361000,"NETCASH_OPERATE":15631000,"NETCASH_INVEST":-7265000,"NETCASH_FINANCE":-5000,"END_CASH":15267000,"DIVI_RATIO":null,"DIVIDEND_RATE":null,"CURRENT_RATIO":2.176584317938,"COMMON_ACS":2000000000,"CURRENTDEBT_DEBT":97.405314919439,"ISSUED_COMMON_SHARES":1500000000,"HK_COMMON_SHARES":1500000000,"PER_SHARES":4000,"TOTAL_MARKET_CAP":1410000000,"HKSK_MARKET_CAP":1410000000,"PE_TTM":271.418498654538,"PB_TTM":3.227233696797,"REPORT_DATE_SQ":"2017-12-31 00:00:00","REPORT_TYPE_SQ":"2017年年报","OPERATE_INCOME_SQ":null,"DPS_HKD":null,"OPERATE_INCOME_QOQ_SQ":null,"NET_PROFIT_RATIO_SQ":null,"HOLDER_PROFIT_SQ":null,"HOLDER_PROFIT_QOQ_SQ":null,"ROE_AVG_SQ":null,"PE_TTM_SQ":11.136412956952,"PB_TTM_SQ":1.87978000059,"ROA_SQ":null,"START_DATE":"2018-01-01 00:00:00","FISCAL_YEAR":"12-31","CURRENCY":"HKD","IS_CNY_CODE":0,"DPS_HKD_LY":null,"ORG_TYPE":"一般企业","PREMIUM_INCOME":null,"PREMIUM_INCOME_YOY":null,"NET_INTEREST_INCOME":null,"NET_INTEREST_INCOME_YOY":null,"FEE_COMMISSION_INCOME":null,"FEE_COMMISSION_INCOME_YOY":null,"ACCOUNTS_RECE_TDAYS":4.801019003029,"INVENTORY_TDAYS":null,"CURRENT_ASSETS_TDAYS":3.441077773391,"TOTAL_ASSETS_TDAYS":2.779527245187,"PREMIUM_EXPENSE":null,"LOAN_DEPOSIT":null,"LOAN_EQUITY":null,"LOAN_ASSETS":null,"DEPOSIT_EQUITY":null,"DEPOSIT_ASSETS":null,"EQUITY_MULTIPLIER":1.615493592632,"EQUITY_RATIO":0.614978767211}],"count":9},"success":true,"message":"ok","code":0}