{"version":"f2cbcb12dfd9db0688b46522d1947d67","result":{"pages":2,"data":[{"SECUCODE":"02427.HK","SECURITY_CODE":"02427","SECURITY_NAME_ABBR":"GUANZE MEDICAL","ORG_CODE":"10000262364","STD_REPORT_DATE":"2024-06-30 00:00:00","REPORT_DATE":"2024-06-30 00:00:00","DATE_TYPE_CODE":"002","REPORT_TYPE":"2024年中报","PER_NETCASH_OPERATE":0.000696842105,"PER_OI":0.042136842105,"BPS":0.253911578947,"BASIC_EPS":-0.0002,"DILUTED_EPS":-0.0002,"OPERATE_INCOME":40030000,"OPERATE_INCOME_YOY":-46.205636112,"GROSS_PROFIT":21880000,"GROSS_PROFIT_YOY":-49.385828957413,"HOLDER_PROFIT":-160000,"HOLDER_PROFIT_YOY":-101.0032605969,"GROSS_PROFIT_RATIO":54.659005745691,"EPS_TTM":0.012062105263,"OPERATE_INCOME_QOQ":-22.030216823005,"NET_PROFIT_RATIO":-0.3422433175,"ROE_AVG":-0.062669280498,"GROSS_PROFIT_QOQ":-24.997365493824,"ROA":-0.054308164893,"HOLDER_PROFIT_QOQ":-58.432183407698,"ROE_YEARLY":-0.125338560996,"ROIC_YEARLY":-0.131649589932,"TOTAL_ASSETS":276737000,"TOTAL_LIABILITIES":34581000,"TAX_EBT":104.891110317744,"OCF_SALES":1.65375968024,"TOTAL_PARENT_EQUITY":241216000,"DEBT_ASSET_RATIO":12.4959799376,"OPERATE_PROFIT":3065000,"PRETAX_PROFIT":2801000,"NETCASH_OPERATE":662000,"NETCASH_INVEST":-4612000,"NETCASH_FINANCE":-31516000,"END_CASH":32884000,"DIVI_RATIO":1.577719609041,"DIVIDEND_RATE":5.833333333333,"CURRENT_RATIO":6.821852316124,"COMMON_ACS":10000000000,"CURRENTDEBT_DEBT":99.196090338625,"ISSUED_COMMON_SHARES":950000000,"HK_COMMON_SHARES":950000000,"PER_SHARES":5000,"TOTAL_MARKET_CAP":342000000,"HKSK_MARKET_CAP":342000000,"PE_TTM":26.415584784908,"PB_TTM":1.294012669143,"REPORT_DATE_SQ":"2023-06-30 00:00:00","REPORT_TYPE_SQ":"2023年中报","OPERATE_INCOME_SQ":74413000,"DPS_HKD":0.021,"OPERATE_INCOME_QOQ_SQ":-13.668187361669,"NET_PROFIT_RATIO_SQ":21.670944593,"HOLDER_PROFIT_SQ":15948000,"HOLDER_PROFIT_QOQ_SQ":3.522068658047,"ROE_AVG_SQ":6.158539528687,"PE_TTM_SQ":36.583344303633,"PB_TTM_SQ":2.548348585416,"ROA_SQ":5.010540734992,"START_DATE":"2024-01-01 00:00:00","FISCAL_YEAR":"12-31","CURRENCY":"HKD","IS_CNY_CODE":0,"DPS_HKD_LY":0.021,"ORG_TYPE":"一般企业","PREMIUM_INCOME":null,"PREMIUM_INCOME_YOY":null,"NET_INTEREST_INCOME":null,"NET_INTEREST_INCOME_YOY":null,"FEE_COMMISSION_INCOME":null,"FEE_COMMISSION_INCOME_YOY":null,"ACCOUNTS_RECE_TDAYS":0.365288886658,"INVENTORY_TDAYS":0.508773896956,"CURRENT_ASSETS_TDAYS":0.158158205618,"TOTAL_ASSETS_TDAYS":0.135872240042,"PREMIUM_EXPENSE":null,"LOAN_DEPOSIT":null,"LOAN_EQUITY":null,"LOAN_ASSETS":null,"DEPOSIT_EQUITY":null,"DEPOSIT_ASSETS":null,"EQUITY_MULTIPLIER":1.142804638332,"EQUITY_RATIO":0.143361136906},{"SECUCODE":"02427.HK","SECURITY_CODE":"02427","SECURITY_NAME_ABBR":"GUANZE MEDICAL","ORG_CODE":"10000262364","STD_REPORT_DATE":"2023-12-31 00:00:00","REPORT_DATE":"2023-12-31 00:00:00","DATE_TYPE_CODE":"001","REPORT_TYPE":"2023年年报","PER_NETCASH_OPERATE":0.009313684211,"PER_OI":0.164286315789,"BPS":0.28358,"BASIC_EPS":0.03,"DILUTED_EPS":null,"OPERATE_INCOME":156072000,"OPERATE_INCOME_YOY":-11.8794886851,"GROSS_PROFIT":85405000,"GROSS_PROFIT_YOY":5.46952183363,"HOLDER_PROFIT":27567000,"HOLDER_PROFIT_YOY":53.6279536335,"GROSS_PROFIT_RATIO":54.721538776975,"EPS_TTM":0.029017894737,"OPERATE_INCOME_QOQ":2.071888243604,"NET_PROFIT_RATIO":17.890460813,"ROE_AVG":10.411737045759,"GROSS_PROFIT_QOQ":0.976601756937,"ROA":8.611781023904,"HOLDER_PROFIT_QOQ":48.401162790698,"ROE_YEARLY":10.411737045759,"ROIC_YEARLY":10.189696087056,"TOTAL_ASSETS":312493000,"TOTAL_LIABILITIES":42175000,"TAX_EBT":27.756791720569,"OCF_SALES":5.669178327951,"TOTAL_PARENT_EQUITY":269401000,"DEBT_ASSET_RATIO":13.4963023172,"OPERATE_PROFIT":39511000,"PRETAX_PROFIT":38650000,"NETCASH_OPERATE":8848000,"NETCASH_INVEST":-7304000,"NETCASH_FINANCE":37438000,"END_CASH":68350000,"DIVI_RATIO":0.655823593427,"DIVIDEND_RATE":6,"CURRENT_RATIO":6.514419740086,"COMMON_ACS":10000000000,"CURRENTDEBT_DEBT":99.070539419087,"ISSUED_COMMON_SHARES":950000000,"HK_COMMON_SHARES":950000000,"PER_SHARES":5000,"TOTAL_MARKET_CAP":332500000,"HKSK_MARKET_CAP":332500000,"PE_TTM":25.681818540883,"PB_TTM":1.258067872778,"REPORT_DATE_SQ":"2022-12-31 00:00:00","REPORT_TYPE_SQ":"2022年年报","OPERATE_INCOME_SQ":177112000,"DPS_HKD":0.021,"OPERATE_INCOME_QOQ_SQ":-12.739383846794,"NET_PROFIT_RATIO_SQ":10.3245404038,"HOLDER_PROFIT_SQ":17944000,"HOLDER_PROFIT_QOQ_SQ":-33.922521726322,"ROE_AVG_SQ":8.493537782848,"PE_TTM_SQ":25.852229974568,"PB_TTM_SQ":1.800833000361,"ROA_SQ":6.748731604027,"START_DATE":"2023-01-01 00:00:00","FISCAL_YEAR":"12-31","CURRENCY":"HKD","IS_CNY_CODE":0,"DPS_HKD_LY":0.021,"ORG_TYPE":"一般企业","PREMIUM_INCOME":null,"PREMIUM_INCOME_YOY":null,"NET_INTEREST_INCOME":null,"NET_INTEREST_INCOME_YOY":null,"FEE_COMMISSION_INCOME":null,"FEE_COMMISSION_INCOME_YOY":null,"ACCOUNTS_RECE_TDAYS":1.134549261066,"INVENTORY_TDAYS":5.374733799817,"CURRENT_ASSETS_TDAYS":0.552204348726,"TOTAL_ASSETS_TDAYS":0.487560448349,"PREMIUM_EXPENSE":null,"LOAN_DEPOSIT":null,"LOAN_EQUITY":null,"LOAN_ASSETS":null,"DEPOSIT_EQUITY":null,"DEPOSIT_ASSETS":null,"EQUITY_MULTIPLIER":1.156019946878,"EQUITY_RATIO":0.15655101503},{"SECUCODE":"02427.HK","SECURITY_CODE":"02427","SECURITY_NAME_ABBR":"GUANZE MEDICAL","ORG_CODE":"10000262364","STD_REPORT_DATE":"2023-06-30 00:00:00","REPORT_DATE":"2023-06-30 00:00:00","DATE_TYPE_CODE":"002","REPORT_TYPE":"2023年中报","PER_NETCASH_OPERATE":-0.00042,"PER_OI":0.078329473684,"BPS":0.271346315789,"BASIC_EPS":0.017,"DILUTED_EPS":0.017,"OPERATE_INCOME":74413000,"OPERATE_INCOME_YOY":-24.5464961824,"GROSS_PROFIT":43229000,"GROSS_PROFIT_YOY":9.092515015394,"HOLDER_PROFIT":15948000,"HOLDER_PROFIT_YOY":4.1264037608,"GROSS_PROFIT_RATIO":58.093343904963,"EPS_TTM":0.019553684211,"OPERATE_INCOME_QOQ":-13.668187361669,"NET_PROFIT_RATIO":21.670944593,"ROE_AVG":6.158539528687,"GROSS_PROFIT_QOQ":4.449466508595,"ROA":5.010540734992,"HOLDER_PROFIT_QOQ":3.522068658047,"ROE_YEARLY":12.317079057374,"ROIC_YEARLY":11.928019027389,"TOTAL_ASSETS":308855000,"TOTAL_LIABILITIES":50393000,"TAX_EBT":29.299837783331,"OCF_SALES":-0.536196632309,"TOTAL_PARENT_EQUITY":257779000,"DEBT_ASSET_RATIO":16.316070648,"OPERATE_PROFIT":23212000,"PRETAX_PROFIT":22809000,"NETCASH_OPERATE":-399000,"NETCASH_INVEST":-5087000,"NETCASH_FINANCE":47332000,"END_CASH":71214000,"DIVI_RATIO":0.973249838501,"DIVIDEND_RATE":6,"CURRENT_RATIO":5.307998072754,"COMMON_ACS":10000000000,"CURRENTDEBT_DEBT":98.847062091957,"ISSUED_COMMON_SHARES":950000000,"HK_COMMON_SHARES":950000000,"PER_SHARES":5000,"TOTAL_MARKET_CAP":332500000,"HKSK_MARKET_CAP":332500000,"PE_TTM":25.681818540883,"PB_TTM":1.258067872778,"REPORT_DATE_SQ":"2022-06-30 00:00:00","REPORT_TYPE_SQ":"2022年中报","OPERATE_INCOME_SQ":98621000,"DPS_HKD":0.021,"OPERATE_INCOME_QOQ_SQ":-3.840796679869,"NET_PROFIT_RATIO_SQ":15.6173634419,"HOLDER_PROFIT_SQ":15316000,"HOLDER_PROFIT_QOQ_SQ":18.404185742315,"ROE_AVG_SQ":9.006497897739,"PE_TTM_SQ":25.852229974568,"PB_TTM_SQ":1.800833000361,"ROA_SQ":7.024109259845,"START_DATE":"2023-01-01 00:00:00","FISCAL_YEAR":"12-31","CURRENCY":"HKD","IS_CNY_CODE":0,"DPS_HKD_LY":0.021,"ORG_TYPE":"一般企业","PREMIUM_INCOME":null,"PREMIUM_INCOME_YOY":null,"NET_INTEREST_INCOME":null,"NET_INTEREST_INCOME_YOY":null,"FEE_COMMISSION_INCOME":null,"FEE_COMMISSION_INCOME_YOY":null,"ACCOUNTS_RECE_TDAYS":0.491967260803,"INVENTORY_TDAYS":2.236534461737,"CURRENT_ASSETS_TDAYS":0.266962522355,"TOTAL_ASSETS_TDAYS":0.233790674513,"PREMIUM_EXPENSE":null,"LOAN_DEPOSIT":null,"LOAN_EQUITY":null,"LOAN_ASSETS":null,"DEPOSIT_EQUITY":null,"DEPOSIT_ASSETS":null,"EQUITY_MULTIPLIER":1.194972568501,"EQUITY_RATIO":0.195489159319},{"SECUCODE":"02427.HK","SECURITY_CODE":"02427","SECURITY_NAME_ABBR":"GUANZE MEDICAL","ORG_CODE":"10000262364","STD_REPORT_DATE":"2022-12-31 00:00:00","REPORT_DATE":"2022-12-31 00:00:00","DATE_TYPE_CODE":"001","REPORT_TYPE":"2022年年报","PER_NETCASH_OPERATE":0.009805263158,"PER_OI":0.186433684211,"BPS":0.273827368421,"BASIC_EPS":0.02,"DILUTED_EPS":null,"OPERATE_INCOME":177112000,"OPERATE_INCOME_YOY":-16.0908866948,"GROSS_PROFIT":80976000,"GROSS_PROFIT_YOY":6.971030000396,"HOLDER_PROFIT":17944000,"HOLDER_PROFIT_YOY":-21.761499891,"GROSS_PROFIT_RATIO":45.72022223226,"EPS_TTM":0.018888421053,"OPERATE_INCOME_QOQ":-12.739383846794,"NET_PROFIT_RATIO":10.3245404038,"ROE_AVG":8.493537782848,"GROSS_PROFIT_QOQ":2.583072576865,"ROA":6.748731604027,"HOLDER_PROFIT_QOQ":-33.922521726322,"ROE_YEARLY":8.493537782848,"ROIC_YEARLY":7.453328432014,"TOTAL_ASSETS":327723000,"TOTAL_LIABILITIES":67082000,"TAX_EBT":38.969361190842,"OCF_SALES":5.259383892678,"TOTAL_PARENT_EQUITY":260136000,"DEBT_ASSET_RATIO":20.4691156861,"OPERATE_PROFIT":30993000,"PRETAX_PROFIT":29962000,"NETCASH_OPERATE":9315000,"NETCASH_INVEST":-9329000,"NETCASH_FINANCE":9147000,"END_CASH":29368000,"DIVI_RATIO":1.007528366028,"DIVIDEND_RATE":6,"CURRENT_RATIO":4.375197802526,"COMMON_ACS":10000000000,"CURRENTDEBT_DEBT":99.856891565547,"ISSUED_COMMON_SHARES":950000000,"HK_COMMON_SHARES":950000000,"PER_SHARES":5000,"TOTAL_MARKET_CAP":332500000,"HKSK_MARKET_CAP":332500000,"PE_TTM":25.681818540883,"PB_TTM":1.258067872778,"REPORT_DATE_SQ":"2021-12-31 00:00:00","REPORT_TYPE_SQ":"2021年年报","OPERATE_INCOME_SQ":211076000,"DPS_HKD":0.021,"OPERATE_INCOME_QOQ_SQ":8.482764646324,"NET_PROFIT_RATIO_SQ":10.9287649946,"HOLDER_PROFIT_SQ":22935000,"HOLDER_PROFIT_QOQ_SQ":-14.34493576337,"ROE_AVG_SQ":17.585695280961,"PE_TTM_SQ":25.852229974568,"PB_TTM_SQ":1.800833000361,"ROA_SQ":12.815140136784,"START_DATE":"2022-01-01 00:00:00","FISCAL_YEAR":"12-31","CURRENCY":"HKD","IS_CNY_CODE":0,"DPS_HKD_LY":null,"ORG_TYPE":"一般企业","PREMIUM_INCOME":null,"PREMIUM_INCOME_YOY":null,"NET_INTEREST_INCOME":null,"NET_INTEREST_INCOME_YOY":null,"FEE_COMMISSION_INCOME":null,"FEE_COMMISSION_INCOME_YOY":null,"ACCOUNTS_RECE_TDAYS":1.212265571526,"INVENTORY_TDAYS":6.872748069774,"CURRENT_ASSETS_TDAYS":0.759216829381,"TOTAL_ASSETS_TDAYS":0.66611756122,"PREMIUM_EXPENSE":null,"LOAN_DEPOSIT":null,"LOAN_EQUITY":null,"LOAN_ASSETS":null,"DEPOSIT_EQUITY":null,"DEPOSIT_ASSETS":null,"EQUITY_MULTIPLIER":1.257373168458,"EQUITY_RATIO":0.257872804994},{"SECUCODE":"02427.HK","SECURITY_CODE":"02427","SECURITY_NAME_ABBR":"GUANZE MEDICAL","ORG_CODE":"10000262364","STD_REPORT_DATE":"2022-06-30 00:00:00","REPORT_DATE":"2022-06-30 00:00:00","DATE_TYPE_CODE":"002","REPORT_TYPE":"2022年中报","PER_NETCASH_OPERATE":null,"PER_OI":null,"BPS":0.187066315789,"BASIC_EPS":0.02,"DILUTED_EPS":0.02,"OPERATE_INCOME":98621000,"OPERATE_INCOME_YOY":-7.5959448317,"GROSS_PROFIT":39626000,"GROSS_PROFIT_YOY":8.898537979554,"HOLDER_PROFIT":15316000,"HOLDER_PROFIT_YOY":38.0441640379,"GROSS_PROFIT_RATIO":40.180083349388,"EPS_TTM":null,"OPERATE_INCOME_QOQ":-3.840796679869,"NET_PROFIT_RATIO":15.6173634419,"ROE_AVG":9.006497897739,"GROSS_PROFIT_QOQ":4.277467337746,"ROA":7.024109259845,"HOLDER_PROFIT_QOQ":18.404185742315,"ROE_YEARLY":18.012995795478,"ROIC_YEARLY":15.295885910028,"TOTAL_ASSETS":232047000,"TOTAL_LIABILITIES":54085000,"TAX_EBT":28.342793337676,"OCF_SALES":-2.309852871092,"TOTAL_PARENT_EQUITY":177713000,"DEBT_ASSET_RATIO":23.3077781656,"OPERATE_PROFIT":22152000,"PRETAX_PROFIT":21494000,"NETCASH_OPERATE":-2278000,"NETCASH_INVEST":-12462000,"NETCASH_FINANCE":9430000,"END_CASH":14925000,"DIVI_RATIO":null,"DIVIDEND_RATE":6,"CURRENT_RATIO":3.698526549903,"COMMON_ACS":10000000000,"CURRENTDEBT_DEBT":99.75963760747,"ISSUED_COMMON_SHARES":950000000,"HK_COMMON_SHARES":950000000,"PER_SHARES":5000,"TOTAL_MARKET_CAP":332500000,"HKSK_MARKET_CAP":332500000,"PE_TTM":25.681818540883,"PB_TTM":1.258067872778,"REPORT_DATE_SQ":"2021-06-30 00:00:00","REPORT_TYPE_SQ":"2021年中报","OPERATE_INCOME_SQ":106728000,"DPS_HKD":0.021,"OPERATE_INCOME_QOQ_SQ":5.495703093231,"NET_PROFIT_RATIO_SQ":10.4630462484,"HOLDER_PROFIT_SQ":11095000,"HOLDER_PROFIT_QOQ_SQ":-7.805667458596,"ROE_AVG_SQ":9.90505608699,"PE_TTM_SQ":25.852229974568,"PB_TTM_SQ":1.800833000361,"ROA_SQ":6.263283721954,"START_DATE":"2022-01-01 00:00:00","FISCAL_YEAR":"12-31","CURRENCY":"HKD","IS_CNY_CODE":0,"DPS_HKD_LY":null,"ORG_TYPE":"一般企业","PREMIUM_INCOME":null,"PREMIUM_INCOME_YOY":null,"NET_INTEREST_INCOME":null,"NET_INTEREST_INCOME_YOY":null,"FEE_COMMISSION_INCOME":null,"FEE_COMMISSION_INCOME_YOY":null,"ACCOUNTS_RECE_TDAYS":0.648587682089,"INVENTORY_TDAYS":7.374835927245,"CURRENT_ASSETS_TDAYS":0.528739391275,"TOTAL_ASSETS_TDAYS":0.452288247137,"PREMIUM_EXPENSE":null,"LOAN_DEPOSIT":null,"LOAN_EQUITY":null,"LOAN_ASSETS":null,"DEPOSIT_EQUITY":null,"DEPOSIT_ASSETS":null,"EQUITY_MULTIPLIER":1.303913194951,"EQUITY_RATIO":0.30433901853},{"SECUCODE":"02427.HK","SECURITY_CODE":"02427","SECURITY_NAME_ABBR":"GUANZE MEDICAL","ORG_CODE":"10000262364","STD_REPORT_DATE":"2021-12-31 00:00:00","REPORT_DATE":"2021-12-31 00:00:00","DATE_TYPE_CODE":"001","REPORT_TYPE":"2021年年报","PER_NETCASH_OPERATE":null,"PER_OI":null,"BPS":0.170944210526,"BASIC_EPS":0.03,"DILUTED_EPS":0.03,"OPERATE_INCOME":211076000,"OPERATE_INCOME_YOY":14.4446552986,"GROSS_PROFIT":75699000,"GROSS_PROFIT_YOY":22.937880633374,"HOLDER_PROFIT":22935000,"HOLDER_PROFIT_YOY":-21.0308852391,"GROSS_PROFIT_RATIO":35.863385699938,"EPS_TTM":null,"OPERATE_INCOME_QOQ":8.482764646324,"NET_PROFIT_RATIO":10.9287649946,"ROE_AVG":17.585695280961,"GROSS_PROFIT_QOQ":9.026097476668,"ROA":12.815140136784,"HOLDER_PROFIT_QOQ":-14.34493576337,"ROE_YEARLY":17.585695280961,"ROIC_YEARLY":13.815557637109,"TOTAL_ASSETS":204051000,"TOTAL_LIABILITIES":41491000,"TAX_EBT":30.217503100705,"OCF_SALES":1.465348973829,"TOTAL_PARENT_EQUITY":162397000,"DEBT_ASSET_RATIO":20.3336420797,"OPERATE_PROFIT":33654000,"PRETAX_PROFIT":33057000,"NETCASH_OPERATE":3093000,"NETCASH_INVEST":-7856000,"NETCASH_FINANCE":19477000,"END_CASH":20235000,"DIVI_RATIO":null,"DIVIDEND_RATE":6,"CURRENT_RATIO":4.196918015337,"COMMON_ACS":10000000000,"CURRENTDEBT_DEBT":99.628835169073,"ISSUED_COMMON_SHARES":950000000,"HK_COMMON_SHARES":950000000,"PER_SHARES":5000,"TOTAL_MARKET_CAP":332500000,"HKSK_MARKET_CAP":332500000,"PE_TTM":25.681818540883,"PB_TTM":1.258067872778,"REPORT_DATE_SQ":"2020-12-31 00:00:00","REPORT_TYPE_SQ":"2020年年报","OPERATE_INCOME_SQ":184435000,"DPS_HKD":0.021,"OPERATE_INCOME_QOQ_SQ":30.967512870584,"NET_PROFIT_RATIO_SQ":15.7470111421,"HOLDER_PROFIT_SQ":29043000,"HOLDER_PROFIT_QOQ_SQ":30.097652750403,"ROE_AVG_SQ":33.626843119888,"PE_TTM_SQ":25.852229974568,"PB_TTM_SQ":1.800833000361,"ROA_SQ":20.045622547616,"START_DATE":"2021-01-01 00:00:00","FISCAL_YEAR":"12-31","CURRENCY":"HKD","IS_CNY_CODE":0,"DPS_HKD_LY":null,"ORG_TYPE":"一般企业","PREMIUM_INCOME":null,"PREMIUM_INCOME_YOY":null,"NET_INTEREST_INCOME":null,"NET_INTEREST_INCOME_YOY":null,"FEE_COMMISSION_INCOME":null,"FEE_COMMISSION_INCOME_YOY":null,"ACCOUNTS_RECE_TDAYS":1.805001731665,"INVENTORY_TDAYS":7.916089231939,"CURRENT_ASSETS_TDAYS":1.410205274674,"TOTAL_ASSETS_TDAYS":1.179406374324,"PREMIUM_EXPENSE":null,"LOAN_DEPOSIT":null,"LOAN_EQUITY":null,"LOAN_ASSETS":null,"DEPOSIT_EQUITY":null,"DEPOSIT_ASSETS":null,"EQUITY_MULTIPLIER":1.255234990158,"EQUITY_RATIO":0.255491172866},{"SECUCODE":"02427.HK","SECURITY_CODE":"02427","SECURITY_NAME_ABBR":"GUANZE MEDICAL","ORG_CODE":"10000262364","STD_REPORT_DATE":"2021-06-30 00:00:00","REPORT_DATE":"2021-06-30 00:00:00","DATE_TYPE_CODE":"002","REPORT_TYPE":"2021年中报","PER_NETCASH_OPERATE":null,"PER_OI":null,"BPS":0.132196842105,"BASIC_EPS":null,"DILUTED_EPS":null,"OPERATE_INCOME":106728000,"OPERATE_INCOME_YOY":10.4936226603,"GROSS_PROFIT":36388000,"GROSS_PROFIT_YOY":27.538466930707,"HOLDER_PROFIT":11095000,"HOLDER_PROFIT_YOY":-16.9660230504,"GROSS_PROFIT_RATIO":34.094145866127,"EPS_TTM":null,"OPERATE_INCOME_QOQ":5.495703093231,"NET_PROFIT_RATIO":10.4630462484,"ROE_AVG":9.90505608699,"GROSS_PROFIT_QOQ":12.760048721072,"ROA":6.263283721954,"HOLDER_PROFIT_QOQ":-7.805667458596,"ROE_YEARLY":19.810112173979,"ROIC_YEARLY":14.068746017607,"TOTAL_ASSETS":200402000,"TOTAL_LIABILITIES":74713000,"TAX_EBT":30.349903324393,"OCF_SALES":4.290345551308,"TOTAL_PARENT_EQUITY":125587000,"DEBT_ASSET_RATIO":37.2815640562,"OPERATE_PROFIT":16346000,"PRETAX_PROFIT":16033000,"NETCASH_OPERATE":4579000,"NETCASH_INVEST":-4168000,"NETCASH_FINANCE":27281000,"END_CASH":33213000,"DIVI_RATIO":null,"DIVIDEND_RATE":6,"CURRENT_RATIO":2.296341021616,"COMMON_ACS":10000000000,"CURRENTDEBT_DEBT":99.753724251469,"ISSUED_COMMON_SHARES":950000000,"HK_COMMON_SHARES":950000000,"PER_SHARES":5000,"TOTAL_MARKET_CAP":332500000,"HKSK_MARKET_CAP":332500000,"PE_TTM":25.681818540883,"PB_TTM":1.258067872778,"REPORT_DATE_SQ":"2020-06-30 00:00:00","REPORT_TYPE_SQ":"2020年中报","OPERATE_INCOME_SQ":96592000,"DPS_HKD":0.021,"OPERATE_INCOME_QOQ_SQ":0,"NET_PROFIT_RATIO_SQ":13.8334437635,"HOLDER_PROFIT_SQ":13362000,"HOLDER_PROFIT_QOQ_SQ":0,"ROE_AVG_SQ":null,"PE_TTM_SQ":25.852229974568,"PB_TTM_SQ":1.800833000361,"ROA_SQ":null,"START_DATE":"2021-01-01 00:00:00","FISCAL_YEAR":"12-31","CURRENCY":"HKD","IS_CNY_CODE":0,"DPS_HKD_LY":null,"ORG_TYPE":"一般企业","PREMIUM_INCOME":null,"PREMIUM_INCOME_YOY":null,"NET_INTEREST_INCOME":null,"NET_INTEREST_INCOME_YOY":null,"FEE_COMMISSION_INCOME":null,"FEE_COMMISSION_INCOME_YOY":null,"ACCOUNTS_RECE_TDAYS":0.972477983754,"INVENTORY_TDAYS":4.282235480336,"CURRENT_ASSETS_TDAYS":0.718680452913,"TOTAL_ASSETS_TDAYS":0.602494587721,"PREMIUM_EXPENSE":null,"LOAN_DEPOSIT":null,"LOAN_EQUITY":null,"LOAN_ASSETS":null,"DEPOSIT_EQUITY":null,"DEPOSIT_ASSETS":null,"EQUITY_MULTIPLIER":1.594427515533,"EQUITY_RATIO":0.594910301225},{"SECUCODE":"02427.HK","SECURITY_CODE":"02427","SECURITY_NAME_ABBR":"GUANZE MEDICAL","ORG_CODE":"10000262364","STD_REPORT_DATE":"2020-12-31 00:00:00","REPORT_DATE":"2020-12-31 00:00:00","DATE_TYPE_CODE":"001","REPORT_TYPE":"2020年年报","PER_NETCASH_OPERATE":null,"PER_OI":null,"BPS":0.103621052632,"BASIC_EPS":null,"DILUTED_EPS":null,"OPERATE_INCOME":184435000,"OPERATE_INCOME_YOY":30.9675128706,"GROSS_PROFIT":61575000,"GROSS_PROFIT_YOY":32.66185500377,"HOLDER_PROFIT":29043000,"HOLDER_PROFIT_YOY":30.0976527504,"GROSS_PROFIT_RATIO":33.385745655651,"EPS_TTM":null,"OPERATE_INCOME_QOQ":30.967512870584,"NET_PROFIT_RATIO":15.7470111421,"ROE_AVG":33.626843119888,"GROSS_PROFIT_QOQ":32.66185500377,"ROA":20.045622547616,"HOLDER_PROFIT_QOQ":30.097652750403,"ROE_YEARLY":33.626843119888,"ROIC_YEARLY":20.912750131411,"TOTAL_ASSETS":153885000,"TOTAL_LIABILITIES":55445000,"TAX_EBT":25.536497192524,"OCF_SALES":15.272589259089,"TOTAL_PARENT_EQUITY":98440000,"DEBT_ASSET_RATIO":36.0301523865,"OPERATE_PROFIT":39792000,"PRETAX_PROFIT":39003000,"NETCASH_OPERATE":28168000,"NETCASH_INVEST":-14349000,"NETCASH_FINANCE":-14792000,"END_CASH":5521000,"DIVI_RATIO":null,"DIVIDEND_RATE":6,"CURRENT_RATIO":2.437723936242,"COMMON_ACS":10000000000,"CURRENTDEBT_DEBT":93.124718189197,"ISSUED_COMMON_SHARES":950000000,"HK_COMMON_SHARES":950000000,"PER_SHARES":5000,"TOTAL_MARKET_CAP":332500000,"HKSK_MARKET_CAP":332500000,"PE_TTM":25.681818540883,"PB_TTM":1.258067872778,"REPORT_DATE_SQ":"2019-12-31 00:00:00","REPORT_TYPE_SQ":"2019年年报","OPERATE_INCOME_SQ":140825000,"DPS_HKD":0.021,"OPERATE_INCOME_QOQ_SQ":7.776434212943,"NET_PROFIT_RATIO_SQ":15.8522989526,"HOLDER_PROFIT_SQ":22324000,"HOLDER_PROFIT_QOQ_SQ":77.894652960395,"ROE_AVG_SQ":36.756400757389,"PE_TTM_SQ":25.852229974568,"PB_TTM_SQ":1.800833000361,"ROA_SQ":17.193535095252,"START_DATE":"2020-01-01 00:00:00","FISCAL_YEAR":"12-31","CURRENCY":"HKD","IS_CNY_CODE":0,"DPS_HKD_LY":null,"ORG_TYPE":"一般企业","PREMIUM_INCOME":null,"PREMIUM_INCOME_YOY":null,"NET_INTEREST_INCOME":null,"NET_INTEREST_INCOME_YOY":null,"FEE_COMMISSION_INCOME":null,"FEE_COMMISSION_INCOME_YOY":null,"ACCOUNTS_RECE_TDAYS":2.215435435435,"INVENTORY_TDAYS":4.398618047724,"CURRENT_ASSETS_TDAYS":1.500264367349,"TOTAL_ASSETS_TDAYS":1.272979511266,"PREMIUM_EXPENSE":null,"LOAN_DEPOSIT":null,"LOAN_EQUITY":null,"LOAN_ASSETS":null,"DEPOSIT_EQUITY":null,"DEPOSIT_ASSETS":null,"EQUITY_MULTIPLIER":1.563236489231,"EQUITY_RATIO":0.563236489232},{"SECUCODE":"02427.HK","SECURITY_CODE":"02427","SECURITY_NAME_ABBR":"GUANZE MEDICAL","ORG_CODE":"10000262364","STD_REPORT_DATE":"2020-06-30 00:00:00","REPORT_DATE":"2020-06-30 00:00:00","DATE_TYPE_CODE":"002","REPORT_TYPE":"2020年中报","PER_NETCASH_OPERATE":null,"PER_OI":null,"BPS":null,"BASIC_EPS":null,"DILUTED_EPS":null,"OPERATE_INCOME":96592000,"OPERATE_INCOME_YOY":null,"GROSS_PROFIT":28531000,"GROSS_PROFIT_YOY":null,"HOLDER_PROFIT":13362000,"HOLDER_PROFIT_YOY":null,"GROSS_PROFIT_RATIO":29.537642868975,"EPS_TTM":null,"OPERATE_INCOME_QOQ":0,"NET_PROFIT_RATIO":13.8334437635,"ROE_AVG":null,"GROSS_PROFIT_QOQ":0,"ROA":null,"HOLDER_PROFIT_QOQ":0,"ROE_YEARLY":null,"ROIC_YEARLY":null,"TOTAL_ASSETS":null,"TOTAL_LIABILITIES":null,"TAX_EBT":25.235004476276,"OCF_SALES":8.334023521617,"TOTAL_PARENT_EQUITY":null,"DEBT_ASSET_RATIO":null,"OPERATE_PROFIT":null,"PRETAX_PROFIT":17872000,"NETCASH_OPERATE":8050000,"NETCASH_INVEST":-8289000,"NETCASH_FINANCE":-338000,"END_CASH":5917000,"DIVI_RATIO":null,"DIVIDEND_RATE":6,"CURRENT_RATIO":null,"COMMON_ACS":10000000000,"CURRENTDEBT_DEBT":null,"ISSUED_COMMON_SHARES":950000000,"HK_COMMON_SHARES":950000000,"PER_SHARES":5000,"TOTAL_MARKET_CAP":332500000,"HKSK_MARKET_CAP":332500000,"PE_TTM":25.681818540883,"PB_TTM":1.258067872778,"REPORT_DATE_SQ":"2019-06-30 00:00:00","REPORT_TYPE_SQ":"2019年中报","OPERATE_INCOME_SQ":null,"DPS_HKD":0.021,"OPERATE_INCOME_QOQ_SQ":0,"NET_PROFIT_RATIO_SQ":null,"HOLDER_PROFIT_SQ":null,"HOLDER_PROFIT_QOQ_SQ":0,"ROE_AVG_SQ":null,"PE_TTM_SQ":25.852229974568,"PB_TTM_SQ":1.800833000361,"ROA_SQ":null,"START_DATE":"2020-01-01 00:00:00","FISCAL_YEAR":"12-31","CURRENCY":"HKD","IS_CNY_CODE":0,"DPS_HKD_LY":null,"ORG_TYPE":"一般企业","PREMIUM_INCOME":null,"PREMIUM_INCOME_YOY":null,"NET_INTEREST_INCOME":null,"NET_INTEREST_INCOME_YOY":null,"FEE_COMMISSION_INCOME":null,"FEE_COMMISSION_INCOME_YOY":null,"ACCOUNTS_RECE_TDAYS":null,"INVENTORY_TDAYS":null,"CURRENT_ASSETS_TDAYS":1.609826421006,"TOTAL_ASSETS_TDAYS":1.421683200377,"PREMIUM_EXPENSE":null,"LOAN_DEPOSIT":null,"LOAN_EQUITY":null,"LOAN_ASSETS":null,"DEPOSIT_EQUITY":null,"DEPOSIT_ASSETS":null,"EQUITY_MULTIPLIER":null,"EQUITY_RATIO":null}],"count":11},"success":true,"message":"ok","code":0}