{"version":"1af3500252e7d78d535922b16a196aa1","result":{"pages":2,"data":[{"SECUCODE":"02420.HK","SECURITY_CODE":"02420","SECURITY_NAME_ABBR":"子不语","ORG_CODE":"10000226229","STD_REPORT_DATE":"2024-06-30 00:00:00","REPORT_DATE":"2024-06-30 00:00:00","DATE_TYPE_CODE":"002","REPORT_TYPE":"2024年中报","PER_NETCASH_OPERATE":0.260232,"PER_OI":2.924264,"BPS":1.116518,"BASIC_EPS":0.18,"DILUTED_EPS":0.18,"OPERATE_INCOME":1462132000,"OPERATE_INCOME_YOY":6.3142181339,"GROSS_PROFIT":1080926000,"GROSS_PROFIT_YOY":7.950429284632,"HOLDER_PROFIT":91365000,"HOLDER_PROFIT_YOY":789.1105488517,"GROSS_PROFIT_RATIO":73.928072157644,"EPS_TTM":-0.369394,"OPERATE_INCOME_QOQ":2.894351616443,"NET_PROFIT_RATIO":6.2487518227,"ROE_AVG":17.536518819152,"GROSS_PROFIT_QOQ":4.071503058652,"ROA":10.019196194318,"HOLDER_PROFIT_QOQ":30.50913140647,"ROE_YEARLY":35.073037638304,"ROIC_YEARLY":31.113040813199,"TOTAL_ASSETS":930393000,"TOTAL_LIABILITIES":372134000,"TAX_EBT":2.106481233459,"OCF_SALES":8.899059729217,"TOTAL_PARENT_EQUITY":558259000,"DEBT_ASSET_RATIO":39.9975064301,"OPERATE_PROFIT":97699000,"PRETAX_PROFIT":93331000,"NETCASH_OPERATE":130116000,"NETCASH_INVEST":-928000,"NETCASH_FINANCE":-36400000,"END_CASH":371704000,"DIVI_RATIO":null,"DIVIDEND_RATE":null,"CURRENT_RATIO":2.448975359297,"COMMON_ACS":2000000000,"CURRENTDEBT_DEBT":95.881591039787,"ISSUED_COMMON_SHARES":500000000,"HK_COMMON_SHARES":500000000,"PER_SHARES":500,"TOTAL_MARKET_CAP":2040000000,"HKSK_MARKET_CAP":2040000000,"PE_TTM":-9.983844281404,"PB_TTM":3.335131542886,"REPORT_DATE_SQ":"2023-06-30 00:00:00","REPORT_TYPE_SQ":"2023年中报","OPERATE_INCOME_SQ":1375293000,"DPS_HKD":null,"OPERATE_INCOME_QOQ_SQ":3.1883707271,"NET_PROFIT_RATIO_SQ":0.747186236,"HOLDER_PROFIT_SQ":10276000,"HOLDER_PROFIT_QOQ_SQ":-46.107286754476,"ROE_AVG_SQ":1.314879468316,"PE_TTM_SQ":25.248855394846,"PB_TTM_SQ":1.901695474609,"ROA_SQ":0.761186030947,"START_DATE":"2024-01-01 00:00:00","FISCAL_YEAR":"12-31","CURRENCY":"HKD","IS_CNY_CODE":0,"DPS_HKD_LY":null,"ORG_TYPE":"一般企业","PREMIUM_INCOME":null,"PREMIUM_INCOME_YOY":null,"NET_INTEREST_INCOME":null,"NET_INTEREST_INCOME_YOY":null,"FEE_COMMISSION_INCOME":null,"FEE_COMMISSION_INCOME_YOY":null,"ACCOUNTS_RECE_TDAYS":9.663889595733,"INVENTORY_TDAYS":1.065782815222,"CURRENT_ASSETS_TDAYS":1.707216600774,"TOTAL_ASSETS_TDAYS":1.603391601816,"PREMIUM_EXPENSE":null,"LOAN_DEPOSIT":null,"LOAN_EQUITY":null,"LOAN_ASSETS":null,"DEPOSIT_EQUITY":null,"DEPOSIT_ASSETS":null,"EQUITY_MULTIPLIER":1.666597403715,"EQUITY_RATIO":0.666597403714},{"SECUCODE":"02420.HK","SECURITY_CODE":"02420","SECURITY_NAME_ABBR":"子不语","ORG_CODE":"10000226229","STD_REPORT_DATE":"2023-12-31 00:00:00","REPORT_DATE":"2023-12-31 00:00:00","DATE_TYPE_CODE":"001","REPORT_TYPE":"2023年年报","PER_NETCASH_OPERATE":0.15346,"PER_OI":6.000584,"BPS":0.967476,"BASIC_EPS":-0.53,"DILUTED_EPS":-0.53,"OPERATE_INCOME":3000292000,"OPERATE_INCOME_YOY":-2.1536813866,"GROSS_PROFIT":1955273000,"GROSS_PROFIT_YOY":-16.717332089592,"HOLDER_PROFIT":-265786000,"HOLDER_PROFIT_YOY":-340.1087683163,"GROSS_PROFIT_RATIO":65.169423509445,"EPS_TTM":-0.531572,"OPERATE_INCOME_QOQ":-5.17699046521,"NET_PROFIT_RATIO":-8.8586710893,"ROE_AVG":-41.82119004704,"GROSS_PROFIT_QOQ":-17.844153421324,"ROA":-23.582303290783,"HOLDER_PROFIT_QOQ":-545.531044656028,"ROE_YEARLY":-41.82119004704,"ROIC_YEARLY":-31.601688365733,"TOTAL_ASSETS":893406000,"TOTAL_LIABILITIES":409668000,"TAX_EBT":-7.513824223032,"OCF_SALES":2.557417744673,"TOTAL_PARENT_EQUITY":483738000,"DEBT_ASSET_RATIO":45.8546282429,"OPERATE_PROFIT":-237726000,"PRETAX_PROFIT":-247211000,"NETCASH_OPERATE":76730000,"NETCASH_INVEST":-10058000,"NETCASH_FINANCE":-87352000,"END_CASH":277475000,"DIVI_RATIO":null,"DIVIDEND_RATE":null,"CURRENT_RATIO":2.101394468209,"COMMON_ACS":2000000000,"CURRENTDEBT_DEBT":97.467217356494,"ISSUED_COMMON_SHARES":500000000,"HK_COMMON_SHARES":500000000,"PER_SHARES":500,"TOTAL_MARKET_CAP":2420000000,"HKSK_MARKET_CAP":2420000000,"PE_TTM":-11.843579980882,"PB_TTM":3.956381536169,"REPORT_DATE_SQ":"2022-12-31 00:00:00","REPORT_TYPE_SQ":"2022年年报","OPERATE_INCOME_SQ":3066331000,"DPS_HKD":null,"OPERATE_INCOME_QOQ_SQ":21.516622123307,"NET_PROFIT_RATIO_SQ":3.6099820926,"HOLDER_PROFIT_SQ":110694000,"HOLDER_PROFIT_QOQ_SQ":-24.99898367098,"ROE_AVG_SQ":19.080287202328,"PE_TTM_SQ":41.029390016624,"PB_TTM_SQ":3.09025514624,"ROA_SQ":9.300520126383,"START_DATE":"2023-01-01 00:00:00","FISCAL_YEAR":"12-31","CURRENCY":"HKD","IS_CNY_CODE":0,"DPS_HKD_LY":0.05,"ORG_TYPE":"一般企业","PREMIUM_INCOME":null,"PREMIUM_INCOME_YOY":null,"NET_INTEREST_INCOME":null,"NET_INTEREST_INCOME_YOY":null,"FEE_COMMISSION_INCOME":null,"FEE_COMMISSION_INCOME_YOY":null,"ACCOUNTS_RECE_TDAYS":19.045422084826,"INVENTORY_TDAYS":1.810941178407,"CURRENT_ASSETS_TDAYS":2.86756256532,"TOTAL_ASSETS_TDAYS":2.662058795607,"PREMIUM_EXPENSE":null,"LOAN_DEPOSIT":null,"LOAN_EQUITY":null,"LOAN_ASSETS":null,"DEPOSIT_EQUITY":null,"DEPOSIT_ASSETS":null,"EQUITY_MULTIPLIER":1.846879922602,"EQUITY_RATIO":0.846879922603},{"SECUCODE":"02420.HK","SECURITY_CODE":"02420","SECURITY_NAME_ABBR":"子不语","ORG_CODE":"10000226229","STD_REPORT_DATE":"2023-06-30 00:00:00","REPORT_DATE":"2023-06-30 00:00:00","DATE_TYPE_CODE":"002","REPORT_TYPE":"2023年中报","PER_NETCASH_OPERATE":0.114664,"PER_OI":2.750586,"BPS":1.551424,"BASIC_EPS":0.02,"DILUTED_EPS":0.02,"OPERATE_INCOME":1375293000,"OPERATE_INCOME_YOY":7.6527541101,"GROSS_PROFIT":1001317000,"GROSS_PROFIT_YOY":3.32271884893,"HOLDER_PROFIT":10276000,"HOLDER_PROFIT_YOY":-83.2403692468,"GROSS_PROFIT_RATIO":72.807539920584,"EPS_TTM":0.119312,"OPERATE_INCOME_QOQ":3.1883707271,"NET_PROFIT_RATIO":0.747186236,"ROE_AVG":1.314879468316,"GROSS_PROFIT_QOQ":1.371565602033,"ROA":0.761186030947,"HOLDER_PROFIT_QOQ":-46.107286754476,"ROE_YEARLY":2.629758936632,"ROIC_YEARLY":1.965844503919,"TOTAL_ASSETS":1339289000,"TOTAL_LIABILITIES":563577000,"TAX_EBT":3.557015485687,"OCF_SALES":4.168711685437,"TOTAL_PARENT_EQUITY":775712000,"DEBT_ASSET_RATIO":42.080312763,"OPERATE_PROFIT":15825000,"PRETAX_PROFIT":10655000,"NETCASH_OPERATE":57332000,"NETCASH_INVEST":-2962000,"NETCASH_FINANCE":-42201000,"END_CASH":314550000,"DIVI_RATIO":null,"DIVIDEND_RATE":null,"CURRENT_RATIO":2.335277534569,"COMMON_ACS":2000000000,"CURRENTDEBT_DEBT":94.033645801727,"ISSUED_COMMON_SHARES":500000000,"HK_COMMON_SHARES":500000000,"PER_SHARES":500,"TOTAL_MARKET_CAP":2420000000,"HKSK_MARKET_CAP":2420000000,"PE_TTM":-11.843579980882,"PB_TTM":3.956381536169,"REPORT_DATE_SQ":"2022-06-30 00:00:00","REPORT_TYPE_SQ":"2022年中报","OPERATE_INCOME_SQ":1277527000,"DPS_HKD":null,"OPERATE_INCOME_QOQ_SQ":7.536235219214,"NET_PROFIT_RATIO_SQ":4.7994288966,"HOLDER_PROFIT_SQ":61314000,"HOLDER_PROFIT_QOQ_SQ":-26.392331516291,"ROE_AVG_SQ":15.190531993172,"PE_TTM_SQ":41.029390016624,"PB_TTM_SQ":3.09025514624,"ROA_SQ":5.662834428083,"START_DATE":"2023-01-01 00:00:00","FISCAL_YEAR":"12-31","CURRENCY":"HKD","IS_CNY_CODE":0,"DPS_HKD_LY":0.05,"ORG_TYPE":"一般企业","PREMIUM_INCOME":null,"PREMIUM_INCOME_YOY":null,"NET_INTEREST_INCOME":null,"NET_INTEREST_INCOME_YOY":null,"FEE_COMMISSION_INCOME":null,"FEE_COMMISSION_INCOME_YOY":null,"ACCOUNTS_RECE_TDAYS":7.333546627421,"INVENTORY_TDAYS":0.514716467993,"CURRENT_ASSETS_TDAYS":1.104170547167,"TOTAL_ASSETS_TDAYS":1.018736687485,"PREMIUM_EXPENSE":null,"LOAN_DEPOSIT":null,"LOAN_EQUITY":null,"LOAN_ASSETS":null,"DEPOSIT_EQUITY":null,"DEPOSIT_ASSETS":null,"EQUITY_MULTIPLIER":1.726528660122,"EQUITY_RATIO":0.726528660121},{"SECUCODE":"02420.HK","SECURITY_CODE":"02420","SECURITY_NAME_ABBR":"子不语","ORG_CODE":"10000226229","STD_REPORT_DATE":"2022-12-31 00:00:00","REPORT_DATE":"2022-12-31 00:00:00","DATE_TYPE_CODE":"001","REPORT_TYPE":"2022年年报","PER_NETCASH_OPERATE":0.184168,"PER_OI":6.132662,"BPS":1.574642,"BASIC_EPS":0.24,"DILUTED_EPS":0.24,"OPERATE_INCOME":3066331000,"OPERATE_INCOME_YOY":30.674400597,"GROSS_PROFIT":2347755000,"GROSS_PROFIT_YOY":32.976972985526,"HOLDER_PROFIT":110694000,"HOLDER_PROFIT_YOY":-44.7935005411,"GROSS_PROFIT_RATIO":76.565608866101,"EPS_TTM":0.221388,"OPERATE_INCOME_QOQ":21.516622123307,"NET_PROFIT_RATIO":3.6099820926,"ROE_AVG":19.080287202328,"GROSS_PROFIT_QOQ":23.553697261853,"ROA":9.300520126383,"HOLDER_PROFIT_QOQ":-24.99898367098,"ROE_YEARLY":19.080287202328,"ROIC_YEARLY":11.041856089984,"TOTAL_ASSETS":1360708000,"TOTAL_LIABILITIES":573387000,"TAX_EBT":12.969573079645,"OCF_SALES":3.003067835795,"TOTAL_PARENT_EQUITY":787321000,"DEBT_ASSET_RATIO":42.1388718226,"OPERATE_PROFIT":142176000,"PRETAX_PROFIT":127190000,"NETCASH_OPERATE":92084000,"NETCASH_INVEST":-12601000,"NETCASH_FINANCE":129861000,"END_CASH":294539000,"DIVI_RATIO":null,"DIVIDEND_RATE":null,"CURRENT_RATIO":2.3663278116,"COMMON_ACS":2000000000,"CURRENTDEBT_DEBT":92.385247659957,"ISSUED_COMMON_SHARES":500000000,"HK_COMMON_SHARES":500000000,"PER_SHARES":500,"TOTAL_MARKET_CAP":2420000000,"HKSK_MARKET_CAP":2420000000,"PE_TTM":-11.843579980882,"PB_TTM":3.956381536169,"REPORT_DATE_SQ":"2021-12-31 00:00:00","REPORT_TYPE_SQ":"2021年年报","OPERATE_INCOME_SQ":2346543000,"DPS_HKD":null,"OPERATE_INCOME_QOQ_SQ":23.625302867222,"NET_PROFIT_RATIO_SQ":8.5448679185,"HOLDER_PROFIT_SQ":200509000,"HOLDER_PROFIT_QOQ_SQ":75.945279525452,"ROE_AVG_SQ":73.521522872234,"PE_TTM_SQ":41.029390016624,"PB_TTM_SQ":3.09025514624,"ROA_SQ":24.125925662997,"START_DATE":"2022-01-01 00:00:00","FISCAL_YEAR":"12-31","CURRENCY":"HKD","IS_CNY_CODE":0,"DPS_HKD_LY":null,"ORG_TYPE":"一般企业","PREMIUM_INCOME":null,"PREMIUM_INCOME_YOY":null,"NET_INTEREST_INCOME":null,"NET_INTEREST_INCOME_YOY":null,"FEE_COMMISSION_INCOME":null,"FEE_COMMISSION_INCOME_YOY":null,"ACCOUNTS_RECE_TDAYS":20.779246037393,"INVENTORY_TDAYS":1.012797817042,"CURRENT_ASSETS_TDAYS":2.777080060662,"TOTAL_ASSETS_TDAYS":2.576334144547,"PREMIUM_EXPENSE":null,"LOAN_DEPOSIT":null,"LOAN_EQUITY":null,"LOAN_ASSETS":null,"DEPOSIT_EQUITY":null,"DEPOSIT_ASSETS":null,"EQUITY_MULTIPLIER":1.728276014484,"EQUITY_RATIO":0.728276014485},{"SECUCODE":"02420.HK","SECURITY_CODE":"02420","SECURITY_NAME_ABBR":"子不语","ORG_CODE":"10000226229","STD_REPORT_DATE":"2022-06-30 00:00:00","REPORT_DATE":"2022-06-30 00:00:00","DATE_TYPE_CODE":"002","REPORT_TYPE":"2022年中报","PER_NETCASH_OPERATE":0.029272403333,"PER_OI":3.106519821667,"BPS":0.86858,"BASIC_EPS":0.13,"DILUTED_EPS":0.13,"OPERATE_INCOME":1277527000,"OPERATE_INCOME_YOY":16.0664349324,"GROSS_PROFIT":969116000,"GROSS_PROFIT_YOY":16.136763731319,"HOLDER_PROFIT":61314000,"HOLDER_PROFIT_YOY":-46.3254926335,"GROSS_PROFIT_RATIO":75.858748973603,"EPS_TTM":0.358889683333,"OPERATE_INCOME_QOQ":7.536235219214,"NET_PROFIT_RATIO":4.7994288966,"ROE_AVG":15.190531993172,"GROSS_PROFIT_QOQ":7.626866643822,"ROA":5.662834428083,"HOLDER_PROFIT_QOQ":-26.392331516291,"ROE_YEARLY":30.381063986344,"ROIC_YEARLY":12.252263053774,"TOTAL_ASSETS":1145813000,"TOTAL_LIABILITIES":711523000,"TAX_EBT":14.063463586926,"OCF_SALES":0.94228928234,"TOTAL_PARENT_EQUITY":434290000,"DEBT_ASSET_RATIO":62.0976546784,"OPERATE_PROFIT":79113000,"PRETAX_PROFIT":71348000,"NETCASH_OPERATE":12038000,"NETCASH_INVEST":-8325000,"NETCASH_FINANCE":-3710000,"END_CASH":82913000,"DIVI_RATIO":null,"DIVIDEND_RATE":null,"CURRENT_RATIO":1.560901092753,"COMMON_ACS":2000000000,"CURRENTDEBT_DEBT":95.959090570509,"ISSUED_COMMON_SHARES":500000000,"HK_COMMON_SHARES":500000000,"PER_SHARES":500,"TOTAL_MARKET_CAP":2420000000,"HKSK_MARKET_CAP":2420000000,"PE_TTM":-11.843579980882,"PB_TTM":3.956381536169,"REPORT_DATE_SQ":"2021-06-30 00:00:00","REPORT_TYPE_SQ":"2021年中报","OPERATE_INCOME_SQ":1100686000,"DPS_HKD":null,"OPERATE_INCOME_QOQ_SQ":0,"NET_PROFIT_RATIO_SQ":10.3783458679,"HOLDER_PROFIT_SQ":114233000,"HOLDER_PROFIT_QOQ_SQ":0,"ROE_AVG_SQ":null,"PE_TTM_SQ":41.029390016624,"PB_TTM_SQ":3.09025514624,"ROA_SQ":null,"START_DATE":"2022-01-01 00:00:00","FISCAL_YEAR":"12-31","CURRENCY":"HKD","IS_CNY_CODE":0,"DPS_HKD_LY":null,"ORG_TYPE":"一般企业","PREMIUM_INCOME":null,"PREMIUM_INCOME_YOY":null,"NET_INTEREST_INCOME":null,"NET_INTEREST_INCOME_YOY":null,"FEE_COMMISSION_INCOME":null,"FEE_COMMISSION_INCOME_YOY":null,"ACCOUNTS_RECE_TDAYS":8.518010794809,"INVENTORY_TDAYS":0.432734556144,"CURRENT_ASSETS_TDAYS":1.264535165708,"TOTAL_ASSETS_TDAYS":1.179897556578,"PREMIUM_EXPENSE":null,"LOAN_DEPOSIT":null,"LOAN_EQUITY":null,"LOAN_ASSETS":null,"DEPOSIT_EQUITY":null,"DEPOSIT_ASSETS":null,"EQUITY_MULTIPLIER":2.638359160931,"EQUITY_RATIO":1.638359160929},{"SECUCODE":"02420.HK","SECURITY_CODE":"02420","SECURITY_NAME_ABBR":"子不语","ORG_CODE":"10000226229","STD_REPORT_DATE":"2021-12-31 00:00:00","REPORT_DATE":"2021-12-31 00:00:00","DATE_TYPE_CODE":"001","REPORT_TYPE":"2021年年报","PER_NETCASH_OPERATE":-0.478290691775,"PER_OI":5.420599349674,"BPS":0.745952,"BASIC_EPS":0.44,"DILUTED_EPS":0.44,"OPERATE_INCOME":2346543000,"OPERATE_INCOME_YOY":23.6253028672,"GROSS_PROFIT":1765535000,"GROSS_PROFIT_YOY":28.140858523103,"HOLDER_PROFIT":200509000,"HOLDER_PROFIT_YOY":75.9452795255,"GROSS_PROFIT_RATIO":75.239831530895,"EPS_TTM":0.463183054819,"OPERATE_INCOME_QOQ":23.625302867222,"NET_PROFIT_RATIO":8.5448679185,"ROE_AVG":73.521522872234,"GROSS_PROFIT_QOQ":28.140858523103,"ROA":24.125925662997,"HOLDER_PROFIT_QOQ":75.945279525452,"ROE_YEARLY":73.521522872234,"ROIC_YEARLY":26.764295229629,"TOTAL_ASSETS":1019675000,"TOTAL_LIABILITIES":646699000,"TAX_EBT":15.621699189079,"OCF_SALES":-8.823575787872,"TOTAL_PARENT_EQUITY":372976000,"DEBT_ASSET_RATIO":63.4220707578,"OPERATE_PROFIT":249766000,"PRETAX_PROFIT":237631000,"NETCASH_OPERATE":-207049000,"NETCASH_INVEST":-764000,"NETCASH_FINANCE":206997000,"END_CASH":80855000,"DIVI_RATIO":null,"DIVIDEND_RATE":null,"CURRENT_RATIO":1.537377790373,"COMMON_ACS":2000000000,"CURRENTDEBT_DEBT":96.036022941121,"ISSUED_COMMON_SHARES":500000000,"HK_COMMON_SHARES":500000000,"PER_SHARES":500,"TOTAL_MARKET_CAP":2420000000,"HKSK_MARKET_CAP":2420000000,"PE_TTM":-11.843579980882,"PB_TTM":3.956381536169,"REPORT_DATE_SQ":"2020-12-31 00:00:00","REPORT_TYPE_SQ":"2020年年报","OPERATE_INCOME_SQ":1898109000,"DPS_HKD":null,"OPERATE_INCOME_QOQ_SQ":32.841353980183,"NET_PROFIT_RATIO_SQ":6.0039228516,"HOLDER_PROFIT_SQ":113961000,"HOLDER_PROFIT_QOQ_SQ":40.503519954629,"ROE_AVG_SQ":96.0792166021,"PE_TTM_SQ":41.029390016624,"PB_TTM_SQ":3.09025514624,"ROA_SQ":20.397402199915,"START_DATE":"2021-01-01 00:00:00","FISCAL_YEAR":"12-31","CURRENCY":"HKD","IS_CNY_CODE":0,"DPS_HKD_LY":null,"ORG_TYPE":"一般企业","PREMIUM_INCOME":null,"PREMIUM_INCOME_YOY":null,"NET_INTEREST_INCOME":null,"NET_INTEREST_INCOME_YOY":null,"FEE_COMMISSION_INCOME":null,"FEE_COMMISSION_INCOME_YOY":null,"ACCOUNTS_RECE_TDAYS":16.42512756977,"INVENTORY_TDAYS":1.26283712777,"CURRENT_ASSETS_TDAYS":3.019720154992,"TOTAL_ASSETS_TDAYS":2.823440443223,"PREMIUM_EXPENSE":null,"LOAN_DEPOSIT":null,"LOAN_EQUITY":null,"LOAN_ASSETS":null,"DEPOSIT_EQUITY":null,"DEPOSIT_ASSETS":null,"EQUITY_MULTIPLIER":2.733889043796,"EQUITY_RATIO":1.733889043799},{"SECUCODE":"02420.HK","SECURITY_CODE":"02420","SECURITY_NAME_ABBR":"子不语","ORG_CODE":"10000226229","STD_REPORT_DATE":"2021-06-30 00:00:00","REPORT_DATE":"2021-06-30 00:00:00","DATE_TYPE_CODE":"002","REPORT_TYPE":"2021年中报","PER_NETCASH_OPERATE":null,"PER_OI":null,"BPS":null,"BASIC_EPS":0.29,"DILUTED_EPS":0.29,"OPERATE_INCOME":1100686000,"OPERATE_INCOME_YOY":null,"GROSS_PROFIT":834461000,"GROSS_PROFIT_YOY":null,"HOLDER_PROFIT":114233000,"HOLDER_PROFIT_YOY":null,"GROSS_PROFIT_RATIO":75.812811283145,"EPS_TTM":0.269414539457,"OPERATE_INCOME_QOQ":0,"NET_PROFIT_RATIO":10.3783458679,"ROE_AVG":null,"GROSS_PROFIT_QOQ":0,"ROA":null,"HOLDER_PROFIT_QOQ":0,"ROE_YEARLY":null,"ROIC_YEARLY":null,"TOTAL_ASSETS":null,"TOTAL_LIABILITIES":null,"TAX_EBT":16.603029749954,"OCF_SALES":-9.385328785866,"TOTAL_PARENT_EQUITY":null,"DEBT_ASSET_RATIO":null,"OPERATE_PROFIT":141133000,"PRETAX_PROFIT":136975000,"NETCASH_OPERATE":-103303000,"NETCASH_INVEST":1567000,"NETCASH_FINANCE":133639000,"END_CASH":114240000,"DIVI_RATIO":null,"DIVIDEND_RATE":null,"CURRENT_RATIO":null,"COMMON_ACS":2000000000,"CURRENTDEBT_DEBT":null,"ISSUED_COMMON_SHARES":500000000,"HK_COMMON_SHARES":500000000,"PER_SHARES":500,"TOTAL_MARKET_CAP":2420000000,"HKSK_MARKET_CAP":2420000000,"PE_TTM":-11.843579980882,"PB_TTM":3.956381536169,"REPORT_DATE_SQ":"2020-06-30 00:00:00","REPORT_TYPE_SQ":"2020年中报","OPERATE_INCOME_SQ":null,"DPS_HKD":null,"OPERATE_INCOME_QOQ_SQ":0,"NET_PROFIT_RATIO_SQ":null,"HOLDER_PROFIT_SQ":null,"HOLDER_PROFIT_QOQ_SQ":0,"ROE_AVG_SQ":null,"PE_TTM_SQ":41.029390016624,"PB_TTM_SQ":3.09025514624,"ROA_SQ":null,"START_DATE":"2021-01-01 00:00:00","FISCAL_YEAR":"12-31","CURRENCY":"HKD","IS_CNY_CODE":0,"DPS_HKD_LY":null,"ORG_TYPE":"一般企业","PREMIUM_INCOME":null,"PREMIUM_INCOME_YOY":null,"NET_INTEREST_INCOME":null,"NET_INTEREST_INCOME_YOY":null,"FEE_COMMISSION_INCOME":null,"FEE_COMMISSION_INCOME_YOY":null,"ACCOUNTS_RECE_TDAYS":null,"INVENTORY_TDAYS":null,"CURRENT_ASSETS_TDAYS":3.673018140075,"TOTAL_ASSETS_TDAYS":3.426195930971,"PREMIUM_EXPENSE":null,"LOAN_DEPOSIT":null,"LOAN_EQUITY":null,"LOAN_ASSETS":null,"DEPOSIT_EQUITY":null,"DEPOSIT_ASSETS":null,"EQUITY_MULTIPLIER":null,"EQUITY_RATIO":null},{"SECUCODE":"02420.HK","SECURITY_CODE":"02420","SECURITY_NAME_ABBR":"子不语","ORG_CODE":"10000226229","STD_REPORT_DATE":"2020-12-31 00:00:00","REPORT_DATE":"2020-12-31 00:00:00","DATE_TYPE_CODE":"001","REPORT_TYPE":"2020年年报","PER_NETCASH_OPERATE":0.269785702246,"PER_OI":4.48730848337,"BPS":0.344934,"BASIC_EPS":0.28,"DILUTED_EPS":0.28,"OPERATE_INCOME":1898109000,"OPERATE_INCOME_YOY":32.8413539802,"GROSS_PROFIT":1377808000,"GROSS_PROFIT_YOY":38.065906096088,"HOLDER_PROFIT":113961000,"HOLDER_PROFIT_YOY":40.5035199546,"GROSS_PROFIT_RATIO":72.588455141407,"EPS_TTM":0.269414539457,"OPERATE_INCOME_QOQ":32.841353980183,"NET_PROFIT_RATIO":6.0039228516,"ROE_AVG":96.0792166021,"GROSS_PROFIT_QOQ":38.065906096088,"ROA":20.397402199915,"HOLDER_PROFIT_QOQ":40.503519954629,"ROE_YEARLY":96.0792166021,"ROIC_YEARLY":22.626798105846,"TOTAL_ASSETS":642512000,"TOTAL_LIABILITIES":470045000,"TAX_EBT":15.222097408926,"OCF_SALES":6.012194241743,"TOTAL_PARENT_EQUITY":172467000,"DEBT_ASSET_RATIO":73.1573885001,"OPERATE_PROFIT":141143000,"PRETAX_PROFIT":134423000,"NETCASH_OPERATE":114118000,"NETCASH_INVEST":-8000000,"NETCASH_FINANCE":-48069000,"END_CASH":83000000,"DIVI_RATIO":null,"DIVIDEND_RATE":null,"CURRENT_RATIO":1.298208220697,"COMMON_ACS":2000000000,"CURRENTDEBT_DEBT":98.216979225393,"ISSUED_COMMON_SHARES":500000000,"HK_COMMON_SHARES":500000000,"PER_SHARES":500,"TOTAL_MARKET_CAP":2420000000,"HKSK_MARKET_CAP":2420000000,"PE_TTM":-11.843579980882,"PB_TTM":3.956381536169,"REPORT_DATE_SQ":"2019-12-31 00:00:00","REPORT_TYPE_SQ":"2019年年报","OPERATE_INCOME_SQ":1428854000,"DPS_HKD":null,"OPERATE_INCOME_QOQ_SQ":8.400986557359,"NET_PROFIT_RATIO_SQ":5.6765071869,"HOLDER_PROFIT_SQ":81109000,"HOLDER_PROFIT_QOQ_SQ":1.372311307195,"ROE_AVG_SQ":335.140383860505,"PE_TTM_SQ":41.029390016624,"PB_TTM_SQ":3.09025514624,"ROA_SQ":18.2289331414,"START_DATE":"2020-01-01 00:00:00","FISCAL_YEAR":"12-31","CURRENCY":"HKD","IS_CNY_CODE":0,"DPS_HKD_LY":null,"ORG_TYPE":"一般企业","PREMIUM_INCOME":null,"PREMIUM_INCOME_YOY":null,"NET_INTEREST_INCOME":null,"NET_INTEREST_INCOME_YOY":null,"FEE_COMMISSION_INCOME":null,"FEE_COMMISSION_INCOME_YOY":null,"ACCOUNTS_RECE_TDAYS":10.658354226738,"INVENTORY_TDAYS":2.397788858575,"CURRENT_ASSETS_TDAYS":3.699977875481,"TOTAL_ASSETS_TDAYS":3.397345819384,"PREMIUM_EXPENSE":null,"LOAN_DEPOSIT":null,"LOAN_EQUITY":null,"LOAN_ASSETS":null,"DEPOSIT_EQUITY":null,"DEPOSIT_ASSETS":null,"EQUITY_MULTIPLIER":3.725419935403,"EQUITY_RATIO":2.725419935408},{"SECUCODE":"02420.HK","SECURITY_CODE":"02420","SECURITY_NAME_ABBR":"子不语","ORG_CODE":"10000226229","STD_REPORT_DATE":"2019-12-31 00:00:00","REPORT_DATE":"2019-12-31 00:00:00","DATE_TYPE_CODE":"001","REPORT_TYPE":"2019年年报","PER_NETCASH_OPERATE":0.207167863913,"PER_OI":3.611583795217,"BPS":0.129512,"BASIC_EPS":0.2,"DILUTED_EPS":0.2,"OPERATE_INCOME":1428854000,"OPERATE_INCOME_YOY":8.4009865574,"GROSS_PROFIT":997935000,"GROSS_PROFIT_YOY":13.903007212425,"HOLDER_PROFIT":81109000,"HOLDER_PROFIT_YOY":1.3723113072,"GROSS_PROFIT_RATIO":69.841635324533,"EPS_TTM":0.205011813696,"OPERATE_INCOME_QOQ":8.400986557359,"NET_PROFIT_RATIO":5.6765071869,"ROE_AVG":335.140383860505,"GROSS_PROFIT_QOQ":13.903007212425,"ROA":18.2289331414,"HOLDER_PROFIT_QOQ":1.372311307195,"ROE_YEARLY":335.140383860505,"ROIC_YEARLY":19.923777286221,"TOTAL_ASSETS":474895000,"TOTAL_LIABILITIES":410139000,"TAX_EBT":13.345085470086,"OCF_SALES":5.736205378576,"TOTAL_PARENT_EQUITY":64756000,"DEBT_ASSET_RATIO":86.3641436528,"OPERATE_PROFIT":101890000,"PRETAX_PROFIT":93600000,"NETCASH_OPERATE":81962000,"NETCASH_INVEST":-3642000,"NETCASH_FINANCE":-100221000,"END_CASH":27097000,"DIVI_RATIO":null,"DIVIDEND_RATE":null,"CURRENT_RATIO":1.075384673547,"COMMON_ACS":2000000000,"CURRENTDEBT_DEBT":96.739154286717,"ISSUED_COMMON_SHARES":500000000,"HK_COMMON_SHARES":500000000,"PER_SHARES":500,"TOTAL_MARKET_CAP":2420000000,"HKSK_MARKET_CAP":2420000000,"PE_TTM":-11.843579980882,"PB_TTM":3.956381536169,"REPORT_DATE_SQ":"2018-12-31 00:00:00","REPORT_TYPE_SQ":"2018年年报","OPERATE_INCOME_SQ":1318119000,"DPS_HKD":null,"OPERATE_INCOME_QOQ_SQ":null,"NET_PROFIT_RATIO_SQ":6.0700892712,"HOLDER_PROFIT_SQ":80011000,"HOLDER_PROFIT_QOQ_SQ":null,"ROE_AVG_SQ":-489.274139301657,"PE_TTM_SQ":41.029390016624,"PB_TTM_SQ":3.09025514624,"ROA_SQ":19.279851951094,"START_DATE":"2019-01-01 00:00:00","FISCAL_YEAR":"12-31","CURRENCY":"HKD","IS_CNY_CODE":0,"DPS_HKD_LY":null,"ORG_TYPE":"一般企业","PREMIUM_INCOME":null,"PREMIUM_INCOME_YOY":null,"NET_INTEREST_INCOME":null,"NET_INTEREST_INCOME_YOY":null,"FEE_COMMISSION_INCOME":null,"FEE_COMMISSION_INCOME_YOY":null,"ACCOUNTS_RECE_TDAYS":7.775335682316,"INVENTORY_TDAYS":2.705469088443,"CURRENT_ASSETS_TDAYS":3.512587854398,"TOTAL_ASSETS_TDAYS":3.211293942081,"PREMIUM_EXPENSE":null,"LOAN_DEPOSIT":null,"LOAN_EQUITY":null,"LOAN_ASSETS":null,"DEPOSIT_EQUITY":null,"DEPOSIT_ASSETS":null,"EQUITY_MULTIPLIER":7.333606152322,"EQUITY_RATIO":6.333606152326}],"count":10},"success":true,"message":"ok","code":0}