{"version":"68a88fd6f192686eaa6a0632a34a80aa","result":{"pages":2,"data":[{"SECUCODE":"02423.HK","SECURITY_CODE":"02423","SECURITY_NAME_ABBR":"贝壳-W","ORG_CODE":"10000108503","STD_REPORT_DATE":"2024-09-30 00:00:00","REPORT_DATE":"2024-09-30 00:00:00","DATE_TYPE_CODE":"004","REPORT_TYPE":"2024年三季报","PER_NETCASH_OPERATE":1.184071295529,"PER_OI":17.138007565379,"BPS":19.709679790837,"BASIC_EPS":1.03,"DILUTED_EPS":0.99,"OPERATE_INCOME":62332391000,"OPERATE_INCOME_YOY":8.2672594892,"GROSS_PROFIT":15773869000,"GROSS_PROFIT_YOY":-4.827443856535,"HOLDER_PROFIT":3494908000,"HOLDER_PROFIT_YOY":-32.9657959279,"GROSS_PROFIT_RATIO":25.306054760518,"EPS_TTM":1.145013919009,"OPERATE_INCOME_QOQ":6.13911751364,"NET_PROFIT_RATIO":5.6165533583,"ROE_AVG":4.892280418001,"GROSS_PROFIT_QOQ":1.227985920745,"ROA":2.874957332598,"HOLDER_PROFIT_QOQ":0.313887907981,"ROE_YEARLY":6.523040557335,"ROIC_YEARLY":3.270921739359,"TOTAL_ASSETS":122795712000,"TOTAL_LIABILITIES":51902049000,"TAX_EBT":33.44048463721,"OCF_SALES":6.909037068705,"TOTAL_PARENT_EQUITY":70774570000,"DEBT_ASSET_RATIO":42.2669881176,"OPERATE_PROFIT":2753937000,"PRETAX_PROFIT":5259852000,"NETCASH_OPERATE":4306568000,"NETCASH_INVEST":-7362441000,"NETCASH_FINANCE":-6966444000,"END_CASH":15820424000,"DIVI_RATIO":0.724292872595,"DIVIDEND_RATE":1.696289156627,"CURRENT_RATIO":1.614895643533,"COMMON_ACS":25000000000,"CURRENTDEBT_DEBT":83.131989644571,"ISSUED_COMMON_SHARES":3590853365,"HK_COMMON_SHARES":3446810889,"PER_SHARES":100,"TOTAL_MARKET_CAP":193726539041.75,"HKSK_MARKET_CAP":185955447461.55,"PE_TTM":41.341928960375,"PB_TTM":2.468409990233,"REPORT_DATE_SQ":"2023-09-30 00:00:00","REPORT_TYPE_SQ":"2023年三季报","OPERATE_INCOME_SQ":57572706000,"DPS_HKD":0.915148,"OPERATE_INCOME_QOQ_SQ":0.288942596242,"NET_PROFIT_RATIO_SQ":9.0659990864,"HOLDER_PROFIT_SQ":5213619000,"HOLDER_PROFIT_QOQ_SQ":8.434273110442,"ROE_AVG_SQ":7.40679289196,"PE_TTM_SQ":22.210152465203,"PB_TTM_SQ":1.724219799219,"ROA_SQ":4.5787301485,"START_DATE":"2024-01-01 00:00:00","FISCAL_YEAR":"12-31","CURRENCY":"HKD","IS_CNY_CODE":0,"DPS_HKD_LY":0.915148,"ORG_TYPE":"一般企业","PREMIUM_INCOME":null,"PREMIUM_INCOME_YOY":null,"NET_INTEREST_INCOME":null,"NET_INTEREST_INCOME_YOY":null,"FEE_COMMISSION_INCOME":null,"FEE_COMMISSION_INCOME_YOY":null,"ACCOUNTS_RECE_TDAYS":19.316061930503,"INVENTORY_TDAYS":null,"CURRENT_ASSETS_TDAYS":0.894091090718,"TOTAL_ASSETS_TDAYS":0.512754454663,"PREMIUM_EXPENSE":null,"LOAN_DEPOSIT":null,"LOAN_EQUITY":null,"LOAN_ASSETS":null,"DEPOSIT_EQUITY":null,"DEPOSIT_ASSETS":null,"EQUITY_MULTIPLIER":1.732111260776,"EQUITY_RATIO":0.733343190923},{"SECUCODE":"02423.HK","SECURITY_CODE":"02423","SECURITY_NAME_ABBR":"贝壳-W","ORG_CODE":"10000108503","STD_REPORT_DATE":"2024-06-30 00:00:00","REPORT_DATE":"2024-06-30 00:00:00","DATE_TYPE_CODE":"002","REPORT_TYPE":"2024年中报","PER_NETCASH_OPERATE":1.049119276369,"PER_OI":10.809643630855,"BPS":19.652498397132,"BASIC_EPS":0.68,"DILUTED_EPS":0.66,"OPERATE_INCOME":39747744000,"OPERATE_INCOME_YOY":-0.0358558414,"GROSS_PROFIT":10639136000,"GROSS_PROFIT_YOY":-9.012683498863,"HOLDER_PROFIT":2323835000,"HOLDER_PROFIT_YOY":-42.7002618863,"GROSS_PROFIT_RATIO":26.766641145721,"EPS_TTM":1.129021082553,"OPERATE_INCOME_QOQ":5.260842854243,"NET_PROFIT_RATIO":5.8683229921,"ROE_AVG":3.257657875992,"GROSS_PROFIT_QOQ":6.022790206124,"ROA":1.913960951304,"HOLDER_PROFIT_QOQ":16.348173313147,"ROE_YEARLY":6.515315751984,"ROIC_YEARLY":4.352749623378,"TOTAL_ASSETS":122497997000,"TOTAL_LIABILITIES":51794889000,"TAX_EBT":34.996620976698,"OCF_SALES":9.70540114176,"TOTAL_PARENT_EQUITY":70569240000,"DEBT_ASSET_RATIO":42.2822333985,"OPERATE_PROFIT":2026973000,"PRETAX_PROFIT":3588315000,"NETCASH_OPERATE":3857678000,"NETCASH_INVEST":-6843593000,"NETCASH_FINANCE":-5377054000,"END_CASH":17526653000,"DIVI_RATIO":0.734552643326,"DIVIDEND_RATE":1.653383920506,"CURRENT_RATIO":1.628929721166,"COMMON_ACS":25000000000,"CURRENTDEBT_DEBT":83.746409805029,"ISSUED_COMMON_SHARES":3590853365,"HK_COMMON_SHARES":3446810889,"PER_SHARES":100,"TOTAL_MARKET_CAP":198753733752.75,"HKSK_MARKET_CAP":190780982706.15,"PE_TTM":42.414750101145,"PB_TTM":2.532465115096,"REPORT_DATE_SQ":"2023-06-30 00:00:00","REPORT_TYPE_SQ":"2023年中报","OPERATE_INCOME_SQ":39762001000,"DPS_HKD":0.915148,"OPERATE_INCOME_QOQ_SQ":8.343455329657,"NET_PROFIT_RATIO_SQ":10.1837203817,"HOLDER_PROFIT_SQ":4055577000,"HOLDER_PROFIT_QOQ_SQ":160.55867677879,"ROE_AVG_SQ":5.727250760636,"PE_TTM_SQ":22.453551396328,"PB_TTM_SQ":1.743115358663,"ROA_SQ":3.576937417916,"START_DATE":"2024-01-01 00:00:00","FISCAL_YEAR":"12-31","CURRENCY":"HKD","IS_CNY_CODE":0,"DPS_HKD_LY":0.915148,"ORG_TYPE":"一般企业","PREMIUM_INCOME":null,"PREMIUM_INCOME_YOY":null,"NET_INTEREST_INCOME":null,"NET_INTEREST_INCOME_YOY":null,"FEE_COMMISSION_INCOME":null,"FEE_COMMISSION_INCOME_YOY":null,"ACCOUNTS_RECE_TDAYS":11.227665634416,"INVENTORY_TDAYS":null,"CURRENT_ASSETS_TDAYS":0.566164172786,"TOTAL_ASSETS_TDAYS":0.327371047938,"PREMIUM_EXPENSE":null,"LOAN_DEPOSIT":null,"LOAN_EQUITY":null,"LOAN_ASSETS":null,"DEPOSIT_EQUITY":null,"DEPOSIT_ASSETS":null,"EQUITY_MULTIPLIER":1.732568771942,"EQUITY_RATIO":0.733958435715},{"SECUCODE":"02423.HK","SECURITY_CODE":"02423","SECURITY_NAME_ABBR":"贝壳-W","ORG_CODE":"10000108503","STD_REPORT_DATE":"2024-03-31 00:00:00","REPORT_DATE":"2024-03-31 00:00:00","DATE_TYPE_CODE":"003","REPORT_TYPE":"2024年一季报","PER_NETCASH_OPERATE":-0.245594384216,"PER_OI":4.394495591432,"BPS":19.213754221345,"BASIC_EPS":0.13,"DILUTED_EPS":0.12,"OPERATE_INCOME":16377314000,"OPERATE_INCOME_YOY":-19.2363675456,"GROSS_PROFIT":4122086000,"GROSS_PROFIT_YOY":-35.083194772495,"HOLDER_PROFIT":431774000,"HOLDER_PROFIT_YOY":-84.2810876773,"GROSS_PROFIT_RATIO":25.169487499599,"EPS_TTM":0.957436428376,"OPERATE_INCOME_QOQ":-5.015325109507,"NET_PROFIT_RATIO":2.6385401171,"ROE_AVG":0.612039108961,"GROSS_PROFIT_QOQ":-10.257438824747,"ROA":0.360783727768,"HOLDER_PROFIT_QOQ":-39.350362998247,"ROE_YEARLY":2.448156435843,"ROIC_YEARLY":1.713041615586,"TOTAL_ASSETS":119021436000,"TOTAL_LIABILITIES":49896460000,"TAX_EBT":48.492581807519,"OCF_SALES":-5.588682002433,"TOTAL_PARENT_EQUITY":68993774000,"DEBT_ASSET_RATIO":41.9222466783,"OPERATE_PROFIT":11854000,"PRETAX_PROFIT":838951000,"NETCASH_OPERATE":-915276000,"NETCASH_INVEST":1290426000,"NETCASH_FINANCE":-1445794000,"END_CASH":24783312000,"DIVI_RATIO":0.866193718957,"DIVIDEND_RATE":1.653383920506,"CURRENT_RATIO":1.689445338074,"COMMON_ACS":25000000000,"CURRENTDEBT_DEBT":83.684163165082,"ISSUED_COMMON_SHARES":3590853365,"HK_COMMON_SHARES":3446810889,"PER_SHARES":100,"TOTAL_MARKET_CAP":198753733752.75,"HKSK_MARKET_CAP":190780982706.15,"PE_TTM":42.414750101145,"PB_TTM":2.532465115096,"REPORT_DATE_SQ":"2023-03-31 00:00:00","REPORT_TYPE_SQ":"2023年一季报","OPERATE_INCOME_SQ":20278080000,"DPS_HKD":0.915148,"OPERATE_INCOME_QOQ_SQ":12.741500863236,"NET_PROFIT_RATIO_SQ":13.5601891303,"HOLDER_PROFIT_SQ":2746844000,"HOLDER_PROFIT_QOQ_SQ":242.759116757114,"ROE_AVG_SQ":3.903231006578,"PE_TTM_SQ":22.453551396328,"PB_TTM_SQ":1.743115358663,"ROA_SQ":2.416752617148,"START_DATE":"2024-01-01 00:00:00","FISCAL_YEAR":"12-31","CURRENCY":"HKD","IS_CNY_CODE":0,"DPS_HKD_LY":0.915148,"ORG_TYPE":"一般企业","PREMIUM_INCOME":null,"PREMIUM_INCOME_YOY":null,"NET_INTEREST_INCOME":null,"NET_INTEREST_INCOME_YOY":null,"FEE_COMMISSION_INCOME":null,"FEE_COMMISSION_INCOME_YOY":null,"ACCOUNTS_RECE_TDAYS":5.139609413493,"INVENTORY_TDAYS":null,"CURRENT_ASSETS_TDAYS":0.233466100109,"TOTAL_ASSETS_TDAYS":0.136846322283,"PREMIUM_EXPENSE":null,"LOAN_DEPOSIT":null,"LOAN_EQUITY":null,"LOAN_ASSETS":null,"DEPOSIT_EQUITY":null,"DEPOSIT_ASSETS":null,"EQUITY_MULTIPLIER":1.721829690038,"EQUITY_RATIO":0.723202357361},{"SECUCODE":"02423.HK","SECURITY_CODE":"02423","SECURITY_NAME_ABBR":"贝壳-W","ORG_CODE":"10000108503","STD_REPORT_DATE":"2023-12-31 00:00:00","REPORT_DATE":"2023-12-31 00:00:00","DATE_TYPE_CODE":"001","REPORT_TYPE":"2023年年报","PER_NETCASH_OPERATE":2.996691306601,"PER_OI":20.889163776204,"BPS":20.078743594143,"BASIC_EPS":1.67,"DILUTED_EPS":1.63,"OPERATE_INCOME":77776932000,"OPERATE_INCOME_YOY":28.1992703364,"GROSS_PROFIT":21718014000,"GROSS_PROFIT_YOY":57.59678339643,"HOLDER_PROFIT":5883224000,"HOLDER_PROFIT_YOY":524.4523741157,"GROSS_PROFIT_RATIO":27.923464504874,"EPS_TTM":1.580103849662,"OPERATE_INCOME_QOQ":4.651632351337,"NET_PROFIT_RATIO":7.5724303448,"ROE_AVG":8.343804174869,"GROSS_PROFIT_QOQ":5.085845858257,"ROA":5.122990677461,"HOLDER_PROFIT_QOQ":5.233254588777,"ROE_YEARLY":8.343804174869,"ROIC_YEARLY":6.179986942058,"TOTAL_ASSETS":120331931000,"TOTAL_LIABILITIES":48130826000,"TAX_EBT":25.296705540782,"OCF_SALES":14.345673856099,"TOTAL_PARENT_EQUITY":72099824000,"DEBT_ASSET_RATIO":39.9983824742,"OPERATE_PROFIT":4797070000,"PRETAX_PROFIT":7883995000,"NETCASH_OPERATE":11157625000,"NETCASH_INVEST":-3977440000,"NETCASH_FINANCE":-6961591000,"END_CASH":25857461000,"DIVI_RATIO":0.524855009206,"DIVIDEND_RATE":1.653383920506,"CURRENT_RATIO":1.764842956237,"COMMON_ACS":25000000000,"CURRENTDEBT_DEBT":82.117815721675,"ISSUED_COMMON_SHARES":3590853365,"HK_COMMON_SHARES":3446810889,"PER_SHARES":100,"TOTAL_MARKET_CAP":198753733752.75,"HKSK_MARKET_CAP":190780982706.15,"PE_TTM":42.414750101145,"PB_TTM":2.532465115096,"REPORT_DATE_SQ":"2022-12-31 00:00:00","REPORT_TYPE_SQ":"2022年年报","OPERATE_INCOME_SQ":60668779000,"DPS_HKD":0.915148,"OPERATE_INCOME_QOQ_SQ":-1.683074758019,"NET_PROFIT_RATIO_SQ":-2.3031351925,"HOLDER_PROFIT_SQ":-1386074000,"HOLDER_PROFIT_QOQ_SQ":48.52643431269,"ROE_AVG_SQ":-2.039929022502,"PE_TTM_SQ":22.453551396328,"PB_TTM_SQ":1.743115358663,"ROA_SQ":-1.322172024551,"START_DATE":"2023-01-01 00:00:00","FISCAL_YEAR":"12-31","CURRENCY":"HKD","IS_CNY_CODE":0,"DPS_HKD_LY":0.447162,"ORG_TYPE":"一般企业","PREMIUM_INCOME":null,"PREMIUM_INCOME_YOY":null,"NET_INTEREST_INCOME":null,"NET_INTEREST_INCOME_YOY":null,"FEE_COMMISSION_INCOME":null,"FEE_COMMISSION_INCOME_YOY":null,"ACCOUNTS_RECE_TDAYS":21.19496058898,"INVENTORY_TDAYS":null,"CURRENT_ASSETS_TDAYS":1.10968578032,"TOTAL_ASSETS_TDAYS":0.677265556364,"PREMIUM_EXPENSE":null,"LOAN_DEPOSIT":null,"LOAN_EQUITY":null,"LOAN_ASSETS":null,"DEPOSIT_EQUITY":null,"DEPOSIT_ASSETS":null,"EQUITY_MULTIPLIER":1.666621736606,"EQUITY_RATIO":0.667558162139},{"SECUCODE":"02423.HK","SECURITY_CODE":"02423","SECURITY_NAME_ABBR":"贝壳-W","ORG_CODE":"10000108503","STD_REPORT_DATE":"2023-09-30 00:00:00","REPORT_DATE":"2023-09-30 00:00:00","DATE_TYPE_CODE":"004","REPORT_TYPE":"2023年三季报","PER_NETCASH_OPERATE":2.497486181253,"PER_OI":15.315492724789,"BPS":20.011686553511,"BASIC_EPS":1.48,"DILUTED_EPS":1.44,"OPERATE_INCOME":57572706000,"OPERATE_INCOME_YOY":31.0805045322,"GROSS_PROFIT":16573968000,"GROSS_PROFIT_YOY":71.081017557257,"HOLDER_PROFIT":5213619000,"HOLDER_PROFIT_YOY":395.7064975106,"GROSS_PROFIT_RATIO":28.787891262224,"EPS_TTM":1.487225122219,"OPERATE_INCOME_QOQ":0.288942596242,"NET_PROFIT_RATIO":9.0659990864,"ROE_AVG":7.40679289196,"GROSS_PROFIT_QOQ":0.590799668814,"ROA":4.5787301485,"HOLDER_PROFIT_QOQ":8.434273110442,"ROE_YEARLY":9.875723855946,"ROIC_YEARLY":5.424123059562,"TOTAL_ASSETS":118384746000,"TOTAL_LIABILITIES":46417882000,"TAX_EBT":26.715513247125,"OCF_SALES":16.306926757968,"TOTAL_PARENT_EQUITY":71859032000,"DEBT_ASSET_RATIO":39.2093437443,"OPERATE_PROFIT":4970187000,"PRETAX_PROFIT":7122300000,"NETCASH_OPERATE":9388339000,"NETCASH_INVEST":-7689643000,"NETCASH_FINANCE":-5484524000,"END_CASH":21995376000,"DIVI_RATIO":0.557632740444,"DIVIDEND_RATE":1.653383920506,"CURRENT_RATIO":1.821594445293,"COMMON_ACS":25000000000,"CURRENTDEBT_DEBT":81.809900331084,"ISSUED_COMMON_SHARES":3590853365,"HK_COMMON_SHARES":3446810889,"PER_SHARES":100,"TOTAL_MARKET_CAP":198753733752.75,"HKSK_MARKET_CAP":190780982706.15,"PE_TTM":42.414750101145,"PB_TTM":2.532465115096,"REPORT_DATE_SQ":"2022-09-30 00:00:00","REPORT_TYPE_SQ":"2022年三季报","OPERATE_INCOME_SQ":43921639000,"DPS_HKD":0.915148,"OPERATE_INCOME_QOQ_SQ":-0.803058592294,"NET_PROFIT_RATIO_SQ":-4.0280691711,"HOLDER_PROFIT_SQ":-1763106000,"HOLDER_PROFIT_QOQ_SQ":48.024666003718,"ROE_AVG_SQ":-2.591243260426,"PE_TTM_SQ":22.453551396328,"PB_TTM_SQ":1.743115358663,"ROA_SQ":-1.692787773626,"START_DATE":"2023-01-01 00:00:00","FISCAL_YEAR":"12-31","CURRENCY":"HKD","IS_CNY_CODE":0,"DPS_HKD_LY":0.447162,"ORG_TYPE":"一般企业","PREMIUM_INCOME":null,"PREMIUM_INCOME_YOY":null,"NET_INTEREST_INCOME":null,"NET_INTEREST_INCOME_YOY":null,"FEE_COMMISSION_INCOME":null,"FEE_COMMISSION_INCOME_YOY":null,"ACCOUNTS_RECE_TDAYS":16.606079870134,"INVENTORY_TDAYS":null,"CURRENT_ASSETS_TDAYS":0.824831708823,"TOTAL_ASSETS_TDAYS":0.505617853343,"PREMIUM_EXPENSE":null,"LOAN_DEPOSIT":null,"LOAN_EQUITY":null,"LOAN_ASSETS":null,"DEPOSIT_EQUITY":null,"DEPOSIT_ASSETS":null,"EQUITY_MULTIPLIER":1.644989644122,"EQUITY_RATIO":0.645957518604},{"SECUCODE":"02423.HK","SECURITY_CODE":"02423","SECURITY_NAME_ABBR":"贝壳-W","ORG_CODE":"10000108503","STD_REPORT_DATE":"2023-06-30 00:00:00","REPORT_DATE":"2023-06-30 00:00:00","DATE_TYPE_CODE":"002","REPORT_TYPE":"2023年中报","PER_NETCASH_OPERATE":1.983447116613,"PER_OI":10.612099918906,"BPS":20.246860456247,"BASIC_EPS":1.14,"DILUTED_EPS":1.11,"OPERATE_INCOME":39762001000,"OPERATE_INCOME_YOY":51.042411798,"GROSS_PROFIT":11692988000,"GROSS_PROFIT_YOY":137.26729802735,"HOLDER_PROFIT":4055577000,"HOLDER_PROFIT_YOY":263.1173545848,"GROSS_PROFIT_RATIO":29.40744355396,"EPS_TTM":1.376033186197,"OPERATE_INCOME_QOQ":8.343455329657,"NET_PROFIT_RATIO":10.1837203817,"ROE_AVG":5.727250760636,"GROSS_PROFIT_QOQ":14.710352708402,"ROA":3.576937417916,"HOLDER_PROFIT_QOQ":160.55867677879,"ROE_YEARLY":11.454501521273,"ROIC_YEARLY":9.249669978589,"TOTAL_ASSETS":117415189000,"TOTAL_LIABILITIES":44629190000,"TAX_EBT":25.712353091938,"OCF_SALES":18.690430091785,"TOTAL_PARENT_EQUITY":72703507000,"DEBT_ASSET_RATIO":38.0097246192,"OPERATE_PROFIT":4058929000,"PRETAX_PROFIT":5450773000,"NETCASH_OPERATE":7431689000,"NETCASH_INVEST":7633614000,"NETCASH_FINANCE":-2869607000,"END_CASH":37812092000,"DIVI_RATIO":0.60269289206,"DIVIDEND_RATE":1.653383920506,"CURRENT_RATIO":1.90392855699,"COMMON_ACS":25000000000,"CURRENTDEBT_DEBT":82.584492346825,"ISSUED_COMMON_SHARES":3590853365,"HK_COMMON_SHARES":3446810889,"PER_SHARES":100,"TOTAL_MARKET_CAP":198753733752.75,"HKSK_MARKET_CAP":190780982706.15,"PE_TTM":42.414750101145,"PB_TTM":2.532465115096,"REPORT_DATE_SQ":"2022-06-30 00:00:00","REPORT_TYPE_SQ":"2022年中报","OPERATE_INCOME_SQ":26325057000,"DPS_HKD":0.915148,"OPERATE_INCOME_QOQ_SQ":-14.319501782817,"NET_PROFIT_RATIO_SQ":-9.4409748097,"HOLDER_PROFIT_SQ":-2486294000,"HOLDER_PROFIT_QOQ_SQ":-135.421222051973,"ROE_AVG_SQ":-3.724544499639,"PE_TTM_SQ":22.453551396328,"PB_TTM_SQ":1.743115358663,"ROA_SQ":-2.429385083513,"START_DATE":"2023-01-01 00:00:00","FISCAL_YEAR":"12-31","CURRENCY":"HKD","IS_CNY_CODE":0,"DPS_HKD_LY":0.447162,"ORG_TYPE":"一般企业","PREMIUM_INCOME":null,"PREMIUM_INCOME_YOY":null,"NET_INTEREST_INCOME":null,"NET_INTEREST_INCOME_YOY":null,"FEE_COMMISSION_INCOME":null,"FEE_COMMISSION_INCOME_YOY":null,"ACCOUNTS_RECE_TDAYS":10.24699557283,"INVENTORY_TDAYS":null,"CURRENT_ASSETS_TDAYS":0.565615146286,"TOTAL_ASSETS_TDAYS":0.350692858718,"PREMIUM_EXPENSE":null,"LOAN_DEPOSIT":null,"LOAN_EQUITY":null,"LOAN_ASSETS":null,"DEPOSIT_EQUITY":null,"DEPOSIT_ASSETS":null,"EQUITY_MULTIPLIER":1.613156247262,"EQUITY_RATIO":0.613851956275},{"SECUCODE":"02423.HK","SECURITY_CODE":"02423","SECURITY_NAME_ABBR":"贝壳-W","ORG_CODE":"10000108503","STD_REPORT_DATE":"2023-03-31 00:00:00","REPORT_DATE":"2023-03-31 00:00:00","DATE_TYPE_CODE":"003","REPORT_TYPE":"2023年一季报","PER_NETCASH_OPERATE":2.033733673765,"PER_OI":5.406543920835,"BPS":20.002719047259,"BASIC_EPS":0.77,"DILUTED_EPS":0.75,"OPERATE_INCOME":20278080000,"OPERATE_INCOME_YOY":61.6045053354,"GROSS_PROFIT":6349798000,"GROSS_PROFIT_YOY":186.059924027275,"HOLDER_PROFIT":2746844000,"HOLDER_PROFIT_YOY":544.4896816548,"GROSS_PROFIT_RATIO":31.313605627357,"EPS_TTM":0.527573742865,"OPERATE_INCOME_QOQ":12.741500863236,"NET_PROFIT_RATIO":13.5601891303,"ROE_AVG":3.903231006578,"GROSS_PROFIT_QOQ":29.969739666507,"ROA":2.416752617148,"HOLDER_PROFIT_QOQ":242.759116757114,"ROE_YEARLY":15.612924026313,"ROIC_YEARLY":12.412856106549,"TOTAL_ASSETS":117969589000,"TOTAL_LIABILITIES":46000018000,"TAX_EBT":29.091916195922,"OCF_SALES":37.616150049709,"TOTAL_PARENT_EQUITY":71826831000,"DEBT_ASSET_RATIO":38.9931154206,"OPERATE_PROFIT":2977995000,"PRETAX_PROFIT":3877902000,"NETCASH_OPERATE":7627833000,"NETCASH_INVEST":5577918000,"NETCASH_FINANCE":-331643000,"END_CASH":38454355000,"DIVI_RATIO":1.571961136762,"DIVIDEND_RATE":1.653383920506,"CURRENT_RATIO":1.979341952503,"COMMON_ACS":25000000000,"CURRENTDEBT_DEBT":84.300938751807,"ISSUED_COMMON_SHARES":3590853365,"HK_COMMON_SHARES":3446810889,"PER_SHARES":100,"TOTAL_MARKET_CAP":198753733752.75,"HKSK_MARKET_CAP":190780982706.15,"PE_TTM":42.414750101145,"PB_TTM":2.532465115096,"REPORT_DATE_SQ":"2022-03-31 00:00:00","REPORT_TYPE_SQ":"2022年一季报","OPERATE_INCOME_SQ":12547967000,"DPS_HKD":0.915148,"OPERATE_INCOME_QOQ_SQ":-10.091437609705,"NET_PROFIT_RATIO_SQ":-4.9381067068,"HOLDER_PROFIT_SQ":-617977000,"HOLDER_PROFIT_QOQ_SQ":-319.876022887495,"ROE_AVG_SQ":-0.926575749809,"PE_TTM_SQ":22.453551396328,"PB_TTM_SQ":1.743115358663,"ROA_SQ":-0.61914637867,"START_DATE":"2023-01-01 00:00:00","FISCAL_YEAR":"12-31","CURRENCY":"HKD","IS_CNY_CODE":0,"DPS_HKD_LY":0.447162,"ORG_TYPE":"一般企业","PREMIUM_INCOME":null,"PREMIUM_INCOME_YOY":null,"NET_INTEREST_INCOME":null,"NET_INTEREST_INCOME_YOY":null,"FEE_COMMISSION_INCOME":null,"FEE_COMMISSION_INCOME_YOY":null,"ACCOUNTS_RECE_TDAYS":4.657306462326,"INVENTORY_TDAYS":null,"CURRENT_ASSETS_TDAYS":0.275553928407,"TOTAL_ASSETS_TDAYS":0.178412399506,"PREMIUM_EXPENSE":null,"LOAN_DEPOSIT":null,"LOAN_EQUITY":null,"LOAN_ASSETS":null,"DEPOSIT_EQUITY":null,"DEPOSIT_ASSETS":null,"EQUITY_MULTIPLIER":1.639159263572,"EQUITY_RATIO":0.640429451774},{"SECUCODE":"02423.HK","SECURITY_CODE":"02423","SECURITY_NAME_ABBR":"贝壳-W","ORG_CODE":"10000108503","STD_REPORT_DATE":"2022-12-31 00:00:00","REPORT_DATE":"2022-12-31 00:00:00","DATE_TYPE_CODE":"001","REPORT_TYPE":"2022年年报","PER_NETCASH_OPERATE":2.251413555816,"PER_OI":16.144011686829,"BPS":19.193309499008,"BASIC_EPS":-0.39,"DILUTED_EPS":-0.39,"OPERATE_INCOME":60668779000,"OPERATE_INCOME_YOY":-24.8706543712,"GROSS_PROFIT":13780747000,"GROSS_PROFIT_YOY":-12.887126357075,"HOLDER_PROFIT":-1386074000,"HOLDER_PROFIT_YOY":-164.4528350845,"GROSS_PROFIT_RATIO":22.714726136157,"EPS_TTM":-0.368835424474,"OPERATE_INCOME_QOQ":-1.683074758019,"NET_PROFIT_RATIO":-2.3031351925,"ROE_AVG":-2.039929022502,"GROSS_PROFIT_QOQ":9.344530939373,"ROA":-1.322172024551,"HOLDER_PROFIT_QOQ":48.52643431269,"ROE_YEARLY":-2.039929022502,"ROIC_YEARLY":-1.634604971006,"TOTAL_ASSETS":109347347000,"TOTAL_LIABILITIES":40292909000,"TAX_EBT":578.047144958774,"OCF_SALES":13.945812227406,"TOTAL_PARENT_EQUITY":68920360000,"DEBT_ASSET_RATIO":36.8485474092,"OPERATE_PROFIT":-832906000,"PRETAX_PROFIT":292290000,"NETCASH_OPERATE":8460754000,"NETCASH_INVEST":-8472355000,"NETCASH_FINANCE":-1154993000,"END_CASH":25594259000,"DIVI_RATIO":-2.24849720371,"DIVIDEND_RATE":1.653383920506,"CURRENT_RATIO":2.112234285399,"COMMON_ACS":25000000000,"CURRENTDEBT_DEBT":82.747358846689,"ISSUED_COMMON_SHARES":3590853365,"HK_COMMON_SHARES":3446810889,"PER_SHARES":100,"TOTAL_MARKET_CAP":198753733752.75,"HKSK_MARKET_CAP":190780982706.15,"PE_TTM":42.414750101145,"PB_TTM":2.532465115096,"REPORT_DATE_SQ":"2021-12-31 00:00:00","REPORT_TYPE_SQ":"2021年年报","OPERATE_INCOME_SQ":80752439000,"DPS_HKD":0.915148,"OPERATE_INCOME_QOQ_SQ":14.573380352355,"NET_PROFIT_RATIO_SQ":-0.6498453873,"HOLDER_PROFIT_SQ":-524129000,"HOLDER_PROFIT_QOQ_SQ":-118.869906019315,"ROE_AVG_SQ":-0.783806282759,"PE_TTM_SQ":22.453551396328,"PB_TTM_SQ":1.743115358663,"ROA_SQ":-0.512309004096,"START_DATE":"2022-01-01 00:00:00","FISCAL_YEAR":"12-31","CURRENCY":"HKD","IS_CNY_CODE":0,"DPS_HKD_LY":null,"ORG_TYPE":"一般企业","PREMIUM_INCOME":null,"PREMIUM_INCOME_YOY":null,"NET_INTEREST_INCOME":null,"NET_INTEREST_INCOME_YOY":null,"FEE_COMMISSION_INCOME":null,"FEE_COMMISSION_INCOME_YOY":null,"ACCOUNTS_RECE_TDAYS":8.995981012419,"INVENTORY_TDAYS":null,"CURRENT_ASSETS_TDAYS":0.864529165654,"TOTAL_ASSETS_TDAYS":0.578717747808,"PREMIUM_EXPENSE":null,"LOAN_DEPOSIT":null,"LOAN_EQUITY":null,"LOAN_ASSETS":null,"DEPOSIT_EQUITY":null,"DEPOSIT_ASSETS":null,"EQUITY_MULTIPLIER":1.583494850831,"EQUITY_RATIO":0.584629984521},{"SECUCODE":"02423.HK","SECURITY_CODE":"02423","SECURITY_NAME_ABBR":"贝壳-W","ORG_CODE":"10000108503","STD_REPORT_DATE":"2022-09-30 00:00:00","REPORT_DATE":"2022-09-30 00:00:00","DATE_TYPE_CODE":"004","REPORT_TYPE":"2022年三季报","PER_NETCASH_OPERATE":1.532618136915,"PER_OI":11.578982949071,"BPS":19.245531904364,"BASIC_EPS":-0.49,"DILUTED_EPS":-0.49,"OPERATE_INCOME":43921639000,"OPERATE_INCOME_YOY":-30.2462627955,"GROSS_PROFIT":9687789000,"GROSS_PROFIT_YOY":-24.92502994966,"HOLDER_PROFIT":-1763106000,"HOLDER_PROFIT_YOY":-534.7412052186,"GROSS_PROFIT_RATIO":22.056984257805,"EPS_TTM":-0.709894872946,"OPERATE_INCOME_QOQ":-0.803058592294,"NET_PROFIT_RATIO":-4.0280691711,"ROE_AVG":-2.591243260426,"GROSS_PROFIT_QOQ":18.918191352494,"ROA":-1.692787773626,"HOLDER_PROFIT_QOQ":48.024666003718,"ROE_YEARLY":-3.454991013901,"ROIC_YEARLY":-2.090331053142,"TOTAL_ASSETS":107989114000,"TOTAL_LIABILITIES":38745934000,"TAX_EBT":-149.042298764497,"OCF_SALES":13.236206872881,"TOTAL_PARENT_EQUITY":69107883000,"DEBT_ASSET_RATIO":35.8794813336,"OPERATE_PROFIT":-1220297000,"PRETAX_PROFIT":-710399000,"NETCASH_OPERATE":5813559000,"NETCASH_INVEST":-7487442000,"NETCASH_FINANCE":-241494000,"END_CASH":24803939000,"DIVI_RATIO":-1.168236949112,"DIVIDEND_RATE":1.653383920506,"CURRENT_RATIO":2.078837266523,"COMMON_ACS":25000000000,"CURRENTDEBT_DEBT":83.349354799397,"ISSUED_COMMON_SHARES":3590853365,"HK_COMMON_SHARES":3446810889,"PER_SHARES":100,"TOTAL_MARKET_CAP":198753733752.75,"HKSK_MARKET_CAP":190780982706.15,"PE_TTM":42.414750101145,"PB_TTM":2.532465115096,"REPORT_DATE_SQ":"2021-09-30 00:00:00","REPORT_TYPE_SQ":"2021年三季报","OPERATE_INCOME_SQ":62966718000,"DPS_HKD":0.915148,"OPERATE_INCOME_QOQ_SQ":0,"NET_PROFIT_RATIO_SQ":0.6487522504,"HOLDER_PROFIT_SQ":405553000,"HOLDER_PROFIT_QOQ_SQ":0,"ROE_AVG_SQ":null,"PE_TTM_SQ":22.453551396328,"PB_TTM_SQ":1.743115358663,"ROA_SQ":null,"START_DATE":"2022-01-01 00:00:00","FISCAL_YEAR":"12-31","CURRENCY":"HKD","IS_CNY_CODE":0,"DPS_HKD_LY":null,"ORG_TYPE":"一般企业","PREMIUM_INCOME":null,"PREMIUM_INCOME_YOY":null,"NET_INTEREST_INCOME":null,"NET_INTEREST_INCOME_YOY":null,"FEE_COMMISSION_INCOME":null,"FEE_COMMISSION_INCOME_YOY":null,"ACCOUNTS_RECE_TDAYS":6.175531816546,"INVENTORY_TDAYS":null,"CURRENT_ASSETS_TDAYS":0.640904876638,"TOTAL_ASSETS_TDAYS":0.421699055512,"PREMIUM_EXPENSE":null,"LOAN_DEPOSIT":null,"LOAN_EQUITY":null,"LOAN_ASSETS":null,"DEPOSIT_EQUITY":null,"DEPOSIT_ASSETS":null,"EQUITY_MULTIPLIER":1.559563180084,"EQUITY_RATIO":0.560658673338}],"count":17},"success":true,"message":"ok","code":0}