{"version":"338be7b9d6d22c45c497567af6a6d9a8","result":{"pages":2,"data":[{"SECUCODE":"02433.HK","SECURITY_CODE":"02433","SECURITY_NAME_ABBR":"中天湖南集团","ORG_CODE":"10000095742","STD_REPORT_DATE":"2024-06-30 00:00:00","REPORT_DATE":"2024-06-30 00:00:00","DATE_TYPE_CODE":"002","REPORT_TYPE":"2024年中报","PER_NETCASH_OPERATE":0.000251736111,"PER_OI":0.618935763889,"BPS":0.857789930556,"BASIC_EPS":-0.0423,"DILUTED_EPS":-0.0423,"OPERATE_INCOME":356507000,"OPERATE_INCOME_YOY":-47.6768385396,"GROSS_PROFIT":38735000,"GROSS_PROFIT_YOY":-51.26876092946,"HOLDER_PROFIT":-21551000,"HOLDER_PROFIT_YOY":-214.4868253294,"GROSS_PROFIT_RATIO":10.865144302917,"EPS_TTM":0.008510416667,"OPERATE_INCOME_QOQ":-16.640814457293,"NET_PROFIT_RATIO":-6.370982898,"ROE_AVG":-4.327896769892,"GROSS_PROFIT_QOQ":-18.853312237165,"ROA":-1.007692946126,"HOLDER_PROFIT_QOQ":-89.173310952581,"ROE_YEARLY":-8.655793539784,"ROIC_YEARLY":-2.081641977091,"TOTAL_ASSETS":2240128000,"TOTAL_LIABILITIES":1736567000,"TAX_EBT":15.385761651082,"OCF_SALES":0.040672413164,"TOTAL_PARENT_EQUITY":494087000,"DEBT_ASSET_RATIO":77.5208827353,"OPERATE_PROFIT":-24102000,"PRETAX_PROFIT":-26843000,"NETCASH_OPERATE":145000,"NETCASH_INVEST":-636000,"NETCASH_FINANCE":-2696000,"END_CASH":56422000,"DIVI_RATIO":null,"DIVIDEND_RATE":null,"CURRENT_RATIO":1.273218146298,"COMMON_ACS":5000000000,"CURRENTDEBT_DEBT":99.511737813744,"ISSUED_COMMON_SHARES":576000000,"HK_COMMON_SHARES":576000000,"PER_SHARES":2000,"TOTAL_MARKET_CAP":67968000,"HKSK_MARKET_CAP":67968000,"PE_TTM":11.456549417953,"PB_TTM":0.125550832627,"REPORT_DATE_SQ":"2023-06-30 00:00:00","REPORT_TYPE_SQ":"2023年中报","OPERATE_INCOME_SQ":681356000,"DPS_HKD":null,"OPERATE_INCOME_QOQ_SQ":-4.068579226302,"NET_PROFIT_RATIO_SQ":2.7869425088,"HOLDER_PROFIT_SQ":18824000,"HOLDER_PROFIT_QOQ_SQ":-7.414186223263,"ROE_AVG_SQ":4.564876832717,"PE_TTM_SQ":1.580546198086,"PB_TTM_SQ":0.199412507264,"ROA_SQ":1.023448964291,"START_DATE":"2024-01-01 00:00:00","FISCAL_YEAR":"12-31","CURRENCY":"HKD","IS_CNY_CODE":0,"DPS_HKD_LY":null,"ORG_TYPE":"一般企业","PREMIUM_INCOME":null,"PREMIUM_INCOME_YOY":null,"NET_INTEREST_INCOME":null,"NET_INTEREST_INCOME_YOY":null,"FEE_COMMISSION_INCOME":null,"FEE_COMMISSION_INCOME_YOY":null,"ACCOUNTS_RECE_TDAYS":0.669730018626,"INVENTORY_TDAYS":123.19131614654,"CURRENT_ASSETS_TDAYS":0.169392011031,"TOTAL_ASSETS_TDAYS":0.166697410396,"PREMIUM_EXPENSE":null,"LOAN_DEPOSIT":null,"LOAN_EQUITY":null,"LOAN_ASSETS":null,"DEPOSIT_EQUITY":null,"DEPOSIT_ASSETS":null,"EQUITY_MULTIPLIER":4.448573261239,"EQUITY_RATIO":3.514698828344},{"SECUCODE":"02433.HK","SECURITY_CODE":"02433","SECURITY_NAME_ABBR":"中天湖南集团","ORG_CODE":"10000095742","STD_REPORT_DATE":"2023-12-31 00:00:00","REPORT_DATE":"2023-12-31 00:00:00","DATE_TYPE_CODE":"001","REPORT_TYPE":"2023年年报","PER_NETCASH_OPERATE":-0.3020125,"PER_OI":4.066920833333,"BPS":0.871222222222,"BASIC_EPS":0.1004,"DILUTED_EPS":0.1004,"OPERATE_INCOME":1952122000,"OPERATE_INCOME_YOY":3.2508224641,"GROSS_PROFIT":216153000,"GROSS_PROFIT_YOY":4.644677791817,"HOLDER_PROFIT":45277000,"HOLDER_PROFIT_YOY":-29.7715251819,"GROSS_PROFIT_RATIO":11.072719840256,"EPS_TTM":0.094327083333,"OPERATE_INCOME_QOQ":7.629827257204,"NET_PROFIT_RATIO":2.3558978384,"ROE_AVG":10.632996411596,"GROSS_PROFIT_QOQ":6.513415625693,"ROA":2.379925512016,"HOLDER_PROFIT_QOQ":-24.147693957213,"ROE_YEARLY":10.632996411596,"ROIC_YEARLY":2.534340121128,"TOTAL_ASSETS":2037167000,"TOTAL_LIABILITIES":1524707000,"TAX_EBT":12.975192536946,"OCF_SALES":-7.426072755699,"TOTAL_PARENT_EQUITY":501824000,"DEBT_ASSET_RATIO":74.8444776496,"OPERATE_PROFIT":60632000,"PRETAX_PROFIT":52847000,"NETCASH_OPERATE":-144966000,"NETCASH_INVEST":9633000,"NETCASH_FINANCE":43281000,"END_CASH":59609000,"DIVI_RATIO":null,"DIVIDEND_RATE":null,"CURRENT_RATIO":1.324151372186,"COMMON_ACS":5000000000,"CURRENTDEBT_DEBT":99.508561317027,"ISSUED_COMMON_SHARES":576000000,"HK_COMMON_SHARES":576000000,"PER_SHARES":2000,"TOTAL_MARKET_CAP":80064000,"HKSK_MARKET_CAP":80064000,"PE_TTM":13.495426856742,"PB_TTM":0.147894624874,"REPORT_DATE_SQ":"2022-12-31 00:00:00","REPORT_TYPE_SQ":"2022年年报","OPERATE_INCOME_SQ":1890660000,"DPS_HKD":null,"OPERATE_INCOME_QOQ_SQ":1.429060386626,"NET_PROFIT_RATIO_SQ":3.4637639766,"HOLDER_PROFIT_SQ":64471000,"HOLDER_PROFIT_QOQ_SQ":1.202417392669,"ROE_AVG_SQ":20.303588580786,"PE_TTM_SQ":1.846432474399,"PB_TTM_SQ":0.232958536524,"ROA_SQ":3.531306930281,"START_DATE":"2023-01-01 00:00:00","FISCAL_YEAR":"12-31","CURRENCY":"HKD","IS_CNY_CODE":0,"DPS_HKD_LY":null,"ORG_TYPE":"一般企业","PREMIUM_INCOME":null,"PREMIUM_INCOME_YOY":null,"NET_INTEREST_INCOME":null,"NET_INTEREST_INCOME_YOY":null,"FEE_COMMISSION_INCOME":null,"FEE_COMMISSION_INCOME_YOY":null,"ACCOUNTS_RECE_TDAYS":4.3984642388,"INVENTORY_TDAYS":2131.33087783917,"CURRENT_ASSETS_TDAYS":1.040287020273,"TOTAL_ASSETS_TDAYS":1.02610706327,"PREMIUM_EXPENSE":null,"LOAN_DEPOSIT":null,"LOAN_EQUITY":null,"LOAN_ASSETS":null,"DEPOSIT_EQUITY":null,"DEPOSIT_ASSETS":null,"EQUITY_MULTIPLIER":3.975270264997,"EQUITY_RATIO":3.038330171534},{"SECUCODE":"02433.HK","SECURITY_CODE":"02433","SECURITY_NAME_ABBR":"中天湖南集团","ORG_CODE":"10000095742","STD_REPORT_DATE":"2023-06-30 00:00:00","REPORT_DATE":"2023-06-30 00:00:00","DATE_TYPE_CODE":"002","REPORT_TYPE":"2023年中报","PER_NETCASH_OPERATE":-0.3715875,"PER_OI":1.419491666667,"BPS":0.824520833333,"BASIC_EPS":0.0447,"DILUTED_EPS":0.0447,"OPERATE_INCOME":681356000,"OPERATE_INCOME_YOY":-10.1444191386,"GROSS_PROFIT":79487000,"GROSS_PROFIT_YOY":-4.360433636943,"HOLDER_PROFIT":18824000,"HOLDER_PROFIT_YOY":-20.2508049483,"GROSS_PROFIT_RATIO":11.666001326766,"EPS_TTM":0.12435625,"OPERATE_INCOME_QOQ":-4.068579226302,"NET_PROFIT_RATIO":2.7869425088,"ROE_AVG":4.564876832717,"GROSS_PROFIT_QOQ":-1.754462405414,"ROA":1.023448964291,"HOLDER_PROFIT_QOQ":-7.414186223263,"ROE_YEARLY":9.129753665433,"ROIC_YEARLY":2.191848452263,"TOTAL_ASSETS":1910800000,"TOTAL_LIABILITIES":1425788000,"TAX_EBT":13.497631195335,"OCF_SALES":-26.17750485796,"TOTAL_PARENT_EQUITY":474924000,"DEBT_ASSET_RATIO":74.6173330542,"OPERATE_PROFIT":26006000,"PRETAX_PROFIT":21952000,"NETCASH_OPERATE":-180319000,"NETCASH_INVEST":-6654000,"NETCASH_FINANCE":106908000,"END_CASH":71596000,"DIVI_RATIO":null,"DIVIDEND_RATE":null,"CURRENT_RATIO":1.326792186043,"COMMON_ACS":5000000000,"CURRENTDEBT_DEBT":99.80032094533,"ISSUED_COMMON_SHARES":576000000,"HK_COMMON_SHARES":576000000,"PER_SHARES":2000,"TOTAL_MARKET_CAP":80064000,"HKSK_MARKET_CAP":80064000,"PE_TTM":13.495426856742,"PB_TTM":0.147894624874,"REPORT_DATE_SQ":"2022-06-30 00:00:00","REPORT_TYPE_SQ":"2022年中报","OPERATE_INCOME_SQ":758279000,"DPS_HKD":null,"OPERATE_INCOME_QOQ_SQ":0,"NET_PROFIT_RATIO_SQ":3.1589955676,"HOLDER_PROFIT_SQ":23604000,"HOLDER_PROFIT_QOQ_SQ":0,"ROE_AVG_SQ":null,"PE_TTM_SQ":1.846432474399,"PB_TTM_SQ":0.232958536524,"ROA_SQ":null,"START_DATE":"2023-01-01 00:00:00","FISCAL_YEAR":"12-31","CURRENCY":"HKD","IS_CNY_CODE":0,"DPS_HKD_LY":null,"ORG_TYPE":"一般企业","PREMIUM_INCOME":null,"PREMIUM_INCOME_YOY":null,"NET_INTEREST_INCOME":null,"NET_INTEREST_INCOME_YOY":null,"FEE_COMMISSION_INCOME":null,"FEE_COMMISSION_INCOME_YOY":null,"ACCOUNTS_RECE_TDAYS":1.474753443352,"INVENTORY_TDAYS":881.859340659341,"CURRENT_ASSETS_TDAYS":0.37519903105,"TOTAL_ASSETS_TDAYS":0.370448944174,"PREMIUM_EXPENSE":null,"LOAN_DEPOSIT":null,"LOAN_EQUITY":null,"LOAN_ASSETS":null,"DEPOSIT_EQUITY":null,"DEPOSIT_ASSETS":null,"EQUITY_MULTIPLIER":3.939696337407,"EQUITY_RATIO":3.002139289655},{"SECUCODE":"02433.HK","SECURITY_CODE":"02433","SECURITY_NAME_ABBR":"中天湖南集团","ORG_CODE":"10000095742","STD_REPORT_DATE":"2022-12-31 00:00:00","REPORT_DATE":"2022-12-31 00:00:00","DATE_TYPE_CODE":"001","REPORT_TYPE":"2022年年报","PER_NETCASH_OPERATE":9.5133255,"PER_OI":16888.698582,"BPS":0.607305555556,"BASIC_EPS":0.1791,"DILUTED_EPS":0.1791,"OPERATE_INCOME":1890660000,"OPERATE_INCOME_YOY":3.68962325,"GROSS_PROFIT":206559000,"GROSS_PROFIT_YOY":5.577391935476,"HOLDER_PROFIT":64471000,"HOLDER_PROFIT_YOY":6.4404820868,"GROSS_PROFIT_RATIO":10.925232458507,"EPS_TTM":575.9001017,"OPERATE_INCOME_QOQ":1.429060386626,"NET_PROFIT_RATIO":3.4637639766,"ROE_AVG":20.303588580786,"GROSS_PROFIT_QOQ":3.062039097504,"ROA":3.531306930281,"HOLDER_PROFIT_QOQ":1.202417392669,"ROE_YEARLY":20.303588580786,"ROIC_YEARLY":3.801580281856,"TOTAL_ASSETS":1767742000,"TOTAL_LIABILITIES":1408011000,"TAX_EBT":11.179829379772,"OCF_SALES":0.056329535718,"TOTAL_PARENT_EQUITY":349808000,"DEBT_ASSET_RATIO":79.6502543923,"OPERATE_PROFIT":81139000,"PRETAX_PROFIT":73731000,"NETCASH_OPERATE":18568000,"NETCASH_INVEST":3918000,"NETCASH_FINANCE":40069000,"END_CASH":151661000,"DIVI_RATIO":null,"DIVIDEND_RATE":null,"CURRENT_RATIO":1.241664091768,"COMMON_ACS":5000000000,"CURRENTDEBT_DEBT":99.756749059489,"ISSUED_COMMON_SHARES":576000000,"HK_COMMON_SHARES":576000000,"PER_SHARES":2000,"TOTAL_MARKET_CAP":80064000,"HKSK_MARKET_CAP":80064000,"PE_TTM":13.495426856742,"PB_TTM":0.147894624874,"REPORT_DATE_SQ":"2021-12-31 00:00:00","REPORT_TYPE_SQ":"2021年年报","OPERATE_INCOME_SQ":1823384000,"DPS_HKD":null,"OPERATE_INCOME_QOQ_SQ":-4.512922079996,"NET_PROFIT_RATIO_SQ":3.3949513652,"HOLDER_PROFIT_SQ":60570000,"HOLDER_PROFIT_QOQ_SQ":-12.50018057582,"ROE_AVG_SQ":23.758717805898,"PE_TTM_SQ":1.846432474399,"PB_TTM_SQ":0.232958536524,"ROA_SQ":3.144006066888,"START_DATE":"2022-01-01 00:00:00","FISCAL_YEAR":"12-31","CURRENCY":"HKD","IS_CNY_CODE":0,"DPS_HKD_LY":null,"ORG_TYPE":"一般企业","PREMIUM_INCOME":null,"PREMIUM_INCOME_YOY":null,"NET_INTEREST_INCOME":null,"NET_INTEREST_INCOME_YOY":null,"FEE_COMMISSION_INCOME":null,"FEE_COMMISSION_INCOME_YOY":null,"ACCOUNTS_RECE_TDAYS":3.991319272187,"INVENTORY_TDAYS":875.767550702028,"CURRENT_ASSETS_TDAYS":1.050460916354,"TOTAL_ASSETS_TDAYS":1.035582007539,"PREMIUM_EXPENSE":null,"LOAN_DEPOSIT":null,"LOAN_EQUITY":null,"LOAN_ASSETS":null,"DEPOSIT_EQUITY":null,"DEPOSIT_ASSETS":null,"EQUITY_MULTIPLIER":4.914066344012,"EQUITY_RATIO":4.025096624434},{"SECUCODE":"02433.HK","SECURITY_CODE":"02433","SECURITY_NAME_ABBR":"中天湖南集团","ORG_CODE":"10000095742","STD_REPORT_DATE":"2022-09-30 00:00:00","REPORT_DATE":"2022-09-30 00:00:00","DATE_TYPE_CODE":"004","REPORT_TYPE":"2022年三季报","PER_NETCASH_OPERATE":-235.5885312,"PER_OI":12354.921732,"BPS":0.583569444444,"BASIC_EPS":null,"DILUTED_EPS":null,"OPERATE_INCOME":1366030000,"OPERATE_INCOME_YOY":3.0661117617,"GROSS_PROFIT":148562000,"GROSS_PROFIT_YOY":3.320884363677,"HOLDER_PROFIT":50832000,"HOLDER_PROFIT_YOY":6.5727404239,"GROSS_PROFIT_RATIO":10.875456615155,"EPS_TTM":576.173502,"OPERATE_INCOME_QOQ":2.228713205776,"NET_PROFIT_RATIO":3.7455985593,"ROE_AVG":16.360529000737,"GROSS_PROFIT_QOQ":2.440620096398,"ROA":2.748321159753,"HOLDER_PROFIT_QOQ":5.175829618623,"ROE_YEARLY":21.814038667649,"ROIC_YEARLY":2.93409286965,"TOTAL_ASSETS":1815477000,"TOTAL_LIABILITIES":1470101000,"TAX_EBT":13.180846370516,"OCF_SALES":-1.906839527682,"TOTAL_PARENT_EQUITY":336136000,"DEBT_ASSET_RATIO":80.9760189746,"OPERATE_PROFIT":63710000,"PRETAX_PROFIT":58934000,"NETCASH_OPERATE":-26048000,"NETCASH_INVEST":-171000,"NETCASH_FINANCE":64071000,"END_CASH":126958000,"DIVI_RATIO":null,"DIVIDEND_RATE":null,"CURRENT_RATIO":1.220866757693,"COMMON_ACS":5000000000,"CURRENTDEBT_DEBT":99.73777311899,"ISSUED_COMMON_SHARES":576000000,"HK_COMMON_SHARES":576000000,"PER_SHARES":2000,"TOTAL_MARKET_CAP":79488000,"HKSK_MARKET_CAP":79488000,"PE_TTM":13.398337454895,"PB_TTM":0.146830634767,"REPORT_DATE_SQ":"2021-09-30 00:00:00","REPORT_TYPE_SQ":"2021年三季报","OPERATE_INCOME_SQ":1325392000,"DPS_HKD":null,"OPERATE_INCOME_QOQ_SQ":5.302278746824,"NET_PROFIT_RATIO_SQ":3.6058011517,"HOLDER_PROFIT_SQ":47697000,"HOLDER_PROFIT_QOQ_SQ":32.494353634728,"ROE_AVG_SQ":null,"PE_TTM_SQ":1.75041798573,"PB_TTM_SQ":0.220844692625,"ROA_SQ":null,"START_DATE":"2022-01-01 00:00:00","FISCAL_YEAR":"12-31","CURRENCY":"HKD","IS_CNY_CODE":0,"DPS_HKD_LY":null,"ORG_TYPE":"一般企业","PREMIUM_INCOME":null,"PREMIUM_INCOME_YOY":null,"NET_INTEREST_INCOME":null,"NET_INTEREST_INCOME_YOY":null,"FEE_COMMISSION_INCOME":null,"FEE_COMMISSION_INCOME_YOY":null,"ACCOUNTS_RECE_TDAYS":2.807428217939,"INVENTORY_TDAYS":615.193532086913,"CURRENT_ASSETS_TDAYS":0.749383390606,"TOTAL_ASSETS_TDAYS":0.738568058282,"PREMIUM_EXPENSE":null,"LOAN_DEPOSIT":null,"LOAN_EQUITY":null,"LOAN_ASSETS":null,"DEPOSIT_EQUITY":null,"DEPOSIT_ASSETS":null,"EQUITY_MULTIPLIER":5.256523325296,"EQUITY_RATIO":4.37353035676},{"SECUCODE":"02433.HK","SECURITY_CODE":"02433","SECURITY_NAME_ABBR":"中天湖南集团","ORG_CODE":"10000095742","STD_REPORT_DATE":"2022-06-30 00:00:00","REPORT_DATE":"2022-06-30 00:00:00","DATE_TYPE_CODE":"002","REPORT_TYPE":"2022年中报","PER_NETCASH_OPERATE":null,"PER_OI":null,"BPS":null,"BASIC_EPS":0.0656,"DILUTED_EPS":0.0656,"OPERATE_INCOME":758279000,"OPERATE_INCOME_YOY":null,"GROSS_PROFIT":83111000,"GROSS_PROFIT_YOY":null,"HOLDER_PROFIT":23604000,"HOLDER_PROFIT_YOY":null,"GROSS_PROFIT_RATIO":10.960477607846,"EPS_TTM":495.22032,"OPERATE_INCOME_QOQ":0,"NET_PROFIT_RATIO":3.1589955676,"ROE_AVG":null,"GROSS_PROFIT_QOQ":0,"ROA":null,"HOLDER_PROFIT_QOQ":0,"ROE_YEARLY":null,"ROIC_YEARLY":null,"TOTAL_ASSETS":null,"TOTAL_LIABILITIES":null,"TAX_EBT":13.532830379381,"OCF_SALES":-14.017136172834,"TOTAL_PARENT_EQUITY":null,"DEBT_ASSET_RATIO":null,"OPERATE_PROFIT":30139000,"PRETAX_PROFIT":27703000,"NETCASH_OPERATE":-106289000,"NETCASH_INVEST":-240000,"NETCASH_FINANCE":59109000,"END_CASH":41686000,"DIVI_RATIO":null,"DIVIDEND_RATE":null,"CURRENT_RATIO":null,"COMMON_ACS":5000000000,"CURRENTDEBT_DEBT":null,"ISSUED_COMMON_SHARES":576000000,"HK_COMMON_SHARES":576000000,"PER_SHARES":2000,"TOTAL_MARKET_CAP":80064000,"HKSK_MARKET_CAP":80064000,"PE_TTM":13.495426856742,"PB_TTM":0.147894624874,"REPORT_DATE_SQ":"2021-06-30 00:00:00","REPORT_TYPE_SQ":"2021年中报","OPERATE_INCOME_SQ":null,"DPS_HKD":null,"OPERATE_INCOME_QOQ_SQ":0,"NET_PROFIT_RATIO_SQ":null,"HOLDER_PROFIT_SQ":null,"HOLDER_PROFIT_QOQ_SQ":0,"ROE_AVG_SQ":null,"PE_TTM_SQ":1.846432474399,"PB_TTM_SQ":0.232958536524,"ROA_SQ":null,"START_DATE":"2022-01-01 00:00:00","FISCAL_YEAR":"12-31","CURRENCY":"HKD","IS_CNY_CODE":0,"DPS_HKD_LY":null,"ORG_TYPE":"一般企业","PREMIUM_INCOME":null,"PREMIUM_INCOME_YOY":null,"NET_INTEREST_INCOME":null,"NET_INTEREST_INCOME_YOY":null,"FEE_COMMISSION_INCOME":null,"FEE_COMMISSION_INCOME_YOY":null,"ACCOUNTS_RECE_TDAYS":null,"INVENTORY_TDAYS":null,"CURRENT_ASSETS_TDAYS":0.817263788003,"TOTAL_ASSETS_TDAYS":0.805114952109,"PREMIUM_EXPENSE":null,"LOAN_DEPOSIT":null,"LOAN_EQUITY":null,"LOAN_ASSETS":null,"DEPOSIT_EQUITY":null,"DEPOSIT_ASSETS":null,"EQUITY_MULTIPLIER":null,"EQUITY_RATIO":null},{"SECUCODE":"02433.HK","SECURITY_CODE":"02433","SECURITY_NAME_ABBR":"中天湖南集团","ORG_CODE":"10000095742","STD_REPORT_DATE":"2021-12-31 00:00:00","REPORT_DATE":"2021-12-31 00:00:00","DATE_TYPE_CODE":"001","REPORT_TYPE":"2021年年报","PER_NETCASH_OPERATE":258.304368,"PER_OI":14907.987584,"BPS":0.495246527778,"BASIC_EPS":0.1683,"DILUTED_EPS":0.1683,"OPERATE_INCOME":1823384000,"OPERATE_INCOME_YOY":3.0218656421,"GROSS_PROFIT":195647000,"GROSS_PROFIT_YOY":3.454530071809,"HOLDER_PROFIT":60570000,"HOLDER_PROFIT_YOY":24.8016813302,"GROSS_PROFIT_RATIO":10.729884654028,"EPS_TTM":495.22032,"OPERATE_INCOME_QOQ":-4.512922079996,"NET_PROFIT_RATIO":3.3949513652,"ROE_AVG":23.758717805898,"GROSS_PROFIT_QOQ":-3.378948979945,"ROA":3.144006066888,"HOLDER_PROFIT_QOQ":-12.50018057582,"ROE_YEARLY":23.758717805898,"ROIC_YEARLY":3.300257204295,"TOTAL_ASSETS":1883654000,"TOTAL_LIABILITIES":1589486000,"TAX_EBT":14.04151912796,"OCF_SALES":1.732657520303,"TOTAL_PARENT_EQUITY":285262000,"DEBT_ASSET_RATIO":84.3831191928,"OPERATE_PROFIT":75564000,"PRETAX_PROFIT":72015000,"NETCASH_OPERATE":31593000,"NETCASH_INVEST":-5180000,"NETCASH_FINANCE":-14145000,"END_CASH":89106000,"DIVI_RATIO":null,"DIVIDEND_RATE":null,"CURRENT_RATIO":1.167454762105,"COMMON_ACS":5000000000,"CURRENTDEBT_DEBT":100,"ISSUED_COMMON_SHARES":576000000,"HK_COMMON_SHARES":576000000,"PER_SHARES":2000,"TOTAL_MARKET_CAP":79488000,"HKSK_MARKET_CAP":79488000,"PE_TTM":13.398337454895,"PB_TTM":0.146830634767,"REPORT_DATE_SQ":"2020-12-31 00:00:00","REPORT_TYPE_SQ":"2020年年报","OPERATE_INCOME_SQ":1769900000,"DPS_HKD":null,"OPERATE_INCOME_QOQ_SQ":-2.009527205242,"NET_PROFIT_RATIO_SQ":2.8023617154,"HOLDER_PROFIT_SQ":48533000,"HOLDER_PROFIT_QOQ_SQ":10.119574342568,"ROE_AVG_SQ":24.396104304116,"PE_TTM_SQ":1.75041798573,"PB_TTM_SQ":0.220844692625,"ROA_SQ":2.530725451512,"START_DATE":"2021-01-01 00:00:00","FISCAL_YEAR":"12-31","CURRENCY":"HKD","IS_CNY_CODE":0,"DPS_HKD_LY":null,"ORG_TYPE":"一般企业","PREMIUM_INCOME":null,"PREMIUM_INCOME_YOY":null,"NET_INTEREST_INCOME":null,"NET_INTEREST_INCOME_YOY":null,"FEE_COMMISSION_INCOME":null,"FEE_COMMISSION_INCOME_YOY":null,"ACCOUNTS_RECE_TDAYS":3.30384836301,"INVENTORY_TDAYS":517.481163567001,"CURRENT_ASSETS_TDAYS":0.960746769293,"TOTAL_ASSETS_TDAYS":0.946463654989,"PREMIUM_EXPENSE":null,"LOAN_DEPOSIT":null,"LOAN_EQUITY":null,"LOAN_ASSETS":null,"DEPOSIT_EQUITY":null,"DEPOSIT_ASSETS":null,"EQUITY_MULTIPLIER":6.403327350356,"EQUITY_RATIO":5.57202151005},{"SECUCODE":"02433.HK","SECURITY_CODE":"02433","SECURITY_NAME_ABBR":"中天湖南集团","ORG_CODE":"10000095742","STD_REPORT_DATE":"2021-09-30 00:00:00","REPORT_DATE":"2021-09-30 00:00:00","DATE_TYPE_CODE":"004","REPORT_TYPE":"2021年三季报","PER_NETCASH_OPERATE":null,"PER_OI":null,"BPS":null,"BASIC_EPS":null,"DILUTED_EPS":null,"OPERATE_INCOME":1325392000,"OPERATE_INCOME_YOY":11.7784725203,"GROSS_PROFIT":143787000,"GROSS_PROFIT_YOY":10.255958040671,"HOLDER_PROFIT":47697000,"HOLDER_PROFIT_YOY":76.609767838,"GROSS_PROFIT_RATIO":10.848639496843,"EPS_TTM":null,"OPERATE_INCOME_QOQ":5.302278746824,"NET_PROFIT_RATIO":3.6058011517,"ROE_AVG":null,"GROSS_PROFIT_QOQ":4.882887362609,"ROA":null,"HOLDER_PROFIT_QOQ":32.494353634728,"ROE_YEARLY":null,"ROIC_YEARLY":null,"TOTAL_ASSETS":null,"TOTAL_LIABILITIES":null,"TAX_EBT":15.813486471251,"OCF_SALES":-4.861806922028,"TOTAL_PARENT_EQUITY":null,"DEBT_ASSET_RATIO":null,"OPERATE_PROFIT":59419000,"PRETAX_PROFIT":56768000,"NETCASH_OPERATE":-64438000,"NETCASH_INVEST":-5022000,"NETCASH_FINANCE":17976000,"END_CASH":25354000,"DIVI_RATIO":null,"DIVIDEND_RATE":null,"CURRENT_RATIO":null,"COMMON_ACS":5000000000,"CURRENTDEBT_DEBT":null,"ISSUED_COMMON_SHARES":576000000,"HK_COMMON_SHARES":576000000,"PER_SHARES":2000,"TOTAL_MARKET_CAP":79488000,"HKSK_MARKET_CAP":79488000,"PE_TTM":13.398337454895,"PB_TTM":0.146830634767,"REPORT_DATE_SQ":"2020-09-30 00:00:00","REPORT_TYPE_SQ":"2020年三季报","OPERATE_INCOME_SQ":1185731000,"DPS_HKD":null,"OPERATE_INCOME_QOQ_SQ":-0.86282792401,"NET_PROFIT_RATIO_SQ":2.3337502351,"HOLDER_PROFIT_SQ":27007000,"HOLDER_PROFIT_QOQ_SQ":-11.460886335329,"ROE_AVG_SQ":14.356033020949,"PE_TTM_SQ":1.75041798573,"PB_TTM_SQ":0.220844692625,"ROA_SQ":1.416427029122,"START_DATE":"2021-01-01 00:00:00","FISCAL_YEAR":"12-31","CURRENCY":"HKD","IS_CNY_CODE":0,"DPS_HKD_LY":null,"ORG_TYPE":"一般企业","PREMIUM_INCOME":null,"PREMIUM_INCOME_YOY":null,"NET_INTEREST_INCOME":null,"NET_INTEREST_INCOME_YOY":null,"FEE_COMMISSION_INCOME":null,"FEE_COMMISSION_INCOME_YOY":null,"ACCOUNTS_RECE_TDAYS":null,"INVENTORY_TDAYS":null,"CURRENT_ASSETS_TDAYS":1.366305329953,"TOTAL_ASSETS_TDAYS":1.345991046983,"PREMIUM_EXPENSE":null,"LOAN_DEPOSIT":null,"LOAN_EQUITY":null,"LOAN_ASSETS":null,"DEPOSIT_EQUITY":null,"DEPOSIT_ASSETS":null,"EQUITY_MULTIPLIER":null,"EQUITY_RATIO":null},{"SECUCODE":"02433.HK","SECURITY_CODE":"02433","SECURITY_NAME_ABBR":"中天湖南集团","ORG_CODE":"10000095742","STD_REPORT_DATE":"2021-03-31 00:00:00","REPORT_DATE":"2021-03-31 00:00:00","DATE_TYPE_CODE":"003","REPORT_TYPE":"2021年一季报","PER_NETCASH_OPERATE":-365.4304766,"PER_OI":3079.3457156,"BPS":0.403342013889,"BASIC_EPS":null,"DILUTED_EPS":null,"OPERATE_INCOME":364342000,"OPERATE_INCOME_YOY":13.5612608429,"GROSS_PROFIT":38742000,"GROSS_PROFIT_YOY":11.346783928264,"HOLDER_PROFIT":7882000,"HOLDER_PROFIT_YOY":89.0621252099,"GROSS_PROFIT_RATIO":10.63341585653,"EPS_TTM":441.5727428,"OPERATE_INCOME_QOQ":2.458274478784,"NET_PROFIT_RATIO":2.1751541134,"ROE_AVG":3.449913445777,"GROSS_PROFIT_QOQ":2.087629683683,"ROA":0.429323059066,"HOLDER_PROFIT_QOQ":7.650464632312,"ROE_YEARLY":13.799653783109,"ROIC_YEARLY":1.780703696508,"TOTAL_ASSETS":1702435000,"TOTAL_LIABILITIES":1462494000,"TAX_EBT":18.341061308604,"OCF_SALES":-11.867146801631,"TOTAL_PARENT_EQUITY":232325000,"DEBT_ASSET_RATIO":85.9060110959,"OPERATE_PROFIT":null,"PRETAX_PROFIT":9705000,"NETCASH_OPERATE":-43237000,"NETCASH_INVEST":-2858000,"NETCASH_FINANCE":7985000,"END_CASH":38728000,"DIVI_RATIO":null,"DIVIDEND_RATE":null,"CURRENT_RATIO":1.142885079824,"COMMON_ACS":5000000000,"CURRENTDEBT_DEBT":99.99876922572,"ISSUED_COMMON_SHARES":576000000,"HK_COMMON_SHARES":576000000,"PER_SHARES":2000,"TOTAL_MARKET_CAP":80064000,"HKSK_MARKET_CAP":80064000,"PE_TTM":13.495426856742,"PB_TTM":0.147894624874,"REPORT_DATE_SQ":"2020-03-31 00:00:00","REPORT_TYPE_SQ":"2020年一季报","OPERATE_INCOME_SQ":320833000,"DPS_HKD":null,"OPERATE_INCOME_QOQ_SQ":0,"NET_PROFIT_RATIO_SQ":1.3034818737,"HOLDER_PROFIT_SQ":4169000,"HOLDER_PROFIT_QOQ_SQ":0,"ROE_AVG_SQ":null,"PE_TTM_SQ":1.846432474399,"PB_TTM_SQ":0.232958536524,"ROA_SQ":null,"START_DATE":"2021-01-01 00:00:00","FISCAL_YEAR":"12-31","CURRENCY":"HKD","IS_CNY_CODE":0,"DPS_HKD_LY":null,"ORG_TYPE":"一般企业","PREMIUM_INCOME":null,"PREMIUM_INCOME_YOY":null,"NET_INTEREST_INCOME":null,"NET_INTEREST_INCOME_YOY":null,"FEE_COMMISSION_INCOME":null,"FEE_COMMISSION_INCOME_YOY":null,"ACCOUNTS_RECE_TDAYS":0.635097881479,"INVENTORY_TDAYS":181.645746164575,"CURRENT_ASSETS_TDAYS":0.20176472559,"TOTAL_ASSETS_TDAYS":0.19845270488,"PREMIUM_EXPENSE":null,"LOAN_DEPOSIT":null,"LOAN_EQUITY":null,"LOAN_ASSETS":null,"DEPOSIT_EQUITY":null,"DEPOSIT_ASSETS":null,"EQUITY_MULTIPLIER":7.095223409102,"EQUITY_RATIO":6.29503497256}],"count":16},"success":true,"message":"ok","code":0}