{"version":"c818a870b3a4becd2d3731d59cbf1912","result":{"pages":1,"data":[{"SECUCODE":"02440.HK","SECURITY_CODE":"02440","SECURITY_NAME_ABBR":"濠暻科技","ORG_CODE":"10000340598","STD_REPORT_DATE":"2024-06-30 00:00:00","REPORT_DATE":"2024-06-30 00:00:00","DATE_TYPE_CODE":"002","REPORT_TYPE":"2024年中报","PER_NETCASH_OPERATE":-0.080595555556,"PER_OI":0.138,"BPS":1.033576380282,"BASIC_EPS":-0.1434,"DILUTED_EPS":-0.1434,"OPERATE_INCOME":31050000,"OPERATE_INCOME_YOY":-82.4322183497,"GROSS_PROFIT":1325000,"GROSS_PROFIT_YOY":-95.129213689667,"HOLDER_PROFIT":-30742000,"HOLDER_PROFIT_YOY":-398.7270430473,"GROSS_PROFIT_RATIO":4.26731078905,"EPS_TTM":-0.069066666667,"OPERATE_INCOME_QOQ":-33.070934059698,"NET_PROFIT_RATIO":-99.0080515298,"ROE_AVG":-12.050795069452,"GROSS_PROFIT_QOQ":-30.870721843797,"ROA":-9.268865542355,"HOLDER_PROFIT_QOQ":-160.957910014514,"ROE_YEARLY":-24.101590138904,"ROIC_YEARLY":-19.962532102585,"TOTAL_ASSETS":312570000,"TOTAL_LIABILITIES":70740000,"TAX_EBT":null,"OCF_SALES":-58.402576489533,"TOTAL_PARENT_EQUITY":241830000,"DEBT_ASSET_RATIO":22.6317304924,"OPERATE_PROFIT":-30621000,"PRETAX_PROFIT":-30742000,"NETCASH_OPERATE":-18134000,"NETCASH_INVEST":5923000,"NETCASH_FINANCE":-665000,"END_CASH":14098000,"DIVI_RATIO":null,"DIVIDEND_RATE":null,"CURRENT_RATIO":4.094117312235,"COMMON_ACS":300000000,"CURRENTDEBT_DEBT":99.341249646593,"ISSUED_COMMON_SHARES":233974000,"HK_COMMON_SHARES":233974000,"PER_SHARES":1000,"TOTAL_MARKET_CAP":720639920,"HKSK_MARKET_CAP":720639920,"PE_TTM":-43.116132042221,"PB_TTM":2.719735525723,"REPORT_DATE_SQ":"2023-06-30 00:00:00","REPORT_TYPE_SQ":"2023年中报","OPERATE_INCOME_SQ":176744000,"DPS_HKD":null,"OPERATE_INCOME_QOQ_SQ":28.530330530553,"NET_PROFIT_RATIO_SQ":5.8225456027,"HOLDER_PROFIT_SQ":10291000,"HOLDER_PROFIT_QOQ_SQ":14.997895032276,"ROE_AVG_SQ":4.116292976383,"PE_TTM_SQ":8.428865510638,"PB_TTM_SQ":1.148085815955,"ROA_SQ":2.970084144207,"START_DATE":"2024-01-01 00:00:00","FISCAL_YEAR":"12-31","CURRENCY":"HKD","IS_CNY_CODE":0,"DPS_HKD_LY":null,"ORG_TYPE":"一般企业","PREMIUM_INCOME":null,"PREMIUM_INCOME_YOY":null,"NET_INTEREST_INCOME":null,"NET_INTEREST_INCOME_YOY":null,"FEE_COMMISSION_INCOME":null,"FEE_COMMISSION_INCOME_YOY":null,"ACCOUNTS_RECE_TDAYS":0.114325058727,"INVENTORY_TDAYS":21.697080291971,"CURRENT_ASSETS_TDAYS":0.101747901142,"TOTAL_ASSETS_TDAYS":0.093617290707,"PREMIUM_EXPENSE":null,"LOAN_DEPOSIT":null,"LOAN_EQUITY":null,"LOAN_ASSETS":null,"DEPOSIT_EQUITY":null,"DEPOSIT_ASSETS":null,"EQUITY_MULTIPLIER":1.292519538519,"EQUITY_RATIO":0.292519538519},{"SECUCODE":"02440.HK","SECURITY_CODE":"02440","SECURITY_NAME_ABBR":"濠暻科技","ORG_CODE":"10000340598","STD_REPORT_DATE":"2023-12-31 00:00:00","REPORT_DATE":"2023-12-31 00:00:00","DATE_TYPE_CODE":"001","REPORT_TYPE":"2023年年报","PER_NETCASH_OPERATE":-0.17568,"PER_OI":1.958,"BPS":1.147037705044,"BASIC_EPS":0.1161,"DILUTED_EPS":0.1155,"OPERATE_INCOME":440550000,"OPERATE_INCOME_YOY":35.9873319258,"GROSS_PROFIT":83827000,"GROSS_PROFIT_YOY":-12.268969126112,"HOLDER_PROFIT":25493000,"HOLDER_PROFIT_YOY":-10.5634296941,"GROSS_PROFIT_RATIO":19.027806151402,"EPS_TTM":0.113302222222,"OPERATE_INCOME_QOQ":5.801744509981,"NET_PROFIT_RATIO":5.7866303484,"ROE_AVG":9.721599890173,"GROSS_PROFIT_QOQ":-9.716852093184,"ROA":7.186643268424,"HOLDER_PROFIT_QOQ":-22.227645748803,"ROE_YEARLY":9.721599890173,"ROIC_YEARLY":9.178216092931,"TOTAL_ASSETS":350769000,"TOTAL_LIABILITIES":82392000,"TAX_EBT":26.012885999536,"OCF_SALES":-8.972420837589,"TOTAL_PARENT_EQUITY":268377000,"DEBT_ASSET_RATIO":23.4889628217,"OPERATE_PROFIT":34676000,"PRETAX_PROFIT":34456000,"NETCASH_OPERATE":-39528000,"NETCASH_INVEST":50425000,"NETCASH_FINANCE":-32975000,"END_CASH":27540000,"DIVI_RATIO":null,"DIVIDEND_RATE":null,"CURRENT_RATIO":3.96025286933,"COMMON_ACS":300000000,"CURRENTDEBT_DEBT":98.874890766094,"ISSUED_COMMON_SHARES":233974000,"HK_COMMON_SHARES":233974000,"PER_SHARES":1000,"TOTAL_MARKET_CAP":713620700,"HKSK_MARKET_CAP":713620700,"PE_TTM":-42.696169717135,"PB_TTM":2.693244595278,"REPORT_DATE_SQ":"2022-12-31 00:00:00","REPORT_TYPE_SQ":"2022年年报","OPERATE_INCOME_SQ":323964000,"DPS_HKD":null,"OPERATE_INCOME_QOQ_SQ":70.910357052418,"NET_PROFIT_RATIO_SQ":8.7985084763,"HOLDER_PROFIT_SQ":28504000,"HOLDER_PROFIT_QOQ_SQ":-17.091332169866,"ROE_AVG_SQ":13.934366124199,"PE_TTM_SQ":8.428865510638,"PB_TTM_SQ":1.148085815955,"ROA_SQ":8.013686017237,"START_DATE":"2023-01-01 00:00:00","FISCAL_YEAR":"12-31","CURRENCY":"HKD","IS_CNY_CODE":0,"DPS_HKD_LY":null,"ORG_TYPE":"一般企业","PREMIUM_INCOME":null,"PREMIUM_INCOME_YOY":null,"NET_INTEREST_INCOME":null,"NET_INTEREST_INCOME_YOY":null,"FEE_COMMISSION_INCOME":null,"FEE_COMMISSION_INCOME_YOY":null,"ACCOUNTS_RECE_TDAYS":1.784177498426,"INVENTORY_TDAYS":100.174950856501,"CURRENT_ASSETS_TDAYS":1.318471166019,"TOTAL_ASSETS_TDAYS":1.241939235047,"PREMIUM_EXPENSE":null,"LOAN_DEPOSIT":null,"LOAN_EQUITY":null,"LOAN_ASSETS":null,"DEPOSIT_EQUITY":null,"DEPOSIT_ASSETS":null,"EQUITY_MULTIPLIER":1.307000972513,"EQUITY_RATIO":0.307000972513},{"SECUCODE":"02440.HK","SECURITY_CODE":"02440","SECURITY_NAME_ABBR":"濠暻科技","ORG_CODE":"10000340598","STD_REPORT_DATE":"2023-06-30 00:00:00","REPORT_DATE":"2023-06-30 00:00:00","DATE_TYPE_CODE":"002","REPORT_TYPE":"2023年中报","PER_NETCASH_OPERATE":-0.144671111111,"PER_OI":0.785528888889,"BPS":1.042547462539,"BASIC_EPS":0.0458,"DILUTED_EPS":0.0455,"OPERATE_INCOME":176744000,"OPERATE_INCOME_YOY":109.6209497604,"GROSS_PROFIT":27203000,"GROSS_PROFIT_YOY":-9.032236490102,"HOLDER_PROFIT":10291000,"HOLDER_PROFIT_YOY":71.0605053191,"GROSS_PROFIT_RATIO":15.391187253881,"EPS_TTM":0.145684444444,"OPERATE_INCOME_QOQ":28.530330530553,"NET_PROFIT_RATIO":5.8225456027,"ROE_AVG":4.116292976383,"GROSS_PROFIT_QOQ":-2.826792255364,"ROA":2.970084144207,"HOLDER_PROFIT_QOQ":14.997895032276,"ROE_YEARLY":8.232585952765,"ROIC_YEARLY":7.86178656827,"TOTAL_ASSETS":334291000,"TOTAL_LIABILITIES":90362000,"TAX_EBT":14.590422441696,"OCF_SALES":-18.417032544245,"TOTAL_PARENT_EQUITY":243929000,"DEBT_ASSET_RATIO":27.0309401091,"OPERATE_PROFIT":12174000,"PRETAX_PROFIT":12049000,"NETCASH_OPERATE":-32551000,"NETCASH_INVEST":59729000,"NETCASH_FINANCE":-26896000,"END_CASH":48684000,"DIVI_RATIO":null,"DIVIDEND_RATE":null,"CURRENT_RATIO":3.449201048027,"COMMON_ACS":300000000,"CURRENTDEBT_DEBT":98.414156393174,"ISSUED_COMMON_SHARES":233974000,"HK_COMMON_SHARES":233974000,"PER_SHARES":1000,"TOTAL_MARKET_CAP":713620700,"HKSK_MARKET_CAP":713620700,"PE_TTM":-42.696169717135,"PB_TTM":2.693244595278,"REPORT_DATE_SQ":"2022-06-30 00:00:00","REPORT_TYPE_SQ":"2022年中报","OPERATE_INCOME_SQ":84316000,"DPS_HKD":null,"OPERATE_INCOME_QOQ_SQ":0,"NET_PROFIT_RATIO_SQ":7.1350633332,"HOLDER_PROFIT_SQ":6016000,"HOLDER_PROFIT_QOQ_SQ":0,"ROE_AVG_SQ":null,"PE_TTM_SQ":8.428865510638,"PB_TTM_SQ":1.148085815955,"ROA_SQ":null,"START_DATE":"2023-01-01 00:00:00","FISCAL_YEAR":"12-31","CURRENCY":"HKD","IS_CNY_CODE":0,"DPS_HKD_LY":null,"ORG_TYPE":"一般企业","PREMIUM_INCOME":null,"PREMIUM_INCOME_YOY":null,"NET_INTEREST_INCOME":null,"NET_INTEREST_INCOME_YOY":null,"FEE_COMMISSION_INCOME":null,"FEE_COMMISSION_INCOME_YOY":null,"ACCOUNTS_RECE_TDAYS":0.77040330402,"INVENTORY_TDAYS":34.1808,"CURRENT_ASSETS_TDAYS":0.541838727379,"TOTAL_ASSETS_TDAYS":0.51010062383,"PREMIUM_EXPENSE":null,"LOAN_DEPOSIT":null,"LOAN_EQUITY":null,"LOAN_ASSETS":null,"DEPOSIT_EQUITY":null,"DEPOSIT_ASSETS":null,"EQUITY_MULTIPLIER":1.370443858664,"EQUITY_RATIO":0.370443858664},{"SECUCODE":"02440.HK","SECURITY_CODE":"02440","SECURITY_NAME_ABBR":"濠暻科技","ORG_CODE":"10000340598","STD_REPORT_DATE":"2022-12-31 00:00:00","REPORT_DATE":"2022-12-31 00:00:00","DATE_TYPE_CODE":"001","REPORT_TYPE":"2022年年报","PER_NETCASH_OPERATE":0.00008,"PER_OI":1.43984,"BPS":1.094497679229,"BASIC_EPS":0.1493,"DILUTED_EPS":0.1493,"OPERATE_INCOME":323964000,"OPERATE_INCOME_YOY":70.9103570524,"GROSS_PROFIT":95550000,"GROSS_PROFIT_YOY":21.257883983299,"HOLDER_PROFIT":28504000,"HOLDER_PROFIT_YOY":-17.0913321699,"GROSS_PROFIT_RATIO":29.494017853836,"EPS_TTM":0.126684444444,"OPERATE_INCOME_QOQ":70.910357052418,"NET_PROFIT_RATIO":8.7985084763,"ROE_AVG":13.934366124199,"GROSS_PROFIT_QOQ":21.257883983299,"ROA":8.013686017237,"HOLDER_PROFIT_QOQ":-17.091332169866,"ROE_YEARLY":13.934366124199,"ROIC_YEARLY":11.30328403546,"TOTAL_ASSETS":358686000,"TOTAL_LIABILITIES":102602000,"TAX_EBT":14.232412589517,"OCF_SALES":0.005556172908,"TOTAL_PARENT_EQUITY":256084000,"DEBT_ASSET_RATIO":28.604963673,"OPERATE_PROFIT":33453000,"PRETAX_PROFIT":33234000,"NETCASH_OPERATE":18000,"NETCASH_INVEST":-72766000,"NETCASH_FINANCE":32880000,"END_CASH":47301000,"DIVI_RATIO":null,"DIVIDEND_RATE":null,"CURRENT_RATIO":3.375903426183,"COMMON_ACS":300000000,"CURRENTDEBT_DEBT":99.791427067699,"ISSUED_COMMON_SHARES":233974000,"HK_COMMON_SHARES":233974000,"PER_SHARES":1000,"TOTAL_MARKET_CAP":713620700,"HKSK_MARKET_CAP":713620700,"PE_TTM":-42.696169717135,"PB_TTM":2.693244595278,"REPORT_DATE_SQ":"2021-12-31 00:00:00","REPORT_TYPE_SQ":"2021年年报","OPERATE_INCOME_SQ":189552000,"DPS_HKD":null,"OPERATE_INCOME_QOQ_SQ":48.755738669806,"NET_PROFIT_RATIO_SQ":18.1375031654,"HOLDER_PROFIT_SQ":34380000,"HOLDER_PROFIT_QOQ_SQ":20.407662942598,"ROE_AVG_SQ":25.248871769073,"PE_TTM_SQ":8.428865510638,"PB_TTM_SQ":1.148085815955,"ROA_SQ":13.286134963635,"START_DATE":"2022-01-01 00:00:00","FISCAL_YEAR":"12-31","CURRENCY":"HKD","IS_CNY_CODE":0,"DPS_HKD_LY":null,"ORG_TYPE":"一般企业","PREMIUM_INCOME":null,"PREMIUM_INCOME_YOY":null,"NET_INTEREST_INCOME":null,"NET_INTEREST_INCOME_YOY":null,"FEE_COMMISSION_INCOME":null,"FEE_COMMISSION_INCOME_YOY":null,"ACCOUNTS_RECE_TDAYS":1.826378886067,"INVENTORY_TDAYS":56.218065468865,"CURRENT_ASSETS_TDAYS":0.94588443453,"TOTAL_ASSETS_TDAYS":0.910800511117,"PREMIUM_EXPENSE":null,"LOAN_DEPOSIT":null,"LOAN_EQUITY":null,"LOAN_ASSETS":null,"DEPOSIT_EQUITY":null,"DEPOSIT_ASSETS":null,"EQUITY_MULTIPLIER":1.400657596727,"EQUITY_RATIO":0.400657596726},{"SECUCODE":"02440.HK","SECURITY_CODE":"02440","SECURITY_NAME_ABBR":"濠暻科技","ORG_CODE":"10000340598","STD_REPORT_DATE":"2022-06-30 00:00:00","REPORT_DATE":"2022-06-30 00:00:00","DATE_TYPE_CODE":"002","REPORT_TYPE":"2022年中报","PER_NETCASH_OPERATE":null,"PER_OI":null,"BPS":null,"BASIC_EPS":0.0318,"DILUTED_EPS":0.0318,"OPERATE_INCOME":84316000,"OPERATE_INCOME_YOY":null,"GROSS_PROFIT":29904000,"GROSS_PROFIT_YOY":null,"HOLDER_PROFIT":6016000,"HOLDER_PROFIT_YOY":null,"GROSS_PROFIT_RATIO":35.466578110916,"EPS_TTM":34.2494634375,"OPERATE_INCOME_QOQ":0,"NET_PROFIT_RATIO":7.1350633332,"ROE_AVG":null,"GROSS_PROFIT_QOQ":0,"ROA":null,"HOLDER_PROFIT_QOQ":0,"ROE_YEARLY":null,"ROIC_YEARLY":null,"TOTAL_ASSETS":null,"TOTAL_LIABILITIES":null,"TAX_EBT":-0.618832580699,"OCF_SALES":3.22002941316,"TOTAL_PARENT_EQUITY":null,"DEBT_ASSET_RATIO":null,"OPERATE_PROFIT":6244000,"PRETAX_PROFIT":5979000,"NETCASH_OPERATE":2715000,"NETCASH_INVEST":788000,"NETCASH_FINANCE":-55939000,"END_CASH":34248000,"DIVI_RATIO":null,"DIVIDEND_RATE":null,"CURRENT_RATIO":null,"COMMON_ACS":300000000,"CURRENTDEBT_DEBT":null,"ISSUED_COMMON_SHARES":233974000,"HK_COMMON_SHARES":233974000,"PER_SHARES":1000,"TOTAL_MARKET_CAP":713620700,"HKSK_MARKET_CAP":713620700,"PE_TTM":-42.696169717135,"PB_TTM":2.693244595278,"REPORT_DATE_SQ":"2021-06-30 00:00:00","REPORT_TYPE_SQ":"2021年中报","OPERATE_INCOME_SQ":null,"DPS_HKD":null,"OPERATE_INCOME_QOQ_SQ":0,"NET_PROFIT_RATIO_SQ":null,"HOLDER_PROFIT_SQ":null,"HOLDER_PROFIT_QOQ_SQ":0,"ROE_AVG_SQ":null,"PE_TTM_SQ":8.428865510638,"PB_TTM_SQ":1.148085815955,"ROA_SQ":null,"START_DATE":"2022-01-01 00:00:00","FISCAL_YEAR":"12-31","CURRENCY":"HKD","IS_CNY_CODE":0,"DPS_HKD_LY":null,"ORG_TYPE":"一般企业","PREMIUM_INCOME":null,"PREMIUM_INCOME_YOY":null,"NET_INTEREST_INCOME":null,"NET_INTEREST_INCOME_YOY":null,"FEE_COMMISSION_INCOME":null,"FEE_COMMISSION_INCOME_YOY":null,"ACCOUNTS_RECE_TDAYS":null,"INVENTORY_TDAYS":null,"CURRENT_ASSETS_TDAYS":0.496933798936,"TOTAL_ASSETS_TDAYS":0.478121447021,"PREMIUM_EXPENSE":null,"LOAN_DEPOSIT":null,"LOAN_EQUITY":null,"LOAN_ASSETS":null,"DEPOSIT_EQUITY":null,"DEPOSIT_ASSETS":null,"EQUITY_MULTIPLIER":null,"EQUITY_RATIO":null},{"SECUCODE":"02440.HK","SECURITY_CODE":"02440","SECURITY_NAME_ABBR":"濠暻科技","ORG_CODE":"10000340598","STD_REPORT_DATE":"2021-12-31 00:00:00","REPORT_DATE":"2021-12-31 00:00:00","DATE_TYPE_CODE":"001","REPORT_TYPE":"2021年年报","PER_NETCASH_OPERATE":16.8756809375,"PER_OI":188.83229475,"BPS":0.654064126783,"BASIC_EPS":0.1819,"DILUTED_EPS":0.1819,"OPERATE_INCOME":189552000,"OPERATE_INCOME_YOY":48.7557386698,"GROSS_PROFIT":78799000,"GROSS_PROFIT_YOY":53.362137755201,"HOLDER_PROFIT":34380000,"HOLDER_PROFIT_YOY":20.4076629426,"GROSS_PROFIT_RATIO":41.57117835739,"EPS_TTM":34.2494634375,"OPERATE_INCOME_QOQ":48.755738669806,"NET_PROFIT_RATIO":18.1375031654,"ROE_AVG":25.248871769073,"GROSS_PROFIT_QOQ":53.362137755201,"ROA":13.286134963635,"HOLDER_PROFIT_QOQ":20.407662942598,"ROE_YEARLY":25.248871769073,"ROIC_YEARLY":17.087984731155,"TOTAL_ASSETS":352697000,"TOTAL_LIABILITIES":199663000,"TAX_EBT":14.195867026056,"OCF_SALES":8.936861652739,"TOTAL_PARENT_EQUITY":153034000,"DEBT_ASSET_RATIO":56.6103482593,"OPERATE_PROFIT":40568000,"PRETAX_PROFIT":40068000,"NETCASH_OPERATE":16940000,"NETCASH_INVEST":-1407000,"NETCASH_FINANCE":42463000,"END_CASH":86337000,"DIVI_RATIO":null,"DIVIDEND_RATE":null,"CURRENT_RATIO":1.714902971498,"COMMON_ACS":300000000,"CURRENTDEBT_DEBT":99.106995287059,"ISSUED_COMMON_SHARES":233974000,"HK_COMMON_SHARES":233974000,"PER_SHARES":1000,"TOTAL_MARKET_CAP":713620700,"HKSK_MARKET_CAP":713620700,"PE_TTM":-42.696169717135,"PB_TTM":2.693244595278,"REPORT_DATE_SQ":"2020-12-31 00:00:00","REPORT_TYPE_SQ":"2020年年报","OPERATE_INCOME_SQ":127425000,"DPS_HKD":null,"OPERATE_INCOME_QOQ_SQ":57.538480558818,"NET_PROFIT_RATIO_SQ":22.4076907985,"HOLDER_PROFIT_SQ":28553000,"HOLDER_PROFIT_QOQ_SQ":64.561120396519,"ROE_AVG_SQ":28.476540488788,"PE_TTM_SQ":8.428865510638,"PB_TTM_SQ":1.148085815955,"ROA_SQ":20.051264044944,"START_DATE":"2021-01-01 00:00:00","FISCAL_YEAR":"12-31","CURRENCY":"HKD","IS_CNY_CODE":0,"DPS_HKD_LY":null,"ORG_TYPE":"一般企业","PREMIUM_INCOME":null,"PREMIUM_INCOME_YOY":null,"NET_INTEREST_INCOME":null,"NET_INTEREST_INCOME_YOY":null,"FEE_COMMISSION_INCOME":null,"FEE_COMMISSION_INCOME_YOY":null,"ACCOUNTS_RECE_TDAYS":1.448642699927,"INVENTORY_TDAYS":39.739146035163,"CURRENT_ASSETS_TDAYS":0.765429057731,"TOTAL_ASSETS_TDAYS":0.732522819845,"PREMIUM_EXPENSE":null,"LOAN_DEPOSIT":null,"LOAN_EQUITY":null,"LOAN_ASSETS":null,"DEPOSIT_EQUITY":null,"DEPOSIT_ASSETS":null,"EQUITY_MULTIPLIER":2.30469699544,"EQUITY_RATIO":1.304696995439},{"SECUCODE":"02440.HK","SECURITY_CODE":"02440","SECURITY_NAME_ABBR":"濠暻科技","ORG_CODE":"10000340598","STD_REPORT_DATE":"2020-12-31 00:00:00","REPORT_DATE":"2020-12-31 00:00:00","DATE_TYPE_CODE":"001","REPORT_TYPE":"2020年年报","PER_NETCASH_OPERATE":null,"PER_OI":null,"BPS":0.509864343901,"BASIC_EPS":0.04,"DILUTED_EPS":0.04,"OPERATE_INCOME":127425000,"OPERATE_INCOME_YOY":57.5384805588,"GROSS_PROFIT":51381000,"GROSS_PROFIT_YOY":41.164349689543,"HOLDER_PROFIT":28553000,"HOLDER_PROFIT_YOY":64.5611203965,"GROSS_PROFIT_RATIO":40.32254267216,"EPS_TTM":null,"OPERATE_INCOME_QOQ":57.538480558818,"NET_PROFIT_RATIO":22.4076907985,"ROE_AVG":28.476540488788,"GROSS_PROFIT_QOQ":41.164349689543,"ROA":20.051264044944,"HOLDER_PROFIT_QOQ":64.561120396519,"ROE_YEARLY":28.476540488788,"ROIC_YEARLY":22.977045486551,"TOTAL_ASSETS":164835000,"TOTAL_LIABILITIES":45540000,"TAX_EBT":12.92958863172,"OCF_SALES":-10.938198940553,"TOTAL_PARENT_EQUITY":119295000,"DEBT_ASSET_RATIO":27.6276276276,"OPERATE_PROFIT":33159000,"PRETAX_PROFIT":32793000,"NETCASH_OPERATE":-13938000,"NETCASH_INVEST":24550000,"NETCASH_FINANCE":12105000,"END_CASH":28807000,"DIVI_RATIO":null,"DIVIDEND_RATE":null,"CURRENT_RATIO":3.426756911177,"COMMON_ACS":300000000,"CURRENTDEBT_DEBT":99.925340360123,"ISSUED_COMMON_SHARES":233974000,"HK_COMMON_SHARES":233974000,"PER_SHARES":1000,"TOTAL_MARKET_CAP":713620700,"HKSK_MARKET_CAP":713620700,"PE_TTM":-42.696169717135,"PB_TTM":2.693244595278,"REPORT_DATE_SQ":"2019-12-31 00:00:00","REPORT_TYPE_SQ":"2019年年报","OPERATE_INCOME_SQ":80885000,"DPS_HKD":null,"OPERATE_INCOME_QOQ_SQ":null,"NET_PROFIT_RATIO_SQ":21.4514434073,"HOLDER_PROFIT_SQ":17351000,"HOLDER_PROFIT_QOQ_SQ":null,"ROE_AVG_SQ":21.357179783856,"PE_TTM_SQ":8.428865510638,"PB_TTM_SQ":1.148085815955,"ROA_SQ":14.463385154003,"START_DATE":"2020-01-01 00:00:00","FISCAL_YEAR":"12-31","CURRENCY":"HKD","IS_CNY_CODE":0,"DPS_HKD_LY":null,"ORG_TYPE":"一般企业","PREMIUM_INCOME":null,"PREMIUM_INCOME_YOY":null,"NET_INTEREST_INCOME":null,"NET_INTEREST_INCOME_YOY":null,"FEE_COMMISSION_INCOME":null,"FEE_COMMISSION_INCOME_YOY":null,"ACCOUNTS_RECE_TDAYS":1.321616744109,"INVENTORY_TDAYS":29.664131070802,"CURRENT_ASSETS_TDAYS":0.964186806701,"TOTAL_ASSETS_TDAYS":0.894838483146,"PREMIUM_EXPENSE":null,"LOAN_DEPOSIT":null,"LOAN_EQUITY":null,"LOAN_ASSETS":null,"DEPOSIT_EQUITY":null,"DEPOSIT_ASSETS":null,"EQUITY_MULTIPLIER":1.381742738589,"EQUITY_RATIO":0.381742738589},{"SECUCODE":"02440.HK","SECURITY_CODE":"02440","SECURITY_NAME_ABBR":"濠暻科技","ORG_CODE":"10000340598","STD_REPORT_DATE":"2019-12-31 00:00:00","REPORT_DATE":"2019-12-31 00:00:00","DATE_TYPE_CODE":"001","REPORT_TYPE":"2019年年报","PER_NETCASH_OPERATE":null,"PER_OI":null,"BPS":0.347226614923,"BASIC_EPS":0.02,"DILUTED_EPS":0.02,"OPERATE_INCOME":80885000,"OPERATE_INCOME_YOY":null,"GROSS_PROFIT":36398000,"GROSS_PROFIT_YOY":null,"HOLDER_PROFIT":17351000,"HOLDER_PROFIT_YOY":null,"GROSS_PROFIT_RATIO":44.999690919206,"EPS_TTM":null,"OPERATE_INCOME_QOQ":null,"NET_PROFIT_RATIO":21.4514434073,"ROE_AVG":21.357179783856,"GROSS_PROFIT_QOQ":null,"ROA":14.463385154003,"HOLDER_PROFIT_QOQ":null,"ROE_YEARLY":21.357179783856,"ROIC_YEARLY":15.422151510573,"TOTAL_ASSETS":119965000,"TOTAL_LIABILITIES":38723000,"TAX_EBT":6.890260262946,"OCF_SALES":-4.631266613093,"TOTAL_PARENT_EQUITY":81242000,"DEBT_ASSET_RATIO":32.2785812529,"OPERATE_PROFIT":20323000,"PRETAX_PROFIT":18635000,"NETCASH_OPERATE":-3746000,"NETCASH_INVEST":-11474000,"NETCASH_FINANCE":13037000,"END_CASH":7458000,"DIVI_RATIO":null,"DIVIDEND_RATE":null,"CURRENT_RATIO":2.847930626724,"COMMON_ACS":300000000,"CURRENTDEBT_DEBT":98.274927045942,"ISSUED_COMMON_SHARES":233974000,"HK_COMMON_SHARES":233974000,"PER_SHARES":1000,"TOTAL_MARKET_CAP":713620700,"HKSK_MARKET_CAP":713620700,"PE_TTM":-42.696169717135,"PB_TTM":2.693244595278,"REPORT_DATE_SQ":"2018-12-31 00:00:00","REPORT_TYPE_SQ":"2018年年报","OPERATE_INCOME_SQ":null,"DPS_HKD":null,"OPERATE_INCOME_QOQ_SQ":null,"NET_PROFIT_RATIO_SQ":null,"HOLDER_PROFIT_SQ":null,"HOLDER_PROFIT_QOQ_SQ":null,"ROE_AVG_SQ":null,"PE_TTM_SQ":8.428865510638,"PB_TTM_SQ":1.148085815955,"ROA_SQ":null,"START_DATE":"2019-01-01 00:00:00","FISCAL_YEAR":"12-31","CURRENCY":"HKD","IS_CNY_CODE":0,"DPS_HKD_LY":null,"ORG_TYPE":"一般企业","PREMIUM_INCOME":null,"PREMIUM_INCOME_YOY":null,"NET_INTEREST_INCOME":null,"NET_INTEREST_INCOME_YOY":null,"FEE_COMMISSION_INCOME":null,"FEE_COMMISSION_INCOME_YOY":null,"ACCOUNTS_RECE_TDAYS":1.125168667492,"INVENTORY_TDAYS":21.595631067961,"CURRENT_ASSETS_TDAYS":1.492646108989,"TOTAL_ASSETS_TDAYS":1.34847663902,"PREMIUM_EXPENSE":null,"LOAN_DEPOSIT":null,"LOAN_EQUITY":null,"LOAN_ASSETS":null,"DEPOSIT_EQUITY":null,"DEPOSIT_ASSETS":null,"EQUITY_MULTIPLIER":1.476637699713,"EQUITY_RATIO":0.476637699712}],"count":8},"success":true,"message":"ok","code":0}