{"version":"8069d333af3e3c1c5d6191005762eb11","result":{"pages":2,"data":[{"SECUCODE":"02448.HK","SECURITY_CODE":"02448","SECURITY_NAME_ABBR":"恒宇集团","ORG_CODE":"10673833","STD_REPORT_DATE":"2023-12-31 00:00:00","REPORT_DATE":"2023-12-31 00:00:00","DATE_TYPE_CODE":"001","REPORT_TYPE":"2023年年报","PER_NETCASH_OPERATE":-0.039906159808,"PER_OI":0.206775730415,"BPS":1.744236150141,"BASIC_EPS":-0.1142016746,"DILUTED_EPS":-0.1142016746,"OPERATE_INCOME":239992183.74864,"OPERATE_INCOME_YOY":-42.7424087457,"GROSS_PROFIT":51852831.11492,"GROSS_PROFIT_YOY":-49.348666068216,"HOLDER_PROFIT":-110913544.84594,"HOLDER_PROFIT_YOY":-687.651850128,"GROSS_PROFIT_RATIO":21.606049957539,"EPS_TTM":-0.095562400784,"OPERATE_INCOME_QOQ":-37.008866833586,"NET_PROFIT_RATIO":-46.4607309145,"ROE_AVG":-20.952771337866,"GROSS_PROFIT_QOQ":-36.432405988816,"ROA":-10.586159855986,"HOLDER_PROFIT_QOQ":-1705.74186179669,"ROE_YEARLY":-20.952771337866,"ROIC_YEARLY":-10.926446375758,"TOTAL_ASSETS":991286348.06756,"TOTAL_LIABILITIES":485853455.0973,"TAX_EBT":0.050397272248,"OCF_SALES":-19.299247415737,"TOTAL_PARENT_EQUITY":506107561.32482,"DEBT_ASSET_RATIO":49.0124227015,"OPERATE_PROFIT":-87509229.3483,"PRETAX_PROFIT":-111558345.07022,"NETCASH_OPERATE":-46316685.32008,"NETCASH_INVEST":-878.47442,"NETCASH_FINANCE":27041199.59644,"END_CASH":3820485.25258,"DIVI_RATIO":null,"DIVIDEND_RATE":null,"CURRENT_RATIO":1.836220187312,"COMMON_ACS":500000000,"CURRENTDEBT_DEBT":98.865232838816,"ISSUED_COMMON_SHARES":290160000,"HK_COMMON_SHARES":290160000,"PER_SHARES":2500,"TOTAL_MARKET_CAP":26114400,"HKSK_MARKET_CAP":26114400,"PE_TTM":-0.213367913721,"PB_TTM":0.046759608976,"REPORT_DATE_SQ":"2022-12-31 00:00:00","REPORT_TYPE_SQ":"2022年年报","OPERATE_INCOME_SQ":412744462.19072,"DPS_HKD":null,"OPERATE_INCOME_QOQ_SQ":13.713198007639,"NET_PROFIT_RATIO_SQ":4.2940259218,"HOLDER_PROFIT_SQ":18585819.2564,"HOLDER_PROFIT_QOQ_SQ":-45.767307451975,"ROE_AVG_SQ":3.476644103945,"PE_TTM_SQ":8.170045553643,"PB_TTM_SQ":0.076182527742,"ROA_SQ":1.703892305441,"START_DATE":"2023-01-01 00:00:00","FISCAL_YEAR":"12-31","CURRENCY":"HKD","IS_CNY_CODE":0,"DPS_HKD_LY":null,"ORG_TYPE":"一般企业","PREMIUM_INCOME":null,"PREMIUM_INCOME_YOY":null,"NET_INTEREST_INCOME":null,"NET_INTEREST_INCOME_YOY":null,"FEE_COMMISSION_INCOME":null,"FEE_COMMISSION_INCOME_YOY":null,"ACCOUNTS_RECE_TDAYS":0.458247053051,"INVENTORY_TDAYS":null,"CURRENT_ASSETS_TDAYS":0.258923379845,"TOTAL_ASSETS_TDAYS":0.229060898277,"PREMIUM_EXPENSE":null,"LOAN_DEPOSIT":null,"LOAN_EQUITY":null,"LOAN_ASSETS":null,"DEPOSIT_EQUITY":null,"DEPOSIT_ASSETS":null,"EQUITY_MULTIPLIER":1.961262042606,"EQUITY_RATIO":0.959980629069},{"SECUCODE":"02448.HK","SECURITY_CODE":"02448","SECURITY_NAME_ABBR":"恒宇集团","ORG_CODE":"10673833","STD_REPORT_DATE":"2023-06-30 00:00:00","REPORT_DATE":"2023-06-30 00:00:00","DATE_TYPE_CODE":"002","REPORT_TYPE":"2023年中报","PER_NETCASH_OPERATE":0.004922391252,"PER_OI":0.167259733796,"BPS":2.08158701737,"BASIC_EPS":0.01518212829,"DILUTED_EPS":0.01518212829,"OPERATE_INCOME":161773614.52728,"OPERATE_INCOME_YOY":-22.328798254,"GROSS_PROFIT":39314567.74014,"GROSS_PROFIT_YOY":-34.601601586103,"HOLDER_PROFIT":12299310.04764,"HOLDER_PROFIT_YOY":-52.3394241417,"GROSS_PROFIT_RATIO":24.302212604337,"EPS_TTM":0.007141551433,"OPERATE_INCOME_QOQ":-7.692620632041,"NET_PROFIT_RATIO":7.4200635958,"ROE_AVG":2.110083801215,"GROSS_PROFIT_QOQ":-20.318938100956,"ROA":1.096327041712,"HOLDER_PROFIT_QOQ":-62.835598201669,"ROE_YEARLY":4.22016760243,"ROIC_YEARLY":2.26653698099,"TOTAL_ASSETS":1121231431.53945,"TOTAL_LIABILITIES":517621268.052,"TAX_EBT":17.281063450059,"OCF_SALES":2.942962504968,"TOTAL_PARENT_EQUITY":603993288.96018,"DEBT_ASSET_RATIO":46.1654261102,"OPERATE_PROFIT":23167034.70417,"PRETAX_PROFIT":14511435.44613,"NETCASH_OPERATE":4760936.81847,"NETCASH_INVEST":344723.61882,"NETCASH_FINANCE":-29550673.11693,"END_CASH":24582544.90062,"DIVI_RATIO":null,"DIVIDEND_RATE":null,"CURRENT_RATIO":1.943252715089,"COMMON_ACS":500000000,"CURRENTDEBT_DEBT":98.559696342305,"ISSUED_COMMON_SHARES":290160000,"HK_COMMON_SHARES":290160000,"PER_SHARES":2500,"TOTAL_MARKET_CAP":26114400,"HKSK_MARKET_CAP":26114400,"PE_TTM":-0.213367913721,"PB_TTM":0.046759608976,"REPORT_DATE_SQ":"2022-06-30 00:00:00","REPORT_TYPE_SQ":"2022年中报","OPERATE_INCOME_SQ":193524480.18337,"DPS_HKD":null,"OPERATE_INCOME_QOQ_SQ":-12.539479399651,"NET_PROFIT_RATIO_SQ":12.2674396168,"HOLDER_PROFIT_SQ":23977820.75808,"HOLDER_PROFIT_QOQ_SQ":-16.621249098889,"ROE_AVG_SQ":4.637554627203,"PE_TTM_SQ":8.740048731804,"PB_TTM_SQ":0.081497587817,"ROA_SQ":2.279812777003,"START_DATE":"2023-01-01 00:00:00","FISCAL_YEAR":"12-31","CURRENCY":"HKD","IS_CNY_CODE":0,"DPS_HKD_LY":null,"ORG_TYPE":"一般企业","PREMIUM_INCOME":null,"PREMIUM_INCOME_YOY":null,"NET_INTEREST_INCOME":null,"NET_INTEREST_INCOME_YOY":null,"FEE_COMMISSION_INCOME":null,"FEE_COMMISSION_INCOME_YOY":null,"ACCOUNTS_RECE_TDAYS":0.299365304701,"INVENTORY_TDAYS":null,"CURRENT_ASSETS_TDAYS":0.163466931255,"TOTAL_ASSETS_TDAYS":0.144200599509,"PREMIUM_EXPENSE":null,"LOAN_DEPOSIT":null,"LOAN_EQUITY":null,"LOAN_ASSETS":null,"DEPOSIT_EQUITY":null,"DEPOSIT_ASSETS":null,"EQUITY_MULTIPLIER":1.857542333384,"EQUITY_RATIO":0.856998376494},{"SECUCODE":"02448.HK","SECURITY_CODE":"02448","SECURITY_NAME_ABBR":"恒宇集团","ORG_CODE":"10673833","STD_REPORT_DATE":"2022-12-31 00:00:00","REPORT_DATE":"2022-12-31 00:00:00","DATE_TYPE_CODE":"001","REPORT_TYPE":"2022年年报","PER_NETCASH_OPERATE":0.030647388528,"PER_OI":0.512089903462,"BPS":1.875361518434,"BASIC_EPS":0.0259518072,"DILUTED_EPS":0.0259518072,"OPERATE_INCOME":412744462.19072,"OPERATE_INCOME_YOY":-8.8194038351,"GROSS_PROFIT":102372093.86184,"GROSS_PROFIT_YOY":-4.190726547959,"HOLDER_PROFIT":18585819.2564,"HOLDER_PROFIT_YOY":-58.5431741438,"GROSS_PROFIT_RATIO":24.802778290102,"EPS_TTM":0.023059329102,"OPERATE_INCOME_QOQ":13.713198007639,"NET_PROFIT_RATIO":4.2940259218,"ROE_AVG":3.476644103945,"GROSS_PROFIT_QOQ":1.177559986386,"ROA":1.703892305441,"HOLDER_PROFIT_QOQ":-45.767307451975,"ROE_YEARLY":3.476644103945,"ROIC_YEARLY":1.812695449025,"TOTAL_ASSETS":1087297675.89696,"TOTAL_LIABILITIES":543227553.6116,"TAX_EBT":13.763784830373,"OCF_SALES":5.984767190356,"TOTAL_PARENT_EQUITY":544154898.18888,"DEBT_ASSET_RATIO":49.9612540019,"OPERATE_PROFIT":36588587.91104,"PRETAX_PROFIT":20552101.18192,"NETCASH_OPERATE":24701795.1532,"NETCASH_INVEST":-20424937.32664,"NETCASH_FINANCE":-54198619.21672,"END_CASH":22777901.17944,"DIVI_RATIO":null,"DIVIDEND_RATE":null,"CURRENT_RATIO":1.79449285895,"COMMON_ACS":500000000,"CURRENTDEBT_DEBT":98.164069653564,"ISSUED_COMMON_SHARES":290160000,"HK_COMMON_SHARES":290160000,"PER_SHARES":2500,"TOTAL_MARKET_CAP":26114400,"HKSK_MARKET_CAP":26114400,"PE_TTM":-0.213367913721,"PB_TTM":0.046759608976,"REPORT_DATE_SQ":"2021-12-31 00:00:00","REPORT_TYPE_SQ":"2021年年报","OPERATE_INCOME_SQ":415009772.41248,"DPS_HKD":null,"OPERATE_INCOME_QOQ_SQ":8.209475919518,"NET_PROFIT_RATIO_SQ":9.8769678832,"HOLDER_PROFIT_SQ":41102208.492,"HOLDER_PROFIT_QOQ_SQ":0.542198314811,"ROE_AVG_SQ":9.869586248662,"PE_TTM_SQ":8.740048731804,"PB_TTM_SQ":0.081497587817,"ROA_SQ":4.617422182069,"START_DATE":"2022-01-01 00:00:00","FISCAL_YEAR":"12-31","CURRENCY":"HKD","IS_CNY_CODE":0,"DPS_HKD_LY":null,"ORG_TYPE":"一般企业","PREMIUM_INCOME":null,"PREMIUM_INCOME_YOY":null,"NET_INTEREST_INCOME":null,"NET_INTEREST_INCOME_YOY":null,"FEE_COMMISSION_INCOME":null,"FEE_COMMISSION_INCOME_YOY":null,"ACCOUNTS_RECE_TDAYS":0.985716115544,"INVENTORY_TDAYS":null,"CURRENT_ASSETS_TDAYS":0.430003875305,"TOTAL_ASSETS_TDAYS":0.378391774685,"PREMIUM_EXPENSE":null,"LOAN_DEPOSIT":null,"LOAN_EQUITY":null,"LOAN_ASSETS":null,"DEPOSIT_EQUITY":null,"DEPOSIT_ASSETS":null,"EQUITY_MULTIPLIER":1.998451360148,"EQUITY_RATIO":0.998295807719},{"SECUCODE":"02448.HK","SECURITY_CODE":"02448","SECURITY_NAME_ABBR":"恒宇集团","ORG_CODE":"10673833","STD_REPORT_DATE":"2022-06-30 00:00:00","REPORT_DATE":"2022-06-30 00:00:00","DATE_TYPE_CODE":"002","REPORT_TYPE":"2022年中报","PER_NETCASH_OPERATE":-0.012789790308,"PER_OI":0.240104814123,"BPS":1.828119139372,"BASIC_EPS":0.02904290305,"DILUTED_EPS":0.02904290305,"OPERATE_INCOME":193524480.18337,"OPERATE_INCOME_YOY":-23.3132425136,"GROSS_PROFIT":60115490.12458,"GROSS_PROFIT_YOY":-8.617878559303,"HOLDER_PROFIT":23977820.75808,"HOLDER_PROFIT_YOY":-24.2687912779,"GROSS_PROFIT_RATIO":31.063506832634,"EPS_TTM":0.042519240736,"OPERATE_INCOME_QOQ":-12.539479399651,"NET_PROFIT_RATIO":12.2674396168,"ROE_AVG":4.637554627203,"GROSS_PROFIT_QOQ":-5.30580746864,"ROA":2.279812777003,"HOLDER_PROFIT_QOQ":-16.621249098889,"ROE_YEARLY":9.275109254406,"ROIC_YEARLY":4.793848425401,"TOTAL_ASSETS":1053822566.96648,"TOTAL_LIABILITIES":517267380.07618,"TAX_EBT":18.027620193685,"OCF_SALES":-5.326752966096,"TOTAL_PARENT_EQUITY":530447049.48027,"DEBT_ASSET_RATIO":49.0848645959,"OPERATE_PROFIT":36207372.33382,"PRETAX_PROFIT":28961582.92146,"NETCASH_OPERATE":-10308570.98829,"NETCASH_INVEST":-19672832.72884,"NETCASH_FINANCE":-33695576.11861,"END_CASH":16532880.01052,"DIVI_RATIO":null,"DIVIDEND_RATE":null,"CURRENT_RATIO":1.806816979985,"COMMON_ACS":500000000,"CURRENTDEBT_DEBT":97.075554329238,"ISSUED_COMMON_SHARES":290160000,"HK_COMMON_SHARES":290160000,"PER_SHARES":2500,"TOTAL_MARKET_CAP":26114400,"HKSK_MARKET_CAP":26114400,"PE_TTM":-0.213367913721,"PB_TTM":0.046759608976,"REPORT_DATE_SQ":"2021-06-30 00:00:00","REPORT_TYPE_SQ":"2021年中报","OPERATE_INCOME_SQ":245564545.10157,"DPS_HKD":null,"OPERATE_INCOME_QOQ_SQ":17.361456315865,"NET_PROFIT_RATIO_SQ":12.5464045324,"HOLDER_PROFIT_SQ":30809521.21668,"HOLDER_PROFIT_QOQ_SQ":27.020692306348,"ROE_AVG_SQ":7.377673623599,"PE_TTM_SQ":8.740048731804,"PB_TTM_SQ":0.081497587817,"ROA_SQ":3.553226222504,"START_DATE":"2022-01-01 00:00:00","FISCAL_YEAR":"12-31","CURRENCY":"HKD","IS_CNY_CODE":0,"DPS_HKD_LY":null,"ORG_TYPE":"一般企业","PREMIUM_INCOME":null,"PREMIUM_INCOME_YOY":null,"NET_INTEREST_INCOME":null,"NET_INTEREST_INCOME_YOY":null,"FEE_COMMISSION_INCOME":null,"FEE_COMMISSION_INCOME_YOY":null,"ACCOUNTS_RECE_TDAYS":0.557416779698,"INVENTORY_TDAYS":null,"CURRENT_ASSETS_TDAYS":0.211406116862,"TOTAL_ASSETS_TDAYS":0.184003203225,"PREMIUM_EXPENSE":null,"LOAN_DEPOSIT":null,"LOAN_EQUITY":null,"LOAN_ASSETS":null,"DEPOSIT_EQUITY":null,"DEPOSIT_ASSETS":null,"EQUITY_MULTIPLIER":1.964052520067,"EQUITY_RATIO":0.975153656869},{"SECUCODE":"02448.HK","SECURITY_CODE":"02448","SECURITY_NAME_ABBR":"恒宇集团","ORG_CODE":"10673833","STD_REPORT_DATE":"2021-12-31 00:00:00","REPORT_DATE":"2021-12-31 00:00:00","DATE_TYPE_CODE":"001","REPORT_TYPE":"2021年年报","PER_NETCASH_OPERATE":-0.112453360364,"PER_OI":0.51490046205,"BPS":1.658911934478,"BASIC_EPS":0.0555167312,"DILUTED_EPS":0.0555167312,"OPERATE_INCOME":415009772.41248,"OPERATE_INCOME_YOY":30.8142674293,"GROSS_PROFIT":106849880.156,"GROSS_PROFIT_YOY":71.448356324879,"HOLDER_PROFIT":41102208.492,"HOLDER_PROFIT_YOY":31.548888212,"GROSS_PROFIT_RATIO":25.746352799086,"EPS_TTM":0.050995295896,"OPERATE_INCOME_QOQ":8.209475919518,"NET_PROFIT_RATIO":9.8769678832,"ROE_AVG":9.869586248662,"GROSS_PROFIT_QOQ":24.664014360067,"ROA":4.617422182069,"HOLDER_PROFIT_QOQ":0.542198314811,"ROE_YEARLY":9.869586248662,"ROIC_YEARLY":5.051393604687,"TOTAL_ASSETS":1003242056.41904,"TOTAL_LIABILITIES":521965134.35776,"TAX_EBT":15.666149955128,"OCF_SALES":-21.839825102527,"TOTAL_PARENT_EQUITY":481349886.908,"DEBT_ASSET_RATIO":52.0278362553,"OPERATE_PROFIT":61782190.864,"PRETAX_PROFIT":48604898.1656,"NETCASH_OPERATE":-90637408.45328,"NETCASH_INVEST":-5759464.31392,"NETCASH_FINANCE":118814528.82576,"END_CASH":65607293.64368,"DIVI_RATIO":null,"DIVIDEND_RATE":null,"CURRENT_RATIO":1.741416834473,"COMMON_ACS":500000000,"CURRENTDEBT_DEBT":97.111995089161,"ISSUED_COMMON_SHARES":290160000,"HK_COMMON_SHARES":290160000,"PER_SHARES":2500,"TOTAL_MARKET_CAP":26114400,"HKSK_MARKET_CAP":26114400,"PE_TTM":-0.213367913721,"PB_TTM":0.046759608976,"REPORT_DATE_SQ":"2020-12-31 00:00:00","REPORT_TYPE_SQ":"2020年年报","OPERATE_INCOME_SQ":326789083.04048,"DPS_HKD":null,"OPERATE_INCOME_QOQ_SQ":-7.499522702208,"NET_PROFIT_RATIO_SQ":9.8486060558,"HOLDER_PROFIT_SQ":32184169.42188,"HOLDER_PROFIT_QOQ_SQ":-31.374433575285,"ROE_AVG_SQ":9.300985910173,"PE_TTM_SQ":8.740048731804,"PB_TTM_SQ":0.081497587817,"ROA_SQ":4.593875881627,"START_DATE":"2021-01-01 00:00:00","FISCAL_YEAR":"12-31","CURRENCY":"HKD","IS_CNY_CODE":0,"DPS_HKD_LY":null,"ORG_TYPE":"一般企业","PREMIUM_INCOME":null,"PREMIUM_INCOME_YOY":null,"NET_INTEREST_INCOME":null,"NET_INTEREST_INCOME_YOY":null,"FEE_COMMISSION_INCOME":null,"FEE_COMMISSION_INCOME_YOY":null,"ACCOUNTS_RECE_TDAYS":1.302741398819,"INVENTORY_TDAYS":null,"CURRENT_ASSETS_TDAYS":0.52976738559,"TOTAL_ASSETS_TDAYS":0.466221986414,"PREMIUM_EXPENSE":null,"LOAN_DEPOSIT":null,"LOAN_EQUITY":null,"LOAN_ASSETS":null,"DEPOSIT_EQUITY":null,"DEPOSIT_ASSETS":null,"EQUITY_MULTIPLIER":2.084542205188,"EQUITY_RATIO":1.084377806154},{"SECUCODE":"02448.HK","SECURITY_CODE":"02448","SECURITY_NAME_ABBR":"恒宇集团","ORG_CODE":"10673833","STD_REPORT_DATE":"2021-06-30 00:00:00","REPORT_DATE":"2021-06-30 00:00:00","DATE_TYPE_CODE":"002","REPORT_TYPE":"2021年中报","PER_NETCASH_OPERATE":-0.122469749682,"PER_OI":0.304670651491,"BPS":1.644903341945,"BASIC_EPS":0.0403731015,"DILUTED_EPS":0.0403731015,"OPERATE_INCOME":245564545.10157,"OPERATE_INCOME_YOY":42.7199091455,"GROSS_PROFIT":65784739.04613,"GROSS_PROFIT_YOY":55.166008769785,"HOLDER_PROFIT":30809521.21668,"HOLDER_PROFIT_YOY":52.9053458363,"GROSS_PROFIT_RATIO":26.789184496858,"EPS_TTM":0.050720291331,"OPERATE_INCOME_QOQ":17.361456315865,"NET_PROFIT_RATIO":12.5464045324,"ROE_AVG":7.377673623599,"GROSS_PROFIT_QOQ":37.528345453152,"ROA":3.553226222504,"HOLDER_PROFIT_QOQ":27.020692306348,"ROE_YEARLY":14.755347247197,"ROIC_YEARLY":7.693560151811,"TOTAL_ASSETS":943028445.14076,"TOTAL_LIABILITIES":465703725.8025,"TAX_EBT":13.13375071144,"OCF_SALES":-40.197422719396,"TOTAL_PARENT_EQUITY":477285153.69879,"DEBT_ASSET_RATIO":49.3838471366,"OPERATE_PROFIT":42088958.31375,"PRETAX_PROFIT":35467769.66775,"NETCASH_OPERATE":-98710618.24344,"NETCASH_INVEST":-12153111.01353,"NETCASH_FINANCE":103278430.94715,"END_CASH":43689348.05721,"DIVI_RATIO":null,"DIVIDEND_RATE":null,"CURRENT_RATIO":1.813620362753,"COMMON_ACS":500000000,"CURRENTDEBT_DEBT":98.213437364543,"ISSUED_COMMON_SHARES":290160000,"HK_COMMON_SHARES":290160000,"PER_SHARES":2500,"TOTAL_MARKET_CAP":26114400,"HKSK_MARKET_CAP":26114400,"PE_TTM":-0.213367913721,"PB_TTM":0.046759608976,"REPORT_DATE_SQ":"2020-06-30 00:00:00","REPORT_TYPE_SQ":"2020年中报","OPERATE_INCOME_SQ":188829201.20448,"DPS_HKD":null,"OPERATE_INCOME_QOQ_SQ":-9.605169232558,"NET_PROFIT_RATIO_SQ":11.710654753,"HOLDER_PROFIT_SQ":22113135.82584,"HOLDER_PROFIT_QOQ_SQ":-12.472158652145,"ROE_AVG_SQ":5.993507873775,"PE_TTM_SQ":8.740048731804,"PB_TTM_SQ":0.081497587817,"ROA_SQ":3.205300292991,"START_DATE":"2021-01-01 00:00:00","FISCAL_YEAR":"12-31","CURRENCY":"HKD","IS_CNY_CODE":0,"DPS_HKD_LY":null,"ORG_TYPE":"一般企业","PREMIUM_INCOME":null,"PREMIUM_INCOME_YOY":null,"NET_INTEREST_INCOME":null,"NET_INTEREST_INCOME_YOY":null,"FEE_COMMISSION_INCOME":null,"FEE_COMMISSION_INCOME_YOY":null,"ACCOUNTS_RECE_TDAYS":0.670369153924,"INVENTORY_TDAYS":null,"CURRENT_ASSETS_TDAYS":0.321848167215,"TOTAL_ASSETS_TDAYS":0.283206731723,"PREMIUM_EXPENSE":null,"LOAN_DEPOSIT":null,"LOAN_EQUITY":null,"LOAN_ASSETS":null,"DEPOSIT_EQUITY":null,"DEPOSIT_ASSETS":null,"EQUITY_MULTIPLIER":1.975653903802,"EQUITY_RATIO":0.975734782851},{"SECUCODE":"02448.HK","SECURITY_CODE":"02448","SECURITY_NAME_ABBR":"恒宇集团","ORG_CODE":"10673833","STD_REPORT_DATE":"2020-12-31 00:00:00","REPORT_DATE":"2020-12-31 00:00:00","DATE_TYPE_CODE":"001","REPORT_TYPE":"2020年年报","PER_NETCASH_OPERATE":-0.081694003,"PER_OI":0.42998563558,"BPS":1.248021174656,"BASIC_EPS":0.0408470015,"DILUTED_EPS":0.0408470015,"OPERATE_INCOME":326789083.04048,"OPERATE_INCOME_YOY":-11.4820846906,"GROSS_PROFIT":62321904.06861,"GROSS_PROFIT_YOY":-32.977331926534,"HOLDER_PROFIT":32184169.42188,"HOLDER_PROFIT_YOY":-36.4119118715,"GROSS_PROFIT_RATIO":19.070987160514,"EPS_TTM":0.042347591345,"OPERATE_INCOME_QOQ":-7.499522702208,"NET_PROFIT_RATIO":9.8486060558,"ROE_AVG":9.300985910173,"GROSS_PROFIT_QOQ":-23.162637606641,"ROA":4.593875881627,"HOLDER_PROFIT_QOQ":-31.374433575285,"ROE_YEARLY":9.300985910173,"ROIC_YEARLY":4.9006003845,"TOTAL_ASSETS":800429671.9937,"TOTAL_LIABILITIES":438263817.8941,"TAX_EBT":13.720680668404,"OCF_SALES":-18.999240030399,"TOTAL_PARENT_EQUITY":362125824.03813,"DEBT_ASSET_RATIO":54.7535696425,"OPERATE_PROFIT":48229688.55111,"PRETAX_PROFIT":37302298.70983,"NETCASH_OPERATE":-59376835.26046,"NETCASH_INVEST":-1968008.53227,"NETCASH_FINANCE":119807523.15962,"END_CASH":44488103.21371,"DIVI_RATIO":null,"DIVIDEND_RATE":null,"CURRENT_RATIO":1.620432786245,"COMMON_ACS":500000000,"CURRENTDEBT_DEBT":99.217477212146,"ISSUED_COMMON_SHARES":290160000,"HK_COMMON_SHARES":290160000,"PER_SHARES":2500,"TOTAL_MARKET_CAP":26114400,"HKSK_MARKET_CAP":26114400,"PE_TTM":-0.213367913721,"PB_TTM":0.046759608976,"REPORT_DATE_SQ":"2019-12-31 00:00:00","REPORT_TYPE_SQ":"2019年年报","OPERATE_INCOME_SQ":390822870.3392,"DPS_HKD":null,"OPERATE_INCOME_QOQ_SQ":3.573531361168,"NET_PROFIT_RATIO_SQ":13.7097702167,"HOLDER_PROFIT_SQ":53580917.47775,"HOLDER_PROFIT_QOQ_SQ":-5.784455500806,"ROE_AVG_SQ":17.071467049492,"PE_TTM_SQ":8.740048731804,"PB_TTM_SQ":0.081497587817,"ROA_SQ":9.314986521047,"START_DATE":"2020-01-01 00:00:00","FISCAL_YEAR":"12-31","CURRENCY":"HKD","IS_CNY_CODE":0,"DPS_HKD_LY":null,"ORG_TYPE":"一般企业","PREMIUM_INCOME":null,"PREMIUM_INCOME_YOY":null,"NET_INTEREST_INCOME":null,"NET_INTEREST_INCOME_YOY":null,"FEE_COMMISSION_INCOME":null,"FEE_COMMISSION_INCOME_YOY":null,"ACCOUNTS_RECE_TDAYS":0.940858805087,"INVENTORY_TDAYS":null,"CURRENT_ASSETS_TDAYS":0.545037360817,"TOTAL_ASSETS_TDAYS":0.466449348834,"PREMIUM_EXPENSE":null,"LOAN_DEPOSIT":null,"LOAN_EQUITY":null,"LOAN_ASSETS":null,"DEPOSIT_EQUITY":null,"DEPOSIT_ASSETS":null,"EQUITY_MULTIPLIER":2.210119101328,"EQUITY_RATIO":1.21025287014},{"SECUCODE":"02448.HK","SECURITY_CODE":"02448","SECURITY_NAME_ABBR":"恒宇集团","ORG_CODE":"10673833","STD_REPORT_DATE":"2020-06-30 00:00:00","REPORT_DATE":"2020-06-30 00:00:00","DATE_TYPE_CODE":"002","REPORT_TYPE":"2020年中报","PER_NETCASH_OPERATE":-0.067486606327,"PER_OI":0.248459475269,"BPS":1.309675962443,"BASIC_EPS":0.0265846788,"DILUTED_EPS":0.0265846788,"OPERATE_INCOME":188829201.20448,"OPERATE_INCOME_YOY":-19.93838177,"GROSS_PROFIT":42396359.59428,"GROSS_PROFIT_YOY":-21.884317036153,"HOLDER_PROFIT":22113135.82584,"HOLDER_PROFIT_YOY":-26.2958915438,"GROSS_PROFIT_RATIO":22.452226310257,"EPS_TTM":0.061708184793,"OPERATE_INCOME_QOQ":-9.605169232558,"NET_PROFIT_RATIO":11.710654753,"ROE_AVG":5.993507873775,"GROSS_PROFIT_QOQ":-12.773335801986,"ROA":3.205300292991,"HOLDER_PROFIT_QOQ":-12.472158652145,"ROE_YEARLY":11.987015747549,"ROIC_YEARLY":6.699078386788,"TOTAL_ASSETS":728139287.68068,"TOTAL_LIABILITIES":348080288.77608,"TAX_EBT":13.109787945263,"OCF_SALES":-27.162017570206,"TOTAL_PARENT_EQUITY":380015577.26256,"DEBT_ASSET_RATIO":47.8040801623,"OPERATE_PROFIT":29748255.5772,"PRETAX_PROFIT":25449513.01524,"NETCASH_OPERATE":-51289820.80884,"NETCASH_INVEST":214449.74232,"NETCASH_FINANCE":86556169.54896,"END_CASH":20322214.63068,"DIVI_RATIO":null,"DIVIDEND_RATE":null,"CURRENT_RATIO":1.790153405774,"COMMON_ACS":500000000,"CURRENTDEBT_DEBT":98.543780772815,"ISSUED_COMMON_SHARES":290160000,"HK_COMMON_SHARES":290160000,"PER_SHARES":2500,"TOTAL_MARKET_CAP":26114400,"HKSK_MARKET_CAP":26114400,"PE_TTM":-0.213367913721,"PB_TTM":0.046759608976,"REPORT_DATE_SQ":"2019-06-30 00:00:00","REPORT_TYPE_SQ":"2019年中报","OPERATE_INCOME_SQ":226368399.3001,"DPS_HKD":null,"OPERATE_INCOME_QOQ_SQ":9.35912003921,"NET_PROFIT_RATIO_SQ":12.7207830024,"HOLDER_PROFIT_SQ":28795832.86094,"HOLDER_PROFIT_QOQ_SQ":8.560943122479,"ROE_AVG_SQ":9.617017892192,"PE_TTM_SQ":8.740048731804,"PB_TTM_SQ":0.081497587817,"ROA_SQ":5.379297086327,"START_DATE":"2020-01-01 00:00:00","FISCAL_YEAR":"12-31","CURRENCY":"HKD","IS_CNY_CODE":0,"DPS_HKD_LY":null,"ORG_TYPE":"一般企业","PREMIUM_INCOME":null,"PREMIUM_INCOME_YOY":null,"NET_INTEREST_INCOME":null,"NET_INTEREST_INCOME_YOY":null,"FEE_COMMISSION_INCOME":null,"FEE_COMMISSION_INCOME_YOY":null,"ACCOUNTS_RECE_TDAYS":0.447440145473,"INVENTORY_TDAYS":null,"CURRENT_ASSETS_TDAYS":0.328265548046,"TOTAL_ASSETS_TDAYS":0.273708034316,"PREMIUM_EXPENSE":null,"LOAN_DEPOSIT":null,"LOAN_EQUITY":null,"LOAN_ASSETS":null,"DEPOSIT_EQUITY":null,"DEPOSIT_ASSETS":null,"EQUITY_MULTIPLIER":1.915858563484,"EQUITY_RATIO":0.915963212044},{"SECUCODE":"02448.HK","SECURITY_CODE":"02448","SECURITY_NAME_ABBR":"恒宇集团","ORG_CODE":"10673833","STD_REPORT_DATE":"2019-12-31 00:00:00","REPORT_DATE":"2019-12-31 00:00:00","DATE_TYPE_CODE":"001","REPORT_TYPE":"2019年年报","PER_NETCASH_OPERATE":-0.05493529625,"PER_OI":0.514240618867,"BPS":1.203739355298,"BASIC_EPS":0.069186884,"DILUTED_EPS":0.069186884,"OPERATE_INCOME":390822870.3392,"OPERATE_INCOME_YOY":11.3771805729,"GROSS_PROFIT":92986307.25995,"GROSS_PROFIT_YOY":2.60535977247,"HOLDER_PROFIT":53580917.47775,"HOLDER_PROFIT_YOY":0.5746659957,"GROSS_PROFIT_RATIO":23.792442642685,"EPS_TTM":0.070501207208,"OPERATE_INCOME_QOQ":3.573531361168,"NET_PROFIT_RATIO":13.7097702167,"ROE_AVG":17.071467049492,"GROSS_PROFIT_QOQ":-6.13247860641,"ROA":9.314986521047,"HOLDER_PROFIT_QOQ":-5.784455500806,"ROE_YEARLY":17.071467049492,"ROIC_YEARLY":9.568657492102,"TOTAL_ASSETS":635968432.23615,"TOTAL_LIABILITIES":286649043.93645,"TAX_EBT":15.018380335784,"OCF_SALES":-10.682799886702,"TOTAL_PARENT_EQUITY":349277011.33325,"DEBT_ASSET_RATIO":45.0728415762,"OPERATE_PROFIT":70618187.66275,"PRETAX_PROFIT":63050007.3892,"NETCASH_OPERATE":-41750825.1498,"NETCASH_INVEST":9384335.97855,"NETCASH_FINANCE":9807240.807,"END_CASH":-14793885.4713,"DIVI_RATIO":null,"DIVIDEND_RATE":null,"CURRENT_RATIO":1.860371559844,"COMMON_ACS":500000000,"CURRENTDEBT_DEBT":98.170457596795,"ISSUED_COMMON_SHARES":290160000,"HK_COMMON_SHARES":290160000,"PER_SHARES":2500,"TOTAL_MARKET_CAP":26114400,"HKSK_MARKET_CAP":26114400,"PE_TTM":-0.213367913721,"PB_TTM":0.046759608976,"REPORT_DATE_SQ":"2018-12-31 00:00:00","REPORT_TYPE_SQ":"2018年年报","OPERATE_INCOME_SQ":345045350.1036,"DPS_HKD":null,"OPERATE_INCOME_QOQ_SQ":-10.013487903407,"NET_PROFIT_RATIO_SQ":15.1823079691,"HOLDER_PROFIT_SQ":52385847.6858,"HOLDER_PROFIT_QOQ_SQ":-18.647196706196,"ROE_AVG_SQ":34.616735458819,"PE_TTM_SQ":8.740048731804,"PB_TTM_SQ":0.081497587817,"ROA_SQ":11.919432907356,"START_DATE":"2019-01-01 00:00:00","FISCAL_YEAR":"12-31","CURRENCY":"HKD","IS_CNY_CODE":0,"DPS_HKD_LY":null,"ORG_TYPE":"一般企业","PREMIUM_INCOME":null,"PREMIUM_INCOME_YOY":null,"NET_INTEREST_INCOME":null,"NET_INTEREST_INCOME_YOY":null,"FEE_COMMISSION_INCOME":null,"FEE_COMMISSION_INCOME_YOY":null,"ACCOUNTS_RECE_TDAYS":1.062983383828,"INVENTORY_TDAYS":null,"CURRENT_ASSETS_TDAYS":0.81279744454,"TOTAL_ASSETS_TDAYS":0.679441476686,"PREMIUM_EXPENSE":null,"LOAN_DEPOSIT":null,"LOAN_EQUITY":null,"LOAN_ASSETS":null,"DEPOSIT_EQUITY":null,"DEPOSIT_ASSETS":null,"EQUITY_MULTIPLIER":1.820592997519,"EQUITY_RATIO":0.820692558157}],"count":18},"success":true,"message":"ok","code":0}