{"version":"2a63fd977659380da19116dced36a398","result":{"pages":1,"data":[{"SECUCODE":"02442.HK","SECURITY_CODE":"02442","SECURITY_NAME_ABBR":"怡俊集团控股","ORG_CODE":"10000268591","STD_REPORT_DATE":"2024-06-30 00:00:00","REPORT_DATE":"2024-12-31 00:00:00","DATE_TYPE_CODE":"002","REPORT_TYPE":"2024年中报","PER_NETCASH_OPERATE":null,"PER_OI":0.415732947647,"BPS":0.510157251765,"BASIC_EPS":0.00509322,"DILUTED_EPS":0.00509322,"OPERATE_INCOME":169619042.64,"OPERATE_INCOME_YOY":3.5321648004,"GROSS_PROFIT":13020122.4,"GROSS_PROFIT_YOY":-62.892876293744,"HOLDER_PROFIT":2069699.4,"HOLDER_PROFIT_YOY":-90.9422492401,"GROSS_PROFIT_RATIO":7.676097092255,"EPS_TTM":0.080141357059,"OPERATE_INCOME_QOQ":1.874401022887,"NET_PROFIT_RATIO":1.2202046231,"ROE_AVG":0.863806507342,"GROSS_PROFIT_QOQ":-18.224701449406,"ROA":0.798222838102,"HOLDER_PROFIT_QOQ":-20.991664112104,"ROE_YEARLY":1.727613014685,"ROIC_YEARLY":2.355979549887,"TOTAL_ASSETS":223268244,"TOTAL_LIABILITIES":15124085.28,"TAX_EBT":7.18438538206,"OCF_SALES":null,"TOTAL_PARENT_EQUITY":208144158.72,"DEBT_ASSET_RATIO":6.7739527167,"OPERATE_PROFIT":2291949,"PRETAX_PROFIT":2229904.32,"NETCASH_OPERATE":null,"NETCASH_INVEST":null,"NETCASH_FINANCE":null,"END_CASH":null,"DIVI_RATIO":1.958800870876,"DIVIDEND_RATE":14.700854700855,"CURRENT_RATIO":14.873145780051,"COMMON_ACS":5000000000,"CURRENTDEBT_DEBT":95.762919421994,"ISSUED_COMMON_SHARES":408000000,"HK_COMMON_SHARES":408000000,"PER_SHARES":2000,"TOTAL_MARKET_CAP":477360000,"HKSK_MARKET_CAP":477360000,"PE_TTM":35.661138502913,"PB_TTM":2.123789863326,"REPORT_DATE_SQ":"2023-06-30 00:00:00","REPORT_TYPE_SQ":"2023年中报","OPERATE_INCOME_SQ":160325723.74,"DPS_HKD":0.172,"OPERATE_INCOME_QOQ_SQ":50.867590256027,"NET_PROFIT_RATIO_SQ":13.9472181871,"HOLDER_PROFIT_SQ":22360978.5,"HOLDER_PROFIT_QOQ_SQ":64.3196795526,"ROE_AVG_SQ":9.16534959262,"PE_TTM_SQ":14.609980841164,"PB_TTM_SQ":2.493586574433,"ROA_SQ":8.460280397865,"START_DATE":"2024-07-01 00:00:00","FISCAL_YEAR":"6-30","CURRENCY":"HKD","IS_CNY_CODE":0,"DPS_HKD_LY":0.172,"ORG_TYPE":"一般企业","PREMIUM_INCOME":null,"PREMIUM_INCOME_YOY":null,"NET_INTEREST_INCOME":null,"NET_INTEREST_INCOME_YOY":null,"FEE_COMMISSION_INCOME":null,"FEE_COMMISSION_INCOME_YOY":null,"ACCOUNTS_RECE_TDAYS":4.803346183096,"INVENTORY_TDAYS":null,"CURRENT_ASSETS_TDAYS":0.675613817982,"TOTAL_ASSETS_TDAYS":0.654171294692,"PREMIUM_EXPENSE":null,"LOAN_DEPOSIT":null,"LOAN_EQUITY":null,"LOAN_ASSETS":null,"DEPOSIT_EQUITY":null,"DEPOSIT_ASSETS":null,"EQUITY_MULTIPLIER":1.072661588838,"EQUITY_RATIO":0.072661588838},{"SECUCODE":"02442.HK","SECURITY_CODE":"02442","SECURITY_NAME_ABBR":"怡俊集团控股","ORG_CODE":"10000268591","STD_REPORT_DATE":"2023-12-31 00:00:00","REPORT_DATE":"2024-06-30 00:00:00","DATE_TYPE_CODE":"001","REPORT_TYPE":"2023年年报","PER_NETCASH_OPERATE":0.071220357451,"PER_OI":0.789472673922,"BPS":0.654778554216,"BASIC_EPS":0.080133304,"DILUTED_EPS":0.080133304,"OPERATE_INCOME":322104850.96,"OPERATE_INCOME_YOY":4.8793027105,"GROSS_PROFIT":58032757.8,"GROSS_PROFIT_YOY":-20.789767755815,"HOLDER_PROFIT":32697673.68,"HOLDER_PROFIT_YOY":-18.2875650032,"GROSS_PROFIT_RATIO":18.016728908937,"EPS_TTM":0.101434052696,"OPERATE_INCOME_QOQ":1.91116270258,"NET_PROFIT_RATIO":10.1512515513,"ROE_AVG":13.037307675512,"GROSS_PROFIT_QOQ":-3.136725089205,"ROA":11.910160171807,"HOLDER_PROFIT_QOQ":2.379327247613,"ROE_YEARLY":13.037307675512,"ROIC_YEARLY":22.74348979825,"TOTAL_ASSETS":291048175.92,"TOTAL_LIABILITIES":23898525.8,"TAX_EBT":16.644951140065,"OCF_SALES":9.021256821621,"TOTAL_PARENT_EQUITY":267149650.12,"DEBT_ASSET_RATIO":8.2111924338,"OPERATE_PROFIT":39257104.84,"PRETAX_PROFIT":39226986.4,"NETCASH_OPERATE":29057905.84,"NETCASH_INVEST":-964702.76,"NETCASH_FINANCE":-1203824.92,"END_CASH":144213479.48,"DIVI_RATIO":1.547615971437,"DIVIDEND_RATE":14.700854700855,"CURRENT_RATIO":12.490620083108,"COMMON_ACS":5000000000,"CURRENTDEBT_DEBT":94.661065495513,"ISSUED_COMMON_SHARES":408000000,"HK_COMMON_SHARES":408000000,"PER_SHARES":2000,"TOTAL_MARKET_CAP":477360000,"HKSK_MARKET_CAP":477360000,"PE_TTM":35.661138502913,"PB_TTM":2.123789863326,"REPORT_DATE_SQ":"2022-12-31 00:00:00","REPORT_TYPE_SQ":"2022年年报","OPERATE_INCOME_SQ":310249035.94,"DPS_HKD":0.172,"OPERATE_INCOME_QOQ_SQ":0,"NET_PROFIT_RATIO_SQ":13.029304345,"HOLDER_PROFIT_SQ":40423291.12,"HOLDER_PROFIT_QOQ_SQ":0,"ROE_AVG_SQ":24.682767550526,"PE_TTM_SQ":14.237752029924,"PB_TTM_SQ":2.430055706294,"ROA_SQ":21.499903151381,"START_DATE":"2023-07-01 00:00:00","FISCAL_YEAR":"6-30","CURRENCY":"HKD","IS_CNY_CODE":0,"DPS_HKD_LY":null,"ORG_TYPE":"一般企业","PREMIUM_INCOME":null,"PREMIUM_INCOME_YOY":null,"NET_INTEREST_INCOME":null,"NET_INTEREST_INCOME_YOY":null,"FEE_COMMISSION_INCOME":null,"FEE_COMMISSION_INCOME_YOY":null,"ACCOUNTS_RECE_TDAYS":24.831802990325,"INVENTORY_TDAYS":null,"CURRENT_ASSETS_TDAYS":1.202670996785,"TOTAL_ASSETS_TDAYS":1.173270124534,"PREMIUM_EXPENSE":null,"LOAN_DEPOSIT":null,"LOAN_EQUITY":null,"LOAN_ASSETS":null,"DEPOSIT_EQUITY":null,"DEPOSIT_ASSETS":null,"EQUITY_MULTIPLIER":1.089457447498,"EQUITY_RATIO":0.089457447499},{"SECUCODE":"02442.HK","SECURITY_CODE":"02442","SECURITY_NAME_ABBR":"怡俊集团控股","ORG_CODE":"10000268591","STD_REPORT_DATE":"2023-06-30 00:00:00","REPORT_DATE":"2023-12-31 00:00:00","DATE_TYPE_CODE":"002","REPORT_TYPE":"2023年中报","PER_NETCASH_OPERATE":-0.030751509559,"PER_OI":0.392955205245,"BPS":0.625376202843,"BASIC_EPS":0.05482631,"DILUTED_EPS":0.05482631,"OPERATE_INCOME":160325723.74,"OPERATE_INCOME_YOY":2.3564601606,"GROSS_PROFIT":35087932.18,"GROSS_PROFIT_YOY":-6.146940909248,"HOLDER_PROFIT":22360978.5,"HOLDER_PROFIT_YOY":3.0013357823,"GROSS_PROFIT_RATIO":21.88540388996,"EPS_TTM":0.099076693922,"OPERATE_INCOME_QOQ":50.867590256027,"NET_PROFIT_RATIO":13.9472181871,"ROE_AVG":9.16534959262,"GROSS_PROFIT_QOQ":38.4567384246,"ROA":8.460280397865,"HOLDER_PROFIT_QOQ":64.3196795526,"ROE_YEARLY":18.33069918524,"ROIC_YEARLY":28.912486268766,"TOTAL_ASSETS":272413356.88,"TOTAL_LIABILITIES":17259866.12,"TAX_EBT":17.645684533743,"OCF_SALES":-7.825703578514,"TOTAL_PARENT_EQUITY":255153490.76,"DEBT_ASSET_RATIO":6.3359103671,"OPERATE_PROFIT":27168475.6,"PRETAX_PROFIT":27152163.64,"NETCASH_OPERATE":-12546615.9,"NETCASH_INVEST":-567293.72,"NETCASH_FINANCE":-623479.36,"END_CASH":102756285.8,"DIVI_RATIO":1.584438819933,"DIVIDEND_RATE":14.700854700855,"CURRENT_RATIO":15.556043374769,"COMMON_ACS":5000000000,"CURRENTDEBT_DEBT":99.259687073401,"ISSUED_COMMON_SHARES":408000000,"HK_COMMON_SHARES":408000000,"PER_SHARES":2000,"TOTAL_MARKET_CAP":477360000,"HKSK_MARKET_CAP":477360000,"PE_TTM":35.661138502913,"PB_TTM":2.123789863326,"REPORT_DATE_SQ":"2022-06-30 00:00:00","REPORT_TYPE_SQ":"2022年中报","OPERATE_INCOME_SQ":154396359.88,"DPS_HKD":0.172,"OPERATE_INCOME_QOQ_SQ":32.540849283256,"NET_PROFIT_RATIO_SQ":13.8598967855,"HOLDER_PROFIT_SQ":21399176.12,"HOLDER_PROFIT_QOQ_SQ":-27.023571894852,"ROE_AVG_SQ":null,"PE_TTM_SQ":14.237752029924,"PB_TTM_SQ":2.430055706294,"ROA_SQ":null,"START_DATE":"2023-07-01 00:00:00","FISCAL_YEAR":"6-30","CURRENCY":"HKD","IS_CNY_CODE":0,"DPS_HKD_LY":null,"ORG_TYPE":"一般企业","PREMIUM_INCOME":null,"PREMIUM_INCOME_YOY":null,"NET_INTEREST_INCOME":null,"NET_INTEREST_INCOME_YOY":null,"FEE_COMMISSION_INCOME":null,"FEE_COMMISSION_INCOME_YOY":null,"ACCOUNTS_RECE_TDAYS":5.2,"INVENTORY_TDAYS":null,"CURRENT_ASSETS_TDAYS":0.619263221084,"TOTAL_ASSETS_TDAYS":0.606592675643,"PREMIUM_EXPENSE":null,"LOAN_DEPOSIT":null,"LOAN_EQUITY":null,"LOAN_ASSETS":null,"DEPOSIT_EQUITY":null,"DEPOSIT_ASSETS":null,"EQUITY_MULTIPLIER":1.067645032284,"EQUITY_RATIO":0.067645032285},{"SECUCODE":"02442.HK","SECURITY_CODE":"02442","SECURITY_NAME_ABBR":"怡俊集团控股","ORG_CODE":"10000268591","STD_REPORT_DATE":"2022-12-31 00:00:00","REPORT_DATE":"2023-06-30 00:00:00","DATE_TYPE_CODE":"001","REPORT_TYPE":"2022年年报","PER_NETCASH_OPERATE":-0.051368748431,"PER_OI":0.760414303775,"BPS":0.58049261848,"BASIC_EPS":0.126034666,"DILUTED_EPS":0.125942468,"OPERATE_INCOME":310249035.94,"OPERATE_INCOME_YOY":39.9384525815,"GROSS_PROFIT":73264218.72,"GROSS_PROFIT_YOY":38.4567384246,"HOLDER_PROFIT":40423291.12,"HOLDER_PROFIT_YOY":52.4160467218,"GROSS_PROFIT_RATIO":23.614648309228,"EPS_TTM":null,"OPERATE_INCOME_QOQ":0,"NET_PROFIT_RATIO":13.029304345,"ROE_AVG":24.682767550526,"GROSS_PROFIT_QOQ":0,"ROA":21.499903151381,"HOLDER_PROFIT_QOQ":0,"ROE_YEARLY":24.682767550526,"ROIC_YEARLY":35.905037220234,"TOTAL_ASSETS":260652965.8,"TOTAL_LIABILITIES":23811977.46,"TAX_EBT":19.708456946123,"OCF_SALES":-6.755363250848,"TOTAL_PARENT_EQUITY":236840988.34,"DEBT_ASSET_RATIO":9.1355098865,"OPERATE_PROFIT":50400958.68,"PRETAX_PROFIT":50345639.88,"NETCASH_OPERATE":-20958449.36,"NETCASH_INVEST":-238792.82,"NETCASH_FINANCE":107371946.84,"END_CASH":118519607.02,"DIVI_RATIO":null,"DIVIDEND_RATE":14.700854700855,"CURRENT_RATIO":10.736516049096,"COMMON_ACS":5000000000,"CURRENTDEBT_DEBT":100,"ISSUED_COMMON_SHARES":408000000,"HK_COMMON_SHARES":408000000,"PER_SHARES":2000,"TOTAL_MARKET_CAP":477360000,"HKSK_MARKET_CAP":477360000,"PE_TTM":35.661138502913,"PB_TTM":2.123789863326,"REPORT_DATE_SQ":"2021-12-31 00:00:00","REPORT_TYPE_SQ":"2021年年报","OPERATE_INCOME_SQ":205643263.35,"DPS_HKD":0.172,"OPERATE_INCOME_QOQ_SQ":0,"NET_PROFIT_RATIO_SQ":11.9917659535,"HOLDER_PROFIT_SQ":24600395.54,"HOLDER_PROFIT_QOQ_SQ":0,"ROE_AVG_SQ":33.989306708416,"PE_TTM_SQ":14.237752029924,"PB_TTM_SQ":2.430055706294,"ROA_SQ":24.409201605444,"START_DATE":"2022-07-01 00:00:00","FISCAL_YEAR":"6-30","CURRENCY":"HKD","IS_CNY_CODE":0,"DPS_HKD_LY":null,"ORG_TYPE":"一般企业","PREMIUM_INCOME":null,"PREMIUM_INCOME_YOY":null,"NET_INTEREST_INCOME":null,"NET_INTEREST_INCOME_YOY":null,"FEE_COMMISSION_INCOME":null,"FEE_COMMISSION_INCOME_YOY":null,"ACCOUNTS_RECE_TDAYS":22.978114650551,"INVENTORY_TDAYS":null,"CURRENT_ASSETS_TDAYS":1.702592825899,"TOTAL_ASSETS_TDAYS":1.650119037987,"PREMIUM_EXPENSE":null,"LOAN_DEPOSIT":null,"LOAN_EQUITY":null,"LOAN_ASSETS":null,"DEPOSIT_EQUITY":null,"DEPOSIT_ASSETS":null,"EQUITY_MULTIPLIER":1.100539934523,"EQUITY_RATIO":0.100539934523},{"SECUCODE":"02442.HK","SECURITY_CODE":"02442","SECURITY_NAME_ABBR":"怡俊集团控股","ORG_CODE":"10000268591","STD_REPORT_DATE":"2022-06-30 00:00:00","REPORT_DATE":"2022-12-31 00:00:00","DATE_TYPE_CODE":"002","REPORT_TYPE":"2022年中报","PER_NETCASH_OPERATE":null,"PER_OI":null,"BPS":null,"BASIC_EPS":0.069943041,"DILUTED_EPS":0.069943041,"OPERATE_INCOME":154396359.88,"OPERATE_INCOME_YOY":null,"GROSS_PROFIT":37386029.31,"GROSS_PROFIT_YOY":null,"HOLDER_PROFIT":21399176.12,"HOLDER_PROFIT_YOY":null,"GROSS_PROFIT_RATIO":24.214320427669,"EPS_TTM":null,"OPERATE_INCOME_QOQ":32.540849283256,"NET_PROFIT_RATIO":13.8598967855,"ROE_AVG":null,"GROSS_PROFIT_QOQ":16.576235315942,"ROA":null,"HOLDER_PROFIT_QOQ":-27.023571894852,"ROE_YEARLY":null,"ROIC_YEARLY":null,"TOTAL_ASSETS":null,"TOTAL_LIABILITIES":null,"TAX_EBT":21.015496208375,"OCF_SALES":5.178658212029,"TOTAL_PARENT_EQUITY":null,"DEBT_ASSET_RATIO":null,"OPERATE_PROFIT":27124143.55,"PRETAX_PROFIT":27092879.1,"NETCASH_OPERATE":7995659.77,"NETCASH_INVEST":-905775.78,"NETCASH_FINANCE":-627075.54,"END_CASH":37800506.59,"DIVI_RATIO":null,"DIVIDEND_RATE":14.700854700855,"CURRENT_RATIO":null,"COMMON_ACS":5000000000,"CURRENTDEBT_DEBT":null,"ISSUED_COMMON_SHARES":408000000,"HK_COMMON_SHARES":408000000,"PER_SHARES":2000,"TOTAL_MARKET_CAP":477360000,"HKSK_MARKET_CAP":477360000,"PE_TTM":35.661138502913,"PB_TTM":2.123789863326,"REPORT_DATE_SQ":"2021-06-30 00:00:00","REPORT_TYPE_SQ":"2021年中报","OPERATE_INCOME_SQ":null,"DPS_HKD":0.172,"OPERATE_INCOME_QOQ_SQ":13.243614006594,"NET_PROFIT_RATIO_SQ":null,"HOLDER_PROFIT_SQ":null,"HOLDER_PROFIT_QOQ_SQ":33.998444358206,"ROE_AVG_SQ":null,"PE_TTM_SQ":14.237752029924,"PB_TTM_SQ":2.430055706294,"ROA_SQ":null,"START_DATE":"2022-07-01 00:00:00","FISCAL_YEAR":"6-30","CURRENCY":"HKD","IS_CNY_CODE":0,"DPS_HKD_LY":null,"ORG_TYPE":"一般企业","PREMIUM_INCOME":null,"PREMIUM_INCOME_YOY":null,"NET_INTEREST_INCOME":null,"NET_INTEREST_INCOME_YOY":null,"FEE_COMMISSION_INCOME":null,"FEE_COMMISSION_INCOME_YOY":null,"ACCOUNTS_RECE_TDAYS":null,"INVENTORY_TDAYS":null,"CURRENT_ASSETS_TDAYS":2.929782780043,"TOTAL_ASSETS_TDAYS":2.762343878603,"PREMIUM_EXPENSE":null,"LOAN_DEPOSIT":null,"LOAN_EQUITY":null,"LOAN_ASSETS":null,"DEPOSIT_EQUITY":null,"DEPOSIT_ASSETS":null,"EQUITY_MULTIPLIER":null,"EQUITY_RATIO":null},{"SECUCODE":"02442.HK","SECURITY_CODE":"02442","SECURITY_NAME_ABBR":"怡俊集团控股","ORG_CODE":"10000268591","STD_REPORT_DATE":"2021-12-31 00:00:00","REPORT_DATE":"2022-06-30 00:00:00","DATE_TYPE_CODE":"001","REPORT_TYPE":"2021年年报","PER_NETCASH_OPERATE":null,"PER_OI":null,"BPS":0.206203496642,"BASIC_EPS":0.08038786,"DILUTED_EPS":null,"OPERATE_INCOME":205643263.35,"OPERATE_INCOME_YOY":28.9591668186,"GROSS_PROFIT":52914881.25,"GROSS_PROFIT_YOY":16.576235315942,"HOLDER_PROFIT":24600395.54,"HOLDER_PROFIT_YOY":-28.995631032,"GROSS_PROFIT_RATIO":25.731395421371,"EPS_TTM":33.71005704,"OPERATE_INCOME_QOQ":0,"NET_PROFIT_RATIO":11.9917659535,"ROE_AVG":33.989306708416,"GROSS_PROFIT_QOQ":0,"ROA":24.409201605444,"HOLDER_PROFIT_QOQ":0,"ROE_YEARLY":33.989306708416,"ROIC_YEARLY":36.267816504971,"TOTAL_ASSETS":107021042.17,"TOTAL_LIABILITIES":22890015.54,"TAX_EBT":22.65228936992,"OCF_SALES":5.497681575281,"TOTAL_PARENT_EQUITY":84131026.63,"DEBT_ASSET_RATIO":21.3883317485,"OPERATE_PROFIT":32178234.13,"PRETAX_PROFIT":31882338.39,"NETCASH_OPERATE":11305611.8,"NETCASH_INVEST":-2595501.65,"NETCASH_FINANCE":-14064454.74,"END_CASH":30001775.58,"DIVI_RATIO":0.004656799003,"DIVIDEND_RATE":14.700854700855,"CURRENT_RATIO":4.604886235023,"COMMON_ACS":5000000000,"CURRENTDEBT_DEBT":95.729657027572,"ISSUED_COMMON_SHARES":408000000,"HK_COMMON_SHARES":408000000,"PER_SHARES":2000,"TOTAL_MARKET_CAP":477360000,"HKSK_MARKET_CAP":477360000,"PE_TTM":35.661138502913,"PB_TTM":2.123789863326,"REPORT_DATE_SQ":"2020-12-31 00:00:00","REPORT_TYPE_SQ":"2020年年报","OPERATE_INCOME_SQ":155154629.28,"DPS_HKD":0.172,"OPERATE_INCOME_QOQ_SQ":0,"NET_PROFIT_RATIO_SQ":21.9401928502,"HOLDER_PROFIT_SQ":33710057.04,"HOLDER_PROFIT_QOQ_SQ":0,"ROE_AVG_SQ":75.581840060446,"PE_TTM_SQ":14.237752029924,"PB_TTM_SQ":2.430055706294,"ROA_SQ":42.925180519281,"START_DATE":"2021-07-01 00:00:00","FISCAL_YEAR":"6-30","CURRENCY":"HKD","IS_CNY_CODE":0,"DPS_HKD_LY":null,"ORG_TYPE":"一般企业","PREMIUM_INCOME":null,"PREMIUM_INCOME_YOY":null,"NET_INTEREST_INCOME":null,"NET_INTEREST_INCOME_YOY":null,"FEE_COMMISSION_INCOME":null,"FEE_COMMISSION_INCOME_YOY":null,"ACCOUNTS_RECE_TDAYS":16.359832635983,"INVENTORY_TDAYS":null,"CURRENT_ASSETS_TDAYS":2.128658749795,"TOTAL_ASSETS_TDAYS":2.040450067459,"PREMIUM_EXPENSE":null,"LOAN_DEPOSIT":null,"LOAN_EQUITY":null,"LOAN_ASSETS":null,"DEPOSIT_EQUITY":null,"DEPOSIT_ASSETS":null,"EQUITY_MULTIPLIER":1.272075790073,"EQUITY_RATIO":0.272075790073},{"SECUCODE":"02442.HK","SECURITY_CODE":"02442","SECURITY_NAME_ABBR":"怡俊集团控股","ORG_CODE":"10000268591","STD_REPORT_DATE":"2020-12-31 00:00:00","REPORT_DATE":"2021-06-30 00:00:00","DATE_TYPE_CODE":"001","REPORT_TYPE":"2020年年报","PER_NETCASH_OPERATE":12.189972,"PER_OI":155.15462928,"BPS":0.144569821176,"BASIC_EPS":0.110167392,"DILUTED_EPS":null,"OPERATE_INCOME":155154629.28,"OPERATE_INCOME_YOY":24.3164681018,"GROSS_PROFIT":45390796.08,"GROSS_PROFIT_YOY":23.103969800862,"HOLDER_PROFIT":33710057.04,"HOLDER_PROFIT_YOY":47.1006862496,"GROSS_PROFIT_RATIO":29.25519933929,"EPS_TTM":25.15705104,"OPERATE_INCOME_QOQ":0,"NET_PROFIT_RATIO":21.9401928502,"ROE_AVG":75.581840060446,"GROSS_PROFIT_QOQ":0,"ROA":42.925180519281,"HOLDER_PROFIT_QOQ":0,"ROE_YEARLY":75.581840060446,"ROIC_YEARLY":66.921050240756,"TOTAL_ASSETS":91990604.4,"TOTAL_LIABILITIES":32472754.08,"TAX_EBT":15.497583343661,"OCF_SALES":7.856660195424,"TOTAL_PARENT_EQUITY":58984487.04,"DEBT_ASSET_RATIO":35.3000768848,"OPERATE_PROFIT":40371689.52,"PRETAX_PROFIT":40284321.12,"NETCASH_OPERATE":12189972,"NETCASH_INVEST":-116491.2,"NETCASH_FINANCE":1195698.96,"END_CASH":34400683.44,"DIVI_RATIO":0.00624003822,"DIVIDEND_RATE":14.700854700855,"CURRENT_RATIO":3.455075061618,"COMMON_ACS":5000000000,"CURRENTDEBT_DEBT":80.051760364885,"ISSUED_COMMON_SHARES":408000000,"HK_COMMON_SHARES":408000000,"PER_SHARES":2000,"TOTAL_MARKET_CAP":477360000,"HKSK_MARKET_CAP":477360000,"PE_TTM":35.661138502913,"PB_TTM":2.123789863326,"REPORT_DATE_SQ":"2019-12-31 00:00:00","REPORT_TYPE_SQ":"2019年年报","OPERATE_INCOME_SQ":137009605.92,"DPS_HKD":0.172,"OPERATE_INCOME_QOQ_SQ":0,"NET_PROFIT_RATIO_SQ":18.5321981692,"HOLDER_PROFIT_SQ":25157051.04,"HOLDER_PROFIT_QOQ_SQ":0,"ROE_AVG_SQ":50.765884499825,"PE_TTM_SQ":14.237752029924,"PB_TTM_SQ":2.430055706294,"ROA_SQ":24.407882201238,"START_DATE":"2020-07-01 00:00:00","FISCAL_YEAR":"6-30","CURRENCY":"HKD","IS_CNY_CODE":0,"DPS_HKD_LY":null,"ORG_TYPE":"一般企业","PREMIUM_INCOME":null,"PREMIUM_INCOME_YOY":null,"NET_INTEREST_INCOME":null,"NET_INTEREST_INCOME_YOY":null,"FEE_COMMISSION_INCOME":null,"FEE_COMMISSION_INCOME_YOY":null,"ACCOUNTS_RECE_TDAYS":12.921658986175,"INVENTORY_TDAYS":null,"CURRENT_ASSETS_TDAYS":2.036855788347,"TOTAL_ASSETS_TDAYS":1.975683536324,"PREMIUM_EXPENSE":null,"LOAN_DEPOSIT":null,"LOAN_EQUITY":null,"LOAN_ASSETS":null,"DEPOSIT_EQUITY":null,"DEPOSIT_ASSETS":null,"EQUITY_MULTIPLIER":1.545596890771,"EQUITY_RATIO":0.550530414174},{"SECUCODE":"02442.HK","SECURITY_CODE":"02442","SECURITY_NAME_ABBR":"怡俊集团控股","ORG_CODE":"10000268591","STD_REPORT_DATE":"2019-12-31 00:00:00","REPORT_DATE":"2020-06-30 00:00:00","DATE_TYPE_CODE":"001","REPORT_TYPE":"2019年年报","PER_NETCASH_OPERATE":6.71561088,"PER_OI":137.00960592,"BPS":0.081302876471,"BASIC_EPS":0.0822096,"DILUTED_EPS":null,"OPERATE_INCOME":137009605.92,"OPERATE_INCOME_YOY":2.3535593405,"GROSS_PROFIT":36871919.04,"GROSS_PROFIT_YOY":20.844441151826,"HOLDER_PROFIT":25157051.04,"HOLDER_PROFIT_YOY":13.183742243,"GROSS_PROFIT_RATIO":26.911922556386,"EPS_TTM":21.40476678,"OPERATE_INCOME_QOQ":0,"NET_PROFIT_RATIO":18.5321981692,"ROE_AVG":50.765884499825,"GROSS_PROFIT_QOQ":0,"ROA":24.407882201238,"HOLDER_PROFIT_QOQ":0,"ROE_YEARLY":50.765884499825,"ROIC_YEARLY":39.554205533654,"TOTAL_ASSETS":71436488.64,"TOTAL_LIABILITIES":37988142.72,"TAX_EBT":15.728361376383,"OCF_SALES":4.901562072897,"TOTAL_PARENT_EQUITY":33171573.6,"DEBT_ASSET_RATIO":53.1775055622,"OPERATE_PROFIT":30146260.32,"PRETAX_PROFIT":30129818.4,"NETCASH_OPERATE":6715610.88,"NETCASH_INVEST":-710656.32,"NETCASH_FINANCE":-37640122.08,"END_CASH":23197722.24,"DIVI_RATIO":0.007333925271,"DIVIDEND_RATE":14.700854700855,"CURRENT_RATIO":1.830876799766,"COMMON_ACS":5000000000,"CURRENTDEBT_DEBT":98.699143983842,"ISSUED_COMMON_SHARES":408000000,"HK_COMMON_SHARES":408000000,"PER_SHARES":2000,"TOTAL_MARKET_CAP":477360000,"HKSK_MARKET_CAP":477360000,"PE_TTM":35.661138502913,"PB_TTM":2.123789863326,"REPORT_DATE_SQ":"2018-12-31 00:00:00","REPORT_TYPE_SQ":"2018年年报","OPERATE_INCOME_SQ":128908895.04,"DPS_HKD":0.172,"OPERATE_INCOME_QOQ_SQ":null,"NET_PROFIT_RATIO_SQ":16.7478709466,"HOLDER_PROFIT_SQ":21404766.78,"HOLDER_PROFIT_QOQ_SQ":null,"ROE_AVG_SQ":33.708285425354,"PE_TTM_SQ":14.237752029924,"PB_TTM_SQ":2.430055706294,"ROA_SQ":16.500640821336,"START_DATE":"2019-07-01 00:00:00","FISCAL_YEAR":"6-30","CURRENCY":"HKD","IS_CNY_CODE":0,"DPS_HKD_LY":null,"ORG_TYPE":"一般企业","PREMIUM_INCOME":null,"PREMIUM_INCOME_YOY":null,"NET_INTEREST_INCOME":null,"NET_INTEREST_INCOME_YOY":null,"FEE_COMMISSION_INCOME":null,"FEE_COMMISSION_INCOME_YOY":null,"ACCOUNTS_RECE_TDAYS":15.319477070779,"INVENTORY_TDAYS":null,"CURRENT_ASSETS_TDAYS":1.361913668803,"TOTAL_ASSETS_TDAYS":1.329295041941,"PREMIUM_EXPENSE":null,"LOAN_DEPOSIT":null,"LOAN_EQUITY":null,"LOAN_ASSETS":null,"DEPOSIT_EQUITY":null,"DEPOSIT_ASSETS":null,"EQUITY_MULTIPLIER":2.13572559943,"EQUITY_RATIO":1.145201707283},{"SECUCODE":"02442.HK","SECURITY_CODE":"02442","SECURITY_NAME_ABBR":"怡俊集团控股","ORG_CODE":"10000268591","STD_REPORT_DATE":"2018-12-31 00:00:00","REPORT_DATE":"2019-06-30 00:00:00","DATE_TYPE_CODE":"001","REPORT_TYPE":"2018年年报","PER_NETCASH_OPERATE":42.90277752,"PER_OI":128.90889504,"BPS":0.155637295147,"BASIC_EPS":null,"DILUTED_EPS":null,"OPERATE_INCOME":128908895.04,"OPERATE_INCOME_YOY":null,"GROSS_PROFIT":30511886.76,"GROSS_PROFIT_YOY":null,"HOLDER_PROFIT":21404766.78,"HOLDER_PROFIT_YOY":null,"GROSS_PROFIT_RATIO":23.669341631182,"EPS_TTM":null,"OPERATE_INCOME_QOQ":null,"NET_PROFIT_RATIO":16.7478709466,"ROE_AVG":33.708285425354,"GROSS_PROFIT_QOQ":null,"ROA":16.500640821336,"HOLDER_PROFIT_QOQ":null,"ROE_YEARLY":33.708285425354,"ROIC_YEARLY":28.049567723343,"TOTAL_ASSETS":129720821.22,"TOTAL_LIABILITIES":65615598.72,"TAX_EBT":15.96014244624,"OCF_SALES":33.281471776395,"TOTAL_PARENT_EQUITY":63500016.42,"DEBT_ASSET_RATIO":50.5821641452,"OPERATE_PROFIT":null,"PRETAX_PROFIT":25689590.64,"NETCASH_OPERATE":42902777.52,"NETCASH_INVEST":-24688537.56,"NETCASH_FINANCE":-6172574.22,"END_CASH":52805110.14,"DIVI_RATIO":null,"DIVIDEND_RATE":14.700854700855,"CURRENT_RATIO":1.953135304647,"COMMON_ACS":5000000000,"CURRENTDEBT_DEBT":99.607196482197,"ISSUED_COMMON_SHARES":408000000,"HK_COMMON_SHARES":408000000,"PER_SHARES":2000,"TOTAL_MARKET_CAP":477360000,"HKSK_MARKET_CAP":477360000,"PE_TTM":35.661138502913,"PB_TTM":2.123789863326,"REPORT_DATE_SQ":"2017-12-31 00:00:00","REPORT_TYPE_SQ":"2017年年报","OPERATE_INCOME_SQ":null,"DPS_HKD":0.172,"OPERATE_INCOME_QOQ_SQ":null,"NET_PROFIT_RATIO_SQ":null,"HOLDER_PROFIT_SQ":null,"HOLDER_PROFIT_QOQ_SQ":null,"ROE_AVG_SQ":null,"PE_TTM_SQ":14.237752029924,"PB_TTM_SQ":2.430055706294,"ROA_SQ":null,"START_DATE":"2018-07-01 00:00:00","FISCAL_YEAR":"6-30","CURRENCY":"HKD","IS_CNY_CODE":0,"DPS_HKD_LY":null,"ORG_TYPE":"一般企业","PREMIUM_INCOME":null,"PREMIUM_INCOME_YOY":null,"NET_INTEREST_INCOME":null,"NET_INTEREST_INCOME_YOY":null,"FEE_COMMISSION_INCOME":null,"FEE_COMMISSION_INCOME_YOY":null,"ACCOUNTS_RECE_TDAYS":18.206485277674,"INVENTORY_TDAYS":null,"CURRENT_ASSETS_TDAYS":2.019680807078,"TOTAL_ASSETS_TDAYS":1.987481945113,"PREMIUM_EXPENSE":null,"LOAN_DEPOSIT":null,"LOAN_EQUITY":null,"LOAN_ASSETS":null,"DEPOSIT_EQUITY":null,"DEPOSIT_ASSETS":null,"EQUITY_MULTIPLIER":2.023560891938,"EQUITY_RATIO":1.033316248078}],"count":9},"success":true,"message":"ok","code":0}