{"version":"1a68930badcc2106c1f9b84d7c9db660","result":{"pages":2,"data":[{"SECUCODE":"02453.HK","SECURITY_CODE":"02453","SECURITY_NAME_ABBR":"美中嘉和","ORG_CODE":"10492389","STD_REPORT_DATE":"2024-06-30 00:00:00","REPORT_DATE":"2024-06-30 00:00:00","DATE_TYPE_CODE":"002","REPORT_TYPE":"2024年中报","PER_NETCASH_OPERATE":-0.249597112212,"PER_OI":0.305704671296,"BPS":2.661170973692,"BASIC_EPS":-0.25,"DILUTED_EPS":-0.25,"OPERATE_INCOME":218988000,"OPERATE_INCOME_YOY":-23.2103345618,"GROSS_PROFIT":-34512000,"GROSS_PROFIT_YOY":1.315337984673,"HOLDER_PROFIT":-181876000,"HOLDER_PROFIT_YOY":6.3826720748,"GROSS_PROFIT_RATIO":-15.759767658502,"EPS_TTM":-0.503518995971,"OPERATE_INCOME_QOQ":-12.288313376033,"NET_PROFIT_RATIO":-92.2511735803,"ROE_AVG":-10.376939728213,"GROSS_PROFIT_QOQ":0.706724638572,"ROA":-3.320070769372,"HOLDER_PROFIT_QOQ":3.323594843067,"ROE_YEARLY":-20.753879456425,"ROIC_YEARLY":-7.074853483264,"TOTAL_ASSETS":5719756000,"TOTAL_LIABILITIES":3562470000,"TAX_EBT":1.223829221306,"OCF_SALES":-81.646482912306,"TOTAL_PARENT_EQUITY":1906299000,"DEBT_ASSET_RATIO":62.2836009088,"OPERATE_PROFIT":-150029000,"PRETAX_PROFIT":-204522000,"NETCASH_OPERATE":-178796000,"NETCASH_INVEST":-464349000,"NETCASH_FINANCE":714105000,"END_CASH":111537000,"DIVI_RATIO":null,"DIVIDEND_RATE":null,"CURRENT_RATIO":0.526491258215,"COMMON_ACS":null,"CURRENTDEBT_DEBT":36.103574205537,"ISSUED_COMMON_SHARES":716338416,"HK_COMMON_SHARES":246551024,"PER_SHARES":200,"TOTAL_MARKET_CAP":5716380559.68,"HKSK_MARKET_CAP":1967477171.52,"PE_TTM":-14.281670695229,"PB_TTM":2.736835202247,"REPORT_DATE_SQ":"2023-06-30 00:00:00","REPORT_TYPE_SQ":"2023年中报","OPERATE_INCOME_SQ":285179000,"DPS_HKD":null,"OPERATE_INCOME_QOQ_SQ":29.940275748142,"NET_PROFIT_RATIO_SQ":-75.1307073803,"HOLDER_PROFIT_SQ":-194276000,"HOLDER_PROFIT_QOQ_SQ":34.526896735155,"ROE_AVG_SQ":-11.188529275325,"PE_TTM_SQ":-30.193938998881,"PB_TTM_SQ":5.778700652552,"ROA_SQ":-3.557296439325,"START_DATE":"2024-01-01 00:00:00","FISCAL_YEAR":"12-31","CURRENCY":"HKD","IS_CNY_CODE":0,"DPS_HKD_LY":null,"ORG_TYPE":"一般企业","PREMIUM_INCOME":null,"PREMIUM_INCOME_YOY":null,"NET_INTEREST_INCOME":null,"NET_INTEREST_INCOME_YOY":null,"FEE_COMMISSION_INCOME":null,"FEE_COMMISSION_INCOME_YOY":null,"ACCOUNTS_RECE_TDAYS":3.002241522316,"INVENTORY_TDAYS":6.323351501016,"CURRENT_ASSETS_TDAYS":0.422364153784,"TOTAL_ASSETS_TDAYS":0.039975349009,"PREMIUM_EXPENSE":null,"LOAN_DEPOSIT":null,"LOAN_EQUITY":null,"LOAN_ASSETS":null,"DEPOSIT_EQUITY":null,"DEPOSIT_ASSETS":null,"EQUITY_MULTIPLIER":2.651366578188,"EQUITY_RATIO":1.868788684252},{"SECUCODE":"02453.HK","SECURITY_CODE":"02453","SECURITY_NAME_ABBR":"美中嘉和","ORG_CODE":"10492389","STD_REPORT_DATE":"2023-12-31 00:00:00","REPORT_DATE":"2023-12-31 00:00:00","DATE_TYPE_CODE":"001","REPORT_TYPE":"2023年年报","PER_NETCASH_OPERATE":0.298194073123,"PER_OI":0.795738668672,"BPS":2.232309428453,"BASIC_EPS":-0.56,"DILUTED_EPS":-0.56,"OPERATE_INCOME":538650000,"OPERATE_INCOME_YOY":14.0796746934,"GROSS_PROFIT":-65089000,"GROSS_PROFIT_YOY":54.359700728545,"HOLDER_PROFIT":-373090000,"HOLDER_PROFIT_YOY":31.088429343,"GROSS_PROFIT_RATIO":-12.083727838114,"EPS_TTM":-0.551159639645,"OPERATE_INCOME_QOQ":-12.206070029778,"NET_PROFIT_RATIO":-79.1597512299,"ROE_AVG":-22.719197261932,"GROSS_PROFIT_QOQ":28.648476809577,"ROA":-7.007752968866,"HOLDER_PROFIT_QOQ":-5.251725091262,"ROE_YEARLY":-22.719197261932,"ROIC_YEARLY":-7.536834462862,"TOTAL_ASSETS":5236396000,"TOTAL_LIABILITIES":3367211000,"TAX_EBT":1.432758811998,"OCF_SALES":37.473869859835,"TOTAL_PARENT_EQUITY":1599089000,"DEBT_ASSET_RATIO":64.3039793018,"OPERATE_PROFIT":-322851000,"PRETAX_PROFIT":-432592000,"NETCASH_OPERATE":201853000,"NETCASH_INVEST":-182341000,"NETCASH_FINANCE":-105431000,"END_CASH":40577000,"DIVI_RATIO":null,"DIVIDEND_RATE":null,"CURRENT_RATIO":0.298709773295,"COMMON_ACS":null,"CURRENTDEBT_DEBT":35.771948951224,"ISSUED_COMMON_SHARES":716338416,"HK_COMMON_SHARES":246551024,"PER_SHARES":200,"TOTAL_MARKET_CAP":9770855994.24,"HKSK_MARKET_CAP":3362955967.36,"PE_TTM":-24.411276727183,"PB_TTM":4.677999017375,"REPORT_DATE_SQ":"2022-12-31 00:00:00","REPORT_TYPE_SQ":"2022年年报","OPERATE_INCOME_SQ":472170000,"DPS_HKD":null,"OPERATE_INCOME_QOQ_SQ":0.048099028908,"NET_PROFIT_RATIO_SQ":-134.9560539636,"HOLDER_PROFIT_SQ":-541404000,"HOLDER_PROFIT_QOQ_SQ":29.392800831526,"ROE_AVG_SQ":-846.347087283784,"PE_TTM_SQ":null,"PB_TTM_SQ":null,"ROA_SQ":-9.985245405788,"START_DATE":"2023-01-01 00:00:00","FISCAL_YEAR":"12-31","CURRENCY":"HKD","IS_CNY_CODE":0,"DPS_HKD_LY":null,"ORG_TYPE":"一般企业","PREMIUM_INCOME":null,"PREMIUM_INCOME_YOY":null,"NET_INTEREST_INCOME":null,"NET_INTEREST_INCOME_YOY":null,"FEE_COMMISSION_INCOME":null,"FEE_COMMISSION_INCOME_YOY":null,"ACCOUNTS_RECE_TDAYS":5.812842967447,"INVENTORY_TDAYS":9.645779744692,"CURRENT_ASSETS_TDAYS":0.939783377881,"TOTAL_ASSETS_TDAYS":0.101174680015,"PREMIUM_EXPENSE":null,"LOAN_DEPOSIT":null,"LOAN_EQUITY":null,"LOAN_ASSETS":null,"DEPOSIT_EQUITY":null,"DEPOSIT_ASSETS":null,"EQUITY_MULTIPLIER":2.801432709978,"EQUITY_RATIO":2.105705811246},{"SECUCODE":"02453.HK","SECURITY_CODE":"02453","SECURITY_NAME_ABBR":"美中嘉和","ORG_CODE":"10492389","STD_REPORT_DATE":"2023-06-30 00:00:00","REPORT_DATE":"2023-06-30 00:00:00","DATE_TYPE_CODE":"002","REPORT_TYPE":"2023年中报","PER_NETCASH_OPERATE":-0.193179971577,"PER_OI":0.421290318768,"BPS":2.495330363519,"BASIC_EPS":-0.3,"DILUTED_EPS":-0.3,"OPERATE_INCOME":285179000,"OPERATE_INCOME_YOY":98.3026215145,"GROSS_PROFIT":-34972000,"GROSS_PROFIT_YOY":59.505337995878,"HOLDER_PROFIT":-194276000,"HOLDER_PROFIT_YOY":49.0364789641,"GROSS_PROFIT_RATIO":-12.263175058472,"EPS_TTM":-0.523658700168,"OPERATE_INCOME_QOQ":29.940275748142,"NET_PROFIT_RATIO":-75.1307073803,"ROE_AVG":-11.188529275325,"GROSS_PROFIT_QOQ":36.034583102522,"ROA":-3.557296439325,"HOLDER_PROFIT_QOQ":34.526896735155,"ROE_YEARLY":-22.37705855065,"ROIC_YEARLY":-7.822086152019,"TOTAL_ASSETS":5511152000,"TOTAL_LIABILITIES":3429830000,"TAX_EBT":1.890239714266,"OCF_SALES":-45.854358139975,"TOTAL_PARENT_EQUITY":1787501000,"DEBT_ASSET_RATIO":62.2343568096,"OPERATE_PROFIT":-162307000,"PRETAX_PROFIT":-218385000,"NETCASH_OPERATE":-130685000,"NETCASH_INVEST":-4355000,"NETCASH_FINANCE":265854000,"END_CASH":257310000,"DIVI_RATIO":null,"DIVIDEND_RATE":null,"CURRENT_RATIO":0.827483843321,"COMMON_ACS":null,"CURRENTDEBT_DEBT":31.841753089803,"ISSUED_COMMON_SHARES":716338416,"HK_COMMON_SHARES":246551024,"PER_SHARES":200,"TOTAL_MARKET_CAP":9770855994.24,"HKSK_MARKET_CAP":3362955967.36,"PE_TTM":-24.411276727183,"PB_TTM":4.677999017375,"REPORT_DATE_SQ":"2022-06-30 00:00:00","REPORT_TYPE_SQ":"2022年中报","OPERATE_INCOME_SQ":143810000,"DPS_HKD":null,"OPERATE_INCOME_QOQ_SQ":0,"NET_PROFIT_RATIO_SQ":-288.6217926431,"HOLDER_PROFIT_SQ":-381206000,"HOLDER_PROFIT_QOQ_SQ":0,"ROE_AVG_SQ":null,"PE_TTM_SQ":null,"PB_TTM_SQ":null,"ROA_SQ":null,"START_DATE":"2023-01-01 00:00:00","FISCAL_YEAR":"12-31","CURRENCY":"HKD","IS_CNY_CODE":0,"DPS_HKD_LY":null,"ORG_TYPE":"一般企业","PREMIUM_INCOME":null,"PREMIUM_INCOME_YOY":null,"NET_INTEREST_INCOME":null,"NET_INTEREST_INCOME_YOY":null,"FEE_COMMISSION_INCOME":null,"FEE_COMMISSION_INCOME_YOY":null,"ACCOUNTS_RECE_TDAYS":2.942173572136,"INVENTORY_TDAYS":5.020913218377,"CURRENT_ASSETS_TDAYS":0.337442618994,"TOTAL_ASSETS_TDAYS":0.052217785072,"PREMIUM_EXPENSE":null,"LOAN_DEPOSIT":null,"LOAN_EQUITY":null,"LOAN_ASSETS":null,"DEPOSIT_EQUITY":null,"DEPOSIT_ASSETS":null,"EQUITY_MULTIPLIER":2.647909357609,"EQUITY_RATIO":1.91878494054},{"SECUCODE":"02453.HK","SECURITY_CODE":"02453","SECURITY_NAME_ABBR":"美中嘉和","ORG_CODE":"10492389","STD_REPORT_DATE":"2022-12-31 00:00:00","REPORT_DATE":"2022-12-31 00:00:00","DATE_TYPE_CODE":"001","REPORT_TYPE":"2022年年报","PER_NETCASH_OPERATE":-0.144340496637,"PER_OI":0.72784532073,"BPS":2.352617090412,"BASIC_EPS":-1.13,"DILUTED_EPS":-1.13,"OPERATE_INCOME":472170000,"OPERATE_INCOME_YOY":0.3538750917,"GROSS_PROFIT":-142613000,"GROSS_PROFIT_YOY":-202.524341868013,"HOLDER_PROFIT":-541404000,"HOLDER_PROFIT_YOY":33.6996520911,"GROSS_PROFIT_RATIO":-30.203740178326,"EPS_TTM":-0.834568837547,"OPERATE_INCOME_QOQ":0.048099028908,"NET_PROFIT_RATIO":-134.9560539636,"ROE_AVG":-846.347087283784,"GROSS_PROFIT_QOQ":-5.583730038276,"ROA":-9.985245405788,"HOLDER_PROFIT_QOQ":29.392800831526,"ROE_YEARLY":-846.347087283784,"ROIC_YEARLY":-10.961308123456,"TOTAL_ASSETS":5411525000,"TOTAL_LIABILITIES":3415946000,"TAX_EBT":1.537154070801,"OCF_SALES":-19.831204862655,"TOTAL_PARENT_EQUITY":1685270000,"DEBT_ASSET_RATIO":63.1235372654,"OPERATE_PROFIT":-372480000,"PRETAX_PROFIT":-647170000,"NETCASH_OPERATE":-93637000,"NETCASH_INVEST":-100325000,"NETCASH_FINANCE":184373000,"END_CASH":126496000,"DIVI_RATIO":null,"DIVIDEND_RATE":null,"CURRENT_RATIO":0.840201598732,"COMMON_ACS":null,"CURRENTDEBT_DEBT":27.404326649192,"ISSUED_COMMON_SHARES":716338416,"HK_COMMON_SHARES":246551024,"PER_SHARES":200,"TOTAL_MARKET_CAP":9770855994.24,"HKSK_MARKET_CAP":3362955967.36,"PE_TTM":-24.411276727183,"PB_TTM":4.677999017375,"REPORT_DATE_SQ":"2021-12-31 00:00:00","REPORT_TYPE_SQ":"2021年年报","OPERATE_INCOME_SQ":470505000,"DPS_HKD":null,"OPERATE_INCOME_QOQ_SQ":182.889713265312,"NET_PROFIT_RATIO_SQ":-176.7877068256,"HOLDER_PROFIT_SQ":-816593000,"HOLDER_PROFIT_QOQ_SQ":-39.739498356473,"ROE_AVG_SQ":72.881389192159,"PE_TTM_SQ":null,"PB_TTM_SQ":null,"ROA_SQ":-15.716371998236,"START_DATE":"2022-01-01 00:00:00","FISCAL_YEAR":"12-31","CURRENCY":"HKD","IS_CNY_CODE":0,"DPS_HKD_LY":null,"ORG_TYPE":"一般企业","PREMIUM_INCOME":null,"PREMIUM_INCOME_YOY":null,"NET_INTEREST_INCOME":null,"NET_INTEREST_INCOME_YOY":null,"FEE_COMMISSION_INCOME":null,"FEE_COMMISSION_INCOME_YOY":null,"ACCOUNTS_RECE_TDAYS":3.826647216144,"INVENTORY_TDAYS":10.002977546372,"CURRENT_ASSETS_TDAYS":0.570261887853,"TOTAL_ASSETS_TDAYS":0.087083459362,"PREMIUM_EXPENSE":null,"LOAN_DEPOSIT":null,"LOAN_EQUITY":null,"LOAN_ASSETS":null,"DEPOSIT_EQUITY":null,"DEPOSIT_ASSETS":null,"EQUITY_MULTIPLIER":2.711756838493,"EQUITY_RATIO":2.026942863755},{"SECUCODE":"02453.HK","SECURITY_CODE":"02453","SECURITY_NAME_ABBR":"美中嘉和","ORG_CODE":"10492389","STD_REPORT_DATE":"2022-09-30 00:00:00","REPORT_DATE":"2022-09-30 00:00:00","DATE_TYPE_CODE":"004","REPORT_TYPE":"2022年三季报","PER_NETCASH_OPERATE":-0.118087380901,"PER_OI":0.451251150337,"BPS":2.425057711829,"BASIC_EPS":null,"DILUTED_EPS":null,"OPERATE_INCOME":292737000,"OPERATE_INCOME_YOY":0.4936508536,"GROSS_PROFIT":-113262000,"GROSS_PROFIT_YOY":-347.110374230223,"HOLDER_PROFIT":-482761000,"HOLDER_PROFIT_YOY":9.4358983979,"GROSS_PROFIT_RATIO":-38.690701892825,"EPS_TTM":-1.181988306257,"OPERATE_INCOME_QOQ":0.30562905814,"NET_PROFIT_RATIO":-183.8554743678,"ROE_AVG":-536.905205442888,"GROSS_PROFIT_QOQ":-186.525529793598,"ROA":-8.977492066653,"HOLDER_PROFIT_QOQ":6.155930494124,"ROE_YEARLY":-715.873607257184,"ROIC_YEARLY":-9.854841643295,"TOTAL_ASSETS":5322364000,"TOTAL_LIABILITIES":3242174000,"TAX_EBT":0.630139616636,"OCF_SALES":-26.168881965724,"TOTAL_PARENT_EQUITY":1737162000,"DEBT_ASSET_RATIO":60.9160515891,"OPERATE_PROFIT":-292117000,"PRETAX_PROFIT":-541626000,"NETCASH_OPERATE":-76606000,"NETCASH_INVEST":-104630000,"NETCASH_FINANCE":130785000,"END_CASH":85634000,"DIVI_RATIO":null,"DIVIDEND_RATE":null,"CURRENT_RATIO":0.9452414079,"COMMON_ACS":null,"CURRENTDEBT_DEBT":22.767100100118,"ISSUED_COMMON_SHARES":716338416,"HK_COMMON_SHARES":246551024,"PER_SHARES":200,"TOTAL_MARKET_CAP":9770855994.24,"HKSK_MARKET_CAP":3362955967.36,"PE_TTM":-24.411276727183,"PB_TTM":4.677999017375,"REPORT_DATE_SQ":"2021-09-30 00:00:00","REPORT_TYPE_SQ":"2021年三季报","OPERATE_INCOME_SQ":291299000,"DPS_HKD":null,"OPERATE_INCOME_QOQ_SQ":0,"NET_PROFIT_RATIO_SQ":-209.7384474372,"HOLDER_PROFIT_SQ":-533060000,"HOLDER_PROFIT_QOQ_SQ":0,"ROE_AVG_SQ":null,"PE_TTM_SQ":null,"PB_TTM_SQ":null,"ROA_SQ":null,"START_DATE":"2022-01-01 00:00:00","FISCAL_YEAR":"12-31","CURRENCY":"HKD","IS_CNY_CODE":0,"DPS_HKD_LY":null,"ORG_TYPE":"一般企业","PREMIUM_INCOME":null,"PREMIUM_INCOME_YOY":null,"NET_INTEREST_INCOME":null,"NET_INTEREST_INCOME_YOY":null,"FEE_COMMISSION_INCOME":null,"FEE_COMMISSION_INCOME_YOY":null,"ACCOUNTS_RECE_TDAYS":2.567992315419,"INVENTORY_TDAYS":10.267668146125,"CURRENT_ASSETS_TDAYS":0.373584876766,"TOTAL_ASSETS_TDAYS":0.054437787955,"PREMIUM_EXPENSE":null,"LOAN_DEPOSIT":null,"LOAN_EQUITY":null,"LOAN_ASSETS":null,"DEPOSIT_EQUITY":null,"DEPOSIT_ASSETS":null,"EQUITY_MULTIPLIER":2.558595128329,"EQUITY_RATIO":1.866362492387},{"SECUCODE":"02453.HK","SECURITY_CODE":"02453","SECURITY_NAME_ABBR":"美中嘉和","ORG_CODE":"10492389","STD_REPORT_DATE":"2022-06-30 00:00:00","REPORT_DATE":"2022-06-30 00:00:00","DATE_TYPE_CODE":"002","REPORT_TYPE":"2022年中报","PER_NETCASH_OPERATE":null,"PER_OI":null,"BPS":null,"BASIC_EPS":null,"DILUTED_EPS":null,"OPERATE_INCOME":143810000,"OPERATE_INCOME_YOY":null,"GROSS_PROFIT":-86362000,"GROSS_PROFIT_YOY":null,"HOLDER_PROFIT":-381206000,"HOLDER_PROFIT_YOY":null,"GROSS_PROFIT_RATIO":-60.052847507128,"EPS_TTM":-5.1067625,"OPERATE_INCOME_QOQ":0,"NET_PROFIT_RATIO":-288.6217926431,"ROE_AVG":null,"GROSS_PROFIT_QOQ":0,"ROA":null,"HOLDER_PROFIT_QOQ":0,"ROE_YEARLY":null,"ROIC_YEARLY":null,"TOTAL_ASSETS":null,"TOTAL_LIABILITIES":null,"TAX_EBT":0.749400407938,"OCF_SALES":-91.941450524998,"TOTAL_PARENT_EQUITY":null,"DEBT_ASSET_RATIO":null,"OPERATE_PROFIT":-195644000,"PRETAX_PROFIT":-418201000,"NETCASH_OPERATE":-132221000,"NETCASH_INVEST":-61251000,"NETCASH_FINANCE":123326000,"END_CASH":65939000,"DIVI_RATIO":null,"DIVIDEND_RATE":null,"CURRENT_RATIO":null,"COMMON_ACS":null,"CURRENTDEBT_DEBT":null,"ISSUED_COMMON_SHARES":716338416,"HK_COMMON_SHARES":246551024,"PER_SHARES":200,"TOTAL_MARKET_CAP":9770855994.24,"HKSK_MARKET_CAP":3362955967.36,"PE_TTM":-24.411276727183,"PB_TTM":4.677999017375,"REPORT_DATE_SQ":"2021-06-30 00:00:00","REPORT_TYPE_SQ":"2021年中报","OPERATE_INCOME_SQ":null,"DPS_HKD":null,"OPERATE_INCOME_QOQ_SQ":0,"NET_PROFIT_RATIO_SQ":null,"HOLDER_PROFIT_SQ":null,"HOLDER_PROFIT_QOQ_SQ":0,"ROE_AVG_SQ":null,"PE_TTM_SQ":null,"PB_TTM_SQ":null,"ROA_SQ":null,"START_DATE":"2022-01-01 00:00:00","FISCAL_YEAR":"12-31","CURRENCY":"HKD","IS_CNY_CODE":0,"DPS_HKD_LY":null,"ORG_TYPE":"一般企业","PREMIUM_INCOME":null,"PREMIUM_INCOME_YOY":null,"NET_INTEREST_INCOME":null,"NET_INTEREST_INCOME_YOY":null,"FEE_COMMISSION_INCOME":null,"FEE_COMMISSION_INCOME_YOY":null,"ACCOUNTS_RECE_TDAYS":null,"INVENTORY_TDAYS":null,"CURRENT_ASSETS_TDAYS":0.330807212384,"TOTAL_ASSETS_TDAYS":0.052943780597,"PREMIUM_EXPENSE":null,"LOAN_DEPOSIT":null,"LOAN_EQUITY":null,"LOAN_ASSETS":null,"DEPOSIT_EQUITY":null,"DEPOSIT_ASSETS":null,"EQUITY_MULTIPLIER":null,"EQUITY_RATIO":null},{"SECUCODE":"02453.HK","SECURITY_CODE":"02453","SECURITY_NAME_ABBR":"美中嘉和","ORG_CODE":"10492389","STD_REPORT_DATE":"2021-12-31 00:00:00","REPORT_DATE":"2021-12-31 00:00:00","DATE_TYPE_CODE":"001","REPORT_TYPE":"2021年年报","PER_NETCASH_OPERATE":0.9452125,"PER_OI":2.94065625,"BPS":-2.18344006836,"BASIC_EPS":null,"DILUTED_EPS":null,"OPERATE_INCOME":470505000,"OPERATE_INCOME_YOY":182.8897132653,"GROSS_PROFIT":-47141000,"GROSS_PROFIT_YOY":-741.0252923579,"HOLDER_PROFIT":-816593000,"HOLDER_PROFIT_YOY":-40.0885709828,"GROSS_PROFIT_RATIO":-10.019234652129,"EPS_TTM":-5.1067625,"OPERATE_INCOME_QOQ":182.889713265312,"NET_PROFIT_RATIO":-176.7877068256,"ROE_AVG":72.881389192159,"GROSS_PROFIT_QOQ":-741.0252923579,"ROA":-15.716371998236,"HOLDER_PROFIT_QOQ":-39.739498356473,"ROE_YEARLY":72.881389192159,"ROIC_YEARLY":-17.587961656495,"TOTAL_ASSETS":5446953000,"TOTAL_LIABILITIES":6603903000,"TAX_EBT":0.622237208207,"OCF_SALES":32.142910277255,"TOTAL_PARENT_EQUITY":-1557331000,"DEBT_ASSET_RATIO":121.5616408854,"OPERATE_PROFIT":-400867000,"PRETAX_PROFIT":-836337000,"NETCASH_OPERATE":151234000,"NETCASH_INVEST":-945044000,"NETCASH_FINANCE":505063000,"END_CASH":136085000,"DIVI_RATIO":null,"DIVIDEND_RATE":null,"CURRENT_RATIO":0.202041822671,"COMMON_ACS":null,"CURRENTDEBT_DEBT":65.163161845351,"ISSUED_COMMON_SHARES":716338416,"HK_COMMON_SHARES":246551024,"PER_SHARES":200,"TOTAL_MARKET_CAP":9770855994.24,"HKSK_MARKET_CAP":3362955967.36,"PE_TTM":-24.411276727183,"PB_TTM":4.677999017375,"REPORT_DATE_SQ":"2020-12-31 00:00:00","REPORT_TYPE_SQ":"2020年年报","OPERATE_INCOME_SQ":166321000,"DPS_HKD":null,"OPERATE_INCOME_QOQ_SQ":31.331627738033,"NET_PROFIT_RATIO_SQ":-357.3000402835,"HOLDER_PROFIT_SQ":-583261000,"HOLDER_PROFIT_QOQ_SQ":-108.158775364899,"ROE_AVG_SQ":149.145633792039,"PE_TTM_SQ":null,"PB_TTM_SQ":null,"ROA_SQ":-13.523634408229,"START_DATE":"2021-01-01 00:00:00","FISCAL_YEAR":"12-31","CURRENCY":"HKD","IS_CNY_CODE":0,"DPS_HKD_LY":null,"ORG_TYPE":"一般企业","PREMIUM_INCOME":null,"PREMIUM_INCOME_YOY":null,"NET_INTEREST_INCOME":null,"NET_INTEREST_INCOME_YOY":null,"FEE_COMMISSION_INCOME":null,"FEE_COMMISSION_INCOME_YOY":null,"ACCOUNTS_RECE_TDAYS":4.83523880482,"INVENTORY_TDAYS":17.336637808329,"CURRENT_ASSETS_TDAYS":0.596842161345,"TOTAL_ASSETS_TDAYS":0.090500483514,"PREMIUM_EXPENSE":null,"LOAN_DEPOSIT":null,"LOAN_EQUITY":null,"LOAN_ASSETS":null,"DEPOSIT_EQUITY":null,"DEPOSIT_ASSETS":null,"EQUITY_MULTIPLIER":-4.637865945894,"EQUITY_RATIO":-4.24052625935},{"SECUCODE":"02453.HK","SECURITY_CODE":"02453","SECURITY_NAME_ABBR":"美中嘉和","ORG_CODE":"10492389","STD_REPORT_DATE":"2021-09-30 00:00:00","REPORT_DATE":"2021-09-30 00:00:00","DATE_TYPE_CODE":"004","REPORT_TYPE":"2021年三季报","PER_NETCASH_OPERATE":null,"PER_OI":null,"BPS":null,"BASIC_EPS":null,"DILUTED_EPS":null,"OPERATE_INCOME":291299000,"OPERATE_INCOME_YOY":null,"GROSS_PROFIT":-25332000,"GROSS_PROFIT_YOY":null,"HOLDER_PROFIT":-533060000,"HOLDER_PROFIT_YOY":null,"GROSS_PROFIT_RATIO":-8.696219348504,"EPS_TTM":-3.6544875,"OPERATE_INCOME_QOQ":0,"NET_PROFIT_RATIO":-209.7384474372,"ROE_AVG":null,"GROSS_PROFIT_QOQ":0,"ROA":null,"HOLDER_PROFIT_QOQ":0,"ROE_YEARLY":null,"ROIC_YEARLY":null,"TOTAL_ASSETS":null,"TOTAL_LIABILITIES":null,"TAX_EBT":0.403461783611,"OCF_SALES":-107.509809508443,"TOTAL_PARENT_EQUITY":null,"DEBT_ASSET_RATIO":null,"OPERATE_PROFIT":-291847000,"PRETAX_PROFIT":-613441000,"NETCASH_OPERATE":-313175000,"NETCASH_INVEST":-613240000,"NETCASH_FINANCE":621446000,"END_CASH":119863000,"DIVI_RATIO":null,"DIVIDEND_RATE":null,"CURRENT_RATIO":null,"COMMON_ACS":null,"CURRENTDEBT_DEBT":null,"ISSUED_COMMON_SHARES":716338416,"HK_COMMON_SHARES":246551024,"PER_SHARES":200,"TOTAL_MARKET_CAP":9770855994.24,"HKSK_MARKET_CAP":3362955967.36,"PE_TTM":-24.411276727183,"PB_TTM":4.677999017375,"REPORT_DATE_SQ":"2020-09-30 00:00:00","REPORT_TYPE_SQ":"2020年三季报","OPERATE_INCOME_SQ":null,"DPS_HKD":null,"OPERATE_INCOME_QOQ_SQ":0,"NET_PROFIT_RATIO_SQ":null,"HOLDER_PROFIT_SQ":null,"HOLDER_PROFIT_QOQ_SQ":0,"ROE_AVG_SQ":null,"PE_TTM_SQ":null,"PB_TTM_SQ":null,"ROA_SQ":null,"START_DATE":"2021-01-01 00:00:00","FISCAL_YEAR":"12-31","CURRENCY":"HKD","IS_CNY_CODE":0,"DPS_HKD_LY":null,"ORG_TYPE":"一般企业","PREMIUM_INCOME":null,"PREMIUM_INCOME_YOY":null,"NET_INTEREST_INCOME":null,"NET_INTEREST_INCOME_YOY":null,"FEE_COMMISSION_INCOME":null,"FEE_COMMISSION_INCOME_YOY":null,"ACCOUNTS_RECE_TDAYS":null,"INVENTORY_TDAYS":null,"CURRENT_ASSETS_TDAYS":0.823810554031,"TOTAL_ASSETS_TDAYS":0.117334133555,"PREMIUM_EXPENSE":null,"LOAN_DEPOSIT":null,"LOAN_EQUITY":null,"LOAN_ASSETS":null,"DEPOSIT_EQUITY":null,"DEPOSIT_ASSETS":null,"EQUITY_MULTIPLIER":null,"EQUITY_RATIO":null},{"SECUCODE":"02453.HK","SECURITY_CODE":"02453","SECURITY_NAME_ABBR":"美中嘉和","ORG_CODE":"10492389","STD_REPORT_DATE":"2020-12-31 00:00:00","REPORT_DATE":"2020-12-31 00:00:00","DATE_TYPE_CODE":"001","REPORT_TYPE":"2020年年报","PER_NETCASH_OPERATE":0.3164875,"PER_OI":1.03950625,"BPS":-0.955419931018,"BASIC_EPS":null,"DILUTED_EPS":null,"OPERATE_INCOME":166321000,"OPERATE_INCOME_YOY":31.331627738,"GROSS_PROFIT":7354000,"GROSS_PROFIT_YOY":-77.488673931676,"HOLDER_PROFIT":-583261000,"HOLDER_PROFIT_YOY":-108.1587753649,"GROSS_PROFIT_RATIO":4.421570336879,"EPS_TTM":-3.6544875,"OPERATE_INCOME_QOQ":31.331627738033,"NET_PROFIT_RATIO":-357.3000402835,"ROE_AVG":149.145633792039,"GROSS_PROFIT_QOQ":-77.488673931676,"ROA":-13.523634408229,"HOLDER_PROFIT_QOQ":-108.158775364899,"ROE_YEARLY":149.145633792039,"ROIC_YEARLY":-14.891939346059,"TOTAL_ASSETS":4979026000,"TOTAL_LIABILITIES":5496878000,"TAX_EBT":1.081950924125,"OCF_SALES":30.445944889701,"TOTAL_PARENT_EQUITY":-678142000,"DEBT_ASSET_RATIO":110.7060816186,"OPERATE_PROFIT":-274268000,"PRETAX_PROFIT":-597809000,"NETCASH_OPERATE":50638000,"NETCASH_INVEST":-851510000,"NETCASH_FINANCE":1165697000,"END_CASH":424832000,"DIVI_RATIO":null,"DIVIDEND_RATE":null,"CURRENT_RATIO":0.21351015171,"COMMON_ACS":null,"CURRENTDEBT_DEBT":60.256931298093,"ISSUED_COMMON_SHARES":716338416,"HK_COMMON_SHARES":246551024,"PER_SHARES":200,"TOTAL_MARKET_CAP":9770855994.24,"HKSK_MARKET_CAP":3362955967.36,"PE_TTM":-24.411276727183,"PB_TTM":4.677999017375,"REPORT_DATE_SQ":"2019-12-31 00:00:00","REPORT_TYPE_SQ":"2019年年报","OPERATE_INCOME_SQ":126642000,"DPS_HKD":null,"OPERATE_INCOME_QOQ_SQ":null,"NET_PROFIT_RATIO_SQ":-222.1111479604,"HOLDER_PROFIT_SQ":-280900000,"HOLDER_PROFIT_QOQ_SQ":null,"ROE_AVG_SQ":281.784804285456,"PE_TTM_SQ":null,"PB_TTM_SQ":null,"ROA_SQ":-7.628881658637,"START_DATE":"2020-01-01 00:00:00","FISCAL_YEAR":"12-31","CURRENCY":"HKD","IS_CNY_CODE":0,"DPS_HKD_LY":null,"ORG_TYPE":"一般企业","PREMIUM_INCOME":null,"PREMIUM_INCOME_YOY":null,"NET_INTEREST_INCOME":null,"NET_INTEREST_INCOME_YOY":null,"FEE_COMMISSION_INCOME":null,"FEE_COMMISSION_INCOME_YOY":null,"ACCOUNTS_RECE_TDAYS":3.186775497691,"INVENTORY_TDAYS":12.903689273104,"CURRENT_ASSETS_TDAYS":0.381791115697,"TOTAL_ASSETS_TDAYS":0.038467507387,"PREMIUM_EXPENSE":null,"LOAN_DEPOSIT":null,"LOAN_EQUITY":null,"LOAN_ASSETS":null,"DEPOSIT_EQUITY":null,"DEPOSIT_ASSETS":null,"EQUITY_MULTIPLIER":-9.340485488759,"EQUITY_RATIO":-8.105792002265}],"count":10},"success":true,"message":"ok","code":0}