{"version":"6def764ff4b8ea59c8f69bbbbddf4bc3","result":{"pages":2,"data":[{"SECUCODE":"02459.HK","SECURITY_CODE":"02459","SECURITY_NAME_ABBR":"升能集团","ORG_CODE":"10000134021","STD_REPORT_DATE":"2024-06-30 00:00:00","REPORT_DATE":"2024-06-30 00:00:00","DATE_TYPE_CODE":"002","REPORT_TYPE":"2024年中报","PER_NETCASH_OPERATE":0.038265976634,"PER_OI":0.22651228396,"BPS":0.822270178947,"BASIC_EPS":-0.0997752,"DILUTED_EPS":-0.0997752,"OPERATE_INCOME":228777406.8,"OPERATE_INCOME_YOY":-26.5171111365,"GROSS_PROFIT":-57826855.2,"GROSS_PROFIT_YOY":-250.968324016204,"HOLDER_PROFIT":-102397862.4,"HOLDER_PROFIT_YOY":-240.1515151515,"GROSS_PROFIT_RATIO":-25.276471137971,"EPS_TTM":-0.17969103802,"OPERATE_INCOME_QOQ":-16.968328147167,"NET_PROFIT_RATIO":-44.7587302576,"ROE_AVG":-10.262014191691,"GROSS_PROFIT_QOQ":-1613.86725038704,"ROA":-6.621823720674,"HOLDER_PROFIT_QOQ":-65.573268978549,"ROE_YEARLY":-20.524028383383,"ROIC_YEARLY":-15.042663456002,"TOTAL_ASSETS":1481697354,"TOTAL_LIABILITIES":544309350,"TAX_EBT":13.648656770239,"OCF_SALES":16.893554717922,"TOTAL_PARENT_EQUITY":937388004,"DEBT_ASSET_RATIO":36.7355282461,"OPERATE_PROFIT":-104863735.2,"PRETAX_PROFIT":-118582825.2,"NETCASH_OPERATE":38648636.4,"NETCASH_INVEST":-12771225.6,"NETCASH_FINANCE":-77895924,"END_CASH":158777977.2,"DIVI_RATIO":null,"DIVIDEND_RATE":null,"CURRENT_RATIO":1.426681522865,"COMMON_ACS":5000000000,"CURRENTDEBT_DEBT":83.433060556465,"ISSUED_COMMON_SHARES":1140000000,"HK_COMMON_SHARES":1140000000,"PER_SHARES":2000,"TOTAL_MARKET_CAP":319200000,"HKSK_MARKET_CAP":319200000,"PE_TTM":-1.595639931752,"PB_TTM":0.310786413854,"REPORT_DATE_SQ":"2023-06-30 00:00:00","REPORT_TYPE_SQ":"2023年中报","OPERATE_INCOME_SQ":315659073,"DPS_HKD":null,"OPERATE_INCOME_QOQ_SQ":-10.571248098076,"NET_PROFIT_RATIO_SQ":-9.6692228454,"HOLDER_PROFIT_SQ":-30521779.2,"HOLDER_PROFIT_QOQ_SQ":-142.448073886446,"ROE_AVG_SQ":-2.890962661821,"PE_TTM_SQ":-150.349967302592,"PB_TTM_SQ":3.122608670649,"ROA_SQ":-1.940378382972,"START_DATE":"2024-01-01 00:00:00","FISCAL_YEAR":"12-31","CURRENCY":"HKD","IS_CNY_CODE":0,"DPS_HKD_LY":null,"ORG_TYPE":"一般企业","PREMIUM_INCOME":null,"PREMIUM_INCOME_YOY":null,"NET_INTEREST_INCOME":null,"NET_INTEREST_INCOME_YOY":null,"FEE_COMMISSION_INCOME":null,"FEE_COMMISSION_INCOME_YOY":null,"ACCOUNTS_RECE_TDAYS":2.349569990851,"INVENTORY_TDAYS":0.79564339981,"CURRENT_ASSETS_TDAYS":0.323717900235,"TOTAL_ASSETS_TDAYS":0.147944851933,"PREMIUM_EXPENSE":null,"LOAN_DEPOSIT":null,"LOAN_EQUITY":null,"LOAN_ASSETS":null,"DEPOSIT_EQUITY":null,"DEPOSIT_ASSETS":null,"EQUITY_MULTIPLIER":1.580666007756,"EQUITY_RATIO":0.580666007755},{"SECUCODE":"02459.HK","SECURITY_CODE":"02459","SECURITY_NAME_ABBR":"升能集团","ORG_CODE":"10000134021","STD_REPORT_DATE":"2023-12-31 00:00:00","REPORT_DATE":"2023-12-31 00:00:00","DATE_TYPE_CODE":"001","REPORT_TYPE":"2023年年报","PER_NETCASH_OPERATE":-0.042699564653,"PER_OI":0.506953018218,"BPS":0.922571378158,"BASIC_EPS":-0.1133232,"DILUTED_EPS":-0.1133232,"OPERATE_INCOME":512022548.4,"OPERATE_INCOME_YOY":-37.4209018274,"GROSS_PROFIT":5956550.7,"GROSS_PROFIT_YOY":-96.714073339101,"HOLDER_PROFIT":-109611865.2,"HOLDER_PROFIT_YOY":-306.4567769477,"GROSS_PROFIT_RATIO":1.163337575389,"EPS_TTM":-0.108526599208,"OPERATE_INCOME_QOQ":-28.836909754075,"NET_PROFIT_RATIO":-21.4076246334,"ROE_AVG":-10.998898404463,"GROSS_PROFIT_QOQ":-94.825895268204,"ROA":-7.166390757227,"HOLDER_PROFIT_QOQ":-394.622448488099,"ROE_YEARLY":-10.998898404463,"ROIC_YEARLY":-7.923549725702,"TOTAL_ASSETS":1601072665.8,"TOTAL_LIABILITIES":549341294.7,"TAX_EBT":30.681716384485,"OCF_SALES":-8.422785370442,"TOTAL_PARENT_EQUITY":1051731371.1,"DEBT_ASSET_RATIO":34.3108283861,"OPERATE_PROFIT":-130378341.6,"PRETAX_PROFIT":-158128360.2,"NETCASH_OPERATE":-43126560.3,"NETCASH_INVEST":-106445898.3,"NETCASH_FINANCE":272287318.8,"END_CASH":209789574,"DIVI_RATIO":null,"DIVIDEND_RATE":null,"CURRENT_RATIO":1.716705822186,"COMMON_ACS":5000000000,"CURRENTDEBT_DEBT":80.673276517838,"ISSUED_COMMON_SHARES":1140000000,"HK_COMMON_SHARES":1140000000,"PER_SHARES":2000,"TOTAL_MARKET_CAP":258780000,"HKSK_MARKET_CAP":258780000,"PE_TTM":-1.293608087528,"PB_TTM":0.251958985517,"REPORT_DATE_SQ":"2022-12-31 00:00:00","REPORT_TYPE_SQ":"2022年年报","OPERATE_INCOME_SQ":804557556.6,"DPS_HKD":null,"OPERATE_INCOME_QOQ_SQ":-2.332192472374,"NET_PROFIT_RATIO_SQ":6.4888634967,"HOLDER_PROFIT_SQ":52206641.6,"HOLDER_PROFIT_QOQ_SQ":-24.759861689958,"ROE_AVG_SQ":5.595992624279,"PE_TTM_SQ":-230.233751807437,"PB_TTM_SQ":4.781709783967,"ROA_SQ":3.496994478798,"START_DATE":"2023-01-01 00:00:00","FISCAL_YEAR":"12-31","CURRENCY":"HKD","IS_CNY_CODE":0,"DPS_HKD_LY":null,"ORG_TYPE":"一般企业","PREMIUM_INCOME":null,"PREMIUM_INCOME_YOY":null,"NET_INTEREST_INCOME":null,"NET_INTEREST_INCOME_YOY":null,"FEE_COMMISSION_INCOME":null,"FEE_COMMISSION_INCOME_YOY":null,"ACCOUNTS_RECE_TDAYS":4.252970937757,"INVENTORY_TDAYS":1.235866434891,"CURRENT_ASSETS_TDAYS":0.701081316976,"TOTAL_ASSETS_TDAYS":0.334758801125,"PREMIUM_EXPENSE":null,"LOAN_DEPOSIT":null,"LOAN_EQUITY":null,"LOAN_ASSETS":null,"DEPOSIT_EQUITY":null,"DEPOSIT_ASSETS":null,"EQUITY_MULTIPLIER":1.522320917483,"EQUITY_RATIO":0.522320917484},{"SECUCODE":"02459.HK","SECURITY_CODE":"02459","SECURITY_NAME_ABBR":"升能集团","ORG_CODE":"10000134021","STD_REPORT_DATE":"2023-06-30 00:00:00","REPORT_DATE":"2023-06-30 00:00:00","DATE_TYPE_CODE":"002","REPORT_TYPE":"2023年中报","PER_NETCASH_OPERATE":-0.0342936468,"PER_OI":0.315659073,"BPS":1.009735827368,"BASIC_EPS":-0.0289032,"DILUTED_EPS":-0.0289032,"OPERATE_INCOME":315659073,"OPERATE_INCOME_YOY":-26.8331490972,"GROSS_PROFIT":38303965.8,"GROSS_PROFIT_YOY":-63.330127895024,"HOLDER_PROFIT":-30521779.2,"HOLDER_PROFIT_YOY":-164.6563600184,"GROSS_PROFIT_RATIO":12.134599977109,"EPS_TTM":-0.0221607138,"OPERATE_INCOME_QOQ":-10.571248098076,"NET_PROFIT_RATIO":-9.6692228454,"ROE_AVG":-2.890962661821,"GROSS_PROFIT_QOQ":-36.492845985389,"ROA":-1.940378382972,"HOLDER_PROFIT_QOQ":-142.448073886446,"ROE_YEARLY":-5.781925323642,"ROIC_YEARLY":-4.273324852105,"TOTAL_ASSETS":1658523422.4,"TOTAL_LIABILITIES":507424579.2,"TAX_EBT":53.392916252896,"OCF_SALES":-10.8641410095,"TOTAL_PARENT_EQUITY":1151098843.2,"DEBT_ASSET_RATIO":30.594960092,"OPERATE_PROFIT":-49988084.4,"PRETAX_PROFIT":-65487425.4,"NETCASH_OPERATE":-34293646.8,"NETCASH_INVEST":-72106258.2,"NETCASH_FINANCE":222742510.8,"END_CASH":204808075.2,"DIVI_RATIO":null,"DIVIDEND_RATE":null,"CURRENT_RATIO":2.234198560061,"COMMON_ACS":5000000000,"CURRENTDEBT_DEBT":75.159489633174,"ISSUED_COMMON_SHARES":1140000000,"HK_COMMON_SHARES":1140000000,"PER_SHARES":2000,"TOTAL_MARKET_CAP":258780000,"HKSK_MARKET_CAP":258780000,"PE_TTM":-1.293608087528,"PB_TTM":0.251958985517,"REPORT_DATE_SQ":"2022-06-30 00:00:00","REPORT_TYPE_SQ":"2022年中报","OPERATE_INCOME_SQ":400710848.4,"DPS_HKD":null,"OPERATE_INCOME_QOQ_SQ":18.8699922705,"NET_PROFIT_RATIO_SQ":10.9419488829,"HOLDER_PROFIT_SQ":43845576.2,"HOLDER_PROFIT_QOQ_SQ":148.017130519309,"ROE_AVG_SQ":4.895649893214,"PE_TTM_SQ":-230.233751807437,"PB_TTM_SQ":4.781709783967,"ROA_SQ":2.958926941725,"START_DATE":"2023-01-01 00:00:00","FISCAL_YEAR":"12-31","CURRENCY":"HKD","IS_CNY_CODE":0,"DPS_HKD_LY":null,"ORG_TYPE":"一般企业","PREMIUM_INCOME":null,"PREMIUM_INCOME_YOY":null,"NET_INTEREST_INCOME":null,"NET_INTEREST_INCOME_YOY":null,"FEE_COMMISSION_INCOME":null,"FEE_COMMISSION_INCOME_YOY":null,"ACCOUNTS_RECE_TDAYS":2.133317055305,"INVENTORY_TDAYS":0.624683662758,"CURRENT_ASSETS_TDAYS":0.40311901631,"TOTAL_ASSETS_TDAYS":0.200675733097,"PREMIUM_EXPENSE":null,"LOAN_DEPOSIT":null,"LOAN_EQUITY":null,"LOAN_ASSETS":null,"DEPOSIT_EQUITY":null,"DEPOSIT_ASSETS":null,"EQUITY_MULTIPLIER":1.44081755637,"EQUITY_RATIO":0.44081755637},{"SECUCODE":"02459.HK","SECURITY_CODE":"02459","SECURITY_NAME_ABBR":"升能集团","ORG_CODE":"10000134021","STD_REPORT_DATE":"2022-12-31 00:00:00","REPORT_DATE":"2022-12-31 00:00:00","DATE_TYPE_CODE":"001","REPORT_TYPE":"2022年年报","PER_NETCASH_OPERATE":2.703531090909,"PER_OI":73.141596054546,"BPS":0.812029594912,"BASIC_EPS":0.0626814,"DILUTED_EPS":0.0626814,"OPERATE_INCOME":804557556.6,"OPERATE_INCOME_YOY":6.2809354702,"GROSS_PROFIT":181274608.8,"GROSS_PROFIT_YOY":24.538374050273,"HOLDER_PROFIT":52206641.6,"HOLDER_PROFIT_YOY":70.8295350957,"GROSS_PROFIT_RATIO":22.530968395357,"EPS_TTM":4.746058327273,"OPERATE_INCOME_QOQ":-2.332192472374,"NET_PROFIT_RATIO":6.4888634967,"ROE_AVG":5.595992624279,"GROSS_PROFIT_QOQ":-10.879455568742,"ROA":3.496994478798,"HOLDER_PROFIT_QOQ":-24.759861689958,"ROE_YEARLY":5.595992624279,"ROIC_YEARLY":3.729603729604,"TOTAL_ASSETS":1433669874.6,"TOTAL_LIABILITIES":507956136.4,"TAX_EBT":18.415324336091,"OCF_SALES":3.696297642853,"TOTAL_PARENT_EQUITY":925713738.2,"DEBT_ASSET_RATIO":35.4304812704,"OPERATE_PROFIT":82279784.4,"PRETAX_PROFIT":63990744.8,"NETCASH_OPERATE":37622769.2,"NETCASH_INVEST":-41522945.2,"NETCASH_FINANCE":-17098093,"END_CASH":81151519.2,"DIVI_RATIO":null,"DIVIDEND_RATE":null,"CURRENT_RATIO":2.170639017639,"COMMON_ACS":5000000000,"CURRENTDEBT_DEBT":62.416705514575,"ISSUED_COMMON_SHARES":1140000000,"HK_COMMON_SHARES":1140000000,"PER_SHARES":2000,"TOTAL_MARKET_CAP":263340000,"HKSK_MARKET_CAP":263340000,"PE_TTM":-1.316402943696,"PB_TTM":0.25639879143,"REPORT_DATE_SQ":"2021-12-31 00:00:00","REPORT_TYPE_SQ":"2021年年报","OPERATE_INCOME_SQ":693000335.8,"DPS_HKD":null,"OPERATE_INCOME_QOQ_SQ":37.981337702999,"NET_PROFIT_RATIO_SQ":4.0370213627,"HOLDER_PROFIT_SQ":27976571.6,"HOLDER_PROFIT_QOQ_SQ":77.760415244319,"ROE_AVG_SQ":3.2721971372,"PE_TTM_SQ":-230.233751807437,"PB_TTM_SQ":4.781709783967,"ROA_SQ":2.029470802076,"START_DATE":"2022-01-01 00:00:00","FISCAL_YEAR":"12-31","CURRENCY":"HKD","IS_CNY_CODE":0,"DPS_HKD_LY":null,"ORG_TYPE":"一般企业","PREMIUM_INCOME":null,"PREMIUM_INCOME_YOY":null,"NET_INTEREST_INCOME":null,"NET_INTEREST_INCOME_YOY":null,"FEE_COMMISSION_INCOME":null,"FEE_COMMISSION_INCOME_YOY":null,"ACCOUNTS_RECE_TDAYS":5.386222170416,"INVENTORY_TDAYS":1.4980791282,"CURRENT_ASSETS_TDAYS":1.123526551255,"TOTAL_ASSETS_TDAYS":0.538922490909,"PREMIUM_EXPENSE":null,"LOAN_DEPOSIT":null,"LOAN_EQUITY":null,"LOAN_ASSETS":null,"DEPOSIT_EQUITY":null,"DEPOSIT_ASSETS":null,"EQUITY_MULTIPLIER":1.548718373119,"EQUITY_RATIO":0.54871837312},{"SECUCODE":"02459.HK","SECURITY_CODE":"02459","SECURITY_NAME_ABBR":"升能集团","ORG_CODE":"10000134021","STD_REPORT_DATE":"2022-06-30 00:00:00","REPORT_DATE":"2022-06-30 00:00:00","DATE_TYPE_CODE":"002","REPORT_TYPE":"2022年中报","PER_NETCASH_OPERATE":0.760828709091,"PER_OI":36.428258945455,"BPS":0.776526641579,"BASIC_EPS":0.0536912,"DILUTED_EPS":null,"OPERATE_INCOME":400710848.4,"OPERATE_INCOME_YOY":42.8851768535,"GROSS_PROFIT":104456229.6,"GROSS_PROFIT_YOY":124.108727422298,"HOLDER_PROFIT":43845576.2,"HOLDER_PROFIT_YOY":1632.8912466844,"GROSS_PROFIT_RATIO":26.067731886243,"EPS_TTM":6.307880918182,"OPERATE_INCOME_QOQ":18.8699922705,"NET_PROFIT_RATIO":10.9419488829,"ROE_AVG":4.895649893214,"GROSS_PROFIT_QOQ":39.741487044364,"ROA":2.958926941725,"HOLDER_PROFIT_QOQ":148.017130519309,"ROE_YEARLY":9.791299786429,"ROIC_YEARLY":6.34465880342,"TOTAL_ASSETS":1467910696.6,"TOTAL_LIABILITIES":582670325.2,"TAX_EBT":17.616645649433,"OCF_SALES":2.088567313168,"TOTAL_PARENT_EQUITY":885240371.4,"DEBT_ASSET_RATIO":39.6938537576,"OPERATE_PROFIT":59711325.8,"PRETAX_PROFIT":53221402,"NETCASH_OPERATE":8369115.8,"NETCASH_INVEST":-38087195,"NETCASH_FINANCE":29650965.2,"END_CASH":98113956.6,"DIVI_RATIO":null,"DIVIDEND_RATE":null,"CURRENT_RATIO":2.014801614722,"COMMON_ACS":5000000000,"CURRENTDEBT_DEBT":63.344007003156,"ISSUED_COMMON_SHARES":1140000000,"HK_COMMON_SHARES":1140000000,"PER_SHARES":2000,"TOTAL_MARKET_CAP":263340000,"HKSK_MARKET_CAP":263340000,"PE_TTM":-1.316402943696,"PB_TTM":0.25639879143,"REPORT_DATE_SQ":"2021-06-30 00:00:00","REPORT_TYPE_SQ":"2021年中报","OPERATE_INCOME_SQ":269941738.6,"DPS_HKD":null,"OPERATE_INCOME_QOQ_SQ":-29.083153282185,"NET_PROFIT_RATIO_SQ":0.9022160532,"HOLDER_PROFIT_SQ":2435457.7,"HOLDER_PROFIT_QOQ_SQ":-42.378262134154,"ROE_AVG_SQ":0.281807003315,"PE_TTM_SQ":-230.233751807437,"PB_TTM_SQ":4.781709783967,"ROA_SQ":0.178519847903,"START_DATE":"2022-01-01 00:00:00","FISCAL_YEAR":"12-31","CURRENCY":"HKD","IS_CNY_CODE":0,"DPS_HKD_LY":null,"ORG_TYPE":"一般企业","PREMIUM_INCOME":null,"PREMIUM_INCOME_YOY":null,"NET_INTEREST_INCOME":null,"NET_INTEREST_INCOME_YOY":null,"FEE_COMMISSION_INCOME":null,"FEE_COMMISSION_INCOME_YOY":null,"ACCOUNTS_RECE_TDAYS":2.513936842105,"INVENTORY_TDAYS":0.713527144,"CURRENT_ASSETS_TDAYS":0.548697777859,"TOTAL_ASSETS_TDAYS":0.270420468365,"PREMIUM_EXPENSE":null,"LOAN_DEPOSIT":null,"LOAN_EQUITY":null,"LOAN_ASSETS":null,"DEPOSIT_EQUITY":null,"DEPOSIT_ASSETS":null,"EQUITY_MULTIPLIER":1.658205775545,"EQUITY_RATIO":0.658205775544},{"SECUCODE":"02459.HK","SECURITY_CODE":"02459","SECURITY_NAME_ABBR":"升能集团","ORG_CODE":"10000134021","STD_REPORT_DATE":"2021-12-31 00:00:00","REPORT_DATE":"2021-12-31 00:00:00","DATE_TYPE_CODE":"001","REPORT_TYPE":"2021年年报","PER_NETCASH_OPERATE":3.638206263636,"PER_OI":63.000030527273,"BPS":0.754955585351,"BASIC_EPS":0.0318785,"DILUTED_EPS":0.0318785,"OPERATE_INCOME":693000335.8,"OPERATE_INCOME_YOY":0.1418831767,"GROSS_PROFIT":145557231,"GROSS_PROFIT_YOY":35.085161037262,"HOLDER_PROFIT":27976571.6,"HOLDER_PROFIT_YOY":4.8256091734,"GROSS_PROFIT_RATIO":21.003919259573,"EPS_TTM":2.543324690909,"OPERATE_INCOME_QOQ":37.981337702999,"NET_PROFIT_RATIO":4.0370213627,"ROE_AVG":3.2721971372,"GROSS_PROFIT_QOQ":62.39073297757,"ROA":2.029470802076,"HOLDER_PROFIT_QOQ":77.760415244319,"ROE_YEARLY":3.2721971372,"ROIC_YEARLY":2.168798560724,"TOTAL_ASSETS":1420888502,"TOTAL_LIABILITIES":560239134.7,"TAX_EBT":28.696782580436,"OCF_SALES":5.774927778902,"TOTAL_PARENT_EQUITY":860649367.3,"DEBT_ASSET_RATIO":39.4287893745,"OPERATE_PROFIT":51910949.4,"PRETAX_PROFIT":39236057.8,"NETCASH_OPERATE":40020268.9,"NETCASH_INVEST":-99894467.6,"NETCASH_FINANCE":78950293.1,"END_CASH":96183810.2,"DIVI_RATIO":null,"DIVIDEND_RATE":null,"CURRENT_RATIO":1.745722549965,"COMMON_ACS":5000000000,"CURRENTDEBT_DEBT":69.63958530118,"ISSUED_COMMON_SHARES":1140000000,"HK_COMMON_SHARES":1140000000,"PER_SHARES":2000,"TOTAL_MARKET_CAP":263340000,"HKSK_MARKET_CAP":263340000,"PE_TTM":-1.316402943696,"PB_TTM":0.25639879143,"REPORT_DATE_SQ":"2020-12-31 00:00:00","REPORT_TYPE_SQ":"2020年年报","OPERATE_INCOME_SQ":708212646,"DPS_HKD":null,"OPERATE_INCOME_QOQ_SQ":-20.255867773029,"NET_PROFIT_RATIO_SQ":3.8566427124,"HOLDER_PROFIT_SQ":27313231.4,"HOLDER_PROFIT_QOQ_SQ":138.849081785772,"ROE_AVG_SQ":3.437741241397,"PE_TTM_SQ":-230.233751807437,"PB_TTM_SQ":4.781709783967,"ROA_SQ":1.974500360844,"START_DATE":"2021-01-01 00:00:00","FISCAL_YEAR":"12-31","CURRENCY":"HKD","IS_CNY_CODE":0,"DPS_HKD_LY":null,"ORG_TYPE":"一般企业","PREMIUM_INCOME":null,"PREMIUM_INCOME_YOY":null,"NET_INTEREST_INCOME":null,"NET_INTEREST_INCOME_YOY":null,"FEE_COMMISSION_INCOME":null,"FEE_COMMISSION_INCOME_YOY":null,"ACCOUNTS_RECE_TDAYS":5.59326918129,"INVENTORY_TDAYS":1.492093281896,"CURRENT_ASSETS_TDAYS":1.071225127381,"TOTAL_ASSETS_TDAYS":0.502714902828,"PREMIUM_EXPENSE":null,"LOAN_DEPOSIT":null,"LOAN_EQUITY":null,"LOAN_ASSETS":null,"DEPOSIT_EQUITY":null,"DEPOSIT_ASSETS":null,"EQUITY_MULTIPLIER":1.650949336613,"EQUITY_RATIO":0.650949336613},{"SECUCODE":"02459.HK","SECURITY_CODE":"02459","SECURITY_NAME_ABBR":"升能集团","ORG_CODE":"10000134021","STD_REPORT_DATE":"2021-06-30 00:00:00","REPORT_DATE":"2021-06-30 00:00:00","DATE_TYPE_CODE":"002","REPORT_TYPE":"2021年中报","PER_NETCASH_OPERATE":4.07955315,"PER_OI":26.99417386,"BPS":0.761322785,"BASIC_EPS":null,"DILUTED_EPS":null,"OPERATE_INCOME":269941738.6,"OPERATE_INCOME_YOY":-37.840652148,"GROSS_PROFIT":46609621.5,"GROSS_PROFIT_YOY":-27.991416093054,"HOLDER_PROFIT":2435457.7,"HOLDER_PROFIT_YOY":-80.9499747347,"GROSS_PROFIT_RATIO":17.266548604796,"EPS_TTM":1.57383586,"OPERATE_INCOME_QOQ":-29.083153282185,"NET_PROFIT_RATIO":0.9022160532,"ROE_AVG":0.281807003315,"GROSS_PROFIT_QOQ":-16.814735323647,"ROA":0.178519847903,"HOLDER_PROFIT_QOQ":-42.378262134154,"ROE_YEARLY":0.56361400663,"ROIC_YEARLY":0.380779233896,"TOTAL_ASSETS":1374670519.4,"TOTAL_LIABILITIES":506762544.5,"TAX_EBT":4.556962025316,"OCF_SALES":15.112717178002,"TOTAL_PARENT_EQUITY":867907974.9,"DEBT_ASSET_RATIO":36.8642912864,"OPERATE_PROFIT":8320608.8,"PRETAX_PROFIT":2551739.5,"NETCASH_OPERATE":40795531.5,"NETCASH_INVEST":-41493222.3,"NETCASH_FINANCE":8604853.2,"END_CASH":88102843.8,"DIVI_RATIO":null,"DIVIDEND_RATE":null,"CURRENT_RATIO":1.876718516773,"COMMON_ACS":5000000000,"CURRENTDEBT_DEBT":64.906622474345,"ISSUED_COMMON_SHARES":1140000000,"HK_COMMON_SHARES":1140000000,"PER_SHARES":2000,"TOTAL_MARKET_CAP":263340000,"HKSK_MARKET_CAP":263340000,"PE_TTM":-1.316402943696,"PB_TTM":0.25639879143,"REPORT_DATE_SQ":"2020-06-30 00:00:00","REPORT_TYPE_SQ":"2020年中报","OPERATE_INCOME_SQ":475912308,"DPS_HKD":null,"OPERATE_INCOME_QOQ_SQ":-15.60475509374,"NET_PROFIT_RATIO_SQ":null,"HOLDER_PROFIT_SQ":14010330.5,"HOLDER_PROFIT_QOQ_SQ":-295.196163566624,"ROE_AVG_SQ":null,"PE_TTM_SQ":-230.233751807437,"PB_TTM_SQ":4.781709783967,"ROA_SQ":null,"START_DATE":"2021-01-01 00:00:00","FISCAL_YEAR":"12-31","CURRENCY":"HKD","IS_CNY_CODE":0,"DPS_HKD_LY":null,"ORG_TYPE":"一般企业","PREMIUM_INCOME":null,"PREMIUM_INCOME_YOY":null,"NET_INTEREST_INCOME":null,"NET_INTEREST_INCOME_YOY":null,"FEE_COMMISSION_INCOME":null,"FEE_COMMISSION_INCOME_YOY":null,"ACCOUNTS_RECE_TDAYS":2.553298096606,"INVENTORY_TDAYS":0.629049720238,"CURRENT_ASSETS_TDAYS":0.436036167648,"TOTAL_ASSETS_TDAYS":0.197868179429,"PREMIUM_EXPENSE":null,"LOAN_DEPOSIT":null,"LOAN_EQUITY":null,"LOAN_ASSETS":null,"DEPOSIT_EQUITY":null,"DEPOSIT_ASSETS":null,"EQUITY_MULTIPLIER":1.583889720057,"EQUITY_RATIO":0.583889720057},{"SECUCODE":"02459.HK","SECURITY_CODE":"02459","SECURITY_NAME_ABBR":"升能集团","ORG_CODE":"10000134021","STD_REPORT_DATE":"2020-12-31 00:00:00","REPORT_DATE":"2020-12-31 00:00:00","DATE_TYPE_CODE":"001","REPORT_TYPE":"2020年年报","PER_NETCASH_OPERATE":14.35217004,"PER_OI":70.8212646,"BPS":0.762440288596,"BASIC_EPS":null,"DILUTED_EPS":null,"OPERATE_INCOME":708212646,"OPERATE_INCOME_YOY":-28.0448675453,"GROSS_PROFIT":107752198.6,"GROSS_PROFIT_YOY":-54.920215501021,"HOLDER_PROFIT":27313231.4,"HOLDER_PROFIT_YOY":-18.9231067209,"GROSS_PROFIT_RATIO":15.214667403722,"EPS_TTM":2.73132314,"OPERATE_INCOME_QOQ":-20.255867773029,"NET_PROFIT_RATIO":3.8566427124,"ROE_AVG":3.437741241397,"GROSS_PROFIT_QOQ":16.108229695895,"ROA":1.974500360844,"HOLDER_PROFIT_QOQ":138.849081785772,"ROE_YEARLY":3.437741241397,"ROIC_YEARLY":2.130437106046,"TOTAL_ASSETS":1367410243.2,"TOTAL_LIABILITIES":498228314.2,"TAX_EBT":-30.56768558952,"OCF_SALES":20.265339966833,"TOTAL_PARENT_EQUITY":869181929,"DEBT_ASSET_RATIO":36.4359062452,"OPERATE_PROFIT":33890330.6,"PRETAX_PROFIT":20918829.4,"NETCASH_OPERATE":143521700.4,"NETCASH_INVEST":-280009558.6,"NETCASH_FINANCE":106903961.6,"END_CASH":82827080.6,"DIVI_RATIO":null,"DIVIDEND_RATE":null,"CURRENT_RATIO":1.973794463156,"COMMON_ACS":5000000000,"CURRENTDEBT_DEBT":63.768040022002,"ISSUED_COMMON_SHARES":1140000000,"HK_COMMON_SHARES":1140000000,"PER_SHARES":2000,"TOTAL_MARKET_CAP":263340000,"HKSK_MARKET_CAP":263340000,"PE_TTM":-1.316402943696,"PB_TTM":0.25639879143,"REPORT_DATE_SQ":"2019-12-31 00:00:00","REPORT_TYPE_SQ":"2019年年报","OPERATE_INCOME_SQ":1052317912.8,"DPS_HKD":null,"OPERATE_INCOME_QOQ_SQ":-8.906546748017,"NET_PROFIT_RATIO_SQ":3.4227413752,"HOLDER_PROFIT_SQ":36018120.6,"HOLDER_PROFIT_QOQ_SQ":-92.712720995171,"ROE_AVG_SQ":4.769625164553,"PE_TTM_SQ":-230.233751807437,"PB_TTM_SQ":4.781709783967,"ROA_SQ":2.423579556123,"START_DATE":"2020-01-01 00:00:00","FISCAL_YEAR":"12-31","CURRENCY":"HKD","IS_CNY_CODE":0,"DPS_HKD_LY":null,"ORG_TYPE":"一般企业","PREMIUM_INCOME":null,"PREMIUM_INCOME_YOY":null,"NET_INTEREST_INCOME":null,"NET_INTEREST_INCOME_YOY":null,"FEE_COMMISSION_INCOME":null,"FEE_COMMISSION_INCOME_YOY":null,"ACCOUNTS_RECE_TDAYS":7.18522441414,"INVENTORY_TDAYS":1.255487796559,"CURRENT_ASSETS_TDAYS":0.904914752595,"TOTAL_ASSETS_TDAYS":0.511973887162,"PREMIUM_EXPENSE":null,"LOAN_DEPOSIT":null,"LOAN_EQUITY":null,"LOAN_ASSETS":null,"DEPOSIT_EQUITY":null,"DEPOSIT_ASSETS":null,"EQUITY_MULTIPLIER":1.573215224082,"EQUITY_RATIO":0.573215224082},{"SECUCODE":"02459.HK","SECURITY_CODE":"02459","SECURITY_NAME_ABBR":"升能集团","ORG_CODE":"10000134021","STD_REPORT_DATE":"2020-06-30 00:00:00","REPORT_DATE":"2020-06-30 00:00:00","DATE_TYPE_CODE":"002","REPORT_TYPE":"2020年中报","PER_NETCASH_OPERATE":7.2904691,"PER_OI":47.5912308,"BPS":0.729200920175,"BASIC_EPS":null,"DILUTED_EPS":null,"OPERATE_INCOME":475912308,"OPERATE_INCOME_YOY":-27.8038512345,"GROSS_PROFIT":64727868.5,"GROSS_PROFIT_YOY":-69.316038639163,"HOLDER_PROFIT":14010330.5,"HOLDER_PROFIT_YOY":null,"GROSS_PROFIT_RATIO":13.600797334285,"EPS_TTM":-7.03059896,"OPERATE_INCOME_QOQ":-15.60475509374,"NET_PROFIT_RATIO":null,"ROE_AVG":null,"GROSS_PROFIT_QOQ":-61.174341718025,"ROA":null,"HOLDER_PROFIT_QOQ":-295.196163566624,"ROE_YEARLY":null,"ROIC_YEARLY":null,"TOTAL_ASSETS":1264915503.5,"TOTAL_LIABILITIES":433626454.5,"TAX_EBT":-12.892184826013,"OCF_SALES":15.31893371415,"TOTAL_PARENT_EQUITY":831289049,"DEBT_ASSET_RATIO":34.2810609325,"OPERATE_PROFIT":null,"PRETAX_PROFIT":12410363.5,"NETCASH_OPERATE":72904691,"NETCASH_INVEST":-89378687.5,"NETCASH_FINANCE":30356896,"END_CASH":147699608.5,"DIVI_RATIO":null,"DIVIDEND_RATE":null,"CURRENT_RATIO":3.039058617161,"COMMON_ACS":5000000000,"CURRENTDEBT_DEBT":55.843986220633,"ISSUED_COMMON_SHARES":1140000000,"HK_COMMON_SHARES":1140000000,"PER_SHARES":2000,"TOTAL_MARKET_CAP":258780000,"HKSK_MARKET_CAP":258780000,"PE_TTM":-1.293608087528,"PB_TTM":0.251958985517,"REPORT_DATE_SQ":"2019-06-30 00:00:00","REPORT_TYPE_SQ":"2019年中报","OPERATE_INCOME_SQ":640123941.1,"DPS_HKD":null,"OPERATE_INCOME_QOQ_SQ":0,"NET_PROFIT_RATIO_SQ":16.6099255743,"HOLDER_PROFIT_SQ":106324110.2,"HOLDER_PROFIT_QOQ_SQ":0,"ROE_AVG_SQ":null,"PE_TTM_SQ":-230.233751807437,"PB_TTM_SQ":4.781709783967,"ROA_SQ":null,"START_DATE":"2020-01-01 00:00:00","FISCAL_YEAR":"12-31","CURRENCY":"HKD","IS_CNY_CODE":0,"DPS_HKD_LY":null,"ORG_TYPE":"一般企业","PREMIUM_INCOME":null,"PREMIUM_INCOME_YOY":null,"NET_INTEREST_INCOME":null,"NET_INTEREST_INCOME_YOY":null,"FEE_COMMISSION_INCOME":null,"FEE_COMMISSION_INCOME_YOY":null,"ACCOUNTS_RECE_TDAYS":5.586172511218,"INVENTORY_TDAYS":0.763184347632,"CURRENT_ASSETS_TDAYS":0.542713324426,"TOTAL_ASSETS_TDAYS":0.342010271908,"PREMIUM_EXPENSE":null,"LOAN_DEPOSIT":null,"LOAN_EQUITY":null,"LOAN_ASSETS":null,"DEPOSIT_EQUITY":null,"DEPOSIT_ASSETS":null,"EQUITY_MULTIPLIER":1.521631380831,"EQUITY_RATIO":0.521631380832}],"count":13},"success":true,"message":"ok","code":0}