{"version":"a922f2f9e926b0493a5a1a38f630b6bf","result":{"pages":2,"data":[{"SECUCODE":"02458.HK","SECURITY_CODE":"02458","SECURITY_NAME_ABBR":"望尘科技控股","ORG_CODE":"10000226231","STD_REPORT_DATE":"2024-06-30 00:00:00","REPORT_DATE":"2024-06-30 00:00:00","DATE_TYPE_CODE":"002","REPORT_TYPE":"2024年中报","PER_NETCASH_OPERATE":0.344963768116,"PER_OI":2.285355072464,"BPS":2.208735119652,"BASIC_EPS":0.19,"DILUTED_EPS":null,"OPERATE_INCOME":315379000,"OPERATE_INCOME_YOY":-11.0101890807,"GROSS_PROFIT":171403000,"GROSS_PROFIT_YOY":-13.940492448586,"HOLDER_PROFIT":25546000,"HOLDER_PROFIT_YOY":-35.0189504744,"GROSS_PROFIT_RATIO":54.348260347075,"EPS_TTM":0.437942028986,"OPERATE_INCOME_QOQ":-6.158138859561,"NET_PROFIT_RATIO":8.097875889,"ROE_AVG":8.018695431767,"GROSS_PROFIT_QOQ":-8.055858595237,"ROA":4.84596247253,"HOLDER_PROFIT_QOQ":-18.553158228104,"ROE_YEARLY":16.037390863534,"ROIC_YEARLY":22.89145020554,"TOTAL_ASSETS":526903000,"TOTAL_LIABILITIES":223017000,"TAX_EBT":0.195396459416,"OCF_SALES":15.094537049074,"TOTAL_PARENT_EQUITY":304733000,"DEBT_ASSET_RATIO":42.3260068741,"OPERATE_PROFIT":27401000,"PRETAX_PROFIT":25589000,"NETCASH_OPERATE":47605000,"NETCASH_INVEST":-8086000,"NETCASH_FINANCE":-31323000,"END_CASH":309212000,"DIVI_RATIO":0.427924893242,"DIVIDEND_RATE":4.971153846154,"CURRENT_RATIO":2.265428825069,"COMMON_ACS":10000000000,"CURRENTDEBT_DEBT":77.785101584184,"ISSUED_COMMON_SHARES":137967200,"HK_COMMON_SHARES":137967200,"PER_SHARES":400,"TOTAL_MARKET_CAP":573943552,"HKSK_MARKET_CAP":573943552,"PE_TTM":8.536733034223,"PB_TTM":1.718969724445,"REPORT_DATE_SQ":"2023-06-30 00:00:00","REPORT_TYPE_SQ":"2023年中报","OPERATE_INCOME_SQ":354399000,"DPS_HKD":0.2068,"OPERATE_INCOME_QOQ_SQ":9.347124721345,"NET_PROFIT_RATIO_SQ":11.1035866354,"HOLDER_PROFIT_SQ":39313000,"HOLDER_PROFIT_QOQ_SQ":140.029574861368,"ROE_AVG_SQ":18.584631384877,"PE_TTM_SQ":18.694337290444,"PB_TTM_SQ":1.953618697928,"ROA_SQ":9.120530996651,"START_DATE":"2024-01-01 00:00:00","FISCAL_YEAR":"12-31","CURRENCY":"HKD","IS_CNY_CODE":0,"DPS_HKD_LY":0.2068,"ORG_TYPE":"一般企业","PREMIUM_INCOME":null,"PREMIUM_INCOME_YOY":null,"NET_INTEREST_INCOME":null,"NET_INTEREST_INCOME_YOY":null,"FEE_COMMISSION_INCOME":null,"FEE_COMMISSION_INCOME_YOY":null,"ACCOUNTS_RECE_TDAYS":8.385509173092,"INVENTORY_TDAYS":null,"CURRENT_ASSETS_TDAYS":0.777544383877,"TOTAL_ASSETS_TDAYS":0.598259922737,"PREMIUM_EXPENSE":null,"LOAN_DEPOSIT":null,"LOAN_EQUITY":null,"LOAN_ASSETS":null,"DEPOSIT_EQUITY":null,"DEPOSIT_ASSETS":null,"EQUITY_MULTIPLIER":1.73388375904,"EQUITY_RATIO":0.731843942074},{"SECUCODE":"02458.HK","SECURITY_CODE":"02458","SECURITY_NAME_ABBR":"望尘科技控股","ORG_CODE":"10000226231","STD_REPORT_DATE":"2023-12-31 00:00:00","REPORT_DATE":"2023-12-31 00:00:00","DATE_TYPE_CODE":"001","REPORT_TYPE":"2023年年报","PER_NETCASH_OPERATE":0.712057971014,"PER_OI":4.591543478261,"BPS":2.409471236642,"BASIC_EPS":0.54,"DILUTED_EPS":0.54,"OPERATE_INCOME":633633000,"OPERATE_INCOME_YOY":-0.6667335543,"GROSS_PROFIT":344656000,"GROSS_PROFIT_YOY":3.480412173036,"HOLDER_PROFIT":74203000,"HOLDER_PROFIT_YOY":448.6358595194,"GROSS_PROFIT_RATIO":54.393631644817,"EPS_TTM":0.537702898551,"OPERATE_INCOME_QOQ":-9.157861536035,"NET_PROFIT_RATIO":11.7157723793,"ROE_AVG":32.551314502297,"GROSS_PROFIT_QOQ":-10.097634903369,"ROA":16.532208653883,"HOLDER_PROFIT_QOQ":128.570108427797,"ROE_YEARLY":32.551314502297,"ROIC_YEARLY":40.502383921968,"TOTAL_ASSETS":527418000,"TOTAL_LIABILITIES":195830000,"TAX_EBT":-2.032822035296,"OCF_SALES":15.508030673908,"TOTAL_PARENT_EQUITY":332428000,"DEBT_ASSET_RATIO":37.1299424745,"OPERATE_PROFIT":77349000,"PRETAX_PROFIT":72756000,"NETCASH_OPERATE":98264000,"NETCASH_INVEST":-95061000,"NETCASH_FINANCE":61972000,"END_CASH":300411000,"DIVI_RATIO":0.348531310702,"DIVIDEND_RATE":5.043902439024,"CURRENT_RATIO":2.794239480471,"COMMON_ACS":10000000000,"CURRENTDEBT_DEBT":76.430577541745,"ISSUED_COMMON_SHARES":137967200,"HK_COMMON_SHARES":137967200,"PER_SHARES":400,"TOTAL_MARKET_CAP":565665520,"HKSK_MARKET_CAP":565665520,"PE_TTM":8.413607076999,"PB_TTM":1.694176891881,"REPORT_DATE_SQ":"2022-12-31 00:00:00","REPORT_TYPE_SQ":"2022年年报","OPERATE_INCOME_SQ":637886000,"DPS_HKD":0.2068,"OPERATE_INCOME_QOQ_SQ":11.197380990566,"NET_PROFIT_RATIO_SQ":2.1115058177,"HOLDER_PROFIT_SQ":13525000,"HOLDER_PROFIT_QOQ_SQ":-74.459928997658,"ROE_AVG_SQ":11.625508213067,"PE_TTM_SQ":17.881540016946,"PB_TTM_SQ":1.86867875454,"ROA_SQ":4.082267114584,"START_DATE":"2023-01-01 00:00:00","FISCAL_YEAR":"12-31","CURRENCY":"HKD","IS_CNY_CODE":0,"DPS_HKD_LY":null,"ORG_TYPE":"一般企业","PREMIUM_INCOME":null,"PREMIUM_INCOME_YOY":null,"NET_INTEREST_INCOME":null,"NET_INTEREST_INCOME_YOY":null,"FEE_COMMISSION_INCOME":null,"FEE_COMMISSION_INCOME_YOY":null,"ACCOUNTS_RECE_TDAYS":16.588554074927,"INVENTORY_TDAYS":null,"CURRENT_ASSETS_TDAYS":1.755395982414,"TOTAL_ASSETS_TDAYS":1.411715559477,"PREMIUM_EXPENSE":null,"LOAN_DEPOSIT":null,"LOAN_EQUITY":null,"LOAN_ASSETS":null,"DEPOSIT_EQUITY":null,"DEPOSIT_ASSETS":null,"EQUITY_MULTIPLIER":1.590582288865,"EQUITY_RATIO":0.589089968354},{"SECUCODE":"02458.HK","SECURITY_CODE":"02458","SECURITY_NAME_ABBR":"望尘科技控股","ORG_CODE":"10000226231","STD_REPORT_DATE":"2023-06-30 00:00:00","REPORT_DATE":"2023-06-30 00:00:00","DATE_TYPE_CODE":"002","REPORT_TYPE":"2023年中报","PER_NETCASH_OPERATE":0.290282608696,"PER_OI":2.568108695652,"BPS":2.171414655077,"BASIC_EPS":0.29,"DILUTED_EPS":0.29,"OPERATE_INCOME":354399000,"OPERATE_INCOME_YOY":20.2269527606,"GROSS_PROFIT":199168000,"GROSS_PROFIT_YOY":33.791018708226,"HOLDER_PROFIT":39313000,"HOLDER_PROFIT_YOY":92.9567095318,"GROSS_PROFIT_RATIO":56.198804172698,"EPS_TTM":0.235246376812,"OPERATE_INCOME_QOQ":9.347124721345,"NET_PROFIT_RATIO":11.1035866354,"ROE_AVG":18.584631384877,"GROSS_PROFIT_QOQ":15.103103307472,"ROA":9.120530996651,"HOLDER_PROFIT_QOQ":140.029574861368,"ROE_YEARLY":37.169262769754,"ROIC_YEARLY":45.473394426435,"TOTAL_ASSETS":491817000,"TOTAL_LIABILITIES":193067000,"TAX_EBT":9.162049861496,"OCF_SALES":11.303361465467,"TOTAL_PARENT_EQUITY":299584000,"DEBT_ASSET_RATIO":39.2558614281,"OPERATE_PROFIT":45703000,"PRETAX_PROFIT":43320000,"NETCASH_OPERATE":40059000,"NETCASH_INVEST":-54065000,"NETCASH_FINANCE":64059000,"END_CASH":285406000,"DIVI_RATIO":0.796638394776,"DIVIDEND_RATE":5.043902439024,"CURRENT_RATIO":2.72013675318,"COMMON_ACS":10000000000,"CURRENTDEBT_DEBT":67.872293038168,"ISSUED_COMMON_SHARES":137967200,"HK_COMMON_SHARES":137967200,"PER_SHARES":400,"TOTAL_MARKET_CAP":565665520,"HKSK_MARKET_CAP":565665520,"PE_TTM":8.413607076999,"PB_TTM":1.694176891881,"REPORT_DATE_SQ":"2022-06-30 00:00:00","REPORT_TYPE_SQ":"2022年中报","OPERATE_INCOME_SQ":294775000,"DPS_HKD":0.2068,"OPERATE_INCOME_QOQ_SQ":24.74736382002,"NET_PROFIT_RATIO_SQ":6.8954287168,"HOLDER_PROFIT_SQ":20374000,"HOLDER_PROFIT_QOQ_SQ":32.436352723453,"ROE_AVG_SQ":17.218313578838,"PE_TTM_SQ":17.881540016946,"PB_TTM_SQ":1.86867875454,"ROA_SQ":6.632560880131,"START_DATE":"2023-01-01 00:00:00","FISCAL_YEAR":"12-31","CURRENCY":"HKD","IS_CNY_CODE":0,"DPS_HKD_LY":null,"ORG_TYPE":"一般企业","PREMIUM_INCOME":null,"PREMIUM_INCOME_YOY":null,"NET_INTEREST_INCOME":null,"NET_INTEREST_INCOME_YOY":null,"FEE_COMMISSION_INCOME":null,"FEE_COMMISSION_INCOME_YOY":null,"ACCOUNTS_RECE_TDAYS":9.310241557316,"INVENTORY_TDAYS":null,"CURRENT_ASSETS_TDAYS":1.073700474896,"TOTAL_ASSETS_TDAYS":0.822198017114,"PREMIUM_EXPENSE":null,"LOAN_DEPOSIT":null,"LOAN_EQUITY":null,"LOAN_ASSETS":null,"DEPOSIT_EQUITY":null,"DEPOSIT_ASSETS":null,"EQUITY_MULTIPLIER":1.646249372384,"EQUITY_RATIO":0.644450304422},{"SECUCODE":"02458.HK","SECURITY_CODE":"02458","SECURITY_NAME_ABBR":"望尘科技控股","ORG_CODE":"10000226231","STD_REPORT_DATE":"2022-12-31 00:00:00","REPORT_DATE":"2022-12-31 00:00:00","DATE_TYPE_CODE":"001","REPORT_TYPE":"2022年年报","PER_NETCASH_OPERATE":74.182,"PER_OI":637.886,"BPS":0.895038820821,"BASIC_EPS":0.12,"DILUTED_EPS":0.12,"OPERATE_INCOME":637886000,"OPERATE_INCOME_YOY":38.7158014226,"GROSS_PROFIT":333064000,"GROSS_PROFIT_YOY":50.349167370117,"HOLDER_PROFIT":13525000,"HOLDER_PROFIT_YOY":-66.1756614815,"GROSS_PROFIT_RATIO":52.213718438718,"EPS_TTM":13.525,"OPERATE_INCOME_QOQ":11.197380990566,"NET_PROFIT_RATIO":2.1115058177,"ROE_AVG":11.625508213067,"GROSS_PROFIT_QOQ":15.747697654214,"ROA":4.082267114584,"HOLDER_PROFIT_QOQ":-74.459928997658,"ROE_YEARLY":11.625508213067,"ROIC_YEARLY":11.071817415293,"TOTAL_ASSETS":370260000,"TOTAL_LIABILITIES":247646000,"TAX_EBT":39.386166239143,"OCF_SALES":11.629350699028,"TOTAL_PARENT_EQUITY":123486000,"DEBT_ASSET_RATIO":66.8843515368,"OPERATE_PROFIT":22898000,"PRETAX_PROFIT":22221000,"NETCASH_OPERATE":74182000,"NETCASH_INVEST":-24341000,"NETCASH_FINANCE":-9365000,"END_CASH":232566000,"DIVI_RATIO":0.013856288059,"DIVIDEND_RATE":5.043902439024,"CURRENT_RATIO":1.334233949267,"COMMON_ACS":10000000000,"CURRENTDEBT_DEBT":91.914264716571,"ISSUED_COMMON_SHARES":137967200,"HK_COMMON_SHARES":137967200,"PER_SHARES":400,"TOTAL_MARKET_CAP":565665520,"HKSK_MARKET_CAP":565665520,"PE_TTM":8.413607076999,"PB_TTM":1.694176891881,"REPORT_DATE_SQ":"2021-12-31 00:00:00","REPORT_TYPE_SQ":"2021年年报","OPERATE_INCOME_SQ":459851000,"DPS_HKD":0.2068,"OPERATE_INCOME_QOQ_SQ":13.614992155555,"NET_PROFIT_RATIO_SQ":8.5658180585,"HOLDER_PROFIT_SQ":39986000,"HOLDER_PROFIT_QOQ_SQ":-3.643549086703,"ROE_AVG_SQ":30.9170899925,"PE_TTM_SQ":17.881540016946,"PB_TTM_SQ":1.86867875454,"ROA_SQ":14.671150272337,"START_DATE":"2022-01-01 00:00:00","FISCAL_YEAR":"12-31","CURRENCY":"HKD","IS_CNY_CODE":0,"DPS_HKD_LY":null,"ORG_TYPE":"一般企业","PREMIUM_INCOME":null,"PREMIUM_INCOME_YOY":null,"NET_INTEREST_INCOME":null,"NET_INTEREST_INCOME_YOY":null,"FEE_COMMISSION_INCOME":null,"FEE_COMMISSION_INCOME_YOY":null,"ACCOUNTS_RECE_TDAYS":16.226860508007,"INVENTORY_TDAYS":null,"CURRENT_ASSETS_TDAYS":2.281586665713,"TOTAL_ASSETS_TDAYS":1.925339031907,"PREMIUM_EXPENSE":null,"LOAN_DEPOSIT":null,"LOAN_EQUITY":null,"LOAN_ASSETS":null,"DEPOSIT_EQUITY":null,"DEPOSIT_ASSETS":null,"EQUITY_MULTIPLIER":3.019720423447,"EQUITY_RATIO":2.005458108612},{"SECUCODE":"02458.HK","SECURITY_CODE":"02458","SECURITY_NAME_ABBR":"望尘科技控股","ORG_CODE":"10000226231","STD_REPORT_DATE":"2022-06-30 00:00:00","REPORT_DATE":"2022-06-30 00:00:00","DATE_TYPE_CODE":"002","REPORT_TYPE":"2022年中报","PER_NETCASH_OPERATE":12.6514670625,"PER_OI":315.1107903125,"BPS":0.923864512725,"BASIC_EPS":0.18,"DILUTED_EPS":0.18,"OPERATE_INCOME":294775000,"OPERATE_INCOME_YOY":62.8825135102,"GROSS_PROFIT":148865000,"GROSS_PROFIT_YOY":80.132378209627,"HOLDER_PROFIT":20374000,"HOLDER_PROFIT_YOY":175.1755807672,"GROSS_PROFIT_RATIO":50.501229751505,"EPS_TTM":56.60930205,"OPERATE_INCOME_QOQ":24.74736382002,"NET_PROFIT_RATIO":6.8954287168,"ROE_AVG":17.218313578838,"GROSS_PROFIT_QOQ":29.893872981623,"ROA":6.632560880131,"HOLDER_PROFIT_QOQ":32.436352723453,"ROE_YEARLY":34.436627157677,"ROIC_YEARLY":33.939696818258,"TOTAL_ASSETS":322001000,"TOTAL_LIABILITIES":195402000,"TAX_EBT":14.872052602923,"OCF_SALES":4.014926638962,"TOTAL_PARENT_EQUITY":127463000,"DEBT_ASSET_RATIO":60.6836624731,"OPERATE_PROFIT":23307000,"PRETAX_PROFIT":23877000,"NETCASH_OPERATE":11835000,"NETCASH_INVEST":-8854000,"NETCASH_FINANCE":-4265000,"END_CASH":188493000,"DIVI_RATIO":0.003310521226,"DIVIDEND_RATE":5.043902439024,"CURRENT_RATIO":1.483143543306,"COMMON_ACS":10000000000,"CURRENTDEBT_DEBT":95.680187510875,"ISSUED_COMMON_SHARES":137967200,"HK_COMMON_SHARES":137967200,"PER_SHARES":400,"TOTAL_MARKET_CAP":565665520,"HKSK_MARKET_CAP":565665520,"PE_TTM":8.413607076999,"PB_TTM":1.694176891881,"REPORT_DATE_SQ":"2021-06-30 00:00:00","REPORT_TYPE_SQ":"2021年中报","OPERATE_INCOME_SQ":180974000,"DPS_HKD":0.2068,"OPERATE_INCOME_QOQ_SQ":0,"NET_PROFIT_RATIO_SQ":3.8839833346,"HOLDER_PROFIT_SQ":7404000,"HOLDER_PROFIT_QOQ_SQ":0,"ROE_AVG_SQ":null,"PE_TTM_SQ":17.881540016946,"PB_TTM_SQ":1.86867875454,"ROA_SQ":null,"START_DATE":"2022-01-01 00:00:00","FISCAL_YEAR":"12-31","CURRENCY":"HKD","IS_CNY_CODE":0,"DPS_HKD_LY":null,"ORG_TYPE":"一般企业","PREMIUM_INCOME":null,"PREMIUM_INCOME_YOY":null,"NET_INTEREST_INCOME":null,"NET_INTEREST_INCOME_YOY":null,"FEE_COMMISSION_INCOME":null,"FEE_COMMISSION_INCOME_YOY":null,"ACCOUNTS_RECE_TDAYS":6.71094719348,"INVENTORY_TDAYS":null,"CURRENT_ASSETS_TDAYS":1.106618689101,"TOTAL_ASSETS_TDAYS":0.959611825582,"PREMIUM_EXPENSE":null,"LOAN_DEPOSIT":null,"LOAN_EQUITY":null,"LOAN_ASSETS":null,"DEPOSIT_EQUITY":null,"DEPOSIT_ASSETS":null,"EQUITY_MULTIPLIER":2.543471907361,"EQUITY_RATIO":1.53300957925},{"SECUCODE":"02458.HK","SECURITY_CODE":"02458","SECURITY_NAME_ABBR":"望尘科技控股","ORG_CODE":"10000226231","STD_REPORT_DATE":"2021-12-31 00:00:00","REPORT_DATE":"2021-12-31 00:00:00","DATE_TYPE_CODE":"001","REPORT_TYPE":"2021年年报","PER_NETCASH_OPERATE":69.323282,"PER_OI":469.967722,"BPS":0.791434485878,"BASIC_EPS":0.35,"DILUTED_EPS":0.35,"OPERATE_INCOME":459851000,"OPERATE_INCOME_YOY":13.6149921556,"GROSS_PROFIT":221527000,"GROSS_PROFIT_YOY":22.803798415664,"HOLDER_PROFIT":39986000,"HOLDER_PROFIT_YOY":-3.6435490867,"GROSS_PROFIT_RATIO":48.173647551055,"EPS_TTM":40.865692,"OPERATE_INCOME_QOQ":13.614992155555,"NET_PROFIT_RATIO":8.5658180585,"ROE_AVG":30.9170899925,"GROSS_PROFIT_QOQ":22.803798415664,"ROA":14.671150272337,"HOLDER_PROFIT_QOQ":-3.643549086703,"ROE_YEARLY":30.9170899925,"ROIC_YEARLY":40.784561718447,"TOTAL_ASSETS":292362000,"TOTAL_LIABILITIES":185049000,"TAX_EBT":5.598427838758,"OCF_SALES":14.75064749234,"TOTAL_PARENT_EQUITY":109192000,"DEBT_ASSET_RATIO":63.2944773945,"OPERATE_PROFIT":40985000,"PRETAX_PROFIT":41726000,"NETCASH_OPERATE":67831000,"NETCASH_INVEST":-18484000,"NETCASH_FINANCE":-23326000,"END_CASH":188410000,"DIVI_RATIO":0.004585907807,"DIVIDEND_RATE":5.043902439024,"CURRENT_RATIO":1.443980939784,"COMMON_ACS":10000000000,"CURRENTDEBT_DEBT":95.603326686445,"ISSUED_COMMON_SHARES":137967200,"HK_COMMON_SHARES":137967200,"PER_SHARES":400,"TOTAL_MARKET_CAP":565665520,"HKSK_MARKET_CAP":565665520,"PE_TTM":8.413607076999,"PB_TTM":1.694176891881,"REPORT_DATE_SQ":"2020-12-31 00:00:00","REPORT_TYPE_SQ":"2020年年报","OPERATE_INCOME_SQ":404745000,"DPS_HKD":0.2068,"OPERATE_INCOME_QOQ_SQ":6.897234767451,"NET_PROFIT_RATIO_SQ":10.0621378893,"HOLDER_PROFIT_SQ":41498000,"HOLDER_PROFIT_QOQ_SQ":-11.000064340404,"ROE_AVG_SQ":29.913858352856,"PE_TTM_SQ":17.881540016946,"PB_TTM_SQ":1.86867875454,"ROA_SQ":16.956334313307,"START_DATE":"2021-01-01 00:00:00","FISCAL_YEAR":"12-31","CURRENCY":"HKD","IS_CNY_CODE":0,"DPS_HKD_LY":null,"ORG_TYPE":"一般企业","PREMIUM_INCOME":null,"PREMIUM_INCOME_YOY":null,"NET_INTEREST_INCOME":null,"NET_INTEREST_INCOME_YOY":null,"FEE_COMMISSION_INCOME":null,"FEE_COMMISSION_INCOME_YOY":null,"ACCOUNTS_RECE_TDAYS":16.447039467802,"INVENTORY_TDAYS":null,"CURRENT_ASSETS_TDAYS":1.96915981698,"TOTAL_ASSETS_TDAYS":1.68722631018,"PREMIUM_EXPENSE":null,"LOAN_DEPOSIT":null,"LOAN_EQUITY":null,"LOAN_ASSETS":null,"DEPOSIT_EQUITY":null,"DEPOSIT_ASSETS":null,"EQUITY_MULTIPLIER":2.72438567555,"EQUITY_RATIO":1.694712066818},{"SECUCODE":"02458.HK","SECURITY_CODE":"02458","SECURITY_NAME_ABBR":"望尘科技控股","ORG_CODE":"10000226231","STD_REPORT_DATE":"2021-06-30 00:00:00","REPORT_DATE":"2021-06-30 00:00:00","DATE_TYPE_CODE":"002","REPORT_TYPE":"2021年中报","PER_NETCASH_OPERATE":null,"PER_OI":null,"BPS":null,"BASIC_EPS":7.4,"DILUTED_EPS":7.4,"OPERATE_INCOME":180974000,"OPERATE_INCOME_YOY":null,"GROSS_PROFIT":82642000,"GROSS_PROFIT_YOY":null,"HOLDER_PROFIT":7404000,"HOLDER_PROFIT_YOY":null,"GROSS_PROFIT_RATIO":45.665123166864,"EPS_TTM":0.029653911292,"OPERATE_INCOME_QOQ":0,"NET_PROFIT_RATIO":3.8839833346,"ROE_AVG":null,"GROSS_PROFIT_QOQ":0,"ROA":null,"HOLDER_PROFIT_QOQ":0,"ROE_YEARLY":null,"ROIC_YEARLY":null,"TOTAL_ASSETS":null,"TOTAL_LIABILITIES":null,"TAX_EBT":-35.931154515568,"OCF_SALES":1.265927702322,"TOTAL_PARENT_EQUITY":null,"DEBT_ASSET_RATIO":null,"OPERATE_PROFIT":4988000,"PRETAX_PROFIT":5171000,"NETCASH_OPERATE":2291000,"NETCASH_INVEST":-20805000,"NETCASH_FINANCE":-19741000,"END_CASH":124776000,"DIVI_RATIO":6.319783388879,"DIVIDEND_RATE":5.043902439024,"CURRENT_RATIO":null,"COMMON_ACS":10000000000,"CURRENTDEBT_DEBT":null,"ISSUED_COMMON_SHARES":137967200,"HK_COMMON_SHARES":137967200,"PER_SHARES":400,"TOTAL_MARKET_CAP":565665520,"HKSK_MARKET_CAP":565665520,"PE_TTM":8.413607076999,"PB_TTM":1.694176891881,"REPORT_DATE_SQ":"2020-06-30 00:00:00","REPORT_TYPE_SQ":"2020年中报","OPERATE_INCOME_SQ":null,"DPS_HKD":0.2068,"OPERATE_INCOME_QOQ_SQ":0,"NET_PROFIT_RATIO_SQ":null,"HOLDER_PROFIT_SQ":null,"HOLDER_PROFIT_QOQ_SQ":0,"ROE_AVG_SQ":null,"PE_TTM_SQ":17.881540016946,"PB_TTM_SQ":1.86867875454,"ROA_SQ":null,"START_DATE":"2021-01-01 00:00:00","FISCAL_YEAR":"12-31","CURRENCY":"HKD","IS_CNY_CODE":0,"DPS_HKD_LY":null,"ORG_TYPE":"一般企业","PREMIUM_INCOME":null,"PREMIUM_INCOME_YOY":null,"NET_INTEREST_INCOME":null,"NET_INTEREST_INCOME_YOY":null,"FEE_COMMISSION_INCOME":null,"FEE_COMMISSION_INCOME_YOY":null,"ACCOUNTS_RECE_TDAYS":null,"INVENTORY_TDAYS":null,"CURRENT_ASSETS_TDAYS":1.710577804664,"TOTAL_ASSETS_TDAYS":1.432124557343,"PREMIUM_EXPENSE":null,"LOAN_DEPOSIT":null,"LOAN_EQUITY":null,"LOAN_ASSETS":null,"DEPOSIT_EQUITY":null,"DEPOSIT_ASSETS":null,"EQUITY_MULTIPLIER":null,"EQUITY_RATIO":null},{"SECUCODE":"02458.HK","SECURITY_CODE":"02458","SECURITY_NAME_ABBR":"望尘科技控股","ORG_CODE":"10000226231","STD_REPORT_DATE":"2020-12-31 00:00:00","REPORT_DATE":"2020-12-31 00:00:00","DATE_TYPE_CODE":"001","REPORT_TYPE":"2020年年报","PER_NETCASH_OPERATE":0.055534091187,"PER_OI":0.289225319918,"BPS":1.083402431882,"BASIC_EPS":41.5,"DILUTED_EPS":41.5,"OPERATE_INCOME":404745000,"OPERATE_INCOME_YOY":6.8972347675,"GROSS_PROFIT":180391000,"GROSS_PROFIT_YOY":5.429541615771,"HOLDER_PROFIT":41498000,"HOLDER_PROFIT_YOY":-11.0000643404,"GROSS_PROFIT_RATIO":44.569049648544,"EPS_TTM":0.029653911292,"OPERATE_INCOME_QOQ":6.897234767451,"NET_PROFIT_RATIO":10.0621378893,"ROE_AVG":29.913858352856,"GROSS_PROFIT_QOQ":5.429541615771,"ROA":16.956334313307,"HOLDER_PROFIT_QOQ":-11.000064340404,"ROE_YEARLY":29.913858352856,"ROIC_YEARLY":45.456088944875,"TOTAL_ASSETS":252735000,"TOTAL_LIABILITIES":104670000,"TAX_EBT":9.077513841757,"OCF_SALES":19.200978393804,"TOTAL_PARENT_EQUITY":149474000,"DEBT_ASSET_RATIO":41.4149207668,"OPERATE_PROFIT":44391000,"PRETAX_PROFIT":44792000,"NETCASH_OPERATE":77715000,"NETCASH_INVEST":-30179000,"NETCASH_FINANCE":-23174000,"END_CASH":163723000,"DIVI_RATIO":6.319783388879,"DIVIDEND_RATE":5.043902439024,"CURRENT_RATIO":2.054749558158,"COMMON_ACS":10000000000,"CURRENTDEBT_DEBT":98.383490971625,"ISSUED_COMMON_SHARES":137967200,"HK_COMMON_SHARES":137967200,"PER_SHARES":400,"TOTAL_MARKET_CAP":565665520,"HKSK_MARKET_CAP":565665520,"PE_TTM":8.413607076999,"PB_TTM":1.694176891881,"REPORT_DATE_SQ":"2019-12-31 00:00:00","REPORT_TYPE_SQ":"2019年年报","OPERATE_INCOME_SQ":378630000,"DPS_HKD":0.2068,"OPERATE_INCOME_QOQ_SQ":11.027050802727,"NET_PROFIT_RATIO_SQ":12.0645485038,"HOLDER_PROFIT_SQ":46627000,"HOLDER_PROFIT_QOQ_SQ":26.903815796636,"ROE_AVG_SQ":44.549862653768,"PE_TTM_SQ":17.881540016946,"PB_TTM_SQ":1.86867875454,"ROA_SQ":23.05528085443,"START_DATE":"2020-01-01 00:00:00","FISCAL_YEAR":"12-31","CURRENCY":"HKD","IS_CNY_CODE":0,"DPS_HKD_LY":null,"ORG_TYPE":"一般企业","PREMIUM_INCOME":null,"PREMIUM_INCOME_YOY":null,"NET_INTEREST_INCOME":null,"NET_INTEREST_INCOME_YOY":null,"FEE_COMMISSION_INCOME":null,"FEE_COMMISSION_INCOME_YOY":null,"ACCOUNTS_RECE_TDAYS":16.965816444156,"INVENTORY_TDAYS":null,"CURRENT_ASSETS_TDAYS":2.007320175863,"TOTAL_ASSETS_TDAYS":1.653812601002,"PREMIUM_EXPENSE":null,"LOAN_DEPOSIT":null,"LOAN_EQUITY":null,"LOAN_ASSETS":null,"DEPOSIT_EQUITY":null,"DEPOSIT_ASSETS":null,"EQUITY_MULTIPLIER":1.706919258433,"EQUITY_RATIO":0.70025556284},{"SECUCODE":"02458.HK","SECURITY_CODE":"02458","SECURITY_NAME_ABBR":"望尘科技控股","ORG_CODE":"10000226231","STD_REPORT_DATE":"2019-12-31 00:00:00","REPORT_DATE":"2019-12-31 00:00:00","DATE_TYPE_CODE":"001","REPORT_TYPE":"2019年年报","PER_NETCASH_OPERATE":0.068931252114,"PER_OI":0.287968399898,"BPS":0.927582787793,"BASIC_EPS":46.6,"DILUTED_EPS":46.6,"OPERATE_INCOME":378630000,"OPERATE_INCOME_YOY":11.0270508027,"GROSS_PROFIT":171101000,"GROSS_PROFIT_YOY":11.282308102553,"HOLDER_PROFIT":46627000,"HOLDER_PROFIT_YOY":26.9038157966,"GROSS_PROFIT_RATIO":45.189498983176,"EPS_TTM":0.035462331516,"OPERATE_INCOME_QOQ":11.027050802727,"NET_PROFIT_RATIO":12.0645485038,"ROE_AVG":44.549862653768,"GROSS_PROFIT_QOQ":11.282308102553,"ROA":23.05528085443,"HOLDER_PROFIT_QOQ":26.903815796636,"ROE_YEARLY":44.549862653768,"ROIC_YEARLY":48.940413338511,"TOTAL_ASSETS":236734000,"TOTAL_LIABILITIES":109395000,"TAX_EBT":9.601836460065,"OCF_SALES":23.937088978686,"TOTAL_PARENT_EQUITY":127976000,"DEBT_ASSET_RATIO":46.2100923399,"OPERATE_PROFIT":49008000,"PRETAX_PROFIT":50532000,"NETCASH_OPERATE":90633000,"NETCASH_INVEST":-4348000,"NETCASH_FINANCE":-12012000,"END_CASH":145032000,"DIVI_RATIO":5.2846580579,"DIVIDEND_RATE":5.043902439024,"CURRENT_RATIO":1.935876459419,"COMMON_ACS":10000000000,"CURRENTDEBT_DEBT":90.508706979295,"ISSUED_COMMON_SHARES":137967200,"HK_COMMON_SHARES":137967200,"PER_SHARES":400,"TOTAL_MARKET_CAP":565665520,"HKSK_MARKET_CAP":565665520,"PE_TTM":8.413607076999,"PB_TTM":1.694176891881,"REPORT_DATE_SQ":"2018-12-31 00:00:00","REPORT_TYPE_SQ":"2018年年报","OPERATE_INCOME_SQ":341025000,"DPS_HKD":0.2068,"OPERATE_INCOME_QOQ_SQ":null,"NET_PROFIT_RATIO_SQ":10.2980719889,"HOLDER_PROFIT_SQ":36742000,"HOLDER_PROFIT_QOQ_SQ":null,"ROE_AVG_SQ":45.165890176892,"PE_TTM_SQ":17.881540016946,"PB_TTM_SQ":1.86867875454,"ROA_SQ":21.903353880271,"START_DATE":"2019-01-01 00:00:00","FISCAL_YEAR":"12-31","CURRENCY":"HKD","IS_CNY_CODE":0,"DPS_HKD_LY":null,"ORG_TYPE":"一般企业","PREMIUM_INCOME":null,"PREMIUM_INCOME_YOY":null,"NET_INTEREST_INCOME":null,"NET_INTEREST_INCOME_YOY":null,"FEE_COMMISSION_INCOME":null,"FEE_COMMISSION_INCOME_YOY":null,"ACCOUNTS_RECE_TDAYS":10.977805482669,"INVENTORY_TDAYS":null,"CURRENT_ASSETS_TDAYS":2.306392025121,"TOTAL_ASSETS_TDAYS":1.872181566456,"PREMIUM_EXPENSE":null,"LOAN_DEPOSIT":null,"LOAN_EQUITY":null,"LOAN_ASSETS":null,"DEPOSIT_EQUITY":null,"DEPOSIT_ASSETS":null,"EQUITY_MULTIPLIER":1.859084805126,"EQUITY_RATIO":0.854808714134}],"count":10},"success":true,"message":"ok","code":0}