{"version":"4a8411d65d888b9b8ebbe33c1fc53099","result":{"pages":1,"data":[{"SECUCODE":"02451.HK","SECURITY_CODE":"02451","SECURITY_NAME_ABBR":"绿源集团控股","ORG_CODE":"10000460639","STD_REPORT_DATE":"2024-06-30 00:00:00","REPORT_DATE":"2024-06-30 00:00:00","DATE_TYPE_CODE":"002","REPORT_TYPE":"2024年中报","PER_NETCASH_OPERATE":0.102231951381,"PER_OI":5.938832860287,"BPS":3.809383913987,"BASIC_EPS":0.162,"DILUTED_EPS":0.159,"OPERATE_INCOME":2533904000,"OPERATE_INCOME_YOY":3.2177961718,"GROSS_PROFIT":302942000,"GROSS_PROFIT_YOY":2.538569330021,"HOLDER_PROFIT":65988000,"HOLDER_PROFIT_YOY":9.6073350608,"GROSS_PROFIT_RATIO":11.955543698577,"EPS_TTM":0.354822379045,"OPERATE_INCOME_QOQ":1.554087738261,"NET_PROFIT_RATIO":2.6042028427,"ROE_AVG":4.270985029417,"GROSS_PROFIT_QOQ":1.100935207761,"ROA":1.563621650857,"HOLDER_PROFIT_QOQ":3.972336494811,"ROE_YEARLY":8.541970058834,"ROIC_YEARLY":4.551830461767,"TOTAL_ASSETS":4577924000,"TOTAL_LIABILITIES":3015429000,"TAX_EBT":1.073398896618,"OCF_SALES":1.721414860231,"TOTAL_PARENT_EQUITY":1562495000,"DEBT_ASSET_RATIO":65.8689178763,"OPERATE_PROFIT":54362000,"PRETAX_PROFIT":66704000,"NETCASH_OPERATE":43619000,"NETCASH_INVEST":-138546000,"NETCASH_FINANCE":254221000,"END_CASH":1160155000,"DIVI_RATIO":null,"DIVIDEND_RATE":null,"CURRENT_RATIO":1.279734111767,"COMMON_ACS":1000000000,"CURRENTDEBT_DEBT":81.784349755872,"ISSUED_COMMON_SHARES":410170000,"HK_COMMON_SHARES":410170000,"PER_SHARES":500,"TOTAL_MARKET_CAP":2949122300,"HKSK_MARKET_CAP":2949122300,"PE_TTM":17.588023418066,"PB_TTM":1.722632674514,"REPORT_DATE_SQ":"2023-06-30 00:00:00","REPORT_TYPE_SQ":"2023年中报","OPERATE_INCOME_SQ":2454910000,"DPS_HKD":null,"OPERATE_INCOME_QOQ_SQ":9.560146376047,"NET_PROFIT_RATIO_SQ":2.45239133,"HOLDER_PROFIT_SQ":60204000,"HOLDER_PROFIT_QOQ_SQ":7.116834703042,"ROE_AVG_SQ":null,"PE_TTM_SQ":20.989048564645,"PB_TTM_SQ":3.644011370481,"ROA_SQ":null,"START_DATE":"2024-01-01 00:00:00","FISCAL_YEAR":"12-31","CURRENCY":"HKD","IS_CNY_CODE":0,"DPS_HKD_LY":null,"ORG_TYPE":"一般企业","PREMIUM_INCOME":null,"PREMIUM_INCOME_YOY":null,"NET_INTEREST_INCOME":null,"NET_INTEREST_INCOME_YOY":null,"FEE_COMMISSION_INCOME":null,"FEE_COMMISSION_INCOME_YOY":null,"ACCOUNTS_RECE_TDAYS":7.805742397661,"INVENTORY_TDAYS":7.482244040682,"CURRENT_ASSETS_TDAYS":0.8757680758,"TOTAL_ASSETS_TDAYS":0.600422373097,"PREMIUM_EXPENSE":null,"LOAN_DEPOSIT":null,"LOAN_EQUITY":null,"LOAN_ASSETS":null,"DEPOSIT_EQUITY":null,"DEPOSIT_ASSETS":null,"EQUITY_MULTIPLIER":2.929880735617,"EQUITY_RATIO":1.929880735618},{"SECUCODE":"02451.HK","SECURITY_CODE":"02451","SECURITY_NAME_ABBR":"绿源集团控股","ORG_CODE":"10000460639","STD_REPORT_DATE":"2023-12-31 00:00:00","REPORT_DATE":"2023-12-31 00:00:00","DATE_TYPE_CODE":"001","REPORT_TYPE":"2023年年报","PER_NETCASH_OPERATE":0.61084171028,"PER_OI":11.913229755289,"BPS":3.724224102202,"BASIC_EPS":0.43,"DILUTED_EPS":0.43,"OPERATE_INCOME":5082982000,"OPERATE_INCOME_YOY":6.2713267321,"GROSS_PROFIT":681239000,"GROSS_PROFIT_YOY":21.36115525215,"HOLDER_PROFIT":145607000,"HOLDER_PROFIT_YOY":23.3643988816,"GROSS_PROFIT_RATIO":13.402349250893,"EPS_TTM":0.341266139636,"OPERATE_INCOME_QOQ":-3.001839403071,"NET_PROFIT_RATIO":2.864597986,"ROE_AVG":13.192606877856,"GROSS_PROFIT_QOQ":3.465563826184,"ROA":4.132757897169,"HOLDER_PROFIT_QOQ":15.168077196868,"ROE_YEARLY":13.192606877856,"ROIC_YEARLY":5.470374144708,"TOTAL_ASSETS":3862481000,"TOTAL_LIABILITIES":2334916000,"TAX_EBT":3.660844250364,"OCF_SALES":5.127423233055,"TOTAL_PARENT_EQUITY":1527565000,"DEBT_ASSET_RATIO":60.4511970415,"OPERATE_PROFIT":140390000,"PRETAX_PROFIT":151140000,"NETCASH_OPERATE":260626000,"NETCASH_INVEST":-310777000,"NETCASH_FINANCE":654710000,"END_CASH":994968000,"DIVI_RATIO":null,"DIVIDEND_RATE":null,"CURRENT_RATIO":1.438254032212,"COMMON_ACS":1000000000,"CURRENTDEBT_DEBT":78.336137145833,"ISSUED_COMMON_SHARES":410170000,"HK_COMMON_SHARES":410170000,"PER_SHARES":500,"TOTAL_MARKET_CAP":2949122300,"HKSK_MARKET_CAP":2949122300,"PE_TTM":17.588023418066,"PB_TTM":1.722632674514,"REPORT_DATE_SQ":"2022-12-31 00:00:00","REPORT_TYPE_SQ":"2022年年报","OPERATE_INCOME_SQ":4783023000,"DPS_HKD":null,"OPERATE_INCOME_QOQ_SQ":25.769535993369,"NET_PROFIT_RATIO_SQ":2.4676862311,"HOLDER_PROFIT_SQ":118030000,"HOLDER_PROFIT_QOQ_SQ":43.15863524446,"ROE_AVG_SQ":19.037987260695,"PE_TTM_SQ":23.766061143967,"PB_TTM_SQ":4.126142105652,"ROA_SQ":4.035287483036,"START_DATE":"2023-01-01 00:00:00","FISCAL_YEAR":"12-31","CURRENCY":"HKD","IS_CNY_CODE":0,"DPS_HKD_LY":null,"ORG_TYPE":"一般企业","PREMIUM_INCOME":null,"PREMIUM_INCOME_YOY":null,"NET_INTEREST_INCOME":null,"NET_INTEREST_INCOME_YOY":null,"FEE_COMMISSION_INCOME":null,"FEE_COMMISSION_INCOME_YOY":null,"ACCOUNTS_RECE_TDAYS":19.787225262961,"INVENTORY_TDAYS":12.581800771759,"CURRENT_ASSETS_TDAYS":2.14986557477,"TOTAL_ASSETS_TDAYS":1.442700831805,"PREMIUM_EXPENSE":null,"LOAN_DEPOSIT":null,"LOAN_EQUITY":null,"LOAN_ASSETS":null,"DEPOSIT_EQUITY":null,"DEPOSIT_ASSETS":null,"EQUITY_MULTIPLIER":2.528521535909,"EQUITY_RATIO":1.528521535908},{"SECUCODE":"02451.HK","SECURITY_CODE":"02451","SECURITY_NAME_ABBR":"绿源集团控股","ORG_CODE":"10000460639","STD_REPORT_DATE":"2023-06-30 00:00:00","REPORT_DATE":"2023-06-30 00:00:00","DATE_TYPE_CODE":"002","REPORT_TYPE":"2023年中报","PER_NETCASH_OPERATE":null,"PER_OI":null,"BPS":null,"BASIC_EPS":0.188,"DILUTED_EPS":0.188,"OPERATE_INCOME":2454910000,"OPERATE_INCOME_YOY":22.8901416968,"GROSS_PROFIT":295442000,"GROSS_PROFIT_YOY":48.947583348878,"HOLDER_PROFIT":60204000,"HOLDER_PROFIT_YOY":16.2149640954,"GROSS_PROFIT_RATIO":12.034738544387,"EPS_TTM":null,"OPERATE_INCOME_QOQ":9.560146376047,"NET_PROFIT_RATIO":2.45239133,"ROE_AVG":null,"GROSS_PROFIT_QOQ":17.296181226084,"ROA":null,"HOLDER_PROFIT_QOQ":7.116834703042,"ROE_YEARLY":null,"ROIC_YEARLY":null,"TOTAL_ASSETS":null,"TOTAL_LIABILITIES":null,"TAX_EBT":6.326435350864,"OCF_SALES":2.776680204162,"TOTAL_PARENT_EQUITY":null,"DEBT_ASSET_RATIO":null,"OPERATE_PROFIT":62541000,"PRETAX_PROFIT":64270000,"NETCASH_OPERATE":68165000,"NETCASH_INVEST":-306395000,"NETCASH_FINANCE":277917000,"END_CASH":434983000,"DIVI_RATIO":null,"DIVIDEND_RATE":null,"CURRENT_RATIO":null,"COMMON_ACS":1000000000,"CURRENTDEBT_DEBT":null,"ISSUED_COMMON_SHARES":410170000,"HK_COMMON_SHARES":410170000,"PER_SHARES":500,"TOTAL_MARKET_CAP":2949122300,"HKSK_MARKET_CAP":2949122300,"PE_TTM":17.588023418066,"PB_TTM":1.722632674514,"REPORT_DATE_SQ":"2022-06-30 00:00:00","REPORT_TYPE_SQ":"2022年中报","OPERATE_INCOME_SQ":1997646000,"DPS_HKD":null,"OPERATE_INCOME_QOQ_SQ":11.274262388569,"NET_PROFIT_RATIO_SQ":2.5932522579,"HOLDER_PROFIT_SQ":51804000,"HOLDER_PROFIT_QOQ_SQ":39.127573405332,"ROE_AVG_SQ":8.837837353699,"PE_TTM_SQ":23.766061143967,"PB_TTM_SQ":4.126142105652,"ROA_SQ":1.790517041002,"START_DATE":"2023-01-01 00:00:00","FISCAL_YEAR":"12-31","CURRENCY":"HKD","IS_CNY_CODE":0,"DPS_HKD_LY":null,"ORG_TYPE":"一般企业","PREMIUM_INCOME":null,"PREMIUM_INCOME_YOY":null,"NET_INTEREST_INCOME":null,"NET_INTEREST_INCOME_YOY":null,"FEE_COMMISSION_INCOME":null,"FEE_COMMISSION_INCOME_YOY":null,"ACCOUNTS_RECE_TDAYS":null,"INVENTORY_TDAYS":null,"CURRENT_ASSETS_TDAYS":2.340277364017,"TOTAL_ASSETS_TDAYS":1.542028894472,"PREMIUM_EXPENSE":null,"LOAN_DEPOSIT":null,"LOAN_EQUITY":null,"LOAN_ASSETS":null,"DEPOSIT_EQUITY":null,"DEPOSIT_ASSETS":null,"EQUITY_MULTIPLIER":null,"EQUITY_RATIO":null},{"SECUCODE":"02451.HK","SECURITY_CODE":"02451","SECURITY_NAME_ABBR":"绿源集团控股","ORG_CODE":"10000460639","STD_REPORT_DATE":"2022-12-31 00:00:00","REPORT_DATE":"2022-12-31 00:00:00","DATE_TYPE_CODE":"001","REPORT_TYPE":"2022年年报","PER_NETCASH_OPERATE":16.141790105455,"PER_OI":151.417463571818,"BPS":1.657454226296,"BASIC_EPS":0.37,"DILUTED_EPS":0.37,"OPERATE_INCOME":4783023000,"OPERATE_INCOME_YOY":39.9491234861,"GROSS_PROFIT":561332000,"GROSS_PROFIT_YOY":45.004688553472,"HOLDER_PROFIT":118030000,"HOLDER_PROFIT_YOY":99.1731353358,"GROSS_PROFIT_RATIO":11.735925166992,"EPS_TTM":3.7365079,"OPERATE_INCOME_QOQ":25.769535993369,"NET_PROFIT_RATIO":2.4676862311,"ROE_AVG":19.037987260695,"GROSS_PROFIT_QOQ":37.334977442432,"ROA":4.035287483036,"HOLDER_PROFIT_QOQ":43.15863524446,"ROE_YEARLY":19.037987260695,"ROIC_YEARLY":4.654507424911,"TOTAL_ASSETS":3184000000,"TOTAL_LIABILITIES":2504162000,"TAX_EBT":3.450363196126,"OCF_SALES":10.660454695702,"TOTAL_PARENT_EQUITY":679838000,"DEBT_ASSET_RATIO":78.6483040201,"OPERATE_PROFIT":125782000,"PRETAX_PROFIT":122248000,"NETCASH_OPERATE":509892000,"NETCASH_INVEST":-294096000,"NETCASH_FINANCE":-44864000,"END_CASH":395038000,"DIVI_RATIO":null,"DIVIDEND_RATE":null,"CURRENT_RATIO":0.991880908007,"COMMON_ACS":1000000000,"CURRENTDEBT_DEBT":84.464902829769,"ISSUED_COMMON_SHARES":410170000,"HK_COMMON_SHARES":410170000,"PER_SHARES":500,"TOTAL_MARKET_CAP":2949122300,"HKSK_MARKET_CAP":2949122300,"PE_TTM":17.588023418066,"PB_TTM":1.722632674514,"REPORT_DATE_SQ":"2021-12-31 00:00:00","REPORT_TYPE_SQ":"2021年年报","OPERATE_INCOME_SQ":3417687000,"DPS_HKD":null,"OPERATE_INCOME_QOQ_SQ":43.7010055787,"NET_PROFIT_RATIO_SQ":1.7339212163,"HOLDER_PROFIT_SQ":59260000,"HOLDER_PROFIT_QOQ_SQ":47.072692527238,"ROE_AVG_SQ":11.162135384685,"PE_TTM_SQ":23.766061143967,"PB_TTM_SQ":4.126142105652,"ROA_SQ":2.799150996625,"START_DATE":"2022-01-01 00:00:00","FISCAL_YEAR":"12-31","CURRENCY":"HKD","IS_CNY_CODE":0,"DPS_HKD_LY":null,"ORG_TYPE":"一般企业","PREMIUM_INCOME":null,"PREMIUM_INCOME_YOY":null,"NET_INTEREST_INCOME":null,"NET_INTEREST_INCOME_YOY":null,"FEE_COMMISSION_INCOME":null,"FEE_COMMISSION_INCOME_YOY":null,"ACCOUNTS_RECE_TDAYS":21.132073721114,"INVENTORY_TDAYS":10.127079927508,"CURRENT_ASSETS_TDAYS":2.515003186462,"TOTAL_ASSETS_TDAYS":1.635251448189,"PREMIUM_EXPENSE":null,"LOAN_DEPOSIT":null,"LOAN_EQUITY":null,"LOAN_ASSETS":null,"DEPOSIT_EQUITY":null,"DEPOSIT_ASSETS":null,"EQUITY_MULTIPLIER":4.683468708722,"EQUITY_RATIO":3.683468708722},{"SECUCODE":"02451.HK","SECURITY_CODE":"02451","SECURITY_NAME_ABBR":"绿源集团控股","ORG_CODE":"10000460639","STD_REPORT_DATE":"2022-06-30 00:00:00","REPORT_DATE":"2022-06-30 00:00:00","DATE_TYPE_CODE":"002","REPORT_TYPE":"2022年中报","PER_NETCASH_OPERATE":6.537635752727,"PER_OI":60.940915292727,"BPS":1.492598190994,"BASIC_EPS":1.62,"DILUTED_EPS":1.62,"OPERATE_INCOME":1997646000,"OPERATE_INCOME_YOY":23.8983159123,"GROSS_PROFIT":198353000,"GROSS_PROFIT_YOY":12.232507610307,"HOLDER_PROFIT":51804000,"HOLDER_PROFIT_YOY":81.0252647028,"GROSS_PROFIT_RATIO":9.929336829448,"EPS_TTM":2.515158162727,"OPERATE_INCOME_QOQ":11.274262388569,"NET_PROFIT_RATIO":2.5932522579,"ROE_AVG":8.837837353699,"GROSS_PROFIT_QOQ":5.584674242405,"ROA":1.790517041002,"HOLDER_PROFIT_QOQ":39.127573405332,"ROE_YEARLY":17.675674707397,"ROIC_YEARLY":4.056827218739,"TOTAL_ASSETS":3120592000,"TOTAL_LIABILITIES":2508373000,"TAX_EBT":4.522835342254,"OCF_SALES":10.727826651969,"TOTAL_PARENT_EQUITY":612219000,"DEBT_ASSET_RATIO":80.3813186729,"OPERATE_PROFIT":61830000,"PRETAX_PROFIT":54258000,"NETCASH_OPERATE":214304000,"NETCASH_INVEST":-185500000,"NETCASH_FINANCE":122630000,"END_CASH":373839000,"DIVI_RATIO":null,"DIVIDEND_RATE":null,"CURRENT_RATIO":0.902444087329,"COMMON_ACS":1000000000,"CURRENTDEBT_DEBT":92.185492349025,"ISSUED_COMMON_SHARES":410170000,"HK_COMMON_SHARES":410170000,"PER_SHARES":500,"TOTAL_MARKET_CAP":2789156000,"HKSK_MARKET_CAP":2789156000,"PE_TTM":16.6340138029,"PB_TTM":1.629193628191,"REPORT_DATE_SQ":"2021-06-30 00:00:00","REPORT_TYPE_SQ":"2021年中报","OPERATE_INCOME_SQ":1612327000,"DPS_HKD":null,"OPERATE_INCOME_QOQ_SQ":0,"NET_PROFIT_RATIO_SQ":1.7748880965,"HOLDER_PROFIT_SQ":28617000,"HOLDER_PROFIT_QOQ_SQ":0,"ROE_AVG_SQ":null,"PE_TTM_SQ":21.150502784373,"PB_TTM_SQ":3.672042227177,"ROA_SQ":null,"START_DATE":"2022-01-01 00:00:00","FISCAL_YEAR":"12-31","CURRENCY":"HKD","IS_CNY_CODE":0,"DPS_HKD_LY":null,"ORG_TYPE":"一般企业","PREMIUM_INCOME":null,"PREMIUM_INCOME_YOY":null,"NET_INTEREST_INCOME":null,"NET_INTEREST_INCOME_YOY":null,"FEE_COMMISSION_INCOME":null,"FEE_COMMISSION_INCOME_YOY":null,"ACCOUNTS_RECE_TDAYS":10.314050866885,"INVENTORY_TDAYS":4.460109712235,"CURRENT_ASSETS_TDAYS":1.053499908633,"TOTAL_ASSETS_TDAYS":0.690452321228,"PREMIUM_EXPENSE":null,"LOAN_DEPOSIT":null,"LOAN_EQUITY":null,"LOAN_ASSETS":null,"DEPOSIT_EQUITY":null,"DEPOSIT_ASSETS":null,"EQUITY_MULTIPLIER":5.097182544163,"EQUITY_RATIO":4.097182544155},{"SECUCODE":"02451.HK","SECURITY_CODE":"02451","SECURITY_NAME_ABBR":"绿源集团控股","ORG_CODE":"10000460639","STD_REPORT_DATE":"2021-12-31 00:00:00","REPORT_DATE":"2021-12-31 00:00:00","DATE_TYPE_CODE":"001","REPORT_TYPE":"2021年年报","PER_NETCASH_OPERATE":4.184429870909,"PER_OI":99.046122754091,"BPS":1.365541117098,"BASIC_EPS":1.85,"DILUTED_EPS":1.85,"OPERATE_INCOME":3417687000,"OPERATE_INCOME_YOY":43.7010055787,"GROSS_PROFIT":387113000,"GROSS_PROFIT_YOY":35.248267091509,"HOLDER_PROFIT":59260000,"HOLDER_PROFIT_YOY":47.0726925272,"GROSS_PROFIT_RATIO":11.326754029845,"EPS_TTM":1.717381736364,"OPERATE_INCOME_QOQ":43.7010055787,"NET_PROFIT_RATIO":1.7339212163,"ROE_AVG":11.162135384685,"GROSS_PROFIT_QOQ":35.248267091509,"ROA":2.799150996625,"HOLDER_PROFIT_QOQ":47.072692527238,"ROE_YEARLY":11.162135384685,"ROIC_YEARLY":3.139806424523,"TOTAL_ASSETS":2665893000,"TOTAL_LIABILITIES":2105789000,"TAX_EBT":3.784643860304,"OCF_SALES":4.224728595685,"TOTAL_PARENT_EQUITY":560104000,"DEBT_ASSET_RATIO":78.990004475,"OPERATE_PROFIT":68518000,"PRETAX_PROFIT":61591000,"NETCASH_OPERATE":144388000,"NETCASH_INVEST":-562522000,"NETCASH_FINANCE":464851000,"END_CASH":222012000,"DIVI_RATIO":null,"DIVIDEND_RATE":null,"CURRENT_RATIO":0.879257612319,"COMMON_ACS":1000000000,"CURRENTDEBT_DEBT":92.119818272391,"ISSUED_COMMON_SHARES":410170000,"HK_COMMON_SHARES":410170000,"PER_SHARES":500,"TOTAL_MARKET_CAP":2789156000,"HKSK_MARKET_CAP":2789156000,"PE_TTM":16.6340138029,"PB_TTM":1.629193628191,"REPORT_DATE_SQ":"2020-12-31 00:00:00","REPORT_TYPE_SQ":"2020年年报","OPERATE_INCOME_SQ":2378332000,"DPS_HKD":null,"OPERATE_INCOME_QOQ_SQ":-4.656200891569,"NET_PROFIT_RATIO_SQ":1.693665981,"HOLDER_PROFIT_SQ":40293000,"HOLDER_PROFIT_QOQ_SQ":-42.136025504782,"ROE_AVG_SQ":8.361633976959,"PE_TTM_SQ":21.150502784373,"PB_TTM_SQ":3.672042227177,"ROA_SQ":2.632944313028,"START_DATE":"2021-01-01 00:00:00","FISCAL_YEAR":"12-31","CURRENCY":"HKD","IS_CNY_CODE":0,"DPS_HKD_LY":null,"ORG_TYPE":"一般企业","PREMIUM_INCOME":null,"PREMIUM_INCOME_YOY":null,"NET_INTEREST_INCOME":null,"NET_INTEREST_INCOME_YOY":null,"FEE_COMMISSION_INCOME":null,"FEE_COMMISSION_INCOME_YOY":null,"ACCOUNTS_RECE_TDAYS":23.108171427219,"INVENTORY_TDAYS":10.160164945689,"CURRENT_ASSETS_TDAYS":2.555380304647,"TOTAL_ASSETS_TDAYS":1.614347278468,"PREMIUM_EXPENSE":null,"LOAN_DEPOSIT":null,"LOAN_EQUITY":null,"LOAN_ASSETS":null,"DEPOSIT_EQUITY":null,"DEPOSIT_ASSETS":null,"EQUITY_MULTIPLIER":4.759639281265,"EQUITY_RATIO":3.759639281276},{"SECUCODE":"02451.HK","SECURITY_CODE":"02451","SECURITY_NAME_ABBR":"绿源集团控股","ORG_CODE":"10000460639","STD_REPORT_DATE":"2021-06-30 00:00:00","REPORT_DATE":"2021-06-30 00:00:00","DATE_TYPE_CODE":"002","REPORT_TYPE":"2021年中报","PER_NETCASH_OPERATE":null,"PER_OI":null,"BPS":null,"BASIC_EPS":0.89,"DILUTED_EPS":0.89,"OPERATE_INCOME":1612327000,"OPERATE_INCOME_YOY":null,"GROSS_PROFIT":176734000,"GROSS_PROFIT_YOY":null,"HOLDER_PROFIT":28617000,"HOLDER_PROFIT_YOY":null,"GROSS_PROFIT_RATIO":10.961424078366,"EPS_TTM":1.195035435,"OPERATE_INCOME_QOQ":0,"NET_PROFIT_RATIO":1.7748880965,"ROE_AVG":null,"GROSS_PROFIT_QOQ":0,"ROA":null,"HOLDER_PROFIT_QOQ":0,"ROE_YEARLY":null,"ROIC_YEARLY":null,"TOTAL_ASSETS":null,"TOTAL_LIABILITIES":null,"TAX_EBT":-3.57220412595,"OCF_SALES":14.271670697073,"TOTAL_PARENT_EQUITY":null,"DEBT_ASSET_RATIO":null,"OPERATE_PROFIT":31057000,"PRETAX_PROFIT":27630000,"NETCASH_OPERATE":230106000,"NETCASH_INVEST":-485897000,"NETCASH_FINANCE":245184000,"END_CASH":164823000,"DIVI_RATIO":null,"DIVIDEND_RATE":null,"CURRENT_RATIO":null,"COMMON_ACS":1000000000,"CURRENTDEBT_DEBT":null,"ISSUED_COMMON_SHARES":410170000,"HK_COMMON_SHARES":410170000,"PER_SHARES":500,"TOTAL_MARKET_CAP":2789156000,"HKSK_MARKET_CAP":2789156000,"PE_TTM":16.6340138029,"PB_TTM":1.629193628191,"REPORT_DATE_SQ":"2020-06-30 00:00:00","REPORT_TYPE_SQ":"2020年中报","OPERATE_INCOME_SQ":null,"DPS_HKD":null,"OPERATE_INCOME_QOQ_SQ":0,"NET_PROFIT_RATIO_SQ":null,"HOLDER_PROFIT_SQ":null,"HOLDER_PROFIT_QOQ_SQ":0,"ROE_AVG_SQ":null,"PE_TTM_SQ":21.150502784373,"PB_TTM_SQ":3.672042227177,"ROA_SQ":null,"START_DATE":"2021-01-01 00:00:00","FISCAL_YEAR":"12-31","CURRENCY":"HKD","IS_CNY_CODE":0,"DPS_HKD_LY":null,"ORG_TYPE":"一般企业","PREMIUM_INCOME":null,"PREMIUM_INCOME_YOY":null,"NET_INTEREST_INCOME":null,"NET_INTEREST_INCOME_YOY":null,"FEE_COMMISSION_INCOME":null,"FEE_COMMISSION_INCOME_YOY":null,"ACCOUNTS_RECE_TDAYS":null,"INVENTORY_TDAYS":null,"CURRENT_ASSETS_TDAYS":3.326896173195,"TOTAL_ASSETS_TDAYS":2.056214323245,"PREMIUM_EXPENSE":null,"LOAN_DEPOSIT":null,"LOAN_EQUITY":null,"LOAN_ASSETS":null,"DEPOSIT_EQUITY":null,"DEPOSIT_ASSETS":null,"EQUITY_MULTIPLIER":null,"EQUITY_RATIO":null},{"SECUCODE":"02451.HK","SECURITY_CODE":"02451","SECURITY_NAME_ABBR":"绿源集团控股","ORG_CODE":"10000460639","STD_REPORT_DATE":"2020-12-31 00:00:00","REPORT_DATE":"2020-12-31 00:00:00","DATE_TYPE_CODE":"001","REPORT_TYPE":"2020年年报","PER_NETCASH_OPERATE":-0.307589717727,"PER_OI":70.53808394,"BPS":1.223151376259,"BASIC_EPS":1.26,"DILUTED_EPS":1.26,"OPERATE_INCOME":2378332000,"OPERATE_INCOME_YOY":-4.6562008916,"GROSS_PROFIT":286224000,"GROSS_PROFIT_YOY":-16.152354392112,"HOLDER_PROFIT":40293000,"HOLDER_PROFIT_YOY":-42.1360255048,"GROSS_PROFIT_RATIO":12.034652857549,"EPS_TTM":1.195035435,"OPERATE_INCOME_QOQ":-4.656200891569,"NET_PROFIT_RATIO":1.693665981,"ROE_AVG":8.361633976959,"GROSS_PROFIT_QOQ":-16.152354392112,"ROA":2.632944313028,"HOLDER_PROFIT_QOQ":-42.136025504782,"ROE_YEARLY":8.361633976959,"ROIC_YEARLY":3.088309178892,"TOTAL_ASSETS":1568248000,"TOTAL_LIABILITIES":1066548000,"TAX_EBT":7.008795622966,"OCF_SALES":-0.436061912298,"TOTAL_PARENT_EQUITY":501700000,"DEBT_ASSET_RATIO":68.0088863496,"OPERATE_PROFIT":43512000,"PRETAX_PROFIT":43317000,"NETCASH_OPERATE":-10371000,"NETCASH_INVEST":-31062000,"NETCASH_FINANCE":8371000,"END_CASH":175370000,"DIVI_RATIO":null,"DIVIDEND_RATE":null,"CURRENT_RATIO":0.922521088864,"COMMON_ACS":1000000000,"CURRENTDEBT_DEBT":98.511553160289,"ISSUED_COMMON_SHARES":410170000,"HK_COMMON_SHARES":410170000,"PER_SHARES":500,"TOTAL_MARKET_CAP":2789156000,"HKSK_MARKET_CAP":2789156000,"PE_TTM":16.6340138029,"PB_TTM":1.629193628191,"REPORT_DATE_SQ":"2019-12-31 00:00:00","REPORT_TYPE_SQ":"2019年年报","OPERATE_INCOME_SQ":2494480000,"DPS_HKD":null,"OPERATE_INCOME_QOQ_SQ":null,"NET_PROFIT_RATIO_SQ":2.7957329784,"HOLDER_PROFIT_SQ":69634000,"HOLDER_PROFIT_QOQ_SQ":null,"ROE_AVG_SQ":15.070369801259,"PE_TTM_SQ":21.150502784373,"PB_TTM_SQ":3.672042227177,"ROA_SQ":4.665807219357,"START_DATE":"2020-01-01 00:00:00","FISCAL_YEAR":"12-31","CURRENCY":"HKD","IS_CNY_CODE":0,"DPS_HKD_LY":null,"ORG_TYPE":"一般企业","PREMIUM_INCOME":null,"PREMIUM_INCOME_YOY":null,"NET_INTEREST_INCOME":null,"NET_INTEREST_INCOME_YOY":null,"FEE_COMMISSION_INCOME":null,"FEE_COMMISSION_INCOME_YOY":null,"ACCOUNTS_RECE_TDAYS":16.848424311334,"INVENTORY_TDAYS":12.168229299956,"CURRENT_ASSETS_TDAYS":2.441325522456,"TOTAL_ASSETS_TDAYS":1.554119999477,"PREMIUM_EXPENSE":null,"LOAN_DEPOSIT":null,"LOAN_EQUITY":null,"LOAN_ASSETS":null,"DEPOSIT_EQUITY":null,"DEPOSIT_ASSETS":null,"EQUITY_MULTIPLIER":3.125868048634,"EQUITY_RATIO":2.125868048635},{"SECUCODE":"02451.HK","SECURITY_CODE":"02451","SECURITY_NAME_ABBR":"绿源集团控股","ORG_CODE":"10000460639","STD_REPORT_DATE":"2019-12-31 00:00:00","REPORT_DATE":"2019-12-31 00:00:00","DATE_TYPE_CODE":"001","REPORT_TYPE":"2019年年报","PER_NETCASH_OPERATE":8.56379286,"PER_OI":79.0999608,"BPS":1.126506082844,"BASIC_EPS":2.18,"DILUTED_EPS":2.18,"OPERATE_INCOME":2494480000,"OPERATE_INCOME_YOY":null,"GROSS_PROFIT":341362000,"GROSS_PROFIT_YOY":null,"HOLDER_PROFIT":69634000,"HOLDER_PROFIT_YOY":null,"GROSS_PROFIT_RATIO":13.684695808345,"EPS_TTM":2.20809414,"OPERATE_INCOME_QOQ":null,"NET_PROFIT_RATIO":2.7957329784,"ROE_AVG":15.070369801259,"GROSS_PROFIT_QOQ":null,"ROA":4.665807219357,"HOLDER_PROFIT_QOQ":null,"ROE_YEARLY":15.070369801259,"ROIC_YEARLY":5.631472323425,"TOTAL_ASSETS":1492432000,"TOTAL_LIABILITIES":1029292000,"TAX_EBT":17.594441621666,"OCF_SALES":10.826545011385,"TOTAL_PARENT_EQUITY":462059000,"DEBT_ASSET_RATIO":68.9674303419,"OPERATE_PROFIT":86530000,"PRETAX_PROFIT":84629000,"NETCASH_OPERATE":270066000,"NETCASH_INVEST":-229969000,"NETCASH_FINANCE":-96180000,"END_CASH":209504000,"DIVI_RATIO":null,"DIVIDEND_RATE":null,"CURRENT_RATIO":1.017537004378,"COMMON_ACS":1000000000,"CURRENTDEBT_DEBT":93.486687936951,"ISSUED_COMMON_SHARES":410170000,"HK_COMMON_SHARES":410170000,"PER_SHARES":500,"TOTAL_MARKET_CAP":2789156000,"HKSK_MARKET_CAP":2789156000,"PE_TTM":16.6340138029,"PB_TTM":1.629193628191,"REPORT_DATE_SQ":"2018-12-31 00:00:00","REPORT_TYPE_SQ":"2018年年报","OPERATE_INCOME_SQ":null,"DPS_HKD":null,"OPERATE_INCOME_QOQ_SQ":null,"NET_PROFIT_RATIO_SQ":null,"HOLDER_PROFIT_SQ":null,"HOLDER_PROFIT_QOQ_SQ":null,"ROE_AVG_SQ":null,"PE_TTM_SQ":21.150502784373,"PB_TTM_SQ":3.672042227177,"ROA_SQ":null,"START_DATE":"2019-01-01 00:00:00","FISCAL_YEAR":"12-31","CURRENCY":"HKD","IS_CNY_CODE":0,"DPS_HKD_LY":null,"ORG_TYPE":"一般企业","PREMIUM_INCOME":null,"PREMIUM_INCOME_YOY":null,"NET_INTEREST_INCOME":null,"NET_INTEREST_INCOME_YOY":null,"FEE_COMMISSION_INCOME":null,"FEE_COMMISSION_INCOME_YOY":null,"ACCOUNTS_RECE_TDAYS":17.275749348994,"INVENTORY_TDAYS":15.904842105263,"CURRENT_ASSETS_TDAYS":5.095319703491,"TOTAL_ASSETS_TDAYS":3.342839070725,"PREMIUM_EXPENSE":null,"LOAN_DEPOSIT":null,"LOAN_EQUITY":null,"LOAN_ASSETS":null,"DEPOSIT_EQUITY":null,"DEPOSIT_ASSETS":null,"EQUITY_MULTIPLIER":3.222420866262,"EQUITY_RATIO":2.227620282258}],"count":9},"success":true,"message":"ok","code":0}