{"version":"65abd9cb3d5dd1d11fc69e2c806d02d1","result":{"pages":1,"data":[{"SECUCODE":"02455.HK","SECURITY_CODE":"02455","SECURITY_NAME_ABBR":"润华服务","ORG_CODE":"10000303168","STD_REPORT_DATE":"2024-06-30 00:00:00","REPORT_DATE":"2024-06-30 00:00:00","DATE_TYPE_CODE":"002","REPORT_TYPE":"2024年中报","PER_NETCASH_OPERATE":-0.157563333333,"PER_OI":1.35825,"BPS":1.207723333333,"BASIC_EPS":0.06,"DILUTED_EPS":0.06,"OPERATE_INCOME":407475000,"OPERATE_INCOME_YOY":11.2620484395,"GROSS_PROFIT":61252000,"GROSS_PROFIT_YOY":-9.704429866588,"HOLDER_PROFIT":17558000,"HOLDER_PROFIT_YOY":-12.9110659193,"GROSS_PROFIT_RATIO":15.032087858151,"EPS_TTM":0.12952,"OPERATE_INCOME_QOQ":5.367591175521,"NET_PROFIT_RATIO":4.285661697,"ROE_AVG":4.997673084778,"GROSS_PROFIT_QOQ":-4.941635701685,"ROA":2.479843678609,"HOLDER_PROFIT_QOQ":-6.278492004149,"ROE_YEARLY":9.995346169556,"ROIC_YEARLY":6.417297976914,"TOTAL_ASSETS":700508000,"TOTAL_LIABILITIES":337955000,"TAX_EBT":28.24800723149,"OCF_SALES":-11.600466286275,"TOTAL_PARENT_EQUITY":362317000,"DEBT_ASSET_RATIO":48.2442741553,"OPERATE_PROFIT":28701000,"PRETAX_PROFIT":24338000,"NETCASH_OPERATE":-47269000,"NETCASH_INVEST":-4674000,"NETCASH_FINANCE":-20117000,"END_CASH":125420000,"DIVI_RATIO":0.916062384188,"DIVIDEND_RATE":22.033898305085,"CURRENT_RATIO":1.787610076025,"COMMON_ACS":500000000,"CURRENTDEBT_DEBT":72.27678241186,"ISSUED_COMMON_SHARES":300000000,"HK_COMMON_SHARES":300000000,"PER_SHARES":2000,"TOTAL_MARKET_CAP":177000000,"HKSK_MARKET_CAP":177000000,"PE_TTM":4.104808820782,"PB_TTM":0.445864698593,"REPORT_DATE_SQ":"2023-06-30 00:00:00","REPORT_TYPE_SQ":"2023年中报","OPERATE_INCOME_SQ":366230000,"DPS_HKD":0.13,"OPERATE_INCOME_QOQ_SQ":6.479633641089,"NET_PROFIT_RATIO_SQ":5.5366845971,"HOLDER_PROFIT_SQ":20161000,"HOLDER_PROFIT_QOQ_SQ":-0.007468817686,"ROE_AVG_SQ":7.778853833481,"PE_TTM_SQ":4.508156619829,"PB_TTM_SQ":0.565535822135,"ROA_SQ":3.390745540197,"START_DATE":"2024-01-01 00:00:00","FISCAL_YEAR":"12-31","CURRENCY":"HKD","IS_CNY_CODE":0,"DPS_HKD_LY":0.13,"ORG_TYPE":"一般企业","PREMIUM_INCOME":null,"PREMIUM_INCOME_YOY":null,"NET_INTEREST_INCOME":null,"NET_INTEREST_INCOME_YOY":null,"FEE_COMMISSION_INCOME":null,"FEE_COMMISSION_INCOME_YOY":null,"ACCOUNTS_RECE_TDAYS":1.905032399226,"INVENTORY_TDAYS":2355.25850340136,"CURRENT_ASSETS_TDAYS":0.912175094637,"TOTAL_ASSETS_TDAYS":0.575506494442,"PREMIUM_EXPENSE":null,"LOAN_DEPOSIT":null,"LOAN_EQUITY":null,"LOAN_ASSETS":null,"DEPOSIT_EQUITY":null,"DEPOSIT_ASSETS":null,"EQUITY_MULTIPLIER":1.93215336792,"EQUITY_RATIO":0.932760538424},{"SECUCODE":"02455.HK","SECURITY_CODE":"02455","SECURITY_NAME_ABBR":"润华服务","ORG_CODE":"10000303168","STD_REPORT_DATE":"2023-12-31 00:00:00","REPORT_DATE":"2023-12-31 00:00:00","DATE_TYPE_CODE":"001","REPORT_TYPE":"2023年年报","PER_NETCASH_OPERATE":0.178376666667,"PER_OI":2.56136,"BPS":1.134433333333,"BASIC_EPS":0.14,"DILUTED_EPS":0.14,"OPERATE_INCOME":768408000,"OPERATE_INCOME_YOY":11.0417789621,"GROSS_PROFIT":133215000,"GROSS_PROFIT_YOY":9.058534588621,"HOLDER_PROFIT":41459000,"HOLDER_PROFIT_YOY":3.2165708168,"GROSS_PROFIT_RATIO":17.336493113034,"EPS_TTM":0.138196666667,"OPERATE_INCOME_QOQ":4.284523870919,"NET_PROFIT_RATIO":5.4305785468,"ROE_AVG":15.333037464403,"GROSS_PROFIT_QOQ":8.311042091826,"ROA":6.601982872011,"HOLDER_PROFIT_QOQ":3.224280450154,"ROE_YEARLY":15.333037464403,"ROIC_YEARLY":8.334045275502,"TOTAL_ASSETS":715549000,"TOTAL_LIABILITIES":374572000,"TAX_EBT":23.430217622665,"OCF_SALES":6.964138842906,"TOTAL_PARENT_EQUITY":340330000,"DEBT_ASSET_RATIO":52.3474982147,"OPERATE_PROFIT":60022000,"PRETAX_PROFIT":54498000,"NETCASH_OPERATE":53513000,"NETCASH_INVEST":-7180000,"NETCASH_FINANCE":84340000,"END_CASH":195337000,"DIVI_RATIO":0.858547480644,"DIVIDEND_RATE":21.311475409836,"CURRENT_RATIO":1.594283480452,"COMMON_ACS":500000000,"CURRENTDEBT_DEBT":76.488098416326,"ISSUED_COMMON_SHARES":300000000,"HK_COMMON_SHARES":300000000,"PER_SHARES":2000,"TOTAL_MARKET_CAP":183000000,"HKSK_MARKET_CAP":183000000,"PE_TTM":4.243954882504,"PB_TTM":0.460978756172,"REPORT_DATE_SQ":"2022-12-31 00:00:00","REPORT_TYPE_SQ":"2022年年报","OPERATE_INCOME_SQ":691999000,"DPS_HKD":0.13,"OPERATE_INCOME_QOQ_SQ":4.678785421794,"NET_PROFIT_RATIO_SQ":5.835413057,"HOLDER_PROFIT_SQ":40167000,"HOLDER_PROFIT_QOQ_SQ":-22.93657188903,"ROE_AVG_SQ":22.404243570221,"PE_TTM_SQ":4.508156619829,"PB_TTM_SQ":0.565535822135,"ROA_SQ":7.976867936931,"START_DATE":"2023-01-01 00:00:00","FISCAL_YEAR":"12-31","CURRENCY":"HKD","IS_CNY_CODE":0,"DPS_HKD_LY":null,"ORG_TYPE":"一般企业","PREMIUM_INCOME":null,"PREMIUM_INCOME_YOY":null,"NET_INTEREST_INCOME":null,"NET_INTEREST_INCOME_YOY":null,"FEE_COMMISSION_INCOME":null,"FEE_COMMISSION_INCOME_YOY":null,"ACCOUNTS_RECE_TDAYS":4.462118264647,"INVENTORY_TDAYS":5405.89787234043,"CURRENT_ASSETS_TDAYS":2.12240140424,"TOTAL_ASSETS_TDAYS":1.22362248359,"PREMIUM_EXPENSE":null,"LOAN_DEPOSIT":null,"LOAN_EQUITY":null,"LOAN_ASSETS":null,"DEPOSIT_EQUITY":null,"DEPOSIT_ASSETS":null,"EQUITY_MULTIPLIER":2.098525707014,"EQUITY_RATIO":1.100614109835},{"SECUCODE":"02455.HK","SECURITY_CODE":"02455","SECURITY_NAME_ABBR":"润华服务","ORG_CODE":"10000303168","STD_REPORT_DATE":"2023-06-30 00:00:00","REPORT_DATE":"2023-06-30 00:00:00","DATE_TYPE_CODE":"002","REPORT_TYPE":"2023年中报","PER_NETCASH_OPERATE":-0.097036666667,"PER_OI":1.220766666667,"BPS":1.05968,"BASIC_EPS":0.07,"DILUTED_EPS":0.07,"OPERATE_INCOME":366230000,"OPERATE_INCOME_YOY":13.9515418913,"GROSS_PROFIT":67835000,"GROSS_PROFIT_YOY":1.25835920707,"HOLDER_PROFIT":20161000,"HOLDER_PROFIT_YOY":-0.0148780004,"GROSS_PROFIT_RATIO":18.522513174781,"EPS_TTM":0.13388,"OPERATE_INCOME_QOQ":6.479633641089,"NET_PROFIT_RATIO":5.5366845971,"ROE_AVG":7.778853833481,"GROSS_PROFIT_QOQ":0.69013507982,"ROA":3.390745540197,"HOLDER_PROFIT_QOQ":-0.007468817686,"ROE_YEARLY":15.557707666961,"ROIC_YEARLY":8.195295255826,"TOTAL_ASSETS":648771000,"TOTAL_LIABILITIES":330374000,"TAX_EBT":24.682415868063,"OCF_SALES":-7.948829970237,"TOTAL_PARENT_EQUITY":317904000,"DEBT_ASSET_RATIO":50.9230529725,"OPERATE_PROFIT":30353000,"PRETAX_PROFIT":26922000,"NETCASH_OPERATE":-29111000,"NETCASH_INVEST":-7877000,"NETCASH_FINANCE":108249000,"END_CASH":139616000,"DIVI_RATIO":0.886229459217,"DIVIDEND_RATE":21.311475409836,"CURRENT_RATIO":1.703218401594,"COMMON_ACS":500000000,"CURRENTDEBT_DEBT":70.941115220931,"ISSUED_COMMON_SHARES":300000000,"HK_COMMON_SHARES":300000000,"PER_SHARES":2000,"TOTAL_MARKET_CAP":183000000,"HKSK_MARKET_CAP":183000000,"PE_TTM":4.243954882504,"PB_TTM":0.460978756172,"REPORT_DATE_SQ":"2022-06-30 00:00:00","REPORT_TYPE_SQ":"2022年中报","OPERATE_INCOME_SQ":321391000,"DPS_HKD":0.13,"OPERATE_INCOME_QOQ_SQ":9.940329088073,"NET_PROFIT_RATIO_SQ":6.2789561624,"HOLDER_PROFIT_SQ":20164000,"HOLDER_PROFIT_QOQ_SQ":17.656884875847,"ROE_AVG_SQ":11.942420051705,"PE_TTM_SQ":4.508156619829,"PB_TTM_SQ":0.565535822135,"ROA_SQ":4.140494255588,"START_DATE":"2023-01-01 00:00:00","FISCAL_YEAR":"12-31","CURRENCY":"HKD","IS_CNY_CODE":0,"DPS_HKD_LY":null,"ORG_TYPE":"一般企业","PREMIUM_INCOME":null,"PREMIUM_INCOME_YOY":null,"NET_INTEREST_INCOME":null,"NET_INTEREST_INCOME_YOY":null,"FEE_COMMISSION_INCOME":null,"FEE_COMMISSION_INCOME_YOY":null,"ACCOUNTS_RECE_TDAYS":2.236532742185,"INVENTORY_TDAYS":2235.16853932584,"CURRENT_ASSETS_TDAYS":1.098946604032,"TOTAL_ASSETS_TDAYS":0.615938068145,"PREMIUM_EXPENSE":null,"LOAN_DEPOSIT":null,"LOAN_EQUITY":null,"LOAN_ASSETS":null,"DEPOSIT_EQUITY":null,"DEPOSIT_ASSETS":null,"EQUITY_MULTIPLIER":2.037616560459,"EQUITY_RATIO":1.039225678192},{"SECUCODE":"02455.HK","SECURITY_CODE":"02455","SECURITY_NAME_ABBR":"润华服务","ORG_CODE":"10000303168","STD_REPORT_DATE":"2022-12-31 00:00:00","REPORT_DATE":"2022-12-31 00:00:00","DATE_TYPE_CODE":"001","REPORT_TYPE":"2022年年报","PER_NETCASH_OPERATE":-0.078415841584,"PER_OI":3.425737623762,"BPS":0.668166666667,"BASIC_EPS":0.18,"DILUTED_EPS":0.18,"OPERATE_INCOME":691999000,"OPERATE_INCOME_YOY":15.0842011781,"GROSS_PROFIT":122150000,"GROSS_PROFIT_YOY":7.015822396664,"HOLDER_PROFIT":40167000,"HOLDER_PROFIT_YOY":-9.3295711061,"GROSS_PROFIT_RATIO":17.651759612369,"EPS_TTM":0.198846534653,"OPERATE_INCOME_QOQ":4.678785421794,"NET_PROFIT_RATIO":5.835413057,"ROE_AVG":22.404243570221,"GROSS_PROFIT_QOQ":-7.086242830846,"ROA":7.976867936931,"HOLDER_PROFIT_QOQ":-22.93657188903,"ROE_YEARLY":22.404243570221,"ROIC_YEARLY":9.68109298231,"TOTAL_ASSETS":540407000,"TOTAL_LIABILITIES":339580000,"TAX_EBT":21.821033067451,"OCF_SALES":-2.289020648874,"TOTAL_PARENT_EQUITY":200450000,"DEBT_ASSET_RATIO":62.8378240844,"OPERATE_PROFIT":54435000,"PRETAX_PROFIT":51652000,"NETCASH_OPERATE":-16551000,"NETCASH_INVEST":-30699000,"NETCASH_FINANCE":-10066000,"END_CASH":64664000,"DIVI_RATIO":0.596683267359,"DIVIDEND_RATE":21.311475409836,"CURRENT_RATIO":1.265550363816,"COMMON_ACS":500000000,"CURRENTDEBT_DEBT":62.204193415396,"ISSUED_COMMON_SHARES":300000000,"HK_COMMON_SHARES":300000000,"PER_SHARES":2000,"TOTAL_MARKET_CAP":183000000,"HKSK_MARKET_CAP":183000000,"PE_TTM":4.243954882504,"PB_TTM":0.460978756172,"REPORT_DATE_SQ":"2021-12-31 00:00:00","REPORT_TYPE_SQ":"2021年年报","OPERATE_INCOME_SQ":601298000,"DPS_HKD":0.13,"OPERATE_INCOME_QOQ_SQ":23.699688332528,"NET_PROFIT_RATIO_SQ":7.392507542,"HOLDER_PROFIT_SQ":44300000,"HOLDER_PROFIT_QOQ_SQ":-8.986317130295,"ROE_AVG_SQ":33.056371186485,"PE_TTM_SQ":4.508156619829,"PB_TTM_SQ":0.565535822135,"ROA_SQ":8.869348293101,"START_DATE":"2022-01-01 00:00:00","FISCAL_YEAR":"12-31","CURRENCY":"HKD","IS_CNY_CODE":0,"DPS_HKD_LY":null,"ORG_TYPE":"一般企业","PREMIUM_INCOME":null,"PREMIUM_INCOME_YOY":null,"NET_INTEREST_INCOME":null,"NET_INTEREST_INCOME_YOY":null,"FEE_COMMISSION_INCOME":null,"FEE_COMMISSION_INCOME_YOY":null,"ACCOUNTS_RECE_TDAYS":5.867705104996,"INVENTORY_TDAYS":4614.16194331984,"CURRENT_ASSETS_TDAYS":2.679964525274,"TOTAL_ASSETS_TDAYS":1.374258629096,"PREMIUM_EXPENSE":null,"LOAN_DEPOSIT":null,"LOAN_EQUITY":null,"LOAN_ASSETS":null,"DEPOSIT_EQUITY":null,"DEPOSIT_ASSETS":null,"EQUITY_MULTIPLIER":2.690908095024,"EQUITY_RATIO":1.694088301322},{"SECUCODE":"02455.HK","SECURITY_CODE":"02455","SECURITY_NAME_ABBR":"润华服务","ORG_CODE":"10000303168","STD_REPORT_DATE":"2022-06-30 00:00:00","REPORT_DATE":"2022-06-30 00:00:00","DATE_TYPE_CODE":"002","REPORT_TYPE":"2022年中报","PER_NETCASH_OPERATE":-20.30735412,"PER_OI":215.69835574,"BPS":0.59857,"BASIC_EPS":0.09,"DILUTED_EPS":0.09,"OPERATE_INCOME":321391000,"OPERATE_INCOME_YOY":22.8464949163,"GROSS_PROFIT":66992000,"GROSS_PROFIT_YOY":34.879600547636,"HOLDER_PROFIT":20164000,"HOLDER_PROFIT_YOY":63.3770863717,"GROSS_PROFIT_RATIO":20.84439203338,"EPS_TTM":34.98115908,"OPERATE_INCOME_QOQ":9.940329088073,"NET_PROFIT_RATIO":6.2789561624,"ROE_AVG":11.942420051705,"GROSS_PROFIT_QOQ":15.177585814161,"ROA":4.140494255588,"HOLDER_PROFIT_QOQ":17.656884875847,"ROE_YEARLY":23.884840103409,"ROIC_YEARLY":9.920238117201,"TOTAL_ASSETS":507310000,"TOTAL_LIABILITIES":327560000,"TAX_EBT":26.974017514656,"OCF_SALES":-9.414700473878,"TOTAL_PARENT_EQUITY":179571000,"DEBT_ASSET_RATIO":64.5680156118,"OPERATE_PROFIT":27879000,"PRETAX_PROFIT":27634000,"NETCASH_OPERATE":-30258000,"NETCASH_INVEST":-28836000,"NETCASH_FINANCE":-14363000,"END_CASH":48523000,"DIVI_RATIO":0.003391780122,"DIVIDEND_RATE":21.311475409836,"CURRENT_RATIO":1.339576574655,"COMMON_ACS":500000000,"CURRENTDEBT_DEBT":54.391867138845,"ISSUED_COMMON_SHARES":300000000,"HK_COMMON_SHARES":300000000,"PER_SHARES":2000,"TOTAL_MARKET_CAP":183000000,"HKSK_MARKET_CAP":183000000,"PE_TTM":4.243954882504,"PB_TTM":0.460978756172,"REPORT_DATE_SQ":"2021-06-30 00:00:00","REPORT_TYPE_SQ":"2021年中报","OPERATE_INCOME_SQ":261620000,"DPS_HKD":0.13,"OPERATE_INCOME_QOQ_SQ":0,"NET_PROFIT_RATIO_SQ":4.790153658,"HOLDER_PROFIT_SQ":12342000,"HOLDER_PROFIT_QOQ_SQ":0,"ROE_AVG_SQ":null,"PE_TTM_SQ":4.508156619829,"PB_TTM_SQ":0.565535822135,"ROA_SQ":null,"START_DATE":"2022-01-01 00:00:00","FISCAL_YEAR":"12-31","CURRENCY":"HKD","IS_CNY_CODE":0,"DPS_HKD_LY":null,"ORG_TYPE":"一般企业","PREMIUM_INCOME":null,"PREMIUM_INCOME_YOY":null,"NET_INTEREST_INCOME":null,"NET_INTEREST_INCOME_YOY":null,"FEE_COMMISSION_INCOME":null,"FEE_COMMISSION_INCOME_YOY":null,"ACCOUNTS_RECE_TDAYS":2.847343055088,"INVENTORY_TDAYS":1870.58088235294,"CURRENT_ASSETS_TDAYS":1.317810831035,"TOTAL_ASSETS_TDAYS":0.659947227384,"PREMIUM_EXPENSE":null,"LOAN_DEPOSIT":null,"LOAN_EQUITY":null,"LOAN_ASSETS":null,"DEPOSIT_EQUITY":null,"DEPOSIT_ASSETS":null,"EQUITY_MULTIPLIER":2.822308762173,"EQUITY_RATIO":1.824125276353},{"SECUCODE":"02455.HK","SECURITY_CODE":"02455","SECURITY_NAME_ABBR":"润华服务","ORG_CODE":"10000303168","STD_REPORT_DATE":"2021-12-31 00:00:00","REPORT_DATE":"2021-12-31 00:00:00","DATE_TYPE_CODE":"001","REPORT_TYPE":"2021年年报","PER_NETCASH_OPERATE":null,"PER_OI":null,"BPS":0.527053333333,"BASIC_EPS":0.2,"DILUTED_EPS":0.2,"OPERATE_INCOME":601298000,"OPERATE_INCOME_YOY":23.6996883325,"GROSS_PROFIT":114142000,"GROSS_PROFIT_YOY":10.974779784938,"HOLDER_PROFIT":44300000,"HOLDER_PROFIT_YOY":-8.9863171303,"GROSS_PROFIT_RATIO":18.982600973228,"EPS_TTM":null,"OPERATE_INCOME_QOQ":23.699688332528,"NET_PROFIT_RATIO":7.392507542,"ROE_AVG":33.056371186485,"GROSS_PROFIT_QOQ":10.974779784938,"ROA":8.869348293101,"HOLDER_PROFIT_QOQ":-8.986317130295,"ROE_YEARLY":33.056371186485,"ROIC_YEARLY":11.546049973806,"TOTAL_ASSETS":466680000,"TOTAL_LIABILITIES":308401000,"TAX_EBT":21.247608248884,"OCF_SALES":5.147364534723,"TOTAL_PARENT_EQUITY":158116000,"DEBT_ASSET_RATIO":66.084040456,"OPERATE_PROFIT":62203000,"PRETAX_PROFIT":56444000,"NETCASH_OPERATE":30951000,"NETCASH_INVEST":130108000,"NETCASH_FINANCE":-158402000,"END_CASH":121980000,"DIVI_RATIO":null,"DIVIDEND_RATE":21.311475409836,"CURRENT_RATIO":1.214857371381,"COMMON_ACS":500000000,"CURRENTDEBT_DEBT":66.485841485598,"ISSUED_COMMON_SHARES":300000000,"HK_COMMON_SHARES":300000000,"PER_SHARES":2000,"TOTAL_MARKET_CAP":183000000,"HKSK_MARKET_CAP":183000000,"PE_TTM":4.243954882504,"PB_TTM":0.460978756172,"REPORT_DATE_SQ":"2020-12-31 00:00:00","REPORT_TYPE_SQ":"2020年年报","OPERATE_INCOME_SQ":486095000,"DPS_HKD":0.13,"OPERATE_INCOME_QOQ_SQ":22.412464492213,"NET_PROFIT_RATIO_SQ":10.0169719911,"HOLDER_PROFIT_SQ":48674000,"HOLDER_PROFIT_QOQ_SQ":79.555850671389,"ROE_AVG_SQ":47.510932375449,"PE_TTM_SQ":4.508156619829,"PB_TTM_SQ":0.565535822135,"ROA_SQ":11.294909354605,"START_DATE":"2021-01-01 00:00:00","FISCAL_YEAR":"12-31","CURRENCY":"HKD","IS_CNY_CODE":0,"DPS_HKD_LY":null,"ORG_TYPE":"一般企业","PREMIUM_INCOME":null,"PREMIUM_INCOME_YOY":null,"NET_INTEREST_INCOME":null,"NET_INTEREST_INCOME_YOY":null,"FEE_COMMISSION_INCOME":null,"FEE_COMMISSION_INCOME_YOY":null,"ACCOUNTS_RECE_TDAYS":7.597806446722,"INVENTORY_TDAYS":2925.86186186186,"CURRENT_ASSETS_TDAYS":2.068996603848,"TOTAL_ASSETS_TDAYS":1.203864873577,"PREMIUM_EXPENSE":null,"LOAN_DEPOSIT":null,"LOAN_EQUITY":null,"LOAN_ASSETS":null,"DEPOSIT_EQUITY":null,"DEPOSIT_ASSETS":null,"EQUITY_MULTIPLIER":2.948464420423,"EQUITY_RATIO":1.950473070404},{"SECUCODE":"02455.HK","SECURITY_CODE":"02455","SECURITY_NAME_ABBR":"润华服务","ORG_CODE":"10000303168","STD_REPORT_DATE":"2021-06-30 00:00:00","REPORT_DATE":"2021-06-30 00:00:00","DATE_TYPE_CODE":"002","REPORT_TYPE":"2021年中报","PER_NETCASH_OPERATE":null,"PER_OI":null,"BPS":null,"BASIC_EPS":0.06,"DILUTED_EPS":0.06,"OPERATE_INCOME":261620000,"OPERATE_INCOME_YOY":null,"GROSS_PROFIT":49668000,"GROSS_PROFIT_YOY":null,"HOLDER_PROFIT":12342000,"HOLDER_PROFIT_YOY":null,"GROSS_PROFIT_RATIO":18.984787095788,"EPS_TTM":null,"OPERATE_INCOME_QOQ":0,"NET_PROFIT_RATIO":4.790153658,"ROE_AVG":null,"GROSS_PROFIT_QOQ":0,"ROA":null,"HOLDER_PROFIT_QOQ":0,"ROE_YEARLY":null,"ROIC_YEARLY":null,"TOTAL_ASSETS":null,"TOTAL_LIABILITIES":null,"TAX_EBT":30.50133096717,"OCF_SALES":-14.486660041281,"TOTAL_PARENT_EQUITY":null,"DEBT_ASSET_RATIO":null,"OPERATE_PROFIT":22855000,"PRETAX_PROFIT":18032000,"NETCASH_OPERATE":-37900000,"NETCASH_INVEST":125154000,"NETCASH_FINANCE":-109291000,"END_CASH":97286000,"DIVI_RATIO":null,"DIVIDEND_RATE":21.311475409836,"CURRENT_RATIO":null,"COMMON_ACS":500000000,"CURRENTDEBT_DEBT":null,"ISSUED_COMMON_SHARES":300000000,"HK_COMMON_SHARES":300000000,"PER_SHARES":2000,"TOTAL_MARKET_CAP":183000000,"HKSK_MARKET_CAP":183000000,"PE_TTM":4.243954882504,"PB_TTM":0.460978756172,"REPORT_DATE_SQ":"2020-06-30 00:00:00","REPORT_TYPE_SQ":"2020年中报","OPERATE_INCOME_SQ":null,"DPS_HKD":0.13,"OPERATE_INCOME_QOQ_SQ":0,"NET_PROFIT_RATIO_SQ":null,"HOLDER_PROFIT_SQ":null,"HOLDER_PROFIT_QOQ_SQ":0,"ROE_AVG_SQ":null,"PE_TTM_SQ":4.508156619829,"PB_TTM_SQ":0.565535822135,"ROA_SQ":null,"START_DATE":"2021-01-01 00:00:00","FISCAL_YEAR":"12-31","CURRENCY":"HKD","IS_CNY_CODE":0,"DPS_HKD_LY":null,"ORG_TYPE":"一般企业","PREMIUM_INCOME":null,"PREMIUM_INCOME_YOY":null,"NET_INTEREST_INCOME":null,"NET_INTEREST_INCOME_YOY":null,"FEE_COMMISSION_INCOME":null,"FEE_COMMISSION_INCOME_YOY":null,"ACCOUNTS_RECE_TDAYS":null,"INVENTORY_TDAYS":null,"CURRENT_ASSETS_TDAYS":1.575321844479,"TOTAL_ASSETS_TDAYS":0.98304231343,"PREMIUM_EXPENSE":null,"LOAN_DEPOSIT":null,"LOAN_EQUITY":null,"LOAN_ASSETS":null,"DEPOSIT_EQUITY":null,"DEPOSIT_ASSETS":null,"EQUITY_MULTIPLIER":null,"EQUITY_RATIO":null},{"SECUCODE":"02455.HK","SECURITY_CODE":"02455","SECURITY_NAME_ABBR":"润华服务","ORG_CODE":"10000303168","STD_REPORT_DATE":"2020-12-31 00:00:00","REPORT_DATE":"2020-12-31 00:00:00","DATE_TYPE_CODE":"001","REPORT_TYPE":"2020年年报","PER_NETCASH_OPERATE":null,"PER_OI":null,"BPS":0.36637,"BASIC_EPS":0.27,"DILUTED_EPS":0.27,"OPERATE_INCOME":486095000,"OPERATE_INCOME_YOY":22.4124644922,"GROSS_PROFIT":102854000,"GROSS_PROFIT_YOY":53.864795727557,"HOLDER_PROFIT":48674000,"HOLDER_PROFIT_YOY":79.5558506714,"GROSS_PROFIT_RATIO":21.159238420473,"EPS_TTM":null,"OPERATE_INCOME_QOQ":22.412464492213,"NET_PROFIT_RATIO":10.0169719911,"ROE_AVG":47.510932375449,"GROSS_PROFIT_QOQ":53.864795727557,"ROA":11.294909354605,"HOLDER_PROFIT_QOQ":79.555850671389,"ROE_YEARLY":47.510932375449,"ROIC_YEARLY":13.75439944953,"TOTAL_ASSETS":532266000,"TOTAL_LIABILITIES":422337000,"TAX_EBT":21.281686497672,"OCF_SALES":21.329575494502,"TOTAL_PARENT_EQUITY":109911000,"DEBT_ASSET_RATIO":79.346980645,"OPERATE_PROFIT":63152000,"PRETAX_PROFIT":61856000,"NETCASH_OPERATE":103682000,"NETCASH_INVEST":-87122000,"NETCASH_FINANCE":67988000,"END_CASH":119323000,"DIVI_RATIO":null,"DIVIDEND_RATE":21.311475409836,"CURRENT_RATIO":1.015494680201,"COMMON_ACS":500000000,"CURRENTDEBT_DEBT":77.445262906163,"ISSUED_COMMON_SHARES":300000000,"HK_COMMON_SHARES":300000000,"PER_SHARES":2000,"TOTAL_MARKET_CAP":183000000,"HKSK_MARKET_CAP":183000000,"PE_TTM":4.243954882504,"PB_TTM":0.460978756172,"REPORT_DATE_SQ":"2019-12-31 00:00:00","REPORT_TYPE_SQ":"2019年年报","OPERATE_INCOME_SQ":397096000,"DPS_HKD":0.13,"OPERATE_INCOME_QOQ_SQ":null,"NET_PROFIT_RATIO_SQ":6.8265608316,"HOLDER_PROFIT_SQ":27108000,"HOLDER_PROFIT_QOQ_SQ":null,"ROE_AVG_SQ":28.539243038375,"PE_TTM_SQ":4.508156619829,"PB_TTM_SQ":0.565535822135,"ROA_SQ":8.224289992082,"START_DATE":"2020-01-01 00:00:00","FISCAL_YEAR":"12-31","CURRENCY":"HKD","IS_CNY_CODE":0,"DPS_HKD_LY":null,"ORG_TYPE":"一般企业","PREMIUM_INCOME":null,"PREMIUM_INCOME_YOY":null,"NET_INTEREST_INCOME":null,"NET_INTEREST_INCOME_YOY":null,"FEE_COMMISSION_INCOME":null,"FEE_COMMISSION_INCOME_YOY":null,"ACCOUNTS_RECE_TDAYS":7.713528567008,"INVENTORY_TDAYS":284.937546468402,"CURRENT_ASSETS_TDAYS":2.04006303654,"TOTAL_ASSETS_TDAYS":1.127994198695,"PREMIUM_EXPENSE":null,"LOAN_DEPOSIT":null,"LOAN_EQUITY":null,"LOAN_ASSETS":null,"DEPOSIT_EQUITY":null,"DEPOSIT_ASSETS":null,"EQUITY_MULTIPLIER":4.841907049092,"EQUITY_RATIO":3.842536233862},{"SECUCODE":"02455.HK","SECURITY_CODE":"02455","SECURITY_NAME_ABBR":"润华服务","ORG_CODE":"10000303168","STD_REPORT_DATE":"2019-12-31 00:00:00","REPORT_DATE":"2019-12-31 00:00:00","DATE_TYPE_CODE":"001","REPORT_TYPE":"2019年年报","PER_NETCASH_OPERATE":null,"PER_OI":null,"BPS":0.316616666667,"BASIC_EPS":0.34,"DILUTED_EPS":0.34,"OPERATE_INCOME":397096000,"OPERATE_INCOME_YOY":null,"GROSS_PROFIT":66847000,"GROSS_PROFIT_YOY":null,"HOLDER_PROFIT":27108000,"HOLDER_PROFIT_YOY":null,"GROSS_PROFIT_RATIO":16.833964582872,"EPS_TTM":null,"OPERATE_INCOME_QOQ":null,"NET_PROFIT_RATIO":6.8265608316,"ROE_AVG":28.539243038375,"GROSS_PROFIT_QOQ":null,"ROA":8.224289992082,"HOLDER_PROFIT_QOQ":null,"ROE_YEARLY":28.539243038375,"ROIC_YEARLY":9.194326298866,"TOTAL_ASSETS":329609000,"TOTAL_LIABILITIES":234624000,"TAX_EBT":26.340959730449,"OCF_SALES":9.442049277757,"TOTAL_PARENT_EQUITY":94985000,"DEBT_ASSET_RATIO":71.1825223219,"OPERATE_PROFIT":40399000,"PRETAX_PROFIT":36802000,"NETCASH_OPERATE":37494000,"NETCASH_INVEST":-159470000,"NETCASH_FINANCE":91459000,"END_CASH":34775000,"DIVI_RATIO":null,"DIVIDEND_RATE":21.311475409836,"CURRENT_RATIO":0.668789425419,"COMMON_ACS":500000000,"CURRENTDEBT_DEBT":92.025538734315,"ISSUED_COMMON_SHARES":300000000,"HK_COMMON_SHARES":300000000,"PER_SHARES":2000,"TOTAL_MARKET_CAP":183000000,"HKSK_MARKET_CAP":183000000,"PE_TTM":4.243954882504,"PB_TTM":0.460978756172,"REPORT_DATE_SQ":"2018-12-31 00:00:00","REPORT_TYPE_SQ":"2018年年报","OPERATE_INCOME_SQ":null,"DPS_HKD":0.13,"OPERATE_INCOME_QOQ_SQ":null,"NET_PROFIT_RATIO_SQ":null,"HOLDER_PROFIT_SQ":null,"HOLDER_PROFIT_QOQ_SQ":null,"ROE_AVG_SQ":null,"PE_TTM_SQ":4.508156619829,"PB_TTM_SQ":0.565535822135,"ROA_SQ":null,"START_DATE":"2019-01-01 00:00:00","FISCAL_YEAR":"12-31","CURRENCY":"HKD","IS_CNY_CODE":0,"DPS_HKD_LY":null,"ORG_TYPE":"一般企业","PREMIUM_INCOME":null,"PREMIUM_INCOME_YOY":null,"NET_INTEREST_INCOME":null,"NET_INTEREST_INCOME_YOY":null,"FEE_COMMISSION_INCOME":null,"FEE_COMMISSION_INCOME_YOY":null,"ACCOUNTS_RECE_TDAYS":7.523179811682,"INVENTORY_TDAYS":133.164919354839,"CURRENT_ASSETS_TDAYS":5.499906510343,"TOTAL_ASSETS_TDAYS":2.409497313484,"PREMIUM_EXPENSE":null,"LOAN_DEPOSIT":null,"LOAN_EQUITY":null,"LOAN_ASSETS":null,"DEPOSIT_EQUITY":null,"DEPOSIT_ASSETS":null,"EQUITY_MULTIPLIER":3.470116334158,"EQUITY_RATIO":2.470116334158}],"count":9},"success":true,"message":"ok","code":0}