{"version":"839fbe175d69adadde86243dde21792d","result":{"pages":2,"data":[{"SECUCODE":"02457.HK","SECURITY_CODE":"02457","SECURITY_NAME_ABBR":"步阳国际","ORG_CODE":"10000135248","STD_REPORT_DATE":"2024-06-30 00:00:00","REPORT_DATE":"2024-06-30 00:00:00","DATE_TYPE_CODE":"002","REPORT_TYPE":"2024年中报","PER_NETCASH_OPERATE":-0.000429,"PER_OI":0.189315,"BPS":0.393526,"BASIC_EPS":0.012,"DILUTED_EPS":0.012,"OPERATE_INCOME":189315000,"OPERATE_INCOME_YOY":17.0721300121,"GROSS_PROFIT":26912000,"GROSS_PROFIT_YOY":8.067301128378,"HOLDER_PROFIT":12447000,"HOLDER_PROFIT_YOY":-25.3821713327,"GROSS_PROFIT_RATIO":14.215461004147,"EPS_TTM":0.03708,"OPERATE_INCOME_QOQ":7.52125714815,"NET_PROFIT_RATIO":6.5747563585,"ROE_AVG":3.214563805101,"GROSS_PROFIT_QOQ":2.748703635294,"ROA":2.519026267937,"HOLDER_PROFIT_QOQ":-10.248341966404,"ROE_YEARLY":6.429127610203,"ROIC_YEARLY":8.71336616509,"TOTAL_ASSETS":489123000,"TOTAL_LIABILITIES":95597000,"TAX_EBT":15.796238668651,"OCF_SALES":-0.226606449568,"TOTAL_PARENT_EQUITY":393526000,"DEBT_ASSET_RATIO":19.5445726331,"OPERATE_PROFIT":12238000,"PRETAX_PROFIT":14782000,"NETCASH_OPERATE":-429000,"NETCASH_INVEST":-44470000,"NETCASH_FINANCE":-28044000,"END_CASH":153112000,"DIVI_RATIO":null,"DIVIDEND_RATE":null,"CURRENT_RATIO":4.509604161237,"COMMON_ACS":2000000000,"CURRENTDEBT_DEBT":92.307289977719,"ISSUED_COMMON_SHARES":1000000000,"HK_COMMON_SHARES":1000000000,"PER_SHARES":5000,"TOTAL_MARKET_CAP":255000000,"HKSK_MARKET_CAP":255000000,"PE_TTM":6.19915392886,"PB_TTM":0.59140539634,"REPORT_DATE_SQ":"2023-06-30 00:00:00","REPORT_TYPE_SQ":"2023年中报","OPERATE_INCOME_SQ":161708000,"DPS_HKD":null,"OPERATE_INCOME_QOQ_SQ":-9.855812358486,"NET_PROFIT_RATIO_SQ":10.3155069632,"HOLDER_PROFIT_SQ":16681000,"HOLDER_PROFIT_QOQ_SQ":-16.254816241849,"ROE_AVG_SQ":4.440285992643,"PE_TTM_SQ":5.434756530755,"PB_TTM_SQ":0.636454501881,"ROA_SQ":3.437244681914,"START_DATE":"2024-01-01 00:00:00","FISCAL_YEAR":"12-31","CURRENCY":"HKD","IS_CNY_CODE":0,"DPS_HKD_LY":null,"ORG_TYPE":"一般企业","PREMIUM_INCOME":null,"PREMIUM_INCOME_YOY":null,"NET_INTEREST_INCOME":null,"NET_INTEREST_INCOME_YOY":null,"FEE_COMMISSION_INCOME":null,"FEE_COMMISSION_INCOME_YOY":null,"ACCOUNTS_RECE_TDAYS":2.294365736308,"INVENTORY_TDAYS":1.666269943056,"CURRENT_ASSETS_TDAYS":0.469000251451,"TOTAL_ASSETS_TDAYS":0.38313606324,"PREMIUM_EXPENSE":null,"LOAN_DEPOSIT":null,"LOAN_EQUITY":null,"LOAN_ASSETS":null,"DEPOSIT_EQUITY":null,"DEPOSIT_ASSETS":null,"EQUITY_MULTIPLIER":1.242924228641,"EQUITY_RATIO":0.242924228641},{"SECUCODE":"02457.HK","SECURITY_CODE":"02457","SECURITY_NAME_ABBR":"步阳国际","ORG_CODE":"10000135248","STD_REPORT_DATE":"2023-12-31 00:00:00","REPORT_DATE":"2023-12-31 00:00:00","DATE_TYPE_CODE":"001","REPORT_TYPE":"2023年年报","PER_NETCASH_OPERATE":-0.024565,"PER_OI":0.367053,"BPS":0.380887,"BASIC_EPS":0.04,"DILUTED_EPS":0.04,"OPERATE_INCOME":367053000,"OPERATE_INCOME_YOY":-16.6411932896,"GROSS_PROFIT":73089000,"GROSS_PROFIT_YOY":-15.76891163048,"HOLDER_PROFIT":41314000,"HOLDER_PROFIT_YOY":-23.4699170124,"GROSS_PROFIT_RATIO":19.912383225311,"EPS_TTM":0.041314,"OPERATE_INCOME_QOQ":-7.527252847472,"NET_PROFIT_RATIO":11.255595241,"ROE_AVG":11.041342899255,"GROSS_PROFIT_QOQ":1.575984990619,"ROA":8.323411079481,"HOLDER_PROFIT_QOQ":-8.61554115331,"ROE_YEARLY":11.041342899255,"ROIC_YEARLY":16.583276636141,"TOTAL_ASSETS":499116000,"TOTAL_LIABILITIES":118229000,"TAX_EBT":27.701945961081,"OCF_SALES":-6.692493999504,"TOTAL_PARENT_EQUITY":380887000,"DEBT_ASSET_RATIO":23.6876798179,"OPERATE_PROFIT":49999000,"PRETAX_PROFIT":57144000,"NETCASH_OPERATE":-24565000,"NETCASH_INVEST":-23636000,"NETCASH_FINANCE":-1941000,"END_CASH":223729000,"DIVI_RATIO":null,"DIVIDEND_RATE":null,"CURRENT_RATIO":3.719095509344,"COMMON_ACS":2000000000,"CURRENTDEBT_DEBT":93.101523314923,"ISSUED_COMMON_SHARES":1000000000,"HK_COMMON_SHARES":1000000000,"PER_SHARES":5000,"TOTAL_MARKET_CAP":290000000,"HKSK_MARKET_CAP":290000000,"PE_TTM":7.050018193606,"PB_TTM":0.672578686033,"REPORT_DATE_SQ":"2022-12-31 00:00:00","REPORT_TYPE_SQ":"2022年年报","OPERATE_INCOME_SQ":440329000,"DPS_HKD":null,"OPERATE_INCOME_QOQ_SQ":-0.006131402774,"NET_PROFIT_RATIO_SQ":12.2599238297,"HOLDER_PROFIT_SQ":53984000,"HOLDER_PROFIT_QOQ_SQ":43.334306879431,"ROE_AVG_SQ":18.554900976827,"PE_TTM_SQ":5.742384258911,"PB_TTM_SQ":0.672480228402,"ROA_SQ":12.824874326495,"START_DATE":"2023-01-01 00:00:00","FISCAL_YEAR":"12-31","CURRENCY":"HKD","IS_CNY_CODE":0,"DPS_HKD_LY":0.03,"ORG_TYPE":"一般企业","PREMIUM_INCOME":null,"PREMIUM_INCOME_YOY":null,"NET_INTEREST_INCOME":null,"NET_INTEREST_INCOME_YOY":null,"FEE_COMMISSION_INCOME":null,"FEE_COMMISSION_INCOME_YOY":null,"ACCOUNTS_RECE_TDAYS":4.705868023949,"INVENTORY_TDAYS":3.931103652095,"CURRENT_ASSETS_TDAYS":0.883104228544,"TOTAL_ASSETS_TDAYS":0.739490973267,"PREMIUM_EXPENSE":null,"LOAN_DEPOSIT":null,"LOAN_EQUITY":null,"LOAN_ASSETS":null,"DEPOSIT_EQUITY":null,"DEPOSIT_ASSETS":null,"EQUITY_MULTIPLIER":1.310404398155,"EQUITY_RATIO":0.310404398155},{"SECUCODE":"02457.HK","SECURITY_CODE":"02457","SECURITY_NAME_ABBR":"步阳国际","ORG_CODE":"10000135248","STD_REPORT_DATE":"2023-06-30 00:00:00","REPORT_DATE":"2023-06-30 00:00:00","DATE_TYPE_CODE":"002","REPORT_TYPE":"2023年中报","PER_NETCASH_OPERATE":-0.014286,"PER_OI":0.161708,"BPS":0.383884,"BASIC_EPS":0.017,"DILUTED_EPS":0.017,"OPERATE_INCOME":161708000,"OPERATE_INCOME_YOY":-21.1588154418,"GROSS_PROFIT":24903000,"GROSS_PROFIT_YOY":-37.303625377644,"HOLDER_PROFIT":16681000,"HOLDER_PROFIT_YOY":-34.4712445003,"GROSS_PROFIT_RATIO":15.399980211245,"EPS_TTM":0.045209,"OPERATE_INCOME_QOQ":-9.855812358486,"NET_PROFIT_RATIO":10.3155069632,"ROE_AVG":4.440285992643,"GROSS_PROFIT_QOQ":-17.075784815378,"ROA":3.437244681914,"HOLDER_PROFIT_QOQ":-16.254816241849,"ROE_YEARLY":8.880571985285,"ROIC_YEARLY":13.629993994338,"TOTAL_ASSETS":477001000,"TOTAL_LIABILITIES":93117000,"TAX_EBT":25.789661001869,"OCF_SALES":-8.834442328147,"TOTAL_PARENT_EQUITY":383884000,"DEBT_ASSET_RATIO":19.5213427226,"OPERATE_PROFIT":19283000,"PRETAX_PROFIT":22478000,"NETCASH_OPERATE":-14286000,"NETCASH_INVEST":-47255000,"NETCASH_FINANCE":-1671000,"END_CASH":210337000,"DIVI_RATIO":null,"DIVIDEND_RATE":null,"CURRENT_RATIO":4.256256173856,"COMMON_ACS":2000000000,"CURRENTDEBT_DEBT":91.321670586467,"ISSUED_COMMON_SHARES":1000000000,"HK_COMMON_SHARES":1000000000,"PER_SHARES":5000,"TOTAL_MARKET_CAP":290000000,"HKSK_MARKET_CAP":290000000,"PE_TTM":7.050018193606,"PB_TTM":0.672578686033,"REPORT_DATE_SQ":"2022-06-30 00:00:00","REPORT_TYPE_SQ":"2022年中报","OPERATE_INCOME_SQ":205106000,"DPS_HKD":null,"OPERATE_INCOME_QOQ_SQ":0,"NET_PROFIT_RATIO_SQ":12.4111435063,"HOLDER_PROFIT_SQ":25456000,"HOLDER_PROFIT_QOQ_SQ":0,"ROE_AVG_SQ":null,"PE_TTM_SQ":5.742384258911,"PB_TTM_SQ":0.672480228402,"ROA_SQ":null,"START_DATE":"2023-01-01 00:00:00","FISCAL_YEAR":"12-31","CURRENCY":"HKD","IS_CNY_CODE":0,"DPS_HKD_LY":0.03,"ORG_TYPE":"一般企业","PREMIUM_INCOME":null,"PREMIUM_INCOME_YOY":null,"NET_INTEREST_INCOME":null,"NET_INTEREST_INCOME_YOY":null,"FEE_COMMISSION_INCOME":null,"FEE_COMMISSION_INCOME_YOY":null,"ACCOUNTS_RECE_TDAYS":2.123964011296,"INVENTORY_TDAYS":2.207208660719,"CURRENT_ASSETS_TDAYS":0.412603560411,"TOTAL_ASSETS_TDAYS":0.333211415996,"PREMIUM_EXPENSE":null,"LOAN_DEPOSIT":null,"LOAN_EQUITY":null,"LOAN_ASSETS":null,"DEPOSIT_EQUITY":null,"DEPOSIT_ASSETS":null,"EQUITY_MULTIPLIER":1.242565462484,"EQUITY_RATIO":0.242565462483},{"SECUCODE":"02457.HK","SECURITY_CODE":"02457","SECURITY_NAME_ABBR":"步阳国际","ORG_CODE":"10000135248","STD_REPORT_DATE":"2022-12-31 00:00:00","REPORT_DATE":"2022-12-31 00:00:00","DATE_TYPE_CODE":"001","REPORT_TYPE":"2022年年报","PER_NETCASH_OPERATE":0.140338,"PER_OI":0.440329,"BPS":0.367464,"BASIC_EPS":0.07,"DILUTED_EPS":0.07,"OPERATE_INCOME":440329000,"OPERATE_INCOME_YOY":-0.0061314028,"GROSS_PROFIT":86772000,"GROSS_PROFIT_YOY":12.444116160635,"HOLDER_PROFIT":53984000,"HOLDER_PROFIT_YOY":43.3343068794,"GROSS_PROFIT_RATIO":19.706174246984,"EPS_TTM":0.053984,"OPERATE_INCOME_QOQ":-0.006131402774,"NET_PROFIT_RATIO":12.2599238297,"ROE_AVG":18.554900976827,"GROSS_PROFIT_QOQ":12.444116160634,"ROA":12.824874326495,"HOLDER_PROFIT_QOQ":43.334306879431,"ROE_YEARLY":18.554900976827,"ROIC_YEARLY":21.639909406129,"TOTAL_ASSETS":493602000,"TOTAL_LIABILITIES":126138000,"TAX_EBT":24.938820912125,"OCF_SALES":31.871169057682,"TOTAL_PARENT_EQUITY":367464000,"DEBT_ASSET_RATIO":25.5545966183,"OPERATE_PROFIT":70746000,"PRETAX_PROFIT":71920000,"NETCASH_OPERATE":140338000,"NETCASH_INVEST":-7696000,"NETCASH_FINANCE":63589000,"END_CASH":270728000,"DIVI_RATIO":null,"DIVIDEND_RATE":null,"CURRENT_RATIO":3.597740257525,"COMMON_ACS":2000000000,"CURRENTDEBT_DEBT":92.969604718642,"ISSUED_COMMON_SHARES":1000000000,"HK_COMMON_SHARES":1000000000,"PER_SHARES":5000,"TOTAL_MARKET_CAP":290000000,"HKSK_MARKET_CAP":290000000,"PE_TTM":7.050018193606,"PB_TTM":0.672578686033,"REPORT_DATE_SQ":"2021-12-31 00:00:00","REPORT_TYPE_SQ":"2021年年报","OPERATE_INCOME_SQ":440356000,"DPS_HKD":null,"OPERATE_INCOME_QOQ_SQ":21.593911965385,"NET_PROFIT_RATIO_SQ":8.5528526919,"HOLDER_PROFIT_SQ":37663000,"HOLDER_PROFIT_QOQ_SQ":8.520140609693,"ROE_AVG_SQ":19.257327657834,"PE_TTM_SQ":5.742384258911,"PB_TTM_SQ":0.672480228402,"ROA_SQ":10.94703492977,"START_DATE":"2022-01-01 00:00:00","FISCAL_YEAR":"12-31","CURRENCY":"HKD","IS_CNY_CODE":0,"DPS_HKD_LY":null,"ORG_TYPE":"一般企业","PREMIUM_INCOME":null,"PREMIUM_INCOME_YOY":null,"NET_INTEREST_INCOME":null,"NET_INTEREST_INCOME_YOY":null,"FEE_COMMISSION_INCOME":null,"FEE_COMMISSION_INCOME_YOY":null,"ACCOUNTS_RECE_TDAYS":5.219332661649,"INVENTORY_TDAYS":5.21128462882,"CURRENT_ASSETS_TDAYS":1.274415400801,"TOTAL_ASSETS_TDAYS":1.046081077229,"PREMIUM_EXPENSE":null,"LOAN_DEPOSIT":null,"LOAN_EQUITY":null,"LOAN_ASSETS":null,"DEPOSIT_EQUITY":null,"DEPOSIT_ASSETS":null,"EQUITY_MULTIPLIER":1.343266279145,"EQUITY_RATIO":0.343266279146},{"SECUCODE":"02457.HK","SECURITY_CODE":"02457","SECURITY_NAME_ABBR":"步阳国际","ORG_CODE":"10000135248","STD_REPORT_DATE":"2022-06-30 00:00:00","REPORT_DATE":"2022-06-30 00:00:00","DATE_TYPE_CODE":"002","REPORT_TYPE":"2022年中报","PER_NETCASH_OPERATE":null,"PER_OI":null,"BPS":null,"BASIC_EPS":0.03,"DILUTED_EPS":0.03,"OPERATE_INCOME":205106000,"OPERATE_INCOME_YOY":null,"GROSS_PROFIT":39720000,"GROSS_PROFIT_YOY":null,"HOLDER_PROFIT":25456000,"HOLDER_PROFIT_YOY":null,"GROSS_PROFIT_RATIO":19.365596325802,"EPS_TTM":0.227178797635,"OPERATE_INCOME_QOQ":0,"NET_PROFIT_RATIO":12.4111435063,"ROE_AVG":null,"GROSS_PROFIT_QOQ":0,"ROA":null,"HOLDER_PROFIT_QOQ":0,"ROE_YEARLY":null,"ROIC_YEARLY":null,"TOTAL_ASSETS":null,"TOTAL_LIABILITIES":null,"TAX_EBT":25.025770918623,"OCF_SALES":22.265072694119,"TOTAL_PARENT_EQUITY":null,"DEBT_ASSET_RATIO":null,"OPERATE_PROFIT":34026000,"PRETAX_PROFIT":33953000,"NETCASH_OPERATE":45667000,"NETCASH_INVEST":-3999000,"NETCASH_FINANCE":-2091000,"END_CASH":113056000,"DIVI_RATIO":null,"DIVIDEND_RATE":null,"CURRENT_RATIO":null,"COMMON_ACS":2000000000,"CURRENTDEBT_DEBT":null,"ISSUED_COMMON_SHARES":1000000000,"HK_COMMON_SHARES":1000000000,"PER_SHARES":5000,"TOTAL_MARKET_CAP":290000000,"HKSK_MARKET_CAP":290000000,"PE_TTM":7.050018193606,"PB_TTM":0.672578686033,"REPORT_DATE_SQ":"2021-06-30 00:00:00","REPORT_TYPE_SQ":"2021年中报","OPERATE_INCOME_SQ":null,"DPS_HKD":null,"OPERATE_INCOME_QOQ_SQ":0,"NET_PROFIT_RATIO_SQ":null,"HOLDER_PROFIT_SQ":null,"HOLDER_PROFIT_QOQ_SQ":0,"ROE_AVG_SQ":null,"PE_TTM_SQ":5.742384258911,"PB_TTM_SQ":0.672480228402,"ROA_SQ":null,"START_DATE":"2022-01-01 00:00:00","FISCAL_YEAR":"12-31","CURRENCY":"HKD","IS_CNY_CODE":0,"DPS_HKD_LY":null,"ORG_TYPE":"一般企业","PREMIUM_INCOME":null,"PREMIUM_INCOME_YOY":null,"NET_INTEREST_INCOME":null,"NET_INTEREST_INCOME_YOY":null,"FEE_COMMISSION_INCOME":null,"FEE_COMMISSION_INCOME_YOY":null,"ACCOUNTS_RECE_TDAYS":null,"INVENTORY_TDAYS":null,"CURRENT_ASSETS_TDAYS":1.524260372619,"TOTAL_ASSETS_TDAYS":1.177883317732,"PREMIUM_EXPENSE":null,"LOAN_DEPOSIT":null,"LOAN_EQUITY":null,"LOAN_ASSETS":null,"DEPOSIT_EQUITY":null,"DEPOSIT_ASSETS":null,"EQUITY_MULTIPLIER":null,"EQUITY_RATIO":null},{"SECUCODE":"02457.HK","SECURITY_CODE":"02457","SECURITY_NAME_ABBR":"步阳国际","ORG_CODE":"10000135248","STD_REPORT_DATE":"2021-12-31 00:00:00","REPORT_DATE":"2021-12-31 00:00:00","DATE_TYPE_CODE":"001","REPORT_TYPE":"2021年年报","PER_NETCASH_OPERATE":0.158101677105,"PER_OI":2.65617573245,"BPS":0.21442,"BASIC_EPS":0.05,"DILUTED_EPS":0.05,"OPERATE_INCOME":440356000,"OPERATE_INCOME_YOY":21.5939119654,"GROSS_PROFIT":77169000,"GROSS_PROFIT_YOY":-0.533622056378,"HOLDER_PROFIT":37663000,"HOLDER_PROFIT_YOY":8.5201406097,"GROSS_PROFIT_RATIO":17.524230395407,"EPS_TTM":0.227178797635,"OPERATE_INCOME_QOQ":21.593911965385,"NET_PROFIT_RATIO":8.5528526919,"ROE_AVG":19.257327657834,"GROSS_PROFIT_QOQ":-0.533622056378,"ROA":10.94703492977,"HOLDER_PROFIT_QOQ":8.520140609693,"ROE_YEARLY":19.257327657834,"ROIC_YEARLY":12.230450616913,"TOTAL_ASSETS":348262000,"TOTAL_LIABILITIES":133842000,"TAX_EBT":25.157482662004,"OCF_SALES":5.95222955972,"TOTAL_PARENT_EQUITY":214420000,"DEBT_ASSET_RATIO":38.4314108344,"OPERATE_PROFIT":49795000,"PRETAX_PROFIT":50323000,"NETCASH_OPERATE":26211000,"NETCASH_INVEST":-25090000,"NETCASH_FINANCE":-23279000,"END_CASH":72206000,"DIVI_RATIO":null,"DIVIDEND_RATE":null,"CURRENT_RATIO":2.135499075566,"COMMON_ACS":2000000000,"CURRENTDEBT_DEBT":94.158037088507,"ISSUED_COMMON_SHARES":1000000000,"HK_COMMON_SHARES":1000000000,"PER_SHARES":5000,"TOTAL_MARKET_CAP":290000000,"HKSK_MARKET_CAP":290000000,"PE_TTM":7.050018193606,"PB_TTM":0.672578686033,"REPORT_DATE_SQ":"2020-12-31 00:00:00","REPORT_TYPE_SQ":"2020年年报","OPERATE_INCOME_SQ":362153000,"DPS_HKD":null,"OPERATE_INCOME_QOQ_SQ":1.306922605677,"NET_PROFIT_RATIO_SQ":9.5832424417,"HOLDER_PROFIT_SQ":34706000,"HOLDER_PROFIT_QOQ_SQ":-16.100178890877,"ROE_AVG_SQ":32.244008714597,"PE_TTM_SQ":5.742384258911,"PB_TTM_SQ":0.672480228402,"ROA_SQ":11.80632805032,"START_DATE":"2021-01-01 00:00:00","FISCAL_YEAR":"12-31","CURRENCY":"HKD","IS_CNY_CODE":0,"DPS_HKD_LY":null,"ORG_TYPE":"一般企业","PREMIUM_INCOME":null,"PREMIUM_INCOME_YOY":null,"NET_INTEREST_INCOME":null,"NET_INTEREST_INCOME_YOY":null,"FEE_COMMISSION_INCOME":null,"FEE_COMMISSION_INCOME_YOY":null,"ACCOUNTS_RECE_TDAYS":5.26310379653,"INVENTORY_TDAYS":5.002748028513,"CURRENT_ASSETS_TDAYS":1.652451437502,"TOTAL_ASSETS_TDAYS":1.27992791693,"PREMIUM_EXPENSE":null,"LOAN_DEPOSIT":null,"LOAN_EQUITY":null,"LOAN_ASSETS":null,"DEPOSIT_EQUITY":null,"DEPOSIT_ASSETS":null,"EQUITY_MULTIPLIER":1.62420483164,"EQUITY_RATIO":0.624204831639},{"SECUCODE":"02457.HK","SECURITY_CODE":"02457","SECURITY_NAME_ABBR":"步阳国际","ORG_CODE":"10000135248","STD_REPORT_DATE":"2020-12-31 00:00:00","REPORT_DATE":"2020-12-31 00:00:00","DATE_TYPE_CODE":"001","REPORT_TYPE":"2020年年报","PER_NETCASH_OPERATE":0.201524962535,"PER_OI":2.235583831315,"BPS":0.176735,"BASIC_EPS":null,"DILUTED_EPS":null,"OPERATE_INCOME":362153000,"OPERATE_INCOME_YOY":-3.1782612067,"GROSS_PROFIT":77583000,"GROSS_PROFIT_YOY":5.23010566007,"HOLDER_PROFIT":34706000,"HOLDER_PROFIT_YOY":-24.7093023256,"GROSS_PROFIT_RATIO":21.422713604471,"EPS_TTM":0.214241418543,"OPERATE_INCOME_QOQ":1.306922605677,"NET_PROFIT_RATIO":9.5832424417,"ROE_AVG":32.244008714597,"GROSS_PROFIT_QOQ":8.182388621627,"ROA":11.80632805032,"HOLDER_PROFIT_QOQ":-16.100178890877,"ROE_YEARLY":32.244008714597,"ROIC_YEARLY":12.958437490082,"TOTAL_ASSETS":339833000,"TOTAL_LIABILITIES":163098000,"TAX_EBT":24.123305640577,"OCF_SALES":9.014422081275,"TOTAL_PARENT_EQUITY":176735000,"DEBT_ASSET_RATIO":47.993573314,"OPERATE_PROFIT":45181000,"PRETAX_PROFIT":45740000,"NETCASH_OPERATE":32646000,"NETCASH_INVEST":-21586000,"NETCASH_FINANCE":34638000,"END_CASH":95753000,"DIVI_RATIO":null,"DIVIDEND_RATE":null,"CURRENT_RATIO":1.704298679069,"COMMON_ACS":2000000000,"CURRENTDEBT_DEBT":94.921458264356,"ISSUED_COMMON_SHARES":1000000000,"HK_COMMON_SHARES":1000000000,"PER_SHARES":5000,"TOTAL_MARKET_CAP":290000000,"HKSK_MARKET_CAP":290000000,"PE_TTM":7.050018193606,"PB_TTM":0.672578686033,"REPORT_DATE_SQ":"2019-12-31 00:00:00","REPORT_TYPE_SQ":"2019年年报","OPERATE_INCOME_SQ":374041000,"DPS_HKD":null,"OPERATE_INCOME_QOQ_SQ":10.361645565512,"NET_PROFIT_RATIO_SQ":12.3237826869,"HOLDER_PROFIT_SQ":46096000,"HOLDER_PROFIT_QOQ_SQ":77.128804180756,"ROE_AVG_SQ":276.844539203027,"PE_TTM_SQ":5.742384258911,"PB_TTM_SQ":0.672480228402,"ROA_SQ":17.185539779029,"START_DATE":"2020-01-01 00:00:00","FISCAL_YEAR":"12-31","CURRENCY":"HKD","IS_CNY_CODE":0,"DPS_HKD_LY":null,"ORG_TYPE":"一般企业","PREMIUM_INCOME":null,"PREMIUM_INCOME_YOY":null,"NET_INTEREST_INCOME":null,"NET_INTEREST_INCOME_YOY":null,"FEE_COMMISSION_INCOME":null,"FEE_COMMISSION_INCOME_YOY":null,"ACCOUNTS_RECE_TDAYS":5.845231370144,"INVENTORY_TDAYS":4.409681868191,"CURRENT_ASSETS_TDAYS":1.611882836249,"TOTAL_ASSETS_TDAYS":1.231976350604,"PREMIUM_EXPENSE":null,"LOAN_DEPOSIT":null,"LOAN_EQUITY":null,"LOAN_ASSETS":null,"DEPOSIT_EQUITY":null,"DEPOSIT_ASSETS":null,"EQUITY_MULTIPLIER":1.922839279149,"EQUITY_RATIO":0.922839279147},{"SECUCODE":"02457.HK","SECURITY_CODE":"02457","SECURITY_NAME_ABBR":"步阳国际","ORG_CODE":"10000135248","STD_REPORT_DATE":"2020-06-30 00:00:00","REPORT_DATE":"2020-06-30 00:00:00","DATE_TYPE_CODE":"002","REPORT_TYPE":"2020年中报","PER_NETCASH_OPERATE":0.242015754967,"PER_OI":0.88806533964,"BPS":0.156481,"BASIC_EPS":null,"DILUTED_EPS":null,"OPERATE_INCOME":132592000,"OPERATE_INCOME_YOY":-11.1027676464,"GROSS_PROFIT":29754000,"GROSS_PROFIT_YOY":-6.333816029717,"HOLDER_PROFIT":14506000,"HOLDER_PROFIT_YOY":-24.5893117072,"GROSS_PROFIT_RATIO":22.440267889465,"EPS_TTM":0.277058275307,"OPERATE_INCOME_QOQ":-4.427322138482,"NET_PROFIT_RATIO":10.9403282249,"ROE_AVG":14.876651779076,"GROSS_PROFIT_QOQ":-2.728986667028,"ROA":5.188339291494,"HOLDER_PROFIT_QOQ":-10.261194029851,"ROE_YEARLY":29.753303558151,"ROIC_YEARLY":15.428468108189,"TOTAL_ASSETS":311088000,"TOTAL_LIABILITIES":154607000,"TAX_EBT":23.216176159221,"OCF_SALES":27.252021238084,"TOTAL_PARENT_EQUITY":156481000,"DEBT_ASSET_RATIO":49.6987990536,"OPERATE_PROFIT":null,"PRETAX_PROFIT":18892000,"NETCASH_OPERATE":36134000,"NETCASH_INVEST":-6876000,"NETCASH_FINANCE":51563000,"END_CASH":130822000,"DIVI_RATIO":null,"DIVIDEND_RATE":null,"CURRENT_RATIO":1.701030505698,"COMMON_ACS":2000000000,"CURRENTDEBT_DEBT":94.775786348613,"ISSUED_COMMON_SHARES":1000000000,"HK_COMMON_SHARES":1000000000,"PER_SHARES":5000,"TOTAL_MARKET_CAP":290000000,"HKSK_MARKET_CAP":290000000,"PE_TTM":7.050018193606,"PB_TTM":0.672578686033,"REPORT_DATE_SQ":"2019-06-30 00:00:00","REPORT_TYPE_SQ":"2019年中报","OPERATE_INCOME_SQ":149152000,"DPS_HKD":null,"OPERATE_INCOME_QOQ_SQ":0,"NET_PROFIT_RATIO_SQ":12.8969105342,"HOLDER_PROFIT_SQ":19236000,"HOLDER_PROFIT_QOQ_SQ":0,"ROE_AVG_SQ":null,"PE_TTM_SQ":5.742384258911,"PB_TTM_SQ":0.672480228402,"ROA_SQ":null,"START_DATE":"2020-01-01 00:00:00","FISCAL_YEAR":"12-31","CURRENCY":"HKD","IS_CNY_CODE":0,"DPS_HKD_LY":null,"ORG_TYPE":"一般企业","PREMIUM_INCOME":null,"PREMIUM_INCOME_YOY":null,"NET_INTEREST_INCOME":null,"NET_INTEREST_INCOME_YOY":null,"FEE_COMMISSION_INCOME":null,"FEE_COMMISSION_INCOME_YOY":null,"ACCOUNTS_RECE_TDAYS":2.788358008075,"INVENTORY_TDAYS":1.764913846365,"CURRENT_ASSETS_TDAYS":0.609961932583,"TOTAL_ASSETS_TDAYS":0.474239820307,"PREMIUM_EXPENSE":null,"LOAN_DEPOSIT":null,"LOAN_EQUITY":null,"LOAN_ASSETS":null,"DEPOSIT_EQUITY":null,"DEPOSIT_ASSETS":null,"EQUITY_MULTIPLIER":1.988024105161,"EQUITY_RATIO":0.988024105163},{"SECUCODE":"02457.HK","SECURITY_CODE":"02457","SECURITY_NAME_ABBR":"步阳国际","ORG_CODE":"10000135248","STD_REPORT_DATE":"2019-12-31 00:00:00","REPORT_DATE":"2019-12-31 00:00:00","DATE_TYPE_CODE":"001","REPORT_TYPE":"2019年年报","PER_NETCASH_OPERATE":1.732831787896,"PER_OI":7.519840991931,"BPS":0.038536,"BASIC_EPS":null,"DILUTED_EPS":null,"OPERATE_INCOME":374041000,"OPERATE_INCOME_YOY":10.3616455655,"GROSS_PROFIT":73727000,"GROSS_PROFIT_YOY":23.93383650759,"HOLDER_PROFIT":46096000,"HOLDER_PROFIT_YOY":77.1288041808,"GROSS_PROFIT_RATIO":19.710940779219,"EPS_TTM":0.926728862248,"OPERATE_INCOME_QOQ":10.361645565512,"NET_PROFIT_RATIO":12.3237826869,"ROE_AVG":276.844539203027,"GROSS_PROFIT_QOQ":23.93383650759,"ROA":17.185539779029,"HOLDER_PROFIT_QOQ":77.128804180756,"ROE_YEARLY":276.844539203027,"ROIC_YEARLY":22.129780099233,"TOTAL_ASSETS":248089000,"TOTAL_LIABILITIES":209553000,"TAX_EBT":24.075568659101,"OCF_SALES":23.043463149762,"TOTAL_PARENT_EQUITY":38536000,"DEBT_ASSET_RATIO":84.4668647139,"OPERATE_PROFIT":62623000,"PRETAX_PROFIT":60713000,"NETCASH_OPERATE":86192000,"NETCASH_INVEST":-11636000,"NETCASH_FINANCE":-87543000,"END_CASH":52271000,"DIVI_RATIO":null,"DIVIDEND_RATE":null,"CURRENT_RATIO":0.923782917015,"COMMON_ACS":2000000000,"CURRENTDEBT_DEBT":95.826831398262,"ISSUED_COMMON_SHARES":1000000000,"HK_COMMON_SHARES":1000000000,"PER_SHARES":5000,"TOTAL_MARKET_CAP":290000000,"HKSK_MARKET_CAP":290000000,"PE_TTM":7.050018193606,"PB_TTM":0.672578686033,"REPORT_DATE_SQ":"2018-12-31 00:00:00","REPORT_TYPE_SQ":"2018年年报","OPERATE_INCOME_SQ":338923000,"DPS_HKD":null,"OPERATE_INCOME_QOQ_SQ":36.808134465722,"NET_PROFIT_RATIO_SQ":7.6784402357,"HOLDER_PROFIT_SQ":26024000,"HOLDER_PROFIT_QOQ_SQ":202.534294350151,"ROE_AVG_SQ":41.497970866588,"PE_TTM_SQ":5.742384258911,"PB_TTM_SQ":0.672480228402,"ROA_SQ":10.182928022225,"START_DATE":"2019-01-01 00:00:00","FISCAL_YEAR":"12-31","CURRENCY":"HKD","IS_CNY_CODE":0,"DPS_HKD_LY":null,"ORG_TYPE":"一般企业","PREMIUM_INCOME":null,"PREMIUM_INCOME_YOY":null,"NET_INTEREST_INCOME":null,"NET_INTEREST_INCOME_YOY":null,"FEE_COMMISSION_INCOME":null,"FEE_COMMISSION_INCOME_YOY":null,"ACCOUNTS_RECE_TDAYS":7.341622831122,"INVENTORY_TDAYS":4.312254099538,"CURRENT_ASSETS_TDAYS":1.83886160396,"TOTAL_ASSETS_TDAYS":1.394502014163,"PREMIUM_EXPENSE":null,"LOAN_DEPOSIT":null,"LOAN_EQUITY":null,"LOAN_ASSETS":null,"DEPOSIT_EQUITY":null,"DEPOSIT_ASSETS":null,"EQUITY_MULTIPLIER":6.437850321788,"EQUITY_RATIO":5.437850321777}],"count":12},"success":true,"message":"ok","code":0}