{"version":"292ca7b17dc3baac771d2623e00b9310","result":{"pages":2,"data":[{"SECUCODE":"02450.HK","SECURITY_CODE":"02450","SECURITY_NAME_ABBR":"淮北绿金股份","ORG_CODE":"10000276624","STD_REPORT_DATE":"2024-06-30 00:00:00","REPORT_DATE":"2024-06-30 00:00:00","DATE_TYPE_CODE":"002","REPORT_TYPE":"2024年中报","PER_NETCASH_OPERATE":0.212579545455,"PER_OI":0.419515151515,"BPS":1.749545454545,"BASIC_EPS":-0.03,"DILUTED_EPS":-0.03,"OPERATE_INCOME":110752000,"OPERATE_INCOME_YOY":-26.914701263,"GROSS_PROFIT":40403000,"GROSS_PROFIT_YOY":-40.506832371304,"HOLDER_PROFIT":-7678000,"HOLDER_PROFIT_YOY":-146.7344330148,"GROSS_PROFIT_RATIO":36.480605316383,"EPS_TTM":0.050693181818,"OPERATE_INCOME_QOQ":-14.034037340601,"NET_PROFIT_RATIO":-10.064829529,"ROE_AVG":-1.635652887104,"GROSS_PROFIT_QOQ":-22.12899800502,"ROA":-0.309603078611,"HOLDER_PROFIT_QOQ":-64.30248066151,"ROE_YEARLY":-3.271305774208,"ROIC_YEARLY":-0.835205238797,"TOTAL_ASSETS":2576885000,"TOTAL_LIABILITIES":1929077000,"TAX_EBT":-14.469090162251,"OCF_SALES":50.672674082635,"TOTAL_PARENT_EQUITY":461880000,"DEBT_ASSET_RATIO":74.8608106299,"OPERATE_PROFIT":25426000,"PRETAX_PROFIT":-9738000,"NETCASH_OPERATE":56121000,"NETCASH_INVEST":-939000,"NETCASH_FINANCE":437870000,"END_CASH":566723000,"DIVI_RATIO":0.551492054696,"DIVIDEND_RATE":1.074912891986,"CURRENT_RATIO":1.331141918883,"COMMON_ACS":null,"CURRENTDEBT_DEBT":24.21500023068,"ISSUED_COMMON_SHARES":264000000,"HK_COMMON_SHARES":66000000,"PER_SHARES":1500,"TOTAL_MARKET_CAP":757680000,"HKSK_MARKET_CAP":189420000,"PE_TTM":50.052188292552,"PB_TTM":1.497184078982,"REPORT_DATE_SQ":"2023-06-30 00:00:00","REPORT_TYPE_SQ":"2023年中报","OPERATE_INCOME_SQ":151538000,"DPS_HKD":0.03085,"OPERATE_INCOME_QOQ_SQ":-13.059559636898,"NET_PROFIT_RATIO_SQ":15.6172049255,"HOLDER_PROFIT_SQ":16429000,"HOLDER_PROFIT_QOQ_SQ":-19.261237205162,"ROE_AVG_SQ":3.971124805571,"PE_TTM_SQ":2.241465723458,"PB_TTM_SQ":0.266953929575,"ROA_SQ":0.733800305285,"START_DATE":"2024-01-01 00:00:00","FISCAL_YEAR":"12-31","CURRENCY":"HKD","IS_CNY_CODE":0,"DPS_HKD_LY":0.03085,"ORG_TYPE":"一般企业","PREMIUM_INCOME":null,"PREMIUM_INCOME_YOY":null,"NET_INTEREST_INCOME":null,"NET_INTEREST_INCOME_YOY":null,"FEE_COMMISSION_INCOME":null,"FEE_COMMISSION_INCOME_YOY":null,"ACCOUNTS_RECE_TDAYS":3.060969542867,"INVENTORY_TDAYS":22.836877130336,"CURRENT_ASSETS_TDAYS":0.216774840089,"TOTAL_ASSETS_TDAYS":0.044658973902,"PREMIUM_EXPENSE":null,"LOAN_DEPOSIT":null,"LOAN_EQUITY":null,"LOAN_ASSETS":null,"DEPOSIT_EQUITY":null,"DEPOSIT_ASSETS":null,"EQUITY_MULTIPLIER":3.977853005831,"EQUITY_RATIO":4.17657616697},{"SECUCODE":"02450.HK","SECURITY_CODE":"02450","SECURITY_NAME_ABBR":"淮北绿金股份","ORG_CODE":"10000276624","STD_REPORT_DATE":"2023-12-31 00:00:00","REPORT_DATE":"2023-12-31 00:00:00","DATE_TYPE_CODE":"001","REPORT_TYPE":"2023年年报","PER_NETCASH_OPERATE":0.785109848485,"PER_OI":1.100840909091,"BPS":1.806628787879,"BASIC_EPS":0.14,"DILUTED_EPS":0.14,"OPERATE_INCOME":290622000,"OPERATE_INCOME_YOY":-28.7182770064,"GROSS_PROFIT":124312000,"GROSS_PROFIT_YOY":-36.190045992116,"HOLDER_PROFIT":37490000,"HOLDER_PROFIT_YOY":-44.3851060673,"GROSS_PROFIT_RATIO":42.774463048221,"EPS_TTM":0.142007575758,"OPERATE_INCOME_QOQ":-18.01085582739,"NET_PROFIT_RATIO":19.9310444495,"ROE_AVG":8.836937408366,"GROSS_PROFIT_QOQ":-24.350837050515,"ROA":1.603621815587,"HOLDER_PROFIT_QOQ":-31.117480615882,"ROE_YEARLY":8.836937408366,"ROIC_YEARLY":1.993775103338,"TOTAL_ASSETS":2383014000,"TOTAL_LIABILITIES":1716667000,"TAX_EBT":14.802612225687,"OCF_SALES":71.319101788578,"TOTAL_PARENT_EQUITY":476950000,"DEBT_ASSET_RATIO":72.03763805,"OPERATE_PROFIT":130888000,"PRETAX_PROFIT":67988000,"NETCASH_OPERATE":207269000,"NETCASH_INVEST":64512000,"NETCASH_FINANCE":-243078000,"END_CASH":73671000,"DIVI_RATIO":0.196868982875,"DIVIDEND_RATE":1.752840909091,"CURRENT_RATIO":0.341273822748,"COMMON_ACS":null,"CURRENTDEBT_DEBT":68.27730713062,"ISSUED_COMMON_SHARES":264000000,"HK_COMMON_SHARES":66000000,"PER_SHARES":1500,"TOTAL_MARKET_CAP":464640000,"HKSK_MARKET_CAP":116160000,"PE_TTM":30.694024876269,"PB_TTM":0.918133790595,"REPORT_DATE_SQ":"2022-12-31 00:00:00","REPORT_TYPE_SQ":"2022年年报","OPERATE_INCOME_SQ":407709000,"DPS_HKD":0.03085,"OPERATE_INCOME_QOQ_SQ":1.199875892026,"NET_PROFIT_RATIO_SQ":25.7678883714,"HOLDER_PROFIT_SQ":67410000,"HOLDER_PROFIT_QOQ_SQ":8.582197738475,"ROE_AVG_SQ":19.953881993553,"PE_TTM_SQ":2.510441610273,"PB_TTM_SQ":0.298988401124,"ROA_SQ":2.909999177637,"START_DATE":"2023-01-01 00:00:00","FISCAL_YEAR":"12-31","CURRENCY":"HKD","IS_CNY_CODE":0,"DPS_HKD_LY":null,"ORG_TYPE":"一般企业","PREMIUM_INCOME":null,"PREMIUM_INCOME_YOY":null,"NET_INTEREST_INCOME":null,"NET_INTEREST_INCOME_YOY":null,"FEE_COMMISSION_INCOME":null,"FEE_COMMISSION_INCOME_YOY":null,"ACCOUNTS_RECE_TDAYS":4.442742490255,"INVENTORY_TDAYS":40.518942623949,"CURRENT_ASSETS_TDAYS":0.793058940067,"TOTAL_ASSETS_TDAYS":0.124312557826,"PREMIUM_EXPENSE":null,"LOAN_DEPOSIT":null,"LOAN_EQUITY":null,"LOAN_ASSETS":null,"DEPOSIT_EQUITY":null,"DEPOSIT_ASSETS":null,"EQUITY_MULTIPLIER":3.576235805073,"EQUITY_RATIO":3.599259880491},{"SECUCODE":"02450.HK","SECURITY_CODE":"02450","SECURITY_NAME_ABBR":"淮北绿金股份","ORG_CODE":"10000276624","STD_REPORT_DATE":"2023-06-30 00:00:00","REPORT_DATE":"2023-06-30 00:00:00","DATE_TYPE_CODE":"002","REPORT_TYPE":"2023年中报","PER_NETCASH_OPERATE":0.474609848485,"PER_OI":0.574007575758,"BPS":1.726852272727,"BASIC_EPS":0.06,"DILUTED_EPS":0.06,"OPERATE_INCOME":151538000,"OPERATE_INCOME_YOY":-26.0006934169,"GROSS_PROFIT":67912000,"GROSS_PROFIT_YOY":-30.984441215028,"HOLDER_PROFIT":16429000,"HOLDER_PROFIT_YOY":-44.1437459627,"GROSS_PROFIT_RATIO":44.81516187359,"EPS_TTM":0.206159090909,"OPERATE_INCOME_QOQ":-13.059559636898,"NET_PROFIT_RATIO":15.6172049255,"ROE_AVG":3.971124805571,"GROSS_PROFIT_QOQ":-15.650151938239,"ROA":0.733800305285,"HOLDER_PROFIT_QOQ":-19.261237205162,"ROE_YEARLY":7.942249611142,"ROIC_YEARLY":1.75394254074,"TOTAL_ASSETS":2185133000,"TOTAL_LIABILITIES":1550794000,"TAX_EBT":23.440734989648,"OCF_SALES":82.683551320461,"TOTAL_PARENT_EQUITY":455889000,"DEBT_ASSET_RATIO":70.9702338485,"OPERATE_PROFIT":64044000,"PRETAX_PROFIT":30912000,"NETCASH_OPERATE":125297000,"NETCASH_INVEST":124473000,"NETCASH_FINANCE":-126523000,"END_CASH":167683000,"DIVI_RATIO":0.13560831529,"DIVIDEND_RATE":1.752840909091,"CURRENT_RATIO":0.216818250541,"COMMON_ACS":null,"CURRENTDEBT_DEBT":62.696205943536,"ISSUED_COMMON_SHARES":264000000,"HK_COMMON_SHARES":66000000,"PER_SHARES":1500,"TOTAL_MARKET_CAP":464640000,"HKSK_MARKET_CAP":116160000,"PE_TTM":30.694024876269,"PB_TTM":0.918133790595,"REPORT_DATE_SQ":"2022-06-30 00:00:00","REPORT_TYPE_SQ":"2022年中报","OPERATE_INCOME_SQ":204783000,"DPS_HKD":0.03085,"OPERATE_INCOME_QOQ_SQ":6.76996276264,"NET_PROFIT_RATIO_SQ":21.7254361934,"HOLDER_PROFIT_SQ":29413000,"HOLDER_PROFIT_QOQ_SQ":-9.839891200198,"ROE_AVG_SQ":null,"PE_TTM_SQ":2.510441610273,"PB_TTM_SQ":0.298988401124,"ROA_SQ":null,"START_DATE":"2023-01-01 00:00:00","FISCAL_YEAR":"12-31","CURRENCY":"HKD","IS_CNY_CODE":0,"DPS_HKD_LY":null,"ORG_TYPE":"一般企业","PREMIUM_INCOME":null,"PREMIUM_INCOME_YOY":null,"NET_INTEREST_INCOME":null,"NET_INTEREST_INCOME_YOY":null,"FEE_COMMISSION_INCOME":null,"FEE_COMMISSION_INCOME_YOY":null,"ACCOUNTS_RECE_TDAYS":2.29210593983,"INVENTORY_TDAYS":20.02058893943,"CURRENT_ASSETS_TDAYS":0.557412928369,"TOTAL_ASSETS_TDAYS":0.067684357333,"PREMIUM_EXPENSE":null,"LOAN_DEPOSIT":null,"LOAN_EQUITY":null,"LOAN_ASSETS":null,"DEPOSIT_EQUITY":null,"DEPOSIT_ASSETS":null,"EQUITY_MULTIPLIER":3.444740115305,"EQUITY_RATIO":3.401692078554},{"SECUCODE":"02450.HK","SECURITY_CODE":"02450","SECURITY_NAME_ABBR":"淮北绿金股份","ORG_CODE":"10000276624","STD_REPORT_DATE":"2022-12-31 00:00:00","REPORT_DATE":"2022-12-31 00:00:00","DATE_TYPE_CODE":"001","REPORT_TYPE":"2022年年报","PER_NETCASH_OPERATE":0.78401010101,"PER_OI":2.059136363636,"BPS":1.407325757576,"BASIC_EPS":0.34,"DILUTED_EPS":0.34,"OPERATE_INCOME":407709000,"OPERATE_INCOME_YOY":10.0943220451,"GROSS_PROFIT":194816000,"GROSS_PROFIT_YOY":9.233020650522,"HOLDER_PROFIT":67410000,"HOLDER_PROFIT_YOY":4.1789014929,"GROSS_PROFIT_RATIO":47.783100201369,"EPS_TTM":0.340454545455,"OPERATE_INCOME_QOQ":1.199875892026,"NET_PROFIT_RATIO":25.7678883714,"ROE_AVG":19.953881993553,"GROSS_PROFIT_QOQ":2.876938025432,"ROA":2.909999177637,"HOLDER_PROFIT_QOQ":8.582197738475,"ROE_YEARLY":19.953881993553,"ROIC_YEARLY":3.837676694099,"TOTAL_ASSETS":2292652000,"TOTAL_LIABILITIES":1749905000,"TAX_EBT":24.989111576001,"OCF_SALES":38.0747052432,"TOTAL_PARENT_EQUITY":371534000,"DEBT_ASSET_RATIO":76.3266732151,"OPERATE_PROFIT":211064000,"PRETAX_PROFIT":140057000,"NETCASH_OPERATE":155234000,"NETCASH_INVEST":-469986000,"NETCASH_FINANCE":-226238000,"END_CASH":40680000,"DIVI_RATIO":0.082116357009,"DIVIDEND_RATE":1.752840909091,"CURRENT_RATIO":0.685973266517,"COMMON_ACS":null,"CURRENTDEBT_DEBT":27.733448387198,"ISSUED_COMMON_SHARES":264000000,"HK_COMMON_SHARES":66000000,"PER_SHARES":1500,"TOTAL_MARKET_CAP":464640000,"HKSK_MARKET_CAP":116160000,"PE_TTM":30.694024876269,"PB_TTM":0.918133790595,"REPORT_DATE_SQ":"2021-12-31 00:00:00","REPORT_TYPE_SQ":"2021年年报","OPERATE_INCOME_SQ":370327000,"DPS_HKD":0.03085,"OPERATE_INCOME_QOQ_SQ":-12.096266915428,"NET_PROFIT_RATIO_SQ":26.7045070978,"HOLDER_PROFIT_SQ":64706000,"HOLDER_PROFIT_QOQ_SQ":-31.494695830775,"ROE_AVG_SQ":20.264002630631,"PE_TTM_SQ":2.510441610273,"PB_TTM_SQ":0.298988401124,"ROA_SQ":4.253679880777,"START_DATE":"2022-01-01 00:00:00","FISCAL_YEAR":"12-31","CURRENCY":"HKD","IS_CNY_CODE":0,"DPS_HKD_LY":null,"ORG_TYPE":"一般企业","PREMIUM_INCOME":null,"PREMIUM_INCOME_YOY":null,"NET_INTEREST_INCOME":null,"NET_INTEREST_INCOME_YOY":null,"FEE_COMMISSION_INCOME":null,"FEE_COMMISSION_INCOME_YOY":null,"ACCOUNTS_RECE_TDAYS":6.20783689752,"INVENTORY_TDAYS":44.045308782456,"CURRENT_ASSETS_TDAYS":0.848913583254,"TOTAL_ASSETS_TDAYS":0.176002500329,"PREMIUM_EXPENSE":null,"LOAN_DEPOSIT":null,"LOAN_EQUITY":null,"LOAN_ASSETS":null,"DEPOSIT_EQUITY":null,"DEPOSIT_ASSETS":null,"EQUITY_MULTIPLIER":4.224163376302,"EQUITY_RATIO":4.70994579231},{"SECUCODE":"02450.HK","SECURITY_CODE":"02450","SECURITY_NAME_ABBR":"淮北绿金股份","ORG_CODE":"10000276624","STD_REPORT_DATE":"2022-09-30 00:00:00","REPORT_DATE":"2022-09-30 00:00:00","DATE_TYPE_CODE":"004","REPORT_TYPE":"2022年三季报","PER_NETCASH_OPERATE":0.567025252525,"PER_OI":1.582267676768,"BPS":1.344598484848,"BASIC_EPS":null,"DILUTED_EPS":null,"OPERATE_INCOME":313289000,"OPERATE_INCOME_YOY":11.5936040692,"GROSS_PROFIT":158097000,"GROSS_PROFIT_YOY":7.491943050626,"HOLDER_PROFIT":50850000,"HOLDER_PROFIT_YOY":-4.9070576355,"GROSS_PROFIT_RATIO":50.463629428419,"EPS_TTM":0.313545454545,"OPERATE_INCOME_QOQ":1.89100602431,"NET_PROFIT_RATIO":24.7681852858,"ROE_AVG":15.430178820145,"GROSS_PROFIT_QOQ":2.268210489933,"ROA":2.203947254363,"HOLDER_PROFIT_QOQ":6.415948165035,"ROE_YEARLY":20.573571760194,"ROIC_YEARLY":3.121613072837,"TOTAL_ASSETS":2274109000,"TOTAL_LIABILITIES":1758824000,"TAX_EBT":25.221648292345,"OCF_SALES":35.836240659583,"TOTAL_PARENT_EQUITY":354974000,"DEBT_ASSET_RATIO":77.3412356224,"OPERATE_PROFIT":158129000,"PRETAX_PROFIT":103768000,"NETCASH_OPERATE":112271000,"NETCASH_INVEST":-238970000,"NETCASH_FINANCE":-177800000,"END_CASH":277171000,"DIVI_RATIO":0.089163745144,"DIVIDEND_RATE":1.752840909091,"CURRENT_RATIO":1.189556872827,"COMMON_ACS":null,"CURRENTDEBT_DEBT":26.626200233793,"ISSUED_COMMON_SHARES":264000000,"HK_COMMON_SHARES":66000000,"PER_SHARES":1500,"TOTAL_MARKET_CAP":464640000,"HKSK_MARKET_CAP":116160000,"PE_TTM":30.694024876269,"PB_TTM":0.918133790595,"REPORT_DATE_SQ":"2021-09-30 00:00:00","REPORT_TYPE_SQ":"2021年三季报","OPERATE_INCOME_SQ":280741000,"DPS_HKD":0.03085,"OPERATE_INCOME_QOQ_SQ":0,"NET_PROFIT_RATIO_SQ":28.2260161501,"HOLDER_PROFIT_SQ":53474000,"HOLDER_PROFIT_QOQ_SQ":0,"ROE_AVG_SQ":null,"PE_TTM_SQ":2.510441610273,"PB_TTM_SQ":0.298988401124,"ROA_SQ":null,"START_DATE":"2022-01-01 00:00:00","FISCAL_YEAR":"12-31","CURRENCY":"HKD","IS_CNY_CODE":0,"DPS_HKD_LY":null,"ORG_TYPE":"一般企业","PREMIUM_INCOME":null,"PREMIUM_INCOME_YOY":null,"NET_INTEREST_INCOME":null,"NET_INTEREST_INCOME_YOY":null,"FEE_COMMISSION_INCOME":null,"FEE_COMMISSION_INCOME_YOY":null,"ACCOUNTS_RECE_TDAYS":5.638344971564,"INVENTORY_TDAYS":35.139137325937,"CURRENT_ASSETS_TDAYS":0.528885898948,"TOTAL_ASSETS_TDAYS":0.135786122197,"PREMIUM_EXPENSE":null,"LOAN_DEPOSIT":null,"LOAN_EQUITY":null,"LOAN_ASSETS":null,"DEPOSIT_EQUITY":null,"DEPOSIT_ASSETS":null,"EQUITY_MULTIPLIER":4.413303317583,"EQUITY_RATIO":4.954796689335},{"SECUCODE":"02450.HK","SECURITY_CODE":"02450","SECURITY_NAME_ABBR":"淮北绿金股份","ORG_CODE":"10000276624","STD_REPORT_DATE":"2022-06-30 00:00:00","REPORT_DATE":"2022-06-30 00:00:00","DATE_TYPE_CODE":"002","REPORT_TYPE":"2022年中报","PER_NETCASH_OPERATE":null,"PER_OI":null,"BPS":null,"BASIC_EPS":0.15,"DILUTED_EPS":0.15,"OPERATE_INCOME":204783000,"OPERATE_INCOME_YOY":13.9506543803,"GROSS_PROFIT":98401000,"GROSS_PROFIT_YOY":7.445786289882,"HOLDER_PROFIT":29413000,"HOLDER_PROFIT_YOY":-17.7948574623,"GROSS_PROFIT_RATIO":48.051351918861,"EPS_TTM":null,"OPERATE_INCOME_QOQ":6.76996276264,"NET_PROFIT_RATIO":21.7254361934,"ROE_AVG":null,"GROSS_PROFIT_QOQ":3.823402430067,"ROA":null,"HOLDER_PROFIT_QOQ":-9.839891200198,"ROE_YEARLY":null,"ROIC_YEARLY":null,"TOTAL_ASSETS":null,"TOTAL_LIABILITIES":null,"TAX_EBT":24.580437362265,"OCF_SALES":24.924432203845,"TOTAL_PARENT_EQUITY":null,"DEBT_ASSET_RATIO":null,"OPERATE_PROFIT":96024000,"PRETAX_PROFIT":58990000,"NETCASH_OPERATE":51041000,"NETCASH_INVEST":-42479000,"NETCASH_FINANCE":-55461000,"END_CASH":534771000,"DIVI_RATIO":null,"DIVIDEND_RATE":1.752840909091,"CURRENT_RATIO":null,"COMMON_ACS":null,"CURRENTDEBT_DEBT":null,"ISSUED_COMMON_SHARES":264000000,"HK_COMMON_SHARES":66000000,"PER_SHARES":1500,"TOTAL_MARKET_CAP":464640000,"HKSK_MARKET_CAP":116160000,"PE_TTM":30.694024876269,"PB_TTM":0.918133790595,"REPORT_DATE_SQ":"2021-06-30 00:00:00","REPORT_TYPE_SQ":"2021年中报","OPERATE_INCOME_SQ":179712000,"DPS_HKD":0.03085,"OPERATE_INCOME_QOQ_SQ":-16.804507269216,"NET_PROFIT_RATIO_SQ":29.2718349359,"HOLDER_PROFIT_SQ":35780000,"HOLDER_PROFIT_QOQ_SQ":-23.942731986987,"ROE_AVG_SQ":11.736842795849,"PE_TTM_SQ":2.510441610273,"PB_TTM_SQ":0.298988401124,"ROA_SQ":2.279414996869,"START_DATE":"2022-01-01 00:00:00","FISCAL_YEAR":"12-31","CURRENCY":"HKD","IS_CNY_CODE":0,"DPS_HKD_LY":null,"ORG_TYPE":"一般企业","PREMIUM_INCOME":null,"PREMIUM_INCOME_YOY":null,"NET_INTEREST_INCOME":null,"NET_INTEREST_INCOME_YOY":null,"FEE_COMMISSION_INCOME":null,"FEE_COMMISSION_INCOME_YOY":null,"ACCOUNTS_RECE_TDAYS":null,"INVENTORY_TDAYS":null,"CURRENT_ASSETS_TDAYS":0.652555470226,"TOTAL_ASSETS_TDAYS":0.175002852151,"PREMIUM_EXPENSE":null,"LOAN_DEPOSIT":null,"LOAN_EQUITY":null,"LOAN_ASSETS":null,"DEPOSIT_EQUITY":null,"DEPOSIT_ASSETS":null,"EQUITY_MULTIPLIER":null,"EQUITY_RATIO":null},{"SECUCODE":"02450.HK","SECURITY_CODE":"02450","SECURITY_NAME_ABBR":"淮北绿金股份","ORG_CODE":"10000276624","STD_REPORT_DATE":"2021-12-31 00:00:00","REPORT_DATE":"2021-12-31 00:00:00","DATE_TYPE_CODE":"001","REPORT_TYPE":"2021年年报","PER_NETCASH_OPERATE":1.236580808081,"PER_OI":1.870338383838,"BPS":1.151984848485,"BASIC_EPS":0.33,"DILUTED_EPS":0.33,"OPERATE_INCOME":370327000,"OPERATE_INCOME_YOY":-26.8680561315,"GROSS_PROFIT":178349000,"GROSS_PROFIT_YOY":-38.185731516269,"HOLDER_PROFIT":64706000,"HOLDER_PROFIT_YOY":-47.8967372049,"GROSS_PROFIT_RATIO":48.159869520721,"EPS_TTM":0.326797979798,"OPERATE_INCOME_QOQ":-12.096266915428,"NET_PROFIT_RATIO":26.7045070978,"ROE_AVG":20.264002630631,"GROSS_PROFIT_QOQ":-18.959163550277,"ROA":4.253679880777,"HOLDER_PROFIT_QOQ":-31.494695830775,"ROE_YEARLY":20.264002630631,"ROIC_YEARLY":6.241990228863,"TOTAL_ASSETS":2340339000,"TOTAL_LIABILITIES":1882850000,"TAX_EBT":25.515361035166,"OCF_SALES":66.115352107732,"TOTAL_PARENT_EQUITY":304124000,"DEBT_ASSET_RATIO":80.4520199851,"OPERATE_PROFIT":187118000,"PRETAX_PROFIT":132771000,"NETCASH_OPERATE":244843000,"NETCASH_INVEST":-620385000,"NETCASH_FINANCE":895708000,"END_CASH":581670000,"DIVI_RATIO":0.085547918678,"DIVIDEND_RATE":1.752840909091,"CURRENT_RATIO":1.278547798312,"COMMON_ACS":null,"CURRENTDEBT_DEBT":26.071965371644,"ISSUED_COMMON_SHARES":264000000,"HK_COMMON_SHARES":66000000,"PER_SHARES":1500,"TOTAL_MARKET_CAP":464640000,"HKSK_MARKET_CAP":116160000,"PE_TTM":30.694024876269,"PB_TTM":0.918133790595,"REPORT_DATE_SQ":"2020-12-31 00:00:00","REPORT_TYPE_SQ":"2020年年报","OPERATE_INCOME_SQ":506382000,"DPS_HKD":0.03085,"OPERATE_INCOME_QOQ_SQ":2.809912657195,"NET_PROFIT_RATIO_SQ":36.0425528554,"HOLDER_PROFIT_SQ":124188000,"HOLDER_PROFIT_QOQ_SQ":8.936842105263,"ROE_AVG_SQ":34.257435574902,"PE_TTM_SQ":2.510441610273,"PB_TTM_SQ":0.298988401124,"ROA_SQ":16.576047965734,"START_DATE":"2021-01-01 00:00:00","FISCAL_YEAR":"12-31","CURRENCY":"HKD","IS_CNY_CODE":0,"DPS_HKD_LY":null,"ORG_TYPE":"一般企业","PREMIUM_INCOME":null,"PREMIUM_INCOME_YOY":null,"NET_INTEREST_INCOME":null,"NET_INTEREST_INCOME_YOY":null,"FEE_COMMISSION_INCOME":null,"FEE_COMMISSION_INCOME_YOY":null,"ACCOUNTS_RECE_TDAYS":6.440693589342,"INVENTORY_TDAYS":39.542327497425,"CURRENT_ASSETS_TDAYS":0.846193833495,"TOTAL_ASSETS_TDAYS":0.243447672427,"PREMIUM_EXPENSE":null,"LOAN_DEPOSIT":null,"LOAN_EQUITY":null,"LOAN_ASSETS":null,"DEPOSIT_EQUITY":null,"DEPOSIT_ASSETS":null,"EQUITY_MULTIPLIER":5.115618080425,"EQUITY_RATIO":6.191060225434},{"SECUCODE":"02450.HK","SECURITY_CODE":"02450","SECURITY_NAME_ABBR":"淮北绿金股份","ORG_CODE":"10000276624","STD_REPORT_DATE":"2021-09-30 00:00:00","REPORT_DATE":"2021-09-30 00:00:00","DATE_TYPE_CODE":"004","REPORT_TYPE":"2021年三季报","PER_NETCASH_OPERATE":null,"PER_OI":null,"BPS":null,"BASIC_EPS":null,"DILUTED_EPS":null,"OPERATE_INCOME":280741000,"OPERATE_INCOME_YOY":null,"GROSS_PROFIT":147078000,"GROSS_PROFIT_YOY":null,"HOLDER_PROFIT":53474000,"HOLDER_PROFIT_YOY":null,"GROSS_PROFIT_RATIO":52.389212833181,"EPS_TTM":0.47704040404,"OPERATE_INCOME_QOQ":0,"NET_PROFIT_RATIO":28.2260161501,"ROE_AVG":null,"GROSS_PROFIT_QOQ":0,"ROA":null,"HOLDER_PROFIT_QOQ":0,"ROE_YEARLY":null,"ROIC_YEARLY":null,"TOTAL_ASSETS":null,"TOTAL_LIABILITIES":null,"TAX_EBT":25.424909183309,"OCF_SALES":62.681261376144,"TOTAL_PARENT_EQUITY":null,"DEBT_ASSET_RATIO":null,"OPERATE_PROFIT":142446000,"PRETAX_PROFIT":106258000,"NETCASH_OPERATE":175972000,"NETCASH_INVEST":-611366000,"NETCASH_FINANCE":954423000,"END_CASH":580533000,"DIVI_RATIO":0.058604861901,"DIVIDEND_RATE":1.752840909091,"CURRENT_RATIO":null,"COMMON_ACS":null,"CURRENTDEBT_DEBT":null,"ISSUED_COMMON_SHARES":264000000,"HK_COMMON_SHARES":66000000,"PER_SHARES":1500,"TOTAL_MARKET_CAP":464640000,"HKSK_MARKET_CAP":116160000,"PE_TTM":30.694024876269,"PB_TTM":0.918133790595,"REPORT_DATE_SQ":"2020-09-30 00:00:00","REPORT_TYPE_SQ":"2020年三季报","OPERATE_INCOME_SQ":null,"DPS_HKD":0.03085,"OPERATE_INCOME_QOQ_SQ":0,"NET_PROFIT_RATIO_SQ":null,"HOLDER_PROFIT_SQ":null,"HOLDER_PROFIT_QOQ_SQ":0,"ROE_AVG_SQ":null,"PE_TTM_SQ":2.510441610273,"PB_TTM_SQ":0.298988401124,"ROA_SQ":null,"START_DATE":"2021-01-01 00:00:00","FISCAL_YEAR":"12-31","CURRENCY":"HKD","IS_CNY_CODE":0,"DPS_HKD_LY":null,"ORG_TYPE":"一般企业","PREMIUM_INCOME":null,"PREMIUM_INCOME_YOY":null,"NET_INTEREST_INCOME":null,"NET_INTEREST_INCOME_YOY":null,"FEE_COMMISSION_INCOME":null,"FEE_COMMISSION_INCOME_YOY":null,"ACCOUNTS_RECE_TDAYS":null,"INVENTORY_TDAYS":null,"CURRENT_ASSETS_TDAYS":2.267304143465,"TOTAL_ASSETS_TDAYS":0.799814818772,"PREMIUM_EXPENSE":null,"LOAN_DEPOSIT":null,"LOAN_EQUITY":null,"LOAN_ASSETS":null,"DEPOSIT_EQUITY":null,"DEPOSIT_ASSETS":null,"EQUITY_MULTIPLIER":null,"EQUITY_RATIO":null},{"SECUCODE":"02450.HK","SECURITY_CODE":"02450","SECURITY_NAME_ABBR":"淮北绿金股份","ORG_CODE":"10000276624","STD_REPORT_DATE":"2021-06-30 00:00:00","REPORT_DATE":"2021-06-30 00:00:00","DATE_TYPE_CODE":"002","REPORT_TYPE":"2021年中报","PER_NETCASH_OPERATE":0.399358585859,"PER_OI":0.907636363636,"BPS":1.042416666667,"BASIC_EPS":null,"DILUTED_EPS":null,"OPERATE_INCOME":179712000,"OPERATE_INCOME_YOY":-32.1347245352,"GROSS_PROFIT":91582000,"GROSS_PROFIT_YOY":-42.773053057807,"HOLDER_PROFIT":35780000,"HOLDER_PROFIT_YOY":-45.3857190829,"GROSS_PROFIT_RATIO":50.960425569801,"EPS_TTM":0.47704040404,"OPERATE_INCOME_QOQ":-16.804507269216,"NET_PROFIT_RATIO":29.2718349359,"ROE_AVG":11.736842795849,"GROSS_PROFIT_QOQ":-23.724542845656,"ROA":2.279414996869,"HOLDER_PROFIT_QOQ":-23.942731986987,"ROE_YEARLY":23.473685591697,"ROIC_YEARLY":5.542803166586,"TOTAL_ASSETS":2437387000,"TOTAL_LIABILITIES":2026187000,"TAX_EBT":25.382978723404,"OCF_SALES":43.999844195157,"TOTAL_PARENT_EQUITY":275198000,"DEBT_ASSET_RATIO":83.12947431,"OPERATE_PROFIT":null,"PRETAX_PROFIT":70500000,"NETCASH_OPERATE":79073000,"NETCASH_INVEST":-1081047000,"NETCASH_FINANCE":1127713000,"END_CASH":187243000,"DIVI_RATIO":0.058604861901,"DIVIDEND_RATE":1.752840909091,"CURRENT_RATIO":1.17945542564,"COMMON_ACS":null,"CURRENTDEBT_DEBT":30.686703645814,"ISSUED_COMMON_SHARES":264000000,"HK_COMMON_SHARES":66000000,"PER_SHARES":1500,"TOTAL_MARKET_CAP":464640000,"HKSK_MARKET_CAP":116160000,"PE_TTM":30.694024876269,"PB_TTM":0.918133790595,"REPORT_DATE_SQ":"2020-06-30 00:00:00","REPORT_TYPE_SQ":"2020年中报","OPERATE_INCOME_SQ":264807000,"DPS_HKD":0.03085,"OPERATE_INCOME_QOQ_SQ":0,"NET_PROFIT_RATIO_SQ":35.7535865744,"HOLDER_PROFIT_SQ":65514000,"HOLDER_PROFIT_QOQ_SQ":0,"ROE_AVG_SQ":null,"PE_TTM_SQ":2.510441610273,"PB_TTM_SQ":0.298988401124,"ROA_SQ":null,"START_DATE":"2021-01-01 00:00:00","FISCAL_YEAR":"12-31","CURRENCY":"HKD","IS_CNY_CODE":0,"DPS_HKD_LY":null,"ORG_TYPE":"一般企业","PREMIUM_INCOME":null,"PREMIUM_INCOME_YOY":null,"NET_INTEREST_INCOME":null,"NET_INTEREST_INCOME_YOY":null,"FEE_COMMISSION_INCOME":null,"FEE_COMMISSION_INCOME_YOY":null,"ACCOUNTS_RECE_TDAYS":2.461353037452,"INVENTORY_TDAYS":22.947532873324,"CURRENT_ASSETS_TDAYS":0.36638793549,"TOTAL_ASSETS_TDAYS":0.114488045813,"PREMIUM_EXPENSE":null,"LOAN_DEPOSIT":null,"LOAN_EQUITY":null,"LOAN_ASSETS":null,"DEPOSIT_EQUITY":null,"DEPOSIT_ASSETS":null,"EQUITY_MULTIPLIER":5.927497568097,"EQUITY_RATIO":7.362651618108}],"count":13},"success":true,"message":"ok","code":0}