{"version":"6b0224d868a6634ae81d14cd3965d165","result":{"pages":1,"data":[{"SECUCODE":"02465.HK","SECURITY_CODE":"02465","SECURITY_NAME_ABBR":"龙蟠科技","ORG_CODE":"10462665","STD_REPORT_DATE":"2024-09-30 00:00:00","REPORT_DATE":"2024-09-30 00:00:00","DATE_TYPE_CODE":"004","REPORT_TYPE":"2024年三季报","PER_NETCASH_OPERATE":0.190085576757,"PER_OI":10.017522352609,"BPS":4.440123851455,"BASIC_EPS":-0.54,"DILUTED_EPS":-0.54,"OPERATE_INCOME":5660690541.79,"OPERATE_INCOME_YOY":-12.8109449596,"GROSS_PROFIT":665555248.35,"GROSS_PROFIT_YOY":946.630450622054,"HOLDER_PROFIT":-302786253.06,"HOLDER_PROFIT_YOY":58.3323841758,"GROSS_PROFIT_RATIO":11.757492189982,"EPS_TTM":-1.432378371963,"OPERATE_INCOME_QOQ":-6.908978791325,"NET_PROFIT_RATIO":-6.581145713,"ROE_AVG":-9.454378677794,"GROSS_PROFIT_QOQ":3.13641817035,"ROA":-1.806440128019,"HOLDER_PROFIT_QOQ":-1.543564521774,"ROE_YEARLY":-12.605838237058,"ROIC_YEARLY":-2.235986866084,"TOTAL_ASSETS":16294142860.79,"TOTAL_LIABILITIES":12383374069.13,"TAX_EBT":-26.518828132464,"OCF_SALES":1.897530847112,"TOTAL_PARENT_EQUITY":2953032700.31,"DEBT_ASSET_RATIO":75.9989290319,"OPERATE_PROFIT":-108918987.39,"PRETAX_PROFIT":-294452848.18,"NETCASH_OPERATE":107413349.19,"NETCASH_INVEST":-1338239325.53,"NETCASH_FINANCE":-130650808.9,"END_CASH":1595253908.52,"DIVI_RATIO":null,"DIVIDEND_RATE":null,"CURRENT_RATIO":0.994742826289,"COMMON_ACS":null,"CURRENTDEBT_DEBT":61.361894278979,"ISSUED_COMMON_SHARES":665078903,"HK_COMMON_SHARES":100000000,"PER_SHARES":500,"TOTAL_MARKET_CAP":3817552903.22,"HKSK_MARKET_CAP":574000000,"PE_TTM":-4.219315881261,"PB_TTM":1.165795093374,"REPORT_DATE_SQ":"2023-09-30 00:00:00","REPORT_TYPE_SQ":"2023年三季报","OPERATE_INCOME_SQ":6492432495.3,"DPS_HKD":null,"OPERATE_INCOME_QOQ_SQ":0,"NET_PROFIT_RATIO_SQ":-13.8828071356,"HOLDER_PROFIT_SQ":-726670453.95,"HOLDER_PROFIT_QOQ_SQ":0,"ROE_AVG_SQ":null,"PE_TTM_SQ":null,"PB_TTM_SQ":null,"ROA_SQ":null,"START_DATE":"2024-01-01 00:00:00","FISCAL_YEAR":"12-31","CURRENCY":"HKD","IS_CNY_CODE":0,"DPS_HKD_LY":null,"ORG_TYPE":"一般企业","PREMIUM_INCOME":null,"PREMIUM_INCOME_YOY":null,"NET_INTEREST_INCOME":null,"NET_INTEREST_INCOME_YOY":null,"FEE_COMMISSION_INCOME":null,"FEE_COMMISSION_INCOME_YOY":null,"ACCOUNTS_RECE_TDAYS":2.313074193922,"INVENTORY_TDAYS":3.059974881964,"CURRENT_ASSETS_TDAYS":0.709892120047,"TOTAL_ASSETS_TDAYS":0.337720039918,"PREMIUM_EXPENSE":null,"LOAN_DEPOSIT":null,"LOAN_EQUITY":null,"LOAN_ASSETS":null,"DEPOSIT_EQUITY":null,"DEPOSIT_ASSETS":null,"EQUITY_MULTIPLIER":4.166480743001,"EQUITY_RATIO":4.193442919826},{"SECUCODE":"02465.HK","SECURITY_CODE":"02465","SECURITY_NAME_ABBR":"龙蟠科技","ORG_CODE":"10462665","STD_REPORT_DATE":"2024-06-30 00:00:00","REPORT_DATE":"2024-06-30 00:00:00","DATE_TYPE_CODE":"002","REPORT_TYPE":"2024年中报","PER_NETCASH_OPERATE":0.126354014217,"PER_OI":6.315244417152,"BPS":4.567408447776,"BASIC_EPS":-0.39,"DILUTED_EPS":-0.39,"OPERATE_INCOME":3568612000,"OPERATE_INCOME_YOY":-6.4388795146,"GROSS_PROFIT":343974000,"GROSS_PROFIT_YOY":242.471824481326,"HOLDER_PROFIT":-217820000,"HOLDER_PROFIT_YOY":66.694597008,"GROSS_PROFIT_RATIO":9.638873601277,"EPS_TTM":-1.410604534941,"OPERATE_INCOME_QOQ":-2.813363775776,"NET_PROFIT_RATIO":-7.2919106924,"ROE_AVG":-6.712624402897,"GROSS_PROFIT_QOQ":1018.4356569997,"ROA":-1.264407435705,"HOLDER_PROFIT_QOQ":35.367808570727,"ROE_YEARLY":-13.425248805795,"ROIC_YEARLY":-3.167582176977,"TOTAL_ASSETS":17225250000,"TOTAL_LIABILITIES":13212873000,"TAX_EBT":-34.460468456924,"OCF_SALES":2.000777893478,"TOTAL_PARENT_EQUITY":3037687000,"DEBT_ASSET_RATIO":76.706422258,"OPERATE_PROFIT":-51257000,"PRETAX_PROFIT":-193529000,"NETCASH_OPERATE":71400000,"NETCASH_INVEST":-1073174000,"NETCASH_FINANCE":330193000,"END_CASH":2285939000,"DIVI_RATIO":null,"DIVIDEND_RATE":null,"CURRENT_RATIO":0.934622312941,"COMMON_ACS":null,"CURRENTDEBT_DEBT":66.526046227796,"ISSUED_COMMON_SHARES":665078903,"HK_COMMON_SHARES":100000000,"PER_SHARES":500,"TOTAL_MARKET_CAP":3272188202.76,"HKSK_MARKET_CAP":492000000,"PE_TTM":-3.616556469652,"PB_TTM":0.999252937178,"REPORT_DATE_SQ":"2023-06-30 00:00:00","REPORT_TYPE_SQ":"2023年中报","OPERATE_INCOME_SQ":3814204000,"DPS_HKD":null,"OPERATE_INCOME_QOQ_SQ":-15.60676319034,"NET_PROFIT_RATIO_SQ":-21.2753958624,"HOLDER_PROFIT_SQ":-654008000,"HOLDER_PROFIT_QOQ_SQ":-144.421082830719,"ROE_AVG_SQ":-14.921743372198,"PE_TTM_SQ":null,"PB_TTM_SQ":null,"ROA_SQ":-4.061791136063,"START_DATE":"2024-01-01 00:00:00","FISCAL_YEAR":"12-31","CURRENCY":"HKD","IS_CNY_CODE":0,"DPS_HKD_LY":null,"ORG_TYPE":"一般企业","PREMIUM_INCOME":null,"PREMIUM_INCOME_YOY":null,"NET_INTEREST_INCOME":null,"NET_INTEREST_INCOME_YOY":null,"FEE_COMMISSION_INCOME":null,"FEE_COMMISSION_INCOME_YOY":null,"ACCOUNTS_RECE_TDAYS":1.191285399125,"INVENTORY_TDAYS":1.97950476132,"CURRENT_ASSETS_TDAYS":0.42983318455,"TOTAL_ASSETS_TDAYS":0.207151755943,"PREMIUM_EXPENSE":null,"LOAN_DEPOSIT":null,"LOAN_EQUITY":null,"LOAN_ASSETS":null,"DEPOSIT_EQUITY":null,"DEPOSIT_ASSETS":null,"EQUITY_MULTIPLIER":4.293028795645,"EQUITY_RATIO":4.349649256161},{"SECUCODE":"02465.HK","SECURITY_CODE":"02465","SECURITY_NAME_ABBR":"龙蟠科技","ORG_CODE":"10462665","STD_REPORT_DATE":"2023-12-31 00:00:00","REPORT_DATE":"2023-12-31 00:00:00","DATE_TYPE_CODE":"001","REPORT_TYPE":"2023年年报","PER_NETCASH_OPERATE":2.492094025791,"PER_OI":15.448245289597,"BPS":5.190913415577,"BASIC_EPS":-2.19,"DILUTED_EPS":-2.19,"OPERATE_INCOME":8729479000,"OPERATE_INCOME_YOY":-37.9640387409,"GROSS_PROFIT":-57481000,"GROSS_PROFIT_YOY":-102.362260382484,"HOLDER_PROFIT":-1233291000,"HOLDER_PROFIT_YOY":-263.8060717469,"GROSS_PROFIT_RATIO":-0.658469995747,"EPS_TTM":-2.182510763982,"OPERATE_INCOME_QOQ":-26.49178582992,"NET_PROFIT_RATIO":-17.3458347285,"ROE_AVG":-30.172231045184,"GROSS_PROFIT_QOQ":-105.760762155217,"ROA":-7.727506810412,"HOLDER_PROFIT_QOQ":-268.757493758316,"ROE_YEARLY":-30.172231045184,"ROIC_YEARLY":-9.554467505374,"TOTAL_ASSETS":17226826558.48,"TOTAL_LIABILITIES":13045760829.73,"TAX_EBT":17.282495224163,"OCF_SALES":16.131890574455,"TOTAL_PARENT_EQUITY":3452174101.3,"DEBT_ASSET_RATIO":75.7321592396,"OPERATE_PROFIT":-1545609000,"PRETAX_PROFIT":-1830569000,"NETCASH_OPERATE":1408230000,"NETCASH_INVEST":-2641508000,"NETCASH_FINANCE":2649637000,"END_CASH":2958603000,"DIVI_RATIO":null,"DIVIDEND_RATE":null,"CURRENT_RATIO":0.86982972217,"COMMON_ACS":null,"CURRENTDEBT_DEBT":73.835953185027,"ISSUED_COMMON_SHARES":665078903,"HK_COMMON_SHARES":100000000,"PER_SHARES":500,"TOTAL_MARKET_CAP":3272188202.76,"HKSK_MARKET_CAP":492000000,"PE_TTM":-3.616556469652,"PB_TTM":0.999252937178,"REPORT_DATE_SQ":"2022-12-31 00:00:00","REPORT_TYPE_SQ":"2022年年报","OPERATE_INCOME_SQ":14071643000,"DPS_HKD":null,"OPERATE_INCOME_QOQ_SQ":247.147542682197,"NET_PROFIT_RATIO_SQ":7.3193016622,"HOLDER_PROFIT_SQ":752897000,"HOLDER_PROFIT_QOQ_SQ":114.437643654426,"ROE_AVG_SQ":22.418431007294,"PE_TTM_SQ":null,"PB_TTM_SQ":null,"ROA_SQ":7.240869557942,"START_DATE":"2023-01-01 00:00:00","FISCAL_YEAR":"12-31","CURRENCY":"HKD","IS_CNY_CODE":0,"DPS_HKD_LY":null,"ORG_TYPE":"一般企业","PREMIUM_INCOME":null,"PREMIUM_INCOME_YOY":null,"NET_INTEREST_INCOME":null,"NET_INTEREST_INCOME_YOY":null,"FEE_COMMISSION_INCOME":null,"FEE_COMMISSION_INCOME_YOY":null,"ACCOUNTS_RECE_TDAYS":2.549039998611,"INVENTORY_TDAYS":3.805927563171,"CURRENT_ASSETS_TDAYS":0.988671448098,"TOTAL_ASSETS_TDAYS":0.546968302078,"PREMIUM_EXPENSE":null,"LOAN_DEPOSIT":null,"LOAN_EQUITY":null,"LOAN_ASSETS":null,"DEPOSIT_EQUITY":null,"DEPOSIT_ASSETS":null,"EQUITY_MULTIPLIER":4.120679750099,"EQUITY_RATIO":3.778998522936},{"SECUCODE":"02465.HK","SECURITY_CODE":"02465","SECURITY_NAME_ABBR":"龙蟠科技","ORG_CODE":"10462665","STD_REPORT_DATE":"2023-09-30 00:00:00","REPORT_DATE":"2023-09-30 00:00:00","DATE_TYPE_CODE":"004","REPORT_TYPE":"2023年三季报","PER_NETCASH_OPERATE":null,"PER_OI":null,"BPS":null,"BASIC_EPS":-1.35,"DILUTED_EPS":-1.35,"OPERATE_INCOME":6492432495.3,"OPERATE_INCOME_YOY":null,"GROSS_PROFIT":63590281.36,"GROSS_PROFIT_YOY":null,"HOLDER_PROFIT":-726670453.95,"HOLDER_PROFIT_YOY":null,"GROSS_PROFIT_RATIO":0.979452330171,"EPS_TTM":-0.591855298109,"OPERATE_INCOME_QOQ":0,"NET_PROFIT_RATIO":-13.8828071356,"ROE_AVG":null,"GROSS_PROFIT_QOQ":0,"ROA":null,"HOLDER_PROFIT_QOQ":0,"ROE_YEARLY":null,"ROIC_YEARLY":null,"TOTAL_ASSETS":null,"TOTAL_LIABILITIES":null,"TAX_EBT":16.636956040278,"OCF_SALES":-7.161395558238,"TOTAL_PARENT_EQUITY":null,"DEBT_ASSET_RATIO":null,"OPERATE_PROFIT":-947063623.11,"PRETAX_PROFIT":-1081212775.97,"NETCASH_OPERATE":-464948772.34,"NETCASH_INVEST":-2675314451.11,"NETCASH_FINANCE":3757044330.43,"END_CASH":2151758154.89,"DIVI_RATIO":null,"DIVIDEND_RATE":null,"CURRENT_RATIO":null,"COMMON_ACS":null,"CURRENTDEBT_DEBT":null,"ISSUED_COMMON_SHARES":665078903,"HK_COMMON_SHARES":100000000,"PER_SHARES":500,"TOTAL_MARKET_CAP":3272188202.76,"HKSK_MARKET_CAP":492000000,"PE_TTM":-3.616556469652,"PB_TTM":0.999252937178,"REPORT_DATE_SQ":"2022-09-30 00:00:00","REPORT_TYPE_SQ":"2022年三季报","OPERATE_INCOME_SQ":null,"DPS_HKD":null,"OPERATE_INCOME_QOQ_SQ":0,"NET_PROFIT_RATIO_SQ":null,"HOLDER_PROFIT_SQ":null,"HOLDER_PROFIT_QOQ_SQ":0,"ROE_AVG_SQ":null,"PE_TTM_SQ":null,"PB_TTM_SQ":null,"ROA_SQ":null,"START_DATE":"2023-01-01 00:00:00","FISCAL_YEAR":"12-31","CURRENCY":"HKD","IS_CNY_CODE":0,"DPS_HKD_LY":null,"ORG_TYPE":"一般企业","PREMIUM_INCOME":null,"PREMIUM_INCOME_YOY":null,"NET_INTEREST_INCOME":null,"NET_INTEREST_INCOME_YOY":null,"FEE_COMMISSION_INCOME":null,"FEE_COMMISSION_INCOME_YOY":null,"ACCOUNTS_RECE_TDAYS":null,"INVENTORY_TDAYS":null,"CURRENT_ASSETS_TDAYS":1.400785288354,"TOTAL_ASSETS_TDAYS":0.883885025178,"PREMIUM_EXPENSE":null,"LOAN_DEPOSIT":null,"LOAN_EQUITY":null,"LOAN_ASSETS":null,"DEPOSIT_EQUITY":null,"DEPOSIT_ASSETS":null,"EQUITY_MULTIPLIER":null,"EQUITY_RATIO":null},{"SECUCODE":"02465.HK","SECURITY_CODE":"02465","SECURITY_NAME_ABBR":"龙蟠科技","ORG_CODE":"10462665","STD_REPORT_DATE":"2023-06-30 00:00:00","REPORT_DATE":"2023-06-30 00:00:00","DATE_TYPE_CODE":"002","REPORT_TYPE":"2023年中报","PER_NETCASH_OPERATE":-0.778098283603,"PER_OI":6.749859754123,"BPS":6.079277183146,"BASIC_EPS":-1.16,"DILUTED_EPS":-1.16,"OPERATE_INCOME":3814204000,"OPERATE_INCOME_YOY":-36.5392128089,"GROSS_PROFIT":-241433000,"GROSS_PROFIT_YOY":-120.219333874898,"HOLDER_PROFIT":-654008000,"HOLDER_PROFIT_YOY":-250.9246908851,"GROSS_PROFIT_RATIO":-6.329839725405,"EPS_TTM":-0.591855298109,"OPERATE_INCOME_QOQ":-15.60676319034,"NET_PROFIT_RATIO":-21.2753958624,"ROE_AVG":-14.921743372198,"GROSS_PROFIT_QOQ":-58.993960888586,"ROA":-4.061791136063,"HOLDER_PROFIT_QOQ":-144.421082830719,"ROE_YEARLY":-29.843486744395,"ROIC_YEARLY":-9.622560774133,"TOTAL_ASSETS":17512264000,"TOTAL_LIABILITIES":12661447000,"TAX_EBT":16.559867069462,"OCF_SALES":-11.527621490618,"TOTAL_PARENT_EQUITY":4043199000,"DEBT_ASSET_RATIO":72.3004575536,"OPERATE_PROFIT":-861424000,"PRETAX_PROFIT":-972538000,"NETCASH_OPERATE":-439687000,"NETCASH_INVEST":-3019795000,"NETCASH_FINANCE":3720217000,"END_CASH":1792678000,"DIVI_RATIO":null,"DIVIDEND_RATE":null,"CURRENT_RATIO":1.057811120961,"COMMON_ACS":null,"CURRENTDEBT_DEBT":80.010389017938,"ISSUED_COMMON_SHARES":665078903,"HK_COMMON_SHARES":100000000,"PER_SHARES":500,"TOTAL_MARKET_CAP":3272188202.76,"HKSK_MARKET_CAP":492000000,"PE_TTM":-3.616556469652,"PB_TTM":0.999252937178,"REPORT_DATE_SQ":"2022-06-30 00:00:00","REPORT_TYPE_SQ":"2022年中报","OPERATE_INCOME_SQ":6010332000,"DPS_HKD":null,"OPERATE_INCOME_QOQ_SQ":0,"NET_PROFIT_RATIO_SQ":10.199203638,"HOLDER_PROFIT_SQ":433334000,"HOLDER_PROFIT_QOQ_SQ":0,"ROE_AVG_SQ":null,"PE_TTM_SQ":null,"PB_TTM_SQ":null,"ROA_SQ":null,"START_DATE":"2023-01-01 00:00:00","FISCAL_YEAR":"12-31","CURRENCY":"HKD","IS_CNY_CODE":0,"DPS_HKD_LY":null,"ORG_TYPE":"一般企业","PREMIUM_INCOME":null,"PREMIUM_INCOME_YOY":null,"NET_INTEREST_INCOME":null,"NET_INTEREST_INCOME_YOY":null,"FEE_COMMISSION_INCOME":null,"FEE_COMMISSION_INCOME_YOY":null,"ACCOUNTS_RECE_TDAYS":0.953376174644,"INVENTORY_TDAYS":1.361098856806,"CURRENT_ASSETS_TDAYS":0.381690808854,"TOTAL_ASSETS_TDAYS":0.236885481498,"PREMIUM_EXPENSE":null,"LOAN_DEPOSIT":null,"LOAN_EQUITY":null,"LOAN_ASSETS":null,"DEPOSIT_EQUITY":null,"DEPOSIT_ASSETS":null,"EQUITY_MULTIPLIER":3.610167936655,"EQUITY_RATIO":3.131541880575},{"SECUCODE":"02465.HK","SECURITY_CODE":"02465","SECURITY_NAME_ABBR":"龙蟠科技","ORG_CODE":"10462665","STD_REPORT_DATE":"2022-12-31 00:00:00","REPORT_DATE":"2022-12-31 00:00:00","DATE_TYPE_CODE":"001","REPORT_TYPE":"2022年年报","PER_NETCASH_OPERATE":-3.297692888959,"PER_OI":24.902080947974,"BPS":7.100871759272,"BASIC_EPS":1.43,"DILUTED_EPS":1.42,"OPERATE_INCOME":14071643000,"OPERATE_INCOME_YOY":247.1475426822,"GROSS_PROFIT":2433305000,"GROSS_PROFIT_YOY":125.35651507097,"HOLDER_PROFIT":752897000,"HOLDER_PROFIT_YOY":114.4376436544,"GROSS_PROFIT_RATIO":17.292259333185,"EPS_TTM":1.332374765298,"OPERATE_INCOME_QOQ":247.147542682197,"NET_PROFIT_RATIO":7.3193016622,"ROE_AVG":22.418431007294,"GROSS_PROFIT_QOQ":125.35651507097,"ROA":7.240869557942,"HOLDER_PROFIT_QOQ":114.437643654426,"ROE_YEARLY":22.418431007294,"ROIC_YEARLY":8.8444507018,"TOTAL_ASSETS":14690672000,"TOTAL_LIABILITIES":9081208000,"TAX_EBT":11.279392395642,"OCF_SALES":-13.242639825357,"TOTAL_PARENT_EQUITY":4722640000,"DEBT_ASSET_RATIO":61.8161510923,"OPERATE_PROFIT":1346074000,"PRETAX_PROFIT":1160887000,"NETCASH_OPERATE":-1863457000,"NETCASH_INVEST":-2596083000,"NETCASH_FINANCE":5154730000,"END_CASH":1529373000,"DIVI_RATIO":null,"DIVIDEND_RATE":null,"CURRENT_RATIO":1.305387847057,"COMMON_ACS":null,"CURRENTDEBT_DEBT":78.195665158204,"ISSUED_COMMON_SHARES":665078903,"HK_COMMON_SHARES":100000000,"PER_SHARES":500,"TOTAL_MARKET_CAP":3272188202.76,"HKSK_MARKET_CAP":492000000,"PE_TTM":-3.616556469652,"PB_TTM":0.999252937178,"REPORT_DATE_SQ":"2021-12-31 00:00:00","REPORT_TYPE_SQ":"2021年年报","OPERATE_INCOME_SQ":4053505000,"DPS_HKD":null,"OPERATE_INCOME_QOQ_SQ":111.715612512072,"NET_PROFIT_RATIO_SQ":10.6924254442,"HOLDER_PROFIT_SQ":351103000,"HOLDER_PROFIT_QOQ_SQ":73.085038205571,"ROE_AVG_SQ":17.921528773481,"PE_TTM_SQ":null,"PB_TTM_SQ":null,"ROA_SQ":7.749763574635,"START_DATE":"2022-01-01 00:00:00","FISCAL_YEAR":"12-31","CURRENCY":"HKD","IS_CNY_CODE":0,"DPS_HKD_LY":null,"ORG_TYPE":"一般企业","PREMIUM_INCOME":null,"PREMIUM_INCOME_YOY":null,"NET_INTEREST_INCOME":null,"NET_INTEREST_INCOME_YOY":null,"FEE_COMMISSION_INCOME":null,"FEE_COMMISSION_INCOME_YOY":null,"ACCOUNTS_RECE_TDAYS":4.893323740247,"INVENTORY_TDAYS":5.666373813525,"CURRENT_ASSETS_TDAYS":2.200791160077,"TOTAL_ASSETS_TDAYS":1.353318334765,"PREMIUM_EXPENSE":null,"LOAN_DEPOSIT":null,"LOAN_EQUITY":null,"LOAN_ASSETS":null,"DEPOSIT_EQUITY":null,"DEPOSIT_ASSETS":null,"EQUITY_MULTIPLIER":2.618908330633,"EQUITY_RATIO":1.922909220267},{"SECUCODE":"02465.HK","SECURITY_CODE":"02465","SECURITY_NAME_ABBR":"龙蟠科技","ORG_CODE":"10462665","STD_REPORT_DATE":"2022-06-30 00:00:00","REPORT_DATE":"2022-06-30 00:00:00","DATE_TYPE_CODE":"002","REPORT_TYPE":"2022年中报","PER_NETCASH_OPERATE":null,"PER_OI":null,"BPS":null,"BASIC_EPS":0.89,"DILUTED_EPS":0.88,"OPERATE_INCOME":6010332000,"OPERATE_INCOME_YOY":null,"GROSS_PROFIT":1194070000,"GROSS_PROFIT_YOY":null,"HOLDER_PROFIT":433334000,"HOLDER_PROFIT_YOY":null,"GROSS_PROFIT_RATIO":19.866955768833,"EPS_TTM":0.728291961476,"OPERATE_INCOME_QOQ":0,"NET_PROFIT_RATIO":10.199203638,"ROE_AVG":null,"GROSS_PROFIT_QOQ":0,"ROA":null,"HOLDER_PROFIT_QOQ":0,"ROE_YEARLY":null,"ROIC_YEARLY":null,"TOTAL_ASSETS":null,"TOTAL_LIABILITIES":null,"TAX_EBT":14.1041557488,"OCF_SALES":-11.184224099434,"TOTAL_PARENT_EQUITY":null,"DEBT_ASSET_RATIO":null,"OPERATE_PROFIT":799773000,"PRETAX_PROFIT":713662000,"NETCASH_OPERATE":-672209000,"NETCASH_INVEST":-1039181000,"NETCASH_FINANCE":3684762000,"END_CASH":2806746000,"DIVI_RATIO":null,"DIVIDEND_RATE":null,"CURRENT_RATIO":null,"COMMON_ACS":null,"CURRENTDEBT_DEBT":null,"ISSUED_COMMON_SHARES":665078903,"HK_COMMON_SHARES":100000000,"PER_SHARES":500,"TOTAL_MARKET_CAP":3272188202.76,"HKSK_MARKET_CAP":492000000,"PE_TTM":-3.616556469652,"PB_TTM":0.999252937178,"REPORT_DATE_SQ":"2021-06-30 00:00:00","REPORT_TYPE_SQ":"2021年中报","OPERATE_INCOME_SQ":null,"DPS_HKD":null,"OPERATE_INCOME_QOQ_SQ":0,"NET_PROFIT_RATIO_SQ":null,"HOLDER_PROFIT_SQ":null,"HOLDER_PROFIT_QOQ_SQ":0,"ROE_AVG_SQ":null,"PE_TTM_SQ":null,"PB_TTM_SQ":null,"ROA_SQ":null,"START_DATE":"2022-01-01 00:00:00","FISCAL_YEAR":"12-31","CURRENCY":"HKD","IS_CNY_CODE":0,"DPS_HKD_LY":null,"ORG_TYPE":"一般企业","PREMIUM_INCOME":null,"PREMIUM_INCOME_YOY":null,"NET_INTEREST_INCOME":null,"NET_INTEREST_INCOME_YOY":null,"FEE_COMMISSION_INCOME":null,"FEE_COMMISSION_INCOME_YOY":null,"ACCOUNTS_RECE_TDAYS":null,"INVENTORY_TDAYS":null,"CURRENT_ASSETS_TDAYS":3.416805662147,"TOTAL_ASSETS_TDAYS":1.968957705783,"PREMIUM_EXPENSE":null,"LOAN_DEPOSIT":null,"LOAN_EQUITY":null,"LOAN_ASSETS":null,"DEPOSIT_EQUITY":null,"DEPOSIT_ASSETS":null,"EQUITY_MULTIPLIER":null,"EQUITY_RATIO":null},{"SECUCODE":"02465.HK","SECURITY_CODE":"02465","SECURITY_NAME_ABBR":"龙蟠科技","ORG_CODE":"10462665","STD_REPORT_DATE":"2021-12-31 00:00:00","REPORT_DATE":"2021-12-31 00:00:00","DATE_TYPE_CODE":"001","REPORT_TYPE":"2021年年报","PER_NETCASH_OPERATE":-1.70890350577,"PER_OI":8.408173975453,"BPS":2.998332966216,"BASIC_EPS":0.73,"DILUTED_EPS":0.73,"OPERATE_INCOME":4053505000,"OPERATE_INCOME_YOY":111.7156125121,"GROSS_PROFIT":1079758000,"GROSS_PROFIT_YOY":83.184942894564,"HOLDER_PROFIT":351103000,"HOLDER_PROFIT_YOY":73.0850382056,"GROSS_PROFIT_RATIO":26.637638290813,"EPS_TTM":0.728291961476,"OPERATE_INCOME_QOQ":111.715612512072,"NET_PROFIT_RATIO":10.6924254442,"ROE_AVG":17.921528773481,"GROSS_PROFIT_QOQ":83.184942894564,"ROA":7.749763574635,"HOLDER_PROFIT_QOQ":73.085038205571,"ROE_YEARLY":17.921528773481,"ROIC_YEARLY":10.620107978745,"TOTAL_ASSETS":6105090000,"TOTAL_LIABILITIES":3589827000,"TAX_EBT":14.466314862982,"OCF_SALES":-20.324311922645,"TOTAL_PARENT_EQUITY":1994128000,"DEBT_ASSET_RATIO":58.8005582227,"OPERATE_PROFIT":556758000,"PRETAX_PROFIT":506722000,"NETCASH_OPERATE":-823847000,"NETCASH_INVEST":-828430000,"NETCASH_FINANCE":1592020000,"END_CASH":833133000,"DIVI_RATIO":null,"DIVIDEND_RATE":null,"CURRENT_RATIO":1.539543436384,"COMMON_ACS":null,"CURRENTDEBT_DEBT":63.656493753042,"ISSUED_COMMON_SHARES":665078903,"HK_COMMON_SHARES":100000000,"PER_SHARES":500,"TOTAL_MARKET_CAP":3272188202.76,"HKSK_MARKET_CAP":492000000,"PE_TTM":-3.616556469652,"PB_TTM":0.999252937178,"REPORT_DATE_SQ":"2020-12-31 00:00:00","REPORT_TYPE_SQ":"2020年年报","OPERATE_INCOME_SQ":1914599000,"DPS_HKD":null,"OPERATE_INCOME_QOQ_SQ":null,"NET_PROFIT_RATIO_SQ":12.5227789213,"HOLDER_PROFIT_SQ":202850000,"HOLDER_PROFIT_QOQ_SQ":null,"ROE_AVG_SQ":10.542602299883,"PE_TTM_SQ":null,"PB_TTM_SQ":null,"ROA_SQ":6.862525199524,"START_DATE":"2021-01-01 00:00:00","FISCAL_YEAR":"12-31","CURRENCY":"HKD","IS_CNY_CODE":0,"DPS_HKD_LY":null,"ORG_TYPE":"一般企业","PREMIUM_INCOME":null,"PREMIUM_INCOME_YOY":null,"NET_INTEREST_INCOME":null,"NET_INTEREST_INCOME_YOY":null,"FEE_COMMISSION_INCOME":null,"FEE_COMMISSION_INCOME_YOY":null,"ACCOUNTS_RECE_TDAYS":3.911775505763,"INVENTORY_TDAYS":4.182897050343,"CURRENT_ASSETS_TDAYS":1.516512702251,"TOTAL_ASSETS_TDAYS":0.894714810144,"PREMIUM_EXPENSE":null,"LOAN_DEPOSIT":null,"LOAN_EQUITY":null,"LOAN_ASSETS":null,"DEPOSIT_EQUITY":null,"DEPOSIT_ASSETS":null,"EQUITY_MULTIPLIER":2.427217352617,"EQUITY_RATIO":1.800198883923},{"SECUCODE":"02465.HK","SECURITY_CODE":"02465","SECURITY_NAME_ABBR":"龙蟠科技","ORG_CODE":"10462665","STD_REPORT_DATE":"2020-12-31 00:00:00","REPORT_DATE":"2020-12-31 00:00:00","DATE_TYPE_CODE":"001","REPORT_TYPE":"2020年年报","PER_NETCASH_OPERATE":0.429011987177,"PER_OI":5.559747130976,"BPS":2.893037189003,"BASIC_EPS":0.48,"DILUTED_EPS":0.45,"OPERATE_INCOME":1914599000,"OPERATE_INCOME_YOY":null,"GROSS_PROFIT":589436000,"GROSS_PROFIT_YOY":null,"HOLDER_PROFIT":202850000,"HOLDER_PROFIT_YOY":null,"GROSS_PROFIT_RATIO":30.786394435597,"EPS_TTM":0.589050085955,"OPERATE_INCOME_QOQ":null,"NET_PROFIT_RATIO":12.5227789213,"ROE_AVG":10.542602299883,"GROSS_PROFIT_QOQ":null,"ROA":6.862525199524,"HOLDER_PROFIT_QOQ":null,"ROE_YEARLY":10.542602299883,"ROIC_YEARLY":10.898765325969,"TOTAL_ASSETS":2955909000,"TOTAL_LIABILITIES":840653000,"TAX_EBT":12.283095834782,"OCF_SALES":7.716393876733,"TOTAL_PARENT_EQUITY":1924098000,"DEBT_ASSET_RATIO":28.4397456079,"OPERATE_PROFIT":281939000,"PRETAX_PROFIT":273335000,"NETCASH_OPERATE":147738000,"NETCASH_INVEST":-235508000,"NETCASH_FINANCE":457256000,"END_CASH":893531000,"DIVI_RATIO":null,"DIVIDEND_RATE":null,"CURRENT_RATIO":2.279551653735,"COMMON_ACS":null,"CURRENTDEBT_DEBT":95.377165132344,"ISSUED_COMMON_SHARES":665078903,"HK_COMMON_SHARES":100000000,"PER_SHARES":500,"TOTAL_MARKET_CAP":3272188202.76,"HKSK_MARKET_CAP":492000000,"PE_TTM":-3.616556469652,"PB_TTM":0.999252937178,"REPORT_DATE_SQ":"2019-12-31 00:00:00","REPORT_TYPE_SQ":"2019年年报","OPERATE_INCOME_SQ":null,"DPS_HKD":null,"OPERATE_INCOME_QOQ_SQ":null,"NET_PROFIT_RATIO_SQ":null,"HOLDER_PROFIT_SQ":null,"HOLDER_PROFIT_QOQ_SQ":null,"ROE_AVG_SQ":null,"PE_TTM_SQ":null,"PB_TTM_SQ":null,"ROA_SQ":null,"START_DATE":"2020-01-01 00:00:00","FISCAL_YEAR":"12-31","CURRENCY":"HKD","IS_CNY_CODE":0,"DPS_HKD_LY":null,"ORG_TYPE":"一般企业","PREMIUM_INCOME":null,"PREMIUM_INCOME_YOY":null,"NET_INTEREST_INCOME":null,"NET_INTEREST_INCOME_YOY":null,"FEE_COMMISSION_INCOME":null,"FEE_COMMISSION_INCOME_YOY":null,"ACCOUNTS_RECE_TDAYS":3.708371829065,"INVENTORY_TDAYS":4.124712861918,"CURRENT_ASSETS_TDAYS":2.095063587281,"TOTAL_ASSETS_TDAYS":1.295438391371,"PREMIUM_EXPENSE":null,"LOAN_DEPOSIT":null,"LOAN_EQUITY":null,"LOAN_ASSETS":null,"DEPOSIT_EQUITY":null,"DEPOSIT_ASSETS":null,"EQUITY_MULTIPLIER":1.397423763365,"EQUITY_RATIO":0.436907579552}],"count":9},"success":true,"message":"ok","code":0}