{"version":"831578179c6f7aeb6ecc215834c732ac","result":{"pages":2,"data":[{"SECUCODE":"02469.HK","SECURITY_CODE":"02469","SECURITY_NAME_ABBR":"粉笔","ORG_CODE":"10000299204","STD_REPORT_DATE":"2024-06-30 00:00:00","REPORT_DATE":"2024-06-30 00:00:00","DATE_TYPE_CODE":"002","REPORT_TYPE":"2024年中报","PER_NETCASH_OPERATE":0.102367213794,"PER_OI":0.711179304936,"BPS":0.569094287792,"BASIC_EPS":0.13,"DILUTED_EPS":0.13,"OPERATE_INCOME":1630470000,"OPERATE_INCOME_YOY":-3.0828022752,"GROSS_PROFIT":883203000,"GROSS_PROFIT_YOY":3.216506170531,"HOLDER_PROFIT":277739000,"HOLDER_PROFIT_YOY":240.8844322254,"GROSS_PROFIT_RATIO":54.168613957939,"EPS_TTM":0.16785492572,"OPERATE_INCOME_QOQ":-1.716568729276,"NET_PROFIT_RATIO":17.034290726,"ROE_AVG":21.890292778006,"GROSS_PROFIT_QOQ":1.753254984798,"ROA":13.406252074069,"HOLDER_PROFIT_QOQ":104.081859932331,"ROE_YEARLY":43.780585556012,"ROIC_YEARLY":58.882866686242,"TOTAL_ASSETS":2020917000,"TOTAL_LIABILITIES":751107000,"TAX_EBT":3.324515298131,"OCF_SALES":14.394009089404,"TOTAL_PARENT_EQUITY":1269810000,"DEBT_ASSET_RATIO":37.1666426677,"OPERATE_PROFIT":270318000,"PRETAX_PROFIT":287290000,"NETCASH_OPERATE":234690000,"NETCASH_INVEST":157223000,"NETCASH_FINANCE":-378316000,"END_CASH":689444000,"DIVI_RATIO":null,"DIVIDEND_RATE":null,"CURRENT_RATIO":2.304180485788,"COMMON_ACS":5000000000,"CURRENTDEBT_DEBT":90.802775103947,"ISSUED_COMMON_SHARES":2231282280,"HK_COMMON_SHARES":2231282280,"PER_SHARES":500,"TOTAL_MARKET_CAP":6336841675.2,"HKSK_MARKET_CAP":6336841675.2,"PE_TTM":14.944658272272,"PB_TTM":4.554625227492,"REPORT_DATE_SQ":"2023-06-30 00:00:00","REPORT_TYPE_SQ":"2023年中报","OPERATE_INCOME_SQ":1682333000,"DPS_HKD":null,"OPERATE_INCOME_QOQ_SQ":8.230095832344,"NET_PROFIT_RATIO_SQ":4.8430364262,"HOLDER_PROFIT_SQ":81476000,"HOLDER_PROFIT_QOQ_SQ":22.672128783571,"ROE_AVG_SQ":-1.698000000417,"PE_TTM_SQ":-5.638744217142,"PB_TTM_SQ":7.349911042828,"ROA_SQ":4.305091014768,"START_DATE":"2024-01-01 00:00:00","FISCAL_YEAR":"12-31","CURRENCY":"HKD","IS_CNY_CODE":0,"DPS_HKD_LY":null,"ORG_TYPE":"一般企业","PREMIUM_INCOME":null,"PREMIUM_INCOME_YOY":null,"NET_INTEREST_INCOME":null,"NET_INTEREST_INCOME_YOY":null,"FEE_COMMISSION_INCOME":null,"FEE_COMMISSION_INCOME_YOY":null,"ACCOUNTS_RECE_TDAYS":41.508910386965,"INVENTORY_TDAYS":12.36337315112,"CURRENT_ASSETS_TDAYS":0.958659298681,"TOTAL_ASSETS_TDAYS":0.787015572865,"PREMIUM_EXPENSE":null,"LOAN_DEPOSIT":null,"LOAN_EQUITY":null,"LOAN_ASSETS":null,"DEPOSIT_EQUITY":null,"DEPOSIT_ASSETS":null,"EQUITY_MULTIPLIER":1.591511328467,"EQUITY_RATIO":0.591511328466},{"SECUCODE":"02469.HK","SECURITY_CODE":"02469","SECURITY_NAME_ABBR":"粉笔","ORG_CODE":"10000299204","STD_REPORT_DATE":"2023-12-31 00:00:00","REPORT_DATE":"2023-12-31 00:00:00","DATE_TYPE_CODE":"001","REPORT_TYPE":"2023年年报","PER_NETCASH_OPERATE":0.257668072016,"PER_OI":1.324337418931,"BPS":0.568168362812,"BASIC_EPS":0.09,"DILUTED_EPS":0.08,"OPERATE_INCOME":3021318000,"OPERATE_INCOME_YOY":7.5038010211,"GROSS_PROFIT":1569823000,"GROSS_PROFIT_YOY":14.945980281247,"HOLDER_PROFIT":188566000,"HOLDER_PROFIT_YOY":109.0278818427,"GROSS_PROFIT_RATIO":51.958218234559,"EPS_TTM":0.082654328256,"OPERATE_INCOME_QOQ":-0.671065479185,"NET_PROFIT_RATIO":6.2411834835,"ROE_AVG":-3.930395690876,"GROSS_PROFIT_QOQ":2.463914928391,"ROA":10.040723914437,"HOLDER_PROFIT_QOQ":111.68241640393,"ROE_YEARLY":-3.930395690876,"ROIC_YEARLY":27.85251751805,"TOTAL_ASSETS":2122508000,"TOTAL_LIABILITIES":854764000,"TAX_EBT":7.995491649305,"OCF_SALES":19.456376323181,"TOTAL_PARENT_EQUITY":1267744000,"DEBT_ASSET_RATIO":40.2714147603,"OPERATE_PROFIT":181014000,"PRETAX_PROFIT":204953000,"NETCASH_OPERATE":587839000,"NETCASH_INVEST":-911537000,"NETCASH_FINANCE":-74496000,"END_CASH":671530000,"DIVI_RATIO":null,"DIVIDEND_RATE":null,"CURRENT_RATIO":2.341732192784,"COMMON_ACS":5000000000,"CURRENTDEBT_DEBT":91.428160287518,"ISSUED_COMMON_SHARES":2231282280,"HK_COMMON_SHARES":2231282280,"PER_SHARES":500,"TOTAL_MARKET_CAP":5912898042,"HKSK_MARKET_CAP":5912898042,"PE_TTM":13.944839585043,"PB_TTM":4.249914384808,"REPORT_DATE_SQ":"2022-12-31 00:00:00","REPORT_TYPE_SQ":"2022年年报","OPERATE_INCOME_SQ":2810429000,"DPS_HKD":null,"OPERATE_INCOME_QOQ_SQ":-6.136750903588,"NET_PROFIT_RATIO_SQ":-74.2714724336,"HOLDER_PROFIT_SQ":-2088707000,"HOLDER_PROFIT_QOQ_SQ":-39.881237987761,"ROE_AVG_SQ":21.859823490586,"PE_TTM_SQ":-5.101720958366,"PB_TTM_SQ":6.64991951494,"ROA_SQ":-110.566275899897,"START_DATE":"2023-01-01 00:00:00","FISCAL_YEAR":"12-31","CURRENCY":"HKD","IS_CNY_CODE":0,"DPS_HKD_LY":null,"ORG_TYPE":"一般企业","PREMIUM_INCOME":null,"PREMIUM_INCOME_YOY":null,"NET_INTEREST_INCOME":null,"NET_INTEREST_INCOME_YOY":null,"FEE_COMMISSION_INCOME":null,"FEE_COMMISSION_INCOME_YOY":null,"ACCOUNTS_RECE_TDAYS":128.536640360767,"INVENTORY_TDAYS":18.709654550142,"CURRENT_ASSETS_TDAYS":1.936698856115,"TOTAL_ASSETS_TDAYS":1.608785247379,"PREMIUM_EXPENSE":null,"LOAN_DEPOSIT":null,"LOAN_EQUITY":null,"LOAN_ASSETS":null,"DEPOSIT_EQUITY":null,"DEPOSIT_ASSETS":null,"EQUITY_MULTIPLIER":1.674240225157,"EQUITY_RATIO":0.674240225156},{"SECUCODE":"02469.HK","SECURITY_CODE":"02469","SECURITY_NAME_ABBR":"粉笔","ORG_CODE":"10000299204","STD_REPORT_DATE":"2023-06-30 00:00:00","REPORT_DATE":"2023-06-30 00:00:00","DATE_TYPE_CODE":"002","REPORT_TYPE":"2023年中报","PER_NETCASH_OPERATE":0.166505763056,"PER_OI":0.746490018251,"BPS":0.567525683035,"BASIC_EPS":0.04,"DILUTED_EPS":0.04,"OPERATE_INCOME":1682333000,"OPERATE_INCOME_YOY":15.9404479019,"GROSS_PROFIT":855680000,"GROSS_PROFIT_YOY":24.135549846151,"HOLDER_PROFIT":81476000,"HOLDER_PROFIT_YOY":120.796896138,"GROSS_PROFIT_RATIO":50.86270078516,"EPS_TTM":-0.716213903519,"OPERATE_INCOME_QOQ":8.230095832344,"NET_PROFIT_RATIO":4.8430364262,"ROE_AVG":-1.698000000417,"GROSS_PROFIT_QOQ":12.18191337075,"ROA":4.305091014768,"HOLDER_PROFIT_QOQ":22.672128783571,"ROE_YEARLY":-3.396000000834,"ROIC_YEARLY":26.359554796709,"TOTAL_ASSETS":2151584000,"TOTAL_LIABILITIES":885274000,"TAX_EBT":-7.628697111003,"OCF_SALES":22.305155994681,"TOTAL_PARENT_EQUITY":1266310000,"DEBT_ASSET_RATIO":41.1452213811,"OPERATE_PROFIT":70326000,"PRETAX_PROFIT":75701000,"NETCASH_OPERATE":375247000,"NETCASH_INVEST":-228329000,"NETCASH_FINANCE":78429000,"END_CASH":1335329000,"DIVI_RATIO":null,"DIVIDEND_RATE":null,"CURRENT_RATIO":2.307737338032,"COMMON_ACS":5000000000,"CURRENTDEBT_DEBT":90.306616934418,"ISSUED_COMMON_SHARES":2231282280,"HK_COMMON_SHARES":2231282280,"PER_SHARES":500,"TOTAL_MARKET_CAP":5912898042,"HKSK_MARKET_CAP":5912898042,"PE_TTM":13.944839585043,"PB_TTM":4.249914384808,"REPORT_DATE_SQ":"2022-06-30 00:00:00","REPORT_TYPE_SQ":"2022年中报","OPERATE_INCOME_SQ":1451032000,"DPS_HKD":null,"OPERATE_INCOME_QOQ_SQ":-12.669608427331,"NET_PROFIT_RATIO_SQ":-26.9994045617,"HOLDER_PROFIT_SQ":-391770000,"HOLDER_PROFIT_QOQ_SQ":27.065046376513,"ROE_AVG_SQ":4.562591247167,"PE_TTM_SQ":-5.101720958366,"PB_TTM_SQ":6.64991951494,"ROA_SQ":-18.946672012249,"START_DATE":"2023-01-01 00:00:00","FISCAL_YEAR":"12-31","CURRENCY":"HKD","IS_CNY_CODE":0,"DPS_HKD_LY":null,"ORG_TYPE":"一般企业","PREMIUM_INCOME":null,"PREMIUM_INCOME_YOY":null,"NET_INTEREST_INCOME":null,"NET_INTEREST_INCOME_YOY":null,"FEE_COMMISSION_INCOME":null,"FEE_COMMISSION_INCOME_YOY":null,"ACCOUNTS_RECE_TDAYS":57.255317700711,"INVENTORY_TDAYS":9.416415589741,"CURRENT_ASSETS_TDAYS":1.073271016828,"TOTAL_ASSETS_TDAYS":0.888923938601,"PREMIUM_EXPENSE":null,"LOAN_DEPOSIT":null,"LOAN_EQUITY":null,"LOAN_ASSETS":null,"DEPOSIT_EQUITY":null,"DEPOSIT_ASSETS":null,"EQUITY_MULTIPLIER":1.69909737742,"EQUITY_RATIO":0.699097377419},{"SECUCODE":"02469.HK","SECURITY_CODE":"02469","SECURITY_NAME_ABBR":"粉笔","ORG_CODE":"10000299204","STD_REPORT_DATE":"2022-12-31 00:00:00","REPORT_DATE":"2022-12-31 00:00:00","DATE_TYPE_CODE":"001","REPORT_TYPE":"2022年年报","PER_NETCASH_OPERATE":-0.115274977595,"PER_OI":3.857178540892,"BPS":-4.868467381904,"BASIC_EPS":-2.87,"DILUTED_EPS":-2.87,"OPERATE_INCOME":2810429000,"OPERATE_INCOME_YOY":-18.0288570213,"GROSS_PROFIT":1365705000,"GROSS_PROFIT_YOY":62.416291756009,"HOLDER_PROFIT":-2088707000,"HOLDER_PROFIT_YOY":-2.0223160543,"GROSS_PROFIT_RATIO":48.594182596323,"EPS_TTM":-2.864783296712,"OPERATE_INCOME_QOQ":-6.136750903588,"NET_PROFIT_RATIO":-74.2714724336,"ROE_AVG":21.859823490586,"GROSS_PROFIT_QOQ":13.089219838776,"ROA":-110.566275899897,"HOLDER_PROFIT_QOQ":-39.881237987761,"ROE_YEARLY":21.859823490586,"ROIC_YEARLY":-266.163458657163,"TOTAL_ASSETS":1633450000,"TOTAL_LIABILITIES":12496462000,"TAX_EBT":-2.110997366936,"OCF_SALES":-2.988582881831,"TOTAL_PARENT_EQUITY":-10863012000,"DEBT_ASSET_RATIO":765.0026690893,"OPERATE_PROFIT":19143000,"PRETAX_PROFIT":-2045526000,"NETCASH_OPERATE":-83992000,"NETCASH_INVEST":-36792000,"NETCASH_FINANCE":-85243000,"END_CASH":1047402000,"DIVI_RATIO":null,"DIVIDEND_RATE":null,"CURRENT_RATIO":1.780319873475,"COMMON_ACS":5000000000,"CURRENTDEBT_DEBT":5.79843318853,"ISSUED_COMMON_SHARES":2231282280,"HK_COMMON_SHARES":2231282280,"PER_SHARES":500,"TOTAL_MARKET_CAP":5912898042,"HKSK_MARKET_CAP":5912898042,"PE_TTM":13.944839585043,"PB_TTM":4.249914384808,"REPORT_DATE_SQ":"2021-12-31 00:00:00","REPORT_TYPE_SQ":"2021年年报","OPERATE_INCOME_SQ":3428559000,"DPS_HKD":null,"OPERATE_INCOME_QOQ_SQ":3.934466482962,"NET_PROFIT_RATIO_SQ":-59.6743704863,"HOLDER_PROFIT_SQ":-2045971000,"HOLDER_PROFIT_QOQ_SQ":-23.826236524779,"ROE_AVG_SQ":27.628095713939,"PE_TTM_SQ":-5.101720958366,"PB_TTM_SQ":6.64991951494,"ROA_SQ":-116.541161942107,"START_DATE":"2022-01-01 00:00:00","FISCAL_YEAR":"12-31","CURRENCY":"HKD","IS_CNY_CODE":0,"DPS_HKD_LY":null,"ORG_TYPE":"一般企业","PREMIUM_INCOME":null,"PREMIUM_INCOME_YOY":null,"NET_INTEREST_INCOME":null,"NET_INTEREST_INCOME_YOY":null,"FEE_COMMISSION_INCOME":null,"FEE_COMMISSION_INCOME_YOY":null,"ACCOUNTS_RECE_TDAYS":260.321322712116,"INVENTORY_TDAYS":15.931234493025,"CURRENT_ASSETS_TDAYS":2.104770884603,"TOTAL_ASSETS_TDAYS":1.488677580733,"PREMIUM_EXPENSE":null,"LOAN_DEPOSIT":null,"LOAN_EQUITY":null,"LOAN_ASSETS":null,"DEPOSIT_EQUITY":null,"DEPOSIT_ASSETS":null,"EQUITY_MULTIPLIER":-0.150375336293,"EQUITY_RATIO":-1.1503680563},{"SECUCODE":"02469.HK","SECURITY_CODE":"02469","SECURITY_NAME_ABBR":"粉笔","ORG_CODE":"10000299204","STD_REPORT_DATE":"2022-06-30 00:00:00","REPORT_DATE":"2022-06-30 00:00:00","DATE_TYPE_CODE":"002","REPORT_TYPE":"2022年中报","PER_NETCASH_OPERATE":0.081931914426,"PER_OI":2.072011949957,"BPS":-4.005990671875,"BASIC_EPS":-0.54,"DILUTED_EPS":-0.54,"OPERATE_INCOME":1451032000,"OPERATE_INCOME_YOY":-23.0392003467,"GROSS_PROFIT":689311000,"GROSS_PROFIT_YOY":113.711350114558,"HOLDER_PROFIT":-391770000,"HOLDER_PROFIT_YOY":58.5653502384,"GROSS_PROFIT_RATIO":47.504879285915,"EPS_TTM":-2.130838084936,"OPERATE_INCOME_QOQ":-12.669608427331,"NET_PROFIT_RATIO":-26.9994045617,"ROE_AVG":4.562591247167,"GROSS_PROFIT_QOQ":43.61783730364,"ROA":-18.946672012249,"HOLDER_PROFIT_QOQ":27.065046376513,"ROE_YEARLY":9.125182494333,"ROIC_YEARLY":-90.997882824867,"TOTAL_ASSETS":1993279000,"TOTAL_LIABILITIES":10931775000,"TAX_EBT":-8.448743110708,"OCF_SALES":3.954220168818,"TOTAL_PARENT_EQUITY":-8938496000,"DEBT_ASSET_RATIO":548.4317549124,"OPERATE_PROFIT":30852000,"PRETAX_PROFIT":-361249000,"NETCASH_OPERATE":57377000,"NETCASH_INVEST":25440000,"NETCASH_FINANCE":-49895000,"END_CASH":1253529000,"DIVI_RATIO":null,"DIVIDEND_RATE":null,"CURRENT_RATIO":1.308152707896,"COMMON_ACS":5000000000,"CURRENTDEBT_DEBT":10.464796430589,"ISSUED_COMMON_SHARES":2231282280,"HK_COMMON_SHARES":2231282280,"PER_SHARES":500,"TOTAL_MARKET_CAP":5912898042,"HKSK_MARKET_CAP":5912898042,"PE_TTM":13.944839585043,"PB_TTM":4.249914384808,"REPORT_DATE_SQ":"2021-06-30 00:00:00","REPORT_TYPE_SQ":"2021年中报","OPERATE_INCOME_SQ":1885417000,"DPS_HKD":null,"OPERATE_INCOME_QOQ_SQ":0,"NET_PROFIT_RATIO_SQ":-50.148746935,"HOLDER_PROFIT_SQ":-945513000,"HOLDER_PROFIT_QOQ_SQ":0,"ROE_AVG_SQ":null,"PE_TTM_SQ":-5.101720958366,"PB_TTM_SQ":6.64991951494,"ROA_SQ":null,"START_DATE":"2022-01-01 00:00:00","FISCAL_YEAR":"12-31","CURRENCY":"HKD","IS_CNY_CODE":0,"DPS_HKD_LY":null,"ORG_TYPE":"一般企业","PREMIUM_INCOME":null,"PREMIUM_INCOME_YOY":null,"NET_INTEREST_INCOME":null,"NET_INTEREST_INCOME_YOY":null,"FEE_COMMISSION_INCOME":null,"FEE_COMMISSION_INCOME_YOY":null,"ACCOUNTS_RECE_TDAYS":121.623737479569,"INVENTORY_TDAYS":8.65941374077,"CURRENT_ASSETS_TDAYS":1.008703087391,"TOTAL_ASSETS_TDAYS":0.701744068797,"PREMIUM_EXPENSE":null,"LOAN_DEPOSIT":null,"LOAN_EQUITY":null,"LOAN_ASSETS":null,"DEPOSIT_EQUITY":null,"DEPOSIT_ASSETS":null,"EQUITY_MULTIPLIER":-0.222999372601,"EQUITY_RATIO":-1.222999372601},{"SECUCODE":"02469.HK","SECURITY_CODE":"02469","SECURITY_NAME_ABBR":"粉笔","ORG_CODE":"10000299204","STD_REPORT_DATE":"2021-12-31 00:00:00","REPORT_DATE":"2021-12-31 00:00:00","DATE_TYPE_CODE":"001","REPORT_TYPE":"2021年年报","PER_NETCASH_OPERATE":-1.241401694745,"PER_OI":4.650949705596,"BPS":-3.690541566081,"BASIC_EPS":-2.81,"DILUTED_EPS":-2.81,"OPERATE_INCOME":3428559000,"OPERATE_INCOME_YOY":60.8086304697,"GROSS_PROFIT":840867000,"GROSS_PROFIT_YOY":71.629328151662,"HOLDER_PROFIT":-2045971000,"HOLDER_PROFIT_YOY":-322.3094420317,"GROSS_PROFIT_RATIO":24.52537640449,"EPS_TTM":-2.775424958447,"OPERATE_INCOME_QOQ":3.934466482962,"NET_PROFIT_RATIO":-59.6743704863,"ROE_AVG":27.628095713939,"GROSS_PROFIT_QOQ":70.568523202814,"ROA":-116.541161942107,"HOLDER_PROFIT_QOQ":-23.826236524779,"ROE_YEARLY":27.628095713939,"ROIC_YEARLY":-202.70796313754,"TOTAL_ASSETS":2142223000,"TOTAL_LIABILITIES":10376863000,"TAX_EBT":0.581069609301,"OCF_SALES":-26.691359256177,"TOTAL_PARENT_EQUITY":-8234640000,"DEBT_ASSET_RATIO":484.3969558725,"OPERATE_PROFIT":-1244513000,"PRETAX_PROFIT":-2057929000,"NETCASH_OPERATE":-915129000,"NETCASH_INVEST":156516000,"NETCASH_FINANCE":1612437000,"END_CASH":1159867000,"DIVI_RATIO":null,"DIVIDEND_RATE":null,"CURRENT_RATIO":1.020490170351,"COMMON_ACS":5000000000,"CURRENTDEBT_DEBT":13.036647009795,"ISSUED_COMMON_SHARES":2231282280,"HK_COMMON_SHARES":2231282280,"PER_SHARES":500,"TOTAL_MARKET_CAP":5912898042,"HKSK_MARKET_CAP":5912898042,"PE_TTM":13.944839585043,"PB_TTM":4.249914384808,"REPORT_DATE_SQ":"2020-12-31 00:00:00","REPORT_TYPE_SQ":"2020年年报","OPERATE_INCOME_SQ":2132074000,"DPS_HKD":null,"OPERATE_INCOME_QOQ_SQ":83.749585241939,"NET_PROFIT_RATIO_SQ":-22.7230386938,"HOLDER_PROFIT_SQ":-484472000,"HOLDER_PROFIT_QOQ_SQ":-414.449276302979,"ROE_AVG_SQ":15.143230576903,"PE_TTM_SQ":-5.101720958366,"PB_TTM_SQ":6.64991951494,"ROA_SQ":-48.090679745705,"START_DATE":"2021-01-01 00:00:00","FISCAL_YEAR":"12-31","CURRENCY":"HKD","IS_CNY_CODE":0,"DPS_HKD_LY":null,"ORG_TYPE":"一般企业","PREMIUM_INCOME":null,"PREMIUM_INCOME_YOY":null,"NET_INTEREST_INCOME":null,"NET_INTEREST_INCOME_YOY":null,"FEE_COMMISSION_INCOME":null,"FEE_COMMISSION_INCOME_YOY":null,"ACCOUNTS_RECE_TDAYS":520.34587949613,"INVENTORY_TDAYS":32.136060504452,"CURRENT_ASSETS_TDAYS":3.084178128125,"TOTAL_ASSETS_TDAYS":1.952951677453,"PREMIUM_EXPENSE":null,"LOAN_DEPOSIT":null,"LOAN_EQUITY":null,"LOAN_ASSETS":null,"DEPOSIT_EQUITY":null,"DEPOSIT_ASSETS":null,"EQUITY_MULTIPLIER":-0.260147741735,"EQUITY_RATIO":-1.260147741735},{"SECUCODE":"02469.HK","SECURITY_CODE":"02469","SECURITY_NAME_ABBR":"粉笔","ORG_CODE":"10000299204","STD_REPORT_DATE":"2021-09-30 00:00:00","REPORT_DATE":"2021-09-30 00:00:00","DATE_TYPE_CODE":"004","REPORT_TYPE":"2021年三季报","PER_NETCASH_OPERATE":-1.42787257966,"PER_OI":3.633660610085,"BPS":-3.474728889973,"BASIC_EPS":-16.85,"DILUTED_EPS":-16.85,"OPERATE_INCOME":2633331000,"OPERATE_INCOME_YOY":79.5491720844,"GROSS_PROFIT":515837000,"GROSS_PROFIT_YOY":0.594200354921,"HOLDER_PROFIT":-1227911000,"HOLDER_PROFIT_YOY":-1943.4191476261,"GROSS_PROFIT_RATIO":19.588764192576,"EPS_TTM":-2.279952029106,"OPERATE_INCOME_QOQ":54.721177595149,"NET_PROFIT_RATIO":-46.6295729629,"ROE_AVG":17.138511190493,"GROSS_PROFIT_QOQ":0.621923042381,"ROA":-67.619428117348,"HOLDER_PROFIT_QOQ":-241.050050364108,"ROE_YEARLY":22.851348253991,"ROIC_YEARLY":-100.224460295422,"TOTAL_ASSETS":2262896000,"TOTAL_LIABILITIES":10015997000,"TAX_EBT":1.177028271213,"OCF_SALES":-39.295705705056,"TOTAL_PARENT_EQUITY":-7753101000,"DEBT_ASSET_RATIO":442.6185295303,"OPERATE_PROFIT":null,"PRETAX_PROFIT":-1242536000,"NETCASH_OPERATE":-1034786000,"NETCASH_INVEST":-85301000,"NETCASH_FINANCE":1637053000,"END_CASH":848857000,"DIVI_RATIO":null,"DIVIDEND_RATE":null,"CURRENT_RATIO":1.013883955815,"COMMON_ACS":5000000000,"CURRENTDEBT_DEBT":13.464530790095,"ISSUED_COMMON_SHARES":2231282280,"HK_COMMON_SHARES":2231282280,"PER_SHARES":500,"TOTAL_MARKET_CAP":5912898042,"HKSK_MARKET_CAP":5912898042,"PE_TTM":13.944839585043,"PB_TTM":4.249914384808,"REPORT_DATE_SQ":"2020-09-30 00:00:00","REPORT_TYPE_SQ":"2020年三季报","OPERATE_INCOME_SQ":1466635000,"DPS_HKD":null,"OPERATE_INCOME_QOQ_SQ":0,"NET_PROFIT_RATIO_SQ":-4.0972020987,"HOLDER_PROFIT_SQ":-60091000,"HOLDER_PROFIT_QOQ_SQ":0,"ROE_AVG_SQ":null,"PE_TTM_SQ":-5.101720958366,"PB_TTM_SQ":6.64991951494,"ROA_SQ":null,"START_DATE":"2021-01-01 00:00:00","FISCAL_YEAR":"12-31","CURRENCY":"HKD","IS_CNY_CODE":0,"DPS_HKD_LY":null,"ORG_TYPE":"一般企业","PREMIUM_INCOME":null,"PREMIUM_INCOME_YOY":null,"NET_INTEREST_INCOME":null,"NET_INTEREST_INCOME_YOY":null,"FEE_COMMISSION_INCOME":null,"FEE_COMMISSION_INCOME_YOY":null,"ACCOUNTS_RECE_TDAYS":242.290196439251,"INVENTORY_TDAYS":22.573359629018,"CURRENT_ASSETS_TDAYS":2.382956177397,"TOTAL_ASSETS_TDAYS":1.450140411346,"PREMIUM_EXPENSE":null,"LOAN_DEPOSIT":null,"LOAN_EQUITY":null,"LOAN_ASSETS":null,"DEPOSIT_EQUITY":null,"DEPOSIT_ASSETS":null,"EQUITY_MULTIPLIER":-0.291869795067,"EQUITY_RATIO":-1.291869795067},{"SECUCODE":"02469.HK","SECURITY_CODE":"02469","SECURITY_NAME_ABBR":"粉笔","ORG_CODE":"10000299204","STD_REPORT_DATE":"2021-06-30 00:00:00","REPORT_DATE":"2021-06-30 00:00:00","DATE_TYPE_CODE":"002","REPORT_TYPE":"2021年中报","PER_NETCASH_OPERATE":null,"PER_OI":null,"BPS":null,"BASIC_EPS":-1.3,"DILUTED_EPS":-1.3,"OPERATE_INCOME":1885417000,"OPERATE_INCOME_YOY":null,"GROSS_PROFIT":322543000,"GROSS_PROFIT_YOY":null,"HOLDER_PROFIT":-945513000,"HOLDER_PROFIT_YOY":null,"GROSS_PROFIT_RATIO":17.107250014188,"EPS_TTM":-0.752650322095,"OPERATE_INCOME_QOQ":0,"NET_PROFIT_RATIO":-50.148746935,"ROE_AVG":null,"GROSS_PROFIT_QOQ":0,"ROA":null,"HOLDER_PROFIT_QOQ":0,"ROE_YEARLY":null,"ROIC_YEARLY":null,"TOTAL_ASSETS":null,"TOTAL_LIABILITIES":null,"TAX_EBT":2.552763011166,"OCF_SALES":-15.197009467932,"TOTAL_PARENT_EQUITY":null,"DEBT_ASSET_RATIO":null,"OPERATE_PROFIT":-727924000,"PRETAX_PROFIT":-970282000,"NETCASH_OPERATE":-286527000,"NETCASH_INVEST":-511714000,"NETCASH_FINANCE":1669583000,"END_CASH":1197757000,"DIVI_RATIO":null,"DIVIDEND_RATE":null,"CURRENT_RATIO":null,"COMMON_ACS":5000000000,"CURRENTDEBT_DEBT":null,"ISSUED_COMMON_SHARES":2231282280,"HK_COMMON_SHARES":2231282280,"PER_SHARES":500,"TOTAL_MARKET_CAP":5912898042,"HKSK_MARKET_CAP":5912898042,"PE_TTM":13.944839585043,"PB_TTM":4.249914384808,"REPORT_DATE_SQ":"2020-06-30 00:00:00","REPORT_TYPE_SQ":"2020年中报","OPERATE_INCOME_SQ":null,"DPS_HKD":null,"OPERATE_INCOME_QOQ_SQ":0,"NET_PROFIT_RATIO_SQ":null,"HOLDER_PROFIT_SQ":null,"HOLDER_PROFIT_QOQ_SQ":0,"ROE_AVG_SQ":null,"PE_TTM_SQ":-5.101720958366,"PB_TTM_SQ":6.64991951494,"ROA_SQ":null,"START_DATE":"2021-01-01 00:00:00","FISCAL_YEAR":"12-31","CURRENCY":"HKD","IS_CNY_CODE":0,"DPS_HKD_LY":null,"ORG_TYPE":"一般企业","PREMIUM_INCOME":null,"PREMIUM_INCOME_YOY":null,"NET_INTEREST_INCOME":null,"NET_INTEREST_INCOME_YOY":null,"FEE_COMMISSION_INCOME":null,"FEE_COMMISSION_INCOME_YOY":null,"ACCOUNTS_RECE_TDAYS":null,"INVENTORY_TDAYS":null,"CURRENT_ASSETS_TDAYS":4.474137020694,"TOTAL_ASSETS_TDAYS":2.754578931182,"PREMIUM_EXPENSE":null,"LOAN_DEPOSIT":null,"LOAN_EQUITY":null,"LOAN_ASSETS":null,"DEPOSIT_EQUITY":null,"DEPOSIT_ASSETS":null,"EQUITY_MULTIPLIER":null,"EQUITY_RATIO":null},{"SECUCODE":"02469.HK","SECURITY_CODE":"02469","SECURITY_NAME_ABBR":"粉笔","ORG_CODE":"10000299204","STD_REPORT_DATE":"2020-12-31 00:00:00","REPORT_DATE":"2020-12-31 00:00:00","DATE_TYPE_CODE":"001","REPORT_TYPE":"2020年年报","PER_NETCASH_OPERATE":0.713272550595,"PER_OI":3.312278486333,"BPS":-2.947255960819,"BASIC_EPS":-0.66,"DILUTED_EPS":-0.66,"OPERATE_INCOME":2132074000,"OPERATE_INCOME_YOY":83.7495852419,"GROSS_PROFIT":489932000,"GROSS_PROFIT_YOY":-8.636026271721,"HOLDER_PROFIT":-484472000,"HOLDER_PROFIT_YOY":-414.449276303,"GROSS_PROFIT_RATIO":22.979127366123,"EPS_TTM":-0.752650322095,"OPERATE_INCOME_QOQ":83.749585241939,"NET_PROFIT_RATIO":-22.7230386938,"ROE_AVG":15.143230576903,"GROSS_PROFIT_QOQ":-8.636026271721,"ROA":-48.090679745705,"HOLDER_PROFIT_QOQ":-414.449276302979,"ROE_YEARLY":15.143230576903,"ROIC_YEARLY":-63.729796355418,"TOTAL_ASSETS":1368933000,"TOTAL_LIABILITIES":7945093000,"TAX_EBT":6.321942428655,"OCF_SALES":21.534196280242,"TOTAL_PARENT_EQUITY":-6576160000,"DEBT_ASSET_RATIO":580.3858187362,"OPERATE_PROFIT":-511288000,"PRETAX_PROFIT":-517167000,"NETCASH_OPERATE":459125000,"NETCASH_INVEST":-187977000,"NETCASH_FINANCE":-100281000,"END_CASH":332650000,"DIVI_RATIO":null,"DIVIDEND_RATE":null,"CURRENT_RATIO":0.612694773236,"COMMON_ACS":5000000000,"CURRENTDEBT_DEBT":17.313504071003,"ISSUED_COMMON_SHARES":2231282280,"HK_COMMON_SHARES":2231282280,"PER_SHARES":500,"TOTAL_MARKET_CAP":5912898042,"HKSK_MARKET_CAP":5912898042,"PE_TTM":13.944839585043,"PB_TTM":4.249914384808,"REPORT_DATE_SQ":"2019-12-31 00:00:00","REPORT_TYPE_SQ":"2019年年报","OPERATE_INCOME_SQ":1160315000,"DPS_HKD":null,"OPERATE_INCOME_QOQ_SQ":null,"NET_PROFIT_RATIO_SQ":13.278290809,"HOLDER_PROFIT_SQ":154070000,"HOLDER_PROFIT_QOQ_SQ":null,"ROE_AVG_SQ":86.735986398771,"PE_TTM_SQ":-5.101720958366,"PB_TTM_SQ":6.64991951494,"ROA_SQ":23.853759285579,"START_DATE":"2020-01-01 00:00:00","FISCAL_YEAR":"12-31","CURRENCY":"HKD","IS_CNY_CODE":0,"DPS_HKD_LY":null,"ORG_TYPE":"一般企业","PREMIUM_INCOME":null,"PREMIUM_INCOME_YOY":null,"NET_INTEREST_INCOME":null,"NET_INTEREST_INCOME_YOY":null,"FEE_COMMISSION_INCOME":null,"FEE_COMMISSION_INCOME_YOY":null,"ACCOUNTS_RECE_TDAYS":347.753058228674,"INVENTORY_TDAYS":25.965798316006,"CURRENT_ASSETS_TDAYS":3.072949756421,"TOTAL_ASSETS_TDAYS":2.116384185838,"PREMIUM_EXPENSE":null,"LOAN_DEPOSIT":null,"LOAN_EQUITY":null,"LOAN_ASSETS":null,"DEPOSIT_EQUITY":null,"DEPOSIT_ASSETS":null,"EQUITY_MULTIPLIER":-0.208166011776,"EQUITY_RATIO":-1.208166011776}],"count":11},"success":true,"message":"ok","code":0}