{"version":"0a9348b9cbfc5d50f2228f638ccec031","result":{"pages":1,"data":[{"SECUCODE":"02477.HK","SECURITY_CODE":"02477","SECURITY_NAME_ABBR":"经纬天地","ORG_CODE":"10000374656","STD_REPORT_DATE":"2024-06-30 00:00:00","REPORT_DATE":"2024-06-30 00:00:00","DATE_TYPE_CODE":"002","REPORT_TYPE":"2024年中报","PER_NETCASH_OPERATE":-0.04104,"PER_OI":0.212184,"BPS":0.381992,"BASIC_EPS":0.0218,"DILUTED_EPS":0.0218,"OPERATE_INCOME":106092000,"OPERATE_INCOME_YOY":-6.8044062615,"GROSS_PROFIT":106092000,"GROSS_PROFIT_YOY":-6.80440626153,"HOLDER_PROFIT":10721000,"HOLDER_PROFIT_YOY":-26.8590530768,"GROSS_PROFIT_RATIO":null,"EPS_TTM":0.03292,"OPERATE_INCOME_QOQ":-3.026265925402,"NET_PROFIT_RATIO":10.105380236,"ROE_AVG":7.764733148407,"GROSS_PROFIT_QOQ":-3.026265925402,"ROA":4.675432284512,"HOLDER_PROFIT_QOQ":-19.30185811639,"ROE_YEARLY":15.529466296814,"ROIC_YEARLY":12.786727851177,"TOTAL_ASSETS":275018000,"TOTAL_LIABILITIES":84022000,"TAX_EBT":11.761316872428,"OCF_SALES":-19.341703427214,"TOTAL_PARENT_EQUITY":190996000,"DEBT_ASSET_RATIO":30.5514548139,"OPERATE_PROFIT":10919000,"PRETAX_PROFIT":12150000,"NETCASH_OPERATE":-20520000,"NETCASH_INVEST":-1285000,"NETCASH_FINANCE":97165000,"END_CASH":99421000,"DIVI_RATIO":null,"DIVIDEND_RATE":null,"CURRENT_RATIO":3.200650418299,"COMMON_ACS":1000000000,"CURRENTDEBT_DEBT":98.445645188165,"ISSUED_COMMON_SHARES":500000000,"HK_COMMON_SHARES":500000000,"PER_SHARES":4000,"TOTAL_MARKET_CAP":12025000000,"HKSK_MARKET_CAP":12025000000,"PE_TTM":655.095191879075,"PB_TTM":57.461815954261,"REPORT_DATE_SQ":"2023-06-30 00:00:00","REPORT_TYPE_SQ":"2023年中报","OPERATE_INCOME_SQ":113838000,"DPS_HKD":null,"OPERATE_INCOME_QOQ_SQ":4.680084586757,"NET_PROFIT_RATIO_SQ":12.8761924841,"HOLDER_PROFIT_SQ":14658000,"HOLDER_PROFIT_QOQ_SQ":21.793973370708,"ROE_AVG_SQ":18.117545269143,"PE_TTM_SQ":52.495292706923,"PB_TTM_SQ":19.163372724133,"ROA_SQ":8.90306122449,"START_DATE":"2024-01-01 00:00:00","FISCAL_YEAR":"12-31","CURRENCY":"HKD","IS_CNY_CODE":0,"DPS_HKD_LY":null,"ORG_TYPE":"一般企业","PREMIUM_INCOME":null,"PREMIUM_INCOME_YOY":null,"NET_INTEREST_INCOME":null,"NET_INTEREST_INCOME_YOY":null,"FEE_COMMISSION_INCOME":null,"FEE_COMMISSION_INCOME_YOY":null,"ACCOUNTS_RECE_TDAYS":1.880213733153,"INVENTORY_TDAYS":null,"CURRENT_ASSETS_TDAYS":0.476569518813,"TOTAL_ASSETS_TDAYS":0.462667626088,"PREMIUM_EXPENSE":null,"LOAN_DEPOSIT":null,"LOAN_EQUITY":null,"LOAN_ASSETS":null,"DEPOSIT_EQUITY":null,"DEPOSIT_ASSETS":null,"EQUITY_MULTIPLIER":1.439914972042,"EQUITY_RATIO":0.439914972041},{"SECUCODE":"02477.HK","SECURITY_CODE":"02477","SECURITY_NAME_ABBR":"经纬天地","ORG_CODE":"10000374656","STD_REPORT_DATE":"2023-12-31 00:00:00","REPORT_DATE":"2023-12-31 00:00:00","DATE_TYPE_CODE":"001","REPORT_TYPE":"2023年年报","PER_NETCASH_OPERATE":15077.5,"PER_OI":639897.5,"BPS":0.1703,"BASIC_EPS":0.054,"DILUTED_EPS":0.054,"OPERATE_INCOME":255959000,"OPERATE_INCOME_YOY":12.9996953817,"GROSS_PROFIT":255959000,"GROSS_PROFIT_YOY":12.999695381722,"HOLDER_PROFIT":20397000,"HOLDER_PROFIT_YOY":-15.9198647924,"GROSS_PROFIT_RATIO":null,"EPS_TTM":50992.5,"OPERATE_INCOME_QOQ":7.947653871134,"NET_PROFIT_RATIO":7.9688543868,"ROE_AVG":24.590697562269,"GROSS_PROFIT_QOQ":7.947653871134,"ROA":11.763891652464,"HOLDER_PROFIT_QOQ":-30.96527448724,"ROE_YEARLY":24.590697562269,"ROIC_YEARLY":14.529640552208,"TOTAL_ASSETS":183592000,"TOTAL_LIABILITIES":98442000,"TAX_EBT":11.6362691158,"OCF_SALES":2.356236741041,"TOTAL_PARENT_EQUITY":85150000,"DEBT_ASSET_RATIO":53.6199834415,"OPERATE_PROFIT":23961000,"PRETAX_PROFIT":23083000,"NETCASH_OPERATE":6031000,"NETCASH_INVEST":131000,"NETCASH_FINANCE":-24551000,"END_CASH":23810000,"DIVI_RATIO":null,"DIVIDEND_RATE":null,"CURRENT_RATIO":1.913073433393,"COMMON_ACS":1000000000,"CURRENTDEBT_DEBT":95.837142683001,"ISSUED_COMMON_SHARES":500000000,"HK_COMMON_SHARES":500000000,"PER_SHARES":4000,"TOTAL_MARKET_CAP":12025000000,"HKSK_MARKET_CAP":12025000000,"PE_TTM":655.095191879075,"PB_TTM":57.461815954261,"REPORT_DATE_SQ":"2022-12-31 00:00:00","REPORT_TYPE_SQ":"2022年年报","OPERATE_INCOME_SQ":226513000,"DPS_HKD":null,"OPERATE_INCOME_QOQ_SQ":11.398375103277,"NET_PROFIT_RATIO_SQ":10.7097605877,"HOLDER_PROFIT_SQ":24259000,"HOLDER_PROFIT_QOQ_SQ":-4.95611973045,"ROE_AVG_SQ":31.955897462919,"PE_TTM_SQ":53.8972441442,"PB_TTM_SQ":19.675154191543,"ROA_SQ":15.498829234322,"START_DATE":"2023-01-01 00:00:00","FISCAL_YEAR":"12-31","CURRENCY":"HKD","IS_CNY_CODE":0,"DPS_HKD_LY":null,"ORG_TYPE":"一般企业","PREMIUM_INCOME":null,"PREMIUM_INCOME_YOY":null,"NET_INTEREST_INCOME":null,"NET_INTEREST_INCOME_YOY":null,"FEE_COMMISSION_INCOME":null,"FEE_COMMISSION_INCOME_YOY":null,"ACCOUNTS_RECE_TDAYS":5.218487823277,"INVENTORY_TDAYS":null,"CURRENT_ASSETS_TDAYS":1.511263967408,"TOTAL_ASSETS_TDAYS":1.476233732153,"PREMIUM_EXPENSE":null,"LOAN_DEPOSIT":null,"LOAN_EQUITY":null,"LOAN_ASSETS":null,"DEPOSIT_EQUITY":null,"DEPOSIT_ASSETS":null,"EQUITY_MULTIPLIER":2.156100998236,"EQUITY_RATIO":1.156100998238},{"SECUCODE":"02477.HK","SECURITY_CODE":"02477","SECURITY_NAME_ABBR":"经纬天地","ORG_CODE":"10000374656","STD_REPORT_DATE":"2023-06-30 00:00:00","REPORT_DATE":"2023-06-30 00:00:00","DATE_TYPE_CODE":"002","REPORT_TYPE":"2023年中报","PER_NETCASH_OPERATE":null,"PER_OI":null,"BPS":0.162136,"BASIC_EPS":0.0391,"DILUTED_EPS":0.0391,"OPERATE_INCOME":113838000,"OPERATE_INCOME_YOY":10.2686052481,"GROSS_PROFIT":113838000,"GROSS_PROFIT_YOY":10.268605248118,"HOLDER_PROFIT":14658000,"HOLDER_PROFIT_YOY":56.4187386618,"GROSS_PROFIT_RATIO":null,"EPS_TTM":null,"OPERATE_INCOME_QOQ":4.680084586757,"NET_PROFIT_RATIO":12.8761924841,"ROE_AVG":18.117545269143,"GROSS_PROFIT_QOQ":4.680084586757,"ROA":8.90306122449,"HOLDER_PROFIT_QOQ":21.793973370708,"ROE_YEARLY":36.235090538286,"ROIC_YEARLY":22.941300758293,"TOTAL_ASSETS":166099000,"TOTAL_LIABILITIES":85031000,"TAX_EBT":17.003567181926,"OCF_SALES":5.710746850788,"TOTAL_PARENT_EQUITY":81068000,"DEBT_ASSET_RATIO":51.1929632328,"OPERATE_PROFIT":18049000,"PRETAX_PROFIT":17661000,"NETCASH_OPERATE":6501000,"NETCASH_INVEST":77000,"NETCASH_FINANCE":-17270000,"END_CASH":31507000,"DIVI_RATIO":null,"DIVIDEND_RATE":null,"CURRENT_RATIO":2.052135344063,"COMMON_ACS":1000000000,"CURRENTDEBT_DEBT":92.801448883348,"ISSUED_COMMON_SHARES":500000000,"HK_COMMON_SHARES":500000000,"PER_SHARES":4000,"TOTAL_MARKET_CAP":12025000000,"HKSK_MARKET_CAP":12025000000,"PE_TTM":655.095191879075,"PB_TTM":57.461815954261,"REPORT_DATE_SQ":"2022-06-30 00:00:00","REPORT_TYPE_SQ":"2022年中报","OPERATE_INCOME_SQ":103237000,"DPS_HKD":null,"OPERATE_INCOME_QOQ_SQ":0,"NET_PROFIT_RATIO_SQ":9.0771719442,"HOLDER_PROFIT_SQ":9371000,"HOLDER_PROFIT_QOQ_SQ":0,"ROE_AVG_SQ":null,"PE_TTM_SQ":53.8972441442,"PB_TTM_SQ":19.675154191543,"ROA_SQ":null,"START_DATE":"2023-01-01 00:00:00","FISCAL_YEAR":"12-31","CURRENCY":"HKD","IS_CNY_CODE":0,"DPS_HKD_LY":null,"ORG_TYPE":"一般企业","PREMIUM_INCOME":null,"PREMIUM_INCOME_YOY":null,"NET_INTEREST_INCOME":null,"NET_INTEREST_INCOME_YOY":null,"FEE_COMMISSION_INCOME":null,"FEE_COMMISSION_INCOME_YOY":null,"ACCOUNTS_RECE_TDAYS":2.681727699973,"INVENTORY_TDAYS":null,"CURRENT_ASSETS_TDAYS":0.711083071503,"TOTAL_ASSETS_TDAYS":0.691435860058,"PREMIUM_EXPENSE":null,"LOAN_DEPOSIT":null,"LOAN_EQUITY":null,"LOAN_ASSETS":null,"DEPOSIT_EQUITY":null,"DEPOSIT_ASSETS":null,"EQUITY_MULTIPLIER":2.048884886763,"EQUITY_RATIO":1.048884886762},{"SECUCODE":"02477.HK","SECURITY_CODE":"02477","SECURITY_NAME_ABBR":"经纬天地","ORG_CODE":"10000374656","STD_REPORT_DATE":"2022-12-31 00:00:00","REPORT_DATE":"2022-12-31 00:00:00","DATE_TYPE_CODE":"001","REPORT_TYPE":"2022年年报","PER_NETCASH_OPERATE":0.0068871117,"PER_OI":0.091971485232,"BPS":0.161484,"BASIC_EPS":0.065,"DILUTED_EPS":0.065,"OPERATE_INCOME":226513000,"OPERATE_INCOME_YOY":11.3983751033,"GROSS_PROFIT":226513000,"GROSS_PROFIT_YOY":11.398375103277,"HOLDER_PROFIT":24259000,"HOLDER_PROFIT_YOY":-4.9561197304,"GROSS_PROFIT_RATIO":null,"EPS_TTM":0.009849925877,"OPERATE_INCOME_QOQ":11.398375103277,"NET_PROFIT_RATIO":10.7097605877,"ROE_AVG":31.955897462919,"GROSS_PROFIT_QOQ":11.398375103277,"ROA":15.498829234322,"HOLDER_PROFIT_QOQ":-4.95611973045,"ROE_YEARLY":31.955897462919,"ROIC_YEARLY":19.461536610216,"TOTAL_ASSETS":163181000,"TOTAL_LIABILITIES":82439000,"TAX_EBT":17.114254475878,"OCF_SALES":7.488311929117,"TOTAL_PARENT_EQUITY":80742000,"DEBT_ASSET_RATIO":50.519974752,"OPERATE_PROFIT":30070000,"PRETAX_PROFIT":29268000,"NETCASH_OPERATE":16962000,"NETCASH_INVEST":-1198000,"NETCASH_FINANCE":4893000,"END_CASH":42199000,"DIVI_RATIO":null,"DIVIDEND_RATE":null,"CURRENT_RATIO":2.125874877416,"COMMON_ACS":1000000000,"CURRENTDEBT_DEBT":90.295855117117,"ISSUED_COMMON_SHARES":500000000,"HK_COMMON_SHARES":500000000,"PER_SHARES":4000,"TOTAL_MARKET_CAP":12025000000,"HKSK_MARKET_CAP":12025000000,"PE_TTM":655.095191879075,"PB_TTM":57.461815954261,"REPORT_DATE_SQ":"2021-12-31 00:00:00","REPORT_TYPE_SQ":"2021年年报","OPERATE_INCOME_SQ":203336000,"DPS_HKD":null,"OPERATE_INCOME_QOQ_SQ":3.970956690699,"NET_PROFIT_RATIO_SQ":12.5526222607,"HOLDER_PROFIT_SQ":25524000,"HOLDER_PROFIT_QOQ_SQ":-13.944706675657,"ROE_AVG_SQ":37.36987745421,"PE_TTM_SQ":53.8972441442,"PB_TTM_SQ":19.675154191543,"ROA_SQ":18.459335437889,"START_DATE":"2022-01-01 00:00:00","FISCAL_YEAR":"12-31","CURRENCY":"HKD","IS_CNY_CODE":0,"DPS_HKD_LY":null,"ORG_TYPE":"一般企业","PREMIUM_INCOME":null,"PREMIUM_INCOME_YOY":null,"NET_INTEREST_INCOME":null,"NET_INTEREST_INCOME_YOY":null,"FEE_COMMISSION_INCOME":null,"FEE_COMMISSION_INCOME_YOY":null,"ACCOUNTS_RECE_TDAYS":6.772093996652,"INVENTORY_TDAYS":null,"CURRENT_ASSETS_TDAYS":1.500622739258,"TOTAL_ASSETS_TDAYS":1.447168599841,"PREMIUM_EXPENSE":null,"LOAN_DEPOSIT":null,"LOAN_EQUITY":null,"LOAN_ASSETS":null,"DEPOSIT_EQUITY":null,"DEPOSIT_ASSETS":null,"EQUITY_MULTIPLIER":2.021017562113,"EQUITY_RATIO":1.021017562111},{"SECUCODE":"02477.HK","SECURITY_CODE":"02477","SECURITY_NAME_ABBR":"经纬天地","ORG_CODE":"10000374656","STD_REPORT_DATE":"2022-06-30 00:00:00","REPORT_DATE":"2022-06-30 00:00:00","DATE_TYPE_CODE":"002","REPORT_TYPE":"2022年中报","PER_NETCASH_OPERATE":null,"PER_OI":null,"BPS":null,"BASIC_EPS":23000,"DILUTED_EPS":23000,"OPERATE_INCOME":103237000,"OPERATE_INCOME_YOY":null,"GROSS_PROFIT":103237000,"GROSS_PROFIT_YOY":null,"HOLDER_PROFIT":9371000,"HOLDER_PROFIT_YOY":null,"GROSS_PROFIT_RATIO":null,"EPS_TTM":0.009485646545,"OPERATE_INCOME_QOQ":0,"NET_PROFIT_RATIO":9.0771719442,"ROE_AVG":null,"GROSS_PROFIT_QOQ":0,"ROA":null,"HOLDER_PROFIT_QOQ":0,"ROE_YEARLY":null,"ROIC_YEARLY":null,"TOTAL_ASSETS":null,"TOTAL_LIABILITIES":null,"TAX_EBT":29.392706449669,"OCF_SALES":-3.324389511512,"TOTAL_PARENT_EQUITY":null,"DEBT_ASSET_RATIO":null,"OPERATE_PROFIT":13549000,"PRETAX_PROFIT":13272000,"NETCASH_OPERATE":-3432000,"NETCASH_INVEST":-857000,"NETCASH_FINANCE":23720000,"END_CASH":40973000,"DIVI_RATIO":null,"DIVIDEND_RATE":null,"CURRENT_RATIO":null,"COMMON_ACS":1000000000,"CURRENTDEBT_DEBT":null,"ISSUED_COMMON_SHARES":500000000,"HK_COMMON_SHARES":500000000,"PER_SHARES":4000,"TOTAL_MARKET_CAP":12025000000,"HKSK_MARKET_CAP":12025000000,"PE_TTM":655.095191879075,"PB_TTM":57.461815954261,"REPORT_DATE_SQ":"2021-06-30 00:00:00","REPORT_TYPE_SQ":"2021年中报","OPERATE_INCOME_SQ":null,"DPS_HKD":null,"OPERATE_INCOME_QOQ_SQ":0,"NET_PROFIT_RATIO_SQ":null,"HOLDER_PROFIT_SQ":null,"HOLDER_PROFIT_QOQ_SQ":0,"ROE_AVG_SQ":null,"PE_TTM_SQ":53.8972441442,"PB_TTM_SQ":19.675154191543,"ROA_SQ":null,"START_DATE":"2022-01-01 00:00:00","FISCAL_YEAR":"12-31","CURRENCY":"HKD","IS_CNY_CODE":0,"DPS_HKD_LY":null,"ORG_TYPE":"一般企业","PREMIUM_INCOME":null,"PREMIUM_INCOME_YOY":null,"NET_INTEREST_INCOME":null,"NET_INTEREST_INCOME_YOY":null,"FEE_COMMISSION_INCOME":null,"FEE_COMMISSION_INCOME_YOY":null,"ACCOUNTS_RECE_TDAYS":null,"INVENTORY_TDAYS":null,"CURRENT_ASSETS_TDAYS":1.437400796413,"TOTAL_ASSETS_TDAYS":1.377760873337,"PREMIUM_EXPENSE":null,"LOAN_DEPOSIT":null,"LOAN_EQUITY":null,"LOAN_ASSETS":null,"DEPOSIT_EQUITY":null,"DEPOSIT_ASSETS":null,"EQUITY_MULTIPLIER":null,"EQUITY_RATIO":null},{"SECUCODE":"02477.HK","SECURITY_CODE":"02477","SECURITY_NAME_ABBR":"经纬天地","ORG_CODE":"10000374656","STD_REPORT_DATE":"2021-12-31 00:00:00","REPORT_DATE":"2021-12-31 00:00:00","DATE_TYPE_CODE":"001","REPORT_TYPE":"2021年年报","PER_NETCASH_OPERATE":0.009297970182,"PER_OI":0.075567051636,"BPS":0.142172,"BASIC_EPS":64000,"DILUTED_EPS":64000,"OPERATE_INCOME":203336000,"OPERATE_INCOME_YOY":3.9709566907,"GROSS_PROFIT":203336000,"GROSS_PROFIT_YOY":3.970956690699,"HOLDER_PROFIT":25524000,"HOLDER_PROFIT_YOY":-13.9447066757,"GROSS_PROFIT_RATIO":null,"EPS_TTM":0.009485646545,"OPERATE_INCOME_QOQ":3.970956690699,"NET_PROFIT_RATIO":12.5526222607,"ROE_AVG":37.36987745421,"GROSS_PROFIT_QOQ":3.970956690699,"ROA":18.459335437889,"HOLDER_PROFIT_QOQ":-13.944706675657,"ROE_YEARLY":37.36987745421,"ROIC_YEARLY":22.01568975853,"TOTAL_ASSETS":149862000,"TOTAL_LIABILITIES":78776000,"TAX_EBT":15.337667506966,"OCF_SALES":12.3042648621,"TOTAL_PARENT_EQUITY":71086000,"DEBT_ASSET_RATIO":52.5656937716,"OPERATE_PROFIT":30479000,"PRETAX_PROFIT":30148000,"NETCASH_OPERATE":25019000,"NETCASH_INVEST":-3786000,"NETCASH_FINANCE":-22821000,"END_CASH":21542000,"DIVI_RATIO":null,"DIVIDEND_RATE":null,"CURRENT_RATIO":1.907648175939,"COMMON_ACS":1000000000,"CURRENTDEBT_DEBT":95.586219153042,"ISSUED_COMMON_SHARES":500000000,"HK_COMMON_SHARES":500000000,"PER_SHARES":4000,"TOTAL_MARKET_CAP":12025000000,"HKSK_MARKET_CAP":12025000000,"PE_TTM":655.095191879075,"PB_TTM":57.461815954261,"REPORT_DATE_SQ":"2020-12-31 00:00:00","REPORT_TYPE_SQ":"2020年年报","OPERATE_INCOME_SQ":195570000,"DPS_HKD":null,"OPERATE_INCOME_QOQ_SQ":8.265057573074,"NET_PROFIT_RATIO_SQ":15.1659252442,"HOLDER_PROFIT_SQ":29660000,"HOLDER_PROFIT_QOQ_SQ":9.904768962834,"ROE_AVG_SQ":58.517144773705,"PE_TTM_SQ":53.8972441442,"PB_TTM_SQ":19.675154191543,"ROA_SQ":24.061785082667,"START_DATE":"2021-01-01 00:00:00","FISCAL_YEAR":"12-31","CURRENCY":"HKD","IS_CNY_CODE":0,"DPS_HKD_LY":null,"ORG_TYPE":"一般企业","PREMIUM_INCOME":null,"PREMIUM_INCOME_YOY":null,"NET_INTEREST_INCOME":null,"NET_INTEREST_INCOME_YOY":null,"FEE_COMMISSION_INCOME":null,"FEE_COMMISSION_INCOME_YOY":null,"ACCOUNTS_RECE_TDAYS":7.014972745463,"INVENTORY_TDAYS":null,"CURRENT_ASSETS_TDAYS":1.530165180419,"TOTAL_ASSETS_TDAYS":1.470556116047,"PREMIUM_EXPENSE":null,"LOAN_DEPOSIT":null,"LOAN_EQUITY":null,"LOAN_ASSETS":null,"DEPOSIT_EQUITY":null,"DEPOSIT_ASSETS":null,"EQUITY_MULTIPLIER":2.108178825648,"EQUITY_RATIO":1.108178825648},{"SECUCODE":"02477.HK","SECURITY_CODE":"02477","SECURITY_NAME_ABBR":"经纬天地","ORG_CODE":"10000374656","STD_REPORT_DATE":"2020-12-31 00:00:00","REPORT_DATE":"2020-12-31 00:00:00","DATE_TYPE_CODE":"001","REPORT_TYPE":"2020年年报","PER_NETCASH_OPERATE":0.005062082036,"PER_OI":0.074817970364,"BPS":0.131032,"BASIC_EPS":74000,"DILUTED_EPS":74000,"OPERATE_INCOME":195570000,"OPERATE_INCOME_YOY":8.2650575731,"GROSS_PROFIT":195570000,"GROSS_PROFIT_YOY":8.265057573074,"HOLDER_PROFIT":29660000,"HOLDER_PROFIT_YOY":9.9047689628,"GROSS_PROFIT_RATIO":null,"EPS_TTM":0.011346837455,"OPERATE_INCOME_QOQ":8.265057573074,"NET_PROFIT_RATIO":15.1659252442,"ROE_AVG":58.517144773705,"GROSS_PROFIT_QOQ":8.265057573074,"ROA":24.061785082667,"HOLDER_PROFIT_QOQ":9.904768962834,"ROE_YEARLY":58.517144773705,"ROIC_YEARLY":29.615724491885,"TOTAL_ASSETS":126681000,"TOTAL_LIABILITIES":61165000,"TAX_EBT":14.554044710763,"OCF_SALES":6.765863885054,"TOTAL_PARENT_EQUITY":65516000,"DEBT_ASSET_RATIO":48.2826943267,"OPERATE_PROFIT":35208000,"PRETAX_PROFIT":34712000,"NETCASH_OPERATE":13232000,"NETCASH_INVEST":-1075000,"NETCASH_FINANCE":-12130000,"END_CASH":23130000,"DIVI_RATIO":null,"DIVIDEND_RATE":null,"CURRENT_RATIO":2.180470995733,"COMMON_ACS":1000000000,"CURRENTDEBT_DEBT":91.570342516145,"ISSUED_COMMON_SHARES":500000000,"HK_COMMON_SHARES":500000000,"PER_SHARES":4000,"TOTAL_MARKET_CAP":12025000000,"HKSK_MARKET_CAP":12025000000,"PE_TTM":655.095191879075,"PB_TTM":57.461815954261,"REPORT_DATE_SQ":"2019-12-31 00:00:00","REPORT_TYPE_SQ":"2019年年报","OPERATE_INCOME_SQ":180640000,"DPS_HKD":null,"OPERATE_INCOME_QOQ_SQ":null,"NET_PROFIT_RATIO_SQ":14.9396589903,"HOLDER_PROFIT_SQ":26987000,"HOLDER_PROFIT_QOQ_SQ":null,"ROE_AVG_SQ":75.264948683623,"PE_TTM_SQ":53.8972441442,"PB_TTM_SQ":19.675154191543,"ROA_SQ":22.517125430743,"START_DATE":"2020-01-01 00:00:00","FISCAL_YEAR":"12-31","CURRENCY":"HKD","IS_CNY_CODE":0,"DPS_HKD_LY":null,"ORG_TYPE":"一般企业","PREMIUM_INCOME":null,"PREMIUM_INCOME_YOY":null,"NET_INTEREST_INCOME":null,"NET_INTEREST_INCOME_YOY":null,"FEE_COMMISSION_INCOME":null,"FEE_COMMISSION_INCOME_YOY":null,"ACCOUNTS_RECE_TDAYS":7.082405345212,"INVENTORY_TDAYS":null,"CURRENT_ASSETS_TDAYS":1.648015505182,"TOTAL_ASSETS_TDAYS":1.586568883553,"PREMIUM_EXPENSE":null,"LOAN_DEPOSIT":null,"LOAN_EQUITY":null,"LOAN_ASSETS":null,"DEPOSIT_EQUITY":null,"DEPOSIT_ASSETS":null,"EQUITY_MULTIPLIER":1.933588741682,"EQUITY_RATIO":0.933588741681},{"SECUCODE":"02477.HK","SECURITY_CODE":"02477","SECURITY_NAME_ABBR":"经纬天地","ORG_CODE":"10000374656","STD_REPORT_DATE":"2019-12-31 00:00:00","REPORT_DATE":"2019-12-31 00:00:00","DATE_TYPE_CODE":"001","REPORT_TYPE":"2019年年报","PER_NETCASH_OPERATE":0.015490479236,"PER_OI":0.073551681455,"BPS":0.071712,"BASIC_EPS":null,"DILUTED_EPS":null,"OPERATE_INCOME":180640000,"OPERATE_INCOME_YOY":null,"GROSS_PROFIT":180640000,"GROSS_PROFIT_YOY":null,"HOLDER_PROFIT":26987000,"HOLDER_PROFIT_YOY":null,"GROSS_PROFIT_RATIO":null,"EPS_TTM":0.010988370391,"OPERATE_INCOME_QOQ":null,"NET_PROFIT_RATIO":14.9396589903,"ROE_AVG":75.264948683623,"GROSS_PROFIT_QOQ":null,"ROA":22.517125430743,"HOLDER_PROFIT_QOQ":null,"ROE_YEARLY":75.264948683623,"ROIC_YEARLY":27.894116674247,"TOTAL_ASSETS":119851000,"TOTAL_LIABILITIES":83995000,"TAX_EBT":11.801424929734,"OCF_SALES":21.06067316209,"TOTAL_PARENT_EQUITY":35856000,"DEBT_ASSET_RATIO":70.0828528757,"OPERATE_PROFIT":null,"PRETAX_PROFIT":30598000,"NETCASH_OPERATE":38044000,"NETCASH_INVEST":-892000,"NETCASH_FINANCE":-22753000,"END_CASH":23103000,"DIVI_RATIO":null,"DIVIDEND_RATE":null,"CURRENT_RATIO":1.377531743944,"COMMON_ACS":1000000000,"CURRENTDEBT_DEBT":99.574974700875,"ISSUED_COMMON_SHARES":500000000,"HK_COMMON_SHARES":500000000,"PER_SHARES":4000,"TOTAL_MARKET_CAP":12025000000,"HKSK_MARKET_CAP":12025000000,"PE_TTM":655.095191879075,"PB_TTM":57.461815954261,"REPORT_DATE_SQ":"2018-12-31 00:00:00","REPORT_TYPE_SQ":"2018年年报","OPERATE_INCOME_SQ":null,"DPS_HKD":null,"OPERATE_INCOME_QOQ_SQ":null,"NET_PROFIT_RATIO_SQ":null,"HOLDER_PROFIT_SQ":null,"HOLDER_PROFIT_QOQ_SQ":null,"ROE_AVG_SQ":null,"PE_TTM_SQ":53.8972441442,"PB_TTM_SQ":19.675154191543,"ROA_SQ":null,"START_DATE":"2019-01-01 00:00:00","FISCAL_YEAR":"12-31","CURRENCY":"HKD","IS_CNY_CODE":0,"DPS_HKD_LY":null,"ORG_TYPE":"一般企业","PREMIUM_INCOME":null,"PREMIUM_INCOME_YOY":null,"NET_INTEREST_INCOME":null,"NET_INTEREST_INCOME_YOY":null,"FEE_COMMISSION_INCOME":null,"FEE_COMMISSION_INCOME_YOY":null,"ACCOUNTS_RECE_TDAYS":6.282256381721,"INVENTORY_TDAYS":null,"CURRENT_ASSETS_TDAYS":3.135730032809,"TOTAL_ASSETS_TDAYS":3.014409558535,"PREMIUM_EXPENSE":null,"LOAN_DEPOSIT":null,"LOAN_EQUITY":null,"LOAN_ASSETS":null,"DEPOSIT_EQUITY":null,"DEPOSIT_ASSETS":null,"EQUITY_MULTIPLIER":3.342564703263,"EQUITY_RATIO":2.342564703257}],"count":8},"success":true,"message":"ok","code":0}