{"version":"ae2799f14b413c00255cf198b2af77d5","result":{"pages":1,"data":[{"SECUCODE":"02479.HK","SECURITY_CODE":"02479","SECURITY_NAME_ABBR":"天聚地合","ORG_CODE":"10203700","STD_REPORT_DATE":"2024-06-30 00:00:00","REPORT_DATE":"2024-06-30 00:00:00","DATE_TYPE_CODE":"002","REPORT_TYPE":"2024年中报","PER_NETCASH_OPERATE":-1.440394906441,"PER_OI":5.162096803157,"BPS":19.739675407337,"BASIC_EPS":0.19,"DILUTED_EPS":0.19,"OPERATE_INCOME":258715000,"OPERATE_INCOME_YOY":48.0376281021,"GROSS_PROFIT":56374000,"GROSS_PROFIT_YOY":61.761836441894,"HOLDER_PROFIT":8646000,"HOLDER_PROFIT_YOY":16.9801109457,"GROSS_PROFIT_RATIO":21.790000579789,"EPS_TTM":0.718421651217,"OPERATE_INCOME_QOQ":19.033152490574,"NET_PROFIT_RATIO":3.237925903,"ROE_AVG":1.06887149744,"GROSS_PROFIT_QOQ":17.267272085486,"ROA":0.91574674508,"HOLDER_PROFIT_QOQ":3.611406865989,"ROE_YEARLY":2.13774299488,"ROIC_YEARLY":2.670447174811,"TOTAL_ASSETS":1116236000,"TOTAL_LIABILITIES":127235000,"TAX_EBT":7.293050022134,"OCF_SALES":-27.903291266452,"TOTAL_PARENT_EQUITY":989317000,"DEBT_ASSET_RATIO":11.3985752117,"OPERATE_PROFIT":10210000,"PRETAX_PROFIT":9036000,"NETCASH_OPERATE":-72190000,"NETCASH_INVEST":-18677000,"NETCASH_FINANCE":351347000,"END_CASH":384177000,"DIVI_RATIO":null,"DIVIDEND_RATE":null,"CURRENT_RATIO":6.770993152041,"COMMON_ACS":null,"CURRENTDEBT_DEBT":99.276928518096,"ISSUED_COMMON_SHARES":50118200,"HK_COMMON_SHARES":50118200,"PER_SHARES":50,"TOTAL_MARKET_CAP":3691205430,"HKSK_MARKET_CAP":3691205430,"PE_TTM":92.734634235758,"PB_TTM":3.405267848276,"REPORT_DATE_SQ":"2023-06-30 00:00:00","REPORT_TYPE_SQ":"2023年中报","OPERATE_INCOME_SQ":174763000,"DPS_HKD":null,"OPERATE_INCOME_QOQ_SQ":0,"NET_PROFIT_RATIO_SQ":4.5112523818,"HOLDER_PROFIT_SQ":7391000,"HOLDER_PROFIT_QOQ_SQ":0,"ROE_AVG_SQ":null,"PE_TTM_SQ":null,"PB_TTM_SQ":null,"ROA_SQ":null,"START_DATE":"2024-01-01 00:00:00","FISCAL_YEAR":"12-31","CURRENCY":"HKD","IS_CNY_CODE":0,"DPS_HKD_LY":null,"ORG_TYPE":"一般企业","PREMIUM_INCOME":null,"PREMIUM_INCOME_YOY":null,"NET_INTEREST_INCOME":null,"NET_INTEREST_INCOME_YOY":null,"FEE_COMMISSION_INCOME":null,"FEE_COMMISSION_INCOME_YOY":null,"ACCOUNTS_RECE_TDAYS":1.22190709416,"INVENTORY_TDAYS":9.246492711237,"CURRENT_ASSETS_TDAYS":0.387228052425,"TOTAL_ASSETS_TDAYS":0.274019684424,"PREMIUM_EXPENSE":null,"LOAN_DEPOSIT":null,"LOAN_EQUITY":null,"LOAN_ASSETS":null,"DEPOSIT_EQUITY":null,"DEPOSIT_ASSETS":null,"EQUITY_MULTIPLIER":1.128650021588,"EQUITY_RATIO":0.128608929191},{"SECUCODE":"02479.HK","SECURITY_CODE":"02479","SECURITY_NAME_ABBR":"天聚地合","ORG_CODE":"10203700","STD_REPORT_DATE":"2023-12-31 00:00:00","REPORT_DATE":"2023-12-31 00:00:00","DATE_TYPE_CODE":"001","REPORT_TYPE":"2023年年报","PER_NETCASH_OPERATE":0.098123620309,"PER_OI":9.736931567329,"BPS":12.539636299787,"BASIC_EPS":0.77,"DILUTED_EPS":0.77,"OPERATE_INCOME":441083000,"OPERATE_INCOME_YOY":34.093866284,"GROSS_PROFIT":124652000,"GROSS_PROFIT_YOY":15.897130743627,"HOLDER_PROFIT":34751000,"HOLDER_PROFIT_YOY":-15.7531091663,"GROSS_PROFIT_RATIO":28.26044077872,"EPS_TTM":0.767130242826,"OPERATE_INCOME_QOQ":16.048210141915,"NET_PROFIT_RATIO":7.9488440951,"ROE_AVG":5.534585786,"GROSS_PROFIT_QOQ":4.817402857311,"ROA":4.583866178702,"HOLDER_PROFIT_QOQ":-35.483811079756,"ROE_YEARLY":5.534585786,"ROIC_YEARLY":6.240370353078,"TOTAL_ASSETS":772059000,"TOTAL_LIABILITIES":143642000,"TAX_EBT":7.184645929848,"OCF_SALES":1.007746841297,"TOTAL_PARENT_EQUITY":628464000,"DEBT_ASSET_RATIO":18.605054795,"OPERATE_PROFIT":99932000,"PRETAX_PROFIT":37775000,"NETCASH_OPERATE":4445000,"NETCASH_INVEST":-44780000,"NETCASH_FINANCE":-3884000,"END_CASH":124417000,"DIVI_RATIO":null,"DIVIDEND_RATE":null,"CURRENT_RATIO":3.482564117417,"COMMON_ACS":null,"CURRENTDEBT_DEBT":96.145974018741,"ISSUED_COMMON_SHARES":50118200,"HK_COMMON_SHARES":50118200,"PER_SHARES":50,"TOTAL_MARKET_CAP":4037021010,"HKSK_MARKET_CAP":4037021010,"PE_TTM":101.422604041959,"PB_TTM":3.724294978664,"REPORT_DATE_SQ":"2022-12-31 00:00:00","REPORT_TYPE_SQ":"2022年年报","OPERATE_INCOME_SQ":328936000,"DPS_HKD":null,"OPERATE_INCOME_QOQ_SQ":26.508493871413,"NET_PROFIT_RATIO_SQ":12.5507697546,"HOLDER_PROFIT_SQ":41249000,"HOLDER_PROFIT_QOQ_SQ":-10.349698985025,"ROE_AVG_SQ":6.746498073726,"PE_TTM_SQ":null,"PB_TTM_SQ":null,"ROA_SQ":5.629806350439,"START_DATE":"2023-01-01 00:00:00","FISCAL_YEAR":"12-31","CURRENCY":"HKD","IS_CNY_CODE":0,"DPS_HKD_LY":null,"ORG_TYPE":"一般企业","PREMIUM_INCOME":null,"PREMIUM_INCOME_YOY":null,"NET_INTEREST_INCOME":null,"NET_INTEREST_INCOME_YOY":null,"FEE_COMMISSION_INCOME":null,"FEE_COMMISSION_INCOME_YOY":null,"ACCOUNTS_RECE_TDAYS":2.949894666444,"INVENTORY_TDAYS":19.0025822724,"CURRENT_ASSETS_TDAYS":0.9646693458,"TOTAL_ASSETS_TDAYS":0.581815040057,"PREMIUM_EXPENSE":null,"LOAN_DEPOSIT":null,"LOAN_EQUITY":null,"LOAN_ASSETS":null,"DEPOSIT_EQUITY":null,"DEPOSIT_ASSETS":null,"EQUITY_MULTIPLIER":1.228577520977,"EQUITY_RATIO":0.228560426691},{"SECUCODE":"02479.HK","SECURITY_CODE":"02479","SECURITY_NAME_ABBR":"天聚地合","ORG_CODE":"10203700","STD_REPORT_DATE":"2023-06-30 00:00:00","REPORT_DATE":"2023-06-30 00:00:00","DATE_TYPE_CODE":"002","REPORT_TYPE":"2023年中报","PER_NETCASH_OPERATE":null,"PER_OI":null,"BPS":null,"BASIC_EPS":0.16,"DILUTED_EPS":0.16,"OPERATE_INCOME":174763000,"OPERATE_INCOME_YOY":null,"GROSS_PROFIT":34850000,"GROSS_PROFIT_YOY":null,"HOLDER_PROFIT":7391000,"HOLDER_PROFIT_YOY":null,"GROSS_PROFIT_RATIO":19.941291921059,"EPS_TTM":1.189050772627,"OPERATE_INCOME_QOQ":0,"NET_PROFIT_RATIO":4.5112523818,"ROE_AVG":null,"GROSS_PROFIT_QOQ":0,"ROA":null,"HOLDER_PROFIT_QOQ":0,"ROE_YEARLY":null,"ROIC_YEARLY":null,"TOTAL_ASSETS":null,"TOTAL_LIABILITIES":null,"TAX_EBT":3.759765625,"OCF_SALES":5.960643843376,"TOTAL_PARENT_EQUITY":null,"DEBT_ASSET_RATIO":null,"OPERATE_PROFIT":8193000,"PRETAX_PROFIT":8192000,"NETCASH_OPERATE":10417000,"NETCASH_INVEST":-71584000,"NETCASH_FINANCE":-1127000,"END_CASH":106513000,"DIVI_RATIO":null,"DIVIDEND_RATE":null,"CURRENT_RATIO":null,"COMMON_ACS":null,"CURRENTDEBT_DEBT":null,"ISSUED_COMMON_SHARES":50118200,"HK_COMMON_SHARES":50118200,"PER_SHARES":50,"TOTAL_MARKET_CAP":4037021010,"HKSK_MARKET_CAP":4037021010,"PE_TTM":101.422604041959,"PB_TTM":3.724294978664,"REPORT_DATE_SQ":"2022-06-30 00:00:00","REPORT_TYPE_SQ":"2022年中报","OPERATE_INCOME_SQ":null,"DPS_HKD":null,"OPERATE_INCOME_QOQ_SQ":0,"NET_PROFIT_RATIO_SQ":null,"HOLDER_PROFIT_SQ":null,"HOLDER_PROFIT_QOQ_SQ":0,"ROE_AVG_SQ":null,"PE_TTM_SQ":null,"PB_TTM_SQ":null,"ROA_SQ":null,"START_DATE":"2023-01-01 00:00:00","FISCAL_YEAR":"12-31","CURRENCY":"HKD","IS_CNY_CODE":0,"DPS_HKD_LY":null,"ORG_TYPE":"一般企业","PREMIUM_INCOME":null,"PREMIUM_INCOME_YOY":null,"NET_INTEREST_INCOME":null,"NET_INTEREST_INCOME_YOY":null,"FEE_COMMISSION_INCOME":null,"FEE_COMMISSION_INCOME_YOY":null,"ACCOUNTS_RECE_TDAYS":null,"INVENTORY_TDAYS":null,"CURRENT_ASSETS_TDAYS":0.806266031851,"TOTAL_ASSETS_TDAYS":0.469684427794,"PREMIUM_EXPENSE":null,"LOAN_DEPOSIT":null,"LOAN_EQUITY":null,"LOAN_ASSETS":null,"DEPOSIT_EQUITY":null,"DEPOSIT_ASSETS":null,"EQUITY_MULTIPLIER":null,"EQUITY_RATIO":null},{"SECUCODE":"02479.HK","SECURITY_CODE":"02479","SECURITY_NAME_ABBR":"天聚地合","ORG_CODE":"10203700","STD_REPORT_DATE":"2023-03-31 00:00:00","REPORT_DATE":"2023-03-31 00:00:00","DATE_TYPE_CODE":"003","REPORT_TYPE":"2023年一季报","PER_NETCASH_OPERATE":0.167637969095,"PER_OI":2.110684326711,"BPS":13.105398837149,"BASIC_EPS":0.2,"DILUTED_EPS":0.2,"OPERATE_INCOME":95614000,"OPERATE_INCOME_YOY":115.0368837711,"GROSS_PROFIT":20531000,"GROSS_PROFIT_YOY":124.08862693735,"HOLDER_PROFIT":9279000,"HOLDER_PROFIT_YOY":378.1474820144,"GROSS_PROFIT_RATIO":21.472796870751,"EPS_TTM":1.189050772627,"OPERATE_INCOME_QOQ":15.550137412749,"NET_PROFIT_RATIO":10.2369945824,"ROE_AVG":1.445179658462,"GROSS_PROFIT_QOQ":10.570504118861,"ROA":1.219971561607,"HOLDER_PROFIT_QOQ":30.582559577202,"ROE_YEARLY":5.780718633847,"ROIC_YEARLY":6.653634033994,"TOTAL_ASSETS":777011000,"TOTAL_LIABILITIES":120040000,"TAX_EBT":10.003677822729,"OCF_SALES":7.942351538478,"TOTAL_PARENT_EQUITY":656819000,"DEBT_ASSET_RATIO":15.4489447382,"OPERATE_PROFIT":10877000,"PRETAX_PROFIT":10876000,"NETCASH_OPERATE":7594000,"NETCASH_INVEST":31292000,"NETCASH_FINANCE":-12000,"END_CASH":207257000,"DIVI_RATIO":null,"DIVIDEND_RATE":null,"CURRENT_RATIO":4.157769958091,"COMMON_ACS":null,"CURRENTDEBT_DEBT":89.251082972343,"ISSUED_COMMON_SHARES":50118200,"HK_COMMON_SHARES":50118200,"PER_SHARES":50,"TOTAL_MARKET_CAP":4037021010,"HKSK_MARKET_CAP":4037021010,"PE_TTM":101.422604041959,"PB_TTM":3.724294978664,"REPORT_DATE_SQ":"2022-03-31 00:00:00","REPORT_TYPE_SQ":"2022年一季报","OPERATE_INCOME_SQ":44464000,"DPS_HKD":null,"OPERATE_INCOME_QOQ_SQ":0,"NET_PROFIT_RATIO_SQ":-7.6331414178,"HOLDER_PROFIT_SQ":-3336000,"HOLDER_PROFIT_QOQ_SQ":0,"ROE_AVG_SQ":null,"PE_TTM_SQ":null,"PB_TTM_SQ":null,"ROA_SQ":null,"START_DATE":"2023-01-01 00:00:00","FISCAL_YEAR":"12-31","CURRENCY":"HKD","IS_CNY_CODE":0,"DPS_HKD_LY":null,"ORG_TYPE":"一般企业","PREMIUM_INCOME":null,"PREMIUM_INCOME_YOY":null,"NET_INTEREST_INCOME":null,"NET_INTEREST_INCOME_YOY":null,"FEE_COMMISSION_INCOME":null,"FEE_COMMISSION_INCOME_YOY":null,"ACCOUNTS_RECE_TDAYS":0.690862584719,"INVENTORY_TDAYS":5.390795519816,"CURRENT_ASSETS_TDAYS":0.217560921222,"TOTAL_ASSETS_TDAYS":0.125710055924,"PREMIUM_EXPENSE":null,"LOAN_DEPOSIT":null,"LOAN_EQUITY":null,"LOAN_ASSETS":null,"DEPOSIT_EQUITY":null,"DEPOSIT_ASSETS":null,"EQUITY_MULTIPLIER":1.182717349776,"EQUITY_RATIO":0.182759633933},{"SECUCODE":"02479.HK","SECURITY_CODE":"02479","SECURITY_NAME_ABBR":"天聚地合","ORG_CODE":"10203700","STD_REPORT_DATE":"2022-12-31 00:00:00","REPORT_DATE":"2022-12-31 00:00:00","DATE_TYPE_CODE":"001","REPORT_TYPE":"2022年年报","PER_NETCASH_OPERATE":-0.812781456954,"PER_OI":7.261280353201,"BPS":12.516650637892,"BASIC_EPS":0.91,"DILUTED_EPS":0.91,"OPERATE_INCOME":328936000,"OPERATE_INCOME_YOY":26.5084938714,"GROSS_PROFIT":107554000,"GROSS_PROFIT_YOY":19.621407598541,"HOLDER_PROFIT":41249000,"HOLDER_PROFIT_YOY":-10.349698985,"GROSS_PROFIT_RATIO":32.697546027191,"EPS_TTM":0.910573951435,"OPERATE_INCOME_QOQ":26.508493871413,"NET_PROFIT_RATIO":12.5507697546,"ROE_AVG":6.746498073726,"GROSS_PROFIT_QOQ":19.621407598541,"ROA":5.629806350439,"HOLDER_PROFIT_QOQ":-10.349698985025,"ROE_YEARLY":6.746498073726,"ROIC_YEARLY":7.600903285605,"TOTAL_ASSETS":744172000,"TOTAL_LIABILITIES":117217000,"TAX_EBT":7.757619090178,"OCF_SALES":-11.19336284262,"TOTAL_PARENT_EQUITY":627312000,"DEBT_ASSET_RATIO":15.7513316814,"OPERATE_PROFIT":44757000,"PRETAX_PROFIT":44756000,"NETCASH_OPERATE":-36819000,"NETCASH_INVEST":22335000,"NETCASH_FINANCE":-22000,"END_CASH":168470000,"DIVI_RATIO":null,"DIVIDEND_RATE":null,"CURRENT_RATIO":4.01812974446,"COMMON_ACS":null,"CURRENTDEBT_DEBT":92.04210993286,"ISSUED_COMMON_SHARES":50118200,"HK_COMMON_SHARES":50118200,"PER_SHARES":50,"TOTAL_MARKET_CAP":4037021010,"HKSK_MARKET_CAP":4037021010,"PE_TTM":101.422604041959,"PB_TTM":3.724294978664,"REPORT_DATE_SQ":"2021-12-31 00:00:00","REPORT_TYPE_SQ":"2021年年报","OPERATE_INCOME_SQ":260011000,"DPS_HKD":null,"OPERATE_INCOME_QOQ_SQ":45.752612224763,"NET_PROFIT_RATIO_SQ":17.6784828334,"HOLDER_PROFIT_SQ":46011000,"HOLDER_PROFIT_QOQ_SQ":68.754813863928,"ROE_AVG_SQ":8.124644631777,"PE_TTM_SQ":null,"PB_TTM_SQ":null,"ROA_SQ":6.539145907473,"START_DATE":"2022-01-01 00:00:00","FISCAL_YEAR":"12-31","CURRENCY":"HKD","IS_CNY_CODE":0,"DPS_HKD_LY":null,"ORG_TYPE":"一般企业","PREMIUM_INCOME":null,"PREMIUM_INCOME_YOY":null,"NET_INTEREST_INCOME":null,"NET_INTEREST_INCOME_YOY":null,"FEE_COMMISSION_INCOME":null,"FEE_COMMISSION_INCOME_YOY":null,"ACCOUNTS_RECE_TDAYS":3.057366992601,"INVENTORY_TDAYS":13.027451672698,"CURRENT_ASSETS_TDAYS":0.771209757115,"TOTAL_ASSETS_TDAYS":0.44894324267,"PREMIUM_EXPENSE":null,"LOAN_DEPOSIT":null,"LOAN_EQUITY":null,"LOAN_ASSETS":null,"DEPOSIT_EQUITY":null,"DEPOSIT_ASSETS":null,"EQUITY_MULTIPLIER":1.18696238167,"EQUITY_RATIO":0.18685598235},{"SECUCODE":"02479.HK","SECURITY_CODE":"02479","SECURITY_NAME_ABBR":"天聚地合","ORG_CODE":"10203700","STD_REPORT_DATE":"2022-03-31 00:00:00","REPORT_DATE":"2022-03-31 00:00:00","DATE_TYPE_CODE":"003","REPORT_TYPE":"2022年一季报","PER_NETCASH_OPERATE":null,"PER_OI":null,"BPS":null,"BASIC_EPS":-0.07,"DILUTED_EPS":-0.07,"OPERATE_INCOME":44464000,"OPERATE_INCOME_YOY":null,"GROSS_PROFIT":9162000,"GROSS_PROFIT_YOY":null,"HOLDER_PROFIT":-3336000,"HOLDER_PROFIT_YOY":null,"GROSS_PROFIT_RATIO":20.605433609212,"EPS_TTM":1.015695364238,"OPERATE_INCOME_QOQ":0,"NET_PROFIT_RATIO":-7.6331414178,"ROE_AVG":null,"GROSS_PROFIT_QOQ":0,"ROA":null,"HOLDER_PROFIT_QOQ":0,"ROE_YEARLY":null,"ROIC_YEARLY":null,"TOTAL_ASSETS":null,"TOTAL_LIABILITIES":null,"TAX_EBT":13.616696360397,"OCF_SALES":8.34157970493,"TOTAL_PARENT_EQUITY":null,"DEBT_ASSET_RATIO":null,"OPERATE_PROFIT":-3929000,"PRETAX_PROFIT":-3929000,"NETCASH_OPERATE":3709000,"NETCASH_INVEST":-50046000,"NETCASH_FINANCE":null,"END_CASH":136172000,"DIVI_RATIO":null,"DIVIDEND_RATE":null,"CURRENT_RATIO":null,"COMMON_ACS":null,"CURRENTDEBT_DEBT":null,"ISSUED_COMMON_SHARES":50118200,"HK_COMMON_SHARES":50118200,"PER_SHARES":50,"TOTAL_MARKET_CAP":4037021010,"HKSK_MARKET_CAP":4037021010,"PE_TTM":101.422604041959,"PB_TTM":3.724294978664,"REPORT_DATE_SQ":"2021-03-31 00:00:00","REPORT_TYPE_SQ":"2021年一季报","OPERATE_INCOME_SQ":null,"DPS_HKD":null,"OPERATE_INCOME_QOQ_SQ":0,"NET_PROFIT_RATIO_SQ":null,"HOLDER_PROFIT_SQ":null,"HOLDER_PROFIT_QOQ_SQ":0,"ROE_AVG_SQ":null,"PE_TTM_SQ":null,"PB_TTM_SQ":null,"ROA_SQ":null,"START_DATE":"2022-01-01 00:00:00","FISCAL_YEAR":"12-31","CURRENCY":"HKD","IS_CNY_CODE":0,"DPS_HKD_LY":null,"ORG_TYPE":"一般企业","PREMIUM_INCOME":null,"PREMIUM_INCOME_YOY":null,"NET_INTEREST_INCOME":null,"NET_INTEREST_INCOME_YOY":null,"FEE_COMMISSION_INCOME":null,"FEE_COMMISSION_INCOME_YOY":null,"ACCOUNTS_RECE_TDAYS":null,"INVENTORY_TDAYS":null,"CURRENT_ASSETS_TDAYS":0.211972054242,"TOTAL_ASSETS_TDAYS":0.123304404977,"PREMIUM_EXPENSE":null,"LOAN_DEPOSIT":null,"LOAN_EQUITY":null,"LOAN_ASSETS":null,"DEPOSIT_EQUITY":null,"DEPOSIT_ASSETS":null,"EQUITY_MULTIPLIER":null,"EQUITY_RATIO":null},{"SECUCODE":"02479.HK","SECURITY_CODE":"02479","SECURITY_NAME_ABBR":"天聚地合","ORG_CODE":"10203700","STD_REPORT_DATE":"2021-12-31 00:00:00","REPORT_DATE":"2021-12-31 00:00:00","DATE_TYPE_CODE":"001","REPORT_TYPE":"2021年年报","PER_NETCASH_OPERATE":-0.746048565121,"PER_OI":5.739757174393,"BPS":11.882210454486,"BASIC_EPS":1.02,"DILUTED_EPS":1.02,"OPERATE_INCOME":260011000,"OPERATE_INCOME_YOY":45.7526122248,"GROSS_PROFIT":89912000,"GROSS_PROFIT_YOY":57.884385755426,"HOLDER_PROFIT":46011000,"HOLDER_PROFIT_YOY":68.7548138639,"GROSS_PROFIT_RATIO":34.580075458346,"EPS_TTM":1.015695364238,"OPERATE_INCOME_QOQ":45.752612224763,"NET_PROFIT_RATIO":17.6784828334,"ROE_AVG":8.124644631777,"GROSS_PROFIT_QOQ":57.884385755426,"ROA":6.539145907473,"HOLDER_PROFIT_QOQ":68.754813863928,"ROE_YEARLY":8.124644631777,"ROIC_YEARLY":11.196743013443,"TOTAL_ASSETS":721207000,"TOTAL_LIABILITIES":126084000,"TAX_EBT":13.968069774841,"OCF_SALES":-12.997911626816,"TOTAL_PARENT_EQUITY":595515000,"DEBT_ASSET_RATIO":17.4823594336,"OPERATE_PROFIT":53583000,"PRETAX_PROFIT":53429000,"NETCASH_OPERATE":-33796000,"NETCASH_INVEST":-166628000,"NETCASH_FINANCE":-20941000,"END_CASH":182287000,"DIVI_RATIO":null,"DIVIDEND_RATE":null,"CURRENT_RATIO":3.649647672901,"COMMON_ACS":null,"CURRENTDEBT_DEBT":91.169379144063,"ISSUED_COMMON_SHARES":50118200,"HK_COMMON_SHARES":50118200,"PER_SHARES":50,"TOTAL_MARKET_CAP":4037021010,"HKSK_MARKET_CAP":4037021010,"PE_TTM":101.422604041959,"PB_TTM":3.724294978664,"REPORT_DATE_SQ":"2020-12-31 00:00:00","REPORT_TYPE_SQ":"2020年年报","OPERATE_INCOME_SQ":178392000,"DPS_HKD":null,"OPERATE_INCOME_QOQ_SQ":null,"NET_PROFIT_RATIO_SQ":15.2602134625,"HOLDER_PROFIT_SQ":27265000,"HOLDER_PROFIT_QOQ_SQ":null,"ROE_AVG_SQ":5.076213012904,"PE_TTM_SQ":null,"PB_TTM_SQ":null,"ROA_SQ":3.974252267722,"START_DATE":"2021-01-01 00:00:00","FISCAL_YEAR":"12-31","CURRENCY":"HKD","IS_CNY_CODE":0,"DPS_HKD_LY":null,"ORG_TYPE":"一般企业","PREMIUM_INCOME":null,"PREMIUM_INCOME_YOY":null,"NET_INTEREST_INCOME":null,"NET_INTEREST_INCOME_YOY":null,"FEE_COMMISSION_INCOME":null,"FEE_COMMISSION_INCOME_YOY":null,"ACCOUNTS_RECE_TDAYS":3.370419340204,"INVENTORY_TDAYS":13.194151411728,"CURRENT_ASSETS_TDAYS":0.576112931083,"TOTAL_ASSETS_TDAYS":0.369531170057,"PREMIUM_EXPENSE":null,"LOAN_DEPOSIT":null,"LOAN_EQUITY":null,"LOAN_ASSETS":null,"DEPOSIT_EQUITY":null,"DEPOSIT_ASSETS":null,"EQUITY_MULTIPLIER":1.211862085653,"EQUITY_RATIO":0.211722626634},{"SECUCODE":"02479.HK","SECURITY_CODE":"02479","SECURITY_NAME_ABBR":"天聚地合","ORG_CODE":"10203700","STD_REPORT_DATE":"2020-12-31 00:00:00","REPORT_DATE":"2020-12-31 00:00:00","DATE_TYPE_CODE":"001","REPORT_TYPE":"2020年年报","PER_NETCASH_OPERATE":2.889183222958,"PER_OI":3.938013245033,"BPS":10.716925188854,"BASIC_EPS":0.61,"DILUTED_EPS":0.61,"OPERATE_INCOME":178392000,"OPERATE_INCOME_YOY":null,"GROSS_PROFIT":56948000,"GROSS_PROFIT_YOY":null,"HOLDER_PROFIT":27265000,"HOLDER_PROFIT_YOY":null,"GROSS_PROFIT_RATIO":31.922956186376,"EPS_TTM":0.601876379691,"OPERATE_INCOME_QOQ":null,"NET_PROFIT_RATIO":15.2602134625,"ROE_AVG":5.076213012904,"GROSS_PROFIT_QOQ":null,"ROA":3.974252267722,"HOLDER_PROFIT_QOQ":null,"ROE_YEARLY":5.076213012904,"ROIC_YEARLY":9.649551233047,"TOTAL_ASSETS":686041000,"TOTAL_LIABILITIES":149275000,"TAX_EBT":12.648804748917,"OCF_SALES":73.366518677968,"TOTAL_PARENT_EQUITY":537113000,"DEBT_ASSET_RATIO":21.7589036224,"OPERATE_PROFIT":31205000,"PRETAX_PROFIT":31165000,"NETCASH_OPERATE":130880000,"NETCASH_INVEST":28156000,"NETCASH_FINANCE":-20791000,"END_CASH":403836000,"DIVI_RATIO":null,"DIVIDEND_RATE":null,"CURRENT_RATIO":3.354315510286,"COMMON_ACS":null,"CURRENTDEBT_DEBT":96.48434098141,"ISSUED_COMMON_SHARES":50118200,"HK_COMMON_SHARES":50118200,"PER_SHARES":50,"TOTAL_MARKET_CAP":4037021010,"HKSK_MARKET_CAP":4037021010,"PE_TTM":101.422604041959,"PB_TTM":3.724294978664,"REPORT_DATE_SQ":"2019-12-31 00:00:00","REPORT_TYPE_SQ":"2019年年报","OPERATE_INCOME_SQ":null,"DPS_HKD":null,"OPERATE_INCOME_QOQ_SQ":null,"NET_PROFIT_RATIO_SQ":null,"HOLDER_PROFIT_SQ":null,"HOLDER_PROFIT_QOQ_SQ":null,"ROE_AVG_SQ":null,"PE_TTM_SQ":null,"PB_TTM_SQ":null,"ROA_SQ":null,"START_DATE":"2020-01-01 00:00:00","FISCAL_YEAR":"12-31","CURRENCY":"HKD","IS_CNY_CODE":0,"DPS_HKD_LY":null,"ORG_TYPE":"一般企业","PREMIUM_INCOME":null,"PREMIUM_INCOME_YOY":null,"NET_INTEREST_INCOME":null,"NET_INTEREST_INCOME_YOY":null,"FEE_COMMISSION_INCOME":null,"FEE_COMMISSION_INCOME_YOY":null,"ACCOUNTS_RECE_TDAYS":2.827714109087,"INVENTORY_TDAYS":28.568336861915,"CURRENT_ASSETS_TDAYS":0.738511980659,"TOTAL_ASSETS_TDAYS":0.520062212025,"PREMIUM_EXPENSE":null,"LOAN_DEPOSIT":null,"LOAN_EQUITY":null,"LOAN_ASSETS":null,"DEPOSIT_EQUITY":null,"DEPOSIT_ASSETS":null,"EQUITY_MULTIPLIER":1.278100699374,"EQUITY_RATIO":0.277921033377}],"count":8},"success":true,"message":"ok","code":0}