{"version":"574489314d881e9a9c0d4b539ea0a54b","result":{"pages":2,"data":[{"SECUCODE":"02473.HK","SECURITY_CODE":"02473","SECURITY_NAME_ABBR":"喜相逢集团","ORG_CODE":"10000071083","STD_REPORT_DATE":"2024-06-30 00:00:00","REPORT_DATE":"2024-06-30 00:00:00","DATE_TYPE_CODE":"002","REPORT_TYPE":"2024年中报","PER_NETCASH_OPERATE":0.014832484848,"PER_OI":1.277383757576,"BPS":0.515904,"BASIC_EPS":0.0382,"DILUTED_EPS":0.0364,"OPERATE_INCOME":658651000,"OPERATE_INCOME_YOY":9.5923301292,"GROSS_PROFIT":209260000,"GROSS_PROFIT_YOY":6.066673086963,"HOLDER_PROFIT":19685000,"HOLDER_PROFIT_YOY":-68.4545367136,"GROSS_PROFIT_RATIO":31.770998601687,"EPS_TTM":0.130980848485,"OPERATE_INCOME_QOQ":4.419856463915,"NET_PROFIT_RATIO":2.9574083999,"ROE_AVG":2.502014576126,"GROSS_PROFIT_QOQ":2.856481437286,"ROA":0.671364684717,"HOLDER_PROFIT_QOQ":-38.744172547028,"ROE_YEARLY":5.004029152251,"ROIC_YEARLY":1.475532102287,"TOTAL_ASSETS":2943289000,"TOTAL_LIABILITIES":2139489000,"TAX_EBT":28.026160212829,"OCF_SALES":1.161161221952,"TOTAL_PARENT_EQUITY":798039000,"DEBT_ASSET_RATIO":72.6904153822,"OPERATE_PROFIT":107681000,"PRETAX_PROFIT":27064000,"NETCASH_OPERATE":7648000,"NETCASH_INVEST":-143501000,"NETCASH_FINANCE":116208000,"END_CASH":248344000,"DIVI_RATIO":null,"DIVIDEND_RATE":null,"CURRENT_RATIO":1.260505121247,"COMMON_ACS":12000000000,"CURRENTDEBT_DEBT":51.255603557672,"ISSUED_COMMON_SHARES":1546875000,"HK_COMMON_SHARES":1546875000,"PER_SHARES":2500,"TOTAL_MARKET_CAP":11586093750,"HKSK_MARKET_CAP":11586093750,"PE_TTM":153.357922232476,"PB_TTM":13.250475282223,"REPORT_DATE_SQ":"2023-06-30 00:00:00","REPORT_TYPE_SQ":"2023年中报","OPERATE_INCOME_SQ":601001000,"DPS_HKD":null,"OPERATE_INCOME_QOQ_SQ":5.506926692866,"NET_PROFIT_RATIO_SQ":10.358385427,"HOLDER_PROFIT_SQ":62402000,"HOLDER_PROFIT_QOQ_SQ":21.257587469745,"ROE_AVG_SQ":11.780830710735,"PE_TTM_SQ":15.417838354403,"PB_TTM_SQ":2.610173618873,"ROA_SQ":2.353539304167,"START_DATE":"2024-01-01 00:00:00","FISCAL_YEAR":"12-31","CURRENCY":"HKD","IS_CNY_CODE":0,"DPS_HKD_LY":null,"ORG_TYPE":"一般企业","PREMIUM_INCOME":null,"PREMIUM_INCOME_YOY":null,"NET_INTEREST_INCOME":null,"NET_INTEREST_INCOME_YOY":null,"FEE_COMMISSION_INCOME":null,"FEE_COMMISSION_INCOME_YOY":null,"ACCOUNTS_RECE_TDAYS":64.296270987895,"INVENTORY_TDAYS":2.955013068994,"CURRENT_ASSETS_TDAYS":0.465296552367,"TOTAL_ASSETS_TDAYS":0.224635519915,"PREMIUM_EXPENSE":null,"LOAN_DEPOSIT":null,"LOAN_EQUITY":null,"LOAN_ASSETS":null,"DEPOSIT_EQUITY":null,"DEPOSIT_ASSETS":null,"EQUITY_MULTIPLIER":3.661718089071,"EQUITY_RATIO":2.680932886739},{"SECUCODE":"02473.HK","SECURITY_CODE":"02473","SECURITY_NAME_ABBR":"喜相逢集团","ORG_CODE":"10000071083","STD_REPORT_DATE":"2023-12-31 00:00:00","REPORT_DATE":"2023-12-31 00:00:00","DATE_TYPE_CODE":"001","REPORT_TYPE":"2023年年报","PER_NETCASH_OPERATE":0.002552242424,"PER_OI":2.529631030303,"BPS":0.501328808081,"BASIC_EPS":0.3023,"DILUTED_EPS":0.0322,"OPERATE_INCOME":1304341000,"OPERATE_INCOME_YOY":14.2629252422,"GROSS_PROFIT":419012000,"GROSS_PROFIT_YOY":11.901550820276,"HOLDER_PROFIT":110254000,"HOLDER_PROFIT_YOY":39.7158896506,"GROSS_PROFIT_RATIO":32.124421451139,"EPS_TTM":0.213825939394,"OPERATE_INCOME_QOQ":8.298979814661,"NET_PROFIT_RATIO":8.4206507347,"ROE_AVG":17.284848674876,"GROSS_PROFIT_QOQ":8.4332236093,"ROA":3.994968515174,"HOLDER_PROFIT_QOQ":15.222389432322,"ROE_YEARLY":17.284848674876,"ROIC_YEARLY":4.376462985596,"TOTAL_ASSETS":2920886000,"TOTAL_LIABILITIES":2139436000,"TAX_EBT":15.414709279938,"OCF_SALES":0.100893861345,"TOTAL_PARENT_EQUITY":775493000,"DEBT_ASSET_RATIO":73.246131482,"OPERATE_PROFIT":291344000,"PRETAX_PROFIT":129850000,"NETCASH_OPERATE":1316000,"NETCASH_INVEST":-163320000,"NETCASH_FINANCE":228547000,"END_CASH":267733000,"DIVI_RATIO":null,"DIVIDEND_RATE":null,"CURRENT_RATIO":1.225954504646,"COMMON_ACS":12000000000,"CURRENTDEBT_DEBT":55.238436672095,"ISSUED_COMMON_SHARES":1546875000,"HK_COMMON_SHARES":1546875000,"PER_SHARES":2500,"TOTAL_MARKET_CAP":7858125000,"HKSK_MARKET_CAP":7858125000,"PE_TTM":104.01311681455,"PB_TTM":8.986971219452,"REPORT_DATE_SQ":"2022-12-31 00:00:00","REPORT_TYPE_SQ":"2022年年报","OPERATE_INCOME_SQ":1141526000,"DPS_HKD":null,"OPERATE_INCOME_QOQ_SQ":-2.53880002937,"NET_PROFIT_RATIO_SQ":6.752540021,"HOLDER_PROFIT_SQ":78913000,"HOLDER_PROFIT_QOQ_SQ":131.335014071295,"ROE_AVG_SQ":16.870024937443,"PE_TTM_SQ":17.577340143457,"PB_TTM_SQ":2.9757679694,"ROA_SQ":3.28685360604,"START_DATE":"2023-01-01 00:00:00","FISCAL_YEAR":"12-31","CURRENCY":"HKD","IS_CNY_CODE":0,"DPS_HKD_LY":null,"ORG_TYPE":"一般企业","PREMIUM_INCOME":null,"PREMIUM_INCOME_YOY":null,"NET_INTEREST_INCOME":null,"NET_INTEREST_INCOME_YOY":null,"FEE_COMMISSION_INCOME":null,"FEE_COMMISSION_INCOME_YOY":null,"ACCOUNTS_RECE_TDAYS":131.300684517818,"INVENTORY_TDAYS":4.869662550535,"CURRENT_ASSETS_TDAYS":0.969726280072,"TOTAL_ASSETS_TDAYS":0.472617884889,"PREMIUM_EXPENSE":null,"LOAN_DEPOSIT":null,"LOAN_EQUITY":null,"LOAN_ASSETS":null,"DEPOSIT_EQUITY":null,"DEPOSIT_ASSETS":null,"EQUITY_MULTIPLIER":3.737777209031,"EQUITY_RATIO":2.758807623022},{"SECUCODE":"02473.HK","SECURITY_CODE":"02473","SECURITY_NAME_ABBR":"喜相逢集团","ORG_CODE":"10000071083","STD_REPORT_DATE":"2023-06-30 00:00:00","REPORT_DATE":"2023-06-30 00:00:00","DATE_TYPE_CODE":"002","REPORT_TYPE":"2023年中报","PER_NETCASH_OPERATE":0.007711727185,"PER_OI":0.639806149942,"BPS":0.361467474747,"BASIC_EPS":0.184,"DILUTED_EPS":0.039,"OPERATE_INCOME":601001000,"OPERATE_INCOME_YOY":11.6815761013,"GROSS_PROFIT":197291000,"GROSS_PROFIT_YOY":6.463084278576,"HOLDER_PROFIT":62402000,"HOLDER_PROFIT_YOY":36.7655116488,"GROSS_PROFIT_RATIO":32.827066843483,"EPS_TTM":0.101866337786,"OPERATE_INCOME_QOQ":5.506926692866,"NET_PROFIT_RATIO":10.358385427,"ROE_AVG":11.780830710735,"GROSS_PROFIT_QOQ":3.198583511151,"ROA":2.353539304167,"HOLDER_PROFIT_QOQ":21.257587469745,"ROE_YEARLY":23.56166142147,"ROIC_YEARLY":5.120051723993,"TOTAL_ASSETS":2704065000,"TOTAL_LIABILITIES":2138691000,"TAX_EBT":4.458325020335,"OCF_SALES":1.205322453706,"TOTAL_PARENT_EQUITY":559145000,"DEBT_ASSET_RATIO":79.0917008282,"OPERATE_PROFIT":147192000,"PRETAX_PROFIT":65159000,"NETCASH_OPERATE":7244000,"NETCASH_INVEST":-130093000,"NETCASH_FINANCE":135240000,"END_CASH":214031000,"DIVI_RATIO":null,"DIVIDEND_RATE":null,"CURRENT_RATIO":1.077436953137,"COMMON_ACS":12000000000,"CURRENTDEBT_DEBT":51.990259462447,"ISSUED_COMMON_SHARES":1546875000,"HK_COMMON_SHARES":1546875000,"PER_SHARES":2500,"TOTAL_MARKET_CAP":7858125000,"HKSK_MARKET_CAP":7858125000,"PE_TTM":104.01311681455,"PB_TTM":8.986971219452,"REPORT_DATE_SQ":"2022-06-30 00:00:00","REPORT_TYPE_SQ":"2022年中报","OPERATE_INCOME_SQ":538138000,"DPS_HKD":null,"OPERATE_INCOME_QOQ_SQ":0,"NET_PROFIT_RATIO_SQ":8.2398938562,"HOLDER_PROFIT_SQ":45627000,"HOLDER_PROFIT_QOQ_SQ":0,"ROE_AVG_SQ":null,"PE_TTM_SQ":17.577340143457,"PB_TTM_SQ":2.9757679694,"ROA_SQ":null,"START_DATE":"2023-01-01 00:00:00","FISCAL_YEAR":"12-31","CURRENCY":"HKD","IS_CNY_CODE":0,"DPS_HKD_LY":null,"ORG_TYPE":"一般企业","PREMIUM_INCOME":null,"PREMIUM_INCOME_YOY":null,"NET_INTEREST_INCOME":null,"NET_INTEREST_INCOME_YOY":null,"FEE_COMMISSION_INCOME":null,"FEE_COMMISSION_INCOME_YOY":null,"ACCOUNTS_RECE_TDAYS":75.36535205969,"INVENTORY_TDAYS":2.513956565735,"CURRENT_ASSETS_TDAYS":0.492762309403,"TOTAL_ASSETS_TDAYS":0.226672137967,"PREMIUM_EXPENSE":null,"LOAN_DEPOSIT":null,"LOAN_EQUITY":null,"LOAN_ASSETS":null,"DEPOSIT_EQUITY":null,"DEPOSIT_ASSETS":null,"EQUITY_MULTIPLIER":4.782789799319,"EQUITY_RATIO":3.824930921317},{"SECUCODE":"02473.HK","SECURITY_CODE":"02473","SECURITY_NAME_ABBR":"喜相逢集团","ORG_CODE":"10000071083","STD_REPORT_DATE":"2022-12-31 00:00:00","REPORT_DATE":"2022-12-31 00:00:00","DATE_TYPE_CODE":"001","REPORT_TYPE":"2022年年报","PER_NETCASH_OPERATE":-0.076324889433,"PER_OI":1.177389807231,"BPS":0.323385535354,"BASIC_EPS":0.2327,"DILUTED_EPS":0.0768,"OPERATE_INCOME":1141526000,"OPERATE_INCOME_YOY":-2.5388000294,"GROSS_PROFIT":374447000,"GROSS_PROFIT_YOY":3.508165724964,"HOLDER_PROFIT":78913000,"HOLDER_PROFIT_YOY":131.3350140713,"GROSS_PROFIT_RATIO":32.802319001057,"EPS_TTM":0.081392243241,"OPERATE_INCOME_QOQ":-2.53880002937,"NET_PROFIT_RATIO":6.752540021,"ROE_AVG":16.870024937443,"GROSS_PROFIT_QOQ":3.508165724964,"ROA":3.28685360604,"HOLDER_PROFIT_QOQ":131.335014071295,"ROE_YEARLY":16.870024937443,"ROIC_YEARLY":3.502031087499,"TOTAL_ASSETS":2598757000,"TOTAL_LIABILITIES":2092143000,"TAX_EBT":16.007976202151,"OCF_SALES":-6.482550550754,"TOTAL_PARENT_EQUITY":500237000,"DEBT_ASSET_RATIO":80.5055262958,"OPERATE_PROFIT":234791000,"PRETAX_PROFIT":91773000,"NETCASH_OPERATE":-74000000,"NETCASH_INVEST":-119133000,"NETCASH_FINANCE":314827000,"END_CASH":201078000,"DIVI_RATIO":null,"DIVIDEND_RATE":null,"CURRENT_RATIO":1.034820246563,"COMMON_ACS":12000000000,"CURRENTDEBT_DEBT":57.335086559571,"ISSUED_COMMON_SHARES":1546875000,"HK_COMMON_SHARES":1546875000,"PER_SHARES":2500,"TOTAL_MARKET_CAP":7858125000,"HKSK_MARKET_CAP":7858125000,"PE_TTM":104.01311681455,"PB_TTM":8.986971219452,"REPORT_DATE_SQ":"2021-12-31 00:00:00","REPORT_TYPE_SQ":"2021年年报","OPERATE_INCOME_SQ":1171262000,"DPS_HKD":null,"OPERATE_INCOME_QOQ_SQ":56.218048151344,"NET_PROFIT_RATIO_SQ":2.6199945017,"HOLDER_PROFIT_SQ":34112000,"HOLDER_PROFIT_QOQ_SQ":176.41196013289,"ROE_AVG_SQ":8.201547647813,"PE_TTM_SQ":17.577340143457,"PB_TTM_SQ":2.9757679694,"ROA_SQ":1.663713110934,"START_DATE":"2022-01-01 00:00:00","FISCAL_YEAR":"12-31","CURRENCY":"HKD","IS_CNY_CODE":0,"DPS_HKD_LY":null,"ORG_TYPE":"一般企业","PREMIUM_INCOME":null,"PREMIUM_INCOME_YOY":null,"NET_INTEREST_INCOME":null,"NET_INTEREST_INCOME_YOY":null,"FEE_COMMISSION_INCOME":null,"FEE_COMMISSION_INCOME_YOY":null,"ACCOUNTS_RECE_TDAYS":136.865415742462,"INVENTORY_TDAYS":4.572519425245,"CURRENT_ASSETS_TDAYS":1.043061991102,"TOTAL_ASSETS_TDAYS":0.475463972918,"PREMIUM_EXPENSE":null,"LOAN_DEPOSIT":null,"LOAN_EQUITY":null,"LOAN_ASSETS":null,"DEPOSIT_EQUITY":null,"DEPOSIT_ASSETS":null,"EQUITY_MULTIPLIER":5.129658872425,"EQUITY_RATIO":4.182303588099},{"SECUCODE":"02473.HK","SECURITY_CODE":"02473","SECURITY_NAME_ABBR":"喜相逢集团","ORG_CODE":"10000071083","STD_REPORT_DATE":"2022-06-30 00:00:00","REPORT_DATE":"2022-06-30 00:00:00","DATE_TYPE_CODE":"002","REPORT_TYPE":"2022年中报","PER_NETCASH_OPERATE":null,"PER_OI":null,"BPS":null,"BASIC_EPS":0.1427,"DILUTED_EPS":0.0285,"OPERATE_INCOME":538138000,"OPERATE_INCOME_YOY":null,"GROSS_PROFIT":185314000,"GROSS_PROFIT_YOY":null,"HOLDER_PROFIT":45627000,"HOLDER_PROFIT_YOY":null,"GROSS_PROFIT_RATIO":34.436148348565,"EPS_TTM":0.032203255759,"OPERATE_INCOME_QOQ":0,"NET_PROFIT_RATIO":8.2398938562,"ROE_AVG":null,"GROSS_PROFIT_QOQ":0,"ROA":null,"HOLDER_PROFIT_QOQ":0,"ROE_YEARLY":null,"ROIC_YEARLY":null,"TOTAL_ASSETS":null,"TOTAL_LIABILITIES":null,"TAX_EBT":7.563060245987,"OCF_SALES":13.772489584456,"TOTAL_PARENT_EQUITY":null,"DEBT_ASSET_RATIO":null,"OPERATE_PROFIT":121153000,"PRETAX_PROFIT":47970000,"NETCASH_OPERATE":74115000,"NETCASH_INVEST":-607000,"NETCASH_FINANCE":-93397000,"END_CASH":59718000,"DIVI_RATIO":null,"DIVIDEND_RATE":null,"CURRENT_RATIO":null,"COMMON_ACS":12000000000,"CURRENTDEBT_DEBT":null,"ISSUED_COMMON_SHARES":1546875000,"HK_COMMON_SHARES":1546875000,"PER_SHARES":2500,"TOTAL_MARKET_CAP":7858125000,"HKSK_MARKET_CAP":7858125000,"PE_TTM":104.01311681455,"PB_TTM":8.986971219452,"REPORT_DATE_SQ":"2021-06-30 00:00:00","REPORT_TYPE_SQ":"2021年中报","OPERATE_INCOME_SQ":null,"DPS_HKD":null,"OPERATE_INCOME_QOQ_SQ":0,"NET_PROFIT_RATIO_SQ":null,"HOLDER_PROFIT_SQ":null,"HOLDER_PROFIT_QOQ_SQ":0,"ROE_AVG_SQ":null,"PE_TTM_SQ":17.577340143457,"PB_TTM_SQ":2.9757679694,"ROA_SQ":null,"START_DATE":"2022-01-01 00:00:00","FISCAL_YEAR":"12-31","CURRENCY":"HKD","IS_CNY_CODE":0,"DPS_HKD_LY":null,"ORG_TYPE":"一般企业","PREMIUM_INCOME":null,"PREMIUM_INCOME_YOY":null,"NET_INTEREST_INCOME":null,"NET_INTEREST_INCOME_YOY":null,"FEE_COMMISSION_INCOME":null,"FEE_COMMISSION_INCOME_YOY":null,"ACCOUNTS_RECE_TDAYS":null,"INVENTORY_TDAYS":null,"CURRENT_ASSETS_TDAYS":1.135913743354,"TOTAL_ASSETS_TDAYS":0.488555037772,"PREMIUM_EXPENSE":null,"LOAN_DEPOSIT":null,"LOAN_EQUITY":null,"LOAN_ASSETS":null,"DEPOSIT_EQUITY":null,"DEPOSIT_ASSETS":null,"EQUITY_MULTIPLIER":null,"EQUITY_RATIO":null},{"SECUCODE":"02473.HK","SECURITY_CODE":"02473","SECURITY_NAME_ABBR":"喜相逢集团","ORG_CODE":"10000071083","STD_REPORT_DATE":"2021-12-31 00:00:00","REPORT_DATE":"2021-12-31 00:00:00","DATE_TYPE_CODE":"001","REPORT_TYPE":"2021年年报","PER_NETCASH_OPERATE":-0.073077562883,"PER_OI":1.105723784801,"BPS":0.281408646465,"BASIC_EPS":0.1067,"DILUTED_EPS":0.0992,"OPERATE_INCOME":1171262000,"OPERATE_INCOME_YOY":56.2180481513,"GROSS_PROFIT":361756000,"GROSS_PROFIT_YOY":19.156252676236,"HOLDER_PROFIT":34112000,"HOLDER_PROFIT_YOY":176.4119601329,"GROSS_PROFIT_RATIO":30.886001594861,"EPS_TTM":0.032203255759,"OPERATE_INCOME_QOQ":56.218048151344,"NET_PROFIT_RATIO":2.6199945017,"ROE_AVG":8.201547647813,"GROSS_PROFIT_QOQ":19.156252676236,"ROA":1.663713110934,"HOLDER_PROFIT_QOQ":176.41196013289,"ROE_YEARLY":8.201547647813,"ROIC_YEARLY":1.710040547792,"TOTAL_ASSETS":2202978000,"TOTAL_LIABILITIES":1759466000,"TAX_EBT":28.651476400837,"OCF_SALES":-6.609025136989,"TOTAL_PARENT_EQUITY":435304000,"DEBT_ASSET_RATIO":79.867615564,"OPERATE_PROFIT":160831000,"PRETAX_PROFIT":43010000,"NETCASH_OPERATE":-77409000,"NETCASH_INVEST":-58172000,"NETCASH_FINANCE":203073000,"END_CASH":79373000,"DIVI_RATIO":null,"DIVIDEND_RATE":null,"CURRENT_RATIO":0.865513924527,"COMMON_ACS":12000000000,"CURRENTDEBT_DEBT":62.219048279421,"ISSUED_COMMON_SHARES":1546875000,"HK_COMMON_SHARES":1546875000,"PER_SHARES":2500,"TOTAL_MARKET_CAP":7858125000,"HKSK_MARKET_CAP":7858125000,"PE_TTM":104.01311681455,"PB_TTM":8.986971219452,"REPORT_DATE_SQ":"2020-12-31 00:00:00","REPORT_TYPE_SQ":"2020年年报","OPERATE_INCOME_SQ":749761000,"DPS_HKD":null,"OPERATE_INCOME_QOQ_SQ":-30.339808531355,"NET_PROFIT_RATIO_SQ":1.3675024441,"HOLDER_PROFIT_SQ":12341000,"HOLDER_PROFIT_QOQ_SQ":-26.807425419607,"ROE_AVG_SQ":3.211364289869,"PE_TTM_SQ":17.577340143457,"PB_TTM_SQ":2.9757679694,"ROA_SQ":0.622415847017,"START_DATE":"2021-01-01 00:00:00","FISCAL_YEAR":"12-31","CURRENCY":"HKD","IS_CNY_CODE":0,"DPS_HKD_LY":null,"ORG_TYPE":"一般企业","PREMIUM_INCOME":null,"PREMIUM_INCOME_YOY":null,"NET_INTEREST_INCOME":null,"NET_INTEREST_INCOME_YOY":null,"FEE_COMMISSION_INCOME":null,"FEE_COMMISSION_INCOME_YOY":null,"ACCOUNTS_RECE_TDAYS":172.52349388717,"INVENTORY_TDAYS":5.702674143372,"CURRENT_ASSETS_TDAYS":1.345232899494,"TOTAL_ASSETS_TDAYS":0.571248811485,"PREMIUM_EXPENSE":null,"LOAN_DEPOSIT":null,"LOAN_EQUITY":null,"LOAN_ASSETS":null,"DEPOSIT_EQUITY":null,"DEPOSIT_ASSETS":null,"EQUITY_MULTIPLIER":4.967121520945,"EQUITY_RATIO":4.041924723871},{"SECUCODE":"02473.HK","SECURITY_CODE":"02473","SECURITY_NAME_ABBR":"喜相逢集团","ORG_CODE":"10000071083","STD_REPORT_DATE":"2020-12-31 00:00:00","REPORT_DATE":"2020-12-31 00:00:00","DATE_TYPE_CODE":"001","REPORT_TYPE":"2020年年报","PER_NETCASH_OPERATE":0.232801157828,"PER_OI":0.728619733566,"BPS":0.256348444444,"BASIC_EPS":0.0386,"DILUTED_EPS":0.0386,"OPERATE_INCOME":749761000,"OPERATE_INCOME_YOY":-30.3398085314,"GROSS_PROFIT":303598000,"GROSS_PROFIT_YOY":-16.829529546806,"HOLDER_PROFIT":12341000,"HOLDER_PROFIT_YOY":-26.8074254196,"GROSS_PROFIT_RATIO":40.492636986987,"EPS_TTM":0.011993016617,"OPERATE_INCOME_QOQ":-30.339808531355,"NET_PROFIT_RATIO":1.3675024441,"ROE_AVG":3.211364289869,"GROSS_PROFIT_QOQ":-16.829529546806,"ROA":0.622415847017,"HOLDER_PROFIT_QOQ":-26.807425419607,"ROE_YEARLY":3.211364289869,"ROIC_YEARLY":0.647970844725,"TOTAL_ASSETS":1897729000,"TOTAL_LIABILITIES":1489557000,"TAX_EBT":51.104010682436,"OCF_SALES":31.950981712839,"TOTAL_PARENT_EQUITY":396539000,"DEBT_ASSET_RATIO":78.4915549059,"OPERATE_PROFIT":130141000,"PRETAX_PROFIT":20969000,"NETCASH_OPERATE":229881000,"NETCASH_INVEST":-171219000,"NETCASH_FINANCE":-163009000,"END_CASH":11880000,"DIVI_RATIO":null,"DIVIDEND_RATE":null,"CURRENT_RATIO":0.932246999292,"COMMON_ACS":12000000000,"CURRENTDEBT_DEBT":57.167936507297,"ISSUED_COMMON_SHARES":1546875000,"HK_COMMON_SHARES":1546875000,"PER_SHARES":2500,"TOTAL_MARKET_CAP":7858125000,"HKSK_MARKET_CAP":7858125000,"PE_TTM":104.01311681455,"PB_TTM":8.986971219452,"REPORT_DATE_SQ":"2019-12-31 00:00:00","REPORT_TYPE_SQ":"2019年年报","OPERATE_INCOME_SQ":1076312000,"DPS_HKD":null,"OPERATE_INCOME_QOQ_SQ":4.106568032685,"NET_PROFIT_RATIO_SQ":1.4257018411,"HOLDER_PROFIT_SQ":16861000,"HOLDER_PROFIT_QOQ_SQ":-70.107789951424,"ROE_AVG_SQ":3.978997050147,"PE_TTM_SQ":17.577340143457,"PB_TTM_SQ":2.9757679694,"ROA_SQ":0.912881806684,"START_DATE":"2020-01-01 00:00:00","FISCAL_YEAR":"12-31","CURRENCY":"HKD","IS_CNY_CODE":0,"DPS_HKD_LY":null,"ORG_TYPE":"一般企业","PREMIUM_INCOME":null,"PREMIUM_INCOME_YOY":null,"NET_INTEREST_INCOME":null,"NET_INTEREST_INCOME_YOY":null,"FEE_COMMISSION_INCOME":null,"FEE_COMMISSION_INCOME_YOY":null,"ACCOUNTS_RECE_TDAYS":123.214626129827,"INVENTORY_TDAYS":2.714497788432,"CURRENT_ASSETS_TDAYS":0.880586681168,"TOTAL_ASSETS_TDAYS":0.378140448809,"PREMIUM_EXPENSE":null,"LOAN_DEPOSIT":null,"LOAN_EQUITY":null,"LOAN_ASSETS":null,"DEPOSIT_EQUITY":null,"DEPOSIT_ASSETS":null,"EQUITY_MULTIPLIER":4.6493365542,"EQUITY_RATIO":3.756394705187},{"SECUCODE":"02473.HK","SECURITY_CODE":"02473","SECURITY_NAME_ABBR":"喜相逢集团","ORG_CODE":"10000071083","STD_REPORT_DATE":"2019-12-31 00:00:00","REPORT_DATE":"2019-12-31 00:00:00","DATE_TYPE_CODE":"001","REPORT_TYPE":"2019年年报","PER_NETCASH_OPERATE":-0.045295783304,"PER_OI":1.113246297791,"BPS":0.240513292929,"BASIC_EPS":0.0522,"DILUTED_EPS":0.0522,"OPERATE_INCOME":1076312000,"OPERATE_INCOME_YOY":5.1495651138,"GROSS_PROFIT":365031000,"GROSS_PROFIT_YOY":17.751935483871,"HOLDER_PROFIT":16861000,"HOLDER_PROFIT_YOY":-72.4812717272,"GROSS_PROFIT_RATIO":33.914980042962,"EPS_TTM":0.017439595421,"OPERATE_INCOME_QOQ":4.106568032685,"NET_PROFIT_RATIO":1.4257018411,"ROE_AVG":3.978997050147,"GROSS_PROFIT_QOQ":5.8886494107,"ROA":0.912881806684,"HOLDER_PROFIT_QOQ":-70.107789951424,"ROE_YEARLY":3.978997050147,"ROIC_YEARLY":0.996075894591,"TOTAL_ASSETS":2067787000,"TOTAL_LIABILITIES":1682022000,"TAX_EBT":56.148372531649,"OCF_SALES":-4.068801611429,"TOTAL_PARENT_EQUITY":372044000,"DEBT_ASSET_RATIO":81.3440649351,"OPERATE_PROFIT":131173000,"PRETAX_PROFIT":34993000,"NETCASH_OPERATE":-43793000,"NETCASH_INVEST":-333021000,"NETCASH_FINANCE":339861000,"END_CASH":119160000,"DIVI_RATIO":null,"DIVIDEND_RATE":null,"CURRENT_RATIO":1.022147333291,"COMMON_ACS":12000000000,"CURRENTDEBT_DEBT":52.871900605343,"ISSUED_COMMON_SHARES":1546875000,"HK_COMMON_SHARES":1546875000,"PER_SHARES":2500,"TOTAL_MARKET_CAP":7858125000,"HKSK_MARKET_CAP":7858125000,"PE_TTM":104.01311681455,"PB_TTM":8.986971219452,"REPORT_DATE_SQ":"2018-12-31 00:00:00","REPORT_TYPE_SQ":"2018年年报","OPERATE_INCOME_SQ":1023601000,"DPS_HKD":null,"OPERATE_INCOME_QOQ_SQ":30.586003480249,"NET_PROFIT_RATIO_SQ":5.8560904102,"HOLDER_PROFIT_SQ":61271000,"HOLDER_PROFIT_QOQ_SQ":0.739876029661,"ROE_AVG_SQ":13.308224704849,"PE_TTM_SQ":17.577340143457,"PB_TTM_SQ":2.9757679694,"ROA_SQ":4.340481752316,"START_DATE":"2019-01-01 00:00:00","FISCAL_YEAR":"12-31","CURRENCY":"HKD","IS_CNY_CODE":0,"DPS_HKD_LY":null,"ORG_TYPE":"一般企业","PREMIUM_INCOME":null,"PREMIUM_INCOME_YOY":null,"NET_INTEREST_INCOME":null,"NET_INTEREST_INCOME_YOY":null,"FEE_COMMISSION_INCOME":null,"FEE_COMMISSION_INCOME_YOY":null,"ACCOUNTS_RECE_TDAYS":129.746489060334,"INVENTORY_TDAYS":3.310085023013,"CURRENT_ASSETS_TDAYS":1.153905819907,"TOTAL_ASSETS_TDAYS":0.582732722327,"PREMIUM_EXPENSE":null,"LOAN_DEPOSIT":null,"LOAN_EQUITY":null,"LOAN_ASSETS":null,"DEPOSIT_EQUITY":null,"DEPOSIT_ASSETS":null,"EQUITY_MULTIPLIER":5.360224488996,"EQUITY_RATIO":4.521029770672},{"SECUCODE":"02473.HK","SECURITY_CODE":"02473","SECURITY_NAME_ABBR":"喜相逢集团","ORG_CODE":"10000071083","STD_REPORT_DATE":"2019-06-30 00:00:00","REPORT_DATE":"2019-06-30 00:00:00","DATE_TYPE_CODE":"002","REPORT_TYPE":"2019年中报","PER_NETCASH_OPERATE":-0.000307777008,"PER_OI":0.004964360244,"BPS":0.25093559596,"BASIC_EPS":null,"DILUTED_EPS":null,"OPERATE_INCOME":546814000,"OPERATE_INCOME_YOY":1.9112530029,"GROSS_PROFIT":174059000,"GROSS_PROFIT_YOY":24.927509186955,"HOLDER_PROFIT":22696000,"HOLDER_PROFIT_YOY":-17.6517542905,"GROSS_PROFIT_RATIO":31.831482003021,"EPS_TTM":0.00051209315,"OPERATE_INCOME_QOQ":1.001855215069,"NET_PROFIT_RATIO":3.9640535904,"ROE_AVG":5.256003205106,"GROSS_PROFIT_QOQ":11.203548387097,"ROA":1.307921001479,"HOLDER_PROFIT_QOQ":-7.940134810922,"ROE_YEARLY":10.512006410212,"ROIC_YEARLY":2.853939019939,"TOTAL_ASSETS":1844317000,"TOTAL_LIABILITIES":1431392000,"TAX_EBT":26.987334950148,"OCF_SALES":-6.199731535769,"TOTAL_PARENT_EQUITY":388166000,"DEBT_ASSET_RATIO":77.6109529978,"OPERATE_PROFIT":null,"PRETAX_PROFIT":29688000,"NETCASH_OPERATE":-33901000,"NETCASH_INVEST":-186591000,"NETCASH_FINANCE":149792000,"END_CASH":89130000,"DIVI_RATIO":null,"DIVIDEND_RATE":null,"CURRENT_RATIO":1.136703902565,"COMMON_ACS":12000000000,"CURRENTDEBT_DEBT":54.791349958642,"ISSUED_COMMON_SHARES":1546875000,"HK_COMMON_SHARES":1546875000,"PER_SHARES":2500,"TOTAL_MARKET_CAP":7858125000,"HKSK_MARKET_CAP":7858125000,"PE_TTM":104.01311681455,"PB_TTM":8.986971219452,"REPORT_DATE_SQ":"2018-06-30 00:00:00","REPORT_TYPE_SQ":"2018年中报","OPERATE_INCOME_SQ":536559000,"DPS_HKD":null,"OPERATE_INCOME_QOQ_SQ":0,"NET_PROFIT_RATIO_SQ":5.0508890914,"HOLDER_PROFIT_SQ":27561000,"HOLDER_PROFIT_QOQ_SQ":0,"ROE_AVG_SQ":null,"PE_TTM_SQ":17.577340143457,"PB_TTM_SQ":2.9757679694,"ROA_SQ":null,"START_DATE":"2019-01-01 00:00:00","FISCAL_YEAR":"12-31","CURRENCY":"HKD","IS_CNY_CODE":0,"DPS_HKD_LY":null,"ORG_TYPE":"一般企业","PREMIUM_INCOME":null,"PREMIUM_INCOME_YOY":null,"NET_INTEREST_INCOME":null,"NET_INTEREST_INCOME_YOY":null,"FEE_COMMISSION_INCOME":null,"FEE_COMMISSION_INCOME_YOY":null,"ACCOUNTS_RECE_TDAYS":61.536574386676,"INVENTORY_TDAYS":1.592378047478,"CURRENT_ASSETS_TDAYS":0.591792925398,"TOTAL_ASSETS_TDAYS":0.315116987356,"PREMIUM_EXPENSE":null,"LOAN_DEPOSIT":null,"LOAN_EQUITY":null,"LOAN_ASSETS":null,"DEPOSIT_EQUITY":null,"DEPOSIT_ASSETS":null,"EQUITY_MULTIPLIER":4.466469697892,"EQUITY_RATIO":3.687576964495}],"count":13},"success":true,"message":"ok","code":0}