{"version":"337dbf93108c9df8d36dadc80fb23f2a","result":{"pages":2,"data":[{"SECUCODE":"02482.HK","SECURITY_CODE":"02482","SECURITY_NAME_ABBR":"维天运通","ORG_CODE":"10000229343","STD_REPORT_DATE":"2024-06-30 00:00:00","REPORT_DATE":"2024-06-30 00:00:00","DATE_TYPE_CODE":"002","REPORT_TYPE":"2024年中报","PER_NETCASH_OPERATE":-0.055452561227,"PER_OI":2.336767228201,"BPS":0.487777212084,"BASIC_EPS":0.02,"DILUTED_EPS":0.02,"OPERATE_INCOME":3257164000,"OPERATE_INCOME_YOY":24.738109116,"GROSS_PROFIT":174209000,"GROSS_PROFIT_YOY":24.875632589279,"HOLDER_PROFIT":24037000,"HOLDER_PROFIT_YOY":191.8634869678,"GROSS_PROFIT_RATIO":5.348487211574,"EPS_TTM":0.014806911418,"OPERATE_INCOME_QOQ":11.501729990442,"NET_PROFIT_RATIO":0.6693860057,"ROE_AVG":3.607626188872,"GROSS_PROFIT_QOQ":11.077876806783,"ROA":0.942302264317,"HOLDER_PROFIT_QOQ":169.811256934109,"ROE_YEARLY":7.215252377743,"ROIC_YEARLY":2.411713521102,"TOTAL_ASSETS":2650998000,"TOTAL_LIABILITIES":1973390000,"TAX_EBT":13.613851578906,"OCF_SALES":-2.373045999526,"TOTAL_PARENT_EQUITY":679901000,"DEBT_ASSET_RATIO":74.4395129683,"OPERATE_PROFIT":29248000,"PRETAX_PROFIT":25239000,"NETCASH_OPERATE":-77294000,"NETCASH_INVEST":18625000,"NETCASH_FINANCE":140350000,"END_CASH":599542000,"DIVI_RATIO":null,"DIVIDEND_RATE":null,"CURRENT_RATIO":1.294721051401,"COMMON_ACS":null,"CURRENTDEBT_DEBT":99.077273118846,"ISSUED_COMMON_SHARES":1393876104,"HK_COMMON_SHARES":527431924,"PER_SHARES":1000,"TOTAL_MARKET_CAP":1031468316.96,"HKSK_MARKET_CAP":390299623.76,"PE_TTM":46.686457222579,"PB_TTM":1.384614088703,"REPORT_DATE_SQ":"2023-06-30 00:00:00","REPORT_TYPE_SQ":"2023年中报","OPERATE_INCOME_SQ":2611202000,"DPS_HKD":null,"OPERATE_INCOME_QOQ_SQ":-6.703099521909,"NET_PROFIT_RATIO_SQ":-1.0020672472,"HOLDER_PROFIT_SQ":-26166000,"HOLDER_PROFIT_QOQ_SQ":-2103.80473797559,"ROE_AVG_SQ":-4.3868605429,"PE_TTM_SQ":-40.226664831516,"PB_TTM_SQ":1.771385225266,"ROA_SQ":-1.203450018834,"START_DATE":"2024-01-01 00:00:00","FISCAL_YEAR":"12-31","CURRENCY":"HKD","IS_CNY_CODE":0,"DPS_HKD_LY":null,"ORG_TYPE":"一般企业","PREMIUM_INCOME":null,"PREMIUM_INCOME_YOY":null,"NET_INTEREST_INCOME":null,"NET_INTEREST_INCOME_YOY":null,"FEE_COMMISSION_INCOME":null,"FEE_COMMISSION_INCOME_YOY":null,"ACCOUNTS_RECE_TDAYS":21.822374680084,"INVENTORY_TDAYS":504.575286415712,"CURRENT_ASSETS_TDAYS":1.342089231461,"TOTAL_ASSETS_TDAYS":1.276878567396,"PREMIUM_EXPENSE":null,"LOAN_DEPOSIT":null,"LOAN_EQUITY":null,"LOAN_ASSETS":null,"DEPOSIT_EQUITY":null,"DEPOSIT_ASSETS":null,"EQUITY_MULTIPLIER":3.912288520793,"EQUITY_RATIO":2.902466682649},{"SECUCODE":"02482.HK","SECURITY_CODE":"02482","SECURITY_NAME_ABBR":"维天运通","ORG_CODE":"10000229343","STD_REPORT_DATE":"2023-12-31 00:00:00","REPORT_DATE":"2023-12-31 00:00:00","DATE_TYPE_CODE":"001","REPORT_TYPE":"2023年年报","PER_NETCASH_OPERATE":-0.176194282473,"PER_OI":4.029207462473,"BPS":0.468237455343,"BASIC_EPS":-0.02,"DILUTED_EPS":-0.02,"OPERATE_INCOME":5616216000,"OPERATE_INCOME_YOY":-9.4811759194,"GROSS_PROFIT":313264000,"GROSS_PROFIT_YOY":-8.339892382822,"HOLDER_PROFIT":-29564000,"HOLDER_PROFIT_YOY":-2222.3259152907,"GROSS_PROFIT_RATIO":5.577848145442,"EPS_TTM":-0.02120991953,"OPERATE_INCOME_QOQ":-2.977672766434,"NET_PROFIT_RATIO":-0.5274547845,"ROE_AVG":-4.89811607097,"GROSS_PROFIT_QOQ":-1.701361214487,"ROA":-1.278789691564,"HOLDER_PROFIT_QOQ":-5.914806720883,"ROE_YEARLY":-4.89811607097,"ROIC_YEARLY":-1.649210329823,"TOTAL_ASSETS":2450762000,"TOTAL_LIABILITIES":1798156000,"TAX_EBT":8.302120414796,"OCF_SALES":-4.372926539862,"TOTAL_PARENT_EQUITY":652665000,"DEBT_ASSET_RATIO":73.3713024765,"OPERATE_PROFIT":-28472000,"PRETAX_PROFIT":-32305000,"NETCASH_OPERATE":-245593000,"NETCASH_INVEST":27712000,"NETCASH_FINANCE":215028000,"END_CASH":517861000,"DIVI_RATIO":null,"DIVIDEND_RATE":null,"CURRENT_RATIO":1.307276811773,"COMMON_ACS":null,"CURRENTDEBT_DEBT":98.799047468629,"ISSUED_COMMON_SHARES":1393876104,"HK_COMMON_SHARES":527431924,"PER_SHARES":1000,"TOTAL_MARKET_CAP":1184794688.4,"HKSK_MARKET_CAP":448317135.4,"PE_TTM":53.626335998908,"PB_TTM":1.590435101888,"REPORT_DATE_SQ":"2022-12-31 00:00:00","REPORT_TYPE_SQ":"2022年年报","OPERATE_INCOME_SQ":6204473000,"DPS_HKD":null,"OPERATE_INCOME_QOQ_SQ":-2.000651699687,"NET_PROFIT_RATIO_SQ":0.0224515442,"HOLDER_PROFIT_SQ":1393000,"HOLDER_PROFIT_QOQ_SQ":161.176987263944,"ROE_AVG_SQ":0.255613214818,"PE_TTM_SQ":-54.854542952067,"PB_TTM_SQ":2.41552530718,"ROA_SQ":0.057608558324,"START_DATE":"2023-01-01 00:00:00","FISCAL_YEAR":"12-31","CURRENCY":"HKD","IS_CNY_CODE":0,"DPS_HKD_LY":null,"ORG_TYPE":"一般企业","PREMIUM_INCOME":null,"PREMIUM_INCOME_YOY":null,"NET_INTEREST_INCOME":null,"NET_INTEREST_INCOME_YOY":null,"FEE_COMMISSION_INCOME":null,"FEE_COMMISSION_INCOME_YOY":null,"ACCOUNTS_RECE_TDAYS":42.108776823069,"INVENTORY_TDAYS":1696.40179142674,"CURRENT_ASSETS_TDAYS":2.557392725463,"TOTAL_ASSETS_TDAYS":2.429292087132,"PREMIUM_EXPENSE":null,"LOAN_DEPOSIT":null,"LOAN_EQUITY":null,"LOAN_ASSETS":null,"DEPOSIT_EQUITY":null,"DEPOSIT_ASSETS":null,"EQUITY_MULTIPLIER":3.75534702408,"EQUITY_RATIO":2.755097944581},{"SECUCODE":"02482.HK","SECURITY_CODE":"02482","SECURITY_NAME_ABBR":"维天运通","ORG_CODE":"10000229343","STD_REPORT_DATE":"2023-06-30 00:00:00","REPORT_DATE":"2023-06-30 00:00:00","DATE_TYPE_CODE":"002","REPORT_TYPE":"2023年中报","PER_NETCASH_OPERATE":-0.092153097131,"PER_OI":1.873338665113,"BPS":0.458027078711,"BASIC_EPS":-0.02,"DILUTED_EPS":-0.02,"OPERATE_INCOME":2611202000,"OPERATE_INCOME_YOY":-13.7389853107,"GROSS_PROFIT":139506000,"GROSS_PROFIT_YOY":-14.19609193847,"HOLDER_PROFIT":-26166000,"HOLDER_PROFIT_YOY":-933.3121019108,"GROSS_PROFIT_RATIO":5.342597010879,"EPS_TTM":-0.020025452707,"OPERATE_INCOME_QOQ":-6.703099521909,"NET_PROFIT_RATIO":-1.0020672472,"ROE_AVG":-4.3868605429,"GROSS_PROFIT_QOQ":-6.753431431355,"ROA":-1.203450018834,"HOLDER_PROFIT_QOQ":-2103.80473797559,"ROE_YEARLY":-8.773721085801,"ROIC_YEARLY":-3.212378078705,"TOTAL_ASSETS":2175513000,"TOTAL_LIABILITIES":1537080000,"TAX_EBT":-3.874553394204,"OCF_SALES":-4.919190472434,"TOTAL_PARENT_EQUITY":638433000,"DEBT_ASSET_RATIO":70.6536803044,"OPERATE_PROFIT":-23803000,"PRETAX_PROFIT":-25190000,"NETCASH_OPERATE":-128450000,"NETCASH_INVEST":39121000,"NETCASH_FINANCE":138252000,"END_CASH":569637000,"DIVI_RATIO":null,"DIVIDEND_RATE":null,"CURRENT_RATIO":1.352182404742,"COMMON_ACS":null,"CURRENTDEBT_DEBT":99.964803393447,"ISSUED_COMMON_SHARES":1393876104,"HK_COMMON_SHARES":527431924,"PER_SHARES":1000,"TOTAL_MARKET_CAP":1184794688.4,"HKSK_MARKET_CAP":448317135.4,"PE_TTM":53.626335998908,"PB_TTM":1.590435101888,"REPORT_DATE_SQ":"2022-06-30 00:00:00","REPORT_TYPE_SQ":"2022年中报","OPERATE_INCOME_SQ":3027094000,"DPS_HKD":null,"OPERATE_INCOME_QOQ_SQ":48.07009408869,"NET_PROFIT_RATIO_SQ":0.1037298478,"HOLDER_PROFIT_SQ":3140000,"HOLDER_PROFIT_QOQ_SQ":-72.420384676021,"ROE_AVG_SQ":null,"PE_TTM_SQ":-54.854542952067,"PB_TTM_SQ":2.41552530718,"ROA_SQ":null,"START_DATE":"2023-01-01 00:00:00","FISCAL_YEAR":"12-31","CURRENCY":"HKD","IS_CNY_CODE":0,"DPS_HKD_LY":null,"ORG_TYPE":"一般企业","PREMIUM_INCOME":null,"PREMIUM_INCOME_YOY":null,"NET_INTEREST_INCOME":null,"NET_INTEREST_INCOME_YOY":null,"FEE_COMMISSION_INCOME":null,"FEE_COMMISSION_INCOME_YOY":null,"ACCOUNTS_RECE_TDAYS":24.020329690547,"INVENTORY_TDAYS":1464.70874074074,"CURRENT_ASSETS_TDAYS":1.259209821366,"TOTAL_ASSETS_TDAYS":1.20096732251,"PREMIUM_EXPENSE":null,"LOAN_DEPOSIT":null,"LOAN_EQUITY":null,"LOAN_ASSETS":null,"DEPOSIT_EQUITY":null,"DEPOSIT_ASSETS":null,"EQUITY_MULTIPLIER":3.407582314827,"EQUITY_RATIO":2.407582314824},{"SECUCODE":"02482.HK","SECURITY_CODE":"02482","SECURITY_NAME_ABBR":"维天运通","ORG_CODE":"10000229343","STD_REPORT_DATE":"2022-12-31 00:00:00","REPORT_DATE":"2022-12-31 00:00:00","DATE_TYPE_CODE":"001","REPORT_TYPE":"2022年年报","PER_NETCASH_OPERATE":-0.04176217468,"PER_OI":4.593619324307,"BPS":0.397806518391,"BASIC_EPS":null,"DILUTED_EPS":null,"OPERATE_INCOME":6204473000,"OPERATE_INCOME_YOY":-1.4732938981,"GROSS_PROFIT":341767000,"GROSS_PROFIT_YOY":-14.528548670663,"HOLDER_PROFIT":1393000,"HOLDER_PROFIT_YOY":-97.2548478638,"GROSS_PROFIT_RATIO":5.508396925895,"EPS_TTM":0.001031338474,"OPERATE_INCOME_QOQ":-2.000651699687,"NET_PROFIT_RATIO":0.0224515442,"ROE_AVG":0.255613214818,"GROSS_PROFIT_QOQ":-6.297431566942,"ROA":0.057608558324,"HOLDER_PROFIT_QOQ":161.176987263944,"ROE_YEARLY":0.255613214818,"ROIC_YEARLY":0.07767943154,"TOTAL_ASSETS":2172985000,"TOTAL_LIABILITIES":1618492000,"TAX_EBT":-11508.3333333333,"OCF_SALES":-0.909134426083,"TOTAL_PARENT_EQUITY":554493000,"DEBT_ASSET_RATIO":74.4824285487,"OPERATE_PROFIT":5387000,"PRETAX_PROFIT":12000,"NETCASH_OPERATE":-56407000,"NETCASH_INVEST":-53542000,"NETCASH_FINANCE":-98175000,"END_CASH":520714000,"DIVI_RATIO":null,"DIVIDEND_RATE":null,"CURRENT_RATIO":1.279268493188,"COMMON_ACS":null,"CURRENTDEBT_DEBT":99.961322020745,"ISSUED_COMMON_SHARES":1393876104,"HK_COMMON_SHARES":527431924,"PER_SHARES":1000,"TOTAL_MARKET_CAP":1184794688.4,"HKSK_MARKET_CAP":448317135.4,"PE_TTM":53.626335998908,"PB_TTM":1.590435101888,"REPORT_DATE_SQ":"2021-12-31 00:00:00","REPORT_TYPE_SQ":"2021年年报","OPERATE_INCOME_SQ":6297250000,"DPS_HKD":null,"OPERATE_INCOME_QOQ_SQ":35.001233764104,"NET_PROFIT_RATIO_SQ":0.8058120608,"HOLDER_PROFIT_SQ":50744000,"HOLDER_PROFIT_QOQ_SQ":-18.244506025649,"ROE_AVG_SQ":12.100790638723,"PE_TTM_SQ":-54.854542952067,"PB_TTM_SQ":2.41552530718,"ROA_SQ":2.042047818543,"START_DATE":"2022-01-01 00:00:00","FISCAL_YEAR":"12-31","CURRENCY":"HKD","IS_CNY_CODE":0,"DPS_HKD_LY":null,"ORG_TYPE":"一般企业","PREMIUM_INCOME":null,"PREMIUM_INCOME_YOY":null,"NET_INTEREST_INCOME":null,"NET_INTEREST_INCOME_YOY":null,"FEE_COMMISSION_INCOME":null,"FEE_COMMISSION_INCOME_YOY":null,"ACCOUNTS_RECE_TDAYS":41.331603542629,"INVENTORY_TDAYS":2110.02555335613,"CURRENT_ASSETS_TDAYS":2.680817370925,"TOTAL_ASSETS_TDAYS":2.565906279188,"PREMIUM_EXPENSE":null,"LOAN_DEPOSIT":null,"LOAN_EQUITY":null,"LOAN_ASSETS":null,"DEPOSIT_EQUITY":null,"DEPOSIT_ASSETS":null,"EQUITY_MULTIPLIER":3.918868227364,"EQUITY_RATIO":2.918868227372},{"SECUCODE":"02482.HK","SECURITY_CODE":"02482","SECURITY_NAME_ABBR":"维天运通","ORG_CODE":"10000229343","STD_REPORT_DATE":"2022-09-30 00:00:00","REPORT_DATE":"2022-09-30 00:00:00","DATE_TYPE_CODE":"004","REPORT_TYPE":"2022年三季报","PER_NETCASH_OPERATE":-0.016082364926,"PER_OI":3.487590621557,"BPS":0.396592637189,"BASIC_EPS":null,"DILUTED_EPS":null,"OPERATE_INCOME":4710591000,"OPERATE_INCOME_YOY":0.7245915072,"GROSS_PROFIT":259083000,"GROSS_PROFIT_YOY":-11.93883239069,"HOLDER_PROFIT":3699000,"HOLDER_PROFIT_YOY":-93.4784908322,"GROSS_PROFIT_RATIO":5.500010508236,"EPS_TTM":-0.001685827499,"OPERATE_INCOME_QOQ":-32.100992841963,"NET_PROFIT_RATIO":0.0785251787,"ROE_AVG":0.679815775255,"GROSS_PROFIT_QOQ":-35.152049611697,"ROA":0.158397881862,"HOLDER_PROFIT_QOQ":-116.270096463023,"ROE_YEARLY":0.906421033673,"ROIC_YEARLY":0.21550022823,"TOTAL_ASSETS":2007415000,"TOTAL_LIABILITIES":1454614000,"TAX_EBT":29.042777671207,"OCF_SALES":-0.461131097987,"TOTAL_PARENT_EQUITY":552801000,"DEBT_ASSET_RATIO":72.4620469609,"OPERATE_PROFIT":9898000,"PRETAX_PROFIT":5213000,"NETCASH_OPERATE":-21722000,"NETCASH_INVEST":-113808000,"NETCASH_FINANCE":-84572000,"END_CASH":508736000,"DIVI_RATIO":null,"DIVIDEND_RATE":null,"CURRENT_RATIO":1.307615854183,"COMMON_ACS":null,"CURRENTDEBT_DEBT":99.949196144132,"ISSUED_COMMON_SHARES":1393876104,"HK_COMMON_SHARES":527431924,"PER_SHARES":1000,"TOTAL_MARKET_CAP":1184794688.4,"HKSK_MARKET_CAP":448317135.4,"PE_TTM":53.626335998908,"PB_TTM":1.590435101888,"REPORT_DATE_SQ":"2021-09-30 00:00:00","REPORT_TYPE_SQ":"2021年三季报","OPERATE_INCOME_SQ":4676704000,"DPS_HKD":null,"OPERATE_INCOME_QOQ_SQ":0,"NET_PROFIT_RATIO_SQ":1.2128199689,"HOLDER_PROFIT_SQ":56720000,"HOLDER_PROFIT_QOQ_SQ":0,"ROE_AVG_SQ":null,"PE_TTM_SQ":-54.854542952067,"PB_TTM_SQ":2.41552530718,"ROA_SQ":null,"START_DATE":"2022-01-01 00:00:00","FISCAL_YEAR":"12-31","CURRENCY":"HKD","IS_CNY_CODE":0,"DPS_HKD_LY":null,"ORG_TYPE":"一般企业","PREMIUM_INCOME":null,"PREMIUM_INCOME_YOY":null,"NET_INTEREST_INCOME":null,"NET_INTEREST_INCOME_YOY":null,"FEE_COMMISSION_INCOME":null,"FEE_COMMISSION_INCOME_YOY":null,"ACCOUNTS_RECE_TDAYS":34.984615384615,"INVENTORY_TDAYS":1211.29469387755,"CURRENT_ASSETS_TDAYS":2.112269873865,"TOTAL_ASSETS_TDAYS":2.017160412862,"PREMIUM_EXPENSE":null,"LOAN_DEPOSIT":null,"LOAN_EQUITY":null,"LOAN_ASSETS":null,"DEPOSIT_EQUITY":null,"DEPOSIT_ASSETS":null,"EQUITY_MULTIPLIER":3.631351969335,"EQUITY_RATIO":2.631351969334},{"SECUCODE":"02482.HK","SECURITY_CODE":"02482","SECURITY_NAME_ABBR":"维天运通","ORG_CODE":"10000229343","STD_REPORT_DATE":"2022-06-30 00:00:00","REPORT_DATE":"2022-06-30 00:00:00","DATE_TYPE_CODE":"002","REPORT_TYPE":"2022年中报","PER_NETCASH_OPERATE":null,"PER_OI":null,"BPS":null,"BASIC_EPS":null,"DILUTED_EPS":null,"OPERATE_INCOME":3027094000,"OPERATE_INCOME_YOY":null,"GROSS_PROFIT":162587000,"GROSS_PROFIT_YOY":null,"HOLDER_PROFIT":3140000,"HOLDER_PROFIT_YOY":-92.1281556319,"GROSS_PROFIT_RATIO":5.371058843895,"EPS_TTM":null,"OPERATE_INCOME_QOQ":48.07009408869,"NET_PROFIT_RATIO":0.1037298478,"ROE_AVG":null,"GROSS_PROFIT_QOQ":40.66087965568,"ROA":null,"HOLDER_PROFIT_QOQ":-72.420384676021,"ROE_YEARLY":null,"ROIC_YEARLY":null,"TOTAL_ASSETS":null,"TOTAL_LIABILITIES":null,"TAX_EBT":59.954087488841,"OCF_SALES":-3.170565565523,"TOTAL_PARENT_EQUITY":null,"DEBT_ASSET_RATIO":null,"OPERATE_PROFIT":11736000,"PRETAX_PROFIT":7841000,"NETCASH_OPERATE":-95976000,"NETCASH_INVEST":-38162000,"NETCASH_FINANCE":-85453000,"END_CASH":509247000,"DIVI_RATIO":null,"DIVIDEND_RATE":null,"CURRENT_RATIO":null,"COMMON_ACS":null,"CURRENTDEBT_DEBT":null,"ISSUED_COMMON_SHARES":1393876104,"HK_COMMON_SHARES":527431924,"PER_SHARES":1000,"TOTAL_MARKET_CAP":1184794688.4,"HKSK_MARKET_CAP":448317135.4,"PE_TTM":53.626335998908,"PB_TTM":1.590435101888,"REPORT_DATE_SQ":"2021-06-30 00:00:00","REPORT_TYPE_SQ":"2021年中报","OPERATE_INCOME_SQ":null,"DPS_HKD":null,"OPERATE_INCOME_QOQ_SQ":0,"NET_PROFIT_RATIO_SQ":null,"HOLDER_PROFIT_SQ":39889000,"HOLDER_PROFIT_QOQ_SQ":138.082086689682,"ROE_AVG_SQ":9.789288203477,"PE_TTM_SQ":-54.854542952067,"PB_TTM_SQ":2.41552530718,"ROA_SQ":1.671711823016,"START_DATE":"2022-01-01 00:00:00","FISCAL_YEAR":"12-31","CURRENCY":"HKD","IS_CNY_CODE":0,"DPS_HKD_LY":null,"ORG_TYPE":"一般企业","PREMIUM_INCOME":null,"PREMIUM_INCOME_YOY":null,"NET_INTEREST_INCOME":null,"NET_INTEREST_INCOME_YOY":null,"FEE_COMMISSION_INCOME":null,"FEE_COMMISSION_INCOME_YOY":null,"ACCOUNTS_RECE_TDAYS":null,"INVENTORY_TDAYS":null,"CURRENT_ASSETS_TDAYS":2.365742424994,"TOTAL_ASSETS_TDAYS":2.273359413196,"PREMIUM_EXPENSE":null,"LOAN_DEPOSIT":null,"LOAN_EQUITY":null,"LOAN_ASSETS":null,"DEPOSIT_EQUITY":null,"DEPOSIT_ASSETS":null,"EQUITY_MULTIPLIER":null,"EQUITY_RATIO":null},{"SECUCODE":"02482.HK","SECURITY_CODE":"02482","SECURITY_NAME_ABBR":"维天运通","ORG_CODE":"10000229343","STD_REPORT_DATE":"2021-12-31 00:00:00","REPORT_DATE":"2021-12-31 00:00:00","DATE_TYPE_CODE":"001","REPORT_TYPE":"2021年年报","PER_NETCASH_OPERATE":0.096547496357,"PER_OI":4.662308835898,"BPS":0.384133854123,"BASIC_EPS":0.04,"DILUTED_EPS":0.04,"OPERATE_INCOME":6297250000,"OPERATE_INCOME_YOY":35.0012337641,"GROSS_PROFIT":399861000,"GROSS_PROFIT_YOY":32.8627250314,"HOLDER_PROFIT":50744000,"HOLDER_PROFIT_YOY":94.6451860376,"GROSS_PROFIT_RATIO":6.349771725753,"EPS_TTM":0.037569446912,"OPERATE_INCOME_QOQ":35.001233764104,"NET_PROFIT_RATIO":0.8058120608,"ROE_AVG":12.100790638723,"GROSS_PROFIT_QOQ":32.8627250314,"ROA":2.042047818543,"HOLDER_PROFIT_QOQ":-18.244506025649,"ROE_YEARLY":12.100790638723,"ROIC_YEARLY":2.657156673747,"TOTAL_ASSETS":2663102000,"TOTAL_LIABILITIES":2127667000,"TAX_EBT":12.386477433613,"OCF_SALES":2.070808686331,"TOTAL_PARENT_EQUITY":535435000,"DEBT_ASSET_RATIO":79.8943112205,"OPERATE_PROFIT":63621000,"PRETAX_PROFIT":57918000,"NETCASH_OPERATE":130404000,"NETCASH_INVEST":-7910000,"NETCASH_FINANCE":184690000,"END_CASH":728838000,"DIVI_RATIO":null,"DIVIDEND_RATE":null,"CURRENT_RATIO":1.203181551047,"COMMON_ACS":null,"CURRENTDEBT_DEBT":99.966301117609,"ISSUED_COMMON_SHARES":1393876104,"HK_COMMON_SHARES":527431924,"PER_SHARES":1000,"TOTAL_MARKET_CAP":1184794688.4,"HKSK_MARKET_CAP":448317135.4,"PE_TTM":53.626335998908,"PB_TTM":1.590435101888,"REPORT_DATE_SQ":"2020-12-31 00:00:00","REPORT_TYPE_SQ":"2020年年报","OPERATE_INCOME_SQ":4664587000,"DPS_HKD":null,"OPERATE_INCOME_QOQ_SQ":31.007779152725,"NET_PROFIT_RATIO_SQ":0.5588919233,"HOLDER_PROFIT_SQ":26070000,"HOLDER_PROFIT_QOQ_SQ":841.467576791809,"ROE_AVG_SQ":10.623839864054,"PE_TTM_SQ":-54.854542952067,"PB_TTM_SQ":2.41552530718,"ROA_SQ":1.26317350175,"START_DATE":"2021-01-01 00:00:00","FISCAL_YEAR":"12-31","CURRENCY":"HKD","IS_CNY_CODE":0,"DPS_HKD_LY":null,"ORG_TYPE":"一般企业","PREMIUM_INCOME":null,"PREMIUM_INCOME_YOY":null,"NET_INTEREST_INCOME":null,"NET_INTEREST_INCOME_YOY":null,"FEE_COMMISSION_INCOME":null,"FEE_COMMISSION_INCOME_YOY":null,"ACCOUNTS_RECE_TDAYS":34.44348118592,"INVENTORY_TDAYS":3188.63963233306,"CURRENT_ASSETS_TDAYS":2.645983963797,"TOTAL_ASSETS_TDAYS":2.534148988121,"PREMIUM_EXPENSE":null,"LOAN_DEPOSIT":null,"LOAN_EQUITY":null,"LOAN_ASSETS":null,"DEPOSIT_EQUITY":null,"DEPOSIT_ASSETS":null,"EQUITY_MULTIPLIER":4.973716697632,"EQUITY_RATIO":3.973716697638},{"SECUCODE":"02482.HK","SECURITY_CODE":"02482","SECURITY_NAME_ABBR":"维天运通","ORG_CODE":"10000229343","STD_REPORT_DATE":"2021-09-30 00:00:00","REPORT_DATE":"2021-09-30 00:00:00","DATE_TYPE_CODE":"004","REPORT_TYPE":"2021年三季报","PER_NETCASH_OPERATE":null,"PER_OI":null,"BPS":null,"BASIC_EPS":0.04,"DILUTED_EPS":0.04,"OPERATE_INCOME":4676704000,"OPERATE_INCOME_YOY":null,"GROSS_PROFIT":294208000,"GROSS_PROFIT_YOY":null,"HOLDER_PROFIT":56720000,"HOLDER_PROFIT_YOY":null,"GROSS_PROFIT_RATIO":6.290926259177,"EPS_TTM":0.045953421704,"OPERATE_INCOME_QOQ":0,"NET_PROFIT_RATIO":1.2128199689,"ROE_AVG":null,"GROSS_PROFIT_QOQ":0,"ROA":null,"HOLDER_PROFIT_QOQ":0,"ROE_YEARLY":null,"ROIC_YEARLY":null,"TOTAL_ASSETS":null,"TOTAL_LIABILITIES":null,"TAX_EBT":18.469433224568,"OCF_SALES":2.369125777471,"TOTAL_PARENT_EQUITY":null,"DEBT_ASSET_RATIO":null,"OPERATE_PROFIT":72716000,"PRETAX_PROFIT":69569000,"NETCASH_OPERATE":110797000,"NETCASH_INVEST":-147866000,"NETCASH_FINANCE":132313000,"END_CASH":516898000,"DIVI_RATIO":null,"DIVIDEND_RATE":null,"CURRENT_RATIO":null,"COMMON_ACS":null,"CURRENTDEBT_DEBT":null,"ISSUED_COMMON_SHARES":1393876104,"HK_COMMON_SHARES":527431924,"PER_SHARES":1000,"TOTAL_MARKET_CAP":1184794688.4,"HKSK_MARKET_CAP":448317135.4,"PE_TTM":53.626335998908,"PB_TTM":1.590435101888,"REPORT_DATE_SQ":"2020-09-30 00:00:00","REPORT_TYPE_SQ":"2020年三季报","OPERATE_INCOME_SQ":null,"DPS_HKD":null,"OPERATE_INCOME_QOQ_SQ":0,"NET_PROFIT_RATIO_SQ":null,"HOLDER_PROFIT_SQ":null,"HOLDER_PROFIT_QOQ_SQ":0,"ROE_AVG_SQ":null,"PE_TTM_SQ":-54.854542952067,"PB_TTM_SQ":2.41552530718,"ROA_SQ":null,"START_DATE":"2021-01-01 00:00:00","FISCAL_YEAR":"12-31","CURRENCY":"HKD","IS_CNY_CODE":0,"DPS_HKD_LY":null,"ORG_TYPE":"一般企业","PREMIUM_INCOME":null,"PREMIUM_INCOME_YOY":null,"NET_INTEREST_INCOME":null,"NET_INTEREST_INCOME_YOY":null,"FEE_COMMISSION_INCOME":null,"FEE_COMMISSION_INCOME_YOY":null,"ACCOUNTS_RECE_TDAYS":null,"INVENTORY_TDAYS":null,"CURRENT_ASSETS_TDAYS":4.25010405553,"TOTAL_ASSETS_TDAYS":4.054691953524,"PREMIUM_EXPENSE":null,"LOAN_DEPOSIT":null,"LOAN_EQUITY":null,"LOAN_ASSETS":null,"DEPOSIT_EQUITY":null,"DEPOSIT_ASSETS":null,"EQUITY_MULTIPLIER":null,"EQUITY_RATIO":null},{"SECUCODE":"02482.HK","SECURITY_CODE":"02482","SECURITY_NAME_ABBR":"维天运通","ORG_CODE":"10000229343","STD_REPORT_DATE":"2021-06-30 00:00:00","REPORT_DATE":"2021-06-30 00:00:00","DATE_TYPE_CODE":"002","REPORT_TYPE":"2021年中报","PER_NETCASH_OPERATE":0.022716099838,"PER_OI":null,"BPS":0.367104363531,"BASIC_EPS":0.03,"DILUTED_EPS":0.03,"OPERATE_INCOME":null,"OPERATE_INCOME_YOY":null,"GROSS_PROFIT":null,"GROSS_PROFIT_YOY":null,"HOLDER_PROFIT":39889000,"HOLDER_PROFIT_YOY":925.1606270882,"GROSS_PROFIT_RATIO":null,"EPS_TTM":0.045953421704,"OPERATE_INCOME_QOQ":0,"NET_PROFIT_RATIO":null,"ROE_AVG":9.789288203477,"GROSS_PROFIT_QOQ":0,"ROA":1.671711823016,"HOLDER_PROFIT_QOQ":138.082086689682,"ROE_YEARLY":19.578576406954,"ROIC_YEARLY":4.118915631362,"TOTAL_ASSETS":2465423000,"TOTAL_LIABILITIES":1953725000,"TAX_EBT":19.85010448481,"OCF_SALES":null,"TOTAL_PARENT_EQUITY":511698000,"DEBT_ASSET_RATIO":79.245022051,"OPERATE_PROFIT":null,"PRETAX_PROFIT":49768000,"NETCASH_OPERATE":30682000,"NETCASH_INVEST":-127998000,"NETCASH_FINANCE":152504000,"END_CASH":476842000,"DIVI_RATIO":null,"DIVIDEND_RATE":null,"CURRENT_RATIO":1.211667448573,"COMMON_ACS":null,"CURRENTDEBT_DEBT":99.936889787457,"ISSUED_COMMON_SHARES":1393876104,"HK_COMMON_SHARES":527431924,"PER_SHARES":1000,"TOTAL_MARKET_CAP":1184794688.4,"HKSK_MARKET_CAP":448317135.4,"PE_TTM":53.626335998908,"PB_TTM":1.590435101888,"REPORT_DATE_SQ":"2020-06-30 00:00:00","REPORT_TYPE_SQ":"2020年中报","OPERATE_INCOME_SQ":null,"DPS_HKD":null,"OPERATE_INCOME_QOQ_SQ":0,"NET_PROFIT_RATIO_SQ":null,"HOLDER_PROFIT_SQ":3891000,"HOLDER_PROFIT_QOQ_SQ":0,"ROE_AVG_SQ":null,"PE_TTM_SQ":-54.854542952067,"PB_TTM_SQ":2.41552530718,"ROA_SQ":null,"START_DATE":"2021-01-01 00:00:00","FISCAL_YEAR":"12-31","CURRENCY":"HKD","IS_CNY_CODE":0,"DPS_HKD_LY":null,"ORG_TYPE":"一般企业","PREMIUM_INCOME":null,"PREMIUM_INCOME_YOY":null,"NET_INTEREST_INCOME":null,"NET_INTEREST_INCOME_YOY":null,"FEE_COMMISSION_INCOME":null,"FEE_COMMISSION_INCOME_YOY":null,"ACCOUNTS_RECE_TDAYS":null,"INVENTORY_TDAYS":null,"CURRENT_ASSETS_TDAYS":null,"TOTAL_ASSETS_TDAYS":null,"PREMIUM_EXPENSE":null,"LOAN_DEPOSIT":null,"LOAN_EQUITY":null,"LOAN_ASSETS":null,"DEPOSIT_EQUITY":null,"DEPOSIT_ASSETS":null,"EQUITY_MULTIPLIER":4.818121235577,"EQUITY_RATIO":3.818121235573}],"count":13},"success":true,"message":"ok","code":0}