{"version":"bd7ccfb254e95d328a18baf91dc0466d","result":{"pages":2,"data":[{"SECUCODE":"02486.HK","SECURITY_CODE":"02486","SECURITY_NAME_ABBR":"普乐师集团控股","ORG_CODE":"10000389230","STD_REPORT_DATE":"2024-06-30 00:00:00","REPORT_DATE":"2024-06-30 00:00:00","DATE_TYPE_CODE":"002","REPORT_TYPE":"2024年中报","PER_NETCASH_OPERATE":-0.49708455052,"PER_OI":2.838375235498,"BPS":4.357414113783,"BASIC_EPS":-0.03,"DILUTED_EPS":-0.03,"OPERATE_INCOME":342597000,"OPERATE_INCOME_YOY":-18.8301103598,"GROSS_PROFIT":48856000,"GROSS_PROFIT_YOY":-37.352054882349,"HOLDER_PROFIT":-3493000,"HOLDER_PROFIT_YOY":-114.2443520104,"GROSS_PROFIT_RATIO":14.260486811035,"EPS_TTM":-0.136808233183,"OPERATE_INCOME_QOQ":-10.948029335434,"NET_PROFIT_RATIO":-1.0995426113,"ROE_AVG":-0.689760716419,"GROSS_PROFIT_QOQ":-30.706710800953,"ROA":-0.498208915415,"HOLDER_PROFIT_QOQ":-243.566336289341,"ROE_YEARLY":-1.379521432838,"ROIC_YEARLY":-1.360936486384,"TOTAL_ASSETS":703932000,"TOTAL_LIABILITIES":198240000,"TAX_EBT":18.498485504111,"OCF_SALES":-17.512996319291,"TOTAL_PARENT_EQUITY":504633000,"DEBT_ASSET_RATIO":28.161811084,"OPERATE_PROFIT":-5043000,"PRETAX_PROFIT":-4622000,"NETCASH_OPERATE":-59999000,"NETCASH_INVEST":38329000,"NETCASH_FINANCE":13718000,"END_CASH":183542000,"DIVI_RATIO":null,"DIVIDEND_RATE":null,"CURRENT_RATIO":3.519120585597,"COMMON_ACS":250000000,"CURRENTDEBT_DEBT":98.958837772397,"ISSUED_COMMON_SHARES":115810200,"HK_COMMON_SHARES":115810200,"PER_SHARES":200,"TOTAL_MARKET_CAP":636956100,"HKSK_MARKET_CAP":636956100,"PE_TTM":-35.921249041065,"PB_TTM":1.151999756948,"REPORT_DATE_SQ":"2023-06-30 00:00:00","REPORT_TYPE_SQ":"2023年中报","OPERATE_INCOME_SQ":422074000,"DPS_HKD":null,"OPERATE_INCOME_QOQ_SQ":24.45519405931,"NET_PROFIT_RATIO_SQ":5.8098816795,"HOLDER_PROFIT_SQ":24522000,"HOLDER_PROFIT_QOQ_SQ":-18.38639899814,"ROE_AVG_SQ":5.228426504169,"PE_TTM_SQ":8.008291992548,"PB_TTM_SQ":0.569064525152,"ROA_SQ":3.330135197622,"START_DATE":"2024-01-01 00:00:00","FISCAL_YEAR":"12-31","CURRENCY":"HKD","IS_CNY_CODE":0,"DPS_HKD_LY":null,"ORG_TYPE":"一般企业","PREMIUM_INCOME":null,"PREMIUM_INCOME_YOY":null,"NET_INTEREST_INCOME":null,"NET_INTEREST_INCOME_YOY":null,"FEE_COMMISSION_INCOME":null,"FEE_COMMISSION_INCOME_YOY":null,"ACCOUNTS_RECE_TDAYS":1.311391135592,"INVENTORY_TDAYS":null,"CURRENT_ASSETS_TDAYS":0.496032142469,"TOTAL_ASSETS_TDAYS":0.488648381891,"PREMIUM_EXPENSE":null,"LOAN_DEPOSIT":null,"LOAN_EQUITY":null,"LOAN_ASSETS":null,"DEPOSIT_EQUITY":null,"DEPOSIT_ASSETS":null,"EQUITY_MULTIPLIER":1.392017275337,"EQUITY_RATIO":0.392839945069},{"SECUCODE":"02486.HK","SECURITY_CODE":"02486","SECURITY_NAME_ABBR":"普乐师集团控股","ORG_CODE":"10000389230","STD_REPORT_DATE":"2023-12-31 00:00:00","REPORT_DATE":"2023-12-31 00:00:00","DATE_TYPE_CODE":"001","REPORT_TYPE":"2023年年报","PER_NETCASH_OPERATE":0.078945434679,"PER_OI":5.798288184383,"BPS":4.388059082879,"BASIC_EPS":0.1,"DILUTED_EPS":0.1,"OPERATE_INCOME":725948000,"OPERATE_INCOME_YOY":17.4464092152,"GROSS_PROFIT":94862000,"GROSS_PROFIT_YOY":-45.345601410406,"HOLDER_PROFIT":11502000,"HOLDER_PROFIT_YOY":-78.175401313,"GROSS_PROFIT_RATIO":13.067327136379,"EPS_TTM":0.091868716074,"OPERATE_INCOME_QOQ":-5.631572789788,"NET_PROFIT_RATIO":1.5844110046,"ROE_AVG":2.691546270166,"GROSS_PROFIT_QOQ":-41.27137426792,"ROA":1.735604719119,"HOLDER_PROFIT_QOQ":-73.258625499861,"ROE_YEARLY":2.691546270166,"ROIC_YEARLY":2.14642211662,"TOTAL_ASSETS":698291000,"TOTAL_LIABILITIES":190109000,"TAX_EBT":39.488636363636,"OCF_SALES":1.361530026944,"TOTAL_PARENT_EQUITY":508182000,"DEBT_ASSET_RATIO":27.2248962109,"OPERATE_PROFIT":17376000,"PRETAX_PROFIT":19008000,"NETCASH_OPERATE":9884000,"NETCASH_INVEST":-32172000,"NETCASH_FINANCE":143118000,"END_CASH":190976000,"DIVI_RATIO":null,"DIVIDEND_RATE":null,"CURRENT_RATIO":3.634763077053,"COMMON_ACS":250000000,"CURRENTDEBT_DEBT":99.997369929882,"ISSUED_COMMON_SHARES":115810200,"HK_COMMON_SHARES":115810200,"PER_SHARES":200,"TOTAL_MARKET_CAP":630007488,"HKSK_MARKET_CAP":630007488,"PE_TTM":-35.529380869708,"PB_TTM":1.139432486872,"REPORT_DATE_SQ":"2022-12-31 00:00:00","REPORT_TYPE_SQ":"2022年年报","OPERATE_INCOME_SQ":618110000,"DPS_HKD":null,"OPERATE_INCOME_QOQ_SQ":15.39825850584,"NET_PROFIT_RATIO_SQ":8.5263140865,"HOLDER_PROFIT_SQ":52702000,"HOLDER_PROFIT_QOQ_SQ":15.420161625895,"ROE_AVG_SQ":15.696213841629,"PE_TTM_SQ":8.03498629919,"PB_TTM_SQ":0.570961406902,"ROA_SQ":8.379788780095,"START_DATE":"2023-01-01 00:00:00","FISCAL_YEAR":"12-31","CURRENCY":"HKD","IS_CNY_CODE":0,"DPS_HKD_LY":0.04,"ORG_TYPE":"一般企业","PREMIUM_INCOME":null,"PREMIUM_INCOME_YOY":null,"NET_INTEREST_INCOME":null,"NET_INTEREST_INCOME_YOY":null,"FEE_COMMISSION_INCOME":null,"FEE_COMMISSION_INCOME_YOY":null,"ACCOUNTS_RECE_TDAYS":2.337063459359,"INVENTORY_TDAYS":null,"CURRENT_ASSETS_TDAYS":1.108770375688,"TOTAL_ASSETS_TDAYS":1.095425816932,"PREMIUM_EXPENSE":null,"LOAN_DEPOSIT":null,"LOAN_EQUITY":null,"LOAN_ASSETS":null,"DEPOSIT_EQUITY":null,"DEPOSIT_ASSETS":null,"EQUITY_MULTIPLIER":1.374096288338,"EQUITY_RATIO":0.374096288338},{"SECUCODE":"02486.HK","SECURITY_CODE":"02486","SECURITY_NAME_ABBR":"普乐师集团控股","ORG_CODE":"10000389230","STD_REPORT_DATE":"2023-06-30 00:00:00","REPORT_DATE":"2023-06-30 00:00:00","DATE_TYPE_CODE":"002","REPORT_TYPE":"2023年中报","PER_NETCASH_OPERATE":0.053314526152,"PER_OI":3.371187312501,"BPS":5.107771163507,"BASIC_EPS":0.24,"DILUTED_EPS":0.24,"OPERATE_INCOME":422074000,"OPERATE_INCOME_YOY":55.7963043623,"GROSS_PROFIT":77985000,"GROSS_PROFIT_YOY":-13.37502499278,"HOLDER_PROFIT":24522000,"HOLDER_PROFIT_YOY":-28.3233952999,"GROSS_PROFIT_RATIO":18.476617844264,"EPS_TTM":0.34354522829,"OPERATE_INCOME_QOQ":24.45519405931,"NET_PROFIT_RATIO":5.8098816795,"ROE_AVG":5.228426504169,"GROSS_PROFIT_QOQ":-6.937378649167,"ROA":3.330135197622,"HOLDER_PROFIT_QOQ":-18.38639899814,"ROE_YEARLY":10.456853008339,"ROIC_YEARLY":8.578790216359,"TOTAL_ASSETS":845607000,"TOTAL_LIABILITIES":254075000,"TAX_EBT":27.245215843347,"OCF_SALES":1.581476234025,"TOTAL_PARENT_EQUITY":591532000,"DEBT_ASSET_RATIO":30.0464636646,"OPERATE_PROFIT":33724000,"PRETAX_PROFIT":33705000,"NETCASH_OPERATE":6675000,"NETCASH_INVEST":-1679000,"NETCASH_FINANCE":189304000,"END_CASH":266651000,"DIVI_RATIO":null,"DIVIDEND_RATE":null,"CURRENT_RATIO":3.293867731368,"COMMON_ACS":250000000,"CURRENTDEBT_DEBT":99.957886450851,"ISSUED_COMMON_SHARES":115810200,"HK_COMMON_SHARES":115810200,"PER_SHARES":200,"TOTAL_MARKET_CAP":630007488,"HKSK_MARKET_CAP":630007488,"PE_TTM":-35.529380869708,"PB_TTM":1.139432486872,"REPORT_DATE_SQ":"2022-06-30 00:00:00","REPORT_TYPE_SQ":"2022年中报","OPERATE_INCOME_SQ":270914000,"DPS_HKD":null,"OPERATE_INCOME_QOQ_SQ":0,"NET_PROFIT_RATIO_SQ":12.6283617679,"HOLDER_PROFIT_SQ":34212000,"HOLDER_PROFIT_QOQ_SQ":0,"ROE_AVG_SQ":null,"PE_TTM_SQ":8.03498629919,"PB_TTM_SQ":0.570961406902,"ROA_SQ":null,"START_DATE":"2023-01-01 00:00:00","FISCAL_YEAR":"12-31","CURRENCY":"HKD","IS_CNY_CODE":0,"DPS_HKD_LY":0.04,"ORG_TYPE":"一般企业","PREMIUM_INCOME":null,"PREMIUM_INCOME_YOY":null,"NET_INTEREST_INCOME":null,"NET_INTEREST_INCOME_YOY":null,"FEE_COMMISSION_INCOME":null,"FEE_COMMISSION_INCOME_YOY":null,"ACCOUNTS_RECE_TDAYS":1.296371717023,"INVENTORY_TDAYS":null,"CURRENT_ASSETS_TDAYS":0.580162870725,"TOTAL_ASSETS_TDAYS":0.573184684529,"PREMIUM_EXPENSE":null,"LOAN_DEPOSIT":null,"LOAN_EQUITY":null,"LOAN_ASSETS":null,"DEPOSIT_EQUITY":null,"DEPOSIT_ASSETS":null,"EQUITY_MULTIPLIER":1.429520296451,"EQUITY_RATIO":0.429520296451},{"SECUCODE":"02486.HK","SECURITY_CODE":"02486","SECURITY_NAME_ABBR":"普乐师集团控股","ORG_CODE":"10000389230","STD_REPORT_DATE":"2022-12-31 00:00:00","REPORT_DATE":"2022-12-31 00:00:00","DATE_TYPE_CODE":"001","REPORT_TYPE":"2022年年报","PER_NETCASH_OPERATE":0.767209621231,"PER_OI":6.622906009231,"BPS":2.991912629458,"BASIC_EPS":0.53,"DILUTED_EPS":0.53,"OPERATE_INCOME":618110000,"OPERATE_INCOME_YOY":48.4809831631,"GROSS_PROFIT":173567000,"GROSS_PROFIT_YOY":1.948910125757,"HOLDER_PROFIT":52702000,"HOLDER_PROFIT_YOY":-10.1629619528,"GROSS_PROFIT_RATIO":28.080276973354,"EPS_TTM":0.564689768,"OPERATE_INCOME_QOQ":15.39825850584,"NET_PROFIT_RATIO":8.5263140865,"ROE_AVG":15.696213841629,"GROSS_PROFIT_QOQ":0.5229810499,"ROA":8.379788780095,"HOLDER_PROFIT_QOQ":15.420161625895,"ROE_YEARLY":15.696213841629,"ROIC_YEARLY":8.97196579887,"TOTAL_ASSETS":627126000,"TOTAL_LIABILITIES":280632000,"TAX_EBT":31.196636987911,"OCF_SALES":11.584184044911,"TOTAL_PARENT_EQUITY":346494000,"DEBT_ASSET_RATIO":44.7489021345,"OPERATE_PROFIT":79709000,"PRETAX_PROFIT":76598000,"NETCASH_OPERATE":71603000,"NETCASH_INVEST":4527000,"NETCASH_FINANCE":-33743000,"END_CASH":62704000,"DIVI_RATIO":null,"DIVIDEND_RATE":null,"CURRENT_RATIO":2.204321808274,"COMMON_ACS":250000000,"CURRENTDEBT_DEBT":99.980401379743,"ISSUED_COMMON_SHARES":115810200,"HK_COMMON_SHARES":115810200,"PER_SHARES":200,"TOTAL_MARKET_CAP":630007488,"HKSK_MARKET_CAP":630007488,"PE_TTM":-35.529380869708,"PB_TTM":1.139432486872,"REPORT_DATE_SQ":"2021-12-31 00:00:00","REPORT_TYPE_SQ":"2021年年报","OPERATE_INCOME_SQ":416289000,"DPS_HKD":null,"OPERATE_INCOME_QOQ_SQ":0.657202753578,"NET_PROFIT_RATIO_SQ":14.1752484452,"HOLDER_PROFIT_SQ":58664000,"HOLDER_PROFIT_QOQ_SQ":8.891116308423,"ROE_AVG_SQ":19.854301161699,"PE_TTM_SQ":8.03498629919,"PB_TTM_SQ":0.570961406902,"ROA_SQ":9.577256464738,"START_DATE":"2022-01-01 00:00:00","FISCAL_YEAR":"12-31","CURRENCY":"HKD","IS_CNY_CODE":0,"DPS_HKD_LY":null,"ORG_TYPE":"一般企业","PREMIUM_INCOME":null,"PREMIUM_INCOME_YOY":null,"NET_INTEREST_INCOME":null,"NET_INTEREST_INCOME_YOY":null,"FEE_COMMISSION_INCOME":null,"FEE_COMMISSION_INCOME_YOY":null,"ACCOUNTS_RECE_TDAYS":1.675224238186,"INVENTORY_TDAYS":null,"CURRENT_ASSETS_TDAYS":1.001187281029,"TOTAL_ASSETS_TDAYS":0.982814929768,"PREMIUM_EXPENSE":null,"LOAN_DEPOSIT":null,"LOAN_EQUITY":null,"LOAN_ASSETS":null,"DEPOSIT_EQUITY":null,"DEPOSIT_ASSETS":null,"EQUITY_MULTIPLIER":1.809918786473,"EQUITY_RATIO":0.809918786472},{"SECUCODE":"02486.HK","SECURITY_CODE":"02486","SECURITY_NAME_ABBR":"普乐师集团控股","ORG_CODE":"10000389230","STD_REPORT_DATE":"2022-09-30 00:00:00","REPORT_DATE":"2022-09-30 00:00:00","DATE_TYPE_CODE":"004","REPORT_TYPE":"2022年三季报","PER_NETCASH_OPERATE":0.822593750769,"PER_OI":4.750443411692,"BPS":2.871759136933,"BASIC_EPS":0.39,"DILUTED_EPS":0.39,"OPERATE_INCOME":434912000,"OPERATE_INCOME_YOY":37.8183535138,"GROSS_PROFIT":131573000,"GROSS_PROFIT_YOY":1.869802877096,"HOLDER_PROFIT":38787000,"HOLDER_PROFIT_YOY":-25.1071635451,"GROSS_PROFIT_RATIO":30.252786770657,"EPS_TTM":0.498744565846,"OPERATE_INCOME_QOQ":19.146891599712,"NET_PROFIT_RATIO":8.9183558973,"ROE_AVG":11.796353461778,"GROSS_PROFIT_QOQ":-5.467287161237,"ROA":6.144548252058,"HOLDER_PROFIT_QOQ":-26.706688710894,"ROE_YEARLY":15.728471282371,"ROIC_YEARLY":6.334143330263,"TOTAL_ASSETS":631775000,"TOTAL_LIABILITIES":299196000,"TAX_EBT":32.820077594568,"OCF_SALES":17.316146714738,"TOTAL_PARENT_EQUITY":332579000,"DEBT_ASSET_RATIO":47.3579992877,"OPERATE_PROFIT":60384000,"PRETAX_PROFIT":57736000,"NETCASH_OPERATE":75310000,"NETCASH_INVEST":-44479000,"NETCASH_FINANCE":-33676000,"END_CASH":17472000,"DIVI_RATIO":null,"DIVIDEND_RATE":null,"CURRENT_RATIO":2.080235076403,"COMMON_ACS":250000000,"CURRENTDEBT_DEBT":99.695851548818,"ISSUED_COMMON_SHARES":115810200,"HK_COMMON_SHARES":115810200,"PER_SHARES":200,"TOTAL_MARKET_CAP":630007488,"HKSK_MARKET_CAP":630007488,"PE_TTM":-35.529380869708,"PB_TTM":1.139432486872,"REPORT_DATE_SQ":"2021-09-30 00:00:00","REPORT_TYPE_SQ":"2021年三季报","OPERATE_INCOME_SQ":315569000,"DPS_HKD":null,"OPERATE_INCOME_QOQ_SQ":0,"NET_PROFIT_RATIO_SQ":16.5599282566,"HOLDER_PROFIT_SQ":51790000,"HOLDER_PROFIT_QOQ_SQ":0,"ROE_AVG_SQ":null,"PE_TTM_SQ":8.03498629919,"PB_TTM_SQ":0.570961406902,"ROA_SQ":null,"START_DATE":"2022-01-01 00:00:00","FISCAL_YEAR":"12-31","CURRENCY":"HKD","IS_CNY_CODE":0,"DPS_HKD_LY":null,"ORG_TYPE":"一般企业","PREMIUM_INCOME":null,"PREMIUM_INCOME_YOY":null,"NET_INTEREST_INCOME":null,"NET_INTEREST_INCOME_YOY":null,"FEE_COMMISSION_INCOME":null,"FEE_COMMISSION_INCOME_YOY":null,"ACCOUNTS_RECE_TDAYS":1.224123202673,"INVENTORY_TDAYS":null,"CURRENT_ASSETS_TDAYS":0.703298977908,"TOTAL_ASSETS_TDAYS":0.688977690824,"PREMIUM_EXPENSE":null,"LOAN_DEPOSIT":null,"LOAN_EQUITY":null,"LOAN_ASSETS":null,"DEPOSIT_EQUITY":null,"DEPOSIT_ASSETS":null,"EQUITY_MULTIPLIER":1.899623848769,"EQUITY_RATIO":0.89962384877},{"SECUCODE":"02486.HK","SECURITY_CODE":"02486","SECURITY_NAME_ABBR":"普乐师集团控股","ORG_CODE":"10000389230","STD_REPORT_DATE":"2022-06-30 00:00:00","REPORT_DATE":"2022-06-30 00:00:00","DATE_TYPE_CODE":"002","REPORT_TYPE":"2022年中报","PER_NETCASH_OPERATE":null,"PER_OI":null,"BPS":null,"BASIC_EPS":0.35,"DILUTED_EPS":0.35,"OPERATE_INCOME":270914000,"OPERATE_INCOME_YOY":null,"GROSS_PROFIT":90026000,"GROSS_PROFIT_YOY":null,"HOLDER_PROFIT":34212000,"HOLDER_PROFIT_YOY":null,"GROSS_PROFIT_RATIO":33.230471662594,"EPS_TTM":0.608440787385,"OPERATE_INCOME_QOQ":0,"NET_PROFIT_RATIO":12.6283617679,"ROE_AVG":null,"GROSS_PROFIT_QOQ":0,"ROA":null,"HOLDER_PROFIT_QOQ":0,"ROE_YEARLY":null,"ROIC_YEARLY":null,"TOTAL_ASSETS":null,"TOTAL_LIABILITIES":null,"TAX_EBT":31.104756534697,"OCF_SALES":32.824807872609,"TOTAL_PARENT_EQUITY":null,"DEBT_ASSET_RATIO":null,"OPERATE_PROFIT":51831000,"PRETAX_PROFIT":49658000,"NETCASH_OPERATE":88927000,"NETCASH_INVEST":-66026000,"NETCASH_FINANCE":-10412000,"END_CASH":32806000,"DIVI_RATIO":null,"DIVIDEND_RATE":null,"CURRENT_RATIO":null,"COMMON_ACS":250000000,"CURRENTDEBT_DEBT":null,"ISSUED_COMMON_SHARES":115810200,"HK_COMMON_SHARES":115810200,"PER_SHARES":200,"TOTAL_MARKET_CAP":630007488,"HKSK_MARKET_CAP":630007488,"PE_TTM":-35.529380869708,"PB_TTM":1.139432486872,"REPORT_DATE_SQ":"2021-06-30 00:00:00","REPORT_TYPE_SQ":"2021年中报","OPERATE_INCOME_SQ":null,"DPS_HKD":null,"OPERATE_INCOME_QOQ_SQ":0,"NET_PROFIT_RATIO_SQ":null,"HOLDER_PROFIT_SQ":null,"HOLDER_PROFIT_QOQ_SQ":0,"ROE_AVG_SQ":null,"PE_TTM_SQ":8.03498629919,"PB_TTM_SQ":0.570961406902,"ROA_SQ":null,"START_DATE":"2022-01-01 00:00:00","FISCAL_YEAR":"12-31","CURRENCY":"HKD","IS_CNY_CODE":0,"DPS_HKD_LY":null,"ORG_TYPE":"一般企业","PREMIUM_INCOME":null,"PREMIUM_INCOME_YOY":null,"NET_INTEREST_INCOME":null,"NET_INTEREST_INCOME_YOY":null,"FEE_COMMISSION_INCOME":null,"FEE_COMMISSION_INCOME_YOY":null,"ACCOUNTS_RECE_TDAYS":null,"INVENTORY_TDAYS":null,"CURRENT_ASSETS_TDAYS":0.879202689721,"TOTAL_ASSETS_TDAYS":0.859076279114,"PREMIUM_EXPENSE":null,"LOAN_DEPOSIT":null,"LOAN_EQUITY":null,"LOAN_ASSETS":null,"DEPOSIT_EQUITY":null,"DEPOSIT_ASSETS":null,"EQUITY_MULTIPLIER":null,"EQUITY_RATIO":null},{"SECUCODE":"02486.HK","SECURITY_CODE":"02486","SECURITY_NAME_ABBR":"普乐师集团控股","ORG_CODE":"10000389230","STD_REPORT_DATE":"2022-03-31 00:00:00","REPORT_DATE":"2022-03-31 00:00:00","DATE_TYPE_CODE":"003","REPORT_TYPE":"2022年一季报","PER_NETCASH_OPERATE":0.035198327385,"PER_OI":1.3712112,"BPS":2.702197215789,"BASIC_EPS":9.57,"DILUTED_EPS":9.57,"OPERATE_INCOME":140400000,"OPERATE_INCOME_YOY":31.0520567892,"GROSS_PROFIT":56746000,"GROSS_PROFIT_YOY":27.964821287631,"HOLDER_PROFIT":19150000,"HOLDER_PROFIT_YOY":23.4289397357,"GROSS_PROFIT_RATIO":40.417378917379,"EPS_TTM":0.608440787385,"OPERATE_INCOME_QOQ":7.991323335471,"NET_PROFIT_RATIO":13.6396011396,"ROE_AVG":6.003388858149,"GROSS_PROFIT_QOQ":7.284036910643,"ROA":2.992259968796,"HOLDER_PROFIT_QOQ":6.196304377472,"ROE_YEARLY":24.013555432597,"ROIC_YEARLY":12.272012521939,"TOTAL_ASSETS":649259000,"TOTAL_LIABILITIES":336317000,"TAX_EBT":28.953031090005,"OCF_SALES":2.566951566952,"TOTAL_PARENT_EQUITY":312942000,"DEBT_ASSET_RATIO":51.8001290702,"OPERATE_PROFIT":null,"PRETAX_PROFIT":26954000,"NETCASH_OPERATE":3604000,"NETCASH_INVEST":-8409000,"NETCASH_FINANCE":-4229000,"END_CASH":11283000,"DIVI_RATIO":null,"DIVIDEND_RATE":null,"CURRENT_RATIO":1.896312756807,"COMMON_ACS":250000000,"CURRENTDEBT_DEBT":99.283711498378,"ISSUED_COMMON_SHARES":115810200,"HK_COMMON_SHARES":115810200,"PER_SHARES":200,"TOTAL_MARKET_CAP":630007488,"HKSK_MARKET_CAP":630007488,"PE_TTM":-35.529380869708,"PB_TTM":1.139432486872,"REPORT_DATE_SQ":"2021-03-31 00:00:00","REPORT_TYPE_SQ":"2021年一季报","OPERATE_INCOME_SQ":107133000,"DPS_HKD":null,"OPERATE_INCOME_QOQ_SQ":0,"NET_PROFIT_RATIO_SQ":14.6164113765,"HOLDER_PROFIT_SQ":15515000,"HOLDER_PROFIT_QOQ_SQ":0,"ROE_AVG_SQ":null,"PE_TTM_SQ":8.03498629919,"PB_TTM_SQ":0.570961406902,"ROA_SQ":null,"START_DATE":"2022-01-01 00:00:00","FISCAL_YEAR":"12-31","CURRENCY":"HKD","IS_CNY_CODE":0,"DPS_HKD_LY":null,"ORG_TYPE":"一般企业","PREMIUM_INCOME":null,"PREMIUM_INCOME_YOY":null,"NET_INTEREST_INCOME":null,"NET_INTEREST_INCOME_YOY":null,"FEE_COMMISSION_INCOME":null,"FEE_COMMISSION_INCOME_YOY":null,"ACCOUNTS_RECE_TDAYS":0.373557751789,"INVENTORY_TDAYS":null,"CURRENT_ASSETS_TDAYS":0.224736007222,"TOTAL_ASSETS_TDAYS":0.219380313117,"PREMIUM_EXPENSE":null,"LOAN_DEPOSIT":null,"LOAN_EQUITY":null,"LOAN_ASSETS":null,"DEPOSIT_EQUITY":null,"DEPOSIT_ASSETS":null,"EQUITY_MULTIPLIER":2.074694352307,"EQUITY_RATIO":1.074694352308},{"SECUCODE":"02486.HK","SECURITY_CODE":"02486","SECURITY_NAME_ABBR":"普乐师集团控股","ORG_CODE":"10000389230","STD_REPORT_DATE":"2021-12-31 00:00:00","REPORT_DATE":"2021-12-31 00:00:00","DATE_TYPE_CODE":"001","REPORT_TYPE":"2021年年报","PER_NETCASH_OPERATE":0.197254349231,"PER_OI":4.083282734308,"BPS":2.806583530639,"BASIC_EPS":0.59,"DILUTED_EPS":0.59,"OPERATE_INCOME":416289000,"OPERATE_INCOME_YOY":0.6572027536,"GROSS_PROFIT":170249000,"GROSS_PROFIT_YOY":3.831891977605,"HOLDER_PROFIT":58664000,"HOLDER_PROFIT_YOY":8.8911163084,"GROSS_PROFIT_RATIO":40.896828885702,"EPS_TTM":0.575421638154,"OPERATE_INCOME_QOQ":0.657202753578,"NET_PROFIT_RATIO":14.1752484452,"ROE_AVG":19.854301161699,"GROSS_PROFIT_QOQ":3.831891977605,"ROA":9.577256464738,"HOLDER_PROFIT_QOQ":8.891116308423,"ROE_YEARLY":19.854301161699,"ROIC_YEARLY":9.825486404621,"TOTAL_ASSETS":630710000,"TOTAL_LIABILITIES":305679000,"TAX_EBT":27.553312953482,"OCF_SALES":4.830778617739,"TOTAL_PARENT_EQUITY":325031000,"DEBT_ASSET_RATIO":48.4658559401,"OPERATE_PROFIT":86122000,"PRETAX_PROFIT":81453000,"NETCASH_OPERATE":20110000,"NETCASH_INVEST":4794000,"NETCASH_FINANCE":-13697000,"END_CASH":20317000,"DIVI_RATIO":null,"DIVIDEND_RATE":null,"CURRENT_RATIO":2.030242533257,"COMMON_ACS":250000000,"CURRENTDEBT_DEBT":99.302209180219,"ISSUED_COMMON_SHARES":115810200,"HK_COMMON_SHARES":115810200,"PER_SHARES":200,"TOTAL_MARKET_CAP":630007488,"HKSK_MARKET_CAP":630007488,"PE_TTM":-35.529380869708,"PB_TTM":1.139432486872,"REPORT_DATE_SQ":"2020-12-31 00:00:00","REPORT_TYPE_SQ":"2020年年报","OPERATE_INCOME_SQ":413571000,"DPS_HKD":null,"OPERATE_INCOME_QOQ_SQ":-13.088861102647,"NET_PROFIT_RATIO_SQ":13.0321033148,"HOLDER_PROFIT_SQ":53874000,"HOLDER_PROFIT_QOQ_SQ":97.43467585297,"ROE_AVG_SQ":16.758275086554,"PE_TTM_SQ":8.03498629919,"PB_TTM_SQ":0.570961406902,"ROA_SQ":8.770795922786,"START_DATE":"2021-01-01 00:00:00","FISCAL_YEAR":"12-31","CURRENCY":"HKD","IS_CNY_CODE":0,"DPS_HKD_LY":null,"ORG_TYPE":"一般企业","PREMIUM_INCOME":null,"PREMIUM_INCOME_YOY":null,"NET_INTEREST_INCOME":null,"NET_INTEREST_INCOME_YOY":null,"FEE_COMMISSION_INCOME":null,"FEE_COMMISSION_INCOME_YOY":null,"ACCOUNTS_RECE_TDAYS":1.162180534986,"INVENTORY_TDAYS":null,"CURRENT_ASSETS_TDAYS":0.698690110244,"TOTAL_ASSETS_TDAYS":0.679617229723,"PREMIUM_EXPENSE":null,"LOAN_DEPOSIT":null,"LOAN_EQUITY":null,"LOAN_ASSETS":null,"DEPOSIT_EQUITY":null,"DEPOSIT_ASSETS":null,"EQUITY_MULTIPLIER":1.940461063713,"EQUITY_RATIO":0.940461063714},{"SECUCODE":"02486.HK","SECURITY_CODE":"02486","SECURITY_NAME_ABBR":"普乐师集团控股","ORG_CODE":"10000389230","STD_REPORT_DATE":"2021-09-30 00:00:00","REPORT_DATE":"2021-09-30 00:00:00","DATE_TYPE_CODE":"004","REPORT_TYPE":"2021年三季报","PER_NETCASH_OPERATE":null,"PER_OI":null,"BPS":null,"BASIC_EPS":0.52,"DILUTED_EPS":0.52,"OPERATE_INCOME":315569000,"OPERATE_INCOME_YOY":null,"GROSS_PROFIT":129158000,"GROSS_PROFIT_YOY":null,"HOLDER_PROFIT":51790000,"HOLDER_PROFIT_YOY":null,"GROSS_PROFIT_RATIO":40.928608323378,"EPS_TTM":null,"OPERATE_INCOME_QOQ":0,"NET_PROFIT_RATIO":16.5599282566,"ROE_AVG":null,"GROSS_PROFIT_QOQ":0,"ROA":null,"HOLDER_PROFIT_QOQ":0,"ROE_YEARLY":null,"ROIC_YEARLY":null,"TOTAL_ASSETS":null,"TOTAL_LIABILITIES":null,"TAX_EBT":25.525516966182,"OCF_SALES":17.015929955097,"TOTAL_PARENT_EQUITY":null,"DEBT_ASSET_RATIO":null,"OPERATE_PROFIT":74069000,"PRETAX_PROFIT":70169000,"NETCASH_OPERATE":53697000,"NETCASH_INVEST":-24926000,"NETCASH_FINANCE":-8379000,"END_CASH":29502000,"DIVI_RATIO":null,"DIVIDEND_RATE":null,"CURRENT_RATIO":null,"COMMON_ACS":250000000,"CURRENTDEBT_DEBT":null,"ISSUED_COMMON_SHARES":115810200,"HK_COMMON_SHARES":115810200,"PER_SHARES":200,"TOTAL_MARKET_CAP":630007488,"HKSK_MARKET_CAP":630007488,"PE_TTM":-35.529380869708,"PB_TTM":1.139432486872,"REPORT_DATE_SQ":"2020-09-30 00:00:00","REPORT_TYPE_SQ":"2020年三季报","OPERATE_INCOME_SQ":null,"DPS_HKD":null,"OPERATE_INCOME_QOQ_SQ":0,"NET_PROFIT_RATIO_SQ":null,"HOLDER_PROFIT_SQ":null,"HOLDER_PROFIT_QOQ_SQ":0,"ROE_AVG_SQ":null,"PE_TTM_SQ":8.03498629919,"PB_TTM_SQ":0.570961406902,"ROA_SQ":null,"START_DATE":"2021-01-01 00:00:00","FISCAL_YEAR":"12-31","CURRENCY":"HKD","IS_CNY_CODE":0,"DPS_HKD_LY":null,"ORG_TYPE":"一般企业","PREMIUM_INCOME":null,"PREMIUM_INCOME_YOY":null,"NET_INTEREST_INCOME":null,"NET_INTEREST_INCOME_YOY":null,"FEE_COMMISSION_INCOME":null,"FEE_COMMISSION_INCOME_YOY":null,"ACCOUNTS_RECE_TDAYS":null,"INVENTORY_TDAYS":null,"CURRENT_ASSETS_TDAYS":1.096954054453,"TOTAL_ASSETS_TDAYS":1.061880109496,"PREMIUM_EXPENSE":null,"LOAN_DEPOSIT":null,"LOAN_EQUITY":null,"LOAN_ASSETS":null,"DEPOSIT_EQUITY":null,"DEPOSIT_ASSETS":null,"EQUITY_MULTIPLIER":null,"EQUITY_RATIO":null}],"count":12},"success":true,"message":"ok","code":0}