{"version":"5da73abccd1a40fcae22f3b99449446e","result":{"pages":2,"data":[{"SECUCODE":"02489.HK","SECURITY_CODE":"02489","SECURITY_NAME_ABBR":"集海资源","ORG_CODE":"10000434403","STD_REPORT_DATE":"2024-09-30 00:00:00","REPORT_DATE":"2024-09-30 00:00:00","DATE_TYPE_CODE":"004","REPORT_TYPE":"2024年三季报","PER_NETCASH_OPERATE":0.081812,"PER_OI":0.1824525,"BPS":0.430828,"BASIC_EPS":0.043,"DILUTED_EPS":0.043,"OPERATE_INCOME":364905000,"OPERATE_INCOME_YOY":28.6385092379,"GROSS_PROFIT":191610000,"GROSS_PROFIT_YOY":45.150293921581,"HOLDER_PROFIT":85572000,"HOLDER_PROFIT_YOY":61.1252330114,"GROSS_PROFIT_RATIO":52.509557282032,"EPS_TTM":0.048744,"OPERATE_INCOME_QOQ":9.864366147568,"NET_PROFIT_RATIO":32.3358134309,"ROE_AVG":10.130196680091,"GROSS_PROFIT_QOQ":12.250463367398,"ROA":6.997379212783,"HOLDER_PROFIT_QOQ":14.627034145424,"ROE_YEARLY":13.506928906788,"ROIC_YEARLY":18.031576119309,"TOTAL_ASSETS":1227929000,"TOTAL_LIABILITIES":205703000,"TAX_EBT":31.549880787326,"OCF_SALES":44.84016387827,"TOTAL_PARENT_EQUITY":861656000,"DEBT_ASSET_RATIO":16.7520271938,"OPERATE_PROFIT":174401000,"PRETAX_PROFIT":172381000,"NETCASH_OPERATE":163624000,"NETCASH_INVEST":-45542000,"NETCASH_FINANCE":-105707000,"END_CASH":601138000,"DIVI_RATIO":0.552356392582,"DIVIDEND_RATE":3.172043010753,"CURRENT_RATIO":4.577160689952,"COMMON_ACS":10000000000,"CURRENTDEBT_DEBT":68.853152360442,"ISSUED_COMMON_SHARES":2000000000,"HK_COMMON_SHARES":2000000000,"PER_SHARES":5000,"TOTAL_MARKET_CAP":1860000000,"HKSK_MARKET_CAP":1860000000,"PE_TTM":17.100444409874,"PB_TTM":1.946634619848,"REPORT_DATE_SQ":"2023-09-30 00:00:00","REPORT_TYPE_SQ":"2023年三季报","OPERATE_INCOME_SQ":283667000,"DPS_HKD":0.0295,"OPERATE_INCOME_QOQ_SQ":0,"NET_PROFIT_RATIO_SQ":26.3284061946,"HOLDER_PROFIT_SQ":53109000,"HOLDER_PROFIT_QOQ_SQ":0,"ROE_AVG_SQ":null,"PE_TTM_SQ":15.254143037845,"PB_TTM_SQ":1.743329422192,"ROA_SQ":null,"START_DATE":"2024-01-01 00:00:00","FISCAL_YEAR":"12-31","CURRENCY":"HKD","IS_CNY_CODE":0,"DPS_HKD_LY":0.0295,"ORG_TYPE":"一般企业","PREMIUM_INCOME":null,"PREMIUM_INCOME_YOY":null,"NET_INTEREST_INCOME":null,"NET_INTEREST_INCOME_YOY":null,"FEE_COMMISSION_INCOME":null,"FEE_COMMISSION_INCOME_YOY":null,"ACCOUNTS_RECE_TDAYS":null,"INVENTORY_TDAYS":8.975760087015,"CURRENT_ASSETS_TDAYS":0.568179429508,"TOTAL_ASSETS_TDAYS":0.298389503768,"PREMIUM_EXPENSE":null,"LOAN_DEPOSIT":null,"LOAN_EQUITY":null,"LOAN_ASSETS":null,"DEPOSIT_EQUITY":null,"DEPOSIT_ASSETS":null,"EQUITY_MULTIPLIER":1.201230451975,"EQUITY_RATIO":0.238729841143},{"SECUCODE":"02489.HK","SECURITY_CODE":"02489","SECURITY_NAME_ABBR":"集海资源","ORG_CODE":"10000434403","STD_REPORT_DATE":"2024-06-30 00:00:00","REPORT_DATE":"2024-06-30 00:00:00","DATE_TYPE_CODE":"002","REPORT_TYPE":"2024年中报","PER_NETCASH_OPERATE":0.054029,"PER_OI":0.1180865,"BPS":0.4433935,"BASIC_EPS":0.03,"DILUTED_EPS":0.03,"OPERATE_INCOME":236173000,"OPERATE_INCOME_YOY":20.0926476795,"GROSS_PROFIT":125480000,"GROSS_PROFIT_YOY":35.827325669503,"HOLDER_PROFIT":57284000,"HOLDER_PROFIT_YOY":53.7371514452,"GROSS_PROFIT_RATIO":53.13054413502,"EPS_TTM":0.042524,"OPERATE_INCOME_QOQ":6.284440669704,"NET_PROFIT_RATIO":33.3937410288,"ROE_AVG":6.682005744864,"GROSS_PROFIT_QOQ":11.813925123519,"ROA":4.567612166,"HOLDER_PROFIT_QOQ":19.997178130511,"ROE_YEARLY":13.364011489728,"ROIC_YEARLY":24.318375265592,"TOTAL_ASSETS":1290368000,"TOTAL_LIABILITIES":233851000,"TAX_EBT":31.286756057398,"OCF_SALES":45.753748311619,"TOTAL_PARENT_EQUITY":886787000,"DEBT_ASSET_RATIO":18.1228145769,"OPERATE_PROFIT":116174000,"PRETAX_PROFIT":114777000,"NETCASH_OPERATE":108058000,"NETCASH_INVEST":-33566000,"NETCASH_FINANCE":-1729000,"END_CASH":661318000,"DIVI_RATIO":0.633149750729,"DIVIDEND_RATE":3.172043010753,"CURRENT_RATIO":4.221704134777,"COMMON_ACS":10000000000,"CURRENTDEBT_DEBT":71.350133204476,"ISSUED_COMMON_SHARES":2000000000,"HK_COMMON_SHARES":2000000000,"PER_SHARES":5000,"TOTAL_MARKET_CAP":1860000000,"HKSK_MARKET_CAP":1860000000,"PE_TTM":17.100444409874,"PB_TTM":1.946634619848,"REPORT_DATE_SQ":"2023-06-30 00:00:00","REPORT_TYPE_SQ":"2023年中报","OPERATE_INCOME_SQ":196659000,"DPS_HKD":0.0295,"OPERATE_INCOME_QOQ_SQ":-4.940573070148,"NET_PROFIT_RATIO_SQ":26.8327409374,"HOLDER_PROFIT_SQ":37261000,"HOLDER_PROFIT_QOQ_SQ":-17.036796692864,"ROE_AVG_SQ":6.501680340884,"PE_TTM_SQ":null,"PB_TTM_SQ":null,"ROA_SQ":4.020405763074,"START_DATE":"2024-01-01 00:00:00","FISCAL_YEAR":"12-31","CURRENCY":"HKD","IS_CNY_CODE":0,"DPS_HKD_LY":0.0295,"ORG_TYPE":"一般企业","PREMIUM_INCOME":null,"PREMIUM_INCOME_YOY":null,"NET_INTEREST_INCOME":null,"NET_INTEREST_INCOME_YOY":null,"FEE_COMMISSION_INCOME":null,"FEE_COMMISSION_INCOME_YOY":null,"ACCOUNTS_RECE_TDAYS":null,"INVENTORY_TDAYS":5.661611641051,"CURRENT_ASSETS_TDAYS":0.352339776727,"TOTAL_ASSETS_TDAYS":0.188315527561,"PREMIUM_EXPENSE":null,"LOAN_DEPOSIT":null,"LOAN_EQUITY":null,"LOAN_ASSETS":null,"DEPOSIT_EQUITY":null,"DEPOSIT_ASSETS":null,"EQUITY_MULTIPLIER":1.221341445523,"EQUITY_RATIO":0.26370594066},{"SECUCODE":"02489.HK","SECURITY_CODE":"02489","SECURITY_NAME_ABBR":"集海资源","ORG_CODE":"10000434403","STD_REPORT_DATE":"2024-03-31 00:00:00","REPORT_DATE":"2024-03-31 00:00:00","DATE_TYPE_CODE":"003","REPORT_TYPE":"2024年一季报","PER_NETCASH_OPERATE":0.020816,"PER_OI":0.054612,"BPS":0.427025,"BASIC_EPS":0.02,"DILUTED_EPS":0.02,"OPERATE_INCOME":109224000,"OPERATE_INCOME_YOY":15.3125,"GROSS_PROFIT":57547000,"GROSS_PROFIT_YOY":21.643273864885,"HOLDER_PROFIT":26167000,"HOLDER_PROFIT_YOY":28.7936211055,"GROSS_PROFIT_RATIO":52.68713835787,"EPS_TTM":0.0354375,"OPERATE_INCOME_QOQ":3.782372745219,"NET_PROFIT_RATIO":33.2335384165,"ROE_AVG":3.111714683578,"GROSS_PROFIT_QOQ":5.58735736932,"ROA":2.133865895984,"HOLDER_PROFIT_QOQ":8.996539792388,"ROE_YEARLY":12.446858734313,"ROIC_YEARLY":22.03045215173,"TOTAL_ASSETS":1234643000,"TOTAL_LIABILITIES":222314000,"TAX_EBT":29.41919928445,"OCF_SALES":38.116164945433,"TOTAL_PARENT_EQUITY":854050000,"DEBT_ASSET_RATIO":18.0063386744,"OPERATE_PROFIT":52127000,"PRETAX_PROFIT":51429000,"NETCASH_OPERATE":41632000,"NETCASH_INVEST":-18169000,"NETCASH_FINANCE":-1332000,"END_CASH":609066000,"DIVI_RATIO":0.759761834215,"DIVIDEND_RATE":3.172043010753,"CURRENT_RATIO":4.121855707809,"COMMON_ACS":10000000000,"CURRENTDEBT_DEBT":71.331989888176,"ISSUED_COMMON_SHARES":2000000000,"HK_COMMON_SHARES":2000000000,"PER_SHARES":5000,"TOTAL_MARKET_CAP":1860000000,"HKSK_MARKET_CAP":1860000000,"PE_TTM":17.100444409874,"PB_TTM":1.946634619848,"REPORT_DATE_SQ":"2023-03-31 00:00:00","REPORT_TYPE_SQ":"2023年一季报","OPERATE_INCOME_SQ":94720000,"DPS_HKD":0.0295,"OPERATE_INCOME_QOQ_SQ":0,"NET_PROFIT_RATIO_SQ":29.965160473,"HOLDER_PROFIT_SQ":20317000,"HOLDER_PROFIT_QOQ_SQ":0,"ROE_AVG_SQ":null,"PE_TTM_SQ":null,"PB_TTM_SQ":null,"ROA_SQ":null,"START_DATE":"2024-01-01 00:00:00","FISCAL_YEAR":"12-31","CURRENCY":"HKD","IS_CNY_CODE":0,"DPS_HKD_LY":0.0295,"ORG_TYPE":"一般企业","PREMIUM_INCOME":null,"PREMIUM_INCOME_YOY":null,"NET_INTEREST_INCOME":null,"NET_INTEREST_INCOME_YOY":null,"FEE_COMMISSION_INCOME":null,"FEE_COMMISSION_INCOME_YOY":null,"ACCOUNTS_RECE_TDAYS":null,"INVENTORY_TDAYS":2.413741563325,"CURRENT_ASSETS_TDAYS":0.169360278236,"TOTAL_ASSETS_TDAYS":0.08906996164,"PREMIUM_EXPENSE":null,"LOAN_DEPOSIT":null,"LOAN_EQUITY":null,"LOAN_ASSETS":null,"DEPOSIT_EQUITY":null,"DEPOSIT_ASSETS":null,"EQUITY_MULTIPLIER":1.219606471809,"EQUITY_RATIO":0.260305602716},{"SECUCODE":"02489.HK","SECURITY_CODE":"02489","SECURITY_NAME_ABBR":"集海资源","ORG_CODE":"10000434403","STD_REPORT_DATE":"2023-12-31 00:00:00","REPORT_DATE":"2023-12-31 00:00:00","DATE_TYPE_CODE":"001","REPORT_TYPE":"2023年年报","PER_NETCASH_OPERATE":0.087164,"PER_OI":0.1917315,"BPS":0.413894,"BASIC_EPS":0.04,"DILUTED_EPS":0.04,"OPERATE_INCOME":383463000,"OPERATE_INCOME_YOY":-8.3529909444,"GROSS_PROFIT":183253000,"GROSS_PROFIT_YOY":-16.165881330345,"HOLDER_PROFIT":65025000,"HOLDER_PROFIT_YOY":-21.8581008003,"GROSS_PROFIT_RATIO":47.788965297825,"EPS_TTM":0.0325125,"OPERATE_INCOME_QOQ":-3.589773244398,"NET_PROFIT_RATIO":24.758320881,"ROE_AVG":9.412597464353,"GROSS_PROFIT_QOQ":-5.355279875221,"ROA":6.181230542551,"HOLDER_PROFIT_QOQ":-5.811376508249,"ROE_YEARLY":9.412597464353,"ROIC_YEARLY":13.483069184059,"TOTAL_ASSETS":1217901000,"TOTAL_LIABILITIES":241966000,"TAX_EBT":35.087551365063,"OCF_SALES":45.461491721496,"TOTAL_PARENT_EQUITY":827788000,"DEBT_ASSET_RATIO":19.8674604915,"OPERATE_PROFIT":149427000,"PRETAX_PROFIT":146257000,"NETCASH_OPERATE":174328000,"NETCASH_INVEST":-75512000,"NETCASH_FINANCE":206313000,"END_CASH":586840000,"DIVI_RATIO":0.828114109958,"DIVIDEND_RATE":3.172043010753,"CURRENT_RATIO":3.572397605651,"COMMON_ACS":10000000000,"CURRENTDEBT_DEBT":73.599596637544,"ISSUED_COMMON_SHARES":2000000000,"HK_COMMON_SHARES":2000000000,"PER_SHARES":5000,"TOTAL_MARKET_CAP":1860000000,"HKSK_MARKET_CAP":1860000000,"PE_TTM":17.100444409874,"PB_TTM":1.946634619848,"REPORT_DATE_SQ":"2022-12-31 00:00:00","REPORT_TYPE_SQ":"2022年年报","OPERATE_INCOME_SQ":418413000,"DPS_HKD":0.0295,"OPERATE_INCOME_QOQ_SQ":13.138411785065,"NET_PROFIT_RATIO_SQ":28.916405561,"HOLDER_PROFIT_SQ":83214000,"HOLDER_PROFIT_QOQ_SQ":4.824649803487,"ROE_AVG_SQ":15.964194039758,"PE_TTM_SQ":null,"PB_TTM_SQ":null,"ROA_SQ":10.0158999734,"START_DATE":"2023-01-01 00:00:00","FISCAL_YEAR":"12-31","CURRENCY":"HKD","IS_CNY_CODE":0,"DPS_HKD_LY":null,"ORG_TYPE":"一般企业","PREMIUM_INCOME":null,"PREMIUM_INCOME_YOY":null,"NET_INTEREST_INCOME":null,"NET_INTEREST_INCOME_YOY":null,"FEE_COMMISSION_INCOME":null,"FEE_COMMISSION_INCOME_YOY":null,"ACCOUNTS_RECE_TDAYS":null,"INVENTORY_TDAYS":9.893509253082,"CURRENT_ASSETS_TDAYS":0.792220000165,"TOTAL_ASSETS_TDAYS":0.364517217614,"PREMIUM_EXPENSE":null,"LOAN_DEPOSIT":null,"LOAN_EQUITY":null,"LOAN_ASSETS":null,"DEPOSIT_EQUITY":null,"DEPOSIT_ASSETS":null,"EQUITY_MULTIPLIER":1.247932495505,"EQUITY_RATIO":0.292304309799},{"SECUCODE":"02489.HK","SECURITY_CODE":"02489","SECURITY_NAME_ABBR":"集海资源","ORG_CODE":"10000434403","STD_REPORT_DATE":"2023-09-30 00:00:00","REPORT_DATE":"2023-09-30 00:00:00","DATE_TYPE_CODE":"004","REPORT_TYPE":"2023年三季报","PER_NETCASH_OPERATE":null,"PER_OI":null,"BPS":null,"BASIC_EPS":0.035,"DILUTED_EPS":0.035,"OPERATE_INCOME":283667000,"OPERATE_INCOME_YOY":null,"GROSS_PROFIT":132008000,"GROSS_PROFIT_YOY":null,"HOLDER_PROFIT":53109000,"HOLDER_PROFIT_YOY":null,"GROSS_PROFIT_RATIO":46.536255539065,"EPS_TTM":636.5073326,"OPERATE_INCOME_QOQ":0,"NET_PROFIT_RATIO":26.3284061946,"ROE_AVG":null,"GROSS_PROFIT_QOQ":0,"ROA":null,"HOLDER_PROFIT_QOQ":0,"ROE_YEARLY":null,"ROIC_YEARLY":null,"TOTAL_ASSETS":null,"TOTAL_LIABILITIES":null,"TAX_EBT":33.031751297939,"OCF_SALES":46.853881487801,"TOTAL_PARENT_EQUITY":null,"DEBT_ASSET_RATIO":null,"OPERATE_PROFIT":113960000,"PRETAX_PROFIT":111523000,"NETCASH_OPERATE":132909000,"NETCASH_INVEST":-44130000,"NETCASH_FINANCE":-2223000,"END_CASH":369785000,"DIVI_RATIO":0.000042299686,"DIVIDEND_RATE":3.172043010753,"CURRENT_RATIO":null,"COMMON_ACS":10000000000,"CURRENTDEBT_DEBT":null,"ISSUED_COMMON_SHARES":2000000000,"HK_COMMON_SHARES":2000000000,"PER_SHARES":5000,"TOTAL_MARKET_CAP":1860000000,"HKSK_MARKET_CAP":1860000000,"PE_TTM":17.100444409874,"PB_TTM":1.946634619848,"REPORT_DATE_SQ":"2022-09-30 00:00:00","REPORT_TYPE_SQ":"2022年三季报","OPERATE_INCOME_SQ":null,"DPS_HKD":0.0295,"OPERATE_INCOME_QOQ_SQ":0,"NET_PROFIT_RATIO_SQ":null,"HOLDER_PROFIT_SQ":null,"HOLDER_PROFIT_QOQ_SQ":0,"ROE_AVG_SQ":null,"PE_TTM_SQ":null,"PB_TTM_SQ":null,"ROA_SQ":null,"START_DATE":"2023-01-01 00:00:00","FISCAL_YEAR":"12-31","CURRENCY":"HKD","IS_CNY_CODE":0,"DPS_HKD_LY":null,"ORG_TYPE":"一般企业","PREMIUM_INCOME":null,"PREMIUM_INCOME_YOY":null,"NET_INTEREST_INCOME":null,"NET_INTEREST_INCOME_YOY":null,"FEE_COMMISSION_INCOME":null,"FEE_COMMISSION_INCOME_YOY":null,"ACCOUNTS_RECE_TDAYS":null,"INVENTORY_TDAYS":null,"CURRENT_ASSETS_TDAYS":1.709465526489,"TOTAL_ASSETS_TDAYS":0.640296417015,"PREMIUM_EXPENSE":null,"LOAN_DEPOSIT":null,"LOAN_EQUITY":null,"LOAN_ASSETS":null,"DEPOSIT_EQUITY":null,"DEPOSIT_ASSETS":null,"EQUITY_MULTIPLIER":null,"EQUITY_RATIO":null},{"SECUCODE":"02489.HK","SECURITY_CODE":"02489","SECURITY_NAME_ABBR":"集海资源","ORG_CODE":"10000434403","STD_REPORT_DATE":"2023-06-30 00:00:00","REPORT_DATE":"2023-06-30 00:00:00","DATE_TYPE_CODE":"002","REPORT_TYPE":"2023年中报","PER_NETCASH_OPERATE":887.129156,"PER_OI":1813.1566482,"BPS":0.2961625,"BASIC_EPS":0.02,"DILUTED_EPS":0.02,"OPERATE_INCOME":196659000,"OPERATE_INCOME_YOY":-9.5117585618,"GROSS_PROFIT":92382000,"GROSS_PROFIT_YOY":-21.276523221133,"HOLDER_PROFIT":37261000,"HOLDER_PROFIT_YOY":-27.5613359773,"GROSS_PROFIT_RATIO":46.975729562339,"EPS_TTM":636.5073326,"OPERATE_INCOME_QOQ":-4.940573070148,"NET_PROFIT_RATIO":26.8327409374,"ROE_AVG":6.501680340884,"GROSS_PROFIT_QOQ":-11.42229745185,"ROA":4.020405763074,"HOLDER_PROFIT_QOQ":-17.036796692864,"ROE_YEARLY":13.003360681768,"ROIC_YEARLY":15.502292413816,"TOTAL_ASSETS":967545000,"TOTAL_LIABILITIES":237479000,"TAX_EBT":33.62222949005,"OCF_SALES":48.927331065448,"TOTAL_PARENT_EQUITY":592325000,"DEBT_ASSET_RATIO":24.5444914707,"OPERATE_PROFIT":81155000,"PRETAX_PROFIT":79498000,"NETCASH_OPERATE":96220000,"NETCASH_INVEST":-28353000,"NETCASH_FINANCE":-1260000,"END_CASH":350001000,"DIVI_RATIO":0.000042299686,"DIVIDEND_RATE":3.172043010753,"CURRENT_RATIO":2.342506435538,"COMMON_ACS":10000000000,"CURRENTDEBT_DEBT":71.320832578881,"ISSUED_COMMON_SHARES":2000000000,"HK_COMMON_SHARES":2000000000,"PER_SHARES":5000,"TOTAL_MARKET_CAP":1860000000,"HKSK_MARKET_CAP":1860000000,"PE_TTM":17.100444409874,"PB_TTM":1.946634619848,"REPORT_DATE_SQ":"2022-06-30 00:00:00","REPORT_TYPE_SQ":"2022年中报","OPERATE_INCOME_SQ":217331000,"DPS_HKD":0.0295,"OPERATE_INCOME_QOQ_SQ":49.199586883553,"NET_PROFIT_RATIO_SQ":33.3463702831,"HOLDER_PROFIT_SQ":51438000,"HOLDER_PROFIT_QOQ_SQ":90.716894099558,"ROE_AVG_SQ":9.999854195524,"PE_TTM_SQ":null,"PB_TTM_SQ":null,"ROA_SQ":6.358400795078,"START_DATE":"2023-01-01 00:00:00","FISCAL_YEAR":"12-31","CURRENCY":"HKD","IS_CNY_CODE":0,"DPS_HKD_LY":null,"ORG_TYPE":"一般企业","PREMIUM_INCOME":null,"PREMIUM_INCOME_YOY":null,"NET_INTEREST_INCOME":null,"NET_INTEREST_INCOME_YOY":null,"FEE_COMMISSION_INCOME":null,"FEE_COMMISSION_INCOME_YOY":null,"ACCOUNTS_RECE_TDAYS":null,"INVENTORY_TDAYS":6.960616781256,"CURRENT_ASSETS_TDAYS":0.539802616681,"TOTAL_ASSETS_TDAYS":0.212192098162,"PREMIUM_EXPENSE":null,"LOAN_DEPOSIT":null,"LOAN_EQUITY":null,"LOAN_ASSETS":null,"DEPOSIT_EQUITY":null,"DEPOSIT_ASSETS":null,"EQUITY_MULTIPLIER":1.325284289366,"EQUITY_RATIO":0.400926856033},{"SECUCODE":"02489.HK","SECURITY_CODE":"02489","SECURITY_NAME_ABBR":"集海资源","ORG_CODE":"10000434403","STD_REPORT_DATE":"2023-03-31 00:00:00","REPORT_DATE":"2023-03-31 00:00:00","DATE_TYPE_CODE":"003","REPORT_TYPE":"2023年一季报","PER_NETCASH_OPERATE":null,"PER_OI":null,"BPS":null,"BASIC_EPS":0.01,"DILUTED_EPS":0.01,"OPERATE_INCOME":94720000,"OPERATE_INCOME_YOY":null,"GROSS_PROFIT":47308000,"GROSS_PROFIT_YOY":null,"HOLDER_PROFIT":20317000,"HOLDER_PROFIT_YOY":null,"GROSS_PROFIT_RATIO":49.945101351351,"EPS_TTM":743.3256978,"OPERATE_INCOME_QOQ":0,"NET_PROFIT_RATIO":29.965160473,"ROE_AVG":null,"GROSS_PROFIT_QOQ":0,"ROA":null,"HOLDER_PROFIT_QOQ":0,"ROE_YEARLY":null,"ROIC_YEARLY":null,"TOTAL_ASSETS":null,"TOTAL_LIABILITIES":null,"TAX_EBT":31.806059441148,"OCF_SALES":50.54370777027,"TOTAL_PARENT_EQUITY":null,"DEBT_ASSET_RATIO":null,"OPERATE_PROFIT":42448000,"PRETAX_PROFIT":41621000,"NETCASH_OPERATE":47875000,"NETCASH_INVEST":-10909000,"NETCASH_FINANCE":-867000,"END_CASH":317423000,"DIVI_RATIO":0.000036221081,"DIVIDEND_RATE":3.172043010753,"CURRENT_RATIO":null,"COMMON_ACS":10000000000,"CURRENTDEBT_DEBT":null,"ISSUED_COMMON_SHARES":2000000000,"HK_COMMON_SHARES":2000000000,"PER_SHARES":5000,"TOTAL_MARKET_CAP":1860000000,"HKSK_MARKET_CAP":1860000000,"PE_TTM":17.100444409874,"PB_TTM":1.946634619848,"REPORT_DATE_SQ":"2022-03-31 00:00:00","REPORT_TYPE_SQ":"2022年一季报","OPERATE_INCOME_SQ":null,"DPS_HKD":0.0295,"OPERATE_INCOME_QOQ_SQ":0,"NET_PROFIT_RATIO_SQ":null,"HOLDER_PROFIT_SQ":null,"HOLDER_PROFIT_QOQ_SQ":0,"ROE_AVG_SQ":null,"PE_TTM_SQ":null,"PB_TTM_SQ":null,"ROA_SQ":null,"START_DATE":"2023-01-01 00:00:00","FISCAL_YEAR":"12-31","CURRENCY":"HKD","IS_CNY_CODE":0,"DPS_HKD_LY":null,"ORG_TYPE":"一般企业","PREMIUM_INCOME":null,"PREMIUM_INCOME_YOY":null,"NET_INTEREST_INCOME":null,"NET_INTEREST_INCOME_YOY":null,"FEE_COMMISSION_INCOME":null,"FEE_COMMISSION_INCOME_YOY":null,"ACCOUNTS_RECE_TDAYS":null,"INVENTORY_TDAYS":null,"CURRENT_ASSETS_TDAYS":0.570812165916,"TOTAL_ASSETS_TDAYS":0.213803074096,"PREMIUM_EXPENSE":null,"LOAN_DEPOSIT":null,"LOAN_EQUITY":null,"LOAN_ASSETS":null,"DEPOSIT_EQUITY":null,"DEPOSIT_ASSETS":null,"EQUITY_MULTIPLIER":null,"EQUITY_RATIO":null},{"SECUCODE":"02489.HK","SECURITY_CODE":"02489","SECURITY_NAME_ABBR":"集海资源","ORG_CODE":"10000434403","STD_REPORT_DATE":"2022-12-31 00:00:00","REPORT_DATE":"2022-12-31 00:00:00","DATE_TYPE_CODE":"001","REPORT_TYPE":"2022年年报","PER_NETCASH_OPERATE":1780.197783,"PER_OI":3737.5578051,"BPS":0.2769355,"BASIC_EPS":0.06,"DILUTED_EPS":0.06,"OPERATE_INCOME":418413000,"OPERATE_INCOME_YOY":68.8020429899,"GROSS_PROFIT":218590000,"GROSS_PROFIT_YOY":56.018700260519,"HOLDER_PROFIT":83214000,"HOLDER_PROFIT_YOY":99.9183163559,"GROSS_PROFIT_RATIO":52.242640644531,"EPS_TTM":743.3256978,"OPERATE_INCOME_QOQ":13.138411785065,"NET_PROFIT_RATIO":28.916405561,"ROE_AVG":15.964194039758,"GROSS_PROFIT_QOQ":8.52609263369,"ROA":10.0158999734,"HOLDER_PROFIT_QOQ":4.824649803487,"ROE_YEARLY":15.964194039758,"ROIC_YEARLY":16.096921207995,"TOTAL_ASSETS":886049000,"TOTAL_LIABILITIES":209945000,"TAX_EBT":34.567460574989,"OCF_SALES":47.629973256089,"TOTAL_PARENT_EQUITY":553871000,"DEBT_ASSET_RATIO":23.6945135088,"OPERATE_PROFIT":187863000,"PRETAX_PROFIT":184908000,"NETCASH_OPERATE":199290000,"NETCASH_INVEST":-56060000,"NETCASH_FINANCE":-54793000,"END_CASH":282187000,"DIVI_RATIO":0.000036221081,"DIVIDEND_RATE":3.172043010753,"CURRENT_RATIO":2.266446312598,"COMMON_ACS":10000000000,"CURRENTDEBT_DEBT":69.747314772917,"ISSUED_COMMON_SHARES":2000000000,"HK_COMMON_SHARES":2000000000,"PER_SHARES":5000,"TOTAL_MARKET_CAP":1860000000,"HKSK_MARKET_CAP":1860000000,"PE_TTM":17.100444409874,"PB_TTM":1.946634619848,"REPORT_DATE_SQ":"2021-12-31 00:00:00","REPORT_TYPE_SQ":"2021年年报","OPERATE_INCOME_SQ":247872000,"DPS_HKD":0.0295,"OPERATE_INCOME_QOQ_SQ":-31.337205920238,"NET_PROFIT_RATIO_SQ":23.6880325329,"HOLDER_PROFIT_SQ":41624000,"HOLDER_PROFIT_QOQ_SQ":-49.487275948691,"ROE_AVG_SQ":8.575001390574,"PE_TTM_SQ":null,"PB_TTM_SQ":null,"ROA_SQ":5.253104769934,"START_DATE":"2022-01-01 00:00:00","FISCAL_YEAR":"12-31","CURRENCY":"HKD","IS_CNY_CODE":0,"DPS_HKD_LY":null,"ORG_TYPE":"一般企业","PREMIUM_INCOME":null,"PREMIUM_INCOME_YOY":null,"NET_INTEREST_INCOME":null,"NET_INTEREST_INCOME_YOY":null,"FEE_COMMISSION_INCOME":null,"FEE_COMMISSION_INCOME_YOY":null,"ACCOUNTS_RECE_TDAYS":null,"INVENTORY_TDAYS":10.396618106139,"CURRENT_ASSETS_TDAYS":1.507596298145,"TOTAL_ASSETS_TDAYS":0.503615107502,"PREMIUM_EXPENSE":null,"LOAN_DEPOSIT":null,"LOAN_EQUITY":null,"LOAN_ASSETS":null,"DEPOSIT_EQUITY":null,"DEPOSIT_ASSETS":null,"EQUITY_MULTIPLIER":1.310521754049,"EQUITY_RATIO":0.379050356491},{"SECUCODE":"02489.HK","SECURITY_CODE":"02489","SECURITY_NAME_ABBR":"集海资源","ORG_CODE":"10000434403","STD_REPORT_DATE":"2022-06-30 00:00:00","REPORT_DATE":"2022-06-30 00:00:00","DATE_TYPE_CODE":"002","REPORT_TYPE":"2022年中报","PER_NETCASH_OPERATE":1005.8915818,"PER_OI":1858.5929789,"BPS":0.270069,"BASIC_EPS":643,"DILUTED_EPS":643,"OPERATE_INCOME":217331000,"OPERATE_INCOME_YOY":127.8604304931,"GROSS_PROFIT":117350000,"GROSS_PROFIT_YOY":109.41147078768,"HOLDER_PROFIT":51438000,"HOLDER_PROFIT_YOY":276.0637520105,"GROSS_PROFIT_RATIO":53.995978484432,"EPS_TTM":678.8840296,"OPERATE_INCOME_QOQ":49.199586883553,"NET_PROFIT_RATIO":33.3463702831,"ROE_AVG":9.999854195524,"GROSS_PROFIT_QOQ":43.761464615824,"ROA":6.358400795078,"HOLDER_PROFIT_QOQ":90.716894099558,"ROE_YEARLY":19.999708391048,"ROIC_YEARLY":19.066116851226,"TOTAL_ASSETS":842365000,"TOTAL_LIABILITIES":240285000,"TAX_EBT":33.333946591359,"OCF_SALES":54.12113320235,"TOTAL_PARENT_EQUITY":540138000,"DEBT_ASSET_RATIO":28.5250455563,"OPERATE_PROFIT":110137000,"PRETAX_PROFIT":108709000,"NETCASH_OPERATE":117622000,"NETCASH_INVEST":-16581000,"NETCASH_FINANCE":-30550000,"END_CASH":253556000,"DIVI_RATIO":0.000039659292,"DIVIDEND_RATE":3.172043010753,"CURRENT_RATIO":1.75298430803,"COMMON_ACS":10000000000,"CURRENTDEBT_DEBT":70.493788626007,"ISSUED_COMMON_SHARES":2000000000,"HK_COMMON_SHARES":2000000000,"PER_SHARES":5000,"TOTAL_MARKET_CAP":1860000000,"HKSK_MARKET_CAP":1860000000,"PE_TTM":17.100444409874,"PB_TTM":1.946634619848,"REPORT_DATE_SQ":"2021-06-30 00:00:00","REPORT_TYPE_SQ":"2021年中报","OPERATE_INCOME_SQ":95379000,"DPS_HKD":0.0295,"OPERATE_INCOME_QOQ_SQ":0,"NET_PROFIT_RATIO_SQ":19.7014017761,"HOLDER_PROFIT_SQ":13678000,"HOLDER_PROFIT_QOQ_SQ":0,"ROE_AVG_SQ":null,"PE_TTM_SQ":null,"PB_TTM_SQ":null,"ROA_SQ":null,"START_DATE":"2022-01-01 00:00:00","FISCAL_YEAR":"12-31","CURRENCY":"HKD","IS_CNY_CODE":0,"DPS_HKD_LY":null,"ORG_TYPE":"一般企业","PREMIUM_INCOME":null,"PREMIUM_INCOME_YOY":null,"NET_INTEREST_INCOME":null,"NET_INTEREST_INCOME_YOY":null,"FEE_COMMISSION_INCOME":null,"FEE_COMMISSION_INCOME_YOY":null,"ACCOUNTS_RECE_TDAYS":null,"INVENTORY_TDAYS":5.182376571206,"CURRENT_ASSETS_TDAYS":0.8356859684,"TOTAL_ASSETS_TDAYS":0.268649170496,"PREMIUM_EXPENSE":null,"LOAN_DEPOSIT":null,"LOAN_EQUITY":null,"LOAN_ASSETS":null,"DEPOSIT_EQUITY":null,"DEPOSIT_ASSETS":null,"EQUITY_MULTIPLIER":1.39909148286,"EQUITY_RATIO":0.444858536152}],"count":13},"success":true,"message":"ok","code":0}