{"version":"4e57e3caeb381cc0983bdb4772caa278","result":{"pages":1,"data":[{"SECUCODE":"02481.HK","SECURITY_CODE":"02481","SECURITY_NAME_ABBR":"慧居科技","ORG_CODE":"10528423","STD_REPORT_DATE":"2024-06-30 00:00:00","REPORT_DATE":"2024-06-30 00:00:00","DATE_TYPE_CODE":"002","REPORT_TYPE":"2024年中报","PER_NETCASH_OPERATE":-0.513169761273,"PER_OI":2.76524867374,"BPS":3.72299403183,"BASIC_EPS":0.37,"DILUTED_EPS":0.37,"OPERATE_INCOME":833999000,"OPERATE_INCOME_YOY":17.3294711164,"GROSS_PROFIT":233794000,"GROSS_PROFIT_YOY":20.138332202832,"HOLDER_PROFIT":112287000,"HOLDER_PROFIT_YOY":41.6477444747,"GROSS_PROFIT_RATIO":28.032887329601,"EPS_TTM":0.603431697613,"OPERATE_INCOME_QOQ":8.029868940409,"NET_PROFIT_RATIO":18.5436673185,"ROE_AVG":10.307881485113,"GROSS_PROFIT_QOQ":9.942511530675,"ROA":1.976673607243,"HOLDER_PROFIT_QOQ":22.160692710431,"ROE_YEARLY":20.615762970225,"ROIC_YEARLY":4.566558328828,"TOTAL_ASSETS":5564250000,"TOTAL_LIABILITIES":4218167000,"TAX_EBT":18.851302071035,"OCF_SALES":-18.557816016566,"TOTAL_PARENT_EQUITY":1122855000,"DEBT_ASSET_RATIO":75.8083659074,"OPERATE_PROFIT":199175000,"PRETAX_PROFIT":190581000,"NETCASH_OPERATE":-154772000,"NETCASH_INVEST":-134209000,"NETCASH_FINANCE":-78177000,"END_CASH":346017000,"DIVI_RATIO":0.247643069781,"DIVIDEND_RATE":5.725694444444,"CURRENT_RATIO":0.746604340716,"COMMON_ACS":null,"CURRENTDEBT_DEBT":36.256957109569,"ISSUED_COMMON_SHARES":301600000,"HK_COMMON_SHARES":301600000,"PER_SHARES":1000,"TOTAL_MARKET_CAP":868608000,"HKSK_MARKET_CAP":868608000,"PE_TTM":4.31184443518,"PB_TTM":0.70602272728,"REPORT_DATE_SQ":"2023-06-30 00:00:00","REPORT_TYPE_SQ":"2023年中报","OPERATE_INCOME_SQ":710818000,"DPS_HKD":0.1649,"OPERATE_INCOME_QOQ_SQ":5.032997813999,"NET_PROFIT_RATIO_SQ":15.9445877848,"HOLDER_PROFIT_SQ":79272000,"HOLDER_PROFIT_QOQ_SQ":47.81242546484,"ROE_AVG_SQ":10.338830412636,"PE_TTM_SQ":5.054174637986,"PB_TTM_SQ":0.896592403431,"ROA_SQ":1.541814512549,"START_DATE":"2024-01-01 00:00:00","FISCAL_YEAR":"12-31","CURRENCY":"HKD","IS_CNY_CODE":0,"DPS_HKD_LY":0.1649,"ORG_TYPE":"一般企业","PREMIUM_INCOME":null,"PREMIUM_INCOME_YOY":null,"NET_INTEREST_INCOME":null,"NET_INTEREST_INCOME_YOY":null,"FEE_COMMISSION_INCOME":null,"FEE_COMMISSION_INCOME_YOY":null,"ACCOUNTS_RECE_TDAYS":1.594191706561,"INVENTORY_TDAYS":17.492058403521,"CURRENT_ASSETS_TDAYS":0.653162477102,"TOTAL_ASSETS_TDAYS":0.146815197821,"PREMIUM_EXPENSE":null,"LOAN_DEPOSIT":null,"LOAN_EQUITY":null,"LOAN_ASSETS":null,"DEPOSIT_EQUITY":null,"DEPOSIT_ASSETS":null,"EQUITY_MULTIPLIER":4.133660405792,"EQUITY_RATIO":3.756644446522},{"SECUCODE":"02481.HK","SECURITY_CODE":"02481","SECURITY_NAME_ABBR":"慧居科技","ORG_CODE":"10528423","STD_REPORT_DATE":"2023-12-31 00:00:00","REPORT_DATE":"2023-12-31 00:00:00","DATE_TYPE_CODE":"001","REPORT_TYPE":"2023年年报","PER_NETCASH_OPERATE":2.237801724138,"PER_OI":5.086322944297,"BPS":3.500689655172,"BASIC_EPS":0.57,"DILUTED_EPS":0.57,"OPERATE_INCOME":1534035000,"OPERATE_INCOME_YOY":6.2548312291,"GROSS_PROFIT":394166000,"GROSS_PROFIT_YOY":32.769021931346,"HOLDER_PROFIT":148980000,"HOLDER_PROFIT_YOY":54.4938868206,"GROSS_PROFIT_RATIO":25.694720133504,"EPS_TTM":0.493965517241,"OPERATE_INCOME_QOQ":1.163285291761,"NET_PROFIT_RATIO":14.7867551914,"ROE_AVG":16.711863931461,"GROSS_PROFIT_QOQ":11.538526840035,"ROA":2.698622892629,"HOLDER_PROFIT_QOQ":4.52022983506,"ROE_YEARLY":16.711863931461,"ROIC_YEARLY":3.132694135882,"TOTAL_ASSETS":5796958000,"TOTAL_LIABILITIES":4497953000,"TAX_EBT":19.605174552543,"OCF_SALES":43.996453796687,"TOTAL_PARENT_EQUITY":1055808000,"DEBT_ASSET_RATIO":77.5916092544,"OPERATE_PROFIT":298918000,"PRETAX_PROFIT":282150000,"NETCASH_OPERATE":674921000,"NETCASH_INVEST":-246257000,"NETCASH_FINANCE":-93557000,"END_CASH":713175000,"DIVI_RATIO":0.302522489494,"DIVIDEND_RATE":6.222641509434,"CURRENT_RATIO":0.799238397363,"COMMON_ACS":null,"CURRENTDEBT_DEBT":39.274265426962,"ISSUED_COMMON_SHARES":301600000,"HK_COMMON_SHARES":301600000,"PER_SHARES":1000,"TOTAL_MARKET_CAP":799240000,"HKSK_MARKET_CAP":799240000,"PE_TTM":3.967495747648,"PB_TTM":0.64963896781,"REPORT_DATE_SQ":"2022-12-31 00:00:00","REPORT_TYPE_SQ":"2022年年报","OPERATE_INCOME_SQ":1443732000,"DPS_HKD":0.1649,"OPERATE_INCOME_QOQ_SQ":11.86214537805,"NET_PROFIT_RATIO_SQ":9.7230649456,"HOLDER_PROFIT_SQ":96431000,"HOLDER_PROFIT_QOQ_SQ":-12.886644503866,"ROE_AVG_SQ":14.20279310355,"PE_TTM_SQ":4.782026772864,"PB_TTM_SQ":0.848314350938,"ROA_SQ":1.885653499364,"START_DATE":"2023-01-01 00:00:00","FISCAL_YEAR":"12-31","CURRENCY":"HKD","IS_CNY_CODE":0,"DPS_HKD_LY":null,"ORG_TYPE":"一般企业","PREMIUM_INCOME":null,"PREMIUM_INCOME_YOY":null,"NET_INTEREST_INCOME":null,"NET_INTEREST_INCOME_YOY":null,"FEE_COMMISSION_INCOME":null,"FEE_COMMISSION_INCOME_YOY":null,"ACCOUNTS_RECE_TDAYS":3.227250924605,"INVENTORY_TDAYS":26.571302026877,"CURRENT_ASSETS_TDAYS":1.193631568423,"TOTAL_ASSETS_TDAYS":0.277875014706,"PREMIUM_EXPENSE":null,"LOAN_DEPOSIT":null,"LOAN_EQUITY":null,"LOAN_ASSETS":null,"DEPOSIT_EQUITY":null,"DEPOSIT_ASSETS":null,"EQUITY_MULTIPLIER":4.462614077704,"EQUITY_RATIO":4.260199771171},{"SECUCODE":"02481.HK","SECURITY_CODE":"02481","SECURITY_NAME_ABBR":"慧居科技","ORG_CODE":"10528423","STD_REPORT_DATE":"2023-06-30 00:00:00","REPORT_DATE":"2023-06-30 00:00:00","DATE_TYPE_CODE":"002","REPORT_TYPE":"2023年中报","PER_NETCASH_OPERATE":0.118876106195,"PER_OI":3.145212389381,"BPS":2.673620689655,"BASIC_EPS":0.35,"DILUTED_EPS":0.35,"OPERATE_INCOME":710818000,"OPERATE_INCOME_YOY":11.38641866,"GROSS_PROFIT":194604000,"GROSS_PROFIT_YOY":40.920380897208,"HOLDER_PROFIT":79272000,"HOLDER_PROFIT_YOY":139.0158596153,"GROSS_PROFIT_RATIO":27.377472151803,"EPS_TTM":0.630694690265,"OPERATE_INCOME_QOQ":5.032997813999,"NET_PROFIT_RATIO":15.9445877848,"ROE_AVG":10.338830412636,"GROSS_PROFIT_QOQ":19.034225834594,"ROA":1.541814512549,"HOLDER_PROFIT_QOQ":47.81242546484,"ROE_YEARLY":20.677660825273,"ROIC_YEARLY":3.408162767374,"TOTAL_ASSETS":5038720000,"TOTAL_LIABILITIES":4032846000,"TAX_EBT":23.6443378494,"OCF_SALES":3.779589149403,"TOTAL_PARENT_EQUITY":806364000,"DEBT_ASSET_RATIO":80.0371126,"OPERATE_PROFIT":161122000,"PRETAX_PROFIT":148433000,"NETCASH_OPERATE":26866000,"NETCASH_INVEST":-128998000,"NETCASH_FINANCE":-69791000,"END_CASH":206145000,"DIVI_RATIO":0.23693822115,"DIVIDEND_RATE":6.222641509434,"CURRENT_RATIO":0.688198046776,"COMMON_ACS":null,"CURRENTDEBT_DEBT":35.569148933532,"ISSUED_COMMON_SHARES":301600000,"HK_COMMON_SHARES":301600000,"PER_SHARES":1000,"TOTAL_MARKET_CAP":799240000,"HKSK_MARKET_CAP":799240000,"PE_TTM":3.967495747648,"PB_TTM":0.64963896781,"REPORT_DATE_SQ":"2022-06-30 00:00:00","REPORT_TYPE_SQ":"2022年中报","OPERATE_INCOME_SQ":638155000,"DPS_HKD":0.1649,"OPERATE_INCOME_QOQ_SQ":0,"NET_PROFIT_RATIO_SQ":7.8183200006,"HOLDER_PROFIT_SQ":33166000,"HOLDER_PROFIT_QOQ_SQ":0,"ROE_AVG_SQ":null,"PE_TTM_SQ":4.782026772864,"PB_TTM_SQ":0.848314350938,"ROA_SQ":null,"START_DATE":"2023-01-01 00:00:00","FISCAL_YEAR":"12-31","CURRENCY":"HKD","IS_CNY_CODE":0,"DPS_HKD_LY":null,"ORG_TYPE":"一般企业","PREMIUM_INCOME":null,"PREMIUM_INCOME_YOY":null,"NET_INTEREST_INCOME":null,"NET_INTEREST_INCOME_YOY":null,"FEE_COMMISSION_INCOME":null,"FEE_COMMISSION_INCOME_YOY":null,"ACCOUNTS_RECE_TDAYS":1.433428818893,"INVENTORY_TDAYS":13.107866538012,"CURRENT_ASSETS_TDAYS":0.662561647526,"TOTAL_ASSETS_TDAYS":0.138251779718,"PREMIUM_EXPENSE":null,"LOAN_DEPOSIT":null,"LOAN_EQUITY":null,"LOAN_ASSETS":null,"DEPOSIT_EQUITY":null,"DEPOSIT_ASSETS":null,"EQUITY_MULTIPLIER":5.009295398821,"EQUITY_RATIO":5.001272378231},{"SECUCODE":"02481.HK","SECURITY_CODE":"02481","SECURITY_NAME_ABBR":"慧居科技","ORG_CODE":"10528423","STD_REPORT_DATE":"2022-12-31 00:00:00","REPORT_DATE":"2022-12-31 00:00:00","DATE_TYPE_CODE":"001","REPORT_TYPE":"2022年年报","PER_NETCASH_OPERATE":2.733800884956,"PER_OI":6.388194690265,"BPS":2.410865384615,"BASIC_EPS":0.43,"DILUTED_EPS":0.43,"OPERATE_INCOME":1443732000,"OPERATE_INCOME_YOY":11.8621453781,"GROSS_PROFIT":296881000,"GROSS_PROFIT_YOY":-5.351233477648,"HOLDER_PROFIT":96431000,"HOLDER_PROFIT_YOY":-12.8866445039,"GROSS_PROFIT_RATIO":20.563442522573,"EPS_TTM":0.426685840708,"OPERATE_INCOME_QOQ":11.86214537805,"NET_PROFIT_RATIO":9.7230649456,"ROE_AVG":14.20279310355,"GROSS_PROFIT_QOQ":-5.351233477648,"ROA":1.885653499364,"HOLDER_PROFIT_QOQ":-12.886644503866,"ROE_YEARLY":14.20279310355,"ROIC_YEARLY":2.059047260122,"TOTAL_ASSETS":5244229000,"TOTAL_LIABILITIES":4321667000,"TAX_EBT":24.665657736562,"OCF_SALES":42.794576832819,"TOTAL_PARENT_EQUITY":727117000,"DEBT_ASSET_RATIO":82.4080527376,"OPERATE_PROFIT":230549000,"PRETAX_PROFIT":186336000,"NETCASH_OPERATE":617839000,"NETCASH_INVEST":-117858000,"NETCASH_FINANCE":-258098000,"END_CASH":378068000,"DIVI_RATIO":0.350224131534,"DIVIDEND_RATE":6.987288135593,"CURRENT_RATIO":0.677354246587,"COMMON_ACS":null,"CURRENTDEBT_DEBT":39.57507600655,"ISSUED_COMMON_SHARES":301600000,"HK_COMMON_SHARES":301600000,"PER_SHARES":1000,"TOTAL_MARKET_CAP":711776000,"HKSK_MARKET_CAP":711776000,"PE_TTM":3.533316967717,"PB_TTM":0.578546401521,"REPORT_DATE_SQ":"2021-12-31 00:00:00","REPORT_TYPE_SQ":"2021年年报","OPERATE_INCOME_SQ":1290635000,"DPS_HKD":0.1649,"OPERATE_INCOME_QOQ_SQ":-6.225727864357,"NET_PROFIT_RATIO_SQ":13.2539408896,"HOLDER_PROFIT_SQ":110696000,"HOLDER_PROFIT_QOQ_SQ":65.638186443214,"ROE_AVG_SQ":19.229656780784,"PE_TTM_SQ":5.073613771209,"PB_TTM_SQ":0.900040835752,"ROA_SQ":2.209924235989,"START_DATE":"2022-01-01 00:00:00","FISCAL_YEAR":"12-31","CURRENCY":"HKD","IS_CNY_CODE":0,"DPS_HKD_LY":null,"ORG_TYPE":"一般企业","PREMIUM_INCOME":null,"PREMIUM_INCOME_YOY":null,"NET_INTEREST_INCOME":null,"NET_INTEREST_INCOME_YOY":null,"FEE_COMMISSION_INCOME":null,"FEE_COMMISSION_INCOME_YOY":null,"ACCOUNTS_RECE_TDAYS":3.539808167589,"INVENTORY_TDAYS":26.332912380602,"CURRENT_ASSETS_TDAYS":1.458383651353,"TOTAL_ASSETS_TDAYS":0.282313602259,"PREMIUM_EXPENSE":null,"LOAN_DEPOSIT":null,"LOAN_EQUITY":null,"LOAN_ASSETS":null,"DEPOSIT_EQUITY":null,"DEPOSIT_ASSETS":null,"EQUITY_MULTIPLIER":5.684419041759,"EQUITY_RATIO":5.943564790811},{"SECUCODE":"02481.HK","SECURITY_CODE":"02481","SECURITY_NAME_ABBR":"慧居科技","ORG_CODE":"10528423","STD_REPORT_DATE":"2022-06-30 00:00:00","REPORT_DATE":"2022-06-30 00:00:00","DATE_TYPE_CODE":"002","REPORT_TYPE":"2022年中报","PER_NETCASH_OPERATE":null,"PER_OI":null,"BPS":null,"BASIC_EPS":0.15,"DILUTED_EPS":0.15,"OPERATE_INCOME":638155000,"OPERATE_INCOME_YOY":null,"GROSS_PROFIT":138095000,"GROSS_PROFIT_YOY":null,"HOLDER_PROFIT":33166000,"HOLDER_PROFIT_YOY":null,"GROSS_PROFIT_RATIO":21.639727025566,"EPS_TTM":0.489805309735,"OPERATE_INCOME_QOQ":0,"NET_PROFIT_RATIO":7.8183200006,"ROE_AVG":null,"GROSS_PROFIT_QOQ":0,"ROA":null,"HOLDER_PROFIT_QOQ":0,"ROE_YEARLY":null,"ROIC_YEARLY":null,"TOTAL_ASSETS":null,"TOTAL_LIABILITIES":null,"TAX_EBT":27.859631873455,"OCF_SALES":14.887605675737,"TOTAL_PARENT_EQUITY":null,"DEBT_ASSET_RATIO":null,"OPERATE_PROFIT":107374000,"PRETAX_PROFIT":69161000,"NETCASH_OPERATE":95006000,"NETCASH_INVEST":-119678000,"NETCASH_FINANCE":58436000,"END_CASH":169949000,"DIVI_RATIO":0.305091992737,"DIVIDEND_RATE":6.222641509434,"CURRENT_RATIO":null,"COMMON_ACS":null,"CURRENTDEBT_DEBT":null,"ISSUED_COMMON_SHARES":301600000,"HK_COMMON_SHARES":301600000,"PER_SHARES":1000,"TOTAL_MARKET_CAP":799240000,"HKSK_MARKET_CAP":799240000,"PE_TTM":3.967495747648,"PB_TTM":0.64963896781,"REPORT_DATE_SQ":"2021-06-30 00:00:00","REPORT_TYPE_SQ":"2021年中报","OPERATE_INCOME_SQ":null,"DPS_HKD":0.1649,"OPERATE_INCOME_QOQ_SQ":0,"NET_PROFIT_RATIO_SQ":null,"HOLDER_PROFIT_SQ":null,"HOLDER_PROFIT_QOQ_SQ":0,"ROE_AVG_SQ":null,"PE_TTM_SQ":4.782026772864,"PB_TTM_SQ":0.848314350938,"ROA_SQ":null,"START_DATE":"2022-01-01 00:00:00","FISCAL_YEAR":"12-31","CURRENCY":"HKD","IS_CNY_CODE":0,"DPS_HKD_LY":null,"ORG_TYPE":"一般企业","PREMIUM_INCOME":null,"PREMIUM_INCOME_YOY":null,"NET_INTEREST_INCOME":null,"NET_INTEREST_INCOME_YOY":null,"FEE_COMMISSION_INCOME":null,"FEE_COMMISSION_INCOME_YOY":null,"ACCOUNTS_RECE_TDAYS":null,"INVENTORY_TDAYS":null,"CURRENT_ASSETS_TDAYS":1.553773559639,"TOTAL_ASSETS_TDAYS":0.25610042156,"PREMIUM_EXPENSE":null,"LOAN_DEPOSIT":null,"LOAN_EQUITY":null,"LOAN_ASSETS":null,"DEPOSIT_EQUITY":null,"DEPOSIT_ASSETS":null,"EQUITY_MULTIPLIER":null,"EQUITY_RATIO":null},{"SECUCODE":"02481.HK","SECURITY_CODE":"02481","SECURITY_NAME_ABBR":"慧居科技","ORG_CODE":"10528423","STD_REPORT_DATE":"2021-12-31 00:00:00","REPORT_DATE":"2021-12-31 00:00:00","DATE_TYPE_CODE":"001","REPORT_TYPE":"2021年年报","PER_NETCASH_OPERATE":2.212508849558,"PER_OI":5.710774336283,"BPS":2.09150862069,"BASIC_EPS":0.49,"DILUTED_EPS":0.49,"OPERATE_INCOME":1290635000,"OPERATE_INCOME_YOY":-6.2257278644,"GROSS_PROFIT":313666000,"GROSS_PROFIT_YOY":7.644737293661,"HOLDER_PROFIT":110696000,"HOLDER_PROFIT_YOY":65.6381864432,"GROSS_PROFIT_RATIO":24.303230580296,"EPS_TTM":0.489805309735,"OPERATE_INCOME_QOQ":-6.225727864357,"NET_PROFIT_RATIO":13.2539408896,"ROE_AVG":19.229656780784,"GROSS_PROFIT_QOQ":7.644737293661,"ROA":2.209924235989,"HOLDER_PROFIT_QOQ":65.638186443214,"ROE_YEARLY":19.229656780784,"ROIC_YEARLY":2.319140810036,"TOTAL_ASSETS":4983631000,"TOTAL_LIABILITIES":4201235000,"TAX_EBT":17.254790041165,"OCF_SALES":38.742711920876,"TOTAL_PARENT_EQUITY":630799000,"DEBT_ASSET_RATIO":84.3006835779,"OPERATE_PROFIT":246920000,"PRETAX_PROFIT":206731000,"NETCASH_OPERATE":500027000,"NETCASH_INVEST":-98725000,"NETCASH_FINANCE":-356943000,"END_CASH":136185000,"DIVI_RATIO":0.305091992737,"DIVIDEND_RATE":6.222641509434,"CURRENT_RATIO":0.459329335531,"COMMON_ACS":null,"CURRENTDEBT_DEBT":42.566435821848,"ISSUED_COMMON_SHARES":301600000,"HK_COMMON_SHARES":301600000,"PER_SHARES":1000,"TOTAL_MARKET_CAP":799240000,"HKSK_MARKET_CAP":799240000,"PE_TTM":3.967495747648,"PB_TTM":0.64963896781,"REPORT_DATE_SQ":"2020-12-31 00:00:00","REPORT_TYPE_SQ":"2020年年报","OPERATE_INCOME_SQ":1376321000,"DPS_HKD":0.1649,"OPERATE_INCOME_QOQ_SQ":5.816554121847,"NET_PROFIT_RATIO_SQ":7.1433916942,"HOLDER_PROFIT_SQ":66830000,"HOLDER_PROFIT_QOQ_SQ":-30.837852382332,"ROE_AVG_SQ":13.72098943876,"PE_TTM_SQ":4.782026772864,"PB_TTM_SQ":0.848314350938,"ROA_SQ":1.382696330258,"START_DATE":"2021-01-01 00:00:00","FISCAL_YEAR":"12-31","CURRENCY":"HKD","IS_CNY_CODE":0,"DPS_HKD_LY":null,"ORG_TYPE":"一般企业","PREMIUM_INCOME":null,"PREMIUM_INCOME_YOY":null,"NET_INTEREST_INCOME":null,"NET_INTEREST_INCOME_YOY":null,"FEE_COMMISSION_INCOME":null,"FEE_COMMISSION_INCOME_YOY":null,"ACCOUNTS_RECE_TDAYS":3.674562614774,"INVENTORY_TDAYS":27.490053181012,"CURRENT_ASSETS_TDAYS":1.535255741143,"TOTAL_ASSETS_TDAYS":0.257661122924,"PREMIUM_EXPENSE":null,"LOAN_DEPOSIT":null,"LOAN_EQUITY":null,"LOAN_ASSETS":null,"DEPOSIT_EQUITY":null,"DEPOSIT_ASSETS":null,"EQUITY_MULTIPLIER":6.369704088468,"EQUITY_RATIO":6.660180184179},{"SECUCODE":"02481.HK","SECURITY_CODE":"02481","SECURITY_NAME_ABBR":"慧居科技","ORG_CODE":"10528423","STD_REPORT_DATE":"2020-12-31 00:00:00","REPORT_DATE":"2020-12-31 00:00:00","DATE_TYPE_CODE":"001","REPORT_TYPE":"2020年年报","PER_NETCASH_OPERATE":1.958150442478,"PER_OI":6.089915929204,"BPS":1.725815649867,"BASIC_EPS":0.3,"DILUTED_EPS":0.3,"OPERATE_INCOME":1376321000,"OPERATE_INCOME_YOY":5.8165541218,"GROSS_PROFIT":291390000,"GROSS_PROFIT_YOY":0.647287196563,"HOLDER_PROFIT":66830000,"HOLDER_PROFIT_YOY":-30.8378523823,"GROSS_PROFIT_RATIO":21.171659809013,"EPS_TTM":0.295707964602,"OPERATE_INCOME_QOQ":5.816554121847,"NET_PROFIT_RATIO":7.1433916942,"ROE_AVG":13.72098943876,"GROSS_PROFIT_QOQ":0.647287196563,"ROA":1.382696330258,"HOLDER_PROFIT_QOQ":-30.837852382332,"ROE_YEARLY":13.72098943876,"ROIC_YEARLY":1.427106982094,"TOTAL_ASSETS":5034450000,"TOTAL_LIABILITIES":4421765000,"TAX_EBT":31.690370812982,"OCF_SALES":32.153981520299,"TOTAL_PARENT_EQUITY":520506000,"DEBT_ASSET_RATIO":87.8301502647,"OPERATE_PROFIT":201118000,"PRETAX_PROFIT":143927000,"NETCASH_OPERATE":442542000,"NETCASH_INVEST":-340136000,"NETCASH_FINANCE":-66755000,"END_CASH":91826000,"DIVI_RATIO":0.505348843753,"DIVIDEND_RATE":6.222641509434,"CURRENT_RATIO":0.366920595827,"COMMON_ACS":null,"CURRENTDEBT_DEBT":53.000713515983,"ISSUED_COMMON_SHARES":301600000,"HK_COMMON_SHARES":301600000,"PER_SHARES":1000,"TOTAL_MARKET_CAP":799240000,"HKSK_MARKET_CAP":799240000,"PE_TTM":3.967495747648,"PB_TTM":0.64963896781,"REPORT_DATE_SQ":"2019-12-31 00:00:00","REPORT_TYPE_SQ":"2019年年报","OPERATE_INCOME_SQ":1300667000,"DPS_HKD":0.1649,"OPERATE_INCOME_QOQ_SQ":null,"NET_PROFIT_RATIO_SQ":10.5069937194,"HOLDER_PROFIT_SQ":96628000,"HOLDER_PROFIT_QOQ_SQ":null,"ROE_AVG_SQ":21.301435997372,"PE_TTM_SQ":4.782026772864,"PB_TTM_SQ":0.848314350938,"ROA_SQ":2.086020159018,"START_DATE":"2020-01-01 00:00:00","FISCAL_YEAR":"12-31","CURRENCY":"HKD","IS_CNY_CODE":0,"DPS_HKD_LY":null,"ORG_TYPE":"一般企业","PREMIUM_INCOME":null,"PREMIUM_INCOME_YOY":null,"NET_INTEREST_INCOME":null,"NET_INTEREST_INCOME_YOY":null,"FEE_COMMISSION_INCOME":null,"FEE_COMMISSION_INCOME_YOY":null,"ACCOUNTS_RECE_TDAYS":3.95586047922,"INVENTORY_TDAYS":28.152604605903,"CURRENT_ASSETS_TDAYS":1.679185638503,"TOTAL_ASSETS_TDAYS":0.284757443657,"PREMIUM_EXPENSE":null,"LOAN_DEPOSIT":null,"LOAN_EQUITY":null,"LOAN_ASSETS":null,"DEPOSIT_EQUITY":null,"DEPOSIT_ASSETS":null,"EQUITY_MULTIPLIER":8.217028326154,"EQUITY_RATIO":8.495127817931},{"SECUCODE":"02481.HK","SECURITY_CODE":"02481","SECURITY_NAME_ABBR":"慧居科技","ORG_CODE":"10528423","STD_REPORT_DATE":"2019-12-31 00:00:00","REPORT_DATE":"2019-12-31 00:00:00","DATE_TYPE_CODE":"001","REPORT_TYPE":"2019年年报","PER_NETCASH_OPERATE":1.383376106195,"PER_OI":5.755163716814,"BPS":1.504051724138,"BASIC_EPS":0.43,"DILUTED_EPS":0.43,"OPERATE_INCOME":1300667000,"OPERATE_INCOME_YOY":null,"GROSS_PROFIT":289516000,"GROSS_PROFIT_YOY":null,"HOLDER_PROFIT":96628000,"HOLDER_PROFIT_YOY":null,"GROSS_PROFIT_RATIO":22.259040938226,"EPS_TTM":0.427557522124,"OPERATE_INCOME_QOQ":null,"NET_PROFIT_RATIO":10.5069937194,"ROE_AVG":21.301435997372,"GROSS_PROFIT_QOQ":null,"ROA":2.086020159018,"HOLDER_PROFIT_QOQ":null,"ROE_YEARLY":21.301435997372,"ROIC_YEARLY":2.139986304513,"TOTAL_ASSETS":4632170000,"TOTAL_LIABILITIES":4117909000,"TAX_EBT":24.839681893679,"OCF_SALES":24.037128642458,"TOTAL_PARENT_EQUITY":453622000,"DEBT_ASSET_RATIO":88.8980542597,"OPERATE_PROFIT":null,"PRETAX_PROFIT":181826000,"NETCASH_OPERATE":312643000,"NETCASH_INVEST":-290509000,"NETCASH_FINANCE":-89364000,"END_CASH":56175000,"DIVI_RATIO":0.3495101133,"DIVIDEND_RATE":6.222641509434,"CURRENT_RATIO":0.379857769434,"COMMON_ACS":null,"CURRENTDEBT_DEBT":49.824777575221,"ISSUED_COMMON_SHARES":301600000,"HK_COMMON_SHARES":301600000,"PER_SHARES":1000,"TOTAL_MARKET_CAP":799240000,"HKSK_MARKET_CAP":799240000,"PE_TTM":3.967495747648,"PB_TTM":0.64963896781,"REPORT_DATE_SQ":"2018-12-31 00:00:00","REPORT_TYPE_SQ":"2018年年报","OPERATE_INCOME_SQ":null,"DPS_HKD":0.1649,"OPERATE_INCOME_QOQ_SQ":null,"NET_PROFIT_RATIO_SQ":null,"HOLDER_PROFIT_SQ":null,"HOLDER_PROFIT_QOQ_SQ":null,"ROE_AVG_SQ":null,"PE_TTM_SQ":4.782026772864,"PB_TTM_SQ":0.848314350938,"ROA_SQ":null,"START_DATE":"2019-01-01 00:00:00","FISCAL_YEAR":"12-31","CURRENCY":"HKD","IS_CNY_CODE":0,"DPS_HKD_LY":null,"ORG_TYPE":"一般企业","PREMIUM_INCOME":null,"PREMIUM_INCOME_YOY":null,"NET_INTEREST_INCOME":null,"NET_INTEREST_INCOME_YOY":null,"FEE_COMMISSION_INCOME":null,"FEE_COMMISSION_INCOME_YOY":null,"ACCOUNTS_RECE_TDAYS":3.928380072185,"INVENTORY_TDAYS":22.889666100736,"CURRENT_ASSETS_TDAYS":3.337743738845,"TOTAL_ASSETS_TDAYS":0.561579993826,"PREMIUM_EXPENSE":null,"LOAN_DEPOSIT":null,"LOAN_EQUITY":null,"LOAN_ASSETS":null,"DEPOSIT_EQUITY":null,"DEPOSIT_ASSETS":null,"EQUITY_MULTIPLIER":9.007430079306,"EQUITY_RATIO":9.077842344507}],"count":8},"success":true,"message":"ok","code":0}