{"version":"13e95e04899b3b902da0e2831b7d4411","result":{"pages":2,"data":[{"SECUCODE":"02497.HK","SECURITY_CODE":"02497","SECURITY_NAME_ABBR":"富景中国控股","ORG_CODE":"10000173835","STD_REPORT_DATE":"2024-06-30 00:00:00","REPORT_DATE":"2024-06-30 00:00:00","DATE_TYPE_CODE":"002","REPORT_TYPE":"2024年中报","PER_NETCASH_OPERATE":0.05786,"PER_OI":0.150022,"BPS":0.880992,"BASIC_EPS":0.0329,"DILUTED_EPS":0.0329,"OPERATE_INCOME":75011000,"OPERATE_INCOME_YOY":5.2372401021,"GROSS_PROFIT":28546000,"GROSS_PROFIT_YOY":-2.269848334417,"HOLDER_PROFIT":14877000,"HOLDER_PROFIT_YOY":-41.2487165311,"GROSS_PROFIT_RATIO":38.055751823066,"EPS_TTM":0.07757,"OPERATE_INCOME_QOQ":2.364753579121,"NET_PROFIT_RATIO":19.8330911466,"ROE_AVG":3.813886834438,"GROSS_PROFIT_QOQ":-0.967403040826,"ROA":3.462207090112,"HOLDER_PROFIT_QOQ":-21.216737761528,"ROE_YEARLY":7.627773668876,"ROIC_YEARLY":10.334066750833,"TOTAL_ASSETS":482828000,"TOTAL_LIABILITIES":42332000,"TAX_EBT":null,"OCF_SALES":38.567676740745,"TOTAL_PARENT_EQUITY":440496000,"DEBT_ASSET_RATIO":8.7675114119,"OPERATE_PROFIT":15194000,"PRETAX_PROFIT":14877000,"NETCASH_OPERATE":28930000,"NETCASH_INVEST":-11992000,"NETCASH_FINANCE":86960000,"END_CASH":194122000,"DIVI_RATIO":null,"DIVIDEND_RATE":null,"CURRENT_RATIO":7.988927396617,"COMMON_ACS":10000000000,"CURRENTDEBT_DEBT":80.430879712747,"ISSUED_COMMON_SHARES":500000000,"HK_COMMON_SHARES":500000000,"PER_SHARES":2000,"TOTAL_MARKET_CAP":535000000,"HKSK_MARKET_CAP":535000000,"PE_TTM":12.395708309862,"PB_TTM":1.108486342668,"REPORT_DATE_SQ":"2023-06-30 00:00:00","REPORT_TYPE_SQ":"2023年中报","OPERATE_INCOME_SQ":71278000,"DPS_HKD":null,"OPERATE_INCOME_QOQ_SQ":0,"NET_PROFIT_RATIO_SQ":35.5256881506,"HOLDER_PROFIT_SQ":25322000,"HOLDER_PROFIT_QOQ_SQ":0,"ROE_AVG_SQ":null,"PE_TTM_SQ":null,"PB_TTM_SQ":null,"ROA_SQ":null,"START_DATE":"2024-01-01 00:00:00","FISCAL_YEAR":"12-31","CURRENCY":"HKD","IS_CNY_CODE":0,"DPS_HKD_LY":null,"ORG_TYPE":"一般企业","PREMIUM_INCOME":null,"PREMIUM_INCOME_YOY":null,"NET_INTEREST_INCOME":null,"NET_INTEREST_INCOME_YOY":null,"FEE_COMMISSION_INCOME":null,"FEE_COMMISSION_INCOME_YOY":null,"ACCOUNTS_RECE_TDAYS":1.166315527603,"INVENTORY_TDAYS":52.443566591422,"CURRENT_ASSETS_TDAYS":0.338078508346,"TOTAL_ASSETS_TDAYS":0.174567195023,"PREMIUM_EXPENSE":null,"LOAN_DEPOSIT":null,"LOAN_EQUITY":null,"LOAN_ASSETS":null,"DEPOSIT_EQUITY":null,"DEPOSIT_ASSETS":null,"EQUITY_MULTIPLIER":1.096100759144,"EQUITY_RATIO":0.096100759144},{"SECUCODE":"02497.HK","SECURITY_CODE":"02497","SECURITY_NAME_ABBR":"富景中国控股","ORG_CODE":"10000173835","STD_REPORT_DATE":"2023-12-31 00:00:00","REPORT_DATE":"2023-12-31 00:00:00","DATE_TYPE_CODE":"001","REPORT_TYPE":"2023年年报","PER_NETCASH_OPERATE":317.2270503,"PER_OI":1118.075022,"BPS":0.679306,"BASIC_EPS":0.12,"DILUTED_EPS":0.12,"OPERATE_INCOME":157860000,"OPERATE_INCOME_YOY":24.5994285444,"GROSS_PROFIT":68534000,"GROSS_PROFIT_YOY":30.44405108586,"HOLDER_PROFIT":49230000,"HOLDER_PROFIT_YOY":54.7529234251,"GROSS_PROFIT_RATIO":43.414417838591,"EPS_TTM":348.681320999999,"OPERATE_INCOME_QOQ":-0.942508251653,"NET_PROFIT_RATIO":31.1858608894,"ROE_AVG":15.626611901047,"GROSS_PROFIT_QOQ":-5.485988526037,"ROA":13.903401998385,"HOLDER_PROFIT_QOQ":-7.511084391674,"ROE_YEARLY":15.626611901047,"ROIC_YEARLY":17.978176400129,"TOTAL_ASSETS":376566000,"TOTAL_LIABILITIES":36913000,"TAX_EBT":null,"OCF_SALES":28.372608640568,"TOTAL_PARENT_EQUITY":339653000,"DEBT_ASSET_RATIO":9.802531296,"OPERATE_PROFIT":50102000,"PRETAX_PROFIT":49230000,"NETCASH_OPERATE":44789000,"NETCASH_INVEST":-25464000,"NETCASH_FINANCE":-975000,"END_CASH":89429000,"DIVI_RATIO":null,"DIVIDEND_RATE":null,"CURRENT_RATIO":5.123568019093,"COMMON_ACS":10000000000,"CURRENTDEBT_DEBT":90.808116381763,"ISSUED_COMMON_SHARES":500000000,"HK_COMMON_SHARES":500000000,"PER_SHARES":2000,"TOTAL_MARKET_CAP":490000000,"HKSK_MARKET_CAP":490000000,"PE_TTM":11.353078638939,"PB_TTM":1.015249173659,"REPORT_DATE_SQ":"2022-12-31 00:00:00","REPORT_TYPE_SQ":"2022年年报","OPERATE_INCOME_SQ":126694000,"DPS_HKD":null,"OPERATE_INCOME_QOQ_SQ":-18.23344907258,"NET_PROFIT_RATIO_SQ":25.1093185155,"HOLDER_PROFIT_SQ":31812000,"HOLDER_PROFIT_QOQ_SQ":-32.748451472422,"ROE_AVG_SQ":11.588163404324,"PE_TTM_SQ":null,"PB_TTM_SQ":null,"ROA_SQ":10.233891320398,"START_DATE":"2023-01-01 00:00:00","FISCAL_YEAR":"12-31","CURRENCY":"HKD","IS_CNY_CODE":0,"DPS_HKD_LY":null,"ORG_TYPE":"一般企业","PREMIUM_INCOME":null,"PREMIUM_INCOME_YOY":null,"NET_INTEREST_INCOME":null,"NET_INTEREST_INCOME_YOY":null,"FEE_COMMISSION_INCOME":null,"FEE_COMMISSION_INCOME_YOY":null,"ACCOUNTS_RECE_TDAYS":2.736989935242,"INVENTORY_TDAYS":54.169799878714,"CURRENT_ASSETS_TDAYS":1.010452738643,"TOTAL_ASSETS_TDAYS":0.44582389589,"PREMIUM_EXPENSE":null,"LOAN_DEPOSIT":null,"LOAN_EQUITY":null,"LOAN_ASSETS":null,"DEPOSIT_EQUITY":null,"DEPOSIT_ASSETS":null,"EQUITY_MULTIPLIER":1.108678563122,"EQUITY_RATIO":0.108678563122},{"SECUCODE":"02497.HK","SECURITY_CODE":"02497","SECURITY_NAME_ABBR":"富景中国控股","ORG_CODE":"10000173835","STD_REPORT_DATE":"2023-09-30 00:00:00","REPORT_DATE":"2023-09-30 00:00:00","DATE_TYPE_CODE":"004","REPORT_TYPE":"2023年三季报","PER_NETCASH_OPERATE":302.98756,"PER_OI":870.866661200002,"BPS":0.663074,"BASIC_EPS":0.1,"DILUTED_EPS":0.1,"OPERATE_INCOME":121294000,"OPERATE_INCOME_YOY":36.860514973,"GROSS_PROFIT":51977000,"GROSS_PROFIT_YOY":47.014566539386,"HOLDER_PROFIT":41117000,"HOLDER_PROFIT_YOY":108.705141871,"GROSS_PROFIT_RATIO":42.852078421027,"EPS_TTM":382.166394400001,"OPERATE_INCOME_QOQ":25.784962192369,"NET_PROFIT_RATIO":33.8986264778,"ROE_AVG":13.221686820599,"GROSS_PROFIT_QOQ":29.740561817857,"ROA":11.717533267883,"HOLDER_PROFIT_QOQ":67.320507984408,"ROE_YEARLY":17.628915760798,"ROIC_YEARLY":15.196746062399,"TOTAL_ASSETS":370197000,"TOTAL_LIABILITIES":38660000,"TAX_EBT":null,"OCF_SALES":34.791498342869,"TOTAL_PARENT_EQUITY":331537000,"DEBT_ASSET_RATIO":10.4430884097,"OPERATE_PROFIT":41779000,"PRETAX_PROFIT":41117000,"NETCASH_OPERATE":42200000,"NETCASH_INVEST":-22965000,"NETCASH_FINANCE":-719000,"END_CASH":89595000,"DIVI_RATIO":null,"DIVIDEND_RATE":null,"CURRENT_RATIO":4.689247220089,"COMMON_ACS":10000000000,"CURRENTDEBT_DEBT":90.954474909467,"ISSUED_COMMON_SHARES":500000000,"HK_COMMON_SHARES":500000000,"PER_SHARES":2000,"TOTAL_MARKET_CAP":490000000,"HKSK_MARKET_CAP":490000000,"PE_TTM":11.353078638939,"PB_TTM":1.015249173659,"REPORT_DATE_SQ":"2022-09-30 00:00:00","REPORT_TYPE_SQ":"2022年三季报","OPERATE_INCOME_SQ":88626000,"DPS_HKD":null,"OPERATE_INCOME_QOQ_SQ":0,"NET_PROFIT_RATIO_SQ":22.2293683569,"HOLDER_PROFIT_SQ":19701000,"HOLDER_PROFIT_QOQ_SQ":0,"ROE_AVG_SQ":null,"PE_TTM_SQ":null,"PB_TTM_SQ":null,"ROA_SQ":null,"START_DATE":"2023-01-01 00:00:00","FISCAL_YEAR":"12-31","CURRENCY":"HKD","IS_CNY_CODE":0,"DPS_HKD_LY":null,"ORG_TYPE":"一般企业","PREMIUM_INCOME":null,"PREMIUM_INCOME_YOY":null,"NET_INTEREST_INCOME":null,"NET_INTEREST_INCOME_YOY":null,"FEE_COMMISSION_INCOME":null,"FEE_COMMISSION_INCOME_YOY":null,"ACCOUNTS_RECE_TDAYS":2.169450903237,"INVENTORY_TDAYS":48.003462603878,"CURRENT_ASSETS_TDAYS":0.793808900524,"TOTAL_ASSETS_TDAYS":0.34566395413,"PREMIUM_EXPENSE":null,"LOAN_DEPOSIT":null,"LOAN_EQUITY":null,"LOAN_ASSETS":null,"DEPOSIT_EQUITY":null,"DEPOSIT_ASSETS":null,"EQUITY_MULTIPLIER":1.116608402682,"EQUITY_RATIO":0.116608402682},{"SECUCODE":"02497.HK","SECURITY_CODE":"02497","SECURITY_NAME_ABBR":"富景中国控股","ORG_CODE":"10000173835","STD_REPORT_DATE":"2023-06-30 00:00:00","REPORT_DATE":"2023-06-30 00:00:00","DATE_TYPE_CODE":"002","REPORT_TYPE":"2023年中报","PER_NETCASH_OPERATE":null,"PER_OI":null,"BPS":null,"BASIC_EPS":0.0633,"DILUTED_EPS":0.0633,"OPERATE_INCOME":71278000,"OPERATE_INCOME_YOY":null,"GROSS_PROFIT":29209000,"GROSS_PROFIT_YOY":null,"HOLDER_PROFIT":25322000,"HOLDER_PROFIT_YOY":null,"GROSS_PROFIT_RATIO":40.978983697635,"EPS_TTM":221.5578552,"OPERATE_INCOME_QOQ":0,"NET_PROFIT_RATIO":35.5256881506,"ROE_AVG":null,"GROSS_PROFIT_QOQ":0,"ROA":null,"HOLDER_PROFIT_QOQ":0,"ROE_YEARLY":null,"ROIC_YEARLY":null,"TOTAL_ASSETS":null,"TOTAL_LIABILITIES":null,"TAX_EBT":null,"OCF_SALES":47.368051853307,"TOTAL_PARENT_EQUITY":null,"DEBT_ASSET_RATIO":null,"OPERATE_PROFIT":25763000,"PRETAX_PROFIT":25322000,"NETCASH_OPERATE":33763000,"NETCASH_INVEST":-14589000,"NETCASH_FINANCE":-441000,"END_CASH":89812000,"DIVI_RATIO":null,"DIVIDEND_RATE":null,"CURRENT_RATIO":null,"COMMON_ACS":10000000000,"CURRENTDEBT_DEBT":null,"ISSUED_COMMON_SHARES":500000000,"HK_COMMON_SHARES":500000000,"PER_SHARES":2000,"TOTAL_MARKET_CAP":490000000,"HKSK_MARKET_CAP":490000000,"PE_TTM":11.353078638939,"PB_TTM":1.015249173659,"REPORT_DATE_SQ":"2022-06-30 00:00:00","REPORT_TYPE_SQ":"2022年中报","OPERATE_INCOME_SQ":null,"DPS_HKD":null,"OPERATE_INCOME_QOQ_SQ":0,"NET_PROFIT_RATIO_SQ":null,"HOLDER_PROFIT_SQ":null,"HOLDER_PROFIT_QOQ_SQ":0,"ROE_AVG_SQ":null,"PE_TTM_SQ":null,"PB_TTM_SQ":null,"ROA_SQ":null,"START_DATE":"2023-01-01 00:00:00","FISCAL_YEAR":"12-31","CURRENCY":"HKD","IS_CNY_CODE":0,"DPS_HKD_LY":null,"ORG_TYPE":"一般企业","PREMIUM_INCOME":null,"PREMIUM_INCOME_YOY":null,"NET_INTEREST_INCOME":null,"NET_INTEREST_INCOME_YOY":null,"FEE_COMMISSION_INCOME":null,"FEE_COMMISSION_INCOME_YOY":null,"ACCOUNTS_RECE_TDAYS":null,"INVENTORY_TDAYS":null,"CURRENT_ASSETS_TDAYS":1.013104781397,"TOTAL_ASSETS_TDAYS":0.429895719619,"PREMIUM_EXPENSE":null,"LOAN_DEPOSIT":null,"LOAN_EQUITY":null,"LOAN_ASSETS":null,"DEPOSIT_EQUITY":null,"DEPOSIT_ASSETS":null,"EQUITY_MULTIPLIER":null,"EQUITY_RATIO":null},{"SECUCODE":"02497.HK","SECURITY_CODE":"02497","SECURITY_NAME_ABBR":"富景中国控股","ORG_CODE":"10000173835","STD_REPORT_DATE":"2022-12-31 00:00:00","REPORT_DATE":"2022-12-31 00:00:00","DATE_TYPE_CODE":"001","REPORT_TYPE":"2022年年报","PER_NETCASH_OPERATE":349.866681,"PER_OI":882.373032399999,"BPS":0.580852,"BASIC_EPS":0.08,"DILUTED_EPS":0.08,"OPERATE_INCOME":126694000,"OPERATE_INCOME_YOY":-18.2334490726,"GROSS_PROFIT":52539000,"GROSS_PROFIT_YOY":-20.120718227844,"HOLDER_PROFIT":31812000,"HOLDER_PROFIT_YOY":-32.7484514724,"GROSS_PROFIT_RATIO":44.114164838114,"EPS_TTM":221.5578552,"OPERATE_INCOME_QOQ":-18.23344907258,"NET_PROFIT_RATIO":25.1093185155,"ROE_AVG":11.588163404324,"GROSS_PROFIT_QOQ":-18.937734781789,"ROA":10.233891320398,"HOLDER_PROFIT_QOQ":-32.748451472422,"ROE_YEARLY":11.588163404324,"ROIC_YEARLY":12.057833024105,"TOTAL_ASSETS":331606000,"TOTAL_LIABILITIES":41180000,"TAX_EBT":null,"OCF_SALES":39.650654332486,"TOTAL_PARENT_EQUITY":290426000,"DEBT_ASSET_RATIO":12.4183518995,"OPERATE_PROFIT":32712000,"PRETAX_PROFIT":31812000,"NETCASH_OPERATE":50235000,"NETCASH_INVEST":-1091000,"NETCASH_FINANCE":-1025000,"END_CASH":71079000,"DIVI_RATIO":null,"DIVIDEND_RATE":null,"CURRENT_RATIO":3.757028809441,"COMMON_ACS":10000000000,"CURRENTDEBT_DEBT":90.949490043711,"ISSUED_COMMON_SHARES":500000000,"HK_COMMON_SHARES":500000000,"PER_SHARES":2000,"TOTAL_MARKET_CAP":490000000,"HKSK_MARKET_CAP":490000000,"PE_TTM":11.353078638939,"PB_TTM":1.015249173659,"REPORT_DATE_SQ":"2021-12-31 00:00:00","REPORT_TYPE_SQ":"2021年年报","OPERATE_INCOME_SQ":154946000,"DPS_HKD":null,"OPERATE_INCOME_QOQ_SQ":27.627362958692,"NET_PROFIT_RATIO_SQ":30.5287003214,"HOLDER_PROFIT_SQ":47303000,"HOLDER_PROFIT_QOQ_SQ":8.051989583809,"ROE_AVG_SQ":20.131934543443,"PE_TTM_SQ":null,"PB_TTM_SQ":null,"ROA_SQ":17.56699545441,"START_DATE":"2022-01-01 00:00:00","FISCAL_YEAR":"12-31","CURRENCY":"HKD","IS_CNY_CODE":0,"DPS_HKD_LY":null,"ORG_TYPE":"一般企业","PREMIUM_INCOME":null,"PREMIUM_INCOME_YOY":null,"NET_INTEREST_INCOME":null,"NET_INTEREST_INCOME_YOY":null,"FEE_COMMISSION_INCOME":null,"FEE_COMMISSION_INCOME_YOY":null,"ACCOUNTS_RECE_TDAYS":2.533018773617,"INVENTORY_TDAYS":80.642369020501,"CURRENT_ASSETS_TDAYS":1.104910412551,"TOTAL_ASSETS_TDAYS":0.40757343988,"PREMIUM_EXPENSE":null,"LOAN_DEPOSIT":null,"LOAN_EQUITY":null,"LOAN_ASSETS":null,"DEPOSIT_EQUITY":null,"DEPOSIT_ASSETS":null,"EQUITY_MULTIPLIER":1.141791712863,"EQUITY_RATIO":0.141791712863},{"SECUCODE":"02497.HK","SECURITY_CODE":"02497","SECURITY_NAME_ABBR":"富景中国控股","ORG_CODE":"10000173835","STD_REPORT_DATE":"2022-09-30 00:00:00","REPORT_DATE":"2022-09-30 00:00:00","DATE_TYPE_CODE":"004","REPORT_TYPE":"2022年三季报","PER_NETCASH_OPERATE":null,"PER_OI":null,"BPS":null,"BASIC_EPS":0.05,"DILUTED_EPS":0.05,"OPERATE_INCOME":88626000,"OPERATE_INCOME_YOY":null,"GROSS_PROFIT":35355000,"GROSS_PROFIT_YOY":null,"HOLDER_PROFIT":19701000,"HOLDER_PROFIT_YOY":null,"GROSS_PROFIT_RATIO":39.892356644777,"EPS_TTM":301.589737100001,"OPERATE_INCOME_QOQ":0,"NET_PROFIT_RATIO":22.2293683569,"ROE_AVG":null,"GROSS_PROFIT_QOQ":0,"ROA":null,"HOLDER_PROFIT_QOQ":0,"ROE_YEARLY":null,"ROIC_YEARLY":null,"TOTAL_ASSETS":null,"TOTAL_LIABILITIES":null,"TAX_EBT":null,"OCF_SALES":48.472231625031,"TOTAL_PARENT_EQUITY":null,"DEBT_ASSET_RATIO":null,"OPERATE_PROFIT":20389000,"PRETAX_PROFIT":19701000,"NETCASH_OPERATE":42959000,"NETCASH_INVEST":-1091000,"NETCASH_FINANCE":-770000,"END_CASH":64058000,"DIVI_RATIO":null,"DIVIDEND_RATE":null,"CURRENT_RATIO":null,"COMMON_ACS":10000000000,"CURRENTDEBT_DEBT":null,"ISSUED_COMMON_SHARES":500000000,"HK_COMMON_SHARES":500000000,"PER_SHARES":2000,"TOTAL_MARKET_CAP":490000000,"HKSK_MARKET_CAP":490000000,"PE_TTM":11.353078638939,"PB_TTM":1.015249173659,"REPORT_DATE_SQ":"2021-09-30 00:00:00","REPORT_TYPE_SQ":"2021年三季报","OPERATE_INCOME_SQ":null,"DPS_HKD":null,"OPERATE_INCOME_QOQ_SQ":0,"NET_PROFIT_RATIO_SQ":null,"HOLDER_PROFIT_SQ":null,"HOLDER_PROFIT_QOQ_SQ":0,"ROE_AVG_SQ":null,"PE_TTM_SQ":null,"PB_TTM_SQ":null,"ROA_SQ":null,"START_DATE":"2022-01-01 00:00:00","FISCAL_YEAR":"12-31","CURRENCY":"HKD","IS_CNY_CODE":0,"DPS_HKD_LY":null,"ORG_TYPE":"一般企业","PREMIUM_INCOME":null,"PREMIUM_INCOME_YOY":null,"NET_INTEREST_INCOME":null,"NET_INTEREST_INCOME_YOY":null,"FEE_COMMISSION_INCOME":null,"FEE_COMMISSION_INCOME_YOY":null,"ACCOUNTS_RECE_TDAYS":null,"INVENTORY_TDAYS":null,"CURRENT_ASSETS_TDAYS":2.000203121297,"TOTAL_ASSETS_TDAYS":0.611017846001,"PREMIUM_EXPENSE":null,"LOAN_DEPOSIT":null,"LOAN_EQUITY":null,"LOAN_ASSETS":null,"DEPOSIT_EQUITY":null,"DEPOSIT_ASSETS":null,"EQUITY_MULTIPLIER":null,"EQUITY_RATIO":null},{"SECUCODE":"02497.HK","SECURITY_CODE":"02497","SECURITY_NAME_ABBR":"富景中国控股","ORG_CODE":"10000173835","STD_REPORT_DATE":"2021-12-31 00:00:00","REPORT_DATE":"2021-12-31 00:00:00","DATE_TYPE_CODE":"001","REPORT_TYPE":"2021年年报","PER_NETCASH_OPERATE":215.6134226,"PER_OI":987.889212200003,"BPS":0.517234,"BASIC_EPS":0.12,"DILUTED_EPS":0.12,"OPERATE_INCOME":154946000,"OPERATE_INCOME_YOY":27.6273629587,"GROSS_PROFIT":65773000,"GROSS_PROFIT_YOY":23.03677653485,"HOLDER_PROFIT":47303000,"HOLDER_PROFIT_YOY":8.0519895838,"GROSS_PROFIT_RATIO":44.497437817046,"EPS_TTM":301.589737100001,"OPERATE_INCOME_QOQ":27.627362958692,"NET_PROFIT_RATIO":30.5287003214,"ROE_AVG":20.131934543443,"GROSS_PROFIT_QOQ":24.056714108354,"ROA":17.56699545441,"HOLDER_PROFIT_QOQ":8.051989583809,"ROE_YEARLY":20.131934543443,"ROIC_YEARLY":18.600782913532,"TOTAL_ASSETS":290093000,"TOTAL_LIABILITIES":31476000,"TAX_EBT":null,"OCF_SALES":21.825668297342,"TOTAL_PARENT_EQUITY":258617000,"DEBT_ASSET_RATIO":10.8503135201,"OPERATE_PROFIT":48200000,"PRETAX_PROFIT":47303000,"NETCASH_OPERATE":33818000,"NETCASH_INVEST":-16812000,"NETCASH_FINANCE":-1012000,"END_CASH":22963000,"DIVI_RATIO":null,"DIVIDEND_RATE":null,"CURRENT_RATIO":3.231484520293,"COMMON_ACS":10000000000,"CURRENTDEBT_DEBT":87.12352268395,"ISSUED_COMMON_SHARES":500000000,"HK_COMMON_SHARES":500000000,"PER_SHARES":2000,"TOTAL_MARKET_CAP":490000000,"HKSK_MARKET_CAP":490000000,"PE_TTM":11.353078638939,"PB_TTM":1.015249173659,"REPORT_DATE_SQ":"2020-12-31 00:00:00","REPORT_TYPE_SQ":"2020年年报","OPERATE_INCOME_SQ":121405000,"DPS_HKD":null,"OPERATE_INCOME_QOQ_SQ":3.109287946732,"NET_PROFIT_RATIO_SQ":36.0594703678,"HOLDER_PROFIT_SQ":43778000,"HOLDER_PROFIT_QOQ_SQ":11.278310159884,"ROE_AVG_SQ":23.220030179993,"PE_TTM_SQ":null,"PB_TTM_SQ":null,"ROA_SQ":19.174848177584,"START_DATE":"2021-01-01 00:00:00","FISCAL_YEAR":"12-31","CURRENCY":"HKD","IS_CNY_CODE":0,"DPS_HKD_LY":null,"ORG_TYPE":"一般企业","PREMIUM_INCOME":null,"PREMIUM_INCOME_YOY":null,"NET_INTEREST_INCOME":null,"NET_INTEREST_INCOME_YOY":null,"FEE_COMMISSION_INCOME":null,"FEE_COMMISSION_INCOME_YOY":null,"ACCOUNTS_RECE_TDAYS":3.987749482055,"INVENTORY_TDAYS":747.817391304348,"CURRENT_ASSETS_TDAYS":2.226347589318,"TOTAL_ASSETS_TDAYS":0.575425591966,"PREMIUM_EXPENSE":null,"LOAN_DEPOSIT":null,"LOAN_EQUITY":null,"LOAN_ASSETS":null,"DEPOSIT_EQUITY":null,"DEPOSIT_ASSETS":null,"EQUITY_MULTIPLIER":1.12170893638,"EQUITY_RATIO":0.121708936381},{"SECUCODE":"02497.HK","SECURITY_CODE":"02497","SECURITY_NAME_ABBR":"富景中国控股","ORG_CODE":"10000173835","STD_REPORT_DATE":"2020-12-31 00:00:00","REPORT_DATE":"2020-12-31 00:00:00","DATE_TYPE_CODE":"001","REPORT_TYPE":"2020年年报","PER_NETCASH_OPERATE":336.7631388,"PER_OI":792.1554845,"BPS":0.422626,"BASIC_EPS":0.11,"DILUTED_EPS":0.11,"OPERATE_INCOME":121405000,"OPERATE_INCOME_YOY":3.3058202859,"GROSS_PROFIT":53458000,"GROSS_PROFIT_YOY":-9.770958867116,"HOLDER_PROFIT":43778000,"HOLDER_PROFIT_YOY":12.190871582,"GROSS_PROFIT_RATIO":45.778180470327,"EPS_TTM":285.6470722,"OPERATE_INCOME_QOQ":3.109287946732,"NET_PROFIT_RATIO":36.0594703678,"ROE_AVG":23.220030179993,"GROSS_PROFIT_QOQ":-0.08988440865,"ROA":19.174848177584,"HOLDER_PROFIT_QOQ":11.278310159884,"ROE_YEARLY":23.220030179993,"ROIC_YEARLY":19.694624894279,"TOTAL_ASSETS":248451000,"TOTAL_LIABILITIES":37138000,"TAX_EBT":null,"OCF_SALES":42.512252378403,"TOTAL_PARENT_EQUITY":211313000,"DEBT_ASSET_RATIO":14.9478166721,"OPERATE_PROFIT":44961000,"PRETAX_PROFIT":43778000,"NETCASH_OPERATE":51612000,"NETCASH_INVEST":-55222000,"NETCASH_FINANCE":5495000,"END_CASH":6968000,"DIVI_RATIO":null,"DIVIDEND_RATE":null,"CURRENT_RATIO":1.543315736474,"COMMON_ACS":10000000000,"CURRENTDEBT_DEBT":88.241154612526,"ISSUED_COMMON_SHARES":500000000,"HK_COMMON_SHARES":500000000,"PER_SHARES":2000,"TOTAL_MARKET_CAP":490000000,"HKSK_MARKET_CAP":490000000,"PE_TTM":11.353078638939,"PB_TTM":1.015249173659,"REPORT_DATE_SQ":"2019-12-31 00:00:00","REPORT_TYPE_SQ":"2019年年报","OPERATE_INCOME_SQ":117520000,"DPS_HKD":null,"OPERATE_INCOME_QOQ_SQ":71.384404485861,"NET_PROFIT_RATIO_SQ":33.2037100068,"HOLDER_PROFIT_SQ":39021000,"HOLDER_PROFIT_QOQ_SQ":47.969360282128,"ROE_AVG_SQ":26.681481734731,"PE_TTM_SQ":null,"PB_TTM_SQ":null,"ROA_SQ":20.964492368196,"START_DATE":"2020-01-01 00:00:00","FISCAL_YEAR":"12-31","CURRENCY":"HKD","IS_CNY_CODE":0,"DPS_HKD_LY":null,"ORG_TYPE":"一般企业","PREMIUM_INCOME":null,"PREMIUM_INCOME_YOY":null,"NET_INTEREST_INCOME":null,"NET_INTEREST_INCOME_YOY":null,"FEE_COMMISSION_INCOME":null,"FEE_COMMISSION_INCOME_YOY":null,"ACCOUNTS_RECE_TDAYS":3.823598885092,"INVENTORY_TDAYS":612.353488372093,"CURRENT_ASSETS_TDAYS":2.50624471006,"TOTAL_ASSETS_TDAYS":0.53175623441,"PREMIUM_EXPENSE":null,"LOAN_DEPOSIT":null,"LOAN_EQUITY":null,"LOAN_ASSETS":null,"DEPOSIT_EQUITY":null,"DEPOSIT_ASSETS":null,"EQUITY_MULTIPLIER":1.175748770781,"EQUITY_RATIO":0.175748770781},{"SECUCODE":"02497.HK","SECURITY_CODE":"02497","SECURITY_NAME_ABBR":"富景中国控股","ORG_CODE":"10000173835","STD_REPORT_DATE":"2020-09-30 00:00:00","REPORT_DATE":"2020-09-30 00:00:00","DATE_TYPE_CODE":"004","REPORT_TYPE":"2020年三季报","PER_NETCASH_OPERATE":null,"PER_OI":null,"BPS":0.397948,"BASIC_EPS":0.08,"DILUTED_EPS":0.08,"OPERATE_INCOME":84150000,"OPERATE_INCOME_YOY":0.2669017944,"GROSS_PROFIT":38789000,"GROSS_PROFIT_YOY":-8.535923978401,"HOLDER_PROFIT":31448000,"HOLDER_PROFIT_YOY":1.0280133642,"GROSS_PROFIT_RATIO":46.095068330363,"EPS_TTM":null,"OPERATE_INCOME_QOQ":0.190605854323,"NET_PROFIT_RATIO":37.3713606655,"ROE_AVG":17.244442494763,"GROSS_PROFIT_QOQ":-6.110014009148,"ROA":13.895123804811,"HOLDER_PROFIT_QOQ":0.820071243689,"ROE_YEARLY":22.992589993018,"ROIC_YEARLY":14.287207025482,"TOTAL_ASSETS":244480000,"TOTAL_LIABILITIES":45506000,"TAX_EBT":null,"OCF_SALES":45.674390968509,"TOTAL_PARENT_EQUITY":198974000,"DEBT_ASSET_RATIO":18.6133835079,"OPERATE_PROFIT":32400000,"PRETAX_PROFIT":31448000,"NETCASH_OPERATE":38435000,"NETCASH_INVEST":-41934000,"NETCASH_FINANCE":5755000,"END_CASH":7339000,"DIVI_RATIO":null,"DIVIDEND_RATE":null,"CURRENT_RATIO":1.135192976483,"COMMON_ACS":10000000000,"CURRENTDEBT_DEBT":90.359513031249,"ISSUED_COMMON_SHARES":500000000,"HK_COMMON_SHARES":500000000,"PER_SHARES":2000,"TOTAL_MARKET_CAP":490000000,"HKSK_MARKET_CAP":490000000,"PE_TTM":11.353078638939,"PB_TTM":1.015249173659,"REPORT_DATE_SQ":"2019-09-30 00:00:00","REPORT_TYPE_SQ":"2019年三季报","OPERATE_INCOME_SQ":83926000,"DPS_HKD":null,"OPERATE_INCOME_QOQ_SQ":0,"NET_PROFIT_RATIO_SQ":37.0898172199,"HOLDER_PROFIT_SQ":31128000,"HOLDER_PROFIT_QOQ_SQ":0,"ROE_AVG_SQ":null,"PE_TTM_SQ":null,"PB_TTM_SQ":null,"ROA_SQ":null,"START_DATE":"2020-01-01 00:00:00","FISCAL_YEAR":"12-31","CURRENCY":"HKD","IS_CNY_CODE":0,"DPS_HKD_LY":null,"ORG_TYPE":"一般企业","PREMIUM_INCOME":null,"PREMIUM_INCOME_YOY":null,"NET_INTEREST_INCOME":null,"NET_INTEREST_INCOME_YOY":null,"FEE_COMMISSION_INCOME":null,"FEE_COMMISSION_INCOME_YOY":null,"ACCOUNTS_RECE_TDAYS":2.813346260573,"INVENTORY_TDAYS":293.598705501618,"CURRENT_ASSETS_TDAYS":1.80998881528,"TOTAL_ASSETS_TDAYS":0.371812092399,"PREMIUM_EXPENSE":null,"LOAN_DEPOSIT":null,"LOAN_EQUITY":null,"LOAN_ASSETS":null,"DEPOSIT_EQUITY":null,"DEPOSIT_ASSETS":null,"EQUITY_MULTIPLIER":1.228703247661,"EQUITY_RATIO":0.22870324766}],"count":12},"success":true,"message":"ok","code":0}