{"version":"8961679da9b21e09db1f89c23ac02474","result":{"pages":1,"data":[{"SECUCODE":"02495.HK","SECURITY_CODE":"02495","SECURITY_NAME_ABBR":"声通科技","ORG_CODE":"10506066","STD_REPORT_DATE":"2024-06-30 00:00:00","REPORT_DATE":"2024-06-30 00:00:00","DATE_TYPE_CODE":"002","REPORT_TYPE":"2024年中报","PER_NETCASH_OPERATE":-2.099891079077,"PER_OI":11.95048943583,"BPS":-17.021237066215,"BASIC_EPS":-19.09,"DILUTED_EPS":-19.09,"OPERATE_INCOME":371173000,"OPERATE_INCOME_YOY":32.1638780386,"GROSS_PROFIT":162366000,"GROSS_PROFIT_YOY":17.609648328565,"HOLDER_PROFIT":-592905000,"HOLDER_PROFIT_YOY":-41419.9579831933,"GROSS_PROFIT_RATIO":43.74402232921,"EPS_TTM":-20.13028011319,"OPERATE_INCOME_QOQ":11.110468784786,"NET_PROFIT_RATIO":-158.8946394269,"ROE_AVG":192.392621712698,"GROSS_PROFIT_QOQ":7.470722181078,"ROA":-39.338020151194,"HOLDER_PROFIT_QOQ":-1752.31676245778,"ROE_YEARLY":384.785243425397,"ROIC_YEARLY":-82.565511190951,"TOTAL_ASSETS":1634280000,"TOTAL_LIABILITIES":2214560000,"TAX_EBT":0.437399238645,"OCF_SALES":-17.571590605998,"TOTAL_PARENT_EQUITY":-604666000,"DEBT_ASSET_RATIO":135.5067675062,"OPERATE_PROFIT":50516000,"PRETAX_PROFIT":-592365000,"NETCASH_OPERATE":-65221000,"NETCASH_INVEST":-183162000,"NETCASH_FINANCE":252992000,"END_CASH":51485000,"DIVI_RATIO":null,"DIVIDEND_RATE":null,"CURRENT_RATIO":0.451776603365,"COMMON_ACS":null,"CURRENTDEBT_DEBT":98.841124196229,"ISSUED_COMMON_SHARES":35524210,"HK_COMMON_SHARES":28526960,"PER_SHARES":20,"TOTAL_MARKET_CAP":9307343020,"HKSK_MARKET_CAP":7474063520,"PE_TTM":-13.580840427763,"PB_TTM":-14.048459525579,"REPORT_DATE_SQ":"2023-06-30 00:00:00","REPORT_TYPE_SQ":"2023年中报","OPERATE_INCOME_SQ":280843000,"DPS_HKD":null,"OPERATE_INCOME_QOQ_SQ":0,"NET_PROFIT_RATIO_SQ":0.6793831429,"HOLDER_PROFIT_SQ":-1428000,"HOLDER_PROFIT_QOQ_SQ":0,"ROE_AVG_SQ":null,"PE_TTM_SQ":null,"PB_TTM_SQ":null,"ROA_SQ":null,"START_DATE":"2024-01-01 00:00:00","FISCAL_YEAR":"12-31","CURRENCY":"HKD","IS_CNY_CODE":0,"DPS_HKD_LY":null,"ORG_TYPE":"一般企业","PREMIUM_INCOME":null,"PREMIUM_INCOME_YOY":null,"NET_INTEREST_INCOME":null,"NET_INTEREST_INCOME_YOY":null,"FEE_COMMISSION_INCOME":null,"FEE_COMMISSION_INCOME_YOY":null,"ACCOUNTS_RECE_TDAYS":0.582216631086,"INVENTORY_TDAYS":23.110902047593,"CURRENT_ASSETS_TDAYS":0.394873295176,"TOTAL_ASSETS_TDAYS":0.246265606692,"PREMIUM_EXPENSE":null,"LOAN_DEPOSIT":null,"LOAN_EQUITY":null,"LOAN_ASSETS":null,"DEPOSIT_EQUITY":null,"DEPOSIT_ASSETS":null,"EQUITY_MULTIPLIER":-2.816364513681,"EQUITY_RATIO":-3.662451667532},{"SECUCODE":"02495.HK","SECURITY_CODE":"02495","SECURITY_NAME_ABBR":"声通科技","ORG_CODE":"10506066","STD_REPORT_DATE":"2023-12-31 00:00:00","REPORT_DATE":"2023-12-31 00:00:00","DATE_TYPE_CODE":"001","REPORT_TYPE":"2023年年报","PER_NETCASH_OPERATE":-2.191603078013,"PER_OI":26.176534981809,"BPS":-0.328874308535,"BASIC_EPS":-1.13,"DILUTED_EPS":-1.13,"OPERATE_INCOME":813017000,"OPERATE_INCOME_YOY":57.8698309877,"GROSS_PROFIT":325417000,"GROSS_PROFIT_YOY":61.524525230064,"HOLDER_PROFIT":-33754000,"HOLDER_PROFIT_YOY":61.2712982617,"GROSS_PROFIT_RATIO":40.025854317929,"EPS_TTM":-1.08677034032,"OPERATE_INCOME_QOQ":19.669201795148,"NET_PROFIT_RATIO":-3.5916838147,"ROE_AVG":-817.486074109954,"GROSS_PROFIT_QOQ":14.489118120985,"ROA":-2.966855145851,"HOLDER_PROFIT_QOQ":77.231549622594,"ROE_YEARLY":-817.486074109954,"ROIC_YEARLY":-3.105045261596,"TOTAL_ASSETS":1380132000,"TOTAL_LIABILITIES":1372560000,"TAX_EBT":-1.551034602678,"OCF_SALES":-8.372395657163,"TOTAL_PARENT_EQUITY":-11683000,"DEBT_ASSET_RATIO":99.4513568267,"OPERATE_PROFIT":129595000,"PRETAX_PROFIT":-28755000,"NETCASH_OPERATE":-68069000,"NETCASH_INVEST":-184386000,"NETCASH_FINANCE":278897000,"END_CASH":46876000,"DIVI_RATIO":null,"DIVIDEND_RATE":null,"CURRENT_RATIO":0.66151648691,"COMMON_ACS":null,"CURRENTDEBT_DEBT":98.138369178761,"ISSUED_COMMON_SHARES":35524210,"HK_COMMON_SHARES":28526960,"PER_SHARES":20,"TOTAL_MARKET_CAP":7580866414,"HKSK_MARKET_CAP":6087653264,"PE_TTM":-11.061646363682,"PB_TTM":-11.442523903658,"REPORT_DATE_SQ":"2022-12-31 00:00:00","REPORT_TYPE_SQ":"2022年年报","OPERATE_INCOME_SQ":514992000,"DPS_HKD":null,"OPERATE_INCOME_QOQ_SQ":11.970604541946,"NET_PROFIT_RATIO_SQ":-16.6625889334,"HOLDER_PROFIT_SQ":-87155000,"HOLDER_PROFIT_QOQ_SQ":-336.224420653205,"ROE_AVG_SQ":-137.251968503937,"PE_TTM_SQ":null,"PB_TTM_SQ":null,"ROA_SQ":-11.547616445035,"START_DATE":"2023-01-01 00:00:00","FISCAL_YEAR":"12-31","CURRENCY":"HKD","IS_CNY_CODE":0,"DPS_HKD_LY":null,"ORG_TYPE":"一般企业","PREMIUM_INCOME":null,"PREMIUM_INCOME_YOY":null,"NET_INTEREST_INCOME":null,"NET_INTEREST_INCOME_YOY":null,"FEE_COMMISSION_INCOME":null,"FEE_COMMISSION_INCOME_YOY":null,"ACCOUNTS_RECE_TDAYS":1.725456530759,"INVENTORY_TDAYS":9.475136511144,"CURRENT_ASSETS_TDAYS":1.094483005579,"TOTAL_ASSETS_TDAYS":0.7146126889,"PREMIUM_EXPENSE":null,"LOAN_DEPOSIT":null,"LOAN_EQUITY":null,"LOAN_ASSETS":null,"DEPOSIT_EQUITY":null,"DEPOSIT_ASSETS":null,"EQUITY_MULTIPLIER":182.267828830374,"EQUITY_RATIO":-117.483523067705},{"SECUCODE":"02495.HK","SECURITY_CODE":"02495","SECURITY_NAME_ABBR":"声通科技","ORG_CODE":"10506066","STD_REPORT_DATE":"2023-09-30 00:00:00","REPORT_DATE":"2023-09-30 00:00:00","DATE_TYPE_CODE":"004","REPORT_TYPE":"2023年三季报","PER_NETCASH_OPERATE":-1.090827135452,"PER_OI":15.715702372903,"BPS":-1.173819206676,"BASIC_EPS":-2.18,"DILUTED_EPS":-2.18,"OPERATE_INCOME":488114000,"OPERATE_INCOME_YOY":50.7832410208,"GROSS_PROFIT":200541000,"GROSS_PROFIT_YOY":70.277567863602,"HOLDER_PROFIT":-63822000,"HOLDER_PROFIT_YOY":-2239.5161290323,"GROSS_PROFIT_RATIO":41.084869518186,"EPS_TTM":-4.773141440484,"OPERATE_INCOME_QOQ":31.921855096778,"NET_PROFIT_RATIO":-12.5855845151,"ROE_AVG":586.653185035389,"GROSS_PROFIT_QOQ":41.082862617017,"ROA":-5.981031297282,"HOLDER_PROFIT_QOQ":-70.098101084275,"ROE_YEARLY":782.204246713852,"ROIC_YEARLY":-6.22868168257,"TOTAL_ASSETS":1238873000,"TOTAL_LIABILITIES":1263480000,"TAX_EBT":2.377320111874,"OCF_SALES":-6.941001487357,"TOTAL_PARENT_EQUITY":-41699000,"DEBT_ASSET_RATIO":101.9862407204,"OPERATE_PROFIT":85692000,"PRETAX_PROFIT":-62928000,"NETCASH_OPERATE":-33880000,"NETCASH_INVEST":-177963000,"NETCASH_FINANCE":224034000,"END_CASH":32625000,"DIVI_RATIO":null,"DIVIDEND_RATE":null,"CURRENT_RATIO":0.630917754312,"COMMON_ACS":null,"CURRENTDEBT_DEBT":98.067876024947,"ISSUED_COMMON_SHARES":35524210,"HK_COMMON_SHARES":28526960,"PER_SHARES":20,"TOTAL_MARKET_CAP":7580866414,"HKSK_MARKET_CAP":6087653264,"PE_TTM":-11.061646363682,"PB_TTM":-11.442523903658,"REPORT_DATE_SQ":"2022-09-30 00:00:00","REPORT_TYPE_SQ":"2022年三季报","OPERATE_INCOME_SQ":323719000,"DPS_HKD":null,"OPERATE_INCOME_QOQ_SQ":0,"NET_PROFIT_RATIO_SQ":-0.6922670588,"HOLDER_PROFIT_SQ":-2728000,"HOLDER_PROFIT_QOQ_SQ":0,"ROE_AVG_SQ":null,"PE_TTM_SQ":null,"PB_TTM_SQ":null,"ROA_SQ":null,"START_DATE":"2023-01-01 00:00:00","FISCAL_YEAR":"12-31","CURRENCY":"HKD","IS_CNY_CODE":0,"DPS_HKD_LY":null,"ORG_TYPE":"一般企业","PREMIUM_INCOME":null,"PREMIUM_INCOME_YOY":null,"NET_INTEREST_INCOME":null,"NET_INTEREST_INCOME_YOY":null,"FEE_COMMISSION_INCOME":null,"FEE_COMMISSION_INCOME_YOY":null,"ACCOUNTS_RECE_TDAYS":1.295147779526,"INVENTORY_TDAYS":2.945705227684,"CURRENT_ASSETS_TDAYS":0.709289669894,"TOTAL_ASSETS_TDAYS":0.457432407421,"PREMIUM_EXPENSE":null,"LOAN_DEPOSIT":null,"LOAN_EQUITY":null,"LOAN_ASSETS":null,"DEPOSIT_EQUITY":null,"DEPOSIT_ASSETS":null,"EQUITY_MULTIPLIER":-50.346364855445,"EQUITY_RATIO":-30.300007194417},{"SECUCODE":"02495.HK","SECURITY_CODE":"02495","SECURITY_NAME_ABBR":"声通科技","ORG_CODE":"10506066","STD_REPORT_DATE":"2023-06-30 00:00:00","REPORT_DATE":"2023-06-30 00:00:00","DATE_TYPE_CODE":"002","REPORT_TYPE":"2023年中报","PER_NETCASH_OPERATE":null,"PER_OI":null,"BPS":null,"BASIC_EPS":-0.05,"DILUTED_EPS":-0.05,"OPERATE_INCOME":280843000,"OPERATE_INCOME_YOY":null,"GROSS_PROFIT":138055000,"GROSS_PROFIT_YOY":null,"HOLDER_PROFIT":-1428000,"HOLDER_PROFIT_YOY":null,"GROSS_PROFIT_RATIO":49.157358381729,"EPS_TTM":-3.080770590315,"OPERATE_INCOME_QOQ":0,"NET_PROFIT_RATIO":0.6793831429,"ROE_AVG":null,"GROSS_PROFIT_QOQ":0,"ROA":null,"HOLDER_PROFIT_QOQ":0,"ROE_YEARLY":null,"ROIC_YEARLY":null,"TOTAL_ASSETS":null,"TOTAL_LIABILITIES":null,"TAX_EBT":61.493440968719,"OCF_SALES":-8.818450166107,"TOTAL_PARENT_EQUITY":null,"DEBT_ASSET_RATIO":null,"OPERATE_PROFIT":70923000,"PRETAX_PROFIT":4955000,"NETCASH_OPERATE":-24766000,"NETCASH_INVEST":-146843000,"NETCASH_FINANCE":202453000,"END_CASH":51278000,"DIVI_RATIO":null,"DIVIDEND_RATE":null,"CURRENT_RATIO":null,"COMMON_ACS":null,"CURRENTDEBT_DEBT":null,"ISSUED_COMMON_SHARES":35524210,"HK_COMMON_SHARES":28526960,"PER_SHARES":20,"TOTAL_MARKET_CAP":7580866414,"HKSK_MARKET_CAP":6087653264,"PE_TTM":-11.061646363682,"PB_TTM":-11.442523903658,"REPORT_DATE_SQ":"2022-06-30 00:00:00","REPORT_TYPE_SQ":"2022年中报","OPERATE_INCOME_SQ":null,"DPS_HKD":null,"OPERATE_INCOME_QOQ_SQ":0,"NET_PROFIT_RATIO_SQ":null,"HOLDER_PROFIT_SQ":null,"HOLDER_PROFIT_QOQ_SQ":0,"ROE_AVG_SQ":null,"PE_TTM_SQ":null,"PB_TTM_SQ":null,"ROA_SQ":null,"START_DATE":"2023-01-01 00:00:00","FISCAL_YEAR":"12-31","CURRENCY":"HKD","IS_CNY_CODE":0,"DPS_HKD_LY":null,"ORG_TYPE":"一般企业","PREMIUM_INCOME":null,"PREMIUM_INCOME_YOY":null,"NET_INTEREST_INCOME":null,"NET_INTEREST_INCOME_YOY":null,"FEE_COMMISSION_INCOME":null,"FEE_COMMISSION_INCOME_YOY":null,"ACCOUNTS_RECE_TDAYS":null,"INVENTORY_TDAYS":null,"CURRENT_ASSETS_TDAYS":0.94465149446,"TOTAL_ASSETS_TDAYS":0.62739005042,"PREMIUM_EXPENSE":null,"LOAN_DEPOSIT":null,"LOAN_EQUITY":null,"LOAN_ASSETS":null,"DEPOSIT_EQUITY":null,"DEPOSIT_ASSETS":null,"EQUITY_MULTIPLIER":null,"EQUITY_RATIO":null},{"SECUCODE":"02495.HK","SECURITY_CODE":"02495","SECURITY_NAME_ABBR":"声通科技","ORG_CODE":"10506066","STD_REPORT_DATE":"2022-12-31 00:00:00","REPORT_DATE":"2022-12-31 00:00:00","DATE_TYPE_CODE":"001","REPORT_TYPE":"2022年年报","PER_NETCASH_OPERATE":-1.099823259102,"PER_OI":18.204029692471,"BPS":0.561335494864,"BASIC_EPS":-3.33,"DILUTED_EPS":-3.33,"OPERATE_INCOME":514992000,"OPERATE_INCOME_YOY":11.9706045419,"GROSS_PROFIT":201466000,"GROSS_PROFIT_YOY":32.402308066403,"HOLDER_PROFIT":-87155000,"HOLDER_PROFIT_YOY":-336.2244206532,"GROSS_PROFIT_RATIO":39.120219343213,"EPS_TTM":-3.080770590315,"OPERATE_INCOME_QOQ":11.970604541946,"NET_PROFIT_RATIO":-16.6625889334,"ROE_AVG":-137.251968503937,"GROSS_PROFIT_QOQ":32.402308066403,"ROA":-11.547616445035,"HOLDER_PROFIT_QOQ":-336.224420653205,"ROE_YEARLY":-137.251968503937,"ROIC_YEARLY":-11.930779439717,"TOTAL_ASSETS":895274000,"TOTAL_LIABILITIES":860631000,"TAX_EBT":5.581840588002,"OCF_SALES":-6.041647248889,"TOTAL_PARENT_EQUITY":19941000,"DEBT_ASSET_RATIO":96.1304583848,"OPERATE_PROFIT":67186000,"PRETAX_PROFIT":-90884000,"NETCASH_OPERATE":-31114000,"NETCASH_INVEST":-140677000,"NETCASH_FINANCE":181584000,"END_CASH":20434000,"DIVI_RATIO":null,"DIVIDEND_RATE":null,"CURRENT_RATIO":0.710221476879,"COMMON_ACS":null,"CURRENTDEBT_DEBT":97.277230311248,"ISSUED_COMMON_SHARES":35524210,"HK_COMMON_SHARES":28526960,"PER_SHARES":20,"TOTAL_MARKET_CAP":7580866414,"HKSK_MARKET_CAP":6087653264,"PE_TTM":-11.061646363682,"PB_TTM":-11.442523903658,"REPORT_DATE_SQ":"2021-12-31 00:00:00","REPORT_TYPE_SQ":"2021年年报","OPERATE_INCOME_SQ":459935000,"DPS_HKD":null,"OPERATE_INCOME_QOQ_SQ":32.480823571093,"NET_PROFIT_RATIO_SQ":7.9106830313,"HOLDER_PROFIT_SQ":36895000,"HOLDER_PROFIT_QOQ_SQ":4.910714285714,"ROE_AVG_SQ":41.617082235896,"PE_TTM_SQ":null,"PB_TTM_SQ":null,"ROA_SQ":7.994167150571,"START_DATE":"2022-01-01 00:00:00","FISCAL_YEAR":"12-31","CURRENCY":"HKD","IS_CNY_CODE":0,"DPS_HKD_LY":null,"ORG_TYPE":"一般企业","PREMIUM_INCOME":null,"PREMIUM_INCOME_YOY":null,"NET_INTEREST_INCOME":null,"NET_INTEREST_INCOME_YOY":null,"FEE_COMMISSION_INCOME":null,"FEE_COMMISSION_INCOME_YOY":null,"ACCOUNTS_RECE_TDAYS":1.768255374378,"INVENTORY_TDAYS":3.01838801602,"CURRENT_ASSETS_TDAYS":0.975529919873,"TOTAL_ASSETS_TDAYS":0.682339520195,"PREMIUM_EXPENSE":null,"LOAN_DEPOSIT":null,"LOAN_EQUITY":null,"LOAN_ASSETS":null,"DEPOSIT_EQUITY":null,"DEPOSIT_ASSETS":null,"EQUITY_MULTIPLIER":25.842854256222,"EQUITY_RATIO":43.158868662555},{"SECUCODE":"02495.HK","SECURITY_CODE":"02495","SECURITY_NAME_ABBR":"声通科技","ORG_CODE":"10506066","STD_REPORT_DATE":"2022-09-30 00:00:00","REPORT_DATE":"2022-09-30 00:00:00","DATE_TYPE_CODE":"004","REPORT_TYPE":"2022年三季报","PER_NETCASH_OPERATE":null,"PER_OI":null,"BPS":null,"BASIC_EPS":-0.11,"DILUTED_EPS":-0.11,"OPERATE_INCOME":323719000,"OPERATE_INCOME_YOY":null,"GROSS_PROFIT":117773000,"GROSS_PROFIT_YOY":null,"HOLDER_PROFIT":-2728000,"HOLDER_PROFIT_YOY":null,"GROSS_PROFIT_RATIO":36.381244227247,"EPS_TTM":1.437280872614,"OPERATE_INCOME_QOQ":0,"NET_PROFIT_RATIO":-0.6922670588,"ROE_AVG":null,"GROSS_PROFIT_QOQ":0,"ROA":null,"HOLDER_PROFIT_QOQ":0,"ROE_YEARLY":null,"ROIC_YEARLY":null,"TOTAL_ASSETS":null,"TOTAL_LIABILITIES":null,"TAX_EBT":191.506737443855,"OCF_SALES":-10.101662244107,"TOTAL_PARENT_EQUITY":null,"DEBT_ASSET_RATIO":null,"OPERATE_PROFIT":38996000,"PRETAX_PROFIT":2449000,"NETCASH_OPERATE":-32701000,"NETCASH_INVEST":-68981000,"NETCASH_FINANCE":117371000,"END_CASH":26330000,"DIVI_RATIO":null,"DIVIDEND_RATE":null,"CURRENT_RATIO":null,"COMMON_ACS":null,"CURRENTDEBT_DEBT":null,"ISSUED_COMMON_SHARES":35524210,"HK_COMMON_SHARES":28526960,"PER_SHARES":20,"TOTAL_MARKET_CAP":7580866414,"HKSK_MARKET_CAP":6087653264,"PE_TTM":-11.061646363682,"PB_TTM":-11.442523903658,"REPORT_DATE_SQ":"2021-09-30 00:00:00","REPORT_TYPE_SQ":"2021年三季报","OPERATE_INCOME_SQ":null,"DPS_HKD":null,"OPERATE_INCOME_QOQ_SQ":0,"NET_PROFIT_RATIO_SQ":null,"HOLDER_PROFIT_SQ":null,"HOLDER_PROFIT_QOQ_SQ":0,"ROE_AVG_SQ":null,"PE_TTM_SQ":null,"PB_TTM_SQ":null,"ROA_SQ":null,"START_DATE":"2022-01-01 00:00:00","FISCAL_YEAR":"12-31","CURRENCY":"HKD","IS_CNY_CODE":0,"DPS_HKD_LY":null,"ORG_TYPE":"一般企业","PREMIUM_INCOME":null,"PREMIUM_INCOME_YOY":null,"NET_INTEREST_INCOME":null,"NET_INTEREST_INCOME_YOY":null,"FEE_COMMISSION_INCOME":null,"FEE_COMMISSION_INCOME_YOY":null,"ACCOUNTS_RECE_TDAYS":null,"INVENTORY_TDAYS":null,"CURRENT_ASSETS_TDAYS":1.403738747333,"TOTAL_ASSETS_TDAYS":1.054090180149,"PREMIUM_EXPENSE":null,"LOAN_DEPOSIT":null,"LOAN_EQUITY":null,"LOAN_ASSETS":null,"DEPOSIT_EQUITY":null,"DEPOSIT_ASSETS":null,"EQUITY_MULTIPLIER":null,"EQUITY_RATIO":null},{"SECUCODE":"02495.HK","SECURITY_CODE":"02495","SECURITY_NAME_ABBR":"声通科技","ORG_CODE":"10506066","STD_REPORT_DATE":"2021-12-31 00:00:00","REPORT_DATE":"2021-12-31 00:00:00","DATE_TYPE_CODE":"001","REPORT_TYPE":"2021年年报","PER_NETCASH_OPERATE":-2.924737047137,"PER_OI":17.917218543046,"BPS":3.01369122635,"BASIC_EPS":1.61,"DILUTED_EPS":1.61,"OPERATE_INCOME":459935000,"OPERATE_INCOME_YOY":32.4808235711,"GROSS_PROFIT":152162000,"GROSS_PROFIT_YOY":36.144589093187,"HOLDER_PROFIT":36895000,"HOLDER_PROFIT_YOY":4.9107142857,"GROSS_PROFIT_RATIO":33.083370476263,"EPS_TTM":1.437280872614,"OPERATE_INCOME_QOQ":32.480823571093,"NET_PROFIT_RATIO":7.9106830313,"ROE_AVG":41.617082235896,"GROSS_PROFIT_QOQ":36.144589093187,"ROA":7.994167150571,"HOLDER_PROFIT_QOQ":4.910714285714,"ROE_YEARLY":41.617082235896,"ROIC_YEARLY":8.176059513824,"TOTAL_ASSETS":614215000,"TOTAL_LIABILITIES":504455000,"TAX_EBT":18.111228646666,"OCF_SALES":-16.323610945025,"TOTAL_PARENT_EQUITY":107059000,"DEBT_ASSET_RATIO":82.1300358995,"OPERATE_PROFIT":78586000,"PRETAX_PROFIT":44431000,"NETCASH_OPERATE":-75078000,"NETCASH_INVEST":-108142000,"NETCASH_FINANCE":186719000,"END_CASH":10641000,"DIVI_RATIO":null,"DIVIDEND_RATE":null,"CURRENT_RATIO":0.932183726843,"COMMON_ACS":null,"CURRENTDEBT_DEBT":98.081692123182,"ISSUED_COMMON_SHARES":35524210,"HK_COMMON_SHARES":28526960,"PER_SHARES":20,"TOTAL_MARKET_CAP":7580866414,"HKSK_MARKET_CAP":6087653264,"PE_TTM":-11.061646363682,"PB_TTM":-11.442523903658,"REPORT_DATE_SQ":"2020-12-31 00:00:00","REPORT_TYPE_SQ":"2020年年报","OPERATE_INCOME_SQ":347171000,"DPS_HKD":null,"OPERATE_INCOME_QOQ_SQ":null,"NET_PROFIT_RATIO_SQ":10.0495145044,"HOLDER_PROFIT_SQ":35168000,"HOLDER_PROFIT_QOQ_SQ":null,"ROE_AVG_SQ":50.062635235167,"PE_TTM_SQ":null,"PB_TTM_SQ":null,"ROA_SQ":11.38738412022,"START_DATE":"2021-01-01 00:00:00","FISCAL_YEAR":"12-31","CURRENCY":"HKD","IS_CNY_CODE":0,"DPS_HKD_LY":null,"ORG_TYPE":"一般企业","PREMIUM_INCOME":null,"PREMIUM_INCOME_YOY":null,"NET_INTEREST_INCOME":null,"NET_INTEREST_INCOME_YOY":null,"FEE_COMMISSION_INCOME":null,"FEE_COMMISSION_INCOME_YOY":null,"ACCOUNTS_RECE_TDAYS":2.655782195083,"INVENTORY_TDAYS":2.857568625266,"CURRENT_ASSETS_TDAYS":1.218091748513,"TOTAL_ASSETS_TDAYS":0.996557058788,"PREMIUM_EXPENSE":null,"LOAN_DEPOSIT":null,"LOAN_EQUITY":null,"LOAN_ASSETS":null,"DEPOSIT_EQUITY":null,"DEPOSIT_ASSETS":null,"EQUITY_MULTIPLIER":5.595982142863,"EQUITY_RATIO":4.711934540767},{"SECUCODE":"02495.HK","SECURITY_CODE":"02495","SECURITY_NAME_ABBR":"声通科技","ORG_CODE":"10506066","STD_REPORT_DATE":"2020-12-31 00:00:00","REPORT_DATE":"2020-12-31 00:00:00","DATE_TYPE_CODE":"001","REPORT_TYPE":"2020年年报","PER_NETCASH_OPERATE":-1.507626353791,"PER_OI":15.666561371841,"BPS":1.977468323715,"BASIC_EPS":2.03,"DILUTED_EPS":2.03,"OPERATE_INCOME":347171000,"OPERATE_INCOME_YOY":null,"GROSS_PROFIT":111765000,"GROSS_PROFIT_YOY":null,"HOLDER_PROFIT":35168000,"HOLDER_PROFIT_YOY":null,"GROSS_PROFIT_RATIO":32.193069121557,"EPS_TTM":1.587003610108,"OPERATE_INCOME_QOQ":null,"NET_PROFIT_RATIO":10.0495145044,"ROE_AVG":50.062635235167,"GROSS_PROFIT_QOQ":null,"ROA":11.38738412022,"HOLDER_PROFIT_QOQ":null,"ROE_YEARLY":50.062635235167,"ROIC_YEARLY":11.658931176237,"TOTAL_ASSETS":308833000,"TOTAL_LIABILITIES":238534000,"TAX_EBT":20.426502451819,"OCF_SALES":-9.623211616178,"TOTAL_PARENT_EQUITY":70248000,"DEBT_ASSET_RATIO":77.2372123445,"OPERATE_PROFIT":75367000,"PRETAX_PROFIT":43845000,"NETCASH_OPERATE":-33409000,"NETCASH_INVEST":-3613000,"NETCASH_FINANCE":39495000,"END_CASH":7142000,"DIVI_RATIO":null,"DIVIDEND_RATE":null,"CURRENT_RATIO":1.345076577422,"COMMON_ACS":null,"CURRENTDEBT_DEBT":91.616708729154,"ISSUED_COMMON_SHARES":35524210,"HK_COMMON_SHARES":28526960,"PER_SHARES":20,"TOTAL_MARKET_CAP":7580866414,"HKSK_MARKET_CAP":6087653264,"PE_TTM":-11.061646363682,"PB_TTM":-11.442523903658,"REPORT_DATE_SQ":"2019-12-31 00:00:00","REPORT_TYPE_SQ":"2019年年报","OPERATE_INCOME_SQ":null,"DPS_HKD":null,"OPERATE_INCOME_QOQ_SQ":null,"NET_PROFIT_RATIO_SQ":null,"HOLDER_PROFIT_SQ":null,"HOLDER_PROFIT_QOQ_SQ":null,"ROE_AVG_SQ":null,"PE_TTM_SQ":null,"PB_TTM_SQ":null,"ROA_SQ":null,"START_DATE":"2020-01-01 00:00:00","FISCAL_YEAR":"12-31","CURRENCY":"HKD","IS_CNY_CODE":0,"DPS_HKD_LY":null,"ORG_TYPE":"一般企业","PREMIUM_INCOME":null,"PREMIUM_INCOME_YOY":null,"NET_INTEREST_INCOME":null,"NET_INTEREST_INCOME_YOY":null,"FEE_COMMISSION_INCOME":null,"FEE_COMMISSION_INCOME_YOY":null,"ACCOUNTS_RECE_TDAYS":3.352592392302,"INVENTORY_TDAYS":2.28696057668,"CURRENT_ASSETS_TDAYS":2.362117238024,"TOTAL_ASSETS_TDAYS":2.248276576661,"PREMIUM_EXPENSE":null,"LOAN_DEPOSIT":null,"LOAN_EQUITY":null,"LOAN_ASSETS":null,"DEPOSIT_EQUITY":null,"DEPOSIT_ASSETS":null,"EQUITY_MULTIPLIER":4.393135037476,"EQUITY_RATIO":3.395598451201}],"count":8},"success":true,"message":"ok","code":0}