{"version":"a78b3698d2017921fea3ef1604f35190","result":{"pages":1,"data":[{"SECUCODE":"02490.HK","SECURITY_CODE":"02490","SECURITY_NAME_ABBR":"乐舱物流","ORG_CODE":"10000442335","STD_REPORT_DATE":"2024-06-30 00:00:00","REPORT_DATE":"2024-06-30 00:00:00","DATE_TYPE_CODE":"002","REPORT_TYPE":"2024年中报","PER_NETCASH_OPERATE":-0.0282705972,"PER_OI":2.634716259826,"BPS":4.021145749981,"BASIC_EPS":0.03,"DILUTED_EPS":0.03,"OPERATE_INCOME":754238000,"OPERATE_INCOME_YOY":15.0028284208,"GROSS_PROFIT":68104000,"GROSS_PROFIT_YOY":-54.087397360012,"HOLDER_PROFIT":9393000,"HOLDER_PROFIT_YOY":-90.979198279,"GROSS_PROFIT_RATIO":9.029510578889,"EPS_TTM":0.084340207438,"OPERATE_INCOME_QOQ":7.944877191311,"NET_PROFIT_RATIO":1.6978725548,"ROE_AVG":0.821777227768,"GROSS_PROFIT_QOQ":-35.403189508336,"ROA":0.621443677242,"HOLDER_PROFIT_QOQ":-79.689931609983,"ROE_YEARLY":1.643554455537,"ROIC_YEARLY":1.463942639258,"TOTAL_ASSETS":1577474000,"TOTAL_LIABILITIES":389086000,"TAX_EBT":1.530180699731,"OCF_SALES":-1.07300348166,"TOTAL_PARENT_EQUITY":1151130000,"DEBT_ASSET_RATIO":24.6651291875,"OPERATE_PROFIT":17203000,"PRETAX_PROFIT":13005000,"NETCASH_OPERATE":-8093000,"NETCASH_INVEST":5637000,"NETCASH_FINANCE":-49698000,"END_CASH":179172000,"DIVI_RATIO":1.760643476126,"DIVIDEND_RATE":0.817587939698,"CURRENT_RATIO":1.545532841596,"COMMON_ACS":20000000000,"CURRENTDEBT_DEBT":83.556334589268,"ISSUED_COMMON_SHARES":286269156,"HK_COMMON_SHARES":286269156,"PER_SHARES":200,"TOTAL_MARKET_CAP":5696756204.4,"HKSK_MARKET_CAP":5696756204.4,"PE_TTM":199.653199615395,"PB_TTM":4.51670571754,"REPORT_DATE_SQ":"2023-06-30 00:00:00","REPORT_TYPE_SQ":"2023年中报","OPERATE_INCOME_SQ":655843000,"DPS_HKD":0.1627,"OPERATE_INCOME_QOQ_SQ":-44.045079687643,"NET_PROFIT_RATIO_SQ":16.018315359,"HOLDER_PROFIT_SQ":104126000,"HOLDER_PROFIT_QOQ_SQ":-45.310859338905,"ROE_AVG_SQ":11.106714097525,"PE_TTM_SQ":6.420414118482,"PB_TTM_SQ":1.282442917347,"ROA_SQ":7.377042792459,"START_DATE":"2024-01-01 00:00:00","FISCAL_YEAR":"12-31","CURRENCY":"HKD","IS_CNY_CODE":0,"DPS_HKD_LY":0.1627,"ORG_TYPE":"一般企业","PREMIUM_INCOME":null,"PREMIUM_INCOME_YOY":null,"NET_INTEREST_INCOME":null,"NET_INTEREST_INCOME_YOY":null,"FEE_COMMISSION_INCOME":null,"FEE_COMMISSION_INCOME_YOY":null,"ACCOUNTS_RECE_TDAYS":6.160615540436,"INVENTORY_TDAYS":70.658977395603,"CURRENT_ASSETS_TDAYS":1.637625714335,"TOTAL_ASSETS_TDAYS":0.499006106926,"PREMIUM_EXPENSE":null,"LOAN_DEPOSIT":null,"LOAN_EQUITY":null,"LOAN_ASSETS":null,"DEPOSIT_EQUITY":null,"DEPOSIT_ASSETS":null,"EQUITY_MULTIPLIER":1.327406537258,"EQUITY_RATIO":0.338003526969},{"SECUCODE":"02490.HK","SECURITY_CODE":"02490","SECURITY_NAME_ABBR":"乐舱物流","ORG_CODE":"10000442335","STD_REPORT_DATE":"2023-12-31 00:00:00","REPORT_DATE":"2023-12-31 00:00:00","DATE_TYPE_CODE":"001","REPORT_TYPE":"2023年年报","PER_NETCASH_OPERATE":0.143309186967,"PER_OI":4.326246729843,"BPS":3.964419415133,"BASIC_EPS":0.45,"DILUTED_EPS":0.45,"OPERATE_INCOME":1238471000,"OPERATE_INCOME_YOY":-73.1230450816,"GROSS_PROFIT":226618000,"GROSS_PROFIT_YOY":-58.441591784339,"HOLDER_PROFIT":118877000,"HOLDER_PROFIT_YOY":-68.7941009702,"GROSS_PROFIT_RATIO":18.298208032324,"EPS_TTM":0.415263040074,"OPERATE_INCOME_QOQ":-51.966771164495,"NET_PROFIT_RATIO":9.6560193981,"ROE_AVG":11.806236964942,"GROSS_PROFIT_QOQ":-36.188928841946,"ROA":8.238201465422,"HOLDER_PROFIT_QOQ":-42.939496484028,"ROE_YEARLY":11.806236964942,"ROIC_YEARLY":10.353633225829,"TOTAL_ASSETS":1445487000,"TOTAL_LIABILITIES":281084000,"TAX_EBT":2.511657481984,"OCF_SALES":3.312552332675,"TOTAL_PARENT_EQUITY":1134891000,"DEBT_ASSET_RATIO":19.4456262837,"OPERATE_PROFIT":128102000,"PRETAX_PROFIT":122668000,"NETCASH_OPERATE":41025000,"NETCASH_INVEST":-295496000,"NETCASH_FINANCE":111572000,"END_CASH":203673000,"DIVI_RATIO":0.357587894106,"DIVIDEND_RATE":0.795599022005,"CURRENT_RATIO":1.502066501155,"COMMON_ACS":20000000000,"CURRENTDEBT_DEBT":99.163239458667,"ISSUED_COMMON_SHARES":286269156,"HK_COMMON_SHARES":286269156,"PER_SHARES":200,"TOTAL_MARKET_CAP":5854204240.2,"HKSK_MARKET_CAP":5854204240.2,"PE_TTM":205.171252871097,"PB_TTM":4.641539292648,"REPORT_DATE_SQ":"2022-12-31 00:00:00","REPORT_TYPE_SQ":"2022年年报","OPERATE_INCOME_SQ":4607929000,"DPS_HKD":0.1627,"OPERATE_INCOME_QOQ_SQ":-22.475124108168,"NET_PROFIT_RATIO_SQ":8.3835276108,"HOLDER_PROFIT_SQ":380944000,"HOLDER_PROFIT_QOQ_SQ":-37.097991298102,"ROE_AVG_SQ":56.232793704544,"PE_TTM_SQ":6.81837367128,"PB_TTM_SQ":1.361933180819,"ROA_SQ":29.598308996606,"START_DATE":"2023-01-01 00:00:00","FISCAL_YEAR":"12-31","CURRENCY":"HKD","IS_CNY_CODE":0,"DPS_HKD_LY":null,"ORG_TYPE":"一般企业","PREMIUM_INCOME":null,"PREMIUM_INCOME_YOY":null,"NET_INTEREST_INCOME":null,"NET_INTEREST_INCOME_YOY":null,"FEE_COMMISSION_INCOME":null,"FEE_COMMISSION_INCOME_YOY":null,"ACCOUNTS_RECE_TDAYS":10.38985738255,"INVENTORY_TDAYS":168.909606877556,"CURRENT_ASSETS_TDAYS":2.342587574821,"TOTAL_ASSETS_TDAYS":0.858263045592,"PREMIUM_EXPENSE":null,"LOAN_DEPOSIT":null,"LOAN_EQUITY":null,"LOAN_ASSETS":null,"DEPOSIT_EQUITY":null,"DEPOSIT_ASSETS":null,"EQUITY_MULTIPLIER":1.241397523022,"EQUITY_RATIO":0.247674886839},{"SECUCODE":"02490.HK","SECURITY_CODE":"02490","SECURITY_NAME_ABBR":"乐舱物流","ORG_CODE":"10000442335","STD_REPORT_DATE":"2023-06-30 00:00:00","REPORT_DATE":"2023-06-30 00:00:00","DATE_TYPE_CODE":"002","REPORT_TYPE":"2023年中报","PER_NETCASH_OPERATE":1.741467633103,"PER_OI":16.341346032414,"BPS":3.479595964575,"BASIC_EPS":0.41,"DILUTED_EPS":0.41,"OPERATE_INCOME":655843000,"OPERATE_INCOME_YOY":-75.5775377233,"GROSS_PROFIT":148334000,"GROSS_PROFIT_YOY":-56.178377819466,"HOLDER_PROFIT":104126000,"HOLDER_PROFIT_YOY":-62.373389705,"GROSS_PROFIT_RATIO":22.617303226534,"EPS_TTM":5.190989803448,"OPERATE_INCOME_QOQ":-44.045079687643,"NET_PROFIT_RATIO":16.018315359,"ROE_AVG":11.106714097525,"GROSS_PROFIT_QOQ":-34.872730607005,"ROA":7.377042792459,"HOLDER_PROFIT_QOQ":-45.310859338905,"ROE_YEARLY":22.21342819505,"ROIC_YEARLY":18.106476361385,"TOTAL_ASSETS":1382467000,"TOTAL_LIABILITIES":372680000,"TAX_EBT":-1.877442566355,"OCF_SALES":10.656818781324,"TOTAL_PARENT_EQUITY":996101000,"DEBT_ASSET_RATIO":26.957605498,"OPERATE_PROFIT":106447000,"PRETAX_PROFIT":103119000,"NETCASH_OPERATE":69892000,"NETCASH_INVEST":-236338000,"NETCASH_FINANCE":-25117000,"END_CASH":153675000,"DIVI_RATIO":0.028605919415,"DIVIDEND_RATE":0.795599022005,"CURRENT_RATIO":1.1466213281,"COMMON_ACS":20000000000,"CURRENTDEBT_DEBT":89.563432435333,"ISSUED_COMMON_SHARES":286269156,"HK_COMMON_SHARES":286269156,"PER_SHARES":200,"TOTAL_MARKET_CAP":5854204240.2,"HKSK_MARKET_CAP":5854204240.2,"PE_TTM":205.171252871097,"PB_TTM":4.641539292648,"REPORT_DATE_SQ":"2022-06-30 00:00:00","REPORT_TYPE_SQ":"2022年中报","OPERATE_INCOME_SQ":2685409000,"DPS_HKD":0.1627,"OPERATE_INCOME_QOQ_SQ":41.674617848674,"NET_PROFIT_RATIO_SQ":10.5176529907,"HOLDER_PROFIT_SQ":276735000,"HOLDER_PROFIT_QOQ_SQ":57.677337047789,"ROE_AVG_SQ":43.944430902668,"PE_TTM_SQ":6.81837367128,"PB_TTM_SQ":1.361933180819,"ROA_SQ":19.897748430653,"START_DATE":"2023-01-01 00:00:00","FISCAL_YEAR":"12-31","CURRENCY":"HKD","IS_CNY_CODE":0,"DPS_HKD_LY":null,"ORG_TYPE":"一般企业","PREMIUM_INCOME":null,"PREMIUM_INCOME_YOY":null,"NET_INTEREST_INCOME":null,"NET_INTEREST_INCOME_YOY":null,"FEE_COMMISSION_INCOME":null,"FEE_COMMISSION_INCOME_YOY":null,"ACCOUNTS_RECE_TDAYS":5.408323059733,"INVENTORY_TDAYS":119.14755252964,"CURRENT_ASSETS_TDAYS":1.284199004508,"TOTAL_ASSETS_TDAYS":0.464646858242,"PREMIUM_EXPENSE":null,"LOAN_DEPOSIT":null,"LOAN_EQUITY":null,"LOAN_ASSETS":null,"DEPOSIT_EQUITY":null,"DEPOSIT_ASSETS":null,"EQUITY_MULTIPLIER":1.369067932148,"EQUITY_RATIO":0.374138767053},{"SECUCODE":"02490.HK","SECURITY_CODE":"02490","SECURITY_NAME_ABBR":"乐舱物流","ORG_CODE":"10000442335","STD_REPORT_DATE":"2022-12-31 00:00:00","REPORT_DATE":"2022-12-31 00:00:00","DATE_TYPE_CODE":"001","REPORT_TYPE":"2022年年报","PER_NETCASH_OPERATE":14.057612814483,"PER_OI":110.663387287586,"BPS":3.070218993485,"BASIC_EPS":1.49,"DILUTED_EPS":1.49,"OPERATE_INCOME":4607929000,"OPERATE_INCOME_YOY":9.8330716574,"GROSS_PROFIT":545300000,"GROSS_PROFIT_YOY":19.364237134908,"HOLDER_PROFIT":380944000,"HOLDER_PROFIT_YOY":-0.8177877293,"GROSS_PROFIT_RATIO":11.833949698444,"EPS_TTM":9.14869856,"OPERATE_INCOME_QOQ":-22.475124108168,"NET_PROFIT_RATIO":8.3835276108,"ROE_AVG":56.232793704544,"GROSS_PROFIT_QOQ":-22.702040677466,"ROA":29.598308996606,"HOLDER_PROFIT_QOQ":-37.097991298102,"ROE_YEARLY":56.232793704544,"ROIC_YEARLY":37.608609589927,"TOTAL_ASSETS":1440507000,"TOTAL_LIABILITIES":549328000,"TAX_EBT":2.295495759808,"OCF_SALES":12.703038610187,"TOTAL_PARENT_EQUITY":878909000,"DEBT_ASSET_RATIO":38.1343513083,"OPERATE_PROFIT":400369000,"PRETAX_PROFIT":395383000,"NETCASH_OPERATE":585347000,"NETCASH_INVEST":-346991000,"NETCASH_FINANCE":-109121000,"END_CASH":339991000,"DIVI_RATIO":0.01623105571,"DIVIDEND_RATE":0.795599022005,"CURRENT_RATIO":1.264535608926,"COMMON_ACS":20000000000,"CURRENTDEBT_DEBT":91.943247021816,"ISSUED_COMMON_SHARES":286269156,"HK_COMMON_SHARES":286269156,"PER_SHARES":200,"TOTAL_MARKET_CAP":5854204240.2,"HKSK_MARKET_CAP":5854204240.2,"PE_TTM":205.171252871097,"PB_TTM":4.641539292648,"REPORT_DATE_SQ":"2021-12-31 00:00:00","REPORT_TYPE_SQ":"2021年年报","OPERATE_INCOME_SQ":4195393000,"DPS_HKD":0.1627,"OPERATE_INCOME_QOQ_SQ":436.822029777716,"NET_PROFIT_RATIO_SQ":9.3444881087,"HOLDER_PROFIT_SQ":384085000,"HOLDER_PROFIT_QOQ_SQ":1404.97629403237,"ROE_AVG_SQ":133.596408999762,"PE_TTM_SQ":6.81837367128,"PB_TTM_SQ":1.361933180819,"ROA_SQ":52.609086619361,"START_DATE":"2022-01-01 00:00:00","FISCAL_YEAR":"12-31","CURRENCY":"HKD","IS_CNY_CODE":0,"DPS_HKD_LY":null,"ORG_TYPE":"一般企业","PREMIUM_INCOME":null,"PREMIUM_INCOME_YOY":null,"NET_INTEREST_INCOME":null,"NET_INTEREST_INCOME_YOY":null,"FEE_COMMISSION_INCOME":null,"FEE_COMMISSION_INCOME_YOY":null,"ACCOUNTS_RECE_TDAYS":20.015893941928,"INVENTORY_TDAYS":343.751660532216,"CURRENT_ASSETS_TDAYS":6.234408158433,"TOTAL_ASSETS_TDAYS":3.580235057552,"PREMIUM_EXPENSE":null,"LOAN_DEPOSIT":null,"LOAN_EQUITY":null,"LOAN_ASSETS":null,"DEPOSIT_EQUITY":null,"DEPOSIT_ASSETS":null,"EQUITY_MULTIPLIER":1.616405907232,"EQUITY_RATIO":0.62501123552},{"SECUCODE":"02490.HK","SECURITY_CODE":"02490","SECURITY_NAME_ABBR":"乐舱物流","ORG_CODE":"10000442335","STD_REPORT_DATE":"2022-06-30 00:00:00","REPORT_DATE":"2022-06-30 00:00:00","DATE_TYPE_CODE":"002","REPORT_TYPE":"2022年中报","PER_NETCASH_OPERATE":null,"PER_OI":null,"BPS":2.736948719687,"BASIC_EPS":1.08,"DILUTED_EPS":1.08,"OPERATE_INCOME":2685409000,"OPERATE_INCOME_YOY":186.59800746,"GROSS_PROFIT":338495000,"GROSS_PROFIT_YOY":276.607699154428,"HOLDER_PROFIT":276735000,"HOLDER_PROFIT_YOY":401.2861153881,"GROSS_PROFIT_RATIO":12.604970043669,"EPS_TTM":null,"OPERATE_INCOME_QOQ":41.674617848674,"NET_PROFIT_RATIO":10.5176529907,"ROE_AVG":43.944430902668,"GROSS_PROFIT_QOQ":54.420942261682,"ROA":19.897748430653,"HOLDER_PROFIT_QOQ":57.677337047789,"ROE_YEARLY":87.888861805337,"ROIC_YEARLY":57.145866147525,"TOTAL_ASSETS":1647985000,"TOTAL_LIABILITIES":852451000,"TAX_EBT":2.207618638728,"OCF_SALES":11.729907809202,"TOTAL_PARENT_EQUITY":783504000,"DEBT_ASSET_RATIO":51.726866446,"OPERATE_PROFIT":291896000,"PRETAX_PROFIT":288818000,"NETCASH_OPERATE":314996000,"NETCASH_INVEST":148435000,"NETCASH_FINANCE":-34085000,"END_CASH":636499000,"DIVI_RATIO":null,"DIVIDEND_RATE":0.795599022005,"CURRENT_RATIO":1.287942575252,"COMMON_ACS":20000000000,"CURRENTDEBT_DEBT":99.281366319003,"ISSUED_COMMON_SHARES":286269156,"HK_COMMON_SHARES":286269156,"PER_SHARES":200,"TOTAL_MARKET_CAP":5854204240.2,"HKSK_MARKET_CAP":5854204240.2,"PE_TTM":205.171252871097,"PB_TTM":4.641539292648,"REPORT_DATE_SQ":"2021-06-30 00:00:00","REPORT_TYPE_SQ":"2021年中报","OPERATE_INCOME_SQ":936995000,"DPS_HKD":0.1627,"OPERATE_INCOME_QOQ_SQ":0,"NET_PROFIT_RATIO_SQ":6.1929892902,"HOLDER_PROFIT_SQ":55205000,"HOLDER_PROFIT_QOQ_SQ":0,"ROE_AVG_SQ":null,"PE_TTM_SQ":6.81837367128,"PB_TTM_SQ":1.361933180819,"ROA_SQ":null,"START_DATE":"2022-01-01 00:00:00","FISCAL_YEAR":"12-31","CURRENCY":"HKD","IS_CNY_CODE":0,"DPS_HKD_LY":null,"ORG_TYPE":"一般企业","PREMIUM_INCOME":null,"PREMIUM_INCOME_YOY":null,"NET_INTEREST_INCOME":null,"NET_INTEREST_INCOME_YOY":null,"FEE_COMMISSION_INCOME":null,"FEE_COMMISSION_INCOME_YOY":null,"ACCOUNTS_RECE_TDAYS":8.734826972681,"INVENTORY_TDAYS":91.722906163286,"CURRENT_ASSETS_TDAYS":2.783436050838,"TOTAL_ASSETS_TDAYS":1.930857777853,"PREMIUM_EXPENSE":null,"LOAN_DEPOSIT":null,"LOAN_EQUITY":null,"LOAN_ASSETS":null,"DEPOSIT_EQUITY":null,"DEPOSIT_ASSETS":null,"EQUITY_MULTIPLIER":2.071545653612,"EQUITY_RATIO":1.087998274419},{"SECUCODE":"02490.HK","SECURITY_CODE":"02490","SECURITY_NAME_ABBR":"乐舱物流","ORG_CODE":"10000442335","STD_REPORT_DATE":"2021-12-31 00:00:00","REPORT_DATE":"2021-12-31 00:00:00","DATE_TYPE_CODE":"001","REPORT_TYPE":"2021年年报","PER_NETCASH_OPERATE":null,"PER_OI":null,"BPS":1.662676505743,"BASIC_EPS":null,"DILUTED_EPS":null,"OPERATE_INCOME":4195393000,"OPERATE_INCOME_YOY":436.8220297777,"GROSS_PROFIT":456837000,"GROSS_PROFIT_YOY":616.202614993886,"HOLDER_PROFIT":384085000,"HOLDER_PROFIT_YOY":1404.9762940324,"GROSS_PROFIT_RATIO":10.889015641681,"EPS_TTM":null,"OPERATE_INCOME_QOQ":436.822029777716,"NET_PROFIT_RATIO":9.3444881087,"ROE_AVG":133.596408999762,"GROSS_PROFIT_QOQ":616.202614993886,"ROA":52.609086619361,"HOLDER_PROFIT_QOQ":1404.97629403237,"ROE_YEARLY":133.596408999762,"ROIC_YEARLY":63.706675778244,"TOTAL_ASSETS":1133586000,"TOTAL_LIABILITIES":651621000,"TAX_EBT":3.846974539087,"OCF_SALES":12.035654347519,"TOTAL_PARENT_EQUITY":475973000,"DEBT_ASSET_RATIO":57.483155226,"OPERATE_PROFIT":409796000,"PRETAX_PROFIT":407723000,"NETCASH_OPERATE":504943000,"NETCASH_INVEST":-395215000,"NETCASH_FINANCE":32402000,"END_CASH":190005000,"DIVI_RATIO":null,"DIVIDEND_RATE":0.795599022005,"CURRENT_RATIO":1.340770114043,"COMMON_ACS":20000000000,"CURRENTDEBT_DEBT":96.093741607468,"ISSUED_COMMON_SHARES":286269156,"HK_COMMON_SHARES":286269156,"PER_SHARES":200,"TOTAL_MARKET_CAP":5854204240.2,"HKSK_MARKET_CAP":5854204240.2,"PE_TTM":205.171252871097,"PB_TTM":4.641539292648,"REPORT_DATE_SQ":"2020-12-31 00:00:00","REPORT_TYPE_SQ":"2020年年报","OPERATE_INCOME_SQ":781524000,"DPS_HKD":0.1627,"OPERATE_INCOME_QOQ_SQ":38.811990572087,"NET_PROFIT_RATIO_SQ":3.5238841034,"HOLDER_PROFIT_SQ":25521000,"HOLDER_PROFIT_QOQ_SQ":100.8578624272,"ROE_AVG_SQ":28.882978723404,"PE_TTM_SQ":6.81837367128,"PB_TTM_SQ":1.361933180819,"ROA_SQ":8.959892710191,"START_DATE":"2021-01-01 00:00:00","FISCAL_YEAR":"12-31","CURRENCY":"HKD","IS_CNY_CODE":0,"DPS_HKD_LY":null,"ORG_TYPE":"一般企业","PREMIUM_INCOME":null,"PREMIUM_INCOME_YOY":null,"NET_INTEREST_INCOME":null,"NET_INTEREST_INCOME_YOY":null,"FEE_COMMISSION_INCOME":null,"FEE_COMMISSION_INCOME_YOY":null,"ACCOUNTS_RECE_TDAYS":19.577241197483,"INVENTORY_TDAYS":367.136993027595,"CURRENT_ASSETS_TDAYS":8.182005759046,"TOTAL_ASSETS_TDAYS":5.746535109136,"PREMIUM_EXPENSE":null,"LOAN_DEPOSIT":null,"LOAN_EQUITY":null,"LOAN_ASSETS":null,"DEPOSIT_EQUITY":null,"DEPOSIT_ASSETS":null,"EQUITY_MULTIPLIER":2.352008963307,"EQUITY_RATIO":1.369029335698},{"SECUCODE":"02490.HK","SECURITY_CODE":"02490","SECURITY_NAME_ABBR":"乐舱物流","ORG_CODE":"10000442335","STD_REPORT_DATE":"2021-06-30 00:00:00","REPORT_DATE":"2021-06-30 00:00:00","DATE_TYPE_CODE":"002","REPORT_TYPE":"2021年中报","PER_NETCASH_OPERATE":null,"PER_OI":null,"BPS":null,"BASIC_EPS":null,"DILUTED_EPS":null,"OPERATE_INCOME":936995000,"OPERATE_INCOME_YOY":null,"GROSS_PROFIT":89880000,"GROSS_PROFIT_YOY":null,"HOLDER_PROFIT":55205000,"HOLDER_PROFIT_YOY":null,"GROSS_PROFIT_RATIO":9.592367088405,"EPS_TTM":null,"OPERATE_INCOME_QOQ":0,"NET_PROFIT_RATIO":6.1929892902,"ROE_AVG":null,"GROSS_PROFIT_QOQ":0,"ROA":null,"HOLDER_PROFIT_QOQ":0,"ROE_YEARLY":null,"ROIC_YEARLY":null,"TOTAL_ASSETS":null,"TOTAL_LIABILITIES":null,"TAX_EBT":7.173022779626,"OCF_SALES":6.264921370979,"TOTAL_PARENT_EQUITY":null,"DEBT_ASSET_RATIO":null,"OPERATE_PROFIT":62553000,"PRETAX_PROFIT":62512000,"NETCASH_OPERATE":58702000,"NETCASH_INVEST":-121413000,"NETCASH_FINANCE":103708000,"END_CASH":90411000,"DIVI_RATIO":null,"DIVIDEND_RATE":0.795599022005,"CURRENT_RATIO":null,"COMMON_ACS":20000000000,"CURRENTDEBT_DEBT":null,"ISSUED_COMMON_SHARES":286269156,"HK_COMMON_SHARES":286269156,"PER_SHARES":200,"TOTAL_MARKET_CAP":5854204240.2,"HKSK_MARKET_CAP":5854204240.2,"PE_TTM":205.171252871097,"PB_TTM":4.641539292648,"REPORT_DATE_SQ":"2020-06-30 00:00:00","REPORT_TYPE_SQ":"2020年中报","OPERATE_INCOME_SQ":null,"DPS_HKD":0.1627,"OPERATE_INCOME_QOQ_SQ":0,"NET_PROFIT_RATIO_SQ":null,"HOLDER_PROFIT_SQ":null,"HOLDER_PROFIT_QOQ_SQ":0,"ROE_AVG_SQ":null,"PE_TTM_SQ":6.81837367128,"PB_TTM_SQ":1.361933180819,"ROA_SQ":null,"START_DATE":"2021-01-01 00:00:00","FISCAL_YEAR":"12-31","CURRENCY":"HKD","IS_CNY_CODE":0,"DPS_HKD_LY":null,"ORG_TYPE":"一般企业","PREMIUM_INCOME":null,"PREMIUM_INCOME_YOY":null,"NET_INTEREST_INCOME":null,"NET_INTEREST_INCOME_YOY":null,"FEE_COMMISSION_INCOME":null,"FEE_COMMISSION_INCOME_YOY":null,"ACCOUNTS_RECE_TDAYS":null,"INVENTORY_TDAYS":null,"CURRENT_ASSETS_TDAYS":10.076786165585,"TOTAL_ASSETS_TDAYS":5.738560330229,"PREMIUM_EXPENSE":null,"LOAN_DEPOSIT":null,"LOAN_EQUITY":null,"LOAN_ASSETS":null,"DEPOSIT_EQUITY":null,"DEPOSIT_ASSETS":null,"EQUITY_MULTIPLIER":null,"EQUITY_RATIO":null},{"SECUCODE":"02490.HK","SECURITY_CODE":"02490","SECURITY_NAME_ABBR":"乐舱物流","ORG_CODE":"10000442335","STD_REPORT_DATE":"2020-12-31 00:00:00","REPORT_DATE":"2020-12-31 00:00:00","DATE_TYPE_CODE":"001","REPORT_TYPE":"2020年年报","PER_NETCASH_OPERATE":null,"PER_OI":null,"BPS":0.345898249688,"BASIC_EPS":null,"DILUTED_EPS":null,"OPERATE_INCOME":781524000,"OPERATE_INCOME_YOY":38.8119905721,"GROSS_PROFIT":63786000,"GROSS_PROFIT_YOY":30.436382970022,"HOLDER_PROFIT":25521000,"HOLDER_PROFIT_YOY":100.8578624272,"GROSS_PROFIT_RATIO":8.161745512614,"EPS_TTM":null,"OPERATE_INCOME_QOQ":38.811990572087,"NET_PROFIT_RATIO":3.5238841034,"ROE_AVG":28.882978723404,"GROSS_PROFIT_QOQ":30.436382970022,"ROA":8.959892710191,"HOLDER_PROFIT_QOQ":100.8578624272,"ROE_YEARLY":28.882978723404,"ROIC_YEARLY":10.779179091239,"TOTAL_ASSETS":326561000,"TOTAL_LIABILITIES":219853000,"TAX_EBT":8.520179372197,"OCF_SALES":6.513939431163,"TOTAL_PARENT_EQUITY":99020000,"DEBT_ASSET_RATIO":67.3237159367,"OPERATE_PROFIT":33633000,"PRETAX_PROFIT":30105000,"NETCASH_OPERATE":50908000,"NETCASH_INVEST":-31578000,"NETCASH_FINANCE":-3282000,"END_CASH":50669000,"DIVI_RATIO":null,"DIVIDEND_RATE":0.795599022005,"CURRENT_RATIO":0.908327635049,"COMMON_ACS":20000000000,"CURRENTDEBT_DEBT":93.125861371007,"ISSUED_COMMON_SHARES":286269156,"HK_COMMON_SHARES":286269156,"PER_SHARES":200,"TOTAL_MARKET_CAP":5854204240.2,"HKSK_MARKET_CAP":5854204240.2,"PE_TTM":205.171252871097,"PB_TTM":4.641539292648,"REPORT_DATE_SQ":"2019-12-31 00:00:00","REPORT_TYPE_SQ":"2019年年报","OPERATE_INCOME_SQ":563009000,"DPS_HKD":0.1627,"OPERATE_INCOME_QOQ_SQ":null,"NET_PROFIT_RATIO_SQ":2.1145310288,"HOLDER_PROFIT_SQ":12706000,"HOLDER_PROFIT_QOQ_SQ":null,"ROE_AVG_SQ":16.352638352638,"PE_TTM_SQ":6.81837367128,"PB_TTM_SQ":1.361933180819,"ROA_SQ":5.226419207687,"START_DATE":"2020-01-01 00:00:00","FISCAL_YEAR":"12-31","CURRENCY":"HKD","IS_CNY_CODE":0,"DPS_HKD_LY":null,"ORG_TYPE":"一般企业","PREMIUM_INCOME":null,"PREMIUM_INCOME_YOY":null,"NET_INTEREST_INCOME":null,"NET_INTEREST_INCOME_YOY":null,"FEE_COMMISSION_INCOME":null,"FEE_COMMISSION_INCOME_YOY":null,"ACCOUNTS_RECE_TDAYS":7.144382484688,"INVENTORY_TDAYS":265.681288173237,"CURRENT_ASSETS_TDAYS":4.580602053735,"TOTAL_ASSETS_TDAYS":2.743768343889,"PREMIUM_EXPENSE":null,"LOAN_DEPOSIT":null,"LOAN_EQUITY":null,"LOAN_ASSETS":null,"DEPOSIT_EQUITY":null,"DEPOSIT_ASSETS":null,"EQUITY_MULTIPLIER":3.060323499645,"EQUITY_RATIO":2.220288830539},{"SECUCODE":"02490.HK","SECURITY_CODE":"02490","SECURITY_NAME_ABBR":"乐舱物流","ORG_CODE":"10000442335","STD_REPORT_DATE":"2019-12-31 00:00:00","REPORT_DATE":"2019-12-31 00:00:00","DATE_TYPE_CODE":"001","REPORT_TYPE":"2019年年报","PER_NETCASH_OPERATE":null,"PER_OI":null,"BPS":0.271422884273,"BASIC_EPS":null,"DILUTED_EPS":null,"OPERATE_INCOME":563009000,"OPERATE_INCOME_YOY":null,"GROSS_PROFIT":48902000,"GROSS_PROFIT_YOY":null,"HOLDER_PROFIT":12706000,"HOLDER_PROFIT_YOY":null,"GROSS_PROFIT_RATIO":8.685829178574,"EPS_TTM":null,"OPERATE_INCOME_QOQ":null,"NET_PROFIT_RATIO":2.1145310288,"ROE_AVG":16.352638352638,"GROSS_PROFIT_QOQ":null,"ROA":5.226419207687,"HOLDER_PROFIT_QOQ":null,"ROE_YEARLY":16.352638352638,"ROIC_YEARLY":6.188388856419,"TOTAL_ASSETS":243111000,"TOTAL_LIABILITIES":160817000,"TAX_EBT":4.904545091461,"OCF_SALES":7.239671124263,"TOTAL_PARENT_EQUITY":77700000,"DEBT_ASSET_RATIO":66.1496188984,"OPERATE_PROFIT":12629000,"PRETAX_PROFIT":12519000,"NETCASH_OPERATE":40760000,"NETCASH_INVEST":-16984000,"NETCASH_FINANCE":-7466000,"END_CASH":32147000,"DIVI_RATIO":null,"DIVIDEND_RATE":0.795599022005,"CURRENT_RATIO":1.041978175375,"COMMON_ACS":20000000000,"CURRENTDEBT_DEBT":92.655627203592,"ISSUED_COMMON_SHARES":286269156,"HK_COMMON_SHARES":286269156,"PER_SHARES":200,"TOTAL_MARKET_CAP":5854204240.2,"HKSK_MARKET_CAP":5854204240.2,"PE_TTM":205.171252871097,"PB_TTM":4.641539292648,"REPORT_DATE_SQ":"2018-12-31 00:00:00","REPORT_TYPE_SQ":"2018年年报","OPERATE_INCOME_SQ":null,"DPS_HKD":0.1627,"OPERATE_INCOME_QOQ_SQ":null,"NET_PROFIT_RATIO_SQ":null,"HOLDER_PROFIT_SQ":null,"HOLDER_PROFIT_QOQ_SQ":null,"ROE_AVG_SQ":null,"PE_TTM_SQ":6.81837367128,"PB_TTM_SQ":1.361933180819,"ROA_SQ":null,"START_DATE":"2019-01-01 00:00:00","FISCAL_YEAR":"12-31","CURRENCY":"HKD","IS_CNY_CODE":0,"DPS_HKD_LY":null,"ORG_TYPE":"一般企业","PREMIUM_INCOME":null,"PREMIUM_INCOME_YOY":null,"NET_INTEREST_INCOME":null,"NET_INTEREST_INCOME_YOY":null,"FEE_COMMISSION_INCOME":null,"FEE_COMMISSION_INCOME_YOY":null,"ACCOUNTS_RECE_TDAYS":5.54863602318,"INVENTORY_TDAYS":247.643063583815,"CURRENT_ASSETS_TDAYS":7.252420118381,"TOTAL_ASSETS_TDAYS":4.631703213758,"PREMIUM_EXPENSE":null,"LOAN_DEPOSIT":null,"LOAN_EQUITY":null,"LOAN_ASSETS":null,"DEPOSIT_EQUITY":null,"DEPOSIT_ASSETS":null,"EQUITY_MULTIPLIER":2.954176489176,"EQUITY_RATIO":2.069716859717}],"count":9},"success":true,"message":"ok","code":0}