{"version":"d665d12456dd1205a9d272c1007c7372","result":{"pages":2,"data":[{"SECUCODE":"02501.HK","SECURITY_CODE":"02501","SECURITY_NAME_ABBR":"迈越科技","ORG_CODE":"10000199518","STD_REPORT_DATE":"2024-06-30 00:00:00","REPORT_DATE":"2024-06-30 00:00:00","DATE_TYPE_CODE":"002","REPORT_TYPE":"2024年中报","PER_NETCASH_OPERATE":-0.03584,"PER_OI":0.04408,"BPS":0.604886,"BASIC_EPS":-0.03,"DILUTED_EPS":-0.03,"OPERATE_INCOME":22040000,"OPERATE_INCOME_YOY":12.2199592668,"GROSS_PROFIT":7830000,"GROSS_PROFIT_YOY":124.67718794835,"HOLDER_PROFIT":-14892000,"HOLDER_PROFIT_YOY":-43.4820310242,"GROSS_PROFIT_RATIO":35.526315789474,"EPS_TTM":0.036736,"OPERATE_INCOME_QOQ":0.926336916456,"NET_PROFIT_RATIO":-68.2032667877,"ROE_AVG":-4.808361356815,"GROSS_PROFIT_QOQ":5.085440074906,"ROA":-2.55959409499,"HOLDER_PROFIT_QOQ":-19.723788295966,"ROE_YEARLY":-9.616722713631,"ROIC_YEARLY":-5.430785024133,"TOTAL_ASSETS":563490000,"TOTAL_LIABILITIES":259452000,"TAX_EBT":16.461042569746,"OCF_SALES":-81.306715063521,"TOTAL_PARENT_EQUITY":302443000,"DEBT_ASSET_RATIO":46.0437629772,"OPERATE_PROFIT":-11966000,"PRETAX_PROFIT":-17994000,"NETCASH_OPERATE":-17920000,"NETCASH_INVEST":-5400000,"NETCASH_FINANCE":-8862000,"END_CASH":15626000,"DIVI_RATIO":null,"DIVIDEND_RATE":null,"CURRENT_RATIO":2.04197518342,"COMMON_ACS":1000000000,"CURRENTDEBT_DEBT":91.198371953194,"ISSUED_COMMON_SHARES":500000000,"HK_COMMON_SHARES":500000000,"PER_SHARES":2000,"TOTAL_MARKET_CAP":440000000,"HKSK_MARKET_CAP":440000000,"PE_TTM":21.793669997614,"PB_TTM":1.327784739604,"REPORT_DATE_SQ":"2023-06-30 00:00:00","REPORT_TYPE_SQ":"2023年中报","OPERATE_INCOME_SQ":19640000,"DPS_HKD":null,"OPERATE_INCOME_QOQ_SQ":0,"NET_PROFIT_RATIO_SQ":-54.2311608961,"HOLDER_PROFIT_SQ":-10379000,"HOLDER_PROFIT_QOQ_SQ":0,"ROE_AVG_SQ":null,"PE_TTM_SQ":10.256103661787,"PB_TTM_SQ":2.818616811477,"ROA_SQ":null,"START_DATE":"2024-01-01 00:00:00","FISCAL_YEAR":"12-31","CURRENCY":"HKD","IS_CNY_CODE":0,"DPS_HKD_LY":null,"ORG_TYPE":"一般企业","PREMIUM_INCOME":null,"PREMIUM_INCOME_YOY":null,"NET_INTEREST_INCOME":null,"NET_INTEREST_INCOME_YOY":null,"FEE_COMMISSION_INCOME":null,"FEE_COMMISSION_INCOME_YOY":null,"ACCOUNTS_RECE_TDAYS":0.049393838544,"INVENTORY_TDAYS":3.937924345296,"CURRENT_ASSETS_TDAYS":0.043803120475,"TOTAL_ASSETS_TDAYS":0.037881717602,"PREMIUM_EXPENSE":null,"LOAN_DEPOSIT":null,"LOAN_EQUITY":null,"LOAN_ASSETS":null,"DEPOSIT_EQUITY":null,"DEPOSIT_ASSETS":null,"EQUITY_MULTIPLIER":1.853353857085,"EQUITY_RATIO":0.857854207239},{"SECUCODE":"02501.HK","SECURITY_CODE":"02501","SECURITY_NAME_ABBR":"迈越科技","ORG_CODE":"10000199518","STD_REPORT_DATE":"2023-12-31 00:00:00","REPORT_DATE":"2023-12-31 00:00:00","DATE_TYPE_CODE":"001","REPORT_TYPE":"2023年年报","PER_NETCASH_OPERATE":-0.2844,"PER_OI":0.51817,"BPS":0.633956,"BASIC_EPS":0.06,"DILUTED_EPS":0.06,"OPERATE_INCOME":259085000,"OPERATE_INCOME_YOY":6.5075743561,"GROSS_PROFIT":85440000,"GROSS_PROFIT_YOY":-18.341600481693,"HOLDER_PROFIT":22881000,"HOLDER_PROFIT_YOY":-53.0877106655,"GROSS_PROFIT_RATIO":32.977594225833,"EPS_TTM":0.045762,"OPERATE_INCOME_QOQ":6.507574356128,"NET_PROFIT_RATIO":8.7411467279,"ROE_AVG":9.255094528893,"GROSS_PROFIT_QOQ":-18.341600481693,"ROA":4.228049703283,"HOLDER_PROFIT_QOQ":-53.087710665519,"ROE_YEARLY":9.255094528893,"ROIC_YEARLY":4.726356340952,"TOTAL_ASSETS":600132000,"TOTAL_LIABILITIES":281419000,"TAX_EBT":17.304462133937,"OCF_SALES":-54.885462300017,"TOTAL_PARENT_EQUITY":316978000,"DEBT_ASSET_RATIO":46.8928502396,"OPERATE_PROFIT":37582000,"PRETAX_PROFIT":27386000,"NETCASH_OPERATE":-142200000,"NETCASH_INVEST":-9756000,"NETCASH_FINANCE":138899000,"END_CASH":47808000,"DIVI_RATIO":null,"DIVIDEND_RATE":null,"CURRENT_RATIO":2.266731080859,"COMMON_ACS":1000000000,"CURRENTDEBT_DEBT":82.012230872827,"ISSUED_COMMON_SHARES":500000000,"HK_COMMON_SHARES":500000000,"PER_SHARES":2000,"TOTAL_MARKET_CAP":445000000,"HKSK_MARKET_CAP":445000000,"PE_TTM":22.041325338496,"PB_TTM":1.342873202554,"REPORT_DATE_SQ":"2022-12-31 00:00:00","REPORT_TYPE_SQ":"2022年年报","OPERATE_INCOME_SQ":243255000,"DPS_HKD":null,"OPERATE_INCOME_QOQ_SQ":8.918361041834,"NET_PROFIT_RATIO_SQ":20.1664919529,"HOLDER_PROFIT_SQ":48774000,"HOLDER_PROFIT_QOQ_SQ":-3.692441355343,"ROE_AVG_SQ":31.76321187848,"PE_TTM_SQ":11.53811661951,"PB_TTM_SQ":3.170943912911,"ROA_SQ":10.882304708548,"START_DATE":"2023-01-01 00:00:00","FISCAL_YEAR":"12-31","CURRENCY":"HKD","IS_CNY_CODE":0,"DPS_HKD_LY":null,"ORG_TYPE":"一般企业","PREMIUM_INCOME":null,"PREMIUM_INCOME_YOY":null,"NET_INTEREST_INCOME":null,"NET_INTEREST_INCOME_YOY":null,"FEE_COMMISSION_INCOME":null,"FEE_COMMISSION_INCOME_YOY":null,"ACCOUNTS_RECE_TDAYS":0.728618273038,"INVENTORY_TDAYS":46.817201401995,"CURRENT_ASSETS_TDAYS":0.532465637434,"TOTAL_ASSETS_TDAYS":0.478748418939,"PREMIUM_EXPENSE":null,"LOAN_DEPOSIT":null,"LOAN_EQUITY":null,"LOAN_ASSETS":null,"DEPOSIT_EQUITY":null,"DEPOSIT_ASSETS":null,"EQUITY_MULTIPLIER":1.882985632842,"EQUITY_RATIO":0.887818712971},{"SECUCODE":"02501.HK","SECURITY_CODE":"02501","SECURITY_NAME_ABBR":"迈越科技","ORG_CODE":"10000199518","STD_REPORT_DATE":"2023-06-30 00:00:00","REPORT_DATE":"2023-06-30 00:00:00","DATE_TYPE_CODE":"002","REPORT_TYPE":"2023年中报","PER_NETCASH_OPERATE":null,"PER_OI":null,"BPS":null,"BASIC_EPS":-0.03,"DILUTED_EPS":-0.03,"OPERATE_INCOME":19640000,"OPERATE_INCOME_YOY":null,"GROSS_PROFIT":3485000,"GROSS_PROFIT_YOY":null,"HOLDER_PROFIT":-10379000,"HOLDER_PROFIT_YOY":null,"GROSS_PROFIT_RATIO":17.744399185336,"EPS_TTM":null,"OPERATE_INCOME_QOQ":0,"NET_PROFIT_RATIO":-54.2311608961,"ROE_AVG":null,"GROSS_PROFIT_QOQ":0,"ROA":null,"HOLDER_PROFIT_QOQ":0,"ROE_YEARLY":null,"ROIC_YEARLY":null,"TOTAL_ASSETS":null,"TOTAL_LIABILITIES":null,"TAX_EBT":13.952173210535,"OCF_SALES":-201.822810590631,"TOTAL_PARENT_EQUITY":null,"DEBT_ASSET_RATIO":null,"OPERATE_PROFIT":-7834000,"PRETAX_PROFIT":-12378000,"NETCASH_OPERATE":-39638000,"NETCASH_INVEST":-3258000,"NETCASH_FINANCE":-9680000,"END_CASH":10025000,"DIVI_RATIO":null,"DIVIDEND_RATE":null,"CURRENT_RATIO":null,"COMMON_ACS":1000000000,"CURRENTDEBT_DEBT":null,"ISSUED_COMMON_SHARES":500000000,"HK_COMMON_SHARES":500000000,"PER_SHARES":2000,"TOTAL_MARKET_CAP":445000000,"HKSK_MARKET_CAP":445000000,"PE_TTM":22.041325338496,"PB_TTM":1.342873202554,"REPORT_DATE_SQ":"2022-06-30 00:00:00","REPORT_TYPE_SQ":"2022年中报","OPERATE_INCOME_SQ":null,"DPS_HKD":null,"OPERATE_INCOME_QOQ_SQ":0,"NET_PROFIT_RATIO_SQ":null,"HOLDER_PROFIT_SQ":null,"HOLDER_PROFIT_QOQ_SQ":0,"ROE_AVG_SQ":null,"PE_TTM_SQ":11.53811661951,"PB_TTM_SQ":3.170943912911,"ROA_SQ":null,"START_DATE":"2023-01-01 00:00:00","FISCAL_YEAR":"12-31","CURRENCY":"HKD","IS_CNY_CODE":0,"DPS_HKD_LY":null,"ORG_TYPE":"一般企业","PREMIUM_INCOME":null,"PREMIUM_INCOME_YOY":null,"NET_INTEREST_INCOME":null,"NET_INTEREST_INCOME_YOY":null,"FEE_COMMISSION_INCOME":null,"FEE_COMMISSION_INCOME_YOY":null,"ACCOUNTS_RECE_TDAYS":null,"INVENTORY_TDAYS":null,"CURRENT_ASSETS_TDAYS":0.087289858776,"TOTAL_ASSETS_TDAYS":0.081458116882,"PREMIUM_EXPENSE":null,"LOAN_DEPOSIT":null,"LOAN_EQUITY":null,"LOAN_ASSETS":null,"DEPOSIT_EQUITY":null,"DEPOSIT_ASSETS":null,"EQUITY_MULTIPLIER":null,"EQUITY_RATIO":null},{"SECUCODE":"02501.HK","SECURITY_CODE":"02501","SECURITY_NAME_ABBR":"迈越科技","ORG_CODE":"10000199518","STD_REPORT_DATE":"2022-12-31 00:00:00","REPORT_DATE":"2022-12-31 00:00:00","DATE_TYPE_CODE":"001","REPORT_TYPE":"2022年年报","PER_NETCASH_OPERATE":null,"PER_OI":null,"BPS":0.354948,"BASIC_EPS":0.13,"DILUTED_EPS":0.13,"OPERATE_INCOME":243255000,"OPERATE_INCOME_YOY":20.5772719612,"GROSS_PROFIT":104631000,"GROSS_PROFIT_YOY":5.817210934577,"HOLDER_PROFIT":48774000,"HOLDER_PROFIT_YOY":6.0811692549,"GROSS_PROFIT_RATIO":43.012887710427,"EPS_TTM":null,"OPERATE_INCOME_QOQ":8.918361041834,"NET_PROFIT_RATIO":20.1664919529,"ROE_AVG":31.76321187848,"GROSS_PROFIT_QOQ":2.130837107606,"ROA":10.882304708548,"HOLDER_PROFIT_QOQ":-3.692441355343,"ROE_YEARLY":31.76321187848,"ROIC_YEARLY":12.490492689935,"TOTAL_ASSETS":482211000,"TOTAL_LIABILITIES":302768000,"TAX_EBT":12.707084008043,"OCF_SALES":4.157776818565,"TOTAL_PARENT_EQUITY":177474000,"DEBT_ASSET_RATIO":62.787451966,"OPERATE_PROFIT":65192000,"PRETAX_PROFIT":56197000,"NETCASH_OPERATE":10114000,"NETCASH_INVEST":-17921000,"NETCASH_FINANCE":21252000,"END_CASH":62601000,"DIVI_RATIO":null,"DIVIDEND_RATE":null,"CURRENT_RATIO":1.967552512374,"COMMON_ACS":1000000000,"CURRENTDEBT_DEBT":75.539026581409,"ISSUED_COMMON_SHARES":500000000,"HK_COMMON_SHARES":500000000,"PER_SHARES":2000,"TOTAL_MARKET_CAP":445000000,"HKSK_MARKET_CAP":445000000,"PE_TTM":22.041325338496,"PB_TTM":1.342873202554,"REPORT_DATE_SQ":"2021-12-31 00:00:00","REPORT_TYPE_SQ":"2021年年报","OPERATE_INCOME_SQ":201742000,"DPS_HKD":null,"OPERATE_INCOME_QOQ_SQ":-2.574924906072,"NET_PROFIT_RATIO_SQ":22.9416779848,"HOLDER_PROFIT_SQ":45978000,"HOLDER_PROFIT_QOQ_SQ":16.582991023886,"ROE_AVG_SQ":43.13598558944,"PE_TTM_SQ":11.53811661951,"PB_TTM_SQ":3.170943912911,"ROA_SQ":13.348643230524,"START_DATE":"2022-01-01 00:00:00","FISCAL_YEAR":"12-31","CURRENCY":"HKD","IS_CNY_CODE":0,"DPS_HKD_LY":null,"ORG_TYPE":"一般企业","PREMIUM_INCOME":null,"PREMIUM_INCOME_YOY":null,"NET_INTEREST_INCOME":null,"NET_INTEREST_INCOME_YOY":null,"FEE_COMMISSION_INCOME":null,"FEE_COMMISSION_INCOME_YOY":null,"ACCOUNTS_RECE_TDAYS":0.980118014662,"INVENTORY_TDAYS":41.09204090707,"CURRENT_ASSETS_TDAYS":0.653561669967,"TOTAL_ASSETS_TDAYS":0.542743066363,"PREMIUM_EXPENSE":null,"LOAN_DEPOSIT":null,"LOAN_EQUITY":null,"LOAN_ASSETS":null,"DEPOSIT_EQUITY":null,"DEPOSIT_ASSETS":null,"EQUITY_MULTIPLIER":2.687265594085,"EQUITY_RATIO":1.705985102043},{"SECUCODE":"02501.HK","SECURITY_CODE":"02501","SECURITY_NAME_ABBR":"迈越科技","ORG_CODE":"10000199518","STD_REPORT_DATE":"2022-09-30 00:00:00","REPORT_DATE":"2022-09-30 00:00:00","DATE_TYPE_CODE":"004","REPORT_TYPE":"2022年三季报","PER_NETCASH_OPERATE":null,"PER_OI":null,"BPS":0.26973,"BASIC_EPS":1000,"DILUTED_EPS":1000,"OPERATE_INCOME":106261000,"OPERATE_INCOME_YOY":25.5061063473,"GROSS_PROFIT":42539000,"GROSS_PROFIT_YOY":9.158326918142,"HOLDER_PROFIT":6386000,"HOLDER_PROFIT_YOY":271.2790697674,"GROSS_PROFIT_RATIO":40.032561334827,"EPS_TTM":null,"OPERATE_INCOME_QOQ":10.704265844494,"NET_PROFIT_RATIO":6.1471282973,"ROE_AVG":4.828715203345,"GROSS_PROFIT_QOQ":3.609462069802,"ROA":1.52747895411,"HOLDER_PROFIT_QOQ":10.148331810866,"ROE_YEARLY":6.438286937794,"ROIC_YEARLY":1.680652364717,"TOTAL_ASSETS":421969000,"TOTAL_LIABILITIES":285271000,"TAX_EBT":-1.87149095446,"OCF_SALES":-14.512379894787,"TOTAL_PARENT_EQUITY":134865000,"DEBT_ASSET_RATIO":67.6047292574,"OPERATE_PROFIT":12871000,"PRETAX_PROFIT":6412000,"NETCASH_OPERATE":-15421000,"NETCASH_INVEST":-12720000,"NETCASH_FINANCE":2515000,"END_CASH":23530000,"DIVI_RATIO":null,"DIVIDEND_RATE":null,"CURRENT_RATIO":1.380265812899,"COMMON_ACS":1000000000,"CURRENTDEBT_DEBT":99.19725454042,"ISSUED_COMMON_SHARES":500000000,"HK_COMMON_SHARES":500000000,"PER_SHARES":2000,"TOTAL_MARKET_CAP":445000000,"HKSK_MARKET_CAP":445000000,"PE_TTM":22.041325338496,"PB_TTM":1.342873202554,"REPORT_DATE_SQ":"2021-09-30 00:00:00","REPORT_TYPE_SQ":"2021年三季报","OPERATE_INCOME_SQ":84666000,"DPS_HKD":null,"OPERATE_INCOME_QOQ_SQ":0,"NET_PROFIT_RATIO_SQ":2.5075000591,"HOLDER_PROFIT_SQ":1720000,"HOLDER_PROFIT_QOQ_SQ":0,"ROE_AVG_SQ":null,"PE_TTM_SQ":11.53811661951,"PB_TTM_SQ":3.170943912911,"ROA_SQ":null,"START_DATE":"2022-01-01 00:00:00","FISCAL_YEAR":"12-31","CURRENCY":"HKD","IS_CNY_CODE":0,"DPS_HKD_LY":null,"ORG_TYPE":"一般企业","PREMIUM_INCOME":null,"PREMIUM_INCOME_YOY":null,"NET_INTEREST_INCOME":null,"NET_INTEREST_INCOME_YOY":null,"FEE_COMMISSION_INCOME":null,"FEE_COMMISSION_INCOME_YOY":null,"ACCOUNTS_RECE_TDAYS":0.431145572137,"INVENTORY_TDAYS":23.016796098971,"CURRENT_ASSETS_TDAYS":0.310254718303,"TOTAL_ASSETS_TDAYS":0.254167618451,"PREMIUM_EXPENSE":null,"LOAN_DEPOSIT":null,"LOAN_EQUITY":null,"LOAN_ASSETS":null,"DEPOSIT_EQUITY":null,"DEPOSIT_ASSETS":null,"EQUITY_MULTIPLIER":3.086870327294,"EQUITY_RATIO":2.115233752271},{"SECUCODE":"02501.HK","SECURITY_CODE":"02501","SECURITY_NAME_ABBR":"迈越科技","ORG_CODE":"10000199518","STD_REPORT_DATE":"2021-12-31 00:00:00","REPORT_DATE":"2021-12-31 00:00:00","DATE_TYPE_CODE":"001","REPORT_TYPE":"2021年年报","PER_NETCASH_OPERATE":null,"PER_OI":null,"BPS":0.259272,"BASIC_EPS":4600,"DILUTED_EPS":4600,"OPERATE_INCOME":201742000,"OPERATE_INCOME_YOY":-2.5749249061,"GROSS_PROFIT":98879000,"GROSS_PROFIT_YOY":31.186233797248,"HOLDER_PROFIT":45978000,"HOLDER_PROFIT_YOY":16.5829910239,"GROSS_PROFIT_RATIO":49.012600251807,"EPS_TTM":null,"OPERATE_INCOME_QOQ":-2.574924906072,"NET_PROFIT_RATIO":22.9416779848,"ROE_AVG":43.13598558944,"GROSS_PROFIT_QOQ":31.186233797248,"ROA":13.348643230524,"HOLDER_PROFIT_QOQ":16.582991023886,"ROE_YEARLY":43.13598558944,"ROIC_YEARLY":15.802172119879,"TOTAL_ASSETS":414180000,"TOTAL_LIABILITIES":282857000,"TAX_EBT":15.512677753236,"OCF_SALES":3.308681385135,"TOTAL_PARENT_EQUITY":129636000,"DEBT_ASSET_RATIO":68.2932541407,"OPERATE_PROFIT":63125000,"PRETAX_PROFIT":54781000,"NETCASH_OPERATE":6675000,"NETCASH_INVEST":-17993000,"NETCASH_FINANCE":4358000,"END_CASH":49156000,"DIVI_RATIO":null,"DIVIDEND_RATE":null,"CURRENT_RATIO":1.286366575783,"COMMON_ACS":1000000000,"CURRENTDEBT_DEBT":80.911556015937,"ISSUED_COMMON_SHARES":500000000,"HK_COMMON_SHARES":500000000,"PER_SHARES":2000,"TOTAL_MARKET_CAP":445000000,"HKSK_MARKET_CAP":445000000,"PE_TTM":22.041325338496,"PB_TTM":1.342873202554,"REPORT_DATE_SQ":"2020-12-31 00:00:00","REPORT_TYPE_SQ":"2020年年报","OPERATE_INCOME_SQ":207074000,"DPS_HKD":null,"OPERATE_INCOME_QOQ_SQ":20.12855543373,"NET_PROFIT_RATIO_SQ":19.0453654249,"HOLDER_PROFIT_SQ":39438000,"HOLDER_PROFIT_QOQ_SQ":-7.561410088131,"ROE_AVG_SQ":61.793738836138,"PE_TTM_SQ":11.53811661951,"PB_TTM_SQ":3.170943912911,"ROA_SQ":17.270440168947,"START_DATE":"2021-01-01 00:00:00","FISCAL_YEAR":"12-31","CURRENCY":"HKD","IS_CNY_CODE":0,"DPS_HKD_LY":null,"ORG_TYPE":"一般企业","PREMIUM_INCOME":null,"PREMIUM_INCOME_YOY":null,"NET_INTEREST_INCOME":null,"NET_INTEREST_INCOME_YOY":null,"FEE_COMMISSION_INCOME":null,"FEE_COMMISSION_INCOME_YOY":null,"ACCOUNTS_RECE_TDAYS":1.045130173729,"INVENTORY_TDAYS":36.521569323629,"CURRENT_ASSETS_TDAYS":0.787548625981,"TOTAL_ASSETS_TDAYS":0.585710988432,"PREMIUM_EXPENSE":null,"LOAN_DEPOSIT":null,"LOAN_EQUITY":null,"LOAN_ASSETS":null,"DEPOSIT_EQUITY":null,"DEPOSIT_ASSETS":null,"EQUITY_MULTIPLIER":3.15390297206,"EQUITY_RATIO":2.181932487889},{"SECUCODE":"02501.HK","SECURITY_CODE":"02501","SECURITY_NAME_ABBR":"迈越科技","ORG_CODE":"10000199518","STD_REPORT_DATE":"2021-09-30 00:00:00","REPORT_DATE":"2021-09-30 00:00:00","DATE_TYPE_CODE":"004","REPORT_TYPE":"2021年三季报","PER_NETCASH_OPERATE":null,"PER_OI":null,"BPS":null,"BASIC_EPS":null,"DILUTED_EPS":null,"OPERATE_INCOME":84666000,"OPERATE_INCOME_YOY":null,"GROSS_PROFIT":38970000,"GROSS_PROFIT_YOY":null,"HOLDER_PROFIT":1720000,"HOLDER_PROFIT_YOY":null,"GROSS_PROFIT_RATIO":46.027921479697,"EPS_TTM":null,"OPERATE_INCOME_QOQ":0,"NET_PROFIT_RATIO":2.5075000591,"ROE_AVG":null,"GROSS_PROFIT_QOQ":0,"ROA":null,"HOLDER_PROFIT_QOQ":0,"ROE_YEARLY":null,"ROIC_YEARLY":null,"TOTAL_ASSETS":null,"TOTAL_LIABILITIES":null,"TAX_EBT":34.313118811881,"OCF_SALES":-32.785297522028,"TOTAL_PARENT_EQUITY":null,"DEBT_ASSET_RATIO":null,"OPERATE_PROFIT":9553000,"PRETAX_PROFIT":3232000,"NETCASH_OPERATE":-27758000,"NETCASH_INVEST":-15069000,"NETCASH_FINANCE":-5922000,"END_CASH":7367000,"DIVI_RATIO":null,"DIVIDEND_RATE":null,"CURRENT_RATIO":null,"COMMON_ACS":1000000000,"CURRENTDEBT_DEBT":null,"ISSUED_COMMON_SHARES":500000000,"HK_COMMON_SHARES":500000000,"PER_SHARES":2000,"TOTAL_MARKET_CAP":445000000,"HKSK_MARKET_CAP":445000000,"PE_TTM":22.041325338496,"PB_TTM":1.342873202554,"REPORT_DATE_SQ":"2020-09-30 00:00:00","REPORT_TYPE_SQ":"2020年三季报","OPERATE_INCOME_SQ":null,"DPS_HKD":null,"OPERATE_INCOME_QOQ_SQ":0,"NET_PROFIT_RATIO_SQ":null,"HOLDER_PROFIT_SQ":null,"HOLDER_PROFIT_QOQ_SQ":0,"ROE_AVG_SQ":null,"PE_TTM_SQ":11.53811661951,"PB_TTM_SQ":3.170943912911,"ROA_SQ":null,"START_DATE":"2021-01-01 00:00:00","FISCAL_YEAR":"12-31","CURRENCY":"HKD","IS_CNY_CODE":0,"DPS_HKD_LY":null,"ORG_TYPE":"一般企业","PREMIUM_INCOME":null,"PREMIUM_INCOME_YOY":null,"NET_INTEREST_INCOME":null,"NET_INTEREST_INCOME_YOY":null,"FEE_COMMISSION_INCOME":null,"FEE_COMMISSION_INCOME_YOY":null,"ACCOUNTS_RECE_TDAYS":null,"INVENTORY_TDAYS":null,"CURRENT_ASSETS_TDAYS":0.77701605132,"TOTAL_ASSETS_TDAYS":0.61642743512,"PREMIUM_EXPENSE":null,"LOAN_DEPOSIT":null,"LOAN_EQUITY":null,"LOAN_ASSETS":null,"DEPOSIT_EQUITY":null,"DEPOSIT_ASSETS":null,"EQUITY_MULTIPLIER":null,"EQUITY_RATIO":null},{"SECUCODE":"02501.HK","SECURITY_CODE":"02501","SECURITY_NAME_ABBR":"迈越科技","ORG_CODE":"10000199518","STD_REPORT_DATE":"2020-12-31 00:00:00","REPORT_DATE":"2020-12-31 00:00:00","DATE_TYPE_CODE":"001","REPORT_TYPE":"2020年年报","PER_NETCASH_OPERATE":null,"PER_OI":null,"BPS":0.167082,"BASIC_EPS":3940,"DILUTED_EPS":3940,"OPERATE_INCOME":207074000,"OPERATE_INCOME_YOY":20.1285554337,"GROSS_PROFIT":75373000,"GROSS_PROFIT_YOY":2.909532781737,"HOLDER_PROFIT":39438000,"HOLDER_PROFIT_YOY":-7.5614100881,"GROSS_PROFIT_RATIO":36.399065068526,"EPS_TTM":null,"OPERATE_INCOME_QOQ":20.12855543373,"NET_PROFIT_RATIO":19.0453654249,"ROE_AVG":61.793738836138,"GROSS_PROFIT_QOQ":2.909532781737,"ROA":17.270440168947,"HOLDER_PROFIT_QOQ":-7.561410088131,"ROE_YEARLY":61.793738836138,"ROIC_YEARLY":21.665838041845,"TOTAL_ASSETS":274699000,"TOTAL_LIABILITIES":191158000,"TAX_EBT":12.035508765669,"OCF_SALES":2.654606565769,"TOTAL_PARENT_EQUITY":83541000,"DEBT_ASSET_RATIO":69.5881674123,"OPERATE_PROFIT":49419000,"PRETAX_PROFIT":44834000,"NETCASH_OPERATE":5497000,"NETCASH_INVEST":-26509000,"NETCASH_FINANCE":40590000,"END_CASH":56116000,"DIVI_RATIO":null,"DIVIDEND_RATE":null,"CURRENT_RATIO":1.605667425565,"COMMON_ACS":1000000000,"CURRENTDEBT_DEBT":71.000428964522,"ISSUED_COMMON_SHARES":500000000,"HK_COMMON_SHARES":500000000,"PER_SHARES":2000,"TOTAL_MARKET_CAP":445000000,"HKSK_MARKET_CAP":445000000,"PE_TTM":22.041325338496,"PB_TTM":1.342873202554,"REPORT_DATE_SQ":"2019-12-31 00:00:00","REPORT_TYPE_SQ":"2019年年报","OPERATE_INCOME_SQ":172377000,"DPS_HKD":null,"OPERATE_INCOME_QOQ_SQ":38.40539564013,"NET_PROFIT_RATIO_SQ":24.7504017357,"HOLDER_PROFIT_SQ":42664000,"HOLDER_PROFIT_QOQ_SQ":87.806488532817,"ROE_AVG_SQ":88.158778373576,"PE_TTM_SQ":11.53811661951,"PB_TTM_SQ":3.170943912911,"ROA_SQ":30.486371382941,"START_DATE":"2020-01-01 00:00:00","FISCAL_YEAR":"12-31","CURRENCY":"HKD","IS_CNY_CODE":0,"DPS_HKD_LY":null,"ORG_TYPE":"一般企业","PREMIUM_INCOME":null,"PREMIUM_INCOME_YOY":null,"NET_INTEREST_INCOME":null,"NET_INTEREST_INCOME_YOY":null,"FEE_COMMISSION_INCOME":null,"FEE_COMMISSION_INCOME_YOY":null,"ACCOUNTS_RECE_TDAYS":1.684124060135,"INVENTORY_TDAYS":30.426475684417,"CURRENT_ASSETS_TDAYS":1.128948544886,"TOTAL_ASSETS_TDAYS":0.906805397724,"PREMIUM_EXPENSE":null,"LOAN_DEPOSIT":null,"LOAN_EQUITY":null,"LOAN_ASSETS":null,"DEPOSIT_EQUITY":null,"DEPOSIT_ASSETS":null,"EQUITY_MULTIPLIER":3.288193820995,"EQUITY_RATIO":2.288193820998},{"SECUCODE":"02501.HK","SECURITY_CODE":"02501","SECURITY_NAME_ABBR":"迈越科技","ORG_CODE":"10000199518","STD_REPORT_DATE":"2019-12-31 00:00:00","REPORT_DATE":"2019-12-31 00:00:00","DATE_TYPE_CODE":"001","REPORT_TYPE":"2019年年报","PER_NETCASH_OPERATE":null,"PER_OI":null,"BPS":0.088206,"BASIC_EPS":42664000,"DILUTED_EPS":42664000,"OPERATE_INCOME":172377000,"OPERATE_INCOME_YOY":38.4053956401,"GROSS_PROFIT":73242000,"GROSS_PROFIT_YOY":71.23018656193,"HOLDER_PROFIT":42664000,"HOLDER_PROFIT_YOY":87.8064885328,"GROSS_PROFIT_RATIO":42.489427243774,"EPS_TTM":null,"OPERATE_INCOME_QOQ":38.40539564013,"NET_PROFIT_RATIO":24.7504017357,"ROE_AVG":88.158778373576,"GROSS_PROFIT_QOQ":71.23018656193,"ROA":30.486371382941,"HOLDER_PROFIT_QOQ":87.806488532817,"ROE_YEARLY":88.158778373576,"ROIC_YEARLY":37.653454773315,"TOTAL_ASSETS":182012000,"TOTAL_LIABILITIES":137909000,"TAX_EBT":10.643823566372,"OCF_SALES":25.43668818926,"TOTAL_PARENT_EQUITY":44103000,"DEBT_ASSET_RATIO":75.7691800541,"OPERATE_PROFIT":49209000,"PRETAX_PROFIT":47746000,"NETCASH_OPERATE":43847000,"NETCASH_INVEST":-5936000,"NETCASH_FINANCE":-18110000,"END_CASH":36538000,"DIVI_RATIO":null,"DIVIDEND_RATE":null,"CURRENT_RATIO":1.431752410803,"COMMON_ACS":1000000000,"CURRENTDEBT_DEBT":75.42002334873,"ISSUED_COMMON_SHARES":500000000,"HK_COMMON_SHARES":500000000,"PER_SHARES":2000,"TOTAL_MARKET_CAP":445000000,"HKSK_MARKET_CAP":445000000,"PE_TTM":22.041325338496,"PB_TTM":1.342873202554,"REPORT_DATE_SQ":"2018-12-31 00:00:00","REPORT_TYPE_SQ":"2018年年报","OPERATE_INCOME_SQ":124545000,"DPS_HKD":null,"OPERATE_INCOME_QOQ_SQ":null,"NET_PROFIT_RATIO_SQ":18.2399935766,"HOLDER_PROFIT_SQ":22717000,"HOLDER_PROFIT_QOQ_SQ":null,"ROE_AVG_SQ":43.117716281365,"PE_TTM_SQ":11.53811661951,"PB_TTM_SQ":3.170943912911,"ROA_SQ":23.209742840504,"START_DATE":"2019-01-01 00:00:00","FISCAL_YEAR":"12-31","CURRENCY":"HKD","IS_CNY_CODE":0,"DPS_HKD_LY":null,"ORG_TYPE":"一般企业","PREMIUM_INCOME":null,"PREMIUM_INCOME_YOY":null,"NET_INTEREST_INCOME":null,"NET_INTEREST_INCOME_YOY":null,"FEE_COMMISSION_INCOME":null,"FEE_COMMISSION_INCOME_YOY":null,"ACCOUNTS_RECE_TDAYS":2.462915601023,"INVENTORY_TDAYS":11.327125228519,"CURRENT_ASSETS_TDAYS":1.466389342589,"TOTAL_ASSETS_TDAYS":1.231752587633,"PREMIUM_EXPENSE":null,"LOAN_DEPOSIT":null,"LOAN_EQUITY":null,"LOAN_ASSETS":null,"DEPOSIT_EQUITY":null,"DEPOSIT_ASSETS":null,"EQUITY_MULTIPLIER":4.126975489202,"EQUITY_RATIO":3.126975489196}],"count":10},"success":true,"message":"ok","code":0}