{"version":"b7b728b83ac0adef2ddf7e03183bdb18","result":{"pages":1,"data":[{"SECUCODE":"02503.HK","SECURITY_CODE":"02503","SECURITY_NAME_ABBR":"中深建业","ORG_CODE":"10000425537","STD_REPORT_DATE":"2024-06-30 00:00:00","REPORT_DATE":"2024-06-30 00:00:00","DATE_TYPE_CODE":"002","REPORT_TYPE":"2024年中报","PER_NETCASH_OPERATE":-0.277268842269,"PER_OI":0.736258741259,"BPS":0.767882349132,"BASIC_EPS":0.0007,"DILUTED_EPS":0.0007,"OPERATE_INCOME":379026000,"OPERATE_INCOME_YOY":-23.5495582718,"GROSS_PROFIT":21673000,"GROSS_PROFIT_YOY":-24.079588047781,"HOLDER_PROFIT":335000,"HOLDER_PROFIT_YOY":-96.8944099379,"GROSS_PROFIT_RATIO":5.718077387831,"EPS_TTM":0.041495726496,"OPERATE_INCOME_QOQ":-7.626399567841,"NET_PROFIT_RATIO":0.088384438,"ROE_AVG":0.079122239136,"GROSS_PROFIT_QOQ":-7.710946088439,"ROA":0.020819971262,"HOLDER_PROFIT_QOQ":-32.853460740554,"ROE_YEARLY":0.158244478271,"ROIC_YEARLY":0.045181494739,"TOTAL_ASSETS":1535348000,"TOTAL_LIABILITIES":1060981000,"TAX_EBT":90.428571428571,"OCF_SALES":-37.659157946948,"TOTAL_PARENT_EQUITY":474367000,"DEBT_ASSET_RATIO":69.1036168999,"OPERATE_PROFIT":3644000,"PRETAX_PROFIT":3500000,"NETCASH_OPERATE":-142738000,"NETCASH_INVEST":-4666000,"NETCASH_FINANCE":104407000,"END_CASH":105108000,"DIVI_RATIO":null,"DIVIDEND_RATE":null,"CURRENT_RATIO":1.419406861368,"COMMON_ACS":2000000000,"CURRENTDEBT_DEBT":97.65952453437,"ISSUED_COMMON_SHARES":617760000,"HK_COMMON_SHARES":617760000,"PER_SHARES":4000,"TOTAL_MARKET_CAP":741312000,"HKSK_MARKET_CAP":741312000,"PE_TTM":31.182287362146,"PB_TTM":1.426280993745,"REPORT_DATE_SQ":"2023-06-30 00:00:00","REPORT_TYPE_SQ":"2023年中报","OPERATE_INCOME_SQ":495780000,"DPS_HKD":null,"OPERATE_INCOME_QOQ_SQ":8.992601891797,"NET_PROFIT_RATIO_SQ":2.1757634435,"HOLDER_PROFIT_SQ":10787000,"HOLDER_PROFIT_QOQ_SQ":59.893385982231,"ROE_AVG_SQ":3.244644772007,"PE_TTM_SQ":13.67525947749,"PB_TTM_SQ":1.68584889936,"ROA_SQ":0.756797372713,"START_DATE":"2024-01-01 00:00:00","FISCAL_YEAR":"12-31","CURRENCY":"HKD","IS_CNY_CODE":0,"DPS_HKD_LY":null,"ORG_TYPE":"一般企业","PREMIUM_INCOME":null,"PREMIUM_INCOME_YOY":null,"NET_INTEREST_INCOME":null,"NET_INTEREST_INCOME_YOY":null,"FEE_COMMISSION_INCOME":null,"FEE_COMMISSION_INCOME_YOY":null,"ACCOUNTS_RECE_TDAYS":2.016133279077,"INVENTORY_TDAYS":1152.75161290323,"CURRENT_ASSETS_TDAYS":0.245321890079,"TOTAL_ASSETS_TDAYS":0.235561505303,"PREMIUM_EXPENSE":null,"LOAN_DEPOSIT":null,"LOAN_EQUITY":null,"LOAN_ASSETS":null,"DEPOSIT_EQUITY":null,"DEPOSIT_ASSETS":null,"EQUITY_MULTIPLIER":3.236624807377,"EQUITY_RATIO":2.236624807375},{"SECUCODE":"02503.HK","SECURITY_CODE":"02503","SECURITY_NAME_ABBR":"中深建业","ORG_CODE":"10000425537","STD_REPORT_DATE":"2023-12-31 00:00:00","REPORT_DATE":"2023-12-31 00:00:00","DATE_TYPE_CODE":"001","REPORT_TYPE":"2023年年报","PER_NETCASH_OPERATE":50.908,"PER_OI":1530.919,"BPS":0.602861952862,"BASIC_EPS":0.0824,"DILUTED_EPS":0.0824,"OPERATE_INCOME":1530919000,"OPERATE_INCOME_YOY":11.0927357761,"GROSS_PROFIT":89146000,"GROSS_PROFIT_YOY":12.950269242952,"HOLDER_PROFIT":31814000,"HOLDER_PROFIT_YOY":25.6229022705,"GROSS_PROFIT_RATIO":5.823038318814,"EPS_TTM":31.814,"OPERATE_INCOME_QOQ":1.926859115114,"NET_PROFIT_RATIO":2.0780981881,"ROE_AVG":9.096393637614,"GROSS_PROFIT_QOQ":3.882816323677,"ROA":1.99340648255,"HOLDER_PROFIT_QOQ":-21.433334156521,"ROE_YEARLY":9.096393637614,"ROIC_YEARLY":2.169629954451,"TOTAL_ASSETS":1682716000,"TOTAL_LIABILITIES":1310292000,"TAX_EBT":31.63572288121,"OCF_SALES":3.325322894288,"TOTAL_PARENT_EQUITY":372424000,"DEBT_ASSET_RATIO":77.8676853373,"OPERATE_PROFIT":47801000,"PRETAX_PROFIT":46536000,"NETCASH_OPERATE":50908000,"NETCASH_INVEST":-41909000,"NETCASH_FINANCE":26012000,"END_CASH":147140000,"DIVI_RATIO":null,"DIVIDEND_RATE":null,"CURRENT_RATIO":1.261224794983,"COMMON_ACS":2000000000,"CURRENTDEBT_DEBT":97.987395176037,"ISSUED_COMMON_SHARES":617760000,"HK_COMMON_SHARES":617760000,"PER_SHARES":4000,"TOTAL_MARKET_CAP":543628800,"HKSK_MARKET_CAP":543628800,"PE_TTM":22.867010732241,"PB_TTM":1.045939395413,"REPORT_DATE_SQ":"2022-12-31 00:00:00","REPORT_TYPE_SQ":"2022年年报","OPERATE_INCOME_SQ":1378055000,"DPS_HKD":null,"OPERATE_INCOME_QOQ_SQ":-0.515091792462,"NET_PROFIT_RATIO_SQ":1.8377350686,"HOLDER_PROFIT_SQ":25325000,"HOLDER_PROFIT_QOQ_SQ":29.925097475888,"ROE_AVG_SQ":10.924070699119,"PE_TTM_SQ":16.068429886051,"PB_TTM_SQ":1.980872456748,"ROA_SQ":1.857221640427,"START_DATE":"2023-01-01 00:00:00","FISCAL_YEAR":"12-31","CURRENCY":"HKD","IS_CNY_CODE":0,"DPS_HKD_LY":null,"ORG_TYPE":"一般企业","PREMIUM_INCOME":null,"PREMIUM_INCOME_YOY":null,"NET_INTEREST_INCOME":null,"NET_INTEREST_INCOME_YOY":null,"FEE_COMMISSION_INCOME":null,"FEE_COMMISSION_INCOME_YOY":null,"ACCOUNTS_RECE_TDAYS":8.216324570042,"INVENTORY_TDAYS":4329.64864864865,"CURRENT_ASSETS_TDAYS":0.986542424052,"TOTAL_ASSETS_TDAYS":0.959245570773,"PREMIUM_EXPENSE":null,"LOAN_DEPOSIT":null,"LOAN_EQUITY":null,"LOAN_ASSETS":null,"DEPOSIT_EQUITY":null,"DEPOSIT_ASSETS":null,"EQUITY_MULTIPLIER":4.518280239732,"EQUITY_RATIO":3.518280239727},{"SECUCODE":"02503.HK","SECURITY_CODE":"02503","SECURITY_NAME_ABBR":"中深建业","ORG_CODE":"10000425537","STD_REPORT_DATE":"2023-06-30 00:00:00","REPORT_DATE":"2023-06-30 00:00:00","DATE_TYPE_CODE":"002","REPORT_TYPE":"2023年中报","PER_NETCASH_OPERATE":-4.899811488889,"PER_OI":507.888049333333,"BPS":0.546893615644,"BASIC_EPS":0.0279,"DILUTED_EPS":0.0279,"OPERATE_INCOME":495780000,"OPERATE_INCOME_YOY":33.3254449963,"GROSS_PROFIT":28547000,"GROSS_PROFIT_YOY":31.808107858528,"HOLDER_PROFIT":10787000,"HOLDER_PROFIT_YOY":346.2223236704,"GROSS_PROFIT_RATIO":5.757997498891,"EPS_TTM":41.481929044444,"OPERATE_INCOME_QOQ":8.992601891797,"NET_PROFIT_RATIO":2.1757634435,"ROE_AVG":3.244644772007,"GROSS_PROFIT_QOQ":8.72853975293,"ROA":0.756797372713,"HOLDER_PROFIT_QOQ":59.893385982231,"ROE_YEARLY":6.489289544014,"ROIC_YEARLY":1.633264264944,"TOTAL_ASSETS":1341490000,"TOTAL_LIABILITIES":1003641000,"TAX_EBT":29.163383241397,"OCF_SALES":-0.964742426076,"TOTAL_PARENT_EQUITY":337849000,"DEBT_ASSET_RATIO":74.8153918404,"OPERATE_PROFIT":16465000,"PRETAX_PROFIT":15228000,"NETCASH_OPERATE":-4783000,"NETCASH_INVEST":-8461000,"NETCASH_FINANCE":-2101000,"END_CASH":96754000,"DIVI_RATIO":null,"DIVIDEND_RATE":null,"CURRENT_RATIO":1.306588321148,"COMMON_ACS":2000000000,"CURRENTDEBT_DEBT":99.943904244645,"ISSUED_COMMON_SHARES":617760000,"HK_COMMON_SHARES":617760000,"PER_SHARES":4000,"TOTAL_MARKET_CAP":543628800,"HKSK_MARKET_CAP":543628800,"PE_TTM":22.867010732241,"PB_TTM":1.045939395413,"REPORT_DATE_SQ":"2022-06-30 00:00:00","REPORT_TYPE_SQ":"2022年中报","OPERATE_INCOME_SQ":371857000,"DPS_HKD":null,"OPERATE_INCOME_QOQ_SQ":2.894848460763,"NET_PROFIT_RATIO_SQ":-1.1781410596,"HOLDER_PROFIT_SQ":-4381000,"HOLDER_PROFIT_QOQ_SQ":-30.574155862658,"ROE_AVG_SQ":-2.019131280404,"PE_TTM_SQ":16.068429886051,"PB_TTM_SQ":1.980872456748,"ROA_SQ":-0.363418271951,"START_DATE":"2023-01-01 00:00:00","FISCAL_YEAR":"12-31","CURRENCY":"HKD","IS_CNY_CODE":0,"DPS_HKD_LY":null,"ORG_TYPE":"一般企业","PREMIUM_INCOME":null,"PREMIUM_INCOME_YOY":null,"NET_INTEREST_INCOME":null,"NET_INTEREST_INCOME_YOY":null,"FEE_COMMISSION_INCOME":null,"FEE_COMMISSION_INCOME_YOY":null,"ACCOUNTS_RECE_TDAYS":2.878291765362,"INVENTORY_TDAYS":1724.10701107011,"CURRENT_ASSETS_TDAYS":0.354774514455,"TOTAL_ASSETS_TDAYS":0.347830723504,"PREMIUM_EXPENSE":null,"LOAN_DEPOSIT":null,"LOAN_EQUITY":null,"LOAN_ASSETS":null,"DEPOSIT_EQUITY":null,"DEPOSIT_ASSETS":null,"EQUITY_MULTIPLIER":3.970679208756,"EQUITY_RATIO":2.970679208759},{"SECUCODE":"02503.HK","SECURITY_CODE":"02503","SECURITY_NAME_ABBR":"中深建业","ORG_CODE":"10000425537","STD_REPORT_DATE":"2022-12-31 00:00:00","REPORT_DATE":"2022-12-31 00:00:00","DATE_TYPE_CODE":"001","REPORT_TYPE":"2022年年报","PER_NETCASH_OPERATE":46.615791211111,"PER_OI":1367.75021094444,"BPS":0.529432141932,"BASIC_EPS":0.0656,"DILUTED_EPS":0.0656,"OPERATE_INCOME":1378055000,"OPERATE_INCOME_YOY":2.3648455415,"GROSS_PROFIT":78925000,"GROSS_PROFIT_YOY":10.775039299349,"HOLDER_PROFIT":25325000,"HOLDER_PROFIT_YOY":-9.7984043311,"GROSS_PROFIT_RATIO":5.727275036192,"EPS_TTM":25.135625277778,"OPERATE_INCOME_QOQ":-0.515091792462,"NET_PROFIT_RATIO":1.8377350686,"ROE_AVG":10.924070699119,"GROSS_PROFIT_QOQ":3.015075376884,"ROA":1.857221640427,"HOLDER_PROFIT_QOQ":29.925097475888,"ROE_YEARLY":10.924070699119,"ROIC_YEARLY":1.967752174337,"TOTAL_ASSETS":1509207000,"TOTAL_LIABILITIES":1182145000,"TAX_EBT":33.81161465684,"OCF_SALES":3.408209396577,"TOTAL_PARENT_EQUITY":327062000,"DEBT_ASSET_RATIO":78.3288839768,"OPERATE_PROFIT":38600000,"PRETAX_PROFIT":38262000,"NETCASH_OPERATE":46967000,"NETCASH_INVEST":-578000,"NETCASH_FINANCE":24560000,"END_CASH":112117000,"DIVI_RATIO":null,"DIVIDEND_RATE":null,"CURRENT_RATIO":1.256813740267,"COMMON_ACS":2000000000,"CURRENTDEBT_DEBT":99.902803801564,"ISSUED_COMMON_SHARES":617760000,"HK_COMMON_SHARES":617760000,"PER_SHARES":4000,"TOTAL_MARKET_CAP":543628800,"HKSK_MARKET_CAP":543628800,"PE_TTM":22.867010732241,"PB_TTM":1.045939395413,"REPORT_DATE_SQ":"2021-12-31 00:00:00","REPORT_TYPE_SQ":"2021年年报","OPERATE_INCOME_SQ":1346219000,"DPS_HKD":null,"OPERATE_INCOME_QOQ_SQ":1.127926298298,"NET_PROFIT_RATIO_SQ":2.0855447739,"HOLDER_PROFIT_SQ":28076000,"HOLDER_PROFIT_QOQ_SQ":107.065417803673,"ROE_AVG_SQ":23.839181472755,"PE_TTM_SQ":16.068429886051,"PB_TTM_SQ":1.980872456748,"ROA_SQ":2.561443955185,"START_DATE":"2022-01-01 00:00:00","FISCAL_YEAR":"12-31","CURRENCY":"HKD","IS_CNY_CODE":0,"DPS_HKD_LY":null,"ORG_TYPE":"一般企业","PREMIUM_INCOME":null,"PREMIUM_INCOME_YOY":null,"NET_INTEREST_INCOME":null,"NET_INTEREST_INCOME_YOY":null,"FEE_COMMISSION_INCOME":null,"FEE_COMMISSION_INCOME_YOY":null,"ACCOUNTS_RECE_TDAYS":5.695254075478,"INVENTORY_TDAYS":3960.76219512195,"CURRENT_ASSETS_TDAYS":1.029672897633,"TOTAL_ASSETS_TDAYS":1.010603580533,"PREMIUM_EXPENSE":null,"LOAN_DEPOSIT":null,"LOAN_EQUITY":null,"LOAN_ASSETS":null,"DEPOSIT_EQUITY":null,"DEPOSIT_ASSETS":null,"EQUITY_MULTIPLIER":4.614437018054,"EQUITY_RATIO":3.614437018058},{"SECUCODE":"02503.HK","SECURITY_CODE":"02503","SECURITY_NAME_ABBR":"中深建业","ORG_CODE":"10000425537","STD_REPORT_DATE":"2022-06-30 00:00:00","REPORT_DATE":"2022-06-30 00:00:00","DATE_TYPE_CODE":"002","REPORT_TYPE":"2022年中报","PER_NETCASH_OPERATE":-5.916964588889,"PER_OI":353.342653144445,"BPS":0.481345506346,"BASIC_EPS":-440,"DILUTED_EPS":-440,"OPERATE_INCOME":371857000,"OPERATE_INCOME_YOY":11.7070108085,"GROSS_PROFIT":21658000,"GROSS_PROFIT_YOY":32.944570621816,"HOLDER_PROFIT":-4381000,"HOLDER_PROFIT_YOY":-204.235070188,"GROSS_PROFIT_RATIO":5.824281914822,"EPS_TTM":18.521514977778,"OPERATE_INCOME_QOQ":2.894848460763,"NET_PROFIT_RATIO":-1.1781410596,"ROE_AVG":-2.019131280404,"GROSS_PROFIT_QOQ":7.532843027173,"ROA":-0.363418271951,"HOLDER_PROFIT_QOQ":-30.574155862658,"ROE_YEARLY":-4.038262560808,"ROIC_YEARLY":-0.757910288576,"TOTAL_ASSETS":1193011000,"TOTAL_LIABILITIES":895655000,"TAX_EBT":5.04984828782,"OCF_SALES":-1.6745684497,"TOTAL_PARENT_EQUITY":297356000,"DEBT_ASSET_RATIO":75.0751669515,"OPERATE_PROFIT":-4627000,"PRETAX_PROFIT":-4614000,"NETCASH_OPERATE":-6227000,"NETCASH_INVEST":-13000,"NETCASH_FINANCE":22906000,"END_CASH":57777000,"DIVI_RATIO":null,"DIVIDEND_RATE":null,"CURRENT_RATIO":1.304086212231,"COMMON_ACS":2000000000,"CURRENTDEBT_DEBT":99.958019549938,"ISSUED_COMMON_SHARES":617760000,"HK_COMMON_SHARES":617760000,"PER_SHARES":4000,"TOTAL_MARKET_CAP":543628800,"HKSK_MARKET_CAP":543628800,"PE_TTM":22.867010732241,"PB_TTM":1.045939395413,"REPORT_DATE_SQ":"2021-06-30 00:00:00","REPORT_TYPE_SQ":"2021年中报","OPERATE_INCOME_SQ":332886000,"DPS_HKD":null,"OPERATE_INCOME_QOQ_SQ":0,"NET_PROFIT_RATIO_SQ":1.2625944017,"HOLDER_PROFIT_SQ":4203000,"HOLDER_PROFIT_QOQ_SQ":0,"ROE_AVG_SQ":null,"PE_TTM_SQ":16.068429886051,"PB_TTM_SQ":1.980872456748,"ROA_SQ":null,"START_DATE":"2022-01-01 00:00:00","FISCAL_YEAR":"12-31","CURRENCY":"HKD","IS_CNY_CODE":0,"DPS_HKD_LY":null,"ORG_TYPE":"一般企业","PREMIUM_INCOME":null,"PREMIUM_INCOME_YOY":null,"NET_INTEREST_INCOME":null,"NET_INTEREST_INCOME_YOY":null,"FEE_COMMISSION_INCOME":null,"FEE_COMMISSION_INCOME_YOY":null,"ACCOUNTS_RECE_TDAYS":1.484260587905,"INVENTORY_TDAYS":1259.70863309352,"CURRENT_ASSETS_TDAYS":0.315144534928,"TOTAL_ASSETS_TDAYS":0.308467537897,"PREMIUM_EXPENSE":null,"LOAN_DEPOSIT":null,"LOAN_EQUITY":null,"LOAN_ASSETS":null,"DEPOSIT_EQUITY":null,"DEPOSIT_ASSETS":null,"EQUITY_MULTIPLIER":4.012062981743,"EQUITY_RATIO":3.012062981746},{"SECUCODE":"02503.HK","SECURITY_CODE":"02503","SECURITY_NAME_ABBR":"中深建业","ORG_CODE":"10000425537","STD_REPORT_DATE":"2021-12-31 00:00:00","REPORT_DATE":"2021-12-31 00:00:00","DATE_TYPE_CODE":"001","REPORT_TYPE":"2021年年报","PER_NETCASH_OPERATE":null,"PER_OI":null,"BPS":0.22111013986,"BASIC_EPS":2810,"DILUTED_EPS":2810,"OPERATE_INCOME":1346219000,"OPERATE_INCOME_YOY":1.1279262983,"GROSS_PROFIT":71248000,"GROSS_PROFIT_YOY":7.238218516233,"HOLDER_PROFIT":28076000,"HOLDER_PROFIT_YOY":107.0654178037,"GROSS_PROFIT_RATIO":5.292452416732,"EPS_TTM":null,"OPERATE_INCOME_QOQ":1.127926298298,"NET_PROFIT_RATIO":2.0855447739,"ROE_AVG":23.839181472755,"GROSS_PROFIT_QOQ":7.238218516233,"ROA":2.561443955185,"HOLDER_PROFIT_QOQ":107.065417803673,"ROE_YEARLY":23.839181472755,"ROIC_YEARLY":2.635756578361,"TOTAL_ASSETS":1217985000,"TOTAL_LIABILITIES":1081392000,"TAX_EBT":28.185189921985,"OCF_SALES":-4.536334727113,"TOTAL_PARENT_EQUITY":136593000,"DEBT_ASSET_RATIO":88.7853298686,"OPERATE_PROFIT":39089000,"PRETAX_PROFIT":39095000,"NETCASH_OPERATE":-61069000,"NETCASH_INVEST":-174000,"NETCASH_FINANCE":81576000,"END_CASH":41072000,"DIVI_RATIO":null,"DIVIDEND_RATE":null,"CURRENT_RATIO":1.103042171907,"COMMON_ACS":2000000000,"CURRENTDEBT_DEBT":99.964120318996,"ISSUED_COMMON_SHARES":617760000,"HK_COMMON_SHARES":617760000,"PER_SHARES":4000,"TOTAL_MARKET_CAP":543628800,"HKSK_MARKET_CAP":543628800,"PE_TTM":22.867010732241,"PB_TTM":1.045939395413,"REPORT_DATE_SQ":"2020-12-31 00:00:00","REPORT_TYPE_SQ":"2020年年报","OPERATE_INCOME_SQ":1331204000,"DPS_HKD":null,"OPERATE_INCOME_QOQ_SQ":23.178879031154,"NET_PROFIT_RATIO_SQ":1.0185516269,"HOLDER_PROFIT_SQ":13559000,"HOLDER_PROFIT_QOQ_SQ":-54.875532481363,"ROE_AVG_SQ":18.984213658161,"PE_TTM_SQ":16.068429886051,"PB_TTM_SQ":1.980872456748,"ROA_SQ":1.694802970874,"START_DATE":"2021-01-01 00:00:00","FISCAL_YEAR":"12-31","CURRENCY":"HKD","IS_CNY_CODE":0,"DPS_HKD_LY":null,"ORG_TYPE":"一般企业","PREMIUM_INCOME":null,"PREMIUM_INCOME_YOY":null,"NET_INTEREST_INCOME":null,"NET_INTEREST_INCOME_YOY":null,"FEE_COMMISSION_INCOME":null,"FEE_COMMISSION_INCOME_YOY":null,"ACCOUNTS_RECE_TDAYS":5.456287895983,"INVENTORY_TDAYS":5099.884,"CURRENT_ASSETS_TDAYS":1.258162120434,"TOTAL_ASSETS_TDAYS":1.228189385919,"PREMIUM_EXPENSE":null,"LOAN_DEPOSIT":null,"LOAN_EQUITY":null,"LOAN_ASSETS":null,"DEPOSIT_EQUITY":null,"DEPOSIT_ASSETS":null,"EQUITY_MULTIPLIER":8.916891788017,"EQUITY_RATIO":7.916891788013},{"SECUCODE":"02503.HK","SECURITY_CODE":"02503","SECURITY_NAME_ABBR":"中深建业","ORG_CODE":"10000425537","STD_REPORT_DATE":"2021-06-30 00:00:00","REPORT_DATE":"2021-06-30 00:00:00","DATE_TYPE_CODE":"002","REPORT_TYPE":"2021年中报","PER_NETCASH_OPERATE":null,"PER_OI":null,"BPS":null,"BASIC_EPS":420,"DILUTED_EPS":420,"OPERATE_INCOME":332886000,"OPERATE_INCOME_YOY":null,"GROSS_PROFIT":16291000,"GROSS_PROFIT_YOY":null,"HOLDER_PROFIT":4203000,"HOLDER_PROFIT_YOY":null,"GROSS_PROFIT_RATIO":4.893867570279,"EPS_TTM":null,"OPERATE_INCOME_QOQ":0,"NET_PROFIT_RATIO":1.2625944017,"ROE_AVG":null,"GROSS_PROFIT_QOQ":0,"ROA":null,"HOLDER_PROFIT_QOQ":0,"ROE_YEARLY":null,"ROIC_YEARLY":null,"TOTAL_ASSETS":null,"TOTAL_LIABILITIES":null,"TAX_EBT":30.757825370676,"OCF_SALES":-10.44201318169,"TOTAL_PARENT_EQUITY":null,"DEBT_ASSET_RATIO":null,"OPERATE_PROFIT":6066000,"PRETAX_PROFIT":6070000,"NETCASH_OPERATE":-34760000,"NETCASH_INVEST":null,"NETCASH_FINANCE":37108000,"END_CASH":23083000,"DIVI_RATIO":null,"DIVIDEND_RATE":null,"CURRENT_RATIO":null,"COMMON_ACS":2000000000,"CURRENTDEBT_DEBT":null,"ISSUED_COMMON_SHARES":617760000,"HK_COMMON_SHARES":617760000,"PER_SHARES":4000,"TOTAL_MARKET_CAP":543628800,"HKSK_MARKET_CAP":543628800,"PE_TTM":22.867010732241,"PB_TTM":1.045939395413,"REPORT_DATE_SQ":"2020-06-30 00:00:00","REPORT_TYPE_SQ":"2020年中报","OPERATE_INCOME_SQ":null,"DPS_HKD":null,"OPERATE_INCOME_QOQ_SQ":0,"NET_PROFIT_RATIO_SQ":null,"HOLDER_PROFIT_SQ":null,"HOLDER_PROFIT_QOQ_SQ":0,"ROE_AVG_SQ":null,"PE_TTM_SQ":16.068429886051,"PB_TTM_SQ":1.980872456748,"ROA_SQ":null,"START_DATE":"2021-01-01 00:00:00","FISCAL_YEAR":"12-31","CURRENCY":"HKD","IS_CNY_CODE":0,"DPS_HKD_LY":null,"ORG_TYPE":"一般企业","PREMIUM_INCOME":null,"PREMIUM_INCOME_YOY":null,"NET_INTEREST_INCOME":null,"NET_INTEREST_INCOME_YOY":null,"FEE_COMMISSION_INCOME":null,"FEE_COMMISSION_INCOME_YOY":null,"ACCOUNTS_RECE_TDAYS":null,"INVENTORY_TDAYS":null,"CURRENT_ASSETS_TDAYS":0.702599452924,"TOTAL_ASSETS_TDAYS":0.683392594661,"PREMIUM_EXPENSE":null,"LOAN_DEPOSIT":null,"LOAN_EQUITY":null,"LOAN_ASSETS":null,"DEPOSIT_EQUITY":null,"DEPOSIT_ASSETS":null,"EQUITY_MULTIPLIER":null,"EQUITY_RATIO":null},{"SECUCODE":"02503.HK","SECURITY_CODE":"02503","SECURITY_NAME_ABBR":"中深建业","ORG_CODE":"10000425537","STD_REPORT_DATE":"2020-12-31 00:00:00","REPORT_DATE":"2020-12-31 00:00:00","DATE_TYPE_CODE":"001","REPORT_TYPE":"2020年年报","PER_NETCASH_OPERATE":null,"PER_OI":null,"BPS":0.160178710179,"BASIC_EPS":1360,"DILUTED_EPS":1360,"OPERATE_INCOME":1331204000,"OPERATE_INCOME_YOY":23.1788790312,"GROSS_PROFIT":66439000,"GROSS_PROFIT_YOY":12.738410371275,"HOLDER_PROFIT":13559000,"HOLDER_PROFIT_YOY":-54.8755324814,"GROSS_PROFIT_RATIO":4.99089546005,"EPS_TTM":null,"OPERATE_INCOME_QOQ":23.178879031154,"NET_PROFIT_RATIO":1.0185516269,"ROE_AVG":18.984213658161,"GROSS_PROFIT_QOQ":12.738410371275,"ROA":1.694802970874,"HOLDER_PROFIT_QOQ":-54.875532481363,"ROE_YEARLY":18.984213658161,"ROIC_YEARLY":1.72974890001,"TOTAL_ASSETS":974216000,"TOTAL_LIABILITIES":875264000,"TAX_EBT":29.380208333333,"OCF_SALES":-1.801527038681,"TOTAL_PARENT_EQUITY":98952000,"DEBT_ASSET_RATIO":89.8429095806,"OPERATE_PROFIT":19363000,"PRETAX_PROFIT":19200000,"NETCASH_OPERATE":-23982000,"NETCASH_INVEST":6506000,"NETCASH_FINANCE":26620000,"END_CASH":20735000,"DIVI_RATIO":null,"DIVIDEND_RATE":null,"CURRENT_RATIO":1.083866067762,"COMMON_ACS":2000000000,"CURRENTDEBT_DEBT":99.885634505703,"ISSUED_COMMON_SHARES":617760000,"HK_COMMON_SHARES":617760000,"PER_SHARES":4000,"TOTAL_MARKET_CAP":543628800,"HKSK_MARKET_CAP":543628800,"PE_TTM":22.867010732241,"PB_TTM":1.045939395413,"REPORT_DATE_SQ":"2019-12-31 00:00:00","REPORT_TYPE_SQ":"2019年年报","OPERATE_INCOME_SQ":1080708000,"DPS_HKD":null,"OPERATE_INCOME_QOQ_SQ":null,"NET_PROFIT_RATIO_SQ":2.7803995159,"HOLDER_PROFIT_SQ":30048000,"HOLDER_PROFIT_QOQ_SQ":null,"ROE_AVG_SQ":68.457385004443,"PE_TTM_SQ":16.068429886051,"PB_TTM_SQ":1.980872456748,"ROA_SQ":4.801135092642,"START_DATE":"2020-01-01 00:00:00","FISCAL_YEAR":"12-31","CURRENCY":"HKD","IS_CNY_CODE":0,"DPS_HKD_LY":null,"ORG_TYPE":"一般企业","PREMIUM_INCOME":null,"PREMIUM_INCOME_YOY":null,"NET_INTEREST_INCOME":null,"NET_INTEREST_INCOME_YOY":null,"FEE_COMMISSION_INCOME":null,"FEE_COMMISSION_INCOME_YOY":null,"ACCOUNTS_RECE_TDAYS":8.43091791723,"INVENTORY_TDAYS":9880.9765625,"CURRENT_ASSETS_TDAYS":1.714846998157,"TOTAL_ASSETS_TDAYS":1.663934282793,"PREMIUM_EXPENSE":null,"LOAN_DEPOSIT":null,"LOAN_EQUITY":null,"LOAN_ASSETS":null,"DEPOSIT_EQUITY":null,"DEPOSIT_ASSETS":null,"EQUITY_MULTIPLIER":9.845339154311,"EQUITY_RATIO":8.845339154337},{"SECUCODE":"02503.HK","SECURITY_CODE":"02503","SECURITY_NAME_ABBR":"中深建业","ORG_CODE":"10000425537","STD_REPORT_DATE":"2019-12-31 00:00:00","REPORT_DATE":"2019-12-31 00:00:00","DATE_TYPE_CODE":"001","REPORT_TYPE":"2019年年报","PER_NETCASH_OPERATE":null,"PER_OI":null,"BPS":0.071051864802,"BASIC_EPS":3000,"DILUTED_EPS":3000,"OPERATE_INCOME":1080708000,"OPERATE_INCOME_YOY":null,"GROSS_PROFIT":58932000,"GROSS_PROFIT_YOY":null,"HOLDER_PROFIT":30048000,"HOLDER_PROFIT_YOY":null,"GROSS_PROFIT_RATIO":5.453091862002,"EPS_TTM":null,"OPERATE_INCOME_QOQ":null,"NET_PROFIT_RATIO":2.7803995159,"ROE_AVG":68.457385004443,"GROSS_PROFIT_QOQ":null,"ROA":4.801135092642,"HOLDER_PROFIT_QOQ":null,"ROE_YEARLY":68.457385004443,"ROIC_YEARLY":4.891731690601,"TOTAL_ASSETS":625852000,"TOTAL_LIABILITIES":581959000,"TAX_EBT":26.550965534099,"OCF_SALES":-8.916006913986,"TOTAL_PARENT_EQUITY":43893000,"DEBT_ASSET_RATIO":92.9866805571,"OPERATE_PROFIT":41031000,"PRETAX_PROFIT":40910000,"NETCASH_OPERATE":-96356000,"NETCASH_INVEST":4777000,"NETCASH_FINANCE":83903000,"END_CASH":11591000,"DIVI_RATIO":null,"DIVIDEND_RATE":null,"CURRENT_RATIO":1.042955753006,"COMMON_ACS":2000000000,"CURRENTDEBT_DEBT":99.674032019438,"ISSUED_COMMON_SHARES":617760000,"HK_COMMON_SHARES":617760000,"PER_SHARES":4000,"TOTAL_MARKET_CAP":543628800,"HKSK_MARKET_CAP":543628800,"PE_TTM":22.867010732241,"PB_TTM":1.045939395413,"REPORT_DATE_SQ":"2018-12-31 00:00:00","REPORT_TYPE_SQ":"2018年年报","OPERATE_INCOME_SQ":null,"DPS_HKD":null,"OPERATE_INCOME_QOQ_SQ":null,"NET_PROFIT_RATIO_SQ":null,"HOLDER_PROFIT_SQ":null,"HOLDER_PROFIT_QOQ_SQ":null,"ROE_AVG_SQ":null,"PE_TTM_SQ":16.068429886051,"PB_TTM_SQ":1.980872456748,"ROA_SQ":null,"START_DATE":"2019-01-01 00:00:00","FISCAL_YEAR":"12-31","CURRENCY":"HKD","IS_CNY_CODE":0,"DPS_HKD_LY":null,"ORG_TYPE":"一般企业","PREMIUM_INCOME":null,"PREMIUM_INCOME_YOY":null,"NET_INTEREST_INCOME":null,"NET_INTEREST_INCOME_YOY":null,"FEE_COMMISSION_INCOME":null,"FEE_COMMISSION_INCOME_YOY":null,"ACCOUNTS_RECE_TDAYS":11.891200774622,"INVENTORY_TDAYS":9460.88888888889,"CURRENT_ASSETS_TDAYS":3.572712441258,"TOTAL_ASSETS_TDAYS":3.45355771013,"PREMIUM_EXPENSE":null,"LOAN_DEPOSIT":null,"LOAN_EQUITY":null,"LOAN_ASSETS":null,"DEPOSIT_EQUITY":null,"DEPOSIT_ASSETS":null,"EQUITY_MULTIPLIER":14.258583373275,"EQUITY_RATIO":13.258583373203}],"count":9},"success":true,"message":"ok","code":0}