{"version":"82a53aa06998cba8f068ac8ade185f1d","result":{"pages":2,"data":[{"SECUCODE":"02500.HK","SECURITY_CODE":"02500","SECURITY_NAME_ABBR":"启明医疗-B","ORG_CODE":"10182308","STD_REPORT_DATE":"2024-06-30 00:00:00","REPORT_DATE":"2024-06-30 00:00:00","DATE_TYPE_CODE":"002","REPORT_TYPE":"2024年中报","PER_NETCASH_OPERATE":0.186498562125,"PER_OI":0.523161028273,"BPS":6.180168436128,"BASIC_EPS":-0.47,"DILUTED_EPS":-0.47,"OPERATE_INCOME":230720000,"OPERATE_INCOME_YOY":-9.7374907085,"GROSS_PROFIT":181760000,"GROSS_PROFIT_YOY":-9.68402327465,"HOLDER_PROFIT":-206487000,"HOLDER_PROFIT_YOY":41.0353867066,"GROSS_PROFIT_RATIO":78.77947295423,"EPS_TTM":-1.269928499338,"OPERATE_INCOME_QOQ":-5.065398383713,"NET_PROFIT_RATIO":-90.5101421637,"ROE_AVG":-7.314228593421,"GROSS_PROFIT_QOQ":-5.007386852687,"ROA":-4.969318243624,"HOLDER_PROFIT_QOQ":20.419208984958,"ROE_YEARLY":-14.628457186841,"ROIC_YEARLY":-11.719352920452,"TOTAL_ASSETS":3896762000,"TOTAL_LIABILITIES":1174665000,"TAX_EBT":2.226789836175,"OCF_SALES":35.648404993065,"TOTAL_PARENT_EQUITY":2725525000,"DEBT_ASSET_RATIO":30.1446431678,"OPERATE_PROFIT":-203135000,"PRETAX_PROFIT":-213581000,"NETCASH_OPERATE":82248000,"NETCASH_INVEST":-37126000,"NETCASH_FINANCE":-337974000,"END_CASH":485843000,"DIVI_RATIO":null,"DIVIDEND_RATE":null,"CURRENT_RATIO":2.215323151613,"COMMON_ACS":null,"CURRENTDEBT_DEBT":42.084338939187,"ISSUED_COMMON_SHARES":441011443,"HK_COMMON_SHARES":441010235,"PER_SHARES":500,"TOTAL_MARKET_CAP":2478484309.66,"HKSK_MARKET_CAP":2478477520.7,"PE_TTM":-3.978288538148,"PB_TTM":0.829954984724,"REPORT_DATE_SQ":"2023-06-30 00:00:00","REPORT_TYPE_SQ":"2023年中报","OPERATE_INCOME_SQ":255610000,"DPS_HKD":null,"OPERATE_INCOME_QOQ_SQ":11.229859691336,"NET_PROFIT_RATIO_SQ":-143.2709987872,"HOLDER_PROFIT_SQ":-350188000,"HOLDER_PROFIT_QOQ_SQ":-14.20583738852,"ROE_AVG_SQ":-10.120478863601,"PE_TTM_SQ":-1.863368991105,"PB_TTM_SQ":0.689841257961,"ROA_SQ":-6.811397948264,"START_DATE":"2024-01-01 00:00:00","FISCAL_YEAR":"12-31","CURRENCY":"HKD","IS_CNY_CODE":0,"DPS_HKD_LY":null,"ORG_TYPE":"一般企业","PREMIUM_INCOME":null,"PREMIUM_INCOME_YOY":null,"NET_INTEREST_INCOME":null,"NET_INTEREST_INCOME_YOY":null,"FEE_COMMISSION_INCOME":null,"FEE_COMMISSION_INCOME_YOY":null,"ACCOUNTS_RECE_TDAYS":0.818581284249,"INVENTORY_TDAYS":0.41381933439,"CURRENT_ASSETS_TDAYS":0.170700633173,"TOTAL_ASSETS_TDAYS":0.055525098683,"PREMIUM_EXPENSE":null,"LOAN_DEPOSIT":null,"LOAN_EQUITY":null,"LOAN_ASSETS":null,"DEPOSIT_EQUITY":null,"DEPOSIT_ASSETS":null,"EQUITY_MULTIPLIER":1.43152944219,"EQUITY_RATIO":0.430986690638},{"SECUCODE":"02500.HK","SECURITY_CODE":"02500","SECURITY_NAME_ABBR":"启明医疗-B","ORG_CODE":"10182308","STD_REPORT_DATE":"2023-12-31 00:00:00","REPORT_DATE":"2023-12-31 00:00:00","DATE_TYPE_CODE":"001","REPORT_TYPE":"2023年年报","PER_NETCASH_OPERATE":-1.383227146784,"PER_OI":1.114195578821,"BPS":6.622612737965,"BASIC_EPS":-1.61,"DILUTED_EPS":-1.61,"OPERATE_INCOME":491373000,"OPERATE_INCOME_YOY":20.8905651465,"GROSS_PROFIT":389205000,"GROSS_PROFIT_YOY":23.951426442207,"HOLDER_PROFIT":-703754000,"HOLDER_PROFIT_YOY":33.4636791753,"GROSS_PROFIT_RATIO":79.207648771911,"EPS_TTM":-1.595772652094,"OPERATE_INCOME_QOQ":8.685352550066,"NET_PROFIT_RATIO":-148.3711966266,"ROE_AVG":-21.559399752961,"GROSS_PROFIT_QOQ":10.861874487285,"ROA":-14.515555998325,"HOLDER_PROFIT_QOQ":41.740000033114,"ROE_YEARLY":-21.559399752961,"ROIC_YEARLY":-20.069019925893,"TOTAL_ASSETS":4413714000,"TOTAL_LIABILITIES":1494368000,"TAX_EBT":0.85457067479,"OCF_SALES":-124.145811837443,"TOTAL_PARENT_EQUITY":2920648000,"DEBT_ASSET_RATIO":33.8573817878,"OPERATE_PROFIT":-660243000,"PRETAX_PROFIT":-735340000,"NETCASH_OPERATE":-610019000,"NETCASH_INVEST":-346859000,"NETCASH_FINANCE":-173986000,"END_CASH":774396000,"DIVI_RATIO":null,"DIVIDEND_RATE":null,"CURRENT_RATIO":1.997181954573,"COMMON_ACS":null,"CURRENTDEBT_DEBT":53.88016874023,"ISSUED_COMMON_SHARES":441011443,"HK_COMMON_SHARES":441010235,"PER_SHARES":500,"TOTAL_MARKET_CAP":2478484309.66,"HKSK_MARKET_CAP":2478477520.7,"PE_TTM":-3.978288538148,"PB_TTM":0.829954984724,"REPORT_DATE_SQ":"2022-12-31 00:00:00","REPORT_TYPE_SQ":"2022年年报","OPERATE_INCOME_SQ":406461000,"DPS_HKD":null,"OPERATE_INCOME_QOQ_SQ":5.148774569405,"NET_PROFIT_RATIO_SQ":-276.0515769041,"HOLDER_PROFIT_SQ":-1057699000,"HOLDER_PROFIT_QOQ_SQ":-129.681915110769,"ROE_AVG_SQ":-25.94468089386,"PE_TTM_SQ":-1.863368991105,"PB_TTM_SQ":0.689841257961,"ROA_SQ":-20.355451906086,"START_DATE":"2023-01-01 00:00:00","FISCAL_YEAR":"12-31","CURRENCY":"HKD","IS_CNY_CODE":0,"DPS_HKD_LY":null,"ORG_TYPE":"一般企业","PREMIUM_INCOME":null,"PREMIUM_INCOME_YOY":null,"NET_INTEREST_INCOME":null,"NET_INTEREST_INCOME_YOY":null,"FEE_COMMISSION_INCOME":null,"FEE_COMMISSION_INCOME_YOY":null,"ACCOUNTS_RECE_TDAYS":1.654468471957,"INVENTORY_TDAYS":0.940176131187,"CURRENT_ASSETS_TDAYS":0.241044170068,"TOTAL_ASSETS_TDAYS":0.10135007826,"PREMIUM_EXPENSE":null,"LOAN_DEPOSIT":null,"LOAN_EQUITY":null,"LOAN_ASSETS":null,"DEPOSIT_EQUITY":null,"DEPOSIT_ASSETS":null,"EQUITY_MULTIPLIER":1.511884511121,"EQUITY_RATIO":0.511656317365},{"SECUCODE":"02500.HK","SECURITY_CODE":"02500","SECURITY_NAME_ABBR":"启明医疗-B","ORG_CODE":"10182308","STD_REPORT_DATE":"2023-06-30 00:00:00","REPORT_DATE":"2023-06-30 00:00:00","DATE_TYPE_CODE":"002","REPORT_TYPE":"2023年中报","PER_NETCASH_OPERATE":-0.751263953031,"PER_OI":0.579599473114,"BPS":7.511188320798,"BASIC_EPS":-0.8,"DILUTED_EPS":-0.8,"OPERATE_INCOME":255610000,"OPERATE_INCOME_YOY":21.7393375086,"GROSS_PROFIT":201249000,"GROSS_PROFIT_YOY":22.582000913659,"HOLDER_PROFIT":-350188000,"HOLDER_PROFIT_YOY":-75.1526761465,"GROSS_PROFIT_RATIO":78.732835178592,"EPS_TTM":-2.739053644012,"OPERATE_INCOME_QOQ":11.229859691336,"NET_PROFIT_RATIO":-143.2709987872,"ROE_AVG":-10.120478863601,"GROSS_PROFIT_QOQ":11.807081573768,"ROA":-6.811397948264,"HOLDER_PROFIT_QOQ":-14.20583738852,"ROE_YEARLY":-20.240957727201,"ROIC_YEARLY":-20.24896615858,"TOTAL_ASSETS":4999577000,"TOTAL_LIABILITIES":1678335000,"TAX_EBT":1.113574319745,"OCF_SALES":-129.617777082274,"TOTAL_PARENT_EQUITY":3312520000,"DEBT_ASSET_RATIO":33.5695399831,"OPERATE_PROFIT":-332190000,"PRETAX_PROFIT":-370339000,"NETCASH_OPERATE":-296386000,"NETCASH_INVEST":-148683000,"NETCASH_FINANCE":-72711000,"END_CASH":1373165000,"DIVI_RATIO":null,"DIVIDEND_RATE":null,"CURRENT_RATIO":3.325948922341,"COMMON_ACS":null,"CURRENTDEBT_DEBT":37.732097584809,"ISSUED_COMMON_SHARES":441011443,"HK_COMMON_SHARES":441010235,"PER_SHARES":500,"TOTAL_MARKET_CAP":2478484309.66,"HKSK_MARKET_CAP":2478477520.7,"PE_TTM":-3.978288538148,"PB_TTM":0.829954984724,"REPORT_DATE_SQ":"2022-06-30 00:00:00","REPORT_TYPE_SQ":"2022年中报","OPERATE_INCOME_SQ":209965000,"DPS_HKD":null,"OPERATE_INCOME_QOQ_SQ":-7.046568332764,"NET_PROFIT_RATIO_SQ":-114.1466434882,"HOLDER_PROFIT_SQ":-199933000,"HOLDER_PROFIT_QOQ_SQ":-23.24990097314,"ROE_AVG_SQ":-4.459829568496,"PE_TTM_SQ":-1.863368991105,"PB_TTM_SQ":0.689841257961,"ROA_SQ":-3.494472600883,"START_DATE":"2023-01-01 00:00:00","FISCAL_YEAR":"12-31","CURRENCY":"HKD","IS_CNY_CODE":0,"DPS_HKD_LY":null,"ORG_TYPE":"一般企业","PREMIUM_INCOME":null,"PREMIUM_INCOME_YOY":null,"NET_INTEREST_INCOME":null,"NET_INTEREST_INCOME_YOY":null,"FEE_COMMISSION_INCOME":null,"FEE_COMMISSION_INCOME_YOY":null,"ACCOUNTS_RECE_TDAYS":0.72512446632,"INVENTORY_TDAYS":0.489289121708,"CURRENT_ASSETS_TDAYS":0.111737265084,"TOTAL_ASSETS_TDAYS":0.049717906655,"PREMIUM_EXPENSE":null,"LOAN_DEPOSIT":null,"LOAN_EQUITY":null,"LOAN_ASSETS":null,"DEPOSIT_EQUITY":null,"DEPOSIT_ASSETS":null,"EQUITY_MULTIPLIER":1.505333546908,"EQUITY_RATIO":0.506664110707},{"SECUCODE":"02500.HK","SECURITY_CODE":"02500","SECURITY_NAME_ABBR":"启明医疗-B","ORG_CODE":"10182308","STD_REPORT_DATE":"2022-12-31 00:00:00","REPORT_DATE":"2022-12-31 00:00:00","DATE_TYPE_CODE":"001","REPORT_TYPE":"2022年年报","PER_NETCASH_OPERATE":-1.654059121545,"PER_OI":0.921656357112,"BPS":8.18088522932,"BASIC_EPS":-2.42,"DILUTED_EPS":-2.42,"OPERATE_INCOME":406461000,"OPERATE_INCOME_YOY":-2.2606056817,"GROSS_PROFIT":313998000,"GROSS_PROFIT_YOY":-3.189823150729,"HOLDER_PROFIT":-1057699000,"HOLDER_PROFIT_YOY":-183.0827329272,"GROSS_PROFIT_RATIO":77.251692044255,"EPS_TTM":-2.39834819887,"OPERATE_INCOME_QOQ":5.148774569405,"NET_PROFIT_RATIO":-276.0515769041,"ROE_AVG":-25.94468089386,"GROSS_PROFIT_QOQ":4.515845568533,"ROA":-20.355451906086,"HOLDER_PROFIT_QOQ":-129.681915110769,"ROE_YEARLY":-25.94468089386,"ROIC_YEARLY":-38.828976862651,"TOTAL_ASSETS":5282835000,"TOTAL_LIABILITIES":1651524000,"TAX_EBT":2.966418297669,"OCF_SALES":-179.465926620266,"TOTAL_PARENT_EQUITY":3607864000,"DEBT_ASSET_RATIO":31.262078032,"OPERATE_PROFIT":-1097778000,"PRETAX_PROFIT":-1156344000,"NETCASH_OPERATE":-729459000,"NETCASH_INVEST":-1072266000,"NETCASH_FINANCE":635137000,"END_CASH":1879431000,"DIVI_RATIO":null,"DIVIDEND_RATE":null,"CURRENT_RATIO":5.01717116707,"COMMON_ACS":null,"CURRENTDEBT_DEBT":29.796963289665,"ISSUED_COMMON_SHARES":441011443,"HK_COMMON_SHARES":441010235,"PER_SHARES":500,"TOTAL_MARKET_CAP":2478484309.66,"HKSK_MARKET_CAP":2478477520.7,"PE_TTM":-3.978288538148,"PB_TTM":0.829954984724,"REPORT_DATE_SQ":"2021-12-31 00:00:00","REPORT_TYPE_SQ":"2021年年报","OPERATE_INCOME_SQ":415862000,"DPS_HKD":null,"OPERATE_INCOME_QOQ_SQ":0.627923352215,"NET_PROFIT_RATIO_SQ":-89.3070297358,"HOLDER_PROFIT_SQ":-373636000,"HOLDER_PROFIT_QOQ_SQ":-48.546483890462,"ROE_AVG_SQ":-8.937533473651,"PE_TTM_SQ":-1.863368991105,"PB_TTM_SQ":0.689841257961,"ROA_SQ":-7.92635815965,"START_DATE":"2022-01-01 00:00:00","FISCAL_YEAR":"12-31","CURRENCY":"HKD","IS_CNY_CODE":0,"DPS_HKD_LY":null,"ORG_TYPE":"一般企业","PREMIUM_INCOME":null,"PREMIUM_INCOME_YOY":null,"NET_INTEREST_INCOME":null,"NET_INTEREST_INCOME_YOY":null,"FEE_COMMISSION_INCOME":null,"FEE_COMMISSION_INCOME_YOY":null,"ACCOUNTS_RECE_TDAYS":1.342598648354,"INVENTORY_TDAYS":0.948752020111,"CURRENT_ASSETS_TDAYS":0.137583031626,"TOTAL_ASSETS_TDAYS":0.07822355261,"PREMIUM_EXPENSE":null,"LOAN_DEPOSIT":null,"LOAN_EQUITY":null,"LOAN_ASSETS":null,"DEPOSIT_EQUITY":null,"DEPOSIT_ASSETS":null,"EQUITY_MULTIPLIER":1.454801034668,"EQUITY_RATIO":0.457756722537},{"SECUCODE":"02500.HK","SECURITY_CODE":"02500","SECURITY_NAME_ABBR":"启明医疗-B","ORG_CODE":"10182308","STD_REPORT_DATE":"2022-06-30 00:00:00","REPORT_DATE":"2022-06-30 00:00:00","DATE_TYPE_CODE":"002","REPORT_TYPE":"2022年中报","PER_NETCASH_OPERATE":-0.59904794806,"PER_OI":0.476098757374,"BPS":10.02313674659,"BASIC_EPS":-0.46,"DILUTED_EPS":-0.46,"OPERATE_INCOME":209965000,"OPERATE_INCOME_YOY":-12.2473032445,"GROSS_PROFIT":164175000,"GROSS_PROFIT_YOY":-12.713729743524,"HOLDER_PROFIT":-199933000,"HOLDER_PROFIT_YOY":-76.8332699468,"GROSS_PROFIT_RATIO":78.191603362465,"EPS_TTM":-1.044204197668,"OPERATE_INCOME_QOQ":-7.046568332764,"NET_PROFIT_RATIO":-114.1466434882,"ROE_AVG":-4.459829568496,"GROSS_PROFIT_QOQ":-7.372727721185,"ROA":-3.494472600883,"HOLDER_PROFIT_QOQ":-23.24990097314,"ROE_YEARLY":-8.919659136993,"ROIC_YEARLY":-13.511353255629,"TOTAL_ASSETS":6333357000,"TOTAL_LIABILITIES":1865736000,"TAX_EBT":2.734511334951,"OCF_SALES":-125.824304050675,"TOTAL_PARENT_EQUITY":4420318000,"DEBT_ASSET_RATIO":29.4588793905,"OPERATE_PROFIT":-213413000,"PRETAX_PROFIT":-246406000,"NETCASH_OPERATE":-264187000,"NETCASH_INVEST":-1498665000,"NETCASH_FINANCE":852393000,"END_CASH":2121267000,"DIVI_RATIO":null,"DIVIDEND_RATE":null,"CURRENT_RATIO":3.988499374634,"COMMON_ACS":null,"CURRENTDEBT_DEBT":40.410808388754,"ISSUED_COMMON_SHARES":441011443,"HK_COMMON_SHARES":441010235,"PER_SHARES":500,"TOTAL_MARKET_CAP":2478484309.66,"HKSK_MARKET_CAP":2478477520.7,"PE_TTM":-3.978288538148,"PB_TTM":0.829954984724,"REPORT_DATE_SQ":"2021-06-30 00:00:00","REPORT_TYPE_SQ":"2021年中报","OPERATE_INCOME_SQ":239269000,"DPS_HKD":null,"OPERATE_INCOME_QOQ_SQ":49.708926378479,"NET_PROFIT_RATIO_SQ":-48.9887950382,"HOLDER_PROFIT_SQ":-113063000,"HOLDER_PROFIT_QOQ_SQ":-38.21055118716,"ROE_AVG_SQ":-2.598985420345,"PE_TTM_SQ":-1.863368991105,"PB_TTM_SQ":0.689841257961,"ROA_SQ":-2.328171893023,"START_DATE":"2022-01-01 00:00:00","FISCAL_YEAR":"12-31","CURRENCY":"HKD","IS_CNY_CODE":0,"DPS_HKD_LY":null,"ORG_TYPE":"一般企业","PREMIUM_INCOME":null,"PREMIUM_INCOME_YOY":null,"NET_INTEREST_INCOME":null,"NET_INTEREST_INCOME_YOY":null,"FEE_COMMISSION_INCOME":null,"FEE_COMMISSION_INCOME_YOY":null,"ACCOUNTS_RECE_TDAYS":0.657830426909,"INVENTORY_TDAYS":0.465227330455,"CURRENT_ASSETS_TDAYS":0.065137874107,"TOTAL_ASSETS_TDAYS":0.036698140859,"PREMIUM_EXPENSE":null,"LOAN_DEPOSIT":null,"LOAN_EQUITY":null,"LOAN_ASSETS":null,"DEPOSIT_EQUITY":null,"DEPOSIT_ASSETS":null,"EQUITY_MULTIPLIER":1.417612863759,"EQUITY_RATIO":0.42208185022},{"SECUCODE":"02500.HK","SECURITY_CODE":"02500","SECURITY_NAME_ABBR":"启明医疗-B","ORG_CODE":"10182308","STD_REPORT_DATE":"2021-12-31 00:00:00","REPORT_DATE":"2021-12-31 00:00:00","DATE_TYPE_CODE":"001","REPORT_TYPE":"2021年年报","PER_NETCASH_OPERATE":-1.036066086838,"PER_OI":0.942973264301,"BPS":10.307283568604,"BASIC_EPS":-0.85,"DILUTED_EPS":-0.85,"OPERATE_INCOME":415862000,"OPERATE_INCOME_YOY":50.6489836876,"GROSS_PROFIT":324344000,"GROSS_PROFIT_YOY":42.706793382612,"HOLDER_PROFIT":-373636000,"HOLDER_PROFIT_YOY":-105.3069141542,"GROSS_PROFIT_RATIO":77.993180430047,"EPS_TTM":-0.847225181864,"OPERATE_INCOME_QOQ":0.627923352215,"NET_PROFIT_RATIO":-89.3070297358,"ROE_AVG":-8.937533473651,"GROSS_PROFIT_QOQ":-1.797560259294,"ROA":-7.92635815965,"HOLDER_PROFIT_QOQ":-48.546483890462,"ROE_YEARLY":-8.937533473651,"ROIC_YEARLY":-20.549339374345,"TOTAL_ASSETS":5109457000,"TOTAL_LIABILITIES":477613000,"TAX_EBT":1.631815232218,"OCF_SALES":-109.872265318784,"TOTAL_PARENT_EQUITY":4545630000,"DEBT_ASSET_RATIO":9.3476273506,"OPERATE_PROFIT":-363939000,"PRETAX_PROFIT":-377555000,"NETCASH_OPERATE":-456917000,"NETCASH_INVEST":-653038000,"NETCASH_FINANCE":1391401000,"END_CASH":2955212000,"DIVI_RATIO":null,"DIVIDEND_RATE":null,"CURRENT_RATIO":16.494298291885,"COMMON_ACS":null,"CURRENTDEBT_DEBT":43.661709375582,"ISSUED_COMMON_SHARES":441011443,"HK_COMMON_SHARES":441010235,"PER_SHARES":500,"TOTAL_MARKET_CAP":2478484309.66,"HKSK_MARKET_CAP":2478477520.7,"PE_TTM":-3.978288538148,"PB_TTM":0.829954984724,"REPORT_DATE_SQ":"2020-12-31 00:00:00","REPORT_TYPE_SQ":"2020年年报","OPERATE_INCOME_SQ":276047000,"DPS_HKD":null,"OPERATE_INCOME_QOQ_SQ":21.127434203021,"NET_PROFIT_RATIO_SQ":-66.2452408467,"HOLDER_PROFIT_SQ":-181989000,"HOLDER_PROFIT_QOQ_SQ":23.689540222656,"ROE_AVG_SQ":-5.311684866124,"PE_TTM_SQ":-1.863368991105,"PB_TTM_SQ":0.689841257961,"ROA_SQ":-4.557110366989,"START_DATE":"2021-01-01 00:00:00","FISCAL_YEAR":"12-31","CURRENCY":"HKD","IS_CNY_CODE":0,"DPS_HKD_LY":null,"ORG_TYPE":"一般企业","PREMIUM_INCOME":null,"PREMIUM_INCOME_YOY":null,"NET_INTEREST_INCOME":null,"NET_INTEREST_INCOME_YOY":null,"FEE_COMMISSION_INCOME":null,"FEE_COMMISSION_INCOME_YOY":null,"ACCOUNTS_RECE_TDAYS":1.560086058294,"INVENTORY_TDAYS":1.216808599749,"CURRENT_ASSETS_TDAYS":0.122311363658,"TOTAL_ASSETS_TDAYS":0.088221455025,"PREMIUM_EXPENSE":null,"LOAN_DEPOSIT":null,"LOAN_EQUITY":null,"LOAN_ASSETS":null,"DEPOSIT_EQUITY":null,"DEPOSIT_ASSETS":null,"EQUITY_MULTIPLIER":1.103115087641,"EQUITY_RATIO":0.105070804267},{"SECUCODE":"02500.HK","SECURITY_CODE":"02500","SECURITY_NAME_ABBR":"启明医疗-B","ORG_CODE":"10182308","STD_REPORT_DATE":"2021-06-30 00:00:00","REPORT_DATE":"2021-06-30 00:00:00","DATE_TYPE_CODE":"002","REPORT_TYPE":"2021年中报","PER_NETCASH_OPERATE":-0.467752035178,"PER_OI":0.542546012803,"BPS":11.077093525666,"BASIC_EPS":-0.26,"DILUTED_EPS":-0.26,"OPERATE_INCOME":239269000,"OPERATE_INCOME_YOY":134.4648159218,"GROSS_PROFIT":188088000,"GROSS_PROFIT_YOY":121.053744990422,"HOLDER_PROFIT":-113063000,"HOLDER_PROFIT_YOY":-159.7716202555,"GROSS_PROFIT_RATIO":78.609431225942,"EPS_TTM":-0.570343477459,"OPERATE_INCOME_QOQ":49.708926378479,"NET_PROFIT_RATIO":-48.9887950382,"ROE_AVG":-2.598985420345,"GROSS_PROFIT_QOQ":45.318989792327,"ROA":-2.328171893023,"HOLDER_PROFIT_QOQ":-38.21055118716,"ROE_YEARLY":-5.197970840691,"ROIC_YEARLY":-13.517875050253,"TOTAL_ASSETS":5394372000,"TOTAL_LIABILITIES":471788000,"TAX_EBT":-0.003412648983,"OCF_SALES":-86.214260936436,"TOTAL_PARENT_EQUITY":4885125000,"DEBT_ASSET_RATIO":8.7459300174,"OPERATE_PROFIT":-28400000,"PRETAX_PROFIT":-117211000,"NETCASH_OPERATE":-206284000,"NETCASH_INVEST":-111195000,"NETCASH_FINANCE":1203480000,"END_CASH":3579774000,"DIVI_RATIO":null,"DIVIDEND_RATE":null,"CURRENT_RATIO":10.198353392722,"COMMON_ACS":null,"CURRENTDEBT_DEBT":89.463911756976,"ISSUED_COMMON_SHARES":441011443,"HK_COMMON_SHARES":441010235,"PER_SHARES":500,"TOTAL_MARKET_CAP":2478484309.66,"HKSK_MARKET_CAP":2478477520.7,"PE_TTM":-3.978288538148,"PB_TTM":0.829954984724,"REPORT_DATE_SQ":"2020-06-30 00:00:00","REPORT_TYPE_SQ":"2020年中报","OPERATE_INCOME_SQ":102049000,"DPS_HKD":null,"OPERATE_INCOME_QOQ_SQ":-2.303748413869,"NET_PROFIT_RATIO_SQ":-42.6638183618,"HOLDER_PROFIT_SQ":-43524000,"HOLDER_PROFIT_QOQ_SQ":37.35997037216,"ROE_AVG_SQ":-1.441556260737,"PE_TTM_SQ":-1.863368991105,"PB_TTM_SQ":0.689841257961,"ROA_SQ":-1.216957550203,"START_DATE":"2021-01-01 00:00:00","FISCAL_YEAR":"12-31","CURRENCY":"HKD","IS_CNY_CODE":0,"DPS_HKD_LY":null,"ORG_TYPE":"一般企业","PREMIUM_INCOME":null,"PREMIUM_INCOME_YOY":null,"NET_INTEREST_INCOME":null,"NET_INTEREST_INCOME_YOY":null,"FEE_COMMISSION_INCOME":null,"FEE_COMMISSION_INCOME_YOY":null,"ACCOUNTS_RECE_TDAYS":0.835273130952,"INVENTORY_TDAYS":0.811411539955,"CURRENT_ASSETS_TDAYS":0.062431946754,"TOTAL_ASSETS_TDAYS":0.049269819541,"PREMIUM_EXPENSE":null,"LOAN_DEPOSIT":null,"LOAN_EQUITY":null,"LOAN_ASSETS":null,"DEPOSIT_EQUITY":null,"DEPOSIT_ASSETS":null,"EQUITY_MULTIPLIER":1.095841533633,"EQUITY_RATIO":0.096576443796},{"SECUCODE":"02500.HK","SECURITY_CODE":"02500","SECURITY_NAME_ABBR":"启明医疗-B","ORG_CODE":"10182308","STD_REPORT_DATE":"2020-12-31 00:00:00","REPORT_DATE":"2020-12-31 00:00:00","DATE_TYPE_CODE":"001","REPORT_TYPE":"2020年年报","PER_NETCASH_OPERATE":-0.560336648641,"PER_OI":0.652641298063,"BPS":8.651530613458,"BASIC_EPS":-0.45,"DILUTED_EPS":-0.45,"OPERATE_INCOME":276047000,"OPERATE_INCOME_YOY":18.3369628588,"GROSS_PROFIT":227280000,"GROSS_PROFIT_YOY":16.754424267331,"HOLDER_PROFIT":-181989000,"HOLDER_PROFIT_YOY":52.1991053863,"GROSS_PROFIT_RATIO":82.333805475155,"EPS_TTM":-0.430265633002,"OPERATE_INCOME_QOQ":21.127434203021,"NET_PROFIT_RATIO":-66.2452408467,"ROE_AVG":-5.311684866124,"GROSS_PROFIT_QOQ":18.80504952824,"ROA":-4.557110366989,"HOLDER_PROFIT_QOQ":23.689540222656,"ROE_YEARLY":-5.311684866124,"ROIC_YEARLY":-12.928881172138,"TOTAL_ASSETS":4318227000,"TOTAL_LIABILITIES":461192000,"TAX_EBT":1.600813589966,"OCF_SALES":-85.856756277011,"TOTAL_PARENT_EQUITY":3815424000,"DEBT_ASSET_RATIO":10.6801240416,"OPERATE_PROFIT":-60397000,"PRETAX_PROFIT":-185843000,"NETCASH_OPERATE":-237005000,"NETCASH_INVEST":-297943000,"NETCASH_FINANCE":927751000,"END_CASH":2708170000,"DIVI_RATIO":null,"DIVIDEND_RATE":null,"CURRENT_RATIO":8.286786990434,"COMMON_ACS":null,"CURRENTDEBT_DEBT":87.928021301324,"ISSUED_COMMON_SHARES":441011443,"HK_COMMON_SHARES":441010235,"PER_SHARES":500,"TOTAL_MARKET_CAP":2478484309.66,"HKSK_MARKET_CAP":2478477520.7,"PE_TTM":-3.978288538148,"PB_TTM":0.829954984724,"REPORT_DATE_SQ":"2019-12-31 00:00:00","REPORT_TYPE_SQ":"2019年年报","OPERATE_INCOME_SQ":233272000,"DPS_HKD":null,"OPERATE_INCOME_QOQ_SQ":102.233242015466,"NET_PROFIT_RATIO_SQ":-163.2279056209,"HOLDER_PROFIT_SQ":-380723000,"HOLDER_PROFIT_QOQ_SQ":-26.72982248245,"ROE_AVG_SQ":-21.764666538232,"PE_TTM_SQ":-1.863368991105,"PB_TTM_SQ":0.689841257961,"ROA_SQ":-16.189993640485,"START_DATE":"2020-01-01 00:00:00","FISCAL_YEAR":"12-31","CURRENCY":"HKD","IS_CNY_CODE":0,"DPS_HKD_LY":null,"ORG_TYPE":"一般企业","PREMIUM_INCOME":null,"PREMIUM_INCOME_YOY":null,"NET_INTEREST_INCOME":null,"NET_INTEREST_INCOME_YOY":null,"FEE_COMMISSION_INCOME":null,"FEE_COMMISSION_INCOME_YOY":null,"ACCOUNTS_RECE_TDAYS":1.403994089988,"INVENTORY_TDAYS":1.15161819749,"CURRENT_ASSETS_TDAYS":0.088125175183,"TOTAL_ASSETS_TDAYS":0.069123773716,"PREMIUM_EXPENSE":null,"LOAN_DEPOSIT":null,"LOAN_EQUITY":null,"LOAN_ASSETS":null,"DEPOSIT_EQUITY":null,"DEPOSIT_ASSETS":null,"EQUITY_MULTIPLIER":1.119571639873,"EQUITY_RATIO":0.120875687735},{"SECUCODE":"02500.HK","SECURITY_CODE":"02500","SECURITY_NAME_ABBR":"启明医疗-B","ORG_CODE":"10182308","STD_REPORT_DATE":"2020-06-30 00:00:00","REPORT_DATE":"2020-06-30 00:00:00","DATE_TYPE_CODE":"002","REPORT_TYPE":"2020年中报","PER_NETCASH_OPERATE":-0.299051390949,"PER_OI":0.252303673165,"BPS":6.805936779287,"BASIC_EPS":-0.11,"DILUTED_EPS":-0.11,"OPERATE_INCOME":102049000,"OPERATE_INCOME_YOY":-5.0026530631,"GROSS_PROFIT":85087000,"GROSS_PROFIT_YOY":-3.798885208091,"HOLDER_PROFIT":-43524000,"HOLDER_PROFIT_YOY":76.5700197026,"GROSS_PROFIT_RATIO":83.378573038442,"EPS_TTM":-0.589624998723,"OPERATE_INCOME_QOQ":-2.303748413869,"NET_PROFIT_RATIO":-42.6638183618,"ROE_AVG":-1.441556260737,"GROSS_PROFIT_QOQ":-1.726042175019,"ROA":-1.216957550203,"HOLDER_PROFIT_QOQ":37.35997037216,"ROE_YEARLY":-2.883112521475,"ROIC_YEARLY":-6.324648276448,"TOTAL_ASSETS":3484112000,"TOTAL_LIABILITIES":473862000,"TAX_EBT":-0.020675871258,"OCF_SALES":-118.528354026007,"TOTAL_PARENT_EQUITY":3001496000,"DEBT_ASSET_RATIO":13.6006534807,"OPERATE_PROFIT":-19772000,"PRETAX_PROFIT":-43529000,"NETCASH_OPERATE":-120957000,"NETCASH_INVEST":-210704000,"NETCASH_FINANCE":-119577000,"END_CASH":1970558000,"DIVI_RATIO":null,"DIVIDEND_RATE":null,"CURRENT_RATIO":6.157177893143,"COMMON_ACS":null,"CURRENTDEBT_DEBT":87.681856743102,"ISSUED_COMMON_SHARES":441011443,"HK_COMMON_SHARES":441010235,"PER_SHARES":500,"TOTAL_MARKET_CAP":2478484309.66,"HKSK_MARKET_CAP":2478477520.7,"PE_TTM":-3.978288538148,"PB_TTM":0.829954984724,"REPORT_DATE_SQ":"2019-06-30 00:00:00","REPORT_TYPE_SQ":"2019年中报","OPERATE_INCOME_SQ":107423000,"DPS_HKD":null,"OPERATE_INCOME_QOQ_SQ":0,"NET_PROFIT_RATIO_SQ":-172.9443415284,"HOLDER_PROFIT_SQ":-185762000,"HOLDER_PROFIT_QOQ_SQ":0,"ROE_AVG_SQ":null,"PE_TTM_SQ":-1.863368991105,"PB_TTM_SQ":0.689841257961,"ROA_SQ":null,"START_DATE":"2020-01-01 00:00:00","FISCAL_YEAR":"12-31","CURRENCY":"HKD","IS_CNY_CODE":0,"DPS_HKD_LY":null,"ORG_TYPE":"一般企业","PREMIUM_INCOME":null,"PREMIUM_INCOME_YOY":null,"NET_INTEREST_INCOME":null,"NET_INTEREST_INCOME_YOY":null,"FEE_COMMISSION_INCOME":null,"FEE_COMMISSION_INCOME_YOY":null,"ACCOUNTS_RECE_TDAYS":0.632522708748,"INVENTORY_TDAYS":0.541406661453,"CURRENT_ASSETS_TDAYS":0.037362089793,"TOTAL_ASSETS_TDAYS":0.028533521974,"PREMIUM_EXPENSE":null,"LOAN_DEPOSIT":null,"LOAN_EQUITY":null,"LOAN_ASSETS":null,"DEPOSIT_EQUITY":null,"DEPOSIT_ASSETS":null,"EQUITY_MULTIPLIER":1.157416161448,"EQUITY_RATIO":0.157875272864}],"count":13},"success":true,"message":"ok","code":0}