{"version":"2c72721d776f0ff34e3ad24e3a53fdab","result":{"pages":1,"data":[{"SECUCODE":"02506.HK","SECURITY_CODE":"02506","SECURITY_NAME_ABBR":"讯飞医疗科技","ORG_CODE":"10921920","STD_REPORT_DATE":"2024-06-30 00:00:00","REPORT_DATE":"2024-06-30 00:00:00","DATE_TYPE_CODE":"002","REPORT_TYPE":"2024年中报","PER_NETCASH_OPERATE":-1.178061013852,"PER_OI":2.013342937203,"BPS":3.286704232349,"BASIC_EPS":-1.14,"DILUTED_EPS":null,"OPERATE_INCOME":229205000,"OPERATE_INCOME_YOY":17.824408449,"GROSS_PROFIT":121198000,"GROSS_PROFIT_YOY":19.577721868679,"HOLDER_PROFIT":-129653000,"HOLDER_PROFIT_YOY":-32.9597079364,"GROSS_PROFIT_RATIO":52.877555027159,"EPS_TTM":-1.55461468865,"OPERATE_INCOME_QOQ":-0.960224767697,"NET_PROFIT_RATIO":-58.3486398639,"ROE_AVG":-28.937882639681,"GROSS_PROFIT_QOQ":2.184538683839,"ROA":-10.337143330963,"HOLDER_PROFIT_QOQ":-9.720896207115,"ROE_YEARLY":-57.875765279362,"ROIC_YEARLY":-23.948679158851,"TOTAL_ASSETS":1270874000,"TOTAL_LIABILITIES":826152000,"TAX_EBT":18.097361120467,"OCF_SALES":-58.512685150848,"TOTAL_PARENT_EQUITY":397291000,"DEBT_ASSET_RATIO":65.006601756,"OPERATE_PROFIT":-161202000,"PRETAX_PROFIT":-163289000,"NETCASH_OPERATE":-134114000,"NETCASH_INVEST":-7777000,"NETCASH_FINANCE":101353000,"END_CASH":101966000,"DIVI_RATIO":null,"DIVIDEND_RATE":null,"CURRENT_RATIO":1.087505072584,"COMMON_ACS":null,"CURRENTDEBT_DEBT":95.747150645402,"ISSUED_COMMON_SHARES":120878233,"HK_COMMON_SHARES":77297112,"PER_SHARES":50,"TOTAL_MARKET_CAP":15653731173.5,"HKSK_MARKET_CAP":10009976004,"PE_TTM":-79.815627939392,"PB_TTM":35.960662001983,"REPORT_DATE_SQ":"2023-06-30 00:00:00","REPORT_TYPE_SQ":"2023年中报","OPERATE_INCOME_SQ":194531000,"DPS_HKD":null,"OPERATE_INCOME_QOQ_SQ":0,"NET_PROFIT_RATIO_SQ":-54.5085359146,"HOLDER_PROFIT_SQ":-97513000,"HOLDER_PROFIT_QOQ_SQ":0,"ROE_AVG_SQ":null,"PE_TTM_SQ":null,"PB_TTM_SQ":null,"ROA_SQ":null,"START_DATE":"2024-01-01 00:00:00","FISCAL_YEAR":"12-31","CURRENCY":"HKD","IS_CNY_CODE":0,"DPS_HKD_LY":null,"ORG_TYPE":"一般企业","PREMIUM_INCOME":null,"PREMIUM_INCOME_YOY":null,"NET_INTEREST_INCOME":null,"NET_INTEREST_INCOME_YOY":null,"FEE_COMMISSION_INCOME":null,"FEE_COMMISSION_INCOME_YOY":null,"ACCOUNTS_RECE_TDAYS":0.405738274429,"INVENTORY_TDAYS":1.354701953529,"CURRENT_ASSETS_TDAYS":0.267546250524,"TOTAL_ASSETS_TDAYS":0.182743549102,"PREMIUM_EXPENSE":null,"LOAN_DEPOSIT":null,"LOAN_EQUITY":null,"LOAN_ASSETS":null,"DEPOSIT_EQUITY":null,"DEPOSIT_ASSETS":null,"EQUITY_MULTIPLIER":2.857681877671,"EQUITY_RATIO":2.07946316428},{"SECUCODE":"02506.HK","SECURITY_CODE":"02506","SECURITY_NAME_ABBR":"讯飞医疗科技","ORG_CODE":"10921920","STD_REPORT_DATE":"2024-03-31 00:00:00","REPORT_DATE":"2024-03-31 00:00:00","DATE_TYPE_CODE":"003","REPORT_TYPE":"2024年一季报","PER_NETCASH_OPERATE":-0.74789842151,"PER_OI":0.895672109835,"BPS":3.742981583789,"BASIC_EPS":-0.61,"DILUTED_EPS":null,"OPERATE_INCOME":101966000,"OPERATE_INCOME_YOY":65.6260152037,"GROSS_PROFIT":52280000,"GROSS_PROFIT_YOY":32.060220268768,"HOLDER_PROFIT":-69061000,"HOLDER_PROFIT_YOY":-31.292180757,"GROSS_PROFIT_RATIO":51.271992624993,"EPS_TTM":-1.416881143329,"OPERATE_INCOME_QOQ":7.2649134637,"NET_PROFIT_RATIO":-69.4957142577,"ROE_AVG":-14.520327322882,"GROSS_PROFIT_QOQ":4.03363694725,"ROA":-5.632448501481,"HOLDER_PROFIT_QOQ":-11.364107096008,"ROE_YEARLY":-58.081309291529,"ROIC_YEARLY":-25.938549888544,"TOTAL_ASSETS":1214641000,"TOTAL_LIABILITIES":712572000,"TAX_EBT":15.432076665115,"OCF_SALES":-83.501363199498,"TOTAL_PARENT_EQUITY":452445000,"DEBT_ASSET_RATIO":58.6652352423,"OPERATE_PROFIT":-68930000,"PRETAX_PROFIT":-83793000,"NETCASH_OPERATE":-85143000,"NETCASH_INVEST":-10549000,"NETCASH_FINANCE":32254000,"END_CASH":79066000,"DIVI_RATIO":null,"DIVIDEND_RATE":null,"CURRENT_RATIO":1.172158822677,"COMMON_ACS":null,"CURRENTDEBT_DEBT":97.801064313501,"ISSUED_COMMON_SHARES":120878233,"HK_COMMON_SHARES":77297112,"PER_SHARES":50,"TOTAL_MARKET_CAP":null,"HKSK_MARKET_CAP":null,"PE_TTM":null,"PB_TTM":null,"REPORT_DATE_SQ":"2023-03-31 00:00:00","REPORT_TYPE_SQ":"2023年一季报","OPERATE_INCOME_SQ":61564000,"DPS_HKD":null,"OPERATE_INCOME_QOQ_SQ":0,"NET_PROFIT_RATIO_SQ":-93.4409719966,"HOLDER_PROFIT_SQ":-52601000,"HOLDER_PROFIT_QOQ_SQ":0,"ROE_AVG_SQ":null,"PE_TTM_SQ":null,"PB_TTM_SQ":null,"ROA_SQ":null,"START_DATE":"2024-01-01 00:00:00","FISCAL_YEAR":"12-31","CURRENCY":"HKD","IS_CNY_CODE":0,"DPS_HKD_LY":null,"ORG_TYPE":"一般企业","PREMIUM_INCOME":null,"PREMIUM_INCOME_YOY":null,"NET_INTEREST_INCOME":null,"NET_INTEREST_INCOME_YOY":null,"FEE_COMMISSION_INCOME":null,"FEE_COMMISSION_INCOME_YOY":null,"ACCOUNTS_RECE_TDAYS":0.18709409292,"INVENTORY_TDAYS":0.656957179974,"CURRENT_ASSETS_TDAYS":0.122112630177,"TOTAL_ASSETS_TDAYS":0.083161008949,"PREMIUM_EXPENSE":null,"LOAN_DEPOSIT":null,"LOAN_EQUITY":null,"LOAN_ASSETS":null,"DEPOSIT_EQUITY":null,"DEPOSIT_ASSETS":null,"EQUITY_MULTIPLIER":2.419271056366,"EQUITY_RATIO":1.574936180088},{"SECUCODE":"02506.HK","SECURITY_CODE":"02506","SECURITY_NAME_ABBR":"讯飞医疗科技","ORG_CODE":"10921920","STD_REPORT_DATE":"2023-12-31 00:00:00","REPORT_DATE":"2023-12-31 00:00:00","DATE_TYPE_CODE":"001","REPORT_TYPE":"2023年年报","PER_NETCASH_OPERATE":-2.760863645547,"PER_OI":4.885017084933,"BPS":4.12635912704,"BASIC_EPS":-1.3,"DILUTED_EPS":null,"OPERATE_INCOME":556125000,"OPERATE_INCOME_YOY":17.8580511169,"GROSS_PROFIT":314654000,"GROSS_PROFIT_YOY":36.409313778618,"HOLDER_PROFIT":-144842000,"HOLDER_PROFIT_YOY":23.5258711721,"GROSS_PROFIT_RATIO":56.579725781074,"EPS_TTM":-1.27229605685,"OPERATE_INCOME_QOQ":2.074435183537,"NET_PROFIT_RATIO":-27.7318948078,"ROE_AVG":-34.48545150223,"GROSS_PROFIT_QOQ":12.34673693381,"ROA":-12.77718134896,"HOLDER_PROFIT_QOQ":26.338166413231,"ROE_YEARLY":-34.48545150223,"ROIC_YEARLY":-15.64086546223,"TOTAL_ASSETS":1237614000,"TOTAL_LIABILITIES":687754000,"TAX_EBT":17.489768076398,"OCF_SALES":-56.516970105642,"TOTAL_PARENT_EQUITY":498787000,"DEBT_ASSET_RATIO":55.5709615437,"OPERATE_PROFIT":-185704000,"PRETAX_PROFIT":-186915000,"NETCASH_OPERATE":-314305000,"NETCASH_INVEST":465000,"NETCASH_FINANCE":293326000,"END_CASH":142504000,"DIVI_RATIO":null,"DIVIDEND_RATE":null,"CURRENT_RATIO":1.271372944071,"COMMON_ACS":null,"CURRENTDEBT_DEBT":97.570788392361,"ISSUED_COMMON_SHARES":120878233,"HK_COMMON_SHARES":77297112,"PER_SHARES":50,"TOTAL_MARKET_CAP":null,"HKSK_MARKET_CAP":null,"PE_TTM":null,"PB_TTM":null,"REPORT_DATE_SQ":"2022-12-31 00:00:00","REPORT_TYPE_SQ":"2022年年报","OPERATE_INCOME_SQ":471860000,"DPS_HKD":null,"OPERATE_INCOME_QOQ_SQ":26.690150677134,"NET_PROFIT_RATIO_SQ":-44.2069681685,"HOLDER_PROFIT_SQ":-189400000,"HOLDER_PROFIT_QOQ_SQ":-126.265425830576,"ROE_AVG_SQ":-49.33602154739,"PE_TTM_SQ":null,"PB_TTM_SQ":null,"ROA_SQ":-18.537758448309,"START_DATE":"2023-01-01 00:00:00","FISCAL_YEAR":"12-31","CURRENCY":"HKD","IS_CNY_CODE":0,"DPS_HKD_LY":null,"ORG_TYPE":"一般企业","PREMIUM_INCOME":null,"PREMIUM_INCOME_YOY":null,"NET_INTEREST_INCOME":null,"NET_INTEREST_INCOME_YOY":null,"FEE_COMMISSION_INCOME":null,"FEE_COMMISSION_INCOME_YOY":null,"ACCOUNTS_RECE_TDAYS":1.327040851024,"INVENTORY_TDAYS":4.010579901509,"CURRENT_ASSETS_TDAYS":0.738984987758,"TOTAL_ASSETS_TDAYS":0.490583530861,"PREMIUM_EXPENSE":null,"LOAN_DEPOSIT":null,"LOAN_EQUITY":null,"LOAN_ASSETS":null,"DEPOSIT_EQUITY":null,"DEPOSIT_ASSETS":null,"EQUITY_MULTIPLIER":2.250780198594,"EQUITY_RATIO":1.378853097615},{"SECUCODE":"02506.HK","SECURITY_CODE":"02506","SECURITY_NAME_ABBR":"讯飞医疗科技","ORG_CODE":"10921920","STD_REPORT_DATE":"2023-09-30 00:00:00","REPORT_DATE":"2023-09-30 00:00:00","DATE_TYPE_CODE":"004","REPORT_TYPE":"2023年三季报","PER_NETCASH_OPERATE":-1.623441441441,"PER_OI":2.921963963964,"BPS":2.080912284679,"BASIC_EPS":-1.43,"DILUTED_EPS":null,"OPERATE_INCOME":324338000,"OPERATE_INCOME_YOY":29.0255594232,"GROSS_PROFIT":178979000,"GROSS_PROFIT_YOY":38.128791269854,"HOLDER_PROFIT":-158570000,"HOLDER_PROFIT_YOY":-4.7780149201,"GROSS_PROFIT_RATIO":55.182864789201,"EPS_TTM":-1.77145045045,"OPERATE_INCOME_QOQ":15.462849150172,"NET_PROFIT_RATIO":-52.3968822648,"ROE_AVG":-53.501538544591,"GROSS_PROFIT_QOQ":21.418135943712,"ROA":-14.984079946591,"HOLDER_PROFIT_QOQ":-3.817845828933,"ROE_YEARLY":-71.335384726121,"ROIC_YEARLY":-17.731870456816,"TOTAL_ASSETS":1086929000,"TOTAL_LIABILITIES":786633000,"TAX_EBT":12.209095088776,"OCF_SALES":-55.55994055584,"TOTAL_PARENT_EQUITY":251537000,"DEBT_ASSET_RATIO":72.3720684608,"OPERATE_PROFIT":-192909000,"PRETAX_PROFIT":-193577000,"NETCASH_OPERATE":-180202000,"NETCASH_INVEST":8015000,"NETCASH_FINANCE":66868000,"END_CASH":57699000,"DIVI_RATIO":null,"DIVIDEND_RATE":null,"CURRENT_RATIO":0.857805528225,"COMMON_ACS":null,"CURRENTDEBT_DEBT":97.808889278736,"ISSUED_COMMON_SHARES":120878233,"HK_COMMON_SHARES":77297112,"PER_SHARES":50,"TOTAL_MARKET_CAP":null,"HKSK_MARKET_CAP":null,"PE_TTM":null,"PB_TTM":null,"REPORT_DATE_SQ":"2022-09-30 00:00:00","REPORT_TYPE_SQ":"2022年三季报","OPERATE_INCOME_SQ":251375000,"DPS_HKD":null,"OPERATE_INCOME_QOQ_SQ":0,"NET_PROFIT_RATIO_SQ":-65.000497265,"HOLDER_PROFIT_SQ":-151339000,"HOLDER_PROFIT_QOQ_SQ":0,"ROE_AVG_SQ":null,"PE_TTM_SQ":null,"PB_TTM_SQ":null,"ROA_SQ":null,"START_DATE":"2023-01-01 00:00:00","FISCAL_YEAR":"12-31","CURRENCY":"HKD","IS_CNY_CODE":0,"DPS_HKD_LY":null,"ORG_TYPE":"一般企业","PREMIUM_INCOME":null,"PREMIUM_INCOME_YOY":null,"NET_INTEREST_INCOME":null,"NET_INTEREST_INCOME_YOY":null,"FEE_COMMISSION_INCOME":null,"FEE_COMMISSION_INCOME_YOY":null,"ACCOUNTS_RECE_TDAYS":0.861769089948,"INVENTORY_TDAYS":2.447986661951,"CURRENT_ASSETS_TDAYS":0.494437656399,"TOTAL_ASSETS_TDAYS":0.306483352571,"PREMIUM_EXPENSE":null,"LOAN_DEPOSIT":null,"LOAN_EQUITY":null,"LOAN_ASSETS":null,"DEPOSIT_EQUITY":null,"DEPOSIT_ASSETS":null,"EQUITY_MULTIPLIER":3.619525401607,"EQUITY_RATIO":3.127305326851},{"SECUCODE":"02506.HK","SECURITY_CODE":"02506","SECURITY_NAME_ABBR":"讯飞医疗科技","ORG_CODE":"10921920","STD_REPORT_DATE":"2023-06-30 00:00:00","REPORT_DATE":"2023-06-30 00:00:00","DATE_TYPE_CODE":"002","REPORT_TYPE":"2023年中报","PER_NETCASH_OPERATE":null,"PER_OI":null,"BPS":null,"BASIC_EPS":-0.88,"DILUTED_EPS":null,"OPERATE_INCOME":194531000,"OPERATE_INCOME_YOY":null,"GROSS_PROFIT":101355000,"GROSS_PROFIT_YOY":null,"HOLDER_PROFIT":-97513000,"HOLDER_PROFIT_YOY":null,"GROSS_PROFIT_RATIO":52.102235633395,"EPS_TTM":-1.706306306306,"OPERATE_INCOME_QOQ":0,"NET_PROFIT_RATIO":-54.5085359146,"ROE_AVG":null,"GROSS_PROFIT_QOQ":0,"ROA":null,"HOLDER_PROFIT_QOQ":0,"ROE_YEARLY":null,"ROIC_YEARLY":null,"TOTAL_ASSETS":null,"TOTAL_LIABILITIES":null,"TAX_EBT":16.19761165248,"OCF_SALES":-64.868838385656,"TOTAL_PARENT_EQUITY":null,"DEBT_ASSET_RATIO":null,"OPERATE_PROFIT":-126490000,"PRETAX_PROFIT":-126531000,"NETCASH_OPERATE":-126190000,"NETCASH_INVEST":45420000,"NETCASH_FINANCE":19645000,"END_CASH":101893000,"DIVI_RATIO":null,"DIVIDEND_RATE":null,"CURRENT_RATIO":null,"COMMON_ACS":null,"CURRENTDEBT_DEBT":null,"ISSUED_COMMON_SHARES":120878233,"HK_COMMON_SHARES":77297112,"PER_SHARES":50,"TOTAL_MARKET_CAP":null,"HKSK_MARKET_CAP":null,"PE_TTM":null,"PB_TTM":null,"REPORT_DATE_SQ":"2022-06-30 00:00:00","REPORT_TYPE_SQ":"2022年中报","OPERATE_INCOME_SQ":null,"DPS_HKD":null,"OPERATE_INCOME_QOQ_SQ":0,"NET_PROFIT_RATIO_SQ":null,"HOLDER_PROFIT_SQ":null,"HOLDER_PROFIT_QOQ_SQ":0,"ROE_AVG_SQ":null,"PE_TTM_SQ":null,"PB_TTM_SQ":null,"ROA_SQ":null,"START_DATE":"2023-01-01 00:00:00","FISCAL_YEAR":"12-31","CURRENCY":"HKD","IS_CNY_CODE":0,"DPS_HKD_LY":null,"ORG_TYPE":"一般企业","PREMIUM_INCOME":null,"PREMIUM_INCOME_YOY":null,"NET_INTEREST_INCOME":null,"NET_INTEREST_INCOME_YOY":null,"FEE_COMMISSION_INCOME":null,"FEE_COMMISSION_INCOME_YOY":null,"ACCOUNTS_RECE_TDAYS":null,"INVENTORY_TDAYS":null,"CURRENT_ASSETS_TDAYS":0.596762961804,"TOTAL_ASSETS_TDAYS":0.37788271768,"PREMIUM_EXPENSE":null,"LOAN_DEPOSIT":null,"LOAN_EQUITY":null,"LOAN_ASSETS":null,"DEPOSIT_EQUITY":null,"DEPOSIT_ASSETS":null,"EQUITY_MULTIPLIER":null,"EQUITY_RATIO":null},{"SECUCODE":"02506.HK","SECURITY_CODE":"02506","SECURITY_NAME_ABBR":"讯飞医疗科技","ORG_CODE":"10921920","STD_REPORT_DATE":"2023-03-31 00:00:00","REPORT_DATE":"2023-03-31 00:00:00","DATE_TYPE_CODE":"003","REPORT_TYPE":"2023年一季报","PER_NETCASH_OPERATE":null,"PER_OI":null,"BPS":null,"BASIC_EPS":-0.47,"DILUTED_EPS":null,"OPERATE_INCOME":61564000,"OPERATE_INCOME_YOY":null,"GROSS_PROFIT":39588000,"GROSS_PROFIT_YOY":null,"HOLDER_PROFIT":-52601000,"HOLDER_PROFIT_YOY":null,"GROSS_PROFIT_RATIO":64.303813917224,"EPS_TTM":-1.706306306306,"OPERATE_INCOME_QOQ":0,"NET_PROFIT_RATIO":-93.4409719966,"ROE_AVG":null,"GROSS_PROFIT_QOQ":0,"ROA":null,"HOLDER_PROFIT_QOQ":0,"ROE_YEARLY":null,"ROIC_YEARLY":null,"TOTAL_ASSETS":null,"TOTAL_LIABILITIES":null,"TAX_EBT":15.133364805854,"OCF_SALES":-149.360015593529,"TOTAL_PARENT_EQUITY":null,"DEBT_ASSET_RATIO":null,"OPERATE_PROFIT":-67378000,"PRETAX_PROFIT":-67784000,"NETCASH_OPERATE":-91952000,"NETCASH_INVEST":-5658000,"NETCASH_FINANCE":-117000,"END_CASH":65291000,"DIVI_RATIO":null,"DIVIDEND_RATE":null,"CURRENT_RATIO":null,"COMMON_ACS":null,"CURRENTDEBT_DEBT":null,"ISSUED_COMMON_SHARES":120878233,"HK_COMMON_SHARES":77297112,"PER_SHARES":50,"TOTAL_MARKET_CAP":null,"HKSK_MARKET_CAP":null,"PE_TTM":null,"PB_TTM":null,"REPORT_DATE_SQ":"2022-03-31 00:00:00","REPORT_TYPE_SQ":"2022年一季报","OPERATE_INCOME_SQ":null,"DPS_HKD":null,"OPERATE_INCOME_QOQ_SQ":0,"NET_PROFIT_RATIO_SQ":null,"HOLDER_PROFIT_SQ":null,"HOLDER_PROFIT_QOQ_SQ":0,"ROE_AVG_SQ":null,"PE_TTM_SQ":null,"PB_TTM_SQ":null,"ROA_SQ":null,"START_DATE":"2023-01-01 00:00:00","FISCAL_YEAR":"12-31","CURRENCY":"HKD","IS_CNY_CODE":0,"DPS_HKD_LY":null,"ORG_TYPE":"一般企业","PREMIUM_INCOME":null,"PREMIUM_INCOME_YOY":null,"NET_INTEREST_INCOME":null,"NET_INTEREST_INCOME_YOY":null,"FEE_COMMISSION_INCOME":null,"FEE_COMMISSION_INCOME_YOY":null,"ACCOUNTS_RECE_TDAYS":null,"INVENTORY_TDAYS":null,"CURRENT_ASSETS_TDAYS":0.188859950242,"TOTAL_ASSETS_TDAYS":0.119590048019,"PREMIUM_EXPENSE":null,"LOAN_DEPOSIT":null,"LOAN_EQUITY":null,"LOAN_ASSETS":null,"DEPOSIT_EQUITY":null,"DEPOSIT_ASSETS":null,"EQUITY_MULTIPLIER":null,"EQUITY_RATIO":null},{"SECUCODE":"02506.HK","SECURITY_CODE":"02506","SECURITY_NAME_ABBR":"讯飞医疗科技","ORG_CODE":"10921920","STD_REPORT_DATE":"2022-12-31 00:00:00","REPORT_DATE":"2022-12-31 00:00:00","DATE_TYPE_CODE":"001","REPORT_TYPE":"2022年年报","PER_NETCASH_OPERATE":-1.026432432432,"PER_OI":4.250990990991,"BPS":2.822931734947,"BASIC_EPS":-1.71,"DILUTED_EPS":null,"OPERATE_INCOME":471860000,"OPERATE_INCOME_YOY":26.6901506771,"GROSS_PROFIT":230669000,"GROSS_PROFIT_YOY":22.873397290776,"HOLDER_PROFIT":-189400000,"HOLDER_PROFIT_YOY":-126.2654258306,"GROSS_PROFIT_RATIO":48.885050650617,"EPS_TTM":-1.706306306306,"OPERATE_INCOME_QOQ":26.690150677134,"NET_PROFIT_RATIO":-44.2069681685,"ROE_AVG":-49.33602154739,"GROSS_PROFIT_QOQ":22.873397290776,"ROA":-18.537758448309,"HOLDER_PROFIT_QOQ":-126.265425830576,"ROE_YEARLY":-49.33602154739,"ROIC_YEARLY":-28.758408114305,"TOTAL_ASSETS":1029584000,"TOTAL_LIABILITIES":629847000,"TAX_EBT":14.545268332651,"OCF_SALES":-24.145721188488,"TOTAL_PARENT_EQUITY":341231000,"DEBT_ASSET_RATIO":61.1749017079,"OPERATE_PROFIT":-243510000,"PRETAX_PROFIT":-244100000,"NETCASH_OPERATE":-113934000,"NETCASH_INVEST":-93277000,"NETCASH_FINANCE":-63998000,"END_CASH":163018000,"DIVI_RATIO":null,"DIVIDEND_RATE":null,"CURRENT_RATIO":1.080395731141,"COMMON_ACS":null,"CURRENTDEBT_DEBT":95.807394494218,"ISSUED_COMMON_SHARES":120878233,"HK_COMMON_SHARES":77297112,"PER_SHARES":50,"TOTAL_MARKET_CAP":null,"HKSK_MARKET_CAP":null,"PE_TTM":null,"PB_TTM":null,"REPORT_DATE_SQ":"2021-12-31 00:00:00","REPORT_TYPE_SQ":"2021年年报","OPERATE_INCOME_SQ":372452000,"DPS_HKD":null,"OPERATE_INCOME_QOQ_SQ":null,"NET_PROFIT_RATIO_SQ":-24.003361507,"HOLDER_PROFIT_SQ":-83707000,"HOLDER_PROFIT_QOQ_SQ":null,"ROE_AVG_SQ":-19.623504038072,"PE_TTM_SQ":null,"PB_TTM_SQ":null,"ROA_SQ":-8.256650881376,"START_DATE":"2022-01-01 00:00:00","FISCAL_YEAR":"12-31","CURRENCY":"HKD","IS_CNY_CODE":0,"DPS_HKD_LY":null,"ORG_TYPE":"一般企业","PREMIUM_INCOME":null,"PREMIUM_INCOME_YOY":null,"NET_INTEREST_INCOME":null,"NET_INTEREST_INCOME_YOY":null,"FEE_COMMISSION_INCOME":null,"FEE_COMMISSION_INCOME_YOY":null,"ACCOUNTS_RECE_TDAYS":1.959307395258,"INVENTORY_TDAYS":6.086608708819,"CURRENT_ASSETS_TDAYS":0.684336091311,"TOTAL_ASSETS_TDAYS":0.461838790994,"PREMIUM_EXPENSE":null,"LOAN_DEPOSIT":null,"LOAN_EQUITY":null,"LOAN_ASSETS":null,"DEPOSIT_EQUITY":null,"DEPOSIT_ASSETS":null,"EQUITY_MULTIPLIER":2.575653492173,"EQUITY_RATIO":1.845808264783},{"SECUCODE":"02506.HK","SECURITY_CODE":"02506","SECURITY_NAME_ABBR":"讯飞医疗科技","ORG_CODE":"10921920","STD_REPORT_DATE":"2022-09-30 00:00:00","REPORT_DATE":"2022-09-30 00:00:00","DATE_TYPE_CODE":"004","REPORT_TYPE":"2022年三季报","PER_NETCASH_OPERATE":null,"PER_OI":null,"BPS":null,"BASIC_EPS":-1.36,"DILUTED_EPS":null,"OPERATE_INCOME":251375000,"OPERATE_INCOME_YOY":null,"GROSS_PROFIT":129574000,"GROSS_PROFIT_YOY":null,"HOLDER_PROFIT":-151339000,"HOLDER_PROFIT_YOY":null,"GROSS_PROFIT_RATIO":51.546096469418,"EPS_TTM":-2.265412719892,"OPERATE_INCOME_QOQ":0,"NET_PROFIT_RATIO":-65.000497265,"ROE_AVG":null,"GROSS_PROFIT_QOQ":0,"ROA":null,"HOLDER_PROFIT_QOQ":0,"ROE_YEARLY":null,"ROIC_YEARLY":null,"TOTAL_ASSETS":null,"TOTAL_LIABILITIES":null,"TAX_EBT":15.292855143239,"OCF_SALES":-65.020387866733,"TOTAL_PARENT_EQUITY":null,"DEBT_ASSET_RATIO":null,"OPERATE_PROFIT":-191995000,"PRETAX_PROFIT":-192894000,"NETCASH_OPERATE":-163445000,"NETCASH_INVEST":-84827000,"NETCASH_FINANCE":-63624000,"END_CASH":122331000,"DIVI_RATIO":null,"DIVIDEND_RATE":null,"CURRENT_RATIO":null,"COMMON_ACS":null,"CURRENTDEBT_DEBT":null,"ISSUED_COMMON_SHARES":120878233,"HK_COMMON_SHARES":77297112,"PER_SHARES":50,"TOTAL_MARKET_CAP":null,"HKSK_MARKET_CAP":null,"PE_TTM":null,"PB_TTM":null,"REPORT_DATE_SQ":"2021-09-30 00:00:00","REPORT_TYPE_SQ":"2021年三季报","OPERATE_INCOME_SQ":null,"DPS_HKD":null,"OPERATE_INCOME_QOQ_SQ":null,"NET_PROFIT_RATIO_SQ":null,"HOLDER_PROFIT_SQ":null,"HOLDER_PROFIT_QOQ_SQ":null,"ROE_AVG_SQ":null,"PE_TTM_SQ":null,"PB_TTM_SQ":null,"ROA_SQ":null,"START_DATE":"2022-01-01 00:00:00","FISCAL_YEAR":"12-31","CURRENCY":"HKD","IS_CNY_CODE":0,"DPS_HKD_LY":null,"ORG_TYPE":"一般企业","PREMIUM_INCOME":null,"PREMIUM_INCOME_YOY":null,"NET_INTEREST_INCOME":null,"NET_INTEREST_INCOME_YOY":null,"FEE_COMMISSION_INCOME":null,"FEE_COMMISSION_INCOME_YOY":null,"ACCOUNTS_RECE_TDAYS":null,"INVENTORY_TDAYS":null,"CURRENT_ASSETS_TDAYS":0.691468292173,"TOTAL_ASSETS_TDAYS":0.495900131484,"PREMIUM_EXPENSE":null,"LOAN_DEPOSIT":null,"LOAN_EQUITY":null,"LOAN_ASSETS":null,"DEPOSIT_EQUITY":null,"DEPOSIT_ASSETS":null,"EQUITY_MULTIPLIER":null,"EQUITY_RATIO":null},{"SECUCODE":"02506.HK","SECURITY_CODE":"02506","SECURITY_NAME_ABBR":"讯飞医疗科技","ORG_CODE":"10921920","STD_REPORT_DATE":"2021-12-31 00:00:00","REPORT_DATE":"2021-12-31 00:00:00","DATE_TYPE_CODE":"001","REPORT_TYPE":"2021年年报","PER_NETCASH_OPERATE":-1.425737483085,"PER_OI":10.079891745602,"BPS":3.52888182937,"BASIC_EPS":-0.9,"DILUTED_EPS":null,"OPERATE_INCOME":372452000,"OPERATE_INCOME_YOY":null,"GROSS_PROFIT":187729000,"GROSS_PROFIT_YOY":null,"HOLDER_PROFIT":-83707000,"HOLDER_PROFIT_YOY":null,"GROSS_PROFIT_RATIO":50.40354193292,"EPS_TTM":-2.265412719892,"OPERATE_INCOME_QOQ":null,"NET_PROFIT_RATIO":-24.003361507,"ROE_AVG":-19.623504038072,"GROSS_PROFIT_QOQ":null,"ROA":-8.256650881376,"HOLDER_PROFIT_QOQ":null,"ROE_YEARLY":-19.623504038072,"ROIC_YEARLY":-16.441506913891,"TOTAL_ASSETS":1013813000,"TOTAL_LIABILITIES":516782000,"TAX_EBT":19.43678471659,"OCF_SALES":-14.144372966181,"TOTAL_PARENT_EQUITY":426565000,"DEBT_ASSET_RATIO":50.9740948281,"OPERATE_PROFIT":-108075000,"PRETAX_PROFIT":-110970000,"NETCASH_OPERATE":-52681000,"NETCASH_INVEST":-57557000,"NETCASH_FINANCE":444674000,"END_CASH":434227000,"DIVI_RATIO":null,"DIVIDEND_RATE":null,"CURRENT_RATIO":1.491379823145,"COMMON_ACS":null,"CURRENTDEBT_DEBT":94.337457573987,"ISSUED_COMMON_SHARES":120878233,"HK_COMMON_SHARES":77297112,"PER_SHARES":50,"TOTAL_MARKET_CAP":null,"HKSK_MARKET_CAP":null,"PE_TTM":null,"PB_TTM":null,"REPORT_DATE_SQ":"2020-12-31 00:00:00","REPORT_TYPE_SQ":"2020年年报","OPERATE_INCOME_SQ":null,"DPS_HKD":null,"OPERATE_INCOME_QOQ_SQ":null,"NET_PROFIT_RATIO_SQ":null,"HOLDER_PROFIT_SQ":null,"HOLDER_PROFIT_QOQ_SQ":null,"ROE_AVG_SQ":null,"PE_TTM_SQ":null,"PB_TTM_SQ":null,"ROA_SQ":null,"START_DATE":"2021-01-01 00:00:00","FISCAL_YEAR":"12-31","CURRENCY":"HKD","IS_CNY_CODE":0,"DPS_HKD_LY":null,"ORG_TYPE":"一般企业","PREMIUM_INCOME":null,"PREMIUM_INCOME_YOY":null,"NET_INTEREST_INCOME":null,"NET_INTEREST_INCOME_YOY":null,"FEE_COMMISSION_INCOME":null,"FEE_COMMISSION_INCOME_YOY":null,"ACCOUNTS_RECE_TDAYS":2.106903047342,"INVENTORY_TDAYS":5.707492661826,"CURRENT_ASSETS_TDAYS":1.024520132696,"TOTAL_ASSETS_TDAYS":0.734754831512,"PREMIUM_EXPENSE":null,"LOAN_DEPOSIT":null,"LOAN_EQUITY":null,"LOAN_ASSETS":null,"DEPOSIT_EQUITY":null,"DEPOSIT_ASSETS":null,"EQUITY_MULTIPLIER":2.039737964029,"EQUITY_RATIO":1.211496489398}],"count":9},"success":true,"message":"ok","code":0}