{"version":"f85520e38f391e891a5d9056ec795fd1","result":{"pages":1,"data":[{"SECUCODE":"02516.HK","SECURITY_CODE":"02516","SECURITY_NAME_ABBR":"泛远国际","ORG_CODE":"10000509693","STD_REPORT_DATE":"2024-06-30 00:00:00","REPORT_DATE":"2024-06-30 00:00:00","DATE_TYPE_CODE":"002","REPORT_TYPE":"2024年中报","PER_NETCASH_OPERATE":-0.255582051282,"PER_OI":1.830738461538,"BPS":0.885364102564,"BASIC_EPS":0.0488,"DILUTED_EPS":0.0488,"OPERATE_INCOME":1427976000,"OPERATE_INCOME_YOY":111.8941698446,"GROSS_PROFIT":104799000,"GROSS_PROFIT_YOY":92.450647323478,"HOLDER_PROFIT":38093000,"HOLDER_PROFIT_YOY":235.8578733909,"GROSS_PROFIT_RATIO":7.33898889057,"EPS_TTM":0.069358974359,"OPERATE_INCOME_QOQ":36.857728423375,"NET_PROFIT_RATIO":2.66545096,"ROE_AVG":5.674592445446,"GROSS_PROFIT_QOQ":32.074005173227,"ROA":2.931086420998,"HOLDER_PROFIT_QOQ":97.813448389338,"ROE_YEARLY":11.349184890893,"ROIC_YEARLY":8.59418623933,"TOTAL_ASSETS":1392127000,"TOTAL_LIABILITIES":701928000,"TAX_EBT":4.942434005145,"OCF_SALES":-13.960598777571,"TOTAL_PARENT_EQUITY":690584000,"DEBT_ASSET_RATIO":50.4212618533,"OPERATE_PROFIT":47782000,"PRETAX_PROFIT":40041000,"NETCASH_OPERATE":-199354000,"NETCASH_INVEST":-65827000,"NETCASH_FINANCE":254339000,"END_CASH":398691000,"DIVI_RATIO":null,"DIVIDEND_RATE":null,"CURRENT_RATIO":1.727938072787,"COMMON_ACS":2000000000,"CURRENTDEBT_DEBT":99.566479752909,"ISSUED_COMMON_SHARES":780000000,"HK_COMMON_SHARES":780000000,"PER_SHARES":4000,"TOTAL_MARKET_CAP":670800000,"HKSK_MARKET_CAP":670800000,"PE_TTM":11.252212779449,"PB_TTM":0.88653334569,"REPORT_DATE_SQ":"2023-06-30 00:00:00","REPORT_TYPE_SQ":"2023年中报","OPERATE_INCOME_SQ":673910000,"DPS_HKD":null,"OPERATE_INCOME_QOQ_SQ":5.125389082759,"NET_PROFIT_RATIO_SQ":1.7426659346,"HOLDER_PROFIT_SQ":11342000,"HOLDER_PROFIT_QOQ_SQ":-5.715986900863,"ROE_AVG_SQ":2.319331703124,"PE_TTM_SQ":18.60153231647,"PB_TTM_SQ":0.864685623592,"ROA_SQ":1.831671096956,"START_DATE":"2024-01-01 00:00:00","FISCAL_YEAR":"12-31","CURRENCY":"HKD","IS_CNY_CODE":0,"DPS_HKD_LY":null,"ORG_TYPE":"一般企业","PREMIUM_INCOME":null,"PREMIUM_INCOME_YOY":null,"NET_INTEREST_INCOME":null,"NET_INTEREST_INCOME_YOY":null,"FEE_COMMISSION_INCOME":null,"FEE_COMMISSION_INCOME_YOY":null,"ACCOUNTS_RECE_TDAYS":2.576225441556,"INVENTORY_TDAYS":null,"CURRENT_ASSETS_TDAYS":1.283594123953,"TOTAL_ASSETS_TDAYS":1.098763831442,"PREMIUM_EXPENSE":null,"LOAN_DEPOSIT":null,"LOAN_EQUITY":null,"LOAN_ASSETS":null,"DEPOSIT_EQUITY":null,"DEPOSIT_ASSETS":null,"EQUITY_MULTIPLIER":2.016993649659,"EQUITY_RATIO":1.016426676552},{"SECUCODE":"02516.HK","SECURITY_CODE":"02516","SECURITY_NAME_ABBR":"泛远国际","ORG_CODE":"10000509693","STD_REPORT_DATE":"2023-12-31 00:00:00","REPORT_DATE":"2023-12-31 00:00:00","DATE_TYPE_CODE":"001","REPORT_TYPE":"2023年年报","PER_NETCASH_OPERATE":-0.224555128205,"PER_OI":2.622926923077,"BPS":0.835893589744,"BASIC_EPS":0.0432,"DILUTED_EPS":0.0432,"OPERATE_INCOME":2045883000,"OPERATE_INCOME_YOY":63.4114041485,"GROSS_PROFIT":156962000,"GROSS_PROFIT_YOY":49.966082262456,"HOLDER_PROFIT":27349000,"HOLDER_PROFIT_YOY":6.1437553365,"GROSS_PROFIT_RATIO":7.672090730506,"EPS_TTM":0.035062820513,"OPERATE_INCOME_QOQ":55.444279991977,"NET_PROFIT_RATIO":1.3172796294,"ROE_AVG":4.712269665399,"GROSS_PROFIT_QOQ":42.548882491304,"ROA":3.001257062403,"HOLDER_PROFIT_QOQ":7.945216293022,"ROE_YEARLY":4.712269665399,"ROIC_YEARLY":4.676461661444,"TOTAL_ASSETS":1207114000,"TOTAL_LIABILITIES":555471000,"TAX_EBT":28.671624804806,"OCF_SALES":-8.561242260677,"TOTAL_PARENT_EQUITY":651997000,"DEBT_ASSET_RATIO":46.0164491506,"OPERATE_PROFIT":42255000,"PRETAX_PROFIT":37783000,"NETCASH_OPERATE":-175153000,"NETCASH_INVEST":-7149000,"NETCASH_FINANCE":351113000,"END_CASH":409046000,"DIVI_RATIO":null,"DIVIDEND_RATE":null,"CURRENT_RATIO":1.854778721372,"COMMON_ACS":2000000000,"CURRENTDEBT_DEBT":98.743948829012,"ISSUED_COMMON_SHARES":780000000,"HK_COMMON_SHARES":780000000,"PER_SHARES":4000,"TOTAL_MARKET_CAP":756600000,"HKSK_MARKET_CAP":756600000,"PE_TTM":12.69144929775,"PB_TTM":0.99992714572,"REPORT_DATE_SQ":"2022-12-31 00:00:00","REPORT_TYPE_SQ":"2022年年报","OPERATE_INCOME_SQ":1251983000,"DPS_HKD":null,"OPERATE_INCOME_QOQ_SQ":-5.234789295927,"NET_PROFIT_RATIO_SQ":2.1488310944,"HOLDER_PROFIT_SQ":25766000,"HOLDER_PROFIT_QOQ_SQ":33.898051721561,"ROE_AVG_SQ":5.068625056233,"PE_TTM_SQ":null,"PB_TTM_SQ":null,"ROA_SQ":4.16626291395,"START_DATE":"2023-01-01 00:00:00","FISCAL_YEAR":"12-31","CURRENCY":"HKD","IS_CNY_CODE":0,"DPS_HKD_LY":null,"ORG_TYPE":"一般企业","PREMIUM_INCOME":null,"PREMIUM_INCOME_YOY":null,"NET_INTEREST_INCOME":null,"NET_INTEREST_INCOME_YOY":null,"FEE_COMMISSION_INCOME":null,"FEE_COMMISSION_INCOME_YOY":null,"ACCOUNTS_RECE_TDAYS":6.910879684365,"INVENTORY_TDAYS":null,"CURRENT_ASSETS_TDAYS":2.830998018465,"TOTAL_ASSETS_TDAYS":2.245135398954,"PREMIUM_EXPENSE":null,"LOAN_DEPOSIT":null,"LOAN_EQUITY":null,"LOAN_ASSETS":null,"DEPOSIT_EQUITY":null,"DEPOSIT_ASSETS":null,"EQUITY_MULTIPLIER":1.852416123552,"EQUITY_RATIO":0.851953306534},{"SECUCODE":"02516.HK","SECURITY_CODE":"02516","SECURITY_NAME_ABBR":"泛远国际","ORG_CODE":"10000509693","STD_REPORT_DATE":"2023-06-30 00:00:00","REPORT_DATE":"2023-06-30 00:00:00","DATE_TYPE_CODE":"002","REPORT_TYPE":"2023年中报","PER_NETCASH_OPERATE":-1.325323428713,"PER_OI":15.379493608911,"BPS":0.693069230769,"BASIC_EPS":0.0183,"DILUTED_EPS":0.0183,"OPERATE_INCOME":673910000,"OPERATE_INCOME_YOY":10.5239765737,"GROSS_PROFIT":54455000,"GROSS_PROFIT_YOY":11.112244689751,"HOLDER_PROFIT":11342000,"HOLDER_PROFIT_YOY":-11.2075884714,"GROSS_PROFIT_RATIO":8.08045584722,"EPS_TTM":0.578200130693,"OPERATE_INCOME_QOQ":5.125389082759,"NET_PROFIT_RATIO":1.7426659346,"ROE_AVG":2.319331703124,"GROSS_PROFIT_QOQ":5.203267567955,"ROA":1.831671096956,"HOLDER_PROFIT_QOQ":-5.715986900863,"ROE_YEARLY":4.638663406248,"ROIC_YEARLY":5.703652840695,"TOTAL_ASSETS":711409000,"TOTAL_LIABILITIES":173128000,"TAX_EBT":22.271270914916,"OCF_SALES":-8.617471175676,"TOTAL_PARENT_EQUITY":538661000,"DEBT_ASSET_RATIO":24.270091667,"OPERATE_PROFIT":15331000,"PRETAX_PROFIT":14045000,"NETCASH_OPERATE":-58902000,"NETCASH_INVEST":-3573000,"NETCASH_FINANCE":54011000,"END_CASH":231448000,"DIVI_RATIO":null,"DIVIDEND_RATE":null,"CURRENT_RATIO":3.12998360907,"COMMON_ACS":2000000000,"CURRENTDEBT_DEBT":97.965089413613,"ISSUED_COMMON_SHARES":780000000,"HK_COMMON_SHARES":780000000,"PER_SHARES":4000,"TOTAL_MARKET_CAP":756600000,"HKSK_MARKET_CAP":756600000,"PE_TTM":12.69144929775,"PB_TTM":0.99992714572,"REPORT_DATE_SQ":"2022-06-30 00:00:00","REPORT_TYPE_SQ":"2022年中报","OPERATE_INCOME_SQ":609741000,"DPS_HKD":null,"OPERATE_INCOME_QOQ_SQ":0,"NET_PROFIT_RATIO_SQ":2.3116372361,"HOLDER_PROFIT_SQ":13705000,"HOLDER_PROFIT_QOQ_SQ":0,"ROE_AVG_SQ":null,"PE_TTM_SQ":null,"PB_TTM_SQ":null,"ROA_SQ":null,"START_DATE":"2023-01-01 00:00:00","FISCAL_YEAR":"12-31","CURRENCY":"HKD","IS_CNY_CODE":0,"DPS_HKD_LY":null,"ORG_TYPE":"一般企业","PREMIUM_INCOME":null,"PREMIUM_INCOME_YOY":null,"NET_INTEREST_INCOME":null,"NET_INTEREST_INCOME_YOY":null,"FEE_COMMISSION_INCOME":null,"FEE_COMMISSION_INCOME_YOY":null,"ACCOUNTS_RECE_TDAYS":4.422358862633,"INVENTORY_TDAYS":null,"CURRENT_ASSETS_TDAYS":1.405629316917,"TOTAL_ASSETS_TDAYS":1.014365575601,"PREMIUM_EXPENSE":null,"LOAN_DEPOSIT":null,"LOAN_EQUITY":null,"LOAN_ASSETS":null,"DEPOSIT_EQUITY":null,"DEPOSIT_ASSETS":null,"EQUITY_MULTIPLIER":1.32048225333,"EQUITY_RATIO":0.321404371209},{"SECUCODE":"02516.HK","SECURITY_CODE":"02516","SECURITY_NAME_ABBR":"泛远国际","ORG_CODE":"10000509693","STD_REPORT_DATE":"2022-12-31 00:00:00","REPORT_DATE":"2022-12-31 00:00:00","DATE_TYPE_CODE":"001","REPORT_TYPE":"2022年年报","PER_NETCASH_OPERATE":0.004623273412,"PER_OI":0.246971016587,"BPS":0.653674358974,"BASIC_EPS":0.0325,"DILUTED_EPS":0.0325,"OPERATE_INCOME":1251983000,"OPERATE_INCOME_YOY":-7.5130421678,"GROSS_PROFIT":104665000,"GROSS_PROFIT_YOY":4.815934946323,"HOLDER_PROFIT":25766000,"HOLDER_PROFIT_YOY":-27.2392505145,"GROSS_PROFIT_RATIO":8.359937794683,"EPS_TTM":0.005300874818,"OPERATE_INCOME_QOQ":-5.234789295927,"NET_PROFIT_RATIO":2.1488310944,"ROE_AVG":5.068625056233,"GROSS_PROFIT_QOQ":19.028123685078,"ROA":4.16626291395,"HOLDER_PROFIT_QOQ":33.898051721561,"ROE_YEARLY":5.068625056233,"ROIC_YEARLY":6.444827912878,"TOTAL_ASSETS":614283000,"TOTAL_LIABILITIES":105478000,"TAX_EBT":28.130049590461,"OCF_SALES":1.871990274628,"TOTAL_PARENT_EQUITY":508760000,"DEBT_ASSET_RATIO":17.1400528771,"OPERATE_PROFIT":36807000,"PRETAX_PROFIT":35894000,"NETCASH_OPERATE":23728000,"NETCASH_INVEST":77756000,"NETCASH_FINANCE":-79363000,"END_CASH":239499000,"DIVI_RATIO":null,"DIVIDEND_RATE":null,"CURRENT_RATIO":4.370917669165,"COMMON_ACS":2000000000,"CURRENTDEBT_DEBT":92.836420865015,"ISSUED_COMMON_SHARES":780000000,"HK_COMMON_SHARES":780000000,"PER_SHARES":4000,"TOTAL_MARKET_CAP":756600000,"HKSK_MARKET_CAP":756600000,"PE_TTM":12.69144929775,"PB_TTM":0.99992714572,"REPORT_DATE_SQ":"2021-12-31 00:00:00","REPORT_TYPE_SQ":"2021年年报","OPERATE_INCOME_SQ":1353686000,"DPS_HKD":null,"OPERATE_INCOME_QOQ_SQ":-10.479265257104,"NET_PROFIT_RATIO_SQ":2.7252996633,"HOLDER_PROFIT_SQ":36932000,"HOLDER_PROFIT_QOQ_SQ":-29.940244712131,"ROE_AVG_SQ":7.967854157116,"PE_TTM_SQ":null,"PB_TTM_SQ":null,"ROA_SQ":6.135250612993,"START_DATE":"2022-01-01 00:00:00","FISCAL_YEAR":"12-31","CURRENCY":"HKD","IS_CNY_CODE":0,"DPS_HKD_LY":null,"ORG_TYPE":"一般企业","PREMIUM_INCOME":null,"PREMIUM_INCOME_YOY":null,"NET_INTEREST_INCOME":null,"NET_INTEREST_INCOME_YOY":null,"FEE_COMMISSION_INCOME":null,"FEE_COMMISSION_INCOME_YOY":null,"ACCOUNTS_RECE_TDAYS":11.040852591152,"INVENTORY_TDAYS":null,"CURRENT_ASSETS_TDAYS":2.720312449075,"TOTAL_ASSETS_TDAYS":1.94108750439,"PREMIUM_EXPENSE":null,"LOAN_DEPOSIT":null,"LOAN_EQUITY":null,"LOAN_ASSETS":null,"DEPOSIT_EQUITY":null,"DEPOSIT_ASSETS":null,"EQUITY_MULTIPLIER":1.206855706192,"EQUITY_RATIO":0.207323688969},{"SECUCODE":"02516.HK","SECURITY_CODE":"02516","SECURITY_NAME_ABBR":"泛远国际","ORG_CODE":"10000509693","STD_REPORT_DATE":"2022-09-30 00:00:00","REPORT_DATE":"2022-09-30 00:00:00","DATE_TYPE_CODE":"004","REPORT_TYPE":"2022年三季报","PER_NETCASH_OPERATE":-0.003130637684,"PER_OI":0.174745456685,"BPS":0.736716666667,"BASIC_EPS":null,"DILUTED_EPS":null,"OPERATE_INCOME":925739000,"OPERATE_INCOME_YOY":-3.3960740199,"GROSS_PROFIT":75632000,"GROSS_PROFIT_YOY":-13.6177260008,"HOLDER_PROFIT":20441000,"HOLDER_PROFIT_YOY":-45.2042676389,"GROSS_PROFIT_RATIO":8.16990534049,"EPS_TTM":0.003788288676,"OPERATE_INCOME_QOQ":-2.404102576225,"NET_PROFIT_RATIO":2.2109903547,"ROE_AVG":3.633632565994,"GROSS_PROFIT_QOQ":-11.940193879186,"ROA":3.03651738596,"HOLDER_PROFIT_QOQ":-45.659590598939,"ROE_YEARLY":4.844843421326,"ROIC_YEARLY":4.596680162945,"TOTAL_ASSETS":671753000,"TOTAL_LIABILITIES":97073000,"TAX_EBT":23.70657521992,"OCF_SALES":-1.791541676434,"TOTAL_PARENT_EQUITY":574639000,"DEBT_ASSET_RATIO":14.4506983966,"OPERATE_PROFIT":27505000,"PRETAX_PROFIT":26828000,"NETCASH_OPERATE":-16585000,"NETCASH_INVEST":47904000,"NETCASH_FINANCE":-8917000,"END_CASH":240395000,"DIVI_RATIO":null,"DIVIDEND_RATE":null,"CURRENT_RATIO":5.508317657458,"COMMON_ACS":2000000000,"CURRENTDEBT_DEBT":90.906843303493,"ISSUED_COMMON_SHARES":780000000,"HK_COMMON_SHARES":780000000,"PER_SHARES":4000,"TOTAL_MARKET_CAP":756600000,"HKSK_MARKET_CAP":756600000,"PE_TTM":12.69144929775,"PB_TTM":0.99992714572,"REPORT_DATE_SQ":"2021-09-30 00:00:00","REPORT_TYPE_SQ":"2021年三季报","OPERATE_INCOME_SQ":958283000,"DPS_HKD":null,"OPERATE_INCOME_QOQ_SQ":0,"NET_PROFIT_RATIO_SQ":3.8902912814,"HOLDER_PROFIT_SQ":37304000,"HOLDER_PROFIT_QOQ_SQ":0,"ROE_AVG_SQ":null,"PE_TTM_SQ":null,"PB_TTM_SQ":null,"ROA_SQ":null,"START_DATE":"2022-01-01 00:00:00","FISCAL_YEAR":"12-31","CURRENCY":"HKD","IS_CNY_CODE":0,"DPS_HKD_LY":null,"ORG_TYPE":"一般企业","PREMIUM_INCOME":null,"PREMIUM_INCOME_YOY":null,"NET_INTEREST_INCOME":null,"NET_INTEREST_INCOME_YOY":null,"FEE_COMMISSION_INCOME":null,"FEE_COMMISSION_INCOME_YOY":null,"ACCOUNTS_RECE_TDAYS":7.168325035039,"INVENTORY_TDAYS":null,"CURRENT_ASSETS_TDAYS":1.892066612982,"TOTAL_ASSETS_TDAYS":1.375188380393,"PREMIUM_EXPENSE":null,"LOAN_DEPOSIT":null,"LOAN_EQUITY":null,"LOAN_ASSETS":null,"DEPOSIT_EQUITY":null,"DEPOSIT_ASSETS":null,"EQUITY_MULTIPLIER":1.168916614464,"EQUITY_RATIO":0.168928666519},{"SECUCODE":"02516.HK","SECURITY_CODE":"02516","SECURITY_NAME_ABBR":"泛远国际","ORG_CODE":"10000509693","STD_REPORT_DATE":"2022-06-30 00:00:00","REPORT_DATE":"2022-06-30 00:00:00","DATE_TYPE_CODE":"002","REPORT_TYPE":"2022年中报","PER_NETCASH_OPERATE":null,"PER_OI":null,"BPS":null,"BASIC_EPS":null,"DILUTED_EPS":null,"OPERATE_INCOME":609741000,"OPERATE_INCOME_YOY":null,"GROSS_PROFIT":49009000,"GROSS_PROFIT_YOY":null,"HOLDER_PROFIT":13705000,"HOLDER_PROFIT_YOY":null,"GROSS_PROFIT_RATIO":8.037675012833,"EPS_TTM":0.006302041825,"OPERATE_INCOME_QOQ":0,"NET_PROFIT_RATIO":2.3116372361,"ROE_AVG":null,"GROSS_PROFIT_QOQ":0,"ROA":null,"HOLDER_PROFIT_QOQ":0,"ROE_YEARLY":null,"ROIC_YEARLY":null,"TOTAL_ASSETS":null,"TOTAL_LIABILITIES":null,"TAX_EBT":22.087488667271,"OCF_SALES":-1.645780749531,"TOTAL_PARENT_EQUITY":null,"DEBT_ASSET_RATIO":null,"OPERATE_PROFIT":18112000,"PRETAX_PROFIT":17648000,"NETCASH_OPERATE":-9625000,"NETCASH_INVEST":43529000,"NETCASH_FINANCE":-6434000,"END_CASH":244332000,"DIVI_RATIO":null,"DIVIDEND_RATE":null,"CURRENT_RATIO":null,"COMMON_ACS":2000000000,"CURRENTDEBT_DEBT":null,"ISSUED_COMMON_SHARES":780000000,"HK_COMMON_SHARES":780000000,"PER_SHARES":4000,"TOTAL_MARKET_CAP":756600000,"HKSK_MARKET_CAP":756600000,"PE_TTM":12.69144929775,"PB_TTM":0.99992714572,"REPORT_DATE_SQ":"2021-06-30 00:00:00","REPORT_TYPE_SQ":"2021年中报","OPERATE_INCOME_SQ":null,"DPS_HKD":null,"OPERATE_INCOME_QOQ_SQ":0,"NET_PROFIT_RATIO_SQ":null,"HOLDER_PROFIT_SQ":null,"HOLDER_PROFIT_QOQ_SQ":0,"ROE_AVG_SQ":null,"PE_TTM_SQ":null,"PB_TTM_SQ":null,"ROA_SQ":null,"START_DATE":"2022-01-01 00:00:00","FISCAL_YEAR":"12-31","CURRENCY":"HKD","IS_CNY_CODE":0,"DPS_HKD_LY":null,"ORG_TYPE":"一般企业","PREMIUM_INCOME":null,"PREMIUM_INCOME_YOY":null,"NET_INTEREST_INCOME":null,"NET_INTEREST_INCOME_YOY":null,"FEE_COMMISSION_INCOME":null,"FEE_COMMISSION_INCOME_YOY":null,"ACCOUNTS_RECE_TDAYS":null,"INVENTORY_TDAYS":null,"CURRENT_ASSETS_TDAYS":2.476301676681,"TOTAL_ASSETS_TDAYS":1.807732673972,"PREMIUM_EXPENSE":null,"LOAN_DEPOSIT":null,"LOAN_EQUITY":null,"LOAN_ASSETS":null,"DEPOSIT_EQUITY":null,"DEPOSIT_ASSETS":null,"EQUITY_MULTIPLIER":null,"EQUITY_RATIO":null},{"SECUCODE":"02516.HK","SECURITY_CODE":"02516","SECURITY_NAME_ABBR":"泛远国际","ORG_CODE":"10000509693","STD_REPORT_DATE":"2021-12-31 00:00:00","REPORT_DATE":"2021-12-31 00:00:00","DATE_TYPE_CODE":"001","REPORT_TYPE":"2021年年报","PER_NETCASH_OPERATE":0.001482341529,"PER_OI":0.230991708812,"BPS":0.705719230769,"BASIC_EPS":null,"DILUTED_EPS":null,"OPERATE_INCOME":1353686000,"OPERATE_INCOME_YOY":-10.4792652571,"GROSS_PROFIT":99856000,"GROSS_PROFIT_YOY":-18.963838213335,"HOLDER_PROFIT":36932000,"HOLDER_PROFIT_YOY":-29.9402447121,"GROSS_PROFIT_RATIO":7.376599890964,"EPS_TTM":0.006302041825,"OPERATE_INCOME_QOQ":-10.479265257104,"NET_PROFIT_RATIO":2.7252996633,"ROE_AVG":7.967854157116,"GROSS_PROFIT_QOQ":-18.963838213335,"ROA":6.135250612993,"HOLDER_PROFIT_QOQ":-29.940244712131,"ROE_YEARLY":7.967854157116,"ROIC_YEARLY":8.836326268404,"TOTAL_ASSETS":674592000,"TOTAL_LIABILITIES":124117000,"TAX_EBT":23.186474556509,"OCF_SALES":0.641729322753,"TOTAL_PARENT_EQUITY":550461000,"DEBT_ASSET_RATIO":18.3988247711,"OPERATE_PROFIT":48871000,"PRETAX_PROFIT":48028000,"NETCASH_OPERATE":7290000,"NETCASH_INVEST":-46409000,"NETCASH_FINANCE":104470000,"END_CASH":216514000,"DIVI_RATIO":null,"DIVIDEND_RATE":null,"CURRENT_RATIO":4.3714858903,"COMMON_ACS":2000000000,"CURRENTDEBT_DEBT":90.763553743645,"ISSUED_COMMON_SHARES":780000000,"HK_COMMON_SHARES":780000000,"PER_SHARES":4000,"TOTAL_MARKET_CAP":756600000,"HKSK_MARKET_CAP":756600000,"PE_TTM":12.69144929775,"PB_TTM":0.99992714572,"REPORT_DATE_SQ":"2020-12-31 00:00:00","REPORT_TYPE_SQ":"2020年年报","OPERATE_INCOME_SQ":1512148000,"DPS_HKD":null,"OPERATE_INCOME_QOQ_SQ":null,"NET_PROFIT_RATIO_SQ":3.484777945,"HOLDER_PROFIT_SQ":52715000,"HOLDER_PROFIT_QOQ_SQ":null,"ROE_AVG_SQ":13.998948385932,"PE_TTM_SQ":null,"PB_TTM_SQ":null,"ROA_SQ":9.958702978826,"START_DATE":"2021-01-01 00:00:00","FISCAL_YEAR":"12-31","CURRENCY":"HKD","IS_CNY_CODE":0,"DPS_HKD_LY":null,"ORG_TYPE":"一般企业","PREMIUM_INCOME":null,"PREMIUM_INCOME_YOY":null,"NET_INTEREST_INCOME":null,"NET_INTEREST_INCOME_YOY":null,"FEE_COMMISSION_INCOME":null,"FEE_COMMISSION_INCOME_YOY":null,"ACCOUNTS_RECE_TDAYS":10.964171887466,"INVENTORY_TDAYS":null,"CURRENT_ASSETS_TDAYS":3.231996065314,"TOTAL_ASSETS_TDAYS":2.248782319208,"PREMIUM_EXPENSE":null,"LOAN_DEPOSIT":null,"LOAN_EQUITY":null,"LOAN_ASSETS":null,"DEPOSIT_EQUITY":null,"DEPOSIT_ASSETS":null,"EQUITY_MULTIPLIER":1.225472546437,"EQUITY_RATIO":0.225478280932},{"SECUCODE":"02516.HK","SECURITY_CODE":"02516","SECURITY_NAME_ABBR":"泛远国际","ORG_CODE":"10000509693","STD_REPORT_DATE":"2021-09-30 00:00:00","REPORT_DATE":"2021-09-30 00:00:00","DATE_TYPE_CODE":"004","REPORT_TYPE":"2021年三季报","PER_NETCASH_OPERATE":null,"PER_OI":null,"BPS":null,"BASIC_EPS":null,"DILUTED_EPS":null,"OPERATE_INCOME":958283000,"OPERATE_INCOME_YOY":null,"GROSS_PROFIT":87555000,"GROSS_PROFIT_YOY":null,"HOLDER_PROFIT":37304000,"HOLDER_PROFIT_YOY":null,"GROSS_PROFIT_RATIO":9.13665378599,"EPS_TTM":0.010288489344,"OPERATE_INCOME_QOQ":0,"NET_PROFIT_RATIO":3.8902912814,"ROE_AVG":null,"GROSS_PROFIT_QOQ":0,"ROA":null,"HOLDER_PROFIT_QOQ":0,"ROE_YEARLY":null,"ROIC_YEARLY":null,"TOTAL_ASSETS":null,"TOTAL_LIABILITIES":null,"TAX_EBT":22.039356741044,"OCF_SALES":-6.030368899375,"TOTAL_PARENT_EQUITY":null,"DEBT_ASSET_RATIO":null,"OPERATE_PROFIT":48448000,"PRETAX_PROFIT":47819000,"NETCASH_OPERATE":-57788000,"NETCASH_INVEST":-37282000,"NETCASH_FINANCE":106349000,"END_CASH":162255000,"DIVI_RATIO":null,"DIVIDEND_RATE":null,"CURRENT_RATIO":null,"COMMON_ACS":2000000000,"CURRENTDEBT_DEBT":null,"ISSUED_COMMON_SHARES":780000000,"HK_COMMON_SHARES":780000000,"PER_SHARES":4000,"TOTAL_MARKET_CAP":756600000,"HKSK_MARKET_CAP":756600000,"PE_TTM":12.69144929775,"PB_TTM":0.99992714572,"REPORT_DATE_SQ":"2020-09-30 00:00:00","REPORT_TYPE_SQ":"2020年三季报","OPERATE_INCOME_SQ":null,"DPS_HKD":null,"OPERATE_INCOME_QOQ_SQ":null,"NET_PROFIT_RATIO_SQ":null,"HOLDER_PROFIT_SQ":null,"HOLDER_PROFIT_QOQ_SQ":null,"ROE_AVG_SQ":null,"PE_TTM_SQ":null,"PB_TTM_SQ":null,"ROA_SQ":null,"START_DATE":"2021-01-01 00:00:00","FISCAL_YEAR":"12-31","CURRENCY":"HKD","IS_CNY_CODE":0,"DPS_HKD_LY":null,"ORG_TYPE":"一般企业","PREMIUM_INCOME":null,"PREMIUM_INCOME_YOY":null,"NET_INTEREST_INCOME":null,"NET_INTEREST_INCOME_YOY":null,"FEE_COMMISSION_INCOME":null,"FEE_COMMISSION_INCOME_YOY":null,"ACCOUNTS_RECE_TDAYS":null,"INVENTORY_TDAYS":null,"CURRENT_ASSETS_TDAYS":5.551771784124,"TOTAL_ASSETS_TDAYS":3.620698384391,"PREMIUM_EXPENSE":null,"LOAN_DEPOSIT":null,"LOAN_EQUITY":null,"LOAN_ASSETS":null,"DEPOSIT_EQUITY":null,"DEPOSIT_ASSETS":null,"EQUITY_MULTIPLIER":null,"EQUITY_RATIO":null},{"SECUCODE":"02516.HK","SECURITY_CODE":"02516","SECURITY_NAME_ABBR":"泛远国际","ORG_CODE":"10000509693","STD_REPORT_DATE":"2020-12-31 00:00:00","REPORT_DATE":"2020-12-31 00:00:00","DATE_TYPE_CODE":"001","REPORT_TYPE":"2020年年报","PER_NETCASH_OPERATE":0.020044159265,"PER_OI":0.295128873854,"BPS":0.482774358974,"BASIC_EPS":null,"DILUTED_EPS":null,"OPERATE_INCOME":1512148000,"OPERATE_INCOME_YOY":null,"GROSS_PROFIT":123224000,"GROSS_PROFIT_YOY":null,"HOLDER_PROFIT":52715000,"HOLDER_PROFIT_YOY":null,"GROSS_PROFIT_RATIO":8.148937802384,"EPS_TTM":0.010288489344,"OPERATE_INCOME_QOQ":null,"NET_PROFIT_RATIO":3.484777945,"ROE_AVG":13.998948385932,"GROSS_PROFIT_QOQ":null,"ROA":9.958702978826,"HOLDER_PROFIT_QOQ":null,"ROE_YEARLY":13.998948385932,"ROIC_YEARLY":13.951340350246,"TOTAL_ASSETS":529336000,"TOTAL_LIABILITIES":152718000,"TAX_EBT":25.760777683855,"OCF_SALES":6.791663249894,"TOTAL_PARENT_EQUITY":376564000,"DEBT_ASSET_RATIO":28.8508622123,"OPERATE_PROFIT":74246000,"PRETAX_PROFIT":70980000,"NETCASH_OPERATE":102700000,"NETCASH_INVEST":-15529000,"NETCASH_FINANCE":-57537000,"END_CASH":151433000,"DIVI_RATIO":null,"DIVIDEND_RATE":null,"CURRENT_RATIO":2.365066968109,"COMMON_ACS":2000000000,"CURRENTDEBT_DEBT":95.578124386123,"ISSUED_COMMON_SHARES":780000000,"HK_COMMON_SHARES":780000000,"PER_SHARES":4000,"TOTAL_MARKET_CAP":756600000,"HKSK_MARKET_CAP":756600000,"PE_TTM":12.69144929775,"PB_TTM":0.99992714572,"REPORT_DATE_SQ":"2019-12-31 00:00:00","REPORT_TYPE_SQ":"2019年年报","OPERATE_INCOME_SQ":null,"DPS_HKD":null,"OPERATE_INCOME_QOQ_SQ":null,"NET_PROFIT_RATIO_SQ":null,"HOLDER_PROFIT_SQ":null,"HOLDER_PROFIT_QOQ_SQ":null,"ROE_AVG_SQ":null,"PE_TTM_SQ":null,"PB_TTM_SQ":null,"ROA_SQ":null,"START_DATE":"2020-01-01 00:00:00","FISCAL_YEAR":"12-31","CURRENCY":"HKD","IS_CNY_CODE":0,"DPS_HKD_LY":null,"ORG_TYPE":"一般企业","PREMIUM_INCOME":null,"PREMIUM_INCOME_YOY":null,"NET_INTEREST_INCOME":null,"NET_INTEREST_INCOME_YOY":null,"FEE_COMMISSION_INCOME":null,"FEE_COMMISSION_INCOME_YOY":null,"ACCOUNTS_RECE_TDAYS":12.185504536883,"INVENTORY_TDAYS":null,"CURRENT_ASSETS_TDAYS":8.76056509384,"TOTAL_ASSETS_TDAYS":5.713376758807,"PREMIUM_EXPENSE":null,"LOAN_DEPOSIT":null,"LOAN_EQUITY":null,"LOAN_ASSETS":null,"DEPOSIT_EQUITY":null,"DEPOSIT_ASSETS":null,"EQUITY_MULTIPLIER":1.405498409529,"EQUITY_RATIO":0.405556558779}],"count":9},"success":true,"message":"ok","code":0}