{"version":"6afb3ffefe2be448051a5b84d29e62a2","result":{"pages":2,"data":[{"SECUCODE":"02521.HK","SECURITY_CODE":"02521","SECURITY_NAME_ABBR":"升辉清洁","ORG_CODE":"10000190965","STD_REPORT_DATE":"2024-06-30 00:00:00","REPORT_DATE":"2024-06-30 00:00:00","DATE_TYPE_CODE":"002","REPORT_TYPE":"2024年中报","PER_NETCASH_OPERATE":-0.034290461538,"PER_OI":0.200479384615,"BPS":0.175954737525,"BASIC_EPS":0.0062,"DILUTED_EPS":0.0062,"OPERATE_INCOME":325779000,"OPERATE_INCOME_YOY":9.2298097911,"GROSS_PROFIT":32038000,"GROSS_PROFIT_YOY":-32.089789516078,"HOLDER_PROFIT":10155000,"HOLDER_PROFIT_YOY":-33.6621374445,"GROSS_PROFIT_RATIO":9.834274155179,"EPS_TTM":0.013991384615,"OPERATE_INCOME_QOQ":4.368331185772,"NET_PROFIT_RATIO":3.1171438306,"ROE_AVG":3.34160920448,"GROSS_PROFIT_QOQ":-16.200973834876,"ROA":2.274521661711,"HOLDER_PROFIT_QOQ":-18.476818817455,"ROE_YEARLY":6.68321840896,"ROIC_YEARLY":6.29644441551,"TOTAL_ASSETS":452582000,"TOTAL_LIABILITIES":143609000,"TAX_EBT":9.877529286475,"OCF_SALES":-17.10423323787,"TOTAL_PARENT_EQUITY":308973000,"DEBT_ASSET_RATIO":31.7310454238,"OPERATE_PROFIT":11451000,"PRETAX_PROFIT":11268000,"NETCASH_OPERATE":-55722000,"NETCASH_INVEST":-4553000,"NETCASH_FINANCE":10938000,"END_CASH":99236000,"DIVI_RATIO":null,"DIVIDEND_RATE":null,"CURRENT_RATIO":2.978073843513,"COMMON_ACS":10000000000,"CURRENTDEBT_DEBT":95.750962683397,"ISSUED_COMMON_SHARES":1755980000,"HK_COMMON_SHARES":1755980000,"PER_SHARES":7500,"TOTAL_MARKET_CAP":640932700,"HKSK_MARKET_CAP":640932700,"PE_TTM":25.335047723841,"PB_TTM":1.893260759471,"REPORT_DATE_SQ":"2023-06-30 00:00:00","REPORT_TYPE_SQ":"2023年中报","OPERATE_INCOME_SQ":298251000,"DPS_HKD":null,"OPERATE_INCOME_QOQ_SQ":1.527758143668,"NET_PROFIT_RATIO_SQ":5.1325896644,"HOLDER_PROFIT_SQ":15308000,"HOLDER_PROFIT_QOQ_SQ":-0.244264154235,"ROE_AVG_SQ":8.288662919767,"PE_TTM_SQ":11.387238983771,"PB_TTM_SQ":2.025249818031,"ROA_SQ":4.686870913569,"START_DATE":"2024-01-01 00:00:00","FISCAL_YEAR":"12-31","CURRENCY":"HKD","IS_CNY_CODE":0,"DPS_HKD_LY":null,"ORG_TYPE":"一般企业","PREMIUM_INCOME":null,"PREMIUM_INCOME_YOY":null,"NET_INTEREST_INCOME":null,"NET_INTEREST_INCOME_YOY":null,"FEE_COMMISSION_INCOME":null,"FEE_COMMISSION_INCOME_YOY":null,"ACCOUNTS_RECE_TDAYS":1.174996708859,"INVENTORY_TDAYS":86.141055718475,"CURRENT_ASSETS_TDAYS":0.80501672902,"TOTAL_ASSETS_TDAYS":0.729681331788,"PREMIUM_EXPENSE":null,"LOAN_DEPOSIT":null,"LOAN_EQUITY":null,"LOAN_ASSETS":null,"DEPOSIT_EQUITY":null,"DEPOSIT_ASSETS":null,"EQUITY_MULTIPLIER":1.464794658433,"EQUITY_RATIO":0.464794658433},{"SECUCODE":"02521.HK","SECURITY_CODE":"02521","SECURITY_NAME_ABBR":"升辉清洁","ORG_CODE":"10000190965","STD_REPORT_DATE":"2023-12-31 00:00:00","REPORT_DATE":"2023-12-31 00:00:00","DATE_TYPE_CODE":"001","REPORT_TYPE":"2023年年报","PER_NETCASH_OPERATE":0.004228923077,"PER_OI":0.387798153846,"BPS":0.170171642046,"BASIC_EPS":0.0218,"DILUTED_EPS":0.0218,"OPERATE_INCOME":630172000,"OPERATE_INCOME_YOY":6.0531399991,"GROSS_PROFIT":93445000,"GROSS_PROFIT_YOY":-1.021089091082,"HOLDER_PROFIT":27889000,"HOLDER_PROFIT_YOY":-18.9013928873,"GROSS_PROFIT_RATIO":14.82849126905,"EPS_TTM":0.017162461538,"OPERATE_INCOME_QOQ":4.457285315988,"NET_PROFIT_RATIO":4.4256171331,"ROE_AVG":11.721761059157,"GROSS_PROFIT_QOQ":-2.505060200739,"ROA":7.372902751653,"HOLDER_PROFIT_QOQ":-18.70281300102,"ROE_YEARLY":11.721761059157,"ROIC_YEARLY":10.082207826012,"TOTAL_ASSETS":440353000,"TOTAL_LIABILITIES":141535000,"TAX_EBT":13.896264279099,"OCF_SALES":1.090495928096,"TOTAL_PARENT_EQUITY":298818000,"DEBT_ASSET_RATIO":32.1412593987,"OPERATE_PROFIT":32856000,"PRETAX_PROFIT":32390000,"NETCASH_OPERATE":6872000,"NETCASH_INVEST":-11630000,"NETCASH_FINANCE":98609000,"END_CASH":148573000,"DIVI_RATIO":null,"DIVIDEND_RATE":null,"CURRENT_RATIO":2.955380965403,"COMMON_ACS":10000000000,"CURRENTDEBT_DEBT":95.59543575794,"ISSUED_COMMON_SHARES":1755980000,"HK_COMMON_SHARES":1755980000,"PER_SHARES":7500,"TOTAL_MARKET_CAP":676052300,"HKSK_MARKET_CAP":676052300,"PE_TTM":26.723269516928,"PB_TTM":1.997001075058,"REPORT_DATE_SQ":"2022-12-31 00:00:00","REPORT_TYPE_SQ":"2022年年报","OPERATE_INCOME_SQ":594204000,"DPS_HKD":null,"OPERATE_INCOME_QOQ_SQ":2.700759448164,"NET_PROFIT_RATIO_SQ":5.7874063453,"HOLDER_PROFIT_SQ":34389000,"HOLDER_PROFIT_QOQ_SQ":-12.943648422865,"ROE_AVG_SQ":21.51497614765,"PE_TTM_SQ":15.328975555077,"PB_TTM_SQ":2.726297831964,"ROA_SQ":11.574130947312,"START_DATE":"2023-01-01 00:00:00","FISCAL_YEAR":"12-31","CURRENCY":"HKD","IS_CNY_CODE":0,"DPS_HKD_LY":null,"ORG_TYPE":"一般企业","PREMIUM_INCOME":null,"PREMIUM_INCOME_YOY":null,"NET_INTEREST_INCOME":null,"NET_INTEREST_INCOME_YOY":null,"FEE_COMMISSION_INCOME":null,"FEE_COMMISSION_INCOME_YOY":null,"ACCOUNTS_RECE_TDAYS":2.634503834665,"INVENTORY_TDAYS":null,"CURRENT_ASSETS_TDAYS":1.83913695058,"TOTAL_ASSETS_TDAYS":1.665960368896,"PREMIUM_EXPENSE":null,"LOAN_DEPOSIT":null,"LOAN_EQUITY":null,"LOAN_ASSETS":null,"DEPOSIT_EQUITY":null,"DEPOSIT_ASSETS":null,"EQUITY_MULTIPLIER":1.473649512412,"EQUITY_RATIO":0.473649512412},{"SECUCODE":"02521.HK","SECURITY_CODE":"02521","SECURITY_NAME_ABBR":"升辉清洁","ORG_CODE":"10000190965","STD_REPORT_DATE":"2023-06-30 00:00:00","REPORT_DATE":"2023-06-30 00:00:00","DATE_TYPE_CODE":"002","REPORT_TYPE":"2023年中报","PER_NETCASH_OPERATE":null,"PER_OI":null,"BPS":0.109534277156,"BASIC_EPS":0.0122,"DILUTED_EPS":0.0122,"OPERATE_INCOME":298251000,"OPERATE_INCOME_YOY":3.1392972373,"GROSS_PROFIT":47177000,"GROSS_PROFIT_YOY":3.14167031045,"HOLDER_PROFIT":15308000,"HOLDER_PROFIT_YOY":-0.5457380457,"GROSS_PROFIT_RATIO":15.817884935843,"EPS_TTM":null,"OPERATE_INCOME_QOQ":1.527758143668,"NET_PROFIT_RATIO":5.1325896644,"ROE_AVG":8.288662919767,"GROSS_PROFIT_QOQ":1.522100647184,"ROA":4.686870913569,"HOLDER_PROFIT_QOQ":-0.244264154235,"ROE_YEARLY":16.577325839533,"ROIC_YEARLY":11.160505168149,"TOTAL_ASSETS":337055000,"TOTAL_LIABILITIES":144715000,"TAX_EBT":12.159293051013,"OCF_SALES":-1.529919430279,"TOTAL_PARENT_EQUITY":192340000,"DEBT_ASSET_RATIO":42.9351292816,"OPERATE_PROFIT":17624000,"PRETAX_PROFIT":17427000,"NETCASH_OPERATE":-4563000,"NETCASH_INVEST":-1854000,"NETCASH_FINANCE":1553000,"END_CASH":49858000,"DIVI_RATIO":null,"DIVIDEND_RATE":null,"CURRENT_RATIO":2.193860657456,"COMMON_ACS":10000000000,"CURRENTDEBT_DEBT":95.581660505131,"ISSUED_COMMON_SHARES":1755980000,"HK_COMMON_SHARES":1755980000,"PER_SHARES":7500,"TOTAL_MARKET_CAP":676052300,"HKSK_MARKET_CAP":676052300,"PE_TTM":26.723269516928,"PB_TTM":1.997001075058,"REPORT_DATE_SQ":"2022-06-30 00:00:00","REPORT_TYPE_SQ":"2022年中报","OPERATE_INCOME_SQ":289173000,"DPS_HKD":null,"OPERATE_INCOME_QOQ_SQ":2.668306298921,"NET_PROFIT_RATIO_SQ":5.3227652651,"HOLDER_PROFIT_SQ":15392000,"HOLDER_PROFIT_QOQ_SQ":-1.04957290649,"ROE_AVG_SQ":10.238195012605,"PE_TTM_SQ":15.328975555077,"PB_TTM_SQ":2.726297831964,"ROA_SQ":5.425678914864,"START_DATE":"2023-01-01 00:00:00","FISCAL_YEAR":"12-31","CURRENCY":"HKD","IS_CNY_CODE":0,"DPS_HKD_LY":null,"ORG_TYPE":"一般企业","PREMIUM_INCOME":null,"PREMIUM_INCOME_YOY":null,"NET_INTEREST_INCOME":null,"NET_INTEREST_INCOME_YOY":null,"FEE_COMMISSION_INCOME":null,"FEE_COMMISSION_INCOME_YOY":null,"ACCOUNTS_RECE_TDAYS":null,"INVENTORY_TDAYS":null,"CURRENT_ASSETS_TDAYS":1.012939774012,"TOTAL_ASSETS_TDAYS":0.913159091222,"PREMIUM_EXPENSE":null,"LOAN_DEPOSIT":null,"LOAN_EQUITY":null,"LOAN_ASSETS":null,"DEPOSIT_EQUITY":null,"DEPOSIT_ASSETS":null,"EQUITY_MULTIPLIER":1.752391598212,"EQUITY_RATIO":0.752391598212},{"SECUCODE":"02521.HK","SECURITY_CODE":"02521","SECURITY_NAME_ABBR":"升辉清洁","ORG_CODE":"10000190965","STD_REPORT_DATE":"2022-12-31 00:00:00","REPORT_DATE":"2022-12-31 00:00:00","DATE_TYPE_CODE":"001","REPORT_TYPE":"2022年年报","PER_NETCASH_OPERATE":null,"PER_OI":null,"BPS":0.100816638003,"BASIC_EPS":0.0275,"DILUTED_EPS":0.0275,"OPERATE_INCOME":594204000,"OPERATE_INCOME_YOY":5.4411302816,"GROSS_PROFIT":94409000,"GROSS_PROFIT_YOY":5.786318561264,"HOLDER_PROFIT":34389000,"HOLDER_PROFIT_YOY":-13.8573683024,"GROSS_PROFIT_RATIO":15.888314450929,"EPS_TTM":null,"OPERATE_INCOME_QOQ":2.700759448164,"NET_PROFIT_RATIO":5.7874063453,"ROE_AVG":21.51497614765,"GROSS_PROFIT_QOQ":0.434037935767,"ROA":11.574130947312,"HOLDER_PROFIT_QOQ":-12.943648422865,"ROE_YEARLY":21.51497614765,"ROIC_YEARLY":14.113345070856,"TOTAL_ASSETS":316174000,"TOTAL_LIABILITIES":139142000,"TAX_EBT":13.742851409652,"OCF_SALES":0.972561611837,"TOTAL_PARENT_EQUITY":177032000,"DEBT_ASSET_RATIO":44.0080462024,"OPERATE_PROFIT":40290000,"PRETAX_PROFIT":39868000,"NETCASH_OPERATE":5779000,"NETCASH_INVEST":1823000,"NETCASH_FINANCE":-5071000,"END_CASH":54722000,"DIVI_RATIO":null,"DIVIDEND_RATE":null,"CURRENT_RATIO":2.15223423668,"COMMON_ACS":10000000000,"CURRENTDEBT_DEBT":95.311264751118,"ISSUED_COMMON_SHARES":1755980000,"HK_COMMON_SHARES":1755980000,"PER_SHARES":7500,"TOTAL_MARKET_CAP":676052300,"HKSK_MARKET_CAP":676052300,"PE_TTM":26.723269516928,"PB_TTM":1.997001075058,"REPORT_DATE_SQ":"2021-12-31 00:00:00","REPORT_TYPE_SQ":"2021年年报","OPERATE_INCOME_SQ":563541000,"DPS_HKD":null,"OPERATE_INCOME_QOQ_SQ":21.018803257284,"NET_PROFIT_RATIO_SQ":7.0839566243,"HOLDER_PROFIT_SQ":39921000,"HOLDER_PROFIT_QOQ_SQ":27.494251405212,"ROE_AVG_SQ":28.105661121241,"PE_TTM_SQ":15.328975555077,"PB_TTM_SQ":2.726297831964,"ROA_SQ":14.955690381507,"START_DATE":"2022-01-01 00:00:00","FISCAL_YEAR":"12-31","CURRENCY":"HKD","IS_CNY_CODE":0,"DPS_HKD_LY":null,"ORG_TYPE":"一般企业","PREMIUM_INCOME":null,"PREMIUM_INCOME_YOY":null,"NET_INTEREST_INCOME":null,"NET_INTEREST_INCOME_YOY":null,"FEE_COMMISSION_INCOME":null,"FEE_COMMISSION_INCOME_YOY":null,"ACCOUNTS_RECE_TDAYS":2.595650065743,"INVENTORY_TDAYS":null,"CURRENT_ASSETS_TDAYS":2.228638296915,"TOTAL_ASSETS_TDAYS":1.999882202279,"PREMIUM_EXPENSE":null,"LOAN_DEPOSIT":null,"LOAN_EQUITY":null,"LOAN_ASSETS":null,"DEPOSIT_EQUITY":null,"DEPOSIT_ASSETS":null,"EQUITY_MULTIPLIER":1.785970897917,"EQUITY_RATIO":0.785970897917},{"SECUCODE":"02521.HK","SECURITY_CODE":"02521","SECURITY_NAME_ABBR":"升辉清洁","ORG_CODE":"10000190965","STD_REPORT_DATE":"2022-06-30 00:00:00","REPORT_DATE":"2022-06-30 00:00:00","DATE_TYPE_CODE":"002","REPORT_TYPE":"2022年中报","PER_NETCASH_OPERATE":null,"PER_OI":null,"BPS":0.089998177656,"BASIC_EPS":15400,"DILUTED_EPS":15400,"OPERATE_INCOME":289173000,"OPERATE_INCOME_YOY":5.4852336067,"GROSS_PROFIT":45740000,"GROSS_PROFIT_YOY":11.604528596526,"HOLDER_PROFIT":15392000,"HOLDER_PROFIT_YOY":-2.65005376,"GROSS_PROFIT_RATIO":15.81752099954,"EPS_TTM":null,"OPERATE_INCOME_QOQ":2.668306298921,"NET_PROFIT_RATIO":5.3227652651,"ROE_AVG":10.238195012605,"GROSS_PROFIT_QOQ":5.329150092442,"ROA":5.425678914864,"HOLDER_PROFIT_QOQ":-1.04957290649,"ROE_YEARLY":20.47639002521,"ROIC_YEARLY":12.486487911624,"TOTAL_ASSETS":289311000,"TOTAL_LIABILITIES":131276000,"TAX_EBT":16.542861790381,"OCF_SALES":-9.210057647152,"TOTAL_PARENT_EQUITY":158035000,"DEBT_ASSET_RATIO":45.3753918793,"OPERATE_PROFIT":18679000,"PRETAX_PROFIT":18443000,"NETCASH_OPERATE":-26633000,"NETCASH_INVEST":3079000,"NETCASH_FINANCE":-6529000,"END_CASH":22108000,"DIVI_RATIO":null,"DIVIDEND_RATE":null,"CURRENT_RATIO":2.073576850856,"COMMON_ACS":10000000000,"CURRENTDEBT_DEBT":94.928242786191,"ISSUED_COMMON_SHARES":1755980000,"HK_COMMON_SHARES":1755980000,"PER_SHARES":7500,"TOTAL_MARKET_CAP":676052300,"HKSK_MARKET_CAP":676052300,"PE_TTM":26.723269516928,"PB_TTM":1.997001075058,"REPORT_DATE_SQ":"2021-06-30 00:00:00","REPORT_TYPE_SQ":"2021年中报","OPERATE_INCOME_SQ":274136000,"DPS_HKD":null,"OPERATE_INCOME_QOQ_SQ":0,"NET_PROFIT_RATIO_SQ":5.7675752181,"HOLDER_PROFIT_SQ":15811000,"HOLDER_PROFIT_QOQ_SQ":0,"ROE_AVG_SQ":null,"PE_TTM_SQ":15.328975555077,"PB_TTM_SQ":2.726297831964,"ROA_SQ":null,"START_DATE":"2022-01-01 00:00:00","FISCAL_YEAR":"12-31","CURRENCY":"HKD","IS_CNY_CODE":0,"DPS_HKD_LY":null,"ORG_TYPE":"一般企业","PREMIUM_INCOME":null,"PREMIUM_INCOME_YOY":null,"NET_INTEREST_INCOME":null,"NET_INTEREST_INCOME_YOY":null,"FEE_COMMISSION_INCOME":null,"FEE_COMMISSION_INCOME_YOY":null,"ACCOUNTS_RECE_TDAYS":null,"INVENTORY_TDAYS":null,"CURRENT_ASSETS_TDAYS":1.142470526881,"TOTAL_ASSETS_TDAYS":1.019334621133,"PREMIUM_EXPENSE":null,"LOAN_DEPOSIT":null,"LOAN_EQUITY":null,"LOAN_ASSETS":null,"DEPOSIT_EQUITY":null,"DEPOSIT_ASSETS":null,"EQUITY_MULTIPLIER":1.830676748821,"EQUITY_RATIO":0.830676748821},{"SECUCODE":"02521.HK","SECURITY_CODE":"02521","SECURITY_NAME_ABBR":"升辉清洁","ORG_CODE":"10000190965","STD_REPORT_DATE":"2021-12-31 00:00:00","REPORT_DATE":"2021-12-31 00:00:00","DATE_TYPE_CODE":"001","REPORT_TYPE":"2021年年报","PER_NETCASH_OPERATE":null,"PER_OI":null,"BPS":0.081232701967,"BASIC_EPS":39900,"DILUTED_EPS":39900,"OPERATE_INCOME":563541000,"OPERATE_INCOME_YOY":21.0188032573,"GROSS_PROFIT":89245000,"GROSS_PROFIT_YOY":11.670712480292,"HOLDER_PROFIT":39921000,"HOLDER_PROFIT_YOY":27.4942514052,"GROSS_PROFIT_RATIO":15.836469751092,"EPS_TTM":null,"OPERATE_INCOME_QOQ":21.018803257284,"NET_PROFIT_RATIO":7.0839566243,"ROE_AVG":28.105661121241,"GROSS_PROFIT_QOQ":11.670712480292,"ROA":14.955690381507,"HOLDER_PROFIT_QOQ":27.494251405212,"ROE_YEARLY":28.105661121241,"ROIC_YEARLY":19.274845556443,"TOTAL_ASSETS":278065000,"TOTAL_LIABILITIES":135422000,"TAX_EBT":12.359772562622,"OCF_SALES":2.648609417948,"TOTAL_PARENT_EQUITY":142643000,"DEBT_ASSET_RATIO":48.7015625843,"OPERATE_PROFIT":45955000,"PRETAX_PROFIT":45551000,"NETCASH_OPERATE":14926000,"NETCASH_INVEST":-7423000,"NETCASH_FINANCE":-22749000,"END_CASH":52191000,"DIVI_RATIO":null,"DIVIDEND_RATE":null,"CURRENT_RATIO":1.926288952282,"COMMON_ACS":10000000000,"CURRENTDEBT_DEBT":95.000073843246,"ISSUED_COMMON_SHARES":1755980000,"HK_COMMON_SHARES":1755980000,"PER_SHARES":7500,"TOTAL_MARKET_CAP":676052300,"HKSK_MARKET_CAP":676052300,"PE_TTM":26.723269516928,"PB_TTM":1.997001075058,"REPORT_DATE_SQ":"2020-12-31 00:00:00","REPORT_TYPE_SQ":"2020年年报","OPERATE_INCOME_SQ":465664000,"DPS_HKD":null,"OPERATE_INCOME_QOQ_SQ":19.362156425984,"NET_PROFIT_RATIO_SQ":6.7241616273,"HOLDER_PROFIT_SQ":31312000,"HOLDER_PROFIT_QOQ_SQ":54.474592994573,"ROE_AVG_SQ":25.109058249936,"PE_TTM_SQ":15.328975555077,"PB_TTM_SQ":2.726297831964,"ROA_SQ":13.337507693815,"START_DATE":"2021-01-01 00:00:00","FISCAL_YEAR":"12-31","CURRENCY":"HKD","IS_CNY_CODE":0,"DPS_HKD_LY":null,"ORG_TYPE":"一般企业","PREMIUM_INCOME":null,"PREMIUM_INCOME_YOY":null,"NET_INTEREST_INCOME":null,"NET_INTEREST_INCOME_YOY":null,"FEE_COMMISSION_INCOME":null,"FEE_COMMISSION_INCOME_YOY":null,"ACCOUNTS_RECE_TDAYS":null,"INVENTORY_TDAYS":null,"CURRENT_ASSETS_TDAYS":2.388361241434,"TOTAL_ASSETS_TDAYS":2.111205809796,"PREMIUM_EXPENSE":null,"LOAN_DEPOSIT":null,"LOAN_EQUITY":null,"LOAN_ASSETS":null,"DEPOSIT_EQUITY":null,"DEPOSIT_ASSETS":null,"EQUITY_MULTIPLIER":1.949377116298,"EQUITY_RATIO":0.949377116297},{"SECUCODE":"02521.HK","SECURITY_CODE":"02521","SECURITY_NAME_ABBR":"升辉清洁","ORG_CODE":"10000190965","STD_REPORT_DATE":"2021-06-30 00:00:00","REPORT_DATE":"2021-06-30 00:00:00","DATE_TYPE_CODE":"002","REPORT_TYPE":"2021年中报","PER_NETCASH_OPERATE":null,"PER_OI":null,"BPS":null,"BASIC_EPS":15800,"DILUTED_EPS":15800,"OPERATE_INCOME":274136000,"OPERATE_INCOME_YOY":null,"GROSS_PROFIT":40984000,"GROSS_PROFIT_YOY":null,"HOLDER_PROFIT":15811000,"HOLDER_PROFIT_YOY":null,"GROSS_PROFIT_RATIO":14.950243674672,"EPS_TTM":0.02055649897,"OPERATE_INCOME_QOQ":0,"NET_PROFIT_RATIO":5.7675752181,"ROE_AVG":null,"GROSS_PROFIT_QOQ":0,"ROA":null,"HOLDER_PROFIT_QOQ":0,"ROE_YEARLY":null,"ROIC_YEARLY":null,"TOTAL_ASSETS":null,"TOTAL_LIABILITIES":null,"TAX_EBT":18.680244818187,"OCF_SALES":-5.975136428634,"TOTAL_PARENT_EQUITY":null,"DEBT_ASSET_RATIO":null,"OPERATE_PROFIT":19653000,"PRETAX_PROFIT":19443000,"NETCASH_OPERATE":-16380000,"NETCASH_INVEST":-292000,"NETCASH_FINANCE":-26745000,"END_CASH":24020000,"DIVI_RATIO":null,"DIVIDEND_RATE":null,"CURRENT_RATIO":null,"COMMON_ACS":10000000000,"CURRENTDEBT_DEBT":null,"ISSUED_COMMON_SHARES":1755980000,"HK_COMMON_SHARES":1755980000,"PER_SHARES":7500,"TOTAL_MARKET_CAP":676052300,"HKSK_MARKET_CAP":676052300,"PE_TTM":26.723269516928,"PB_TTM":1.997001075058,"REPORT_DATE_SQ":"2020-06-30 00:00:00","REPORT_TYPE_SQ":"2020年中报","OPERATE_INCOME_SQ":null,"DPS_HKD":null,"OPERATE_INCOME_QOQ_SQ":0,"NET_PROFIT_RATIO_SQ":null,"HOLDER_PROFIT_SQ":null,"HOLDER_PROFIT_QOQ_SQ":0,"ROE_AVG_SQ":null,"PE_TTM_SQ":15.328975555077,"PB_TTM_SQ":2.726297831964,"ROA_SQ":null,"START_DATE":"2021-01-01 00:00:00","FISCAL_YEAR":"12-31","CURRENCY":"HKD","IS_CNY_CODE":0,"DPS_HKD_LY":null,"ORG_TYPE":"一般企业","PREMIUM_INCOME":null,"PREMIUM_INCOME_YOY":null,"NET_INTEREST_INCOME":null,"NET_INTEREST_INCOME_YOY":null,"FEE_COMMISSION_INCOME":null,"FEE_COMMISSION_INCOME_YOY":null,"ACCOUNTS_RECE_TDAYS":null,"INVENTORY_TDAYS":null,"CURRENT_ASSETS_TDAYS":2.446692579221,"TOTAL_ASSETS_TDAYS":2.143429036092,"PREMIUM_EXPENSE":null,"LOAN_DEPOSIT":null,"LOAN_EQUITY":null,"LOAN_ASSETS":null,"DEPOSIT_EQUITY":null,"DEPOSIT_ASSETS":null,"EQUITY_MULTIPLIER":null,"EQUITY_RATIO":null},{"SECUCODE":"02521.HK","SECURITY_CODE":"02521","SECURITY_NAME_ABBR":"升辉清洁","ORG_CODE":"10000190965","STD_REPORT_DATE":"2020-12-31 00:00:00","REPORT_DATE":"2020-12-31 00:00:00","DATE_TYPE_CODE":"001","REPORT_TYPE":"2020年年报","PER_NETCASH_OPERATE":0.014460845772,"PER_OI":0.305710958627,"BPS":0.080544767025,"BASIC_EPS":31300,"DILUTED_EPS":31300,"OPERATE_INCOME":465664000,"OPERATE_INCOME_YOY":19.362156426,"GROSS_PROFIT":79918000,"GROSS_PROFIT_YOY":29.530941035366,"HOLDER_PROFIT":31312000,"HOLDER_PROFIT_YOY":54.4745929946,"GROSS_PROFIT_RATIO":17.162159840572,"EPS_TTM":0.02055649897,"OPERATE_INCOME_QOQ":19.362156425984,"NET_PROFIT_RATIO":6.7241616273,"ROE_AVG":25.109058249936,"GROSS_PROFIT_QOQ":29.530941035366,"ROA":13.337507693815,"HOLDER_PROFIT_QOQ":54.474592994573,"ROE_YEARLY":25.109058249936,"ROIC_YEARLY":18.097016003653,"TOTAL_ASSETS":255792000,"TOTAL_LIABILITIES":114357000,"TAX_EBT":18.674354578983,"OCF_SALES":4.730234675646,"TOTAL_PARENT_EQUITY":141435000,"DEBT_ASSET_RATIO":44.7070275849,"OPERATE_PROFIT":39438000,"PRETAX_PROFIT":38502000,"NETCASH_OPERATE":22027000,"NETCASH_INVEST":-5425000,"NETCASH_FINANCE":-5215000,"END_CASH":67437000,"DIVI_RATIO":null,"DIVIDEND_RATE":null,"CURRENT_RATIO":2.087267951453,"COMMON_ACS":10000000000,"CURRENTDEBT_DEBT":93.880566996336,"ISSUED_COMMON_SHARES":1755980000,"HK_COMMON_SHARES":1755980000,"PER_SHARES":7500,"TOTAL_MARKET_CAP":676052300,"HKSK_MARKET_CAP":676052300,"PE_TTM":26.723269516928,"PB_TTM":1.997001075058,"REPORT_DATE_SQ":"2019-12-31 00:00:00","REPORT_TYPE_SQ":"2019年年报","OPERATE_INCOME_SQ":390127000,"DPS_HKD":null,"OPERATE_INCOME_QOQ_SQ":14.310201354867,"NET_PROFIT_RATIO_SQ":5.19574395,"HOLDER_PROFIT_SQ":20270000,"HOLDER_PROFIT_QOQ_SQ":-29.390044240081,"ROE_AVG_SQ":20.693597950037,"PE_TTM_SQ":15.328975555077,"PB_TTM_SQ":2.726297831964,"ROA_SQ":10.541753561157,"START_DATE":"2020-01-01 00:00:00","FISCAL_YEAR":"12-31","CURRENCY":"HKD","IS_CNY_CODE":0,"DPS_HKD_LY":null,"ORG_TYPE":"一般企业","PREMIUM_INCOME":null,"PREMIUM_INCOME_YOY":null,"NET_INTEREST_INCOME":null,"NET_INTEREST_INCOME_YOY":null,"FEE_COMMISSION_INCOME":null,"FEE_COMMISSION_INCOME_YOY":null,"ACCOUNTS_RECE_TDAYS":null,"INVENTORY_TDAYS":null,"CURRENT_ASSETS_TDAYS":2.307643514114,"TOTAL_ASSETS_TDAYS":1.983519795201,"PREMIUM_EXPENSE":null,"LOAN_DEPOSIT":null,"LOAN_EQUITY":null,"LOAN_ASSETS":null,"DEPOSIT_EQUITY":null,"DEPOSIT_ASSETS":null,"EQUITY_MULTIPLIER":1.808548096298,"EQUITY_RATIO":0.808548096299},{"SECUCODE":"02521.HK","SECURITY_CODE":"02521","SECURITY_NAME_ABBR":"升辉清洁","ORG_CODE":"10000190965","STD_REPORT_DATE":"2019-12-31 00:00:00","REPORT_DATE":"2019-12-31 00:00:00","DATE_TYPE_CODE":"001","REPORT_TYPE":"2019年年报","PER_NETCASH_OPERATE":0.018693691186,"PER_OI":0.262363336381,"BPS":0.06148874133,"BASIC_EPS":20300,"DILUTED_EPS":20300,"OPERATE_INCOME":390127000,"OPERATE_INCOME_YOY":14.3102013549,"GROSS_PROFIT":61698000,"GROSS_PROFIT_YOY":-12.107355015172,"HOLDER_PROFIT":20270000,"HOLDER_PROFIT_YOY":-29.3900442401,"GROSS_PROFIT_RATIO":15.814850036014,"EPS_TTM":0.013631727177,"OPERATE_INCOME_QOQ":14.310201354867,"NET_PROFIT_RATIO":5.19574395,"ROE_AVG":20.693597950037,"GROSS_PROFIT_QOQ":-12.107355015172,"ROA":10.541753561157,"HOLDER_PROFIT_QOQ":-29.390044240081,"ROE_YEARLY":20.693597950037,"ROIC_YEARLY":13.793854351325,"TOTAL_ASSETS":213741000,"TOTAL_LIABILITIES":105768000,"TAX_EBT":19.757729306045,"OCF_SALES":7.125115667462,"TOTAL_PARENT_EQUITY":107973000,"DEBT_ASSET_RATIO":49.4841888079,"OPERATE_PROFIT":25669000,"PRETAX_PROFIT":25261000,"NETCASH_OPERATE":27797000,"NETCASH_INVEST":-9986000,"NETCASH_FINANCE":3622000,"END_CASH":56050000,"DIVI_RATIO":null,"DIVIDEND_RATE":null,"CURRENT_RATIO":1.822082588923,"COMMON_ACS":10000000000,"CURRENTDEBT_DEBT":93.13970198926,"ISSUED_COMMON_SHARES":1755980000,"HK_COMMON_SHARES":1755980000,"PER_SHARES":7500,"TOTAL_MARKET_CAP":676052300,"HKSK_MARKET_CAP":676052300,"PE_TTM":26.723269516928,"PB_TTM":1.997001075058,"REPORT_DATE_SQ":"2018-12-31 00:00:00","REPORT_TYPE_SQ":"2018年年报","OPERATE_INCOME_SQ":341288000,"DPS_HKD":null,"OPERATE_INCOME_QOQ_SQ":null,"NET_PROFIT_RATIO_SQ":8.4113710415,"HOLDER_PROFIT_SQ":28707000,"HOLDER_PROFIT_QOQ_SQ":null,"ROE_AVG_SQ":32.646446726485,"PE_TTM_SQ":15.328975555077,"PB_TTM_SQ":2.726297831964,"ROA_SQ":16.80491731304,"START_DATE":"2019-01-01 00:00:00","FISCAL_YEAR":"12-31","CURRENCY":"HKD","IS_CNY_CODE":0,"DPS_HKD_LY":null,"ORG_TYPE":"一般企业","PREMIUM_INCOME":null,"PREMIUM_INCOME_YOY":null,"NET_INTEREST_INCOME":null,"NET_INTEREST_INCOME_YOY":null,"FEE_COMMISSION_INCOME":null,"FEE_COMMISSION_INCOME_YOY":null,"ACCOUNTS_RECE_TDAYS":null,"INVENTORY_TDAYS":null,"CURRENT_ASSETS_TDAYS":2.384522761723,"TOTAL_ASSETS_TDAYS":2.028920913445,"PREMIUM_EXPENSE":null,"LOAN_DEPOSIT":null,"LOAN_EQUITY":null,"LOAN_ASSETS":null,"DEPOSIT_EQUITY":null,"DEPOSIT_ASSETS":null,"EQUITY_MULTIPLIER":1.979578227888,"EQUITY_RATIO":0.97957822789}],"count":10},"success":true,"message":"ok","code":0}