{"version":"8c2e48b32353303697620db20f68a72b","result":{"pages":2,"data":[{"SECUCODE":"02528.HK","SECURITY_CODE":"02528","SECURITY_NAME_ABBR":"尚晋国际控股","ORG_CODE":"10000044611","STD_REPORT_DATE":"2024-06-30 00:00:00","REPORT_DATE":"2024-06-30 00:00:00","DATE_TYPE_CODE":"002","REPORT_TYPE":"2024年中报","PER_NETCASH_OPERATE":0.0759167224,"PER_OI":1.0686592937,"BPS":0.4042008733,"BASIC_EPS":-0.1186484,"DILUTED_EPS":-0.1186484,"OPERATE_INCOME":427463717.48,"OPERATE_INCOME_YOY":-7.3332344067,"GROSS_PROFIT":184365923.4,"GROSS_PROFIT_YOY":-15.061833073031,"HOLDER_PROFIT":-46337676.28,"HOLDER_PROFIT_YOY":-710.9088005111,"GROSS_PROFIT_RATIO":43.130192308924,"EPS_TTM":-0.13959194735,"OPERATE_INCOME_QOQ":-4.218599611758,"NET_PROFIT_RATIO":-11.6785983461,"ROE_AVG":-25.012685916416,"GROSS_PROFIT_QOQ":-7.711823775419,"ROA":-5.853884074163,"HOLDER_PROFIT_QOQ":-265.624478526162,"ROE_YEARLY":-50.025371832832,"ROIC_YEARLY":-13.058090899446,"TOTAL_ASSETS":750625451.88,"TOTAL_LIABILITIES":601714408.44,"TAX_EBT":-1.703172065003,"OCF_SALES":7.103921974716,"TOTAL_PARENT_EQUITY":161680349.32,"DEBT_ASSET_RATIO":80.1617380456,"OPERATE_PROFIT":-41135400.28,"PRETAX_PROFIT":-49085755.76,"NETCASH_OPERATE":30366688.96,"NETCASH_INVEST":15993804.32,"NETCASH_FINANCE":-69984302.4,"END_CASH":43470948.4,"DIVI_RATIO":null,"DIVIDEND_RATE":null,"CURRENT_RATIO":1.197458611459,"COMMON_ACS":10000000000,"CURRENTDEBT_DEBT":60.853684988086,"ISSUED_COMMON_SHARES":400000000,"HK_COMMON_SHARES":400000000,"PER_SHARES":2000,"TOTAL_MARKET_CAP":94800000,"HKSK_MARKET_CAP":94800000,"PE_TTM":-1.544930087025,"PB_TTM":0.535142732954,"REPORT_DATE_SQ":"2023-06-30 00:00:00","REPORT_TYPE_SQ":"2023年中报","OPERATE_INCOME_SQ":465991741.5,"DPS_HKD":null,"OPERATE_INCOME_QOQ_SQ":4.899302616143,"NET_PROFIT_RATIO_SQ":-1.4649057724,"HOLDER_PROFIT_SQ":-5772516.78,"HOLDER_PROFIT_QOQ_SQ":47.355738615569,"ROE_AVG_SQ":-2.573831683494,"PE_TTM_SQ":-7.750507473704,"PB_TTM_SQ":0.53045037763,"ROA_SQ":-0.696161327966,"START_DATE":"2024-01-01 00:00:00","FISCAL_YEAR":"12-31","CURRENCY":"HKD","IS_CNY_CODE":0,"DPS_HKD_LY":null,"ORG_TYPE":"一般企业","PREMIUM_INCOME":null,"PREMIUM_INCOME_YOY":null,"NET_INTEREST_INCOME":null,"NET_INTEREST_INCOME_YOY":null,"FEE_COMMISSION_INCOME":null,"FEE_COMMISSION_INCOME_YOY":null,"ACCOUNTS_RECE_TDAYS":10.062974024021,"INVENTORY_TDAYS":0.89057254818,"CURRENT_ASSETS_TDAYS":0.91660974889,"TOTAL_ASSETS_TDAYS":0.54001910517,"PREMIUM_EXPENSE":null,"LOAN_DEPOSIT":null,"LOAN_EQUITY":null,"LOAN_ASSETS":null,"DEPOSIT_EQUITY":null,"DEPOSIT_ASSETS":null,"EQUITY_MULTIPLIER":5.040764167237,"EQUITY_RATIO":3.72162981445},{"SECUCODE":"02528.HK","SECURITY_CODE":"02528","SECURITY_NAME_ABBR":"尚晋国际控股","ORG_CODE":"10000044611","STD_REPORT_DATE":"2023-12-31 00:00:00","REPORT_DATE":"2023-12-31 00:00:00","DATE_TYPE_CODE":"001","REPORT_TYPE":"2023年年报","PER_NETCASH_OPERATE":0.4985252153,"PER_OI":2.28322355555,"BPS":0.51838729215,"BASIC_EPS":-0.0362488,"DILUTED_EPS":-0.0362488,"OPERATE_INCOME":913289422.22,"OPERATE_INCOME_YOY":4.9902073133,"GROSS_PROFIT":423934247.1,"GROSS_PROFIT_YOY":4.478869801967,"HOLDER_PROFIT":-15271619.44,"HOLDER_PROFIT_YOY":49.1444608746,"GROSS_PROFIT_RATIO":46.418390138529,"EPS_TTM":-0.0381790486,"OPERATE_INCOME_QOQ":1.537644976346,"NET_PROFIT_RATIO":-1.9640782258,"ROE_AVG":-7.054130362439,"GROSS_PROFIT_QOQ":2.423199117171,"ROA":-1.849195942128,"HOLDER_PROFIT_QOQ":1.997282143388,"ROE_YEARLY":-7.054130362439,"ROIC_YEARLY":-2.105639319928,"TOTAL_ASSETS":826624884.96,"TOTAL_LIABILITIES":628485319.28,"TAX_EBT":-8.495943871958,"OCF_SALES":21.834270853075,"TOTAL_PARENT_EQUITY":207354916.86,"DEBT_ASSET_RATIO":76.0302926654,"OPERATE_PROFIT":106027.74,"PRETAX_PROFIT":-16533077.68,"NETCASH_OPERATE":199410086.12,"NETCASH_INVEST":-37743156.78,"NETCASH_FINANCE":-158952800.44,"END_CASH":66424113.56,"DIVI_RATIO":null,"DIVIDEND_RATE":null,"CURRENT_RATIO":1.011109575894,"COMMON_ACS":10000000000,"CURRENTDEBT_DEBT":77.225013121392,"ISSUED_COMMON_SHARES":400000000,"HK_COMMON_SHARES":400000000,"PER_SHARES":2000,"TOTAL_MARKET_CAP":92000000,"HKSK_MARKET_CAP":92000000,"PE_TTM":-1.499299240572,"PB_TTM":0.519336829449,"REPORT_DATE_SQ":"2022-12-31 00:00:00","REPORT_TYPE_SQ":"2022年年报","OPERATE_INCOME_SQ":857449873,"DPS_HKD":null,"OPERATE_INCOME_QOQ_SQ":-5.518373891194,"NET_PROFIT_RATIO_SQ":-3.8030003125,"HOLDER_PROFIT_SQ":-29600287.99,"HOLDER_PROFIT_QOQ_SQ":-359.473049580989,"ROE_AVG_SQ":-11.974595947277,"PE_TTM_SQ":-7.504459617396,"PB_TTM_SQ":0.513610683102,"ROA_SQ":-3.248989868783,"START_DATE":"2023-01-01 00:00:00","FISCAL_YEAR":"12-31","CURRENCY":"HKD","IS_CNY_CODE":0,"DPS_HKD_LY":null,"ORG_TYPE":"一般企业","PREMIUM_INCOME":null,"PREMIUM_INCOME_YOY":null,"NET_INTEREST_INCOME":null,"NET_INTEREST_INCOME_YOY":null,"FEE_COMMISSION_INCOME":null,"FEE_COMMISSION_INCOME_YOY":null,"ACCOUNTS_RECE_TDAYS":22.842788821143,"INVENTORY_TDAYS":1.854595223008,"CURRENT_ASSETS_TDAYS":1.901348091815,"TOTAL_ASSETS_TDAYS":1.105875575405,"PREMIUM_EXPENSE":null,"LOAN_DEPOSIT":null,"LOAN_EQUITY":null,"LOAN_ASSETS":null,"DEPOSIT_EQUITY":null,"DEPOSIT_ASSETS":null,"EQUITY_MULTIPLIER":4.171932456416,"EQUITY_RATIO":3.030964149764},{"SECUCODE":"02528.HK","SECURITY_CODE":"02528","SECURITY_NAME_ABBR":"尚晋国际控股","ORG_CODE":"10000044611","STD_REPORT_DATE":"2023-06-30 00:00:00","REPORT_DATE":"2023-06-30 00:00:00","DATE_TYPE_CODE":"002","REPORT_TYPE":"2023年中报","PER_NETCASH_OPERATE":0.25642338255,"PER_OI":1.16497935375,"BPS":0.5475039933,"BASIC_EPS":-0.0184396,"DILUTED_EPS":-0.0184396,"OPERATE_INCOME":465991741.5,"OPERATE_INCOME_YOY":1.9462418512,"GROSS_PROFIT":217058985.46,"GROSS_PROFIT_YOY":3.898119609809,"HOLDER_PROFIT":-5772516.78,"HOLDER_PROFIT_YOY":72.9441251458,"GROSS_PROFIT_RATIO":46.580006924865,"EPS_TTM":-0.03895713245,"OPERATE_INCOME_QOQ":4.899302616143,"NET_PROFIT_RATIO":-1.4649057724,"ROE_AVG":-2.573831683494,"GROSS_PROFIT_QOQ":2.007036201285,"ROA":-0.696161327966,"HOLDER_PROFIT_QOQ":47.355738615569,"ROE_YEARLY":-5.147663366988,"ROIC_YEARLY":-1.59700749211,"TOTAL_ASSETS":818957032.82,"TOTAL_LIABILITIES":607467728.54,"TAX_EBT":-21.916680388605,"OCF_SALES":22.010980857694,"TOTAL_PARENT_EQUITY":219001597.32,"DEBT_ASSET_RATIO":74.1757753088,"OPERATE_PROFIT":3193738.72,"PRETAX_PROFIT":-5599184.54,"NETCASH_OPERATE":102569353.02,"NETCASH_INVEST":-13315235.16,"NETCASH_FINANCE":-84958613.04,"END_CASH":70147926.32,"DIVI_RATIO":null,"DIVIDEND_RATE":null,"CURRENT_RATIO":0.987107917033,"COMMON_ACS":10000000000,"CURRENTDEBT_DEBT":75.309809325925,"ISSUED_COMMON_SHARES":400000000,"HK_COMMON_SHARES":400000000,"PER_SHARES":2000,"TOTAL_MARKET_CAP":92000000,"HKSK_MARKET_CAP":92000000,"PE_TTM":-1.499299240572,"PB_TTM":0.519336829449,"REPORT_DATE_SQ":"2022-06-30 00:00:00","REPORT_TYPE_SQ":"2022年中报","OPERATE_INCOME_SQ":423982677.44,"DPS_HKD":null,"OPERATE_INCOME_QOQ_SQ":-9.632228728325,"NET_PROFIT_RATIO_SQ":-4.5758568386,"HOLDER_PROFIT_SQ":-19789951.79,"HOLDER_PROFIT_QOQ_SQ":-124.503012700287,"ROE_AVG_SQ":-8,"PE_TTM_SQ":-7.504459617396,"PB_TTM_SQ":0.513610683102,"ROA_SQ":-2.158348198151,"START_DATE":"2023-01-01 00:00:00","FISCAL_YEAR":"12-31","CURRENCY":"HKD","IS_CNY_CODE":0,"DPS_HKD_LY":null,"ORG_TYPE":"一般企业","PREMIUM_INCOME":null,"PREMIUM_INCOME_YOY":null,"NET_INTEREST_INCOME":null,"NET_INTEREST_INCOME_YOY":null,"FEE_COMMISSION_INCOME":null,"FEE_COMMISSION_INCOME_YOY":null,"ACCOUNTS_RECE_TDAYS":14.567451110375,"INVENTORY_TDAYS":1.019050728344,"CURRENT_ASSETS_TDAYS":1.002463391269,"TOTAL_ASSETS_TDAYS":0.56198265323,"PREMIUM_EXPENSE":null,"LOAN_DEPOSIT":null,"LOAN_EQUITY":null,"LOAN_ASSETS":null,"DEPOSIT_EQUITY":null,"DEPOSIT_ASSETS":null,"EQUITY_MULTIPLIER":3.872333097926,"EQUITY_RATIO":2.773805013177},{"SECUCODE":"02528.HK","SECURITY_CODE":"02528","SECURITY_NAME_ABBR":"尚晋国际控股","ORG_CODE":"10000044611","STD_REPORT_DATE":"2022-12-31 00:00:00","REPORT_DATE":"2022-12-31 00:00:00","DATE_TYPE_CODE":"001","REPORT_TYPE":"2022年年报","PER_NETCASH_OPERATE":0.5141126158,"PER_OI":2.1436246825,"BPS":0.55601144515,"BASIC_EPS":-0.0714616,"DILUTED_EPS":-0.0714616,"OPERATE_INCOME":857449873,"OPERATE_INCOME_YOY":-21.8517846109,"GROSS_PROFIT":405760751.34,"GROSS_PROFIT_YOY":-23.780145080889,"HOLDER_PROFIT":-29600287.99,"HOLDER_PROFIT_YOY":-203.0475479678,"GROSS_PROFIT_RATIO":47.32180435462,"EPS_TTM":-0.074000719975,"OPERATE_INCOME_QOQ":-5.518373891194,"NET_PROFIT_RATIO":-3.8030003125,"ROE_AVG":-11.974595947277,"GROSS_PROFIT_QOQ":-14.228013060364,"ROA":-3.248989868783,"HOLDER_PROFIT_QOQ":-359.473049580989,"ROE_YEARLY":-11.974595947277,"ROIC_YEARLY":-3.79524005864,"TOTAL_ASSETS":813288390.74,"TOTAL_LIABILITIES":597489544.33,"TAX_EBT":-5.971319089642,"OCF_SALES":23.983331597041,"TOTAL_PARENT_EQUITY":222404578.06,"DEBT_ASSET_RATIO":73.4658887466,"OPERATE_PROFIT":-14210139.16,"PRETAX_PROFIT":-30771364.96,"NETCASH_OPERATE":205645046.32,"NETCASH_INVEST":-36551715.13,"NETCASH_FINANCE":-212462482.96,"END_CASH":62422600.87,"DIVI_RATIO":null,"DIVIDEND_RATE":null,"CURRENT_RATIO":1.0004881211,"COMMON_ACS":10000000000,"CURRENTDEBT_DEBT":77.489949602245,"ISSUED_COMMON_SHARES":400000000,"HK_COMMON_SHARES":400000000,"PER_SHARES":2000,"TOTAL_MARKET_CAP":92000000,"HKSK_MARKET_CAP":92000000,"PE_TTM":-1.499299240572,"PB_TTM":0.519336829449,"REPORT_DATE_SQ":"2021-12-31 00:00:00","REPORT_TYPE_SQ":"2021年年报","OPERATE_INCOME_SQ":1004263803.2,"DPS_HKD":null,"OPERATE_INCOME_QOQ_SQ":8.048127589793,"NET_PROFIT_RATIO_SQ":2.5751705396,"HOLDER_PROFIT_SQ":26291563.2,"HOLDER_PROFIT_QOQ_SQ":388.258751037275,"ROE_AVG_SQ":11.234494793605,"PE_TTM_SQ":-7.504459617396,"PB_TTM_SQ":0.513610683102,"ROA_SQ":2.669034936827,"START_DATE":"2022-01-01 00:00:00","FISCAL_YEAR":"12-31","CURRENCY":"HKD","IS_CNY_CODE":0,"DPS_HKD_LY":null,"ORG_TYPE":"一般企业","PREMIUM_INCOME":null,"PREMIUM_INCOME_YOY":null,"NET_INTEREST_INCOME":null,"NET_INTEREST_INCOME_YOY":null,"FEE_COMMISSION_INCOME":null,"FEE_COMMISSION_INCOME_YOY":null,"ACCOUNTS_RECE_TDAYS":21.313113370931,"INVENTORY_TDAYS":1.892000703432,"CURRENT_ASSETS_TDAYS":1.645512767767,"TOTAL_ASSETS_TDAYS":0.941155015555,"PREMIUM_EXPENSE":null,"LOAN_DEPOSIT":null,"LOAN_EQUITY":null,"LOAN_ASSETS":null,"DEPOSIT_EQUITY":null,"DEPOSIT_ASSETS":null,"EQUITY_MULTIPLIER":3.768733727126,"EQUITY_RATIO":2.686498405482},{"SECUCODE":"02528.HK","SECURITY_CODE":"02528","SECURITY_NAME_ABBR":"尚晋国际控股","ORG_CODE":"10000044611","STD_REPORT_DATE":"2022-06-30 00:00:00","REPORT_DATE":"2022-06-30 00:00:00","DATE_TYPE_CODE":"002","REPORT_TYPE":"2022年中报","PER_NETCASH_OPERATE":-0.024969410025,"PER_OI":1.0599566936,"BPS":0.5859077728,"BASIC_EPS":-0.0513114,"DILUTED_EPS":-0.0513114,"OPERATE_INCOME":423982677.44,"OPERATE_INCOME_YOY":-20.7772451262,"GROSS_PROFIT":208915220.29,"GROSS_PROFIT_YOY":-22.105227773273,"HOLDER_PROFIT":-19789951.79,"HOLDER_PROFIT_YOY":-248.7593211623,"GROSS_PROFIT_RATIO":49.274470728716,"EPS_TTM":-0.016105562675,"OPERATE_INCOME_QOQ":-9.632228728325,"NET_PROFIT_RATIO":-4.5758568386,"ROE_AVG":-8,"GROSS_PROFIT_QOQ":-11.136657038443,"ROA":-2.158348198151,"HOLDER_PROFIT_QOQ":-124.503012700287,"ROE_YEARLY":-16,"ROIC_YEARLY":-5.227616843991,"TOTAL_ASSETS":867977656.07,"TOTAL_LIABILITIES":637072935.31,"TAX_EBT":-37.374349037181,"OCF_SALES":-2.355700961725,"TOTAL_PARENT_EQUITY":234363109.12,"DEBT_ASSET_RATIO":73.3973888446,"OPERATE_PROFIT":-5881141.63,"PRETAX_PROFIT":-14122607.66,"NETCASH_OPERATE":-9987764.01,"NETCASH_INVEST":48508087.18,"NETCASH_FINANCE":28758329.32,"END_CASH":168169692.74,"DIVI_RATIO":null,"DIVIDEND_RATE":null,"CURRENT_RATIO":1.078662779357,"COMMON_ACS":10000000000,"CURRENTDEBT_DEBT":77.766531668611,"ISSUED_COMMON_SHARES":400000000,"HK_COMMON_SHARES":400000000,"PER_SHARES":2000,"TOTAL_MARKET_CAP":92000000,"HKSK_MARKET_CAP":92000000,"PE_TTM":-1.499299240572,"PB_TTM":0.519336829449,"REPORT_DATE_SQ":"2021-06-30 00:00:00","REPORT_TYPE_SQ":"2021年中报","OPERATE_INCOME_SQ":520715664,"DPS_HKD":null,"OPERATE_INCOME_QOQ_SQ":24.860343990728,"NET_PROFIT_RATIO_SQ":2.5241291147,"HOLDER_PROFIT_SQ":12943836.48,"HOLDER_PROFIT_QOQ_SQ":91.736593560238,"ROE_AVG_SQ":5.623162106915,"PE_TTM_SQ":-7.504459617396,"PB_TTM_SQ":0.513610683102,"ROA_SQ":1.293175829017,"START_DATE":"2022-01-01 00:00:00","FISCAL_YEAR":"12-31","CURRENCY":"HKD","IS_CNY_CODE":0,"DPS_HKD_LY":null,"ORG_TYPE":"一般企业","PREMIUM_INCOME":null,"PREMIUM_INCOME_YOY":null,"NET_INTEREST_INCOME":null,"NET_INTEREST_INCOME_YOY":null,"FEE_COMMISSION_INCOME":null,"FEE_COMMISSION_INCOME_YOY":null,"ACCOUNTS_RECE_TDAYS":10.353039447032,"INVENTORY_TDAYS":0.958034445583,"CURRENT_ASSETS_TDAYS":0.778901707995,"TOTAL_ASSETS_TDAYS":0.462407517517,"PREMIUM_EXPENSE":null,"LOAN_DEPOSIT":null,"LOAN_EQUITY":null,"LOAN_ASSETS":null,"DEPOSIT_EQUITY":null,"DEPOSIT_ASSETS":null,"EQUITY_MULTIPLIER":3.759029495858,"EQUITY_RATIO":2.7183157695},{"SECUCODE":"02528.HK","SECURITY_CODE":"02528","SECURITY_NAME_ABBR":"尚晋国际控股","ORG_CODE":"10000044611","STD_REPORT_DATE":"2021-12-31 00:00:00","REPORT_DATE":"2021-12-31 00:00:00","DATE_TYPE_CODE":"001","REPORT_TYPE":"2021年年报","PER_NETCASH_OPERATE":0.43739556,"PER_OI":2.510659508,"BPS":0.622350988,"BASIC_EPS":0.065408,"DILUTED_EPS":0.065408,"OPERATE_INCOME":1004263803.2,"OPERATE_INCOME_YOY":38.8760185559,"GROSS_PROFIT":532355712,"GROSS_PROFIT_YOY":59.612470876255,"HOLDER_PROFIT":26291563.2,"HOLDER_PROFIT_YOY":124.5203745501,"GROSS_PROFIT_RATIO":53.009548915703,"EPS_TTM":0.065728908,"OPERATE_INCOME_QOQ":8.048127589793,"NET_PROFIT_RATIO":2.5751705396,"ROE_AVG":11.234494793605,"GROSS_PROFIT_QOQ":14.041070729165,"ROA":2.669034936827,"HOLDER_PROFIT_QOQ":388.258751037275,"ROE_YEARLY":11.234494793605,"ROIC_YEARLY":3.327158133907,"TOTAL_ASSETS":923374547.2,"TOTAL_LIABILITIES":678392153.6,"TAX_EBT":32.867118025341,"OCF_SALES":17.421540380377,"TOTAL_PARENT_EQUITY":248940395.2,"DEBT_ASSET_RATIO":73.4687950472,"OPERATE_PROFIT":55232150.4,"PRETAX_PROFIT":38522859.2,"NETCASH_OPERATE":174958224,"NETCASH_INVEST":-24894284.8,"NETCASH_FINANCE":-225346094.4,"END_CASH":94752481.6,"DIVI_RATIO":null,"DIVIDEND_RATE":null,"CURRENT_RATIO":1.009336173897,"COMMON_ACS":10000000000,"CURRENTDEBT_DEBT":77.38919367124,"ISSUED_COMMON_SHARES":400000000,"HK_COMMON_SHARES":400000000,"PER_SHARES":2000,"TOTAL_MARKET_CAP":92000000,"HKSK_MARKET_CAP":92000000,"PE_TTM":-1.499299240572,"PB_TTM":0.519336829449,"REPORT_DATE_SQ":"2020-12-31 00:00:00","REPORT_TYPE_SQ":"2020年年报","OPERATE_INCOME_SQ":744399439.32,"DPS_HKD":null,"OPERATE_INCOME_QOQ_SQ":-26.728241249586,"NET_PROFIT_RATIO_SQ":-15.417264487,"HOLDER_PROFIT_SQ":-110376036.16,"HOLDER_PROFIT_QOQ_SQ":-36.644457827037,"ROE_AVG_SQ":-51.765393162629,"PE_TTM_SQ":-7.504459617396,"PB_TTM_SQ":0.513610683102,"ROA_SQ":-10.132313282436,"START_DATE":"2021-01-01 00:00:00","FISCAL_YEAR":"12-31","CURRENCY":"HKD","IS_CNY_CODE":0,"DPS_HKD_LY":null,"ORG_TYPE":"一般企业","PREMIUM_INCOME":null,"PREMIUM_INCOME_YOY":null,"NET_INTEREST_INCOME":null,"NET_INTEREST_INCOME_YOY":null,"FEE_COMMISSION_INCOME":null,"FEE_COMMISSION_INCOME_YOY":null,"ACCOUNTS_RECE_TDAYS":23.195516906023,"INVENTORY_TDAYS":2.068466641103,"CURRENT_ASSETS_TDAYS":1.759202713193,"TOTAL_ASSETS_TDAYS":1.019496313757,"PREMIUM_EXPENSE":null,"LOAN_DEPOSIT":null,"LOAN_EQUITY":null,"LOAN_ASSETS":null,"DEPOSIT_EQUITY":null,"DEPOSIT_ASSETS":null,"EQUITY_MULTIPLIER":3.769146564504,"EQUITY_RATIO":2.725118810288},{"SECUCODE":"02528.HK","SECURITY_CODE":"02528","SECURITY_NAME_ABBR":"尚晋国际控股","ORG_CODE":"10000044611","STD_REPORT_DATE":"2021-06-30 00:00:00","REPORT_DATE":"2021-06-30 00:00:00","DATE_TYPE_CODE":"002","REPORT_TYPE":"2021年中报","PER_NETCASH_OPERATE":0.3665582826,"PER_OI":1.30178916,"BPS":0.5934623382,"BASIC_EPS":0.0332832,"DILUTED_EPS":0.0332832,"OPERATE_INCOME":520715664,"OPERATE_INCOME_YOY":70.302860424,"GROSS_PROFIT":268201850.16,"GROSS_PROFIT_YOY":98.783652555027,"HOLDER_PROFIT":12943836.48,"HOLDER_PROFIT_YOY":116.0901944559,"GROSS_PROFIT_RATIO":51.506391818472,"EPS_TTM":-0.0228020512,"OPERATE_INCOME_QOQ":24.860343990728,"NET_PROFIT_RATIO":2.5241291147,"ROE_AVG":5.623162106915,"GROSS_PROFIT_QOQ":39.960515852501,"ROA":1.293175829017,"HOLDER_PROFIT_QOQ":91.736593560238,"ROE_YEARLY":11.246324213829,"ROIC_YEARLY":3.327392325244,"TOTAL_ASSETS":936586751.76,"TOTAL_LIABILITIES":702956993.52,"TAX_EBT":38.980955692046,"OCF_SALES":28.158037711729,"TOTAL_PARENT_EQUITY":237384935.28,"DEBT_ASSET_RATIO":75.0551929332,"OPERATE_PROFIT":30011461.44,"PRETAX_PROFIT":21540054.96,"NETCASH_OPERATE":146623313.04,"NETCASH_INVEST":-4866003.84,"NETCASH_FINANCE":-200814187.2,"END_CASH":116271530.88,"DIVI_RATIO":null,"DIVIDEND_RATE":null,"CURRENT_RATIO":1.164171443237,"COMMON_ACS":10000000000,"CURRENTDEBT_DEBT":69.180499018133,"ISSUED_COMMON_SHARES":400000000,"HK_COMMON_SHARES":400000000,"PER_SHARES":2000,"TOTAL_MARKET_CAP":92000000,"HKSK_MARKET_CAP":92000000,"PE_TTM":-1.499299240572,"PB_TTM":0.519336829449,"REPORT_DATE_SQ":"2020-06-30 00:00:00","REPORT_TYPE_SQ":"2020年中报","OPERATE_INCOME_SQ":335655402.72,"DPS_HKD":null,"OPERATE_INCOME_QOQ_SQ":-25.080532571602,"NET_PROFIT_RATIO_SQ":-27.1646397052,"HOLDER_PROFIT_SQ":-88311379.2,"HOLDER_PROFIT_QOQ_SQ":-342.598912043343,"ROE_AVG_SQ":-36.42707238317,"PE_TTM_SQ":-7.504459617396,"PB_TTM_SQ":0.513610683102,"ROA_SQ":-7.622171151959,"START_DATE":"2021-01-01 00:00:00","FISCAL_YEAR":"12-31","CURRENCY":"HKD","IS_CNY_CODE":0,"DPS_HKD_LY":null,"ORG_TYPE":"一般企业","PREMIUM_INCOME":null,"PREMIUM_INCOME_YOY":null,"NET_INTEREST_INCOME":null,"NET_INTEREST_INCOME_YOY":null,"FEE_COMMISSION_INCOME":null,"FEE_COMMISSION_INCOME_YOY":null,"ACCOUNTS_RECE_TDAYS":13.081650570676,"INVENTORY_TDAYS":1.051966937221,"CURRENT_ASSETS_TDAYS":0.876031958788,"TOTAL_ASSETS_TDAYS":0.520229772306,"PREMIUM_EXPENSE":null,"LOAN_DEPOSIT":null,"LOAN_EQUITY":null,"LOAN_ASSETS":null,"DEPOSIT_EQUITY":null,"DEPOSIT_ASSETS":null,"EQUITY_MULTIPLIER":4.008850408512,"EQUITY_RATIO":2.961253597204},{"SECUCODE":"02528.HK","SECURITY_CODE":"02528","SECURITY_NAME_ABBR":"尚晋国际控股","ORG_CODE":"10000044611","STD_REPORT_DATE":"2020-12-31 00:00:00","REPORT_DATE":"2020-12-31 00:00:00","DATE_TYPE_CODE":"001","REPORT_TYPE":"2020年年报","PER_NETCASH_OPERATE":0.804670963,"PER_OI":1.8609985983,"BPS":0.5638819672,"BASIC_EPS":-0.2777412,"DILUTED_EPS":-0.2777412,"OPERATE_INCOME":744399439.32,"OPERATE_INCOME_YOY":-41.5739815315,"GROSS_PROFIT":333530149.04,"GROSS_PROFIT_YOY":-52.741402873298,"HOLDER_PROFIT":-110376036.16,"HOLDER_PROFIT_YOY":-452.8221684154,"GROSS_PROFIT_RATIO":44.805266020173,"EPS_TTM":-0.2759400904,"OPERATE_INCOME_QOQ":-26.728241249586,"NET_PROFIT_RATIO":-15.417264487,"ROE_AVG":-51.765393162629,"GROSS_PROFIT_QOQ":-29.344871500993,"ROA":-10.132313282436,"HOLDER_PROFIT_QOQ":-36.644457827037,"ROE_YEARLY":-51.765393162629,"ROIC_YEARLY":-11.809061742202,"TOTAL_ASSETS":1077520551.32,"TOTAL_LIABILITIES":855403338.92,"TAX_EBT":-1.856209150327,"OCF_SALES":43.23866572146,"TOTAL_PARENT_EQUITY":225552786.88,"DEBT_ASSET_RATIO":79.386266728,"OPERATE_PROFIT":-91822082.36,"PRETAX_PROFIT":-112674555,"NETCASH_OPERATE":321868385.2,"NETCASH_INVEST":-105780681.76,"NETCASH_FINANCE":-97626873.44,"END_CASH":176440567.96,"DIVI_RATIO":null,"DIVIDEND_RATE":null,"CURRENT_RATIO":1.076531001256,"COMMON_ACS":10000000000,"CURRENTDEBT_DEBT":68.393264938461,"ISSUED_COMMON_SHARES":400000000,"HK_COMMON_SHARES":400000000,"PER_SHARES":2000,"TOTAL_MARKET_CAP":92000000,"HKSK_MARKET_CAP":92000000,"PE_TTM":-1.499299240572,"PB_TTM":0.519336829449,"REPORT_DATE_SQ":"2019-12-31 00:00:00","REPORT_TYPE_SQ":"2019年年报","OPERATE_INCOME_SQ":1356046992.26,"DPS_HKD":null,"OPERATE_INCOME_QOQ_SQ":9.441291524063,"NET_PROFIT_RATIO_SQ":2.4950836198,"HOLDER_PROFIT_SQ":33296142.6,"HOLDER_PROFIT_QOQ_SQ":-62.085529020612,"ROE_AVG_SQ":16.757283129108,"PE_TTM_SQ":-7.504459617396,"PB_TTM_SQ":0.513610683102,"ROA_SQ":2.936935299718,"START_DATE":"2020-01-01 00:00:00","FISCAL_YEAR":"12-31","CURRENCY":"HKD","IS_CNY_CODE":0,"DPS_HKD_LY":0.05,"ORG_TYPE":"一般企业","PREMIUM_INCOME":null,"PREMIUM_INCOME_YOY":null,"NET_INTEREST_INCOME":null,"NET_INTEREST_INCOME_YOY":null,"FEE_COMMISSION_INCOME":null,"FEE_COMMISSION_INCOME_YOY":null,"ACCOUNTS_RECE_TDAYS":13.971234954033,"INVENTORY_TDAYS":1.432643927777,"CURRENT_ASSETS_TDAYS":1.251424448013,"TOTAL_ASSETS_TDAYS":0.683344735766,"PREMIUM_EXPENSE":null,"LOAN_DEPOSIT":null,"LOAN_EQUITY":null,"LOAN_ASSETS":null,"DEPOSIT_EQUITY":null,"DEPOSIT_ASSETS":null,"EQUITY_MULTIPLIER":4.851134856578,"EQUITY_RATIO":3.792475148512},{"SECUCODE":"02528.HK","SECURITY_CODE":"02528","SECURITY_NAME_ABBR":"尚晋国际控股","ORG_CODE":"10000044611","STD_REPORT_DATE":"2020-06-30 00:00:00","REPORT_DATE":"2020-06-30 00:00:00","DATE_TYPE_CODE":"002","REPORT_TYPE":"2020年中报","PER_NETCASH_OPERATE":0.2176887372,"PER_OI":0.8391385068,"BPS":0.667085232,"BASIC_EPS":-0.22836,"DILUTED_EPS":-0.22836,"OPERATE_INCOME":335655402.72,"OPERATE_INCOME_YOY":-52.1660233922,"GROSS_PROFIT":134921482.08,"GROSS_PROFIT_YOY":-63.398545737305,"HOLDER_PROFIT":-88311379.2,"HOLDER_PROFIT_YOY":-430.1348813386,"GROSS_PROFIT_RATIO":40.196427939684,"EPS_TTM":-0.20194019925,"OPERATE_INCOME_QOQ":-25.080532571602,"NET_PROFIT_RATIO":-27.1646397052,"ROE_AVG":-36.42707238317,"GROSS_PROFIT_QOQ":-33.113705783769,"ROA":-7.622171151959,"HOLDER_PROFIT_QOQ":-342.598912043343,"ROE_YEARLY":-72.85414476634,"ROIC_YEARLY":-17.387261780531,"TOTAL_ASSETS":1122109887.36,"TOTAL_LIABILITIES":858673791.36,"TAX_EBT":4.506797026719,"OCF_SALES":25.941931568621,"TOTAL_PARENT_EQUITY":266834092.8,"DEBT_ASSET_RATIO":76.5231463542,"OPERATE_PROFIT":-85751006.88,"PRETAX_PROFIT":-95482796.64,"NETCASH_OPERATE":87075494.88,"NETCASH_INVEST":-10177548.48,"NETCASH_FINANCE":79140441.6,"END_CASH":223246562.88,"DIVI_RATIO":null,"DIVIDEND_RATE":null,"CURRENT_RATIO":1.170946133075,"COMMON_ACS":10000000000,"CURRENTDEBT_DEBT":61.456697771594,"ISSUED_COMMON_SHARES":400000000,"HK_COMMON_SHARES":400000000,"PER_SHARES":2000,"TOTAL_MARKET_CAP":92000000,"HKSK_MARKET_CAP":92000000,"PE_TTM":-1.499299240572,"PB_TTM":0.519336829449,"REPORT_DATE_SQ":"2019-06-30 00:00:00","REPORT_TYPE_SQ":"2019年中报","OPERATE_INCOME_SQ":675759210.3,"DPS_HKD":null,"OPERATE_INCOME_QOQ_SQ":0,"NET_PROFIT_RATIO_SQ":4.0758651662,"HOLDER_PROFIT_SQ":25760843.1,"HOLDER_PROFIT_QOQ_SQ":0,"ROE_AVG_SQ":null,"PE_TTM_SQ":-7.504459617396,"PB_TTM_SQ":0.513610683102,"ROA_SQ":null,"START_DATE":"2020-01-01 00:00:00","FISCAL_YEAR":"12-31","CURRENCY":"HKD","IS_CNY_CODE":0,"DPS_HKD_LY":0.05,"ORG_TYPE":"一般企业","PREMIUM_INCOME":null,"PREMIUM_INCOME_YOY":null,"NET_INTEREST_INCOME":null,"NET_INTEREST_INCOME_YOY":null,"FEE_COMMISSION_INCOME":null,"FEE_COMMISSION_INCOME_YOY":null,"ACCOUNTS_RECE_TDAYS":6.833024963972,"INVENTORY_TDAYS":0.627558713333,"CURRENT_ASSETS_TDAYS":0.547759772347,"TOTAL_ASSETS_TDAYS":0.28970478672,"PREMIUM_EXPENSE":null,"LOAN_DEPOSIT":null,"LOAN_EQUITY":null,"LOAN_ASSETS":null,"DEPOSIT_EQUITY":null,"DEPOSIT_ASSETS":null,"EQUITY_MULTIPLIER":4.259514563098,"EQUITY_RATIO":3.218006298781}],"count":16},"success":true,"message":"ok","code":0}