{"version":"da4c7fb4f7a1b0c6c588500b7289e44d","result":{"pages":1,"data":[{"SECUCODE":"02533.HK","SECURITY_CODE":"02533","SECURITY_NAME_ABBR":"黑芝麻智能","ORG_CODE":"10000070938","STD_REPORT_DATE":"2024-06-30 00:00:00","REPORT_DATE":"2024-06-30 00:00:00","DATE_TYPE_CODE":"002","REPORT_TYPE":"2024年中报","PER_NETCASH_OPERATE":-5.044231763544,"PER_OI":1.625081804051,"BPS":-17.231615988224,"BASIC_EPS":15.1,"DILUTED_EPS":-1.7,"OPERATE_INCOME":180139000,"OPERATE_INCOME_YOY":69.1652502183,"GROSS_PROFIT":90075000,"GROSS_PROFIT_YOY":365.31149912181,"HOLDER_PROFIT":1104767000,"HOLDER_PROFIT_YOY":129.6252169399,"GROSS_PROFIT_RATIO":50.003053197808,"EPS_TTM":-0.191313984304,"OPERATE_INCOME_QOQ":24.286238602998,"NET_PROFIT_RATIO":613.2858514814,"ROE_AVG":-10.571264343949,"GROSS_PROFIT_QOQ":67.232175171915,"ROA":61.94680142704,"HOLDER_PROFIT_QOQ":99.166769149045,"ROE_YEARLY":-21.142528687898,"ROIC_YEARLY":327.713177144823,"TOTAL_ASSETS":1646485000,"TOTAL_LIABILITIES":11454191000,"TAX_EBT":null,"OCF_SALES":-310.398636608397,"TOTAL_PARENT_EQUITY":-9807706000,"DEBT_ASSET_RATIO":695.6753933379,"OPERATE_PROFIT":-840100000,"PRETAX_PROFIT":1104767000,"NETCASH_OPERATE":-559149000,"NETCASH_INVEST":-30250000,"NETCASH_FINANCE":205175000,"END_CASH":919957000,"DIVI_RATIO":null,"DIVIDEND_RATE":null,"CURRENT_RATIO":0.123312523411,"COMMON_ACS":1000000000,"CURRENTDEBT_DEBT":98.545274825608,"ISSUED_COMMON_SHARES":569169253,"HK_COMMON_SHARES":569169253,"PER_SHARES":100,"TOTAL_MARKET_CAP":15452945218.95,"HKSK_MARKET_CAP":15452945218.95,"PE_TTM":-150.949403490249,"PB_TTM":-1.438011502632,"REPORT_DATE_SQ":"2023-06-30 00:00:00","REPORT_TYPE_SQ":"2023年中报","OPERATE_INCOME_SQ":106487000,"DPS_HKD":null,"OPERATE_INCOME_QOQ_SQ":0,"NET_PROFIT_RATIO_SQ":-3501.9711326265,"HOLDER_PROFIT_SQ":-3729144000,"HOLDER_PROFIT_QOQ_SQ":0,"ROE_AVG_SQ":null,"PE_TTM_SQ":null,"PB_TTM_SQ":null,"ROA_SQ":null,"START_DATE":"2024-01-01 00:00:00","FISCAL_YEAR":"12-31","CURRENCY":"HKD","IS_CNY_CODE":0,"DPS_HKD_LY":null,"ORG_TYPE":"一般企业","PREMIUM_INCOME":null,"PREMIUM_INCOME_YOY":null,"NET_INTEREST_INCOME":null,"NET_INTEREST_INCOME_YOY":null,"FEE_COMMISSION_INCOME":null,"FEE_COMMISSION_INCOME_YOY":null,"ACCOUNTS_RECE_TDAYS":0.883047299715,"INVENTORY_TDAYS":1.08809742425,"CURRENT_ASSETS_TDAYS":0.118803098632,"TOTAL_ASSETS_TDAYS":0.101008039363,"PREMIUM_EXPENSE":null,"LOAN_DEPOSIT":null,"LOAN_EQUITY":null,"LOAN_ASSETS":null,"DEPOSIT_EQUITY":null,"DEPOSIT_ASSETS":null,"EQUITY_MULTIPLIER":-0.167876667592,"EQUITY_RATIO":-1.167876667592},{"SECUCODE":"02533.HK","SECURITY_CODE":"02533","SECURITY_NAME_ABBR":"黑芝麻智能","ORG_CODE":"10000070938","STD_REPORT_DATE":"2024-03-31 00:00:00","REPORT_DATE":"2024-03-31 00:00:00","DATE_TYPE_CODE":"003","REPORT_TYPE":"2024年一季报","PER_NETCASH_OPERATE":-4.348355836957,"PER_OI":0.423741163043,"BPS":-17.214729974179,"BASIC_EPS":16.9,"DILUTED_EPS":-0.9,"OPERATE_INCOME":27473000,"OPERATE_INCOME_YOY":-6.0944763467,"GROSS_PROFIT":16736000,"GROSS_PROFIT_YOY":206.351821343584,"HOLDER_PROFIT":1203302000,"HOLDER_PROFIT_YOY":208.7324686919,"GROSS_PROFIT_RATIO":60.917992210534,"EPS_TTM":-39.256218554348,"OPERATE_INCOME_QOQ":-0.570759080767,"NET_PROFIT_RATIO":4379.9439449641,"ROE_AVG":-11.519420309806,"GROSS_PROFIT_QOQ":14.613121086813,"ROA":66.431738782865,"HOLDER_PROFIT_QOQ":47.577937343644,"ROE_YEARLY":-46.077681239225,"ROIC_YEARLY":757.538742898873,"TOTAL_ASSETS":1702332000,"TOTAL_LIABILITIES":11500427000,"TAX_EBT":null,"OCF_SALES":-1026.1820696684,"TOTAL_PARENT_EQUITY":-9798095000,"DEBT_ASSET_RATIO":675.5689841934,"OPERATE_PROFIT":-439299000,"PRETAX_PROFIT":1203302000,"NETCASH_OPERATE":-281923000,"NETCASH_INVEST":-25599000,"NETCASH_FINANCE":60746000,"END_CASH":1053511000,"DIVI_RATIO":null,"DIVIDEND_RATE":null,"CURRENT_RATIO":0.123270281428,"COMMON_ACS":1000000000,"CURRENTDEBT_DEBT":99.580232977436,"ISSUED_COMMON_SHARES":569169253,"HK_COMMON_SHARES":569169253,"PER_SHARES":100,"TOTAL_MARKET_CAP":16164406785.2,"HKSK_MARKET_CAP":16164406785.2,"PE_TTM":-157.89919186457,"PB_TTM":-1.504218293729,"REPORT_DATE_SQ":"2023-03-31 00:00:00","REPORT_TYPE_SQ":"2023年一季报","OPERATE_INCOME_SQ":29256000,"DPS_HKD":null,"OPERATE_INCOME_QOQ_SQ":0,"NET_PROFIT_RATIO_SQ":-3782.6873120044,"HOLDER_PROFIT_SQ":-1106663000,"HOLDER_PROFIT_QOQ_SQ":0,"ROE_AVG_SQ":null,"PE_TTM_SQ":null,"PB_TTM_SQ":null,"ROA_SQ":null,"START_DATE":"2024-01-01 00:00:00","FISCAL_YEAR":"12-31","CURRENCY":"HKD","IS_CNY_CODE":0,"DPS_HKD_LY":null,"ORG_TYPE":"一般企业","PREMIUM_INCOME":null,"PREMIUM_INCOME_YOY":null,"NET_INTEREST_INCOME":null,"NET_INTEREST_INCOME_YOY":null,"FEE_COMMISSION_INCOME":null,"FEE_COMMISSION_INCOME_YOY":null,"ACCOUNTS_RECE_TDAYS":0.186369448788,"INVENTORY_TDAYS":0.140136782479,"CURRENT_ASSETS_TDAYS":0.018001058847,"TOTAL_ASSETS_TDAYS":0.015167257759,"PREMIUM_EXPENSE":null,"LOAN_DEPOSIT":null,"LOAN_EQUITY":null,"LOAN_ASSETS":null,"DEPOSIT_EQUITY":null,"DEPOSIT_ASSETS":null,"EQUITY_MULTIPLIER":-0.173741120085,"EQUITY_RATIO":-1.173741120085},{"SECUCODE":"02533.HK","SECURITY_CODE":"02533","SECURITY_NAME_ABBR":"黑芝麻智能","ORG_CODE":"10000070938","STD_REPORT_DATE":"2023-12-31 00:00:00","REPORT_DATE":"2023-12-31 00:00:00","DATE_TYPE_CODE":"001","REPORT_TYPE":"2023年年报","PER_NETCASH_OPERATE":-16.287515494565,"PER_OI":4.80993855587,"BPS":-19.490891227042,"BASIC_EPS":-68.4,"DILUTED_EPS":-68.4,"OPERATE_INCOME":312391000,"OPERATE_INCOME_YOY":88.8220645302,"GROSS_PROFIT":77143000,"GROSS_PROFIT_YOY":58.629269396064,"HOLDER_PROFIT":-4855118000,"HOLDER_PROFIT_YOY":-76.2974157715,"GROSS_PROFIT_RATIO":24.694373397441,"EPS_TTM":-74.755096214348,"OPERATE_INCOME_QOQ":88.822064530168,"NET_PROFIT_RATIO":-1554.1798579344,"ROE_AVG":55.172441222892,"GROSS_PROFIT_QOQ":58.629269396064,"ROA":-238.391839390164,"HOLDER_PROFIT_QOQ":-76.297415771463,"ROE_YEARLY":55.172441222892,"ROIC_YEARLY":-541.689315535562,"TOTAL_ASSETS":1920340000,"TOTAL_LIABILITIES":13013956000,"TAX_EBT":null,"OCF_SALES":-338.622111392454,"TOTAL_PARENT_EQUITY":-11093616000,"DEBT_ASSET_RATIO":677.6902006936,"OPERATE_PROFIT":-1696897000,"PRETAX_PROFIT":-4855118000,"NETCASH_OPERATE":-1057825000,"NETCASH_INVEST":546698000,"NETCASH_FINANCE":809135000,"END_CASH":1298412000,"DIVI_RATIO":null,"DIVIDEND_RATE":null,"CURRENT_RATIO":4.917901388144,"COMMON_ACS":1000000000,"CURRENTDEBT_DEBT":99.301887911716,"ISSUED_COMMON_SHARES":569169253,"HK_COMMON_SHARES":569169253,"PER_SHARES":100,"TOTAL_MARKET_CAP":13347018982.85,"HKSK_MARKET_CAP":13347018982.85,"PE_TTM":-130.378029902259,"PB_TTM":-1.242039400984,"REPORT_DATE_SQ":"2022-12-31 00:00:00","REPORT_TYPE_SQ":"2022年年报","OPERATE_INCOME_SQ":165442000,"DPS_HKD":null,"OPERATE_INCOME_QOQ_SQ":173.43977257702,"NET_PROFIT_RATIO_SQ":-1664.5930295814,"HOLDER_PROFIT_SQ":-2753936000,"HOLDER_PROFIT_QOQ_SQ":-16.865421714049,"ROE_AVG_SQ":54.165937291145,"PE_TTM_SQ":null,"PB_TTM_SQ":null,"ROA_SQ":-140.61925481807,"START_DATE":"2023-01-01 00:00:00","FISCAL_YEAR":"12-31","CURRENCY":"HKD","IS_CNY_CODE":0,"DPS_HKD_LY":null,"ORG_TYPE":"一般企业","PREMIUM_INCOME":null,"PREMIUM_INCOME_YOY":null,"NET_INTEREST_INCOME":null,"NET_INTEREST_INCOME_YOY":null,"FEE_COMMISSION_INCOME":null,"FEE_COMMISSION_INCOME_YOY":null,"ACCOUNTS_RECE_TDAYS":2.153262382994,"INVENTORY_TDAYS":3.261828996901,"CURRENT_ASSETS_TDAYS":0.170620200998,"TOTAL_ASSETS_TDAYS":0.153387549178,"PREMIUM_EXPENSE":null,"LOAN_DEPOSIT":null,"LOAN_EQUITY":null,"LOAN_ASSETS":null,"DEPOSIT_EQUITY":null,"DEPOSIT_ASSETS":null,"EQUITY_MULTIPLIER":-0.173103161314,"EQUITY_RATIO":-1.173103161314},{"SECUCODE":"02533.HK","SECURITY_CODE":"02533","SECURITY_NAME_ABBR":"黑芝麻智能","ORG_CODE":"10000070938","STD_REPORT_DATE":"2023-06-30 00:00:00","REPORT_DATE":"2023-06-30 00:00:00","DATE_TYPE_CODE":"002","REPORT_TYPE":"2023年中报","PER_NETCASH_OPERATE":null,"PER_OI":null,"BPS":null,"BASIC_EPS":-52.5,"DILUTED_EPS":-52.5,"OPERATE_INCOME":106487000,"OPERATE_INCOME_YOY":null,"GROSS_PROFIT":19358000,"GROSS_PROFIT_YOY":null,"HOLDER_PROFIT":-3729144000,"HOLDER_PROFIT_YOY":null,"GROSS_PROFIT_RATIO":18.178744823312,"EPS_TTM":-41.695788403478,"OPERATE_INCOME_QOQ":0,"NET_PROFIT_RATIO":-3501.9711326265,"ROE_AVG":null,"GROSS_PROFIT_QOQ":0,"ROA":null,"HOLDER_PROFIT_QOQ":0,"ROE_YEARLY":null,"ROIC_YEARLY":null,"TOTAL_ASSETS":null,"TOTAL_LIABILITIES":null,"TAX_EBT":null,"OCF_SALES":-550.908561608459,"TOTAL_PARENT_EQUITY":null,"DEBT_ASSET_RATIO":null,"OPERATE_PROFIT":-734567000,"PRETAX_PROFIT":-3729144000,"NETCASH_OPERATE":-586646000,"NETCASH_INVEST":393399000,"NETCASH_FINANCE":819171000,"END_CASH":1641815000,"DIVI_RATIO":null,"DIVIDEND_RATE":null,"CURRENT_RATIO":null,"COMMON_ACS":1000000000,"CURRENTDEBT_DEBT":null,"ISSUED_COMMON_SHARES":569169253,"HK_COMMON_SHARES":569169253,"PER_SHARES":100,"TOTAL_MARKET_CAP":16164406785.2,"HKSK_MARKET_CAP":16164406785.2,"PE_TTM":-157.89919186457,"PB_TTM":-1.504218293729,"REPORT_DATE_SQ":"2022-06-30 00:00:00","REPORT_TYPE_SQ":"2022年中报","OPERATE_INCOME_SQ":null,"DPS_HKD":null,"OPERATE_INCOME_QOQ_SQ":0,"NET_PROFIT_RATIO_SQ":null,"HOLDER_PROFIT_SQ":null,"HOLDER_PROFIT_QOQ_SQ":0,"ROE_AVG_SQ":null,"PE_TTM_SQ":null,"PB_TTM_SQ":null,"ROA_SQ":null,"START_DATE":"2023-01-01 00:00:00","FISCAL_YEAR":"12-31","CURRENCY":"HKD","IS_CNY_CODE":0,"DPS_HKD_LY":null,"ORG_TYPE":"一般企业","PREMIUM_INCOME":null,"PREMIUM_INCOME_YOY":null,"NET_INTEREST_INCOME":null,"NET_INTEREST_INCOME_YOY":null,"FEE_COMMISSION_INCOME":null,"FEE_COMMISSION_INCOME_YOY":null,"ACCOUNTS_RECE_TDAYS":null,"INVENTORY_TDAYS":null,"CURRENT_ASSETS_TDAYS":0.105372006117,"TOTAL_ASSETS_TDAYS":0.098924930965,"PREMIUM_EXPENSE":null,"LOAN_DEPOSIT":null,"LOAN_EQUITY":null,"LOAN_ASSETS":null,"DEPOSIT_EQUITY":null,"DEPOSIT_ASSETS":null,"EQUITY_MULTIPLIER":null,"EQUITY_RATIO":null},{"SECUCODE":"02533.HK","SECURITY_CODE":"02533","SECURITY_NAME_ABBR":"黑芝麻智能","ORG_CODE":"10000070938","STD_REPORT_DATE":"2023-03-31 00:00:00","REPORT_DATE":"2023-03-31 00:00:00","DATE_TYPE_CODE":"003","REPORT_TYPE":"2023年一季报","PER_NETCASH_OPERATE":null,"PER_OI":null,"BPS":null,"BASIC_EPS":-15.6,"DILUTED_EPS":-15.6,"OPERATE_INCOME":29256000,"OPERATE_INCOME_YOY":null,"GROSS_PROFIT":5463000,"GROSS_PROFIT_YOY":null,"HOLDER_PROFIT":-1106663000,"HOLDER_PROFIT_YOY":null,"GROSS_PROFIT_RATIO":18.673092698934,"EPS_TTM":-41.695788403478,"OPERATE_INCOME_QOQ":0,"NET_PROFIT_RATIO":-3782.6873120044,"ROE_AVG":null,"GROSS_PROFIT_QOQ":0,"ROA":null,"HOLDER_PROFIT_QOQ":0,"ROE_YEARLY":null,"ROIC_YEARLY":null,"TOTAL_ASSETS":null,"TOTAL_LIABILITIES":null,"TAX_EBT":null,"OCF_SALES":-924.7299699207,"TOTAL_PARENT_EQUITY":null,"DEBT_ASSET_RATIO":null,"OPERATE_PROFIT":-330709000,"PRETAX_PROFIT":-1106663000,"NETCASH_OPERATE":-270539000,"NETCASH_INVEST":308409000,"NETCASH_FINANCE":-7764000,"END_CASH":1002838000,"DIVI_RATIO":null,"DIVIDEND_RATE":null,"CURRENT_RATIO":null,"COMMON_ACS":1000000000,"CURRENTDEBT_DEBT":null,"ISSUED_COMMON_SHARES":569169253,"HK_COMMON_SHARES":569169253,"PER_SHARES":100,"TOTAL_MARKET_CAP":16164406785.2,"HKSK_MARKET_CAP":16164406785.2,"PE_TTM":-157.89919186457,"PB_TTM":-1.504218293729,"REPORT_DATE_SQ":"2022-03-31 00:00:00","REPORT_TYPE_SQ":"2022年一季报","OPERATE_INCOME_SQ":null,"DPS_HKD":null,"OPERATE_INCOME_QOQ_SQ":0,"NET_PROFIT_RATIO_SQ":null,"HOLDER_PROFIT_SQ":null,"HOLDER_PROFIT_QOQ_SQ":0,"ROE_AVG_SQ":null,"PE_TTM_SQ":null,"PB_TTM_SQ":null,"ROA_SQ":null,"START_DATE":"2023-01-01 00:00:00","FISCAL_YEAR":"12-31","CURRENCY":"HKD","IS_CNY_CODE":0,"DPS_HKD_LY":null,"ORG_TYPE":"一般企业","PREMIUM_INCOME":null,"PREMIUM_INCOME_YOY":null,"NET_INTEREST_INCOME":null,"NET_INTEREST_INCOME_YOY":null,"FEE_COMMISSION_INCOME":null,"FEE_COMMISSION_INCOME_YOY":null,"ACCOUNTS_RECE_TDAYS":null,"INVENTORY_TDAYS":null,"CURRENT_ASSETS_TDAYS":0.028949669077,"TOTAL_ASSETS_TDAYS":0.027178414082,"PREMIUM_EXPENSE":null,"LOAN_DEPOSIT":null,"LOAN_EQUITY":null,"LOAN_ASSETS":null,"DEPOSIT_EQUITY":null,"DEPOSIT_ASSETS":null,"EQUITY_MULTIPLIER":null,"EQUITY_RATIO":null},{"SECUCODE":"02533.HK","SECURITY_CODE":"02533","SECURITY_NAME_ABBR":"黑芝麻智能","ORG_CODE":"10000070938","STD_REPORT_DATE":"2022-12-31 00:00:00","REPORT_DATE":"2022-12-31 00:00:00","DATE_TYPE_CODE":"001","REPORT_TYPE":"2022年年报","PER_NETCASH_OPERATE":-11.426016776957,"PER_OI":2.504863811304,"BPS":-11.43100750033,"BASIC_EPS":-38.8,"DILUTED_EPS":-38.8,"OPERATE_INCOME":165442000,"OPERATE_INCOME_YOY":173.439772577,"GROSS_PROFIT":48631000,"GROSS_PROFIT_YOY":122.34363569861,"HOLDER_PROFIT":-2753936000,"HOLDER_PROFIT_YOY":-16.865421714,"GROSS_PROFIT_RATIO":29.394591458034,"EPS_TTM":-41.695788403478,"OPERATE_INCOME_QOQ":173.43977257702,"NET_PROFIT_RATIO":-1664.5930295814,"ROE_AVG":54.165937291145,"GROSS_PROFIT_QOQ":122.34363569861,"ROA":-140.61925481807,"HOLDER_PROFIT_QOQ":-16.865421714049,"ROE_YEARLY":54.165937291145,"ROIC_YEARLY":-398.768336131582,"TOTAL_ASSETS":2152885000,"TOTAL_LIABILITIES":8659063000,"TAX_EBT":null,"OCF_SALES":-456.153213815113,"TOTAL_PARENT_EQUITY":-6506178000,"DEBT_ASSET_RATIO":402.2074100567,"OPERATE_PROFIT":-1052821000,"PRETAX_PROFIT":-2753936000,"NETCASH_OPERATE":-754669000,"NETCASH_INVEST":-732796000,"NETCASH_FINANCE":804175000,"END_CASH":982229000,"DIVI_RATIO":null,"DIVIDEND_RATE":null,"CURRENT_RATIO":6.052491622722,"COMMON_ACS":1000000000,"CURRENTDEBT_DEBT":99.470150523215,"ISSUED_COMMON_SHARES":569169253,"HK_COMMON_SHARES":569169253,"PER_SHARES":100,"TOTAL_MARKET_CAP":15822905233.4,"HKSK_MARKET_CAP":15822905233.4,"PE_TTM":-154.563293444896,"PB_TTM":-1.472439034002,"REPORT_DATE_SQ":"2021-12-31 00:00:00","REPORT_TYPE_SQ":"2021年年报","OPERATE_INCOME_SQ":60504000,"DPS_HKD":null,"OPERATE_INCOME_QOQ_SQ":14.113275871824,"NET_PROFIT_RATIO_SQ":-3894.7871215126,"HOLDER_PROFIT_SQ":-2356502000,"HOLDER_PROFIT_QOQ_SQ":-209.968983397305,"ROE_AVG_SQ":93.362696434412,"PE_TTM_SQ":null,"PB_TTM_SQ":null,"ROA_SQ":-223.99538416863,"START_DATE":"2022-01-01 00:00:00","FISCAL_YEAR":"12-31","CURRENCY":"HKD","IS_CNY_CODE":0,"DPS_HKD_LY":null,"ORG_TYPE":"一般企业","PREMIUM_INCOME":null,"PREMIUM_INCOME_YOY":null,"NET_INTEREST_INCOME":null,"NET_INTEREST_INCOME_YOY":null,"FEE_COMMISSION_INCOME":null,"FEE_COMMISSION_INCOME_YOY":null,"ACCOUNTS_RECE_TDAYS":1.894251136377,"INVENTORY_TDAYS":3.072356654392,"CURRENT_ASSETS_TDAYS":0.089131661021,"TOTAL_ASSETS_TDAYS":0.084476657248,"PREMIUM_EXPENSE":null,"LOAN_DEPOSIT":null,"LOAN_EQUITY":null,"LOAN_ASSETS":null,"DEPOSIT_EQUITY":null,"DEPOSIT_ASSETS":null,"EQUITY_MULTIPLIER":-0.330898570559,"EQUITY_RATIO":-1.330898570559},{"SECUCODE":"02533.HK","SECURITY_CODE":"02533","SECURITY_NAME_ABBR":"黑芝麻智能","ORG_CODE":"10000070938","STD_REPORT_DATE":"2021-12-31 00:00:00","REPORT_DATE":"2021-12-31 00:00:00","DATE_TYPE_CODE":"001","REPORT_TYPE":"2021年年报","PER_NETCASH_OPERATE":-8.861044881522,"PER_OI":0.838598593043,"BPS":-6.434532400857,"BASIC_EPS":-32.1,"DILUTED_EPS":-32.1,"OPERATE_INCOME":60504000,"OPERATE_INCOME_YOY":14.1132758718,"GROSS_PROFIT":21872000,"GROSS_PROFIT_YOY":81.751703506731,"HOLDER_PROFIT":-2356502000,"HOLDER_PROFIT_YOY":-209.9689833973,"GROSS_PROFIT_RATIO":36.149676054476,"EPS_TTM":-32.661630003044,"OPERATE_INCOME_QOQ":14.113275871824,"NET_PROFIT_RATIO":-3894.7871215126,"ROE_AVG":93.362696434412,"GROSS_PROFIT_QOQ":81.751703506731,"ROA":-223.99538416863,"HOLDER_PROFIT_QOQ":-209.968983397305,"ROE_YEARLY":93.362696434412,"ROIC_YEARLY":-1536.40156997744,"TOTAL_ASSETS":1763984000,"TOTAL_LIABILITIES":5426322000,"TAX_EBT":null,"OCF_SALES":-1056.64914716382,"TOTAL_PARENT_EQUITY":-3662338000,"DEBT_ASSET_RATIO":307.617416031,"OPERATE_PROFIT":-722660000,"PRETAX_PROFIT":-2356502000,"NETCASH_OPERATE":-639315000,"NETCASH_INVEST":-31817000,"NETCASH_FINANCE":2000866000,"END_CASH":1553419000,"DIVI_RATIO":null,"DIVIDEND_RATE":null,"CURRENT_RATIO":9.186600973447,"COMMON_ACS":1000000000,"CURRENTDEBT_DEBT":99.136597496426,"ISSUED_COMMON_SHARES":569169253,"HK_COMMON_SHARES":569169253,"PER_SHARES":100,"TOTAL_MARKET_CAP":15822905233.4,"HKSK_MARKET_CAP":15822905233.4,"PE_TTM":-154.563293444896,"PB_TTM":-1.472439034002,"REPORT_DATE_SQ":"2020-12-31 00:00:00","REPORT_TYPE_SQ":"2020年年报","OPERATE_INCOME_SQ":53021000,"DPS_HKD":null,"OPERATE_INCOME_QOQ_SQ":null,"NET_PROFIT_RATIO_SQ":-1433.8431942061,"HOLDER_PROFIT_SQ":-760238000,"HOLDER_PROFIT_QOQ_SQ":null,"ROE_AVG_SQ":54.862270254979,"PE_TTM_SQ":null,"PB_TTM_SQ":null,"ROA_SQ":-223.547469852593,"START_DATE":"2021-01-01 00:00:00","FISCAL_YEAR":"12-31","CURRENCY":"HKD","IS_CNY_CODE":0,"DPS_HKD_LY":null,"ORG_TYPE":"一般企业","PREMIUM_INCOME":null,"PREMIUM_INCOME_YOY":null,"NET_INTEREST_INCOME":null,"NET_INTEREST_INCOME_YOY":null,"FEE_COMMISSION_INCOME":null,"FEE_COMMISSION_INCOME_YOY":null,"ACCOUNTS_RECE_TDAYS":1.426190672622,"INVENTORY_TDAYS":11.99751552795,"CURRENT_ASSETS_TDAYS":0.060818828667,"TOTAL_ASSETS_TDAYS":0.057511585917,"PREMIUM_EXPENSE":null,"LOAN_DEPOSIT":null,"LOAN_EQUITY":null,"LOAN_ASSETS":null,"DEPOSIT_EQUITY":null,"DEPOSIT_ASSETS":null,"EQUITY_MULTIPLIER":-0.481655161266,"EQUITY_RATIO":-1.481655161266},{"SECUCODE":"02533.HK","SECURITY_CODE":"02533","SECURITY_NAME_ABBR":"黑芝麻智能","ORG_CODE":"10000070938","STD_REPORT_DATE":"2020-12-31 00:00:00","REPORT_DATE":"2020-12-31 00:00:00","DATE_TYPE_CODE":"001","REPORT_TYPE":"2020年年报","PER_NETCASH_OPERATE":-3.113494061731,"PER_OI":0.665301390192,"BPS":-2.434637838738,"BASIC_EPS":-9.5,"DILUTED_EPS":-9.5,"OPERATE_INCOME":53021000,"OPERATE_INCOME_YOY":null,"GROSS_PROFIT":12034000,"GROSS_PROFIT_YOY":null,"HOLDER_PROFIT":-760238000,"HOLDER_PROFIT_YOY":null,"GROSS_PROFIT_RATIO":22.696667358217,"EPS_TTM":-9.539378704231,"OPERATE_INCOME_QOQ":null,"NET_PROFIT_RATIO":-1433.8431942061,"ROE_AVG":54.862270254979,"GROSS_PROFIT_QOQ":null,"ROA":-223.547469852593,"HOLDER_PROFIT_QOQ":null,"ROE_YEARLY":54.862270254979,"ROIC_YEARLY":-790.342131800272,"TOTAL_ASSETS":340079000,"TOTAL_LIABILITIES":1725800000,"TAX_EBT":null,"OCF_SALES":-467.98249750099,"TOTAL_PARENT_EQUITY":-1385721000,"DEBT_ASSET_RATIO":507.470323072,"OPERATE_PROFIT":-292897000,"PRETAX_PROFIT":-760238000,"NETCASH_OPERATE":-248129000,"NETCASH_INVEST":-14142000,"NETCASH_FINANCE":239424000,"END_CASH":243888000,"DIVI_RATIO":null,"DIVIDEND_RATE":null,"CURRENT_RATIO":3.839082233711,"COMMON_ACS":1000000000,"CURRENTDEBT_DEBT":4.505388805192,"ISSUED_COMMON_SHARES":569169253,"HK_COMMON_SHARES":569169253,"PER_SHARES":100,"TOTAL_MARKET_CAP":15822905233.4,"HKSK_MARKET_CAP":15822905233.4,"PE_TTM":-154.563293444896,"PB_TTM":-1.472439034002,"REPORT_DATE_SQ":"2019-12-31 00:00:00","REPORT_TYPE_SQ":"2019年年报","OPERATE_INCOME_SQ":null,"DPS_HKD":null,"OPERATE_INCOME_QOQ_SQ":null,"NET_PROFIT_RATIO_SQ":null,"HOLDER_PROFIT_SQ":null,"HOLDER_PROFIT_QOQ_SQ":null,"ROE_AVG_SQ":null,"PE_TTM_SQ":null,"PB_TTM_SQ":null,"ROA_SQ":null,"START_DATE":"2020-01-01 00:00:00","FISCAL_YEAR":"12-31","CURRENCY":"HKD","IS_CNY_CODE":0,"DPS_HKD_LY":null,"ORG_TYPE":"一般企业","PREMIUM_INCOME":null,"PREMIUM_INCOME_YOY":null,"NET_INTEREST_INCOME":null,"NET_INTEREST_INCOME_YOY":null,"FEE_COMMISSION_INCOME":null,"FEE_COMMISSION_INCOME_YOY":null,"ACCOUNTS_RECE_TDAYS":1.498276251837,"INVENTORY_TDAYS":null,"CURRENT_ASSETS_TDAYS":0.35524482084,"TOTAL_ASSETS_TDAYS":0.31181578398,"PREMIUM_EXPENSE":null,"LOAN_DEPOSIT":null,"LOAN_EQUITY":null,"LOAN_ASSETS":null,"DEPOSIT_EQUITY":null,"DEPOSIT_ASSETS":null,"EQUITY_MULTIPLIER":-0.245416645919,"EQUITY_RATIO":-1.245416645919}],"count":8},"success":true,"message":"ok","code":0}