{"version":"4d397e29fbd3a67b7a98b2413418db0d","result":{"pages":2,"data":[{"SECUCODE":"02530.HK","SECURITY_CODE":"02530","SECURITY_NAME_ABBR":"纽曼思","ORG_CODE":"10000016347","STD_REPORT_DATE":"2024-06-30 00:00:00","REPORT_DATE":"2024-06-30 00:00:00","DATE_TYPE_CODE":"002","REPORT_TYPE":"2024年中报","PER_NETCASH_OPERATE":null,"PER_OI":null,"BPS":0.458206,"BASIC_EPS":null,"DILUTED_EPS":null,"OPERATE_INCOME":146086000,"OPERATE_INCOME_YOY":-23.9436473063,"GROSS_PROFIT":104963000,"GROSS_PROFIT_YOY":-27.887244596507,"HOLDER_PROFIT":45281000,"HOLDER_PROFIT_YOY":-41.3898884258,"GROSS_PROFIT_RATIO":71.850143066413,"EPS_TTM":null,"OPERATE_INCOME_QOQ":-10.781980799212,"NET_PROFIT_RATIO":30.9961255699,"ROE_AVG":10.43002158285,"GROSS_PROFIT_QOQ":-12.650412787853,"ROA":9.308813265588,"HOLDER_PROFIT_QOQ":-20.067903403956,"ROE_YEARLY":20.8600431657,"ROIC_YEARLY":43.676331577831,"TOTAL_ASSETS":502846000,"TOTAL_LIABILITIES":44640000,"TAX_EBT":12.41416661831,"OCF_SALES":22.037019290007,"TOTAL_PARENT_EQUITY":458206000,"DEBT_ASSET_RATIO":8.8774694439,"OPERATE_PROFIT":51843000,"PRETAX_PROFIT":51699000,"NETCASH_OPERATE":32193000,"NETCASH_INVEST":459000,"NETCASH_FINANCE":-1758000,"END_CASH":295607000,"DIVI_RATIO":null,"DIVIDEND_RATE":null,"CURRENT_RATIO":11.336793540946,"COMMON_ACS":5000000000,"CURRENTDEBT_DEBT":93.225806451613,"ISSUED_COMMON_SHARES":1000000000,"HK_COMMON_SHARES":1000000000,"PER_SHARES":8000,"TOTAL_MARKET_CAP":690000000,"HKSK_MARKET_CAP":690000000,"PE_TTM":4.871121222799,"PB_TTM":1.374380082321,"REPORT_DATE_SQ":"2023-06-30 00:00:00","REPORT_TYPE_SQ":"2023年中报","OPERATE_INCOME_SQ":192076000,"DPS_HKD":null,"OPERATE_INCOME_QOQ_SQ":2.274725903016,"NET_PROFIT_RATIO_SQ":40.2226202128,"HOLDER_PROFIT_SQ":77258000,"HOLDER_PROFIT_QOQ_SQ":55.416923744887,"ROE_AVG_SQ":26.756943963427,"PE_TTM_SQ":null,"PB_TTM_SQ":null,"ROA_SQ":17.554646671211,"START_DATE":"2024-01-01 00:00:00","FISCAL_YEAR":"12-31","CURRENCY":"HKD","IS_CNY_CODE":0,"DPS_HKD_LY":null,"ORG_TYPE":"一般企业","PREMIUM_INCOME":null,"PREMIUM_INCOME_YOY":null,"NET_INTEREST_INCOME":null,"NET_INTEREST_INCOME_YOY":null,"FEE_COMMISSION_INCOME":null,"FEE_COMMISSION_INCOME_YOY":null,"ACCOUNTS_RECE_TDAYS":2.124423762088,"INVENTORY_TDAYS":0.656282666113,"CURRENT_ASSETS_TDAYS":0.320704079874,"TOTAL_ASSETS_TDAYS":0.300321833598,"PREMIUM_EXPENSE":null,"LOAN_DEPOSIT":null,"LOAN_EQUITY":null,"LOAN_ASSETS":null,"DEPOSIT_EQUITY":null,"DEPOSIT_ASSETS":null,"EQUITY_MULTIPLIER":1.097423429636,"EQUITY_RATIO":0.097423429636},{"SECUCODE":"02530.HK","SECURITY_CODE":"02530","SECURITY_NAME_ABBR":"纽曼思","ORG_CODE":"10000016347","STD_REPORT_DATE":"2023-12-31 00:00:00","REPORT_DATE":"2023-12-31 00:00:00","DATE_TYPE_CODE":"001","REPORT_TYPE":"2023年年报","PER_NETCASH_OPERATE":null,"PER_OI":null,"BPS":0.410076,"BASIC_EPS":null,"DILUTED_EPS":null,"OPERATE_INCOME":426545000,"OPERATE_INCOME_YOY":16.1308151169,"GROSS_PROFIT":320867000,"GROSS_PROFIT_YOY":17.451956513782,"HOLDER_PROFIT":159344000,"HOLDER_PROFIT_YOY":82.0616530701,"GROSS_PROFIT_RATIO":75.224653905215,"EPS_TTM":null,"OPERATE_INCOME_QOQ":13.547911364774,"NET_PROFIT_RATIO":37.3569025542,"ROE_AVG":48.483225724005,"GROSS_PROFIT_QOQ":15.024233212406,"ROA":36.479936996193,"HOLDER_PROFIT_QOQ":17.14403340587,"ROE_YEARLY":48.483225724005,"ROIC_YEARLY":76.20468675275,"TOTAL_ASSETS":470017000,"TOTAL_LIABILITIES":59941000,"TAX_EBT":18.125998736005,"OCF_SALES":35.299440856182,"TOTAL_PARENT_EQUITY":410076000,"DEBT_ASSET_RATIO":12.7529429787,"OPERATE_PROFIT":194953000,"PRETAX_PROFIT":194621000,"NETCASH_OPERATE":150568000,"NETCASH_INVEST":1572000,"NETCASH_FINANCE":-83786000,"END_CASH":262560000,"DIVI_RATIO":null,"DIVIDEND_RATE":null,"CURRENT_RATIO":7.771976077571,"COMMON_ACS":5000000000,"CURRENTDEBT_DEBT":94.286047947148,"ISSUED_COMMON_SHARES":1000000000,"HK_COMMON_SHARES":1000000000,"PER_SHARES":8000,"TOTAL_MARKET_CAP":null,"HKSK_MARKET_CAP":null,"PE_TTM":null,"PB_TTM":null,"REPORT_DATE_SQ":"2022-12-31 00:00:00","REPORT_TYPE_SQ":"2022年年报","OPERATE_INCOME_SQ":367297000,"DPS_HKD":null,"OPERATE_INCOME_QOQ_SQ":8.793926684202,"NET_PROFIT_RATIO_SQ":23.828672709,"HOLDER_PROFIT_SQ":87522000,"HOLDER_PROFIT_QOQ_SQ":-26.86387565806,"ROE_AVG_SQ":38.919077560676,"PE_TTM_SQ":null,"PB_TTM_SQ":null,"ROA_SQ":25.281018150097,"START_DATE":"2023-01-01 00:00:00","FISCAL_YEAR":"12-31","CURRENCY":"HKD","IS_CNY_CODE":0,"DPS_HKD_LY":null,"ORG_TYPE":"一般企业","PREMIUM_INCOME":null,"PREMIUM_INCOME_YOY":null,"NET_INTEREST_INCOME":null,"NET_INTEREST_INCOME_YOY":null,"FEE_COMMISSION_INCOME":null,"FEE_COMMISSION_INCOME_YOY":null,"ACCOUNTS_RECE_TDAYS":5.665623983051,"INVENTORY_TDAYS":1.605292339475,"CURRENT_ASSETS_TDAYS":1.062586333816,"TOTAL_ASSETS_TDAYS":0.976524671531,"PREMIUM_EXPENSE":null,"LOAN_DEPOSIT":null,"LOAN_EQUITY":null,"LOAN_ASSETS":null,"DEPOSIT_EQUITY":null,"DEPOSIT_ASSETS":null,"EQUITY_MULTIPLIER":1.146170465963,"EQUITY_RATIO":0.146170465962},{"SECUCODE":"02530.HK","SECURITY_CODE":"02530","SECURITY_NAME_ABBR":"纽曼思","ORG_CODE":"10000016347","STD_REPORT_DATE":"2023-06-30 00:00:00","REPORT_DATE":"2023-06-30 00:00:00","DATE_TYPE_CODE":"002","REPORT_TYPE":"2023年中报","PER_NETCASH_OPERATE":null,"PER_OI":null,"BPS":0.33024,"BASIC_EPS":null,"DILUTED_EPS":null,"OPERATE_INCOME":192076000,"OPERATE_INCOME_YOY":4.5476565009,"GROSS_PROFIT":145554000,"GROSS_PROFIT_YOY":4.124817580908,"HOLDER_PROFIT":77258000,"HOLDER_PROFIT_YOY":168.6674085408,"GROSS_PROFIT_RATIO":75.779378995814,"EPS_TTM":null,"OPERATE_INCOME_QOQ":2.274725903016,"NET_PROFIT_RATIO":40.2226202128,"ROE_AVG":26.756943963427,"GROSS_PROFIT_QOQ":2.110618983125,"ROA":17.554646671211,"HOLDER_PROFIT_QOQ":55.416923744887,"ROE_YEARLY":53.513887926855,"ROIC_YEARLY":72.829253117901,"TOTAL_ASSETS":476619000,"TOTAL_LIABILITIES":146379000,"TAX_EBT":15.269628541034,"OCF_SALES":36.182032112289,"TOTAL_PARENT_EQUITY":330240000,"DEBT_ASSET_RATIO":30.7119523141,"OPERATE_PROFIT":91357000,"PRETAX_PROFIT":91181000,"NETCASH_OPERATE":69497000,"NETCASH_INVEST":659000,"NETCASH_FINANCE":-1869000,"END_CASH":263038000,"DIVI_RATIO":null,"DIVIDEND_RATE":null,"CURRENT_RATIO":3.120761875212,"COMMON_ACS":5000000000,"CURRENTDEBT_DEBT":96.877284309908,"ISSUED_COMMON_SHARES":1000000000,"HK_COMMON_SHARES":1000000000,"PER_SHARES":8000,"TOTAL_MARKET_CAP":null,"HKSK_MARKET_CAP":null,"PE_TTM":null,"PB_TTM":null,"REPORT_DATE_SQ":"2022-06-30 00:00:00","REPORT_TYPE_SQ":"2022年中报","OPERATE_INCOME_SQ":183721000,"DPS_HKD":null,"OPERATE_INCOME_QOQ_SQ":0,"NET_PROFIT_RATIO_SQ":15.6519940562,"HOLDER_PROFIT_SQ":28756000,"HOLDER_PROFIT_QOQ_SQ":0,"ROE_AVG_SQ":null,"PE_TTM_SQ":null,"PB_TTM_SQ":null,"ROA_SQ":null,"START_DATE":"2023-01-01 00:00:00","FISCAL_YEAR":"12-31","CURRENCY":"HKD","IS_CNY_CODE":0,"DPS_HKD_LY":null,"ORG_TYPE":"一般企业","PREMIUM_INCOME":null,"PREMIUM_INCOME_YOY":null,"NET_INTEREST_INCOME":null,"NET_INTEREST_INCOME_YOY":null,"FEE_COMMISSION_INCOME":null,"FEE_COMMISSION_INCOME_YOY":null,"ACCOUNTS_RECE_TDAYS":2.755516024446,"INVENTORY_TDAYS":0.715189435575,"CURRENT_ASSETS_TDAYS":0.476526109873,"TOTAL_ASSETS_TDAYS":0.43643717337,"PREMIUM_EXPENSE":null,"LOAN_DEPOSIT":null,"LOAN_EQUITY":null,"LOAN_ASSETS":null,"DEPOSIT_EQUITY":null,"DEPOSIT_ASSETS":null,"EQUITY_MULTIPLIER":1.443250363372,"EQUITY_RATIO":0.443250363372},{"SECUCODE":"02530.HK","SECURITY_CODE":"02530","SECURITY_NAME_ABBR":"纽曼思","ORG_CODE":"10000016347","STD_REPORT_DATE":"2022-12-31 00:00:00","REPORT_DATE":"2022-12-31 00:00:00","DATE_TYPE_CODE":"001","REPORT_TYPE":"2022年年报","PER_NETCASH_OPERATE":null,"PER_OI":null,"BPS":0.24724,"BASIC_EPS":null,"DILUTED_EPS":null,"OPERATE_INCOME":367297000,"OPERATE_INCOME_YOY":8.7939266842,"GROSS_PROFIT":273190000,"GROSS_PROFIT_YOY":10.7835424456,"HOLDER_PROFIT":87522000,"HOLDER_PROFIT_YOY":-26.8638756581,"GROSS_PROFIT_RATIO":74.378500232782,"EPS_TTM":null,"OPERATE_INCOME_QOQ":8.793926684202,"NET_PROFIT_RATIO":23.828672709,"ROE_AVG":38.919077560676,"GROSS_PROFIT_QOQ":10.7835424456,"ROA":25.281018150097,"HOLDER_PROFIT_QOQ":-26.86387565806,"ROE_YEARLY":38.919077560676,"ROIC_YEARLY":50.459643873289,"TOTAL_ASSETS":403581000,"TOTAL_LIABILITIES":156341000,"TAX_EBT":11.066627376465,"OCF_SALES":12.063534414929,"TOTAL_PARENT_EQUITY":247240000,"DEBT_ASSET_RATIO":38.7384440794,"OPERATE_PROFIT":98788000,"PRETAX_PROFIT":98413000,"NETCASH_OPERATE":44309000,"NETCASH_INVEST":-4139000,"NETCASH_FINANCE":-8555000,"END_CASH":192838000,"DIVI_RATIO":null,"DIVIDEND_RATE":null,"CURRENT_RATIO":2.397196692994,"COMMON_ACS":5000000000,"CURRENTDEBT_DEBT":97.017417056306,"ISSUED_COMMON_SHARES":1000000000,"HK_COMMON_SHARES":1000000000,"PER_SHARES":8000,"TOTAL_MARKET_CAP":null,"HKSK_MARKET_CAP":null,"PE_TTM":null,"PB_TTM":null,"REPORT_DATE_SQ":"2021-12-31 00:00:00","REPORT_TYPE_SQ":"2021年年报","OPERATE_INCOME_SQ":337608000,"DPS_HKD":null,"OPERATE_INCOME_QOQ_SQ":43.564621684718,"NET_PROFIT_RATIO_SQ":35.4464349186,"HOLDER_PROFIT_SQ":119670000,"HOLDER_PROFIT_QOQ_SQ":61.056754101449,"ROE_AVG_SQ":68.398882023788,"PE_TTM_SQ":null,"PB_TTM_SQ":null,"ROA_SQ":49.248129583447,"START_DATE":"2022-01-01 00:00:00","FISCAL_YEAR":"12-31","CURRENCY":"HKD","IS_CNY_CODE":0,"DPS_HKD_LY":null,"ORG_TYPE":"一般企业","PREMIUM_INCOME":null,"PREMIUM_INCOME_YOY":null,"NET_INTEREST_INCOME":null,"NET_INTEREST_INCOME_YOY":null,"FEE_COMMISSION_INCOME":null,"FEE_COMMISSION_INCOME_YOY":null,"ACCOUNTS_RECE_TDAYS":4.898958979386,"INVENTORY_TDAYS":2.005840162842,"CURRENT_ASSETS_TDAYS":1.141792657091,"TOTAL_ASSETS_TDAYS":1.060949489668,"PREMIUM_EXPENSE":null,"LOAN_DEPOSIT":null,"LOAN_EQUITY":null,"LOAN_ASSETS":null,"DEPOSIT_EQUITY":null,"DEPOSIT_ASSETS":null,"EQUITY_MULTIPLIER":1.632345089792,"EQUITY_RATIO":0.632345089791},{"SECUCODE":"02530.HK","SECURITY_CODE":"02530","SECURITY_NAME_ABBR":"纽曼思","ORG_CODE":"10000016347","STD_REPORT_DATE":"2022-06-30 00:00:00","REPORT_DATE":"2022-06-30 00:00:00","DATE_TYPE_CODE":"002","REPORT_TYPE":"2022年中报","PER_NETCASH_OPERATE":null,"PER_OI":null,"BPS":null,"BASIC_EPS":null,"DILUTED_EPS":null,"OPERATE_INCOME":183721000,"OPERATE_INCOME_YOY":null,"GROSS_PROFIT":139788000,"GROSS_PROFIT_YOY":null,"HOLDER_PROFIT":28756000,"HOLDER_PROFIT_YOY":null,"GROSS_PROFIT_RATIO":76.087110346667,"EPS_TTM":null,"OPERATE_INCOME_QOQ":0,"NET_PROFIT_RATIO":15.6519940562,"ROE_AVG":null,"GROSS_PROFIT_QOQ":0,"ROA":null,"HOLDER_PROFIT_QOQ":0,"ROE_YEARLY":null,"ROIC_YEARLY":null,"TOTAL_ASSETS":null,"TOTAL_LIABILITIES":null,"TAX_EBT":-10.770416024653,"OCF_SALES":5.249263829393,"TOTAL_PARENT_EQUITY":null,"DEBT_ASSET_RATIO":null,"OPERATE_PROFIT":26136000,"PRETAX_PROFIT":25960000,"NETCASH_OPERATE":9644000,"NETCASH_INVEST":-3381000,"NETCASH_FINANCE":-6718000,"END_CASH":155567000,"DIVI_RATIO":null,"DIVIDEND_RATE":null,"CURRENT_RATIO":null,"COMMON_ACS":5000000000,"CURRENTDEBT_DEBT":null,"ISSUED_COMMON_SHARES":1000000000,"HK_COMMON_SHARES":1000000000,"PER_SHARES":8000,"TOTAL_MARKET_CAP":null,"HKSK_MARKET_CAP":null,"PE_TTM":null,"PB_TTM":null,"REPORT_DATE_SQ":"2021-06-30 00:00:00","REPORT_TYPE_SQ":"2021年中报","OPERATE_INCOME_SQ":null,"DPS_HKD":null,"OPERATE_INCOME_QOQ_SQ":0,"NET_PROFIT_RATIO_SQ":null,"HOLDER_PROFIT_SQ":null,"HOLDER_PROFIT_QOQ_SQ":0,"ROE_AVG_SQ":null,"PE_TTM_SQ":null,"PB_TTM_SQ":null,"ROA_SQ":null,"START_DATE":"2022-01-01 00:00:00","FISCAL_YEAR":"12-31","CURRENCY":"HKD","IS_CNY_CODE":0,"DPS_HKD_LY":null,"ORG_TYPE":"一般企业","PREMIUM_INCOME":null,"PREMIUM_INCOME_YOY":null,"NET_INTEREST_INCOME":null,"NET_INTEREST_INCOME_YOY":null,"FEE_COMMISSION_INCOME":null,"FEE_COMMISSION_INCOME_YOY":null,"ACCOUNTS_RECE_TDAYS":null,"INVENTORY_TDAYS":null,"CURRENT_ASSETS_TDAYS":1.31338578174,"TOTAL_ASSETS_TDAYS":1.272253230475,"PREMIUM_EXPENSE":null,"LOAN_DEPOSIT":null,"LOAN_EQUITY":null,"LOAN_ASSETS":null,"DEPOSIT_EQUITY":null,"DEPOSIT_ASSETS":null,"EQUITY_MULTIPLIER":null,"EQUITY_RATIO":null},{"SECUCODE":"02530.HK","SECURITY_CODE":"02530","SECURITY_NAME_ABBR":"纽曼思","ORG_CODE":"10000016347","STD_REPORT_DATE":"2021-12-31 00:00:00","REPORT_DATE":"2021-12-31 00:00:00","DATE_TYPE_CODE":"001","REPORT_TYPE":"2021年年报","PER_NETCASH_OPERATE":null,"PER_OI":null,"BPS":0.202524,"BASIC_EPS":null,"DILUTED_EPS":null,"OPERATE_INCOME":337608000,"OPERATE_INCOME_YOY":39.3266587981,"GROSS_PROFIT":246598000,"GROSS_PROFIT_YOY":39.701333575046,"HOLDER_PROFIT":119670000,"HOLDER_PROFIT_YOY":43.856612211,"GROSS_PROFIT_RATIO":73.042700409943,"EPS_TTM":null,"OPERATE_INCOME_QOQ":43.564621684718,"NET_PROFIT_RATIO":35.4464349186,"ROE_AVG":68.398882023788,"GROSS_PROFIT_QOQ":48.178993985062,"ROA":49.248129583447,"HOLDER_PROFIT_QOQ":61.056754101449,"ROE_YEARLY":68.398882023788,"ROIC_YEARLY":99.486646575912,"TOTAL_ASSETS":288812000,"TOTAL_LIABILITIES":86288000,"TAX_EBT":22.355231143552,"OCF_SALES":27.841164901306,"TOTAL_PARENT_EQUITY":202524000,"DEBT_ASSET_RATIO":29.8768749221,"OPERATE_PROFIT":154242000,"PRETAX_PROFIT":154125000,"NETCASH_OPERATE":93994000,"NETCASH_INVEST":-519000,"NETCASH_FINANCE":-29306000,"END_CASH":152656000,"DIVI_RATIO":null,"DIVIDEND_RATE":null,"CURRENT_RATIO":3.249779295605,"COMMON_ACS":5000000000,"CURRENTDEBT_DEBT":99.768218060449,"ISSUED_COMMON_SHARES":1000000000,"HK_COMMON_SHARES":1000000000,"PER_SHARES":8000,"TOTAL_MARKET_CAP":null,"HKSK_MARKET_CAP":null,"PE_TTM":null,"PB_TTM":null,"REPORT_DATE_SQ":"2020-12-31 00:00:00","REPORT_TYPE_SQ":"2020年年报","OPERATE_INCOME_SQ":242314000,"DPS_HKD":null,"OPERATE_INCOME_QOQ_SQ":6.06071539714,"NET_PROFIT_RATIO_SQ":31.5966508052,"HOLDER_PROFIT_SQ":83187000,"HOLDER_PROFIT_QOQ_SQ":1.554000492032,"ROE_AVG_SQ":68.221403027145,"PE_TTM_SQ":null,"PB_TTM_SQ":null,"ROA_SQ":45.156644079127,"START_DATE":"2021-01-01 00:00:00","FISCAL_YEAR":"12-31","CURRENCY":"HKD","IS_CNY_CODE":0,"DPS_HKD_LY":null,"ORG_TYPE":"一般企业","PREMIUM_INCOME":null,"PREMIUM_INCOME_YOY":null,"NET_INTEREST_INCOME":null,"NET_INTEREST_INCOME_YOY":null,"FEE_COMMISSION_INCOME":null,"FEE_COMMISSION_INCOME_YOY":null,"ACCOUNTS_RECE_TDAYS":5.041220256983,"INVENTORY_TDAYS":2.77308875956,"CURRENT_ASSETS_TDAYS":1.440599097513,"TOTAL_ASSETS_TDAYS":1.389367638707,"PREMIUM_EXPENSE":null,"LOAN_DEPOSIT":null,"LOAN_EQUITY":null,"LOAN_ASSETS":null,"DEPOSIT_EQUITY":null,"DEPOSIT_ASSETS":null,"EQUITY_MULTIPLIER":1.426063083882,"EQUITY_RATIO":0.426063083881},{"SECUCODE":"02530.HK","SECURITY_CODE":"02530","SECURITY_NAME_ABBR":"纽曼思","ORG_CODE":"10000016347","STD_REPORT_DATE":"2020-12-31 00:00:00","REPORT_DATE":"2020-12-31 00:00:00","DATE_TYPE_CODE":"001","REPORT_TYPE":"2020年年报","PER_NETCASH_OPERATE":null,"PER_OI":null,"BPS":0.135352,"BASIC_EPS":null,"DILUTED_EPS":null,"OPERATE_INCOME":242314000,"OPERATE_INCOME_YOY":32.8165506023,"GROSS_PROFIT":176518000,"GROSS_PROFIT_YOY":41.609774490377,"HOLDER_PROFIT":83187000,"HOLDER_PROFIT_YOY":54.74955743,"GROSS_PROFIT_RATIO":70.768112059398,"EPS_TTM":null,"OPERATE_INCOME_QOQ":6.06071539714,"NET_PROFIT_RATIO":31.5966508052,"ROE_AVG":68.221403027145,"GROSS_PROFIT_QOQ":7.077641729776,"ROA":45.156644079127,"HOLDER_PROFIT_QOQ":1.554000492032,"ROE_YEARLY":68.221403027145,"ROIC_YEARLY":82.822079051207,"TOTAL_ASSETS":204495000,"TOTAL_LIABILITIES":57101000,"TAX_EBT":22.701592670371,"OCF_SALES":25.088343730466,"TOTAL_PARENT_EQUITY":147394000,"DEBT_ASSET_RATIO":31.3547287702,"OPERATE_PROFIT":107769000,"PRETAX_PROFIT":107618000,"NETCASH_OPERATE":58806000,"NETCASH_INVEST":197000,"NETCASH_FINANCE":-23095000,"END_CASH":92757000,"DIVI_RATIO":null,"DIVIDEND_RATE":null,"CURRENT_RATIO":3.071763022696,"COMMON_ACS":5000000000,"CURRENTDEBT_DEBT":99.465858741528,"ISSUED_COMMON_SHARES":1000000000,"HK_COMMON_SHARES":1000000000,"PER_SHARES":8000,"TOTAL_MARKET_CAP":null,"HKSK_MARKET_CAP":null,"PE_TTM":null,"PB_TTM":null,"REPORT_DATE_SQ":"2019-12-31 00:00:00","REPORT_TYPE_SQ":"2019年年报","OPERATE_INCOME_SQ":177057000,"DPS_HKD":null,"OPERATE_INCOME_QOQ_SQ":29.833836858006,"NET_PROFIT_RATIO_SQ":27.1183856046,"HOLDER_PROFIT_SQ":48015000,"HOLDER_PROFIT_QOQ_SQ":32.715110975981,"ROE_AVG_SQ":59.056861370429,"PE_TTM_SQ":null,"PB_TTM_SQ":null,"ROA_SQ":38.200825834785,"START_DATE":"2020-01-01 00:00:00","FISCAL_YEAR":"12-31","CURRENCY":"HKD","IS_CNY_CODE":0,"DPS_HKD_LY":null,"ORG_TYPE":"一般企业","PREMIUM_INCOME":null,"PREMIUM_INCOME_YOY":null,"NET_INTEREST_INCOME":null,"NET_INTEREST_INCOME_YOY":null,"FEE_COMMISSION_INCOME":null,"FEE_COMMISSION_INCOME_YOY":null,"ACCOUNTS_RECE_TDAYS":7.195557601223,"INVENTORY_TDAYS":2.061013087082,"CURRENT_ASSETS_TDAYS":1.525657286514,"TOTAL_ASSETS_TDAYS":1.429159196572,"PREMIUM_EXPENSE":null,"LOAN_DEPOSIT":null,"LOAN_EQUITY":null,"LOAN_ASSETS":null,"DEPOSIT_EQUITY":null,"DEPOSIT_ASSETS":null,"EQUITY_MULTIPLIER":1.456764584195,"EQUITY_RATIO":0.387403829193},{"SECUCODE":"02530.HK","SECURITY_CODE":"02530","SECURITY_NAME_ABBR":"纽曼思","ORG_CODE":"10000016347","STD_REPORT_DATE":"2020-06-30 00:00:00","REPORT_DATE":"2020-06-30 00:00:00","DATE_TYPE_CODE":"002","REPORT_TYPE":"2020年中报","PER_NETCASH_OPERATE":null,"PER_OI":null,"BPS":0.101519,"BASIC_EPS":null,"DILUTED_EPS":null,"OPERATE_INCOME":112128000,"OPERATE_INCOME_YOY":66.2091251371,"GROSS_PROFIT":77621000,"GROSS_PROFIT_YOY":65.669220754274,"HOLDER_PROFIT":40030000,"HOLDER_PROFIT_YOY":169.036897641,"GROSS_PROFIT_RATIO":69.225349600457,"EPS_TTM":null,"OPERATE_INCOME_QOQ":25.226904330244,"NET_PROFIT_RATIO":35.7002711187,"ROE_AVG":43.511815474249,"GROSS_PROFIT_QOQ":24.683315817763,"ROA":29.139535645521,"HOLDER_PROFIT_QOQ":52.381547433094,"ROE_YEARLY":87.023630948499,"ROIC_YEARLY":85.146661561696,"TOTAL_ASSETS":142833000,"TOTAL_LIABILITIES":41314000,"TAX_EBT":27.400340962676,"OCF_SALES":1.9522331621,"TOTAL_PARENT_EQUITY":101519000,"DEBT_ASSET_RATIO":28.9246882723,"OPERATE_PROFIT":null,"PRETAX_PROFIT":55138000,"NETCASH_OPERATE":2189000,"NETCASH_INVEST":-7354000,"NETCASH_FINANCE":-21960000,"END_CASH":29790000,"DIVI_RATIO":null,"DIVIDEND_RATE":null,"CURRENT_RATIO":3.299021312534,"COMMON_ACS":5000000000,"CURRENTDEBT_DEBT":97.443965725904,"ISSUED_COMMON_SHARES":1000000000,"HK_COMMON_SHARES":1000000000,"PER_SHARES":8000,"TOTAL_MARKET_CAP":null,"HKSK_MARKET_CAP":null,"PE_TTM":null,"PB_TTM":null,"REPORT_DATE_SQ":"2019-06-30 00:00:00","REPORT_TYPE_SQ":"2019年中报","OPERATE_INCOME_SQ":67462000,"DPS_HKD":null,"OPERATE_INCOME_QOQ_SQ":7.041545984725,"NET_PROFIT_RATIO_SQ":22.0553793247,"HOLDER_PROFIT_SQ":14879000,"HOLDER_PROFIT_QOQ_SQ":1.75216559793,"ROE_AVG_SQ":22.992999644574,"PE_TTM_SQ":null,"PB_TTM_SQ":null,"ROA_SQ":14.604436592069,"START_DATE":"2020-01-01 00:00:00","FISCAL_YEAR":"12-31","CURRENCY":"HKD","IS_CNY_CODE":0,"DPS_HKD_LY":null,"ORG_TYPE":"一般企业","PREMIUM_INCOME":null,"PREMIUM_INCOME_YOY":null,"NET_INTEREST_INCOME":null,"NET_INTEREST_INCOME_YOY":null,"FEE_COMMISSION_INCOME":null,"FEE_COMMISSION_INCOME_YOY":null,"ACCOUNTS_RECE_TDAYS":8.502919541973,"INVENTORY_TDAYS":1.146088313931,"CURRENT_ASSETS_TDAYS":0.889378898984,"TOTAL_ASSETS_TDAYS":0.816227292746,"PREMIUM_EXPENSE":null,"LOAN_DEPOSIT":null,"LOAN_EQUITY":null,"LOAN_ASSETS":null,"DEPOSIT_EQUITY":null,"DEPOSIT_ASSETS":null,"EQUITY_MULTIPLIER":1.406958303371,"EQUITY_RATIO":0.406958303372},{"SECUCODE":"02530.HK","SECURITY_CODE":"02530","SECURITY_NAME_ABBR":"纽曼思","ORG_CODE":"10000016347","STD_REPORT_DATE":"2019-12-31 00:00:00","REPORT_DATE":"2019-12-31 00:00:00","DATE_TYPE_CODE":"001","REPORT_TYPE":"2019年年报","PER_NETCASH_OPERATE":null,"PER_OI":null,"BPS":0.082477,"BASIC_EPS":null,"DILUTED_EPS":null,"OPERATE_INCOME":177057000,"OPERATE_INCOME_YOY":38.9761461841,"GROSS_PROFIT":124651000,"GROSS_PROFIT_YOY":46.537900874636,"HOLDER_PROFIT":48015000,"HOLDER_PROFIT_YOY":35.0404994938,"GROSS_PROFIT_RATIO":70.401622076506,"EPS_TTM":null,"OPERATE_INCOME_QOQ":29.833836858006,"NET_PROFIT_RATIO":27.1183856046,"ROE_AVG":59.056861370429,"GROSS_PROFIT_QOQ":33.719882426141,"ROA":38.200825834785,"HOLDER_PROFIT_QOQ":32.715110975981,"ROE_YEARLY":59.056861370429,"ROIC_YEARLY":60.268865793041,"TOTAL_ASSETS":131914000,"TOTAL_LIABILITIES":49437000,"TAX_EBT":28.568240649826,"OCF_SALES":27.522775151505,"TOTAL_PARENT_EQUITY":82477000,"DEBT_ASSET_RATIO":37.4766893582,"OPERATE_PROFIT":null,"PRETAX_PROFIT":67218000,"NETCASH_OPERATE":48731000,"NETCASH_INVEST":-3802000,"NETCASH_FINANCE":-23198000,"END_CASH":56905000,"DIVI_RATIO":null,"DIVIDEND_RATE":null,"CURRENT_RATIO":2.511881959208,"COMMON_ACS":5000000000,"CURRENTDEBT_DEBT":96.100086979388,"ISSUED_COMMON_SHARES":1000000000,"HK_COMMON_SHARES":1000000000,"PER_SHARES":8000,"TOTAL_MARKET_CAP":null,"HKSK_MARKET_CAP":null,"PE_TTM":null,"PB_TTM":null,"REPORT_DATE_SQ":"2018-12-31 00:00:00","REPORT_TYPE_SQ":"2018年年报","OPERATE_INCOME_SQ":127401000,"DPS_HKD":null,"OPERATE_INCOME_QOQ_SQ":18.439841585631,"NET_PROFIT_RATIO_SQ":27.9087291309,"HOLDER_PROFIT_SQ":35556000,"HOLDER_PROFIT_QOQ_SQ":100.983550958114,"ROE_AVG_SQ":50.324470833009,"PE_TTM_SQ":null,"PB_TTM_SQ":null,"ROA_SQ":35.375056585565,"START_DATE":"2019-01-01 00:00:00","FISCAL_YEAR":"12-31","CURRENCY":"HKD","IS_CNY_CODE":0,"DPS_HKD_LY":null,"ORG_TYPE":"一般企业","PREMIUM_INCOME":null,"PREMIUM_INCOME_YOY":null,"NET_INTEREST_INCOME":null,"NET_INTEREST_INCOME_YOY":null,"FEE_COMMISSION_INCOME":null,"FEE_COMMISSION_INCOME_YOY":null,"ACCOUNTS_RECE_TDAYS":25.112687043472,"INVENTORY_TDAYS":2.220828477593,"CURRENT_ASSETS_TDAYS":1.532649201245,"TOTAL_ASSETS_TDAYS":1.40866887844,"PREMIUM_EXPENSE":null,"LOAN_DEPOSIT":null,"LOAN_EQUITY":null,"LOAN_ASSETS":null,"DEPOSIT_EQUITY":null,"DEPOSIT_ASSETS":null,"EQUITY_MULTIPLIER":1.599403470058,"EQUITY_RATIO":0.599403470058}],"count":14},"success":true,"message":"ok","code":0}