{"version":"453bc409fe695066200cf8b7db80b457","result":{"pages":1,"data":[{"SECUCODE":"02535.HK","SECURITY_CODE":"02535","SECURITY_NAME_ABBR":"泓基集团","ORG_CODE":"10000593678","STD_REPORT_DATE":"2024-06-30 00:00:00","REPORT_DATE":"2024-06-30 00:00:00","DATE_TYPE_CODE":"002","REPORT_TYPE":"2024年中报","PER_NETCASH_OPERATE":0.00652201128,"PER_OI":0.07835722872,"BPS":0.10733710042,"BASIC_EPS":0.007392708,"DILUTED_EPS":0.007392708,"OPERATE_INCOME":156714457.44,"OPERATE_INCOME_YOY":28.8654068415,"GROSS_PROFIT":29771621.6,"GROSS_PROFIT_YOY":19.441326035744,"HOLDER_PROFIT":12231737.36,"HOLDER_PROFIT_YOY":44.2160766168,"GROSS_PROFIT_RATIO":18.997367624106,"EPS_TTM":0.01325252616,"OPERATE_INCOME_QOQ":10.093497462238,"NET_PROFIT_RATIO":7.8051110024,"ROE_AVG":7.21612293577,"GROSS_PROFIT_QOQ":7.521123688128,"ROA":4.63572608331,"HOLDER_PROFIT_QOQ":16.040160647599,"ROE_YEARLY":14.43224587154,"ROIC_YEARLY":11.857684778642,"TOTAL_ASSETS":293098967.88,"TOTAL_LIABILITIES":78424767.04,"TAX_EBT":22.723865536528,"OCF_SALES":8.323432804529,"TOTAL_PARENT_EQUITY":214674200.84,"DEBT_ASSET_RATIO":26.7570942359,"OPERATE_PROFIT":15736428.56,"PRETAX_PROFIT":15828609.24,"NETCASH_OPERATE":13044022.56,"NETCASH_INVEST":-42005184.32,"NETCASH_FINANCE":87217526.16,"END_CASH":66109975.8,"DIVI_RATIO":null,"DIVIDEND_RATE":null,"CURRENT_RATIO":3.536926543909,"COMMON_ACS":10000000000,"CURRENTDEBT_DEBT":99.668326971418,"ISSUED_COMMON_SHARES":2000000000,"HK_COMMON_SHARES":2000000000,"PER_SHARES":10000,"TOTAL_MARKET_CAP":1200000000,"HKSK_MARKET_CAP":1200000000,"PE_TTM":40.936071501672,"PB_TTM":5.101758831357,"REPORT_DATE_SQ":"2023-06-30 00:00:00","REPORT_TYPE_SQ":"2023年中报","OPERATE_INCOME_SQ":122850147.08,"DPS_HKD":null,"OPERATE_INCOME_QOQ_SQ":0,"NET_PROFIT_RATIO_SQ":6.9743181784,"HOLDER_PROFIT_SQ":8567960.14,"HOLDER_PROFIT_QOQ_SQ":0,"ROE_AVG_SQ":null,"PE_TTM_SQ":null,"PB_TTM_SQ":null,"ROA_SQ":null,"START_DATE":"2024-01-01 00:00:00","FISCAL_YEAR":"12-31","CURRENCY":"HKD","IS_CNY_CODE":0,"DPS_HKD_LY":null,"ORG_TYPE":"一般企业","PREMIUM_INCOME":null,"PREMIUM_INCOME_YOY":null,"NET_INTEREST_INCOME":null,"NET_INTEREST_INCOME_YOY":null,"FEE_COMMISSION_INCOME":null,"FEE_COMMISSION_INCOME_YOY":null,"ACCOUNTS_RECE_TDAYS":4.023290415549,"INVENTORY_TDAYS":null,"CURRENT_ASSETS_TDAYS":0.63438486562,"TOTAL_ASSETS_TDAYS":0.593934677147,"PREMIUM_EXPENSE":null,"LOAN_DEPOSIT":null,"LOAN_EQUITY":null,"LOAN_ASSETS":null,"DEPOSIT_EQUITY":null,"DEPOSIT_ASSETS":null,"EQUITY_MULTIPLIER":1.365319944051,"EQUITY_RATIO":0.365319944051},{"SECUCODE":"02535.HK","SECURITY_CODE":"02535","SECURITY_NAME_ABBR":"泓基集团","ORG_CODE":"10000593678","STD_REPORT_DATE":"2023-12-31 00:00:00","REPORT_DATE":"2023-12-31 00:00:00","DATE_TYPE_CODE":"001","REPORT_TYPE":"2023年年报","PER_NETCASH_OPERATE":null,"PER_OI":null,"BPS":0.06172853463,"BASIC_EPS":0.015224496,"DILUTED_EPS":0.015224496,"OPERATE_INCOME":335506205.72,"OPERATE_INCOME_YOY":10.0605260654,"GROSS_PROFIT":64430429.56,"GROSS_PROFIT_YOY":7.75292248616,"HOLDER_PROFIT":22841275.1,"HOLDER_PROFIT_YOY":-35.8079714759,"GROSS_PROFIT_RATIO":19.203945698033,"EPS_TTM":null,"OPERATE_INCOME_QOQ":16.237782063291,"NET_PROFIT_RATIO":6.8080037599,"ROE_AVG":18.892815782866,"GROSS_PROFIT_QOQ":10.429903547191,"ROA":11.090894289983,"HOLDER_PROFIT_QOQ":-0.019383338434,"ROE_YEARLY":18.892815782866,"ROIC_YEARLY":13.443132695267,"TOTAL_ASSETS":232956538.08,"TOTAL_LIABILITIES":109499468.82,"TAX_EBT":25.103259739102,"OCF_SALES":-6.204318443329,"TOTAL_PARENT_EQUITY":123457069.26,"DEBT_ASSET_RATIO":47.0042479694,"OPERATE_PROFIT":30909351.76,"PRETAX_PROFIT":30497021.66,"NETCASH_OPERATE":-20815873.4,"NETCASH_INVEST":-3786187.16,"NETCASH_FINANCE":-29788357.62,"END_CASH":7838803,"DIVI_RATIO":null,"DIVIDEND_RATE":null,"CURRENT_RATIO":1.975000207089,"COMMON_ACS":10000000000,"CURRENTDEBT_DEBT":99.9089637593,"ISSUED_COMMON_SHARES":2000000000,"HK_COMMON_SHARES":2000000000,"PER_SHARES":10000,"TOTAL_MARKET_CAP":1180000000,"HKSK_MARKET_CAP":1180000000,"PE_TTM":40.25380364331,"PB_TTM":5.016729517501,"REPORT_DATE_SQ":"2022-12-31 00:00:00","REPORT_TYPE_SQ":"2022年年报","OPERATE_INCOME_SQ":300481735.68,"DPS_HKD":null,"OPERATE_INCOME_QOQ_SQ":60.644822883519,"NET_PROFIT_RATIO_SQ":11.6726717085,"HOLDER_PROFIT_SQ":35074246.55,"HOLDER_PROFIT_QOQ_SQ":147.456330974107,"ROE_AVG_SQ":34.378296976303,"PE_TTM_SQ":null,"PB_TTM_SQ":null,"ROA_SQ":22.430926286144,"START_DATE":"2023-01-01 00:00:00","FISCAL_YEAR":"12-31","CURRENCY":"HKD","IS_CNY_CODE":0,"DPS_HKD_LY":null,"ORG_TYPE":"一般企业","PREMIUM_INCOME":null,"PREMIUM_INCOME_YOY":null,"NET_INTEREST_INCOME":null,"NET_INTEREST_INCOME_YOY":null,"FEE_COMMISSION_INCOME":null,"FEE_COMMISSION_INCOME_YOY":null,"ACCOUNTS_RECE_TDAYS":12.834569784372,"INVENTORY_TDAYS":null,"CURRENT_ASSETS_TDAYS":1.791890112869,"TOTAL_ASSETS_TDAYS":1.629096381433,"PREMIUM_EXPENSE":null,"LOAN_DEPOSIT":null,"LOAN_EQUITY":null,"LOAN_ASSETS":null,"DEPOSIT_EQUITY":null,"DEPOSIT_ASSETS":null,"EQUITY_MULTIPLIER":1.886943692058,"EQUITY_RATIO":0.886943692057},{"SECUCODE":"02535.HK","SECURITY_CODE":"02535","SECURITY_NAME_ABBR":"泓基集团","ORG_CODE":"10000593678","STD_REPORT_DATE":"2023-09-30 00:00:00","REPORT_DATE":"2023-09-30 00:00:00","DATE_TYPE_CODE":"004","REPORT_TYPE":"2023年三季报","PER_NETCASH_OPERATE":null,"PER_OI":null,"BPS":0.058053403135,"BASIC_EPS":13869977.45,"DILUTED_EPS":13869977.45,"OPERATE_INCOME":215677919.94,"OPERATE_INCOME_YOY":-6.5681882327,"GROSS_PROFIT":43123104.22,"GROSS_PROFIT_YOY":-3.252014616954,"HOLDER_PROFIT":13869977.45,"HOLDER_PROFIT_YOY":-47.6192126421,"GROSS_PROFIT_RATIO":19.994213701614,"EPS_TTM":null,"OPERATE_INCOME_QOQ":-3.941640869851,"NET_PROFIT_RATIO":6.4308750074,"ROE_AVG":11.757293372278,"GROSS_PROFIT_QOQ":-2.424145068538,"ROA":7.179669872937,"HOLDER_PROFIT_QOQ":-34.864735219808,"ROE_YEARLY":15.676391163037,"ROIC_YEARLY":9.131578708892,"TOTAL_ASSETS":205179315.11,"TOTAL_LIABILITIES":89072508.84,"TAX_EBT":27.230272976746,"OCF_SALES":-6.285366621568,"TOTAL_PARENT_EQUITY":116106806.27,"DEBT_ASSET_RATIO":43.4120314673,"OPERATE_PROFIT":19392274.79,"PRETAX_PROFIT":19060092.73,"NETCASH_OPERATE":-13556147.99,"NETCASH_INVEST":-3607203.53,"NETCASH_FINANCE":-28250157.18,"END_CASH":17546003.23,"DIVI_RATIO":null,"DIVIDEND_RATE":null,"CURRENT_RATIO":2.106448607805,"COMMON_ACS":10000000000,"CURRENTDEBT_DEBT":99.528165821898,"ISSUED_COMMON_SHARES":2000000000,"HK_COMMON_SHARES":2000000000,"PER_SHARES":10000,"TOTAL_MARKET_CAP":1180000000,"HKSK_MARKET_CAP":1180000000,"PE_TTM":40.25380364331,"PB_TTM":5.016729517501,"REPORT_DATE_SQ":"2022-09-30 00:00:00","REPORT_TYPE_SQ":"2022年三季报","OPERATE_INCOME_SQ":227521830.84,"DPS_HKD":null,"OPERATE_INCOME_QOQ_SQ":0,"NET_PROFIT_RATIO_SQ":11.4707764717,"HOLDER_PROFIT_SQ":26098520.64,"HOLDER_PROFIT_QOQ_SQ":0,"ROE_AVG_SQ":null,"PE_TTM_SQ":null,"PB_TTM_SQ":null,"ROA_SQ":null,"START_DATE":"2023-01-01 00:00:00","FISCAL_YEAR":"12-31","CURRENCY":"HKD","IS_CNY_CODE":0,"DPS_HKD_LY":null,"ORG_TYPE":"一般企业","PREMIUM_INCOME":null,"PREMIUM_INCOME_YOY":null,"NET_INTEREST_INCOME":null,"NET_INTEREST_INCOME_YOY":null,"FEE_COMMISSION_INCOME":null,"FEE_COMMISSION_INCOME_YOY":null,"ACCOUNTS_RECE_TDAYS":13.718438101909,"INVENTORY_TDAYS":null,"CURRENT_ASSETS_TDAYS":1.242587971578,"TOTAL_ASSETS_TDAYS":1.116437477734,"PREMIUM_EXPENSE":null,"LOAN_DEPOSIT":null,"LOAN_EQUITY":null,"LOAN_ASSETS":null,"DEPOSIT_EQUITY":null,"DEPOSIT_ASSETS":null,"EQUITY_MULTIPLIER":1.767160097684,"EQUITY_RATIO":0.767160097685},{"SECUCODE":"02535.HK","SECURITY_CODE":"02535","SECURITY_NAME_ABBR":"泓基集团","ORG_CODE":"10000593678","STD_REPORT_DATE":"2023-06-30 00:00:00","REPORT_DATE":"2023-06-30 00:00:00","DATE_TYPE_CODE":"002","REPORT_TYPE":"2023年中报","PER_NETCASH_OPERATE":null,"PER_OI":null,"BPS":null,"BASIC_EPS":0.005716276,"DILUTED_EPS":0.005716276,"OPERATE_INCOME":122850147.08,"OPERATE_INCOME_YOY":null,"GROSS_PROFIT":24925729.3,"GROSS_PROFIT_YOY":null,"HOLDER_PROFIT":8567960.14,"HOLDER_PROFIT_YOY":null,"GROSS_PROFIT_RATIO":20.28953964847,"EPS_TTM":0.206319097353,"OPERATE_INCOME_QOQ":0,"NET_PROFIT_RATIO":6.9743181784,"ROE_AVG":null,"GROSS_PROFIT_QOQ":0,"ROA":null,"HOLDER_PROFIT_QOQ":0,"ROE_YEARLY":null,"ROIC_YEARLY":null,"TOTAL_ASSETS":null,"TOTAL_LIABILITIES":null,"TAX_EBT":22.911654914973,"OCF_SALES":-10.067093946535,"TOTAL_PARENT_EQUITY":null,"DEBT_ASSET_RATIO":null,"OPERATE_PROFIT":11370779.34,"PRETAX_PROFIT":11114468.9,"NETCASH_OPERATE":-12367439.72,"NETCASH_INVEST":-3340333.54,"NETCASH_FINANCE":-28217197.9,"END_CASH":19464841.76,"DIVI_RATIO":null,"DIVIDEND_RATE":null,"CURRENT_RATIO":null,"COMMON_ACS":10000000000,"CURRENTDEBT_DEBT":null,"ISSUED_COMMON_SHARES":2000000000,"HK_COMMON_SHARES":2000000000,"PER_SHARES":10000,"TOTAL_MARKET_CAP":1180000000,"HKSK_MARKET_CAP":1180000000,"PE_TTM":40.25380364331,"PB_TTM":5.016729517501,"REPORT_DATE_SQ":"2022-06-30 00:00:00","REPORT_TYPE_SQ":"2022年中报","OPERATE_INCOME_SQ":null,"DPS_HKD":null,"OPERATE_INCOME_QOQ_SQ":0,"NET_PROFIT_RATIO_SQ":null,"HOLDER_PROFIT_SQ":null,"HOLDER_PROFIT_QOQ_SQ":0,"ROE_AVG_SQ":null,"PE_TTM_SQ":null,"PB_TTM_SQ":null,"ROA_SQ":null,"START_DATE":"2023-01-01 00:00:00","FISCAL_YEAR":"12-31","CURRENCY":"HKD","IS_CNY_CODE":0,"DPS_HKD_LY":null,"ORG_TYPE":"一般企业","PREMIUM_INCOME":null,"PREMIUM_INCOME_YOY":null,"NET_INTEREST_INCOME":null,"NET_INTEREST_INCOME_YOY":null,"FEE_COMMISSION_INCOME":null,"FEE_COMMISSION_INCOME_YOY":null,"ACCOUNTS_RECE_TDAYS":null,"INVENTORY_TDAYS":null,"CURRENT_ASSETS_TDAYS":1.524553775744,"TOTAL_ASSETS_TDAYS":1.349647764278,"PREMIUM_EXPENSE":null,"LOAN_DEPOSIT":null,"LOAN_EQUITY":null,"LOAN_ASSETS":null,"DEPOSIT_EQUITY":null,"DEPOSIT_ASSETS":null,"EQUITY_MULTIPLIER":null,"EQUITY_RATIO":null},{"SECUCODE":"02535.HK","SECURITY_CODE":"02535","SECURITY_NAME_ABBR":"泓基集团","ORG_CODE":"10000593678","STD_REPORT_DATE":"2022-12-31 00:00:00","REPORT_DATE":"2022-12-31 00:00:00","DATE_TYPE_CODE":"001","REPORT_TYPE":"2022年年报","PER_NETCASH_OPERATE":0.415144605235,"PER_OI":1.767539621647,"BPS":0.05832517138,"BASIC_EPS":0.023403674,"DILUTED_EPS":0.023403674,"OPERATE_INCOME":300481735.68,"OPERATE_INCOME_YOY":47.0364024198,"GROSS_PROFIT":59794600.53,"GROSS_PROFIT_YOY":106.494892699157,"HOLDER_PROFIT":35074246.55,"HOLDER_PROFIT_YOY":126.4940009229,"GROSS_PROFIT_RATIO":19.899579052511,"EPS_TTM":0.206319097353,"OPERATE_INCOME_QOQ":60.644822883519,"NET_PROFIT_RATIO":11.6726717085,"ROE_AVG":34.378296976303,"GROSS_PROFIT_QOQ":106.494892699157,"ROA":22.430926286144,"HOLDER_PROFIT_QOQ":147.456330974107,"ROE_YEARLY":34.378296976303,"ROIC_YEARLY":29.358326354827,"TOTAL_ASSETS":176378841.31,"TOTAL_LIABILITIES":59728498.55,"TAX_EBT":15.479163079043,"OCF_SALES":23.487145643075,"TOTAL_PARENT_EQUITY":116650342.76,"DEBT_ASSET_RATIO":33.8637549189,"OPERATE_PROFIT":41800569.65,"PRETAX_PROFIT":41497751.12,"NETCASH_OPERATE":70574582.89,"NETCASH_INVEST":-5850025.23,"NETCASH_FINANCE":-13768863.78,"END_CASH":61364075.92,"DIVI_RATIO":null,"DIVIDEND_RATE":null,"CURRENT_RATIO":2.789079827039,"COMMON_ACS":10000000000,"CURRENTDEBT_DEBT":93.730651312346,"ISSUED_COMMON_SHARES":2000000000,"HK_COMMON_SHARES":2000000000,"PER_SHARES":10000,"TOTAL_MARKET_CAP":1180000000,"HKSK_MARKET_CAP":1180000000,"PE_TTM":40.25380364331,"PB_TTM":5.016729517501,"REPORT_DATE_SQ":"2021-12-31 00:00:00","REPORT_TYPE_SQ":"2021年年报","OPERATE_INCOME_SQ":187047257.6,"DPS_HKD":null,"OPERATE_INCOME_QOQ_SQ":-31.468735961034,"NET_PROFIT_RATIO_SQ":7.5777179424,"HOLDER_PROFIT_SQ":14173913.6,"HOLDER_PROFIT_QOQ_SQ":-54.119688996639,"ROE_AVG_SQ":19.371780402499,"PE_TTM_SQ":null,"PB_TTM_SQ":null,"ROA_SQ":10.965870814502,"START_DATE":"2022-01-01 00:00:00","FISCAL_YEAR":"12-31","CURRENCY":"HKD","IS_CNY_CODE":0,"DPS_HKD_LY":null,"ORG_TYPE":"一般企业","PREMIUM_INCOME":null,"PREMIUM_INCOME_YOY":null,"NET_INTEREST_INCOME":null,"NET_INTEREST_INCOME_YOY":null,"FEE_COMMISSION_INCOME":null,"FEE_COMMISSION_INCOME_YOY":null,"ACCOUNTS_RECE_TDAYS":18.38817066171,"INVENTORY_TDAYS":null,"CURRENT_ASSETS_TDAYS":2.170758543251,"TOTAL_ASSETS_TDAYS":1.921661710897,"PREMIUM_EXPENSE":null,"LOAN_DEPOSIT":null,"LOAN_EQUITY":null,"LOAN_ASSETS":null,"DEPOSIT_EQUITY":null,"DEPOSIT_ASSETS":null,"EQUITY_MULTIPLIER":1.512030201856,"EQUITY_RATIO":0.512030201856},{"SECUCODE":"02535.HK","SECURITY_CODE":"02535","SECURITY_NAME_ABBR":"泓基集团","ORG_CODE":"10000593678","STD_REPORT_DATE":"2022-09-30 00:00:00","REPORT_DATE":"2022-09-30 00:00:00","DATE_TYPE_CODE":"004","REPORT_TYPE":"2022年三季报","PER_NETCASH_OPERATE":null,"PER_OI":null,"BPS":null,"BASIC_EPS":26098520.64,"DILUTED_EPS":26098520.64,"OPERATE_INCOME":227521830.84,"OPERATE_INCOME_YOY":null,"GROSS_PROFIT":44572612.08,"GROSS_PROFIT_YOY":null,"HOLDER_PROFIT":26098520.64,"HOLDER_PROFIT_YOY":null,"GROSS_PROFIT_RATIO":19.59047706123,"EPS_TTM":0.083375962353,"OPERATE_INCOME_QOQ":0,"NET_PROFIT_RATIO":11.4707764717,"ROE_AVG":null,"GROSS_PROFIT_QOQ":0,"ROA":null,"HOLDER_PROFIT_QOQ":0,"ROE_YEARLY":null,"ROIC_YEARLY":null,"TOTAL_ASSETS":null,"TOTAL_LIABILITIES":null,"TAX_EBT":16.323039002465,"OCF_SALES":27.289603714407,"TOTAL_PARENT_EQUITY":null,"DEBT_ASSET_RATIO":null,"OPERATE_PROFIT":31409392.32,"PRETAX_PROFIT":31189613.4,"NETCASH_OPERATE":62089806,"NETCASH_INVEST":-5951215.2,"NETCASH_FINANCE":-9726347.76,"END_CASH":56916409.2,"DIVI_RATIO":null,"DIVIDEND_RATE":null,"CURRENT_RATIO":null,"COMMON_ACS":10000000000,"CURRENTDEBT_DEBT":null,"ISSUED_COMMON_SHARES":2000000000,"HK_COMMON_SHARES":2000000000,"PER_SHARES":10000,"TOTAL_MARKET_CAP":1180000000,"HKSK_MARKET_CAP":1180000000,"PE_TTM":40.25380364331,"PB_TTM":5.016729517501,"REPORT_DATE_SQ":"2021-09-30 00:00:00","REPORT_TYPE_SQ":"2021年三季报","OPERATE_INCOME_SQ":null,"DPS_HKD":null,"OPERATE_INCOME_QOQ_SQ":0,"NET_PROFIT_RATIO_SQ":null,"HOLDER_PROFIT_SQ":null,"HOLDER_PROFIT_QOQ_SQ":0,"ROE_AVG_SQ":null,"PE_TTM_SQ":null,"PB_TTM_SQ":null,"ROA_SQ":null,"START_DATE":"2022-01-01 00:00:00","FISCAL_YEAR":"12-31","CURRENCY":"HKD","IS_CNY_CODE":0,"DPS_HKD_LY":null,"ORG_TYPE":"一般企业","PREMIUM_INCOME":null,"PREMIUM_INCOME_YOY":null,"NET_INTEREST_INCOME":null,"NET_INTEREST_INCOME_YOY":null,"FEE_COMMISSION_INCOME":null,"FEE_COMMISSION_INCOME_YOY":null,"ACCOUNTS_RECE_TDAYS":null,"INVENTORY_TDAYS":null,"CURRENT_ASSETS_TDAYS":3.723437164657,"TOTAL_ASSETS_TDAYS":3.296048321585,"PREMIUM_EXPENSE":null,"LOAN_DEPOSIT":null,"LOAN_EQUITY":null,"LOAN_ASSETS":null,"DEPOSIT_EQUITY":null,"DEPOSIT_ASSETS":null,"EQUITY_MULTIPLIER":null,"EQUITY_RATIO":null},{"SECUCODE":"02535.HK","SECURITY_CODE":"02535","SECURITY_NAME_ABBR":"泓基集团","ORG_CODE":"10000593678","STD_REPORT_DATE":"2021-12-31 00:00:00","REPORT_DATE":"2021-12-31 00:00:00","DATE_TYPE_CODE":"001","REPORT_TYPE":"2021年年报","PER_NETCASH_OPERATE":0.055091811765,"PER_OI":1.100277985882,"BPS":0.0399974008,"BASIC_EPS":14173913.6,"DILUTED_EPS":14173913.6,"OPERATE_INCOME":187047257.6,"OPERATE_INCOME_YOY":-29.453702219,"GROSS_PROFIT":28956939.2,"GROSS_PROFIT_YOY":-37.48796418968,"HOLDER_PROFIT":14173913.6,"HOLDER_PROFIT_YOY":-52.7706641966,"GROSS_PROFIT_RATIO":15.481081931671,"EPS_TTM":0.083375962353,"OPERATE_INCOME_QOQ":-31.468735961034,"NET_PROFIT_RATIO":7.5777179424,"ROE_AVG":19.371780402499,"GROSS_PROFIT_QOQ":-37.48796418968,"ROA":10.965870814502,"HOLDER_PROFIT_QOQ":-54.119688996639,"ROE_YEARLY":19.371780402499,"ROIC_YEARLY":11.959326149643,"TOTAL_ASSETS":124801734.4,"TOTAL_LIABILITIES":44806932.8,"TAX_EBT":17.191306424648,"OCF_SALES":5.00708116236,"TOTAL_PARENT_EQUITY":79994801.6,"DEBT_ASSET_RATIO":35.9024920731,"OPERATE_PROFIT":17514627.2,"PRETAX_PROFIT":17116456,"NETCASH_OPERATE":9365608,"NETCASH_INVEST":-945963.2,"NETCASH_FINANCE":-10734270.4,"END_CASH":9589630.4,"DIVI_RATIO":null,"DIVIDEND_RATE":null,"CURRENT_RATIO":2.488361386321,"COMMON_ACS":10000000000,"CURRENTDEBT_DEBT":99.085816469901,"ISSUED_COMMON_SHARES":2000000000,"HK_COMMON_SHARES":2000000000,"PER_SHARES":10000,"TOTAL_MARKET_CAP":1180000000,"HKSK_MARKET_CAP":1180000000,"PE_TTM":40.25380364331,"PB_TTM":5.016729517501,"REPORT_DATE_SQ":"2020-12-31 00:00:00","REPORT_TYPE_SQ":"2020年年报","OPERATE_INCOME_SQ":272937118.88,"DPS_HKD":null,"OPERATE_INCOME_QOQ_SQ":null,"NET_PROFIT_RATIO_SQ":11.3188114415,"HOLDER_PROFIT_SQ":30893237.84,"HOLDER_PROFIT_QOQ_SQ":null,"ROE_AVG_SQ":45.237302966441,"PE_TTM_SQ":null,"PB_TTM_SQ":null,"ROA_SQ":22.445073591909,"START_DATE":"2021-01-01 00:00:00","FISCAL_YEAR":"12-31","CURRENCY":"HKD","IS_CNY_CODE":0,"DPS_HKD_LY":null,"ORG_TYPE":"一般企业","PREMIUM_INCOME":null,"PREMIUM_INCOME_YOY":null,"NET_INTEREST_INCOME":null,"NET_INTEREST_INCOME_YOY":null,"FEE_COMMISSION_INCOME":null,"FEE_COMMISSION_INCOME_YOY":null,"ACCOUNTS_RECE_TDAYS":13.862691631825,"INVENTORY_TDAYS":null,"CURRENT_ASSETS_TDAYS":1.655445888448,"TOTAL_ASSETS_TDAYS":1.44712047846,"PREMIUM_EXPENSE":null,"LOAN_DEPOSIT":null,"LOAN_EQUITY":null,"LOAN_ASSETS":null,"DEPOSIT_EQUITY":null,"DEPOSIT_ASSETS":null,"EQUITY_MULTIPLIER":1.560123056797,"EQUITY_RATIO":0.560123056796},{"SECUCODE":"02535.HK","SECURITY_CODE":"02535","SECURITY_NAME_ABBR":"泓基集团","ORG_CODE":"10000593678","STD_REPORT_DATE":"2020-12-31 00:00:00","REPORT_DATE":"2020-12-31 00:00:00","DATE_TYPE_CODE":"001","REPORT_TYPE":"2020年年报","PER_NETCASH_OPERATE":0.041958229412,"PER_OI":1.605512464,"BPS":0.03414575562,"BASIC_EPS":30893237.84,"DILUTED_EPS":30893237.84,"OPERATE_INCOME":272937118.88,"OPERATE_INCOME_YOY":null,"GROSS_PROFIT":46322182.32,"GROSS_PROFIT_YOY":null,"HOLDER_PROFIT":30893237.84,"HOLDER_PROFIT_YOY":null,"GROSS_PROFIT_RATIO":16.971741516905,"EPS_TTM":0.181724928471,"OPERATE_INCOME_QOQ":null,"NET_PROFIT_RATIO":11.3188114415,"ROE_AVG":45.237302966441,"GROSS_PROFIT_QOQ":null,"ROA":22.445073591909,"HOLDER_PROFIT_QOQ":null,"ROE_YEARLY":45.237302966441,"ROIC_YEARLY":24.634733995074,"TOTAL_ASSETS":137639280.68,"TOTAL_LIABILITIES":69347769.44,"TAX_EBT":15.476546848735,"OCF_SALES":2.613385467418,"TOTAL_PARENT_EQUITY":68291511.24,"DEBT_ASSET_RATIO":50.3837052166,"OPERATE_PROFIT":36947996,"PRETAX_PROFIT":36549900.28,"NETCASH_OPERATE":7132899,"NETCASH_INVEST":-3534888,"NETCASH_FINANCE":-6664947.16,"END_CASH":12234079.04,"DIVI_RATIO":null,"DIVIDEND_RATE":null,"CURRENT_RATIO":1.769822477794,"COMMON_ACS":10000000000,"CURRENTDEBT_DEBT":96.874848293607,"ISSUED_COMMON_SHARES":2000000000,"HK_COMMON_SHARES":2000000000,"PER_SHARES":10000,"TOTAL_MARKET_CAP":1180000000,"HKSK_MARKET_CAP":1180000000,"PE_TTM":40.25380364331,"PB_TTM":5.016729517501,"REPORT_DATE_SQ":"2019-12-31 00:00:00","REPORT_TYPE_SQ":"2019年年报","OPERATE_INCOME_SQ":null,"DPS_HKD":null,"OPERATE_INCOME_QOQ_SQ":null,"NET_PROFIT_RATIO_SQ":null,"HOLDER_PROFIT_SQ":null,"HOLDER_PROFIT_QOQ_SQ":null,"ROE_AVG_SQ":null,"PE_TTM_SQ":null,"PB_TTM_SQ":null,"ROA_SQ":null,"START_DATE":"2020-01-01 00:00:00","FISCAL_YEAR":"12-31","CURRENCY":"HKD","IS_CNY_CODE":0,"DPS_HKD_LY":null,"ORG_TYPE":"一般企业","PREMIUM_INCOME":null,"PREMIUM_INCOME_YOY":null,"NET_INTEREST_INCOME":null,"NET_INTEREST_INCOME_YOY":null,"FEE_COMMISSION_INCOME":null,"FEE_COMMISSION_INCOME_YOY":null,"ACCOUNTS_RECE_TDAYS":29.718841642229,"INVENTORY_TDAYS":null,"CURRENT_ASSETS_TDAYS":4.591127565142,"TOTAL_ASSETS_TDAYS":3.965977118328,"PREMIUM_EXPENSE":null,"LOAN_DEPOSIT":null,"LOAN_EQUITY":null,"LOAN_ASSETS":null,"DEPOSIT_EQUITY":null,"DEPOSIT_ASSETS":null,"EQUITY_MULTIPLIER":2.015466903294,"EQUITY_RATIO":1.015466903292}],"count":8},"success":true,"message":"ok","code":0}