{"version":"bdff62e2104ab67aee729ae6bb2e2606","result":{"pages":1,"data":[{"SECUCODE":"02540.HK","SECURITY_CODE":"02540","SECURITY_NAME_ABBR":"乐思集团","ORG_CODE":"10000540418","STD_REPORT_DATE":"2024-06-30 00:00:00","REPORT_DATE":"2024-06-30 00:00:00","DATE_TYPE_CODE":"002","REPORT_TYPE":"2024年中报","PER_NETCASH_OPERATE":-0.184238,"PER_OI":0.601038,"BPS":1.129412,"BASIC_EPS":0.06,"DILUTED_EPS":0.06,"OPERATE_INCOME":300519000,"OPERATE_INCOME_YOY":-5.8904765931,"GROSS_PROFIT":42998000,"GROSS_PROFIT_YOY":-19.169094839741,"HOLDER_PROFIT":28274000,"HOLDER_PROFIT_YOY":-3.9377569395,"GROSS_PROFIT_RATIO":14.307913975489,"EPS_TTM":0.128144,"OPERATE_INCOME_QOQ":-2.995098929025,"NET_PROFIT_RATIO":9.5035588432,"ROE_AVG":5.720777729555,"GROSS_PROFIT_QOQ":-9.804996249928,"ROA":4.042304516747,"HOLDER_PROFIT_QOQ":-1.776762582208,"ROE_YEARLY":11.44155545911,"ROIC_YEARLY":9.241311348421,"TOTAL_ASSETS":813534000,"TOTAL_LIABILITIES":246611000,"TAX_EBT":3.870750589027,"OCF_SALES":-30.653303118938,"TOTAL_PARENT_EQUITY":564706000,"DEBT_ASSET_RATIO":30.3135455924,"OPERATE_PROFIT":31102000,"PRETAX_PROFIT":29710000,"NETCASH_OPERATE":-92119000,"NETCASH_INVEST":-24000,"NETCASH_FINANCE":108900000,"END_CASH":94102000,"DIVI_RATIO":null,"DIVIDEND_RATE":null,"CURRENT_RATIO":3.304707124097,"COMMON_ACS":5000000000,"CURRENTDEBT_DEBT":99.118855201106,"ISSUED_COMMON_SHARES":500000000,"HK_COMMON_SHARES":500000000,"PER_SHARES":2500,"TOTAL_MARKET_CAP":655000000,"HKSK_MARKET_CAP":655000000,"PE_TTM":9.220569640797,"PB_TTM":1.058613508622,"REPORT_DATE_SQ":"2023-06-30 00:00:00","REPORT_TYPE_SQ":"2023年中报","OPERATE_INCOME_SQ":319329000,"DPS_HKD":null,"OPERATE_INCOME_QOQ_SQ":0,"NET_PROFIT_RATIO_SQ":9.3095209016,"HOLDER_PROFIT_SQ":29433000,"HOLDER_PROFIT_QOQ_SQ":0,"ROE_AVG_SQ":null,"PE_TTM_SQ":null,"PB_TTM_SQ":null,"ROA_SQ":null,"START_DATE":"2024-01-01 00:00:00","FISCAL_YEAR":"12-31","CURRENCY":"HKD","IS_CNY_CODE":0,"DPS_HKD_LY":null,"ORG_TYPE":"一般企业","PREMIUM_INCOME":null,"PREMIUM_INCOME_YOY":null,"NET_INTEREST_INCOME":null,"NET_INTEREST_INCOME_YOY":null,"FEE_COMMISSION_INCOME":null,"FEE_COMMISSION_INCOME_YOY":null,"ACCOUNTS_RECE_TDAYS":0.492360699812,"INVENTORY_TDAYS":null,"CURRENT_ASSETS_TDAYS":0.431878834389,"TOTAL_ASSETS_TDAYS":0.429648903964,"PREMIUM_EXPENSE":null,"LOAN_DEPOSIT":null,"LOAN_EQUITY":null,"LOAN_ASSETS":null,"DEPOSIT_EQUITY":null,"DEPOSIT_ASSETS":null,"EQUITY_MULTIPLIER":1.434999109226,"EQUITY_RATIO":0.436706888186},{"SECUCODE":"02540.HK","SECURITY_CODE":"02540","SECURITY_NAME_ABBR":"乐思集团","ORG_CODE":"10000540418","STD_REPORT_DATE":"2023-12-31 00:00:00","REPORT_DATE":"2023-12-31 00:00:00","DATE_TYPE_CODE":"001","REPORT_TYPE":"2023年年报","PER_NETCASH_OPERATE":0.014655740769,"PER_OI":34.216305770769,"BPS":0.847522,"BASIC_EPS":0.17,"DILUTED_EPS":0.17,"OPERATE_INCOME":628026000,"OPERATE_INCOME_YOY":27.4998477374,"GROSS_PROFIT":103998000,"GROSS_PROFIT_YOY":0.917003871794,"HOLDER_PROFIT":65231000,"HOLDER_PROFIT_YOY":-3.0598900282,"GROSS_PROFIT_RATIO":16.55950549818,"EPS_TTM":3.553935413077,"OPERATE_INCOME_QOQ":-1.741973840666,"NET_PROFIT_RATIO":10.4943107451,"ROE_AVG":16.634620288672,"GROSS_PROFIT_QOQ":-9.423609538574,"ROA":11.991036731753,"HOLDER_PROFIT_QOQ":-13.96597203904,"ROE_YEARLY":16.634620288672,"ROIC_YEARLY":13.750660065833,"TOTAL_ASSETS":585371000,"TOTAL_LIABILITIES":159679000,"TAX_EBT":3.665862749397,"OCF_SALES":0.042832621579,"TOTAL_PARENT_EQUITY":423761000,"DEBT_ASSET_RATIO":27.278256012,"OPERATE_PROFIT":70660000,"PRETAX_PROFIT":68415000,"NETCASH_OPERATE":269000,"NETCASH_INVEST":-166000,"NETCASH_FINANCE":17552000,"END_CASH":76846000,"DIVI_RATIO":null,"DIVIDEND_RATE":null,"CURRENT_RATIO":3.667948186398,"COMMON_ACS":5000000000,"CURRENTDEBT_DEBT":99.69125558151,"ISSUED_COMMON_SHARES":500000000,"HK_COMMON_SHARES":500000000,"PER_SHARES":2500,"TOTAL_MARKET_CAP":850000000,"HKSK_MARKET_CAP":850000000,"PE_TTM":11.965624724698,"PB_TTM":1.373773255464,"REPORT_DATE_SQ":"2022-12-31 00:00:00","REPORT_TYPE_SQ":"2022年年报","OPERATE_INCOME_SQ":492570000,"DPS_HKD":null,"OPERATE_INCOME_QOQ_SQ":4.76200604024,"NET_PROFIT_RATIO_SQ":13.8674706133,"HOLDER_PROFIT_SQ":67290000,"HOLDER_PROFIT_QOQ_SQ":17.050514890064,"ROE_AVG_SQ":20.575999559675,"PE_TTM_SQ":null,"PB_TTM_SQ":null,"ROA_SQ":13.910537609513,"START_DATE":"2023-01-01 00:00:00","FISCAL_YEAR":"12-31","CURRENCY":"HKD","IS_CNY_CODE":0,"DPS_HKD_LY":null,"ORG_TYPE":"一般企业","PREMIUM_INCOME":null,"PREMIUM_INCOME_YOY":null,"NET_INTEREST_INCOME":null,"NET_INTEREST_INCOME_YOY":null,"FEE_COMMISSION_INCOME":null,"FEE_COMMISSION_INCOME_YOY":null,"ACCOUNTS_RECE_TDAYS":1.326452119807,"INVENTORY_TDAYS":null,"CURRENT_ASSETS_TDAYS":1.159811963113,"TOTAL_ASSETS_TDAYS":1.154463803176,"PREMIUM_EXPENSE":null,"LOAN_DEPOSIT":null,"LOAN_EQUITY":null,"LOAN_ASSETS":null,"DEPOSIT_EQUITY":null,"DEPOSIT_ASSETS":null,"EQUITY_MULTIPLIER":1.375104535674,"EQUITY_RATIO":0.376813817222},{"SECUCODE":"02540.HK","SECURITY_CODE":"02540","SECURITY_NAME_ABBR":"乐思集团","ORG_CODE":"10000540418","STD_REPORT_DATE":"2023-09-30 00:00:00","REPORT_DATE":"2023-09-30 00:00:00","DATE_TYPE_CODE":"004","REPORT_TYPE":"2023年三季报","PER_NETCASH_OPERATE":-3.169660783077,"PER_OI":27.463342521539,"BPS":0.818214,"BASIC_EPS":2.4,"DILUTED_EPS":2.4,"OPERATE_INCOME":497261000,"OPERATE_INCOME_YOY":41.8027153657,"GROSS_PROFIT":77027000,"GROSS_PROFIT_YOY":18.027335968864,"HOLDER_PROFIT":48419000,"HOLDER_PROFIT_YOY":21.3843415478,"GROSS_PROFIT_RATIO":15.490255620288,"EPS_TTM":4.187480276923,"OPERATE_INCOME_QOQ":29.760237123658,"NET_PROFIT_RATIO":9.8360820575,"ROE_AVG":12.582475124281,"GROSS_PROFIT_QOQ":11.41645561022,"ROA":9.012881128774,"HOLDER_PROFIT_QOQ":12.676474959132,"ROE_YEARLY":16.776633499042,"ROIC_YEARLY":9.707019189902,"TOTAL_ASSETS":571815000,"TOTAL_LIABILITIES":160961000,"TAX_EBT":3.098563645369,"OCF_SALES":-11.541423920235,"TOTAL_PARENT_EQUITY":409107000,"DEBT_ASSET_RATIO":28.1491391447,"OPERATE_PROFIT":51850000,"PRETAX_PROFIT":50475000,"NETCASH_OPERATE":-57391000,"NETCASH_INVEST":-132000,"NETCASH_FINANCE":12965000,"END_CASH":14635000,"DIVI_RATIO":null,"DIVIDEND_RATE":null,"CURRENT_RATIO":3.548298251517,"COMMON_ACS":5000000000,"CURRENTDEBT_DEBT":99.702412385609,"ISSUED_COMMON_SHARES":500000000,"HK_COMMON_SHARES":500000000,"PER_SHARES":2500,"TOTAL_MARKET_CAP":850000000,"HKSK_MARKET_CAP":850000000,"PE_TTM":11.965624724698,"PB_TTM":1.373773255464,"REPORT_DATE_SQ":"2022-09-30 00:00:00","REPORT_TYPE_SQ":"2022年三季报","OPERATE_INCOME_SQ":350671000,"DPS_HKD":null,"OPERATE_INCOME_QOQ_SQ":0,"NET_PROFIT_RATIO_SQ":11.4055624788,"HOLDER_PROFIT_SQ":39889000,"HOLDER_PROFIT_QOQ_SQ":0,"ROE_AVG_SQ":null,"PE_TTM_SQ":null,"PB_TTM_SQ":null,"ROA_SQ":null,"START_DATE":"2023-01-01 00:00:00","FISCAL_YEAR":"12-31","CURRENCY":"HKD","IS_CNY_CODE":0,"DPS_HKD_LY":null,"ORG_TYPE":"一般企业","PREMIUM_INCOME":null,"PREMIUM_INCOME_YOY":null,"NET_INTEREST_INCOME":null,"NET_INTEREST_INCOME_YOY":null,"FEE_COMMISSION_INCOME":null,"FEE_COMMISSION_INCOME_YOY":null,"ACCOUNTS_RECE_TDAYS":0.999832108327,"INVENTORY_TDAYS":null,"CURRENT_ASSETS_TDAYS":0.930737620153,"TOTAL_ASSETS_TDAYS":0.925618927069,"PREMIUM_EXPENSE":null,"LOAN_DEPOSIT":null,"LOAN_EQUITY":null,"LOAN_ASSETS":null,"DEPOSIT_EQUITY":null,"DEPOSIT_ASSETS":null,"EQUITY_MULTIPLIER":1.391771772942,"EQUITY_RATIO":0.393444746729},{"SECUCODE":"02540.HK","SECURITY_CODE":"02540","SECURITY_NAME_ABBR":"乐思集团","ORG_CODE":"10000540418","STD_REPORT_DATE":"2023-06-30 00:00:00","REPORT_DATE":"2023-06-30 00:00:00","DATE_TYPE_CODE":"002","REPORT_TYPE":"2023年中报","PER_NETCASH_OPERATE":null,"PER_OI":null,"BPS":null,"BASIC_EPS":0.08,"DILUTED_EPS":0.08,"OPERATE_INCOME":319329000,"OPERATE_INCOME_YOY":null,"GROSS_PROFIT":53195000,"GROSS_PROFIT_YOY":null,"HOLDER_PROFIT":29433000,"HOLDER_PROFIT_YOY":null,"GROSS_PROFIT_RATIO":16.658368015432,"EPS_TTM":3.604984107692,"OPERATE_INCOME_QOQ":0,"NET_PROFIT_RATIO":9.3095209016,"ROE_AVG":null,"GROSS_PROFIT_QOQ":0,"ROA":null,"HOLDER_PROFIT_QOQ":0,"ROE_YEARLY":null,"ROIC_YEARLY":null,"TOTAL_ASSETS":null,"TOTAL_LIABILITIES":null,"TAX_EBT":3.282688616326,"OCF_SALES":-10.660478691256,"TOTAL_PARENT_EQUITY":null,"DEBT_ASSET_RATIO":null,"OPERATE_PROFIT":31619000,"PRETAX_PROFIT":30737000,"NETCASH_OPERATE":-34042000,"NETCASH_INVEST":-61000,"NETCASH_FINANCE":-4513000,"END_CASH":20581000,"DIVI_RATIO":null,"DIVIDEND_RATE":null,"CURRENT_RATIO":null,"COMMON_ACS":5000000000,"CURRENTDEBT_DEBT":null,"ISSUED_COMMON_SHARES":500000000,"HK_COMMON_SHARES":500000000,"PER_SHARES":2500,"TOTAL_MARKET_CAP":850000000,"HKSK_MARKET_CAP":850000000,"PE_TTM":11.965624724698,"PB_TTM":1.373773255464,"REPORT_DATE_SQ":"2022-06-30 00:00:00","REPORT_TYPE_SQ":"2022年中报","OPERATE_INCOME_SQ":null,"DPS_HKD":null,"OPERATE_INCOME_QOQ_SQ":0,"NET_PROFIT_RATIO_SQ":null,"HOLDER_PROFIT_SQ":null,"HOLDER_PROFIT_QOQ_SQ":0,"ROE_AVG_SQ":null,"PE_TTM_SQ":null,"PB_TTM_SQ":null,"ROA_SQ":null,"START_DATE":"2023-01-01 00:00:00","FISCAL_YEAR":"12-31","CURRENCY":"HKD","IS_CNY_CODE":0,"DPS_HKD_LY":null,"ORG_TYPE":"一般企业","PREMIUM_INCOME":null,"PREMIUM_INCOME_YOY":null,"NET_INTEREST_INCOME":null,"NET_INTEREST_INCOME_YOY":null,"FEE_COMMISSION_INCOME":null,"FEE_COMMISSION_INCOME_YOY":null,"ACCOUNTS_RECE_TDAYS":null,"INVENTORY_TDAYS":null,"CURRENT_ASSETS_TDAYS":1.279637261993,"TOTAL_ASSETS_TDAYS":1.270645113156,"PREMIUM_EXPENSE":null,"LOAN_DEPOSIT":null,"LOAN_EQUITY":null,"LOAN_ASSETS":null,"DEPOSIT_EQUITY":null,"DEPOSIT_ASSETS":null,"EQUITY_MULTIPLIER":null,"EQUITY_RATIO":null},{"SECUCODE":"02540.HK","SECURITY_CODE":"02540","SECURITY_NAME_ABBR":"乐思集团","ORG_CODE":"10000540418","STD_REPORT_DATE":"2022-12-31 00:00:00","REPORT_DATE":"2022-12-31 00:00:00","DATE_TYPE_CODE":"001","REPORT_TYPE":"2022年年报","PER_NETCASH_OPERATE":0.778106541538,"PER_OI":26.3888694,"BPS":0.721038,"BASIC_EPS":0.18,"DILUTED_EPS":0.18,"OPERATE_INCOME":492570000,"OPERATE_INCOME_YOY":4.7620060402,"GROSS_PROFIT":103053000,"GROSS_PROFIT_YOY":9.992421897514,"HOLDER_PROFIT":67290000,"HOLDER_PROFIT_YOY":17.0505148901,"GROSS_PROFIT_RATIO":20.921493391802,"EPS_TTM":3.604984107692,"OPERATE_INCOME_QOQ":4.76200604024,"NET_PROFIT_RATIO":13.8674706133,"ROE_AVG":20.575999559675,"GROSS_PROFIT_QOQ":9.992421897514,"ROA":13.910537609513,"HOLDER_PROFIT_QOQ":17.050514890064,"ROE_YEARLY":20.575999559675,"ROIC_YEARLY":15.812292183149,"TOTAL_ASSETS":502625000,"TOTAL_LIABILITIES":140851000,"TAX_EBT":3.810569895653,"OCF_SALES":2.948616440303,"TOTAL_PARENT_EQUITY":360519000,"DEBT_ASSET_RATIO":28.0230788361,"OPERATE_PROFIT":72604000,"PRETAX_PROFIT":71013000,"NETCASH_OPERATE":14524000,"NETCASH_INVEST":-24000,"NETCASH_FINANCE":-11207000,"END_CASH":59195000,"DIVI_RATIO":null,"DIVIDEND_RATE":null,"CURRENT_RATIO":3.569998998584,"COMMON_ACS":5000000000,"CURRENTDEBT_DEBT":99.255241354339,"ISSUED_COMMON_SHARES":500000000,"HK_COMMON_SHARES":500000000,"PER_SHARES":2500,"TOTAL_MARKET_CAP":850000000,"HKSK_MARKET_CAP":850000000,"PE_TTM":11.965624724698,"PB_TTM":1.373773255464,"REPORT_DATE_SQ":"2021-12-31 00:00:00","REPORT_TYPE_SQ":"2021年年报","OPERATE_INCOME_SQ":470180000,"DPS_HKD":null,"OPERATE_INCOME_QOQ_SQ":24.495918361943,"NET_PROFIT_RATIO_SQ":12.2268067549,"HOLDER_PROFIT_SQ":57488000,"HOLDER_PROFIT_QOQ_SQ":15.500371687461,"ROE_AVG_SQ":21.709928795452,"PE_TTM_SQ":null,"PB_TTM_SQ":null,"ROA_SQ":13.559977686232,"START_DATE":"2022-01-01 00:00:00","FISCAL_YEAR":"12-31","CURRENCY":"HKD","IS_CNY_CODE":0,"DPS_HKD_LY":null,"ORG_TYPE":"一般企业","PREMIUM_INCOME":null,"PREMIUM_INCOME_YOY":null,"NET_INTEREST_INCOME":null,"NET_INTEREST_INCOME_YOY":null,"FEE_COMMISSION_INCOME":null,"FEE_COMMISSION_INCOME_YOY":null,"ACCOUNTS_RECE_TDAYS":1.167356118624,"INVENTORY_TDAYS":null,"CURRENT_ASSETS_TDAYS":1.027241492573,"TOTAL_ASSETS_TDAYS":1.01826623723,"PREMIUM_EXPENSE":null,"LOAN_DEPOSIT":null,"LOAN_EQUITY":null,"LOAN_ASSETS":null,"DEPOSIT_EQUITY":null,"DEPOSIT_ASSETS":null,"EQUITY_MULTIPLIER":1.389334225234,"EQUITY_RATIO":0.3906895337},{"SECUCODE":"02540.HK","SECURITY_CODE":"02540","SECURITY_NAME_ABBR":"乐思集团","ORG_CODE":"10000540418","STD_REPORT_DATE":"2022-09-30 00:00:00","REPORT_DATE":"2022-09-30 00:00:00","DATE_TYPE_CODE":"004","REPORT_TYPE":"2022年三季报","PER_NETCASH_OPERATE":null,"PER_OI":null,"BPS":null,"BASIC_EPS":2,"DILUTED_EPS":2,"OPERATE_INCOME":350671000,"OPERATE_INCOME_YOY":null,"GROSS_PROFIT":65262000,"GROSS_PROFIT_YOY":null,"HOLDER_PROFIT":39889000,"HOLDER_PROFIT_YOY":null,"GROSS_PROFIT_RATIO":18.610606522923,"EPS_TTM":0.063237791856,"OPERATE_INCOME_QOQ":0,"NET_PROFIT_RATIO":11.4055624788,"ROE_AVG":null,"GROSS_PROFIT_QOQ":0,"ROA":null,"HOLDER_PROFIT_QOQ":0,"ROE_YEARLY":null,"ROIC_YEARLY":null,"TOTAL_ASSETS":null,"TOTAL_LIABILITIES":null,"TAX_EBT":3.300210343077,"OCF_SALES":3.715448383242,"TOTAL_PARENT_EQUITY":null,"DEBT_ASSET_RATIO":null,"OPERATE_PROFIT":42572000,"PRETAX_PROFIT":41361000,"NETCASH_OPERATE":13029000,"NETCASH_INVEST":-37000,"NETCASH_FINANCE":-14924000,"END_CASH":53969000,"DIVI_RATIO":null,"DIVIDEND_RATE":null,"CURRENT_RATIO":null,"COMMON_ACS":5000000000,"CURRENTDEBT_DEBT":null,"ISSUED_COMMON_SHARES":500000000,"HK_COMMON_SHARES":500000000,"PER_SHARES":2500,"TOTAL_MARKET_CAP":850000000,"HKSK_MARKET_CAP":850000000,"PE_TTM":11.965624724698,"PB_TTM":1.373773255464,"REPORT_DATE_SQ":"2021-09-30 00:00:00","REPORT_TYPE_SQ":"2021年三季报","OPERATE_INCOME_SQ":null,"DPS_HKD":null,"OPERATE_INCOME_QOQ_SQ":0,"NET_PROFIT_RATIO_SQ":null,"HOLDER_PROFIT_SQ":null,"HOLDER_PROFIT_QOQ_SQ":0,"ROE_AVG_SQ":null,"PE_TTM_SQ":null,"PB_TTM_SQ":null,"ROA_SQ":null,"START_DATE":"2022-01-01 00:00:00","FISCAL_YEAR":"12-31","CURRENCY":"HKD","IS_CNY_CODE":0,"DPS_HKD_LY":null,"ORG_TYPE":"一般企业","PREMIUM_INCOME":null,"PREMIUM_INCOME_YOY":null,"NET_INTEREST_INCOME":null,"NET_INTEREST_INCOME_YOY":null,"FEE_COMMISSION_INCOME":null,"FEE_COMMISSION_INCOME_YOY":null,"ACCOUNTS_RECE_TDAYS":null,"INVENTORY_TDAYS":null,"CURRENT_ASSETS_TDAYS":1.524915094299,"TOTAL_ASSETS_TDAYS":1.508771778859,"PREMIUM_EXPENSE":null,"LOAN_DEPOSIT":null,"LOAN_EQUITY":null,"LOAN_ASSETS":null,"DEPOSIT_EQUITY":null,"DEPOSIT_ASSETS":null,"EQUITY_MULTIPLIER":null,"EQUITY_RATIO":null},{"SECUCODE":"02540.HK","SECURITY_CODE":"02540","SECURITY_NAME_ABBR":"乐思集团","ORG_CODE":"10000540418","STD_REPORT_DATE":"2021-12-31 00:00:00","REPORT_DATE":"2021-12-31 00:00:00","DATE_TYPE_CODE":"001","REPORT_TYPE":"2021年年报","PER_NETCASH_OPERATE":0.047570246118,"PER_OI":0.517206112146,"BPS":0.587088,"BASIC_EPS":2.9,"DILUTED_EPS":2.9,"OPERATE_INCOME":470180000,"OPERATE_INCOME_YOY":24.4959183619,"GROSS_PROFIT":93691000,"GROSS_PROFIT_YOY":21.903014689618,"HOLDER_PROFIT":57488000,"HOLDER_PROFIT_YOY":15.5003716875,"GROSS_PROFIT_RATIO":19.926623846187,"EPS_TTM":0.063237791856,"OPERATE_INCOME_QOQ":24.495918361943,"NET_PROFIT_RATIO":12.2268067549,"ROE_AVG":21.709928795452,"GROSS_PROFIT_QOQ":21.903014689618,"ROA":13.559977686232,"HOLDER_PROFIT_QOQ":15.500371687461,"ROE_YEARLY":21.709928795452,"ROIC_YEARLY":15.007903636978,"TOTAL_ASSETS":464843000,"TOTAL_LIABILITIES":171299000,"TAX_EBT":3.655164323183,"OCF_SALES":9.197541367136,"TOTAL_PARENT_EQUITY":293544000,"DEBT_ASSET_RATIO":36.8509367679,"OPERATE_PROFIT":62901000,"PRETAX_PROFIT":59669000,"NETCASH_OPERATE":43245000,"NETCASH_INVEST":-155000,"NETCASH_FINANCE":-13077000,"END_CASH":55908000,"DIVI_RATIO":null,"DIVIDEND_RATE":null,"CURRENT_RATIO":2.729637015407,"COMMON_ACS":5000000000,"CURRENTDEBT_DEBT":98.361344783099,"ISSUED_COMMON_SHARES":500000000,"HK_COMMON_SHARES":500000000,"PER_SHARES":2500,"TOTAL_MARKET_CAP":850000000,"HKSK_MARKET_CAP":850000000,"PE_TTM":11.965624724698,"PB_TTM":1.373773255464,"REPORT_DATE_SQ":"2020-12-31 00:00:00","REPORT_TYPE_SQ":"2020年年报","OPERATE_INCOME_SQ":377667000,"DPS_HKD":null,"OPERATE_INCOME_QOQ_SQ":-11.058908309901,"NET_PROFIT_RATIO_SQ":13.179070451,"HOLDER_PROFIT_SQ":49773000,"HOLDER_PROFIT_QOQ_SQ":1.511257953989,"ROE_AVG_SQ":23.574798226668,"PE_TTM_SQ":null,"PB_TTM_SQ":null,"ROA_SQ":13.345506318423,"START_DATE":"2021-01-01 00:00:00","FISCAL_YEAR":"12-31","CURRENCY":"HKD","IS_CNY_CODE":0,"DPS_HKD_LY":null,"ORG_TYPE":"一般企业","PREMIUM_INCOME":null,"PREMIUM_INCOME_YOY":null,"NET_INTEREST_INCOME":null,"NET_INTEREST_INCOME_YOY":null,"FEE_COMMISSION_INCOME":null,"FEE_COMMISSION_INCOME_YOY":null,"ACCOUNTS_RECE_TDAYS":1.238495619511,"INVENTORY_TDAYS":null,"CURRENT_ASSETS_TDAYS":1.117476705371,"TOTAL_ASSETS_TDAYS":1.109036722188,"PREMIUM_EXPENSE":null,"LOAN_DEPOSIT":null,"LOAN_EQUITY":null,"LOAN_ASSETS":null,"DEPOSIT_EQUITY":null,"DEPOSIT_ASSETS":null,"EQUITY_MULTIPLIER":1.583554765214,"EQUITY_RATIO":0.583554765214},{"SECUCODE":"02540.HK","SECURITY_CODE":"02540","SECURITY_NAME_ABBR":"乐思集团","ORG_CODE":"10000540418","STD_REPORT_DATE":"2020-12-31 00:00:00","REPORT_DATE":"2020-12-31 00:00:00","DATE_TYPE_CODE":"001","REPORT_TYPE":"2020年年报","PER_NETCASH_OPERATE":-0.016106236077,"PER_OI":0.425162078727,"BPS":0.472114,"BASIC_EPS":2.5,"DILUTED_EPS":2.5,"OPERATE_INCOME":377667000,"OPERATE_INCOME_YOY":-11.0589083099,"GROSS_PROFIT":76857000,"GROSS_PROFIT_YOY":1.974286510369,"HOLDER_PROFIT":49773000,"HOLDER_PROFIT_YOY":1.511257954,"GROSS_PROFIT_RATIO":20.350467475316,"EPS_TTM":0.056032409886,"OPERATE_INCOME_QOQ":-11.058908309901,"NET_PROFIT_RATIO":13.179070451,"ROE_AVG":23.574798226668,"GROSS_PROFIT_QOQ":1.974286510369,"ROA":13.345506318423,"HOLDER_PROFIT_QOQ":1.511257953989,"ROE_YEARLY":23.574798226668,"ROIC_YEARLY":14.553466217935,"TOTAL_ASSETS":383064000,"TOTAL_LIABILITIES":147007000,"TAX_EBT":3.678832681813,"OCF_SALES":-3.788257909746,"TOTAL_PARENT_EQUITY":236057000,"DEBT_ASSET_RATIO":38.376615918,"OPERATE_PROFIT":54692000,"PRETAX_PROFIT":51674000,"NETCASH_OPERATE":-14307000,"NETCASH_INVEST":388000,"NETCASH_FINANCE":3804000,"END_CASH":25896000,"DIVI_RATIO":null,"DIVIDEND_RATE":null,"CURRENT_RATIO":2.6019843164,"COMMON_ACS":5000000000,"CURRENTDEBT_DEBT":99.757154421218,"ISSUED_COMMON_SHARES":500000000,"HK_COMMON_SHARES":500000000,"PER_SHARES":2500,"TOTAL_MARKET_CAP":850000000,"HKSK_MARKET_CAP":850000000,"PE_TTM":11.965624724698,"PB_TTM":1.373773255464,"REPORT_DATE_SQ":"2019-12-31 00:00:00","REPORT_TYPE_SQ":"2019年年报","OPERATE_INCOME_SQ":424626000,"DPS_HKD":null,"OPERATE_INCOME_QOQ_SQ":null,"NET_PROFIT_RATIO_SQ":11.5471026268,"HOLDER_PROFIT_SQ":49032000,"HOLDER_PROFIT_QOQ_SQ":null,"ROE_AVG_SQ":26.333116719209,"PE_TTM_SQ":null,"PB_TTM_SQ":null,"ROA_SQ":13.51302190988,"START_DATE":"2020-01-01 00:00:00","FISCAL_YEAR":"12-31","CURRENCY":"HKD","IS_CNY_CODE":0,"DPS_HKD_LY":null,"ORG_TYPE":"一般企业","PREMIUM_INCOME":null,"PREMIUM_INCOME_YOY":null,"NET_INTEREST_INCOME":null,"NET_INTEREST_INCOME_YOY":null,"FEE_COMMISSION_INCOME":null,"FEE_COMMISSION_INCOME_YOY":null,"ACCOUNTS_RECE_TDAYS":1.111388385756,"INVENTORY_TDAYS":null,"CURRENT_ASSETS_TDAYS":1.017997789698,"TOTAL_ASSETS_TDAYS":1.012628801712,"PREMIUM_EXPENSE":null,"LOAN_DEPOSIT":null,"LOAN_EQUITY":null,"LOAN_ASSETS":null,"DEPOSIT_EQUITY":null,"DEPOSIT_ASSETS":null,"EQUITY_MULTIPLIER":1.622760604431,"EQUITY_RATIO":0.62276060443},{"SECUCODE":"02540.HK","SECURITY_CODE":"02540","SECURITY_NAME_ABBR":"乐思集团","ORG_CODE":"10000540418","STD_REPORT_DATE":"2019-12-31 00:00:00","REPORT_DATE":"2019-12-31 00:00:00","DATE_TYPE_CODE":"001","REPORT_TYPE":"2019年年报","PER_NETCASH_OPERATE":0.039889115576,"PER_OI":0.51842420392,"BPS":0.372398,"BASIC_EPS":null,"DILUTED_EPS":null,"OPERATE_INCOME":424626000,"OPERATE_INCOME_YOY":null,"GROSS_PROFIT":75369000,"GROSS_PROFIT_YOY":null,"HOLDER_PROFIT":49032000,"HOLDER_PROFIT_YOY":null,"GROSS_PROFIT_RATIO":17.749501914626,"EPS_TTM":0.059862974869,"OPERATE_INCOME_QOQ":null,"NET_PROFIT_RATIO":11.5471026268,"ROE_AVG":26.333116719209,"GROSS_PROFIT_QOQ":null,"ROA":13.51302190988,"HOLDER_PROFIT_QOQ":null,"ROE_YEARLY":26.333116719209,"ROIC_YEARLY":15.002111163465,"TOTAL_ASSETS":362850000,"TOTAL_LIABILITIES":176651000,"TAX_EBT":3.55435787486,"OCF_SALES":7.694300396113,"TOTAL_PARENT_EQUITY":186199000,"DEBT_ASSET_RATIO":48.6843048091,"OPERATE_PROFIT":54641000,"PRETAX_PROFIT":50839000,"NETCASH_OPERATE":32672000,"NETCASH_INVEST":-213000,"NETCASH_FINANCE":-28430000,"END_CASH":36016000,"DIVI_RATIO":null,"DIVIDEND_RATE":null,"CURRENT_RATIO":2.046186950696,"COMMON_ACS":5000000000,"CURRENTDEBT_DEBT":99.706200361164,"ISSUED_COMMON_SHARES":500000000,"HK_COMMON_SHARES":500000000,"PER_SHARES":2500,"TOTAL_MARKET_CAP":850000000,"HKSK_MARKET_CAP":850000000,"PE_TTM":11.965624724698,"PB_TTM":1.373773255464,"REPORT_DATE_SQ":"2018-12-31 00:00:00","REPORT_TYPE_SQ":"2018年年报","OPERATE_INCOME_SQ":null,"DPS_HKD":null,"OPERATE_INCOME_QOQ_SQ":null,"NET_PROFIT_RATIO_SQ":null,"HOLDER_PROFIT_SQ":null,"HOLDER_PROFIT_QOQ_SQ":null,"ROE_AVG_SQ":null,"PE_TTM_SQ":null,"PB_TTM_SQ":null,"ROA_SQ":null,"START_DATE":"2019-01-01 00:00:00","FISCAL_YEAR":"12-31","CURRENCY":"HKD","IS_CNY_CODE":0,"DPS_HKD_LY":null,"ORG_TYPE":"一般企业","PREMIUM_INCOME":null,"PREMIUM_INCOME_YOY":null,"NET_INTEREST_INCOME":null,"NET_INTEREST_INCOME_YOY":null,"FEE_COMMISSION_INCOME":null,"FEE_COMMISSION_INCOME_YOY":null,"ACCOUNTS_RECE_TDAYS":1.309083173793,"INVENTORY_TDAYS":null,"CURRENT_ASSETS_TDAYS":2.35642163269,"TOTAL_ASSETS_TDAYS":2.340504340637,"PREMIUM_EXPENSE":null,"LOAN_DEPOSIT":null,"LOAN_EQUITY":null,"LOAN_ASSETS":null,"DEPOSIT_EQUITY":null,"DEPOSIT_ASSETS":null,"EQUITY_MULTIPLIER":1.948721529115,"EQUITY_RATIO":0.948721529117}],"count":9},"success":true,"message":"ok","code":0}