{"version":"933cfc54b2e65ebb83c324e02845ec64","result":{"pages":1,"data":[{"SECUCODE":"02555.HK","SECURITY_CODE":"02555","SECURITY_NAME_ABBR":"茶百道","ORG_CODE":"10000595290","STD_REPORT_DATE":"2024-06-30 00:00:00","REPORT_DATE":"2024-06-30 00:00:00","DATE_TYPE_CODE":"002","REPORT_TYPE":"2024年中报","PER_NETCASH_OPERATE":0.036393985859,"PER_OI":1.621395145653,"BPS":2.758236688138,"BASIC_EPS":0.178,"DILUTED_EPS":0.177,"OPERATE_INCOME":2395829000,"OPERATE_INCOME_YOY":-9.9549705134,"GROSS_PROFIT":760056000,"GROSS_PROFIT_YOY":-18.60717146492,"HOLDER_PROFIT":237047000,"HOLDER_PROFIT_YOY":-59.6963029965,"GROSS_PROFIT_RATIO":31.724133901042,"EPS_TTM":0.53335661379,"OPERATE_INCOME_QOQ":-4.643368598499,"NET_PROFIT_RATIO":9.9601432323,"ROE_AVG":9.677874376294,"GROSS_PROFIT_QOQ":-8.848028956371,"ROA":5.540300675841,"HOLDER_PROFIT_QOQ":-30.820014905053,"ROE_YEARLY":19.355748752588,"ROIC_YEARLY":21.984582310836,"TOTAL_ASSETS":5471691000,"TOTAL_LIABILITIES":1377475000,"TAX_EBT":22.86896373392,"OCF_SALES":2.244609277206,"TOTAL_PARENT_EQUITY":4075665000,"DEBT_ASSET_RATIO":25.1745758304,"OPERATE_PROFIT":318977000,"PRETAX_PROFIT":309380000,"NETCASH_OPERATE":53777000,"NETCASH_INVEST":124705000,"NETCASH_FINANCE":2240504000,"END_CASH":3134975000,"DIVI_RATIO":1.186826491158,"DIVIDEND_RATE":7.425144076841,"CURRENT_RATIO":3.542136835862,"COMMON_ACS":null,"CURRENTDEBT_DEBT":86.782192054302,"ISSUED_COMMON_SHARES":1477634250,"HK_COMMON_SHARES":1477634250,"PER_SHARES":200,"TOTAL_MARKET_CAP":13845432922.5,"HKSK_MARKET_CAP":13845432922.5,"PE_TTM":15.753037602329,"PB_TTM":3.100463291195,"REPORT_DATE_SQ":"2023-06-30 00:00:00","REPORT_TYPE_SQ":"2023年中报","OPERATE_INCOME_SQ":2660701000,"DPS_HKD":0.695736,"OPERATE_INCOME_QOQ_SQ":0,"NET_PROFIT_RATIO_SQ":22.376133207,"HOLDER_PROFIT_SQ":588152000,"HOLDER_PROFIT_QOQ_SQ":0,"ROE_AVG_SQ":null,"PE_TTM_SQ":null,"PB_TTM_SQ":null,"ROA_SQ":null,"START_DATE":"2024-01-01 00:00:00","FISCAL_YEAR":"12-31","CURRENCY":"HKD","IS_CNY_CODE":0,"DPS_HKD_LY":0.3069,"ORG_TYPE":"一般企业","PREMIUM_INCOME":null,"PREMIUM_INCOME_YOY":null,"NET_INTEREST_INCOME":null,"NET_INTEREST_INCOME_YOY":null,"FEE_COMMISSION_INCOME":null,"FEE_COMMISSION_INCOME_YOY":null,"ACCOUNTS_RECE_TDAYS":17.93976720068,"INVENTORY_TDAYS":8.793745682483,"CURRENT_ASSETS_TDAYS":0.700931477449,"TOTAL_ASSETS_TDAYS":0.559957013921,"PREMIUM_EXPENSE":null,"LOAN_DEPOSIT":null,"LOAN_EQUITY":null,"LOAN_ASSETS":null,"DEPOSIT_EQUITY":null,"DEPOSIT_ASSETS":null,"EQUITY_MULTIPLIER":1.336444144618,"EQUITY_RATIO":0.337975520559},{"SECUCODE":"02555.HK","SECURITY_CODE":"02555","SECURITY_NAME_ABBR":"茶百道","ORG_CODE":"10000595290","STD_REPORT_DATE":"2023-12-31 00:00:00","REPORT_DATE":"2023-12-31 00:00:00","DATE_TYPE_CODE":"001","REPORT_TYPE":"2023年年报","PER_NETCASH_OPERATE":1.104724647601,"PER_OI":4.540235914008,"BPS":0.557022822123,"BASIC_EPS":0.981,"DILUTED_EPS":0.981,"OPERATE_INCOME":5704307000,"OPERATE_INCOME_YOY":34.8003743203,"GROSS_PROFIT":1963782000,"GROSS_PROFIT_YOY":34.857631804663,"HOLDER_PROFIT":1139211000,"HOLDER_PROFIT_YOY":19.3746096681,"GROSS_PROFIT_RATIO":34.426302791908,"EPS_TTM":0.90673357795,"OPERATE_INCOME_QOQ":22.327909506237,"NET_PROFIT_RATIO":20.1738791408,"ROE_AVG":154.606494848649,"GROSS_PROFIT_QOQ":21.985099269872,"ROA":47.781667736906,"HOLDER_PROFIT_QOQ":8.671609243866,"ROE_YEARLY":154.606494848649,"ROIC_YEARLY":63.986041382146,"TOTAL_ASSETS":3085498000,"TOTAL_LIABILITIES":2238852000,"TAX_EBT":15.746115233906,"OCF_SALES":24.331877649643,"TOTAL_PARENT_EQUITY":823076000,"DEBT_ASSET_RATIO":72.5604748407,"OPERATE_PROFIT":1369540000,"PRETAX_PROFIT":1365848000,"NETCASH_OPERATE":1387965000,"NETCASH_INVEST":-922544000,"NETCASH_FINANCE":24537000,"END_CASH":715989000,"DIVI_RATIO":0.698112184079,"DIVIDEND_RATE":7.150421377184,"CURRENT_RATIO":2.534795066116,"COMMON_ACS":null,"CURRENTDEBT_DEBT":45.847291379689,"ISSUED_COMMON_SHARES":1477634250,"HK_COMMON_SHARES":1477634250,"PER_SHARES":200,"TOTAL_MARKET_CAP":14377381252.5,"HKSK_MARKET_CAP":14377381252.5,"PE_TTM":16.358277040626,"PB_TTM":3.219584612948,"REPORT_DATE_SQ":"2022-12-31 00:00:00","REPORT_TYPE_SQ":"2022年年报","OPERATE_INCOME_SQ":4231670000,"DPS_HKD":0.695736,"OPERATE_INCOME_QOQ_SQ":16.120398144014,"NET_PROFIT_RATIO_SQ":22.7985405289,"HOLDER_PROFIT_SQ":954316000,"HOLDER_PROFIT_QOQ_SQ":26.263005810938,"ROE_AVG_SQ":201.563394352602,"PE_TTM_SQ":null,"PB_TTM_SQ":null,"ROA_SQ":69.881416673135,"START_DATE":"2023-01-01 00:00:00","FISCAL_YEAR":"12-31","CURRENCY":"HKD","IS_CNY_CODE":0,"DPS_HKD_LY":null,"ORG_TYPE":"一般企业","PREMIUM_INCOME":null,"PREMIUM_INCOME_YOY":null,"NET_INTEREST_INCOME":null,"NET_INTEREST_INCOME_YOY":null,"FEE_COMMISSION_INCOME":null,"FEE_COMMISSION_INCOME_YOY":null,"ACCOUNTS_RECE_TDAYS":88.506105413415,"INVENTORY_TDAYS":19.004318557094,"CURRENT_ASSETS_TDAYS":2.887437261476,"TOTAL_ASSETS_TDAYS":2.392544504427,"PREMIUM_EXPENSE":null,"LOAN_DEPOSIT":null,"LOAN_EQUITY":null,"LOAN_ASSETS":null,"DEPOSIT_EQUITY":null,"DEPOSIT_ASSETS":null,"EQUITY_MULTIPLIER":3.644377933636,"EQUITY_RATIO":2.720103611331},{"SECUCODE":"02555.HK","SECURITY_CODE":"02555","SECURITY_NAME_ABBR":"茶百道","ORG_CODE":"10000595290","STD_REPORT_DATE":"2023-06-30 00:00:00","REPORT_DATE":"2023-06-30 00:00:00","DATE_TYPE_CODE":"002","REPORT_TYPE":"2023年中报","PER_NETCASH_OPERATE":null,"PER_OI":null,"BPS":null,"BASIC_EPS":0.549,"DILUTED_EPS":0.549,"OPERATE_INCOME":2660701000,"OPERATE_INCOME_YOY":null,"GROSS_PROFIT":933812000,"GROSS_PROFIT_YOY":null,"HOLDER_PROFIT":588152000,"HOLDER_PROFIT_YOY":null,"GROSS_PROFIT_RATIO":35.096465179665,"EPS_TTM":1.048306,"OPERATE_INCOME_QOQ":0,"NET_PROFIT_RATIO":22.376133207,"ROE_AVG":null,"GROSS_PROFIT_QOQ":0,"ROA":null,"HOLDER_PROFIT_QOQ":0,"ROE_YEARLY":null,"ROIC_YEARLY":null,"TOTAL_ASSETS":null,"TOTAL_LIABILITIES":null,"TAX_EBT":15.596504559271,"OCF_SALES":27.283223481331,"TOTAL_PARENT_EQUITY":null,"DEBT_ASSET_RATIO":null,"OPERATE_PROFIT":707367000,"PRETAX_PROFIT":705376000,"NETCASH_OPERATE":725925000,"NETCASH_INVEST":-351490000,"NETCASH_FINANCE":467165000,"END_CASH":1067631000,"DIVI_RATIO":0.603833001509,"DIVIDEND_RATE":7.150421377184,"CURRENT_RATIO":null,"COMMON_ACS":null,"CURRENTDEBT_DEBT":null,"ISSUED_COMMON_SHARES":1477634250,"HK_COMMON_SHARES":1477634250,"PER_SHARES":200,"TOTAL_MARKET_CAP":14377381252.5,"HKSK_MARKET_CAP":14377381252.5,"PE_TTM":16.358277040626,"PB_TTM":3.219584612948,"REPORT_DATE_SQ":"2022-06-30 00:00:00","REPORT_TYPE_SQ":"2022年中报","OPERATE_INCOME_SQ":null,"DPS_HKD":0.695736,"OPERATE_INCOME_QOQ_SQ":0,"NET_PROFIT_RATIO_SQ":null,"HOLDER_PROFIT_SQ":null,"HOLDER_PROFIT_QOQ_SQ":0,"ROE_AVG_SQ":null,"PE_TTM_SQ":null,"PB_TTM_SQ":null,"ROA_SQ":null,"START_DATE":"2023-01-01 00:00:00","FISCAL_YEAR":"12-31","CURRENCY":"HKD","IS_CNY_CODE":0,"DPS_HKD_LY":null,"ORG_TYPE":"一般企业","PREMIUM_INCOME":null,"PREMIUM_INCOME_YOY":null,"NET_INTEREST_INCOME":null,"NET_INTEREST_INCOME_YOY":null,"FEE_COMMISSION_INCOME":null,"FEE_COMMISSION_INCOME_YOY":null,"ACCOUNTS_RECE_TDAYS":null,"INVENTORY_TDAYS":null,"CURRENT_ASSETS_TDAYS":3.943903124127,"TOTAL_ASSETS_TDAYS":3.162035386451,"PREMIUM_EXPENSE":null,"LOAN_DEPOSIT":null,"LOAN_EQUITY":null,"LOAN_ASSETS":null,"DEPOSIT_EQUITY":null,"DEPOSIT_ASSETS":null,"EQUITY_MULTIPLIER":null,"EQUITY_RATIO":null},{"SECUCODE":"02555.HK","SECURITY_CODE":"02555","SECURITY_NAME_ABBR":"茶百道","ORG_CODE":"10000595290","STD_REPORT_DATE":"2023-03-31 00:00:00","REPORT_DATE":"2023-03-31 00:00:00","DATE_TYPE_CODE":"003","REPORT_TYPE":"2023年一季报","PER_NETCASH_OPERATE":0.304878,"PER_OI":1.246192,"BPS":0.297588527066,"BASIC_EPS":0.282,"DILUTED_EPS":null,"OPERATE_INCOME":1246192000,"OPERATE_INCOME_YOY":52.9569159996,"GROSS_PROFIT":438706000,"GROSS_PROFIT_YOY":53.909788416403,"HOLDER_PROFIT":281637000,"HOLDER_PROFIT_YOY":50.0887304353,"GROSS_PROFIT_RATIO":35.203724626703,"EPS_TTM":1.048306,"OPERATE_INCOME_QOQ":10.19592737619,"NET_PROFIT_RATIO":22.8771328977,"ROE_AVG":51.660304748418,"GROSS_PROFIT_QOQ":10.552545033646,"ROA":17.952006363966,"HOLDER_PROFIT_QOQ":9.84893892589,"ROE_YEARLY":206.641218993674,"ROIC_YEARLY":79.005436520627,"TOTAL_ASSETS":1454762000,"TOTAL_LIABILITIES":999578000,"TAX_EBT":16.282573074687,"OCF_SALES":24.464769473725,"TOTAL_PARENT_EQUITY":439727000,"DEBT_ASSET_RATIO":68.7107581859,"OPERATE_PROFIT":341520000,"PRETAX_PROFIT":340542000,"NETCASH_OPERATE":304878000,"NETCASH_INVEST":-86666000,"NETCASH_FINANCE":-411890000,"END_CASH":32353000,"DIVI_RATIO":0.603833001509,"DIVIDEND_RATE":7.150421377184,"CURRENT_RATIO":1.314426408016,"COMMON_ACS":null,"CURRENTDEBT_DEBT":82.503716568392,"ISSUED_COMMON_SHARES":1477634250,"HK_COMMON_SHARES":1477634250,"PER_SHARES":200,"TOTAL_MARKET_CAP":14377381252.5,"HKSK_MARKET_CAP":14377381252.5,"PE_TTM":16.358277040626,"PB_TTM":3.219584612948,"REPORT_DATE_SQ":"2022-03-31 00:00:00","REPORT_TYPE_SQ":"2022年一季报","OPERATE_INCOME_SQ":814734000,"DPS_HKD":0.695736,"OPERATE_INCOME_QOQ_SQ":0,"NET_PROFIT_RATIO_SQ":23.2225487091,"HOLDER_PROFIT_SQ":187647000,"HOLDER_PROFIT_QOQ_SQ":0,"ROE_AVG_SQ":null,"PE_TTM_SQ":null,"PB_TTM_SQ":null,"ROA_SQ":null,"START_DATE":"2023-01-01 00:00:00","FISCAL_YEAR":"12-31","CURRENCY":"HKD","IS_CNY_CODE":0,"DPS_HKD_LY":null,"ORG_TYPE":"一般企业","PREMIUM_INCOME":null,"PREMIUM_INCOME_YOY":null,"NET_INTEREST_INCOME":null,"NET_INTEREST_INCOME_YOY":null,"FEE_COMMISSION_INCOME":null,"FEE_COMMISSION_INCOME_YOY":null,"ACCOUNTS_RECE_TDAYS":null,"INVENTORY_TDAYS":4.634863965102,"CURRENT_ASSETS_TDAYS":1.024295740786,"TOTAL_ASSETS_TDAYS":0.794343311238,"PREMIUM_EXPENSE":null,"LOAN_DEPOSIT":null,"LOAN_EQUITY":null,"LOAN_ASSETS":null,"DEPOSIT_EQUITY":null,"DEPOSIT_ASSETS":null,"EQUITY_MULTIPLIER":3.195986677917,"EQUITY_RATIO":2.273178585804},{"SECUCODE":"02555.HK","SECURITY_CODE":"02555","SECURITY_NAME_ABBR":"茶百道","ORG_CODE":"10000595290","STD_REPORT_DATE":"2022-12-31 00:00:00","REPORT_DATE":"2022-12-31 00:00:00","DATE_TYPE_CODE":"001","REPORT_TYPE":"2022年年报","PER_NETCASH_OPERATE":1.185939,"PER_OI":4.23167,"BPS":0.440308554028,"BASIC_EPS":0.954,"DILUTED_EPS":null,"OPERATE_INCOME":4231670000,"OPERATE_INCOME_YOY":16.120398144,"GROSS_PROFIT":1456189000,"GROSS_PROFIT_YOY":11.924998462768,"HOLDER_PROFIT":954316000,"HOLDER_PROFIT_YOY":26.2630058109,"GROSS_PROFIT_RATIO":34.411686166454,"EPS_TTM":0.954316,"OPERATE_INCOME_QOQ":16.120398144014,"NET_PROFIT_RATIO":22.7985405289,"ROE_AVG":201.563394352602,"GROSS_PROFIT_QOQ":11.924998462768,"ROA":69.881416673135,"HOLDER_PROFIT_QOQ":26.263005810938,"ROE_YEARLY":201.563394352602,"ROIC_YEARLY":80.86231352326,"TOTAL_ASSETS":1682904000,"TOTAL_LIABILITIES":1020288000,"TAX_EBT":16.162225340975,"OCF_SALES":28.025318609438,"TOTAL_PARENT_EQUITY":650615000,"DEBT_ASSET_RATIO":60.6266311091,"OPERATE_PROFIT":1155314000,"PRETAX_PROFIT":1150745000,"NETCASH_OPERATE":1185939000,"NETCASH_INVEST":-415523000,"NETCASH_FINANCE":-672523000,"END_CASH":226031000,"DIVI_RATIO":0.663304145042,"DIVIDEND_RATE":7.150421377184,"CURRENT_RATIO":1.629792965164,"COMMON_ACS":null,"CURRENTDEBT_DEBT":81.14179525781,"ISSUED_COMMON_SHARES":1477634250,"HK_COMMON_SHARES":1477634250,"PER_SHARES":200,"TOTAL_MARKET_CAP":14377381252.5,"HKSK_MARKET_CAP":14377381252.5,"PE_TTM":16.358277040626,"PB_TTM":3.219584612948,"REPORT_DATE_SQ":"2021-12-31 00:00:00","REPORT_TYPE_SQ":"2021年年报","OPERATE_INCOME_SQ":3644209000,"DPS_HKD":0.695736,"OPERATE_INCOME_QOQ_SQ":237.397080812336,"NET_PROFIT_RATIO_SQ":21.3631270874,"HOLDER_PROFIT_SQ":755816000,"HOLDER_PROFIT_QOQ_SQ":276.822750478622,"ROE_AVG_SQ":347.381024058315,"PE_TTM_SQ":null,"PB_TTM_SQ":null,"ROA_SQ":87.585194730399,"START_DATE":"2022-01-01 00:00:00","FISCAL_YEAR":"12-31","CURRENCY":"HKD","IS_CNY_CODE":0,"DPS_HKD_LY":null,"ORG_TYPE":"一般企业","PREMIUM_INCOME":null,"PREMIUM_INCOME_YOY":null,"NET_INTEREST_INCOME":null,"NET_INTEREST_INCOME_YOY":null,"FEE_COMMISSION_INCOME":null,"FEE_COMMISSION_INCOME_YOY":null,"ACCOUNTS_RECE_TDAYS":62.25378634635,"INVENTORY_TDAYS":18.166342129119,"CURRENT_ASSETS_TDAYS":3.851675272628,"TOTAL_ASSETS_TDAYS":3.098712528064,"PREMIUM_EXPENSE":null,"LOAN_DEPOSIT":null,"LOAN_EQUITY":null,"LOAN_ASSETS":null,"DEPOSIT_EQUITY":null,"DEPOSIT_ASSETS":null,"EQUITY_MULTIPLIER":2.539787750372,"EQUITY_RATIO":1.568190097062},{"SECUCODE":"02555.HK","SECURITY_CODE":"02555","SECURITY_NAME_ABBR":"茶百道","ORG_CODE":"10000595290","STD_REPORT_DATE":"2022-03-31 00:00:00","REPORT_DATE":"2022-03-31 00:00:00","DATE_TYPE_CODE":"003","REPORT_TYPE":"2022年一季报","PER_NETCASH_OPERATE":null,"PER_OI":null,"BPS":null,"BASIC_EPS":0.188,"DILUTED_EPS":null,"OPERATE_INCOME":814734000,"OPERATE_INCOME_YOY":null,"GROSS_PROFIT":285041000,"GROSS_PROFIT_YOY":null,"HOLDER_PROFIT":187647000,"HOLDER_PROFIT_YOY":null,"GROSS_PROFIT_RATIO":34.98577449818,"EPS_TTM":0.755816,"OPERATE_INCOME_QOQ":0,"NET_PROFIT_RATIO":23.2225487091,"ROE_AVG":null,"GROSS_PROFIT_QOQ":0,"ROA":null,"HOLDER_PROFIT_QOQ":0,"ROE_YEARLY":null,"ROIC_YEARLY":null,"TOTAL_ASSETS":null,"TOTAL_LIABILITIES":null,"TAX_EBT":16.183278475013,"OCF_SALES":13.52060918042,"TOTAL_PARENT_EQUITY":null,"DEBT_ASSET_RATIO":null,"OPERATE_PROFIT":226877000,"PRETAX_PROFIT":225733000,"NETCASH_OPERATE":110157000,"NETCASH_INVEST":226055000,"NETCASH_FINANCE":-13650000,"END_CASH":450700000,"DIVI_RATIO":0.837507751199,"DIVIDEND_RATE":7.150421377184,"CURRENT_RATIO":null,"COMMON_ACS":null,"CURRENTDEBT_DEBT":null,"ISSUED_COMMON_SHARES":1477634250,"HK_COMMON_SHARES":1477634250,"PER_SHARES":200,"TOTAL_MARKET_CAP":14377381252.5,"HKSK_MARKET_CAP":14377381252.5,"PE_TTM":16.358277040626,"PB_TTM":3.219584612948,"REPORT_DATE_SQ":"2021-03-31 00:00:00","REPORT_TYPE_SQ":"2021年一季报","OPERATE_INCOME_SQ":null,"DPS_HKD":0.695736,"OPERATE_INCOME_QOQ_SQ":0,"NET_PROFIT_RATIO_SQ":null,"HOLDER_PROFIT_SQ":null,"HOLDER_PROFIT_QOQ_SQ":0,"ROE_AVG_SQ":null,"PE_TTM_SQ":null,"PB_TTM_SQ":null,"ROA_SQ":null,"START_DATE":"2022-01-01 00:00:00","FISCAL_YEAR":"12-31","CURRENCY":"HKD","IS_CNY_CODE":0,"DPS_HKD_LY":null,"ORG_TYPE":"一般企业","PREMIUM_INCOME":null,"PREMIUM_INCOME_YOY":null,"NET_INTEREST_INCOME":null,"NET_INTEREST_INCOME_YOY":null,"FEE_COMMISSION_INCOME":null,"FEE_COMMISSION_INCOME_YOY":null,"ACCOUNTS_RECE_TDAYS":null,"INVENTORY_TDAYS":null,"CURRENT_ASSETS_TDAYS":1.921449552557,"TOTAL_ASSETS_TDAYS":1.554331609974,"PREMIUM_EXPENSE":null,"LOAN_DEPOSIT":null,"LOAN_EQUITY":null,"LOAN_ASSETS":null,"DEPOSIT_EQUITY":null,"DEPOSIT_ASSETS":null,"EQUITY_MULTIPLIER":null,"EQUITY_RATIO":null},{"SECUCODE":"02555.HK","SECURITY_CODE":"02555","SECURITY_NAME_ABBR":"茶百道","ORG_CODE":"10000595290","STD_REPORT_DATE":"2021-12-31 00:00:00","REPORT_DATE":"2021-12-31 00:00:00","DATE_TYPE_CODE":"001","REPORT_TYPE":"2021年年报","PER_NETCASH_OPERATE":1.270093,"PER_OI":3.644209,"BPS":0.200522558272,"BASIC_EPS":0.762,"DILUTED_EPS":null,"OPERATE_INCOME":3644209000,"OPERATE_INCOME_YOY":237.3970808123,"GROSS_PROFIT":1301040000,"GROSS_PROFIT_YOY":227.944223469095,"HOLDER_PROFIT":755816000,"HOLDER_PROFIT_YOY":276.8227504786,"GROSS_PROFIT_RATIO":35.701574745027,"EPS_TTM":0.755816,"OPERATE_INCOME_QOQ":237.397080812336,"NET_PROFIT_RATIO":21.3631270874,"ROE_AVG":347.381024058315,"GROSS_PROFIT_QOQ":227.944223469095,"ROA":87.585194730399,"HOLDER_PROFIT_QOQ":276.822750478622,"ROE_YEARLY":347.381024058315,"ROIC_YEARLY":103.566728077321,"TOTAL_ASSETS":1048340000,"TOTAL_LIABILITIES":747315000,"TAX_EBT":15.531731599665,"OCF_SALES":34.852364395127,"TOTAL_PARENT_EQUITY":296299000,"DEBT_ASSET_RATIO":71.2855562127,"OPERATE_PROFIT":924340000,"PRETAX_PROFIT":921668000,"NETCASH_OPERATE":1270093000,"NETCASH_INVEST":-691141000,"NETCASH_FINANCE":-579052000,"END_CASH":128138000,"DIVI_RATIO":0.837507751199,"DIVIDEND_RATE":7.150421377184,"CURRENT_RATIO":1.594229843743,"COMMON_ACS":null,"CURRENTDEBT_DEBT":71.180693549574,"ISSUED_COMMON_SHARES":1477634250,"HK_COMMON_SHARES":1477634250,"PER_SHARES":200,"TOTAL_MARKET_CAP":14377381252.5,"HKSK_MARKET_CAP":14377381252.5,"PE_TTM":16.358277040626,"PB_TTM":3.219584612948,"REPORT_DATE_SQ":"2020-12-31 00:00:00","REPORT_TYPE_SQ":"2020年年报","OPERATE_INCOME_SQ":1080095000,"DPS_HKD":0.695736,"OPERATE_INCOME_QOQ_SQ":null,"NET_PROFIT_RATIO_SQ":22.0484309251,"HOLDER_PROFIT_SQ":200576000,"HOLDER_PROFIT_QOQ_SQ":null,"ROE_AVG_SQ":144.453086739838,"PE_TTM_SQ":null,"PB_TTM_SQ":null,"ROA_SQ":29.602735702721,"START_DATE":"2021-01-01 00:00:00","FISCAL_YEAR":"12-31","CURRENCY":"HKD","IS_CNY_CODE":0,"DPS_HKD_LY":null,"ORG_TYPE":"一般企业","PREMIUM_INCOME":null,"PREMIUM_INCOME_YOY":null,"NET_INTEREST_INCOME":null,"NET_INTEREST_INCOME_YOY":null,"FEE_COMMISSION_INCOME":null,"FEE_COMMISSION_INCOME_YOY":null,"ACCOUNTS_RECE_TDAYS":52.384915044706,"INVENTORY_TDAYS":23.235812103964,"CURRENT_ASSETS_TDAYS":5.086931425983,"TOTAL_ASSETS_TDAYS":4.222969014989,"PREMIUM_EXPENSE":null,"LOAN_DEPOSIT":null,"LOAN_EQUITY":null,"LOAN_ASSETS":null,"DEPOSIT_EQUITY":null,"DEPOSIT_ASSETS":null,"EQUITY_MULTIPLIER":3.482567893035,"EQUITY_RATIO":2.522165110243},{"SECUCODE":"02555.HK","SECURITY_CODE":"02555","SECURITY_NAME_ABBR":"茶百道","ORG_CODE":"10000595290","STD_REPORT_DATE":"2020-12-31 00:00:00","REPORT_DATE":"2020-12-31 00:00:00","DATE_TYPE_CODE":"001","REPORT_TYPE":"2020年年报","PER_NETCASH_OPERATE":3.910662410215,"PER_OI":8.620071827614,"BPS":0.093969126663,"BASIC_EPS":0.293,"DILUTED_EPS":null,"OPERATE_INCOME":1080095000,"OPERATE_INCOME_YOY":null,"GROSS_PROFIT":396726000,"GROSS_PROFIT_YOY":null,"HOLDER_PROFIT":200576000,"HOLDER_PROFIT_YOY":null,"GROSS_PROFIT_RATIO":36.730657951384,"EPS_TTM":1.600766161213,"OPERATE_INCOME_QOQ":null,"NET_PROFIT_RATIO":22.0484309251,"ROE_AVG":144.453086739838,"GROSS_PROFIT_QOQ":null,"ROA":29.602735702721,"HOLDER_PROFIT_QOQ":null,"ROE_YEARLY":144.453086739838,"ROIC_YEARLY":36.864015056139,"TOTAL_ASSETS":677559000,"TOTAL_LIABILITIES":533483000,"TAX_EBT":25.60603788674,"OCF_SALES":45.366935315875,"TOTAL_PARENT_EQUITY":138852000,"DEBT_ASSET_RATIO":78.7360215125,"OPERATE_PROFIT":321146000,"PRETAX_PROFIT":320112000,"NETCASH_OPERATE":490006000,"NETCASH_INVEST":-241428000,"NETCASH_FINANCE":-149438000,"END_CASH":128238000,"DIVI_RATIO":0.395436743865,"DIVIDEND_RATE":7.150421377184,"CURRENT_RATIO":1.474994324345,"COMMON_ACS":null,"CURRENTDEBT_DEBT":74.309771820283,"ISSUED_COMMON_SHARES":1477634250,"HK_COMMON_SHARES":1477634250,"PER_SHARES":200,"TOTAL_MARKET_CAP":14377381252.5,"HKSK_MARKET_CAP":14377381252.5,"PE_TTM":16.358277040626,"PB_TTM":3.219584612948,"REPORT_DATE_SQ":"2019-12-31 00:00:00","REPORT_TYPE_SQ":"2019年年报","OPERATE_INCOME_SQ":null,"DPS_HKD":0.695736,"OPERATE_INCOME_QOQ_SQ":null,"NET_PROFIT_RATIO_SQ":null,"HOLDER_PROFIT_SQ":null,"HOLDER_PROFIT_QOQ_SQ":null,"ROE_AVG_SQ":null,"PE_TTM_SQ":null,"PB_TTM_SQ":null,"ROA_SQ":null,"START_DATE":"2020-01-01 00:00:00","FISCAL_YEAR":"12-31","CURRENCY":"HKD","IS_CNY_CODE":0,"DPS_HKD_LY":null,"ORG_TYPE":"一般企业","PREMIUM_INCOME":null,"PREMIUM_INCOME_YOY":null,"NET_INTEREST_INCOME":null,"NET_INTEREST_INCOME_YOY":null,"FEE_COMMISSION_INCOME":null,"FEE_COMMISSION_INCOME_YOY":null,"ACCOUNTS_RECE_TDAYS":null,"INVENTORY_TDAYS":7.712794293583,"CURRENT_ASSETS_TDAYS":3.694324921503,"TOTAL_ASSETS_TDAYS":3.188194681201,"PREMIUM_EXPENSE":null,"LOAN_DEPOSIT":null,"LOAN_EQUITY":null,"LOAN_ASSETS":null,"DEPOSIT_EQUITY":null,"DEPOSIT_ASSETS":null,"EQUITY_MULTIPLIER":4.702788805904,"EQUITY_RATIO":3.842098061245}],"count":8},"success":true,"message":"ok","code":0}