{"version":"d86402cbe8244000cee9d9fed46f1f02","result":{"pages":1,"data":[{"SECUCODE":"02550.HK","SECURITY_CODE":"02550","SECURITY_NAME_ABBR":"宜搜科技","ORG_CODE":"10000509296","STD_REPORT_DATE":"2024-06-30 00:00:00","REPORT_DATE":"2024-06-30 00:00:00","DATE_TYPE_CODE":"002","REPORT_TYPE":"2024年中报","PER_NETCASH_OPERATE":-0.144051793661,"PER_OI":0.844656557042,"BPS":1.382063017467,"BASIC_EPS":0.0107,"DILUTED_EPS":0.0107,"OPERATE_INCOME":277839000,"OPERATE_INCOME_YOY":13.3666557859,"GROSS_PROFIT":114770000,"GROSS_PROFIT_YOY":-1.088483448674,"HOLDER_PROFIT":3385000,"HOLDER_PROFIT_YOY":126.3301182327,"GROSS_PROFIT_RATIO":41.308095695709,"EPS_TTM":0.125288336154,"OPERATE_INCOME_QOQ":5.859814505094,"NET_PROFIT_RATIO":1.2233703692,"ROE_AVG":0.812414948435,"GROSS_PROFIT_QOQ":-0.486277952319,"ROA":0.595845277376,"HOLDER_PROFIT_QOQ":65.039445757078,"ROE_YEARLY":1.62482989687,"ROIC_YEARLY":1.49846390849,"TOTAL_ASSETS":630770000,"TOTAL_LIABILITIES":175516000,"TAX_EBT":34.835122699387,"OCF_SALES":-17.054481192345,"TOTAL_PARENT_EQUITY":454612000,"DEBT_ASSET_RATIO":27.8256733833,"OPERATE_PROFIT":7084000,"PRETAX_PROFIT":5216000,"NETCASH_OPERATE":-47384000,"NETCASH_INVEST":-16016000,"NETCASH_FINANCE":118012000,"END_CASH":142258000,"DIVI_RATIO":null,"DIVIDEND_RATE":null,"CURRENT_RATIO":3.101329922377,"COMMON_ACS":5000000000,"CURRENTDEBT_DEBT":97.548371658424,"ISSUED_COMMON_SHARES":328937244,"HK_COMMON_SHARES":328937244,"PER_SHARES":500,"TOTAL_MARKET_CAP":1615081868.04,"HKSK_MARKET_CAP":1615081868.04,"PE_TTM":35.725671584745,"PB_TTM":3.242441729041,"REPORT_DATE_SQ":"2023-06-30 00:00:00","REPORT_TYPE_SQ":"2023年中报","OPERATE_INCOME_SQ":245080000,"DPS_HKD":null,"OPERATE_INCOME_QOQ_SQ":0,"NET_PROFIT_RATIO_SQ":-5.2276807573,"HOLDER_PROFIT_SQ":-12856000,"HOLDER_PROFIT_QOQ_SQ":0,"ROE_AVG_SQ":null,"PE_TTM_SQ":null,"PB_TTM_SQ":null,"ROA_SQ":null,"START_DATE":"2024-01-01 00:00:00","FISCAL_YEAR":"12-31","CURRENCY":"HKD","IS_CNY_CODE":0,"DPS_HKD_LY":null,"ORG_TYPE":"一般企业","PREMIUM_INCOME":null,"PREMIUM_INCOME_YOY":null,"NET_INTEREST_INCOME":null,"NET_INTEREST_INCOME_YOY":null,"FEE_COMMISSION_INCOME":null,"FEE_COMMISSION_INCOME_YOY":null,"ACCOUNTS_RECE_TDAYS":1.514253402913,"INVENTORY_TDAYS":null,"CURRENT_ASSETS_TDAYS":0.596905678294,"TOTAL_ASSETS_TDAYS":0.489066635217,"PREMIUM_EXPENSE":null,"LOAN_DEPOSIT":null,"LOAN_EQUITY":null,"LOAN_ASSETS":null,"DEPOSIT_EQUITY":null,"DEPOSIT_ASSETS":null,"EQUITY_MULTIPLIER":1.385534229243,"EQUITY_RATIO":0.386078678082},{"SECUCODE":"02550.HK","SECURITY_CODE":"02550","SECURITY_NAME_ABBR":"宜搜科技","ORG_CODE":"10000509296","STD_REPORT_DATE":"2023-12-31 00:00:00","REPORT_DATE":"2023-12-31 00:00:00","DATE_TYPE_CODE":"001","REPORT_TYPE":"2023年年报","PER_NETCASH_OPERATE":-0.2089467327,"PER_OI":3.9595480215,"BPS":1.15126823401,"BASIC_EPS":null,"DILUTED_EPS":null,"OPERATE_INCOME":559045000,"OPERATE_INCOME_YOY":22.4871880827,"GROSS_PROFIT":259728000,"GROSS_PROFIT_YOY":8.823061130431,"HOLDER_PROFIT":24971000,"HOLDER_PROFIT_YOY":-43.7438046319,"GROSS_PROFIT_RATIO":46.459229579014,"EPS_TTM":0.1768621017,"OPERATE_INCOME_QOQ":22.487188082671,"NET_PROFIT_RATIO":4.4738795625,"ROE_AVG":7.867520916465,"GROSS_PROFIT_QOQ":8.823061130431,"ROA":5.550689974037,"HOLDER_PROFIT_QOQ":-43.743804631882,"ROE_YEARLY":7.867520916465,"ROIC_YEARLY":7.59814511663,"TOTAL_ASSETS":505431000,"TOTAL_LIABILITIES":126097000,"TAX_EBT":4.11730879816,"OCF_SALES":-5.27703494352,"TOTAL_PARENT_EQUITY":378706000,"DEBT_ASSET_RATIO":24.9484103666,"OPERATE_PROFIT":34527000,"PRETAX_PROFIT":26085000,"NETCASH_OPERATE":-29501000,"NETCASH_INVEST":-127044000,"NETCASH_FINANCE":97488000,"END_CASH":89081000,"DIVI_RATIO":null,"DIVIDEND_RATE":null,"CURRENT_RATIO":3.285492483365,"COMMON_ACS":5000000000,"CURRENTDEBT_DEBT":96.536793103722,"ISSUED_COMMON_SHARES":328937244,"HK_COMMON_SHARES":328937244,"PER_SHARES":500,"TOTAL_MARKET_CAP":2164407065.52,"HKSK_MARKET_CAP":2164407065.52,"PE_TTM":47.876765586074,"PB_TTM":4.345268141973,"REPORT_DATE_SQ":"2022-12-31 00:00:00","REPORT_TYPE_SQ":"2022年年报","OPERATE_INCOME_SQ":456411000,"DPS_HKD":null,"OPERATE_INCOME_QOQ_SQ":1.205612740424,"NET_PROFIT_RATIO_SQ":9.7385908753,"HOLDER_PROFIT_SQ":44388000,"HOLDER_PROFIT_QOQ_SQ":-0.191127200774,"ROE_AVG_SQ":14.662376872106,"PE_TTM_SQ":null,"PB_TTM_SQ":null,"ROA_SQ":11.107274228662,"START_DATE":"2023-01-01 00:00:00","FISCAL_YEAR":"12-31","CURRENCY":"HKD","IS_CNY_CODE":0,"DPS_HKD_LY":null,"ORG_TYPE":"一般企业","PREMIUM_INCOME":null,"PREMIUM_INCOME_YOY":null,"NET_INTEREST_INCOME":null,"NET_INTEREST_INCOME_YOY":null,"FEE_COMMISSION_INCOME":null,"FEE_COMMISSION_INCOME_YOY":null,"ACCOUNTS_RECE_TDAYS":3.875152498198,"INVENTORY_TDAYS":null,"CURRENT_ASSETS_TDAYS":1.570715123589,"TOTAL_ASSETS_TDAYS":1.24267569442,"PREMIUM_EXPENSE":null,"LOAN_DEPOSIT":null,"LOAN_EQUITY":null,"LOAN_ASSETS":null,"DEPOSIT_EQUITY":null,"DEPOSIT_ASSETS":null,"EQUITY_MULTIPLIER":1.332416814733,"EQUITY_RATIO":0.332968054375},{"SECUCODE":"02550.HK","SECURITY_CODE":"02550","SECURITY_NAME_ABBR":"宜搜科技","ORG_CODE":"10000509296","STD_REPORT_DATE":"2023-06-30 00:00:00","REPORT_DATE":"2023-06-30 00:00:00","DATE_TYPE_CODE":"002","REPORT_TYPE":"2023年中报","PER_NETCASH_OPERATE":null,"PER_OI":null,"BPS":null,"BASIC_EPS":-0.0495,"DILUTED_EPS":-0.0495,"OPERATE_INCOME":245080000,"OPERATE_INCOME_YOY":null,"GROSS_PROFIT":116033000,"GROSS_PROFIT_YOY":null,"HOLDER_PROFIT":-12856000,"HOLDER_PROFIT_YOY":null,"GROSS_PROFIT_RATIO":47.344948588216,"EPS_TTM":0.386430831,"OPERATE_INCOME_QOQ":0,"NET_PROFIT_RATIO":-5.2276807573,"ROE_AVG":null,"GROSS_PROFIT_QOQ":0,"ROA":null,"HOLDER_PROFIT_QOQ":0,"ROE_YEARLY":null,"ROIC_YEARLY":null,"TOTAL_ASSETS":null,"TOTAL_LIABILITIES":null,"TAX_EBT":12.234552678449,"OCF_SALES":-14.101925901746,"TOTAL_PARENT_EQUITY":null,"DEBT_ASSET_RATIO":null,"OPERATE_PROFIT":-11703000,"PRETAX_PROFIT":-14598000,"NETCASH_OPERATE":-34561000,"NETCASH_INVEST":-116879000,"NETCASH_FINANCE":95674000,"END_CASH":93869000,"DIVI_RATIO":null,"DIVIDEND_RATE":null,"CURRENT_RATIO":null,"COMMON_ACS":5000000000,"CURRENTDEBT_DEBT":null,"ISSUED_COMMON_SHARES":328937244,"HK_COMMON_SHARES":328937244,"PER_SHARES":500,"TOTAL_MARKET_CAP":2164407065.52,"HKSK_MARKET_CAP":2164407065.52,"PE_TTM":47.876765586074,"PB_TTM":4.345268141973,"REPORT_DATE_SQ":"2022-06-30 00:00:00","REPORT_TYPE_SQ":"2022年中报","OPERATE_INCOME_SQ":null,"DPS_HKD":null,"OPERATE_INCOME_QOQ_SQ":0,"NET_PROFIT_RATIO_SQ":null,"HOLDER_PROFIT_SQ":null,"HOLDER_PROFIT_QOQ_SQ":0,"ROE_AVG_SQ":null,"PE_TTM_SQ":null,"PB_TTM_SQ":null,"ROA_SQ":null,"START_DATE":"2023-01-01 00:00:00","FISCAL_YEAR":"12-31","CURRENCY":"HKD","IS_CNY_CODE":0,"DPS_HKD_LY":null,"ORG_TYPE":"一般企业","PREMIUM_INCOME":null,"PREMIUM_INCOME_YOY":null,"NET_INTEREST_INCOME":null,"NET_INTEREST_INCOME_YOY":null,"FEE_COMMISSION_INCOME":null,"FEE_COMMISSION_INCOME_YOY":null,"ACCOUNTS_RECE_TDAYS":null,"INVENTORY_TDAYS":null,"CURRENT_ASSETS_TDAYS":1.571569645903,"TOTAL_ASSETS_TDAYS":1.243073396008,"PREMIUM_EXPENSE":null,"LOAN_DEPOSIT":null,"LOAN_EQUITY":null,"LOAN_ASSETS":null,"DEPOSIT_EQUITY":null,"DEPOSIT_ASSETS":null,"EQUITY_MULTIPLIER":null,"EQUITY_RATIO":null},{"SECUCODE":"02550.HK","SECURITY_CODE":"02550","SECURITY_NAME_ABBR":"宜搜科技","ORG_CODE":"10000509296","STD_REPORT_DATE":"2022-12-31 00:00:00","REPORT_DATE":"2022-12-31 00:00:00","DATE_TYPE_CODE":"001","REPORT_TYPE":"2022年年报","PER_NETCASH_OPERATE":0.0528439025,"PER_OI":3.97340006325,"BPS":0.778510201174,"BASIC_EPS":null,"DILUTED_EPS":null,"OPERATE_INCOME":456411000,"OPERATE_INCOME_YOY":5.3804131995,"GROSS_PROFIT":238670000,"GROSS_PROFIT_YOY":14.364709715753,"HOLDER_PROFIT":44388000,"HOLDER_PROFIT_YOY":-11.193805894,"GROSS_PROFIT_RATIO":52.292779972437,"EPS_TTM":0.386430831,"OPERATE_INCOME_QOQ":1.205612740424,"NET_PROFIT_RATIO":9.7385908753,"ROE_AVG":14.662376872106,"GROSS_PROFIT_QOQ":5.366555709581,"ROA":11.107274228662,"HOLDER_PROFIT_QOQ":-0.191127200774,"ROE_YEARLY":14.662376872106,"ROIC_YEARLY":20.59629398486,"TOTAL_ASSETS":394313000,"TOTAL_LIABILITIES":137644000,"TAX_EBT":0.663761314113,"OCF_SALES":1.329941653466,"TOTAL_PARENT_EQUITY":256081000,"DEBT_ASSET_RATIO":34.907294459,"OPERATE_PROFIT":46876000,"PRETAX_PROFIT":44745000,"NETCASH_OPERATE":6070000,"NETCASH_INVEST":-20696000,"NETCASH_FINANCE":-48179000,"END_CASH":152155000,"DIVI_RATIO":null,"DIVIDEND_RATE":null,"CURRENT_RATIO":2.345475875346,"COMMON_ACS":5000000000,"CURRENTDEBT_DEBT":96.60864258522,"ISSUED_COMMON_SHARES":328937244,"HK_COMMON_SHARES":328937244,"PER_SHARES":500,"TOTAL_MARKET_CAP":2164407065.52,"HKSK_MARKET_CAP":2164407065.52,"PE_TTM":47.876765586074,"PB_TTM":4.345268141973,"REPORT_DATE_SQ":"2021-12-31 00:00:00","REPORT_TYPE_SQ":"2021年年报","OPERATE_INCOME_SQ":433108000,"DPS_HKD":null,"OPERATE_INCOME_QOQ_SQ":5.613171774907,"NET_PROFIT_RATIO_SQ":11.5470044423,"HOLDER_PROFIT_SQ":49983000,"HOLDER_PROFIT_QOQ_SQ":59.664590321035,"ROE_AVG_SQ":15.408043576437,"PE_TTM_SQ":null,"PB_TTM_SQ":null,"ROA_SQ":12.710687729506,"START_DATE":"2022-01-01 00:00:00","FISCAL_YEAR":"12-31","CURRENCY":"HKD","IS_CNY_CODE":0,"DPS_HKD_LY":null,"ORG_TYPE":"一般企业","PREMIUM_INCOME":null,"PREMIUM_INCOME_YOY":null,"NET_INTEREST_INCOME":null,"NET_INTEREST_INCOME_YOY":null,"FEE_COMMISSION_INCOME":null,"FEE_COMMISSION_INCOME_YOY":null,"ACCOUNTS_RECE_TDAYS":4.278438651256,"INVENTORY_TDAYS":null,"CURRENT_ASSETS_TDAYS":1.459996609204,"TOTAL_ASSETS_TDAYS":1.142083927633,"PREMIUM_EXPENSE":null,"LOAN_DEPOSIT":null,"LOAN_EQUITY":null,"LOAN_ASSETS":null,"DEPOSIT_EQUITY":null,"DEPOSIT_ASSETS":null,"EQUITY_MULTIPLIER":1.53627044949,"EQUITY_RATIO":0.537501806069},{"SECUCODE":"02550.HK","SECURITY_CODE":"02550","SECURITY_NAME_ABBR":"宜搜科技","ORG_CODE":"10000509296","STD_REPORT_DATE":"2022-09-30 00:00:00","REPORT_DATE":"2022-09-30 00:00:00","DATE_TYPE_CODE":"004","REPORT_TYPE":"2022年三季报","PER_NETCASH_OPERATE":-0.123146031,"PER_OI":2.9514756075,"BPS":0.850292890519,"BASIC_EPS":null,"DILUTED_EPS":null,"OPERATE_INCOME":332570000,"OPERATE_INCOME_YOY":5.6770806853,"GROSS_PROFIT":172769000,"GROSS_PROFIT_YOY":11.501997457195,"HOLDER_PROFIT":29949000,"HOLDER_PROFIT_YOY":-15.5390732959,"GROSS_PROFIT_RATIO":51.949664732237,"EPS_TTM":0.39468675675,"OPERATE_INCOME_QOQ":4.125068112341,"NET_PROFIT_RATIO":9.0206573052,"ROE_AVG":9.521523494627,"GROSS_PROFIT_QOQ":8.539857780844,"ROA":7.415945682265,"HOLDER_PROFIT_QOQ":-11.023748074345,"ROE_YEARLY":12.695364659503,"ROIC_YEARLY":11.905831468223,"TOTAL_ASSETS":402745000,"TOTAL_LIABILITIES":122473000,"TAX_EBT":-2.781965191174,"OCF_SALES":-4.172354692245,"TOTAL_PARENT_EQUITY":279693000,"DEBT_ASSET_RATIO":30.4095643645,"OPERATE_PROFIT":30397000,"PRETAX_PROFIT":29188000,"NETCASH_OPERATE":-13876000,"NETCASH_INVEST":-93275000,"NETCASH_FINANCE":-19282000,"END_CASH":88527000,"DIVI_RATIO":null,"DIVIDEND_RATE":null,"CURRENT_RATIO":2.716027115051,"COMMON_ACS":5000000000,"CURRENTDEBT_DEBT":95.517379340753,"ISSUED_COMMON_SHARES":328937244,"HK_COMMON_SHARES":328937244,"PER_SHARES":500,"TOTAL_MARKET_CAP":2164407065.52,"HKSK_MARKET_CAP":2164407065.52,"PE_TTM":47.876765586074,"PB_TTM":4.345268141973,"REPORT_DATE_SQ":"2021-09-30 00:00:00","REPORT_TYPE_SQ":"2021年三季报","OPERATE_INCOME_SQ":314704000,"DPS_HKD":null,"OPERATE_INCOME_QOQ_SQ":0,"NET_PROFIT_RATIO_SQ":11.2826656159,"HOLDER_PROFIT_SQ":35459000,"HOLDER_PROFIT_QOQ_SQ":0,"ROE_AVG_SQ":null,"PE_TTM_SQ":null,"PB_TTM_SQ":null,"ROA_SQ":null,"START_DATE":"2022-01-01 00:00:00","FISCAL_YEAR":"12-31","CURRENCY":"HKD","IS_CNY_CODE":0,"DPS_HKD_LY":null,"ORG_TYPE":"一般企业","PREMIUM_INCOME":null,"PREMIUM_INCOME_YOY":null,"NET_INTEREST_INCOME":null,"NET_INTEREST_INCOME_YOY":null,"FEE_COMMISSION_INCOME":null,"FEE_COMMISSION_INCOME_YOY":null,"ACCOUNTS_RECE_TDAYS":3.263385650994,"INVENTORY_TDAYS":null,"CURRENT_ASSETS_TDAYS":1.054006043809,"TOTAL_ASSETS_TDAYS":0.823506980384,"PREMIUM_EXPENSE":null,"LOAN_DEPOSIT":null,"LOAN_EQUITY":null,"LOAN_ASSETS":null,"DEPOSIT_EQUITY":null,"DEPOSIT_ASSETS":null,"EQUITY_MULTIPLIER":1.436979077467,"EQUITY_RATIO":0.437883679606},{"SECUCODE":"02550.HK","SECURITY_CODE":"02550","SECURITY_NAME_ABBR":"宜搜科技","ORG_CODE":"10000509296","STD_REPORT_DATE":"2021-12-31 00:00:00","REPORT_DATE":"2021-12-31 00:00:00","DATE_TYPE_CODE":"001","REPORT_TYPE":"2021年年报","PER_NETCASH_OPERATE":null,"PER_OI":null,"BPS":1.062169171698,"BASIC_EPS":null,"DILUTED_EPS":null,"OPERATE_INCOME":433108000,"OPERATE_INCOME_YOY":5.6131717749,"GROSS_PROFIT":208692000,"GROSS_PROFIT_YOY":-2.484930610719,"HOLDER_PROFIT":49983000,"HOLDER_PROFIT_YOY":59.664590321,"GROSS_PROFIT_RATIO":48.184748376848,"EPS_TTM":null,"OPERATE_INCOME_QOQ":5.613171774907,"NET_PROFIT_RATIO":11.5470044423,"ROE_AVG":15.408043576437,"GROSS_PROFIT_QOQ":-2.484930610719,"ROA":12.710687729506,"HOLDER_PROFIT_QOQ":59.664590321035,"ROE_YEARLY":15.408043576437,"ROIC_YEARLY":27.442002190617,"TOTAL_ASSETS":404947000,"TOTAL_LIABILITIES":55032000,"TAX_EBT":0.919266963843,"OCF_SALES":11.764271267213,"TOTAL_PARENT_EQUITY":349387000,"DEBT_ASSET_RATIO":13.589926583,"OPERATE_PROFIT":50780000,"PRETAX_PROFIT":50475000,"NETCASH_OPERATE":50952000,"NETCASH_INVEST":-22430000,"NETCASH_FINANCE":-20265000,"END_CASH":214960000,"DIVI_RATIO":null,"DIVIDEND_RATE":null,"CURRENT_RATIO":6.453493161971,"COMMON_ACS":5000000000,"CURRENTDEBT_DEBT":88.225032708243,"ISSUED_COMMON_SHARES":328937244,"HK_COMMON_SHARES":328937244,"PER_SHARES":500,"TOTAL_MARKET_CAP":2164407065.52,"HKSK_MARKET_CAP":2164407065.52,"PE_TTM":47.876765586074,"PB_TTM":4.345268141973,"REPORT_DATE_SQ":"2020-12-31 00:00:00","REPORT_TYPE_SQ":"2020年年报","OPERATE_INCOME_SQ":410089000,"DPS_HKD":null,"OPERATE_INCOME_QOQ_SQ":null,"NET_PROFIT_RATIO_SQ":7.6337087803,"HOLDER_PROFIT_SQ":31305000,"HOLDER_PROFIT_QOQ_SQ":null,"ROE_AVG_SQ":10.455772133973,"PE_TTM_SQ":null,"PB_TTM_SQ":null,"ROA_SQ":8.205229015137,"START_DATE":"2021-01-01 00:00:00","FISCAL_YEAR":"12-31","CURRENCY":"HKD","IS_CNY_CODE":0,"DPS_HKD_LY":null,"ORG_TYPE":"一般企业","PREMIUM_INCOME":null,"PREMIUM_INCOME_YOY":null,"NET_INTEREST_INCOME":null,"NET_INTEREST_INCOME_YOY":null,"FEE_COMMISSION_INCOME":null,"FEE_COMMISSION_INCOME_YOY":null,"ACCOUNTS_RECE_TDAYS":5.938599498156,"INVENTORY_TDAYS":null,"CURRENT_ASSETS_TDAYS":1.426487516406,"TOTAL_ASSETS_TDAYS":1.101394582388,"PREMIUM_EXPENSE":null,"LOAN_DEPOSIT":null,"LOAN_EQUITY":null,"LOAN_ASSETS":null,"DEPOSIT_EQUITY":null,"DEPOSIT_ASSETS":null,"EQUITY_MULTIPLIER":1.15727248046,"EQUITY_RATIO":0.157510153497},{"SECUCODE":"02550.HK","SECURITY_CODE":"02550","SECURITY_NAME_ABBR":"宜搜科技","ORG_CODE":"10000509296","STD_REPORT_DATE":"2021-09-30 00:00:00","REPORT_DATE":"2021-09-30 00:00:00","DATE_TYPE_CODE":"004","REPORT_TYPE":"2021年三季报","PER_NETCASH_OPERATE":null,"PER_OI":null,"BPS":null,"BASIC_EPS":null,"DILUTED_EPS":null,"OPERATE_INCOME":314704000,"OPERATE_INCOME_YOY":null,"GROSS_PROFIT":154947000,"GROSS_PROFIT_YOY":null,"HOLDER_PROFIT":35459000,"HOLDER_PROFIT_YOY":null,"GROSS_PROFIT_RATIO":49.235789821547,"EPS_TTM":null,"OPERATE_INCOME_QOQ":0,"NET_PROFIT_RATIO":11.2826656159,"ROE_AVG":null,"GROSS_PROFIT_QOQ":0,"ROA":null,"HOLDER_PROFIT_QOQ":0,"ROE_YEARLY":null,"ROIC_YEARLY":null,"TOTAL_ASSETS":null,"TOTAL_LIABILITIES":null,"TAX_EBT":0.835055577278,"OCF_SALES":-1.957712644263,"TOTAL_PARENT_EQUITY":null,"DEBT_ASSET_RATIO":null,"OPERATE_PROFIT":36106000,"PRETAX_PROFIT":35806000,"NETCASH_OPERATE":-6161000,"NETCASH_INVEST":-7585000,"NETCASH_FINANCE":-20227000,"END_CASH":172730000,"DIVI_RATIO":null,"DIVIDEND_RATE":null,"CURRENT_RATIO":null,"COMMON_ACS":5000000000,"CURRENTDEBT_DEBT":null,"ISSUED_COMMON_SHARES":328937244,"HK_COMMON_SHARES":328937244,"PER_SHARES":500,"TOTAL_MARKET_CAP":2164407065.52,"HKSK_MARKET_CAP":2164407065.52,"PE_TTM":47.876765586074,"PB_TTM":4.345268141973,"REPORT_DATE_SQ":"2020-09-30 00:00:00","REPORT_TYPE_SQ":"2020年三季报","OPERATE_INCOME_SQ":null,"DPS_HKD":null,"OPERATE_INCOME_QOQ_SQ":null,"NET_PROFIT_RATIO_SQ":null,"HOLDER_PROFIT_SQ":null,"HOLDER_PROFIT_QOQ_SQ":null,"ROE_AVG_SQ":null,"PE_TTM_SQ":null,"PB_TTM_SQ":null,"ROA_SQ":null,"START_DATE":"2021-01-01 00:00:00","FISCAL_YEAR":"12-31","CURRENCY":"HKD","IS_CNY_CODE":0,"DPS_HKD_LY":null,"ORG_TYPE":"一般企业","PREMIUM_INCOME":null,"PREMIUM_INCOME_YOY":null,"NET_INTEREST_INCOME":null,"NET_INTEREST_INCOME_YOY":null,"FEE_COMMISSION_INCOME":null,"FEE_COMMISSION_INCOME_YOY":null,"ACCOUNTS_RECE_TDAYS":null,"INVENTORY_TDAYS":null,"CURRENT_ASSETS_TDAYS":2.14152095731,"TOTAL_ASSETS_TDAYS":1.649716270231,"PREMIUM_EXPENSE":null,"LOAN_DEPOSIT":null,"LOAN_EQUITY":null,"LOAN_ASSETS":null,"DEPOSIT_EQUITY":null,"DEPOSIT_ASSETS":null,"EQUITY_MULTIPLIER":null,"EQUITY_RATIO":null},{"SECUCODE":"02550.HK","SECURITY_CODE":"02550","SECURITY_NAME_ABBR":"宜搜科技","ORG_CODE":"10000509296","STD_REPORT_DATE":"2020-12-31 00:00:00","REPORT_DATE":"2020-12-31 00:00:00","DATE_TYPE_CODE":"001","REPORT_TYPE":"2020年年报","PER_NETCASH_OPERATE":null,"PER_OI":null,"BPS":0.910216174852,"BASIC_EPS":null,"DILUTED_EPS":null,"OPERATE_INCOME":410089000,"OPERATE_INCOME_YOY":null,"GROSS_PROFIT":214010000,"GROSS_PROFIT_YOY":null,"HOLDER_PROFIT":31305000,"HOLDER_PROFIT_YOY":null,"GROSS_PROFIT_RATIO":52.186232744599,"EPS_TTM":null,"OPERATE_INCOME_QOQ":null,"NET_PROFIT_RATIO":7.6337087803,"ROE_AVG":10.455772133973,"GROSS_PROFIT_QOQ":null,"ROA":8.205229015137,"HOLDER_PROFIT_QOQ":null,"ROE_YEARLY":10.455772133973,"ROIC_YEARLY":17.906785187219,"TOTAL_ASSETS":381525000,"TOTAL_LIABILITIES":82121000,"TAX_EBT":-8.142185988669,"OCF_SALES":-0.081933433962,"TOTAL_PARENT_EQUITY":299404000,"DEBT_ASSET_RATIO":21.5244086233,"OPERATE_PROFIT":29747000,"PRETAX_PROFIT":28948000,"NETCASH_OPERATE":-336000,"NETCASH_INVEST":-6002000,"NETCASH_FINANCE":15581000,"END_CASH":206703000,"DIVI_RATIO":null,"DIVIDEND_RATE":null,"CURRENT_RATIO":4.251819168174,"COMMON_ACS":5000000000,"CURRENTDEBT_DEBT":84.174571668635,"ISSUED_COMMON_SHARES":328937244,"HK_COMMON_SHARES":328937244,"PER_SHARES":500,"TOTAL_MARKET_CAP":2164407065.52,"HKSK_MARKET_CAP":2164407065.52,"PE_TTM":47.876765586074,"PB_TTM":4.345268141973,"REPORT_DATE_SQ":"2019-12-31 00:00:00","REPORT_TYPE_SQ":"2019年年报","OPERATE_INCOME_SQ":null,"DPS_HKD":null,"OPERATE_INCOME_QOQ_SQ":null,"NET_PROFIT_RATIO_SQ":null,"HOLDER_PROFIT_SQ":null,"HOLDER_PROFIT_QOQ_SQ":null,"ROE_AVG_SQ":null,"PE_TTM_SQ":null,"PB_TTM_SQ":null,"ROA_SQ":null,"START_DATE":"2020-01-01 00:00:00","FISCAL_YEAR":"12-31","CURRENCY":"HKD","IS_CNY_CODE":0,"DPS_HKD_LY":null,"ORG_TYPE":"一般企业","PREMIUM_INCOME":null,"PREMIUM_INCOME_YOY":null,"NET_INTEREST_INCOME":null,"NET_INTEREST_INCOME_YOY":null,"FEE_COMMISSION_INCOME":null,"FEE_COMMISSION_INCOME_YOY":null,"ACCOUNTS_RECE_TDAYS":6.888200218359,"INVENTORY_TDAYS":null,"CURRENT_ASSETS_TDAYS":2.790603830463,"TOTAL_ASSETS_TDAYS":2.149735928183,"PREMIUM_EXPENSE":null,"LOAN_DEPOSIT":null,"LOAN_EQUITY":null,"LOAN_ASSETS":null,"DEPOSIT_EQUITY":null,"DEPOSIT_ASSETS":null,"EQUITY_MULTIPLIER":1.274281572725,"EQUITY_RATIO":0.274281572724}],"count":8},"success":true,"message":"ok","code":0}