{"version":"3d6211e83bf8dca46342d61787bb2b18","result":{"pages":2,"data":[{"SECUCODE":"02558.HK","SECURITY_CODE":"02558","SECURITY_NAME_ABBR":"晋商银行","ORG_CODE":"10059825","STD_REPORT_DATE":"2024-06-30 00:00:00","REPORT_DATE":"2024-06-30 00:00:00","DATE_TYPE_CODE":"002","REPORT_TYPE":"2024年中报","PER_NETCASH_OPERATE":0.35811925702,"PER_OI":0.477285331369,"BPS":4.3316146712,"BASIC_EPS":0.18,"DILUTED_EPS":0.18,"OPERATE_INCOME":2786702000,"OPERATE_INCOME_YOY":-1.6942013484,"GROSS_PROFIT":null,"GROSS_PROFIT_YOY":null,"HOLDER_PROFIT":1030416000,"HOLDER_PROFIT_YOY":-0.3618402604,"GROSS_PROFIT_RATIO":null,"EPS_TTM":0.342402610192,"OPERATE_INCOME_QOQ":-0.827722231682,"NET_PROFIT_RATIO":36.9392206271,"ROE_AVG":4.114471820968,"GROSS_PROFIT_QOQ":null,"ROA":0.281469785847,"HOLDER_PROFIT_QOQ":-0.186828071742,"ROE_YEARLY":8.228943641935,"ROIC_YEARLY":0.59841542619,"TOTAL_ASSETS":370863075000,"TOTAL_LIABILITIES":345557136000,"TAX_EBT":1.64202906444,"OCF_SALES":75.032529491851,"TOTAL_PARENT_EQUITY":25290782000,"DEBT_ASSET_RATIO":93.1764738239,"OPERATE_PROFIT":1033637000,"PRETAX_PROFIT":1046571000,"NETCASH_OPERATE":2090933000,"NETCASH_INVEST":-8526641000,"NETCASH_FINANCE":2915466000,"END_CASH":8537570000,"DIVI_RATIO":0.290451882502,"DIVIDEND_RATE":7.783205673759,"CURRENT_RATIO":null,"COMMON_ACS":null,"CURRENTDEBT_DEBT":null,"ISSUED_COMMON_SHARES":5838650000,"HK_COMMON_SHARES":970650000,"PER_SHARES":1000,"TOTAL_MARKET_CAP":8232496500,"HKSK_MARKET_CAP":1368616500,"PE_TTM":3.712493413364,"PB_TTM":0.297089860868,"REPORT_DATE_SQ":"2023-06-30 00:00:00","REPORT_TYPE_SQ":"2023年中报","OPERATE_INCOME_SQ":2834728000,"DPS_HKD":0.1097432,"OPERATE_INCOME_QOQ_SQ":5.035612890372,"NET_PROFIT_RATIO_SQ":36.4416974045,"HOLDER_PROFIT_SQ":1034158000,"HOLDER_PROFIT_QOQ_SQ":3.365214368822,"ROE_AVG_SQ":4.38386822732,"PE_TTM_SQ":3.772785031459,"PB_TTM_SQ":0.297995227174,"ROA_SQ":0.304880421194,"START_DATE":"2024-01-01 00:00:00","FISCAL_YEAR":"12-31","CURRENCY":"HKD","IS_CNY_CODE":0,"DPS_HKD_LY":0.1097432,"ORG_TYPE":"银行","PREMIUM_INCOME":null,"PREMIUM_INCOME_YOY":null,"NET_INTEREST_INCOME":2218767000,"NET_INTEREST_INCOME_YOY":9.388371470449,"FEE_COMMISSION_INCOME":290403000,"FEE_COMMISSION_INCOME_YOY":null,"ACCOUNTS_RECE_TDAYS":null,"INVENTORY_TDAYS":null,"CURRENT_ASSETS_TDAYS":null,"TOTAL_ASSETS_TDAYS":0.007612191728,"PREMIUM_EXPENSE":null,"LOAN_DEPOSIT":71.031036569944,"LOAN_EQUITY":8.382366250073,"LOAN_ASSETS":57.19729552477,"DEPOSIT_EQUITY":11.800991024281,"DEPOSIT_ASSETS":80.524371157738,"EQUITY_MULTIPLIER":14.655179363165,"EQUITY_RATIO":13.663363038755},{"SECUCODE":"02558.HK","SECURITY_CODE":"02558","SECURITY_NAME_ABBR":"晋商银行","ORG_CODE":"10059825","STD_REPORT_DATE":"2023-12-31 00:00:00","REPORT_DATE":"2023-12-31 00:00:00","DATE_TYPE_CODE":"001","REPORT_TYPE":"2023年年报","PER_NETCASH_OPERATE":1.414785952232,"PER_OI":0.993755063242,"BPS":4.246978154197,"BASIC_EPS":0.34,"DILUTED_EPS":0.34,"OPERATE_INCOME":5802188000,"OPERATE_INCOME_YOY":10.3041078109,"GROSS_PROFIT":null,"GROSS_PROFIT_YOY":null,"HOLDER_PROFIT":2002911000,"HOLDER_PROFIT_YOY":8.9487743942,"GROSS_PROFIT_RATIO":null,"EPS_TTM":0.343043511771,"OPERATE_INCOME_QOQ":5.015912960882,"NET_PROFIT_RATIO":34.4792516203,"ROE_AVG":8.322625562233,"GROSS_PROFIT_QOQ":null,"ROA":0.57412657025,"HOLDER_PROFIT_QOQ":5.40177859591,"ROE_YEARLY":8.322625562233,"ROIC_YEARLY":0.608350693195,"TOTAL_ASSETS":361305031000,"TOTAL_LIABILITIES":336492225000,"TAX_EBT":1.639174193295,"OCF_SALES":142.367672333265,"TOTAL_PARENT_EQUITY":24796619000,"DEBT_ASSET_RATIO":93.1324493514,"OPERATE_PROFIT":2021747000,"PRETAX_PROFIT":2033890000,"NETCASH_OPERATE":8260440000,"NETCASH_INVEST":11674036000,"NETCASH_FINANCE":-13027864000,"END_CASH":12057574000,"DIVI_RATIO":0.289909236851,"DIVIDEND_RATE":7.621055555556,"CURRENT_RATIO":null,"COMMON_ACS":null,"CURRENTDEBT_DEBT":null,"ISSUED_COMMON_SHARES":5838650000,"HK_COMMON_SHARES":970650000,"PER_SHARES":1000,"TOTAL_MARKET_CAP":8407656000,"HKSK_MARKET_CAP":1397736000,"PE_TTM":3.791482634925,"PB_TTM":0.303410921737,"REPORT_DATE_SQ":"2022-12-31 00:00:00","REPORT_TYPE_SQ":"2022年年报","OPERATE_INCOME_SQ":5260174000,"DPS_HKD":0.1097432,"OPERATE_INCOME_QOQ_SQ":-2.573691951538,"NET_PROFIT_RATIO_SQ":34.8918305744,"HOLDER_PROFIT_SQ":1838397000,"HOLDER_PROFIT_QOQ_SQ":3.510080763219,"ROE_AVG_SQ":8.086003122907,"PE_TTM_SQ":3.62987650754,"PB_TTM_SQ":0.286707529175,"ROA_SQ":0.574758577673,"START_DATE":"2023-01-01 00:00:00","FISCAL_YEAR":"12-31","CURRENCY":"HKD","IS_CNY_CODE":0,"DPS_HKD_LY":0.1102368,"ORG_TYPE":"银行","PREMIUM_INCOME":null,"PREMIUM_INCOME_YOY":null,"NET_INTEREST_INCOME":4236218000,"NET_INTEREST_INCOME_YOY":17.901910435897,"FEE_COMMISSION_INCOME":null,"FEE_COMMISSION_INCOME_YOY":null,"ACCOUNTS_RECE_TDAYS":null,"INVENTORY_TDAYS":null,"CURRENT_ASSETS_TDAYS":null,"TOTAL_ASSETS_TDAYS":0.016631743979,"PREMIUM_EXPENSE":null,"LOAN_DEPOSIT":69.135798318937,"LOAN_EQUITY":8.03150562657,"LOAN_ASSETS":55.156771675288,"DEPOSIT_EQUITY":11.616999907225,"DEPOSIT_ASSETS":79.780335248086,"EQUITY_MULTIPLIER":14.56123225249,"EQUITY_RATIO":13.570084897461},{"SECUCODE":"02558.HK","SECURITY_CODE":"02558","SECURITY_NAME_ABBR":"晋商银行","ORG_CODE":"10059825","STD_REPORT_DATE":"2023-06-30 00:00:00","REPORT_DATE":"2023-06-30 00:00:00","DATE_TYPE_CODE":"002","REPORT_TYPE":"2023年中报","PER_NETCASH_OPERATE":1.619183201596,"PER_OI":0.485510862956,"BPS":4.084003665231,"BASIC_EPS":0.18,"DILUTED_EPS":0.18,"OPERATE_INCOME":2834728000,"OPERATE_INCOME_YOY":10.3073102435,"GROSS_PROFIT":null,"GROSS_PROFIT_YOY":null,"HOLDER_PROFIT":1034158000,"HOLDER_PROFIT_YOY":6.3629033253,"GROSS_PROFIT_RATIO":null,"EPS_TTM":0.325462735393,"OPERATE_INCOME_QOQ":5.035612890372,"NET_PROFIT_RATIO":36.4416974045,"ROE_AVG":4.38386822732,"GROSS_PROFIT_QOQ":null,"ROA":0.304880421194,"HOLDER_PROFIT_QOQ":3.365214368822,"ROE_YEARLY":8.76773645464,"ROIC_YEARLY":0.641719859212,"TOTAL_ASSETS":341982855000,"TOTAL_LIABILITIES":318120375000,"TAX_EBT":0.767998247869,"OCF_SALES":333.500921428793,"TOTAL_PARENT_EQUITY":23845068000,"DEBT_ASSET_RATIO":93.0223168644,"OPERATE_PROFIT":1024953000,"PRETAX_PROFIT":1041018000,"NETCASH_OPERATE":9453844000,"NETCASH_INVEST":3665991000,"NETCASH_FINANCE":-14182536000,"END_CASH":4089046000,"DIVI_RATIO":0.305569491954,"DIVIDEND_RATE":7.621055555556,"CURRENT_RATIO":null,"COMMON_ACS":null,"CURRENTDEBT_DEBT":null,"ISSUED_COMMON_SHARES":5838650000,"HK_COMMON_SHARES":970650000,"PER_SHARES":1000,"TOTAL_MARKET_CAP":8407656000,"HKSK_MARKET_CAP":1397736000,"PE_TTM":3.791482634925,"PB_TTM":0.303410921737,"REPORT_DATE_SQ":"2022-06-30 00:00:00","REPORT_TYPE_SQ":"2022年中报","OPERATE_INCOME_SQ":2569846000,"DPS_HKD":0.1097432,"OPERATE_INCOME_QOQ_SQ":0.155785864371,"NET_PROFIT_RATIO_SQ":37.7602004167,"HOLDER_PROFIT_SQ":972292000,"HOLDER_PROFIT_QOQ_SQ":5.364647478566,"ROE_AVG_SQ":4.352316641765,"PE_TTM_SQ":3.62987650754,"PB_TTM_SQ":0.286707529175,"ROA_SQ":0.314098593035,"START_DATE":"2023-01-01 00:00:00","FISCAL_YEAR":"12-31","CURRENCY":"HKD","IS_CNY_CODE":0,"DPS_HKD_LY":0.1102368,"ORG_TYPE":"银行","PREMIUM_INCOME":null,"PREMIUM_INCOME_YOY":null,"NET_INTEREST_INCOME":2028339000,"NET_INTEREST_INCOME_YOY":20.716931588507,"FEE_COMMISSION_INCOME":358847000,"FEE_COMMISSION_INCOME_YOY":null,"ACCOUNTS_RECE_TDAYS":null,"INVENTORY_TDAYS":null,"CURRENT_ASSETS_TDAYS":null,"TOTAL_ASSETS_TDAYS":0.008357069873,"PREMIUM_EXPENSE":null,"LOAN_DEPOSIT":71.990078987269,"LOAN_EQUITY":8.210762460566,"LOAN_ASSETS":57.292098751559,"DEPOSIT_EQUITY":11.405408323024,"DEPOSIT_ASSETS":79.58332531027,"EQUITY_MULTIPLIER":14.331404573217,"EQUITY_RATIO":13.341139350074},{"SECUCODE":"02558.HK","SECURITY_CODE":"02558","SECURITY_NAME_ABBR":"晋商银行","ORG_CODE":"10059825","STD_REPORT_DATE":"2022-12-31 00:00:00","REPORT_DATE":"2022-12-31 00:00:00","DATE_TYPE_CODE":"001","REPORT_TYPE":"2022年年报","PER_NETCASH_OPERATE":4.278891867127,"PER_OI":0.900922987334,"BPS":3.996658645406,"BASIC_EPS":0.31,"DILUTED_EPS":0.31,"OPERATE_INCOME":5260174000,"OPERATE_INCOME_YOY":-2.4219155354,"GROSS_PROFIT":null,"GROSS_PROFIT_YOY":null,"HOLDER_PROFIT":1838397000,"HOLDER_PROFIT_YOY":9.0630317009,"GROSS_PROFIT_RATIO":null,"EPS_TTM":0.314866792837,"OPERATE_INCOME_QOQ":-2.573691951538,"NET_PROFIT_RATIO":34.8918305744,"ROE_AVG":8.086003122907,"GROSS_PROFIT_QOQ":null,"ROA":0.574758577673,"HOLDER_PROFIT_QOQ":3.510080763219,"ROE_YEARLY":8.086003122907,"ROIC_YEARLY":0.614158405853,"TOTAL_ASSETS":336419514000,"TOTAL_LIABILITIES":313065876000,"TAX_EBT":1.128682885468,"OCF_SALES":474.945353518724,"TOTAL_PARENT_EQUITY":23335091000,"DEBT_ASSET_RATIO":93.0581797345,"OPERATE_PROFIT":1835539000,"PRETAX_PROFIT":1856323000,"NETCASH_OPERATE":24982952000,"NETCASH_INVEST":-8930662000,"NETCASH_FINANCE":-27220457000,"END_CASH":5150304000,"DIVI_RATIO":0.315852560404,"DIVIDEND_RATE":7.621055555556,"CURRENT_RATIO":null,"COMMON_ACS":null,"CURRENTDEBT_DEBT":null,"ISSUED_COMMON_SHARES":5838650000,"HK_COMMON_SHARES":970650000,"PER_SHARES":1000,"TOTAL_MARKET_CAP":8407656000,"HKSK_MARKET_CAP":1397736000,"PE_TTM":3.791482634925,"PB_TTM":0.303410921737,"REPORT_DATE_SQ":"2021-12-31 00:00:00","REPORT_TYPE_SQ":"2021年年报","OPERATE_INCOME_SQ":5390733000,"DPS_HKD":0.1097432,"OPERATE_INCOME_QOQ_SQ":11.641761927217,"NET_PROFIT_RATIO_SQ":31.1526836888,"HOLDER_PROFIT_SQ":1685628000,"HOLDER_PROFIT_QOQ_SQ":1.009539298446,"ROE_AVG_SQ":7.812961114524,"PE_TTM_SQ":3.62987650754,"PB_TTM_SQ":0.286707529175,"ROA_SQ":0.587086359105,"START_DATE":"2022-01-01 00:00:00","FISCAL_YEAR":"12-31","CURRENCY":"HKD","IS_CNY_CODE":0,"DPS_HKD_LY":0.1175456,"ORG_TYPE":"银行","PREMIUM_INCOME":null,"PREMIUM_INCOME_YOY":null,"NET_INTEREST_INCOME":3593002000,"NET_INTEREST_INCOME_YOY":1.096074418825,"FEE_COMMISSION_INCOME":null,"FEE_COMMISSION_INCOME_YOY":null,"ACCOUNTS_RECE_TDAYS":null,"INVENTORY_TDAYS":null,"CURRENT_ASSETS_TDAYS":null,"TOTAL_ASSETS_TDAYS":0.016445469213,"PREMIUM_EXPENSE":null,"LOAN_DEPOSIT":71.91038414769,"LOAN_EQUITY":7.814097358193,"LOAN_ASSETS":54.244059397815,"DEPOSIT_EQUITY":10.86643806845,"DEPOSIT_ASSETS":75.432859997533,"EQUITY_MULTIPLIER":14.405443554479,"EQUITY_RATIO":13.416098355905},{"SECUCODE":"02558.HK","SECURITY_CODE":"02558","SECURITY_NAME_ABBR":"晋商银行","ORG_CODE":"10059825","STD_REPORT_DATE":"2022-06-30 00:00:00","REPORT_DATE":"2022-06-30 00:00:00","DATE_TYPE_CODE":"002","REPORT_TYPE":"2022年中报","PER_NETCASH_OPERATE":4.265651991471,"PER_OI":0.440143868874,"BPS":3.861043905697,"BASIC_EPS":0.17,"DILUTED_EPS":0.17,"OPERATE_INCOME":2569846000,"OPERATE_INCOME_YOY":0.3278614284,"GROSS_PROFIT":null,"GROSS_PROFIT_YOY":null,"HOLDER_PROFIT":972292000,"HOLDER_PROFIT_YOY":10.2541888545,"GROSS_PROFIT_RATIO":null,"EPS_TTM":0.304189495859,"OPERATE_INCOME_QOQ":0.155785864371,"NET_PROFIT_RATIO":37.7602004167,"ROE_AVG":4.352316641765,"GROSS_PROFIT_QOQ":null,"ROA":0.314098593035,"HOLDER_PROFIT_QOQ":5.364647478566,"ROE_YEARLY":8.704633283531,"ROIC_YEARLY":0.679563516809,"TOTAL_ASSETS":315808363000,"TOTAL_LIABILITIES":293245419000,"TAX_EBT":0.420431082962,"OCF_SALES":969.149474326477,"TOTAL_PARENT_EQUITY":22543284000,"DEBT_ASSET_RATIO":92.8554950902,"OPERATE_PROFIT":964231000,"PRETAX_PROFIT":974476000,"NETCASH_OPERATE":24905649000,"NETCASH_INVEST":-4509717000,"NETCASH_FINANCE":-25056847000,"END_CASH":11655306000,"DIVI_RATIO":0.326939240367,"DIVIDEND_RATE":7.621055555556,"CURRENT_RATIO":null,"COMMON_ACS":null,"CURRENTDEBT_DEBT":null,"ISSUED_COMMON_SHARES":5838650000,"HK_COMMON_SHARES":970650000,"PER_SHARES":1000,"TOTAL_MARKET_CAP":8407656000,"HKSK_MARKET_CAP":1397736000,"PE_TTM":3.791482634925,"PB_TTM":0.303410921737,"REPORT_DATE_SQ":"2021-06-30 00:00:00","REPORT_TYPE_SQ":"2021年中报","OPERATE_INCOME_SQ":2561448000,"DPS_HKD":0.1097432,"OPERATE_INCOME_QOQ_SQ":-0.809652726893,"NET_PROFIT_RATIO_SQ":34.4309546788,"HOLDER_PROFIT_SQ":881864000,"HOLDER_PROFIT_QOQ_SQ":6.514854038266,"ROE_AVG_SQ":4.166057940237,"PE_TTM_SQ":3.62987650754,"PB_TTM_SQ":0.286707529175,"ROA_SQ":0.313572257709,"START_DATE":"2022-01-01 00:00:00","FISCAL_YEAR":"12-31","CURRENCY":"HKD","IS_CNY_CODE":0,"DPS_HKD_LY":0.1175456,"ORG_TYPE":"银行","PREMIUM_INCOME":null,"PREMIUM_INCOME_YOY":null,"NET_INTEREST_INCOME":1680244000,"NET_INTEREST_INCOME_YOY":-0.184631615966,"FEE_COMMISSION_INCOME":368370000,"FEE_COMMISSION_INCOME_YOY":null,"ACCOUNTS_RECE_TDAYS":null,"INVENTORY_TDAYS":null,"CURRENT_ASSETS_TDAYS":null,"TOTAL_ASSETS_TDAYS":0.008301878581,"PREMIUM_EXPENSE":null,"LOAN_DEPOSIT":73.639399108944,"LOAN_EQUITY":7.556232333866,"LOAN_ASSETS":53.985539008668,"DEPOSIT_EQUITY":10.261127094053,"DEPOSIT_ASSETS":73.310672903238,"EQUITY_MULTIPLIER":13.996771121653,"EQUITY_RATIO":13.008105606974},{"SECUCODE":"02558.HK","SECURITY_CODE":"02558","SECURITY_NAME_ABBR":"晋商银行","ORG_CODE":"10059825","STD_REPORT_DATE":"2021-12-31 00:00:00","REPORT_DATE":"2021-12-31 00:00:00","DATE_TYPE_CODE":"001","REPORT_TYPE":"2021年年报","PER_NETCASH_OPERATE":0.447147542668,"PER_OI":0.923284149589,"BPS":3.791287712057,"BASIC_EPS":0.29,"DILUTED_EPS":0.29,"OPERATE_INCOME":5390733000,"OPERATE_INCOME_YOY":10.7378513574,"GROSS_PROFIT":null,"GROSS_PROFIT_YOY":null,"HOLDER_PROFIT":1685628000,"HOLDER_PROFIT_YOY":7.5901633485,"GROSS_PROFIT_RATIO":null,"EPS_TTM":0.28870166905,"OPERATE_INCOME_QOQ":11.641761927217,"NET_PROFIT_RATIO":31.1526836888,"ROE_AVG":7.812961114524,"GROSS_PROFIT_QOQ":null,"ROA":0.587086359105,"HOLDER_PROFIT_QOQ":1.009539298446,"ROE_YEARLY":7.812961114524,"ROIC_YEARLY":0.636557216186,"TOTAL_ASSETS":303291513000,"TOTAL_LIABILITIES":281133938000,"TAX_EBT":0.736485839493,"OCF_SALES":48.430111452376,"TOTAL_PARENT_EQUITY":22136002000,"DEBT_ASSET_RATIO":92.6942977135,"OPERATE_PROFIT":1667313000,"PRETAX_PROFIT":1691818000,"NETCASH_OPERATE":2610738000,"NETCASH_INVEST":232418000,"NETCASH_FINANCE":4384359000,"END_CASH":16315416000,"DIVI_RATIO":0.344478378082,"DIVIDEND_RATE":7.621055555556,"CURRENT_RATIO":null,"COMMON_ACS":null,"CURRENTDEBT_DEBT":null,"ISSUED_COMMON_SHARES":5838650000,"HK_COMMON_SHARES":970650000,"PER_SHARES":1000,"TOTAL_MARKET_CAP":8407656000,"HKSK_MARKET_CAP":1397736000,"PE_TTM":3.791482634925,"PB_TTM":0.303410921737,"REPORT_DATE_SQ":"2020-12-31 00:00:00","REPORT_TYPE_SQ":"2020年年报","OPERATE_INCOME_SQ":4868013000,"DPS_HKD":0.1097432,"OPERATE_INCOME_QOQ_SQ":-6.706193136063,"NET_PROFIT_RATIO_SQ":32.2691208918,"HOLDER_PROFIT_SQ":1566712000,"HOLDER_PROFIT_QOQ_SQ":3.207327420383,"ROE_AVG_SQ":7.614880247605,"PE_TTM_SQ":3.62987650754,"PB_TTM_SQ":0.286707529175,"ROA_SQ":0.604307522094,"START_DATE":"2021-01-01 00:00:00","FISCAL_YEAR":"12-31","CURRENCY":"HKD","IS_CNY_CODE":0,"DPS_HKD_LY":0.1212786,"ORG_TYPE":"银行","PREMIUM_INCOME":null,"PREMIUM_INCOME_YOY":null,"NET_INTEREST_INCOME":3554047000,"NET_INTEREST_INCOME_YOY":3.294180493294,"FEE_COMMISSION_INCOME":765448000,"FEE_COMMISSION_INCOME_YOY":null,"ACCOUNTS_RECE_TDAYS":null,"INVENTORY_TDAYS":null,"CURRENT_ASSETS_TDAYS":null,"TOTAL_ASSETS_TDAYS":0.018775351441,"PREMIUM_EXPENSE":null,"LOAN_DEPOSIT":77.159696753902,"LOAN_EQUITY":6.937025193416,"LOAN_ASSETS":50.679840817043,"DEPOSIT_EQUITY":8.990477522924,"DEPOSIT_ASSETS":65.681752195948,"EQUITY_MULTIPLIER":13.687938007656,"EQUITY_RATIO":12.700303243558},{"SECUCODE":"02558.HK","SECURITY_CODE":"02558","SECURITY_NAME_ABBR":"晋商银行","ORG_CODE":"10059825","STD_REPORT_DATE":"2021-06-30 00:00:00","REPORT_DATE":"2021-06-30 00:00:00","DATE_TYPE_CODE":"002","REPORT_TYPE":"2021年中报","PER_NETCASH_OPERATE":-0.413379462718,"PER_OI":0.438705522681,"BPS":3.651893674051,"BASIC_EPS":0.15,"DILUTED_EPS":0.15,"OPERATE_INCOME":2561448000,"OPERATE_INCOME_YOY":-1.5154206567,"GROSS_PROFIT":null,"GROSS_PROFIT_YOY":null,"HOLDER_PROFIT":881864000,"HOLDER_PROFIT_YOY":13.0892093435,"GROSS_PROFIT_RATIO":null,"EPS_TTM":0.285816241768,"OPERATE_INCOME_QOQ":-0.809652726893,"NET_PROFIT_RATIO":34.4309546788,"ROE_AVG":4.166057940237,"GROSS_PROFIT_QOQ":null,"ROA":0.313572257709,"HOLDER_PROFIT_QOQ":6.514854038266,"ROE_YEARLY":8.332115880474,"ROIC_YEARLY":0.675099770512,"TOTAL_ASSETS":291519426000,"TOTAL_LIABILITIES":270169387000,"TAX_EBT":0.359276972041,"OCF_SALES":-94.227093425281,"TOTAL_PARENT_EQUITY":21322129000,"DEBT_ASSET_RATIO":92.6762894353,"OPERATE_PROFIT":875005000,"PRETAX_PROFIT":885111000,"NETCASH_OPERATE":-2413578000,"NETCASH_INVEST":-496548000,"NETCASH_FINANCE":370140000,"END_CASH":6547953000,"DIVI_RATIO":0.347956022683,"DIVIDEND_RATE":7.621055555556,"CURRENT_RATIO":null,"COMMON_ACS":null,"CURRENTDEBT_DEBT":null,"ISSUED_COMMON_SHARES":5838650000,"HK_COMMON_SHARES":970650000,"PER_SHARES":1000,"TOTAL_MARKET_CAP":8407656000,"HKSK_MARKET_CAP":1397736000,"PE_TTM":3.791482634925,"PB_TTM":0.303410921737,"REPORT_DATE_SQ":"2020-06-30 00:00:00","REPORT_TYPE_SQ":"2020年中报","OPERATE_INCOME_SQ":2600862000,"DPS_HKD":0.1097432,"OPERATE_INCOME_QOQ_SQ":2.534849588549,"NET_PROFIT_RATIO_SQ":29.7951986687,"HOLDER_PROFIT_SQ":779795000,"HOLDER_PROFIT_QOQ_SQ":2.318232982617,"ROE_AVG_SQ":3.860378453673,"PE_TTM_SQ":3.62987650754,"PB_TTM_SQ":0.286707529175,"ROA_SQ":0.302994225582,"START_DATE":"2021-01-01 00:00:00","FISCAL_YEAR":"12-31","CURRENCY":"HKD","IS_CNY_CODE":0,"DPS_HKD_LY":0.1212786,"ORG_TYPE":"银行","PREMIUM_INCOME":null,"PREMIUM_INCOME_YOY":null,"NET_INTEREST_INCOME":1683352000,"NET_INTEREST_INCOME_YOY":1.188095362611,"FEE_COMMISSION_INCOME":394785000,"FEE_COMMISSION_INCOME_YOY":null,"ACCOUNTS_RECE_TDAYS":null,"INVENTORY_TDAYS":null,"CURRENT_ASSETS_TDAYS":null,"TOTAL_ASSETS_TDAYS":0.009107969396,"PREMIUM_EXPENSE":null,"LOAN_DEPOSIT":75.785134820968,"LOAN_EQUITY":6.832603116088,"LOAN_ASSETS":50.040007625427,"DEPOSIT_EQUITY":9.015756364661,"DEPOSIT_ASSETS":66.02879013627,"EQUITY_MULTIPLIER":13.654280725128,"EQUITY_RATIO":12.670844782901},{"SECUCODE":"02558.HK","SECURITY_CODE":"02558","SECURITY_NAME_ABBR":"晋商银行","ORG_CODE":"10059825","STD_REPORT_DATE":"2020-12-31 00:00:00","REPORT_DATE":"2020-12-31 00:00:00","DATE_TYPE_CODE":"001","REPORT_TYPE":"2020年年报","PER_NETCASH_OPERATE":0.019878910365,"PER_OI":0.833756604695,"BPS":3.599038818905,"BASIC_EPS":0.27,"DILUTED_EPS":0.27,"OPERATE_INCOME":4868013000,"OPERATE_INCOME_YOY":-4.3413354566,"GROSS_PROFIT":null,"GROSS_PROFIT_YOY":null,"HOLDER_PROFIT":1566712000,"HOLDER_PROFIT_YOY":5.5999137251,"GROSS_PROFIT_RATIO":null,"EPS_TTM":0.26833463215,"OPERATE_INCOME_QOQ":-6.706193136063,"NET_PROFIT_RATIO":32.2691208918,"ROE_AVG":7.614880247605,"GROSS_PROFIT_QOQ":null,"ROA":0.604307522094,"HOLDER_PROFIT_QOQ":3.207327420383,"ROE_YEARLY":7.614880247605,"ROIC_YEARLY":0.654407244697,"TOTAL_ASSETS":270943597000,"TOTAL_LIABILITIES":249902226000,"TAX_EBT":2.572287837731,"OCF_SALES":2.384258217881,"TOTAL_PARENT_EQUITY":21013528000,"DEBT_ASSET_RATIO":92.2340401349,"OPERATE_PROFIT":1590796000,"PRETAX_PROFIT":1612339000,"NETCASH_OPERATE":116066000,"NETCASH_INVEST":1652243000,"NETCASH_FINANCE":-572212000,"END_CASH":9088656000,"DIVI_RATIO":0.370624849679,"DIVIDEND_RATE":7.621055555556,"CURRENT_RATIO":null,"COMMON_ACS":null,"CURRENTDEBT_DEBT":null,"ISSUED_COMMON_SHARES":5838650000,"HK_COMMON_SHARES":970650000,"PER_SHARES":1000,"TOTAL_MARKET_CAP":8407656000,"HKSK_MARKET_CAP":1397736000,"PE_TTM":3.791482634925,"PB_TTM":0.303410921737,"REPORT_DATE_SQ":"2019-12-31 00:00:00","REPORT_TYPE_SQ":"2019年年报","OPERATE_INCOME_SQ":5088941000,"DPS_HKD":0.1097432,"OPERATE_INCOME_QOQ_SQ":5.685001049801,"NET_PROFIT_RATIO_SQ":29.1307759316,"HOLDER_PROFIT_SQ":1483630000,"HOLDER_PROFIT_QOQ_SQ":8.06525156202,"ROE_AVG_SQ":8.218404616461,"PE_TTM_SQ":3.62987650754,"PB_TTM_SQ":0.286707529175,"ROA_SQ":0.624924372506,"START_DATE":"2020-01-01 00:00:00","FISCAL_YEAR":"12-31","CURRENCY":"HKD","IS_CNY_CODE":0,"DPS_HKD_LY":0.1201947,"ORG_TYPE":"银行","PREMIUM_INCOME":null,"PREMIUM_INCOME_YOY":null,"NET_INTEREST_INCOME":3440704000,"NET_INTEREST_INCOME_YOY":5.574480750407,"FEE_COMMISSION_INCOME":712546000,"FEE_COMMISSION_INCOME_YOY":null,"ACCOUNTS_RECE_TDAYS":null,"INVENTORY_TDAYS":null,"CURRENT_ASSETS_TDAYS":null,"TOTAL_ASSETS_TDAYS":0.018776755865,"PREMIUM_EXPENSE":null,"LOAN_DEPOSIT":75.198366124964,"LOAN_EQUITY":6.317884276647,"LOAN_ASSETS":49.064435724606,"DEPOSIT_EQUITY":8.401624399855,"DEPOSIT_ASSETS":65.246677890676,"EQUITY_MULTIPLIER":12.876708319006,"EQUITY_RATIO":11.892445000192},{"SECUCODE":"02558.HK","SECURITY_CODE":"02558","SECURITY_NAME_ABBR":"晋商银行","ORG_CODE":"10059825","STD_REPORT_DATE":"2020-06-30 00:00:00","REPORT_DATE":"2020-06-30 00:00:00","DATE_TYPE_CODE":"002","REPORT_TYPE":"2020年中报","PER_NETCASH_OPERATE":0.482016562048,"PER_OI":0.445456055766,"BPS":3.470794789892,"BASIC_EPS":0.13,"DILUTED_EPS":0.13,"OPERATE_INCOME":2600862000,"OPERATE_INCOME_YOY":5.2186102396,"GROSS_PROFIT":null,"GROSS_PROFIT_YOY":null,"HOLDER_PROFIT":779795000,"HOLDER_PROFIT_YOY":4.6141607001,"GROSS_PROFIT_RATIO":null,"EPS_TTM":0.259995718188,"OPERATE_INCOME_QOQ":2.534849588549,"NET_PROFIT_RATIO":29.7951986687,"ROE_AVG":3.860378453673,"GROSS_PROFIT_QOQ":null,"ROA":0.302994225582,"HOLDER_PROFIT_QOQ":2.318232982617,"ROE_YEARLY":7.720756907346,"ROIC_YEARLY":0.654264276991,"TOTAL_ASSETS":267154768000,"TOTAL_LIABILITIES":246870695000,"TAX_EBT":1.217489735278,"OCF_SALES":108.207432766521,"TOTAL_PARENT_EQUITY":20264756000,"DEBT_ASSET_RATIO":92.4073700231,"OPERATE_PROFIT":770127000,"PRETAX_PROFIT":784483000,"NETCASH_OPERATE":2814326000,"NETCASH_INVEST":167565000,"NETCASH_FINANCE":-3538695000,"END_CASH":7341272000,"DIVI_RATIO":0.382512002109,"DIVIDEND_RATE":7.621055555556,"CURRENT_RATIO":null,"COMMON_ACS":null,"CURRENTDEBT_DEBT":null,"ISSUED_COMMON_SHARES":5838650000,"HK_COMMON_SHARES":970650000,"PER_SHARES":1000,"TOTAL_MARKET_CAP":8407656000,"HKSK_MARKET_CAP":1397736000,"PE_TTM":3.791482634925,"PB_TTM":0.303410921737,"REPORT_DATE_SQ":"2019-06-30 00:00:00","REPORT_TYPE_SQ":"2019年中报","OPERATE_INCOME_SQ":2471865000,"DPS_HKD":0.1097432,"OPERATE_INCOME_QOQ_SQ":1.313081645324,"NET_PROFIT_RATIO_SQ":30.0280557393,"HOLDER_PROFIT_SQ":745401000,"HOLDER_PROFIT_QOQ_SQ":4.779043916467,"ROE_AVG_SQ":4.629442906854,"PE_TTM_SQ":3.62987650754,"PB_TTM_SQ":0.286707529175,"ROA_SQ":0.319848415226,"START_DATE":"2020-01-01 00:00:00","FISCAL_YEAR":"12-31","CURRENCY":"HKD","IS_CNY_CODE":0,"DPS_HKD_LY":0.1201947,"ORG_TYPE":"银行","PREMIUM_INCOME":null,"PREMIUM_INCOME_YOY":null,"NET_INTEREST_INCOME":1663587000,"NET_INTEREST_INCOME_YOY":-0.199291023085,"FEE_COMMISSION_INCOME":364211000,"FEE_COMMISSION_INCOME_YOY":null,"ACCOUNTS_RECE_TDAYS":null,"INVENTORY_TDAYS":null,"CURRENT_ASSETS_TDAYS":null,"TOTAL_ASSETS_TDAYS":0.010105812009,"PREMIUM_EXPENSE":null,"LOAN_DEPOSIT":76.610566585339,"LOAN_EQUITY":6.477041667125,"LOAN_ASSETS":49.177780723719,"DEPOSIT_EQUITY":8.454501716692,"DEPOSIT_ASSETS":64.191903174268,"EQUITY_MULTIPLIER":13.170666857761,"EQUITY_RATIO":12.182268318454}],"count":17},"success":true,"message":"ok","code":0}