{"version":"2bfe9b7bfcdff627cf2b6afcf201510f","result":{"pages":2,"data":[{"SECUCODE":"02559.HK","SECURITY_CODE":"02559","SECURITY_NAME_ABBR":"嘀嗒出行","ORG_CODE":"10000135284","STD_REPORT_DATE":"2024-06-30 00:00:00","REPORT_DATE":"2024-06-30 00:00:00","DATE_TYPE_CODE":"002","REPORT_TYPE":"2024年中报","PER_NETCASH_OPERATE":0.00404937785,"PER_OI":0.406577657264,"BPS":1.221450158268,"BASIC_EPS":2.85,"DILUTED_EPS":0.08,"OPERATE_INCOME":404130000,"OPERATE_INCOME_YOY":2.0051188078,"GROSS_PROFIT":296134000,"GROSS_PROFIT_YOY":-1.981331921091,"HOLDER_PROFIT":947884000,"HOLDER_PROFIT_YOY":530.5315080439,"GROSS_PROFIT_RATIO":73.276915843912,"EPS_TTM":1.477327730102,"OPERATE_INCOME_QOQ":0.974622278658,"NET_PROFIT_RATIO":234.5492786974,"ROE_AVG":-91.776301775721,"GROSS_PROFIT_QOQ":-0.988815123288,"ROA":54.510223499139,"HOLDER_PROFIT_QOQ":388.852269095558,"ROE_YEARLY":-183.552603551442,"ROIC_YEARLY":215.981142629938,"TOTAL_ASSETS":1904462000,"TOTAL_LIABILITIES":660610000,"TAX_EBT":1.093427020868,"OCF_SALES":0.995966644397,"TOTAL_PARENT_EQUITY":1243852000,"DEBT_ASSET_RATIO":34.6874865448,"OPERATE_PROFIT":958537000,"PRETAX_PROFIT":958363000,"NETCASH_OPERATE":4025000,"NETCASH_INVEST":142683000,"NETCASH_FINANCE":204570000,"END_CASH":1036805000,"DIVI_RATIO":null,"DIVIDEND_RATE":null,"CURRENT_RATIO":2.655880350381,"COMMON_ACS":2000000000,"CURRENTDEBT_DEBT":98.935075157809,"ISSUED_COMMON_SHARES":1018340365,"HK_COMMON_SHARES":1018340365,"PER_SHARES":500,"TOTAL_MARKET_CAP":1476593529.25,"HKSK_MARKET_CAP":1476593529.25,"PE_TTM":0.917801117642,"PB_TTM":1.08345476976,"REPORT_DATE_SQ":"2023-06-30 00:00:00","REPORT_TYPE_SQ":"2023年中报","OPERATE_INCOME_SQ":396186000,"DPS_HKD":null,"OPERATE_INCOME_QOQ_SQ":22.949402366635,"NET_PROFIT_RATIO_SQ":-55.571373042,"HOLDER_PROFIT_SQ":-220166000,"HOLDER_PROFIT_QOQ_SQ":-148.660402598718,"ROE_AVG_SQ":5.779668988036,"PE_TTM_SQ":null,"PB_TTM_SQ":null,"ROA_SQ":-16.325347235997,"START_DATE":"2024-01-01 00:00:00","FISCAL_YEAR":"12-31","CURRENCY":"HKD","IS_CNY_CODE":0,"DPS_HKD_LY":null,"ORG_TYPE":"一般企业","PREMIUM_INCOME":null,"PREMIUM_INCOME_YOY":null,"NET_INTEREST_INCOME":null,"NET_INTEREST_INCOME_YOY":null,"FEE_COMMISSION_INCOME":null,"FEE_COMMISSION_INCOME_YOY":null,"ACCOUNTS_RECE_TDAYS":39.281687402799,"INVENTORY_TDAYS":null,"CURRENT_ASSETS_TDAYS":0.251730166042,"TOTAL_ASSETS_TDAYS":0.232404140409,"PREMIUM_EXPENSE":null,"LOAN_DEPOSIT":null,"LOAN_EQUITY":null,"LOAN_ASSETS":null,"DEPOSIT_EQUITY":null,"DEPOSIT_ASSETS":null,"EQUITY_MULTIPLIER":1.531100163043,"EQUITY_RATIO":0.531100163042},{"SECUCODE":"02559.HK","SECURITY_CODE":"02559","SECURITY_NAME_ABBR":"嘀嗒出行","ORG_CODE":"10000135284","STD_REPORT_DATE":"2023-12-31 00:00:00","REPORT_DATE":"2023-12-31 00:00:00","DATE_TYPE_CODE":"001","REPORT_TYPE":"2023年年报","PER_NETCASH_OPERATE":0.769141129245,"PER_OI":2.723114400708,"BPS":-3.249887870251,"BASIC_EPS":0.93,"DILUTED_EPS":0.1,"OPERATE_INCOME":815085000,"OPERATE_INCOME_YOY":43.2290476877,"GROSS_PROFIT":605371000,"GROSS_PROFIT_YOY":41.586386099826,"HOLDER_PROFIT":300384000,"HOLDER_PROFIT_YOY":260.0929483934,"GROSS_PROFIT_RATIO":74.270904261519,"EPS_TTM":1.003551772075,"OPERATE_INCOME_QOQ":16.49430166448,"NET_PROFIT_RATIO":36.8530889416,"ROE_AVG":-8.545918693941,"GROSS_PROFIT_QOQ":13.13040894472,"ROA":21.189952577549,"HOLDER_PROFIT_QOQ":164.382164076097,"ROE_YEARLY":-8.545918693941,"ROIC_YEARLY":40.417571815988,"TOTAL_ASSETS":1573359000,"TOTAL_LIABILITIES":4882851000,"TAX_EBT":6.203571573547,"OCF_SALES":28.244906972892,"TOTAL_PARENT_EQUITY":-3309492000,"DEBT_ASSET_RATIO":310.3456363106,"OPERATE_PROFIT":320536000,"PRETAX_PROFIT":320251000,"NETCASH_OPERATE":230220000,"NETCASH_INVEST":-197707000,"NETCASH_FINANCE":-10250000,"END_CASH":685522000,"DIVI_RATIO":null,"DIVIDEND_RATE":null,"CURRENT_RATIO":0.302195555293,"COMMON_ACS":2000000000,"CURRENTDEBT_DEBT":99.961108786649,"ISSUED_COMMON_SHARES":1018340365,"HK_COMMON_SHARES":1018340365,"PER_SHARES":500,"TOTAL_MARKET_CAP":1466410125.6,"HKSK_MARKET_CAP":1466410125.6,"PE_TTM":0.911471454762,"PB_TTM":1.0759826679,"REPORT_DATE_SQ":"2022-12-31 00:00:00","REPORT_TYPE_SQ":"2022年年报","OPERATE_INCOME_SQ":569078000,"DPS_HKD":null,"OPERATE_INCOME_QOQ_SQ":-8.967619949515,"NET_PROFIT_RATIO_SQ":-32.97105142,"HOLDER_PROFIT_SQ":-187631000,"HOLDER_PROFIT_QOQ_SQ":-121.44432710682,"ROE_AVG_SQ":5.154889694383,"PE_TTM_SQ":null,"PB_TTM_SQ":null,"ROA_SQ":-15.233418026129,"START_DATE":"2023-01-01 00:00:00","FISCAL_YEAR":"12-31","CURRENCY":"HKD","IS_CNY_CODE":0,"DPS_HKD_LY":null,"ORG_TYPE":"一般企业","PREMIUM_INCOME":null,"PREMIUM_INCOME_YOY":null,"NET_INTEREST_INCOME":null,"NET_INTEREST_INCOME_YOY":null,"FEE_COMMISSION_INCOME":null,"FEE_COMMISSION_INCOME_YOY":null,"ACCOUNTS_RECE_TDAYS":50.965109735509,"INVENTORY_TDAYS":null,"CURRENT_ASSETS_TDAYS":0.623323797091,"TOTAL_ASSETS_TDAYS":0.574984436477,"PREMIUM_EXPENSE":null,"LOAN_DEPOSIT":null,"LOAN_EQUITY":null,"LOAN_ASSETS":null,"DEPOSIT_EQUITY":null,"DEPOSIT_ASSETS":null,"EQUITY_MULTIPLIER":-0.475408008238,"EQUITY_RATIO":-1.475408008238},{"SECUCODE":"02559.HK","SECURITY_CODE":"02559","SECURITY_NAME_ABBR":"嘀嗒出行","ORG_CODE":"10000135284","STD_REPORT_DATE":"2023-06-30 00:00:00","REPORT_DATE":"2023-06-30 00:00:00","DATE_TYPE_CODE":"002","REPORT_TYPE":"2023年中报","PER_NETCASH_OPERATE":0.25212588566,"PER_OI":1.350358867359,"BPS":-3.828039360887,"BASIC_EPS":-0.68,"DILUTED_EPS":-0.68,"OPERATE_INCOME":396186000,"OPERATE_INCOME_YOY":49.1742787647,"GROSS_PROFIT":302120000,"GROSS_PROFIT_YOY":55.272544122031,"HOLDER_PROFIT":-220166000,"HOLDER_PROFIT_YOY":-474.6422311842,"GROSS_PROFIT_RATIO":76.257111558712,"EPS_TTM":-1.590234976981,"OPERATE_INCOME_QOQ":22.949402366635,"NET_PROFIT_RATIO":-55.571373042,"ROE_AVG":5.779668988036,"GROSS_PROFIT_QOQ":25.153252269256,"ROA":-16.325347235997,"HOLDER_PROFIT_QOQ":-148.660402598718,"ROE_YEARLY":11.559337976071,"ROIC_YEARLY":-58.708506715056,"TOTAL_ASSETS":1435433000,"TOTAL_LIABILITIES":5333680000,"TAX_EBT":-1.572260308731,"OCF_SALES":18.671028254406,"TOTAL_PARENT_EQUITY":-3898247000,"DEBT_ASSET_RATIO":371.5728982126,"OPERATE_PROFIT":-216604000,"PRETAX_PROFIT":-216758000,"NETCASH_OPERATE":73972000,"NETCASH_INVEST":-197219000,"NETCASH_FINANCE":-6099000,"END_CASH":533937000,"DIVI_RATIO":null,"DIVIDEND_RATE":null,"CURRENT_RATIO":0.246898105228,"COMMON_ACS":2000000000,"CURRENTDEBT_DEBT":99.945516041457,"ISSUED_COMMON_SHARES":1018340365,"HK_COMMON_SHARES":1018340365,"PER_SHARES":500,"TOTAL_MARKET_CAP":1466410125.6,"HKSK_MARKET_CAP":1466410125.6,"PE_TTM":0.911471454762,"PB_TTM":1.0759826679,"REPORT_DATE_SQ":"2022-06-30 00:00:00","REPORT_TYPE_SQ":"2022年中报","OPERATE_INCOME_SQ":265586000,"DPS_HKD":null,"OPERATE_INCOME_QOQ_SQ":0,"NET_PROFIT_RATIO_SQ":22.1272958665,"HOLDER_PROFIT_SQ":58767000,"HOLDER_PROFIT_QOQ_SQ":0,"ROE_AVG_SQ":null,"PE_TTM_SQ":null,"PB_TTM_SQ":null,"ROA_SQ":null,"START_DATE":"2023-01-01 00:00:00","FISCAL_YEAR":"12-31","CURRENCY":"HKD","IS_CNY_CODE":0,"DPS_HKD_LY":null,"ORG_TYPE":"一般企业","PREMIUM_INCOME":null,"PREMIUM_INCOME_YOY":null,"NET_INTEREST_INCOME":null,"NET_INTEREST_INCOME_YOY":null,"FEE_COMMISSION_INCOME":null,"FEE_COMMISSION_INCOME_YOY":null,"ACCOUNTS_RECE_TDAYS":22.916158139804,"INVENTORY_TDAYS":null,"CURRENT_ASSETS_TDAYS":0.322568983921,"TOTAL_ASSETS_TDAYS":0.293772608852,"PREMIUM_EXPENSE":null,"LOAN_DEPOSIT":null,"LOAN_EQUITY":null,"LOAN_ASSETS":null,"DEPOSIT_EQUITY":null,"DEPOSIT_ASSETS":null,"EQUITY_MULTIPLIER":-0.368225256122,"EQUITY_RATIO":-1.368225256122},{"SECUCODE":"02559.HK","SECURITY_CODE":"02559","SECURITY_NAME_ABBR":"嘀嗒出行","ORG_CODE":"10000135284","STD_REPORT_DATE":"2022-12-31 00:00:00","REPORT_DATE":"2022-12-31 00:00:00","DATE_TYPE_CODE":"001","REPORT_TYPE":"2022年年报","PER_NETCASH_OPERATE":0.333899713661,"PER_OI":1.769375285179,"BPS":-3.653385575068,"BASIC_EPS":-0.59,"DILUTED_EPS":-0.59,"OPERATE_INCOME":569078000,"OPERATE_INCOME_YOY":-27.0957732874,"GROSS_PROFIT":427563000,"GROSS_PROFIT_YOY":-32.268749683175,"HOLDER_PROFIT":-187631000,"HOLDER_PROFIT_YOY":-110.8394193896,"GROSS_PROFIT_RATIO":75.132582879676,"EPS_TTM":-0.583381635089,"OPERATE_INCOME_QOQ":-8.967619949515,"NET_PROFIT_RATIO":-32.97105142,"ROE_AVG":5.154889694383,"GROSS_PROFIT_QOQ":-10.626276392718,"ROA":-15.233418026129,"HOLDER_PROFIT_QOQ":-121.44432710682,"ROE_YEARLY":5.154889694383,"ROIC_YEARLY":-28.561273293533,"TOTAL_ASSETS":1261796000,"TOTAL_LIABILITIES":4982186000,"TAX_EBT":-1.157512238252,"OCF_SALES":18.871051068571,"TOTAL_PARENT_EQUITY":-3720390000,"DEBT_ASSET_RATIO":394.8487711167,"OPERATE_PROFIT":-185254000,"PRETAX_PROFIT":-185484000,"NETCASH_OPERATE":107391000,"NETCASH_INVEST":72662000,"NETCASH_FINANCE":-3515000,"END_CASH":663230000,"DIVI_RATIO":null,"DIVIDEND_RATE":null,"CURRENT_RATIO":0.228899148868,"COMMON_ACS":2000000000,"CURRENTDEBT_DEBT":99.988238094684,"ISSUED_COMMON_SHARES":1018340365,"HK_COMMON_SHARES":1018340365,"PER_SHARES":500,"TOTAL_MARKET_CAP":1466410125.6,"HKSK_MARKET_CAP":1466410125.6,"PE_TTM":0.911471454762,"PB_TTM":1.0759826679,"REPORT_DATE_SQ":"2021-12-31 00:00:00","REPORT_TYPE_SQ":"2021年年报","OPERATE_INCOME_SQ":780583000,"DPS_HKD":null,"OPERATE_INCOME_QOQ_SQ":-1.365322698853,"NET_PROFIT_RATIO_SQ":221.7580961922,"HOLDER_PROFIT_SQ":1731006000,"HOLDER_PROFIT_QOQ_SQ":178.886550504991,"ROE_AVG_SQ":-39.29571249168,"PE_TTM_SQ":null,"PB_TTM_SQ":null,"ROA_SQ":147.294462819552,"START_DATE":"2022-01-01 00:00:00","FISCAL_YEAR":"12-31","CURRENCY":"HKD","IS_CNY_CODE":0,"DPS_HKD_LY":null,"ORG_TYPE":"一般企业","PREMIUM_INCOME":null,"PREMIUM_INCOME_YOY":null,"NET_INTEREST_INCOME":null,"NET_INTEREST_INCOME_YOY":null,"FEE_COMMISSION_INCOME":null,"FEE_COMMISSION_INCOME_YOY":null,"ACCOUNTS_RECE_TDAYS":20.765480751688,"INVENTORY_TDAYS":null,"CURRENT_ASSETS_TDAYS":0.513264351281,"TOTAL_ASSETS_TDAYS":0.462024029263,"PREMIUM_EXPENSE":null,"LOAN_DEPOSIT":null,"LOAN_EQUITY":null,"LOAN_ASSETS":null,"DEPOSIT_EQUITY":null,"DEPOSIT_ASSETS":null,"EQUITY_MULTIPLIER":-0.339156916345,"EQUITY_RATIO":-1.339156916345},{"SECUCODE":"02559.HK","SECURITY_CODE":"02559","SECURITY_NAME_ABBR":"嘀嗒出行","ORG_CODE":"10000135284","STD_REPORT_DATE":"2022-09-30 00:00:00","REPORT_DATE":"2022-09-30 00:00:00","DATE_TYPE_CODE":"004","REPORT_TYPE":"2022年三季报","PER_NETCASH_OPERATE":0.222074770982,"PER_OI":1.357364486518,"BPS":-3.40019223337,"BASIC_EPS":0.23,"DILUTED_EPS":0.04,"OPERATE_INCOME":428251000,"OPERATE_INCOME_YOY":-26.6311573148,"GROSS_PROFIT":319502000,"GROSS_PROFIT_YOY":-32.361490112561,"HOLDER_PROFIT":74852000,"HOLDER_PROFIT_YOY":-91.9590929111,"GROSS_PROFIT_RATIO":74.606247270876,"EPS_TTM":2.773257949286,"OPERATE_INCOME_QOQ":-19.913961743979,"NET_PROFIT_RATIO":17.4785347845,"ROE_AVG":-2.131961015635,"GROSS_PROFIT_QOQ":-24.215700562681,"ROA":5.956952716111,"HOLDER_PROFIT_QOQ":-49.453208134461,"ROE_YEARLY":-2.842614687513,"ROIC_YEARLY":10.4698215632,"TOTAL_ASSETS":1311480000,"TOTAL_LIABILITIES":4774033000,"TAX_EBT":3.759514503189,"OCF_SALES":16.360732374239,"TOTAL_PARENT_EQUITY":-3462553000,"DEBT_ASSET_RATIO":364.0187421844,"OPERATE_PROFIT":77951000,"PRETAX_PROFIT":77776000,"NETCASH_OPERATE":70065000,"NETCASH_INVEST":42292000,"NETCASH_FINANCE":-2203000,"END_CASH":596936000,"DIVI_RATIO":null,"DIVIDEND_RATE":null,"CURRENT_RATIO":0.248957733517,"COMMON_ACS":2000000000,"CURRENTDEBT_DEBT":99.963531881744,"ISSUED_COMMON_SHARES":1018340365,"HK_COMMON_SHARES":1018340365,"PER_SHARES":500,"TOTAL_MARKET_CAP":1466410125.6,"HKSK_MARKET_CAP":1466410125.6,"PE_TTM":0.911471454762,"PB_TTM":1.0759826679,"REPORT_DATE_SQ":"2021-09-30 00:00:00","REPORT_TYPE_SQ":"2021年三季报","OPERATE_INCOME_SQ":583696000,"DPS_HKD":null,"OPERATE_INCOME_QOQ_SQ":0,"NET_PROFIT_RATIO_SQ":159.4819906253,"HOLDER_PROFIT_SQ":930890000,"HOLDER_PROFIT_QOQ_SQ":0,"ROE_AVG_SQ":null,"PE_TTM_SQ":null,"PB_TTM_SQ":null,"ROA_SQ":null,"START_DATE":"2022-01-01 00:00:00","FISCAL_YEAR":"12-31","CURRENCY":"HKD","IS_CNY_CODE":0,"DPS_HKD_LY":null,"ORG_TYPE":"一般企业","PREMIUM_INCOME":null,"PREMIUM_INCOME_YOY":null,"NET_INTEREST_INCOME":null,"NET_INTEREST_INCOME_YOY":null,"FEE_COMMISSION_INCOME":null,"FEE_COMMISSION_INCOME_YOY":null,"ACCOUNTS_RECE_TDAYS":15.601697693905,"INVENTORY_TDAYS":null,"CURRENT_ASSETS_TDAYS":0.37809649936,"TOTAL_ASSETS_TDAYS":0.340815336615,"PREMIUM_EXPENSE":null,"LOAN_DEPOSIT":null,"LOAN_EQUITY":null,"LOAN_ASSETS":null,"DEPOSIT_EQUITY":null,"DEPOSIT_ASSETS":null,"EQUITY_MULTIPLIER":-0.378760989362,"EQUITY_RATIO":-1.378760989362},{"SECUCODE":"02559.HK","SECURITY_CODE":"02559","SECURITY_NAME_ABBR":"嘀嗒出行","ORG_CODE":"10000135284","STD_REPORT_DATE":"2022-06-30 00:00:00","REPORT_DATE":"2022-06-30 00:00:00","DATE_TYPE_CODE":"002","REPORT_TYPE":"2022年中报","PER_NETCASH_OPERATE":null,"PER_OI":null,"BPS":null,"BASIC_EPS":0.18,"DILUTED_EPS":0.01,"OPERATE_INCOME":265586000,"OPERATE_INCOME_YOY":null,"GROSS_PROFIT":194574000,"GROSS_PROFIT_YOY":null,"HOLDER_PROFIT":58767000,"HOLDER_PROFIT_YOY":null,"GROSS_PROFIT_RATIO":73.262144841972,"EPS_TTM":4.926953104554,"OPERATE_INCOME_QOQ":0,"NET_PROFIT_RATIO":22.1272958665,"ROE_AVG":null,"GROSS_PROFIT_QOQ":0,"ROA":null,"HOLDER_PROFIT_QOQ":0,"ROE_YEARLY":null,"ROIC_YEARLY":null,"TOTAL_ASSETS":null,"TOTAL_LIABILITIES":null,"TAX_EBT":-1.1340951332,"OCF_SALES":14.961255487865,"TOTAL_PARENT_EQUITY":null,"DEBT_ASSET_RATIO":null,"OPERATE_PROFIT":58217000,"PRETAX_PROFIT":58108000,"NETCASH_OPERATE":39735000,"NETCASH_INVEST":-50734000,"NETCASH_FINANCE":-1041000,"END_CASH":474480000,"DIVI_RATIO":null,"DIVIDEND_RATE":null,"CURRENT_RATIO":null,"COMMON_ACS":2000000000,"CURRENTDEBT_DEBT":null,"ISSUED_COMMON_SHARES":1018340365,"HK_COMMON_SHARES":1018340365,"PER_SHARES":500,"TOTAL_MARKET_CAP":1466410125.6,"HKSK_MARKET_CAP":1466410125.6,"PE_TTM":0.911471454762,"PB_TTM":1.0759826679,"REPORT_DATE_SQ":"2021-06-30 00:00:00","REPORT_TYPE_SQ":"2021年中报","OPERATE_INCOME_SQ":null,"DPS_HKD":null,"OPERATE_INCOME_QOQ_SQ":0,"NET_PROFIT_RATIO_SQ":null,"HOLDER_PROFIT_SQ":null,"HOLDER_PROFIT_QOQ_SQ":0,"ROE_AVG_SQ":null,"PE_TTM_SQ":null,"PB_TTM_SQ":null,"ROA_SQ":null,"START_DATE":"2022-01-01 00:00:00","FISCAL_YEAR":"12-31","CURRENCY":"HKD","IS_CNY_CODE":0,"DPS_HKD_LY":null,"ORG_TYPE":"一般企业","PREMIUM_INCOME":null,"PREMIUM_INCOME_YOY":null,"NET_INTEREST_INCOME":null,"NET_INTEREST_INCOME_YOY":null,"FEE_COMMISSION_INCOME":null,"FEE_COMMISSION_INCOME_YOY":null,"ACCOUNTS_RECE_TDAYS":null,"INVENTORY_TDAYS":null,"CURRENT_ASSETS_TDAYS":0.493103886833,"TOTAL_ASSETS_TDAYS":0.442047674092,"PREMIUM_EXPENSE":null,"LOAN_DEPOSIT":null,"LOAN_EQUITY":null,"LOAN_ASSETS":null,"DEPOSIT_EQUITY":null,"DEPOSIT_ASSETS":null,"EQUITY_MULTIPLIER":null,"EQUITY_RATIO":null},{"SECUCODE":"02559.HK","SECURITY_CODE":"02559","SECURITY_NAME_ABBR":"嘀嗒出行","ORG_CODE":"10000135284","STD_REPORT_DATE":"2021-12-31 00:00:00","REPORT_DATE":"2021-12-31 00:00:00","DATE_TYPE_CODE":"001","REPORT_TYPE":"2021年年报","PER_NETCASH_OPERATE":0.385422450179,"PER_OI":2.221769211205,"BPS":-3.49523511228,"BASIC_EPS":5.26,"DILUTED_EPS":0.22,"OPERATE_INCOME":780583000,"OPERATE_INCOME_YOY":3.5047311417,"GROSS_PROFIT":631264000,"GROSS_PROFIT_YOY":1.226233409288,"HOLDER_PROFIT":1731006000,"HOLDER_PROFIT_YOY":178.886550505,"GROSS_PROFIT_RATIO":80.870836285187,"EPS_TTM":4.926953104554,"OPERATE_INCOME_QOQ":-1.365322698853,"NET_PROFIT_RATIO":221.7580961922,"ROE_AVG":-39.29571249168,"GROSS_PROFIT_QOQ":-4.47739512418,"ROA":147.294462819552,"HOLDER_PROFIT_QOQ":178.886550504991,"ROE_YEARLY":-39.29571249168,"ROIC_YEARLY":257.629666451852,"TOTAL_ASSETS":1201617000,"TOTAL_LIABILITIES":4760956000,"TAX_EBT":3.36474852033,"OCF_SALES":17.347546641421,"TOTAL_PARENT_EQUITY":-3559339000,"DEBT_ASSET_RATIO":396.2124370744,"OPERATE_PROFIT":1791552000,"PRETAX_PROFIT":1791278000,"NETCASH_OPERATE":135412000,"NETCASH_INVEST":-100346000,"NETCASH_FINANCE":-67209000,"END_CASH":486299000,"DIVI_RATIO":null,"DIVIDEND_RATE":null,"CURRENT_RATIO":0.374697376147,"COMMON_ACS":2000000000,"CURRENTDEBT_DEBT":60.384006909537,"ISSUED_COMMON_SHARES":1018340365,"HK_COMMON_SHARES":1018340365,"PER_SHARES":500,"TOTAL_MARKET_CAP":1466410125.6,"HKSK_MARKET_CAP":1466410125.6,"PE_TTM":0.911471454762,"PB_TTM":1.0759826679,"REPORT_DATE_SQ":"2020-12-31 00:00:00","REPORT_TYPE_SQ":"2020年年报","OPERATE_INCOME_SQ":754152000,"DPS_HKD":null,"OPERATE_INCOME_QOQ_SQ":12.357208774047,"NET_PROFIT_RATIO_SQ":-277.2720839841,"HOLDER_PROFIT_SQ":-2194298000,"HOLDER_PROFIT_QOQ_SQ":-50.354422348102,"ROE_AVG_SQ":52.939798445943,"PE_TTM_SQ":null,"PB_TTM_SQ":null,"ROA_SQ":-221.263298321541,"START_DATE":"2021-01-01 00:00:00","FISCAL_YEAR":"12-31","CURRENCY":"HKD","IS_CNY_CODE":0,"DPS_HKD_LY":null,"ORG_TYPE":"一般企业","PREMIUM_INCOME":null,"PREMIUM_INCOME_YOY":null,"NET_INTEREST_INCOME":null,"NET_INTEREST_INCOME_YOY":null,"FEE_COMMISSION_INCOME":null,"FEE_COMMISSION_INCOME_YOY":null,"ACCOUNTS_RECE_TDAYS":23.769637174744,"INVENTORY_TDAYS":null,"CURRENT_ASSETS_TDAYS":0.767482835481,"TOTAL_ASSETS_TDAYS":0.664212334741,"PREMIUM_EXPENSE":null,"LOAN_DEPOSIT":null,"LOAN_EQUITY":null,"LOAN_ASSETS":null,"DEPOSIT_EQUITY":null,"DEPOSIT_ASSETS":null,"EQUITY_MULTIPLIER":-0.337595547937,"EQUITY_RATIO":-1.337595547937},{"SECUCODE":"02559.HK","SECURITY_CODE":"02559","SECURITY_NAME_ABBR":"嘀嗒出行","ORG_CODE":"10000135284","STD_REPORT_DATE":"2021-09-30 00:00:00","REPORT_DATE":"2021-09-30 00:00:00","DATE_TYPE_CODE":"004","REPORT_TYPE":"2021年三季报","PER_NETCASH_OPERATE":null,"PER_OI":null,"BPS":null,"BASIC_EPS":2.79,"DILUTED_EPS":0.17,"OPERATE_INCOME":583696000,"OPERATE_INCOME_YOY":null,"GROSS_PROFIT":472367000,"GROSS_PROFIT_YOY":null,"HOLDER_PROFIT":930890000,"HOLDER_PROFIT_YOY":null,"GROSS_PROFIT_RATIO":80.926886598503,"EPS_TTM":-6.391774562589,"OPERATE_INCOME_QOQ":0,"NET_PROFIT_RATIO":159.4819906253,"ROE_AVG":null,"GROSS_PROFIT_QOQ":0,"ROA":null,"HOLDER_PROFIT_QOQ":0,"ROE_YEARLY":null,"ROIC_YEARLY":null,"TOTAL_ASSETS":null,"TOTAL_LIABILITIES":null,"TAX_EBT":5.361964637181,"OCF_SALES":13.409548806228,"TOTAL_PARENT_EQUITY":null,"DEBT_ASSET_RATIO":null,"OPERATE_PROFIT":983867000,"PRETAX_PROFIT":983632000,"NETCASH_OPERATE":78271000,"NETCASH_INVEST":-115636000,"NETCASH_FINANCE":-66097000,"END_CASH":415055000,"DIVI_RATIO":null,"DIVIDEND_RATE":null,"CURRENT_RATIO":null,"COMMON_ACS":2000000000,"CURRENTDEBT_DEBT":null,"ISSUED_COMMON_SHARES":1018340365,"HK_COMMON_SHARES":1018340365,"PER_SHARES":500,"TOTAL_MARKET_CAP":1466410125.6,"HKSK_MARKET_CAP":1466410125.6,"PE_TTM":0.911471454762,"PB_TTM":1.0759826679,"REPORT_DATE_SQ":"2020-09-30 00:00:00","REPORT_TYPE_SQ":"2020年三季报","OPERATE_INCOME_SQ":null,"DPS_HKD":null,"OPERATE_INCOME_QOQ_SQ":0,"NET_PROFIT_RATIO_SQ":null,"HOLDER_PROFIT_SQ":null,"HOLDER_PROFIT_QOQ_SQ":0,"ROE_AVG_SQ":null,"PE_TTM_SQ":null,"PB_TTM_SQ":null,"ROA_SQ":null,"START_DATE":"2021-01-01 00:00:00","FISCAL_YEAR":"12-31","CURRENCY":"HKD","IS_CNY_CODE":0,"DPS_HKD_LY":null,"ORG_TYPE":"一般企业","PREMIUM_INCOME":null,"PREMIUM_INCOME_YOY":null,"NET_INTEREST_INCOME":null,"NET_INTEREST_INCOME_YOY":null,"FEE_COMMISSION_INCOME":null,"FEE_COMMISSION_INCOME_YOY":null,"ACCOUNTS_RECE_TDAYS":null,"INVENTORY_TDAYS":null,"CURRENT_ASSETS_TDAYS":1.219925658638,"TOTAL_ASSETS_TDAYS":1.016197112602,"PREMIUM_EXPENSE":null,"LOAN_DEPOSIT":null,"LOAN_EQUITY":null,"LOAN_ASSETS":null,"DEPOSIT_EQUITY":null,"DEPOSIT_ASSETS":null,"EQUITY_MULTIPLIER":null,"EQUITY_RATIO":null},{"SECUCODE":"02559.HK","SECURITY_CODE":"02559","SECURITY_NAME_ABBR":"嘀嗒出行","ORG_CODE":"10000135284","STD_REPORT_DATE":"2020-12-31 00:00:00","REPORT_DATE":"2020-12-31 00:00:00","DATE_TYPE_CODE":"001","REPORT_TYPE":"2020年年报","PER_NETCASH_OPERATE":0.39940544125,"PER_OI":2.1967707075,"BPS":-5.156245574141,"BASIC_EPS":-6.44,"DILUTED_EPS":-6.44,"OPERATE_INCOME":754152000,"OPERATE_INCOME_YOY":36.2958115183,"GROSS_PROFIT":623617000,"GROSS_PROFIT_YOY":35.068279529137,"HOLDER_PROFIT":-2194298000,"HOLDER_PROFIT_YOY":-190.3205661673,"GROSS_PROFIT_RATIO":83.50556237901,"EPS_TTM":-6.391774562589,"OPERATE_INCOME_QOQ":12.357208774047,"NET_PROFIT_RATIO":-277.2720839841,"ROE_AVG":52.939798445943,"GROSS_PROFIT_QOQ":14.460969826504,"ROA":-221.263298321541,"HOLDER_PROFIT_QOQ":-50.354422348102,"ROE_YEARLY":52.939798445943,"ROIC_YEARLY":-321.641998336308,"TOTAL_ASSETS":1148785000,"TOTAL_LIABILITIES":6399598000,"TAX_EBT":1.051801861723,"OCF_SALES":17.326014546594,"TOTAL_PARENT_EQUITY":-5250813000,"DEBT_ASSET_RATIO":557.0753448208,"OPERATE_PROFIT":-2217088000,"PRETAX_PROFIT":-2217623000,"NETCASH_OPERATE":137116000,"NETCASH_INVEST":338921000,"NETCASH_FINANCE":-48730000,"END_CASH":520309000,"DIVI_RATIO":null,"DIVIDEND_RATE":null,"CURRENT_RATIO":1.471079169869,"COMMON_ACS":2000000000,"CURRENTDEBT_DEBT":10.16470097028,"ISSUED_COMMON_SHARES":1018340365,"HK_COMMON_SHARES":1018340365,"PER_SHARES":500,"TOTAL_MARKET_CAP":1466410125.6,"HKSK_MARKET_CAP":1466410125.6,"PE_TTM":0.911471454762,"PB_TTM":1.0759826679,"REPORT_DATE_SQ":"2019-12-31 00:00:00","REPORT_TYPE_SQ":"2019年年报","OPERATE_INCOME_SQ":580640000,"DPS_HKD":null,"OPERATE_INCOME_QOQ_SQ":393.804481864183,"NET_PROFIT_RATIO_SQ":-130.1699848443,"HOLDER_PROFIT_SQ":-755819000,"HOLDER_PROFIT_QOQ_SQ":54.940260681745,"ROE_AVG_SQ":29.134814515002,"PE_TTM_SQ":null,"PB_TTM_SQ":null,"ROA_SQ":-139.938364236075,"START_DATE":"2020-01-01 00:00:00","FISCAL_YEAR":"12-31","CURRENCY":"HKD","IS_CNY_CODE":0,"DPS_HKD_LY":null,"ORG_TYPE":"一般企业","PREMIUM_INCOME":null,"PREMIUM_INCOME_YOY":null,"NET_INTEREST_INCOME":null,"NET_INTEREST_INCOME_YOY":null,"FEE_COMMISSION_INCOME":null,"FEE_COMMISSION_INCOME_YOY":null,"ACCOUNTS_RECE_TDAYS":26.812386674725,"INVENTORY_TDAYS":null,"CURRENT_ASSETS_TDAYS":0.976659290807,"TOTAL_ASSETS_TDAYS":0.798000632239,"PREMIUM_EXPENSE":null,"LOAN_DEPOSIT":null,"LOAN_EQUITY":null,"LOAN_ASSETS":null,"DEPOSIT_EQUITY":null,"DEPOSIT_ASSETS":null,"EQUITY_MULTIPLIER":-0.218782310473,"EQUITY_RATIO":-1.218782310473}],"count":14},"success":true,"message":"ok","code":0}