{"version":"1e0032542cc434a9875e2f64654760b7","result":{"pages":1,"data":[{"SECUCODE":"02556.HK","SECURITY_CODE":"02556","SECURITY_NAME_ABBR":"迈富时","ORG_CODE":"10000459019","STD_REPORT_DATE":"2024-06-30 00:00:00","REPORT_DATE":"2024-06-30 00:00:00","DATE_TYPE_CODE":"002","REPORT_TYPE":"2024年中报","PER_NETCASH_OPERATE":-0.243476789187,"PER_OI":3.144370250391,"BPS":2.216924587607,"BASIC_EPS":-4.33,"DILUTED_EPS":-4.33,"OPERATE_INCOME":739443000,"OPERATE_INCOME_YOY":26.7198034021,"GROSS_PROFIT":392868000,"GROSS_PROFIT_YOY":22.345335301482,"HOLDER_PROFIT":-820178000,"HOLDER_PROFIT_YOY":-1111.9543694772,"GROSS_PROFIT_RATIO":53.130261561743,"EPS_TTM":-3.920589919975,"OPERATE_INCOME_QOQ":12.654368081031,"NET_PROFIT_RATIO":-110.9183534093,"ROE_AVG":375.249864458968,"GROSS_PROFIT_QOQ":10.16083672481,"ROA":-33.416619082086,"HOLDER_PROFIT_QOQ":-444.012792220819,"ROE_YEARLY":750.499728917937,"ROIC_YEARLY":-79.655883568372,"TOTAL_ASSETS":2605903000,"TOTAL_LIABILITIES":2082345000,"TAX_EBT":-0.001097334818,"OCF_SALES":-7.743260805769,"TOTAL_PARENT_EQUITY":523558000,"DEBT_ASSET_RATIO":79.9087686687,"OPERATE_PROFIT":-801277000,"PRETAX_PROFIT":-820169000,"NETCASH_OPERATE":-57257000,"NETCASH_INVEST":-194792000,"NETCASH_FINANCE":474531000,"END_CASH":360621000,"DIVI_RATIO":null,"DIVIDEND_RATE":null,"CURRENT_RATIO":1.234300432129,"COMMON_ACS":10000000000,"CURRENTDEBT_DEBT":95.183314964619,"ISSUED_COMMON_SHARES":236164100,"HK_COMMON_SHARES":236164100,"PER_SHARES":100,"TOTAL_MARKET_CAP":15669488035,"HKSK_MARKET_CAP":15669488035,"PE_TTM":-15.479651606227,"PB_TTM":27.315461400234,"REPORT_DATE_SQ":"2023-06-30 00:00:00","REPORT_TYPE_SQ":"2023年中报","OPERATE_INCOME_SQ":583526000,"DPS_HKD":null,"OPERATE_INCOME_QOQ_SQ":-0.782305543694,"NET_PROFIT_RATIO_SQ":-11.5974266785,"HOLDER_PROFIT_SQ":-67674000,"HOLDER_PROFIT_QOQ_SQ":3.799866022961,"ROE_AVG_SQ":null,"PE_TTM_SQ":null,"PB_TTM_SQ":null,"ROA_SQ":null,"START_DATE":"2024-01-01 00:00:00","FISCAL_YEAR":"12-31","CURRENCY":"HKD","IS_CNY_CODE":0,"DPS_HKD_LY":null,"ORG_TYPE":"一般企业","PREMIUM_INCOME":null,"PREMIUM_INCOME_YOY":null,"NET_INTEREST_INCOME":null,"NET_INTEREST_INCOME_YOY":null,"FEE_COMMISSION_INCOME":null,"FEE_COMMISSION_INCOME_YOY":null,"ACCOUNTS_RECE_TDAYS":6.32056586033,"INVENTORY_TDAYS":null,"CURRENT_ASSETS_TDAYS":0.327264133136,"TOTAL_ASSETS_TDAYS":0.301272224614,"PREMIUM_EXPENSE":null,"LOAN_DEPOSIT":null,"LOAN_EQUITY":null,"LOAN_ASSETS":null,"DEPOSIT_EQUITY":null,"DEPOSIT_ASSETS":null,"EQUITY_MULTIPLIER":4.977295734195,"EQUITY_RATIO":3.977295734188},{"SECUCODE":"02556.HK","SECURITY_CODE":"02556","SECURITY_NAME_ABBR":"迈富时","ORG_CODE":"10000459019","STD_REPORT_DATE":"2023-12-31 00:00:00","REPORT_DATE":"2023-12-31 00:00:00","DATE_TYPE_CODE":"001","REPORT_TYPE":"2023年年报","PER_NETCASH_OPERATE":-0.4302881904,"PER_OI":4.363368162,"BPS":-4.067912946972,"BASIC_EPS":-10.08,"DILUTED_EPS":-10.08,"OPERATE_INCOME":1232120000,"OPERATE_INCOME_YOY":7.818155089,"GROSS_PROFIT":706182000,"GROSS_PROFIT_YOY":26.09537209975,"HOLDER_PROFIT":-169478000,"HOLDER_PROFIT_YOY":21.702894366,"GROSS_PROFIT_RATIO":57.314384962504,"EPS_TTM":-0.6001809153,"OPERATE_INCOME_QOQ":8.668273013028,"NET_PROFIT_RATIO":-13.7549913969,"ROE_AVG":19.47364913466,"GROSS_PROFIT_QOQ":21.454185219774,"ROA":-7.73990188458,"HOLDER_PROFIT_QOQ":18.610190654565,"ROE_YEARLY":19.47364913466,"ROIC_YEARLY":-8.499815938797,"TOTAL_ASSETS":2302900000,"TOTAL_LIABILITIES":3263595000,"TAX_EBT":-0.032463124841,"OCF_SALES":-9.86137713859,"TOTAL_PARENT_EQUITY":-960695000,"DEBT_ASSET_RATIO":141.7167484476,"OPERATE_PROFIT":-134184000,"PRETAX_PROFIT":-169423000,"NETCASH_OPERATE":-121504000,"NETCASH_INVEST":-66101000,"NETCASH_FINANCE":121921000,"END_CASH":138022000,"DIVI_RATIO":null,"DIVIDEND_RATE":null,"CURRENT_RATIO":0.667633514752,"COMMON_ACS":10000000000,"CURRENTDEBT_DEBT":95.117347587553,"ISSUED_COMMON_SHARES":236164100,"HK_COMMON_SHARES":236164100,"PER_SHARES":100,"TOTAL_MARKET_CAP":25387640750,"HKSK_MARKET_CAP":25387640750,"PE_TTM":-25.08006854061,"PB_TTM":44.256399405052,"REPORT_DATE_SQ":"2022-12-31 00:00:00","REPORT_TYPE_SQ":"2022年年报","OPERATE_INCOME_SQ":1142776000,"DPS_HKD":null,"OPERATE_INCOME_QOQ_SQ":10.158870009225,"NET_PROFIT_RATIO_SQ":-18.9411573222,"HOLDER_PROFIT_SQ":-216455000,"HOLDER_PROFIT_QOQ_SQ":34.359240289061,"ROE_AVG_SQ":34.287755459262,"PE_TTM_SQ":null,"PB_TTM_SQ":null,"ROA_SQ":-11.13592277214,"START_DATE":"2023-01-01 00:00:00","FISCAL_YEAR":"12-31","CURRENCY":"HKD","IS_CNY_CODE":0,"DPS_HKD_LY":null,"ORG_TYPE":"一般企业","PREMIUM_INCOME":null,"PREMIUM_INCOME_YOY":null,"NET_INTEREST_INCOME":null,"NET_INTEREST_INCOME_YOY":null,"FEE_COMMISSION_INCOME":null,"FEE_COMMISSION_INCOME_YOY":null,"ACCOUNTS_RECE_TDAYS":10.118046060546,"INVENTORY_TDAYS":null,"CURRENT_ASSETS_TDAYS":0.642578072542,"TOTAL_ASSETS_TDAYS":0.562697689967,"PREMIUM_EXPENSE":null,"LOAN_DEPOSIT":null,"LOAN_EQUITY":null,"LOAN_ASSETS":null,"DEPOSIT_EQUITY":null,"DEPOSIT_ASSETS":null,"EQUITY_MULTIPLIER":-2.39711875257,"EQUITY_RATIO":-3.39711875257},{"SECUCODE":"02556.HK","SECURITY_CODE":"02556","SECURITY_NAME_ABBR":"迈富时","ORG_CODE":"10000459019","STD_REPORT_DATE":"2023-06-30 00:00:00","REPORT_DATE":"2023-06-30 00:00:00","DATE_TYPE_CODE":"002","REPORT_TYPE":"2023年中报","PER_NETCASH_OPERATE":null,"PER_OI":null,"BPS":null,"BASIC_EPS":-0.4,"DILUTED_EPS":-0.4,"OPERATE_INCOME":583526000,"OPERATE_INCOME_YOY":-1.5089473489,"GROSS_PROFIT":321114000,"GROSS_PROFIT_YOY":7.140497742841,"HOLDER_PROFIT":-67674000,"HOLDER_PROFIT_YOY":10.8367699179,"GROSS_PROFIT_RATIO":55.029938683109,"EPS_TTM":null,"OPERATE_INCOME_QOQ":-0.782305543694,"NET_PROFIT_RATIO":-11.5974266785,"ROE_AVG":null,"GROSS_PROFIT_QOQ":3.821347837111,"ROA":null,"HOLDER_PROFIT_QOQ":3.799866022961,"ROE_YEARLY":null,"ROIC_YEARLY":null,"TOTAL_ASSETS":null,"TOTAL_LIABILITIES":null,"TAX_EBT":-0.081338085449,"OCF_SALES":-10.423357313984,"TOTAL_PARENT_EQUITY":null,"DEBT_ASSET_RATIO":null,"OPERATE_PROFIT":-51209000,"PRETAX_PROFIT":-67619000,"NETCASH_OPERATE":-60823000,"NETCASH_INVEST":-18228000,"NETCASH_FINANCE":103661000,"END_CASH":228573000,"DIVI_RATIO":null,"DIVIDEND_RATE":null,"CURRENT_RATIO":null,"COMMON_ACS":10000000000,"CURRENTDEBT_DEBT":null,"ISSUED_COMMON_SHARES":236164100,"HK_COMMON_SHARES":236164100,"PER_SHARES":100,"TOTAL_MARKET_CAP":25387640750,"HKSK_MARKET_CAP":25387640750,"PE_TTM":-25.08006854061,"PB_TTM":44.256399405052,"REPORT_DATE_SQ":"2022-06-30 00:00:00","REPORT_TYPE_SQ":"2022年中报","OPERATE_INCOME_SQ":592466000,"DPS_HKD":null,"OPERATE_INCOME_QOQ_SQ":18.257220732053,"NET_PROFIT_RATIO_SQ":-12.8106929343,"HOLDER_PROFIT_SQ":-75899000,"HOLDER_PROFIT_QOQ_SQ":-20.972232922092,"ROE_AVG_SQ":14.290031206902,"PE_TTM_SQ":null,"PB_TTM_SQ":null,"ROA_SQ":-3.984717174541,"START_DATE":"2023-01-01 00:00:00","FISCAL_YEAR":"12-31","CURRENCY":"HKD","IS_CNY_CODE":0,"DPS_HKD_LY":null,"ORG_TYPE":"一般企业","PREMIUM_INCOME":null,"PREMIUM_INCOME_YOY":null,"NET_INTEREST_INCOME":null,"NET_INTEREST_INCOME_YOY":null,"FEE_COMMISSION_INCOME":null,"FEE_COMMISSION_INCOME_YOY":null,"ACCOUNTS_RECE_TDAYS":null,"INVENTORY_TDAYS":null,"CURRENT_ASSETS_TDAYS":0.662183838328,"TOTAL_ASSETS_TDAYS":0.562046818774,"PREMIUM_EXPENSE":null,"LOAN_DEPOSIT":null,"LOAN_EQUITY":null,"LOAN_ASSETS":null,"DEPOSIT_EQUITY":null,"DEPOSIT_ASSETS":null,"EQUITY_MULTIPLIER":null,"EQUITY_RATIO":null},{"SECUCODE":"02556.HK","SECURITY_CODE":"02556","SECURITY_NAME_ABBR":"迈富时","ORG_CODE":"10000459019","STD_REPORT_DATE":"2022-12-31 00:00:00","REPORT_DATE":"2022-12-31 00:00:00","DATE_TYPE_CODE":"001","REPORT_TYPE":"2022年年报","PER_NETCASH_OPERATE":0.2256739338,"PER_OI":3.9794888648,"BPS":-3.302335113593,"BASIC_EPS":-12.88,"DILUTED_EPS":-12.88,"OPERATE_INCOME":1142776000,"OPERATE_INCOME_YOY":30.2708180627,"GROSS_PROFIT":560038000,"GROSS_PROFIT_YOY":17.21008691794,"HOLDER_PROFIT":-216455000,"HOLDER_PROFIT_YOY":20.5929072707,"GROSS_PROFIT_RATIO":49.006804483118,"EPS_TTM":-0.7537612465,"OPERATE_INCOME_QOQ":10.158870009225,"NET_PROFIT_RATIO":-18.9411573222,"ROE_AVG":34.287755459262,"GROSS_PROFIT_QOQ":-1.89195533584,"ROA":-11.13592277214,"HOLDER_PROFIT_QOQ":34.359240289061,"ROE_YEARLY":34.287755459262,"ROIC_YEARLY":-12.481745616425,"TOTAL_ASSETS":2076432000,"TOTAL_LIABILITIES":2856325000,"TAX_EBT":0.014781488034,"OCF_SALES":5.670927635862,"TOTAL_PARENT_EQUITY":-779893000,"DEBT_ASSET_RATIO":137.5592843878,"OPERATE_PROFIT":-188497000,"PRETAX_PROFIT":-216487000,"NETCASH_OPERATE":64806000,"NETCASH_INVEST":-39576000,"NETCASH_FINANCE":-40080000,"END_CASH":203506000,"DIVI_RATIO":null,"DIVIDEND_RATE":null,"CURRENT_RATIO":1.131968065975,"COMMON_ACS":10000000000,"CURRENTDEBT_DEBT":54.509203259433,"ISSUED_COMMON_SHARES":236164100,"HK_COMMON_SHARES":236164100,"PER_SHARES":100,"TOTAL_MARKET_CAP":25387640750,"HKSK_MARKET_CAP":25387640750,"PE_TTM":-25.08006854061,"PB_TTM":44.256399405052,"REPORT_DATE_SQ":"2021-12-31 00:00:00","REPORT_TYPE_SQ":"2021年年报","OPERATE_INCOME_SQ":877231000,"DPS_HKD":null,"OPERATE_INCOME_QOQ_SQ":66.214324015529,"NET_PROFIT_RATIO_SQ":-31.0737992615,"HOLDER_PROFIT_SQ":-272589000,"HOLDER_PROFIT_QOQ_SQ":-763.880965963111,"ROE_AVG_SQ":119.564707249835,"PE_TTM_SQ":null,"PB_TTM_SQ":null,"ROA_SQ":-19.665421837074,"START_DATE":"2022-01-01 00:00:00","FISCAL_YEAR":"12-31","CURRENCY":"HKD","IS_CNY_CODE":0,"DPS_HKD_LY":null,"ORG_TYPE":"一般企业","PREMIUM_INCOME":null,"PREMIUM_INCOME_YOY":null,"NET_INTEREST_INCOME":null,"NET_INTEREST_INCOME_YOY":null,"FEE_COMMISSION_INCOME":null,"FEE_COMMISSION_INCOME_YOY":null,"ACCOUNTS_RECE_TDAYS":7.491058786512,"INVENTORY_TDAYS":null,"CURRENT_ASSETS_TDAYS":0.693745866228,"TOTAL_ASSETS_TDAYS":0.587921982946,"PREMIUM_EXPENSE":null,"LOAN_DEPOSIT":null,"LOAN_EQUITY":null,"LOAN_ASSETS":null,"DEPOSIT_EQUITY":null,"DEPOSIT_ASSETS":null,"EQUITY_MULTIPLIER":-2.662457542255,"EQUITY_RATIO":-3.662457542253},{"SECUCODE":"02556.HK","SECURITY_CODE":"02556","SECURITY_NAME_ABBR":"迈富时","ORG_CODE":"10000459019","STD_REPORT_DATE":"2022-06-30 00:00:00","REPORT_DATE":"2022-06-30 00:00:00","DATE_TYPE_CODE":"002","REPORT_TYPE":"2022年中报","PER_NETCASH_OPERATE":-0.2960499211,"PER_OI":1.9881381562,"BPS":-2.454136763378,"BASIC_EPS":null,"DILUTED_EPS":null,"OPERATE_INCOME":592466000,"OPERATE_INCOME_YOY":37.0471978312,"GROSS_PROFIT":299713000,"GROSS_PROFIT_YOY":45.011660425194,"HOLDER_PROFIT":-75899000,"HOLDER_PROFIT_YOY":-305.2052746783,"GROSS_PROFIT_RATIO":50.587375478087,"EPS_TTM":-1.1065655649,"OPERATE_INCOME_QOQ":18.257220732053,"NET_PROFIT_RATIO":-12.8106929343,"ROE_AVG":14.290031206902,"GROSS_PROFIT_QOQ":19.47041378632,"ROA":-3.984717174541,"HOLDER_PROFIT_QOQ":-20.972232922092,"ROE_YEARLY":28.580062413805,"ROIC_YEARLY":-8.752090035862,"TOTAL_ASSETS":1998428000,"TOTAL_LIABILITIES":2578007000,"TAX_EBT":-12.187010376327,"OCF_SALES":-14.890812299778,"TOTAL_PARENT_EQUITY":-579579000,"DEBT_ASSET_RATIO":129.0017453719,"OPERATE_PROFIT":-54362000,"PRETAX_PROFIT":-67654000,"NETCASH_OPERATE":-88223000,"NETCASH_INVEST":-14609000,"NETCASH_FINANCE":9879000,"END_CASH":125007000,"DIVI_RATIO":null,"DIVIDEND_RATE":null,"CURRENT_RATIO":1.249716795694,"COMMON_ACS":10000000000,"CURRENTDEBT_DEBT":51.978989971711,"ISSUED_COMMON_SHARES":236164100,"HK_COMMON_SHARES":236164100,"PER_SHARES":100,"TOTAL_MARKET_CAP":25387640750,"HKSK_MARKET_CAP":25387640750,"PE_TTM":-25.08006854061,"PB_TTM":44.256399405052,"REPORT_DATE_SQ":"2021-06-30 00:00:00","REPORT_TYPE_SQ":"2021年中报","OPERATE_INCOME_SQ":432308000,"DPS_HKD":null,"OPERATE_INCOME_QOQ_SQ":0,"NET_PROFIT_RATIO_SQ":-4.3327905105,"HOLDER_PROFIT_SQ":-18731000,"HOLDER_PROFIT_QOQ_SQ":0,"ROE_AVG_SQ":null,"PE_TTM_SQ":null,"PB_TTM_SQ":null,"ROA_SQ":null,"START_DATE":"2022-01-01 00:00:00","FISCAL_YEAR":"12-31","CURRENCY":"HKD","IS_CNY_CODE":0,"DPS_HKD_LY":null,"ORG_TYPE":"一般企业","PREMIUM_INCOME":null,"PREMIUM_INCOME_YOY":null,"NET_INTEREST_INCOME":null,"NET_INTEREST_INCOME_YOY":null,"FEE_COMMISSION_INCOME":null,"FEE_COMMISSION_INCOME_YOY":null,"ACCOUNTS_RECE_TDAYS":4.159830929152,"INVENTORY_TDAYS":null,"CURRENT_ASSETS_TDAYS":0.369514346087,"TOTAL_ASSETS_TDAYS":0.311046185791,"PREMIUM_EXPENSE":null,"LOAN_DEPOSIT":null,"LOAN_EQUITY":null,"LOAN_ASSETS":null,"DEPOSIT_EQUITY":null,"DEPOSIT_ASSETS":null,"EQUITY_MULTIPLIER":-3.448068339256,"EQUITY_RATIO":-4.44806833926},{"SECUCODE":"02556.HK","SECURITY_CODE":"02556","SECURITY_NAME_ABBR":"迈富时","ORG_CODE":"10000459019","STD_REPORT_DATE":"2021-12-31 00:00:00","REPORT_DATE":"2021-12-31 00:00:00","DATE_TYPE_CODE":"001","REPORT_TYPE":"2021年年报","PER_NETCASH_OPERATE":-1.4976455543,"PER_OI":2.79648084335,"BPS":-2.043858486535,"BASIC_EPS":-18.16,"DILUTED_EPS":-18.16,"OPERATE_INCOME":877231000,"OPERATE_INCOME_YOY":66.2143240155,"GROSS_PROFIT":477807000,"GROSS_PROFIT_YOY":83.977128335451,"HOLDER_PROFIT":-272589000,"HOLDER_PROFIT_YOY":-763.8809659631,"GROSS_PROFIT_RATIO":54.467637372596,"EPS_TTM":-0.86897284365,"OPERATE_INCOME_QOQ":66.214324015529,"NET_PROFIT_RATIO":-31.0737992615,"ROE_AVG":119.564707249835,"GROSS_PROFIT_QOQ":83.977128335451,"ROA":-19.665421837074,"HOLDER_PROFIT_QOQ":-763.880965963111,"ROE_YEARLY":119.564707249835,"ROIC_YEARLY":-21.984818894158,"TOTAL_ASSETS":1811077000,"TOTAL_LIABILITIES":2293763000,"TAX_EBT":-2.824195969853,"OCF_SALES":-53.554650941428,"TOTAL_PARENT_EQUITY":-482686000,"DEBT_ASSET_RATIO":126.651876204,"OPERATE_PROFIT":-238621000,"PRETAX_PROFIT":-265102000,"NETCASH_OPERATE":-469798000,"NETCASH_INVEST":-70018000,"NETCASH_FINANCE":679229000,"END_CASH":215658000,"DIVI_RATIO":null,"DIVIDEND_RATE":null,"CURRENT_RATIO":1.313655819569,"COMMON_ACS":10000000000,"CURRENTDEBT_DEBT":50.845357606693,"ISSUED_COMMON_SHARES":236164100,"HK_COMMON_SHARES":236164100,"PER_SHARES":100,"TOTAL_MARKET_CAP":25387640750,"HKSK_MARKET_CAP":25387640750,"PE_TTM":-25.08006854061,"PB_TTM":44.256399405052,"REPORT_DATE_SQ":"2020-12-31 00:00:00","REPORT_TYPE_SQ":"2020年年报","OPERATE_INCOME_SQ":527771000,"DPS_HKD":null,"OPERATE_INCOME_QOQ_SQ":98.143476073555,"NET_PROFIT_RATIO_SQ":-5.9787294111,"HOLDER_PROFIT_SQ":-31554000,"HOLDER_PROFIT_QOQ_SQ":10.803934871099,"ROE_AVG_SQ":-79.374143157206,"PE_TTM_SQ":null,"PB_TTM_SQ":null,"ROA_SQ":-4.248180783963,"START_DATE":"2021-01-01 00:00:00","FISCAL_YEAR":"12-31","CURRENCY":"HKD","IS_CNY_CODE":0,"DPS_HKD_LY":null,"ORG_TYPE":"一般企业","PREMIUM_INCOME":null,"PREMIUM_INCOME_YOY":null,"NET_INTEREST_INCOME":null,"NET_INTEREST_INCOME_YOY":null,"FEE_COMMISSION_INCOME":null,"FEE_COMMISSION_INCOME_YOY":null,"ACCOUNTS_RECE_TDAYS":5.662276384456,"INVENTORY_TDAYS":null,"CURRENT_ASSETS_TDAYS":0.741308398579,"TOTAL_ASSETS_TDAYS":0.632861841951,"PREMIUM_EXPENSE":null,"LOAN_DEPOSIT":null,"LOAN_EQUITY":null,"LOAN_ASSETS":null,"DEPOSIT_EQUITY":null,"DEPOSIT_ASSETS":null,"EQUITY_MULTIPLIER":-3.752081063058,"EQUITY_RATIO":-4.752081063051},{"SECUCODE":"02556.HK","SECURITY_CODE":"02556","SECURITY_NAME_ABBR":"迈富时","ORG_CODE":"10000459019","STD_REPORT_DATE":"2021-06-30 00:00:00","REPORT_DATE":"2021-06-30 00:00:00","DATE_TYPE_CODE":"002","REPORT_TYPE":"2021年中报","PER_NETCASH_OPERATE":null,"PER_OI":null,"BPS":null,"BASIC_EPS":null,"DILUTED_EPS":null,"OPERATE_INCOME":432308000,"OPERATE_INCOME_YOY":null,"GROSS_PROFIT":206682000,"GROSS_PROFIT_YOY":null,"HOLDER_PROFIT":-18731000,"HOLDER_PROFIT_YOY":null,"GROSS_PROFIT_RATIO":47.808969530983,"EPS_TTM":null,"OPERATE_INCOME_QOQ":0,"NET_PROFIT_RATIO":-4.3327905105,"ROE_AVG":null,"GROSS_PROFIT_QOQ":0,"ROA":null,"HOLDER_PROFIT_QOQ":0,"ROE_YEARLY":null,"ROIC_YEARLY":null,"TOTAL_ASSETS":null,"TOTAL_LIABILITIES":null,"TAX_EBT":-39.741868099075,"OCF_SALES":-7.530741971002,"TOTAL_PARENT_EQUITY":null,"DEBT_ASSET_RATIO":null,"OPERATE_PROFIT":1739000,"PRETAX_PROFIT":-13404000,"NETCASH_OPERATE":-32556000,"NETCASH_INVEST":-23619000,"NETCASH_FINANCE":46941000,"END_CASH":67635000,"DIVI_RATIO":null,"DIVIDEND_RATE":null,"CURRENT_RATIO":null,"COMMON_ACS":10000000000,"CURRENTDEBT_DEBT":null,"ISSUED_COMMON_SHARES":236164100,"HK_COMMON_SHARES":236164100,"PER_SHARES":100,"TOTAL_MARKET_CAP":25387640750,"HKSK_MARKET_CAP":25387640750,"PE_TTM":-25.08006854061,"PB_TTM":44.256399405052,"REPORT_DATE_SQ":"2020-06-30 00:00:00","REPORT_TYPE_SQ":"2020年中报","OPERATE_INCOME_SQ":null,"DPS_HKD":null,"OPERATE_INCOME_QOQ_SQ":0,"NET_PROFIT_RATIO_SQ":null,"HOLDER_PROFIT_SQ":null,"HOLDER_PROFIT_QOQ_SQ":0,"ROE_AVG_SQ":null,"PE_TTM_SQ":null,"PB_TTM_SQ":null,"ROA_SQ":null,"START_DATE":"2021-01-01 00:00:00","FISCAL_YEAR":"12-31","CURRENCY":"HKD","IS_CNY_CODE":0,"DPS_HKD_LY":null,"ORG_TYPE":"一般企业","PREMIUM_INCOME":null,"PREMIUM_INCOME_YOY":null,"NET_INTEREST_INCOME":null,"NET_INTEREST_INCOME_YOY":null,"FEE_COMMISSION_INCOME":null,"FEE_COMMISSION_INCOME_YOY":null,"ACCOUNTS_RECE_TDAYS":null,"INVENTORY_TDAYS":null,"CURRENT_ASSETS_TDAYS":1.035927297126,"TOTAL_ASSETS_TDAYS":0.89952662845,"PREMIUM_EXPENSE":null,"LOAN_DEPOSIT":null,"LOAN_EQUITY":null,"LOAN_ASSETS":null,"DEPOSIT_EQUITY":null,"DEPOSIT_ASSETS":null,"EQUITY_MULTIPLIER":null,"EQUITY_RATIO":null},{"SECUCODE":"02556.HK","SECURITY_CODE":"02556","SECURITY_NAME_ABBR":"迈富时","ORG_CODE":"10000459019","STD_REPORT_DATE":"2020-12-31 00:00:00","REPORT_DATE":"2020-12-31 00:00:00","DATE_TYPE_CODE":"001","REPORT_TYPE":"2020年年报","PER_NETCASH_OPERATE":null,"PER_OI":null,"BPS":0.11312896414,"BASIC_EPS":null,"DILUTED_EPS":null,"OPERATE_INCOME":527771000,"OPERATE_INCOME_YOY":98.1434760736,"GROSS_PROFIT":259710000,"GROSS_PROFIT_YOY":55.144295963536,"HOLDER_PROFIT":-31554000,"HOLDER_PROFIT_YOY":10.8039348711,"GROSS_PROFIT_RATIO":49.208842471451,"EPS_TTM":null,"OPERATE_INCOME_QOQ":98.143476073555,"NET_PROFIT_RATIO":-5.9787294111,"ROE_AVG":-79.374143157206,"GROSS_PROFIT_QOQ":55.144295963536,"ROA":-4.248180783963,"HOLDER_PROFIT_QOQ":10.803934871099,"ROE_YEARLY":-79.374143157206,"ROIC_YEARLY":-4.578600837974,"TOTAL_ASSETS":961190000,"TOTAL_LIABILITIES":934473000,"TAX_EBT":-17.580861529289,"OCF_SALES":-13.156463693534,"TOTAL_PARENT_EQUITY":26717000,"DEBT_ASSET_RATIO":97.2204246819,"OPERATE_PROFIT":-4229000,"PRETAX_PROFIT":-26836000,"NETCASH_OPERATE":-69436000,"NETCASH_INVEST":-48211000,"NETCASH_FINANCE":164526000,"END_CASH":76816000,"DIVI_RATIO":null,"DIVIDEND_RATE":null,"CURRENT_RATIO":0.954154010424,"COMMON_ACS":10000000000,"CURRENTDEBT_DEBT":93.607091911698,"ISSUED_COMMON_SHARES":236164100,"HK_COMMON_SHARES":236164100,"PER_SHARES":100,"TOTAL_MARKET_CAP":25387640750,"HKSK_MARKET_CAP":25387640750,"PE_TTM":-25.08006854061,"PB_TTM":44.256399405052,"REPORT_DATE_SQ":"2019-12-31 00:00:00","REPORT_TYPE_SQ":"2019年年报","OPERATE_INCOME_SQ":266358000,"DPS_HKD":null,"OPERATE_INCOME_QOQ_SQ":null,"NET_PROFIT_RATIO_SQ":-13.2993940486,"HOLDER_PROFIT_SQ":-35376000,"HOLDER_PROFIT_QOQ_SQ":null,"ROE_AVG_SQ":-67.012691797689,"PE_TTM_SQ":null,"PB_TTM_SQ":null,"ROA_SQ":-6.746767364687,"START_DATE":"2020-01-01 00:00:00","FISCAL_YEAR":"12-31","CURRENCY":"HKD","IS_CNY_CODE":0,"DPS_HKD_LY":null,"ORG_TYPE":"一般企业","PREMIUM_INCOME":null,"PREMIUM_INCOME_YOY":null,"NET_INTEREST_INCOME":null,"NET_INTEREST_INCOME_YOY":null,"FEE_COMMISSION_INCOME":null,"FEE_COMMISSION_INCOME_YOY":null,"ACCOUNTS_RECE_TDAYS":3.923233314378,"INVENTORY_TDAYS":null,"CURRENT_ASSETS_TDAYS":0.818883771231,"TOTAL_ASSETS_TDAYS":0.710549096955,"PREMIUM_EXPENSE":null,"LOAN_DEPOSIT":null,"LOAN_EQUITY":null,"LOAN_ASSETS":null,"DEPOSIT_EQUITY":null,"DEPOSIT_ASSETS":null,"EQUITY_MULTIPLIER":35.976718942934,"EQUITY_RATIO":34.976718942995},{"SECUCODE":"02556.HK","SECURITY_CODE":"02556","SECURITY_NAME_ABBR":"迈富时","ORG_CODE":"10000459019","STD_REPORT_DATE":"2019-12-31 00:00:00","REPORT_DATE":"2019-12-31 00:00:00","DATE_TYPE_CODE":"001","REPORT_TYPE":"2019年年报","PER_NETCASH_OPERATE":null,"PER_OI":null,"BPS":0.223531010852,"BASIC_EPS":null,"DILUTED_EPS":null,"OPERATE_INCOME":266358000,"OPERATE_INCOME_YOY":null,"GROSS_PROFIT":167399000,"GROSS_PROFIT_YOY":null,"HOLDER_PROFIT":-35376000,"HOLDER_PROFIT_YOY":null,"GROSS_PROFIT_RATIO":62.847370831738,"EPS_TTM":null,"OPERATE_INCOME_QOQ":null,"NET_PROFIT_RATIO":-13.2993940486,"ROE_AVG":-67.012691797689,"GROSS_PROFIT_QOQ":null,"ROA":-6.746767364687,"HOLDER_PROFIT_QOQ":null,"ROE_YEARLY":-67.012691797689,"ROIC_YEARLY":-7.161843988574,"TOTAL_ASSETS":524340000,"TOTAL_LIABILITIES":471550000,"TAX_EBT":-10.231516056759,"OCF_SALES":-12.950239902687,"TOTAL_PARENT_EQUITY":52790000,"DEBT_ASSET_RATIO":89.9321051226,"OPERATE_PROFIT":-17367000,"PRETAX_PROFIT":-32136000,"NETCASH_OPERATE":-34494000,"NETCASH_INVEST":-18485000,"NETCASH_FINANCE":1739000,"END_CASH":30389000,"DIVI_RATIO":null,"DIVIDEND_RATE":null,"CURRENT_RATIO":1.006267426435,"COMMON_ACS":10000000000,"CURRENTDEBT_DEBT":95.756759622522,"ISSUED_COMMON_SHARES":236164100,"HK_COMMON_SHARES":236164100,"PER_SHARES":100,"TOTAL_MARKET_CAP":25387640750,"HKSK_MARKET_CAP":25387640750,"PE_TTM":-25.08006854061,"PB_TTM":44.256399405052,"REPORT_DATE_SQ":"2018-12-31 00:00:00","REPORT_TYPE_SQ":"2018年年报","OPERATE_INCOME_SQ":null,"DPS_HKD":null,"OPERATE_INCOME_QOQ_SQ":null,"NET_PROFIT_RATIO_SQ":null,"HOLDER_PROFIT_SQ":null,"HOLDER_PROFIT_QOQ_SQ":null,"ROE_AVG_SQ":null,"PE_TTM_SQ":null,"PB_TTM_SQ":null,"ROA_SQ":null,"START_DATE":"2019-01-01 00:00:00","FISCAL_YEAR":"12-31","CURRENCY":"HKD","IS_CNY_CODE":0,"DPS_HKD_LY":null,"ORG_TYPE":"一般企业","PREMIUM_INCOME":null,"PREMIUM_INCOME_YOY":null,"NET_INTEREST_INCOME":null,"NET_INTEREST_INCOME_YOY":null,"FEE_COMMISSION_INCOME":null,"FEE_COMMISSION_INCOME_YOY":null,"ACCOUNTS_RECE_TDAYS":1.996447202734,"INVENTORY_TDAYS":null,"CURRENT_ASSETS_TDAYS":1.172425176783,"TOTAL_ASSETS_TDAYS":1.015974367777,"PREMIUM_EXPENSE":null,"LOAN_DEPOSIT":null,"LOAN_EQUITY":null,"LOAN_ASSETS":null,"DEPOSIT_EQUITY":null,"DEPOSIT_ASSETS":null,"EQUITY_MULTIPLIER":9.932562985384,"EQUITY_RATIO":8.932562985414}],"count":9},"success":true,"message":"ok","code":0}