{"version":"0a6e1d4c10a0c317071f4a2de6594af8","result":{"pages":1,"data":[{"SECUCODE":"02571.HK","SECURITY_CODE":"02571","SECURITY_NAME_ABBR":"赛目科技","ORG_CODE":"10000257691","STD_REPORT_DATE":"2024-06-30 00:00:00","REPORT_DATE":"2024-06-30 00:00:00","DATE_TYPE_CODE":"002","REPORT_TYPE":"2024年中报","PER_NETCASH_OPERATE":0.00554,"PER_OI":0.5556,"BPS":3.70928064536,"BASIC_EPS":-0.05,"DILUTED_EPS":-0.05,"OPERATE_INCOME":55560000,"OPERATE_INCOME_YOY":156.9010958524,"GROSS_PROFIT":39064000,"GROSS_PROFIT_YOY":196.29854368932,"HOLDER_PROFIT":-4743000,"HOLDER_PROFIT_YOY":52.081228531,"GROSS_PROFIT_RATIO":70.309575233981,"EPS_TTM":0.60634,"OPERATE_INCOME_QOQ":19.312703824067,"NET_PROFIT_RATIO":-8.277537797,"ROE_AVG":-0.955016757594,"GROSS_PROFIT_QOQ":20.776468321505,"ROA":-0.813590372771,"HOLDER_PROFIT_QOQ":9.291804106058,"ROE_YEARLY":-1.910033515189,"ROIC_YEARLY":-2.00153184917,"TOTAL_ASSETS":565129000,"TOTAL_LIABILITIES":67712000,"TAX_EBT":31.826267417729,"OCF_SALES":0.997120230382,"TOTAL_PARENT_EQUITY":494571000,"DEBT_ASSET_RATIO":11.9816891365,"OPERATE_PROFIT":-7107000,"PRETAX_PROFIT":-6746000,"NETCASH_OPERATE":554000,"NETCASH_INVEST":-66808000,"NETCASH_FINANCE":-18087000,"END_CASH":34090000,"DIVI_RATIO":null,"DIVIDEND_RATE":null,"CURRENT_RATIO":8.477916666667,"COMMON_ACS":null,"CURRENTDEBT_DEBT":74.432892249527,"ISSUED_COMMON_SHARES":133333400,"HK_COMMON_SHARES":33333400,"PER_SHARES":200,"TOTAL_MARKET_CAP":2050667692,"HKSK_MARKET_CAP":512667692,"PE_TTM":30.717452728828,"PB_TTM":3.784296671529,"REPORT_DATE_SQ":"2023-06-30 00:00:00","REPORT_TYPE_SQ":"2023年中报","OPERATE_INCOME_SQ":21627000,"DPS_HKD":null,"OPERATE_INCOME_QOQ_SQ":10.474945833477,"NET_PROFIT_RATIO_SQ":-51.1628982291,"HOLDER_PROFIT_SQ":-9898000,"HOLDER_PROFIT_QOQ_SQ":29.850983508842,"ROE_AVG_SQ":-2.261981210336,"PE_TTM_SQ":null,"PB_TTM_SQ":null,"ROA_SQ":-1.860274549309,"START_DATE":"2024-01-01 00:00:00","FISCAL_YEAR":"12-31","CURRENCY":"HKD","IS_CNY_CODE":0,"DPS_HKD_LY":null,"ORG_TYPE":"一般企业","PREMIUM_INCOME":null,"PREMIUM_INCOME_YOY":null,"NET_INTEREST_INCOME":null,"NET_INTEREST_INCOME_YOY":null,"FEE_COMMISSION_INCOME":null,"FEE_COMMISSION_INCOME_YOY":null,"ACCOUNTS_RECE_TDAYS":0.351937365791,"INVENTORY_TDAYS":null,"CURRENT_ASSETS_TDAYS":0.12675959937,"TOTAL_ASSETS_TDAYS":0.095304830511,"PREMIUM_EXPENSE":null,"LOAN_DEPOSIT":null,"LOAN_EQUITY":null,"LOAN_ASSETS":null,"DEPOSIT_EQUITY":null,"DEPOSIT_ASSETS":null,"EQUITY_MULTIPLIER":1.136127233288,"EQUITY_RATIO":0.136910575024},{"SECUCODE":"02571.HK","SECURITY_CODE":"02571","SECURITY_NAME_ABBR":"赛目科技","ORG_CODE":"10000257691","STD_REPORT_DATE":"2023-12-31 00:00:00","REPORT_DATE":"2023-12-31 00:00:00","DATE_TYPE_CODE":"001","REPORT_TYPE":"2023年年报","PER_NETCASH_OPERATE":0.50466,"PER_OI":1.75703,"BPS":3.740323129838,"BASIC_EPS":0.56,"DILUTED_EPS":0.56,"OPERATE_INCOME":175703000,"OPERATE_INCOME_YOY":20.8535956254,"GROSS_PROFIT":124564000,"GROSS_PROFIT_YOY":30.603086730414,"HOLDER_PROFIT":55479000,"HOLDER_PROFIT_YOY":10.2304788397,"GROSS_PROFIT_RATIO":70.89463469605,"EPS_TTM":0.55479,"OPERATE_INCOME_QOQ":9.394573324866,"NET_PROFIT_RATIO":30.4098393311,"ROE_AVG":11.791460813621,"GROSS_PROFIT_QOQ":13.516567637517,"ROA":9.685807888279,"HOLDER_PROFIT_QOQ":-15.110016219359,"ROE_YEARLY":11.791460813621,"ROIC_YEARLY":12.770762070061,"TOTAL_ASSETS":600814000,"TOTAL_LIABILITIES":99402000,"TAX_EBT":-5.27238695695,"OCF_SALES":28.72233257258,"TOTAL_PARENT_EQUITY":498710000,"DEBT_ASSET_RATIO":16.5445545543,"OPERATE_PROFIT":49069000,"PRETAX_PROFIT":50755000,"NETCASH_OPERATE":50466000,"NETCASH_INVEST":-52557000,"NETCASH_FINANCE":-30524000,"END_CASH":118431000,"DIVI_RATIO":null,"DIVIDEND_RATE":null,"CURRENT_RATIO":7.848200094318,"COMMON_ACS":null,"CURRENTDEBT_DEBT":57.59743264723,"ISSUED_COMMON_SHARES":133333400,"HK_COMMON_SHARES":33333400,"PER_SHARES":200,"TOTAL_MARKET_CAP":null,"HKSK_MARKET_CAP":null,"PE_TTM":null,"PB_TTM":null,"REPORT_DATE_SQ":"2022-12-31 00:00:00","REPORT_TYPE_SQ":"2022年年报","OPERATE_INCOME_SQ":145385000,"DPS_HKD":null,"OPERATE_INCOME_QOQ_SQ":28.928558759888,"NET_PROFIT_RATIO_SQ":33.4876362761,"HOLDER_PROFIT_SQ":50330000,"HOLDER_PROFIT_QOQ_SQ":62.527852229793,"ROE_AVG_SQ":14.357008276745,"PE_TTM_SQ":null,"PB_TTM_SQ":null,"ROA_SQ":11.694819355356,"START_DATE":"2023-01-01 00:00:00","FISCAL_YEAR":"12-31","CURRENCY":"HKD","IS_CNY_CODE":0,"DPS_HKD_LY":null,"ORG_TYPE":"一般企业","PREMIUM_INCOME":null,"PREMIUM_INCOME_YOY":null,"NET_INTEREST_INCOME":null,"NET_INTEREST_INCOME_YOY":null,"FEE_COMMISSION_INCOME":null,"FEE_COMMISSION_INCOME_YOY":null,"ACCOUNTS_RECE_TDAYS":1.149550197913,"INVENTORY_TDAYS":null,"CURRENT_ASSETS_TDAYS":0.393964398065,"TOTAL_ASSETS_TDAYS":0.306751293894,"PREMIUM_EXPENSE":null,"LOAN_DEPOSIT":null,"LOAN_EQUITY":null,"LOAN_ASSETS":null,"DEPOSIT_EQUITY":null,"DEPOSIT_ASSETS":null,"EQUITY_MULTIPLIER":1.198244158496,"EQUITY_RATIO":0.199318241062},{"SECUCODE":"02571.HK","SECURITY_CODE":"02571","SECURITY_NAME_ABBR":"赛目科技","ORG_CODE":"10000257691","STD_REPORT_DATE":"2023-06-30 00:00:00","REPORT_DATE":"2023-06-30 00:00:00","DATE_TYPE_CODE":"002","REPORT_TYPE":"2023年中报","PER_NETCASH_OPERATE":0.03824,"PER_OI":0.21627,"BPS":3.246515876742,"BASIC_EPS":-0.1,"DILUTED_EPS":-0.1,"OPERATE_INCOME":21627000,"OPERATE_INCOME_YOY":238.0275085964,"GROSS_PROFIT":13184000,"GROSS_PROFIT_YOY":1224.91467576792,"HOLDER_PROFIT":-9898000,"HOLDER_PROFIT_YOY":60.2840863494,"GROSS_PROFIT_RATIO":60.960835992047,"EPS_TTM":0.65354,"OPERATE_INCOME_QOQ":10.474945833477,"NET_PROFIT_RATIO":-51.1628982291,"ROE_AVG":-2.261981210336,"GROSS_PROFIT_QOQ":15.052004697198,"ROA":-1.860274549309,"HOLDER_PROFIT_QOQ":29.850983508842,"ROE_YEARLY":-4.523962420672,"ROIC_YEARLY":-5.097181435816,"TOTAL_ASSETS":519385000,"TOTAL_LIABILITIES":82933000,"TAX_EBT":7.622307563867,"OCF_SALES":17.681601701577,"TOTAL_PARENT_EQUITY":432869000,"DEBT_ASSET_RATIO":15.9675385311,"OPERATE_PROFIT":-14832000,"PRETAX_PROFIT":-11978000,"NETCASH_OPERATE":3824000,"NETCASH_INVEST":-4495000,"NETCASH_FINANCE":-22153000,"END_CASH":128222000,"DIVI_RATIO":null,"DIVIDEND_RATE":null,"CURRENT_RATIO":9.353561392508,"COMMON_ACS":null,"CURRENTDEBT_DEBT":51.920224759746,"ISSUED_COMMON_SHARES":133333400,"HK_COMMON_SHARES":33333400,"PER_SHARES":200,"TOTAL_MARKET_CAP":null,"HKSK_MARKET_CAP":null,"PE_TTM":null,"PB_TTM":null,"REPORT_DATE_SQ":"2022-06-30 00:00:00","REPORT_TYPE_SQ":"2022年中报","OPERATE_INCOME_SQ":6398000,"DPS_HKD":null,"OPERATE_INCOME_QOQ_SQ":5.479580191944,"NET_PROFIT_RATIO_SQ":-403.0790872148,"HOLDER_PROFIT_SQ":-24922000,"HOLDER_PROFIT_QOQ_SQ":-17.961692319919,"ROE_AVG_SQ":-7.971545274552,"PE_TTM_SQ":null,"PB_TTM_SQ":null,"ROA_SQ":-6.717221471282,"START_DATE":"2023-01-01 00:00:00","FISCAL_YEAR":"12-31","CURRENCY":"HKD","IS_CNY_CODE":0,"DPS_HKD_LY":null,"ORG_TYPE":"一般企业","PREMIUM_INCOME":null,"PREMIUM_INCOME_YOY":null,"NET_INTEREST_INCOME":null,"NET_INTEREST_INCOME_YOY":null,"FEE_COMMISSION_INCOME":null,"FEE_COMMISSION_INCOME_YOY":null,"ACCOUNTS_RECE_TDAYS":0.180207730093,"INVENTORY_TDAYS":null,"CURRENT_ASSETS_TDAYS":0.051164188144,"TOTAL_ASSETS_TDAYS":0.040646754575,"PREMIUM_EXPENSE":null,"LOAN_DEPOSIT":null,"LOAN_EQUITY":null,"LOAN_ASSETS":null,"DEPOSIT_EQUITY":null,"DEPOSIT_ASSETS":null,"EQUITY_MULTIPLIER":1.190016313363,"EQUITY_RATIO":0.191589141288},{"SECUCODE":"02571.HK","SECURITY_CODE":"02571","SECURITY_NAME_ABBR":"赛目科技","ORG_CODE":"10000257691","STD_REPORT_DATE":"2022-12-31 00:00:00","REPORT_DATE":"2022-12-31 00:00:00","DATE_TYPE_CODE":"001","REPORT_TYPE":"2022年年报","PER_NETCASH_OPERATE":-0.12207,"PER_OI":1.45385,"BPS":3.317195841402,"BASIC_EPS":0.52,"DILUTED_EPS":0.51,"OPERATE_INCOME":145385000,"OPERATE_INCOME_YOY":35.9933025275,"GROSS_PROFIT":95376000,"GROSS_PROFIT_YOY":48.922615701705,"HOLDER_PROFIT":50330000,"HOLDER_PROFIT_YOY":33.3350994781,"GROSS_PROFIT_RATIO":65.602366131307,"EPS_TTM":0.5033,"OPERATE_INCOME_QOQ":28.928558759888,"NET_PROFIT_RATIO":33.4876362761,"ROE_AVG":14.357008276745,"GROSS_PROFIT_QOQ":53.012898671629,"ROA":11.694819355356,"HOLDER_PROFIT_QOQ":62.527852229793,"ROE_YEARLY":14.357008276745,"ROIC_YEARLY":16.311886643245,"TOTAL_ASSETS":544759000,"TOTAL_LIABILITIES":97916000,"TAX_EBT":null,"OCF_SALES":-8.396326993844,"TOTAL_PARENT_EQUITY":442293000,"DEBT_ASSET_RATIO":17.9741867505,"OPERATE_PROFIT":47878000,"PRETAX_PROFIT":48686000,"NETCASH_OPERATE":-6409000,"NETCASH_INVEST":-40596000,"NETCASH_FINANCE":116214000,"END_CASH":151046000,"DIVI_RATIO":null,"DIVIDEND_RATE":null,"CURRENT_RATIO":6.075643401277,"COMMON_ACS":null,"CURRENTDEBT_DEBT":74.405612974386,"ISSUED_COMMON_SHARES":133333400,"HK_COMMON_SHARES":33333400,"PER_SHARES":200,"TOTAL_MARKET_CAP":null,"HKSK_MARKET_CAP":null,"PE_TTM":null,"PB_TTM":null,"REPORT_DATE_SQ":"2021-12-31 00:00:00","REPORT_TYPE_SQ":"2021年年报","OPERATE_INCOME_SQ":106906000,"DPS_HKD":null,"OPERATE_INCOME_QOQ_SQ":50.142550173448,"NET_PROFIT_RATIO_SQ":35.1439582437,"HOLDER_PROFIT_SQ":37747000,"HOLDER_PROFIT_QOQ_SQ":-26.817115492739,"ROE_AVG_SQ":22.955365749089,"PE_TTM_SQ":null,"PB_TTM_SQ":null,"ROA_SQ":17.724300656203,"START_DATE":"2022-01-01 00:00:00","FISCAL_YEAR":"12-31","CURRENCY":"HKD","IS_CNY_CODE":0,"DPS_HKD_LY":null,"ORG_TYPE":"一般企业","PREMIUM_INCOME":null,"PREMIUM_INCOME_YOY":null,"NET_INTEREST_INCOME":null,"NET_INTEREST_INCOME_YOY":null,"FEE_COMMISSION_INCOME":null,"FEE_COMMISSION_INCOME_YOY":null,"ACCOUNTS_RECE_TDAYS":1.535078688819,"INVENTORY_TDAYS":null,"CURRENT_ASSETS_TDAYS":0.404729194592,"TOTAL_ASSETS_TDAYS":0.337820646131,"PREMIUM_EXPENSE":null,"LOAN_DEPOSIT":null,"LOAN_EQUITY":null,"LOAN_ASSETS":null,"DEPOSIT_EQUITY":null,"DEPOSIT_ASSETS":null,"EQUITY_MULTIPLIER":1.219128418707,"EQUITY_RATIO":0.221382658102},{"SECUCODE":"02571.HK","SECURITY_CODE":"02571","SECURITY_NAME_ABBR":"赛目科技","ORG_CODE":"10000257691","STD_REPORT_DATE":"2022-06-30 00:00:00","REPORT_DATE":"2022-06-30 00:00:00","DATE_TYPE_CODE":"002","REPORT_TYPE":"2022年中报","PER_NETCASH_OPERATE":1.412217941662,"PER_OI":3.521188772702,"BPS":2.748343625828,"BASIC_EPS":-0.26,"DILUTED_EPS":-0.26,"OPERATE_INCOME":6398000,"OPERATE_INCOME_YOY":1084.8148148148,"GROSS_PROFIT":-1172000,"GROSS_PROFIT_YOY":-317.037037037037,"HOLDER_PROFIT":-24922000,"HOLDER_PROFIT_YOY":-37.3718443391,"GROSS_PROFIT_RATIO":-18.318224445139,"EPS_TTM":17.042927903137,"OPERATE_INCOME_QOQ":5.479580191944,"NET_PROFIT_RATIO":-403.0790872148,"ROE_AVG":-7.971545274552,"GROSS_PROFIT_QOQ":-2.673162200987,"ROA":-6.717221471282,"HOLDER_PROFIT_QOQ":-17.961692319919,"ROE_YEARLY":-15.943090549103,"ROIC_YEARLY":-24.528199752966,"TOTAL_ASSETS":426069000,"TOTAL_LIABILITIES":54296000,"TAX_EBT":null,"OCF_SALES":40.106283213504,"TOTAL_PARENT_EQUITY":366446000,"DEBT_ASSET_RATIO":12.743475822,"OPERATE_PROFIT":-26825000,"PRETAX_PROFIT":-25789000,"NETCASH_OPERATE":2566000,"NETCASH_INVEST":35052000,"NETCASH_FINANCE":122798000,"END_CASH":242253000,"DIVI_RATIO":null,"DIVIDEND_RATE":null,"CURRENT_RATIO":12.443313015418,"COMMON_ACS":null,"CURRENTDEBT_DEBT":51.366583173715,"ISSUED_COMMON_SHARES":133333400,"HK_COMMON_SHARES":33333400,"PER_SHARES":200,"TOTAL_MARKET_CAP":null,"HKSK_MARKET_CAP":null,"PE_TTM":null,"PB_TTM":null,"REPORT_DATE_SQ":"2021-06-30 00:00:00","REPORT_TYPE_SQ":"2021年中报","OPERATE_INCOME_SQ":540000,"DPS_HKD":null,"OPERATE_INCOME_QOQ_SQ":0,"NET_PROFIT_RATIO_SQ":-3359.6296296296,"HOLDER_PROFIT_SQ":-18142000,"HOLDER_PROFIT_QOQ_SQ":0,"ROE_AVG_SQ":null,"PE_TTM_SQ":null,"PB_TTM_SQ":null,"ROA_SQ":null,"START_DATE":"2022-01-01 00:00:00","FISCAL_YEAR":"12-31","CURRENCY":"HKD","IS_CNY_CODE":0,"DPS_HKD_LY":null,"ORG_TYPE":"一般企业","PREMIUM_INCOME":null,"PREMIUM_INCOME_YOY":null,"NET_INTEREST_INCOME":null,"NET_INTEREST_INCOME_YOY":null,"FEE_COMMISSION_INCOME":null,"FEE_COMMISSION_INCOME_YOY":null,"ACCOUNTS_RECE_TDAYS":0.176214608351,"INVENTORY_TDAYS":null,"CURRENT_ASSETS_TDAYS":0.020544800059,"TOTAL_ASSETS_TDAYS":0.017244516079,"PREMIUM_EXPENSE":null,"LOAN_DEPOSIT":null,"LOAN_EQUITY":null,"LOAN_ASSETS":null,"DEPOSIT_EQUITY":null,"DEPOSIT_ASSETS":null,"EQUITY_MULTIPLIER":1.146046108782,"EQUITY_RATIO":0.148169170901},{"SECUCODE":"02571.HK","SECURITY_CODE":"02571","SECURITY_NAME_ABBR":"赛目科技","ORG_CODE":"10000257691","STD_REPORT_DATE":"2021-12-31 00:00:00","REPORT_DATE":"2021-12-31 00:00:00","DATE_TYPE_CODE":"001","REPORT_TYPE":"2021年年报","PER_NETCASH_OPERATE":1.189031505251,"PER_OI":62.372228704784,"BPS":1.941209029395,"BASIC_EPS":0.45,"DILUTED_EPS":0.45,"OPERATE_INCOME":106906000,"OPERATE_INCOME_YOY":50.1425501734,"GROSS_PROFIT":64044000,"GROSS_PROFIT_YOY":24.606494542483,"HOLDER_PROFIT":37747000,"HOLDER_PROFIT_YOY":-26.8171154927,"GROSS_PROFIT_RATIO":59.90683404112,"EPS_TTM":22.022753792299,"OPERATE_INCOME_QOQ":50.142550173448,"NET_PROFIT_RATIO":35.1439582437,"ROE_AVG":22.955365749089,"GROSS_PROFIT_QOQ":24.606494542483,"ROA":17.724300656203,"HOLDER_PROFIT_QOQ":-26.817115492739,"ROE_YEARLY":22.955365749089,"ROIC_YEARLY":25.520421340148,"TOTAL_ASSETS":315964000,"TOTAL_LIABILITIES":50942000,"TAX_EBT":3.986609082313,"OCF_SALES":1.9063476325,"TOTAL_PARENT_EQUITY":258828000,"DEBT_ASSET_RATIO":16.1227228418,"OPERATE_PROFIT":38374000,"PRETAX_PROFIT":39131000,"NETCASH_OPERATE":-1809000,"NETCASH_INVEST":-107035000,"NETCASH_FINANCE":148595000,"END_CASH":81837000,"DIVI_RATIO":null,"DIVIDEND_RATE":null,"CURRENT_RATIO":5.689676514276,"COMMON_ACS":null,"CURRENTDEBT_DEBT":82.001099289388,"ISSUED_COMMON_SHARES":133333400,"HK_COMMON_SHARES":33333400,"PER_SHARES":200,"TOTAL_MARKET_CAP":null,"HKSK_MARKET_CAP":null,"PE_TTM":null,"PB_TTM":null,"REPORT_DATE_SQ":"2020-12-31 00:00:00","REPORT_TYPE_SQ":"2020年年报","OPERATE_INCOME_SQ":71203000,"DPS_HKD":null,"OPERATE_INCOME_QOQ_SQ":782.754773121746,"NET_PROFIT_RATIO_SQ":72.43936351,"HOLDER_PROFIT_SQ":51579000,"HOLDER_PROFIT_QOQ_SQ":822.041473006793,"ROE_AVG_SQ":123.526242051945,"PE_TTM_SQ":null,"PB_TTM_SQ":null,"ROA_SQ":60.984664861605,"START_DATE":"2021-01-01 00:00:00","FISCAL_YEAR":"12-31","CURRENCY":"HKD","IS_CNY_CODE":0,"DPS_HKD_LY":null,"ORG_TYPE":"一般企业","PREMIUM_INCOME":null,"PREMIUM_INCOME_YOY":null,"NET_INTEREST_INCOME":null,"NET_INTEREST_INCOME_YOY":null,"FEE_COMMISSION_INCOME":null,"FEE_COMMISSION_INCOME_YOY":null,"ACCOUNTS_RECE_TDAYS":3.223652866146,"INVENTORY_TDAYS":null,"CURRENT_ASSETS_TDAYS":0.606541658393,"TOTAL_ASSETS_TDAYS":0.50198269689,"PREMIUM_EXPENSE":null,"LOAN_DEPOSIT":null,"LOAN_EQUITY":null,"LOAN_ASSETS":null,"DEPOSIT_EQUITY":null,"DEPOSIT_ASSETS":null,"EQUITY_MULTIPLIER":1.192218004542,"EQUITY_RATIO":0.196817964053},{"SECUCODE":"02571.HK","SECURITY_CODE":"02571","SECURITY_NAME_ABBR":"赛目科技","ORG_CODE":"10000257691","STD_REPORT_DATE":"2021-06-30 00:00:00","REPORT_DATE":"2021-06-30 00:00:00","DATE_TYPE_CODE":"002","REPORT_TYPE":"2021年中报","PER_NETCASH_OPERATE":null,"PER_OI":null,"BPS":null,"BASIC_EPS":-0.23,"DILUTED_EPS":-0.23,"OPERATE_INCOME":540000,"OPERATE_INCOME_YOY":null,"GROSS_PROFIT":540000,"GROSS_PROFIT_YOY":null,"HOLDER_PROFIT":-18142000,"HOLDER_PROFIT_YOY":null,"GROSS_PROFIT_RATIO":null,"EPS_TTM":35.400823610158,"OPERATE_INCOME_QOQ":0,"NET_PROFIT_RATIO":-3359.6296296296,"ROE_AVG":null,"GROSS_PROFIT_QOQ":0,"ROA":null,"HOLDER_PROFIT_QOQ":0,"ROE_YEARLY":null,"ROIC_YEARLY":null,"TOTAL_ASSETS":null,"TOTAL_LIABILITIES":null,"TAX_EBT":null,"OCF_SALES":-902.407407407407,"TOTAL_PARENT_EQUITY":null,"DEBT_ASSET_RATIO":null,"OPERATE_PROFIT":-18102000,"PRETAX_PROFIT":-18142000,"NETCASH_OPERATE":-4873000,"NETCASH_INVEST":-8358000,"NETCASH_FINANCE":-470000,"END_CASH":28385000,"DIVI_RATIO":null,"DIVIDEND_RATE":null,"CURRENT_RATIO":null,"COMMON_ACS":null,"CURRENTDEBT_DEBT":null,"ISSUED_COMMON_SHARES":133333400,"HK_COMMON_SHARES":33333400,"PER_SHARES":200,"TOTAL_MARKET_CAP":null,"HKSK_MARKET_CAP":null,"PE_TTM":null,"PB_TTM":null,"REPORT_DATE_SQ":"2020-06-30 00:00:00","REPORT_TYPE_SQ":"2020年中报","OPERATE_INCOME_SQ":null,"DPS_HKD":null,"OPERATE_INCOME_QOQ_SQ":0,"NET_PROFIT_RATIO_SQ":null,"HOLDER_PROFIT_SQ":null,"HOLDER_PROFIT_QOQ_SQ":0,"ROE_AVG_SQ":null,"PE_TTM_SQ":null,"PB_TTM_SQ":null,"ROA_SQ":null,"START_DATE":"2021-01-01 00:00:00","FISCAL_YEAR":"12-31","CURRENCY":"HKD","IS_CNY_CODE":0,"DPS_HKD_LY":null,"ORG_TYPE":"一般企业","PREMIUM_INCOME":null,"PREMIUM_INCOME_YOY":null,"NET_INTEREST_INCOME":null,"NET_INTEREST_INCOME_YOY":null,"FEE_COMMISSION_INCOME":null,"FEE_COMMISSION_INCOME_YOY":null,"ACCOUNTS_RECE_TDAYS":null,"INVENTORY_TDAYS":null,"CURRENT_ASSETS_TDAYS":0.014077163712,"TOTAL_ASSETS_TDAYS":0.009820770931,"PREMIUM_EXPENSE":null,"LOAN_DEPOSIT":null,"LOAN_EQUITY":null,"LOAN_ASSETS":null,"DEPOSIT_EQUITY":null,"DEPOSIT_ASSETS":null,"EQUITY_MULTIPLIER":null,"EQUITY_RATIO":null},{"SECUCODE":"02571.HK","SECURITY_CODE":"02571","SECURITY_NAME_ABBR":"赛目科技","ORG_CODE":"10000257691","STD_REPORT_DATE":"2020-12-31 00:00:00","REPORT_DATE":"2020-12-31 00:00:00","DATE_TYPE_CODE":"001","REPORT_TYPE":"2020年年报","PER_NETCASH_OPERATE":16.205902539465,"PER_OI":48.869595058339,"BPS":0.525337237331,"BASIC_EPS":0.67,"DILUTED_EPS":0.67,"OPERATE_INCOME":71203000,"OPERATE_INCOME_YOY":782.7547731217,"GROSS_PROFIT":51397000,"GROSS_PROFIT_YOY":557.671145233525,"HOLDER_PROFIT":51579000,"HOLDER_PROFIT_YOY":822.0414730068,"GROSS_PROFIT_RATIO":72.183756302403,"EPS_TTM":35.400823610158,"OPERATE_INCOME_QOQ":782.754773121746,"NET_PROFIT_RATIO":72.43936351,"ROE_AVG":123.526242051945,"GROSS_PROFIT_QOQ":557.671145233525,"ROA":60.984664861605,"HOLDER_PROFIT_QOQ":822.041473006793,"ROE_YEARLY":123.526242051945,"ROIC_YEARLY":96.888354575424,"TOTAL_ASSETS":109971000,"TOTAL_LIABILITIES":39926000,"TAX_EBT":1.780477586929,"OCF_SALES":33.161524093086,"TOTAL_PARENT_EQUITY":70045000,"DEBT_ASSET_RATIO":36.3059352011,"OPERATE_PROFIT":52325000,"PRETAX_PROFIT":52514000,"NETCASH_OPERATE":20062000,"NETCASH_INVEST":-1533000,"NETCASH_FINANCE":2960000,"END_CASH":42086000,"DIVI_RATIO":null,"DIVIDEND_RATE":null,"CURRENT_RATIO":2.185568185055,"COMMON_ACS":null,"CURRENTDEBT_DEBT":79.577217853028,"ISSUED_COMMON_SHARES":133333400,"HK_COMMON_SHARES":33333400,"PER_SHARES":200,"TOTAL_MARKET_CAP":null,"HKSK_MARKET_CAP":null,"PE_TTM":null,"PB_TTM":null,"REPORT_DATE_SQ":"2019-12-31 00:00:00","REPORT_TYPE_SQ":"2019年年报","OPERATE_INCOME_SQ":8066000,"DPS_HKD":null,"OPERATE_INCOME_QOQ_SQ":null,"NET_PROFIT_RATIO_SQ":69.3528390776,"HOLDER_PROFIT_SQ":5594000,"HOLDER_PROFIT_QOQ_SQ":null,"ROE_AVG_SQ":41.541660478242,"PE_TTM_SQ":null,"PB_TTM_SQ":null,"ROA_SQ":9.452038592163,"START_DATE":"2020-01-01 00:00:00","FISCAL_YEAR":"12-31","CURRENCY":"HKD","IS_CNY_CODE":0,"DPS_HKD_LY":null,"ORG_TYPE":"一般企业","PREMIUM_INCOME":null,"PREMIUM_INCOME_YOY":null,"NET_INTEREST_INCOME":null,"NET_INTEREST_INCOME_YOY":null,"FEE_COMMISSION_INCOME":null,"FEE_COMMISSION_INCOME_YOY":null,"ACCOUNTS_RECE_TDAYS":8.260687974941,"INVENTORY_TDAYS":null,"CURRENT_ASSETS_TDAYS":1.154946026391,"TOTAL_ASSETS_TDAYS":0.841871903709,"PREMIUM_EXPENSE":null,"LOAN_DEPOSIT":null,"LOAN_EQUITY":null,"LOAN_ASSETS":null,"DEPOSIT_EQUITY":null,"DEPOSIT_ASSETS":null,"EQUITY_MULTIPLIER":1.570004996788,"EQUITY_RATIO":0.570004996788},{"SECUCODE":"02571.HK","SECURITY_CODE":"02571","SECURITY_NAME_ABBR":"赛目科技","ORG_CODE":"10000257691","STD_REPORT_DATE":"2019-12-31 00:00:00","REPORT_DATE":"2019-12-31 00:00:00","DATE_TYPE_CODE":"001","REPORT_TYPE":"2019年年报","PER_NETCASH_OPERATE":17.036023054755,"PER_OI":5.811239193084,"BPS":0.100994949503,"BASIC_EPS":0.09,"DILUTED_EPS":0.09,"OPERATE_INCOME":8066000,"OPERATE_INCOME_YOY":null,"GROSS_PROFIT":7815000,"GROSS_PROFIT_YOY":null,"HOLDER_PROFIT":5594000,"HOLDER_PROFIT_YOY":null,"GROSS_PROFIT_RATIO":96.888172576246,"EPS_TTM":4.030259365994,"OPERATE_INCOME_QOQ":null,"NET_PROFIT_RATIO":69.3528390776,"ROE_AVG":41.541660478242,"GROSS_PROFIT_QOQ":null,"ROA":9.452038592163,"HOLDER_PROFIT_QOQ":null,"ROE_YEARLY":41.541660478242,"ROIC_YEARLY":14.497486134868,"TOTAL_ASSETS":59183000,"TOTAL_LIABILITIES":45717000,"TAX_EBT":null,"OCF_SALES":293.156459211505,"TOTAL_PARENT_EQUITY":13466000,"DEBT_ASSET_RATIO":77.2468445331,"OPERATE_PROFIT":5357000,"PRETAX_PROFIT":5594000,"NETCASH_OPERATE":23646000,"NETCASH_INVEST":-11412000,"NETCASH_FINANCE":3334000,"END_CASH":20597000,"DIVI_RATIO":null,"DIVIDEND_RATE":null,"CURRENT_RATIO":1.018898877879,"COMMON_ACS":null,"CURRENTDEBT_DEBT":100,"ISSUED_COMMON_SHARES":133333400,"HK_COMMON_SHARES":33333400,"PER_SHARES":200,"TOTAL_MARKET_CAP":null,"HKSK_MARKET_CAP":null,"PE_TTM":null,"PB_TTM":null,"REPORT_DATE_SQ":"2018-12-31 00:00:00","REPORT_TYPE_SQ":"2018年年报","OPERATE_INCOME_SQ":null,"DPS_HKD":null,"OPERATE_INCOME_QOQ_SQ":null,"NET_PROFIT_RATIO_SQ":null,"HOLDER_PROFIT_SQ":null,"HOLDER_PROFIT_QOQ_SQ":null,"ROE_AVG_SQ":null,"PE_TTM_SQ":null,"PB_TTM_SQ":null,"ROA_SQ":null,"START_DATE":"2019-01-01 00:00:00","FISCAL_YEAR":"12-31","CURRENCY":"HKD","IS_CNY_CODE":0,"DPS_HKD_LY":null,"ORG_TYPE":"一般企业","PREMIUM_INCOME":null,"PREMIUM_INCOME_YOY":null,"NET_INTEREST_INCOME":null,"NET_INTEREST_INCOME_YOY":null,"FEE_COMMISSION_INCOME":null,"FEE_COMMISSION_INCOME_YOY":null,"ACCOUNTS_RECE_TDAYS":24.077611940299,"INVENTORY_TDAYS":null,"CURRENT_ASSETS_TDAYS":0.34632146154,"TOTAL_ASSETS_TDAYS":0.272578274167,"PREMIUM_EXPENSE":null,"LOAN_DEPOSIT":null,"LOAN_EQUITY":null,"LOAN_ASSETS":null,"DEPOSIT_EQUITY":null,"DEPOSIT_ASSETS":null,"EQUITY_MULTIPLIER":4.394994801731,"EQUITY_RATIO":3.394994801723}],"count":9},"success":true,"message":"ok","code":0}