{"version":"0a9bc25ff22e683932c02c30f2bee272","result":{"pages":2,"data":[{"SECUCODE":"02586.HK","SECURITY_CODE":"02586","SECURITY_NAME_ABBR":"多点数智","ORG_CODE":"10000476003","STD_REPORT_DATE":"2024-06-30 00:00:00","REPORT_DATE":"2024-06-30 00:00:00","DATE_TYPE_CODE":"002","REPORT_TYPE":"2024年中报","PER_NETCASH_OPERATE":-0.125200003839,"PER_OI":2.072204254365,"BPS":-7.937372944448,"BASIC_EPS":-0.45,"DILUTED_EPS":-0.45,"OPERATE_INCOME":939162000,"OPERATE_INCOME_YOY":22.9264806552,"GROSS_PROFIT":359254000,"GROSS_PROFIT_YOY":29.615505341506,"HOLDER_PROFIT":-234875000,"HOLDER_PROFIT_YOY":54.1812811879,"GROSS_PROFIT_RATIO":38.252612435341,"EPS_TTM":-0.694185623034,"OPERATE_INCOME_QOQ":10.010853344962,"NET_PROFIT_RATIO":-26.5206641666,"ROE_AVG":3.354741068622,"GROSS_PROFIT_QOQ":11.520976640846,"ROA":-17.187084386298,"HOLDER_PROFIT_QOQ":46.887455453684,"ROE_YEARLY":6.709482137245,"ROIC_YEARLY":-60.747566864352,"TOTAL_ASSETS":1355385000,"TOTAL_LIABILITIES":8408946000,"TAX_EBT":0.414692677205,"OCF_SALES":-6.041875629551,"TOTAL_PARENT_EQUITY":-7137744000,"DEBT_ASSET_RATIO":620.4101417678,"OPERATE_PROFIT":-81156000,"PRETAX_PROFIT":-484214000,"NETCASH_OPERATE":-56743000,"NETCASH_INVEST":-6049000,"NETCASH_FINANCE":144000,"END_CASH":469536000,"DIVI_RATIO":null,"DIVIDEND_RATE":null,"CURRENT_RATIO":0.101466092013,"COMMON_ACS":2500000000,"CURRENTDEBT_DEBT":98.367262674775,"ISSUED_COMMON_SHARES":899257733,"HK_COMMON_SHARES":899257733,"PER_SHARES":100,"TOTAL_MARKET_CAP":5989056501.78,"HKSK_MARKET_CAP":5989056501.78,"PE_TTM":-16.87005980067,"PB_TTM":-0.765801083374,"REPORT_DATE_SQ":"2023-06-30 00:00:00","REPORT_TYPE_SQ":"2023年中报","OPERATE_INCOME_SQ":764003000,"DPS_HKD":null,"OPERATE_INCOME_QOQ_SQ":0,"NET_PROFIT_RATIO_SQ":-71.711236736,"HOLDER_PROFIT_SQ":-512618000,"HOLDER_PROFIT_QOQ_SQ":0,"ROE_AVG_SQ":null,"PE_TTM_SQ":null,"PB_TTM_SQ":null,"ROA_SQ":null,"START_DATE":"2024-01-01 00:00:00","FISCAL_YEAR":"12-31","CURRENCY":"HKD","IS_CNY_CODE":0,"DPS_HKD_LY":null,"ORG_TYPE":"一般企业","PREMIUM_INCOME":null,"PREMIUM_INCOME_YOY":null,"NET_INTEREST_INCOME":null,"NET_INTEREST_INCOME_YOY":null,"FEE_COMMISSION_INCOME":null,"FEE_COMMISSION_INCOME_YOY":null,"ACCOUNTS_RECE_TDAYS":4.455280541752,"INVENTORY_TDAYS":51.763634740694,"CURRENT_ASSETS_TDAYS":1.115742140513,"TOTAL_ASSETS_TDAYS":0.687236042423,"PREMIUM_EXPENSE":null,"LOAN_DEPOSIT":null,"LOAN_EQUITY":null,"LOAN_ASSETS":null,"DEPOSIT_EQUITY":null,"DEPOSIT_ASSETS":null,"EQUITY_MULTIPLIER":-0.1921561322,"EQUITY_RATIO":-1.178095768075},{"SECUCODE":"02586.HK","SECURITY_CODE":"02586","SECURITY_NAME_ABBR":"多点数智","ORG_CODE":"10000476003","STD_REPORT_DATE":"2023-12-31 00:00:00","REPORT_DATE":"2023-12-31 00:00:00","DATE_TYPE_CODE":"001","REPORT_TYPE":"2023年年报","PER_NETCASH_OPERATE":-0.393052572632,"PER_OI":3.476349233406,"BPS":-7.633881531492,"BASIC_EPS":-1.13,"DILUTED_EPS":-1.13,"OPERATE_INCOME":1585357000,"OPERATE_INCOME_YOY":31.7276535388,"GROSS_PROFIT":554701000,"GROSS_PROFIT_YOY":9.799167055955,"HOLDER_PROFIT":-592361000,"HOLDER_PROFIT_YOY":26.6340601878,"GROSS_PROFIT_RATIO":40.720504363342,"EPS_TTM":-1.298921131486,"OPERATE_INCOME_QOQ":16.123356730238,"NET_PROFIT_RATIO":-37.4602715565,"ROE_AVG":9.095525271993,"GROSS_PROFIT_QOQ":2.867063706912,"ROA":-44.124776158538,"HOLDER_PROFIT_QOQ":34.945989755845,"ROE_YEARLY":9.095525271993,"ROIC_YEARLY":-82.508771661023,"TOTAL_ASSETS":1377772000,"TOTAL_LIABILITIES":8142896000,"TAX_EBT":0.441441537243,"OCF_SALES":-10.244551752281,"TOTAL_PARENT_EQUITY":-6864827000,"DEBT_ASSET_RATIO":591.0191236286,"OPERATE_PROFIT":-262804000,"PRETAX_PROFIT":-752308000,"NETCASH_OPERATE":-179248000,"NETCASH_INVEST":-31031000,"NETCASH_FINANCE":207061000,"END_CASH":533171000,"DIVI_RATIO":null,"DIVIDEND_RATE":null,"CURRENT_RATIO":1.019411719244,"COMMON_ACS":2500000000,"CURRENTDEBT_DEBT":95.710432750216,"ISSUED_COMMON_SHARES":899257733,"HK_COMMON_SHARES":899257733,"PER_SHARES":100,"TOTAL_MARKET_CAP":5152746810.09,"HKSK_MARKET_CAP":5152746810.09,"PE_TTM":-14.514330729406,"PB_TTM":-0.658864896056,"REPORT_DATE_SQ":"2022-12-31 00:00:00","REPORT_TYPE_SQ":"2022年年报","OPERATE_INCOME_SQ":1328264000,"DPS_HKD":null,"OPERATE_INCOME_QOQ_SQ":6.218893326002,"NET_PROFIT_RATIO_SQ":-55.9992644702,"HOLDER_PROFIT_SQ":-807406000,"HOLDER_PROFIT_QOQ_SQ":-1.622627165789,"ROE_AVG_SQ":14.70296016427,"PE_TTM_SQ":null,"PB_TTM_SQ":null,"ROA_SQ":-62.389723467372,"START_DATE":"2023-01-01 00:00:00","FISCAL_YEAR":"12-31","CURRENCY":"HKD","IS_CNY_CODE":0,"DPS_HKD_LY":null,"ORG_TYPE":"一般企业","PREMIUM_INCOME":null,"PREMIUM_INCOME_YOY":null,"NET_INTEREST_INCOME":null,"NET_INTEREST_INCOME_YOY":null,"FEE_COMMISSION_INCOME":null,"FEE_COMMISSION_INCOME_YOY":null,"ACCOUNTS_RECE_TDAYS":10.370248993462,"INVENTORY_TDAYS":120.165440537566,"CURRENT_ASSETS_TDAYS":2.114293516975,"TOTAL_ASSETS_TDAYS":1.303339074004,"PREMIUM_EXPENSE":null,"LOAN_DEPOSIT":null,"LOAN_EQUITY":null,"LOAN_ASSETS":null,"DEPOSIT_EQUITY":null,"DEPOSIT_ASSETS":null,"EQUITY_MULTIPLIER":-0.203658055639,"EQUITY_RATIO":-1.186176432414},{"SECUCODE":"02586.HK","SECURITY_CODE":"02586","SECURITY_NAME_ABBR":"多点数智","ORG_CODE":"10000476003","STD_REPORT_DATE":"2023-06-30 00:00:00","REPORT_DATE":"2023-06-30 00:00:00","DATE_TYPE_CODE":"002","REPORT_TYPE":"2023年中报","PER_NETCASH_OPERATE":null,"PER_OI":null,"BPS":null,"BASIC_EPS":-0.97,"DILUTED_EPS":-0.97,"OPERATE_INCOME":764003000,"OPERATE_INCOME_YOY":null,"GROSS_PROFIT":277169000,"GROSS_PROFIT_YOY":null,"HOLDER_PROFIT":-512618000,"HOLDER_PROFIT_YOY":null,"GROSS_PROFIT_RATIO":36.278522466535,"EPS_TTM":-1.9371981813,"OPERATE_INCOME_QOQ":0,"NET_PROFIT_RATIO":-71.711236736,"ROE_AVG":null,"GROSS_PROFIT_QOQ":0,"ROA":null,"HOLDER_PROFIT_QOQ":0,"ROE_YEARLY":null,"ROIC_YEARLY":null,"TOTAL_ASSETS":null,"TOTAL_LIABILITIES":null,"TAX_EBT":0.318420579668,"OCF_SALES":-25.217963803807,"TOTAL_PARENT_EQUITY":null,"DEBT_ASSET_RATIO":null,"OPERATE_PROFIT":-160750000,"PRETAX_PROFIT":-589786000,"NETCASH_OPERATE":-192666000,"NETCASH_INVEST":-12150000,"NETCASH_FINANCE":132409000,"END_CASH":463984000,"DIVI_RATIO":null,"DIVIDEND_RATE":null,"CURRENT_RATIO":null,"COMMON_ACS":2500000000,"CURRENTDEBT_DEBT":null,"ISSUED_COMMON_SHARES":899257733,"HK_COMMON_SHARES":899257733,"PER_SHARES":100,"TOTAL_MARKET_CAP":5152746810.09,"HKSK_MARKET_CAP":5152746810.09,"PE_TTM":-14.514330729406,"PB_TTM":-0.658864896056,"REPORT_DATE_SQ":"2022-06-30 00:00:00","REPORT_TYPE_SQ":"2022年中报","OPERATE_INCOME_SQ":null,"DPS_HKD":null,"OPERATE_INCOME_QOQ_SQ":0,"NET_PROFIT_RATIO_SQ":null,"HOLDER_PROFIT_SQ":null,"HOLDER_PROFIT_QOQ_SQ":0,"ROE_AVG_SQ":null,"PE_TTM_SQ":null,"PB_TTM_SQ":null,"ROA_SQ":null,"START_DATE":"2023-01-01 00:00:00","FISCAL_YEAR":"12-31","CURRENCY":"HKD","IS_CNY_CODE":0,"DPS_HKD_LY":null,"ORG_TYPE":"一般企业","PREMIUM_INCOME":null,"PREMIUM_INCOME_YOY":null,"NET_INTEREST_INCOME":null,"NET_INTEREST_INCOME_YOY":null,"FEE_COMMISSION_INCOME":null,"FEE_COMMISSION_INCOME_YOY":null,"ACCOUNTS_RECE_TDAYS":null,"INVENTORY_TDAYS":null,"CURRENT_ASSETS_TDAYS":1.884277688168,"TOTAL_ASSETS_TDAYS":1.168947431233,"PREMIUM_EXPENSE":null,"LOAN_DEPOSIT":null,"LOAN_EQUITY":null,"LOAN_ASSETS":null,"DEPOSIT_EQUITY":null,"DEPOSIT_ASSETS":null,"EQUITY_MULTIPLIER":null,"EQUITY_RATIO":null},{"SECUCODE":"02586.HK","SECURITY_CODE":"02586","SECURITY_NAME_ABBR":"多点数智","ORG_CODE":"10000476003","STD_REPORT_DATE":"2023-03-31 00:00:00","REPORT_DATE":"2023-03-31 00:00:00","DATE_TYPE_CODE":"003","REPORT_TYPE":"2023年一季报","PER_NETCASH_OPERATE":-0.283045961238,"PER_OI":0.828684470774,"BPS":-7.126379640485,"BASIC_EPS":-0.61,"DILUTED_EPS":-0.61,"OPERATE_INCOME":389518000,"OPERATE_INCOME_YOY":1.5096748974,"GROSS_PROFIT":179209000,"GROSS_PROFIT_YOY":15.092994579598,"HOLDER_PROFIT":-318847000,"HOLDER_PROFIT_YOY":-47.8299371769,"GROSS_PROFIT_RATIO":46.007886670192,"EPS_TTM":-1.9371981813,"OPERATE_INCOME_QOQ":0.385953247224,"NET_PROFIT_RATIO":-87.8154539713,"ROE_AVG":5.073564997816,"GROSS_PROFIT_QOQ":3.512204015997,"ROA":-24.525890499734,"HOLDER_PROFIT_QOQ":-12.776967225906,"ROE_YEARLY":20.294259991266,"ROIC_YEARLY":-178.510013814571,"TOTAL_ASSETS":1292921000,"TOTAL_LIABILITIES":7623702000,"TAX_EBT":0.456021698135,"OCF_SALES":-34.156059540252,"TOTAL_PARENT_EQUITY":-6408452000,"DEBT_ASSET_RATIO":589.6494836111,"OPERATE_PROFIT":-70155000,"PRETAX_PROFIT":-343624000,"NETCASH_OPERATE":-133044000,"NETCASH_INVEST":-4801000,"NETCASH_FINANCE":83140000,"END_CASH":477300000,"DIVI_RATIO":null,"DIVIDEND_RATE":null,"CURRENT_RATIO":1.045910235705,"COMMON_ACS":2500000000,"CURRENTDEBT_DEBT":9.900688668051,"ISSUED_COMMON_SHARES":899257733,"HK_COMMON_SHARES":899257733,"PER_SHARES":100,"TOTAL_MARKET_CAP":5152746810.09,"HKSK_MARKET_CAP":5152746810.09,"PE_TTM":-14.514330729406,"PB_TTM":-0.658864896056,"REPORT_DATE_SQ":"2022-03-31 00:00:00","REPORT_TYPE_SQ":"2022年一季报","OPERATE_INCOME_SQ":383725000,"DPS_HKD":null,"OPERATE_INCOME_QOQ_SQ":0,"NET_PROFIT_RATIO_SQ":-64.4146198449,"HOLDER_PROFIT_SQ":-215685000,"HOLDER_PROFIT_QOQ_SQ":0,"ROE_AVG_SQ":null,"PE_TTM_SQ":null,"PB_TTM_SQ":null,"ROA_SQ":null,"START_DATE":"2023-01-01 00:00:00","FISCAL_YEAR":"12-31","CURRENCY":"HKD","IS_CNY_CODE":0,"DPS_HKD_LY":null,"ORG_TYPE":"一般企业","PREMIUM_INCOME":null,"PREMIUM_INCOME_YOY":null,"NET_INTEREST_INCOME":null,"NET_INTEREST_INCOME_YOY":null,"FEE_COMMISSION_INCOME":null,"FEE_COMMISSION_INCOME_YOY":null,"ACCOUNTS_RECE_TDAYS":2.519619131402,"INVENTORY_TDAYS":23.659466756666,"CURRENT_ASSETS_TDAYS":0.48678310597,"TOTAL_ASSETS_TDAYS":0.299619435518,"PREMIUM_EXPENSE":null,"LOAN_DEPOSIT":null,"LOAN_EQUITY":null,"LOAN_ASSETS":null,"DEPOSIT_EQUITY":null,"DEPOSIT_ASSETS":null,"EQUITY_MULTIPLIER":-0.204227724826,"EQUITY_RATIO":-1.189632379239},{"SECUCODE":"02586.HK","SECURITY_CODE":"02586","SECURITY_NAME_ABBR":"多点数智","ORG_CODE":"10000476003","STD_REPORT_DATE":"2022-12-31 00:00:00","REPORT_DATE":"2022-12-31 00:00:00","DATE_TYPE_CODE":"001","REPORT_TYPE":"2022年年报","PER_NETCASH_OPERATE":-0.443105964272,"PER_OI":2.864033267616,"BPS":-6.850651124732,"BASIC_EPS":-1.54,"DILUTED_EPS":-1.54,"OPERATE_INCOME":1328264000,"OPERATE_INCOME_YOY":76.9598157021,"GROSS_PROFIT":505196000,"GROSS_PROFIT_YOY":192.462038103729,"HOLDER_PROFIT":-807406000,"HOLDER_PROFIT_YOY":53.880435031,"GROSS_PROFIT_RATIO":44.579765336695,"EPS_TTM":-1.740947315046,"OPERATE_INCOME_QOQ":6.218893326002,"NET_PROFIT_RATIO":-55.9992644702,"ROE_AVG":14.70296016427,"GROSS_PROFIT_QOQ":20.588738846708,"ROA":-62.389723467372,"HOLDER_PROFIT_QOQ":-1.622627165789,"ROE_YEARLY":14.70296016427,"ROIC_YEARLY":-106.223165660992,"TOTAL_ASSETS":1307164000,"TOTAL_LIABILITIES":7384531000,"TAX_EBT":0.202804669941,"OCF_SALES":-13.691313353663,"TOTAL_PARENT_EQUITY":-6160501000,"DEBT_ASSET_RATIO":564.9276601865,"OPERATE_PROFIT":-385597000,"PRETAX_PROFIT":-901853000,"NETCASH_OPERATE":-205501000,"NETCASH_INVEST":68847000,"NETCASH_FINANCE":282425000,"END_CASH":533054000,"DIVI_RATIO":null,"DIVIDEND_RATE":null,"CURRENT_RATIO":1.106146851687,"COMMON_ACS":2500000000,"CURRENTDEBT_DEBT":96.307294261477,"ISSUED_COMMON_SHARES":899257733,"HK_COMMON_SHARES":899257733,"PER_SHARES":100,"TOTAL_MARKET_CAP":5152746810.09,"HKSK_MARKET_CAP":5152746810.09,"PE_TTM":-14.514330729406,"PB_TTM":-0.658864896056,"REPORT_DATE_SQ":"2021-12-31 00:00:00","REPORT_TYPE_SQ":"2021年年报","OPERATE_INCOME_SQ":848192000,"DPS_HKD":null,"OPERATE_INCOME_QOQ_SQ":114.603239822909,"NET_PROFIT_RATIO_SQ":-174.713955305,"HOLDER_PROFIT_SQ":-1750680000,"HOLDER_PROFIT_QOQ_SQ":-62.786113322076,"ROE_AVG_SQ":43.068689649608,"PE_TTM_SQ":null,"PB_TTM_SQ":null,"ROA_SQ":-122.722282897476,"START_DATE":"2022-01-01 00:00:00","FISCAL_YEAR":"12-31","CURRENCY":"HKD","IS_CNY_CODE":0,"DPS_HKD_LY":null,"ORG_TYPE":"一般企业","PREMIUM_INCOME":null,"PREMIUM_INCOME_YOY":null,"NET_INTEREST_INCOME":null,"NET_INTEREST_INCOME_YOY":null,"FEE_COMMISSION_INCOME":null,"FEE_COMMISSION_INCOME_YOY":null,"ACCOUNTS_RECE_TDAYS":11.360062946871,"INVENTORY_TDAYS":126.572580645161,"CURRENT_ASSETS_TDAYS":2.05745119931,"TOTAL_ASSETS_TDAYS":1.159818194884,"PREMIUM_EXPENSE":null,"LOAN_DEPOSIT":null,"LOAN_EQUITY":null,"LOAN_ASSETS":null,"DEPOSIT_EQUITY":null,"DEPOSIT_ASSETS":null,"EQUITY_MULTIPLIER":-0.215087224451,"EQUITY_RATIO":-1.19869000914},{"SECUCODE":"02586.HK","SECURITY_CODE":"02586","SECURITY_NAME_ABBR":"多点数智","ORG_CODE":"10000476003","STD_REPORT_DATE":"2022-09-30 00:00:00","REPORT_DATE":"2022-09-30 00:00:00","DATE_TYPE_CODE":"004","REPORT_TYPE":"2022年三季报","PER_NETCASH_OPERATE":-0.359777419319,"PER_OI":2.42173958192,"BPS":-6.561978600188,"BASIC_EPS":-0.89,"DILUTED_EPS":-0.89,"OPERATE_INCOME":1101752000,"OPERATE_INCOME_YOY":50.2533197502,"GROSS_PROFIT":459399000,"GROSS_PROFIT_YOY":74.97781349625,"HOLDER_PROFIT":-466210000,"HOLDER_PROFIT_YOY":67.2231533715,"GROSS_PROFIT_RATIO":41.697133293155,"EPS_TTM":-1.746405726687,"OPERATE_INCOME_QOQ":35.275878046165,"NET_PROFIT_RATIO":-43.6365897226,"ROE_AVG":8.695260503913,"GROSS_PROFIT_QOQ":54.982138318404,"ROA":-34.773923995022,"HOLDER_PROFIT_QOQ":54.616834601412,"ROE_YEARLY":11.593680671884,"ROIC_YEARLY":-57.558566622427,"TOTAL_ASSETS":1400275000,"TOTAL_LIABILITIES":7189458000,"TAX_EBT":0.538510871589,"OCF_SALES":-14.85615637639,"TOTAL_PARENT_EQUITY":-5900910000,"DEBT_ASSET_RATIO":513.4318615986,"OPERATE_PROFIT":-247764000,"PRETAX_PROFIT":-483370000,"NETCASH_OPERATE":-163678000,"NETCASH_INVEST":-11691000,"NETCASH_FINANCE":295577000,"END_CASH":497829000,"DIVI_RATIO":null,"DIVIDEND_RATE":null,"CURRENT_RATIO":1.092240270778,"COMMON_ACS":2500000000,"CURRENTDEBT_DEBT":9.410584219283,"ISSUED_COMMON_SHARES":899257733,"HK_COMMON_SHARES":899257733,"PER_SHARES":100,"TOTAL_MARKET_CAP":5152746810.09,"HKSK_MARKET_CAP":5152746810.09,"PE_TTM":-14.514330729406,"PB_TTM":-0.658864896056,"REPORT_DATE_SQ":"2021-09-30 00:00:00","REPORT_TYPE_SQ":"2021年三季报","OPERATE_INCOME_SQ":733263000,"DPS_HKD":null,"OPERATE_INCOME_QOQ_SQ":0,"NET_PROFIT_RATIO_SQ":-200.2981195015,"HOLDER_PROFIT_SQ":-1422376000,"HOLDER_PROFIT_QOQ_SQ":0,"ROE_AVG_SQ":null,"PE_TTM_SQ":null,"PB_TTM_SQ":null,"ROA_SQ":null,"START_DATE":"2022-01-01 00:00:00","FISCAL_YEAR":"12-31","CURRENCY":"HKD","IS_CNY_CODE":0,"DPS_HKD_LY":null,"ORG_TYPE":"一般企业","PREMIUM_INCOME":null,"PREMIUM_INCOME_YOY":null,"NET_INTEREST_INCOME":null,"NET_INTEREST_INCOME_YOY":null,"FEE_COMMISSION_INCOME":null,"FEE_COMMISSION_INCOME_YOY":null,"ACCOUNTS_RECE_TDAYS":11.561124052971,"INVENTORY_TDAYS":90.580695198477,"CURRENT_ASSETS_TDAYS":1.588568956816,"TOTAL_ASSETS_TDAYS":0.82178074922,"PREMIUM_EXPENSE":null,"LOAN_DEPOSIT":null,"LOAN_EQUITY":null,"LOAN_ASSETS":null,"DEPOSIT_EQUITY":null,"DEPOSIT_ASSETS":null,"EQUITY_MULTIPLIER":-0.241877826284,"EQUITY_RATIO":-1.218364286186},{"SECUCODE":"02586.HK","SECURITY_CODE":"02586","SECURITY_NAME_ABBR":"多点数智","ORG_CODE":"10000476003","STD_REPORT_DATE":"2022-03-31 00:00:00","REPORT_DATE":"2022-03-31 00:00:00","DATE_TYPE_CODE":"003","REPORT_TYPE":"2022年一季报","PER_NETCASH_OPERATE":null,"PER_OI":null,"BPS":null,"BASIC_EPS":-0.41,"DILUTED_EPS":-0.41,"OPERATE_INCOME":383725000,"OPERATE_INCOME_YOY":null,"GROSS_PROFIT":155708000,"GROSS_PROFIT_YOY":null,"HOLDER_PROFIT":-215685000,"HOLDER_PROFIT_YOY":null,"GROSS_PROFIT_RATIO":40.578018111929,"EPS_TTM":-3.455668878019,"OPERATE_INCOME_QOQ":0,"NET_PROFIT_RATIO":-64.4146198449,"ROE_AVG":null,"GROSS_PROFIT_QOQ":0,"ROA":null,"HOLDER_PROFIT_QOQ":0,"ROE_YEARLY":null,"ROIC_YEARLY":null,"TOTAL_ASSETS":null,"TOTAL_LIABILITIES":null,"TAX_EBT":0.299293715235,"OCF_SALES":-33.148478728256,"TOTAL_PARENT_EQUITY":null,"DEBT_ASSET_RATIO":null,"OPERATE_PROFIT":-172820000,"PRETAX_PROFIT":-247917000,"NETCASH_OPERATE":-127199000,"NETCASH_INVEST":-21216000,"NETCASH_FINANCE":25825000,"END_CASH":247732000,"DIVI_RATIO":null,"DIVIDEND_RATE":null,"CURRENT_RATIO":null,"COMMON_ACS":2500000000,"CURRENTDEBT_DEBT":null,"ISSUED_COMMON_SHARES":899257733,"HK_COMMON_SHARES":899257733,"PER_SHARES":100,"TOTAL_MARKET_CAP":5152746810.09,"HKSK_MARKET_CAP":5152746810.09,"PE_TTM":-14.514330729406,"PB_TTM":-0.658864896056,"REPORT_DATE_SQ":"2021-03-31 00:00:00","REPORT_TYPE_SQ":"2021年一季报","OPERATE_INCOME_SQ":null,"DPS_HKD":null,"OPERATE_INCOME_QOQ_SQ":0,"NET_PROFIT_RATIO_SQ":null,"HOLDER_PROFIT_SQ":null,"HOLDER_PROFIT_QOQ_SQ":0,"ROE_AVG_SQ":null,"PE_TTM_SQ":null,"PB_TTM_SQ":null,"ROA_SQ":null,"START_DATE":"2022-01-01 00:00:00","FISCAL_YEAR":"12-31","CURRENCY":"HKD","IS_CNY_CODE":0,"DPS_HKD_LY":null,"ORG_TYPE":"一般企业","PREMIUM_INCOME":null,"PREMIUM_INCOME_YOY":null,"NET_INTEREST_INCOME":null,"NET_INTEREST_INCOME_YOY":null,"FEE_COMMISSION_INCOME":null,"FEE_COMMISSION_INCOME_YOY":null,"ACCOUNTS_RECE_TDAYS":null,"INVENTORY_TDAYS":null,"CURRENT_ASSETS_TDAYS":1.184111657818,"TOTAL_ASSETS_TDAYS":0.599054563961,"PREMIUM_EXPENSE":null,"LOAN_DEPOSIT":null,"LOAN_EQUITY":null,"LOAN_ASSETS":null,"DEPOSIT_EQUITY":null,"DEPOSIT_ASSETS":null,"EQUITY_MULTIPLIER":null,"EQUITY_RATIO":null},{"SECUCODE":"02586.HK","SECURITY_CODE":"02586","SECURITY_NAME_ABBR":"多点数智","ORG_CODE":"10000476003","STD_REPORT_DATE":"2021-12-31 00:00:00","REPORT_DATE":"2021-12-31 00:00:00","DATE_TYPE_CODE":"001","REPORT_TYPE":"2021年年报","PER_NETCASH_OPERATE":-2.516086114211,"PER_OI":1.674246976594,"BPS":-5.362648352116,"BASIC_EPS":-3.68,"DILUTED_EPS":-3.68,"OPERATE_INCOME":848192000,"OPERATE_INCOME_YOY":114.6032398229,"GROSS_PROFIT":172739000,"GROSS_PROFIT_YOY":572.532552795711,"HOLDER_PROFIT":-1750680000,"HOLDER_PROFIT_YOY":-62.7861133221,"GROSS_PROFIT_RATIO":34.274530151485,"EPS_TTM":-3.455668878019,"OPERATE_INCOME_QOQ":114.603239822909,"NET_PROFIT_RATIO":-174.713955305,"ROE_AVG":43.068689649608,"GROSS_PROFIT_QOQ":1079.39873071452,"ROA":-122.722282897476,"HOLDER_PROFIT_QOQ":-62.786113322076,"ROE_YEARLY":43.068689649608,"ROIC_YEARLY":-296.181503966868,"TOTAL_ASSETS":1281102000,"TOTAL_LIABILITIES":6020350000,"TAX_EBT":-0.041222259356,"OCF_SALES":-122.026303092499,"TOTAL_PARENT_EQUITY":-4822403000,"DEBT_ASSET_RATIO":469.9352588631,"OPERATE_PROFIT":-1070381000,"PRETAX_PROFIT":-1807276000,"NETCASH_OPERATE":-1274677000,"NETCASH_INVEST":-321400000,"NETCASH_FINANCE":833719000,"END_CASH":368716000,"DIVI_RATIO":null,"DIVIDEND_RATE":null,"CURRENT_RATIO":0.832508689587,"COMMON_ACS":2500000000,"CURRENTDEBT_DEBT":98.261297100667,"ISSUED_COMMON_SHARES":899257733,"HK_COMMON_SHARES":899257733,"PER_SHARES":100,"TOTAL_MARKET_CAP":5152746810.09,"HKSK_MARKET_CAP":5152746810.09,"PE_TTM":-14.514330729406,"PB_TTM":-0.658864896056,"REPORT_DATE_SQ":"2020-12-31 00:00:00","REPORT_TYPE_SQ":"2020年年报","OPERATE_INCOME_SQ":486755000,"DPS_HKD":null,"OPERATE_INCOME_QOQ_SQ":83.993573993574,"NET_PROFIT_RATIO_SQ":-223.8440283099,"HOLDER_PROFIT_SQ":-1075448000,"HOLDER_PROFIT_QOQ_SQ":-29.757617218842,"ROE_AVG_SQ":37.859442268776,"PE_TTM_SQ":null,"PB_TTM_SQ":null,"ROA_SQ":-80.570214474721,"START_DATE":"2021-01-01 00:00:00","FISCAL_YEAR":"12-31","CURRENCY":"HKD","IS_CNY_CODE":0,"DPS_HKD_LY":null,"ORG_TYPE":"一般企业","PREMIUM_INCOME":null,"PREMIUM_INCOME_YOY":null,"NET_INTEREST_INCOME":null,"NET_INTEREST_INCOME_YOY":null,"FEE_COMMISSION_INCOME":null,"FEE_COMMISSION_INCOME_YOY":null,"ACCOUNTS_RECE_TDAYS":14.667369895467,"INVENTORY_TDAYS":115.719366256531,"CURRENT_ASSETS_TDAYS":1.083419029469,"TOTAL_ASSETS_TDAYS":0.732256694178,"PREMIUM_EXPENSE":null,"LOAN_DEPOSIT":null,"LOAN_EQUITY":null,"LOAN_ASSETS":null,"DEPOSIT_EQUITY":null,"DEPOSIT_ASSETS":null,"EQUITY_MULTIPLIER":-0.27031756937,"EQUITY_RATIO":-1.248412876319},{"SECUCODE":"02586.HK","SECURITY_CODE":"02586","SECURITY_NAME_ABBR":"多点数智","ORG_CODE":"10000476003","STD_REPORT_DATE":"2021-09-30 00:00:00","REPORT_DATE":"2021-09-30 00:00:00","DATE_TYPE_CODE":"004","REPORT_TYPE":"2021年三季报","PER_NETCASH_OPERATE":null,"PER_OI":null,"BPS":null,"BASIC_EPS":-3.04,"DILUTED_EPS":-3.04,"OPERATE_INCOME":733263000,"OPERATE_INCOME_YOY":null,"GROSS_PROFIT":262547000,"GROSS_PROFIT_YOY":null,"HOLDER_PROFIT":-1422376000,"HOLDER_PROFIT_YOY":null,"GROSS_PROFIT_RATIO":35.805297689915,"EPS_TTM":-2.293199560523,"OPERATE_INCOME_QOQ":0,"NET_PROFIT_RATIO":-200.2981195015,"ROE_AVG":null,"GROSS_PROFIT_QOQ":0,"ROA":null,"HOLDER_PROFIT_QOQ":0,"ROE_YEARLY":null,"ROIC_YEARLY":null,"TOTAL_ASSETS":null,"TOTAL_LIABILITIES":null,"TAX_EBT":-0.000680873315,"OCF_SALES":-135.665511555881,"TOTAL_PARENT_EQUITY":null,"DEBT_ASSET_RATIO":null,"OPERATE_PROFIT":-726491000,"PRETAX_PROFIT":-1468702000,"NETCASH_OPERATE":-994785000,"NETCASH_INVEST":-268770000,"NETCASH_FINANCE":456275000,"END_CASH":324047000,"DIVI_RATIO":null,"DIVIDEND_RATE":null,"CURRENT_RATIO":null,"COMMON_ACS":2500000000,"CURRENTDEBT_DEBT":null,"ISSUED_COMMON_SHARES":899257733,"HK_COMMON_SHARES":899257733,"PER_SHARES":100,"TOTAL_MARKET_CAP":5152746810.09,"HKSK_MARKET_CAP":5152746810.09,"PE_TTM":-14.514330729406,"PB_TTM":-0.658864896056,"REPORT_DATE_SQ":"2020-09-30 00:00:00","REPORT_TYPE_SQ":"2020年三季报","OPERATE_INCOME_SQ":null,"DPS_HKD":null,"OPERATE_INCOME_QOQ_SQ":0,"NET_PROFIT_RATIO_SQ":null,"HOLDER_PROFIT_SQ":null,"HOLDER_PROFIT_QOQ_SQ":0,"ROE_AVG_SQ":null,"PE_TTM_SQ":null,"PB_TTM_SQ":null,"ROA_SQ":null,"START_DATE":"2021-01-01 00:00:00","FISCAL_YEAR":"12-31","CURRENCY":"HKD","IS_CNY_CODE":0,"DPS_HKD_LY":null,"ORG_TYPE":"一般企业","PREMIUM_INCOME":null,"PREMIUM_INCOME_YOY":null,"NET_INTEREST_INCOME":null,"NET_INTEREST_INCOME_YOY":null,"FEE_COMMISSION_INCOME":null,"FEE_COMMISSION_INCOME_YOY":null,"ACCOUNTS_RECE_TDAYS":null,"INVENTORY_TDAYS":null,"CURRENT_ASSETS_TDAYS":1.14554265655,"TOTAL_ASSETS_TDAYS":0.932920010127,"PREMIUM_EXPENSE":null,"LOAN_DEPOSIT":null,"LOAN_EQUITY":null,"LOAN_ASSETS":null,"DEPOSIT_EQUITY":null,"DEPOSIT_ASSETS":null,"EQUITY_MULTIPLIER":null,"EQUITY_RATIO":null}],"count":11},"success":true,"message":"ok","code":0}