{"version":"ee1283cd31f83499111a59fa07e0a69d","result":{"pages":3,"data":[{"SECUCODE":"02588.HK","SECURITY_CODE":"02588","SECURITY_NAME_ABBR":"中银航空租赁","ORG_CODE":"10519730","STD_REPORT_DATE":"2024-06-30 00:00:00","REPORT_DATE":"2024-06-30 00:00:00","DATE_TYPE_CODE":"002","REPORT_TYPE":"2024年中报","PER_NETCASH_OPERATE":13.242403592221,"PER_OI":10.885634679325,"BPS":62.239666567847,"BASIC_EPS":4.703688,"DILUTED_EPS":4.703688,"OPERATE_INCOME":7554742959.6,"OPERATE_INCOME_YOY":5.9437823252,"GROSS_PROFIT":7554742959.6,"GROSS_PROFIT_YOY":4.49225661864,"HOLDER_PROFIT":3278320873.2,"HOLDER_PROFIT_YOY":75.8708493434,"GROSS_PROFIT_RATIO":null,"EPS_TTM":9.796490219986,"OPERATE_INCOME_QOQ":2.219402566603,"NET_PROFIT_RATIO":43.3942079927,"ROE_AVG":7.790398533099,"GROSS_PROFIT_QOQ":2.219402566603,"ROA":1.898648479226,"HOLDER_PROFIT_QOQ":25.660838278442,"ROE_YEARLY":15.580797066197,"ROIC_YEARLY":3.871137545708,"TOTAL_ASSETS":173080067947.2,"TOTAL_LIABILITIES":129885096164.4,"TAX_EBT":9.654427433689,"OCF_SALES":121.65026645045,"TOTAL_PARENT_EQUITY":43194971782.8,"DEBT_ASSET_RATIO":75.0433586634,"OPERATE_PROFIT":6177125392.8,"PRETAX_PROFIT":3628645854,"NETCASH_OPERATE":9190364940,"NETCASH_INVEST":-2071881915.6,"NETCASH_FINANCE":-6120916321.2,"END_CASH":3789996606,"DIVI_RATIO":0.340687280144,"DIVIDEND_RATE":6.213028764805,"CURRENT_RATIO":0.346094579729,"COMMON_ACS":null,"CURRENTDEBT_DEBT":19.043403461081,"ISSUED_COMMON_SHARES":694010334,"HK_COMMON_SHARES":694010334,"PER_SHARES":100,"TOTAL_MARKET_CAP":41016010739.4,"HKSK_MARKET_CAP":41016010739.4,"PE_TTM":5.459710271224,"PB_TTM":0.86664005453,"REPORT_DATE_SQ":"2023-06-30 00:00:00","REPORT_TYPE_SQ":"2023年中报","OPERATE_INCOME_SQ":7229954835,"DPS_HKD":3.6719,"OPERATE_INCOME_QOQ_SQ":6.346725208446,"NET_PROFIT_RATIO_SQ":26.1404692302,"HOLDER_PROFIT_SQ":1889944119,"HOLDER_PROFIT_QOQ_SQ":2854.18531629074,"ROE_AVG_SQ":4.953832039231,"PE_TTM_SQ":8.661896281822,"PB_TTM_SQ":0.961126449029,"ROA_SQ":1.162753246584,"START_DATE":"2024-01-01 00:00:00","FISCAL_YEAR":"12-31","CURRENCY":"HKD","IS_CNY_CODE":0,"DPS_HKD_LY":3.6719,"ORG_TYPE":"一般企业","PREMIUM_INCOME":null,"PREMIUM_INCOME_YOY":null,"NET_INTEREST_INCOME":null,"NET_INTEREST_INCOME_YOY":null,"FEE_COMMISSION_INCOME":null,"FEE_COMMISSION_INCOME_YOY":null,"ACCOUNTS_RECE_TDAYS":56.186733098349,"INVENTORY_TDAYS":null,"CURRENT_ASSETS_TDAYS":1.043129525358,"TOTAL_ASSETS_TDAYS":0.043753499996,"PREMIUM_EXPENSE":null,"LOAN_DEPOSIT":null,"LOAN_EQUITY":null,"LOAN_ASSETS":null,"DEPOSIT_EQUITY":null,"DEPOSIT_ASSETS":null,"EQUITY_MULTIPLIER":4.006949438879,"EQUITY_RATIO":3.006949438872},{"SECUCODE":"02588.HK","SECURITY_CODE":"02588","SECURITY_NAME_ABBR":"中银航空租赁","ORG_CODE":"10519730","STD_REPORT_DATE":"2023-12-31 00:00:00","REPORT_DATE":"2023-12-31 00:00:00","DATE_TYPE_CODE":"001","REPORT_TYPE":"2023年年报","PER_NETCASH_OPERATE":23.301133903144,"PER_OI":21.086190235605,"BPS":58.665742875523,"BASIC_EPS":7.79097,"DILUTED_EPS":7.79097,"OPERATE_INCOME":14634033928.2,"OPERATE_INCOME_YOY":7.5410624474,"GROSS_PROFIT":14634033928.2,"GROSS_PROFIT_YOY":9.364655973952,"HOLDER_PROFIT":5410488695.4,"HOLDER_PROFIT_YOY":3708.0857427717,"GROSS_PROFIT_RATIO":null,"EPS_TTM":7.795977135119,"OPERATE_INCOME_QOQ":2.837822001187,"NET_PROFIT_RATIO":36.9719567547,"ROE_AVG":13.951833152658,"GROSS_PROFIT_QOQ":2.837822001187,"ROA":3.304003941438,"HOLDER_PROFIT_QOQ":31.090630300962,"ROE_YEARLY":13.951833152658,"ROIC_YEARLY":3.361383289868,"TOTAL_ASSETS":171186103829.7,"TOTAL_LIABILITIES":130471472022.3,"TAX_EBT":11.231679017195,"OCF_SALES":110.504238284823,"TOTAL_PARENT_EQUITY":40714631807.4,"DEBT_ASSET_RATIO":76.2161583817,"OPERATE_PROFIT":10602221118.6,"PRETAX_PROFIT":6095067063.9,"NETCASH_OPERATE":16171227722.7,"NETCASH_INVEST":-19845824557.8,"NETCASH_FINANCE":3673945226.7,"END_CASH":2775150596.7,"DIVI_RATIO":0.428110492136,"DIVIDEND_RATE":5.865654952077,"CURRENT_RATIO":0.244368541086,"COMMON_ACS":null,"CURRENTDEBT_DEBT":18.466242252316,"ISSUED_COMMON_SHARES":694010334,"HK_COMMON_SHARES":694010334,"PER_SHARES":100,"TOTAL_MARKET_CAP":43445046908.4,"HKSK_MARKET_CAP":43445046908.4,"PE_TTM":5.783043366812,"PB_TTM":0.917963915628,"REPORT_DATE_SQ":"2022-12-31 00:00:00","REPORT_TYPE_SQ":"2022年年报","OPERATE_INCOME_SQ":13380953652.6,"DPS_HKD":3.6719,"OPERATE_INCOME_QOQ_SQ":4.547033267699,"NET_PROFIT_RATIO_SQ":1.0440950595,"HOLDER_PROFIT_SQ":139709876,"HOLDER_PROFIT_QOQ_SQ":187.742674056122,"ROE_AVG_SQ":0.383262802597,"PE_TTM_SQ":8.229918651258,"PB_TTM_SQ":0.913194089576,"ROA_SQ":0.087310891779,"START_DATE":"2023-01-01 00:00:00","FISCAL_YEAR":"12-31","CURRENCY":"HKD","IS_CNY_CODE":0,"DPS_HKD_LY":2.2727,"ORG_TYPE":"一般企业","PREMIUM_INCOME":null,"PREMIUM_INCOME_YOY":null,"NET_INTEREST_INCOME":null,"NET_INTEREST_INCOME_YOY":null,"FEE_COMMISSION_INCOME":null,"FEE_COMMISSION_INCOME_YOY":null,"ACCOUNTS_RECE_TDAYS":49.478932432918,"INVENTORY_TDAYS":null,"CURRENT_ASSETS_TDAYS":2.464893302912,"TOTAL_ASSETS_TDAYS":0.089365135942,"PREMIUM_EXPENSE":null,"LOAN_DEPOSIT":null,"LOAN_EQUITY":null,"LOAN_ASSETS":null,"DEPOSIT_EQUITY":null,"DEPOSIT_ASSETS":null,"EQUITY_MULTIPLIER":4.204535230467,"EQUITY_RATIO":3.204535230467},{"SECUCODE":"02588.HK","SECURITY_CODE":"02588","SECURITY_NAME_ABBR":"中银航空租赁","ORG_CODE":"10519730","STD_REPORT_DATE":"2023-06-30 00:00:00","REPORT_DATE":"2023-06-30 00:00:00","DATE_TYPE_CODE":"002","REPORT_TYPE":"2023年中报","PER_NETCASH_OPERATE":10.661675731474,"PER_OI":10.417647232037,"BPS":55.781564499009,"BASIC_EPS":2.745804,"DILUTED_EPS":2.745804,"OPERATE_INCOME":7229954835,"OPERATE_INCOME_YOY":5.2432562063,"GROSS_PROFIT":7229954835,"GROSS_PROFIT_YOY":13.309700017217,"HOLDER_PROFIT":1889944119,"HOLDER_PROFIT_YOY":183.684746023,"GROSS_PROFIT_RATIO":null,"EPS_TTM":5.947013235973,"OPERATE_INCOME_QOQ":6.346725208446,"NET_PROFIT_RATIO":26.1404692302,"ROE_AVG":4.953832039231,"GROSS_PROFIT_QOQ":6.346725208446,"ROA":1.162753246584,"HOLDER_PROFIT_QOQ":2854.18531629074,"ROE_YEARLY":9.907664078463,"ROIC_YEARLY":2.375363514828,"TOTAL_ASSETS":165597517177.2,"TOTAL_LIABILITIES":126884534968.2,"TAX_EBT":11.419862839726,"OCF_SALES":102.342453089474,"TOTAL_PARENT_EQUITY":38712982209,"DEBT_ASSET_RATIO":76.6222447843,"OPERATE_PROFIT":4275773214.6,"PRETAX_PROFIT":2133598095,"NETCASH_OPERATE":7399313135.4,"NETCASH_INVEST":-7902546750.6,"NETCASH_FINANCE":1567492794,"END_CASH":3896144134.2,"DIVI_RATIO":0.561212742526,"DIVIDEND_RATE":5.865654952077,"CURRENT_RATIO":0.196439982505,"COMMON_ACS":null,"CURRENTDEBT_DEBT":22.537796138014,"ISSUED_COMMON_SHARES":694010334,"HK_COMMON_SHARES":694010334,"PER_SHARES":100,"TOTAL_MARKET_CAP":43445046908.4,"HKSK_MARKET_CAP":43445046908.4,"PE_TTM":5.783043366812,"PB_TTM":0.917963915628,"REPORT_DATE_SQ":"2022-06-30 00:00:00","REPORT_TYPE_SQ":"2022年中报","OPERATE_INCOME_SQ":6380702476.4,"DPS_HKD":3.6719,"OPERATE_INCOME_QOQ_SQ":-1.701120011937,"NET_PROFIT_RATIO_SQ":-32.8746663076,"HOLDER_PROFIT_SQ":-2097634647.2,"HOLDER_PROFIT_QOQ_SQ":-104.449174080123,"ROE_AVG_SQ":-6.136907416732,"PE_TTM_SQ":8.229918651258,"PB_TTM_SQ":0.913194089576,"ROA_SQ":-1.338767996597,"START_DATE":"2023-01-01 00:00:00","FISCAL_YEAR":"12-31","CURRENCY":"HKD","IS_CNY_CODE":0,"DPS_HKD_LY":2.2727,"ORG_TYPE":"一般企业","PREMIUM_INCOME":null,"PREMIUM_INCOME_YOY":null,"NET_INTEREST_INCOME":null,"NET_INTEREST_INCOME_YOY":null,"FEE_COMMISSION_INCOME":null,"FEE_COMMISSION_INCOME_YOY":null,"ACCOUNTS_RECE_TDAYS":20.637007703493,"INVENTORY_TDAYS":null,"CURRENT_ASSETS_TDAYS":1.233265727581,"TOTAL_ASSETS_TDAYS":0.044480963075,"PREMIUM_EXPENSE":null,"LOAN_DEPOSIT":null,"LOAN_EQUITY":null,"LOAN_ASSETS":null,"DEPOSIT_EQUITY":null,"DEPOSIT_ASSETS":null,"EQUITY_MULTIPLIER":4.277570668241,"EQUITY_RATIO":3.277570668237},{"SECUCODE":"02588.HK","SECURITY_CODE":"02588","SECURITY_NAME_ABBR":"中银航空租赁","ORG_CODE":"10519730","STD_REPORT_DATE":"2022-12-31 00:00:00","REPORT_DATE":"2022-12-31 00:00:00","DATE_TYPE_CODE":"001","REPORT_TYPE":"2022年年报","PER_NETCASH_OPERATE":20.156416372901,"PER_OI":19.280625946126,"BPS":52.204609816948,"BASIC_EPS":0.208938,"DILUTED_EPS":0.208938,"OPERATE_INCOME":13380953652.6,"OPERATE_INCOME_YOY":-5.921154753,"GROSS_PROFIT":13380953652.6,"GROSS_PROFIT_YOY":2.768562762896,"HOLDER_PROFIT":139709876,"HOLDER_PROFIT_YOY":-96.426268176,"GROSS_PROFIT_RATIO":null,"EPS_TTM":0.201308062943,"OPERATE_INCOME_QOQ":4.547033267699,"NET_PROFIT_RATIO":1.0440950595,"ROE_AVG":0.383262802597,"GROSS_PROFIT_QOQ":4.547033267699,"ROA":0.087310891779,"HOLDER_PROFIT_QOQ":187.742674056122,"ROE_YEARLY":0.383262802597,"ROIC_YEARLY":0.089021475366,"TOTAL_ASSETS":153718298325,"TOTAL_LIABILITIES":117487759629.6,"TAX_EBT":31.990778410632,"OCF_SALES":104.542333994871,"TOTAL_PARENT_EQUITY":36230538695.4,"DEBT_ASSET_RATIO":76.4305622101,"OPERATE_PROFIT":3573933242.2,"PRETAX_PROFIT":205427841.6,"NETCASH_OPERATE":13988761259.2,"NETCASH_INVEST":1344418525.6,"NETCASH_FINANCE":-15980692576,"END_CASH":2729517279.8,"DIVI_RATIO":16.579264432862,"DIVIDEND_RATE":5.865654952077,"CURRENT_RATIO":0.310843830772,"COMMON_ACS":null,"CURRENTDEBT_DEBT":16.118510361678,"ISSUED_COMMON_SHARES":694010334,"HK_COMMON_SHARES":694010334,"PER_SHARES":100,"TOTAL_MARKET_CAP":43445046908.4,"HKSK_MARKET_CAP":43445046908.4,"PE_TTM":5.783043366812,"PB_TTM":0.917963915628,"REPORT_DATE_SQ":"2021-12-31 00:00:00","REPORT_TYPE_SQ":"2021年年报","OPERATE_INCOME_SQ":13020473667.1,"DPS_HKD":3.6719,"OPERATE_INCOME_QOQ_SQ":3.476331940677,"NET_PROFIT_RATIO_SQ":27.4859061513,"HOLDER_PROFIT_SQ":3578795172.6,"HOLDER_PROFIT_QOQ_SQ":33.635864305277,"ROE_AVG_SQ":11.178611678078,"PE_TTM_SQ":8.229918651258,"PB_TTM_SQ":0.913194089576,"ROA_SQ":2.366049106063,"START_DATE":"2022-01-01 00:00:00","FISCAL_YEAR":"12-31","CURRENCY":"HKD","IS_CNY_CODE":0,"DPS_HKD_LY":2.0582,"ORG_TYPE":"一般企业","PREMIUM_INCOME":null,"PREMIUM_INCOME_YOY":null,"NET_INTEREST_INCOME":null,"NET_INTEREST_INCOME_YOY":null,"FEE_COMMISSION_INCOME":null,"FEE_COMMISSION_INCOME_YOY":null,"ACCOUNTS_RECE_TDAYS":34.298177339022,"INVENTORY_TDAYS":null,"CURRENT_ASSETS_TDAYS":2.531528801317,"TOTAL_ASSETS_TDAYS":0.08362350821,"PREMIUM_EXPENSE":null,"LOAN_DEPOSIT":null,"LOAN_EQUITY":null,"LOAN_ASSETS":null,"DEPOSIT_EQUITY":null,"DEPOSIT_ASSETS":null,"EQUITY_MULTIPLIER":4.242782576802,"EQUITY_RATIO":3.242782576802},{"SECUCODE":"02588.HK","SECURITY_CODE":"02588","SECURITY_NAME_ABBR":"中银航空租赁","ORG_CODE":"10519730","STD_REPORT_DATE":"2022-06-30 00:00:00","REPORT_DATE":"2022-06-30 00:00:00","DATE_TYPE_CODE":"002","REPORT_TYPE":"2022年中报","PER_NETCASH_OPERATE":9.149890593128,"PER_OI":9.193958884768,"BPS":47.578021131023,"BASIC_EPS":-3.02013,"DILUTED_EPS":-3.02013,"OPERATE_INCOME":6380702476.4,"OPERATE_INCOME_YOY":-6.9736085073,"GROSS_PROFIT":6380702476.4,"GROSS_PROFIT_YOY":-3.354851493896,"HOLDER_PROFIT":-2097634647.2,"HOLDER_PROFIT_YOY":-223.0862534754,"GROSS_PROFIT_RATIO":null,"EPS_TTM":-0.229430052262,"OPERATE_INCOME_QOQ":-1.701120011937,"NET_PROFIT_RATIO":-32.8746663076,"ROE_AVG":-6.136907416732,"GROSS_PROFIT_QOQ":-1.701120011937,"ROA":-1.338767996597,"HOLDER_PROFIT_QOQ":-104.449174080123,"ROE_YEARLY":-12.273814833465,"ROIC_YEARLY":-2.732554928323,"TOTAL_ASSETS":153103946728,"TOTAL_LIABILITIES":120084308391.8,"TAX_EBT":9.893474406469,"OCF_SALES":99.520682089267,"TOTAL_PARENT_EQUITY":33019638336.2,"DEBT_ASSET_RATIO":78.4331893188,"OPERATE_PROFIT":-794072713.8,"PRETAX_PROFIT":-2327949761,"NETCASH_OPERATE":6350118626.6,"NETCASH_INVEST":-736784203.4,"NETCASH_FINANCE":-5842038801,"END_CASH":3025552811.2,"DIVI_RATIO":-14.547089952228,"DIVIDEND_RATE":5.865654952077,"CURRENT_RATIO":0.241258014708,"COMMON_ACS":null,"CURRENTDEBT_DEBT":15.734410010134,"ISSUED_COMMON_SHARES":694010334,"HK_COMMON_SHARES":694010334,"PER_SHARES":100,"TOTAL_MARKET_CAP":43445046908.4,"HKSK_MARKET_CAP":43445046908.4,"PE_TTM":5.783043366812,"PB_TTM":0.917963915628,"REPORT_DATE_SQ":"2021-06-30 00:00:00","REPORT_TYPE_SQ":"2021年中报","OPERATE_INCOME_SQ":6602196359.6,"DPS_HKD":3.6719,"OPERATE_INCOME_QOQ_SQ":-1.70268121381,"NET_PROFIT_RATIO_SQ":24.8460855033,"HOLDER_PROFIT_SQ":1640387352.6,"HOLDER_PROFIT_QOQ_SQ":-19.49827277062,"ROE_AVG_SQ":5.198558883466,"PE_TTM_SQ":8.229918651258,"PB_TTM_SQ":0.913194089576,"ROA_SQ":1.070036787124,"START_DATE":"2022-01-01 00:00:00","FISCAL_YEAR":"12-31","CURRENCY":"HKD","IS_CNY_CODE":0,"DPS_HKD_LY":2.0582,"ORG_TYPE":"一般企业","PREMIUM_INCOME":null,"PREMIUM_INCOME_YOY":null,"NET_INTEREST_INCOME":null,"NET_INTEREST_INCOME_YOY":null,"FEE_COMMISSION_INCOME":null,"FEE_COMMISSION_INCOME_YOY":null,"ACCOUNTS_RECE_TDAYS":16.848628771432,"INVENTORY_TDAYS":null,"CURRENT_ASSETS_TDAYS":1.406518005216,"TOTAL_ASSETS_TDAYS":0.040723394241,"PREMIUM_EXPENSE":null,"LOAN_DEPOSIT":null,"LOAN_EQUITY":null,"LOAN_ASSETS":null,"DEPOSIT_EQUITY":null,"DEPOSIT_ASSETS":null,"EQUITY_MULTIPLIER":4.636754199691,"EQUITY_RATIO":3.636754199702},{"SECUCODE":"02588.HK","SECURITY_CODE":"02588","SECURITY_NAME_ABBR":"中银航空租赁","ORG_CODE":"10519730","STD_REPORT_DATE":"2021-12-31 00:00:00","REPORT_DATE":"2021-12-31 00:00:00","DATE_TYPE_CODE":"001","REPORT_TYPE":"2021年年报","PER_NETCASH_OPERATE":16.576288377429,"PER_OI":18.761210070252,"BPS":48.376639719892,"BASIC_EPS":5.164317,"DILUTED_EPS":5.164317,"OPERATE_INCOME":13020473667.1,"OPERATE_INCOME_YOY":4.0947157559,"GROSS_PROFIT":13020473667.1,"GROSS_PROFIT_YOY":1.714459875983,"HOLDER_PROFIT":3578795172.6,"HOLDER_PROFIT_YOY":10.0966771994,"GROSS_PROFIT_RATIO":null,"EPS_TTM":5.156688592767,"OPERATE_INCOME_QOQ":3.476331940677,"NET_PROFIT_RATIO":27.4859061513,"ROE_AVG":11.178611678078,"GROSS_PROFIT_QOQ":3.476331940677,"ROA":2.366049106063,"HOLDER_PROFIT_QOQ":33.635864305277,"ROE_YEARLY":11.178611678078,"ROIC_YEARLY":2.411467856761,"TOTAL_ASSETS":152247661054.8,"TOTAL_LIABILITIES":118673773165,"TAX_EBT":12.111143818071,"OCF_SALES":88.354047075634,"TOTAL_PARENT_EQUITY":33573887889.8,"DEBT_ASSET_RATIO":77.9478465172,"OPERATE_PROFIT":7038485893.5,"PRETAX_PROFIT":4071955567.6,"NETCASH_OPERATE":11504115433.3,"NETCASH_INVEST":-6728658752,"NETCASH_FINANCE":-4282430176,"END_CASH":3091481294.5,"DIVI_RATIO":0.647225355567,"DIVIDEND_RATE":5.865654952077,"CURRENT_RATIO":0.304991637003,"COMMON_ACS":null,"CURRENTDEBT_DEBT":11.849221933602,"ISSUED_COMMON_SHARES":694010334,"HK_COMMON_SHARES":694010334,"PER_SHARES":100,"TOTAL_MARKET_CAP":43445046908.4,"HKSK_MARKET_CAP":43445046908.4,"PE_TTM":5.783043366812,"PB_TTM":0.917963915628,"REPORT_DATE_SQ":"2020-12-31 00:00:00","REPORT_TYPE_SQ":"2020年年报","OPERATE_INCOME_SQ":12801005563,"DPS_HKD":3.6719,"OPERATE_INCOME_QOQ_SQ":-3.652516666515,"NET_PROFIT_RATIO_SQ":25.9875017203,"HOLDER_PROFIT_SQ":3326661540.9,"HOLDER_PROFIT_QOQ_SQ":-33.209275337448,"ROE_AVG_SQ":10.896699770906,"PE_TTM_SQ":8.229918651258,"PB_TTM_SQ":0.913194089576,"ROA_SQ":2.353142952854,"START_DATE":"2021-01-01 00:00:00","FISCAL_YEAR":"12-31","CURRENCY":"HKD","IS_CNY_CODE":0,"DPS_HKD_LY":1.7651,"ORG_TYPE":"一般企业","PREMIUM_INCOME":null,"PREMIUM_INCOME_YOY":null,"NET_INTEREST_INCOME":null,"NET_INTEREST_INCOME_YOY":null,"FEE_COMMISSION_INCOME":null,"FEE_COMMISSION_INCOME_YOY":null,"ACCOUNTS_RECE_TDAYS":24.132811807595,"INVENTORY_TDAYS":null,"CURRENT_ASSETS_TDAYS":3.074595182158,"TOTAL_ASSETS_TDAYS":0.086082266782,"PREMIUM_EXPENSE":null,"LOAN_DEPOSIT":null,"LOAN_EQUITY":null,"LOAN_ASSETS":null,"DEPOSIT_EQUITY":null,"DEPOSIT_ASSETS":null,"EQUITY_MULTIPLIER":4.534704516636,"EQUITY_RATIO":3.534704516633},{"SECUCODE":"02588.HK","SECURITY_CODE":"02588","SECURITY_NAME_ABBR":"中银航空租赁","ORG_CODE":"10519730","STD_REPORT_DATE":"2021-06-30 00:00:00","REPORT_DATE":"2021-06-30 00:00:00","DATE_TYPE_CODE":"002","REPORT_TYPE":"2021年中报","PER_NETCASH_OPERATE":7.419360914588,"PER_OI":9.513109583754,"BPS":46.470065313466,"BASIC_EPS":2.390237,"DILUTED_EPS":2.390237,"OPERATE_INCOME":6602196359.6,"OPERATE_INCOME_YOY":6.0858426747,"GROSS_PROFIT":6602196359.6,"GROSS_PROFIT_YOY":-3.195825656777,"HOLDER_PROFIT":1640387352.6,"HOLDER_PROFIT_YOY":-21.4658617149,"GROSS_PROFIT_RATIO":null,"EPS_TTM":3.858760984242,"OPERATE_INCOME_QOQ":-1.70268121381,"NET_PROFIT_RATIO":24.8460855033,"ROE_AVG":5.198558883466,"GROSS_PROFIT_QOQ":-1.70268121381,"ROA":1.070036787124,"HOLDER_PROFIT_QOQ":-19.49827277062,"ROE_YEARLY":10.397117766933,"ROIC_YEARLY":2.179955018028,"TOTAL_ASSETS":154350077543.1,"TOTAL_LIABILITIES":122099371993.9,"TAX_EBT":11.715683377199,"OCF_SALES":77.990911901808,"TOTAL_PARENT_EQUITY":32250705549.2,"DEBT_ASSET_RATIO":79.1054814727,"OPERATE_PROFIT":3382140134.3,"PRETAX_PROFIT":1858073342.3,"NETCASH_OPERATE":5149113146.4,"NETCASH_INVEST":-4391343416.4,"NETCASH_FINANCE":-417225558.5,"END_CASH":2973396687.1,"DIVI_RATIO":0.864925197914,"DIVIDEND_RATE":5.865654952077,"CURRENT_RATIO":0.441781945571,"COMMON_ACS":null,"CURRENTDEBT_DEBT":10.38476204303,"ISSUED_COMMON_SHARES":694010334,"HK_COMMON_SHARES":694010334,"PER_SHARES":100,"TOTAL_MARKET_CAP":43445046908.4,"HKSK_MARKET_CAP":43445046908.4,"PE_TTM":5.783043366812,"PB_TTM":0.917963915628,"REPORT_DATE_SQ":"2020-06-30 00:00:00","REPORT_TYPE_SQ":"2020年中报","OPERATE_INCOME_SQ":6820156676.5,"DPS_HKD":3.6719,"OPERATE_INCOME_QOQ_SQ":5.600855787538,"NET_PROFIT_RATIO_SQ":33.5627024799,"HOLDER_PROFIT_SQ":2289028894,"HOLDER_PROFIT_QOQ_SQ":1.666114368607,"ROE_AVG_SQ":7.011740412589,"PE_TTM_SQ":8.229918651258,"PB_TTM_SQ":0.913194089576,"ROA_SQ":1.52575811596,"START_DATE":"2021-01-01 00:00:00","FISCAL_YEAR":"12-31","CURRENCY":"HKD","IS_CNY_CODE":0,"DPS_HKD_LY":1.7651,"ORG_TYPE":"一般企业","PREMIUM_INCOME":null,"PREMIUM_INCOME_YOY":null,"NET_INTEREST_INCOME":null,"NET_INTEREST_INCOME_YOY":null,"FEE_COMMISSION_INCOME":null,"FEE_COMMISSION_INCOME_YOY":null,"ACCOUNTS_RECE_TDAYS":11.298641283318,"INVENTORY_TDAYS":null,"CURRENT_ASSETS_TDAYS":1.342186722281,"TOTAL_ASSETS_TDAYS":0.043066614537,"PREMIUM_EXPENSE":null,"LOAN_DEPOSIT":null,"LOAN_EQUITY":null,"LOAN_ASSETS":null,"DEPOSIT_EQUITY":null,"DEPOSIT_ASSETS":null,"EQUITY_MULTIPLIER":4.785944211605,"EQUITY_RATIO":3.785944211597},{"SECUCODE":"02588.HK","SECURITY_CODE":"02588","SECURITY_NAME_ABBR":"中银航空租赁","ORG_CODE":"10519730","STD_REPORT_DATE":"2020-12-31 00:00:00","REPORT_DATE":"2020-12-31 00:00:00","DATE_TYPE_CODE":"001","REPORT_TYPE":"2020年年报","PER_NETCASH_OPERATE":17.17125030706,"PER_OI":18.444978317859,"BPS":44.910199161386,"BASIC_EPS":4.763177,"DILUTED_EPS":4.763177,"OPERATE_INCOME":12801005563,"OPERATE_INCOME_YOY":8.7809570808,"GROSS_PROFIT":12801005563,"GROSS_PROFIT_YOY":1.743766929916,"HOLDER_PROFIT":3326661540.9,"HOLDER_PROFIT_YOY":-27.3998624439,"GROSS_PROFIT_RATIO":null,"EPS_TTM":4.793389057662,"OPERATE_INCOME_QOQ":-3.652516666515,"NET_PROFIT_RATIO":25.9875017203,"ROE_AVG":10.896699770906,"GROSS_PROFIT_QOQ":-3.652516666515,"ROA":2.353142952854,"HOLDER_PROFIT_QOQ":-33.209275337448,"ROE_YEARLY":10.896699770906,"ROIC_YEARLY":2.391481643899,"TOTAL_ASSETS":153781068190.9,"TOTAL_LIABILITIES":122612925870.9,"TAX_EBT":9.442256763309,"OCF_SALES":93.094445605468,"TOTAL_PARENT_EQUITY":31168142320,"DEBT_ASSET_RATIO":79.7321330339,"OPERATE_PROFIT":7155205340,"PRETAX_PROFIT":3673525224.9,"NETCASH_OPERATE":11917025160.8,"NETCASH_INVEST":-27760271873.7,"NETCASH_FINANCE":16860432948.6,"END_CASH":2659262144.4,"DIVI_RATIO":0.696279723563,"DIVIDEND_RATE":5.865654952077,"CURRENT_RATIO":0.303968031031,"COMMON_ACS":null,"CURRENTDEBT_DEBT":11.480388968632,"ISSUED_COMMON_SHARES":694010334,"HK_COMMON_SHARES":694010334,"PER_SHARES":100,"TOTAL_MARKET_CAP":43445046908.4,"HKSK_MARKET_CAP":43445046908.4,"PE_TTM":5.783043366812,"PB_TTM":0.917963915628,"REPORT_DATE_SQ":"2019-12-31 00:00:00","REPORT_TYPE_SQ":"2019年年报","OPERATE_INCOME_SQ":12581611581,"DPS_HKD":3.6719,"OPERATE_INCOME_QOQ_SQ":4.150938292456,"NET_PROFIT_RATIO_SQ":38.9385668462,"HOLDER_PROFIT_SQ":4899099235.8,"HOLDER_PROFIT_QOQ_SQ":8.860678072289,"ROE_AVG_SQ":15.996897473104,"PE_TTM_SQ":8.229918651258,"PB_TTM_SQ":0.913194089576,"ROA_SQ":3.694092455177,"START_DATE":"2020-01-01 00:00:00","FISCAL_YEAR":"12-31","CURRENCY":"HKD","IS_CNY_CODE":0,"DPS_HKD_LY":2.7522,"ORG_TYPE":"一般企业","PREMIUM_INCOME":null,"PREMIUM_INCOME_YOY":null,"NET_INTEREST_INCOME":null,"NET_INTEREST_INCOME_YOY":null,"FEE_COMMISSION_INCOME":null,"FEE_COMMISSION_INCOME_YOY":null,"ACCOUNTS_RECE_TDAYS":27.951245921726,"INVENTORY_TDAYS":null,"CURRENT_ASSETS_TDAYS":2.81264426151,"TOTAL_ASSETS_TDAYS":0.090549025381,"PREMIUM_EXPENSE":null,"LOAN_DEPOSIT":null,"LOAN_EQUITY":null,"LOAN_ASSETS":null,"DEPOSIT_EQUITY":null,"DEPOSIT_ASSETS":null,"EQUITY_MULTIPLIER":4.933918313519,"EQUITY_RATIO":3.933918313515},{"SECUCODE":"02588.HK","SECURITY_CODE":"02588","SECURITY_NAME_ABBR":"中银航空租赁","ORG_CODE":"10519730","STD_REPORT_DATE":"2020-06-30 00:00:00","REPORT_DATE":"2020-06-30 00:00:00","DATE_TYPE_CODE":"002","REPORT_TYPE":"2020年中报","PER_NETCASH_OPERATE":8.04133537585,"PER_OI":9.827168764464,"BPS":47.349061754029,"BASIC_EPS":3.327365,"DILUTED_EPS":3.327365,"OPERATE_INCOME":6820156676.5,"OPERATE_INCOME_YOY":8.296658022,"GROSS_PROFIT":6820156676.5,"GROSS_PROFIT_YOY":11.522857792566,"HOLDER_PROFIT":2289028894,"HOLDER_PROFIT_YOY":0.6979329847,"GROSS_PROFIT_RATIO":null,"EPS_TTM":7.176728627934,"OPERATE_INCOME_QOQ":5.600855787538,"NET_PROFIT_RATIO":33.5627024799,"ROE_AVG":7.011740412589,"GROSS_PROFIT_QOQ":5.600855787538,"ROA":1.52575811596,"HOLDER_PROFIT_QOQ":1.666114368607,"ROE_YEARLY":14.023480825178,"ROIC_YEARLY":3.104459251656,"TOTAL_ASSETS":160129079570.5,"TOTAL_LIABILITIES":127268341408,"TAX_EBT":8.589942213527,"OCF_SALES":81.827590108443,"TOTAL_PARENT_EQUITY":32860738162.5,"DEBT_ASSET_RATIO":79.4785942374,"OPERATE_PROFIT":4060518020,"PRETAX_PROFIT":2504132422,"NETCASH_OPERATE":5580769850,"NETCASH_INVEST":-19585882758.5,"NETCASH_FINANCE":15037573029.5,"END_CASH":2814108329.5,"DIVI_RATIO":0.465050273046,"DIVIDEND_RATE":5.865654952077,"CURRENT_RATIO":0.37914146937,"COMMON_ACS":null,"CURRENTDEBT_DEBT":11.628743444966,"ISSUED_COMMON_SHARES":694010334,"HK_COMMON_SHARES":694010334,"PER_SHARES":100,"TOTAL_MARKET_CAP":43445046908.4,"HKSK_MARKET_CAP":43445046908.4,"PE_TTM":5.783043366812,"PB_TTM":0.917963915628,"REPORT_DATE_SQ":"2019-06-30 00:00:00","REPORT_TYPE_SQ":"2019年中报","OPERATE_INCOME_SQ":6115478756.1,"DPS_HKD":3.6719,"OPERATE_INCOME_QOQ_SQ":8.430081330691,"NET_PROFIT_RATIO_SQ":36.0953636786,"HOLDER_PROFIT_SQ":2207404297.7,"HOLDER_PROFIT_QOQ_SQ":5.686485825784,"ROE_AVG_SQ":7.563388733391,"PE_TTM_SQ":8.229918651258,"PB_TTM_SQ":0.913194089576,"ROA_SQ":1.716250833429,"START_DATE":"2020-01-01 00:00:00","FISCAL_YEAR":"12-31","CURRENCY":"HKD","IS_CNY_CODE":0,"DPS_HKD_LY":2.7522,"ORG_TYPE":"一般企业","PREMIUM_INCOME":null,"PREMIUM_INCOME_YOY":null,"NET_INTEREST_INCOME":null,"NET_INTEREST_INCOME_YOY":null,"FEE_COMMISSION_INCOME":null,"FEE_COMMISSION_INCOME_YOY":null,"ACCOUNTS_RECE_TDAYS":15.530912960067,"INVENTORY_TDAYS":null,"CURRENT_ASSETS_TDAYS":1.257766819487,"TOTAL_ASSETS_TDAYS":0.045459930316,"PREMIUM_EXPENSE":null,"LOAN_DEPOSIT":null,"LOAN_EQUITY":null,"LOAN_ASSETS":null,"DEPOSIT_EQUITY":null,"DEPOSIT_ASSETS":null,"EQUITY_MULTIPLIER":4.87296051532,"EQUITY_RATIO":3.872960515331}],"count":21},"success":true,"message":"ok","code":0}