{"version":"f2845abfdd1e9dfe24aa51eb2c0d4850","result":{"pages":1,"data":[{"SECUCODE":"02598.HK","SECURITY_CODE":"02598","SECURITY_NAME_ABBR":"连连数字","ORG_CODE":"10939566","STD_REPORT_DATE":"2024-06-30 00:00:00","REPORT_DATE":"2024-06-30 00:00:00","DATE_TYPE_CODE":"002","REPORT_TYPE":"2024年中报","PER_NETCASH_OPERATE":-0.095351509647,"PER_OI":0.572152614312,"BPS":0.86095305173,"BASIC_EPS":-0.34,"DILUTED_EPS":-0.34,"OPERATE_INCOME":617387000,"OPERATE_INCOME_YOY":40.1276473085,"GROSS_PROFIT":324925000,"GROSS_PROFIT_YOY":20.2517357256,"HOLDER_PROFIT":-351294000,"HOLDER_PROFIT_YOY":8.3223725417,"GROSS_PROFIT_RATIO":52.629064104039,"EPS_TTM":-0.57844234797,"OPERATE_INCOME_QOQ":17.193967261071,"NET_PROFIT_RATIO":-56.6835712446,"ROE_AVG":-46.274009251008,"GROSS_PROFIT_QOQ":9.47792681068,"ROA":-3.151838581478,"HOLDER_PROFIT_QOQ":4.860806262804,"ROE_YEARLY":-92.548018502016,"ROIC_YEARLY":-6.530945367235,"TOTAL_ASSETS":11823871000,"TOTAL_LIABILITIES":10888912000,"TAX_EBT":-0.848092584161,"OCF_SALES":-16.665397878478,"TOTAL_PARENT_EQUITY":929020000,"DEBT_ASSET_RATIO":92.0926150158,"OPERATE_PROFIT":-137951000,"PRETAX_PROFIT":-347014000,"NETCASH_OPERATE":-102890000,"NETCASH_INVEST":-106916000,"NETCASH_FINANCE":590270000,"END_CASH":575588000,"DIVI_RATIO":null,"DIVIDEND_RATE":null,"CURRENT_RATIO":1.051274040639,"COMMON_ACS":null,"CURRENTDEBT_DEBT":98.446134930652,"ISSUED_COMMON_SHARES":1079060000,"HK_COMMON_SHARES":418668764,"PER_SHARES":500,"TOTAL_MARKET_CAP":9948933200,"HKSK_MARKET_CAP":3860126004.08,"PE_TTM":-14.351135944438,"PB_TTM":9.773947119519,"REPORT_DATE_SQ":"2023-06-30 00:00:00","REPORT_TYPE_SQ":"2023年中报","OPERATE_INCOME_SQ":440589000,"DPS_HKD":null,"OPERATE_INCOME_QOQ_SQ":0,"NET_PROFIT_RATIO_SQ":-86.8230936315,"HOLDER_PROFIT_SQ":-383184000,"HOLDER_PROFIT_QOQ_SQ":0,"ROE_AVG_SQ":null,"PE_TTM_SQ":null,"PB_TTM_SQ":null,"ROA_SQ":null,"START_DATE":"2024-01-01 00:00:00","FISCAL_YEAR":"12-31","CURRENCY":"HKD","IS_CNY_CODE":0,"DPS_HKD_LY":null,"ORG_TYPE":"一般企业","PREMIUM_INCOME":null,"PREMIUM_INCOME_YOY":null,"NET_INTEREST_INCOME":null,"NET_INTEREST_INCOME_YOY":null,"FEE_COMMISSION_INCOME":null,"FEE_COMMISSION_INCOME_YOY":null,"ACCOUNTS_RECE_TDAYS":7.536968424394,"INVENTORY_TDAYS":441.785498489426,"CURRENT_ASSETS_TDAYS":0.05884725204,"TOTAL_ASSETS_TDAYS":0.055392468027,"PREMIUM_EXPENSE":null,"LOAN_DEPOSIT":null,"LOAN_EQUITY":null,"LOAN_ASSETS":null,"DEPOSIT_EQUITY":null,"DEPOSIT_ASSETS":null,"EQUITY_MULTIPLIER":12.646405885108,"EQUITY_RATIO":11.720858539106},{"SECUCODE":"02598.HK","SECURITY_CODE":"02598","SECURITY_NAME_ABBR":"连连数字","ORG_CODE":"10939566","STD_REPORT_DATE":"2023-12-31 00:00:00","REPORT_DATE":"2023-12-31 00:00:00","DATE_TYPE_CODE":"001","REPORT_TYPE":"2023年年报","PER_NETCASH_OPERATE":0.09327230084,"PER_OI":1.01329969648,"BPS":0.546124404574,"BASIC_EPS":-0.65,"DILUTED_EPS":-0.65,"OPERATE_INCOME":1028256000,"OPERATE_INCOME_YOY":38.4394168682,"GROSS_PROFIT":577352000,"GROSS_PROFIT_YOY":23.903521478897,"HOLDER_PROFIT":-656064000,"HOLDER_PROFIT_YOY":28.4194906933,"GROSS_PROFIT_RATIO":56.148663367877,"EPS_TTM":-0.646521344949,"OPERATE_INCOME_QOQ":8.570270133293,"NET_PROFIT_RATIO":-63.6237473936,"ROE_AVG":-79.634300585304,"GROSS_PROFIT_QOQ":4.787331548618,"ROA":-6.365377895558,"HOLDER_PROFIT_QOQ":25.148547384562,"ROE_YEARLY":-79.634300585304,"ROIC_YEARLY":-6.472688461911,"TOTAL_ASSETS":10467499000,"TOTAL_LIABILITIES":9873855000,"TAX_EBT":-0.377288433095,"OCF_SALES":9.20480891918,"TOTAL_PARENT_EQUITY":589301000,"DEBT_ASSET_RATIO":94.3286930336,"OPERATE_PROFIT":23457000,"PRETAX_PROFIT":-651756000,"NETCASH_OPERATE":94649000,"NETCASH_INVEST":-201799000,"NETCASH_FINANCE":149177000,"END_CASH":189840000,"DIVI_RATIO":null,"DIVIDEND_RATE":null,"CURRENT_RATIO":1.000476788319,"COMMON_ACS":null,"CURRENTDEBT_DEBT":98.327461766453,"ISSUED_COMMON_SHARES":1079060000,"HK_COMMON_SHARES":418668764,"PER_SHARES":500,"TOTAL_MARKET_CAP":10164745200,"HKSK_MARKET_CAP":3943859756.88,"PE_TTM":-14.66244041178,"PB_TTM":9.985963326017,"REPORT_DATE_SQ":"2022-12-31 00:00:00","REPORT_TYPE_SQ":"2022年年报","OPERATE_INCOME_SQ":742748000,"DPS_HKD":null,"OPERATE_INCOME_QOQ_SQ":15.39733144409,"NET_PROFIT_RATIO_SQ":-123.4424057688,"HOLDER_PROFIT_SQ":-916540000,"HOLDER_PROFIT_QOQ_SQ":-22.7641557704,"ROE_AVG_SQ":-61.597913894378,"PE_TTM_SQ":null,"PB_TTM_SQ":null,"ROA_SQ":-9.844104226953,"START_DATE":"2023-01-01 00:00:00","FISCAL_YEAR":"12-31","CURRENCY":"HKD","IS_CNY_CODE":0,"DPS_HKD_LY":null,"ORG_TYPE":"一般企业","PREMIUM_INCOME":null,"PREMIUM_INCOME_YOY":null,"NET_INTEREST_INCOME":null,"NET_INTEREST_INCOME_YOY":null,"FEE_COMMISSION_INCOME":null,"FEE_COMMISSION_INCOME_YOY":null,"ACCOUNTS_RECE_TDAYS":19.010972960481,"INVENTORY_TDAYS":666.032496307238,"CURRENT_ASSETS_TDAYS":0.107186984819,"TOTAL_ASSETS_TDAYS":0.099765236522,"PREMIUM_EXPENSE":null,"LOAN_DEPOSIT":null,"LOAN_EQUITY":null,"LOAN_ASSETS":null,"DEPOSIT_EQUITY":null,"DEPOSIT_ASSETS":null,"EQUITY_MULTIPLIER":17.632619886819,"EQUITY_RATIO":16.755198107588},{"SECUCODE":"02598.HK","SECURITY_CODE":"02598","SECURITY_NAME_ABBR":"连连数字","ORG_CODE":"10939566","STD_REPORT_DATE":"2023-09-30 00:00:00","REPORT_DATE":"2023-09-30 00:00:00","DATE_TYPE_CODE":"004","REPORT_TYPE":"2023年三季报","PER_NETCASH_OPERATE":0.045073712011,"PER_OI":0.725974614687,"BPS":0.524011639761,"BASIC_EPS":-0.6,"DILUTED_EPS":-0.6,"OPERATE_INCOME":736690000,"OPERATE_INCOME_YOY":38.3845214614,"GROSS_PROFIT":426382000,"GROSS_PROFIT_YOY":24.900988938883,"HOLDER_PROFIT":-608056000,"HOLDER_PROFIT_YOY":6.1798342252,"GROSS_PROFIT_RATIO":57.878076260028,"EPS_TTM":-0.863739209271,"OPERATE_INCOME_QOQ":27.511349744462,"NET_PROFIT_RATIO":-82.3574366423,"ROE_AVG":-74.89153735826,"GROSS_PROFIT_QOQ":18.242844481071,"ROA":-5.974224186286,"HOLDER_PROFIT_QOQ":4.369912933424,"ROE_YEARLY":-99.855383144346,"ROIC_YEARLY":-6.061684520571,"TOTAL_ASSETS":10209968000,"TOTAL_LIABILITIES":9640614000,"TAX_EBT":-0.262422516777,"OCF_SALES":6.208717370943,"TOTAL_PARENT_EQUITY":565440000,"DEBT_ASSET_RATIO":94.4235476546,"OPERATE_PROFIT":-127370000,"PRETAX_PROFIT":-605131000,"NETCASH_OPERATE":45739000,"NETCASH_INVEST":-125015000,"NETCASH_FINANCE":73555000,"END_CASH":142222000,"DIVI_RATIO":null,"DIVIDEND_RATE":null,"CURRENT_RATIO":1.011033231601,"COMMON_ACS":null,"CURRENTDEBT_DEBT":98.297286874052,"ISSUED_COMMON_SHARES":1079060000,"HK_COMMON_SHARES":418668764,"PER_SHARES":500,"TOTAL_MARKET_CAP":10164745200,"HKSK_MARKET_CAP":3943859756.88,"PE_TTM":-14.66244041178,"PB_TTM":9.985963326017,"REPORT_DATE_SQ":"2022-09-30 00:00:00","REPORT_TYPE_SQ":"2022年三季报","OPERATE_INCOME_SQ":532350000,"DPS_HKD":null,"OPERATE_INCOME_QOQ_SQ":0,"NET_PROFIT_RATIO_SQ":-121.813656429,"HOLDER_PROFIT_SQ":-648108000,"HOLDER_PROFIT_QOQ_SQ":0,"ROE_AVG_SQ":null,"PE_TTM_SQ":null,"PB_TTM_SQ":null,"ROA_SQ":null,"START_DATE":"2023-01-01 00:00:00","FISCAL_YEAR":"12-31","CURRENCY":"HKD","IS_CNY_CODE":0,"DPS_HKD_LY":null,"ORG_TYPE":"一般企业","PREMIUM_INCOME":null,"PREMIUM_INCOME_YOY":null,"NET_INTEREST_INCOME":null,"NET_INTEREST_INCOME_YOY":null,"FEE_COMMISSION_INCOME":null,"FEE_COMMISSION_INCOME_YOY":null,"ACCOUNTS_RECE_TDAYS":12.291687522942,"INVENTORY_TDAYS":456.671081677704,"CURRENT_ASSETS_TDAYS":0.077327000138,"TOTAL_ASSETS_TDAYS":0.072380688881,"PREMIUM_EXPENSE":null,"LOAN_DEPOSIT":null,"LOAN_EQUITY":null,"LOAN_ASSETS":null,"DEPOSIT_EQUITY":null,"DEPOSIT_ASSETS":null,"EQUITY_MULTIPLIER":17.932548115916,"EQUITY_RATIO":17.049755942275},{"SECUCODE":"02598.HK","SECURITY_CODE":"02598","SECURITY_NAME_ABBR":"连连数字","ORG_CODE":"10939566","STD_REPORT_DATE":"2023-06-30 00:00:00","REPORT_DATE":"2023-06-30 00:00:00","DATE_TYPE_CODE":"002","REPORT_TYPE":"2023年中报","PER_NETCASH_OPERATE":null,"PER_OI":null,"BPS":null,"BASIC_EPS":-0.38,"DILUTED_EPS":-0.38,"OPERATE_INCOME":440589000,"OPERATE_INCOME_YOY":null,"GROSS_PROFIT":270204000,"GROSS_PROFIT_YOY":null,"HOLDER_PROFIT":-383184000,"HOLDER_PROFIT_YOY":null,"GROSS_PROFIT_RATIO":61.327904237282,"EPS_TTM":-0.903208640467,"OPERATE_INCOME_QOQ":0,"NET_PROFIT_RATIO":-86.8230936315,"ROE_AVG":null,"GROSS_PROFIT_QOQ":0,"ROA":null,"HOLDER_PROFIT_QOQ":0,"ROE_YEARLY":null,"ROIC_YEARLY":null,"TOTAL_ASSETS":null,"TOTAL_LIABILITIES":null,"TAX_EBT":-0.60145274375,"OCF_SALES":12.063623921614,"TOTAL_PARENT_EQUITY":null,"DEBT_ASSET_RATIO":null,"OPERATE_PROFIT":-40017000,"PRETAX_PROFIT":-380246000,"NETCASH_OPERATE":53151000,"NETCASH_INVEST":5345000,"NETCASH_FINANCE":-16253000,"END_CASH":192984000,"DIVI_RATIO":null,"DIVIDEND_RATE":null,"CURRENT_RATIO":null,"COMMON_ACS":null,"CURRENTDEBT_DEBT":null,"ISSUED_COMMON_SHARES":1079060000,"HK_COMMON_SHARES":418668764,"PER_SHARES":500,"TOTAL_MARKET_CAP":10164745200,"HKSK_MARKET_CAP":3943859756.88,"PE_TTM":-14.66244041178,"PB_TTM":9.985963326017,"REPORT_DATE_SQ":"2022-06-30 00:00:00","REPORT_TYPE_SQ":"2022年中报","OPERATE_INCOME_SQ":null,"DPS_HKD":null,"OPERATE_INCOME_QOQ_SQ":0,"NET_PROFIT_RATIO_SQ":null,"HOLDER_PROFIT_SQ":null,"HOLDER_PROFIT_QOQ_SQ":0,"ROE_AVG_SQ":null,"PE_TTM_SQ":null,"PB_TTM_SQ":null,"ROA_SQ":null,"START_DATE":"2023-01-01 00:00:00","FISCAL_YEAR":"12-31","CURRENCY":"HKD","IS_CNY_CODE":0,"DPS_HKD_LY":null,"ORG_TYPE":"一般企业","PREMIUM_INCOME":null,"PREMIUM_INCOME_YOY":null,"NET_INTEREST_INCOME":null,"NET_INTEREST_INCOME_YOY":null,"FEE_COMMISSION_INCOME":null,"FEE_COMMISSION_INCOME_YOY":null,"ACCOUNTS_RECE_TDAYS":null,"INVENTORY_TDAYS":null,"CURRENT_ASSETS_TDAYS":0.093021227991,"TOTAL_ASSETS_TDAYS":0.086849673182,"PREMIUM_EXPENSE":null,"LOAN_DEPOSIT":null,"LOAN_EQUITY":null,"LOAN_ASSETS":null,"DEPOSIT_EQUITY":null,"DEPOSIT_ASSETS":null,"EQUITY_MULTIPLIER":null,"EQUITY_RATIO":null},{"SECUCODE":"02598.HK","SECURITY_CODE":"02598","SECURITY_NAME_ABBR":"连连数字","ORG_CODE":"10939566","STD_REPORT_DATE":"2022-12-31 00:00:00","REPORT_DATE":"2022-12-31 00:00:00","DATE_TYPE_CODE":"001","REPORT_TYPE":"2022年年报","PER_NETCASH_OPERATE":-0.03285210296,"PER_OI":0.731944499192,"BPS":0.980845365411,"BASIC_EPS":-0.9,"DILUTED_EPS":-0.9,"OPERATE_INCOME":742748000,"OPERATE_INCOME_YOY":15.3973314441,"GROSS_PROFIT":465969000,"GROSS_PROFIT_YOY":6.08431760024,"HOLDER_PROFIT":-916540000,"HOLDER_PROFIT_YOY":-22.7641557704,"GROSS_PROFIT_RATIO":62.735813492598,"EPS_TTM":-0.903208640467,"OPERATE_INCOME_QOQ":15.39733144409,"NET_PROFIT_RATIO":-123.4424057688,"ROE_AVG":-61.597913894378,"GROSS_PROFIT_QOQ":6.08431760024,"ROA":-9.844104226953,"HOLDER_PROFIT_QOQ":-22.7641557704,"ROE_YEARLY":-61.597913894378,"ROIC_YEARLY":-10.414489382485,"TOTAL_ASSETS":10146014000,"TOTAL_LIABILITIES":9085559000,"TAX_EBT":-1.801833811143,"OCF_SALES":-4.488332516547,"TOTAL_PARENT_EQUITY":1058391000,"DEBT_ASSET_RATIO":89.5480629142,"OPERATE_PROFIT":-99860000,"PRETAX_PROFIT":-900638000,"NETCASH_OPERATE":-33337000,"NETCASH_INVEST":-941069000,"NETCASH_FINANCE":242594000,"END_CASH":145504000,"DIVI_RATIO":null,"DIVIDEND_RATE":null,"CURRENT_RATIO":1.063196227437,"COMMON_ACS":null,"CURRENTDEBT_DEBT":98.065556560692,"ISSUED_COMMON_SHARES":1079060000,"HK_COMMON_SHARES":418668764,"PER_SHARES":500,"TOTAL_MARKET_CAP":10164745200,"HKSK_MARKET_CAP":3943859756.88,"PE_TTM":-14.66244041178,"PB_TTM":9.985963326017,"REPORT_DATE_SQ":"2021-12-31 00:00:00","REPORT_TYPE_SQ":"2021年年报","OPERATE_INCOME_SQ":643644000,"DPS_HKD":null,"OPERATE_INCOME_QOQ_SQ":9.369891691107,"NET_PROFIT_RATIO_SQ":-116.0324651515,"HOLDER_PROFIT_SQ":-746586000,"HOLDER_PROFIT_QOQ_SQ":-102.789012356074,"ROE_AVG_SQ":-33.193807944922,"PE_TTM_SQ":null,"PB_TTM_SQ":null,"ROA_SQ":-8.43632220078,"START_DATE":"2022-01-01 00:00:00","FISCAL_YEAR":"12-31","CURRENCY":"HKD","IS_CNY_CODE":0,"DPS_HKD_LY":null,"ORG_TYPE":"一般企业","PREMIUM_INCOME":null,"PREMIUM_INCOME_YOY":null,"NET_INTEREST_INCOME":null,"NET_INTEREST_INCOME_YOY":null,"FEE_COMMISSION_INCOME":null,"FEE_COMMISSION_INCOME_YOY":null,"ACCOUNTS_RECE_TDAYS":20.183643799508,"INVENTORY_TDAYS":459.384232365145,"CURRENT_ASSETS_TDAYS":0.087024212656,"TOTAL_ASSETS_TDAYS":0.079774900456,"PREMIUM_EXPENSE":null,"LOAN_DEPOSIT":null,"LOAN_EQUITY":null,"LOAN_ASSETS":null,"DEPOSIT_EQUITY":null,"DEPOSIT_ASSETS":null,"EQUITY_MULTIPLIER":9.567604471697,"EQUITY_RATIO":8.584312413843},{"SECUCODE":"02598.HK","SECURITY_CODE":"02598","SECURITY_NAME_ABBR":"连连数字","ORG_CODE":"10939566","STD_REPORT_DATE":"2022-09-30 00:00:00","REPORT_DATE":"2022-09-30 00:00:00","DATE_TYPE_CODE":"004","REPORT_TYPE":"2022年三季报","PER_NETCASH_OPERATE":null,"PER_OI":null,"BPS":null,"BASIC_EPS":-0.64,"DILUTED_EPS":-0.64,"OPERATE_INCOME":532350000,"OPERATE_INCOME_YOY":null,"GROSS_PROFIT":341376000,"GROSS_PROFIT_YOY":null,"HOLDER_PROFIT":-648108000,"HOLDER_PROFIT_YOY":null,"GROSS_PROFIT_RATIO":64.126232741617,"EPS_TTM":-0.735726674288,"OPERATE_INCOME_QOQ":0,"NET_PROFIT_RATIO":-121.813656429,"ROE_AVG":null,"GROSS_PROFIT_QOQ":0,"ROA":null,"HOLDER_PROFIT_QOQ":0,"ROE_YEARLY":null,"ROIC_YEARLY":null,"TOTAL_ASSETS":null,"TOTAL_LIABILITIES":null,"TAX_EBT":-1.870019212311,"OCF_SALES":-7.971635202404,"TOTAL_PARENT_EQUITY":null,"DEBT_ASSET_RATIO":null,"OPERATE_PROFIT":-72386000,"PRETAX_PROFIT":-636571000,"NETCASH_OPERATE":-42437000,"NETCASH_INVEST":-515523000,"NETCASH_FINANCE":193648000,"END_CASH":511225000,"DIVI_RATIO":null,"DIVIDEND_RATE":null,"CURRENT_RATIO":null,"COMMON_ACS":null,"CURRENTDEBT_DEBT":null,"ISSUED_COMMON_SHARES":1079060000,"HK_COMMON_SHARES":418668764,"PER_SHARES":500,"TOTAL_MARKET_CAP":10164745200,"HKSK_MARKET_CAP":3943859756.88,"PE_TTM":-14.66244041178,"PB_TTM":9.985963326017,"REPORT_DATE_SQ":"2021-09-30 00:00:00","REPORT_TYPE_SQ":"2021年三季报","OPERATE_INCOME_SQ":null,"DPS_HKD":null,"OPERATE_INCOME_QOQ_SQ":0,"NET_PROFIT_RATIO_SQ":null,"HOLDER_PROFIT_SQ":null,"HOLDER_PROFIT_QOQ_SQ":0,"ROE_AVG_SQ":null,"PE_TTM_SQ":null,"PB_TTM_SQ":null,"ROA_SQ":null,"START_DATE":"2022-01-01 00:00:00","FISCAL_YEAR":"12-31","CURRENCY":"HKD","IS_CNY_CODE":0,"DPS_HKD_LY":null,"ORG_TYPE":"一般企业","PREMIUM_INCOME":null,"PREMIUM_INCOME_YOY":null,"NET_INTEREST_INCOME":null,"NET_INTEREST_INCOME_YOY":null,"FEE_COMMISSION_INCOME":null,"FEE_COMMISSION_INCOME_YOY":null,"ACCOUNTS_RECE_TDAYS":null,"INVENTORY_TDAYS":null,"CURRENT_ASSETS_TDAYS":0.140146578025,"TOTAL_ASSETS_TDAYS":0.1256271179,"PREMIUM_EXPENSE":null,"LOAN_DEPOSIT":null,"LOAN_EQUITY":null,"LOAN_ASSETS":null,"DEPOSIT_EQUITY":null,"DEPOSIT_ASSETS":null,"EQUITY_MULTIPLIER":null,"EQUITY_RATIO":null},{"SECUCODE":"02598.HK","SECURITY_CODE":"02598","SECURITY_NAME_ABBR":"连连数字","ORG_CODE":"10939566","STD_REPORT_DATE":"2021-12-31 00:00:00","REPORT_DATE":"2021-12-31 00:00:00","DATE_TYPE_CODE":"001","REPORT_TYPE":"2021年年报","PER_NETCASH_OPERATE":0.104252236982,"PER_OI":0.634281997714,"BPS":1.776999425426,"BASIC_EPS":-0.74,"DILUTED_EPS":-0.74,"OPERATE_INCOME":643644000,"OPERATE_INCOME_YOY":9.3698916911,"GROSS_PROFIT":439244000,"GROSS_PROFIT_YOY":16.125006939836,"HOLDER_PROFIT":-746586000,"HOLDER_PROFIT_YOY":-102.7890123561,"GROSS_PROFIT_RATIO":68.243314627341,"EPS_TTM":-0.735726674288,"OPERATE_INCOME_QOQ":9.369891691107,"NET_PROFIT_RATIO":-116.0324651515,"ROE_AVG":-33.193807944922,"GROSS_PROFIT_QOQ":16.125006939836,"ROA":-8.43632220078,"HOLDER_PROFIT_QOQ":-102.789012356074,"ROE_YEARLY":-33.193807944922,"ROIC_YEARLY":-9.617466656902,"TOTAL_ASSETS":8475081000,"TOTAL_LIABILITIES":6556772000,"TAX_EBT":-2.243274693682,"OCF_SALES":16.436259795788,"TOTAL_PARENT_EQUITY":1917489000,"DEBT_ASSET_RATIO":77.3653018774,"OPERATE_PROFIT":-65621000,"PRETAX_PROFIT":-730450000,"NETCASH_OPERATE":105791000,"NETCASH_INVEST":-528246000,"NETCASH_FINANCE":-6258000,"END_CASH":871460000,"DIVI_RATIO":null,"DIVIDEND_RATE":null,"CURRENT_RATIO":1.161277669791,"COMMON_ACS":null,"CURRENTDEBT_DEBT":99.774279172739,"ISSUED_COMMON_SHARES":1079060000,"HK_COMMON_SHARES":418668764,"PER_SHARES":500,"TOTAL_MARKET_CAP":10164745200,"HKSK_MARKET_CAP":3943859756.88,"PE_TTM":-14.66244041178,"PB_TTM":9.985963326017,"REPORT_DATE_SQ":"2020-12-31 00:00:00","REPORT_TYPE_SQ":"2020年年报","OPERATE_INCOME_SQ":588502000,"DPS_HKD":null,"OPERATE_INCOME_QOQ_SQ":null,"NET_PROFIT_RATIO_SQ":-62.6589204455,"HOLDER_PROFIT_SQ":-368159000,"HOLDER_PROFIT_QOQ_SQ":null,"ROE_AVG_SQ":-14.264995799843,"PE_TTM_SQ":null,"PB_TTM_SQ":null,"ROA_SQ":-3.991210986094,"START_DATE":"2021-01-01 00:00:00","FISCAL_YEAR":"12-31","CURRENCY":"HKD","IS_CNY_CODE":0,"DPS_HKD_LY":null,"ORG_TYPE":"一般企业","PREMIUM_INCOME":null,"PREMIUM_INCOME_YOY":null,"NET_INTEREST_INCOME":null,"NET_INTEREST_INCOME_YOY":null,"FEE_COMMISSION_INCOME":null,"FEE_COMMISSION_INCOME_YOY":null,"ACCOUNTS_RECE_TDAYS":26.251896565788,"INVENTORY_TDAYS":313.496932515337,"CURRENT_ASSETS_TDAYS":0.079267590928,"TOTAL_ASSETS_TDAYS":0.072730913339,"PREMIUM_EXPENSE":null,"LOAN_DEPOSIT":null,"LOAN_EQUITY":null,"LOAN_ASSETS":null,"DEPOSIT_EQUITY":null,"DEPOSIT_ASSETS":null,"EQUITY_MULTIPLIER":4.417995745221,"EQUITY_RATIO":3.419457425831},{"SECUCODE":"02598.HK","SECURITY_CODE":"02598","SECURITY_NAME_ABBR":"连连数字","ORG_CODE":"10939566","STD_REPORT_DATE":"2020-12-31 00:00:00","REPORT_DATE":"2020-12-31 00:00:00","DATE_TYPE_CODE":"001","REPORT_TYPE":"2020年年报","PER_NETCASH_OPERATE":-0.058326106666,"PER_OI":0.579942055264,"BPS":2.391763201305,"BASIC_EPS":-0.4,"DILUTED_EPS":-0.4,"OPERATE_INCOME":588502000,"OPERATE_INCOME_YOY":null,"GROSS_PROFIT":378251000,"GROSS_PROFIT_YOY":null,"HOLDER_PROFIT":-368159000,"HOLDER_PROFIT_YOY":null,"GROSS_PROFIT_RATIO":64.273528382232,"EPS_TTM":-0.362804012771,"OPERATE_INCOME_QOQ":null,"NET_PROFIT_RATIO":-62.6589204455,"ROE_AVG":-14.264995799843,"GROSS_PROFIT_QOQ":null,"ROA":-3.991210986094,"HOLDER_PROFIT_QOQ":null,"ROE_YEARLY":-14.264995799843,"ROIC_YEARLY":-4.646814154444,"TOTAL_ASSETS":9224243000,"TOTAL_LIABILITIES":6642446000,"TAX_EBT":-8.81371336841,"OCF_SALES":-10.057230051895,"TOTAL_PARENT_EQUITY":2580856000,"DEBT_ASSET_RATIO":72.0107438627,"OPERATE_PROFIT":-19606000,"PRETAX_PROFIT":-338881000,"NETCASH_OPERATE":-59187000,"NETCASH_INVEST":-367912000,"NETCASH_FINANCE":1299478000,"END_CASH":1300476000,"DIVI_RATIO":null,"DIVIDEND_RATE":null,"CURRENT_RATIO":1.303048290124,"COMMON_ACS":null,"CURRENTDEBT_DEBT":99.853307049843,"ISSUED_COMMON_SHARES":1079060000,"HK_COMMON_SHARES":418668764,"PER_SHARES":500,"TOTAL_MARKET_CAP":10164745200,"HKSK_MARKET_CAP":3943859756.88,"PE_TTM":-14.66244041178,"PB_TTM":9.985963326017,"REPORT_DATE_SQ":"2019-12-31 00:00:00","REPORT_TYPE_SQ":"2019年年报","OPERATE_INCOME_SQ":null,"DPS_HKD":null,"OPERATE_INCOME_QOQ_SQ":null,"NET_PROFIT_RATIO_SQ":null,"HOLDER_PROFIT_SQ":null,"HOLDER_PROFIT_QOQ_SQ":null,"ROE_AVG_SQ":null,"PE_TTM_SQ":null,"PB_TTM_SQ":null,"ROA_SQ":null,"START_DATE":"2020-01-01 00:00:00","FISCAL_YEAR":"12-31","CURRENCY":"HKD","IS_CNY_CODE":0,"DPS_HKD_LY":null,"ORG_TYPE":"一般企业","PREMIUM_INCOME":null,"PREMIUM_INCOME_YOY":null,"NET_INTEREST_INCOME":null,"NET_INTEREST_INCOME_YOY":null,"FEE_COMMISSION_INCOME":null,"FEE_COMMISSION_INCOME_YOY":null,"ACCOUNTS_RECE_TDAYS":36.64396014944,"INVENTORY_TDAYS":267.494910941476,"CURRENT_ASSETS_TDAYS":0.136184268607,"TOTAL_ASSETS_TDAYS":0.127598980209,"PREMIUM_EXPENSE":null,"LOAN_DEPOSIT":null,"LOAN_EQUITY":null,"LOAN_ASSETS":null,"DEPOSIT_EQUITY":null,"DEPOSIT_ASSETS":null,"EQUITY_MULTIPLIER":3.572799488113,"EQUITY_RATIO":2.573737550642}],"count":8},"success":true,"message":"ok","code":0}