{"version":"ba567cf5d02ba1c32c00d97559e0ebde","result":{"pages":4,"data":[{"SECUCODE":"02608.HK","SECURITY_CODE":"02608","SECURITY_NAME_ABBR":"阳光100中国","ORG_CODE":"10384702","STD_REPORT_DATE":"2024-06-30 00:00:00","REPORT_DATE":"2024-06-30 00:00:00","DATE_TYPE_CODE":"002","REPORT_TYPE":"2024年中报","PER_NETCASH_OPERATE":-0.082062120971,"PER_OI":0.632969160817,"BPS":-0.81627827802,"BASIC_EPS":-0.65,"DILUTED_EPS":-0.65,"OPERATE_INCOME":1614585000,"OPERATE_INCOME_YOY":42.0193213514,"GROSS_PROFIT":-245567000,"GROSS_PROFIT_YOY":-288.540914884142,"HOLDER_PROFIT":-1660708000,"HOLDER_PROFIT_YOY":-50.7352927829,"GROSS_PROFIT_RATIO":-15.209295267824,"EPS_TTM":-1.389663654865,"OPERATE_INCOME_QOQ":22.727026201534,"NET_PROFIT_RATIO":-103.8393766819,"ROE_AVG":132.744762713985,"GROSS_PROFIT_QOQ":-95.115802900957,"ROA":-3.306084792176,"HOLDER_PROFIT_QOQ":-18.720945810168,"ROE_YEARLY":265.489525427969,"ROIC_YEARLY":-6.849585646815,"TOTAL_ASSETS":49631959000,"TOTAL_LIABILITIES":50502356000,"TAX_EBT":-24.029227124974,"OCF_SALES":-12.964631778445,"TOTAL_PARENT_EQUITY":-2082172000,"DEBT_ASSET_RATIO":101.7537026898,"OPERATE_PROFIT":-653889000,"PRETAX_PROFIT":-1351758000,"NETCASH_OPERATE":-209325000,"NETCASH_INVEST":5504000,"NETCASH_FINANCE":-11416000,"END_CASH":413783000,"DIVI_RATIO":null,"DIVIDEND_RATE":null,"CURRENT_RATIO":0.788545076177,"COMMON_ACS":4000000000,"CURRENTDEBT_DEBT":89.446054754356,"ISSUED_COMMON_SHARES":2550811477,"HK_COMMON_SHARES":2550811477,"PER_SHARES":1000,"TOTAL_MARKET_CAP":43363795.109,"HKSK_MARKET_CAP":43363795.109,"PE_TTM":-0.01106385659,"PB_TTM":-0.019007684533,"REPORT_DATE_SQ":"2023-06-30 00:00:00","REPORT_TYPE_SQ":"2023年中报","OPERATE_INCOME_SQ":1136877000,"DPS_HKD":null,"OPERATE_INCOME_QOQ_SQ":-2.381352301695,"NET_PROFIT_RATIO_SQ":-99.6284558488,"HOLDER_PROFIT_SQ":-1101738000,"HOLDER_PROFIT_QOQ_SQ":-8.724981990289,"ROE_AVG_SQ":-54.835506619901,"PE_TTM_SQ":-0.034497892869,"PB_TTM_SQ":0.082120601719,"ROA_SQ":-2.107826279206,"START_DATE":"2024-01-01 00:00:00","FISCAL_YEAR":"12-31","CURRENCY":"HKD","IS_CNY_CODE":0,"DPS_HKD_LY":null,"ORG_TYPE":"一般企业","PREMIUM_INCOME":null,"PREMIUM_INCOME_YOY":null,"NET_INTEREST_INCOME":null,"NET_INTEREST_INCOME_YOY":null,"FEE_COMMISSION_INCOME":null,"FEE_COMMISSION_INCOME_YOY":null,"ACCOUNTS_RECE_TDAYS":0.227466200084,"INVENTORY_TDAYS":0.066886298287,"CURRENT_ASSETS_TDAYS":0.044700375962,"TOTAL_ASSETS_TDAYS":0.032142645873,"PREMIUM_EXPENSE":null,"LOAN_DEPOSIT":null,"LOAN_EQUITY":null,"LOAN_ASSETS":null,"DEPOSIT_EQUITY":null,"DEPOSIT_ASSETS":null,"EQUITY_MULTIPLIER":-57.022208257778,"EQUITY_RATIO":-24.254651392872},{"SECUCODE":"02608.HK","SECURITY_CODE":"02608","SECURITY_NAME_ABBR":"阳光100中国","ORG_CODE":"10384702","STD_REPORT_DATE":"2023-12-31 00:00:00","REPORT_DATE":"2023-12-31 00:00:00","DATE_TYPE_CODE":"001","REPORT_TYPE":"2023年年报","PER_NETCASH_OPERATE":0.154565323057,"PER_OI":0.824027184664,"BPS":-0.164628003201,"BASIC_EPS":-1.17,"DILUTED_EPS":-1.17,"OPERATE_INCOME":2101938000,"OPERATE_INCOME_YOY":-10.8445417181,"GROSS_PROFIT":395111000,"GROSS_PROFIT_YOY":-13.338217198957,"HOLDER_PROFIT":-2985800000,"HOLDER_PROFIT_YOY":5.6193143761,"GROSS_PROFIT_RATIO":18.797462151595,"EPS_TTM":-1.170529467553,"OPERATE_INCOME_QOQ":-8.669644187816,"NET_PROFIT_RATIO":-151.5669348953,"ROE_AVG":-279.327622918,"GROSS_PROFIT_QOQ":1.700625990981,"ROA":-5.785600073912,"HOLDER_PROFIT_QOQ":13.193192680992,"ROE_YEARLY":-279.327622918,"ROIC_YEARLY":-6.014383376291,"TOTAL_ASSETS":50831768000,"TOTAL_LIABILITIES":50024061000,"TAX_EBT":-24.685013930891,"OCF_SALES":18.757308731276,"TOTAL_PARENT_EQUITY":-419935000,"DEBT_ASSET_RATIO":98.4110192665,"OPERATE_PROFIT":-988562000,"PRETAX_PROFIT":-2555113000,"NETCASH_OPERATE":394267000,"NETCASH_INVEST":149033000,"NETCASH_FINANCE":-557356000,"END_CASH":629012000,"DIVI_RATIO":null,"DIVIDEND_RATE":null,"CURRENT_RATIO":0.85188496186,"COMMON_ACS":4000000000,"CURRENTDEBT_DEBT":85.93242959623,"ISSUED_COMMON_SHARES":2550811477,"HK_COMMON_SHARES":2550811477,"PER_SHARES":1000,"TOTAL_MARKET_CAP":63770286.925,"HKSK_MARKET_CAP":63770286.925,"PE_TTM":-0.016270377338,"PB_TTM":-0.027952477255,"REPORT_DATE_SQ":"2022-12-31 00:00:00","REPORT_TYPE_SQ":"2022年年报","OPERATE_INCOME_SQ":2357610000,"DPS_HKD":null,"OPERATE_INCOME_QOQ_SQ":-26.254237251024,"NET_PROFIT_RATIO_SQ":-140.6945593207,"HOLDER_PROFIT_SQ":-3163571000,"HOLDER_PROFIT_QOQ_SQ":23.558708662886,"ROE_AVG_SQ":-76.120490244898,"PE_TTM_SQ":-0.057496488116,"PB_TTM_SQ":0.136867669532,"ROA_SQ":-5.818650269336,"START_DATE":"2023-01-01 00:00:00","FISCAL_YEAR":"12-31","CURRENCY":"HKD","IS_CNY_CODE":0,"DPS_HKD_LY":null,"ORG_TYPE":"一般企业","PREMIUM_INCOME":null,"PREMIUM_INCOME_YOY":null,"NET_INTEREST_INCOME":null,"NET_INTEREST_INCOME_YOY":null,"FEE_COMMISSION_INCOME":null,"FEE_COMMISSION_INCOME_YOY":null,"ACCOUNTS_RECE_TDAYS":0.288456744519,"INVENTORY_TDAYS":0.060154368512,"CURRENT_ASSETS_TDAYS":0.056611685053,"TOTAL_ASSETS_TDAYS":0.040729361137,"PREMIUM_EXPENSE":null,"LOAN_DEPOSIT":null,"LOAN_EQUITY":null,"LOAN_ASSETS":null,"DEPOSIT_EQUITY":null,"DEPOSIT_ASSETS":null,"EQUITY_MULTIPLIER":62.933425114434,"EQUITY_RATIO":-119.123342898306},{"SECUCODE":"02608.HK","SECURITY_CODE":"02608","SECURITY_NAME_ABBR":"阳光100中国","ORG_CODE":"10384702","STD_REPORT_DATE":"2023-06-30 00:00:00","REPORT_DATE":"2023-06-30 00:00:00","DATE_TYPE_CODE":"002","REPORT_TYPE":"2023年中报","PER_NETCASH_OPERATE":0.011632376703,"PER_OI":0.445692286651,"BPS":0.572584455249,"BASIC_EPS":-0.43,"DILUTED_EPS":-0.43,"OPERATE_INCOME":1136877000,"OPERATE_INCOME_YOY":-4.7059563126,"GROSS_PROFIT":130246000,"GROSS_PROFIT_YOY":-34.107707484886,"HOLDER_PROFIT":-1101738000,"HOLDER_PROFIT_YOY":-33.4280389044,"GROSS_PROFIT_RATIO":11.456472424018,"EPS_TTM":-1.348430501828,"OPERATE_INCOME_QOQ":-2.381352301695,"NET_PROFIT_RATIO":-99.6284558488,"ROE_AVG":-54.835506619901,"GROSS_PROFIT_QOQ":-14.787365410387,"ROA":-2.107826279206,"HOLDER_PROFIT_QOQ":-8.724981990289,"ROE_YEARLY":-109.671013239802,"ROIC_YEARLY":-4.39271442187,"TOTAL_ASSETS":52154728000,"TOTAL_LIABILITIES":49296814000,"TAX_EBT":3.125646810891,"OCF_SALES":2.609956925859,"TOTAL_PARENT_EQUITY":1460555000,"DEBT_ASSET_RATIO":94.5203165473,"OPERATE_PROFIT":-289674000,"PRETAX_PROFIT":-1169198000,"NETCASH_OPERATE":29672000,"NETCASH_INVEST":141582000,"NETCASH_FINANCE":-66105000,"END_CASH":746786000,"DIVI_RATIO":null,"DIVIDEND_RATE":null,"CURRENT_RATIO":0.840782663584,"COMMON_ACS":4000000000,"CURRENTDEBT_DEBT":90.735303908281,"ISSUED_COMMON_SHARES":2550811477,"HK_COMMON_SHARES":2550811477,"PER_SHARES":1000,"TOTAL_MARKET_CAP":63770286.925,"HKSK_MARKET_CAP":63770286.925,"PE_TTM":-0.016270377338,"PB_TTM":-0.027952477255,"REPORT_DATE_SQ":"2022-06-30 00:00:00","REPORT_TYPE_SQ":"2022年中报","OPERATE_INCOME_SQ":1193020000,"DPS_HKD":null,"OPERATE_INCOME_QOQ_SQ":-40.78863462306,"NET_PROFIT_RATIO_SQ":-70.2283281085,"HOLDER_PROFIT_SQ":-825717000,"HOLDER_PROFIT_QOQ_SQ":-12.684053264153,"ROE_AVG_SQ":-15.474241923931,"PE_TTM_SQ":-0.057496488116,"PB_TTM_SQ":0.136867669532,"ROA_SQ":-1.463791945077,"START_DATE":"2023-01-01 00:00:00","FISCAL_YEAR":"12-31","CURRENCY":"HKD","IS_CNY_CODE":0,"DPS_HKD_LY":null,"ORG_TYPE":"一般企业","PREMIUM_INCOME":null,"PREMIUM_INCOME_YOY":null,"NET_INTEREST_INCOME":null,"NET_INTEREST_INCOME_YOY":null,"FEE_COMMISSION_INCOME":null,"FEE_COMMISSION_INCOME_YOY":null,"ACCOUNTS_RECE_TDAYS":0.151223858604,"INVENTORY_TDAYS":0.035269000269,"CURRENT_ASSETS_TDAYS":0.030217568101,"TOTAL_ASSETS_TDAYS":0.021750536124,"PREMIUM_EXPENSE":null,"LOAN_DEPOSIT":null,"LOAN_EQUITY":null,"LOAN_ASSETS":null,"DEPOSIT_EQUITY":null,"DEPOSIT_ASSETS":null,"EQUITY_MULTIPLIER":18.249229332896,"EQUITY_RATIO":33.752110670259},{"SECUCODE":"02608.HK","SECURITY_CODE":"02608","SECURITY_NAME_ABBR":"阳光100中国","ORG_CODE":"10384702","STD_REPORT_DATE":"2022-12-31 00:00:00","REPORT_DATE":"2022-12-31 00:00:00","DATE_TYPE_CODE":"001","REPORT_TYPE":"2022年年报","PER_NETCASH_OPERATE":0.157681586282,"PER_OI":0.924258817736,"BPS":1.002733060856,"BASIC_EPS":-1.24,"DILUTED_EPS":-1.24,"OPERATE_INCOME":2357610000,"OPERATE_INCOME_YOY":-56.3341269687,"GROSS_PROFIT":455923000,"GROSS_PROFIT_YOY":-39.61700651081,"HOLDER_PROFIT":-3163571000,"HOLDER_PROFIT_YOY":13.8628545539,"GROSS_PROFIT_RATIO":19.33835536836,"EPS_TTM":-1.240221407393,"OPERATE_INCOME_QOQ":-26.254237251024,"NET_PROFIT_RATIO":-140.6945593207,"ROE_AVG":-76.120490244898,"GROSS_PROFIT_QOQ":37.947800934331,"ROA":-5.818650269336,"HOLDER_PROFIT_QOQ":23.558708662886,"ROE_YEARLY":-76.120490244898,"ROIC_YEARLY":-6.08968566878,"TOTAL_ASSETS":52383109000,"TOTAL_LIABILITIES":48397052000,"TAX_EBT":-0.948364617314,"OCF_SALES":17.060328044079,"TOTAL_PARENT_EQUITY":2557783000,"DEBT_ASSET_RATIO":92.3905681123,"OPERATE_PROFIT":-1825307000,"PRETAX_PROFIT":-3285867000,"NETCASH_OPERATE":402216000,"NETCASH_INVEST":-382340000,"NETCASH_FINANCE":-578520000,"END_CASH":641300000,"DIVI_RATIO":null,"DIVIDEND_RATE":null,"CURRENT_RATIO":0.871291248568,"COMMON_ACS":4000000000,"CURRENTDEBT_DEBT":89.257909758636,"ISSUED_COMMON_SHARES":2550811477,"HK_COMMON_SHARES":2550811477,"PER_SHARES":1000,"TOTAL_MARKET_CAP":63770286.925,"HKSK_MARKET_CAP":63770286.925,"PE_TTM":-0.016270377338,"PB_TTM":-0.027952477255,"REPORT_DATE_SQ":"2021-12-31 00:00:00","REPORT_TYPE_SQ":"2021年年报","OPERATE_INCOME_SQ":5399205000,"DPS_HKD":null,"OPERATE_INCOME_QOQ_SQ":-2.832332658938,"NET_PROFIT_RATIO_SQ":-69.0833928328,"HOLDER_PROFIT_SQ":-3672714000,"HOLDER_PROFIT_QOQ_SQ":-4425.2161009963,"ROE_AVG_SQ":-48.524998662255,"PE_TTM_SQ":-0.057496488116,"PB_TTM_SQ":0.136867669532,"ROA_SQ":-6.261334795664,"START_DATE":"2022-01-01 00:00:00","FISCAL_YEAR":"12-31","CURRENCY":"HKD","IS_CNY_CODE":0,"DPS_HKD_LY":null,"ORG_TYPE":"一般企业","PREMIUM_INCOME":null,"PREMIUM_INCOME_YOY":null,"NET_INTEREST_INCOME":null,"NET_INTEREST_INCOME_YOY":null,"FEE_COMMISSION_INCOME":null,"FEE_COMMISSION_INCOME_YOY":null,"ACCOUNTS_RECE_TDAYS":0.321246643163,"INVENTORY_TDAYS":0.063394386753,"CURRENT_ASSETS_TDAYS":0.059973839907,"TOTAL_ASSETS_TDAYS":0.04336273174,"PREMIUM_EXPENSE":null,"LOAN_DEPOSIT":null,"LOAN_EQUITY":null,"LOAN_ASSETS":null,"DEPOSIT_EQUITY":null,"DEPOSIT_ASSETS":null,"EQUITY_MULTIPLIER":13.141585531719,"EQUITY_RATIO":18.921484738932},{"SECUCODE":"02608.HK","SECURITY_CODE":"02608","SECURITY_NAME_ABBR":"阳光100中国","ORG_CODE":"10384702","STD_REPORT_DATE":"2022-06-30 00:00:00","REPORT_DATE":"2022-06-30 00:00:00","DATE_TYPE_CODE":"002","REPORT_TYPE":"2022年中报","PER_NETCASH_OPERATE":0.042519802415,"PER_OI":0.467702145281,"BPS":1.927983327793,"BASIC_EPS":-0.32,"DILUTED_EPS":-0.32,"OPERATE_INCOME":1193020000,"OPERATE_INCOME_YOY":-64.8624179081,"GROSS_PROFIT":197665000,"GROSS_PROFIT_YOY":-68.231939866252,"HOLDER_PROFIT":-825717000,"HOLDER_PROFIT_YOY":-129.4499649872,"GROSS_PROFIT_RATIO":16.568456522104,"EPS_TTM":-1.622449576269,"OPERATE_INCOME_QOQ":-40.78863462306,"NET_PROFIT_RATIO":-70.2283281085,"ROE_AVG":-15.474241923931,"GROSS_PROFIT_QOQ":-56.227650545923,"ROA":-1.463791945077,"HOLDER_PROFIT_QOQ":-12.684053264153,"ROE_YEARLY":-30.948483847863,"ROIC_YEARLY":-3.07296166856,"TOTAL_ASSETS":56463013000,"TOTAL_LIABILITIES":49976159000,"TAX_EBT":0.373848667391,"OCF_SALES":9.091213894151,"TOTAL_PARENT_EQUITY":4917922000,"DEBT_ASSET_RATIO":88.511321562,"OPERATE_PROFIT":-93487000,"PRETAX_PROFIT":-840982000,"NETCASH_OPERATE":108460000,"NETCASH_INVEST":41806000,"NETCASH_FINANCE":-344477000,"END_CASH":998278000,"DIVI_RATIO":null,"DIVIDEND_RATE":null,"CURRENT_RATIO":1.011544053433,"COMMON_ACS":4000000000,"CURRENTDEBT_DEBT":81.957098783842,"ISSUED_COMMON_SHARES":2550811477,"HK_COMMON_SHARES":2550811477,"PER_SHARES":1000,"TOTAL_MARKET_CAP":63770286.925,"HKSK_MARKET_CAP":63770286.925,"PE_TTM":-0.016270377338,"PB_TTM":-0.027952477255,"REPORT_DATE_SQ":"2021-06-30 00:00:00","REPORT_TYPE_SQ":"2021年中报","OPERATE_INCOME_SQ":3395282000,"DPS_HKD":null,"OPERATE_INCOME_QOQ_SQ":-3.52633439427,"NET_PROFIT_RATIO_SQ":-8.1785842825,"HOLDER_PROFIT_SQ":-359868000,"HOLDER_PROFIT_QOQ_SQ":-80.61483531034,"ROE_AVG_SQ":-3.909821014989,"PE_TTM_SQ":-0.057496488116,"PB_TTM_SQ":0.136867669532,"ROA_SQ":-0.60221734422,"START_DATE":"2022-01-01 00:00:00","FISCAL_YEAR":"12-31","CURRENCY":"HKD","IS_CNY_CODE":0,"DPS_HKD_LY":null,"ORG_TYPE":"一般企业","PREMIUM_INCOME":null,"PREMIUM_INCOME_YOY":null,"NET_INTEREST_INCOME":null,"NET_INTEREST_INCOME_YOY":null,"FEE_COMMISSION_INCOME":null,"FEE_COMMISSION_INCOME_YOY":null,"ACCOUNTS_RECE_TDAYS":0.163784458598,"INVENTORY_TDAYS":0.031398304074,"CURRENT_ASSETS_TDAYS":0.028951557079,"TOTAL_ASSETS_TDAYS":0.021149292873,"PREMIUM_EXPENSE":null,"LOAN_DEPOSIT":null,"LOAN_EQUITY":null,"LOAN_ASSETS":null,"DEPOSIT_EQUITY":null,"DEPOSIT_ASSETS":null,"EQUITY_MULTIPLIER":8.704221337525,"EQUITY_RATIO":10.162047913733},{"SECUCODE":"02608.HK","SECURITY_CODE":"02608","SECURITY_NAME_ABBR":"阳光100中国","ORG_CODE":"10384702","STD_REPORT_DATE":"2021-12-31 00:00:00","REPORT_DATE":"2021-12-31 00:00:00","DATE_TYPE_CODE":"001","REPORT_TYPE":"2021年年报","PER_NETCASH_OPERATE":0.12269115253,"PER_OI":2.116661716745,"BPS":2.255841347698,"BASIC_EPS":-1.44,"DILUTED_EPS":-1.44,"OPERATE_INCOME":5399205000,"OPERATE_INCOME_YOY":-6.2587895325,"GROSS_PROFIT":755052000,"GROSS_PROFIT_YOY":-50.639872391611,"HOLDER_PROFIT":-3672714000,"HOLDER_PROFIT_YOY":-938.4502643618,"GROSS_PROFIT_RATIO":13.984503274093,"EPS_TTM":-1.439821810869,"OPERATE_INCOME_QOQ":-2.832332658938,"NET_PROFIT_RATIO":-69.0833928328,"ROE_AVG":-48.524998662255,"GROSS_PROFIT_QOQ":-22.385230566806,"ROA":-6.261334795664,"HOLDER_PROFIT_QOQ":-4425.2161009963,"ROE_YEARLY":-48.524998662255,"ROIC_YEARLY":-6.758432707635,"TOTAL_ASSETS":56355889000,"TOTAL_LIABILITIES":49020763000,"TAX_EBT":1.688423313257,"OCF_SALES":5.796445958248,"TOTAL_PARENT_EQUITY":5754226000,"DEBT_ASSET_RATIO":86.9842777212,"OPERATE_PROFIT":-2654215000,"PRETAX_PROFIT":-3794013000,"NETCASH_OPERATE":312962000,"NETCASH_INVEST":728782000,"NETCASH_FINANCE":-2983080000,"END_CASH":1189204000,"DIVI_RATIO":null,"DIVIDEND_RATE":null,"CURRENT_RATIO":1.116970092489,"COMMON_ACS":4000000000,"CURRENTDEBT_DEBT":74.848457581127,"ISSUED_COMMON_SHARES":2550811477,"HK_COMMON_SHARES":2550811477,"PER_SHARES":1000,"TOTAL_MARKET_CAP":63770286.925,"HKSK_MARKET_CAP":63770286.925,"PE_TTM":-0.016270377338,"PB_TTM":-0.027952477255,"REPORT_DATE_SQ":"2020-12-31 00:00:00","REPORT_TYPE_SQ":"2020年年报","OPERATE_INCOME_SQ":5759692000,"DPS_HKD":null,"OPERATE_INCOME_QOQ_SQ":-30.542437101969,"NET_PROFIT_RATIO_SQ":22.2920079754,"HOLDER_PROFIT_SQ":438036000,"HOLDER_PROFIT_QOQ_SQ":-70.166298997656,"ROE_AVG_SQ":4.722783530786,"PE_TTM_SQ":-0.057496488116,"PB_TTM_SQ":0.136867669532,"ROA_SQ":0.734012584366,"START_DATE":"2021-01-01 00:00:00","FISCAL_YEAR":"12-31","CURRENCY":"HKD","IS_CNY_CODE":0,"DPS_HKD_LY":null,"ORG_TYPE":"一般企业","PREMIUM_INCOME":null,"PREMIUM_INCOME_YOY":null,"NET_INTEREST_INCOME":null,"NET_INTEREST_INCOME_YOY":null,"FEE_COMMISSION_INCOME":null,"FEE_COMMISSION_INCOME_YOY":null,"ACCOUNTS_RECE_TDAYS":0.687609014812,"INVENTORY_TDAYS":0.146228973016,"CURRENT_ASSETS_TDAYS":0.126007930357,"TOTAL_ASSETS_TDAYS":0.092046998855,"PREMIUM_EXPENSE":null,"LOAN_DEPOSIT":null,"LOAN_EQUITY":null,"LOAN_ASSETS":null,"DEPOSIT_EQUITY":null,"DEPOSIT_ASSETS":null,"EQUITY_MULTIPLIER":7.683015806421,"EQUITY_RATIO":8.51908892699},{"SECUCODE":"02608.HK","SECURITY_CODE":"02608","SECURITY_NAME_ABBR":"阳光100中国","ORG_CODE":"10384702","STD_REPORT_DATE":"2021-06-30 00:00:00","REPORT_DATE":"2021-06-30 00:00:00","DATE_TYPE_CODE":"002","REPORT_TYPE":"2021年中报","PER_NETCASH_OPERATE":0.295343268914,"PER_OI":1.33105955913,"BPS":3.5381795485,"BASIC_EPS":-0.14,"DILUTED_EPS":-0.14,"OPERATE_INCOME":3395282000,"OPERATE_INCOME_YOY":-5.6443607526,"GROSS_PROFIT":622213000,"GROSS_PROFIT_YOY":-47.228627913624,"HOLDER_PROFIT":-359868000,"HOLDER_PROFIT_YOY":-5234.5389860658,"GROSS_PROFIT_RATIO":18.325812112219,"EPS_TTM":0.033289014404,"OPERATE_INCOME_QOQ":-3.52633439427,"NET_PROFIT_RATIO":-8.1785842825,"ROE_AVG":-3.909821014989,"GROSS_PROFIT_QOQ":-36.403692275509,"ROA":-0.60221734422,"HOLDER_PROFIT_QOQ":-80.61483531034,"ROE_YEARLY":-7.819642029978,"ROIC_YEARLY":-1.313781739033,"TOTAL_ASSETS":58556124000,"TOTAL_LIABILITIES":46754332000,"TAX_EBT":-148.791370258211,"OCF_SALES":22.188584041031,"TOTAL_PARENT_EQUITY":9025229000,"DEBT_ASSET_RATIO":79.845332659,"OPERATE_PROFIT":44580000,"PRETAX_PROFIT":-111614000,"NETCASH_OPERATE":753365000,"NETCASH_INVEST":-219386000,"NETCASH_FINANCE":-2286962000,"END_CASH":1312094000,"DIVI_RATIO":null,"DIVIDEND_RATE":null,"CURRENT_RATIO":1.403774535645,"COMMON_ACS":4000000000,"CURRENTDEBT_DEBT":64.62038426728,"ISSUED_COMMON_SHARES":2550811477,"HK_COMMON_SHARES":2550811477,"PER_SHARES":1000,"TOTAL_MARKET_CAP":63770286.925,"HKSK_MARKET_CAP":63770286.925,"PE_TTM":-0.016270377338,"PB_TTM":-0.027952477255,"REPORT_DATE_SQ":"2020-06-30 00:00:00","REPORT_TYPE_SQ":"2020年中报","OPERATE_INCOME_SQ":3598388000,"DPS_HKD":null,"OPERATE_INCOME_QOQ_SQ":0.045146084138,"NET_PROFIT_RATIO_SQ":7.2239291594,"HOLDER_PROFIT_SQ":-6746000,"HOLDER_PROFIT_QOQ_SQ":-18.647492729156,"ROE_AVG_SQ":-0.073648551536,"PE_TTM_SQ":-0.057496488116,"PB_TTM_SQ":0.136867669532,"ROA_SQ":-0.011496921604,"START_DATE":"2021-01-01 00:00:00","FISCAL_YEAR":"12-31","CURRENCY":"HKD","IS_CNY_CODE":0,"DPS_HKD_LY":null,"ORG_TYPE":"一般企业","PREMIUM_INCOME":null,"PREMIUM_INCOME_YOY":null,"NET_INTEREST_INCOME":null,"NET_INTEREST_INCOME_YOY":null,"FEE_COMMISSION_INCOME":null,"FEE_COMMISSION_INCOME_YOY":null,"ACCOUNTS_RECE_TDAYS":0.450613779222,"INVENTORY_TDAYS":0.08786081166,"CURRENT_ASSETS_TDAYS":0.077940292938,"TOTAL_ASSETS_TDAYS":0.056817991845,"PREMIUM_EXPENSE":null,"LOAN_DEPOSIT":null,"LOAN_EQUITY":null,"LOAN_ASSETS":null,"DEPOSIT_EQUITY":null,"DEPOSIT_ASSETS":null,"EQUITY_MULTIPLIER":4.961629894857,"EQUITY_RATIO":5.180403954293},{"SECUCODE":"02608.HK","SECURITY_CODE":"02608","SECURITY_NAME_ABBR":"阳光100中国","ORG_CODE":"10384702","STD_REPORT_DATE":"2020-12-31 00:00:00","REPORT_DATE":"2020-12-31 00:00:00","DATE_TYPE_CODE":"001","REPORT_TYPE":"2020年年报","PER_NETCASH_OPERATE":0.533795064841,"PER_OI":2.256664245417,"BPS":3.678509401657,"BASIC_EPS":0.17,"DILUTED_EPS":0.14,"OPERATE_INCOME":5759692000,"OPERATE_INCOME_YOY":-30.5110797322,"GROSS_PROFIT":1529680000,"GROSS_PROFIT_YOY":-27.158788963915,"HOLDER_PROFIT":438036000,"HOLDER_PROFIT_YOY":-75.7295362229,"GROSS_PROFIT_RATIO":26.558364579217,"EPS_TTM":0.171623791586,"OPERATE_INCOME_QOQ":-30.542437101969,"NET_PROFIT_RATIO":22.2920079754,"ROE_AVG":4.722783530786,"GROSS_PROFIT_QOQ":-38.021909988987,"ROA":0.734012584366,"HOLDER_PROFIT_QOQ":-70.166298997656,"ROE_YEARLY":4.722783530786,"ROIC_YEARLY":0.807625079919,"TOTAL_ASSETS":61284447000,"TOTAL_LIABILITIES":49114431000,"TAX_EBT":29.884720401922,"OCF_SALES":23.654164146277,"TOTAL_PARENT_EQUITY":9383184000,"DEBT_ASSET_RATIO":80.0354741434,"OPERATE_PROFIT":1996754000,"PRETAX_PROFIT":1831200000,"NETCASH_OPERATE":1362407000,"NETCASH_INVEST":991928000,"NETCASH_FINANCE":-1691786000,"END_CASH":3071779000,"DIVI_RATIO":null,"DIVIDEND_RATE":null,"CURRENT_RATIO":1.420504605476,"COMMON_ACS":4000000000,"CURRENTDEBT_DEBT":64.753334921054,"ISSUED_COMMON_SHARES":2550811477,"HK_COMMON_SHARES":2550811477,"PER_SHARES":1000,"TOTAL_MARKET_CAP":63770286.925,"HKSK_MARKET_CAP":63770286.925,"PE_TTM":-0.016270377338,"PB_TTM":-0.027952477255,"REPORT_DATE_SQ":"2019-12-31 00:00:00","REPORT_TYPE_SQ":"2019年年报","OPERATE_INCOME_SQ":8288648000,"DPS_HKD":null,"OPERATE_INCOME_QOQ_SQ":10.964580058407,"NET_PROFIT_RATIO_SQ":38.7893055659,"HOLDER_PROFIT_SQ":1804811000,"HOLDER_PROFIT_QOQ_SQ":15788.5518080668,"ROE_AVG_SQ":21.69039860792,"PE_TTM_SQ":-0.057496488116,"PB_TTM_SQ":0.136867669532,"ROA_SQ":3.011839906399,"START_DATE":"2020-01-01 00:00:00","FISCAL_YEAR":"12-31","CURRENCY":"HKD","IS_CNY_CODE":0,"DPS_HKD_LY":0.1,"ORG_TYPE":"一般企业","PREMIUM_INCOME":null,"PREMIUM_INCOME_YOY":null,"NET_INTEREST_INCOME":null,"NET_INTEREST_INCOME_YOY":null,"FEE_COMMISSION_INCOME":null,"FEE_COMMISSION_INCOME_YOY":null,"ACCOUNTS_RECE_TDAYS":0.679641793102,"INVENTORY_TDAYS":0.136544385491,"CURRENT_ASSETS_TDAYS":0.131792589474,"TOTAL_ASSETS_TDAYS":0.096514588072,"PREMIUM_EXPENSE":null,"LOAN_DEPOSIT":null,"LOAN_EQUITY":null,"LOAN_ASSETS":null,"DEPOSIT_EQUITY":null,"DEPOSIT_ASSETS":null,"EQUITY_MULTIPLIER":5.008884293986,"EQUITY_RATIO":5.234303302589},{"SECUCODE":"02608.HK","SECURITY_CODE":"02608","SECURITY_NAME_ABBR":"阳光100中国","ORG_CODE":"10384702","STD_REPORT_DATE":"2020-06-30 00:00:00","REPORT_DATE":"2020-06-30 00:00:00","DATE_TYPE_CODE":"002","REPORT_TYPE":"2020年中报","PER_NETCASH_OPERATE":0.16260566337,"PER_OI":1.409858989116,"BPS":3.588157369734,"BASIC_EPS":-0.003,"DILUTED_EPS":-0.003,"OPERATE_INCOME":3598388000,"OPERATE_INCOME_YOY":0.1040992632,"GROSS_PROFIT":1179073000,"GROSS_PROFIT_YOY":45.385976485675,"HOLDER_PROFIT":-6746000,"HOLDER_PROFIT_YOY":-102.0454448979,"GROSS_PROFIT_RATIO":32.766699977879,"EPS_TTM":0.575268189395,"OPERATE_INCOME_QOQ":0.045146084138,"NET_PROFIT_RATIO":7.2239291594,"ROE_AVG":-0.073648551536,"GROSS_PROFIT_QOQ":17.527356882315,"ROA":-0.011496921604,"HOLDER_PROFIT_QOQ":-18.647492729156,"ROE_YEARLY":-0.147297103071,"ROIC_YEARLY":-0.02530597948,"TOTAL_ASSETS":58957543000,"TOTAL_LIABILITIES":46959183000,"TAX_EBT":57.737880398909,"OCF_SALES":11.533469987117,"TOTAL_PARENT_EQUITY":9152713000,"DEBT_ASSET_RATIO":79.6491519329,"OPERATE_PROFIT":707858000,"PRETAX_PROFIT":615078000,"NETCASH_OPERATE":415019000,"NETCASH_INVEST":907169000,"NETCASH_FINANCE":-891093000,"END_CASH":2856466000,"DIVI_RATIO":null,"DIVIDEND_RATE":null,"CURRENT_RATIO":1.49346730744,"COMMON_ACS":4000000000,"CURRENTDEBT_DEBT":61.402535474265,"ISSUED_COMMON_SHARES":2550811477,"HK_COMMON_SHARES":2550811477,"PER_SHARES":1000,"TOTAL_MARKET_CAP":63770286.925,"HKSK_MARKET_CAP":63770286.925,"PE_TTM":-0.016270377338,"PB_TTM":-0.027952477255,"REPORT_DATE_SQ":"2019-06-30 00:00:00","REPORT_TYPE_SQ":"2019年中报","OPERATE_INCOME_SQ":3594646000,"DPS_HKD":null,"OPERATE_INCOME_QOQ_SQ":-1.444196936018,"NET_PROFIT_RATIO_SQ":22.0636746984,"HOLDER_PROFIT_SQ":329806000,"HOLDER_PROFIT_QOQ_SQ":61.594444815384,"ROE_AVG_SQ":4.337582741206,"PE_TTM_SQ":-0.057496488116,"PB_TTM_SQ":0.136867669532,"ROA_SQ":0.54796963167,"START_DATE":"2020-01-01 00:00:00","FISCAL_YEAR":"12-31","CURRENCY":"HKD","IS_CNY_CODE":0,"DPS_HKD_LY":0.1,"ORG_TYPE":"一般企业","PREMIUM_INCOME":null,"PREMIUM_INCOME_YOY":null,"NET_INTEREST_INCOME":null,"NET_INTEREST_INCOME_YOY":null,"FEE_COMMISSION_INCOME":null,"FEE_COMMISSION_INCOME_YOY":null,"ACCOUNTS_RECE_TDAYS":0.470971155473,"INVENTORY_TDAYS":0.079186670576,"CURRENT_ASSETS_TDAYS":0.083922499981,"TOTAL_ASSETS_TDAYS":0.061325800083,"PREMIUM_EXPENSE":null,"LOAN_DEPOSIT":null,"LOAN_EQUITY":null,"LOAN_ASSETS":null,"DEPOSIT_EQUITY":null,"DEPOSIT_ASSETS":null,"EQUITY_MULTIPLIER":4.913800136008,"EQUITY_RATIO":5.130629901757}],"count":28},"success":true,"message":"ok","code":0}