{"version":"02e0859486e2cac3b8a6a698fe20c5d2","result":{"pages":7,"data":[{"SECUCODE":"02601.HK","SECURITY_CODE":"02601","SECURITY_NAME_ABBR":"中国太保","ORG_CODE":"10009954","STD_REPORT_DATE":"2024-09-30 00:00:00","REPORT_DATE":"2024-09-30 00:00:00","DATE_TYPE_CODE":"004","REPORT_TYPE":"2024年三季报","PER_NETCASH_OPERATE":13.382789020767,"PER_OI":32.282014256219,"BPS":28.412089246369,"BASIC_EPS":3.98,"DILUTED_EPS":3.98,"OPERATE_INCOME":310564000000,"OPERATE_INCOME_YOY":21.3491399858,"GROSS_PROFIT":null,"GROSS_PROFIT_YOY":null,"HOLDER_PROFIT":38310000000,"HOLDER_PROFIT_YOY":65.4931098536,"GROSS_PROFIT_RATIO":null,"EPS_TTM":4.409199007999,"OPERATE_INCOME_QOQ":10.361182369403,"NET_PROFIT_RATIO":12.7055936941,"ROE_AVG":14.652336877534,"GROSS_PROFIT_QOQ":null,"ROA":1.523738158067,"HOLDER_PROFIT_QOQ":24.550019085651,"ROE_YEARLY":19.536449170045,"ROIC_YEARLY":1.559190637205,"TOTAL_ASSETS":2684461000000,"TOTAL_LIABILITIES":2384487000000,"TAX_EBT":11.156392128608,"OCF_SALES":41.455867389652,"TOTAL_PARENT_EQUITY":273334000000,"DEBT_ASSET_RATIO":88.8255407696,"OPERATE_PROFIT":44487000000,"PRETAX_PROFIT":44414000000,"NETCASH_OPERATE":128747000000,"NETCASH_INVEST":-127299000000,"NETCASH_FINANCE":24031000000,"END_CASH":59155000000,"DIVI_RATIO":0.230488678042,"DIVIDEND_RATE":4.614975308642,"CURRENT_RATIO":null,"COMMON_ACS":null,"CURRENTDEBT_DEBT":null,"ISSUED_COMMON_SHARES":9620341455,"HK_COMMON_SHARES":2775300000,"PER_SHARES":200,"TOTAL_MARKET_CAP":233774297356.5,"HKSK_MARKET_CAP":67439790000,"PE_TTM":4.938937115617,"PB_TTM":0.771273693039,"REPORT_DATE_SQ":"2023-09-30 00:00:00","REPORT_TYPE_SQ":"2023年三季报","OPERATE_INCOME_SQ":255926000000,"DPS_HKD":1.121439,"OPERATE_INCOME_QOQ_SQ":-1.770181137808,"NET_PROFIT_RATIO_SQ":9.2526746013,"HOLDER_PROFIT_SQ":23149000000,"HOLDER_PROFIT_QOQ_SQ":-25.040451305375,"ROE_AVG_SQ":10.643291792817,"PE_TTM_SQ":7.859191974436,"PB_TTM_SQ":0.572193314388,"ROA_SQ":1.043292656683,"START_DATE":"2024-01-01 00:00:00","FISCAL_YEAR":"12-31","CURRENCY":"HKD","IS_CNY_CODE":0,"DPS_HKD_LY":1.121439,"ORG_TYPE":"保险","PREMIUM_INCOME":null,"PREMIUM_INCOME_YOY":null,"NET_INTEREST_INCOME":null,"NET_INTEREST_INCOME_YOY":null,"FEE_COMMISSION_INCOME":null,"FEE_COMMISSION_INCOME_YOY":null,"ACCOUNTS_RECE_TDAYS":null,"INVENTORY_TDAYS":null,"CURRENT_ASSETS_TDAYS":null,"TOTAL_ASSETS_TDAYS":0.106898325777,"PREMIUM_EXPENSE":null,"LOAN_DEPOSIT":null,"LOAN_EQUITY":null,"LOAN_ASSETS":null,"DEPOSIT_EQUITY":null,"DEPOSIT_ASSETS":null,"EQUITY_MULTIPLIER":8.948978911476,"EQUITY_RATIO":8.723711649484},{"SECUCODE":"02601.HK","SECURITY_CODE":"02601","SECURITY_NAME_ABBR":"中国太保","ORG_CODE":"10009954","STD_REPORT_DATE":"2024-06-30 00:00:00","REPORT_DATE":"2024-06-30 00:00:00","DATE_TYPE_CODE":"002","REPORT_TYPE":"2024年中报","PER_NETCASH_OPERATE":9.347381319118,"PER_OI":20.231506429415,"BPS":27.785916045742,"BASIC_EPS":2.61,"DILUTED_EPS":2.61,"OPERATE_INCOME":194634000000,"OPERATE_INCOME_YOY":10.8779245638,"GROSS_PROFIT":null,"GROSS_PROFIT_YOY":null,"HOLDER_PROFIT":25132000000,"HOLDER_PROFIT_YOY":37.0936068078,"GROSS_PROFIT_RATIO":null,"EPS_TTM":3.540103036811,"OPERATE_INCOME_QOQ":5.554991430426,"NET_PROFIT_RATIO":13.2854485856,"ROE_AVG":9.724199839039,"GROSS_PROFIT_QOQ":null,"ROA":1.026330028893,"HOLDER_PROFIT_QOQ":24.341000365097,"ROE_YEARLY":19.448399678078,"ROIC_YEARLY":2.10335893416,"TOTAL_ASSETS":2553488000000,"TOTAL_LIABILITIES":2259832000000,"TAX_EBT":12.032658615411,"OCF_SALES":46.202102407596,"TOTAL_PARENT_EQUITY":267310000000,"DEBT_ASSET_RATIO":88.4998088889,"OPERATE_PROFIT":29447000000,"PRETAX_PROFIT":29395000000,"NETCASH_OPERATE":89925000000,"NETCASH_INVEST":-41786000000,"NETCASH_FINANCE":-17971000000,"END_CASH":63947000000,"DIVI_RATIO":0.287073692492,"DIVIDEND_RATE":4.450154761905,"CURRENT_RATIO":null,"COMMON_ACS":null,"CURRENTDEBT_DEBT":null,"ISSUED_COMMON_SHARES":9620341455,"HK_COMMON_SHARES":2775300000,"PER_SHARES":200,"TOTAL_MARKET_CAP":242432604666,"HKSK_MARKET_CAP":69937560000,"PE_TTM":5.121860712492,"PB_TTM":0.799839385374,"REPORT_DATE_SQ":"2023-06-30 00:00:00","REPORT_TYPE_SQ":"2023年中报","OPERATE_INCOME_SQ":175539000000,"DPS_HKD":1.121439,"OPERATE_INCOME_QOQ_SQ":-0.987040577863,"NET_PROFIT_RATIO_SQ":10.6796780203,"HOLDER_PROFIT_SQ":18332000000,"HOLDER_PROFIT_QOQ_SQ":-15.644828095027,"ROE_AVG_SQ":8.342833477827,"PE_TTM_SQ":7.747353537543,"PB_TTM_SQ":0.564050848077,"ROA_SQ":0.837247368873,"START_DATE":"2024-01-01 00:00:00","FISCAL_YEAR":"12-31","CURRENCY":"HKD","IS_CNY_CODE":0,"DPS_HKD_LY":1.121439,"ORG_TYPE":"保险","PREMIUM_INCOME":null,"PREMIUM_INCOME_YOY":null,"NET_INTEREST_INCOME":null,"NET_INTEREST_INCOME_YOY":null,"FEE_COMMISSION_INCOME":null,"FEE_COMMISSION_INCOME_YOY":null,"ACCOUNTS_RECE_TDAYS":null,"INVENTORY_TDAYS":null,"CURRENT_ASSETS_TDAYS":null,"TOTAL_ASSETS_TDAYS":0.068143625764,"PREMIUM_EXPENSE":null,"LOAN_DEPOSIT":null,"LOAN_EQUITY":null,"LOAN_ASSETS":null,"DEPOSIT_EQUITY":null,"DEPOSIT_ASSETS":null,"EQUITY_MULTIPLIER":8.695507668866,"EQUITY_RATIO":8.453974785829},{"SECUCODE":"02601.HK","SECURITY_CODE":"02601","SECURITY_NAME_ABBR":"中国太保","ORG_CODE":"10009954","STD_REPORT_DATE":"2024-03-31 00:00:00","REPORT_DATE":"2024-03-31 00:00:00","DATE_TYPE_CODE":"003","REPORT_TYPE":"2024年一季报","PER_NETCASH_OPERATE":5.185574777501,"PER_OI":9.919398437818,"BPS":26.806221089582,"BASIC_EPS":1.22,"DILUTED_EPS":1.22,"OPERATE_INCOME":95428000000,"OPERATE_INCOME_YOY":1.1039772848,"GROSS_PROFIT":null,"GROSS_PROFIT_YOY":null,"HOLDER_PROFIT":11759000000,"HOLDER_PROFIT_YOY":1.143987614,"GROSS_PROFIT_RATIO":null,"EPS_TTM":2.847092291695,"OPERATE_INCOME_QOQ":0.321659540971,"NET_PROFIT_RATIO":12.6671417194,"ROE_AVG":4.63435349015,"GROSS_PROFIT_QOQ":null,"ROA":0.491455121337,"HOLDER_PROFIT_QOQ":0.487948050042,"ROE_YEARLY":18.537413960601,"ROIC_YEARLY":2.012364860283,"TOTAL_ASSETS":2441419000000,"TOTAL_LIABILITIES":2165148000000,"TAX_EBT":13.946038299993,"OCF_SALES":52.277109443769,"TOTAL_PARENT_EQUITY":257885000000,"DEBT_ASSET_RATIO":88.6839989367,"OPERATE_PROFIT":14072000000,"PRETAX_PROFIT":14047000000,"NETCASH_OPERATE":49887000000,"NETCASH_INVEST":617000000,"NETCASH_FINANCE":-27721000000,"END_CASH":56532000000,"DIVI_RATIO":0.35695030103,"DIVIDEND_RATE":4.929402197802,"CURRENT_RATIO":null,"COMMON_ACS":null,"CURRENTDEBT_DEBT":null,"ISSUED_COMMON_SHARES":9620341455,"HK_COMMON_SHARES":2775300000,"PER_SHARES":200,"TOTAL_MARKET_CAP":218862768101.25,"HKSK_MARKET_CAP":63138075000,"PE_TTM":4.62390203211,"PB_TTM":0.722077222907,"REPORT_DATE_SQ":"2023-03-31 00:00:00","REPORT_TYPE_SQ":"2023年一季报","OPERATE_INCOME_SQ":94386000000,"DPS_HKD":1.121439,"OPERATE_INCOME_QOQ_SQ":3.366039194329,"NET_PROFIT_RATIO_SQ":12.5950882546,"HOLDER_PROFIT_SQ":11626000000,"HOLDER_PROFIT_QOQ_SQ":10.154821406802,"ROE_AVG_SQ":5.22624902227,"PE_TTM_SQ":7.452506749368,"PB_TTM_SQ":0.542584345985,"ROA_SQ":0.535954744878,"START_DATE":"2024-01-01 00:00:00","FISCAL_YEAR":"12-31","CURRENCY":"HKD","IS_CNY_CODE":0,"DPS_HKD_LY":1.121439,"ORG_TYPE":"保险","PREMIUM_INCOME":null,"PREMIUM_INCOME_YOY":null,"NET_INTEREST_INCOME":null,"NET_INTEREST_INCOME_YOY":null,"FEE_COMMISSION_INCOME":null,"FEE_COMMISSION_INCOME_YOY":null,"ACCOUNTS_RECE_TDAYS":null,"INVENTORY_TDAYS":null,"CURRENT_ASSETS_TDAYS":null,"TOTAL_ASSETS_TDAYS":0.034042012538,"PREMIUM_EXPENSE":null,"LOAN_DEPOSIT":null,"LOAN_EQUITY":null,"LOAN_ASSETS":null,"DEPOSIT_EQUITY":null,"DEPOSIT_ASSETS":null,"EQUITY_MULTIPLIER":8.837044061821,"EQUITY_RATIO":8.395788820598},{"SECUCODE":"02601.HK","SECURITY_CODE":"02601","SECURITY_NAME_ABBR":"中国太保","ORG_CODE":"10009954","STD_REPORT_DATE":"2023-12-31 00:00:00","REPORT_DATE":"2023-12-31 00:00:00","DATE_TYPE_CODE":"001","REPORT_TYPE":"2023年年报","PER_NETCASH_OPERATE":14.330364534863,"PER_OI":33.67292122793,"BPS":25.943569796089,"BASIC_EPS":2.83,"DILUTED_EPS":2.83,"OPERATE_INCOME":323945000000,"OPERATE_INCOME_YOY":-2.4673330523,"GROSS_PROFIT":null,"GROSS_PROFIT_YOY":null,"HOLDER_PROFIT":27257000000,"HOLDER_PROFIT_YOY":-27.0832776009,"GROSS_PROFIT_RATIO":null,"EPS_TTM":2.833267418573,"OPERATE_INCOME_QOQ":-29.239368812854,"NET_PROFIT_RATIO":8.6159687601,"ROE_AVG":12.221143650112,"GROSS_PROFIT_QOQ":null,"ROA":1.205992308851,"HOLDER_PROFIT_QOQ":59.016393442623,"ROE_YEARLY":12.221143650112,"ROIC_YEARLY":1.230044550023,"TOTAL_ASSETS":2343962000000,"TOTAL_LIABILITIES":2076258000000,"TAX_EBT":12.780850598419,"OCF_SALES":42.557532914538,"TOTAL_PARENT_EQUITY":249586000000,"DEBT_ASSET_RATIO":88.5789957346,"OPERATE_PROFIT":32060000000,"PRETAX_PROFIT":32001000000,"NETCASH_OPERATE":137863000000,"NETCASH_INVEST":-161357000000,"NETCASH_FINANCE":3294000000,"END_CASH":33740000000,"DIVI_RATIO":0.358692033063,"DIVIDEND_RATE":4.929402197802,"CURRENT_RATIO":null,"COMMON_ACS":null,"CURRENTDEBT_DEBT":null,"ISSUED_COMMON_SHARES":9620341455,"HK_COMMON_SHARES":2775300000,"PER_SHARES":200,"TOTAL_MARKET_CAP":218862768101.25,"HKSK_MARKET_CAP":63138075000,"PE_TTM":4.62390203211,"PB_TTM":0.722077222907,"REPORT_DATE_SQ":"2022-12-31 00:00:00","REPORT_TYPE_SQ":"2022年年报","OPERATE_INCOME_SQ":332140000000,"DPS_HKD":1.121439,"OPERATE_INCOME_QOQ_SQ":2.143256089382,"NET_PROFIT_RATIO_SQ":5.5427211159,"HOLDER_PROFIT_SQ":37381000000,"HOLDER_PROFIT_QOQ_SQ":0.773955773956,"ROE_AVG_SQ":10.812698956693,"PE_TTM_SQ":7.452506749368,"PB_TTM_SQ":0.542584345985,"ROA_SQ":1.193897919763,"START_DATE":"2023-01-01 00:00:00","FISCAL_YEAR":"12-31","CURRENCY":"HKD","IS_CNY_CODE":0,"DPS_HKD_LY":1.13419,"ORG_TYPE":"保险","PREMIUM_INCOME":null,"PREMIUM_INCOME_YOY":null,"NET_INTEREST_INCOME":null,"NET_INTEREST_INCOME_YOY":null,"FEE_COMMISSION_INCOME":null,"FEE_COMMISSION_INCOME_YOY":null,"ACCOUNTS_RECE_TDAYS":null,"INVENTORY_TDAYS":null,"CURRENT_ASSETS_TDAYS":null,"TOTAL_ASSETS_TDAYS":0.117552061706,"PREMIUM_EXPENSE":null,"LOAN_DEPOSIT":null,"LOAN_EQUITY":null,"LOAN_ASSETS":null,"DEPOSIT_EQUITY":null,"DEPOSIT_ASSETS":null,"EQUITY_MULTIPLIER":8.755797447949,"EQUITY_RATIO":8.318807945959},{"SECUCODE":"02601.HK","SECURITY_CODE":"02601","SECURITY_NAME_ABBR":"中国太保","ORG_CODE":"10009954","STD_REPORT_DATE":"2023-09-30 00:00:00","REPORT_DATE":"2023-09-30 00:00:00","DATE_TYPE_CODE":"004","REPORT_TYPE":"2023年三季报","PER_NETCASH_OPERATE":11.537220432266,"PER_OI":26.602590063681,"BPS":24.793298773822,"BASIC_EPS":2.41,"DILUTED_EPS":2.41,"OPERATE_INCOME":255926000000,"OPERATE_INCOME_YOY":0.9593915438,"GROSS_PROFIT":null,"GROSS_PROFIT_YOY":null,"HOLDER_PROFIT":23149000000,"HOLDER_PROFIT_YOY":-24.391677826,"GROSS_PROFIT_RATIO":null,"EPS_TTM":1.781745490031,"OPERATE_INCOME_QOQ":-1.770181137808,"NET_PROFIT_RATIO":9.2526746013,"ROE_AVG":10.643291792817,"GROSS_PROFIT_QOQ":null,"ROA":1.043292656683,"HOLDER_PROFIT_QOQ":-25.040451305375,"ROE_YEARLY":14.191055723756,"ROIC_YEARLY":1.060703499029,"TOTAL_ASSETS":2261382000000,"TOTAL_LIABILITIES":2016980000000,"TAX_EBT":17.476912354069,"OCF_SALES":43.368786289787,"TOTAL_PARENT_EQUITY":238520000000,"DEBT_ASSET_RATIO":89.1923611314,"OPERATE_PROFIT":28721000000,"PRETAX_PROFIT":28695000000,"NETCASH_OPERATE":110992000000,"NETCASH_INVEST":-100072000000,"NETCASH_FINANCE":-24193000000,"END_CASH":40777000000,"DIVI_RATIO":0.570379134543,"DIVIDEND_RATE":4.929402197802,"CURRENT_RATIO":null,"COMMON_ACS":null,"CURRENTDEBT_DEBT":null,"ISSUED_COMMON_SHARES":9620341455,"HK_COMMON_SHARES":2775300000,"PER_SHARES":200,"TOTAL_MARKET_CAP":218862768101.25,"HKSK_MARKET_CAP":63138075000,"PE_TTM":4.62390203211,"PB_TTM":0.722077222907,"REPORT_DATE_SQ":"2022-09-30 00:00:00","REPORT_TYPE_SQ":"2022年三季报","OPERATE_INCOME_SQ":253494000000,"DPS_HKD":1.121439,"OPERATE_INCOME_QOQ_SQ":1.568348700143,"NET_PROFIT_RATIO_SQ":5.7618889074,"HOLDER_PROFIT_SQ":30617000000,"HOLDER_PROFIT_QOQ_SQ":6.959835311638,"ROE_AVG_SQ":9.038177740723,"PE_TTM_SQ":7.452506749368,"PB_TTM_SQ":0.542584345985,"ROA_SQ":0.996581869702,"START_DATE":"2023-01-01 00:00:00","FISCAL_YEAR":"12-31","CURRENCY":"HKD","IS_CNY_CODE":0,"DPS_HKD_LY":1.13419,"ORG_TYPE":"保险","PREMIUM_INCOME":null,"PREMIUM_INCOME_YOY":null,"NET_INTEREST_INCOME":null,"NET_INTEREST_INCOME_YOY":null,"FEE_COMMISSION_INCOME":null,"FEE_COMMISSION_INCOME_YOY":null,"ACCOUNTS_RECE_TDAYS":null,"INVENTORY_TDAYS":null,"CURRENT_ASSETS_TDAYS":null,"TOTAL_ASSETS_TDAYS":0.095640943998,"PREMIUM_EXPENSE":null,"LOAN_DEPOSIT":null,"LOAN_EQUITY":null,"LOAN_ASSETS":null,"DEPOSIT_EQUITY":null,"DEPOSIT_ASSETS":null,"EQUITY_MULTIPLIER":9.252714789586,"EQUITY_RATIO":8.456230085527},{"SECUCODE":"02601.HK","SECURITY_CODE":"02601","SECURITY_NAME_ABBR":"中国太保","ORG_CODE":"10009954","STD_REPORT_DATE":"2023-06-30 00:00:00","REPORT_DATE":"2023-06-30 00:00:00","DATE_TYPE_CODE":"002","REPORT_TYPE":"2023年中报","PER_NETCASH_OPERATE":8.862367349309,"PER_OI":18.246649645556,"BPS":25.257939246399,"BASIC_EPS":1.91,"DILUTED_EPS":1.91,"OPERATE_INCOME":175539000000,"OPERATE_INCOME_YOY":6.4795550083,"GROSS_PROFIT":null,"GROSS_PROFIT_YOY":null,"HOLDER_PROFIT":18332000000,"HOLDER_PROFIT_YOY":-8.6778918003,"GROSS_PROFIT_RATIO":null,"EPS_TTM":2.376942659152,"OPERATE_INCOME_QOQ":-0.987040577863,"NET_PROFIT_RATIO":10.6796780203,"ROE_AVG":8.342833477827,"GROSS_PROFIT_QOQ":null,"ROA":0.837247368873,"HOLDER_PROFIT_QOQ":-15.644828095027,"ROE_YEARLY":16.685666955653,"ROIC_YEARLY":1.705348330327,"TOTAL_ASSETS":2202813000000,"TOTAL_LIABILITIES":1953897000000,"TAX_EBT":18.335075797177,"OCF_SALES":48.569833484297,"TOTAL_PARENT_EQUITY":242990000000,"DEBT_ASSET_RATIO":88.7000848461,"OPERATE_PROFIT":22973000000,"PRETAX_PROFIT":22956000000,"NETCASH_OPERATE":85259000000,"NETCASH_INVEST":-35495000000,"NETCASH_FINANCE":-44143000000,"END_CASH":59807000000,"DIVI_RATIO":0.427553625102,"DIVIDEND_RATE":4.450154761905,"CURRENT_RATIO":null,"COMMON_ACS":null,"CURRENTDEBT_DEBT":null,"ISSUED_COMMON_SHARES":9620341455,"HK_COMMON_SHARES":2775300000,"PER_SHARES":200,"TOTAL_MARKET_CAP":242432604666,"HKSK_MARKET_CAP":69937560000,"PE_TTM":5.121860712492,"PB_TTM":0.799839385374,"REPORT_DATE_SQ":"2022-06-30 00:00:00","REPORT_TYPE_SQ":"2022年中报","OPERATE_INCOME_SQ":164857000000,"DPS_HKD":1.121439,"OPERATE_INCOME_QOQ_SQ":1.693843223932,"NET_PROFIT_RATIO_SQ":5.3431015154,"HOLDER_PROFIT_SQ":20074000000,"HOLDER_PROFIT_QOQ_SQ":-3.764120721632,"ROE_AVG_SQ":5.867057186274,"PE_TTM_SQ":7.747353537543,"PB_TTM_SQ":0.564050848077,"ROA_SQ":0.657248460771,"START_DATE":"2023-01-01 00:00:00","FISCAL_YEAR":"12-31","CURRENCY":"HKD","IS_CNY_CODE":0,"DPS_HKD_LY":1.13419,"ORG_TYPE":"保险","PREMIUM_INCOME":null,"PREMIUM_INCOME_YOY":null,"NET_INTEREST_INCOME":null,"NET_INTEREST_INCOME_YOY":null,"FEE_COMMISSION_INCOME":null,"FEE_COMMISSION_INCOME_YOY":null,"ACCOUNTS_RECE_TDAYS":null,"INVENTORY_TDAYS":null,"CURRENT_ASSETS_TDAYS":null,"TOTAL_ASSETS_TDAYS":0.066780205667,"PREMIUM_EXPENSE":null,"LOAN_DEPOSIT":null,"LOAN_EQUITY":null,"LOAN_ASSETS":null,"DEPOSIT_EQUITY":null,"DEPOSIT_ASSETS":null,"EQUITY_MULTIPLIER":8.849623969565,"EQUITY_RATIO":8.041059302852},{"SECUCODE":"02601.HK","SECURITY_CODE":"02601","SECURITY_NAME_ABBR":"中国太保","ORG_CODE":"10009954","STD_REPORT_DATE":"2023-03-31 00:00:00","REPORT_DATE":"2023-03-31 00:00:00","DATE_TYPE_CODE":"003","REPORT_TYPE":"2023年一季报","PER_NETCASH_OPERATE":5.127052946168,"PER_OI":9.811086273964,"BPS":25.823511687403,"BASIC_EPS":1.21,"DILUTED_EPS":1.21,"OPERATE_INCOME":94386000000,"OPERATE_INCOME_YOY":19.3882971995,"GROSS_PROFIT":null,"GROSS_PROFIT_YOY":null,"HOLDER_PROFIT":11626000000,"HOLDER_PROFIT_YOY":27.3803002082,"GROSS_PROFIT_RATIO":null,"EPS_TTM":2.817779402821,"OPERATE_INCOME_QOQ":3.366039194329,"NET_PROFIT_RATIO":12.5950882546,"ROE_AVG":5.22624902227,"GROSS_PROFIT_QOQ":null,"ROA":0.535954744878,"HOLDER_PROFIT_QOQ":10.154821406802,"ROE_YEARLY":20.904996089079,"ROIC_YEARLY":2.188320034747,"TOTAL_ASSETS":2162127000000,"TOTAL_LIABILITIES":1907610000000,"TAX_EBT":20.27362349943,"OCF_SALES":52.257750090056,"TOTAL_PARENT_EQUITY":248431000000,"DEBT_ASSET_RATIO":88.2283973143,"OPERATE_PROFIT":14912000000,"PRETAX_PROFIT":14911000000,"NETCASH_OPERATE":49324000000,"NETCASH_INVEST":-12506000000,"NETCASH_FINANCE":-29538000000,"END_CASH":60961000000,"DIVI_RATIO":0.360663595441,"DIVIDEND_RATE":4.929402197802,"CURRENT_RATIO":null,"COMMON_ACS":null,"CURRENTDEBT_DEBT":null,"ISSUED_COMMON_SHARES":9620341455,"HK_COMMON_SHARES":2775300000,"PER_SHARES":200,"TOTAL_MARKET_CAP":218862768101.25,"HKSK_MARKET_CAP":63138075000,"PE_TTM":4.62390203211,"PB_TTM":0.722077222907,"REPORT_DATE_SQ":"2022-03-31 00:00:00","REPORT_TYPE_SQ":"2022年一季报","OPERATE_INCOME_SQ":79058000000,"DPS_HKD":1.121439,"OPERATE_INCOME_QOQ_SQ":-1.079226550486,"NET_PROFIT_RATIO_SQ":3.8136113651,"HOLDER_PROFIT_SQ":9127000000,"HOLDER_PROFIT_QOQ_SQ":-11.589774167101,"ROE_AVG_SQ":2.425889239885,"PE_TTM_SQ":7.452506749368,"PB_TTM_SQ":0.542584345985,"ROA_SQ":0.273774704617,"START_DATE":"2023-01-01 00:00:00","FISCAL_YEAR":"12-31","CURRENCY":"HKD","IS_CNY_CODE":0,"DPS_HKD_LY":1.13419,"ORG_TYPE":"保险","PREMIUM_INCOME":null,"PREMIUM_INCOME_YOY":null,"NET_INTEREST_INCOME":null,"NET_INTEREST_INCOME_YOY":null,"FEE_COMMISSION_INCOME":null,"FEE_COMMISSION_INCOME_YOY":null,"ACCOUNTS_RECE_TDAYS":null,"INVENTORY_TDAYS":null,"CURRENT_ASSETS_TDAYS":null,"TOTAL_ASSETS_TDAYS":0.036683350137,"PREMIUM_EXPENSE":null,"LOAN_DEPOSIT":null,"LOAN_EQUITY":null,"LOAN_ASSETS":null,"DEPOSIT_EQUITY":null,"DEPOSIT_ASSETS":null,"EQUITY_MULTIPLIER":8.495019979011,"EQUITY_RATIO":7.678631088713},{"SECUCODE":"02601.HK","SECURITY_CODE":"02601","SECURITY_NAME_ABBR":"中国太保","ORG_CODE":"10009954","STD_REPORT_DATE":"2022-12-31 00:00:00","REPORT_DATE":"2022-12-31 00:00:00","DATE_TYPE_CODE":"001","REPORT_TYPE":"2022年年报","PER_NETCASH_OPERATE":15.374818107223,"PER_OI":34.52476209432,"BPS":23.746142594686,"BASIC_EPS":3.89,"DILUTED_EPS":3.89,"OPERATE_INCOME":332140000000,"OPERATE_INCOME_YOY":3.3426152237,"GROSS_PROFIT":null,"GROSS_PROFIT_YOY":null,"HOLDER_PROFIT":37381000000,"HOLDER_PROFIT_YOY":-8.2917194604,"GROSS_PROFIT_RATIO":null,"EPS_TTM":2.558017313118,"OPERATE_INCOME_QOQ":2.143256089382,"NET_PROFIT_RATIO":5.5427211159,"ROE_AVG":10.812698956693,"GROSS_PROFIT_QOQ":null,"ROA":1.193897919763,"HOLDER_PROFIT_QOQ":0.773955773956,"ROE_YEARLY":10.812698956693,"ROIC_YEARLY":1.21662969498,"TOTAL_ASSETS":2071336000000,"TOTAL_LIABILITIES":1869664000000,"TAX_EBT":10.029894310665,"OCF_SALES":32.481355902427,"TOTAL_PARENT_EQUITY":196477000000,"DEBT_ASSET_RATIO":89.2419194238,"OPERATE_PROFIT":42540000000,"PRETAX_PROFIT":42483000000,"NETCASH_OPERATE":148664000000,"NETCASH_INVEST":-169736000000,"NETCASH_FINANCE":28481000000,"END_CASH":53809000000,"DIVI_RATIO":0.397288339437,"DIVIDEND_RATE":4.450154761905,"CURRENT_RATIO":null,"COMMON_ACS":null,"CURRENTDEBT_DEBT":null,"ISSUED_COMMON_SHARES":9620341455,"HK_COMMON_SHARES":2775300000,"PER_SHARES":200,"TOTAL_MARKET_CAP":242432604666,"HKSK_MARKET_CAP":69937560000,"PE_TTM":5.121860712492,"PB_TTM":0.799839385374,"REPORT_DATE_SQ":"2021-12-31 00:00:00","REPORT_TYPE_SQ":"2021年年报","OPERATE_INCOME_SQ":440643000000,"DPS_HKD":1.121439,"OPERATE_INCOME_QOQ_SQ":1.951735836889,"NET_PROFIT_RATIO_SQ":6.3295984012,"HOLDER_PROFIT_SQ":26834000000,"HOLDER_PROFIT_QOQ_SQ":-2.852798493954,"ROE_AVG_SQ":12.143043001143,"PE_TTM_SQ":7.747353537543,"PB_TTM_SQ":0.564050848077,"ROA_SQ":1.443787313353,"START_DATE":"2022-01-01 00:00:00","FISCAL_YEAR":"12-31","CURRENCY":"HKD","IS_CNY_CODE":0,"DPS_HKD_LY":1.175084,"ORG_TYPE":"保险","PREMIUM_INCOME":null,"PREMIUM_INCOME_YOY":null,"NET_INTEREST_INCOME":null,"NET_INTEREST_INCOME_YOY":null,"FEE_COMMISSION_INCOME":null,"FEE_COMMISSION_INCOME_YOY":null,"ACCOUNTS_RECE_TDAYS":null,"INVENTORY_TDAYS":null,"CURRENT_ASSETS_TDAYS":null,"TOTAL_ASSETS_TDAYS":0.22092229815,"PREMIUM_EXPENSE":null,"LOAN_DEPOSIT":null,"LOAN_EQUITY":null,"LOAN_ASSETS":null,"DEPOSIT_EQUITY":null,"DEPOSIT_ASSETS":null,"EQUITY_MULTIPLIER":9.295338447383,"EQUITY_RATIO":9.515943341969},{"SECUCODE":"02601.HK","SECURITY_CODE":"02601","SECURITY_NAME_ABBR":"中国太保","ORG_CODE":"10009954","STD_REPORT_DATE":"2022-09-30 00:00:00","REPORT_DATE":"2022-09-30 00:00:00","DATE_TYPE_CODE":"004","REPORT_TYPE":"2022年三季报","PER_NETCASH_OPERATE":11.465705299127,"PER_OI":26.349792383747,"BPS":23.059992312924,"BASIC_EPS":3.18,"DILUTED_EPS":3.18,"OPERATE_INCOME":253494000000,"OPERATE_INCOME_YOY":2.7030723726,"GROSS_PROFIT":null,"GROSS_PROFIT_YOY":null,"HOLDER_PROFIT":30617000000,"HOLDER_PROFIT_YOY":-10.6409239178,"GROSS_PROFIT_RATIO":null,"EPS_TTM":2.538371440788,"OPERATE_INCOME_QOQ":1.568348700143,"NET_PROFIT_RATIO":5.7618889074,"ROE_AVG":9.038177740723,"GROSS_PROFIT_QOQ":null,"ROA":0.996581869702,"HOLDER_PROFIT_QOQ":6.959835311638,"ROE_YEARLY":12.050903654297,"ROIC_YEARLY":1.014092849125,"TOTAL_ASSETS":2122142000000,"TOTAL_LIABILITIES":1894787000000,"TAX_EBT":13.67174561113,"OCF_SALES":30.604294989179,"TOTAL_PARENT_EQUITY":221845000000,"DEBT_ASSET_RATIO":89.2865321925,"OPERATE_PROFIT":36260000000,"PRETAX_PROFIT":36228000000,"NETCASH_OPERATE":110610000000,"NETCASH_INVEST":-137560000000,"NETCASH_FINANCE":21712000000,"END_CASH":40980000000,"DIVI_RATIO":0.400363175479,"DIVIDEND_RATE":4.450154761905,"CURRENT_RATIO":null,"COMMON_ACS":null,"CURRENTDEBT_DEBT":null,"ISSUED_COMMON_SHARES":9620341455,"HK_COMMON_SHARES":2775300000,"PER_SHARES":200,"TOTAL_MARKET_CAP":242432604666,"HKSK_MARKET_CAP":69937560000,"PE_TTM":5.121860712492,"PB_TTM":0.799839385374,"REPORT_DATE_SQ":"2021-09-30 00:00:00","REPORT_TYPE_SQ":"2021年三季报","OPERATE_INCOME_SQ":350934000000,"DPS_HKD":1.121439,"OPERATE_INCOME_QOQ_SQ":-2.214006964183,"NET_PROFIT_RATIO_SQ":6.6385702155,"HOLDER_PROFIT_SQ":22686000000,"HOLDER_PROFIT_QOQ_SQ":-0.097652718001,"ROE_AVG_SQ":10.40747231372,"PE_TTM_SQ":7.747353537543,"PB_TTM_SQ":0.564050848077,"ROA_SQ":1.229958483615,"START_DATE":"2022-01-01 00:00:00","FISCAL_YEAR":"12-31","CURRENCY":"HKD","IS_CNY_CODE":0,"DPS_HKD_LY":1.175084,"ORG_TYPE":"保险","PREMIUM_INCOME":null,"PREMIUM_INCOME_YOY":null,"NET_INTEREST_INCOME":null,"NET_INTEREST_INCOME_YOY":null,"FEE_COMMISSION_INCOME":null,"FEE_COMMISSION_INCOME_YOY":null,"ACCOUNTS_RECE_TDAYS":null,"INVENTORY_TDAYS":null,"CURRENT_ASSETS_TDAYS":null,"TOTAL_ASSETS_TDAYS":0.177184312095,"PREMIUM_EXPENSE":null,"LOAN_DEPOSIT":null,"LOAN_EQUITY":null,"LOAN_ASSETS":null,"DEPOSIT_EQUITY":null,"DEPOSIT_ASSETS":null,"EQUITY_MULTIPLIER":9.334045875416,"EQUITY_RATIO":8.541039915256}],"count":56},"success":true,"message":"ok","code":0}