{"version":"397d40811732de3f42f52755e69ac0d1","result":{"pages":7,"data":[{"SECUCODE":"02607.HK","SECURITY_CODE":"02607","SECURITY_NAME_ABBR":"上海医药","ORG_CODE":"10004293","STD_REPORT_DATE":"2024-09-30 00:00:00","REPORT_DATE":"2024-09-30 00:00:00","DATE_TYPE_CODE":"004","REPORT_TYPE":"2024年三季报","PER_NETCASH_OPERATE":0.751216406509,"PER_OI":56.585898434019,"BPS":19.110870137683,"BASIC_EPS":1.09,"DILUTED_EPS":1.09,"OPERATE_INCOME":209628733748.35,"OPERATE_INCOME_YOY":6.1366629576,"GROSS_PROFIT":23177075927.42,"GROSS_PROFIT_YOY":-3.277379393484,"HOLDER_PROFIT":4054178132.43,"HOLDER_PROFIT_YOY":6.7796423677,"GROSS_PROFIT_RATIO":11.056249547948,"EPS_TTM":1.08659376322,"OPERATE_INCOME_QOQ":1.983943239538,"NET_PROFIT_RATIO":2.3962831688,"ROE_AVG":5.817031925345,"GROSS_PROFIT_QOQ":0.346091008468,"ROA":1.860935959414,"HOLDER_PROFIT_QOQ":-1.821474047983,"ROE_YEARLY":7.756042567127,"ROIC_YEARLY":2.33482029031,"TOTAL_ASSETS":223741345791.7,"TOTAL_LIABILITIES":140583833874.07,"TAX_EBT":24.397759712773,"OCF_SALES":1.327568223353,"TOTAL_PARENT_EQUITY":70865778972.83,"DEBT_ASSET_RATIO":62.8331940065,"OPERATE_PROFIT":7793562130.34,"PRETAX_PROFIT":6644377262.89,"NETCASH_OPERATE":2782964456.26,"NETCASH_INVEST":357981743.79,"NETCASH_FINANCE":136775960.57,"END_CASH":30754658478.09,"DIVI_RATIO":0.440895917036,"DIVIDEND_RATE":4.335213464696,"CURRENT_RATIO":1.341657388126,"COMMON_ACS":null,"CURRENTDEBT_DEBT":92.138704306393,"ISSUED_COMMON_SHARES":3708139842,"HK_COMMON_SHARES":919072704,"PER_SHARES":100,"TOTAL_MARKET_CAP":45165143275.56,"HKSK_MARKET_CAP":11194305534.72,"PE_TTM":10.001033049084,"PB_TTM":0.574741083,"REPORT_DATE_SQ":"2023-09-30 00:00:00","REPORT_TYPE_SQ":"2023年三季报","OPERATE_INCOME_SQ":197508314193.06,"DPS_HKD":0.528029,"OPERATE_INCOME_QOQ_SQ":0.795560643751,"NET_PROFIT_RATIO_SQ":2.508131489,"HOLDER_PROFIT_SQ":3796770660.15,"HOLDER_PROFIT_QOQ_SQ":1.514977154133,"ROE_AVG_SQ":5.601079604248,"PE_TTM_SQ":8.925611951447,"PB_TTM_SQ":0.610111165235,"ROA_SQ":1.846313375917,"START_DATE":"2024-01-01 00:00:00","FISCAL_YEAR":"12-31","CURRENCY":"HKD","IS_CNY_CODE":0,"DPS_HKD_LY":0.528029,"ORG_TYPE":"一般企业","PREMIUM_INCOME":null,"PREMIUM_INCOME_YOY":null,"NET_INTEREST_INCOME":null,"NET_INTEREST_INCOME_YOY":null,"FEE_COMMISSION_INCOME":null,"FEE_COMMISSION_INCOME_YOY":null,"ACCOUNTS_RECE_TDAYS":2.56872237486,"INVENTORY_TDAYS":5.025687863159,"CURRENT_ASSETS_TDAYS":1.246967706019,"TOTAL_ASSETS_TDAYS":0.962231150225,"PREMIUM_EXPENSE":null,"LOAN_DEPOSIT":null,"LOAN_EQUITY":null,"LOAN_ASSETS":null,"DEPOSIT_EQUITY":null,"DEPOSIT_ASSETS":null,"EQUITY_MULTIPLIER":2.69057287348,"EQUITY_RATIO":1.983804255196},{"SECUCODE":"02607.HK","SECURITY_CODE":"02607","SECURITY_NAME_ABBR":"上海医药","ORG_CODE":"10004293","STD_REPORT_DATE":"2024-06-30 00:00:00","REPORT_DATE":"2024-06-30 00:00:00","DATE_TYPE_CODE":"002","REPORT_TYPE":"2024年中报","PER_NETCASH_OPERATE":0.139138683549,"PER_OI":37.643380921768,"BPS":18.874877198682,"BASIC_EPS":0.79,"DILUTED_EPS":0.79,"OPERATE_INCOME":139413145524.43,"OPERATE_INCOME_YOY":5.1443375979,"GROSS_PROFIT":16167984618.02,"GROSS_PROFIT_YOY":-5.221279416652,"HOLDER_PROFIT":2941911373.69,"HOLDER_PROFIT_YOY":12.7246054129,"GROSS_PROFIT_RATIO":11.59717367914,"EPS_TTM":1.107077927966,"OPERATE_INCOME_QOQ":1.095544134132,"NET_PROFIT_RATIO":2.5803614308,"ROE_AVG":4.24779272091,"GROSS_PROFIT_QOQ":-0.923951979836,"ROA":1.35788336238,"HOLDER_PROFIT_QOQ":8.106814566588,"ROE_YEARLY":8.49558544182,"ROIC_YEARLY":3.440080943639,"TOTAL_ASSETS":221335871829.06,"TOTAL_LIABILITIES":139107250634,"TAX_EBT":25.397187645168,"OCF_SALES":0.369623238247,"TOTAL_PARENT_EQUITY":69990684153.29,"DEBT_ASSET_RATIO":62.8489406098,"OPERATE_PROFIT":5527959879.67,"PRETAX_PROFIT":4822020675.99,"NETCASH_OPERATE":515303383.03,"NETCASH_INVEST":2033177715.21,"NETCASH_FINANCE":3763100064.99,"END_CASH":33803202802.46,"DIVI_RATIO":0.432738058973,"DIVIDEND_RATE":4.265177705977,"CURRENT_RATIO":1.329182808085,"COMMON_ACS":null,"CURRENTDEBT_DEBT":92.809048152272,"ISSUED_COMMON_SHARES":3708139842,"HK_COMMON_SHARES":919072704,"PER_SHARES":100,"TOTAL_MARKET_CAP":45906771243.96,"HKSK_MARKET_CAP":11378120075.52,"PE_TTM":10.165253624602,"PB_TTM":0.584178539207,"REPORT_DATE_SQ":"2023-06-30 00:00:00","REPORT_TYPE_SQ":"2023年中报","OPERATE_INCOME_SQ":132592157323.37,"DPS_HKD":0.528029,"OPERATE_INCOME_QOQ_SQ":4.789055758251,"NET_PROFIT_RATIO_SQ":2.5770762683,"HOLDER_PROFIT_SQ":2609821842.28,"HOLDER_PROFIT_QOQ_SQ":-22.985474437966,"ROE_AVG_SQ":3.883037828047,"PE_TTM_SQ":8.722427289138,"PB_TTM_SQ":0.596222455782,"ROA_SQ":1.268589286874,"START_DATE":"2024-01-01 00:00:00","FISCAL_YEAR":"12-31","CURRENCY":"HKD","IS_CNY_CODE":0,"DPS_HKD_LY":0.528029,"ORG_TYPE":"一般企业","PREMIUM_INCOME":null,"PREMIUM_INCOME_YOY":null,"NET_INTEREST_INCOME":null,"NET_INTEREST_INCOME_YOY":null,"FEE_COMMISSION_INCOME":null,"FEE_COMMISSION_INCOME_YOY":null,"ACCOUNTS_RECE_TDAYS":1.727661039107,"INVENTORY_TDAYS":3.42925215276,"CURRENT_ASSETS_TDAYS":0.83471720393,"TOTAL_ASSETS_TDAYS":0.643482303708,"PREMIUM_EXPENSE":null,"LOAN_DEPOSIT":null,"LOAN_EQUITY":null,"LOAN_ASSETS":null,"DEPOSIT_EQUITY":null,"DEPOSIT_ASSETS":null,"EQUITY_MULTIPLIER":2.691713281974,"EQUITY_RATIO":1.98751094259},{"SECUCODE":"02607.HK","SECURITY_CODE":"02607","SECURITY_NAME_ABBR":"上海医药","ORG_CODE":"10004293","STD_REPORT_DATE":"2024-03-31 00:00:00","REPORT_DATE":"2024-03-31 00:00:00","DATE_TYPE_CODE":"003","REPORT_TYPE":"2024年一季报","PER_NETCASH_OPERATE":-1.478032607348,"PER_OI":18.94331205107,"BPS":18.894086586101,"BASIC_EPS":0.42,"DILUTED_EPS":0.42,"OPERATE_INCOME":70152787484.98,"OPERATE_INCOME_YOY":5.9286362278,"GROSS_PROFIT":8028017399.43,"GROSS_PROFIT_YOY":-7.027690838474,"HOLDER_PROFIT":1542277554.18,"HOLDER_PROFIT_YOY":1.6227877752,"GROSS_PROFIT_RATIO":11.443618546375,"EPS_TTM":1.024120846136,"OPERATE_INCOME_QOQ":1.508413395192,"NET_PROFIT_RATIO":2.6592989433,"ROE_AVG":2.225732621455,"GROSS_PROFIT_QOQ":-1.937013722096,"ROA":0.718358314892,"HOLDER_PROFIT_QOQ":0.653615458532,"ROE_YEARLY":8.90293048582,"ROIC_YEARLY":3.576234017745,"TOTAL_ASSETS":217416956744.42,"TOTAL_LIABILITIES":135331309426.82,"TAX_EBT":22.804978186753,"OCF_SALES":-7.80239803559,"TOTAL_PARENT_EQUITY":70061915248.12,"DEBT_ASSET_RATIO":62.2450573558,"OPERATE_PROFIT":2791129464.34,"PRETAX_PROFIT":2416700316.25,"NETCASH_OPERATE":-5473599712.64,"NETCASH_INVEST":1841732518.67,"NETCASH_FINANCE":3250252548.6,"END_CASH":27125930585.31,"DIVI_RATIO":0.467791233317,"DIVIDEND_RATE":4.265177705977,"CURRENT_RATIO":1.336320896046,"COMMON_ACS":null,"CURRENTDEBT_DEBT":92.56795755258,"ISSUED_COMMON_SHARES":3708139842,"HK_COMMON_SHARES":919072704,"PER_SHARES":100,"TOTAL_MARKET_CAP":45906771243.96,"HKSK_MARKET_CAP":11378120075.52,"PE_TTM":10.165253624602,"PB_TTM":0.584178539207,"REPORT_DATE_SQ":"2023-03-31 00:00:00","REPORT_TYPE_SQ":"2023年一季报","OPERATE_INCOME_SQ":66226461496.33,"DPS_HKD":0.528029,"OPERATE_INCOME_QOQ_SQ":4.021119110156,"NET_PROFIT_RATIO_SQ":2.9490412903,"HOLDER_PROFIT_SQ":1517649326.44,"HOLDER_PROFIT_QOQ_SQ":4.746723399636,"ROE_AVG_SQ":2.237918071194,"PE_TTM_SQ":8.722427289138,"PB_TTM_SQ":0.596222455782,"ROA_SQ":0.750994232642,"START_DATE":"2024-01-01 00:00:00","FISCAL_YEAR":"12-31","CURRENCY":"HKD","IS_CNY_CODE":0,"DPS_HKD_LY":0.528029,"ORG_TYPE":"一般企业","PREMIUM_INCOME":null,"PREMIUM_INCOME_YOY":null,"NET_INTEREST_INCOME":null,"NET_INTEREST_INCOME_YOY":null,"FEE_COMMISSION_INCOME":null,"FEE_COMMISSION_INCOME_YOY":null,"ACCOUNTS_RECE_TDAYS":0.863855664015,"INVENTORY_TDAYS":1.763368180374,"CURRENT_ASSETS_TDAYS":0.425375472334,"TOTAL_ASSETS_TDAYS":0.326755959497,"PREMIUM_EXPENSE":null,"LOAN_DEPOSIT":null,"LOAN_EQUITY":null,"LOAN_ASSETS":null,"DEPOSIT_EQUITY":null,"DEPOSIT_ASSETS":null,"EQUITY_MULTIPLIER":2.64865983091,"EQUITY_RATIO":1.931595916948},{"SECUCODE":"02607.HK","SECURITY_CODE":"02607","SECURITY_NAME_ABBR":"上海医药","ORG_CODE":"10004293","STD_REPORT_DATE":"2023-12-31 00:00:00","REPORT_DATE":"2023-12-31 00:00:00","DATE_TYPE_CODE":"001","REPORT_TYPE":"2023年年报","PER_NETCASH_OPERATE":1.412663904667,"PER_OI":70.28731532976,"BPS":18.479384805076,"BASIC_EPS":1.02,"DILUTED_EPS":1.02,"OPERATE_INCOME":260295088943.53,"OPERATE_INCOME_YOY":12.2052032676,"GROSS_PROFIT":31328141942.29,"GROSS_PROFIT_YOY":2.76111941464,"HOLDER_PROFIT":3767999581.18,"HOLDER_PROFIT_YOY":-32.9197504507,"GROSS_PROFIT_RATIO":12.035625439359,"EPS_TTM":1.017470501652,"OPERATE_INCOME_QOQ":2.125487623292,"NET_PROFIT_RATIO":1.9848896517,"ROE_AVG":5.558048252539,"GROSS_PROFIT_QOQ":-1.394781511209,"ROA":1.837567065195,"HOLDER_PROFIT_QOQ":-18.087259249686,"ROE_YEARLY":5.558048252539,"ROIC_YEARLY":2.287469785973,"TOTAL_ASSETS":211972533766.8,"TOTAL_LIABILITIES":131646440801.87,"TAX_EBT":26.759952468724,"OCF_SALES":2.009841886888,"TOTAL_PARENT_EQUITY":68524143051.35,"DEBT_ASSET_RATIO":62.1054239729,"OPERATE_PROFIT":8540054385.93,"PRETAX_PROFIT":7054296738.48,"NETCASH_OPERATE":5231519727.1,"NETCASH_INVEST":-2491872838.52,"NETCASH_FINANCE":231850890.73,"END_CASH":27499809001.2,"DIVI_RATIO":0.470848789132,"DIVIDEND_RATE":4.265177705977,"CURRENT_RATIO":1.327378999404,"COMMON_ACS":null,"CURRENTDEBT_DEBT":92.954946817789,"ISSUED_COMMON_SHARES":3708139842,"HK_COMMON_SHARES":919072704,"PER_SHARES":100,"TOTAL_MARKET_CAP":45906771243.96,"HKSK_MARKET_CAP":11378120075.52,"PE_TTM":10.165253624602,"PB_TTM":0.584178539207,"REPORT_DATE_SQ":"2022-12-31 00:00:00","REPORT_TYPE_SQ":"2022年年报","OPERATE_INCOME_SQ":231981299764.51,"DPS_HKD":0.528029,"OPERATE_INCOME_QOQ_SQ":1.097269770765,"NET_PROFIT_RATIO_SQ":3.0140424145,"HOLDER_PROFIT_SQ":5617152003.01,"HOLDER_PROFIT_QOQ_SQ":3.577456096826,"ROE_AVG_SQ":9.649599842132,"PE_TTM_SQ":8.722427289138,"PB_TTM_SQ":0.596222455782,"ROA_SQ":3.107086109589,"START_DATE":"2023-01-01 00:00:00","FISCAL_YEAR":"12-31","CURRENCY":"HKD","IS_CNY_CODE":0,"DPS_HKD_LY":0.663798,"ORG_TYPE":"一般企业","PREMIUM_INCOME":null,"PREMIUM_INCOME_YOY":null,"NET_INTEREST_INCOME":null,"NET_INTEREST_INCOME_YOY":null,"FEE_COMMISSION_INCOME":null,"FEE_COMMISSION_INCOME_YOY":null,"ACCOUNTS_RECE_TDAYS":3.533030767914,"INVENTORY_TDAYS":6.442186736501,"CURRENT_ASSETS_TDAYS":1.668843180159,"TOTAL_ASSETS_TDAYS":1.269399511252,"PREMIUM_EXPENSE":null,"LOAN_DEPOSIT":null,"LOAN_EQUITY":null,"LOAN_ASSETS":null,"DEPOSIT_EQUITY":null,"DEPOSIT_ASSETS":null,"EQUITY_MULTIPLIER":2.638900087667,"EQUITY_RATIO":1.921168728855},{"SECUCODE":"02607.HK","SECURITY_CODE":"02607","SECURITY_NAME_ABBR":"上海医药","ORG_CODE":"10004293","STD_REPORT_DATE":"2023-09-30 00:00:00","REPORT_DATE":"2023-09-30 00:00:00","DATE_TYPE_CODE":"004","REPORT_TYPE":"2023年三季报","PER_NETCASH_OPERATE":0.621731956464,"PER_OI":53.333042956291,"BPS":18.475519417601,"BASIC_EPS":1.03,"DILUTED_EPS":1.03,"OPERATE_INCOME":197508314193.06,"OPERATE_INCOME_YOY":13.1127333476,"GROSS_PROFIT":23962415184.87,"GROSS_PROFIT_YOY":5.665989051725,"HOLDER_PROFIT":3796770660.15,"HOLDER_PROFIT_YOY":-21.129109649,"GROSS_PROFIT_RATIO":12.132357709989,"EPS_TTM":1.242139491771,"OPERATE_INCOME_QOQ":0.795560643751,"NET_PROFIT_RATIO":2.508131489,"ROE_AVG":5.601079604248,"GROSS_PROFIT_QOQ":-2.290482142722,"ROA":1.846313375917,"HOLDER_PROFIT_QOQ":1.514977154133,"ROE_YEARLY":7.468106138998,"ROIC_YEARLY":2.28691585763,"TOTAL_ASSETS":213146380397.62,"TOTAL_LIABILITIES":133002746825.1,"TAX_EBT":24.01024869545,"OCF_SALES":1.165753765398,"TOTAL_PARENT_EQUITY":68509809654.05,"DEBT_ASSET_RATIO":62.3997210635,"OPERATE_PROFIT":7673342728.79,"PRETAX_PROFIT":6518995175.95,"NETCASH_OPERATE":2302460609.68,"NETCASH_INVEST":-2999549587.14,"NETCASH_FINANCE":2795941108.38,"END_CASH":26571901791.52,"DIVI_RATIO":0.385685147968,"DIVIDEND_RATE":4.265177705977,"CURRENT_RATIO":1.344680695001,"COMMON_ACS":null,"CURRENTDEBT_DEBT":92.050486177347,"ISSUED_COMMON_SHARES":3708139842,"HK_COMMON_SHARES":919072704,"PER_SHARES":100,"TOTAL_MARKET_CAP":45906771243.96,"HKSK_MARKET_CAP":11378120075.52,"PE_TTM":10.165253624602,"PB_TTM":0.584178539207,"REPORT_DATE_SQ":"2022-09-30 00:00:00","REPORT_TYPE_SQ":"2022年三季报","OPERATE_INCOME_SQ":174611918877.5,"DPS_HKD":0.528029,"OPERATE_INCOME_QOQ_SQ":3.225100013173,"NET_PROFIT_RATIO_SQ":3.4271717466,"HOLDER_PROFIT_SQ":4813906174.07,"HOLDER_PROFIT_QOQ_SQ":3.865457696446,"ROE_AVG_SQ":8.333285411116,"PE_TTM_SQ":8.722427289138,"PB_TTM_SQ":0.596222455782,"ROA_SQ":2.688933018628,"START_DATE":"2023-01-01 00:00:00","FISCAL_YEAR":"12-31","CURRENCY":"HKD","IS_CNY_CODE":0,"DPS_HKD_LY":0.663798,"ORG_TYPE":"一般企业","PREMIUM_INCOME":null,"PREMIUM_INCOME_YOY":null,"NET_INTEREST_INCOME":null,"NET_INTEREST_INCOME_YOY":null,"FEE_COMMISSION_INCOME":null,"FEE_COMMISSION_INCOME_YOY":null,"ACCOUNTS_RECE_TDAYS":2.641273679608,"INVENTORY_TDAYS":4.993562473193,"CURRENT_ASSETS_TDAYS":1.257447322195,"TOTAL_ASSETS_TDAYS":0.960453698657,"PREMIUM_EXPENSE":null,"LOAN_DEPOSIT":null,"LOAN_EQUITY":null,"LOAN_ASSETS":null,"DEPOSIT_EQUITY":null,"DEPOSIT_ASSETS":null,"EQUITY_MULTIPLIER":2.659554738115,"EQUITY_RATIO":1.941367922298},{"SECUCODE":"02607.HK","SECURITY_CODE":"02607","SECURITY_NAME_ABBR":"上海医药","ORG_CODE":"10004293","STD_REPORT_DATE":"2023-06-30 00:00:00","REPORT_DATE":"2023-06-30 00:00:00","DATE_TYPE_CODE":"002","REPORT_TYPE":"2023年中报","PER_NETCASH_OPERATE":0.442433140767,"PER_OI":35.80463083446,"BPS":18.165077708828,"BASIC_EPS":0.71,"DILUTED_EPS":0.71,"OPERATE_INCOME":132592157323.37,"OPERATE_INCOME_YOY":18.6958795649,"GROSS_PROFIT":17058665192.47,"GROSS_PROFIT_YOY":13.505101168578,"HOLDER_PROFIT":2609821842.28,"HOLDER_PROFIT_YOY":-29.380419234,"GROSS_PROFIT_RATIO":12.86551598287,"EPS_TTM":1.223631449779,"OPERATE_INCOME_QOQ":4.789055758251,"NET_PROFIT_RATIO":2.5770762683,"ROE_AVG":3.883037828047,"GROSS_PROFIT_QOQ":2.280580258642,"ROA":1.268589286874,"HOLDER_PROFIT_QOQ":-22.985474437966,"ROE_YEARLY":7.766075656094,"ROIC_YEARLY":3.161594646044,"TOTAL_ASSETS":213317704838.46,"TOTAL_LIABILITIES":134375227951.51,"TAX_EBT":24.632611309016,"OCF_SALES":1.235686922209,"TOTAL_PARENT_EQUITY":67358648385.13,"DEBT_ASSET_RATIO":62.9930028796,"OPERATE_PROFIT":5307012252.17,"PRETAX_PROFIT":4533792505.39,"NETCASH_OPERATE":1638423947.92,"NETCASH_INVEST":-2614650567.9,"NETCASH_FINANCE":5131620554.94,"END_CASH":28688336307.72,"DIVI_RATIO":0.391518830091,"DIVIDEND_RATE":4.265177705977,"CURRENT_RATIO":1.325255677762,"COMMON_ACS":null,"CURRENTDEBT_DEBT":92.531617208321,"ISSUED_COMMON_SHARES":3708139842,"HK_COMMON_SHARES":919072704,"PER_SHARES":100,"TOTAL_MARKET_CAP":45906771243.96,"HKSK_MARKET_CAP":11378120075.52,"PE_TTM":10.165253624602,"PB_TTM":0.584178539207,"REPORT_DATE_SQ":"2022-06-30 00:00:00","REPORT_TYPE_SQ":"2022年中报","OPERATE_INCOME_SQ":111707464327.64,"DPS_HKD":0.528029,"OPERATE_INCOME_QOQ_SQ":0.529917125979,"NET_PROFIT_RATIO_SQ":4.085867903,"HOLDER_PROFIT_SQ":3695606535.71,"HOLDER_PROFIT_QOQ_SQ":23.600675487457,"ROE_AVG_SQ":6.444597172682,"PE_TTM_SQ":8.722427289138,"PB_TTM_SQ":0.596222455782,"ROA_SQ":2.108242201349,"START_DATE":"2023-01-01 00:00:00","FISCAL_YEAR":"12-31","CURRENCY":"HKD","IS_CNY_CODE":0,"DPS_HKD_LY":0.663798,"ORG_TYPE":"一般企业","PREMIUM_INCOME":null,"PREMIUM_INCOME_YOY":null,"NET_INTEREST_INCOME":null,"NET_INTEREST_INCOME_YOY":null,"FEE_COMMISSION_INCOME":null,"FEE_COMMISSION_INCOME_YOY":null,"ACCOUNTS_RECE_TDAYS":1.761172920373,"INVENTORY_TDAYS":3.417812650695,"CURRENT_ASSETS_TDAYS":0.843744435596,"TOTAL_ASSETS_TDAYS":0.644507558252,"PREMIUM_EXPENSE":null,"LOAN_DEPOSIT":null,"LOAN_EQUITY":null,"LOAN_ASSETS":null,"DEPOSIT_EQUITY":null,"DEPOSIT_ASSETS":null,"EQUITY_MULTIPLIER":2.702191687552,"EQUITY_RATIO":1.994921679295},{"SECUCODE":"02607.HK","SECURITY_CODE":"02607","SECURITY_NAME_ABBR":"上海医药","ORG_CODE":"10004293","STD_REPORT_DATE":"2023-03-31 00:00:00","REPORT_DATE":"2023-03-31 00:00:00","DATE_TYPE_CODE":"003","REPORT_TYPE":"2023年一季报","PER_NETCASH_OPERATE":-0.709293770125,"PER_OI":17.906307031373,"BPS":18.491065747226,"BASIC_EPS":0.41,"DILUTED_EPS":0.41,"OPERATE_INCOME":66226461496.33,"OPERATE_INCOME_YOY":16.3946162974,"GROSS_PROFIT":8634847807.73,"GROSS_PROFIT_YOY":17.798446115954,"HOLDER_PROFIT":1517649326.44,"HOLDER_PROFIT_YOY":21.3130848874,"GROSS_PROFIT_RATIO":13.038365047193,"EPS_TTM":1.590856836404,"OPERATE_INCOME_QOQ":4.021119110156,"NET_PROFIT_RATIO":2.9490412903,"ROE_AVG":2.237918071194,"GROSS_PROFIT_QOQ":4.279483955804,"ROA":0.750994232642,"HOLDER_PROFIT_QOQ":4.746723399636,"ROE_YEARLY":8.951672284776,"ROIC_YEARLY":3.707507139796,"TOTAL_ASSETS":206035799280.43,"TOTAL_LIABILITIES":126154932388.23,"TAX_EBT":21.624127524987,"OCF_SALES":-3.961139328628,"TOTAL_PARENT_EQUITY":68567457618.33,"DEBT_ASSET_RATIO":61.2296177794,"OPERATE_PROFIT":2910073583.04,"PRETAX_PROFIT":2491896591.33,"NETCASH_OPERATE":-2623322412.29,"NETCASH_INVEST":-2106217466.71,"NETCASH_FINANCE":4313048743.92,"END_CASH":24104731465.82,"DIVI_RATIO":0.301142593549,"DIVIDEND_RATE":4.265177705977,"CURRENT_RATIO":1.375045650227,"COMMON_ACS":null,"CURRENTDEBT_DEBT":90.604412678504,"ISSUED_COMMON_SHARES":3708139842,"HK_COMMON_SHARES":919072704,"PER_SHARES":100,"TOTAL_MARKET_CAP":45906771243.96,"HKSK_MARKET_CAP":11378120075.52,"PE_TTM":10.165253624602,"PB_TTM":0.584178539207,"REPORT_DATE_SQ":"2022-03-31 00:00:00","REPORT_TYPE_SQ":"2022年一季报","OPERATE_INCOME_SQ":56898217119.51,"DPS_HKD":0.528029,"OPERATE_INCOME_QOQ_SQ":2.454881361883,"NET_PROFIT_RATIO_SQ":2.6931099429,"HOLDER_PROFIT_SQ":1251018657.92,"HOLDER_PROFIT_QOQ_SQ":-17.063551622093,"ROE_AVG_SQ":2.197049593582,"PE_TTM_SQ":8.722427289138,"PB_TTM_SQ":0.596222455782,"ROA_SQ":0.72426502878,"START_DATE":"2023-01-01 00:00:00","FISCAL_YEAR":"12-31","CURRENCY":"HKD","IS_CNY_CODE":0,"DPS_HKD_LY":0.663798,"ORG_TYPE":"一般企业","PREMIUM_INCOME":null,"PREMIUM_INCOME_YOY":null,"NET_INTEREST_INCOME":null,"NET_INTEREST_INCOME_YOY":null,"FEE_COMMISSION_INCOME":null,"FEE_COMMISSION_INCOME_YOY":null,"ACCOUNTS_RECE_TDAYS":0.894816427434,"INVENTORY_TDAYS":1.729266542405,"CURRENT_ASSETS_TDAYS":0.431888350695,"TOTAL_ASSETS_TDAYS":0.327715301325,"PREMIUM_EXPENSE":null,"LOAN_DEPOSIT":null,"LOAN_EQUITY":null,"LOAN_ASSETS":null,"DEPOSIT_EQUITY":null,"DEPOSIT_ASSETS":null,"EQUITY_MULTIPLIER":2.57928847415,"EQUITY_RATIO":1.839865976809},{"SECUCODE":"02607.HK","SECURITY_CODE":"02607","SECURITY_NAME_ABBR":"上海医药","ORG_CODE":"10004293","STD_REPORT_DATE":"2022-12-31 00:00:00","REPORT_DATE":"2022-12-31 00:00:00","DATE_TYPE_CODE":"001","REPORT_TYPE":"2022年年报","PER_NETCASH_OPERATE":1.282840284129,"PER_OI":62.739257056804,"BPS":18.085349729707,"BASIC_EPS":1.61,"DILUTED_EPS":1.61,"OPERATE_INCOME":231981299764.51,"OPERATE_INCOME_YOY":7.4862023395,"GROSS_PROFIT":30486376677.04,"GROSS_PROFIT_YOY":6.808182231788,"HOLDER_PROFIT":5617152003.01,"HOLDER_PROFIT_YOY":10.2814981467,"GROSS_PROFIT_RATIO":13.141738884982,"EPS_TTM":1.519156689792,"OPERATE_INCOME_QOQ":1.097269770765,"NET_PROFIT_RATIO":3.0140424145,"ROE_AVG":9.649599842132,"GROSS_PROFIT_QOQ":3.313161904608,"ROA":3.107086109589,"HOLDER_PROFIT_QOQ":3.577456096826,"ROE_YEARLY":9.649599842132,"ROIC_YEARLY":3.858829157621,"TOTAL_ASSETS":198134901498.95,"TOTAL_LIABILITIES":120132450441.52,"TAX_EBT":20.620636509563,"OCF_SALES":2.044717046885,"TOTAL_PARENT_EQUITY":67063005889.23,"DEBT_ASSET_RATIO":60.6316451734,"OPERATE_PROFIT":10121545749.19,"PRETAX_PROFIT":8808353281.13,"NETCASH_OPERATE":4743361181.87,"NETCASH_INVEST":-12473124179.46,"NETCASH_FINANCE":12138594111.89,"END_CASH":24533891305.82,"DIVI_RATIO":0.315355721302,"DIVIDEND_RATE":4.265177705977,"CURRENT_RATIO":1.35072235725,"COMMON_ACS":null,"CURRENTDEBT_DEBT":92.140837569666,"ISSUED_COMMON_SHARES":3708139842,"HK_COMMON_SHARES":919072704,"PER_SHARES":100,"TOTAL_MARKET_CAP":45906771243.96,"HKSK_MARKET_CAP":11378120075.52,"PE_TTM":10.165253624602,"PB_TTM":0.584178539207,"REPORT_DATE_SQ":"2021-12-31 00:00:00","REPORT_TYPE_SQ":"2021年年报","OPERATE_INCOME_SQ":215824259035.31,"DPS_HKD":0.528029,"OPERATE_INCOME_QOQ_SQ":1.53600101586,"NET_PROFIT_RATIO_SQ":2.9072586521,"HOLDER_PROFIT_SQ":5093467260.97,"HOLDER_PROFIT_QOQ_SQ":-5.298651747744,"ROE_AVG_SQ":10.7554506951,"PE_TTM_SQ":8.722427289138,"PB_TTM_SQ":0.596222455782,"ROA_SQ":3.258555617519,"START_DATE":"2022-01-01 00:00:00","FISCAL_YEAR":"12-31","CURRENCY":"HKD","IS_CNY_CODE":0,"DPS_HKD_LY":0.492121,"ORG_TYPE":"一般企业","PREMIUM_INCOME":null,"PREMIUM_INCOME_YOY":null,"NET_INTEREST_INCOME":null,"NET_INTEREST_INCOME_YOY":null,"FEE_COMMISSION_INCOME":null,"FEE_COMMISSION_INCOME_YOY":null,"ACCOUNTS_RECE_TDAYS":3.536502863353,"INVENTORY_TDAYS":6.545841664965,"CURRENT_ASSETS_TDAYS":1.744172413234,"TOTAL_ASSETS_TDAYS":1.283187412049,"PREMIUM_EXPENSE":null,"LOAN_DEPOSIT":null,"LOAN_EQUITY":null,"LOAN_ASSETS":null,"DEPOSIT_EQUITY":null,"DEPOSIT_ASSETS":null,"EQUITY_MULTIPLIER":2.540111224877,"EQUITY_RATIO":1.791337099323},{"SECUCODE":"02607.HK","SECURITY_CODE":"02607","SECURITY_NAME_ABBR":"上海医药","ORG_CODE":"10004293","STD_REPORT_DATE":"2022-09-30 00:00:00","REPORT_DATE":"2022-09-30 00:00:00","DATE_TYPE_CODE":"004","REPORT_TYPE":"2022年三季报","PER_NETCASH_OPERATE":-0.042948048085,"PER_OI":47.238189189781,"BPS":17.845856813873,"BASIC_EPS":1.45,"DILUTED_EPS":1.45,"OPERATE_INCOME":174611918877.5,"OPERATE_INCOME_YOY":8.4729935636,"GROSS_PROFIT":22677509953.69,"GROSS_PROFIT_YOY":4.447308183205,"HOLDER_PROFIT":4813906174.07,"HOLDER_PROFIT_YOY":7.351855133,"GROSS_PROFIT_RATIO":12.987378009172,"EPS_TTM":1.467135724067,"OPERATE_INCOME_QOQ":3.225100013173,"NET_PROFIT_RATIO":3.4271717466,"ROE_AVG":8.333285411116,"GROSS_PROFIT_QOQ":-0.172863332174,"ROA":2.688933018628,"HOLDER_PROFIT_QOQ":3.865457696446,"ROE_YEARLY":11.111047214821,"ROIC_YEARLY":3.319658755191,"TOTAL_ASSETS":194617751423.18,"TOTAL_LIABILITIES":118002009380.55,"TAX_EBT":20.925902598045,"OCF_SALES":-0.090918066127,"TOTAL_PARENT_EQUITY":66174932666.15,"DEBT_ASSET_RATIO":60.6327061728,"OPERATE_PROFIT":8565495368.55,"PRETAX_PROFIT":7567902191.22,"NETCASH_OPERATE":-158753779.87,"NETCASH_INVEST":-14084370301.54,"NETCASH_FINANCE":17155757992.12,"END_CASH":23072337435.21,"DIVI_RATIO":0.32653744696,"DIVIDEND_RATE":4.265177705977,"CURRENT_RATIO":1.373153578127,"COMMON_ACS":null,"CURRENTDEBT_DEBT":91.014078429458,"ISSUED_COMMON_SHARES":3708139842,"HK_COMMON_SHARES":919072704,"PER_SHARES":100,"TOTAL_MARKET_CAP":45906771243.96,"HKSK_MARKET_CAP":11378120075.52,"PE_TTM":10.165253624602,"PB_TTM":0.584178539207,"REPORT_DATE_SQ":"2021-09-30 00:00:00","REPORT_TYPE_SQ":"2021年三季报","OPERATE_INCOME_SQ":160972711401.28,"DPS_HKD":0.528029,"OPERATE_INCOME_QOQ_SQ":1.227643949518,"NET_PROFIT_RATIO_SQ":3.3322103827,"HOLDER_PROFIT_SQ":4484231938.15,"HOLDER_PROFIT_QOQ_SQ":-4.317313309184,"ROE_AVG_SQ":9.539553700468,"PE_TTM_SQ":8.722427289138,"PB_TTM_SQ":0.596222455782,"ROA_SQ":2.870119648812,"START_DATE":"2022-01-01 00:00:00","FISCAL_YEAR":"12-31","CURRENCY":"HKD","IS_CNY_CODE":0,"DPS_HKD_LY":0.492121,"ORG_TYPE":"一般企业","PREMIUM_INCOME":null,"PREMIUM_INCOME_YOY":null,"NET_INTEREST_INCOME":null,"NET_INTEREST_INCOME_YOY":null,"FEE_COMMISSION_INCOME":null,"FEE_COMMISSION_INCOME_YOY":null,"ACCOUNTS_RECE_TDAYS":2.570158213032,"INVENTORY_TDAYS":5.47943437641,"CURRENT_ASSETS_TDAYS":1.322972984608,"TOTAL_ASSETS_TDAYS":0.975340476399,"PREMIUM_EXPENSE":null,"LOAN_DEPOSIT":null,"LOAN_EQUITY":null,"LOAN_ASSETS":null,"DEPOSIT_EQUITY":null,"DEPOSIT_ASSETS":null,"EQUITY_MULTIPLIER":2.540179684155,"EQUITY_RATIO":1.78318291574}],"count":60},"success":true,"message":"ok","code":0}