{"version":"6e1fb642018e0d60536d01dbdf1b3aad","result":{"pages":2,"data":[{"SECUCODE":"02602.HK","SECURITY_CODE":"02602","SECURITY_NAME_ABBR":"万物云","ORG_CODE":"10015007","STD_REPORT_DATE":"2024-06-30 00:00:00","REPORT_DATE":"2024-06-30 00:00:00","DATE_TYPE_CODE":"002","REPORT_TYPE":"2024年中报","PER_NETCASH_OPERATE":-1.665173415805,"PER_OI":14.936154812428,"BPS":14.954373533636,"BASIC_EPS":0.66,"DILUTED_EPS":0.66,"OPERATE_INCOME":17559770000,"OPERATE_INCOME_YOY":9.6138060272,"GROSS_PROFIT":2396531000,"GROSS_PROFIT_YOY":-0.642653165464,"HOLDER_PROFIT":771663000,"HOLDER_PROFIT_YOY":-22.6583665169,"GROSS_PROFIT_RATIO":13.647849601675,"EPS_TTM":1.470351009654,"OPERATE_INCOME_QOQ":4.641167897571,"NET_PROFIT_RATIO":4.5810565856,"ROE_AVG":4.415485714129,"GROSS_PROFIT_QOQ":-0.322147768169,"ROA":1.978006623551,"HOLDER_PROFIT_QOQ":-11.565481282,"ROE_YEARLY":8.830971428258,"ROIC_YEARLY":6.356209784255,"TOTAL_ASSETS":38641192000,"TOTAL_LIABILITIES":20548248000,"TAX_EBT":25.790620032823,"OCF_SALES":-11.148608438493,"TOTAL_PARENT_EQUITY":17347150000,"DEBT_ASSET_RATIO":53.1770552006,"OPERATE_PROFIT":1106697000,"PRETAX_PROFIT":1083991000,"NETCASH_OPERATE":-1957670000,"NETCASH_INVEST":77242000,"NETCASH_FINANCE":-1498113000,"END_CASH":12197096000,"DIVI_RATIO":0.913235626856,"DIVIDEND_RATE":6.654504504505,"CURRENT_RATIO":1.345815403956,"COMMON_ACS":null,"CURRENTDEBT_DEBT":88.098698244249,"ISSUED_COMMON_SHARES":1160005129,"HK_COMMON_SHARES":1160005129,"PER_SHARES":100,"TOTAL_MARKET_CAP":25752113863.8,"HKSK_MARKET_CAP":25752113863.8,"PE_TTM":13.410427274688,"PB_TTM":1.35488764905,"REPORT_DATE_SQ":"2023-06-30 00:00:00","REPORT_TYPE_SQ":"2023年中报","OPERATE_INCOME_SQ":16019670000,"DPS_HKD":1.4773,"OPERATE_INCOME_QOQ_SQ":5.900736147114,"NET_PROFIT_RATIO_SQ":6.554236136,"HOLDER_PROFIT_SQ":997733000,"HOLDER_PROFIT_QOQ_SQ":8.21832650332,"ROE_AVG_SQ":5.984497503128,"PE_TTM_SQ":11.788045720383,"PB_TTM_SQ":1.127539876017,"ROA_SQ":2.712658293547,"START_DATE":"2024-01-01 00:00:00","FISCAL_YEAR":"12-31","CURRENCY":"HKD","IS_CNY_CODE":0,"DPS_HKD_LY":1.8234,"ORG_TYPE":"一般企业","PREMIUM_INCOME":null,"PREMIUM_INCOME_YOY":null,"NET_INTEREST_INCOME":null,"NET_INTEREST_INCOME_YOY":null,"FEE_COMMISSION_INCOME":null,"FEE_COMMISSION_INCOME_YOY":null,"ACCOUNTS_RECE_TDAYS":2.164333352869,"INVENTORY_TDAYS":144.521911932901,"CURRENT_ASSETS_TDAYS":0.713116181468,"TOTAL_ASSETS_TDAYS":0.450110234235,"PREMIUM_EXPENSE":null,"LOAN_DEPOSIT":null,"LOAN_EQUITY":null,"LOAN_ASSETS":null,"DEPOSIT_EQUITY":null,"DEPOSIT_ASSETS":null,"EQUITY_MULTIPLIER":2.135705057177,"EQUITY_RATIO":1.184531637762},{"SECUCODE":"02602.HK","SECURITY_CODE":"02602","SECURITY_NAME_ABBR":"万物云","ORG_CODE":"10015007","STD_REPORT_DATE":"2023-12-31 00:00:00","REPORT_DATE":"2023-12-31 00:00:00","DATE_TYPE_CODE":"001","REPORT_TYPE":"2023年年报","PER_NETCASH_OPERATE":2.194568256246,"PER_OI":28.158115697091,"BPS":15.177024273313,"BASIC_EPS":1.66,"DILUTED_EPS":1.66,"OPERATE_INCOME":33183458000,"OPERATE_INCOME_YOY":10.2227965818,"GROSS_PROFIT":4811767000,"GROSS_PROFIT_YOY":13.733191514507,"HOLDER_PROFIT":1954696000,"HOLDER_PROFIT_YOY":29.3088541057,"GROSS_PROFIT_RATIO":14.500499013695,"EPS_TTM":1.658674515496,"OPERATE_INCOME_QOQ":4.081237385033,"NET_PROFIT_RATIO":6.1350718783,"ROE_AVG":11.476062289425,"GROSS_PROFIT_QOQ":6.560191374717,"ROA":5.12418586994,"HOLDER_PROFIT_QOQ":19.580552627603,"ROE_YEARLY":11.476062289425,"ROIC_YEARLY":8.494079086352,"TOTAL_ASSETS":39383117000,"TOTAL_LIABILITIES":21162876000,"TAX_EBT":23.402328448756,"OCF_SALES":7.793732648358,"TOTAL_PARENT_EQUITY":17605426000,"DEBT_ASSET_RATIO":53.7359092222,"OPERATE_PROFIT":2690008000,"PRETAX_PROFIT":2657821000,"NETCASH_OPERATE":2586230000,"NETCASH_INVEST":152402000,"NETCASH_FINANCE":-516825000,"END_CASH":15572483000,"DIVI_RATIO":0.809548174434,"DIVIDEND_RATE":7.423618090452,"CURRENT_RATIO":1.331993491898,"COMMON_ACS":null,"CURRENTDEBT_DEBT":88.279868010378,"ISSUED_COMMON_SHARES":1160005129,"HK_COMMON_SHARES":1160005129,"PER_SHARES":100,"TOTAL_MARKET_CAP":23084102067.1,"HKSK_MARKET_CAP":23084102067.1,"PE_TTM":12.021058683167,"PB_TTM":1.21451640613,"REPORT_DATE_SQ":"2022-12-31 00:00:00","REPORT_TYPE_SQ":"2022年年报","OPERATE_INCOME_SQ":30105803000,"DPS_HKD":1.4773,"OPERATE_INCOME_QOQ_SQ":8.915055541036,"NET_PROFIT_RATIO_SQ":5.2684029056,"HOLDER_PROFIT_SQ":1511649000,"HOLDER_PROFIT_QOQ_SQ":-15.70869894218,"ROE_AVG_SQ":11.463447600997,"PE_TTM_SQ":12.204458601123,"PB_TTM_SQ":1.167370237983,"ROA_SQ":4.602760687404,"START_DATE":"2023-01-01 00:00:00","FISCAL_YEAR":"12-31","CURRENCY":"HKD","IS_CNY_CODE":0,"DPS_HKD_LY":0.26426,"ORG_TYPE":"一般企业","PREMIUM_INCOME":null,"PREMIUM_INCOME_YOY":null,"NET_INTEREST_INCOME":null,"NET_INTEREST_INCOME_YOY":null,"FEE_COMMISSION_INCOME":null,"FEE_COMMISSION_INCOME_YOY":null,"ACCOUNTS_RECE_TDAYS":5.082081380945,"INVENTORY_TDAYS":450.330005396654,"CURRENT_ASSETS_TDAYS":1.421929781429,"TOTAL_ASSETS_TDAYS":0.869895915269,"PREMIUM_EXPENSE":null,"LOAN_DEPOSIT":null,"LOAN_EQUITY":null,"LOAN_ASSETS":null,"DEPOSIT_EQUITY":null,"DEPOSIT_ASSETS":null,"EQUITY_MULTIPLIER":2.161503626653,"EQUITY_RATIO":1.20206554502},{"SECUCODE":"02602.HK","SECURITY_CODE":"02602","SECURITY_NAME_ABBR":"万物云","ORG_CODE":"10015007","STD_REPORT_DATE":"2023-06-30 00:00:00","REPORT_DATE":"2023-06-30 00:00:00","DATE_TYPE_CODE":"002","REPORT_TYPE":"2023年中报","PER_NETCASH_OPERATE":-0.929634363645,"PER_OI":13.593632143136,"BPS":14.554869265582,"BASIC_EPS":0.85,"DILUTED_EPS":0.85,"OPERATE_INCOME":16019670000,"OPERATE_INCOME_YOY":12.4723605065,"GROSS_PROFIT":2412032000,"GROSS_PROFIT_YOY":13.387704178601,"HOLDER_PROFIT":997733000,"HOLDER_PROFIT_YOY":14.2098864922,"GROSS_PROFIT_RATIO":15.056689682122,"EPS_TTM":1.387077145112,"OPERATE_INCOME_QOQ":5.900736147114,"NET_PROFIT_RATIO":6.554236136,"ROE_AVG":5.984497503128,"GROSS_PROFIT_QOQ":6.731406960941,"ROA":2.712658293547,"HOLDER_PROFIT_QOQ":8.21832650332,"ROE_YEARLY":11.968995006256,"ROIC_YEARLY":8.546658655671,"TOTAL_ASSETS":36651452000,"TOTAL_LIABILITIES":19165252000,"TAX_EBT":24.956419751233,"OCF_SALES":-6.838748863116,"TOTAL_PARENT_EQUITY":16883723000,"DEBT_ASSET_RATIO":52.2905668239,"OPERATE_PROFIT":1402208000,"PRETAX_PROFIT":1399143000,"NETCASH_OPERATE":-1095545000,"NETCASH_INVEST":207256000,"NETCASH_FINANCE":-120906000,"END_CASH":12339885000,"DIVI_RATIO":0.968062180775,"DIVIDEND_RATE":7.423618090452,"CURRENT_RATIO":1.317190489718,"COMMON_ACS":null,"CURRENTDEBT_DEBT":88.309154505247,"ISSUED_COMMON_SHARES":1160005129,"HK_COMMON_SHARES":1160005129,"PER_SHARES":100,"TOTAL_MARKET_CAP":23084102067.1,"HKSK_MARKET_CAP":23084102067.1,"PE_TTM":12.021058683167,"PB_TTM":1.21451640613,"REPORT_DATE_SQ":"2022-06-30 00:00:00","REPORT_TYPE_SQ":"2022年中报","OPERATE_INCOME_SQ":14243206000,"DPS_HKD":1.4773,"OPERATE_INCOME_QOQ_SQ":7.119058973654,"NET_PROFIT_RATIO_SQ":6.3707426544,"HOLDER_PROFIT_SQ":873596000,"HOLDER_PROFIT_QOQ_SQ":5.554861799958,"ROE_AVG_SQ":8.627427539087,"PE_TTM_SQ":12.204458601123,"PB_TTM_SQ":1.167370237983,"ROA_SQ":3.073941320594,"START_DATE":"2023-01-01 00:00:00","FISCAL_YEAR":"12-31","CURRENCY":"HKD","IS_CNY_CODE":0,"DPS_HKD_LY":0.26426,"ORG_TYPE":"一般企业","PREMIUM_INCOME":null,"PREMIUM_INCOME_YOY":null,"NET_INTEREST_INCOME":null,"NET_INTEREST_INCOME_YOY":null,"FEE_COMMISSION_INCOME":null,"FEE_COMMISSION_INCOME_YOY":null,"ACCOUNTS_RECE_TDAYS":2.343450582638,"INVENTORY_TDAYS":135.922787250407,"CURRENT_ASSETS_TDAYS":0.726815519464,"TOTAL_ASSETS_TDAYS":0.435546290294,"PREMIUM_EXPENSE":null,"LOAN_DEPOSIT":null,"LOAN_EQUITY":null,"LOAN_ASSETS":null,"DEPOSIT_EQUITY":null,"DEPOSIT_ASSETS":null,"EQUITY_MULTIPLIER":2.09602154842,"EQUITY_RATIO":1.135131866354},{"SECUCODE":"02602.HK","SECURITY_CODE":"02602","SECURITY_NAME_ABBR":"万物云","ORG_CODE":"10015007","STD_REPORT_DATE":"2022-12-31 00:00:00","REPORT_DATE":"2022-12-31 00:00:00","DATE_TYPE_CODE":"001","REPORT_TYPE":"2022年年报","PER_NETCASH_OPERATE":2.338895381778,"PER_OI":25.546544426679,"BPS":14.189341571437,"BASIC_EPS":1.4,"DILUTED_EPS":1.4,"OPERATE_INCOME":30105803000,"OPERATE_INCOME_YOY":27.0043808909,"GROSS_PROFIT":4230750000,"GROSS_PROFIT_YOY":5.242223157543,"HOLDER_PROFIT":1511649000,"HOLDER_PROFIT_YOY":-9.4236053062,"GROSS_PROFIT_RATIO":14.052938564701,"EPS_TTM":1.281739599872,"OPERATE_INCOME_QOQ":8.915055541036,"NET_PROFIT_RATIO":5.2684029056,"ROE_AVG":11.463447600997,"GROSS_PROFIT_QOQ":-5.114817630713,"ROA":4.602760687404,"HOLDER_PROFIT_QOQ":-15.70869894218,"ROE_YEARLY":11.463447600997,"ROIC_YEARLY":6.806995655008,"TOTAL_ASSETS":36962985000,"TOTAL_LIABILITIES":19961481000,"TAX_EBT":21.45322606745,"OCF_SALES":9.155427609754,"TOTAL_PARENT_EQUITY":16460196000,"DEBT_ASSET_RATIO":53.9391384765,"OPERATE_PROFIT":2041550000,"PRETAX_PROFIT":2020773000,"NETCASH_OPERATE":2756315000,"NETCASH_INVEST":-36490000,"NETCASH_FINANCE":4182917000,"END_CASH":13345063000,"DIVI_RATIO":1.047620691546,"DIVIDEND_RATE":7.423618090452,"CURRENT_RATIO":1.230063729765,"COMMON_ACS":null,"CURRENTDEBT_DEBT":88.738626157047,"ISSUED_COMMON_SHARES":1160005129,"HK_COMMON_SHARES":1160005129,"PER_SHARES":100,"TOTAL_MARKET_CAP":23084102067.1,"HKSK_MARKET_CAP":23084102067.1,"PE_TTM":12.021058683167,"PB_TTM":1.21451640613,"REPORT_DATE_SQ":"2021-12-31 00:00:00","REPORT_TYPE_SQ":"2021年年报","OPERATE_INCOME_SQ":23704539000,"DPS_HKD":1.4773,"OPERATE_INCOME_QOQ_SQ":30.636168907006,"NET_PROFIT_RATIO_SQ":7.2319103105,"HOLDER_PROFIT_SQ":1667642000,"HOLDER_PROFIT_QOQ_SQ":13.906938271453,"ROE_AVG_SQ":20.653884064108,"PE_TTM_SQ":12.204458601123,"PB_TTM_SQ":1.167370237983,"ROA_SQ":6.988104242239,"START_DATE":"2022-01-01 00:00:00","FISCAL_YEAR":"12-31","CURRENCY":"HKD","IS_CNY_CODE":0,"DPS_HKD_LY":null,"ORG_TYPE":"一般企业","PREMIUM_INCOME":null,"PREMIUM_INCOME_YOY":null,"NET_INTEREST_INCOME":null,"NET_INTEREST_INCOME_YOY":null,"FEE_COMMISSION_INCOME":null,"FEE_COMMISSION_INCOME_YOY":null,"ACCOUNTS_RECE_TDAYS":5.579190517278,"INVENTORY_TDAYS":156.228621628639,"CURRENT_ASSETS_TDAYS":1.69623675081,"TOTAL_ASSETS_TDAYS":0.917383143954,"PREMIUM_EXPENSE":null,"LOAN_DEPOSIT":null,"LOAN_EQUITY":null,"LOAN_ASSETS":null,"DEPOSIT_EQUITY":null,"DEPOSIT_ASSETS":null,"EQUITY_MULTIPLIER":2.17104059048,"EQUITY_RATIO":1.212712230158},{"SECUCODE":"02602.HK","SECURITY_CODE":"02602","SECURITY_NAME_ABBR":"万物云","ORG_CODE":"10015007","STD_REPORT_DATE":"2022-06-30 00:00:00","REPORT_DATE":"2022-06-30 00:00:00","DATE_TYPE_CODE":"002","REPORT_TYPE":"2022年中报","PER_NETCASH_OPERATE":-1.757253289161,"PER_OI":13.559534281526,"BPS":8.921529518513,"BASIC_EPS":0.83,"DILUTED_EPS":0.83,"OPERATE_INCOME":14243206000,"OPERATE_INCOME_YOY":38.2003514195,"GROSS_PROFIT":2127243000,"GROSS_PROFIT_YOY":25.988291001484,"HOLDER_PROFIT":873596000,"HOLDER_PROFIT_YOY":16.6047945132,"GROSS_PROFIT_RATIO":14.935141708966,"EPS_TTM":1.705972848956,"OPERATE_INCOME_QOQ":7.119058973654,"NET_PROFIT_RATIO":6.3707426544,"ROE_AVG":8.627427539087,"GROSS_PROFIT_QOQ":3.411255724506,"ROA":3.073941320594,"HOLDER_PROFIT_QOQ":5.554861799958,"ROE_YEARLY":17.254855078174,"ROIC_YEARLY":7.651856235779,"TOTAL_ASSETS":28088920000,"TOTAL_LIABILITIES":17235800000,"TAX_EBT":20.902476023515,"OCF_SALES":-12.959540148475,"TOTAL_PARENT_EQUITY":10349020000,"DEBT_ASSET_RATIO":61.3615617831,"OPERATE_PROFIT":1148843000,"PRETAX_PROFIT":1147687000,"NETCASH_OPERATE":-1845854000,"NETCASH_INVEST":-385590000,"NETCASH_FINANCE":-1387683000,"END_CASH":2812157000,"DIVI_RATIO":0.787103339201,"DIVIDEND_RATE":7.423618090452,"CURRENT_RATIO":0.861322974079,"COMMON_ACS":null,"CURRENTDEBT_DEBT":87.410790331751,"ISSUED_COMMON_SHARES":1160005129,"HK_COMMON_SHARES":1160005129,"PER_SHARES":100,"TOTAL_MARKET_CAP":23084102067.1,"HKSK_MARKET_CAP":23084102067.1,"PE_TTM":12.021058683167,"PB_TTM":1.21451640613,"REPORT_DATE_SQ":"2021-06-30 00:00:00","REPORT_TYPE_SQ":"2021年中报","OPERATE_INCOME_SQ":10306201000,"DPS_HKD":1.4773,"OPERATE_INCOME_QOQ_SQ":0,"NET_PROFIT_RATIO_SQ":7.5158538049,"HOLDER_PROFIT_SQ":748856000,"HOLDER_PROFIT_QOQ_SQ":0,"ROE_AVG_SQ":null,"PE_TTM_SQ":12.204458601123,"PB_TTM_SQ":1.167370237983,"ROA_SQ":null,"START_DATE":"2022-01-01 00:00:00","FISCAL_YEAR":"12-31","CURRENCY":"HKD","IS_CNY_CODE":0,"DPS_HKD_LY":null,"ORG_TYPE":"一般企业","PREMIUM_INCOME":null,"PREMIUM_INCOME_YOY":null,"NET_INTEREST_INCOME":null,"NET_INTEREST_INCOME_YOY":null,"FEE_COMMISSION_INCOME":null,"FEE_COMMISSION_INCOME_YOY":null,"ACCOUNTS_RECE_TDAYS":2.597279123689,"INVENTORY_TDAYS":50.586671064553,"CURRENT_ASSETS_TDAYS":1.067505299132,"TOTAL_ASSETS_TDAYS":0.501404937931,"PREMIUM_EXPENSE":null,"LOAN_DEPOSIT":null,"LOAN_EQUITY":null,"LOAN_ASSETS":null,"DEPOSIT_EQUITY":null,"DEPOSIT_ASSETS":null,"EQUITY_MULTIPLIER":2.588096326219,"EQUITY_RATIO":1.665452380998},{"SECUCODE":"02602.HK","SECURITY_CODE":"02602","SECURITY_NAME_ABBR":"万物云","ORG_CODE":"10015007","STD_REPORT_DATE":"2022-03-31 00:00:00","REPORT_DATE":"2022-03-31 00:00:00","DATE_TYPE_CODE":"003","REPORT_TYPE":"2022年一季报","PER_NETCASH_OPERATE":-1.825410788066,"PER_OI":6.518841987015,"BPS":8.694087420712,"BASIC_EPS":0.3,"DILUTED_EPS":0.3,"OPERATE_INCOME":6847522000,"OPERATE_INCOME_YOY":44.2325997276,"GROSS_PROFIT":990869000,"GROSS_PROFIT_YOY":41.72379515272,"HOLDER_PROFIT":311651000,"HOLDER_PROFIT_YOY":10.6679829125,"GROSS_PROFIT_RATIO":14.470475596866,"EPS_TTM":1.616195426591,"OPERATE_INCOME_QOQ":8.858923601088,"NET_PROFIT_RATIO":4.6549978226,"ROE_AVG":3.119843396677,"GROSS_PROFIT_QOQ":7.256545502849,"ROA":1.092080677889,"HOLDER_PROFIT_QOQ":1.801465782224,"ROE_YEARLY":12.479373586709,"ROIC_YEARLY":5.552413607432,"TOTAL_ASSETS":28350455000,"TOTAL_LIABILITIES":17789188000,"TAX_EBT":25.392229605582,"OCF_SALES":-28.002071406269,"TOTAL_PARENT_EQUITY":10085186000,"DEBT_ASSET_RATIO":62.7474514959,"OPERATE_PROFIT":434582000,"PRETAX_PROFIT":427237000,"NETCASH_OPERATE":-1917448000,"NETCASH_INVEST":-178386000,"NETCASH_FINANCE":-480369000,"END_CASH":3854385000,"DIVI_RATIO":0.830825841917,"DIVIDEND_RATE":7.423618090452,"CURRENT_RATIO":0.85152787404,"COMMON_ACS":null,"CURRENTDEBT_DEBT":88.089287717911,"ISSUED_COMMON_SHARES":1160005129,"HK_COMMON_SHARES":1160005129,"PER_SHARES":100,"TOTAL_MARKET_CAP":23084102067.1,"HKSK_MARKET_CAP":23084102067.1,"PE_TTM":12.021058683167,"PB_TTM":1.21451640613,"REPORT_DATE_SQ":"2021-03-31 00:00:00","REPORT_TYPE_SQ":"2021年一季报","OPERATE_INCOME_SQ":4747555000,"DPS_HKD":1.4773,"OPERATE_INCOME_QOQ_SQ":0,"NET_PROFIT_RATIO_SQ":6.0543374432,"HOLDER_PROFIT_SQ":281609000,"HOLDER_PROFIT_QOQ_SQ":0,"ROE_AVG_SQ":null,"PE_TTM_SQ":12.204458601123,"PB_TTM_SQ":1.167370237983,"ROA_SQ":null,"START_DATE":"2022-01-01 00:00:00","FISCAL_YEAR":"12-31","CURRENCY":"HKD","IS_CNY_CODE":0,"DPS_HKD_LY":null,"ORG_TYPE":"一般企业","PREMIUM_INCOME":null,"PREMIUM_INCOME_YOY":null,"NET_INTEREST_INCOME":null,"NET_INTEREST_INCOME_YOY":null,"FEE_COMMISSION_INCOME":null,"FEE_COMMISSION_INCOME_YOY":null,"ACCOUNTS_RECE_TDAYS":1.317295373802,"INVENTORY_TDAYS":24.340551009297,"CURRENT_ASSETS_TDAYS":0.506246252838,"TOTAL_ASSETS_TDAYS":0.239949381443,"PREMIUM_EXPENSE":null,"LOAN_DEPOSIT":null,"LOAN_EQUITY":null,"LOAN_ASSETS":null,"DEPOSIT_EQUITY":null,"DEPOSIT_ASSETS":null,"EQUITY_MULTIPLIER":2.684380103256,"EQUITY_RATIO":1.763892901926},{"SECUCODE":"02602.HK","SECURITY_CODE":"02602","SECURITY_NAME_ABBR":"万物云","ORG_CODE":"10015007","STD_REPORT_DATE":"2021-12-31 00:00:00","REPORT_DATE":"2021-12-31 00:00:00","DATE_TYPE_CODE":"001","REPORT_TYPE":"2021年年报","PER_NETCASH_OPERATE":2.697598103616,"PER_OI":22.566724738676,"BPS":8.528794186047,"BASIC_EPS":1.65,"DILUTED_EPS":1.65,"OPERATE_INCOME":23704539000,"OPERATE_INCOME_YOY":30.636168907,"GROSS_PROFIT":4020012000,"GROSS_PROFIT_YOY":19.475024741956,"HOLDER_PROFIT":1667642000,"HOLDER_PROFIT_YOY":13.9069382715,"GROSS_PROFIT_RATIO":16.9588280118,"EPS_TTM":1.587595438015,"OPERATE_INCOME_QOQ":30.636168907006,"NET_PROFIT_RATIO":7.2319103105,"ROE_AVG":20.653884064108,"GROSS_PROFIT_QOQ":19.475024741956,"ROA":6.988104242239,"HOLDER_PROFIT_QOQ":13.906938271453,"ROE_YEARLY":20.653884064108,"ROIC_YEARLY":10.120388996448,"TOTAL_ASSETS":28724266000,"TOTAL_LIABILITIES":18411688000,"TAX_EBT":26.108433200044,"OCF_SALES":11.953875162896,"TOTAL_PARENT_EQUITY":9893445000,"DEBT_ASSET_RATIO":64.098027779,"OPERATE_PROFIT":2296712000,"PRETAX_PROFIT":2320009000,"NETCASH_OPERATE":2833611000,"NETCASH_INVEST":518927000,"NETCASH_FINANCE":-2319303000,"END_CASH":6430557000,"DIVI_RATIO":0.845792885169,"DIVIDEND_RATE":7.423618090452,"CURRENT_RATIO":0.841940627524,"COMMON_ACS":null,"CURRENTDEBT_DEBT":88.432347973744,"ISSUED_COMMON_SHARES":1160005129,"HK_COMMON_SHARES":1160005129,"PER_SHARES":100,"TOTAL_MARKET_CAP":23084102067.1,"HKSK_MARKET_CAP":23084102067.1,"PE_TTM":12.021058683167,"PB_TTM":1.21451640613,"REPORT_DATE_SQ":"2020-12-31 00:00:00","REPORT_TYPE_SQ":"2020年年报","OPERATE_INCOME_SQ":18145464000,"DPS_HKD":1.4773,"OPERATE_INCOME_QOQ_SQ":30.28712192301,"NET_PROFIT_RATIO_SQ":8.3704390254,"HOLDER_PROFIT_SQ":1464039000,"HOLDER_PROFIT_QOQ_SQ":43.548153043355,"ROE_AVG_SQ":24.933251257891,"PE_TTM_SQ":12.204458601123,"PB_TTM_SQ":1.167370237983,"ROA_SQ":8.335032272055,"START_DATE":"2021-01-01 00:00:00","FISCAL_YEAR":"12-31","CURRENCY":"HKD","IS_CNY_CODE":0,"DPS_HKD_LY":null,"ORG_TYPE":"一般企业","PREMIUM_INCOME":null,"PREMIUM_INCOME_YOY":null,"NET_INTEREST_INCOME":null,"NET_INTEREST_INCOME_YOY":null,"FEE_COMMISSION_INCOME":null,"FEE_COMMISSION_INCOME_YOY":null,"ACCOUNTS_RECE_TDAYS":6.291896036904,"INVENTORY_TDAYS":66.950871470625,"CURRENT_ASSETS_TDAYS":1.829330946141,"TOTAL_ASSETS_TDAYS":0.993317447907,"PREMIUM_EXPENSE":null,"LOAN_DEPOSIT":null,"LOAN_EQUITY":null,"LOAN_ASSETS":null,"DEPOSIT_EQUITY":null,"DEPOSIT_ASSETS":null,"EQUITY_MULTIPLIER":2.785362302228,"EQUITY_RATIO":1.860998671342},{"SECUCODE":"02602.HK","SECURITY_CODE":"02602","SECURITY_NAME_ABBR":"万物云","ORG_CODE":"10015007","STD_REPORT_DATE":"2021-06-30 00:00:00","REPORT_DATE":"2021-06-30 00:00:00","DATE_TYPE_CODE":"002","REPORT_TYPE":"2021年中报","PER_NETCASH_OPERATE":null,"PER_OI":null,"BPS":null,"BASIC_EPS":0.75,"DILUTED_EPS":0.75,"OPERATE_INCOME":10306201000,"OPERATE_INCOME_YOY":null,"GROSS_PROFIT":1688445000,"GROSS_PROFIT_YOY":null,"HOLDER_PROFIT":748856000,"HOLDER_PROFIT_YOY":null,"GROSS_PROFIT_RATIO":16.382806816983,"EPS_TTM":1.464039,"OPERATE_INCOME_QOQ":0,"NET_PROFIT_RATIO":7.5158538049,"ROE_AVG":null,"GROSS_PROFIT_QOQ":0,"ROA":null,"HOLDER_PROFIT_QOQ":0,"ROE_YEARLY":null,"ROIC_YEARLY":null,"TOTAL_ASSETS":null,"TOTAL_LIABILITIES":null,"TAX_EBT":26.543480322428,"OCF_SALES":-3.47383094896,"TOTAL_PARENT_EQUITY":null,"DEBT_ASSET_RATIO":null,"OPERATE_PROFIT":1037109000,"PRETAX_PROFIT":1054500000,"NETCASH_OPERATE":-358020000,"NETCASH_INVEST":-1506682000,"NETCASH_FINANCE":-33663000,"END_CASH":3498878000,"DIVI_RATIO":0.91717292094,"DIVIDEND_RATE":7.423618090452,"CURRENT_RATIO":null,"COMMON_ACS":null,"CURRENTDEBT_DEBT":null,"ISSUED_COMMON_SHARES":1160005129,"HK_COMMON_SHARES":1160005129,"PER_SHARES":100,"TOTAL_MARKET_CAP":23084102067.1,"HKSK_MARKET_CAP":23084102067.1,"PE_TTM":12.021058683167,"PB_TTM":1.21451640613,"REPORT_DATE_SQ":"2020-06-30 00:00:00","REPORT_TYPE_SQ":"2020年中报","OPERATE_INCOME_SQ":null,"DPS_HKD":1.4773,"OPERATE_INCOME_QOQ_SQ":0,"NET_PROFIT_RATIO_SQ":null,"HOLDER_PROFIT_SQ":null,"HOLDER_PROFIT_QOQ_SQ":0,"ROE_AVG_SQ":null,"PE_TTM_SQ":12.204458601123,"PB_TTM_SQ":1.167370237983,"ROA_SQ":null,"START_DATE":"2021-01-01 00:00:00","FISCAL_YEAR":"12-31","CURRENCY":"HKD","IS_CNY_CODE":0,"DPS_HKD_LY":null,"ORG_TYPE":"一般企业","PREMIUM_INCOME":null,"PREMIUM_INCOME_YOY":null,"NET_INTEREST_INCOME":null,"NET_INTEREST_INCOME_YOY":null,"FEE_COMMISSION_INCOME":null,"FEE_COMMISSION_INCOME_YOY":null,"ACCOUNTS_RECE_TDAYS":null,"INVENTORY_TDAYS":null,"CURRENT_ASSETS_TDAYS":1.688476576899,"TOTAL_ASSETS_TDAYS":1.084648788132,"PREMIUM_EXPENSE":null,"LOAN_DEPOSIT":null,"LOAN_EQUITY":null,"LOAN_ASSETS":null,"DEPOSIT_EQUITY":null,"DEPOSIT_ASSETS":null,"EQUITY_MULTIPLIER":null,"EQUITY_RATIO":null},{"SECUCODE":"02602.HK","SECURITY_CODE":"02602","SECURITY_NAME_ABBR":"万物云","ORG_CODE":"10015007","STD_REPORT_DATE":"2021-03-31 00:00:00","REPORT_DATE":"2021-03-31 00:00:00","DATE_TYPE_CODE":"003","REPORT_TYPE":"2021年一季报","PER_NETCASH_OPERATE":null,"PER_OI":null,"BPS":null,"BASIC_EPS":0.28,"DILUTED_EPS":0.28,"OPERATE_INCOME":4747555000,"OPERATE_INCOME_YOY":null,"GROSS_PROFIT":699155000,"GROSS_PROFIT_YOY":null,"HOLDER_PROFIT":281609000,"HOLDER_PROFIT_YOY":null,"GROSS_PROFIT_RATIO":14.72663297213,"EPS_TTM":1.464039,"OPERATE_INCOME_QOQ":0,"NET_PROFIT_RATIO":6.0543374432,"ROE_AVG":null,"GROSS_PROFIT_QOQ":0,"ROA":null,"HOLDER_PROFIT_QOQ":0,"ROE_YEARLY":null,"ROIC_YEARLY":null,"TOTAL_ASSETS":null,"TOTAL_LIABILITIES":null,"TAX_EBT":27.039684433366,"OCF_SALES":-19.142400667291,"TOTAL_PARENT_EQUITY":null,"DEBT_ASSET_RATIO":null,"OPERATE_PROFIT":403644000,"PRETAX_PROFIT":393958000,"NETCASH_OPERATE":-908796000,"NETCASH_INVEST":22522000,"NETCASH_FINANCE":-1853000,"END_CASH":4509746000,"DIVI_RATIO":0.91717292094,"DIVIDEND_RATE":7.423618090452,"CURRENT_RATIO":null,"COMMON_ACS":null,"CURRENTDEBT_DEBT":null,"ISSUED_COMMON_SHARES":1160005129,"HK_COMMON_SHARES":1160005129,"PER_SHARES":100,"TOTAL_MARKET_CAP":23084102067.1,"HKSK_MARKET_CAP":23084102067.1,"PE_TTM":12.021058683167,"PB_TTM":1.21451640613,"REPORT_DATE_SQ":"2020-03-31 00:00:00","REPORT_TYPE_SQ":"2020年一季报","OPERATE_INCOME_SQ":null,"DPS_HKD":1.4773,"OPERATE_INCOME_QOQ_SQ":0,"NET_PROFIT_RATIO_SQ":null,"HOLDER_PROFIT_SQ":null,"HOLDER_PROFIT_QOQ_SQ":0,"ROE_AVG_SQ":null,"PE_TTM_SQ":12.204458601123,"PB_TTM_SQ":1.167370237983,"ROA_SQ":null,"START_DATE":"2021-01-01 00:00:00","FISCAL_YEAR":"12-31","CURRENCY":"HKD","IS_CNY_CODE":0,"DPS_HKD_LY":null,"ORG_TYPE":"一般企业","PREMIUM_INCOME":null,"PREMIUM_INCOME_YOY":null,"NET_INTEREST_INCOME":null,"NET_INTEREST_INCOME_YOY":null,"FEE_COMMISSION_INCOME":null,"FEE_COMMISSION_INCOME_YOY":null,"ACCOUNTS_RECE_TDAYS":null,"INVENTORY_TDAYS":null,"CURRENT_ASSETS_TDAYS":0.777797310089,"TOTAL_ASSETS_TDAYS":0.499643833585,"PREMIUM_EXPENSE":null,"LOAN_DEPOSIT":null,"LOAN_EQUITY":null,"LOAN_ASSETS":null,"DEPOSIT_EQUITY":null,"DEPOSIT_ASSETS":null,"EQUITY_MULTIPLIER":null,"EQUITY_RATIO":null}],"count":11},"success":true,"message":"ok","code":0}