{"version":"59c3a13001bc1bc4d17c016f753f69ff","result":{"pages":9,"data":[{"SECUCODE":"02600.HK","SECURITY_CODE":"02600","SECURITY_NAME_ABBR":"中国铝业","ORG_CODE":"10013657","STD_REPORT_DATE":"2024-09-30 00:00:00","REPORT_DATE":"2024-09-30 00:00:00","DATE_TYPE_CODE":"004","REPORT_TYPE":"2024年三季报","PER_NETCASH_OPERATE":1.376495409803,"PER_OI":10.127871428595,"BPS":3.876135935864,"BASIC_EPS":0.525,"DILUTED_EPS":0.524,"OPERATE_INCOME":173777879000,"OPERATE_INCOME_YOY":-7.7634001172,"GROSS_PROFIT":26466854000,"GROSS_PROFIT_YOY":23.999059425379,"HOLDER_PROFIT":9016808000,"HOLDER_PROFIT_YOY":68.4609437676,"GROSS_PROFIT_RATIO":15.2302779573,"EPS_TTM":0.605027412671,"OPERATE_INCOME_QOQ":4.321837694946,"NET_PROFIT_RATIO":8.6469613316,"ROE_AVG":14.093684609243,"GROSS_PROFIT_QOQ":-3.827946572489,"ROA":4.233180787851,"HOLDER_PROFIT_QOQ":0.625955185532,"ROE_YEARLY":18.791579478991,"ROIC_YEARLY":5.949412415713,"TOTAL_ASSETS":214250471000,"TOTAL_LIABILITIES":104287328000,"TAX_EBT":14.335163213223,"OCF_SALES":13.591161968319,"TOTAL_PARENT_EQUITY":67497562000,"DEBT_ASSET_RATIO":48.6754253156,"OPERATE_PROFIT":19646276000,"PRETAX_PROFIT":17541042000,"NETCASH_OPERATE":23618433000,"NETCASH_INVEST":-1156433000,"NETCASH_FINANCE":-19265520000,"END_CASH":21537883000,"DIVI_RATIO":0.265161886288,"DIVIDEND_RATE":3.622176591376,"CURRENT_RATIO":1.152031336294,"COMMON_ACS":null,"CURRENTDEBT_DEBT":50.475486340968,"ISSUED_COMMON_SHARES":17155632078,"HK_COMMON_SHARES":3943965968,"PER_SHARES":2000,"TOTAL_MARKET_CAP":83547928219.86,"HKSK_MARKET_CAP":19207114264.16,"PE_TTM":7.216145508671,"PB_TTM":1.133014262829,"REPORT_DATE_SQ":"2023-09-30 00:00:00","REPORT_TYPE_SQ":"2023年三季报","OPERATE_INCOME_SQ":188404472000,"DPS_HKD":0.1764,"OPERATE_INCOME_QOQ_SQ":-5.381193279397,"NET_PROFIT_RATIO_SQ":4.8834042538,"HOLDER_PROFIT_SQ":5352462000,"HOLDER_PROFIT_QOQ_SQ":31.499844261167,"ROE_AVG_SQ":9.431867494123,"PE_TTM_SQ":14.685436128638,"PB_TTM_SQ":1.075483746107,"ROA_SQ":2.532580705096,"START_DATE":"2024-01-01 00:00:00","FISCAL_YEAR":"12-31","CURRENCY":"HKD","IS_CNY_CODE":0,"DPS_HKD_LY":0.1764,"ORG_TYPE":"一般企业","PREMIUM_INCOME":null,"PREMIUM_INCOME_YOY":null,"NET_INTEREST_INCOME":null,"NET_INTEREST_INCOME_YOY":null,"FEE_COMMISSION_INCOME":null,"FEE_COMMISSION_INCOME_YOY":null,"ACCOUNTS_RECE_TDAYS":21.53097655594,"INVENTORY_TDAYS":6.227105712257,"CURRENT_ASSETS_TDAYS":2.918602699132,"TOTAL_ASSETS_TDAYS":0.815846559821,"PREMIUM_EXPENSE":null,"LOAN_DEPOSIT":null,"LOAN_EQUITY":null,"LOAN_ASSETS":null,"DEPOSIT_EQUITY":null,"DEPOSIT_ASSETS":null,"EQUITY_MULTIPLIER":1.948384387302,"EQUITY_RATIO":1.545053256887},{"SECUCODE":"02600.HK","SECURITY_CODE":"02600","SECURITY_NAME_ABBR":"中国铝业","ORG_CODE":"10013657","STD_REPORT_DATE":"2024-06-30 00:00:00","REPORT_DATE":"2024-06-30 00:00:00","DATE_TYPE_CODE":"002","REPORT_TYPE":"2024年中报","PER_NETCASH_OPERATE":0.785889928707,"PER_OI":6.452691808673,"BPS":3.754639683757,"BASIC_EPS":0.409,"DILUTED_EPS":0.408,"OPERATE_INCOME":110717746000,"OPERATE_INCOME_YOY":-17.4134040804,"GROSS_PROFIT":18430261000,"GROSS_PROFIT_YOY":53.501939319202,"HOLDER_PROFIT":7016492000,"HOLDER_PROFIT_YOY":105.3572954678,"GROSS_PROFIT_RATIO":16.646167092311,"EPS_TTM":0.601263770918,"OPERATE_INCOME_QOQ":-2.898319304849,"NET_PROFIT_RATIO":10.1969398835,"ROE_AVG":11.060832900505,"GROSS_PROFIT_QOQ":17.068640873701,"ROA":3.272253254941,"HOLDER_PROFIT_QOQ":44.609653807445,"ROE_YEARLY":22.12166580101,"ROIC_YEARLY":9.210660463262,"TOTAL_ASSETS":217091927000,"TOTAL_LIABILITIES":108476812000,"TAX_EBT":12.948682786399,"OCF_SALES":12.179257153591,"TOTAL_PARENT_EQUITY":66413217000,"DEBT_ASSET_RATIO":49.9681464433,"OPERATE_PROFIT":13954278000,"PRETAX_PROFIT":12969157000,"NETCASH_OPERATE":13484599000,"NETCASH_INVEST":1587074000,"NETCASH_FINANCE":-9062871000,"END_CASH":24463113000,"DIVI_RATIO":0.266821680866,"DIVIDEND_RATE":3.493069306931,"CURRENT_RATIO":1.159555143825,"COMMON_ACS":null,"CURRENTDEBT_DEBT":49.787863419143,"ISSUED_COMMON_SHARES":17155632078,"HK_COMMON_SHARES":3943965968,"PER_SHARES":2000,"TOTAL_MARKET_CAP":86635941993.9,"HKSK_MARKET_CAP":19917028138.4,"PE_TTM":7.482861359094,"PB_TTM":1.174891586712,"REPORT_DATE_SQ":"2023-06-30 00:00:00","REPORT_TYPE_SQ":"2023年中报","OPERATE_INCOME_SQ":134062610000,"DPS_HKD":0.1764,"OPERATE_INCOME_QOQ_SQ":-3.879433903466,"NET_PROFIT_RATIO_SQ":4.1670500075,"HOLDER_PROFIT_SQ":3416724000,"HOLDER_PROFIT_QOQ_SQ":-21.091740862093,"ROE_AVG_SQ":6.125140490065,"PE_TTM_SQ":14.650521755415,"PB_TTM_SQ":1.072926801895,"ROA_SQ":1.626962282689,"START_DATE":"2024-01-01 00:00:00","FISCAL_YEAR":"12-31","CURRENCY":"HKD","IS_CNY_CODE":0,"DPS_HKD_LY":0.1764,"ORG_TYPE":"一般企业","PREMIUM_INCOME":null,"PREMIUM_INCOME_YOY":null,"NET_INTEREST_INCOME":null,"NET_INTEREST_INCOME_YOY":null,"FEE_COMMISSION_INCOME":null,"FEE_COMMISSION_INCOME_YOY":null,"ACCOUNTS_RECE_TDAYS":14.352955726154,"INVENTORY_TDAYS":3.853153041439,"CURRENT_ASSETS_TDAYS":1.829045897985,"TOTAL_ASSETS_TDAYS":0.516349914926,"PREMIUM_EXPENSE":null,"LOAN_DEPOSIT":null,"LOAN_EQUITY":null,"LOAN_ASSETS":null,"DEPOSIT_EQUITY":null,"DEPOSIT_ASSETS":null,"EQUITY_MULTIPLIER":1.998726668934,"EQUITY_RATIO":1.633361805076},{"SECUCODE":"02600.HK","SECURITY_CODE":"02600","SECURITY_NAME_ABBR":"中国铝业","ORG_CODE":"10013657","STD_REPORT_DATE":"2024-03-31 00:00:00","REPORT_DATE":"2024-03-31 00:00:00","DATE_TYPE_CODE":"003","REPORT_TYPE":"2024年一季报","PER_NETCASH_OPERATE":0.208531443174,"PER_OI":2.853164138824,"BPS":3.544538768582,"BASIC_EPS":0.13,"DILUTED_EPS":0.13,"OPERATE_INCOME":48955678000,"OPERATE_INCOME_YOY":-26.1373762407,"GROSS_PROFIT":7511181000,"GROSS_PROFIT_YOY":24.279297546854,"HOLDER_PROFIT":2230265000,"HOLDER_PROFIT_YOY":23.0131327115,"GROSS_PROFIT_RATIO":15.342818865669,"EPS_TTM":0.415783977824,"OPERATE_INCOME_QOQ":-7.696991721008,"NET_PROFIT_RATIO":8.2697210322,"ROE_AVG":3.618605724126,"GROSS_PROFIT_QOQ":5.322358912821,"ROA":1.048617287217,"HOLDER_PROFIT_QOQ":6.211678076864,"ROE_YEARLY":14.474422896504,"ROIC_YEARLY":5.812852059092,"TOTAL_ASSETS":213616732000,"TOTAL_LIABILITIES":110252285000,"TAX_EBT":15.514796551975,"OCF_SALES":7.308778360704,"TOTAL_PARENT_EQUITY":62808803000,"DEBT_ASSET_RATIO":51.6121953406,"OPERATE_PROFIT":5489420000,"PRETAX_PROFIT":4791961000,"NETCASH_OPERATE":3578062000,"NETCASH_INVEST":1704107000,"NETCASH_FINANCE":-5104152000,"END_CASH":18683129000,"DIVI_RATIO":0.385849908983,"DIVIDEND_RATE":3.493069306931,"CURRENT_RATIO":1.130282518711,"COMMON_ACS":null,"CURRENTDEBT_DEBT":48.338926490276,"ISSUED_COMMON_SHARES":17155632078,"HK_COMMON_SHARES":3943965968,"PER_SHARES":2000,"TOTAL_MARKET_CAP":86635941993.9,"HKSK_MARKET_CAP":19917028138.4,"PE_TTM":7.482861359094,"PB_TTM":1.174891586712,"REPORT_DATE_SQ":"2023-03-31 00:00:00","REPORT_TYPE_SQ":"2023年一季报","OPERATE_INCOME_SQ":66279365000,"DPS_HKD":0.1764,"OPERATE_INCOME_QOQ_SQ":-4.865463806744,"NET_PROFIT_RATIO_SQ":4.3771617305,"HOLDER_PROFIT_SQ":1813030000,"HOLDER_PROFIT_QOQ_SQ":-4.687820183892,"ROE_AVG_SQ":3.273212208251,"PE_TTM_SQ":14.650521755415,"PB_TTM_SQ":1.072926801895,"ROA_SQ":0.852596827768,"START_DATE":"2024-01-01 00:00:00","FISCAL_YEAR":"12-31","CURRENCY":"HKD","IS_CNY_CODE":0,"DPS_HKD_LY":0.1764,"ORG_TYPE":"一般企业","PREMIUM_INCOME":null,"PREMIUM_INCOME_YOY":null,"NET_INTEREST_INCOME":null,"NET_INTEREST_INCOME_YOY":null,"FEE_COMMISSION_INCOME":null,"FEE_COMMISSION_INCOME_YOY":null,"ACCOUNTS_RECE_TDAYS":6.357279620659,"INVENTORY_TDAYS":1.679551196752,"CURRENT_ASSETS_TDAYS":0.82501216183,"TOTAL_ASSETS_TDAYS":0.230177894816,"PREMIUM_EXPENSE":null,"LOAN_DEPOSIT":null,"LOAN_EQUITY":null,"LOAN_ASSETS":null,"DEPOSIT_EQUITY":null,"DEPOSIT_ASSETS":null,"EQUITY_MULTIPLIER":2.066636432545,"EQUITY_RATIO":1.755363575389},{"SECUCODE":"02600.HK","SECURITY_CODE":"02600","SECURITY_NAME_ABBR":"中国铝业","ORG_CODE":"10013657","STD_REPORT_DATE":"2023-12-31 00:00:00","REPORT_DATE":"2023-12-31 00:00:00","DATE_TYPE_CODE":"001","REPORT_TYPE":"2023年年报","PER_NETCASH_OPERATE":1.565053329709,"PER_OI":13.114802279914,"BPS":3.407495260694,"BASIC_EPS":0.391,"DILUTED_EPS":0.39,"OPERATE_INCOME":225070880000,"OPERATE_INCOME_YOY":-22.6528499934,"GROSS_PROFIT":27570294000,"GROSS_PROFIT_YOY":-11.870543588326,"HOLDER_PROFIT":6716945000,"HOLDER_PROFIT_YOY":60.2298674544,"GROSS_PROFIT_RATIO":12.249605102179,"EPS_TTM":0.391394060396,"OPERATE_INCOME_QOQ":-10.605186184874,"NET_PROFIT_RATIO":5.5910302568,"ROE_AVG":11.695956888597,"GROSS_PROFIT_QOQ":6.095974156728,"ROA":3.167594521191,"HOLDER_PROFIT_QOQ":62.01751935808,"ROE_YEARLY":11.695956888597,"ROIC_YEARLY":4.245007750694,"TOTAL_ASSETS":211755809000,"TOTAL_LIABILITIES":112866670000,"TAX_EBT":16.611393584108,"OCF_SALES":11.933487797266,"TOTAL_PARENT_EQUITY":60457735000,"DEBT_ASSET_RATIO":53.3003890344,"OPERATE_PROFIT":17643279000,"PRETAX_PROFIT":15090528000,"NETCASH_OPERATE":26858806000,"NETCASH_INVEST":-10999246000,"NETCASH_FINANCE":-14143370000,"END_CASH":18439535000,"DIVI_RATIO":0.409894339832,"DIVIDEND_RATE":3.493069306931,"CURRENT_RATIO":0.995481909343,"COMMON_ACS":null,"CURRENTDEBT_DEBT":52.013381807047,"ISSUED_COMMON_SHARES":17155632078,"HK_COMMON_SHARES":3943965968,"PER_SHARES":2000,"TOTAL_MARKET_CAP":86635941993.9,"HKSK_MARKET_CAP":19917028138.4,"PE_TTM":7.482861359094,"PB_TTM":1.174891586712,"REPORT_DATE_SQ":"2022-12-31 00:00:00","REPORT_TYPE_SQ":"2022年年报","OPERATE_INCOME_SQ":290987942000,"DPS_HKD":0.1764,"OPERATE_INCOME_QOQ_SQ":3.594612144925,"NET_PROFIT_RATIO_SQ":3.726384305,"HOLDER_PROFIT_SQ":4192068000,"HOLDER_PROFIT_QOQ_SQ":-3.389047694883,"ROE_AVG_SQ":7.297501576228,"PE_TTM_SQ":14.650521755415,"PB_TTM_SQ":1.072926801895,"ROA_SQ":2.071494345908,"START_DATE":"2023-01-01 00:00:00","FISCAL_YEAR":"12-31","CURRENCY":"HKD","IS_CNY_CODE":0,"DPS_HKD_LY":0.0394,"ORG_TYPE":"一般企业","PREMIUM_INCOME":null,"PREMIUM_INCOME_YOY":null,"NET_INTEREST_INCOME":null,"NET_INTEREST_INCOME_YOY":null,"FEE_COMMISSION_INCOME":null,"FEE_COMMISSION_INCOME_YOY":null,"ACCOUNTS_RECE_TDAYS":36.06565567745,"INVENTORY_TDAYS":8.305418037048,"CURRENT_ASSETS_TDAYS":3.984383762192,"TOTAL_ASSETS_TDAYS":1.061395152659,"PREMIUM_EXPENSE":null,"LOAN_DEPOSIT":null,"LOAN_EQUITY":null,"LOAN_ASSETS":null,"DEPOSIT_EQUITY":null,"DEPOSIT_ASSETS":null,"EQUITY_MULTIPLIER":2.141345461607,"EQUITY_RATIO":1.8668689788},{"SECUCODE":"02600.HK","SECURITY_CODE":"02600","SECURITY_NAME_ABBR":"中国铝业","ORG_CODE":"10013657","STD_REPORT_DATE":"2023-09-30 00:00:00","REPORT_DATE":"2023-09-30 00:00:00","DATE_TYPE_CODE":"004","REPORT_TYPE":"2023年三季报","PER_NETCASH_OPERATE":1.188838397614,"PER_OI":10.978263376104,"BPS":3.328112117374,"BASIC_EPS":0.309,"DILUTED_EPS":0.309,"OPERATE_INCOME":188404472000,"OPERATE_INCOME_YOY":-17.2287515257,"GROSS_PROFIT":21344399000,"GROSS_PROFIT_YOY":-19.884619343074,"HOLDER_PROFIT":5352462000,"HOLDER_PROFIT_YOY":-0.8541698504,"GROSS_PROFIT_RATIO":11.329029918143,"EPS_TTM":0.241575146902,"OPERATE_INCOME_QOQ":-5.381193279397,"NET_PROFIT_RATIO":4.8834042538,"ROE_AVG":9.431867494123,"GROSS_PROFIT_QOQ":5.094988238673,"ROA":2.532580705096,"HOLDER_PROFIT_QOQ":31.499844261167,"ROE_YEARLY":12.575823325497,"ROIC_YEARLY":3.377995707854,"TOTAL_ASSETS":210340335000,"TOTAL_LIABILITIES":114299175000,"TAX_EBT":16.80408691679,"OCF_SALES":10.829020555308,"TOTAL_PARENT_EQUITY":59095867000,"DEBT_ASSET_RATIO":54.340112656,"OPERATE_PROFIT":13297559000,"PRETAX_PROFIT":11058899000,"NETCASH_OPERATE":20402359000,"NETCASH_INVEST":-5882775000,"NETCASH_FINANCE":-14870742000,"END_CASH":16477565000,"DIVI_RATIO":0.664100641385,"DIVIDEND_RATE":3.493069306931,"CURRENT_RATIO":0.970050409706,"COMMON_ACS":null,"CURRENTDEBT_DEBT":50.142943726409,"ISSUED_COMMON_SHARES":17155632078,"HK_COMMON_SHARES":3943965968,"PER_SHARES":2000,"TOTAL_MARKET_CAP":86635941993.9,"HKSK_MARKET_CAP":19917028138.4,"PE_TTM":7.482861359094,"PB_TTM":1.174891586712,"REPORT_DATE_SQ":"2022-09-30 00:00:00","REPORT_TYPE_SQ":"2022年三季报","OPERATE_INCOME_SQ":227620672000,"DPS_HKD":0.1764,"OPERATE_INCOME_QOQ_SQ":-4.567454214132,"NET_PROFIT_RATIO_SQ":3.395192234,"HOLDER_PROFIT_SQ":5398575000,"HOLDER_PROFIT_QOQ_SQ":-27.378354752006,"ROE_AVG_SQ":7.41297002374,"PE_TTM_SQ":14.650521755415,"PB_TTM_SQ":1.072926801895,"ROA_SQ":2.337097705881,"START_DATE":"2023-01-01 00:00:00","FISCAL_YEAR":"12-31","CURRENCY":"HKD","IS_CNY_CODE":0,"DPS_HKD_LY":0.0394,"ORG_TYPE":"一般企业","PREMIUM_INCOME":null,"PREMIUM_INCOME_YOY":null,"NET_INTEREST_INCOME":null,"NET_INTEREST_INCOME_YOY":null,"FEE_COMMISSION_INCOME":null,"FEE_COMMISSION_INCOME_YOY":null,"ACCOUNTS_RECE_TDAYS":27.542709483355,"INVENTORY_TDAYS":6.845873058243,"CURRENT_ASSETS_TDAYS":3.421416344851,"TOTAL_ASSETS_TDAYS":0.891458044057,"PREMIUM_EXPENSE":null,"LOAN_DEPOSIT":null,"LOAN_EQUITY":null,"LOAN_ASSETS":null,"DEPOSIT_EQUITY":null,"DEPOSIT_ASSETS":null,"EQUITY_MULTIPLIER":2.190106148239,"EQUITY_RATIO":1.934131451189},{"SECUCODE":"02600.HK","SECURITY_CODE":"02600","SECURITY_NAME_ABBR":"中国铝业","ORG_CODE":"10013657","STD_REPORT_DATE":"2023-06-30 00:00:00","REPORT_DATE":"2023-06-30 00:00:00","DATE_TYPE_CODE":"002","REPORT_TYPE":"2023年中报","PER_NETCASH_OPERATE":0.596809157797,"PER_OI":7.811781885241,"BPS":3.21541111101,"BASIC_EPS":0.198,"DILUTED_EPS":0.198,"OPERATE_INCOME":134062610000,"OPERATE_INCOME_YOY":-15.6626554532,"GROSS_PROFIT":12006533000,"GROSS_PROFIT_YOY":-35.323615894709,"HOLDER_PROFIT":3416724000,"HOLDER_PROFIT_YOY":-23.3219859257,"GROSS_PROFIT_RATIO":8.955914702839,"EPS_TTM":0.183707553617,"OPERATE_INCOME_QOQ":-3.879433903466,"NET_PROFIT_RATIO":4.1670500075,"ROE_AVG":6.125140490065,"GROSS_PROFIT_QOQ":-15.839565141637,"ROA":1.626962282689,"HOLDER_PROFIT_QOQ":-21.091740862093,"ROE_YEARLY":12.250280980129,"ROIC_YEARLY":4.231478476982,"TOTAL_ASSETS":207664656000,"TOTAL_LIABILITIES":115477501000,"TAX_EBT":16.86441627616,"OCF_SALES":7.639859465663,"TOTAL_PARENT_EQUITY":57162410000,"DEBT_ASSET_RATIO":55.6076817424,"OPERATE_PROFIT":8085081000,"PRETAX_PROFIT":6719693000,"NETCASH_OPERATE":10242195000,"NETCASH_INVEST":-5617284000,"NETCASH_FINANCE":-10652341000,"END_CASH":10836747000,"DIVI_RATIO":0.873291309158,"DIVIDEND_RATE":3.493069306931,"CURRENT_RATIO":0.918008426876,"COMMON_ACS":null,"CURRENTDEBT_DEBT":49.224624284171,"ISSUED_COMMON_SHARES":17155632078,"HK_COMMON_SHARES":3943965968,"PER_SHARES":2000,"TOTAL_MARKET_CAP":86635941993.9,"HKSK_MARKET_CAP":19917028138.4,"PE_TTM":7.482861359094,"PB_TTM":1.174891586712,"REPORT_DATE_SQ":"2022-06-30 00:00:00","REPORT_TYPE_SQ":"2022年中报","OPERATE_INCOME_SQ":158959961000,"DPS_HKD":0.1764,"OPERATE_INCOME_QOQ_SQ":0.552660670558,"NET_PROFIT_RATIO_SQ":4.0898994174,"HOLDER_PROFIT_SQ":4455937000,"HOLDER_PROFIT_QOQ_SQ":5.313633376765,"ROE_AVG_SQ":6.594088992953,"PE_TTM_SQ":14.650521755415,"PB_TTM_SQ":1.072926801895,"ROA_SQ":2.060712899624,"START_DATE":"2023-01-01 00:00:00","FISCAL_YEAR":"12-31","CURRENCY":"HKD","IS_CNY_CODE":0,"DPS_HKD_LY":0.0394,"ORG_TYPE":"一般企业","PREMIUM_INCOME":null,"PREMIUM_INCOME_YOY":null,"NET_INTEREST_INCOME":null,"NET_INTEREST_INCOME_YOY":null,"FEE_COMMISSION_INCOME":null,"FEE_COMMISSION_INCOME_YOY":null,"ACCOUNTS_RECE_TDAYS":21.761822737123,"INVENTORY_TDAYS":4.977207299375,"CURRENT_ASSETS_TDAYS":2.512449228421,"TOTAL_ASSETS_TDAYS":0.638374097495,"PREMIUM_EXPENSE":null,"LOAN_DEPOSIT":null,"LOAN_EQUITY":null,"LOAN_ASSETS":null,"DEPOSIT_EQUITY":null,"DEPOSIT_ASSETS":null,"EQUITY_MULTIPLIER":2.252641986835,"EQUITY_RATIO":2.020165017535},{"SECUCODE":"02600.HK","SECURITY_CODE":"02600","SECURITY_NAME_ABBR":"中国铝业","ORG_CODE":"10013657","STD_REPORT_DATE":"2023-03-31 00:00:00","REPORT_DATE":"2023-03-31 00:00:00","DATE_TYPE_CODE":"003","REPORT_TYPE":"2023年一季报","PER_NETCASH_OPERATE":0.230267104788,"PER_OI":3.862075659069,"BPS":3.169707402954,"BASIC_EPS":0.105,"DILUTED_EPS":0.105,"OPERATE_INCOME":66279365000,"OPERATE_INCOME_YOY":-17.6011836204,"GROSS_PROFIT":6043791000,"GROSS_PROFIT_YOY":-23.954514570436,"HOLDER_PROFIT":1813030000,"HOLDER_PROFIT_YOY":-9.7788548623,"GROSS_PROFIT_RATIO":9.118661592488,"EPS_TTM":0.232811565765,"OPERATE_INCOME_QOQ":-4.865463806744,"NET_PROFIT_RATIO":4.3771617305,"ROE_AVG":3.273212208251,"GROSS_PROFIT_QOQ":-6.085595325231,"ROA":0.852596827768,"HOLDER_PROFIT_QOQ":-4.687820183892,"ROE_YEARLY":13.092848833005,"ROIC_YEARLY":4.495074935679,"TOTAL_ASSETS":212947945000,"TOTAL_LIABILITIES":122128704000,"TAX_EBT":15.854307240378,"OCF_SALES":5.962262915464,"TOTAL_PARENT_EQUITY":56378334000,"DEBT_ASSET_RATIO":57.3514358169,"OPERATE_PROFIT":4265196000,"PRETAX_PROFIT":3447776000,"NETCASH_OPERATE":3951750000,"NETCASH_INVEST":-749482000,"NETCASH_FINANCE":-4386822000,"END_CASH":15566131000,"DIVI_RATIO":0.689098969259,"DIVIDEND_RATE":3.493069306931,"CURRENT_RATIO":0.938653490892,"COMMON_ACS":null,"CURRENTDEBT_DEBT":49.794374302048,"ISSUED_COMMON_SHARES":17155632078,"HK_COMMON_SHARES":3943965968,"PER_SHARES":2000,"TOTAL_MARKET_CAP":86635941993.9,"HKSK_MARKET_CAP":19917028138.4,"PE_TTM":7.482861359094,"PB_TTM":1.174891586712,"REPORT_DATE_SQ":"2022-03-31 00:00:00","REPORT_TYPE_SQ":"2022年一季报","OPERATE_INCOME_SQ":80437278000,"DPS_HKD":0.1764,"OPERATE_INCOME_QOQ_SQ":8.514841721002,"NET_PROFIT_RATIO_SQ":3.0005594051,"HOLDER_PROFIT_SQ":2009540000,"HOLDER_PROFIT_QOQ_SQ":11.688999957083,"ROE_AVG_SQ":2.638349889381,"PE_TTM_SQ":14.650521755415,"PB_TTM_SQ":1.072926801895,"ROA_SQ":0.809713816181,"START_DATE":"2023-01-01 00:00:00","FISCAL_YEAR":"12-31","CURRENCY":"HKD","IS_CNY_CODE":0,"DPS_HKD_LY":0.0394,"ORG_TYPE":"一般企业","PREMIUM_INCOME":null,"PREMIUM_INCOME_YOY":null,"NET_INTEREST_INCOME":null,"NET_INTEREST_INCOME_YOY":null,"FEE_COMMISSION_INCOME":null,"FEE_COMMISSION_INCOME_YOY":null,"ACCOUNTS_RECE_TDAYS":11.424596937806,"INVENTORY_TDAYS":2.291044507038,"CURRENT_ASSETS_TDAYS":1.18760517856,"TOTAL_ASSETS_TDAYS":0.311685831704,"PREMIUM_EXPENSE":null,"LOAN_DEPOSIT":null,"LOAN_EQUITY":null,"LOAN_ASSETS":null,"DEPOSIT_EQUITY":null,"DEPOSIT_ASSETS":null,"EQUITY_MULTIPLIER":2.344744821201,"EQUITY_RATIO":2.166234709951},{"SECUCODE":"02600.HK","SECURITY_CODE":"02600","SECURITY_NAME_ABBR":"中国铝业","ORG_CODE":"10013657","STD_REPORT_DATE":"2022-12-31 00:00:00","REPORT_DATE":"2022-12-31 00:00:00","DATE_TYPE_CODE":"001","REPORT_TYPE":"2022年年报","PER_NETCASH_OPERATE":1.616701919373,"PER_OI":16.955766668567,"BPS":3.054566090118,"BASIC_EPS":0.239,"DILUTED_EPS":0.239,"OPERATE_INCOME":290987942000,"OPERATE_INCOME_YOY":-2.6422867498,"GROSS_PROFIT":31283858000,"GROSS_PROFIT_YOY":-9.887838308483,"HOLDER_PROFIT":4192068000,"HOLDER_PROFIT_YOY":-27.2161859298,"GROSS_PROFIT_RATIO":10.750912146044,"EPS_TTM":0.244262135452,"OPERATE_INCOME_QOQ":3.594612144925,"NET_PROFIT_RATIO":3.726384305,"ROE_AVG":7.297501576228,"GROSS_PROFIT_QOQ":24.144076990312,"ROA":2.071494345908,"HOLDER_PROFIT_QOQ":-3.389047694883,"ROE_YEARLY":7.297501576228,"ROIC_YEARLY":2.610302496019,"TOTAL_ASSETS":212347896000,"TOTAL_LIABILITIES":124593412000,"TAX_EBT":17.908272622055,"OCF_SALES":9.534820518439,"TOTAL_PARENT_EQUITY":54401529000,"DEBT_ASSET_RATIO":58.6735197936,"OPERATE_PROFIT":16393153000,"PRETAX_PROFIT":13208968000,"NETCASH_OPERATE":27745178000,"NETCASH_INVEST":-3418297000,"NETCASH_FINANCE":-27037749000,"END_CASH":16816684000,"DIVI_RATIO":0.656795248691,"DIVIDEND_RATE":3.493069306931,"CURRENT_RATIO":0.874438850284,"COMMON_ACS":null,"CURRENTDEBT_DEBT":50.056276651289,"ISSUED_COMMON_SHARES":17155632078,"HK_COMMON_SHARES":3943965968,"PER_SHARES":2000,"TOTAL_MARKET_CAP":86635941993.9,"HKSK_MARKET_CAP":19917028138.4,"PE_TTM":7.482861359094,"PB_TTM":1.174891586712,"REPORT_DATE_SQ":"2021-12-31 00:00:00","REPORT_TYPE_SQ":"2021年年报","OPERATE_INCOME_SQ":298885350000,"DPS_HKD":0.1764,"OPERATE_INCOME_QOQ_SQ":8.871010113669,"NET_PROFIT_RATIO_SQ":2.8875143842,"HOLDER_PROFIT_SQ":5759422000,"HOLDER_PROFIT_QOQ_SQ":-8.987310518713,"ROE_AVG_SQ":9.09386794515,"PE_TTM_SQ":14.650521755415,"PB_TTM_SQ":1.072926801895,"ROA_SQ":2.623208330749,"START_DATE":"2022-01-01 00:00:00","FISCAL_YEAR":"12-31","CURRENCY":"HKD","IS_CNY_CODE":0,"DPS_HKD_LY":0.0372,"ORG_TYPE":"一般企业","PREMIUM_INCOME":null,"PREMIUM_INCOME_YOY":null,"NET_INTEREST_INCOME":null,"NET_INTEREST_INCOME_YOY":null,"FEE_COMMISSION_INCOME":null,"FEE_COMMISSION_INCOME_YOY":null,"ACCOUNTS_RECE_TDAYS":44.833764150762,"INVENTORY_TDAYS":11.970634012102,"CURRENT_ASSETS_TDAYS":5.636569431621,"TOTAL_ASSETS_TDAYS":1.437954135605,"PREMIUM_EXPENSE":null,"LOAN_DEPOSIT":null,"LOAN_EQUITY":null,"LOAN_ASSETS":null,"DEPOSIT_EQUITY":null,"DEPOSIT_ASSETS":null,"EQUITY_MULTIPLIER":2.419756037789,"EQUITY_RATIO":2.290255702188},{"SECUCODE":"02600.HK","SECURITY_CODE":"02600","SECURITY_NAME_ABBR":"中国铝业","ORG_CODE":"10013657","STD_REPORT_DATE":"2022-09-30 00:00:00","REPORT_DATE":"2022-09-30 00:00:00","DATE_TYPE_CODE":"004","REPORT_TYPE":"2022年三季报","PER_NETCASH_OPERATE":1.129874999666,"PER_OI":13.284005010447,"BPS":3.394338182076,"BASIC_EPS":0.31,"DILUTED_EPS":0.31,"OPERATE_INCOME":227620672000,"OPERATE_INCOME_YOY":5.7163227642,"GROSS_PROFIT":26642074000,"GROSS_PROFIT_YOY":22.818466218193,"HOLDER_PROFIT":5398575000,"HOLDER_PROFIT_YOY":-13.9535668044,"GROSS_PROFIT_RATIO":9.906043439178,"EPS_TTM":0.253223890878,"OPERATE_INCOME_QOQ":-4.567454214132,"NET_PROFIT_RATIO":3.395192234,"ROE_AVG":7.41297002374,"GROSS_PROFIT_QOQ":-11.60610299875,"ROA":2.337097705881,"HOLDER_PROFIT_QOQ":-27.378354752006,"ROE_YEARLY":9.883960031653,"ROIC_YEARLY":2.877901112559,"TOTAL_ASSETS":198442108000,"TOTAL_LIABILITIES":118651794000,"TAX_EBT":16.438695285426,"OCF_SALES":9.394954384789,"TOTAL_PARENT_EQUITY":62730446000,"DEBT_ASSET_RATIO":59.7916416006,"OPERATE_PROFIT":15734809000,"PRETAX_PROFIT":13168612000,"NETCASH_OPERATE":24137930000,"NETCASH_INVEST":-7266887000,"NETCASH_FINANCE":-13229576000,"END_CASH":23265381000,"DIVI_RATIO":0.633550844841,"DIVIDEND_RATE":3.493069306931,"CURRENT_RATIO":1.08469039442,"COMMON_ACS":null,"CURRENTDEBT_DEBT":49.021257108005,"ISSUED_COMMON_SHARES":17155632078,"HK_COMMON_SHARES":3943965968,"PER_SHARES":2000,"TOTAL_MARKET_CAP":86635941993.9,"HKSK_MARKET_CAP":19917028138.4,"PE_TTM":7.482861359094,"PB_TTM":1.174891586712,"REPORT_DATE_SQ":"2021-09-30 00:00:00","REPORT_TYPE_SQ":"2021年三季报","OPERATE_INCOME_SQ":194928951000,"DPS_HKD":0.1764,"OPERATE_INCOME_QOQ_SQ":11.296037537617,"NET_PROFIT_RATIO_SQ":4.1496380904,"HOLDER_PROFIT_SQ":5307496000,"HOLDER_PROFIT_QOQ_SQ":47.632029185928,"ROE_AVG_SQ":9.314923170166,"PE_TTM_SQ":14.650521755415,"PB_TTM_SQ":1.072926801895,"ROA_SQ":2.706284767914,"START_DATE":"2022-01-01 00:00:00","FISCAL_YEAR":"12-31","CURRENCY":"HKD","IS_CNY_CODE":0,"DPS_HKD_LY":0.0372,"ORG_TYPE":"一般企业","PREMIUM_INCOME":null,"PREMIUM_INCOME_YOY":null,"NET_INTEREST_INCOME":null,"NET_INTEREST_INCOME_YOY":null,"FEE_COMMISSION_INCOME":null,"FEE_COMMISSION_INCOME_YOY":null,"ACCOUNTS_RECE_TDAYS":32.202022459861,"INVENTORY_TDAYS":9.573833597124,"CURRENT_ASSETS_TDAYS":3.686282482746,"TOTAL_ASSETS_TDAYS":1.05456344939,"PREMIUM_EXPENSE":null,"LOAN_DEPOSIT":null,"LOAN_EQUITY":null,"LOAN_ASSETS":null,"DEPOSIT_EQUITY":null,"DEPOSIT_ASSETS":null,"EQUITY_MULTIPLIER":2.487045081689,"EQUITY_RATIO":1.891454653455}],"count":78},"success":true,"message":"ok","code":0}