{"version":"36e7844d864744b8661bb340fd26da21","result":{"pages":5,"data":[{"SECUCODE":"02611.HK","SECURITY_CODE":"02611","SECURITY_NAME_ABBR":"国泰君安","ORG_CODE":"10004865","STD_REPORT_DATE":"2024-09-30 00:00:00","REPORT_DATE":"2024-09-30 00:00:00","DATE_TYPE_CODE":"004","REPORT_TYPE":"2024年三季报","PER_NETCASH_OPERATE":4.022863592542,"PER_OI":3.25717300441,"BPS":17.019007800238,"BASIC_EPS":1.01,"DILUTED_EPS":1.01,"OPERATE_INCOME":29000991014,"OPERATE_INCOME_YOY":7.2939939303,"GROSS_PROFIT":null,"GROSS_PROFIT_YOY":null,"HOLDER_PROFIT":9523020776,"HOLDER_PROFIT_YOY":10.38000153,"GROSS_PROFIT_RATIO":null,"EPS_TTM":1.153412739816,"OPERATE_INCOME_QOQ":4.552181418941,"NET_PROFIT_RATIO":34.1848293916,"ROE_AVG":5.711832248396,"GROSS_PROFIT_QOQ":null,"ROA":1.025441413258,"HOLDER_PROFIT_QOQ":18.744033895495,"ROE_YEARLY":7.615776331194,"ROIC_YEARLY":1.180809933859,"TOTAL_ASSETS":931948048732,"TOTAL_LIABILITIES":758977379542,"TAX_EBT":18.114609732938,"OCF_SALES":123.507826790157,"TOTAL_PARENT_EQUITY":166479642005,"DEBT_ASSET_RATIO":81.4398807503,"OPERATE_PROFIT":12096019869,"PRETAX_PROFIT":12107091714,"NETCASH_OPERATE":35818493749,"NETCASH_INVEST":10689512005,"NETCASH_FINANCE":-30131243575,"END_CASH":182837282621,"DIVI_RATIO":0.475258584006,"DIVIDEND_RATE":5.195578313253,"CURRENT_RATIO":1.09530097221,"COMMON_ACS":null,"CURRENTDEBT_DEBT":99.345032152342,"ISSUED_COMMON_SHARES":8903730620,"HK_COMMON_SHARES":1391827180,"PER_SHARES":200,"TOTAL_MARKET_CAP":103461349804.4,"HKSK_MARKET_CAP":16173031831.6,"PE_TTM":8.994737150424,"PB_TTM":0.615711557512,"REPORT_DATE_SQ":"2023-09-30 00:00:00","REPORT_TYPE_SQ":"2023年三季报","OPERATE_INCOME_SQ":27029463581,"DPS_HKD":0.6037262,"OPERATE_INCOME_QOQ_SQ":0.88229373768,"NET_PROFIT_RATIO_SQ":33.4888578305,"HOLDER_PROFIT_SQ":8627487447,"HOLDER_PROFIT_QOQ_SQ":7.639916198125,"ROE_AVG_SQ":5.331741551528,"PE_TTM_SQ":6.139303162093,"PB_TTM_SQ":0.50037535462,"ROA_SQ":0.991658224699,"START_DATE":"2024-01-01 00:00:00","FISCAL_YEAR":"12-31","CURRENCY":"HKD","IS_CNY_CODE":0,"DPS_HKD_LY":0.6037262,"ORG_TYPE":"证券","PREMIUM_INCOME":null,"PREMIUM_INCOME_YOY":null,"NET_INTEREST_INCOME":1567258189,"NET_INTEREST_INCOME_YOY":null,"FEE_COMMISSION_INCOME":9436026843,"FEE_COMMISSION_INCOME_YOY":-15.609542843101,"ACCOUNTS_RECE_TDAYS":1.737642013895,"INVENTORY_TDAYS":null,"CURRENT_ASSETS_TDAYS":0.037161830755,"TOTAL_ASSETS_TDAYS":0.031228344357,"PREMIUM_EXPENSE":null,"LOAN_DEPOSIT":null,"LOAN_EQUITY":null,"LOAN_ASSETS":null,"DEPOSIT_EQUITY":null,"DEPOSIT_ASSETS":null,"EQUITY_MULTIPLIER":5.387896416755,"EQUITY_RATIO":4.558980127547},{"SECUCODE":"02611.HK","SECURITY_CODE":"02611","SECURITY_NAME_ABBR":"国泰君安","ORG_CODE":"10004865","STD_REPORT_DATE":"2024-06-30 00:00:00","REPORT_DATE":"2024-06-30 00:00:00","DATE_TYPE_CODE":"002","REPORT_TYPE":"2024年中报","PER_NETCASH_OPERATE":-1.424388106656,"PER_OI":2.895317603398,"BPS":16.642191270607,"BASIC_EPS":0.52,"DILUTED_EPS":0.52,"OPERATE_INCOME":25779128000,"OPERATE_INCOME_YOY":-1.4963696669,"GROSS_PROFIT":null,"GROSS_PROFIT_YOY":null,"HOLDER_PROFIT":5016017000,"HOLDER_PROFIT_YOY":-12.6369462606,"GROSS_PROFIT_RATIO":null,"EPS_TTM":0.971343739957,"OPERATE_INCOME_QOQ":1.790908555542,"NET_PROFIT_RATIO":20.6203910388,"ROE_AVG":2.994051426586,"GROSS_PROFIT_QOQ":null,"ROA":0.550164111172,"HOLDER_PROFIT_QOQ":-1.976622733212,"ROE_YEARLY":5.988102853171,"ROIC_YEARLY":1.150390323465,"TOTAL_ASSETS":898059606000,"TOTAL_LIABILITIES":723247546000,"TAX_EBT":18.459441918641,"OCF_SALES":-49.196264512904,"TOTAL_PARENT_EQUITY":168096267000,"DEBT_ASSET_RATIO":80.5344702254,"OPERATE_PROFIT":6388648000,"PRETAX_PROFIT":6519157000,"NETCASH_OPERATE":-12682368000,"NETCASH_INVEST":17680073000,"NETCASH_FINANCE":-5888080000,"END_CASH":76080425000,"DIVI_RATIO":0.564341214084,"DIVIDEND_RATE":5.186651202749,"CURRENT_RATIO":1.185809435572,"COMMON_ACS":null,"CURRENTDEBT_DEBT":85.003080259328,"ISSUED_COMMON_SHARES":8903730620,"HK_COMMON_SHARES":1391827180,"PER_SHARES":200,"TOTAL_MARKET_CAP":103639424416.8,"HKSK_MARKET_CAP":16200868375.2,"PE_TTM":9.010218625726,"PB_TTM":0.616771302018,"REPORT_DATE_SQ":"2023-06-30 00:00:00","REPORT_TYPE_SQ":"2023年中报","OPERATE_INCOME_SQ":26170739000,"DPS_HKD":0.6037262,"OPERATE_INCOME_QOQ_SQ":-2.500396230148,"NET_PROFIT_RATIO_SQ":23.0103819384,"HOLDER_PROFIT_SQ":5741577000,"HOLDER_PROFIT_QOQ_SQ":-9.579594037001,"ROE_AVG_SQ":3.57269669485,"PE_TTM_SQ":5.940153506946,"PB_TTM_SQ":0.484143939313,"ROA_SQ":0.643367052412,"START_DATE":"2024-01-01 00:00:00","FISCAL_YEAR":"12-31","CURRENCY":"HKD","IS_CNY_CODE":0,"DPS_HKD_LY":0.6037262,"ORG_TYPE":"证券","PREMIUM_INCOME":null,"PREMIUM_INCOME_YOY":null,"NET_INTEREST_INCOME":7416964000,"NET_INTEREST_INCOME_YOY":null,"FEE_COMMISSION_INCOME":8840918000,"FEE_COMMISSION_INCOME_YOY":-2.675271451655,"ACCOUNTS_RECE_TDAYS":1.618765584106,"INVENTORY_TDAYS":null,"CURRENT_ASSETS_TDAYS":0.035218692176,"TOTAL_ASSETS_TDAYS":0.028274926187,"PREMIUM_EXPENSE":null,"LOAN_DEPOSIT":null,"LOAN_EQUITY":null,"LOAN_ASSETS":null,"DEPOSIT_EQUITY":null,"DEPOSIT_ASSETS":null,"EQUITY_MULTIPLIER":5.137286329113,"EQUITY_RATIO":4.302579461803},{"SECUCODE":"02611.HK","SECURITY_CODE":"02611","SECURITY_NAME_ABBR":"国泰君安","ORG_CODE":"10004865","STD_REPORT_DATE":"2024-03-31 00:00:00","REPORT_DATE":"2024-03-31 00:00:00","DATE_TYPE_CODE":"003","REPORT_TYPE":"2024年一季报","PER_NETCASH_OPERATE":-1.461733006973,"PER_OI":0.896512107037,"BPS":16.793213269631,"BASIC_EPS":0.26,"DILUTED_EPS":0.26,"OPERATE_INCOME":7983091405,"OPERATE_INCOME_YOY":-14.0498259364,"GROSS_PROFIT":null,"GROSS_PROFIT_YOY":null,"HOLDER_PROFIT":2489358737,"HOLDER_PROFIT_YOY":-18.1272499897,"GROSS_PROFIT_RATIO":null,"EPS_TTM":0.99083275073,"OPERATE_INCOME_QOQ":-2.494949647187,"NET_PROFIT_RATIO":32.8094271144,"ROE_AVG":1.479954463073,"GROSS_PROFIT_QOQ":null,"ROA":0.271175008726,"HOLDER_PROFIT_QOQ":-5.879609165339,"ROE_YEARLY":5.919817852292,"ROIC_YEARLY":1.233779948166,"TOTAL_ASSETS":910576980843,"TOTAL_LIABILITIES":734601759115,"TAX_EBT":19.001013975376,"OCF_SALES":-163.046655533064,"TOTAL_PARENT_EQUITY":169440926442,"DEBT_ASSET_RATIO":80.6743168968,"OPERATE_PROFIT":3233823828,"PRETAX_PROFIT":3233628820,"NETCASH_OPERATE":-13016163544,"NETCASH_INVEST":18420738464,"NETCASH_FINANCE":-2196260680,"END_CASH":169839213678,"DIVI_RATIO":0.553241003687,"DIVIDEND_RATE":5.816244701349,"CURRENT_RATIO":1.096706018571,"COMMON_ACS":null,"CURRENTDEBT_DEBT":99.649602178315,"ISSUED_COMMON_SHARES":8903730620,"HK_COMMON_SHARES":1391827180,"PER_SHARES":200,"TOTAL_MARKET_CAP":92420723835.6,"HKSK_MARKET_CAP":14447166128.4,"PE_TTM":8.034885681704,"PB_TTM":0.550007398191,"REPORT_DATE_SQ":"2023-03-31 00:00:00","REPORT_TYPE_SQ":"2023年一季报","OPERATE_INCOME_SQ":9288045652,"DPS_HKD":0.6037262,"OPERATE_INCOME_QOQ_SQ":2.319349934375,"NET_PROFIT_RATIO_SQ":34.4018710256,"HOLDER_PROFIT_SQ":3040521708,"HOLDER_PROFIT_QOQ_SQ":4.536682323599,"ROE_AVG_SQ":1.90855320964,"PE_TTM_SQ":5.974489654385,"PB_TTM_SQ":0.486942459194,"ROA_SQ":0.345655726782,"START_DATE":"2024-01-01 00:00:00","FISCAL_YEAR":"12-31","CURRENCY":"HKD","IS_CNY_CODE":0,"DPS_HKD_LY":0.6037262,"ORG_TYPE":"证券","PREMIUM_INCOME":null,"PREMIUM_INCOME_YOY":null,"NET_INTEREST_INCOME":350388144,"NET_INTEREST_INCOME_YOY":null,"FEE_COMMISSION_INCOME":3154366405,"FEE_COMMISSION_INCOME_YOY":-8.124153012153,"ACCOUNTS_RECE_TDAYS":0.398065818787,"INVENTORY_TDAYS":null,"CURRENT_ASSETS_TDAYS":0.010382821645,"TOTAL_ASSETS_TDAYS":0.008696275267,"PREMIUM_EXPENSE":null,"LOAN_DEPOSIT":null,"LOAN_EQUITY":null,"LOAN_ASSETS":null,"DEPOSIT_EQUITY":null,"DEPOSIT_ASSETS":null,"EQUITY_MULTIPLIER":5.174461335519,"EQUITY_RATIO":4.33544465638},{"SECUCODE":"02611.HK","SECURITY_CODE":"02611","SECURITY_NAME_ABBR":"国泰君安","ORG_CODE":"10004865","STD_REPORT_DATE":"2023-12-31 00:00:00","REPORT_DATE":"2023-12-31 00:00:00","DATE_TYPE_CODE":"001","REPORT_TYPE":"2023年年报","PER_NETCASH_OPERATE":2.744540160709,"PER_OI":5.873791913064,"BPS":16.515613541776,"BASIC_EPS":0.98,"DILUTED_EPS":0.97,"OPERATE_INCOME":52303831000,"OPERATE_INCOME_YOY":6.5534972136,"GROSS_PROFIT":null,"GROSS_PROFIT_YOY":null,"HOLDER_PROFIT":9374143000,"HOLDER_PROFIT_YOY":-18.5479282607,"GROSS_PROFIT_RATIO":null,"EPS_TTM":1.052729107841,"OPERATE_INCOME_QOQ":5.874686451877,"NET_PROFIT_RATIO":18.8999865039,"ROE_AVG":5.77425393507,"GROSS_PROFIT_QOQ":null,"ROA":1.049682556745,"HOLDER_PROFIT_QOQ":-19.932681566736,"ROE_YEARLY":5.77425393507,"ROIC_YEARLY":1.095067103492,"TOTAL_ASSETS":925402484366,"TOTAL_LIABILITIES":752024473921,"TAX_EBT":18.624464907427,"OCF_SALES":46.725185388428,"TOTAL_PARENT_EQUITY":166969253616,"DEBT_ASSET_RATIO":81.2645834653,"OPERATE_PROFIT":11768452000,"PRETAX_PROFIT":12147898000,"NETCASH_OPERATE":24439062000,"NETCASH_INVEST":-34099795000,"NETCASH_FINANCE":5942906000,"END_CASH":76919576000,"DIVI_RATIO":0.520712594928,"DIVIDEND_RATE":5.186651202749,"CURRENT_RATIO":1.165060635221,"COMMON_ACS":null,"CURRENTDEBT_DEBT":99.539966525961,"ISSUED_COMMON_SHARES":8903730620,"HK_COMMON_SHARES":1391827180,"PER_SHARES":200,"TOTAL_MARKET_CAP":103639424416.8,"HKSK_MARKET_CAP":16200868375.2,"PE_TTM":9.010218625726,"PB_TTM":0.616771302018,"REPORT_DATE_SQ":"2022-12-31 00:00:00","REPORT_TYPE_SQ":"2022年年报","OPERATE_INCOME_SQ":49086921000,"DPS_HKD":0.6037262,"OPERATE_INCOME_QOQ_SQ":-4.163277533663,"NET_PROFIT_RATIO_SQ":23.674674971,"HOLDER_PROFIT_SQ":11508784000,"HOLDER_PROFIT_QOQ_SQ":-2.532376004969,"ROE_AVG_SQ":7.55006272779,"PE_TTM_SQ":5.940153506946,"PB_TTM_SQ":0.484143939313,"ROA_SQ":1.39315001727,"START_DATE":"2023-01-01 00:00:00","FISCAL_YEAR":"12-31","CURRENCY":"HKD","IS_CNY_CODE":0,"DPS_HKD_LY":0.5888719,"ORG_TYPE":"证券","PREMIUM_INCOME":null,"PREMIUM_INCOME_YOY":null,"NET_INTEREST_INCOME":15635577000,"NET_INTEREST_INCOME_YOY":null,"FEE_COMMISSION_INCOME":18748922000,"FEE_COMMISSION_INCOME_YOY":5.7361523216,"ACCOUNTS_RECE_TDAYS":3.527648956603,"INVENTORY_TDAYS":null,"CURRENT_ASSETS_TDAYS":0.073239697595,"TOTAL_ASSETS_TDAYS":0.058567934212,"PREMIUM_EXPENSE":null,"LOAN_DEPOSIT":null,"LOAN_EQUITY":null,"LOAN_ASSETS":null,"DEPOSIT_EQUITY":null,"DEPOSIT_ASSETS":null,"EQUITY_MULTIPLIER":5.337484747926,"EQUITY_RATIO":4.503969788657},{"SECUCODE":"02611.HK","SECURITY_CODE":"02611","SECURITY_NAME_ABBR":"国泰君安","ORG_CODE":"10004865","STD_REPORT_DATE":"2023-09-30 00:00:00","REPORT_DATE":"2023-09-30 00:00:00","DATE_TYPE_CODE":"004","REPORT_TYPE":"2023年三季报","PER_NETCASH_OPERATE":-2.656388158537,"PER_OI":3.035445808865,"BPS":16.396537336728,"BASIC_EPS":0.92,"DILUTED_EPS":0.9,"OPERATE_INCOME":27029463581,"OPERATE_INCOME_YOY":1.1780706606,"GROSS_PROFIT":null,"GROSS_PROFIT_YOY":null,"HOLDER_PROFIT":8627487447,"HOLDER_PROFIT_YOY":2.3814092001,"GROSS_PROFIT_RATIO":null,"EPS_TTM":1.314805002141,"OPERATE_INCOME_QOQ":0.88229373768,"NET_PROFIT_RATIO":33.4888578305,"ROE_AVG":5.331741551528,"GROSS_PROFIT_QOQ":null,"ROA":0.991658224699,"HOLDER_PROFIT_QOQ":7.639916198125,"ROE_YEARLY":7.108988735371,"ROIC_YEARLY":1.123075805046,"TOTAL_ASSETS":879323733868,"TOTAL_LIABILITIES":707033315499,"TAX_EBT":19.684421173579,"OCF_SALES":-87.51229064208,"TOTAL_PARENT_EQUITY":165909030792,"DEBT_ASSET_RATIO":80.4064860605,"OPERATE_PROFIT":11225785348,"PRETAX_PROFIT":11270364683,"NETCASH_OPERATE":-23654102728,"NETCASH_INVEST":-984378163,"NETCASH_FINANCE":2624208463,"END_CASH":158040390343,"DIVI_RATIO":0.416920611503,"DIVIDEND_RATE":5.056333333333,"CURRENT_RATIO":1.106760958321,"COMMON_ACS":null,"CURRENTDEBT_DEBT":99.601489267021,"ISSUED_COMMON_SHARES":8903730620,"HK_COMMON_SHARES":1391827180,"PER_SHARES":200,"TOTAL_MARKET_CAP":106310543602.8,"HKSK_MARKET_CAP":16618416529.2,"PE_TTM":9.242440755255,"PB_TTM":0.632667469595,"REPORT_DATE_SQ":"2022-09-30 00:00:00","REPORT_TYPE_SQ":"2022年三季报","OPERATE_INCOME_SQ":26714745008,"DPS_HKD":0.6037262,"OPERATE_INCOME_QOQ_SQ":-6.751326622811,"NET_PROFIT_RATIO_SQ":31.7118368956,"HOLDER_PROFIT_SQ":8426810604,"HOLDER_PROFIT_QOQ_SQ":-11.71718355983,"ROE_AVG_SQ":5.585301386095,"PE_TTM_SQ":5.995091342849,"PB_TTM_SQ":0.488621571122,"ROA_SQ":1.042676669972,"START_DATE":"2023-01-01 00:00:00","FISCAL_YEAR":"12-31","CURRENCY":"HKD","IS_CNY_CODE":0,"DPS_HKD_LY":0.5888719,"ORG_TYPE":"证券","PREMIUM_INCOME":null,"PREMIUM_INCOME_YOY":null,"NET_INTEREST_INCOME":1607869633,"NET_INTEREST_INCOME_YOY":null,"FEE_COMMISSION_INCOME":11181390836,"FEE_COMMISSION_INCOME_YOY":9.060929078335,"ACCOUNTS_RECE_TDAYS":1.58918668145,"INVENTORY_TDAYS":null,"CURRENT_ASSETS_TDAYS":0.036705872694,"TOTAL_ASSETS_TDAYS":0.031068129666,"PREMIUM_EXPENSE":null,"LOAN_DEPOSIT":null,"LOAN_EQUITY":null,"LOAN_ASSETS":null,"DEPOSIT_EQUITY":null,"DEPOSIT_ASSETS":null,"EQUITY_MULTIPLIER":5.103729749997,"EQUITY_RATIO":4.26157221294},{"SECUCODE":"02611.HK","SECURITY_CODE":"02611","SECURITY_NAME_ABBR":"国泰君安","ORG_CODE":"10004865","STD_REPORT_DATE":"2023-06-30 00:00:00","REPORT_DATE":"2023-06-30 00:00:00","DATE_TYPE_CODE":"002","REPORT_TYPE":"2023年中报","PER_NETCASH_OPERATE":0.031177467805,"PER_OI":2.93903333177,"BPS":16.021259524583,"BASIC_EPS":0.61,"DILUTED_EPS":0.6,"OPERATE_INCOME":26170739000,"OPERATE_INCOME_YOY":-0.4463506572,"GROSS_PROFIT":null,"GROSS_PROFIT_YOY":null,"HOLDER_PROFIT":5741577000,"HOLDER_PROFIT_YOY":-9.8919754007,"GROSS_PROFIT_RATIO":null,"EPS_TTM":1.221494356712,"OPERATE_INCOME_QOQ":-2.500396230148,"NET_PROFIT_RATIO":23.0103819384,"ROE_AVG":3.57269669485,"GROSS_PROFIT_QOQ":null,"ROA":0.643367052412,"HOLDER_PROFIT_QOQ":-9.579594037001,"ROE_YEARLY":7.145393389699,"ROIC_YEARLY":1.350937406548,"TOTAL_ASSETS":924164121000,"TOTAL_LIABILITIES":754188837000,"TAX_EBT":20.167928754959,"OCF_SALES":1.060806880539,"TOTAL_PARENT_EQUITY":163695848000,"DEBT_ASSET_RATIO":81.607673341,"OPERATE_PROFIT":7348700000,"PRETAX_PROFIT":7543318000,"NETCASH_OPERATE":277621000,"NETCASH_INVEST":-6746745000,"NETCASH_FINANCE":18541506000,"END_CASH":92982924000,"DIVI_RATIO":0.448769413045,"DIVIDEND_RATE":5.186651202749,"CURRENT_RATIO":1.181927977976,"COMMON_ACS":null,"CURRENTDEBT_DEBT":84.174664600611,"ISSUED_COMMON_SHARES":8903730620,"HK_COMMON_SHARES":1391827180,"PER_SHARES":200,"TOTAL_MARKET_CAP":103639424416.8,"HKSK_MARKET_CAP":16200868375.2,"PE_TTM":9.010218625726,"PB_TTM":0.616771302018,"REPORT_DATE_SQ":"2022-06-30 00:00:00","REPORT_TYPE_SQ":"2022年中报","OPERATE_INCOME_SQ":26288076000,"DPS_HKD":0.6037262,"OPERATE_INCOME_QOQ_SQ":2.44371237149,"NET_PROFIT_RATIO_SQ":24.386375785,"HOLDER_PROFIT_SQ":6371882000,"HOLDER_PROFIT_QOQ_SQ":1.920552606735,"ROE_AVG_SQ":4.329716717446,"PE_TTM_SQ":5.940153506946,"PB_TTM_SQ":0.484143939313,"ROA_SQ":0.785470447459,"START_DATE":"2023-01-01 00:00:00","FISCAL_YEAR":"12-31","CURRENCY":"HKD","IS_CNY_CODE":0,"DPS_HKD_LY":0.5888719,"ORG_TYPE":"证券","PREMIUM_INCOME":null,"PREMIUM_INCOME_YOY":null,"NET_INTEREST_INCOME":7856402000,"NET_INTEREST_INCOME_YOY":null,"FEE_COMMISSION_INCOME":9083938000,"FEE_COMMISSION_INCOME_YOY":5.275638860837,"ACCOUNTS_RECE_TDAYS":2.171913961938,"INVENTORY_TDAYS":null,"CURRENT_ASSETS_TDAYS":0.036255306496,"TOTAL_ASSETS_TDAYS":0.029325377348,"PREMIUM_EXPENSE":null,"LOAN_DEPOSIT":null,"LOAN_EQUITY":null,"LOAN_ASSETS":null,"DEPOSIT_EQUITY":null,"DEPOSIT_ASSETS":null,"EQUITY_MULTIPLIER":5.437050018414,"EQUITY_RATIO":4.607256972089},{"SECUCODE":"02611.HK","SECURITY_CODE":"02611","SECURITY_NAME_ABBR":"国泰君安","ORG_CODE":"10004865","STD_REPORT_DATE":"2023-03-31 00:00:00","REPORT_DATE":"2023-03-31 00:00:00","DATE_TYPE_CODE":"003","REPORT_TYPE":"2023年一季报","PER_NETCASH_OPERATE":-2.329661581118,"PER_OI":1.042818574087,"BPS":16.269058774602,"BASIC_EPS":0.33,"DILUTED_EPS":0.32,"OPERATE_INCOME":9288045652,"OPERATE_INCOME_YOY":13.9700685802,"GROSS_PROFIT":null,"GROSS_PROFIT_YOY":null,"HOLDER_PROFIT":3040521708,"HOLDER_PROFIT_YOY":20.7284979292,"GROSS_PROFIT_RATIO":null,"EPS_TTM":1.35058183334,"OPERATE_INCOME_QOQ":2.319349934375,"NET_PROFIT_RATIO":34.4018710256,"ROE_AVG":1.90855320964,"GROSS_PROFIT_QOQ":null,"ROA":0.345655726782,"HOLDER_PROFIT_QOQ":4.536682323599,"ROE_YEARLY":7.634212838559,"ROIC_YEARLY":1.591965473973,"TOTAL_ASSETS":898588949314,"TOTAL_LIABILITIES":731474520353,"TAX_EBT":20.406123734859,"OCF_SALES":-223.400468596233,"TOTAL_PARENT_EQUITY":160902247755,"DEBT_ASSET_RATIO":81.4025724344,"OPERATE_PROFIT":4007976616,"PRETAX_PROFIT":4014456433,"NETCASH_OPERATE":-20749537510,"NETCASH_INVEST":4399300933,"NETCASH_FINANCE":19169772770,"END_CASH":181779083196,"DIVI_RATIO":0.405876409684,"DIVIDEND_RATE":5.056333333333,"CURRENT_RATIO":1.10652459616,"COMMON_ACS":null,"CURRENTDEBT_DEBT":99.694601414835,"ISSUED_COMMON_SHARES":8903730620,"HK_COMMON_SHARES":1391827180,"PER_SHARES":200,"TOTAL_MARKET_CAP":106310543602.8,"HKSK_MARKET_CAP":16618416529.2,"PE_TTM":9.242440755255,"PB_TTM":0.632667469595,"REPORT_DATE_SQ":"2022-03-31 00:00:00","REPORT_TYPE_SQ":"2022年一季报","OPERATE_INCOME_SQ":8149548182,"DPS_HKD":0.6037262,"OPERATE_INCOME_QOQ_SQ":-4.9525148159,"NET_PROFIT_RATIO_SQ":30.9824125904,"HOLDER_PROFIT_SQ":2518478868,"HOLDER_PROFIT_QOQ_SQ":-12.604700335965,"ROE_AVG_SQ":1.699775759249,"PE_TTM_SQ":5.995091342849,"PB_TTM_SQ":0.488621571122,"ROA_SQ":0.313575724253,"START_DATE":"2023-01-01 00:00:00","FISCAL_YEAR":"12-31","CURRENCY":"HKD","IS_CNY_CODE":0,"DPS_HKD_LY":0.5888719,"ORG_TYPE":"证券","PREMIUM_INCOME":null,"PREMIUM_INCOME_YOY":null,"NET_INTEREST_INCOME":692777050,"NET_INTEREST_INCOME_YOY":null,"FEE_COMMISSION_INCOME":3433292327,"FEE_COMMISSION_INCOME_YOY":1.184828031877,"ACCOUNTS_RECE_TDAYS":0.781786934553,"INVENTORY_TDAYS":null,"CURRENT_ASSETS_TDAYS":0.01238171797,"TOTAL_ASSETS_TDAYS":0.010558931915,"PREMIUM_EXPENSE":null,"LOAN_DEPOSIT":null,"LOAN_EQUITY":null,"LOAN_ASSETS":null,"DEPOSIT_EQUITY":null,"DEPOSIT_ASSETS":null,"EQUITY_MULTIPLIER":5.377087752984,"EQUITY_RATIO":4.546080185696},{"SECUCODE":"02611.HK","SECURITY_CODE":"02611","SECURITY_NAME_ABBR":"国泰君安","ORG_CODE":"10004865","STD_REPORT_DATE":"2022-12-31 00:00:00","REPORT_DATE":"2022-12-31 00:00:00","DATE_TYPE_CODE":"001","REPORT_TYPE":"2022年年报","PER_NETCASH_OPERATE":4.976180646952,"PER_OI":5.511252406605,"BPS":15.909289942107,"BASIC_EPS":1.25,"DILUTED_EPS":1.23,"OPERATE_INCOME":49086921000,"OPERATE_INCOME_YOY":-12.983711901,"GROSS_PROFIT":null,"GROSS_PROFIT_YOY":null,"HOLDER_PROFIT":11508784000,"HOLDER_PROFIT_YOY":-23.3545453819,"GROSS_PROFIT_RATIO":null,"EPS_TTM":1.291969568241,"OPERATE_INCOME_QOQ":-4.163277533663,"NET_PROFIT_RATIO":23.674674971,"ROE_AVG":7.55006272779,"GROSS_PROFIT_QOQ":null,"ROA":1.39315001727,"HOLDER_PROFIT_QOQ":-2.532376004969,"ROE_YEARLY":7.55006272779,"ROIC_YEARLY":1.456677637219,"TOTAL_ASSETS":860707917000,"TOTAL_LIABILITIES":696862458000,"TAX_EBT":17.801790399712,"OCF_SALES":90.291285534084,"TOTAL_PARENT_EQUITY":157718338000,"DEBT_ASSET_RATIO":80.9656943187,"OPERATE_PROFIT":13387391000,"PRETAX_PROFIT":14139971000,"NETCASH_OPERATE":44321212000,"NETCASH_INVEST":1674540000,"NETCASH_FINANCE":-34635068000,"END_CASH":80540349000,"DIVI_RATIO":0.424289641935,"DIVIDEND_RATE":5.186651202749,"CURRENT_RATIO":1.209055572124,"COMMON_ACS":null,"CURRENTDEBT_DEBT":82.29362285434,"ISSUED_COMMON_SHARES":8903730620,"HK_COMMON_SHARES":1391827180,"PER_SHARES":200,"TOTAL_MARKET_CAP":103639424416.8,"HKSK_MARKET_CAP":16200868375.2,"PE_TTM":9.010218625726,"PB_TTM":0.616771302018,"REPORT_DATE_SQ":"2021-12-31 00:00:00","REPORT_TYPE_SQ":"2021年年报","OPERATE_INCOME_SQ":56411187000,"DPS_HKD":0.6037262,"OPERATE_INCOME_QOQ_SQ":7.214707624567,"NET_PROFIT_RATIO_SQ":27.1267860398,"HOLDER_PROFIT_SQ":15013480000,"HOLDER_PROFIT_QOQ_SQ":8.751968663069,"ROE_AVG_SQ":10.555147838441,"PE_TTM_SQ":5.940153506946,"PB_TTM_SQ":0.484143939313,"ROA_SQ":2.009605337354,"START_DATE":"2022-01-01 00:00:00","FISCAL_YEAR":"12-31","CURRENCY":"HKD","IS_CNY_CODE":0,"DPS_HKD_LY":0.7982851,"ORG_TYPE":"证券","PREMIUM_INCOME":null,"PREMIUM_INCOME_YOY":null,"NET_INTEREST_INCOME":15586674000,"NET_INTEREST_INCOME_YOY":null,"FEE_COMMISSION_INCOME":17731799000,"FEE_COMMISSION_INCOME_YOY":-10.80872036225,"ACCOUNTS_RECE_TDAYS":4.659176429182,"INVENTORY_TDAYS":null,"CURRENT_ASSETS_TDAYS":0.07312646235,"TOTAL_ASSETS_TDAYS":0.059428655087,"PREMIUM_EXPENSE":null,"LOAN_DEPOSIT":null,"LOAN_EQUITY":null,"LOAN_ASSETS":null,"DEPOSIT_EQUITY":null,"DEPOSIT_ASSETS":null,"EQUITY_MULTIPLIER":5.253672063187,"EQUITY_RATIO":4.418398436331},{"SECUCODE":"02611.HK","SECURITY_CODE":"02611","SECURITY_NAME_ABBR":"国泰君安","ORG_CODE":"10004865","STD_REPORT_DATE":"2022-09-30 00:00:00","REPORT_DATE":"2022-09-30 00:00:00","DATE_TYPE_CODE":"004","REPORT_TYPE":"2022年三季报","PER_NETCASH_OPERATE":3.242082290118,"PER_OI":2.99940817244,"BPS":15.568648887313,"BASIC_EPS":0.91,"DILUTED_EPS":0.89,"OPERATE_INCOME":26714745008,"OPERATE_INCOME_YOY":-16.2720629542,"GROSS_PROFIT":null,"GROSS_PROFIT_YOY":null,"HOLDER_PROFIT":8426810604,"HOLDER_PROFIT_YOY":-27.5657755582,"GROSS_PROFIT_RATIO":null,"EPS_TTM":1.325537236682,"OPERATE_INCOME_QOQ":-6.751326622811,"NET_PROFIT_RATIO":31.7118368956,"ROE_AVG":5.585301386095,"GROSS_PROFIT_QOQ":null,"ROA":1.042676669972,"HOLDER_PROFIT_QOQ":-11.71718355983,"ROE_YEARLY":7.447068514793,"ROIC_YEARLY":1.209107261555,"TOTAL_ASSETS":825320965165,"TOTAL_LIABILITIES":666896837251,"TAX_EBT":20.090146575559,"OCF_SALES":108.090733362241,"TOTAL_PARENT_EQUITY":154665710878,"DEBT_ASSET_RATIO":80.8045433715,"OPERATE_PROFIT":10641112286,"PRETAX_PROFIT":10600224513,"NETCASH_OPERATE":28876163795,"NETCASH_INVEST":-1308937084,"NETCASH_FINANCE":-24882120511,"END_CASH":177974456348,"DIVI_RATIO":0.413545006757,"DIVIDEND_RATE":5.056333333333,"CURRENT_RATIO":1.09876063788,"COMMON_ACS":null,"CURRENTDEBT_DEBT":99.821789930374,"ISSUED_COMMON_SHARES":8903730620,"HK_COMMON_SHARES":1391827180,"PER_SHARES":200,"TOTAL_MARKET_CAP":106310543602.8,"HKSK_MARKET_CAP":16618416529.2,"PE_TTM":9.242440755255,"PB_TTM":0.632667469595,"REPORT_DATE_SQ":"2021-09-30 00:00:00","REPORT_TYPE_SQ":"2021年三季报","OPERATE_INCOME_SQ":31906608416,"DPS_HKD":0.6037262,"OPERATE_INCOME_QOQ_SQ":-1.41211893551,"NET_PROFIT_RATIO_SQ":37.4130318816,"HOLDER_PROFIT_SQ":11635277608,"HOLDER_PROFIT_QOQ_SQ":0.903856687093,"ROE_AVG_SQ":8.278592049199,"PE_TTM_SQ":5.995091342849,"PB_TTM_SQ":0.488621571122,"ROA_SQ":1.578833286707,"START_DATE":"2022-01-01 00:00:00","FISCAL_YEAR":"12-31","CURRENCY":"HKD","IS_CNY_CODE":0,"DPS_HKD_LY":0.7982851,"ORG_TYPE":"证券","PREMIUM_INCOME":null,"PREMIUM_INCOME_YOY":null,"NET_INTEREST_INCOME":3650531241,"NET_INTEREST_INCOME_YOY":null,"FEE_COMMISSION_INCOME":10252425805,"FEE_COMMISSION_INCOME_YOY":-9.039085788182,"ACCOUNTS_RECE_TDAYS":2.279765546122,"INVENTORY_TDAYS":null,"CURRENT_ASSETS_TDAYS":0.038699792037,"TOTAL_ASSETS_TDAYS":0.033050659152,"PREMIUM_EXPENSE":null,"LOAN_DEPOSIT":null,"LOAN_EQUITY":null,"LOAN_ASSETS":null,"DEPOSIT_EQUITY":null,"DEPOSIT_ASSETS":null,"EQUITY_MULTIPLIER":5.209566093444,"EQUITY_RATIO":4.311859645329}],"count":38},"success":true,"message":"ok","code":0}