{"version":"2fbe7649194290613d635cc1ee1f248f","result":{"pages":2,"data":[{"SECUCODE":"02616.HK","SECURITY_CODE":"02616","SECURITY_NAME_ABBR":"基石药业-B","ORG_CODE":"10992886","STD_REPORT_DATE":"2024-06-30 00:00:00","REPORT_DATE":"2024-06-30 00:00:00","DATE_TYPE_CODE":"002","REPORT_TYPE":"2024年中报","PER_NETCASH_OPERATE":-0.145719732584,"PER_OI":0.197918345512,"BPS":0.36411014901,"BASIC_EPS":0.01,"DILUTED_EPS":0.01,"OPERATE_INCOME":254165000,"OPERATE_INCOME_YOY":-2.7953066079,"GROSS_PROFIT":172029000,"GROSS_PROFIT_YOY":12.117025228596,"HOLDER_PROFIT":15699000,"HOLDER_PROFIT_YOY":107.5033695621,"GROSS_PROFIT_RATIO":67.683984813015,"EPS_TTM":-0.110816051901,"OPERATE_INCOME_QOQ":-1.575752087995,"NET_PROFIT_RATIO":6.1766962406,"ROE_AVG":3.396265600561,"GROSS_PROFIT_QOQ":6.109860497215,"ROA":0.983000521587,"HOLDER_PROFIT_QOQ":61.248413817893,"ROE_YEARLY":6.792531201121,"ROIC_YEARLY":4.639283790802,"TOTAL_ASSETS":1532099000,"TOTAL_LIABILITIES":1064443000,"TAX_EBT":null,"OCF_SALES":-73.626187712706,"TOTAL_PARENT_EQUITY":467656000,"DEBT_ASSET_RATIO":69.4761239319,"OPERATE_PROFIT":24048000,"PRETAX_PROFIT":15699000,"NETCASH_OPERATE":-187132000,"NETCASH_INVEST":-97729000,"NETCASH_FINANCE":-35473000,"END_CASH":678856000,"DIVI_RATIO":null,"DIVIDEND_RATE":null,"CURRENT_RATIO":1.708187218959,"COMMON_ACS":2000000000,"CURRENTDEBT_DEBT":67.001896766666,"ISSUED_COMMON_SHARES":1284380568,"HK_COMMON_SHARES":1284380568,"PER_SHARES":500,"TOTAL_MARKET_CAP":3686172230.16,"HKSK_MARKET_CAP":3686172230.16,"PE_TTM":-22.880560638091,"PB_TTM":7.19395382722,"REPORT_DATE_SQ":"2023-06-30 00:00:00","REPORT_TYPE_SQ":"2023年中报","OPERATE_INCOME_SQ":261474000,"DPS_HKD":null,"OPERATE_INCOME_QOQ_SQ":-0.06045333771,"NET_PROFIT_RATIO_SQ":-80.0178985291,"HOLDER_PROFIT_SQ":-209226000,"HOLDER_PROFIT_QOQ_SQ":16.876782196974,"ROE_AVG_SQ":-39.737484105557,"PE_TTM_SQ":-2.364450873655,"PB_TTM_SQ":2.941719661922,"ROA_SQ":-12.687433997309,"START_DATE":"2024-01-01 00:00:00","FISCAL_YEAR":"12-31","CURRENCY":"HKD","IS_CNY_CODE":0,"DPS_HKD_LY":null,"ORG_TYPE":"一般企业","PREMIUM_INCOME":null,"PREMIUM_INCOME_YOY":null,"NET_INTEREST_INCOME":null,"NET_INTEREST_INCOME_YOY":null,"FEE_COMMISSION_INCOME":null,"FEE_COMMISSION_INCOME_YOY":null,"ACCOUNTS_RECE_TDAYS":1.446041896613,"INVENTORY_TDAYS":0.565756755454,"CURRENT_ASSETS_TDAYS":0.199496793837,"TOTAL_ASSETS_TDAYS":0.159146651105,"PREMIUM_EXPENSE":null,"LOAN_DEPOSIT":null,"LOAN_EQUITY":null,"LOAN_ASSETS":null,"DEPOSIT_EQUITY":null,"DEPOSIT_ASSETS":null,"EQUITY_MULTIPLIER":3.276123903036,"EQUITY_RATIO":2.27612390304},{"SECUCODE":"02616.HK","SECURITY_CODE":"02616","SECURITY_NAME_ABBR":"基石药业-B","ORG_CODE":"10992886","STD_REPORT_DATE":"2023-12-31 00:00:00","REPORT_DATE":"2023-12-31 00:00:00","DATE_TYPE_CODE":"001","REPORT_TYPE":"2023年年报","PER_NETCASH_OPERATE":-0.45854189999,"PER_OI":0.361201529058,"BPS":0.355681183118,"BASIC_EPS":-0.29,"DILUTED_EPS":-0.29,"OPERATE_INCOME":463842000,"OPERATE_INCOME_YOY":-3.6398726117,"GROSS_PROFIT":304295000,"GROSS_PROFIT_YOY":9.310002945635,"HOLDER_PROFIT":-367234000,"HOLDER_PROFIT_YOY":59.3172759279,"GROSS_PROFIT_RATIO":65.603157971896,"EPS_TTM":-0.28597126246,"OPERATE_INCOME_QOQ":-3.58158446137,"NET_PROFIT_RATIO":-79.172218126,"ROE_AVG":-81.053151995904,"GROSS_PROFIT_QOQ":15.801471231824,"ROA":-22.253733305943,"HOLDER_PROFIT_QOQ":51.057327726949,"ROE_YEARLY":-81.053151995904,"ROIC_YEARLY":-59.632172410657,"TOTAL_ASSETS":1661999000,"TOTAL_LIABILITIES":1205169000,"TAX_EBT":null,"OCF_SALES":-126.949047304901,"TOTAL_PARENT_EQUITY":456830000,"DEBT_ASSET_RATIO":72.5132205254,"OPERATE_PROFIT":-355415000,"PRETAX_PROFIT":-367234000,"NETCASH_OPERATE":-588843000,"NETCASH_INVEST":619605000,"NETCASH_FINANCE":388355000,"END_CASH":996671000,"DIVI_RATIO":null,"DIVIDEND_RATE":null,"CURRENT_RATIO":1.56383344035,"COMMON_ACS":2000000000,"CURRENTDEBT_DEBT":70.557573253212,"ISSUED_COMMON_SHARES":1284380568,"HK_COMMON_SHARES":1284380568,"PER_SHARES":500,"TOTAL_MARKET_CAP":2941231500.72,"HKSK_MARKET_CAP":2941231500.72,"PE_TTM":-18.256614585794,"PB_TTM":5.74012343705,"REPORT_DATE_SQ":"2022-12-31 00:00:00","REPORT_TYPE_SQ":"2022年年报","OPERATE_INCOME_SQ":481363000,"DPS_HKD":null,"OPERATE_INCOME_QOQ_SQ":12.986991648554,"NET_PROFIT_RATIO_SQ":-187.5254226021,"HOLDER_PROFIT_SQ":-902678000,"HOLDER_PROFIT_QOQ_SQ":40.133490912033,"ROE_AVG_SQ":-108.997098411311,"PE_TTM_SQ":-2.537843937723,"PB_TTM_SQ":3.157445770463,"ROA_SQ":-46.174204834931,"START_DATE":"2023-01-01 00:00:00","FISCAL_YEAR":"12-31","CURRENCY":"HKD","IS_CNY_CODE":0,"DPS_HKD_LY":null,"ORG_TYPE":"一般企业","PREMIUM_INCOME":null,"PREMIUM_INCOME_YOY":null,"NET_INTEREST_INCOME":null,"NET_INTEREST_INCOME_YOY":null,"FEE_COMMISSION_INCOME":null,"FEE_COMMISSION_INCOME_YOY":null,"ACCOUNTS_RECE_TDAYS":3.7171145686,"INVENTORY_TDAYS":2.435534591195,"CURRENT_ASSETS_TDAYS":0.360027383821,"TOTAL_ASSETS_TDAYS":0.281080078753,"PREMIUM_EXPENSE":null,"LOAN_DEPOSIT":null,"LOAN_EQUITY":null,"LOAN_ASSETS":null,"DEPOSIT_EQUITY":null,"DEPOSIT_ASSETS":null,"EQUITY_MULTIPLIER":3.638112645842,"EQUITY_RATIO":2.638112645842},{"SECUCODE":"02616.HK","SECURITY_CODE":"02616","SECURITY_NAME_ABBR":"基石药业-B","ORG_CODE":"10992886","STD_REPORT_DATE":"2023-06-30 00:00:00","REPORT_DATE":"2023-06-30 00:00:00","DATE_TYPE_CODE":"002","REPORT_TYPE":"2023年中报","PER_NETCASH_OPERATE":-0.265464948046,"PER_OI":0.20365810756,"BPS":0.470043704367,"BASIC_EPS":-0.17,"DILUTED_EPS":-0.17,"OPERATE_INCOME":261474000,"OPERATE_INCOME_YOY":-0.1111684144,"GROSS_PROFIT":153437000,"GROSS_PROFIT_YOY":-9.231433608216,"HOLDER_PROFIT":-209226000,"HOLDER_PROFIT_YOY":42.1338665649,"GROSS_PROFIT_RATIO":58.681551511814,"EPS_TTM":-0.584424478672,"OPERATE_INCOME_QOQ":-0.06045333771,"NET_PROFIT_RATIO":-80.0178985291,"ROE_AVG":-39.737484105557,"GROSS_PROFIT_QOQ":-5.605687231031,"ROA":-12.687433997309,"HOLDER_PROFIT_QOQ":16.876782196974,"ROE_YEARLY":-79.474968211114,"ROIC_YEARLY":-66.915115195951,"TOTAL_ASSETS":1659734000,"TOTAL_LIABILITIES":1056019000,"TAX_EBT":null,"OCF_SALES":-130.348332912641,"TOTAL_PARENT_EQUITY":603715000,"DEBT_ASSET_RATIO":63.6257978688,"OPERATE_PROFIT":-203352000,"PRETAX_PROFIT":-209226000,"NETCASH_OPERATE":-340827000,"NETCASH_INVEST":397936000,"NETCASH_FINANCE":265674000,"END_CASH":906224000,"DIVI_RATIO":null,"DIVIDEND_RATE":null,"CURRENT_RATIO":1.536782953121,"COMMON_ACS":2000000000,"CURRENTDEBT_DEBT":76.050052129744,"ISSUED_COMMON_SHARES":1284380568,"HK_COMMON_SHARES":1284380568,"PER_SHARES":500,"TOTAL_MARKET_CAP":2941231500.72,"HKSK_MARKET_CAP":2941231500.72,"PE_TTM":-18.256614585794,"PB_TTM":5.74012343705,"REPORT_DATE_SQ":"2022-06-30 00:00:00","REPORT_TYPE_SQ":"2022年中报","OPERATE_INCOME_SQ":261765000,"DPS_HKD":null,"OPERATE_INCOME_QOQ_SQ":74.806128394292,"NET_PROFIT_RATIO_SQ":-138.1273279468,"HOLDER_PROFIT_SQ":-361569000,"HOLDER_PROFIT_QOQ_SQ":21.471902505078,"ROE_AVG_SQ":-33.51569560764,"PE_TTM_SQ":-2.537843937723,"PB_TTM_SQ":3.157445770463,"ROA_SQ":-16.87140632382,"START_DATE":"2023-01-01 00:00:00","FISCAL_YEAR":"12-31","CURRENCY":"HKD","IS_CNY_CODE":0,"DPS_HKD_LY":null,"ORG_TYPE":"一般企业","PREMIUM_INCOME":null,"PREMIUM_INCOME_YOY":null,"NET_INTEREST_INCOME":null,"NET_INTEREST_INCOME_YOY":null,"FEE_COMMISSION_INCOME":null,"FEE_COMMISSION_INCOME_YOY":null,"ACCOUNTS_RECE_TDAYS":1.988395437262,"INVENTORY_TDAYS":5.173690259554,"CURRENT_ASSETS_TDAYS":0.210771621757,"TOTAL_ASSETS_TDAYS":0.158557450652,"PREMIUM_EXPENSE":null,"LOAN_DEPOSIT":null,"LOAN_EQUITY":null,"LOAN_ASSETS":null,"DEPOSIT_EQUITY":null,"DEPOSIT_ASSETS":null,"EQUITY_MULTIPLIER":2.749201195927,"EQUITY_RATIO":1.749201195929},{"SECUCODE":"02616.HK","SECURITY_CODE":"02616","SECURITY_NAME_ABBR":"基石药业-B","ORG_CODE":"10992886","STD_REPORT_DATE":"2022-12-31 00:00:00","REPORT_DATE":"2022-12-31 00:00:00","DATE_TYPE_CODE":"001","REPORT_TYPE":"2022年年报","PER_NETCASH_OPERATE":-0.510925597016,"PER_OI":0.401556124728,"BPS":0.349838678033,"BASIC_EPS":-0.77,"DILUTED_EPS":-0.77,"OPERATE_INCOME":481363000,"OPERATE_INCOME_YOY":97.50818569,"GROSS_PROFIT":278378000,"GROSS_PROFIT_YOY":103.364843738585,"HOLDER_PROFIT":-902678000,"HOLDER_PROFIT_YOY":52.9879693766,"GROSS_PROFIT_RATIO":57.831200154561,"EPS_TTM":-0.753019819881,"OPERATE_INCOME_QOQ":12.986991648554,"NET_PROFIT_RATIO":-187.5254226021,"ROE_AVG":-108.997098411311,"GROSS_PROFIT_QOQ":8.026574153841,"ROA":-46.174204834931,"HOLDER_PROFIT_QOQ":40.133490912033,"ROE_YEARLY":-108.997098411311,"ROIC_YEARLY":-142.789823980005,"TOTAL_ASSETS":1638427000,"TOTAL_LIABILITIES":1189101000,"TAX_EBT":null,"OCF_SALES":-127.236409944262,"TOTAL_PARENT_EQUITY":449326000,"DEBT_ASSET_RATIO":72.5757693202,"OPERATE_PROFIT":-894201000,"PRETAX_PROFIT":-902678000,"NETCASH_OPERATE":-610743000,"NETCASH_INVEST":363393000,"NETCASH_FINANCE":28467000,"END_CASH":558684000,"DIVI_RATIO":null,"DIVIDEND_RATE":null,"CURRENT_RATIO":1.3174228353,"COMMON_ACS":2000000000,"CURRENTDEBT_DEBT":79.596434617413,"ISSUED_COMMON_SHARES":1284380568,"HK_COMMON_SHARES":1284380568,"PER_SHARES":500,"TOTAL_MARKET_CAP":2941231500.72,"HKSK_MARKET_CAP":2941231500.72,"PE_TTM":-18.256614585794,"PB_TTM":5.74012343705,"REPORT_DATE_SQ":"2021-12-31 00:00:00","REPORT_TYPE_SQ":"2021年年报","OPERATE_INCOME_SQ":243718000,"DPS_HKD":null,"OPERATE_INCOME_QOQ_SQ":-78.206014409616,"NET_PROFIT_RATIO_SQ":-787.8367621595,"HOLDER_PROFIT_SQ":-1920100000,"HOLDER_PROFIT_QOQ_SQ":-45.065718147456,"ROE_AVG_SQ":-92.279935830337,"PE_TTM_SQ":-2.537843937723,"PB_TTM_SQ":3.157445770463,"ROA_SQ":-63.640529282648,"START_DATE":"2022-01-01 00:00:00","FISCAL_YEAR":"12-31","CURRENCY":"HKD","IS_CNY_CODE":0,"DPS_HKD_LY":null,"ORG_TYPE":"一般企业","PREMIUM_INCOME":null,"PREMIUM_INCOME_YOY":null,"NET_INTEREST_INCOME":null,"NET_INTEREST_INCOME_YOY":null,"FEE_COMMISSION_INCOME":null,"FEE_COMMISSION_INCOME_YOY":null,"ACCOUNTS_RECE_TDAYS":4.943876424401,"INVENTORY_TDAYS":4.858948426709,"CURRENT_ASSETS_TDAYS":0.300423583629,"TOTAL_ASSETS_TDAYS":0.246229040277,"PREMIUM_EXPENSE":null,"LOAN_DEPOSIT":null,"LOAN_EQUITY":null,"LOAN_ASSETS":null,"DEPOSIT_EQUITY":null,"DEPOSIT_ASSETS":null,"EQUITY_MULTIPLIER":3.646410401356,"EQUITY_RATIO":2.646410401357},{"SECUCODE":"02616.HK","SECURITY_CODE":"02616","SECURITY_NAME_ABBR":"基石药业-B","ORG_CODE":"10992886","STD_REPORT_DATE":"2022-06-30 00:00:00","REPORT_DATE":"2022-06-30 00:00:00","DATE_TYPE_CODE":"002","REPORT_TYPE":"2022年中报","PER_NETCASH_OPERATE":-0.373154953178,"PER_OI":0.220284303257,"BPS":0.740124869283,"BASIC_EPS":-0.31,"DILUTED_EPS":-0.31,"OPERATE_INCOME":261765000,"OPERATE_INCOME_YOY":229.475512593,"GROSS_PROFIT":169042000,"GROSS_PROFIT_YOY":250.462329477132,"HOLDER_PROFIT":-361569000,"HOLDER_PROFIT_YOY":53.2766643708,"GROSS_PROFIT_RATIO":64.577770137337,"EPS_TTM":-1.268881009943,"OPERATE_INCOME_QOQ":74.806128394292,"NET_PROFIT_RATIO":-138.1273279468,"ROE_AVG":-33.51569560764,"GROSS_PROFIT_QOQ":88.25445991555,"ROA":-16.87140632382,"HOLDER_PROFIT_QOQ":21.471902505078,"ROE_YEARLY":-67.03139121528,"ROIC_YEARLY":-91.412296968801,"TOTAL_ASSETS":2014722000,"TOTAL_LIABILITIES":1064120000,"TAX_EBT":null,"OCF_SALES":-169.396978205642,"TOTAL_PARENT_EQUITY":950602000,"DEBT_ASSET_RATIO":52.8172124988,"OPERATE_PROFIT":-358633000,"PRETAX_PROFIT":-361569000,"NETCASH_OPERATE":-443422000,"NETCASH_INVEST":432147000,"NETCASH_FINANCE":-17351000,"END_CASH":731458000,"DIVI_RATIO":null,"DIVIDEND_RATE":null,"CURRENT_RATIO":1.750708117789,"COMMON_ACS":2000000000,"CURRENTDEBT_DEBT":84.6358493403,"ISSUED_COMMON_SHARES":1284380568,"HK_COMMON_SHARES":1284380568,"PER_SHARES":500,"TOTAL_MARKET_CAP":2941231500.72,"HKSK_MARKET_CAP":2941231500.72,"PE_TTM":-18.256614585794,"PB_TTM":5.74012343705,"REPORT_DATE_SQ":"2021-06-30 00:00:00","REPORT_TYPE_SQ":"2021年中报","OPERATE_INCOME_SQ":79449000,"DPS_HKD":null,"OPERATE_INCOME_QOQ_SQ":7.647916121182,"NET_PROFIT_RATIO_SQ":-974.0223287895,"HOLDER_PROFIT_SQ":-773851000,"HOLDER_PROFIT_QOQ_SQ":-8.403610486167,"ROE_AVG_SQ":-29.271463584527,"PE_TTM_SQ":-2.537843937723,"PB_TTM_SQ":3.157445770463,"ROA_SQ":-23.259576660322,"START_DATE":"2022-01-01 00:00:00","FISCAL_YEAR":"12-31","CURRENCY":"HKD","IS_CNY_CODE":0,"DPS_HKD_LY":null,"ORG_TYPE":"一般企业","PREMIUM_INCOME":null,"PREMIUM_INCOME_YOY":null,"NET_INTEREST_INCOME":null,"NET_INTEREST_INCOME_YOY":null,"FEE_COMMISSION_INCOME":null,"FEE_COMMISSION_INCOME_YOY":null,"ACCOUNTS_RECE_TDAYS":1.85896138482,"INVENTORY_TDAYS":1.608894441408,"CURRENT_ASSETS_TDAYS":0.14812498939,"TOTAL_ASSETS_TDAYS":0.122143869534,"PREMIUM_EXPENSE":null,"LOAN_DEPOSIT":null,"LOAN_EQUITY":null,"LOAN_ASSETS":null,"DEPOSIT_EQUITY":null,"DEPOSIT_ASSETS":null,"EQUITY_MULTIPLIER":2.119416958938,"EQUITY_RATIO":1.119416958938},{"SECUCODE":"02616.HK","SECURITY_CODE":"02616","SECURITY_NAME_ABBR":"基石药业-B","ORG_CODE":"10992886","STD_REPORT_DATE":"2021-12-31 00:00:00","REPORT_DATE":"2021-12-31 00:00:00","DATE_TYPE_CODE":"001","REPORT_TYPE":"2021年年报","PER_NETCASH_OPERATE":-1.250100952022,"PER_OI":0.205301331936,"BPS":0.939758845682,"BASIC_EPS":-1.65,"DILUTED_EPS":-1.65,"OPERATE_INCOME":243718000,"OPERATE_INCOME_YOY":-76.5392286722,"GROSS_PROFIT":136886000,"GROSS_PROFIT_YOY":-82.833695547215,"HOLDER_PROFIT":-1920100000,"HOLDER_PROFIT_YOY":-57.2564760495,"GROSS_PROFIT_RATIO":56.165732526937,"EPS_TTM":-1.617439366194,"OPERATE_INCOME_QOQ":-78.206014409616,"NET_PROFIT_RATIO":-787.8367621595,"ROE_AVG":-92.279935830337,"GROSS_PROFIT_QOQ":-83.812829260505,"ROA":-63.640529282648,"HOLDER_PROFIT_QOQ":-45.065718147456,"ROE_YEARLY":-92.279935830337,"ROIC_YEARLY":-366.661160670382,"TOTAL_ASSETS":2271453000,"TOTAL_LIABILITIES":1064445000,"TAX_EBT":null,"OCF_SALES":-608.910297967323,"TOTAL_PARENT_EQUITY":1207008000,"DEBT_ASSET_RATIO":46.8618545046,"OPERATE_PROFIT":-1917858000,"PRETAX_PROFIT":-1920100000,"NETCASH_OPERATE":-1484024000,"NETCASH_INVEST":-826552000,"NETCASH_FINANCE":92304000,"END_CASH":742724000,"DIVI_RATIO":null,"DIVIDEND_RATE":null,"CURRENT_RATIO":2.098343101652,"COMMON_ACS":2000000000,"CURRENTDEBT_DEBT":87.646426071803,"ISSUED_COMMON_SHARES":1284380568,"HK_COMMON_SHARES":1284380568,"PER_SHARES":500,"TOTAL_MARKET_CAP":2941231500.72,"HKSK_MARKET_CAP":2941231500.72,"PE_TTM":-18.256614585794,"PB_TTM":5.74012343705,"REPORT_DATE_SQ":"2020-12-31 00:00:00","REPORT_TYPE_SQ":"2020年年报","OPERATE_INCOME_SQ":1038832000,"DPS_HKD":null,"OPERATE_INCOME_QOQ_SQ":null,"NET_PROFIT_RATIO_SQ":-117.5357516904,"HOLDER_PROFIT_SQ":-1220999000,"HOLDER_PROFIT_QOQ_SQ":38.4452083765,"ROE_AVG_SQ":-44.922353432884,"PE_TTM_SQ":-2.537843937723,"PB_TTM_SQ":3.157445770463,"ROA_SQ":-36.374997635325,"START_DATE":"2021-01-01 00:00:00","FISCAL_YEAR":"12-31","CURRENCY":"HKD","IS_CNY_CODE":0,"DPS_HKD_LY":null,"ORG_TYPE":"一般企业","PREMIUM_INCOME":null,"PREMIUM_INCOME_YOY":null,"NET_INTEREST_INCOME":null,"NET_INTEREST_INCOME_YOY":null,"FEE_COMMISSION_INCOME":null,"FEE_COMMISSION_INCOME_YOY":null,"ACCOUNTS_RECE_TDAYS":2.07246721883,"INVENTORY_TDAYS":1.740983980575,"CURRENT_ASSETS_TDAYS":0.088144770982,"TOTAL_ASSETS_TDAYS":0.080778826705,"PREMIUM_EXPENSE":null,"LOAN_DEPOSIT":null,"LOAN_EQUITY":null,"LOAN_ASSETS":null,"DEPOSIT_EQUITY":null,"DEPOSIT_ASSETS":null,"EQUITY_MULTIPLIER":1.881887278295,"EQUITY_RATIO":0.881887278295},{"SECUCODE":"02616.HK","SECURITY_CODE":"02616","SECURITY_NAME_ABBR":"基石药业-B","ORG_CODE":"10992886","STD_REPORT_DATE":"2021-06-30 00:00:00","REPORT_DATE":"2021-06-30 00:00:00","DATE_TYPE_CODE":"002","REPORT_TYPE":"2021年中报","PER_NETCASH_OPERATE":-0.723282532284,"PER_OI":0.067146223623,"BPS":1.816400106109,"BASIC_EPS":-0.67,"DILUTED_EPS":-0.67,"OPERATE_INCOME":79449000,"OPERATE_INCOME_YOY":null,"GROSS_PROFIT":48234000,"GROSS_PROFIT_YOY":null,"HOLDER_PROFIT":-773851000,"HOLDER_PROFIT_YOY":-15.2862674173,"GROSS_PROFIT_RATIO":60.710644564438,"EPS_TTM":-1.11864481127,"OPERATE_INCOME_QOQ":7.647916121182,"NET_PROFIT_RATIO":-974.0223287895,"ROE_AVG":-29.271463584527,"GROSS_PROFIT_QOQ":6.048825511562,"ROA":-23.259576660322,"HOLDER_PROFIT_QOQ":-8.403610486167,"ROE_YEARLY":-58.542927169054,"ROIC_YEARLY":-375.908103375202,"TOTAL_ASSETS":2891290000,"TOTAL_LIABILITIES":558341000,"TAX_EBT":null,"OCF_SALES":-1077.17529484323,"TOTAL_PARENT_EQUITY":2332949000,"DEBT_ASSET_RATIO":19.311137935,"OPERATE_PROFIT":-771654000,"PRETAX_PROFIT":-773851000,"NETCASH_OPERATE":-855805000,"NETCASH_INVEST":285697000,"NETCASH_FINANCE":19206000,"END_CASH":2447177000,"DIVI_RATIO":null,"DIVIDEND_RATE":null,"CURRENT_RATIO":5.690472520179,"COMMON_ACS":2000000000,"CURRENTDEBT_DEBT":83.653179687682,"ISSUED_COMMON_SHARES":1284380568,"HK_COMMON_SHARES":1284380568,"PER_SHARES":500,"TOTAL_MARKET_CAP":2941231500.72,"HKSK_MARKET_CAP":2941231500.72,"PE_TTM":-18.256614585794,"PB_TTM":5.74012343705,"REPORT_DATE_SQ":"2020-06-30 00:00:00","REPORT_TYPE_SQ":"2020年中报","OPERATE_INCOME_SQ":null,"DPS_HKD":null,"OPERATE_INCOME_QOQ_SQ":null,"NET_PROFIT_RATIO_SQ":null,"HOLDER_PROFIT_SQ":-671243000,"HOLDER_PROFIT_QOQ_SQ":14.072119574917,"ROE_AVG_SQ":-30.262691922133,"PE_TTM_SQ":-2.537843937723,"PB_TTM_SQ":3.157445770463,"ROA_SQ":-25.406450675204,"START_DATE":"2021-01-01 00:00:00","FISCAL_YEAR":"12-31","CURRENCY":"HKD","IS_CNY_CODE":0,"DPS_HKD_LY":null,"ORG_TYPE":"一般企业","PREMIUM_INCOME":null,"PREMIUM_INCOME_YOY":null,"NET_INTEREST_INCOME":null,"NET_INTEREST_INCOME_YOY":null,"FEE_COMMISSION_INCOME":null,"FEE_COMMISSION_INCOME_YOY":null,"ACCOUNTS_RECE_TDAYS":1.575681250248,"INVENTORY_TDAYS":1.035529458599,"CURRENT_ASSETS_TDAYS":0.025504674685,"TOTAL_ASSETS_TDAYS":0.023879921407,"PREMIUM_EXPENSE":null,"LOAN_DEPOSIT":null,"LOAN_EQUITY":null,"LOAN_ASSETS":null,"DEPOSIT_EQUITY":null,"DEPOSIT_ASSETS":null,"EQUITY_MULTIPLIER":1.23932842081,"EQUITY_RATIO":0.23932842081},{"SECUCODE":"02616.HK","SECURITY_CODE":"02616","SECURITY_NAME_ABBR":"基石药业-B","ORG_CODE":"10992886","STD_REPORT_DATE":"2020-12-31 00:00:00","REPORT_DATE":"2020-12-31 00:00:00","DATE_TYPE_CODE":"001","REPORT_TYPE":"2020年年报","PER_NETCASH_OPERATE":-0.43274571558,"PER_OI":0.884819212328,"BPS":2.300299516833,"BASIC_EPS":-1.17,"DILUTED_EPS":-1.17,"OPERATE_INCOME":1038832000,"OPERATE_INCOME_YOY":null,"GROSS_PROFIT":797411000,"GROSS_PROFIT_YOY":null,"HOLDER_PROFIT":-1220999000,"HOLDER_PROFIT_YOY":40.9786150024,"GROSS_PROFIT_RATIO":76.760342384524,"EPS_TTM":-1.039978912311,"OPERATE_INCOME_QOQ":null,"NET_PROFIT_RATIO":-117.5357516904,"ROE_AVG":-44.922353432884,"GROSS_PROFIT_QOQ":null,"ROA":-36.374997635325,"HOLDER_PROFIT_QOQ":38.4452083765,"ROE_YEARLY":-44.922353432884,"ROIC_YEARLY":-404.229348200334,"TOTAL_ASSETS":3762752000,"TOTAL_LIABILITIES":808292000,"TAX_EBT":null,"OCF_SALES":-48.907811850232,"TOTAL_PARENT_EQUITY":2954460000,"DEBT_ASSET_RATIO":21.4814050992,"OPERATE_PROFIT":-1219679000,"PRETAX_PROFIT":-1220999000,"NETCASH_OPERATE":-508070000,"NETCASH_INVEST":1180732000,"NETCASH_FINANCE":1389429000,"END_CASH":3024548000,"DIVI_RATIO":null,"DIVIDEND_RATE":null,"CURRENT_RATIO":4.913428118325,"COMMON_ACS":2000000000,"CURRENTDEBT_DEBT":89.948805629649,"ISSUED_COMMON_SHARES":1284380568,"HK_COMMON_SHARES":1284380568,"PER_SHARES":500,"TOTAL_MARKET_CAP":2941231500.72,"HKSK_MARKET_CAP":2941231500.72,"PE_TTM":-18.256614585794,"PB_TTM":5.74012343705,"REPORT_DATE_SQ":"2019-12-31 00:00:00","REPORT_TYPE_SQ":"2019年年报","OPERATE_INCOME_SQ":null,"DPS_HKD":null,"OPERATE_INCOME_QOQ_SQ":null,"NET_PROFIT_RATIO_SQ":null,"HOLDER_PROFIT_SQ":-2068740000,"HOLDER_PROFIT_QOQ_SQ":-1.988571347784,"ROE_AVG_SQ":-154.054789044594,"PE_TTM_SQ":-2.537843937723,"PB_TTM_SQ":3.157445770463,"ROA_SQ":-100.744638114605,"START_DATE":"2020-01-01 00:00:00","FISCAL_YEAR":"12-31","CURRENCY":"HKD","IS_CNY_CODE":0,"DPS_HKD_LY":null,"ORG_TYPE":"一般企业","PREMIUM_INCOME":null,"PREMIUM_INCOME_YOY":null,"NET_INTEREST_INCOME":null,"NET_INTEREST_INCOME_YOY":null,"FEE_COMMISSION_INCOME":null,"FEE_COMMISSION_INCOME_YOY":null,"ACCOUNTS_RECE_TDAYS":null,"INVENTORY_TDAYS":null,"CURRENT_ASSETS_TDAYS":0.321662337405,"TOTAL_ASSETS_TDAYS":0.309480282486,"PREMIUM_EXPENSE":null,"LOAN_DEPOSIT":null,"LOAN_EQUITY":null,"LOAN_ASSETS":null,"DEPOSIT_EQUITY":null,"DEPOSIT_ASSETS":null,"EQUITY_MULTIPLIER":1.273583666727,"EQUITY_RATIO":0.273583666728},{"SECUCODE":"02616.HK","SECURITY_CODE":"02616","SECURITY_NAME_ABBR":"基石药业-B","ORG_CODE":"10992886","STD_REPORT_DATE":"2020-06-30 00:00:00","REPORT_DATE":"2020-06-30 00:00:00","DATE_TYPE_CODE":"002","REPORT_TYPE":"2020年中报","PER_NETCASH_OPERATE":-0.623688872791,"PER_OI":null,"BPS":1.521766249581,"BASIC_EPS":-0.66,"DILUTED_EPS":-0.66,"OPERATE_INCOME":null,"OPERATE_INCOME_YOY":null,"GROSS_PROFIT":null,"GROSS_PROFIT_YOY":null,"HOLDER_PROFIT":-671243000,"HOLDER_PROFIT_YOY":32.6122137558,"GROSS_PROFIT_RATIO":null,"EPS_TTM":-1.9283905344,"OPERATE_INCOME_QOQ":null,"NET_PROFIT_RATIO":null,"ROE_AVG":-30.262691922133,"GROSS_PROFIT_QOQ":null,"ROA":-25.406450675204,"HOLDER_PROFIT_QOQ":14.072119574917,"ROE_YEARLY":-60.525383844265,"ROIC_YEARLY":-618.0732487742,"TOTAL_ASSETS":2333391000,"TOTAL_LIABILITIES":378864000,"TAX_EBT":null,"OCF_SALES":null,"TOTAL_PARENT_EQUITY":1954527000,"DEBT_ASSET_RATIO":16.2366272948,"OPERATE_PROFIT":-671005000,"PRETAX_PROFIT":-671243000,"NETCASH_OPERATE":-641544000,"NETCASH_INVEST":1199606000,"NETCASH_FINANCE":1604000,"END_CASH":1734386000,"DIVI_RATIO":null,"DIVIDEND_RATE":null,"CURRENT_RATIO":6.519985701665,"COMMON_ACS":2000000000,"CURRENTDEBT_DEBT":90.823092191393,"ISSUED_COMMON_SHARES":1284380568,"HK_COMMON_SHARES":1284380568,"PER_SHARES":500,"TOTAL_MARKET_CAP":2941231500.72,"HKSK_MARKET_CAP":2941231500.72,"PE_TTM":-18.256614585794,"PB_TTM":5.74012343705,"REPORT_DATE_SQ":"2019-06-30 00:00:00","REPORT_TYPE_SQ":"2019年中报","OPERATE_INCOME_SQ":null,"DPS_HKD":null,"OPERATE_INCOME_QOQ_SQ":null,"NET_PROFIT_RATIO_SQ":null,"HOLDER_PROFIT_SQ":-996090000,"HOLDER_PROFIT_QOQ_SQ":-29.689098062944,"ROE_AVG_SQ":-63.988670667488,"PE_TTM_SQ":-2.537843937723,"PB_TTM_SQ":3.157445770463,"ROA_SQ":-48.70975478867,"START_DATE":"2020-01-01 00:00:00","FISCAL_YEAR":"12-31","CURRENCY":"HKD","IS_CNY_CODE":0,"DPS_HKD_LY":null,"ORG_TYPE":"一般企业","PREMIUM_INCOME":null,"PREMIUM_INCOME_YOY":null,"NET_INTEREST_INCOME":null,"NET_INTEREST_INCOME_YOY":null,"FEE_COMMISSION_INCOME":null,"FEE_COMMISSION_INCOME_YOY":null,"ACCOUNTS_RECE_TDAYS":null,"INVENTORY_TDAYS":null,"CURRENT_ASSETS_TDAYS":null,"TOTAL_ASSETS_TDAYS":null,"PREMIUM_EXPENSE":null,"LOAN_DEPOSIT":null,"LOAN_EQUITY":null,"LOAN_ASSETS":null,"DEPOSIT_EQUITY":null,"DEPOSIT_ASSETS":null,"EQUITY_MULTIPLIER":1.193839225552,"EQUITY_RATIO":0.193839225552}],"count":18},"success":true,"message":"ok","code":0}