{"version":"7c416e4ee6681b4b31c9a59f2ace05ea","result":{"pages":4,"data":[{"SECUCODE":"02623.HK","SECURITY_CODE":"02623","SECURITY_NAME_ABBR":"爱德新能源","ORG_CODE":"10195333","STD_REPORT_DATE":"2024-06-30 00:00:00","REPORT_DATE":"2024-06-30 00:00:00","DATE_TYPE_CODE":"002","REPORT_TYPE":"2024年中报","PER_NETCASH_OPERATE":-0.071407256633,"PER_OI":0.449026689374,"BPS":1.367563299494,"BASIC_EPS":-0.0468,"DILUTED_EPS":null,"OPERATE_INCOME":157288000,"OPERATE_INCOME_YOY":-83.4083688117,"GROSS_PROFIT":12184000,"GROSS_PROFIT_YOY":-83.690297708289,"HOLDER_PROFIT":-16353000,"HOLDER_PROFIT_YOY":-149.3481803368,"GROSS_PROFIT_RATIO":7.746299781293,"EPS_TTM":0.002951869162,"OPERATE_INCOME_QOQ":-62.56952648792,"NET_PROFIT_RATIO":-10.3968516352,"ROE_AVG":-3.368557656656,"GROSS_PROFIT_QOQ":-44.194989537974,"ROA":-1.85096206903,"HOLDER_PROFIT_QOQ":-97.953488372093,"ROE_YEARLY":-6.737115313311,"ROIC_YEARLY":-4.22836206239,"TOTAL_ASSETS":897676000,"TOTAL_LIABILITIES":418637000,"TAX_EBT":-11.991508012601,"OCF_SALES":-15.902675347134,"TOTAL_PARENT_EQUITY":479039000,"DEBT_ASSET_RATIO":46.6356458232,"OPERATE_PROFIT":-12610000,"PRETAX_PROFIT":-14602000,"NETCASH_OPERATE":-25013000,"NETCASH_INVEST":-79774000,"NETCASH_FINANCE":32644000,"END_CASH":73858000,"DIVI_RATIO":null,"DIVIDEND_RATE":null,"CURRENT_RATIO":1.152313156548,"COMMON_ACS":750000000,"CURRENTDEBT_DEBT":79.359922797077,"ISSUED_COMMON_SHARES":350286528,"HK_COMMON_SHARES":350286528,"PER_SHARES":2000,"TOTAL_MARKET_CAP":199663320.96,"HKSK_MARKET_CAP":199663320.96,"PE_TTM":105.430161340411,"PB_TTM":0.380404768242,"REPORT_DATE_SQ":"2023-06-30 00:00:00","REPORT_TYPE_SQ":"2023年中报","OPERATE_INCOME_SQ":947996000,"DPS_HKD":null,"OPERATE_INCOME_QOQ_SQ":22.878869730938,"NET_PROFIT_RATIO_SQ":3.4955843696,"HOLDER_PROFIT_SQ":33138000,"HOLDER_PROFIT_QOQ_SQ":31.57282901015,"ROE_AVG_SQ":7.995936641528,"PE_TTM_SQ":1.899313041903,"PB_TTM_SQ":0.306032230591,"ROA_SQ":4.691661109672,"START_DATE":"2024-01-01 00:00:00","FISCAL_YEAR":"12-31","CURRENCY":"HKD","IS_CNY_CODE":0,"DPS_HKD_LY":null,"ORG_TYPE":"一般企业","PREMIUM_INCOME":null,"PREMIUM_INCOME_YOY":null,"NET_INTEREST_INCOME":null,"NET_INTEREST_INCOME_YOY":null,"FEE_COMMISSION_INCOME":null,"FEE_COMMISSION_INCOME_YOY":null,"ACCOUNTS_RECE_TDAYS":6.668136340512,"INVENTORY_TDAYS":11.182921660052,"CURRENT_ASSETS_TDAYS":0.508516605643,"TOTAL_ASSETS_TDAYS":0.178031016886,"PREMIUM_EXPENSE":null,"LOAN_DEPOSIT":null,"LOAN_EQUITY":null,"LOAN_ASSETS":null,"DEPOSIT_EQUITY":null,"DEPOSIT_ASSETS":null,"EQUITY_MULTIPLIER":1.873910057427,"EQUITY_RATIO":0.873910057427},{"SECUCODE":"02623.HK","SECURITY_CODE":"02623","SECURITY_NAME_ABBR":"爱德新能源","ORG_CODE":"10195333","STD_REPORT_DATE":"2023-12-31 00:00:00","REPORT_DATE":"2023-12-31 00:00:00","DATE_TYPE_CODE":"001","REPORT_TYPE":"2023年年报","PER_NETCASH_OPERATE":0.152261065547,"PER_OI":3.607695126659,"BPS":1.404224715145,"BASIC_EPS":0.1636,"DILUTED_EPS":0.1636,"OPERATE_INCOME":1263727000,"OPERATE_INCOME_YOY":-32.2722322621,"GROSS_PROFIT":141464000,"GROSS_PROFIT_YOY":-2.505186114308,"HOLDER_PROFIT":50525000,"HOLDER_PROFIT_YOY":-12.3362540123,"GROSS_PROFIT_RATIO":11.194189884366,"EPS_TTM":0.144239061344,"OPERATE_INCOME_QOQ":-44.882494536126,"NET_PROFIT_RATIO":3.9980945252,"ROE_AVG":11.946350777015,"GROSS_PROFIT_QOQ":-9.195129309515,"ROA":6.255641220249,"HOLDER_PROFIT_QOQ":-33.372454900306,"ROE_YEARLY":11.946350777015,"ROIC_YEARLY":7.515559178428,"TOTAL_ASSETS":869297000,"TOTAL_LIABILITIES":377416000,"TAX_EBT":15.34723967496,"OCF_SALES":4.220452676884,"TOTAL_PARENT_EQUITY":491881000,"DEBT_ASSET_RATIO":43.4162317367,"OPERATE_PROFIT":63078000,"PRETAX_PROFIT":59685000,"NETCASH_OPERATE":53335000,"NETCASH_INVEST":-112438000,"NETCASH_FINANCE":80668000,"END_CASH":146133000,"DIVI_RATIO":null,"DIVIDEND_RATE":null,"CURRENT_RATIO":0.902214382196,"COMMON_ACS":750000000,"CURRENTDEBT_DEBT":69.243752252157,"ISSUED_COMMON_SHARES":350286528,"HK_COMMON_SHARES":350286528,"PER_SHARES":2000,"TOTAL_MARKET_CAP":210171916.8,"HKSK_MARKET_CAP":210171916.8,"PE_TTM":110.979117200432,"PB_TTM":0.400426071833,"REPORT_DATE_SQ":"2022-12-31 00:00:00","REPORT_TYPE_SQ":"2022年年报","OPERATE_INCOME_SQ":1865892000,"DPS_HKD":null,"OPERATE_INCOME_QOQ_SQ":47.109671641038,"NET_PROFIT_RATIO_SQ":3.0888711672,"HOLDER_PROFIT_SQ":57635000,"HOLDER_PROFIT_QOQ_SQ":283.422442874419,"ROE_AVG_SQ":17.97739841608,"PE_TTM_SQ":1.857106085416,"PB_TTM_SQ":0.299231514355,"ROA_SQ":7.938617756278,"START_DATE":"2023-01-01 00:00:00","FISCAL_YEAR":"12-31","CURRENCY":"HKD","IS_CNY_CODE":0,"DPS_HKD_LY":null,"ORG_TYPE":"一般企业","PREMIUM_INCOME":null,"PREMIUM_INCOME_YOY":null,"NET_INTEREST_INCOME":null,"NET_INTEREST_INCOME_YOY":null,"FEE_COMMISSION_INCOME":null,"FEE_COMMISSION_INCOME_YOY":null,"ACCOUNTS_RECE_TDAYS":47.422958571,"INVENTORY_TDAYS":37.939925625423,"CURRENT_ASSETS_TDAYS":4.589913085168,"TOTAL_ASSETS_TDAYS":1.564655658059,"PREMIUM_EXPENSE":null,"LOAN_DEPOSIT":null,"LOAN_EQUITY":null,"LOAN_ASSETS":null,"DEPOSIT_EQUITY":null,"DEPOSIT_ASSETS":null,"EQUITY_MULTIPLIER":1.767291275736,"EQUITY_RATIO":0.767291275735},{"SECUCODE":"02623.HK","SECURITY_CODE":"02623","SECURITY_NAME_ABBR":"爱德新能源","ORG_CODE":"10195333","STD_REPORT_DATE":"2023-06-30 00:00:00","REPORT_DATE":"2023-06-30 00:00:00","DATE_TYPE_CODE":"002","REPORT_TYPE":"2023年中报","PER_NETCASH_OPERATE":-0.166337794856,"PER_OI":2.705828442994,"BPS":1.355710145952,"BASIC_EPS":0.1241,"DILUTED_EPS":null,"OPERATE_INCOME":947996000,"OPERATE_INCOME_YOY":81.92173878,"GROSS_PROFIT":74704000,"GROSS_PROFIT_YOY":16.699471990502,"HOLDER_PROFIT":33138000,"HOLDER_PROFIT_YOY":121.7923833746,"GROSS_PROFIT_RATIO":7.880202026169,"EPS_TTM":0.216444354712,"OPERATE_INCOME_QOQ":22.878869730938,"NET_PROFIT_RATIO":3.4955843696,"ROE_AVG":7.995936641528,"GROSS_PROFIT_QOQ":7.367383648406,"ROA":4.691661109672,"HOLDER_PROFIT_QOQ":31.57282901015,"ROE_YEARLY":15.991873283056,"ROIC_YEARLY":10.907852053739,"TOTAL_ASSETS":666589000,"TOTAL_LIABILITIES":191702000,"TAX_EBT":20.760401721664,"OCF_SALES":-6.147388807548,"TOTAL_PARENT_EQUITY":474887000,"DEBT_ASSET_RATIO":28.7586503828,"OPERATE_PROFIT":42598000,"PRETAX_PROFIT":41820000,"NETCASH_OPERATE":-58277000,"NETCASH_INVEST":-17595000,"NETCASH_FINANCE":24035000,"END_CASH":72771000,"DIVI_RATIO":null,"DIVIDEND_RATE":null,"CURRENT_RATIO":1.304056602181,"COMMON_ACS":750000000,"CURRENTDEBT_DEBT":92.675611104736,"ISSUED_COMMON_SHARES":350286528,"HK_COMMON_SHARES":350286528,"PER_SHARES":2000,"TOTAL_MARKET_CAP":210171916.8,"HKSK_MARKET_CAP":210171916.8,"PE_TTM":110.979117200432,"PB_TTM":0.400426071833,"REPORT_DATE_SQ":"2022-06-30 00:00:00","REPORT_TYPE_SQ":"2022年中报","OPERATE_INCOME_SQ":521101000,"DPS_HKD":null,"OPERATE_INCOME_QOQ_SQ":-22.36500142616,"NET_PROFIT_RATIO_SQ":2.8671984894,"HOLDER_PROFIT_SQ":14941000,"HOLDER_PROFIT_QOQ_SQ":-4.541371394351,"ROE_AVG_SQ":5.051773834983,"PE_TTM_SQ":1.857106085416,"PB_TTM_SQ":0.299231514355,"ROA_SQ":2.029876863738,"START_DATE":"2023-01-01 00:00:00","FISCAL_YEAR":"12-31","CURRENCY":"HKD","IS_CNY_CODE":0,"DPS_HKD_LY":null,"ORG_TYPE":"一般企业","PREMIUM_INCOME":null,"PREMIUM_INCOME_YOY":null,"NET_INTEREST_INCOME":null,"NET_INTEREST_INCOME_YOY":null,"FEE_COMMISSION_INCOME":null,"FEE_COMMISSION_INCOME_YOY":null,"ACCOUNTS_RECE_TDAYS":57.494374867332,"INVENTORY_TDAYS":17.114144333938,"CURRENT_ASSETS_TDAYS":3.469005693877,"TOTAL_ASSETS_TDAYS":1.342167893453,"PREMIUM_EXPENSE":null,"LOAN_DEPOSIT":null,"LOAN_EQUITY":null,"LOAN_ASSETS":null,"DEPOSIT_EQUITY":null,"DEPOSIT_ASSETS":null,"EQUITY_MULTIPLIER":1.40367919105,"EQUITY_RATIO":0.40367919105},{"SECUCODE":"02623.HK","SECURITY_CODE":"02623","SECURITY_NAME_ABBR":"爱德新能源","ORG_CODE":"10195333","STD_REPORT_DATE":"2022-12-31 00:00:00","REPORT_DATE":"2022-12-31 00:00:00","DATE_TYPE_CODE":"001","REPORT_TYPE":"2022年年报","PER_NETCASH_OPERATE":0.040397313804,"PER_OI":0.355049574411,"BPS":1.010555564386,"BASIC_EPS":0.2194,"DILUTED_EPS":0.2194,"OPERATE_INCOME":1865892000,"OPERATE_INCOME_YOY":14.2085914805,"GROSS_PROFIT":145099000,"GROSS_PROFIT_YOY":333.804711791437,"HOLDER_PROFIT":57635000,"HOLDER_PROFIT_YOY":291.7523372259,"GROSS_PROFIT_RATIO":7.776387915271,"EPS_TTM":0.010967023933,"OPERATE_INCOME_QOQ":47.109671641038,"NET_PROFIT_RATIO":3.0888711672,"ROE_AVG":17.97739841608,"GROSS_PROFIT_QOQ":195.94525688878,"ROA":7.938617756278,"HOLDER_PROFIT_QOQ":283.422442874419,"ROE_YEARLY":17.97739841608,"ROIC_YEARLY":10.146426480879,"TOTAL_ASSETS":746045000,"TOTAL_LIABILITIES":392061000,"TAX_EBT":7.028326235643,"OCF_SALES":11.377936129208,"TOTAL_PARENT_EQUITY":353984000,"DEBT_ASSET_RATIO":52.5519238116,"OPERATE_PROFIT":78135000,"PRETAX_PROFIT":61992000,"NETCASH_OPERATE":212300000,"NETCASH_INVEST":-178178000,"NETCASH_FINANCE":-103477000,"END_CASH":124665000,"DIVI_RATIO":null,"DIVIDEND_RATE":null,"CURRENT_RATIO":0.833093886838,"COMMON_ACS":750000000,"CURRENTDEBT_DEBT":96.402090491021,"ISSUED_COMMON_SHARES":350286528,"HK_COMMON_SHARES":350286528,"PER_SHARES":2000,"TOTAL_MARKET_CAP":210171916.8,"HKSK_MARKET_CAP":210171916.8,"PE_TTM":110.979117200432,"PB_TTM":0.400426071833,"REPORT_DATE_SQ":"2021-12-31 00:00:00","REPORT_TYPE_SQ":"2021年年报","OPERATE_INCOME_SQ":1633758000,"DPS_HKD":null,"OPERATE_INCOME_QOQ_SQ":8.204851394983,"NET_PROFIT_RATIO_SQ":-1.8397461558,"HOLDER_PROFIT_SQ":-30057000,"HOLDER_PROFIT_QOQ_SQ":-151.103441240479,"ROE_AVG_SQ":-9.777352727344,"PE_TTM_SQ":1.857106085416,"PB_TTM_SQ":0.299231514355,"ROA_SQ":-4.392756927394,"START_DATE":"2022-01-01 00:00:00","FISCAL_YEAR":"12-31","CURRENCY":"HKD","IS_CNY_CODE":0,"DPS_HKD_LY":null,"ORG_TYPE":"一般企业","PREMIUM_INCOME":null,"PREMIUM_INCOME_YOY":null,"NET_INTEREST_INCOME":null,"NET_INTEREST_INCOME_YOY":null,"FEE_COMMISSION_INCOME":null,"FEE_COMMISSION_INCOME_YOY":null,"ACCOUNTS_RECE_TDAYS":89.877026083187,"INVENTORY_TDAYS":24.21929472699,"CURRENT_ASSETS_TDAYS":4.926746706731,"TOTAL_ASSETS_TDAYS":2.570070853214,"PREMIUM_EXPENSE":null,"LOAN_DEPOSIT":null,"LOAN_EQUITY":null,"LOAN_ASSETS":null,"DEPOSIT_EQUITY":null,"DEPOSIT_ASSETS":null,"EQUITY_MULTIPLIER":2.10756700868,"EQUITY_RATIO":1.107567008678},{"SECUCODE":"02623.HK","SECURITY_CODE":"02623","SECURITY_NAME_ABBR":"爱德新能源","ORG_CODE":"10195333","STD_REPORT_DATE":"2022-06-30 00:00:00","REPORT_DATE":"2022-06-30 00:00:00","DATE_TYPE_CODE":"002","REPORT_TYPE":"2022年中报","PER_NETCASH_OPERATE":0.033887885128,"PER_OI":0.099157233256,"BPS":0.868731668721,"BASIC_EPS":0.057,"DILUTED_EPS":null,"OPERATE_INCOME":521101000,"OPERATE_INCOME_YOY":-41.2175645325,"GROSS_PROFIT":64014000,"GROSS_PROFIT_YOY":32.170214523156,"HOLDER_PROFIT":14941000,"HOLDER_PROFIT_YOY":-8.3711517233,"GROSS_PROFIT_RATIO":12.284374814096,"EPS_TTM":-0.005979106897,"OPERATE_INCOME_QOQ":-22.36500142616,"NET_PROFIT_RATIO":2.8671984894,"ROE_AVG":5.051773834983,"GROSS_PROFIT_QOQ":46.582755321693,"ROA":2.029876863738,"HOLDER_PROFIT_QOQ":-4.541371394351,"ROE_YEARLY":10.103547669966,"ROIC_YEARLY":6.167302687385,"TOTAL_ASSETS":766138000,"TOTAL_LIABILITIES":461833000,"TAX_EBT":10.436398513368,"OCF_SALES":34.175908317198,"TOTAL_PARENT_EQUITY":304305000,"DEBT_ASSET_RATIO":60.2806543991,"OPERATE_PROFIT":28289000,"PRETAX_PROFIT":16682000,"NETCASH_OPERATE":178091000,"NETCASH_INVEST":-22360000,"NETCASH_FINANCE":-35894000,"END_CASH":311777000,"DIVI_RATIO":null,"DIVIDEND_RATE":null,"CURRENT_RATIO":1.088734805722,"COMMON_ACS":750000000,"CURRENTDEBT_DEBT":96.245396063079,"ISSUED_COMMON_SHARES":350286528,"HK_COMMON_SHARES":350286528,"PER_SHARES":2000,"TOTAL_MARKET_CAP":210171916.8,"HKSK_MARKET_CAP":210171916.8,"PE_TTM":110.979117200432,"PB_TTM":0.400426071833,"REPORT_DATE_SQ":"2021-06-30 00:00:00","REPORT_TYPE_SQ":"2021年中报","OPERATE_INCOME_SQ":886491000,"DPS_HKD":null,"OPERATE_INCOME_QOQ_SQ":56.305805015658,"NET_PROFIT_RATIO_SQ":1.8393869763,"HOLDER_PROFIT_SQ":16306000,"HOLDER_PROFIT_QOQ_SQ":-3.111770035417,"ROE_AVG_SQ":4.908104723893,"PE_TTM_SQ":1.857106085416,"PB_TTM_SQ":0.299231514355,"ROA_SQ":2.315887247849,"START_DATE":"2022-01-01 00:00:00","FISCAL_YEAR":"12-31","CURRENCY":"HKD","IS_CNY_CODE":0,"DPS_HKD_LY":null,"ORG_TYPE":"一般企业","PREMIUM_INCOME":null,"PREMIUM_INCOME_YOY":null,"NET_INTEREST_INCOME":null,"NET_INTEREST_INCOME_YOY":null,"FEE_COMMISSION_INCOME":null,"FEE_COMMISSION_INCOME_YOY":null,"ACCOUNTS_RECE_TDAYS":20.974079291608,"INVENTORY_TDAYS":7.205596279656,"CURRENT_ASSETS_TDAYS":1.12486009431,"TOTAL_ASSETS_TDAYS":0.707965238987,"PREMIUM_EXPENSE":null,"LOAN_DEPOSIT":null,"LOAN_EQUITY":null,"LOAN_ASSETS":null,"DEPOSIT_EQUITY":null,"DEPOSIT_ASSETS":null,"EQUITY_MULTIPLIER":2.51766484284,"EQUITY_RATIO":1.517664842839},{"SECUCODE":"02623.HK","SECURITY_CODE":"02623","SECURITY_NAME_ABBR":"爱德新能源","ORG_CODE":"10195333","STD_REPORT_DATE":"2021-12-31 00:00:00","REPORT_DATE":"2021-12-31 00:00:00","DATE_TYPE_CODE":"001","REPORT_TYPE":"2021年年报","PER_NETCASH_OPERATE":0.015883584433,"PER_OI":0.310878165827,"BPS":0.819928764146,"BASIC_EPS":-0.006,"DILUTED_EPS":-0.006,"OPERATE_INCOME":1633758000,"OPERATE_INCOME_YOY":69.1304640389,"GROSS_PROFIT":33448000,"GROSS_PROFIT_YOY":-57.244570566655,"HOLDER_PROFIT":-30057000,"HOLDER_PROFIT_YOY":-149.5132196689,"GROSS_PROFIT_RATIO":2.047304435541,"EPS_TTM":-0.005719369105,"OPERATE_INCOME_QOQ":8.204851394983,"NET_PROFIT_RATIO":-1.8397461558,"ROE_AVG":-9.777352727344,"GROSS_PROFIT_QOQ":-63.047417031243,"ROA":-4.392756927394,"HOLDER_PROFIT_QOQ":-151.103441240479,"ROE_YEARLY":-9.777352727344,"ROIC_YEARLY":-5.709938107668,"TOTAL_ASSETS":705971000,"TOTAL_LIABILITIES":418761000,"TAX_EBT":null,"OCF_SALES":5.109263428243,"TOTAL_PARENT_EQUITY":287210000,"DEBT_ASSET_RATIO":59.3170257702,"OPERATE_PROFIT":-25103000,"PRETAX_PROFIT":-30057000,"NETCASH_OPERATE":83473000,"NETCASH_INVEST":4912000,"NETCASH_FINANCE":-20888000,"END_CASH":191286000,"DIVI_RATIO":null,"DIVIDEND_RATE":null,"CURRENT_RATIO":1.113607141869,"COMMON_ACS":750000000,"CURRENTDEBT_DEBT":94.906402458682,"ISSUED_COMMON_SHARES":350286528,"HK_COMMON_SHARES":350286528,"PER_SHARES":2000,"TOTAL_MARKET_CAP":210171916.8,"HKSK_MARKET_CAP":210171916.8,"PE_TTM":110.979117200432,"PB_TTM":0.400426071833,"REPORT_DATE_SQ":"2020-12-31 00:00:00","REPORT_TYPE_SQ":"2020年年报","OPERATE_INCOME_SQ":965975000,"DPS_HKD":null,"OPERATE_INCOME_QOQ_SQ":88.036409151342,"NET_PROFIT_RATIO_SQ":6.2843241285,"HOLDER_PROFIT_SQ":60705000,"HOLDER_PROFIT_QOQ_SQ":336.031727516622,"ROE_AVG_SQ":20.391710293606,"PE_TTM_SQ":1.857106085416,"PB_TTM_SQ":0.299231514355,"ROA_SQ":10.359948699439,"START_DATE":"2021-01-01 00:00:00","FISCAL_YEAR":"12-31","CURRENCY":"HKD","IS_CNY_CODE":0,"DPS_HKD_LY":null,"ORG_TYPE":"一般企业","PREMIUM_INCOME":null,"PREMIUM_INCOME_YOY":null,"NET_INTEREST_INCOME":null,"NET_INTEREST_INCOME_YOY":null,"FEE_COMMISSION_INCOME":null,"FEE_COMMISSION_INCOME_YOY":null,"ACCOUNTS_RECE_TDAYS":59.118090861392,"INVENTORY_TDAYS":19.488643974913,"CURRENT_ASSETS_TDAYS":3.9267506853,"TOTAL_ASSETS_TDAYS":2.387697299193,"PREMIUM_EXPENSE":null,"LOAN_DEPOSIT":null,"LOAN_EQUITY":null,"LOAN_ASSETS":null,"DEPOSIT_EQUITY":null,"DEPOSIT_ASSETS":null,"EQUITY_MULTIPLIER":2.458030709238,"EQUITY_RATIO":1.458030709237},{"SECUCODE":"02623.HK","SECURITY_CODE":"02623","SECURITY_NAME_ABBR":"爱德新能源","ORG_CODE":"10195333","STD_REPORT_DATE":"2021-06-30 00:00:00","REPORT_DATE":"2021-06-30 00:00:00","DATE_TYPE_CODE":"002","REPORT_TYPE":"2021年中报","PER_NETCASH_OPERATE":0.005759923502,"PER_OI":0.16745221347,"BPS":0.961592790688,"BASIC_EPS":0.00308,"DILUTED_EPS":null,"OPERATE_INCOME":886491000,"OPERATE_INCOME_YOY":158.7607380229,"GROSS_PROFIT":48433000,"GROSS_PROFIT_YOY":33.985282726569,"HOLDER_PROFIT":16306000,"HOLDER_PROFIT_YOY":-10.3819730695,"GROSS_PROFIT_RATIO":5.463450841577,"EPS_TTM":0.011109948536,"OPERATE_INCOME_QOQ":56.305805015658,"NET_PROFIT_RATIO":1.8393869763,"ROE_AVG":4.908104723893,"GROSS_PROFIT_QOQ":15.703493500019,"ROA":2.315887247849,"HOLDER_PROFIT_QOQ":-3.111770035417,"ROE_YEARLY":9.816209447786,"ROIC_YEARLY":5.704609937762,"TOTAL_ASSETS":745677000,"TOTAL_LIABILITIES":408844000,"TAX_EBT":null,"OCF_SALES":3.439741633023,"TOTAL_PARENT_EQUITY":336833000,"DEBT_ASSET_RATIO":54.828565183,"OPERATE_PROFIT":25021000,"PRETAX_PROFIT":16306000,"NETCASH_OPERATE":30493000,"NETCASH_INVEST":-1158000,"NETCASH_FINANCE":-12971000,"END_CASH":140432000,"DIVI_RATIO":null,"DIVIDEND_RATE":null,"CURRENT_RATIO":1.436753671252,"COMMON_ACS":750000000,"CURRENTDEBT_DEBT":82.013677588518,"ISSUED_COMMON_SHARES":350286528,"HK_COMMON_SHARES":350286528,"PER_SHARES":2000,"TOTAL_MARKET_CAP":210171916.8,"HKSK_MARKET_CAP":210171916.8,"PE_TTM":110.979117200432,"PB_TTM":0.400426071833,"REPORT_DATE_SQ":"2020-06-30 00:00:00","REPORT_TYPE_SQ":"2020年中报","OPERATE_INCOME_SQ":342591000,"DPS_HKD":null,"OPERATE_INCOME_QOQ_SQ":58.877779186679,"NET_PROFIT_RATIO_SQ":5.3109976619,"HOLDER_PROFIT_SQ":18195000,"HOLDER_PROFIT_QOQ_SQ":63.930494782901,"ROE_AVG_SQ":6.571367689602,"PE_TTM_SQ":1.857106085416,"PB_TTM_SQ":0.299231514355,"ROA_SQ":3.349727575742,"START_DATE":"2021-01-01 00:00:00","FISCAL_YEAR":"12-31","CURRENCY":"HKD","IS_CNY_CODE":0,"DPS_HKD_LY":null,"ORG_TYPE":"一般企业","PREMIUM_INCOME":null,"PREMIUM_INCOME_YOY":null,"NET_INTEREST_INCOME":null,"NET_INTEREST_INCOME_YOY":null,"FEE_COMMISSION_INCOME":null,"FEE_COMMISSION_INCOME_YOY":null,"ACCOUNTS_RECE_TDAYS":27.740119535626,"INVENTORY_TDAYS":11.045391043045,"CURRENT_ASSETS_TDAYS":2.034893089557,"TOTAL_ASSETS_TDAYS":1.25905384658,"PREMIUM_EXPENSE":null,"LOAN_DEPOSIT":null,"LOAN_EQUITY":null,"LOAN_ASSETS":null,"DEPOSIT_EQUITY":null,"DEPOSIT_ASSETS":null,"EQUITY_MULTIPLIER":2.213788435216,"EQUITY_RATIO":1.213788435219},{"SECUCODE":"02623.HK","SECURITY_CODE":"02623","SECURITY_NAME_ABBR":"爱德新能源","ORG_CODE":"10195333","STD_REPORT_DATE":"2020-12-31 00:00:00","REPORT_DATE":"2020-12-31 00:00:00","DATE_TYPE_CODE":"001","REPORT_TYPE":"2020年年报","PER_NETCASH_OPERATE":0.003991504395,"PER_OI":0.182466208801,"BPS":0.935288610357,"BASIC_EPS":0.011,"DILUTED_EPS":0.011,"OPERATE_INCOME":965975000,"OPERATE_INCOME_YOY":198.748070922,"GROSS_PROFIT":78231000,"GROSS_PROFIT_YOY":5950.34802784223,"HOLDER_PROFIT":60705000,"HOLDER_PROFIT_YOY":185.1354762706,"GROSS_PROFIT_RATIO":8.098656797536,"EPS_TTM":0.011466767986,"OPERATE_INCOME_QOQ":88.036409151342,"NET_PROFIT_RATIO":6.2843241285,"ROE_AVG":20.391710293606,"GROSS_PROFIT_QOQ":114.014882092247,"ROA":10.359948699439,"HOLDER_PROFIT_QOQ":336.031727516622,"ROE_YEARLY":20.391710293606,"ROIC_YEARLY":12.676943124473,"TOTAL_ASSETS":662509000,"TOTAL_LIABILITIES":334890000,"TAX_EBT":null,"OCF_SALES":2.187530733197,"TOTAL_PARENT_EQUITY":327619000,"DEBT_ASSET_RATIO":50.5487472623,"OPERATE_PROFIT":82139000,"PRETAX_PROFIT":60705000,"NETCASH_OPERATE":21131000,"NETCASH_INVEST":-11904000,"NETCASH_FINANCE":27522000,"END_CASH":124398000,"DIVI_RATIO":null,"DIVIDEND_RATE":null,"CURRENT_RATIO":2.068902332152,"COMMON_ACS":750000000,"CURRENTDEBT_DEBT":56.221744453403,"ISSUED_COMMON_SHARES":350286528,"HK_COMMON_SHARES":350286528,"PER_SHARES":2000,"TOTAL_MARKET_CAP":210171916.8,"HKSK_MARKET_CAP":210171916.8,"PE_TTM":110.979117200432,"PB_TTM":0.400426071833,"REPORT_DATE_SQ":"2019-12-31 00:00:00","REPORT_TYPE_SQ":"2019年年报","OPERATE_INCOME_SQ":323341000,"DPS_HKD":null,"OPERATE_INCOME_QOQ_SQ":4.906932453434,"NET_PROFIT_RATIO_SQ":-22.0522606165,"HOLDER_PROFIT_SQ":-71304000,"HOLDER_PROFIT_QOQ_SQ":23.077586950893,"ROE_AVG_SQ":-24.661656215738,"PE_TTM_SQ":1.857106085416,"PB_TTM_SQ":0.299231514355,"ROA_SQ":-14.121211821148,"START_DATE":"2020-01-01 00:00:00","FISCAL_YEAR":"12-31","CURRENCY":"HKD","IS_CNY_CODE":0,"DPS_HKD_LY":null,"ORG_TYPE":"一般企业","PREMIUM_INCOME":null,"PREMIUM_INCOME_YOY":null,"NET_INTEREST_INCOME":null,"NET_INTEREST_INCOME_YOY":null,"FEE_COMMISSION_INCOME":null,"FEE_COMMISSION_INCOME_YOY":null,"ACCOUNTS_RECE_TDAYS":30.935453395462,"INVENTORY_TDAYS":12.975298897951,"CURRENT_ASSETS_TDAYS":3.118528119941,"TOTAL_ASSETS_TDAYS":1.648538249722,"PREMIUM_EXPENSE":null,"LOAN_DEPOSIT":null,"LOAN_EQUITY":null,"LOAN_ASSETS":null,"DEPOSIT_EQUITY":null,"DEPOSIT_ASSETS":null,"EQUITY_MULTIPLIER":2.022193462528,"EQUITY_RATIO":1.022193462528},{"SECUCODE":"02623.HK","SECURITY_CODE":"02623","SECURITY_NAME_ABBR":"爱德新能源","ORG_CODE":"10195333","STD_REPORT_DATE":"2020-06-30 00:00:00","REPORT_DATE":"2020-06-30 00:00:00","DATE_TYPE_CODE":"002","REPORT_TYPE":"2020年中报","PER_NETCASH_OPERATE":0.002786202665,"PER_OI":0.063942119312,"BPS":0.816463029946,"BASIC_EPS":0.0034,"DILUTED_EPS":null,"OPERATE_INCOME":342591000,"OPERATE_INCOME_YOY":125.0704595474,"GROSS_PROFIT":36148000,"GROSS_PROFIT_YOY":3975.31003382187,"HOLDER_PROFIT":18195000,"HOLDER_PROFIT_YOY":166.4293537788,"GROSS_PROFIT_RATIO":10.55135715766,"EPS_TTM":-0.004800264358,"OPERATE_INCOME_QOQ":58.877779186679,"NET_PROFIT_RATIO":5.3109976619,"ROE_AVG":6.571367689602,"GROSS_PROFIT_QOQ":2727.06883217324,"ROA":3.349727575742,"HOLDER_PROFIT_QOQ":63.930494782901,"ROE_YEARLY":13.142735379204,"ROIC_YEARLY":8.247427353401,"TOTAL_ASSETS":576949000,"TOTAL_LIABILITIES":290953000,"TAX_EBT":null,"OCF_SALES":4.357382418102,"TOTAL_PARENT_EQUITY":285996000,"DEBT_ASSET_RATIO":50.4295873639,"OPERATE_PROFIT":26957000,"PRETAX_PROFIT":18195000,"NETCASH_OPERATE":14928000,"NETCASH_INVEST":16831000,"NETCASH_FINANCE":-7675000,"END_CASH":114104000,"DIVI_RATIO":null,"DIVIDEND_RATE":null,"CURRENT_RATIO":2.203372785113,"COMMON_ACS":750000000,"CURRENTDEBT_DEBT":50.238354648345,"ISSUED_COMMON_SHARES":350286528,"HK_COMMON_SHARES":350286528,"PER_SHARES":2000,"TOTAL_MARKET_CAP":210171916.8,"HKSK_MARKET_CAP":210171916.8,"PE_TTM":110.979117200432,"PB_TTM":0.400426071833,"REPORT_DATE_SQ":"2019-06-30 00:00:00","REPORT_TYPE_SQ":"2019年中报","OPERATE_INCOME_SQ":152215000,"DPS_HKD":null,"OPERATE_INCOME_QOQ_SQ":41.899469632794,"NET_PROFIT_RATIO_SQ":-17.9942844004,"HOLDER_PROFIT_SQ":-27390000,"HOLDER_PROFIT_QOQ_SQ":3.236043258591,"ROE_AVG_SQ":-9.284100596399,"PE_TTM_SQ":1.857106085416,"PB_TTM_SQ":0.299231514355,"ROA_SQ":-5.596334492851,"START_DATE":"2020-01-01 00:00:00","FISCAL_YEAR":"12-31","CURRENCY":"HKD","IS_CNY_CODE":0,"DPS_HKD_LY":null,"ORG_TYPE":"一般企业","PREMIUM_INCOME":null,"PREMIUM_INCOME_YOY":null,"NET_INTEREST_INCOME":null,"NET_INTEREST_INCOME_YOY":null,"FEE_COMMISSION_INCOME":null,"FEE_COMMISSION_INCOME_YOY":null,"ACCOUNTS_RECE_TDAYS":13.145230603944,"INVENTORY_TDAYS":5.623116868818,"CURRENT_ASSETS_TDAYS":1.241184046779,"TOTAL_ASSETS_TDAYS":0.63071531734,"PREMIUM_EXPENSE":null,"LOAN_DEPOSIT":null,"LOAN_EQUITY":null,"LOAN_ASSETS":null,"DEPOSIT_EQUITY":null,"DEPOSIT_ASSETS":null,"EQUITY_MULTIPLIER":2.017332410245,"EQUITY_RATIO":1.017332410244}],"count":29},"success":true,"message":"ok","code":0}