{"version":"26ae5cf14975ecd4bb38b8e81e29b355","result":{"pages":8,"data":[{"SECUCODE":"02628.HK","SECURITY_CODE":"02628","SECURITY_NAME_ABBR":"中国人寿","ORG_CODE":"10009950","STD_REPORT_DATE":"2024-09-30 00:00:00","REPORT_DATE":"2024-09-30 00:00:00","DATE_TYPE_CODE":"004","REPORT_TYPE":"2024年三季报","PER_NETCASH_OPERATE":12.262678842748,"PER_OI":15.113548858904,"BPS":20.049881999476,"BASIC_EPS":3.7,"DILUTED_EPS":3.7,"OPERATE_INCOME":427180000000,"OPERATE_INCOME_YOY":54.8387564474,"GROSS_PROFIT":null,"GROSS_PROFIT_YOY":null,"HOLDER_PROFIT":104523000000,"HOLDER_PROFIT_YOY":173.8785242637,"GROSS_PROFIT_RATIO":null,"EPS_TTM":3.981644245005,"OPERATE_INCOME_QOQ":57.081898174618,"NET_PROFIT_RATIO":24.7914228194,"ROE_AVG":23.370464444464,"GROSS_PROFIT_QOQ":null,"ROA":1.701824540608,"HOLDER_PROFIT_QOQ":132.963484309017,"ROE_YEARLY":31.160619259286,"ROIC_YEARLY":1.736694612713,"TOTAL_ASSETS":6481554000000,"TOTAL_LIABILITIES":5903939000000,"TAX_EBT":14.355262625854,"OCF_SALES":81.136991432183,"TOTAL_PARENT_EQUITY":566704000000,"DEBT_ASSET_RATIO":91.0883254232,"OPERATE_PROFIT":123902000000,"PRETAX_PROFIT":123655000000,"NETCASH_OPERATE":346601000000,"NETCASH_INVEST":-315468000000,"NETCASH_FINANCE":-104264000000,"END_CASH":74900000000,"DIVI_RATIO":0.157244912321,"DIVIDEND_RATE":4.601668891856,"CURRENT_RATIO":null,"COMMON_ACS":null,"CURRENTDEBT_DEBT":null,"ISSUED_COMMON_SHARES":28264705000,"HK_COMMON_SHARES":7441175000,"PER_SHARES":1000,"TOTAL_MARKET_CAP":423405280900,"HKSK_MARKET_CAP":111468801500,"PE_TTM":3.379768187088,"PB_TTM":0.673760284492,"REPORT_DATE_SQ":"2023-09-30 00:00:00","REPORT_TYPE_SQ":"2023年三季报","OPERATE_INCOME_SQ":275887000000,"DPS_HKD":0.68933,"OPERATE_INCOME_QOQ_SQ":1.712854670176,"NET_PROFIT_RATIO_SQ":2.4391928756,"HOLDER_PROFIT_SQ":38164000000,"HOLDER_PROFIT_QOQ_SQ":-40.313882743363,"ROE_AVG_SQ":4.012630291658,"PE_TTM_SQ":14.032482214457,"PB_TTM_SQ":0.561722239519,"ROA_SQ":0.294405184466,"START_DATE":"2024-01-01 00:00:00","FISCAL_YEAR":"12-31","CURRENCY":"HKD","IS_CNY_CODE":0,"DPS_HKD_LY":0.68933,"ORG_TYPE":"保险","PREMIUM_INCOME":null,"PREMIUM_INCOME_YOY":null,"NET_INTEREST_INCOME":null,"NET_INTEREST_INCOME_YOY":null,"FEE_COMMISSION_INCOME":null,"FEE_COMMISSION_INCOME_YOY":null,"ACCOUNTS_RECE_TDAYS":null,"INVENTORY_TDAYS":null,"CURRENT_ASSETS_TDAYS":null,"TOTAL_ASSETS_TDAYS":0.054966280353,"PREMIUM_EXPENSE":null,"LOAN_DEPOSIT":null,"LOAN_EQUITY":null,"LOAN_ASSETS":null,"DEPOSIT_EQUITY":null,"DEPOSIT_ASSETS":null,"EQUITY_MULTIPLIER":11.221235598114,"EQUITY_RATIO":10.418029518055},{"SECUCODE":"02628.HK","SECURITY_CODE":"02628","SECURITY_NAME_ABBR":"中国人寿","ORG_CODE":"10009950","STD_REPORT_DATE":"2024-06-30 00:00:00","REPORT_DATE":"2024-06-30 00:00:00","DATE_TYPE_CODE":"002","REPORT_TYPE":"2024年中报","PER_NETCASH_OPERATE":9.925877521099,"PER_OI":5.079444487392,"BPS":17.471754967901,"BASIC_EPS":1.35,"DILUTED_EPS":1.35,"OPERATE_INCOME":143569000000,"OPERATE_INCOME_YOY":24.7579902327,"GROSS_PROFIT":null,"GROSS_PROFIT_YOY":null,"HOLDER_PROFIT":38278000000,"HOLDER_PROFIT_YOY":5.8836546707,"GROSS_PROFIT_RATIO":null,"EPS_TTM":1.70912804503,"OPERATE_INCOME_QOQ":6.55476252978,"NET_PROFIT_RATIO":27.1952858904,"ROE_AVG":9.317712124126,"GROSS_PROFIT_QOQ":null,"ROA":0.636654945261,"HOLDER_PROFIT_QOQ":9.653841788673,"ROE_YEARLY":18.635424248252,"ROIC_YEARLY":1.30125632358,"TOTAL_ASSETS":6222638000000,"TOTAL_LIABILITIES":5718505000000,"TAX_EBT":18.488517745303,"OCF_SALES":195.41265872159,"TOTAL_PARENT_EQUITY":493834000000,"DEBT_ASSET_RATIO":91.8984038602,"OPERATE_PROFIT":43740000000,"PRETAX_PROFIT":47900000000,"NETCASH_OPERATE":280552000000,"NETCASH_INVEST":-206303000000,"NETCASH_FINANCE":-133616000000,"END_CASH":88704000000,"DIVI_RATIO":0.366323226642,"DIVIDEND_RATE":4.476168831169,"CURRENT_RATIO":null,"COMMON_ACS":null,"CURRENTDEBT_DEBT":null,"ISSUED_COMMON_SHARES":28264705000,"HK_COMMON_SHARES":7441175000,"PER_SHARES":1000,"TOTAL_MARKET_CAP":435276457000,"HKSK_MARKET_CAP":114594095000,"PE_TTM":3.474528042801,"PB_TTM":0.692650759758,"REPORT_DATE_SQ":"2023-06-30 00:00:00","REPORT_TYPE_SQ":"2023年中报","OPERATE_INCOME_SQ":115078000000,"DPS_HKD":0.68933,"OPERATE_INCOME_QOQ_SQ":-3.616185863606,"NET_PROFIT_RATIO_SQ":32.0426145745,"HOLDER_PROFIT_SQ":36151000000,"HOLDER_PROFIT_QOQ_SQ":-16.909378141606,"ROE_AVG_SQ":8.567034300366,"PE_TTM_SQ":14.501697920687,"PB_TTM_SQ":0.580505010329,"ROA_SQ":0.67200282252,"START_DATE":"2024-01-01 00:00:00","FISCAL_YEAR":"12-31","CURRENCY":"HKD","IS_CNY_CODE":0,"DPS_HKD_LY":0.68933,"ORG_TYPE":"保险","PREMIUM_INCOME":106622000000,"PREMIUM_INCOME_YOY":15.967848946607,"NET_INTEREST_INCOME":null,"NET_INTEREST_INCOME_YOY":null,"FEE_COMMISSION_INCOME":null,"FEE_COMMISSION_INCOME_YOY":null,"ACCOUNTS_RECE_TDAYS":null,"INVENTORY_TDAYS":null,"CURRENT_ASSETS_TDAYS":null,"TOTAL_ASSETS_TDAYS":0.013997161182,"PREMIUM_EXPENSE":null,"LOAN_DEPOSIT":null,"LOAN_EQUITY":null,"LOAN_ASSETS":null,"DEPOSIT_EQUITY":null,"DEPOSIT_ASSETS":null,"EQUITY_MULTIPLIER":12.343246722549,"EQUITY_RATIO":11.5798122446},{"SECUCODE":"02628.HK","SECURITY_CODE":"02628","SECURITY_NAME_ABBR":"中国人寿","ORG_CODE":"10009950","STD_REPORT_DATE":"2024-03-31 00:00:00","REPORT_DATE":"2024-03-31 00:00:00","DATE_TYPE_CODE":"003","REPORT_TYPE":"2024年一季报","PER_NETCASH_OPERATE":6.501359203997,"PER_OI":4.279896075335,"BPS":16.9966748282,"BASIC_EPS":0.73,"DILUTED_EPS":0.73,"OPERATE_INCOME":120970000000,"OPERATE_INCOME_YOY":14.4324728274,"GROSS_PROFIT":null,"GROSS_PROFIT_YOY":null,"HOLDER_PROFIT":20644000000,"HOLDER_PROFIT_YOY":-9.3368467282,"GROSS_PROFIT_RATIO":null,"EPS_TTM":1.55865769694,"OPERATE_INCOME_QOQ":8.174473055368,"NET_PROFIT_RATIO":17.3770356287,"ROE_AVG":5.108699686955,"GROSS_PROFIT_QOQ":null,"ROA":0.34774906849,"HOLDER_PROFIT_QOQ":-4.60362486737,"ROE_YEARLY":20.434798747819,"ROIC_YEARLY":1.442947305845,"TOTAL_ASSETS":6070843000000,"TOTAL_LIABILITIES":5580095000000,"TAX_EBT":21.478465503717,"OCF_SALES":151.904604447384,"TOTAL_PARENT_EQUITY":480406000000,"DEBT_ASSET_RATIO":91.9163121168,"OPERATE_PROFIT":26868000000,"PRETAX_PROFIT":26771000000,"NETCASH_OPERATE":183759000000,"NETCASH_INVEST":28000000,"NETCASH_FINANCE":-77644000000,"END_CASH":254217000000,"DIVI_RATIO":0.401687491377,"DIVIDEND_RATE":4.476168831169,"CURRENT_RATIO":null,"COMMON_ACS":null,"CURRENTDEBT_DEBT":null,"ISSUED_COMMON_SHARES":28264705000,"HK_COMMON_SHARES":7441175000,"PER_SHARES":1000,"TOTAL_MARKET_CAP":435276457000,"HKSK_MARKET_CAP":114594095000,"PE_TTM":3.474528042801,"PB_TTM":0.692650759758,"REPORT_DATE_SQ":"2023-03-31 00:00:00","REPORT_TYPE_SQ":"2023年一季报","OPERATE_INCOME_SQ":105713000000,"DPS_HKD":0.68933,"OPERATE_INCOME_QOQ_SQ":3.059095859212,"NET_PROFIT_RATIO_SQ":4.9426551027,"HOLDER_PROFIT_SQ":22770000000,"HOLDER_PROFIT_QOQ_SQ":8.51879558631,"ROE_AVG_SQ":4.325350520263,"PE_TTM_SQ":14.501697920687,"PB_TTM_SQ":0.580505010329,"ROA_SQ":0.333844350695,"START_DATE":"2024-01-01 00:00:00","FISCAL_YEAR":"12-31","CURRENCY":"HKD","IS_CNY_CODE":0,"DPS_HKD_LY":0.68933,"ORG_TYPE":"保险","PREMIUM_INCOME":null,"PREMIUM_INCOME_YOY":null,"NET_INTEREST_INCOME":null,"NET_INTEREST_INCOME_YOY":null,"FEE_COMMISSION_INCOME":null,"FEE_COMMISSION_INCOME_YOY":null,"ACCOUNTS_RECE_TDAYS":null,"INVENTORY_TDAYS":null,"CURRENT_ASSETS_TDAYS":null,"TOTAL_ASSETS_TDAYS":0.015344655055,"PREMIUM_EXPENSE":null,"LOAN_DEPOSIT":null,"LOAN_EQUITY":null,"LOAN_ASSETS":null,"DEPOSIT_EQUITY":null,"DEPOSIT_ASSETS":null,"EQUITY_MULTIPLIER":12.370591423727,"EQUITY_RATIO":11.615373246795},{"SECUCODE":"02628.HK","SECURITY_CODE":"02628","SECURITY_NAME_ABBR":"中国人寿","ORG_CODE":"10009950","STD_REPORT_DATE":"2023-12-31 00:00:00","REPORT_DATE":"2023-12-31 00:00:00","DATE_TYPE_CODE":"001","REPORT_TYPE":"2023年年报","PER_NETCASH_OPERATE":13.598797510889,"PER_OI":6.603359207181,"BPS":16.879461505082,"BASIC_EPS":1.63,"DILUTED_EPS":1.63,"OPERATE_INCOME":186642000000,"OPERATE_INCOME_YOY":-21.580968547,"GROSS_PROFIT":null,"GROSS_PROFIT_YOY":null,"HOLDER_PROFIT":46181000000,"HOLDER_PROFIT_YOY":-30.7423515297,"GROSS_PROFIT_RATIO":null,"EPS_TTM":1.633875181078,"OPERATE_INCOME_QOQ":-77.034414786213,"NET_PROFIT_RATIO":25.4749734786,"ROE_AVG":10.954864941159,"GROSS_PROFIT_QOQ":null,"ROA":0.835547147595,"HOLDER_PROFIT_QOQ":167.467855901772,"ROE_YEARLY":10.954864941159,"ROIC_YEARLY":0.858519975587,"TOTAL_ASSETS":5653727000000,"TOTAL_LIABILITIES":5316011000000,"TAX_EBT":-6.665021536253,"OCF_SALES":205.937570321793,"TOTAL_PARENT_EQUITY":327784000000,"DEBT_ASSET_RATIO":91.6058810573,"OPERATE_PROFIT":41805000000,"PRETAX_PROFIT":44576000000,"NETCASH_OPERATE":384366000000,"NETCASH_INVEST":-424236000000,"NETCASH_FINANCE":60273000000,"END_CASH":148061000000,"DIVI_RATIO":0.383195306135,"DIVIDEND_RATE":4.476168831169,"CURRENT_RATIO":null,"COMMON_ACS":null,"CURRENTDEBT_DEBT":null,"ISSUED_COMMON_SHARES":28264705000,"HK_COMMON_SHARES":7441175000,"PER_SHARES":1000,"TOTAL_MARKET_CAP":435276457000,"HKSK_MARKET_CAP":114594095000,"PE_TTM":3.474528042801,"PB_TTM":0.692650759758,"REPORT_DATE_SQ":"2022-12-31 00:00:00","REPORT_TYPE_SQ":"2022年年报","OPERATE_INCOME_SQ":238006000000,"DPS_HKD":0.68933,"OPERATE_INCOME_QOQ_SQ":0.780673476522,"NET_PROFIT_RATIO_SQ":4.1663973108,"HOLDER_PROFIT_SQ":66680000000,"HOLDER_PROFIT_QOQ_SQ":-4.381258941345,"ROE_AVG_SQ":7.010696764748,"PE_TTM_SQ":14.501697920687,"PB_TTM_SQ":0.580505010329,"ROA_SQ":0.632589354331,"START_DATE":"2023-01-01 00:00:00","FISCAL_YEAR":"12-31","CURRENCY":"HKD","IS_CNY_CODE":0,"DPS_HKD_LY":0.53321,"ORG_TYPE":"保险","PREMIUM_INCOME":212445000000,"PREMIUM_INCOME_YOY":16.358487879153,"NET_INTEREST_INCOME":null,"NET_INTEREST_INCOME_YOY":null,"FEE_COMMISSION_INCOME":null,"FEE_COMMISSION_INCOME_YOY":null,"ACCOUNTS_RECE_TDAYS":null,"INVENTORY_TDAYS":null,"CURRENT_ASSETS_TDAYS":null,"TOTAL_ASSETS_TDAYS":0.011515754282,"PREMIUM_EXPENSE":null,"LOAN_DEPOSIT":null,"LOAN_EQUITY":null,"LOAN_ASSETS":null,"DEPOSIT_EQUITY":null,"DEPOSIT_ASSETS":null,"EQUITY_MULTIPLIER":11.913102576056,"EQUITY_RATIO":16.218030776365},{"SECUCODE":"02628.HK","SECURITY_CODE":"02628","SECURITY_NAME_ABBR":"中国人寿","ORG_CODE":"10009950","STD_REPORT_DATE":"2023-09-30 00:00:00","REPORT_DATE":"2023-09-30 00:00:00","DATE_TYPE_CODE":"004","REPORT_TYPE":"2023年三季报","PER_NETCASH_OPERATE":12.007307346742,"PER_OI":9.760830689724,"BPS":15.63356136213,"BASIC_EPS":1.35,"DILUTED_EPS":1.35,"OPERATE_INCOME":275887000000,"OPERATE_INCOME_YOY":1.1861321678,"GROSS_PROFIT":null,"GROSS_PROFIT_YOY":null,"HOLDER_PROFIT":38164000000,"HOLDER_PROFIT_YOY":-47.7550362611,"GROSS_PROFIT_RATIO":null,"EPS_TTM":0.610867865064,"OPERATE_INCOME_QOQ":1.712854670176,"NET_PROFIT_RATIO":2.4391928756,"ROE_AVG":4.012630291658,"GROSS_PROFIT_QOQ":null,"ROA":0.294405184466,"HOLDER_PROFIT_QOQ":-40.313882743363,"ROE_YEARLY":5.35017372221,"ROIC_YEARLY":0.302785593839,"TOTAL_ASSETS":5759367000000,"TOTAL_LIABILITIES":5307899000000,"TAX_EBT":-11.53507401199,"OCF_SALES":47.845370228088,"TOTAL_PARENT_EQUITY":441878000000,"DEBT_ASSET_RATIO":92.1611524322,"OPERATE_PROFIT":35463000000,"PRETAX_PROFIT":35197000000,"NETCASH_OPERATE":324982000000,"NETCASH_INVEST":-298191000000,"NETCASH_FINANCE":2676000000,"END_CASH":157168000000,"DIVI_RATIO":1.024924269236,"DIVIDEND_RATE":4.476168831169,"CURRENT_RATIO":null,"COMMON_ACS":null,"CURRENTDEBT_DEBT":null,"ISSUED_COMMON_SHARES":28264705000,"HK_COMMON_SHARES":7441175000,"PER_SHARES":1000,"TOTAL_MARKET_CAP":435276457000,"HKSK_MARKET_CAP":114594095000,"PE_TTM":3.474528042801,"PB_TTM":0.692650759758,"REPORT_DATE_SQ":"2022-09-30 00:00:00","REPORT_TYPE_SQ":"2022年三季报","OPERATE_INCOME_SQ":701018000000,"DPS_HKD":0.68933,"OPERATE_INCOME_QOQ_SQ":-0.7819035934,"NET_PROFIT_RATIO_SQ":4.6030595767,"HOLDER_PROFIT_SQ":31025000000,"HOLDER_PROFIT_QOQ_SQ":-5.137267098306,"ROE_AVG_SQ":6.673837300953,"PE_TTM_SQ":14.501697920687,"PB_TTM_SQ":0.580505010329,"ROA_SQ":0.621149256875,"START_DATE":"2023-01-01 00:00:00","FISCAL_YEAR":"12-31","CURRENCY":"HKD","IS_CNY_CODE":0,"DPS_HKD_LY":0.53321,"ORG_TYPE":"保险","PREMIUM_INCOME":null,"PREMIUM_INCOME_YOY":null,"NET_INTEREST_INCOME":null,"NET_INTEREST_INCOME_YOY":null,"FEE_COMMISSION_INCOME":null,"FEE_COMMISSION_INCOME_YOY":null,"ACCOUNTS_RECE_TDAYS":null,"INVENTORY_TDAYS":null,"CURRENT_ASSETS_TDAYS":null,"TOTAL_ASSETS_TDAYS":0.128836641812,"PREMIUM_EXPENSE":null,"LOAN_DEPOSIT":null,"LOAN_EQUITY":null,"LOAN_ASSETS":null,"DEPOSIT_EQUITY":null,"DEPOSIT_ASSETS":null,"EQUITY_MULTIPLIER":12.756977238692,"EQUITY_RATIO":12.012136834149},{"SECUCODE":"02628.HK","SECURITY_CODE":"02628","SECURITY_NAME_ABBR":"中国人寿","ORG_CODE":"10009950","STD_REPORT_DATE":"2023-06-30 00:00:00","REPORT_DATE":"2023-06-30 00:00:00","DATE_TYPE_CODE":"002","REPORT_TYPE":"2023年中报","PER_NETCASH_OPERATE":8.824574677146,"PER_OI":4.071438212428,"BPS":16.909251308301,"BASIC_EPS":1.28,"DILUTED_EPS":1.28,"OPERATE_INCOME":115078000000,"OPERATE_INCOME_YOY":-4.4591486853,"GROSS_PROFIT":null,"GROSS_PROFIT_YOY":null,"HOLDER_PROFIT":36151000000,"HOLDER_PROFIT_YOY":-8.0244243735,"GROSS_PROFIT_RATIO":null,"EPS_TTM":1.023467253594,"OPERATE_INCOME_QOQ":-3.616185863606,"NET_PROFIT_RATIO":32.0426145745,"ROE_AVG":8.567034300366,"GROSS_PROFIT_QOQ":null,"ROA":0.67200282252,"HOLDER_PROFIT_QOQ":-16.909378141606,"ROE_YEARLY":17.134068600733,"ROIC_YEARLY":1.388050844643,"TOTAL_ASSETS":5507193000000,"TOTAL_LIABILITIES":5019629000000,"TAX_EBT":1.76887420747,"OCF_SALES":216.743426197883,"TOTAL_PARENT_EQUITY":477935000000,"DEBT_ASSET_RATIO":91.1467784042,"OPERATE_PROFIT":34215000000,"PRETAX_PROFIT":37538000000,"NETCASH_OPERATE":249424000000,"NETCASH_INVEST":-166896000000,"NETCASH_FINANCE":-15528000000,"END_CASH":194708000000,"DIVI_RATIO":0.611737501128,"DIVIDEND_RATE":4.476168831169,"CURRENT_RATIO":null,"COMMON_ACS":null,"CURRENTDEBT_DEBT":null,"ISSUED_COMMON_SHARES":28264705000,"HK_COMMON_SHARES":7441175000,"PER_SHARES":1000,"TOTAL_MARKET_CAP":435276457000,"HKSK_MARKET_CAP":114594095000,"PE_TTM":3.474528042801,"PB_TTM":0.692650759758,"REPORT_DATE_SQ":"2022-06-30 00:00:00","REPORT_TYPE_SQ":"2022年中报","OPERATE_INCOME_SQ":120449000000,"DPS_HKD":0.68933,"OPERATE_INCOME_QOQ_SQ":1.159926209378,"NET_PROFIT_RATIO_SQ":5.0659028006,"HOLDER_PROFIT_SQ":39305000000,"HOLDER_PROFIT_QOQ_SQ":-5.717865330277,"ROE_AVG_SQ":5.301013337004,"PE_TTM_SQ":14.501697920687,"PB_TTM_SQ":0.580505010329,"ROA_SQ":0.505056878017,"START_DATE":"2023-01-01 00:00:00","FISCAL_YEAR":"12-31","CURRENCY":"HKD","IS_CNY_CODE":0,"DPS_HKD_LY":0.53321,"ORG_TYPE":"保险","PREMIUM_INCOME":91941000000,"PREMIUM_INCOME_YOY":0.235486508585,"NET_INTEREST_INCOME":null,"NET_INTEREST_INCOME_YOY":null,"FEE_COMMISSION_INCOME":null,"FEE_COMMISSION_INCOME_YOY":null,"ACCOUNTS_RECE_TDAYS":null,"INVENTORY_TDAYS":null,"CURRENT_ASSETS_TDAYS":null,"TOTAL_ASSETS_TDAYS":0.010006709619,"PREMIUM_EXPENSE":null,"LOAN_DEPOSIT":null,"LOAN_EQUITY":null,"LOAN_ASSETS":null,"DEPOSIT_EQUITY":null,"DEPOSIT_ASSETS":null,"EQUITY_MULTIPLIER":11.295323280673,"EQUITY_RATIO":10.502744097001},{"SECUCODE":"02628.HK","SECURITY_CODE":"02628","SECURITY_NAME_ABBR":"中国人寿","ORG_CODE":"10009950","STD_REPORT_DATE":"2023-03-31 00:00:00","REPORT_DATE":"2023-03-31 00:00:00","DATE_TYPE_CODE":"003","REPORT_TYPE":"2023年一季报","PER_NETCASH_OPERATE":6.094243686605,"PER_OI":3.740106256195,"BPS":16.308820488309,"BASIC_EPS":0.81,"DILUTED_EPS":0.81,"OPERATE_INCOME":105713000000,"OPERATE_INCOME_YOY":7.1578169633,"GROSS_PROFIT":null,"GROSS_PROFIT_YOY":null,"HOLDER_PROFIT":22770000000,"HOLDER_PROFIT_YOY":18.0372228089,"GROSS_PROFIT_RATIO":null,"EPS_TTM":1.231748217432,"OPERATE_INCOME_QOQ":3.059095859212,"NET_PROFIT_RATIO":4.9426551027,"ROE_AVG":4.325350520263,"GROSS_PROFIT_QOQ":null,"ROA":0.333844350695,"HOLDER_PROFIT_QOQ":8.51879558631,"ROE_YEARLY":17.301402081054,"ROIC_YEARLY":1.376506720716,"TOTAL_ASSETS":5462586000000,"TOTAL_LIABILITIES":4992310000000,"TAX_EBT":9.979339648384,"OCF_SALES":46.758689957517,"TOTAL_PARENT_EQUITY":460964000000,"DEBT_ASSET_RATIO":91.3909639134,"OPERATE_PROFIT":25740000000,"PRETAX_PROFIT":25653000000,"NETCASH_OPERATE":175980000000,"NETCASH_INVEST":-65413000000,"NETCASH_FINANCE":-65283000000,"END_CASH":172842000000,"DIVI_RATIO":0.508296493828,"DIVIDEND_RATE":4.476168831169,"CURRENT_RATIO":null,"COMMON_ACS":null,"CURRENTDEBT_DEBT":null,"ISSUED_COMMON_SHARES":28264705000,"HK_COMMON_SHARES":7441175000,"PER_SHARES":1000,"TOTAL_MARKET_CAP":435276457000,"HKSK_MARKET_CAP":114594095000,"PE_TTM":3.474528042801,"PB_TTM":0.692650759758,"REPORT_DATE_SQ":"2022-03-31 00:00:00","REPORT_TYPE_SQ":"2022年一季报","OPERATE_INCOME_SQ":343778000000,"DPS_HKD":0.68933,"OPERATE_INCOME_QOQ_SQ":-3.601154037312,"NET_PROFIT_RATIO_SQ":4.5162998106,"HOLDER_PROFIT_SQ":15152000000,"HOLDER_PROFIT_QOQ_SQ":-26.329019461519,"ROE_AVG_SQ":3.215102381036,"PE_TTM_SQ":14.501697920687,"PB_TTM_SQ":0.580505010329,"ROA_SQ":0.309536215717,"START_DATE":"2023-01-01 00:00:00","FISCAL_YEAR":"12-31","CURRENCY":"HKD","IS_CNY_CODE":0,"DPS_HKD_LY":0.53321,"ORG_TYPE":"保险","PREMIUM_INCOME":null,"PREMIUM_INCOME_YOY":null,"NET_INTEREST_INCOME":null,"NET_INTEREST_INCOME_YOY":null,"FEE_COMMISSION_INCOME":null,"FEE_COMMISSION_INCOME_YOY":null,"ACCOUNTS_RECE_TDAYS":null,"INVENTORY_TDAYS":null,"CURRENT_ASSETS_TDAYS":null,"TOTAL_ASSETS_TDAYS":0.068763349807,"PREMIUM_EXPENSE":null,"LOAN_DEPOSIT":null,"LOAN_EQUITY":null,"LOAN_ASSETS":null,"DEPOSIT_EQUITY":null,"DEPOSIT_ASSETS":null,"EQUITY_MULTIPLIER":11.615702268417,"EQUITY_RATIO":10.830151595352},{"SECUCODE":"02628.HK","SECURITY_CODE":"02628","SECURITY_NAME_ABBR":"中国人寿","ORG_CODE":"10009950","STD_REPORT_DATE":"2022-12-31 00:00:00","REPORT_DATE":"2022-12-31 00:00:00","DATE_TYPE_CODE":"001","REPORT_TYPE":"2022年年报","PER_NETCASH_OPERATE":12.45256230341,"PER_OI":8.420607963182,"BPS":15.431578005148,"BASIC_EPS":2.36,"DILUTED_EPS":2.36,"OPERATE_INCOME":238006000000,"OPERATE_INCOME_YOY":-2.4905052895,"GROSS_PROFIT":null,"GROSS_PROFIT_YOY":null,"HOLDER_PROFIT":66680000000,"HOLDER_PROFIT_YOY":-36.8041602647,"GROSS_PROFIT_RATIO":null,"EPS_TTM":1.135055186318,"OPERATE_INCOME_QOQ":0.780673476522,"NET_PROFIT_RATIO":4.1663973108,"ROE_AVG":7.010696764748,"GROSS_PROFIT_QOQ":null,"ROA":0.632589354331,"HOLDER_PROFIT_QOQ":-4.381258941345,"ROE_YEARLY":7.010696764748,"ROIC_YEARLY":0.645642076978,"TOTAL_ASSETS":5010068000000,"TOTAL_LIABILITIES":4635095000000,"TAX_EBT":2.780473879532,"OCF_SALES":43.755998349055,"TOTAL_PARENT_EQUITY":366021000000,"DEBT_ASSET_RATIO":91.5247140702,"OPERATE_PROFIT":70944000000,"PRETAX_PROFIT":70060000000,"NETCASH_OPERATE":345284000000,"NETCASH_INVEST":-158271000000,"NETCASH_FINANCE":-120095000000,"END_CASH":127594000000,"DIVI_RATIO":0.55159723311,"DIVIDEND_RATE":4.476168831169,"CURRENT_RATIO":null,"COMMON_ACS":null,"CURRENTDEBT_DEBT":null,"ISSUED_COMMON_SHARES":28264705000,"HK_COMMON_SHARES":7441175000,"PER_SHARES":1000,"TOTAL_MARKET_CAP":435276457000,"HKSK_MARKET_CAP":114594095000,"PE_TTM":3.474528042801,"PB_TTM":0.692650759758,"REPORT_DATE_SQ":"2021-12-31 00:00:00","REPORT_TYPE_SQ":"2021年年报","OPERATE_INCOME_SQ":824933000000,"DPS_HKD":0.68933,"OPERATE_INCOME_QOQ_SQ":-1.922599069553,"NET_PROFIT_RATIO_SQ":6.3535087826,"HOLDER_PROFIT_SQ":50766000000,"HOLDER_PROFIT_QOQ_SQ":-1.491526735278,"ROE_AVG_SQ":10.966778335223,"PE_TTM_SQ":14.501697920687,"PB_TTM_SQ":0.580505010329,"ROA_SQ":1.11381916871,"START_DATE":"2022-01-01 00:00:00","FISCAL_YEAR":"12-31","CURRENCY":"HKD","IS_CNY_CODE":0,"DPS_HKD_LY":0.76162,"ORG_TYPE":"保险","PREMIUM_INCOME":182578000000,"PREMIUM_INCOME_YOY":-70.472258206418,"NET_INTEREST_INCOME":null,"NET_INTEREST_INCOME_YOY":null,"FEE_COMMISSION_INCOME":null,"FEE_COMMISSION_INCOME_YOY":null,"ACCOUNTS_RECE_TDAYS":null,"INVENTORY_TDAYS":null,"CURRENT_ASSETS_TDAYS":null,"TOTAL_ASSETS_TDAYS":0.158608342856,"PREMIUM_EXPENSE":null,"LOAN_DEPOSIT":null,"LOAN_EQUITY":null,"LOAN_ASSETS":null,"DEPOSIT_EQUITY":null,"DEPOSIT_ASSETS":null,"EQUITY_MULTIPLIER":11.799011954085,"EQUITY_RATIO":12.663467396679},{"SECUCODE":"02628.HK","SECURITY_CODE":"02628","SECURITY_NAME_ABBR":"中国人寿","ORG_CODE":"10009950","STD_REPORT_DATE":"2022-09-30 00:00:00","REPORT_DATE":"2022-09-30 00:00:00","DATE_TYPE_CODE":"004","REPORT_TYPE":"2022年三季报","PER_NETCASH_OPERATE":10.216098133697,"PER_OI":24.801886310153,"BPS":16.042835048163,"BASIC_EPS":1.1,"DILUTED_EPS":1.1,"OPERATE_INCOME":701018000000,"OPERATE_INCOME_YOY":-3.6786963183,"GROSS_PROFIT":null,"GROSS_PROFIT_YOY":null,"HOLDER_PROFIT":31025000000,"HOLDER_PROFIT_YOY":-35.8227117106,"GROSS_PROFIT_RATIO":null,"EPS_TTM":1.187063512603,"OPERATE_INCOME_QOQ":-0.7819035934,"NET_PROFIT_RATIO":4.6030595767,"ROE_AVG":6.673837300953,"GROSS_PROFIT_QOQ":null,"ROA":0.621149256875,"HOLDER_PROFIT_QOQ":-5.137267098306,"ROE_YEARLY":8.898449734604,"ROIC_YEARLY":0.633697377885,"TOTAL_ASSETS":5128085000000,"TOTAL_LIABILITIES":4665971000000,"TAX_EBT":-15.487599152938,"OCF_SALES":41.191163632006,"TOTAL_PARENT_EQUITY":453446000000,"DEBT_ASSET_RATIO":90.9885659072,"OPERATE_PROFIT":28088000000,"PRETAX_PROFIT":27861000000,"NETCASH_OPERATE":288829000000,"NETCASH_INVEST":-54617000000,"NETCASH_FINANCE":-174362000000,"END_CASH":120537000000,"DIVI_RATIO":0.527430330014,"DIVIDEND_RATE":4.476168831169,"CURRENT_RATIO":null,"COMMON_ACS":null,"CURRENTDEBT_DEBT":null,"ISSUED_COMMON_SHARES":28264705000,"HK_COMMON_SHARES":7441175000,"PER_SHARES":1000,"TOTAL_MARKET_CAP":435276457000,"HKSK_MARKET_CAP":114594095000,"PE_TTM":3.474528042801,"PB_TTM":0.692650759758,"REPORT_DATE_SQ":"2021-09-30 00:00:00","REPORT_TYPE_SQ":"2021年三季报","OPERATE_INCOME_SQ":727785000000,"DPS_HKD":0.68933,"OPERATE_INCOME_QOQ_SQ":0.413784046751,"NET_PROFIT_RATIO_SQ":6.814655818,"HOLDER_PROFIT_SQ":48486000000,"HOLDER_PROFIT_QOQ_SQ":-14.851419911709,"ROE_AVG_SQ":10.533745688944,"PE_TTM_SQ":14.501697920687,"PB_TTM_SQ":0.580505010329,"ROA_SQ":1.079668935956,"START_DATE":"2022-01-01 00:00:00","FISCAL_YEAR":"12-31","CURRENCY":"HKD","IS_CNY_CODE":0,"DPS_HKD_LY":0.76162,"ORG_TYPE":"保险","PREMIUM_INCOME":554105000000,"PREMIUM_INCOME_YOY":0.120700278442,"NET_INTEREST_INCOME":null,"NET_INTEREST_INCOME_YOY":null,"FEE_COMMISSION_INCOME":null,"FEE_COMMISSION_INCOME_YOY":null,"ACCOUNTS_RECE_TDAYS":null,"INVENTORY_TDAYS":null,"CURRENT_ASSETS_TDAYS":null,"TOTAL_ASSETS_TDAYS":0.139934146242,"PREMIUM_EXPENSE":514.317405509765,"LOAN_DEPOSIT":null,"LOAN_EQUITY":null,"LOAN_ASSETS":null,"DEPOSIT_EQUITY":null,"DEPOSIT_ASSETS":null,"EQUITY_MULTIPLIER":11.097012858353,"EQUITY_RATIO":10.290025714198}],"count":66},"success":true,"message":"ok","code":0}