{"version":"4fd9a98fb6e11f55fd2b20b6f84981da","result":{"pages":3,"data":[{"SECUCODE":"02633.HK","SECURITY_CODE":"02633","SECURITY_NAME_ABBR":"雅各臣科研制药","ORG_CODE":"10526716","STD_REPORT_DATE":"2024-06-30 00:00:00","REPORT_DATE":"2024-09-30 00:00:00","DATE_TYPE_CODE":"002","REPORT_TYPE":"2024年中报","PER_NETCASH_OPERATE":0.125049124642,"PER_OI":0.365185498792,"BPS":1.096246289505,"BASIC_EPS":0.063756553,"DILUTED_EPS":0.063756553,"OPERATE_INCOME":730451703.58,"OPERATE_INCOME_YOY":13.2999868516,"GROSS_PROFIT":316953033.09,"GROSS_PROFIT_YOY":14.7220354228,"HOLDER_PROFIT":126512119.1,"HOLDER_PROFIT_YOY":-8.9262529213,"GROSS_PROFIT_RATIO":43.391374342286,"EPS_TTM":0.120996550081,"OPERATE_INCOME_QOQ":0,"NET_PROFIT_RATIO":17.3197103217,"ROE_AVG":5.840942261522,"GROSS_PROFIT_QOQ":0,"ROA":3.955423736292,"HOLDER_PROFIT_QOQ":0,"ROE_YEARLY":11.681884523044,"ROIC_YEARLY":9.173367091289,"TOTAL_ASSETS":3252483287.63,"TOTAL_LIABILITIES":1037907986.18,"TAX_EBT":20.006614322289,"OCF_SALES":34.242631499675,"TOTAL_PARENT_EQUITY":2192734849.44,"DEBT_ASSET_RATIO":31.9112473268,"OPERATE_PROFIT":176548839.04,"PRETAX_PROFIT":158153224.83,"NETCASH_OPERATE":250125885.14,"NETCASH_INVEST":-72500308.84,"NETCASH_FINANCE":-82766286.2,"END_CASH":465235264.58,"DIVI_RATIO":0.224770871415,"DIVIDEND_RATE":2.459016393443,"CURRENT_RATIO":2.094911992317,"COMMON_ACS":5000000000,"CURRENTDEBT_DEBT":44.875328209415,"ISSUED_COMMON_SHARES":2000221000,"HK_COMMON_SHARES":2000221000,"PER_SHARES":2000,"TOTAL_MARKET_CAP":2440269620,"HKSK_MARKET_CAP":2440269620,"PE_TTM":9.637030621836,"PB_TTM":1.003591811925,"REPORT_DATE_SQ":"2023-06-30 00:00:00","REPORT_TYPE_SQ":"2023年中报","OPERATE_INCOME_SQ":656030204.34,"DPS_HKD":0.03,"OPERATE_INCOME_QOQ_SQ":0,"NET_PROFIT_RATIO_SQ":24.8825739455,"HOLDER_PROFIT_SQ":141351725.2,"HOLDER_PROFIT_QOQ_SQ":0,"ROE_AVG_SQ":6.139704585507,"PE_TTM_SQ":4.459846406736,"PB_TTM_SQ":0.525709061514,"ROA_SQ":3.288627091058,"START_DATE":"2024-04-01 00:00:00","FISCAL_YEAR":"3-31","CURRENCY":"HKD","IS_CNY_CODE":0,"DPS_HKD_LY":0.065,"ORG_TYPE":"一般企业","PREMIUM_INCOME":null,"PREMIUM_INCOME_YOY":null,"NET_INTEREST_INCOME":null,"NET_INTEREST_INCOME_YOY":null,"FEE_COMMISSION_INCOME":null,"FEE_COMMISSION_INCOME_YOY":null,"ACCOUNTS_RECE_TDAYS":3.43711995519,"INVENTORY_TDAYS":1.424482669707,"CURRENT_ASSETS_TDAYS":0.791630241178,"TOTAL_ASSETS_TDAYS":0.228377014559,"PREMIUM_EXPENSE":null,"LOAN_DEPOSIT":null,"LOAN_EQUITY":null,"LOAN_ASSETS":null,"DEPOSIT_EQUITY":null,"DEPOSIT_ASSETS":null,"EQUITY_MULTIPLIER":1.468671345471,"EQUITY_RATIO":0.473339485823},{"SECUCODE":"02633.HK","SECURITY_CODE":"02633","SECURITY_NAME_ABBR":"雅各臣科研制药","ORG_CODE":"10526716","STD_REPORT_DATE":"2023-12-31 00:00:00","REPORT_DATE":"2024-03-31 00:00:00","DATE_TYPE_CODE":"001","REPORT_TYPE":"2023年年报","PER_NETCASH_OPERATE":0.21952538127,"PER_OI":0.665242629139,"BPS":1.075113411743,"BASIC_EPS":0.12601045,"DILUTED_EPS":0.12601045,"OPERATE_INCOME":1330632276.9,"OPERATE_INCOME_YOY":15.7936506684,"GROSS_PROFIT":562491611.25,"GROSS_PROFIT_YOY":19.228987859699,"HOLDER_PROFIT":242019840.4,"HOLDER_PROFIT_YOY":6.3431111678,"GROSS_PROFIT_RATIO":42.272506162292,"EPS_TTM":0.123016274128,"OPERATE_INCOME_QOQ":0,"NET_PROFIT_RATIO":19.8104916344,"ROE_AVG":10.451238346158,"GROSS_PROFIT_QOQ":0,"ROA":6.021368496326,"HOLDER_PROFIT_QOQ":0,"ROE_YEARLY":10.451238346158,"ROIC_YEARLY":7.766402819746,"TOTAL_ASSETS":3161007493.7,"TOTAL_LIABILITIES":988587335.7,"TAX_EBT":17.445783889733,"OCF_SALES":32.999295543392,"TOTAL_PARENT_EQUITY":2150464423.55,"DEBT_ASSET_RATIO":31.2744382185,"OPERATE_PROFIT":301995375.3,"PRETAX_PROFIT":230792218.65,"NETCASH_OPERATE":439099277.65,"NETCASH_INVEST":39291690.1,"NETCASH_FINANCE":-954828320.25,"END_CASH":373441487.35,"DIVI_RATIO":0.22108050494,"DIVIDEND_RATE":2.41935483871,"CURRENT_RATIO":2.586654436318,"COMMON_ACS":5000000000,"CURRENTDEBT_DEBT":34.190284403215,"ISSUED_COMMON_SHARES":2000221000,"HK_COMMON_SHARES":2000221000,"PER_SHARES":2000,"TOTAL_MARKET_CAP":2480274040,"HKSK_MARKET_CAP":2480274040,"PE_TTM":9.79501473039,"PB_TTM":1.02004413671,"REPORT_DATE_SQ":"2022-12-31 00:00:00","REPORT_TYPE_SQ":"2022年年报","OPERATE_INCOME_SQ":1109667965.18,"DPS_HKD":0.03,"OPERATE_INCOME_QOQ_SQ":0,"NET_PROFIT_RATIO_SQ":15.8609056222,"HOLDER_PROFIT_SQ":219766428.04,"HOLDER_PROFIT_QOQ_SQ":0,"ROE_AVG_SQ":9.603816369724,"PE_TTM_SQ":4.315980393615,"PB_TTM_SQ":0.508750704691,"ROA_SQ":4.953493174207,"START_DATE":"2023-04-01 00:00:00","FISCAL_YEAR":"3-31","CURRENCY":"HKD","IS_CNY_CODE":0,"DPS_HKD_LY":0.0488,"ORG_TYPE":"一般企业","PREMIUM_INCOME":null,"PREMIUM_INCOME_YOY":null,"NET_INTEREST_INCOME":null,"NET_INTEREST_INCOME_YOY":null,"FEE_COMMISSION_INCOME":null,"FEE_COMMISSION_INCOME_YOY":null,"ACCOUNTS_RECE_TDAYS":5.020490044004,"INVENTORY_TDAYS":2.470833697839,"CURRENT_ASSETS_TDAYS":1.078537997795,"TOTAL_ASSETS_TDAYS":0.331056629865,"PREMIUM_EXPENSE":null,"LOAN_DEPOSIT":null,"LOAN_EQUITY":null,"LOAN_ASSETS":null,"DEPOSIT_EQUITY":null,"DEPOSIT_ASSETS":null,"EQUITY_MULTIPLIER":1.455062678395,"EQUITY_RATIO":0.459708760988},{"SECUCODE":"02633.HK","SECURITY_CODE":"02633","SECURITY_NAME_ABBR":"雅各臣科研制药","ORG_CODE":"10526716","STD_REPORT_DATE":"2023-06-30 00:00:00","REPORT_DATE":"2023-09-30 00:00:00","DATE_TYPE_CODE":"002","REPORT_TYPE":"2023年中报","PER_NETCASH_OPERATE":0.131098878401,"PER_OI":0.339170241839,"BPS":1.046506527759,"BASIC_EPS":0.073960978,"DILUTED_EPS":0.073960978,"OPERATE_INCOME":656030204.34,"OPERATE_INCOME_YOY":22.8611544086,"GROSS_PROFIT":276279122.77,"GROSS_PROFIT_YOY":20.354684895337,"HOLDER_PROFIT":141351725.2,"HOLDER_PROFIT_YOY":13.1050281955,"GROSS_PROFIT_RATIO":42.113780881164,"EPS_TTM":0.113620123057,"OPERATE_INCOME_QOQ":0,"NET_PROFIT_RATIO":24.8825739455,"ROE_AVG":6.139704585507,"GROSS_PROFIT_QOQ":0,"ROA":3.288627091058,"HOLDER_PROFIT_QOQ":0,"ROE_YEARLY":12.279409171014,"ROIC_YEARLY":8.908573909601,"TOTAL_ASSETS":3659090000.72,"TOTAL_LIABILITIES":1543583045.83,"TAX_EBT":18.154972236244,"OCF_SALES":38.652824519735,"TOTAL_PARENT_EQUITY":2093244333.46,"DEBT_ASSET_RATIO":42.1848887435,"OPERATE_PROFIT":152301803.99,"PRETAX_PROFIT":109069501.8,"NETCASH_OPERATE":253574203.68,"NETCASH_INVEST":64422214.15,"NETCASH_FINANCE":-377352396.75,"END_CASH":799299776.24,"DIVI_RATIO":0.239363409123,"DIVIDEND_RATE":2.41935483871,"CURRENT_RATIO":1.283285306764,"COMMON_ACS":5000000000,"CURRENTDEBT_DEBT":65.728021610555,"ISSUED_COMMON_SHARES":2000221000,"HK_COMMON_SHARES":2000221000,"PER_SHARES":2000,"TOTAL_MARKET_CAP":2480274040,"HKSK_MARKET_CAP":2480274040,"PE_TTM":9.79501473039,"PB_TTM":1.02004413671,"REPORT_DATE_SQ":"2022-06-30 00:00:00","REPORT_TYPE_SQ":"2022年中报","OPERATE_INCOME_SQ":526285496.04,"DPS_HKD":0.03,"OPERATE_INCOME_QOQ_SQ":0,"NET_PROFIT_RATIO_SQ":18.029908742,"HOLDER_PROFIT_SQ":123177492.48,"HOLDER_PROFIT_QOQ_SQ":0,"ROE_AVG_SQ":5.427106923076,"PE_TTM_SQ":4.315980393615,"PB_TTM_SQ":0.508750704691,"ROA_SQ":2.776172800613,"START_DATE":"2023-04-01 00:00:00","FISCAL_YEAR":"3-31","CURRENCY":"HKD","IS_CNY_CODE":0,"DPS_HKD_LY":0.0488,"ORG_TYPE":"一般企业","PREMIUM_INCOME":null,"PREMIUM_INCOME_YOY":null,"NET_INTEREST_INCOME":null,"NET_INTEREST_INCOME_YOY":null,"FEE_COMMISSION_INCOME":null,"FEE_COMMISSION_INCOME_YOY":null,"ACCOUNTS_RECE_TDAYS":2.400834175681,"INVENTORY_TDAYS":1.233817362748,"CURRENT_ASSETS_TDAYS":0.450163116267,"TOTAL_ASSETS_TDAYS":0.152629103005,"PREMIUM_EXPENSE":null,"LOAN_DEPOSIT":null,"LOAN_EQUITY":null,"LOAN_ASSETS":null,"DEPOSIT_EQUITY":null,"DEPOSIT_ASSETS":null,"EQUITY_MULTIPLIER":1.72965160538,"EQUITY_RATIO":0.737411787605},{"SECUCODE":"02633.HK","SECURITY_CODE":"02633","SECURITY_NAME_ABBR":"雅各臣科研制药","ORG_CODE":"10526716","STD_REPORT_DATE":"2022-12-31 00:00:00","REPORT_DATE":"2023-03-31 00:00:00","DATE_TYPE_CODE":"001","REPORT_TYPE":"2022年年报","PER_NETCASH_OPERATE":0.28517273202,"PER_OI":0.573702780179,"BPS":1.197730109568,"BASIC_EPS":0.114941333,"DILUTED_EPS":0.114941333,"OPERATE_INCOME":1109667965.18,"OPERATE_INCOME_YOY":11.910427986,"GROSS_PROFIT":471774206.38,"GROSS_PROFIT_YOY":-6.254420101096,"HOLDER_PROFIT":219766428.04,"HOLDER_PROFIT_YOY":41.3010930623,"GROSS_PROFIT_RATIO":41.844802162212,"EPS_TTM":0.103705370689,"OPERATE_INCOME_QOQ":0,"NET_PROFIT_RATIO":15.8609056222,"ROE_AVG":9.603816369724,"GROSS_PROFIT_QOQ":0,"ROA":4.953493174207,"HOLDER_PROFIT_QOQ":0,"ROE_YEARLY":9.603816369724,"ROIC_YEARLY":6.57657896026,"TOTAL_ASSETS":4710142629.59,"TOTAL_LIABILITIES":1859350705.57,"TAX_EBT":17.166709940282,"OCF_SALES":35.287713397167,"TOTAL_PARENT_EQUITY":2395724917.49,"DEBT_ASSET_RATIO":39.475465008,"OPERATE_PROFIT":274339487.44,"PRETAX_PROFIT":219154516.45,"NETCASH_OPERATE":551587086.9,"NETCASH_INVEST":-118165468.03,"NETCASH_FINANCE":-32038255.18,"END_CASH":819749681.38,"DIVI_RATIO":0.262247748783,"DIVIDEND_RATE":2.41935483871,"CURRENT_RATIO":2.677207948997,"COMMON_ACS":5000000000,"CURRENTDEBT_DEBT":30.905937305348,"ISSUED_COMMON_SHARES":2000221000,"HK_COMMON_SHARES":2000221000,"PER_SHARES":2000,"TOTAL_MARKET_CAP":2480274040,"HKSK_MARKET_CAP":2480274040,"PE_TTM":9.79501473039,"PB_TTM":1.02004413671,"REPORT_DATE_SQ":"2021-12-31 00:00:00","REPORT_TYPE_SQ":"2021年年报","OPERATE_INCOME_SQ":1294001328.43,"DPS_HKD":0.03,"OPERATE_INCOME_QOQ_SQ":0,"NET_PROFIT_RATIO_SQ":11.7643335216,"HOLDER_PROFIT_SQ":144088902.66,"HOLDER_PROFIT_QOQ_SQ":0,"ROE_AVG_SQ":7.279657065405,"PE_TTM_SQ":4.315980393615,"PB_TTM_SQ":0.508750704691,"ROA_SQ":3.692647274307,"START_DATE":"2022-04-01 00:00:00","FISCAL_YEAR":"3-31","CURRENCY":"HKD","IS_CNY_CODE":0,"DPS_HKD_LY":0.0548,"ORG_TYPE":"一般企业","PREMIUM_INCOME":null,"PREMIUM_INCOME_YOY":null,"NET_INTEREST_INCOME":null,"NET_INTEREST_INCOME_YOY":null,"FEE_COMMISSION_INCOME":null,"FEE_COMMISSION_INCOME_YOY":null,"ACCOUNTS_RECE_TDAYS":3.463827322088,"INVENTORY_TDAYS":3.042683427098,"CURRENT_ASSETS_TDAYS":1.216476169908,"TOTAL_ASSETS_TDAYS":0.35232283538,"PREMIUM_EXPENSE":null,"LOAN_DEPOSIT":null,"LOAN_EQUITY":null,"LOAN_ASSETS":null,"DEPOSIT_EQUITY":null,"DEPOSIT_ASSETS":null,"EQUITY_MULTIPLIER":1.652222524522,"EQUITY_RATIO":0.776111936724},{"SECUCODE":"02633.HK","SECURITY_CODE":"02633","SECURITY_NAME_ABBR":"雅各臣科研制药","ORG_CODE":"10526716","STD_REPORT_DATE":"2022-06-30 00:00:00","REPORT_DATE":"2022-09-30 00:00:00","DATE_TYPE_CODE":"002","REPORT_TYPE":"2022年中报","PER_NETCASH_OPERATE":0.144014444203,"PER_OI":0.272091708259,"BPS":1.142922163461,"BASIC_EPS":0.06421524,"DILUTED_EPS":0.06421524,"OPERATE_INCOME":526285496.04,"OPERATE_INCOME_YOY":8.9204211548,"GROSS_PROFIT":229554107.52,"GROSS_PROFIT_YOY":0.994462423697,"HOLDER_PROFIT":123177492.48,"HOLDER_PROFIT_YOY":70.1570484389,"GROSS_PROFIT_RATIO":41.650180521757,"EPS_TTM":0.074494539486,"OPERATE_INCOME_QOQ":0,"NET_PROFIT_RATIO":18.029908742,"ROE_AVG":5.427106923076,"GROSS_PROFIT_QOQ":0,"ROA":2.776172800613,"HOLDER_PROFIT_QOQ":0,"ROE_YEARLY":10.854213846152,"ROIC_YEARLY":7.235369861613,"TOTAL_ASSETS":4572806131.32,"TOTAL_LIABILITIES":1855701049.92,"TAX_EBT":16.706136233062,"OCF_SALES":37.681026435335,"TOTAL_PARENT_EQUITY":2286096912.72,"DEBT_ASSET_RATIO":40.5812316689,"OPERATE_PROFIT":147691434.24,"PRETAX_PROFIT":129087103.44,"NETCASH_OPERATE":278555762.28,"NETCASH_INVEST":-10371213.48,"NETCASH_FINANCE":78325408.44,"END_CASH":778188315.96,"DIVI_RATIO":0.365080450023,"DIVIDEND_RATE":2.41935483871,"CURRENT_RATIO":4.07282782135,"COMMON_ACS":5000000000,"CURRENTDEBT_DEBT":18.754459568528,"ISSUED_COMMON_SHARES":2000221000,"HK_COMMON_SHARES":2000221000,"PER_SHARES":2000,"TOTAL_MARKET_CAP":2480274040,"HKSK_MARKET_CAP":2480274040,"PE_TTM":9.79501473039,"PB_TTM":1.02004413671,"REPORT_DATE_SQ":"2021-06-30 00:00:00","REPORT_TYPE_SQ":"2021年中报","OPERATE_INCOME_SQ":625139053.78,"DPS_HKD":0.03,"OPERATE_INCOME_QOQ_SQ":0,"NET_PROFIT_RATIO_SQ":11.041786323,"HOLDER_PROFIT_SQ":66677289.34,"HOLDER_PROFIT_QOQ_SQ":0,"ROE_AVG_SQ":3.318631358431,"PE_TTM_SQ":4.315980393615,"PB_TTM_SQ":0.508750704691,"ROA_SQ":1.649411410983,"START_DATE":"2022-04-01 00:00:00","FISCAL_YEAR":"3-31","CURRENCY":"HKD","IS_CNY_CODE":0,"DPS_HKD_LY":0.0548,"ORG_TYPE":"一般企业","PREMIUM_INCOME":null,"PREMIUM_INCOME_YOY":null,"NET_INTEREST_INCOME":null,"NET_INTEREST_INCOME_YOY":null,"FEE_COMMISSION_INCOME":null,"FEE_COMMISSION_INCOME_YOY":null,"ACCOUNTS_RECE_TDAYS":1.646366634176,"INVENTORY_TDAYS":1.379423644544,"CURRENT_ASSETS_TDAYS":0.5954213154,"TOTAL_ASSETS_TDAYS":0.166611340394,"PREMIUM_EXPENSE":null,"LOAN_DEPOSIT":null,"LOAN_EQUITY":null,"LOAN_ASSETS":null,"DEPOSIT_EQUITY":null,"DEPOSIT_ASSETS":null,"EQUITY_MULTIPLIER":1.682969923624,"EQUITY_RATIO":0.811733325737},{"SECUCODE":"02633.HK","SECURITY_CODE":"02633","SECURITY_NAME_ABBR":"雅各臣科研制药","ORG_CODE":"10526716","STD_REPORT_DATE":"2021-12-31 00:00:00","REPORT_DATE":"2022-03-31 00:00:00","DATE_TYPE_CODE":"001","REPORT_TYPE":"2021年年报","PER_NETCASH_OPERATE":0.170628915424,"PER_OI":0.669003866895,"BPS":1.010129475273,"BASIC_EPS":0.075180627,"DILUTED_EPS":0.075180627,"OPERATE_INCOME":1294001328.43,"OPERATE_INCOME_YOY":10.3483261464,"GROSS_PROFIT":503249547.22,"GROSS_PROFIT_YOY":6.122401885333,"HOLDER_PROFIT":144088902.66,"HOLDER_PROFIT_YOY":2.2755925003,"GROSS_PROFIT_RATIO":38.890960632211,"EPS_TTM":0.063806472642,"OPERATE_INCOME_QOQ":0,"NET_PROFIT_RATIO":11.7643335216,"ROE_AVG":7.279657065405,"GROSS_PROFIT_QOQ":0,"ROA":3.692647274307,"HOLDER_PROFIT_QOQ":0,"ROE_YEARLY":7.279657065405,"ROIC_YEARLY":4.598709138364,"TOTAL_ASSETS":3856790495.4,"TOTAL_LIABILITIES":1457851300.75,"TAX_EBT":18.89445325429,"OCF_SALES":25.504922148761,"TOTAL_PARENT_EQUITY":2020482189.16,"DEBT_ASSET_RATIO":37.7995979426,"OPERATE_PROFIT":211582776.88,"PRETAX_PROFIT":187694477.33,"NETCASH_OPERATE":330034031.42,"NETCASH_INVEST":-40500217.38,"NETCASH_FINANCE":-290250746.88,"END_CASH":388192369.53,"DIVI_RATIO":0.426234187127,"DIVIDEND_RATE":2.41935483871,"CURRENT_RATIO":1.425783897074,"COMMON_ACS":5000000000,"CURRENTDEBT_DEBT":45.972156933647,"ISSUED_COMMON_SHARES":2000221000,"HK_COMMON_SHARES":2000221000,"PER_SHARES":2000,"TOTAL_MARKET_CAP":2480274040,"HKSK_MARKET_CAP":2480274040,"PE_TTM":9.79501473039,"PB_TTM":1.02004413671,"REPORT_DATE_SQ":"2020-12-31 00:00:00","REPORT_TYPE_SQ":"2020年年报","OPERATE_INCOME_SQ":1222058439.7,"DPS_HKD":0.03,"OPERATE_INCOME_QOQ_SQ":0,"NET_PROFIT_RATIO_SQ":12.8851281023,"HOLDER_PROFIT_SQ":146818753.34,"HOLDER_PROFIT_QOQ_SQ":0,"ROE_AVG_SQ":7.050630044557,"PE_TTM_SQ":4.315980393615,"PB_TTM_SQ":0.508750704691,"ROA_SQ":3.6774968642,"START_DATE":"2021-04-01 00:00:00","FISCAL_YEAR":"3-31","CURRENCY":"HKD","IS_CNY_CODE":0,"DPS_HKD_LY":0.027,"ORG_TYPE":"一般企业","PREMIUM_INCOME":null,"PREMIUM_INCOME_YOY":null,"NET_INTEREST_INCOME":null,"NET_INTEREST_INCOME_YOY":null,"FEE_COMMISSION_INCOME":null,"FEE_COMMISSION_INCOME_YOY":null,"ACCOUNTS_RECE_TDAYS":4.569766176336,"INVENTORY_TDAYS":2.907295066203,"CURRENT_ASSETS_TDAYS":1.364279249449,"TOTAL_ASSETS_TDAYS":0.331620991635,"PREMIUM_EXPENSE":null,"LOAN_DEPOSIT":null,"LOAN_EQUITY":null,"LOAN_ASSETS":null,"DEPOSIT_EQUITY":null,"DEPOSIT_ASSETS":null,"EQUITY_MULTIPLIER":1.607706649673,"EQUITY_RATIO":0.721536328591},{"SECUCODE":"02633.HK","SECURITY_CODE":"02633","SECURITY_NAME_ABBR":"雅各臣科研制药","ORG_CODE":"10526716","STD_REPORT_DATE":"2021-06-30 00:00:00","REPORT_DATE":"2021-09-30 00:00:00","DATE_TYPE_CODE":"002","REPORT_TYPE":"2021年中报","PER_NETCASH_OPERATE":0.134162033739,"PER_OI":0.323199393337,"BPS":1.013624962952,"BASIC_EPS":0.034821908,"DILUTED_EPS":0.034821908,"OPERATE_INCOME":625139053.78,"OPERATE_INCOME_YOY":7.9071071647,"GROSS_PROFIT":227293756.52,"GROSS_PROFIT_YOY":-2.851531002494,"HOLDER_PROFIT":66677289.34,"HOLDER_PROFIT_YOY":-21.9230731712,"GROSS_PROFIT_RATIO":36.358911692628,"EPS_TTM":0.075905883216,"OPERATE_INCOME_QOQ":0,"NET_PROFIT_RATIO":11.041786323,"ROE_AVG":3.318631358431,"GROSS_PROFIT_QOQ":0,"ROA":1.649411410983,"HOLDER_PROFIT_QOQ":0,"ROE_YEARLY":6.637262716863,"ROIC_YEARLY":4.133823090407,"TOTAL_ASSETS":4030351777.54,"TOTAL_LIABILITIES":1609102041.36,"TAX_EBT":18.690754224481,"OCF_SALES":41.510608158441,"TOTAL_PARENT_EQUITY":2027473937.02,"DEBT_ASSET_RATIO":39.924605349,"OPERATE_PROFIT":97360555.26,"PRETAX_PROFIT":84893812.36,"NETCASH_OPERATE":259499023.06,"NETCASH_INVEST":14749327.3,"NETCASH_FINANCE":-226461529.58,"END_CASH":447411534.2,"DIVI_RATIO":0.358292385883,"DIVIDEND_RATE":2.41935483871,"CURRENT_RATIO":1.252600245356,"COMMON_ACS":5000000000,"CURRENTDEBT_DEBT":50.472675915169,"ISSUED_COMMON_SHARES":2000221000,"HK_COMMON_SHARES":2000221000,"PER_SHARES":2000,"TOTAL_MARKET_CAP":2480274040,"HKSK_MARKET_CAP":2480274040,"PE_TTM":9.79501473039,"PB_TTM":1.02004413671,"REPORT_DATE_SQ":"2020-06-30 00:00:00","REPORT_TYPE_SQ":"2020年中报","OPERATE_INCOME_SQ":611083856,"DPS_HKD":0.03,"OPERATE_INCOME_QOQ_SQ":0,"NET_PROFIT_RATIO_SQ":16.1703993961,"HOLDER_PROFIT_SQ":90080223.36,"HOLDER_PROFIT_QOQ_SQ":0,"ROE_AVG_SQ":3.957890298877,"PE_TTM_SQ":4.315980393615,"PB_TTM_SQ":0.508750704691,"ROA_SQ":2.183238665557,"START_DATE":"2021-04-01 00:00:00","FISCAL_YEAR":"3-31","CURRENCY":"HKD","IS_CNY_CODE":0,"DPS_HKD_LY":0.027,"ORG_TYPE":"一般企业","PREMIUM_INCOME":null,"PREMIUM_INCOME_YOY":null,"NET_INTEREST_INCOME":null,"NET_INTEREST_INCOME_YOY":null,"FEE_COMMISSION_INCOME":null,"FEE_COMMISSION_INCOME_YOY":null,"ACCOUNTS_RECE_TDAYS":2.217768438723,"INVENTORY_TDAYS":1.413427488631,"CURRENT_ASSETS_TDAYS":0.630082386211,"TOTAL_ASSETS_TDAYS":0.154642082628,"PREMIUM_EXPENSE":null,"LOAN_DEPOSIT":null,"LOAN_EQUITY":null,"LOAN_ASSETS":null,"DEPOSIT_EQUITY":null,"DEPOSIT_ASSETS":null,"EQUITY_MULTIPLIER":1.664574999148,"EQUITY_RATIO":0.793648693568},{"SECUCODE":"02633.HK","SECURITY_CODE":"02633","SECURITY_NAME_ABBR":"雅各臣科研制药","ORG_CODE":"10526716","STD_REPORT_DATE":"2020-12-31 00:00:00","REPORT_DATE":"2021-03-31 00:00:00","DATE_TYPE_CODE":"001","REPORT_TYPE":"2020年年报","PER_NETCASH_OPERATE":0.1788299664,"PER_OI":0.631809105423,"BPS":1.009814281842,"BASIC_EPS":0.076657826,"DILUTED_EPS":0.076657826,"OPERATE_INCOME":1222058439.7,"OPERATE_INCOME_YOY":-7.9890089401,"GROSS_PROFIT":474216129.94,"GROSS_PROFIT_YOY":-24.779285631653,"HOLDER_PROFIT":146818753.34,"HOLDER_PROFIT_YOY":-19.4396909535,"GROSS_PROFIT_RATIO":38.804701521182,"EPS_TTM":0.089105826004,"OPERATE_INCOME_QOQ":0,"NET_PROFIT_RATIO":12.8851281023,"ROE_AVG":7.050630044557,"GROSS_PROFIT_QOQ":0,"ROA":3.6774968642,"HOLDER_PROFIT_QOQ":0,"ROE_YEARLY":7.050630044557,"ROIC_YEARLY":4.33719044746,"TOTAL_ASSETS":4113617837,"TOTAL_LIABILITIES":1696310912.38,"TAX_EBT":15.534367930217,"OCF_SALES":28.304430066774,"TOTAL_PARENT_EQUITY":2019851732.64,"DEBT_ASSET_RATIO":41.23647309,"OPERATE_PROFIT":216568923.2,"PRETAX_PROFIT":186420507.42,"NETCASH_OPERATE":345896676.44,"NETCASH_INVEST":-315516681.34,"NETCASH_FINANCE":18048818.9,"END_CASH":405982213,"DIVI_RATIO":0.305215733017,"DIVIDEND_RATE":2.41935483871,"CURRENT_RATIO":1.3282687154,"COMMON_ACS":5000000000,"CURRENTDEBT_DEBT":43.542010352554,"ISSUED_COMMON_SHARES":2000221000,"HK_COMMON_SHARES":2000221000,"PER_SHARES":2000,"TOTAL_MARKET_CAP":2480274040,"HKSK_MARKET_CAP":2480274040,"PE_TTM":9.79501473039,"PB_TTM":1.02004413671,"REPORT_DATE_SQ":"2019-12-31 00:00:00","REPORT_TYPE_SQ":"2019年年报","OPERATE_INCOME_SQ":1435842088.3,"DPS_HKD":0.03,"OPERATE_INCOME_QOQ_SQ":0,"NET_PROFIT_RATIO_SQ":13.9429663771,"HOLDER_PROFIT_SQ":197022044.7,"HOLDER_PROFIT_QOQ_SQ":0,"ROE_AVG_SQ":8.317640351574,"PE_TTM_SQ":4.315980393615,"PB_TTM_SQ":0.508750704691,"ROA_SQ":4.878091266463,"START_DATE":"2020-04-01 00:00:00","FISCAL_YEAR":"3-31","CURRENCY":"HKD","IS_CNY_CODE":0,"DPS_HKD_LY":0.033,"ORG_TYPE":"一般企业","PREMIUM_INCOME":null,"PREMIUM_INCOME_YOY":null,"NET_INTEREST_INCOME":null,"NET_INTEREST_INCOME_YOY":null,"FEE_COMMISSION_INCOME":null,"FEE_COMMISSION_INCOME_YOY":null,"ACCOUNTS_RECE_TDAYS":4.854409513322,"INVENTORY_TDAYS":2.432059809796,"CURRENT_ASSETS_TDAYS":1.240512226113,"TOTAL_ASSETS_TDAYS":0.306099594066,"PREMIUM_EXPENSE":null,"LOAN_DEPOSIT":null,"LOAN_EQUITY":null,"LOAN_ASSETS":null,"DEPOSIT_EQUITY":null,"DEPOSIT_ASSETS":null,"EQUITY_MULTIPLIER":1.701735842935,"EQUITY_RATIO":0.839819519903},{"SECUCODE":"02633.HK","SECURITY_CODE":"02633","SECURITY_NAME_ABBR":"雅各臣科研制药","ORG_CODE":"10526716","STD_REPORT_DATE":"2020-06-30 00:00:00","REPORT_DATE":"2020-09-30 00:00:00","DATE_TYPE_CODE":"002","REPORT_TYPE":"2020年中报","PER_NETCASH_OPERATE":0.10476561973,"PER_OI":0.31593279982,"BPS":1.160855921261,"BASIC_EPS":0.04701152,"DILUTED_EPS":0.04701152,"OPERATE_INCOME":611083856,"OPERATE_INCOME_YOY":-8.15919557,"GROSS_PROFIT":233965351.04,"GROSS_PROFIT_YOY":-26.029859803431,"HOLDER_PROFIT":90080223.36,"HOLDER_PROFIT_YOY":-19.4194217799,"GROSS_PROFIT_RATIO":38.286946831075,"EPS_TTM":0.101861185821,"OPERATE_INCOME_QOQ":0,"NET_PROFIT_RATIO":16.1703993961,"ROE_AVG":3.957890298877,"GROSS_PROFIT_QOQ":0,"ROA":2.183238665557,"HOLDER_PROFIT_QOQ":0,"ROE_YEARLY":7.915780597755,"ROIC_YEARLY":4.945991794072,"TOTAL_ASSETS":4227267969.92,"TOTAL_LIABILITIES":1787131948.8,"TAX_EBT":12.019904078615,"OCF_SALES":33.160729050581,"TOTAL_PARENT_EQUITY":2321968391.68,"DEBT_ASSET_RATIO":42.2762872266,"OPERATE_PROFIT":129018064,"PRETAX_PROFIT":112311839.36,"NETCASH_OPERATE":202639861.76,"NETCASH_INVEST":-215651068.8,"NETCASH_FINANCE":64750240.64,"END_CASH":421342725.12,"DIVI_RATIO":0.266995713635,"DIVIDEND_RATE":2.41935483871,"CURRENT_RATIO":0.879720030078,"COMMON_ACS":5000000000,"CURRENTDEBT_DEBT":64.734805461724,"ISSUED_COMMON_SHARES":2000221000,"HK_COMMON_SHARES":2000221000,"PER_SHARES":2000,"TOTAL_MARKET_CAP":2480274040,"HKSK_MARKET_CAP":2480274040,"PE_TTM":9.79501473039,"PB_TTM":1.02004413671,"REPORT_DATE_SQ":"2019-06-30 00:00:00","REPORT_TYPE_SQ":"2019年中报","OPERATE_INCOME_SQ":683008286.07,"DPS_HKD":0.03,"OPERATE_INCOME_QOQ_SQ":0,"NET_PROFIT_RATIO_SQ":15.1291864272,"HOLDER_PROFIT_SQ":114751908.18,"HOLDER_PROFIT_QOQ_SQ":0,"ROE_AVG_SQ":4.787972147881,"PE_TTM_SQ":4.315980393615,"PB_TTM_SQ":0.508750704691,"ROA_SQ":2.853108253747,"START_DATE":"2020-04-01 00:00:00","FISCAL_YEAR":"3-31","CURRENCY":"HKD","IS_CNY_CODE":0,"DPS_HKD_LY":0.033,"ORG_TYPE":"一般企业","PREMIUM_INCOME":null,"PREMIUM_INCOME_YOY":null,"NET_INTEREST_INCOME":null,"NET_INTEREST_INCOME_YOY":null,"FEE_COMMISSION_INCOME":null,"FEE_COMMISSION_INCOME_YOY":null,"ACCOUNTS_RECE_TDAYS":2.496414718769,"INVENTORY_TDAYS":1.133487927401,"CURRENT_ASSETS_TDAYS":0.597293038832,"TOTAL_ASSETS_TDAYS":0.148105971827,"PREMIUM_EXPENSE":null,"LOAN_DEPOSIT":null,"LOAN_EQUITY":null,"LOAN_ASSETS":null,"DEPOSIT_EQUITY":null,"DEPOSIT_ASSETS":null,"EQUITY_MULTIPLIER":1.732390298465,"EQUITY_RATIO":0.769662479129}],"count":23},"success":true,"message":"ok","code":0}