{"version":"bb2a56ad0f70a870246ebc51fad206cd","result":{"pages":3,"data":[{"SECUCODE":"02638.HK","SECURITY_CODE":"02638","SECURITY_NAME_ABBR":"港灯-SS","ORG_CODE":"10374504","STD_REPORT_DATE":"2024-06-30 00:00:00","REPORT_DATE":"2024-06-30 00:00:00","DATE_TYPE_CODE":"002","REPORT_TYPE":"2024年中报","PER_NETCASH_OPERATE":0.334758819402,"PER_OI":0.575524881736,"BPS":5.012706036532,"BASIC_EPS":0.097839296,"DILUTED_EPS":0.097839296,"OPERATE_INCOME":5085452960,"OPERATE_INCOME_YOY":6.5595716198,"GROSS_PROFIT":2698794760,"GROSS_PROFIT_YOY":7.458618954501,"HOLDER_PROFIT":864307960,"HOLDER_PROFIT_YOY":-3.5641547862,"GROSS_PROFIT_RATIO":53.068916008615,"EPS_TTM":0.319023326769,"OPERATE_INCOME_QOQ":2.558153117121,"NET_PROFIT_RATIO":16.9956927495,"ROE_AVG":1.942384805505,"GROSS_PROFIT_QOQ":3.432516472873,"ROA":0.797759198029,"HOLDER_PROFIT_QOQ":-1.43622253627,"ROE_YEARLY":3.88476961101,"ROIC_YEARLY":1.595962064302,"TOTAL_ASSETS":108494835000,"TOTAL_LIABILITIES":64201561920,"TAX_EBT":18.337004405286,"OCF_SALES":58.165829145729,"TOTAL_PARENT_EQUITY":44293273080,"DEBT_ASSET_RATIO":59.1747634069,"OPERATE_PROFIT":2272573200,"PRETAX_PROFIT":1657426880,"NETCASH_OPERATE":2957995880,"NETCASH_INVEST":-1975039520,"NETCASH_FINANCE":-924544840,"END_CASH":41070600,"DIVI_RATIO":0.913074266229,"DIVIDEND_RATE":6.066287878788,"CURRENT_RATIO":0.624794407895,"COMMON_ACS":20000000000,"CURRENTDEBT_DEBT":6.914591152053,"ISSUED_COMMON_SHARES":8836200000,"HK_COMMON_SHARES":8836200000,"PER_SHARES":500,"TOTAL_MARKET_CAP":46655136000,"HKSK_MARKET_CAP":46655136000,"PE_TTM":14.948777955783,"PB_TTM":0.961347097731,"REPORT_DATE_SQ":"2023-06-30 00:00:00","REPORT_TYPE_SQ":"2023年中报","OPERATE_INCOME_SQ":4821033420,"DPS_HKD":0.3203,"OPERATE_INCOME_QOQ_SQ":6.602889564531,"NET_PROFIT_RATIO_SQ":18.7798814305,"HOLDER_PROFIT_SQ":905384360,"HOLDER_PROFIT_QOQ_SQ":5.337607719574,"ROE_AVG_SQ":2.000325918683,"PE_TTM_SQ":13.971769230769,"PB_TTM_SQ":0.870035864158,"ROA_SQ":0.812422956326,"START_DATE":"2024-01-01 00:00:00","FISCAL_YEAR":"12-31","CURRENCY":"HKD","IS_CNY_CODE":0,"DPS_HKD_LY":0.3203,"ORG_TYPE":"一般企业","PREMIUM_INCOME":null,"PREMIUM_INCOME_YOY":null,"NET_INTEREST_INCOME":null,"NET_INTEREST_INCOME_YOY":null,"FEE_COMMISSION_INCOME":null,"FEE_COMMISSION_INCOME_YOY":null,"ACCOUNTS_RECE_TDAYS":3.276683328433,"INVENTORY_TDAYS":2.532687651332,"CURRENT_ASSETS_TDAYS":2.01446131598,"TOTAL_ASSETS_TDAYS":0.04693890445,"PREMIUM_EXPENSE":null,"LOAN_DEPOSIT":null,"LOAN_EQUITY":null,"LOAN_ASSETS":null,"DEPOSIT_EQUITY":null,"DEPOSIT_ASSETS":null,"EQUITY_MULTIPLIER":2.449465290224,"EQUITY_RATIO":1.449465290227},{"SECUCODE":"02638.HK","SECURITY_CODE":"02638","SECURITY_NAME_ABBR":"港灯-SS","ORG_CODE":"10374504","STD_REPORT_DATE":"2023-12-31 00:00:00","REPORT_DATE":"2023-12-31 00:00:00","DATE_TYPE_CODE":"001","REPORT_TYPE":"2023年年报","PER_NETCASH_OPERATE":0.82774287816,"PER_OI":1.169772676037,"BPS":5.023069097576,"BASIC_EPS":0.323701784,"DILUTED_EPS":0.323701784,"OPERATE_INCOME":10336345320,"OPERATE_INCOME_YOY":5.6796071528,"GROSS_PROFIT":5457256840,"GROSS_PROFIT_YOY":12.530902914397,"HOLDER_PROFIT":2860030320,"HOLDER_PROFIT_YOY":6.8381855112,"GROSS_PROFIT_RATIO":52.796773627915,"EPS_TTM":0.323671976642,"OPERATE_INCOME_QOQ":0.571078499248,"NET_PROFIT_RATIO":27.6696475539,"ROE_AVG":6.420441252759,"GROSS_PROFIT_QOQ":1.881571844376,"ROA":2.635028512745,"HOLDER_PROFIT_QOQ":2.894923005337,"ROE_YEARLY":6.420441252759,"ROIC_YEARLY":2.638840114383,"TOTAL_ASSETS":107423318800,"TOTAL_LIABILITIES":63038475640,"TAX_EBT":17.865044247788,"OCF_SALES":70.761002980887,"TOTAL_PARENT_EQUITY":44384843160,"DEBT_ASSET_RATIO":58.6823013329,"OPERATE_PROFIT":4509350720,"PRETAX_PROFIT":3276891520,"NETCASH_OPERATE":7314101620,"NETCASH_INVEST":-3970149820,"NETCASH_FINANCE":-3661128800,"END_CASH":-20843060,"DIVI_RATIO":0.899960487845,"DIVIDEND_RATE":6.124282982792,"CURRENT_RATIO":0.487104337632,"COMMON_ACS":20000000000,"CURRENTDEBT_DEBT":7.357465282769,"ISSUED_COMMON_SHARES":8836200000,"HK_COMMON_SHARES":8836200000,"PER_SHARES":500,"TOTAL_MARKET_CAP":46213326000,"HKSK_MARKET_CAP":46213326000,"PE_TTM":14.807217558475,"PB_TTM":0.952243432033,"REPORT_DATE_SQ":"2022-12-31 00:00:00","REPORT_TYPE_SQ":"2022年年报","OPERATE_INCOME_SQ":9641063110,"DPS_HKD":0.3203,"OPERATE_INCOME_QOQ_SQ":6.042338465625,"NET_PROFIT_RATIO_SQ":27.3695914018,"HOLDER_PROFIT_SQ":2638719580,"HOLDER_PROFIT_QOQ_SQ":8.574526821717,"ROE_AVG_SQ":6.045474080593,"PE_TTM_SQ":12.955112426036,"PB_TTM_SQ":0.806727641195,"ROA_SQ":2.505194419709,"START_DATE":"2023-01-01 00:00:00","FISCAL_YEAR":"12-31","CURRENCY":"HKD","IS_CNY_CODE":0,"DPS_HKD_LY":0.3203,"ORG_TYPE":"一般企业","PREMIUM_INCOME":null,"PREMIUM_INCOME_YOY":null,"NET_INTEREST_INCOME":null,"NET_INTEREST_INCOME_YOY":null,"FEE_COMMISSION_INCOME":null,"FEE_COMMISSION_INCOME_YOY":null,"ACCOUNTS_RECE_TDAYS":7.358709677419,"INVENTORY_TDAYS":4.396896692528,"CURRENT_ASSETS_TDAYS":2.929497881084,"TOTAL_ASSETS_TDAYS":0.095231733892,"PREMIUM_EXPENSE":null,"LOAN_DEPOSIT":null,"LOAN_EQUITY":null,"LOAN_ASSETS":null,"DEPOSIT_EQUITY":null,"DEPOSIT_ASSETS":null,"EQUITY_MULTIPLIER":2.420270325453,"EQUITY_RATIO":1.420270325452},{"SECUCODE":"02638.HK","SECURITY_CODE":"02638","SECURITY_NAME_ABBR":"港灯-SS","ORG_CODE":"10374504","STD_REPORT_DATE":"2023-06-30 00:00:00","REPORT_DATE":"2023-06-30 00:00:00","DATE_TYPE_CODE":"002","REPORT_TYPE":"2023年中报","PER_NETCASH_OPERATE":0.329509612729,"PER_OI":0.545600305561,"BPS":5.097173556506,"BASIC_EPS":0.102431978,"DILUTED_EPS":0.102431978,"OPERATE_INCOME":4821033420,"OPERATE_INCOME_YOY":6.8669527897,"GROSS_PROFIT":2511473520,"GROSS_PROFIT_YOY":25.287684308782,"HOLDER_PROFIT":905384360,"HOLDER_PROFIT_YOY":9.8434004474,"GROSS_PROFIT_RATIO":52.094090648308,"EPS_TTM":0.314565546276,"OPERATE_INCOME_QOQ":6.602889564531,"NET_PROFIT_RATIO":18.7798814305,"ROE_AVG":2.000325918683,"GROSS_PROFIT_QOQ":10.452656822265,"ROA":0.812422956326,"HOLDER_PROFIT_QOQ":5.337607719574,"ROE_YEARLY":4.000651837367,"ROIC_YEARLY":1.628915742592,"TOTAL_ASSETS":111323553120,"TOTAL_LIABILITIES":66283908140,"TAX_EBT":18.19830713422,"OCF_SALES":60.393956779499,"TOTAL_PARENT_EQUITY":45039644980,"DEBT_ASSET_RATIO":59.5416749487,"OPERATE_PROFIT":2119632020,"PRETAX_PROFIT":1524954920,"NETCASH_OPERATE":2911612840,"NETCASH_INVEST":-2351049000,"NETCASH_FINANCE":-604818880,"END_CASH":257232420,"DIVI_RATIO":0.926013651046,"DIVIDEND_RATE":6.124282982792,"CURRENT_RATIO":1.119095589881,"COMMON_ACS":20000000000,"CURRENTDEBT_DEBT":6.213400470143,"ISSUED_COMMON_SHARES":8836200000,"HK_COMMON_SHARES":8836200000,"PER_SHARES":500,"TOTAL_MARKET_CAP":46213326000,"HKSK_MARKET_CAP":46213326000,"PE_TTM":14.807217558475,"PB_TTM":0.952243432033,"REPORT_DATE_SQ":"2022-06-30 00:00:00","REPORT_TYPE_SQ":"2022年中报","OPERATE_INCOME_SQ":4184444670,"DPS_HKD":0.3203,"OPERATE_INCOME_QOQ_SQ":-1.974621294325,"NET_PROFIT_RATIO_SQ":18.2709993869,"HOLDER_PROFIT_SQ":764539860,"HOLDER_PROFIT_QOQ_SQ":1.347338605236,"ROE_AVG_SQ":1.838560411311,"PE_TTM_SQ":12.955112426036,"PB_TTM_SQ":0.806727641195,"ROA_SQ":0.765397852776,"START_DATE":"2023-01-01 00:00:00","FISCAL_YEAR":"12-31","CURRENCY":"HKD","IS_CNY_CODE":0,"DPS_HKD_LY":0.3203,"ORG_TYPE":"一般企业","PREMIUM_INCOME":null,"PREMIUM_INCOME_YOY":null,"NET_INTEREST_INCOME":null,"NET_INTEREST_INCOME_YOY":null,"FEE_COMMISSION_INCOME":null,"FEE_COMMISSION_INCOME_YOY":null,"ACCOUNTS_RECE_TDAYS":2.608630581192,"INVENTORY_TDAYS":1.882043576258,"CURRENT_ASSETS_TDAYS":1.016030311862,"TOTAL_ASSETS_TDAYS":0.043260281452,"PREMIUM_EXPENSE":null,"LOAN_DEPOSIT":null,"LOAN_EQUITY":null,"LOAN_ASSETS":null,"DEPOSIT_EQUITY":null,"DEPOSIT_ASSETS":null,"EQUITY_MULTIPLIER":2.471679187737,"EQUITY_RATIO":1.471679187734},{"SECUCODE":"02638.HK","SECURITY_CODE":"02638","SECURITY_NAME_ABBR":"港灯-SS","ORG_CODE":"10374504","STD_REPORT_DATE":"2022-12-31 00:00:00","REPORT_DATE":"2022-12-31 00:00:00","DATE_TYPE_CODE":"001","REPORT_TYPE":"2022年年报","PER_NETCASH_OPERATE":0.482007125235,"PER_OI":1.091087018175,"BPS":4.987176491026,"BASIC_EPS":0.298620161,"DILUTED_EPS":0.298620161,"OPERATE_INCOME":9641063110,"OPERATE_INCOME_YOY":-4.8571932299,"GROSS_PROFIT":4849562830,"GROSS_PROFIT_YOY":1.444525175069,"HOLDER_PROFIT":2638719580,"HOLDER_PROFIT_YOY":0.7159904535,"GROSS_PROFIT_RATIO":50.301121097007,"EPS_TTM":0.298626058713,"OPERATE_INCOME_QOQ":6.042338465625,"NET_PROFIT_RATIO":27.3695914018,"ROE_AVG":6.045474080593,"GROSS_PROFIT_QOQ":5.749767015533,"ROA":2.505194419709,"HOLDER_PROFIT_QOQ":8.574526821717,"ROE_YEARLY":6.045474080593,"ROIC_YEARLY":2.509013848839,"TOTAL_ASSETS":108087456540,"TOTAL_LIABILITIES":64019767630,"TAX_EBT":17.728297632469,"OCF_SALES":44.176781247105,"TOTAL_PARENT_EQUITY":44067688910,"DEBT_ASSET_RATIO":59.2295995108,"OPERATE_PROFIT":4027754430,"PRETAX_PROFIT":3169321960,"NETCASH_OPERATE":4259111360,"NETCASH_INVEST":-5428401790,"NETCASH_FINANCE":1434591620,"END_CASH":290312750,"DIVI_RATIO":0.975440627169,"DIVIDEND_RATE":6.124282982792,"CURRENT_RATIO":0.957843314637,"COMMON_ACS":20000000000,"CURRENTDEBT_DEBT":7.71184194003,"ISSUED_COMMON_SHARES":8836200000,"HK_COMMON_SHARES":8836200000,"PER_SHARES":500,"TOTAL_MARKET_CAP":46213326000,"HKSK_MARKET_CAP":46213326000,"PE_TTM":14.807217558475,"PB_TTM":0.952243432033,"REPORT_DATE_SQ":"2021-12-31 00:00:00","REPORT_TYPE_SQ":"2021年年报","OPERATE_INCOME_SQ":9274854400,"DPS_HKD":0.3203,"OPERATE_INCOME_QOQ_SQ":6.279230427013,"NET_PROFIT_RATIO_SQ":25.855077574,"HOLDER_PROFIT_SQ":2398020800,"HOLDER_PROFIT_QOQ_SQ":4.680905334779,"ROE_AVG_SQ":6.101772488974,"PE_TTM_SQ":12.955112426036,"PB_TTM_SQ":0.806727641195,"ROA_SQ":2.591046622054,"START_DATE":"2022-01-01 00:00:00","FISCAL_YEAR":"12-31","CURRENCY":"HKD","IS_CNY_CODE":0,"DPS_HKD_LY":0.3203,"ORG_TYPE":"一般企业","PREMIUM_INCOME":null,"PREMIUM_INCOME_YOY":null,"NET_INTEREST_INCOME":null,"NET_INTEREST_INCOME_YOY":null,"FEE_COMMISSION_INCOME":null,"FEE_COMMISSION_INCOME_YOY":null,"ACCOUNTS_RECE_TDAYS":7.742467718795,"INVENTORY_TDAYS":4.565106382979,"CURRENT_ASSETS_TDAYS":2.825022902761,"TOTAL_ASSETS_TDAYS":0.091532035788,"PREMIUM_EXPENSE":null,"LOAN_DEPOSIT":null,"LOAN_EQUITY":null,"LOAN_ASSETS":null,"DEPOSIT_EQUITY":null,"DEPOSIT_ASSETS":null,"EQUITY_MULTIPLIER":2.452759815948,"EQUITY_RATIO":1.452759815945},{"SECUCODE":"02638.HK","SECURITY_CODE":"02638","SECURITY_NAME_ABBR":"港灯-SS","ORG_CODE":"10374504","STD_REPORT_DATE":"2022-06-30 00:00:00","REPORT_DATE":"2022-06-30 00:00:00","DATE_TYPE_CODE":"002","REPORT_TYPE":"2022年中报","PER_NETCASH_OPERATE":0.156110258935,"PER_OI":0.473557034698,"BPS":4.72850522057,"BASIC_EPS":0.086545228,"DILUTED_EPS":0.086545228,"OPERATE_INCOME":4184444670,"OPERATE_INCOME_YOY":-6.782244237,"GROSS_PROFIT":2004565360,"GROSS_PROFIT_YOY":-8.849726788181,"HOLDER_PROFIT":764539860,"HOLDER_PROFIT_YOY":1.5909090909,"GROSS_PROFIT_RATIO":47.905170651952,"EPS_TTM":0.275042468482,"OPERATE_INCOME_QOQ":-1.974621294325,"NET_PROFIT_RATIO":18.2709993869,"ROE_AVG":1.838560411311,"GROSS_PROFIT_QOQ":-4.071159645989,"ROA":0.765397852776,"HOLDER_PROFIT_QOQ":1.347338605236,"ROE_YEARLY":3.677120822622,"ROIC_YEARLY":1.531379140526,"TOTAL_ASSETS":101576047440,"TOTAL_LIABILITIES":59794029610,"TAX_EBT":18.151147098516,"OCF_SALES":32.965460862457,"TOTAL_PARENT_EQUITY":41782017830,"DEBT_ASSET_RATIO":58.86626928,"OPERATE_PROFIT":1608612390,"PRETAX_PROFIT":1267391580,"NETCASH_OPERATE":1379421470,"NETCASH_INVEST":-2687862170,"NETCASH_FINANCE":1325544500,"END_CASH":47035450,"DIVI_RATIO":1.059080045375,"DIVIDEND_RATE":6.124282982792,"CURRENT_RATIO":0.676721600942,"COMMON_ACS":20000000000,"CURRENTDEBT_DEBT":9.719818647292,"ISSUED_COMMON_SHARES":8836200000,"HK_COMMON_SHARES":8836200000,"PER_SHARES":500,"TOTAL_MARKET_CAP":46213326000,"HKSK_MARKET_CAP":46213326000,"PE_TTM":14.807217558475,"PB_TTM":0.952243432033,"REPORT_DATE_SQ":"2021-06-30 00:00:00","REPORT_TYPE_SQ":"2021年中报","OPERATE_INCOME_SQ":4367587920,"DPS_HKD":0.3203,"OPERATE_INCOME_QOQ_SQ":-0.193555249989,"NET_PROFIT_RATIO_SQ":16.7650981139,"HOLDER_PROFIT_SQ":732230400,"HOLDER_PROFIT_QOQ_SQ":-0.372687974528,"ROE_AVG_SQ":1.852748594648,"PE_TTM_SQ":12.955112426036,"PB_TTM_SQ":0.806727641195,"ROA_SQ":0.786557025384,"START_DATE":"2022-01-01 00:00:00","FISCAL_YEAR":"12-31","CURRENCY":"HKD","IS_CNY_CODE":0,"DPS_HKD_LY":0.3203,"ORG_TYPE":"一般企业","PREMIUM_INCOME":null,"PREMIUM_INCOME_YOY":null,"NET_INTEREST_INCOME":null,"NET_INTEREST_INCOME_YOY":null,"FEE_COMMISSION_INCOME":null,"FEE_COMMISSION_INCOME_YOY":null,"ACCOUNTS_RECE_TDAYS":3.352517985612,"INVENTORY_TDAYS":1.903659447349,"CURRENT_ASSETS_TDAYS":1.408868413475,"TOTAL_ASSETS_TDAYS":0.041891405969,"PREMIUM_EXPENSE":null,"LOAN_DEPOSIT":null,"LOAN_EQUITY":null,"LOAN_ASSETS":null,"DEPOSIT_EQUITY":null,"DEPOSIT_ASSETS":null,"EQUITY_MULTIPLIER":2.431094827763,"EQUITY_RATIO":1.431094827763},{"SECUCODE":"02638.HK","SECURITY_CODE":"02638","SECURITY_NAME_ABBR":"港灯-SS","ORG_CODE":"10374504","STD_REPORT_DATE":"2021-12-31 00:00:00","REPORT_DATE":"2021-12-31 00:00:00","DATE_TYPE_CODE":"001","REPORT_TYPE":"2021年年报","PER_NETCASH_OPERATE":0.572658654173,"PER_OI":1.04964287816,"BPS":4.477729883887,"BASIC_EPS":0.27136144,"DILUTED_EPS":0.27136144,"OPERATE_INCOME":9274854400,"OPERATE_INCOME_YOY":9.1924150544,"GROSS_PROFIT":4780507200,"GROSS_PROFIT_YOY":12.363808006891,"HOLDER_PROFIT":2398020800,"HOLDER_PROFIT_YOY":7.3572474378,"GROSS_PROFIT_RATIO":51.542665726375,"EPS_TTM":0.271385980399,"OPERATE_INCOME_QOQ":6.279230427013,"NET_PROFIT_RATIO":25.855077574,"ROE_AVG":6.101772488974,"GROSS_PROFIT_QOQ":8.935336601138,"ROA":2.591046622054,"HOLDER_PROFIT_QOQ":4.680905334779,"ROE_YEARLY":6.101772488974,"ROIC_YEARLY":2.59203124931,"TOTAL_ASSETS":93883372800,"TOTAL_LIABILITIES":54317256000,"TAX_EBT":18.170580964153,"OCF_SALES":54.557475317348,"TOTAL_PARENT_EQUITY":39566116800,"DEBT_ASSET_RATIO":57.8560978159,"OPERATE_PROFIT":3961272000,"PRETAX_PROFIT":3307192000,"NETCASH_OPERATE":5060126400,"NETCASH_INVEST":-4108440000,"NETCASH_FINANCE":-968856000,"END_CASH":27798400,"DIVI_RATIO":1.073349439687,"DIVIDEND_RATE":6.124282982792,"CURRENT_RATIO":0.403472580368,"COMMON_ACS":20000000000,"CURRENTDEBT_DEBT":8.755926845789,"ISSUED_COMMON_SHARES":8836200000,"HK_COMMON_SHARES":8836200000,"PER_SHARES":500,"TOTAL_MARKET_CAP":46213326000,"HKSK_MARKET_CAP":46213326000,"PE_TTM":14.807217558475,"PB_TTM":0.952243432033,"REPORT_DATE_SQ":"2020-12-31 00:00:00","REPORT_TYPE_SQ":"2020年年报","OPERATE_INCOME_SQ":8743797960,"DPS_HKD":0.3203,"OPERATE_INCOME_QOQ_SQ":-8.95058581218,"NET_PROFIT_RATIO_SQ":26.2970449514,"HOLDER_PROFIT_SQ":2299360480,"HOLDER_PROFIT_QOQ_SQ":4.440383238205,"ROE_AVG_SQ":5.678948188952,"PE_TTM_SQ":12.955112426036,"PB_TTM_SQ":0.806727641195,"ROA_SQ":2.469225068238,"START_DATE":"2021-01-01 00:00:00","FISCAL_YEAR":"12-31","CURRENCY":"HKD","IS_CNY_CODE":0,"DPS_HKD_LY":0.3203,"ORG_TYPE":"一般企业","PREMIUM_INCOME":null,"PREMIUM_INCOME_YOY":null,"NET_INTEREST_INCOME":null,"NET_INTEREST_INCOME_YOY":null,"FEE_COMMISSION_INCOME":null,"FEE_COMMISSION_INCOME_YOY":null,"ACCOUNTS_RECE_TDAYS":10.762808349146,"INVENTORY_TDAYS":6.744785276074,"CURRENT_ASSETS_TDAYS":5.56624141315,"TOTAL_ASSETS_TDAYS":0.100214227346,"PREMIUM_EXPENSE":null,"LOAN_DEPOSIT":null,"LOAN_EQUITY":null,"LOAN_ASSETS":null,"DEPOSIT_EQUITY":null,"DEPOSIT_ASSETS":null,"EQUITY_MULTIPLIER":2.372822515655,"EQUITY_RATIO":1.372822515653},{"SECUCODE":"02638.HK","SECURITY_CODE":"02638","SECURITY_NAME_ABBR":"港灯-SS","ORG_CODE":"10374504","STD_REPORT_DATE":"2021-06-30 00:00:00","REPORT_DATE":"2021-06-30 00:00:00","DATE_TYPE_CODE":"002","REPORT_TYPE":"2021年中报","PER_NETCASH_OPERATE":0.21846784817,"PER_OI":0.494283506485,"BPS":4.449493230122,"BASIC_EPS":0.082875168,"DILUTED_EPS":0.082875168,"OPERATE_INCOME":4367587920,"OPERATE_INCOME_YOY":9.3541666667,"GROSS_PROFIT":2199187440,"GROSS_PROFIT_YOY":6.483338419307,"HOLDER_PROFIT":732230400,"HOLDER_PROFIT_YOY":8.5080147965,"GROSS_PROFIT_RATIO":50.35244808535,"EPS_TTM":0.259250700527,"OPERATE_INCOME_QOQ":-0.193555249989,"NET_PROFIT_RATIO":16.7650981139,"ROE_AVG":1.852748594648,"GROSS_PROFIT_QOQ":3.147253694461,"ROA":0.786557025384,"HOLDER_PROFIT_QOQ":-0.372687974528,"ROE_YEARLY":3.705497189296,"ROIC_YEARLY":1.573824438095,"TOTAL_ASSETS":93353551440,"TOTAL_LIABILITIES":54036939360,"TAX_EBT":18.020594965675,"OCF_SALES":44.198895027624,"TOTAL_PARENT_EQUITY":39316612080,"DEBT_ASSET_RATIO":57.8841817226,"OPERATE_PROFIT":1787307840,"PRETAX_PROFIT":1454475840,"NETCASH_OPERATE":1930425600,"NETCASH_INVEST":-2007809040,"NETCASH_FINANCE":74055120,"END_CASH":40771920,"DIVI_RATIO":1.12359191087,"DIVIDEND_RATE":6.124282982792,"CURRENT_RATIO":0.322918139403,"COMMON_ACS":20000000000,"CURRENTDEBT_DEBT":10.891256813772,"ISSUED_COMMON_SHARES":8836200000,"HK_COMMON_SHARES":8836200000,"PER_SHARES":500,"TOTAL_MARKET_CAP":46213326000,"HKSK_MARKET_CAP":46213326000,"PE_TTM":14.807217558475,"PB_TTM":0.952243432033,"REPORT_DATE_SQ":"2020-06-30 00:00:00","REPORT_TYPE_SQ":"2020年中报","OPERATE_INCOME_SQ":4384512000,"DPS_HKD":0.3203,"OPERATE_INCOME_QOQ_SQ":-0.170762507824,"NET_PROFIT_RATIO_SQ":16.8958333333,"HOLDER_PROFIT_SQ":740799840,"HOLDER_PROFIT_QOQ_SQ":5.618710499922,"ROE_AVG_SQ":1.687965699538,"PE_TTM_SQ":12.955112426036,"PB_TTM_SQ":0.806727641195,"ROA_SQ":0.735354121519,"START_DATE":"2021-01-01 00:00:00","FISCAL_YEAR":"12-31","CURRENCY":"HKD","IS_CNY_CODE":0,"DPS_HKD_LY":0.3203,"ORG_TYPE":"一般企业","PREMIUM_INCOME":null,"PREMIUM_INCOME_YOY":null,"NET_INTEREST_INCOME":null,"NET_INTEREST_INCOME_YOY":null,"FEE_COMMISSION_INCOME":null,"FEE_COMMISSION_INCOME_YOY":null,"ACCOUNTS_RECE_TDAYS":4.290151205558,"INVENTORY_TDAYS":3.557679180887,"CURRENT_ASSETS_TDAYS":2.615998006479,"TOTAL_ASSETS_TDAYS":0.046916338935,"PREMIUM_EXPENSE":null,"LOAN_DEPOSIT":null,"LOAN_EQUITY":null,"LOAN_ASSETS":null,"DEPOSIT_EQUITY":null,"DEPOSIT_ASSETS":null,"EQUITY_MULTIPLIER":2.374404774504,"EQUITY_RATIO":1.374404774502},{"SECUCODE":"02638.HK","SECURITY_CODE":"02638","SECURITY_NAME_ABBR":"港灯-SS","ORG_CODE":"10374504","STD_REPORT_DATE":"2020-12-31 00:00:00","REPORT_DATE":"2020-12-31 00:00:00","DATE_TYPE_CODE":"001","REPORT_TYPE":"2020年年报","PER_NETCASH_OPERATE":0.566065335778,"PER_OI":0.98954278536,"BPS":4.547477254929,"BASIC_EPS":0.260235088,"DILUTED_EPS":0.260235088,"OPERATE_INCOME":8743797960,"OPERATE_INCOME_YOY":-3.2591488965,"GROSS_PROFIT":4254490200,"GROSS_PROFIT_YOY":-9.602567137475,"HOLDER_PROFIT":2299360480,"HOLDER_PROFIT_YOY":17.4043833262,"GROSS_PROFIT_RATIO":48.657233612475,"EPS_TTM":0.260220511079,"OPERATE_INCOME_QOQ":-8.95058581218,"NET_PROFIT_RATIO":26.2970449514,"ROE_AVG":5.678948188952,"GROSS_PROFIT_QOQ":-9.953060472142,"ROA":2.469225068238,"HOLDER_PROFIT_QOQ":4.440383238205,"ROE_YEARLY":5.678948188952,"ROIC_YEARLY":2.473147967936,"TOTAL_ASSETS":93899249880,"TOTAL_LIABILITIES":53716831360,"TAX_EBT":17.923635216157,"OCF_SALES":57.204735778227,"TOTAL_PARENT_EQUITY":40182418520,"DEBT_ASSET_RATIO":57.2068801707,"OPERATE_PROFIT":null,"PRETAX_PROFIT":2667157160,"NETCASH_OPERATE":5001866520,"NETCASH_INVEST":-4250282000,"NETCASH_FINANCE":-926645640,"END_CASH":43765280,"DIVI_RATIO":1.119404418936,"DIVIDEND_RATE":6.124282982792,"CURRENT_RATIO":0.20728929385,"COMMON_ACS":20000000000,"CURRENTDEBT_DEBT":13.068751566809,"ISSUED_COMMON_SHARES":8836200000,"HK_COMMON_SHARES":8836200000,"PER_SHARES":500,"TOTAL_MARKET_CAP":46213326000,"HKSK_MARKET_CAP":46213326000,"PE_TTM":14.807217558475,"PB_TTM":0.952243432033,"REPORT_DATE_SQ":"2019-12-31 00:00:00","REPORT_TYPE_SQ":"2019年年报","OPERATE_INCOME_SQ":9619781420,"DPS_HKD":0.3203,"OPERATE_INCOME_QOQ_SQ":-3.5569956639,"NET_PROFIT_RATIO_SQ":21.668684235,"HOLDER_PROFIT_SQ":2084480060,"HOLDER_PROFIT_QOQ_SQ":-15.575314032662,"ROE_AVG_SQ":4.787327058581,"PE_TTM_SQ":12.955112426036,"PB_TTM_SQ":0.806727641195,"ROA_SQ":2.138678651355,"START_DATE":"2020-01-01 00:00:00","FISCAL_YEAR":"12-31","CURRENCY":"HKD","IS_CNY_CODE":0,"DPS_HKD_LY":0.3203,"ORG_TYPE":"一般企业","PREMIUM_INCOME":null,"PREMIUM_INCOME_YOY":null,"NET_INTEREST_INCOME":null,"NET_INTEREST_INCOME_YOY":null,"FEE_COMMISSION_INCOME":null,"FEE_COMMISSION_INCOME_YOY":null,"ACCOUNTS_RECE_TDAYS":10.332173048235,"INVENTORY_TDAYS":6.904854368932,"CURRENT_ASSETS_TDAYS":5.318146915792,"TOTAL_ASSETS_TDAYS":0.09389743497,"PREMIUM_EXPENSE":null,"LOAN_DEPOSIT":null,"LOAN_EQUITY":null,"LOAN_ASSETS":null,"DEPOSIT_EQUITY":null,"DEPOSIT_ASSETS":null,"EQUITY_MULTIPLIER":2.336824246489,"EQUITY_RATIO":1.336824246486},{"SECUCODE":"02638.HK","SECURITY_CODE":"02638","SECURITY_NAME_ABBR":"港灯-SS","ORG_CODE":"10374504","STD_REPORT_DATE":"2020-06-30 00:00:00","REPORT_DATE":"2020-06-30 00:00:00","DATE_TYPE_CODE":"002","REPORT_TYPE":"2020年中报","PER_NETCASH_OPERATE":0.206646132953,"PER_OI":0.496198818497,"BPS":4.922705778502,"BASIC_EPS":0.083853792,"DILUTED_EPS":0.083853792,"OPERATE_INCOME":4384512000,"OPERATE_INCOME_YOY":-4.0575654607,"GROSS_PROFIT":2065287840,"GROSS_PROFIT_YOY":0.894934002952,"HOLDER_PROFIT":740799840,"HOLDER_PROFIT_YOY":14.3864598025,"GROSS_PROFIT_RATIO":47.104166666667,"EPS_TTM":0.249156986035,"OPERATE_INCOME_QOQ":-0.170762507824,"NET_PROFIT_RATIO":16.8958333333,"ROE_AVG":1.687965699538,"GROSS_PROFIT_QOQ":0.389234033388,"ROA":0.735354121519,"HOLDER_PROFIT_QOQ":5.618710499922,"ROE_YEARLY":3.375931399076,"ROIC_YEARLY":1.477736020954,"TOTAL_ASSETS":101261218080,"TOTAL_LIABILITIES":57763205280,"TAX_EBT":18.814229249012,"OCF_SALES":41.645833333333,"TOTAL_PARENT_EQUITY":43498012800,"DEBT_ASSET_RATIO":57.043759077,"OPERATE_PROFIT":1601260320,"PRETAX_PROFIT":1155501600,"NETCASH_OPERATE":1825966560,"NETCASH_INVEST":-2168506560,"NETCASH_FINANCE":791039040,"END_CASH":685080000,"DIVI_RATIO":1.169110265122,"DIVIDEND_RATE":6.124282982792,"CURRENT_RATIO":0.13179743534,"COMMON_ACS":20000000000,"CURRENTDEBT_DEBT":36.379018612521,"ISSUED_COMMON_SHARES":8836200000,"HK_COMMON_SHARES":8836200000,"PER_SHARES":500,"TOTAL_MARKET_CAP":46213326000,"HKSK_MARKET_CAP":46213326000,"PE_TTM":14.807217558475,"PB_TTM":0.952243432033,"REPORT_DATE_SQ":"2019-06-30 00:00:00","REPORT_TYPE_SQ":"2019年中报","OPERATE_INCOME_SQ":4400938980,"DPS_HKD":0.3203,"OPERATE_INCOME_QOQ_SQ":-1.96431282706,"NET_PROFIT_RATIO_SQ":14.1714971017,"HOLDER_PROFIT_SQ":623678940,"HOLDER_PROFIT_QOQ_SQ":-7.640231711816,"ROE_AVG_SQ":1.469338693967,"PE_TTM_SQ":12.955112426036,"PB_TTM_SQ":0.806727641195,"ROA_SQ":0.656791633086,"START_DATE":"2020-01-01 00:00:00","FISCAL_YEAR":"12-31","CURRENCY":"HKD","IS_CNY_CODE":0,"DPS_HKD_LY":0.3203,"ORG_TYPE":"一般企业","PREMIUM_INCOME":null,"PREMIUM_INCOME_YOY":null,"NET_INTEREST_INCOME":null,"NET_INTEREST_INCOME_YOY":null,"FEE_COMMISSION_INCOME":null,"FEE_COMMISSION_INCOME_YOY":null,"ACCOUNTS_RECE_TDAYS":3.661327231121,"INVENTORY_TDAYS":3.299545159194,"CURRENT_ASSETS_TDAYS":1.842610364683,"TOTAL_ASSETS_TDAYS":0.043522808672,"PREMIUM_EXPENSE":null,"LOAN_DEPOSIT":null,"LOAN_EQUITY":null,"LOAN_ASSETS":null,"DEPOSIT_EQUITY":null,"DEPOSIT_ASSETS":null,"EQUITY_MULTIPLIER":2.327950440991,"EQUITY_RATIO":1.327950440991}],"count":26},"success":true,"message":"ok","code":0}