{"version":"59f5eb38c6c5cb06164c1f145657803e","result":{"pages":4,"data":[{"SECUCODE":"02663.HK","SECURITY_CODE":"02663","SECURITY_NAME_ABBR":"应力控股","ORG_CODE":"10475739","STD_REPORT_DATE":"2024-06-30 00:00:00","REPORT_DATE":"2024-09-30 00:00:00","DATE_TYPE_CODE":"002","REPORT_TYPE":"2024年中报","PER_NETCASH_OPERATE":0.026760783815,"PER_OI":0.627413838723,"BPS":0.442811873431,"BASIC_EPS":0.04058055,"DILUTED_EPS":0.04058055,"OPERATE_INCOME":349425589.2,"OPERATE_INCOME_YOY":21.8877693859,"GROSS_PROFIT":51573370.1,"GROSS_PROFIT_YOY":6.66286013718,"HOLDER_PROFIT":22621402.15,"HOLDER_PROFIT_YOY":3.6142090045,"GROSS_PROFIT_RATIO":14.759471456591,"EPS_TTM":0.075492388451,"OPERATE_INCOME_QOQ":0,"NET_PROFIT_RATIO":6.473882523,"ROE_AVG":8.866667727061,"GROSS_PROFIT_QOQ":0,"ROA":4.90178836624,"HOLDER_PROFIT_QOQ":0,"ROE_YEARLY":17.733335454123,"ROIC_YEARLY":13.925048433744,"TOTAL_ASSETS":448073299.09,"TOTAL_LIABILITIES":201458082.42,"TAX_EBT":18.308528999902,"OCF_SALES":4.265252400124,"TOTAL_PARENT_EQUITY":246615216.67,"DEBT_ASSET_RATIO":44.9609657235,"OPERATE_PROFIT":28757181.31,"PRETAX_PROFIT":27691265.53,"NETCASH_OPERATE":14903883.33,"NETCASH_INVEST":2531324.53,"NETCASH_FINANCE":-51597718.43,"END_CASH":119668434.79,"DIVI_RATIO":0.958157524013,"DIVIDEND_RATE":19.512195121951,"CURRENT_RATIO":2.169396731163,"COMMON_ACS":2000000000,"CURRENTDEBT_DEBT":98.924788941709,"ISSUED_COMMON_SHARES":556930000,"HK_COMMON_SHARES":556930000,"PER_SHARES":10000,"TOTAL_MARKET_CAP":228341300,"HKSK_MARKET_CAP":228341300,"PE_TTM":4.832313292278,"PB_TTM":0.834968351537,"REPORT_DATE_SQ":"2023-06-30 00:00:00","REPORT_TYPE_SQ":"2023年中报","OPERATE_INCOME_SQ":291713659.37,"DPS_HKD":0.08,"OPERATE_INCOME_QOQ_SQ":0,"NET_PROFIT_RATIO_SQ":7.6156263467,"HOLDER_PROFIT_SQ":22215822.3,"HOLDER_PROFIT_QOQ_SQ":0,"ROE_AVG_SQ":9.070082402504,"PE_TTM_SQ":4.111268125494,"PB_TTM_SQ":0.577447963533,"ROA_SQ":4.939304294604,"START_DATE":"2024-04-01 00:00:00","FISCAL_YEAR":"3-31","CURRENCY":"HKD","IS_CNY_CODE":0,"DPS_HKD_LY":0.08,"ORG_TYPE":"一般企业","PREMIUM_INCOME":null,"PREMIUM_INCOME_YOY":null,"NET_INTEREST_INCOME":null,"NET_INTEREST_INCOME_YOY":null,"FEE_COMMISSION_INCOME":null,"FEE_COMMISSION_INCOME_YOY":null,"ACCOUNTS_RECE_TDAYS":1.51194596514,"INVENTORY_TDAYS":21.736755511681,"CURRENT_ASSETS_TDAYS":0.785871830365,"TOTAL_ASSETS_TDAYS":0.757163626131,"PREMIUM_EXPENSE":null,"LOAN_DEPOSIT":null,"LOAN_EQUITY":null,"LOAN_ASSETS":null,"DEPOSIT_EQUITY":null,"DEPOSIT_ASSETS":null,"EQUITY_MULTIPLIER":1.816892344034,"EQUITY_RATIO":0.816892344034},{"SECUCODE":"02663.HK","SECURITY_CODE":"02663","SECURITY_NAME_ABBR":"应力控股","ORG_CODE":"10475739","STD_REPORT_DATE":"2023-12-31 00:00:00","REPORT_DATE":"2024-03-31 00:00:00","DATE_TYPE_CODE":"001","REPORT_TYPE":"2023年年报","PER_NETCASH_OPERATE":0.178210739411,"PER_OI":1.084150328318,"BPS":0.47588299912,"BASIC_EPS":0.075515615,"DILUTED_EPS":0.075515615,"OPERATE_INCOME":603795842.35,"OPERATE_INCOME_YOY":17.1589649774,"GROSS_PROFIT":104462663.05,"GROSS_PROFIT_YOY":18.421691631742,"HOLDER_PROFIT":42043975.9,"HOLDER_PROFIT_YOY":24.8499205858,"GROSS_PROFIT_RATIO":17.300990785797,"EPS_TTM":0.06023443106,"OPERATE_INCOME_QOQ":0,"NET_PROFIT_RATIO":6.963276815,"ROE_AVG":16.678354245108,"GROSS_PROFIT_QOQ":0,"ROA":9.052819172972,"HOLDER_PROFIT_QOQ":0,"ROE_YEARLY":16.678354245108,"ROIC_YEARLY":12.716143316402,"TOTAL_ASSETS":477419146.15,"TOTAL_LIABILITIES":212385627.45,"TAX_EBT":16.810762331839,"OCF_SALES":16.43782552621,"TOTAL_PARENT_EQUITY":265033518.7,"DEBT_ASSET_RATIO":44.4861981684,"OPERATE_PROFIT":53692236.85,"PRETAX_PROFIT":50540162.5,"NETCASH_OPERATE":99250907.1,"NETCASH_INVEST":6842639.4,"NETCASH_FINANCE":-55508963.05,"END_CASH":154322913.05,"DIVI_RATIO":1.200867987422,"DIVIDEND_RATE":20.779220779221,"CURRENT_RATIO":2.202153967847,"COMMON_ACS":2000000000,"CURRENTDEBT_DEBT":98.210680428037,"ISSUED_COMMON_SHARES":556930000,"HK_COMMON_SHARES":556930000,"PER_SHARES":10000,"TOTAL_MARKET_CAP":214418050,"HKSK_MARKET_CAP":214418050,"PE_TTM":4.537660042749,"PB_TTM":0.784055647175,"REPORT_DATE_SQ":"2022-12-31 00:00:00","REPORT_TYPE_SQ":"2022年年报","OPERATE_INCOME_SQ":497661830.9,"DPS_HKD":0.08,"OPERATE_INCOME_QOQ_SQ":0,"NET_PROFIT_RATIO_SQ":6.5343277806,"HOLDER_PROFIT_SQ":32518855.27,"HOLDER_PROFIT_QOQ_SQ":0,"ROE_AVG_SQ":14.534477665375,"PE_TTM_SQ":3.891021618771,"PB_TTM_SQ":0.546513251201,"ROA_SQ":8.253953440832,"START_DATE":"2023-04-01 00:00:00","FISCAL_YEAR":"3-31","CURRENCY":"HKD","IS_CNY_CODE":0,"DPS_HKD_LY":0.03,"ORG_TYPE":"一般企业","PREMIUM_INCOME":null,"PREMIUM_INCOME_YOY":null,"NET_INTEREST_INCOME":null,"NET_INTEREST_INCOME_YOY":null,"FEE_COMMISSION_INCOME":null,"FEE_COMMISSION_INCOME_YOY":null,"ACCOUNTS_RECE_TDAYS":2.683160877981,"INVENTORY_TDAYS":33.759676381355,"CURRENT_ASSETS_TDAYS":1.353576922999,"TOTAL_ASSETS_TDAYS":1.300080323323,"PREMIUM_EXPENSE":null,"LOAN_DEPOSIT":null,"LOAN_EQUITY":null,"LOAN_ASSETS":null,"DEPOSIT_EQUITY":null,"DEPOSIT_ASSETS":null,"EQUITY_MULTIPLIER":1.801353838156,"EQUITY_RATIO":0.801353838155},{"SECUCODE":"02663.HK","SECURITY_CODE":"02663","SECURITY_NAME_ABBR":"应力控股","ORG_CODE":"10475739","STD_REPORT_DATE":"2023-06-30 00:00:00","REPORT_DATE":"2023-09-30 00:00:00","DATE_TYPE_CODE":"002","REPORT_TYPE":"2023年中报","PER_NETCASH_OPERATE":0.069369684269,"PER_OI":0.523788733539,"BPS":0.444951608155,"BASIC_EPS":0.039916905,"DILUTED_EPS":0.039916905,"OPERATE_INCOME":291713659.37,"OPERATE_INCOME_YOY":8.6384777579,"GROSS_PROFIT":48351759.96,"GROSS_PROFIT_YOY":15.295979047648,"HOLDER_PROFIT":22215822.3,"HOLDER_PROFIT_YOY":3.3422973492,"GROSS_PROFIT_RATIO":16.5750757316,"EPS_TTM":0.058389483903,"OPERATE_INCOME_QOQ":0,"NET_PROFIT_RATIO":7.6156263467,"ROE_AVG":9.070082402504,"GROSS_PROFIT_QOQ":0,"ROA":4.939304294604,"HOLDER_PROFIT_QOQ":0,"ROE_YEARLY":18.140164805008,"ROIC_YEARLY":13.163188743054,"TOTAL_ASSETS":442594972.12,"TOTAL_LIABILITIES":194788072.99,"TAX_EBT":16.681006297966,"OCF_SALES":13.243829014876,"TOTAL_PARENT_EQUITY":247806899.13,"DEBT_ASSET_RATIO":44.0104577006,"OPERATE_PROFIT":28265756.89,"PRETAX_PROFIT":26663574.91,"NETCASH_OPERATE":38634058.26,"NETCASH_INVEST":8921198.86,"NETCASH_FINANCE":-42711088.35,"END_CASH":109811864.47,"DIVI_RATIO":1.238812114188,"DIVIDEND_RATE":20.779220779221,"CURRENT_RATIO":2.207586672884,"COMMON_ACS":2000000000,"CURRENTDEBT_DEBT":99.003641537077,"ISSUED_COMMON_SHARES":556930000,"HK_COMMON_SHARES":556930000,"PER_SHARES":10000,"TOTAL_MARKET_CAP":214418050,"HKSK_MARKET_CAP":214418050,"PE_TTM":4.537660042749,"PB_TTM":0.784055647175,"REPORT_DATE_SQ":"2022-06-30 00:00:00","REPORT_TYPE_SQ":"2022年中报","OPERATE_INCOME_SQ":264658137.24,"DPS_HKD":0.08,"OPERATE_INCOME_QOQ_SQ":0,"NET_PROFIT_RATIO_SQ":8.005918919,"HOLDER_PROFIT_SQ":21188315.88,"HOLDER_PROFIT_QOQ_SQ":0,"ROE_AVG_SQ":9.234353197159,"PE_TTM_SQ":3.891021618771,"PB_TTM_SQ":0.546513251201,"ROA_SQ":5.010378136298,"START_DATE":"2023-04-01 00:00:00","FISCAL_YEAR":"3-31","CURRENCY":"HKD","IS_CNY_CODE":0,"DPS_HKD_LY":0.03,"ORG_TYPE":"一般企业","PREMIUM_INCOME":null,"PREMIUM_INCOME_YOY":null,"NET_INTEREST_INCOME":null,"NET_INTEREST_INCOME_YOY":null,"FEE_COMMISSION_INCOME":null,"FEE_COMMISSION_INCOME_YOY":null,"ACCOUNTS_RECE_TDAYS":null,"INVENTORY_TDAYS":19.163740154635,"CURRENT_ASSETS_TDAYS":0.675397214057,"TOTAL_ASSETS_TDAYS":0.648574926043,"PREMIUM_EXPENSE":null,"LOAN_DEPOSIT":null,"LOAN_EQUITY":null,"LOAN_ASSETS":null,"DEPOSIT_EQUITY":null,"DEPOSIT_ASSETS":null,"EQUITY_MULTIPLIER":1.786047820596,"EQUITY_RATIO":0.786047820597},{"SECUCODE":"02663.HK","SECURITY_CODE":"02663","SECURITY_NAME_ABBR":"应力控股","ORG_CODE":"10475739","STD_REPORT_DATE":"2022-12-31 00:00:00","REPORT_DATE":"2023-03-31 00:00:00","DATE_TYPE_CODE":"001","REPORT_TYPE":"2022年年报","PER_NETCASH_OPERATE":0.007312242688,"PER_OI":0.893580577272,"BPS":0.414641256029,"BASIC_EPS":0.054975748,"DILUTED_EPS":0.054975748,"OPERATE_INCOME":497661830.9,"OPERATE_INCOME_YOY":15.0393589251,"GROSS_PROFIT":88212439.47,"GROSS_PROFIT_YOY":79.152111060884,"HOLDER_PROFIT":32518855.27,"HOLDER_PROFIT_YOY":222.8770099957,"GROSS_PROFIT_RATIO":17.725377755106,"EPS_TTM":0.023762757883,"OPERATE_INCOME_QOQ":0,"NET_PROFIT_RATIO":6.5343277806,"ROE_AVG":14.534477665375,"GROSS_PROFIT_QOQ":0,"ROA":8.253953440832,"HOLDER_PROFIT_QOQ":0,"ROE_YEARLY":14.534477665375,"ROIC_YEARLY":11.092646758013,"TOTAL_ASSETS":435933170.16,"TOTAL_LIABILITIES":205007015.44,"TAX_EBT":17.999602657778,"OCF_SALES":0.81830814966,"TOTAL_PARENT_EQUITY":230926154.72,"DEBT_ASSET_RATIO":47.0271659678,"OPERATE_PROFIT":41511942.2,"PRETAX_PROFIT":39656948.41,"NETCASH_OPERATE":4072407.32,"NETCASH_INVEST":-9723178.87,"NETCASH_FINANCE":13813969.8,"END_CASH":100512825.38,"DIVI_RATIO":3.043990110707,"DIVIDEND_RATE":20.779220779221,"CURRENT_RATIO":2.069327658247,"COMMON_ACS":2000000000,"CURRENTDEBT_DEBT":98.519113175964,"ISSUED_COMMON_SHARES":556930000,"HK_COMMON_SHARES":556930000,"PER_SHARES":10000,"TOTAL_MARKET_CAP":214418050,"HKSK_MARKET_CAP":214418050,"PE_TTM":4.537660042749,"PB_TTM":0.784055647175,"REPORT_DATE_SQ":"2021-12-31 00:00:00","REPORT_TYPE_SQ":"2021年年报","OPERATE_INCOME_SQ":400776811.7,"DPS_HKD":0.08,"OPERATE_INCOME_QOQ_SQ":0,"NET_PROFIT_RATIO_SQ":2.3281461845,"HOLDER_PROFIT_SQ":9330670.05,"HOLDER_PROFIT_QOQ_SQ":0,"ROE_AVG_SQ":4.462848387284,"PE_TTM_SQ":3.891021618771,"PB_TTM_SQ":0.546513251201,"ROA_SQ":2.760584941675,"START_DATE":"2022-04-01 00:00:00","FISCAL_YEAR":"3-31","CURRENCY":"HKD","IS_CNY_CODE":0,"DPS_HKD_LY":0.015,"ORG_TYPE":"一般企业","PREMIUM_INCOME":null,"PREMIUM_INCOME_YOY":null,"NET_INTEREST_INCOME":null,"NET_INTEREST_INCOME_YOY":null,"FEE_COMMISSION_INCOME":null,"FEE_COMMISSION_INCOME_YOY":null,"ACCOUNTS_RECE_TDAYS":2.576269803865,"INVENTORY_TDAYS":26.03088824577,"CURRENT_ASSETS_TDAYS":1.333821353952,"TOTAL_ASSETS_TDAYS":1.263167952077,"PREMIUM_EXPENSE":null,"LOAN_DEPOSIT":null,"LOAN_EQUITY":null,"LOAN_ASSETS":null,"DEPOSIT_EQUITY":null,"DEPOSIT_ASSETS":null,"EQUITY_MULTIPLIER":1.887760053374,"EQUITY_RATIO":0.887760053375},{"SECUCODE":"02663.HK","SECURITY_CODE":"02663","SECURITY_NAME_ABBR":"应力控股","ORG_CODE":"10475739","STD_REPORT_DATE":"2022-06-30 00:00:00","REPORT_DATE":"2022-09-30 00:00:00","DATE_TYPE_CODE":"002","REPORT_TYPE":"2022年中报","PER_NETCASH_OPERATE":-0.0525223382,"PER_OI":0.4410968954,"BPS":0.422270666188,"BASIC_EPS":0.03527316,"DILUTED_EPS":0.03527316,"OPERATE_INCOME":264658137.24,"OPERATE_INCOME_YOY":11.1161319476,"GROSS_PROFIT":41937073.92,"GROSS_PROFIT_YOY":15.870277015562,"HOLDER_PROFIT":21188315.88,"HOLDER_PROFIT_YOY":20.0153688525,"GROSS_PROFIT_RATIO":15.845752697175,"EPS_TTM":0.01555111675,"OPERATE_INCOME_QOQ":0,"NET_PROFIT_RATIO":8.005918919,"ROE_AVG":9.234353197159,"GROSS_PROFIT_QOQ":0,"ROA":5.010378136298,"HOLDER_PROFIT_QOQ":0,"ROE_YEARLY":18.468706394318,"ROIC_YEARLY":12.971293945678,"TOTAL_ASSETS":482078277.72,"TOTAL_LIABILITIES":246903075.6,"TAX_EBT":16.511047754811,"OCF_SALES":-11.907211034068,"TOTAL_PARENT_EQUITY":235175202.12,"DEBT_ASSET_RATIO":51.2163868423,"OPERATE_PROFIT":25899543.84,"PRETAX_PROFIT":25378586.4,"NETCASH_OPERATE":-31513402.92,"NETCASH_INVEST":-349113.84,"NETCASH_FINANCE":32619533.04,"END_CASH":97058169.72,"DIVI_RATIO":4.651344412291,"DIVIDEND_RATE":20.779220779221,"CURRENT_RATIO":1.894104706127,"COMMON_ACS":2000000000,"CURRENTDEBT_DEBT":98.573574123594,"ISSUED_COMMON_SHARES":556930000,"HK_COMMON_SHARES":556930000,"PER_SHARES":10000,"TOTAL_MARKET_CAP":214418050,"HKSK_MARKET_CAP":214418050,"PE_TTM":4.537660042749,"PB_TTM":0.784055647175,"REPORT_DATE_SQ":"2021-06-30 00:00:00","REPORT_TYPE_SQ":"2021年中报","OPERATE_INCOME_SQ":219383851.82,"DPS_HKD":0.08,"OPERATE_INCOME_QOQ_SQ":0,"NET_PROFIT_RATIO_SQ":7.4122735402,"HOLDER_PROFIT_SQ":16261331.2,"HOLDER_PROFIT_QOQ_SQ":0,"ROE_AVG_SQ":7.461117715186,"PE_TTM_SQ":3.891021618771,"PB_TTM_SQ":0.546513251201,"ROA_SQ":4.381933056544,"START_DATE":"2022-04-01 00:00:00","FISCAL_YEAR":"3-31","CURRENCY":"HKD","IS_CNY_CODE":0,"DPS_HKD_LY":0.015,"ORG_TYPE":"一般企业","PREMIUM_INCOME":null,"PREMIUM_INCOME_YOY":null,"NET_INTEREST_INCOME":null,"NET_INTEREST_INCOME_YOY":null,"FEE_COMMISSION_INCOME":null,"FEE_COMMISSION_INCOME_YOY":null,"ACCOUNTS_RECE_TDAYS":null,"INVENTORY_TDAYS":13.018582643863,"CURRENT_ASSETS_TDAYS":0.661520619605,"TOTAL_ASSETS_TDAYS":0.625834234269,"PREMIUM_EXPENSE":null,"LOAN_DEPOSIT":null,"LOAN_EQUITY":null,"LOAN_ASSETS":null,"DEPOSIT_EQUITY":null,"DEPOSIT_ASSETS":null,"EQUITY_MULTIPLIER":2.049868665462,"EQUITY_RATIO":1.049868665464},{"SECUCODE":"02663.HK","SECURITY_CODE":"02663","SECURITY_NAME_ABBR":"应力控股","ORG_CODE":"10475739","STD_REPORT_DATE":"2021-12-31 00:00:00","REPORT_DATE":"2022-03-31 00:00:00","DATE_TYPE_CODE":"001","REPORT_TYPE":"2021年年报","PER_NETCASH_OPERATE":0.010055172317,"PER_OI":0.667961352833,"BPS":0.360216703446,"BASIC_EPS":0.015571392,"DILUTED_EPS":0.015571392,"OPERATE_INCOME":400776811.7,"OPERATE_INCOME_YOY":7.7813619837,"GROSS_PROFIT":49238850.13,"GROSS_PROFIT_YOY":-42.119540918896,"HOLDER_PROFIT":9330670.05,"HOLDER_PROFIT_YOY":-77.0684259831,"GROSS_PROFIT_RATIO":12.285853046523,"EPS_TTM":0.063800517367,"OPERATE_INCOME_QOQ":0,"NET_PROFIT_RATIO":2.3281461845,"ROE_AVG":4.462848387284,"GROSS_PROFIT_QOQ":0,"ROA":2.760584941675,"HOLDER_PROFIT_QOQ":0,"ROE_YEARLY":4.462848387284,"ROIC_YEARLY":3.763062783129,"TOTAL_ASSETS":326128207.26,"TOTAL_LIABILITIES":125512718.61,"TAX_EBT":21.306429548564,"OCF_SALES":1.50535240909,"TOTAL_PARENT_EQUITY":200615488.65,"DEBT_ASSET_RATIO":38.4856985124,"OPERATE_PROFIT":12800981.84,"PRETAX_PROFIT":11856966.2,"NETCASH_OPERATE":6033103.39,"NETCASH_INVEST":16596508.64,"NETCASH_FINANCE":-31429070.53,"END_CASH":85480454,"DIVI_RATIO":1.133746292123,"DIVIDEND_RATE":20.779220779221,"CURRENT_RATIO":2.525208584454,"COMMON_ACS":2000000000,"CURRENTDEBT_DEBT":95.955053275696,"ISSUED_COMMON_SHARES":556930000,"HK_COMMON_SHARES":556930000,"PER_SHARES":10000,"TOTAL_MARKET_CAP":214418050,"HKSK_MARKET_CAP":214418050,"PE_TTM":4.537660042749,"PB_TTM":0.784055647175,"REPORT_DATE_SQ":"2020-12-31 00:00:00","REPORT_TYPE_SQ":"2020年年报","OPERATE_INCOME_SQ":387509113.74,"DPS_HKD":0.08,"OPERATE_INCOME_QOQ_SQ":0,"NET_PROFIT_RATIO_SQ":10.9425880003,"HOLDER_PROFIT_SQ":42403525.78,"HOLDER_PROFIT_QOQ_SQ":0,"ROE_AVG_SQ":20.064427243406,"PE_TTM_SQ":3.891021618771,"PB_TTM_SQ":0.546513251201,"ROA_SQ":11.595793979414,"START_DATE":"2021-04-01 00:00:00","FISCAL_YEAR":"3-31","CURRENCY":"HKD","IS_CNY_CODE":0,"DPS_HKD_LY":0.03,"ORG_TYPE":"一般企业","PREMIUM_INCOME":null,"PREMIUM_INCOME_YOY":null,"NET_INTEREST_INCOME":null,"NET_INTEREST_INCOME_YOY":null,"FEE_COMMISSION_INCOME":null,"FEE_COMMISSION_INCOME_YOY":null,"ACCOUNTS_RECE_TDAYS":null,"INVENTORY_TDAYS":29.588518379467,"CURRENT_ASSETS_TDAYS":1.29839556175,"TOTAL_ASSETS_TDAYS":1.185743816278,"PREMIUM_EXPENSE":null,"LOAN_DEPOSIT":null,"LOAN_EQUITY":null,"LOAN_ASSETS":null,"DEPOSIT_EQUITY":null,"DEPOSIT_ASSETS":null,"EQUITY_MULTIPLIER":1.625638226911,"EQUITY_RATIO":0.625638226912},{"SECUCODE":"02663.HK","SECURITY_CODE":"02663","SECURITY_NAME_ABBR":"应力控股","ORG_CODE":"10475739","STD_REPORT_DATE":"2021-06-30 00:00:00","REPORT_DATE":"2021-09-30 00:00:00","DATE_TYPE_CODE":"002","REPORT_TYPE":"2021年中报","PER_NETCASH_OPERATE":-0.019986497833,"PER_OI":0.365639753033,"BPS":0.381462291958,"BASIC_EPS":0.02707445,"DILUTED_EPS":0.02707445,"OPERATE_INCOME":219383851.82,"OPERATE_INCOME_YOY":26.0648737661,"GROSS_PROFIT":36193124.76,"GROSS_PROFIT_YOY":-5.801117546308,"HOLDER_PROFIT":16261331.2,"HOLDER_PROFIT_YOY":-15.8548150703,"GROSS_PROFIT_RATIO":16.497624806814,"EPS_TTM":0.070672542967,"OPERATE_INCOME_QOQ":0,"NET_PROFIT_RATIO":7.4122735402,"ROE_AVG":7.461117715186,"GROSS_PROFIT_QOQ":0,"ROA":4.381933056544,"HOLDER_PROFIT_QOQ":0,"ROE_YEARLY":14.922235430371,"ROIC_YEARLY":11.366994661531,"TOTAL_ASSETS":382822726.28,"TOTAL_LIABILITIES":170374932.02,"TAX_EBT":17.706576728499,"OCF_SALES":-5.466172008794,"TOTAL_PARENT_EQUITY":212447794.26,"DEBT_ASSET_RATIO":44.5049158067,"OPERATE_PROFIT":20381645.96,"PRETAX_PROFIT":19760183.2,"NETCASH_OPERATE":-11991898.7,"NETCASH_INVEST":17474266.56,"NETCASH_FINANCE":-30045141.96,"END_CASH":72793615.86,"DIVI_RATIO":1.023503569613,"DIVIDEND_RATE":20.779220779221,"CURRENT_RATIO":2.19993253177,"COMMON_ACS":2000000000,"CURRENTDEBT_DEBT":97.112709456916,"ISSUED_COMMON_SHARES":556930000,"HK_COMMON_SHARES":556930000,"PER_SHARES":10000,"TOTAL_MARKET_CAP":214418050,"HKSK_MARKET_CAP":214418050,"PE_TTM":4.537660042749,"PB_TTM":0.784055647175,"REPORT_DATE_SQ":"2020-06-30 00:00:00","REPORT_TYPE_SQ":"2020年中报","OPERATE_INCOME_SQ":183562850.56,"DPS_HKD":0.08,"OPERATE_INCOME_QOQ_SQ":0,"NET_PROFIT_RATIO_SQ":11.1049411675,"HOLDER_PROFIT_SQ":20384546.56,"HOLDER_PROFIT_QOQ_SQ":0,"ROE_AVG_SQ":9.816994598072,"PE_TTM_SQ":3.891021618771,"PB_TTM_SQ":0.546513251201,"ROA_SQ":5.262256500411,"START_DATE":"2021-04-01 00:00:00","FISCAL_YEAR":"3-31","CURRENCY":"HKD","IS_CNY_CODE":0,"DPS_HKD_LY":0.03,"ORG_TYPE":"一般企业","PREMIUM_INCOME":null,"PREMIUM_INCOME_YOY":null,"NET_INTEREST_INCOME":null,"NET_INTEREST_INCOME_YOY":null,"FEE_COMMISSION_INCOME":null,"FEE_COMMISSION_INCOME_YOY":null,"ACCOUNTS_RECE_TDAYS":1.331198471392,"INVENTORY_TDAYS":20.154064705343,"CURRENT_ASSETS_TDAYS":0.639861116848,"TOTAL_ASSETS_TDAYS":0.591172604837,"PREMIUM_EXPENSE":null,"LOAN_DEPOSIT":null,"LOAN_EQUITY":null,"LOAN_ASSETS":null,"DEPOSIT_EQUITY":null,"DEPOSIT_ASSETS":null,"EQUITY_MULTIPLIER":1.801961407098,"EQUITY_RATIO":0.8019614071},{"SECUCODE":"02663.HK","SECURITY_CODE":"02663","SECURITY_NAME_ABBR":"应力控股","ORG_CODE":"10475739","STD_REPORT_DATE":"2020-12-31 00:00:00","REPORT_DATE":"2021-03-31 00:00:00","DATE_TYPE_CODE":"001","REPORT_TYPE":"2020年年报","PER_NETCASH_OPERATE":0.0220803275,"PER_OI":0.6458485229,"BPS":0.407050087982,"BASIC_EPS":0.070657048,"DILUTED_EPS":0.070657048,"OPERATE_INCOME":387509113.74,"OPERATE_INCOME_YOY":-37.4792219215,"GROSS_PROFIT":85069902.54,"GROSS_PROFIT_YOY":-15.131624631125,"HOLDER_PROFIT":42403525.78,"HOLDER_PROFIT_YOY":-6.6638141127,"GROSS_PROFIT_RATIO":21.953006916136,"EPS_TTM":0.076601186183,"OPERATE_INCOME_QOQ":0,"NET_PROFIT_RATIO":10.9425880003,"ROE_AVG":20.064427243406,"GROSS_PROFIT_QOQ":0,"ROA":11.595793979414,"HOLDER_PROFIT_QOQ":0,"ROE_YEARLY":20.064427243406,"ROIC_YEARLY":16.110397533877,"TOTAL_ASSETS":364604735.74,"TOTAL_LIABILITIES":137906330.24,"TAX_EBT":15.244530788073,"OCF_SALES":3.418809011261,"TOTAL_PARENT_EQUITY":226698405.5,"DEBT_ASSET_RATIO":37.8235159124,"OPERATE_PROFIT":51358207.88,"PRETAX_PROFIT":50030430.1,"NETCASH_OPERATE":13248196.5,"NETCASH_INVEST":-1533156.52,"NETCASH_FINANCE":-19806793.3,"END_CASH":98589401.82,"DIVI_RATIO":0.944288249361,"DIVIDEND_RATE":20.779220779221,"CURRENT_RATIO":2.45463559112,"COMMON_ACS":2000000000,"CURRENTDEBT_DEBT":96.426382624044,"ISSUED_COMMON_SHARES":556930000,"HK_COMMON_SHARES":556930000,"PER_SHARES":10000,"TOTAL_MARKET_CAP":214418050,"HKSK_MARKET_CAP":214418050,"PE_TTM":4.537660042749,"PB_TTM":0.784055647175,"REPORT_DATE_SQ":"2019-12-31 00:00:00","REPORT_TYPE_SQ":"2019年年报","OPERATE_INCOME_SQ":670057326.5,"DPS_HKD":0.08,"OPERATE_INCOME_QOQ_SQ":0,"NET_PROFIT_RATIO_SQ":7.3298379344,"HOLDER_PROFIT_SQ":49114116.1,"HOLDER_PROFIT_QOQ_SQ":0,"ROE_AVG_SQ":25.572129599456,"PE_TTM_SQ":3.891021618771,"PB_TTM_SQ":0.546513251201,"ROA_SQ":14.11002845473,"START_DATE":"2020-04-01 00:00:00","FISCAL_YEAR":"3-31","CURRENCY":"HKD","IS_CNY_CODE":0,"DPS_HKD_LY":0.025,"ORG_TYPE":"一般企业","PREMIUM_INCOME":null,"PREMIUM_INCOME_YOY":null,"NET_INTEREST_INCOME":null,"NET_INTEREST_INCOME_YOY":null,"FEE_COMMISSION_INCOME":null,"FEE_COMMISSION_INCOME_YOY":null,"ACCOUNTS_RECE_TDAYS":null,"INVENTORY_TDAYS":36.308660139009,"CURRENT_ASSETS_TDAYS":1.193432765891,"TOTAL_ASSETS_TDAYS":1.059693920592,"PREMIUM_EXPENSE":null,"LOAN_DEPOSIT":null,"LOAN_EQUITY":null,"LOAN_ASSETS":null,"DEPOSIT_EQUITY":null,"DEPOSIT_ASSETS":null,"EQUITY_MULTIPLIER":1.608325100196,"EQUITY_RATIO":0.608325100196},{"SECUCODE":"02663.HK","SECURITY_CODE":"02663","SECURITY_NAME_ABBR":"应力控股","ORG_CODE":"10475739","STD_REPORT_DATE":"2020-06-30 00:00:00","REPORT_DATE":"2020-09-30 00:00:00","DATE_TYPE_CODE":"002","REPORT_TYPE":"2020年中报","PER_NETCASH_OPERATE":0.060362205867,"PER_OI":0.305938084267,"BPS":0.379829887419,"BASIC_EPS":0.034006464,"DILUTED_EPS":0.034006464,"OPERATE_INCOME":183562850.56,"OPERATE_INCOME_YOY":-46.6027631865,"GROSS_PROFIT":38422032,"GROSS_PROFIT_YOY":-8.472430509384,"HOLDER_PROFIT":20384546.56,"HOLDER_PROFIT_YOY":-11.101743629,"GROSS_PROFIT_RATIO":20.931267891507,"EPS_TTM":0.081856860167,"OPERATE_INCOME_QOQ":0,"NET_PROFIT_RATIO":11.1049411675,"ROE_AVG":9.816994598072,"GROSS_PROFIT_QOQ":0,"ROA":5.262256500411,"HOLDER_PROFIT_QOQ":0,"ROE_YEARLY":19.633989196143,"ROIC_YEARLY":15.280767134296,"TOTAL_ASSETS":393435456.64,"TOTAL_LIABILITIES":181896797.44,"TAX_EBT":15.597598690195,"OCF_SALES":19.730203257092,"TOTAL_PARENT_EQUITY":211538659.2,"DEBT_ASSET_RATIO":46.2329447868,"OPERATE_PROFIT":24673578.88,"PRETAX_PROFIT":24151619.2,"NETCASH_OPERATE":36217323.52,"NETCASH_INVEST":-1375196.8,"NETCASH_FINANCE":-15391659.52,"END_CASH":130565489.92,"DIVI_RATIO":0.883659596187,"DIVIDEND_RATE":20.779220779221,"CURRENT_RATIO":2.011290126951,"COMMON_ACS":2000000000,"CURRENTDEBT_DEBT":95.589414595028,"ISSUED_COMMON_SHARES":556930000,"HK_COMMON_SHARES":556930000,"PER_SHARES":10000,"TOTAL_MARKET_CAP":214418050,"HKSK_MARKET_CAP":214418050,"PE_TTM":4.537660042749,"PB_TTM":0.784055647175,"REPORT_DATE_SQ":"2019-06-30 00:00:00","REPORT_TYPE_SQ":"2019年中报","OPERATE_INCOME_SQ":352879842.15,"DPS_HKD":0.08,"OPERATE_INCOME_QOQ_SQ":0,"NET_PROFIT_RATIO_SQ":6.6702452616,"HOLDER_PROFIT_SQ":23537950.95,"HOLDER_PROFIT_QOQ_SQ":0,"ROE_AVG_SQ":13.285036451757,"PE_TTM_SQ":3.891021618771,"PB_TTM_SQ":0.546513251201,"ROA_SQ":6.850537778373,"START_DATE":"2020-04-01 00:00:00","FISCAL_YEAR":"3-31","CURRENCY":"HKD","IS_CNY_CODE":0,"DPS_HKD_LY":0.025,"ORG_TYPE":"一般企业","PREMIUM_INCOME":null,"PREMIUM_INCOME_YOY":null,"NET_INTEREST_INCOME":null,"NET_INTEREST_INCOME_YOY":null,"FEE_COMMISSION_INCOME":null,"FEE_COMMISSION_INCOME_YOY":null,"ACCOUNTS_RECE_TDAYS":1.066932934272,"INVENTORY_TDAYS":20.905328439438,"CURRENT_ASSETS_TDAYS":0.535544580219,"TOTAL_ASSETS_TDAYS":0.473866220546,"PREMIUM_EXPENSE":null,"LOAN_DEPOSIT":null,"LOAN_EQUITY":null,"LOAN_ASSETS":null,"DEPOSIT_EQUITY":null,"DEPOSIT_ASSETS":null,"EQUITY_MULTIPLIER":1.85987496625,"EQUITY_RATIO":0.859874966249}],"count":29},"success":true,"message":"ok","code":0}