{"version":"6b0d351bfd40f7580ee2becf6d4b09bb","result":{"pages":2,"data":[{"SECUCODE":"02660.HK","SECURITY_CODE":"02660","SECURITY_NAME_ABBR":"禅游科技","ORG_CODE":"10991547","STD_REPORT_DATE":"2024-06-30 00:00:00","REPORT_DATE":"2024-06-30 00:00:00","DATE_TYPE_CODE":"002","REPORT_TYPE":"2024年中报","PER_NETCASH_OPERATE":0.270112478952,"PER_OI":0.905529409047,"BPS":2.348881663852,"BASIC_EPS":0.3072,"DILUTED_EPS":0.3007,"OPERATE_INCOME":934315000,"OPERATE_INCOME_YOY":-8.2055620072,"GROSS_PROFIT":492901000,"GROSS_PROFIT_YOY":-22.464976388753,"HOLDER_PROFIT":309844000,"HOLDER_PROFIT_YOY":-23.4660178587,"GROSS_PROFIT_RATIO":52.75533412179,"EPS_TTM":0.611443998126,"OPERATE_INCOME_QOQ":-4.055535080167,"NET_PROFIT_RATIO":33.1626913835,"ROE_AVG":13.060316775192,"GROSS_PROFIT_QOQ":-11.598008052898,"ROA":11.195213840493,"HOLDER_PROFIT_QOQ":-13.087664386223,"ROE_YEARLY":26.120633550384,"ROIC_YEARLY":63.01173879466,"TOTAL_ASSETS":2894804000,"TOTAL_LIABILITIES":469962000,"TAX_EBT":15.47711277211,"OCF_SALES":29.829233181529,"TOTAL_PARENT_EQUITY":2424842000,"DEBT_ASSET_RATIO":16.2346742646,"OPERATE_PROFIT":369938000,"PRETAX_PROFIT":366580000,"NETCASH_OPERATE":278699000,"NETCASH_INVEST":-534280000,"NETCASH_FINANCE":-2747000,"END_CASH":1076389000,"DIVI_RATIO":0.34088256756,"DIVIDEND_RATE":9.663865546218,"CURRENT_RATIO":5.128173350348,"COMMON_ACS":50000000000,"CURRENTDEBT_DEBT":86.875747400854,"ISSUED_COMMON_SHARES":1032338937,"HK_COMMON_SHARES":1032338937,"PER_SHARES":2000,"TOTAL_MARKET_CAP":2456966670.06,"HKSK_MARKET_CAP":2456966670.06,"PE_TTM":3.503026536552,"PB_TTM":0.92477132136,"REPORT_DATE_SQ":"2023-06-30 00:00:00","REPORT_TYPE_SQ":"2023年中报","OPERATE_INCOME_SQ":1017834000,"DPS_HKD":0.23,"OPERATE_INCOME_QOQ_SQ":22.520956674452,"NET_PROFIT_RATIO_SQ":39.7177732322,"HOLDER_PROFIT_SQ":404845000,"HOLDER_PROFIT_QOQ_SQ":24.653230177604,"ROE_AVG_SQ":21.55473965216,"PE_TTM_SQ":5.119090647342,"PB_TTM_SQ":2.190136448628,"ROA_SQ":17.957698529611,"START_DATE":"2024-01-01 00:00:00","FISCAL_YEAR":"12-31","CURRENCY":"HKD","IS_CNY_CODE":0,"DPS_HKD_LY":0.23,"ORG_TYPE":"一般企业","PREMIUM_INCOME":null,"PREMIUM_INCOME_YOY":null,"NET_INTEREST_INCOME":null,"NET_INTEREST_INCOME_YOY":null,"FEE_COMMISSION_INCOME":null,"FEE_COMMISSION_INCOME_YOY":null,"ACCOUNTS_RECE_TDAYS":6.569412608457,"INVENTORY_TDAYS":null,"CURRENT_ASSETS_TDAYS":0.438657072674,"TOTAL_ASSETS_TDAYS":0.337584598036,"PREMIUM_EXPENSE":null,"LOAN_DEPOSIT":null,"LOAN_EQUITY":null,"LOAN_ASSETS":null,"DEPOSIT_EQUITY":null,"DEPOSIT_ASSETS":null,"EQUITY_MULTIPLIER":1.193811390597,"EQUITY_RATIO":0.193811390598},{"SECUCODE":"02660.HK","SECURITY_CODE":"02660","SECURITY_NAME_ABBR":"禅游科技","ORG_CODE":"10991547","STD_REPORT_DATE":"2023-12-31 00:00:00","REPORT_DATE":"2023-12-31 00:00:00","DATE_TYPE_CODE":"001","REPORT_TYPE":"2023年年报","PER_NETCASH_OPERATE":0.69944648441,"PER_OI":1.998227377015,"BPS":2.247298747388,"BASIC_EPS":0.7238,"DILUTED_EPS":0.7118,"OPERATE_INCOME":2059383000,"OPERATE_INCOME_YOY":16.5167902341,"GROSS_PROFIT":1231358000,"GROSS_PROFIT_YOY":8.205212024071,"HOLDER_PROFIT":725882000,"HOLDER_PROFIT_YOY":6.6245778758,"GROSS_PROFIT_RATIO":59.792568939338,"EPS_TTM":0.704326142773,"OPERATE_INCOME_QOQ":-4.900522003192,"NET_PROFIT_RATIO":35.2493440997,"ROE_AVG":35.538680913826,"GROSS_PROFIT_QOQ":-10.38477493541,"ROA":30.946894426223,"HOLDER_PROFIT_QOQ":-14.463044620783,"ROE_YEARLY":35.538680913826,"ROIC_YEARLY":80.373276081133,"TOTAL_ASSETS":2640490000,"TOTAL_LIABILITIES":320516000,"TAX_EBT":17.793191701395,"OCF_SALES":35.00334809018,"TOTAL_PARENT_EQUITY":2319974000,"DEBT_ASSET_RATIO":12.1385045957,"OPERATE_PROFIT":887989000,"PRETAX_PROFIT":883040000,"NETCASH_OPERATE":720853000,"NETCASH_INVEST":-164365000,"NETCASH_FINANCE":-210132000,"END_CASH":1331652000,"DIVI_RATIO":0.295929097817,"DIVIDEND_RATE":10.900473933649,"CURRENT_RATIO":7.466262701466,"COMMON_ACS":50000000000,"CURRENTDEBT_DEBT":90.517790063523,"ISSUED_COMMON_SHARES":1032338937,"HK_COMMON_SHARES":1032338937,"PER_SHARES":2000,"TOTAL_MARKET_CAP":2178235157.07,"HKSK_MARKET_CAP":2178235157.07,"PE_TTM":3.105624366439,"PB_TTM":0.819860289105,"REPORT_DATE_SQ":"2022-12-31 00:00:00","REPORT_TYPE_SQ":"2022年年报","OPERATE_INCOME_SQ":1767456000,"DPS_HKD":0.23,"OPERATE_INCOME_QOQ_SQ":7.14965132302,"NET_PROFIT_RATIO_SQ":38.4878605182,"HOLDER_PROFIT_SQ":680783000,"HOLDER_PROFIT_QOQ_SQ":15.073325580452,"ROE_AVG_SQ":45.533167038595,"PE_TTM_SQ":5.319839300179,"PB_TTM_SQ":2.276024152496,"ROA_SQ":38.478620884556,"START_DATE":"2023-01-01 00:00:00","FISCAL_YEAR":"12-31","CURRENCY":"HKD","IS_CNY_CODE":0,"DPS_HKD_LY":0.21,"ORG_TYPE":"一般企业","PREMIUM_INCOME":null,"PREMIUM_INCOME_YOY":null,"NET_INTEREST_INCOME":null,"NET_INTEREST_INCOME_YOY":null,"FEE_COMMISSION_INCOME":null,"FEE_COMMISSION_INCOME_YOY":null,"ACCOUNTS_RECE_TDAYS":12.463961701175,"INVENTORY_TDAYS":null,"CURRENT_ASSETS_TDAYS":1.113037110101,"TOTAL_ASSETS_TDAYS":0.877987169873,"PREMIUM_EXPENSE":null,"LOAN_DEPOSIT":null,"LOAN_EQUITY":null,"LOAN_ASSETS":null,"DEPOSIT_EQUITY":null,"DEPOSIT_ASSETS":null,"EQUITY_MULTIPLIER":1.138154996564,"EQUITY_RATIO":0.138154996565},{"SECUCODE":"02660.HK","SECURITY_CODE":"02660","SECURITY_NAME_ABBR":"禅游科技","ORG_CODE":"10991547","STD_REPORT_DATE":"2023-06-30 00:00:00","REPORT_DATE":"2023-06-30 00:00:00","DATE_TYPE_CODE":"002","REPORT_TYPE":"2023年中报","PER_NETCASH_OPERATE":0.347584136676,"PER_OI":0.988068738518,"BPS":1.929003090581,"BASIC_EPS":0.4051,"DILUTED_EPS":0.3956,"OPERATE_INCOME":1017834000,"OPERATE_INCOME_YOY":64.2234577741,"GROSS_PROFIT":635714000,"GROSS_PROFIT_YOY":59.068480262631,"HOLDER_PROFIT":404845000,"HOLDER_PROFIT_YOY":70.8134677862,"GROSS_PROFIT_RATIO":62.457532367754,"EPS_TTM":0.823801245334,"OPERATE_INCOME_QOQ":22.520956674452,"NET_PROFIT_RATIO":39.7177732322,"ROE_AVG":21.55473965216,"GROSS_PROFIT_QOQ":20.744228389854,"ROA":17.957698529611,"HOLDER_PROFIT_QOQ":24.653230177604,"ROE_YEARLY":43.109479304319,"ROIC_YEARLY":76.464044362348,"TOTAL_ASSETS":2458218000,"TOTAL_LIABILITIES":466708000,"TAX_EBT":12.481706630643,"OCF_SALES":35.178133172993,"TOTAL_PARENT_EQUITY":1991385000,"DEBT_ASSET_RATIO":18.9856229187,"OPERATE_PROFIT":463986000,"PRETAX_PROFIT":461916000,"NETCASH_OPERATE":358215000,"NETCASH_INVEST":-140956000,"NETCASH_FINANCE":-429000,"END_CASH":1209311000,"DIVI_RATIO":0.253010785284,"DIVIDEND_RATE":10.900473933649,"CURRENT_RATIO":4.164928234506,"COMMON_ACS":50000000000,"CURRENTDEBT_DEBT":99.526684779348,"ISSUED_COMMON_SHARES":1032338937,"HK_COMMON_SHARES":1032338937,"PER_SHARES":2000,"TOTAL_MARKET_CAP":2178235157.07,"HKSK_MARKET_CAP":2178235157.07,"PE_TTM":3.105624366439,"PB_TTM":0.819860289105,"REPORT_DATE_SQ":"2022-06-30 00:00:00","REPORT_TYPE_SQ":"2022年中报","OPERATE_INCOME_SQ":619786000,"DPS_HKD":0.23,"OPERATE_INCOME_QOQ_SQ":11.910990679517,"NET_PROFIT_RATIO_SQ":38.2236772047,"HOLDER_PROFIT_SQ":237010000,"HOLDER_PROFIT_QOQ_SQ":18.2404870259,"ROE_AVG_SQ":17.63252103166,"PE_TTM_SQ":5.319839300179,"PB_TTM_SQ":2.276024152496,"ROA_SQ":14.981801356017,"START_DATE":"2023-01-01 00:00:00","FISCAL_YEAR":"12-31","CURRENCY":"HKD","IS_CNY_CODE":0,"DPS_HKD_LY":0.21,"ORG_TYPE":"一般企业","PREMIUM_INCOME":null,"PREMIUM_INCOME_YOY":null,"NET_INTEREST_INCOME":null,"NET_INTEREST_INCOME_YOY":null,"FEE_COMMISSION_INCOME":null,"FEE_COMMISSION_INCOME_YOY":null,"ACCOUNTS_RECE_TDAYS":5.968038229819,"INVENTORY_TDAYS":null,"CURRENT_ASSETS_TDAYS":0.586827438253,"TOTAL_ASSETS_TDAYS":0.451480347422,"PREMIUM_EXPENSE":null,"LOAN_DEPOSIT":null,"LOAN_EQUITY":null,"LOAN_ASSETS":null,"DEPOSIT_EQUITY":null,"DEPOSIT_ASSETS":null,"EQUITY_MULTIPLIER":1.234348810701,"EQUITY_RATIO":0.234363520866},{"SECUCODE":"02660.HK","SECURITY_CODE":"02660","SECURITY_NAME_ABBR":"禅游科技","ORG_CODE":"10991547","STD_REPORT_DATE":"2022-12-31 00:00:00","REPORT_DATE":"2022-12-31 00:00:00","DATE_TYPE_CODE":"001","REPORT_TYPE":"2022年年报","PER_NETCASH_OPERATE":0.712265900027,"PER_OI":1.718977922665,"BPS":1.709759204791,"BASIC_EPS":0.684,"DILUTED_EPS":0.681,"OPERATE_INCOME":1767456000,"OPERATE_INCOME_YOY":19.9122363052,"GROSS_PROFIT":1137984000,"GROSS_PROFIT_YOY":25.692006074831,"HOLDER_PROFIT":680783000,"HOLDER_PROFIT_YOY":36.0632606032,"GROSS_PROFIT_RATIO":64.385421758731,"EPS_TTM":0.66211037057,"OPERATE_INCOME_QOQ":7.14965132302,"NET_PROFIT_RATIO":38.4878605182,"ROE_AVG":45.533167038595,"GROSS_PROFIT_QOQ":11.743438172017,"ROA":38.478620884556,"HOLDER_PROFIT_QOQ":15.073325580452,"ROE_YEARLY":45.533167038595,"ROIC_YEARLY":71.068433261024,"TOTAL_ASSETS":2050656000,"TOTAL_LIABILITIES":284896000,"TAX_EBT":10.566649444079,"OCF_SALES":41.435430358662,"TOTAL_PARENT_EQUITY":1765051000,"DEBT_ASSET_RATIO":13.8929201192,"OPERATE_PROFIT":763673000,"PRETAX_PROFIT":760629000,"NETCASH_OPERATE":732745000,"NETCASH_INVEST":-246832000,"NETCASH_FINANCE":-144240000,"END_CASH":977230000,"DIVI_RATIO":0.314797365008,"DIVIDEND_RATE":10.900473933649,"CURRENT_RATIO":5.84069479286,"COMMON_ACS":50000000000,"CURRENTDEBT_DEBT":92.208033808829,"ISSUED_COMMON_SHARES":1032338937,"HK_COMMON_SHARES":1032338937,"PER_SHARES":2000,"TOTAL_MARKET_CAP":2178235157.07,"HKSK_MARKET_CAP":2178235157.07,"PE_TTM":3.105624366439,"PB_TTM":0.819860289105,"REPORT_DATE_SQ":"2021-12-31 00:00:00","REPORT_TYPE_SQ":"2021年年报","OPERATE_INCOME_SQ":1473958000,"DPS_HKD":0.23,"OPERATE_INCOME_QOQ_SQ":105.214890059325,"NET_PROFIT_RATIO_SQ":33.9455398322,"HOLDER_PROFIT_SQ":500343000,"HOLDER_PROFIT_QOQ_SQ":113.034296297873,"ROE_AVG_SQ":49.494096681767,"PE_TTM_SQ":5.319839300179,"PB_TTM_SQ":2.276024152496,"ROA_SQ":42.691782943355,"START_DATE":"2022-01-01 00:00:00","FISCAL_YEAR":"12-31","CURRENCY":"HKD","IS_CNY_CODE":0,"DPS_HKD_LY":0.3,"ORG_TYPE":"一般企业","PREMIUM_INCOME":null,"PREMIUM_INCOME_YOY":null,"NET_INTEREST_INCOME":null,"NET_INTEREST_INCOME_YOY":null,"FEE_COMMISSION_INCOME":null,"FEE_COMMISSION_INCOME_YOY":null,"ACCOUNTS_RECE_TDAYS":9.968730964467,"INVENTORY_TDAYS":null,"CURRENT_ASSETS_TDAYS":1.194203223652,"TOTAL_ASSETS_TDAYS":0.998986011022,"PREMIUM_EXPENSE":null,"LOAN_DEPOSIT":null,"LOAN_EQUITY":null,"LOAN_ASSETS":null,"DEPOSIT_EQUITY":null,"DEPOSIT_ASSETS":null,"EQUITY_MULTIPLIER":1.161344690105,"EQUITY_RATIO":0.161409500349},{"SECUCODE":"02660.HK","SECURITY_CODE":"02660","SECURITY_NAME_ABBR":"禅游科技","ORG_CODE":"10991547","STD_REPORT_DATE":"2022-06-30 00:00:00","REPORT_DATE":"2022-06-30 00:00:00","DATE_TYPE_CODE":"002","REPORT_TYPE":"2022年中报","PER_NETCASH_OPERATE":0.152432029145,"PER_OI":0.609450819043,"BPS":1.417272900945,"BASIC_EPS":0.238,"DILUTED_EPS":0.2373,"OPERATE_INCOME":619786000,"OPERATE_INCOME_YOY":39.5213665209,"GROSS_PROFIT":399648000,"GROSS_PROFIT_YOY":39.428467761912,"HOLDER_PROFIT":237010000,"HOLDER_PROFIT_YOY":62.6196438986,"GROSS_PROFIT_RATIO":64.481611394901,"EPS_TTM":0.581742698532,"OPERATE_INCOME_QOQ":11.910990679517,"NET_PROFIT_RATIO":38.2236772047,"ROE_AVG":17.63252103166,"GROSS_PROFIT_QOQ":12.482672925583,"ROA":14.981801356017,"HOLDER_PROFIT_QOQ":18.2404870259,"ROE_YEARLY":35.26504206332,"ROIC_YEARLY":65.460486113365,"TOTAL_ASSETS":1676128000,"TOTAL_LIABILITIES":211891000,"TAX_EBT":6.848771050986,"OCF_SALES":25.011374893915,"TOTAL_PARENT_EQUITY":1463106000,"DEBT_ASSET_RATIO":12.6416956223,"OPERATE_PROFIT":254447000,"PRETAX_PROFIT":254323000,"NETCASH_OPERATE":155017000,"NETCASH_INVEST":-75488000,"NETCASH_FINANCE":-14484000,"END_CASH":709869000,"DIVI_RATIO":0.358286576739,"DIVIDEND_RATE":10.900473933649,"CURRENT_RATIO":8.151950843917,"COMMON_ACS":50000000000,"CURRENTDEBT_DEBT":92.859536271007,"ISSUED_COMMON_SHARES":1032338937,"HK_COMMON_SHARES":1032338937,"PER_SHARES":2000,"TOTAL_MARKET_CAP":2178235157.07,"HKSK_MARKET_CAP":2178235157.07,"PE_TTM":3.105624366439,"PB_TTM":0.819860289105,"REPORT_DATE_SQ":"2021-06-30 00:00:00","REPORT_TYPE_SQ":"2021年中报","OPERATE_INCOME_SQ":444223000,"DPS_HKD":0.23,"OPERATE_INCOME_QOQ_SQ":-3.266640269574,"NET_PROFIT_RATIO_SQ":32.8089720703,"HOLDER_PROFIT_SQ":145745000,"HOLDER_PROFIT_QOQ_SQ":6.289145939684,"ROE_AVG_SQ":17.270830728795,"PE_TTM_SQ":5.319839300179,"PB_TTM_SQ":2.276024152496,"ROA_SQ":15.23286439934,"START_DATE":"2022-01-01 00:00:00","FISCAL_YEAR":"12-31","CURRENCY":"HKD","IS_CNY_CODE":0,"DPS_HKD_LY":0.3,"ORG_TYPE":"一般企业","PREMIUM_INCOME":null,"PREMIUM_INCOME_YOY":null,"NET_INTEREST_INCOME":null,"NET_INTEREST_INCOME_YOY":null,"FEE_COMMISSION_INCOME":null,"FEE_COMMISSION_INCOME_YOY":null,"ACCOUNTS_RECE_TDAYS":3.052478902304,"INVENTORY_TDAYS":null,"CURRENT_ASSETS_TDAYS":0.409138558384,"TOTAL_ASSETS_TDAYS":0.391777171227,"PREMIUM_EXPENSE":null,"LOAN_DEPOSIT":null,"LOAN_EQUITY":null,"LOAN_ASSETS":null,"DEPOSIT_EQUITY":null,"DEPOSIT_ASSETS":null,"EQUITY_MULTIPLIER":1.144710863064,"EQUITY_RATIO":0.144822726446},{"SECUCODE":"02660.HK","SECURITY_CODE":"02660","SECURITY_NAME_ABBR":"禅游科技","ORG_CODE":"10991547","STD_REPORT_DATE":"2021-12-31 00:00:00","REPORT_DATE":"2021-12-31 00:00:00","DATE_TYPE_CODE":"001","REPORT_TYPE":"2021年年报","PER_NETCASH_OPERATE":0.498367477719,"PER_OI":1.448687102189,"BPS":1.186840829196,"BASIC_EPS":0.4944,"DILUTED_EPS":0.4944,"OPERATE_INCOME":1473958000,"OPERATE_INCOME_YOY":98.5112578215,"GROSS_PROFIT":905375000,"GROSS_PROFIT_YOY":148.348004026783,"HOLDER_PROFIT":500343000,"HOLDER_PROFIT_YOY":126.4323340936,"GROSS_PROFIT_RATIO":61.424748873441,"EPS_TTM":0.491764657318,"OPERATE_INCOME_QOQ":105.214890059325,"NET_PROFIT_RATIO":33.9455398322,"ROE_AVG":49.494096681767,"GROSS_PROFIT_QOQ":112.900168838681,"ROA":42.691782943355,"HOLDER_PROFIT_QOQ":113.034296297873,"ROE_YEARLY":49.494096681767,"ROIC_YEARLY":91.769599782839,"TOTAL_ASSETS":1487844000,"TOTAL_LIABILITIES":262622000,"TAX_EBT":16.447407971465,"OCF_SALES":34.401319440581,"TOTAL_PARENT_EQUITY":1225222000,"DEBT_ASSET_RATIO":17.6511784838,"OPERATE_PROFIT":601260000,"PRETAX_PROFIT":598836000,"NETCASH_OPERATE":507061000,"NETCASH_INVEST":-77010000,"NETCASH_FINANCE":-68625000,"END_CASH":644709000,"DIVI_RATIO":0.423842171043,"DIVIDEND_RATE":10.900473933649,"CURRENT_RATIO":6.003688809348,"COMMON_ACS":50000000000,"CURRENTDEBT_DEBT":90.4246407384,"ISSUED_COMMON_SHARES":1032338937,"HK_COMMON_SHARES":1032338937,"PER_SHARES":2000,"TOTAL_MARKET_CAP":2178235157.07,"HKSK_MARKET_CAP":2178235157.07,"PE_TTM":3.105624366439,"PB_TTM":0.819860289105,"REPORT_DATE_SQ":"2020-12-31 00:00:00","REPORT_TYPE_SQ":"2020年年报","OPERATE_INCOME_SQ":742506000,"DPS_HKD":0.23,"OPERATE_INCOME_QOQ_SQ":-9.729665327718,"NET_PROFIT_RATIO_SQ":29.7597595171,"HOLDER_PROFIT_SQ":220968000,"HOLDER_PROFIT_QOQ_SQ":-0.511024164464,"ROE_AVG_SQ":31.750054959976,"PE_TTM_SQ":5.319839300179,"PB_TTM_SQ":2.276024152496,"ROA_SQ":27.688057013079,"START_DATE":"2021-01-01 00:00:00","FISCAL_YEAR":"12-31","CURRENCY":"HKD","IS_CNY_CODE":0,"DPS_HKD_LY":0.06,"ORG_TYPE":"一般企业","PREMIUM_INCOME":null,"PREMIUM_INCOME_YOY":null,"NET_INTEREST_INCOME":null,"NET_INTEREST_INCOME_YOY":null,"FEE_COMMISSION_INCOME":null,"FEE_COMMISSION_INCOME_YOY":null,"ACCOUNTS_RECE_TDAYS":11.162289470496,"INVENTORY_TDAYS":null,"CURRENT_ASSETS_TDAYS":1.309437054838,"TOTAL_ASSETS_TDAYS":1.25765514864,"PREMIUM_EXPENSE":null,"LOAN_DEPOSIT":null,"LOAN_EQUITY":null,"LOAN_ASSETS":null,"DEPOSIT_EQUITY":null,"DEPOSIT_ASSETS":null,"EQUITY_MULTIPLIER":1.214346461295,"EQUITY_RATIO":0.214346461294},{"SECUCODE":"02660.HK","SECURITY_CODE":"02660","SECURITY_NAME_ABBR":"禅游科技","ORG_CODE":"10991547","STD_REPORT_DATE":"2021-06-30 00:00:00","REPORT_DATE":"2021-06-30 00:00:00","DATE_TYPE_CODE":"002","REPORT_TYPE":"2021年中报","PER_NETCASH_OPERATE":0.131802831409,"PER_OI":0.43660683045,"BPS":0.863235869597,"BASIC_EPS":0.14,"DILUTED_EPS":0.14,"OPERATE_INCOME":444223000,"OPERATE_INCOME_YOY":-5.1774042751,"GROSS_PROFIT":286633000,"GROSS_PROFIT_YOY":26.8658103694,"HOLDER_PROFIT":145745000,"HOLDER_PROFIT_YOY":10.5401674656,"GROSS_PROFIT_RATIO":64.524574369179,"EPS_TTM":0.230838257437,"OPERATE_INCOME_QOQ":-3.266640269574,"NET_PROFIT_RATIO":32.8089720703,"ROE_AVG":17.270830728795,"GROSS_PROFIT_QOQ":16.649979838654,"ROA":15.23286439934,"HOLDER_PROFIT_QOQ":6.289145939684,"ROE_YEARLY":34.54166145759,"ROIC_YEARLY":83.855832063946,"TOTAL_ASSETS":1057426000,"TOTAL_LIABILITIES":166274000,"TAX_EBT":19.543688034094,"OCF_SALES":30.187991166599,"TOTAL_PARENT_EQUITY":891152000,"DEBT_ASSET_RATIO":15.7244100296,"OPERATE_PROFIT":181931000,"PRETAX_PROFIT":181148000,"NETCASH_OPERATE":134102000,"NETCASH_INVEST":-102057000,"NETCASH_FINANCE":-40933000,"END_CASH":274507000,"DIVI_RATIO":0.902929186496,"DIVIDEND_RATE":10.900473933649,"CURRENT_RATIO":6.102978127947,"COMMON_ACS":50000000000,"CURRENTDEBT_DEBT":98.851895064773,"ISSUED_COMMON_SHARES":1032338937,"HK_COMMON_SHARES":1032338937,"PER_SHARES":2000,"TOTAL_MARKET_CAP":2178235157.07,"HKSK_MARKET_CAP":2178235157.07,"PE_TTM":3.105624366439,"PB_TTM":0.819860289105,"REPORT_DATE_SQ":"2020-06-30 00:00:00","REPORT_TYPE_SQ":"2020年中报","OPERATE_INCOME_SQ":468478000,"DPS_HKD":0.23,"OPERATE_INCOME_QOQ_SQ":24.231384987162,"NET_PROFIT_RATIO_SQ":28.1439043029,"HOLDER_PROFIT_SQ":131848000,"HOLDER_PROFIT_QOQ_SQ":38.365551741538,"ROE_AVG_SQ":20.085415725664,"PE_TTM_SQ":5.319839300179,"PB_TTM_SQ":2.276024152496,"ROA_SQ":17.010658755332,"START_DATE":"2021-01-01 00:00:00","FISCAL_YEAR":"12-31","CURRENCY":"HKD","IS_CNY_CODE":0,"DPS_HKD_LY":0.06,"ORG_TYPE":"一般企业","PREMIUM_INCOME":null,"PREMIUM_INCOME_YOY":null,"NET_INTEREST_INCOME":null,"NET_INTEREST_INCOME_YOY":null,"FEE_COMMISSION_INCOME":null,"FEE_COMMISSION_INCOME_YOY":null,"ACCOUNTS_RECE_TDAYS":4.071704857929,"INVENTORY_TDAYS":null,"CURRENT_ASSETS_TDAYS":0.48584138789,"TOTAL_ASSETS_TDAYS":0.464289596354,"PREMIUM_EXPENSE":null,"LOAN_DEPOSIT":null,"LOAN_EQUITY":null,"LOAN_ASSETS":null,"DEPOSIT_EQUITY":null,"DEPOSIT_ASSETS":null,"EQUITY_MULTIPLIER":1.186583209149,"EQUITY_RATIO":0.18658320915},{"SECUCODE":"02660.HK","SECURITY_CODE":"02660","SECURITY_NAME_ABBR":"禅游科技","ORG_CODE":"10991547","STD_REPORT_DATE":"2020-12-31 00:00:00","REPORT_DATE":"2020-12-31 00:00:00","DATE_TYPE_CODE":"001","REPORT_TYPE":"2020年年报","PER_NETCASH_OPERATE":0.253407558549,"PER_OI":0.7297757911,"BPS":0.77165257596,"BASIC_EPS":0.2171,"DILUTED_EPS":0.2171,"OPERATE_INCOME":742506000,"OPERATE_INCOME_YOY":12.1440869959,"GROSS_PROFIT":364559000,"GROSS_PROFIT_YOY":12.188224143184,"HOLDER_PROFIT":220968000,"HOLDER_PROFIT_YOY":37.6584703368,"GROSS_PROFIT_RATIO":49.098458463635,"EPS_TTM":0.217179520445,"OPERATE_INCOME_QOQ":-9.729665327718,"NET_PROFIT_RATIO":29.7597595171,"ROE_AVG":31.750054959976,"GROSS_PROFIT_QOQ":-8.064780513392,"ROA":27.688057013079,"HOLDER_PROFIT_QOQ":-0.511024164464,"ROE_YEARLY":31.750054959976,"ROIC_YEARLY":63.699364643751,"TOTAL_ASSETS":856134000,"TOTAL_LIABILITIES":59527000,"TAX_EBT":6.838457257534,"OCF_SALES":34.724029166094,"TOTAL_PARENT_EQUITY":796607000,"DEBT_ASSET_RATIO":6.9530003481,"OPERATE_PROFIT":238897000,"PRETAX_PROFIT":237188000,"NETCASH_OPERATE":257828000,"NETCASH_INVEST":-97142000,"NETCASH_FINANCE":-31371000,"END_CASH":284921000,"DIVI_RATIO":0.959715720767,"DIVIDEND_RATE":10.900473933649,"CURRENT_RATIO":14.337101872113,"COMMON_ACS":50000000000,"CURRENTDEBT_DEBT":96.732575133973,"ISSUED_COMMON_SHARES":1032338937,"HK_COMMON_SHARES":1032338937,"PER_SHARES":2000,"TOTAL_MARKET_CAP":2178235157.07,"HKSK_MARKET_CAP":2178235157.07,"PE_TTM":3.105624366439,"PB_TTM":0.819860289105,"REPORT_DATE_SQ":"2019-12-31 00:00:00","REPORT_TYPE_SQ":"2019年年报","OPERATE_INCOME_SQ":662100000,"DPS_HKD":0.23,"OPERATE_INCOME_QOQ_SQ":11.246274148725,"NET_PROFIT_RATIO_SQ":24.2439208579,"HOLDER_PROFIT_SQ":160519000,"HOLDER_PROFIT_QOQ_SQ":25.100536193029,"ROE_AVG_SQ":37.867855647363,"PE_TTM_SQ":5.319839300179,"PB_TTM_SQ":2.276024152496,"ROA_SQ":29.881428516912,"START_DATE":"2020-01-01 00:00:00","FISCAL_YEAR":"12-31","CURRENCY":"HKD","IS_CNY_CODE":0,"DPS_HKD_LY":0.03,"ORG_TYPE":"一般企业","PREMIUM_INCOME":null,"PREMIUM_INCOME_YOY":null,"NET_INTEREST_INCOME":null,"NET_INTEREST_INCOME_YOY":null,"FEE_COMMISSION_INCOME":null,"FEE_COMMISSION_INCOME_YOY":null,"ACCOUNTS_RECE_TDAYS":5.615197589077,"INVENTORY_TDAYS":null,"CURRENT_ASSETS_TDAYS":0.985633757385,"TOTAL_ASSETS_TDAYS":0.930385778056,"PREMIUM_EXPENSE":null,"LOAN_DEPOSIT":null,"LOAN_EQUITY":null,"LOAN_ASSETS":null,"DEPOSIT_EQUITY":null,"DEPOSIT_ASSETS":null,"EQUITY_MULTIPLIER":1.074725680292,"EQUITY_RATIO":0.074725680292},{"SECUCODE":"02660.HK","SECURITY_CODE":"02660","SECURITY_NAME_ABBR":"禅游科技","ORG_CODE":"10991547","STD_REPORT_DATE":"2020-06-30 00:00:00","REPORT_DATE":"2020-06-30 00:00:00","DATE_TYPE_CODE":"002","REPORT_TYPE":"2020年中报","PER_NETCASH_OPERATE":0.147554587469,"PER_OI":0.460070668602,"BPS":0.695079856317,"BASIC_EPS":0.13,"DILUTED_EPS":0.13,"OPERATE_INCOME":468478000,"OPERATE_INCOME_YOY":52.0825082294,"GROSS_PROFIT":225934000,"GROSS_PROFIT_YOY":46.379609713116,"HOLDER_PROFIT":131848000,"HOLDER_PROFIT_YOY":87.6465900034,"GROSS_PROFIT_RATIO":48.227237991966,"EPS_TTM":0.21811712761,"OPERATE_INCOME_QOQ":24.231384987162,"NET_PROFIT_RATIO":28.1439043029,"ROE_AVG":20.085415725664,"GROSS_PROFIT_QOQ":22.029647364388,"ROA":17.010658755332,"HOLDER_PROFIT_QOQ":38.365551741538,"ROE_YEARLY":40.170831451329,"ROIC_YEARLY":70.35655063574,"TOTAL_ASSETS":810190000,"TOTAL_LIABILITIES":92632000,"TAX_EBT":6.895553374337,"OCF_SALES":32.072157070343,"TOTAL_PARENT_EQUITY":717558000,"DEBT_ASSET_RATIO":11.4333674817,"OPERATE_PROFIT":142071000,"PRETAX_PROFIT":141613000,"NETCASH_OPERATE":150251000,"NETCASH_INVEST":-8637000,"NETCASH_FINANCE":-11741000,"END_CASH":294820000,"DIVI_RATIO":0.955590247698,"DIVIDEND_RATE":10.900473933649,"CURRENT_RATIO":8.712370063531,"COMMON_ACS":50000000000,"CURRENTDEBT_DEBT":96.686890059591,"ISSUED_COMMON_SHARES":1032338937,"HK_COMMON_SHARES":1032338937,"PER_SHARES":2000,"TOTAL_MARKET_CAP":2178235157.07,"HKSK_MARKET_CAP":2178235157.07,"PE_TTM":3.105624366439,"PB_TTM":0.819860289105,"REPORT_DATE_SQ":"2019-06-30 00:00:00","REPORT_TYPE_SQ":"2019年中报","OPERATE_INCOME_SQ":308042000,"DPS_HKD":0.23,"OPERATE_INCOME_QOQ_SQ":7.246778989098,"NET_PROFIT_RATIO_SQ":22.8098765753,"HOLDER_PROFIT_SQ":70264000,"HOLDER_PROFIT_QOQ_SQ":17.924068781075,"ROE_AVG_SQ":17.780994449133,"PE_TTM_SQ":5.319839300179,"PB_TTM_SQ":2.276024152496,"ROA_SQ":14.836258291605,"START_DATE":"2020-01-01 00:00:00","FISCAL_YEAR":"12-31","CURRENCY":"HKD","IS_CNY_CODE":0,"DPS_HKD_LY":0.03,"ORG_TYPE":"一般企业","PREMIUM_INCOME":null,"PREMIUM_INCOME_YOY":null,"NET_INTEREST_INCOME":null,"NET_INTEREST_INCOME_YOY":null,"FEE_COMMISSION_INCOME":null,"FEE_COMMISSION_INCOME_YOY":null,"ACCOUNTS_RECE_TDAYS":3.108493852391,"INVENTORY_TDAYS":null,"CURRENT_ASSETS_TDAYS":0.641134142236,"TOTAL_ASSETS_TDAYS":0.604417161609,"PREMIUM_EXPENSE":null,"LOAN_DEPOSIT":null,"LOAN_EQUITY":null,"LOAN_ASSETS":null,"DEPOSIT_EQUITY":null,"DEPOSIT_ASSETS":null,"EQUITY_MULTIPLIER":1.129093397328,"EQUITY_RATIO":0.129093397328}],"count":17},"success":true,"message":"ok","code":0}