{"version":"51611706fe19d528680c213230ae83c2","result":{"pages":5,"data":[{"SECUCODE":"02668.HK","SECURITY_CODE":"02668","SECURITY_NAME_ABBR":"百德国际","ORG_CODE":"10010614","STD_REPORT_DATE":"2024-06-30 00:00:00","REPORT_DATE":"2024-06-30 00:00:00","DATE_TYPE_CODE":"002","REPORT_TYPE":"2024年中报","PER_NETCASH_OPERATE":-0.011271988034,"PER_OI":0.073822160803,"BPS":0.051811368398,"BASIC_EPS":-0.007210172,"DILUTED_EPS":-0.007210172,"OPERATE_INCOME":345487712.56,"OPERATE_INCOME_YOY":376.1474698431,"GROSS_PROFIT":15586749.04,"GROSS_PROFIT_YOY":40.308195212002,"HOLDER_PROFIT":-33593925.44,"HOLDER_PROFIT_YOY":50.3292669761,"GROSS_PROFIT_RATIO":4.511520518199,"EPS_TTM":-0.031645018346,"OPERATE_INCOME_QOQ":71.091723761933,"NET_PROFIT_RATIO":-9.7236237987,"ROE_AVG":-10.717759077541,"GROSS_PROFIT_QOQ":14.831750033859,"ROA":-4.042232145014,"HOLDER_PROFIT_QOQ":18.995251731581,"ROE_YEARLY":-21.435518155083,"ROIC_YEARLY":-8.566654098765,"TOTAL_ASSETS":796707577.76,"TOTAL_LIABILITIES":505009573.68,"TAX_EBT":-0.359908386956,"OCF_SALES":-15.269111485648,"TOTAL_PARENT_EQUITY":291698004.08,"DEBT_ASSET_RATIO":63.3870679503,"OPERATE_PROFIT":-18178760.24,"PRETAX_PROFIT":-33473451.68,"NETCASH_OPERATE":-52752904,"NETCASH_INVEST":-2498005.16,"NETCASH_FINANCE":-5806470.16,"END_CASH":15648811.28,"DIVI_RATIO":null,"DIVIDEND_RATE":null,"CURRENT_RATIO":1.203874803037,"COMMON_ACS":10000000000,"CURRENTDEBT_DEBT":85.791739408595,"ISSUED_COMMON_SHARES":5630000000,"HK_COMMON_SHARES":5630000000,"PER_SHARES":10000,"TOTAL_MARKET_CAP":2111250000,"HKSK_MARKET_CAP":2111250000,"PE_TTM":-12.838170640495,"PB_TTM":6.60578962848,"REPORT_DATE_SQ":"2023-06-30 00:00:00","REPORT_TYPE_SQ":"2023年中报","OPERATE_INCOME_SQ":73298331.98,"DPS_HKD":null,"OPERATE_INCOME_QOQ_SQ":-38.078646348064,"NET_PROFIT_RATIO_SQ":-93.2956818153,"HOLDER_PROFIT_SQ":-68322405.92,"HOLDER_PROFIT_QOQ_SQ":-746.327663606267,"ROE_AVG_SQ":-14.174797766586,"PE_TTM_SQ":-12.518703658812,"PB_TTM_SQ":3.141921447768,"ROA_SQ":-6.146498571908,"START_DATE":"2024-01-01 00:00:00","FISCAL_YEAR":"12-31","CURRENCY":"HKD","IS_CNY_CODE":0,"DPS_HKD_LY":null,"ORG_TYPE":"一般企业","PREMIUM_INCOME":null,"PREMIUM_INCOME_YOY":null,"NET_INTEREST_INCOME":null,"NET_INTEREST_INCOME_YOY":null,"FEE_COMMISSION_INCOME":null,"FEE_COMMISSION_INCOME_YOY":null,"ACCOUNTS_RECE_TDAYS":0.695862695879,"INVENTORY_TDAYS":232.827053140097,"CURRENT_ASSETS_TDAYS":0.634194804368,"TOTAL_ASSETS_TDAYS":0.415712519191,"PREMIUM_EXPENSE":null,"LOAN_DEPOSIT":null,"LOAN_EQUITY":null,"LOAN_ASSETS":null,"DEPOSIT_EQUITY":null,"DEPOSIT_ASSETS":null,"EQUITY_MULTIPLIER":2.731275382814,"EQUITY_RATIO":1.731275382815},{"SECUCODE":"02668.HK","SECURITY_CODE":"02668","SECURITY_NAME_ABBR":"百德国际","ORG_CODE":"10010614","STD_REPORT_DATE":"2023-12-31 00:00:00","REPORT_DATE":"2023-12-31 00:00:00","DATE_TYPE_CODE":"001","REPORT_TYPE":"2023年年报","PER_NETCASH_OPERATE":0.008681316509,"PER_OI":0.081809978684,"BPS":0.059114195361,"BASIC_EPS":-0.046126598,"DILUTED_EPS":-0.046126598,"OPERATE_INCOME":382870700.24,"OPERATE_INCOME_YOY":-41.8484424722,"GROSS_PROFIT":30190719.3,"GROSS_PROFIT_YOY":-7.96760311721,"HOLDER_PROFIT":-182827166.34,"HOLDER_PROFIT_YOY":-1314.8748159057,"GROSS_PROFIT_RATIO":7.885356409115,"EPS_TTM":-0.039065633833,"OPERATE_INCOME_QOQ":-4.726569403014,"NET_PROFIT_RATIO":-47.847059826,"ROE_AVG":-43.100182978219,"GROSS_PROFIT_QOQ":732.366612678727,"ROA":-17.727841296775,"HOLDER_PROFIT_QOQ":-69.601767409498,"ROE_YEARLY":-43.100182978219,"ROIC_YEARLY":-18.741003836041,"TOTAL_ASSETS":859314052.8,"TOTAL_LIABILITIES":526501132.92,"TAX_EBT":-1.353214574006,"OCF_SALES":10.611561875728,"TOTAL_PARENT_EQUITY":332812919.88,"DEBT_ASSET_RATIO":61.2699316629,"OPERATE_PROFIT":-158029362.26,"PRETAX_PROFIT":-180746485.22,"NETCASH_OPERATE":40628561.26,"NETCASH_INVEST":68471264.54,"NETCASH_FINANCE":-64560925.24,"END_CASH":77356751.64,"DIVI_RATIO":null,"DIVIDEND_RATE":null,"CURRENT_RATIO":1.247885375098,"COMMON_ACS":10000000000,"CURRENTDEBT_DEBT":85.831672363878,"ISSUED_COMMON_SHARES":5630000000,"HK_COMMON_SHARES":5630000000,"PER_SHARES":10000,"TOTAL_MARKET_CAP":2758700000,"HKSK_MARKET_CAP":2758700000,"PE_TTM":-16.775209636913,"PB_TTM":8.631565114547,"REPORT_DATE_SQ":"2022-12-31 00:00:00","REPORT_TYPE_SQ":"2022年年报","OPERATE_INCOME_SQ":648992812.72,"DPS_HKD":null,"OPERATE_INCOME_QOQ_SQ":-59.03731726408,"NET_PROFIT_RATIO_SQ":-1.9628758933,"HOLDER_PROFIT_SQ":-12737136.93,"HOLDER_PROFIT_QOQ_SQ":-211.265901735167,"ROE_AVG_SQ":-2.346509651233,"PE_TTM_SQ":-6.92440796128,"PB_TTM_SQ":1.737875300797,"ROA_SQ":-0.990323183314,"START_DATE":"2023-01-01 00:00:00","FISCAL_YEAR":"12-31","CURRENCY":"HKD","IS_CNY_CODE":0,"DPS_HKD_LY":null,"ORG_TYPE":"一般企业","PREMIUM_INCOME":null,"PREMIUM_INCOME_YOY":null,"NET_INTEREST_INCOME":null,"NET_INTEREST_INCOME_YOY":null,"FEE_COMMISSION_INCOME":null,"FEE_COMMISSION_INCOME_YOY":null,"ACCOUNTS_RECE_TDAYS":0.652899624634,"INVENTORY_TDAYS":212.606937995083,"CURRENT_ASSETS_TDAYS":0.567877422177,"TOTAL_ASSETS_TDAYS":0.371250681554,"PREMIUM_EXPENSE":null,"LOAN_DEPOSIT":null,"LOAN_EQUITY":null,"LOAN_ASSETS":null,"DEPOSIT_EQUITY":null,"DEPOSIT_ASSETS":null,"EQUITY_MULTIPLIER":2.581973239232,"EQUITY_RATIO":1.58197323923},{"SECUCODE":"02668.HK","SECURITY_CODE":"02668","SECURITY_NAME_ABBR":"百德国际","ORG_CODE":"10010614","STD_REPORT_DATE":"2023-06-30 00:00:00","REPORT_DATE":"2023-06-30 00:00:00","DATE_TYPE_CODE":"002","REPORT_TYPE":"2023年中报","PER_NETCASH_OPERATE":0.00633447541,"PER_OI":0.018794444097,"BPS":0.078057315982,"BASIC_EPS":-0.01751762,"DILUTED_EPS":-0.01751762,"OPERATE_INCOME":73298331.98,"OPERATE_INCOME_YOY":-78.7818535086,"GROSS_PROFIT":11108937.02,"GROSS_PROFIT_YOY":-72.425018842365,"HOLDER_PROFIT":-68322405.92,"HOLDER_PROFIT_YOY":-337.0114501375,"GROSS_PROFIT_RATIO":15.155784203972,"EPS_TTM":-0.027640490613,"OPERATE_INCOME_QOQ":-38.078646348064,"NET_PROFIT_RATIO":-93.2956818153,"ROE_AVG":-14.174797766586,"GROSS_PROFIT_QOQ":-88.943285869359,"ROA":-6.146498571908,"HOLDER_PROFIT_QOQ":-746.327663606267,"ROE_YEARLY":-28.349595533171,"ROIC_YEARLY":-12.715528150677,"TOTAL_ASSETS":998921074.96,"TOTAL_LIABILITIES":556235143.9,"TAX_EBT":-2.978091244828,"OCF_SALES":33.703978566307,"TOTAL_PARENT_EQUITY":439462688.98,"DEBT_ASSET_RATIO":55.6835928126,"OPERATE_PROFIT":-54870717.72,"PRETAX_PROFIT":-66406531.48,"NETCASH_OPERATE":24704454.1,"NETCASH_INVEST":35783887.76,"NETCASH_FINANCE":-57663395.14,"END_CASH":35906511.1,"DIVI_RATIO":null,"DIVIDEND_RATE":null,"CURRENT_RATIO":1.25301775695,"COMMON_ACS":10000000000,"CURRENTDEBT_DEBT":86.05547774343,"ISSUED_COMMON_SHARES":5630000000,"HK_COMMON_SHARES":5630000000,"PER_SHARES":10000,"TOTAL_MARKET_CAP":2758700000,"HKSK_MARKET_CAP":2758700000,"PE_TTM":-16.775209636913,"PB_TTM":8.631565114547,"REPORT_DATE_SQ":"2022-06-30 00:00:00","REPORT_TYPE_SQ":"2022年中报","OPERATE_INCOME_SQ":320426009.96,"DPS_HKD":null,"OPERATE_INCOME_QOQ_SQ":-8.818631662683,"NET_PROFIT_RATIO_SQ":7.5914514226,"HOLDER_PROFIT_SQ":26738370.54,"HOLDER_PROFIT_QOQ_SQ":347.898646127268,"ROE_AVG_SQ":4.876972115655,"PE_TTM_SQ":-6.92440796128,"PB_TTM_SQ":1.737875300797,"ROA_SQ":2.038873982837,"START_DATE":"2023-01-01 00:00:00","FISCAL_YEAR":"12-31","CURRENCY":"HKD","IS_CNY_CODE":0,"DPS_HKD_LY":null,"ORG_TYPE":"一般企业","PREMIUM_INCOME":null,"PREMIUM_INCOME_YOY":null,"NET_INTEREST_INCOME":null,"NET_INTEREST_INCOME_YOY":null,"FEE_COMMISSION_INCOME":null,"FEE_COMMISSION_INCOME_YOY":null,"ACCOUNTS_RECE_TDAYS":0.118472101661,"INVENTORY_TDAYS":38.33589087809,"CURRENT_ASSETS_TDAYS":0.104867090878,"TOTAL_ASSETS_TDAYS":0.06594148534,"PREMIUM_EXPENSE":null,"LOAN_DEPOSIT":null,"LOAN_EQUITY":null,"LOAN_ASSETS":null,"DEPOSIT_EQUITY":null,"DEPOSIT_ASSETS":null,"EQUITY_MULTIPLIER":2.256500613354,"EQUITY_RATIO":1.265716425645},{"SECUCODE":"02668.HK","SECURITY_CODE":"02668","SECURITY_NAME_ABBR":"百德国际","ORG_CODE":"10010614","STD_REPORT_DATE":"2022-12-31 00:00:00","REPORT_DATE":"2022-12-31 00:00:00","DATE_TYPE_CODE":"001","REPORT_TYPE":"2022年年报","PER_NETCASH_OPERATE":-0.0123003279,"PER_OI":0.166408413518,"BPS":0.090266758119,"BASIC_EPS":-0.003305099,"DILUTED_EPS":-0.003305099,"OPERATE_INCOME":648992812.72,"OPERATE_INCOME_YOY":-65.8136581432,"GROSS_PROFIT":32804447.48,"GROSS_PROFIT_YOY":-34.330327495418,"HOLDER_PROFIT":-12737136.93,"HOLDER_PROFIT_YOY":-152.4610481586,"GROSS_PROFIT_RATIO":5.054670381096,"EPS_TTM":-0.003265932546,"OPERATE_INCOME_QOQ":-59.03731726408,"NET_PROFIT_RATIO":-1.9628758933,"ROE_AVG":-2.346509651233,"GROSS_PROFIT_QOQ":-61.694870668378,"ROA":-0.990323183314,"HOLDER_PROFIT_QOQ":-211.265901735167,"ROE_YEARLY":-2.346509651233,"ROIC_YEARLY":-1.008937435124,"TOTAL_ASSETS":1186090158.89,"TOTAL_LIABILITIES":677888310.68,"TAX_EBT":15.304668012828,"OCF_SALES":-7.391650241695,"TOTAL_PARENT_EQUITY":508201848.21,"DEBT_ASSET_RATIO":57.1531856663,"OPERATE_PROFIT":13421381.75,"PRETAX_PROFIT":-15040880.26,"NETCASH_OPERATE":-47971278.81,"NETCASH_INVEST":153031443.32,"NETCASH_FINANCE":-83431418,"END_CASH":33661986.68,"DIVI_RATIO":null,"DIVIDEND_RATE":null,"CURRENT_RATIO":1.294185712748,"COMMON_ACS":10000000000,"CURRENTDEBT_DEBT":88.143115416849,"ISSUED_COMMON_SHARES":5630000000,"HK_COMMON_SHARES":5630000000,"PER_SHARES":10000,"TOTAL_MARKET_CAP":2758700000,"HKSK_MARKET_CAP":2758700000,"PE_TTM":-16.775209636913,"PB_TTM":8.631565114547,"REPORT_DATE_SQ":"2021-12-31 00:00:00","REPORT_TYPE_SQ":"2021年年报","OPERATE_INCOME_SQ":1737582324.8,"DPS_HKD":null,"OPERATE_INCOME_QOQ_SQ":-10.835070338927,"NET_PROFIT_RATIO_SQ":-0.2657603461,"HOLDER_PROFIT_SQ":-4617804.8,"HOLDER_PROFIT_QOQ_SQ":-135.069212966632,"ROE_AVG_SQ":-0.959564254533,"PE_TTM_SQ":-6.92440796128,"PB_TTM_SQ":1.737875300797,"ROA_SQ":-0.331102145715,"START_DATE":"2022-01-01 00:00:00","FISCAL_YEAR":"12-31","CURRENCY":"HKD","IS_CNY_CODE":0,"DPS_HKD_LY":null,"ORG_TYPE":"一般企业","PREMIUM_INCOME":null,"PREMIUM_INCOME_YOY":null,"NET_INTEREST_INCOME":null,"NET_INTEREST_INCOME_YOY":null,"FEE_COMMISSION_INCOME":null,"FEE_COMMISSION_INCOME_YOY":null,"ACCOUNTS_RECE_TDAYS":0.886387038528,"INVENTORY_TDAYS":364.594080338266,"CURRENT_ASSETS_TDAYS":0.742238425,"TOTAL_ASSETS_TDAYS":0.504597408172,"PREMIUM_EXPENSE":null,"LOAN_DEPOSIT":null,"LOAN_EQUITY":null,"LOAN_ASSETS":null,"DEPOSIT_EQUITY":null,"DEPOSIT_ASSETS":null,"EQUITY_MULTIPLIER":2.333895799608,"EQUITY_RATIO":1.333895799607},{"SECUCODE":"02668.HK","SECURITY_CODE":"02668","SECURITY_NAME_ABBR":"百德国际","ORG_CODE":"10010614","STD_REPORT_DATE":"2022-06-30 00:00:00","REPORT_DATE":"2022-06-30 00:00:00","DATE_TYPE_CODE":"002","REPORT_TYPE":"2022年中报","PER_NETCASH_OPERATE":-0.019584070279,"PER_OI":0.082160515374,"BPS":0.096573432016,"BASIC_EPS":0.00684152,"DILUTED_EPS":0.00684152,"OPERATE_INCOME":320426009.96,"OPERATE_INCOME_YOY":-32.1989757199,"GROSS_PROFIT":40286290.52,"GROSS_PROFIT_YOY":10.703936983485,"HOLDER_PROFIT":26738370.54,"HOLDER_PROFIT_YOY":143.7514617603,"GROSS_PROFIT_RATIO":20.463849190741,"EPS_TTM":0.002935250149,"OPERATE_INCOME_QOQ":-8.818631662683,"NET_PROFIT_RATIO":7.5914514226,"ROE_AVG":4.876972115655,"GROSS_PROFIT_QOQ":71.438326016482,"ROA":2.038873982837,"HOLDER_PROFIT_QOQ":347.898646127268,"ROE_YEARLY":9.753944231311,"ROIC_YEARLY":4.183331499184,"TOTAL_ASSETS":1295722314.32,"TOTAL_LIABILITIES":752012181.69,"TAX_EBT":7.392926959303,"OCF_SALES":-21.684901106692,"TOTAL_PARENT_EQUITY":543708422.25,"DEBT_ASSET_RATIO":58.0380667508,"OPERATE_PROFIT":43587323.92,"PRETAX_PROFIT":28872924.78,"NETCASH_OPERATE":-76377874.09,"NETCASH_INVEST":140500875.48,"NETCASH_FINANCE":-22680493.99,"END_CASH":52989282.78,"DIVI_RATIO":null,"DIVIDEND_RATE":null,"CURRENT_RATIO":1.288755952513,"COMMON_ACS":10000000000,"CURRENTDEBT_DEBT":87.331793561388,"ISSUED_COMMON_SHARES":5630000000,"HK_COMMON_SHARES":5630000000,"PER_SHARES":10000,"TOTAL_MARKET_CAP":2758700000,"HKSK_MARKET_CAP":2758700000,"PE_TTM":-16.775209636913,"PB_TTM":8.631565114547,"REPORT_DATE_SQ":"2021-06-30 00:00:00","REPORT_TYPE_SQ":"2021年中报","OPERATE_INCOME_SQ":505447828.08,"DPS_HKD":null,"OPERATE_INCOME_QOQ_SQ":-22.695550998802,"NET_PROFIT_RATIO_SQ":2.1709695655,"HOLDER_PROFIT_SQ":10673090.16,"HOLDER_PROFIT_QOQ_SQ":-26.492790974023,"ROE_AVG_SQ":2.021384728121,"PE_TTM_SQ":-6.92440796128,"PB_TTM_SQ":1.737875300797,"ROA_SQ":0.69592439072,"START_DATE":"2022-01-01 00:00:00","FISCAL_YEAR":"12-31","CURRENCY":"HKD","IS_CNY_CODE":0,"DPS_HKD_LY":null,"ORG_TYPE":"一般企业","PREMIUM_INCOME":null,"PREMIUM_INCOME_YOY":null,"NET_INTEREST_INCOME":null,"NET_INTEREST_INCOME_YOY":null,"FEE_COMMISSION_INCOME":null,"FEE_COMMISSION_INCOME_YOY":null,"ACCOUNTS_RECE_TDAYS":0.432253211754,"INVENTORY_TDAYS":117.368685059119,"CURRENT_ASSETS_TDAYS":0.395692573451,"TOTAL_ASSETS_TDAYS":0.268574989069,"PREMIUM_EXPENSE":null,"LOAN_DEPOSIT":null,"LOAN_EQUITY":null,"LOAN_ASSETS":null,"DEPOSIT_EQUITY":null,"DEPOSIT_ASSETS":null,"EQUITY_MULTIPLIER":2.383112317684,"EQUITY_RATIO":1.383116668633},{"SECUCODE":"02668.HK","SECURITY_CODE":"02668","SECURITY_NAME_ABBR":"百德国际","ORG_CODE":"10010614","STD_REPORT_DATE":"2021-12-31 00:00:00","REPORT_DATE":"2021-12-31 00:00:00","DATE_TYPE_CODE":"001","REPORT_TYPE":"2021年年报","PER_NETCASH_OPERATE":-0.050512376205,"PER_OI":0.445533929436,"BPS":0.093873549982,"BASIC_EPS":-0.0012264,"DILUTED_EPS":-0.0012264,"OPERATE_INCOME":1737582324.8,"OPERATE_INCOME_YOY":-29.2358708852,"GROSS_PROFIT":49953724.8,"GROSS_PROFIT_YOY":-26.068633120594,"HOLDER_PROFIT":-4617804.8,"HOLDER_PROFIT_YOY":-126.5363653449,"GROSS_PROFIT_RATIO":2.87489830479,"EPS_TTM":-0.001184052513,"OPERATE_INCOME_QOQ":-10.835070338927,"NET_PROFIT_RATIO":-0.2657603461,"ROE_AVG":-0.959564254533,"GROSS_PROFIT_QOQ":-5.743882318773,"ROA":-0.331102145715,"HOLDER_PROFIT_QOQ":-135.069212966632,"ROE_YEARLY":-0.959564254533,"ROIC_YEARLY":-0.344646627369,"TOTAL_ASSETS":1268799918.4,"TOTAL_LIABILITIES":740290196.8,"TAX_EBT":-1984.13284132841,"OCF_SALES":-11.337492583131,"TOTAL_PARENT_EQUITY":528508086.4,"DEBT_ASSET_RATIO":58.3457002215,"OPERATE_PROFIT":39001972.8,"PRETAX_PROFIT":-221569.6,"NETCASH_OPERATE":-196998267.2,"NETCASH_INVEST":129214321.6,"NETCASH_FINANCE":-17954496,"END_CASH":12625379.2,"DIVI_RATIO":null,"DIVIDEND_RATE":null,"CURRENT_RATIO":1.297769553839,"COMMON_ACS":10000000000,"CURRENTDEBT_DEBT":92.931968108429,"ISSUED_COMMON_SHARES":5630000000,"HK_COMMON_SHARES":5630000000,"PER_SHARES":10000,"TOTAL_MARKET_CAP":2758700000,"HKSK_MARKET_CAP":2758700000,"PE_TTM":-16.775209636913,"PB_TTM":8.631565114547,"REPORT_DATE_SQ":"2020-12-31 00:00:00","REPORT_TYPE_SQ":"2020年年报","OPERATE_INCOME_SQ":2527654488.36,"DPS_HKD":null,"OPERATE_INCOME_QOQ_SQ":26.198680434857,"NET_PROFIT_RATIO_SQ":0.7106124107,"HOLDER_PROFIT_SQ":17913465.76,"HOLDER_PROFIT_QOQ_SQ":-36.324725653471,"ROE_AVG_SQ":4.151979134764,"PE_TTM_SQ":-6.92440796128,"PB_TTM_SQ":1.737875300797,"ROA_SQ":1.451896217116,"START_DATE":"2021-01-01 00:00:00","FISCAL_YEAR":"12-31","CURRENCY":"HKD","IS_CNY_CODE":0,"DPS_HKD_LY":null,"ORG_TYPE":"一般企业","PREMIUM_INCOME":null,"PREMIUM_INCOME_YOY":null,"NET_INTEREST_INCOME":null,"NET_INTEREST_INCOME_YOY":null,"FEE_COMMISSION_INCOME":null,"FEE_COMMISSION_INCOME_YOY":null,"ACCOUNTS_RECE_TDAYS":2.502442421898,"INVENTORY_TDAYS":null,"CURRENT_ASSETS_TDAYS":1.763519798723,"TOTAL_ASSETS_TDAYS":1.245867378583,"PREMIUM_EXPENSE":null,"LOAN_DEPOSIT":null,"LOAN_EQUITY":null,"LOAN_ASSETS":null,"DEPOSIT_EQUITY":null,"DEPOSIT_ASSETS":null,"EQUITY_MULTIPLIER":2.400712544245,"EQUITY_RATIO":1.400716878038},{"SECUCODE":"02668.HK","SECURITY_CODE":"02668","SECURITY_NAME_ABBR":"百德国际","ORG_CODE":"10010614","STD_REPORT_DATE":"2021-06-30 00:00:00","REPORT_DATE":"2021-06-30 00:00:00","DATE_TYPE_CODE":"002","REPORT_TYPE":"2021年中报","PER_NETCASH_OPERATE":-0.058411375938,"PER_OI":0.1296020072,"BPS":0.10912263649,"BASIC_EPS":0.003078696,"DILUTED_EPS":0.003078696,"OPERATE_INCOME":505447828.08,"OPERATE_INCOME_YOY":-49.2644381702,"GROSS_PROFIT":36391018.8,"GROSS_PROFIT_YOY":19.962446179609,"HOLDER_PROFIT":10673090.16,"HOLDER_PROFIT_YOY":-24.0106635071,"GROSS_PROFIT_RATIO":4.591075109759,"EPS_TTM":0.003376330441,"OPERATE_INCOME_QOQ":-22.695550998802,"NET_PROFIT_RATIO":2.1709695655,"ROE_AVG":2.021384728121,"GROSS_PROFIT_QOQ":-12.778240987911,"ROA":0.69592439072,"HOLDER_PROFIT_QOQ":-26.492790974023,"ROE_YEARLY":4.042769456242,"ROIC_YEARLY":1.468395497165,"TOTAL_ASSETS":1519829899.44,"TOTAL_LIABILITIES":905467791.84,"TAX_EBT":35.131991503995,"OCF_SALES":-46.336753311376,"TOTAL_PARENT_EQUITY":614360443.44,"DEBT_ASSET_RATIO":59.5769166124,"OPERATE_PROFIT":37618336.8,"PRETAX_PROFIT":16453549.92,"NETCASH_OPERATE":-227804366.16,"NETCASH_INVEST":150483332.16,"NETCASH_FINANCE":38817364.08,"END_CASH":61184506.56,"DIVI_RATIO":null,"DIVIDEND_RATE":null,"CURRENT_RATIO":1.254100640236,"COMMON_ACS":10000000000,"CURRENTDEBT_DEBT":94.172108384687,"ISSUED_COMMON_SHARES":5630000000,"HK_COMMON_SHARES":5630000000,"PER_SHARES":10000,"TOTAL_MARKET_CAP":2758700000,"HKSK_MARKET_CAP":2758700000,"PE_TTM":-16.775209636913,"PB_TTM":8.631565114547,"REPORT_DATE_SQ":"2020-06-30 00:00:00","REPORT_TYPE_SQ":"2020年中报","OPERATE_INCOME_SQ":1063748378.88,"DPS_HKD":null,"OPERATE_INCOME_QOQ_SQ":52.075595791995,"NET_PROFIT_RATIO_SQ":1.4494844369,"HOLDER_PROFIT_SQ":15418867.2,"HOLDER_PROFIT_QOQ_SQ":-42.386629620807,"ROE_AVG_SQ":3.448476633404,"PE_TTM_SQ":-6.92440796128,"PB_TTM_SQ":1.737875300797,"ROA_SQ":1.345577986727,"START_DATE":"2021-01-01 00:00:00","FISCAL_YEAR":"12-31","CURRENCY":"HKD","IS_CNY_CODE":0,"DPS_HKD_LY":null,"ORG_TYPE":"一般企业","PREMIUM_INCOME":null,"PREMIUM_INCOME_YOY":null,"NET_INTEREST_INCOME":null,"NET_INTEREST_INCOME_YOY":null,"FEE_COMMISSION_INCOME":null,"FEE_COMMISSION_INCOME_YOY":null,"ACCOUNTS_RECE_TDAYS":0.665174511523,"INVENTORY_TDAYS":null,"CURRENT_ASSETS_TDAYS":0.453903945603,"TOTAL_ASSETS_TDAYS":0.320559256928,"PREMIUM_EXPENSE":null,"LOAN_DEPOSIT":null,"LOAN_EQUITY":null,"LOAN_ASSETS":null,"DEPOSIT_EQUITY":null,"DEPOSIT_ASSETS":null,"EQUITY_MULTIPLIER":2.473834047768,"EQUITY_RATIO":1.473838040044},{"SECUCODE":"02668.HK","SECURITY_CODE":"02668","SECURITY_NAME_ABBR":"百德国际","ORG_CODE":"10010614","STD_REPORT_DATE":"2020-12-31 00:00:00","REPORT_DATE":"2020-12-31 00:00:00","DATE_TYPE_CODE":"001","REPORT_TYPE":"2020年年报","PER_NETCASH_OPERATE":0.042437520345,"PER_OI":0.871604995986,"BPS":0.079348413975,"BASIC_EPS":0.006143972,"DILUTED_EPS":0.006143972,"OPERATE_INCOME":2527654488.36,"OPERATE_INCOME_YOY":104.2628252342,"GROSS_PROFIT":67567700.84,"GROSS_PROFIT_YOY":37.591253152704,"HOLDER_PROFIT":17913465.76,"HOLDER_PROFIT_YOY":-60.9546696997,"GROSS_PROFIT_RATIO":2.410386346252,"EPS_TTM":0.006177057159,"OPERATE_INCOME_QOQ":26.198680434857,"NET_PROFIT_RATIO":0.7106124107,"ROE_AVG":4.151979134764,"GROSS_PROFIT_QOQ":-3.909402807423,"ROA":1.451896217116,"HOLDER_PROFIT_QOQ":-36.324725653471,"ROE_YEARLY":4.151979134764,"ROIC_YEARLY":1.571806151785,"TOTAL_ASSETS":1565262714.28,"TOTAL_LIABILITIES":1118529460.32,"TAX_EBT":37.18939975211,"OCF_SALES":4.882038139494,"TOTAL_PARENT_EQUITY":446731570.68,"DEBT_ASSET_RATIO":71.4595352023,"OPERATE_PROFIT":59652918.28,"PRETAX_PROFIT":28519813.04,"NETCASH_OPERATE":122722053.32,"NETCASH_INVEST":-244732920.84,"NETCASH_FINANCE":126134061.88,"END_CASH":99843753.2,"DIVI_RATIO":null,"DIVIDEND_RATE":null,"CURRENT_RATIO":1.040881881258,"COMMON_ACS":10000000000,"CURRENTDEBT_DEBT":95.292734020172,"ISSUED_COMMON_SHARES":5630000000,"HK_COMMON_SHARES":5630000000,"PER_SHARES":10000,"TOTAL_MARKET_CAP":2758700000,"HKSK_MARKET_CAP":2758700000,"PE_TTM":-16.775209636913,"PB_TTM":8.631565114547,"REPORT_DATE_SQ":"2019-12-31 00:00:00","REPORT_TYPE_SQ":"2019年年报","OPERATE_INCOME_SQ":1313507295.84,"DPS_HKD":null,"OPERATE_INCOME_QOQ_SQ":3.920918325872,"NET_PROFIT_RATIO_SQ":3.7175174995,"HOLDER_PROFIT_SQ":48829863.58,"HOLDER_PROFIT_QOQ_SQ":74.18955592734,"ROE_AVG_SQ":11.448860175668,"PE_TTM_SQ":-6.92440796128,"PB_TTM_SQ":1.737875300797,"ROA_SQ":5.618879749315,"START_DATE":"2020-01-01 00:00:00","FISCAL_YEAR":"12-31","CURRENCY":"HKD","IS_CNY_CODE":0,"DPS_HKD_LY":null,"ORG_TYPE":"一般企业","PREMIUM_INCOME":null,"PREMIUM_INCOME_YOY":null,"NET_INTEREST_INCOME":null,"NET_INTEREST_INCOME_YOY":null,"FEE_COMMISSION_INCOME":null,"FEE_COMMISSION_INCOME_YOY":null,"ACCOUNTS_RECE_TDAYS":5.031684586613,"INVENTORY_TDAYS":null,"CURRENT_ASSETS_TDAYS":3.244304497423,"TOTAL_ASSETS_TDAYS":2.043161919444,"PREMIUM_EXPENSE":null,"LOAN_DEPOSIT":null,"LOAN_EQUITY":null,"LOAN_ASSETS":null,"DEPOSIT_EQUITY":null,"DEPOSIT_ASSETS":null,"EQUITY_MULTIPLIER":3.503797177405,"EQUITY_RATIO":2.503806611692},{"SECUCODE":"02668.HK","SECURITY_CODE":"02668","SECURITY_NAME_ABBR":"百德国际","ORG_CODE":"10010614","STD_REPORT_DATE":"2020-06-30 00:00:00","REPORT_DATE":"2020-06-30 00:00:00","DATE_TYPE_CODE":"002","REPORT_TYPE":"2020年中报","PER_NETCASH_OPERATE":0.076814634372,"PER_OI":0.366809785821,"BPS":0.07861165232,"BASIC_EPS":0.005297952,"DILUTED_EPS":0.005297952,"OPERATE_INCOME":1063748378.88,"OPERATE_INCOME_YOY":169.7720533729,"GROSS_PROFIT":30335342.4,"GROSS_PROFIT_YOY":87.155670614367,"HOLDER_PROFIT":15418867.2,"HOLDER_PROFIT_YOY":-58.886426188,"GROSS_PROFIT_RATIO":2.851740411763,"EPS_TTM":0.009700872469,"OPERATE_INCOME_QOQ":52.075595791995,"NET_PROFIT_RATIO":1.4494844369,"ROE_AVG":3.448476633404,"GROSS_PROFIT_QOQ":28.766911996913,"ROA":1.345577986727,"HOLDER_PROFIT_QOQ":-42.386629620807,"ROE_YEARLY":6.896953266809,"ROIC_YEARLY":2.86485658533,"TOTAL_ASSETS":1312472610.24,"TOTAL_LIABILITIES":869887180.8,"TAX_EBT":31.003474351114,"OCF_SALES":20.941271836724,"TOTAL_PARENT_EQUITY":442583602.56,"DEBT_ASSET_RATIO":66.2785016627,"OPERATE_PROFIT":36360392.64,"PRETAX_PROFIT":22347309.6,"NETCASH_OPERATE":222762439.68,"NETCASH_INVEST":-260665632.48,"NETCASH_FINANCE":-7829094.24,"END_CASH":42737117.28,"DIVI_RATIO":null,"DIVIDEND_RATE":null,"CURRENT_RATIO":1.028418123116,"COMMON_ACS":10000000000,"CURRENTDEBT_DEBT":93.799143145161,"ISSUED_COMMON_SHARES":5630000000,"HK_COMMON_SHARES":5630000000,"PER_SHARES":10000,"TOTAL_MARKET_CAP":2758700000,"HKSK_MARKET_CAP":2758700000,"PE_TTM":-16.775209636913,"PB_TTM":8.631565114547,"REPORT_DATE_SQ":"2019-06-30 00:00:00","REPORT_TYPE_SQ":"2019年中报","OPERATE_INCOME_SQ":379731628.8,"DPS_HKD":null,"OPERATE_INCOME_QOQ_SQ":6.160758941674,"NET_PROFIT_RATIO_SQ":9.5109803558,"HOLDER_PROFIT_SQ":36116200.62,"HOLDER_PROFIT_QOQ_SQ":453.869946898682,"ROE_AVG_SQ":8.626435042778,"PE_TTM_SQ":-6.92440796128,"PB_TTM_SQ":1.737875300797,"ROA_SQ":4.792809093695,"START_DATE":"2020-01-01 00:00:00","FISCAL_YEAR":"12-31","CURRENCY":"HKD","IS_CNY_CODE":0,"DPS_HKD_LY":null,"ORG_TYPE":"一般企业","PREMIUM_INCOME":null,"PREMIUM_INCOME_YOY":null,"NET_INTEREST_INCOME":null,"NET_INTEREST_INCOME_YOY":null,"FEE_COMMISSION_INCOME":null,"FEE_COMMISSION_INCOME_YOY":null,"ACCOUNTS_RECE_TDAYS":3.146128368193,"INVENTORY_TDAYS":null,"CURRENT_ASSETS_TDAYS":1.609761255903,"TOTAL_ASSETS_TDAYS":0.928314890757,"PREMIUM_EXPENSE":null,"LOAN_DEPOSIT":null,"LOAN_EQUITY":null,"LOAN_ASSETS":null,"DEPOSIT_EQUITY":null,"DEPOSIT_ASSETS":null,"EQUITY_MULTIPLIER":2.965467281428,"EQUITY_RATIO":1.965475394408}],"count":45},"success":true,"message":"ok","code":0}