{"version":"b7ca47ec4853d768db81150ba3e26b02","result":{"pages":3,"data":[{"SECUCODE":"02669.HK","SECURITY_CODE":"02669","SECURITY_NAME_ABBR":"中海物业","ORG_CODE":"10472821","STD_REPORT_DATE":"2024-06-30 00:00:00","REPORT_DATE":"2024-06-30 00:00:00","DATE_TYPE_CODE":"002","REPORT_TYPE":"2024年中报","PER_NETCASH_OPERATE":-0.024363874345,"PER_OI":2.082374036866,"BPS":1.39959571864,"BASIC_EPS":0.2245,"DILUTED_EPS":0.2245,"OPERATE_INCOME":6838434000,"OPERATE_INCOME_YOY":8.9823103835,"GROSS_PROFIT":1148288000,"GROSS_PROFIT_YOY":14.225006615033,"HOLDER_PROFIT":737524000,"HOLDER_PROFIT_YOY":15.97000445,"GROSS_PROFIT_RATIO":16.79168066841,"EPS_TTM":0.439733065483,"OPERATE_INCOME_QOQ":4.318536538646,"NET_PROFIT_RATIO":10.8745803498,"ROE_AVG":16.920379986102,"GROSS_PROFIT_QOQ":6.908909953523,"ROA":6.680264979146,"HOLDER_PROFIT_QOQ":7.565197247231,"ROE_YEARLY":33.840759972203,"ROIC_YEARLY":24.939841986303,"TOTAL_ASSETS":11469858000,"TOTAL_LIABILITIES":6813407000,"TAX_EBT":25.375355486382,"OCF_SALES":-1.170004711605,"TOTAL_PARENT_EQUITY":4596217000,"DEBT_ASSET_RATIO":59.4027144887,"OPERATE_PROFIT":995442000,"PRETAX_PROFIT":996522000,"NETCASH_OPERATE":-80010000,"NETCASH_INVEST":-47404000,"NETCASH_FINANCE":-31641000,"END_CASH":3040287000,"DIVI_RATIO":0.351591709007,"DIVIDEND_RATE":3.490759753593,"CURRENT_RATIO":1.59654816573,"COMMON_ACS":30000000000,"CURRENTDEBT_DEBT":98.577510487778,"ISSUED_COMMON_SHARES":3283960460,"HK_COMMON_SHARES":3283960460,"PER_SHARES":5000,"TOTAL_MARKET_CAP":15992887440.2,"HKSK_MARKET_CAP":15992887440.2,"PE_TTM":9.997177305482,"PB_TTM":3.175739637385,"REPORT_DATE_SQ":"2023-06-30 00:00:00","REPORT_TYPE_SQ":"2023年中报","OPERATE_INCOME_SQ":6274811000,"DPS_HKD":0.17,"OPERATE_INCOME_QOQ_SQ":14.400051435956,"NET_PROFIT_RATIO_SQ":10.2004934786,"HOLDER_PROFIT_SQ":635961000,"HOLDER_PROFIT_QOQ_SQ":19.628422509962,"ROE_AVG_SQ":20.407306773979,"PE_TTM_SQ":12.369054566547,"PB_TTM_SQ":4.641911126397,"ROA_SQ":7.101188038972,"START_DATE":"2024-01-01 00:00:00","FISCAL_YEAR":"12-31","CURRENCY":"HKD","IS_CNY_CODE":0,"DPS_HKD_LY":0.17,"ORG_TYPE":"一般企业","PREMIUM_INCOME":null,"PREMIUM_INCOME_YOY":null,"NET_INTEREST_INCOME":null,"NET_INTEREST_INCOME_YOY":null,"FEE_COMMISSION_INCOME":null,"FEE_COMMISSION_INCOME_YOY":null,"ACCOUNTS_RECE_TDAYS":2.361062141228,"INVENTORY_TDAYS":7.987318877453,"CURRENT_ASSETS_TDAYS":0.662187870085,"TOTAL_ASSETS_TDAYS":0.619404265656,"PREMIUM_EXPENSE":null,"LOAN_DEPOSIT":null,"LOAN_EQUITY":null,"LOAN_ASSETS":null,"DEPOSIT_EQUITY":null,"DEPOSIT_ASSETS":null,"EQUITY_MULTIPLIER":2.46321887635,"EQUITY_RATIO":1.482394543165},{"SECUCODE":"02669.HK","SECURITY_CODE":"02669","SECURITY_NAME_ABBR":"中海物业","ORG_CODE":"10472821","STD_REPORT_DATE":"2023-12-31 00:00:00","REPORT_DATE":"2023-12-31 00:00:00","DATE_TYPE_CODE":"001","REPORT_TYPE":"2023年年报","PER_NETCASH_OPERATE":0.457785177774,"PER_OI":3.970734431482,"BPS":1.254998362556,"BASIC_EPS":0.4084,"DILUTED_EPS":0.4084,"OPERATE_INCOME":13051250000,"OPERATE_INCOME_YOY":19.7381719191,"GROSS_PROFIT":2069820000,"GROSS_PROFIT_YOY":19.262925595358,"HOLDER_PROFIT":1342503000,"HOLDER_PROFIT_YOY":22.7562628414,"GROSS_PROFIT_RATIO":15.859170577531,"EPS_TTM":0.408445389251,"OPERATE_INCOME_QOQ":0.650708939895,"NET_PROFIT_RATIO":10.3553605976,"ROE_AVG":36.784164295109,"GROSS_PROFIT_QOQ":-2.018319642805,"ROA":12.950886393342,"HOLDER_PROFIT_QOQ":-1.322092769876,"ROE_YEARLY":36.784164295109,"ROIC_YEARLY":24.853910705514,"TOTAL_ASSETS":10610823000,"TOTAL_LIABILITIES":6433806000,"TAX_EBT":25.057045753606,"OCF_SALES":11.52897998276,"TOTAL_PARENT_EQUITY":4121365000,"DEBT_ASSET_RATIO":60.6343730359,"OPERATE_PROFIT":1803427000,"PRETAX_PROFIT":1803377000,"NETCASH_OPERATE":1504676000,"NETCASH_INVEST":-278990000,"NETCASH_FINANCE":-462844000,"END_CASH":3191750000,"DIVI_RATIO":0.378524287625,"DIVIDEND_RATE":3.107861060329,"CURRENT_RATIO":1.560171091715,"COMMON_ACS":30000000000,"CURRENTDEBT_DEBT":98.934301096427,"ISSUED_COMMON_SHARES":3283960460,"HK_COMMON_SHARES":3283960460,"PER_SHARES":5000,"TOTAL_MARKET_CAP":17963263716.2,"HKSK_MARKET_CAP":17963263716.2,"PE_TTM":11.228862394453,"PB_TTM":3.567001194352,"REPORT_DATE_SQ":"2022-12-31 00:00:00","REPORT_TYPE_SQ":"2022年年报","OPERATE_INCOME_SQ":10899824000,"DPS_HKD":0.17,"OPERATE_INCOME_QOQ_SQ":24.318262904682,"NET_PROFIT_RATIO_SQ":10.0928538869,"HOLDER_PROFIT_SQ":1093633000,"HOLDER_PROFIT_QOQ_SQ":23.150214229209,"ROE_AVG_SQ":38.513728130916,"PE_TTM_SQ":13.414640114439,"PB_TTM_SQ":5.034302894275,"ROA_SQ":13.807678064865,"START_DATE":"2023-01-01 00:00:00","FISCAL_YEAR":"12-31","CURRENCY":"HKD","IS_CNY_CODE":0,"DPS_HKD_LY":0.135,"ORG_TYPE":"一般企业","PREMIUM_INCOME":null,"PREMIUM_INCOME_YOY":null,"NET_INTEREST_INCOME":null,"NET_INTEREST_INCOME_YOY":null,"FEE_COMMISSION_INCOME":null,"FEE_COMMISSION_INCOME_YOY":null,"ACCOUNTS_RECE_TDAYS":5.981634245953,"INVENTORY_TDAYS":12.87047460434,"CURRENT_ASSETS_TDAYS":1.34146474331,"TOTAL_ASSETS_TDAYS":1.259030751075,"PREMIUM_EXPENSE":null,"LOAN_DEPOSIT":null,"LOAN_EQUITY":null,"LOAN_ASSETS":null,"DEPOSIT_EQUITY":null,"DEPOSIT_ASSETS":null,"EQUITY_MULTIPLIER":2.540287243264,"EQUITY_RATIO":1.561086193531},{"SECUCODE":"02669.HK","SECURITY_CODE":"02669","SECURITY_NAME_ABBR":"中海物业","ORG_CODE":"10472821","STD_REPORT_DATE":"2023-06-30 00:00:00","REPORT_DATE":"2023-06-30 00:00:00","DATE_TYPE_CODE":"002","REPORT_TYPE":"2023年中报","PER_NETCASH_OPERATE":-0.060780332111,"PER_OI":1.909059139067,"BPS":1.105306739631,"BASIC_EPS":0.1935,"DILUTED_EPS":0.1935,"OPERATE_INCOME":6274811000,"OPERATE_INCOME_YOY":23.2057104771,"GROSS_PROFIT":1005286000,"GROSS_PROFIT_YOY":33.976582492406,"HOLDER_PROFIT":635961000,"HOLDER_PROFIT_YOY":39.1689159139,"GROSS_PROFIT_RATIO":16.020980518569,"EPS_TTM":0.41391776611,"OPERATE_INCOME_QOQ":14.400051435956,"NET_PROFIT_RATIO":10.2004934786,"ROE_AVG":20.407306773979,"GROSS_PROFIT_QOQ":17.049894511422,"ROA":7.101188038972,"HOLDER_PROFIT_QOQ":19.628422509962,"ROE_YEARLY":40.814613547958,"ROIC_YEARLY":25.512827304776,"TOTAL_ASSETS":9519820589.82,"TOTAL_LIABILITIES":5838073245.92,"TAX_EBT":25.888728072715,"OCF_SALES":-3.025006470729,"TOTAL_PARENT_EQUITY":3629783629.12,"DEBT_ASSET_RATIO":61.3254545171,"OPERATE_PROFIT":862795000,"PRETAX_PROFIT":863650000,"NETCASH_OPERATE":-189813000,"NETCASH_INVEST":-80046000,"NETCASH_FINANCE":-34516000,"END_CASH":2121557000,"DIVI_RATIO":0.373519845386,"DIVIDEND_RATE":3.107861060329,"CURRENT_RATIO":1.555524942681,"COMMON_ACS":30000000000,"CURRENTDEBT_DEBT":98.532888910226,"ISSUED_COMMON_SHARES":3283960460,"HK_COMMON_SHARES":3283960460,"PER_SHARES":5000,"TOTAL_MARKET_CAP":17963263716.2,"HKSK_MARKET_CAP":17963263716.2,"PE_TTM":11.228862394453,"PB_TTM":3.567001194352,"REPORT_DATE_SQ":"2022-06-30 00:00:00","REPORT_TYPE_SQ":"2022年中报","OPERATE_INCOME_SQ":4971967761.25,"DPS_HKD":0.17,"OPERATE_INCOME_QOQ_SQ":18.104821880581,"NET_PROFIT_RATIO_SQ":9.0332867494,"HOLDER_PROFIT_SQ":446114994.64,"HOLDER_PROFIT_QOQ_SQ":14.801167028091,"ROE_AVG_SQ":16.885415493295,"PE_TTM_SQ":13.414640114439,"PB_TTM_SQ":5.034302894275,"ROA_SQ":6.020916514573,"START_DATE":"2023-01-01 00:00:00","FISCAL_YEAR":"12-31","CURRENCY":"HKD","IS_CNY_CODE":0,"DPS_HKD_LY":0.135,"ORG_TYPE":"一般企业","PREMIUM_INCOME":null,"PREMIUM_INCOME_YOY":null,"NET_INTEREST_INCOME":null,"NET_INTEREST_INCOME_YOY":null,"FEE_COMMISSION_INCOME":null,"FEE_COMMISSION_INCOME_YOY":null,"ACCOUNTS_RECE_TDAYS":2.693920229224,"INVENTORY_TDAYS":6.445968456172,"CURRENT_ASSETS_TDAYS":0.744884488209,"TOTAL_ASSETS_TDAYS":0.700649940206,"PREMIUM_EXPENSE":null,"LOAN_DEPOSIT":null,"LOAN_EQUITY":null,"LOAN_ASSETS":null,"DEPOSIT_EQUITY":null,"DEPOSIT_ASSETS":null,"EQUITY_MULTIPLIER":2.585680031953,"EQUITY_RATIO":1.608380510365},{"SECUCODE":"02669.HK","SECURITY_CODE":"02669","SECURITY_NAME_ABBR":"中海物业","ORG_CODE":"10472821","STD_REPORT_DATE":"2022-12-31 00:00:00","REPORT_DATE":"2022-12-31 00:00:00","DATE_TYPE_CODE":"001","REPORT_TYPE":"2022年年报","PER_NETCASH_OPERATE":0.329040067341,"PER_OI":3.316180936991,"BPS":0.982323220329,"BASIC_EPS":0.3327,"DILUTED_EPS":0.3327,"OPERATE_INCOME":10899824000,"OPERATE_INCOME_YOY":34.3880635901,"GROSS_PROFIT":1735510000,"GROSS_PROFIT_YOY":29.305434437721,"HOLDER_PROFIT":1093633000,"HOLDER_PROFIT_YOY":29.4015888246,"GROSS_PROFIT_RATIO":15.92236657859,"EPS_TTM":0.346002862385,"OPERATE_INCOME_QOQ":24.318262904682,"NET_PROFIT_RATIO":10.0928538869,"ROE_AVG":38.513728130916,"GROSS_PROFIT_QOQ":18.869528854775,"ROA":13.807678064865,"HOLDER_PROFIT_QOQ":23.150214229209,"ROE_YEARLY":38.513728130916,"ROIC_YEARLY":27.196588276987,"TOTAL_ASSETS":8906828000,"TOTAL_LIABILITIES":5683403000,"TAX_EBT":23.693830044614,"OCF_SALES":9.541595502487,"TOTAL_PARENT_EQUITY":3177988000,"DEBT_ASSET_RATIO":63.8095045199,"OPERATE_PROFIT":1449534000,"PRETAX_PROFIT":1441696000,"NETCASH_OPERATE":1045071000,"NETCASH_INVEST":-1034392000,"NETCASH_FINANCE":-278867000,"END_CASH":2418185000,"DIVI_RATIO":0.446835898797,"DIVIDEND_RATE":3.107861060329,"CURRENT_RATIO":1.498763764982,"COMMON_ACS":30000000000,"CURRENTDEBT_DEBT":98.426682042431,"ISSUED_COMMON_SHARES":3283960460,"HK_COMMON_SHARES":3283960460,"PER_SHARES":5000,"TOTAL_MARKET_CAP":17963263716.2,"HKSK_MARKET_CAP":17963263716.2,"PE_TTM":11.228862394453,"PB_TTM":3.567001194352,"REPORT_DATE_SQ":"2021-12-31 00:00:00","REPORT_TYPE_SQ":"2021年年报","OPERATE_INCOME_SQ":7719807816,"DPS_HKD":0.17,"OPERATE_INCOME_QOQ_SQ":19.145278552853,"NET_PROFIT_RATIO_SQ":10.4495164443,"HOLDER_PROFIT_SQ":804413747.2,"HOLDER_PROFIT_QOQ_SQ":21.803836195285,"ROE_AVG_SQ":38.217014260802,"PE_TTM_SQ":13.414640114439,"PB_TTM_SQ":5.034302894275,"ROA_SQ":13.557457337371,"START_DATE":"2022-01-01 00:00:00","FISCAL_YEAR":"12-31","CURRENCY":"HKD","IS_CNY_CODE":0,"DPS_HKD_LY":0.1,"ORG_TYPE":"一般企业","PREMIUM_INCOME":null,"PREMIUM_INCOME_YOY":null,"NET_INTEREST_INCOME":null,"NET_INTEREST_INCOME_YOY":null,"FEE_COMMISSION_INCOME":null,"FEE_COMMISSION_INCOME_YOY":null,"ACCOUNTS_RECE_TDAYS":6.667005527281,"INVENTORY_TDAYS":11.194131691729,"CURRENT_ASSETS_TDAYS":1.470275511369,"TOTAL_ASSETS_TDAYS":1.376159412348,"PREMIUM_EXPENSE":null,"LOAN_DEPOSIT":null,"LOAN_EQUITY":null,"LOAN_ASSETS":null,"DEPOSIT_EQUITY":null,"DEPOSIT_ASSETS":null,"EQUITY_MULTIPLIER":2.763156421967,"EQUITY_RATIO":1.788365154305},{"SECUCODE":"02669.HK","SECURITY_CODE":"02669","SECURITY_NAME_ABBR":"中海物业","ORG_CODE":"10472821","STD_REPORT_DATE":"2022-06-30 00:00:00","REPORT_DATE":"2022-06-30 00:00:00","DATE_TYPE_CODE":"002","REPORT_TYPE":"2022年中报","PER_NETCASH_OPERATE":-0.253643418559,"PER_OI":1.51267990283,"BPS":0.827788575207,"BASIC_EPS":0.135718653,"DILUTED_EPS":0.135718653,"OPERATE_INCOME":4971967761.25,"OPERATE_INCOME_YOY":35.3438480429,"GROSS_PROFIT":750344561.19,"GROSS_PROFIT_YOY":30.662103691293,"HOLDER_PROFIT":446114994.64,"HOLDER_PROFIT_YOY":32.7186595226,"GROSS_PROFIT_RATIO":15.091500935263,"EPS_TTM":0.280960016635,"OPERATE_INCOME_QOQ":18.104821880581,"NET_PROFIT_RATIO":9.0332867494,"ROE_AVG":16.885415493295,"GROSS_PROFIT_QOQ":13.119059389413,"ROA":6.020916514573,"HOLDER_PROFIT_QOQ":14.801167028091,"ROE_YEARLY":33.77083098659,"ROIC_YEARLY":22.24263185318,"TOTAL_ASSETS":7703885044.1,"TOTAL_LIABILITIES":4939722822.3,"TAX_EBT":25.543202420345,"OCF_SALES":-16.767818365548,"TOTAL_PARENT_EQUITY":2718424950.22,"DEBT_ASSET_RATIO":64.1198926778,"OPERATE_PROFIT":604398690.98,"PRETAX_PROFIT":603211687.26,"NETCASH_OPERATE":-833690523.4,"NETCASH_INVEST":130094923.56,"NETCASH_FINANCE":369671270.92,"END_CASH":2379188181.02,"DIVI_RATIO":0.550279366621,"DIVIDEND_RATE":3.107861060329,"CURRENT_RATIO":1.4810662029,"COMMON_ACS":30000000000,"CURRENTDEBT_DEBT":97.894816115177,"ISSUED_COMMON_SHARES":3283960460,"HK_COMMON_SHARES":3283960460,"PER_SHARES":5000,"TOTAL_MARKET_CAP":17963263716.2,"HKSK_MARKET_CAP":17963263716.2,"PE_TTM":11.228862394453,"PB_TTM":3.567001194352,"REPORT_DATE_SQ":"2021-06-30 00:00:00","REPORT_TYPE_SQ":"2021年中报","OPERATE_INCOME_SQ":3574310306.64,"DPS_HKD":0.17,"OPERATE_INCOME_QOQ_SQ":17.625584622688,"NET_PROFIT_RATIO_SQ":9.2061402825,"HOLDER_PROFIT_SQ":327052372.32,"HOLDER_PROFIT_QOQ_SQ":12.095749818153,"ROE_AVG_SQ":17.131511177429,"PE_TTM_SQ":13.414640114439,"PB_TTM_SQ":5.034302894275,"ROA_SQ":5.939694093378,"START_DATE":"2022-01-01 00:00:00","FISCAL_YEAR":"12-31","CURRENCY":"HKD","IS_CNY_CODE":0,"DPS_HKD_LY":0.1,"ORG_TYPE":"一般企业","PREMIUM_INCOME":null,"PREMIUM_INCOME_YOY":null,"NET_INTEREST_INCOME":null,"NET_INTEREST_INCOME_YOY":null,"FEE_COMMISSION_INCOME":null,"FEE_COMMISSION_INCOME_YOY":null,"ACCOUNTS_RECE_TDAYS":3.026979169677,"INVENTORY_TDAYS":5.142811303722,"CURRENT_ASSETS_TDAYS":0.7218565198,"TOTAL_ASSETS_TDAYS":0.671033324665,"PREMIUM_EXPENSE":null,"LOAN_DEPOSIT":null,"LOAN_EQUITY":null,"LOAN_ASSETS":null,"DEPOSIT_EQUITY":null,"DEPOSIT_ASSETS":null,"EQUITY_MULTIPLIER":2.787059667966,"EQUITY_RATIO":1.817126796861},{"SECUCODE":"02669.HK","SECURITY_CODE":"02669","SECURITY_NAME_ABBR":"中海物业","ORG_CODE":"10472821","STD_REPORT_DATE":"2021-12-31 00:00:00","REPORT_DATE":"2021-12-31 00:00:00","DATE_TYPE_CODE":"001","REPORT_TYPE":"2021年年报","PER_NETCASH_OPERATE":0.191434478846,"PER_OI":2.348687420701,"BPS":0.746912485298,"BASIC_EPS":0.24470768,"DILUTED_EPS":0.24470768,"OPERATE_INCOME":7719807816,"OPERATE_INCOME_YOY":44.2660419745,"GROSS_PROFIT":1342178700.8,"GROSS_PROFIT_YOY":33.399664815307,"HOLDER_PROFIT":804413747.2,"HOLDER_PROFIT_YOY":40.5515365539,"GROSS_PROFIT_RATIO":17.386167282794,"EPS_TTM":0.244736202522,"OPERATE_INCOME_QOQ":19.145278552853,"NET_PROFIT_RATIO":10.4495164443,"ROE_AVG":38.217014260802,"GROSS_PROFIT_QOQ":20.604678823207,"ROA":13.557457337371,"HOLDER_PROFIT_QOQ":21.803836195285,"ROE_YEARLY":38.217014260802,"ROIC_YEARLY":30.568825000847,"TOTAL_ASSETS":6802216153.6,"TOTAL_LIABILITIES":4306492153.6,"TAX_EBT":25.12548055981,"OCF_SALES":8.15070056402,"TOTAL_PARENT_EQUITY":2452831068.8,"DEBT_ASSET_RATIO":63.3101338792,"OPERATE_PROFIT":1078678484.8,"PRETAX_PROFIT":1077379318.4,"NETCASH_OPERATE":629218419.2,"NETCASH_INVEST":-215461310.4,"NETCASH_FINANCE":-211358593.6,"END_CASH":2696569075.2,"DIVI_RATIO":0.631727134796,"DIVIDEND_RATE":3.107861060329,"CURRENT_RATIO":1.482481646599,"COMMON_ACS":30000000000,"CURRENTDEBT_DEBT":99.036230766953,"ISSUED_COMMON_SHARES":3283960460,"HK_COMMON_SHARES":3283960460,"PER_SHARES":5000,"TOTAL_MARKET_CAP":17963263716.2,"HKSK_MARKET_CAP":17963263716.2,"PE_TTM":11.228862394453,"PB_TTM":3.567001194352,"REPORT_DATE_SQ":"2020-12-31 00:00:00","REPORT_TYPE_SQ":"2020年年报","OPERATE_INCOME_SQ":5508430278.28,"DPS_HKD":0.17,"OPERATE_INCOME_QOQ_SQ":2.47477733713,"NET_PROFIT_RATIO_SQ":10.8053520334,"HOLDER_PROFIT_SQ":589154733.12,"HOLDER_PROFIT_QOQ_SQ":13.808788964353,"ROE_AVG_SQ":38.223563793307,"PE_TTM_SQ":13.414640114439,"PB_TTM_SQ":5.034302894275,"ROA_SQ":13.34654371844,"START_DATE":"2021-01-01 00:00:00","FISCAL_YEAR":"12-31","CURRENCY":"HKD","IS_CNY_CODE":0,"DPS_HKD_LY":0.072,"ORG_TYPE":"一般企业","PREMIUM_INCOME":null,"PREMIUM_INCOME_YOY":null,"NET_INTEREST_INCOME":null,"NET_INTEREST_INCOME_YOY":null,"FEE_COMMISSION_INCOME":null,"FEE_COMMISSION_INCOME_YOY":null,"ACCOUNTS_RECE_TDAYS":8.454551803861,"INVENTORY_TDAYS":10.118820884622,"CURRENT_ASSETS_TDAYS":1.401954666786,"TOTAL_ASSETS_TDAYS":1.301083745553,"PREMIUM_EXPENSE":null,"LOAN_DEPOSIT":null,"LOAN_EQUITY":null,"LOAN_ASSETS":null,"DEPOSIT_EQUITY":null,"DEPOSIT_ASSETS":null,"EQUITY_MULTIPLIER":2.725548239145,"EQUITY_RATIO":1.755723094174},{"SECUCODE":"02669.HK","SECURITY_CODE":"02669","SECURITY_NAME_ABBR":"中海物业","ORG_CODE":"10472821","STD_REPORT_DATE":"2021-06-30 00:00:00","REPORT_DATE":"2021-06-30 00:00:00","DATE_TYPE_CODE":"002","REPORT_TYPE":"2021年中报","PER_NETCASH_OPERATE":-0.118189995106,"PER_OI":1.087454228781,"BPS":0.618198289415,"BASIC_EPS":0.099516768,"DILUTED_EPS":0.099516768,"OPERATE_INCOME":3574310306.64,"OPERATE_INCOME_YOY":50.717407383,"GROSS_PROFIT":574263340.32,"GROSS_PROFIT_YOY":22.831208141034,"HOLDER_PROFIT":327052372.32,"HOLDER_PROFIT_YOY":40.3618910899,"GROSS_PROFIT_RATIO":16.066409770108,"EPS_TTM":0.20092651444,"OPERATE_INCOME_QOQ":17.625584622688,"NET_PROFIT_RATIO":9.2061402825,"ROE_AVG":17.131511177429,"GROSS_PROFIT_QOQ":10.609029530983,"ROA":5.939694093378,"HOLDER_PROFIT_QOQ":12.095749818153,"ROE_YEARLY":34.263022354858,"ROIC_YEARLY":25.373604038303,"TOTAL_ASSETS":5858218468.08,"TOTAL_LIABILITIES":3795691015.2,"TAX_EBT":27.414857981921,"OCF_SALES":-10.868502965686,"TOTAL_PARENT_EQUITY":2030138738.88,"DEBT_ASSET_RATIO":64.7925821797,"OPERATE_PROFIT":453738216.48,"PRETAX_PROFIT":453337986,"NETCASH_OPERATE":-388474021.68,"NETCASH_INVEST":-916995428.16,"NETCASH_FINANCE":-11230583.76,"END_CASH":1159279650.48,"DIVI_RATIO":0.769467884468,"DIVIDEND_RATE":3.107861060329,"CURRENT_RATIO":1.451336665508,"COMMON_ACS":30000000000,"CURRENTDEBT_DEBT":98.660036083118,"ISSUED_COMMON_SHARES":3283960460,"HK_COMMON_SHARES":3283960460,"PER_SHARES":5000,"TOTAL_MARKET_CAP":17963263716.2,"HKSK_MARKET_CAP":17963263716.2,"PE_TTM":11.228862394453,"PB_TTM":3.567001194352,"REPORT_DATE_SQ":"2020-06-30 00:00:00","REPORT_TYPE_SQ":"2020年中报","OPERATE_INCOME_SQ":2603417266.56,"DPS_HKD":0.17,"OPERATE_INCOME_QOQ_SQ":9.793832356793,"NET_PROFIT_RATIO_SQ":10.028475954,"HOLDER_PROFIT_SQ":255789689.76,"HOLDER_PROFIT_QOQ_SQ":7.448191218363,"ROE_AVG_SQ":17.568347124626,"PE_TTM_SQ":13.414640114439,"PB_TTM_SQ":5.034302894275,"ROA_SQ":6.340556554907,"START_DATE":"2021-01-01 00:00:00","FISCAL_YEAR":"12-31","CURRENCY":"HKD","IS_CNY_CODE":0,"DPS_HKD_LY":0.072,"ORG_TYPE":"一般企业","PREMIUM_INCOME":null,"PREMIUM_INCOME_YOY":null,"NET_INTEREST_INCOME":null,"NET_INTEREST_INCOME_YOY":null,"FEE_COMMISSION_INCOME":null,"FEE_COMMISSION_INCOME_YOY":null,"ACCOUNTS_RECE_TDAYS":3.486514170044,"INVENTORY_TDAYS":5.576532182601,"CURRENT_ASSETS_TDAYS":0.700280217529,"TOTAL_ASSETS_TDAYS":0.649140982089,"PREMIUM_EXPENSE":null,"LOAN_DEPOSIT":null,"LOAN_EQUITY":null,"LOAN_ASSETS":null,"DEPOSIT_EQUITY":null,"DEPOSIT_ASSETS":null,"EQUITY_MULTIPLIER":2.840310542239,"EQUITY_RATIO":1.869670748362},{"SECUCODE":"02669.HK","SECURITY_CODE":"02669","SECURITY_NAME_ABBR":"中海物业","ORG_CODE":"10472821","STD_REPORT_DATE":"2020-12-31 00:00:00","REPORT_DATE":"2020-12-31 00:00:00","DATE_TYPE_CODE":"001","REPORT_TYPE":"2020年年报","PER_NETCASH_OPERATE":0.312418918216,"PER_OI":1.675894168711,"BPS":0.550719822869,"BASIC_EPS":0.17926932,"DILUTED_EPS":0.17926932,"OPERATE_INCOME":5508430278.28,"OPERATE_INCOME_YOY":19.7484558197,"GROSS_PROFIT":1006133488.16,"GROSS_PROFIT_YOY":3.005126755037,"HOLDER_PROFIT":589154733.12,"HOLDER_PROFIT_YOY":30.151717983,"GROSS_PROFIT_RATIO":18.265339440298,"EPS_TTM":0.179245435056,"OPERATE_INCOME_QOQ":2.47477733713,"NET_PROFIT_RATIO":10.8053520334,"ROE_AVG":38.223563793307,"GROSS_PROFIT_QOQ":-1.117540682297,"ROA":13.34654371844,"HOLDER_PROFIT_QOQ":13.808788964353,"ROE_YEARLY":38.223563793307,"ROIC_YEARLY":33.081460274582,"TOTAL_ASSETS":5213431250.08,"TOTAL_LIABILITIES":3375031948.24,"TAX_EBT":24.089624428818,"OCF_SALES":18.641924057549,"TOTAL_PARENT_EQUITY":1808542122.84,"DEBT_ASSET_RATIO":64.7372485863,"OPERATE_PROFIT":786143100.04,"PRETAX_PROFIT":784089498.44,"NETCASH_OPERATE":1026877389.24,"NETCASH_INVEST":131469217.84,"NETCASH_FINANCE":-161900395.32,"END_CASH":2470685560.04,"DIVI_RATIO":0.862540794704,"DIVIDEND_RATE":3.107861060329,"CURRENT_RATIO":1.45125444592,"COMMON_ACS":30000000000,"CURRENTDEBT_DEBT":98.571469896007,"ISSUED_COMMON_SHARES":3283960460,"HK_COMMON_SHARES":3283960460,"PER_SHARES":5000,"TOTAL_MARKET_CAP":17963263716.2,"HKSK_MARKET_CAP":17963263716.2,"PE_TTM":11.228862394453,"PB_TTM":3.567001194352,"REPORT_DATE_SQ":"2019-12-31 00:00:00","REPORT_TYPE_SQ":"2019年年报","OPERATE_INCOME_SQ":4895904401.38,"DPS_HKD":0.17,"OPERATE_INCOME_QOQ_SQ":18.138542484302,"NET_PROFIT_RATIO_SQ":9.9558669704,"HOLDER_PROFIT_SQ":481786315.2,"HOLDER_PROFIT_QOQ_SQ":25.243691646303,"ROE_AVG_SQ":40.75993667447,"PE_TTM_SQ":13.414640114439,"PB_TTM_SQ":5.034302894275,"ROA_SQ":13.698816801121,"START_DATE":"2020-01-01 00:00:00","FISCAL_YEAR":"12-31","CURRENCY":"HKD","IS_CNY_CODE":0,"DPS_HKD_LY":0.05,"ORG_TYPE":"一般企业","PREMIUM_INCOME":null,"PREMIUM_INCOME_YOY":null,"NET_INTEREST_INCOME":null,"NET_INTEREST_INCOME_YOY":null,"FEE_COMMISSION_INCOME":null,"FEE_COMMISSION_INCOME_YOY":null,"ACCOUNTS_RECE_TDAYS":9.25923589001,"INVENTORY_TDAYS":10.439150377752,"CURRENT_ASSETS_TDAYS":1.347748923557,"TOTAL_ASSETS_TDAYS":1.247864124586,"PREMIUM_EXPENSE":null,"LOAN_DEPOSIT":null,"LOAN_EQUITY":null,"LOAN_ASSETS":null,"DEPOSIT_EQUITY":null,"DEPOSIT_ASSETS":null,"EQUITY_MULTIPLIER":2.835853584617,"EQUITY_RATIO":1.866161647891},{"SECUCODE":"02669.HK","SECURITY_CODE":"02669","SECURITY_NAME_ABBR":"中海物业","ORG_CODE":"10472821","STD_REPORT_DATE":"2020-06-30 00:00:00","REPORT_DATE":"2020-06-30 00:00:00","DATE_TYPE_CODE":"002","REPORT_TYPE":"2020年中报","PER_NETCASH_OPERATE":0.00279073742,"PER_OI":0.792068083888,"BPS":0.465628586624,"BASIC_EPS":0.077825088,"DILUTED_EPS":0.077825088,"OPERATE_INCOME":2603417266.56,"OPERATE_INCOME_YOY":18.0430229462,"GROSS_PROFIT":467522341.44,"GROSS_PROFIT_YOY":9.541872240196,"HOLDER_PROFIT":255789689.76,"HOLDER_PROFIT_YOY":12.0165287273,"GROSS_PROFIT_RATIO":17.9580256859,"EPS_TTM":0.157497005887,"OPERATE_INCOME_QOQ":9.793832356793,"NET_PROFIT_RATIO":10.028475954,"ROE_AVG":17.568347124626,"GROSS_PROFIT_QOQ":4.169260620923,"ROA":6.340556554907,"HOLDER_PROFIT_QOQ":7.448191218363,"ROE_YEARLY":35.136694249252,"ROIC_YEARLY":29.189557683277,"TOTAL_ASSETS":4144818036.48,"TOTAL_LIABILITIES":2589919363.68,"TAX_EBT":26.810506854857,"OCF_SALES":0.352335547506,"TOTAL_PARENT_EQUITY":1529105867.52,"DEBT_ASSET_RATIO":62.4857192978,"OPERATE_PROFIT":358150689.6,"PRETAX_PROFIT":356722069.44,"NETCASH_OPERATE":9172764.48,"NETCASH_INVEST":416662002.24,"NETCASH_FINANCE":-15814386.72,"END_CASH":1854265844.64,"DIVI_RATIO":0.981647232776,"DIVIDEND_RATE":3.107861060329,"CURRENT_RATIO":1.519895375429,"COMMON_ACS":30000000000,"CURRENTDEBT_DEBT":98.163822629117,"ISSUED_COMMON_SHARES":3283960460,"HK_COMMON_SHARES":3283960460,"PER_SHARES":5000,"TOTAL_MARKET_CAP":17963263716.2,"HKSK_MARKET_CAP":17963263716.2,"PE_TTM":11.228862394453,"PB_TTM":3.567001194352,"REPORT_DATE_SQ":"2019-06-30 00:00:00","REPORT_TYPE_SQ":"2019年中报","OPERATE_INCOME_SQ":2123920597.14,"DPS_HKD":0.17,"OPERATE_INCOME_QOQ_SQ":13.841743310316,"NET_PROFIT_RATIO_SQ":10.4373401321,"HOLDER_PROFIT_SQ":219905323.74,"HOLDER_PROFIT_QOQ_SQ":9.195978144172,"ROE_AVG_SQ":20.488630666526,"PE_TTM_SQ":13.414640114439,"PB_TTM_SQ":5.034302894275,"ROA_SQ":6.841504220648,"START_DATE":"2020-01-01 00:00:00","FISCAL_YEAR":"12-31","CURRENCY":"HKD","IS_CNY_CODE":0,"DPS_HKD_LY":0.05,"ORG_TYPE":"一般企业","PREMIUM_INCOME":null,"PREMIUM_INCOME_YOY":null,"NET_INTEREST_INCOME":null,"NET_INTEREST_INCOME_YOY":null,"FEE_COMMISSION_INCOME":null,"FEE_COMMISSION_INCOME_YOY":null,"ACCOUNTS_RECE_TDAYS":3.678811163222,"INVENTORY_TDAYS":5.738365829417,"CURRENT_ASSETS_TDAYS":0.694633761144,"TOTAL_ASSETS_TDAYS":0.645339318803,"PREMIUM_EXPENSE":null,"LOAN_DEPOSIT":null,"LOAN_EQUITY":null,"LOAN_ASSETS":null,"DEPOSIT_EQUITY":null,"DEPOSIT_ASSETS":null,"EQUITY_MULTIPLIER":2.665651536646,"EQUITY_RATIO":1.693747580657}],"count":22},"success":true,"message":"ok","code":0}