{"version":"520bdd858ad5d0da049e0a7ac00a5ffa","result":{"pages":3,"data":[{"SECUCODE":"02666.HK","SECURITY_CODE":"02666","SECURITY_NAME_ABBR":"环球医疗","ORG_CODE":"10467914","STD_REPORT_DATE":"2024-06-30 00:00:00","REPORT_DATE":"2024-06-30 00:00:00","DATE_TYPE_CODE":"002","REPORT_TYPE":"2024年中报","PER_NETCASH_OPERATE":-1.043105275919,"PER_OI":3.458922979464,"BPS":8.964011883862,"BASIC_EPS":0.6,"DILUTED_EPS":0.57,"OPERATE_INCOME":6542690000,"OPERATE_INCOME_YOY":-2.9144841299,"GROSS_PROFIT":2263824000,"GROSS_PROFIT_YOY":-0.402249570715,"HOLDER_PROFIT":1137235000,"HOLDER_PROFIT_YOY":3.662060416,"GROSS_PROFIT_RATIO":34.600814038263,"EPS_TTM":1.089637739296,"OPERATE_INCOME_QOQ":-1.438879700177,"NET_PROFIT_RATIO":19.1385041932,"ROE_AVG":6.969734345278,"GROSS_PROFIT_QOQ":-0.199984295229,"ROA":1.384202777811,"HOLDER_PROFIT_QOQ":1.987957947824,"ROE_YEARLY":13.939468690557,"ROIC_YEARLY":3.04691333862,"TOTAL_ASSETS":83971499000,"TOTAL_LIABILITIES":61680072000,"TAX_EBT":22.642051456933,"OCF_SALES":-30.156938506944,"TOTAL_PARENT_EQUITY":16955784000,"DEBT_ASSET_RATIO":73.4535797676,"OPERATE_PROFIT":1628038000,"PRETAX_PROFIT":1618674000,"NETCASH_OPERATE":-1973075000,"NETCASH_INVEST":-525092000,"NETCASH_FINANCE":1793299000,"END_CASH":2144745000,"DIVI_RATIO":0.29108481522,"DIVIDEND_RATE":6.972111553785,"CURRENT_RATIO":1.356518443276,"COMMON_ACS":null,"CURRENTDEBT_DEBT":41.500238521122,"ISSUED_COMMON_SHARES":1891539661,"HK_COMMON_SHARES":1891539661,"PER_SHARES":500,"TOTAL_MARKET_CAP":9495529098.22,"HKSK_MARKET_CAP":9495529098.22,"PE_TTM":4.153419041136,"PB_TTM":0.511116412981,"REPORT_DATE_SQ":"2023-06-30 00:00:00","REPORT_TYPE_SQ":"2023年中报","OPERATE_INCOME_SQ":6739100000,"DPS_HKD":0.35,"OPERATE_INCOME_QOQ_SQ":7.741018826172,"NET_PROFIT_RATIO_SQ":17.9908597337,"HOLDER_PROFIT_SQ":1097060000,"HOLDER_PROFIT_QOQ_SQ":0.201586021676,"ROE_AVG_SQ":7.61986727173,"PE_TTM_SQ":3.964633526456,"PB_TTM_SQ":0.503782521908,"ROA_SQ":1.356983343139,"START_DATE":"2024-01-01 00:00:00","FISCAL_YEAR":"12-31","CURRENCY":"HKD","IS_CNY_CODE":0,"DPS_HKD_LY":0.35,"ORG_TYPE":"一般企业","PREMIUM_INCOME":null,"PREMIUM_INCOME_YOY":null,"NET_INTEREST_INCOME":null,"NET_INTEREST_INCOME_YOY":null,"FEE_COMMISSION_INCOME":null,"FEE_COMMISSION_INCOME_YOY":null,"ACCOUNTS_RECE_TDAYS":null,"INVENTORY_TDAYS":9.674323013582,"CURRENT_ASSETS_TDAYS":0.200025711385,"TOTAL_ASSETS_TDAYS":0.079635340737,"PREMIUM_EXPENSE":null,"LOAN_DEPOSIT":null,"LOAN_EQUITY":null,"LOAN_ASSETS":null,"DEPOSIT_EQUITY":null,"DEPOSIT_ASSETS":null,"EQUITY_MULTIPLIER":3.766986249918,"EQUITY_RATIO":3.637700975667},{"SECUCODE":"02666.HK","SECURITY_CODE":"02666","SECURITY_NAME_ABBR":"环球医疗","ORG_CODE":"10467914","STD_REPORT_DATE":"2023-12-31 00:00:00","REPORT_DATE":"2023-12-31 00:00:00","DATE_TYPE_CODE":"001","REPORT_TYPE":"2023年年报","PER_NETCASH_OPERATE":2.640158756893,"PER_OI":7.216450852944,"BPS":8.288349075225,"BASIC_EPS":1.07,"DILUTED_EPS":0.99,"OPERATE_INCOME":13650203000,"OPERATE_INCOME_YOY":13.0622755975,"GROSS_PROFIT":4571859000,"GROSS_PROFIT_YOY":1.725855050871,"HOLDER_PROFIT":2020918000,"HOLDER_PROFIT_YOY":7.0165117132,"GROSS_PROFIT_RATIO":33.492974426827,"EPS_TTM":1.068398427835,"OPERATE_INCOME_QOQ":6.357530051789,"NET_PROFIT_RATIO":16.1101779952,"ROE_AVG":13.628091029227,"GROSS_PROFIT_QOQ":4.63277500765,"ROA":2.570888757385,"HOLDER_PROFIT_QOQ":6.711084779879,"ROE_YEARLY":13.628091029227,"ROIC_YEARLY":2.861193206612,"TOTAL_ASSETS":80344744000,"TOTAL_LIABILITIES":59976786000,"TAX_EBT":23.276044034411,"OCF_SALES":36.585280087043,"TOTAL_PARENT_EQUITY":15677741000,"DEBT_ASSET_RATIO":74.6492962875,"OPERATE_PROFIT":2900511000,"PRETAX_PROFIT":2866213000,"NETCASH_OPERATE":4993965000,"NETCASH_INVEST":-1058997000,"NETCASH_FINANCE":-3793636000,"END_CASH":2848973000,"DIVI_RATIO":0.296871458939,"DIVIDEND_RATE":7.246376811594,"CURRENT_RATIO":1.020673889629,"COMMON_ACS":null,"CURRENTDEBT_DEBT":50.141801529679,"ISSUED_COMMON_SHARES":1891539661,"HK_COMMON_SHARES":1891539661,"PER_SHARES":500,"TOTAL_MARKET_CAP":9136136562.63,"HKSK_MARKET_CAP":9136136562.63,"PE_TTM":3.99621792205,"PB_TTM":0.491771369462,"REPORT_DATE_SQ":"2022-12-31 00:00:00","REPORT_TYPE_SQ":"2022年年报","OPERATE_INCOME_SQ":12073172000,"DPS_HKD":0.35,"OPERATE_INCOME_QOQ_SQ":12.177648433053,"NET_PROFIT_RATIO_SQ":17.524365899,"HOLDER_PROFIT_SQ":1888417000,"HOLDER_PROFIT_QOQ_SQ":0.819889877641,"ROE_AVG_SQ":13.961769519686,"PE_TTM_SQ":3.92731932856,"PB_TTM_SQ":0.499041039349,"ROA_SQ":2.57546451478,"START_DATE":"2023-01-01 00:00:00","FISCAL_YEAR":"12-31","CURRENCY":"HKD","IS_CNY_CODE":0,"DPS_HKD_LY":0.34,"ORG_TYPE":"一般企业","PREMIUM_INCOME":null,"PREMIUM_INCOME_YOY":null,"NET_INTEREST_INCOME":null,"NET_INTEREST_INCOME_YOY":null,"FEE_COMMISSION_INCOME":null,"FEE_COMMISSION_INCOME_YOY":null,"ACCOUNTS_RECE_TDAYS":null,"INVENTORY_TDAYS":22.5026466502,"CURRENT_ASSETS_TDAYS":0.464402330149,"TOTAL_ASSETS_TDAYS":0.173649566329,"PREMIUM_EXPENSE":null,"LOAN_DEPOSIT":null,"LOAN_EQUITY":null,"LOAN_ASSETS":null,"DEPOSIT_EQUITY":null,"DEPOSIT_ASSETS":null,"EQUITY_MULTIPLIER":3.944663672223,"EQUITY_RATIO":3.825601277633},{"SECUCODE":"02666.HK","SECURITY_CODE":"02666","SECURITY_NAME_ABBR":"环球医疗","ORG_CODE":"10467914","STD_REPORT_DATE":"2023-06-30 00:00:00","REPORT_DATE":"2023-06-30 00:00:00","DATE_TYPE_CODE":"002","REPORT_TYPE":"2023年中报","PER_NETCASH_OPERATE":-1.765438530765,"PER_OI":3.56275902586,"BPS":7.777989171119,"BASIC_EPS":0.58,"DILUTED_EPS":0.54,"OPERATE_INCOME":6739100000,"OPERATE_INCOME_YOY":16.1428429628,"GROSS_PROFIT":2272967000,"GROSS_PROFIT_YOY":-4.523701610603,"HOLDER_PROFIT":1097060000,"HOLDER_PROFIT_YOY":0.349745035,"GROSS_PROFIT_RATIO":34.126851341045,"EPS_TTM":1.00120660383,"OPERATE_INCOME_QOQ":7.741018826172,"NET_PROFIT_RATIO":17.9908597337,"ROE_AVG":7.61986727173,"GROSS_PROFIT_QOQ":-2.59822304513,"ROA":1.356983343139,"HOLDER_PROFIT_QOQ":0.201586021676,"ROE_YEARLY":15.23973454346,"ROIC_YEARLY":3.011033070525,"TOTAL_ASSETS":84247640000,"TOTAL_LIABILITIES":64561898000,"TAX_EBT":23.632272807172,"OCF_SALES":-50.334726078398,"TOTAL_PARENT_EQUITY":14712375000,"DEBT_ASSET_RATIO":76.6334795847,"OPERATE_PROFIT":1576267000,"PRETAX_PROFIT":1564475000,"NETCASH_OPERATE":-3364482000,"NETCASH_INVEST":-358271000,"NETCASH_FINANCE":3459721000,"END_CASH":2512942000,"DIVI_RATIO":0.316794754236,"DIVIDEND_RATE":7.246376811594,"CURRENT_RATIO":1.139939587637,"COMMON_ACS":null,"CURRENTDEBT_DEBT":46.275490537778,"ISSUED_COMMON_SHARES":1891539661,"HK_COMMON_SHARES":1891539661,"PER_SHARES":500,"TOTAL_MARKET_CAP":9136136562.63,"HKSK_MARKET_CAP":9136136562.63,"PE_TTM":3.99621792205,"PB_TTM":0.491771369462,"REPORT_DATE_SQ":"2022-06-30 00:00:00","REPORT_TYPE_SQ":"2022年中报","OPERATE_INCOME_SQ":5712259000,"DPS_HKD":0.35,"OPERATE_INCOME_QOQ_SQ":7.108166176179,"NET_PROFIT_RATIO_SQ":20.5936040365,"HOLDER_PROFIT_SQ":1089365000,"HOLDER_PROFIT_QOQ_SQ":2.147356766144,"ROE_AVG_SQ":8.254293133733,"PE_TTM_SQ":3.92731932856,"PB_TTM_SQ":0.499041039349,"ROA_SQ":1.481569833105,"START_DATE":"2023-01-01 00:00:00","FISCAL_YEAR":"12-31","CURRENCY":"HKD","IS_CNY_CODE":0,"DPS_HKD_LY":0.34,"ORG_TYPE":"一般企业","PREMIUM_INCOME":null,"PREMIUM_INCOME_YOY":null,"NET_INTEREST_INCOME":null,"NET_INTEREST_INCOME_YOY":null,"FEE_COMMISSION_INCOME":null,"FEE_COMMISSION_INCOME_YOY":null,"ACCOUNTS_RECE_TDAYS":null,"INVENTORY_TDAYS":11.900486064781,"CURRENT_ASSETS_TDAYS":0.213502091374,"TOTAL_ASSETS_TDAYS":0.082354089254,"PREMIUM_EXPENSE":null,"LOAN_DEPOSIT":null,"LOAN_EQUITY":null,"LOAN_ASSETS":null,"DEPOSIT_EQUITY":null,"DEPOSIT_ASSETS":null,"EQUITY_MULTIPLIER":4.279627356691,"EQUITY_RATIO":4.38827164207},{"SECUCODE":"02666.HK","SECURITY_CODE":"02666","SECURITY_NAME_ABBR":"环球医疗","ORG_CODE":"10467914","STD_REPORT_DATE":"2022-12-31 00:00:00","REPORT_DATE":"2022-12-31 00:00:00","DATE_TYPE_CODE":"001","REPORT_TYPE":"2022年年报","PER_NETCASH_OPERATE":1.087577512867,"PER_OI":6.382722101432,"BPS":7.385578683883,"BASIC_EPS":1,"DILUTED_EPS":0.93,"OPERATE_INCOME":12073172000,"OPERATE_INCOME_YOY":20.1514220962,"GROSS_PROFIT":4494294000,"GROSS_PROFIT_YOY":7.021294987259,"HOLDER_PROFIT":1888417000,"HOLDER_PROFIT_YOY":2.9848526045,"GROSS_PROFIT_RATIO":37.658968077944,"EPS_TTM":0.999192371679,"OPERATE_INCOME_QOQ":12.177648433053,"NET_PROFIT_RATIO":17.524365899,"ROE_AVG":13.961769519686,"GROSS_PROFIT_QOQ":6.39190167334,"ROA":2.57546451478,"HOLDER_PROFIT_QOQ":0.819889877641,"ROE_YEARLY":13.961769519686,"ROIC_YEARLY":2.874610644826,"TOTAL_ASSETS":76980328000,"TOTAL_LIABILITIES":57259507000,"TAX_EBT":22.836234876672,"OCF_SALES":17.26974330389,"TOTAL_PARENT_EQUITY":13980382000,"DEBT_ASSET_RATIO":74.3686543745,"OPERATE_PROFIT":2726611000,"PRETAX_PROFIT":2703274000,"NETCASH_OPERATE":2032068000,"NETCASH_INVEST":-121398000,"NETCASH_FINANCE":-1576418000,"END_CASH":2705342000,"DIVI_RATIO":0.317433368178,"DIVIDEND_RATE":7.246376811594,"CURRENT_RATIO":1.064923447285,"COMMON_ACS":null,"CURRENTDEBT_DEBT":46.214746487426,"ISSUED_COMMON_SHARES":1891539661,"HK_COMMON_SHARES":1891539661,"PER_SHARES":500,"TOTAL_MARKET_CAP":9136136562.63,"HKSK_MARKET_CAP":9136136562.63,"PE_TTM":3.99621792205,"PB_TTM":0.491771369462,"REPORT_DATE_SQ":"2021-12-31 00:00:00","REPORT_TYPE_SQ":"2021年年报","OPERATE_INCOME_SQ":9914273000,"DPS_HKD":0.35,"OPERATE_INCOME_QOQ_SQ":4.310051775879,"NET_PROFIT_RATIO_SQ":20.4802611346,"HOLDER_PROFIT_SQ":1835233000,"HOLDER_PROFIT_QOQ_SQ":-3.616318757874,"ROE_AVG_SQ":15.373999617919,"PE_TTM_SQ":3.92731932856,"PB_TTM_SQ":0.499041039349,"ROA_SQ":2.793123250876,"START_DATE":"2022-01-01 00:00:00","FISCAL_YEAR":"12-31","CURRENCY":"HKD","IS_CNY_CODE":0,"DPS_HKD_LY":0.36,"ORG_TYPE":"一般企业","PREMIUM_INCOME":null,"PREMIUM_INCOME_YOY":null,"NET_INTEREST_INCOME":null,"NET_INTEREST_INCOME_YOY":null,"FEE_COMMISSION_INCOME":null,"FEE_COMMISSION_INCOME_YOY":null,"ACCOUNTS_RECE_TDAYS":null,"INVENTORY_TDAYS":23.164916439862,"CURRENT_ASSETS_TDAYS":0.448807083699,"TOTAL_ASSETS_TDAYS":0.162323275541,"PREMIUM_EXPENSE":null,"LOAN_DEPOSIT":null,"LOAN_EQUITY":null,"LOAN_ASSETS":null,"DEPOSIT_EQUITY":null,"DEPOSIT_ASSETS":null,"EQUITY_MULTIPLIER":3.901472886406,"EQUITY_RATIO":4.095704037272},{"SECUCODE":"02666.HK","SECURITY_CODE":"02666","SECURITY_NAME_ABBR":"环球医疗","ORG_CODE":"10467914","STD_REPORT_DATE":"2022-06-30 00:00:00","REPORT_DATE":"2022-06-30 00:00:00","DATE_TYPE_CODE":"002","REPORT_TYPE":"2022年中报","PER_NETCASH_OPERATE":-0.698168813073,"PER_OI":3.019899142363,"BPS":7.026616609759,"BASIC_EPS":0.58,"DILUTED_EPS":0.53,"OPERATE_INCOME":5712259000,"OPERATE_INCOME_YOY":14.0732487994,"GROSS_PROFIT":2380661000,"GROSS_PROFIT_YOY":0.720799924184,"HOLDER_PROFIT":1089365000,"HOLDER_PROFIT_YOY":3.7533953804,"GROSS_PROFIT_RATIO":41.676349059103,"EPS_TTM":0.991066715994,"OPERATE_INCOME_QOQ":7.108166176179,"NET_PROFIT_RATIO":20.5936040365,"ROE_AVG":8.254293133733,"GROSS_PROFIT_QOQ":0.405697046677,"ROA":1.481569833105,"HOLDER_PROFIT_QOQ":2.147356766144,"ROE_YEARLY":16.508586267466,"ROIC_YEARLY":3.312830846597,"TOTAL_ASSETS":77155704000,"TOTAL_LIABILITIES":58882890000,"TAX_EBT":21.826260199016,"OCF_SALES":-23.118944711716,"TOTAL_PARENT_EQUITY":13291124000,"DEBT_ASSET_RATIO":76.316962904,"OPERATE_PROFIT":1512747000,"PRETAX_PROFIT":1504802000,"NETCASH_OPERATE":-1320614000,"NETCASH_INVEST":-86395000,"NETCASH_FINANCE":2785594000,"END_CASH":3679646000,"DIVI_RATIO":0.320035972232,"DIVIDEND_RATE":7.246376811594,"CURRENT_RATIO":1.28078512772,"COMMON_ACS":null,"CURRENTDEBT_DEBT":37.119232768636,"ISSUED_COMMON_SHARES":1891539661,"HK_COMMON_SHARES":1891539661,"PER_SHARES":500,"TOTAL_MARKET_CAP":9136136562.63,"HKSK_MARKET_CAP":9136136562.63,"PE_TTM":3.99621792205,"PB_TTM":0.491771369462,"REPORT_DATE_SQ":"2021-06-30 00:00:00","REPORT_TYPE_SQ":"2021年中报","OPERATE_INCOME_SQ":5007536000,"DPS_HKD":0.35,"OPERATE_INCOME_QOQ_SQ":11.540353643449,"NET_PROFIT_RATIO_SQ":22.4765832937,"HOLDER_PROFIT_SQ":1049956000,"HOLDER_PROFIT_QOQ_SQ":15.571971979992,"ROE_AVG_SQ":9.077194486437,"PE_TTM_SQ":3.92731932856,"PB_TTM_SQ":0.499041039349,"ROA_SQ":1.598034086095,"START_DATE":"2022-01-01 00:00:00","FISCAL_YEAR":"12-31","CURRENCY":"HKD","IS_CNY_CODE":0,"DPS_HKD_LY":0.36,"ORG_TYPE":"一般企业","PREMIUM_INCOME":null,"PREMIUM_INCOME_YOY":null,"NET_INTEREST_INCOME":null,"NET_INTEREST_INCOME_YOY":null,"FEE_COMMISSION_INCOME":null,"FEE_COMMISSION_INCOME_YOY":null,"ACCOUNTS_RECE_TDAYS":null,"INVENTORY_TDAYS":11.556011099549,"CURRENT_ASSETS_TDAYS":0.215611476827,"TOTAL_ASSETS_TDAYS":0.077688475518,"PREMIUM_EXPENSE":null,"LOAN_DEPOSIT":null,"LOAN_EQUITY":null,"LOAN_ASSETS":null,"DEPOSIT_EQUITY":null,"DEPOSIT_ASSETS":null,"EQUITY_MULTIPLIER":4.222431421893,"EQUITY_RATIO":4.430241565725},{"SECUCODE":"02666.HK","SECURITY_CODE":"02666","SECURITY_NAME_ABBR":"环球医疗","ORG_CODE":"10467914","STD_REPORT_DATE":"2021-12-31 00:00:00","REPORT_DATE":"2021-12-31 00:00:00","DATE_TYPE_CODE":"001","REPORT_TYPE":"2021年年报","PER_NETCASH_OPERATE":-0.74043914007,"PER_OI":5.241377278211,"BPS":6.927683976276,"BASIC_EPS":0.99,"DILUTED_EPS":0.91,"OPERATE_INCOME":9914273000,"OPERATE_INCOME_YOY":16.3478006365,"GROSS_PROFIT":4199439000,"GROSS_PROFIT_YOY":18.161748464747,"HOLDER_PROFIT":1835233000,"HOLDER_PROFIT_YOY":11.3925210784,"GROSS_PROFIT_RATIO":42.357508210637,"EPS_TTM":0.970232365643,"OPERATE_INCOME_QOQ":4.310051775879,"NET_PROFIT_RATIO":20.4802611346,"ROE_AVG":15.373999617919,"GROSS_PROFIT_QOQ":-0.103929580038,"ROA":2.793123250876,"HOLDER_PROFIT_QOQ":-3.616318757874,"ROE_YEARLY":15.373999617919,"ROIC_YEARLY":3.102201240294,"TOTAL_ASSETS":69899801000,"TOTAL_LIABILITIES":52276546000,"TAX_EBT":24.568579928435,"OCF_SALES":-14.126804860024,"TOTAL_PARENT_EQUITY":13103989000,"DEBT_ASSET_RATIO":74.7878323717,"OPERATE_PROFIT":2708017000,"PRETAX_PROFIT":2691808000,"NETCASH_OPERATE":-1400570000,"NETCASH_INVEST":-664522000,"NETCASH_FINANCE":2391778000,"END_CASH":2342078000,"DIVI_RATIO":0.326908286336,"DIVIDEND_RATE":7.246376811594,"CURRENT_RATIO":1.334271157596,"COMMON_ACS":null,"CURRENTDEBT_DEBT":35.831171783997,"ISSUED_COMMON_SHARES":1891539661,"HK_COMMON_SHARES":1891539661,"PER_SHARES":500,"TOTAL_MARKET_CAP":9136136562.63,"HKSK_MARKET_CAP":9136136562.63,"PE_TTM":3.99621792205,"PB_TTM":0.491771369462,"REPORT_DATE_SQ":"2020-12-31 00:00:00","REPORT_TYPE_SQ":"2020年年报","OPERATE_INCOME_SQ":8521238000,"DPS_HKD":0.35,"OPERATE_INCOME_QOQ_SQ":11.470520788652,"NET_PROFIT_RATIO_SQ":21.2869303733,"HOLDER_PROFIT_SQ":1647537000,"HOLDER_PROFIT_QOQ_SQ":12.065682959529,"ROE_AVG_SQ":16.264084899479,"PE_TTM_SQ":3.92731932856,"PB_TTM_SQ":0.499041039349,"ROA_SQ":2.760536078202,"START_DATE":"2021-01-01 00:00:00","FISCAL_YEAR":"12-31","CURRENCY":"HKD","IS_CNY_CODE":0,"DPS_HKD_LY":0.31,"ORG_TYPE":"一般企业","PREMIUM_INCOME":null,"PREMIUM_INCOME_YOY":null,"NET_INTEREST_INCOME":null,"NET_INTEREST_INCOME_YOY":null,"FEE_COMMISSION_INCOME":null,"FEE_COMMISSION_INCOME_YOY":null,"ACCOUNTS_RECE_TDAYS":null,"INVENTORY_TDAYS":24.661552967779,"CURRENT_ASSETS_TDAYS":0.42345923481,"TOTAL_ASSETS_TDAYS":0.150889758586,"PREMIUM_EXPENSE":null,"LOAN_DEPOSIT":null,"LOAN_EQUITY":null,"LOAN_ASSETS":null,"DEPOSIT_EQUITY":null,"DEPOSIT_ASSETS":null,"EQUITY_MULTIPLIER":3.966338851712,"EQUITY_RATIO":3.989361254806},{"SECUCODE":"02666.HK","SECURITY_CODE":"02666","SECURITY_NAME_ABBR":"环球医疗","ORG_CODE":"10467914","STD_REPORT_DATE":"2021-06-30 00:00:00","REPORT_DATE":"2021-06-30 00:00:00","DATE_TYPE_CODE":"002","REPORT_TYPE":"2021年中报","PER_NETCASH_OPERATE":-2.143128734534,"PER_OI":2.647333335508,"BPS":6.536166412426,"BASIC_EPS":0.57,"DILUTED_EPS":0.53,"OPERATE_INCOME":5007536000,"OPERATE_INCOME_YOY":24.43695633,"GROSS_PROFIT":2363624000,"GROSS_PROFIT_YOY":37.917867464586,"HOLDER_PROFIT":1049956000,"HOLDER_PROFIT_YOY":32.3359406707,"GROSS_PROFIT_RATIO":47.201338143151,"EPS_TTM":1.00663551458,"OPERATE_INCOME_QOQ":11.540353643449,"NET_PROFIT_RATIO":22.4765832937,"ROE_AVG":9.077194486437,"GROSS_PROFIT_QOQ":18.284681237206,"ROA":1.598034086095,"HOLDER_PROFIT_QOQ":15.571971979992,"ROE_YEARLY":18.154388972873,"ROIC_YEARLY":3.59018787548,"TOTAL_ASSETS":69894945000,"TOTAL_LIABILITIES":52549728000,"TAX_EBT":23.719937594628,"OCF_SALES":-80.954245760789,"TOTAL_PARENT_EQUITY":12363418000,"DEBT_ASSET_RATIO":75.1838748854,"OPERATE_PROFIT":1481417000,"PRETAX_PROFIT":1475514000,"NETCASH_OPERATE":-4053813000,"NETCASH_INVEST":-44620000,"NETCASH_FINANCE":5283278000,"END_CASH":3212184000,"DIVI_RATIO":0.315086240656,"DIVIDEND_RATE":7.246376811594,"CURRENT_RATIO":1.066493364546,"COMMON_ACS":null,"CURRENTDEBT_DEBT":45.357886533685,"ISSUED_COMMON_SHARES":1891539661,"HK_COMMON_SHARES":1891539661,"PER_SHARES":500,"TOTAL_MARKET_CAP":9136136562.63,"HKSK_MARKET_CAP":9136136562.63,"PE_TTM":3.99621792205,"PB_TTM":0.491771369462,"REPORT_DATE_SQ":"2020-06-30 00:00:00","REPORT_TYPE_SQ":"2020年中报","OPERATE_INCOME_SQ":4024155000,"DPS_HKD":0.35,"OPERATE_INCOME_QOQ_SQ":12.160361242546,"NET_PROFIT_RATIO_SQ":21.3952494375,"HOLDER_PROFIT_SQ":793402000,"HOLDER_PROFIT_QOQ_SQ":-1.248240117791,"ROE_AVG_SQ":8.204638090696,"PE_TTM_SQ":3.92731932856,"PB_TTM_SQ":0.499041039349,"ROA_SQ":1.35564348269,"START_DATE":"2021-01-01 00:00:00","FISCAL_YEAR":"12-31","CURRENCY":"HKD","IS_CNY_CODE":0,"DPS_HKD_LY":0.31,"ORG_TYPE":"一般企业","PREMIUM_INCOME":null,"PREMIUM_INCOME_YOY":null,"NET_INTEREST_INCOME":null,"NET_INTEREST_INCOME_YOY":null,"FEE_COMMISSION_INCOME":null,"FEE_COMMISSION_INCOME_YOY":null,"ACCOUNTS_RECE_TDAYS":null,"INVENTORY_TDAYS":12.162599681204,"CURRENT_ASSETS_TDAYS":0.21194631302,"TOTAL_ASSETS_TDAYS":0.076214748193,"PREMIUM_EXPENSE":null,"LOAN_DEPOSIT":null,"LOAN_EQUITY":null,"LOAN_ASSETS":null,"DEPOSIT_EQUITY":null,"DEPOSIT_ASSETS":null,"EQUITY_MULTIPLIER":4.029637968789,"EQUITY_RATIO":4.250420716989},{"SECUCODE":"02666.HK","SECURITY_CODE":"02666","SECURITY_NAME_ABBR":"环球医疗","ORG_CODE":"10467914","STD_REPORT_DATE":"2020-12-31 00:00:00","REPORT_DATE":"2020-12-31 00:00:00","DATE_TYPE_CODE":"001","REPORT_TYPE":"2020年年报","PER_NETCASH_OPERATE":-0.566170487059,"PER_OI":4.964875173846,"BPS":5.694046084292,"BASIC_EPS":0.96,"DILUTED_EPS":0.96,"OPERATE_INCOME":8521238000,"OPERATE_INCOME_YOY":25.0257387955,"GROSS_PROFIT":3553975000,"GROSS_PROFIT_YOY":11.792492298091,"HOLDER_PROFIT":1647537000,"HOLDER_PROFIT_YOY":10.6668341466,"GROSS_PROFIT_RATIO":41.707261315785,"EPS_TTM":0.959932764381,"OPERATE_INCOME_QOQ":11.470520788652,"NET_PROFIT_RATIO":21.2869303733,"ROE_AVG":16.264084899479,"GROSS_PROFIT_QOQ":9.424320573025,"ROA":2.760536078202,"HOLDER_PROFIT_QOQ":12.065682959529,"ROE_YEARLY":16.264084899479,"ROIC_YEARLY":3.114777355421,"TOTAL_ASSETS":61511013000,"TOTAL_LIABILITIES":46545678000,"TAX_EBT":23.302356772518,"OCF_SALES":-11.403519066126,"TOTAL_PARENT_EQUITY":10770514000,"DEBT_ASSET_RATIO":75.6704787157,"OPERATE_PROFIT":2384225000,"PRETAX_PROFIT":2365014000,"NETCASH_OPERATE":-971721000,"NETCASH_INVEST":-296531000,"NETCASH_FINANCE":-34628000,"END_CASH":2036535000,"DIVI_RATIO":0.330415849702,"DIVIDEND_RATE":7.246376811594,"CURRENT_RATIO":0.936227916766,"COMMON_ACS":null,"CURRENTDEBT_DEBT":50.100615141969,"ISSUED_COMMON_SHARES":1891539661,"HK_COMMON_SHARES":1891539661,"PER_SHARES":500,"TOTAL_MARKET_CAP":9136136562.63,"HKSK_MARKET_CAP":9136136562.63,"PE_TTM":3.99621792205,"PB_TTM":0.491771369462,"REPORT_DATE_SQ":"2019-12-31 00:00:00","REPORT_TYPE_SQ":"2019年年报","OPERATE_INCOME_SQ":6815587000,"DPS_HKD":0.35,"OPERATE_INCOME_QOQ_SQ":26.274414115875,"NET_PROFIT_RATIO_SQ":23.9802088947,"HOLDER_PROFIT_SQ":1488736000,"HOLDER_PROFIT_QOQ_SQ":4.207539272,"ROE_AVG_SQ":16.647951639692,"PE_TTM_SQ":3.92731932856,"PB_TTM_SQ":0.499041039349,"ROA_SQ":2.832734318161,"START_DATE":"2020-01-01 00:00:00","FISCAL_YEAR":"12-31","CURRENCY":"HKD","IS_CNY_CODE":0,"DPS_HKD_LY":0.29,"ORG_TYPE":"一般企业","PREMIUM_INCOME":null,"PREMIUM_INCOME_YOY":null,"NET_INTEREST_INCOME":null,"NET_INTEREST_INCOME_YOY":null,"FEE_COMMISSION_INCOME":null,"FEE_COMMISSION_INCOME_YOY":null,"ACCOUNTS_RECE_TDAYS":null,"INVENTORY_TDAYS":28.003512233623,"CURRENT_ASSETS_TDAYS":0.400558302791,"TOTAL_ASSETS_TDAYS":0.142777885595,"PREMIUM_EXPENSE":null,"LOAN_DEPOSIT":null,"LOAN_EQUITY":null,"LOAN_ASSETS":null,"DEPOSIT_EQUITY":null,"DEPOSIT_ASSETS":null,"EQUITY_MULTIPLIER":4.110232948337,"EQUITY_RATIO":4.321583723859},{"SECUCODE":"02666.HK","SECURITY_CODE":"02666","SECURITY_NAME_ABBR":"环球医疗","ORG_CODE":"10467914","STD_REPORT_DATE":"2020-06-30 00:00:00","REPORT_DATE":"2020-06-30 00:00:00","DATE_TYPE_CODE":"002","REPORT_TYPE":"2020年中报","PER_NETCASH_OPERATE":0.357733124502,"PER_OI":2.344662507397,"BPS":5.207939967165,"BASIC_EPS":0.46,"DILUTED_EPS":0.46,"OPERATE_INCOME":4024155000,"OPERATE_INCOME_YOY":25.9376501203,"GROSS_PROFIT":1713791000,"GROSS_PROFIT_YOY":4.182520369437,"HOLDER_PROFIT":793402000,"HOLDER_PROFIT_YOY":-2.2885890749,"GROSS_PROFIT_RATIO":42.587599135719,"EPS_TTM":0.856580479439,"OPERATE_INCOME_QOQ":12.160361242546,"NET_PROFIT_RATIO":21.3952494375,"ROE_AVG":8.204638090696,"GROSS_PROFIT_QOQ":2.164209668074,"ROA":1.35564348269,"HOLDER_PROFIT_QOQ":-1.248240117791,"ROE_YEARLY":16.409276181393,"ROIC_YEARLY":3.089285699684,"TOTAL_ASSETS":59199177000,"TOTAL_LIABILITIES":45203134000,"TAX_EBT":23.685220525212,"OCF_SALES":15.257339739647,"TOTAL_PARENT_EQUITY":9851025000,"DEBT_ASSET_RATIO":76.3577067972,"OPERATE_PROFIT":1137517000,"PRETAX_PROFIT":1128193000,"NETCASH_OPERATE":613979000,"NETCASH_INVEST":-17269000,"NETCASH_FINANCE":-1145785000,"END_CASH":2833422000,"DIVI_RATIO":0.370282778575,"DIVIDEND_RATE":7.246376811594,"CURRENT_RATIO":1.264571025313,"COMMON_ACS":null,"CURRENTDEBT_DEBT":40.307307011058,"ISSUED_COMMON_SHARES":1891539661,"HK_COMMON_SHARES":1891539661,"PER_SHARES":500,"TOTAL_MARKET_CAP":9136136562.63,"HKSK_MARKET_CAP":9136136562.63,"PE_TTM":3.99621792205,"PB_TTM":0.491771369462,"REPORT_DATE_SQ":"2019-06-30 00:00:00","REPORT_TYPE_SQ":"2019年中报","OPERATE_INCOME_SQ":3195355000,"DPS_HKD":0.35,"OPERATE_INCOME_QOQ_SQ":25.613435466687,"NET_PROFIT_RATIO_SQ":27.3060426776,"HOLDER_PROFIT_SQ":811985000,"HOLDER_PROFIT_QOQ_SQ":5.654084203722,"ROE_AVG_SQ":9.443198056247,"PE_TTM_SQ":3.92731932856,"PB_TTM_SQ":0.499041039349,"ROA_SQ":1.549076385729,"START_DATE":"2020-01-01 00:00:00","FISCAL_YEAR":"12-31","CURRENCY":"HKD","IS_CNY_CODE":0,"DPS_HKD_LY":0.29,"ORG_TYPE":"一般企业","PREMIUM_INCOME":null,"PREMIUM_INCOME_YOY":null,"NET_INTEREST_INCOME":null,"NET_INTEREST_INCOME_YOY":null,"FEE_COMMISSION_INCOME":null,"FEE_COMMISSION_INCOME_YOY":null,"ACCOUNTS_RECE_TDAYS":null,"INVENTORY_TDAYS":13.286162427937,"CURRENT_ASSETS_TDAYS":0.183940467383,"TOTAL_ASSETS_TDAYS":0.068758580128,"PREMIUM_EXPENSE":null,"LOAN_DEPOSIT":null,"LOAN_EQUITY":null,"LOAN_ASSETS":null,"DEPOSIT_EQUITY":null,"DEPOSIT_ASSETS":null,"EQUITY_MULTIPLIER":4.229708139655,"EQUITY_RATIO":4.588673158377}],"count":23},"success":true,"message":"ok","code":0}