{"version":"041fad872a2f3a2fc77752c094473df9","result":{"pages":5,"data":[{"SECUCODE":"02678.HK","SECURITY_CODE":"02678","SECURITY_NAME_ABBR":"天虹国际集团","ORG_CODE":"10010615","STD_REPORT_DATE":"2024-06-30 00:00:00","REPORT_DATE":"2024-06-30 00:00:00","DATE_TYPE_CODE":"002","REPORT_TYPE":"2024年中报","PER_NETCASH_OPERATE":2.618126361656,"PER_OI":12.247852941177,"BPS":10.272873638344,"BASIC_EPS":0.29,"DILUTED_EPS":0.29,"OPERATE_INCOME":11243529000,"OPERATE_INCOME_YOY":4.1605759421,"GROSS_PROFIT":1479549000,"GROSS_PROFIT_YOY":476.271787181834,"HOLDER_PROFIT":269938000,"HOLDER_PROFIT_YOY":136.1267510442,"GROSS_PROFIT_RATIO":13.159115790069,"EPS_TTM":0.698730936819,"OPERATE_INCOME_QOQ":1.976254060614,"NET_PROFIT_RATIO":2.5105018184,"ROE_AVG":2.905749684183,"GROSS_PROFIT_QOQ":83.603955928252,"ROA":1.216394125792,"HOLDER_PROFIT_QOQ":270.730636145861,"ROE_YEARLY":5.811499368366,"ROIC_YEARLY":2.808188895119,"TOTAL_ASSETS":21572140000,"TOTAL_LIABILITIES":11651381000,"TAX_EBT":22.689961737873,"OCF_SALES":21.376206705208,"TOTAL_PARENT_EQUITY":9430498000,"DEBT_ASSET_RATIO":54.0112432054,"OPERATE_PROFIT":610456000,"PRETAX_PROFIT":365113000,"NETCASH_OPERATE":2403440000,"NETCASH_INVEST":903716000,"NETCASH_FINANCE":-2800389000,"END_CASH":2674857000,"DIVI_RATIO":0.130619663723,"DIVIDEND_RATE":2.518891687657,"CURRENT_RATIO":1.37601168784,"COMMON_ACS":4000000000,"CURRENTDEBT_DEBT":67.346420136806,"ISSUED_COMMON_SHARES":918000000,"HK_COMMON_SHARES":918000000,"PER_SHARES":500,"TOTAL_MARKET_CAP":3644460000,"HKSK_MARKET_CAP":3644460000,"PE_TTM":5.269520188246,"PB_TTM":0.352709448939,"REPORT_DATE_SQ":"2023-06-30 00:00:00","REPORT_TYPE_SQ":"2023年中报","OPERATE_INCOME_SQ":10794419000,"DPS_HKD":0.1,"OPERATE_INCOME_QOQ_SQ":-9.352631345033,"NET_PROFIT_RATIO_SQ":-6.8570434407,"HOLDER_PROFIT_SQ":-747197000,"HOLDER_PROFIT_QOQ_SQ":-1109.10731595327,"ROE_AVG_SQ":-8.15680783703,"PE_TTM_SQ":-2.071454177188,"PB_TTM_SQ":0.38867822441,"ROA_SQ":-2.951374371532,"START_DATE":"2024-01-01 00:00:00","FISCAL_YEAR":"12-31","CURRENCY":"HKD","IS_CNY_CODE":0,"DPS_HKD_LY":0.1,"ORG_TYPE":"一般企业","PREMIUM_INCOME":null,"PREMIUM_INCOME_YOY":null,"NET_INTEREST_INCOME":null,"NET_INTEREST_INCOME_YOY":null,"FEE_COMMISSION_INCOME":null,"FEE_COMMISSION_INCOME_YOY":null,"ACCOUNTS_RECE_TDAYS":6.846396570569,"INVENTORY_TDAYS":1.777846969014,"CURRENT_ASSETS_TDAYS":0.999214831657,"TOTAL_ASSETS_TDAYS":0.506655699782,"PREMIUM_EXPENSE":null,"LOAN_DEPOSIT":null,"LOAN_EQUITY":null,"LOAN_ASSETS":null,"DEPOSIT_EQUITY":null,"DEPOSIT_ASSETS":null,"EQUITY_MULTIPLIER":2.17444451579,"EQUITY_RATIO":1.235500076454},{"SECUCODE":"02678.HK","SECURITY_CODE":"02678","SECURITY_NAME_ABBR":"天虹国际集团","ORG_CODE":"10010615","STD_REPORT_DATE":"2023-12-31 00:00:00","REPORT_DATE":"2023-12-31 00:00:00","DATE_TYPE_CODE":"001","REPORT_TYPE":"2023年年报","PER_NETCASH_OPERATE":2.162994553377,"PER_OI":24.755247276689,"BPS":9.966316993464,"BASIC_EPS":-0.41,"DILUTED_EPS":-0.41,"OPERATE_INCOME":22725317000,"OPERATE_INCOME_YOY":-4.5369499651,"GROSS_PROFIT":1462615000,"GROSS_PROFIT_YOY":-46.922509691097,"HOLDER_PROFIT":-375700000,"HOLDER_PROFIT_YOY":-339.5923677363,"GROSS_PROFIT_RATIO":6.436059835821,"EPS_TTM":-0.409259259259,"OPERATE_INCOME_QOQ":5.312544038914,"NET_PROFIT_RATIO":-1.3173941644,"ROE_AVG":-4.028802776432,"GROSS_PROFIT_QOQ":228.995433789954,"ROA":-1.534644769052,"HOLDER_PROFIT_QOQ":76.256998245028,"ROE_YEARLY":-4.028802776432,"ROIC_YEARLY":-1.742331440273,"TOTAL_ASSETS":22811172000,"TOTAL_LIABILITIES":13055814000,"TAX_EBT":-129.96128675454,"OCF_SALES":8.737519481026,"TOTAL_PARENT_EQUITY":9149079000,"DEBT_ASSET_RATIO":57.2342972996,"OPERATE_PROFIT":389818000,"PRETAX_PROFIT":-130188000,"NETCASH_OPERATE":1985629000,"NETCASH_INVEST":29529000,"NETCASH_FINANCE":-2337584000,"END_CASH":2161795000,"DIVI_RATIO":-0.223007782805,"DIVIDEND_RATE":2.469135802469,"CURRENT_RATIO":1.28400822207,"COMMON_ACS":4000000000,"CURRENTDEBT_DEBT":69.837836231429,"ISSUED_COMMON_SHARES":918000000,"HK_COMMON_SHARES":918000000,"PER_SHARES":500,"TOTAL_MARKET_CAP":3717900000,"HKSK_MARKET_CAP":3717900000,"PE_TTM":5.375706993047,"PB_TTM":0.359816944132,"REPORT_DATE_SQ":"2022-12-31 00:00:00","REPORT_TYPE_SQ":"2022年年报","OPERATE_INCOME_SQ":23805354000,"DPS_HKD":0.1,"OPERATE_INCOME_QOQ_SQ":-11.883452913538,"NET_PROFIT_RATIO_SQ":0.8451292092,"HOLDER_PROFIT_SQ":156808000,"HOLDER_PROFIT_QOQ_SQ":-93.43768335257,"ROE_AVG_SQ":1.605003671207,"PE_TTM_SQ":-2.403909785873,"PB_TTM_SQ":0.451058680179,"ROA_SQ":0.619865726461,"START_DATE":"2023-01-01 00:00:00","FISCAL_YEAR":"12-31","CURRENCY":"HKD","IS_CNY_CODE":0,"DPS_HKD_LY":null,"ORG_TYPE":"一般企业","PREMIUM_INCOME":null,"PREMIUM_INCOME_YOY":null,"NET_INTEREST_INCOME":null,"NET_INTEREST_INCOME_YOY":null,"FEE_COMMISSION_INCOME":null,"FEE_COMMISSION_INCOME_YOY":null,"ACCOUNTS_RECE_TDAYS":15.487724999088,"INVENTORY_TDAYS":3.128930964997,"CURRENT_ASSETS_TDAYS":1.793893191234,"TOTAL_ASSETS_TDAYS":0.928274923053,"PREMIUM_EXPENSE":null,"LOAN_DEPOSIT":null,"LOAN_EQUITY":null,"LOAN_ASSETS":null,"DEPOSIT_EQUITY":null,"DEPOSIT_ASSETS":null,"EQUITY_MULTIPLIER":2.338322386529,"EQUITY_RATIO":1.427008554632},{"SECUCODE":"02678.HK","SECURITY_CODE":"02678","SECURITY_NAME_ABBR":"天虹国际集团","ORG_CODE":"10010615","STD_REPORT_DATE":"2023-06-30 00:00:00","REPORT_DATE":"2023-06-30 00:00:00","DATE_TYPE_CODE":"002","REPORT_TYPE":"2023年中报","PER_NETCASH_OPERATE":0.213882352941,"PER_OI":11.758626361656,"BPS":9.606967320261,"BASIC_EPS":-0.81,"DILUTED_EPS":-0.81,"OPERATE_INCOME":10794419000,"OPERATE_INCOME_YOY":-17.0989427261,"GROSS_PROFIT":256745000,"GROSS_PROFIT_YOY":-90.00135135293,"HOLDER_PROFIT":-747197000,"HOLDER_PROFIT_YOY":-175.3244043179,"GROSS_PROFIT_RATIO":2.378497629192,"EPS_TTM":-1.723704793028,"OPERATE_INCOME_QOQ":-9.352631345033,"NET_PROFIT_RATIO":-6.8570434407,"ROE_AVG":-8.15680783703,"GROSS_PROFIT_QOQ":-83.866800308605,"ROA":-2.951374371532,"HOLDER_PROFIT_QOQ":-1109.10731595327,"ROE_YEARLY":-16.313615674059,"ROIC_YEARLY":-6.66188287704,"TOTAL_ASSETS":24482535000,"TOTAL_LIABILITIES":15047323000,"TAX_EBT":6.515207202155,"OCF_SALES":1.818939954063,"TOTAL_PARENT_EQUITY":8819196000,"DEBT_ASSET_RATIO":61.4614581374,"OPERATE_PROFIT":-445099000,"PRETAX_PROFIT":-791763000,"NETCASH_OPERATE":196344000,"NETCASH_INVEST":-264048000,"NETCASH_FINANCE":-351722000,"END_CASH":2085531000,"DIVI_RATIO":-0.052948741785,"DIVIDEND_RATE":2.469135802469,"CURRENT_RATIO":1.160714709692,"COMMON_ACS":4000000000,"CURRENTDEBT_DEBT":68.01675620308,"ISSUED_COMMON_SHARES":918000000,"HK_COMMON_SHARES":918000000,"PER_SHARES":500,"TOTAL_MARKET_CAP":3717900000,"HKSK_MARKET_CAP":3717900000,"PE_TTM":5.375706993047,"PB_TTM":0.359816944132,"REPORT_DATE_SQ":"2022-06-30 00:00:00","REPORT_TYPE_SQ":"2022年中报","OPERATE_INCOME_SQ":13020846000,"DPS_HKD":0.1,"OPERATE_INCOME_QOQ_SQ":1.864795448681,"NET_PROFIT_RATIO_SQ":7.8677222663,"HOLDER_PROFIT_SQ":991972000,"HOLDER_PROFIT_QOQ_SQ":-11.010401576064,"ROE_AVG_SQ":9.609610191434,"PE_TTM_SQ":-2.403909785873,"PB_TTM_SQ":0.451058680179,"ROA_SQ":3.906492778199,"START_DATE":"2023-01-01 00:00:00","FISCAL_YEAR":"12-31","CURRENCY":"HKD","IS_CNY_CODE":0,"DPS_HKD_LY":null,"ORG_TYPE":"一般企业","PREMIUM_INCOME":null,"PREMIUM_INCOME_YOY":null,"NET_INTEREST_INCOME":null,"NET_INTEREST_INCOME_YOY":null,"FEE_COMMISSION_INCOME":null,"FEE_COMMISSION_INCOME_YOY":null,"ACCOUNTS_RECE_TDAYS":7.091220537333,"INVENTORY_TDAYS":1.428978984762,"CURRENT_ASSETS_TDAYS":0.846341572991,"TOTAL_ASSETS_TDAYS":0.426371781367,"PREMIUM_EXPENSE":null,"LOAN_DEPOSIT":null,"LOAN_EQUITY":null,"LOAN_ASSETS":null,"DEPOSIT_EQUITY":null,"DEPOSIT_ASSETS":null,"EQUITY_MULTIPLIER":2.594804970996,"EQUITY_RATIO":1.706201222878},{"SECUCODE":"02678.HK","SECURITY_CODE":"02678","SECURITY_NAME_ABBR":"天虹国际集团","ORG_CODE":"10010615","STD_REPORT_DATE":"2022-12-31 00:00:00","REPORT_DATE":"2022-12-31 00:00:00","DATE_TYPE_CODE":"001","REPORT_TYPE":"2022年年报","PER_NETCASH_OPERATE":1.76484422658,"PER_OI":25.931758169935,"BPS":10.350351851852,"BASIC_EPS":0.17,"DILUTED_EPS":0.17,"OPERATE_INCOME":23805354000,"OPERATE_INCOME_YOY":-10.2402595539,"GROSS_PROFIT":2755622000,"GROSS_PROFIT_YOY":-52.911215725437,"HOLDER_PROFIT":156808000,"HOLDER_PROFIT_YOY":-94.1602207681,"GROSS_PROFIT_RATIO":11.575639664926,"EPS_TTM":0.170814814815,"OPERATE_INCOME_QOQ":-11.883452913538,"NET_PROFIT_RATIO":0.8451292092,"ROE_AVG":1.605003671207,"GROSS_PROFIT_QOQ":-50.502790707115,"ROA":0.619865726461,"HOLDER_PROFIT_QOQ":-93.43768335257,"ROE_YEARLY":1.605003671207,"ROIC_YEARLY":0.705423702737,"TOTAL_ASSETS":26151299000,"TOTAL_LIABILITIES":16049823000,"TAX_EBT":-17.543336897271,"OCF_SALES":6.805725300283,"TOTAL_PARENT_EQUITY":9501623000,"DEBT_ASSET_RATIO":61.3729474777,"OPERATE_PROFIT":601861000,"PRETAX_PROFIT":171159000,"NETCASH_OPERATE":1620127000,"NETCASH_INVEST":-1725984000,"NETCASH_FINANCE":-30664000,"END_CASH":2468421000,"DIVI_RATIO":0.53430962706,"DIVIDEND_RATE":2.469135802469,"CURRENT_RATIO":1.120159771393,"COMMON_ACS":4000000000,"CURRENTDEBT_DEBT":75.806966843186,"ISSUED_COMMON_SHARES":918000000,"HK_COMMON_SHARES":918000000,"PER_SHARES":500,"TOTAL_MARKET_CAP":3717900000,"HKSK_MARKET_CAP":3717900000,"PE_TTM":5.375706993047,"PB_TTM":0.359816944132,"REPORT_DATE_SQ":"2021-12-31 00:00:00","REPORT_TYPE_SQ":"2021年年报","OPERATE_INCOME_SQ":26521193000,"DPS_HKD":0.1,"OPERATE_INCOME_QOQ_SQ":11.019444189327,"NET_PROFIT_RATIO_SQ":10.3374535225,"HOLDER_PROFIT_SQ":2685170000,"HOLDER_PROFIT_QOQ_SQ":49.657509433121,"ROE_AVG_SQ":29.999323521774,"PE_TTM_SQ":-2.403909785873,"PB_TTM_SQ":0.451058680179,"ROA_SQ":12.041077069606,"START_DATE":"2022-01-01 00:00:00","FISCAL_YEAR":"12-31","CURRENCY":"HKD","IS_CNY_CODE":0,"DPS_HKD_LY":0.95,"ORG_TYPE":"一般企业","PREMIUM_INCOME":null,"PREMIUM_INCOME_YOY":null,"NET_INTEREST_INCOME":null,"NET_INTEREST_INCOME_YOY":null,"FEE_COMMISSION_INCOME":null,"FEE_COMMISSION_INCOME_YOY":null,"ACCOUNTS_RECE_TDAYS":14.074324096623,"INVENTORY_TDAYS":2.748422819355,"CURRENT_ASSETS_TDAYS":1.784678331415,"TOTAL_ASSETS_TDAYS":0.941031264404,"PREMIUM_EXPENSE":null,"LOAN_DEPOSIT":null,"LOAN_EQUITY":null,"LOAN_ASSETS":null,"DEPOSIT_EQUITY":null,"DEPOSIT_ASSETS":null,"EQUITY_MULTIPLIER":2.58885919246,"EQUITY_RATIO":1.689166471875},{"SECUCODE":"02678.HK","SECURITY_CODE":"02678","SECURITY_NAME_ABBR":"天虹国际集团","ORG_CODE":"10010615","STD_REPORT_DATE":"2022-06-30 00:00:00","REPORT_DATE":"2022-06-30 00:00:00","DATE_TYPE_CODE":"002","REPORT_TYPE":"2022年中报","PER_NETCASH_OPERATE":0.839114379085,"PER_OI":14.183928104575,"BPS":11.554625272331,"BASIC_EPS":1.08,"DILUTED_EPS":1.08,"OPERATE_INCOME":13020846000,"OPERATE_INCOME_YOY":3.948227247,"GROSS_PROFIT":2567797000,"GROSS_PROFIT_YOY":-9.98211769787,"HOLDER_PROFIT":991972000,"HOLDER_PROFIT_YOY":-22.9608114195,"GROSS_PROFIT_RATIO":19.72066177574,"EPS_TTM":2.602965141612,"OPERATE_INCOME_QOQ":1.864795448681,"NET_PROFIT_RATIO":7.8677222663,"ROE_AVG":9.609610191434,"GROSS_PROFIT_QOQ":-4.865779410048,"ROA":3.906492778199,"HOLDER_PROFIT_QOQ":-11.010401576064,"ROE_YEARLY":19.219220382869,"ROIC_YEARLY":8.810950828799,"TOTAL_ASSETS":26342926000,"TOTAL_LIABILITIES":15140234000,"TAX_EBT":14.977691316876,"OCF_SALES":5.915952004962,"TOTAL_PARENT_EQUITY":10607146000,"DEBT_ASSET_RATIO":57.4736230896,"OPERATE_PROFIT":1381863000,"PRETAX_PROFIT":1204912000,"NETCASH_OPERATE":770307000,"NETCASH_INVEST":-1434812000,"NETCASH_FINANCE":247677000,"END_CASH":2088579000,"DIVI_RATIO":0.035063089605,"DIVIDEND_RATE":2.469135802469,"CURRENT_RATIO":1.276578351524,"COMMON_ACS":4000000000,"CURRENTDEBT_DEBT":72.110642411471,"ISSUED_COMMON_SHARES":918000000,"HK_COMMON_SHARES":918000000,"PER_SHARES":500,"TOTAL_MARKET_CAP":3717900000,"HKSK_MARKET_CAP":3717900000,"PE_TTM":5.375706993047,"PB_TTM":0.359816944132,"REPORT_DATE_SQ":"2021-06-30 00:00:00","REPORT_TYPE_SQ":"2021年中报","OPERATE_INCOME_SQ":12526280000,"DPS_HKD":0.1,"OPERATE_INCOME_QOQ_SQ":22.02511955649,"NET_PROFIT_RATIO_SQ":10.552725949,"HOLDER_PROFIT_SQ":1287620000,"HOLDER_PROFIT_QOQ_SQ":246.998926633982,"ROE_AVG_SQ":15.256113236137,"PE_TTM_SQ":-2.403909785873,"PB_TTM_SQ":0.451058680179,"ROA_SQ":6.07076112777,"START_DATE":"2022-01-01 00:00:00","FISCAL_YEAR":"12-31","CURRENCY":"HKD","IS_CNY_CODE":0,"DPS_HKD_LY":0.95,"ORG_TYPE":"一般企业","PREMIUM_INCOME":null,"PREMIUM_INCOME_YOY":null,"NET_INTEREST_INCOME":null,"NET_INTEREST_INCOME_YOY":null,"FEE_COMMISSION_INCOME":null,"FEE_COMMISSION_INCOME_YOY":null,"ACCOUNTS_RECE_TDAYS":5.484137888045,"INVENTORY_TDAYS":1.39792506793,"CURRENT_ASSETS_TDAYS":0.965009487902,"TOTAL_ASSETS_TDAYS":0.512774966078,"PREMIUM_EXPENSE":null,"LOAN_DEPOSIT":null,"LOAN_EQUITY":null,"LOAN_ASSETS":null,"DEPOSIT_EQUITY":null,"DEPOSIT_ASSETS":null,"EQUITY_MULTIPLIER":2.351481768849,"EQUITY_RATIO":1.427361705024},{"SECUCODE":"02678.HK","SECURITY_CODE":"02678","SECURITY_NAME_ABBR":"天虹国际集团","ORG_CODE":"10010615","STD_REPORT_DATE":"2021-12-31 00:00:00","REPORT_DATE":"2021-12-31 00:00:00","DATE_TYPE_CODE":"001","REPORT_TYPE":"2021年年报","PER_NETCASH_OPERATE":2.659699346405,"PER_OI":28.890188453159,"BPS":10.934934640523,"BASIC_EPS":2.93,"DILUTED_EPS":2.93,"OPERATE_INCOME":26521193000,"OPERATE_INCOME_YOY":35.471609503,"GROSS_PROFIT":5851971000,"GROSS_PROFIT_YOY":116.16977907871,"HOLDER_PROFIT":2685170000,"HOLDER_PROFIT_YOY":419.3099513601,"GROSS_PROFIT_RATIO":22.065263052081,"EPS_TTM":2.925021786492,"OPERATE_INCOME_QOQ":11.019444189327,"NET_PROFIT_RATIO":10.3374535225,"ROE_AVG":29.999323521774,"GROSS_PROFIT_QOQ":26.594904681266,"ROA":12.041077069606,"HOLDER_PROFIT_QOQ":49.657509433121,"ROE_YEARLY":29.999323521774,"ROIC_YEARLY":14.044147086521,"TOTAL_ASSETS":24442884000,"TOTAL_LIABILITIES":13841932000,"TAX_EBT":17.9193994523,"OCF_SALES":9.206237441883,"TOTAL_PARENT_EQUITY":10038270000,"DEBT_ASSET_RATIO":56.6297004887,"OPERATE_PROFIT":3423197000,"PRETAX_PROFIT":3340151000,"NETCASH_OPERATE":2441604000,"NETCASH_INVEST":-2362774000,"NETCASH_FINANCE":-257036000,"END_CASH":2505407000,"DIVI_RATIO":0.031202502635,"DIVIDEND_RATE":2.469135802469,"CURRENT_RATIO":1.293293903352,"COMMON_ACS":4000000000,"CURRENTDEBT_DEBT":72.890446218057,"ISSUED_COMMON_SHARES":918000000,"HK_COMMON_SHARES":918000000,"PER_SHARES":500,"TOTAL_MARKET_CAP":3717900000,"HKSK_MARKET_CAP":3717900000,"PE_TTM":5.375706993047,"PB_TTM":0.359816944132,"REPORT_DATE_SQ":"2020-12-31 00:00:00","REPORT_TYPE_SQ":"2020年年报","OPERATE_INCOME_SQ":19576938000,"DPS_HKD":0.1,"OPERATE_INCOME_QOQ_SQ":-2.241970191322,"NET_PROFIT_RATIO_SQ":2.7090753416,"HOLDER_PROFIT_SQ":517065000,"HOLDER_PROFIT_QOQ_SQ":22.191658454623,"ROE_AVG_SQ":6.742835480565,"PE_TTM_SQ":-2.403909785873,"PB_TTM_SQ":0.451058680179,"ROA_SQ":2.502011761364,"START_DATE":"2021-01-01 00:00:00","FISCAL_YEAR":"12-31","CURRENCY":"HKD","IS_CNY_CODE":0,"DPS_HKD_LY":0.7,"ORG_TYPE":"一般企业","PREMIUM_INCOME":null,"PREMIUM_INCOME_YOY":null,"NET_INTEREST_INCOME":null,"NET_INTEREST_INCOME_YOY":null,"FEE_COMMISSION_INCOME":null,"FEE_COMMISSION_INCOME_YOY":null,"ACCOUNTS_RECE_TDAYS":14.124850176539,"INVENTORY_TDAYS":3.622627216927,"CURRENT_ASSETS_TDAYS":2.370465560124,"TOTAL_ASSETS_TDAYS":1.189286819423,"PREMIUM_EXPENSE":null,"LOAN_DEPOSIT":null,"LOAN_EQUITY":null,"LOAN_ASSETS":null,"DEPOSIT_EQUITY":null,"DEPOSIT_ASSETS":null,"EQUITY_MULTIPLIER":2.305725372589,"EQUITY_RATIO":1.378916088131},{"SECUCODE":"02678.HK","SECURITY_CODE":"02678","SECURITY_NAME_ABBR":"天虹国际集团","ORG_CODE":"10010615","STD_REPORT_DATE":"2021-06-30 00:00:00","REPORT_DATE":"2021-06-30 00:00:00","DATE_TYPE_CODE":"002","REPORT_TYPE":"2021年中报","PER_NETCASH_OPERATE":2.436627044711,"PER_OI":13.660065430753,"BPS":9.822206971678,"BASIC_EPS":1.41,"DILUTED_EPS":1.4,"OPERATE_INCOME":12526280000,"OPERATE_INCOME_YOY":52.491053555,"GROSS_PROFIT":2852541000,"GROSS_PROFIT_YOY":204.412937017042,"HOLDER_PROFIT":1287620000,"HOLDER_PROFIT_YOY":12192.3150357995,"GROSS_PROFIT_RATIO":22.7724511986,"EPS_TTM":1.956608505998,"OPERATE_INCOME_QOQ":22.02511955649,"NET_PROFIT_RATIO":10.552725949,"ROE_AVG":15.256113236137,"GROSS_PROFIT_QOQ":70.757092967503,"ROA":6.07076112777,"HOLDER_PROFIT_QOQ":246.998926633982,"ROE_YEARLY":30.512226472275,"ROIC_YEARLY":14.484840791,"TOTAL_ASSETS":22263102000,"TOTAL_LIABILITIES":12602601000,"TAX_EBT":18.955410466864,"OCF_SALES":17.837594241866,"TOTAL_PARENT_EQUITY":9016786000,"DEBT_ASSET_RATIO":56.6075697807,"OPERATE_PROFIT":1667759000,"PRETAX_PROFIT":1631033000,"NETCASH_OPERATE":2234387000,"NETCASH_INVEST":-705760000,"NETCASH_FINANCE":-1286384000,"END_CASH":2925856000,"DIVI_RATIO":0.046646020254,"DIVIDEND_RATE":2.469135802469,"CURRENT_RATIO":1.253033934363,"COMMON_ACS":4000000000,"CURRENTDEBT_DEBT":72.191486503461,"ISSUED_COMMON_SHARES":918000000,"HK_COMMON_SHARES":918000000,"PER_SHARES":500,"TOTAL_MARKET_CAP":3717900000,"HKSK_MARKET_CAP":3717900000,"PE_TTM":5.375706993047,"PB_TTM":0.359816944132,"REPORT_DATE_SQ":"2020-06-30 00:00:00","REPORT_TYPE_SQ":"2020年中报","OPERATE_INCOME_SQ":8214436000,"DPS_HKD":0.1,"OPERATE_INCOME_QOQ_SQ":-8.98529801218,"NET_PROFIT_RATIO_SQ":0.2242393757,"HOLDER_PROFIT_SQ":10475000,"HOLDER_PROFIT_QOQ_SQ":-52.116493121171,"ROE_AVG_SQ":0.141272959047,"PE_TTM_SQ":-2.403909785873,"PB_TTM_SQ":0.451058680179,"ROA_SQ":0.047394880982,"START_DATE":"2021-01-01 00:00:00","FISCAL_YEAR":"12-31","CURRENCY":"HKD","IS_CNY_CODE":0,"DPS_HKD_LY":0.7,"ORG_TYPE":"一般企业","PREMIUM_INCOME":null,"PREMIUM_INCOME_YOY":null,"NET_INTEREST_INCOME":null,"NET_INTEREST_INCOME_YOY":null,"FEE_COMMISSION_INCOME":null,"FEE_COMMISSION_INCOME_YOY":null,"ACCOUNTS_RECE_TDAYS":6.614158343931,"INVENTORY_TDAYS":2.125360314757,"CURRENT_ASSETS_TDAYS":1.208642595218,"TOTAL_ASSETS_TDAYS":0.590578382594,"PREMIUM_EXPENSE":null,"LOAN_DEPOSIT":null,"LOAN_EQUITY":null,"LOAN_ASSETS":null,"DEPOSIT_EQUITY":null,"DEPOSIT_ASSETS":null,"EQUITY_MULTIPLIER":2.304549422436,"EQUITY_RATIO":1.39768216746},{"SECUCODE":"02678.HK","SECURITY_CODE":"02678","SECURITY_NAME_ABBR":"天虹国际集团","ORG_CODE":"10010615","STD_REPORT_DATE":"2020-12-31 00:00:00","REPORT_DATE":"2020-12-31 00:00:00","DATE_TYPE_CODE":"001","REPORT_TYPE":"2020年年报","PER_NETCASH_OPERATE":3.607415300546,"PER_OI":21.395560655738,"BPS":8.565650326797,"BASIC_EPS":0.57,"DILUTED_EPS":0.56,"OPERATE_INCOME":19576938000,"OPERATE_INCOME_YOY":-11.0258205005,"GROSS_PROFIT":2707118000,"GROSS_PROFIT_YOY":-9.564891460886,"HOLDER_PROFIT":517065000,"HOLDER_PROFIT_YOY":-41.4903488185,"GROSS_PROFIT_RATIO":13.828097121215,"EPS_TTM":0.565098360656,"OPERATE_INCOME_QOQ":-2.241970191322,"NET_PROFIT_RATIO":2.7090753416,"ROE_AVG":6.742835480565,"GROSS_PROFIT_QOQ":6.176105024652,"ROA":2.502011761364,"HOLDER_PROFIT_QOQ":22.191658454623,"ROE_YEARLY":6.742835480565,"ROIC_YEARLY":2.906322671768,"TOTAL_ASSETS":20157279000,"TOTAL_LIABILITIES":11684541000,"TAX_EBT":22.105278618218,"OCF_SALES":16.860578503135,"TOTAL_PARENT_EQUITY":7863267000,"DEBT_ASSET_RATIO":57.9668565385,"OPERATE_PROFIT":855651000,"PRETAX_PROFIT":680860000,"NETCASH_OPERATE":3300785000,"NETCASH_INVEST":-577713000,"NETCASH_FINANCE":-1870318000,"END_CASH":2683613000,"DIVI_RATIO":0.161508166285,"DIVIDEND_RATE":2.469135802469,"CURRENT_RATIO":1.164343116353,"COMMON_ACS":4000000000,"CURRENTDEBT_DEBT":68.562042787988,"ISSUED_COMMON_SHARES":918000000,"HK_COMMON_SHARES":918000000,"PER_SHARES":500,"TOTAL_MARKET_CAP":3717900000,"HKSK_MARKET_CAP":3717900000,"PE_TTM":5.375706993047,"PB_TTM":0.359816944132,"REPORT_DATE_SQ":"2019-12-31 00:00:00","REPORT_TYPE_SQ":"2019年年报","OPERATE_INCOME_SQ":22002943000,"DPS_HKD":0.1,"OPERATE_INCOME_QOQ_SQ":7.145075236217,"NET_PROFIT_RATIO_SQ":4.1937526266,"HOLDER_PROFIT_SQ":883726000,"HOLDER_PROFIT_QOQ_SQ":-14.344644831995,"ROE_AVG_SQ":12.4362541112,"PE_TTM_SQ":-2.403909785873,"PB_TTM_SQ":0.451058680179,"ROA_SQ":4.424749871547,"START_DATE":"2020-01-01 00:00:00","FISCAL_YEAR":"12-31","CURRENCY":"HKD","IS_CNY_CODE":0,"DPS_HKD_LY":0.15,"ORG_TYPE":"一般企业","PREMIUM_INCOME":null,"PREMIUM_INCOME_YOY":null,"NET_INTEREST_INCOME":null,"NET_INTEREST_INCOME_YOY":null,"FEE_COMMISSION_INCOME":null,"FEE_COMMISSION_INCOME_YOY":null,"ACCOUNTS_RECE_TDAYS":11.972688460205,"INVENTORY_TDAYS":3.607719704348,"CURRENT_ASSETS_TDAYS":2.046903375754,"TOTAL_ASSETS_TDAYS":0.947303126831,"PREMIUM_EXPENSE":null,"LOAN_DEPOSIT":null,"LOAN_EQUITY":null,"LOAN_ASSETS":null,"DEPOSIT_EQUITY":null,"DEPOSIT_ASSETS":null,"EQUITY_MULTIPLIER":2.379074981427,"EQUITY_RATIO":1.4859651847},{"SECUCODE":"02678.HK","SECURITY_CODE":"02678","SECURITY_NAME_ABBR":"天虹国际集团","ORG_CODE":"10010615","STD_REPORT_DATE":"2020-06-30 00:00:00","REPORT_DATE":"2020-06-30 00:00:00","DATE_TYPE_CODE":"002","REPORT_TYPE":"2020年中报","PER_NETCASH_OPERATE":1.458909289617,"PER_OI":8.97752568306,"BPS":8.013063180828,"BASIC_EPS":0.01,"DILUTED_EPS":0.01,"OPERATE_INCOME":8214436000,"OPERATE_INCOME_YOY":-19.398877453,"GROSS_PROFIT":937063000,"GROSS_PROFIT_YOY":-32.138731840003,"HOLDER_PROFIT":10475000,"HOLDER_PROFIT_YOY":-97.7762067926,"GROSS_PROFIT_RATIO":11.407514770339,"EPS_TTM":0.462468852459,"OPERATE_INCOME_QOQ":-8.98529801218,"NET_PROFIT_RATIO":0.2242393757,"ROE_AVG":0.141272959047,"GROSS_PROFIT_QOQ":-14.825366292994,"ROA":0.047394880982,"HOLDER_PROFIT_QOQ":-52.116493121171,"ROE_YEARLY":0.282545918095,"ROIC_YEARLY":0.113073211693,"TOTAL_ASSETS":23028425000,"TOTAL_LIABILITIES":15068312000,"TAX_EBT":18.300363700878,"OCF_SALES":16.250683552711,"TOTAL_PARENT_EQUITY":7355992000,"DEBT_ASSET_RATIO":65.4335326884,"OPERATE_PROFIT":316610000,"PRETAX_PROFIT":22546000,"NETCASH_OPERATE":1334902000,"NETCASH_INVEST":-295922000,"NETCASH_FINANCE":1216710000,"END_CASH":4086549000,"DIVI_RATIO":0.197349506923,"DIVIDEND_RATE":2.469135802469,"CURRENT_RATIO":1.201896858076,"COMMON_ACS":4000000000,"CURRENTDEBT_DEBT":65.335898274472,"ISSUED_COMMON_SHARES":918000000,"HK_COMMON_SHARES":918000000,"PER_SHARES":500,"TOTAL_MARKET_CAP":3717900000,"HKSK_MARKET_CAP":3717900000,"PE_TTM":5.375706993047,"PB_TTM":0.359816944132,"REPORT_DATE_SQ":"2019-06-30 00:00:00","REPORT_TYPE_SQ":"2019年中报","OPERATE_INCOME_SQ":10191466000,"DPS_HKD":0.1,"OPERATE_INCOME_QOQ_SQ":7.203836725647,"NET_PROFIT_RATIO_SQ":4.7718846337,"HOLDER_PROFIT_SQ":471042000,"HOLDER_PROFIT_QOQ_SQ":-11.294807289535,"ROE_AVG_SQ":6.841754452881,"PE_TTM_SQ":-2.403909785873,"PB_TTM_SQ":0.451058680179,"ROA_SQ":2.358220917512,"START_DATE":"2020-01-01 00:00:00","FISCAL_YEAR":"12-31","CURRENCY":"HKD","IS_CNY_CODE":0,"DPS_HKD_LY":0.15,"ORG_TYPE":"一般企业","PREMIUM_INCOME":null,"PREMIUM_INCOME_YOY":null,"NET_INTEREST_INCOME":null,"NET_INTEREST_INCOME_YOY":null,"FEE_COMMISSION_INCOME":null,"FEE_COMMISSION_INCOME_YOY":null,"ACCOUNTS_RECE_TDAYS":5.945316701226,"INVENTORY_TDAYS":1.347276320689,"CURRENT_ASSETS_TDAYS":0.759425075284,"TOTAL_ASSETS_TDAYS":0.371667987163,"PREMIUM_EXPENSE":null,"LOAN_DEPOSIT":null,"LOAN_EQUITY":null,"LOAN_ASSETS":null,"DEPOSIT_EQUITY":null,"DEPOSIT_ASSETS":null,"EQUITY_MULTIPLIER":2.892977147434,"EQUITY_RATIO":2.048440509451}],"count":44},"success":true,"message":"ok","code":0}