{"version":"422c4e49bd23da946365d83443089a29","result":{"pages":2,"data":[{"SECUCODE":"02680.HK","SECURITY_CODE":"02680","SECURITY_NAME_ABBR":"创陞控股","ORG_CODE":"10527162","STD_REPORT_DATE":"2024-06-30 00:00:00","REPORT_DATE":"2024-08-31 00:00:00","DATE_TYPE_CODE":"002","REPORT_TYPE":"2024年中报","PER_NETCASH_OPERATE":-0.06831843635,"PER_OI":0.2136966572,"BPS":2.852207866667,"BASIC_EPS":-0.052178984,"DILUTED_EPS":-0.052178984,"OPERATE_INCOME":85478662.88,"OPERATE_INCOME_YOY":680.5414410662,"GROSS_PROFIT":85478662.88,"GROSS_PROFIT_YOY":677.846919715779,"HOLDER_PROFIT":-20879803.58,"HOLDER_PROFIT_YOY":-344.8807103884,"GROSS_PROFIT_RATIO":null,"EPS_TTM":0.004027164375,"OPERATE_INCOME_QOQ":0,"NET_PROFIT_RATIO":-24.4269188082,"ROE_AVG":-11.499438567758,"GROSS_PROFIT_QOQ":0,"ROA":-7.892091874997,"HOLDER_PROFIT_QOQ":0,"ROE_YEARLY":-22.998877135515,"ROIC_YEARLY":-36.106794967859,"TOTAL_ASSETS":270426706.78,"TOTAL_LIABILITIES":99294234.78,"TAX_EBT":null,"OCF_SALES":-31.969819858277,"TOTAL_PARENT_EQUITY":171132472,"DEBT_ASSET_RATIO":36.7176141596,"OPERATE_PROFIT":-20269528.4,"PRETAX_PROFIT":-20879803.58,"NETCASH_OPERATE":-27327374.54,"NETCASH_INVEST":1824440,"NETCASH_FINANCE":-535473.14,"END_CASH":76148476.72,"DIVI_RATIO":null,"DIVIDEND_RATE":null,"CURRENT_RATIO":2.664835266478,"COMMON_ACS":100000000,"CURRENTDEBT_DEBT":99.324752638977,"ISSUED_COMMON_SHARES":60000000,"HK_COMMON_SHARES":60000000,"PER_SHARES":2000,"TOTAL_MARKET_CAP":68400000,"HKSK_MARKET_CAP":68400000,"PE_TTM":-2.245494238535,"PB_TTM":0.36460554371,"REPORT_DATE_SQ":"2023-06-30 00:00:00","REPORT_TYPE_SQ":"2023年中报","OPERATE_INCOME_SQ":10989136.9,"DPS_HKD":null,"OPERATE_INCOME_QOQ_SQ":0,"NET_PROFIT_RATIO_SQ":77.8592253228,"HOLDER_PROFIT_SQ":8556056.86,"HOLDER_PROFIT_QOQ_SQ":0,"ROE_AVG_SQ":4.38029406596,"PE_TTM_SQ":9.579651498885,"PB_TTM_SQ":0.531961240203,"ROA_SQ":2.976410347858,"START_DATE":"2024-03-01 00:00:00","FISCAL_YEAR":"2-28","CURRENCY":"HKD","IS_CNY_CODE":0,"DPS_HKD_LY":null,"ORG_TYPE":"一般企业","PREMIUM_INCOME":null,"PREMIUM_INCOME_YOY":null,"NET_INTEREST_INCOME":null,"NET_INTEREST_INCOME_YOY":null,"FEE_COMMISSION_INCOME":null,"FEE_COMMISSION_INCOME_YOY":null,"ACCOUNTS_RECE_TDAYS":2.467030869479,"INVENTORY_TDAYS":null,"CURRENT_ASSETS_TDAYS":0.328672371128,"TOTAL_ASSETS_TDAYS":0.323089945849,"PREMIUM_EXPENSE":null,"LOAN_DEPOSIT":null,"LOAN_EQUITY":null,"LOAN_ASSETS":null,"DEPOSIT_EQUITY":null,"DEPOSIT_ASSETS":null,"EQUITY_MULTIPLIER":1.580218550107,"EQUITY_RATIO":0.580218550107},{"SECUCODE":"02680.HK","SECURITY_CODE":"02680","SECURITY_NAME_ABBR":"创陞控股","ORG_CODE":"10527162","STD_REPORT_DATE":"2023-12-31 00:00:00","REPORT_DATE":"2024-02-29 00:00:00","DATE_TYPE_CODE":"001","REPORT_TYPE":"2023年年报","PER_NETCASH_OPERATE":0.05156131695,"PER_OI":0.074251835775,"BPS":3.1837513695,"BASIC_EPS":0.003993132,"DILUTED_EPS":0.003993132,"OPERATE_INCOME":29700734.31,"OPERATE_INCOME_YOY":-28.1278137696,"GROSS_PROFIT":29700734.31,"GROSS_PROFIT_YOY":-26.384626913402,"HOLDER_PROFIT":1610865.75,"HOLDER_PROFIT_YOY":126.9879884446,"GROSS_PROFIT_RATIO":null,"EPS_TTM":0.02731773275,"OPERATE_INCOME_QOQ":0,"NET_PROFIT_RATIO":5.4236563082,"ROE_AVG":0.846845084601,"GROSS_PROFIT_QOQ":0,"ROA":0.600458378086,"HOLDER_PROFIT_QOQ":0,"ROE_YEARLY":0.846845084601,"ROIC_YEARLY":1.304398947662,"TOTAL_ASSETS":257375508,"TOTAL_LIABILITIES":66350425.83,"TAX_EBT":null,"OCF_SALES":69.441134231674,"TOTAL_PARENT_EQUITY":191025082.17,"DEBT_ASSET_RATIO":25.7796191819,"OPERATE_PROFIT":-17438188.95,"PRETAX_PROFIT":1610865.75,"NETCASH_OPERATE":20624526.78,"NETCASH_INVEST":3123718.26,"NETCASH_FINANCE":-1395781.14,"END_CASH":101661510.6,"DIVI_RATIO":null,"DIVIDEND_RATE":null,"CURRENT_RATIO":3.858393401814,"COMMON_ACS":100000000,"CURRENTDEBT_DEBT":100,"ISSUED_COMMON_SHARES":60000000,"HK_COMMON_SHARES":60000000,"PER_SHARES":2000,"TOTAL_MARKET_CAP":72000000,"HKSK_MARKET_CAP":72000000,"PE_TTM":-2.363678145826,"PB_TTM":0.383795309168,"REPORT_DATE_SQ":"2022-12-31 00:00:00","REPORT_TYPE_SQ":"2022年年报","OPERATE_INCOME_SQ":40345831.4,"DPS_HKD":null,"OPERATE_INCOME_QOQ_SQ":0,"NET_PROFIT_RATIO_SQ":-14.4438344131,"HOLDER_PROFIT_SQ":-5827485.08,"HOLDER_PROFIT_QOQ_SQ":0,"ROE_AVG_SQ":-3.152417996151,"PE_TTM_SQ":10.900982740111,"PB_TTM_SQ":0.605335204369,"ROA_SQ":-2.153033298852,"START_DATE":"2023-03-01 00:00:00","FISCAL_YEAR":"2-29","CURRENCY":"HKD","IS_CNY_CODE":0,"DPS_HKD_LY":null,"ORG_TYPE":"一般企业","PREMIUM_INCOME":null,"PREMIUM_INCOME_YOY":null,"NET_INTEREST_INCOME":null,"NET_INTEREST_INCOME_YOY":null,"FEE_COMMISSION_INCOME":null,"FEE_COMMISSION_INCOME_YOY":null,"ACCOUNTS_RECE_TDAYS":0.559488498919,"INVENTORY_TDAYS":null,"CURRENT_ASSETS_TDAYS":0.112579398455,"TOTAL_ASSETS_TDAYS":0.110710993463,"PREMIUM_EXPENSE":null,"LOAN_DEPOSIT":null,"LOAN_EQUITY":null,"LOAN_ASSETS":null,"DEPOSIT_EQUITY":null,"DEPOSIT_ASSETS":null,"EQUITY_MULTIPLIER":1.347338815804,"EQUITY_RATIO":0.347338815805},{"SECUCODE":"02680.HK","SECURITY_CODE":"02680","SECURITY_NAME_ABBR":"创陞控股","ORG_CODE":"10527162","STD_REPORT_DATE":"2023-06-30 00:00:00","REPORT_DATE":"2023-08-31 00:00:00","DATE_TYPE_CODE":"002","REPORT_TYPE":"2023年中报","PER_NETCASH_OPERATE":0.0592754319,"PER_OI":0.02747284225,"BPS":3.326811303,"BASIC_EPS":0.021419892,"DILUTED_EPS":0.021419892,"OPERATE_INCOME":10989136.9,"OPERATE_INCOME_YOY":-33.4681888716,"GROSS_PROFIT":10989136.9,"GROSS_PROFIT_YOY":-30.626179807409,"HOLDER_PROFIT":8556056.86,"HOLDER_PROFIT_YOY":200.0856622765,"GROSS_PROFIT_RATIO":null,"EPS_TTM":-0.0145687127,"OPERATE_INCOME_QOQ":0,"NET_PROFIT_RATIO":77.8592253228,"ROE_AVG":4.38029406596,"GROSS_PROFIT_QOQ":0,"ROA":2.976410347858,"HOLDER_PROFIT_QOQ":0,"ROE_YEARLY":8.76058813192,"ROIC_YEARLY":13.34508839497,"TOTAL_ASSETS":293339928.66,"TOTAL_LIABILITIES":93731250.48,"TAX_EBT":null,"OCF_SALES":215.760099958351,"TOTAL_PARENT_EQUITY":199608678.18,"DEBT_ASSET_RATIO":31.9531169548,"OPERATE_PROFIT":9220622.74,"PRETAX_PROFIT":8556056.86,"NETCASH_OPERATE":23710172.76,"NETCASH_INVEST":1016987.18,"NETCASH_FINANCE":-704842.6,"END_CASH":104017375.54,"DIVI_RATIO":null,"DIVIDEND_RATE":null,"CURRENT_RATIO":3.059601937576,"COMMON_ACS":100000000,"CURRENTDEBT_DEBT":100,"ISSUED_COMMON_SHARES":60000000,"HK_COMMON_SHARES":60000000,"PER_SHARES":2000,"TOTAL_MARKET_CAP":72000000,"HKSK_MARKET_CAP":72000000,"PE_TTM":-2.363678145826,"PB_TTM":0.383795309168,"REPORT_DATE_SQ":"2022-06-30 00:00:00","REPORT_TYPE_SQ":"2022年中报","OPERATE_INCOME_SQ":15840466.72,"DPS_HKD":null,"OPERATE_INCOME_QOQ_SQ":0,"NET_PROFIT_RATIO_SQ":-51.7568166704,"HOLDER_PROFIT_SQ":-8198521.32,"HOLDER_PROFIT_QOQ_SQ":0,"ROE_AVG_SQ":-4.509677045507,"PE_TTM_SQ":10.900982740111,"PB_TTM_SQ":0.605335204369,"ROA_SQ":-2.937462157253,"START_DATE":"2023-03-01 00:00:00","FISCAL_YEAR":"2-29","CURRENCY":"HKD","IS_CNY_CODE":0,"DPS_HKD_LY":null,"ORG_TYPE":"一般企业","PREMIUM_INCOME":null,"PREMIUM_INCOME_YOY":null,"NET_INTEREST_INCOME":null,"NET_INTEREST_INCOME_YOY":null,"FEE_COMMISSION_INCOME":null,"FEE_COMMISSION_INCOME_YOY":null,"ACCOUNTS_RECE_TDAYS":0.180541247772,"INVENTORY_TDAYS":null,"CURRENT_ASSETS_TDAYS":0.039193409108,"TOTAL_ASSETS_TDAYS":0.038228101237,"PREMIUM_EXPENSE":null,"LOAN_DEPOSIT":null,"LOAN_EQUITY":null,"LOAN_ASSETS":null,"DEPOSIT_EQUITY":null,"DEPOSIT_ASSETS":null,"EQUITY_MULTIPLIER":1.46957502717,"EQUITY_RATIO":0.469575027171},{"SECUCODE":"02680.HK","SECURITY_CODE":"02680","SECURITY_NAME_ABBR":"创陞控股","ORG_CODE":"10527162","STD_REPORT_DATE":"2022-12-31 00:00:00","REPORT_DATE":"2023-02-28 00:00:00","DATE_TYPE_CODE":"001","REPORT_TYPE":"2022年年报","PER_NETCASH_OPERATE":0.0665593248,"PER_OI":0.1008645785,"BPS":3.082149209333,"BASIC_EPS":-0.014531056,"DILUTED_EPS":-0.014531056,"OPERATE_INCOME":40345831.4,"OPERATE_INCOME_YOY":30.2674867687,"GROSS_PROFIT":40345831.4,"GROSS_PROFIT_YOY":42.616275362701,"HOLDER_PROFIT":-5827485.08,"HOLDER_PROFIT_YOY":70.7909579429,"GROSS_PROFIT_RATIO":null,"EPS_TTM":-0.0619554449,"OPERATE_INCOME_QOQ":0,"NET_PROFIT_RATIO":-14.4438344131,"ROE_AVG":-3.152417996151,"GROSS_PROFIT_QOQ":0,"ROA":-2.153033298852,"HOLDER_PROFIT_QOQ":0,"ROE_YEARLY":-3.152417996151,"ROIC_YEARLY":-4.220814642254,"TOTAL_ASSETS":272559194.6,"TOTAL_LIABILITIES":87630242.04,"TAX_EBT":null,"OCF_SALES":65.988799824311,"TOTAL_PARENT_EQUITY":184928952.56,"DEBT_ASSET_RATIO":32.1509029144,"OPERATE_PROFIT":-4581712.84,"PRETAX_PROFIT":-5827485.08,"NETCASH_OPERATE":26623729.92,"NETCASH_INVEST":377453.04,"NETCASH_FINANCE":-1692336.4,"END_CASH":77431035.6,"DIVI_RATIO":null,"DIVIDEND_RATE":null,"CURRENT_RATIO":3.03651175295,"COMMON_ACS":100000000,"CURRENTDEBT_DEBT":99.666332999666,"ISSUED_COMMON_SHARES":60000000,"HK_COMMON_SHARES":60000000,"PER_SHARES":2000,"TOTAL_MARKET_CAP":72000000,"HKSK_MARKET_CAP":72000000,"PE_TTM":-2.363678145826,"PB_TTM":0.383795309168,"REPORT_DATE_SQ":"2021-12-31 00:00:00","REPORT_TYPE_SQ":"2021年年报","OPERATE_INCOME_SQ":28289780.6,"DPS_HKD":null,"OPERATE_INCOME_QOQ_SQ":0,"NET_PROFIT_RATIO_SQ":-64.4171077099,"HOLDER_PROFIT_SQ":-18223458.44,"HOLDER_PROFIT_QOQ_SQ":0,"ROE_AVG_SQ":-10.243777054431,"PE_TTM_SQ":10.900982740111,"PB_TTM_SQ":0.605335204369,"ROA_SQ":-6.330610414567,"START_DATE":"2022-03-01 00:00:00","FISCAL_YEAR":"2-28","CURRENCY":"HKD","IS_CNY_CODE":0,"DPS_HKD_LY":null,"ORG_TYPE":"一般企业","PREMIUM_INCOME":null,"PREMIUM_INCOME_YOY":null,"NET_INTEREST_INCOME":null,"NET_INTEREST_INCOME_YOY":null,"FEE_COMMISSION_INCOME":null,"FEE_COMMISSION_INCOME_YOY":null,"ACCOUNTS_RECE_TDAYS":0.471926415339,"INVENTORY_TDAYS":null,"CURRENT_ASSETS_TDAYS":0.151810406189,"TOTAL_ASSETS_TDAYS":0.149062446804,"PREMIUM_EXPENSE":null,"LOAN_DEPOSIT":null,"LOAN_EQUITY":null,"LOAN_ASSETS":null,"DEPOSIT_EQUITY":null,"DEPOSIT_ASSETS":null,"EQUITY_MULTIPLIER":1.4738589649,"EQUITY_RATIO":0.473858964899},{"SECUCODE":"02680.HK","SECURITY_CODE":"02680","SECURITY_NAME_ABBR":"创陞控股","ORG_CODE":"10527162","STD_REPORT_DATE":"2022-06-30 00:00:00","REPORT_DATE":"2022-08-31 00:00:00","DATE_TYPE_CODE":"002","REPORT_TYPE":"2022年中报","PER_NETCASH_OPERATE":0.0296986804,"PER_OI":0.0396011668,"BPS":3.008538654,"BASIC_EPS":-0.020454604,"DILUTED_EPS":-0.020454604,"OPERATE_INCOME":15840466.72,"OPERATE_INCOME_YOY":-0.3259128321,"GROSS_PROFIT":15840466.72,"GROSS_PROFIT_YOY":5.335124163876,"HOLDER_PROFIT":-8198521.32,"HOLDER_PROFIT_YOY":-373.1003039514,"GROSS_PROFIT_RATIO":null,"EPS_TTM":-0.0455586461,"OPERATE_INCOME_QOQ":0,"NET_PROFIT_RATIO":-51.7568166704,"ROE_AVG":-4.509677045507,"GROSS_PROFIT_QOQ":0,"ROA":-2.937462157253,"HOLDER_PROFIT_QOQ":0,"ROE_YEARLY":-9.019354091014,"ROIC_YEARLY":-11.912141736502,"TOTAL_ASSETS":291910901.84,"TOTAL_LIABILITIES":111398582.6,"TAX_EBT":null,"OCF_SALES":74.994457991576,"TOTAL_PARENT_EQUITY":180512319.24,"DEBT_ASSET_RATIO":38.1618438701,"OPERATE_PROFIT":-7096781.92,"PRETAX_PROFIT":-8198521.32,"NETCASH_OPERATE":11879472.16,"NETCASH_INVEST":-258096.72,"NETCASH_FINANCE":-871734.84,"END_CASH":62391809.48,"DIVI_RATIO":null,"DIVIDEND_RATE":null,"CURRENT_RATIO":2.609498450044,"COMMON_ACS":100000000,"CURRENTDEBT_DEBT":99.144962370464,"ISSUED_COMMON_SHARES":60000000,"HK_COMMON_SHARES":60000000,"PER_SHARES":2000,"TOTAL_MARKET_CAP":72000000,"HKSK_MARKET_CAP":72000000,"PE_TTM":-2.363678145826,"PB_TTM":0.383795309168,"REPORT_DATE_SQ":"2021-06-30 00:00:00","REPORT_TYPE_SQ":"2021年中报","OPERATE_INCOME_SQ":15038162.1,"DPS_HKD":null,"OPERATE_INCOME_QOQ_SQ":0,"NET_PROFIT_RATIO_SQ":-10.9042700105,"HOLDER_PROFIT_SQ":-1639801.8,"HOLDER_PROFIT_QOQ_SQ":0,"ROE_AVG_SQ":-0.857951261067,"PE_TTM_SQ":10.900982740111,"PB_TTM_SQ":0.605335204369,"ROA_SQ":-0.525275210682,"START_DATE":"2022-03-01 00:00:00","FISCAL_YEAR":"2-28","CURRENCY":"HKD","IS_CNY_CODE":0,"DPS_HKD_LY":null,"ORG_TYPE":"一般企业","PREMIUM_INCOME":null,"PREMIUM_INCOME_YOY":null,"NET_INTEREST_INCOME":null,"NET_INTEREST_INCOME_YOY":null,"FEE_COMMISSION_INCOME":null,"FEE_COMMISSION_INCOME_YOY":null,"ACCOUNTS_RECE_TDAYS":0.183002956404,"INVENTORY_TDAYS":null,"CURRENT_ASSETS_TDAYS":0.057384374175,"TOTAL_ASSETS_TDAYS":0.056755077809,"PREMIUM_EXPENSE":null,"LOAN_DEPOSIT":null,"LOAN_EQUITY":null,"LOAN_ASSETS":null,"DEPOSIT_EQUITY":null,"DEPOSIT_ASSETS":null,"EQUITY_MULTIPLIER":1.61712454346,"EQUITY_RATIO":0.617124543461},{"SECUCODE":"02680.HK","SECURITY_CODE":"02680","SECURITY_NAME_ABBR":"创陞控股","ORG_CODE":"10527162","STD_REPORT_DATE":"2021-12-31 00:00:00","REPORT_DATE":"2022-02-28 00:00:00","DATE_TYPE_CODE":"001","REPORT_TYPE":"2021年年报","PER_NETCASH_OPERATE":-0.0139324438,"PER_OI":0.0707244515,"BPS":2.813101899333,"BASIC_EPS":-0.045564716,"DILUTED_EPS":-0.045564716,"OPERATE_INCOME":28289780.6,"OPERATE_INCOME_YOY":-58.2287708229,"GROSS_PROFIT":28289780.6,"GROSS_PROFIT_YOY":-59.488680274624,"HOLDER_PROFIT":-18223458.44,"HOLDER_PROFIT_YOY":-1046.0924369748,"GROSS_PROFIT_RATIO":null,"EPS_TTM":0.015573309,"OPERATE_INCOME_QOQ":0,"NET_PROFIT_RATIO":-64.4171077099,"ROE_AVG":-10.243777054431,"GROSS_PROFIT_QOQ":0,"ROA":-6.330610414567,"HOLDER_PROFIT_QOQ":0,"ROE_YEARLY":-10.243777054431,"ROIC_YEARLY":-12.93697555034,"TOTAL_ASSETS":245496700.84,"TOTAL_LIABILITIES":76710586.88,"TAX_EBT":-5.972326807229,"OCF_SALES":-19.699613789158,"TOTAL_PARENT_EQUITY":168786113.96,"DEBT_ASSET_RATIO":31.2470948153,"OPERATE_PROFIT":-17151918.76,"PRETAX_PROFIT":-17196431.36,"NETCASH_OPERATE":-5572977.52,"NETCASH_INVEST":-9711.84,"NETCASH_FINANCE":-1907567.24,"END_CASH":47609058.32,"DIVI_RATIO":null,"DIVIDEND_RATE":null,"CURRENT_RATIO":3.171220881161,"COMMON_ACS":100000000,"CURRENTDEBT_DEBT":100,"ISSUED_COMMON_SHARES":60000000,"HK_COMMON_SHARES":60000000,"PER_SHARES":2000,"TOTAL_MARKET_CAP":72000000,"HKSK_MARKET_CAP":72000000,"PE_TTM":-2.363678145826,"PB_TTM":0.383795309168,"REPORT_DATE_SQ":"2020-12-31 00:00:00","REPORT_TYPE_SQ":"2020年年报","OPERATE_INCOME_SQ":69831792.18,"DPS_HKD":null,"OPERATE_INCOME_QOQ_SQ":0,"NET_PROFIT_RATIO_SQ":2.8441002844,"HOLDER_PROFIT_SQ":1986086.2,"HOLDER_PROFIT_QOQ_SQ":0,"ROE_AVG_SQ":1.035322777101,"PE_TTM_SQ":10.900982740111,"PB_TTM_SQ":0.605335204369,"ROA_SQ":0.672066732273,"START_DATE":"2021-03-01 00:00:00","FISCAL_YEAR":"2-28","CURRENCY":"HKD","IS_CNY_CODE":0,"DPS_HKD_LY":null,"ORG_TYPE":"一般企业","PREMIUM_INCOME":null,"PREMIUM_INCOME_YOY":null,"NET_INTEREST_INCOME":null,"NET_INTEREST_INCOME_YOY":null,"FEE_COMMISSION_INCOME":null,"FEE_COMMISSION_INCOME_YOY":null,"ACCOUNTS_RECE_TDAYS":0.335462262295,"INVENTORY_TDAYS":null,"CURRENT_ASSETS_TDAYS":0.099823513285,"TOTAL_ASSETS_TDAYS":0.098275297349,"PREMIUM_EXPENSE":null,"LOAN_DEPOSIT":null,"LOAN_EQUITY":null,"LOAN_ASSETS":null,"DEPOSIT_EQUITY":null,"DEPOSIT_ASSETS":null,"EQUITY_MULTIPLIER":1.454483992078,"EQUITY_RATIO":0.454483992079},{"SECUCODE":"02680.HK","SECURITY_CODE":"02680","SECURITY_NAME_ABBR":"创陞控股","ORG_CODE":"10527162","STD_REPORT_DATE":"2021-06-30 00:00:00","REPORT_DATE":"2021-08-31 00:00:00","DATE_TYPE_CODE":"002","REPORT_TYPE":"2021年中报","PER_NETCASH_OPERATE":-0.029680911,"PER_OI":0.03759540525,"BPS":3.17183412,"BASIC_EPS":-0.00407043,"DILUTED_EPS":-0.00407043,"OPERATE_INCOME":15038162.1,"OPERATE_INCOME_YOY":-12.8448317366,"GROSS_PROFIT":15038162.1,"GROSS_PROFIT_YOY":-18.210801766332,"HOLDER_PROFIT":-1639801.8,"HOLDER_PROFIT_YOY":70.297923563,"GROSS_PROFIT_RATIO":null,"EPS_TTM":0.0049652155,"OPERATE_INCOME_QOQ":0,"NET_PROFIT_RATIO":-10.9042700105,"ROE_AVG":-0.857951261067,"GROSS_PROFIT_QOQ":0,"ROA":-0.525275210682,"HOLDER_PROFIT_QOQ":0,"ROE_YEARLY":-1.715902522133,"ROIC_YEARLY":-2.145675496473,"TOTAL_ASSETS":285406921.8,"TOTAL_LIABILITIES":95096874.6,"TAX_EBT":null,"OCF_SALES":-78.948240623101,"TOTAL_PARENT_EQUITY":190310047.2,"DEBT_ASSET_RATIO":33.3197506214,"OPERATE_PROFIT":-1609065.9,"PRETAX_PROFIT":-1639801.8,"NETCASH_OPERATE":-11872364.4,"NETCASH_INVEST":-3322.8,"NETCASH_FINANCE":-979395.3,"END_CASH":43699804.2,"DIVI_RATIO":null,"DIVIDEND_RATE":null,"CURRENT_RATIO":2.952361812558,"COMMON_ACS":100000000,"CURRENTDEBT_DEBT":99.972047030871,"ISSUED_COMMON_SHARES":60000000,"HK_COMMON_SHARES":60000000,"PER_SHARES":2000,"TOTAL_MARKET_CAP":72000000,"HKSK_MARKET_CAP":72000000,"PE_TTM":-2.363678145826,"PB_TTM":0.383795309168,"REPORT_DATE_SQ":"2020-06-30 00:00:00","REPORT_TYPE_SQ":"2020年中报","OPERATE_INCOME_SQ":18386489.2,"DPS_HKD":null,"OPERATE_INCOME_QOQ_SQ":0,"NET_PROFIT_RATIO_SQ":-31.9965336286,"HOLDER_PROFIT_SQ":-5883039.2,"HOLDER_PROFIT_QOQ_SQ":0,"ROE_AVG_SQ":-2.948967683822,"PE_TTM_SQ":10.900982740111,"PB_TTM_SQ":0.605335204369,"ROA_SQ":-2.117329221437,"START_DATE":"2021-03-01 00:00:00","FISCAL_YEAR":"2-28","CURRENCY":"HKD","IS_CNY_CODE":0,"DPS_HKD_LY":null,"ORG_TYPE":"一般企业","PREMIUM_INCOME":null,"PREMIUM_INCOME_YOY":null,"NET_INTEREST_INCOME":null,"NET_INTEREST_INCOME_YOY":null,"FEE_COMMISSION_INCOME":null,"FEE_COMMISSION_INCOME_YOY":null,"ACCOUNTS_RECE_TDAYS":0.175965706954,"INVENTORY_TDAYS":null,"CURRENT_ASSETS_TDAYS":0.049083497257,"TOTAL_ASSETS_TDAYS":0.048171515395,"PREMIUM_EXPENSE":null,"LOAN_DEPOSIT":null,"LOAN_EQUITY":null,"LOAN_ASSETS":null,"DEPOSIT_EQUITY":null,"DEPOSIT_ASSETS":null,"EQUITY_MULTIPLIER":1.499694451234,"EQUITY_RATIO":0.499694451234},{"SECUCODE":"02680.HK","SECURITY_CODE":"02680","SECURITY_NAME_ABBR":"创陞控股","ORG_CODE":"10527162","STD_REPORT_DATE":"2020-12-31 00:00:00","REPORT_DATE":"2021-02-28 00:00:00","DATE_TYPE_CODE":"001","REPORT_TYPE":"2020年年报","PER_NETCASH_OPERATE":-0.057060339975,"PER_OI":0.17457948045,"BPS":3.213760071667,"BASIC_EPS":0.00500694,"DILUTED_EPS":0.00500694,"OPERATE_INCOME":69831792.18,"OPERATE_INCOME_YOY":-13.4407712359,"GROSS_PROFIT":69831792.18,"GROSS_PROFIT_YOY":-19.621646883838,"HOLDER_PROFIT":1986086.2,"HOLDER_PROFIT_YOY":48.1020535159,"GROSS_PROFIT_RATIO":null,"EPS_TTM":-0.00584894225,"OPERATE_INCOME_QOQ":0,"NET_PROFIT_RATIO":2.8441002844,"ROE_AVG":1.035322777101,"GROSS_PROFIT_QOQ":0,"ROA":0.672066732273,"HOLDER_PROFIT_QOQ":0,"ROE_YEARLY":1.035322777101,"ROIC_YEARLY":1.224141300882,"TOTAL_ASSETS":340498623.68,"TOTAL_LIABILITIES":147673019.38,"TAX_EBT":5.593018643395,"OCF_SALES":-32.684448268445,"TOTAL_PARENT_EQUITY":192825604.3,"DEBT_ASSET_RATIO":43.3696376755,"OPERATE_PROFIT":2257295.45,"PRETAX_PROFIT":2103749.29,"NETCASH_OPERATE":-22824135.99,"NETCASH_INVEST":141028.81,"NETCASH_FINANCE":-1740746.14,"END_CASH":56812913.69,"DIVI_RATIO":null,"DIVIDEND_RATE":null,"CURRENT_RATIO":2.268229299652,"COMMON_ACS":100000000,"CURRENTDEBT_DEBT":99.592567895933,"ISSUED_COMMON_SHARES":60000000,"HK_COMMON_SHARES":60000000,"PER_SHARES":2000,"TOTAL_MARKET_CAP":72000000,"HKSK_MARKET_CAP":72000000,"PE_TTM":-2.363678145826,"PB_TTM":0.383795309168,"REPORT_DATE_SQ":"2019-12-31 00:00:00","REPORT_TYPE_SQ":"2019年年报","OPERATE_INCOME_SQ":86878854.16,"DPS_HKD":null,"OPERATE_INCOME_QOQ_SQ":0,"NET_PROFIT_RATIO_SQ":1.6622532997,"HOLDER_PROFIT_SQ":1444146.62,"HOLDER_PROFIT_QOQ_SQ":0,"ROE_AVG_SQ":0.705096703991,"PE_TTM_SQ":10.900982740111,"PB_TTM_SQ":0.605335204369,"ROA_SQ":0.558063619947,"START_DATE":"2020-03-01 00:00:00","FISCAL_YEAR":"2-28","CURRENCY":"HKD","IS_CNY_CODE":0,"DPS_HKD_LY":null,"ORG_TYPE":"一般企业","PREMIUM_INCOME":null,"PREMIUM_INCOME_YOY":null,"NET_INTEREST_INCOME":null,"NET_INTEREST_INCOME_YOY":null,"FEE_COMMISSION_INCOME":null,"FEE_COMMISSION_INCOME_YOY":null,"ACCOUNTS_RECE_TDAYS":0.893919081319,"INVENTORY_TDAYS":null,"CURRENT_ASSETS_TDAYS":0.24165643906,"TOTAL_ASSETS_TDAYS":0.236302051639,"PREMIUM_EXPENSE":null,"LOAN_DEPOSIT":null,"LOAN_EQUITY":null,"LOAN_ASSETS":null,"DEPOSIT_EQUITY":null,"DEPOSIT_ASSETS":null,"EQUITY_MULTIPLIER":1.765837192194,"EQUITY_RATIO":0.765837192193},{"SECUCODE":"02680.HK","SECURITY_CODE":"02680","SECURITY_NAME_ABBR":"创陞控股","ORG_CODE":"10527162","STD_REPORT_DATE":"2020-06-30 00:00:00","REPORT_DATE":"2020-08-31 00:00:00","DATE_TYPE_CODE":"002","REPORT_TYPE":"2020年中报","PER_NETCASH_OPERATE":-0.069302308,"PER_OI":0.045966223,"BPS":3.275889146667,"BASIC_EPS":-0.01469432,"DILUTED_EPS":-0.01469432,"OPERATE_INCOME":18386489.2,"OPERATE_INCOME_YOY":-52.0521698984,"GROSS_PROFIT":18386489.2,"GROSS_PROFIT_YOY":-53.013971564994,"HOLDER_PROFIT":-5883039.2,"HOLDER_PROFIT_YOY":-185.9724612737,"GROSS_PROFIT_RATIO":null,"EPS_TTM":0.00361036655,"OPERATE_INCOME_QOQ":0,"NET_PROFIT_RATIO":-31.9965336286,"ROE_AVG":-2.948967683822,"GROSS_PROFIT_QOQ":0,"ROA":-2.117329221437,"HOLDER_PROFIT_QOQ":0,"ROE_YEARLY":-5.897935367645,"ROIC_YEARLY":-5.471298527829,"TOTAL_ASSETS":289939293.2,"TOTAL_LIABILITIES":93385944.4,"TAX_EBT":null,"OCF_SALES":-150.767897549468,"TOTAL_PARENT_EQUITY":196553348.8,"DEBT_ASSET_RATIO":32.2087921817,"OPERATE_PROFIT":-5839664.4,"PRETAX_PROFIT":-5883039.2,"NETCASH_OPERATE":-46328712.4,"NETCASH_INVEST":427551.6,"NETCASH_FINANCE":-843595.6,"END_CASH":39428578.4,"DIVI_RATIO":null,"DIVIDEND_RATE":null,"CURRENT_RATIO":3.053418558435,"COMMON_ACS":100000000,"CURRENTDEBT_DEBT":99.21040408732,"ISSUED_COMMON_SHARES":60000000,"HK_COMMON_SHARES":60000000,"PER_SHARES":2000,"TOTAL_MARKET_CAP":72000000,"HKSK_MARKET_CAP":72000000,"PE_TTM":-2.363678145826,"PB_TTM":0.383795309168,"REPORT_DATE_SQ":"2019-06-30 00:00:00","REPORT_TYPE_SQ":"2019年中报","OPERATE_INCOME_SQ":39131822.4,"DPS_HKD":null,"OPERATE_INCOME_QOQ_SQ":0,"NET_PROFIT_RATIO_SQ":-5.3647276085,"HOLDER_PROFIT_SQ":-2099315.68,"HOLDER_PROFIT_QOQ_SQ":0,"ROE_AVG_SQ":-1.028418695625,"PE_TTM_SQ":10.900982740111,"PB_TTM_SQ":0.605335204369,"ROA_SQ":-0.819468368133,"START_DATE":"2020-03-01 00:00:00","FISCAL_YEAR":"2-28","CURRENCY":"HKD","IS_CNY_CODE":0,"DPS_HKD_LY":null,"ORG_TYPE":"一般企业","PREMIUM_INCOME":null,"PREMIUM_INCOME_YOY":null,"NET_INTEREST_INCOME":null,"NET_INTEREST_INCOME_YOY":null,"FEE_COMMISSION_INCOME":null,"FEE_COMMISSION_INCOME_YOY":null,"ACCOUNTS_RECE_TDAYS":0.242863239619,"INVENTORY_TDAYS":null,"CURRENT_ASSETS_TDAYS":0.067834970068,"TOTAL_ASSETS_TDAYS":0.066173706377,"PREMIUM_EXPENSE":null,"LOAN_DEPOSIT":null,"LOAN_EQUITY":null,"LOAN_ASSETS":null,"DEPOSIT_EQUITY":null,"DEPOSIT_ASSETS":null,"EQUITY_MULTIPLIER":1.47511754427,"EQUITY_RATIO":0.475117544271}],"count":17},"success":true,"message":"ok","code":0}