{"version":"8c6bf698153ccecf61ff5e2d8ab28aae","result":{"pages":5,"data":[{"SECUCODE":"02689.HK","SECURITY_CODE":"02689","SECURITY_NAME_ABBR":"玖龙纸业","ORG_CODE":"10073176","STD_REPORT_DATE":"2023-12-31 00:00:00","REPORT_DATE":"2024-06-30 00:00:00","DATE_TYPE_CODE":"001","REPORT_TYPE":"2023年年报","PER_NETCASH_OPERATE":-0.169258658531,"PER_OI":12.679787971726,"BPS":9.62565442234,"BASIC_EPS":0.16,"DILUTED_EPS":0.16,"OPERATE_INCOME":59496365000,"OPERATE_INCOME_YOY":4.8589217659,"GROSS_PROFIT":5711472000,"GROSS_PROFIT_YOY":273.246617793328,"HOLDER_PROFIT":750677000,"HOLDER_PROFIT_YOY":131.4963732118,"GROSS_PROFIT_RATIO":9.599699074053,"EPS_TTM":-0.149640229708,"OPERATE_INCOME_QOQ":-1.034185392031,"NET_PROFIT_RATIO":1.3343504263,"ROE_AVG":1.671559138611,"GROSS_PROFIT_QOQ":131.977684167051,"ROA":0.57962301915,"HOLDER_PROFIT_QOQ":70.539898027,"ROE_YEARLY":1.671559138611,"ROIC_YEARLY":0.640859665779,"TOTAL_ASSETS":138371490000,"TOTAL_LIABILITIES":89887013000,"TAX_EBT":35.892497656199,"OCF_SALES":-1.334869785742,"TOTAL_PARENT_EQUITY":45165696000,"DEBT_ASSET_RATIO":64.9606454335,"OPERATE_PROFIT":2645063000,"PRETAX_PROFIT":1238373000,"NETCASH_OPERATE":-794199000,"NETCASH_INVEST":-12655973000,"NETCASH_FINANCE":13666226000,"END_CASH":10560669000,"DIVI_RATIO":null,"DIVIDEND_RATE":null,"CURRENT_RATIO":1.163537075774,"COMMON_ACS":8000000000,"CURRENTDEBT_DEBT":34.720230385228,"ISSUED_COMMON_SHARES":4692220811,"HK_COMMON_SHARES":4692220811,"PER_SHARES":1000,"TOTAL_MARKET_CAP":15812784133.07,"HKSK_MARKET_CAP":15812784133.07,"PE_TTM":19.225328367021,"PB_TTM":0.319534804082,"REPORT_DATE_SQ":"2022-12-31 00:00:00","REPORT_TYPE_SQ":"2022年年报","OPERATE_INCOME_SQ":56739440000,"DPS_HKD":null,"OPERATE_INCOME_QOQ_SQ":-5.071906205113,"NET_PROFIT_RATIO_SQ":-4.1784673941,"HOLDER_PROFIT_SQ":-2383376000,"HOLDER_PROFIT_QOQ_SQ":-127.116408577988,"ROE_AVG_SQ":-5.197823910002,"PE_TTM_SQ":-6.298495952523,"PB_TTM_SQ":0.33619372963,"ROA_SQ":-2.093142641441,"START_DATE":"2023-07-01 00:00:00","FISCAL_YEAR":"6-30","CURRENCY":"HKD","IS_CNY_CODE":0,"DPS_HKD_LY":null,"ORG_TYPE":"一般企业","PREMIUM_INCOME":null,"PREMIUM_INCOME_YOY":null,"NET_INTEREST_INCOME":null,"NET_INTEREST_INCOME_YOY":null,"FEE_COMMISSION_INCOME":null,"FEE_COMMISSION_INCOME_YOY":null,"ACCOUNTS_RECE_TDAYS":9.194008601636,"INVENTORY_TDAYS":5.654133391559,"CURRENT_ASSETS_TDAYS":1.809299329747,"TOTAL_ASSETS_TDAYS":0.459391492076,"PREMIUM_EXPENSE":null,"LOAN_DEPOSIT":null,"LOAN_EQUITY":null,"LOAN_ASSETS":null,"DEPOSIT_EQUITY":null,"DEPOSIT_ASSETS":null,"EQUITY_MULTIPLIER":2.853933847732,"EQUITY_RATIO":1.990161139109},{"SECUCODE":"02689.HK","SECURITY_CODE":"02689","SECURITY_NAME_ABBR":"玖龙纸业","ORG_CODE":"10073176","STD_REPORT_DATE":"2023-06-30 00:00:00","REPORT_DATE":"2023-12-31 00:00:00","DATE_TYPE_CODE":"002","REPORT_TYPE":"2023年中报","PER_NETCASH_OPERATE":-0.53553234198,"PER_OI":6.523825334101,"BPS":9.534853495197,"BASIC_EPS":0.06,"DILUTED_EPS":0.06,"OPERATE_INCOME":30611229000,"OPERATE_INCOME_YOY":-1.8808597469,"GROSS_PROFIT":2705626000,"GROSS_PROFIT_YOY":294.357258940219,"HOLDER_PROFIT":292436000,"HOLDER_PROFIT_YOY":121.0568154407,"GROSS_PROFIT_RATIO":8.838671586822,"EPS_TTM":-0.50794199506,"OPERATE_INCOME_QOQ":-7.386542906619,"NET_PROFIT_RATIO":0.9883464659,"ROE_AVG":0.654281271679,"GROSS_PROFIT_QOQ":-48.948536979611,"ROA":0.234358171229,"HOLDER_PROFIT_QOQ":-168.349846874437,"ROE_YEARLY":1.308562543357,"ROIC_YEARLY":0.506538752739,"TOTAL_ASSETS":128912302000,"TOTAL_LIABILITIES":83702803000,"TAX_EBT":49.404060117432,"OCF_SALES":-8.20887001956,"TOTAL_PARENT_EQUITY":44739638000,"DEBT_ASSET_RATIO":64.930035149,"OPERATE_PROFIT":1243478000,"PRETAX_PROFIT":597963000,"NETCASH_OPERATE":-2512836000,"NETCASH_INVEST":-6501955000,"NETCASH_FINANCE":5982135000,"END_CASH":7285320000,"DIVI_RATIO":null,"DIVIDEND_RATE":null,"CURRENT_RATIO":1.038596267434,"COMMON_ACS":8000000000,"CURRENTDEBT_DEBT":36.376006428363,"ISSUED_COMMON_SHARES":4692220811,"HK_COMMON_SHARES":4692220811,"PER_SHARES":1000,"TOTAL_MARKET_CAP":15718939716.85,"HKSK_MARKET_CAP":15718939716.85,"PE_TTM":19.111231462766,"PB_TTM":0.317638455096,"REPORT_DATE_SQ":"2022-06-30 00:00:00","REPORT_TYPE_SQ":"2022年中报","OPERATE_INCOME_SQ":31198020000,"DPS_HKD":null,"OPERATE_INCOME_QOQ_SQ":-0.952534979102,"NET_PROFIT_RATIO_SQ":-4.4839704571,"HOLDER_PROFIT_SQ":-1388795000,"HOLDER_PROFIT_QOQ_SQ":-44.238551730466,"ROE_AVG_SQ":-3.005822427566,"PE_TTM_SQ":-6.57076523001,"PB_TTM_SQ":0.350726599787,"ROA_SQ":-1.257345238514,"START_DATE":"2023-07-01 00:00:00","FISCAL_YEAR":"6-30","CURRENCY":"HKD","IS_CNY_CODE":0,"DPS_HKD_LY":null,"ORG_TYPE":"一般企业","PREMIUM_INCOME":null,"PREMIUM_INCOME_YOY":null,"NET_INTEREST_INCOME":null,"NET_INTEREST_INCOME_YOY":null,"FEE_COMMISSION_INCOME":null,"FEE_COMMISSION_INCOME_YOY":null,"ACCOUNTS_RECE_TDAYS":4.684779348253,"INVENTORY_TDAYS":3.055377506973,"CURRENT_ASSETS_TDAYS":1.002374953669,"TOTAL_ASSETS_TDAYS":0.245318348203,"PREMIUM_EXPENSE":null,"LOAN_DEPOSIT":null,"LOAN_EQUITY":null,"LOAN_ASSETS":null,"DEPOSIT_EQUITY":null,"DEPOSIT_ASSETS":null,"EQUITY_MULTIPLIER":2.851442835055,"EQUITY_RATIO":1.870886907936},{"SECUCODE":"02689.HK","SECURITY_CODE":"02689","SECURITY_NAME_ABBR":"玖龙纸业","ORG_CODE":"10073176","STD_REPORT_DATE":"2022-12-31 00:00:00","REPORT_DATE":"2023-06-30 00:00:00","DATE_TYPE_CODE":"001","REPORT_TYPE":"2022年年报","PER_NETCASH_OPERATE":1.475737668561,"PER_OI":12.092235699349,"BPS":9.516151903023,"BASIC_EPS":-0.51,"DILUTED_EPS":-0.51,"OPERATE_INCOME":56739440000,"OPERATE_INCOME_YOY":-12.0838105837,"GROSS_PROFIT":1530214000,"GROSS_PROFIT_YOY":-78.114412718754,"HOLDER_PROFIT":-2383376000,"HOLDER_PROFIT_YOY":-172.7668408969,"GROSS_PROFIT_RATIO":2.69691417469,"EPS_TTM":-0.189283504714,"OPERATE_INCOME_QOQ":-5.071906205113,"NET_PROFIT_RATIO":-4.1784673941,"ROE_AVG":-5.197823910002,"GROSS_PROFIT_QOQ":-57.130342626018,"ROA":-2.093142641441,"HOLDER_PROFIT_QOQ":-127.116408577988,"ROE_YEARLY":-5.197823910002,"ROIC_YEARLY":-2.305559226112,"TOTAL_ASSETS":120651004000,"TOTAL_LIABILITIES":75514582000,"TAX_EBT":13.029607157662,"OCF_SALES":12.20401012065,"TOTAL_PARENT_EQUITY":44651886000,"DEBT_ASSET_RATIO":62.5892694602,"OPERATE_PROFIT":-1595222000,"PRETAX_PROFIT":-2726030000,"NETCASH_OPERATE":6924487000,"NETCASH_INVEST":-17424026000,"NETCASH_FINANCE":11136472000,"END_CASH":10317488000,"DIVI_RATIO":null,"DIVIDEND_RATE":null,"CURRENT_RATIO":1.049286456969,"COMMON_ACS":8000000000,"CURRENTDEBT_DEBT":37.172922442979,"ISSUED_COMMON_SHARES":4692220811,"HK_COMMON_SHARES":4692220811,"PER_SHARES":1000,"TOTAL_MARKET_CAP":15718939716.85,"HKSK_MARKET_CAP":15718939716.85,"PE_TTM":19.111231462766,"PB_TTM":0.317638455096,"REPORT_DATE_SQ":"2021-12-31 00:00:00","REPORT_TYPE_SQ":"2021年年报","OPERATE_INCOME_SQ":64538102000,"DPS_HKD":null,"OPERATE_INCOME_QOQ_SQ":5.821772999864,"NET_PROFIT_RATIO_SQ":5.1295295297,"HOLDER_PROFIT_SQ":3275360000,"HOLDER_PROFIT_QOQ_SQ":-17.28260289438,"ROE_AVG_SQ":7.045050707014,"PE_TTM_SQ":-6.57076523001,"PB_TTM_SQ":0.350726599787,"ROA_SQ":3.287634828463,"START_DATE":"2022-07-01 00:00:00","FISCAL_YEAR":"6-30","CURRENCY":"HKD","IS_CNY_CODE":0,"DPS_HKD_LY":0.02239,"ORG_TYPE":"一般企业","PREMIUM_INCOME":null,"PREMIUM_INCOME_YOY":null,"NET_INTEREST_INCOME":null,"NET_INTEREST_INCOME_YOY":null,"FEE_COMMISSION_INCOME":null,"FEE_COMMISSION_INCOME_YOY":null,"ACCOUNTS_RECE_TDAYS":12.05780322253,"INVENTORY_TDAYS":5.251576089422,"CURRENT_ASSETS_TDAYS":1.828064665156,"TOTAL_ASSETS_TDAYS":0.498300483497,"PREMIUM_EXPENSE":null,"LOAN_DEPOSIT":null,"LOAN_EQUITY":null,"LOAN_ASSETS":null,"DEPOSIT_EQUITY":null,"DEPOSIT_ASSETS":null,"EQUITY_MULTIPLIER":2.673029864884,"EQUITY_RATIO":1.691184600803},{"SECUCODE":"02689.HK","SECURITY_CODE":"02689","SECURITY_NAME_ABBR":"玖龙纸业","ORG_CODE":"10073176","STD_REPORT_DATE":"2022-06-30 00:00:00","REPORT_DATE":"2022-12-31 00:00:00","DATE_TYPE_CODE":"002","REPORT_TYPE":"2022年中报","PER_NETCASH_OPERATE":0.579275168302,"PER_OI":6.648881469274,"BPS":9.665399781204,"BASIC_EPS":-0.3,"DILUTED_EPS":-0.3,"OPERATE_INCOME":31198020000,"OPERATE_INCOME_YOY":-9.4957514261,"GROSS_PROFIT":686085000,"GROSS_PROFIT_YOY":-85.341849390138,"HOLDER_PROFIT":-1388795000,"HOLDER_PROFIT_YOY":-150.0516267378,"GROSS_PROFIT_RATIO":2.199129944785,"EPS_TTM":0.698040465683,"OPERATE_INCOME_QOQ":-0.952534979102,"NET_PROFIT_RATIO":-4.4839704571,"ROE_AVG":-3.005822427566,"GROSS_PROFIT_QOQ":-29.491573281567,"ROA":-1.257345238514,"HOLDER_PROFIT_QOQ":-44.238551730466,"ROE_YEARLY":-6.011644855131,"ROIC_YEARLY":-2.749889524107,"TOTAL_ASSETS":113828272000,"TOTAL_LIABILITIES":68035822000,"TAX_EBT":2.982492033164,"OCF_SALES":8.712370208109,"TOTAL_PARENT_EQUITY":45352190000,"DEBT_ASSET_RATIO":59.7705831817,"OPERATE_PROFIT":-861615000,"PRETAX_PROFIT":-1441915000,"NETCASH_OPERATE":2718087000,"NETCASH_INVEST":-10565198000,"NETCASH_FINANCE":6492565000,"END_CASH":8305636000,"DIVI_RATIO":null,"DIVIDEND_RATE":null,"CURRENT_RATIO":1.040058968674,"COMMON_ACS":8000000000,"CURRENTDEBT_DEBT":41.804771609873,"ISSUED_COMMON_SHARES":4692220811,"HK_COMMON_SHARES":4692220811,"PER_SHARES":1000,"TOTAL_MARKET_CAP":15718939716.85,"HKSK_MARKET_CAP":15718939716.85,"PE_TTM":19.111231462766,"PB_TTM":0.317638455096,"REPORT_DATE_SQ":"2021-06-30 00:00:00","REPORT_TYPE_SQ":"2021年中报","OPERATE_INCOME_SQ":34471332000,"DPS_HKD":null,"OPERATE_INCOME_QOQ_SQ":15.324350027098,"NET_PROFIT_RATIO_SQ":8.108418903,"HOLDER_PROFIT_SQ":2774725000,"HOLDER_PROFIT_QOQ_SQ":20.526650780073,"ROE_AVG_SQ":5.961726968708,"PE_TTM_SQ":-6.57076523001,"PB_TTM_SQ":0.350726599787,"ROA_SQ":2.943013423646,"START_DATE":"2022-07-01 00:00:00","FISCAL_YEAR":"6-30","CURRENCY":"HKD","IS_CNY_CODE":0,"DPS_HKD_LY":0.02239,"ORG_TYPE":"一般企业","PREMIUM_INCOME":null,"PREMIUM_INCOME_YOY":null,"NET_INTEREST_INCOME":null,"NET_INTEREST_INCOME_YOY":null,"FEE_COMMISSION_INCOME":null,"FEE_COMMISSION_INCOME_YOY":null,"ACCOUNTS_RECE_TDAYS":6.35566091049,"INVENTORY_TDAYS":2.796713671117,"CURRENT_ASSETS_TDAYS":1.003102484225,"TOTAL_ASSETS_TDAYS":0.282451203367,"PREMIUM_EXPENSE":null,"LOAN_DEPOSIT":null,"LOAN_EQUITY":null,"LOAN_ASSETS":null,"DEPOSIT_EQUITY":null,"DEPOSIT_ASSETS":null,"EQUITY_MULTIPLIER":2.485743217498,"EQUITY_RATIO":1.500166188226},{"SECUCODE":"02689.HK","SECURITY_CODE":"02689","SECURITY_NAME_ABBR":"玖龙纸业","ORG_CODE":"10073176","STD_REPORT_DATE":"2021-12-31 00:00:00","REPORT_DATE":"2022-06-30 00:00:00","DATE_TYPE_CODE":"001","REPORT_TYPE":"2021年年报","PER_NETCASH_OPERATE":0.645855368293,"PER_OI":13.754276407603,"BPS":10.028257598127,"BASIC_EPS":0.7,"DILUTED_EPS":0.7,"OPERATE_INCOME":64538102000,"OPERATE_INCOME_YOY":4.8137835965,"GROSS_PROFIT":6991880000,"GROSS_PROFIT_YOY":-40.194045937954,"HOLDER_PROFIT":3275360000,"HOLDER_PROFIT_YOY":-53.875581403,"GROSS_PROFIT_RATIO":10.833724239365,"EPS_TTM":1.251833457247,"OPERATE_INCOME_QOQ":5.821772999864,"NET_PROFIT_RATIO":5.1295295297,"ROE_AVG":7.045050707014,"GROSS_PROFIT_QOQ":-15.178997964493,"ROA":3.287634828463,"HOLDER_PROFIT_QOQ":-17.28260289438,"ROE_YEARLY":7.045050707014,"ROIC_YEARLY":3.668434848321,"TOTAL_ASSETS":107080824000,"TOTAL_LIABILITIES":59575498000,"TAX_EBT":1.853560397768,"OCF_SALES":4.695669544171,"TOTAL_PARENT_EQUITY":47054799000,"DEBT_ASSET_RATIO":55.6360100479,"OPERATE_PROFIT":3587112000,"PRETAX_PROFIT":3373022000,"NETCASH_OPERATE":3030496000,"NETCASH_INVEST":-12321554000,"NETCASH_FINANCE":8920623000,"END_CASH":9654344000,"DIVI_RATIO":null,"DIVIDEND_RATE":null,"CURRENT_RATIO":1.793228224404,"COMMON_ACS":8000000000,"CURRENTDEBT_DEBT":30.535165648133,"ISSUED_COMMON_SHARES":4692220811,"HK_COMMON_SHARES":4692220811,"PER_SHARES":1000,"TOTAL_MARKET_CAP":15718939716.85,"HKSK_MARKET_CAP":15718939716.85,"PE_TTM":19.111231462766,"PB_TTM":0.317638455096,"REPORT_DATE_SQ":"2020-12-31 00:00:00","REPORT_TYPE_SQ":"2020年年报","OPERATE_INCOME_SQ":61574060000,"DPS_HKD":null,"OPERATE_INCOME_QOQ_SQ":3.994613291979,"NET_PROFIT_RATIO_SQ":11.6412950518,"HOLDER_PROFIT_SQ":7101141000,"HOLDER_PROFIT_QOQ_SQ":41.341576195497,"ROE_AVG_SQ":16.457042843534,"PE_TTM_SQ":-6.57076523001,"PB_TTM_SQ":0.350726599787,"ROA_SQ":8.281596879193,"START_DATE":"2021-07-01 00:00:00","FISCAL_YEAR":"6-30","CURRENCY":"HKD","IS_CNY_CODE":0,"DPS_HKD_LY":0.49765,"ORG_TYPE":"一般企业","PREMIUM_INCOME":null,"PREMIUM_INCOME_YOY":null,"NET_INTEREST_INCOME":null,"NET_INTEREST_INCOME_YOY":null,"FEE_COMMISSION_INCOME":null,"FEE_COMMISSION_INCOME_YOY":null,"ACCOUNTS_RECE_TDAYS":11.405876001545,"INVENTORY_TDAYS":5.646050899621,"CURRENT_ASSETS_TDAYS":2.104274806417,"TOTAL_ASSETS_TDAYS":0.647799667512,"PREMIUM_EXPENSE":null,"LOAN_DEPOSIT":null,"LOAN_EQUITY":null,"LOAN_ASSETS":null,"DEPOSIT_EQUITY":null,"DEPOSIT_ASSETS":null,"EQUITY_MULTIPLIER":2.254080395113,"EQUITY_RATIO":1.266087609895},{"SECUCODE":"02689.HK","SECURITY_CODE":"02689","SECURITY_NAME_ABBR":"玖龙纸业","ORG_CODE":"10073176","STD_REPORT_DATE":"2021-06-30 00:00:00","REPORT_DATE":"2021-12-31 00:00:00","DATE_TYPE_CODE":"002","REPORT_TYPE":"2021年中报","PER_NETCASH_OPERATE":0.679467810323,"PER_OI":7.34648546786,"BPS":10.049849506113,"BASIC_EPS":0.59,"DILUTED_EPS":0.59,"OPERATE_INCOME":34471332000,"OPERATE_INCOME_YOY":11.6059991006,"GROSS_PROFIT":4680570000,"GROSS_PROFIT_YOY":-27.490783310907,"HOLDER_PROFIT":2774725000,"HOLDER_PROFIT_YOY":-30.6663165073,"GROSS_PROFIT_RATIO":13.578152419524,"EPS_TTM":1.513385939415,"OPERATE_INCOME_QOQ":15.324350027098,"NET_PROFIT_RATIO":8.108418903,"ROE_AVG":5.961726968708,"GROSS_PROFIT_QOQ":10.66122081948,"ROA":2.943013423646,"HOLDER_PROFIT_QOQ":20.526650780073,"ROE_YEARLY":11.923453937415,"ROIC_YEARLY":6.552680795887,"TOTAL_ASSETS":96391081000,"TOTAL_LIABILITIES":48753626000,"TAX_EBT":2.783038473511,"OCF_SALES":9.248882520699,"TOTAL_PARENT_EQUITY":47156113000,"DEBT_ASSET_RATIO":50.5789804349,"OPERATE_PROFIT":2888320000,"PRETAX_PROFIT":2875095000,"NETCASH_OPERATE":3188213000,"NETCASH_INVEST":-5682609000,"NETCASH_FINANCE":602860000,"END_CASH":8134773000,"DIVI_RATIO":null,"DIVIDEND_RATE":null,"CURRENT_RATIO":1.03524104312,"COMMON_ACS":8000000000,"CURRENTDEBT_DEBT":56.150219472907,"ISSUED_COMMON_SHARES":4692220811,"HK_COMMON_SHARES":4692220811,"PER_SHARES":1000,"TOTAL_MARKET_CAP":15718939716.85,"HKSK_MARKET_CAP":15718939716.85,"PE_TTM":19.111231462766,"PB_TTM":0.317638455096,"REPORT_DATE_SQ":"2020-06-30 00:00:00","REPORT_TYPE_SQ":"2020年中报","OPERATE_INCOME_SQ":30886630000,"DPS_HKD":null,"OPERATE_INCOME_QOQ_SQ":-3.370536006684,"NET_PROFIT_RATIO_SQ":12.9755852289,"HOLDER_PROFIT_SQ":4001987000,"HOLDER_PROFIT_QOQ_SQ":7.669726619002,"ROE_AVG_SQ":9.564925109703,"PE_TTM_SQ":-6.57076523001,"PB_TTM_SQ":0.350726599787,"ROA_SQ":4.916445704352,"START_DATE":"2021-07-01 00:00:00","FISCAL_YEAR":"6-30","CURRENCY":"HKD","IS_CNY_CODE":0,"DPS_HKD_LY":0.49765,"ORG_TYPE":"一般企业","PREMIUM_INCOME":null,"PREMIUM_INCOME_YOY":null,"NET_INTEREST_INCOME":null,"NET_INTEREST_INCOME_YOY":null,"FEE_COMMISSION_INCOME":null,"FEE_COMMISSION_INCOME_YOY":null,"ACCOUNTS_RECE_TDAYS":6.081142808453,"INVENTORY_TDAYS":3.194021039901,"CURRENT_ASSETS_TDAYS":1.208279814454,"TOTAL_ASSETS_TDAYS":0.365620350871,"PREMIUM_EXPENSE":null,"LOAN_DEPOSIT":null,"LOAN_EQUITY":null,"LOAN_ASSETS":null,"DEPOSIT_EQUITY":null,"DEPOSIT_ASSETS":null,"EQUITY_MULTIPLIER":2.023430533809,"EQUITY_RATIO":1.033877113663},{"SECUCODE":"02689.HK","SECURITY_CODE":"02689","SECURITY_NAME_ABBR":"玖龙纸业","ORG_CODE":"10073176","STD_REPORT_DATE":"2020-12-31 00:00:00","REPORT_DATE":"2021-06-30 00:00:00","DATE_TYPE_CODE":"001","REPORT_TYPE":"2020年年报","PER_NETCASH_OPERATE":0.53637011159,"PER_OI":13.122583629409,"BPS":9.788220514331,"BASIC_EPS":1.51,"DILUTED_EPS":1.51,"OPERATE_INCOME":61574060000,"OPERATE_INCOME_YOY":19.9311118422,"GROSS_PROFIT":11690943000,"GROSS_PROFIT_YOY":29.506616268397,"HOLDER_PROFIT":7101141000,"HOLDER_PROFIT_YOY":70.3542679482,"GROSS_PROFIT_RATIO":18.986798986456,"EPS_TTM":1.255644232724,"OPERATE_INCOME_QOQ":3.994613291979,"NET_PROFIT_RATIO":11.6412950518,"ROE_AVG":16.457042843534,"GROSS_PROFIT_QOQ":17.029809818978,"ROA":8.281596879193,"HOLDER_PROFIT_QOQ":41.341576195497,"ROE_YEARLY":16.457042843534,"ROIC_YEARLY":9.166608298093,"TOTAL_ASSETS":92172449000,"TOTAL_LIABILITIES":45776772000,"TAX_EBT":15.427095047176,"OCF_SALES":4.08738192674,"TOTAL_PARENT_EQUITY":45928492000,"DEBT_ASSET_RATIO":49.6642678985,"OPERATE_PROFIT":8541734000,"PRETAX_PROFIT":8475549000,"NETCASH_OPERATE":2516767000,"NETCASH_INVEST":-5635613000,"NETCASH_FINANCE":7629513000,"END_CASH":10031059000,"DIVI_RATIO":null,"DIVIDEND_RATE":null,"CURRENT_RATIO":1.200019823073,"COMMON_ACS":8000000000,"CURRENTDEBT_DEBT":52.279151531261,"ISSUED_COMMON_SHARES":4692220811,"HK_COMMON_SHARES":4692220811,"PER_SHARES":1000,"TOTAL_MARKET_CAP":15718939716.85,"HKSK_MARKET_CAP":15718939716.85,"PE_TTM":19.111231462766,"PB_TTM":0.317638455096,"REPORT_DATE_SQ":"2019-12-31 00:00:00","REPORT_TYPE_SQ":"2019年年报","OPERATE_INCOME_SQ":51341190000,"DPS_HKD":null,"OPERATE_INCOME_QOQ_SQ":-2.773088425761,"NET_PROFIT_RATIO_SQ":8.2391584613,"HOLDER_PROFIT_SQ":4168455000,"HOLDER_PROFIT_QOQ_SQ":0.307073043588,"ROE_AVG_SQ":10.626839911818,"PE_TTM_SQ":-6.57076523001,"PB_TTM_SQ":0.350726599787,"ROA_SQ":5.207851195599,"START_DATE":"2020-07-01 00:00:00","FISCAL_YEAR":"6-30","CURRENCY":"HKD","IS_CNY_CODE":0,"DPS_HKD_LY":0.371298,"ORG_TYPE":"一般企业","PREMIUM_INCOME":null,"PREMIUM_INCOME_YOY":null,"NET_INTEREST_INCOME":null,"NET_INTEREST_INCOME_YOY":null,"FEE_COMMISSION_INCOME":null,"FEE_COMMISSION_INCOME_YOY":null,"ACCOUNTS_RECE_TDAYS":11.233854565384,"INVENTORY_TDAYS":7.411934102692,"CURRENT_ASSETS_TDAYS":2.612450584366,"TOTAL_ASSETS_TDAYS":0.718098039646,"PREMIUM_EXPENSE":null,"LOAN_DEPOSIT":null,"LOAN_EQUITY":null,"LOAN_ASSETS":null,"DEPOSIT_EQUITY":null,"DEPOSIT_ASSETS":null,"EQUITY_MULTIPLIER":1.986660287335,"EQUITY_RATIO":0.996696603929},{"SECUCODE":"02689.HK","SECURITY_CODE":"02689","SECURITY_NAME_ABBR":"玖龙纸业","ORG_CODE":"10073176","STD_REPORT_DATE":"2020-06-30 00:00:00","REPORT_DATE":"2020-12-31 00:00:00","DATE_TYPE_CODE":"002","REPORT_TYPE":"2020年中报","PER_NETCASH_OPERATE":0.668070435358,"PER_OI":6.582518437238,"BPS":9.23013808269,"BASIC_EPS":0.85,"DILUTED_EPS":0.85,"OPERATE_INCOME":30886630000,"OPERATE_INCOME_YOY":7.1122899257,"GROSS_PROFIT":6455138000,"GROSS_PROFIT_YOY":31.260498836168,"HOLDER_PROFIT":4001987000,"HOLDER_PROFIT_YOY":75.6272705011,"GROSS_PROFIT_RATIO":20.899457143754,"EPS_TTM":0.888375711183,"OPERATE_INCOME_QOQ":-3.370536006684,"NET_PROFIT_RATIO":12.9755852289,"ROE_AVG":9.564925109703,"GROSS_PROFIT_QOQ":4.970170465447,"ROA":4.916445704352,"HOLDER_PROFIT_QOQ":7.669726619002,"ROE_YEARLY":19.129850219407,"ROIC_YEARLY":10.688250379141,"TOTAL_ASSETS":83480386000,"TOTAL_LIABILITIES":39763710000,"TAX_EBT":17.838085067693,"OCF_SALES":10.149161627539,"TOTAL_PARENT_EQUITY":43309846000,"DEBT_ASSET_RATIO":47.6323983456,"OPERATE_PROFIT":4933933000,"PRETAX_PROFIT":4877833000,"NETCASH_OPERATE":3134734000,"NETCASH_INVEST":-2092622000,"NETCASH_FINANCE":23826000,"END_CASH":6595014000,"DIVI_RATIO":null,"DIVIDEND_RATE":null,"CURRENT_RATIO":1.046311491487,"COMMON_ACS":8000000000,"CURRENTDEBT_DEBT":52.56878696681,"ISSUED_COMMON_SHARES":4692220811,"HK_COMMON_SHARES":4692220811,"PER_SHARES":1000,"TOTAL_MARKET_CAP":15718939716.85,"HKSK_MARKET_CAP":15718939716.85,"PE_TTM":19.111231462766,"PB_TTM":0.317638455096,"REPORT_DATE_SQ":"2019-06-30 00:00:00","REPORT_TYPE_SQ":"2019年中报","OPERATE_INCOME_SQ":28835748000,"DPS_HKD":null,"OPERATE_INCOME_QOQ_SQ":-4.895324712369,"NET_PROFIT_RATIO_SQ":7.9526808183,"HOLDER_PROFIT_SQ":2278682000,"HOLDER_PROFIT_QOQ_SQ":-33.202010342464,"ROE_AVG_SQ":5.917325990497,"PE_TTM_SQ":-6.57076523001,"PB_TTM_SQ":0.350726599787,"ROA_SQ":2.848499162101,"START_DATE":"2020-07-01 00:00:00","FISCAL_YEAR":"6-30","CURRENCY":"HKD","IS_CNY_CODE":0,"DPS_HKD_LY":0.371298,"ORG_TYPE":"一般企业","PREMIUM_INCOME":null,"PREMIUM_INCOME_YOY":null,"NET_INTEREST_INCOME":null,"NET_INTEREST_INCOME_YOY":null,"FEE_COMMISSION_INCOME":null,"FEE_COMMISSION_INCOME_YOY":null,"ACCOUNTS_RECE_TDAYS":6.04015941581,"INVENTORY_TDAYS":4.242104684687,"CURRENT_ASSETS_TDAYS":1.533148446927,"TOTAL_ASSETS_TDAYS":0.379442610347,"PREMIUM_EXPENSE":null,"LOAN_DEPOSIT":null,"LOAN_EQUITY":null,"LOAN_ASSETS":null,"DEPOSIT_EQUITY":null,"DEPOSIT_ASSETS":null,"EQUITY_MULTIPLIER":1.909577617473,"EQUITY_RATIO":0.918121713016},{"SECUCODE":"02689.HK","SECURITY_CODE":"02689","SECURITY_NAME_ABBR":"玖龙纸业","ORG_CODE":"10073176","STD_REPORT_DATE":"2019-12-31 00:00:00","REPORT_DATE":"2020-06-30 00:00:00","DATE_TYPE_CODE":"001","REPORT_TYPE":"2019年年报","PER_NETCASH_OPERATE":1.907136803754,"PER_OI":10.941767676329,"BPS":8.603734271277,"BASIC_EPS":0.89,"DILUTED_EPS":0.89,"OPERATE_INCOME":51341190000,"OPERATE_INCOME_YOY":-5.9844354193,"GROSS_PROFIT":9027294000,"GROSS_PROFIT_YOY":6.015200771712,"HOLDER_PROFIT":4168455000,"HOLDER_PROFIT_YOY":7.4604414472,"GROSS_PROFIT_RATIO":17.582946558114,"EPS_TTM":0.825093309958,"OPERATE_INCOME_QOQ":-2.773088425761,"NET_PROFIT_RATIO":8.2391584613,"ROE_AVG":10.626839911818,"GROSS_PROFIT_QOQ":1.904289052465,"ROA":5.207851195599,"HOLDER_PROFIT_QOQ":0.307073043588,"ROE_YEARLY":10.626839911818,"ROIC_YEARLY":5.728271489332,"TOTAL_ASSETS":79319622000,"TOTAL_LIABILITIES":38523227000,"TAX_EBT":20.120847450394,"OCF_SALES":17.429878427049,"TOTAL_PARENT_EQUITY":40370621000,"DEBT_ASSET_RATIO":48.5670834387,"OPERATE_PROFIT":6061382000,"PRETAX_PROFIT":5295602000,"NETCASH_OPERATE":8948707000,"NETCASH_INVEST":-4507075000,"NETCASH_FINANCE":-7222906000,"END_CASH":5559508000,"DIVI_RATIO":null,"DIVIDEND_RATE":null,"CURRENT_RATIO":1.117135179974,"COMMON_ACS":8000000000,"CURRENTDEBT_DEBT":42.802660327495,"ISSUED_COMMON_SHARES":4692220811,"HK_COMMON_SHARES":4692220811,"PER_SHARES":1000,"TOTAL_MARKET_CAP":15718939716.85,"HKSK_MARKET_CAP":15718939716.85,"PE_TTM":19.111231462766,"PB_TTM":0.317638455096,"REPORT_DATE_SQ":"2018-12-31 00:00:00","REPORT_TYPE_SQ":"2018年年报","OPERATE_INCOME_SQ":54609245000,"DPS_HKD":null,"OPERATE_INCOME_QOQ_SQ":8.863974092259,"NET_PROFIT_RATIO_SQ":7.1032084464,"HOLDER_PROFIT_SQ":3879060000,"HOLDER_PROFIT_QOQ_SQ":-26.375321336761,"ROE_AVG_SQ":10.492400986099,"PE_TTM_SQ":-6.57076523001,"PB_TTM_SQ":0.350726599787,"ROA_SQ":4.866984772076,"START_DATE":"2019-07-01 00:00:00","FISCAL_YEAR":"6-30","CURRENCY":"HKD","IS_CNY_CODE":0,"DPS_HKD_LY":0.4271,"ORG_TYPE":"一般企业","PREMIUM_INCOME":null,"PREMIUM_INCOME_YOY":null,"NET_INTEREST_INCOME":null,"NET_INTEREST_INCOME_YOY":null,"FEE_COMMISSION_INCOME":null,"FEE_COMMISSION_INCOME_YOY":null,"ACCOUNTS_RECE_TDAYS":11.966254266987,"INVENTORY_TDAYS":6.583343310124,"CURRENT_ASSETS_TDAYS":2.455582089321,"TOTAL_ASSETS_TDAYS":0.641430164713,"PREMIUM_EXPENSE":null,"LOAN_DEPOSIT":null,"LOAN_EQUITY":null,"LOAN_ASSETS":null,"DEPOSIT_EQUITY":null,"DEPOSIT_ASSETS":null,"EQUITY_MULTIPLIER":1.944280174756,"EQUITY_RATIO":0.954239148315}],"count":44},"success":true,"message":"ok","code":0}