{"version":"50a14c726bb61cd2df16e9c9a75045a5","result":{"pages":6,"data":[{"SECUCODE":"02688.HK","SECURITY_CODE":"02688","SECURITY_NAME_ABBR":"新奥能源","ORG_CODE":"10060390","STD_REPORT_DATE":"2024-06-30 00:00:00","REPORT_DATE":"2024-06-30 00:00:00","DATE_TYPE_CODE":"002","REPORT_TYPE":"2024年中报","PER_NETCASH_OPERATE":2.887142582124,"PER_OI":48.254884302026,"BPS":37.626490997994,"BASIC_EPS":2.29,"DILUTED_EPS":2.29,"OPERATE_INCOME":54587000000,"OPERATE_INCOME_YOY":0.8796732642,"GROSS_PROFIT":6465000000,"GROSS_PROFIT_YOY":-9.668855665782,"HOLDER_PROFIT":2573000000,"HOLDER_PROFIT_YOY":-22.802280228,"GROSS_PROFIT_RATIO":11.843479216663,"EPS_TTM":5.353501370895,"OPERATE_INCOME_QOQ":0.418064606791,"NET_PROFIT_RATIO":5.4994778977,"ROE_AVG":6.038205200413,"GROSS_PROFIT_QOQ":-4.826335611661,"ROA":2.527008446278,"HOLDER_PROFIT_QOQ":-11.150234741784,"ROE_YEARLY":12.076410400826,"ROIC_YEARLY":5.89637234457,"TOTAL_ASSETS":100509000000,"TOTAL_LIABILITIES":52215000000,"TAX_EBT":24.572864321608,"OCF_SALES":5.983109531573,"TOTAL_PARENT_EQUITY":42564000000,"DEBT_ASSET_RATIO":51.9505715906,"OPERATE_PROFIT":3947000000,"PRETAX_PROFIT":3980000000,"NETCASH_OPERATE":3266000000,"NETCASH_INVEST":-1497000000,"NETCASH_FINANCE":-3392000000,"END_CASH":8071000000,"DIVI_RATIO":0.501841694597,"DIVIDEND_RATE":5.342960288809,"CURRENT_RATIO":0.724079192646,"COMMON_ACS":3000000000,"CURRENTDEBT_DEBT":59.588240926937,"ISSUED_COMMON_SHARES":1131224275,"HK_COMMON_SHARES":1131224275,"PER_SHARES":100,"TOTAL_MARKET_CAP":62669824835,"HKSK_MARKET_CAP":62669824835,"PE_TTM":9.318272858045,"PB_TTM":1.343799824509,"REPORT_DATE_SQ":"2023-06-30 00:00:00","REPORT_TYPE_SQ":"2023年中报","OPERATE_INCOME_SQ":54111000000,"DPS_HKD":2.96,"OPERATE_INCOME_QOQ_SQ":-3.835494452572,"NET_PROFIT_RATIO_SQ":6.9930328399,"HOLDER_PROFIT_SQ":3333000000,"HOLDER_PROFIT_QOQ_SQ":3.887468030691,"ROE_AVG_SQ":8.421557975592,"PE_TTM_SQ":10.33634950863,"PB_TTM_SQ":1.556096477934,"ROA_SQ":3.207135949656,"START_DATE":"2024-01-01 00:00:00","FISCAL_YEAR":"12-31","CURRENCY":"HKD","IS_CNY_CODE":0,"DPS_HKD_LY":2.96,"ORG_TYPE":"一般企业","PREMIUM_INCOME":null,"PREMIUM_INCOME_YOY":null,"NET_INTEREST_INCOME":null,"NET_INTEREST_INCOME_YOY":null,"FEE_COMMISSION_INCOME":null,"FEE_COMMISSION_INCOME_YOY":null,"ACCOUNTS_RECE_TDAYS":5.273087326121,"INVENTORY_TDAYS":27.736023054755,"CURRENT_ASSETS_TDAYS":2.232414526419,"TOTAL_ASSETS_TDAYS":0.536112747987,"PREMIUM_EXPENSE":null,"LOAN_DEPOSIT":null,"LOAN_EQUITY":null,"LOAN_ASSETS":null,"DEPOSIT_EQUITY":null,"DEPOSIT_ASSETS":null,"EQUITY_MULTIPLIER":2.081190209964,"EQUITY_RATIO":1.226740907809},{"SECUCODE":"02688.HK","SECURITY_CODE":"02688","SECURITY_NAME_ABBR":"新奥能源","ORG_CODE":"10060390","STD_REPORT_DATE":"2023-12-31 00:00:00","REPORT_DATE":"2023-12-31 00:00:00","DATE_TYPE_CODE":"001","REPORT_TYPE":"2023年年报","PER_NETCASH_OPERATE":8.497025610086,"PER_OI":100.650680598536,"BPS":37.711354806278,"BASIC_EPS":6.05,"DILUTED_EPS":6.04,"OPERATE_INCOME":113858000000,"OPERATE_INCOME_YOY":3.4593052312,"GROSS_PROFIT":14338000000,"GROSS_PROFIT_YOY":-8.999746128459,"HOLDER_PROFIT":6816000000,"HOLDER_PROFIT_YOY":16.1752173172,"GROSS_PROFIT_RATIO":12.592878849093,"EPS_TTM":6.025356487551,"OPERATE_INCOME_QOQ":7.585750732307,"NET_PROFIT_RATIO":6.7909149994,"ROE_AVG":16.685434516524,"GROSS_PROFIT_QOQ":-10.493788626007,"ROA":6.634157736444,"HOLDER_PROFIT_QOQ":11.866075824717,"ROE_YEARLY":16.685434516524,"ROIC_YEARLY":7.762479073422,"TOTAL_ASSETS":103131000000,"TOTAL_LIABILITIES":54869000000,"TAX_EBT":22.71864067966,"OCF_SALES":8.442094538812,"TOTAL_PARENT_EQUITY":42660000000,"DEBT_ASSET_RATIO":53.203207571,"OPERATE_PROFIT":10313000000,"PRETAX_PROFIT":10005000000,"NETCASH_OPERATE":9612000000,"NETCASH_INVEST":-4849000000,"NETCASH_FINANCE":-3143000000,"END_CASH":9689000000,"DIVI_RATIO":0.445884024547,"DIVIDEND_RATE":5.43119266055,"CURRENT_RATIO":0.755232941042,"COMMON_ACS":3000000000,"CURRENTDEBT_DEBT":63.64796150832,"ISSUED_COMMON_SHARES":1131224275,"HK_COMMON_SHARES":1131224275,"PER_SHARES":100,"TOTAL_MARKET_CAP":61651722987.5,"HKSK_MARKET_CAP":61651722987.5,"PE_TTM":9.16689297407,"PB_TTM":1.32196914144,"REPORT_DATE_SQ":"2022-12-31 00:00:00","REPORT_TYPE_SQ":"2022年年报","OPERATE_INCOME_SQ":110051000000,"DPS_HKD":2.96,"OPERATE_INCOME_QOQ_SQ":-0.146988104852,"NET_PROFIT_RATIO_SQ":6.0553743264,"HOLDER_PROFIT_SQ":5867000000,"HOLDER_PROFIT_QOQ_SQ":-17.324499577107,"ROE_AVG_SQ":15.679512371175,"PE_TTM_SQ":10.180915681432,"PB_TTM_SQ":1.532696530897,"ROA_SQ":5.797201725817,"START_DATE":"2023-01-01 00:00:00","FISCAL_YEAR":"12-31","CURRENCY":"HKD","IS_CNY_CODE":0,"DPS_HKD_LY":2.91,"ORG_TYPE":"一般企业","PREMIUM_INCOME":null,"PREMIUM_INCOME_YOY":null,"NET_INTEREST_INCOME":null,"NET_INTEREST_INCOME_YOY":null,"FEE_COMMISSION_INCOME":null,"FEE_COMMISSION_INCOME_YOY":null,"ACCOUNTS_RECE_TDAYS":10.462004961867,"INVENTORY_TDAYS":58.713864306785,"CURRENT_ASSETS_TDAYS":4.255737459819,"TOTAL_ASSETS_TDAYS":1.108204124936,"PREMIUM_EXPENSE":null,"LOAN_DEPOSIT":null,"LOAN_EQUITY":null,"LOAN_ASSETS":null,"DEPOSIT_EQUITY":null,"DEPOSIT_ASSETS":null,"EQUITY_MULTIPLIER":2.13689859517,"EQUITY_RATIO":1.28619315518},{"SECUCODE":"02688.HK","SECURITY_CODE":"02688","SECURITY_NAME_ABBR":"新奥能源","ORG_CODE":"10060390","STD_REPORT_DATE":"2023-06-30 00:00:00","REPORT_DATE":"2023-06-30 00:00:00","DATE_TYPE_CODE":"002","REPORT_TYPE":"2023年中报","PER_NETCASH_OPERATE":3.538721898604,"PER_OI":47.835068862198,"BPS":35.460695890742,"BASIC_EPS":2.95,"DILUTED_EPS":2.95,"OPERATE_INCOME":54111000000,"OPERATE_INCOME_YOY":-7.2361653981,"GROSS_PROFIT":7157000000,"GROSS_PROFIT_YOY":3.814911517261,"HOLDER_PROFIT":3333000000,"HOLDER_PROFIT_YOY":7.3429951691,"GROSS_PROFIT_RATIO":13.226515865536,"EPS_TTM":5.386318393254,"OPERATE_INCOME_QOQ":-3.835494452572,"NET_PROFIT_RATIO":6.9930328399,"ROE_AVG":8.421557975592,"GROSS_PROFIT_QOQ":1.669205382077,"ROA":3.207135949656,"HOLDER_PROFIT_QOQ":3.887468030691,"ROE_YEARLY":16.843115951184,"ROIC_YEARLY":7.587199872522,"TOTAL_ASSETS":105498000000,"TOTAL_LIABILITIES":58767000000,"TAX_EBT":25.143422354105,"OCF_SALES":7.397756463566,"TOTAL_PARENT_EQUITY":40114000000,"DEBT_ASSET_RATIO":55.7043735426,"OPERATE_PROFIT":5184000000,"PRETAX_PROFIT":5055000000,"NETCASH_OPERATE":4003000000,"NETCASH_INVEST":-2069000000,"NETCASH_FINANCE":915000000,"END_CASH":10938000000,"DIVI_RATIO":0.498784142312,"DIVIDEND_RATE":5.107851596204,"CURRENT_RATIO":0.739477561956,"COMMON_ACS":3000000000,"CURRENTDEBT_DEBT":63.513536508585,"ISSUED_COMMON_SHARES":1131224275,"HK_COMMON_SHARES":1131224275,"PER_SHARES":100,"TOTAL_MARKET_CAP":65554446736.25,"HKSK_MARKET_CAP":65554446736.25,"PE_TTM":9.747182529309,"PB_TTM":1.40565342654,"REPORT_DATE_SQ":"2022-06-30 00:00:00","REPORT_TYPE_SQ":"2022年中报","OPERATE_INCOME_SQ":58332000000,"DPS_HKD":2.96,"OPERATE_INCOME_QOQ_SQ":18.36478257601,"NET_PROFIT_RATIO_SQ":6.0018514709,"HOLDER_PROFIT_SQ":3105000000,"HOLDER_PROFIT_QOQ_SQ":-8.523533204384,"ROE_AVG_SQ":8.529815883484,"PE_TTM_SQ":8.738835173545,"PB_TTM_SQ":1.31559702228,"ROA_SQ":3.051723968421,"START_DATE":"2023-01-01 00:00:00","FISCAL_YEAR":"12-31","CURRENCY":"HKD","IS_CNY_CODE":0,"DPS_HKD_LY":2.91,"ORG_TYPE":"一般企业","PREMIUM_INCOME":null,"PREMIUM_INCOME_YOY":null,"NET_INTEREST_INCOME":null,"NET_INTEREST_INCOME_YOY":null,"FEE_COMMISSION_INCOME":null,"FEE_COMMISSION_INCOME_YOY":null,"ACCOUNTS_RECE_TDAYS":5.209492635025,"INVENTORY_TDAYS":28.850384024578,"CURRENT_ASSETS_TDAYS":1.977235356451,"TOTAL_ASSETS_TDAYS":0.520676067722,"PREMIUM_EXPENSE":null,"LOAN_DEPOSIT":null,"LOAN_EQUITY":null,"LOAN_ASSETS":null,"DEPOSIT_EQUITY":null,"DEPOSIT_ASSETS":null,"EQUITY_MULTIPLIER":2.257559221928,"EQUITY_RATIO":1.46499975071},{"SECUCODE":"02688.HK","SECURITY_CODE":"02688","SECURITY_NAME_ABBR":"新奥能源","ORG_CODE":"10060390","STD_REPORT_DATE":"2022-12-31 00:00:00","REPORT_DATE":"2022-12-31 00:00:00","DATE_TYPE_CODE":"001","REPORT_TYPE":"2022年年报","PER_NETCASH_OPERATE":8.932623353951,"PER_OI":97.311832580249,"BPS":34.505978047545,"BASIC_EPS":5.2,"DILUTED_EPS":5.19,"OPERATE_INCOME":110051000000,"OPERATE_INCOME_YOY":18.1908004253,"GROSS_PROFIT":15756000000,"GROSS_PROFIT_YOY":12.094479225953,"HOLDER_PROFIT":5867000000,"HOLDER_PROFIT_YOY":-24.3713733075,"GROSS_PROFIT_RATIO":14.316998482522,"EPS_TTM":5.18608552474,"OPERATE_INCOME_QOQ":-0.146988104852,"NET_PROFIT_RATIO":6.0553743264,"ROE_AVG":15.679512371175,"GROSS_PROFIT_QOQ":13.287316652286,"ROA":5.797201725817,"HOLDER_PROFIT_QOQ":-17.324499577107,"ROE_YEARLY":15.679512371175,"ROIC_YEARLY":6.791928432877,"TOTAL_ASSETS":102358000000,"TOTAL_LIABILITIES":56796000000,"TAX_EBT":26.35881573133,"OCF_SALES":9.179380469055,"TOTAL_PARENT_EQUITY":39040000000,"DEBT_ASSET_RATIO":55.4913972506,"OPERATE_PROFIT":9699000000,"PRETAX_PROFIT":9052000000,"NETCASH_OPERATE":10102000000,"NETCASH_INVEST":-5726000000,"NETCASH_FINANCE":-5021000000,"END_CASH":8056000000,"DIVI_RATIO":0.518042015926,"DIVIDEND_RATE":5.43119266055,"CURRENT_RATIO":0.751981597472,"COMMON_ACS":3000000000,"CURRENTDEBT_DEBT":63.529121769139,"ISSUED_COMMON_SHARES":1131224275,"HK_COMMON_SHARES":1131224275,"PER_SHARES":100,"TOTAL_MARKET_CAP":61651722987.5,"HKSK_MARKET_CAP":61651722987.5,"PE_TTM":9.16689297407,"PB_TTM":1.32196914144,"REPORT_DATE_SQ":"2021-12-31 00:00:00","REPORT_TYPE_SQ":"2021年年报","OPERATE_INCOME_SQ":93113000000,"DPS_HKD":2.96,"OPERATE_INCOME_QOQ_SQ":14.521683516592,"NET_PROFIT_RATIO_SQ":9.6603052205,"HOLDER_PROFIT_SQ":7755000000,"HOLDER_PROFIT_QOQ_SQ":5.510204081633,"ROE_AVG_SQ":23.380264704996,"PE_TTM_SQ":10.180915681432,"PB_TTM_SQ":1.532696530897,"ROA_SQ":8.161826228352,"START_DATE":"2022-01-01 00:00:00","FISCAL_YEAR":"12-31","CURRENCY":"HKD","IS_CNY_CODE":0,"DPS_HKD_LY":2.75,"ORG_TYPE":"一般企业","PREMIUM_INCOME":null,"PREMIUM_INCOME_YOY":null,"NET_INTEREST_INCOME":null,"NET_INTEREST_INCOME_YOY":null,"FEE_COMMISSION_INCOME":null,"FEE_COMMISSION_INCOME_YOY":null,"ACCOUNTS_RECE_TDAYS":10.361154262581,"INVENTORY_TDAYS":58.641169154229,"CURRENT_ASSETS_TDAYS":4.024464719972,"TOTAL_ASSETS_TDAYS":1.087788315648,"PREMIUM_EXPENSE":null,"LOAN_DEPOSIT":null,"LOAN_EQUITY":null,"LOAN_ASSETS":null,"DEPOSIT_EQUITY":null,"DEPOSIT_ASSETS":null,"EQUITY_MULTIPLIER":2.246756667762,"EQUITY_RATIO":1.45481557377},{"SECUCODE":"02688.HK","SECURITY_CODE":"02688","SECURITY_NAME_ABBR":"新奥能源","ORG_CODE":"10060390","STD_REPORT_DATE":"2022-06-30 00:00:00","REPORT_DATE":"2022-06-30 00:00:00","DATE_TYPE_CODE":"002","REPORT_TYPE":"2022年中报","PER_NETCASH_OPERATE":2.783640112749,"PER_OI":51.596852576071,"BPS":32.710578103533,"BASIC_EPS":2.75,"DILUTED_EPS":2.75,"OPERATE_INCOME":58332000000,"OPERATE_INCOME_YOY":41.4726426077,"GROSS_PROFIT":6894000000,"GROSS_PROFIT_YOY":-2.101675660324,"HOLDER_PROFIT":3105000000,"HOLDER_PROFIT_YOY":-17.5564409031,"GROSS_PROFIT_RATIO":11.818555852705,"EPS_TTM":6.274910378088,"OPERATE_INCOME_QOQ":18.36478257601,"NET_PROFIT_RATIO":6.0018514709,"ROE_AVG":8.529815883484,"GROSS_PROFIT_QOQ":-1.052931132612,"ROA":3.051723968421,"HOLDER_PROFIT_QOQ":-8.523533204384,"ROE_YEARLY":17.059631766969,"ROIC_YEARLY":7.289893023638,"TOTAL_ASSETS":103438000000,"TOTAL_LIABILITIES":59957000000,"TAX_EBT":27.087237143452,"OCF_SALES":5.394980456696,"TOTAL_PARENT_EQUITY":37003000000,"DEBT_ASSET_RATIO":57.9641911097,"OPERATE_PROFIT":5180000000,"PRETAX_PROFIT":4803000000,"NETCASH_OPERATE":3147000000,"NETCASH_INVEST":-1256000000,"NETCASH_FINANCE":937000000,"END_CASH":11573000000,"DIVI_RATIO":0.428151166809,"DIVIDEND_RATE":5.107851596204,"CURRENT_RATIO":0.772217671752,"COMMON_ACS":3000000000,"CURRENTDEBT_DEBT":65.160031355805,"ISSUED_COMMON_SHARES":1131224275,"HK_COMMON_SHARES":1131224275,"PER_SHARES":100,"TOTAL_MARKET_CAP":65554446736.25,"HKSK_MARKET_CAP":65554446736.25,"PE_TTM":9.747182529309,"PB_TTM":1.40565342654,"REPORT_DATE_SQ":"2021-06-30 00:00:00","REPORT_TYPE_SQ":"2021年中报","OPERATE_INCOME_SQ":41232000000,"DPS_HKD":2.96,"OPERATE_INCOME_QOQ_SQ":13.528910733485,"NET_PROFIT_RATIO_SQ":10.7440822662,"HOLDER_PROFIT_SQ":3765000000,"HOLDER_PROFIT_QOQ_SQ":17.07550175215,"ROE_AVG_SQ":11.990827733367,"PE_TTM_SQ":8.738835173545,"PB_TTM_SQ":1.31559702228,"ROA_SQ":4.136158151747,"START_DATE":"2022-01-01 00:00:00","FISCAL_YEAR":"12-31","CURRENCY":"HKD","IS_CNY_CODE":0,"DPS_HKD_LY":2.75,"ORG_TYPE":"一般企业","PREMIUM_INCOME":null,"PREMIUM_INCOME_YOY":null,"NET_INTEREST_INCOME":null,"NET_INTEREST_INCOME_YOY":null,"FEE_COMMISSION_INCOME":null,"FEE_COMMISSION_INCOME_YOY":null,"ACCOUNTS_RECE_TDAYS":5.663575901743,"INVENTORY_TDAYS":34.337783711615,"CURRENT_ASSETS_TDAYS":2.020960728948,"TOTAL_ASSETS_TDAYS":0.573496013292,"PREMIUM_EXPENSE":null,"LOAN_DEPOSIT":null,"LOAN_EQUITY":null,"LOAN_ASSETS":null,"DEPOSIT_EQUITY":null,"DEPOSIT_ASSETS":null,"EQUITY_MULTIPLIER":2.378924127783,"EQUITY_RATIO":1.620328081507},{"SECUCODE":"02688.HK","SECURITY_CODE":"02688","SECURITY_NAME_ABBR":"新奥能源","ORG_CODE":"10060390","STD_REPORT_DATE":"2021-12-31 00:00:00","REPORT_DATE":"2021-12-31 00:00:00","DATE_TYPE_CODE":"001","REPORT_TYPE":"2021年年报","PER_NETCASH_OPERATE":9.260834168355,"PER_OI":82.390985277853,"BPS":31.626796551904,"BASIC_EPS":6.88,"DILUTED_EPS":6.86,"OPERATE_INCOME":93113000000,"OPERATE_INCOME_YOY":30.01521985,"GROSS_PROFIT":14056000000,"GROSS_PROFIT_YOY":13.979889717807,"HOLDER_PROFIT":7755000000,"HOLDER_PROFIT_YOY":23.5266008283,"GROSS_PROFIT_RATIO":15.095636484701,"EPS_TTM":6.862007354824,"OPERATE_INCOME_QOQ":14.521683516592,"NET_PROFIT_RATIO":9.6603052205,"ROE_AVG":23.380264704996,"GROSS_PROFIT_QOQ":2.062155097299,"ROA":8.161826228352,"HOLDER_PROFIT_QOQ":5.510204081633,"ROE_YEARLY":23.380264704996,"ROIC_YEARLY":9.649543030989,"TOTAL_ASSETS":99988000000,"TOTAL_LIABILITIES":57838000000,"TAX_EBT":21.048011937154,"OCF_SALES":11.240106107633,"TOTAL_PARENT_EQUITY":35777000000,"DEBT_ASSET_RATIO":57.844941393,"OPERATE_PROFIT":11270000000,"PRETAX_PROFIT":11393000000,"NETCASH_OPERATE":10466000000,"NETCASH_INVEST":-6766000000,"NETCASH_FINANCE":-3636000000,"END_CASH":8684000000,"DIVI_RATIO":0.391519574533,"DIVIDEND_RATE":5.43119266055,"CURRENT_RATIO":0.662786502802,"COMMON_ACS":3000000000,"CURRENTDEBT_DEBT":71.888723676476,"ISSUED_COMMON_SHARES":1131224275,"HK_COMMON_SHARES":1131224275,"PER_SHARES":100,"TOTAL_MARKET_CAP":61651722987.5,"HKSK_MARKET_CAP":61651722987.5,"PE_TTM":9.16689297407,"PB_TTM":1.32196914144,"REPORT_DATE_SQ":"2020-12-31 00:00:00","REPORT_TYPE_SQ":"2020年年报","OPERATE_INCOME_SQ":71617000000,"DPS_HKD":2.96,"OPERATE_INCOME_QOQ_SQ":7.886173962821,"NET_PROFIT_RATIO_SQ":10.2363963863,"HOLDER_PROFIT_SQ":6278000000,"HOLDER_PROFIT_QOQ_SQ":25.534893021396,"ROE_AVG_SQ":22.250970245796,"PE_TTM_SQ":10.180915681432,"PB_TTM_SQ":1.532696530897,"ROA_SQ":7.33034421559,"START_DATE":"2021-01-01 00:00:00","FISCAL_YEAR":"12-31","CURRENCY":"HKD","IS_CNY_CODE":0,"DPS_HKD_LY":0.91,"ORG_TYPE":"一般企业","PREMIUM_INCOME":null,"PREMIUM_INCOME_YOY":null,"NET_INTEREST_INCOME":null,"NET_INTEREST_INCOME_YOY":null,"FEE_COMMISSION_INCOME":null,"FEE_COMMISSION_INCOME_YOY":null,"ACCOUNTS_RECE_TDAYS":9.491157433362,"INVENTORY_TDAYS":56.610812746151,"CURRENT_ASSETS_TDAYS":3.642491100419,"TOTAL_ASSETS_TDAYS":0.979976951129,"PREMIUM_EXPENSE":null,"LOAN_DEPOSIT":null,"LOAN_EQUITY":null,"LOAN_ASSETS":null,"DEPOSIT_EQUITY":null,"DEPOSIT_ASSETS":null,"EQUITY_MULTIPLIER":2.3721945433,"EQUITY_RATIO":1.616625206138},{"SECUCODE":"02688.HK","SECURITY_CODE":"02688","SECURITY_NAME_ABBR":"新奥能源","ORG_CODE":"10060390","STD_REPORT_DATE":"2021-06-30 00:00:00","REPORT_DATE":"2021-06-30 00:00:00","DATE_TYPE_CODE":"002","REPORT_TYPE":"2021年中报","PER_NETCASH_OPERATE":3.960654868699,"PER_OI":36.501055329946,"BPS":28.497443621425,"BASIC_EPS":3.34,"DILUTED_EPS":3.32,"OPERATE_INCOME":41232000000,"OPERATE_INCOME_YOY":30.7167992899,"GROSS_PROFIT":7042000000,"GROSS_PROFIT_YOY":25.705105319529,"HOLDER_PROFIT":3765000000,"HOLDER_PROFIT_YOY":39.8069067954,"GROSS_PROFIT_RATIO":17.078967792006,"EPS_TTM":6.506663675667,"OPERATE_INCOME_QOQ":13.528910733485,"NET_PROFIT_RATIO":10.7440822662,"ROE_AVG":11.990827733367,"GROSS_PROFIT_QOQ":11.676938047356,"ROA":4.136158151747,"HOLDER_PROFIT_QOQ":17.07550175215,"ROE_YEARLY":23.981655466735,"ROIC_YEARLY":9.827528826765,"TOTAL_ASSETS":92010000000,"TOTAL_LIABILITIES":53855000000,"TAX_EBT":23.369659228507,"OCF_SALES":10.850795498642,"TOTAL_PARENT_EQUITY":32237000000,"DEBT_ASSET_RATIO":58.531681339,"OPERATE_PROFIT":5618000000,"PRETAX_PROFIT":5781000000,"NETCASH_OPERATE":4474000000,"NETCASH_INVEST":-2558000000,"NETCASH_FINANCE":-1892000000,"END_CASH":8651000000,"DIVI_RATIO":0.41290134759,"DIVIDEND_RATE":5.107851596204,"CURRENT_RATIO":0.68565160158,"COMMON_ACS":3000000000,"CURRENTDEBT_DEBT":63.476000371368,"ISSUED_COMMON_SHARES":1131224275,"HK_COMMON_SHARES":1131224275,"PER_SHARES":100,"TOTAL_MARKET_CAP":65554446736.25,"HKSK_MARKET_CAP":65554446736.25,"PE_TTM":9.747182529309,"PB_TTM":1.40565342654,"REPORT_DATE_SQ":"2020-06-30 00:00:00","REPORT_TYPE_SQ":"2020年中报","OPERATE_INCOME_SQ":31543000000,"DPS_HKD":2.96,"OPERATE_INCOME_QOQ_SQ":-5.415841443085,"NET_PROFIT_RATIO_SQ":10.0339219478,"HOLDER_PROFIT_SQ":2693000000,"HOLDER_PROFIT_QOQ_SQ":-11.798941798942,"ROE_AVG_SQ":10.245192216241,"PE_TTM_SQ":8.738835173545,"PB_TTM_SQ":1.31559702228,"ROA_SQ":3.228474836358,"START_DATE":"2021-01-01 00:00:00","FISCAL_YEAR":"12-31","CURRENCY":"HKD","IS_CNY_CODE":0,"DPS_HKD_LY":0.91,"ORG_TYPE":"一般企业","PREMIUM_INCOME":null,"PREMIUM_INCOME_YOY":null,"NET_INTEREST_INCOME":null,"NET_INTEREST_INCOME_YOY":null,"FEE_COMMISSION_INCOME":null,"FEE_COMMISSION_INCOME_YOY":null,"ACCOUNTS_RECE_TDAYS":4.861690838345,"INVENTORY_TDAYS":27.572580645161,"CURRENT_ASSETS_TDAYS":1.75429191397,"TOTAL_ASSETS_TDAYS":0.452966993128,"PREMIUM_EXPENSE":null,"LOAN_DEPOSIT":null,"LOAN_EQUITY":null,"LOAN_ASSETS":null,"DEPOSIT_EQUITY":null,"DEPOSIT_ASSETS":null,"EQUITY_MULTIPLIER":2.411479491549,"EQUITY_RATIO":1.670595899122},{"SECUCODE":"02688.HK","SECURITY_CODE":"02688","SECURITY_NAME_ABBR":"新奥能源","ORG_CODE":"10060390","STD_REPORT_DATE":"2020-12-31 00:00:00","REPORT_DATE":"2020-12-31 00:00:00","DATE_TYPE_CODE":"001","REPORT_TYPE":"2020年年报","PER_NETCASH_OPERATE":8.592963333638,"PER_OI":63.469704524043,"BPS":27.015862968464,"BASIC_EPS":5.59,"DILUTED_EPS":5.57,"OPERATE_INCOME":71617000000,"OPERATE_INCOME_YOY":2.043229842,"GROSS_PROFIT":12332000000,"GROSS_PROFIT_YOY":9.471815357301,"HOLDER_PROFIT":6278000000,"HOLDER_PROFIT_YOY":10.7231040564,"GROSS_PROFIT_RATIO":17.21937528799,"EPS_TTM":5.563801960456,"OPERATE_INCOME_QOQ":7.886173962821,"NET_PROFIT_RATIO":10.2363963863,"ROE_AVG":22.250970245796,"GROSS_PROFIT_QOQ":9.432957671488,"ROA":7.33034421559,"HOLDER_PROFIT_QOQ":25.534893021396,"ROE_YEARLY":22.250970245796,"ROIC_YEARLY":8.687950623434,"TOTAL_ASSETS":90043000000,"TOTAL_LIABILITIES":53871000000,"TAX_EBT":23.299853525842,"OCF_SALES":13.538684949104,"TOTAL_PARENT_EQUITY":30561000000,"DEBT_ASSET_RATIO":59.8280821385,"OPERATE_PROFIT":9385000000,"PRETAX_PROFIT":9558000000,"NETCASH_OPERATE":9696000000,"NETCASH_INVEST":-6491000000,"NETCASH_FINANCE":-1901000000,"END_CASH":8630000000,"DIVI_RATIO":0.482873081949,"DIVIDEND_RATE":5.43119266055,"CURRENT_RATIO":0.709174615593,"COMMON_ACS":3000000000,"CURRENTDEBT_DEBT":61.689963059902,"ISSUED_COMMON_SHARES":1131224275,"HK_COMMON_SHARES":1131224275,"PER_SHARES":100,"TOTAL_MARKET_CAP":61651722987.5,"HKSK_MARKET_CAP":61651722987.5,"PE_TTM":9.16689297407,"PB_TTM":1.32196914144,"REPORT_DATE_SQ":"2019-12-31 00:00:00","REPORT_TYPE_SQ":"2019年年报","OPERATE_INCOME_SQ":70183000000,"DPS_HKD":2.96,"OPERATE_INCOME_QOQ_SQ":0.965300955231,"NET_PROFIT_RATIO_SQ":9.7758716498,"HOLDER_PROFIT_SQ":5670000000,"HOLDER_PROFIT_QOQ_SQ":28.922237380628,"ROE_AVG_SQ":23.99847628722,"PE_TTM_SQ":10.180915681432,"PB_TTM_SQ":1.532696530897,"ROA_SQ":7.308631790615,"START_DATE":"2020-01-01 00:00:00","FISCAL_YEAR":"12-31","CURRENCY":"HKD","IS_CNY_CODE":0,"DPS_HKD_LY":1.67,"ORG_TYPE":"一般企业","PREMIUM_INCOME":null,"PREMIUM_INCOME_YOY":null,"NET_INTEREST_INCOME":null,"NET_INTEREST_INCOME_YOY":null,"FEE_COMMISSION_INCOME":null,"FEE_COMMISSION_INCOME_YOY":null,"ACCOUNTS_RECE_TDAYS":8.657237836204,"INVENTORY_TDAYS":48.317033414833,"CURRENT_ASSETS_TDAYS":3.324605993083,"TOTAL_ASSETS_TDAYS":0.836217364906,"PREMIUM_EXPENSE":null,"LOAN_DEPOSIT":null,"LOAN_EQUITY":null,"LOAN_ASSETS":null,"DEPOSIT_EQUITY":null,"DEPOSIT_ASSETS":null,"EQUITY_MULTIPLIER":2.489301116884,"EQUITY_RATIO":1.762736821439},{"SECUCODE":"02688.HK","SECURITY_CODE":"02688","SECURITY_NAME_ABBR":"新奥能源","ORG_CODE":"10060390","STD_REPORT_DATE":"2020-06-30 00:00:00","REPORT_DATE":"2020-06-30 00:00:00","DATE_TYPE_CODE":"002","REPORT_TYPE":"2020年中报","PER_NETCASH_OPERATE":2.853813071041,"PER_OI":28.016752474274,"BPS":23.605398673044,"BASIC_EPS":2.4,"DILUTED_EPS":2.39,"OPERATE_INCOME":31543000000,"OPERATE_INCOME_YOY":-10.7543005885,"GROSS_PROFIT":5602000000,"GROSS_PROFIT_YOY":0.071454090747,"HOLDER_PROFIT":2693000000,"HOLDER_PROFIT_YOY":-19.8988697204,"GROSS_PROFIT_RATIO":17.759883333862,"EPS_TTM":4.441929401891,"OPERATE_INCOME_QOQ":-5.415841443085,"NET_PROFIT_RATIO":10.0339219478,"ROE_AVG":10.245192216241,"GROSS_PROFIT_QOQ":0.035508211274,"ROA":3.228474836358,"HOLDER_PROFIT_QOQ":-11.798941798942,"ROE_YEARLY":20.490384432482,"ROIC_YEARLY":7.633165864754,"TOTAL_ASSETS":85583000000,"TOTAL_LIABILITIES":53636000000,"TAX_EBT":22.312223858616,"OCF_SALES":10.18609517167,"TOTAL_PARENT_EQUITY":26703000000,"DEBT_ASSET_RATIO":62.6713249127,"OPERATE_PROFIT":3962000000,"PRETAX_PROFIT":4074000000,"NETCASH_OPERATE":3213000000,"NETCASH_INVEST":-3296000000,"NETCASH_FINANCE":644000000,"END_CASH":7938000000,"DIVI_RATIO":0.604829558718,"DIVIDEND_RATE":5.107851596204,"CURRENT_RATIO":0.598578588215,"COMMON_ACS":3000000000,"CURRENTDEBT_DEBT":65.845700648818,"ISSUED_COMMON_SHARES":1131224275,"HK_COMMON_SHARES":1131224275,"PER_SHARES":100,"TOTAL_MARKET_CAP":65554446736.25,"HKSK_MARKET_CAP":65554446736.25,"PE_TTM":9.747182529309,"PB_TTM":1.40565342654,"REPORT_DATE_SQ":"2019-06-30 00:00:00","REPORT_TYPE_SQ":"2019年中报","OPERATE_INCOME_SQ":35344000000,"DPS_HKD":2.96,"OPERATE_INCOME_QOQ_SQ":14.521071534482,"NET_PROFIT_RATIO_SQ":11.1617247623,"HOLDER_PROFIT_SQ":3362000000,"HOLDER_PROFIT_QOQ_SQ":56.068133427963,"ROE_AVG_SQ":14.990525025081,"PE_TTM_SQ":8.738835173545,"PB_TTM_SQ":1.31559702228,"ROA_SQ":4.504739892138,"START_DATE":"2020-01-01 00:00:00","FISCAL_YEAR":"12-31","CURRENCY":"HKD","IS_CNY_CODE":0,"DPS_HKD_LY":1.67,"ORG_TYPE":"一般企业","PREMIUM_INCOME":null,"PREMIUM_INCOME_YOY":null,"NET_INTEREST_INCOME":null,"NET_INTEREST_INCOME_YOY":null,"FEE_COMMISSION_INCOME":null,"FEE_COMMISSION_INCOME_YOY":null,"ACCOUNTS_RECE_TDAYS":4.167118039501,"INVENTORY_TDAYS":20.522943037975,"CURRENT_ASSETS_TDAYS":1.551740253351,"TOTAL_ASSETS_TDAYS":0.378149950848,"PREMIUM_EXPENSE":null,"LOAN_DEPOSIT":null,"LOAN_EQUITY":null,"LOAN_ASSETS":null,"DEPOSIT_EQUITY":null,"DEPOSIT_ASSETS":null,"EQUITY_MULTIPLIER":2.678905687548,"EQUITY_RATIO":2.008613264427}],"count":49},"success":true,"message":"ok","code":0}