{"version":"1de03a8ac8f5fb16dc3219607207f5b4","result":{"pages":2,"data":[{"SECUCODE":"02682.HK","SECURITY_CODE":"02682","SECURITY_NAME_ABBR":"润利海事","ORG_CODE":"10936322","STD_REPORT_DATE":"2024-06-30 00:00:00","REPORT_DATE":"2024-09-30 00:00:00","DATE_TYPE_CODE":"002","REPORT_TYPE":"2024年中报","PER_NETCASH_OPERATE":-0.0108124621,"PER_OI":0.16158904473,"BPS":0.23942704858,"BASIC_EPS":0.009468795,"DILUTED_EPS":null,"OPERATE_INCOME":161589044.73,"OPERATE_INCOME_YOY":14.3810083111,"GROSS_PROFIT":43794529.56,"GROSS_PROFIT_YOY":2.272999169142,"HOLDER_PROFIT":9496750.49,"HOLDER_PROFIT_YOY":-52.4838695123,"GROSS_PROFIT_RATIO":27.102412563411,"EPS_TTM":0.0286324752,"OPERATE_INCOME_QOQ":0,"NET_PROFIT_RATIO":9.4845050143,"ROE_AVG":3.970403883312,"GROSS_PROFIT_QOQ":0,"ROA":2.443875111971,"HOLDER_PROFIT_QOQ":0,"ROE_YEARLY":7.940807766624,"ROIC_YEARLY":7.214249015242,"TOTAL_ASSETS":377801313.34,"TOTAL_LIABILITIES":114192765.91,"TAX_EBT":12.320074291905,"OCF_SALES":-6.691333634694,"TOTAL_PARENT_EQUITY":239427048.58,"DEBT_ASSET_RATIO":30.2256138023,"OPERATE_PROFIT":17989808.71,"PRETAX_PROFIT":17479395.57,"NETCASH_OPERATE":-10812462.1,"NETCASH_INVEST":12206629.44,"NETCASH_FINANCE":-26043695.2,"END_CASH":44406844.97,"DIVI_RATIO":0.316616008105,"DIVIDEND_RATE":9.615384615385,"CURRENT_RATIO":2.282501242743,"COMMON_ACS":5000000000,"CURRENTDEBT_DEBT":84.197932543098,"ISSUED_COMMON_SHARES":1000000000,"HK_COMMON_SHARES":1000000000,"PER_SHARES":4000,"TOTAL_MARKET_CAP":104000000,"HKSK_MARKET_CAP":104000000,"PE_TTM":5.212510024058,"PB_TTM":0.391710796905,"REPORT_DATE_SQ":"2023-06-30 00:00:00","REPORT_TYPE_SQ":"2023年中报","OPERATE_INCOME_SQ":143754080.54,"DPS_HKD":0.01,"OPERATE_INCOME_QOQ_SQ":0,"NET_PROFIT_RATIO_SQ":16.9279577168,"HOLDER_PROFIT_SQ":20337433.69,"HOLDER_PROFIT_QOQ_SQ":0,"ROE_AVG_SQ":9.083175803403,"PE_TTM_SQ":4.805933009685,"PB_TTM_SQ":0.76817494112,"ROA_SQ":5.955504141792,"START_DATE":"2024-04-01 00:00:00","FISCAL_YEAR":"3-31","CURRENCY":"HKD","IS_CNY_CODE":0,"DPS_HKD_LY":0.01,"ORG_TYPE":"一般企业","PREMIUM_INCOME":null,"PREMIUM_INCOME_YOY":null,"NET_INTEREST_INCOME":null,"NET_INTEREST_INCOME_YOY":null,"FEE_COMMISSION_INCOME":null,"FEE_COMMISSION_INCOME_YOY":null,"ACCOUNTS_RECE_TDAYS":2.330842325028,"INVENTORY_TDAYS":null,"CURRENT_ASSETS_TDAYS":0.712211214563,"TOTAL_ASSETS_TDAYS":0.415830072822,"PREMIUM_EXPENSE":null,"LOAN_DEPOSIT":null,"LOAN_EQUITY":null,"LOAN_ASSETS":null,"DEPOSIT_EQUITY":null,"DEPOSIT_ASSETS":null,"EQUITY_MULTIPLIER":1.433190679982,"EQUITY_RATIO":0.476941793282},{"SECUCODE":"02682.HK","SECURITY_CODE":"02682","SECURITY_NAME_ABBR":"润利海事","ORG_CODE":"10936322","STD_REPORT_DATE":"2023-12-31 00:00:00","REPORT_DATE":"2024-03-31 00:00:00","DATE_TYPE_CODE":"001","REPORT_TYPE":"2023年年报","PER_NETCASH_OPERATE":0.0096184955,"PER_OI":0.3033352562,"BPS":0.24021127315,"BASIC_EPS":0.02864698,"DILUTED_EPS":null,"OPERATE_INCOME":303335256.2,"OPERATE_INCOME_YOY":39.4904033751,"GROSS_PROFIT":81054635.5,"GROSS_PROFIT_YOY":8.353793811204,"HOLDER_PROFIT":28632475.2,"HOLDER_PROFIT_YOY":-12.2934658854,"GROSS_PROFIT_RATIO":26.721139018063,"EPS_TTM":0.03633271487,"OPERATE_INCOME_QOQ":0,"NET_PROFIT_RATIO":8.8271509008,"ROE_AVG":12.233301895379,"GROSS_PROFIT_QOQ":0,"ROA":8.068113021021,"HOLDER_PROFIT_QOQ":0,"ROE_YEARLY":12.233301895379,"ROIC_YEARLY":14.108754986353,"TOTAL_ASSETS":401494677.1,"TOTAL_LIABILITIES":139280528.9,"TAX_EBT":14.712252028529,"OCF_SALES":3.17091248162,"TOTAL_PARENT_EQUITY":240211273.15,"DEBT_ASSET_RATIO":34.6905044685,"OPERATE_PROFIT":31890615.9,"PRETAX_PROFIT":31394733.05,"NETCASH_OPERATE":9618495.5,"NETCASH_INVEST":16403115.7,"NETCASH_FINANCE":-17986858.55,"END_CASH":69420879.35,"DIVI_RATIO":0.249513421511,"DIVIDEND_RATE":9.009009009009,"CURRENT_RATIO":1.975540213805,"COMMON_ACS":5000000000,"CURRENTDEBT_DEBT":85.60512373241,"ISSUED_COMMON_SHARES":1000000000,"HK_COMMON_SHARES":1000000000,"PER_SHARES":4000,"TOTAL_MARKET_CAP":111000000,"HKSK_MARKET_CAP":111000000,"PE_TTM":5.563352044908,"PB_TTM":0.418075946697,"REPORT_DATE_SQ":"2022-12-31 00:00:00","REPORT_TYPE_SQ":"2022年年报","OPERATE_INCOME_SQ":209989849.16,"DPS_HKD":0.01,"OPERATE_INCOME_QOQ_SQ":0,"NET_PROFIT_RATIO_SQ":17.2818456202,"HOLDER_PROFIT_SQ":31524389.51,"HOLDER_PROFIT_QOQ_SQ":0,"ROE_AVG_SQ":14.796051482748,"PE_TTM_SQ":4.683955014515,"PB_TTM_SQ":0.748678115203,"ROA_SQ":10.578107948929,"START_DATE":"2023-04-01 00:00:00","FISCAL_YEAR":"3-31","CURRENCY":"HKD","IS_CNY_CODE":0,"DPS_HKD_LY":0.018,"ORG_TYPE":"一般企业","PREMIUM_INCOME":null,"PREMIUM_INCOME_YOY":null,"NET_INTEREST_INCOME":null,"NET_INTEREST_INCOME_YOY":null,"FEE_COMMISSION_INCOME":null,"FEE_COMMISSION_INCOME_YOY":null,"ACCOUNTS_RECE_TDAYS":5.473198658706,"INVENTORY_TDAYS":null,"CURRENT_ASSETS_TDAYS":1.466333028034,"TOTAL_ASSETS_TDAYS":0.854743822596,"PREMIUM_EXPENSE":null,"LOAN_DEPOSIT":null,"LOAN_EQUITY":null,"LOAN_ASSETS":null,"DEPOSIT_EQUITY":null,"DEPOSIT_ASSETS":null,"EQUITY_MULTIPLIER":1.531170914523,"EQUITY_RATIO":0.579825114257},{"SECUCODE":"02682.HK","SECURITY_CODE":"02682","SECURITY_NAME_ABBR":"润利海事","ORG_CODE":"10936322","STD_REPORT_DATE":"2023-06-30 00:00:00","REPORT_DATE":"2023-09-30 00:00:00","DATE_TYPE_CODE":"002","REPORT_TYPE":"2023年中报","PER_NETCASH_OPERATE":-0.01344236187,"PER_OI":0.14375408054,"BPS":0.23532804876,"BASIC_EPS":0.020371386,"DILUTED_EPS":null,"OPERATE_INCOME":143754080.54,"OPERATE_INCOME_YOY":19.0862789814,"GROSS_PROFIT":42821203.95,"GROSS_PROFIT_YOY":5.235706043266,"HOLDER_PROFIT":20337433.69,"HOLDER_PROFIT_YOY":27.5381552754,"GROSS_PROFIT_RATIO":29.787818049509,"EPS_TTM":0.03152438951,"OPERATE_INCOME_QOQ":0,"NET_PROFIT_RATIO":16.9279577168,"ROE_AVG":9.083175803403,"GROSS_PROFIT_QOQ":0,"ROA":5.955504141792,"HOLDER_PROFIT_QOQ":0,"ROE_YEARLY":18.166351606805,"ROIC_YEARLY":20.712601872432,"TOTAL_ASSETS":398702893.96,"TOTAL_LIABILITIES":131556942.58,"TAX_EBT":8.634402082813,"OCF_SALES":-9.350942818113,"TOTAL_PARENT_EQUITY":235328048.76,"DEBT_ASSET_RATIO":32.9962346833,"OPERATE_PROFIT":26267158.75,"PRETAX_PROFIT":25729427.57,"NETCASH_OPERATE":-13442361.87,"NETCASH_INVEST":27826212.12,"NETCASH_FINANCE":-10856480.53,"END_CASH":65663767.54,"DIVI_RATIO":0.287570993155,"DIVIDEND_RATE":9.009009009009,"CURRENT_RATIO":2.027941275394,"COMMON_ACS":5000000000,"CURRENTDEBT_DEBT":82.954117433701,"ISSUED_COMMON_SHARES":1000000000,"HK_COMMON_SHARES":1000000000,"PER_SHARES":4000,"TOTAL_MARKET_CAP":111000000,"HKSK_MARKET_CAP":111000000,"PE_TTM":5.563352044908,"PB_TTM":0.418075946697,"REPORT_DATE_SQ":"2022-06-30 00:00:00","REPORT_TYPE_SQ":"2022年中报","OPERATE_INCOME_SQ":118979082,"DPS_HKD":0.01,"OPERATE_INCOME_QOQ_SQ":0,"NET_PROFIT_RATIO_SQ":15.9619916382,"HOLDER_PROFIT_SQ":16355892.96,"HOLDER_PROFIT_QOQ_SQ":0,"ROE_AVG_SQ":7.714391751522,"PE_TTM_SQ":4.683955014515,"PB_TTM_SQ":0.748678115203,"ROA_SQ":5.381686374816,"START_DATE":"2023-04-01 00:00:00","FISCAL_YEAR":"3-31","CURRENCY":"HKD","IS_CNY_CODE":0,"DPS_HKD_LY":0.018,"ORG_TYPE":"一般企业","PREMIUM_INCOME":null,"PREMIUM_INCOME_YOY":null,"NET_INTEREST_INCOME":null,"NET_INTEREST_INCOME_YOY":null,"FEE_COMMISSION_INCOME":null,"FEE_COMMISSION_INCOME_YOY":null,"ACCOUNTS_RECE_TDAYS":2.345759057252,"INVENTORY_TDAYS":null,"CURRENT_ASSETS_TDAYS":0.715768023503,"TOTAL_ASSETS_TDAYS":0.404516722097,"PREMIUM_EXPENSE":null,"LOAN_DEPOSIT":null,"LOAN_EQUITY":null,"LOAN_ASSETS":null,"DEPOSIT_EQUITY":null,"DEPOSIT_ASSETS":null,"EQUITY_MULTIPLIER":1.492453439405,"EQUITY_RATIO":0.559036388876},{"SECUCODE":"02682.HK","SECURITY_CODE":"02682","SECURITY_NAME_ABBR":"润利海事","ORG_CODE":"10936322","STD_REPORT_DATE":"2022-12-31 00:00:00","REPORT_DATE":"2023-03-31 00:00:00","DATE_TYPE_CODE":"001","REPORT_TYPE":"2022年年报","PER_NETCASH_OPERATE":0.104436413,"PER_OI":0.20998984916,"BPS":0.22006756908,"BASIC_EPS":0.03151476,"DILUTED_EPS":null,"OPERATE_INCOME":209989849.16,"OPERATE_INCOME_YOY":-34.1009052073,"GROSS_PROFIT":74805535.32,"GROSS_PROFIT_YOY":-1.149393903442,"HOLDER_PROFIT":31524389.51,"HOLDER_PROFIT_YOY":-11.7442344926,"GROSS_PROFIT_RATIO":35.623405426137,"EPS_TTM":0.03859026301,"OPERATE_INCOME_QOQ":0,"NET_PROFIT_RATIO":17.2818456202,"ROE_AVG":14.796051482748,"GROSS_PROFIT_QOQ":0,"ROA":10.578107948929,"HOLDER_PROFIT_QOQ":0,"ROE_YEARLY":14.796051482748,"ROIC_YEARLY":18.561940573543,"TOTAL_ASSETS":297684921.32,"TOTAL_LIABILITIES":48891648.5,"TAX_EBT":15.518646831058,"OCF_SALES":49.734029248445,"TOTAL_PARENT_EQUITY":220067569.08,"DEBT_ASSET_RATIO":16.4239586887,"OPERATE_PROFIT":43925447.57,"PRETAX_PROFIT":42956368.7,"NETCASH_OPERATE":104436413,"NETCASH_INVEST":-83230481.16,"NETCASH_FINANCE":-26143244.24,"END_CASH":59277512.74,"DIVI_RATIO":0.234916771561,"DIVIDEND_RATE":9.009009009009,"CURRENT_RATIO":5.0960591133,"COMMON_ACS":5000000000,"CURRENTDEBT_DEBT":69.059982094897,"ISSUED_COMMON_SHARES":1000000000,"HK_COMMON_SHARES":1000000000,"PER_SHARES":4000,"TOTAL_MARKET_CAP":111000000,"HKSK_MARKET_CAP":111000000,"PE_TTM":5.563352044908,"PB_TTM":0.418075946697,"REPORT_DATE_SQ":"2021-12-31 00:00:00","REPORT_TYPE_SQ":"2021年年报","OPERATE_INCOME_SQ":295211695.05,"DPS_HKD":0.01,"OPERATE_INCOME_QOQ_SQ":0,"NET_PROFIT_RATIO_SQ":12.6262001896,"HOLDER_PROFIT_SQ":33091641.03,"HOLDER_PROFIT_QOQ_SQ":0,"ROE_AVG_SQ":18.423256748489,"PE_TTM_SQ":4.683955014515,"PB_TTM_SQ":0.748678115203,"ROA_SQ":13.158331788096,"START_DATE":"2022-04-01 00:00:00","FISCAL_YEAR":"3-31","CURRENCY":"HKD","IS_CNY_CODE":0,"DPS_HKD_LY":0.02,"ORG_TYPE":"一般企业","PREMIUM_INCOME":null,"PREMIUM_INCOME_YOY":null,"NET_INTEREST_INCOME":null,"NET_INTEREST_INCOME_YOY":null,"FEE_COMMISSION_INCOME":null,"FEE_COMMISSION_INCOME_YOY":null,"ACCOUNTS_RECE_TDAYS":2.596749138029,"INVENTORY_TDAYS":null,"CURRENT_ASSETS_TDAYS":1.164469212994,"TOTAL_ASSETS_TDAYS":0.704627536685,"PREMIUM_EXPENSE":null,"LOAN_DEPOSIT":null,"LOAN_EQUITY":null,"LOAN_ASSETS":null,"DEPOSIT_EQUITY":null,"DEPOSIT_ASSETS":null,"EQUITY_MULTIPLIER":1.196515154714,"EQUITY_RATIO":0.222166531418},{"SECUCODE":"02682.HK","SECURITY_CODE":"02682","SECURITY_NAME_ABBR":"润利海事","ORG_CODE":"10936322","STD_REPORT_DATE":"2022-06-30 00:00:00","REPORT_DATE":"2022-09-30 00:00:00","DATE_TYPE_CODE":"002","REPORT_TYPE":"2022年中报","PER_NETCASH_OPERATE":0.09123900276,"PER_OI":0.118979082,"BPS":0.21115146684,"BASIC_EPS":0.016370364,"DILUTED_EPS":null,"OPERATE_INCOME":118979082,"OPERATE_INCOME_YOY":-9.6068878796,"GROSS_PROFIT":40690755.6,"GROSS_PROFIT_YOY":54.538323334505,"HOLDER_PROFIT":16355892.96,"HOLDER_PROFIT_YOY":38.7554668917,"GROSS_PROFIT_RATIO":34.199923983276,"EPS_TTM":0.03309164103,"OPERATE_INCOME_QOQ":0,"NET_PROFIT_RATIO":15.9619916382,"ROE_AVG":7.714391751522,"GROSS_PROFIT_QOQ":0,"ROA":5.381686374816,"HOLDER_PROFIT_QOQ":0,"ROE_YEARLY":15.428783503044,"ROIC_YEARLY":19.111380010938,"TOTAL_ASSETS":299595750,"TOTAL_LIABILITIES":57509721.84,"TAX_EBT":15.504406261318,"OCF_SALES":76.68491068035,"TOTAL_PARENT_EQUITY":211151466.84,"DEBT_ASSET_RATIO":19.1957735849,"OPERATE_PROFIT":24023735.28,"PRETAX_PROFIT":22476238.44,"NETCASH_OPERATE":91239002.76,"NETCASH_INVEST":-73519214.28,"NETCASH_FINANCE":-21081591.96,"END_CASH":62982488.28,"DIVI_RATIO":0.273951358042,"DIVIDEND_RATE":9.009009009009,"CURRENT_RATIO":3.808782256178,"COMMON_ACS":5000000000,"CURRENTDEBT_DEBT":80.690718082597,"ISSUED_COMMON_SHARES":1000000000,"HK_COMMON_SHARES":1000000000,"PER_SHARES":4000,"TOTAL_MARKET_CAP":111000000,"HKSK_MARKET_CAP":111000000,"PE_TTM":5.563352044908,"PB_TTM":0.418075946697,"REPORT_DATE_SQ":"2021-06-30 00:00:00","REPORT_TYPE_SQ":"2021年中报","OPERATE_INCOME_SQ":121236054.86,"DPS_HKD":0.01,"OPERATE_INCOME_QOQ_SQ":0,"NET_PROFIT_RATIO_SQ":11.2725123857,"HOLDER_PROFIT_SQ":10857270.98,"HOLDER_PROFIT_QOQ_SQ":0,"ROE_AVG_SQ":6.278225641347,"PE_TTM_SQ":4.683955014515,"PB_TTM_SQ":0.748678115203,"ROA_SQ":4.451214410008,"START_DATE":"2022-04-01 00:00:00","FISCAL_YEAR":"3-31","CURRENCY":"HKD","IS_CNY_CODE":0,"DPS_HKD_LY":0.02,"ORG_TYPE":"一般企业","PREMIUM_INCOME":null,"PREMIUM_INCOME_YOY":null,"NET_INTEREST_INCOME":null,"NET_INTEREST_INCOME_YOY":null,"FEE_COMMISSION_INCOME":null,"FEE_COMMISSION_INCOME_YOY":null,"ACCOUNTS_RECE_TDAYS":1.411632149372,"INVENTORY_TDAYS":null,"CURRENT_ASSETS_TDAYS":0.640367231501,"TOTAL_ASSETS_TDAYS":0.391484650856,"PREMIUM_EXPENSE":null,"LOAN_DEPOSIT":null,"LOAN_EQUITY":null,"LOAN_ASSETS":null,"DEPOSIT_EQUITY":null,"DEPOSIT_ASSETS":null,"EQUITY_MULTIPLIER":1.237559029231,"EQUITY_RATIO":0.272362407426},{"SECUCODE":"02682.HK","SECURITY_CODE":"02682","SECURITY_NAME_ABBR":"润利海事","ORG_CODE":"10936322","STD_REPORT_DATE":"2021-12-31 00:00:00","REPORT_DATE":"2022-03-31 00:00:00","DATE_TYPE_CODE":"001","REPORT_TYPE":"2021年年报","PER_NETCASH_OPERATE":0.01621533394,"PER_OI":0.29521169505,"BPS":0.19089310077,"BASIC_EPS":0.033089208,"DILUTED_EPS":null,"OPERATE_INCOME":295211695.05,"OPERATE_INCOME_YOY":60.9260192578,"GROSS_PROFIT":75675343.1,"GROSS_PROFIT_YOY":48.629769872414,"HOLDER_PROFIT":33091641.03,"HOLDER_PROFIT_YOY":63.0815347722,"GROSS_PROFIT_RATIO":25.634263265615,"EPS_TTM":0.0228746525,"OPERATE_INCOME_QOQ":0,"NET_PROFIT_RATIO":12.6262001896,"ROE_AVG":18.423256748489,"GROSS_PROFIT_QOQ":0,"ROA":13.158331788096,"HOLDER_PROFIT_QOQ":0,"ROE_YEARLY":18.423256748489,"ROIC_YEARLY":21.33914189486,"TOTAL_ASSETS":276397885.07,"TOTAL_LIABILITIES":56949933.21,"TAX_EBT":18.223550763318,"OCF_SALES":5.492781692559,"TOTAL_PARENT_EQUITY":190893100.77,"DEBT_ASSET_RATIO":20.6043303101,"OPERATE_PROFIT":43862664.84,"PRETAX_PROFIT":45580384.02,"NETCASH_OPERATE":16215333.94,"NETCASH_INVEST":-9706978.69,"NETCASH_FINANCE":-12807469.92,"END_CASH":59490827.54,"DIVI_RATIO":0.396312031407,"DIVIDEND_RATE":9.009009009009,"CURRENT_RATIO":3.655005683457,"COMMON_ACS":5000000000,"CURRENTDEBT_DEBT":83.939277424132,"ISSUED_COMMON_SHARES":1000000000,"HK_COMMON_SHARES":1000000000,"PER_SHARES":4000,"TOTAL_MARKET_CAP":111000000,"HKSK_MARKET_CAP":111000000,"PE_TTM":5.563352044908,"PB_TTM":0.418075946697,"REPORT_DATE_SQ":"2020-12-31 00:00:00","REPORT_TYPE_SQ":"2020年年报","OPERATE_INCOME_SQ":191174644.92,"DPS_HKD":0.01,"OPERATE_INCOME_QOQ_SQ":0,"NET_PROFIT_RATIO_SQ":13.3040664209,"HOLDER_PROFIT_SQ":21146403.6,"HOLDER_PROFIT_QOQ_SQ":0,"ROE_AVG_SQ":12.664250571967,"PE_TTM_SQ":4.683955014515,"PB_TTM_SQ":0.748678115203,"ROA_SQ":9.420836918234,"START_DATE":"2021-04-01 00:00:00","FISCAL_YEAR":"3-31","CURRENCY":"HKD","IS_CNY_CODE":0,"DPS_HKD_LY":0.013,"ORG_TYPE":"一般企业","PREMIUM_INCOME":null,"PREMIUM_INCOME_YOY":null,"NET_INTEREST_INCOME":null,"NET_INTEREST_INCOME_YOY":null,"FEE_COMMISSION_INCOME":null,"FEE_COMMISSION_INCOME_YOY":null,"ACCOUNTS_RECE_TDAYS":3.488392151225,"INVENTORY_TDAYS":null,"CURRENT_ASSETS_TDAYS":1.91362016213,"TOTAL_ASSETS_TDAYS":1.173859412917,"PREMIUM_EXPENSE":null,"LOAN_DEPOSIT":null,"LOAN_EQUITY":null,"LOAN_ASSETS":null,"DEPOSIT_EQUITY":null,"DEPOSIT_ASSETS":null,"EQUITY_MULTIPLIER":1.25951453512,"EQUITY_RATIO":0.298334161792},{"SECUCODE":"02682.HK","SECURITY_CODE":"02682","SECURITY_NAME_ABBR":"润利海事","ORG_CODE":"10936322","STD_REPORT_DATE":"2021-06-30 00:00:00","REPORT_DATE":"2021-09-30 00:00:00","DATE_TYPE_CODE":"002","REPORT_TYPE":"2021年中报","PER_NETCASH_OPERATE":0.0284573296,"PER_OI":0.12123605486,"BPS":0.17294908742,"BASIC_EPS":0.01082978,"DILUTED_EPS":null,"OPERATE_INCOME":121236054.86,"OPERATE_INCOME_YOY":45.2434180323,"GROSS_PROFIT":26330527.42,"GROSS_PROFIT_YOY":12.159899743786,"HOLDER_PROFIT":10857270.98,"HOLDER_PROFIT_YOY":25.4499951872,"GROSS_PROFIT_RATIO":21.718396767699,"EPS_TTM":0.0211464036,"OPERATE_INCOME_QOQ":0,"NET_PROFIT_RATIO":11.2725123857,"ROE_AVG":6.278225641347,"GROSS_PROFIT_QOQ":0,"ROA":4.451214410008,"HOLDER_PROFIT_QOQ":0,"ROE_YEARLY":12.556451282694,"ROIC_YEARLY":16.31781744653,"TOTAL_ASSETS":255095467.9,"TOTAL_LIABILITIES":51036587.84,"TAX_EBT":11.886346546353,"OCF_SALES":23.472662181941,"TOTAL_PARENT_EQUITY":172949087.42,"DEBT_ASSET_RATIO":20.0068579266,"OPERATE_PROFIT":15297480.78,"PRETAX_PROFIT":15509911.08,"NETCASH_OPERATE":28457329.6,"NETCASH_INVEST":-16563731.98,"NETCASH_FINANCE":-7721633.14,"END_CASH":71750624.74,"DIVI_RATIO":0.428701739146,"DIVIDEND_RATE":9.009009009009,"CURRENT_RATIO":3.600165149595,"COMMON_ACS":5000000000,"CURRENTDEBT_DEBT":84.999347088013,"ISSUED_COMMON_SHARES":1000000000,"HK_COMMON_SHARES":1000000000,"PER_SHARES":4000,"TOTAL_MARKET_CAP":111000000,"HKSK_MARKET_CAP":111000000,"PE_TTM":5.563352044908,"PB_TTM":0.418075946697,"REPORT_DATE_SQ":"2020-06-30 00:00:00","REPORT_TYPE_SQ":"2020年中报","OPERATE_INCOME_SQ":88045986.56,"DPS_HKD":0.01,"OPERATE_INCOME_QOQ_SQ":0,"NET_PROFIT_RATIO_SQ":13.5521667099,"HOLDER_PROFIT_SQ":9129022.08,"HOLDER_PROFIT_QOQ_SQ":0,"ROE_AVG_SQ":5.460752647196,"PE_TTM_SQ":4.683955014515,"PB_TTM_SQ":0.748678115203,"ROA_SQ":4.078003744745,"START_DATE":"2021-04-01 00:00:00","FISCAL_YEAR":"3-31","CURRENCY":"HKD","IS_CNY_CODE":0,"DPS_HKD_LY":0.013,"ORG_TYPE":"一般企业","PREMIUM_INCOME":null,"PREMIUM_INCOME_YOY":null,"NET_INTEREST_INCOME":null,"NET_INTEREST_INCOME_YOY":null,"FEE_COMMISSION_INCOME":null,"FEE_COMMISSION_INCOME_YOY":null,"ACCOUNTS_RECE_TDAYS":1.919237743563,"INVENTORY_TDAYS":null,"CURRENT_ASSETS_TDAYS":0.825768709181,"TOTAL_ASSETS_TDAYS":0.497038045195,"PREMIUM_EXPENSE":null,"LOAN_DEPOSIT":null,"LOAN_EQUITY":null,"LOAN_ASSETS":null,"DEPOSIT_EQUITY":null,"DEPOSIT_ASSETS":null,"EQUITY_MULTIPLIER":1.25010716429,"EQUITY_RATIO":0.295096022774},{"SECUCODE":"02682.HK","SECURITY_CODE":"02682","SECURITY_NAME_ABBR":"润利海事","ORG_CODE":"10936322","STD_REPORT_DATE":"2020-12-31 00:00:00","REPORT_DATE":"2021-03-31 00:00:00","DATE_TYPE_CODE":"001","REPORT_TYPE":"2020年年报","PER_NETCASH_OPERATE":0.01688416086,"PER_OI":0.19117464492,"BPS":0.17543739332,"BASIC_EPS":0.0211295,"DILUTED_EPS":null,"OPERATE_INCOME":191174644.92,"OPERATE_INCOME_YOY":11.7459909692,"GROSS_PROFIT":50915333.56,"GROSS_PROFIT_YOY":7.97617518493,"HOLDER_PROFIT":21146403.6,"HOLDER_PROFIT_YOY":157.9381443299,"GROSS_PROFIT_RATIO":26.632890350761,"EPS_TTM":0.01004971403,"OPERATE_INCOME_QOQ":0,"NET_PROFIT_RATIO":13.3040664209,"ROE_AVG":12.664250571967,"GROSS_PROFIT_QOQ":0,"ROA":9.420836918234,"HOLDER_PROFIT_QOQ":0,"ROE_YEARLY":12.664250571967,"ROIC_YEARLY":18.411273409618,"TOTAL_ASSETS":236124698.04,"TOTAL_LIABILITIES":31974849.76,"TAX_EBT":15.051517290049,"OCF_SALES":8.83179925197,"TOTAL_PARENT_EQUITY":175437393.32,"DEBT_ASSET_RATIO":13.5415100688,"OPERATE_PROFIT":30026709.86,"PRETAX_PROFIT":29940501.5,"NETCASH_OPERATE":16884160.86,"NETCASH_INVEST":12197637.76,"NETCASH_FINANCE":-8925100.8,"END_CASH":68561846.78,"DIVI_RATIO":0.902065469021,"DIVIDEND_RATE":9.009009009009,"CURRENT_RATIO":5.630596505597,"COMMON_ACS":5000000000,"CURRENTDEBT_DEBT":77.458236413618,"ISSUED_COMMON_SHARES":1000000000,"HK_COMMON_SHARES":1000000000,"PER_SHARES":4000,"TOTAL_MARKET_CAP":111000000,"HKSK_MARKET_CAP":111000000,"PE_TTM":5.563352044908,"PB_TTM":0.418075946697,"REPORT_DATE_SQ":"2019-12-31 00:00:00","REPORT_TYPE_SQ":"2019年年报","OPERATE_INCOME_SQ":184949326.6,"DPS_HKD":0.01,"OPERATE_INCOME_QOQ_SQ":0,"NET_PROFIT_RATIO_SQ":5.5385390627,"HOLDER_PROFIT_SQ":8862890,"HOLDER_PROFIT_QOQ_SQ":0,"ROE_AVG_SQ":5.309133899641,"PE_TTM_SQ":4.683955014515,"PB_TTM_SQ":0.748678115203,"ROA_SQ":4.214807444132,"START_DATE":"2020-04-01 00:00:00","FISCAL_YEAR":"3-31","CURRENCY":"HKD","IS_CNY_CODE":0,"DPS_HKD_LY":0.005,"ORG_TYPE":"一般企业","PREMIUM_INCOME":null,"PREMIUM_INCOME_YOY":null,"NET_INTEREST_INCOME":null,"NET_INTEREST_INCOME_YOY":null,"FEE_COMMISSION_INCOME":null,"FEE_COMMISSION_INCOME_YOY":null,"ACCOUNTS_RECE_TDAYS":3.538676950274,"INVENTORY_TDAYS":null,"CURRENT_ASSETS_TDAYS":1.36954883007,"TOTAL_ASSETS_TDAYS":0.851693359665,"PREMIUM_EXPENSE":null,"LOAN_DEPOSIT":null,"LOAN_EQUITY":null,"LOAN_ASSETS":null,"DEPOSIT_EQUITY":null,"DEPOSIT_ASSETS":null,"EQUITY_MULTIPLIER":1.156624411085,"EQUITY_RATIO":0.18225789357},{"SECUCODE":"02682.HK","SECURITY_CODE":"02682","SECURITY_NAME_ABBR":"润利海事","ORG_CODE":"10936322","STD_REPORT_DATE":"2020-06-30 00:00:00","REPORT_DATE":"2020-09-30 00:00:00","DATE_TYPE_CODE":"002","REPORT_TYPE":"2020年中报","PER_NETCASH_OPERATE":0.01385038464,"PER_OI":0.08804598656,"BPS":0.16954287296,"BASIC_EPS":0.009138688,"DILUTED_EPS":null,"OPERATE_INCOME":88045986.56,"OPERATE_INCOME_YOY":-0.0269393864,"GROSS_PROFIT":23475883.52,"GROSS_PROFIT_YOY":-5.414341238344,"HOLDER_PROFIT":9129022.08,"HOLDER_PROFIT_YOY":17.9897785349,"GROSS_PROFIT_RATIO":26.663206850436,"EPS_TTM":0.00886289,"OPERATE_INCOME_QOQ":0,"NET_PROFIT_RATIO":13.5521667099,"ROE_AVG":5.460752647196,"GROSS_PROFIT_QOQ":0,"ROA":4.078003744745,"HOLDER_PROFIT_QOQ":0,"ROE_YEARLY":10.921505294391,"ROIC_YEARLY":17.503453853152,"TOTAL_ASSETS":226471626.88,"TOTAL_LIABILITIES":24425779.84,"TAX_EBT":11.184511740467,"OCF_SALES":15.730852911236,"TOTAL_PARENT_EQUITY":169542872.96,"DEBT_ASSET_RATIO":10.7853598159,"OPERATE_PROFIT":13551619.84,"PRETAX_PROFIT":13434750.08,"NETCASH_OPERATE":13850384.64,"NETCASH_INVEST":9056967.04,"NETCASH_FINANCE":-4409416.96,"END_CASH":68823986.56,"DIVI_RATIO":1.022860489073,"DIVIDEND_RATE":9.009009009009,"CURRENT_RATIO":7.194506142061,"COMMON_ACS":5000000000,"CURRENTDEBT_DEBT":79.364679641688,"ISSUED_COMMON_SHARES":1000000000,"HK_COMMON_SHARES":1000000000,"PER_SHARES":4000,"TOTAL_MARKET_CAP":111000000,"HKSK_MARKET_CAP":111000000,"PE_TTM":5.563352044908,"PB_TTM":0.418075946697,"REPORT_DATE_SQ":"2019-06-30 00:00:00","REPORT_TYPE_SQ":"2019年中报","OPERATE_INCOME_SQ":90403952.25,"DPS_HKD":0.01,"OPERATE_INCOME_QOQ_SQ":0,"NET_PROFIT_RATIO_SQ":9.3120478922,"HOLDER_PROFIT_SQ":7942198.05,"HOLDER_PROFIT_QOQ_SQ":0,"ROE_AVG_SQ":4.831103417436,"PE_TTM_SQ":4.683955014515,"PB_TTM_SQ":0.748678115203,"ROA_SQ":3.860936139985,"START_DATE":"2020-04-01 00:00:00","FISCAL_YEAR":"3-31","CURRENCY":"HKD","IS_CNY_CODE":0,"DPS_HKD_LY":0.005,"ORG_TYPE":"一般企业","PREMIUM_INCOME":null,"PREMIUM_INCOME_YOY":null,"NET_INTEREST_INCOME":null,"NET_INTEREST_INCOME_YOY":null,"FEE_COMMISSION_INCOME":null,"FEE_COMMISSION_INCOME_YOY":null,"ACCOUNTS_RECE_TDAYS":1.892224163165,"INVENTORY_TDAYS":null,"CURRENT_ASSETS_TDAYS":0.618433640499,"TOTAL_ASSETS_TDAYS":0.393308132848,"PREMIUM_EXPENSE":null,"LOAN_DEPOSIT":null,"LOAN_EQUITY":null,"LOAN_ASSETS":null,"DEPOSIT_EQUITY":null,"DEPOSIT_ASSETS":null,"EQUITY_MULTIPLIER":1.120892263799,"EQUITY_RATIO":0.144068455451}],"count":17},"success":true,"message":"ok","code":0}