{"version":"d13440dc894bb8134ca75c375ab7040e","result":{"pages":2,"data":[{"SECUCODE":"02683.HK","SECURITY_CODE":"02683","SECURITY_NAME_ABBR":"华新手袋国际控股","ORG_CODE":"10685704","STD_REPORT_DATE":"2024-06-30 00:00:00","REPORT_DATE":"2024-09-30 00:00:00","DATE_TYPE_CODE":"002","REPORT_TYPE":"2024年中报","PER_NETCASH_OPERATE":0.046064280467,"PER_OI":0.777454180449,"BPS":0.604944299751,"BASIC_EPS":0.05951814,"DILUTED_EPS":0.05951814,"OPERATE_INCOME":317687991.94,"OPERATE_INCOME_YOY":5.3260063623,"GROSS_PROFIT":67739759.43,"GROSS_PROFIT_YOY":18.78534565511,"HOLDER_PROFIT":24330294.2,"HOLDER_PROFIT_YOY":29.0476873774,"GROSS_PROFIT_RATIO":21.322732098352,"EPS_TTM":0.063237046101,"OPERATE_INCOME_QOQ":0,"NET_PROFIT_RATIO":8.0931402327,"ROE_AVG":10.115363129539,"GROSS_PROFIT_QOQ":0,"ROA":6.785372969167,"HOLDER_PROFIT_QOQ":0,"ROE_YEARLY":20.230726259078,"ROIC_YEARLY":21.328569056974,"TOTAL_ASSETS":382297638.28,"TOTAL_LIABILITIES":137275884.54,"TAX_EBT":15.405156810966,"OCF_SALES":5.925015470385,"TOTAL_PARENT_EQUITY":247195969.43,"DEBT_ASSET_RATIO":35.9081173396,"OPERATE_PROFIT":30030508.79,"PRETAX_PROFIT":30393028.37,"NETCASH_OPERATE":18823062.67,"NETCASH_INVEST":-4064367.53,"NETCASH_FINANCE":-3238327.89,"END_CASH":139348197.96,"DIVI_RATIO":0.285962123708,"DIVIDEND_RATE":3.508771929825,"CURRENT_RATIO":2.615435351312,"COMMON_ACS":5000000000,"CURRENTDEBT_DEBT":88.642544637578,"ISSUED_COMMON_SHARES":408626000,"HK_COMMON_SHARES":408626000,"PER_SHARES":2000,"TOTAL_MARKET_CAP":232916820,"HKSK_MARKET_CAP":232916820,"PE_TTM":6.736177806056,"PB_TTM":0.849698559374,"REPORT_DATE_SQ":"2023-06-30 00:00:00","REPORT_TYPE_SQ":"2023年中报","OPERATE_INCOME_SQ":306921541.36,"DPS_HKD":0.02,"OPERATE_INCOME_QOQ_SQ":0,"NET_PROFIT_RATIO_SQ":6.1021550384,"HOLDER_PROFIT_SQ":19184890.41,"HOLDER_PROFIT_QOQ_SQ":0,"ROE_AVG_SQ":8.179481461485,"PE_TTM_SQ":6.567170537372,"PB_TTM_SQ":0.549478143939,"ROA_SQ":5.261244031179,"START_DATE":"2024-04-01 00:00:00","FISCAL_YEAR":"3-31","CURRENCY":"HKD","IS_CNY_CODE":0,"DPS_HKD_LY":0.02,"ORG_TYPE":"一般企业","PREMIUM_INCOME":null,"PREMIUM_INCOME_YOY":null,"NET_INTEREST_INCOME":null,"NET_INTEREST_INCOME_YOY":null,"FEE_COMMISSION_INCOME":null,"FEE_COMMISSION_INCOME_YOY":null,"ACCOUNTS_RECE_TDAYS":4.843351297844,"INVENTORY_TDAYS":4.280635371702,"CURRENT_ASSETS_TDAYS":1.075930481684,"TOTAL_ASSETS_TDAYS":0.885986620391,"PREMIUM_EXPENSE":null,"LOAN_DEPOSIT":null,"LOAN_EQUITY":null,"LOAN_ASSETS":null,"DEPOSIT_EQUITY":null,"DEPOSIT_ASSETS":null,"EQUITY_MULTIPLIER":1.560259986898,"EQUITY_RATIO":0.555332212158},{"SECUCODE":"02683.HK","SECURITY_CODE":"02683","SECURITY_NAME_ABBR":"华新手袋国际控股","ORG_CODE":"10685704","STD_REPORT_DATE":"2023-12-31 00:00:00","REPORT_DATE":"2024-03-31 00:00:00","DATE_TYPE_CODE":"001","REPORT_TYPE":"2023年年报","PER_NETCASH_OPERATE":0.141449185563,"PER_OI":1.318711158492,"BPS":0.575329775761,"BASIC_EPS":0.0634585,"DILUTED_EPS":0.0634585,"OPERATE_INCOME":538859665.85,"OPERATE_INCOME_YOY":33.1205013012,"GROSS_PROFIT":95183217.25,"GROSS_PROFIT_YOY":60.952529832183,"HOLDER_PROFIT":25840301.2,"HOLDER_PROFIT_YOY":235.5385520895,"GROSS_PROFIT_RATIO":17.663822936136,"EPS_TTM":0.048962446442,"OPERATE_INCOME_QOQ":0,"NET_PROFIT_RATIO":4.577839763,"ROE_AVG":11.254503637458,"GROSS_PROFIT_QOQ":0,"ROA":7.563902691443,"HOLDER_PROFIT_QOQ":0,"ROE_YEARLY":11.254503637458,"ROIC_YEARLY":11.044808506022,"TOTAL_ASSETS":336609267.4,"TOTAL_LIABILITIES":105088182.55,"TAX_EBT":17.324461458998,"OCF_SALES":10.72632051776,"TOTAL_PARENT_EQUITY":235094704.95,"DEBT_ASSET_RATIO":31.2196343736,"OPERATE_PROFIT":30792783.85,"PRETAX_PROFIT":29837280.15,"NETCASH_OPERATE":57799814.9,"NETCASH_INVEST":-562967.55,"NETCASH_FINANCE":-21880490.8,"END_CASH":127896980.55,"DIVI_RATIO":0.556747098657,"DIVIDEND_RATE":5.660377358491,"CURRENT_RATIO":3.072797402782,"COMMON_ACS":5000000000,"CURRENTDEBT_DEBT":84.763761527247,"ISSUED_COMMON_SHARES":408626000,"HK_COMMON_SHARES":408626000,"PER_SHARES":2000,"TOTAL_MARKET_CAP":216571780,"HKSK_MARKET_CAP":216571780,"PE_TTM":6.263463574052,"PB_TTM":0.790070590295,"REPORT_DATE_SQ":"2022-12-31 00:00:00","REPORT_TYPE_SQ":"2022年年报","OPERATE_INCOME_SQ":390886322.38,"DPS_HKD":0.03,"OPERATE_INCOME_QOQ_SQ":0,"NET_PROFIT_RATIO_SQ":1.3452985098,"HOLDER_PROFIT_SQ":7436607.95,"HOLDER_PROFIT_QOQ_SQ":0,"ROE_AVG_SQ":3.354565091199,"PE_TTM_SQ":6.844656616415,"PB_TTM_SQ":0.572695530303,"ROA_SQ":2.12542908898,"START_DATE":"2023-04-01 00:00:00","FISCAL_YEAR":"3-31","CURRENCY":"HKD","IS_CNY_CODE":0,"DPS_HKD_LY":0.02,"ORG_TYPE":"一般企业","PREMIUM_INCOME":null,"PREMIUM_INCOME_YOY":null,"NET_INTEREST_INCOME":null,"NET_INTEREST_INCOME_YOY":null,"FEE_COMMISSION_INCOME":null,"FEE_COMMISSION_INCOME_YOY":null,"ACCOUNTS_RECE_TDAYS":13.748918650105,"INVENTORY_TDAYS":4.982611174458,"CURRENT_ASSETS_TDAYS":1.955685041028,"TOTAL_ASSETS_TDAYS":1.577335358936,"PREMIUM_EXPENSE":null,"LOAN_DEPOSIT":null,"LOAN_EQUITY":null,"LOAN_ASSETS":null,"DEPOSIT_EQUITY":null,"DEPOSIT_ASSETS":null,"EQUITY_MULTIPLIER":1.453903291866,"EQUITY_RATIO":0.447003613171},{"SECUCODE":"02683.HK","SECURITY_CODE":"02683","SECURITY_NAME_ABBR":"华新手袋国际控股","ORG_CODE":"10685704","STD_REPORT_DATE":"2023-06-30 00:00:00","REPORT_DATE":"2023-09-30 00:00:00","DATE_TYPE_CODE":"002","REPORT_TYPE":"2023年中报","PER_NETCASH_OPERATE":0.116427845952,"PER_OI":0.75110624718,"BPS":0.592850968857,"BASIC_EPS":0.04679913,"DILUTED_EPS":0.04679913,"OPERATE_INCOME":306921541.36,"OPERATE_INCOME_YOY":35.0910779918,"GROSS_PROFIT":57027033.98,"GROSS_PROFIT_YOY":80.072291907372,"HOLDER_PROFIT":19184890.41,"HOLDER_PROFIT_YOY":185.8881444004,"GROSS_PROFIT_RATIO":18.580329594107,"EPS_TTM":0.018199057206,"OPERATE_INCOME_QOQ":0,"NET_PROFIT_RATIO":6.1021550384,"ROE_AVG":8.179481461485,"GROSS_PROFIT_QOQ":0,"ROA":5.261244031179,"HOLDER_PROFIT_QOQ":0,"ROE_YEARLY":16.35896292297,"ROIC_YEARLY":15.205671489275,"TOTAL_ASSETS":378410424.14,"TOTAL_LIABILITIES":139042968.12,"TAX_EBT":17.247810574116,"OCF_SALES":15.500849099476,"TOTAL_PARENT_EQUITY":242254320,"DEBT_ASSET_RATIO":36.7439582131,"OPERATE_PROFIT":23618878.57,"PRETAX_PROFIT":22632426.32,"NETCASH_OPERATE":47575444.98,"NETCASH_INVEST":-1897658.84,"NETCASH_FINANCE":-3778800.34,"END_CASH":135376118.64,"DIVI_RATIO":1.497863306375,"DIVIDEND_RATE":5.660377358491,"CURRENT_RATIO":2.552941530861,"COMMON_ACS":5000000000,"CURRENTDEBT_DEBT":87.634962118212,"ISSUED_COMMON_SHARES":408626000,"HK_COMMON_SHARES":408626000,"PER_SHARES":2000,"TOTAL_MARKET_CAP":216571780,"HKSK_MARKET_CAP":216571780,"PE_TTM":6.263463574052,"PB_TTM":0.790070590295,"REPORT_DATE_SQ":"2022-06-30 00:00:00","REPORT_TYPE_SQ":"2022年中报","OPERATE_INCOME_SQ":223930299.6,"DPS_HKD":0.03,"OPERATE_INCOME_QOQ_SQ":0,"NET_PROFIT_RATIO_SQ":2.5110060988,"HOLDER_PROFIT_SQ":6614169.72,"HOLDER_PROFIT_QOQ_SQ":0,"ROE_AVG_SQ":2.871305594001,"PE_TTM_SQ":6.844656616415,"PB_TTM_SQ":0.572695530303,"ROA_SQ":1.76537612916,"START_DATE":"2023-04-01 00:00:00","FISCAL_YEAR":"3-31","CURRENCY":"HKD","IS_CNY_CODE":0,"DPS_HKD_LY":0.02,"ORG_TYPE":"一般企业","PREMIUM_INCOME":null,"PREMIUM_INCOME_YOY":null,"NET_INTEREST_INCOME":null,"NET_INTEREST_INCOME_YOY":null,"FEE_COMMISSION_INCOME":null,"FEE_COMMISSION_INCOME_YOY":null,"ACCOUNTS_RECE_TDAYS":6.310078104366,"INVENTORY_TDAYS":2.553084174358,"CURRENT_ASSETS_TDAYS":1.037209316749,"TOTAL_ASSETS_TDAYS":0.841698385037,"PREMIUM_EXPENSE":null,"LOAN_DEPOSIT":null,"LOAN_EQUITY":null,"LOAN_ASSETS":null,"DEPOSIT_EQUITY":null,"DEPOSIT_ASSETS":null,"EQUITY_MULTIPLIER":1.580876658974,"EQUITY_RATIO":0.573954545455},{"SECUCODE":"02683.HK","SECURITY_CODE":"02683","SECURITY_NAME_ABBR":"华新手袋国际控股","ORG_CODE":"10685704","STD_REPORT_DATE":"2022-12-31 00:00:00","REPORT_DATE":"2023-03-31 00:00:00","DATE_TYPE_CODE":"001","REPORT_TYPE":"2022年年报","PER_NETCASH_OPERATE":0.047566058523,"PER_OI":0.956587007141,"BPS":0.529595778193,"BASIC_EPS":0.01838361,"DILUTED_EPS":0.01838361,"OPERATE_INCOME":390886322.38,"OPERATE_INCOME_YOY":-27.6994620992,"GROSS_PROFIT":59137447.14,"GROSS_PROFIT_YOY":-42.866556541377,"HOLDER_PROFIT":7436607.95,"HOLDER_PROFIT_YOY":-78.5176006474,"GROSS_PROFIT_RATIO":15.12906534563,"EPS_TTM":0.058436746022,"OPERATE_INCOME_QOQ":0,"NET_PROFIT_RATIO":1.3452985098,"ROE_AVG":3.354565091199,"GROSS_PROFIT_QOQ":0,"ROA":2.12542908898,"HOLDER_PROFIT_QOQ":0,"ROE_YEARLY":3.354565091199,"ROIC_YEARLY":2.916297623707,"TOTAL_ASSETS":334736649.57,"TOTAL_LIABILITIES":120649006.2,"TAX_EBT":38.03383536208,"OCF_SALES":4.972475913625,"TOTAL_PARENT_EQUITY":216406604.46,"DEBT_ASSET_RATIO":36.0429628351,"OPERATE_PROFIT":10415628.18,"PRETAX_PROFIT":8486224.54,"NETCASH_OPERATE":19436728.23,"NETCASH_INVEST":-5727807.63,"NETCASH_FINANCE":-23292909.28,"END_CASH":90204872.63,"DIVI_RATIO":0.466482168424,"DIVIDEND_RATE":5.660377358491,"CURRENT_RATIO":2.605991431078,"COMMON_ACS":5000000000,"CURRENTDEBT_DEBT":85.18429836018,"ISSUED_COMMON_SHARES":408626000,"HK_COMMON_SHARES":408626000,"PER_SHARES":2000,"TOTAL_MARKET_CAP":216571780,"HKSK_MARKET_CAP":216571780,"PE_TTM":6.263463574052,"PB_TTM":0.790070590295,"REPORT_DATE_SQ":"2021-12-31 00:00:00","REPORT_TYPE_SQ":"2021年年报","OPERATE_INCOME_SQ":500868421.86,"DPS_HKD":0.03,"OPERATE_INCOME_QOQ_SQ":0,"NET_PROFIT_RATIO_SQ":6.3769256427,"HOLDER_PROFIT_SQ":32070579.44,"HOLDER_PROFIT_QOQ_SQ":0,"ROE_AVG_SQ":15.969018230865,"PE_TTM_SQ":6.844656616415,"PB_TTM_SQ":0.572695530303,"ROA_SQ":9.996738874887,"START_DATE":"2022-04-01 00:00:00","FISCAL_YEAR":"3-31","CURRENCY":"HKD","IS_CNY_CODE":0,"DPS_HKD_LY":0.03,"ORG_TYPE":"一般企业","PREMIUM_INCOME":null,"PREMIUM_INCOME_YOY":null,"NET_INTEREST_INCOME":null,"NET_INTEREST_INCOME_YOY":null,"FEE_COMMISSION_INCOME":null,"FEE_COMMISSION_INCOME_YOY":null,"ACCOUNTS_RECE_TDAYS":11.632919966653,"INVENTORY_TDAYS":2.798692834592,"CURRENT_ASSETS_TDAYS":1.381965840667,"TOTAL_ASSETS_TDAYS":1.117177570281,"PREMIUM_EXPENSE":null,"LOAN_DEPOSIT":null,"LOAN_EQUITY":null,"LOAN_ASSETS":null,"DEPOSIT_EQUITY":null,"DEPOSIT_ASSETS":null,"EQUITY_MULTIPLIER":1.563549601933,"EQUITY_RATIO":0.557510740031},{"SECUCODE":"02683.HK","SECURITY_CODE":"02683","SECURITY_NAME_ABBR":"华新手袋国际控股","ORG_CODE":"10685704","STD_REPORT_DATE":"2022-06-30 00:00:00","REPORT_DATE":"2022-09-30 00:00:00","DATE_TYPE_CODE":"002","REPORT_TYPE":"2022年中报","PER_NETCASH_OPERATE":0.055624168898,"PER_OI":0.548007957399,"BPS":0.553601140113,"BASIC_EPS":0.01627992,"DILUTED_EPS":0.01627992,"OPERATE_INCOME":223930299.6,"OPERATE_INCOME_YOY":-21.7584209478,"GROSS_PROFIT":31668966.6,"GROSS_PROFIT_YOY":-39.005825955325,"HOLDER_PROFIT":6614169.72,"HOLDER_PROFIT_YOY":-58.8533168289,"GROSS_PROFIT_RATIO":14.142332081263,"EPS_TTM":0.078483942383,"OPERATE_INCOME_QOQ":0,"NET_PROFIT_RATIO":2.5110060988,"ROE_AVG":2.871305594001,"GROSS_PROFIT_QOQ":0,"ROA":1.76537612916,"HOLDER_PROFIT_QOQ":0,"ROE_YEARLY":5.742611188001,"ROIC_YEARLY":5.025702347573,"TOTAL_ASSETS":372177964.44,"TOTAL_LIABILITIES":147099026.04,"TAX_EBT":15.86141561781,"OCF_SALES":10.150248394523,"TOTAL_PARENT_EQUITY":226215819.48,"DEBT_ASSET_RATIO":39.5238407683,"OPERATE_PROFIT":7872245.76,"PRETAX_PROFIT":6682907.16,"NETCASH_OPERATE":22729481.64,"NETCASH_INVEST":-5124557.04,"NETCASH_FINANCE":-2485401.12,"END_CASH":118766538.6,"DIVI_RATIO":0.347328372817,"DIVIDEND_RATE":5.660377358491,"CURRENT_RATIO":2.35171937617,"COMMON_ACS":5000000000,"CURRENTDEBT_DEBT":86.378588424813,"ISSUED_COMMON_SHARES":408626000,"HK_COMMON_SHARES":408626000,"PER_SHARES":2000,"TOTAL_MARKET_CAP":216571780,"HKSK_MARKET_CAP":216571780,"PE_TTM":6.263463574052,"PB_TTM":0.790070590295,"REPORT_DATE_SQ":"2021-06-30 00:00:00","REPORT_TYPE_SQ":"2021年中报","OPERATE_INCOME_SQ":263616005.58,"DPS_HKD":0.03,"OPERATE_INCOME_QOQ_SQ":0,"NET_PROFIT_RATIO_SQ":5.6164933337,"HOLDER_PROFIT_SQ":14805975.38,"HOLDER_PROFIT_QOQ_SQ":0,"ROE_AVG_SQ":7.380737326232,"PE_TTM_SQ":6.844656616415,"PB_TTM_SQ":0.572695530303,"ROA_SQ":4.369911952655,"START_DATE":"2022-04-01 00:00:00","FISCAL_YEAR":"3-31","CURRENCY":"HKD","IS_CNY_CODE":0,"DPS_HKD_LY":0.03,"ORG_TYPE":"一般企业","PREMIUM_INCOME":null,"PREMIUM_INCOME_YOY":null,"NET_INTEREST_INCOME":null,"NET_INTEREST_INCOME_YOY":null,"FEE_COMMISSION_INCOME":null,"FEE_COMMISSION_INCOME_YOY":null,"ACCOUNTS_RECE_TDAYS":6.490588790437,"INVENTORY_TDAYS":1.558479167736,"CURRENT_ASSETS_TDAYS":0.738361611996,"TOTAL_ASSETS_TDAYS":0.597688330123,"PREMIUM_EXPENSE":null,"LOAN_DEPOSIT":null,"LOAN_EQUITY":null,"LOAN_ASSETS":null,"DEPOSIT_EQUITY":null,"DEPOSIT_ASSETS":null,"EQUITY_MULTIPLIER":1.653544161376,"EQUITY_RATIO":0.65025967847},{"SECUCODE":"02683.HK","SECURITY_CODE":"02683","SECURITY_NAME_ABBR":"华新手袋国际控股","ORG_CODE":"10685704","STD_REPORT_DATE":"2021-12-31 00:00:00","REPORT_DATE":"2022-03-31 00:00:00","DATE_TYPE_CODE":"001","REPORT_TYPE":"2021年年报","PER_NETCASH_OPERATE":0.074065945828,"PER_OI":1.22573801437,"BPS":0.514575530387,"BASIC_EPS":0.07866797,"DILUTED_EPS":0.07866797,"OPERATE_INCOME":500868421.86,"OPERATE_INCOME_YOY":52.9272514319,"GROSS_PROFIT":103507584.28,"GROSS_PROFIT_YOY":82.214361788577,"HOLDER_PROFIT":32070579.44,"HOLDER_PROFIT_YOY":610.9672779576,"GROSS_PROFIT_RATIO":20.665623896915,"EPS_TTM":0.046542065899,"OPERATE_INCOME_QOQ":0,"NET_PROFIT_RATIO":6.3769256427,"ROE_AVG":15.969018230865,"GROSS_PROFIT_QOQ":0,"ROA":9.996738874887,"HOLDER_PROFIT_QOQ":0,"ROE_YEARLY":15.969018230865,"ROIC_YEARLY":14.021899466697,"TOTAL_ASSETS":338183870.91,"TOTAL_LIABILITIES":128045502.84,"TAX_EBT":24.751132086287,"OCF_SALES":6.042559254905,"TOTAL_PARENT_EQUITY":210268940.68,"DEBT_ASSET_RATIO":37.8626876839,"OPERATE_PROFIT":44118944,"PRETAX_PROFIT":42445830.37,"NETCASH_OPERATE":30265271.18,"NETCASH_INVEST":-9824575.14,"NETCASH_FINANCE":-16525950.77,"END_CASH":94520782.47,"DIVI_RATIO":0.585700257896,"DIVIDEND_RATE":5.660377358491,"CURRENT_RATIO":2.4777609484,"COMMON_ACS":5000000000,"CURRENTDEBT_DEBT":86.979047908591,"ISSUED_COMMON_SHARES":408626000,"HK_COMMON_SHARES":408626000,"PER_SHARES":2000,"TOTAL_MARKET_CAP":216571780,"HKSK_MARKET_CAP":216571780,"PE_TTM":6.263463574052,"PB_TTM":0.790070590295,"REPORT_DATE_SQ":"2020-12-31 00:00:00","REPORT_TYPE_SQ":"2020年年报","OPERATE_INCOME_SQ":341320026.74,"DPS_HKD":0.03,"OPERATE_INCOME_QOQ_SQ":0,"NET_PROFIT_RATIO_SQ":1.3772678987,"HOLDER_PROFIT_SQ":4700891.16,"HOLDER_PROFIT_QOQ_SQ":0,"ROE_AVG_SQ":2.347395054095,"PE_TTM_SQ":6.844656616415,"PB_TTM_SQ":0.572695530303,"ROA_SQ":1.433861772322,"START_DATE":"2021-04-01 00:00:00","FISCAL_YEAR":"3-31","CURRENCY":"HKD","IS_CNY_CODE":0,"DPS_HKD_LY":0.01,"ORG_TYPE":"一般企业","PREMIUM_INCOME":null,"PREMIUM_INCOME_YOY":null,"NET_INTEREST_INCOME":null,"NET_INTEREST_INCOME_YOY":null,"FEE_COMMISSION_INCOME":null,"FEE_COMMISSION_INCOME_YOY":null,"ACCOUNTS_RECE_TDAYS":14.961444819943,"INVENTORY_TDAYS":3.83200309715,"CURRENT_ASSETS_TDAYS":1.9251103862,"TOTAL_ASSETS_TDAYS":1.561259856055,"PREMIUM_EXPENSE":null,"LOAN_DEPOSIT":null,"LOAN_EQUITY":null,"LOAN_ASSETS":null,"DEPOSIT_EQUITY":null,"DEPOSIT_ASSETS":null,"EQUITY_MULTIPLIER":1.609338998946,"EQUITY_RATIO":0.608960612185},{"SECUCODE":"02683.HK","SECURITY_CODE":"02683","SECURITY_NAME_ABBR":"华新手袋国际控股","ORG_CODE":"10685704","STD_REPORT_DATE":"2021-06-30 00:00:00","REPORT_DATE":"2021-09-30 00:00:00","DATE_TYPE_CODE":"002","REPORT_TYPE":"2021年中报","PER_NETCASH_OPERATE":-0.037275330106,"PER_OI":0.645127832248,"BPS":0.500729759829,"BASIC_EPS":0.03582158,"DILUTED_EPS":0.03582158,"OPERATE_INCOME":263616005.58,"OPERATE_INCOME_YOY":75.8974330469,"GROSS_PROFIT":51921297.56,"GROSS_PROFIT_YOY":140.427326814559,"HOLDER_PROFIT":14805975.38,"HOLDER_PROFIT_YOY":3096.5827338129,"GROSS_PROFIT_RATIO":19.695806195745,"EPS_TTM":0.011504141097,"OPERATE_INCOME_QOQ":0,"NET_PROFIT_RATIO":5.6164933337,"ROE_AVG":7.380737326232,"GROSS_PROFIT_QOQ":0,"ROA":4.369911952655,"HOLDER_PROFIT_QOQ":0,"ROE_YEARLY":14.761474652464,"ROIC_YEARLY":11.630802353907,"TOTAL_ASSETS":365945763.74,"TOTAL_LIABILITIES":161334564.9,"TAX_EBT":19.429711228977,"OCF_SALES":-5.77797581239,"TOTAL_PARENT_EQUITY":204611198.84,"DEBT_ASSET_RATIO":44.0870153137,"OPERATE_PROFIT":19230357.04,"PRETAX_PROFIT":18376470.54,"NETCASH_OPERATE":-15231669.04,"NETCASH_INVEST":-179940.96,"NETCASH_FINANCE":-1659455.52,"END_CASH":76197499.02,"DIVI_RATIO":2.369555429613,"DIVIDEND_RATE":5.660377358491,"CURRENT_RATIO":2.147616032162,"COMMON_ACS":5000000000,"CURRENTDEBT_DEBT":88.879766607286,"ISSUED_COMMON_SHARES":408626000,"HK_COMMON_SHARES":408626000,"PER_SHARES":2000,"TOTAL_MARKET_CAP":216571780,"HKSK_MARKET_CAP":216571780,"PE_TTM":6.263463574052,"PB_TTM":0.790070590295,"REPORT_DATE_SQ":"2020-06-30 00:00:00","REPORT_TYPE_SQ":"2020年中报","OPERATE_INCOME_SQ":158083485.44,"DPS_HKD":0.03,"OPERATE_INCOME_QOQ_SQ":0,"NET_PROFIT_RATIO_SQ":0.3090571533,"HOLDER_PROFIT_SQ":488568.32,"HOLDER_PROFIT_QOQ_SQ":0,"ROE_AVG_SQ":0.237342616446,"PE_TTM_SQ":6.844656616415,"PB_TTM_SQ":0.572695530303,"ROA_SQ":0.145670049478,"START_DATE":"2021-04-01 00:00:00","FISCAL_YEAR":"3-31","CURRENCY":"HKD","IS_CNY_CODE":0,"DPS_HKD_LY":0.01,"ORG_TYPE":"一般企业","PREMIUM_INCOME":null,"PREMIUM_INCOME_YOY":null,"NET_INTEREST_INCOME":null,"NET_INTEREST_INCOME_YOY":null,"FEE_COMMISSION_INCOME":null,"FEE_COMMISSION_INCOME_YOY":null,"ACCOUNTS_RECE_TDAYS":4.751432067808,"INVENTORY_TDAYS":1.980562017996,"CURRENT_ASSETS_TDAYS":0.943174316001,"TOTAL_ASSETS_TDAYS":0.778049877924,"PREMIUM_EXPENSE":null,"LOAN_DEPOSIT":null,"LOAN_EQUITY":null,"LOAN_ASSETS":null,"DEPOSIT_EQUITY":null,"DEPOSIT_ASSETS":null,"EQUITY_MULTIPLIER":1.788493326927,"EQUITY_RATIO":0.788493326928},{"SECUCODE":"02683.HK","SECURITY_CODE":"02683","SECURITY_NAME_ABBR":"华新手袋国际控股","ORG_CODE":"10685704","STD_REPORT_DATE":"2020-12-31 00:00:00","REPORT_DATE":"2021-03-31 00:00:00","DATE_TYPE_CODE":"001","REPORT_TYPE":"2020年年报","PER_NETCASH_OPERATE":0.082640769065,"PER_OI":0.835287100527,"BPS":0.488111068263,"BASIC_EPS":0.01183252,"DILUTED_EPS":0.01183252,"OPERATE_INCOME":341320026.74,"OPERATE_INCOME_YOY":-46.5923518023,"GROSS_PROFIT":56805392.98,"GROSS_PROFIT_YOY":-51.547223413505,"HOLDER_PROFIT":4700891.16,"HOLDER_PROFIT_YOY":-49.8286126646,"GROSS_PROFIT_RATIO":16.642853782287,"EPS_TTM":-0.030435231899,"OPERATE_INCOME_QOQ":0,"NET_PROFIT_RATIO":1.3772678987,"ROE_AVG":2.347395054095,"GROSS_PROFIT_QOQ":0,"ROA":1.433861772322,"HOLDER_PROFIT_QOQ":0,"ROE_YEARLY":2.347395054095,"ROIC_YEARLY":1.91602822025,"TOTAL_ASSETS":316221561.46,"TOTAL_LIABILITIES":116766688.08,"TAX_EBT":39.615676908045,"OCF_SALES":9.893696312676,"TOTAL_PARENT_EQUITY":199454873.38,"DEBT_ASSET_RATIO":36.9255934165,"OPERATE_PROFIT":9401782.32,"PRETAX_PROFIT":7784952.98,"NETCASH_OPERATE":33769166.9,"NETCASH_INVEST":-835037.84,"NETCASH_FINANCE":-13118038.78,"END_CASH":93578329.6,"DIVI_RATIO":-0.895662635014,"DIVIDEND_RATE":5.660377358491,"CURRENT_RATIO":2.607713675029,"COMMON_ACS":5000000000,"CURRENTDEBT_DEBT":83.645299516489,"ISSUED_COMMON_SHARES":408626000,"HK_COMMON_SHARES":408626000,"PER_SHARES":2000,"TOTAL_MARKET_CAP":216571780,"HKSK_MARKET_CAP":216571780,"PE_TTM":6.263463574052,"PB_TTM":0.790070590295,"REPORT_DATE_SQ":"2019-12-31 00:00:00","REPORT_TYPE_SQ":"2019年年报","OPERATE_INCOME_SQ":690896082.4,"DPS_HKD":0.03,"OPERATE_INCOME_QOQ_SQ":0,"NET_PROFIT_RATIO_SQ":1.4661073435,"HOLDER_PROFIT_SQ":10129278.2,"HOLDER_PROFIT_QOQ_SQ":0,"ROE_AVG_SQ":4.603151535283,"PE_TTM_SQ":6.844656616415,"PB_TTM_SQ":0.572695530303,"ROA_SQ":2.494874547374,"START_DATE":"2020-04-01 00:00:00","FISCAL_YEAR":"3-31","CURRENCY":"HKD","IS_CNY_CODE":0,"DPS_HKD_LY":0.01,"ORG_TYPE":"一般企业","PREMIUM_INCOME":null,"PREMIUM_INCOME_YOY":null,"NET_INTEREST_INCOME":null,"NET_INTEREST_INCOME_YOY":null,"FEE_COMMISSION_INCOME":null,"FEE_COMMISSION_INCOME_YOY":null,"ACCOUNTS_RECE_TDAYS":5.986362389843,"INVENTORY_TDAYS":3.097517436832,"CURRENT_ASSETS_TDAYS":1.30115796528,"TOTAL_ASSETS_TDAYS":1.041091405466,"PREMIUM_EXPENSE":null,"LOAN_DEPOSIT":null,"LOAN_EQUITY":null,"LOAN_ASSETS":null,"DEPOSIT_EQUITY":null,"DEPOSIT_ASSETS":null,"EQUITY_MULTIPLIER":1.585429105347,"EQUITY_RATIO":0.585429105347},{"SECUCODE":"02683.HK","SECURITY_CODE":"02683","SECURITY_NAME_ABBR":"华新手袋国际控股","ORG_CODE":"10685704","STD_REPORT_DATE":"2020-06-30 00:00:00","REPORT_DATE":"2020-09-30 00:00:00","DATE_TYPE_CODE":"002","REPORT_TYPE":"2020年中报","PER_NETCASH_OPERATE":0.038116301948,"PER_OI":0.386865949401,"BPS":0.495942010543,"BASIC_EPS":0.00087872,"DILUTED_EPS":0.00087872,"OPERATE_INCOME":158083485.44,"OPERATE_INCOME_YOY":-59.562588505,"GROSS_PROFIT":21595422.72,"GROSS_PROFIT_YOY":-68.522121398964,"HOLDER_PROFIT":488568.32,"HOLDER_PROFIT_YOY":-97.8246410266,"GROSS_PROFIT_RATIO":13.660770864137,"EPS_TTM":0.024788628722,"OPERATE_INCOME_QOQ":0,"NET_PROFIT_RATIO":0.3090571533,"ROE_AVG":0.237342616446,"GROSS_PROFIT_QOQ":0,"ROA":0.145670049478,"HOLDER_PROFIT_QOQ":0,"ROE_YEARLY":0.474685232892,"ROIC_YEARLY":0.382515070991,"TOTAL_ASSETS":317840932.48,"TOTAL_LIABILITIES":115186132.48,"TAX_EBT":68.587570621469,"OCF_SALES":9.852586408156,"TOTAL_PARENT_EQUITY":202654800,"DEBT_ASSET_RATIO":36.2401820248,"OPERATE_PROFIT":2420873.6,"PRETAX_PROFIT":1555334.4,"NETCASH_OPERATE":15575312,"NETCASH_INVEST":-42178.56,"NETCASH_FINANCE":-4810113.28,"END_CASH":85625112.96,"DIVI_RATIO":1.099685678709,"DIVIDEND_RATE":5.660377358491,"CURRENT_RATIO":2.652582028076,"COMMON_ACS":5000000000,"CURRENTDEBT_DEBT":81.678160568796,"ISSUED_COMMON_SHARES":408626000,"HK_COMMON_SHARES":408626000,"PER_SHARES":2000,"TOTAL_MARKET_CAP":216571780,"HKSK_MARKET_CAP":216571780,"PE_TTM":6.263463574052,"PB_TTM":0.790070590295,"REPORT_DATE_SQ":"2019-06-30 00:00:00","REPORT_TYPE_SQ":"2019年中报","OPERATE_INCOME_SQ":401295228.9,"DPS_HKD":0.03,"OPERATE_INCOME_QOQ_SQ":0,"NET_PROFIT_RATIO_SQ":5.7450156218,"HOLDER_PROFIT_SQ":23054473.59,"HOLDER_PROFIT_QOQ_SQ":0,"ROE_AVG_SQ":10.307149755922,"PE_TTM_SQ":6.844656616415,"PB_TTM_SQ":0.572695530303,"ROA_SQ":5.022253224998,"START_DATE":"2020-04-01 00:00:00","FISCAL_YEAR":"3-31","CURRENCY":"HKD","IS_CNY_CODE":0,"DPS_HKD_LY":0.01,"ORG_TYPE":"一般企业","PREMIUM_INCOME":null,"PREMIUM_INCOME_YOY":null,"NET_INTEREST_INCOME":null,"NET_INTEREST_INCOME_YOY":null,"FEE_COMMISSION_INCOME":null,"FEE_COMMISSION_INCOME_YOY":null,"ACCOUNTS_RECE_TDAYS":2.398213690595,"INVENTORY_TDAYS":1.599402769912,"CURRENT_ASSETS_TDAYS":0.596296308572,"TOTAL_ASSETS_TDAYS":0.471336928799,"PREMIUM_EXPENSE":null,"LOAN_DEPOSIT":null,"LOAN_EQUITY":null,"LOAN_ASSETS":null,"DEPOSIT_EQUITY":null,"DEPOSIT_ASSETS":null,"EQUITY_MULTIPLIER":1.56838590786,"EQUITY_RATIO":0.568385907859}],"count":18},"success":true,"message":"ok","code":0}