{"version":"92b546fa555582791ec13c2b1a9530a9","result":{"pages":3,"data":[{"SECUCODE":"02696.HK","SECURITY_CODE":"02696","SECURITY_NAME_ABBR":"复宏汉霖","ORG_CODE":"10391637","STD_REPORT_DATE":"2024-06-30 00:00:00","REPORT_DATE":"2024-06-30 00:00:00","DATE_TYPE_CODE":"002","REPORT_TYPE":"2024年中报","PER_NETCASH_OPERATE":0.462309805904,"PER_OI":5.052686303912,"BPS":4.743848052596,"BASIC_EPS":0.71,"DILUTED_EPS":0.71,"OPERATE_INCOME":2746109000,"OPERATE_INCOME_YOY":9.8237131419,"GROSS_PROFIT":1990695000,"GROSS_PROFIT_YOY":11.910230983027,"HOLDER_PROFIT":386301000,"HOLDER_PROFIT_YOY":60.972164347,"GROSS_PROFIT_RATIO":72.491477942063,"EPS_TTM":1.273866709461,"OPERATE_INCOME_QOQ":4.553162991257,"NET_PROFIT_RATIO":14.0672129184,"ROE_AVG":16.19521238396,"GROSS_PROFIT_QOQ":5.406327503058,"ROA":3.885676901924,"HOLDER_PROFIT_QOQ":26.797785425049,"ROE_YEARLY":32.39042476792,"ROIC_YEARLY":8.468626674779,"TOTAL_ASSETS":9979760000,"TOTAL_LIABILITIES":7401503000,"TAX_EBT":2.37972495565,"OCF_SALES":9.149782474039,"TOTAL_PARENT_EQUITY":2578257000,"DEBT_ASSET_RATIO":74.1651402439,"OPERATE_PROFIT":458514000,"PRETAX_PROFIT":395718000,"NETCASH_OPERATE":251263000,"NETCASH_INVEST":-663655000,"NETCASH_FINANCE":-145815000,"END_CASH":313911000,"DIVI_RATIO":null,"DIVIDEND_RATE":null,"CURRENT_RATIO":0.488800008158,"COMMON_ACS":null,"CURRENTDEBT_DEBT":66.242626666503,"ISSUED_COMMON_SHARES":543494853,"HK_COMMON_SHARES":163428541,"PER_SHARES":100,"TOTAL_MARKET_CAP":11386217170.35,"HKSK_MARKET_CAP":3423827933.95,"PE_TTM":14.874298134603,"PB_TTM":4.030619401803,"REPORT_DATE_SQ":"2023-06-30 00:00:00","REPORT_TYPE_SQ":"2023年中报","OPERATE_INCOME_SQ":2500470000,"DPS_HKD":null,"OPERATE_INCOME_QOQ_SQ":37.67271279392,"NET_PROFIT_RATIO_SQ":9.5973956896,"HOLDER_PROFIT_SQ":239980000,"HOLDER_PROFIT_QOQ_SQ":70.775782837763,"ROE_AVG_SQ":13.61254614116,"PE_TTM_SQ":156.892978791461,"PB_TTM_SQ":3.136946713939,"ROA_SQ":2.592053376555,"START_DATE":"2024-01-01 00:00:00","FISCAL_YEAR":"12-31","CURRENCY":"HKD","IS_CNY_CODE":0,"DPS_HKD_LY":null,"ORG_TYPE":"一般企业","PREMIUM_INCOME":null,"PREMIUM_INCOME_YOY":null,"NET_INTEREST_INCOME":null,"NET_INTEREST_INCOME_YOY":null,"FEE_COMMISSION_INCOME":null,"FEE_COMMISSION_INCOME_YOY":null,"ACCOUNTS_RECE_TDAYS":3.945760164491,"INVENTORY_TDAYS":0.980617775153,"CURRENT_ASSETS_TDAYS":1.082723750413,"TOTAL_ASSETS_TDAYS":0.276222228559,"PREMIUM_EXPENSE":null,"LOAN_DEPOSIT":null,"LOAN_EQUITY":null,"LOAN_ASSETS":null,"DEPOSIT_EQUITY":null,"DEPOSIT_ASSETS":null,"EQUITY_MULTIPLIER":3.87073903029,"EQUITY_RATIO":2.870739030283},{"SECUCODE":"02696.HK","SECURITY_CODE":"02696","SECURITY_NAME_ABBR":"复宏汉霖","ORG_CODE":"10391637","STD_REPORT_DATE":"2023-12-31 00:00:00","REPORT_DATE":"2023-12-31 00:00:00","DATE_TYPE_CODE":"001","REPORT_TYPE":"2023年年报","PER_NETCASH_OPERATE":1.928115775551,"PER_OI":9.926329513925,"BPS":4.033710692749,"BASIC_EPS":1.01,"DILUTED_EPS":1,"OPERATE_INCOME":5394909000,"OPERATE_INCOME_YOY":67.8184170988,"GROSS_PROFIT":3918797000,"GROSS_PROFIT_YOY":65.3424800294,"HOLDER_PROFIT":546019000,"HOLDER_PROFIT_YOY":178.5346180344,"GROSS_PROFIT_RATIO":72.638797058486,"EPS_TTM":1.004644288692,"OPERATE_INCOME_QOQ":7.718914183017,"NET_PROFIT_RATIO":10.1210048214,"ROE_AVG":28.522921888831,"GROSS_PROFIT_QOQ":10.393063609868,"ROA":5.80011163233,"HOLDER_PROFIT_QOQ":892.130462432997,"ROE_YEARLY":28.522921888831,"ROIC_YEARLY":6.363955715869,"TOTAL_ASSETS":9903571000,"TOTAL_LIABILITIES":7711270000,"TAX_EBT":4.136220148952,"OCF_SALES":19.424257202485,"TOTAL_PARENT_EQUITY":2192301000,"DEBT_ASSET_RATIO":77.8635302357,"OPERATE_PROFIT":680117000,"PRETAX_PROFIT":569578000,"NETCASH_OPERATE":1047921000,"NETCASH_INVEST":-1004437000,"NETCASH_FINANCE":144431000,"END_CASH":867663000,"DIVI_RATIO":null,"DIVIDEND_RATE":null,"CURRENT_RATIO":0.52808433777,"COMMON_ACS":null,"CURRENTDEBT_DEBT":65.714635851163,"ISSUED_COMMON_SHARES":543494853,"HK_COMMON_SHARES":163428541,"PER_SHARES":100,"TOTAL_MARKET_CAP":12853653273.45,"HKSK_MARKET_CAP":3865084994.65,"PE_TTM":16.791272118537,"PB_TTM":4.550078704184,"REPORT_DATE_SQ":"2022-12-31 00:00:00","REPORT_TYPE_SQ":"2022年年报","OPERATE_INCOME_SQ":3214730000,"DPS_HKD":null,"OPERATE_INCOME_QOQ_SQ":37.483208746976,"NET_PROFIT_RATIO_SQ":-21.6272906278,"HOLDER_PROFIT_SQ":-695259000,"HOLDER_PROFIT_QOQ_SQ":17.458061758735,"ROE_AVG_SQ":-35.354357695531,"PE_TTM_SQ":165.879109155678,"PB_TTM_SQ":3.316617036565,"ROA_SQ":-8.63828582845,"START_DATE":"2023-01-01 00:00:00","FISCAL_YEAR":"12-31","CURRENCY":"HKD","IS_CNY_CODE":0,"DPS_HKD_LY":null,"ORG_TYPE":"一般企业","PREMIUM_INCOME":null,"PREMIUM_INCOME_YOY":null,"NET_INTEREST_INCOME":null,"NET_INTEREST_INCOME_YOY":null,"FEE_COMMISSION_INCOME":null,"FEE_COMMISSION_INCOME_YOY":null,"ACCOUNTS_RECE_TDAYS":9.779258739624,"INVENTORY_TDAYS":1.949085973126,"CURRENT_ASSETS_TDAYS":2.216672617612,"TOTAL_ASSETS_TDAYS":0.573076659352,"PREMIUM_EXPENSE":null,"LOAN_DEPOSIT":null,"LOAN_EQUITY":null,"LOAN_ASSETS":null,"DEPOSIT_EQUITY":null,"DEPOSIT_ASSETS":null,"EQUITY_MULTIPLIER":4.517432140931,"EQUITY_RATIO":3.517432140933},{"SECUCODE":"02696.HK","SECURITY_CODE":"02696","SECURITY_NAME_ABBR":"复宏汉霖","ORG_CODE":"10391637","STD_REPORT_DATE":"2023-09-30 00:00:00","REPORT_DATE":"2023-09-30 00:00:00","DATE_TYPE_CODE":"004","REPORT_TYPE":"2023年三季报","PER_NETCASH_OPERATE":1.052593224834,"PER_OI":7.226949764693,"BPS":3.779401016701,"BASIC_EPS":0.75,"DILUTED_EPS":0.75,"OPERATE_INCOME":3927810000,"OPERATE_INCOME_YOY":84.0396885231,"GROSS_PROFIT":2799291000,"GROSS_PROFIT_YOY":72.8446066851,"HOLDER_PROFIT":407795000,"HOLDER_PROFIT_YOY":219.0645812105,"GROSS_PROFIT_RATIO":71.268493129759,"EPS_TTM":0.101261308541,"OPERATE_INCOME_QOQ":13.16178341301,"NET_PROFIT_RATIO":10.3822486322,"ROE_AVG":22.100212523409,"GROSS_PROFIT_QOQ":12.154282442951,"ROA":4.407026407846,"HOLDER_PROFIT_QOQ":127.086286321758,"ROE_YEARLY":29.466950031212,"ROIC_YEARLY":4.76591424954,"TOTAL_ASSETS":9582275000,"TOTAL_LIABILITIES":7528190000,"TAX_EBT":0.96077483722,"OCF_SALES":14.564833838704,"TOTAL_PARENT_EQUITY":2054085000,"DEBT_ASSET_RATIO":78.5637022523,"OPERATE_PROFIT":494298000,"PRETAX_PROFIT":411751000,"NETCASH_OPERATE":572079000,"NETCASH_INVEST":-827156000,"NETCASH_FINANCE":156481000,"END_CASH":586122000,"DIVI_RATIO":null,"DIVIDEND_RATE":null,"CURRENT_RATIO":0.498924740213,"COMMON_ACS":null,"CURRENTDEBT_DEBT":66.431864764306,"ISSUED_COMMON_SHARES":543494853,"HK_COMMON_SHARES":163428541,"PER_SHARES":100,"TOTAL_MARKET_CAP":12092760479.25,"HKSK_MARKET_CAP":3636285037.25,"PE_TTM":15.797285608349,"PB_TTM":4.280729436283,"REPORT_DATE_SQ":"2022-09-30 00:00:00","REPORT_TYPE_SQ":"2022年三季报","OPERATE_INCOME_SQ":2134219000,"DPS_HKD":null,"OPERATE_INCOME_QOQ_SQ":0,"NET_PROFIT_RATIO_SQ":-16.0479782065,"HOLDER_PROFIT_SQ":-342499000,"HOLDER_PROFIT_QOQ_SQ":0,"ROE_AVG_SQ":null,"PE_TTM_SQ":150.578400697687,"PB_TTM_SQ":3.010691892635,"ROA_SQ":null,"START_DATE":"2023-01-01 00:00:00","FISCAL_YEAR":"12-31","CURRENCY":"HKD","IS_CNY_CODE":0,"DPS_HKD_LY":null,"ORG_TYPE":"一般企业","PREMIUM_INCOME":null,"PREMIUM_INCOME_YOY":null,"NET_INTEREST_INCOME":null,"NET_INTEREST_INCOME_YOY":null,"FEE_COMMISSION_INCOME":null,"FEE_COMMISSION_INCOME_YOY":null,"ACCOUNTS_RECE_TDAYS":6.175452332887,"INVENTORY_TDAYS":1.477382099431,"CURRENT_ASSETS_TDAYS":1.676143437536,"TOTAL_ASSETS_TDAYS":0.424477063108,"PREMIUM_EXPENSE":null,"LOAN_DEPOSIT":null,"LOAN_EQUITY":null,"LOAN_ASSETS":null,"DEPOSIT_EQUITY":null,"DEPOSIT_ASSETS":null,"EQUITY_MULTIPLIER":4.664984652526,"EQUITY_RATIO":3.664984652534},{"SECUCODE":"02696.HK","SECURITY_CODE":"02696","SECURITY_NAME_ABBR":"复宏汉霖","ORG_CODE":"10391637","STD_REPORT_DATE":"2023-06-30 00:00:00","REPORT_DATE":"2023-06-30 00:00:00","DATE_TYPE_CODE":"002","REPORT_TYPE":"2023年中报","PER_NETCASH_OPERATE":0.611707724857,"PER_OI":4.600724342094,"BPS":3.476634580015,"BASIC_EPS":0.44,"DILUTED_EPS":0.44,"OPERATE_INCOME":2500470000,"OPERATE_INCOME_YOY":93.9259838343,"GROSS_PROFIT":1778832000,"GROSS_PROFIT_YOY":80.815117124168,"HOLDER_PROFIT":239980000,"HOLDER_PROFIT_YOY":195.1942720006,"GROSS_PROFIT_RATIO":71.139905697729,"EPS_TTM":-0.373847146626,"OPERATE_INCOME_QOQ":37.67271279392,"NET_PROFIT_RATIO":9.5973956896,"ROE_AVG":13.61254614116,"GROSS_PROFIT_QOQ":33.544744144679,"ROA":2.592053376555,"HOLDER_PROFIT_QOQ":70.775782837763,"ROE_YEARLY":27.225092282319,"ROIC_YEARLY":5.621141657665,"TOTAL_ASSETS":9592286000,"TOTAL_LIABILITIES":7702753000,"TAX_EBT":1.62173684901,"OCF_SALES":13.29590037073,"TOTAL_PARENT_EQUITY":1889533000,"DEBT_ASSET_RATIO":80.3015360468,"OPERATE_PROFIT":298020000,"PRETAX_PROFIT":243936000,"NETCASH_OPERATE":332460000,"NETCASH_INVEST":-543905000,"NETCASH_FINANCE":156497000,"END_CASH":632156000,"DIVI_RATIO":null,"DIVIDEND_RATE":null,"CURRENT_RATIO":0.5281945353,"COMMON_ACS":null,"CURRENTDEBT_DEBT":64.320548770031,"ISSUED_COMMON_SHARES":543494853,"HK_COMMON_SHARES":163428541,"PER_SHARES":100,"TOTAL_MARKET_CAP":12853653273.45,"HKSK_MARKET_CAP":3865084994.65,"PE_TTM":16.791272118537,"PB_TTM":4.550078704184,"REPORT_DATE_SQ":"2022-06-30 00:00:00","REPORT_TYPE_SQ":"2022年中报","OPERATE_INCOME_SQ":1289394000,"DPS_HKD":null,"OPERATE_INCOME_QOQ_SQ":38.978300976183,"NET_PROFIT_RATIO_SQ":-19.5514326885,"HOLDER_PROFIT_SQ":-252095000,"HOLDER_PROFIT_QOQ_SQ":14.403913614321,"ROE_AVG_SQ":-11.524877611464,"PE_TTM_SQ":165.879109155678,"PB_TTM_SQ":3.316617036565,"ROA_SQ":-3.283143607888,"START_DATE":"2023-01-01 00:00:00","FISCAL_YEAR":"12-31","CURRENCY":"HKD","IS_CNY_CODE":0,"DPS_HKD_LY":null,"ORG_TYPE":"一般企业","PREMIUM_INCOME":null,"PREMIUM_INCOME_YOY":null,"NET_INTEREST_INCOME":null,"NET_INTEREST_INCOME_YOY":null,"FEE_COMMISSION_INCOME":null,"FEE_COMMISSION_INCOME_YOY":null,"ACCOUNTS_RECE_TDAYS":3.787847687461,"INVENTORY_TDAYS":0.925596408116,"CURRENT_ASSETS_TDAYS":1.040030096973,"TOTAL_ASSETS_TDAYS":0.270078827672,"PREMIUM_EXPENSE":null,"LOAN_DEPOSIT":null,"LOAN_EQUITY":null,"LOAN_ASSETS":null,"DEPOSIT_EQUITY":null,"DEPOSIT_ASSETS":null,"EQUITY_MULTIPLIER":5.076537959385,"EQUITY_RATIO":4.076537959379},{"SECUCODE":"02696.HK","SECURITY_CODE":"02696","SECURITY_NAME_ABBR":"复宏汉霖","ORG_CODE":"10391637","STD_REPORT_DATE":"2022-12-31 00:00:00","REPORT_DATE":"2022-12-31 00:00:00","DATE_TYPE_CODE":"001","REPORT_TYPE":"2022年年报","PER_NETCASH_OPERATE":1.806125659851,"PER_OI":5.914922620252,"BPS":3.010758962974,"BASIC_EPS":-1.28,"DILUTED_EPS":-1.28,"OPERATE_INCOME":3214730000,"OPERATE_INCOME_YOY":91.0718276441,"GROSS_PROFIT":2370109000,"GROSS_PROFIT_YOY":104.368366956276,"HOLDER_PROFIT":-695259000,"HOLDER_PROFIT_YOY":29.3473312386,"GROSS_PROFIT_RATIO":73.726533799106,"EPS_TTM":-1.279237505493,"OPERATE_INCOME_QOQ":37.483208746976,"NET_PROFIT_RATIO":-21.6272906278,"ROE_AVG":-35.354357695531,"GROSS_PROFIT_QOQ":36.895197971965,"ROA":-8.63828582845,"HOLDER_PROFIT_QOQ":17.458061758735,"ROE_YEARLY":-35.354357695531,"ROIC_YEARLY":-9.453299097492,"TOTAL_ASSETS":8924308000,"TOTAL_LIABILITIES":7287976000,"TAX_EBT":-0.197726719192,"OCF_SALES":30.535068263898,"TOTAL_PARENT_EQUITY":1636332000,"DEBT_ASSET_RATIO":81.6643262424,"OPERATE_PROFIT":-588215000,"PRETAX_PROFIT":-693887000,"NETCASH_OPERATE":981620000,"NETCASH_INVEST":-1358731000,"NETCASH_FINANCE":858016000,"END_CASH":673476000,"DIVI_RATIO":null,"DIVIDEND_RATE":null,"CURRENT_RATIO":0.438170113512,"COMMON_ACS":null,"CURRENTDEBT_DEBT":68.62780558004,"ISSUED_COMMON_SHARES":543494853,"HK_COMMON_SHARES":163428541,"PER_SHARES":100,"TOTAL_MARKET_CAP":12853653273.45,"HKSK_MARKET_CAP":3865084994.65,"PE_TTM":16.791272118537,"PB_TTM":4.550078704184,"REPORT_DATE_SQ":"2021-12-31 00:00:00","REPORT_TYPE_SQ":"2021年年报","OPERATE_INCOME_SQ":1682472000,"DPS_HKD":null,"OPERATE_INCOME_QOQ_SQ":51.466390106492,"NET_PROFIT_RATIO_SQ":-58.4884622151,"HOLDER_PROFIT_SQ":-984052000,"HOLDER_PROFIT_QOQ_SQ":-4.753692798351,"ROE_AVG_SQ":-35.812828175928,"PE_TTM_SQ":165.879109155678,"PB_TTM_SQ":3.316617036565,"ROA_SQ":-14.458574113174,"START_DATE":"2022-01-01 00:00:00","FISCAL_YEAR":"12-31","CURRENCY":"HKD","IS_CNY_CODE":0,"DPS_HKD_LY":null,"ORG_TYPE":"一般企业","PREMIUM_INCOME":null,"PREMIUM_INCOME_YOY":null,"NET_INTEREST_INCOME":null,"NET_INTEREST_INCOME_YOY":null,"FEE_COMMISSION_INCOME":null,"FEE_COMMISSION_INCOME_YOY":null,"ACCOUNTS_RECE_TDAYS":8.558349417637,"INVENTORY_TDAYS":1.434693024773,"CURRENT_ASSETS_TDAYS":1.674905130668,"TOTAL_ASSETS_TDAYS":0.399415996072,"PREMIUM_EXPENSE":null,"LOAN_DEPOSIT":null,"LOAN_EQUITY":null,"LOAN_ASSETS":null,"DEPOSIT_EQUITY":null,"DEPOSIT_ASSETS":null,"EQUITY_MULTIPLIER":5.453849218851,"EQUITY_RATIO":4.453849218863},{"SECUCODE":"02696.HK","SECURITY_CODE":"02696","SECURITY_NAME_ABBR":"复宏汉霖","ORG_CODE":"10391637","STD_REPORT_DATE":"2022-09-30 00:00:00","REPORT_DATE":"2022-09-30 00:00:00","DATE_TYPE_CODE":"004","REPORT_TYPE":"2022年三季报","PER_NETCASH_OPERATE":1.12022036021,"PER_OI":3.926843075366,"BPS":null,"BASIC_EPS":-0.63,"DILUTED_EPS":-0.63,"OPERATE_INCOME":2134219000,"OPERATE_INCOME_YOY":null,"GROSS_PROFIT":1619542000,"GROSS_PROFIT_YOY":null,"HOLDER_PROFIT":-342499000,"HOLDER_PROFIT_YOY":null,"GROSS_PROFIT_RATIO":75.884527314207,"EPS_TTM":-1.549803085256,"OPERATE_INCOME_QOQ":0,"NET_PROFIT_RATIO":-16.0479782065,"ROE_AVG":null,"GROSS_PROFIT_QOQ":0,"ROA":null,"HOLDER_PROFIT_QOQ":0,"ROE_YEARLY":null,"ROIC_YEARLY":null,"TOTAL_ASSETS":null,"TOTAL_LIABILITIES":null,"TAX_EBT":-0.279025372863,"OCF_SALES":28.527250483666,"TOTAL_PARENT_EQUITY":null,"DEBT_ASSET_RATIO":null,"OPERATE_PROFIT":-262495000,"PRETAX_PROFIT":-341546000,"NETCASH_OPERATE":608834000,"NETCASH_INVEST":-1049301000,"NETCASH_FINANCE":954397000,"END_CASH":704795000,"DIVI_RATIO":null,"DIVIDEND_RATE":null,"CURRENT_RATIO":null,"COMMON_ACS":null,"CURRENTDEBT_DEBT":null,"ISSUED_COMMON_SHARES":543494853,"HK_COMMON_SHARES":163428541,"PER_SHARES":100,"TOTAL_MARKET_CAP":12853653273.45,"HKSK_MARKET_CAP":3865084994.65,"PE_TTM":16.791272118537,"PB_TTM":4.550078704184,"REPORT_DATE_SQ":"2021-09-30 00:00:00","REPORT_TYPE_SQ":"2021年三季报","OPERATE_INCOME_SQ":null,"DPS_HKD":null,"OPERATE_INCOME_QOQ_SQ":0,"NET_PROFIT_RATIO_SQ":null,"HOLDER_PROFIT_SQ":null,"HOLDER_PROFIT_QOQ_SQ":0,"ROE_AVG_SQ":null,"PE_TTM_SQ":165.879109155678,"PB_TTM_SQ":3.316617036565,"ROA_SQ":null,"START_DATE":"2022-01-01 00:00:00","FISCAL_YEAR":"12-31","CURRENCY":"HKD","IS_CNY_CODE":0,"DPS_HKD_LY":null,"ORG_TYPE":"一般企业","PREMIUM_INCOME":null,"PREMIUM_INCOME_YOY":null,"NET_INTEREST_INCOME":null,"NET_INTEREST_INCOME_YOY":null,"FEE_COMMISSION_INCOME":null,"FEE_COMMISSION_INCOME_YOY":null,"ACCOUNTS_RECE_TDAYS":null,"INVENTORY_TDAYS":null,"CURRENT_ASSETS_TDAYS":2.59139403057,"TOTAL_ASSETS_TDAYS":0.595083066075,"PREMIUM_EXPENSE":null,"LOAN_DEPOSIT":null,"LOAN_EQUITY":null,"LOAN_ASSETS":null,"DEPOSIT_EQUITY":null,"DEPOSIT_ASSETS":null,"EQUITY_MULTIPLIER":null,"EQUITY_RATIO":null},{"SECUCODE":"02696.HK","SECURITY_CODE":"02696","SECURITY_NAME_ABBR":"复宏汉霖","ORG_CODE":"10391637","STD_REPORT_DATE":"2022-06-30 00:00:00","REPORT_DATE":"2022-06-30 00:00:00","DATE_TYPE_CODE":"002","REPORT_TYPE":"2022年中报","PER_NETCASH_OPERATE":-0.189722127875,"PER_OI":2.372412531384,"BPS":3.82347871103,"BASIC_EPS":-0.47,"DILUTED_EPS":-0.47,"OPERATE_INCOME":1289394000,"OPERATE_INCOME_YOY":103.504446847,"GROSS_PROFIT":983785000,"GROSS_PROFIT_YOY":138.679648113194,"HOLDER_PROFIT":-252095000,"HOLDER_PROFIT_YOY":35.9900161742,"GROSS_PROFIT_RATIO":76.298245532397,"EPS_TTM":-1.549803085256,"OPERATE_INCOME_QOQ":38.978300976183,"NET_PROFIT_RATIO":-19.5514326885,"ROE_AVG":-11.524877611464,"GROSS_PROFIT_QOQ":49.28819270792,"ROA":-3.283143607888,"HOLDER_PROFIT_QOQ":14.403913614321,"ROE_YEARLY":-23.049755222928,"ROIC_YEARLY":-7.27814182842,"TOTAL_ASSETS":8184084000,"TOTAL_LIABILITIES":6106043000,"TAX_EBT":-0.379466596587,"OCF_SALES":-7.997012550082,"TOTAL_PARENT_EQUITY":2078041000,"DEBT_ASSET_RATIO":74.6087527938,"OPERATE_PROFIT":-199887000,"PRETAX_PROFIT":-251142000,"NETCASH_OPERATE":-103113000,"NETCASH_INVEST":-685168000,"NETCASH_FINANCE":845540000,"END_CASH":215084000,"DIVI_RATIO":null,"DIVIDEND_RATE":null,"CURRENT_RATIO":0.491106375576,"COMMON_ACS":null,"CURRENTDEBT_DEBT":69.290307978506,"ISSUED_COMMON_SHARES":543494853,"HK_COMMON_SHARES":163428541,"PER_SHARES":100,"TOTAL_MARKET_CAP":12853653273.45,"HKSK_MARKET_CAP":3865084994.65,"PE_TTM":16.791272118537,"PB_TTM":4.550078704184,"REPORT_DATE_SQ":"2021-06-30 00:00:00","REPORT_TYPE_SQ":"2021年中报","OPERATE_INCOME_SQ":633595000,"DPS_HKD":null,"OPERATE_INCOME_QOQ_SQ":89.042795437604,"NET_PROFIT_RATIO_SQ":-62.1591079475,"HOLDER_PROFIT_SQ":-393837000,"HOLDER_PROFIT_QOQ_SQ":5.44969960978,"ROE_AVG_SQ":-12.977307003759,"PE_TTM_SQ":165.879109155678,"PB_TTM_SQ":3.316617036565,"ROA_SQ":-5.891648139189,"START_DATE":"2022-01-01 00:00:00","FISCAL_YEAR":"12-31","CURRENCY":"HKD","IS_CNY_CODE":0,"DPS_HKD_LY":null,"ORG_TYPE":"一般企业","PREMIUM_INCOME":null,"PREMIUM_INCOME_YOY":null,"NET_INTEREST_INCOME":null,"NET_INTEREST_INCOME_YOY":null,"FEE_COMMISSION_INCOME":null,"FEE_COMMISSION_INCOME_YOY":null,"ACCOUNTS_RECE_TDAYS":3.034692957733,"INVENTORY_TDAYS":0.624170792281,"CURRENT_ASSETS_TDAYS":0.692295983414,"TOTAL_ASSETS_TDAYS":0.167923428436,"PREMIUM_EXPENSE":null,"LOAN_DEPOSIT":null,"LOAN_EQUITY":null,"LOAN_ASSETS":null,"DEPOSIT_EQUITY":null,"DEPOSIT_ASSETS":null,"EQUITY_MULTIPLIER":3.938365027441,"EQUITY_RATIO":2.938365027447},{"SECUCODE":"02696.HK","SECURITY_CODE":"02696","SECURITY_NAME_ABBR":"复宏汉霖","ORG_CODE":"10391637","STD_REPORT_DATE":"2021-12-31 00:00:00","REPORT_DATE":"2021-12-31 00:00:00","DATE_TYPE_CODE":"001","REPORT_TYPE":"2021年年报","PER_NETCASH_OPERATE":0.166316202446,"PER_OI":3.09565397117,"BPS":4.22590202524,"BASIC_EPS":-1.83,"DILUTED_EPS":-1.83,"OPERATE_INCOME":1682472000,"OPERATE_INCOME_YOY":186.3362980057,"GROSS_PROFIT":1159724000,"GROSS_PROFIT_YOY":186.021797088296,"HOLDER_PROFIT":-984052000,"HOLDER_PROFIT_YOY":0.9550687893,"GROSS_PROFIT_RATIO":68.92976525018,"EPS_TTM":-1.810600403239,"OPERATE_INCOME_QOQ":51.466390106492,"NET_PROFIT_RATIO":-58.4884622151,"ROE_AVG":-35.812828175928,"GROSS_PROFIT_QOQ":51.475144327473,"ROA":-14.458574113174,"HOLDER_PROFIT_QOQ":-4.753692798351,"ROE_YEARLY":-35.812828175928,"ROIC_YEARLY":-16.692458884694,"TOTAL_ASSETS":7172844000,"TOTAL_LIABILITIES":4876088000,"TAX_EBT":-2.854801570752,"OCF_SALES":5.372570836246,"TOTAL_PARENT_EQUITY":2296756000,"DEBT_ASSET_RATIO":67.9798417476,"OPERATE_PROFIT":-871919000,"PRETAX_PROFIT":-956739000,"NETCASH_OPERATE":90392000,"NETCASH_INVEST":-1681254000,"NETCASH_FINANCE":648302000,"END_CASH":154982000,"DIVI_RATIO":null,"DIVIDEND_RATE":null,"CURRENT_RATIO":0.556524339254,"COMMON_ACS":null,"CURRENTDEBT_DEBT":60.698760973961,"ISSUED_COMMON_SHARES":543494853,"HK_COMMON_SHARES":163428541,"PER_SHARES":100,"TOTAL_MARKET_CAP":12853653273.45,"HKSK_MARKET_CAP":3865084994.65,"PE_TTM":16.791272118537,"PB_TTM":4.550078704184,"REPORT_DATE_SQ":"2020-12-31 00:00:00","REPORT_TYPE_SQ":"2020年年报","OPERATE_INCOME_SQ":587586000,"DPS_HKD":null,"OPERATE_INCOME_QOQ_SQ":218.851542744272,"NET_PROFIT_RATIO_SQ":-169.0886100077,"HOLDER_PROFIT_SQ":-993541000,"HOLDER_PROFIT_QOQ_SQ":1.289198294713,"ROE_AVG_SQ":-27.601477777977,"PE_TTM_SQ":165.879109155678,"PB_TTM_SQ":3.316617036565,"ROA_SQ":-16.104085641349,"START_DATE":"2021-01-01 00:00:00","FISCAL_YEAR":"12-31","CURRENCY":"HKD","IS_CNY_CODE":0,"DPS_HKD_LY":null,"ORG_TYPE":"一般企业","PREMIUM_INCOME":null,"PREMIUM_INCOME_YOY":null,"NET_INTEREST_INCOME":null,"NET_INTEREST_INCOME_YOY":null,"FEE_COMMISSION_INCOME":null,"FEE_COMMISSION_INCOME_YOY":null,"ACCOUNTS_RECE_TDAYS":6.839956581306,"INVENTORY_TDAYS":1.441395436046,"CURRENT_ASSETS_TDAYS":0.94596549544,"TOTAL_ASSETS_TDAYS":0.247203868346,"PREMIUM_EXPENSE":null,"LOAN_DEPOSIT":null,"LOAN_EQUITY":null,"LOAN_ASSETS":null,"DEPOSIT_EQUITY":null,"DEPOSIT_ASSETS":null,"EQUITY_MULTIPLIER":3.123032659981,"EQUITY_RATIO":2.123032659978},{"SECUCODE":"02696.HK","SECURITY_CODE":"02696","SECURITY_NAME_ABBR":"复宏汉霖","ORG_CODE":"10391637","STD_REPORT_DATE":"2021-06-30 00:00:00","REPORT_DATE":"2021-06-30 00:00:00","DATE_TYPE_CODE":"002","REPORT_TYPE":"2021年中报","PER_NETCASH_OPERATE":-0.002960469618,"PER_OI":1.16577920932,"BPS":5.282210096661,"BASIC_EPS":-0.73,"DILUTED_EPS":-0.73,"OPERATE_INCOME":633595000,"OPERATE_INCOME_YOY":473.9501050801,"GROSS_PROFIT":412178000,"GROSS_PROFIT_YOY":692.269101393561,"HOLDER_PROFIT":-393837000,"HOLDER_PROFIT_YOY":12.0864231152,"GROSS_PROFIT_RATIO":65.053859326541,"EPS_TTM":-1.728435871682,"OPERATE_INCOME_QOQ":89.042795437604,"NET_PROFIT_RATIO":-62.1591079475,"ROE_AVG":-12.977307003759,"GROSS_PROFIT_QOQ":88.824244636432,"ROA":-5.891648139189,"HOLDER_PROFIT_QOQ":5.44969960978,"ROE_YEARLY":-25.954614007519,"ROIC_YEARLY":-14.291436077279,"TOTAL_ASSETS":6930156000,"TOTAL_LIABILITIES":4059302000,"TAX_EBT":null,"OCF_SALES":-0.253947711077,"TOTAL_PARENT_EQUITY":2870854000,"DEBT_ASSET_RATIO":58.5744678763,"OPERATE_PROFIT":-353845000,"PRETAX_PROFIT":-393837000,"NETCASH_OPERATE":-1609000,"NETCASH_INVEST":-566420000,"NETCASH_FINANCE":695113000,"END_CASH":1232002000,"DIVI_RATIO":null,"DIVIDEND_RATE":null,"CURRENT_RATIO":0.874682244968,"COMMON_ACS":null,"CURRENTDEBT_DEBT":56.110582558282,"ISSUED_COMMON_SHARES":543494853,"HK_COMMON_SHARES":163428541,"PER_SHARES":100,"TOTAL_MARKET_CAP":12853653273.45,"HKSK_MARKET_CAP":3865084994.65,"PE_TTM":16.791272118537,"PB_TTM":4.550078704184,"REPORT_DATE_SQ":"2020-06-30 00:00:00","REPORT_TYPE_SQ":"2020年中报","OPERATE_INCOME_SQ":110392000,"DPS_HKD":null,"OPERATE_INCOME_QOQ_SQ":102.665816186255,"NET_PROFIT_RATIO_SQ":-405.8102036379,"HOLDER_PROFIT_SQ":-447982000,"HOLDER_PROFIT_QOQ_SQ":-14.969416253077,"ROE_AVG_SQ":-11.623080525499,"PE_TTM_SQ":165.879109155678,"PB_TTM_SQ":3.316617036565,"ROA_SQ":-7.834664449088,"START_DATE":"2021-01-01 00:00:00","FISCAL_YEAR":"12-31","CURRENCY":"HKD","IS_CNY_CODE":0,"DPS_HKD_LY":null,"ORG_TYPE":"一般企业","PREMIUM_INCOME":null,"PREMIUM_INCOME_YOY":null,"NET_INTEREST_INCOME":null,"NET_INTEREST_INCOME_YOY":null,"FEE_COMMISSION_INCOME":null,"FEE_COMMISSION_INCOME_YOY":null,"ACCOUNTS_RECE_TDAYS":3.071097237639,"INVENTORY_TDAYS":0.679231796896,"CURRENT_ASSETS_TDAYS":0.324732667462,"TOTAL_ASSETS_TDAYS":0.094783344448,"PREMIUM_EXPENSE":null,"LOAN_DEPOSIT":null,"LOAN_EQUITY":null,"LOAN_ASSETS":null,"DEPOSIT_EQUITY":null,"DEPOSIT_ASSETS":null,"EQUITY_MULTIPLIER":2.413970198413,"EQUITY_RATIO":1.413970198415}],"count":19},"success":true,"message":"ok","code":0}