{"version":"763a8dc801f7fb45e7514ac0cea6109f","result":{"pages":5,"data":[{"SECUCODE":"02700.HK","SECURITY_CODE":"02700","SECURITY_NAME_ABBR":"格林国际控股","ORG_CODE":"10094116","STD_REPORT_DATE":"2024-06-30 00:00:00","REPORT_DATE":"2024-06-30 00:00:00","DATE_TYPE_CODE":"002","REPORT_TYPE":"2024年中报","PER_NETCASH_OPERATE":0.004272300641,"PER_OI":0.035850535746,"BPS":0.054307593712,"BASIC_EPS":-0.002099164,"DILUTED_EPS":-0.002099164,"OPERATE_INCOME":23657578.28,"OPERATE_INCOME_YOY":3.2339001951,"GROSS_PROFIT":12808551.12,"GROSS_PROFIT_YOY":13.779191061562,"HOLDER_PROFIT":-1389098.96,"HOLDER_PROFIT_YOY":66.6666666667,"GROSS_PROFIT_RATIO":54.141429728791,"EPS_TTM":-0.01031805843,"OPERATE_INCOME_QOQ":1.147036783809,"NET_PROFIT_RATIO":-6.2073222484,"ROE_AVG":-3.78465746612,"GROSS_PROFIT_QOQ":5.93762451621,"ROA":-1.12830169097,"HOLDER_PROFIT_QOQ":29.291900509179,"ROE_YEARLY":-7.569314932239,"ROIC_YEARLY":-4.584164752833,"TOTAL_ASSETS":121920357.8,"TOTAL_LIABILITIES":83937354.24,"TAX_EBT":4.283164782867,"OCF_SALES":11.916978511632,"TOTAL_PARENT_EQUITY":35837292.88,"DEBT_ASSET_RATIO":68.8460530748,"OPERATE_PROFIT":-597805.4,"PRETAX_PROFIT":-1534215.08,"NETCASH_OPERATE":2819268.52,"NETCASH_INVEST":1116207.64,"NETCASH_FINANCE":-5559133.88,"END_CASH":59649114.08,"DIVI_RATIO":null,"DIVIDEND_RATE":null,"CURRENT_RATIO":1.196756005019,"COMMON_ACS":1000000000,"CURRENTDEBT_DEBT":71.930454070981,"ISSUED_COMMON_SHARES":659894693,"HK_COMMON_SHARES":659894693,"PER_SHARES":20000,"TOTAL_MARKET_CAP":263957877.2,"HKSK_MARKET_CAP":263957877.2,"PE_TTM":-34.813753257716,"PB_TTM":6.722301156217,"REPORT_DATE_SQ":"2023-06-30 00:00:00","REPORT_TYPE_SQ":"2023年中报","OPERATE_INCOME_SQ":23149995.82,"DPS_HKD":null,"OPERATE_INCOME_QOQ_SQ":4.120451051981,"NET_PROFIT_RATIO_SQ":-18.7343183719,"HOLDER_PROFIT_SQ":-4209760.68,"HOLDER_PROFIT_QOQ_SQ":35.615682201286,"ROE_AVG_SQ":-9.182965458294,"PE_TTM_SQ":-24.068602813483,"PB_TTM_SQ":4.049461698972,"ROA_SQ":-2.943650939473,"START_DATE":"2024-01-01 00:00:00","FISCAL_YEAR":"12-31","CURRENCY":"HKD","IS_CNY_CODE":0,"DPS_HKD_LY":null,"ORG_TYPE":"一般企业","PREMIUM_INCOME":null,"PREMIUM_INCOME_YOY":null,"NET_INTEREST_INCOME":null,"NET_INTEREST_INCOME_YOY":null,"FEE_COMMISSION_INCOME":null,"FEE_COMMISSION_INCOME_YOY":null,"ACCOUNTS_RECE_TDAYS":7.705410225922,"INVENTORY_TDAYS":2.184909475232,"CURRENT_ASSETS_TDAYS":0.325667296953,"TOTAL_ASSETS_TDAYS":0.192159711772,"PREMIUM_EXPENSE":null,"LOAN_DEPOSIT":null,"LOAN_EQUITY":null,"LOAN_ASSETS":null,"DEPOSIT_EQUITY":null,"DEPOSIT_ASSETS":null,"EQUITY_MULTIPLIER":3.209866160461,"EQUITY_RATIO":2.342178984363},{"SECUCODE":"02700.HK","SECURITY_CODE":"02700","SECURITY_NAME_ABBR":"格林国际控股","ORG_CODE":"10094116","STD_REPORT_DATE":"2023-12-31 00:00:00","REPORT_DATE":"2023-12-31 00:00:00","DATE_TYPE_CODE":"001","REPORT_TYPE":"2023年年报","PER_NETCASH_OPERATE":0.030982563789,"PER_OI":0.067058622064,"BPS":0.056529686442,"BASIC_EPS":-0.014590142,"DILUTED_EPS":-0.014590142,"OPERATE_INCOME":44251628.82,"OPERATE_INCOME_YOY":3.3766618681,"GROSS_PROFIT":26124510.16,"GROSS_PROFIT_YOY":11.851945011145,"HOLDER_PROFIT":-9629493.72,"HOLDER_PROFIT_YOY":19.676468365,"GROSS_PROFIT_RATIO":59.036267944543,"EPS_TTM":-0.014592470317,"OPERATE_INCOME_QOQ":0.725018881098,"NET_PROFIT_RATIO":-18.0029079888,"ROE_AVG":-22.76569077996,"GROSS_PROFIT_QOQ":8.173979204942,"ROA":-6.97157178567,"HOLDER_PROFIT_QOQ":-26.564990468386,"ROE_YEARLY":-22.76569077996,"ROIC_YEARLY":-14.030130583467,"TOTAL_ASSETS":123428070.22,"TOTAL_LIABILITIES":83906003.58,"TAX_EBT":6.07905982906,"OCF_SALES":46.202207614016,"TOTAL_PARENT_EQUITY":37303640.08,"DEBT_ASSET_RATIO":67.9796770949,"OPERATE_PROFIT":-6417850.04,"PRETAX_PROFIT":-8482219.2,"NETCASH_OPERATE":20445229.42,"NETCASH_INVEST":-22546753.6,"NETCASH_FINANCE":-9406563.6,"END_CASH":60559057.72,"DIVI_RATIO":null,"DIVIDEND_RATE":null,"CURRENT_RATIO":1.23960899134,"COMMON_ACS":1000000000,"CURRENTDEBT_DEBT":69.71778505006,"ISSUED_COMMON_SHARES":659894693,"HK_COMMON_SHARES":659894693,"PER_SHARES":20000,"TOTAL_MARKET_CAP":263957877.2,"HKSK_MARKET_CAP":263957877.2,"PE_TTM":-34.813753257716,"PB_TTM":6.722301156217,"REPORT_DATE_SQ":"2022-12-31 00:00:00","REPORT_TYPE_SQ":"2022年年报","OPERATE_INCOME_SQ":42194501.72,"DPS_HKD":null,"OPERATE_INCOME_QOQ_SQ":-11.162891909086,"NET_PROFIT_RATIO_SQ":-29.2446439157,"HOLDER_PROFIT_SQ":-11817068.83,"HOLDER_PROFIT_QOQ_SQ":78.946985302356,"ROE_AVG_SQ":-22.339114135666,"PE_TTM_SQ":-26.558458276946,"PB_TTM_SQ":4.4683715299,"ROA_SQ":-6.89998696049,"START_DATE":"2023-01-01 00:00:00","FISCAL_YEAR":"12-31","CURRENCY":"HKD","IS_CNY_CODE":0,"DPS_HKD_LY":null,"ORG_TYPE":"一般企业","PREMIUM_INCOME":null,"PREMIUM_INCOME_YOY":null,"NET_INTEREST_INCOME":null,"NET_INTEREST_INCOME_YOY":null,"FEE_COMMISSION_INCOME":null,"FEE_COMMISSION_INCOME_YOY":null,"ACCOUNTS_RECE_TDAYS":16.516489091832,"INVENTORY_TDAYS":2.982184122251,"CURRENT_ASSETS_TDAYS":0.543281987951,"TOTAL_ASSETS_TDAYS":0.320373444256,"PREMIUM_EXPENSE":null,"LOAN_DEPOSIT":null,"LOAN_EQUITY":null,"LOAN_ASSETS":null,"DEPOSIT_EQUITY":null,"DEPOSIT_ASSETS":null,"EQUITY_MULTIPLIER":3.123016600937,"EQUITY_RATIO":2.249271207852},{"SECUCODE":"02700.HK","SECURITY_CODE":"02700","SECURITY_NAME_ABBR":"格林国际控股","ORG_CODE":"10094116","STD_REPORT_DATE":"2023-06-30 00:00:00","REPORT_DATE":"2023-06-30 00:00:00","DATE_TYPE_CODE":"002","REPORT_TYPE":"2023年中报","PER_NETCASH_OPERATE":-0.006168471641,"PER_OI":0.035081348684,"BPS":0.066027096902,"BASIC_EPS":-0.006361662,"DILUTED_EPS":-0.006361662,"OPERATE_INCOME":23149995.82,"OPERATE_INCOME_YOY":0.2875743899,"GROSS_PROFIT":11257375.8,"GROSS_PROFIT_YOY":7.589670289478,"HOLDER_PROFIT":-4209760.68,"HOLDER_PROFIT_YOY":53.616416091,"GROSS_PROFIT_RATIO":48.627981998487,"EPS_TTM":-0.011529626213,"OPERATE_INCOME_QOQ":4.120451051981,"NET_PROFIT_RATIO":-18.7343183719,"ROE_AVG":-9.182965458294,"GROSS_PROFIT_QOQ":3.40004669629,"ROA":-2.943650939473,"HOLDER_PROFIT_QOQ":35.615682201286,"ROE_YEARLY":-18.365930916587,"ROIC_YEARLY":-12.041774355188,"TOTAL_ASSETS":130543148.2,"TOTAL_LIABILITIES":84943861.36,"TAX_EBT":1.774900814366,"OCF_SALES":-17.583336652196,"TOTAL_PARENT_EQUITY":43570930.84,"DEBT_ASSET_RATIO":65.0695670598,"OPERATE_PROFIT":-3379056.7,"PRETAX_PROFIT":-4415362.22,"NETCASH_OPERATE":-4070541.7,"NETCASH_INVEST":497869.2,"NETCASH_FINANCE":-4941812.8,"END_CASH":66626884.7,"DIVI_RATIO":null,"DIVIDEND_RATE":null,"CURRENT_RATIO":1.632955731107,"COMMON_ACS":1000000000,"CURRENTDEBT_DEBT":58.255546389962,"ISSUED_COMMON_SHARES":659894693,"HK_COMMON_SHARES":659894693,"PER_SHARES":20000,"TOTAL_MARKET_CAP":263957877.2,"HKSK_MARKET_CAP":263957877.2,"PE_TTM":-34.813753257716,"PB_TTM":6.722301156217,"REPORT_DATE_SQ":"2022-06-30 00:00:00","REPORT_TYPE_SQ":"2022年中报","OPERATE_INCOME_SQ":21411392.03,"DPS_HKD":null,"OPERATE_INCOME_QOQ_SQ":-15.877366575024,"NET_PROFIT_RATIO_SQ":-47.8372009426,"HOLDER_PROFIT_SQ":-8418490.36,"HOLDER_PROFIT_QOQ_SQ":0.762907633678,"ROE_AVG_SQ":-16.109974633827,"PE_TTM_SQ":-26.558458276946,"PB_TTM_SQ":4.4683715299,"ROA_SQ":-4.833285052855,"START_DATE":"2023-01-01 00:00:00","FISCAL_YEAR":"12-31","CURRENCY":"HKD","IS_CNY_CODE":0,"DPS_HKD_LY":null,"ORG_TYPE":"一般企业","PREMIUM_INCOME":null,"PREMIUM_INCOME_YOY":null,"NET_INTEREST_INCOME":null,"NET_INTEREST_INCOME_YOY":null,"FEE_COMMISSION_INCOME":null,"FEE_COMMISSION_INCOME_YOY":null,"ACCOUNTS_RECE_TDAYS":8.926057589762,"INVENTORY_TDAYS":1.877173833952,"CURRENT_ASSETS_TDAYS":0.267987982219,"TOTAL_ASSETS_TDAYS":0.161875014103,"PREMIUM_EXPENSE":null,"LOAN_DEPOSIT":null,"LOAN_EQUITY":null,"LOAN_ASSETS":null,"DEPOSIT_EQUITY":null,"DEPOSIT_ASSETS":null,"EQUITY_MULTIPLIER":2.862833110921,"EQUITY_RATIO":1.949553514749},{"SECUCODE":"02700.HK","SECURITY_CODE":"02700","SECURITY_NAME_ABBR":"格林国际控股","ORG_CODE":"10094116","STD_REPORT_DATE":"2022-12-31 00:00:00","REPORT_DATE":"2022-12-31 00:00:00","DATE_TYPE_CODE":"001","REPORT_TYPE":"2022年年报","PER_NETCASH_OPERATE":-0.017343032701,"PER_OI":0.063941265429,"BPS":0.070643213204,"BASIC_EPS":-0.0178654,"DILUTED_EPS":-0.0178654,"OPERATE_INCOME":42194501.72,"OPERATE_INCOME_YOY":-31.5985345439,"GROSS_PROFIT":23356330.69,"GROSS_PROFIT_YOY":-24.036215849045,"HOLDER_PROFIT":-11817068.83,"HOLDER_PROFIT_YOY":80.87742122,"GROSS_PROFIT_RATIO":55.353967313066,"EPS_TTM":-0.017907506994,"OPERATE_INCOME_QOQ":-11.162891909086,"NET_PROFIT_RATIO":-29.2446439157,"ROE_AVG":-22.339114135666,"GROSS_PROFIT_QOQ":-5.502797322171,"ROA":-6.89998696049,"HOLDER_PROFIT_QOQ":78.946985302356,"ROE_YEARLY":-22.339114135666,"ROIC_YEARLY":-14.25899877663,"TOTAL_ASSETS":150638372.99,"TOTAL_LIABILITIES":101923893.54,"TAX_EBT":0.310312477448,"OCF_SALES":-27.123380472521,"TOTAL_PARENT_EQUITY":46617081.49,"DEBT_ASSET_RATIO":67.6613080166,"OPERATE_PROFIT":-9403453.29,"PRETAX_PROFIT":-12378042.39,"NETCASH_OPERATE":-11444575.24,"NETCASH_INVEST":151855.9,"NETCASH_FINANCE":-13639339.63,"END_CASH":73017676.34,"DIVI_RATIO":null,"DIVIDEND_RATE":null,"CURRENT_RATIO":1.720898535222,"COMMON_ACS":1000000000,"CURRENTDEBT_DEBT":50.797532032743,"ISSUED_COMMON_SHARES":659894693,"HK_COMMON_SHARES":659894693,"PER_SHARES":20000,"TOTAL_MARKET_CAP":263957877.2,"HKSK_MARKET_CAP":263957877.2,"PE_TTM":-34.813753257716,"PB_TTM":6.722301156217,"REPORT_DATE_SQ":"2021-12-31 00:00:00","REPORT_TYPE_SQ":"2021年年报","OPERATE_INCOME_SQ":56461003.2,"DPS_HKD":null,"OPERATE_INCOME_QOQ_SQ":-3.373400752433,"NET_PROFIT_RATIO_SQ":-104.6381974311,"HOLDER_PROFIT_SQ":-56561568,"HOLDER_PROFIT_QOQ_SQ":-139.564895797496,"ROE_AVG_SQ":-68.685123683858,"PE_TTM_SQ":-26.558458276946,"PB_TTM_SQ":4.4683715299,"ROA_SQ":-27.739128691433,"START_DATE":"2022-01-01 00:00:00","FISCAL_YEAR":"12-31","CURRENCY":"HKD","IS_CNY_CODE":0,"DPS_HKD_LY":null,"ORG_TYPE":"一般企业","PREMIUM_INCOME":null,"PREMIUM_INCOME_YOY":null,"NET_INTEREST_INCOME":null,"NET_INTEREST_INCOME_YOY":null,"FEE_COMMISSION_INCOME":null,"FEE_COMMISSION_INCOME_YOY":null,"ACCOUNTS_RECE_TDAYS":6.751858204688,"INVENTORY_TDAYS":2.479891815616,"CURRENT_ASSETS_TDAYS":0.397549192883,"TOTAL_ASSETS_TDAYS":0.246373712348,"PREMIUM_EXPENSE":null,"LOAN_DEPOSIT":null,"LOAN_EQUITY":null,"LOAN_ASSETS":null,"DEPOSIT_EQUITY":null,"DEPOSIT_ASSETS":null,"EQUITY_MULTIPLIER":3.092271018609,"EQUITY_RATIO":2.18640657635},{"SECUCODE":"02700.HK","SECURITY_CODE":"02700","SECURITY_NAME_ABBR":"格林国际控股","ORG_CODE":"10094116","STD_REPORT_DATE":"2022-06-30 00:00:00","REPORT_DATE":"2022-06-30 00:00:00","DATE_TYPE_CODE":"002","REPORT_TYPE":"2022年中报","PER_NETCASH_OPERATE":0.001529220057,"PER_OI":0.03244668014,"BPS":0.072520021327,"BASIC_EPS":-0.012742331,"DILUTED_EPS":-0.012742331,"OPERATE_INCOME":21411392.03,"OPERATE_INCOME_YOY":-31.4167534104,"GROSS_PROFIT":10463249.65,"GROSS_PROFIT_YOY":-36.56133539807,"HOLDER_PROFIT":-8418490.36,"HOLDER_PROFIT_YOY":7.4464084242,"GROSS_PROFIT_RATIO":48.867675839757,"EPS_TTM":-0.085059110303,"OPERATE_INCOME_QOQ":-15.877366575024,"NET_PROFIT_RATIO":-47.8372009426,"ROE_AVG":-16.109974633827,"GROSS_PROFIT_QOQ":-19.612663657421,"ROA":-4.833285052855,"HOLDER_PROFIT_QOQ":0.762907633678,"ROE_YEARLY":-32.219949267654,"ROIC_YEARLY":-20.896330299573,"TOTAL_ASSETS":164648875.51,"TOTAL_LIABILITIES":115934687.54,"TAX_EBT":0.572804250374,"OCF_SALES":4.713024723409,"TOTAL_PARENT_EQUITY":47855577.21,"DEBT_ASSET_RATIO":70.4132883877,"OPERATE_PROFIT":-8842664.6,"PRETAX_PROFIT":-10301618.74,"NETCASH_OPERATE":1009124.2,"NETCASH_INVEST":-60718.49,"NETCASH_FINANCE":-6999730.15,"END_CASH":89021858.24,"DIVI_RATIO":null,"DIVIDEND_RATE":null,"CURRENT_RATIO":1.687398773332,"COMMON_ACS":1000000000,"CURRENTDEBT_DEBT":55.564079488957,"ISSUED_COMMON_SHARES":659894693,"HK_COMMON_SHARES":659894693,"PER_SHARES":20000,"TOTAL_MARKET_CAP":263957877.2,"HKSK_MARKET_CAP":263957877.2,"PE_TTM":-34.813753257716,"PB_TTM":6.722301156217,"REPORT_DATE_SQ":"2021-06-30 00:00:00","REPORT_TYPE_SQ":"2021年中报","OPERATE_INCOME_SQ":30375912.48,"DPS_HKD":null,"OPERATE_INCOME_QOQ_SQ":5.94296060531,"NET_PROFIT_RATIO_SQ":-33.9012765025,"HOLDER_PROFIT_SQ":-8850002.88,"HOLDER_PROFIT_QOQ_SQ":52.673143717755,"ROE_AVG_SQ":-8.182388171079,"PE_TTM_SQ":-26.558458276946,"PB_TTM_SQ":4.4683715299,"ROA_SQ":-3.819757440375,"START_DATE":"2022-01-01 00:00:00","FISCAL_YEAR":"12-31","CURRENCY":"HKD","IS_CNY_CODE":0,"DPS_HKD_LY":null,"ORG_TYPE":"一般企业","PREMIUM_INCOME":null,"PREMIUM_INCOME_YOY":null,"NET_INTEREST_INCOME":null,"NET_INTEREST_INCOME_YOY":null,"FEE_COMMISSION_INCOME":null,"FEE_COMMISSION_INCOME_YOY":null,"ACCOUNTS_RECE_TDAYS":2.940685929058,"INVENTORY_TDAYS":1.50020507412,"CURRENT_ASSETS_TDAYS":0.188961342813,"TOTAL_ASSETS_TDAYS":0.122928644726,"PREMIUM_EXPENSE":null,"LOAN_DEPOSIT":null,"LOAN_EQUITY":null,"LOAN_ASSETS":null,"DEPOSIT_EQUITY":null,"DEPOSIT_ASSETS":null,"EQUITY_MULTIPLIER":3.379895721782,"EQUITY_RATIO":2.42259511428},{"SECUCODE":"02700.HK","SECURITY_CODE":"02700","SECURITY_NAME_ABBR":"格林国际控股","ORG_CODE":"10094116","STD_REPORT_DATE":"2021-12-31 00:00:00","REPORT_DATE":"2021-12-31 00:00:00","DATE_TYPE_CODE":"001","REPORT_TYPE":"2021年年报","PER_NETCASH_OPERATE":-0.001992288791,"PER_OI":0.085560626262,"BPS":0.082084032762,"BASIC_EPS":-0.08568448,"DILUTED_EPS":-0.08568448,"OPERATE_INCOME":56461003.2,"OPERATE_INCOME_YOY":5.4498534083,"GROSS_PROFIT":30746665.6,"GROSS_PROFIT_YOY":-0.458176439486,"HOLDER_PROFIT":-56561568,"HOLDER_PROFIT_YOY":-16.7122178358,"GROSS_PROFIT_RATIO":54.456463501166,"EPS_TTM":-0.085713021487,"OPERATE_INCOME_QOQ":-3.373400752433,"NET_PROFIT_RATIO":-104.6381974311,"ROE_AVG":-68.685123683858,"GROSS_PROFIT_QOQ":-6.008928636891,"ROA":-27.739128691433,"HOLDER_PROFIT_QOQ":-139.564895797496,"ROE_YEARLY":-68.685123683858,"ROIC_YEARLY":-58.344051107972,"TOTAL_ASSETS":175631108.8,"TOTAL_LIABILITIES":118959164.8,"TAX_EBT":-0.468063558104,"OCF_SALES":-2.328511229854,"TOTAL_PARENT_EQUITY":54166817.6,"DEBT_ASSET_RATIO":67.7323998082,"OPERATE_PROFIT":-49311091.2,"PRETAX_PROFIT":-59739579.2,"NETCASH_OPERATE":-1314700.8,"NETCASH_INVEST":-637728,"NETCASH_FINANCE":-21875705.6,"END_CASH":90543476.8,"DIVI_RATIO":null,"DIVIDEND_RATE":null,"CURRENT_RATIO":1.801601818704,"COMMON_ACS":1000000000,"CURRENTDEBT_DEBT":52.604159507347,"ISSUED_COMMON_SHARES":659894693,"HK_COMMON_SHARES":659894693,"PER_SHARES":20000,"TOTAL_MARKET_CAP":263957877.2,"HKSK_MARKET_CAP":263957877.2,"PE_TTM":-34.813753257716,"PB_TTM":6.722301156217,"REPORT_DATE_SQ":"2020-12-31 00:00:00","REPORT_TYPE_SQ":"2020年年报","OPERATE_INCOME_SQ":55117320.32,"DPS_HKD":null,"OPERATE_INCOME_QOQ_SQ":-10.595981468945,"NET_PROFIT_RATIO_SQ":-93.5603979735,"HOLDER_PROFIT_SQ":-49887369.36,"HOLDER_PROFIT_QOQ_SQ":62.133300109722,"ROE_AVG_SQ":-52.432363100793,"PE_TTM_SQ":-26.558458276946,"PB_TTM_SQ":4.4683715299,"ROA_SQ":-20.114768951978,"START_DATE":"2021-01-01 00:00:00","FISCAL_YEAR":"12-31","CURRENCY":"HKD","IS_CNY_CODE":0,"DPS_HKD_LY":null,"ORG_TYPE":"一般企业","PREMIUM_INCOME":null,"PREMIUM_INCOME_YOY":null,"NET_INTEREST_INCOME":null,"NET_INTEREST_INCOME_YOY":null,"FEE_COMMISSION_INCOME":null,"FEE_COMMISSION_INCOME_YOY":null,"ACCOUNTS_RECE_TDAYS":8.05846315421,"INVENTORY_TDAYS":3.274440395627,"CURRENT_ASSETS_TDAYS":0.456511823152,"TOTAL_ASSETS_TDAYS":0.276898093386,"PREMIUM_EXPENSE":null,"LOAN_DEPOSIT":null,"LOAN_EQUITY":null,"LOAN_ASSETS":null,"DEPOSIT_EQUITY":null,"DEPOSIT_ASSETS":null,"EQUITY_MULTIPLIER":3.099083892375,"EQUITY_RATIO":2.196163076784},{"SECUCODE":"02700.HK","SECURITY_CODE":"02700","SECURITY_NAME_ABBR":"格林国际控股","ORG_CODE":"10094116","STD_REPORT_DATE":"2021-06-30 00:00:00","REPORT_DATE":"2021-06-30 00:00:00","DATE_TYPE_CODE":"002","REPORT_TYPE":"2021年中报","PER_NETCASH_OPERATE":-0.005717049644,"PER_OI":0.046031454416,"BPS":0.157342436212,"BASIC_EPS":-0.013396488,"DILUTED_EPS":-0.013396488,"OPERATE_INCOME":30375912.48,"OPERATE_INCOME_YOY":23.0566979033,"GROSS_PROFIT":16493489.76,"GROSS_PROFIT_YOY":12.151904642229,"HOLDER_PROFIT":-8850002.88,"HOLDER_PROFIT_YOY":72.3424173081,"GROSS_PROFIT_RATIO":54.297923628993,"EPS_TTM":-0.035778623242,"OPERATE_INCOME_QOQ":5.94296060531,"NET_PROFIT_RATIO":-33.9012765025,"ROE_AVG":-8.182388171079,"GROSS_PROFIT_QOQ":5.778797210671,"ROA":-3.819757440375,"HOLDER_PROFIT_QOQ":52.673143717755,"ROE_YEARLY":-16.364776342159,"ROIC_YEARLY":-15.299579606794,"TOTAL_ASSETS":227088777.36,"TOTAL_LIABILITIES":119570728.08,"TAX_EBT":-12.03041549742,"OCF_SALES":-12.419876184737,"TOTAL_PARENT_EQUITY":103829438.64,"DEBT_ASSET_RATIO":52.6537372168,"OPERATE_PROFIT":-7234935.6,"PRETAX_PROFIT":-9191987.76,"NETCASH_OPERATE":-3772650.72,"NETCASH_INVEST":340320.72,"NETCASH_FINANCE":-6961181.28,"END_CASH":105299724,"DIVI_RATIO":null,"DIVIDEND_RATE":null,"CURRENT_RATIO":2.199445426203,"COMMON_ACS":1000000000,"CURRENTDEBT_DEBT":48.43598861525,"ISSUED_COMMON_SHARES":659894693,"HK_COMMON_SHARES":659894693,"PER_SHARES":20000,"TOTAL_MARKET_CAP":263957877.2,"HKSK_MARKET_CAP":263957877.2,"PE_TTM":-34.813753257716,"PB_TTM":6.722301156217,"REPORT_DATE_SQ":"2020-06-30 00:00:00","REPORT_TYPE_SQ":"2020年中报","OPERATE_INCOME_SQ":27098111.04,"DPS_HKD":null,"OPERATE_INCOME_QOQ_SQ":-12.446609709486,"NET_PROFIT_RATIO_SQ":-133.2940066069,"HOLDER_PROFIT_SQ":-35127248.64,"HOLDER_PROFIT_QOQ_SQ":0.621246604969,"ROE_AVG_SQ":-52.41557910519,"PE_TTM_SQ":-26.558458276946,"PB_TTM_SQ":4.4683715299,"ROA_SQ":-15.291902520881,"START_DATE":"2021-01-01 00:00:00","FISCAL_YEAR":"12-31","CURRENCY":"HKD","IS_CNY_CODE":0,"DPS_HKD_LY":null,"ORG_TYPE":"一般企业","PREMIUM_INCOME":null,"PREMIUM_INCOME_YOY":null,"NET_INTEREST_INCOME":null,"NET_INTEREST_INCOME_YOY":null,"FEE_COMMISSION_INCOME":null,"FEE_COMMISSION_INCOME_YOY":null,"ACCOUNTS_RECE_TDAYS":4.916632996633,"INVENTORY_TDAYS":1.704884528919,"CURRENT_ASSETS_TDAYS":0.229786082288,"TOTAL_ASSETS_TDAYS":0.131105740051,"PREMIUM_EXPENSE":null,"LOAN_DEPOSIT":null,"LOAN_EQUITY":null,"LOAN_ASSETS":null,"DEPOSIT_EQUITY":null,"DEPOSIT_ASSETS":null,"EQUITY_MULTIPLIER":2.112099120851,"EQUITY_RATIO":1.151607190082},{"SECUCODE":"02700.HK","SECURITY_CODE":"02700","SECURITY_NAME_ABBR":"格林国际控股","ORG_CODE":"10094116","STD_REPORT_DATE":"2020-12-31 00:00:00","REPORT_DATE":"2020-12-31 00:00:00","DATE_TYPE_CODE":"001","REPORT_TYPE":"2020年年报","PER_NETCASH_OPERATE":-0.004588690322,"PER_OI":0.016704883639,"BPS":0.172423437871,"BASIC_EPS":-0.09173876,"DILUTED_EPS":-0.09173876,"OPERATE_INCOME":55117320.32,"OPERATE_INCOME_YOY":-16.6884908275,"GROSS_PROFIT":30888188,"GROSS_PROFIT_YOY":-27.340770291439,"HOLDER_PROFIT":-49887369.36,"HOLDER_PROFIT_YOY":59.9478350181,"GROSS_PROFIT_RATIO":56.070316791796,"EPS_TTM":-0.015119797105,"OPERATE_INCOME_QOQ":-10.595981468945,"NET_PROFIT_RATIO":-93.5603979735,"ROE_AVG":-52.432363100793,"GROSS_PROFIT_QOQ":-11.448204603039,"ROA":-20.114768951978,"HOLDER_PROFIT_QOQ":62.133300109722,"ROE_YEARLY":-52.432363100793,"ROIC_YEARLY":-39.70818762812,"TOTAL_ASSETS":239006402.28,"TOTAL_LIABILITIES":120086878.48,"TAX_EBT":1.178352714512,"OCF_SALES":-27.450711102973,"TOTAL_PARENT_EQUITY":113781311.6,"DEBT_ASSET_RATIO":50.2442099184,"OPERATE_PROFIT":-43414316.12,"PRETAX_PROFIT":-48926216.48,"NETCASH_OPERATE":-15140261.96,"NETCASH_INVEST":-2513137.04,"NETCASH_FINANCE":13183448.96,"END_CASH":117651172.32,"DIVI_RATIO":null,"DIVIDEND_RATE":null,"CURRENT_RATIO":2.416930890729,"COMMON_ACS":1000000000,"CURRENTDEBT_DEBT":47.745335781668,"ISSUED_COMMON_SHARES":659894693,"HK_COMMON_SHARES":659894693,"PER_SHARES":20000,"TOTAL_MARKET_CAP":263957877.2,"HKSK_MARKET_CAP":263957877.2,"PE_TTM":-34.813753257716,"PB_TTM":6.722301156217,"REPORT_DATE_SQ":"2019-12-31 00:00:00","REPORT_TYPE_SQ":"2019年年报","OPERATE_INCOME_SQ":70461159.02,"DPS_HKD":null,"OPERATE_INCOME_QOQ_SQ":-3.700146316788,"NET_PROFIT_RATIO_SQ":-193.2353576832,"HOLDER_PROFIT_SQ":-132568273.76,"HOLDER_PROFIT_QOQ_SQ":-66.627569818595,"ROE_AVG_SQ":-167.101756921548,"PE_TTM_SQ":-26.558458276946,"PB_TTM_SQ":4.4683715299,"ROA_SQ":-46.6529432348,"START_DATE":"2020-01-01 00:00:00","FISCAL_YEAR":"12-31","CURRENCY":"HKD","IS_CNY_CODE":0,"DPS_HKD_LY":null,"ORG_TYPE":"一般企业","PREMIUM_INCOME":null,"PREMIUM_INCOME_YOY":null,"NET_INTEREST_INCOME":null,"NET_INTEREST_INCOME_YOY":null,"FEE_COMMISSION_INCOME":null,"FEE_COMMISSION_INCOME_YOY":null,"ACCOUNTS_RECE_TDAYS":10.126488325344,"INVENTORY_TDAYS":3.134752545326,"CURRENT_ASSETS_TDAYS":0.390582906187,"TOTAL_ASSETS_TDAYS":0.222384357216,"PREMIUM_EXPENSE":null,"LOAN_DEPOSIT":null,"LOAN_EQUITY":null,"LOAN_ASSETS":null,"DEPOSIT_EQUITY":null,"DEPOSIT_ASSETS":null,"EQUITY_MULTIPLIER":2.009816341696,"EQUITY_RATIO":1.05541830017},{"SECUCODE":"02700.HK","SECURITY_CODE":"02700","SECURITY_NAME_ABBR":"格林国际控股","ORG_CODE":"10094116","STD_REPORT_DATE":"2020-06-30 00:00:00","REPORT_DATE":"2020-06-30 00:00:00","DATE_TYPE_CODE":"002","REPORT_TYPE":"2020年中报","PER_NETCASH_OPERATE":-0.012908690056,"PER_OI":0.016425718418,"BPS":0.077278282218,"BASIC_EPS":-0.1118964,"DILUTED_EPS":-0.1118964,"OPERATE_INCOME":27098111.04,"OPERATE_INCOME_YOY":-27.2446351931,"GROSS_PROFIT":14706384,"GROSS_PROFIT_YOY":-34.034645961697,"HOLDER_PROFIT":-35127248.64,"HOLDER_PROFIT_YOY":5.9042305904,"GROSS_PROFIT_RATIO":54.270882491741,"EPS_TTM":-0.079858013236,"OPERATE_INCOME_QOQ":-12.446609709486,"NET_PROFIT_RATIO":-133.2940066069,"ROE_AVG":-52.41557910519,"GROSS_PROFIT_QOQ":-17.848823656842,"ROA":-15.291902520881,"HOLDER_PROFIT_QOQ":0.621246604969,"ROE_YEARLY":-104.831158210379,"ROIC_YEARLY":-50.146373268134,"TOTAL_ASSETS":180475648.32,"TOTAL_LIABILITIES":123472425.12,"TAX_EBT":4.697291044057,"OCF_SALES":-78.588282882761,"TOTAL_PARENT_EQUITY":50995528.32,"DEBT_ASSET_RATIO":68.4150057193,"OPERATE_PROFIT":-34222029.6,"PRETAX_PROFIT":-37900452.48,"NETCASH_OPERATE":-21295940.16,"NETCASH_INVEST":-2004087.36,"NETCASH_FINANCE":-61620662.4,"END_CASH":42222850.56,"DIVI_RATIO":null,"DIVIDEND_RATE":null,"CURRENT_RATIO":1.20655409004,"COMMON_ACS":1000000000,"CURRENTDEBT_DEBT":47.226887026255,"ISSUED_COMMON_SHARES":659894693,"HK_COMMON_SHARES":659894693,"PER_SHARES":20000,"TOTAL_MARKET_CAP":263957877.2,"HKSK_MARKET_CAP":263957877.2,"PE_TTM":-34.813753257716,"PB_TTM":6.722301156217,"REPORT_DATE_SQ":"2019-06-30 00:00:00","REPORT_TYPE_SQ":"2019年中报","OPERATE_INCOME_SQ":35868136.5,"DPS_HKD":null,"OPERATE_INCOME_QOQ_SQ":1.723213197439,"NET_PROFIT_RATIO_SQ":-100.7381974249,"HOLDER_PROFIT_SQ":-35950824.54,"HOLDER_PROFIT_QOQ_SQ":-14.280919455149,"ROE_AVG_SQ":-27.967850214024,"PE_TTM_SQ":-26.558458276946,"PB_TTM_SQ":4.4683715299,"ROA_SQ":-10.636528664285,"START_DATE":"2020-01-01 00:00:00","FISCAL_YEAR":"12-31","CURRENCY":"HKD","IS_CNY_CODE":0,"DPS_HKD_LY":null,"ORG_TYPE":"一般企业","PREMIUM_INCOME":null,"PREMIUM_INCOME_YOY":null,"NET_INTEREST_INCOME":null,"NET_INTEREST_INCOME_YOY":null,"FEE_COMMISSION_INCOME":null,"FEE_COMMISSION_INCOME_YOY":null,"ACCOUNTS_RECE_TDAYS":3.449534883721,"INVENTORY_TDAYS":1.634260932418,"CURRENT_ASSETS_TDAYS":0.23930658686,"TOTAL_ASSETS_TDAYS":0.117965877934,"PREMIUM_EXPENSE":null,"LOAN_DEPOSIT":null,"LOAN_EQUITY":null,"LOAN_ASSETS":null,"DEPOSIT_EQUITY":null,"DEPOSIT_ASSETS":null,"EQUITY_MULTIPLIER":3.16606041183,"EQUITY_RATIO":2.421240237873}],"count":41},"success":true,"message":"ok","code":0}