{"version":"444e5ed7d854782c11fbc2676179b56d","result":{"pages":2,"data":[{"SECUCODE":"02708.HK","SECURITY_CODE":"02708","SECURITY_NAME_ABBR":"艾伯科技","ORG_CODE":"10745667","STD_REPORT_DATE":"2023-06-30 00:00:00","REPORT_DATE":"2023-09-30 00:00:00","DATE_TYPE_CODE":"002","REPORT_TYPE":"2023年中报","PER_NETCASH_OPERATE":-0.410055927916,"PER_OI":0.280910845201,"BPS":0.15391865103,"BASIC_EPS":-0.1959,"DILUTED_EPS":-0.1959,"OPERATE_INCOME":199016000,"OPERATE_INCOME_YOY":-45.6469135937,"GROSS_PROFIT":7176000,"GROSS_PROFIT_YOY":-90.598469762079,"HOLDER_PROFIT":-135394000,"HOLDER_PROFIT_YOY":-1932.1244925575,"GROSS_PROFIT_RATIO":3.605740241991,"EPS_TTM":-0.347790191253,"OPERATE_INCOME_QOQ":0,"NET_PROFIT_RATIO":-75.3652972625,"ROE_AVG":-28.502739878869,"GROSS_PROFIT_QOQ":0,"ROA":-7.173494194855,"HOLDER_PROFIT_QOQ":0,"ROE_YEARLY":-57.005479757737,"ROIC_YEARLY":-15.584414089556,"TOTAL_ASSETS":1645498000,"TOTAL_LIABILITIES":1170529000,"TAX_EBT":6.392021518932,"OCF_SALES":-145.973690557543,"TOTAL_PARENT_EQUITY":436185000,"DEBT_ASSET_RATIO":71.1352429477,"OPERATE_PROFIT":-148108000,"PRETAX_PROFIT":-160231000,"NETCASH_OPERATE":-290511000,"NETCASH_INVEST":22368000,"NETCASH_FINANCE":62270000,"END_CASH":846000,"DIVI_RATIO":null,"DIVIDEND_RATE":null,"CURRENT_RATIO":1.188831167917,"COMMON_ACS":10000000000,"CURRENTDEBT_DEBT":97.093023752509,"ISSUED_COMMON_SHARES":2833867092,"HK_COMMON_SHARES":2833867092,"PER_SHARES":2000,"TOTAL_MARKET_CAP":181367493.888,"HKSK_MARKET_CAP":181367493.888,"PE_TTM":-0.417948707366,"PB_TTM":0.381554279529,"REPORT_DATE_SQ":"2022-06-30 00:00:00","REPORT_TYPE_SQ":"2022年中报","OPERATE_INCOME_SQ":366154000,"DPS_HKD":null,"OPERATE_INCOME_QOQ_SQ":0,"NET_PROFIT_RATIO_SQ":-0.2526259443,"HOLDER_PROFIT_SQ":7390000,"HOLDER_PROFIT_QOQ_SQ":0,"ROE_AVG_SQ":1.233197887377,"PE_TTM_SQ":-0.581209921181,"PB_TTM_SQ":0.53059891997,"ROA_SQ":0.433045915466,"START_DATE":"2023-04-01 00:00:00","FISCAL_YEAR":"3-31","CURRENCY":"HKD","IS_CNY_CODE":0,"DPS_HKD_LY":null,"ORG_TYPE":"一般企业","PREMIUM_INCOME":null,"PREMIUM_INCOME_YOY":null,"NET_INTEREST_INCOME":null,"NET_INTEREST_INCOME_YOY":null,"FEE_COMMISSION_INCOME":null,"FEE_COMMISSION_INCOME_YOY":null,"ACCOUNTS_RECE_TDAYS":0.142814086795,"INVENTORY_TDAYS":5.363303419162,"CURRENT_ASSETS_TDAYS":0.124971467666,"TOTAL_ASSETS_TDAYS":0.105443381589,"PREMIUM_EXPENSE":null,"LOAN_DEPOSIT":null,"LOAN_EQUITY":null,"LOAN_ASSETS":null,"DEPOSIT_EQUITY":null,"DEPOSIT_ASSETS":null,"EQUITY_MULTIPLIER":3.464432415586,"EQUITY_RATIO":2.6835608744},{"SECUCODE":"02708.HK","SECURITY_CODE":"02708","SECURITY_NAME_ABBR":"艾伯科技","ORG_CODE":"10745667","STD_REPORT_DATE":"2022-12-31 00:00:00","REPORT_DATE":"2023-03-31 00:00:00","DATE_TYPE_CODE":"001","REPORT_TYPE":"2022年年报","PER_NETCASH_OPERATE":-0.285768972365,"PER_OI":1.359581112818,"BPS":0.181327134731,"BASIC_EPS":-0.3778,"DILUTED_EPS":-0.3778,"OPERATE_INCOME":907274000,"OPERATE_INCOME_YOY":-13.2870621698,"GROSS_PROFIT":93903000,"GROSS_PROFIT_YOY":-47.423026746771,"HOLDER_PROFIT":-243564000,"HOLDER_PROFIT_YOY":-1761.0789060902,"GROSS_PROFIT_RATIO":10.35001554106,"EPS_TTM":0.026503075765,"OPERATE_INCOME_QOQ":0,"NET_PROFIT_RATIO":-32.3254055555,"ROE_AVG":-46.460577066142,"GROSS_PROFIT_QOQ":0,"ROA":-13.197599047422,"HOLDER_PROFIT_QOQ":0,"ROE_YEARLY":-46.460577066142,"ROIC_YEARLY":-15.710101908227,"TOTAL_ASSETS":2129343000,"TOTAL_LIABILITIES":1562107000,"TAX_EBT":-2.838508336694,"OCF_SALES":-21.018898370283,"TOTAL_PARENT_EQUITY":513857000,"DEBT_ASSET_RATIO":73.360985055,"OPERATE_PROFIT":-155899000,"PRETAX_PROFIT":-285185000,"NETCASH_OPERATE":-190699000,"NETCASH_INVEST":-42854000,"NETCASH_FINANCE":196661000,"END_CASH":206719000,"DIVI_RATIO":null,"DIVIDEND_RATE":null,"CURRENT_RATIO":1.214416927248,"COMMON_ACS":10000000000,"CURRENTDEBT_DEBT":96.669818392722,"ISSUED_COMMON_SHARES":2833867092,"HK_COMMON_SHARES":2833867092,"PER_SHARES":2000,"TOTAL_MARKET_CAP":181367493.888,"HKSK_MARKET_CAP":181367493.888,"PE_TTM":-0.417948707366,"PB_TTM":0.381554279529,"REPORT_DATE_SQ":"2021-12-31 00:00:00","REPORT_TYPE_SQ":"2021年年报","OPERATE_INCOME_SQ":1046296000,"DPS_HKD":null,"OPERATE_INCOME_QOQ_SQ":0,"NET_PROFIT_RATIO_SQ":2.2953351633,"HOLDER_PROFIT_SQ":14663000,"HOLDER_PROFIT_QOQ_SQ":0,"ROE_AVG_SQ":3.390096977165,"PE_TTM_SQ":-0.351396133623,"PB_TTM_SQ":0.205681603809,"ROA_SQ":1.169088480934,"START_DATE":"2022-04-01 00:00:00","FISCAL_YEAR":"3-31","CURRENCY":"HKD","IS_CNY_CODE":0,"DPS_HKD_LY":null,"ORG_TYPE":"一般企业","PREMIUM_INCOME":null,"PREMIUM_INCOME_YOY":null,"NET_INTEREST_INCOME":null,"NET_INTEREST_INCOME_YOY":null,"FEE_COMMISSION_INCOME":null,"FEE_COMMISSION_INCOME_YOY":null,"ACCOUNTS_RECE_TDAYS":0.744659991374,"INVENTORY_TDAYS":34.655035043991,"CURRENT_ASSETS_TDAYS":0.597248745794,"TOTAL_ASSETS_TDAYS":0.491609534995,"PREMIUM_EXPENSE":null,"LOAN_DEPOSIT":null,"LOAN_EQUITY":null,"LOAN_ASSETS":null,"DEPOSIT_EQUITY":null,"DEPOSIT_ASSETS":null,"EQUITY_MULTIPLIER":3.753892559709,"EQUITY_RATIO":3.039964425901},{"SECUCODE":"02708.HK","SECURITY_CODE":"02708","SECURITY_NAME_ABBR":"艾伯科技","ORG_CODE":"10745667","STD_REPORT_DATE":"2022-06-30 00:00:00","REPORT_DATE":"2022-09-30 00:00:00","DATE_TYPE_CODE":"002","REPORT_TYPE":"2022年中报","PER_NETCASH_OPERATE":-0.380601054157,"PER_OI":0.571830805904,"BPS":0.234270337474,"BASIC_EPS":0.0117,"DILUTED_EPS":0.0117,"OPERATE_INCOME":366154000,"OPERATE_INCOME_YOY":37.5097173974,"GROSS_PROFIT":76328000,"GROSS_PROFIT_YOY":14.176302523523,"HOLDER_PROFIT":7390000,"HOLDER_PROFIT_YOY":69.2237233799,"GROSS_PROFIT_RATIO":20.845873594171,"EPS_TTM":0.022996499822,"OPERATE_INCOME_QOQ":0,"NET_PROFIT_RATIO":-0.2526259443,"ROE_AVG":1.233197887377,"GROSS_PROFIT_QOQ":0,"ROA":0.433045915466,"HOLDER_PROFIT_QOQ":0,"ROE_YEARLY":2.466395774754,"ROIC_YEARLY":1.002653504182,"TOTAL_ASSETS":1851341000,"TOTAL_LIABILITIES":1092670000,"TAX_EBT":114.401370076288,"OCF_SALES":-66.558333378852,"TOTAL_PARENT_EQUITY":663891000,"DEBT_ASSET_RATIO":59.0204613845,"OPERATE_PROFIT":15512000,"PRETAX_PROFIT":6423000,"NETCASH_OPERATE":-243706000,"NETCASH_INVEST":-69655000,"NETCASH_FINANCE":109620000,"END_CASH":39870000,"DIVI_RATIO":null,"DIVIDEND_RATE":null,"CURRENT_RATIO":1.441734900942,"COMMON_ACS":10000000000,"CURRENTDEBT_DEBT":93.853679518976,"ISSUED_COMMON_SHARES":2833867092,"HK_COMMON_SHARES":2833867092,"PER_SHARES":2000,"TOTAL_MARKET_CAP":181367493.888,"HKSK_MARKET_CAP":181367493.888,"PE_TTM":-0.417948707366,"PB_TTM":0.381554279529,"REPORT_DATE_SQ":"2021-06-30 00:00:00","REPORT_TYPE_SQ":"2021年中报","OPERATE_INCOME_SQ":266275000,"DPS_HKD":null,"OPERATE_INCOME_QOQ_SQ":0,"NET_PROFIT_RATIO_SQ":2.0734203361,"HOLDER_PROFIT_SQ":4367000,"HOLDER_PROFIT_QOQ_SQ":0,"ROE_AVG_SQ":1.084962205204,"PE_TTM_SQ":-0.351396133623,"PB_TTM_SQ":0.205681603809,"ROA_SQ":0.434211749569,"START_DATE":"2022-04-01 00:00:00","FISCAL_YEAR":"3-31","CURRENCY":"HKD","IS_CNY_CODE":0,"DPS_HKD_LY":null,"ORG_TYPE":"一般企业","PREMIUM_INCOME":null,"PREMIUM_INCOME_YOY":null,"NET_INTEREST_INCOME":null,"NET_INTEREST_INCOME_YOY":null,"FEE_COMMISSION_INCOME":null,"FEE_COMMISSION_INCOME_YOY":null,"ACCOUNTS_RECE_TDAYS":0.31640719515,"INVENTORY_TDAYS":68.687285223368,"CURRENT_ASSETS_TDAYS":0.272962134233,"TOTAL_ASSETS_TDAYS":0.214562238338,"PREMIUM_EXPENSE":null,"LOAN_DEPOSIT":null,"LOAN_EQUITY":null,"LOAN_ASSETS":null,"DEPOSIT_EQUITY":null,"DEPOSIT_ASSETS":null,"EQUITY_MULTIPLIER":2.440242213029,"EQUITY_RATIO":1.645857527817},{"SECUCODE":"02708.HK","SECURITY_CODE":"02708","SECURITY_NAME_ABBR":"艾伯科技","ORG_CODE":"10745667","STD_REPORT_DATE":"2021-12-31 00:00:00","REPORT_DATE":"2022-03-31 00:00:00","DATE_TYPE_CODE":"001","REPORT_TYPE":"2021年年报","PER_NETCASH_OPERATE":0.133812064522,"PER_OI":1.802332975388,"BPS":0.188653519253,"BASIC_EPS":0.0267,"DILUTED_EPS":0.0011,"OPERATE_INCOME":1046296000,"OPERATE_INCOME_YOY":86.7302012225,"GROSS_PROFIT":178601000,"GROSS_PROFIT_YOY":53.943818578312,"HOLDER_PROFIT":14663000,"HOLDER_PROFIT_YOY":134.8314606742,"GROSS_PROFIT_RATIO":17.069834922431,"EPS_TTM":-0.040479678946,"OPERATE_INCOME_QOQ":0,"NET_PROFIT_RATIO":2.2953351633,"ROE_AVG":3.390096977165,"GROSS_PROFIT_QOQ":0,"ROA":1.169088480934,"HOLDER_PROFIT_QOQ":0,"ROE_YEARLY":3.390096977165,"ROIC_YEARLY":1.544698060673,"TOTAL_ASSETS":1561692000,"TOTAL_LIABILITIES":940478000,"TAX_EBT":45.300079717572,"OCF_SALES":7.424380863541,"TOTAL_PARENT_EQUITY":534619000,"DEBT_ASSET_RATIO":60.221733863,"OPERATE_PROFIT":86292000,"PRETAX_PROFIT":43905000,"NETCASH_OPERATE":92257000,"NETCASH_INVEST":-264299000,"NETCASH_FINANCE":183495000,"END_CASH":243611000,"DIVI_RATIO":null,"DIVIDEND_RATE":null,"CURRENT_RATIO":1.368444855026,"COMMON_ACS":10000000000,"CURRENTDEBT_DEBT":93.575075653019,"ISSUED_COMMON_SHARES":2833867092,"HK_COMMON_SHARES":2833867092,"PER_SHARES":2000,"TOTAL_MARKET_CAP":181367493.888,"HKSK_MARKET_CAP":181367493.888,"PE_TTM":-0.417948707366,"PB_TTM":0.381554279529,"REPORT_DATE_SQ":"2020-12-31 00:00:00","REPORT_TYPE_SQ":"2020年年报","OPERATE_INCOME_SQ":560325000,"DPS_HKD":null,"OPERATE_INCOME_QOQ_SQ":0,"NET_PROFIT_RATIO_SQ":-4.9117922634,"HOLDER_PROFIT_SQ":-42097000,"HOLDER_PROFIT_QOQ_SQ":0,"ROE_AVG_SQ":-14.512878943277,"PE_TTM_SQ":-0.200811292992,"PB_TTM_SQ":0.183324907743,"ROA_SQ":-5.34017838228,"START_DATE":"2021-04-01 00:00:00","FISCAL_YEAR":"3-31","CURRENCY":"HKD","IS_CNY_CODE":0,"DPS_HKD_LY":null,"ORG_TYPE":"一般企业","PREMIUM_INCOME":null,"PREMIUM_INCOME_YOY":null,"NET_INTEREST_INCOME":null,"NET_INTEREST_INCOME_YOY":null,"FEE_COMMISSION_INCOME":null,"FEE_COMMISSION_INCOME_YOY":null,"ACCOUNTS_RECE_TDAYS":1.383139592142,"INVENTORY_TDAYS":435.043870644272,"CURRENT_ASSETS_TDAYS":1.023467055592,"TOTAL_ASSETS_TDAYS":0.834217146046,"PREMIUM_EXPENSE":null,"LOAN_DEPOSIT":null,"LOAN_EQUITY":null,"LOAN_ASSETS":null,"DEPOSIT_EQUITY":null,"DEPOSIT_ASSETS":null,"EQUITY_MULTIPLIER":2.513935616389,"EQUITY_RATIO":1.759155585567},{"SECUCODE":"02708.HK","SECURITY_CODE":"02708","SECURITY_NAME_ABBR":"艾伯科技","ORG_CODE":"10745667","STD_REPORT_DATE":"2021-06-30 00:00:00","REPORT_DATE":"2021-09-30 00:00:00","DATE_TYPE_CODE":"002","REPORT_TYPE":"2021年中报","PER_NETCASH_OPERATE":-0.288683595954,"PER_OI":0.483676307442,"BPS":0.167465510764,"BASIC_EPS":0.0082,"DILUTED_EPS":-0.0165,"OPERATE_INCOME":266275000,"OPERATE_INCOME_YOY":39.6508139632,"GROSS_PROFIT":66851000,"GROSS_PROFIT_YOY":50.038154232876,"HOLDER_PROFIT":4367000,"HOLDER_PROFIT_YOY":128.2745224992,"GROSS_PROFIT_RATIO":25.105999436673,"EPS_TTM":-0.076642681545,"OPERATE_INCOME_QOQ":0,"NET_PROFIT_RATIO":2.0734203361,"ROE_AVG":1.084962205204,"GROSS_PROFIT_QOQ":0,"ROA":0.434211749569,"HOLDER_PROFIT_QOQ":0,"ROE_YEARLY":2.169924410407,"ROIC_YEARLY":1.223660614212,"TOTAL_ASSETS":1064703000,"TOTAL_LIABILITIES":511732000,"TAX_EBT":61.892600773054,"OCF_SALES":-59.685287766407,"TOTAL_PARENT_EQUITY":474575000,"DEBT_ASSET_RATIO":48.0633566356,"OPERATE_PROFIT":25056000,"PRETAX_PROFIT":14488000,"NETCASH_OPERATE":-158927000,"NETCASH_INVEST":-17278000,"NETCASH_FINANCE":169842000,"END_CASH":225795000,"DIVI_RATIO":null,"DIVIDEND_RATE":null,"CURRENT_RATIO":2.087716567881,"COMMON_ACS":10000000000,"CURRENTDEBT_DEBT":89.149789342859,"ISSUED_COMMON_SHARES":2833867092,"HK_COMMON_SHARES":2833867092,"PER_SHARES":2000,"TOTAL_MARKET_CAP":181367493.888,"HKSK_MARKET_CAP":181367493.888,"PE_TTM":-0.417948707366,"PB_TTM":0.381554279529,"REPORT_DATE_SQ":"2020-06-30 00:00:00","REPORT_TYPE_SQ":"2020年中报","OPERATE_INCOME_SQ":190672000,"DPS_HKD":null,"OPERATE_INCOME_QOQ_SQ":0,"NET_PROFIT_RATIO_SQ":-5.9688889821,"HOLDER_PROFIT_SQ":-15445000,"HOLDER_PROFIT_QOQ_SQ":0,"ROE_AVG_SQ":-6.157876061033,"PE_TTM_SQ":-0.351396133623,"PB_TTM_SQ":0.205681603809,"ROA_SQ":-2.314710739838,"START_DATE":"2021-04-01 00:00:00","FISCAL_YEAR":"3-31","CURRENCY":"HKD","IS_CNY_CODE":0,"DPS_HKD_LY":null,"ORG_TYPE":"一般企业","PREMIUM_INCOME":null,"PREMIUM_INCOME_YOY":null,"NET_INTEREST_INCOME":null,"NET_INTEREST_INCOME_YOY":null,"FEE_COMMISSION_INCOME":null,"FEE_COMMISSION_INCOME_YOY":null,"ACCOUNTS_RECE_TDAYS":0.441579720251,"INVENTORY_TDAYS":17.751824817518,"CURRENT_ASSETS_TDAYS":0.297059250086,"TOTAL_ASSETS_TDAYS":0.264757805396,"PREMIUM_EXPENSE":null,"LOAN_DEPOSIT":null,"LOAN_EQUITY":null,"LOAN_ASSETS":null,"DEPOSIT_EQUITY":null,"DEPOSIT_ASSETS":null,"EQUITY_MULTIPLIER":1.925422852193,"EQUITY_RATIO":1.078295316862},{"SECUCODE":"02708.HK","SECURITY_CODE":"02708","SECURITY_NAME_ABBR":"艾伯科技","ORG_CODE":"10745667","STD_REPORT_DATE":"2020-12-31 00:00:00","REPORT_DATE":"2021-03-31 00:00:00","DATE_TYPE_CODE":"001","REPORT_TYPE":"2020年年报","PER_NETCASH_OPERATE":0.225749172412,"PER_OI":1.147588160868,"BPS":0.116600387129,"BASIC_EPS":-0.0981,"DILUTED_EPS":-0.0981,"OPERATE_INCOME":560325000,"OPERATE_INCOME_YOY":14.8781357892,"GROSS_PROFIT":116017000,"GROSS_PROFIT_YOY":2.39534698993,"HOLDER_PROFIT":-42097000,"HOLDER_PROFIT_YOY":20.5042016807,"GROSS_PROFIT_RATIO":20.705304956945,"EPS_TTM":-0.160908464658,"OPERATE_INCOME_QOQ":0,"NET_PROFIT_RATIO":-4.9117922634,"ROE_AVG":-14.512878943277,"GROSS_PROFIT_QOQ":0,"ROA":-5.34017838228,"HOLDER_PROFIT_QOQ":0,"ROE_YEARLY":-14.512878943277,"ROIC_YEARLY":-7.047475074686,"TOTAL_ASSETS":946758000,"TOTAL_LIABILITIES":568736000,"TAX_EBT":-88.933891672959,"OCF_SALES":19.671619149601,"TOTAL_PARENT_EQUITY":330430000,"DEBT_ASSET_RATIO":60.0719508047,"OPERATE_PROFIT":1502000,"PRETAX_PROFIT":-14567000,"NETCASH_OPERATE":104907000,"NETCASH_INVEST":-7077000,"NETCASH_FINANCE":65150000,"END_CASH":232158000,"DIVI_RATIO":null,"DIVIDEND_RATE":null,"CURRENT_RATIO":1.793565586367,"COMMON_ACS":10000000000,"CURRENTDEBT_DEBT":82.377764024082,"ISSUED_COMMON_SHARES":2833867092,"HK_COMMON_SHARES":2833867092,"PER_SHARES":2000,"TOTAL_MARKET_CAP":181367493.888,"HKSK_MARKET_CAP":181367493.888,"PE_TTM":-0.417948707366,"PB_TTM":0.381554279529,"REPORT_DATE_SQ":"2019-12-31 00:00:00","REPORT_TYPE_SQ":"2019年年报","OPERATE_INCOME_SQ":487756000,"DPS_HKD":null,"OPERATE_INCOME_QOQ_SQ":0,"NET_PROFIT_RATIO_SQ":-10.2797300289,"HOLDER_PROFIT_SQ":-52955000,"HOLDER_PROFIT_QOQ_SQ":0,"ROE_AVG_SQ":-20.717837567146,"PE_TTM_SQ":-0.200811292992,"PB_TTM_SQ":0.183324907743,"ROA_SQ":-9.243057234344,"START_DATE":"2020-04-01 00:00:00","FISCAL_YEAR":"3-31","CURRENCY":"HKD","IS_CNY_CODE":0,"DPS_HKD_LY":null,"ORG_TYPE":"一般企业","PREMIUM_INCOME":null,"PREMIUM_INCOME_YOY":null,"NET_INTEREST_INCOME":null,"NET_INTEREST_INCOME_YOY":null,"FEE_COMMISSION_INCOME":null,"FEE_COMMISSION_INCOME_YOY":null,"ACCOUNTS_RECE_TDAYS":1.138851118577,"INVENTORY_TDAYS":362.109209453953,"CURRENT_ASSETS_TDAYS":0.83751974877,"TOTAL_ASSETS_TDAYS":0.710795413462,"PREMIUM_EXPENSE":null,"LOAN_DEPOSIT":null,"LOAN_EQUITY":null,"LOAN_ASSETS":null,"DEPOSIT_EQUITY":null,"DEPOSIT_ASSETS":null,"EQUITY_MULTIPLIER":2.504505028805,"EQUITY_RATIO":1.721199648942},{"SECUCODE":"02708.HK","SECURITY_CODE":"02708","SECURITY_NAME_ABBR":"艾伯科技","ORG_CODE":"10745667","STD_REPORT_DATE":"2020-06-30 00:00:00","REPORT_DATE":"2020-09-30 00:00:00","DATE_TYPE_CODE":"002","REPORT_TYPE":"2020年中报","PER_NETCASH_OPERATE":-0.185721146172,"PER_OI":0.452443174515,"BPS":0.088900076052,"BASIC_EPS":-0.0373,"DILUTED_EPS":-0.0443,"OPERATE_INCOME":190672000,"OPERATE_INCOME_YOY":-22.3056643291,"GROSS_PROFIT":44556000,"GROSS_PROFIT_YOY":-32.196064705614,"HOLDER_PROFIT":-15445000,"HOLDER_PROFIT_YOY":-2215.7534246575,"GROSS_PROFIT_RATIO":23.367877821599,"EPS_TTM":-0.128211799084,"OPERATE_INCOME_QOQ":0,"NET_PROFIT_RATIO":-5.9688889821,"ROE_AVG":-6.157876061033,"GROSS_PROFIT_QOQ":0,"ROA":-2.314710739838,"HOLDER_PROFIT_QOQ":0,"ROE_YEARLY":-12.315752122065,"ROIC_YEARLY":-5.316137204183,"TOTAL_ASSETS":704652000,"TOTAL_LIABILITIES":415640000,"TAX_EBT":-81.226114649682,"OCF_SALES":-41.0485021398,"TOTAL_PARENT_EQUITY":251931000,"DEBT_ASSET_RATIO":58.9851444401,"OPERATE_PROFIT":2828000,"PRETAX_PROFIT":-6280000,"NETCASH_OPERATE":-78268000,"NETCASH_INVEST":-4177000,"NETCASH_FINANCE":46377000,"END_CASH":33110000,"DIVI_RATIO":null,"DIVIDEND_RATE":null,"CURRENT_RATIO":2.015663084423,"COMMON_ACS":10000000000,"CURRENTDEBT_DEBT":69.490905591377,"ISSUED_COMMON_SHARES":2833867092,"HK_COMMON_SHARES":2833867092,"PER_SHARES":2000,"TOTAL_MARKET_CAP":181367493.888,"HKSK_MARKET_CAP":181367493.888,"PE_TTM":-0.417948707366,"PB_TTM":0.381554279529,"REPORT_DATE_SQ":"2019-06-30 00:00:00","REPORT_TYPE_SQ":"2019年中报","OPERATE_INCOME_SQ":245413000,"DPS_HKD":null,"OPERATE_INCOME_QOQ_SQ":0,"NET_PROFIT_RATIO_SQ":1.4563205698,"HOLDER_PROFIT_SQ":730000,"HOLDER_PROFIT_QOQ_SQ":0,"ROE_AVG_SQ":0.265788956287,"PE_TTM_SQ":-0.351396133623,"PB_TTM_SQ":0.205681603809,"ROA_SQ":0.127559824247,"START_DATE":"2020-04-01 00:00:00","FISCAL_YEAR":"3-31","CURRENCY":"HKD","IS_CNY_CODE":0,"DPS_HKD_LY":null,"ORG_TYPE":"一般企业","PREMIUM_INCOME":null,"PREMIUM_INCOME_YOY":null,"NET_INTEREST_INCOME":null,"NET_INTEREST_INCOME_YOY":null,"FEE_COMMISSION_INCOME":null,"FEE_COMMISSION_INCOME_YOY":null,"ACCOUNTS_RECE_TDAYS":0.409379538967,"INVENTORY_TDAYS":100.596213425129,"CURRENT_ASSETS_TDAYS":0.353116240825,"TOTAL_ASSETS_TDAYS":0.285756248745,"PREMIUM_EXPENSE":null,"LOAN_DEPOSIT":null,"LOAN_EQUITY":null,"LOAN_ASSETS":null,"DEPOSIT_EQUITY":null,"DEPOSIT_ASSETS":null,"EQUITY_MULTIPLIER":2.438140976846,"EQUITY_RATIO":1.649816814922},{"SECUCODE":"02708.HK","SECURITY_CODE":"02708","SECURITY_NAME_ABBR":"艾伯科技","ORG_CODE":"10745667","STD_REPORT_DATE":"2019-12-31 00:00:00","REPORT_DATE":"2020-03-31 00:00:00","DATE_TYPE_CODE":"001","REPORT_TYPE":"2019年年报","PER_NETCASH_OPERATE":-0.050979655207,"PER_OI":1.180928604927,"BPS":0.08811387122,"BASIC_EPS":-0.1287,"DILUTED_EPS":-0.1287,"OPERATE_INCOME":487756000,"OPERATE_INCOME_YOY":63.1749387788,"GROSS_PROFIT":113303000,"GROSS_PROFIT_YOY":11.845651165316,"HOLDER_PROFIT":-52955000,"HOLDER_PROFIT_YOY":-255.9747871933,"GROSS_PROFIT_RATIO":23.229442590148,"EPS_TTM":0.028133719297,"OPERATE_INCOME_QOQ":0,"NET_PROFIT_RATIO":-10.2797300289,"ROE_AVG":-20.717837567146,"GROSS_PROFIT_QOQ":0,"ROA":-9.243057234344,"HOLDER_PROFIT_QOQ":0,"ROE_YEARLY":-20.717837567146,"ROIC_YEARLY":-11.12789886441,"TOTAL_ASSETS":629856000,"TOTAL_LIABILITIES":347136000,"TAX_EBT":-31.711673846801,"OCF_SALES":-4.316912554638,"TOTAL_PARENT_EQUITY":249703000,"DEBT_ASSET_RATIO":55.1135497638,"OPERATE_PROFIT":-27489000,"PRETAX_PROFIT":-38068000,"NETCASH_OPERATE":-26933000,"NETCASH_INVEST":-30526000,"NETCASH_FINANCE":64953000,"END_CASH":69178000,"DIVI_RATIO":null,"DIVIDEND_RATE":null,"CURRENT_RATIO":2.328496245877,"COMMON_ACS":10000000000,"CURRENTDEBT_DEBT":61.579611449115,"ISSUED_COMMON_SHARES":2833867092,"HK_COMMON_SHARES":2833867092,"PER_SHARES":2000,"TOTAL_MARKET_CAP":181367493.888,"HKSK_MARKET_CAP":181367493.888,"PE_TTM":-0.417948707366,"PB_TTM":0.381554279529,"REPORT_DATE_SQ":"2018-12-31 00:00:00","REPORT_TYPE_SQ":"2018年年报","OPERATE_INCOME_SQ":298916000,"DPS_HKD":null,"OPERATE_INCOME_QOQ_SQ":0,"NET_PROFIT_RATIO_SQ":11.6889025679,"HOLDER_PROFIT_SQ":33951000,"HOLDER_PROFIT_QOQ_SQ":0,"ROE_AVG_SQ":14.270582449592,"PE_TTM_SQ":-0.200811292992,"PB_TTM_SQ":0.183324907743,"ROA_SQ":8.386068914413,"START_DATE":"2019-04-01 00:00:00","FISCAL_YEAR":"3-31","CURRENCY":"HKD","IS_CNY_CODE":0,"DPS_HKD_LY":null,"ORG_TYPE":"一般企业","PREMIUM_INCOME":null,"PREMIUM_INCOME_YOY":null,"NET_INTEREST_INCOME":null,"NET_INTEREST_INCOME_YOY":null,"FEE_COMMISSION_INCOME":null,"FEE_COMMISSION_INCOME_YOY":null,"ACCOUNTS_RECE_TDAYS":1.497074946441,"INVENTORY_TDAYS":14.245339724568,"CURRENT_ASSETS_TDAYS":1.117989729061,"TOTAL_ASSETS_TDAYS":0.85135617494,"PREMIUM_EXPENSE":null,"LOAN_DEPOSIT":null,"LOAN_EQUITY":null,"LOAN_ASSETS":null,"DEPOSIT_EQUITY":null,"DEPOSIT_ASSETS":null,"EQUITY_MULTIPLIER":2.227843803058,"EQUITY_RATIO":1.390195552316},{"SECUCODE":"02708.HK","SECURITY_CODE":"02708","SECURITY_NAME_ABBR":"艾伯科技","ORG_CODE":"10745667","STD_REPORT_DATE":"2019-06-30 00:00:00","REPORT_DATE":"2019-09-30 00:00:00","DATE_TYPE_CODE":"002","REPORT_TYPE":"2019年中报","PER_NETCASH_OPERATE":-0.053423047908,"PER_OI":0.597217257606,"BPS":0.101560514539,"BASIC_EPS":0.0018,"DILUTED_EPS":0.0018,"OPERATE_INCOME":245413000,"OPERATE_INCOME_YOY":39.806992258,"GROSS_PROFIT":65713000,"GROSS_PROFIT_YOY":16.022811539956,"HOLDER_PROFIT":730000,"HOLDER_PROFIT_YOY":-96.8344824596,"GROSS_PROFIT_RATIO":26.776495132695,"EPS_TTM":0.0848775,"OPERATE_INCOME_QOQ":0,"NET_PROFIT_RATIO":1.4563205698,"ROE_AVG":0.265788956287,"GROSS_PROFIT_QOQ":0,"ROA":0.127559824247,"HOLDER_PROFIT_QOQ":0,"ROE_YEARLY":0.531577912574,"ROIC_YEARLY":0.30117685889,"TOTAL_ASSETS":628584000,"TOTAL_LIABILITIES":307684000,"TAX_EBT":70.656814449918,"OCF_SALES":-8.945328894557,"TOTAL_PARENT_EQUITY":287809000,"DEBT_ASSET_RATIO":48.9487482978,"OPERATE_PROFIT":19009000,"PRETAX_PROFIT":12180000,"NETCASH_OPERATE":-21953000,"NETCASH_INVEST":-29529000,"NETCASH_FINANCE":39852000,"END_CASH":50054000,"DIVI_RATIO":null,"DIVIDEND_RATE":null,"CURRENT_RATIO":2.643645114088,"COMMON_ACS":10000000000,"CURRENTDEBT_DEBT":56.860935245252,"ISSUED_COMMON_SHARES":2833867092,"HK_COMMON_SHARES":2833867092,"PER_SHARES":2000,"TOTAL_MARKET_CAP":181367493.888,"HKSK_MARKET_CAP":181367493.888,"PE_TTM":-0.417948707366,"PB_TTM":0.381554279529,"REPORT_DATE_SQ":"2018-06-30 00:00:00","REPORT_TYPE_SQ":"2018年中报","OPERATE_INCOME_SQ":175537000,"DPS_HKD":null,"OPERATE_INCOME_QOQ_SQ":0,"NET_PROFIT_RATIO_SQ":13.1374012316,"HOLDER_PROFIT_SQ":23061000,"HOLDER_PROFIT_QOQ_SQ":0,"ROE_AVG_SQ":10.037541213724,"PE_TTM_SQ":-0.351396133623,"PB_TTM_SQ":0.205681603809,"ROA_SQ":7.064326697157,"START_DATE":"2019-04-01 00:00:00","FISCAL_YEAR":"3-31","CURRENCY":"HKD","IS_CNY_CODE":0,"DPS_HKD_LY":null,"ORG_TYPE":"一般企业","PREMIUM_INCOME":null,"PREMIUM_INCOME_YOY":null,"NET_INTEREST_INCOME":null,"NET_INTEREST_INCOME_YOY":null,"FEE_COMMISSION_INCOME":null,"FEE_COMMISSION_INCOME_YOY":null,"ACCOUNTS_RECE_TDAYS":0.836754559883,"INVENTORY_TDAYS":3.168194640339,"CURRENT_ASSETS_TDAYS":0.586187582033,"TOTAL_ASSETS_TDAYS":0.428833412985,"PREMIUM_EXPENSE":null,"LOAN_DEPOSIT":null,"LOAN_EQUITY":null,"LOAN_ASSETS":null,"DEPOSIT_EQUITY":null,"DEPOSIT_ASSETS":null,"EQUITY_MULTIPLIER":1.958815830478,"EQUITY_RATIO":1.069056214364}],"count":17},"success":true,"message":"ok","code":0}