{"version":"2dbc98f0e2528734d3084f4773a4613d","result":{"pages":5,"data":[{"SECUCODE":"02728.HK","SECURITY_CODE":"02728","SECURITY_NAME_ABBR":"金泰能源控股","ORG_CODE":"10010617","STD_REPORT_DATE":"2024-06-30 00:00:00","REPORT_DATE":"2024-06-30 00:00:00","DATE_TYPE_CODE":"002","REPORT_TYPE":"2024年中报","PER_NETCASH_OPERATE":0.05534932664,"PER_OI":0.026369875068,"BPS":0.013879636382,"BASIC_EPS":-0.002372968,"DILUTED_EPS":null,"OPERATE_INCOME":117478344.24,"OPERATE_INCOME_YOY":822.2469011965,"GROSS_PROFIT":4036783.64,"GROSS_PROFIT_YOY":-64.964509419743,"HOLDER_PROFIT":-10604428.92,"HOLDER_PROFIT_YOY":72.6753210103,"GROSS_PROFIT_RATIO":3.436193850122,"EPS_TTM":0.001485679301,"OPERATE_INCOME_QOQ":8.803522962837,"NET_PROFIT_RATIO":-9.6925060986,"ROE_AVG":-15.237533195633,"GROSS_PROFIT_QOQ":-33.897504518226,"ROA":-3.920331468598,"HOLDER_PROFIT_QOQ":130.110778956038,"ROE_YEARLY":-30.475066391266,"ROIC_YEARLY":-16.394460396633,"TOTAL_ASSETS":262871918.96,"TOTAL_LIABILITIES":200926502,"TAX_EBT":-2.573378278385,"OCF_SALES":209.896051834242,"TOTAL_PARENT_EQUITY":61834070,"DEBT_ASSET_RATIO":76.4351334273,"OPERATE_PROFIT":-6354990.84,"PRETAX_PROFIT":-11100926.84,"NETCASH_OPERATE":246582406.32,"NETCASH_INVEST":399753.84,"NETCASH_FINANCE":-6509233.76,"END_CASH":258178005.72,"DIVI_RATIO":null,"DIVIDEND_RATE":null,"CURRENT_RATIO":3.654048076067,"COMMON_ACS":16000000000,"CURRENTDEBT_DEBT":35.733363615717,"ISSUED_COMMON_SHARES":4455020888,"HK_COMMON_SHARES":4455020888,"PER_SHARES":4000,"TOTAL_MARKET_CAP":129195605.752,"HKSK_MARKET_CAP":129195605.752,"PE_TTM":19.436679066045,"PB_TTM":1.906946210362,"REPORT_DATE_SQ":"2023-06-30 00:00:00","REPORT_TYPE_SQ":"2023年中报","OPERATE_INCOME_SQ":12868074.86,"DPS_HKD":null,"OPERATE_INCOME_QOQ_SQ":-61.156972866751,"NET_PROFIT_RATIO_SQ":-94.9845955435,"HOLDER_PROFIT_SQ":-39204433.56,"HOLDER_PROFIT_QOQ_SQ":-179.777119430232,"ROE_AVG_SQ":-45.929014279234,"PE_TTM_SQ":-1.006568282064,"PB_TTM_SQ":1.252501022801,"ROA_SQ":-9.930104877713,"START_DATE":"2024-01-01 00:00:00","FISCAL_YEAR":"12-31","CURRENCY":"HKD","IS_CNY_CODE":0,"DPS_HKD_LY":null,"ORG_TYPE":"一般企业","PREMIUM_INCOME":null,"PREMIUM_INCOME_YOY":null,"NET_INTEREST_INCOME":null,"NET_INTEREST_INCOME_YOY":null,"FEE_COMMISSION_INCOME":null,"FEE_COMMISSION_INCOME_YOY":null,"ACCOUNTS_RECE_TDAYS":0.915559127815,"INVENTORY_TDAYS":null,"CURRENT_ASSETS_TDAYS":0.436859396424,"TOTAL_ASSETS_TDAYS":0.434303490812,"PREMIUM_EXPENSE":null,"LOAN_DEPOSIT":null,"LOAN_EQUITY":null,"LOAN_ASSETS":null,"DEPOSIT_EQUITY":null,"DEPOSIT_ASSETS":null,"EQUITY_MULTIPLIER":4.24360561056,"EQUITY_RATIO":3.249446494465},{"SECUCODE":"02728.HK","SECURITY_CODE":"02728","SECURITY_NAME_ABBR":"金泰能源控股","ORG_CODE":"10010617","STD_REPORT_DATE":"2023-12-31 00:00:00","REPORT_DATE":"2023-12-31 00:00:00","DATE_TYPE_CODE":"001","REPORT_TYPE":"2023年年报","PER_NETCASH_OPERATE":-0.056538098925,"PER_OI":0.266727671989,"BPS":0.017240474968,"BASIC_EPS":-0.004893588,"DILUTED_EPS":null,"OPERATE_INCOME":1188277350.12,"OPERATE_INCOME_YOY":772.5004325087,"GROSS_PROFIT":22081862.74,"GROSS_PROFIT_YOY":-11.374697513354,"HOLDER_PROFIT":-21981272.32,"HOLDER_PROFIT_YOY":23.9933569392,"GROSS_PROFIT_RATIO":1.858308814669,"EPS_TTM":-0.004934044727,"OPERATE_INCOME_QOQ":2178.78565410247,"NET_PROFIT_RATIO":0.0796189273,"ROE_AVG":-24.404746932554,"GROSS_PROFIT_QOQ":81.199588365347,"ROA":-5.877414141316,"HOLDER_PROFIT_QOQ":72.439299520102,"ROE_YEARLY":-24.404746932554,"ROIC_YEARLY":-6.360978168229,"TOTAL_ASSETS":276156045.48,"TOTAL_LIABILITIES":198407806.8,"TAX_EBT":54.069511658601,"OCF_SALES":-21.196937874358,"TOTAL_PARENT_EQUITY":76806676.1,"DEBT_ASSET_RATIO":71.8462659237,"OPERATE_PROFIT":13543457.9,"PRETAX_PROFIT":2059838.06,"NETCASH_OPERATE":-251878411.68,"NETCASH_INVEST":234836944.58,"NETCASH_FINANCE":-2932527.92,"END_CASH":22863930.6,"DIVI_RATIO":null,"DIVIDEND_RATE":null,"CURRENT_RATIO":3.693300703579,"COMMON_ACS":16000000000,"CURRENTDEBT_DEBT":37.327578331963,"ISSUED_COMMON_SHARES":4455020888,"HK_COMMON_SHARES":4455020888,"PER_SHARES":4000,"TOTAL_MARKET_CAP":133650626.64,"HKSK_MARKET_CAP":133650626.64,"PE_TTM":20.106909378667,"PB_TTM":1.972702976236,"REPORT_DATE_SQ":"2022-12-31 00:00:00","REPORT_TYPE_SQ":"2022年年报","OPERATE_INCOME_SQ":134245975.22,"DPS_HKD":null,"OPERATE_INCOME_QOQ_SQ":-89.580186287305,"NET_PROFIT_RATIO_SQ":-27.1382563911,"HOLDER_PROFIT_SQ":-28506925.51,"HOLDER_PROFIT_QOQ_SQ":-489.388967631883,"ROE_AVG_SQ":-20.95307503923,"PE_TTM_SQ":-1.006568282064,"PB_TTM_SQ":1.252501022801,"ROA_SQ":-4.118749778175,"START_DATE":"2023-01-01 00:00:00","FISCAL_YEAR":"12-31","CURRENCY":"HKD","IS_CNY_CODE":0,"DPS_HKD_LY":null,"ORG_TYPE":"一般企业","PREMIUM_INCOME":null,"PREMIUM_INCOME_YOY":null,"NET_INTEREST_INCOME":null,"NET_INTEREST_INCOME_YOY":null,"FEE_COMMISSION_INCOME":null,"FEE_COMMISSION_INCOME_YOY":null,"ACCOUNTS_RECE_TDAYS":8.030462262071,"INVENTORY_TDAYS":null,"CURRENT_ASSETS_TDAYS":4.975651959436,"TOTAL_ASSETS_TDAYS":3.177249250967,"PREMIUM_EXPENSE":null,"LOAN_DEPOSIT":null,"LOAN_EQUITY":null,"LOAN_ASSETS":null,"DEPOSIT_EQUITY":null,"DEPOSIT_ASSETS":null,"EQUITY_MULTIPLIER":3.551926708158,"EQUITY_RATIO":2.583210430063},{"SECUCODE":"02728.HK","SECURITY_CODE":"02728","SECURITY_NAME_ABBR":"金泰能源控股","ORG_CODE":"10010617","STD_REPORT_DATE":"2023-06-30 00:00:00","REPORT_DATE":"2023-06-30 00:00:00","DATE_TYPE_CODE":"002","REPORT_TYPE":"2023年中报","PER_NETCASH_OPERATE":-0.009305642272,"PER_OI":0.002888443216,"BPS":0.014722223507,"BASIC_EPS":-0.00875881,"DILUTED_EPS":null,"OPERATE_INCOME":12868074.86,"OPERATE_INCOME_YOY":-87.4317874831,"GROSS_PROFIT":11521984.06,"GROSS_PROFIT_YOY":-52.489559397172,"HOLDER_PROFIT":-39204433.56,"HOLDER_PROFIT_YOY":-401.9170690145,"GROSS_PROFIT_RATIO":89.539299276349,"EPS_TTM":-0.01790246489,"OPERATE_INCOME_QOQ":-61.156972866751,"NET_PROFIT_RATIO":-94.9845955435,"ROE_AVG":-45.929014279234,"GROSS_PROFIT_QOQ":-51.08967780437,"ROA":-9.930104877713,"HOLDER_PROFIT_QOQ":-179.777119430232,"ROE_YEARLY":-91.858028558467,"ROIC_YEARLY":-31.395162109033,"TOTAL_ASSETS":309566770.74,"TOTAL_LIABILITIES":231060173.74,"TAX_EBT":-2.307454854144,"OCF_SALES":-322.168087697929,"TOTAL_PARENT_EQUITY":65587813.24,"DEBT_ASSET_RATIO":74.6398501324,"OPERATE_PROFIT":-4644935.24,"PRETAX_PROFIT":-11947016.84,"NETCASH_OPERATE":-41456830.7,"NETCASH_INVEST":237035526.12,"NETCASH_FINANCE":-3123668.24,"END_CASH":243560378.58,"DIVI_RATIO":null,"DIVIDEND_RATE":null,"CURRENT_RATIO":2.80062486806,"COMMON_ACS":16000000000,"CURRENTDEBT_DEBT":47.254132866212,"ISSUED_COMMON_SHARES":4455020888,"HK_COMMON_SHARES":4455020888,"PER_SHARES":4000,"TOTAL_MARKET_CAP":133650626.64,"HKSK_MARKET_CAP":133650626.64,"PE_TTM":20.106909378667,"PB_TTM":1.972702976236,"REPORT_DATE_SQ":"2022-06-30 00:00:00","REPORT_TYPE_SQ":"2022年中报","OPERATE_INCOME_SQ":94968849.5,"DPS_HKD":null,"OPERATE_INCOME_QOQ_SQ":-85.688254439263,"NET_PROFIT_RATIO_SQ":22.383610986,"HOLDER_PROFIT_SQ":12044495.96,"HOLDER_PROFIT_QOQ_SQ":-106.273628977387,"ROE_AVG_SQ":6.583369559628,"PE_TTM_SQ":-1.006568282064,"PB_TTM_SQ":1.252501022801,"ROA_SQ":1.533844723815,"START_DATE":"2023-01-01 00:00:00","FISCAL_YEAR":"12-31","CURRENCY":"HKD","IS_CNY_CODE":0,"DPS_HKD_LY":null,"ORG_TYPE":"一般企业","PREMIUM_INCOME":null,"PREMIUM_INCOME_YOY":null,"NET_INTEREST_INCOME":null,"NET_INTEREST_INCOME_YOY":null,"FEE_COMMISSION_INCOME":null,"FEE_COMMISSION_INCOME_YOY":null,"ACCOUNTS_RECE_TDAYS":0.306279419348,"INVENTORY_TDAYS":null,"CURRENT_ASSETS_TDAYS":0.050124440199,"TOTAL_ASSETS_TDAYS":0.032593592441,"PREMIUM_EXPENSE":null,"LOAN_DEPOSIT":null,"LOAN_EQUITY":null,"LOAN_ASSETS":null,"DEPOSIT_EQUITY":null,"DEPOSIT_ASSETS":null,"EQUITY_MULTIPLIER":3.943194362891,"EQUITY_RATIO":3.522913210942},{"SECUCODE":"02728.HK","SECURITY_CODE":"02728","SECURITY_NAME_ABBR":"金泰能源控股","ORG_CODE":"10010617","STD_REPORT_DATE":"2022-12-31 00:00:00","REPORT_DATE":"2022-12-31 00:00:00","DATE_TYPE_CODE":"001","REPORT_TYPE":"2022年年报","PER_NETCASH_OPERATE":0.130208279576,"PER_OI":0.030133635418,"BPS":0.022863193592,"BASIC_EPS":-0.006431544,"DILUTED_EPS":null,"OPERATE_INCOME":134245975.22,"OPERATE_INCOME_YOY":-98.6350690067,"GROSS_PROFIT":24915980.11,"GROSS_PROFIT_YOY":-92.893562633307,"HOLDER_PROFIT":-28506925.51,"HOLDER_PROFIT_YOY":-133.8437881118,"GROSS_PROFIT_RATIO":18.559945703525,"EPS_TTM":-0.006398830943,"OPERATE_INCOME_QOQ":-89.580186287305,"NET_PROFIT_RATIO":-27.1382563911,"ROE_AVG":-20.95307503923,"GROSS_PROFIT_QOQ":-77.515145938743,"ROA":-4.118749778175,"HOLDER_PROFIT_QOQ":-489.388967631883,"ROE_YEARLY":-20.95307503923,"ROIC_YEARLY":-4.295978703856,"TOTAL_ASSETS":465092638.01,"TOTAL_LIABILITIES":374634758.19,"TAX_EBT":1.12008146047,"OCF_SALES":432.102790679105,"TOTAL_PARENT_EQUITY":101856005.02,"DEBT_ASSET_RATIO":80.5505672575,"OPERATE_PROFIT":-26199609.1,"PRETAX_PROFIT":-36844707.69,"NETCASH_OPERATE":468260173.43,"NETCASH_INVEST":-335563128.39,"NETCASH_FINANCE":-130890853.1,"END_CASH":43982828.26,"DIVI_RATIO":null,"DIVIDEND_RATE":null,"CURRENT_RATIO":0.53770474583,"COMMON_ACS":16000000000,"CURRENTDEBT_DEBT":99.875058715251,"ISSUED_COMMON_SHARES":4455020888,"HK_COMMON_SHARES":4455020888,"PER_SHARES":4000,"TOTAL_MARKET_CAP":133650626.64,"HKSK_MARKET_CAP":133650626.64,"PE_TTM":20.106909378667,"PB_TTM":1.972702976236,"REPORT_DATE_SQ":"2021-12-31 00:00:00","REPORT_TYPE_SQ":"2021年年报","OPERATE_INCOME_SQ":9002201152,"DPS_HKD":null,"OPERATE_INCOME_QOQ_SQ":-47.625032297669,"NET_PROFIT_RATIO_SQ":0.6733196979,"HOLDER_PROFIT_SQ":77095592,"HOLDER_PROFIT_QOQ_SQ":-71.687868208492,"ROE_AVG_SQ":74.126627256147,"PE_TTM_SQ":-1.006568282064,"PB_TTM_SQ":1.252501022801,"ROA_SQ":6.846813485235,"START_DATE":"2022-01-01 00:00:00","FISCAL_YEAR":"12-31","CURRENCY":"HKD","IS_CNY_CODE":0,"DPS_HKD_LY":null,"ORG_TYPE":"一般企业","PREMIUM_INCOME":null,"PREMIUM_INCOME_YOY":null,"NET_INTEREST_INCOME":null,"NET_INTEREST_INCOME_YOY":null,"FEE_COMMISSION_INCOME":null,"FEE_COMMISSION_INCOME_YOY":null,"ACCOUNTS_RECE_TDAYS":0.296991177374,"INVENTORY_TDAYS":null,"CURRENT_ASSETS_TDAYS":0.240885605544,"TOTAL_ASSETS_TDAYS":0.193961842874,"PREMIUM_EXPENSE":null,"LOAN_DEPOSIT":null,"LOAN_EQUITY":null,"LOAN_ASSETS":null,"DEPOSIT_EQUITY":null,"DEPOSIT_ASSETS":null,"EQUITY_MULTIPLIER":5.141538127304,"EQUITY_RATIO":3.678082191781},{"SECUCODE":"02728.HK","SECURITY_CODE":"02728","SECURITY_NAME_ABBR":"金泰能源控股","ORG_CODE":"10010617","STD_REPORT_DATE":"2022-06-30 00:00:00","REPORT_DATE":"2022-06-30 00:00:00","DATE_TYPE_CODE":"002","REPORT_TYPE":"2022年中报","PER_NETCASH_OPERATE":0.103077266268,"PER_OI":0.021317262452,"BPS":0.045548108061,"BASIC_EPS":0.002736608,"DILUTED_EPS":null,"OPERATE_INCOME":94968849.5,"OPERATE_INCOME_YOY":-98.8166874665,"GROSS_PROFIT":24251478.02,"GROSS_PROFIT_YOY":-90.815594533474,"HOLDER_PROFIT":12044495.96,"HOLDER_PROFIT_YOY":-87.5298825946,"GROSS_PROFIT_RATIO":25.536244934714,"EPS_TTM":-0.001085671992,"OPERATE_INCOME_QOQ":-85.688254439263,"NET_PROFIT_RATIO":22.383610986,"ROE_AVG":6.583369559628,"GROSS_PROFIT_QOQ":-68.394558633414,"ROA":1.533844723815,"HOLDER_PROFIT_QOQ":-106.273628977387,"ROE_YEARLY":13.166739119257,"ROIC_YEARLY":4.62697783673,"TOTAL_ASSETS":690522310.31,"TOTAL_LIABILITIES":506497394.97,"TAX_EBT":-3.021385941645,"OCF_SALES":483.538946420531,"TOTAL_PARENT_EQUITY":202917772.82,"DEBT_ASSET_RATIO":73.3498957829,"OPERATE_PROFIT":23947885.57,"PRETAX_PROFIT":20634024.32,"NETCASH_OPERATE":459211374.3,"NETCASH_INVEST":-1252853.35,"NETCASH_FINANCE":-14034523.09,"END_CASH":524672748.04,"DIVI_RATIO":null,"DIVIDEND_RATE":null,"CURRENT_RATIO":1.429152760178,"COMMON_ACS":16000000000,"CURRENTDEBT_DEBT":94.601553701649,"ISSUED_COMMON_SHARES":4455020888,"HK_COMMON_SHARES":4455020888,"PER_SHARES":4000,"TOTAL_MARKET_CAP":133650626.64,"HKSK_MARKET_CAP":133650626.64,"PE_TTM":20.106909378667,"PB_TTM":1.972702976236,"REPORT_DATE_SQ":"2021-06-30 00:00:00","REPORT_TYPE_SQ":"2021年中报","OPERATE_INCOME_SQ":7808797877.76,"DPS_HKD":null,"OPERATE_INCOME_QOQ_SQ":45.054985488026,"NET_PROFIT_RATIO_SQ":1.3111060248,"HOLDER_PROFIT_SQ":93976779.36,"HOLDER_PROFIT_QOQ_SQ":0.540379506716,"ROE_AVG_SQ":89.953845112321,"PE_TTM_SQ":-1.006568282064,"PB_TTM_SQ":1.252501022801,"ROA_SQ":4.57953393302,"START_DATE":"2022-01-01 00:00:00","FISCAL_YEAR":"12-31","CURRENCY":"HKD","IS_CNY_CODE":0,"DPS_HKD_LY":null,"ORG_TYPE":"一般企业","PREMIUM_INCOME":null,"PREMIUM_INCOME_YOY":null,"NET_INTEREST_INCOME":null,"NET_INTEREST_INCOME_YOY":null,"FEE_COMMISSION_INCOME":null,"FEE_COMMISSION_INCOME_YOY":null,"ACCOUNTS_RECE_TDAYS":0.194138604999,"INVENTORY_TDAYS":16.433227344992,"CURRENT_ASSETS_TDAYS":0.12181283384,"TOTAL_ASSETS_TDAYS":0.120941108051,"PREMIUM_EXPENSE":null,"LOAN_DEPOSIT":null,"LOAN_EQUITY":null,"LOAN_ASSETS":null,"DEPOSIT_EQUITY":null,"DEPOSIT_ASSETS":null,"EQUITY_MULTIPLIER":3.752330541951,"EQUITY_RATIO":2.496072117938},{"SECUCODE":"02728.HK","SECURITY_CODE":"02728","SECURITY_NAME_ABBR":"金泰能源控股","ORG_CODE":"10010617","STD_REPORT_DATE":"2021-12-31 00:00:00","REPORT_DATE":"2021-12-31 00:00:00","DATE_TYPE_CODE":"001","REPORT_TYPE":"2021年年报","PER_NETCASH_OPERATE":-0.017826165757,"PER_OI":2.020686631627,"BPS":0.034977332928,"BASIC_EPS":0.01733312,"DILUTED_EPS":0.01700608,"OPERATE_INCOME":9002201152,"OPERATE_INCOME_YOY":-21.7936687684,"GROSS_PROFIT":350611408,"GROSS_PROFIT_YOY":78.807868638314,"HOLDER_PROFIT":77095592,"HOLDER_PROFIT_YOY":-70.6979114551,"GROSS_PROFIT_RATIO":3.894729767531,"EPS_TTM":0.017305326717,"OPERATE_INCOME_QOQ":-47.625032297669,"NET_PROFIT_RATIO":0.6733196979,"ROE_AVG":74.126627256147,"GROSS_PROFIT_QOQ":-44.577326923718,"ROA":6.846813485235,"HOLDER_PROFIT_QOQ":-71.687868208492,"ROE_YEARLY":74.126627256147,"ROIC_YEARLY":7.204850963232,"TOTAL_ASSETS":841295683.2,"TOTAL_LIABILITIES":708550964.8,"TAX_EBT":45.898373360772,"OCF_SALES":-0.882183584427,"TOTAL_PARENT_EQUITY":155824748.8,"DEBT_ASSET_RATIO":84.2213955152,"OPERATE_PROFIT":132036676.8,"PRETAX_PROFIT":112036545.6,"NETCASH_OPERATE":-79415940.8,"NETCASH_INVEST":-1689161.6,"NETCASH_FINANCE":35740566.4,"END_CASH":45524785.6,"DIVI_RATIO":null,"DIVIDEND_RATE":null,"CURRENT_RATIO":1.225742842484,"COMMON_ACS":16000000000,"CURRENTDEBT_DEBT":96.261927043247,"ISSUED_COMMON_SHARES":4455020888,"HK_COMMON_SHARES":4455020888,"PER_SHARES":4000,"TOTAL_MARKET_CAP":133650626.64,"HKSK_MARKET_CAP":133650626.64,"PE_TTM":20.106909378667,"PB_TTM":1.972702976236,"REPORT_DATE_SQ":"2020-12-31 00:00:00","REPORT_TYPE_SQ":"2020年年报","OPERATE_INCOME_SQ":11849288806.76,"DPS_HKD":null,"OPERATE_INCOME_QOQ_SQ":130.440888152998,"NET_PROFIT_RATIO_SQ":2.2305082767,"HOLDER_PROFIT_SQ":270842276.92,"HOLDER_PROFIT_QOQ_SQ":255.140837301191,"ROE_AVG_SQ":-176.938303101615,"PE_TTM_SQ":-1.006568282064,"PB_TTM_SQ":1.252501022801,"ROA_SQ":18.776619533979,"START_DATE":"2021-01-01 00:00:00","FISCAL_YEAR":"12-31","CURRENCY":"HKD","IS_CNY_CODE":0,"DPS_HKD_LY":null,"ORG_TYPE":"一般企业","PREMIUM_INCOME":null,"PREMIUM_INCOME_YOY":null,"NET_INTEREST_INCOME":null,"NET_INTEREST_INCOME_YOY":null,"FEE_COMMISSION_INCOME":null,"FEE_COMMISSION_INCOME_YOY":null,"ACCOUNTS_RECE_TDAYS":10.722252248304,"INVENTORY_TDAYS":42.337598425197,"CURRENT_ASSETS_TDAYS":8.078041493934,"TOTAL_ASSETS_TDAYS":7.99480108335,"PREMIUM_EXPENSE":null,"LOAN_DEPOSIT":null,"LOAN_EQUITY":null,"LOAN_ASSETS":null,"DEPOSIT_EQUITY":null,"DEPOSIT_ASSETS":null,"EQUITY_MULTIPLIER":6.337696093234,"EQUITY_RATIO":4.54710160136},{"SECUCODE":"02728.HK","SECURITY_CODE":"02728","SECURITY_NAME_ABBR":"金泰能源控股","ORG_CODE":"10010617","STD_REPORT_DATE":"2021-06-30 00:00:00","REPORT_DATE":"2021-06-30 00:00:00","DATE_TYPE_CODE":"002","REPORT_TYPE":"2021年中报","PER_NETCASH_OPERATE":-0.010735182474,"PER_OI":1.752808364781,"BPS":0.034979507966,"BASIC_EPS":0.021134832,"DILUTED_EPS":0.019637088,"OPERATE_INCOME":7808797877.76,"OPERATE_INCOME_YOY":247.0436835472,"GROSS_PROFIT":264050603.04,"GROSS_PROFIT_YOY":253.090289611496,"HOLDER_PROFIT":93976779.36,"HOLDER_PROFIT_YOY":11.5146129542,"GROSS_PROFIT_RATIO":3.381450092236,"EPS_TTM":0.061123361691,"OPERATE_INCOME_QOQ":45.054985488026,"NET_PROFIT_RATIO":1.3111060248,"ROE_AVG":89.953845112321,"GROSS_PROFIT_QOQ":222.625847353501,"ROA":4.57953393302,"HOLDER_PROFIT_QOQ":0.540379506716,"ROE_YEARLY":179.907690224642,"ROIC_YEARLY":9.499931342468,"TOTAL_ASSETS":2668504690.32,"TOTAL_LIABILITIES":2500483608,"TAX_EBT":10.436016887465,"OCF_SALES":-0.612456141248,"TOTAL_PARENT_EQUITY":155834438.64,"DEBT_ASSET_RATIO":93.7035492975,"OPERATE_PROFIT":126976240.08,"PRETAX_PROFIT":114311150.4,"NETCASH_OPERATE":-47825462.16,"NETCASH_INVEST":-1179889.44,"NETCASH_FINANCE":-7006113.6,"END_CASH":44023688.64,"DIVI_RATIO":null,"DIVIDEND_RATE":null,"CURRENT_RATIO":1.071204026321,"COMMON_ACS":16000000000,"CURRENTDEBT_DEBT":99.058666932881,"ISSUED_COMMON_SHARES":4455020888,"HK_COMMON_SHARES":4455020888,"PER_SHARES":4000,"TOTAL_MARKET_CAP":133650626.64,"HKSK_MARKET_CAP":133650626.64,"PE_TTM":20.106909378667,"PB_TTM":1.972702976236,"REPORT_DATE_SQ":"2020-06-30 00:00:00","REPORT_TYPE_SQ":"2020年中报","OPERATE_INCOME_SQ":2470102525.44,"DPS_HKD":null,"OPERATE_INCOME_QOQ_SQ":91.126584228242,"NET_PROFIT_RATIO_SQ":2.0453180562,"HOLDER_PROFIT_SQ":92513203.2,"HOLDER_PROFIT_QOQ_SQ":67.477724782181,"ROE_AVG_SQ":-28.579853855585,"PE_TTM_SQ":-1.006568282064,"PB_TTM_SQ":1.252501022801,"ROA_SQ":5.219799263466,"START_DATE":"2021-01-01 00:00:00","FISCAL_YEAR":"12-31","CURRENCY":"HKD","IS_CNY_CODE":0,"DPS_HKD_LY":null,"ORG_TYPE":"一般企业","PREMIUM_INCOME":null,"PREMIUM_INCOME_YOY":null,"NET_INTEREST_INCOME":null,"NET_INTEREST_INCOME_YOY":null,"FEE_COMMISSION_INCOME":null,"FEE_COMMISSION_INCOME_YOY":null,"ACCOUNTS_RECE_TDAYS":6.03272829307,"INVENTORY_TDAYS":11.263999821114,"CURRENT_ASSETS_TDAYS":3.836537748088,"TOTAL_ASSETS_TDAYS":3.805264992143,"PREMIUM_EXPENSE":null,"LOAN_DEPOSIT":null,"LOAN_EQUITY":null,"LOAN_ASSETS":null,"DEPOSIT_EQUITY":null,"DEPOSIT_ASSETS":null,"EQUITY_MULTIPLIER":15.881963462415,"EQUITY_RATIO":16.045770304833},{"SECUCODE":"02728.HK","SECURITY_CODE":"02728","SECURITY_NAME_ABBR":"金泰能源控股","ORG_CODE":"10010617","STD_REPORT_DATE":"2020-12-31 00:00:00","REPORT_DATE":"2020-12-31 00:00:00","DATE_TYPE_CODE":"001","REPORT_TYPE":"2020年年报","PER_NETCASH_OPERATE":0.057773261502,"PER_OI":2.659760549872,"BPS":0.012058349281,"BASIC_EPS":0.067415364,"DILUTED_EPS":0.060934736,"OPERATE_INCOME":11849288806.76,"OPERATE_INCOME_YOY":368.7654908803,"GROSS_PROFIT":196082762.28,"GROSS_PROFIT_YOY":248.095088464678,"HOLDER_PROFIT":270842276.92,"HOLDER_PROFIT_YOY":153.7009595327,"GROSS_PROFIT_RATIO":1.654806170039,"EPS_TTM":0.060794838841,"OPERATE_INCOME_QOQ":130.440888152998,"NET_PROFIT_RATIO":2.2305082767,"ROE_AVG":-176.938303101615,"GROSS_PROFIT_QOQ":273.30598668911,"ROA":18.776619533979,"HOLDER_PROFIT_QOQ":255.140837301191,"ROE_YEARLY":-176.938303101615,"ROIC_YEARLY":21.475818073888,"TOTAL_ASSETS":1452197638.32,"TOTAL_LIABILITIES":1404611312.72,"TAX_EBT":1.139622665269,"OCF_SALES":2.172122656114,"TOTAL_PARENT_EQUITY":53720197.92,"DEBT_ASSET_RATIO":96.7231508753,"OPERATE_PROFIT":302347387.04,"PRETAX_PROFIT":267346104.36,"NETCASH_OPERATE":257381086.76,"NETCASH_INVEST":-94263.68,"NETCASH_FINANCE":-439133244.76,"END_CASH":98231170.96,"DIVI_RATIO":null,"DIVIDEND_RATE":null,"CURRENT_RATIO":1.038638730431,"COMMON_ACS":16000000000,"CURRENTDEBT_DEBT":98.275388909328,"ISSUED_COMMON_SHARES":4455020888,"HK_COMMON_SHARES":4455020888,"PER_SHARES":4000,"TOTAL_MARKET_CAP":133650626.64,"HKSK_MARKET_CAP":133650626.64,"PE_TTM":20.106909378667,"PB_TTM":1.972702976236,"REPORT_DATE_SQ":"2019-12-31 00:00:00","REPORT_TYPE_SQ":"2019年年报","OPERATE_INCOME_SQ":2690367736.4,"DPS_HKD":null,"OPERATE_INCOME_QOQ_SQ":1078.51310086324,"NET_PROFIT_RATIO_SQ":-19.9151955464,"HOLDER_PROFIT_SQ":-536796165,"HOLDER_PROFIT_QOQ_SQ":6.950652883541,"ROE_AVG_SQ":328.470454103208,"PE_TTM_SQ":-1.006568282064,"PB_TTM_SQ":1.252501022801,"ROA_SQ":-50.64933418418,"START_DATE":"2020-01-01 00:00:00","FISCAL_YEAR":"12-31","CURRENCY":"HKD","IS_CNY_CODE":0,"DPS_HKD_LY":null,"ORG_TYPE":"一般企业","PREMIUM_INCOME":null,"PREMIUM_INCOME_YOY":null,"NET_INTEREST_INCOME":null,"NET_INTEREST_INCOME_YOY":null,"FEE_COMMISSION_INCOME":null,"FEE_COMMISSION_INCOME_YOY":null,"ACCOUNTS_RECE_TDAYS":13.868090301908,"INVENTORY_TDAYS":32.178506188964,"CURRENT_ASSETS_TDAYS":8.460558323899,"TOTAL_ASSETS_TDAYS":8.214728889555,"PREMIUM_EXPENSE":null,"LOAN_DEPOSIT":null,"LOAN_EQUITY":null,"LOAN_ASSETS":null,"DEPOSIT_EQUITY":null,"DEPOSIT_ASSETS":null,"EQUITY_MULTIPLIER":30.517120622438,"EQUITY_RATIO":26.146800777088},{"SECUCODE":"02728.HK","SECURITY_CODE":"02728","SECURITY_NAME_ABBR":"金泰能源控股","ORG_CODE":"10010617","STD_REPORT_DATE":"2020-06-30 00:00:00","REPORT_DATE":"2020-06-30 00:00:00","DATE_TYPE_CODE":"002","REPORT_TYPE":"2020年中报","PER_NETCASH_OPERATE":-0.198068539696,"PER_OI":0.665344361785,"BPS":-0.057651428655,"BASIC_EPS":0.024936912,"DILUTED_EPS":0.023932128,"OPERATE_INCOME":2470102525.44,"OPERATE_INCOME_YOY":12784.3910806175,"GROSS_PROFIT":-172480308,"GROSS_PROFIT_YOY":-5634.8963637783,"HOLDER_PROFIT":92513203.2,"HOLDER_PROFIT_YOY":133.0331603615,"GROSS_PROFIT_RATIO":-6.982718580447,"EPS_TTM":-0.047024244456,"OPERATE_INCOME_QOQ":91.126584228242,"NET_PROFIT_RATIO":2.0453180562,"ROE_AVG":-28.579853855585,"GROSS_PROFIT_QOQ":-300.855778334489,"ROA":5.219799263466,"HOLDER_PROFIT_QOQ":67.477724782181,"ROE_YEARLY":-57.159707711171,"ROIC_YEARLY":11.426937074843,"TOTAL_ASSETS":1989790197.12,"TOTAL_LIABILITIES":2287418179.2,"TAX_EBT":0.043373755264,"OCF_SALES":-29.769327144387,"TOTAL_PARENT_EQUITY":-256838318.88,"DEBT_ASSET_RATIO":114.9577569791,"OPERATE_PROFIT":73041402.72,"PRETAX_PROFIT":50543375.52,"NETCASH_OPERATE":-735332901.6,"NETCASH_INVEST":-1157328.48,"NETCASH_FINANCE":500649156.48,"END_CASH":53501094.24,"DIVI_RATIO":null,"DIVIDEND_RATE":null,"CURRENT_RATIO":0.868764297532,"COMMON_ACS":16000000000,"CURRENTDEBT_DEBT":99.902682714501,"ISSUED_COMMON_SHARES":4455020888,"HK_COMMON_SHARES":4455020888,"PER_SHARES":4000,"TOTAL_MARKET_CAP":133650626.64,"HKSK_MARKET_CAP":133650626.64,"PE_TTM":20.106909378667,"PB_TTM":1.972702976236,"REPORT_DATE_SQ":"2019-06-30 00:00:00","REPORT_TYPE_SQ":"2019年中报","OPERATE_INCOME_SQ":18462304.08,"DPS_HKD":null,"OPERATE_INCOME_QOQ_SQ":-85.907964959305,"NET_PROFIT_RATIO_SQ":-1460.839527349,"HOLDER_PROFIT_SQ":-269704635.66,"HOLDER_PROFIT_QOQ_SQ":-87.147233290117,"ROE_AVG_SQ":347.450789297735,"PE_TTM_SQ":-1.006568282064,"PB_TTM_SQ":1.252501022801,"ROA_SQ":-60.872241177177,"START_DATE":"2020-01-01 00:00:00","FISCAL_YEAR":"12-31","CURRENCY":"HKD","IS_CNY_CODE":0,"DPS_HKD_LY":null,"ORG_TYPE":"一般企业","PREMIUM_INCOME":null,"PREMIUM_INCOME_YOY":null,"NET_INTEREST_INCOME":null,"NET_INTEREST_INCOME_YOY":null,"FEE_COMMISSION_INCOME":null,"FEE_COMMISSION_INCOME_YOY":null,"ACCOUNTS_RECE_TDAYS":2.385846779316,"INVENTORY_TDAYS":5.021764733962,"CURRENT_ASSETS_TDAYS":1.423984627865,"TOTAL_ASSETS_TDAYS":1.393686403345,"PREMIUM_EXPENSE":null,"LOAN_DEPOSIT":null,"LOAN_EQUITY":null,"LOAN_ASSETS":null,"DEPOSIT_EQUITY":null,"DEPOSIT_ASSETS":null,"EQUITY_MULTIPLIER":-6.685494365213,"EQUITY_RATIO":-8.906062729171}],"count":40},"success":true,"message":"ok","code":0}