{"version":"56ce430ca591e2aa7fed5fe7c4ec11a3","result":{"pages":5,"data":[{"SECUCODE":"02722.HK","SECURITY_CODE":"02722","SECURITY_NAME_ABBR":"重庆机电","ORG_CODE":"10114145","STD_REPORT_DATE":"2024-06-30 00:00:00","REPORT_DATE":"2024-06-30 00:00:00","DATE_TYPE_CODE":"002","REPORT_TYPE":"2024年中报","PER_NETCASH_OPERATE":-0.068408228634,"PER_OI":1.13989440345,"BPS":2.141817035933,"BASIC_EPS":0.07,"DILUTED_EPS":0.07,"OPERATE_INCOME":4200100690.27,"OPERATE_INCOME_YOY":8.8092816296,"GROSS_PROFIT":721338211.32,"GROSS_PROFIT_YOY":1.879168960698,"HOLDER_PROFIT":270105651.74,"HOLDER_PROFIT_YOY":48.4852433344,"GROSS_PROFIT_RATIO":17.17430758246,"EPS_TTM":0.106340125579,"OPERATE_INCOME_QOQ":4.248188745866,"NET_PROFIT_RATIO":6.9070507105,"ROE_AVG":3.462187367857,"GROSS_PROFIT_QOQ":0.890703356211,"ROA":1.551000327229,"HOLDER_PROFIT_QOQ":29.048237273061,"ROE_YEARLY":6.924374735713,"ROIC_YEARLY":3.666350083036,"TOTAL_ASSETS":17343779769.96,"TOTAL_LIABILITIES":8922158285.4,"TAX_EBT":14.198520794961,"OCF_SALES":-6.001277699697,"TOTAL_PARENT_EQUITY":7891825053.12,"DEBT_ASSET_RATIO":51.4429864986,"OPERATE_PROFIT":360913167.29,"PRETAX_PROFIT":338109654.12,"NETCASH_OPERATE":-252059706.09,"NETCASH_INVEST":-120654783.12,"NETCASH_FINANCE":-431564242.41,"END_CASH":1377377001.68,"DIVI_RATIO":0.187200594617,"DIVIDEND_RATE":3.093943661972,"CURRENT_RATIO":1.533841163527,"COMMON_ACS":null,"CURRENTDEBT_DEBT":81.634915910859,"ISSUED_COMMON_SHARES":3684640154,"HK_COMMON_SHARES":1100187470,"PER_SHARES":2000,"TOTAL_MARKET_CAP":2616094509.34,"HKSK_MARKET_CAP":781133103.7,"PE_TTM":6.032112031619,"PB_TTM":0.302548158469,"REPORT_DATE_SQ":"2023-06-30 00:00:00","REPORT_TYPE_SQ":"2023年中报","OPERATE_INCOME_SQ":3860057365.85,"DPS_HKD":0.021967,"OPERATE_INCOME_QOQ_SQ":5.33604787559,"NET_PROFIT_RATIO_SQ":5.2541786639,"HOLDER_PROFIT_SQ":181907404.18,"HOLDER_PROFIT_QOQ_SQ":1.786355687947,"ROE_AVG_SQ":2.39728910611,"PE_TTM_SQ":8.494533807036,"PB_TTM_SQ":0.347849908516,"ROA_SQ":1.036977489645,"START_DATE":"2024-01-01 00:00:00","FISCAL_YEAR":"12-31","CURRENCY":"HKD","IS_CNY_CODE":0,"DPS_HKD_LY":0.021967,"ORG_TYPE":"一般企业","PREMIUM_INCOME":null,"PREMIUM_INCOME_YOY":null,"NET_INTEREST_INCOME":null,"NET_INTEREST_INCOME_YOY":null,"FEE_COMMISSION_INCOME":null,"FEE_COMMISSION_INCOME_YOY":null,"ACCOUNTS_RECE_TDAYS":1.045796656866,"INVENTORY_TDAYS":1.503338107321,"CURRENT_ASSETS_TDAYS":0.372503762832,"TOTAL_ASSETS_TDAYS":0.241178128004,"PREMIUM_EXPENSE":null,"LOAN_DEPOSIT":null,"LOAN_EQUITY":null,"LOAN_ASSETS":null,"DEPOSIT_EQUITY":null,"DEPOSIT_ASSETS":null,"EQUITY_MULTIPLIER":2.059434730209,"EQUITY_RATIO":1.130557028995},{"SECUCODE":"02722.HK","SECURITY_CODE":"02722","SECURITY_NAME_ABBR":"重庆机电","ORG_CODE":"10114145","STD_REPORT_DATE":"2023-12-31 00:00:00","REPORT_DATE":"2023-12-31 00:00:00","DATE_TYPE_CODE":"001","REPORT_TYPE":"2023年年报","PER_NETCASH_OPERATE":0.039559797353,"PER_OI":2.172377863613,"BPS":2.092837820483,"BASIC_EPS":0.08,"DILUTED_EPS":0.08,"OPERATE_INCOME":8004430705.93,"OPERATE_INCOME_YOY":12.1367102363,"GROSS_PROFIT":1493778782.49,"GROSS_PROFIT_YOY":9.126353851554,"HOLDER_PROFIT":303626849.13,"HOLDER_PROFIT_YOY":-2.1494349964,"GROSS_PROFIT_RATIO":18.661899107745,"EPS_TTM":0.082403392581,"OPERATE_INCOME_QOQ":6.456158644551,"NET_PROFIT_RATIO":4.2453418959,"ROE_AVG":3.97682111188,"GROSS_PROFIT_QOQ":0.685333455306,"ROA":1.749813535746,"HOLDER_PROFIT_QOQ":-3.837800473951,"ROE_YEARLY":3.97682111188,"ROIC_YEARLY":2.108474171298,"TOTAL_ASSETS":17486084156.96,"TOTAL_LIABILITIES":9246252819.51,"TAX_EBT":12.356452024621,"OCF_SALES":1.821036662882,"TOTAL_PARENT_EQUITY":7711354269.16,"DEBT_ASSET_RATIO":52.8777783323,"OPERATE_PROFIT":415125407.55,"PRETAX_PROFIT":387724433.96,"NETCASH_OPERATE":145763617.81,"NETCASH_INVEST":235321082.02,"NETCASH_FINANCE":-366537714.35,"END_CASH":2181163417.65,"DIVI_RATIO":0.241579067517,"DIVIDEND_RATE":3.183623188406,"CURRENT_RATIO":1.599546487274,"COMMON_ACS":null,"CURRENTDEBT_DEBT":76.936535748078,"ISSUED_COMMON_SHARES":3684640154,"HK_COMMON_SHARES":1100187470,"PER_SHARES":2000,"TOTAL_MARKET_CAP":2542401706.26,"HKSK_MARKET_CAP":759129354.3,"PE_TTM":5.862193382841,"PB_TTM":0.294025675132,"REPORT_DATE_SQ":"2022-12-31 00:00:00","REPORT_TYPE_SQ":"2022年年报","OPERATE_INCOME_SQ":7138100171.71,"DPS_HKD":0.021967,"OPERATE_INCOME_QOQ_SQ":0.96517715642,"NET_PROFIT_RATIO_SQ":4.4833324575,"HOLDER_PROFIT_SQ":310296470.05,"HOLDER_PROFIT_QOQ_SQ":-7.259753164044,"ROE_AVG_SQ":4.161754928743,"PE_TTM_SQ":8.821246645768,"PB_TTM_SQ":0.361228751151,"ROA_SQ":1.82723907213,"START_DATE":"2023-01-01 00:00:00","FISCAL_YEAR":"12-31","CURRENCY":"HKD","IS_CNY_CODE":0,"DPS_HKD_LY":0.032859,"ORG_TYPE":"一般企业","PREMIUM_INCOME":null,"PREMIUM_INCOME_YOY":null,"NET_INTEREST_INCOME":null,"NET_INTEREST_INCOME_YOY":null,"FEE_COMMISSION_INCOME":null,"FEE_COMMISSION_INCOME_YOY":null,"ACCOUNTS_RECE_TDAYS":2.136979247243,"INVENTORY_TDAYS":2.941557930271,"CURRENT_ASSETS_TDAYS":0.706008040068,"TOTAL_ASSETS_TDAYS":0.461298506219,"PREMIUM_EXPENSE":null,"LOAN_DEPOSIT":null,"LOAN_EQUITY":null,"LOAN_ASSETS":null,"DEPOSIT_EQUITY":null,"DEPOSIT_ASSETS":null,"EQUITY_MULTIPLIER":2.122141029453,"EQUITY_RATIO":1.199043967736},{"SECUCODE":"02722.HK","SECURITY_CODE":"02722","SECURITY_NAME_ABBR":"重庆机电","ORG_CODE":"10114145","STD_REPORT_DATE":"2023-06-30 00:00:00","REPORT_DATE":"2023-06-30 00:00:00","DATE_TYPE_CODE":"002","REPORT_TYPE":"2023年中报","PER_NETCASH_OPERATE":0.006331754924,"PER_OI":1.04760769153,"BPS":2.067398560109,"BASIC_EPS":0.05,"DILUTED_EPS":0.05,"OPERATE_INCOME":3860057365.85,"OPERATE_INCOME_YOY":10.9478122184,"GROSS_PROFIT":708033073.57,"GROSS_PROFIT_YOY":19.34326326148,"HOLDER_PROFIT":181907404.18,"HOLDER_PROFIT_YOY":3.1419488655,"GROSS_PROFIT_RATIO":18.342553140116,"EPS_TTM":0.085692083778,"OPERATE_INCOME_QOQ":5.33604787559,"NET_PROFIT_RATIO":5.2541786639,"ROE_AVG":2.39728910611,"GROSS_PROFIT_QOQ":8.383565020415,"ROA":1.036977489645,"HOLDER_PROFIT_QOQ":1.786355687947,"ROE_YEARLY":4.79457821222,"ROIC_YEARLY":2.511779092773,"TOTAL_ASSETS":17866331883.08,"TOTAL_LIABILITIES":9768394960.79,"TAX_EBT":15.049475105507,"OCF_SALES":0.604401339897,"TOTAL_PARENT_EQUITY":7617619748.9,"DEBT_ASSET_RATIO":54.6748768842,"OPERATE_PROFIT":239798523.74,"PRETAX_PROFIT":238744034.58,"NETCASH_OPERATE":23330238.44,"NETCASH_INVEST":115114877.78,"NETCASH_FINANCE":13290246.75,"END_CASH":2317712501.59,"DIVI_RATIO":0.232307744919,"DIVIDEND_RATE":3.183623188406,"CURRENT_RATIO":1.581683048961,"COMMON_ACS":null,"CURRENTDEBT_DEBT":77.571211671064,"ISSUED_COMMON_SHARES":3684640154,"HK_COMMON_SHARES":1100187470,"PER_SHARES":2000,"TOTAL_MARKET_CAP":2542401706.26,"HKSK_MARKET_CAP":759129354.3,"PE_TTM":5.862193382841,"PB_TTM":0.294025675132,"REPORT_DATE_SQ":"2022-06-30 00:00:00","REPORT_TYPE_SQ":"2022年中报","OPERATE_INCOME_SQ":3479164923.28,"DPS_HKD":0.021967,"OPERATE_INCOME_QOQ_SQ":-3.719598588838,"NET_PROFIT_RATIO_SQ":5.3917017726,"HOLDER_PROFIT_SQ":176366072.37,"HOLDER_PROFIT_QOQ_SQ":12.807178352108,"ROE_AVG_SQ":2.392581607424,"PE_TTM_SQ":8.821246645768,"PB_TTM_SQ":0.361228751151,"ROA_SQ":1.051394825801,"START_DATE":"2023-01-01 00:00:00","FISCAL_YEAR":"12-31","CURRENCY":"HKD","IS_CNY_CODE":0,"DPS_HKD_LY":0.032859,"ORG_TYPE":"一般企业","PREMIUM_INCOME":null,"PREMIUM_INCOME_YOY":null,"NET_INTEREST_INCOME":null,"NET_INTEREST_INCOME_YOY":null,"FEE_COMMISSION_INCOME":null,"FEE_COMMISSION_INCOME_YOY":null,"ACCOUNTS_RECE_TDAYS":0.954304163971,"INVENTORY_TDAYS":1.434941414695,"CURRENT_ASSETS_TDAYS":0.331597853868,"TOTAL_ASSETS_TDAYS":0.220045611401,"PREMIUM_EXPENSE":null,"LOAN_DEPOSIT":null,"LOAN_EQUITY":null,"LOAN_ASSETS":null,"DEPOSIT_EQUITY":null,"DEPOSIT_ASSETS":null,"EQUITY_MULTIPLIER":2.206281927674,"EQUITY_RATIO":1.282342159728},{"SECUCODE":"02722.HK","SECURITY_CODE":"02722","SECURITY_NAME_ABBR":"重庆机电","ORG_CODE":"10114145","STD_REPORT_DATE":"2022-12-31 00:00:00","REPORT_DATE":"2022-12-31 00:00:00","DATE_TYPE_CODE":"001","REPORT_TYPE":"2022年年报","PER_NETCASH_OPERATE":0.06488196538,"PER_OI":1.937258422362,"BPS":2.051320879227,"BASIC_EPS":0.08,"DILUTED_EPS":0.08,"OPERATE_INCOME":7138100171.71,"OPERATE_INCOME_YOY":-2.7903221483,"GROSS_PROFIT":1368852463.01,"GROSS_PROFIT_YOY":-4.274984129531,"HOLDER_PROFIT":310296470.05,"HOLDER_PROFIT_YOY":4.6176556524,"GROSS_PROFIT_RATIO":19.176705707145,"EPS_TTM":0.084188183376,"OPERATE_INCOME_QOQ":0.96517715642,"NET_PROFIT_RATIO":4.4833324575,"ROE_AVG":4.161754928743,"GROSS_PROFIT_QOQ":9.237865234909,"ROA":1.82723907213,"HOLDER_PROFIT_QOQ":-7.259753164044,"ROE_YEARLY":4.161754928743,"ROIC_YEARLY":2.195869410719,"TOTAL_ASSETS":17228617974.52,"TOTAL_LIABILITIES":9210896034.3,"TAX_EBT":16.10731044574,"OCF_SALES":3.34916419158,"TOTAL_PARENT_EQUITY":7558472589.43,"DEBT_ASSET_RATIO":53.4341443068,"OPERATE_PROFIT":380636122.45,"PRETAX_PROFIT":381581760.45,"NETCASH_OPERATE":239066694.91,"NETCASH_INVEST":438247976.05,"NETCASH_FINANCE":-348012058.1,"END_CASH":2160065586.94,"DIVI_RATIO":0.236457587534,"DIVIDEND_RATE":3.183623188406,"CURRENT_RATIO":1.514078639809,"COMMON_ACS":null,"CURRENTDEBT_DEBT":81.000986004908,"ISSUED_COMMON_SHARES":3684640154,"HK_COMMON_SHARES":1100187470,"PER_SHARES":2000,"TOTAL_MARKET_CAP":2542401706.26,"HKSK_MARKET_CAP":759129354.3,"PE_TTM":5.862193382841,"PB_TTM":0.294025675132,"REPORT_DATE_SQ":"2021-12-31 00:00:00","REPORT_TYPE_SQ":"2021年年报","OPERATE_INCOME_SQ":7342993341.26,"DPS_HKD":0.021967,"OPERATE_INCOME_QOQ_SQ":0.262226047273,"NET_PROFIT_RATIO_SQ":4.3305574531,"HOLDER_PROFIT_SQ":296511290.59,"HOLDER_PROFIT_QOQ_SQ":39.232894146522,"ROE_AVG_SQ":4.126582184995,"PE_TTM_SQ":8.821246645768,"PB_TTM_SQ":0.361228751151,"ROA_SQ":1.777666331762,"START_DATE":"2022-01-01 00:00:00","FISCAL_YEAR":"12-31","CURRENCY":"HKD","IS_CNY_CODE":0,"DPS_HKD_LY":0.035137,"ORG_TYPE":"一般企业","PREMIUM_INCOME":null,"PREMIUM_INCOME_YOY":null,"NET_INTEREST_INCOME":null,"NET_INTEREST_INCOME_YOY":null,"FEE_COMMISSION_INCOME":null,"FEE_COMMISSION_INCOME_YOY":null,"ACCOUNTS_RECE_TDAYS":1.836063044055,"INVENTORY_TDAYS":2.738746799527,"CURRENT_ASSETS_TDAYS":0.644636414446,"TOTAL_ASSETS_TDAYS":0.420466880291,"PREMIUM_EXPENSE":null,"LOAN_DEPOSIT":null,"LOAN_EQUITY":null,"LOAN_ASSETS":null,"DEPOSIT_EQUITY":null,"DEPOSIT_ASSETS":null,"EQUITY_MULTIPLIER":2.147496239709,"EQUITY_RATIO":1.218618699125},{"SECUCODE":"02722.HK","SECURITY_CODE":"02722","SECURITY_NAME_ABBR":"重庆机电","ORG_CODE":"10114145","STD_REPORT_DATE":"2022-06-30 00:00:00","REPORT_DATE":"2022-06-30 00:00:00","DATE_TYPE_CODE":"002","REPORT_TYPE":"2022年中报","PER_NETCASH_OPERATE":0.068009571062,"PER_OI":0.944234654639,"BPS":2.006653758512,"BASIC_EPS":0.05,"DILUTED_EPS":0.05,"OPERATE_INCOME":3479164923.28,"OPERATE_INCOME_YOY":-7.2790090134,"GROSS_PROFIT":593274437.3,"GROSS_PROFIT_YOY":-22.96788934853,"HOLDER_PROFIT":176366072.37,"HOLDER_PROFIT_YOY":27.4401050819,"GROSS_PROFIT_RATIO":17.052207940194,"EPS_TTM":0.090778476711,"OPERATE_INCOME_QOQ":-3.719598588838,"NET_PROFIT_RATIO":5.3917017726,"ROE_AVG":2.392581607424,"GROSS_PROFIT_QOQ":-12.370114827291,"ROA":1.051394825801,"HOLDER_PROFIT_QOQ":12.807178352108,"ROE_YEARLY":4.785163214847,"ROIC_YEARLY":2.525669472509,"TOTAL_ASSETS":16813585724.4,"TOTAL_LIABILITIES":8955931681.81,"TAX_EBT":21.031583362949,"OCF_SALES":7.202613325779,"TOTAL_PARENT_EQUITY":7393797013.79,"DEBT_ASSET_RATIO":53.2660422863,"OPERATE_PROFIT":230758505.44,"PRETAX_PROFIT":237545850.39,"NETCASH_OPERATE":250590796.39,"NETCASH_INVEST":92843676.91,"NETCASH_FINANCE":-138047543.47,"END_CASH":2032102963.92,"DIVI_RATIO":0.219291350341,"DIVIDEND_RATE":3.183623188406,"CURRENT_RATIO":1.592149502376,"COMMON_ACS":null,"CURRENTDEBT_DEBT":75.677771778963,"ISSUED_COMMON_SHARES":3684640154,"HK_COMMON_SHARES":1100187470,"PER_SHARES":2000,"TOTAL_MARKET_CAP":2542401706.26,"HKSK_MARKET_CAP":759129354.3,"PE_TTM":5.862193382841,"PB_TTM":0.294025675132,"REPORT_DATE_SQ":"2021-06-30 00:00:00","REPORT_TYPE_SQ":"2021年中报","OPERATE_INCOME_SQ":3752294799.98,"DPS_HKD":0.021967,"OPERATE_INCOME_QOQ_SQ":16.135836812876,"NET_PROFIT_RATIO_SQ":4.0994754469,"HOLDER_PROFIT_SQ":138391342.55,"HOLDER_PROFIT_QOQ_SQ":16.392484858309,"ROE_AVG_SQ":1.942784434476,"PE_TTM_SQ":8.821246645768,"PB_TTM_SQ":0.361228751151,"ROA_SQ":0.83661595793,"START_DATE":"2022-01-01 00:00:00","FISCAL_YEAR":"12-31","CURRENCY":"HKD","IS_CNY_CODE":0,"DPS_HKD_LY":0.035137,"ORG_TYPE":"一般企业","PREMIUM_INCOME":null,"PREMIUM_INCOME_YOY":null,"NET_INTEREST_INCOME":null,"NET_INTEREST_INCOME_YOY":null,"FEE_COMMISSION_INCOME":null,"FEE_COMMISSION_INCOME_YOY":null,"ACCOUNTS_RECE_TDAYS":0.884290998291,"INVENTORY_TDAYS":1.389732159001,"CURRENT_ASSETS_TDAYS":0.321538375403,"TOTAL_ASSETS_TDAYS":0.207408145415,"PREMIUM_EXPENSE":null,"LOAN_DEPOSIT":null,"LOAN_EQUITY":null,"LOAN_ASSETS":null,"DEPOSIT_EQUITY":null,"DEPOSIT_ASSETS":null,"EQUITY_MULTIPLIER":2.139771696902,"EQUITY_RATIO":1.211276380066},{"SECUCODE":"02722.HK","SECURITY_CODE":"02722","SECURITY_NAME_ABBR":"重庆机电","ORG_CODE":"10114145","STD_REPORT_DATE":"2021-12-31 00:00:00","REPORT_DATE":"2021-12-31 00:00:00","DATE_TYPE_CODE":"001","REPORT_TYPE":"2021年年报","PER_NETCASH_OPERATE":0.104147391651,"PER_OI":1.992865798113,"BPS":1.994481183489,"BASIC_EPS":0.08,"DILUTED_EPS":0.08,"OPERATE_INCOME":7342993341.26,"OPERATE_INCOME_YOY":16.4403752272,"GROSS_PROFIT":1429984054.39,"GROSS_PROFIT_YOY":13.200736673585,"HOLDER_PROFIT":296511290.59,"HOLDER_PROFIT_YOY":62.0566252373,"GROSS_PROFIT_RATIO":19.474129798743,"EPS_TTM":0.080472251888,"OPERATE_INCOME_QOQ":0.262226047273,"NET_PROFIT_RATIO":4.3305574531,"ROE_AVG":4.126582184995,"GROSS_PROFIT_QOQ":-4.656772735896,"ROA":1.777666331762,"HOLDER_PROFIT_QOQ":39.232894146522,"ROE_YEARLY":4.126582184995,"ROIC_YEARLY":2.078990070834,"TOTAL_ASSETS":16735385231.51,"TOTAL_LIABILITIES":8921662622.03,"TAX_EBT":3.67991256678,"OCF_SALES":5.22601129234,"TOTAL_PARENT_EQUITY":7348945455.08,"DEBT_ASSET_RATIO":53.3101718222,"OPERATE_PROFIT":360786174.6,"PRETAX_PROFIT":330141462.59,"NETCASH_OPERATE":383745661.21,"NETCASH_INVEST":541663023.57,"NETCASH_FINANCE":-416203700.52,"END_CASH":1828414971.96,"DIVI_RATIO":0.24737638469,"DIVIDEND_RATE":3.183623188406,"CURRENT_RATIO":1.646482721094,"COMMON_ACS":null,"CURRENTDEBT_DEBT":73.861017356321,"ISSUED_COMMON_SHARES":3684640154,"HK_COMMON_SHARES":1100187470,"PER_SHARES":2000,"TOTAL_MARKET_CAP":2542401706.26,"HKSK_MARKET_CAP":759129354.3,"PE_TTM":5.862193382841,"PB_TTM":0.294025675132,"REPORT_DATE_SQ":"2020-12-31 00:00:00","REPORT_TYPE_SQ":"2020年年报","OPERATE_INCOME_SQ":6306226106.65,"DPS_HKD":0.021967,"OPERATE_INCOME_QOQ_SQ":9.272416660843,"NET_PROFIT_RATIO_SQ":3.4383125567,"HOLDER_PROFIT_SQ":182967706.6,"HOLDER_PROFIT_QOQ_SQ":41.16308736887,"ROE_AVG_SQ":2.639033087109,"PE_TTM_SQ":8.821246645768,"PB_TTM_SQ":0.361228751151,"ROA_SQ":1.104142642889,"START_DATE":"2021-01-01 00:00:00","FISCAL_YEAR":"12-31","CURRENCY":"HKD","IS_CNY_CODE":0,"DPS_HKD_LY":0.01204,"ORG_TYPE":"一般企业","PREMIUM_INCOME":null,"PREMIUM_INCOME_YOY":null,"NET_INTEREST_INCOME":null,"NET_INTEREST_INCOME_YOY":null,"FEE_COMMISSION_INCOME":null,"FEE_COMMISSION_INCOME_YOY":null,"ACCOUNTS_RECE_TDAYS":1.834875609443,"INVENTORY_TDAYS":2.674486918992,"CURRENT_ASSETS_TDAYS":0.680283654401,"TOTAL_ASSETS_TDAYS":0.44023254599,"PREMIUM_EXPENSE":null,"LOAN_DEPOSIT":null,"LOAN_EQUITY":null,"LOAN_ASSETS":null,"DEPOSIT_EQUITY":null,"DEPOSIT_ASSETS":null,"EQUITY_MULTIPLIER":2.141794131672,"EQUITY_RATIO":1.214005829348},{"SECUCODE":"02722.HK","SECURITY_CODE":"02722","SECURITY_NAME_ABBR":"重庆机电","ORG_CODE":"10114145","STD_REPORT_DATE":"2021-06-30 00:00:00","REPORT_DATE":"2021-06-30 00:00:00","DATE_TYPE_CODE":"002","REPORT_TYPE":"2021年中报","PER_NETCASH_OPERATE":-0.034863799498,"PER_OI":1.018361262743,"BPS":1.9608029528,"BASIC_EPS":0.04,"DILUTED_EPS":0.04,"OPERATE_INCOME":3752294799.98,"OPERATE_INCOME_YOY":37.2088448716,"GROSS_PROFIT":770165106.84,"GROSS_PROFIT_YOY":44.342970244151,"HOLDER_PROFIT":138391342.55,"HOLDER_PROFIT_YOY":27.6691876056,"GROSS_PROFIT_RATIO":20.525175869553,"EPS_TTM":0.057796867889,"OPERATE_INCOME_QOQ":16.135836812876,"NET_PROFIT_RATIO":4.0994754469,"ROE_AVG":1.942784434476,"GROSS_PROFIT_QOQ":18.729709410838,"ROA":0.83661595793,"HOLDER_PROFIT_QOQ":16.392484858309,"ROE_YEARLY":3.885568868952,"ROIC_YEARLY":1.935126086984,"TOTAL_ASSETS":16459374741.29,"TOTAL_LIABILITIES":8777150786.73,"TAX_EBT":9.578224600501,"OCF_SALES":-3.423519803153,"TOTAL_PARENT_EQUITY":7224853293.97,"DEBT_ASSET_RATIO":53.326149533,"OPERATE_PROFIT":190305175.71,"PRETAX_PROFIT":170118761.04,"NETCASH_OPERATE":-128460555.55,"NETCASH_INVEST":126237775.23,"NETCASH_FINANCE":17171573.51,"END_CASH":1340780182.72,"DIVI_RATIO":0.34442929984,"DIVIDEND_RATE":3.183623188406,"CURRENT_RATIO":1.533679979374,"COMMON_ACS":null,"CURRENTDEBT_DEBT":78.30931857946,"ISSUED_COMMON_SHARES":3684640154,"HK_COMMON_SHARES":1100187470,"PER_SHARES":2000,"TOTAL_MARKET_CAP":2542401706.26,"HKSK_MARKET_CAP":759129354.3,"PE_TTM":5.862193382841,"PB_TTM":0.294025675132,"REPORT_DATE_SQ":"2020-06-30 00:00:00","REPORT_TYPE_SQ":"2020年中报","OPERATE_INCOME_SQ":2734732446.36,"DPS_HKD":0.021967,"OPERATE_INCOME_QOQ_SQ":6.099460321578,"NET_PROFIT_RATIO_SQ":4.5011488752,"HOLDER_PROFIT_SQ":108398388.95,"HOLDER_PROFIT_QOQ_SQ":-29.875582822252,"ROE_AVG_SQ":1.574559757524,"PE_TTM_SQ":8.821246645768,"PB_TTM_SQ":0.361228751151,"ROA_SQ":0.65112860223,"START_DATE":"2021-01-01 00:00:00","FISCAL_YEAR":"12-31","CURRENCY":"HKD","IS_CNY_CODE":0,"DPS_HKD_LY":0.01204,"ORG_TYPE":"一般企业","PREMIUM_INCOME":null,"PREMIUM_INCOME_YOY":null,"NET_INTEREST_INCOME":null,"NET_INTEREST_INCOME_YOY":null,"FEE_COMMISSION_INCOME":null,"FEE_COMMISSION_INCOME_YOY":null,"ACCOUNTS_RECE_TDAYS":0.954058512167,"INVENTORY_TDAYS":1.306749843494,"CURRENT_ASSETS_TDAYS":0.35266252089,"TOTAL_ASSETS_TDAYS":0.22683714535,"PREMIUM_EXPENSE":null,"LOAN_DEPOSIT":null,"LOAN_EQUITY":null,"LOAN_ASSETS":null,"DEPOSIT_EQUITY":null,"DEPOSIT_ASSETS":null,"EQUITY_MULTIPLIER":2.142527325246,"EQUITY_RATIO":1.214855226757},{"SECUCODE":"02722.HK","SECURITY_CODE":"02722","SECURITY_NAME_ABBR":"重庆机电","ORG_CODE":"10114145","STD_REPORT_DATE":"2020-12-31 00:00:00","REPORT_DATE":"2020-12-31 00:00:00","DATE_TYPE_CODE":"001","REPORT_TYPE":"2020年年报","PER_NETCASH_OPERATE":0.046551241826,"PER_OI":1.711490360817,"BPS":1.905707800062,"BASIC_EPS":0.05,"DILUTED_EPS":0.05,"OPERATE_INCOME":6306226106.65,"OPERATE_INCOME_YOY":15.9374443575,"GROSS_PROFIT":1263228576.43,"GROSS_PROFIT_YOY":29.918266371825,"HOLDER_PROFIT":182967706.6,"HOLDER_PROFIT_YOY":-1.0102077125,"GROSS_PROFIT_RATIO":20.031450745128,"EPS_TTM":0.049656872572,"OPERATE_INCOME_QOQ":9.272416660843,"NET_PROFIT_RATIO":3.4383125567,"ROE_AVG":2.639033087109,"GROSS_PROFIT_QOQ":20.644798294518,"ROA":1.104142642889,"HOLDER_PROFIT_QOQ":41.16308736887,"ROE_YEARLY":2.639033087109,"ROIC_YEARLY":1.287991535322,"TOTAL_ASSETS":16624226219.99,"TOTAL_LIABILITIES":9148473919.78,"TAX_EBT":18.93668129761,"OCF_SALES":2.719924277202,"TOTAL_PARENT_EQUITY":7021847481.9,"DEBT_ASSET_RATIO":55.0309758705,"OPERATE_PROFIT":341846388.87,"PRETAX_PROFIT":267479505.59,"NETCASH_OPERATE":171524574.85,"NETCASH_INVEST":217244970.44,"NETCASH_FINANCE":-577478381.89,"END_CASH":1327289120.69,"DIVI_RATIO":0.400889820663,"DIVIDEND_RATE":3.183623188406,"CURRENT_RATIO":1.513726001406,"COMMON_ACS":null,"CURRENTDEBT_DEBT":77.542616205224,"ISSUED_COMMON_SHARES":3684640154,"HK_COMMON_SHARES":1100187470,"PER_SHARES":2000,"TOTAL_MARKET_CAP":2542401706.26,"HKSK_MARKET_CAP":759129354.3,"PE_TTM":5.862193382841,"PB_TTM":0.294025675132,"REPORT_DATE_SQ":"2019-12-31 00:00:00","REPORT_TYPE_SQ":"2019年年报","OPERATE_INCOME_SQ":5439335101.44,"DPS_HKD":0.021967,"OPERATE_INCOME_QOQ_SQ":11.36006452598,"NET_PROFIT_RATIO_SQ":3.7488953033,"HOLDER_PROFIT_SQ":184834923.25,"HOLDER_PROFIT_QOQ_SQ":-51.34648472158,"ROE_AVG_SQ":2.707545337264,"PE_TTM_SQ":8.821246645768,"PB_TTM_SQ":0.361228751151,"ROA_SQ":1.127196891662,"START_DATE":"2020-01-01 00:00:00","FISCAL_YEAR":"12-31","CURRENCY":"HKD","IS_CNY_CODE":0,"DPS_HKD_LY":0.010947,"ORG_TYPE":"一般企业","PREMIUM_INCOME":null,"PREMIUM_INCOME_YOY":null,"NET_INTEREST_INCOME":null,"NET_INTEREST_INCOME_YOY":null,"FEE_COMMISSION_INCOME":null,"FEE_COMMISSION_INCOME_YOY":null,"ACCOUNTS_RECE_TDAYS":1.667257747377,"INVENTORY_TDAYS":2.359736602348,"CURRENT_ASSETS_TDAYS":0.598057729474,"TOTAL_ASSETS_TDAYS":0.380557492327,"PREMIUM_EXPENSE":null,"LOAN_DEPOSIT":null,"LOAN_EQUITY":null,"LOAN_ASSETS":null,"DEPOSIT_EQUITY":null,"DEPOSIT_ASSETS":null,"EQUITY_MULTIPLIER":2.223752948519,"EQUITY_RATIO":1.302858534504},{"SECUCODE":"02722.HK","SECURITY_CODE":"02722","SECURITY_NAME_ABBR":"重庆机电","ORG_CODE":"10114145","STD_REPORT_DATE":"2020-06-30 00:00:00","REPORT_DATE":"2020-06-30 00:00:00","DATE_TYPE_CODE":"002","REPORT_TYPE":"2020年中报","PER_NETCASH_OPERATE":-0.041894877244,"PER_OI":0.742197971053,"BPS":1.879234366877,"BASIC_EPS":0.03,"DILUTED_EPS":0.03,"OPERATE_INCOME":2734732446.36,"OPERATE_INCOME_YOY":13.8067117397,"GROSS_PROFIT":533566065.28,"GROSS_PROFIT_YOY":16.289057418954,"HOLDER_PROFIT":108398388.95,"HOLDER_PROFIT_YOY":-33.749469492,"GROSS_PROFIT_RATIO":19.51072273963,"EPS_TTM":0.03517695277,"OPERATE_INCOME_QOQ":6.099460321578,"NET_PROFIT_RATIO":4.5011488752,"ROE_AVG":1.574559757524,"GROSS_PROFIT_QOQ":7.686587576865,"ROA":0.65112860223,"HOLDER_PROFIT_QOQ":-29.875582822252,"ROE_YEARLY":3.149119515047,"ROIC_YEARLY":1.539281991455,"TOTAL_ASSETS":16777723726.53,"TOTAL_LIABILITIES":9394899076.61,"TAX_EBT":13.741772541861,"OCF_SALES":-5.644703822689,"TOTAL_PARENT_EQUITY":6924302406.97,"DEBT_ASSET_RATIO":55.996267609,"OPERATE_PROFIT":176982964.46,"PRETAX_PROFIT":142704507.59,"NETCASH_OPERATE":-154367546.94,"NETCASH_INVEST":-413658888.15,"NETCASH_FINANCE":401241584.41,"END_CASH":1368838276.41,"DIVI_RATIO":0.565908447796,"DIVIDEND_RATE":3.183623188406,"CURRENT_RATIO":1.527743220513,"COMMON_ACS":null,"CURRENTDEBT_DEBT":74.104730609327,"ISSUED_COMMON_SHARES":3684640154,"HK_COMMON_SHARES":1100187470,"PER_SHARES":2000,"TOTAL_MARKET_CAP":2542401706.26,"HKSK_MARKET_CAP":759129354.3,"PE_TTM":5.862193382841,"PB_TTM":0.294025675132,"REPORT_DATE_SQ":"2019-06-30 00:00:00","REPORT_TYPE_SQ":"2019年中报","OPERATE_INCOME_SQ":2402962360.09,"DPS_HKD":0.021967,"OPERATE_INCOME_QOQ_SQ":-6.344925126488,"NET_PROFIT_RATIO_SQ":7.3346784722,"HOLDER_PROFIT_SQ":163618899.53,"HOLDER_PROFIT_QOQ_SQ":-14.448558048612,"ROE_AVG_SQ":2.401320206297,"PE_TTM_SQ":8.821246645768,"PB_TTM_SQ":0.361228751151,"ROA_SQ":0.97104553178,"START_DATE":"2020-01-01 00:00:00","FISCAL_YEAR":"12-31","CURRENCY":"HKD","IS_CNY_CODE":0,"DPS_HKD_LY":0.010947,"ORG_TYPE":"一般企业","PREMIUM_INCOME":null,"PREMIUM_INCOME_YOY":null,"NET_INTEREST_INCOME":null,"NET_INTEREST_INCOME_YOY":null,"FEE_COMMISSION_INCOME":null,"FEE_COMMISSION_INCOME_YOY":null,"ACCOUNTS_RECE_TDAYS":0.769878193562,"INVENTORY_TDAYS":1.084703062609,"CURRENT_ASSETS_TDAYS":0.260612691329,"TOTAL_ASSETS_TDAYS":0.164270201109,"PREMIUM_EXPENSE":null,"LOAN_DEPOSIT":null,"LOAN_EQUITY":null,"LOAN_ASSETS":null,"DEPOSIT_EQUITY":null,"DEPOSIT_ASSETS":null,"EQUITY_MULTIPLIER":2.272534500288,"EQUITY_RATIO":1.356800804533}],"count":37},"success":true,"message":"ok","code":0}