{"version":"662e6552d0954bafbf3ea67c9553a1a8","result":{"pages":9,"data":[{"SECUCODE":"02727.HK","SECURITY_CODE":"02727","SECURITY_NAME_ABBR":"上海电气","ORG_CODE":"10060638","STD_REPORT_DATE":"2024-09-30 00:00:00","REPORT_DATE":"2024-09-30 00:00:00","DATE_TYPE_CODE":"004","REPORT_TYPE":"2024年三季报","PER_NETCASH_OPERATE":0.002380388603,"PER_OI":4.883319272446,"BPS":3.437258356875,"BASIC_EPS":0.049,"DILUTED_EPS":0.049,"OPERATE_INCOME":76081182000,"OPERATE_INCOME_YOY":-2.3937484321,"GROSS_PROFIT":14192667000,"GROSS_PROFIT_YOY":4.656169538566,"HOLDER_PROFIT":758309000,"HOLDER_PROFIT_YOY":-7.6660724636,"GROSS_PROFIT_RATIO":18.654635255273,"EPS_TTM":0.014261792214,"OPERATE_INCOME_QOQ":1.298064000571,"NET_PROFIT_RATIO":3.3669718749,"ROE_AVG":1.426066794329,"GROSS_PROFIT_QOQ":1.462779206259,"ROA":0.264492552758,"HOLDER_PROFIT_QOQ":-25.069468799741,"ROE_YEARLY":1.901422392439,"ROIC_YEARLY":0.330212663293,"TOTAL_ASSETS":290140126000,"TOTAL_LIABILITIES":212250770000,"TAX_EBT":25.608301935449,"OCF_SALES":0.048745299462,"TOTAL_PARENT_EQUITY":53551829000,"DEBT_ASSET_RATIO":73.1545729045,"OPERATE_PROFIT":3480698000,"PRETAX_PROFIT":3443438000,"NETCASH_OPERATE":37086000,"NETCASH_INVEST":59207000,"NETCASH_FINANCE":-417795000,"END_CASH":37892760000,"DIVI_RATIO":null,"DIVIDEND_RATE":null,"CURRENT_RATIO":1.094570137099,"COMMON_ACS":null,"CURRENTDEBT_DEBT":83.404606258908,"ISSUED_COMMON_SHARES":15579809092,"HK_COMMON_SHARES":2924482000,"PER_SHARES":2000,"TOTAL_MARKET_CAP":47830013912.44,"HKSK_MARKET_CAP":8978159740,"PE_TTM":183.559775317025,"PB_TTM":0.80543707006,"REPORT_DATE_SQ":"2023-09-30 00:00:00","REPORT_TYPE_SQ":"2023年三季报","OPERATE_INCOME_SQ":77947038000,"DPS_HKD":null,"OPERATE_INCOME_QOQ_SQ":-2.106206403137,"NET_PROFIT_RATIO_SQ":3.1014879616,"HOLDER_PROFIT_SQ":821268000,"HOLDER_PROFIT_QOQ_SQ":33.041126451734,"ROE_AVG_SQ":1.519183242835,"PE_TTM_SQ":-15.053300932996,"PB_TTM_SQ":0.3972938037,"ROA_SQ":0.285603248288,"START_DATE":"2024-01-01 00:00:00","FISCAL_YEAR":"12-31","CURRENCY":"HKD","IS_CNY_CODE":0,"DPS_HKD_LY":null,"ORG_TYPE":"一般企业","PREMIUM_INCOME":null,"PREMIUM_INCOME_YOY":null,"NET_INTEREST_INCOME":null,"NET_INTEREST_INCOME_YOY":null,"FEE_COMMISSION_INCOME":null,"FEE_COMMISSION_INCOME_YOY":null,"ACCOUNTS_RECE_TDAYS":1.716699771328,"INVENTORY_TDAYS":1.767478548246,"CURRENT_ASSETS_TDAYS":0.394616957487,"TOTAL_ASSETS_TDAYS":0.265365517804,"PREMIUM_EXPENSE":null,"LOAN_DEPOSIT":null,"LOAN_EQUITY":null,"LOAN_ASSETS":null,"DEPOSIT_EQUITY":null,"DEPOSIT_ASSETS":null,"EQUITY_MULTIPLIER":3.725029206809,"EQUITY_RATIO":3.963464441149},{"SECUCODE":"02727.HK","SECURITY_CODE":"02727","SECURITY_NAME_ABBR":"上海电气","ORG_CODE":"10060638","STD_REPORT_DATE":"2024-06-30 00:00:00","REPORT_DATE":"2024-06-30 00:00:00","DATE_TYPE_CODE":"002","REPORT_TYPE":"2024年中报","PER_NETCASH_OPERATE":-0.012988092396,"PER_OI":3.180676586432,"BPS":3.427546620415,"BASIC_EPS":0.039,"DILUTED_EPS":0.039,"OPERATE_INCOME":49554334000,"OPERATE_INCOME_YOY":-6.2534597346,"GROSS_PROFIT":9328484000,"GROSS_PROFIT_YOY":3.53061247366,"HOLDER_PROFIT":601744000,"HOLDER_PROFIT_YOY":1.9277969656,"GROSS_PROFIT_RATIO":18.824759101797,"EPS_TTM":0.019033352607,"OPERATE_INCOME_QOQ":-2.294964588382,"NET_PROFIT_RATIO":3.675938819,"ROE_AVG":1.1332448386,"GROSS_PROFIT_QOQ":-0.108407380619,"ROA":0.212795160948,"HOLDER_PROFIT_QOQ":696.783996457969,"ROE_YEARLY":2.2664896772,"ROIC_YEARLY":0.531410947977,"TOTAL_ASSETS":282295166000,"TOTAL_LIABILITIES":204669425000,"TAX_EBT":24.200691503018,"OCF_SALES":-0.408343698051,"TOTAL_PARENT_EQUITY":53400522000,"DEBT_ASSET_RATIO":72.5019233946,"OPERATE_PROFIT":2341821000,"PRETAX_PROFIT":2403171000,"NETCASH_OPERATE":-202352000,"NETCASH_INVEST":3822441000,"NETCASH_FINANCE":527046000,"END_CASH":42434885000,"DIVI_RATIO":null,"DIVIDEND_RATE":null,"CURRENT_RATIO":1.134669319358,"COMMON_ACS":null,"CURRENTDEBT_DEBT":81.586750927746,"ISSUED_COMMON_SHARES":15579809092,"HK_COMMON_SHARES":2924482000,"PER_SHARES":2000,"TOTAL_MARKET_CAP":48141610094.28,"HKSK_MARKET_CAP":9036649380,"PE_TTM":184.755604472185,"PB_TTM":0.810684217096,"REPORT_DATE_SQ":"2023-06-30 00:00:00","REPORT_TYPE_SQ":"2023年中报","OPERATE_INCOME_SQ":52859907000,"DPS_HKD":null,"OPERATE_INCOME_QOQ_SQ":5.780467911417,"NET_PROFIT_RATIO_SQ":2.8118456584,"HOLDER_PROFIT_SQ":590363000,"HOLDER_PROFIT_QOQ_SQ":38.2125293912,"ROE_AVG_SQ":1.093872187347,"PE_TTM_SQ":-16.375550339273,"PB_TTM_SQ":0.432191232403,"ROA_SQ":0.204429567229,"START_DATE":"2024-01-01 00:00:00","FISCAL_YEAR":"12-31","CURRENCY":"HKD","IS_CNY_CODE":0,"DPS_HKD_LY":null,"ORG_TYPE":"一般企业","PREMIUM_INCOME":null,"PREMIUM_INCOME_YOY":null,"NET_INTEREST_INCOME":null,"NET_INTEREST_INCOME_YOY":null,"FEE_COMMISSION_INCOME":null,"FEE_COMMISSION_INCOME_YOY":null,"ACCOUNTS_RECE_TDAYS":1.142477176029,"INVENTORY_TDAYS":1.209676158266,"CURRENT_ASSETS_TDAYS":0.259924875378,"TOTAL_ASSETS_TDAYS":0.175239345622,"PREMIUM_EXPENSE":null,"LOAN_DEPOSIT":null,"LOAN_EQUITY":null,"LOAN_ASSETS":null,"DEPOSIT_EQUITY":null,"DEPOSIT_ASSETS":null,"EQUITY_MULTIPLIER":3.636617987324,"EQUITY_RATIO":3.832723301843},{"SECUCODE":"02727.HK","SECURITY_CODE":"02727","SECURITY_NAME_ABBR":"上海电气","ORG_CODE":"10060638","STD_REPORT_DATE":"2024-03-31 00:00:00","REPORT_DATE":"2024-03-31 00:00:00","DATE_TYPE_CODE":"003","REPORT_TYPE":"2024年一季报","PER_NETCASH_OPERATE":-0.44495012481,"PER_OI":1.312378597148,"BPS":3.382585928287,"BASIC_EPS":0.0021,"DILUTED_EPS":0.0021,"OPERATE_INCOME":20446608000,"OPERATE_INCOME_YOY":-3.3119564503,"GROSS_PROFIT":3965549000,"GROSS_PROFIT_YOY":9.419115977311,"HOLDER_PROFIT":32009000,"HOLDER_PROFIT_YOY":-91.2747067627,"GROSS_PROFIT_RATIO":19.394654604813,"EPS_TTM":-0.00318932021,"OPERATE_INCOME_QOQ":-0.613193820961,"NET_PROFIT_RATIO":2.7055832439,"ROE_AVG":0.060681758773,"GROSS_PROFIT_QOQ":1.617779259758,"ROA":0.01139279777,"HOLDER_PROFIT_QOQ":-117.425259946345,"ROE_YEARLY":0.242727035092,"ROIC_YEARLY":0.057045728454,"TOTAL_ASSETS":278649841000,"TOTAL_LIABILITIES":201405088000,"TAX_EBT":31.463996917614,"OCF_SALES":-33.904097931549,"TOTAL_PARENT_EQUITY":52700043000,"DEBT_ASSET_RATIO":72.2789172523,"OPERATE_PROFIT":765054000,"PRETAX_PROFIT":807167000,"NETCASH_OPERATE":-6932238000,"NETCASH_INVEST":829368000,"NETCASH_FINANCE":1426398000,"END_CASH":33594008000,"DIVI_RATIO":null,"DIVIDEND_RATE":null,"CURRENT_RATIO":1.15842228315,"COMMON_ACS":null,"CURRENTDEBT_DEBT":79.702353894853,"ISSUED_COMMON_SHARES":15579809092,"HK_COMMON_SHARES":2924482000,"PER_SHARES":2000,"TOTAL_MARKET_CAP":48141610094.28,"HKSK_MARKET_CAP":9036649380,"PE_TTM":184.755604472185,"PB_TTM":0.810684217096,"REPORT_DATE_SQ":"2023-03-31 00:00:00","REPORT_TYPE_SQ":"2023年一季报","OPERATE_INCOME_SQ":21146987000,"DPS_HKD":null,"OPERATE_INCOME_QOQ_SQ":-3.162269932454,"NET_PROFIT_RATIO_SQ":3.2774030646,"HOLDER_PROFIT_SQ":366853000,"HOLDER_PROFIT_QOQ_SQ":9.931714259758,"ROE_AVG_SQ":0.666817902917,"PE_TTM_SQ":-16.375550339273,"PB_TTM_SQ":0.432191232403,"ROA_SQ":0.127565778085,"START_DATE":"2024-01-01 00:00:00","FISCAL_YEAR":"12-31","CURRENCY":"HKD","IS_CNY_CODE":0,"DPS_HKD_LY":null,"ORG_TYPE":"一般企业","PREMIUM_INCOME":null,"PREMIUM_INCOME_YOY":null,"NET_INTEREST_INCOME":null,"NET_INTEREST_INCOME_YOY":null,"FEE_COMMISSION_INCOME":null,"FEE_COMMISSION_INCOME_YOY":null,"ACCOUNTS_RECE_TDAYS":0.463155460249,"INVENTORY_TDAYS":0.482709380265,"CURRENT_ASSETS_TDAYS":0.108245542157,"TOTAL_ASSETS_TDAYS":0.07277455404,"PREMIUM_EXPENSE":null,"LOAN_DEPOSIT":null,"LOAN_EQUITY":null,"LOAN_ASSETS":null,"DEPOSIT_EQUITY":null,"DEPOSIT_ASSETS":null,"EQUITY_MULTIPLIER":3.607362703331,"EQUITY_RATIO":3.821725306752},{"SECUCODE":"02727.HK","SECURITY_CODE":"02727","SECURITY_NAME_ABBR":"上海电气","ORG_CODE":"10060638","STD_REPORT_DATE":"2023-12-31 00:00:00","REPORT_DATE":"2023-12-31 00:00:00","DATE_TYPE_CODE":"001","REPORT_TYPE":"2023年年报","PER_NETCASH_OPERATE":0.500435657071,"PER_OI":7.331168714939,"BPS":3.388866172122,"BASIC_EPS":0.018,"DILUTED_EPS":0.018,"OPERATE_INCOME":114218209000,"OPERATE_INCOME_YOY":-2.3657553604,"GROSS_PROFIT":21100901000,"GROSS_PROFIT_YOY":14.127339037293,"HOLDER_PROFIT":285155000,"HOLDER_PROFIT_YOY":107.9954094845,"GROSS_PROFIT_RATIO":18.474200554134,"EPS_TTM":0.018302855851,"OPERATE_INCOME_QOQ":-2.636331859114,"NET_PROFIT_RATIO":1.8866746545,"ROE_AVG":0.529731502173,"GROSS_PROFIT_QOQ":7.48017877622,"ROA":0.099828909413,"HOLDER_PROFIT_QOQ":121.456568047693,"ROE_YEARLY":0.529731502173,"ROIC_YEARLY":0.126365610123,"TOTAL_ASSETS":283266567000,"TOTAL_LIABILITIES":206339927000,"TAX_EBT":34.596330166635,"OCF_SALES":6.826137503172,"TOTAL_PARENT_EQUITY":52797888000,"DEBT_ASSET_RATIO":72.8430217464,"OPERATE_PROFIT":3886777000,"PRETAX_PROFIT":3294809000,"NETCASH_OPERATE":7796692000,"NETCASH_INVEST":352149000,"NETCASH_FINANCE":-13725937000,"END_CASH":38273719000,"DIVI_RATIO":null,"DIVIDEND_RATE":null,"CURRENT_RATIO":1.143700683921,"COMMON_ACS":null,"CURRENTDEBT_DEBT":81.285567673967,"ISSUED_COMMON_SHARES":15579809092,"HK_COMMON_SHARES":2924482000,"PER_SHARES":2000,"TOTAL_MARKET_CAP":48141610094.28,"HKSK_MARKET_CAP":9036649380,"PE_TTM":184.755604472185,"PB_TTM":0.810684217096,"REPORT_DATE_SQ":"2022-12-31 00:00:00","REPORT_TYPE_SQ":"2022年年报","OPERATE_INCOME_SQ":116985807000,"DPS_HKD":null,"OPERATE_INCOME_QOQ_SQ":1.494564718768,"NET_PROFIT_RATIO_SQ":-1.9771680508,"HOLDER_PROFIT_SQ":-3566484000,"HOLDER_PROFIT_QOQ_SQ":48.917618709599,"ROE_AVG_SQ":-6.312548706647,"PE_TTM_SQ":-16.375550339273,"PB_TTM_SQ":0.432191232403,"ROA_SQ":-1.211394169592,"START_DATE":"2023-01-01 00:00:00","FISCAL_YEAR":"12-31","CURRENCY":"HKD","IS_CNY_CODE":0,"DPS_HKD_LY":null,"ORG_TYPE":"一般企业","PREMIUM_INCOME":null,"PREMIUM_INCOME_YOY":null,"NET_INTEREST_INCOME":null,"NET_INTEREST_INCOME_YOY":null,"FEE_COMMISSION_INCOME":null,"FEE_COMMISSION_INCOME_YOY":null,"ACCOUNTS_RECE_TDAYS":2.470353166768,"INVENTORY_TDAYS":2.942298676311,"CURRENT_ASSETS_TDAYS":0.581292213259,"TOTAL_ASSETS_TDAYS":0.399862504236,"PREMIUM_EXPENSE":null,"LOAN_DEPOSIT":null,"LOAN_EQUITY":null,"LOAN_ASSETS":null,"DEPOSIT_EQUITY":null,"DEPOSIT_ASSETS":null,"EQUITY_MULTIPLIER":3.682294807109,"EQUITY_RATIO":3.908109487258},{"SECUCODE":"02727.HK","SECURITY_CODE":"02727","SECURITY_NAME_ABBR":"上海电气","ORG_CODE":"10060638","STD_REPORT_DATE":"2023-09-30 00:00:00","REPORT_DATE":"2023-09-30 00:00:00","DATE_TYPE_CODE":"004","REPORT_TYPE":"2023年三季报","PER_NETCASH_OPERATE":-0.266978496042,"PER_OI":5.003080431841,"BPS":3.418357868541,"BASIC_EPS":0.053,"DILUTED_EPS":0.053,"OPERATE_INCOME":77947038000,"OPERATE_INCOME_YOY":0.4188339504,"GROSS_PROFIT":13561233000,"GROSS_PROFIT_YOY":5.779686873794,"HOLDER_PROFIT":821268000,"HOLDER_PROFIT_YOY":157.9897742526,"GROSS_PROFIT_RATIO":17.914365135979,"EPS_TTM":-0.085301879641,"OPERATE_INCOME_QOQ":-2.106206403137,"NET_PROFIT_RATIO":3.1014879616,"ROE_AVG":1.519183242835,"GROSS_PROFIT_QOQ":0.721154573777,"ROA":0.285603248288,"HOLDER_PROFIT_QOQ":33.041126451734,"ROE_YEARLY":2.025577657114,"ROIC_YEARLY":0.364335851361,"TOTAL_ASSETS":287090254000,"TOTAL_LIABILITIES":205752970000,"TAX_EBT":17.515176412143,"OCF_SALES":-5.336282310048,"TOTAL_PARENT_EQUITY":53257363000,"DEBT_ASSET_RATIO":71.668392477,"OPERATE_PROFIT":3284676000,"PRETAX_PROFIT":2930864000,"NETCASH_OPERATE":-4159474000,"NETCASH_INVEST":-208423000,"NETCASH_FINANCE":-5972405000,"END_CASH":33586200000,"DIVI_RATIO":null,"DIVIDEND_RATE":null,"CURRENT_RATIO":1.17267805996,"COMMON_ACS":null,"CURRENTDEBT_DEBT":81.786258054987,"ISSUED_COMMON_SHARES":15579809092,"HK_COMMON_SHARES":2924482000,"PER_SHARES":2000,"TOTAL_MARKET_CAP":48141610094.28,"HKSK_MARKET_CAP":9036649380,"PE_TTM":184.755604472185,"PB_TTM":0.810684217096,"REPORT_DATE_SQ":"2022-09-30 00:00:00","REPORT_TYPE_SQ":"2022年三季报","OPERATE_INCOME_SQ":77621931000,"DPS_HKD":null,"OPERATE_INCOME_QOQ_SQ":-2.717904993114,"NET_PROFIT_RATIO_SQ":-0.3592760402,"HOLDER_PROFIT_SQ":-1416229000,"HOLDER_PROFIT_QOQ_SQ":-16.200808998578,"ROE_AVG_SQ":-2.462715692208,"PE_TTM_SQ":-16.375550339273,"PB_TTM_SQ":0.432191232403,"ROA_SQ":-0.467936227783,"START_DATE":"2023-01-01 00:00:00","FISCAL_YEAR":"12-31","CURRENCY":"HKD","IS_CNY_CODE":0,"DPS_HKD_LY":null,"ORG_TYPE":"一般企业","PREMIUM_INCOME":null,"PREMIUM_INCOME_YOY":null,"NET_INTEREST_INCOME":null,"NET_INTEREST_INCOME_YOY":null,"FEE_COMMISSION_INCOME":null,"FEE_COMMISSION_INCOME_YOY":null,"ACCOUNTS_RECE_TDAYS":1.666339151063,"INVENTORY_TDAYS":1.906282676411,"CURRENT_ASSETS_TDAYS":0.391212852781,"TOTAL_ASSETS_TDAYS":0.271067754341,"PREMIUM_EXPENSE":null,"LOAN_DEPOSIT":null,"LOAN_EQUITY":null,"LOAN_ASSETS":null,"DEPOSIT_EQUITY":null,"DEPOSIT_ASSETS":null,"EQUITY_MULTIPLIER":3.529626757635,"EQUITY_RATIO":3.863371342663},{"SECUCODE":"02727.HK","SECURITY_CODE":"02727","SECURITY_NAME_ABBR":"上海电气","ORG_CODE":"10060638","STD_REPORT_DATE":"2023-06-30 00:00:00","REPORT_DATE":"2023-06-30 00:00:00","DATE_TYPE_CODE":"002","REPORT_TYPE":"2023年中报","PER_NETCASH_OPERATE":-0.277897307626,"PER_OI":3.392846901259,"BPS":3.406827367818,"BASIC_EPS":0.038,"DILUTED_EPS":0.038,"OPERATE_INCOME":52859907000,"OPERATE_INCOME_YOY":5.6969200471,"GROSS_PROFIT":9010363000,"GROSS_PROFIT_YOY":8.730948565093,"HOLDER_PROFIT":590363000,"HOLDER_PROFIT_YOY":159.5520204975,"GROSS_PROFIT_RATIO":17.57424961039,"EPS_TTM":-0.127394436497,"OPERATE_INCOME_QOQ":5.780467911417,"NET_PROFIT_RATIO":2.8118456584,"ROE_AVG":1.093872187347,"GROSS_PROFIT_QOQ":8.218692623431,"ROA":0.204429567229,"HOLDER_PROFIT_QOQ":38.2125293912,"ROE_YEARLY":2.187744374694,"ROIC_YEARLY":0.52362677766,"TOTAL_ASSETS":289550199000,"TOTAL_LIABILITIES":204593121000,"TAX_EBT":18.434888735113,"OCF_SALES":-8.190682212135,"TOTAL_PARENT_EQUITY":53077720000,"DEBT_ASSET_RATIO":70.6589467756,"OPERATE_PROFIT":1937529000,"PRETAX_PROFIT":1822273000,"NETCASH_OPERATE":-4329587000,"NETCASH_INVEST":-666423000,"NETCASH_FINANCE":-3183512000,"END_CASH":35744443000,"DIVI_RATIO":null,"DIVIDEND_RATE":null,"CURRENT_RATIO":1.174398473959,"COMMON_ACS":null,"CURRENTDEBT_DEBT":82.864270397439,"ISSUED_COMMON_SHARES":15579809092,"HK_COMMON_SHARES":2924482000,"PER_SHARES":2000,"TOTAL_MARKET_CAP":48141610094.28,"HKSK_MARKET_CAP":9036649380,"PE_TTM":184.755604472185,"PB_TTM":0.810684217096,"REPORT_DATE_SQ":"2022-06-30 00:00:00","REPORT_TYPE_SQ":"2022年中报","OPERATE_INCOME_SQ":50010830000,"DPS_HKD":null,"OPERATE_INCOME_QOQ_SQ":-8.93776117919,"NET_PROFIT_RATIO_SQ":-0.2350510879,"HOLDER_PROFIT_SQ":-991340000,"HOLDER_PROFIT_QOQ_SQ":43.512665383004,"ROE_AVG_SQ":-1.717064821674,"PE_TTM_SQ":-16.375550339273,"PB_TTM_SQ":0.432191232403,"ROA_SQ":-0.331667826699,"START_DATE":"2023-01-01 00:00:00","FISCAL_YEAR":"12-31","CURRENCY":"HKD","IS_CNY_CODE":0,"DPS_HKD_LY":null,"ORG_TYPE":"一般企业","PREMIUM_INCOME":null,"PREMIUM_INCOME_YOY":null,"NET_INTEREST_INCOME":null,"NET_INTEREST_INCOME_YOY":null,"FEE_COMMISSION_INCOME":null,"FEE_COMMISSION_INCOME_YOY":null,"ACCOUNTS_RECE_TDAYS":1.12269836077,"INVENTORY_TDAYS":1.342782235466,"CURRENT_ASSETS_TDAYS":0.264131280073,"TOTAL_ASSETS_TDAYS":0.183042092946,"PREMIUM_EXPENSE":null,"LOAN_DEPOSIT":null,"LOAN_EQUITY":null,"LOAN_ASSETS":null,"DEPOSIT_EQUITY":null,"DEPOSIT_ASSETS":null,"EQUITY_MULTIPLIER":3.408193947068,"EQUITY_RATIO":3.854595129557},{"SECUCODE":"02727.HK","SECURITY_CODE":"02727","SECURITY_NAME_ABBR":"上海电气","ORG_CODE":"10060638","STD_REPORT_DATE":"2023-03-31 00:00:00","REPORT_DATE":"2023-03-31 00:00:00","DATE_TYPE_CODE":"003","REPORT_TYPE":"2023年一季报","PER_NETCASH_OPERATE":-0.592494102174,"PER_OI":1.357332870713,"BPS":3.541033505239,"BASIC_EPS":0.0235,"DILUTED_EPS":0.0235,"OPERATE_INCOME":21146987000,"OPERATE_INCOME_YOY":-14.8891102669,"GROSS_PROFIT":3624183000,"GROSS_PROFIT_YOY":-11.639839350615,"HOLDER_PROFIT":366853000,"HOLDER_PROFIT_YOY":2802.3180379747,"GROSS_PROFIT_RATIO":17.13805848559,"EPS_TTM":-0.20618166635,"OPERATE_INCOME_QOQ":-3.162269932454,"NET_PROFIT_RATIO":3.2774030646,"ROE_AVG":0.666817902917,"GROSS_PROFIT_QOQ":-2.582196570809,"ROA":0.127565778085,"HOLDER_PROFIT_QOQ":9.931714259758,"ROE_YEARLY":2.667271611669,"ROIC_YEARLY":0.665059776823,"TOTAL_ASSETS":287138106000,"TOTAL_LIABILITIES":192394630000,"TAX_EBT":23.217144395489,"OCF_SALES":-43.6513485349,"TOTAL_PARENT_EQUITY":55168626000,"DEBT_ASSET_RATIO":67.0042136448,"OPERATE_PROFIT":1002896000,"PRETAX_PROFIT":902639000,"NETCASH_OPERATE":-9230945000,"NETCASH_INVEST":-1161426000,"NETCASH_FINANCE":1454807000,"END_CASH":34767565000,"DIVI_RATIO":null,"DIVIDEND_RATE":null,"CURRENT_RATIO":1.22891326521,"COMMON_ACS":null,"CURRENTDEBT_DEBT":83.585531987041,"ISSUED_COMMON_SHARES":15579809092,"HK_COMMON_SHARES":2924482000,"PER_SHARES":2000,"TOTAL_MARKET_CAP":48141610094.28,"HKSK_MARKET_CAP":9036649380,"PE_TTM":184.755604472185,"PB_TTM":0.810684217096,"REPORT_DATE_SQ":"2022-03-31 00:00:00","REPORT_TYPE_SQ":"2022年一季报","OPERATE_INCOME_SQ":24846394000,"DPS_HKD":null,"OPERATE_INCOME_QOQ_SQ":-0.435341817833,"NET_PROFIT_RATIO_SQ":1.2734684961,"HOLDER_PROFIT_SQ":12640000,"HOLDER_PROFIT_QOQ_SQ":-6.496265283981,"ROE_AVG_SQ":0.021739211381,"PE_TTM_SQ":-16.375550339273,"PB_TTM_SQ":0.432191232403,"ROA_SQ":0.004252802688,"START_DATE":"2023-01-01 00:00:00","FISCAL_YEAR":"12-31","CURRENCY":"HKD","IS_CNY_CODE":0,"DPS_HKD_LY":null,"ORG_TYPE":"一般企业","PREMIUM_INCOME":null,"PREMIUM_INCOME_YOY":null,"NET_INTEREST_INCOME":null,"NET_INTEREST_INCOME_YOY":null,"FEE_COMMISSION_INCOME":null,"FEE_COMMISSION_INCOME_YOY":null,"ACCOUNTS_RECE_TDAYS":0.454891559697,"INVENTORY_TDAYS":0.526833370119,"CURRENT_ASSETS_TDAYS":0.10605836449,"TOTAL_ASSETS_TDAYS":0.0735344089,"PREMIUM_EXPENSE":null,"LOAN_DEPOSIT":null,"LOAN_EQUITY":null,"LOAN_ASSETS":null,"DEPOSIT_EQUITY":null,"DEPOSIT_ASSETS":null,"EQUITY_MULTIPLIER":3.030690007612,"EQUITY_RATIO":3.487392091295},{"SECUCODE":"02727.HK","SECURITY_CODE":"02727","SECURITY_NAME_ABBR":"上海电气","ORG_CODE":"10060638","STD_REPORT_DATE":"2022-12-31 00:00:00","REPORT_DATE":"2022-12-31 00:00:00","DATE_TYPE_CODE":"001","REPORT_TYPE":"2022年年报","PER_NETCASH_OPERATE":0.544474900168,"PER_OI":7.508808760697,"BPS":3.521372609641,"BASIC_EPS":-0.228,"DILUTED_EPS":-0.228,"OPERATE_INCOME":116985807000,"OPERATE_INCOME_YOY":-9.7017141342,"GROSS_PROFIT":18488910000,"GROSS_PROFIT_YOY":-2.597784366702,"HOLDER_PROFIT":-3566484000,"HOLDER_PROFIT_YOY":64.2919818645,"GROSS_PROFIT_RATIO":15.80440437531,"EPS_TTM":-0.22891705405,"OPERATE_INCOME_QOQ":1.494564718768,"NET_PROFIT_RATIO":-1.9771680508,"ROE_AVG":-6.312548706647,"GROSS_PROFIT_QOQ":9.330297371105,"ROA":-1.211394169592,"HOLDER_PROFIT_QOQ":48.917618709599,"ROE_YEARLY":-6.312548706647,"ROIC_YEARLY":-1.558173628121,"TOTAL_ASSETS":288020852000,"TOTAL_LIABILITIES":193826685000,"TAX_EBT":-17.096559607715,"OCF_SALES":7.251148850903,"TOTAL_PARENT_EQUITY":54862313000,"DEBT_ASSET_RATIO":67.29605987,"OPERATE_PROFIT":-1224063000,"PRETAX_PROFIT":-1975298000,"NETCASH_OPERATE":8482815000,"NETCASH_INVEST":-7316530000,"NETCASH_FINANCE":-1256968000,"END_CASH":43785108000,"DIVI_RATIO":null,"DIVIDEND_RATE":null,"CURRENT_RATIO":1.230106026987,"COMMON_ACS":null,"CURRENTDEBT_DEBT":84.36683679546,"ISSUED_COMMON_SHARES":15579809092,"HK_COMMON_SHARES":2924482000,"PER_SHARES":2000,"TOTAL_MARKET_CAP":48141610094.28,"HKSK_MARKET_CAP":9036649380,"PE_TTM":184.755604472185,"PB_TTM":0.810684217096,"REPORT_DATE_SQ":"2021-12-31 00:00:00","REPORT_TYPE_SQ":"2021年年报","OPERATE_INCOME_SQ":129554848000,"DPS_HKD":null,"OPERATE_INCOME_QOQ_SQ":-11.470854513963,"NET_PROFIT_RATIO_SQ":-7.8359484074,"HOLDER_PROFIT_SQ":-9987908000,"HOLDER_PROFIT_QOQ_SQ":-231.915931579759,"ROE_AVG_SQ":-16.040301934967,"PE_TTM_SQ":-16.375550339273,"PB_TTM_SQ":0.432191232403,"ROA_SQ":-3.241748843928,"START_DATE":"2022-01-01 00:00:00","FISCAL_YEAR":"12-31","CURRENCY":"HKD","IS_CNY_CODE":0,"DPS_HKD_LY":null,"ORG_TYPE":"一般企业","PREMIUM_INCOME":null,"PREMIUM_INCOME_YOY":null,"NET_INTEREST_INCOME":null,"NET_INTEREST_INCOME_YOY":null,"FEE_COMMISSION_INCOME":null,"FEE_COMMISSION_INCOME_YOY":null,"ACCOUNTS_RECE_TDAYS":2.628041577427,"INVENTORY_TDAYS":3.090031693901,"CURRENT_ASSETS_TDAYS":0.569371697811,"TOTAL_ASSETS_TDAYS":0.39735471833,"PREMIUM_EXPENSE":null,"LOAN_DEPOSIT":null,"LOAN_EQUITY":null,"LOAN_ASSETS":null,"DEPOSIT_EQUITY":null,"DEPOSIT_ASSETS":null,"EQUITY_MULTIPLIER":3.057735538975,"EQUITY_RATIO":3.53296597247},{"SECUCODE":"02727.HK","SECURITY_CODE":"02727","SECURITY_NAME_ABBR":"上海电气","ORG_CODE":"10060638","STD_REPORT_DATE":"2022-09-30 00:00:00","REPORT_DATE":"2022-09-30 00:00:00","DATE_TYPE_CODE":"004","REPORT_TYPE":"2022年三季报","PER_NETCASH_OPERATE":-0.546690845164,"PER_OI":4.982213231346,"BPS":3.65083247581,"BASIC_EPS":-0.09,"DILUTED_EPS":-0.09,"OPERATE_INCOME":77621931000,"OPERATE_INCOME_YOY":-16.571670869,"GROSS_PROFIT":12820262000,"GROSS_PROFIT_YOY":-15.141970473054,"HOLDER_PROFIT":-1416229000,"HOLDER_PROFIT_YOY":67.9753495289,"GROSS_PROFIT_RATIO":16.51628841854,"EPS_TTM":-0.448133090641,"OPERATE_INCOME_QOQ":-2.717904993114,"NET_PROFIT_RATIO":-0.3592760402,"ROE_AVG":-2.462715692208,"GROSS_PROFIT_QOQ":-1.711564796971,"ROA":-0.467936227783,"HOLDER_PROFIT_QOQ":-16.200808998578,"ROE_YEARLY":-3.283620922943,"ROIC_YEARLY":-0.601105473657,"TOTAL_ASSETS":304506361000,"TOTAL_LIABILITIES":208201540000,"TAX_EBT":-421.879970806744,"OCF_SALES":-10.972851216495,"TOTAL_PARENT_EQUITY":56879273000,"DEBT_ASSET_RATIO":68.3734616631,"OPERATE_PROFIT":578379000,"PRETAX_PROFIT":-53437000,"NETCASH_OPERATE":-8517339000,"NETCASH_INVEST":1336845000,"NETCASH_FINANCE":548541000,"END_CASH":37297360000,"DIVI_RATIO":null,"DIVIDEND_RATE":null,"CURRENT_RATIO":1.237246720765,"COMMON_ACS":null,"CURRENTDEBT_DEBT":83.185708424635,"ISSUED_COMMON_SHARES":15579809092,"HK_COMMON_SHARES":2924482000,"PER_SHARES":2000,"TOTAL_MARKET_CAP":48141610094.28,"HKSK_MARKET_CAP":9036649380,"PE_TTM":184.755604472185,"PB_TTM":0.810684217096,"REPORT_DATE_SQ":"2021-09-30 00:00:00","REPORT_TYPE_SQ":"2021年三季报","OPERATE_INCOME_SQ":93040256000,"DPS_HKD":null,"OPERATE_INCOME_QOQ_SQ":1.153827185354,"NET_PROFIT_RATIO_SQ":-4.0506004197,"HOLDER_PROFIT_SQ":-4422309000,"HOLDER_PROFIT_QOQ_SQ":-10.036131815122,"ROE_AVG_SQ":-6.77215472303,"PE_TTM_SQ":-16.375550339273,"PB_TTM_SQ":0.432191232403,"ROA_SQ":-1.412084768838,"START_DATE":"2022-01-01 00:00:00","FISCAL_YEAR":"12-31","CURRENCY":"HKD","IS_CNY_CODE":0,"DPS_HKD_LY":null,"ORG_TYPE":"一般企业","PREMIUM_INCOME":null,"PREMIUM_INCOME_YOY":null,"NET_INTEREST_INCOME":null,"NET_INTEREST_INCOME_YOY":null,"FEE_COMMISSION_INCOME":null,"FEE_COMMISSION_INCOME_YOY":null,"ACCOUNTS_RECE_TDAYS":1.736171853744,"INVENTORY_TDAYS":1.873077767319,"CURRENT_ASSETS_TDAYS":0.366089844179,"TOTAL_ASSETS_TDAYS":0.256470624351,"PREMIUM_EXPENSE":null,"LOAN_DEPOSIT":null,"LOAN_EQUITY":null,"LOAN_ASSETS":null,"DEPOSIT_EQUITY":null,"DEPOSIT_ASSETS":null,"EQUITY_MULTIPLIER":3.16190153139,"EQUITY_RATIO":3.66041141208}],"count":75},"success":true,"message":"ok","code":0}