{"version":"d8edeec49e5e1dc0f3f0ffe2ee44a449","result":{"pages":3,"data":[{"SECUCODE":"02738.HK","SECURITY_CODE":"02738","SECURITY_NAME_ABBR":"华津国际控股","ORG_CODE":"10507933","STD_REPORT_DATE":"2024-06-30 00:00:00","REPORT_DATE":"2024-06-30 00:00:00","DATE_TYPE_CODE":"002","REPORT_TYPE":"2024年中报","PER_NETCASH_OPERATE":-1.006298333333,"PER_OI":5.344105,"BPS":0.883266666667,"BASIC_EPS":0.0281,"DILUTED_EPS":0.0281,"OPERATE_INCOME":3206463000,"OPERATE_INCOME_YOY":7.7160013773,"GROSS_PROFIT":94189000,"GROSS_PROFIT_YOY":-32.403473518014,"HOLDER_PROFIT":16885000,"HOLDER_PROFIT_YOY":-57.194645845,"GROSS_PROFIT_RATIO":2.937473471548,"EPS_TTM":0.105158333333,"OPERATE_INCOME_QOQ":3.485454485583,"NET_PROFIT_RATIO":0.5265926973,"ROE_AVG":3.238443207373,"GROSS_PROFIT_QOQ":-15.225220364588,"ROA":0.419893215075,"HOLDER_PROFIT_QOQ":-26.339077239189,"ROE_YEARLY":6.476886414745,"ROIC_YEARLY":0.856208340818,"TOTAL_ASSETS":4254846000,"TOTAL_LIABILITIES":3722962000,"TAX_EBT":13.308004312779,"OCF_SALES":-18.830062907322,"TOTAL_PARENT_EQUITY":529960000,"DEBT_ASSET_RATIO":87.4993360512,"OPERATE_PROFIT":64914000,"PRETAX_PROFIT":19477000,"NETCASH_OPERATE":-603779000,"NETCASH_INVEST":-396883000,"NETCASH_FINANCE":954332000,"END_CASH":52020000,"DIVI_RATIO":null,"DIVIDEND_RATE":null,"CURRENT_RATIO":0.808737805906,"COMMON_ACS":8000000000,"CURRENTDEBT_DEBT":71.726490896227,"ISSUED_COMMON_SHARES":600000000,"HK_COMMON_SHARES":600000000,"PER_SHARES":2000,"TOTAL_MARKET_CAP":342000000,"HKSK_MARKET_CAP":342000000,"PE_TTM":4.86925992179,"PB_TTM":0.588981357084,"REPORT_DATE_SQ":"2023-06-30 00:00:00","REPORT_TYPE_SQ":"2023年中报","OPERATE_INCOME_SQ":2976775000,"DPS_HKD":null,"OPERATE_INCOME_QOQ_SQ":21.118917016882,"NET_PROFIT_RATIO_SQ":1.3251253454,"HOLDER_PROFIT_SQ":39446000,"HOLDER_PROFIT_QOQ_SQ":59.51881136607,"ROE_AVG_SQ":8.854251425634,"PE_TTM_SQ":-12.515800405634,"PB_TTM_SQ":1.817552038036,"ROA_SQ":1.38346266543,"START_DATE":"2024-01-01 00:00:00","FISCAL_YEAR":"12-31","CURRENCY":"HKD","IS_CNY_CODE":0,"DPS_HKD_LY":null,"ORG_TYPE":"一般企业","PREMIUM_INCOME":null,"PREMIUM_INCOME_YOY":null,"NET_INTEREST_INCOME":null,"NET_INTEREST_INCOME_YOY":null,"FEE_COMMISSION_INCOME":null,"FEE_COMMISSION_INCOME_YOY":null,"ACCOUNTS_RECE_TDAYS":2.288861755509,"INVENTORY_TDAYS":10.726227833007,"CURRENT_ASSETS_TDAYS":1.550179325402,"TOTAL_ASSETS_TDAYS":0.797377588445,"PREMIUM_EXPENSE":null,"LOAN_DEPOSIT":null,"LOAN_EQUITY":null,"LOAN_ASSETS":null,"DEPOSIT_EQUITY":null,"DEPOSIT_ASSETS":null,"EQUITY_MULTIPLIER":7.999575095337,"EQUITY_RATIO":7.024986791456},{"SECUCODE":"02738.HK","SECURITY_CODE":"02738","SECURITY_NAME_ABBR":"华津国际控股","ORG_CODE":"10507933","STD_REPORT_DATE":"2023-12-31 00:00:00","REPORT_DATE":"2023-12-31 00:00:00","DATE_TYPE_CODE":"001","REPORT_TYPE":"2023年年报","PER_NETCASH_OPERATE":-0.61996,"PER_OI":10.983168333333,"BPS":0.854708333333,"BASIC_EPS":0.1428,"DILUTED_EPS":0.1428,"OPERATE_INCOME":6589901000,"OPERATE_INCOME_YOY":41.3061429641,"GROSS_PROFIT":296554000,"GROSS_PROFIT_YOY":1573.04788396583,"HOLDER_PROFIT":85656000,"HOLDER_PROFIT_YOY":151.8188252802,"GROSS_PROFIT_RATIO":4.500128302383,"EPS_TTM":0.14276,"OPERATE_INCOME_QOQ":16.66727745294,"NET_PROFIT_RATIO":1.2971363303,"ROE_AVG":18.260366268975,"GROSS_PROFIT_QOQ":138.01818721758,"ROA":2.601769443789,"HOLDER_PROFIT_QOQ":228.007173279534,"ROE_YEARLY":18.260366268975,"ROIC_YEARLY":2.648592564145,"TOTAL_ASSETS":3787675000,"TOTAL_LIABILITIES":3272926000,"TAX_EBT":15.501033006791,"OCF_SALES":-5.644637150088,"TOTAL_PARENT_EQUITY":512825000,"DEBT_ASSET_RATIO":86.4098952524,"OPERATE_PROFIT":177739000,"PRETAX_PROFIT":101161000,"NETCASH_OPERATE":-371976000,"NETCASH_INVEST":-603023000,"NETCASH_FINANCE":1057264000,"END_CASH":98386000,"DIVI_RATIO":null,"DIVIDEND_RATE":null,"CURRENT_RATIO":0.881134930025,"COMMON_ACS":8000000000,"CURRENTDEBT_DEBT":68.562961704603,"ISSUED_COMMON_SHARES":600000000,"HK_COMMON_SHARES":600000000,"PER_SHARES":2000,"TOTAL_MARKET_CAP":360000000,"HKSK_MARKET_CAP":360000000,"PE_TTM":5.125536759779,"PB_TTM":0.619980375877,"REPORT_DATE_SQ":"2022-12-31 00:00:00","REPORT_TYPE_SQ":"2022年年报","OPERATE_INCOME_SQ":4663563000,"DPS_HKD":null,"OPERATE_INCOME_QOQ_SQ":-7.545941423755,"NET_PROFIT_RATIO_SQ":-3.5444787601,"HOLDER_PROFIT_SQ":-165299000,"HOLDER_PROFIT_QOQ_SQ":-219.572740454326,"ROE_AVG_SQ":-32.657427831686,"PE_TTM_SQ":-11.943182086422,"PB_TTM_SQ":1.734396062439,"ROA_SQ":-6.355975624128,"START_DATE":"2023-01-01 00:00:00","FISCAL_YEAR":"12-31","CURRENCY":"HKD","IS_CNY_CODE":0,"DPS_HKD_LY":null,"ORG_TYPE":"一般企业","PREMIUM_INCOME":null,"PREMIUM_INCOME_YOY":null,"NET_INTEREST_INCOME":null,"NET_INTEREST_INCOME_YOY":null,"FEE_COMMISSION_INCOME":null,"FEE_COMMISSION_INCOME_YOY":null,"ACCOUNTS_RECE_TDAYS":5.364296124991,"INVENTORY_TDAYS":28.014507269215,"CURRENT_ASSETS_TDAYS":3.823155792748,"TOTAL_ASSETS_TDAYS":2.001658151139,"PREMIUM_EXPENSE":null,"LOAN_DEPOSIT":null,"LOAN_EQUITY":null,"LOAN_ASSETS":null,"DEPOSIT_EQUITY":null,"DEPOSIT_ASSETS":null,"EQUITY_MULTIPLIER":7.358295013705,"EQUITY_RATIO":6.382149856189},{"SECUCODE":"02738.HK","SECURITY_CODE":"02738","SECURITY_NAME_ABBR":"华津国际控股","ORG_CODE":"10507933","STD_REPORT_DATE":"2023-06-30 00:00:00","REPORT_DATE":"2023-06-30 00:00:00","DATE_TYPE_CODE":"002","REPORT_TYPE":"2023年中报","PER_NETCASH_OPERATE":0.001886666667,"PER_OI":4.961291666667,"BPS":0.776115,"BASIC_EPS":0.0657,"DILUTED_EPS":0.0657,"OPERATE_INCOME":2976775000,"OPERATE_INCOME_YOY":49.4454236975,"GROSS_PROFIT":139340000,"GROSS_PROFIT_YOY":2687.55803156917,"HOLDER_PROFIT":39446000,"HOLDER_PROFIT_YOY":166.9279581934,"GROSS_PROFIT_RATIO":4.680904670323,"EPS_TTM":-0.111525,"OPERATE_INCOME_QOQ":21.118917016882,"NET_PROFIT_RATIO":1.3251253454,"ROE_AVG":8.854251425634,"GROSS_PROFIT_QOQ":718.880389429764,"ROA":1.38346266543,"HOLDER_PROFIT_QOQ":59.51881136607,"ROE_YEARLY":17.708502851268,"ROIC_YEARLY":2.799216069059,"TOTAL_ASSETS":2905736000,"TOTAL_LIABILITIES":2437967000,"TAX_EBT":18.292354537357,"OCF_SALES":0.038027731354,"TOTAL_PARENT_EQUITY":465669000,"DEBT_ASSET_RATIO":83.9018754629,"OPERATE_PROFIT":80387000,"PRETAX_PROFIT":48277000,"NETCASH_OPERATE":1132000,"NETCASH_INVEST":-49575000,"NETCASH_FINANCE":79915000,"END_CASH":47589000,"DIVI_RATIO":null,"DIVIDEND_RATE":null,"CURRENT_RATIO":0.8508355228,"COMMON_ACS":8000000000,"CURRENTDEBT_DEBT":73.687625796412,"ISSUED_COMMON_SHARES":600000000,"HK_COMMON_SHARES":600000000,"PER_SHARES":2000,"TOTAL_MARKET_CAP":360000000,"HKSK_MARKET_CAP":360000000,"PE_TTM":5.125536759779,"PB_TTM":0.619980375877,"REPORT_DATE_SQ":"2022-06-30 00:00:00","REPORT_TYPE_SQ":"2022年中报","OPERATE_INCOME_SQ":1991881000,"DPS_HKD":null,"OPERATE_INCOME_QOQ_SQ":-4.701308530433,"NET_PROFIT_RATIO_SQ":-2.9589117021,"HOLDER_PROFIT_SQ":-58938000,"HOLDER_PROFIT_QOQ_SQ":-183.374973806799,"ROE_AVG_SQ":-10.552824551996,"PE_TTM_SQ":-11.943182086422,"PB_TTM_SQ":1.734396062439,"ROA_SQ":-2.230823924525,"START_DATE":"2023-01-01 00:00:00","FISCAL_YEAR":"12-31","CURRENCY":"HKD","IS_CNY_CODE":0,"DPS_HKD_LY":null,"ORG_TYPE":"一般企业","PREMIUM_INCOME":null,"PREMIUM_INCOME_YOY":null,"NET_INTEREST_INCOME":null,"NET_INTEREST_INCOME_YOY":null,"FEE_COMMISSION_INCOME":null,"FEE_COMMISSION_INCOME_YOY":null,"ACCOUNTS_RECE_TDAYS":2.590152066557,"INVENTORY_TDAYS":18.303257248095,"CURRENT_ASSETS_TDAYS":1.985449165958,"TOTAL_ASSETS_TDAYS":1.04402400139,"PREMIUM_EXPENSE":null,"LOAN_DEPOSIT":null,"LOAN_EQUITY":null,"LOAN_ASSETS":null,"DEPOSIT_EQUITY":null,"DEPOSIT_ASSETS":null,"EQUITY_MULTIPLIER":6.21190373882,"EQUITY_RATIO":5.235407553434},{"SECUCODE":"02738.HK","SECURITY_CODE":"02738","SECURITY_NAME_ABBR":"华津国际控股","ORG_CODE":"10507933","STD_REPORT_DATE":"2022-12-31 00:00:00","REPORT_DATE":"2022-12-31 00:00:00","DATE_TYPE_CODE":"001","REPORT_TYPE":"2022年年报","PER_NETCASH_OPERATE":-0.581206666667,"PER_OI":7.772605,"BPS":0.708896666667,"BASIC_EPS":-0.2755,"DILUTED_EPS":-0.2755,"OPERATE_INCOME":4663563000,"OPERATE_INCOME_YOY":-11.8924919663,"GROSS_PROFIT":-20132000,"GROSS_PROFIT_YOY":-109.644071856287,"HOLDER_PROFIT":-165299000,"HOLDER_PROFIT_YOY":-366.4436886475,"GROSS_PROFIT_RATIO":-0.431687102758,"EPS_TTM":-0.275498333333,"OPERATE_INCOME_QOQ":-7.545941423755,"NET_PROFIT_RATIO":-3.5444787601,"ROE_AVG":-32.657427831686,"GROSS_PROFIT_QOQ":-127.984820472901,"ROA":-6.355975624128,"HOLDER_PROFIT_QOQ":-219.572740454326,"ROE_YEARLY":-32.657427831686,"ROIC_YEARLY":-6.403546338732,"TOTAL_ASSETS":2796767000,"TOTAL_LIABILITIES":2371429000,"TAX_EBT":16.269539758279,"OCF_SALES":-7.477630301124,"TOTAL_PARENT_EQUITY":425338000,"DEBT_ASSET_RATIO":84.7917971,"OPERATE_PROFIT":-119740000,"PRETAX_PROFIT":-197418000,"NETCASH_OPERATE":-348724000,"NETCASH_INVEST":-172569000,"NETCASH_FINANCE":514834000,"END_CASH":16093000,"DIVI_RATIO":null,"DIVIDEND_RATE":null,"CURRENT_RATIO":0.764813666406,"COMMON_ACS":8000000000,"CURRENTDEBT_DEBT":81.054250411882,"ISSUED_COMMON_SHARES":600000000,"HK_COMMON_SHARES":600000000,"PER_SHARES":2000,"TOTAL_MARKET_CAP":360000000,"HKSK_MARKET_CAP":360000000,"PE_TTM":5.125536759779,"PB_TTM":0.619980375877,"REPORT_DATE_SQ":"2021-12-31 00:00:00","REPORT_TYPE_SQ":"2021年年报","OPERATE_INCOME_SQ":5293037000,"DPS_HKD":null,"OPERATE_INCOME_QOQ_SQ":26.686415855006,"NET_PROFIT_RATIO_SQ":1.1720870268,"HOLDER_PROFIT_SQ":62039000,"HOLDER_PROFIT_QOQ_SQ":-41.052781604827,"ROE_AVG_SQ":10.720444860705,"PE_TTM_SQ":-11.943182086422,"PB_TTM_SQ":1.734396062439,"ROA_SQ":2.789495160233,"START_DATE":"2022-01-01 00:00:00","FISCAL_YEAR":"12-31","CURRENCY":"HKD","IS_CNY_CODE":0,"DPS_HKD_LY":null,"ORG_TYPE":"一般企业","PREMIUM_INCOME":null,"PREMIUM_INCOME_YOY":null,"NET_INTEREST_INCOME":null,"NET_INTEREST_INCOME_YOY":null,"FEE_COMMISSION_INCOME":null,"FEE_COMMISSION_INCOME_YOY":null,"ACCOUNTS_RECE_TDAYS":4.625506644086,"INVENTORY_TDAYS":32.18857382412,"CURRENT_ASSETS_TDAYS":3.512438541629,"TOTAL_ASSETS_TDAYS":1.793204601939,"PREMIUM_EXPENSE":null,"LOAN_DEPOSIT":null,"LOAN_EQUITY":null,"LOAN_ASSETS":null,"DEPOSIT_EQUITY":null,"DEPOSIT_ASSETS":null,"EQUITY_MULTIPLIER":6.575398859256,"EQUITY_RATIO":5.57539885926},{"SECUCODE":"02738.HK","SECURITY_CODE":"02738","SECURITY_NAME_ABBR":"华津国际控股","ORG_CODE":"10507933","STD_REPORT_DATE":"2022-06-30 00:00:00","REPORT_DATE":"2022-06-30 00:00:00","DATE_TYPE_CODE":"002","REPORT_TYPE":"2022年中报","PER_NETCASH_OPERATE":-0.41122,"PER_OI":3.319801666667,"BPS":0.883376666667,"BASIC_EPS":-0.0982,"DILUTED_EPS":-0.0982,"OPERATE_INCOME":1991881000,"OPERATE_INCOME_YOY":-11.1054333802,"GROSS_PROFIT":-5385000,"GROSS_PROFIT_YOY":-104.097362774489,"HOLDER_PROFIT":-58938000,"HOLDER_PROFIT_YOY":-207.5000911976,"GROSS_PROFIT_RATIO":-0.270347475577,"EPS_TTM":-0.086208333333,"OPERATE_INCOME_QOQ":-4.701308530433,"NET_PROFIT_RATIO":-2.9589117021,"ROE_AVG":-10.552824551996,"GROSS_PROFIT_QOQ":-65.538203592814,"ROA":-2.230823924525,"HOLDER_PROFIT_QOQ":-183.374973806799,"ROE_YEARLY":-21.105649103991,"ROIC_YEARLY":-4.53272125933,"TOTAL_ASSETS":2879361000,"TOTAL_LIABILITIES":2349335000,"TAX_EBT":27.540294323756,"OCF_SALES":-12.386884557863,"TOTAL_PARENT_EQUITY":530026000,"DEBT_ASSET_RATIO":81.5922352216,"OPERATE_PROFIT":-45396000,"PRETAX_PROFIT":-81339000,"NETCASH_OPERATE":-246732000,"NETCASH_INVEST":-84640000,"NETCASH_FINANCE":369134000,"END_CASH":60306000,"DIVI_RATIO":null,"DIVIDEND_RATE":null,"CURRENT_RATIO":0.825774664853,"COMMON_ACS":8000000000,"CURRENTDEBT_DEBT":82.686462339343,"ISSUED_COMMON_SHARES":600000000,"HK_COMMON_SHARES":600000000,"PER_SHARES":2000,"TOTAL_MARKET_CAP":360000000,"HKSK_MARKET_CAP":360000000,"PE_TTM":5.125536759779,"PB_TTM":0.619980375877,"REPORT_DATE_SQ":"2021-06-30 00:00:00","REPORT_TYPE_SQ":"2021年中报","OPERATE_INCOME_SQ":2240723000,"DPS_HKD":null,"OPERATE_INCOME_QOQ_SQ":46.714442379267,"NET_PROFIT_RATIO_SQ":2.4467995375,"HOLDER_PROFIT_SQ":54826000,"HOLDER_PROFIT_QOQ_SQ":188.991707397441,"ROE_AVG_SQ":9.558961984532,"PE_TTM_SQ":-11.943182086422,"PB_TTM_SQ":1.734396062439,"ROA_SQ":2.445204665361,"START_DATE":"2022-01-01 00:00:00","FISCAL_YEAR":"12-31","CURRENCY":"HKD","IS_CNY_CODE":0,"DPS_HKD_LY":null,"ORG_TYPE":"一般企业","PREMIUM_INCOME":null,"PREMIUM_INCOME_YOY":null,"NET_INTEREST_INCOME":null,"NET_INTEREST_INCOME_YOY":null,"FEE_COMMISSION_INCOME":null,"FEE_COMMISSION_INCOME_YOY":null,"ACCOUNTS_RECE_TDAYS":1.913212568982,"INVENTORY_TDAYS":12.486034008502,"CURRENT_ASSETS_TDAYS":1.428123013763,"TOTAL_ASSETS_TDAYS":0.753933928808,"PREMIUM_EXPENSE":null,"LOAN_DEPOSIT":null,"LOAN_EQUITY":null,"LOAN_ASSETS":null,"DEPOSIT_EQUITY":null,"DEPOSIT_ASSETS":null,"EQUITY_MULTIPLIER":5.432490104249,"EQUITY_RATIO":4.432490104259},{"SECUCODE":"02738.HK","SECURITY_CODE":"02738","SECURITY_NAME_ABBR":"华津国际控股","ORG_CODE":"10507933","STD_REPORT_DATE":"2021-12-31 00:00:00","REPORT_DATE":"2021-12-31 00:00:00","DATE_TYPE_CODE":"001","REPORT_TYPE":"2021年年报","PER_NETCASH_OPERATE":-0.060771666667,"PER_OI":8.821728333333,"BPS":0.978305,"BASIC_EPS":0.1034,"DILUTED_EPS":0.1034,"OPERATE_INCOME":5293037000,"OPERATE_INCOME_YOY":85.867268592,"GROSS_PROFIT":208750000,"GROSS_PROFIT_YOY":38.873181343428,"HOLDER_PROFIT":62039000,"HOLDER_PROFIT_YOY":70.3525729035,"GROSS_PROFIT_RATIO":3.943860585142,"EPS_TTM":0.103398333333,"OPERATE_INCOME_QOQ":26.686415855006,"NET_PROFIT_RATIO":1.1720870268,"ROE_AVG":10.720444860705,"GROSS_PROFIT_QOQ":-18.740803599928,"ROA":2.789495160233,"HOLDER_PROFIT_QOQ":-41.052781604827,"ROE_YEARLY":10.720444860705,"ROIC_YEARLY":2.833308443295,"TOTAL_ASSETS":2404606000,"TOTAL_LIABILITIES":1817623000,"TAX_EBT":19.471703011423,"OCF_SALES":-0.688886172532,"TOTAL_PARENT_EQUITY":586983000,"DEBT_ASSET_RATIO":75.5892233489,"OPERATE_PROFIT":129294000,"PRETAX_PROFIT":77040000,"NETCASH_OPERATE":-36463000,"NETCASH_INVEST":-180948000,"NETCASH_FINANCE":193683000,"END_CASH":22547000,"DIVI_RATIO":null,"DIVIDEND_RATE":null,"CURRENT_RATIO":0.837729613904,"COMMON_ACS":8000000000,"CURRENTDEBT_DEBT":77.848046597122,"ISSUED_COMMON_SHARES":600000000,"HK_COMMON_SHARES":600000000,"PER_SHARES":2000,"TOTAL_MARKET_CAP":360000000,"HKSK_MARKET_CAP":360000000,"PE_TTM":5.125536759779,"PB_TTM":0.619980375877,"REPORT_DATE_SQ":"2020-12-31 00:00:00","REPORT_TYPE_SQ":"2020年年报","OPERATE_INCOME_SQ":2847751000,"DPS_HKD":null,"OPERATE_INCOME_QOQ_SQ":32.720952169674,"NET_PROFIT_RATIO_SQ":1.2788337183,"HOLDER_PROFIT_SQ":36418000,"HOLDER_PROFIT_QOQ_SQ":697.310152534033,"ROE_AVG_SQ":6.595026475723,"PE_TTM_SQ":-11.943182086422,"PB_TTM_SQ":1.734396062439,"ROA_SQ":2.02899245131,"START_DATE":"2021-01-01 00:00:00","FISCAL_YEAR":"12-31","CURRENCY":"HKD","IS_CNY_CODE":0,"DPS_HKD_LY":0.098,"ORG_TYPE":"一般企业","PREMIUM_INCOME":null,"PREMIUM_INCOME_YOY":null,"NET_INTEREST_INCOME":null,"NET_INTEREST_INCOME_YOY":null,"FEE_COMMISSION_INCOME":null,"FEE_COMMISSION_INCOME_YOY":null,"ACCOUNTS_RECE_TDAYS":7.717417358746,"INVENTORY_TDAYS":26.687769670883,"CURRENT_ASSETS_TDAYS":5.261504801723,"TOTAL_ASSETS_TDAYS":2.37993860224,"PREMIUM_EXPENSE":null,"LOAN_DEPOSIT":null,"LOAN_EQUITY":null,"LOAN_ASSETS":null,"DEPOSIT_EQUITY":null,"DEPOSIT_ASSETS":null,"EQUITY_MULTIPLIER":4.096551348172,"EQUITY_RATIO":3.096551348165},{"SECUCODE":"02738.HK","SECURITY_CODE":"02738","SECURITY_NAME_ABBR":"华津国际控股","ORG_CODE":"10507933","STD_REPORT_DATE":"2021-06-30 00:00:00","REPORT_DATE":"2021-06-30 00:00:00","DATE_TYPE_CODE":"002","REPORT_TYPE":"2021年中报","PER_NETCASH_OPERATE":-0.152115,"PER_OI":3.734538333333,"BPS":0.961165,"BASIC_EPS":0.0914,"DILUTED_EPS":0.0914,"OPERATE_INCOME":2240723000,"OPERATE_INCOME_YOY":146.1218657048,"GROSS_PROFIT":131426000,"GROSS_PROFIT_YOY":428.89854722524,"HOLDER_PROFIT":54826000,"HOLDER_PROFIT_YOY":491.5863152632,"GROSS_PROFIT_RATIO":5.865338999957,"EPS_TTM":0.175408333333,"OPERATE_INCOME_QOQ":46.714442379267,"NET_PROFIT_RATIO":2.4467995375,"ROE_AVG":9.558961984532,"GROSS_PROFIT_QOQ":70.901494840903,"ROA":2.445204665361,"HOLDER_PROFIT_QOQ":188.991707397441,"ROE_YEARLY":19.117923969063,"ROIC_YEARLY":5.173024243892,"TOTAL_ASSETS":2440930000,"TOTAL_LIABILITIES":1864231000,"TAX_EBT":21.34341420025,"OCF_SALES":-4.073194232397,"TOTAL_PARENT_EQUITY":576699000,"DEBT_ASSET_RATIO":76.3738001499,"OPERATE_PROFIT":96175000,"PRETAX_PROFIT":69703000,"NETCASH_OPERATE":-160452000,"NETCASH_INVEST":-84072000,"NETCASH_FINANCE":396941000,"END_CASH":198756000,"DIVI_RATIO":null,"DIVIDEND_RATE":null,"CURRENT_RATIO":0.856364727124,"COMMON_ACS":8000000000,"CURRENTDEBT_DEBT":74.30350637877,"ISSUED_COMMON_SHARES":600000000,"HK_COMMON_SHARES":600000000,"PER_SHARES":2000,"TOTAL_MARKET_CAP":360000000,"HKSK_MARKET_CAP":360000000,"PE_TTM":5.125536759779,"PB_TTM":0.619980375877,"REPORT_DATE_SQ":"2020-06-30 00:00:00","REPORT_TYPE_SQ":"2020年中报","OPERATE_INCOME_SQ":910412000,"DPS_HKD":null,"OPERATE_INCOME_QOQ_SQ":-0.783175845797,"NET_PROFIT_RATIO_SQ":-1.5378751598,"HOLDER_PROFIT_SQ":-14001000,"HOLDER_PROFIT_QOQ_SQ":-133.171926006529,"ROE_AVG_SQ":-2.656763970022,"PE_TTM_SQ":-11.943182086422,"PB_TTM_SQ":1.734396062439,"ROA_SQ":-0.857578353328,"START_DATE":"2021-01-01 00:00:00","FISCAL_YEAR":"12-31","CURRENCY":"HKD","IS_CNY_CODE":0,"DPS_HKD_LY":0.098,"ORG_TYPE":"一般企业","PREMIUM_INCOME":null,"PREMIUM_INCOME_YOY":null,"NET_INTEREST_INCOME":null,"NET_INTEREST_INCOME_YOY":null,"FEE_COMMISSION_INCOME":null,"FEE_COMMISSION_INCOME_YOY":null,"ACCOUNTS_RECE_TDAYS":3.623320510271,"INVENTORY_TDAYS":10.802034122247,"CURRENT_ASSETS_TDAYS":2.226430429856,"TOTAL_ASSETS_TDAYS":0.999348180313,"PREMIUM_EXPENSE":null,"LOAN_DEPOSIT":null,"LOAN_EQUITY":null,"LOAN_ASSETS":null,"DEPOSIT_EQUITY":null,"DEPOSIT_ASSETS":null,"EQUITY_MULTIPLIER":4.232589270999,"EQUITY_RATIO":3.232589271006},{"SECUCODE":"02738.HK","SECURITY_CODE":"02738","SECURITY_NAME_ABBR":"华津国际控股","ORG_CODE":"10507933","STD_REPORT_DATE":"2020-12-31 00:00:00","REPORT_DATE":"2020-12-31 00:00:00","DATE_TYPE_CODE":"001","REPORT_TYPE":"2020年年报","PER_NETCASH_OPERATE":0.156905,"PER_OI":4.746251666667,"BPS":0.950688333333,"BASIC_EPS":0.0607,"DILUTED_EPS":0.0607,"OPERATE_INCOME":2847751000,"OPERATE_INCOME_YOY":31.68151373,"GROSS_PROFIT":150317000,"GROSS_PROFIT_YOY":31.234230537537,"HOLDER_PROFIT":36418000,"HOLDER_PROFIT_YOY":98.1392818281,"GROSS_PROFIT_RATIO":5.278446043913,"EPS_TTM":0.060696666667,"OPERATE_INCOME_QOQ":32.720952169674,"NET_PROFIT_RATIO":1.2788337183,"ROE_AVG":6.595026475723,"GROSS_PROFIT_QOQ":81.150652574748,"ROA":2.02899245131,"HOLDER_PROFIT_QOQ":697.310152534033,"ROE_YEARLY":6.595026475723,"ROIC_YEARLY":2.078160116707,"TOTAL_ASSETS":2043439000,"TOTAL_LIABILITIES":1473026000,"TAX_EBT":9.522744776527,"OCF_SALES":3.305871896806,"TOTAL_PARENT_EQUITY":570413000,"DEBT_ASSET_RATIO":72.0856360283,"OPERATE_PROFIT":75475000,"PRETAX_PROFIT":40251000,"NETCASH_OPERATE":93989000,"NETCASH_INVEST":-195557000,"NETCASH_FINANCE":109157000,"END_CASH":46236000,"DIVI_RATIO":null,"DIVIDEND_RATE":null,"CURRENT_RATIO":0.726868872684,"COMMON_ACS":8000000000,"CURRENTDEBT_DEBT":77.203185822925,"ISSUED_COMMON_SHARES":600000000,"HK_COMMON_SHARES":600000000,"PER_SHARES":2000,"TOTAL_MARKET_CAP":360000000,"HKSK_MARKET_CAP":360000000,"PE_TTM":5.125536759779,"PB_TTM":0.619980375877,"REPORT_DATE_SQ":"2019-12-31 00:00:00","REPORT_TYPE_SQ":"2019年年报","OPERATE_INCOME_SQ":2162605000,"DPS_HKD":null,"OPERATE_INCOME_QOQ_SQ":-10.263975007085,"NET_PROFIT_RATIO_SQ":0.8499009297,"HOLDER_PROFIT_SQ":18380000,"HOLDER_PROFIT_QOQ_SQ":524.532789670404,"ROE_AVG_SQ":3.282289387919,"PE_TTM_SQ":-11.943182086422,"PB_TTM_SQ":1.734396062439,"ROA_SQ":1.111269652786,"START_DATE":"2020-01-01 00:00:00","FISCAL_YEAR":"12-31","CURRENCY":"HKD","IS_CNY_CODE":0,"DPS_HKD_LY":null,"ORG_TYPE":"一般企业","PREMIUM_INCOME":null,"PREMIUM_INCOME_YOY":null,"NET_INTEREST_INCOME":null,"NET_INTEREST_INCOME_YOY":null,"FEE_COMMISSION_INCOME":null,"FEE_COMMISSION_INCOME_YOY":null,"ACCOUNTS_RECE_TDAYS":6.964308466605,"INVENTORY_TDAYS":17.654692597938,"CURRENT_ASSETS_TDAYS":4.259653678423,"TOTAL_ASSETS_TDAYS":1.586595991601,"PREMIUM_EXPENSE":null,"LOAN_DEPOSIT":null,"LOAN_EQUITY":null,"LOAN_ASSETS":null,"DEPOSIT_EQUITY":null,"DEPOSIT_ASSETS":null,"EQUITY_MULTIPLIER":3.582385043821,"EQUITY_RATIO":2.582385043819},{"SECUCODE":"02738.HK","SECURITY_CODE":"02738","SECURITY_NAME_ABBR":"华津国际控股","ORG_CODE":"10507933","STD_REPORT_DATE":"2020-06-30 00:00:00","REPORT_DATE":"2020-06-30 00:00:00","DATE_TYPE_CODE":"002","REPORT_TYPE":"2020年中报","PER_NETCASH_OPERATE":-0.023298333333,"PER_OI":1.517353333333,"BPS":0.866656666667,"BASIC_EPS":-0.0233,"DILUTED_EPS":null,"OPERATE_INCOME":910412000,"OPERATE_INCOME_YOY":-1.8263889862,"GROSS_PROFIT":24849000,"GROSS_PROFIT_YOY":-55.950080658028,"HOLDER_PROFIT":-14001000,"HOLDER_PROFIT_YOY":-233.6483390607,"GROSS_PROFIT_RATIO":2.729423601622,"EPS_TTM":-0.010161666667,"OPERATE_INCOME_QOQ":-0.783175845797,"NET_PROFIT_RATIO":-1.5378751598,"ROE_AVG":-2.656763970022,"GROSS_PROFIT_QOQ":-27.555198575183,"ROA":-0.857578353328,"HOLDER_PROFIT_QOQ":-133.171926006529,"ROE_YEARLY":-5.313527940045,"ROIC_YEARLY":-1.748521824053,"TOTAL_ASSETS":1718918000,"TOTAL_LIABILITIES":1198924000,"TAX_EBT":18.598837209302,"OCF_SALES":-1.535458671459,"TOTAL_PARENT_EQUITY":519994000,"DEBT_ASSET_RATIO":69.7487605575,"OPERATE_PROFIT":-2106000,"PRETAX_PROFIT":-17200000,"NETCASH_OPERATE":-13979000,"NETCASH_INVEST":1600000,"NETCASH_FINANCE":-2747000,"END_CASH":23612000,"DIVI_RATIO":null,"DIVIDEND_RATE":null,"CURRENT_RATIO":0.903443938879,"COMMON_ACS":8000000000,"CURRENTDEBT_DEBT":56.899686719091,"ISSUED_COMMON_SHARES":600000000,"HK_COMMON_SHARES":600000000,"PER_SHARES":2000,"TOTAL_MARKET_CAP":360000000,"HKSK_MARKET_CAP":360000000,"PE_TTM":5.125536759779,"PB_TTM":0.619980375877,"REPORT_DATE_SQ":"2019-06-30 00:00:00","REPORT_TYPE_SQ":"2019年中报","OPERATE_INCOME_SQ":927349000,"DPS_HKD":null,"OPERATE_INCOME_QOQ_SQ":-17.162479182886,"NET_PROFIT_RATIO_SQ":1.1296717848,"HOLDER_PROFIT_SQ":10476000,"HOLDER_PROFIT_QOQ_SQ":-54.101684341859,"ROE_AVG_SQ":1.772058114575,"PE_TTM_SQ":-11.943182086422,"PB_TTM_SQ":1.734396062439,"ROA_SQ":0.603714782224,"START_DATE":"2020-01-01 00:00:00","FISCAL_YEAR":"12-31","CURRENCY":"HKD","IS_CNY_CODE":0,"DPS_HKD_LY":null,"ORG_TYPE":"一般企业","PREMIUM_INCOME":null,"PREMIUM_INCOME_YOY":null,"NET_INTEREST_INCOME":null,"NET_INTEREST_INCOME_YOY":null,"FEE_COMMISSION_INCOME":null,"FEE_COMMISSION_INCOME_YOY":null,"ACCOUNTS_RECE_TDAYS":2.432146439787,"INVENTORY_TDAYS":7.979087358259,"CURRENT_ASSETS_TDAYS":1.615947688288,"TOTAL_ASSETS_TDAYS":0.557638471402,"PREMIUM_EXPENSE":null,"LOAN_DEPOSIT":null,"LOAN_EQUITY":null,"LOAN_ASSETS":null,"DEPOSIT_EQUITY":null,"DEPOSIT_ASSETS":null,"EQUITY_MULTIPLIER":3.305649680572,"EQUITY_RATIO":2.305649680573}],"count":21},"success":true,"message":"ok","code":0}