{"version":"48cf4d4c30e2e817cba0ee2bf8cf0874","result":{"pages":2,"data":[{"SECUCODE":"02772.HK","SECURITY_CODE":"02772","SECURITY_NAME_ABBR":"中梁控股","ORG_CODE":"10993334","STD_REPORT_DATE":"2024-06-30 00:00:00","REPORT_DATE":"2024-06-30 00:00:00","DATE_TYPE_CODE":"002","REPORT_TYPE":"2024年中报","PER_NETCASH_OPERATE":-0.496969741044,"PER_OI":6.175187188311,"BPS":1.199473077438,"BASIC_EPS":-0.47,"DILUTED_EPS":-0.52,"OPERATE_INCOME":22701159000,"OPERATE_INCOME_YOY":-21.3153140969,"GROSS_PROFIT":205227000,"GROSS_PROFIT_YOY":-91.824322547799,"HOLDER_PROFIT":-1708904000,"HOLDER_PROFIT_YOY":-9273.8458234915,"GROSS_PROFIT_RATIO":0.904037542753,"EPS_TTM":-1.624831858204,"OPERATE_INCOME_QOQ":-9.231600412399,"NET_PROFIT_RATIO":-8.622440819,"ROE_AVG":-28.317100073266,"GROSS_PROFIT_QOQ":-72.378600306158,"ROA":-1.037143345763,"HOLDER_PROFIT_QOQ":-40.689381952103,"ROE_YEARLY":-56.634200146531,"ROIC_YEARLY":-2.471764703304,"TOTAL_ASSETS":148772556000,"TOTAL_LIABILITIES":128637028000,"TAX_EBT":-121.69576144584,"OCF_SALES":-8.047849010705,"TOTAL_PARENT_EQUITY":5180309000,"DEBT_ASSET_RATIO":86.4655629093,"OPERATE_PROFIT":-829176000,"PRETAX_PROFIT":-882919000,"NETCASH_OPERATE":-1826955000,"NETCASH_INVEST":749136000,"NETCASH_FINANCE":-1053146000,"END_CASH":5107899000,"DIVI_RATIO":null,"DIVIDEND_RATE":null,"CURRENT_RATIO":1.127772486245,"COMMON_ACS":20000000000,"CURRENTDEBT_DEBT":89.802232526703,"ISSUED_COMMON_SHARES":4318820570,"HK_COMMON_SHARES":4318820570,"PER_SHARES":500,"TOTAL_MARKET_CAP":436200877.57,"HKSK_MARKET_CAP":436200877.57,"PE_TTM":-0.066315856937,"PB_TTM":0.076850978762,"REPORT_DATE_SQ":"2023-06-30 00:00:00","REPORT_TYPE_SQ":"2023年中报","OPERATE_INCOME_SQ":28850797000,"DPS_HKD":null,"OPERATE_INCOME_QOQ_SQ":16.54602837459,"NET_PROFIT_RATIO_SQ":1.5376871564,"HOLDER_PROFIT_SQ":18628000,"HOLDER_PROFIT_QOQ_SQ":-31.17290460968,"ROE_AVG_SQ":0.167034479376,"PE_TTM_SQ":-0.51946173887,"PB_TTM_SQ":0.085563913513,"ROA_SQ":0.008112531084,"START_DATE":"2024-01-01 00:00:00","FISCAL_YEAR":"12-31","CURRENCY":"HKD","IS_CNY_CODE":0,"DPS_HKD_LY":null,"ORG_TYPE":"一般企业","PREMIUM_INCOME":null,"PREMIUM_INCOME_YOY":null,"NET_INTEREST_INCOME":null,"NET_INTEREST_INCOME_YOY":null,"FEE_COMMISSION_INCOME":null,"FEE_COMMISSION_INCOME_YOY":null,"ACCOUNTS_RECE_TDAYS":2693.38067271757,"INVENTORY_TDAYS":0.266919817275,"CURRENT_ASSETS_TDAYS":0.157772454252,"TOTAL_ASSETS_TDAYS":0.13777459704,"PREMIUM_EXPENSE":null,"LOAN_DEPOSIT":null,"LOAN_EQUITY":null,"LOAN_ASSETS":null,"DEPOSIT_EQUITY":null,"DEPOSIT_ASSETS":null,"EQUITY_MULTIPLIER":7.388559962255,"EQUITY_RATIO":24.831921802348},{"SECUCODE":"02772.HK","SECURITY_CODE":"02772","SECURITY_NAME_ABBR":"中梁控股","ORG_CODE":"10993334","STD_REPORT_DATE":"2023-12-31 00:00:00","REPORT_DATE":"2023-12-31 00:00:00","DATE_TYPE_CODE":"001","REPORT_TYPE":"2023年年报","PER_NETCASH_OPERATE":-0.612745046718,"PER_OI":18.598257324582,"BPS":1.595217464661,"BASIC_EPS":-1.22,"DILUTED_EPS":-1.22,"OPERATE_INCOME":66615080000,"OPERATE_INCOME_YOY":69.3772503196,"GROSS_PROFIT":3184625000,"GROSS_PROFIT_YOY":-9.05475776731,"HOLDER_PROFIT":-4245658000,"HOLDER_PROFIT_YOY":-215.3378233847,"GROSS_PROFIT_RATIO":4.780636756722,"EPS_TTM":-1.185344819764,"OPERATE_INCOME_QOQ":45.33077847593,"NET_PROFIT_RATIO":-4.3815694584,"ROE_AVG":-47.170618181527,"GROSS_PROFIT_QOQ":42.352767109376,"ROA":-2.028567144498,"HOLDER_PROFIT_QOQ":-140.398597807248,"ROE_YEARLY":-47.170618181527,"ROIC_YEARLY":-2.415279845069,"TOTAL_ASSETS":180768005000,"TOTAL_LIABILITIES":154369015000,"TAX_EBT":833.17910072846,"OCF_SALES":-3.294636890026,"TOTAL_PARENT_EQUITY":6889458000,"DEBT_ASSET_RATIO":85.3962043781,"OPERATE_PROFIT":-282662000,"PRETAX_PROFIT":398100000,"NETCASH_OPERATE":-2194725000,"NETCASH_INVEST":2854882000,"NETCASH_FINANCE":-8025195000,"END_CASH":7238809000,"DIVI_RATIO":null,"DIVIDEND_RATE":null,"CURRENT_RATIO":1.042087681764,"COMMON_ACS":20000000000,"CURRENTDEBT_DEBT":97.902458598962,"ISSUED_COMMON_SHARES":4318820570,"HK_COMMON_SHARES":4318820570,"PER_SHARES":500,"TOTAL_MARKET_CAP":466432621.56,"HKSK_MARKET_CAP":466432621.56,"PE_TTM":-0.070912005437,"PB_TTM":0.082177284221,"REPORT_DATE_SQ":"2022-12-31 00:00:00","REPORT_TYPE_SQ":"2022年年报","OPERATE_INCOME_SQ":39329414000,"DPS_HKD":null,"OPERATE_INCOME_QOQ_SQ":-40.002635773976,"NET_PROFIT_RATIO_SQ":-4.1222048211,"HOLDER_PROFIT_SQ":-1346384000,"HOLDER_PROFIT_QOQ_SQ":-176.54514847286,"ROE_AVG_SQ":-11.668721038289,"PE_TTM_SQ":-0.537374212624,"PB_TTM_SQ":0.088514393289,"ROA_SQ":-0.533224675237,"START_DATE":"2023-01-01 00:00:00","FISCAL_YEAR":"12-31","CURRENCY":"HKD","IS_CNY_CODE":0,"DPS_HKD_LY":null,"ORG_TYPE":"一般企业","PREMIUM_INCOME":null,"PREMIUM_INCOME_YOY":null,"NET_INTEREST_INCOME":null,"NET_INTEREST_INCOME_YOY":null,"FEE_COMMISSION_INCOME":null,"FEE_COMMISSION_INCOME_YOY":null,"ACCOUNTS_RECE_TDAYS":8536.01742696053,"INVENTORY_TDAYS":0.544844967379,"CURRENT_ASSETS_TDAYS":0.360834128661,"TOTAL_ASSETS_TDAYS":0.31828555813,"PREMIUM_EXPENSE":null,"LOAN_DEPOSIT":null,"LOAN_EQUITY":null,"LOAN_ASSETS":null,"DEPOSIT_EQUITY":null,"DEPOSIT_ASSETS":null,"EQUITY_MULTIPLIER":6.847534886755,"EQUITY_RATIO":22.406554332721},{"SECUCODE":"02772.HK","SECURITY_CODE":"02772","SECURITY_NAME_ABBR":"中梁控股","ORG_CODE":"10993334","STD_REPORT_DATE":"2023-06-30 00:00:00","REPORT_DATE":"2023-06-30 00:00:00","DATE_TYPE_CODE":"002","REPORT_TYPE":"2023年中报","PER_NETCASH_OPERATE":0.621487040773,"PER_OI":8.054851043116,"BPS":2.591576292321,"BASIC_EPS":0.01,"DILUTED_EPS":0.01,"OPERATE_INCOME":28850797000,"OPERATE_INCOME_YOY":29.124811728,"GROSS_PROFIT":2510214000,"GROSS_PROFIT_YOY":-33.500266108717,"HOLDER_PROFIT":18628000,"HOLDER_PROFIT_YOY":-95.7502823183,"GROSS_PROFIT_RATIO":8.700674716196,"EPS_TTM":-0.493074764402,"OPERATE_INCOME_QOQ":16.54602837459,"NET_PROFIT_RATIO":1.5376871564,"ROE_AVG":0.167034479376,"GROSS_PROFIT_QOQ":-36.112768245093,"ROA":0.008112531084,"HOLDER_PROFIT_QOQ":-31.17290460968,"ROE_YEARLY":0.334068958752,"ROIC_YEARLY":0.019225324835,"TOTAL_ASSETS":221421272000,"TOTAL_LIABILITIES":189805945000,"TAX_EBT":74.324910106657,"OCF_SALES":7.71568632922,"TOTAL_PARENT_EQUITY":11192553000,"DEBT_ASSET_RATIO":85.7216396986,"OPERATE_PROFIT":1100858000,"PRETAX_PROFIT":1727881000,"NETCASH_OPERATE":2225675000,"NETCASH_INVEST":675604000,"NETCASH_FINANCE":-5209917000,"END_CASH":12295191000,"DIVI_RATIO":null,"DIVIDEND_RATE":null,"CURRENT_RATIO":1.056165153353,"COMMON_ACS":20000000000,"CURRENTDEBT_DEBT":97.40763072516,"ISSUED_COMMON_SHARES":4318820570,"HK_COMMON_SHARES":4318820570,"PER_SHARES":500,"TOTAL_MARKET_CAP":466432621.56,"HKSK_MARKET_CAP":466432621.56,"PE_TTM":-0.070912005437,"PB_TTM":0.082177284221,"REPORT_DATE_SQ":"2022-06-30 00:00:00","REPORT_TYPE_SQ":"2022年中报","OPERATE_INCOME_SQ":22343341000,"DPS_HKD":null,"OPERATE_INCOME_QOQ_SQ":-13.876862071394,"NET_PROFIT_RATIO_SQ":3.843095802,"HOLDER_PROFIT_SQ":438335000,"HOLDER_PROFIT_QOQ_SQ":-34.915915128099,"ROE_AVG_SQ":3.514471442609,"PE_TTM_SQ":-0.537374212624,"PB_TTM_SQ":0.088514393289,"ROA_SQ":0.168382549387,"START_DATE":"2023-01-01 00:00:00","FISCAL_YEAR":"12-31","CURRENCY":"HKD","IS_CNY_CODE":0,"DPS_HKD_LY":null,"ORG_TYPE":"一般企业","PREMIUM_INCOME":null,"PREMIUM_INCOME_YOY":null,"NET_INTEREST_INCOME":null,"NET_INTEREST_INCOME_YOY":null,"FEE_COMMISSION_INCOME":null,"FEE_COMMISSION_INCOME_YOY":null,"ACCOUNTS_RECE_TDAYS":2942.30758247922,"INVENTORY_TDAYS":0.201949630254,"CURRENT_ASSETS_TDAYS":0.141770852568,"TOTAL_ASSETS_TDAYS":0.125645795287,"PREMIUM_EXPENSE":null,"LOAN_DEPOSIT":null,"LOAN_EQUITY":null,"LOAN_ASSETS":null,"DEPOSIT_EQUITY":null,"DEPOSIT_ASSETS":null,"EQUITY_MULTIPLIER":7.003605308251,"EQUITY_RATIO":16.958235087205},{"SECUCODE":"02772.HK","SECURITY_CODE":"02772","SECURITY_NAME_ABBR":"中梁控股","ORG_CODE":"10993334","STD_REPORT_DATE":"2022-12-31 00:00:00","REPORT_DATE":"2022-12-31 00:00:00","DATE_TYPE_CODE":"001","REPORT_TYPE":"2022年年报","PER_NETCASH_OPERATE":3.05672482611,"PER_OI":10.980375044164,"BPS":2.572883920482,"BASIC_EPS":-0.39,"DILUTED_EPS":-0.39,"OPERATE_INCOME":39329414000,"OPERATE_INCOME_YOY":-48.3283872541,"GROSS_PROFIT":3501695000,"GROSS_PROFIT_YOY":-73.131069343072,"HOLDER_PROFIT":-1346384000,"HOLDER_PROFIT_YOY":-149.8187093974,"GROSS_PROFIT_RATIO":8.903501587896,"EPS_TTM":-0.375896810297,"OPERATE_INCOME_QOQ":-40.002635773976,"NET_PROFIT_RATIO":-4.1222048211,"ROE_AVG":-11.668721038289,"GROSS_PROFIT_QOQ":-64.900291908261,"ROA":-0.533224675237,"HOLDER_PROFIT_QOQ":-176.54514847286,"ROE_YEARLY":-11.668721038289,"ROIC_YEARLY":-0.645716414642,"TOTAL_ASSETS":237818879000,"TOTAL_LIABILITIES":206444741000,"TAX_EBT":-590.594223888226,"OCF_SALES":27.838073051381,"TOTAL_PARENT_EQUITY":11111824000,"DEBT_ASSET_RATIO":86.8075494545,"OPERATE_PROFIT":-951395000,"PRETAX_PROFIT":-234760000,"NETCASH_OPERATE":10947597000,"NETCASH_INVEST":1241950000,"NETCASH_FINANCE":-17879890000,"END_CASH":14603726000,"DIVI_RATIO":null,"DIVIDEND_RATE":null,"CURRENT_RATIO":1.074858128557,"COMMON_ACS":20000000000,"CURRENTDEBT_DEBT":95.420273747734,"ISSUED_COMMON_SHARES":4318820570,"HK_COMMON_SHARES":4318820570,"PER_SHARES":500,"TOTAL_MARKET_CAP":466432621.56,"HKSK_MARKET_CAP":466432621.56,"PE_TTM":-0.070912005437,"PB_TTM":0.082177284221,"REPORT_DATE_SQ":"2021-12-31 00:00:00","REPORT_TYPE_SQ":"2021年年报","OPERATE_INCOME_SQ":76114160000,"DPS_HKD":null,"OPERATE_INCOME_QOQ_SQ":1.378056189543,"NET_PROFIT_RATIO_SQ":6.2486244347,"HOLDER_PROFIT_SQ":2702567000,"HOLDER_PROFIT_QOQ_SQ":-31.049981337396,"ROE_AVG_SQ":23.632391759989,"PE_TTM_SQ":-0.537374212624,"PB_TTM_SQ":0.088514393289,"ROA_SQ":1.004650653283,"START_DATE":"2022-01-01 00:00:00","FISCAL_YEAR":"12-31","CURRENCY":"HKD","IS_CNY_CODE":0,"DPS_HKD_LY":0.184,"ORG_TYPE":"一般企业","PREMIUM_INCOME":null,"PREMIUM_INCOME_YOY":null,"NET_INTEREST_INCOME":null,"NET_INTEREST_INCOME_YOY":null,"FEE_COMMISSION_INCOME":null,"FEE_COMMISSION_INCOME_YOY":null,"ACCOUNTS_RECE_TDAYS":6055.33702848345,"INVENTORY_TDAYS":0.266254549528,"CURRENT_ASSETS_TDAYS":0.17473711591,"TOTAL_ASSETS_TDAYS":0.155761016229,"PREMIUM_EXPENSE":null,"LOAN_DEPOSIT":null,"LOAN_EQUITY":null,"LOAN_ASSETS":null,"DEPOSIT_EQUITY":null,"DEPOSIT_ASSETS":null,"EQUITY_MULTIPLIER":7.580092845913,"EQUITY_RATIO":18.578834671967},{"SECUCODE":"02772.HK","SECURITY_CODE":"02772","SECURITY_NAME_ABBR":"中梁控股","ORG_CODE":"10993334","STD_REPORT_DATE":"2022-06-30 00:00:00","REPORT_DATE":"2022-06-30 00:00:00","DATE_TYPE_CODE":"002","REPORT_TYPE":"2022年中报","PER_NETCASH_OPERATE":2.151005160406,"PER_OI":6.238035072672,"BPS":3.005356390622,"BASIC_EPS":0.12,"DILUTED_EPS":0.12,"OPERATE_INCOME":22343341000,"OPERATE_INCOME_YOY":-32.0986629691,"GROSS_PROFIT":3774773000,"GROSS_PROFIT_YOY":-44.739393607566,"HOLDER_PROFIT":438335000,"HOLDER_PROFIT_YOY":-68.2816664146,"GROSS_PROFIT_RATIO":16.894398201236,"EPS_TTM":0.491078556638,"OPERATE_INCOME_QOQ":-13.876862071394,"NET_PROFIT_RATIO":3.843095802,"ROE_AVG":3.514471442609,"GROSS_PROFIT_QOQ":-23.449703380148,"ROA":0.168382549387,"HOLDER_PROFIT_QOQ":-34.915915128099,"ROE_YEARLY":7.028942885219,"ROIC_YEARLY":0.413540644433,"TOTAL_ASSETS":253463832000,"TOTAL_LIABILITIES":216721244000,"TAX_EBT":52.862786086475,"OCF_SALES":34.48209468763,"TOTAL_PARENT_EQUITY":12979595000,"DEBT_ASSET_RATIO":85.5038142089,"OPERATE_PROFIT":1706213000,"PRETAX_PROFIT":1821652000,"NETCASH_OPERATE":7704452000,"NETCASH_INVEST":-469069000,"NETCASH_FINANCE":-11624813000,"END_CASH":15878476000,"DIVI_RATIO":null,"DIVIDEND_RATE":null,"CURRENT_RATIO":1.125682826091,"COMMON_ACS":20000000000,"CURRENTDEBT_DEBT":92.197633380141,"ISSUED_COMMON_SHARES":4318820570,"HK_COMMON_SHARES":4318820570,"PER_SHARES":500,"TOTAL_MARKET_CAP":466432621.56,"HKSK_MARKET_CAP":466432621.56,"PE_TTM":-0.070912005437,"PB_TTM":0.082177284221,"REPORT_DATE_SQ":"2021-06-30 00:00:00","REPORT_TYPE_SQ":"2021年中报","OPERATE_INCOME_SQ":32905598000,"DPS_HKD":null,"OPERATE_INCOME_QOQ_SQ":13.859383615239,"NET_PROFIT_RATIO_SQ":7.8447655016,"HOLDER_PROFIT_SQ":1381961000,"HOLDER_PROFIT_QOQ_SQ":4.706219885565,"ROE_AVG_SQ":12.399976383749,"PE_TTM_SQ":-0.537374212624,"PB_TTM_SQ":0.088514393289,"ROA_SQ":0.489735218936,"START_DATE":"2022-01-01 00:00:00","FISCAL_YEAR":"12-31","CURRENCY":"HKD","IS_CNY_CODE":0,"DPS_HKD_LY":0.184,"ORG_TYPE":"一般企业","PREMIUM_INCOME":null,"PREMIUM_INCOME_YOY":null,"NET_INTEREST_INCOME":null,"NET_INTEREST_INCOME_YOY":null,"FEE_COMMISSION_INCOME":null,"FEE_COMMISSION_INCOME_YOY":null,"ACCOUNTS_RECE_TDAYS":3875.68794449263,"INVENTORY_TDAYS":0.1463972343,"CURRENT_ASSETS_TDAYS":0.096443946513,"TOTAL_ASSETS_TDAYS":0.08582998664,"PREMIUM_EXPENSE":null,"LOAN_DEPOSIT":null,"LOAN_EQUITY":null,"LOAN_ASSETS":null,"DEPOSIT_EQUITY":null,"DEPOSIT_ASSETS":null,"EQUITY_MULTIPLIER":6.898366331742,"EQUITY_RATIO":16.697072905588},{"SECUCODE":"02772.HK","SECURITY_CODE":"02772","SECURITY_NAME_ABBR":"中梁控股","ORG_CODE":"10993334","STD_REPORT_DATE":"2021-12-31 00:00:00","REPORT_DATE":"2021-12-31 00:00:00","DATE_TYPE_CODE":"001","REPORT_TYPE":"2021年年报","PER_NETCASH_OPERATE":5.039706805938,"PER_OI":21.250304491481,"BPS":2.770427899486,"BASIC_EPS":0.75,"DILUTED_EPS":0.75,"OPERATE_INCOME":76114160000,"OPERATE_INCOME_YOY":15.4284298985,"GROSS_PROFIT":13032506000,"GROSS_PROFIT_YOY":-5.922257062072,"HOLDER_PROFIT":2702567000,"HOLDER_PROFIT_YOY":-27.805041848,"GROSS_PROFIT_RATIO":17.122314691511,"EPS_TTM":0.754529402395,"OPERATE_INCOME_QOQ":1.378056189543,"NET_PROFIT_RATIO":6.2486244347,"ROE_AVG":23.632391759989,"GROSS_PROFIT_QOQ":-14.940800586672,"ROA":1.004650653283,"HOLDER_PROFIT_QOQ":-31.049981337396,"ROE_YEARLY":23.632391759989,"ROIC_YEARLY":1.247218477544,"TOTAL_ASSETS":267178006000,"TOTAL_LIABILITIES":231695144000,"TAX_EBT":37.617884081326,"OCF_SALES":23.715927496277,"TOTAL_PARENT_EQUITY":11964981000,"DEBT_ASSET_RATIO":86.7193926135,"OPERATE_PROFIT":7129291000,"PRETAX_PROFIT":7624121000,"NETCASH_OPERATE":17805155000,"NETCASH_INVEST":-6186203000,"NETCASH_FINANCE":-17273482000,"END_CASH":20281011000,"DIVI_RATIO":null,"DIVIDEND_RATE":null,"CURRENT_RATIO":1.132786032374,"COMMON_ACS":20000000000,"CURRENTDEBT_DEBT":90.839693213424,"ISSUED_COMMON_SHARES":4318820570,"HK_COMMON_SHARES":4318820570,"PER_SHARES":500,"TOTAL_MARKET_CAP":466432621.56,"HKSK_MARKET_CAP":466432621.56,"PE_TTM":-0.070912005437,"PB_TTM":0.082177284221,"REPORT_DATE_SQ":"2020-12-31 00:00:00","REPORT_TYPE_SQ":"2020年年报","OPERATE_INCOME_SQ":65940566000,"DPS_HKD":null,"OPERATE_INCOME_QOQ_SQ":10.176986263567,"NET_PROFIT_RATIO_SQ":9.9580810392,"HOLDER_PROFIT_SQ":3743429000,"HOLDER_PROFIT_QOQ_SQ":-2.397390817802,"ROE_AVG_SQ":38.130482061043,"PE_TTM_SQ":-0.537374212624,"PB_TTM_SQ":0.088514393289,"ROA_SQ":1.51141789266,"START_DATE":"2021-01-01 00:00:00","FISCAL_YEAR":"12-31","CURRENCY":"HKD","IS_CNY_CODE":0,"DPS_HKD_LY":0.325,"ORG_TYPE":"一般企业","PREMIUM_INCOME":null,"PREMIUM_INCOME_YOY":null,"NET_INTEREST_INCOME":null,"NET_INTEREST_INCOME_YOY":null,"FEE_COMMISSION_INCOME":null,"FEE_COMMISSION_INCOME_YOY":null,"ACCOUNTS_RECE_TDAYS":14570.0918836141,"INVENTORY_TDAYS":0.453950384164,"CURRENT_ASSETS_TDAYS":0.313763053606,"TOTAL_ASSETS_TDAYS":0.282946326837,"PREMIUM_EXPENSE":null,"LOAN_DEPOSIT":null,"LOAN_EQUITY":null,"LOAN_ASSETS":null,"DEPOSIT_EQUITY":null,"DEPOSIT_ASSETS":null,"EQUITY_MULTIPLIER":7.529776093046,"EQUITY_RATIO":19.364438940605},{"SECUCODE":"02772.HK","SECURITY_CODE":"02772","SECURITY_NAME_ABBR":"中梁控股","ORG_CODE":"10993334","STD_REPORT_DATE":"2021-06-30 00:00:00","REPORT_DATE":"2021-06-30 00:00:00","DATE_TYPE_CODE":"002","REPORT_TYPE":"2021年中报","PER_NETCASH_OPERATE":0.636815124498,"PER_OI":9.186910516707,"BPS":2.635673053674,"BASIC_EPS":0.39,"DILUTED_EPS":0.39,"OPERATE_INCOME":32905598000,"OPERATE_INCOME_YOY":38.4528702035,"GROSS_PROFIT":6830857000,"GROSS_PROFIT_YOY":27.391950025354,"HOLDER_PROFIT":1381961000,"HOLDER_PROFIT_YOY":14.6107065344,"GROSS_PROFIT_RATIO":20.758951106131,"EPS_TTM":1.094313557894,"OPERATE_INCOME_QOQ":13.859383615239,"NET_PROFIT_RATIO":7.8447655016,"ROE_AVG":12.399976383749,"GROSS_PROFIT_QOQ":10.602666832986,"ROA":0.489735218936,"HOLDER_PROFIT_QOQ":4.706219885565,"ROE_YEARLY":24.799952767498,"ROIC_YEARLY":1.220950211527,"TOTAL_ASSETS":293537393000,"TOTAL_LIABILITIES":259576395000,"TAX_EBT":39.647442476829,"OCF_SALES":6.931765835102,"TOTAL_PARENT_EQUITY":11382999000,"DEBT_ASSET_RATIO":88.430435505,"OPERATE_PROFIT":3901374000,"PRETAX_PROFIT":4277146000,"NETCASH_OPERATE":2210011000,"NETCASH_INVEST":-5549845000,"NETCASH_FINANCE":5637220000,"END_CASH":28207833000,"DIVI_RATIO":null,"DIVIDEND_RATE":null,"CURRENT_RATIO":1.169058950314,"COMMON_ACS":20000000000,"CURRENTDEBT_DEBT":87.624536506873,"ISSUED_COMMON_SHARES":4318820570,"HK_COMMON_SHARES":4318820570,"PER_SHARES":500,"TOTAL_MARKET_CAP":466432621.56,"HKSK_MARKET_CAP":466432621.56,"PE_TTM":-0.070912005437,"PB_TTM":0.082177284221,"REPORT_DATE_SQ":"2020-06-30 00:00:00","REPORT_TYPE_SQ":"2020年中报","OPERATE_INCOME_SQ":23766642000,"DPS_HKD":null,"OPERATE_INCOME_QOQ_SQ":5.667549253,"NET_PROFIT_RATIO_SQ":9.2993953458,"HOLDER_PROFIT_SQ":1205787000,"HOLDER_PROFIT_QOQ_SQ":0.043795822259,"ROE_AVG_SQ":13.698694877936,"PE_TTM_SQ":-0.537374212624,"PB_TTM_SQ":0.088514393289,"ROA_SQ":0.500394960631,"START_DATE":"2021-01-01 00:00:00","FISCAL_YEAR":"12-31","CURRENCY":"HKD","IS_CNY_CODE":0,"DPS_HKD_LY":0.325,"ORG_TYPE":"一般企业","PREMIUM_INCOME":null,"PREMIUM_INCOME_YOY":null,"NET_INTEREST_INCOME":null,"NET_INTEREST_INCOME_YOY":null,"FEE_COMMISSION_INCOME":null,"FEE_COMMISSION_INCOME_YOY":null,"ACCOUNTS_RECE_TDAYS":6473.02016327334,"INVENTORY_TDAYS":0.17427030078,"CURRENT_ASSETS_TDAYS":0.128372913098,"TOTAL_ASSETS_TDAYS":0.116609877129,"PREMIUM_EXPENSE":null,"LOAN_DEPOSIT":null,"LOAN_EQUITY":null,"LOAN_ASSETS":null,"DEPOSIT_EQUITY":null,"DEPOSIT_ASSETS":null,"EQUITY_MULTIPLIER":8.643367694887,"EQUITY_RATIO":22.803866977411},{"SECUCODE":"02772.HK","SECURITY_CODE":"02772","SECURITY_NAME_ABBR":"中梁控股","ORG_CODE":"10993334","STD_REPORT_DATE":"2020-12-31 00:00:00","REPORT_DATE":"2020-12-31 00:00:00","DATE_TYPE_CODE":"001","REPORT_TYPE":"2020年年报","PER_NETCASH_OPERATE":0.122999901027,"PER_OI":18.409939830389,"BPS":2.525397113222,"BASIC_EPS":1.05,"DILUTED_EPS":1.05,"OPERATE_INCOME":65940566000,"OPERATE_INCOME_YOY":16.4213212255,"GROSS_PROFIT":13852911000,"GROSS_PROFIT_YOY":5.087598468577,"HOLDER_PROFIT":3743429000,"HOLDER_PROFIT_YOY":-2.3546449526,"GROSS_PROFIT_RATIO":21.008177272849,"EPS_TTM":1.045127556978,"OPERATE_INCOME_QOQ":10.176986263567,"NET_PROFIT_RATIO":9.9580810392,"ROE_AVG":38.130482061043,"GROSS_PROFIT_QOQ":2.539537154592,"ROA":1.51141789266,"HOLDER_PROFIT_QOQ":-2.397390817802,"ROE_YEARLY":38.130482061043,"ROIC_YEARLY":1.805166129983,"TOTAL_ASSETS":270833290000,"TOTAL_LIABILITIES":240651140000,"TAX_EBT":36.647103056859,"OCF_SALES":0.668116800817,"TOTAL_PARENT_EQUITY":10906737000,"DEBT_ASSET_RATIO":88.8558197554,"OPERATE_PROFIT":9720557000,"PRETAX_PROFIT":10364822000,"NETCASH_OPERATE":5666000000,"NETCASH_INVEST":-13299942000,"NETCASH_FINANCE":18567493000,"END_CASH":25910244000,"DIVI_RATIO":null,"DIVIDEND_RATE":null,"CURRENT_RATIO":1.177042897971,"COMMON_ACS":20000000000,"CURRENTDEBT_DEBT":87.112106346141,"ISSUED_COMMON_SHARES":4318820570,"HK_COMMON_SHARES":4318820570,"PER_SHARES":500,"TOTAL_MARKET_CAP":466432621.56,"HKSK_MARKET_CAP":466432621.56,"PE_TTM":-0.070912005437,"PB_TTM":0.082177284221,"REPORT_DATE_SQ":"2019-12-31 00:00:00","REPORT_TYPE_SQ":"2019年年报","OPERATE_INCOME_SQ":56639596000,"DPS_HKD":null,"OPERATE_INCOME_QOQ_SQ":38.010425660668,"NET_PROFIT_RATIO_SQ":11.045114093,"HOLDER_PROFIT_SQ":3833699000,"HOLDER_PROFIT_QOQ_SQ":55.023265424793,"ROE_AVG_SQ":67.812416200692,"PE_TTM_SQ":-0.537374212624,"PB_TTM_SQ":0.088514393289,"ROA_SQ":1.953006490545,"START_DATE":"2020-01-01 00:00:00","FISCAL_YEAR":"12-31","CURRENCY":"HKD","IS_CNY_CODE":0,"DPS_HKD_LY":0.491,"ORG_TYPE":"一般企业","PREMIUM_INCOME":null,"PREMIUM_INCOME_YOY":null,"NET_INTEREST_INCOME":null,"NET_INTEREST_INCOME_YOY":null,"FEE_COMMISSION_INCOME":null,"FEE_COMMISSION_INCOME_YOY":null,"ACCOUNTS_RECE_TDAYS":15997.2261038331,"INVENTORY_TDAYS":0.37924081388,"CURRENT_ASSETS_TDAYS":0.288654912855,"TOTAL_ASSETS_TDAYS":0.26623652086,"PREMIUM_EXPENSE":null,"LOAN_DEPOSIT":null,"LOAN_EQUITY":null,"LOAN_ASSETS":null,"DEPOSIT_EQUITY":null,"DEPOSIT_ASSETS":null,"EQUITY_MULTIPLIER":8.973293486388,"EQUITY_RATIO":22.064448789771},{"SECUCODE":"02772.HK","SECURITY_CODE":"02772","SECURITY_NAME_ABBR":"中梁控股","ORG_CODE":"10993334","STD_REPORT_DATE":"2020-06-30 00:00:00","REPORT_DATE":"2020-06-30 00:00:00","DATE_TYPE_CODE":"002","REPORT_TYPE":"2020年中报","PER_NETCASH_OPERATE":-2.19295958461,"PER_OI":6.635406332278,"BPS":2.055261814223,"BASIC_EPS":0.34,"DILUTED_EPS":0.34,"OPERATE_INCOME":23766642000,"OPERATE_INCOME_YOY":15.6158239472,"GROSS_PROFIT":5362079000,"GROSS_PROFIT_YOY":6.506556949182,"HOLDER_PROFIT":1205787000,"HOLDER_PROFIT_YOY":0.1394393194,"GROSS_PROFIT_RATIO":22.561365631712,"EPS_TTM":1.070798788818,"OPERATE_INCOME_QOQ":5.667549253,"NET_PROFIT_RATIO":9.2993953458,"ROE_AVG":13.698694877936,"GROSS_PROFIT_QOQ":2.484954959513,"ROA":0.500394960631,"HOLDER_PROFIT_QOQ":0.043795822259,"ROE_YEARLY":27.397389755872,"ROIC_YEARLY":1.196086742499,"TOTAL_ASSETS":257414127000,"TOTAL_LIABILITIES":231968331000,"TAX_EBT":39.228592357304,"OCF_SALES":-33.049363894151,"TOTAL_PARENT_EQUITY":8876307000,"DEBT_ASSET_RATIO":90.1148408999,"OPERATE_PROFIT":3194520000,"PRETAX_PROFIT":3636832000,"NETCASH_OPERATE":-6165896000,"NETCASH_INVEST":-7060130000,"NETCASH_FINANCE":17806433000,"END_CASH":19540440000,"DIVI_RATIO":null,"DIVIDEND_RATE":null,"CURRENT_RATIO":1.171184300381,"COMMON_ACS":20000000000,"CURRENTDEBT_DEBT":86.736193743619,"ISSUED_COMMON_SHARES":4318820570,"HK_COMMON_SHARES":4318820570,"PER_SHARES":500,"TOTAL_MARKET_CAP":466432621.56,"HKSK_MARKET_CAP":466432621.56,"PE_TTM":-0.070912005437,"PB_TTM":0.082177284221,"REPORT_DATE_SQ":"2019-06-30 00:00:00","REPORT_TYPE_SQ":"2019年中报","OPERATE_INCOME_SQ":20556565000,"DPS_HKD":null,"OPERATE_INCOME_QOQ_SQ":35.828260083308,"NET_PROFIT_RATIO_SQ":9.2364069581,"HOLDER_PROFIT_SQ":1204108000,"HOLDER_PROFIT_QOQ_SQ":28.045197728412,"ROE_AVG_SQ":37.324576276966,"PE_TTM_SQ":-0.537374212624,"PB_TTM_SQ":0.088514393289,"ROA_SQ":0.658404946995,"START_DATE":"2020-01-01 00:00:00","FISCAL_YEAR":"12-31","CURRENCY":"HKD","IS_CNY_CODE":0,"DPS_HKD_LY":0.491,"ORG_TYPE":"一般企业","PREMIUM_INCOME":null,"PREMIUM_INCOME_YOY":null,"NET_INTEREST_INCOME":null,"NET_INTEREST_INCOME_YOY":null,"FEE_COMMISSION_INCOME":null,"FEE_COMMISSION_INCOME_YOY":null,"ACCOUNTS_RECE_TDAYS":5092.48810799229,"INVENTORY_TDAYS":0.138149057868,"CURRENT_ASSETS_TDAYS":0.106630992595,"TOTAL_ASSETS_TDAYS":0.098630254663,"PREMIUM_EXPENSE":null,"LOAN_DEPOSIT":null,"LOAN_EQUITY":null,"LOAN_ASSETS":null,"DEPOSIT_EQUITY":null,"DEPOSIT_ASSETS":null,"EQUITY_MULTIPLIER":10.116175064799,"EQUITY_RATIO":26.133428125007}],"count":17},"success":true,"message":"ok","code":0}