{"version":"eace34e66f5a24426e50b40136aed784","result":{"pages":6,"data":[{"SECUCODE":"02777.HK","SECURITY_CODE":"02777","SECURITY_NAME_ABBR":"富力地产","ORG_CODE":"10010618","STD_REPORT_DATE":"2024-06-30 00:00:00","REPORT_DATE":"2024-06-30 00:00:00","DATE_TYPE_CODE":"002","REPORT_TYPE":"2024年中报","PER_NETCASH_OPERATE":-0.445843076285,"PER_OI":3.787171856381,"BPS":8.400955746085,"BASIC_EPS":-0.6212,"DILUTED_EPS":-0.6212,"OPERATE_INCOME":14210860000,"OPERATE_INCOME_YOY":-13.4337246428,"GROSS_PROFIT":1328901000,"GROSS_PROFIT_YOY":-58.912583332663,"HOLDER_PROFIT":-2330839000,"HOLDER_PROFIT_YOY":54.3745961501,"GROSS_PROFIT_RATIO":9.351305973038,"EPS_TTM":-4.633523161798,"OPERATE_INCOME_QOQ":-6.085466047681,"NET_PROFIT_RATIO":-16.4008441431,"ROE_AVG":-7.14769247442,"GROSS_PROFIT_QOQ":-99.280235551695,"ROA":-0.720428287512,"HOLDER_PROFIT_QOQ":13.77572499372,"ROE_YEARLY":-14.295384948839,"ROIC_YEARLY":-1.507187888196,"TOTAL_ASSETS":312202143000,"TOTAL_LIABILITIES":267987680000,"TAX_EBT":-24.933250498377,"OCF_SALES":-11.772454306073,"TOTAL_PARENT_EQUITY":31523472000,"DEBT_ASSET_RATIO":85.8378733166,"OPERATE_PROFIT":859377000,"PRETAX_PROFIT":-1865557000,"NETCASH_OPERATE":-1672967000,"NETCASH_INVEST":1446323000,"NETCASH_FINANCE":-136917000,"END_CASH":1363069000,"DIVI_RATIO":null,"DIVIDEND_RATE":null,"CURRENT_RATIO":1.040536405547,"COMMON_ACS":null,"CURRENTDEBT_DEBT":74.413343926855,"ISSUED_COMMON_SHARES":3752367344,"HK_COMMON_SHARES":3752367344,"PER_SHARES":400,"TOTAL_MARKET_CAP":4615411833.12,"HKSK_MARKET_CAP":4615411833.12,"PE_TTM":-0.239586221868,"PB_TTM":0.13362722456,"REPORT_DATE_SQ":"2023-06-30 00:00:00","REPORT_TYPE_SQ":"2023年中报","OPERATE_INCOME_SQ":16416162000,"DPS_HKD":null,"OPERATE_INCOME_QOQ_SQ":-3.881245031093,"NET_PROFIT_RATIO_SQ":-30.3224042258,"HOLDER_PROFIT_SQ":-5108643000,"HOLDER_PROFIT_QOQ_SQ":11.507906701871,"ROE_AVG_SQ":-9.887096141766,"PE_TTM_SQ":-0.268977158492,"PB_TTM_SQ":0.076392049814,"ROA_SQ":-1.398569345084,"START_DATE":"2024-01-01 00:00:00","FISCAL_YEAR":"12-31","CURRENCY":"HKD","IS_CNY_CODE":0,"DPS_HKD_LY":null,"ORG_TYPE":"一般企业","PREMIUM_INCOME":null,"PREMIUM_INCOME_YOY":null,"NET_INTEREST_INCOME":null,"NET_INTEREST_INCOME_YOY":null,"FEE_COMMISSION_INCOME":null,"FEE_COMMISSION_INCOME_YOY":null,"ACCOUNTS_RECE_TDAYS":0.408995302969,"INVENTORY_TDAYS":0.074804907707,"CURRENT_ASSETS_TDAYS":0.065512552259,"TOTAL_ASSETS_TDAYS":0.04392369243,"PREMIUM_EXPENSE":null,"LOAN_DEPOSIT":null,"LOAN_EQUITY":null,"LOAN_ASSETS":null,"DEPOSIT_EQUITY":null,"DEPOSIT_ASSETS":null,"EQUITY_MULTIPLIER":7.061086391581,"EQUITY_RATIO":8.501210780335},{"SECUCODE":"02777.HK","SECURITY_CODE":"02777","SECURITY_NAME_ABBR":"富力地产","ORG_CODE":"10010618","STD_REPORT_DATE":"2023-12-31 00:00:00","REPORT_DATE":"2023-12-31 00:00:00","DATE_TYPE_CODE":"001","REPORT_TYPE":"2023年年报","PER_NETCASH_OPERATE":-0.416474416477,"PER_OI":9.657592574977,"BPS":8.97989639897,"BASIC_EPS":-5.3738,"DILUTED_EPS":-5.3738,"OPERATE_INCOME":36238835000,"OPERATE_INCOME_YOY":2.9728864299,"GROSS_PROFIT":1919239000,"GROSS_PROFIT_YOY":-49.849200509232,"HOLDER_PROFIT":-20164485000,"HOLDER_PROFIT_YOY":-28.1370876267,"GROSS_PROFIT_RATIO":5.296083607544,"EPS_TTM":-5.373803562235,"OPERATE_INCOME_QOQ":7.130899129114,"NET_PROFIT_RATIO":-55.0438169439,"ROE_AVG":-45.763403448032,"GROSS_PROFIT_QOQ":-54.990760066603,"ROA":-5.730262982949,"HOLDER_PROFIT_QOQ":-44.800606303845,"ROE_YEARLY":-45.763403448032,"ROIC_YEARLY":-5.977525288579,"TOTAL_ASSETS":334868229000,"TOTAL_LIABILITIES":288476067000,"TAX_EBT":-41.314327289627,"OCF_SALES":-4.312404082526,"TOTAL_PARENT_EQUITY":33695870000,"DEBT_ASSET_RATIO":86.1461440703,"OPERATE_PROFIT":-7848663000,"PRETAX_PROFIT":-14115510000,"NETCASH_OPERATE":-1562765000,"NETCASH_INVEST":774829000,"NETCASH_FINANCE":330521000,"END_CASH":1727204000,"DIVI_RATIO":null,"DIVIDEND_RATE":null,"CURRENT_RATIO":1.148673849885,"COMMON_ACS":null,"CURRENTDEBT_DEBT":68.303532784923,"ISSUED_COMMON_SHARES":3752367344,"HK_COMMON_SHARES":3752367344,"PER_SHARES":400,"TOTAL_MARKET_CAP":6303977137.92,"HKSK_MARKET_CAP":6303977137.92,"PE_TTM":-0.327239717673,"PB_TTM":0.182515233545,"REPORT_DATE_SQ":"2022-12-31 00:00:00","REPORT_TYPE_SQ":"2022年年报","OPERATE_INCOME_SQ":35192599000,"DPS_HKD":null,"OPERATE_INCOME_QOQ_SQ":-35.449247577966,"NET_PROFIT_RATIO_SQ":-44.8369073282,"HOLDER_PROFIT_SQ":-15736650000,"HOLDER_PROFIT_QOQ_SQ":40.546841437729,"ROE_AVG_SQ":-25.255998314646,"PE_TTM_SQ":-0.283920333964,"PB_TTM_SQ":0.080636052581,"ROA_SQ":-4.100951958261,"START_DATE":"2023-01-01 00:00:00","FISCAL_YEAR":"12-31","CURRENCY":"HKD","IS_CNY_CODE":0,"DPS_HKD_LY":null,"ORG_TYPE":"一般企业","PREMIUM_INCOME":null,"PREMIUM_INCOME_YOY":null,"NET_INTEREST_INCOME":null,"NET_INTEREST_INCOME_YOY":null,"FEE_COMMISSION_INCOME":null,"FEE_COMMISSION_INCOME_YOY":null,"ACCOUNTS_RECE_TDAYS":0.948262580047,"INVENTORY_TDAYS":0.184389184991,"CURRENT_ASSETS_TDAYS":0.151519152726,"TOTAL_ASSETS_TDAYS":0.102982077026,"PREMIUM_EXPENSE":null,"LOAN_DEPOSIT":null,"LOAN_EQUITY":null,"LOAN_ASSETS":null,"DEPOSIT_EQUITY":null,"DEPOSIT_ASSETS":null,"EQUITY_MULTIPLIER":7.218207010917,"EQUITY_RATIO":8.561169870373},{"SECUCODE":"02777.HK","SECURITY_CODE":"02777","SECURITY_NAME_ABBR":"富力地产","ORG_CODE":"10010618","STD_REPORT_DATE":"2023-06-30 00:00:00","REPORT_DATE":"2023-06-30 00:00:00","DATE_TYPE_CODE":"002","REPORT_TYPE":"2023年中报","PER_NETCASH_OPERATE":-0.05908936404,"PER_OI":4.374881373555,"BPS":13.034581509779,"BASIC_EPS":-1.3614,"DILUTED_EPS":-1.3614,"OPERATE_INCOME":16416162000,"OPERATE_INCOME_YOY":-7.6813935023,"GROSS_PROFIT":3234326000,"GROSS_PROFIT_YOY":15.628840946645,"HOLDER_PROFIT":-5108643000,"HOLDER_PROFIT_YOY":26.1714329813,"GROSS_PROFIT_RATIO":19.702083836648,"EPS_TTM":-3.711174766049,"OPERATE_INCOME_QOQ":-3.881245031093,"NET_PROFIT_RATIO":-30.3224042258,"ROE_AVG":-9.887096141766,"GROSS_PROFIT_QOQ":11.423342329216,"ROA":-1.398569345084,"HOLDER_PROFIT_QOQ":11.507906701871,"ROE_YEARLY":-19.774192283532,"ROIC_YEARLY":-2.913226022637,"TOTAL_ASSETS":361631756000,"TOTAL_LIABILITIES":300078395000,"TAX_EBT":-33.702432833516,"OCF_SALES":-1.350650657565,"TOTAL_PARENT_EQUITY":48910538000,"DEBT_ASSET_RATIO":82.9789945217,"OPERATE_PROFIT":585785000,"PRETAX_PROFIT":-3723025000,"NETCASH_OPERATE":-221725000,"NETCASH_INVEST":34291000,"NETCASH_FINANCE":-225882000,"END_CASH":1779542000,"DIVI_RATIO":null,"DIVIDEND_RATE":null,"CURRENT_RATIO":1.23279308295,"COMMON_ACS":null,"CURRENTDEBT_DEBT":66.514752919816,"ISSUED_COMMON_SHARES":3752367344,"HK_COMMON_SHARES":3752367344,"PER_SHARES":400,"TOTAL_MARKET_CAP":6303977137.92,"HKSK_MARKET_CAP":6303977137.92,"PE_TTM":-0.327239717673,"PB_TTM":0.182515233545,"REPORT_DATE_SQ":"2022-06-30 00:00:00","REPORT_TYPE_SQ":"2022年中报","OPERATE_INCOME_SQ":17782073000,"DPS_HKD":null,"OPERATE_INCOME_QOQ_SQ":-28.480873132723,"NET_PROFIT_RATIO_SQ":-38.8001050271,"HOLDER_PROFIT_SQ":-6919602000,"HOLDER_PROFIT_QOQ_SQ":-60.718229659032,"ROE_AVG_SQ":-10.359551225077,"PE_TTM_SQ":-0.283920333964,"PB_TTM_SQ":0.080636052581,"ROA_SQ":-1.771770046197,"START_DATE":"2023-01-01 00:00:00","FISCAL_YEAR":"12-31","CURRENCY":"HKD","IS_CNY_CODE":0,"DPS_HKD_LY":null,"ORG_TYPE":"一般企业","PREMIUM_INCOME":null,"PREMIUM_INCOME_YOY":null,"NET_INTEREST_INCOME":null,"NET_INTEREST_INCOME_YOY":null,"FEE_COMMISSION_INCOME":null,"FEE_COMMISSION_INCOME_YOY":null,"ACCOUNTS_RECE_TDAYS":0.405629591958,"INVENTORY_TDAYS":0.068989104576,"CURRENT_ASSETS_TDAYS":0.065919477936,"TOTAL_ASSETS_TDAYS":0.044941760341,"PREMIUM_EXPENSE":null,"LOAN_DEPOSIT":null,"LOAN_EQUITY":null,"LOAN_ASSETS":null,"DEPOSIT_EQUITY":null,"DEPOSIT_ASSETS":null,"EQUITY_MULTIPLIER":5.875093579371,"EQUITY_RATIO":6.135250342166},{"SECUCODE":"02777.HK","SECURITY_CODE":"02777","SECURITY_NAME_ABBR":"富力地产","ORG_CODE":"10010618","STD_REPORT_DATE":"2022-12-31 00:00:00","REPORT_DATE":"2022-12-31 00:00:00","DATE_TYPE_CODE":"001","REPORT_TYPE":"2022年年报","PER_NETCASH_OPERATE":-0.334837952902,"PER_OI":9.378772325229,"BPS":14.505260548926,"BASIC_EPS":-4.1938,"DILUTED_EPS":-4.1938,"OPERATE_INCOME":35192599000,"OPERATE_INCOME_YOY":-53.8338654815,"GROSS_PROFIT":3826936000,"GROSS_PROFIT_YOY":276.58394106695,"HOLDER_PROFIT":-15736650000,"HOLDER_PROFIT_YOY":4.4479360823,"GROSS_PROFIT_RATIO":10.874263648445,"EPS_TTM":-4.193792493468,"OPERATE_INCOME_QOQ":-35.449247577966,"NET_PROFIT_RATIO":-44.8369073282,"ROE_AVG":-25.255998314646,"GROSS_PROFIT_QOQ":148.198113554488,"ROA":-4.100951958261,"HOLDER_PROFIT_QOQ":40.546841437729,"ROE_YEARLY":-25.255998314646,"ROIC_YEARLY":-4.288820484143,"TOTAL_ASSETS":368920936000,"TOTAL_LIABILITIES":301979915000,"TAX_EBT":-11.633985809096,"OCF_SALES":-3.570168261798,"TOTAL_PARENT_EQUITY":54429066000,"DEBT_ASSET_RATIO":81.8549140296,"OPERATE_PROFIT":-5026182000,"PRETAX_PROFIT":-14134829000,"NETCASH_OPERATE":-1223185000,"NETCASH_INVEST":629259000,"NETCASH_FINANCE":-3547327000,"END_CASH":2177020000,"DIVI_RATIO":null,"DIVIDEND_RATE":null,"CURRENT_RATIO":1.216135502311,"COMMON_ACS":null,"CURRENTDEBT_DEBT":68.620035209958,"ISSUED_COMMON_SHARES":3752367344,"HK_COMMON_SHARES":3752367344,"PER_SHARES":400,"TOTAL_MARKET_CAP":6303977137.92,"HKSK_MARKET_CAP":6303977137.92,"PE_TTM":-0.327239717673,"PB_TTM":0.182515233545,"REPORT_DATE_SQ":"2021-12-31 00:00:00","REPORT_TYPE_SQ":"2021年年报","OPERATE_INCOME_SQ":76230335000,"DPS_HKD":null,"OPERATE_INCOME_QOQ_SQ":-16.954883048848,"NET_PROFIT_RATIO_SQ":-21.4524598377,"HOLDER_PROFIT_SQ":-16469189000,"HOLDER_PROFIT_QOQ_SQ":-298.597748849385,"ROE_AVG_SQ":-20.626932312388,"PE_TTM_SQ":-0.283920333964,"PB_TTM_SQ":0.080636052581,"ROA_SQ":-3.917842116531,"START_DATE":"2022-01-01 00:00:00","FISCAL_YEAR":"12-31","CURRENCY":"HKD","IS_CNY_CODE":0,"DPS_HKD_LY":null,"ORG_TYPE":"一般企业","PREMIUM_INCOME":null,"PREMIUM_INCOME_YOY":null,"NET_INTEREST_INCOME":null,"NET_INTEREST_INCOME_YOY":null,"FEE_COMMISSION_INCOME":null,"FEE_COMMISSION_INCOME_YOY":null,"ACCOUNTS_RECE_TDAYS":0.809848433412,"INVENTORY_TDAYS":0.159193244874,"CURRENT_ASSETS_TDAYS":0.133507150676,"TOTAL_ASSETS_TDAYS":0.091711487378,"PREMIUM_EXPENSE":null,"LOAN_DEPOSIT":null,"LOAN_EQUITY":null,"LOAN_ASSETS":null,"DEPOSIT_EQUITY":null,"DEPOSIT_ASSETS":null,"EQUITY_MULTIPLIER":5.511133987633,"EQUITY_RATIO":5.548137000918},{"SECUCODE":"02777.HK","SECURITY_CODE":"02777","SECURITY_NAME_ABBR":"富力地产","ORG_CODE":"10010618","STD_REPORT_DATE":"2022-06-30 00:00:00","REPORT_DATE":"2022-06-30 00:00:00","DATE_TYPE_CODE":"002","REPORT_TYPE":"2022年中报","PER_NETCASH_OPERATE":-0.828694718541,"PER_OI":4.738894508405,"BPS":16.896206631096,"BASIC_EPS":-1.8441,"DILUTED_EPS":-1.8441,"OPERATE_INCOME":17782073000,"OPERATE_INCOME_YOY":-54.974271733,"GROSS_PROFIT":2797162000,"GROSS_PROFIT_YOY":-67.360885436108,"HOLDER_PROFIT":-6919602000,"HOLDER_PROFIT_YOY":-324.6479609428,"GROSS_PROFIT_RATIO":15.730235726734,"EPS_TTM":-7.053943970151,"OPERATE_INCOME_QOQ":-28.480873132723,"NET_PROFIT_RATIO":-38.8001050271,"ROE_AVG":-10.359551225077,"GROSS_PROFIT_QOQ":-266.371063189684,"ROA":-1.771770046197,"HOLDER_PROFIT_QOQ":-60.718229659032,"ROE_YEARLY":-20.719102450155,"ROIC_YEARLY":-3.703037885597,"TOTAL_ASSETS":382552483000,"TOTAL_LIABILITIES":306460992000,"TAX_EBT":1.433933595016,"OCF_SALES":-17.48708938491,"TOTAL_PARENT_EQUITY":63400774000,"DEBT_ASSET_RATIO":80.1095289192,"OPERATE_PROFIT":-2439352000,"PRETAX_PROFIT":-6999836000,"NETCASH_OPERATE":-3109567000,"NETCASH_INVEST":374308000,"NETCASH_FINANCE":-1527132000,"END_CASH":2023543000,"DIVI_RATIO":null,"DIVIDEND_RATE":null,"CURRENT_RATIO":1.077176725207,"COMMON_ACS":null,"CURRENTDEBT_DEBT":79.294790966414,"ISSUED_COMMON_SHARES":3752367344,"HK_COMMON_SHARES":3752367344,"PER_SHARES":400,"TOTAL_MARKET_CAP":6303977137.92,"HKSK_MARKET_CAP":6303977137.92,"PE_TTM":-0.327239717673,"PB_TTM":0.182515233545,"REPORT_DATE_SQ":"2021-06-30 00:00:00","REPORT_TYPE_SQ":"2021年中报","OPERATE_INCOME_SQ":39493138000,"DPS_HKD":null,"OPERATE_INCOME_QOQ_SQ":6.871556436985,"NET_PROFIT_RATIO_SQ":8.0546169818,"HOLDER_PROFIT_SQ":3080198000,"HOLDER_PROFIT_QOQ_SQ":-7.907736906059,"ROE_AVG_SQ":3.428900327396,"PE_TTM_SQ":-0.283920333964,"PB_TTM_SQ":0.080636052581,"ROA_SQ":0.710756679847,"START_DATE":"2022-01-01 00:00:00","FISCAL_YEAR":"12-31","CURRENCY":"HKD","IS_CNY_CODE":0,"DPS_HKD_LY":null,"ORG_TYPE":"一般企业","PREMIUM_INCOME":null,"PREMIUM_INCOME_YOY":null,"NET_INTEREST_INCOME":null,"NET_INTEREST_INCOME_YOY":null,"FEE_COMMISSION_INCOME":null,"FEE_COMMISSION_INCOME_YOY":null,"ACCOUNTS_RECE_TDAYS":0.403429261696,"INVENTORY_TDAYS":0.07470100738,"CURRENT_ASSETS_TDAYS":0.066232665332,"TOTAL_ASSETS_TDAYS":0.045531150926,"PREMIUM_EXPENSE":null,"LOAN_DEPOSIT":null,"LOAN_EQUITY":null,"LOAN_ASSETS":null,"DEPOSIT_EQUITY":null,"DEPOSIT_ASSETS":null,"EQUITY_MULTIPLIER":5.027533012857,"EQUITY_RATIO":4.833710578991},{"SECUCODE":"02777.HK","SECURITY_CODE":"02777","SECURITY_NAME_ABBR":"富力地产","ORG_CODE":"10010618","STD_REPORT_DATE":"2021-12-31 00:00:00","REPORT_DATE":"2021-12-31 00:00:00","DATE_TYPE_CODE":"001","REPORT_TYPE":"2021年年报","PER_NETCASH_OPERATE":3.527128552902,"PER_OI":20.31526447481,"BPS":18.705008482773,"BASIC_EPS":-4.389,"DILUTED_EPS":-4.389,"OPERATE_INCOME":76230335000,"OPERATE_INCOME_YOY":-11.2483909694,"GROSS_PROFIT":-2167205000,"GROSS_PROFIT_YOY":-110.629550238438,"HOLDER_PROFIT":-16469189000,"HOLDER_PROFIT_YOY":-282.893161369,"GROSS_PROFIT_RATIO":-2.84296927201,"EPS_TTM":-4.389012985718,"OPERATE_INCOME_QOQ":-16.954883048848,"NET_PROFIT_RATIO":-21.4524598377,"ROE_AVG":-20.626932312388,"GROSS_PROFIT_QOQ":-111.387231334444,"ROA":-3.917842116531,"HOLDER_PROFIT_QOQ":-298.597748849385,"ROE_YEARLY":-20.626932312388,"ROIC_YEARLY":-4.150404947256,"TOTAL_ASSETS":398542334000,"TOTAL_LIABILITIES":315683693000,"TAX_EBT":-22.390688319558,"OCF_SALES":17.361962268695,"TOTAL_PARENT_EQUITY":70188063000,"DEBT_ASSET_RATIO":79.2095760146,"OPERATE_PROFIT":-9729188000,"PRETAX_PROFIT":-13361541000,"NETCASH_OPERATE":13235082000,"NETCASH_INVEST":-3445235000,"NETCASH_FINANCE":-29144758000,"END_CASH":6258593000,"DIVI_RATIO":null,"DIVIDEND_RATE":null,"CURRENT_RATIO":1.16037256946,"COMMON_ACS":null,"CURRENTDEBT_DEBT":75.12629675173,"ISSUED_COMMON_SHARES":3752367344,"HK_COMMON_SHARES":3752367344,"PER_SHARES":400,"TOTAL_MARKET_CAP":6303977137.92,"HKSK_MARKET_CAP":6303977137.92,"PE_TTM":-0.327239717673,"PB_TTM":0.182515233545,"REPORT_DATE_SQ":"2020-12-31 00:00:00","REPORT_TYPE_SQ":"2020年年报","OPERATE_INCOME_SQ":85891778000,"DPS_HKD":null,"OPERATE_INCOME_QOQ_SQ":-4.910472159333,"NET_PROFIT_RATIO_SQ":10.6486502119,"HOLDER_PROFIT_SQ":9004814000,"HOLDER_PROFIT_QOQ_SQ":-2.729522782308,"ROE_AVG_SQ":10.793509156537,"PE_TTM_SQ":-0.283920333964,"PB_TTM_SQ":0.080636052581,"ROA_SQ":2.071235091944,"START_DATE":"2021-01-01 00:00:00","FISCAL_YEAR":"12-31","CURRENCY":"HKD","IS_CNY_CODE":0,"DPS_HKD_LY":0.857838,"ORG_TYPE":"一般企业","PREMIUM_INCOME":null,"PREMIUM_INCOME_YOY":null,"NET_INTEREST_INCOME":null,"NET_INTEREST_INCOME_YOY":null,"FEE_COMMISSION_INCOME":null,"FEE_COMMISSION_INCOME_YOY":null,"ACCOUNTS_RECE_TDAYS":1.65350299621,"INVENTORY_TDAYS":0.362758805556,"CURRENT_ASSETS_TDAYS":0.252848864964,"TOTAL_ASSETS_TDAYS":0.181343730417,"PREMIUM_EXPENSE":null,"LOAN_DEPOSIT":null,"LOAN_EQUITY":null,"LOAN_ASSETS":null,"DEPOSIT_EQUITY":null,"DEPOSIT_ASSETS":null,"EQUITY_MULTIPLIER":4.809906718123,"EQUITY_RATIO":4.497683502108},{"SECUCODE":"02777.HK","SECURITY_CODE":"02777","SECURITY_NAME_ABBR":"富力地产","ORG_CODE":"10010618","STD_REPORT_DATE":"2021-06-30 00:00:00","REPORT_DATE":"2021-06-30 00:00:00","DATE_TYPE_CODE":"002","REPORT_TYPE":"2021年中报","PER_NETCASH_OPERATE":2.114158682434,"PER_OI":10.524859210053,"BPS":24.028238904746,"BASIC_EPS":0.8209,"DILUTED_EPS":0.8209,"OPERATE_INCOME":39493138000,"OPERATE_INCOME_YOY":17.5704673116,"GROSS_PROFIT":8569969000,"GROSS_PROFIT_YOY":-13.666396885774,"HOLDER_PROFIT":3080198000,"HOLDER_PROFIT_YOY":-18.7770401672,"GROSS_PROFIT_RATIO":21.699893789144,"EPS_TTM":2.210001377733,"OPERATE_INCOME_QOQ":6.871556436985,"NET_PROFIT_RATIO":8.0546169818,"ROE_AVG":3.428900327396,"GROSS_PROFIT_QOQ":-6.653778023407,"ROA":0.710756679847,"HOLDER_PROFIT_QOQ":-7.907736906059,"ROE_YEARLY":6.857800654791,"ROIC_YEARLY":1.496726936634,"TOTAL_ASSETS":424552471000,"TOTAL_LIABILITIES":331778229000,"TAX_EBT":42.741214317446,"OCF_SALES":20.087287062375,"TOTAL_PARENT_EQUITY":90162779000,"DEBT_ASSET_RATIO":78.1477559696,"OPERATE_PROFIT":7060800000,"PRETAX_PROFIT":5555516000,"NETCASH_OPERATE":7933100000,"NETCASH_INVEST":-1966207000,"NETCASH_FINANCE":-18838362000,"END_CASH":12763909000,"DIVI_RATIO":null,"DIVIDEND_RATE":null,"CURRENT_RATIO":1.320357330675,"COMMON_ACS":null,"CURRENTDEBT_DEBT":69.106219745359,"ISSUED_COMMON_SHARES":3752367344,"HK_COMMON_SHARES":3752367344,"PER_SHARES":400,"TOTAL_MARKET_CAP":6303977137.92,"HKSK_MARKET_CAP":6303977137.92,"PE_TTM":-0.327239717673,"PB_TTM":0.182515233545,"REPORT_DATE_SQ":"2020-06-30 00:00:00","REPORT_TYPE_SQ":"2020年中报","OPERATE_INCOME_SQ":33591036000,"DPS_HKD":null,"OPERATE_INCOME_QOQ_SQ":-1.066105950557,"NET_PROFIT_RATIO_SQ":11.6608133194,"HOLDER_PROFIT_SQ":3792275000,"HOLDER_PROFIT_QOQ_SQ":1.083731304376,"ROE_AVG_SQ":4.717949295974,"PE_TTM_SQ":-0.283920333964,"PB_TTM_SQ":0.080636052581,"ROA_SQ":0.876845458499,"START_DATE":"2021-01-01 00:00:00","FISCAL_YEAR":"12-31","CURRENCY":"HKD","IS_CNY_CODE":0,"DPS_HKD_LY":0.857838,"ORG_TYPE":"一般企业","PREMIUM_INCOME":null,"PREMIUM_INCOME_YOY":null,"NET_INTEREST_INCOME":null,"NET_INTEREST_INCOME_YOY":null,"FEE_COMMISSION_INCOME":null,"FEE_COMMISSION_INCOME_YOY":null,"ACCOUNTS_RECE_TDAYS":0.86258574227,"INVENTORY_TDAYS":0.136602757249,"CURRENT_ASSETS_TDAYS":0.125274303629,"TOTAL_ASSETS_TDAYS":0.091130543042,"PREMIUM_EXPENSE":null,"LOAN_DEPOSIT":null,"LOAN_EQUITY":null,"LOAN_ASSETS":null,"DEPOSIT_EQUITY":null,"DEPOSIT_ASSETS":null,"EQUITY_MULTIPLIER":4.576189056871,"EQUITY_RATIO":3.679769331422},{"SECUCODE":"02777.HK","SECURITY_CODE":"02777","SECURITY_NAME_ABBR":"富力地产","ORG_CODE":"10010618","STD_REPORT_DATE":"2020-12-31 00:00:00","REPORT_DATE":"2020-12-31 00:00:00","DATE_TYPE_CODE":"001","REPORT_TYPE":"2020年年报","PER_NETCASH_OPERATE":5.149904108109,"PER_OI":22.890023850501,"BPS":23.851130445186,"BASIC_EPS":2.5313,"DILUTED_EPS":2.5313,"OPERATE_INCOME":85891778000,"OPERATE_INCOME_YOY":-5.4200823948,"GROSS_PROFIT":20388492000,"GROSS_PROFIT_YOY":-31.519204808964,"HOLDER_PROFIT":9004814000,"HOLDER_PROFIT_YOY":-6.8986091988,"GROSS_PROFIT_RATIO":23.737419896,"EPS_TTM":2.399768779141,"OPERATE_INCOME_QOQ":-4.910472159333,"NET_PROFIT_RATIO":10.6486502119,"ROE_AVG":10.793509156537,"GROSS_PROFIT_QOQ":-17.89218753055,"ROA":2.071235091944,"HOLDER_PROFIT_QOQ":-2.729522782308,"ROE_YEARLY":10.793509156537,"ROIC_YEARLY":2.207099948707,"TOTAL_ASSETS":442185215000,"TOTAL_LIABILITIES":350179872000,"TAX_EBT":42.518242727686,"OCF_SALES":22.498465452654,"TOTAL_PARENT_EQUITY":89498203000,"DEBT_ASSET_RATIO":79.193030459,"OPERATE_PROFIT":18095796000,"PRETAX_PROFIT":15911683000,"NETCASH_OPERATE":19324332000,"NETCASH_INVEST":2885119000,"NETCASH_FINANCE":-19415258000,"END_CASH":25672822000,"DIVI_RATIO":null,"DIVIDEND_RATE":null,"CURRENT_RATIO":1.353174030792,"COMMON_ACS":null,"CURRENTDEBT_DEBT":69.172290690654,"ISSUED_COMMON_SHARES":3752367344,"HK_COMMON_SHARES":3752367344,"PER_SHARES":400,"TOTAL_MARKET_CAP":6303977137.92,"HKSK_MARKET_CAP":6303977137.92,"PE_TTM":-0.327239717673,"PB_TTM":0.182515233545,"REPORT_DATE_SQ":"2019-12-31 00:00:00","REPORT_TYPE_SQ":"2019年年报","OPERATE_INCOME_SQ":90813970000,"DPS_HKD":null,"OPERATE_INCOME_QOQ_SQ":10.385956227845,"NET_PROFIT_RATIO_SQ":11.1141600791,"HOLDER_PROFIT_SQ":9672051000,"HOLDER_PROFIT_QOQ_SQ":15.093514959537,"ROE_AVG_SQ":13.284976201688,"PE_TTM_SQ":-0.283920333964,"PB_TTM_SQ":0.080636052581,"ROA_SQ":2.43775783274,"START_DATE":"2020-01-01 00:00:00","FISCAL_YEAR":"12-31","CURRENCY":"HKD","IS_CNY_CODE":0,"DPS_HKD_LY":1.362351,"ORG_TYPE":"一般企业","PREMIUM_INCOME":null,"PREMIUM_INCOME_YOY":null,"NET_INTEREST_INCOME":null,"NET_INTEREST_INCOME_YOY":null,"FEE_COMMISSION_INCOME":null,"FEE_COMMISSION_INCOME_YOY":null,"ACCOUNTS_RECE_TDAYS":1.651043677707,"INVENTORY_TDAYS":0.288788444783,"CURRENT_ASSETS_TDAYS":0.263676534132,"TOTAL_ASSETS_TDAYS":0.197563286374,"PREMIUM_EXPENSE":null,"LOAN_DEPOSIT":null,"LOAN_EQUITY":null,"LOAN_ASSETS":null,"DEPOSIT_EQUITY":null,"DEPOSIT_ASSETS":null,"EQUITY_MULTIPLIER":4.806081914185,"EQUITY_RATIO":3.912702828234},{"SECUCODE":"02777.HK","SECURITY_CODE":"02777","SECURITY_NAME_ABBR":"富力地产","ORG_CODE":"10010618","STD_REPORT_DATE":"2020-09-30 00:00:00","REPORT_DATE":"2020-09-30 00:00:00","DATE_TYPE_CODE":"004","REPORT_TYPE":"2020年三季报","PER_NETCASH_OPERATE":5.391316637766,"PER_OI":14.315389402577,"BPS":20.94756289223,"BASIC_EPS":1.18,"DILUTED_EPS":1.18,"OPERATE_INCOME":50037544634.41,"OPERATE_INCOME_YOY":-0.963292801,"GROSS_PROFIT":14890010236.58,"GROSS_PROFIT_YOY":-24.916289380752,"HOLDER_PROFIT":4122073103.82,"HOLDER_PROFIT_YOY":-9.1378829437,"GROSS_PROFIT_RATIO":29.757675652095,"EPS_TTM":2.648505478384,"OPERATE_INCOME_QOQ":1.091780110057,"NET_PROFIT_RATIO":8.4553215536,"ROE_AVG":5.286035904737,"GROSS_PROFIT_QOQ":-7.12115016075,"ROA":0.95687500548,"HOLDER_PROFIT_QOQ":-1.899410203755,"ROE_YEARLY":7.048047872983,"ROIC_YEARLY":1.033364949739,"TOTAL_ASSETS":434243496283.37,"TOTAL_LIABILITIES":353162549330.95,"TAX_EBT":22.390747360903,"OCF_SALES":37.660984875447,"TOTAL_PARENT_EQUITY":78602950933.19,"DEBT_ASSET_RATIO":81.3282299801,"OPERATE_PROFIT":null,"PRETAX_PROFIT":5451457335.95,"NETCASH_OPERATE":18844632116.81,"NETCASH_INVEST":-2167214251.57,"NETCASH_FINANCE":-21832969784.95,"END_CASH":17658369796.61,"DIVI_RATIO":null,"DIVIDEND_RATE":null,"CURRENT_RATIO":1.363178750136,"COMMON_ACS":null,"CURRENTDEBT_DEBT":67.420373929231,"ISSUED_COMMON_SHARES":3752367344,"HK_COMMON_SHARES":3752367344,"PER_SHARES":400,"TOTAL_MARKET_CAP":6303977137.92,"HKSK_MARKET_CAP":6303977137.92,"PE_TTM":-0.327239717673,"PB_TTM":0.182515233545,"REPORT_DATE_SQ":"2019-09-30 00:00:00","REPORT_TYPE_SQ":"2019年三季报","OPERATE_INCOME_SQ":50524241010.84,"DPS_HKD":null,"OPERATE_INCOME_QOQ_SQ":5.712472753802,"NET_PROFIT_RATIO_SQ":9.4039998979,"HOLDER_PROFIT_SQ":4536624544.27,"HOLDER_PROFIT_QOQ_SQ":-0.850761972445,"ROE_AVG_SQ":6.562120740547,"PE_TTM_SQ":-0.283920333964,"PB_TTM_SQ":0.080636052581,"ROA_SQ":1.160998614622,"START_DATE":"2020-01-01 00:00:00","FISCAL_YEAR":"12-31","CURRENCY":"HKD","IS_CNY_CODE":0,"DPS_HKD_LY":1.362351,"ORG_TYPE":"一般企业","PREMIUM_INCOME":null,"PREMIUM_INCOME_YOY":null,"NET_INTEREST_INCOME":null,"NET_INTEREST_INCOME_YOY":null,"FEE_COMMISSION_INCOME":null,"FEE_COMMISSION_INCOME_YOY":null,"ACCOUNTS_RECE_TDAYS":1.513806220049,"INVENTORY_TDAYS":0.153441741349,"CURRENT_ASSETS_TDAYS":0.154366520525,"TOTAL_ASSETS_TDAYS":0.116154358718,"PREMIUM_EXPENSE":null,"LOAN_DEPOSIT":null,"LOAN_EQUITY":null,"LOAN_ASSETS":null,"DEPOSIT_EQUITY":null,"DEPOSIT_ASSETS":null,"EQUITY_MULTIPLIER":5.355678647146,"EQUITY_RATIO":4.492993521721}],"count":53},"success":true,"message":"ok","code":0}