{"version":"ef46a60230c589ca57b2809e7d5e186c","result":{"pages":3,"data":[{"SECUCODE":"02779.HK","SECURITY_CODE":"02779","SECURITY_NAME_ABBR":"中国新华教育","ORG_CODE":"10739158","STD_REPORT_DATE":"2024-06-30 00:00:00","REPORT_DATE":"2024-06-30 00:00:00","DATE_TYPE_CODE":"002","REPORT_TYPE":"2024年中报","PER_NETCASH_OPERATE":-0.046775951256,"PER_OI":0.22113624227,"BPS":2.233690770075,"BASIC_EPS":0.132,"DILUTED_EPS":0.132,"OPERATE_INCOME":355716000,"OPERATE_INCOME_YOY":1.3219397565,"GROSS_PROFIT":235921000,"GROSS_PROFIT_YOY":0.468014070232,"HOLDER_PROFIT":213119000,"HOLDER_PROFIT_YOY":17.4507037596,"GROSS_PROFIT_RATIO":66.322853062556,"EPS_TTM":0.210597774563,"OPERATE_INCOME_QOQ":0.722154794137,"NET_PROFIT_RATIO":59.9126831517,"ROE_AVG":6.039929414795,"GROSS_PROFIT_QOQ":0.290774587518,"ROA":4.826596592514,"HOLDER_PROFIT_QOQ":10.311007199633,"ROE_YEARLY":12.079858829591,"ROIC_YEARLY":10.594802099682,"TOTAL_ASSETS":4355370000,"TOTAL_LIABILITIES":762293000,"TAX_EBT":1.271633991773,"OCF_SALES":-21.152548662416,"TOTAL_PARENT_EQUITY":3593077000,"DEBT_ASSET_RATIO":17.5023706367,"OPERATE_PROFIT":222239000,"PRETAX_PROFIT":215864000,"NETCASH_OPERATE":-75243000,"NETCASH_INVEST":-75183000,"NETCASH_FINANCE":-7506000,"END_CASH":86715000,"DIVI_RATIO":0.271954934561,"DIVIDEND_RATE":9.432835820896,"CURRENT_RATIO":1.78905746304,"COMMON_ACS":2000000000,"CURRENTDEBT_DEBT":35.200244525399,"ISSUED_COMMON_SHARES":1608583000,"HK_COMMON_SHARES":1608583000,"PER_SHARES":1000,"TOTAL_MARKET_CAP":1077750610,"HKSK_MARKET_CAP":1077750610,"PE_TTM":2.869570663937,"PB_TTM":0.273760185695,"REPORT_DATE_SQ":"2023-06-30 00:00:00","REPORT_TYPE_SQ":"2023年中报","OPERATE_INCOME_SQ":351075000,"DPS_HKD":0.0632,"OPERATE_INCOME_QOQ_SQ":2.814176723008,"NET_PROFIT_RATIO_SQ":51.6852524389,"HOLDER_PROFIT_SQ":181454000,"HOLDER_PROFIT_QOQ_SQ":3.804068599768,"ROE_AVG_SQ":5.515531220273,"PE_TTM_SQ":3.419134465621,"PB_TTM_SQ":0.243829126869,"ROA_SQ":4.395614511288,"START_DATE":"2024-01-01 00:00:00","FISCAL_YEAR":"12-31","CURRENCY":"HKD","IS_CNY_CODE":0,"DPS_HKD_LY":0.0632,"ORG_TYPE":"一般企业","PREMIUM_INCOME":null,"PREMIUM_INCOME_YOY":null,"NET_INTEREST_INCOME":null,"NET_INTEREST_INCOME_YOY":null,"FEE_COMMISSION_INCOME":null,"FEE_COMMISSION_INCOME_YOY":null,"ACCOUNTS_RECE_TDAYS":192.434947254531,"INVENTORY_TDAYS":null,"CURRENT_ASSETS_TDAYS":0.576419086602,"TOTAL_ASSETS_TDAYS":0.080560514713,"PREMIUM_EXPENSE":null,"LOAN_DEPOSIT":null,"LOAN_EQUITY":null,"LOAN_ASSETS":null,"DEPOSIT_EQUITY":null,"DEPOSIT_ASSETS":null,"EQUITY_MULTIPLIER":1.212156043413,"EQUITY_RATIO":0.212156043413},{"SECUCODE":"02779.HK","SECURITY_CODE":"02779","SECURITY_NAME_ABBR":"中国新华教育","ORG_CODE":"10739158","STD_REPORT_DATE":"2023-12-31 00:00:00","REPORT_DATE":"2023-12-31 00:00:00","DATE_TYPE_CODE":"001","REPORT_TYPE":"2023年年报","PER_NETCASH_OPERATE":0.243302956702,"PER_OI":0.399519328502,"BPS":2.153402093644,"BASIC_EPS":0.1909,"DILUTED_EPS":0.1909,"OPERATE_INCOME":642660000,"OPERATE_INCOME_YOY":2.7473476201,"GROSS_PROFIT":377956000,"GROSS_PROFIT_YOY":2.509051952103,"HOLDER_PROFIT":307099000,"HOLDER_PROFIT_YOY":30.3968816743,"GROSS_PROFIT_RATIO":58.811190987458,"EPS_TTM":0.190912747431,"OPERATE_INCOME_QOQ":-0.064999891149,"NET_PROFIT_RATIO":47.7856098092,"ROE_AVG":9.169434898517,"GROSS_PROFIT_QOQ":-0.973351394264,"ROA":7.086163039044,"HOLDER_PROFIT_QOQ":25.618276271117,"ROE_YEARLY":9.169434898517,"ROIC_YEARLY":7.853329703724,"TOTAL_ASSETS":4475656000,"TOTAL_LIABILITIES":1011730000,"TAX_EBT":1.936371793603,"OCF_SALES":60.898920113279,"TOTAL_PARENT_EQUITY":3463926000,"DEBT_ASSET_RATIO":22.6051778778,"OPERATE_PROFIT":327456000,"PRETAX_PROFIT":313163000,"NETCASH_OPERATE":391373000,"NETCASH_INVEST":-281360000,"NETCASH_FINANCE":-57482000,"END_CASH":244639000,"DIVI_RATIO":0.299996227443,"DIVIDEND_RATE":9.028571428571,"CURRENT_RATIO":1.462992168753,"COMMON_ACS":2000000000,"CURRENTDEBT_DEBT":50.952230338134,"ISSUED_COMMON_SHARES":1608583000,"HK_COMMON_SHARES":1608583000,"PER_SHARES":1000,"TOTAL_MARKET_CAP":1126008100,"HKSK_MARKET_CAP":1126008100,"PE_TTM":2.998058902621,"PB_TTM":0.286018104457,"REPORT_DATE_SQ":"2022-12-31 00:00:00","REPORT_TYPE_SQ":"2022年年报","OPERATE_INCOME_SQ":625476000,"DPS_HKD":0.0632,"OPERATE_INCOME_QOQ_SQ":2.731565505178,"NET_PROFIT_RATIO_SQ":37.6530834117,"HOLDER_PROFIT_SQ":235511000,"HOLDER_PROFIT_QOQ_SQ":-26.23800053244,"ROE_AVG_SQ":7.473562120489,"PE_TTM_SQ":3.232636222041,"PB_TTM_SQ":0.230529356312,"ROA_SQ":5.77452572333,"START_DATE":"2023-01-01 00:00:00","FISCAL_YEAR":"12-31","CURRENCY":"HKD","IS_CNY_CODE":0,"DPS_HKD_LY":0.0656,"ORG_TYPE":"一般企业","PREMIUM_INCOME":null,"PREMIUM_INCOME_YOY":null,"NET_INTEREST_INCOME":null,"NET_INTEREST_INCOME_YOY":null,"FEE_COMMISSION_INCOME":null,"FEE_COMMISSION_INCOME_YOY":null,"ACCOUNTS_RECE_TDAYS":232.679217958001,"INVENTORY_TDAYS":null,"CURRENT_ASSETS_TDAYS":0.994747339036,"TOTAL_ASSETS_TDAYS":0.14829073161,"PREMIUM_EXPENSE":null,"LOAN_DEPOSIT":null,"LOAN_EQUITY":null,"LOAN_ASSETS":null,"DEPOSIT_EQUITY":null,"DEPOSIT_ASSETS":null,"EQUITY_MULTIPLIER":1.292076100932,"EQUITY_RATIO":0.292076100933},{"SECUCODE":"02779.HK","SECURITY_CODE":"02779","SECURITY_NAME_ABBR":"中国新华教育","ORG_CODE":"10739158","STD_REPORT_DATE":"2023-06-30 00:00:00","REPORT_DATE":"2023-06-30 00:00:00","DATE_TYPE_CODE":"002","REPORT_TYPE":"2023年中报","PER_NETCASH_OPERATE":-0.051791545727,"PER_OI":0.218251094286,"BPS":2.079690012887,"BASIC_EPS":0.113,"DILUTED_EPS":0.113,"OPERATE_INCOME":351075000,"OPERATE_INCOME_YOY":5.2783883553,"GROSS_PROFIT":234822000,"GROSS_PROFIT_YOY":5.844331458243,"HOLDER_PROFIT":181454000,"HOLDER_PROFIT_YOY":5.1937737326,"GROSS_PROFIT_RATIO":66.886562700278,"EPS_TTM":0.151978480439,"OPERATE_INCOME_QOQ":2.814176723008,"NET_PROFIT_RATIO":51.6852524389,"ROE_AVG":5.515531220273,"GROSS_PROFIT_QOQ":3.516632538208,"ROA":4.395614511288,"HOLDER_PROFIT_QOQ":3.804068599768,"ROE_YEARLY":11.031062440547,"ROIC_YEARLY":9.268926653093,"TOTAL_ASSETS":4064226000,"TOTAL_LIABILITIES":718872000,"TAX_EBT":1.21834374932,"OCF_SALES":-23.730257067578,"TOTAL_PARENT_EQUITY":3345354000,"DEBT_ASSET_RATIO":17.6877959051,"OPERATE_PROFIT":190206000,"PRETAX_PROFIT":183692000,"NETCASH_OPERATE":-83311000,"NETCASH_INVEST":-56119000,"NETCASH_FINANCE":-9267000,"END_CASH":43433000,"DIVI_RATIO":0.376850089793,"DIVIDEND_RATE":9.028571428571,"CURRENT_RATIO":1.174941567045,"COMMON_ACS":2000000000,"CURRENTDEBT_DEBT":37.37577760714,"ISSUED_COMMON_SHARES":1608583000,"HK_COMMON_SHARES":1608583000,"PER_SHARES":1000,"TOTAL_MARKET_CAP":1126008100,"HKSK_MARKET_CAP":1126008100,"PE_TTM":2.998058902621,"PB_TTM":0.286018104457,"REPORT_DATE_SQ":"2022-06-30 00:00:00","REPORT_TYPE_SQ":"2022年中报","OPERATE_INCOME_SQ":333473000,"DPS_HKD":0.0632,"OPERATE_INCOME_QOQ_SQ":7.686607025996,"NET_PROFIT_RATIO_SQ":51.7268264597,"HOLDER_PROFIT_SQ":172495000,"HOLDER_PROFIT_QOQ_SQ":-9.929136035116,"ROE_AVG_SQ":5.561057669678,"PE_TTM_SQ":3.232636222041,"PB_TTM_SQ":0.230529356312,"ROA_SQ":4.361759384977,"START_DATE":"2023-01-01 00:00:00","FISCAL_YEAR":"12-31","CURRENCY":"HKD","IS_CNY_CODE":0,"DPS_HKD_LY":0.0656,"ORG_TYPE":"一般企业","PREMIUM_INCOME":null,"PREMIUM_INCOME_YOY":null,"NET_INTEREST_INCOME":null,"NET_INTEREST_INCOME_YOY":null,"FEE_COMMISSION_INCOME":null,"FEE_COMMISSION_INCOME_YOY":null,"ACCOUNTS_RECE_TDAYS":218.534080298786,"INVENTORY_TDAYS":null,"CURRENT_ASSETS_TDAYS":0.822551849526,"TOTAL_ASSETS_TDAYS":0.085045816821,"PREMIUM_EXPENSE":null,"LOAN_DEPOSIT":null,"LOAN_EQUITY":null,"LOAN_ASSETS":null,"DEPOSIT_EQUITY":null,"DEPOSIT_ASSETS":null,"EQUITY_MULTIPLIER":1.214886675671,"EQUITY_RATIO":0.21488667567},{"SECUCODE":"02779.HK","SECURITY_CODE":"02779","SECURITY_NAME_ABBR":"中国新华教育","ORG_CODE":"10739158","STD_REPORT_DATE":"2022-12-31 00:00:00","REPORT_DATE":"2022-12-31 00:00:00","DATE_TYPE_CODE":"001","REPORT_TYPE":"2022年年报","PER_NETCASH_OPERATE":0.2666620249,"PER_OI":0.388836634479,"BPS":2.010709425625,"BASIC_EPS":0.1464,"DILUTED_EPS":0.1464,"OPERATE_INCOME":625476000,"OPERATE_INCOME_YOY":10.6281372372,"GROSS_PROFIT":368705000,"GROSS_PROFIT_YOY":-0.385538132342,"HOLDER_PROFIT":235511000,"HOLDER_PROFIT_YOY":-33.5619298018,"GROSS_PROFIT_RATIO":58.947905275342,"EPS_TTM":0.146408982315,"OPERATE_INCOME_QOQ":2.731565505178,"NET_PROFIT_RATIO":37.6530834117,"ROE_AVG":7.473562120489,"GROSS_PROFIT_QOQ":-4.451608389071,"ROA":5.77452572333,"HOLDER_PROFIT_QOQ":-26.23800053244,"ROE_YEARLY":7.473562120489,"ROIC_YEARLY":6.40068162037,"TOTAL_ASSETS":4191912000,"TOTAL_LIABILITIES":957519000,"TAX_EBT":1.625710621838,"OCF_SALES":68.579449890963,"TOTAL_PARENT_EQUITY":3234393000,"DEBT_ASSET_RATIO":22.8420587073,"OPERATE_PROFIT":255197000,"PRETAX_PROFIT":239403000,"NETCASH_OPERATE":428948000,"NETCASH_INVEST":-467963000,"NETCASH_FINANCE":-140882000,"END_CASH":192068000,"DIVI_RATIO":0.391185725727,"DIVIDEND_RATE":9.028571428571,"CURRENT_RATIO":1.051841626208,"COMMON_ACS":2000000000,"CURRENTDEBT_DEBT":53.411263901813,"ISSUED_COMMON_SHARES":1608583000,"HK_COMMON_SHARES":1608583000,"PER_SHARES":1000,"TOTAL_MARKET_CAP":1126008100,"HKSK_MARKET_CAP":1126008100,"PE_TTM":2.998058902621,"PB_TTM":0.286018104457,"REPORT_DATE_SQ":"2021-12-31 00:00:00","REPORT_TYPE_SQ":"2021年年报","OPERATE_INCOME_SQ":565386000,"DPS_HKD":0.0632,"OPERATE_INCOME_QOQ_SQ":7.889443975865,"NET_PROFIT_RATIO_SQ":62.6973430541,"HOLDER_PROFIT_SQ":354482000,"HOLDER_PROFIT_QOQ_SQ":-6.778555612242,"ROE_AVG_SQ":12.039017226688,"PE_TTM_SQ":3.232636222041,"PB_TTM_SQ":0.230529356312,"ROA_SQ":9.433192045592,"START_DATE":"2022-01-01 00:00:00","FISCAL_YEAR":"12-31","CURRENCY":"HKD","IS_CNY_CODE":0,"DPS_HKD_LY":0.1078,"ORG_TYPE":"一般企业","PREMIUM_INCOME":null,"PREMIUM_INCOME_YOY":null,"NET_INTEREST_INCOME":null,"NET_INTEREST_INCOME_YOY":null,"FEE_COMMISSION_INCOME":null,"FEE_COMMISSION_INCOME_YOY":null,"ACCOUNTS_RECE_TDAYS":238.503717826501,"INVENTORY_TDAYS":null,"CURRENT_ASSETS_TDAYS":0.434839979005,"TOTAL_ASSETS_TDAYS":0.153361297405,"PREMIUM_EXPENSE":null,"LOAN_DEPOSIT":null,"LOAN_EQUITY":null,"LOAN_ASSETS":null,"DEPOSIT_EQUITY":null,"DEPOSIT_ASSETS":null,"EQUITY_MULTIPLIER":1.296042874196,"EQUITY_RATIO":0.296042874196},{"SECUCODE":"02779.HK","SECURITY_CODE":"02779","SECURITY_NAME_ABBR":"中国新华教育","ORG_CODE":"10739158","STD_REPORT_DATE":"2022-06-30 00:00:00","REPORT_DATE":"2022-06-30 00:00:00","DATE_TYPE_CODE":"002","REPORT_TYPE":"2022年中报","PER_NETCASH_OPERATE":-0.038762065744,"PER_OI":0.207308544228,"BPS":1.949267771697,"BASIC_EPS":0.107,"DILUTED_EPS":0.107,"OPERATE_INCOME":333473000,"OPERATE_INCOME_YOY":14.9851386485,"GROSS_PROFIT":221856000,"GROSS_PROFIT_YOY":7.642221197933,"HOLDER_PROFIT":172495000,"HOLDER_PROFIT_YOY":-16.94672881,"GROSS_PROFIT_RATIO":66.528924380685,"EPS_TTM":0.198488359009,"OPERATE_INCOME_QOQ":7.686607025996,"NET_PROFIT_RATIO":51.7268264597,"ROE_AVG":5.561057669678,"GROSS_PROFIT_QOQ":4.255508845493,"ROA":4.361759384977,"HOLDER_PROFIT_QOQ":-9.929136035116,"ROE_YEARLY":11.122115339357,"ROIC_YEARLY":9.548241605745,"TOTAL_ASSETS":3944440000,"TOTAL_LIABILITIES":808881000,"TAX_EBT":0.434062350286,"OCF_SALES":-18.697765636198,"TOTAL_PARENT_EQUITY":3135559000,"DEBT_ASSET_RATIO":20.5068653598,"OPERATE_PROFIT":181236000,"PRETAX_PROFIT":173247000,"NETCASH_OPERATE":-62352000,"NETCASH_INVEST":-178956000,"NETCASH_FINANCE":57521000,"END_CASH":188279000,"DIVI_RATIO":0.288546412928,"DIVIDEND_RATE":9.028571428571,"CURRENT_RATIO":7.179377648963,"COMMON_ACS":2000000000,"CURRENTDEBT_DEBT":40.778062533302,"ISSUED_COMMON_SHARES":1608583000,"HK_COMMON_SHARES":1608583000,"PER_SHARES":1000,"TOTAL_MARKET_CAP":1126008100,"HKSK_MARKET_CAP":1126008100,"PE_TTM":2.998058902621,"PB_TTM":0.286018104457,"REPORT_DATE_SQ":"2021-06-30 00:00:00","REPORT_TYPE_SQ":"2021年中报","OPERATE_INCOME_SQ":290014000,"DPS_HKD":0.0632,"OPERATE_INCOME_QOQ_SQ":9.438296574898,"NET_PROFIT_RATIO_SQ":71.614473784,"HOLDER_PROFIT_SQ":207692000,"HOLDER_PROFIT_QOQ_SQ":16.897074329912,"ROE_AVG_SQ":7.225700688608,"PE_TTM_SQ":3.232636222041,"PB_TTM_SQ":0.230529356312,"ROA_SQ":5.674407599901,"START_DATE":"2022-01-01 00:00:00","FISCAL_YEAR":"12-31","CURRENCY":"HKD","IS_CNY_CODE":0,"DPS_HKD_LY":0.1078,"ORG_TYPE":"一般企业","PREMIUM_INCOME":null,"PREMIUM_INCOME_YOY":null,"NET_INTEREST_INCOME":null,"NET_INTEREST_INCOME_YOY":null,"FEE_COMMISSION_INCOME":null,"FEE_COMMISSION_INCOME_YOY":null,"ACCOUNTS_RECE_TDAYS":243.05612244898,"INVENTORY_TDAYS":null,"CURRENT_ASSETS_TDAYS":0.141693486862,"TOTAL_ASSETS_TDAYS":0.084322965152,"PREMIUM_EXPENSE":null,"LOAN_DEPOSIT":null,"LOAN_EQUITY":null,"LOAN_ASSETS":null,"DEPOSIT_EQUITY":null,"DEPOSIT_ASSETS":null,"EQUITY_MULTIPLIER":1.257970269415,"EQUITY_RATIO":0.257970269416},{"SECUCODE":"02779.HK","SECURITY_CODE":"02779","SECURITY_NAME_ABBR":"中国新华教育","ORG_CODE":"10739158","STD_REPORT_DATE":"2021-12-31 00:00:00","REPORT_DATE":"2021-12-31 00:00:00","DATE_TYPE_CODE":"001","REPORT_TYPE":"2021年年报","PER_NETCASH_OPERATE":0.282094240708,"PER_OI":0.351480775316,"BPS":1.907341430315,"BASIC_EPS":0.2204,"DILUTED_EPS":0.2204,"OPERATE_INCOME":565386000,"OPERATE_INCOME_YOY":18.0723696713,"GROSS_PROFIT":370132000,"GROSS_PROFIT_YOY":18.991313517093,"HOLDER_PROFIT":354482000,"HOLDER_PROFIT_YOY":8.9731411374,"GROSS_PROFIT_RATIO":65.465363486185,"EPS_TTM":0.220369107469,"OPERATE_INCOME_QOQ":7.889443975865,"NET_PROFIT_RATIO":62.6973430541,"ROE_AVG":12.039017226688,"GROSS_PROFIT_QOQ":7.839778104095,"ROA":9.433192045592,"HOLDER_PROFIT_QOQ":-6.778555612242,"ROE_YEARLY":12.039017226688,"ROIC_YEARLY":11.247216212297,"TOTAL_ASSETS":3964983000,"TOTAL_LIABILITIES":896866000,"TAX_EBT":0.79952090312,"OCF_SALES":80.258796645124,"TOTAL_PARENT_EQUITY":3068117000,"DEBT_ASSET_RATIO":22.6196682306,"OPERATE_PROFIT":374752000,"PRETAX_PROFIT":357339000,"NETCASH_OPERATE":453772000,"NETCASH_INVEST":-844448000,"NETCASH_FINANCE":28360000,"END_CASH":366892000,"DIVI_RATIO":0.259896247064,"DIVIDEND_RATE":9.028571428571,"CURRENT_RATIO":4.771702828697,"COMMON_ACS":2000000000,"CURRENTDEBT_DEBT":54.651976995449,"ISSUED_COMMON_SHARES":1608583000,"HK_COMMON_SHARES":1608583000,"PER_SHARES":1000,"TOTAL_MARKET_CAP":1126008100,"HKSK_MARKET_CAP":1126008100,"PE_TTM":2.998058902621,"PB_TTM":0.286018104457,"REPORT_DATE_SQ":"2020-12-31 00:00:00","REPORT_TYPE_SQ":"2020年年报","OPERATE_INCOME_SQ":478847000,"DPS_HKD":0.0632,"OPERATE_INCOME_QOQ_SQ":5.25150839094,"NET_PROFIT_RATIO_SQ":67.9325546573,"HOLDER_PROFIT_SQ":325293000,"HOLDER_PROFIT_QOQ_SQ":20.015717121332,"ROE_AVG_SQ":11.961392515493,"PE_TTM_SQ":3.232636222041,"PB_TTM_SQ":0.230529356312,"ROA_SQ":9.505461374722,"START_DATE":"2021-01-01 00:00:00","FISCAL_YEAR":"12-31","CURRENCY":"HKD","IS_CNY_CODE":0,"DPS_HKD_LY":0.0723,"ORG_TYPE":"一般企业","PREMIUM_INCOME":null,"PREMIUM_INCOME_YOY":null,"NET_INTEREST_INCOME":null,"NET_INTEREST_INCOME_YOY":null,"FEE_COMMISSION_INCOME":null,"FEE_COMMISSION_INCOME_YOY":null,"ACCOUNTS_RECE_TDAYS":211.043673012318,"INVENTORY_TDAYS":null,"CURRENT_ASSETS_TDAYS":0.273169426009,"TOTAL_ASSETS_TDAYS":0.150456009554,"PREMIUM_EXPENSE":null,"LOAN_DEPOSIT":null,"LOAN_EQUITY":null,"LOAN_ASSETS":null,"DEPOSIT_EQUITY":null,"DEPOSIT_ASSETS":null,"EQUITY_MULTIPLIER":1.292318056971,"EQUITY_RATIO":0.292318056971},{"SECUCODE":"02779.HK","SECURITY_CODE":"02779","SECURITY_NAME_ABBR":"中国新华教育","ORG_CODE":"10739158","STD_REPORT_DATE":"2021-06-30 00:00:00","REPORT_DATE":"2021-06-30 00:00:00","DATE_TYPE_CODE":"002","REPORT_TYPE":"2021年中报","PER_NETCASH_OPERATE":-0.019762113612,"PER_OI":0.180291598258,"BPS":1.820193922228,"BASIC_EPS":0.129,"DILUTED_EPS":0.129,"OPERATE_INCOME":290014000,"OPERATE_INCOME_YOY":18.4605769977,"GROSS_PROFIT":206105000,"GROSS_PROFIT_YOY":18.492689966023,"HOLDER_PROFIT":207692000,"HOLDER_PROFIT_YOY":35.9890523614,"GROSS_PROFIT_RATIO":71.067258821988,"EPS_TTM":0.236393148504,"OPERATE_INCOME_QOQ":9.438296574898,"NET_PROFIT_RATIO":71.614473784,"ROE_AVG":7.225700688608,"GROSS_PROFIT_QOQ":10.340836757132,"ROA":5.674407599901,"HOLDER_PROFIT_QOQ":16.897074329912,"ROE_YEARLY":14.451401377215,"ROIC_YEARLY":13.627777722187,"TOTAL_ASSETS":3769657000,"TOTAL_LIABILITIES":841724000,"TAX_EBT":0.220992351743,"OCF_SALES":-10.961194976794,"TOTAL_PARENT_EQUITY":2927933000,"DEBT_ASSET_RATIO":22.3289280696,"OPERATE_PROFIT":215851000,"PRETAX_PROFIT":208152000,"NETCASH_OPERATE":-31789000,"NETCASH_INVEST":-436823000,"NETCASH_FINANCE":231441000,"END_CASH":487891000,"DIVI_RATIO":0.242279035422,"DIVIDEND_RATE":9.028571428571,"CURRENT_RATIO":5.902973750899,"COMMON_ACS":2000000000,"CURRENTDEBT_DEBT":45.567905869382,"ISSUED_COMMON_SHARES":1608583000,"HK_COMMON_SHARES":1608583000,"PER_SHARES":1000,"TOTAL_MARKET_CAP":1126008100,"HKSK_MARKET_CAP":1126008100,"PE_TTM":2.998058902621,"PB_TTM":0.286018104457,"REPORT_DATE_SQ":"2020-06-30 00:00:00","REPORT_TYPE_SQ":"2020年中报","OPERATE_INCOME_SQ":244819000,"DPS_HKD":0.0632,"OPERATE_INCOME_QOQ_SQ":3.934599252511,"NET_PROFIT_RATIO_SQ":62.3836385248,"HOLDER_PROFIT_SQ":152727000,"HOLDER_PROFIT_QOQ_SQ":0.136326859347,"ROE_AVG_SQ":5.713927621414,"PE_TTM_SQ":3.232636222041,"PB_TTM_SQ":0.230529356312,"ROA_SQ":4.643165720463,"START_DATE":"2021-01-01 00:00:00","FISCAL_YEAR":"12-31","CURRENCY":"HKD","IS_CNY_CODE":0,"DPS_HKD_LY":0.0723,"ORG_TYPE":"一般企业","PREMIUM_INCOME":null,"PREMIUM_INCOME_YOY":null,"NET_INTEREST_INCOME":null,"NET_INTEREST_INCOME_YOY":null,"FEE_COMMISSION_INCOME":null,"FEE_COMMISSION_INCOME_YOY":null,"ACCOUNTS_RECE_TDAYS":108.823264540338,"INVENTORY_TDAYS":null,"CURRENT_ASSETS_TDAYS":0.142698846163,"TOTAL_ASSETS_TDAYS":0.079235485511,"PREMIUM_EXPENSE":null,"LOAN_DEPOSIT":null,"LOAN_EQUITY":null,"LOAN_ASSETS":null,"DEPOSIT_EQUITY":null,"DEPOSIT_ASSETS":null,"EQUITY_MULTIPLIER":1.287480621995,"EQUITY_RATIO":0.287480621995},{"SECUCODE":"02779.HK","SECURITY_CODE":"02779","SECURITY_NAME_ABBR":"中国新华教育","ORG_CODE":"10739158","STD_REPORT_DATE":"2020-12-31 00:00:00","REPORT_DATE":"2020-12-31 00:00:00","DATE_TYPE_CODE":"001","REPORT_TYPE":"2020年年报","PER_NETCASH_OPERATE":0.250760451901,"PER_OI":0.297682494469,"BPS":1.75357379756,"BASIC_EPS":0.2022,"DILUTED_EPS":0.2022,"OPERATE_INCOME":478847000,"OPERATE_INCOME_YOY":9.3927334533,"GROSS_PROFIT":311058000,"GROSS_PROFIT_YOY":19.078481439088,"HOLDER_PROFIT":325293000,"HOLDER_PROFIT_YOY":20.1793307792,"GROSS_PROFIT_RATIO":64.959788826076,"EPS_TTM":0.20222332326,"OPERATE_INCOME_QOQ":5.25150839094,"NET_PROFIT_RATIO":67.9325546573,"ROE_AVG":11.961392515493,"GROSS_PROFIT_QOQ":7.66903655911,"ROA":9.505461374722,"HOLDER_PROFIT_QOQ":20.015717121332,"ROE_YEARLY":11.961392515493,"ROIC_YEARLY":13.768826460588,"TOTAL_ASSETS":3550649000,"TOTAL_LIABILITIES":729880000,"TAX_EBT":0.657512994509,"OCF_SALES":84.237553957736,"TOTAL_PARENT_EQUITY":2820769000,"DEBT_ASSET_RATIO":20.5562419715,"OPERATE_PROFIT":340527000,"PRETAX_PROFIT":327446000,"NETCASH_OPERATE":403369000,"NETCASH_INVEST":-914919000,"NETCASH_FINANCE":-107201000,"END_CASH":726278000,"DIVI_RATIO":0.283217104123,"DIVIDEND_RATE":9.028571428571,"CURRENT_RATIO":3.881227366787,"COMMON_ACS":2000000000,"CURRENTDEBT_DEBT":63.561133336987,"ISSUED_COMMON_SHARES":1608583000,"HK_COMMON_SHARES":1608583000,"PER_SHARES":1000,"TOTAL_MARKET_CAP":1126008100,"HKSK_MARKET_CAP":1126008100,"PE_TTM":2.998058902621,"PB_TTM":0.286018104457,"REPORT_DATE_SQ":"2019-12-31 00:00:00","REPORT_TYPE_SQ":"2019年年报","OPERATE_INCOME_SQ":437732000,"DPS_HKD":0.0632,"OPERATE_INCOME_QOQ_SQ":5.913750843836,"NET_PROFIT_RATIO_SQ":61.8353238968,"HOLDER_PROFIT_SQ":270673000,"HOLDER_PROFIT_QOQ_SQ":-0.086007692705,"ROE_AVG_SQ":10.820830036855,"PE_TTM_SQ":3.232636222041,"PB_TTM_SQ":0.230529356312,"ROA_SQ":9.026960353951,"START_DATE":"2020-01-01 00:00:00","FISCAL_YEAR":"12-31","CURRENCY":"HKD","IS_CNY_CODE":0,"DPS_HKD_LY":0.0553,"ORG_TYPE":"一般企业","PREMIUM_INCOME":null,"PREMIUM_INCOME_YOY":null,"NET_INTEREST_INCOME":null,"NET_INTEREST_INCOME_YOY":null,"FEE_COMMISSION_INCOME":null,"FEE_COMMISSION_INCOME_YOY":null,"ACCOUNTS_RECE_TDAYS":173.495289855072,"INVENTORY_TDAYS":null,"CURRENT_ASSETS_TDAYS":0.260629558903,"TOTAL_ASSETS_TDAYS":0.139924980338,"PREMIUM_EXPENSE":null,"LOAN_DEPOSIT":null,"LOAN_EQUITY":null,"LOAN_ASSETS":null,"DEPOSIT_EQUITY":null,"DEPOSIT_ASSETS":null,"EQUITY_MULTIPLIER":1.258752134612,"EQUITY_RATIO":0.258752134613},{"SECUCODE":"02779.HK","SECURITY_CODE":"02779","SECURITY_NAME_ABBR":"中国新华教育","ORG_CODE":"10739158","STD_REPORT_DATE":"2020-06-30 00:00:00","REPORT_DATE":"2020-06-30 00:00:00","DATE_TYPE_CODE":"002","REPORT_TYPE":"2020年中报","PER_NETCASH_OPERATE":-0.088509576441,"PER_OI":0.152195441578,"BPS":1.695591710219,"BASIC_EPS":0.095,"DILUTED_EPS":0.095,"OPERATE_INCOME":244819000,"OPERATE_INCOME_YOY":7.5673561926,"GROSS_PROFIT":173939000,"GROSS_PROFIT_YOY":18.926144210915,"HOLDER_PROFIT":152727000,"HOLDER_PROFIT_YOY":0.2421927303,"GROSS_PROFIT_RATIO":71.047998725589,"EPS_TTM":0.168497366937,"OPERATE_INCOME_QOQ":3.934599252511,"NET_PROFIT_RATIO":62.3836385248,"ROE_AVG":5.713927621414,"GROSS_PROFIT_QOQ":10.596774378783,"ROA":4.643165720463,"HOLDER_PROFIT_QOQ":0.136326859347,"ROE_YEARLY":11.427855242827,"ROIC_YEARLY":14.920071568514,"TOTAL_ASSETS":3284882000,"TOTAL_LIABILITIES":557382000,"TAX_EBT":0.019639034545,"OCF_SALES":-58.155208541821,"TOTAL_PARENT_EQUITY":2727500000,"DEBT_ASSET_RATIO":16.968098093,"OPERATE_PROFIT":157149000,"PRETAX_PROFIT":152757000,"NETCASH_OPERATE":-142375000,"NETCASH_INVEST":-179086000,"NETCASH_FINANCE":26412000,"END_CASH":1101038000,"DIVI_RATIO":0.339905038524,"DIVIDEND_RATE":9.028571428571,"CURRENT_RATIO":7.597255704093,"COMMON_ACS":2000000000,"CURRENTDEBT_DEBT":44.20702498466,"ISSUED_COMMON_SHARES":1608583000,"HK_COMMON_SHARES":1608583000,"PER_SHARES":1000,"TOTAL_MARKET_CAP":1126008100,"HKSK_MARKET_CAP":1126008100,"PE_TTM":2.998058902621,"PB_TTM":0.286018104457,"REPORT_DATE_SQ":"2019-06-30 00:00:00","REPORT_TYPE_SQ":"2019年中报","OPERATE_INCOME_SQ":227596000,"DPS_HKD":0.0632,"OPERATE_INCOME_QOQ_SQ":7.034991078065,"NET_PROFIT_RATIO_SQ":66.9423012707,"HOLDER_PROFIT_SQ":152358000,"HOLDER_PROFIT_QOQ_SQ":5.818522713956,"ROE_AVG_SQ":6.285629416934,"PE_TTM_SQ":3.232636222041,"PB_TTM_SQ":0.230529356312,"ROA_SQ":5.694622424496,"START_DATE":"2020-01-01 00:00:00","FISCAL_YEAR":"12-31","CURRENCY":"HKD","IS_CNY_CODE":0,"DPS_HKD_LY":0.0553,"ORG_TYPE":"一般企业","PREMIUM_INCOME":null,"PREMIUM_INCOME_YOY":null,"NET_INTEREST_INCOME":null,"NET_INTEREST_INCOME_YOY":null,"FEE_COMMISSION_INCOME":null,"FEE_COMMISSION_INCOME_YOY":null,"ACCOUNTS_RECE_TDAYS":88.96039244186,"INVENTORY_TDAYS":null,"CURRENT_ASSETS_TDAYS":0.130711615586,"TOTAL_ASSETS_TDAYS":0.074429222634,"PREMIUM_EXPENSE":null,"LOAN_DEPOSIT":null,"LOAN_EQUITY":null,"LOAN_ASSETS":null,"DEPOSIT_EQUITY":null,"DEPOSIT_ASSETS":null,"EQUITY_MULTIPLIER":1.204356370302,"EQUITY_RATIO":0.204356370302}],"count":21},"success":true,"message":"ok","code":0}