{"version":"facac5d1972c76f6db199faf9ce221d2","result":{"pages":4,"data":[{"SECUCODE":"02789.HK","SECURITY_CODE":"02789","SECURITY_NAME_ABBR":"远大中国","ORG_CODE":"10166582","STD_REPORT_DATE":"2024-06-30 00:00:00","REPORT_DATE":"2024-06-30 00:00:00","DATE_TYPE_CODE":"002","REPORT_TYPE":"2024年中报","PER_NETCASH_OPERATE":-0.031989291215,"PER_OI":0.175263105168,"BPS":0.138755501524,"BASIC_EPS":0.001,"DILUTED_EPS":0.001,"OPERATE_INCOME":1088162000,"OPERATE_INCOME_YOY":5.2228400135,"GROSS_PROFIT":214865000,"GROSS_PROFIT_YOY":112.426345553051,"HOLDER_PROFIT":5976000,"HOLDER_PROFIT_YOY":-6.1262959472,"GROSS_PROFIT_RATIO":19.745681249667,"EPS_TTM":0.004015955588,"OPERATE_INCOME_QOQ":2.102035836419,"NET_PROFIT_RATIO":0.5491829342,"ROE_AVG":0.684459247416,"GROSS_PROFIT_QOQ":22.066402763224,"ROA":0.118659964444,"HOLDER_PROFIT_QOQ":-1.540041067762,"ROE_YEARLY":1.368918494831,"ROIC_YEARLY":0.247104911251,"TOTAL_ASSETS":5112417000,"TOTAL_LIABILITIES":4250921000,"TAX_EBT":36.215177713737,"OCF_SALES":-18.252153631537,"TOTAL_PARENT_EQUITY":861496000,"DEBT_ASSET_RATIO":83.1489489218,"OPERATE_PROFIT":34231000,"PRETAX_PROFIT":9369000,"NETCASH_OPERATE":-198613000,"NETCASH_INVEST":20610000,"NETCASH_FINANCE":25284000,"END_CASH":124340000,"DIVI_RATIO":null,"DIVIDEND_RATE":null,"CURRENT_RATIO":1.046866515282,"COMMON_ACS":12000000000,"CURRENTDEBT_DEBT":94.873228648568,"ISSUED_COMMON_SHARES":6208734000,"HK_COMMON_SHARES":6208734000,"PER_SHARES":2000,"TOTAL_MARKET_CAP":918892632,"HKSK_MARKET_CAP":918892632,"PE_TTM":33.308062843403,"PB_TTM":0.973486733976,"REPORT_DATE_SQ":"2023-06-30 00:00:00","REPORT_TYPE_SQ":"2023年中报","OPERATE_INCOME_SQ":1034150000,"DPS_HKD":null,"OPERATE_INCOME_QOQ_SQ":-8.213350835473,"NET_PROFIT_RATIO_SQ":0.6155780109,"HOLDER_PROFIT_SQ":6366000,"HOLDER_PROFIT_QOQ_SQ":2.273704058007,"ROE_AVG_SQ":0.669357344399,"PE_TTM_SQ":3.628823013012,"PB_TTM_SQ":0.308499058585,"ROA_SQ":0.114254895565,"START_DATE":"2024-01-01 00:00:00","FISCAL_YEAR":"12-31","CURRENCY":"HKD","IS_CNY_CODE":0,"DPS_HKD_LY":null,"ORG_TYPE":"一般企业","PREMIUM_INCOME":null,"PREMIUM_INCOME_YOY":null,"NET_INTEREST_INCOME":null,"NET_INTEREST_INCOME_YOY":null,"FEE_COMMISSION_INCOME":null,"FEE_COMMISSION_INCOME_YOY":null,"ACCOUNTS_RECE_TDAYS":0.694931966837,"INVENTORY_TDAYS":3.378605957555,"CURRENT_ASSETS_TDAYS":0.26372859872,"TOTAL_ASSETS_TDAYS":0.216066372538,"PREMIUM_EXPENSE":null,"LOAN_DEPOSIT":null,"LOAN_EQUITY":null,"LOAN_ASSETS":null,"DEPOSIT_EQUITY":null,"DEPOSIT_ASSETS":null,"EQUITY_MULTIPLIER":5.934347925001,"EQUITY_RATIO":4.934347925005},{"SECUCODE":"02789.HK","SECURITY_CODE":"02789","SECURITY_NAME_ABBR":"远大中国","ORG_CODE":"10166582","STD_REPORT_DATE":"2023-12-31 00:00:00","REPORT_DATE":"2023-12-31 00:00:00","DATE_TYPE_CODE":"001","REPORT_TYPE":"2023年年报","PER_NETCASH_OPERATE":0.056261872388,"PER_OI":0.41385393544,"BPS":0.142492817376,"BASIC_EPS":0.0041,"DILUTED_EPS":0.0041,"OPERATE_INCOME":2569509000,"OPERATE_INCOME_YOY":-21.2676733461,"GROSS_PROFIT":515340000,"GROSS_PROFIT_YOY":33.047276782948,"HOLDER_PROFIT":25324000,"HOLDER_PROFIT_YOY":-64.8906819726,"GROSS_PROFIT_RATIO":20.055971782936,"EPS_TTM":0.004078770326,"OPERATE_INCOME_QOQ":-14.222463320592,"NET_PROFIT_RATIO":0.9855579412,"ROE_AVG":2.671078383029,"GROSS_PROFIT_QOQ":44.865448350888,"ROA":0.466410960842,"HOLDER_PROFIT_QOQ":-65.671216906831,"ROE_YEARLY":2.671078383029,"ROIC_YEARLY":0.488638677997,"TOTAL_ASSETS":4960062000,"TOTAL_LIABILITIES":4075362000,"TAX_EBT":-27.480493329977,"OCF_SALES":13.594620606505,"TOTAL_PARENT_EQUITY":884700000,"DEBT_ASSET_RATIO":82.1635294075,"OPERATE_PROFIT":-23672000,"PRETAX_PROFIT":19865000,"NETCASH_OPERATE":349315000,"NETCASH_INVEST":49410000,"NETCASH_FINANCE":-348577000,"END_CASH":274515000,"DIVI_RATIO":null,"DIVIDEND_RATE":null,"CURRENT_RATIO":1.043866006351,"COMMON_ACS":12000000000,"CURRENTDEBT_DEBT":94.734651792896,"ISSUED_COMMON_SHARES":6208734000,"HK_COMMON_SHARES":6208734000,"PER_SHARES":2000,"TOTAL_MARKET_CAP":614664666,"HKSK_MARKET_CAP":614664666,"PE_TTM":22.280393388492,"PB_TTM":0.651183693673,"REPORT_DATE_SQ":"2022-12-31 00:00:00","REPORT_TYPE_SQ":"2022年年报","OPERATE_INCOME_SQ":3263601000,"DPS_HKD":null,"OPERATE_INCOME_QOQ_SQ":11.953836722947,"NET_PROFIT_RATIO_SQ":2.2101047279,"HOLDER_PROFIT_SQ":72129000,"HOLDER_PROFIT_QOQ_SQ":107.232079474767,"ROE_AVG_SQ":6.667926992906,"PE_TTM_SQ":3.780023971887,"PB_TTM_SQ":0.321353186026,"ROA_SQ":1.137736928956,"START_DATE":"2023-01-01 00:00:00","FISCAL_YEAR":"12-31","CURRENCY":"HKD","IS_CNY_CODE":0,"DPS_HKD_LY":null,"ORG_TYPE":"一般企业","PREMIUM_INCOME":null,"PREMIUM_INCOME_YOY":null,"NET_INTEREST_INCOME":null,"NET_INTEREST_INCOME_YOY":null,"FEE_COMMISSION_INCOME":null,"FEE_COMMISSION_INCOME_YOY":null,"ACCOUNTS_RECE_TDAYS":1.624388051323,"INVENTORY_TDAYS":7.206877194952,"CURRENT_ASSETS_TDAYS":0.568665291134,"TOTAL_ASSETS_TDAYS":0.473245601635,"PREMIUM_EXPENSE":null,"LOAN_DEPOSIT":null,"LOAN_EQUITY":null,"LOAN_ASSETS":null,"DEPOSIT_EQUITY":null,"DEPOSIT_ASSETS":null,"EQUITY_MULTIPLIER":5.606490335708,"EQUITY_RATIO":4.606490335707},{"SECUCODE":"02789.HK","SECURITY_CODE":"02789","SECURITY_NAME_ABBR":"远大中国","ORG_CODE":"10166582","STD_REPORT_DATE":"2023-06-30 00:00:00","REPORT_DATE":"2023-06-30 00:00:00","DATE_TYPE_CODE":"002","REPORT_TYPE":"2023年中报","PER_NETCASH_OPERATE":0.029805110027,"PER_OI":0.166563747134,"BPS":0.143452755425,"BASIC_EPS":0.001,"DILUTED_EPS":0.001,"OPERATE_INCOME":1034150000,"OPERATE_INCOME_YOY":-20.5844566238,"GROSS_PROFIT":101148000,"GROSS_PROFIT_YOY":-23.803927772379,"HOLDER_PROFIT":6366000,"HOLDER_PROFIT_YOY":34.7016504444,"GROSS_PROFIT_RATIO":9.780786152879,"EPS_TTM":0.011881488239,"OPERATE_INCOME_QOQ":-8.213350835473,"NET_PROFIT_RATIO":0.6155780109,"ROE_AVG":0.669357344399,"GROSS_PROFIT_QOQ":-8.158033335399,"ROA":0.114254895565,"HOLDER_PROFIT_QOQ":2.273704058007,"ROE_YEARLY":1.338714688798,"ROIC_YEARLY":0.236451555242,"TOTAL_ASSETS":5244474000,"TOTAL_LIABILITIES":4353814000,"TAX_EBT":46.142131979695,"OCF_SALES":17.894115940628,"TOTAL_PARENT_EQUITY":890660000,"DEBT_ASSET_RATIO":83.0171719795,"OPERATE_PROFIT":-91790000,"PRETAX_PROFIT":11820000,"NETCASH_OPERATE":185052000,"NETCASH_INVEST":26397000,"NETCASH_FINANCE":-278711000,"END_CASH":154825000,"DIVI_RATIO":null,"DIVIDEND_RATE":null,"CURRENT_RATIO":1.052741566421,"COMMON_ACS":12000000000,"CURRENTDEBT_DEBT":95.379040078423,"ISSUED_COMMON_SHARES":6208734000,"HK_COMMON_SHARES":6208734000,"PER_SHARES":2000,"TOTAL_MARKET_CAP":614664666,"HKSK_MARKET_CAP":614664666,"PE_TTM":22.280393388492,"PB_TTM":0.651183693673,"REPORT_DATE_SQ":"2022-06-30 00:00:00","REPORT_TYPE_SQ":"2022年中报","OPERATE_INCOME_SQ":1302201000,"DPS_HKD":null,"OPERATE_INCOME_QOQ_SQ":-4.586546096538,"NET_PROFIT_RATIO_SQ":0.3629240033,"HOLDER_PROFIT_SQ":4726000,"HOLDER_PROFIT_QOQ_SQ":-0.15253622861,"ROE_AVG_SQ":0.409877652475,"PE_TTM_SQ":3.780023971887,"PB_TTM_SQ":0.321353186026,"ROA_SQ":0.073759094152,"START_DATE":"2023-01-01 00:00:00","FISCAL_YEAR":"12-31","CURRENCY":"HKD","IS_CNY_CODE":0,"DPS_HKD_LY":null,"ORG_TYPE":"一般企业","PREMIUM_INCOME":null,"PREMIUM_INCOME_YOY":null,"NET_INTEREST_INCOME":null,"NET_INTEREST_INCOME_YOY":null,"FEE_COMMISSION_INCOME":null,"FEE_COMMISSION_INCOME_YOY":null,"ACCOUNTS_RECE_TDAYS":0.685756535376,"INVENTORY_TDAYS":2.85059753957,"CURRENT_ASSETS_TDAYS":0.220536638799,"TOTAL_ASSETS_TDAYS":0.185605875351,"PREMIUM_EXPENSE":null,"LOAN_DEPOSIT":null,"LOAN_EQUITY":null,"LOAN_ASSETS":null,"DEPOSIT_EQUITY":null,"DEPOSIT_ASSETS":null,"EQUITY_MULTIPLIER":5.888300810636,"EQUITY_RATIO":4.888300810635},{"SECUCODE":"02789.HK","SECURITY_CODE":"02789","SECURITY_NAME_ABBR":"远大中国","ORG_CODE":"10166582","STD_REPORT_DATE":"2022-12-31 00:00:00","REPORT_DATE":"2022-12-31 00:00:00","DATE_TYPE_CODE":"001","REPORT_TYPE":"2022年年报","PER_NETCASH_OPERATE":0.012362906834,"PER_OI":0.525646774367,"BPS":0.162909701076,"BASIC_EPS":0.0116,"DILUTED_EPS":0.0116,"OPERATE_INCOME":3263601000,"OPERATE_INCOME_YOY":6.8190223948,"GROSS_PROFIT":387336000,"GROSS_PROFIT_YOY":-9.032708074505,"HOLDER_PROFIT":72129000,"HOLDER_PROFIT_YOY":107.243111016,"GROSS_PROFIT_RATIO":11.868362584765,"EPS_TTM":0.011617344212,"OPERATE_INCOME_QOQ":11.953836722947,"NET_PROFIT_RATIO":2.2101047279,"ROE_AVG":6.667926992906,"GROSS_PROFIT_QOQ":42.699357120489,"ROA":1.137736928956,"HOLDER_PROFIT_QOQ":107.232079474767,"ROE_YEARLY":6.667926992906,"ROIC_YEARLY":1.338085802115,"TOTAL_ASSETS":5899031000,"TOTAL_LIABILITIES":4887568000,"TAX_EBT":33.585930666176,"OCF_SALES":2.351941919371,"TOTAL_PARENT_EQUITY":1011463000,"DEBT_ASSET_RATIO":82.8537432673,"OPERATE_PROFIT":-38749000,"PRETAX_PROFIT":108605000,"NETCASH_OPERATE":76758000,"NETCASH_INVEST":53002000,"NETCASH_FINANCE":-203849000,"END_CASH":219455000,"DIVI_RATIO":null,"DIVIDEND_RATE":null,"CURRENT_RATIO":1.065510834306,"COMMON_ACS":12000000000,"CURRENTDEBT_DEBT":96.14206902083,"ISSUED_COMMON_SHARES":6208734000,"HK_COMMON_SHARES":6208734000,"PER_SHARES":2000,"TOTAL_MARKET_CAP":614664666,"HKSK_MARKET_CAP":614664666,"PE_TTM":22.280393388492,"PB_TTM":0.651183693673,"REPORT_DATE_SQ":"2021-12-31 00:00:00","REPORT_TYPE_SQ":"2021年年报","OPERATE_INCOME_SQ":3055262000,"DPS_HKD":null,"OPERATE_INCOME_QOQ_SQ":-0.319732520908,"NET_PROFIT_RATIO_SQ":-32.5938986575,"HOLDER_PROFIT_SQ":-995829000,"HOLDER_PROFIT_QOQ_SQ":-127.427797545368,"ROE_AVG_SQ":-61.229974636846,"PE_TTM_SQ":3.780023971887,"PB_TTM_SQ":0.321353186026,"ROA_SQ":-13.140343837341,"START_DATE":"2022-01-01 00:00:00","FISCAL_YEAR":"12-31","CURRENCY":"HKD","IS_CNY_CODE":0,"DPS_HKD_LY":null,"ORG_TYPE":"一般企业","PREMIUM_INCOME":null,"PREMIUM_INCOME_YOY":null,"NET_INTEREST_INCOME":null,"NET_INTEREST_INCOME_YOY":null,"FEE_COMMISSION_INCOME":null,"FEE_COMMISSION_INCOME_YOY":null,"ACCOUNTS_RECE_TDAYS":2.028379025091,"INVENTORY_TDAYS":7.742978860869,"CURRENT_ASSETS_TDAYS":0.600464423285,"TOTAL_ASSETS_TDAYS":0.514788695126,"PREMIUM_EXPENSE":null,"LOAN_DEPOSIT":null,"LOAN_EQUITY":null,"LOAN_ASSETS":null,"DEPOSIT_EQUITY":null,"DEPOSIT_ASSETS":null,"EQUITY_MULTIPLIER":5.832176757816,"EQUITY_RATIO":4.832176757825},{"SECUCODE":"02789.HK","SECURITY_CODE":"02789","SECURITY_NAME_ABBR":"远大中国","ORG_CODE":"10166582","STD_REPORT_DATE":"2022-06-30 00:00:00","REPORT_DATE":"2022-06-30 00:00:00","DATE_TYPE_CODE":"002","REPORT_TYPE":"2022年中报","PER_NETCASH_OPERATE":-0.031102798091,"PER_OI":0.209736960868,"BPS":0.185876218888,"BASIC_EPS":0.0008,"DILUTED_EPS":0.0008,"OPERATE_INCOME":1302201000,"OPERATE_INCOME_YOY":-9.7155855933,"GROSS_PROFIT":132747000,"GROSS_PROFIT_YOY":-53.76424981453,"HOLDER_PROFIT":4726000,"HOLDER_PROFIT_YOY":-24.323458767,"GROSS_PROFIT_RATIO":10.194048384236,"EPS_TTM":-0.160636290748,"OPERATE_INCOME_QOQ":-4.586546096538,"NET_PROFIT_RATIO":0.3629240033,"ROE_AVG":0.409877652475,"GROSS_PROFIT_QOQ":-36.252486513526,"ROA":0.073759094152,"HOLDER_PROFIT_QOQ":-0.15253622861,"ROE_YEARLY":0.819755304949,"ROIC_YEARLY":0.185768067035,"TOTAL_ASSETS":6034341000,"TOTAL_LIABILITIES":4880285000,"TAX_EBT":72.915353315376,"OCF_SALES":-14.829431093971,"TOTAL_PARENT_EQUITY":1154056000,"DEBT_ASSET_RATIO":80.8751941596,"OPERATE_PROFIT":-59516000,"PRETAX_PROFIT":17449000,"NETCASH_OPERATE":-193109000,"NETCASH_INVEST":52874000,"NETCASH_FINANCE":-9968000,"END_CASH":225216000,"DIVI_RATIO":null,"DIVIDEND_RATE":null,"CURRENT_RATIO":1.09097620244,"COMMON_ACS":12000000000,"CURRENTDEBT_DEBT":96.398386569637,"ISSUED_COMMON_SHARES":6208734000,"HK_COMMON_SHARES":6208734000,"PER_SHARES":2000,"TOTAL_MARKET_CAP":614664666,"HKSK_MARKET_CAP":614664666,"PE_TTM":22.280393388492,"PB_TTM":0.651183693673,"REPORT_DATE_SQ":"2021-06-30 00:00:00","REPORT_TYPE_SQ":"2021年中报","OPERATE_INCOME_SQ":1442332000,"DPS_HKD":null,"OPERATE_INCOME_QOQ_SQ":12.044647335183,"NET_PROFIT_RATIO_SQ":0.4329793695,"HOLDER_PROFIT_SQ":6245000,"HOLDER_PROFIT_QOQ_SQ":36.598588235294,"ROE_AVG_SQ":0.295535334219,"PE_TTM_SQ":3.780023971887,"PB_TTM_SQ":0.321353186026,"ROA_SQ":0.07774750114,"START_DATE":"2022-01-01 00:00:00","FISCAL_YEAR":"12-31","CURRENCY":"HKD","IS_CNY_CODE":0,"DPS_HKD_LY":null,"ORG_TYPE":"一般企业","PREMIUM_INCOME":null,"PREMIUM_INCOME_YOY":null,"NET_INTEREST_INCOME":null,"NET_INTEREST_INCOME_YOY":null,"FEE_COMMISSION_INCOME":null,"FEE_COMMISSION_INCOME_YOY":null,"ACCOUNTS_RECE_TDAYS":0.806554879229,"INVENTORY_TDAYS":3.001582341429,"CURRENT_ASSETS_TDAYS":0.236851539379,"TOTAL_ASSETS_TDAYS":0.203235645713,"PREMIUM_EXPENSE":null,"LOAN_DEPOSIT":null,"LOAN_EQUITY":null,"LOAN_ASSETS":null,"DEPOSIT_EQUITY":null,"DEPOSIT_ASSETS":null,"EQUITY_MULTIPLIER":5.228811253537,"EQUITY_RATIO":4.228811253527},{"SECUCODE":"02789.HK","SECURITY_CODE":"02789","SECURITY_NAME_ABBR":"远大中国","ORG_CODE":"10166582","STD_REPORT_DATE":"2021-12-31 00:00:00","REPORT_DATE":"2021-12-31 00:00:00","DATE_TYPE_CODE":"001","REPORT_TYPE":"2021年年报","PER_NETCASH_OPERATE":0.021601988425,"PER_OI":0.492090980222,"BPS":0.185544750347,"BASIC_EPS":-0.1604,"DILUTED_EPS":-0.1604,"OPERATE_INCOME":3055262000,"OPERATE_INCOME_YOY":11.6864041597,"GROSS_PROFIT":425797000,"GROSS_PROFIT_YOY":-5.754171148798,"HOLDER_PROFIT":-995829000,"HOLDER_PROFIT_YOY":-44.1924343891,"GROSS_PROFIT_RATIO":13.936513464312,"EPS_TTM":-0.160391635396,"OPERATE_INCOME_QOQ":-0.319732520908,"NET_PROFIT_RATIO":-32.5938986575,"ROE_AVG":-61.229974636846,"GROSS_PROFIT_QOQ":-18.678332149214,"ROA":-13.140343837341,"HOLDER_PROFIT_QOQ":-127.427797545368,"ROE_YEARLY":-61.229974636846,"ROIC_YEARLY":-17.371318743514,"TOTAL_ASSETS":6780350000,"TOTAL_LIABILITIES":5628352000,"TAX_EBT":-5.755420896017,"OCF_SALES":4.389836288999,"TOTAL_PARENT_EQUITY":1151998000,"DEBT_ASSET_RATIO":83.0097561335,"OPERATE_PROFIT":-838774000,"PRETAX_PROFIT":-941634000,"NETCASH_OPERATE":134121000,"NETCASH_INVEST":55419000,"NETCASH_FINANCE":-406644000,"END_CASH":284219000,"DIVI_RATIO":null,"DIVIDEND_RATE":null,"CURRENT_RATIO":1.161146442325,"COMMON_ACS":12000000000,"CURRENTDEBT_DEBT":89.718517960497,"ISSUED_COMMON_SHARES":6208734000,"HK_COMMON_SHARES":6208734000,"PER_SHARES":2000,"TOTAL_MARKET_CAP":614664666,"HKSK_MARKET_CAP":614664666,"PE_TTM":22.280393388492,"PB_TTM":0.651183693673,"REPORT_DATE_SQ":"2020-12-31 00:00:00","REPORT_TYPE_SQ":"2020年年报","OPERATE_INCOME_SQ":2735572000,"DPS_HKD":null,"OPERATE_INCOME_QOQ_SQ":-18.205428588685,"NET_PROFIT_RATIO_SQ":-25.2460911283,"HOLDER_PROFIT_SQ":-690625000,"HOLDER_PROFIT_QOQ_SQ":-612.226840058989,"ROE_AVG_SQ":-28.582827706129,"PE_TTM_SQ":3.780023971887,"PB_TTM_SQ":0.321353186026,"ROA_SQ":-7.712338619489,"START_DATE":"2021-01-01 00:00:00","FISCAL_YEAR":"12-31","CURRENCY":"HKD","IS_CNY_CODE":0,"DPS_HKD_LY":null,"ORG_TYPE":"一般企业","PREMIUM_INCOME":null,"PREMIUM_INCOME_YOY":null,"NET_INTEREST_INCOME":null,"NET_INTEREST_INCOME_YOY":null,"FEE_COMMISSION_INCOME":null,"FEE_COMMISSION_INCOME_YOY":null,"ACCOUNTS_RECE_TDAYS":1.482173480442,"INVENTORY_TDAYS":6.586167986464,"CURRENT_ASSETS_TDAYS":0.461537648121,"TOTAL_ASSETS_TDAYS":0.403153485118,"PREMIUM_EXPENSE":null,"LOAN_DEPOSIT":null,"LOAN_EQUITY":null,"LOAN_ASSETS":null,"DEPOSIT_EQUITY":null,"DEPOSIT_ASSETS":null,"EQUITY_MULTIPLIER":5.885730704382,"EQUITY_RATIO":4.885730704394},{"SECUCODE":"02789.HK","SECURITY_CODE":"02789","SECURITY_NAME_ABBR":"远大中国","ORG_CODE":"10166582","STD_REPORT_DATE":"2021-06-30 00:00:00","REPORT_DATE":"2021-06-30 00:00:00","DATE_TYPE_CODE":"002","REPORT_TYPE":"2021年中报","PER_NETCASH_OPERATE":-0.044496027693,"PER_OI":0.232306940513,"BPS":0.342336618061,"BASIC_EPS":0.001,"DILUTED_EPS":0.001,"OPERATE_INCOME":1442332000,"OPERATE_INCOME_YOY":29.6079766939,"GROSS_PROFIT":287109000,"GROSS_PROFIT_YOY":33.348660285081,"HOLDER_PROFIT":6245000,"HOLDER_PROFIT_YOY":102.5333246793,"GROSS_PROFIT_RATIO":19.905888519426,"EPS_TTM":-0.070524200264,"OPERATE_INCOME_QOQ":12.044647335183,"NET_PROFIT_RATIO":0.4329793695,"ROE_AVG":0.295535334219,"GROSS_PROFIT_QOQ":15.892641336538,"ROA":0.07774750114,"HOLDER_PROFIT_QOQ":36.598588235294,"ROE_YEARLY":0.591070668438,"ROIC_YEARLY":0.197576156592,"TOTAL_ASSETS":7688357000,"TOTAL_LIABILITIES":5562880000,"TAX_EBT":67.018748349617,"OCF_SALES":-19.15398119157,"TOTAL_PARENT_EQUITY":2125477000,"DEBT_ASSET_RATIO":72.3546005993,"OPERATE_PROFIT":53961000,"PRETAX_PROFIT":18935000,"NETCASH_OPERATE":-276264000,"NETCASH_INVEST":88319000,"NETCASH_FINANCE":-120797000,"END_CASH":196182000,"DIVI_RATIO":null,"DIVIDEND_RATE":null,"CURRENT_RATIO":1.356550664119,"COMMON_ACS":12000000000,"CURRENTDEBT_DEBT":89.412049154395,"ISSUED_COMMON_SHARES":6208734000,"HK_COMMON_SHARES":6208734000,"PER_SHARES":2000,"TOTAL_MARKET_CAP":614664666,"HKSK_MARKET_CAP":614664666,"PE_TTM":22.280393388492,"PB_TTM":0.651183693673,"REPORT_DATE_SQ":"2020-06-30 00:00:00","REPORT_TYPE_SQ":"2020年中报","OPERATE_INCOME_SQ":1112842000,"DPS_HKD":null,"OPERATE_INCOME_QOQ_SQ":-17.242449309657,"NET_PROFIT_RATIO_SQ":-22.1517520007,"HOLDER_PROFIT_SQ":-246514000,"HOLDER_PROFIT_QOQ_SQ":-207.957025161434,"ROE_AVG_SQ":-9.518560041424,"PE_TTM_SQ":3.780023971887,"PB_TTM_SQ":0.321353186026,"ROA_SQ":-2.655964259324,"START_DATE":"2021-01-01 00:00:00","FISCAL_YEAR":"12-31","CURRENCY":"HKD","IS_CNY_CODE":0,"DPS_HKD_LY":null,"ORG_TYPE":"一般企业","PREMIUM_INCOME":null,"PREMIUM_INCOME_YOY":null,"NET_INTEREST_INCOME":null,"NET_INTEREST_INCOME_YOY":null,"FEE_COMMISSION_INCOME":null,"FEE_COMMISSION_INCOME_YOY":null,"ACCOUNTS_RECE_TDAYS":0.597022734418,"INVENTORY_TDAYS":3.448303344358,"CURRENT_ASSETS_TDAYS":0.204247020266,"TOTAL_ASSETS_TDAYS":0.179563985291,"PREMIUM_EXPENSE":null,"LOAN_DEPOSIT":null,"LOAN_EQUITY":null,"LOAN_ASSETS":null,"DEPOSIT_EQUITY":null,"DEPOSIT_ASSETS":null,"EQUITY_MULTIPLIER":3.617238389309,"EQUITY_RATIO":2.617238389312},{"SECUCODE":"02789.HK","SECURITY_CODE":"02789","SECURITY_NAME_ABBR":"远大中国","ORG_CODE":"10166582","STD_REPORT_DATE":"2020-12-31 00:00:00","REPORT_DATE":"2020-12-31 00:00:00","DATE_TYPE_CODE":"001","REPORT_TYPE":"2020年年报","PER_NETCASH_OPERATE":0.001644296567,"PER_OI":0.440600611977,"BPS":0.33835432473,"BASIC_EPS":-0.1112,"DILUTED_EPS":-0.1112,"OPERATE_INCOME":2735572000,"OPERATE_INCOME_YOY":-32.3088161023,"GROSS_PROFIT":451794000,"GROSS_PROFIT_YOY":-54.425744651662,"HOLDER_PROFIT":-690625000,"HOLDER_PROFIT_YOY":-868.898908929,"GROSS_PROFIT_RATIO":16.515522165017,"EPS_TTM":-0.111234432011,"OPERATE_INCOME_QOQ":-18.205428588685,"NET_PROFIT_RATIO":-25.2460911283,"ROE_AVG":-28.582827706129,"GROSS_PROFIT_QOQ":-46.153910329219,"ROA":-7.712338619489,"HOLDER_PROFIT_QOQ":-612.226840058989,"ROE_YEARLY":-28.582827706129,"ROIC_YEARLY":-9.852742778894,"TOTAL_ASSETS":8376468000,"TOTAL_LIABILITIES":6275716000,"TAX_EBT":-16.912016142957,"OCF_SALES":0.373194344729,"TOTAL_PARENT_EQUITY":2100752000,"DEBT_ASSET_RATIO":74.9207900036,"OPERATE_PROFIT":-363080000,"PRETAX_PROFIT":-590722000,"NETCASH_OPERATE":10209000,"NETCASH_INVEST":323187000,"NETCASH_FINANCE":-375926000,"END_CASH":508565000,"DIVI_RATIO":null,"DIVIDEND_RATE":null,"CURRENT_RATIO":1.297219064409,"COMMON_ACS":12000000000,"CURRENTDEBT_DEBT":90.604354945316,"ISSUED_COMMON_SHARES":6208734000,"HK_COMMON_SHARES":6208734000,"PER_SHARES":2000,"TOTAL_MARKET_CAP":614664666,"HKSK_MARKET_CAP":614664666,"PE_TTM":22.280393388492,"PB_TTM":0.651183693673,"REPORT_DATE_SQ":"2019-12-31 00:00:00","REPORT_TYPE_SQ":"2019年年报","OPERATE_INCOME_SQ":4041253000,"DPS_HKD":null,"OPERATE_INCOME_QOQ_SQ":-4.852747596334,"NET_PROFIT_RATIO_SQ":2.2225779975,"HOLDER_PROFIT_SQ":89820000,"HOLDER_PROFIT_QOQ_SQ":-0.996428728892,"ROE_AVG_SQ":3.302313936007,"PE_TTM_SQ":3.780023971887,"PB_TTM_SQ":0.321353186026,"ROA_SQ":0.916787499844,"START_DATE":"2020-01-01 00:00:00","FISCAL_YEAR":"12-31","CURRENCY":"HKD","IS_CNY_CODE":0,"DPS_HKD_LY":null,"ORG_TYPE":"一般企业","PREMIUM_INCOME":null,"PREMIUM_INCOME_YOY":null,"NET_INTEREST_INCOME":null,"NET_INTEREST_INCOME_YOY":null,"FEE_COMMISSION_INCOME":null,"FEE_COMMISSION_INCOME_YOY":null,"ACCOUNTS_RECE_TDAYS":1.002501882734,"INVENTORY_TDAYS":6.634916300123,"CURRENT_ASSETS_TDAYS":0.346818981548,"TOTAL_ASSETS_TDAYS":0.305486444626,"PREMIUM_EXPENSE":null,"LOAN_DEPOSIT":null,"LOAN_EQUITY":null,"LOAN_ASSETS":null,"DEPOSIT_EQUITY":null,"DEPOSIT_ASSETS":null,"EQUITY_MULTIPLIER":3.987366428781,"EQUITY_RATIO":2.987366428784},{"SECUCODE":"02789.HK","SECURITY_CODE":"02789","SECURITY_NAME_ABBR":"远大中国","ORG_CODE":"10166582","STD_REPORT_DATE":"2020-06-30 00:00:00","REPORT_DATE":"2020-06-30 00:00:00","DATE_TYPE_CODE":"002","REPORT_TYPE":"2020年中报","PER_NETCASH_OPERATE":-0.150278301502,"PER_OI":0.179238150644,"BPS":0.394275870089,"BASIC_EPS":-0.0397,"DILUTED_EPS":-0.0397,"OPERATE_INCOME":1112842000,"OPERATE_INCOME_YOY":-38.5052272452,"GROSS_PROFIT":215307000,"GROSS_PROFIT_YOY":-41.428361570855,"HOLDER_PROFIT":-246514000,"HOLDER_PROFIT_YOY":-312.7346091382,"GROSS_PROFIT_RATIO":19.347490479331,"EPS_TTM":-0.015617837711,"OPERATE_INCOME_QOQ":-17.242449309657,"NET_PROFIT_RATIO":-22.1517520007,"ROE_AVG":-9.518560041424,"GROSS_PROFIT_QOQ":-15.361996336257,"ROA":-2.655964259324,"HOLDER_PROFIT_QOQ":-207.957025161434,"ROE_YEARLY":-19.037120082847,"ROIC_YEARLY":-6.660631909464,"TOTAL_ASSETS":9029906000,"TOTAL_LIABILITIES":6581952000,"TAX_EBT":1.582181198274,"OCF_SALES":-83.842809671094,"TOTAL_PARENT_EQUITY":2447954000,"DEBT_ASSET_RATIO":72.8905926595,"OPERATE_PROFIT":-235131000,"PRETAX_PROFIT":-250477000,"NETCASH_OPERATE":-933038000,"NETCASH_INVEST":-142024000,"NETCASH_FINANCE":826959000,"END_CASH":311027000,"DIVI_RATIO":null,"DIVIDEND_RATE":null,"CURRENT_RATIO":1.317773628775,"COMMON_ACS":12000000000,"CURRENTDEBT_DEBT":91.220963021304,"ISSUED_COMMON_SHARES":6208734000,"HK_COMMON_SHARES":6208734000,"PER_SHARES":2000,"TOTAL_MARKET_CAP":614664666,"HKSK_MARKET_CAP":614664666,"PE_TTM":22.280393388492,"PB_TTM":0.651183693673,"REPORT_DATE_SQ":"2019-06-30 00:00:00","REPORT_TYPE_SQ":"2019年中报","OPERATE_INCOME_SQ":1809653000,"DPS_HKD":null,"OPERATE_INCOME_QOQ_SQ":-7.980082778272,"NET_PROFIT_RATIO_SQ":-3.3004669956,"HOLDER_PROFIT_SQ":-59727000,"HOLDER_PROFIT_QOQ_SQ":14.667778915305,"ROE_AVG_SQ":-2.222892965286,"PE_TTM_SQ":3.780023971887,"PB_TTM_SQ":0.321353186026,"ROA_SQ":-0.61380069621,"START_DATE":"2020-01-01 00:00:00","FISCAL_YEAR":"12-31","CURRENCY":"HKD","IS_CNY_CODE":0,"DPS_HKD_LY":null,"ORG_TYPE":"一般企业","PREMIUM_INCOME":null,"PREMIUM_INCOME_YOY":null,"NET_INTEREST_INCOME":null,"NET_INTEREST_INCOME_YOY":null,"FEE_COMMISSION_INCOME":null,"FEE_COMMISSION_INCOME_YOY":null,"ACCOUNTS_RECE_TDAYS":0.379145469437,"INVENTORY_TDAYS":2.859830742858,"CURRENT_ASSETS_TDAYS":0.136451230918,"TOTAL_ASSETS_TDAYS":0.11989860934,"PREMIUM_EXPENSE":null,"LOAN_DEPOSIT":null,"LOAN_EQUITY":null,"LOAN_ASSETS":null,"DEPOSIT_EQUITY":null,"DEPOSIT_ASSETS":null,"EQUITY_MULTIPLIER":3.688756406364,"EQUITY_RATIO":2.68875640637}],"count":31},"success":true,"message":"ok","code":0}