{"version":"826f16a0c96eac28c259fef2a5795e6e","result":{"pages":3,"data":[{"SECUCODE":"02799.HK","SECURITY_CODE":"02799","SECURITY_NAME_ABBR":"中信金融资产","ORG_CODE":"10012572","STD_REPORT_DATE":"2024-06-30 00:00:00","REPORT_DATE":"2024-06-30 00:00:00","DATE_TYPE_CODE":"002","REPORT_TYPE":"2024年中报","PER_NETCASH_OPERATE":0.802363770871,"PER_OI":0.377049497366,"BPS":0.410162593529,"BASIC_EPS":0.056,"DILUTED_EPS":0.056,"OPERATE_INCOME":30256970000,"OPERATE_INCOME_YOY":-7.3255096306,"GROSS_PROFIT":null,"GROSS_PROFIT_YOY":null,"HOLDER_PROFIT":5332268000,"HOLDER_PROFIT_YOY":210.6703981111,"GROSS_PROFIT_RATIO":null,"EPS_TTM":0.148500363398,"OPERATE_INCOME_QOQ":-3.155246247281,"NET_PROFIT_RATIO":17.42490408,"ROE_AVG":10.578894873915,"GROSS_PROFIT_QOQ":null,"ROA":0.527048484419,"HOLDER_PROFIT_QOQ":574.690543362995,"ROE_YEARLY":21.15778974783,"ROIC_YEARLY":1.132353415158,"TOTAL_ASSETS":1055341797000,"TOTAL_LIABILITIES":1002636744000,"TAX_EBT":3.226344676734,"OCF_SALES":212.800647255822,"TOTAL_PARENT_EQUITY":52814186000,"DEBT_ASSET_RATIO":95.0058783657,"OPERATE_PROFIT":1500076000,"PRETAX_PROFIT":4752778000,"NETCASH_OPERATE":64387028000,"NETCASH_INVEST":-41669791000,"NETCASH_FINANCE":-16857139000,"END_CASH":79048275000,"DIVI_RATIO":null,"DIVIDEND_RATE":null,"CURRENT_RATIO":1.27413336539,"COMMON_ACS":null,"CURRENTDEBT_DEBT":68.777336071777,"ISSUED_COMMON_SHARES":80246679047,"HK_COMMON_SHARES":35362261280,"PER_SHARES":1000,"TOTAL_MARKET_CAP":56172675332.9,"HKSK_MARKET_CAP":24753582896,"PE_TTM":4.315224575907,"PB_TTM":1.557616443039,"REPORT_DATE_SQ":"2023-06-30 00:00:00","REPORT_TYPE_SQ":"2023年中报","OPERATE_INCOME_SQ":32648650000,"DPS_HKD":null,"OPERATE_INCOME_QOQ_SQ":56.105176179697,"NET_PROFIT_RATIO_SQ":-16.7978902641,"HOLDER_PROFIT_SQ":-4818152000,"HOLDER_PROFIT_QOQ_SQ":50.580524597144,"ROE_AVG_SQ":-11.089662494197,"PE_TTM_SQ":-1.900208484774,"PB_TTM_SQ":1.277572373694,"ROA_SQ":-0.520098923859,"START_DATE":"2024-01-01 00:00:00","FISCAL_YEAR":"12-31","CURRENCY":"HKD","IS_CNY_CODE":0,"DPS_HKD_LY":null,"ORG_TYPE":"证券","PREMIUM_INCOME":null,"PREMIUM_INCOME_YOY":null,"NET_INTEREST_INCOME":4428729000,"NET_INTEREST_INCOME_YOY":null,"FEE_COMMISSION_INCOME":64389000,"FEE_COMMISSION_INCOME_YOY":-23.062492531963,"ACCOUNTS_RECE_TDAYS":null,"INVENTORY_TDAYS":null,"CURRENT_ASSETS_TDAYS":0.035132537478,"TOTAL_ASSETS_TDAYS":0.029906392892,"PREMIUM_EXPENSE":null,"LOAN_DEPOSIT":null,"LOAN_EQUITY":null,"LOAN_ASSETS":null,"DEPOSIT_EQUITY":null,"DEPOSIT_ASSETS":null,"EQUITY_MULTIPLIER":20.023541139485,"EQUITY_RATIO":18.984231698658},{"SECUCODE":"02799.HK","SECURITY_CODE":"02799","SECURITY_NAME_ABBR":"中信金融资产","ORG_CODE":"10012572","STD_REPORT_DATE":"2023-12-31 00:00:00","REPORT_DATE":"2023-12-31 00:00:00","DATE_TYPE_CODE":"001","REPORT_TYPE":"2023年年报","PER_NETCASH_OPERATE":0.239832604023,"PER_OI":0.944588697005,"BPS":0.350112444947,"BASIC_EPS":0.022,"DILUTED_EPS":0.022,"OPERATE_INCOME":75800106000,"OPERATE_INCOME_YOY":105.2354904736,"GROSS_PROFIT":null,"GROSS_PROFIT_YOY":null,"HOLDER_PROFIT":1766241000,"HOLDER_PROFIT_YOY":106.4024049749,"GROSS_PROFIT_RATIO":null,"EPS_TTM":0.022010144482,"OPERATE_INCOME_QOQ":30.30549289316,"NET_PROFIT_RATIO":0.2797792921,"ROE_AVG":3.628684895643,"GROSS_PROFIT_QOQ":null,"ROA":0.183655425085,"HOLDER_PROFIT_QOQ":112.958073439948,"ROE_YEARLY":3.628684895643,"ROIC_YEARLY":0.201918578663,"TOTAL_ASSETS":968103164000,"TOTAL_LIABILITIES":920066402000,"TAX_EBT":80.207839477368,"OCF_SALES":25.39016238315,"TOTAL_PARENT_EQUITY":47995361000,"DEBT_ASSET_RATIO":95.0380534032,"OPERATE_PROFIT":470360000,"PRETAX_PROFIT":1071500000,"NETCASH_OPERATE":19245770000,"NETCASH_INVEST":-11701664000,"NETCASH_FINANCE":-30920263000,"END_CASH":73180960000,"DIVI_RATIO":null,"DIVIDEND_RATE":null,"CURRENT_RATIO":1.234767418787,"COMMON_ACS":null,"CURRENTDEBT_DEBT":74.184978879383,"ISSUED_COMMON_SHARES":80246679047,"HK_COMMON_SHARES":35362261280,"PER_SHARES":1000,"TOTAL_MARKET_CAP":52160341380.55,"HKSK_MARKET_CAP":22985469832,"PE_TTM":4.006994249057,"PB_TTM":1.446358125679,"REPORT_DATE_SQ":"2022-12-31 00:00:00","REPORT_TYPE_SQ":"2022年年报","OPERATE_INCOME_SQ":36933235000,"DPS_HKD":null,"OPERATE_INCOME_QOQ_SQ":-49.927547912519,"NET_PROFIT_RATIO_SQ":-74.5659453285,"HOLDER_PROFIT_SQ":-27587149000,"HOLDER_PROFIT_QOQ_SQ":-47.91810529852,"ROE_AVG_SQ":-51.85842021454,"PE_TTM_SQ":-2.353989615467,"PB_TTM_SQ":1.58266428383,"ROA_SQ":-2.185724598982,"START_DATE":"2023-01-01 00:00:00","FISCAL_YEAR":"12-31","CURRENCY":"HKD","IS_CNY_CODE":0,"DPS_HKD_LY":null,"ORG_TYPE":"证券","PREMIUM_INCOME":null,"PREMIUM_INCOME_YOY":null,"NET_INTEREST_INCOME":13128018000,"NET_INTEREST_INCOME_YOY":null,"FEE_COMMISSION_INCOME":198495000,"FEE_COMMISSION_INCOME_YOY":-14.993983049759,"ACCOUNTS_RECE_TDAYS":null,"INVENTORY_TDAYS":null,"CURRENT_ASSETS_TDAYS":0.087189478708,"TOTAL_ASSETS_TDAYS":0.078817673743,"PREMIUM_EXPENSE":null,"LOAN_DEPOSIT":null,"LOAN_EQUITY":null,"LOAN_ASSETS":null,"DEPOSIT_EQUITY":null,"DEPOSIT_ASSETS":null,"EQUITY_MULTIPLIER":20.153380946198,"EQUITY_RATIO":19.169902732891},{"SECUCODE":"02799.HK","SECURITY_CODE":"02799","SECURITY_NAME_ABBR":"中信金融资产","ORG_CODE":"10012572","STD_REPORT_DATE":"2023-06-30 00:00:00","REPORT_DATE":"2023-06-30 00:00:00","DATE_TYPE_CODE":"002","REPORT_TYPE":"2023年中报","PER_NETCASH_OPERATE":0.169908127812,"PER_OI":0.406853596781,"BPS":0.241757967188,"BASIC_EPS":-0.071,"DILUTED_EPS":-0.071,"OPERATE_INCOME":32648650000,"OPERATE_INCOME_YOY":141.8217915971,"GROSS_PROFIT":null,"GROSS_PROFIT_YOY":null,"HOLDER_PROFIT":-4818152000,"HOLDER_PROFIT_YOY":73.9446281076,"GROSS_PROFIT_RATIO":null,"EPS_TTM":-0.169856611661,"OPERATE_INCOME_QOQ":56.105176179697,"NET_PROFIT_RATIO":-16.7978902641,"ROE_AVG":-11.089662494197,"GROSS_PROFIT_QOQ":null,"ROA":-0.520098923859,"HOLDER_PROFIT_QOQ":50.580524597144,"ROE_YEARLY":-22.179324988395,"ROIC_YEARLY":-1.151991990495,"TOTAL_ASSETS":934968244000,"TOTAL_LIABILITIES":895645950000,"TAX_EBT":-24.737277159434,"OCF_SALES":38.246882323349,"TOTAL_PARENT_EQUITY":39300274000,"DEBT_ASSET_RATIO":95.7942642167,"OPERATE_PROFIT":-5003490000,"PRETAX_PROFIT":-4938284000,"NETCASH_OPERATE":13634563000,"NETCASH_INVEST":-12958093000,"NETCASH_FINANCE":-14869453000,"END_CASH":83011748000,"DIVI_RATIO":null,"DIVIDEND_RATE":null,"CURRENT_RATIO":1.297727354778,"COMMON_ACS":null,"CURRENTDEBT_DEBT":72.720429986872,"ISSUED_COMMON_SHARES":80246679047,"HK_COMMON_SHARES":35362261280,"PER_SHARES":1000,"TOTAL_MARKET_CAP":52160341380.55,"HKSK_MARKET_CAP":22985469832,"PE_TTM":4.006994249057,"PB_TTM":1.446358125679,"REPORT_DATE_SQ":"2022-06-30 00:00:00","REPORT_TYPE_SQ":"2022年中报","OPERATE_INCOME_SQ":14741774000,"DPS_HKD":null,"OPERATE_INCOME_QOQ_SQ":-20.035772981595,"NET_PROFIT_RATIO_SQ":-126.2352889143,"HOLDER_PROFIT_SQ":-18866359000,"HOLDER_PROFIT_QOQ_SQ":-5026.66305568399,"ROE_AVG_SQ":-32.211131016701,"PE_TTM_SQ":-2.353989615467,"PB_TTM_SQ":1.58266428383,"ROA_SQ":-1.481610306894,"START_DATE":"2023-01-01 00:00:00","FISCAL_YEAR":"12-31","CURRENCY":"HKD","IS_CNY_CODE":0,"DPS_HKD_LY":null,"ORG_TYPE":"证券","PREMIUM_INCOME":null,"PREMIUM_INCOME_YOY":null,"NET_INTEREST_INCOME":3988011000,"NET_INTEREST_INCOME_YOY":null,"FEE_COMMISSION_INCOME":83690000,"FEE_COMMISSION_INCOME_YOY":-48.010883609979,"ACCOUNTS_RECE_TDAYS":null,"INVENTORY_TDAYS":null,"CURRENT_ASSETS_TDAYS":0.040971998036,"TOTAL_ASSETS_TDAYS":0.037717749169,"PREMIUM_EXPENSE":null,"LOAN_DEPOSIT":null,"LOAN_EQUITY":null,"LOAN_ASSETS":null,"DEPOSIT_EQUITY":null,"DEPOSIT_ASSETS":null,"EQUITY_MULTIPLIER":23.777052376204,"EQUITY_RATIO":22.789814391625},{"SECUCODE":"02799.HK","SECURITY_CODE":"02799","SECURITY_NAME_ABBR":"中信金融资产","ORG_CODE":"10012572","STD_REPORT_DATE":"2022-12-31 00:00:00","REPORT_DATE":"2022-12-31 00:00:00","DATE_TYPE_CODE":"001","REPORT_TYPE":"2022年年报","PER_NETCASH_OPERATE":-0.418419097198,"PER_OI":0.460246273598,"BPS":0.338043272596,"BASIC_EPS":-0.344,"DILUTED_EPS":-0.344,"OPERATE_INCOME":36933235000,"OPERATE_INCOME_YOY":-45.2755412099,"GROSS_PROFIT":null,"GROSS_PROFIT_YOY":null,"HOLDER_PROFIT":-27587149000,"HOLDER_PROFIT_YOY":-7387.4266464099,"GROSS_PROFIT_RATIO":null,"EPS_TTM":-0.343703793447,"OPERATE_INCOME_QOQ":-49.927547912519,"NET_PROFIT_RATIO":-74.5659453285,"ROE_AVG":-51.85842021454,"GROSS_PROFIT_QOQ":null,"ROA":-2.185724598982,"HOLDER_PROFIT_QOQ":-47.91810529852,"ROE_YEARLY":-51.85842021454,"ROIC_YEARLY":-2.341153183724,"TOTAL_ASSETS":957803943000,"TOTAL_LIABILITIES":907059960000,"TAX_EBT":10.215286176085,"OCF_SALES":-90.104977113719,"TOTAL_PARENT_EQUITY":49353461000,"DEBT_ASSET_RATIO":94.9358256551,"OPERATE_PROFIT":-37868690000,"PRETAX_PROFIT":-37185899000,"NETCASH_OPERATE":-33576743000,"NETCASH_INVEST":8577936000,"NETCASH_FINANCE":-57847886000,"END_CASH":96754497000,"DIVI_RATIO":null,"DIVIDEND_RATE":null,"CURRENT_RATIO":1.382496895606,"COMMON_ACS":null,"CURRENTDEBT_DEBT":71.289679240168,"ISSUED_COMMON_SHARES":80246679047,"HK_COMMON_SHARES":35362261280,"PER_SHARES":1000,"TOTAL_MARKET_CAP":52160341380.55,"HKSK_MARKET_CAP":22985469832,"PE_TTM":4.006994249057,"PB_TTM":1.446358125679,"REPORT_DATE_SQ":"2021-12-31 00:00:00","REPORT_TYPE_SQ":"2021年年报","OPERATE_INCOME_SQ":68093916000,"DPS_HKD":null,"OPERATE_INCOME_QOQ_SQ":21.051409133284,"NET_PROFIT_RATIO_SQ":2.1340200423,"HOLDER_PROFIT_SQ":378475000,"HOLDER_PROFIT_QOQ_SQ":100.367613470348,"ROE_AVG_SQ":0.976727334129,"PE_TTM_SQ":-2.353989615467,"PB_TTM_SQ":1.58266428383,"ROA_SQ":0.023581813668,"START_DATE":"2022-01-01 00:00:00","FISCAL_YEAR":"12-31","CURRENCY":"HKD","IS_CNY_CODE":0,"DPS_HKD_LY":null,"ORG_TYPE":"证券","PREMIUM_INCOME":null,"PREMIUM_INCOME_YOY":null,"NET_INTEREST_INCOME":11225412000,"NET_INTEREST_INCOME_YOY":null,"FEE_COMMISSION_INCOME":233507000,"FEE_COMMISSION_INCOME_YOY":-43.583170651565,"ACCOUNTS_RECE_TDAYS":null,"INVENTORY_TDAYS":null,"CURRENT_ASSETS_TDAYS":0.031238107751,"TOTAL_ASSETS_TDAYS":0.029530706139,"PREMIUM_EXPENSE":null,"LOAN_DEPOSIT":null,"LOAN_EQUITY":null,"LOAN_ASSETS":null,"DEPOSIT_EQUITY":null,"DEPOSIT_ASSETS":null,"EQUITY_MULTIPLIER":19.746555546751,"EQUITY_RATIO":18.378852093068},{"SECUCODE":"02799.HK","SECURITY_CODE":"02799","SECURITY_NAME_ABBR":"中信金融资产","ORG_CODE":"10012572","STD_REPORT_DATE":"2022-06-30 00:00:00","REPORT_DATE":"2022-06-30 00:00:00","DATE_TYPE_CODE":"002","REPORT_TYPE":"2022年中报","PER_NETCASH_OPERATE":-0.753666553161,"PER_OI":0.183705720599,"BPS":0.47226861535,"BASIC_EPS":-0.235,"DILUTED_EPS":-0.235,"OPERATE_INCOME":14741774000,"OPERATE_INCOME_YOY":-55.8476759204,"GROSS_PROFIT":null,"GROSS_PROFIT_YOY":null,"HOLDER_PROFIT":-18866359000,"HOLDER_PROFIT_YOY":-12017.8030877299,"GROSS_PROFIT_RATIO":null,"EPS_TTM":-0.232360868031,"OPERATE_INCOME_QOQ":-20.035772981595,"NET_PROFIT_RATIO":-126.2352889143,"ROE_AVG":-32.211131016701,"GROSS_PROFIT_QOQ":null,"ROA":-1.481610306894,"HOLDER_PROFIT_QOQ":-5026.66305568399,"ROE_YEARLY":-64.422262033401,"ROIC_YEARLY":-3.184887514517,"TOTAL_ASSETS":978315226000,"TOTAL_LIABILITIES":912192482000,"TAX_EBT":11.078059674848,"OCF_SALES":-410.25753074223,"TOTAL_PARENT_EQUITY":57797988000,"DEBT_ASSET_RATIO":93.2411617194,"OPERATE_PROFIT":-24573558000,"PRETAX_PROFIT":-24031230000,"NETCASH_OPERATE":-60479238000,"NETCASH_INVEST":14574464000,"NETCASH_FINANCE":-33215503000,"END_CASH":100653311000,"DIVI_RATIO":null,"DIVIDEND_RATE":null,"CURRENT_RATIO":1.400989200903,"COMMON_ACS":null,"CURRENTDEBT_DEBT":71.850658378919,"ISSUED_COMMON_SHARES":80246679047,"HK_COMMON_SHARES":35362261280,"PER_SHARES":1000,"TOTAL_MARKET_CAP":52160341380.55,"HKSK_MARKET_CAP":22985469832,"PE_TTM":4.006994249057,"PB_TTM":1.446358125679,"REPORT_DATE_SQ":"2021-06-30 00:00:00","REPORT_TYPE_SQ":"2021年中报","OPERATE_INCOME_SQ":33388444000,"DPS_HKD":null,"OPERATE_INCOME_QOQ_SQ":0.489651360572,"NET_PROFIT_RATIO_SQ":3.5261399927,"HOLDER_PROFIT_SQ":158304000,"HOLDER_PROFIT_QOQ_SQ":-0.050158891883,"ROE_AVG_SQ":0.847294018421,"PE_TTM_SQ":-2.353989615467,"PB_TTM_SQ":1.58266428383,"ROA_SQ":0.009750532535,"START_DATE":"2022-01-01 00:00:00","FISCAL_YEAR":"12-31","CURRENCY":"HKD","IS_CNY_CODE":0,"DPS_HKD_LY":null,"ORG_TYPE":"证券","PREMIUM_INCOME":null,"PREMIUM_INCOME_YOY":null,"NET_INTEREST_INCOME":5580726000,"NET_INTEREST_INCOME_YOY":null,"FEE_COMMISSION_INCOME":160976000,"FEE_COMMISSION_INCOME_YOY":-62.237647406559,"ACCOUNTS_RECE_TDAYS":null,"INVENTORY_TDAYS":null,"CURRENT_ASSETS_TDAYS":0.012238336309,"TOTAL_ASSETS_TDAYS":0.011576989657,"PREMIUM_EXPENSE":null,"LOAN_DEPOSIT":null,"LOAN_EQUITY":null,"LOAN_ASSETS":null,"DEPOSIT_EQUITY":null,"DEPOSIT_ASSETS":null,"EQUITY_MULTIPLIER":14.795442034326,"EQUITY_RATIO":15.782426232553},{"SECUCODE":"02799.HK","SECURITY_CODE":"02799","SECURITY_NAME_ABBR":"中信金融资产","ORG_CODE":"10012572","STD_REPORT_DATE":"2021-12-31 00:00:00","REPORT_DATE":"2021-12-31 00:00:00","DATE_TYPE_CODE":"001","REPORT_TYPE":"2021年年报","PER_NETCASH_OPERATE":1.189128150015,"PER_OI":0.848557433263,"BPS":0.739518104734,"BASIC_EPS":0.01,"DILUTED_EPS":0.01,"OPERATE_INCOME":68093916000,"OPERATE_INCOME_YOY":23.4226152834,"GROSS_PROFIT":null,"GROSS_PROFIT_YOY":null,"HOLDER_PROFIT":378475000,"HOLDER_PROFIT_YOY":100.3677978612,"GROSS_PROFIT_RATIO":null,"EPS_TTM":0.004716394554,"OPERATE_INCOME_QOQ":21.051409133284,"NET_PROFIT_RATIO":2.1340200423,"ROE_AVG":0.976727334129,"GROSS_PROFIT_QOQ":null,"ROA":0.023581813668,"HOLDER_PROFIT_QOQ":100.367613470348,"ROE_YEARLY":0.976727334129,"ROIC_YEARLY":0.024637241775,"TOTAL_ASSETS":1568421782000,"TOTAL_LIABILITIES":1464437355000,"TAX_EBT":245.089696418835,"OCF_SALES":102.53226373127,"TOTAL_PARENT_EQUITY":59343872000,"DEBT_ASSET_RATIO":93.3701235093,"OPERATE_PROFIT":3853554000,"PRETAX_PROFIT":1718519000,"NETCASH_OPERATE":95423585000,"NETCASH_INVEST":43413381000,"NETCASH_FINANCE":-92345993000,"END_CASH":179637223000,"DIVI_RATIO":null,"DIVIDEND_RATE":null,"CURRENT_RATIO":1.378135218151,"COMMON_ACS":null,"CURRENTDEBT_DEBT":73.872177550401,"ISSUED_COMMON_SHARES":80246679047,"HK_COMMON_SHARES":35362261280,"PER_SHARES":1000,"TOTAL_MARKET_CAP":52160341380.55,"HKSK_MARKET_CAP":22985469832,"PE_TTM":4.006994249057,"PB_TTM":1.446358125679,"REPORT_DATE_SQ":"2020-12-31 00:00:00","REPORT_TYPE_SQ":"2020年年报","OPERATE_INCOME_SQ":75405051000,"DPS_HKD":null,"OPERATE_INCOME_QOQ_SQ":-24.648524984785,"NET_PROFIT_RATIO_SQ":-138.9069936506,"HOLDER_PROFIT_SQ":-102902991000,"HOLDER_PROFIT_QOQ_SQ":-11529.5985588306,"ROE_AVG_SQ":-147.622698081738,"PE_TTM_SQ":-2.353989615467,"PB_TTM_SQ":1.58266428383,"ROA_SQ":-6.14992518457,"START_DATE":"2021-01-01 00:00:00","FISCAL_YEAR":"12-31","CURRENCY":"HKD","IS_CNY_CODE":0,"DPS_HKD_LY":null,"ORG_TYPE":"证券","PREMIUM_INCOME":null,"PREMIUM_INCOME_YOY":null,"NET_INTEREST_INCOME":13592094000,"NET_INTEREST_INCOME_YOY":null,"FEE_COMMISSION_INCOME":413896000,"FEE_COMMISSION_INCOME_YOY":-80.419404420555,"ACCOUNTS_RECE_TDAYS":null,"INVENTORY_TDAYS":null,"CURRENT_ASSETS_TDAYS":0.060841207933,"TOTAL_ASSETS_TDAYS":0.057987607221,"PREMIUM_EXPENSE":null,"LOAN_DEPOSIT":null,"LOAN_EQUITY":null,"LOAN_ASSETS":null,"DEPOSIT_EQUITY":null,"DEPOSIT_ASSETS":null,"EQUITY_MULTIPLIER":15.083237242847,"EQUITY_RATIO":24.677145350408},{"SECUCODE":"02799.HK","SECURITY_CODE":"02799","SECURITY_NAME_ABBR":"中信金融资产","ORG_CODE":"10012572","STD_REPORT_DATE":"2021-06-30 00:00:00","REPORT_DATE":"2021-06-30 00:00:00","DATE_TYPE_CODE":"002","REPORT_TYPE":"2021年中报","PER_NETCASH_OPERATE":0.777501047366,"PER_OI":0.854575527348,"BPS":0.239414655263,"BASIC_EPS":0.004,"DILUTED_EPS":0.004,"OPERATE_INCOME":33388444000,"OPERATE_INCOME_YOY":0.8199555046,"GROSS_PROFIT":null,"GROSS_PROFIT_YOY":null,"HOLDER_PROFIT":158304000,"HOLDER_PROFIT_YOY":-24.5880553928,"GROSS_PROFIT_RATIO":null,"EPS_TTM":-2.63511790832,"OPERATE_INCOME_QOQ":0.489651360572,"NET_PROFIT_RATIO":3.5261399927,"ROE_AVG":0.847294018421,"GROSS_PROFIT_QOQ":null,"ROA":0.009750532535,"HOLDER_PROFIT_QOQ":-0.050158891883,"ROE_YEARLY":1.694588036843,"ROIC_YEARLY":0.020393526947,"TOTAL_ASSETS":1605617150000,"TOTAL_LIABILITIES":1539863823000,"TAX_EBT":115.449898533634,"OCF_SALES":65.94768213121,"TOTAL_PARENT_EQUITY":19212231000,"DEBT_ASSET_RATIO":95.9047941784,"OPERATE_PROFIT":2842528000,"PRETAX_PROFIT":1710419000,"NETCASH_OPERATE":30377128000,"NETCASH_INVEST":35424536000,"NETCASH_FINANCE":-64842483000,"END_CASH":141259806000,"DIVI_RATIO":null,"DIVIDEND_RATE":null,"CURRENT_RATIO":2.081331086037,"COMMON_ACS":null,"CURRENTDEBT_DEBT":47.697115746838,"ISSUED_COMMON_SHARES":80246679047,"HK_COMMON_SHARES":35362261280,"PER_SHARES":1000,"TOTAL_MARKET_CAP":52160341380.55,"HKSK_MARKET_CAP":22985469832,"PE_TTM":4.006994249057,"PB_TTM":1.446358125679,"REPORT_DATE_SQ":"2020-06-30 00:00:00","REPORT_TYPE_SQ":"2020年中报","OPERATE_INCOME_SQ":45687845000,"DPS_HKD":null,"OPERATE_INCOME_QOQ_SQ":-9.872785956824,"NET_PROFIT_RATIO_SQ":1.7337258958,"HOLDER_PROFIT_SQ":209919000,"HOLDER_PROFIT_QOQ_SQ":-162.118584811349,"ROE_AVG_SQ":0.173681810049,"PE_TTM_SQ":-2.353989615467,"PB_TTM_SQ":1.58266428383,"ROA_SQ":0.012216927841,"START_DATE":"2021-01-01 00:00:00","FISCAL_YEAR":"12-31","CURRENCY":"HKD","IS_CNY_CODE":0,"DPS_HKD_LY":null,"ORG_TYPE":"证券","PREMIUM_INCOME":null,"PREMIUM_INCOME_YOY":null,"NET_INTEREST_INCOME":7223168000,"NET_INTEREST_INCOME_YOY":null,"FEE_COMMISSION_INCOME":426287000,"FEE_COMMISSION_INCOME_YOY":-62.129871052854,"ACCOUNTS_RECE_TDAYS":null,"INVENTORY_TDAYS":null,"CURRENT_ASSETS_TDAYS":0.029745249207,"TOTAL_ASSETS_TDAYS":0.028371586544,"PREMIUM_EXPENSE":null,"LOAN_DEPOSIT":null,"LOAN_EQUITY":null,"LOAN_ASSETS":null,"DEPOSIT_EQUITY":null,"DEPOSIT_ASSETS":null,"EQUITY_MULTIPLIER":24.418797090137,"EQUITY_RATIO":80.150182610234},{"SECUCODE":"02799.HK","SECURITY_CODE":"02799","SECURITY_NAME_ABBR":"中信金融资产","ORG_CODE":"10012572","STD_REPORT_DATE":"2020-12-31 00:00:00","REPORT_DATE":"2020-12-31 00:00:00","DATE_TYPE_CODE":"001","REPORT_TYPE":"2020年年报","PER_NETCASH_OPERATE":1.367507804622,"PER_OI":1.929988448189,"BPS":0.226236489978,"BASIC_EPS":-2.634,"DILUTED_EPS":-2.634,"OPERATE_INCOME":75405051000,"OPERATE_INCOME_YOY":-32.0878148283,"GROSS_PROFIT":null,"GROSS_PROFIT_YOY":null,"HOLDER_PROFIT":-102902991000,"HOLDER_PROFIT_YOY":-7324.1420439867,"GROSS_PROFIT_RATIO":null,"EPS_TTM":-2.633796825018,"OPERATE_INCOME_QOQ":-24.648524984785,"NET_PROFIT_RATIO":-138.9069936506,"ROE_AVG":-147.622698081738,"GROSS_PROFIT_QOQ":null,"ROA":-6.14992518457,"HOLDER_PROFIT_QOQ":-11529.5985588306,"ROE_YEARLY":-147.622698081738,"ROIC_YEARLY":-6.422252009288,"TOTAL_ASSETS":1641467036000,"TOTAL_LIABILITIES":1577210172000,"TAX_EBT":-3.445427897323,"OCF_SALES":69.83474443034,"TOTAL_PARENT_EQUITY":18154727000,"DEBT_ASSET_RATIO":96.0854002797,"OPERATE_PROFIT":-101533526000,"PRETAX_PROFIT":-102880487000,"NETCASH_OPERATE":53428815000,"NETCASH_INVEST":-2732736000,"NETCASH_FINANCE":-76756547000,"END_CASH":133154878000,"DIVI_RATIO":null,"DIVIDEND_RATE":null,"CURRENT_RATIO":2.027406605752,"COMMON_ACS":null,"CURRENTDEBT_DEBT":68.966012476364,"ISSUED_COMMON_SHARES":80246679047,"HK_COMMON_SHARES":35362261280,"PER_SHARES":1000,"TOTAL_MARKET_CAP":52160341380.55,"HKSK_MARKET_CAP":22985469832,"PE_TTM":4.006994249057,"PB_TTM":1.446358125679,"REPORT_DATE_SQ":"2019-12-31 00:00:00","REPORT_TYPE_SQ":"2019年年报","OPERATE_INCOME_SQ":112656509000,"DPS_HKD":null,"OPERATE_INCOME_QOQ_SQ":4.683495727562,"NET_PROFIT_RATIO_SQ":2.0143105979,"HOLDER_PROFIT_SQ":1424432000,"HOLDER_PROFIT_QOQ_SQ":-58.229368516372,"ROE_AVG_SQ":1.177708689494,"PE_TTM_SQ":-2.353989615467,"PB_TTM_SQ":1.58266428383,"ROA_SQ":0.083419658427,"START_DATE":"2020-01-01 00:00:00","FISCAL_YEAR":"12-31","CURRENCY":"HKD","IS_CNY_CODE":0,"DPS_HKD_LY":0.012039,"ORG_TYPE":"证券","PREMIUM_INCOME":null,"PREMIUM_INCOME_YOY":null,"NET_INTEREST_INCOME":36489238000,"NET_INTEREST_INCOME_YOY":null,"FEE_COMMISSION_INCOME":2113807000,"FEE_COMMISSION_INCOME_YOY":-18.567747880603,"ACCOUNTS_RECE_TDAYS":null,"INVENTORY_TDAYS":null,"CURRENT_ASSETS_TDAYS":0.047975226832,"TOTAL_ASSETS_TDAYS":0.045724169729,"PREMIUM_EXPENSE":null,"LOAN_DEPOSIT":null,"LOAN_EQUITY":null,"LOAN_ASSETS":null,"DEPOSIT_EQUITY":null,"DEPOSIT_ASSETS":null,"EQUITY_MULTIPLIER":25.545395990662,"EQUITY_RATIO":86.876006012098},{"SECUCODE":"02799.HK","SECURITY_CODE":"02799","SECURITY_NAME_ABBR":"中信金融资产","ORG_CODE":"10012572","STD_REPORT_DATE":"2020-06-30 00:00:00","REPORT_DATE":"2020-06-30 00:00:00","DATE_TYPE_CODE":"002","REPORT_TYPE":"2020年中报","PER_NETCASH_OPERATE":1.171020473169,"PER_OI":1.169378070876,"BPS":1.501239308974,"BASIC_EPS":0.005,"DILUTED_EPS":0.005,"OPERATE_INCOME":45687845000,"OPERATE_INCOME_YOY":-19.5780682339,"GROSS_PROFIT":null,"GROSS_PROFIT_YOY":null,"HOLDER_PROFIT":209919000,"HOLDER_PROFIT_YOY":-91.6671959377,"GROSS_PROFIT_RATIO":null,"EPS_TTM":-0.022647358047,"OPERATE_INCOME_QOQ":-9.872785956824,"NET_PROFIT_RATIO":1.7337258958,"ROE_AVG":0.173681810049,"GROSS_PROFIT_QOQ":null,"ROA":0.012216927841,"HOLDER_PROFIT_QOQ":-162.118584811349,"ROE_YEARLY":0.347363620098,"ROIC_YEARLY":0.025494823798,"TOTAL_ASSETS":1731514399000,"TOTAL_LIABILITIES":1563487114000,"TAX_EBT":79.62109377412,"OCF_SALES":100.140450922997,"TOTAL_PARENT_EQUITY":120469469000,"DEBT_ASSET_RATIO":90.2959348708,"OPERATE_PROFIT":4633243000,"PRETAX_PROFIT":3886872000,"NETCASH_OPERATE":45752014000,"NETCASH_INVEST":-14386242000,"NETCASH_FINANCE":-50316411000,"END_CASH":140313631000,"DIVI_RATIO":null,"DIVIDEND_RATE":null,"CURRENT_RATIO":1.536995994525,"COMMON_ACS":null,"CURRENTDEBT_DEBT":68.556229878848,"ISSUED_COMMON_SHARES":80246679047,"HK_COMMON_SHARES":35362261280,"PER_SHARES":1000,"TOTAL_MARKET_CAP":52160341380.55,"HKSK_MARKET_CAP":22985469832,"PE_TTM":4.006994249057,"PB_TTM":1.446358125679,"REPORT_DATE_SQ":"2019-06-30 00:00:00","REPORT_TYPE_SQ":"2019年中报","OPERATE_INCOME_SQ":56810181000,"DPS_HKD":null,"OPERATE_INCOME_QOQ_SQ":0.338597990043,"NET_PROFIT_RATIO_SQ":4.9501725756,"HOLDER_PROFIT_SQ":2519188000,"HOLDER_PROFIT_QOQ_SQ":116.447212664416,"ROE_AVG_SQ":2.070661725511,"PE_TTM_SQ":-2.353989615467,"PB_TTM_SQ":1.58266428383,"ROA_SQ":0.147172174383,"START_DATE":"2020-01-01 00:00:00","FISCAL_YEAR":"12-31","CURRENCY":"HKD","IS_CNY_CODE":0,"DPS_HKD_LY":0.012039,"ORG_TYPE":"证券","PREMIUM_INCOME":null,"PREMIUM_INCOME_YOY":null,"NET_INTEREST_INCOME":18412153000,"NET_INTEREST_INCOME_YOY":null,"FEE_COMMISSION_INCOME":1125655000,"FEE_COMMISSION_INCOME_YOY":-12.932214048199,"ACCOUNTS_RECE_TDAYS":null,"INVENTORY_TDAYS":null,"CURRENT_ASSETS_TDAYS":0.02795679635,"TOTAL_ASSETS_TDAYS":0.02658954671,"PREMIUM_EXPENSE":null,"LOAN_DEPOSIT":null,"LOAN_EQUITY":null,"LOAN_ASSETS":null,"DEPOSIT_EQUITY":null,"DEPOSIT_ASSETS":null,"EQUITY_MULTIPLIER":10.30495969149,"EQUITY_RATIO":12.97828509562}],"count":25},"success":true,"message":"ok","code":0}