{"version":"38478909b67db9f82886f6cbc19d2dec","result":{"pages":2,"data":[{"SECUCODE":"02798.HK","SECURITY_CODE":"02798","SECURITY_NAME_ABBR":"久泰邦达能源","ORG_CODE":"10923300","STD_REPORT_DATE":"2024-06-30 00:00:00","REPORT_DATE":"2024-06-30 00:00:00","DATE_TYPE_CODE":"002","REPORT_TYPE":"2024年中报","PER_NETCASH_OPERATE":0.023855625,"PER_OI":0.5426225,"BPS":1.85829125,"BASIC_EPS":0.161,"DILUTED_EPS":null,"OPERATE_INCOME":868196000,"OPERATE_INCOME_YOY":34.1098000083,"GROSS_PROFIT":481000000,"GROSS_PROFIT_YOY":52.077069244073,"HOLDER_PROFIT":257586000,"HOLDER_PROFIT_YOY":70.8401867671,"GROSS_PROFIT_RATIO":55.402236361375,"EPS_TTM":0.381876875,"OPERATE_INCOME_QOQ":12.871067827839,"NET_PROFIT_RATIO":29.6691069758,"ROE_AVG":8.94171979862,"GROSS_PROFIT_QOQ":17.443052452107,"ROA":5.739125203727,"HOLDER_PROFIT_QOQ":21.184348057192,"ROE_YEARLY":17.88343959724,"ROIC_YEARLY":11.72877598266,"TOTAL_ASSETS":4647243000,"TOTAL_LIABILITIES":1673977000,"TAX_EBT":15.39105842473,"OCF_SALES":4.396357504527,"TOTAL_PARENT_EQUITY":2973266000,"DEBT_ASSET_RATIO":36.0208622618,"OPERATE_PROFIT":338451000,"PRETAX_PROFIT":304443000,"NETCASH_OPERATE":38169000,"NETCASH_INVEST":-428382000,"NETCASH_FINANCE":394526000,"END_CASH":98025000,"DIVI_RATIO":0.118653427234,"DIVIDEND_RATE":7.246376811594,"CURRENT_RATIO":0.718413803325,"COMMON_ACS":10000000000,"CURRENTDEBT_DEBT":81.819582945285,"ISSUED_COMMON_SHARES":1600000000,"HK_COMMON_SHARES":1600000000,"PER_SHARES":5000,"TOTAL_MARKET_CAP":1104000000,"HKSK_MARKET_CAP":1104000000,"PE_TTM":1.635398876843,"PB_TTM":0.338886167602,"REPORT_DATE_SQ":"2023-06-30 00:00:00","REPORT_TYPE_SQ":"2023年中报","OPERATE_INCOME_SQ":647377000,"DPS_HKD":0.05,"OPERATE_INCOME_QOQ_SQ":-14.435102938118,"NET_PROFIT_RATIO_SQ":23.2902929823,"HOLDER_PROFIT_SQ":150776000,"HOLDER_PROFIT_QOQ_SQ":-33.654723740011,"ROE_AVG_SQ":6.157387120763,"PE_TTM_SQ":2.821922428154,"PB_TTM_SQ":0.563466955046,"ROA_SQ":3.577660644262,"START_DATE":"2024-01-01 00:00:00","FISCAL_YEAR":"12-31","CURRENCY":"HKD","IS_CNY_CODE":0,"DPS_HKD_LY":0.05,"ORG_TYPE":"一般企业","PREMIUM_INCOME":null,"PREMIUM_INCOME_YOY":null,"NET_INTEREST_INCOME":null,"NET_INTEREST_INCOME_YOY":null,"FEE_COMMISSION_INCOME":null,"FEE_COMMISSION_INCOME_YOY":null,"ACCOUNTS_RECE_TDAYS":1.108105917647,"INVENTORY_TDAYS":7.464954644919,"CURRENT_ASSETS_TDAYS":0.865274400985,"TOTAL_ASSETS_TDAYS":0.193437746825,"PREMIUM_EXPENSE":null,"LOAN_DEPOSIT":null,"LOAN_EQUITY":null,"LOAN_ASSETS":null,"DEPOSIT_EQUITY":null,"DEPOSIT_ASSETS":null,"EQUITY_MULTIPLIER":1.563009498646,"EQUITY_RATIO":0.563009498646},{"SECUCODE":"02798.HK","SECURITY_CODE":"02798","SECURITY_NAME_ABBR":"久泰邦达能源","ORG_CODE":"10923300","STD_REPORT_DATE":"2023-12-31 00:00:00","REPORT_DATE":"2023-12-31 00:00:00","DATE_TYPE_CODE":"001","REPORT_TYPE":"2023年年报","PER_NETCASH_OPERATE":0.13336125,"PER_OI":1.072264375,"BPS":1.74261,"BASIC_EPS":0.3151,"DILUTED_EPS":null,"OPERATE_INCOME":1715623000,"OPERATE_INCOME_YOY":-3.8345703247,"GROSS_PROFIT":944290000,"GROSS_PROFIT_YOY":-15.509983134029,"HOLDER_PROFIT":504193000,"HOLDER_PROFIT_YOY":-32.2280245445,"GROSS_PROFIT_RATIO":55.04064704192,"EPS_TTM":0.315120625,"OPERATE_INCOME_QOQ":12.388880227133,"NET_PROFIT_RATIO":29.3883329846,"ROE_AVG":19.204356501338,"GROSS_PROFIT_QOQ":9.488230151497,"ROA":11.991389007178,"HOLDER_PROFIT_QOQ":2.150415637618,"ROE_YEARLY":19.204356501338,"ROIC_YEARLY":12.428523290001,"TOTAL_ASSETS":4329247000,"TOTAL_LIABILITIES":1541071000,"TAX_EBT":16.690405218736,"OCF_SALES":12.437347832245,"TOTAL_PARENT_EQUITY":2788176000,"DEBT_ASSET_RATIO":35.5967446533,"OPERATE_PROFIT":644285000,"PRETAX_PROFIT":605204000,"NETCASH_OPERATE":213378000,"NETCASH_INVEST":-866797000,"NETCASH_FINANCE":545074000,"END_CASH":93712000,"DIVI_RATIO":0.143789382241,"DIVIDEND_RATE":4.950495049505,"CURRENT_RATIO":0.850589758666,"COMMON_ACS":10000000000,"CURRENTDEBT_DEBT":78.026320656219,"ISSUED_COMMON_SHARES":1600000000,"HK_COMMON_SHARES":1600000000,"PER_SHARES":5000,"TOTAL_MARKET_CAP":1616000000,"HKSK_MARKET_CAP":1616000000,"PE_TTM":2.393844732771,"PB_TTM":0.496050767069,"REPORT_DATE_SQ":"2022-12-31 00:00:00","REPORT_TYPE_SQ":"2022年年报","OPERATE_INCOME_SQ":1784033000,"DPS_HKD":0.05,"OPERATE_INCOME_QOQ_SQ":1.238732859533,"NET_PROFIT_RATIO_SQ":41.7007420827,"HOLDER_PROFIT_SQ":743955000,"HOLDER_PROFIT_QOQ_SQ":20.49649502436,"ROE_AVG_SQ":35.171959444845,"PE_TTM_SQ":2.488146657082,"PB_TTM_SQ":0.496820325954,"ROA_SQ":20.333236535078,"START_DATE":"2023-01-01 00:00:00","FISCAL_YEAR":"12-31","CURRENCY":"HKD","IS_CNY_CODE":0,"DPS_HKD_LY":0.125,"ORG_TYPE":"一般企业","PREMIUM_INCOME":null,"PREMIUM_INCOME_YOY":null,"NET_INTEREST_INCOME":null,"NET_INTEREST_INCOME_YOY":null,"FEE_COMMISSION_INCOME":null,"FEE_COMMISSION_INCOME_YOY":null,"ACCOUNTS_RECE_TDAYS":2.066327301808,"INVENTORY_TDAYS":14.380077928373,"CURRENT_ASSETS_TDAYS":1.578283166294,"TOTAL_ASSETS_TDAYS":0.408032296812,"PREMIUM_EXPENSE":null,"LOAN_DEPOSIT":null,"LOAN_EQUITY":null,"LOAN_ASSETS":null,"DEPOSIT_EQUITY":null,"DEPOSIT_ASSETS":null,"EQUITY_MULTIPLIER":1.552716543002,"EQUITY_RATIO":0.552716543002},{"SECUCODE":"02798.HK","SECURITY_CODE":"02798","SECURITY_NAME_ABBR":"久泰邦达能源","ORG_CODE":"10923300","STD_REPORT_DATE":"2023-06-30 00:00:00","REPORT_DATE":"2023-06-30 00:00:00","DATE_TYPE_CODE":"002","REPORT_TYPE":"2023年中报","PER_NETCASH_OPERATE":-0.04324875,"PER_OI":0.404610625,"BPS":1.521724375,"BASIC_EPS":0.0942,"DILUTED_EPS":null,"OPERATE_INCOME":647377000,"OPERATE_INCOME_YOY":-28.459040959,"GROSS_PROFIT":316287000,"GROSS_PROFIT_YOY":-44.653206501197,"HOLDER_PROFIT":150776000,"HOLDER_PROFIT_YOY":-62.4142469687,"GROSS_PROFIT_RATIO":48.856694012917,"EPS_TTM":0.308486875,"OPERATE_INCOME_QOQ":-14.435102938118,"NET_PROFIT_RATIO":23.2902929823,"ROE_AVG":6.157387120763,"GROSS_PROFIT_QOQ":-22.831872659679,"ROA":3.577660644262,"HOLDER_PROFIT_QOQ":-33.654723740011,"ROE_YEARLY":12.314774241526,"ROIC_YEARLY":7.465588704371,"TOTAL_ASSETS":4348744000,"TOTAL_LIABILITIES":1913985000,"TAX_EBT":17.634398029029,"OCF_SALES":-10.688980300505,"TOTAL_PARENT_EQUITY":2434759000,"DEBT_ASSET_RATIO":44.0123631099,"OPERATE_PROFIT":199618000,"PRETAX_PROFIT":183057000,"NETCASH_OPERATE":-69198000,"NETCASH_INVEST":-372159000,"NETCASH_FINANCE":387539000,"END_CASH":148239000,"DIVI_RATIO":0.146881451601,"DIVIDEND_RATE":4.950495049505,"CURRENT_RATIO":0.685305644722,"COMMON_ACS":10000000000,"CURRENTDEBT_DEBT":96.063344279083,"ISSUED_COMMON_SHARES":1600000000,"HK_COMMON_SHARES":1600000000,"PER_SHARES":5000,"TOTAL_MARKET_CAP":1616000000,"HKSK_MARKET_CAP":1616000000,"PE_TTM":2.393844732771,"PB_TTM":0.496050767069,"REPORT_DATE_SQ":"2022-06-30 00:00:00","REPORT_TYPE_SQ":"2022年中报","OPERATE_INCOME_SQ":904904000,"DPS_HKD":0.05,"OPERATE_INCOME_QOQ_SQ":14.324973611635,"NET_PROFIT_RATIO_SQ":44.3308903486,"HOLDER_PROFIT_SQ":401152000,"HOLDER_PROFIT_QOQ_SQ":104.59555290453,"ROE_AVG_SQ":20.637599084676,"PE_TTM_SQ":2.488146657082,"PB_TTM_SQ":0.496820325954,"ROA_SQ":11.534857293694,"START_DATE":"2023-01-01 00:00:00","FISCAL_YEAR":"12-31","CURRENCY":"HKD","IS_CNY_CODE":0,"DPS_HKD_LY":0.125,"ORG_TYPE":"一般企业","PREMIUM_INCOME":null,"PREMIUM_INCOME_YOY":null,"NET_INTEREST_INCOME":null,"NET_INTEREST_INCOME_YOY":null,"FEE_COMMISSION_INCOME":null,"FEE_COMMISSION_INCOME_YOY":null,"ACCOUNTS_RECE_TDAYS":0.705859584123,"INVENTORY_TDAYS":6.551307926709,"CURRENT_ASSETS_TDAYS":0.536956689429,"TOTAL_ASSETS_TDAYS":0.153611663322,"PREMIUM_EXPENSE":null,"LOAN_DEPOSIT":null,"LOAN_EQUITY":null,"LOAN_ASSETS":null,"DEPOSIT_EQUITY":null,"DEPOSIT_ASSETS":null,"EQUITY_MULTIPLIER":1.786108604589,"EQUITY_RATIO":0.786108604589},{"SECUCODE":"02798.HK","SECURITY_CODE":"02798","SECURITY_NAME_ABBR":"久泰邦达能源","ORG_CODE":"10923300","STD_REPORT_DATE":"2022-12-31 00:00:00","REPORT_DATE":"2022-12-31 00:00:00","DATE_TYPE_CODE":"001","REPORT_TYPE":"2022年年报","PER_NETCASH_OPERATE":0.11296375,"PER_OI":1.115020625,"BPS":1.539151875,"BASIC_EPS":0.465,"DILUTED_EPS":null,"OPERATE_INCOME":1784033000,"OPERATE_INCOME_YOY":15.7411546264,"GROSS_PROFIT":1117635000,"GROSS_PROFIT_YOY":21.682709424127,"HOLDER_PROFIT":743955000,"HOLDER_PROFIT_YOY":146.5304702257,"GROSS_PROFIT_RATIO":62.64654297314,"EPS_TTM":0.464971875,"OPERATE_INCOME_QOQ":1.238732859533,"NET_PROFIT_RATIO":41.7007420827,"ROE_AVG":35.171959444845,"GROSS_PROFIT_QOQ":0.994551923002,"ROA":20.333236535078,"HOLDER_PROFIT_QOQ":20.49649502436,"ROE_YEARLY":35.171959444845,"ROIC_YEARLY":21.455967758728,"TOTAL_ASSETS":4080004000,"TOTAL_LIABILITIES":1617361000,"TAX_EBT":13.043452851272,"OCF_SALES":10.131090624445,"TOTAL_PARENT_EQUITY":2462643000,"DEBT_ASSET_RATIO":39.6411621165,"OPERATE_PROFIT":884476000,"PRETAX_PROFIT":855548000,"NETCASH_OPERATE":180742000,"NETCASH_INVEST":-734562000,"NETCASH_FINANCE":575023000,"END_CASH":202057000,"DIVI_RATIO":0.09744890484,"DIVIDEND_RATE":4.950495049505,"CURRENT_RATIO":0.793400168293,"COMMON_ACS":10000000000,"CURRENTDEBT_DEBT":89.716334201208,"ISSUED_COMMON_SHARES":1600000000,"HK_COMMON_SHARES":1600000000,"PER_SHARES":5000,"TOTAL_MARKET_CAP":1616000000,"HKSK_MARKET_CAP":1616000000,"PE_TTM":2.393844732771,"PB_TTM":0.496050767069,"REPORT_DATE_SQ":"2021-12-31 00:00:00","REPORT_TYPE_SQ":"2021年年报","OPERATE_INCOME_SQ":1541399000,"DPS_HKD":0.05,"OPERATE_INCOME_QOQ_SQ":5.850194477712,"NET_PROFIT_RATIO_SQ":19.577669377,"HOLDER_PROFIT_SQ":301770000,"HOLDER_PROFIT_QOQ_SQ":7.549146791737,"ROE_AVG_SQ":18.362138835951,"PE_TTM_SQ":2.488146657082,"PB_TTM_SQ":0.496820325954,"ROA_SQ":10.206951462609,"START_DATE":"2022-01-01 00:00:00","FISCAL_YEAR":"12-31","CURRENCY":"HKD","IS_CNY_CODE":0,"DPS_HKD_LY":0.0375,"ORG_TYPE":"一般企业","PREMIUM_INCOME":null,"PREMIUM_INCOME_YOY":null,"NET_INTEREST_INCOME":null,"NET_INTEREST_INCOME_YOY":null,"FEE_COMMISSION_INCOME":null,"FEE_COMMISSION_INCOME_YOY":null,"ACCOUNTS_RECE_TDAYS":2.82160257419,"INVENTORY_TDAYS":13.248074113098,"CURRENT_ASSETS_TDAYS":1.951871502711,"TOTAL_ASSETS_TDAYS":0.487598913582,"PREMIUM_EXPENSE":null,"LOAN_DEPOSIT":null,"LOAN_EQUITY":null,"LOAN_ASSETS":null,"DEPOSIT_EQUITY":null,"DEPOSIT_ASSETS":null,"EQUITY_MULTIPLIER":1.656758206528,"EQUITY_RATIO":0.656758206529},{"SECUCODE":"02798.HK","SECURITY_CODE":"02798","SECURITY_NAME_ABBR":"久泰邦达能源","ORG_CODE":"10923300","STD_REPORT_DATE":"2022-06-30 00:00:00","REPORT_DATE":"2022-06-30 00:00:00","DATE_TYPE_CODE":"002","REPORT_TYPE":"2022年中报","PER_NETCASH_OPERATE":0.072829375,"PER_OI":0.565565,"BPS":1.3249,"BASIC_EPS":0.2507,"DILUTED_EPS":null,"OPERATE_INCOME":904904000,"OPERATE_INCOME_YOY":32.2767611121,"GROSS_PROFIT":571464000,"GROSS_PROFIT_YOY":49.083528558534,"HOLDER_PROFIT":401152000,"HOLDER_PROFIT_YOY":369.1068129195,"GROSS_PROFIT_RATIO":63.151892355432,"EPS_TTM":0.38588,"OPERATE_INCOME_QOQ":14.324973611635,"NET_PROFIT_RATIO":44.3308903486,"ROE_AVG":20.637599084676,"GROSS_PROFIT_QOQ":20.484429216436,"ROA":11.534857293694,"HOLDER_PROFIT_QOQ":104.59555290453,"ROE_YEARLY":41.275198169351,"ROIC_YEARLY":24.194072707907,"TOTAL_ASSETS":3717853000,"TOTAL_LIABILITIES":1598013000,"TAX_EBT":14.841657007723,"OCF_SALES":12.877277589667,"TOTAL_PARENT_EQUITY":2119840000,"DEBT_ASSET_RATIO":42.9821458783,"OPERATE_PROFIT":486362000,"PRETAX_PROFIT":471066000,"NETCASH_OPERATE":116527000,"NETCASH_INVEST":-486663000,"NETCASH_FINANCE":331666000,"END_CASH":142384000,"DIVI_RATIO":0.117422514771,"DIVIDEND_RATE":4.950495049505,"CURRENT_RATIO":0.806318896662,"COMMON_ACS":10000000000,"CURRENTDEBT_DEBT":77.039485911566,"ISSUED_COMMON_SHARES":1600000000,"HK_COMMON_SHARES":1600000000,"PER_SHARES":5000,"TOTAL_MARKET_CAP":1616000000,"HKSK_MARKET_CAP":1616000000,"PE_TTM":2.393844732771,"PB_TTM":0.496050767069,"REPORT_DATE_SQ":"2021-06-30 00:00:00","REPORT_TYPE_SQ":"2021年中报","OPERATE_INCOME_SQ":684099000,"DPS_HKD":0.05,"OPERATE_INCOME_QOQ_SQ":3.821748690293,"NET_PROFIT_RATIO_SQ":12.5002375387,"HOLDER_PROFIT_SQ":85514000,"HOLDER_PROFIT_QOQ_SQ":-18.783142294778,"ROE_AVG_SQ":5.569827031449,"PE_TTM_SQ":2.488146657082,"PB_TTM_SQ":0.496820325954,"ROA_SQ":3.20108467186,"START_DATE":"2022-01-01 00:00:00","FISCAL_YEAR":"12-31","CURRENCY":"HKD","IS_CNY_CODE":0,"DPS_HKD_LY":0.0375,"ORG_TYPE":"一般企业","PREMIUM_INCOME":null,"PREMIUM_INCOME_YOY":null,"NET_INTEREST_INCOME":null,"NET_INTEREST_INCOME_YOY":null,"FEE_COMMISSION_INCOME":null,"FEE_COMMISSION_INCOME_YOY":null,"ACCOUNTS_RECE_TDAYS":1.555061014695,"INVENTORY_TDAYS":6.211508727483,"CURRENT_ASSETS_TDAYS":1.084087383119,"TOTAL_ASSETS_TDAYS":0.260199089235,"PREMIUM_EXPENSE":null,"LOAN_DEPOSIT":null,"LOAN_EQUITY":null,"LOAN_ASSETS":null,"DEPOSIT_EQUITY":null,"DEPOSIT_ASSETS":null,"EQUITY_MULTIPLIER":1.753836610311,"EQUITY_RATIO":0.75383661031},{"SECUCODE":"02798.HK","SECURITY_CODE":"02798","SECURITY_NAME_ABBR":"久泰邦达能源","ORG_CODE":"10923300","STD_REPORT_DATE":"2021-12-31 00:00:00","REPORT_DATE":"2021-12-31 00:00:00","DATE_TYPE_CODE":"001","REPORT_TYPE":"2021年年报","PER_NETCASH_OPERATE":0.3458925,"PER_OI":0.963374375,"BPS":1.10484,"BASIC_EPS":0.1886,"DILUTED_EPS":null,"OPERATE_INCOME":1541399000,"OPERATE_INCOME_YOY":9.8955228988,"GROSS_PROFIT":918483000,"GROSS_PROFIT_YOY":28.279031960715,"HOLDER_PROFIT":301770000,"HOLDER_PROFIT_YOY":-12.651962487,"GROSS_PROFIT_RATIO":59.587621375127,"EPS_TTM":0.18860625,"OPERATE_INCOME_QOQ":5.850194477712,"NET_PROFIT_RATIO":19.577669377,"ROE_AVG":18.362138835951,"GROSS_PROFIT_QOQ":16.384032600804,"ROA":10.206951462609,"HOLDER_PROFIT_QOQ":7.549146791737,"ROE_YEARLY":18.362138835951,"ROIC_YEARLY":10.791814571185,"TOTAL_ASSETS":3237621000,"TOTAL_LIABILITIES":1469877000,"TAX_EBT":26.653023129199,"OCF_SALES":35.904266189351,"TOTAL_PARENT_EQUITY":1767744000,"DEBT_ASSET_RATIO":45.3999093779,"OPERATE_PROFIT":434476000,"PRETAX_PROFIT":411428000,"NETCASH_OPERATE":553428000,"NETCASH_INVEST":-662748000,"NETCASH_FINANCE":150571000,"END_CASH":180854000,"DIVI_RATIO":0.240241243331,"DIVIDEND_RATE":4.950495049505,"CURRENT_RATIO":0.931648545887,"COMMON_ACS":10000000000,"CURRENTDEBT_DEBT":49.420597777909,"ISSUED_COMMON_SHARES":1600000000,"HK_COMMON_SHARES":1600000000,"PER_SHARES":5000,"TOTAL_MARKET_CAP":1616000000,"HKSK_MARKET_CAP":1616000000,"PE_TTM":2.393844732771,"PB_TTM":0.496050767069,"REPORT_DATE_SQ":"2020-12-31 00:00:00","REPORT_TYPE_SQ":"2020年年报","OPERATE_INCOME_SQ":1402604000,"DPS_HKD":0.05,"OPERATE_INCOME_QOQ_SQ":32.675852231343,"NET_PROFIT_RATIO_SQ":24.631328586,"HOLDER_PROFIT_SQ":345480000,"HOLDER_PROFIT_QOQ_SQ":37.211214240608,"ROE_AVG_SQ":25.315713651345,"PE_TTM_SQ":2.488146657082,"PB_TTM_SQ":0.496820325954,"ROA_SQ":15.874106225744,"START_DATE":"2021-01-01 00:00:00","FISCAL_YEAR":"12-31","CURRENCY":"HKD","IS_CNY_CODE":0,"DPS_HKD_LY":0.0375,"ORG_TYPE":"一般企业","PREMIUM_INCOME":null,"PREMIUM_INCOME_YOY":null,"NET_INTEREST_INCOME":null,"NET_INTEREST_INCOME_YOY":null,"FEE_COMMISSION_INCOME":null,"FEE_COMMISSION_INCOME_YOY":null,"ACCOUNTS_RECE_TDAYS":4.614524955693,"INVENTORY_TDAYS":15.468871836897,"CURRENT_ASSETS_TDAYS":2.708823276142,"TOTAL_ASSETS_TDAYS":0.521356820675,"PREMIUM_EXPENSE":null,"LOAN_DEPOSIT":null,"LOAN_EQUITY":null,"LOAN_ASSETS":null,"DEPOSIT_EQUITY":null,"DEPOSIT_ASSETS":null,"EQUITY_MULTIPLIER":1.83149879168,"EQUITY_RATIO":0.83149879168},{"SECUCODE":"02798.HK","SECURITY_CODE":"02798","SECURITY_NAME_ABBR":"久泰邦达能源","ORG_CODE":"10923300","STD_REPORT_DATE":"2021-06-30 00:00:00","REPORT_DATE":"2021-06-30 00:00:00","DATE_TYPE_CODE":"002","REPORT_TYPE":"2021年中报","PER_NETCASH_OPERATE":0.21152375,"PER_OI":0.427561875,"BPS":0.96968,"BASIC_EPS":0.0534,"DILUTED_EPS":null,"OPERATE_INCOME":684099000,"OPERATE_INCOME_YOY":8.5018913711,"GROSS_PROFIT":383318000,"GROSS_PROFIT_YOY":23.595549092504,"HOLDER_PROFIT":85514000,"HOLDER_PROFIT_YOY":-43.1445554034,"GROSS_PROFIT_RATIO":56.032533302928,"EPS_TTM":0.1753675,"OPERATE_INCOME_QOQ":3.821748690293,"NET_PROFIT_RATIO":12.5002375387,"ROE_AVG":5.569827031449,"GROSS_PROFIT_QOQ":10.220473628639,"ROA":3.20108467186,"HOLDER_PROFIT_QOQ":-18.783142294778,"ROE_YEARLY":11.139654062898,"ROIC_YEARLY":6.732519081205,"TOTAL_ASSETS":2667406000,"TOTAL_LIABILITIES":1115918000,"TAX_EBT":46.355601001198,"OCF_SALES":49.472079333547,"TOTAL_PARENT_EQUITY":1551488000,"DEBT_ASSET_RATIO":41.8353261558,"OPERATE_PROFIT":169734000,"PRETAX_PROFIT":159409000,"NETCASH_OPERATE":338438000,"NETCASH_INVEST":-392062000,"NETCASH_FINANCE":36578000,"END_CASH":122557000,"DIVI_RATIO":0.258377407444,"DIVIDEND_RATE":4.950495049505,"CURRENT_RATIO":0.707515656661,"COMMON_ACS":10000000000,"CURRENTDEBT_DEBT":39.006271070097,"ISSUED_COMMON_SHARES":1600000000,"HK_COMMON_SHARES":1600000000,"PER_SHARES":5000,"TOTAL_MARKET_CAP":1616000000,"HKSK_MARKET_CAP":1616000000,"PE_TTM":2.393844732771,"PB_TTM":0.496050767069,"REPORT_DATE_SQ":"2020-06-30 00:00:00","REPORT_TYPE_SQ":"2020年中报","OPERATE_INCOME_SQ":630495000,"DPS_HKD":0.05,"OPERATE_INCOME_QOQ_SQ":30.169612569184,"NET_PROFIT_RATIO_SQ":23.855224863,"HOLDER_PROFIT_SQ":150406000,"HOLDER_PROFIT_QOQ_SQ":15.487498910655,"ROE_AVG_SQ":11.869638061507,"PE_TTM_SQ":2.488146657082,"PB_TTM_SQ":0.496820325954,"ROA_SQ":6.964278934174,"START_DATE":"2021-01-01 00:00:00","FISCAL_YEAR":"12-31","CURRENCY":"HKD","IS_CNY_CODE":0,"DPS_HKD_LY":0.0375,"ORG_TYPE":"一般企业","PREMIUM_INCOME":null,"PREMIUM_INCOME_YOY":null,"NET_INTEREST_INCOME":null,"NET_INTEREST_INCOME_YOY":null,"FEE_COMMISSION_INCOME":null,"FEE_COMMISSION_INCOME_YOY":null,"ACCOUNTS_RECE_TDAYS":3.434861307418,"INVENTORY_TDAYS":8.665792733873,"CURRENT_ASSETS_TDAYS":1.778603686169,"TOTAL_ASSETS_TDAYS":0.256081907399,"PREMIUM_EXPENSE":null,"LOAN_DEPOSIT":null,"LOAN_EQUITY":null,"LOAN_ASSETS":null,"DEPOSIT_EQUITY":null,"DEPOSIT_ASSETS":null,"EQUITY_MULTIPLIER":1.719256610427,"EQUITY_RATIO":0.719256610428},{"SECUCODE":"02798.HK","SECURITY_CODE":"02798","SECURITY_NAME_ABBR":"久泰邦达能源","ORG_CODE":"10923300","STD_REPORT_DATE":"2020-12-31 00:00:00","REPORT_DATE":"2020-12-31 00:00:00","DATE_TYPE_CODE":"001","REPORT_TYPE":"2020年年报","PER_NETCASH_OPERATE":0.307666875,"PER_OI":0.8766275,"BPS":0.949455,"BASIC_EPS":0.2159,"DILUTED_EPS":null,"OPERATE_INCOME":1402604000,"OPERATE_INCOME_YOY":72.7036428224,"GROSS_PROFIT":716004000,"GROSS_PROFIT_YOY":69.330933703526,"HOLDER_PROFIT":345480000,"HOLDER_PROFIT_YOY":58.4617995514,"GROSS_PROFIT_RATIO":51.048193217758,"EPS_TTM":0.215925,"OPERATE_INCOME_QOQ":32.675852231343,"NET_PROFIT_RATIO":24.631328586,"ROE_AVG":25.315713651345,"GROSS_PROFIT_QOQ":36.033985507522,"ROA":15.874106225744,"HOLDER_PROFIT_QOQ":37.211214240608,"ROE_YEARLY":25.315713651345,"ROIC_YEARLY":17.405261781727,"TOTAL_ASSETS":2675408000,"TOTAL_LIABILITIES":1156280000,"TAX_EBT":28.676569257925,"OCF_SALES":35.096648804652,"TOTAL_PARENT_EQUITY":1519128000,"DEBT_ASSET_RATIO":43.2188286796,"OPERATE_PROFIT":505891000,"PRETAX_PROFIT":484385000,"NETCASH_OPERATE":492267000,"NETCASH_INVEST":-756698000,"NETCASH_FINANCE":160722000,"END_CASH":139603000,"DIVI_RATIO":0.209846011347,"DIVIDEND_RATE":4.950495049505,"CURRENT_RATIO":0.911204171934,"COMMON_ACS":10000000000,"CURRENTDEBT_DEBT":43.781782959145,"ISSUED_COMMON_SHARES":1600000000,"HK_COMMON_SHARES":1600000000,"PER_SHARES":5000,"TOTAL_MARKET_CAP":1616000000,"HKSK_MARKET_CAP":1616000000,"PE_TTM":2.393844732771,"PB_TTM":0.496050767069,"REPORT_DATE_SQ":"2019-12-31 00:00:00","REPORT_TYPE_SQ":"2019年年报","OPERATE_INCOME_SQ":812145000,"DPS_HKD":0.05,"OPERATE_INCOME_QOQ_SQ":5.236253377131,"NET_PROFIT_RATIO_SQ":26.8450830825,"HOLDER_PROFIT_SQ":218021000,"HOLDER_PROFIT_QOQ_SQ":4.653763812486,"ROE_AVG_SQ":19.79789027486,"PE_TTM_SQ":2.488146657082,"PB_TTM_SQ":0.496820325954,"ROA_SQ":14.173581039396,"START_DATE":"2020-01-01 00:00:00","FISCAL_YEAR":"12-31","CURRENCY":"HKD","IS_CNY_CODE":0,"DPS_HKD_LY":0.025,"ORG_TYPE":"一般企业","PREMIUM_INCOME":null,"PREMIUM_INCOME_YOY":null,"NET_INTEREST_INCOME":null,"NET_INTEREST_INCOME_YOY":null,"FEE_COMMISSION_INCOME":null,"FEE_COMMISSION_INCOME_YOY":null,"ACCOUNTS_RECE_TDAYS":5.663917363415,"INVENTORY_TDAYS":29.438120350719,"CURRENT_ASSETS_TDAYS":2.910265680812,"TOTAL_ASSETS_TDAYS":0.644468128073,"PREMIUM_EXPENSE":null,"LOAN_DEPOSIT":null,"LOAN_EQUITY":null,"LOAN_ASSETS":null,"DEPOSIT_EQUITY":null,"DEPOSIT_ASSETS":null,"EQUITY_MULTIPLIER":1.761147184438,"EQUITY_RATIO":0.761147184437},{"SECUCODE":"02798.HK","SECURITY_CODE":"02798","SECURITY_NAME_ABBR":"久泰邦达能源","ORG_CODE":"10923300","STD_REPORT_DATE":"2020-06-30 00:00:00","REPORT_DATE":"2020-06-30 00:00:00","DATE_TYPE_CODE":"002","REPORT_TYPE":"2020年中报","PER_NETCASH_OPERATE":0.174106875,"PER_OI":0.394059375,"BPS":0.82753375,"BASIC_EPS":0.094,"DILUTED_EPS":null,"OPERATE_INCOME":630495000,"OPERATE_INCOME_YOY":63.5635607071,"GROSS_PROFIT":310139000,"GROSS_PROFIT_YOY":50.086624080527,"HOLDER_PROFIT":150406000,"HOLDER_PROFIT_YOY":28.9489026063,"GROSS_PROFIT_RATIO":49.189763598443,"EPS_TTM":0.157366875,"OPERATE_INCOME_QOQ":30.169612569184,"NET_PROFIT_RATIO":23.855224863,"ROE_AVG":11.869638061507,"GROSS_PROFIT_QOQ":24.47693351906,"ROA":6.964278934174,"HOLDER_PROFIT_QOQ":15.487498910655,"ROE_YEARLY":23.739276123013,"ROIC_YEARLY":16.060527835314,"TOTAL_ASSETS":2642015000,"TOTAL_LIABILITIES":1317961000,"TAX_EBT":26.24734594205,"OCF_SALES":44.182903908834,"TOTAL_PARENT_EQUITY":1324054000,"DEBT_ASSET_RATIO":49.8846902837,"OPERATE_PROFIT":216203000,"PRETAX_PROFIT":203933000,"NETCASH_OPERATE":278571000,"NETCASH_INVEST":-190031000,"NETCASH_FINANCE":-1787000,"END_CASH":330065000,"DIVI_RATIO":0.287932260204,"DIVIDEND_RATE":4.950495049505,"CURRENT_RATIO":0.642500013613,"COMMON_ACS":10000000000,"CURRENTDEBT_DEBT":69.670877969834,"ISSUED_COMMON_SHARES":1600000000,"HK_COMMON_SHARES":1600000000,"PER_SHARES":5000,"TOTAL_MARKET_CAP":1616000000,"HKSK_MARKET_CAP":1616000000,"PE_TTM":2.393844732771,"PB_TTM":0.496050767069,"REPORT_DATE_SQ":"2019-06-30 00:00:00","REPORT_TYPE_SQ":"2019年中报","OPERATE_INCOME_SQ":385474000,"DPS_HKD":0.05,"OPERATE_INCOME_QOQ_SQ":7.273022968758,"NET_PROFIT_RATIO_SQ":30.2588501429,"HOLDER_PROFIT_SQ":116640000,"HOLDER_PROFIT_QOQ_SQ":18.203843556907,"ROE_AVG_SQ":11.102829679509,"PE_TTM_SQ":2.488146657082,"PB_TTM_SQ":0.496820325954,"ROA_SQ":8.324759844168,"START_DATE":"2020-01-01 00:00:00","FISCAL_YEAR":"12-31","CURRENCY":"HKD","IS_CNY_CODE":0,"DPS_HKD_LY":0.025,"ORG_TYPE":"一般企业","PREMIUM_INCOME":null,"PREMIUM_INCOME_YOY":null,"NET_INTEREST_INCOME":null,"NET_INTEREST_INCOME_YOY":null,"FEE_COMMISSION_INCOME":null,"FEE_COMMISSION_INCOME_YOY":null,"ACCOUNTS_RECE_TDAYS":3.169049126934,"INVENTORY_TDAYS":12.407281177382,"CURRENT_ASSETS_TDAYS":1.154140798972,"TOTAL_ASSETS_TDAYS":0.291939353922,"PREMIUM_EXPENSE":null,"LOAN_DEPOSIT":null,"LOAN_EQUITY":null,"LOAN_ASSETS":null,"DEPOSIT_EQUITY":null,"DEPOSIT_ASSETS":null,"EQUITY_MULTIPLIER":1.995398223938,"EQUITY_RATIO":0.99539822394}],"count":16},"success":true,"message":"ok","code":0}