{"version":"a9d1447ea27a17cfdb04d43dc45aa994","result":{"pages":3,"data":[{"SECUCODE":"02858.HK","SECURITY_CODE":"02858","SECURITY_NAME_ABBR":"易鑫集团","ORG_CODE":"10740157","STD_REPORT_DATE":"2024-06-30 00:00:00","REPORT_DATE":"2024-06-30 00:00:00","DATE_TYPE_CODE":"002","REPORT_TYPE":"2024年中报","PER_NETCASH_OPERATE":0.097191084123,"PER_OI":0.68482650761,"BPS":2.372079076839,"BASIC_EPS":0.06,"DILUTED_EPS":0.06,"OPERATE_INCOME":4467853000,"OPERATE_INCOME_YOY":57.0870089551,"GROSS_PROFIT":2128937000,"GROSS_PROFIT_YOY":49.561348663181,"HOLDER_PROFIT":409676000,"HOLDER_PROFIT_YOY":53.7851686406,"GROSS_PROFIT_RATIO":47.650112928962,"EPS_TTM":0.1070251362,"OPERATE_INCOME_QOQ":24.284625224967,"NET_PROFIT_RATIO":9.1694153769,"ROE_AVG":2.577006577728,"GROSS_PROFIT_QOQ":21.726234837464,"ROA":0.926244715664,"HOLDER_PROFIT_QOQ":25.818350217494,"ROE_YEARLY":5.154013155455,"ROIC_YEARLY":2.034920097326,"TOTAL_ASSETS":44884458000,"TOTAL_LIABILITIES":28854909000,"TAX_EBT":24.238596750779,"OCF_SALES":14.192073911116,"TOTAL_PARENT_EQUITY":16029549000,"DEBT_ASSET_RATIO":64.2870835156,"OPERATE_PROFIT":576522000,"PRETAX_PROFIT":540745000,"NETCASH_OPERATE":634081000,"NETCASH_INVEST":45743000,"NETCASH_FINANCE":307303000,"END_CASH":4450853000,"DIVI_RATIO":0.254020699859,"DIVIDEND_RATE":2.777777777778,"CURRENT_RATIO":1.366529722627,"COMMON_ACS":15000000000,"CURRENTDEBT_DEBT":56.930167411029,"ISSUED_COMMON_SHARES":6757594701,"HK_COMMON_SHARES":6757594701,"PER_SHARES":500,"TOTAL_MARKET_CAP":7298202277.08,"HKSK_MARKET_CAP":7298202277.08,"PE_TTM":9.449697765651,"PB_TTM":0.41554027841,"REPORT_DATE_SQ":"2023-06-30 00:00:00","REPORT_TYPE_SQ":"2023年中报","OPERATE_INCOME_SQ":2844190000,"DPS_HKD":0.03,"OPERATE_INCOME_QOQ_SQ":7.533334563746,"NET_PROFIT_RATIO_SQ":9.3662870624,"HOLDER_PROFIT_SQ":266395000,"HOLDER_PROFIT_QOQ_SQ":38.427351718112,"ROE_AVG_SQ":1.727392112563,"PE_TTM_SQ":6.300329020097,"PB_TTM_SQ":0.209321983824,"ROA_SQ":0.75704636115,"START_DATE":"2024-01-01 00:00:00","FISCAL_YEAR":"12-31","CURRENCY":"HKD","IS_CNY_CODE":0,"DPS_HKD_LY":0.03,"ORG_TYPE":"一般企业","PREMIUM_INCOME":null,"PREMIUM_INCOME_YOY":null,"NET_INTEREST_INCOME":null,"NET_INTEREST_INCOME_YOY":null,"FEE_COMMISSION_INCOME":null,"FEE_COMMISSION_INCOME_YOY":null,"ACCOUNTS_RECE_TDAYS":1.190962673634,"INVENTORY_TDAYS":null,"CURRENT_ASSETS_TDAYS":0.204410830333,"TOTAL_ASSETS_TDAYS":0.101014587909,"PREMIUM_EXPENSE":null,"LOAN_DEPOSIT":null,"LOAN_EQUITY":null,"LOAN_ASSETS":null,"DEPOSIT_EQUITY":null,"DEPOSIT_ASSETS":null,"EQUITY_MULTIPLIER":2.800107351739,"EQUITY_RATIO":1.800107351741},{"SECUCODE":"02858.HK","SECURITY_CODE":"02858","SECURITY_NAME_ABBR":"易鑫集团","ORG_CODE":"10740157","STD_REPORT_DATE":"2023-12-31 00:00:00","REPORT_DATE":"2023-12-31 00:00:00","DATE_TYPE_CODE":"001","REPORT_TYPE":"2023年年报","PER_NETCASH_OPERATE":-1.326012129107,"PER_OI":1.024816655765,"BPS":2.332955836737,"BASIC_EPS":0.086,"DILUTED_EPS":0.083,"OPERATE_INCOME":6685971000,"OPERATE_INCOME_YOY":28.5390890488,"GROSS_PROFIT":3247148000,"GROSS_PROFIT_YOY":12.421430626467,"HOLDER_PROFIT":554958000,"HOLDER_PROFIT_YOY":49.6593979731,"GROSS_PROFIT_RATIO":48.566588158997,"EPS_TTM":0.085063216943,"OPERATE_INCOME_QOQ":19.534179396802,"NET_PROFIT_RATIO":8.3003351346,"ROE_AVG":3.569850849028,"GROSS_PROFIT_QOQ":9.889688911631,"ROA":1.465438889782,"HOLDER_PROFIT_QOQ":8.114036796621,"ROE_YEARLY":3.569850849028,"ROIC_YEARLY":1.61262271789,"TOTAL_ASSETS":43575102000,"TOTAL_LIABILITIES":27809932000,"TAX_EBT":21.707222103089,"OCF_SALES":-129.390181321457,"TOTAL_PARENT_EQUITY":15765170000,"DEBT_ASSET_RATIO":63.8206928351,"OPERATE_PROFIT":689258000,"PRETAX_PROFIT":708824000,"NETCASH_OPERATE":-8650990000,"NETCASH_INVEST":-782524000,"NETCASH_FINANCE":9486435000,"END_CASH":3479550000,"DIVI_RATIO":0.319604653773,"DIVIDEND_RATE":3.79746835443,"CURRENT_RATIO":1.329937737083,"COMMON_ACS":15000000000,"CURRENTDEBT_DEBT":57.49894318332,"ISSUED_COMMON_SHARES":6757594701,"HK_COMMON_SHARES":6757594701,"PER_SHARES":500,"TOTAL_MARKET_CAP":5338499813.79,"HKSK_MARKET_CAP":5338499813.79,"PE_TTM":6.912278921171,"PB_TTM":0.303960018467,"REPORT_DATE_SQ":"2022-12-31 00:00:00","REPORT_TYPE_SQ":"2022年年报","OPERATE_INCOME_SQ":5201508000,"DPS_HKD":0.03,"OPERATE_INCOME_QOQ_SQ":14.800311989756,"NET_PROFIT_RATIO_SQ":7.1289710599,"HOLDER_PROFIT_SQ":370814000,"HOLDER_PROFIT_QOQ_SQ":29.001217603061,"ROE_AVG_SQ":2.474698035506,"PE_TTM_SQ":6.183656260466,"PB_TTM_SQ":0.20544565079,"ROA_SQ":1.242224976104,"START_DATE":"2023-01-01 00:00:00","FISCAL_YEAR":"12-31","CURRENCY":"HKD","IS_CNY_CODE":0,"DPS_HKD_LY":0.0195,"ORG_TYPE":"一般企业","PREMIUM_INCOME":null,"PREMIUM_INCOME_YOY":null,"NET_INTEREST_INCOME":null,"NET_INTEREST_INCOME_YOY":null,"FEE_COMMISSION_INCOME":null,"FEE_COMMISSION_INCOME_YOY":null,"ACCOUNTS_RECE_TDAYS":2.029060977098,"INVENTORY_TDAYS":null,"CURRENT_ASSETS_TDAYS":0.350799500767,"TOTAL_ASSETS_TDAYS":0.176551773636,"PREMIUM_EXPENSE":null,"LOAN_DEPOSIT":null,"LOAN_EQUITY":null,"LOAN_ASSETS":null,"DEPOSIT_EQUITY":null,"DEPOSIT_ASSETS":null,"EQUITY_MULTIPLIER":2.764010917739,"EQUITY_RATIO":1.764010917738},{"SECUCODE":"02858.HK","SECURITY_CODE":"02858","SECURITY_NAME_ABBR":"易鑫集团","ORG_CODE":"10740157","STD_REPORT_DATE":"2023-06-30 00:00:00","REPORT_DATE":"2023-06-30 00:00:00","DATE_TYPE_CODE":"002","REPORT_TYPE":"2023年中报","PER_NETCASH_OPERATE":-0.663935984191,"PER_OI":0.435957131718,"BPS":2.296289239972,"BASIC_EPS":0.04,"DILUTED_EPS":0.04,"OPERATE_INCOME":2844190000,"OPERATE_INCOME_YOY":15.978474463,"GROSS_PROFIT":1423454000,"GROSS_PROFIT_YOY":4.904160853823,"HOLDER_PROFIT":266395000,"HOLDER_PROFIT_YOY":115.0063357035,"GROSS_PROFIT_RATIO":50.047781617965,"EPS_TTM":0.078679794025,"OPERATE_INCOME_QOQ":7.533334563746,"NET_PROFIT_RATIO":9.3662870624,"ROE_AVG":1.727392112563,"GROSS_PROFIT_QOQ":2.303893786498,"ROA":0.75704636115,"HOLDER_PROFIT_QOQ":38.427351718112,"ROE_YEARLY":3.454784225125,"ROIC_YEARLY":1.687003199619,"TOTAL_ASSETS":38213068000,"TOTAL_LIABILITIES":22695676000,"TAX_EBT":4.469299786988,"OCF_SALES":-152.293869256273,"TOTAL_PARENT_EQUITY":15517392000,"DEBT_ASSET_RATIO":59.392446584,"OPERATE_PROFIT":253962000,"PRETAX_PROFIT":278858000,"NETCASH_OPERATE":-4331527000,"NETCASH_INVEST":-460456000,"NETCASH_FINANCE":5122271000,"END_CASH":3780201000,"DIVI_RATIO":0.345534712399,"DIVIDEND_RATE":3.79746835443,"CURRENT_RATIO":1.371324970503,"COMMON_ACS":15000000000,"CURRENTDEBT_DEBT":62.251461467814,"ISSUED_COMMON_SHARES":6757594701,"HK_COMMON_SHARES":6757594701,"PER_SHARES":500,"TOTAL_MARKET_CAP":5338499813.79,"HKSK_MARKET_CAP":5338499813.79,"PE_TTM":6.912278921171,"PB_TTM":0.303960018467,"REPORT_DATE_SQ":"2022-06-30 00:00:00","REPORT_TYPE_SQ":"2022年中报","OPERATE_INCOME_SQ":2452343000,"DPS_HKD":0.03,"OPERATE_INCOME_QOQ_SQ":29.664337569512,"NET_PROFIT_RATIO_SQ":5.0523519752,"HOLDER_PROFIT_SQ":123901000,"HOLDER_PROFIT_QOQ_SQ":892.815943080164,"ROE_AVG_SQ":0.837642894623,"PE_TTM_SQ":6.183656260466,"PB_TTM_SQ":0.20544565079,"ROA_SQ":0.43311802752,"START_DATE":"2023-01-01 00:00:00","FISCAL_YEAR":"12-31","CURRENCY":"HKD","IS_CNY_CODE":0,"DPS_HKD_LY":0.0195,"ORG_TYPE":"一般企业","PREMIUM_INCOME":null,"PREMIUM_INCOME_YOY":null,"NET_INTEREST_INCOME":null,"NET_INTEREST_INCOME_YOY":null,"FEE_COMMISSION_INCOME":null,"FEE_COMMISSION_INCOME_YOY":null,"ACCOUNTS_RECE_TDAYS":0.867947179604,"INVENTORY_TDAYS":null,"CURRENT_ASSETS_TDAYS":0.1570211912,"TOTAL_ASSETS_TDAYS":0.080826730604,"PREMIUM_EXPENSE":null,"LOAN_DEPOSIT":null,"LOAN_EQUITY":null,"LOAN_ASSETS":null,"DEPOSIT_EQUITY":null,"DEPOSIT_ASSETS":null,"EQUITY_MULTIPLIER":2.46259603418,"EQUITY_RATIO":1.462596034179},{"SECUCODE":"02858.HK","SECURITY_CODE":"02858","SECURITY_NAME_ABBR":"易鑫集团","ORG_CODE":"10740157","STD_REPORT_DATE":"2022-12-31 00:00:00","REPORT_DATE":"2022-12-31 00:00:00","DATE_TYPE_CODE":"001","REPORT_TYPE":"2022年年报","PER_NETCASH_OPERATE":-0.312413193244,"PER_OI":0.797303686082,"BPS":2.2679982565,"BASIC_EPS":0.058,"DILUTED_EPS":0.056,"OPERATE_INCOME":5201508000,"OPERATE_INCOME_YOY":48.8550640693,"GROSS_PROFIT":2888371000,"GROSS_PROFIT_YOY":62.419412249957,"HOLDER_PROFIT":370814000,"HOLDER_PROFIT_YOY":1180.7446551307,"GROSS_PROFIT_RATIO":55.529492600992,"EPS_TTM":0.056839549041,"OPERATE_INCOME_QOQ":14.800311989756,"NET_PROFIT_RATIO":7.1289710599,"ROE_AVG":2.474698035506,"GROSS_PROFIT_QOQ":18.952242773076,"ROA":1.242224976104,"HOLDER_PROFIT_QOQ":29.001217603061,"ROE_YEARLY":2.474698035506,"ROIC_YEARLY":1.393600574466,"TOTAL_ASSETS":32164392000,"TOTAL_LIABILITIES":16838179000,"TAX_EBT":8.55185441847,"OCF_SALES":-39.18371364612,"TOTAL_PARENT_EQUITY":15326213000,"DEBT_ASSET_RATIO":52.3503724243,"OPERATE_PROFIT":400024000,"PRETAX_PROFIT":405491000,"NETCASH_OPERATE":-2038144000,"NETCASH_INVEST":-129311000,"NETCASH_FINANCE":2519347000,"END_CASH":3433182000,"DIVI_RATIO":0.4783042874,"DIVIDEND_RATE":3.79746835443,"CURRENT_RATIO":1.515984653236,"COMMON_ACS":15000000000,"CURRENTDEBT_DEBT":66.018718532449,"ISSUED_COMMON_SHARES":6757594701,"HK_COMMON_SHARES":6757594701,"PER_SHARES":500,"TOTAL_MARKET_CAP":5338499813.79,"HKSK_MARKET_CAP":5338499813.79,"PE_TTM":6.912278921171,"PB_TTM":0.303960018467,"REPORT_DATE_SQ":"2021-12-31 00:00:00","REPORT_TYPE_SQ":"2021年年报","OPERATE_INCOME_SQ":3494344000,"DPS_HKD":0.03,"OPERATE_INCOME_QOQ_SQ":12.100604719054,"NET_PROFIT_RATIO_SQ":0.8285675366,"HOLDER_PROFIT_SQ":28953000,"HOLDER_PROFIT_QOQ_SQ":112.194176883584,"ROE_AVG_SQ":0.198470849727,"PE_TTM_SQ":6.183656260466,"PB_TTM_SQ":0.20544565079,"ROA_SQ":0.105163530052,"START_DATE":"2022-01-01 00:00:00","FISCAL_YEAR":"12-31","CURRENCY":"HKD","IS_CNY_CODE":0,"DPS_HKD_LY":null,"ORG_TYPE":"一般企业","PREMIUM_INCOME":null,"PREMIUM_INCOME_YOY":null,"NET_INTEREST_INCOME":null,"NET_INTEREST_INCOME_YOY":null,"FEE_COMMISSION_INCOME":null,"FEE_COMMISSION_INCOME_YOY":null,"ACCOUNTS_RECE_TDAYS":2.149847198445,"INVENTORY_TDAYS":null,"CURRENT_ASSETS_TDAYS":0.327659372354,"TOTAL_ASSETS_TDAYS":0.17425024813,"PREMIUM_EXPENSE":null,"LOAN_DEPOSIT":null,"LOAN_EQUITY":null,"LOAN_ASSETS":null,"DEPOSIT_EQUITY":null,"DEPOSIT_ASSETS":null,"EQUITY_MULTIPLIER":2.098652289383,"EQUITY_RATIO":1.098652289382},{"SECUCODE":"02858.HK","SECURITY_CODE":"02858","SECURITY_NAME_ABBR":"易鑫集团","ORG_CODE":"10740157","STD_REPORT_DATE":"2022-06-30 00:00:00","REPORT_DATE":"2022-06-30 00:00:00","DATE_TYPE_CODE":"002","REPORT_TYPE":"2022年中报","PER_NETCASH_OPERATE":-0.016691878279,"PER_OI":0.375908781521,"BPS":2.210999721216,"BASIC_EPS":0.02,"DILUTED_EPS":0.02,"OPERATE_INCOME":2452343000,"OPERATE_INCOME_YOY":73.2163227193,"GROSS_PROFIT":1356909000,"GROSS_PROFIT_YOY":91.905079107815,"HOLDER_PROFIT":123901000,"HOLDER_PROFIT_YOY":192.0539986329,"GROSS_PROFIT_RATIO":55.33112619238,"EPS_TTM":0.044061935565,"OPERATE_INCOME_QOQ":29.664337569512,"NET_PROFIT_RATIO":5.0523519752,"ROE_AVG":0.837642894623,"GROSS_PROFIT_QOQ":36.54169813326,"ROA":0.43311802752,"HOLDER_PROFIT_QOQ":892.815943080164,"ROE_YEARLY":1.675285789246,"ROIC_YEARLY":0.991335664207,"TOTAL_ASSETS":29676311000,"TOTAL_LIABILITIES":14735271000,"TAX_EBT":15.839559842413,"OCF_SALES":-4.440406582603,"TOTAL_PARENT_EQUITY":14941040000,"DEBT_ASSET_RATIO":49.6533110197,"OPERATE_PROFIT":150005000,"PRETAX_PROFIT":147220000,"NETCASH_OPERATE":-108894000,"NETCASH_INVEST":39268000,"NETCASH_FINANCE":1175080000,"END_CASH":4168223000,"DIVI_RATIO":0.617008754873,"DIVIDEND_RATE":3.79746835443,"CURRENT_RATIO":1.707113476727,"COMMON_ACS":15000000000,"CURRENTDEBT_DEBT":64.363994391416,"ISSUED_COMMON_SHARES":6757594701,"HK_COMMON_SHARES":6757594701,"PER_SHARES":500,"TOTAL_MARKET_CAP":5338499813.79,"HKSK_MARKET_CAP":5338499813.79,"PE_TTM":6.912278921171,"PB_TTM":0.303960018467,"REPORT_DATE_SQ":"2021-06-30 00:00:00","REPORT_TYPE_SQ":"2021年中报","OPERATE_INCOME_SQ":1415769000,"DPS_HKD":0.03,"OPERATE_INCOME_QOQ_SQ":-6.257189384747,"NET_PROFIT_RATIO_SQ":-9.5069181484,"HOLDER_PROFIT_SQ":-134596000,"HOLDER_PROFIT_QOQ_SQ":79.456352547136,"ROE_AVG_SQ":-0.930138220505,"PE_TTM_SQ":6.183656260466,"PB_TTM_SQ":0.20544565079,"ROA_SQ":-0.506753967985,"START_DATE":"2022-01-01 00:00:00","FISCAL_YEAR":"12-31","CURRENCY":"HKD","IS_CNY_CODE":0,"DPS_HKD_LY":null,"ORG_TYPE":"一般企业","PREMIUM_INCOME":null,"PREMIUM_INCOME_YOY":null,"NET_INTEREST_INCOME":null,"NET_INTEREST_INCOME_YOY":null,"FEE_COMMISSION_INCOME":null,"FEE_COMMISSION_INCOME_YOY":null,"ACCOUNTS_RECE_TDAYS":1.043282732831,"INVENTORY_TDAYS":null,"CURRENT_ASSETS_TDAYS":0.157768383694,"TOTAL_ASSETS_TDAYS":0.085726020207,"PREMIUM_EXPENSE":null,"LOAN_DEPOSIT":null,"LOAN_EQUITY":null,"LOAN_ASSETS":null,"DEPOSIT_EQUITY":null,"DEPOSIT_ASSETS":null,"EQUITY_MULTIPLIER":1.986227933263,"EQUITY_RATIO":0.986227933263},{"SECUCODE":"02858.HK","SECURITY_CODE":"02858","SECURITY_NAME_ABBR":"易鑫集团","ORG_CODE":"10740157","STD_REPORT_DATE":"2021-12-31 00:00:00","REPORT_DATE":"2021-12-31 00:00:00","DATE_TYPE_CODE":"001","REPORT_TYPE":"2021年年报","PER_NETCASH_OPERATE":0.223924497789,"PER_OI":0.536020431438,"BPS":2.166778513342,"BASIC_EPS":0.005,"DILUTED_EPS":0.004,"OPERATE_INCOME":3494344000,"OPERATE_INCOME_YOY":5.0862575803,"GROSS_PROFIT":1778341000,"GROSS_PROFIT_YOY":14.315789203022,"HOLDER_PROFIT":28953000,"HOLDER_PROFIT_YOY":102.5051287087,"GROSS_PROFIT_RATIO":50.891984303778,"EPS_TTM":0.004441291284,"OPERATE_INCOME_QOQ":12.100604719054,"NET_PROFIT_RATIO":0.8285675366,"ROE_AVG":0.198470849727,"GROSS_PROFIT_QOQ":16.41313370149,"ROA":0.105163530052,"HOLDER_PROFIT_QOQ":112.194176883584,"ROE_YEARLY":0.198470849727,"ROIC_YEARLY":0.117457492552,"TOTAL_ASSETS":27537193000,"TOTAL_LIABILITIES":12894982000,"TAX_EBT":65.377578475336,"OCF_SALES":41.775366134531,"TOTAL_PARENT_EQUITY":14642211000,"DEBT_ASSET_RATIO":46.8275107052,"OPERATE_PROFIT":102182000,"PRETAX_PROFIT":83625000,"NETCASH_OPERATE":1459775000,"NETCASH_INVEST":63389000,"NETCASH_FINANCE":-1169070000,"END_CASH":3051720000,"DIVI_RATIO":6.121327843617,"DIVIDEND_RATE":3.79746835443,"CURRENT_RATIO":1.781329770977,"COMMON_ACS":15000000000,"CURRENTDEBT_DEBT":64.854716354005,"ISSUED_COMMON_SHARES":6757594701,"HK_COMMON_SHARES":6757594701,"PER_SHARES":500,"TOTAL_MARKET_CAP":5338499813.79,"HKSK_MARKET_CAP":5338499813.79,"PE_TTM":6.912278921171,"PB_TTM":0.303960018467,"REPORT_DATE_SQ":"2020-12-31 00:00:00","REPORT_TYPE_SQ":"2020年年报","OPERATE_INCOME_SQ":3325215000,"DPS_HKD":0.03,"OPERATE_INCOME_QOQ_SQ":-21.981348530306,"NET_PROFIT_RATIO_SQ":-34.7571209681,"HOLDER_PROFIT_SQ":-1155749000,"HOLDER_PROFIT_QOQ_SQ":-0.928464078343,"ROE_AVG_SQ":-7.642094817204,"PE_TTM_SQ":6.183656260466,"PB_TTM_SQ":0.20544565079,"ROA_SQ":-3.446263939527,"START_DATE":"2021-01-01 00:00:00","FISCAL_YEAR":"12-31","CURRENCY":"HKD","IS_CNY_CODE":0,"DPS_HKD_LY":null,"ORG_TYPE":"一般企业","PREMIUM_INCOME":null,"PREMIUM_INCOME_YOY":null,"NET_INTEREST_INCOME":null,"NET_INTEREST_INCOME_YOY":null,"FEE_COMMISSION_INCOME":null,"FEE_COMMISSION_INCOME_YOY":null,"ACCOUNTS_RECE_TDAYS":2.217221239954,"INVENTORY_TDAYS":null,"CURRENT_ASSETS_TDAYS":0.219903415644,"TOTAL_ASSETS_TDAYS":0.126922097971,"PREMIUM_EXPENSE":null,"LOAN_DEPOSIT":null,"LOAN_EQUITY":null,"LOAN_ASSETS":null,"DEPOSIT_EQUITY":null,"DEPOSIT_ASSETS":null,"EQUITY_MULTIPLIER":1.880671778325,"EQUITY_RATIO":0.880671778326},{"SECUCODE":"02858.HK","SECURITY_CODE":"02858","SECURITY_NAME_ABBR":"易鑫集团","ORG_CODE":"10740157","STD_REPORT_DATE":"2021-06-30 00:00:00","REPORT_DATE":"2021-06-30 00:00:00","DATE_TYPE_CODE":"002","REPORT_TYPE":"2021年中报","PER_NETCASH_OPERATE":0.388338088168,"PER_OI":0.218824687263,"BPS":2.132003122038,"BASIC_EPS":-0.02,"DILUTED_EPS":-0.02,"OPERATE_INCOME":1415769000,"OPERATE_INCOME_YOY":-12.8131939595,"GROSS_PROFIT":707073000,"GROSS_PROFIT_YOY":-3.812678547136,"HOLDER_PROFIT":-134596000,"HOLDER_PROFIT_YOY":87.2167854484,"GROSS_PROFIT_RATIO":49.94268132725,"EPS_TTM":-0.036698219816,"OPERATE_INCOME_QOQ":-6.257189384747,"NET_PROFIT_RATIO":-9.5069181484,"ROE_AVG":-0.930138220505,"GROSS_PROFIT_QOQ":-1.801639069219,"ROA":-0.506753967985,"HOLDER_PROFIT_QOQ":79.456352547136,"ROE_YEARLY":-1.86027644101,"ROIC_YEARLY":-1.136093268095,"TOTAL_ASSETS":25595225000,"TOTAL_LIABILITIES":11188012000,"TAX_EBT":-19.992867968263,"OCF_SALES":177.465391599901,"TOTAL_PARENT_EQUITY":14407213000,"DEBT_ASSET_RATIO":43.7113250616,"OPERATE_PROFIT":-106907000,"PRETAX_PROFIT":-112170000,"NETCASH_OPERATE":2512500000,"NETCASH_INVEST":86391000,"NETCASH_FINANCE":-2284941000,"END_CASH":3020222000,"DIVI_RATIO":-0.740815225812,"DIVIDEND_RATE":3.79746835443,"CURRENT_RATIO":1.98821230038,"COMMON_ACS":15000000000,"CURRENTDEBT_DEBT":71.483423507233,"ISSUED_COMMON_SHARES":6757594701,"HK_COMMON_SHARES":6757594701,"PER_SHARES":500,"TOTAL_MARKET_CAP":5338499813.79,"HKSK_MARKET_CAP":5338499813.79,"PE_TTM":6.912278921171,"PB_TTM":0.303960018467,"REPORT_DATE_SQ":"2020-06-30 00:00:00","REPORT_TYPE_SQ":"2020年中报","OPERATE_INCOME_SQ":1623834000,"DPS_HKD":0.03,"OPERATE_INCOME_QOQ_SQ":-26.515685738335,"NET_PROFIT_RATIO_SQ":-64.8411106061,"HOLDER_PROFIT_SQ":-1052912000,"HOLDER_PROFIT_QOQ_SQ":-3801.56775277993,"ROE_AVG_SQ":-6.912848773916,"PE_TTM_SQ":6.183656260466,"PB_TTM_SQ":0.20544565079,"ROA_SQ":-2.949494729354,"START_DATE":"2021-01-01 00:00:00","FISCAL_YEAR":"12-31","CURRENCY":"HKD","IS_CNY_CODE":0,"DPS_HKD_LY":null,"ORG_TYPE":"一般企业","PREMIUM_INCOME":null,"PREMIUM_INCOME_YOY":null,"NET_INTEREST_INCOME":null,"NET_INTEREST_INCOME_YOY":null,"FEE_COMMISSION_INCOME":null,"FEE_COMMISSION_INCOME_YOY":null,"ACCOUNTS_RECE_TDAYS":1.104553790053,"INVENTORY_TDAYS":null,"CURRENT_ASSETS_TDAYS":0.086368658581,"TOTAL_ASSETS_TDAYS":0.053303705794,"PREMIUM_EXPENSE":null,"LOAN_DEPOSIT":null,"LOAN_EQUITY":null,"LOAN_ASSETS":null,"DEPOSIT_EQUITY":null,"DEPOSIT_ASSETS":null,"EQUITY_MULTIPLIER":1.77655629857,"EQUITY_RATIO":0.776556298571},{"SECUCODE":"02858.HK","SECURITY_CODE":"02858","SECURITY_NAME_ABBR":"易鑫集团","ORG_CODE":"10740157","STD_REPORT_DATE":"2020-12-31 00:00:00","REPORT_DATE":"2020-12-31 00:00:00","DATE_TYPE_CODE":"001","REPORT_TYPE":"2020年年报","PER_NETCASH_OPERATE":1.921337280456,"PER_OI":0.52147144414,"BPS":2.150744849769,"BASIC_EPS":-0.184,"DILUTED_EPS":-0.184,"OPERATE_INCOME":3325215000,"OPERATE_INCOME_YOY":-42.6685289713,"GROSS_PROFIT":1555639000,"GROSS_PROFIT_YOY":-43.767843213235,"HOLDER_PROFIT":-1155749000,"HOLDER_PROFIT_YOY":-3835.9354797,"GROSS_PROFIT_RATIO":46.783110265051,"EPS_TTM":-0.181248460654,"OPERATE_INCOME_QOQ":-21.981348530306,"NET_PROFIT_RATIO":-34.7571209681,"ROE_AVG":-7.642094817204,"GROSS_PROFIT_QOQ":-21.01759644842,"ROA":-3.446263939527,"HOLDER_PROFIT_QOQ":-0.928464078343,"ROE_YEARLY":-7.642094817204,"ROIC_YEARLY":-3.682242008943,"TOTAL_ASSETS":27525622000,"TOTAL_LIABILITIES":12991760000,"TAX_EBT":22.843796856203,"OCF_SALES":368.445348646629,"TOTAL_PARENT_EQUITY":14533862000,"DEBT_ASSET_RATIO":47.1987880964,"OPERATE_PROFIT":-1481111000,"PRETAX_PROFIT":-1497934000,"NETCASH_OPERATE":12251600000,"NETCASH_INVEST":-195573000,"NETCASH_FINANCE":-10936021000,"END_CASH":2711558000,"DIVI_RATIO":-0.149996308393,"DIVIDEND_RATE":3.79746835443,"CURRENT_RATIO":1.652801307874,"COMMON_ACS":15000000000,"CURRENTDEBT_DEBT":78.627145205884,"ISSUED_COMMON_SHARES":6757594701,"HK_COMMON_SHARES":6757594701,"PER_SHARES":500,"TOTAL_MARKET_CAP":5338499813.79,"HKSK_MARKET_CAP":5338499813.79,"PE_TTM":6.912278921171,"PB_TTM":0.303960018467,"REPORT_DATE_SQ":"2019-12-31 00:00:00","REPORT_TYPE_SQ":"2019年年报","OPERATE_INCOME_SQ":5799982000,"DPS_HKD":0.03,"OPERATE_INCOME_QOQ_SQ":-5.396170261977,"NET_PROFIT_RATIO_SQ":0.5333809657,"HOLDER_PROFIT_SQ":30936000,"HOLDER_PROFIT_QOQ_SQ":-73.341376190271,"ROE_AVG_SQ":0.198748046634,"PE_TTM_SQ":6.183656260466,"PB_TTM_SQ":0.20544565079,"ROA_SQ":0.068678586347,"START_DATE":"2020-01-01 00:00:00","FISCAL_YEAR":"12-31","CURRENCY":"HKD","IS_CNY_CODE":0,"DPS_HKD_LY":null,"ORG_TYPE":"一般企业","PREMIUM_INCOME":null,"PREMIUM_INCOME_YOY":null,"NET_INTEREST_INCOME":null,"NET_INTEREST_INCOME_YOY":null,"FEE_COMMISSION_INCOME":null,"FEE_COMMISSION_INCOME_YOY":null,"ACCOUNTS_RECE_TDAYS":2.868811478645,"INVENTORY_TDAYS":null,"CURRENT_ASSETS_TDAYS":0.16925464894,"TOTAL_ASSETS_TDAYS":0.099152744633,"PREMIUM_EXPENSE":null,"LOAN_DEPOSIT":null,"LOAN_EQUITY":null,"LOAN_ASSETS":null,"DEPOSIT_EQUITY":null,"DEPOSIT_ASSETS":null,"EQUITY_MULTIPLIER":1.893895923877,"EQUITY_RATIO":0.893895923878},{"SECUCODE":"02858.HK","SECURITY_CODE":"02858","SECURITY_NAME_ABBR":"易鑫集团","ORG_CODE":"10740157","STD_REPORT_DATE":"2020-06-30 00:00:00","REPORT_DATE":"2020-06-30 00:00:00","DATE_TYPE_CODE":"002","REPORT_TYPE":"2020年中报","PER_NETCASH_OPERATE":1.163196192505,"PER_OI":0.254720595218,"BPS":2.182641850038,"BASIC_EPS":-0.17,"DILUTED_EPS":-0.17,"OPERATE_INCOME":1623834000,"OPERATE_INCOME_YOY":-48.6411117426,"GROSS_PROFIT":735100000,"GROSS_PROFIT_YOY":-52.01559313714,"HOLDER_PROFIT":-1052912000,"HOLDER_PROFIT_YOY":-955.0458417586,"GROSS_PROFIT_RATIO":45.269405616584,"EPS_TTM":-0.179627279534,"OPERATE_INCOME_QOQ":-26.515685738335,"NET_PROFIT_RATIO":-64.8411106061,"ROE_AVG":-6.912848773916,"GROSS_PROFIT_QOQ":-28.804196557475,"ROA":-2.949494729354,"HOLDER_PROFIT_QOQ":-3801.56775277993,"ROE_YEARLY":-13.825697547831,"ROIC_YEARLY":-6.226446703933,"TOTAL_ASSETS":31849139000,"TOTAL_LIABILITIES":17099730000,"TAX_EBT":23.482178868997,"OCF_SALES":456.655729588123,"TOTAL_PARENT_EQUITY":14749409000,"DEBT_ASSET_RATIO":53.689771645,"OPERATE_PROFIT":-1372304000,"PRETAX_PROFIT":-1376035000,"NETCASH_OPERATE":7415331000,"NETCASH_INVEST":-29091000,"NETCASH_FINANCE":-6815523000,"END_CASH":2168000000,"DIVI_RATIO":-0.151350062588,"DIVIDEND_RATE":3.79746835443,"CURRENT_RATIO":1.338641945952,"COMMON_ACS":15000000000,"CURRENTDEBT_DEBT":82.584379987286,"ISSUED_COMMON_SHARES":6757594701,"HK_COMMON_SHARES":6757594701,"PER_SHARES":500,"TOTAL_MARKET_CAP":5338499813.79,"HKSK_MARKET_CAP":5338499813.79,"PE_TTM":6.912278921171,"PB_TTM":0.303960018467,"REPORT_DATE_SQ":"2019-06-30 00:00:00","REPORT_TYPE_SQ":"2019年中报","OPERATE_INCOME_SQ":3161739000,"DPS_HKD":0.03,"OPERATE_INCOME_QOQ_SQ":10.811834222844,"NET_PROFIT_RATIO_SQ":3.894723758,"HOLDER_PROFIT_SQ":123141000,"HOLDER_PROFIT_QOQ_SQ":169.663224876936,"ROE_AVG_SQ":0.791844670583,"PE_TTM_SQ":6.183656260466,"PB_TTM_SQ":0.20544565079,"ROA_SQ":0.251716146336,"START_DATE":"2020-01-01 00:00:00","FISCAL_YEAR":"12-31","CURRENCY":"HKD","IS_CNY_CODE":0,"DPS_HKD_LY":null,"ORG_TYPE":"一般企业","PREMIUM_INCOME":null,"PREMIUM_INCOME_YOY":null,"NET_INTEREST_INCOME":null,"NET_INTEREST_INCOME_YOY":null,"FEE_COMMISSION_INCOME":null,"FEE_COMMISSION_INCOME_YOY":null,"ACCOUNTS_RECE_TDAYS":1.500960842547,"INVENTORY_TDAYS":null,"CURRENT_ASSETS_TDAYS":0.078611453935,"TOTAL_ASSETS_TDAYS":0.045488035319,"PREMIUM_EXPENSE":null,"LOAN_DEPOSIT":null,"LOAN_EQUITY":null,"LOAN_ASSETS":null,"DEPOSIT_EQUITY":null,"DEPOSIT_ASSETS":null,"EQUITY_MULTIPLIER":2.159350181421,"EQUITY_RATIO":1.159350181421}],"count":19},"success":true,"message":"ok","code":0}