{"version":"93e34c481c3537402c8e383c0ac10341","result":{"pages":3,"data":[{"SECUCODE":"02863.HK","SECURITY_CODE":"02863","SECURITY_NAME_ABBR":"高丰集团控股","ORG_CODE":"10681892","STD_REPORT_DATE":"2024-12-31 00:00:00","REPORT_DATE":"2024-09-30 00:00:00","DATE_TYPE_CODE":"001","REPORT_TYPE":"2024年年报","PER_NETCASH_OPERATE":-0.052556101731,"PER_OI":0.996289822661,"BPS":0.37652516103,"BASIC_EPS":-0.008567005,"DILUTED_EPS":-0.008567005,"OPERATE_INCOME":664327050.04,"OPERATE_INCOME_YOY":9.7115862903,"GROSS_PROFIT":12067753.78,"GROSS_PROFIT_YOY":-43.487594868676,"HOLDER_PROFIT":-5693000.27,"HOLDER_PROFIT_YOY":70.7379252804,"GROSS_PROFIT_RATIO":1.816538071011,"EPS_TTM":-0.008537780042,"OPERATE_INCOME_QOQ":0,"NET_PROFIT_RATIO":-2.2756272771,"ROE_AVG":-2.250700112838,"GROSS_PROFIT_QOQ":0,"ROA":-1.788676625796,"HOLDER_PROFIT_QOQ":0,"ROE_YEARLY":-2.250700112838,"ROIC_YEARLY":-3.16627587677,"TOTAL_ASSETS":304527268.68,"TOTAL_LIABILITIES":58056338.41,"TAX_EBT":-3.654238545724,"OCF_SALES":-5.275182033893,"TOTAL_PARENT_EQUITY":251067353.9,"DEBT_ASSET_RATIO":19.0644137261,"OPERATE_PROFIT":-14277139.28,"PRETAX_PROFIT":-14584649.67,"NETCASH_OPERATE":-35044461.19,"NETCASH_INVEST":551895.48,"NETCASH_FINANCE":-3430409.16,"END_CASH":111736289.95,"DIVI_RATIO":null,"DIVIDEND_RATE":null,"CURRENT_RATIO":5.290096956249,"COMMON_ACS":10000000000,"CURRENTDEBT_DEBT":96.604482828251,"ISSUED_COMMON_SHARES":666801000,"HK_COMMON_SHARES":666801000,"PER_SHARES":3000,"TOTAL_MARKET_CAP":230046345,"HKSK_MARKET_CAP":230046345,"PE_TTM":-36.440099002059,"PB_TTM":0.826286214576,"REPORT_DATE_SQ":"2023-12-31 00:00:00","REPORT_TYPE_SQ":"2023年年报","OPERATE_INCOME_SQ":616157345.58,"DPS_HKD":null,"OPERATE_INCOME_QOQ_SQ":0,"NET_PROFIT_RATIO_SQ":-2.8019289137,"HOLDER_PROFIT_SQ":-19796949.62,"HOLDER_PROFIT_QOQ_SQ":0,"ROE_AVG_SQ":-7.37314274485,"PE_TTM_SQ":-10.508590896449,"PB_TTM_SQ":0.802319912518,"ROA_SQ":-5.850076535835,"START_DATE":"2023-10-01 00:00:00","FISCAL_YEAR":"9-30","CURRENCY":"HKD","IS_CNY_CODE":0,"DPS_HKD_LY":null,"ORG_TYPE":"一般企业","PREMIUM_INCOME":null,"PREMIUM_INCOME_YOY":null,"NET_INTEREST_INCOME":null,"NET_INTEREST_INCOME_YOY":null,"FEE_COMMISSION_INCOME":null,"FEE_COMMISSION_INCOME_YOY":null,"ACCOUNTS_RECE_TDAYS":7.434600731677,"INVENTORY_TDAYS":73.55781551917,"CURRENT_ASSETS_TDAYS":2.132554430109,"TOTAL_ASSETS_TDAYS":2.087240839514,"PREMIUM_EXPENSE":null,"LOAN_DEPOSIT":null,"LOAN_EQUITY":null,"LOAN_ASSETS":null,"DEPOSIT_EQUITY":null,"DEPOSIT_ASSETS":null,"EQUITY_MULTIPLIER":1.235550449484,"EQUITY_RATIO":0.23123810208},{"SECUCODE":"02863.HK","SECURITY_CODE":"02863","SECURITY_NAME_ABBR":"高丰集团控股","ORG_CODE":"10681892","STD_REPORT_DATE":"2024-06-30 00:00:00","REPORT_DATE":"2024-03-31 00:00:00","DATE_TYPE_CODE":"002","REPORT_TYPE":"2024年中报","PER_NETCASH_OPERATE":-0.042099857829,"PER_OI":0.47081796698,"BPS":0.389700353554,"BASIC_EPS":0.0054393,"DILUTED_EPS":0.0054393,"OPERATE_INCOME":313941891.2,"OPERATE_INCOME_YOY":-5.6538902677,"GROSS_PROFIT":30695783,"GROSS_PROFIT_YOY":47.273991561382,"HOLDER_PROFIT":3687845.4,"HOLDER_PROFIT_YOY":-34.5980707395,"GROSS_PROFIT_RATIO":9.777536499723,"EPS_TTM":-0.032324718199,"OPERATE_INCOME_QOQ":0,"NET_PROFIT_RATIO":2.7097579006,"ROE_AVG":1.429349449237,"GROSS_PROFIT_QOQ":0,"ROA":1.063692094085,"HOLDER_PROFIT_QOQ":0,"ROE_YEARLY":2.858698898473,"ROIC_YEARLY":3.710519294837,"TOTAL_ASSETS":359619319.5,"TOTAL_LIABILITIES":90093845.55,"TAX_EBT":35.139618468344,"OCF_SALES":-8.941854555535,"TOTAL_PARENT_EQUITY":259852585.45,"DEBT_ASSET_RATIO":25.0525599334,"OPERATE_PROFIT":13232910.35,"PRETAX_PROFIT":13115965.4,"NETCASH_OPERATE":-28072227.3,"NETCASH_INVEST":4532750,"NETCASH_FINANCE":-569313.4,"END_CASH":126340434.2,"DIVI_RATIO":null,"DIVIDEND_RATE":null,"CURRENT_RATIO":3.991524558358,"COMMON_ACS":10000000000,"CURRENTDEBT_DEBT":98.539962367052,"ISSUED_COMMON_SHARES":666801000,"HK_COMMON_SHARES":666801000,"PER_SHARES":3000,"TOTAL_MARKET_CAP":190038285,"HKSK_MARKET_CAP":190038285,"PE_TTM":-8.009706018714,"PB_TTM":0.662988236074,"REPORT_DATE_SQ":"2023-06-30 00:00:00","REPORT_TYPE_SQ":"2023年中报","OPERATE_INCOME_SQ":321325368.37,"DPS_HKD":null,"OPERATE_INCOME_QOQ_SQ":0,"NET_PROFIT_RATIO_SQ":2.4132491684,"HOLDER_PROFIT_SQ":5445050.2,"HOLDER_PROFIT_QOQ_SQ":0,"ROE_AVG_SQ":2.03004598609,"PE_TTM_SQ":16.585589272793,"PB_TTM_SQ":0.591211874516,"ROA_SQ":1.541084011377,"START_DATE":"2023-10-01 00:00:00","FISCAL_YEAR":"9-30","CURRENCY":"HKD","IS_CNY_CODE":0,"DPS_HKD_LY":null,"ORG_TYPE":"一般企业","PREMIUM_INCOME":null,"PREMIUM_INCOME_YOY":null,"NET_INTEREST_INCOME":null,"NET_INTEREST_INCOME_YOY":null,"FEE_COMMISSION_INCOME":null,"FEE_COMMISSION_INCOME_YOY":null,"ACCOUNTS_RECE_TDAYS":3.61845253644,"INVENTORY_TDAYS":null,"CURRENT_ASSETS_TDAYS":0.920080396509,"TOTAL_ASSETS_TDAYS":0.905508424164,"PREMIUM_EXPENSE":null,"LOAN_DEPOSIT":null,"LOAN_EQUITY":null,"LOAN_ASSETS":null,"DEPOSIT_EQUITY":null,"DEPOSIT_ASSETS":null,"EQUITY_MULTIPLIER":1.334268387434,"EQUITY_RATIO":0.346711368655},{"SECUCODE":"02863.HK","SECURITY_CODE":"02863","SECURITY_NAME_ABBR":"高丰集团控股","ORG_CODE":"10681892","STD_REPORT_DATE":"2023-12-31 00:00:00","REPORT_DATE":"2023-09-30 00:00:00","DATE_TYPE_CODE":"001","REPORT_TYPE":"2023年年报","PER_NETCASH_OPERATE":-0.000055046708,"PER_OI":0.924049822331,"BPS":0.388865083781,"BASIC_EPS":-0.029731212,"DILUTED_EPS":-0.029731212,"OPERATE_INCOME":616157345.58,"OPERATE_INCOME_YOY":92.6123748602,"GROSS_PROFIT":21354167.73,"GROSS_PROFIT_YOY":-49.06397604808,"HOLDER_PROFIT":-19796949.62,"HOLDER_PROFIT_YOY":-286.1271676301,"GROSS_PROFIT_RATIO":3.465700422657,"EPS_TTM":-0.029689442007,"OPERATE_INCOME_QOQ":0,"NET_PROFIT_RATIO":-2.8019289137,"ROE_AVG":-7.37314274485,"GROSS_PROFIT_QOQ":0,"ROA":-5.850076535835,"HOLDER_PROFIT_QOQ":0,"ROE_YEARLY":-7.37314274485,"ROIC_YEARLY":-10.012670153666,"TOTAL_ASSETS":337864942.59,"TOTAL_LIABILITIES":73656324.84,"TAX_EBT":-16.675968992248,"OCF_SALES":-0.005957114731,"TOTAL_PARENT_EQUITY":259295626.73,"DEBT_ASSET_RATIO":21.8005230952,"OPERATE_PROFIT":-14662809.77,"PRETAX_PROFIT":-14796783.75,"NETCASH_OPERATE":-36705.2,"NETCASH_INVEST":36561132.09,"NETCASH_FINANCE":-1438843.84,"END_CASH":152288039.54,"DIVI_RATIO":null,"DIVIDEND_RATE":null,"CURRENT_RATIO":4.59138256975,"COMMON_ACS":10000000000,"CURRENTDEBT_DEBT":98.192305775652,"ISSUED_COMMON_SHARES":666801000,"HK_COMMON_SHARES":666801000,"PER_SHARES":3000,"TOTAL_MARKET_CAP":243382365,"HKSK_MARKET_CAP":243382365,"PE_TTM":-38.552568509425,"PB_TTM":0.874186864696,"REPORT_DATE_SQ":"2022-12-31 00:00:00","REPORT_TYPE_SQ":"2022年年报","OPERATE_INCOME_SQ":315296828.4,"DPS_HKD":null,"OPERATE_INCOME_QOQ_SQ":0,"NET_PROFIT_RATIO_SQ":3.9083789908,"HOLDER_PROFIT_SQ":10483364.04,"HOLDER_PROFIT_QOQ_SQ":0,"ROE_AVG_SQ":3.93080481287,"PE_TTM_SQ":-9.272286085102,"PB_TTM_SQ":0.707929334574,"ROA_SQ":3.358410586049,"START_DATE":"2022-10-01 00:00:00","FISCAL_YEAR":"9-30","CURRENCY":"HKD","IS_CNY_CODE":0,"DPS_HKD_LY":null,"ORG_TYPE":"一般企业","PREMIUM_INCOME":null,"PREMIUM_INCOME_YOY":null,"NET_INTEREST_INCOME":null,"NET_INTEREST_INCOME_YOY":null,"FEE_COMMISSION_INCOME":null,"FEE_COMMISSION_INCOME_YOY":null,"ACCOUNTS_RECE_TDAYS":6.924043062201,"INVENTORY_TDAYS":null,"CURRENT_ASSETS_TDAYS":1.98644181117,"TOTAL_ASSETS_TDAYS":1.820769208868,"PREMIUM_EXPENSE":null,"LOAN_DEPOSIT":null,"LOAN_EQUITY":null,"LOAN_ASSETS":null,"DEPOSIT_EQUITY":null,"DEPOSIT_ASSETS":null,"EQUITY_MULTIPLIER":1.278780932534,"EQUITY_RATIO":0.284063120419},{"SECUCODE":"02863.HK","SECURITY_CODE":"02863","SECURITY_NAME_ABBR":"高丰集团控股","ORG_CODE":"10681892","STD_REPORT_DATE":"2023-06-30 00:00:00","REPORT_DATE":"2023-03-31 00:00:00","DATE_TYPE_CODE":"002","REPORT_TYPE":"2023年中报","PER_NETCASH_OPERATE":0.038982447135,"PER_OI":0.482687225,"BPS":0.40719369887,"BASIC_EPS":0.00787869,"DILUTED_EPS":0.00787869,"OPERATE_INCOME":321325368.37,"OPERATE_INCOME_YOY":147.7704125716,"GROSS_PROFIT":20842636.69,"GROSS_PROFIT_YOY":4.131300842895,"HOLDER_PROFIT":5445050.2,"HOLDER_PROFIT_YOY":-7.9200592154,"GROSS_PROFIT_RATIO":6.486458506445,"EPS_TTM":0.015671904646,"OPERATE_INCOME_QOQ":0,"NET_PROFIT_RATIO":2.4132491684,"ROE_AVG":2.03004598609,"GROSS_PROFIT_QOQ":0,"ROA":1.541084011377,"HOLDER_PROFIT_QOQ":0,"ROE_YEARLY":4.06009197218,"ROIC_YEARLY":4.836176466015,"TOTAL_ASSETS":383301770.14,"TOTAL_LIABILITIES":107204459.42,"TAX_EBT":16.912109558203,"OCF_SALES":8.076129865389,"TOTAL_PARENT_EQUITY":271517165.6,"DEBT_ASSET_RATIO":27.9686836251,"OPERATE_PROFIT":9388772.25,"PRETAX_PROFIT":9332746.01,"NETCASH_OPERATE":25950654.04,"NETCASH_INVEST":90167.23,"NETCASH_FINANCE":-219727.91,"END_CASH":137631084.79,"DIVI_RATIO":null,"DIVIDEND_RATE":null,"CURRENT_RATIO":3.136275778473,"COMMON_ACS":10000000000,"CURRENTDEBT_DEBT":99.702764939328,"ISSUED_COMMON_SHARES":666801000,"HK_COMMON_SHARES":666801000,"PER_SHARES":3000,"TOTAL_MARKET_CAP":190038285,"HKSK_MARKET_CAP":190038285,"PE_TTM":-8.009706018714,"PB_TTM":0.662988236074,"REPORT_DATE_SQ":"2022-06-30 00:00:00","REPORT_TYPE_SQ":"2022年中报","OPERATE_INCOME_SQ":120146265.44,"DPS_HKD":null,"OPERATE_INCOME_QOQ_SQ":0,"NET_PROFIT_RATIO_SQ":5.4116265255,"HOLDER_PROFIT_SQ":5478372.55,"HOLDER_PROFIT_QOQ_SQ":0,"ROE_AVG_SQ":2.312366281558,"PE_TTM_SQ":16.585589272793,"PB_TTM_SQ":0.591211874516,"ROA_SQ":2.089927200611,"START_DATE":"2022-10-01 00:00:00","FISCAL_YEAR":"9-30","CURRENCY":"HKD","IS_CNY_CODE":0,"DPS_HKD_LY":null,"ORG_TYPE":"一般企业","PREMIUM_INCOME":null,"PREMIUM_INCOME_YOY":null,"NET_INTEREST_INCOME":null,"NET_INTEREST_INCOME_YOY":null,"FEE_COMMISSION_INCOME":null,"FEE_COMMISSION_INCOME_YOY":null,"ACCOUNTS_RECE_TDAYS":null,"INVENTORY_TDAYS":null,"CURRENT_ASSETS_TDAYS":1.053092584597,"TOTAL_ASSETS_TDAYS":0.909430343994,"PREMIUM_EXPENSE":null,"LOAN_DEPOSIT":null,"LOAN_EQUITY":null,"LOAN_ASSETS":null,"DEPOSIT_EQUITY":null,"DEPOSIT_ASSETS":null,"EQUITY_MULTIPLIER":1.388285054788,"EQUITY_RATIO":0.39483492391},{"SECUCODE":"02863.HK","SECURITY_CODE":"02863","SECURITY_NAME_ABBR":"高丰集团控股","ORG_CODE":"10681892","STD_REPORT_DATE":"2022-12-31 00:00:00","REPORT_DATE":"2022-09-30 00:00:00","DATE_TYPE_CODE":"001","REPORT_TYPE":"2022年年报","PER_NETCASH_OPERATE":0.031115297829,"PER_OI":0.473631297534,"BPS":0.410488728961,"BASIC_EPS":0.0158277,"DILUTED_EPS":0.0158277,"OPERATE_INCOME":315296828.4,"OPERATE_INCOME_YOY":36.7832914154,"GROSS_PROFIT":41923507.32,"GROSS_PROFIT_YOY":14.823207288983,"HOLDER_PROFIT":10483364.04,"HOLDER_PROFIT_YOY":-31.7855461394,"GROSS_PROFIT_RATIO":13.296520466998,"EPS_TTM":0.015747856831,"OPERATE_INCOME_QOQ":0,"NET_PROFIT_RATIO":3.9083789908,"ROE_AVG":3.93080481287,"GROSS_PROFIT_QOQ":0,"ROA":3.358410586049,"HOLDER_PROFIT_QOQ":0,"ROE_YEARLY":3.93080481287,"ROIC_YEARLY":5.184285679143,"TOTAL_ASSETS":334073002.8,"TOTAL_LIABILITIES":58012590.48,"TAX_EBT":13.929248262792,"OCF_SALES":6.569518946674,"TOTAL_PARENT_EQUITY":273714294.96,"DEBT_ASSET_RATIO":17.3652435228,"OPERATE_PROFIT":14434862.4,"PRETAX_PROFIT":14317285.2,"NETCASH_OPERATE":20713484.88,"NETCASH_INVEST":-2801955.12,"NETCASH_FINANCE":821231.52,"END_CASH":115517790.12,"DIVI_RATIO":null,"DIVIDEND_RATE":null,"CURRENT_RATIO":5.053645824955,"COMMON_ACS":10000000000,"CURRENTDEBT_DEBT":96.920894265848,"ISSUED_COMMON_SHARES":666801000,"HK_COMMON_SHARES":666801000,"PER_SHARES":3000,"TOTAL_MARKET_CAP":180036270,"HKSK_MARKET_CAP":180036270,"PE_TTM":-28.518338349438,"PB_TTM":0.646658776624,"REPORT_DATE_SQ":"2021-12-31 00:00:00","REPORT_TYPE_SQ":"2021年年报","OPERATE_INCOME_SQ":212316170.78,"DPS_HKD":null,"OPERATE_INCOME_QOQ_SQ":0,"NET_PROFIT_RATIO_SQ":6.7675574721,"HOLDER_PROFIT_SQ":14155355.52,"HOLDER_PROFIT_QOQ_SQ":0,"ROE_AVG_SQ":6.156031041004,"PE_TTM_SQ":20.80737563314,"PB_TTM_SQ":0.81411873476,"ROA_SQ":5.341321845132,"START_DATE":"2021-10-01 00:00:00","FISCAL_YEAR":"9-30","CURRENCY":"HKD","IS_CNY_CODE":0,"DPS_HKD_LY":null,"ORG_TYPE":"一般企业","PREMIUM_INCOME":null,"PREMIUM_INCOME_YOY":null,"NET_INTEREST_INCOME":null,"NET_INTEREST_INCOME_YOY":null,"FEE_COMMISSION_INCOME":null,"FEE_COMMISSION_INCOME_YOY":null,"ACCOUNTS_RECE_TDAYS":5.381943372341,"INVENTORY_TDAYS":null,"CURRENT_ASSETS_TDAYS":1.213510446473,"TOTAL_ASSETS_TDAYS":1.010072913815,"PREMIUM_EXPENSE":null,"LOAN_DEPOSIT":null,"LOAN_EQUITY":null,"LOAN_ASSETS":null,"DEPOSIT_EQUITY":null,"DEPOSIT_ASSETS":null,"EQUITY_MULTIPLIER":1.210144547683,"EQUITY_RATIO":0.211945782695},{"SECUCODE":"02863.HK","SECURITY_CODE":"02863","SECURITY_NAME_ABBR":"高丰集团控股","ORG_CODE":"10681892","STD_REPORT_DATE":"2022-06-30 00:00:00","REPORT_DATE":"2022-03-31 00:00:00","DATE_TYPE_CODE":"002","REPORT_TYPE":"2022年中报","PER_NETCASH_OPERATE":0.032986140565,"PER_OI":0.180480824634,"BPS":0.361392714348,"BASIC_EPS":0.0081101,"DILUTED_EPS":0.0081101,"OPERATE_INCOME":120146265.44,"OPERATE_INCOME_YOY":43.0278922927,"GROSS_PROFIT":20015726.8,"GROSS_PROFIT_YOY":69.291628569821,"HOLDER_PROFIT":5478372.55,"HOLDER_PROFIT_YOY":156.0652009098,"GROSS_PROFIT_RATIO":16.659466465061,"EPS_TTM":0.026144084551,"OPERATE_INCOME_QOQ":0,"NET_PROFIT_RATIO":5.4116265255,"ROE_AVG":2.312366281558,"GROSS_PROFIT_QOQ":0,"ROA":2.089927200611,"HOLDER_PROFIT_QOQ":0,"ROE_YEARLY":4.624732563115,"ROIC_YEARLY":6.786574538038,"TOTAL_ASSETS":264013762.37,"TOTAL_LIABILITIES":21542858.63,"TAX_EBT":16.784305584389,"OCF_SALES":18.276811750729,"TOTAL_PARENT_EQUITY":240977023.32,"DEBT_ASSET_RATIO":8.1597483543,"OPERATE_PROFIT":7869230.03,"PRETAX_PROFIT":7813270.34,"NETCASH_OPERATE":21958906.76,"NETCASH_INVEST":-5299139.34,"NETCASH_FINANCE":720987.89,"END_CASH":108401218.62,"DIVI_RATIO":null,"DIVIDEND_RATE":null,"CURRENT_RATIO":11.078476269775,"COMMON_ACS":10000000000,"CURRENTDEBT_DEBT":90.426533147611,"ISSUED_COMMON_SHARES":666801000,"HK_COMMON_SHARES":666801000,"PER_SHARES":3000,"TOTAL_MARKET_CAP":190038285,"HKSK_MARKET_CAP":190038285,"PE_TTM":-8.009706018714,"PB_TTM":0.662988236074,"REPORT_DATE_SQ":"2021-06-30 00:00:00","REPORT_TYPE_SQ":"2021年中报","OPERATE_INCOME_SQ":87541208.86,"DPS_HKD":null,"OPERATE_INCOME_QOQ_SQ":0,"NET_PROFIT_RATIO_SQ":2.9697712813,"HOLDER_PROFIT_SQ":2229584.84,"HOLDER_PROFIT_QOQ_SQ":0,"ROE_AVG_SQ":0.9825667041,"PE_TTM_SQ":16.585589272793,"PB_TTM_SQ":0.591211874516,"ROA_SQ":0.845434238484,"START_DATE":"2021-10-01 00:00:00","FISCAL_YEAR":"9-30","CURRENCY":"HKD","IS_CNY_CODE":0,"DPS_HKD_LY":null,"ORG_TYPE":"一般企业","PREMIUM_INCOME":null,"PREMIUM_INCOME_YOY":null,"NET_INTEREST_INCOME":null,"NET_INTEREST_INCOME_YOY":null,"FEE_COMMISSION_INCOME":null,"FEE_COMMISSION_INCOME_YOY":null,"ACCOUNTS_RECE_TDAYS":null,"INVENTORY_TDAYS":null,"CURRENT_ASSETS_TDAYS":0.562768408477,"TOTAL_ASSETS_TDAYS":0.458342228286,"PREMIUM_EXPENSE":null,"LOAN_DEPOSIT":null,"LOAN_EQUITY":null,"LOAN_ASSETS":null,"DEPOSIT_EQUITY":null,"DEPOSIT_ASSETS":null,"EQUITY_MULTIPLIER":1.088847190726,"EQUITY_RATIO":0.089397978003},{"SECUCODE":"02863.HK","SECURITY_CODE":"02863","SECURITY_NAME_ABBR":"高丰集团控股","ORG_CODE":"10681892","STD_REPORT_DATE":"2021-12-31 00:00:00","REPORT_DATE":"2021-09-30 00:00:00","DATE_TYPE_CODE":"001","REPORT_TYPE":"2021年年报","PER_NETCASH_OPERATE":-0.115569934638,"PER_OI":0.323558492543,"BPS":0.358707502058,"BASIC_EPS":0.021742866,"DILUTED_EPS":0.021742866,"OPERATE_INCOME":212316170.78,"OPERATE_INCOME_YOY":4.3626565769,"GROSS_PROFIT":36511353.68,"GROSS_PROFIT_YOY":-21.430655982865,"HOLDER_PROFIT":14155355.52,"HOLDER_PROFIT_YOY":-26.6004319654,"GROSS_PROFIT_RATIO":17.196689986385,"EPS_TTM":0.02157200498,"OPERATE_INCOME_QOQ":0,"NET_PROFIT_RATIO":6.7675574721,"ROE_AVG":6.156031041004,"GROSS_PROFIT_QOQ":0,"ROA":5.341321845132,"HOLDER_PROFIT_QOQ":0,"ROE_YEARLY":6.156031041004,"ROIC_YEARLY":10.42236588687,"TOTAL_ASSETS":267326454.82,"TOTAL_LIABILITIES":27673420.14,"TAX_EBT":22.095754290876,"OCF_SALES":-35.71840557476,"TOTAL_PARENT_EQUITY":239186521.08,"DEBT_ASSET_RATIO":10.3519197749,"OPERATE_PROFIT":18548080.9,"PRETAX_PROFIT":18443948.4,"NETCASH_OPERATE":-75835950.98,"NETCASH_INVEST":-1305405.02,"NETCASH_FINANCE":2105142.62,"END_CASH":89146583.66,"DIVI_RATIO":null,"DIVIDEND_RATE":null,"CURRENT_RATIO":8.486620383951,"COMMON_ACS":10000000000,"CURRENTDEBT_DEBT":92.359794093742,"ISSUED_COMMON_SHARES":666801000,"HK_COMMON_SHARES":666801000,"PER_SHARES":3000,"TOTAL_MARKET_CAP":180036270,"HKSK_MARKET_CAP":180036270,"PE_TTM":-28.518338349438,"PB_TTM":0.646658776624,"REPORT_DATE_SQ":"2020-12-31 00:00:00","REPORT_TYPE_SQ":"2020年年报","OPERATE_INCOME_SQ":214591332.48,"DPS_HKD":null,"OPERATE_INCOME_QOQ_SQ":0,"NET_PROFIT_RATIO_SQ":9.2716332174,"HOLDER_PROFIT_SQ":20342368,"HOLDER_PROFIT_QOQ_SQ":0,"ROE_AVG_SQ":9.709572632007,"PE_TTM_SQ":20.80737563314,"PB_TTM_SQ":0.81411873476,"ROA_SQ":7.704391003667,"START_DATE":"2020-10-01 00:00:00","FISCAL_YEAR":"9-30","CURRENCY":"HKD","IS_CNY_CODE":0,"DPS_HKD_LY":null,"ORG_TYPE":"一般企业","PREMIUM_INCOME":null,"PREMIUM_INCOME_YOY":null,"NET_INTEREST_INCOME":null,"NET_INTEREST_INCOME_YOY":null,"FEE_COMMISSION_INCOME":null,"FEE_COMMISSION_INCOME_YOY":null,"ACCOUNTS_RECE_TDAYS":20.614980182804,"INVENTORY_TDAYS":null,"CURRENT_ASSETS_TDAYS":0.985448126932,"TOTAL_ASSETS_TDAYS":0.801144838404,"PREMIUM_EXPENSE":null,"LOAN_DEPOSIT":null,"LOAN_EQUITY":null,"LOAN_ASSETS":null,"DEPOSIT_EQUITY":null,"DEPOSIT_ASSETS":null,"EQUITY_MULTIPLIER":1.115472855067,"EQUITY_RATIO":0.115698075356},{"SECUCODE":"02863.HK","SECURITY_CODE":"02863","SECURITY_NAME_ABBR":"高丰集团控股","ORG_CODE":"10681892","STD_REPORT_DATE":"2021-06-30 00:00:00","REPORT_DATE":"2021-03-31 00:00:00","DATE_TYPE_CODE":"002","REPORT_TYPE":"2021年中报","PER_NETCASH_OPERATE":0.014880369496,"PER_OI":0.133408121812,"BPS":0.344808333071,"BASIC_EPS":0.00338072,"DILUTED_EPS":0.00338072,"OPERATE_INCOME":87541208.86,"OPERATE_INCOME_YOY":-41.8900040955,"GROSS_PROFIT":11823223.02,"GROSS_PROFIT_YOY":-12.301322757867,"HOLDER_PROFIT":2229584.84,"HOLDER_PROFIT_YOY":-53.1605113636,"GROSS_PROFIT_RATIO":13.505894165693,"EPS_TTM":0.026556283826,"OPERATE_INCOME_QOQ":0,"NET_PROFIT_RATIO":2.9697712813,"ROE_AVG":0.9825667041,"GROSS_PROFIT_QOQ":0,"ROA":0.845434238484,"HOLDER_PROFIT_QOQ":0,"ROE_YEARLY":1.965133408199,"ROIC_YEARLY":3.691046274499,"TOTAL_ASSETS":260913827.44,"TOTAL_LIABILITIES":30374924.02,"TAX_EBT":18.365180467091,"OCF_SALES":11.154020680267,"TOTAL_PARENT_EQUITY":229918541.3,"DEBT_ASSET_RATIO":11.6417455978,"OPERATE_PROFIT":3231123.14,"PRETAX_PROFIT":3184638.24,"NETCASH_OPERATE":9764364.54,"NETCASH_INVEST":-57917649.86,"NETCASH_FINANCE":-46484.9,"END_CASH":118371684.9,"DIVI_RATIO":null,"DIVIDEND_RATE":null,"CURRENT_RATIO":7.120143557024,"COMMON_ACS":10000000000,"CURRENTDEBT_DEBT":97.687748685272,"ISSUED_COMMON_SHARES":666801000,"HK_COMMON_SHARES":666801000,"PER_SHARES":3000,"TOTAL_MARKET_CAP":190038285,"HKSK_MARKET_CAP":190038285,"PE_TTM":-8.009706018714,"PB_TTM":0.662988236074,"REPORT_DATE_SQ":"2020-06-30 00:00:00","REPORT_TYPE_SQ":"2020年中报","OPERATE_INCOME_SQ":162860629.1,"DPS_HKD":null,"OPERATE_INCOME_QOQ_SQ":0,"NET_PROFIT_RATIO_SQ":3.1760013016,"HOLDER_PROFIT_SQ":5145958.4,"HOLDER_PROFIT_QOQ_SQ":0,"ROE_AVG_SQ":2.622718742287,"PE_TTM_SQ":16.585589272793,"PB_TTM_SQ":0.591211874516,"ROA_SQ":2.093734781202,"START_DATE":"2020-10-01 00:00:00","FISCAL_YEAR":"9-30","CURRENCY":"HKD","IS_CNY_CODE":0,"DPS_HKD_LY":null,"ORG_TYPE":"一般企业","PREMIUM_INCOME":null,"PREMIUM_INCOME_YOY":null,"NET_INTEREST_INCOME":null,"NET_INTEREST_INCOME_YOY":null,"FEE_COMMISSION_INCOME":null,"FEE_COMMISSION_INCOME_YOY":null,"ACCOUNTS_RECE_TDAYS":null,"INVENTORY_TDAYS":null,"CURRENT_ASSETS_TDAYS":0.408709497306,"TOTAL_ASSETS_TDAYS":0.331946710081,"PREMIUM_EXPENSE":null,"LOAN_DEPOSIT":null,"LOAN_EQUITY":null,"LOAN_ASSETS":null,"DEPOSIT_EQUITY":null,"DEPOSIT_ASSETS":null,"EQUITY_MULTIPLIER":1.131756174639,"EQUITY_RATIO":0.132111676806},{"SECUCODE":"02863.HK","SECURITY_CODE":"02863","SECURITY_NAME_ABBR":"高丰集团控股","ORG_CODE":"10681892","STD_REPORT_DATE":"2020-12-31 00:00:00","REPORT_DATE":"2020-09-30 00:00:00","DATE_TYPE_CODE":"001","REPORT_TYPE":"2020年年报","PER_NETCASH_OPERATE":0.102401125631,"PER_OI":0.333412571187,"BPS":0.349123313732,"BASIC_EPS":0.036291136,"DILUTED_EPS":0.036291136,"OPERATE_INCOME":214591332.48,"OPERATE_INCOME_YOY":-33.2113490319,"GROSS_PROFIT":46470228.48,"GROSS_PROFIT_YOY":-15.589059768385,"HOLDER_PROFIT":20342368,"HOLDER_PROFIT_YOY":5.66916195,"GROSS_PROFIT_RATIO":20.987771540248,"EPS_TTM":0.031606128451,"OPERATE_INCOME_QOQ":0,"NET_PROFIT_RATIO":9.2716332174,"ROE_AVG":9.709572632007,"GROSS_PROFIT_QOQ":0,"ROA":7.704391003667,"HOLDER_PROFIT_QOQ":0,"ROE_YEARLY":9.709572632007,"ROIC_YEARLY":18.107015197378,"TOTAL_ASSETS":277104352,"TOTAL_LIABILITIES":44041446.4,"TAX_EBT":20.864305987296,"OCF_SALES":29.672707707767,"TOTAL_PARENT_EQUITY":232795774.72,"DEBT_ASSET_RATIO":15.8934517203,"OPERATE_PROFIT":26084803.2,"PRETAX_PROFIT":26006597.12,"NETCASH_OPERATE":65907514.88,"NETCASH_INVEST":-11353941.12,"NETCASH_FINANCE":-5067578.24,"END_CASH":173181652.48,"DIVI_RATIO":null,"DIVIDEND_RATE":null,"CURRENT_RATIO":5.247808944003,"COMMON_ACS":10000000000,"CURRENTDEBT_DEBT":97.663607342378,"ISSUED_COMMON_SHARES":666801000,"HK_COMMON_SHARES":666801000,"PER_SHARES":3000,"TOTAL_MARKET_CAP":180036270,"HKSK_MARKET_CAP":180036270,"PE_TTM":-28.518338349438,"PB_TTM":0.646658776624,"REPORT_DATE_SQ":"2019-12-31 00:00:00","REPORT_TYPE_SQ":"2019年年报","OPERATE_INCOME_SQ":341378312.64,"DPS_HKD":null,"OPERATE_INCOME_QOQ_SQ":0,"NET_PROFIT_RATIO_SQ":5.7881330853,"HOLDER_PROFIT_SQ":19761235.08,"HOLDER_PROFIT_QOQ_SQ":0,"ROE_AVG_SQ":10.997853942596,"PE_TTM_SQ":20.80737563314,"PB_TTM_SQ":0.81411873476,"ROA_SQ":8.42051857603,"START_DATE":"2019-10-01 00:00:00","FISCAL_YEAR":"9-30","CURRENCY":"HKD","IS_CNY_CODE":0,"DPS_HKD_LY":null,"ORG_TYPE":"一般企业","PREMIUM_INCOME":null,"PREMIUM_INCOME_YOY":null,"NET_INTEREST_INCOME":null,"NET_INTEREST_INCOME_YOY":null,"FEE_COMMISSION_INCOME":null,"FEE_COMMISSION_INCOME_YOY":null,"ACCOUNTS_RECE_TDAYS":14.367770783079,"INVENTORY_TDAYS":null,"CURRENT_ASSETS_TDAYS":0.938244338987,"TOTAL_ASSETS_TDAYS":0.841229640772,"PREMIUM_EXPENSE":null,"LOAN_DEPOSIT":null,"LOAN_EQUITY":null,"LOAN_ASSETS":null,"DEPOSIT_EQUITY":null,"DEPOSIT_ASSETS":null,"EQUITY_MULTIPLIER":1.188968065452,"EQUITY_RATIO":0.189184904464}],"count":19},"success":true,"message":"ok","code":0}