{"version":"620ce1eeea7f797cf068e37f25a2db69","result":{"pages":9,"data":[{"SECUCODE":"02866.HK","SECURITY_CODE":"02866","SECURITY_NAME_ABBR":"中远海发","ORG_CODE":"10010619","STD_REPORT_DATE":"2024-09-30 00:00:00","REPORT_DATE":"2024-09-30 00:00:00","DATE_TYPE_CODE":"004","REPORT_TYPE":"2024年三季报","PER_NETCASH_OPERATE":0.317705405111,"PER_OI":1.463790013153,"BPS":2.226730672745,"BASIC_EPS":0.1019,"DILUTED_EPS":0.1019,"OPERATE_INCOME":19872323359.42,"OPERATE_INCOME_YOY":88.7648837115,"GROSS_PROFIT":3594144571.79,"GROSS_PROFIT_YOY":18.300052573413,"HOLDER_PROFIT":1380999337.26,"HOLDER_PROFIT_YOY":14.6576152684,"GROSS_PROFIT_RATIO":18.086182006928,"EPS_TTM":0.116684335411,"OPERATE_INCOME_QOQ":15.652924240972,"NET_PROFIT_RATIO":6.9917249949,"ROE_AVG":4.640950891332,"GROSS_PROFIT_QOQ":2.80257790862,"ROA":1.109074819725,"HOLDER_PROFIT_QOQ":32.040851286651,"ROE_YEARLY":6.187934521776,"ROIC_YEARLY":1.228445668665,"TOTAL_ASSETS":123105290095.65,"TOTAL_LIABILITIES":92507203678.99,"TAX_EBT":11.086793109463,"OCF_SALES":21.704302000729,"TOTAL_PARENT_EQUITY":30229958918.64,"DEBT_ASSET_RATIO":75.1447834672,"OPERATE_PROFIT":4395805533.84,"PRETAX_PROFIT":1562667963.49,"NETCASH_OPERATE":4313149076.49,"NETCASH_INVEST":1404800659.26,"NETCASH_FINANCE":-7685409519.35,"END_CASH":11229060047.17,"DIVI_RATIO":0.434983431334,"DIVIDEND_RATE":5.476470588235,"CURRENT_RATIO":0.715148688654,"COMMON_ACS":null,"CURRENTDEBT_DEBT":32.314620668346,"ISSUED_COMMON_SHARES":13575938612,"HK_COMMON_SHARES":3676000000,"PER_SHARES":1000,"TOTAL_MARKET_CAP":13847457384.24,"HKSK_MARKET_CAP":3749520000,"PE_TTM":7.814406953705,"PB_TTM":0.413083544974,"REPORT_DATE_SQ":"2023-09-30 00:00:00","REPORT_TYPE_SQ":"2023年三季报","OPERATE_INCOME_SQ":10527553096.05,"DPS_HKD":0.05586,"OPERATE_INCOME_QOQ_SQ":-5.756312304769,"NET_PROFIT_RATIO_SQ":11.4409773264,"HOLDER_PROFIT_SQ":1204454962.74,"HOLDER_PROFIT_QOQ_SQ":-39.529010985758,"ROE_AVG_SQ":4.160464910392,"PE_TTM_SQ":6.729696634862,"PB_TTM_SQ":0.339278151783,"ROA_SQ":0.967841563592,"START_DATE":"2024-01-01 00:00:00","FISCAL_YEAR":"12-31","CURRENCY":"HKD","IS_CNY_CODE":0,"DPS_HKD_LY":0.05586,"ORG_TYPE":"一般企业","PREMIUM_INCOME":null,"PREMIUM_INCOME_YOY":null,"NET_INTEREST_INCOME":null,"NET_INTEREST_INCOME_YOY":null,"FEE_COMMISSION_INCOME":null,"FEE_COMMISSION_INCOME_YOY":null,"ACCOUNTS_RECE_TDAYS":7.553828093316,"INVENTORY_TDAYS":7.148558181453,"CURRENT_ASSETS_TDAYS":0.903291378283,"TOTAL_ASSETS_TDAYS":0.159593801769,"PREMIUM_EXPENSE":null,"LOAN_DEPOSIT":null,"LOAN_EQUITY":null,"LOAN_ASSETS":null,"DEPOSIT_EQUITY":null,"DEPOSIT_ASSETS":null,"EQUITY_MULTIPLIER":4.02330029465,"EQUITY_RATIO":3.060116751331},{"SECUCODE":"02866.HK","SECURITY_CODE":"02866","SECURITY_NAME_ABBR":"中远海发","ORG_CODE":"10010619","STD_REPORT_DATE":"2024-06-30 00:00:00","REPORT_DATE":"2024-06-30 00:00:00","DATE_TYPE_CODE":"002","REPORT_TYPE":"2024年中报","PER_NETCASH_OPERATE":0.027949006757,"PER_OI":0.858816788527,"BPS":2.19805347187,"BASIC_EPS":0.0661,"DILUTED_EPS":0.0661,"OPERATE_INCOME":11659244000,"OPERATE_INCOME_YOY":105.2119108773,"GROSS_PROFIT":2233055000,"GROSS_PROFIT_YOY":23.410227488136,"HOLDER_PROFIT":895488000,"HOLDER_PROFIT_YOY":-18.8383624616,"GROSS_PROFIT_RATIO":19.152656896108,"EPS_TTM":0.088369875136,"OPERATE_INCOME_QOQ":27.118325620551,"NET_PROFIT_RATIO":7.7442928547,"ROE_AVG":3.029169863403,"GROSS_PROFIT_QOQ":8.944373561017,"ROA":0.715171147621,"HOLDER_PROFIT_QOQ":-17.613622294213,"ROE_YEARLY":6.058339726806,"ROIC_YEARLY":1.570836884739,"TOTAL_ASSETS":124495220000,"TOTAL_LIABILITIES":94287364000,"TAX_EBT":13.793150888814,"OCF_SALES":3.254361946624,"TOTAL_PARENT_EQUITY":29840639000,"DEBT_ASSET_RATIO":75.7357302553,"OPERATE_PROFIT":1963061000,"PRETAX_PROFIT":799549000,"NETCASH_OPERATE":379434000,"NETCASH_INVEST":587813000,"NETCASH_FINANCE":-5153753000,"END_CASH":9007317000,"DIVI_RATIO":0.57435582569,"DIVIDEND_RATE":5.371153846154,"CURRENT_RATIO":0.570048469049,"COMMON_ACS":null,"CURRENTDEBT_DEBT":38.009690248632,"ISSUED_COMMON_SHARES":13575938612,"HK_COMMON_SHARES":3676000000,"PER_SHARES":1000,"TOTAL_MARKET_CAP":14118976156.48,"HKSK_MARKET_CAP":3823040000,"PE_TTM":7.967630619464,"PB_TTM":0.421183222327,"REPORT_DATE_SQ":"2023-06-30 00:00:00","REPORT_TYPE_SQ":"2023年中报","OPERATE_INCOME_SQ":5681563000,"DPS_HKD":0.05586,"OPERATE_INCOME_QOQ_SQ":-20.852877216961,"NET_PROFIT_RATIO_SQ":19.3336174368,"HOLDER_PROFIT_SQ":1103339000,"HOLDER_PROFIT_QOQ_SQ":-20.807274060791,"ROE_AVG_SQ":3.810885161897,"PE_TTM_SQ":6.729696634862,"PB_TTM_SQ":0.339278151783,"ROA_SQ":0.884576570857,"START_DATE":"2024-01-01 00:00:00","FISCAL_YEAR":"12-31","CURRENCY":"HKD","IS_CNY_CODE":0,"DPS_HKD_LY":0.05586,"ORG_TYPE":"一般企业","PREMIUM_INCOME":null,"PREMIUM_INCOME_YOY":null,"NET_INTEREST_INCOME":null,"NET_INTEREST_INCOME_YOY":null,"FEE_COMMISSION_INCOME":null,"FEE_COMMISSION_INCOME_YOY":null,"ACCOUNTS_RECE_TDAYS":5.620466650678,"INVENTORY_TDAYS":3.512490872868,"CURRENT_ASSETS_TDAYS":0.541645432262,"TOTAL_ASSETS_TDAYS":0.093115205473,"PREMIUM_EXPENSE":null,"LOAN_DEPOSIT":null,"LOAN_EQUITY":null,"LOAN_ASSETS":null,"DEPOSIT_EQUITY":null,"DEPOSIT_ASSETS":null,"EQUITY_MULTIPLIER":4.121286197861,"EQUITY_RATIO":3.159696546713},{"SECUCODE":"02866.HK","SECURITY_CODE":"02866","SECURITY_NAME_ABBR":"中远海发","ORG_CODE":"10010619","STD_REPORT_DATE":"2024-03-31 00:00:00","REPORT_DATE":"2024-03-31 00:00:00","DATE_TYPE_CODE":"003","REPORT_TYPE":"2024年一季报","PER_NETCASH_OPERATE":0.026183594163,"PER_OI":0.363847727716,"BPS":2.187402187573,"BASIC_EPS":0.033,"DILUTED_EPS":0.033,"OPERATE_INCOME":4939574415.59,"OPERATE_INCOME_YOY":39.1096726229,"GROSS_PROFIT":905706244.36,"GROSS_PROFIT_YOY":4.112538192249,"HOLDER_PROFIT":446665771.23,"HOLDER_PROFIT_YOY":12.2195227488,"GROSS_PROFIT_RATIO":18.335714135644,"EPS_TTM":0.107262726675,"OPERATE_INCOME_QOQ":8.940342081794,"NET_PROFIT_RATIO":9.0425962573,"ROE_AVG":1.514641985502,"GROSS_PROFIT_QOQ":0.831974973687,"ROA":0.355580210482,"HOLDER_PROFIT_QOQ":3.455438167603,"ROE_YEARLY":6.05856794201,"ROIC_YEARLY":1.58187369793,"TOTAL_ASSETS":125301085387.09,"TOTAL_LIABILITIES":95605047568.84,"TAX_EBT":9.621661918619,"OCF_SALES":7.196305533491,"TOTAL_PARENT_EQUITY":29696037818.25,"DEBT_ASSET_RATIO":76.3002549208,"OPERATE_PROFIT":1405539731.51,"PRETAX_PROFIT":494217730.39,"NETCASH_OPERATE":355466867,"NETCASH_INVEST":1066920790.98,"NETCASH_FINANCE":-2205163278.92,"END_CASH":12313713751.09,"DIVI_RATIO":0.473190959928,"DIVIDEND_RATE":5.371153846154,"CURRENT_RATIO":0.60795552519,"COMMON_ACS":null,"CURRENTDEBT_DEBT":38.773889951624,"ISSUED_COMMON_SHARES":13575938612,"HK_COMMON_SHARES":3676000000,"PER_SHARES":1000,"TOTAL_MARKET_CAP":14118976156.48,"HKSK_MARKET_CAP":3823040000,"PE_TTM":7.967630619464,"PB_TTM":0.421183222327,"REPORT_DATE_SQ":"2023-03-31 00:00:00","REPORT_TYPE_SQ":"2023年一季报","OPERATE_INCOME_SQ":3550848997.38,"DPS_HKD":0.05586,"OPERATE_INCOME_QOQ_SQ":-10.37010195128,"NET_PROFIT_RATIO_SQ":11.1666351159,"HOLDER_PROFIT_SQ":398028578.53,"HOLDER_PROFIT_QOQ_SQ":-24.968334057245,"ROE_AVG_SQ":1.375330759447,"PE_TTM_SQ":6.729696634862,"PB_TTM_SQ":0.339278151783,"ROA_SQ":0.320903220228,"START_DATE":"2024-01-01 00:00:00","FISCAL_YEAR":"12-31","CURRENCY":"HKD","IS_CNY_CODE":0,"DPS_HKD_LY":0.05586,"ORG_TYPE":"一般企业","PREMIUM_INCOME":null,"PREMIUM_INCOME_YOY":null,"NET_INTEREST_INCOME":null,"NET_INTEREST_INCOME_YOY":null,"FEE_COMMISSION_INCOME":null,"FEE_COMMISSION_INCOME_YOY":null,"ACCOUNTS_RECE_TDAYS":2.714724408002,"INVENTORY_TDAYS":1.454677717159,"CURRENT_ASSETS_TDAYS":0.218766566555,"TOTAL_ASSETS_TDAYS":0.039322800705,"PREMIUM_EXPENSE":null,"LOAN_DEPOSIT":null,"LOAN_EQUITY":null,"LOAN_ASSETS":null,"DEPOSIT_EQUITY":null,"DEPOSIT_ASSETS":null,"EQUITY_MULTIPLIER":4.219454667796,"EQUITY_RATIO":3.21945466779},{"SECUCODE":"02866.HK","SECURITY_CODE":"02866","SECURITY_NAME_ABBR":"中远海发","ORG_CODE":"10010619","STD_REPORT_DATE":"2023-12-31 00:00:00","REPORT_DATE":"2023-12-31 00:00:00","DATE_TYPE_CODE":"001","REPORT_TYPE":"2023年年报","PER_NETCASH_OPERATE":0.391454333427,"PER_OI":1.144174811329,"BPS":2.157027873868,"BASIC_EPS":0.104,"DILUTED_EPS":0.1039,"OPERATE_INCOME":15533247000,"OPERATE_INCOME_YOY":-38.8913470178,"GROSS_PROFIT":4300154000,"GROSS_PROFIT_YOY":-33.558505280596,"HOLDER_PROFIT":1407555000,"HOLDER_PROFIT_YOY":-64.1280239276,"GROSS_PROFIT_RATIO":27.683548713286,"EPS_TTM":0.103680124095,"OPERATE_INCOME_QOQ":-8.76030202262,"NET_PROFIT_RATIO":9.0615632392,"ROE_AVG":4.838928838812,"GROSS_PROFIT_QOQ":-11.677328297777,"ROA":1.108216689949,"HOLDER_PROFIT_QOQ":-0.148240712605,"ROE_YEARLY":4.838928838812,"ROIC_YEARLY":1.248066769132,"TOTAL_ASSETS":125930990151.27,"TOTAL_LIABILITIES":96647311903.9,"TAX_EBT":-2.394470684608,"OCF_SALES":34.212808178483,"TOTAL_PARENT_EQUITY":29283678247.37,"DEBT_ASSET_RATIO":76.7462496721,"OPERATE_PROFIT":3706105000,"PRETAX_PROFIT":1345266000,"NETCASH_OPERATE":5314360000,"NETCASH_INVEST":962726000,"NETCASH_FINANCE":-8927755000,"END_CASH":13023556000,"DIVI_RATIO":0.489541780963,"DIVIDEND_RATE":5.371153846154,"CURRENT_RATIO":0.592015511269,"COMMON_ACS":null,"CURRENTDEBT_DEBT":39.536731688425,"ISSUED_COMMON_SHARES":13575938612,"HK_COMMON_SHARES":3676000000,"PER_SHARES":1000,"TOTAL_MARKET_CAP":14118976156.48,"HKSK_MARKET_CAP":3823040000,"PE_TTM":7.967630619464,"PB_TTM":0.421183222327,"REPORT_DATE_SQ":"2022-12-31 00:00:00","REPORT_TYPE_SQ":"2022年年报","OPERATE_INCOME_SQ":25419063000,"DPS_HKD":0.05586,"OPERATE_INCOME_QOQ_SQ":-1.163528566804,"NET_PROFIT_RATIO_SQ":15.40616681,"HOLDER_PROFIT_SQ":3923829000,"HOLDER_PROFIT_QOQ_SQ":-6.901453957278,"ROE_AVG_SQ":12.740909030975,"PE_TTM_SQ":6.729696634862,"PB_TTM_SQ":0.339278151783,"ROA_SQ":3.009609018715,"START_DATE":"2023-01-01 00:00:00","FISCAL_YEAR":"12-31","CURRENCY":"HKD","IS_CNY_CODE":0,"DPS_HKD_LY":0.09463,"ORG_TYPE":"一般企业","PREMIUM_INCOME":null,"PREMIUM_INCOME_YOY":null,"NET_INTEREST_INCOME":null,"NET_INTEREST_INCOME_YOY":null,"FEE_COMMISSION_INCOME":null,"FEE_COMMISSION_INCOME_YOY":null,"ACCOUNTS_RECE_TDAYS":13.307901919985,"INVENTORY_TDAYS":3.59606903896,"CURRENT_ASSETS_TDAYS":0.654643233961,"TOTAL_ASSETS_TDAYS":0.122298621187,"PREMIUM_EXPENSE":null,"LOAN_DEPOSIT":null,"LOAN_EQUITY":null,"LOAN_ASSETS":null,"DEPOSIT_EQUITY":null,"DEPOSIT_ASSETS":null,"EQUITY_MULTIPLIER":4.300381598233,"EQUITY_RATIO":3.300381567079},{"SECUCODE":"02866.HK","SECURITY_CODE":"02866","SECURITY_NAME_ABBR":"中远海发","ORG_CODE":"10010619","STD_REPORT_DATE":"2023-09-30 00:00:00","REPORT_DATE":"2023-09-30 00:00:00","DATE_TYPE_CODE":"004","REPORT_TYPE":"2023年三季报","PER_NETCASH_OPERATE":0.392018110927,"PER_OI":0.775456739819,"BPS":2.136676635944,"BASIC_EPS":0.089,"DILUTED_EPS":0.089,"OPERATE_INCOME":10527553096.05,"OPERATE_INCOME_YOY":-44.4970840646,"GROSS_PROFIT":3038159741.78,"GROSS_PROFIT_YOY":-35.180134720277,"HOLDER_PROFIT":1204454962.74,"HOLDER_PROFIT_YOY":-67.6042414071,"GROSS_PROFIT_RATIO":28.859125326283,"EPS_TTM":0.103834048428,"OPERATE_INCOME_QOQ":-5.756312304769,"NET_PROFIT_RATIO":11.4409773264,"ROE_AVG":4.160464910392,"GROSS_PROFIT_QOQ":-5.66804158701,"ROA":0.967841563592,"HOLDER_PROFIT_QOQ":-39.529010985758,"ROE_YEARLY":5.547286547189,"ROIC_YEARLY":1.077405017713,"TOTAL_ASSETS":120804437790.04,"TOTAL_LIABILITIES":91797046946.77,"TAX_EBT":16.488287477592,"OCF_SALES":50.553188952681,"TOTAL_PARENT_EQUITY":29007390843.27,"DEBT_ASSET_RATIO":75.9881413515,"OPERATE_PROFIT":3817342838.09,"PRETAX_PROFIT":1442258727.98,"NETCASH_OPERATE":5322013808.74,"NETCASH_INVEST":2183352987.15,"NETCASH_FINANCE":-13451436733.43,"END_CASH":9739780066.22,"DIVI_RATIO":0.488816080738,"DIVIDEND_RATE":5.371153846154,"CURRENT_RATIO":0.518678844935,"COMMON_ACS":null,"CURRENTDEBT_DEBT":35.630348271286,"ISSUED_COMMON_SHARES":13575938612,"HK_COMMON_SHARES":3676000000,"PER_SHARES":1000,"TOTAL_MARKET_CAP":14118976156.48,"HKSK_MARKET_CAP":3823040000,"PE_TTM":7.967630619464,"PB_TTM":0.421183222327,"REPORT_DATE_SQ":"2022-09-30 00:00:00","REPORT_TYPE_SQ":"2022年三季报","OPERATE_INCOME_SQ":18967567592.85,"DPS_HKD":0.05586,"OPERATE_INCOME_QOQ_SQ":-22.098256884527,"NET_PROFIT_RATIO_SQ":19.598799444,"HOLDER_PROFIT_SQ":3717940295.44,"HOLDER_PROFIT_QOQ_SQ":-26.685803803228,"ROE_AVG_SQ":12.039498883749,"PE_TTM_SQ":6.729696634862,"PB_TTM_SQ":0.339278151783,"ROA_SQ":2.802902666322,"START_DATE":"2023-01-01 00:00:00","FISCAL_YEAR":"12-31","CURRENCY":"HKD","IS_CNY_CODE":0,"DPS_HKD_LY":0.09463,"ORG_TYPE":"一般企业","PREMIUM_INCOME":null,"PREMIUM_INCOME_YOY":null,"NET_INTEREST_INCOME":null,"NET_INTEREST_INCOME_YOY":null,"FEE_COMMISSION_INCOME":null,"FEE_COMMISSION_INCOME_YOY":null,"ACCOUNTS_RECE_TDAYS":12.534722316451,"INVENTORY_TDAYS":2.605778903114,"CURRENT_ASSETS_TDAYS":0.503725881501,"TOTAL_ASSETS_TDAYS":0.084594308334,"PREMIUM_EXPENSE":null,"LOAN_DEPOSIT":null,"LOAN_EQUITY":null,"LOAN_ASSETS":null,"DEPOSIT_EQUITY":null,"DEPOSIT_ASSETS":null,"EQUITY_MULTIPLIER":4.164608890293,"EQUITY_RATIO":3.164608890291},{"SECUCODE":"02866.HK","SECURITY_CODE":"02866","SECURITY_NAME_ABBR":"中远海发","ORG_CODE":"10010619","STD_REPORT_DATE":"2023-06-30 00:00:00","REPORT_DATE":"2023-06-30 00:00:00","DATE_TYPE_CODE":"002","REPORT_TYPE":"2023年中报","PER_NETCASH_OPERATE":0.256877487419,"PER_OI":0.418502408001,"BPS":2.137014524679,"BASIC_EPS":0.0815,"DILUTED_EPS":0.0815,"OPERATE_INCOME":5681563000,"OPERATE_INCOME_YOY":-56.4596097339,"GROSS_PROFIT":1809457000,"GROSS_PROFIT_YOY":-43.296229791261,"HOLDER_PROFIT":1103339000,"HOLDER_PROFIT_YOY":-59.0652454589,"GROSS_PROFIT_RATIO":32.148936311887,"EPS_TTM":0.171708864236,"OPERATE_INCOME_QOQ":-20.852877216961,"NET_PROFIT_RATIO":19.3336174368,"ROE_AVG":3.810885161897,"GROSS_PROFIT_QOQ":-10.245359348245,"ROA":0.884576570857,"HOLDER_PROFIT_QOQ":-20.807274060791,"ROE_YEARLY":7.621770323794,"ROIC_YEARLY":1.953372255256,"TOTAL_ASSETS":121370871000,"TOTAL_LIABILITIES":92358893000,"TAX_EBT":10.571353516779,"OCF_SALES":61.108280201204,"TOTAL_PARENT_EQUITY":29011978000,"DEBT_ASSET_RATIO":76.0964243224,"OPERATE_PROFIT":2023837000,"PRETAX_PROFIT":1218160000,"NETCASH_OPERATE":3487353000,"NETCASH_INVEST":1724001000,"NETCASH_FINANCE":-12695215000,"END_CASH":8085717000,"DIVI_RATIO":0.295591918483,"DIVIDEND_RATE":5.371153846154,"CURRENT_RATIO":0.521789706412,"COMMON_ACS":null,"CURRENTDEBT_DEBT":34.295687151642,"ISSUED_COMMON_SHARES":13575938612,"HK_COMMON_SHARES":3676000000,"PER_SHARES":1000,"TOTAL_MARKET_CAP":14118976156.48,"HKSK_MARKET_CAP":3823040000,"PE_TTM":7.967630619464,"PB_TTM":0.421183222327,"REPORT_DATE_SQ":"2022-06-30 00:00:00","REPORT_TYPE_SQ":"2022年中报","OPERATE_INCOME_SQ":13107007000,"DPS_HKD":0.05586,"OPERATE_INCOME_QOQ_SQ":-5.947265428921,"NET_PROFIT_RATIO_SQ":20.5615896902,"HOLDER_PROFIT_SQ":2695360000,"HOLDER_PROFIT_QOQ_SQ":-13.408316453749,"ROE_AVG_SQ":8.917891444243,"PE_TTM_SQ":6.729696634862,"PB_TTM_SQ":0.339278151783,"ROA_SQ":2.03966595908,"START_DATE":"2023-01-01 00:00:00","FISCAL_YEAR":"12-31","CURRENCY":"HKD","IS_CNY_CODE":0,"DPS_HKD_LY":0.09463,"ORG_TYPE":"一般企业","PREMIUM_INCOME":null,"PREMIUM_INCOME_YOY":null,"NET_INTEREST_INCOME":null,"NET_INTEREST_INCOME_YOY":null,"FEE_COMMISSION_INCOME":null,"FEE_COMMISSION_INCOME_YOY":null,"ACCOUNTS_RECE_TDAYS":8.316817233326,"INVENTORY_TDAYS":1.073935841525,"CURRENT_ASSETS_TDAYS":0.275947842045,"TOTAL_ASSETS_TDAYS":0.045753288217,"PREMIUM_EXPENSE":null,"LOAN_DEPOSIT":null,"LOAN_EQUITY":null,"LOAN_ASSETS":null,"DEPOSIT_EQUITY":null,"DEPOSIT_ASSETS":null,"EQUITY_MULTIPLIER":4.183474529031,"EQUITY_RATIO":3.183474529038},{"SECUCODE":"02866.HK","SECURITY_CODE":"02866","SECURITY_NAME_ABBR":"中远海发","ORG_CODE":"10010619","STD_REPORT_DATE":"2023-03-31 00:00:00","REPORT_DATE":"2023-03-31 00:00:00","DATE_TYPE_CODE":"003","REPORT_TYPE":"2023年一季报","PER_NETCASH_OPERATE":0.018707512554,"PER_OI":0.26160543287,"BPS":2.135286285028,"BASIC_EPS":0.0294,"DILUTED_EPS":0.0294,"OPERATE_INCOME":3550848997.38,"OPERATE_INCOME_YOY":-42.5567358435,"GROSS_PROFIT":869930039.25,"GROSS_PROFIT_YOY":-47.301263792325,"HOLDER_PROFIT":398028578.53,"HOLDER_PROFIT_YOY":-71.1064461095,"GROSS_PROFIT_RATIO":24.787200227557,"EPS_TTM":0.216866187035,"OPERATE_INCOME_QOQ":-10.37010195128,"NET_PROFIT_RATIO":11.1666351159,"ROE_AVG":1.375330759447,"GROSS_PROFIT_QOQ":-11.771720225733,"ROA":0.320903220228,"HOLDER_PROFIT_QOQ":-24.968334057245,"ROE_YEARLY":5.501323037789,"ROIC_YEARLY":1.423243036657,"TOTAL_ASSETS":119977043887.72,"TOTAL_LIABILITIES":90988528363.14,"TAX_EBT":11.908671890922,"OCF_SALES":7.123764599267,"TOTAL_PARENT_EQUITY":28988515524.58,"DEBT_ASSET_RATIO":75.8382815702,"OPERATE_PROFIT":1411226141.43,"PRETAX_PROFIT":451836278.41,"NETCASH_OPERATE":253922678.39,"NETCASH_INVEST":989270204.41,"NETCASH_FINANCE":-8122462589.46,"END_CASH":8473421179.69,"DIVI_RATIO":0.234041799203,"DIVIDEND_RATE":5.371153846154,"CURRENT_RATIO":0.589279006593,"COMMON_ACS":null,"CURRENTDEBT_DEBT":33.932509291993,"ISSUED_COMMON_SHARES":13575938612,"HK_COMMON_SHARES":3676000000,"PER_SHARES":1000,"TOTAL_MARKET_CAP":14118976156.48,"HKSK_MARKET_CAP":3823040000,"PE_TTM":7.967630619464,"PB_TTM":0.421183222327,"REPORT_DATE_SQ":"2022-03-31 00:00:00","REPORT_TYPE_SQ":"2022年一季报","OPERATE_INCOME_SQ":6205157654.41,"DPS_HKD":0.05586,"OPERATE_INCOME_QOQ_SQ":0.715284642851,"NET_PROFIT_RATIO_SQ":22.2346765813,"HOLDER_PROFIT_SQ":1377568782.43,"HOLDER_PROFIT_QOQ_SQ":9.007573296432,"ROE_AVG_SQ":4.219943219438,"PE_TTM_SQ":6.729696634862,"PB_TTM_SQ":0.339278151783,"ROA_SQ":1.041376626803,"START_DATE":"2023-01-01 00:00:00","FISCAL_YEAR":"12-31","CURRENCY":"HKD","IS_CNY_CODE":0,"DPS_HKD_LY":0.09463,"ORG_TYPE":"一般企业","PREMIUM_INCOME":null,"PREMIUM_INCOME_YOY":null,"NET_INTEREST_INCOME":null,"NET_INTEREST_INCOME_YOY":null,"FEE_COMMISSION_INCOME":null,"FEE_COMMISSION_INCOME_YOY":null,"ACCOUNTS_RECE_TDAYS":3.194720952113,"INVENTORY_TDAYS":0.747231160591,"CURRENT_ASSETS_TDAYS":0.165681025182,"TOTAL_ASSETS_TDAYS":0.028737683008,"PREMIUM_EXPENSE":null,"LOAN_DEPOSIT":null,"LOAN_EQUITY":null,"LOAN_ASSETS":null,"DEPOSIT_EQUITY":null,"DEPOSIT_ASSETS":null,"EQUITY_MULTIPLIER":4.138778468532,"EQUITY_RATIO":3.138778468528},{"SECUCODE":"02866.HK","SECURITY_CODE":"02866","SECURITY_NAME_ABBR":"中远海发","ORG_CODE":"10010619","STD_REPORT_DATE":"2022-12-31 00:00:00","REPORT_DATE":"2022-12-31 00:00:00","DATE_TYPE_CODE":"001","REPORT_TYPE":"2022年年报","PER_NETCASH_OPERATE":0.82529052613,"PER_OI":1.870909024971,"BPS":2.128346910354,"BASIC_EPS":0.2902,"DILUTED_EPS":0.2902,"OPERATE_INCOME":25419063000,"OPERATE_INCOME_YOY":-27.0658007248,"GROSS_PROFIT":6472091000,"GROSS_PROFIT_YOY":-35.082070575991,"HOLDER_PROFIT":3923829000,"HOLDER_PROFIT_YOY":-35.5736050046,"GROSS_PROFIT_RATIO":25.594705260892,"EPS_TTM":0.288752552489,"OPERATE_INCOME_QOQ":-1.163528566804,"NET_PROFIT_RATIO":15.40616681,"ROE_AVG":12.740909030975,"GROSS_PROFIT_QOQ":-4.971935950675,"ROA":3.009609018715,"HOLDER_PROFIT_QOQ":-6.901453957278,"ROE_YEARLY":12.740909030975,"ROIC_YEARLY":3.450494284078,"TOTAL_ASSETS":128090631000,"TOTAL_LIABILITIES":99198004000,"TAX_EBT":18.74704596171,"OCF_SALES":44.032731148757,"TOTAL_PARENT_EQUITY":28892627000,"DEBT_ASSET_RATIO":77.4422947452,"OPERATE_PROFIT":5700967000,"PRETAX_PROFIT":4798516000,"NETCASH_OPERATE":11212791000,"NETCASH_INVEST":-300660000,"NETCASH_FINANCE":-14492259000,"END_CASH":15440560000,"DIVI_RATIO":0.175775944359,"DIVIDEND_RATE":5.371153846154,"CURRENT_RATIO":0.591010371671,"COMMON_ACS":null,"CURRENTDEBT_DEBT":42.359276704801,"ISSUED_COMMON_SHARES":13575938612,"HK_COMMON_SHARES":3676000000,"PER_SHARES":1000,"TOTAL_MARKET_CAP":14118976156.48,"HKSK_MARKET_CAP":3823040000,"PE_TTM":7.967630619464,"PB_TTM":0.421183222327,"REPORT_DATE_SQ":"2021-12-31 00:00:00","REPORT_TYPE_SQ":"2021年年报","OPERATE_INCOME_SQ":34914585000,"DPS_HKD":0.05586,"OPERATE_INCOME_QOQ_SQ":30.79315764631,"NET_PROFIT_RATIO_SQ":17.4406225937,"HOLDER_PROFIT_SQ":6089321000,"HOLDER_PROFIT_QOQ_SQ":36.9448204674,"ROE_AVG_SQ":20.265788664127,"PE_TTM_SQ":6.729696634862,"PB_TTM_SQ":0.339278151783,"ROA_SQ":4.37050721735,"START_DATE":"2022-01-01 00:00:00","FISCAL_YEAR":"12-31","CURRENCY":"HKD","IS_CNY_CODE":0,"DPS_HKD_LY":0.26472,"ORG_TYPE":"一般企业","PREMIUM_INCOME":null,"PREMIUM_INCOME_YOY":null,"NET_INTEREST_INCOME":null,"NET_INTEREST_INCOME_YOY":null,"FEE_COMMISSION_INCOME":null,"FEE_COMMISSION_INCOME_YOY":null,"ACCOUNTS_RECE_TDAYS":26.36215594796,"INVENTORY_TDAYS":3.460132279707,"CURRENT_ASSETS_TDAYS":0.872052845609,"TOTAL_ASSETS_TDAYS":0.195350930302,"PREMIUM_EXPENSE":null,"LOAN_DEPOSIT":null,"LOAN_EQUITY":null,"LOAN_ASSETS":null,"DEPOSIT_EQUITY":null,"DEPOSIT_ASSETS":null,"EQUITY_MULTIPLIER":4.433075034471,"EQUITY_RATIO":3.433332801479},{"SECUCODE":"02866.HK","SECURITY_CODE":"02866","SECURITY_NAME_ABBR":"中远海发","ORG_CODE":"10010619","STD_REPORT_DATE":"2022-09-30 00:00:00","REPORT_DATE":"2022-09-30 00:00:00","DATE_TYPE_CODE":"004","REPORT_TYPE":"2022年三季报","PER_NETCASH_OPERATE":0.59718520551,"PER_OI":1.39606221485,"BPS":2.140902566429,"BASIC_EPS":0.2782,"DILUTED_EPS":0.2781,"OPERATE_INCOME":18967567592.85,"OPERATE_INCOME_YOY":-32.542257498,"GROSS_PROFIT":4687081234.54,"GROSS_PROFIT_YOY":-39.894715272673,"HOLDER_PROFIT":3717940295.44,"HOLDER_PROFIT_YOY":-33.531912271,"GROSS_PROFIT_RATIO":24.711029559251,"EPS_TTM":0.310157961389,"OPERATE_INCOME_QOQ":-22.098256884527,"NET_PROFIT_RATIO":19.598799444,"ROE_AVG":12.039498883749,"GROSS_PROFIT_QOQ":-25.660786543184,"ROA":2.802902666322,"HOLDER_PROFIT_QOQ":-26.685803803228,"ROE_YEARLY":16.052665178333,"ROIC_YEARLY":3.206520621476,"TOTAL_ASSETS":132638377178.2,"TOTAL_LIABILITIES":103573615362.09,"TAX_EBT":18.583093766633,"OCF_SALES":42.776403455225,"TOTAL_PARENT_EQUITY":29064761816.11,"DEBT_ASSET_RATIO":78.0872154542,"OPERATE_PROFIT":4584694827.94,"PRETAX_PROFIT":4566545779.55,"NETCASH_OPERATE":8113643239.16,"NETCASH_INVEST":2357849120.94,"NETCASH_FINANCE":-14038010827.06,"END_CASH":15348328813.54,"DIVI_RATIO":0.163644848492,"DIVIDEND_RATE":5.371153846154,"CURRENT_RATIO":0.544750540114,"COMMON_ACS":null,"CURRENTDEBT_DEBT":51.222404258468,"ISSUED_COMMON_SHARES":13575938612,"HK_COMMON_SHARES":3676000000,"PER_SHARES":1000,"TOTAL_MARKET_CAP":14118976156.48,"HKSK_MARKET_CAP":3823040000,"PE_TTM":7.967630619464,"PB_TTM":0.421183222327,"REPORT_DATE_SQ":"2021-09-30 00:00:00","REPORT_TYPE_SQ":"2021年三季报","OPERATE_INCOME_SQ":28117702860.13,"DPS_HKD":0.05586,"OPERATE_INCOME_QOQ_SQ":15.767698202946,"NET_PROFIT_RATIO_SQ":15.9657902039,"HOLDER_PROFIT_SQ":5592782429.78,"HOLDER_PROFIT_QOQ_SQ":20.321466729661,"ROE_AVG_SQ":14.523752721451,"PE_TTM_SQ":6.729696634862,"PB_TTM_SQ":0.339278151783,"ROA_SQ":2.980517613915,"START_DATE":"2022-01-01 00:00:00","FISCAL_YEAR":"12-31","CURRENCY":"HKD","IS_CNY_CODE":0,"DPS_HKD_LY":0.26472,"ORG_TYPE":"一般企业","PREMIUM_INCOME":null,"PREMIUM_INCOME_YOY":null,"NET_INTEREST_INCOME":null,"NET_INTEREST_INCOME_YOY":null,"FEE_COMMISSION_INCOME":null,"FEE_COMMISSION_INCOME_YOY":null,"ACCOUNTS_RECE_TDAYS":14.021780097186,"INVENTORY_TDAYS":2.106347664218,"CURRENT_ASSETS_TDAYS":0.60727042576,"TOTAL_ASSETS_TDAYS":0.143013998094,"PREMIUM_EXPENSE":null,"LOAN_DEPOSIT":null,"LOAN_EQUITY":null,"LOAN_ASSETS":null,"DEPOSIT_EQUITY":null,"DEPOSIT_ASSETS":null,"EQUITY_MULTIPLIER":4.563545988005,"EQUITY_RATIO":3.563545988004}],"count":73},"success":true,"message":"ok","code":0}