{"version":"78acc66bc50bba68f3b7347e495f7ae3","result":{"pages":3,"data":[{"SECUCODE":"02869.HK","SECURITY_CODE":"02869","SECURITY_NAME_ABBR":"绿城服务","ORG_CODE":"10505214","STD_REPORT_DATE":"2024-06-30 00:00:00","REPORT_DATE":"2024-06-30 00:00:00","DATE_TYPE_CODE":"002","REPORT_TYPE":"2024年中报","PER_NETCASH_OPERATE":-0.113918258393,"PER_OI":2.866429451708,"BPS":2.347537264167,"BASIC_EPS":0.16,"DILUTED_EPS":0.16,"OPERATE_INCOME":9068367000,"OPERATE_INCOME_YOY":10.6298435959,"GROSS_PROFIT":1743975000,"GROSS_PROFIT_YOY":14.006903269247,"HOLDER_PROFIT":504741000,"HOLDER_PROFIT_YOY":21.4925983873,"GROSS_PROFIT_RATIO":19.231411785606,"EPS_TTM":0.219577374302,"OPERATE_INCOME_QOQ":5.009592214737,"NET_PROFIT_RATIO":5.7683483697,"ROE_AVG":6.805965705546,"GROSS_PROFIT_QOQ":7.354500914057,"ROA":2.755912164906,"HOLDER_PROFIT_QOQ":14.749724963411,"ROE_YEARLY":13.611931411093,"ROIC_YEARLY":7.515228379914,"TOTAL_ASSETS":18548018000,"TOTAL_LIABILITIES":10318871000,"TAX_EBT":26.063997444512,"OCF_SALES":-3.974221599104,"TOTAL_PARENT_EQUITY":7426776000,"DEBT_ASSET_RATIO":55.6332811409,"OPERATE_PROFIT":682643000,"PRETAX_PROFIT":707497000,"NETCASH_OPERATE":-360397000,"NETCASH_INVEST":-969646000,"NETCASH_FINANCE":-183971000,"END_CASH":3026475000,"DIVI_RATIO":0.619066515536,"DIVIDEND_RATE":4.032258064516,"CURRENT_RATIO":1.363075814631,"COMMON_ACS":38000000000,"CURRENTDEBT_DEBT":87.939688363194,"ISSUED_COMMON_SHARES":3163645627,"HK_COMMON_SHARES":3163645627,"PER_SHARES":2000,"TOTAL_MARKET_CAP":11768761732.44,"HKSK_MARKET_CAP":11768761732.44,"PE_TTM":15.275249729748,"PB_TTM":1.446268671354,"REPORT_DATE_SQ":"2023-06-30 00:00:00","REPORT_TYPE_SQ":"2023年中报","OPERATE_INCOME_SQ":8197035000,"DPS_HKD":0.15,"OPERATE_INCOME_QOQ_SQ":9.216554841255,"NET_PROFIT_RATIO_SQ":5.2748829302,"HOLDER_PROFIT_SQ":415450000,"HOLDER_PROFIT_QOQ_SQ":13.578605335881,"ROE_AVG_SQ":5.738985364793,"PE_TTM_SQ":13.311668302998,"PB_TTM_SQ":1.108766892022,"ROA_SQ":2.398835417227,"START_DATE":"2024-01-01 00:00:00","FISCAL_YEAR":"12-31","CURRENCY":"HKD","IS_CNY_CODE":0,"DPS_HKD_LY":0.15,"ORG_TYPE":"一般企业","PREMIUM_INCOME":null,"PREMIUM_INCOME_YOY":null,"NET_INTEREST_INCOME":null,"NET_INTEREST_INCOME_YOY":null,"FEE_COMMISSION_INCOME":null,"FEE_COMMISSION_INCOME_YOY":null,"ACCOUNTS_RECE_TDAYS":1.601489070253,"INVENTORY_TDAYS":11.127861769089,"CURRENT_ASSETS_TDAYS":0.740855930104,"TOTAL_ASSETS_TDAYS":0.495137564239,"PREMIUM_EXPENSE":null,"LOAN_DEPOSIT":null,"LOAN_EQUITY":null,"LOAN_ASSETS":null,"DEPOSIT_EQUITY":null,"DEPOSIT_ASSETS":null,"EQUITY_MULTIPLIER":2.253941751194,"EQUITY_RATIO":1.389414599282},{"SECUCODE":"02869.HK","SECURITY_CODE":"02869","SECURITY_NAME_ABBR":"绿城服务","ORG_CODE":"10505214","STD_REPORT_DATE":"2023-12-31 00:00:00","REPORT_DATE":"2023-12-31 00:00:00","DATE_TYPE_CODE":"001","REPORT_TYPE":"2023年年报","PER_NETCASH_OPERATE":0.44959953455,"PER_OI":5.445414293647,"BPS":2.34082317463,"BASIC_EPS":0.19,"DILUTED_EPS":0.19,"OPERATE_INCOME":17393272000,"OPERATE_INCOME_YOY":17.0764029883,"GROSS_PROFIT":2913386000,"GROSS_PROFIT_YOY":21.292381657759,"HOLDER_PROFIT":605374000,"HOLDER_PROFIT_YOY":10.5703916523,"GROSS_PROFIT_RATIO":16.750074396583,"EPS_TTM":0.189528010176,"OPERATE_INCOME_QOQ":7.196572129968,"NET_PROFIT_RATIO":4.1172816708,"ROE_AVG":8.334739955684,"GROSS_PROFIT_QOQ":11.228930198109,"ROA":3.4656805178,"HOLDER_PROFIT_QOQ":-2.648574240485,"ROE_YEARLY":8.334739955684,"ROIC_YEARLY":4.912579872919,"TOTAL_ASSETS":18081669000,"TOTAL_LIABILITIES":9856465000,"TAX_EBT":26.341200502764,"OCF_SALES":8.256479861868,"TOTAL_PARENT_EQUITY":7405535000,"DEBT_ASSET_RATIO":54.5108142395,"OPERATE_PROFIT":846997000,"PRETAX_PROFIT":972226000,"NETCASH_OPERATE":1436072000,"NETCASH_INVEST":-377530000,"NETCASH_FINANCE":-717246000,"END_CASH":4530836000,"DIVI_RATIO":0.717218525505,"DIVIDEND_RATE":3.75,"CURRENT_RATIO":1.415328848002,"COMMON_ACS":38000000000,"CURRENTDEBT_DEBT":86.821441561452,"ISSUED_COMMON_SHARES":3163645627,"HK_COMMON_SHARES":3163645627,"PER_SHARES":2000,"TOTAL_MARKET_CAP":12654582508,"HKSK_MARKET_CAP":12654582508,"PE_TTM":16.424999709406,"PB_TTM":1.555127603606,"REPORT_DATE_SQ":"2022-12-31 00:00:00","REPORT_TYPE_SQ":"2022年年报","OPERATE_INCOME_SQ":14856343000,"DPS_HKD":0.15,"OPERATE_INCOME_QOQ_SQ":7.669990690703,"NET_PROFIT_RATIO_SQ":4.2501913156,"HOLDER_PROFIT_SQ":547501000,"HOLDER_PROFIT_QOQ_SQ":-14.538030116899,"ROE_AVG_SQ":7.743837984778,"PE_TTM_SQ":13.276615092323,"PB_TTM_SQ":1.105847209938,"ROA_SQ":3.506425216268,"START_DATE":"2023-01-01 00:00:00","FISCAL_YEAR":"12-31","CURRENCY":"HKD","IS_CNY_CODE":0,"DPS_HKD_LY":0.1,"ORG_TYPE":"一般企业","PREMIUM_INCOME":null,"PREMIUM_INCOME_YOY":null,"NET_INTEREST_INCOME":null,"NET_INTEREST_INCOME_YOY":null,"FEE_COMMISSION_INCOME":null,"FEE_COMMISSION_INCOME_YOY":null,"ACCOUNTS_RECE_TDAYS":3.602870941746,"INVENTORY_TDAYS":23.279447205239,"CURRENT_ASSETS_TDAYS":1.515601198607,"TOTAL_ASSETS_TDAYS":0.995740218628,"PREMIUM_EXPENSE":null,"LOAN_DEPOSIT":null,"LOAN_EQUITY":null,"LOAN_ASSETS":null,"DEPOSIT_EQUITY":null,"DEPOSIT_ASSETS":null,"EQUITY_MULTIPLIER":2.198324685926,"EQUITY_RATIO":1.330959208214},{"SECUCODE":"02869.HK","SECURITY_CODE":"02869","SECURITY_NAME_ABBR":"绿城服务","ORG_CODE":"10505214","STD_REPORT_DATE":"2023-06-30 00:00:00","REPORT_DATE":"2023-06-30 00:00:00","DATE_TYPE_CODE":"002","REPORT_TYPE":"2023年中报","PER_NETCASH_OPERATE":-0.044307295716,"PER_OI":2.535913458781,"BPS":2.325538592948,"BASIC_EPS":0.13,"DILUTED_EPS":0.13,"OPERATE_INCOME":8197035000,"OPERATE_INCOME_YOY":20.0539647371,"GROSS_PROFIT":1529710000,"GROSS_PROFIT_YOY":16.55883565365,"HOLDER_PROFIT":415450000,"HOLDER_PROFIT_YOY":21.7946274923,"GROSS_PROFIT_RATIO":18.661747814911,"EPS_TTM":0.192379631033,"OPERATE_INCOME_QOQ":9.216554841255,"NET_PROFIT_RATIO":5.2748829302,"ROE_AVG":5.738985364793,"GROSS_PROFIT_QOQ":9.047512586633,"ROA":2.398835417227,"HOLDER_PROFIT_QOQ":13.578605335881,"ROE_YEARLY":11.477970729586,"ROIC_YEARLY":6.596778185616,"TOTAL_ASSETS":17783949000,"TOTAL_LIABILITIES":9643697000,"TAX_EBT":27.71396138472,"OCF_SALES":-1.747192734934,"TOTAL_PARENT_EQUITY":7357180000,"DEBT_ASSET_RATIO":54.2269717485,"OPERATE_PROFIT":521100000,"PRETAX_PROFIT":598157000,"NETCASH_OPERATE":-143218000,"NETCASH_INVEST":-156369000,"NETCASH_FINANCE":-196183000,"END_CASH":3694881000,"DIVI_RATIO":0.706587278863,"DIVIDEND_RATE":3.75,"CURRENT_RATIO":1.407356547197,"COMMON_ACS":38000000000,"CURRENTDEBT_DEBT":86.272173420629,"ISSUED_COMMON_SHARES":3163645627,"HK_COMMON_SHARES":3163645627,"PER_SHARES":2000,"TOTAL_MARKET_CAP":12654582508,"HKSK_MARKET_CAP":12654582508,"PE_TTM":16.424999709406,"PB_TTM":1.555127603606,"REPORT_DATE_SQ":"2022-06-30 00:00:00","REPORT_TYPE_SQ":"2022年中报","OPERATE_INCOME_SQ":6827792000,"DPS_HKD":0.15,"OPERATE_INCOME_QOQ_SQ":9.803367480412,"NET_PROFIT_RATIO_SQ":5.3643256854,"HOLDER_PROFIT_SQ":341107000,"HOLDER_PROFIT_QOQ_SQ":-24.299193524564,"ROE_AVG_SQ":4.902341427205,"PE_TTM_SQ":13.276615092323,"PB_TTM_SQ":1.105847209938,"ROA_SQ":2.257919402073,"START_DATE":"2023-01-01 00:00:00","FISCAL_YEAR":"12-31","CURRENCY":"HKD","IS_CNY_CODE":0,"DPS_HKD_LY":0.1,"ORG_TYPE":"一般企业","PREMIUM_INCOME":null,"PREMIUM_INCOME_YOY":null,"NET_INTEREST_INCOME":null,"NET_INTEREST_INCOME_YOY":null,"FEE_COMMISSION_INCOME":null,"FEE_COMMISSION_INCOME_YOY":null,"ACCOUNTS_RECE_TDAYS":1.526818488562,"INVENTORY_TDAYS":11.288315461462,"CURRENT_ASSETS_TDAYS":0.727024006413,"TOTAL_ASSETS_TDAYS":0.473302151264,"PREMIUM_EXPENSE":null,"LOAN_DEPOSIT":null,"LOAN_EQUITY":null,"LOAN_ASSETS":null,"DEPOSIT_EQUITY":null,"DEPOSIT_ASSETS":null,"EQUITY_MULTIPLIER":2.184692685189,"EQUITY_RATIO":1.310787149424},{"SECUCODE":"02869.HK","SECURITY_CODE":"02869","SECURITY_NAME_ABBR":"绿城服务","ORG_CODE":"10505214","STD_REPORT_DATE":"2022-12-31 00:00:00","REPORT_DATE":"2022-12-31 00:00:00","DATE_TYPE_CODE":"001","REPORT_TYPE":"2022年年报","PER_NETCASH_OPERATE":0.215097259676,"PER_OI":4.596100926978,"BPS":2.250880736839,"BASIC_EPS":0.17,"DILUTED_EPS":0.17,"OPERATE_INCOME":14856343000,"OPERATE_INCOME_YOY":18.2252755442,"GROSS_PROFIT":2401953000,"GROSS_PROFIT_YOY":3.064844588732,"HOLDER_PROFIT":547501000,"HOLDER_PROFIT_YOY":-35.3045995687,"GROSS_PROFIT_RATIO":16.167861767866,"EPS_TTM":0.169380166682,"OPERATE_INCOME_QOQ":7.669990690703,"NET_PROFIT_RATIO":4.2501913156,"ROE_AVG":7.743837984778,"GROSS_PROFIT_QOQ":-4.684820820227,"ROA":3.506425216268,"HOLDER_PROFIT_QOQ":-14.538030116899,"ROE_YEARLY":7.743837984778,"ROIC_YEARLY":5.066870538039,"TOTAL_ASSETS":16853692000,"TOTAL_LIABILITIES":8977549000,"TAX_EBT":26.91364340852,"OCF_SALES":4.679994262383,"TOTAL_PARENT_EQUITY":7120989000,"DEBT_ASSET_RATIO":53.2675511099,"OPERATE_PROFIT":862860000,"PRETAX_PROFIT":863941000,"NETCASH_OPERATE":695276000,"NETCASH_INVEST":-140769000,"NETCASH_FINANCE":-720423000,"END_CASH":4183381000,"DIVI_RATIO":0.802531976813,"DIVIDEND_RATE":3.75,"CURRENT_RATIO":1.467429191629,"COMMON_ACS":38000000000,"CURRENTDEBT_DEBT":82.288317223331,"ISSUED_COMMON_SHARES":3163645627,"HK_COMMON_SHARES":3163645627,"PER_SHARES":2000,"TOTAL_MARKET_CAP":12654582508,"HKSK_MARKET_CAP":12654582508,"PE_TTM":16.424999709406,"PB_TTM":1.555127603606,"REPORT_DATE_SQ":"2021-12-31 00:00:00","REPORT_TYPE_SQ":"2021年年报","OPERATE_INCOME_SQ":12566131000,"DPS_HKD":0.15,"OPERATE_INCOME_QOQ_SQ":11.19087405504,"NET_PROFIT_RATIO_SQ":7.0860633237,"HOLDER_PROFIT_SQ":846275000,"HOLDER_PROFIT_QOQ_SQ":-4.218884931374,"ROE_AVG_SQ":12.229433139708,"PE_TTM_SQ":13.276615092323,"PB_TTM_SQ":1.105847209938,"ROA_SQ":6.165141878763,"START_DATE":"2022-01-01 00:00:00","FISCAL_YEAR":"12-31","CURRENCY":"HKD","IS_CNY_CODE":0,"DPS_HKD_LY":0.04,"ORG_TYPE":"一般企业","PREMIUM_INCOME":null,"PREMIUM_INCOME_YOY":null,"NET_INTEREST_INCOME":null,"NET_INTEREST_INCOME_YOY":null,"FEE_COMMISSION_INCOME":null,"FEE_COMMISSION_INCOME_YOY":null,"ACCOUNTS_RECE_TDAYS":3.876378070685,"INVENTORY_TDAYS":24.802254317705,"CURRENT_ASSETS_TDAYS":1.476859392235,"TOTAL_ASSETS_TDAYS":0.951462293525,"PREMIUM_EXPENSE":null,"LOAN_DEPOSIT":null,"LOAN_EQUITY":null,"LOAN_ASSETS":null,"DEPOSIT_EQUITY":null,"DEPOSIT_ASSETS":null,"EQUITY_MULTIPLIER":2.139840782476,"EQUITY_RATIO":1.260716594282},{"SECUCODE":"02869.HK","SECURITY_CODE":"02869","SECURITY_NAME_ABBR":"绿城服务","ORG_CODE":"10505214","STD_REPORT_DATE":"2022-06-30 00:00:00","REPORT_DATE":"2022-06-30 00:00:00","DATE_TYPE_CODE":"002","REPORT_TYPE":"2022年中报","PER_NETCASH_OPERATE":-0.158946365039,"PER_OI":2.101785461823,"BPS":2.180008070796,"BASIC_EPS":0.11,"DILUTED_EPS":0.1,"OPERATE_INCOME":6827792000,"OPERATE_INCOME_YOY":22.0144506109,"GROSS_PROFIT":1312393000,"GROSS_PROFIT_YOY":16.874490163041,"HOLDER_PROFIT":341107000,"HOLDER_PROFIT_YOY":-37.6113178904,"GROSS_PROFIT_RATIO":19.221338318449,"EPS_TTM":0.197205997621,"OPERATE_INCOME_QOQ":9.803367480412,"NET_PROFIT_RATIO":5.3643256854,"ROE_AVG":4.902341427205,"GROSS_PROFIT_QOQ":8.130567949038,"ROA":2.257919402073,"HOLDER_PROFIT_QOQ":-24.299193524564,"ROE_YEARLY":9.804682854409,"ROIC_YEARLY":6.526054537163,"TOTAL_ASSETS":15839525000,"TOTAL_LIABILITIES":8251901000,"TAX_EBT":26.626079779477,"OCF_SALES":-7.562444784493,"TOTAL_PARENT_EQUITY":6896773000,"DEBT_ASSET_RATIO":52.0968968451,"OPERATE_PROFIT":498445000,"PRETAX_PROFIT":499176000,"NETCASH_OPERATE":-516348000,"NETCASH_INVEST":237224000,"NETCASH_FINANCE":-144120000,"END_CASH":3913612000,"DIVI_RATIO":0.689294451691,"DIVIDEND_RATE":3.75,"CURRENT_RATIO":1.532338924803,"COMMON_ACS":38000000000,"CURRENTDEBT_DEBT":84.320437193805,"ISSUED_COMMON_SHARES":3163645627,"HK_COMMON_SHARES":3163645627,"PER_SHARES":2000,"TOTAL_MARKET_CAP":12654582508,"HKSK_MARKET_CAP":12654582508,"PE_TTM":16.424999709406,"PB_TTM":1.555127603606,"REPORT_DATE_SQ":"2021-06-30 00:00:00","REPORT_TYPE_SQ":"2021年中报","OPERATE_INCOME_SQ":5595888000,"DPS_HKD":0.15,"OPERATE_INCOME_QOQ_SQ":11.832583488478,"NET_PROFIT_RATIO_SQ":9.8918348616,"HOLDER_PROFIT_SQ":546745000,"HOLDER_PROFIT_QOQ_SQ":24.371282097481,"ROE_AVG_SQ":8.018804139339,"PE_TTM_SQ":13.276615092323,"PB_TTM_SQ":1.105847209938,"ROA_SQ":4.043190768174,"START_DATE":"2022-01-01 00:00:00","FISCAL_YEAR":"12-31","CURRENCY":"HKD","IS_CNY_CODE":0,"DPS_HKD_LY":0.04,"ORG_TYPE":"一般企业","PREMIUM_INCOME":null,"PREMIUM_INCOME_YOY":null,"NET_INTEREST_INCOME":null,"NET_INTEREST_INCOME_YOY":null,"FEE_COMMISSION_INCOME":null,"FEE_COMMISSION_INCOME_YOY":null,"ACCOUNTS_RECE_TDAYS":1.750958786847,"INVENTORY_TDAYS":11.622315760638,"CURRENT_ASSETS_TDAYS":0.684823020062,"TOTAL_ASSETS_TDAYS":0.451958008195,"PREMIUM_EXPENSE":null,"LOAN_DEPOSIT":null,"LOAN_EQUITY":null,"LOAN_ASSETS":null,"DEPOSIT_EQUITY":null,"DEPOSIT_ASSETS":null,"EQUITY_MULTIPLIER":2.087547432504,"EQUITY_RATIO":1.196487255706},{"SECUCODE":"02869.HK","SECURITY_CODE":"02869","SECURITY_NAME_ABBR":"绿城服务","ORG_CODE":"10505214","STD_REPORT_DATE":"2021-12-31 00:00:00","REPORT_DATE":"2021-12-31 00:00:00","DATE_TYPE_CODE":"001","REPORT_TYPE":"2021年年报","PER_NETCASH_OPERATE":0.313902344475,"PER_OI":3.872106360302,"BPS":2.218741549336,"BASIC_EPS":0.26,"DILUTED_EPS":0.26,"OPERATE_INCOME":12566131000,"OPERATE_INCOME_YOY":24.3476270592,"GROSS_PROFIT":2330526000,"GROSS_PROFIT_YOY":21.202662320304,"HOLDER_PROFIT":846275000,"HOLDER_PROFIT_YOY":19.1242008181,"GROSS_PROFIT_RATIO":18.546090280294,"EPS_TTM":0.260769747671,"OPERATE_INCOME_QOQ":11.19087405504,"NET_PROFIT_RATIO":7.0860633237,"ROE_AVG":12.229433139708,"GROSS_PROFIT_QOQ":8.86884638616,"ROA":6.165141878763,"HOLDER_PROFIT_QOQ":-4.218884931374,"ROE_YEARLY":12.229433139708,"ROIC_YEARLY":9.918016028798,"TOTAL_ASSETS":14374751000,"TOTAL_LIABILITIES":7004489000,"TAX_EBT":25.238236770828,"OCF_SALES":8.106759351785,"TOTAL_PARENT_EQUITY":7019312000,"DEBT_ASSET_RATIO":48.7277240489,"OPERATE_PROFIT":1149964000,"PRETAX_PROFIT":1191042000,"NETCASH_OPERATE":1018706000,"NETCASH_INVEST":-301513000,"NETCASH_FINANCE":-778692000,"END_CASH":4306619000,"DIVI_RATIO":0.521275957868,"DIVIDEND_RATE":3.75,"CURRENT_RATIO":1.602813506753,"COMMON_ACS":38000000000,"CURRENTDEBT_DEBT":82.64298794673,"ISSUED_COMMON_SHARES":3163645627,"HK_COMMON_SHARES":3163645627,"PER_SHARES":2000,"TOTAL_MARKET_CAP":12654582508,"HKSK_MARKET_CAP":12654582508,"PE_TTM":16.424999709406,"PB_TTM":1.555127603606,"REPORT_DATE_SQ":"2020-12-31 00:00:00","REPORT_TYPE_SQ":"2020年年报","OPERATE_INCOME_SQ":10105646000,"DPS_HKD":0.15,"OPERATE_INCOME_QOQ_SQ":8.442081465541,"NET_PROFIT_RATIO_SQ":7.3291405616,"HOLDER_PROFIT_SQ":710414000,"HOLDER_PROFIT_QOQ_SQ":15.207439036454,"ROE_AVG_SQ":14.840636555503,"PE_TTM_SQ":13.276615092323,"PB_TTM_SQ":1.105847209938,"ROA_SQ":6.577837061094,"START_DATE":"2021-01-01 00:00:00","FISCAL_YEAR":"12-31","CURRENCY":"HKD","IS_CNY_CODE":0,"DPS_HKD_LY":0.08,"ORG_TYPE":"一般企业","PREMIUM_INCOME":null,"PREMIUM_INCOME_YOY":null,"NET_INTEREST_INCOME":null,"NET_INTEREST_INCOME_YOY":null,"FEE_COMMISSION_INCOME":null,"FEE_COMMISSION_INCOME_YOY":null,"ACCOUNTS_RECE_TDAYS":4.981769909329,"INVENTORY_TDAYS":26.259179587036,"CURRENT_ASSETS_TDAYS":1.405012485764,"TOTAL_ASSETS_TDAYS":0.915446875804,"PREMIUM_EXPENSE":null,"LOAN_DEPOSIT":null,"LOAN_EQUITY":null,"LOAN_ASSETS":null,"DEPOSIT_EQUITY":null,"DEPOSIT_ASSETS":null,"EQUITY_MULTIPLIER":1.950371777827,"EQUITY_RATIO":0.997888254575},{"SECUCODE":"02869.HK","SECURITY_CODE":"02869","SECURITY_NAME_ABBR":"绿城服务","ORG_CODE":"10505214","STD_REPORT_DATE":"2021-06-30 00:00:00","REPORT_DATE":"2021-06-30 00:00:00","DATE_TYPE_CODE":"002","REPORT_TYPE":"2021年中报","PER_NETCASH_OPERATE":0.01565576065,"PER_OI":1.724734386336,"BPS":2.154448950233,"BASIC_EPS":0.17,"DILUTED_EPS":0.17,"OPERATE_INCOME":5595888000,"OPERATE_INCOME_YOY":27.1755441715,"GROSS_PROFIT":1122908000,"GROSS_PROFIT_YOY":24.068772657112,"HOLDER_PROFIT":546745000,"HOLDER_PROFIT_YOY":46.341887754,"GROSS_PROFIT_RATIO":20.066663235576,"EPS_TTM":0.272323318798,"OPERATE_INCOME_QOQ":11.832583488478,"NET_PROFIT_RATIO":9.8918348616,"ROE_AVG":8.018804139339,"GROSS_PROFIT_QOQ":11.329059086744,"ROA":4.043190768174,"HOLDER_PROFIT_QOQ":24.371282097481,"ROE_YEARLY":16.037608278679,"ROIC_YEARLY":13.064762686601,"TOTAL_ASSETS":13966430000,"TOTAL_LIABILITIES":6871282000,"TAX_EBT":22.704752755079,"OCF_SALES":0.907720097329,"TOTAL_PARENT_EQUITY":6815913000,"DEBT_ASSET_RATIO":49.1985568252,"OPERATE_PROFIT":699954000,"PRETAX_PROFIT":716132000,"NETCASH_OPERATE":50795000,"NETCASH_INVEST":-323850000,"NETCASH_FINANCE":-125977000,"END_CASH":4016218000,"DIVI_RATIO":0.499160338527,"DIVIDEND_RATE":3.75,"CURRENT_RATIO":1.600237226184,"COMMON_ACS":38000000000,"CURRENTDEBT_DEBT":82.586524610691,"ISSUED_COMMON_SHARES":3163645627,"HK_COMMON_SHARES":3163645627,"PER_SHARES":2000,"TOTAL_MARKET_CAP":12654582508,"HKSK_MARKET_CAP":12654582508,"PE_TTM":16.424999709406,"PB_TTM":1.555127603606,"REPORT_DATE_SQ":"2020-06-30 00:00:00","REPORT_TYPE_SQ":"2020年中报","OPERATE_INCOME_SQ":4400129000,"DPS_HKD":0.15,"OPERATE_INCOME_QOQ_SQ":8.587833135942,"NET_PROFIT_RATIO_SQ":8.2201680905,"HOLDER_PROFIT_SQ":373608000,"HOLDER_PROFIT_QOQ_SQ":29.164755291629,"ROE_AVG_SQ":7.983030014247,"PE_TTM_SQ":13.276615092323,"PB_TTM_SQ":1.105847209938,"ROA_SQ":3.464569002842,"START_DATE":"2021-01-01 00:00:00","FISCAL_YEAR":"12-31","CURRENCY":"HKD","IS_CNY_CODE":0,"DPS_HKD_LY":0.08,"ORG_TYPE":"一般企业","PREMIUM_INCOME":null,"PREMIUM_INCOME_YOY":null,"NET_INTEREST_INCOME":null,"NET_INTEREST_INCOME_YOY":null,"FEE_COMMISSION_INCOME":null,"FEE_COMMISSION_INCOME_YOY":null,"ACCOUNTS_RECE_TDAYS":2.195966459434,"INVENTORY_TDAYS":13.542645293433,"CURRENT_ASSETS_TDAYS":0.632650936226,"TOTAL_ASSETS_TDAYS":0.413817093916,"PREMIUM_EXPENSE":null,"LOAN_DEPOSIT":null,"LOAN_EQUITY":null,"LOAN_ASSETS":null,"DEPOSIT_EQUITY":null,"DEPOSIT_ASSETS":null,"EQUITY_MULTIPLIER":1.968448015461,"EQUITY_RATIO":1.008123489839},{"SECUCODE":"02869.HK","SECURITY_CODE":"02869","SECURITY_NAME_ABBR":"绿城服务","ORG_CODE":"10505214","STD_REPORT_DATE":"2020-12-31 00:00:00","REPORT_DATE":"2020-12-31 00:00:00","DATE_TYPE_CODE":"001","REPORT_TYPE":"2020年年报","PER_NETCASH_OPERATE":0.408682832185,"PER_OI":3.13831524182,"BPS":2.155949118254,"BASIC_EPS":0.23,"DILUTED_EPS":0.23,"OPERATE_INCOME":10105646000,"OPERATE_INCOME_YOY":17.7549064709,"GROSS_PROFIT":1922834000,"GROSS_PROFIT_YOY":24.285619177446,"HOLDER_PROFIT":710414000,"HOLDER_PROFIT_YOY":48.8074067092,"GROSS_PROFIT_RATIO":19.027323933571,"EPS_TTM":0.220619551111,"OPERATE_INCOME_QOQ":8.442081465541,"NET_PROFIT_RATIO":7.3291405616,"ROE_AVG":14.840636555503,"GROSS_PROFIT_QOQ":10.130724943813,"ROA":6.577837061094,"HOLDER_PROFIT_QOQ":15.207439036454,"ROE_YEARLY":14.840636555503,"ROIC_YEARLY":10.905244061813,"TOTAL_ASSETS":13078794000,"TOTAL_LIABILITIES":5966751000,"TAX_EBT":26.156642349885,"OCF_SALES":13.022363933983,"TOTAL_PARENT_EQUITY":6820659000,"DEBT_ASSET_RATIO":45.6215687777,"OPERATE_PROFIT":969641000,"PRETAX_PROFIT":1003011000,"NETCASH_OPERATE":1315994000,"NETCASH_INVEST":-2264312000,"NETCASH_FINANCE":2977020000,"END_CASH":4437192000,"DIVI_RATIO":0.616142129361,"DIVIDEND_RATE":3.75,"CURRENT_RATIO":1.837319372327,"COMMON_ACS":38000000000,"CURRENTDEBT_DEBT":78.532068792547,"ISSUED_COMMON_SHARES":3163645627,"HK_COMMON_SHARES":3163645627,"PER_SHARES":2000,"TOTAL_MARKET_CAP":12654582508,"HKSK_MARKET_CAP":12654582508,"PE_TTM":16.424999709406,"PB_TTM":1.555127603606,"REPORT_DATE_SQ":"2019-12-31 00:00:00","REPORT_TYPE_SQ":"2019年年报","OPERATE_INCOME_SQ":8581932000,"DPS_HKD":0.15,"OPERATE_INCOME_QOQ_SQ":15.26253526938,"NET_PROFIT_RATIO_SQ":5.5041102633,"HOLDER_PROFIT_SQ":477405000,"HOLDER_PROFIT_QOQ_SQ":-2.24222133489,"ROE_AVG_SQ":18.788057075898,"PE_TTM_SQ":13.276615092323,"PB_TTM_SQ":1.105847209938,"ROA_SQ":6.886163845422,"START_DATE":"2020-01-01 00:00:00","FISCAL_YEAR":"12-31","CURRENCY":"HKD","IS_CNY_CODE":0,"DPS_HKD_LY":0.075,"ORG_TYPE":"一般企业","PREMIUM_INCOME":null,"PREMIUM_INCOME_YOY":null,"NET_INTEREST_INCOME":null,"NET_INTEREST_INCOME_YOY":null,"FEE_COMMISSION_INCOME":null,"FEE_COMMISSION_INCOME_YOY":null,"ACCOUNTS_RECE_TDAYS":5.274846566845,"INVENTORY_TDAYS":23.9579445409,"CURRENT_ASSETS_TDAYS":1.463141789357,"TOTAL_ASSETS_TDAYS":0.935697956193,"PREMIUM_EXPENSE":null,"LOAN_DEPOSIT":null,"LOAN_EQUITY":null,"LOAN_ASSETS":null,"DEPOSIT_EQUITY":null,"DEPOSIT_ASSETS":null,"EQUITY_MULTIPLIER":1.838964415711,"EQUITY_RATIO":0.874805645613},{"SECUCODE":"02869.HK","SECURITY_CODE":"02869","SECURITY_NAME_ABBR":"绿城服务","ORG_CODE":"10505214","STD_REPORT_DATE":"2020-06-30 00:00:00","REPORT_DATE":"2020-06-30 00:00:00","DATE_TYPE_CODE":"002","REPORT_TYPE":"2020年中报","PER_NETCASH_OPERATE":0.012049250504,"PER_OI":1.367789499222,"BPS":2.088354000086,"BASIC_EPS":0.13,"DILUTED_EPS":0.13,"OPERATE_INCOME":4400129000,"OPERATE_INCOME_YOY":20.1194771571,"GROSS_PROFIT":905069000,"GROSS_PROFIT_YOY":28.156443724495,"HOLDER_PROFIT":373608000,"HOLDER_PROFIT_YOY":59.4067601355,"GROSS_PROFIT_RATIO":20.56914695001,"EPS_TTM":0.191683550417,"OPERATE_INCOME_QOQ":8.587833135942,"NET_PROFIT_RATIO":8.2201680905,"ROE_AVG":7.983030014247,"GROSS_PROFIT_QOQ":12.852811275741,"ROA":3.464569002842,"HOLDER_PROFIT_QOQ":29.164755291629,"ROE_YEARLY":15.966060028493,"ROIC_YEARLY":11.603025697465,"TOTAL_ASSETS":13045921000,"TOTAL_LIABILITIES":6226468000,"TAX_EBT":27.601757423513,"OCF_SALES":0.880928718226,"TOTAL_PARENT_EQUITY":6606812000,"DEBT_ASSET_RATIO":47.7273164539,"OPERATE_PROFIT":496230000,"PRETAX_PROFIT":499595000,"NETCASH_OPERATE":38762000,"NETCASH_INVEST":-752290000,"NETCASH_FINANCE":3580108000,"END_CASH":5512902000,"DIVI_RATIO":0.709153183487,"DIVIDEND_RATE":3.75,"CURRENT_RATIO":1.840480031034,"COMMON_ACS":38000000000,"CURRENTDEBT_DEBT":81.146968072429,"ISSUED_COMMON_SHARES":3163645627,"HK_COMMON_SHARES":3163645627,"PER_SHARES":2000,"TOTAL_MARKET_CAP":12654582508,"HKSK_MARKET_CAP":12654582508,"PE_TTM":16.424999709406,"PB_TTM":1.555127603606,"REPORT_DATE_SQ":"2019-06-30 00:00:00","REPORT_TYPE_SQ":"2019年中报","OPERATE_INCOME_SQ":3663127000,"DPS_HKD":0.15,"OPERATE_INCOME_QOQ_SQ":10.963581307994,"NET_PROFIT_RATIO_SQ":6.3251697252,"HOLDER_PROFIT_SQ":234374000,"HOLDER_PROFIT_QOQ_SQ":1.04677050917,"ROE_AVG_SQ":9.890199851462,"PE_TTM_SQ":13.276615092323,"PB_TTM_SQ":1.105847209938,"ROA_SQ":3.835184620644,"START_DATE":"2020-01-01 00:00:00","FISCAL_YEAR":"12-31","CURRENCY":"HKD","IS_CNY_CODE":0,"DPS_HKD_LY":0.075,"ORG_TYPE":"一般企业","PREMIUM_INCOME":null,"PREMIUM_INCOME_YOY":null,"NET_INTEREST_INCOME":null,"NET_INTEREST_INCOME_YOY":null,"FEE_COMMISSION_INCOME":null,"FEE_COMMISSION_INCOME_YOY":null,"ACCOUNTS_RECE_TDAYS":1.995976863677,"INVENTORY_TDAYS":9.941518139048,"CURRENT_ASSETS_TDAYS":0.606768678499,"TOTAL_ASSETS_TDAYS":0.408035977332,"PREMIUM_EXPENSE":null,"LOAN_DEPOSIT":null,"LOAN_EQUITY":null,"LOAN_ASSETS":null,"DEPOSIT_EQUITY":null,"DEPOSIT_ASSETS":null,"EQUITY_MULTIPLIER":1.913045078541,"EQUITY_RATIO":0.942431538842}],"count":24},"success":true,"message":"ok","code":0}