{"version":"3db0ee12578ec7d05ba7640ad7186e28","result":{"pages":5,"data":[{"SECUCODE":"02878.HK","SECURITY_CODE":"02878","SECURITY_NAME_ABBR":"晶门半导体","ORG_CODE":"10010621","STD_REPORT_DATE":"2024-06-30 00:00:00","REPORT_DATE":"2024-06-30 00:00:00","DATE_TYPE_CODE":"002","REPORT_TYPE":"2024年中报","PER_NETCASH_OPERATE":0.040068133192,"PER_OI":0.1768098116,"BPS":0.383689830586,"BASIC_EPS":0.0213804,"DILUTED_EPS":0.0213804,"OPERATE_INCOME":441255822,"OPERATE_INCOME_YOY":-27.4439262193,"GROSS_PROFIT":141417092.4,"GROSS_PROFIT_YOY":-29.955502880007,"HOLDER_PROFIT":53244322.8,"HOLDER_PROFIT_YOY":-43.251044436,"GROSS_PROFIT_RATIO":32.048776548494,"EPS_TTM":0.038397015458,"OPERATE_INCOME_QOQ":-16.165478361782,"NET_PROFIT_RATIO":12.066542841,"ROE_AVG":5.714635386987,"GROSS_PROFIT_QOQ":-18.427582520158,"ROA":4.544030751733,"HOLDER_PROFIT_QOQ":-30.41439095106,"ROE_YEARLY":11.429270773973,"ROIC_YEARLY":19.589771155498,"TOTAL_ASSETS":1221540646.8,"TOTAL_LIABILITIES":263641712.4,"TAX_EBT":1.138017731904,"OCF_SALES":22.661713639667,"TOTAL_PARENT_EQUITY":958362176.4,"DEBT_ASSET_RATIO":21.582721221,"OPERATE_PROFIT":53443873.2,"PRETAX_PROFIT":53857227.6,"NETCASH_OPERATE":99996130.8,"NETCASH_INVEST":20496676.8,"NETCASH_FINANCE":-8195820,"END_CASH":684664549.2,"DIVI_RATIO":null,"DIVIDEND_RATE":null,"CURRENT_RATIO":4.589992831541,"COMMON_ACS":5000000000,"CURRENTDEBT_DEBT":94.274592490471,"ISSUED_COMMON_SHARES":2497752351,"HK_COMMON_SHARES":2497752351,"PER_SHARES":2000,"TOTAL_MARKET_CAP":1673494075.17,"HKSK_MARKET_CAP":1673494075.17,"PE_TTM":15.62252592673,"PB_TTM":1.593723762206,"REPORT_DATE_SQ":"2023-06-30 00:00:00","REPORT_TYPE_SQ":"2023年中报","OPERATE_INCOME_SQ":616606417.2,"DPS_HKD":null,"OPERATE_INCOME_QOQ_SQ":-8.419142886186,"NET_PROFIT_RATIO_SQ":15.4276138468,"HOLDER_PROFIT_SQ":95127657,"HOLDER_PROFIT_QOQ_SQ":-26.264396837692,"ROE_AVG_SQ":11.469868181462,"PE_TTM_SQ":4.259211959977,"PB_TTM_SQ":0.674934633788,"ROA_SQ":8.267576843249,"START_DATE":"2024-01-01 00:00:00","FISCAL_YEAR":"12-31","CURRENCY":"HKD","IS_CNY_CODE":0,"DPS_HKD_LY":null,"ORG_TYPE":"一般企业","PREMIUM_INCOME":null,"PREMIUM_INCOME_YOY":null,"NET_INTEREST_INCOME":null,"NET_INTEREST_INCOME_YOY":null,"FEE_COMMISSION_INCOME":null,"FEE_COMMISSION_INCOME_YOY":null,"ACCOUNTS_RECE_TDAYS":2.006253847899,"INVENTORY_TDAYS":1.501981364464,"CURRENT_ASSETS_TDAYS":0.401167574852,"TOTAL_ASSETS_TDAYS":0.376580998519,"PREMIUM_EXPENSE":null,"LOAN_DEPOSIT":null,"LOAN_EQUITY":null,"LOAN_ASSETS":null,"DEPOSIT_EQUITY":null,"DEPOSIT_ASSETS":null,"EQUITY_MULTIPLIER":1.275229153027,"EQUITY_RATIO":0.275096115949},{"SECUCODE":"02878.HK","SECURITY_CODE":"02878","SECURITY_NAME_ABBR":"晶门半导体","ORG_CODE":"10010621","STD_REPORT_DATE":"2023-12-31 00:00:00","REPORT_DATE":"2023-12-31 00:00:00","DATE_TYPE_CODE":"001","REPORT_TYPE":"2023年年报","PER_NETCASH_OPERATE":0.107294013164,"PER_OI":0.434644908481,"BPS":0.360113591261,"BASIC_EPS":0.0566616,"DILUTED_EPS":0.0566616,"OPERATE_INCOME":1084722587.7,"OPERATE_INCOME_YOY":-19.7502659254,"GROSS_PROFIT":328198152.6,"GROSS_PROFIT_YOY":-28.025656426825,"HOLDER_PROFIT":137708936.1,"HOLDER_PROFIT_YOY":-30.1440735817,"GROSS_PROFIT_RATIO":30.256413604874,"EPS_TTM":0.05517953494,"OPERATE_INCOME_QOQ":-10.886896988352,"NET_PROFIT_RATIO":12.6953137753,"ROE_AVG":16.460030900125,"GROSS_PROFIT_QOQ":-12.396722414624,"ROA":12.31781911945,"HOLDER_PROFIT_QOQ":-3.655109428352,"ROE_YEARLY":16.460030900125,"ROIC_YEARLY":20.47450559171,"TOTAL_ASSETS":1115001130.2,"TOTAL_LIABILITIES":215986936.5,"TAX_EBT":0.230911330049,"OCF_SALES":24.685441165908,"TOTAL_PARENT_EQUITY":899474569.2,"DEBT_ASSET_RATIO":19.37100606,"OPERATE_PROFIT":114243951,"PRETAX_PROFIT":138027657.6,"NETCASH_OPERATE":267768556.2,"NETCASH_INVEST":-6126535.5,"NETCASH_FINANCE":-7868879.7,"END_CASH":569017035.3,"DIVI_RATIO":null,"DIVIDEND_RATE":null,"CURRENT_RATIO":4.957563221459,"COMMON_ACS":5000000000,"CURRENTDEBT_DEBT":98.291523200525,"ISSUED_COMMON_SHARES":2497752351,"HK_COMMON_SHARES":2497752351,"PER_SHARES":2000,"TOTAL_MARKET_CAP":1223898651.99,"HKSK_MARKET_CAP":1223898651.99,"PE_TTM":11.425429409101,"PB_TTM":1.165559169374,"REPORT_DATE_SQ":"2022-12-31 00:00:00","REPORT_TYPE_SQ":"2022年年报","OPERATE_INCOME_SQ":1329145157.8,"DPS_HKD":null,"OPERATE_INCOME_QOQ_SQ":0.922538506324,"NET_PROFIT_RATIO_SQ":14.5795234827,"HOLDER_PROFIT_SQ":193845711.8,"HOLDER_PROFIT_QOQ_SQ":-15.158301016852,"ROE_AVG_SQ":28.399281676632,"PE_TTM_SQ":5.261379479971,"PB_TTM_SQ":0.833742782915,"ROA_SQ":18.668839879803,"START_DATE":"2023-01-01 00:00:00","FISCAL_YEAR":"12-31","CURRENCY":"HKD","IS_CNY_CODE":0,"DPS_HKD_LY":null,"ORG_TYPE":"一般企业","PREMIUM_INCOME":null,"PREMIUM_INCOME_YOY":null,"NET_INTEREST_INCOME":null,"NET_INTEREST_INCOME_YOY":null,"FEE_COMMISSION_INCOME":null,"FEE_COMMISSION_INCOME_YOY":null,"ACCOUNTS_RECE_TDAYS":3.9206656,"INVENTORY_TDAYS":2.805663177526,"CURRENT_ASSETS_TDAYS":1.039284211669,"TOTAL_ASSETS_TDAYS":0.970265039327,"PREMIUM_EXPENSE":null,"LOAN_DEPOSIT":null,"LOAN_EQUITY":null,"LOAN_ASSETS":null,"DEPOSIT_EQUITY":null,"DEPOSIT_ASSETS":null,"EQUITY_MULTIPLIER":1.240248639025,"EQUITY_RATIO":0.24012567325},{"SECUCODE":"02878.HK","SECURITY_CODE":"02878","SECURITY_NAME_ABBR":"晶门半导体","ORG_CODE":"10010621","STD_REPORT_DATE":"2023-06-30 00:00:00","REPORT_DATE":"2023-06-30 00:00:00","DATE_TYPE_CODE":"002","REPORT_TYPE":"2023年中报","PER_NETCASH_OPERATE":0.083166182628,"PER_OI":0.247072240231,"BPS":0.348044421558,"BASIC_EPS":0.03829674,"DILUTED_EPS":0.03829674,"OPERATE_INCOME":616606417.2,"OPERATE_INCOME_YOY":-21.3859306482,"GROSS_PROFIT":201896077.8,"GROSS_PROFIT_YOY":-28.721074524261,"HOLDER_PROFIT":95127657,"HOLDER_PROFIT_YOY":-39.4990808824,"GROSS_PROFIT_RATIO":32.743103569503,"EPS_TTM":0.057272922946,"OPERATE_INCOME_QOQ":-8.419142886186,"NET_PROFIT_RATIO":15.4276138468,"ROE_AVG":11.469868181462,"GROSS_PROFIT_QOQ":-17.840581360633,"ROA":8.267576843249,"HOLDER_PROFIT_QOQ":-26.264396837692,"ROE_YEARLY":22.939736362924,"ROIC_YEARLY":26.122327496404,"TOTAL_ASSETS":1157645418,"TOTAL_LIABILITIES":288786322.8,"TAX_EBT":null,"OCF_SALES":33.66067452598,"TOTAL_PARENT_EQUITY":869328772.2,"DEBT_ASSET_RATIO":24.946008364,"OPERATE_PROFIT":95676817.8,"PRETAX_PROFIT":95127657,"NETCASH_OPERATE":207553879.2,"NETCASH_INVEST":1654708.2,"NETCASH_FINANCE":-15109147.8,"END_CASH":512121349.2,"DIVI_RATIO":null,"DIVIDEND_RATE":null,"CURRENT_RATIO":3.820739245616,"COMMON_ACS":5000000000,"CURRENTDEBT_DEBT":99.171796026623,"ISSUED_COMMON_SHARES":2497752351,"HK_COMMON_SHARES":2497752351,"PER_SHARES":2000,"TOTAL_MARKET_CAP":1223898651.99,"HKSK_MARKET_CAP":1223898651.99,"PE_TTM":11.425429409101,"PB_TTM":1.165559169374,"REPORT_DATE_SQ":"2022-06-30 00:00:00","REPORT_TYPE_SQ":"2022年中报","OPERATE_INCOME_SQ":728509047.2,"DPS_HKD":null,"OPERATE_INCOME_QOQ_SQ":22.867491756215,"NET_PROFIT_RATIO_SQ":20.0445885691,"HOLDER_PROFIT_SQ":146040064,"HOLDER_PROFIT_QOQ_SQ":50.685197888907,"ROE_AVG_SQ":22.583976378157,"PE_TTM_SQ":5.261379479971,"PB_TTM_SQ":0.833742782915,"ROA_SQ":14.108021019395,"START_DATE":"2023-01-01 00:00:00","FISCAL_YEAR":"12-31","CURRENCY":"HKD","IS_CNY_CODE":0,"DPS_HKD_LY":null,"ORG_TYPE":"一般企业","PREMIUM_INCOME":null,"PREMIUM_INCOME_YOY":null,"NET_INTEREST_INCOME":null,"NET_INTEREST_INCOME_YOY":null,"FEE_COMMISSION_INCOME":null,"FEE_COMMISSION_INCOME_YOY":null,"ACCOUNTS_RECE_TDAYS":null,"INVENTORY_TDAYS":1.362040937407,"CURRENT_ASSETS_TDAYS":0.57355634643,"TOTAL_ASSETS_TDAYS":0.53589472263,"PREMIUM_EXPENSE":null,"LOAN_DEPOSIT":null,"LOAN_EQUITY":null,"LOAN_ASSETS":null,"DEPOSIT_EQUITY":null,"DEPOSIT_ASSETS":null,"EQUITY_MULTIPLIER":1.332374172515,"EQUITY_RATIO":0.332194598908},{"SECUCODE":"02878.HK","SECURITY_CODE":"02878","SECURITY_NAME_ABBR":"晶门半导体","ORG_CODE":"10010621","STD_REPORT_DATE":"2022-12-31 00:00:00","REPORT_DATE":"2022-12-31 00:00:00","DATE_TYPE_CODE":"001","REPORT_TYPE":"2022年年报","PER_NETCASH_OPERATE":0.049102708184,"PER_OI":0.532861829752,"BPS":0.30462410939,"BASIC_EPS":0.0766106,"DILUTED_EPS":0.0766106,"OPERATE_INCOME":1329145157.8,"OPERATE_INCOME_YOY":13.5159409945,"GROSS_PROFIT":455993255.8,"GROSS_PROFIT_YOY":6.34702405808,"HOLDER_PROFIT":193845711.8,"HOLDER_PROFIT_YOY":17.0338911782,"GROSS_PROFIT_RATIO":34.307257798295,"EPS_TTM":0.077713844927,"OPERATE_INCOME_QOQ":0.922538506324,"NET_PROFIT_RATIO":14.5795234827,"ROE_AVG":28.399281676632,"GROSS_PROFIT_QOQ":-12.976046482679,"ROA":18.668839879803,"HOLDER_PROFIT_QOQ":-15.158301016852,"ROE_YEARLY":28.399281676632,"ROIC_YEARLY":24.416625728121,"TOTAL_ASSETS":1102238489.8,"TOTAL_LIABILITIES":341815603.4,"TAX_EBT":0.29741641882,"OCF_SALES":9.214904397856,"TOTAL_PARENT_EQUITY":760875585.4,"DEBT_ASSET_RATIO":31.0110385877,"OPERATE_PROFIT":179498635.8,"PRETAX_PROFIT":194361092.2,"NETCASH_OPERATE":122479455.6,"NETCASH_INVEST":-15085323.6,"NETCASH_FINANCE":54330844.6,"END_CASH":317279317.6,"DIVI_RATIO":null,"DIVIDEND_RATE":null,"CURRENT_RATIO":3.01994337322,"COMMON_ACS":5000000000,"CURRENTDEBT_DEBT":98.590028321686,"ISSUED_COMMON_SHARES":2497752351,"HK_COMMON_SHARES":2497752351,"PER_SHARES":2000,"TOTAL_MARKET_CAP":1223898651.99,"HKSK_MARKET_CAP":1223898651.99,"PE_TTM":11.425429409101,"PB_TTM":1.165559169374,"REPORT_DATE_SQ":"2021-12-31 00:00:00","REPORT_TYPE_SQ":"2021年年报","OPERATE_INCOME_SQ":1071882684,"DPS_HKD":null,"OPERATE_INCOME_QOQ_SQ":24.646561358224,"NET_PROFIT_RATIO_SQ":14.1143231025,"HOLDER_PROFIT_SQ":151626897.4,"HOLDER_PROFIT_QOQ_SQ":32.50092254661,"ROE_AVG_SQ":31.667532190841,"PE_TTM_SQ":5.261379479971,"PB_TTM_SQ":0.833742782915,"ROA_SQ":20.313474268631,"START_DATE":"2022-01-01 00:00:00","FISCAL_YEAR":"12-31","CURRENCY":"HKD","IS_CNY_CODE":0,"DPS_HKD_LY":0.01,"ORG_TYPE":"一般企业","PREMIUM_INCOME":null,"PREMIUM_INCOME_YOY":null,"NET_INTEREST_INCOME":null,"NET_INTEREST_INCOME_YOY":null,"FEE_COMMISSION_INCOME":null,"FEE_COMMISSION_INCOME_YOY":null,"ACCOUNTS_RECE_TDAYS":4.475942538845,"INVENTORY_TDAYS":2.81455206708,"CURRENT_ASSETS_TDAYS":1.425712322013,"TOTAL_ASSETS_TDAYS":1.280069489161,"PREMIUM_EXPENSE":null,"LOAN_DEPOSIT":null,"LOAN_EQUITY":null,"LOAN_ASSETS":null,"DEPOSIT_EQUITY":null,"DEPOSIT_ASSETS":null,"EQUITY_MULTIPLIER":1.449507253811,"EQUITY_RATIO":0.449239809975},{"SECUCODE":"02878.HK","SECURITY_CODE":"02878","SECURITY_NAME_ABBR":"晶门半导体","ORG_CODE":"10010621","STD_REPORT_DATE":"2022-06-30 00:00:00","REPORT_DATE":"2022-06-30 00:00:00","DATE_TYPE_CODE":"002","REPORT_TYPE":"2022年中报","PER_NETCASH_OPERATE":0.054017254758,"PER_OI":0.292063407525,"BPS":0.284658211097,"BASIC_EPS":0.05838918,"DILUTED_EPS":0.05838918,"OPERATE_INCOME":728509047.2,"OPERATE_INCOME_YOY":45.0633452718,"GROSS_PROFIT":283247925.6,"GROSS_PROFIT_YOY":50.631267640114,"HOLDER_PROFIT":146040064,"HOLDER_PROFIT_YOY":103.1746031746,"GROSS_PROFIT_RATIO":38.880495264768,"EPS_TTM":0.091598642954,"OPERATE_INCOME_QOQ":22.867491756215,"NET_PROFIT_RATIO":20.0445885691,"ROE_AVG":22.583976378157,"GROSS_PROFIT_QOQ":22.204312444748,"ROA":14.108021019395,"HOLDER_PROFIT_QOQ":50.685197888907,"ROE_YEARLY":45.167952756314,"ROIC_YEARLY":36.816770580423,"TOTAL_ASSETS":1131300429.6,"TOTAL_LIABILITIES":420683974.8,"TAX_EBT":0.059712461531,"OCF_SALES":18.495043667318,"TOTAL_PARENT_EQUITY":711005716,"DEBT_ASSET_RATIO":37.1858759878,"OPERATE_PROFIT":145603823,"PRETAX_PROFIT":146113889.4,"NETCASH_OPERATE":134738066.4,"NETCASH_INVEST":13711390.2,"NETCASH_FINANCE":-4342275.8,"END_CASH":311543188,"DIVI_RATIO":null,"DIVIDEND_RATE":null,"CURRENT_RATIO":2.458219970349,"COMMON_ACS":5000000000,"CURRENTDEBT_DEBT":97.924444019017,"ISSUED_COMMON_SHARES":2497752351,"HK_COMMON_SHARES":2497752351,"PER_SHARES":2000,"TOTAL_MARKET_CAP":1223898651.99,"HKSK_MARKET_CAP":1223898651.99,"PE_TTM":11.425429409101,"PB_TTM":1.165559169374,"REPORT_DATE_SQ":"2021-06-30 00:00:00","REPORT_TYPE_SQ":"2021年中报","OPERATE_INCOME_SQ":483396362.8,"DPS_HKD":null,"OPERATE_INCOME_QOQ_SQ":8.685585046451,"NET_PROFIT_RATIO_SQ":14.2607045491,"HOLDER_PROFIT_SQ":69187671,"HOLDER_PROFIT_QOQ_SQ":49.706684868845,"ROE_AVG_SQ":15.815821728665,"PE_TTM_SQ":5.261379479971,"PB_TTM_SQ":0.833742782915,"ROA_SQ":10.320703079829,"START_DATE":"2022-01-01 00:00:00","FISCAL_YEAR":"12-31","CURRENCY":"HKD","IS_CNY_CODE":0,"DPS_HKD_LY":0.01,"ORG_TYPE":"一般企业","PREMIUM_INCOME":null,"PREMIUM_INCOME_YOY":null,"NET_INTEREST_INCOME":null,"NET_INTEREST_INCOME_YOY":null,"FEE_COMMISSION_INCOME":null,"FEE_COMMISSION_INCOME_YOY":null,"ACCOUNTS_RECE_TDAYS":null,"INVENTORY_TDAYS":1.509825563533,"CURRENT_ASSETS_TDAYS":0.796746893327,"TOTAL_ASSETS_TDAYS":0.703767217653,"PREMIUM_EXPENSE":null,"LOAN_DEPOSIT":null,"LOAN_EQUITY":null,"LOAN_ASSETS":null,"DEPOSIT_EQUITY":null,"DEPOSIT_ASSETS":null,"EQUITY_MULTIPLIER":1.591998639997,"EQUITY_RATIO":0.591674532754},{"SECUCODE":"02878.HK","SECURITY_CODE":"02878","SECURITY_NAME_ABBR":"晶门半导体","ORG_CODE":"10010621","STD_REPORT_DATE":"2021-12-31 00:00:00","REPORT_DATE":"2021-12-31 00:00:00","DATE_TYPE_CODE":"001","REPORT_TYPE":"2021年年报","PER_NETCASH_OPERATE":-0.015307702695,"PER_OI":0.430068679322,"BPS":0.221469057522,"BASIC_EPS":0.063757,"DILUTED_EPS":0.063757,"OPERATE_INCOME":1071882684,"OPERATE_INCOME_YOY":38.6430921731,"GROSS_PROFIT":428778576.4,"GROSS_PROFIT_YOY":83.328773607477,"HOLDER_PROFIT":151626897.4,"HOLDER_PROFIT_YOY":103.0046948357,"GROSS_PROFIT_RATIO":40.002379252915,"EPS_TTM":0.060836862548,"OPERATE_INCOME_QOQ":24.646561358224,"NET_PROFIT_RATIO":14.1143231025,"ROE_AVG":31.667532190841,"GROSS_PROFIT_QOQ":36.207253016594,"ROA":20.313474268631,"HOLDER_PROFIT_QOQ":32.50092254661,"ROE_YEARLY":31.667532190841,"ROIC_YEARLY":29.985185185185,"TOTAL_ASSETS":892043314.1,"TOTAL_LIABILITIES":339225494.2,"TAX_EBT":0.201875762291,"OCF_SALES":-3.559362360219,"TOTAL_PARENT_EQUITY":553174859.1,"DEBT_ASSET_RATIO":38.0279173486,"OPERATE_PROFIT":150536652.7,"PRETAX_PROFIT":151595018.9,"NETCASH_OPERATE":-38152188.8,"NETCASH_INVEST":-8001503.5,"NETCASH_FINANCE":-128642498.9,"END_CASH":157843204.9,"DIVI_RATIO":null,"DIVIDEND_RATE":null,"CURRENT_RATIO":2.354889314973,"COMMON_ACS":5000000000,"CURRENTDEBT_DEBT":97.043566515055,"ISSUED_COMMON_SHARES":2497752351,"HK_COMMON_SHARES":2497752351,"PER_SHARES":2000,"TOTAL_MARKET_CAP":1223898651.99,"HKSK_MARKET_CAP":1223898651.99,"PE_TTM":11.425429409101,"PB_TTM":1.165559169374,"REPORT_DATE_SQ":"2020-12-31 00:00:00","REPORT_TYPE_SQ":"2020年年报","OPERATE_INCOME_SQ":791215898.9,"DPS_HKD":null,"OPERATE_INCOME_QOQ_SQ":1.274805377105,"NET_PROFIT_RATIO_SQ":9.6321158493,"HOLDER_PROFIT_SQ":76439203.5,"HOLDER_PROFIT_QOQ_SQ":181.947163166932,"ROE_AVG_SQ":20.425776754891,"PE_TTM_SQ":5.261379479971,"PB_TTM_SQ":0.833742782915,"ROA_SQ":13.68910597226,"START_DATE":"2021-01-01 00:00:00","FISCAL_YEAR":"12-31","CURRENCY":"HKD","IS_CNY_CODE":0,"DPS_HKD_LY":0.008,"ORG_TYPE":"一般企业","PREMIUM_INCOME":null,"PREMIUM_INCOME_YOY":null,"NET_INTEREST_INCOME":null,"NET_INTEREST_INCOME_YOY":null,"FEE_COMMISSION_INCOME":null,"FEE_COMMISSION_INCOME_YOY":null,"ACCOUNTS_RECE_TDAYS":5.760592095119,"INVENTORY_TDAYS":3.521066778371,"CURRENT_ASSETS_TDAYS":1.61361378655,"TOTAL_ASSETS_TDAYS":1.43600256246,"PREMIUM_EXPENSE":null,"LOAN_DEPOSIT":null,"LOAN_EQUITY":null,"LOAN_ASSETS":null,"DEPOSIT_EQUITY":null,"DEPOSIT_ASSETS":null,"EQUITY_MULTIPLIER":1.613629810741,"EQUITY_RATIO":0.613233751714},{"SECUCODE":"02878.HK","SECURITY_CODE":"02878","SECURITY_NAME_ABBR":"晶门半导体","ORG_CODE":"10010621","STD_REPORT_DATE":"2021-06-30 00:00:00","REPORT_DATE":"2021-06-30 00:00:00","DATE_TYPE_CODE":"002","REPORT_TYPE":"2021年中报","PER_NETCASH_OPERATE":0.019827304363,"PER_OI":0.194193394095,"BPS":0.186215714986,"BASIC_EPS":0.02777843,"DILUTED_EPS":0.02777843,"OPERATE_INCOME":483396362.8,"OPERATE_INCOME_YOY":27.749513436,"GROSS_PROFIT":188040590.8,"GROSS_PROFIT_YOY":75.530539762929,"HOLDER_PROFIT":69187671,"HOLDER_PROFIT_YOY":143.0776214253,"GROSS_PROFIT_RATIO":38.899877051371,"EPS_TTM":0.045971473103,"OPERATE_INCOME_QOQ":8.685585046451,"NET_PROFIT_RATIO":14.2607045491,"ROE_AVG":15.815821728665,"GROSS_PROFIT_QOQ":34.595456223717,"ROA":10.320703079829,"HOLDER_PROFIT_QOQ":49.706684868845,"ROE_YEARLY":31.63164345733,"ROIC_YEARLY":41.947360175466,"TOTAL_ASSETS":731974550.7,"TOTAL_LIABILITIES":267125135,"TAX_EBT":0.651708407038,"OCF_SALES":10.210081787566,"TOTAL_PARENT_EQUITY":465120739.9,"DEBT_ASSET_RATIO":36.4937735533,"OPERATE_PROFIT":68690243.3,"PRETAX_PROFIT":69387934.1,"NETCASH_OPERATE":49355164,"NETCASH_INVEST":-4593131.1,"NETCASH_FINANCE":-19406140.4,"END_CASH":352941103.4,"DIVI_RATIO":null,"DIVIDEND_RATE":null,"CURRENT_RATIO":2.610062096059,"COMMON_ACS":5000000000,"CURRENTDEBT_DEBT":95.417170495768,"ISSUED_COMMON_SHARES":2497752351,"HK_COMMON_SHARES":2497752351,"PER_SHARES":2000,"TOTAL_MARKET_CAP":1223898651.99,"HKSK_MARKET_CAP":1223898651.99,"PE_TTM":11.425429409101,"PB_TTM":1.165559169374,"REPORT_DATE_SQ":"2020-06-30 00:00:00","REPORT_TYPE_SQ":"2020年中报","OPERATE_INCOME_SQ":414674633,"DPS_HKD":null,"OPERATE_INCOME_QOQ_SQ":3.384155877233,"NET_PROFIT_RATIO_SQ":7.3957728685,"HOLDER_PROFIT_SQ":31192277,"HOLDER_PROFIT_QOQ_SQ":50.971758332351,"ROE_AVG_SQ":8.240674066939,"PE_TTM_SQ":5.261379479971,"PB_TTM_SQ":0.833742782915,"ROA_SQ":5.451519707009,"START_DATE":"2021-01-01 00:00:00","FISCAL_YEAR":"12-31","CURRENCY":"HKD","IS_CNY_CODE":0,"DPS_HKD_LY":0.008,"ORG_TYPE":"一般企业","PREMIUM_INCOME":null,"PREMIUM_INCOME_YOY":null,"NET_INTEREST_INCOME":null,"NET_INTEREST_INCOME_YOY":null,"FEE_COMMISSION_INCOME":null,"FEE_COMMISSION_INCOME_YOY":null,"ACCOUNTS_RECE_TDAYS":3.073270905208,"INVENTORY_TDAYS":2.577226606539,"CURRENT_ASSETS_TDAYS":0.788630267644,"TOTAL_ASSETS_TDAYS":0.721080831053,"PREMIUM_EXPENSE":null,"LOAN_DEPOSIT":null,"LOAN_EQUITY":null,"LOAN_ASSETS":null,"DEPOSIT_EQUITY":null,"DEPOSIT_ASSETS":null,"EQUITY_MULTIPLIER":1.574648748559,"EQUITY_RATIO":0.574313532132},{"SECUCODE":"02878.HK","SECURITY_CODE":"02878","SECURITY_NAME_ABBR":"晶门半导体","ORG_CODE":"10010621","STD_REPORT_DATE":"2020-12-31 00:00:00","REPORT_DATE":"2020-12-31 00:00:00","DATE_TYPE_CODE":"001","REPORT_TYPE":"2020年年报","PER_NETCASH_OPERATE":0.08978188671,"PER_OI":0.318903347034,"BPS":0.165711797382,"BASIC_EPS":0.0326245,"DILUTED_EPS":0.0326245,"OPERATE_INCOME":791215898.9,"OPERATE_INCOME_YOY":11.9439084959,"GROSS_PROFIT":233885040.5,"GROSS_PROFIT_YOY":57.193067846927,"HOLDER_PROFIT":76439203.5,"HOLDER_PROFIT_YOY":142.9561454972,"GROSS_PROFIT_RATIO":29.560204847395,"EPS_TTM":0.030809186057,"OPERATE_INCOME_QOQ":1.274805377105,"NET_PROFIT_RATIO":9.6321158493,"ROE_AVG":20.425776754891,"GROSS_PROFIT_QOQ":24.835890817589,"ROA":13.68910597226,"HOLDER_PROFIT_QOQ":181.947163166932,"ROE_YEARLY":20.425776754891,"ROIC_YEARLY":22.921150459793,"TOTAL_ASSETS":614887001.3,"TOTAL_LIABILITIES":200999544.5,"TAX_EBT":1.666947297525,"OCF_SALES":28.153322172834,"TOTAL_PARENT_EQUITY":413907031.5,"DEBT_ASSET_RATIO":32.6888589408,"OPERATE_PROFIT":35169211,"PRETAX_PROFIT":77502762.2,"NETCASH_OPERATE":222753561.1,"NETCASH_INVEST":-835187.2,"NETCASH_FINANCE":-8077826.2,"END_CASH":331641092.3,"DIVI_RATIO":null,"DIVIDEND_RATE":null,"CURRENT_RATIO":2.828780964798,"COMMON_ACS":5000000000,"CURRENTDEBT_DEBT":99.594221717254,"ISSUED_COMMON_SHARES":2497752351,"HK_COMMON_SHARES":2497752351,"PER_SHARES":2000,"TOTAL_MARKET_CAP":1223898651.99,"HKSK_MARKET_CAP":1223898651.99,"PE_TTM":11.425429409101,"PB_TTM":1.165559169374,"REPORT_DATE_SQ":"2019-12-31 00:00:00","REPORT_TYPE_SQ":"2019年年报","OPERATE_INCOME_SQ":755682912.6,"DPS_HKD":null,"OPERATE_INCOME_QOQ_SQ":-0.624410959229,"NET_PROFIT_RATIO_SQ":-25.6686022359,"HOLDER_PROFIT_SQ":-190254926.4,"HOLDER_PROFIT_QOQ_SQ":-60.970558582167,"ROE_AVG_SQ":-42.043273492481,"PE_TTM_SQ":5.261379479971,"PB_TTM_SQ":0.833742782915,"ROA_SQ":-29.654598735395,"START_DATE":"2020-01-01 00:00:00","FISCAL_YEAR":"12-31","CURRENCY":"HKD","IS_CNY_CODE":0,"DPS_HKD_LY":null,"ORG_TYPE":"一般企业","PREMIUM_INCOME":null,"PREMIUM_INCOME_YOY":null,"NET_INTEREST_INCOME":null,"NET_INTEREST_INCOME_YOY":null,"FEE_COMMISSION_INCOME":null,"FEE_COMMISSION_INCOME_YOY":null,"ACCOUNTS_RECE_TDAYS":5.723908425773,"INVENTORY_TDAYS":3.952705985793,"CURRENT_ASSETS_TDAYS":1.567145275728,"TOTAL_ASSETS_TDAYS":1.416948083058,"PREMIUM_EXPENSE":null,"LOAN_DEPOSIT":null,"LOAN_EQUITY":null,"LOAN_ASSETS":null,"DEPOSIT_EQUITY":null,"DEPOSIT_ASSETS":null,"EQUITY_MULTIPLIER":1.485638163704,"EQUITY_RATIO":0.485615196658},{"SECUCODE":"02878.HK","SECURITY_CODE":"02878","SECURITY_NAME_ABBR":"晶门半导体","ORG_CODE":"10010621","STD_REPORT_DATE":"2020-06-30 00:00:00","REPORT_DATE":"2020-06-30 00:00:00","DATE_TYPE_CODE":"002","REPORT_TYPE":"2020年中报","PER_NETCASH_OPERATE":0.046497306999,"PER_OI":0.167190500931,"BPS":0.157759823484,"BASIC_EPS":0.0127431,"DILUTED_EPS":0.0127431,"OPERATE_INCOME":414674633,"OPERATE_INCOME_YOY":3.4894609445,"GROSS_PROFIT":107126994,"GROSS_PROFIT_YOY":56.249756285911,"HOLDER_PROFIT":31192277,"HOLDER_PROFIT_YOY":146.0445187585,"GROSS_PROFIT_RATIO":25.833987776146,"EPS_TTM":-0.03760853006,"OPERATE_INCOME_QOQ":3.384155877233,"NET_PROFIT_RATIO":7.3957728685,"ROE_AVG":8.240674066939,"GROSS_PROFIT_QOQ":25.919771002891,"ROA":5.451519707009,"HOLDER_PROFIT_QOQ":50.971758332351,"ROE_YEARLY":16.481348133878,"ROIC_YEARLY":16.000145257787,"TOTAL_ASSETS":599789399,"TOTAL_LIABILITIES":206013450,"TAX_EBT":0.161327494814,"OCF_SALES":27.810974152354,"TOTAL_PARENT_EQUITY":394044970,"DEBT_ASSET_RATIO":34.3476310758,"OPERATE_PROFIT":29549833,"PRETAX_PROFIT":30717950.5,"NETCASH_OPERATE":115325055,"NETCASH_INVEST":-2718528,"NETCASH_FINANCE":-3872486.5,"END_CASH":236582731,"DIVI_RATIO":null,"DIVIDEND_RATE":null,"CURRENT_RATIO":2.658831686601,"COMMON_ACS":5000000000,"CURRENTDEBT_DEBT":99.123711340206,"ISSUED_COMMON_SHARES":2497752351,"HK_COMMON_SHARES":2497752351,"PER_SHARES":2000,"TOTAL_MARKET_CAP":1223898651.99,"HKSK_MARKET_CAP":1223898651.99,"PE_TTM":11.425429409101,"PB_TTM":1.165559169374,"REPORT_DATE_SQ":"2019-06-30 00:00:00","REPORT_TYPE_SQ":"2019年中报","OPERATE_INCOME_SQ":389101145.3,"DPS_HKD":null,"OPERATE_INCOME_QOQ_SQ":12.889039297925,"NET_PROFIT_RATIO_SQ":-17.0073676213,"HOLDER_PROFIT_SQ":-65784004.3,"HOLDER_PROFIT_QOQ_SQ":-25.91340203714,"ROE_AVG_SQ":-12.990327507212,"PE_TTM_SQ":5.261379479971,"PB_TTM_SQ":0.833742782915,"ROA_SQ":-9.317338682194,"START_DATE":"2020-01-01 00:00:00","FISCAL_YEAR":"12-31","CURRENCY":"HKD","IS_CNY_CODE":0,"DPS_HKD_LY":null,"ORG_TYPE":"一般企业","PREMIUM_INCOME":null,"PREMIUM_INCOME_YOY":null,"NET_INTEREST_INCOME":null,"NET_INTEREST_INCOME_YOY":null,"FEE_COMMISSION_INCOME":null,"FEE_COMMISSION_INCOME_YOY":null,"ACCOUNTS_RECE_TDAYS":2.491291495651,"INVENTORY_TDAYS":1.893640207489,"CURRENT_ASSETS_TDAYS":0.809810522532,"TOTAL_ASSETS_TDAYS":0.724732899043,"PREMIUM_EXPENSE":null,"LOAN_DEPOSIT":null,"LOAN_EQUITY":null,"LOAN_ASSETS":null,"DEPOSIT_EQUITY":null,"DEPOSIT_ASSETS":null,"EQUITY_MULTIPLIER":1.523174283558,"EQUITY_RATIO":0.522817103845}],"count":44},"success":true,"message":"ok","code":0}