{"version":"f37d0be3db9569db006318f5b752f90d","result":{"pages":5,"data":[{"SECUCODE":"02877.HK","SECURITY_CODE":"02877","SECURITY_NAME_ABBR":"神威药业","ORG_CODE":"10010620","STD_REPORT_DATE":"2024-06-30 00:00:00","REPORT_DATE":"2024-06-30 00:00:00","DATE_TYPE_CODE":"002","REPORT_TYPE":"2024年中报","PER_NETCASH_OPERATE":0.682123337364,"PER_OI":2.523210399033,"BPS":8.871130592503,"BASIC_EPS":0.83,"DILUTED_EPS":0.83,"OPERATE_INCOME":2086695000,"OPERATE_INCOME_YOY":-13.0065285907,"GROSS_PROFIT":1572184000,"GROSS_PROFIT_YOY":-12.848033517429,"HOLDER_PROFIT":626479000,"HOLDER_PROFIT_YOY":27.471742647,"GROSS_PROFIT_RATIO":75.3432581187,"EPS_TTM":1.335579201935,"OPERATE_INCOME_QOQ":-6.907613751949,"NET_PROFIT_RATIO":30.0225476172,"ROE_AVG":8.718538537476,"GROSS_PROFIT_QOQ":-6.828664522369,"ROA":6.439179398005,"HOLDER_PROFIT_QOQ":13.926003857619,"ROE_YEARLY":17.437077074951,"ROIC_YEARLY":34.165685131525,"TOTAL_ASSETS":9884356000,"TOTAL_LIABILITIES":2547931000,"TAX_EBT":27.329619073802,"OCF_SALES":27.033946024695,"TOTAL_PARENT_EQUITY":7336425000,"DEBT_ASSET_RATIO":25.7774102835,"OPERATE_PROFIT":864935000,"PRETAX_PROFIT":862083000,"NETCASH_OPERATE":564116000,"NETCASH_INVEST":79591000,"NETCASH_FINANCE":-301741000,"END_CASH":6234974000,"DIVI_RATIO":0.315028475579,"DIVIDEND_RATE":5.514354066986,"CURRENT_RATIO":3.476559554543,"COMMON_ACS":5000000000,"CURRENTDEBT_DEBT":95.563576878652,"ISSUED_COMMON_SHARES":827000000,"HK_COMMON_SHARES":827000000,"PER_SHARES":1000,"TOTAL_MARKET_CAP":6913720000,"HKSK_MARKET_CAP":6913720000,"PE_TTM":5.652146181033,"PB_TTM":0.860093842655,"REPORT_DATE_SQ":"2023-06-30 00:00:00","REPORT_TYPE_SQ":"2023年中报","OPERATE_INCOME_SQ":2398680000,"DPS_HKD":0.461,"OPERATE_INCOME_QOQ_SQ":14.769419404876,"NET_PROFIT_RATIO_SQ":20.4889772708,"HOLDER_PROFIT_SQ":491465000,"HOLDER_PROFIT_QOQ_SQ":22.184281925307,"ROE_AVG_SQ":7.548027263604,"PE_TTM_SQ":7.707175619622,"PB_TTM_SQ":1.022023557878,"ROA_SQ":5.736631573062,"START_DATE":"2024-01-01 00:00:00","FISCAL_YEAR":"12-31","CURRENCY":"HKD","IS_CNY_CODE":0,"DPS_HKD_LY":0.461,"ORG_TYPE":"一般企业","PREMIUM_INCOME":null,"PREMIUM_INCOME_YOY":null,"NET_INTEREST_INCOME":null,"NET_INTEREST_INCOME_YOY":null,"FEE_COMMISSION_INCOME":null,"FEE_COMMISSION_INCOME_YOY":null,"ACCOUNTS_RECE_TDAYS":1.630784680731,"INVENTORY_TDAYS":0.595498497975,"CURRENT_ASSETS_TDAYS":0.251109761715,"TOTAL_ASSETS_TDAYS":0.214478114253,"PREMIUM_EXPENSE":null,"LOAN_DEPOSIT":null,"LOAN_EQUITY":null,"LOAN_ASSETS":null,"DEPOSIT_EQUITY":null,"DEPOSIT_ASSETS":null,"EQUITY_MULTIPLIER":1.347298718382,"EQUITY_RATIO":0.347298718381},{"SECUCODE":"02877.HK","SECURITY_CODE":"02877","SECURITY_NAME_ABBR":"神威药业","ORG_CODE":"10010620","STD_REPORT_DATE":"2023-12-31 00:00:00","REPORT_DATE":"2023-12-31 00:00:00","DATE_TYPE_CODE":"001","REPORT_TYPE":"2023年年报","PER_NETCASH_OPERATE":1.127732769045,"PER_OI":5.461351874244,"BPS":8.506370012092,"BASIC_EPS":1.28,"DILUTED_EPS":1.28,"OPERATE_INCOME":4516538000,"OPERATE_INCOME_YOY":14.3243265135,"GROSS_PROFIT":3394119000,"GROSS_PROFIT_YOY":15.512467353727,"HOLDER_PROFIT":969510000,"HOLDER_PROFIT_YOY":34.137550794,"GROSS_PROFIT_RATIO":75.148686892483,"EPS_TTM":1.172321644498,"OPERATE_INCOME_QOQ":-0.387814884558,"NET_PROFIT_RATIO":21.4657775491,"ROE_AVG":14.451647254655,"GROSS_PROFIT_QOQ":-0.682905446945,"ROA":10.889789391736,"HOLDER_PROFIT_QOQ":9.782984096069,"ROE_YEARLY":14.451647254655,"ROIC_YEARLY":28.139205054614,"TOTAL_ASSETS":9573993000,"TOTAL_LIABILITIES":2539225000,"TAX_EBT":21.829658948618,"OCF_SALES":20.649333626773,"TOTAL_PARENT_EQUITY":7034768000,"DEBT_ASSET_RATIO":26.5221104716,"OPERATE_PROFIT":1242990000,"PRETAX_PROFIT":1240253000,"NETCASH_OPERATE":932635000,"NETCASH_INVEST":-49540000,"NETCASH_FINANCE":-26738000,"END_CASH":5888776000,"DIVI_RATIO":0.35889935324,"DIVIDEND_RATE":5.567632850242,"CURRENT_RATIO":3.350729213491,"COMMON_ACS":5000000000,"CURRENTDEBT_DEBT":95.844913310164,"ISSUED_COMMON_SHARES":827000000,"HK_COMMON_SHARES":827000000,"PER_SHARES":1000,"TOTAL_MARKET_CAP":6847560000,"HKSK_MARKET_CAP":6847560000,"PE_TTM":5.598058657769,"PB_TTM":0.851863279567,"REPORT_DATE_SQ":"2022-12-31 00:00:00","REPORT_TYPE_SQ":"2022年年报","OPERATE_INCOME_SQ":3950636000,"DPS_HKD":0.461,"OPERATE_INCOME_QOQ_SQ":13.372631431534,"NET_PROFIT_RATIO_SQ":18.2951048894,"HOLDER_PROFIT_SQ":722773000,"HOLDER_PROFIT_QOQ_SQ":24.757785138632,"ROE_AVG_SQ":11.76770739385,"PE_TTM_SQ":7.239549233712,"PB_TTM_SQ":0.96001313976,"ROA_SQ":9.364880477026,"START_DATE":"2023-01-01 00:00:00","FISCAL_YEAR":"12-31","CURRENCY":"HKD","IS_CNY_CODE":0,"DPS_HKD_LY":0.118,"ORG_TYPE":"一般企业","PREMIUM_INCOME":null,"PREMIUM_INCOME_YOY":null,"NET_INTEREST_INCOME":null,"NET_INTEREST_INCOME_YOY":null,"FEE_COMMISSION_INCOME":null,"FEE_COMMISSION_INCOME_YOY":null,"ACCOUNTS_RECE_TDAYS":4.040869112819,"INVENTORY_TDAYS":1.44328416169,"CURRENT_ASSETS_TDAYS":0.604739772951,"TOTAL_ASSETS_TDAYS":0.507309337704,"PREMIUM_EXPENSE":null,"LOAN_DEPOSIT":null,"LOAN_EQUITY":null,"LOAN_ASSETS":null,"DEPOSIT_EQUITY":null,"DEPOSIT_ASSETS":null,"EQUITY_MULTIPLIER":1.360953623489,"EQUITY_RATIO":0.360953623488},{"SECUCODE":"02877.HK","SECURITY_CODE":"02877","SECURITY_NAME_ABBR":"神威药业","ORG_CODE":"10010620","STD_REPORT_DATE":"2023-06-30 00:00:00","REPORT_DATE":"2023-06-30 00:00:00","DATE_TYPE_CODE":"002","REPORT_TYPE":"2023年中报","PER_NETCASH_OPERATE":0.388610640871,"PER_OI":2.90045949214,"BPS":8.028799274486,"BASIC_EPS":0.65,"DILUTED_EPS":0.65,"OPERATE_INCOME":2398680000,"OPERATE_INCOME_YOY":32.1445531442,"GROSS_PROFIT":1803957000,"GROSS_PROFIT_YOY":36.16681285071,"HOLDER_PROFIT":491465000,"HOLDER_PROFIT_YOY":48.4236975384,"GROSS_PROFIT_RATIO":75.206238431137,"EPS_TTM":1.067853688029,"OPERATE_INCOME_QOQ":14.769419404876,"NET_PROFIT_RATIO":20.4889772708,"ROE_AVG":7.548027263604,"GROSS_PROFIT_QOQ":16.306732364206,"ROA":5.736631573062,"HOLDER_PROFIT_QOQ":22.184281925307,"ROE_YEARLY":15.096054527208,"ROIC_YEARLY":29.152226685826,"TOTAL_ASSETS":8902410000,"TOTAL_LIABILITIES":2262593000,"TAX_EBT":26.787757266628,"OCF_SALES":13.398244034219,"TOTAL_PARENT_EQUITY":6639817000,"DEBT_ASSET_RATIO":25.4155110807,"OPERATE_PROFIT":671459000,"PRETAX_PROFIT":671288000,"NETCASH_OPERATE":321381000,"NETCASH_INVEST":-53193000,"NETCASH_FINANCE":62480000,"END_CASH":5364576000,"DIVI_RATIO":0.394010419889,"DIVIDEND_RATE":5.567632850242,"CURRENT_RATIO":3.58320159064,"COMMON_ACS":5000000000,"CURRENTDEBT_DEBT":91.781818471108,"ISSUED_COMMON_SHARES":827000000,"HK_COMMON_SHARES":827000000,"PER_SHARES":1000,"TOTAL_MARKET_CAP":6847560000,"HKSK_MARKET_CAP":6847560000,"PE_TTM":5.598058657769,"PB_TTM":0.851863279567,"REPORT_DATE_SQ":"2022-06-30 00:00:00","REPORT_TYPE_SQ":"2022年中报","OPERATE_INCOME_SQ":1815194000,"DPS_HKD":0.461,"OPERATE_INCOME_QOQ_SQ":8.099672721068,"NET_PROFIT_RATIO_SQ":18.2417416541,"HOLDER_PROFIT_SQ":331123000,"HOLDER_PROFIT_QOQ_SQ":4.071862526362,"ROE_AVG_SQ":5.530029724977,"PE_TTM_SQ":7.239549233712,"PB_TTM_SQ":0.96001313976,"ROA_SQ":4.514857635742,"START_DATE":"2023-01-01 00:00:00","FISCAL_YEAR":"12-31","CURRENCY":"HKD","IS_CNY_CODE":0,"DPS_HKD_LY":0.118,"ORG_TYPE":"一般企业","PREMIUM_INCOME":null,"PREMIUM_INCOME_YOY":null,"NET_INTEREST_INCOME":null,"NET_INTEREST_INCOME_YOY":null,"FEE_COMMISSION_INCOME":null,"FEE_COMMISSION_INCOME_YOY":null,"ACCOUNTS_RECE_TDAYS":2.194425105596,"INVENTORY_TDAYS":0.816388919394,"CURRENT_ASSETS_TDAYS":0.337285234083,"TOTAL_ASSETS_TDAYS":0.279986233438,"PREMIUM_EXPENSE":null,"LOAN_DEPOSIT":null,"LOAN_EQUITY":null,"LOAN_ASSETS":null,"DEPOSIT_EQUITY":null,"DEPOSIT_ASSETS":null,"EQUITY_MULTIPLIER":1.340761349296,"EQUITY_RATIO":0.340761349296},{"SECUCODE":"02877.HK","SECURITY_CODE":"02877","SECURITY_NAME_ABBR":"神威药业","ORG_CODE":"10010620","STD_REPORT_DATE":"2022-12-31 00:00:00","REPORT_DATE":"2022-12-31 00:00:00","DATE_TYPE_CODE":"001","REPORT_TYPE":"2022年年报","PER_NETCASH_OPERATE":1.341808948005,"PER_OI":4.777068923821,"BPS":7.717685610641,"BASIC_EPS":0.96,"DILUTED_EPS":0.96,"OPERATE_INCOME":3950636000,"OPERATE_INCOME_YOY":22.5554435328,"GROSS_PROFIT":2938314000,"GROSS_PROFIT_YOY":21.90474689006,"HOLDER_PROFIT":722773000,"HOLDER_PROFIT_YOY":29.8377506404,"GROSS_PROFIT_RATIO":74.375720770023,"EPS_TTM":0.873969770254,"OPERATE_INCOME_QOQ":13.372631431534,"NET_PROFIT_RATIO":18.2951048894,"ROE_AVG":11.76770739385,"GROSS_PROFIT_QOQ":13.530825464043,"ROA":9.364880477026,"HOLDER_PROFIT_QOQ":24.757785138632,"ROE_YEARLY":11.76770739385,"ROIC_YEARLY":23.300856631837,"TOTAL_ASSETS":8231861000,"TOTAL_LIABILITIES":1849335000,"TAX_EBT":21.182846705379,"OCF_SALES":28.088540680539,"TOTAL_PARENT_EQUITY":6382526000,"DEBT_ASSET_RATIO":22.4655761316,"OPERATE_PROFIT":917655000,"PRETAX_PROFIT":917025000,"NETCASH_OPERATE":1109676000,"NETCASH_INVEST":-45420000,"NETCASH_FINANCE":-250038000,"END_CASH":5026265000,"DIVI_RATIO":0.481418802252,"DIVIDEND_RATE":5.567632850242,"CURRENT_RATIO":4.072062622742,"COMMON_ACS":5000000000,"CURRENTDEBT_DEBT":90.064428564863,"ISSUED_COMMON_SHARES":827000000,"HK_COMMON_SHARES":827000000,"PER_SHARES":1000,"TOTAL_MARKET_CAP":6847560000,"HKSK_MARKET_CAP":6847560000,"PE_TTM":5.598058657769,"PB_TTM":0.851863279567,"REPORT_DATE_SQ":"2021-12-31 00:00:00","REPORT_TYPE_SQ":"2021年年报","OPERATE_INCOME_SQ":3223550000,"DPS_HKD":0.461,"OPERATE_INCOME_QOQ_SQ":6.751165518534,"NET_PROFIT_RATIO_SQ":17.2689736471,"HOLDER_PROFIT_SQ":556674000,"HOLDER_PROFIT_QOQ_SQ":59.15521145445,"ROE_AVG_SQ":9.51932353044,"PE_TTM_SQ":7.239549233712,"PB_TTM_SQ":0.96001313976,"ROA_SQ":7.722216927718,"START_DATE":"2022-01-01 00:00:00","FISCAL_YEAR":"12-31","CURRENCY":"HKD","IS_CNY_CODE":0,"DPS_HKD_LY":0.258,"ORG_TYPE":"一般企业","PREMIUM_INCOME":null,"PREMIUM_INCOME_YOY":null,"NET_INTEREST_INCOME":null,"NET_INTEREST_INCOME_YOY":null,"FEE_COMMISSION_INCOME":null,"FEE_COMMISSION_INCOME_YOY":null,"ACCOUNTS_RECE_TDAYS":4.388998164139,"INVENTORY_TDAYS":1.625417163409,"CURRENT_ASSETS_TDAYS":0.633038099313,"TOTAL_ASSETS_TDAYS":0.511879026309,"PREMIUM_EXPENSE":null,"LOAN_DEPOSIT":null,"LOAN_EQUITY":null,"LOAN_ASSETS":null,"DEPOSIT_EQUITY":null,"DEPOSIT_ASSETS":null,"EQUITY_MULTIPLIER":1.289749700981,"EQUITY_RATIO":0.28974970098},{"SECUCODE":"02877.HK","SECURITY_CODE":"02877","SECURITY_NAME_ABBR":"神威药业","ORG_CODE":"10010620","STD_REPORT_DATE":"2022-06-30 00:00:00","REPORT_DATE":"2022-06-30 00:00:00","DATE_TYPE_CODE":"002","REPORT_TYPE":"2022年中报","PER_NETCASH_OPERATE":0.542905683192,"PER_OI":2.194914147521,"BPS":7.344582829504,"BASIC_EPS":0.44,"DILUTED_EPS":0.44,"OPERATE_INCOME":1815194000,"OPERATE_INCOME_YOY":16.800560068,"GROSS_PROFIT":1324814000,"GROSS_PROFIT_YOY":15.49950742352,"HOLDER_PROFIT":331123000,"HOLDER_PROFIT_YOY":7.3485359338,"GROSS_PROFIT_RATIO":72.984705766987,"EPS_TTM":0.700533252721,"OPERATE_INCOME_QOQ":8.099672721068,"NET_PROFIT_RATIO":18.2417416541,"ROE_AVG":5.530029724977,"GROSS_PROFIT_QOQ":7.37590111918,"ROA":4.514857635742,"HOLDER_PROFIT_QOQ":4.071862526362,"ROE_YEARLY":11.060059449953,"ROIC_YEARLY":22.070345924143,"TOTAL_ASSETS":7464190000,"TOTAL_LIABILITIES":1390220000,"TAX_EBT":19.514691012328,"OCF_SALES":24.734711551493,"TOTAL_PARENT_EQUITY":6073970000,"DEBT_ASSET_RATIO":18.6251957681,"OPERATE_PROFIT":411753000,"PRETAX_PROFIT":411408000,"NETCASH_OPERATE":448983000,"NETCASH_INVEST":-31821000,"NETCASH_FINANCE":-162965000,"END_CASH":4461197000,"DIVI_RATIO":0.60060743493,"DIVIDEND_RATE":5.567632850242,"CURRENT_RATIO":4.930933040218,"COMMON_ACS":5000000000,"CURRENTDEBT_DEBT":87.559379091079,"ISSUED_COMMON_SHARES":827000000,"HK_COMMON_SHARES":827000000,"PER_SHARES":1000,"TOTAL_MARKET_CAP":6847560000,"HKSK_MARKET_CAP":6847560000,"PE_TTM":5.598058657769,"PB_TTM":0.851863279567,"REPORT_DATE_SQ":"2021-06-30 00:00:00","REPORT_TYPE_SQ":"2021年中报","OPERATE_INCOME_SQ":1554097000,"DPS_HKD":0.461,"OPERATE_INCOME_QOQ_SQ":13.705797452349,"NET_PROFIT_RATIO_SQ":19.8479245504,"HOLDER_PROFIT_SQ":308456000,"HOLDER_PROFIT_QOQ_SQ":18.552161961543,"ROE_AVG_SQ":5.253869192018,"PE_TTM_SQ":7.239549233712,"PB_TTM_SQ":0.96001313976,"ROA_SQ":4.330104944569,"START_DATE":"2022-01-01 00:00:00","FISCAL_YEAR":"12-31","CURRENCY":"HKD","IS_CNY_CODE":0,"DPS_HKD_LY":0.258,"ORG_TYPE":"一般企业","PREMIUM_INCOME":null,"PREMIUM_INCOME_YOY":null,"NET_INTEREST_INCOME":null,"NET_INTEREST_INCOME_YOY":null,"FEE_COMMISSION_INCOME":null,"FEE_COMMISSION_INCOME_YOY":null,"ACCOUNTS_RECE_TDAYS":2.103506976755,"INVENTORY_TDAYS":0.855370397988,"CURRENT_ASSETS_TDAYS":0.310253005223,"TOTAL_ASSETS_TDAYS":0.247501456898,"PREMIUM_EXPENSE":null,"LOAN_DEPOSIT":null,"LOAN_EQUITY":null,"LOAN_ASSETS":null,"DEPOSIT_EQUITY":null,"DEPOSIT_ASSETS":null,"EQUITY_MULTIPLIER":1.228881604618,"EQUITY_RATIO":0.228881604618},{"SECUCODE":"02877.HK","SECURITY_CODE":"02877","SECURITY_NAME_ABBR":"神威药业","ORG_CODE":"10010620","STD_REPORT_DATE":"2021-12-31 00:00:00","REPORT_DATE":"2021-12-31 00:00:00","DATE_TYPE_CODE":"001","REPORT_TYPE":"2021年年报","PER_NETCASH_OPERATE":0.850241837969,"PER_OI":3.897883917775,"BPS":7.136010882709,"BASIC_EPS":0.74,"DILUTED_EPS":0.74,"OPERATE_INCOME":3223550000,"OPERATE_INCOME_YOY":21.3822640425,"GROSS_PROFIT":2410336000,"GROSS_PROFIT_YOY":21.253658482599,"HOLDER_PROFIT":556674000,"HOLDER_PROFIT_YOY":88.6819440537,"GROSS_PROFIT_RATIO":74.772719517302,"EPS_TTM":0.673124546554,"OPERATE_INCOME_QOQ":6.751165518534,"NET_PROFIT_RATIO":17.2689736471,"ROE_AVG":9.51932353044,"GROSS_PROFIT_QOQ":6.722349370891,"ROA":7.722216927718,"HOLDER_PROFIT_QOQ":59.15521145445,"ROE_YEARLY":9.51932353044,"ROIC_YEARLY":17.760332469044,"TOTAL_ASSETS":7203958000,"TOTAL_LIABILITIES":1302477000,"TAX_EBT":22.695225544124,"OCF_SALES":21.812908129236,"TOTAL_PARENT_EQUITY":5901481000,"DEBT_ASSET_RATIO":18.0800193449,"OPERATE_PROFIT":721357000,"PRETAX_PROFIT":720103000,"NETCASH_OPERATE":703150000,"NETCASH_INVEST":395011000,"NETCASH_FINANCE":-828935000,"END_CASH":4205722000,"DIVI_RATIO":0.625063344004,"DIVIDEND_RATE":5.567632850242,"CURRENT_RATIO":5.18869489453,"COMMON_ACS":5000000000,"CURRENTDEBT_DEBT":84.329396987432,"ISSUED_COMMON_SHARES":827000000,"HK_COMMON_SHARES":827000000,"PER_SHARES":1000,"TOTAL_MARKET_CAP":6847560000,"HKSK_MARKET_CAP":6847560000,"PE_TTM":5.598058657769,"PB_TTM":0.851863279567,"REPORT_DATE_SQ":"2020-12-31 00:00:00","REPORT_TYPE_SQ":"2020年年报","OPERATE_INCOME_SQ":2655701000,"DPS_HKD":0.461,"OPERATE_INCOME_QOQ_SQ":5.05861158275,"NET_PROFIT_RATIO_SQ":11.1094208271,"HOLDER_PROFIT_SQ":295033000,"HOLDER_PROFIT_QOQ_SQ":-37.122001641039,"ROE_AVG_SQ":5.099476636163,"PE_TTM_SQ":7.239549233712,"PB_TTM_SQ":0.96001313976,"ROA_SQ":4.113434724897,"START_DATE":"2021-01-01 00:00:00","FISCAL_YEAR":"12-31","CURRENCY":"HKD","IS_CNY_CODE":0,"DPS_HKD_LY":0.718,"ORG_TYPE":"一般企业","PREMIUM_INCOME":null,"PREMIUM_INCOME_YOY":null,"NET_INTEREST_INCOME":null,"NET_INTEREST_INCOME_YOY":null,"FEE_COMMISSION_INCOME":null,"FEE_COMMISSION_INCOME_YOY":null,"ACCOUNTS_RECE_TDAYS":4.06540874475,"INVENTORY_TDAYS":1.577593590409,"CURRENT_ASSETS_TDAYS":0.574702653709,"TOTAL_ASSETS_TDAYS":0.447172894321,"PREMIUM_EXPENSE":null,"LOAN_DEPOSIT":null,"LOAN_EQUITY":null,"LOAN_ASSETS":null,"DEPOSIT_EQUITY":null,"DEPOSIT_ASSETS":null,"EQUITY_MULTIPLIER":1.220703413262,"EQUITY_RATIO":0.220703413262},{"SECUCODE":"02877.HK","SECURITY_CODE":"02877","SECURITY_NAME_ABBR":"神威药业","ORG_CODE":"10010620","STD_REPORT_DATE":"2021-06-30 00:00:00","REPORT_DATE":"2021-06-30 00:00:00","DATE_TYPE_CODE":"002","REPORT_TYPE":"2021年中报","PER_NETCASH_OPERATE":0.459525997582,"PER_OI":1.879198307134,"BPS":7.192102781137,"BASIC_EPS":0.41,"DILUTED_EPS":0.41,"OPERATE_INCOME":1554097000,"OPERATE_INCOME_YOY":30.5840962867,"GROSS_PROFIT":1147030000,"GROSS_PROFIT_YOY":30.88496231593,"HOLDER_PROFIT":308456000,"HOLDER_PROFIT_YOY":21.572908825,"GROSS_PROFIT_RATIO":73.806847320341,"EPS_TTM":0.422935912938,"OPERATE_INCOME_QOQ":13.705797452349,"NET_PROFIT_RATIO":19.8479245504,"ROE_AVG":5.253869192018,"GROSS_PROFIT_QOQ":13.615994397956,"ROA":4.330104944569,"HOLDER_PROFIT_QOQ":18.552161961543,"ROE_YEARLY":10.507738384035,"ROIC_YEARLY":20.05518074506,"TOTAL_ASSETS":7033537000,"TOTAL_LIABILITIES":1085668000,"TAX_EBT":18.917412767926,"OCF_SALES":24.453299890547,"TOTAL_PARENT_EQUITY":5947869000,"DEBT_ASSET_RATIO":15.4355909409,"OPERATE_PROFIT":381720000,"PRETAX_PROFIT":380422000,"NETCASH_OPERATE":380028000,"NETCASH_INVEST":361585000,"NETCASH_FINANCE":-530281000,"END_CASH":4151889000,"DIVI_RATIO":0.994820886874,"DIVIDEND_RATE":5.567632850242,"CURRENT_RATIO":6.220139265721,"COMMON_ACS":5000000000,"CURRENTDEBT_DEBT":80.967570196414,"ISSUED_COMMON_SHARES":827000000,"HK_COMMON_SHARES":827000000,"PER_SHARES":1000,"TOTAL_MARKET_CAP":6847560000,"HKSK_MARKET_CAP":6847560000,"PE_TTM":5.598058657769,"PB_TTM":0.851863279567,"REPORT_DATE_SQ":"2020-06-30 00:00:00","REPORT_TYPE_SQ":"2020年中报","OPERATE_INCOME_SQ":1190112000,"DPS_HKD":0.461,"OPERATE_INCOME_QOQ_SQ":-6.58419302911,"NET_PROFIT_RATIO_SQ":21.3190859348,"HOLDER_PROFIT_SQ":253721000,"HOLDER_PROFIT_QOQ_SQ":-6.744509589586,"ROE_AVG_SQ":4.369690703344,"PE_TTM_SQ":7.239549233712,"PB_TTM_SQ":0.96001313976,"ROA_SQ":3.484168976036,"START_DATE":"2021-01-01 00:00:00","FISCAL_YEAR":"12-31","CURRENCY":"HKD","IS_CNY_CODE":0,"DPS_HKD_LY":0.718,"ORG_TYPE":"一般企业","PREMIUM_INCOME":null,"PREMIUM_INCOME_YOY":null,"NET_INTEREST_INCOME":null,"NET_INTEREST_INCOME_YOY":null,"FEE_COMMISSION_INCOME":null,"FEE_COMMISSION_INCOME_YOY":null,"ACCOUNTS_RECE_TDAYS":2.02822502235,"INVENTORY_TDAYS":0.928235491297,"CURRENT_ASSETS_TDAYS":0.282903037486,"TOTAL_ASSETS_TDAYS":0.218164117542,"PREMIUM_EXPENSE":null,"LOAN_DEPOSIT":null,"LOAN_EQUITY":null,"LOAN_ASSETS":null,"DEPOSIT_EQUITY":null,"DEPOSIT_ASSETS":null,"EQUITY_MULTIPLIER":1.182530583642,"EQUITY_RATIO":0.182530583643},{"SECUCODE":"02877.HK","SECURITY_CODE":"02877","SECURITY_NAME_ABBR":"神威药业","ORG_CODE":"10010620","STD_REPORT_DATE":"2020-12-31 00:00:00","REPORT_DATE":"2020-12-31 00:00:00","DATE_TYPE_CODE":"001","REPORT_TYPE":"2020年年报","PER_NETCASH_OPERATE":0.772147521161,"PER_OI":3.211246674728,"BPS":7.006266021765,"BASIC_EPS":0.39,"DILUTED_EPS":0.39,"OPERATE_INCOME":2655701000,"OPERATE_INCOME_YOY":-1.8586501976,"GROSS_PROFIT":1987846000,"GROSS_PROFIT_YOY":0.316971686521,"HOLDER_PROFIT":295033000,"HOLDER_PROFIT_YOY":-41.3628142701,"GROSS_PROFIT_RATIO":74.85202588695,"EPS_TTM":0.356750906892,"OPERATE_INCOME_QOQ":5.05861158275,"NET_PROFIT_RATIO":11.1094208271,"ROE_AVG":5.099476636163,"GROSS_PROFIT_QOQ":5.588104376722,"ROA":4.113434724897,"HOLDER_PROFIT_QOQ":-37.122001641039,"ROE_YEARLY":5.099476636163,"ROIC_YEARLY":9.140044359884,"TOTAL_ASSETS":7213508000,"TOTAL_LIABILITIES":1419326000,"TAX_EBT":25.312639232047,"OCF_SALES":24.045101462853,"TOTAL_PARENT_EQUITY":5794182000,"DEBT_ASSET_RATIO":19.6759468486,"OPERATE_PROFIT":411624000,"PRETAX_PROFIT":395024000,"NETCASH_OPERATE":638566000,"NETCASH_INVEST":-305591000,"NETCASH_FINANCE":-329788000,"END_CASH":3943010000,"DIVI_RATIO":1.179381669034,"DIVIDEND_RATE":5.567632850242,"CURRENT_RATIO":4.619631670757,"COMMON_ACS":5000000000,"CURRENTDEBT_DEBT":84.173192064402,"ISSUED_COMMON_SHARES":827000000,"HK_COMMON_SHARES":827000000,"PER_SHARES":1000,"TOTAL_MARKET_CAP":6847560000,"HKSK_MARKET_CAP":6847560000,"PE_TTM":5.598058657769,"PB_TTM":0.851863279567,"REPORT_DATE_SQ":"2019-12-31 00:00:00","REPORT_TYPE_SQ":"2019年年报","OPERATE_INCOME_SQ":2705996000,"DPS_HKD":0.461,"OPERATE_INCOME_QOQ_SQ":2.759745006594,"NET_PROFIT_RATIO_SQ":18.5938929695,"HOLDER_PROFIT_SQ":503150000,"HOLDER_PROFIT_QOQ_SQ":-6.21743984701,"ROE_AVG_SQ":8.718058188772,"PE_TTM_SQ":7.239549233712,"PB_TTM_SQ":0.96001313976,"ROA_SQ":7.258821455354,"START_DATE":"2020-01-01 00:00:00","FISCAL_YEAR":"12-31","CURRENCY":"HKD","IS_CNY_CODE":0,"DPS_HKD_LY":0.22194,"ORG_TYPE":"一般企业","PREMIUM_INCOME":null,"PREMIUM_INCOME_YOY":null,"NET_INTEREST_INCOME":null,"NET_INTEREST_INCOME_YOY":null,"FEE_COMMISSION_INCOME":null,"FEE_COMMISSION_INCOME_YOY":null,"ACCOUNTS_RECE_TDAYS":3.701400237357,"INVENTORY_TDAYS":1.528618611539,"CURRENT_ASSETS_TDAYS":0.495370025807,"TOTAL_ASSETS_TDAYS":0.37026545208,"PREMIUM_EXPENSE":null,"LOAN_DEPOSIT":null,"LOAN_EQUITY":null,"LOAN_ASSETS":null,"DEPOSIT_EQUITY":null,"DEPOSIT_ASSETS":null,"EQUITY_MULTIPLIER":1.244957096619,"EQUITY_RATIO":0.244957096619},{"SECUCODE":"02877.HK","SECURITY_CODE":"02877","SECURITY_NAME_ABBR":"神威药业","ORG_CODE":"10010620","STD_REPORT_DATE":"2020-06-30 00:00:00","REPORT_DATE":"2020-06-30 00:00:00","DATE_TYPE_CODE":"002","REPORT_TYPE":"2020年中报","PER_NETCASH_OPERATE":0.413101571947,"PER_OI":1.439071342201,"BPS":7.056638452237,"BASIC_EPS":0.33,"DILUTED_EPS":0.33,"OPERATE_INCOME":1190112000,"OPERATE_INCOME_YOY":-13.0213114275,"GROSS_PROFIT":876365000,"GROSS_PROFIT_YOY":-10.142952645783,"HOLDER_PROFIT":253721000,"HOLDER_PROFIT_YOY":-11.7970770643,"GROSS_PROFIT_RATIO":73.637187088274,"EPS_TTM":0.567370012092,"OPERATE_INCOME_QOQ":-6.58419302911,"NET_PROFIT_RATIO":21.3190859348,"ROE_AVG":4.369690703344,"GROSS_PROFIT_QOQ":-4.992165283501,"ROA":3.484168976036,"HOLDER_PROFIT_QOQ":-6.744509589586,"ROE_YEARLY":8.739381406688,"ROIC_YEARLY":15.530509385479,"TOTAL_ASSETS":7432878000,"TOTAL_LIABILITIES":1597038000,"TAX_EBT":15.933255800854,"OCF_SALES":28.706121776774,"TOTAL_PARENT_EQUITY":5835840000,"DEBT_ASSET_RATIO":21.4861322895,"OPERATE_PROFIT":315163000,"PRETAX_PROFIT":301809000,"NETCASH_OPERATE":341635000,"NETCASH_INVEST":-204710000,"NETCASH_FINANCE":873000,"END_CASH":4083437000,"DIVI_RATIO":0.741571586501,"DIVIDEND_RATE":5.567632850242,"CURRENT_RATIO":4.093963117199,"COMMON_ACS":5000000000,"CURRENTDEBT_DEBT":85.645551326894,"ISSUED_COMMON_SHARES":827000000,"HK_COMMON_SHARES":827000000,"PER_SHARES":1000,"TOTAL_MARKET_CAP":6847560000,"HKSK_MARKET_CAP":6847560000,"PE_TTM":5.598058657769,"PB_TTM":0.851863279567,"REPORT_DATE_SQ":"2019-06-30 00:00:00","REPORT_TYPE_SQ":"2019年中报","OPERATE_INCOME_SQ":1368280000,"DPS_HKD":0.461,"OPERATE_INCOME_QOQ_SQ":2.456116187248,"NET_PROFIT_RATIO_SQ":21.0231823896,"HOLDER_PROFIT_SQ":287656000,"HOLDER_PROFIT_QOQ_SQ":6.055041156331,"ROE_AVG_SQ":5.003336067587,"PE_TTM_SQ":7.239549233712,"PB_TTM_SQ":0.96001313976,"ROA_SQ":4.294251853626,"START_DATE":"2020-01-01 00:00:00","FISCAL_YEAR":"12-31","CURRENCY":"HKD","IS_CNY_CODE":0,"DPS_HKD_LY":0.22194,"ORG_TYPE":"一般企业","PREMIUM_INCOME":null,"PREMIUM_INCOME_YOY":null,"NET_INTEREST_INCOME":null,"NET_INTEREST_INCOME_YOY":null,"FEE_COMMISSION_INCOME":null,"FEE_COMMISSION_INCOME_YOY":null,"ACCOUNTS_RECE_TDAYS":1.83775536991,"INVENTORY_TDAYS":0.716938534644,"CURRENT_ASSETS_TDAYS":0.220335150063,"TOTAL_ASSETS_TDAYS":0.163429566666,"PREMIUM_EXPENSE":null,"LOAN_DEPOSIT":null,"LOAN_EQUITY":null,"LOAN_ASSETS":null,"DEPOSIT_EQUITY":null,"DEPOSIT_ASSETS":null,"EQUITY_MULTIPLIER":1.273660347096,"EQUITY_RATIO":0.273660347097}],"count":45},"success":true,"message":"ok","code":0}