{"version":"e3d1e9b20caaad35883966a3f738bb15","result":{"pages":6,"data":[{"SECUCODE":"02882.HK","SECURITY_CODE":"02882","SECURITY_NAME_ABBR":"金至尊集团","ORG_CODE":"10010622","STD_REPORT_DATE":"2023-12-31 00:00:00","REPORT_DATE":"2024-06-30 00:00:00","DATE_TYPE_CODE":"001","REPORT_TYPE":"2023年年报","PER_NETCASH_OPERATE":-0.880522660597,"PER_OI":1.986298295014,"BPS":-1.064414726414,"BASIC_EPS":-0.45816536,"DILUTED_EPS":-0.45816536,"OPERATE_INCOME":535648241.28,"OPERATE_INCOME_YOY":-5.1119295602,"GROSS_PROFIT":155376468.56,"GROSS_PROFIT_YOY":4.496581082877,"HOLDER_PROFIT":-123500206.88,"HOLDER_PROFIT_YOY":-50.7799964343,"GROSS_PROFIT_RATIO":29.007183555519,"EPS_TTM":-0.330030595435,"OPERATE_INCOME_QOQ":-4.571039862213,"NET_PROFIT_RATIO":-35.5678007688,"ROE_AVG":53.460496061063,"GROSS_PROFIT_QOQ":5.649028709796,"ROA":-9.350429305327,"HOLDER_PROFIT_QOQ":-7.562897726803,"ROE_YEARLY":53.460496061063,"ROIC_YEARLY":-8.380707946734,"TOTAL_ASSETS":1016756551.12,"TOTAL_LIABILITIES":1540210474.92,"TAX_EBT":1.96121159294,"OCF_SALES":-44.329830157302,"TOTAL_PARENT_EQUITY":-287042423.4,"DEBT_ASSET_RATIO":151.4827195579,"OPERATE_PROFIT":-116840380.92,"PRETAX_PROFIT":-196849560.44,"NETCASH_OPERATE":-237451955.6,"NETCASH_INVEST":765029367.64,"NETCASH_FINANCE":-564478889.8,"END_CASH":29130920.24,"DIVI_RATIO":null,"DIVIDEND_RATE":null,"CURRENT_RATIO":0.548184717128,"COMMON_ACS":200000000000,"CURRENTDEBT_DEBT":89.53079844439,"ISSUED_COMMON_SHARES":269671601,"HK_COMMON_SHARES":269671601,"PER_SHARES":5000,"TOTAL_MARKET_CAP":133487442.495,"HKSK_MARKET_CAP":133487442.495,"PE_TTM":-0.986486760583,"PB_TTM":-0.424436630562,"REPORT_DATE_SQ":"2022-12-31 00:00:00","REPORT_TYPE_SQ":"2022年年报","OPERATE_INCOME_SQ":570257537.72,"DPS_HKD":null,"OPERATE_INCOME_QOQ_SQ":6.034211281229,"NET_PROFIT_RATIO_SQ":-19.3610032177,"HOLDER_PROFIT_SQ":-82742173.12,"HOLDER_PROFIT_QOQ_SQ":-17.455162320157,"ROE_AVG_SQ":65.829952980701,"PE_TTM_SQ":-3.665976034275,"PB_TTM_SQ":-1.716014005727,"ROA_SQ":-5.032537036481,"START_DATE":"2023-07-01 00:00:00","FISCAL_YEAR":"6-30","CURRENCY":"HKD","IS_CNY_CODE":0,"DPS_HKD_LY":null,"ORG_TYPE":"一般企业","PREMIUM_INCOME":null,"PREMIUM_INCOME_YOY":null,"NET_INTEREST_INCOME":null,"NET_INTEREST_INCOME_YOY":null,"FEE_COMMISSION_INCOME":null,"FEE_COMMISSION_INCOME_YOY":null,"ACCOUNTS_RECE_TDAYS":8.363737414762,"INVENTORY_TDAYS":0.660838423266,"CURRENT_ASSETS_TDAYS":0.492312647924,"TOTAL_ASSETS_TDAYS":0.405549200211,"PREMIUM_EXPENSE":null,"LOAN_DEPOSIT":null,"LOAN_EQUITY":null,"LOAN_ASSETS":null,"DEPOSIT_EQUITY":null,"DEPOSIT_ASSETS":null,"EQUITY_MULTIPLIER":-1.942399330469,"EQUITY_RATIO":-5.365793866552},{"SECUCODE":"02882.HK","SECURITY_CODE":"02882","SECURITY_NAME_ABBR":"金至尊集团","ORG_CODE":"10010622","STD_REPORT_DATE":"2023-06-30 00:00:00","REPORT_DATE":"2023-12-31 00:00:00","DATE_TYPE_CODE":"002","REPORT_TYPE":"2023年中报","PER_NETCASH_OPERATE":0.005484266918,"PER_OI":0.84603554395,"BPS":-0.801042376205,"BASIC_EPS":-0.182240842,"DILUTED_EPS":-0.182240842,"OPERATE_INCOME":228151759.64,"OPERATE_INCOME_YOY":-14.1792621984,"GROSS_PROFIT":70258330.38,"GROSS_PROFIT_YOY":14.570955420949,"HOLDER_PROFIT":-49156997.68,"HOLDER_PROFIT_YOY":-12.9495054659,"GROSS_PROFIT_RATIO":30.794559941532,"EPS_TTM":-0.306825682842,"OPERATE_INCOME_QOQ":-9.336473812902,"NET_PROFIT_RATIO":-39.1095558504,"ROE_AVG":25.224136006845,"GROSS_PROFIT_QOQ":6.806888436713,"ROA":-3.016678655931,"HOLDER_PROFIT_QOQ":-4.37839776948,"ROE_YEARLY":50.44827201369,"ROIC_YEARLY":-5.568168724422,"TOTAL_ASSETS":1645677395.6,"TOTAL_LIABILITIES":2061661374.64,"TAX_EBT":-0.3881927471,"OCF_SALES":0.648231266037,"TOTAL_PARENT_EQUITY":-216018380.06,"DEBT_ASSET_RATIO":125.2773708962,"OPERATE_PROFIT":-27163038.28,"PRETAX_PROFIT":-81939506.18,"NETCASH_OPERATE":1478951.04,"NETCASH_INVEST":-19124866.88,"NETCASH_FINANCE":-20347357.66,"END_CASH":28497900.34,"DIVI_RATIO":null,"DIVIDEND_RATE":null,"CURRENT_RATIO":0.745644666534,"COMMON_ACS":200000000000,"CURRENTDEBT_DEBT":93.400210636252,"ISSUED_COMMON_SHARES":269671601,"HK_COMMON_SHARES":269671601,"PER_SHARES":5000,"TOTAL_MARKET_CAP":140229232.52,"HKSK_MARKET_CAP":140229232.52,"PE_TTM":-1.036309324248,"PB_TTM":-0.445872824025,"REPORT_DATE_SQ":"2022-06-30 00:00:00","REPORT_TYPE_SQ":"2022年中报","OPERATE_INCOME_SQ":262047900.66,"DPS_HKD":null,"OPERATE_INCOME_QOQ_SQ":4.949654852707,"NET_PROFIT_RATIO_SQ":-18.9016450586,"HOLDER_PROFIT_SQ":-42899291.75,"HOLDER_PROFIT_QOQ_SQ":-29.806558416474,"ROE_AVG_SQ":43.78108092093,"PE_TTM_SQ":-1.953183952688,"PB_TTM_SQ":-0.91426975715,"ROA_SQ":-2.727797348371,"START_DATE":"2023-07-01 00:00:00","FISCAL_YEAR":"6-30","CURRENCY":"HKD","IS_CNY_CODE":0,"DPS_HKD_LY":null,"ORG_TYPE":"一般企业","PREMIUM_INCOME":null,"PREMIUM_INCOME_YOY":null,"NET_INTEREST_INCOME":null,"NET_INTEREST_INCOME_YOY":null,"FEE_COMMISSION_INCOME":null,"FEE_COMMISSION_INCOME_YOY":null,"ACCOUNTS_RECE_TDAYS":3.789941140165,"INVENTORY_TDAYS":0.314293780164,"CURRENT_ASSETS_TDAYS":0.160338200356,"TOTAL_ASSETS_TDAYS":0.140012729846,"PREMIUM_EXPENSE":null,"LOAN_DEPOSIT":null,"LOAN_EQUITY":null,"LOAN_ASSETS":null,"DEPOSIT_EQUITY":null,"DEPOSIT_ASSETS":null,"EQUITY_MULTIPLIER":-3.956107635191,"EQUITY_RATIO":-9.54391646705},{"SECUCODE":"02882.HK","SECURITY_CODE":"02882","SECURITY_NAME_ABBR":"金至尊集团","ORG_CODE":"10010622","STD_REPORT_DATE":"2022-12-31 00:00:00","REPORT_DATE":"2023-06-30 00:00:00","DATE_TYPE_CODE":"001","REPORT_TYPE":"2022年年报","PER_NETCASH_OPERATE":0.002085528465,"PER_OI":2.114636971803,"BPS":-0.655481596447,"BASIC_EPS":-0.30701934,"DILUTED_EPS":-0.30701934,"OPERATE_INCOME":570257537.72,"OPERATE_INCOME_YOY":-10.8298021894,"GROSS_PROFIT":148690480.54,"GROSS_PROFIT_YOY":-11.359491526446,"HOLDER_PROFIT":-82742173.12,"HOLDER_PROFIT_YOY":-13.7165954966,"GROSS_PROFIT_RATIO":21.330561537352,"EPS_TTM":-0.293955156813,"OPERATE_INCOME_QOQ":6.034211281229,"NET_PROFIT_RATIO":-19.3610032177,"ROE_AVG":65.829952980701,"GROSS_PROFIT_QOQ":-11.714913200498,"ROA":-5.032537036481,"HOLDER_PROFIT_QOQ":-17.455162320157,"ROE_YEARLY":65.829952980701,"ROIC_YEARLY":-4.867011872507,"TOTAL_ASSETS":1641394540.14,"TOTAL_LIABILITIES":1983208483.36,"TAX_EBT":1.678607599685,"OCF_SALES":0.075843101759,"TOTAL_PARENT_EQUITY":-176764771.54,"DEBT_ASSET_RATIO":120.8246058374,"OPERATE_PROFIT":-74569742.4,"PRETAX_PROFIT":-147474388.92,"NETCASH_OPERATE":562407.8,"NETCASH_INVEST":-71223876.98,"NETCASH_FINANCE":61626065.18,"END_CASH":65671713.42,"DIVI_RATIO":null,"DIVIDEND_RATE":null,"CURRENT_RATIO":0.775321914716,"COMMON_ACS":200000000000,"CURRENTDEBT_DEBT":93.299309354766,"ISSUED_COMMON_SHARES":269671601,"HK_COMMON_SHARES":269671601,"PER_SHARES":5000,"TOTAL_MARKET_CAP":140229232.52,"HKSK_MARKET_CAP":140229232.52,"PE_TTM":-1.036309324248,"PB_TTM":-0.445872824025,"REPORT_DATE_SQ":"2021-12-31 00:00:00","REPORT_TYPE_SQ":"2021年年报","OPERATE_INCOME_SQ":771359145.06,"DPS_HKD":null,"OPERATE_INCOME_QOQ_SQ":3.211503203105,"NET_PROFIT_RATIO_SQ":-12.9498189527,"HOLDER_PROFIT_SQ":-67490739.61,"HOLDER_PROFIT_QOQ_SQ":-313.485727743632,"ROE_AVG_SQ":106.847274967338,"PE_TTM_SQ":-1.953183952688,"PB_TTM_SQ":-0.91426975715,"ROA_SQ":-4.366997322054,"START_DATE":"2022-07-01 00:00:00","FISCAL_YEAR":"6-30","CURRENCY":"HKD","IS_CNY_CODE":0,"DPS_HKD_LY":null,"ORG_TYPE":"一般企业","PREMIUM_INCOME":null,"PREMIUM_INCOME_YOY":null,"NET_INTEREST_INCOME":null,"NET_INTEREST_INCOME_YOY":null,"FEE_COMMISSION_INCOME":null,"FEE_COMMISSION_INCOME_YOY":null,"ACCOUNTS_RECE_TDAYS":8.220984635015,"INVENTORY_TDAYS":1.114133477956,"CURRENT_ASSETS_TDAYS":0.515593112664,"TOTAL_ASSETS_TDAYS":0.451019486333,"PREMIUM_EXPENSE":null,"LOAN_DEPOSIT":null,"LOAN_EQUITY":null,"LOAN_ASSETS":null,"DEPOSIT_EQUITY":null,"DEPOSIT_ASSETS":null,"EQUITY_MULTIPLIER":-4.802011657786,"EQUITY_RATIO":-11.219478101219},{"SECUCODE":"02882.HK","SECURITY_CODE":"02882","SECURITY_NAME_ABBR":"金至尊集团","ORG_CODE":"10010622","STD_REPORT_DATE":"2022-06-30 00:00:00","REPORT_DATE":"2022-12-31 00:00:00","DATE_TYPE_CODE":"002","REPORT_TYPE":"2022年中报","PER_NETCASH_OPERATE":-0.014584657025,"PER_OI":0.971729687844,"BPS":-0.458626680234,"BASIC_EPS":-0.159091387,"DILUTED_EPS":-0.159091387,"OPERATE_INCOME":262047900.66,"OPERATE_INCOME_YOY":3.6780992795,"GROSS_PROFIT":61322985.5,"GROSS_PROFIT_YOY":-30.18564915706,"HOLDER_PROFIT":-42899291.75,"HOLDER_PROFIT_YOY":-26.1790284018,"GROSS_PROFIT_RATIO":17.166406170938,"EPS_TTM":-0.250270103933,"OPERATE_INCOME_QOQ":4.949654852707,"NET_PROFIT_RATIO":-18.9016450586,"ROE_AVG":43.78108092093,"GROSS_PROFIT_QOQ":-13.662689326591,"ROA":-2.727797348371,"HOLDER_PROFIT_QOQ":-29.806558416474,"ROE_YEARLY":87.562161841859,"ROIC_YEARLY":-5.309115732366,"TOTAL_ASSETS":1549732336.46,"TOTAL_LIABILITIES":1799226220.54,"TAX_EBT":-1.556000796747,"OCF_SALES":-0.990183621378,"TOTAL_PARENT_EQUITY":-123678591.12,"DEBT_ASSET_RATIO":116.0991597201,"OPERATE_PROFIT":-46008764.62,"PRETAX_PROFIT":-76237914.69,"NETCASH_OPERATE":-3933067.81,"NETCASH_INVEST":-23611805.91,"NETCASH_FINANCE":5985802.27,"END_CASH":51103083.43,"DIVI_RATIO":null,"DIVIDEND_RATE":null,"CURRENT_RATIO":0.810965253281,"COMMON_ACS":200000000000,"CURRENTDEBT_DEBT":92.720193903094,"ISSUED_COMMON_SHARES":269671601,"HK_COMMON_SHARES":269671601,"PER_SHARES":5000,"TOTAL_MARKET_CAP":140229232.52,"HKSK_MARKET_CAP":140229232.52,"PE_TTM":-1.036309324248,"PB_TTM":-0.445872824025,"REPORT_DATE_SQ":"2021-06-30 00:00:00","REPORT_TYPE_SQ":"2021年中报","OPERATE_INCOME_SQ":350660464,"DPS_HKD":null,"OPERATE_INCOME_QOQ_SQ":18.740550303931,"NET_PROFIT_RATIO_SQ":-12.144139523,"HOLDER_PROFIT_SQ":-31118673.6,"HOLDER_PROFIT_QOQ_SQ":16.042305343485,"ROE_AVG_SQ":70.091986409215,"PE_TTM_SQ":-1.953183952688,"PB_TTM_SQ":-0.91426975715,"ROA_SQ":-2.082093373362,"START_DATE":"2022-07-01 00:00:00","FISCAL_YEAR":"6-30","CURRENCY":"HKD","IS_CNY_CODE":0,"DPS_HKD_LY":null,"ORG_TYPE":"一般企业","PREMIUM_INCOME":null,"PREMIUM_INCOME_YOY":null,"NET_INTEREST_INCOME":null,"NET_INTEREST_INCOME_YOY":null,"FEE_COMMISSION_INCOME":null,"FEE_COMMISSION_INCOME_YOY":null,"ACCOUNTS_RECE_TDAYS":null,"INVENTORY_TDAYS":0.6276237822,"CURRENT_ASSETS_TDAYS":0.288892173407,"TOTAL_ASSETS_TDAYS":0.252567622678,"PREMIUM_EXPENSE":null,"LOAN_DEPOSIT":null,"LOAN_EQUITY":null,"LOAN_ASSETS":null,"DEPOSIT_EQUITY":null,"DEPOSIT_ASSETS":null,"EQUITY_MULTIPLIER":-6.211504310697,"EQUITY_RATIO":-14.547596348298},{"SECUCODE":"02882.HK","SECURITY_CODE":"02882","SECURITY_NAME_ABBR":"金至尊集团","ORG_CODE":"10010622","STD_REPORT_DATE":"2021-12-31 00:00:00","REPORT_DATE":"2022-06-30 00:00:00","DATE_TYPE_CODE":"001","REPORT_TYPE":"2021年年报","PER_NETCASH_OPERATE":-0.023540021813,"PER_OI":2.860364762918,"BPS":-0.256650613685,"BASIC_EPS":-0.30102688,"DILUTED_EPS":-0.30102688,"OPERATE_INCOME":771359145.06,"OPERATE_INCOME_YOY":5.3929564628,"GROSS_PROFIT":167745518.5,"GROSS_PROFIT_YOY":-24.857120636449,"HOLDER_PROFIT":-67490739.61,"HOLDER_PROFIT_YOY":-422.2273689783,"GROSS_PROFIT_RATIO":21.746746580278,"EPS_TTM":-0.192802356819,"OPERATE_INCOME_QOQ":3.211503203105,"NET_PROFIT_RATIO":-12.9498189527,"ROE_AVG":106.847274967338,"GROSS_PROFIT_QOQ":-12.965925418043,"ROA":-4.366997322054,"HOLDER_PROFIT_QOQ":-313.485727743632,"ROE_YEARLY":106.847274967338,"ROIC_YEARLY":-4.400872601712,"TOTAL_ASSETS":1527589979.02,"TOTAL_LIABILITIES":1680703196.62,"TAX_EBT":9.983893217426,"OCF_SALES":-0.822972724269,"TOTAL_PARENT_EQUITY":-69211381.89,"DEBT_ASSET_RATIO":110.0231881397,"OPERATE_PROFIT":-74836821.71,"PRETAX_PROFIT":-110968599.21,"NETCASH_OPERATE":-6348075.37,"NETCASH_INVEST":-34776301.35,"NETCASH_FINANCE":32866662.08,"END_CASH":72348218.81,"DIVI_RATIO":null,"DIVIDEND_RATE":null,"CURRENT_RATIO":0.900588940903,"COMMON_ACS":200000000000,"CURRENTDEBT_DEBT":88.358457597779,"ISSUED_COMMON_SHARES":269671601,"HK_COMMON_SHARES":269671601,"PER_SHARES":5000,"TOTAL_MARKET_CAP":140229232.52,"HKSK_MARKET_CAP":140229232.52,"PE_TTM":-1.036309324248,"PB_TTM":-0.445872824025,"REPORT_DATE_SQ":"2020-12-31 00:00:00","REPORT_TYPE_SQ":"2020年年报","OPERATE_INCOME_SQ":712110705.6,"DPS_HKD":null,"OPERATE_INCOME_QOQ_SQ":-18.426993585322,"NET_PROFIT_RATIO_SQ":-1.6331705265,"HOLDER_PROFIT_SQ":-12574392.96,"HOLDER_PROFIT_QOQ_SQ":73.858318226897,"ROE_AVG_SQ":25.486773423731,"PE_TTM_SQ":-1.953183952688,"PB_TTM_SQ":-0.91426975715,"ROA_SQ":-0.818674799963,"START_DATE":"2021-07-01 00:00:00","FISCAL_YEAR":"6-30","CURRENCY":"HKD","IS_CNY_CODE":0,"DPS_HKD_LY":null,"ORG_TYPE":"一般企业","PREMIUM_INCOME":null,"PREMIUM_INCOME_YOY":null,"NET_INTEREST_INCOME":null,"NET_INTEREST_INCOME_YOY":null,"FEE_COMMISSION_INCOME":null,"FEE_COMMISSION_INCOME_YOY":null,"ACCOUNTS_RECE_TDAYS":null,"INVENTORY_TDAYS":1.105379418999,"CURRENT_ASSETS_TDAYS":0.566827921919,"TOTAL_ASSETS_TDAYS":0.499108965213,"PREMIUM_EXPENSE":null,"LOAN_DEPOSIT":null,"LOAN_EQUITY":null,"LOAN_ASSETS":null,"DEPOSIT_EQUITY":null,"DEPOSIT_ASSETS":null,"EQUITY_MULTIPLIER":-9.97686550489,"EQUITY_RATIO":-24.283624321953},{"SECUCODE":"02882.HK","SECURITY_CODE":"02882","SECURITY_NAME_ABBR":"金至尊集团","ORG_CODE":"10010622","STD_REPORT_DATE":"2021-06-30 00:00:00","REPORT_DATE":"2021-12-31 00:00:00","DATE_TYPE_CODE":"002","REPORT_TYPE":"2021年中报","PER_NETCASH_OPERATE":-0.069495739004,"PER_OI":1.300324033749,"BPS":-0.126764084439,"BASIC_EPS":-0.1733312,"DILUTED_EPS":-0.1733312,"OPERATE_INCOME":350660464,"OPERATE_INCOME_YOY":10.1222953421,"GROSS_PROFIT":87837220.8,"GROSS_PROFIT_YOY":-24.785152960645,"HOLDER_PROFIT":-31118673.6,"HOLDER_PROFIT_YOY":-485.9359156358,"GROSS_PROFIT_RATIO":25.04908018373,"EPS_TTM":-0.008129736075,"OPERATE_INCOME_QOQ":18.740550303931,"NET_PROFIT_RATIO":-12.144139523,"ROE_AVG":70.091986409215,"GROSS_PROFIT_QOQ":9.089315669333,"ROA":-2.082093373362,"HOLDER_PROFIT_QOQ":16.042305343485,"ROE_YEARLY":140.18397281843,"ROIC_YEARLY":-4.197420242426,"TOTAL_ASSETS":1494534372.8,"TOTAL_LIABILITIES":1582478699.2,"TAX_EBT":16.778512766433,"OCF_SALES":-5.344493926182,"TOTAL_PARENT_EQUITY":-34184673.6,"DEBT_ASSET_RATIO":105.8843963712,"OPERATE_PROFIT":-30259376,"PRETAX_PROFIT":-51170313.6,"NETCASH_OPERATE":-18741027.2,"NETCASH_INVEST":-5397795.2,"NETCASH_FINANCE":-11740736,"END_CASH":43634494.4,"DIVI_RATIO":null,"DIVIDEND_RATE":null,"CURRENT_RATIO":0.941833012639,"COMMON_ACS":200000000000,"CURRENTDEBT_DEBT":87.775979234489,"ISSUED_COMMON_SHARES":269671601,"HK_COMMON_SHARES":269671601,"PER_SHARES":5000,"TOTAL_MARKET_CAP":140229232.52,"HKSK_MARKET_CAP":140229232.52,"PE_TTM":-1.036309324248,"PB_TTM":-0.445872824025,"REPORT_DATE_SQ":"2020-06-30 00:00:00","REPORT_TYPE_SQ":"2020年中报","OPERATE_INCOME_SQ":327791005.88,"DPS_HKD":null,"OPERATE_INCOME_QOQ_SQ":-30.890480767357,"NET_PROFIT_RATIO_SQ":5.2184138836,"HOLDER_PROFIT_SQ":8300253.68,"HOLDER_PROFIT_QOQ_SQ":62.134132726968,"ROE_AVG_SQ":-22.601122951759,"PE_TTM_SQ":-1.953183952688,"PB_TTM_SQ":-0.91426975715,"ROA_SQ":0.525975998278,"START_DATE":"2021-07-01 00:00:00","FISCAL_YEAR":"6-30","CURRENCY":"HKD","IS_CNY_CODE":0,"DPS_HKD_LY":null,"ORG_TYPE":"一般企业","PREMIUM_INCOME":null,"PREMIUM_INCOME_YOY":null,"NET_INTEREST_INCOME":null,"NET_INTEREST_INCOME_YOY":null,"FEE_COMMISSION_INCOME":null,"FEE_COMMISSION_INCOME_YOY":null,"ACCOUNTS_RECE_TDAYS":5.347755610973,"INVENTORY_TDAYS":0.473557518786,"CURRENT_ASSETS_TDAYS":0.266494674487,"TOTAL_ASSETS_TDAYS":0.234620484722,"PREMIUM_EXPENSE":null,"LOAN_DEPOSIT":null,"LOAN_EQUITY":null,"LOAN_ASSETS":null,"DEPOSIT_EQUITY":null,"DEPOSIT_ASSETS":null,"EQUITY_MULTIPLIER":-16.994096537995,"EQUITY_RATIO":-46.292052330726},{"SECUCODE":"02882.HK","SECURITY_CODE":"02882","SECURITY_NAME_ABBR":"金至尊集团","ORG_CODE":"10010622","STD_REPORT_DATE":"2020-12-31 00:00:00","REPORT_DATE":"2021-06-30 00:00:00","DATE_TYPE_CODE":"001","REPORT_TYPE":"2020年年报","PER_NETCASH_OPERATE":0.013938688572,"PER_OI":0.460401715684,"BPS":-0.206088765572,"BASIC_EPS":-0.08154384,"DILUTED_EPS":-0.08154384,"OPERATE_INCOME":712110705.6,"OPERATE_INCOME_YOY":6.3311395852,"GROSS_PROFIT":223235414.88,"GROSS_PROFIT_YOY":-12.064380058248,"HOLDER_PROFIT":-12574392.96,"HOLDER_PROFIT_YOY":75.9059963967,"GROSS_PROFIT_RATIO":31.348414386203,"EPS_TTM":-0.009683133997,"OPERATE_INCOME_QOQ":-18.426993585322,"NET_PROFIT_RATIO":-1.6331705265,"ROE_AVG":25.486773423731,"GROSS_PROFIT_QOQ":-19.391170984793,"ROA":-0.818674799963,"HOLDER_PROFIT_QOQ":73.858318226897,"ROE_YEARLY":25.486773423731,"ROIC_YEARLY":-0.837849600674,"TOTAL_ASSETS":1521107974.32,"TOTAL_LIABILITIES":1622304711.84,"TAX_EBT":-61.995827538248,"OCF_SALES":3.027505783927,"TOTAL_PARENT_EQUITY":-55576287.36,"DEBT_ASSET_RATIO":106.652830649,"OPERATE_PROFIT":31605726.72,"PRETAX_PROFIT":-7179186.24,"NETCASH_OPERATE":21559192.8,"NETCASH_INVEST":11225591.28,"NETCASH_FINANCE":-48721612.32,"END_CASH":80011148.64,"DIVI_RATIO":null,"DIVIDEND_RATE":null,"CURRENT_RATIO":0.934195778769,"COMMON_ACS":200000000000,"CURRENTDEBT_DEBT":88.868635039888,"ISSUED_COMMON_SHARES":269671601,"HK_COMMON_SHARES":269671601,"PER_SHARES":5000,"TOTAL_MARKET_CAP":140229232.52,"HKSK_MARKET_CAP":140229232.52,"PE_TTM":-1.036309324248,"PB_TTM":-0.445872824025,"REPORT_DATE_SQ":"2019-12-31 00:00:00","REPORT_TYPE_SQ":"2019年年报","OPERATE_INCOME_SQ":735194058.72,"DPS_HKD":null,"OPERATE_INCOME_QOQ_SQ":-17.222362318734,"NET_PROFIT_RATIO_SQ":-14.7933250752,"HOLDER_PROFIT_SQ":-57291870.24,"HOLDER_PROFIT_QOQ_SQ":5.188842645688,"ROE_AVG_SQ":216.540652511652,"PE_TTM_SQ":-1.953183952688,"PB_TTM_SQ":-0.91426975715,"ROA_SQ":-2.978048165553,"START_DATE":"2020-07-01 00:00:00","FISCAL_YEAR":"6-30","CURRENCY":"HKD","IS_CNY_CODE":0,"DPS_HKD_LY":null,"ORG_TYPE":"一般企业","PREMIUM_INCOME":null,"PREMIUM_INCOME_YOY":null,"NET_INTEREST_INCOME":null,"NET_INTEREST_INCOME_YOY":null,"FEE_COMMISSION_INCOME":null,"FEE_COMMISSION_INCOME_YOY":null,"ACCOUNTS_RECE_TDAYS":null,"INVENTORY_TDAYS":0.897225861821,"CURRENT_ASSETS_TDAYS":0.527061298543,"TOTAL_ASSETS_TDAYS":0.463630404516,"PREMIUM_EXPENSE":null,"LOAN_DEPOSIT":null,"LOAN_EQUITY":null,"LOAN_ASSETS":null,"DEPOSIT_EQUITY":null,"DEPOSIT_ASSETS":null,"EQUITY_MULTIPLIER":-15.031195783562,"EQUITY_RATIO":-29.190591687627},{"SECUCODE":"02882.HK","SECURITY_CODE":"02882","SECURITY_NAME_ABBR":"金至尊集团","ORG_CODE":"10010622","STD_REPORT_DATE":"2020-06-30 00:00:00","REPORT_DATE":"2020-12-31 00:00:00","DATE_TYPE_CODE":"002","REPORT_TYPE":"2020年中报","PER_NETCASH_OPERATE":0.043230257475,"PER_OI":0.211927078621,"BPS":-0.110716808478,"BASIC_EPS":0.05386496,"DILUTED_EPS":0.0252492,"OPERATE_INCOME":327791005.88,"OPERATE_INCOME_YOY":-24.691780557,"GROSS_PROFIT":116781758.2,"GROSS_PROFIT_YOY":-29.653203379889,"HOLDER_PROFIT":8300253.68,"HOLDER_PROFIT_YOY":125.9717686717,"GROSS_PROFIT_RATIO":35.626895218337,"EPS_TTM":-0.037040975716,"OPERATE_INCOME_QOQ":-30.890480767357,"NET_PROFIT_RATIO":5.2184138836,"ROE_AVG":-22.601122951759,"GROSS_PROFIT_QOQ":-28.021484091667,"ROA":0.525975998278,"HOLDER_PROFIT_QOQ":62.134132726968,"ROE_YEARLY":-45.202245903518,"ROIC_YEARLY":1.083335667635,"TOTAL_ASSETS":1587535033.6,"TOTAL_LIABILITIES":1656495648.64,"TAX_EBT":12.996575342466,"OCF_SALES":20.398647382192,"TOTAL_PARENT_EQUITY":-29857179,"DEBT_ASSET_RATIO":104.343879888,"OPERATE_PROFIT":39846604.16,"PRETAX_PROFIT":19660710.4,"NETCASH_OPERATE":66864931.44,"NETCASH_INVEST":9272347.88,"NETCASH_FINANCE":-53301902.84,"END_CASH":94210656.68,"DIVI_RATIO":null,"DIVIDEND_RATE":null,"CURRENT_RATIO":0.94886034935,"COMMON_ACS":200000000000,"CURRENTDEBT_DEBT":89.318790595963,"ISSUED_COMMON_SHARES":269671601,"HK_COMMON_SHARES":269671601,"PER_SHARES":5000,"TOTAL_MARKET_CAP":140229232.52,"HKSK_MARKET_CAP":140229232.52,"PE_TTM":-1.036309324248,"PB_TTM":-0.445872824025,"REPORT_DATE_SQ":"2019-06-30 00:00:00","REPORT_TYPE_SQ":"2019年中报","OPERATE_INCOME_SQ":463265167.92,"DPS_HKD":null,"OPERATE_INCOME_QOQ_SQ":-7.823795600367,"NET_PROFIT_RATIO_SQ":-12.0250056075,"HOLDER_PROFIT_SQ":-34014558.16,"HOLDER_PROFIT_QOQ_SQ":-116.952455790632,"ROE_AVG_SQ":128.952507089128,"PE_TTM_SQ":-1.953183952688,"PB_TTM_SQ":-0.91426975715,"ROA_SQ":-1.681047267833,"START_DATE":"2020-07-01 00:00:00","FISCAL_YEAR":"6-30","CURRENCY":"HKD","IS_CNY_CODE":0,"DPS_HKD_LY":null,"ORG_TYPE":"一般企业","PREMIUM_INCOME":null,"PREMIUM_INCOME_YOY":null,"NET_INTEREST_INCOME":null,"NET_INTEREST_INCOME_YOY":null,"FEE_COMMISSION_INCOME":null,"FEE_COMMISSION_INCOME_YOY":null,"ACCOUNTS_RECE_TDAYS":3.449449546972,"INVENTORY_TDAYS":0.384670973998,"CURRENT_ASSETS_TDAYS":0.236261618065,"TOTAL_ASSETS_TDAYS":0.207716785765,"PREMIUM_EXPENSE":null,"LOAN_DEPOSIT":null,"LOAN_EQUITY":null,"LOAN_ASSETS":null,"DEPOSIT_EQUITY":null,"DEPOSIT_ASSETS":null,"EQUITY_MULTIPLIER":-23.020894356736,"EQUITY_RATIO":-55.480648343904},{"SECUCODE":"02882.HK","SECURITY_CODE":"02882","SECURITY_NAME_ABBR":"金至尊集团","ORG_CODE":"10010622","STD_REPORT_DATE":"2019-12-31 00:00:00","REPORT_DATE":"2020-06-30 00:00:00","DATE_TYPE_CODE":"001","REPORT_TYPE":"2019年年报","PER_NETCASH_OPERATE":0.114378725033,"PER_OI":0.475325821299,"BPS":-0.175441628353,"BASIC_EPS":-0.4475856,"DILUTED_EPS":-0.50330544,"OPERATE_INCOME":735194058.72,"OPERATE_INCOME_YOY":-44.9083577637,"GROSS_PROFIT":253862331.36,"GROSS_PROFIT_YOY":-28.996367726167,"HOLDER_PROFIT":-57291870.24,"HOLDER_PROFIT_YOY":65.4265933169,"GROSS_PROFIT_RATIO":34.529975908944,"EPS_TTM":-0.119444410402,"OPERATE_INCOME_QOQ":-17.222362318734,"NET_PROFIT_RATIO":-14.7933250752,"ROE_AVG":216.540652511652,"GROSS_PROFIT_QOQ":-1.354409190294,"ROA":-2.978048165553,"HOLDER_PROFIT_QOQ":5.188842645688,"ROE_YEARLY":216.540652511652,"ROIC_YEARLY":-3.105522711744,"TOTAL_ASSETS":1702415579.04,"TOTAL_LIABILITIES":1811522333.28,"TAX_EBT":-28.843968791594,"OCF_SALES":24.063225666977,"TOTAL_PARENT_EQUITY":-47311624.8,"DEBT_ASSET_RATIO":106.4089377226,"OPERATE_PROFIT":-9820393.44,"PRETAX_PROFIT":-84411903.84,"NETCASH_OPERATE":176911405.44,"NETCASH_INVEST":159697628.64,"NETCASH_FINANCE":-351034078.56,"END_CASH":101218286.4,"DIVI_RATIO":null,"DIVIDEND_RATE":null,"CURRENT_RATIO":0.917815112035,"COMMON_ACS":200000000000,"CURRENTDEBT_DEBT":89.488182405391,"ISSUED_COMMON_SHARES":269671601,"HK_COMMON_SHARES":269671601,"PER_SHARES":5000,"TOTAL_MARKET_CAP":140229232.52,"HKSK_MARKET_CAP":140229232.52,"PE_TTM":-1.036309324248,"PB_TTM":-0.445872824025,"REPORT_DATE_SQ":"2018-12-31 00:00:00","REPORT_TYPE_SQ":"2018年年报","OPERATE_INCOME_SQ":1285141915.98,"DPS_HKD":null,"OPERATE_INCOME_QOQ_SQ":13.307640623194,"NET_PROFIT_RATIO_SQ":-15.8033146857,"HOLDER_PROFIT_SQ":-159582639.24,"HOLDER_PROFIT_QOQ_SQ":-46.252202014498,"ROE_AVG_SQ":-271.545323913304,"PE_TTM_SQ":-1.953183952688,"PB_TTM_SQ":-0.91426975715,"ROA_SQ":-7.851423068808,"START_DATE":"2019-07-01 00:00:00","FISCAL_YEAR":"6-30","CURRENCY":"HKD","IS_CNY_CODE":0,"DPS_HKD_LY":null,"ORG_TYPE":"一般企业","PREMIUM_INCOME":null,"PREMIUM_INCOME_YOY":null,"NET_INTEREST_INCOME":null,"NET_INTEREST_INCOME_YOY":null,"FEE_COMMISSION_INCOME":null,"FEE_COMMISSION_INCOME_YOY":null,"ACCOUNTS_RECE_TDAYS":5.833587614744,"INVENTORY_TDAYS":0.705921596865,"CURRENT_ASSETS_TDAYS":0.431263861063,"TOTAL_ASSETS_TDAYS":0.382156021216,"PREMIUM_EXPENSE":null,"LOAN_DEPOSIT":null,"LOAN_EQUITY":null,"LOAN_ASSETS":null,"DEPOSIT_EQUITY":null,"DEPOSIT_ASSETS":null,"EQUITY_MULTIPLIER":-15.603209818589,"EQUITY_RATIO":-38.28915918525}],"count":46},"success":true,"message":"ok","code":0}