{"version":"343653b6686390f1d98d89519801ef4a","result":{"pages":7,"data":[{"SECUCODE":"02886.HK","SECURITY_CODE":"02886","SECURITY_NAME_ABBR":"滨海投资","ORG_CODE":"10010668","STD_REPORT_DATE":"2024-06-30 00:00:00","REPORT_DATE":"2024-06-30 00:00:00","DATE_TYPE_CODE":"002","REPORT_TYPE":"2024年中报","PER_NETCASH_OPERATE":0.044727625193,"PER_OI":2.357729884967,"BPS":1.356633955462,"BASIC_EPS":0.113263588,"DILUTED_EPS":0.113263588,"OPERATE_INCOME":3189991834.56,"OPERATE_INCOME_YOY":12.0504163911,"GROSS_PROFIT":291698916.76,"GROSS_PROFIT_YOY":-17.6975070065,"HOLDER_PROFIT":153260876.32,"HOLDER_PROFIT_YOY":0.8940373477,"GROSS_PROFIT_RATIO":9.144190075967,"EPS_TTM":0.171735665989,"OPERATE_INCOME_QOQ":5.409305800987,"NET_PROFIT_RATIO":4.8974705824,"ROE_AVG":7.507343649724,"GROSS_PROFIT_QOQ":-9.24124820998,"ROA":2.017436861389,"HOLDER_PROFIT_QOQ":-0.081612327775,"ROE_YEARLY":15.014687299448,"ROIC_YEARLY":4.51849975766,"TOTAL_ASSETS":7352988166.4,"TOTAL_LIABILITIES":5237297356.96,"TAX_EBT":15.996309600927,"OCF_SALES":1.897063165629,"TOTAL_PARENT_EQUITY":2044588474.04,"DEBT_ASSET_RATIO":71.2267888706,"OPERATE_PROFIT":232865738.6,"PRETAX_PROFIT":185978628.96,"NETCASH_OPERATE":60516160.08,"NETCASH_INVEST":-126138764.76,"NETCASH_FINANCE":-44153633.04,"END_CASH":604366656.52,"DIVI_RATIO":0.401039117898,"DIVIDEND_RATE":6.666666666667,"CURRENT_RATIO":0.549024995156,"COMMON_ACS":2280000000,"CURRENTDEBT_DEBT":44.969200323716,"ISSUED_COMMON_SHARES":1375917112,"HK_COMMON_SHARES":1375917112,"PER_SHARES":2000,"TOTAL_MARKET_CAP":1568545507.68,"HKSK_MARKET_CAP":1568545507.68,"PE_TTM":6.077278216505,"PB_TTM":0.766938786849,"REPORT_DATE_SQ":"2023-06-30 00:00:00","REPORT_TYPE_SQ":"2023年中报","OPERATE_INCOME_SQ":2875934979.94,"DPS_HKD":0.076,"OPERATE_INCOME_QOQ_SQ":4.958026940977,"NET_PROFIT_RATIO_SQ":5.4653555618,"HOLDER_PROFIT_SQ":153450663.28,"HOLDER_PROFIT_QOQ_SQ":-23.121882356702,"ROE_AVG_SQ":7.665370268066,"PE_TTM_SQ":7.569886185119,"PB_TTM_SQ":0.835427638488,"ROA_SQ":2.010642624389,"START_DATE":"2024-01-01 00:00:00","FISCAL_YEAR":"12-31","CURRENCY":"HKD","IS_CNY_CODE":0,"DPS_HKD_LY":0.076,"ORG_TYPE":"一般企业","PREMIUM_INCOME":null,"PREMIUM_INCOME_YOY":null,"NET_INTEREST_INCOME":null,"NET_INTEREST_INCOME_YOY":null,"FEE_COMMISSION_INCOME":null,"FEE_COMMISSION_INCOME_YOY":null,"ACCOUNTS_RECE_TDAYS":8.973512263126,"INVENTORY_TDAYS":28.41597802306,"CURRENT_ASSETS_TDAYS":2.123336279718,"TOTAL_ASSETS_TDAYS":0.419911935068,"PREMIUM_EXPENSE":null,"LOAN_DEPOSIT":null,"LOAN_EQUITY":null,"LOAN_ASSETS":null,"DEPOSIT_EQUITY":null,"DEPOSIT_ASSETS":null,"EQUITY_MULTIPLIER":3.475454983119,"EQUITY_RATIO":2.561541074626},{"SECUCODE":"02886.HK","SECURITY_CODE":"02886","SECURITY_NAME_ABBR":"滨海投资","ORG_CODE":"10010668","STD_REPORT_DATE":"2023-12-31 00:00:00","REPORT_DATE":"2023-12-31 00:00:00","DATE_TYPE_CODE":"001","REPORT_TYPE":"2023年年报","PER_NETCASH_OPERATE":0.55752245649,"PER_OI":4.291125535744,"BPS":1.34254437981,"BASIC_EPS":0.1721818,"DILUTED_EPS":0.17127558,"OPERATE_INCOME":5805862455.82,"OPERATE_INCOME_YOY":4.9821568967,"GROSS_PROFIT":678739749.38,"GROSS_PROFIT_YOY":4.470533078597,"HOLDER_PROFIT":232546926.64,"HOLDER_PROFIT_YOY":-21.2443184085,"GROSS_PROFIT_RATIO":11.69059299191,"EPS_TTM":0.171875937943,"OPERATE_INCOME_QOQ":1.473053039703,"NET_PROFIT_RATIO":4.1116765452,"ROE_AVG":11.521834786591,"GROSS_PROFIT_QOQ":7.193060528897,"ROA":2.990563848757,"HOLDER_PROFIT_QOQ":3.927396382628,"ROE_YEARLY":11.521834786591,"ROIC_YEARLY":3.370128087772,"TOTAL_ASSETS":7785138464.04,"TOTAL_LIABILITIES":5682208736.82,"TAX_EBT":25.733440842632,"OCF_SALES":12.9924527224,"TOTAL_PARENT_EQUITY":2023942685.8,"DEBT_ASSET_RATIO":72.9878956305,"OPERATE_PROFIT":453408146.38,"PRETAX_PROFIT":321434421.56,"NETCASH_OPERATE":754323934.7,"NETCASH_INVEST":-531820644.32,"NETCASH_FINANCE":-228866767.22,"END_CASH":732555624.08,"DIVI_RATIO":0.400711820538,"DIVIDEND_RATE":6.608695652174,"CURRENT_RATIO":0.462840452522,"COMMON_ACS":2280000000,"CURRENTDEBT_DEBT":64.622180586329,"ISSUED_COMMON_SHARES":1375917112,"HK_COMMON_SHARES":1375917112,"PER_SHARES":2000,"TOTAL_MARKET_CAP":1582304678.8,"HKSK_MARKET_CAP":1582304678.8,"PE_TTM":6.130587674545,"PB_TTM":0.773666320067,"REPORT_DATE_SQ":"2022-12-31 00:00:00","REPORT_TYPE_SQ":"2022年年报","OPERATE_INCOME_SQ":5451303446.26,"DPS_HKD":0.076,"OPERATE_INCOME_QOQ_SQ":17.551265910884,"NET_PROFIT_RATIO_SQ":5.4526091831,"HOLDER_PROFIT_SQ":291056843.91,"HOLDER_PROFIT_QOQ_SQ":-18.058939552469,"ROE_AVG_SQ":14.567834501481,"PE_TTM_SQ":7.569886185119,"PB_TTM_SQ":0.835427638488,"ROA_SQ":3.890476158352,"START_DATE":"2023-01-01 00:00:00","FISCAL_YEAR":"12-31","CURRENCY":"HKD","IS_CNY_CODE":0,"DPS_HKD_LY":0.1,"ORG_TYPE":"一般企业","PREMIUM_INCOME":null,"PREMIUM_INCOME_YOY":null,"NET_INTEREST_INCOME":null,"NET_INTEREST_INCOME_YOY":null,"FEE_COMMISSION_INCOME":null,"FEE_COMMISSION_INCOME_YOY":null,"ACCOUNTS_RECE_TDAYS":17.649745172043,"INVENTORY_TDAYS":45.864086642131,"CURRENT_ASSETS_TDAYS":3.362021175438,"TOTAL_ASSETS_TDAYS":0.746636501376,"PREMIUM_EXPENSE":null,"LOAN_DEPOSIT":null,"LOAN_EQUITY":null,"LOAN_ASSETS":null,"DEPOSIT_EQUITY":null,"DEPOSIT_ASSETS":null,"EQUITY_MULTIPLIER":3.702044040409,"EQUITY_RATIO":2.807494884458},{"SECUCODE":"02886.HK","SECURITY_CODE":"02886","SECURITY_NAME_ABBR":"滨海投资","ORG_CODE":"10010668","STD_REPORT_DATE":"2023-06-30 00:00:00","REPORT_DATE":"2023-06-30 00:00:00","DATE_TYPE_CODE":"002","REPORT_TYPE":"2023年中报","PER_NETCASH_OPERATE":0.174064815184,"PER_OI":2.12713130085,"BPS":1.421632057251,"BASIC_EPS":0.113495738,"DILUTED_EPS":0.113126946,"OPERATE_INCOME":2875934979.94,"OPERATE_INCOME_YOY":2.3770905019,"GROSS_PROFIT":354422941.7,"GROSS_PROFIT_YOY":-4.448667932418,"HOLDER_PROFIT":153450663.28,"HOLDER_PROFIT_YOY":-35.5219116097,"GROSS_PROFIT_RATIO":12.323746683153,"EPS_TTM":0.165499159304,"OPERATE_INCOME_QOQ":4.958026940977,"NET_PROFIT_RATIO":5.4653555618,"ROE_AVG":7.665370268066,"GROSS_PROFIT_QOQ":-2.5398355424,"ROA":2.010642624389,"HOLDER_PROFIT_QOQ":-23.121882356702,"ROE_YEARLY":15.330740536133,"ROIC_YEARLY":4.490467779094,"TOTAL_ASSETS":7361861861.22,"TOTAL_LIABILITIES":5330476234.94,"TAX_EBT":19.970989184317,"OCF_SALES":8.183078078661,"TOTAL_PARENT_EQUITY":1956047874.54,"DEBT_ASSET_RATIO":72.4066321187,"OPERATE_PROFIT":264080887.44,"PRETAX_PROFIT":196403867.52,"NETCASH_OPERATE":235340004.9,"NETCASH_INVEST":-158681977.8,"NETCASH_FINANCE":-149741537.74,"END_CASH":680244219.84,"DIVI_RATIO":0.416151479497,"DIVIDEND_RATE":6.608695652174,"CURRENT_RATIO":0.384457930235,"COMMON_ACS":2280000000,"CURRENTDEBT_DEBT":71.233611453532,"ISSUED_COMMON_SHARES":1375917112,"HK_COMMON_SHARES":1375917112,"PER_SHARES":2000,"TOTAL_MARKET_CAP":1582304678.8,"HKSK_MARKET_CAP":1582304678.8,"PE_TTM":6.130587674545,"PB_TTM":0.773666320067,"REPORT_DATE_SQ":"2022-06-30 00:00:00","REPORT_TYPE_SQ":"2022年中报","OPERATE_INCOME_SQ":2605657886.44,"DPS_HKD":0.076,"OPERATE_INCOME_QOQ_SQ":17.118184449453,"NET_PROFIT_RATIO_SQ":8.6488915204,"HOLDER_PROFIT_SQ":220748484.32,"HOLDER_PROFIT_QOQ_SQ":8.704057635749,"ROE_AVG_SQ":11.535815357595,"PE_TTM_SQ":7.569886185119,"PB_TTM_SQ":0.835427638488,"ROA_SQ":3.214642934689,"START_DATE":"2023-01-01 00:00:00","FISCAL_YEAR":"12-31","CURRENCY":"HKD","IS_CNY_CODE":0,"DPS_HKD_LY":0.1,"ORG_TYPE":"一般企业","PREMIUM_INCOME":null,"PREMIUM_INCOME_YOY":null,"NET_INTEREST_INCOME":null,"NET_INTEREST_INCOME_YOY":null,"FEE_COMMISSION_INCOME":null,"FEE_COMMISSION_INCOME_YOY":null,"ACCOUNTS_RECE_TDAYS":7.652778186671,"INVENTORY_TDAYS":20.953062451877,"CURRENT_ASSETS_TDAYS":1.772758323596,"TOTAL_ASSETS_TDAYS":0.37682974658,"PREMIUM_EXPENSE":null,"LOAN_DEPOSIT":null,"LOAN_EQUITY":null,"LOAN_ASSETS":null,"DEPOSIT_EQUITY":null,"DEPOSIT_ASSETS":null,"EQUITY_MULTIPLIER":3.624059246054,"EQUITY_RATIO":2.725125649695},{"SECUCODE":"02886.HK","SECURITY_CODE":"02886","SECURITY_NAME_ABBR":"滨海投资","ORG_CODE":"10010668","STD_REPORT_DATE":"2022-12-31 00:00:00","REPORT_DATE":"2022-12-31 00:00:00","DATE_TYPE_CODE":"001","REPORT_TYPE":"2022年年报","PER_NETCASH_OPERATE":0.231408127263,"PER_OI":4.031954224227,"BPS":1.284782721635,"BASIC_EPS":0.21527807,"DILUTED_EPS":0.2143848,"OPERATE_INCOME":5451303446.26,"OPERATE_INCOME_YOY":26.011382375,"GROSS_PROFIT":649694922.94,"GROSS_PROFIT_YOY":-7.107953975609,"HOLDER_PROFIT":291056843.91,"HOLDER_PROFIT_YOY":-18.4722475911,"GROSS_PROFIT_RATIO":11.9181573608,"EPS_TTM":0.215274728854,"OPERATE_INCOME_QOQ":17.551265910884,"NET_PROFIT_RATIO":5.4526091831,"ROE_AVG":14.567834501481,"GROSS_PROFIT_QOQ":-6.295537239949,"ROA":3.890476158352,"HOLDER_PROFIT_QOQ":-18.058939552469,"ROE_YEARLY":14.567834501481,"ROIC_YEARLY":4.336516894533,"TOTAL_ASSETS":7655917031.28,"TOTAL_LIABILITIES":5613914317.06,"TAX_EBT":14.32790168974,"OCF_SALES":5.739354030175,"TOTAL_PARENT_EQUITY":1983925871.9,"DEBT_ASSET_RATIO":73.3277841717,"OPERATE_PROFIT":435901467.68,"PRETAX_PROFIT":346948747.81,"NETCASH_OPERATE":312869604.04,"NETCASH_INVEST":-716777713.4,"NETCASH_FINANCE":551268181.45,"END_CASH":755036467.5,"DIVI_RATIO":0.319929423982,"DIVIDEND_RATE":6.608695652174,"CURRENT_RATIO":0.510903361838,"COMMON_ACS":2280000000,"CURRENTDEBT_DEBT":60.288991735137,"ISSUED_COMMON_SHARES":1375917112,"HK_COMMON_SHARES":1375917112,"PER_SHARES":2000,"TOTAL_MARKET_CAP":1582304678.8,"HKSK_MARKET_CAP":1582304678.8,"PE_TTM":6.130587674545,"PB_TTM":0.773666320067,"REPORT_DATE_SQ":"2021-12-31 00:00:00","REPORT_TYPE_SQ":"2021年年报","OPERATE_INCOME_SQ":3959576297.6,"DPS_HKD":0.076,"OPERATE_INCOME_QOQ_SQ":18.976834234935,"NET_PROFIT_RATIO_SQ":8.4664725416,"HOLDER_PROFIT_SQ":326761198.4,"HOLDER_PROFIT_QOQ_SQ":-9.125344835068,"ROE_AVG_SQ":19.057812323043,"PE_TTM_SQ":7.569886185119,"PB_TTM_SQ":0.835427638488,"ROA_SQ":5.233026126111,"START_DATE":"2022-01-01 00:00:00","FISCAL_YEAR":"12-31","CURRENCY":"HKD","IS_CNY_CODE":0,"DPS_HKD_LY":0.09,"ORG_TYPE":"一般企业","PREMIUM_INCOME":null,"PREMIUM_INCOME_YOY":null,"NET_INTEREST_INCOME":null,"NET_INTEREST_INCOME_YOY":null,"FEE_COMMISSION_INCOME":null,"FEE_COMMISSION_INCOME_YOY":null,"ACCOUNTS_RECE_TDAYS":17.73458157941,"INVENTORY_TDAYS":37.96582923091,"CURRENT_ASSETS_TDAYS":3.356361033433,"TOTAL_ASSETS_TDAYS":0.728660621915,"PREMIUM_EXPENSE":null,"LOAN_DEPOSIT":null,"LOAN_EQUITY":null,"LOAN_ASSETS":null,"DEPOSIT_EQUITY":null,"DEPOSIT_ASSETS":null,"EQUITY_MULTIPLIER":3.749219811498,"EQUITY_RATIO":2.829699635745},{"SECUCODE":"02886.HK","SECURITY_CODE":"02886","SECURITY_NAME_ABBR":"滨海投资","ORG_CODE":"10010668","STD_REPORT_DATE":"2022-06-30 00:00:00","REPORT_DATE":"2022-06-30 00:00:00","DATE_TYPE_CODE":"002","REPORT_TYPE":"2022年中报","PER_NETCASH_OPERATE":0.132607648145,"PER_OI":1.927225924165,"BPS":1.23120842461,"BASIC_EPS":0.163255771,"DILUTED_EPS":0.162742657,"OPERATE_INCOME":2605657886.44,"OPERATE_INCOME_YOY":31.5062982729,"GROSS_PROFIT":370924124.27,"GROSS_PROFIT_YOY":-1.608503522962,"HOLDER_PROFIT":220748484.32,"HOLDER_PROFIT_YOY":11.6876373769,"GROSS_PROFIT_RATIO":14.23533481507,"EPS_TTM":0.262718992991,"OPERATE_INCOME_QOQ":17.118184449453,"NET_PROFIT_RATIO":8.6488915204,"ROE_AVG":11.535815357595,"GROSS_PROFIT_QOQ":-0.86699897927,"ROA":3.214642934689,"HOLDER_PROFIT_QOQ":8.704057635749,"ROE_YEARLY":23.07163071519,"ROIC_YEARLY":7.178152585381,"TOTAL_ASSETS":6738801418.72,"TOTAL_LIABILITIES":4775953082.11,"TAX_EBT":5.047742586387,"OCF_SALES":6.880752613497,"TOTAL_PARENT_EQUITY":1900996719.86,"DEBT_ASSET_RATIO":70.8724413342,"OPERATE_PROFIT":271885425.56,"PRETAX_PROFIT":237340880.7,"NETCASH_OPERATE":179288873.12,"NETCASH_INVEST":-266961241.54,"NETCASH_FINANCE":165377497.39,"END_CASH":676010591.2,"DIVI_RATIO":0.262153562694,"DIVIDEND_RATE":6.608695652174,"CURRENT_RATIO":0.472404943022,"COMMON_ACS":2280000000,"CURRENTDEBT_DEBT":54.502889965368,"ISSUED_COMMON_SHARES":1375917112,"HK_COMMON_SHARES":1375917112,"PER_SHARES":2000,"TOTAL_MARKET_CAP":1582304678.8,"HKSK_MARKET_CAP":1582304678.8,"PE_TTM":6.130587674545,"PB_TTM":0.773666320067,"REPORT_DATE_SQ":"2021-06-30 00:00:00","REPORT_TYPE_SQ":"2021年中报","OPERATE_INCOME_SQ":1927850312.4,"DPS_HKD":0.076,"OPERATE_INCOME_QOQ_SQ":8.219948525128,"NET_PROFIT_RATIO_SQ":10.277244859,"HOLDER_PROFIT_SQ":192307001.28,"HOLDER_PROFIT_QOQ_SQ":20.378919937536,"ROE_AVG_SQ":11.597580282969,"PE_TTM_SQ":7.569886185119,"PB_TTM_SQ":0.835427638488,"ROA_SQ":3.11563839743,"START_DATE":"2022-01-01 00:00:00","FISCAL_YEAR":"12-31","CURRENCY":"HKD","IS_CNY_CODE":0,"DPS_HKD_LY":0.09,"ORG_TYPE":"一般企业","PREMIUM_INCOME":null,"PREMIUM_INCOME_YOY":null,"NET_INTEREST_INCOME":null,"NET_INTEREST_INCOME_YOY":null,"FEE_COMMISSION_INCOME":null,"FEE_COMMISSION_INCOME_YOY":null,"ACCOUNTS_RECE_TDAYS":9.63419249881,"INVENTORY_TDAYS":18.668174041013,"CURRENT_ASSETS_TDAYS":1.94156771246,"TOTAL_ASSETS_TDAYS":0.379448119006,"PREMIUM_EXPENSE":null,"LOAN_DEPOSIT":null,"LOAN_EQUITY":null,"LOAN_ASSETS":null,"DEPOSIT_EQUITY":null,"DEPOSIT_ASSETS":null,"EQUITY_MULTIPLIER":3.433174786372,"EQUITY_RATIO":2.512341569144},{"SECUCODE":"02886.HK","SECURITY_CODE":"02886","SECURITY_NAME_ABBR":"滨海投资","ORG_CODE":"10010668","STD_REPORT_DATE":"2021-12-31 00:00:00","REPORT_DATE":"2021-12-31 00:00:00","DATE_TYPE_CODE":"001","REPORT_TYPE":"2021年年报","PER_NETCASH_OPERATE":0.293987650894,"PER_OI":2.928626251802,"BPS":1.338396158852,"BASIC_EPS":0.2420096,"DILUTED_EPS":0.241192,"OPERATE_INCOME":3959576297.6,"OPERATE_INCOME_YOY":32.5425179796,"GROSS_PROFIT":699408561.6,"GROSS_PROFIT_YOY":37.717292105099,"HOLDER_PROFIT":326761198.4,"HOLDER_PROFIT_YOY":12.610452404,"GROSS_PROFIT_RATIO":17.663722303417,"EPS_TTM":0.241682784162,"OPERATE_INCOME_QOQ":18.976834234935,"NET_PROFIT_RATIO":8.4664725416,"ROE_AVG":19.057812323043,"GROSS_PROFIT_QOQ":25.680267576873,"ROA":5.233026126111,"HOLDER_PROFIT_QOQ":-9.125344835068,"ROE_YEARLY":19.057812323043,"ROIC_YEARLY":5.710973381447,"TOTAL_ASSETS":6687661400,"TOTAL_LIABILITIES":4788550748.8,"TAX_EBT":17.214999727432,"OCF_SALES":10.03841479304,"TOTAL_PARENT_EQUITY":1841522177.6,"DEBT_ASSET_RATIO":71.6027690756,"OPERATE_PROFIT":480481444.8,"PRETAX_PROFIT":404948286.4,"NETCASH_OPERATE":397478692.8,"NETCASH_INVEST":-501505211.2,"NETCASH_FINANCE":363687284.8,"END_CASH":606807185.6,"DIVI_RATIO":0.284971559885,"DIVIDEND_RATE":6.608695652174,"CURRENT_RATIO":0.500152045676,"COMMON_ACS":2280000000,"CURRENTDEBT_DEBT":58.056821786773,"ISSUED_COMMON_SHARES":1375917112,"HK_COMMON_SHARES":1375917112,"PER_SHARES":2000,"TOTAL_MARKET_CAP":1582304678.8,"HKSK_MARKET_CAP":1582304678.8,"PE_TTM":6.130587674545,"PB_TTM":0.773666320067,"REPORT_DATE_SQ":"2020-12-31 00:00:00","REPORT_TYPE_SQ":"2020年年报","OPERATE_INCOME_SQ":3075239780.24,"DPS_HKD":0.076,"OPERATE_INCOME_QOQ_SQ":-6.749130151855,"NET_PROFIT_RATIO_SQ":9.8760874099,"HOLDER_PROFIT_SQ":298701402.56,"HOLDER_PROFIT_QOQ_SQ":105.040035785931,"ROE_AVG_SQ":21.807474552089,"PE_TTM_SQ":7.569886185119,"PB_TTM_SQ":0.835427638488,"ROA_SQ":5.378113159742,"START_DATE":"2021-01-01 00:00:00","FISCAL_YEAR":"12-31","CURRENCY":"HKD","IS_CNY_CODE":0,"DPS_HKD_LY":0.079,"ORG_TYPE":"一般企业","PREMIUM_INCOME":null,"PREMIUM_INCOME_YOY":null,"NET_INTEREST_INCOME":null,"NET_INTEREST_INCOME_YOY":null,"FEE_COMMISSION_INCOME":null,"FEE_COMMISSION_INCOME_YOY":null,"ACCOUNTS_RECE_TDAYS":14.365904557084,"INVENTORY_TDAYS":27.414439127685,"CURRENT_ASSETS_TDAYS":3.170736593727,"TOTAL_ASSETS_TDAYS":0.634119544032,"PREMIUM_EXPENSE":null,"LOAN_DEPOSIT":null,"LOAN_EQUITY":null,"LOAN_ASSETS":null,"DEPOSIT_EQUITY":null,"DEPOSIT_ASSETS":null,"EQUITY_MULTIPLIER":3.521470113273,"EQUITY_RATIO":2.600322063479},{"SECUCODE":"02886.HK","SECURITY_CODE":"02886","SECURITY_NAME_ABBR":"滨海投资","ORG_CODE":"10010668","STD_REPORT_DATE":"2021-06-30 00:00:00","REPORT_DATE":"2021-06-30 00:00:00","DATE_TYPE_CODE":"002","REPORT_TYPE":"2021年中报","PER_NETCASH_OPERATE":0.155666226835,"PER_OI":1.425898280546,"BPS":1.053325553291,"BASIC_EPS":0.142202472,"DILUTED_EPS":0.142202472,"OPERATE_INCOME":1927850312.4,"OPERATE_INCOME_YOY":26.344407054,"GROSS_PROFIT":376987989.36,"GROSS_PROFIT_YOY":14.813589244758,"HOLDER_PROFIT":192307001.28,"HOLDER_PROFIT_YOY":60.6199179929,"GROSS_PROFIT_RATIO":19.554837164234,"EPS_TTM":0.265951803309,"OPERATE_INCOME_QOQ":8.219948525128,"NET_PROFIT_RATIO":10.277244859,"ROE_AVG":11.597580282969,"GROSS_PROFIT_QOQ":9.57749753426,"ROA":3.11563839743,"HOLDER_PROFIT_QOQ":20.378919937536,"ROE_YEARLY":23.195160565939,"ROIC_YEARLY":6.890804044661,"TOTAL_ASSETS":6441134608.32,"TOTAL_LIABILITIES":4685933407.2,"TAX_EBT":21.011497608259,"OCF_SALES":10.917063927956,"TOTAL_PARENT_EQUITY":1700576813.28,"DEBT_ASSET_RATIO":72.7501238857,"OPERATE_PROFIT":294359117.04,"PRETAX_PROFIT":250833844.32,"NETCASH_OPERATE":210464651.04,"NETCASH_INVEST":-304522974.24,"NETCASH_FINANCE":491619490.56,"END_CASH":739400433.36,"DIVI_RATIO":0.258966922364,"DIVIDEND_RATE":6.608695652174,"CURRENT_RATIO":0.571159006065,"COMMON_ACS":2280000000,"CURRENTDEBT_DEBT":59.257119215,"ISSUED_COMMON_SHARES":1375917112,"HK_COMMON_SHARES":1375917112,"PER_SHARES":2000,"TOTAL_MARKET_CAP":1582304678.8,"HKSK_MARKET_CAP":1582304678.8,"PE_TTM":6.130587674545,"PB_TTM":0.773666320067,"REPORT_DATE_SQ":"2020-06-30 00:00:00","REPORT_TYPE_SQ":"2020年中报","OPERATE_INCOME_SQ":1675067185.44,"DPS_HKD":0.076,"OPERATE_INCOME_QOQ_SQ":3.484732529006,"NET_PROFIT_RATIO_SQ":8.2442969548,"HOLDER_PROFIT_SQ":131434881.6,"HOLDER_PROFIT_QOQ_SQ":100.501430438019,"ROE_AVG_SQ":10.732197038633,"PE_TTM_SQ":7.569886185119,"PB_TTM_SQ":0.835427638488,"ROA_SQ":2.348926319965,"START_DATE":"2021-01-01 00:00:00","FISCAL_YEAR":"12-31","CURRENCY":"HKD","IS_CNY_CODE":0,"DPS_HKD_LY":0.079,"ORG_TYPE":"一般企业","PREMIUM_INCOME":null,"PREMIUM_INCOME_YOY":null,"NET_INTEREST_INCOME":null,"NET_INTEREST_INCOME_YOY":null,"FEE_COMMISSION_INCOME":null,"FEE_COMMISSION_INCOME_YOY":null,"ACCOUNTS_RECE_TDAYS":6.975908493524,"INVENTORY_TDAYS":13.452748886659,"CURRENT_ASSETS_TDAYS":1.421359610444,"TOTAL_ASSETS_TDAYS":0.312338314145,"PREMIUM_EXPENSE":null,"LOAN_DEPOSIT":null,"LOAN_EQUITY":null,"LOAN_ASSETS":null,"DEPOSIT_EQUITY":null,"DEPOSIT_ASSETS":null,"EQUITY_MULTIPLIER":3.669741454256,"EQUITY_RATIO":2.755496470731},{"SECUCODE":"02886.HK","SECURITY_CODE":"02886","SECURITY_NAME_ABBR":"滨海投资","ORG_CODE":"10010668","STD_REPORT_DATE":"2020-12-31 00:00:00","REPORT_DATE":"2020-12-31 00:00:00","DATE_TYPE_CODE":"001","REPORT_TYPE":"2020年年报","PER_NETCASH_OPERATE":0.480756747471,"PER_OI":2.274543353655,"BPS":0.97248552234,"BASIC_EPS":0.2440756,"DILUTED_EPS":0.2440756,"OPERATE_INCOME":3075239780.24,"OPERATE_INCOME_YOY":2.7079751142,"GROSS_PROFIT":507858200.6,"GROSS_PROFIT_YOY":8.067994631922,"HOLDER_PROFIT":298701402.56,"HOLDER_PROFIT_YOY":337.5534761007,"GROSS_PROFIT_RATIO":16.514426090065,"EPS_TTM":0.220928883102,"OPERATE_INCOME_QOQ":-6.749130151855,"NET_PROFIT_RATIO":9.8760874099,"ROE_AVG":21.807474552089,"GROSS_PROFIT_QOQ":-12.853382961712,"ROA":5.378113159742,"HOLDER_PROFIT_QOQ":105.040035785931,"ROE_YEARLY":21.807474552089,"ROIC_YEARLY":5.922258262283,"TOTAL_ASSETS":5971321336.96,"TOTAL_LIABILITIES":4288230705.96,"TAX_EBT":17.834023630241,"OCF_SALES":21.136407301198,"TOTAL_PARENT_EQUITY":1634316751.36,"DEBT_ASSET_RATIO":71.8137655634,"OPERATE_PROFIT":450446569.64,"PRETAX_PROFIT":369633980.12,"NETCASH_OPERATE":649995205.44,"NETCASH_INVEST":-818364445.8,"NETCASH_FINANCE":-95446184.2,"END_CASH":343172818.52,"DIVI_RATIO":0.311741584137,"DIVIDEND_RATE":6.608695652174,"CURRENT_RATIO":0.353223237034,"COMMON_ACS":2280000000,"CURRENTDEBT_DEBT":75.240157728354,"ISSUED_COMMON_SHARES":1375917112,"HK_COMMON_SHARES":1375917112,"PER_SHARES":2000,"TOTAL_MARKET_CAP":1582304678.8,"HKSK_MARKET_CAP":1582304678.8,"PE_TTM":6.130587674545,"PB_TTM":0.773666320067,"REPORT_DATE_SQ":"2019-12-31 00:00:00","REPORT_TYPE_SQ":"2019年年报","OPERATE_INCOME_SQ":3186763327.62,"DPS_HKD":0.076,"OPERATE_INCOME_QOQ_SQ":2.86486396957,"NET_PROFIT_RATIO_SQ":3.3625586749,"HOLDER_PROFIT_SQ":72657611.58,"HOLDER_PROFIT_QOQ_SQ":-18.511739811768,"ROE_AVG_SQ":6.126097412132,"PE_TTM_SQ":7.569886185119,"PB_TTM_SQ":0.835427638488,"ROA_SQ":1.338314841326,"START_DATE":"2020-01-01 00:00:00","FISCAL_YEAR":"12-31","CURRENCY":"HKD","IS_CNY_CODE":0,"DPS_HKD_LY":0.035,"ORG_TYPE":"一般企业","PREMIUM_INCOME":null,"PREMIUM_INCOME_YOY":null,"NET_INTEREST_INCOME":null,"NET_INTEREST_INCOME_YOY":null,"FEE_COMMISSION_INCOME":null,"FEE_COMMISSION_INCOME_YOY":null,"ACCOUNTS_RECE_TDAYS":10.86117018984,"INVENTORY_TDAYS":23.178485946796,"CURRENT_ASSETS_TDAYS":2.636221306413,"TOTAL_ASSETS_TDAYS":0.553696346576,"PREMIUM_EXPENSE":null,"LOAN_DEPOSIT":null,"LOAN_EQUITY":null,"LOAN_ASSETS":null,"DEPOSIT_EQUITY":null,"DEPOSIT_ASSETS":null,"EQUITY_MULTIPLIER":3.547831131006,"EQUITY_RATIO":2.623867559573},{"SECUCODE":"02886.HK","SECURITY_CODE":"02886","SECURITY_NAME_ABBR":"滨海投资","ORG_CODE":"10010668","STD_REPORT_DATE":"2020-06-30 00:00:00","REPORT_DATE":"2020-06-30 00:00:00","DATE_TYPE_CODE":"002","REPORT_TYPE":"2020年中报","PER_NETCASH_OPERATE":0.077457541117,"PER_OI":1.426379429589,"BPS":0.674767441776,"BASIC_EPS":0.1118964,"DILUTED_EPS":0.1118964,"OPERATE_INCOME":1675067185.44,"OPERATE_INCOME_YOY":3.1396321329,"GROSS_PROFIT":328347882.72,"GROSS_PROFIT_YOY":52.345716644555,"HOLDER_PROFIT":131434881.6,"HOLDER_PROFIT_YOY":116.6887536895,"GROSS_PROFIT_RATIO":19.6020724168,"EPS_TTM":0.124051331199,"OPERATE_INCOME_QOQ":3.484732529006,"NET_PROFIT_RATIO":8.2442969548,"ROE_AVG":10.732197038633,"GROSS_PROFIT_QOQ":24.007102403577,"ROA":2.348926319965,"HOLDER_PROFIT_QOQ":100.501430438019,"ROE_YEARLY":21.464394077265,"ROIC_YEARLY":5.251178609321,"TOTAL_ASSETS":5616133295.52,"TOTAL_LIABILITIES":4318019048.64,"TAX_EBT":30.120314861636,"OCF_SALES":5.43036021902,"TOTAL_PARENT_EQUITY":1249954949.76,"DEBT_ASSET_RATIO":76.8859786872,"OPERATE_PROFIT":239742375.84,"PRETAX_PROFIT":197621830.56,"NETCASH_OPERATE":90962182.08,"NETCASH_INVEST":-385187600.16,"NETCASH_FINANCE":113323193.28,"END_CASH":448755716.64,"DIVI_RATIO":0.555195331917,"DIVIDEND_RATE":6.608695652174,"CURRENT_RATIO":0.306939415595,"COMMON_ACS":2280000000,"CURRENTDEBT_DEBT":92.591014650091,"ISSUED_COMMON_SHARES":1375917112,"HK_COMMON_SHARES":1375917112,"PER_SHARES":2000,"TOTAL_MARKET_CAP":1582304678.8,"HKSK_MARKET_CAP":1582304678.8,"PE_TTM":6.130587674545,"PB_TTM":0.773666320067,"REPORT_DATE_SQ":"2019-06-30 00:00:00","REPORT_TYPE_SQ":"2019年中报","OPERATE_INCOME_SQ":1564017007.14,"DPS_HKD":0.076,"OPERATE_INCOME_QOQ_SQ":6.883287627936,"NET_PROFIT_RATIO_SQ":3.803644475,"HOLDER_PROFIT_SQ":58412942.64,"HOLDER_PROFIT_QOQ_SQ":-2.198635829204,"ROE_AVG_SQ":4.990999455082,"PE_TTM_SQ":7.569886185119,"PB_TTM_SQ":0.835427638488,"ROA_SQ":1.117249913667,"START_DATE":"2020-01-01 00:00:00","FISCAL_YEAR":"12-31","CURRENCY":"HKD","IS_CNY_CODE":0,"DPS_HKD_LY":0.035,"ORG_TYPE":"一般企业","PREMIUM_INCOME":null,"PREMIUM_INCOME_YOY":null,"NET_INTEREST_INCOME":null,"NET_INTEREST_INCOME_YOY":null,"FEE_COMMISSION_INCOME":null,"FEE_COMMISSION_INCOME_YOY":null,"ACCOUNTS_RECE_TDAYS":5.555230405009,"INVENTORY_TDAYS":13.113211155237,"CURRENT_ASSETS_TDAYS":1.328161824458,"TOTAL_ASSETS_TDAYS":0.299358081484,"PREMIUM_EXPENSE":null,"LOAN_DEPOSIT":null,"LOAN_EQUITY":null,"LOAN_ASSETS":null,"DEPOSIT_EQUITY":null,"DEPOSIT_ASSETS":null,"EQUITY_MULTIPLIER":4.326378289901,"EQUITY_RATIO":3.454539741188}],"count":61},"success":true,"message":"ok","code":0}