{"version":"74d289c104de994c35f1783d3cdc9109","result":{"pages":9,"data":[{"SECUCODE":"02883.HK","SECURITY_CODE":"02883","SECURITY_NAME_ABBR":"中海油田服务","ORG_CODE":"10063618","STD_REPORT_DATE":"2024-09-30 00:00:00","REPORT_DATE":"2024-09-30 00:00:00","DATE_TYPE_CODE":"004","REPORT_TYPE":"2024年三季报","PER_NETCASH_OPERATE":1.072591178164,"PER_OI":7.054553326227,"BPS":9.053695506657,"BASIC_EPS":0.51,"DILUTED_EPS":null,"OPERATE_INCOME":33661450215,"OPERATE_INCOME_YOY":14.0786535035,"GROSS_PROFIT":5804477357,"GROSS_PROFIT_YOY":21.463100606777,"HOLDER_PROFIT":2444741857,"HOLDER_PROFIT_YOY":7.5362156591,"GROSS_PROFIT_RATIO":17.243693661224,"EPS_TTM":0.667404982446,"OPERATE_INCOME_QOQ":1.0452959354,"NET_PROFIT_RATIO":7.8324525746,"ROE_AVG":5.762940246318,"GROSS_PROFIT_QOQ":-5.504763980562,"ROA":2.945754850028,"HOLDER_PROFIT_QOQ":-2.510229343629,"ROE_YEARLY":7.683920328424,"ROIC_YEARLY":3.314992573727,"TOTAL_ASSETS":82738233342,"TOTAL_LIABILITIES":38744224370,"TAX_EBT":27.701823688826,"OCF_SALES":15.204239426141,"TOTAL_PARENT_EQUITY":43200541050,"DEBT_ASSET_RATIO":46.8274735936,"OPERATE_PROFIT":4410919984,"PRETAX_PROFIT":3646727011,"NETCASH_OPERATE":5117967485,"NETCASH_INVEST":1714324090,"NETCASH_FINANCE":-4463455952,"END_CASH":8306717541,"DIVI_RATIO":0.313105226896,"DIVIDEND_RATE":3.542135176651,"CURRENT_RATIO":0.999109991915,"COMMON_ACS":null,"CURRENTDEBT_DEBT":77.459894268107,"ISSUED_COMMON_SHARES":4771592000,"HK_COMMON_SHARES":1811124000,"PER_SHARES":2000,"TOTAL_MARKET_CAP":31063063920,"HKSK_MARKET_CAP":11790417240,"PE_TTM":8.729046239717,"PB_TTM":0.648426147719,"REPORT_DATE_SQ":"2023-09-30 00:00:00","REPORT_TYPE_SQ":"2023年三季报","OPERATE_INCOME_SQ":29507229601,"DPS_HKD":0.230593,"OPERATE_INCOME_QOQ_SQ":4.070619736675,"NET_PROFIT_RATIO_SQ":8.3357064599,"HOLDER_PROFIT_SQ":2273412582,"HOLDER_PROFIT_QOQ_SQ":-1.07713548923,"ROE_AVG_SQ":5.661389530975,"PE_TTM_SQ":11.60402371682,"PB_TTM_SQ":0.735402080407,"ROA_SQ":2.860212516822,"START_DATE":"2024-01-01 00:00:00","FISCAL_YEAR":"12-31","CURRENCY":"HKD","IS_CNY_CODE":0,"DPS_HKD_LY":0.230593,"ORG_TYPE":"一般企业","PREMIUM_INCOME":null,"PREMIUM_INCOME_YOY":null,"NET_INTEREST_INCOME":null,"NET_INTEREST_INCOME_YOY":null,"FEE_COMMISSION_INCOME":null,"FEE_COMMISSION_INCOME_YOY":null,"ACCOUNTS_RECE_TDAYS":2.091106432626,"INVENTORY_TDAYS":11.053123387732,"CURRENT_ASSETS_TDAYS":1.117306732995,"TOTAL_ASSETS_TDAYS":0.405598570442,"PREMIUM_EXPENSE":null,"LOAN_DEPOSIT":null,"LOAN_EQUITY":null,"LOAN_ASSETS":null,"DEPOSIT_EQUITY":null,"DEPOSIT_ASSETS":null,"EQUITY_MULTIPLIER":1.880670465716,"EQUITY_RATIO":0.896845813231},{"SECUCODE":"02883.HK","SECURITY_CODE":"02883","SECURITY_NAME_ABBR":"中海油田服务","ORG_CODE":"10063618","STD_REPORT_DATE":"2024-06-30 00:00:00","REPORT_DATE":"2024-06-30 00:00:00","DATE_TYPE_CODE":"002","REPORT_TYPE":"2024年中报","PER_NETCASH_OPERATE":0.359250120295,"PER_OI":4.721389423069,"BPS":8.862195468514,"BASIC_EPS":0.3337,"DILUTED_EPS":null,"OPERATE_INCOME":22528544000,"OPERATE_INCOME_YOY":19.3654160411,"GROSS_PROFIT":22528544000,"GROSS_PROFIT_YOY":19.365416041057,"HOLDER_PROFIT":1592392000,"HOLDER_PROFIT_YOY":18.918289193,"GROSS_PROFIT_RATIO":null,"EPS_TTM":0.684589755369,"OPERATE_INCOME_QOQ":4.286499146161,"NET_PROFIT_RATIO":7.5888082248,"ROE_AVG":3.794580673445,"GROSS_PROFIT_QOQ":7.075470785169,"ROA":1.906933216011,"HOLDER_PROFIT_QOQ":0.675022791288,"ROE_YEARLY":7.589161346889,"ROIC_YEARLY":4.278294429368,"TOTAL_ASSETS":83764944000,"TOTAL_LIABILITIES":40744216000,"TAX_EBT":29.032067920747,"OCF_SALES":7.608991508728,"TOTAL_PARENT_EQUITY":42286781000,"DEBT_ASSET_RATIO":48.6411308291,"OPERATE_PROFIT":2692022000,"PRETAX_PROFIT":2409043000,"NETCASH_OPERATE":1714195000,"NETCASH_INVEST":3389683000,"NETCASH_FINANCE":-3021794000,"END_CASH":8037453000,"DIVI_RATIO":0.305245567614,"DIVIDEND_RATE":3.431443452381,"CURRENT_RATIO":1.159794211804,"COMMON_ACS":null,"CURRENTDEBT_DEBT":65.680274716784,"ISSUED_COMMON_SHARES":4771592000,"HK_COMMON_SHARES":1811124000,"PER_SHARES":2000,"TOTAL_MARKET_CAP":32065098240,"HKSK_MARKET_CAP":12170753280,"PE_TTM":9.010628376482,"PB_TTM":0.669343120226,"REPORT_DATE_SQ":"2023-06-30 00:00:00","REPORT_TYPE_SQ":"2023年中报","OPERATE_INCOME_SQ":18873594000,"DPS_HKD":0.230593,"OPERATE_INCOME_QOQ_SQ":5.367490970546,"NET_PROFIT_RATIO_SQ":7.7149534953,"HOLDER_PROFIT_SQ":1339064000,"HOLDER_PROFIT_QOQ_SQ":5.431932332591,"ROE_AVG_SQ":3.37628158305,"PE_TTM_SQ":13.360673595349,"PB_TTM_SQ":0.84672932402,"ROA_SQ":1.708190410245,"START_DATE":"2024-01-01 00:00:00","FISCAL_YEAR":"12-31","CURRENCY":"HKD","IS_CNY_CODE":0,"DPS_HKD_LY":0.230593,"ORG_TYPE":"一般企业","PREMIUM_INCOME":null,"PREMIUM_INCOME_YOY":null,"NET_INTEREST_INCOME":null,"NET_INTEREST_INCOME_YOY":null,"FEE_COMMISSION_INCOME":null,"FEE_COMMISSION_INCOME_YOY":null,"ACCOUNTS_RECE_TDAYS":1.36423125093,"INVENTORY_TDAYS":null,"CURRENT_ASSETS_TDAYS":0.734938935611,"TOTAL_ASSETS_TDAYS":0.26978551049,"PREMIUM_EXPENSE":null,"LOAN_DEPOSIT":null,"LOAN_EQUITY":null,"LOAN_ASSETS":null,"DEPOSIT_EQUITY":null,"DEPOSIT_ASSETS":null,"EQUITY_MULTIPLIER":1.947083368741,"EQUITY_RATIO":0.963521342521},{"SECUCODE":"02883.HK","SECURITY_CODE":"02883","SECURITY_NAME_ABBR":"中海油田服务","ORG_CODE":"10063618","STD_REPORT_DATE":"2024-03-31 00:00:00","REPORT_DATE":"2024-03-31 00:00:00","DATE_TYPE_CODE":"003","REPORT_TYPE":"2024年一季报","PER_NETCASH_OPERATE":-0.174983785286,"PER_OI":2.126748474932,"BPS":8.871053070548,"BASIC_EPS":0.1332,"DILUTED_EPS":null,"OPERATE_INCOME":10147976009,"OPERATE_INCOME_YOY":20.0055300377,"GROSS_PROFIT":1664234818,"GROSS_PROFIT_YOY":42.795507195448,"HOLDER_PROFIT":635514312,"HOLDER_PROFIT_YOY":57.2710142418,"GROSS_PROFIT_RATIO":16.399672373329,"EPS_TTM":0.679999603067,"OPERATE_INCOME_QOQ":3.835348245794,"NET_PROFIT_RATIO":6.8057236673,"ROE_AVG":1.513632675499,"GROSS_PROFIT_QOQ":1.130771378091,"ROA":0.767024909596,"HOLDER_PROFIT_QOQ":7.680254940256,"ROE_YEARLY":6.054530701995,"ROIC_YEARLY":3.349680167219,"TOTAL_ASSETS":82463076897,"TOTAL_LIABILITIES":39465403138,"TAX_EBT":26.534241514278,"OCF_SALES":-8.227761173849,"TOTAL_PARENT_EQUITY":42329045863,"DEBT_ASSET_RATIO":47.8582713901,"OPERATE_PROFIT":1162946580,"PRETAX_PROFIT":940088579,"NETCASH_OPERATE":-834951230,"NETCASH_INVEST":-333915883,"NETCASH_FINANCE":-922579343,"END_CASH":3881974138,"DIVI_RATIO":0.307306044764,"DIVIDEND_RATE":3.261570014144,"CURRENT_RATIO":1.327057178055,"COMMON_ACS":null,"CURRENTDEBT_DEBT":55.786083063729,"ISSUED_COMMON_SHARES":4771592000,"HK_COMMON_SHARES":1811124000,"PER_SHARES":2000,"TOTAL_MARKET_CAP":33735155440,"HKSK_MARKET_CAP":12804646680,"PE_TTM":9.479931937757,"PB_TTM":0.704204741071,"REPORT_DATE_SQ":"2023-03-31 00:00:00","REPORT_TYPE_SQ":"2023年一季报","OPERATE_INCOME_SQ":8456256979,"DPS_HKD":0.230593,"OPERATE_INCOME_QOQ_SQ":4.649525907925,"NET_PROFIT_RATIO_SQ":5.3968675873,"HOLDER_PROFIT_SQ":404088646,"HOLDER_PROFIT_QOQ_SQ":4.261338292333,"ROE_AVG_SQ":1.020049033236,"PE_TTM_SQ":13.225546681616,"PB_TTM_SQ":0.838165689896,"ROA_SQ":0.52526347651,"START_DATE":"2024-01-01 00:00:00","FISCAL_YEAR":"12-31","CURRENCY":"HKD","IS_CNY_CODE":0,"DPS_HKD_LY":0.230593,"ORG_TYPE":"一般企业","PREMIUM_INCOME":null,"PREMIUM_INCOME_YOY":null,"NET_INTEREST_INCOME":null,"NET_INTEREST_INCOME_YOY":null,"FEE_COMMISSION_INCOME":null,"FEE_COMMISSION_INCOME_YOY":null,"ACCOUNTS_RECE_TDAYS":0.654239270939,"INVENTORY_TDAYS":3.651348827067,"CURRENT_ASSETS_TDAYS":0.341183774887,"TOTAL_ASSETS_TDAYS":0.122479545054,"PREMIUM_EXPENSE":null,"LOAN_DEPOSIT":null,"LOAN_EQUITY":null,"LOAN_ASSETS":null,"DEPOSIT_EQUITY":null,"DEPOSIT_ASSETS":null,"EQUITY_MULTIPLIER":1.917849727387,"EQUITY_RATIO":0.932348044549},{"SECUCODE":"02883.HK","SECURITY_CODE":"02883","SECURITY_NAME_ABBR":"中海油田服务","ORG_CODE":"10063618","STD_REPORT_DATE":"2023-12-31 00:00:00","REPORT_DATE":"2023-12-31 00:00:00","DATE_TYPE_CODE":"001","REPORT_TYPE":"2023年年报","PER_NETCASH_OPERATE":2.743685126474,"PER_OI":9.244004097584,"BPS":8.727279909934,"BASIC_EPS":0.6315,"DILUTED_EPS":0.6315,"OPERATE_INCOME":44108616000,"OPERATE_INCOME_YOY":23.6959663586,"GROSS_PROFIT":44108616000,"GROSS_PROFIT_YOY":23.695966358577,"HOLDER_PROFIT":3013255000,"HOLDER_PROFIT_YOY":27.7508302253,"GROSS_PROFIT_RATIO":null,"EPS_TTM":0.6314988792,"OPERATE_INCOME_QOQ":7.791246255217,"NET_PROFIT_RATIO":7.4421469039,"ROE_AVG":7.435345604012,"GROSS_PROFIT_QOQ":18.748366677835,"ROA":3.756475007742,"HOLDER_PROFIT_QOQ":17.7852838766,"ROE_YEARLY":7.435345604012,"ROIC_YEARLY":4.101457524848,"TOTAL_ASSETS":83245834646,"TOTAL_LIABILITIES":40989728253,"TAX_EBT":22.631861278739,"OCF_SALES":29.680700024685,"TOTAL_PARENT_EQUITY":41643019789,"DEBT_ASSET_RATIO":49.2393745494,"OPERATE_PROFIT":4855237000,"PRETAX_PROFIT":4242868000,"NETCASH_OPERATE":13091746000,"NETCASH_INVEST":-7457201000,"NETCASH_FINANCE":-3283833000,"END_CASH":5977506000,"DIVI_RATIO":0.330907932449,"DIVIDEND_RATE":3.431443452381,"CURRENT_RATIO":1.295552435264,"COMMON_ACS":null,"CURRENTDEBT_DEBT":57.001181044156,"ISSUED_COMMON_SHARES":4771592000,"HK_COMMON_SHARES":1811124000,"PER_SHARES":2000,"TOTAL_MARKET_CAP":32065098240,"HKSK_MARKET_CAP":12170753280,"PE_TTM":9.010628376482,"PB_TTM":0.669343120226,"REPORT_DATE_SQ":"2022-12-31 00:00:00","REPORT_TYPE_SQ":"2022年年报","OPERATE_INCOME_SQ":35658896000,"DPS_HKD":0.230593,"OPERATE_INCOME_QOQ_SQ":6.232954802642,"NET_PROFIT_RATIO_SQ":6.9915765199,"HOLDER_PROFIT_SQ":2358697000,"HOLDER_PROFIT_QOQ_SQ":154.663303321027,"ROE_AVG_SQ":6.081954382156,"PE_TTM_SQ":13.360673595349,"PB_TTM_SQ":0.84672932402,"ROA_SQ":3.126499252823,"START_DATE":"2023-01-01 00:00:00","FISCAL_YEAR":"12-31","CURRENCY":"HKD","IS_CNY_CODE":0,"DPS_HKD_LY":0.178623,"ORG_TYPE":"一般企业","PREMIUM_INCOME":null,"PREMIUM_INCOME_YOY":null,"NET_INTEREST_INCOME":null,"NET_INTEREST_INCOME_YOY":null,"FEE_COMMISSION_INCOME":null,"FEE_COMMISSION_INCOME_YOY":null,"ACCOUNTS_RECE_TDAYS":3.064055714245,"INVENTORY_TDAYS":null,"CURRENT_ASSETS_TDAYS":1.5110919203,"TOTAL_ASSETS_TDAYS":0.549880158268,"PREMIUM_EXPENSE":null,"LOAN_DEPOSIT":null,"LOAN_EQUITY":null,"LOAN_ASSETS":null,"DEPOSIT_EQUITY":null,"DEPOSIT_ASSETS":null,"EQUITY_MULTIPLIER":1.970030887372,"EQUITY_RATIO":0.984312099859},{"SECUCODE":"02883.HK","SECURITY_CODE":"02883","SECURITY_NAME_ABBR":"中海油田服务","ORG_CODE":"10063618","STD_REPORT_DATE":"2023-09-30 00:00:00","REPORT_DATE":"2023-09-30 00:00:00","DATE_TYPE_CODE":"004","REPORT_TYPE":"2023年三季报","PER_NETCASH_OPERATE":0.892937855542,"PER_OI":6.18393810724,"BPS":8.572341944575,"BASIC_EPS":0.48,"DILUTED_EPS":null,"OPERATE_INCOME":29507229601,"OPERATE_INCOME_YOY":21.7007807485,"GROSS_PROFIT":4778798934,"GROSS_PROFIT_YOY":45.116113675479,"HOLDER_PROFIT":2273412582,"HOLDER_PROFIT_YOY":9.9447889768,"GROSS_PROFIT_RATIO":16.195349406296,"EPS_TTM":0.536144124644,"OPERATE_INCOME_QOQ":4.070619736675,"NET_PROFIT_RATIO":8.3357064599,"ROE_AVG":5.661389530975,"GROSS_PROFIT_QOQ":-5.532159188318,"ROA":2.860212516822,"HOLDER_PROFIT_QOQ":-1.07713548923,"ROE_YEARLY":7.548519374633,"ROIC_YEARLY":3.138556389331,"TOTAL_ASSETS":81783998464,"TOTAL_LIABILITIES":40120235530,"TAX_EBT":21.890264929448,"OCF_SALES":14.439631187387,"TOTAL_PARENT_EQUITY":40903718244,"DEBT_ASSET_RATIO":49.0563389948,"OPERATE_PROFIT":3634510715,"PRETAX_PROFIT":3148949413,"NETCASH_OPERATE":4260735128,"NETCASH_INVEST":2045337822,"NETCASH_FINANCE":-1902586985,"END_CASH":8097898788,"DIVI_RATIO":0.389760847605,"DIVIDEND_RATE":3.431443452381,"CURRENT_RATIO":1.488334569092,"COMMON_ACS":null,"CURRENTDEBT_DEBT":56.552293061775,"ISSUED_COMMON_SHARES":4771592000,"HK_COMMON_SHARES":1811124000,"PER_SHARES":2000,"TOTAL_MARKET_CAP":32065098240,"HKSK_MARKET_CAP":12170753280,"PE_TTM":9.010628376482,"PB_TTM":0.669343120226,"REPORT_DATE_SQ":"2022-09-30 00:00:00","REPORT_TYPE_SQ":"2022年三季报","OPERATE_INCOME_SQ":24245719230,"DPS_HKD":0.230593,"OPERATE_INCOME_QOQ_SQ":5.954759632652,"NET_PROFIT_RATIO_SQ":8.7159574313,"HOLDER_PROFIT_SQ":2067776566,"HOLDER_PROFIT_QOQ_SQ":50.396468730413,"ROE_AVG_SQ":5.350324309233,"PE_TTM_SQ":13.360673595349,"PB_TTM_SQ":0.84672932402,"ROA_SQ":2.776111284333,"START_DATE":"2023-01-01 00:00:00","FISCAL_YEAR":"12-31","CURRENCY":"HKD","IS_CNY_CODE":0,"DPS_HKD_LY":0.178623,"ORG_TYPE":"一般企业","PREMIUM_INCOME":null,"PREMIUM_INCOME_YOY":null,"NET_INTEREST_INCOME":null,"NET_INTEREST_INCOME_YOY":null,"FEE_COMMISSION_INCOME":null,"FEE_COMMISSION_INCOME_YOY":null,"ACCOUNTS_RECE_TDAYS":1.810478093012,"INVENTORY_TDAYS":9.393760831524,"CURRENT_ASSETS_TDAYS":0.953716880863,"TOTAL_ASSETS_TDAYS":0.371234628108,"PREMIUM_EXPENSE":null,"LOAN_DEPOSIT":null,"LOAN_EQUITY":null,"LOAN_ASSETS":null,"DEPOSIT_EQUITY":null,"DEPOSIT_ASSETS":null,"EQUITY_MULTIPLIER":1.962952760497,"EQUITY_RATIO":0.980845684753},{"SECUCODE":"02883.HK","SECURITY_CODE":"02883","SECURITY_NAME_ABBR":"中海油田服务","ORG_CODE":"10063618","STD_REPORT_DATE":"2023-06-30 00:00:00","REPORT_DATE":"2023-06-30 00:00:00","DATE_TYPE_CODE":"002","REPORT_TYPE":"2023年中报","PER_NETCASH_OPERATE":0.241740492481,"PER_OI":3.955408174043,"BPS":8.364641193128,"BASIC_EPS":0.2806,"DILUTED_EPS":null,"OPERATE_INCOME":18873594000,"OPERATE_INCOME_YOY":24.0651707839,"GROSS_PROFIT":18873594000,"GROSS_PROFIT_YOY":24.06517078391,"HOLDER_PROFIT":1339064000,"HOLDER_PROFIT_YOY":21.1195652567,"GROSS_PROFIT_RATIO":null,"EPS_TTM":0.541982005167,"OPERATE_INCOME_QOQ":5.367490970546,"NET_PROFIT_RATIO":7.7149534953,"ROE_AVG":3.37628158305,"GROSS_PROFIT_QOQ":8.947272599691,"ROA":1.708190410245,"HOLDER_PROFIT_QOQ":5.431932332591,"ROE_YEARLY":6.7525631661,"ROIC_YEARLY":3.723100917077,"TOTAL_ASSETS":79597495000,"TOTAL_LIABILITIES":38992496000,"TAX_EBT":21.820808783024,"OCF_SALES":6.111644660789,"TOTAL_PARENT_EQUITY":39912655000,"DEBT_ASSET_RATIO":48.987089355,"OPERATE_PROFIT":1971349000,"PRETAX_PROFIT":1862502000,"NETCASH_OPERATE":1153487000,"NETCASH_INVEST":2025684000,"NETCASH_FINANCE":-1534758000,"END_CASH":5351324000,"DIVI_RATIO":0.385562595193,"DIVIDEND_RATE":3.431443452381,"CURRENT_RATIO":1.427578856788,"COMMON_ACS":null,"CURRENTDEBT_DEBT":56.977345076858,"ISSUED_COMMON_SHARES":4771592000,"HK_COMMON_SHARES":1811124000,"PER_SHARES":2000,"TOTAL_MARKET_CAP":32065098240,"HKSK_MARKET_CAP":12170753280,"PE_TTM":9.010628376482,"PB_TTM":0.669343120226,"REPORT_DATE_SQ":"2022-06-30 00:00:00","REPORT_TYPE_SQ":"2022年中报","OPERATE_INCOME_SQ":15212645000,"DPS_HKD":0.230593,"OPERATE_INCOME_QOQ_SQ":5.254291827461,"NET_PROFIT_RATIO_SQ":7.2859716374,"HOLDER_PROFIT_SQ":1105572000,"HOLDER_PROFIT_QOQ_SQ":40.952763349031,"ROE_AVG_SQ":2.889253384437,"PE_TTM_SQ":13.360673595349,"PB_TTM_SQ":0.84672932402,"ROA_SQ":1.499537994169,"START_DATE":"2023-01-01 00:00:00","FISCAL_YEAR":"12-31","CURRENCY":"HKD","IS_CNY_CODE":0,"DPS_HKD_LY":0.178623,"ORG_TYPE":"一般企业","PREMIUM_INCOME":null,"PREMIUM_INCOME_YOY":null,"NET_INTEREST_INCOME":null,"NET_INTEREST_INCOME_YOY":null,"FEE_COMMISSION_INCOME":null,"FEE_COMMISSION_INCOME_YOY":null,"ACCOUNTS_RECE_TDAYS":1.190533672267,"INVENTORY_TDAYS":null,"CURRENT_ASSETS_TDAYS":0.630949015839,"TOTAL_ASSETS_TDAYS":0.240762893168,"PREMIUM_EXPENSE":null,"LOAN_DEPOSIT":null,"LOAN_EQUITY":null,"LOAN_ASSETS":null,"DEPOSIT_EQUITY":null,"DEPOSIT_ASSETS":null,"EQUITY_MULTIPLIER":1.960288066994,"EQUITY_RATIO":0.976945683017},{"SECUCODE":"02883.HK","SECURITY_CODE":"02883","SECURITY_NAME_ABBR":"中海油田服务","ORG_CODE":"10063618","STD_REPORT_DATE":"2023-03-31 00:00:00","REPORT_DATE":"2023-03-31 00:00:00","DATE_TYPE_CODE":"003","REPORT_TYPE":"2023年一季报","PER_NETCASH_OPERATE":-0.020164569393,"PER_OI":1.772208725935,"BPS":8.34524287701,"BASIC_EPS":0.0847,"DILUTED_EPS":null,"OPERATE_INCOME":8456256979,"OPERATE_INCOME_YOY":24.3880483057,"GROSS_PROFIT":1165467213,"GROSS_PROFIT_YOY":58.858211050699,"HOLDER_PROFIT":404088646,"HOLDER_PROFIT_YOY":32.9959350087,"GROSS_PROFIT_RATIO":13.782306000093,"EPS_TTM":0.514058685235,"OPERATE_INCOME_QOQ":4.649525907925,"NET_PROFIT_RATIO":5.3968675873,"ROE_AVG":1.020049033236,"GROSS_PROFIT_QOQ":1.210959329756,"ROA":0.52526347651,"HOLDER_PROFIT_QOQ":4.261338292333,"ROE_YEARLY":4.080196132946,"ROIC_YEARLY":2.231823463171,"TOTAL_ASSETS":76677224967,"TOTAL_LIABILITIES":36240898913,"TAX_EBT":28.258417882637,"OCF_SALES":-1.137821358066,"TOTAL_PARENT_EQUITY":39820094150,"DEBT_ASSET_RATIO":47.2642286267,"OPERATE_PROFIT":837851821,"PRETAX_PROFIT":636134552,"NETCASH_OPERATE":-96217098,"NETCASH_INVEST":-15050075,"NETCASH_FINANCE":-288821134,"END_CASH":3162511233,"DIVI_RATIO":0.406506094463,"DIVIDEND_RATE":3.261570014144,"CURRENT_RATIO":1.464633173043,"COMMON_ACS":null,"CURRENTDEBT_DEBT":56.624283476696,"ISSUED_COMMON_SHARES":4771592000,"HK_COMMON_SHARES":1811124000,"PER_SHARES":2000,"TOTAL_MARKET_CAP":33735155440,"HKSK_MARKET_CAP":12804646680,"PE_TTM":9.479931937757,"PB_TTM":0.704204741071,"REPORT_DATE_SQ":"2022-03-31 00:00:00","REPORT_TYPE_SQ":"2022年一季报","OPERATE_INCOME_SQ":6798287371,"DPS_HKD":0.230593,"OPERATE_INCOME_QOQ_SQ":3.06728823975,"NET_PROFIT_RATIO_SQ":4.5032558833,"HOLDER_PROFIT_SQ":303835336,"HOLDER_PROFIT_QOQ_SQ":39.151096508034,"ROE_AVG_SQ":0.795561418508,"PE_TTM_SQ":13.225546681616,"PB_TTM_SQ":0.838165689896,"ROA_SQ":0.41400619911,"START_DATE":"2023-01-01 00:00:00","FISCAL_YEAR":"12-31","CURRENCY":"HKD","IS_CNY_CODE":0,"DPS_HKD_LY":0.178623,"ORG_TYPE":"一般企业","PREMIUM_INCOME":null,"PREMIUM_INCOME_YOY":null,"NET_INTEREST_INCOME":null,"NET_INTEREST_INCOME_YOY":null,"FEE_COMMISSION_INCOME":null,"FEE_COMMISSION_INCOME_YOY":null,"ACCOUNTS_RECE_TDAYS":0.569058985792,"INVENTORY_TDAYS":2.719367922135,"CURRENT_ASSETS_TDAYS":0.29076465409,"TOTAL_ASSETS_TDAYS":0.109920508359,"PREMIUM_EXPENSE":null,"LOAN_DEPOSIT":null,"LOAN_EQUITY":null,"LOAN_ASSETS":null,"DEPOSIT_EQUITY":null,"DEPOSIT_ASSETS":null,"EQUITY_MULTIPLIER":1.896246084885,"EQUITY_RATIO":0.910115851974},{"SECUCODE":"02883.HK","SECURITY_CODE":"02883","SECURITY_NAME_ABBR":"中海油田服务","ORG_CODE":"10063618","STD_REPORT_DATE":"2022-12-31 00:00:00","REPORT_DATE":"2022-12-31 00:00:00","DATE_TYPE_CODE":"001","REPORT_TYPE":"2022年年报","PER_NETCASH_OPERATE":1.445824789714,"PER_OI":7.473165350265,"BPS":8.242800516054,"BASIC_EPS":0.4943,"DILUTED_EPS":0.4943,"OPERATE_INCOME":35658896000,"OPERATE_INCOME_YOY":22.1069532509,"GROSS_PROFIT":35658896000,"GROSS_PROFIT_YOY":22.106953250902,"HOLDER_PROFIT":2358697000,"HOLDER_PROFIT_YOY":651.2149717731,"GROSS_PROFIT_RATIO":null,"EPS_TTM":0.49304823212,"OPERATE_INCOME_QOQ":6.232954802642,"NET_PROFIT_RATIO":6.9915765199,"ROE_AVG":6.081954382156,"GROSS_PROFIT_QOQ":22.178029937367,"ROA":3.126499252823,"HOLDER_PROFIT_QOQ":154.663303321027,"ROE_YEARLY":6.081954382156,"ROIC_YEARLY":3.348136123698,"TOTAL_ASSETS":77160739000,"TOTAL_LIABILITIES":37184772000,"TAX_EBT":16.175696692816,"OCF_SALES":19.346886117843,"TOTAL_PARENT_EQUITY":39409165000,"DEBT_ASSET_RATIO":48.3078909138,"OPERATE_PROFIT":2723383000,"PRETAX_PROFIT":2981479000,"NETCASH_OPERATE":6898886000,"NETCASH_INVEST":-3732638000,"NETCASH_FINANCE":-4867947000,"END_CASH":3561740000,"DIVI_RATIO":0.423828694327,"DIVIDEND_RATE":3.431443452381,"CURRENT_RATIO":1.320205743959,"COMMON_ACS":null,"CURRENTDEBT_DEBT":57.259732559339,"ISSUED_COMMON_SHARES":4771592000,"HK_COMMON_SHARES":1811124000,"PER_SHARES":2000,"TOTAL_MARKET_CAP":32065098240,"HKSK_MARKET_CAP":12170753280,"PE_TTM":9.010628376482,"PB_TTM":0.669343120226,"REPORT_DATE_SQ":"2021-12-31 00:00:00","REPORT_TYPE_SQ":"2021年年报","OPERATE_INCOME_SQ":29203002000,"DPS_HKD":0.230593,"OPERATE_INCOME_QOQ_SQ":6.613639144898,"NET_PROFIT_RATIO_SQ":1.1027975822,"HOLDER_PROFIT_SQ":313176000,"HOLDER_PROFIT_QOQ_SQ":-84.350091870901,"ROE_AVG_SQ":0.818303379467,"PE_TTM_SQ":13.360673595349,"PB_TTM_SQ":0.84672932402,"ROA_SQ":0.419655039634,"START_DATE":"2022-01-01 00:00:00","FISCAL_YEAR":"12-31","CURRENCY":"HKD","IS_CNY_CODE":0,"DPS_HKD_LY":0.152591,"ORG_TYPE":"一般企业","PREMIUM_INCOME":null,"PREMIUM_INCOME_YOY":null,"NET_INTEREST_INCOME":null,"NET_INTEREST_INCOME_YOY":null,"FEE_COMMISSION_INCOME":null,"FEE_COMMISSION_INCOME_YOY":null,"ACCOUNTS_RECE_TDAYS":2.882822647237,"INVENTORY_TDAYS":null,"CURRENT_ASSETS_TDAYS":1.335754447618,"TOTAL_ASSETS_TDAYS":0.473885603105,"PREMIUM_EXPENSE":null,"LOAN_DEPOSIT":null,"LOAN_EQUITY":null,"LOAN_ASSETS":null,"DEPOSIT_EQUITY":null,"DEPOSIT_ASSETS":null,"EQUITY_MULTIPLIER":1.934531242152,"EQUITY_RATIO":0.943556454444},{"SECUCODE":"02883.HK","SECURITY_CODE":"02883","SECURITY_NAME_ABBR":"中海油田服务","ORG_CODE":"10063618","STD_REPORT_DATE":"2022-09-30 00:00:00","REPORT_DATE":"2022-09-30 00:00:00","DATE_TYPE_CODE":"004","REPORT_TYPE":"2022年三季报","PER_NETCASH_OPERATE":-0.09866757447,"PER_OI":5.081264121073,"BPS":8.192641341297,"BASIC_EPS":0.43,"DILUTED_EPS":null,"OPERATE_INCOME":24245719230,"OPERATE_INCOME_YOY":21.9479525064,"GROSS_PROFIT":3293086352,"GROSS_PROFIT_YOY":-0.513243792084,"HOLDER_PROFIT":2067776566,"HOLDER_PROFIT_YOY":42.0386933304,"GROSS_PROFIT_RATIO":13.58213514213,"EPS_TTM":0.1936078837,"OPERATE_INCOME_QOQ":5.954759632652,"NET_PROFIT_RATIO":8.7159574313,"ROE_AVG":5.350324309233,"GROSS_PROFIT_QOQ":-7.873066893037,"ROA":2.776111284333,"HOLDER_PROFIT_QOQ":50.396468730413,"ROE_YEARLY":7.133765745644,"ROIC_YEARLY":2.979146786301,"TOTAL_ASSETS":75328784018,"TOTAL_LIABILITIES":35659580702,"TAX_EBT":19.778456161446,"OCF_SALES":-1.941791887194,"TOTAL_PARENT_EQUITY":39091941883,"DEBT_ASSET_RATIO":47.3385853321,"OPERATE_PROFIT":2575350827,"PRETAX_PROFIT":2639952182,"NETCASH_OPERATE":-470801409,"NETCASH_INVEST":4120647423,"NETCASH_FINANCE":-4681844208,"END_CASH":4164656039,"DIVI_RATIO":1.079336153396,"DIVIDEND_RATE":3.431443452381,"CURRENT_RATIO":1.356419648723,"COMMON_ACS":null,"CURRENTDEBT_DEBT":54.804759512789,"ISSUED_COMMON_SHARES":4771592000,"HK_COMMON_SHARES":1811124000,"PER_SHARES":2000,"TOTAL_MARKET_CAP":32065098240,"HKSK_MARKET_CAP":12170753280,"PE_TTM":9.010628376482,"PB_TTM":0.669343120226,"REPORT_DATE_SQ":"2021-09-30 00:00:00","REPORT_TYPE_SQ":"2021年三季报","OPERATE_INCOME_SQ":19882022397,"DPS_HKD":0.230593,"OPERATE_INCOME_QOQ_SQ":0.765767151422,"NET_PROFIT_RATIO_SQ":7.3575722318,"HOLDER_PROFIT_SQ":1452570907,"HOLDER_PROFIT_QOQ_SQ":11.767540918598,"ROE_AVG_SQ":3.74055134557,"PE_TTM_SQ":13.360673595349,"PB_TTM_SQ":0.84672932402,"ROA_SQ":1.904723919381,"START_DATE":"2022-01-01 00:00:00","FISCAL_YEAR":"12-31","CURRENCY":"HKD","IS_CNY_CODE":0,"DPS_HKD_LY":0.152591,"ORG_TYPE":"一般企业","PREMIUM_INCOME":null,"PREMIUM_INCOME_YOY":null,"NET_INTEREST_INCOME":null,"NET_INTEREST_INCOME_YOY":null,"FEE_COMMISSION_INCOME":null,"FEE_COMMISSION_INCOME_YOY":null,"ACCOUNTS_RECE_TDAYS":1.724966228313,"INVENTORY_TDAYS":7.562031339651,"CURRENT_ASSETS_TDAYS":0.936301440141,"TOTAL_ASSETS_TDAYS":0.326233032478,"PREMIUM_EXPENSE":null,"LOAN_DEPOSIT":null,"LOAN_EQUITY":null,"LOAN_ASSETS":null,"DEPOSIT_EQUITY":null,"DEPOSIT_ASSETS":null,"EQUITY_MULTIPLIER":1.898923540711,"EQUITY_RATIO":0.912197731408}],"count":79},"success":true,"message":"ok","code":0}