{"version":"6627092b045ad0430a5f20c41fd4d8d4","result":{"pages":2,"data":[{"SECUCODE":"02885.HK","SECURITY_CODE":"02885","SECURITY_NAME_ABBR":"彼岸控股","ORG_CODE":"10968722","STD_REPORT_DATE":"2024-06-30 00:00:00","REPORT_DATE":"2024-06-30 00:00:00","DATE_TYPE_CODE":"002","REPORT_TYPE":"2024年中报","PER_NETCASH_OPERATE":-0.0371027237,"PER_OI":0.3159538441,"BPS":0.7616793757,"BASIC_EPS":0.006571296,"DILUTED_EPS":0.006571296,"OPERATE_INCOME":126381537.64,"OPERATE_INCOME_YOY":18.9589704821,"GROSS_PROFIT":43594160.2,"GROSS_PROFIT_YOY":19.371863368224,"HOLDER_PROFIT":2612090.16,"HOLDER_PROFIT_YOY":9.320091673,"GROSS_PROFIT_RATIO":34.494089100402,"EPS_TTM":-0.00689662335,"OPERATE_INCOME_QOQ":7.965449428318,"NET_PROFIT_RATIO":2.0718840496,"ROE_AVG":0.84655396042,"GROSS_PROFIT_QOQ":9.587050075502,"ROA":0.686806923743,"HOLDER_PROFIT_QOQ":6.707703675987,"ROE_YEARLY":1.69310792084,"ROIC_YEARLY":3.111740514329,"TOTAL_ASSETS":387531229.44,"TOTAL_LIABILITIES":82932493.56,"TAX_EBT":25.538541396315,"OCF_SALES":-11.7430834892,"TOTAL_PARENT_EQUITY":304671750.28,"DEBT_ASSET_RATIO":21.4002091341,"OPERATE_PROFIT":3790360.04,"PRETAX_PROFIT":3516556.04,"NETCASH_OPERATE":-14841089.48,"NETCASH_INVEST":35476784.28,"NETCASH_FINANCE":-3101286.64,"END_CASH":188696590,"DIVI_RATIO":-1.773907226643,"DIVIDEND_RATE":2.755102040816,"CURRENT_RATIO":4.653271369764,"COMMON_ACS":1000000000,"CURRENTDEBT_DEBT":93.302298964421,"ISSUED_COMMON_SHARES":400000000,"HK_COMMON_SHARES":400000000,"PER_SHARES":2000,"TOTAL_MARKET_CAP":196000000,"HKSK_MARKET_CAP":196000000,"PE_TTM":-64.922159655515,"PB_TTM":0.587141012698,"REPORT_DATE_SQ":"2023-06-30 00:00:00","REPORT_TYPE_SQ":"2023年中报","OPERATE_INCOME_SQ":107322159.92,"DPS_HKD":0.0135,"OPERATE_INCOME_QOQ_SQ":2.376978596609,"NET_PROFIT_RATIO_SQ":2.1476925192,"HOLDER_PROFIT_SQ":2413743.64,"HOLDER_PROFIT_QOQ_SQ":2.920496097816,"ROE_AVG_SQ":0.747975423665,"PE_TTM_SQ":-58.752271350697,"PB_TTM_SQ":0.557811080313,"ROA_SQ":0.632513055548,"START_DATE":"2024-01-01 00:00:00","FISCAL_YEAR":"12-31","CURRENCY":"HKD","IS_CNY_CODE":0,"DPS_HKD_LY":0.0135,"ORG_TYPE":"一般企业","PREMIUM_INCOME":null,"PREMIUM_INCOME_YOY":null,"NET_INTEREST_INCOME":null,"NET_INTEREST_INCOME_YOY":null,"FEE_COMMISSION_INCOME":null,"FEE_COMMISSION_INCOME_YOY":null,"ACCOUNTS_RECE_TDAYS":2.720250665462,"INVENTORY_TDAYS":1.071571598178,"CURRENT_ASSETS_TDAYS":0.354820607694,"TOTAL_ASSETS_TDAYS":0.332299843297,"PREMIUM_EXPENSE":null,"LOAN_DEPOSIT":null,"LOAN_EQUITY":null,"LOAN_ASSETS":null,"DEPOSIT_EQUITY":null,"DEPOSIT_ASSETS":null,"EQUITY_MULTIPLIER":1.272268016217,"EQUITY_RATIO":0.272202767351},{"SECUCODE":"02885.HK","SECURITY_CODE":"02885","SECURITY_NAME_ABBR":"彼岸控股","ORG_CODE":"10968722","STD_REPORT_DATE":"2023-12-31 00:00:00","REPORT_DATE":"2023-12-31 00:00:00","DATE_TYPE_CODE":"001","REPORT_TYPE":"2023年年报","PER_NETCASH_OPERATE":0.03335116155,"PER_OI":0.59818902535,"BPS":0.7755702626,"BASIC_EPS":-0.007431004,"DILUTED_EPS":-0.007431004,"OPERATE_INCOME":239275610.14,"OPERATE_INCOME_YOY":7.5016692995,"GROSS_PROFIT":73792588.38,"GROSS_PROFIT_YOY":13.585365332449,"HOLDER_PROFIT":-2956995.86,"HOLDER_PROFIT_YOY":-1.052957572,"GROSS_PROFIT_RATIO":30.839995909664,"EPS_TTM":-0.00739248965,"OPERATE_INCOME_QOQ":6.528004990251,"NET_PROFIT_RATIO":-1.3619303355,"ROE_AVG":-0.939578183242,"GROSS_PROFIT_QOQ":7.662088795124,"ROA":-0.787600184892,"HOLDER_PROFIT_QOQ":-6.72583393489,"ROE_YEARLY":-0.939578183242,"ROIC_YEARLY":-1.916621389448,"TOTAL_ASSETS":370475423.08,"TOTAL_LIABILITIES":60326159.18,"TAX_EBT":17.636280348145,"OCF_SALES":5.57535496919,"TOTAL_PARENT_EQUITY":310228105.04,"DEBT_ASSET_RATIO":16.2834443047,"OPERATE_PROFIT":-3434573.8,"PRETAX_PROFIT":-3956556.52,"NETCASH_OPERATE":13340464.62,"NETCASH_INVEST":-15036908.46,"NETCASH_FINANCE":-11438308.84,"END_CASH":171041775.24,"DIVI_RATIO":-1.654918786393,"DIVIDEND_RATE":3.068181818182,"CURRENT_RATIO":5.898221434465,"COMMON_ACS":1000000000,"CURRENTDEBT_DEBT":98.31302858688,"ISSUED_COMMON_SHARES":400000000,"HK_COMMON_SHARES":400000000,"PER_SHARES":2000,"TOTAL_MARKET_CAP":176000000,"HKSK_MARKET_CAP":176000000,"PE_TTM":-58.297449486585,"PB_TTM":0.527228664464,"REPORT_DATE_SQ":"2022-12-31 00:00:00","REPORT_TYPE_SQ":"2022年年报","OPERATE_INCOME_SQ":219397831.24,"DPS_HKD":0.0135,"OPERATE_INCOME_QOQ_SQ":-4.333701093759,"NET_PROFIT_RATIO_SQ":-1.4689836001,"HOLDER_PROFIT_SQ":-2884368.83,"HOLDER_PROFIT_QOQ_SQ":-129.573630606414,"ROE_AVG_SQ":-0.891569021953,"PE_TTM_SQ":-59.963658388855,"PB_TTM_SQ":0.569312339701,"ROA_SQ":-0.749766797886,"START_DATE":"2023-01-01 00:00:00","FISCAL_YEAR":"12-31","CURRENCY":"HKD","IS_CNY_CODE":0,"DPS_HKD_LY":0.0135,"ORG_TYPE":"一般企业","PREMIUM_INCOME":null,"PREMIUM_INCOME_YOY":null,"NET_INTEREST_INCOME":null,"NET_INTEREST_INCOME_YOY":null,"FEE_COMMISSION_INCOME":null,"FEE_COMMISSION_INCOME_YOY":null,"ACCOUNTS_RECE_TDAYS":3.976371015715,"INVENTORY_TDAYS":2.941471154388,"CURRENT_ASSETS_TDAYS":0.676469834698,"TOTAL_ASSETS_TDAYS":0.637314097512,"PREMIUM_EXPENSE":null,"LOAN_DEPOSIT":null,"LOAN_EQUITY":null,"LOAN_ASSETS":null,"DEPOSIT_EQUITY":null,"DEPOSIT_ASSETS":null,"EQUITY_MULTIPLIER":1.194506859121,"EQUITY_RATIO":0.194457427293},{"SECUCODE":"02885.HK","SECURITY_CODE":"02885","SECURITY_NAME_ABBR":"彼岸控股","ORG_CODE":"10968722","STD_REPORT_DATE":"2023-06-30 00:00:00","REPORT_DATE":"2023-06-30 00:00:00","DATE_TYPE_CODE":"002","REPORT_TYPE":"2023年中报","PER_NETCASH_OPERATE":-0.00865047735,"PER_OI":0.2683053998,"BPS":0.8016339506,"BASIC_EPS":0.00599287,"DILUTED_EPS":0.00599287,"OPERATE_INCOME":107322159.92,"OPERATE_INCOME_YOY":-2.5067631515,"GROSS_PROFIT":36519627.8,"GROSS_PROFIT_YOY":10.849146761685,"HOLDER_PROFIT":2413743.64,"HOLDER_PROFIT_YOY":-3.9266055046,"GROSS_PROFIT_RATIO":34.02804027353,"EPS_TTM":-0.0069266169,"OPERATE_INCOME_QOQ":2.376978596609,"NET_PROFIT_RATIO":2.1476925192,"ROE_AVG":0.747975423665,"GROSS_PROFIT_QOQ":5.501729163547,"ROA":0.632513055548,"HOLDER_PROFIT_QOQ":2.920496097816,"ROE_YEARLY":1.495950847329,"ROIC_YEARLY":2.984266486562,"TOTAL_ASSETS":376195499.4,"TOTAL_LIABILITIES":55423905.72,"TAX_EBT":20.102269095558,"OCF_SALES":-3.224116009759,"TOTAL_PARENT_EQUITY":320653580.24,"DEBT_ASSET_RATIO":14.7327402397,"OPERATE_PROFIT":3170689.22,"PRETAX_PROFIT":2884875.42,"NETCASH_OPERATE":-3460190.94,"NETCASH_INVEST":-9976745.58,"NETCASH_FINANCE":-3388276.5,"END_CASH":168658723.38,"DIVI_RATIO":-1.766225875723,"DIVIDEND_RATE":3.068181818182,"CURRENT_RATIO":6.648351839001,"COMMON_ACS":1000000000,"CURRENTDEBT_DEBT":95.884486142995,"ISSUED_COMMON_SHARES":400000000,"HK_COMMON_SHARES":400000000,"PER_SHARES":2000,"TOTAL_MARKET_CAP":176000000,"HKSK_MARKET_CAP":176000000,"PE_TTM":-58.297449486585,"PB_TTM":0.527228664464,"REPORT_DATE_SQ":"2022-06-30 00:00:00","REPORT_TYPE_SQ":"2022年中报","OPERATE_INCOME_SQ":102107120.43,"DPS_HKD":0.0135,"OPERATE_INCOME_QOQ_SQ":0.404031802999,"NET_PROFIT_RATIO_SQ":2.118143672,"HOLDER_PROFIT_SQ":2330392.75,"HOLDER_PROFIT_QOQ_SQ":-30.494487832287,"ROE_AVG_SQ":0.761086287744,"PE_TTM_SQ":-59.963658388855,"PB_TTM_SQ":0.569312339701,"ROA_SQ":0.645184700508,"START_DATE":"2023-01-01 00:00:00","FISCAL_YEAR":"12-31","CURRENCY":"HKD","IS_CNY_CODE":0,"DPS_HKD_LY":0.0135,"ORG_TYPE":"一般企业","PREMIUM_INCOME":null,"PREMIUM_INCOME_YOY":null,"NET_INTEREST_INCOME":null,"NET_INTEREST_INCOME_YOY":null,"FEE_COMMISSION_INCOME":null,"FEE_COMMISSION_INCOME_YOY":null,"ACCOUNTS_RECE_TDAYS":1.681847078541,"INVENTORY_TDAYS":1.213683453579,"CURRENT_ASSETS_TDAYS":0.299305244861,"TOTAL_ASSETS_TDAYS":0.281233956142,"PREMIUM_EXPENSE":null,"LOAN_DEPOSIT":null,"LOAN_EQUITY":null,"LOAN_ASSETS":null,"DEPOSIT_EQUITY":null,"DEPOSIT_ASSETS":null,"EQUITY_MULTIPLIER":1.172783085573,"EQUITY_RATIO":0.172846676711},{"SECUCODE":"02885.HK","SECURITY_CODE":"02885","SECURITY_NAME_ABBR":"彼岸控股","ORG_CODE":"10968722","STD_REPORT_DATE":"2022-12-31 00:00:00","REPORT_DATE":"2022-12-31 00:00:00","DATE_TYPE_CODE":"001","REPORT_TYPE":"2022年年报","PER_NETCASH_OPERATE":0.0911939343,"PER_OI":0.5484945781,"BPS":0.786517535475,"BASIC_EPS":-0.007235487,"DILUTED_EPS":-0.007235487,"OPERATE_INCOME":219397831.24,"OPERATE_INCOME_YOY":-12.083931403,"GROSS_PROFIT":64966633.83,"GROSS_PROFIT_YOY":-3.510378041837,"HOLDER_PROFIT":-2884368.83,"HOLDER_PROFIT_YOY":-118.8140383936,"GROSS_PROFIT_RATIO":29.611338208231,"EPS_TTM":-0.007134994125,"OPERATE_INCOME_QOQ":-4.333701093759,"NET_PROFIT_RATIO":-1.4689836001,"ROE_AVG":-0.891569021953,"GROSS_PROFIT_QOQ":-4.401125426072,"ROA":-0.749766797886,"HOLDER_PROFIT_QOQ":-129.573630606414,"ROE_YEARLY":-0.891569021953,"ROIC_YEARLY":-1.669274636169,"TOTAL_ASSETS":375010824.86,"TOTAL_LIABILITIES":60150121.99,"TAX_EBT":30.795519270932,"OCF_SALES":16.626223474423,"TOTAL_PARENT_EQUITY":314640958.45,"DEBT_ASSET_RATIO":16.0410597005,"OPERATE_PROFIT":-4235886.34,"PRETAX_PROFIT":-4704853.09,"NETCASH_OPERATE":36477573.72,"NETCASH_INVEST":-37281516.72,"NETCASH_FINANCE":-11229297.17,"END_CASH":183654525.46,"DIVI_RATIO":-1.714643317944,"DIVIDEND_RATE":3.068181818182,"CURRENT_RATIO":6.27581545508,"COMMON_ACS":1000000000,"CURRENTDEBT_DEBT":93.379568439342,"ISSUED_COMMON_SHARES":400000000,"HK_COMMON_SHARES":400000000,"PER_SHARES":2000,"TOTAL_MARKET_CAP":176000000,"HKSK_MARKET_CAP":176000000,"PE_TTM":-58.297449486585,"PB_TTM":0.527228664464,"REPORT_DATE_SQ":"2021-12-31 00:00:00","REPORT_TYPE_SQ":"2021年年报","OPERATE_INCOME_SQ":228413729.6,"DPS_HKD":0.0135,"OPERATE_INCOME_QOQ_SQ":-9.53965704372,"NET_PROFIT_RATIO_SQ":5.9920321007,"HOLDER_PROFIT_SQ":13884483.2,"HOLDER_PROFIT_QOQ_SQ":-38.848256957623,"ROE_AVG_SQ":4.744900810282,"PE_TTM_SQ":-59.963658388855,"PB_TTM_SQ":0.569312339701,"ROA_SQ":4.05302198589,"START_DATE":"2022-01-01 00:00:00","FISCAL_YEAR":"12-31","CURRENCY":"HKD","IS_CNY_CODE":0,"DPS_HKD_LY":0.0135,"ORG_TYPE":"一般企业","PREMIUM_INCOME":null,"PREMIUM_INCOME_YOY":null,"NET_INTEREST_INCOME":null,"NET_INTEREST_INCOME_YOY":null,"FEE_COMMISSION_INCOME":null,"FEE_COMMISSION_INCOME_YOY":null,"ACCOUNTS_RECE_TDAYS":2.797116468699,"INVENTORY_TDAYS":2.853113731444,"CURRENT_ASSETS_TDAYS":0.606880192729,"TOTAL_ASSETS_TDAYS":0.576374719131,"PREMIUM_EXPENSE":null,"LOAN_DEPOSIT":null,"LOAN_EQUITY":null,"LOAN_ASSETS":null,"DEPOSIT_EQUITY":null,"DEPOSIT_ASSETS":null,"EQUITY_MULTIPLIER":1.191058386912,"EQUITY_RATIO":0.19117066731},{"SECUCODE":"02885.HK","SECURITY_CODE":"02885","SECURITY_NAME_ABBR":"彼岸控股","ORG_CODE":"10968722","STD_REPORT_DATE":"2022-06-30 00:00:00","REPORT_DATE":"2022-06-30 00:00:00","DATE_TYPE_CODE":"002","REPORT_TYPE":"2022年中报","PER_NETCASH_OPERATE":-0.0085690038,"PER_OI":0.255267801075,"BPS":0.769053125225,"BASIC_EPS":0.005815292,"DILUTED_EPS":0.005815292,"OPERATE_INCOME":102107120.43,"OPERATE_INCOME_YOY":-1.8149074044,"GROSS_PROFIT":32945339.56,"GROSS_PROFIT_YOY":1.941186362002,"HOLDER_PROFIT":2330392.75,"HOLDER_PROFIT_YOY":-65.2064133317,"GROSS_PROFIT_RATIO":32.265467306549,"EPS_TTM":0.0241262029,"OPERATE_INCOME_QOQ":0.404031802999,"NET_PROFIT_RATIO":2.118143672,"ROE_AVG":0.761086287744,"GROSS_PROFIT_QOQ":0.931755094613,"ROA":0.645184700508,"HOLDER_PROFIT_QOQ":-30.494487832287,"ROE_YEARLY":1.522172575487,"ROIC_YEARLY":2.651835886383,"TOTAL_ASSETS":360755915.17,"TOTAL_LIABILITIES":52766078.19,"TAX_EBT":21.919949968731,"OCF_SALES":-3.356868263022,"TOTAL_PARENT_EQUITY":307621250.09,"DEBT_ASSET_RATIO":14.6265316717,"OPERATE_PROFIT":2964088.54,"PRETAX_PROFIT":2734897.62,"NETCASH_OPERATE":-3427601.52,"NETCASH_INVEST":-381414.74,"NETCASH_FINANCE":-2940143.22,"END_CASH":182638652.35,"DIVI_RATIO":0.507082281066,"DIVIDEND_RATE":3.068181818182,"CURRENT_RATIO":7.163663045618,"COMMON_ACS":1000000000,"CURRENTDEBT_DEBT":90.560930941152,"ISSUED_COMMON_SHARES":400000000,"HK_COMMON_SHARES":400000000,"PER_SHARES":2000,"TOTAL_MARKET_CAP":176000000,"HKSK_MARKET_CAP":176000000,"PE_TTM":-58.297449486585,"PB_TTM":0.527228664464,"REPORT_DATE_SQ":"2021-06-30 00:00:00","REPORT_TYPE_SQ":"2021年中报","OPERATE_INCOME_SQ":101184256.32,"DPS_HKD":0.0135,"OPERATE_INCOME_QOQ_SQ":3.242126819994,"NET_PROFIT_RATIO_SQ":6.4800499984,"HOLDER_PROFIT_SQ":6590905.68,"HOLDER_PROFIT_QOQ_SQ":-0.768581725932,"ROE_AVG_SQ":2.244860075301,"PE_TTM_SQ":-59.963658388855,"PB_TTM_SQ":0.569312339701,"ROA_SQ":1.954405431179,"START_DATE":"2022-01-01 00:00:00","FISCAL_YEAR":"12-31","CURRENCY":"HKD","IS_CNY_CODE":0,"DPS_HKD_LY":0.0135,"ORG_TYPE":"一般企业","PREMIUM_INCOME":null,"PREMIUM_INCOME_YOY":null,"NET_INTEREST_INCOME":null,"NET_INTEREST_INCOME_YOY":null,"FEE_COMMISSION_INCOME":null,"FEE_COMMISSION_INCOME_YOY":null,"ACCOUNTS_RECE_TDAYS":1.239882862394,"INVENTORY_TDAYS":1.149066160852,"CURRENT_ASSETS_TDAYS":0.292965702031,"TOTAL_ASSETS_TDAYS":0.279510586671,"PREMIUM_EXPENSE":null,"LOAN_DEPOSIT":null,"LOAN_EQUITY":null,"LOAN_ASSETS":null,"DEPOSIT_EQUITY":null,"DEPOSIT_ASSETS":null,"EQUITY_MULTIPLIER":1.171324088831,"EQUITY_RATIO":0.17152936663},{"SECUCODE":"02885.HK","SECURITY_CODE":"02885","SECURITY_NAME_ABBR":"彼岸控股","ORG_CODE":"10968722","STD_REPORT_DATE":"2021-12-31 00:00:00","REPORT_DATE":"2021-12-31 00:00:00","DATE_TYPE_CODE":"001","REPORT_TYPE":"2021年年报","PER_NETCASH_OPERATE":0.053650912,"PER_OI":0.571034324,"BPS":0.745072748,"BASIC_EPS":0.034748,"DILUTED_EPS":0.034748,"OPERATE_INCOME":228413729.6,"OPERATE_INCOME_YOY":-3.8607660277,"GROSS_PROFIT":67330177.6,"GROSS_PROFIT_YOY":-3.912288328963,"HOLDER_PROFIT":13884483.2,"HOLDER_PROFIT_YOY":-37.5340248657,"GROSS_PROFIT_RATIO":29.47729005516,"EPS_TTM":0.034711208,"OPERATE_INCOME_QOQ":-9.53965704372,"NET_PROFIT_RATIO":5.9920321007,"ROE_AVG":4.744900810282,"GROSS_PROFIT_QOQ":-1.127694046631,"ROA":4.05302198589,"HOLDER_PROFIT_QOQ":-38.848256957623,"ROE_YEARLY":4.744900810282,"ROIC_YEARLY":8.423172404215,"TOTAL_ASSETS":353600553.6,"TOTAL_LIABILITIES":55033473.6,"TAX_EBT":15.925870122043,"OCF_SALES":9.395391790844,"TOTAL_PARENT_EQUITY":298029099.2,"DEBT_ASSET_RATIO":15.5637407916,"OPERATE_PROFIT":16678222.4,"PRETAX_PROFIT":16279233.6,"NETCASH_OPERATE":21460364.8,"NETCASH_INVEST":-2114313.6,"NETCASH_FINANCE":-9426110.4,"END_CASH":183112148.8,"DIVI_RATIO":0.352450136567,"DIVIDEND_RATE":3.068181818182,"CURRENT_RATIO":6.299860275803,"COMMON_ACS":1000000000,"CURRENTDEBT_DEBT":97.820564246557,"ISSUED_COMMON_SHARES":400000000,"HK_COMMON_SHARES":400000000,"PER_SHARES":2000,"TOTAL_MARKET_CAP":176000000,"HKSK_MARKET_CAP":176000000,"PE_TTM":-58.297449486585,"PB_TTM":0.527228664464,"REPORT_DATE_SQ":"2020-12-31 00:00:00","REPORT_TYPE_SQ":"2020年年报","OPERATE_INCOME_SQ":244572167.6,"DPS_HKD":0.0135,"OPERATE_INCOME_QOQ_SQ":-3.768888974987,"NET_PROFIT_RATIO_SQ":9.3554492584,"HOLDER_PROFIT_SQ":22880825.04,"HOLDER_PROFIT_QOQ_SQ":-10.562822645736,"ROE_AVG_SQ":8.083673423875,"PE_TTM_SQ":-59.963658388855,"PB_TTM_SQ":0.569312339701,"ROA_SQ":7.101667530887,"START_DATE":"2021-01-01 00:00:00","FISCAL_YEAR":"12-31","CURRENCY":"HKD","IS_CNY_CODE":0,"DPS_HKD_LY":0.0135,"ORG_TYPE":"一般企业","PREMIUM_INCOME":null,"PREMIUM_INCOME_YOY":null,"NET_INTEREST_INCOME":null,"NET_INTEREST_INCOME_YOY":null,"FEE_COMMISSION_INCOME":null,"FEE_COMMISSION_INCOME_YOY":null,"ACCOUNTS_RECE_TDAYS":3.033294788901,"INVENTORY_TDAYS":2.849807259762,"CURRENT_ASSETS_TDAYS":0.696993436005,"TOTAL_ASSETS_TDAYS":0.666762928524,"PREMIUM_EXPENSE":null,"LOAN_DEPOSIT":null,"LOAN_EQUITY":null,"LOAN_ASSETS":null,"DEPOSIT_EQUITY":null,"DEPOSIT_ASSETS":null,"EQUITY_MULTIPLIER":1.184325323475,"EQUITY_RATIO":0.184658054357},{"SECUCODE":"02885.HK","SECURITY_CODE":"02885","SECURITY_NAME_ABBR":"彼岸控股","ORG_CODE":"10968722","STD_REPORT_DATE":"2021-06-30 00:00:00","REPORT_DATE":"2021-06-30 00:00:00","DATE_TYPE_CODE":"002","REPORT_TYPE":"2021年中报","PER_NETCASH_OPERATE":0.0344626734,"PER_OI":0.2529606408,"BPS":0.7372603236,"BASIC_EPS":0.016475184,"DILUTED_EPS":0.016475184,"OPERATE_INCOME":101184256.32,"OPERATE_INCOME_YOY":19.1121733339,"GROSS_PROFIT":32317987.2,"GROSS_PROFIT_YOY":-5.754973266363,"HOLDER_PROFIT":6590905.68,"HOLDER_PROFIT_YOY":6.9249460043,"GROSS_PROFIT_RATIO":31.939738824381,"EPS_TTM":0.056762418,"OPERATE_INCOME_QOQ":3.242126819994,"NET_PROFIT_RATIO":6.4800499984,"ROE_AVG":2.244860075301,"GROSS_PROFIT_QOQ":-2.816354140304,"ROA":1.954405431179,"HOLDER_PROFIT_QOQ":-0.768581725932,"ROE_YEARLY":4.489720150602,"ROIC_YEARLY":8.441120758326,"TOTAL_ASSETS":337053141.84,"TOTAL_LIABILITIES":41434255.68,"TAX_EBT":20.178282009725,"OCF_SALES":13.623729482583,"TOTAL_PARENT_EQUITY":294904129.44,"DEBT_ASSET_RATIO":12.2930928499,"OPERATE_PROFIT":8396519.28,"PRETAX_PROFIT":8214293.76,"NETCASH_OPERATE":13785069.36,"NETCASH_INVEST":-256280.64,"NETCASH_FINANCE":-2385573.36,"END_CASH":186566481.36,"DIVI_RATIO":0.215529401866,"DIVIDEND_RATE":3.068181818182,"CURRENT_RATIO":8.239064567064,"COMMON_ACS":1000000000,"CURRENTDEBT_DEBT":94.11599325247,"ISSUED_COMMON_SHARES":400000000,"HK_COMMON_SHARES":400000000,"PER_SHARES":2000,"TOTAL_MARKET_CAP":176000000,"HKSK_MARKET_CAP":176000000,"PE_TTM":-58.297449486585,"PB_TTM":0.527228664464,"REPORT_DATE_SQ":"2020-06-30 00:00:00","REPORT_TYPE_SQ":"2020年中报","OPERATE_INCOME_SQ":93254916.48,"DPS_HKD":0.0135,"OPERATE_INCOME_QOQ_SQ":3.038322880496,"NET_PROFIT_RATIO_SQ":7.2562002899,"HOLDER_PROFIT_SQ":6766763.52,"HOLDER_PROFIT_QOQ_SQ":-5.7842923149,"ROE_AVG_SQ":2.281206070693,"PE_TTM_SQ":-59.963658388855,"PB_TTM_SQ":0.569312339701,"ROA_SQ":2.000785945883,"START_DATE":"2021-01-01 00:00:00","FISCAL_YEAR":"12-31","CURRENCY":"HKD","IS_CNY_CODE":0,"DPS_HKD_LY":0.0135,"ORG_TYPE":"一般企业","PREMIUM_INCOME":null,"PREMIUM_INCOME_YOY":null,"NET_INTEREST_INCOME":null,"NET_INTEREST_INCOME_YOY":null,"FEE_COMMISSION_INCOME":null,"FEE_COMMISSION_INCOME_YOY":null,"ACCOUNTS_RECE_TDAYS":1.512619257896,"INVENTORY_TDAYS":1.184390160134,"CURRENT_ASSETS_TDAYS":0.314640930437,"TOTAL_ASSETS_TDAYS":0.300042315431,"PREMIUM_EXPENSE":null,"LOAN_DEPOSIT":null,"LOAN_EQUITY":null,"LOAN_ASSETS":null,"DEPOSIT_EQUITY":null,"DEPOSIT_ASSETS":null,"EQUITY_MULTIPLIER":1.140161057428,"EQUITY_RATIO":0.140500764634},{"SECUCODE":"02885.HK","SECURITY_CODE":"02885","SECURITY_NAME_ABBR":"彼岸控股","ORG_CODE":"10968722","STD_REPORT_DATE":"2020-12-31 00:00:00","REPORT_DATE":"2020-12-31 00:00:00","DATE_TYPE_CODE":"001","REPORT_TYPE":"2020年年报","PER_NETCASH_OPERATE":0.0741842537,"PER_OI":0.611430419,"BPS":0.7391345603,"BASIC_EPS":0.05723152,"DILUTED_EPS":0.05723152,"OPERATE_INCOME":244572167.6,"OPERATE_INCOME_YOY":5.5332408463,"GROSS_PROFIT":70071579.84,"GROSS_PROFIT_YOY":-16.016303039089,"HOLDER_PROFIT":22880825.04,"HOLDER_PROFIT_YOY":-10.3157061327,"GROSS_PROFIT_RATIO":28.650676210468,"EPS_TTM":0.0572020626,"OPERATE_INCOME_QOQ":-3.768888974987,"NET_PROFIT_RATIO":9.3554492584,"ROE_AVG":8.083673423875,"GROSS_PROFIT_QOQ":-19.37694347394,"ROA":7.101667530887,"HOLDER_PROFIT_QOQ":-10.562822645736,"ROE_YEARLY":8.083673423875,"ROIC_YEARLY":14.370972601798,"TOTAL_ASSETS":341290069.84,"TOTAL_LIABILITIES":45636245.72,"TAX_EBT":16.448460261848,"OCF_SALES":12.132902026911,"TOTAL_PARENT_EQUITY":295653824.12,"DEBT_ASSET_RATIO":13.371688705,"OPERATE_PROFIT":28795870.96,"PRETAX_PROFIT":27385282.32,"NETCASH_OPERATE":29673701.48,"NETCASH_INVEST":-295415.64,"NETCASH_FINANCE":-4474999.88,"END_CASH":176870646,"DIVI_RATIO":0.213872882269,"DIVIDEND_RATE":3.068181818182,"CURRENT_RATIO":7.557053273164,"COMMON_ACS":1000000000,"CURRENTDEBT_DEBT":94.404588458772,"ISSUED_COMMON_SHARES":400000000,"HK_COMMON_SHARES":400000000,"PER_SHARES":2000,"TOTAL_MARKET_CAP":176000000,"HKSK_MARKET_CAP":176000000,"PE_TTM":-58.297449486585,"PB_TTM":0.527228664464,"REPORT_DATE_SQ":"2019-12-31 00:00:00","REPORT_TYPE_SQ":"2019年年报","OPERATE_INCOME_SQ":246656606.12,"DPS_HKD":0.0135,"OPERATE_INCOME_QOQ_SQ":9.358133039625,"NET_PROFIT_RATIO_SQ":11.0087378429,"HOLDER_PROFIT_SQ":27153779.14,"HOLDER_PROFIT_QOQ_SQ":70.427919428837,"ROE_AVG_SQ":11.966145987534,"PE_TTM_SQ":-59.963658388855,"PB_TTM_SQ":0.569312339701,"ROA_SQ":9.832896232826,"START_DATE":"2020-01-01 00:00:00","FISCAL_YEAR":"12-31","CURRENCY":"HKD","IS_CNY_CODE":0,"DPS_HKD_LY":null,"ORG_TYPE":"一般企业","PREMIUM_INCOME":null,"PREMIUM_INCOME_YOY":null,"NET_INTEREST_INCOME":null,"NET_INTEREST_INCOME_YOY":null,"FEE_COMMISSION_INCOME":null,"FEE_COMMISSION_INCOME_YOY":null,"ACCOUNTS_RECE_TDAYS":3.053699033207,"INVENTORY_TDAYS":3.486245628195,"CURRENT_ASSETS_TDAYS":0.800776002348,"TOTAL_ASSETS_TDAYS":0.759094227838,"PREMIUM_EXPENSE":null,"LOAN_DEPOSIT":null,"LOAN_EQUITY":null,"LOAN_ASSETS":null,"DEPOSIT_EQUITY":null,"DEPOSIT_ASSETS":null,"EQUITY_MULTIPLIER":1.154357028379,"EQUITY_RATIO":0.154357028379},{"SECUCODE":"02885.HK","SECURITY_CODE":"02885","SECURITY_NAME_ABBR":"彼岸控股","ORG_CODE":"10968722","STD_REPORT_DATE":"2020-06-30 00:00:00","REPORT_DATE":"2020-06-30 00:00:00","DATE_TYPE_CODE":"002","REPORT_TYPE":"2020年中报","PER_NETCASH_OPERATE":0.0704970156,"PER_OI":0.2331372912,"BPS":0.7493610564,"BASIC_EPS":0.01689864,"DILUTED_EPS":0.01689864,"OPERATE_INCOME":93254916.48,"OPERATE_INCOME_YOY":4.7172617521,"GROSS_PROFIT":34291451.04,"GROSS_PROFIT_YOY":11.286703778618,"HOLDER_PROFIT":6766763.52,"HOLDER_PROFIT_YOY":-21.8400506436,"GROSS_PROFIT_RATIO":36.771735297575,"EPS_TTM":0.06395781295,"OPERATE_INCOME_QOQ":3.038322880496,"NET_PROFIT_RATIO":7.2562002899,"ROE_AVG":2.281206070693,"GROSS_PROFIT_QOQ":4.16833667645,"ROA":2.000785945883,"HOLDER_PROFIT_QOQ":-5.7842923149,"ROE_YEARLY":4.562412141387,"ROIC_YEARLY":8.256637883233,"TOTAL_ASSETS":347465268.48,"TOTAL_LIABILITIES":47720845.92,"TAX_EBT":25.29245663574,"OCF_SALES":30.238412412334,"TOTAL_PARENT_EQUITY":299744422.56,"DEBT_ASSET_RATIO":13.7339901996,"OPERATE_PROFIT":12088464.96,"PRETAX_PROFIT":9057671.04,"NETCASH_OPERATE":28198806.24,"NETCASH_INVEST":-51152.64,"NETCASH_FINANCE":-2448019.2,"END_CASH":186793912.8,"DIVI_RATIO":0.191281869028,"DIVIDEND_RATE":3.068181818182,"CURRENT_RATIO":7.171369253584,"COMMON_ACS":1000000000,"CURRENTDEBT_DEBT":96.807227762571,"ISSUED_COMMON_SHARES":400000000,"HK_COMMON_SHARES":400000000,"PER_SHARES":2000,"TOTAL_MARKET_CAP":176000000,"HKSK_MARKET_CAP":176000000,"PE_TTM":-58.297449486585,"PB_TTM":0.527228664464,"REPORT_DATE_SQ":"2019-06-30 00:00:00","REPORT_TYPE_SQ":"2019年中报","OPERATE_INCOME_SQ":85760692.38,"DPS_HKD":0.0135,"OPERATE_INCOME_QOQ_SQ":-1.778958427918,"NET_PROFIT_RATIO_SQ":9.7217236109,"HOLDER_PROFIT_SQ":8337417.48,"HOLDER_PROFIT_QOQ_SQ":58.024409861215,"ROE_AVG_SQ":3.898173682187,"PE_TTM_SQ":-59.963658388855,"PB_TTM_SQ":0.569312339701,"ROA_SQ":3.224434669307,"START_DATE":"2020-01-01 00:00:00","FISCAL_YEAR":"12-31","CURRENCY":"HKD","IS_CNY_CODE":0,"DPS_HKD_LY":null,"ORG_TYPE":"一般企业","PREMIUM_INCOME":null,"PREMIUM_INCOME_YOY":null,"NET_INTEREST_INCOME":null,"NET_INTEREST_INCOME_YOY":null,"FEE_COMMISSION_INCOME":null,"FEE_COMMISSION_INCOME_YOY":null,"ACCOUNTS_RECE_TDAYS":1.086859783037,"INVENTORY_TDAYS":1.094567097365,"CURRENT_ASSETS_TDAYS":0.291015856048,"TOTAL_ASSETS_TDAYS":0.27573466359,"PREMIUM_EXPENSE":null,"LOAN_DEPOSIT":null,"LOAN_EQUITY":null,"LOAN_ASSETS":null,"DEPOSIT_EQUITY":null,"DEPOSIT_ASSETS":null,"EQUITY_MULTIPLIER":1.159205117188,"EQUITY_RATIO":0.159205117188}],"count":17},"success":true,"message":"ok","code":0}