{"version":"04b190eedc4c00cd3704f0b7b83c03ed","result":{"pages":8,"data":[{"SECUCODE":"02880.HK","SECURITY_CODE":"02880","SECURITY_NAME_ABBR":"辽港股份","ORG_CODE":"10076906","STD_REPORT_DATE":"2024-09-30 00:00:00","REPORT_DATE":"2024-09-30 00:00:00","DATE_TYPE_CODE":"004","REPORT_TYPE":"2024年三季报","PER_NETCASH_OPERATE":0.098542090201,"PER_OI":0.33256384259,"BPS":1.674654785969,"BASIC_EPS":0.04,"DILUTED_EPS":0.04,"OPERATE_INCOME":7950096514.86,"OPERATE_INCOME_YOY":-8.6505016087,"GROSS_PROFIT":1874236088.63,"GROSS_PROFIT_YOY":-27.124767632499,"HOLDER_PROFIT":945507622.36,"HOLDER_PROFIT_YOY":-11.6104857601,"GROSS_PROFIT_RATIO":23.575010506184,"EPS_TTM":0.050988782618,"OPERATE_INCOME_QOQ":-3.65977909301,"NET_PROFIT_RATIO":13.7591193298,"ROE_AVG":2.374594964091,"GROSS_PROFIT_QOQ":-9.67456963643,"ROA":1.63007918305,"HOLDER_PROFIT_QOQ":4.473326705097,"ROE_YEARLY":3.166126618788,"ROIC_YEARLY":1.897691732313,"TOTAL_ASSETS":59654629988.2,"TOTAL_LIABILITIES":15875066249.22,"TAX_EBT":22.652947021613,"OCF_SALES":29.631029468848,"TOTAL_PARENT_EQUITY":40033417565.3,"DEBT_ASSET_RATIO":26.611624701,"OPERATE_PROFIT":1681016427.34,"PRETAX_PROFIT":1414227464.64,"NETCASH_OPERATE":2355695441.12,"NETCASH_INVEST":27847907.75,"NETCASH_FINANCE":-3371512366.81,"END_CASH":4215118966.03,"DIVI_RATIO":0.372165127811,"DIVIDEND_RATE":2.949295774648,"CURRENT_RATIO":1.562585803987,"COMMON_ACS":null,"CURRENTDEBT_DEBT":37.10835992725,"ISSUED_COMMON_SHARES":23905474669,"HK_COMMON_SHARES":5158715999,"PER_SHARES":2000,"TOTAL_MARKET_CAP":16972887014.99,"HKSK_MARKET_CAP":3662688359.29,"PE_TTM":12.435692046212,"PB_TTM":0.38233008102,"REPORT_DATE_SQ":"2023-09-30 00:00:00","REPORT_TYPE_SQ":"2023年三季报","OPERATE_INCOME_SQ":8702944903.76,"DPS_HKD":0.02094,"OPERATE_INCOME_QOQ_SQ":1.069992010601,"NET_PROFIT_RATIO_SQ":14.2713808739,"HOLDER_PROFIT_SQ":1069705643.81,"HOLDER_PROFIT_QOQ_SQ":5.158062466914,"ROE_AVG_SQ":2.747665299427,"PE_TTM_SQ":10.760124704592,"PB_TTM_SQ":0.341022906991,"ROA_SQ":1.887405935837,"START_DATE":"2024-01-01 00:00:00","FISCAL_YEAR":"12-31","CURRENCY":"HKD","IS_CNY_CODE":0,"DPS_HKD_LY":0.02094,"ORG_TYPE":"一般企业","PREMIUM_INCOME":null,"PREMIUM_INCOME_YOY":null,"NET_INTEREST_INCOME":null,"NET_INTEREST_INCOME_YOY":null,"FEE_COMMISSION_INCOME":null,"FEE_COMMISSION_INCOME_YOY":null,"ACCOUNTS_RECE_TDAYS":2.053614996622,"INVENTORY_TDAYS":45.11116749484,"CURRENT_ASSETS_TDAYS":0.822917212105,"TOTAL_ASSETS_TDAYS":0.137061685444,"PREMIUM_EXPENSE":null,"LOAN_DEPOSIT":null,"LOAN_EQUITY":null,"LOAN_ASSETS":null,"DEPOSIT_EQUITY":null,"DEPOSIT_ASSETS":null,"EQUITY_MULTIPLIER":1.362613623651,"EQUITY_RATIO":0.396545366713},{"SECUCODE":"02880.HK","SECURITY_CODE":"02880","SECURITY_NAME_ABBR":"辽港股份","ORG_CODE":"10076906","STD_REPORT_DATE":"2024-06-30 00:00:00","REPORT_DATE":"2024-06-30 00:00:00","DATE_TYPE_CODE":"002","REPORT_TYPE":"2024年中报","PER_NETCASH_OPERATE":0.049709350723,"PER_OI":0.224032498833,"BPS":1.658487604344,"BASIC_EPS":0.02,"DILUTED_EPS":0.02,"OPERATE_INCOME":5373882294.43,"OPERATE_INCOME_YOY":-5.5742632708,"GROSS_PROFIT":1237672166.89,"GROSS_PROFIT_YOY":-24.847984498724,"HOLDER_PROFIT":453443345.42,"HOLDER_PROFIT_YOY":-28.0057310953,"GROSS_PROFIT_RATIO":23.031248156902,"EPS_TTM":0.04863954054,"OPERATE_INCOME_QOQ":-2.696823014036,"NET_PROFIT_RATIO":10.0898180599,"ROE_AVG":1.144353969224,"GROSS_PROFIT_QOQ":-10.536013927839,"ROA":0.816316097791,"HOLDER_PROFIT_QOQ":-11.964062982993,"ROE_YEARLY":2.288707938449,"ROIC_YEARLY":1.906644116439,"TOTAL_ASSETS":54742099716.49,"TOTAL_LIABILITIES":11916834569.31,"TAX_EBT":28.040536218578,"OCF_SALES":22.188455238327,"TOTAL_PARENT_EQUITY":39646933414.49,"DEBT_ASSET_RATIO":21.7690491067,"OPERATE_PROFIT":937170001.04,"PRETAX_PROFIT":753500537.34,"NETCASH_OPERATE":1192381467.46,"NETCASH_INVEST":14313407.19,"NETCASH_FINANCE":-2019285594.74,"END_CASH":4390785034.74,"DIVI_RATIO":0.390140338276,"DIVIDEND_RATE":2.82972972973,"CURRENT_RATIO":2.069022513083,"COMMON_ACS":null,"CURRENTDEBT_DEBT":38.831228321297,"ISSUED_COMMON_SHARES":23905474669,"HK_COMMON_SHARES":5158715999,"PER_SHARES":2000,"TOTAL_MARKET_CAP":17690051255.06,"HKSK_MARKET_CAP":3817449839.26,"PE_TTM":12.961143822813,"PB_TTM":0.398484873176,"REPORT_DATE_SQ":"2023-06-30 00:00:00","REPORT_TYPE_SQ":"2023年中报","OPERATE_INCOME_SQ":5691120324.37,"DPS_HKD":0.02094,"OPERATE_INCOME_QOQ_SQ":-0.944303487543,"NET_PROFIT_RATIO_SQ":12.8308369701,"HOLDER_PROFIT_SQ":629832557.95,"HOLDER_PROFIT_QOQ_SQ":-1.734536768357,"ROE_AVG_SQ":1.624811009578,"PE_TTM_SQ":10.936520191552,"PB_TTM_SQ":0.34661344645,"ROA_SQ":1.095319113383,"START_DATE":"2024-01-01 00:00:00","FISCAL_YEAR":"12-31","CURRENCY":"HKD","IS_CNY_CODE":0,"DPS_HKD_LY":0.02094,"ORG_TYPE":"一般企业","PREMIUM_INCOME":null,"PREMIUM_INCOME_YOY":null,"NET_INTEREST_INCOME":null,"NET_INTEREST_INCOME_YOY":null,"FEE_COMMISSION_INCOME":null,"FEE_COMMISSION_INCOME_YOY":null,"ACCOUNTS_RECE_TDAYS":1.37720625227,"INVENTORY_TDAYS":31.260587257424,"CURRENT_ASSETS_TDAYS":0.545824241035,"TOTAL_ASSETS_TDAYS":0.096743874817,"PREMIUM_EXPENSE":null,"LOAN_DEPOSIT":null,"LOAN_EQUITY":null,"LOAN_ASSETS":null,"DEPOSIT_EQUITY":null,"DEPOSIT_ASSETS":null,"EQUITY_MULTIPLIER":1.278266451553,"EQUITY_RATIO":0.300573929507},{"SECUCODE":"02880.HK","SECURITY_CODE":"02880","SECURITY_NAME_ABBR":"辽港股份","ORG_CODE":"10076906","STD_REPORT_DATE":"2024-03-31 00:00:00","REPORT_DATE":"2024-03-31 00:00:00","DATE_TYPE_CODE":"003","REPORT_TYPE":"2024年一季报","PER_NETCASH_OPERATE":0.008244882388,"PER_OI":0.120422875333,"BPS":1.672979836089,"BASIC_EPS":0.02,"DILUTED_EPS":0.02,"OPERATE_INCOME":2888591436.36,"OPERATE_INCOME_YOY":0.4399141956,"GROSS_PROFIT":806736481.62,"GROSS_PROFIT_YOY":-6.725250186538,"HOLDER_PROFIT":371916738.99,"HOLDER_PROFIT_YOY":-4.575318987,"GROSS_PROFIT_RATIO":27.928369220557,"EPS_TTM":0.055249642576,"OPERATE_INCOME_QOQ":0.103533492367,"NET_PROFIT_RATIO":14.4686476173,"ROE_AVG":0.93452010854,"GROSS_PROFIT_QOQ":-1.715790074589,"ROA":0.65423858997,"HOLDER_PROFIT_QOQ":-1.327685168097,"ROE_YEARLY":3.73808043416,"ROIC_YEARLY":3.100052906168,"TOTAL_ASSETS":57341588442.28,"TOTAL_LIABILITIES":14172917294.83,"TAX_EBT":26.332376794447,"OCF_SALES":6.846608142314,"TOTAL_PARENT_EQUITY":39993377093.37,"DEBT_ASSET_RATIO":24.7166457712,"OPERATE_PROFIT":662885301.62,"PRETAX_PROFIT":567332157.39,"NETCASH_OPERATE":197770536.48,"NETCASH_INVEST":-29041573.14,"NETCASH_FINANCE":783837384.98,"END_CASH":6155156387.84,"DIVI_RATIO":0.343463702483,"DIVIDEND_RATE":2.82972972973,"CURRENT_RATIO":2.435626072362,"COMMON_ACS":null,"CURRENTDEBT_DEBT":33.646858742974,"ISSUED_COMMON_SHARES":23905474669,"HK_COMMON_SHARES":5158715999,"PER_SHARES":2000,"TOTAL_MARKET_CAP":17690051255.06,"HKSK_MARKET_CAP":3817449839.26,"PE_TTM":12.961143822813,"PB_TTM":0.398484873176,"REPORT_DATE_SQ":"2023-03-31 00:00:00","REPORT_TYPE_SQ":"2023年一季报","OPERATE_INCOME_SQ":2875939769.06,"DPS_HKD":0.02094,"OPERATE_INCOME_QOQ_SQ":-0.197504363265,"NET_PROFIT_RATIO_SQ":15.1473683045,"HOLDER_PROFIT_SQ":389748998.94,"HOLDER_PROFIT_QOQ_SQ":-7.037961500026,"ROE_AVG_SQ":1.006425761761,"PE_TTM_SQ":10.936520191552,"PB_TTM_SQ":0.34661344645,"ROA_SQ":0.680147367043,"START_DATE":"2024-01-01 00:00:00","FISCAL_YEAR":"12-31","CURRENCY":"HKD","IS_CNY_CODE":0,"DPS_HKD_LY":0.02094,"ORG_TYPE":"一般企业","PREMIUM_INCOME":null,"PREMIUM_INCOME_YOY":null,"NET_INTEREST_INCOME":null,"NET_INTEREST_INCOME_YOY":null,"FEE_COMMISSION_INCOME":null,"FEE_COMMISSION_INCOME_YOY":null,"ACCOUNTS_RECE_TDAYS":0.707175832721,"INVENTORY_TDAYS":15.897725353326,"CURRENT_ASSETS_TDAYS":0.26584427149,"TOTAL_ASSETS_TDAYS":0.05081320065,"PREMIUM_EXPENSE":null,"LOAN_DEPOSIT":null,"LOAN_EQUITY":null,"LOAN_ASSETS":null,"DEPOSIT_EQUITY":null,"DEPOSIT_ASSETS":null,"EQUITY_MULTIPLIER":1.328314884803,"EQUITY_RATIO":0.354381608278},{"SECUCODE":"02880.HK","SECURITY_CODE":"02880","SECURITY_NAME_ABBR":"辽港股份","ORG_CODE":"10076906","STD_REPORT_DATE":"2023-12-31 00:00:00","REPORT_DATE":"2023-12-31 00:00:00","DATE_TYPE_CODE":"001","REPORT_TYPE":"2023年年报","PER_NETCASH_OPERATE":0.139207429272,"PER_OI":0.509436164828,"BPS":1.65660203831,"BASIC_EPS":0.06,"DILUTED_EPS":0.06,"OPERATE_INCOME":12219878814.79,"OPERATE_INCOME_YOY":0.4307153361,"GROSS_PROFIT":3390095229.1,"GROSS_PROFIT_YOY":6.687227984992,"HOLDER_PROFIT":1343109072.73,"HOLDER_PROFIT_YOY":1.9317499859,"GROSS_PROFIT_RATIO":27.742461938304,"EPS_TTM":0.05599305405,"OPERATE_INCOME_QOQ":2.079897141315,"NET_PROFIT_RATIO":12.3344201193,"ROE_AVG":3.426575283082,"GROSS_PROFIT_QOQ":0.681163494767,"ROA":2.35711057033,"HOLDER_PROFIT_QOQ":9.255217667492,"ROE_YEARLY":3.426575283082,"ROIC_YEARLY":2.757192233935,"TOTAL_ASSETS":56352939728.84,"TOTAL_LIABILITIES":13623749088.14,"TAX_EBT":25.93333671085,"OCF_SALES":27.325784638539,"TOTAL_PARENT_EQUITY":39601858063.43,"DEBT_ASSET_RATIO":24.1757557879,"OPERATE_PROFIT":2467157311.64,"PRETAX_PROFIT":2034992700.03,"NETCASH_OPERATE":3339177768.02,"NETCASH_INVEST":-349145819,"NETCASH_FINANCE":-3028533968,"END_CASH":5199599767.48,"DIVI_RATIO":0.338903585847,"DIVIDEND_RATE":2.82972972973,"CURRENT_RATIO":1.952560262342,"COMMON_ACS":null,"CURRENTDEBT_DEBT":38.030568310675,"ISSUED_COMMON_SHARES":23905474669,"HK_COMMON_SHARES":5158715999,"PER_SHARES":2000,"TOTAL_MARKET_CAP":17690051255.06,"HKSK_MARKET_CAP":3817449839.26,"PE_TTM":12.961143822813,"PB_TTM":0.398484873176,"REPORT_DATE_SQ":"2022-12-31 00:00:00","REPORT_TYPE_SQ":"2022年年报","OPERATE_INCOME_SQ":12167471648.38,"DPS_HKD":0.02094,"OPERATE_INCOME_QOQ_SQ":0.488971753721,"NET_PROFIT_RATIO_SQ":11.9471786156,"HOLDER_PROFIT_SQ":1317655267.29,"HOLDER_PROFIT_QOQ_SQ":-9.874364485065,"ROE_AVG_SQ":3.341671578481,"PE_TTM_SQ":10.936520191552,"PB_TTM_SQ":0.34661344645,"ROA_SQ":2.217476191879,"START_DATE":"2023-01-01 00:00:00","FISCAL_YEAR":"12-31","CURRENCY":"HKD","IS_CNY_CODE":0,"DPS_HKD_LY":0.01911,"ORG_TYPE":"一般企业","PREMIUM_INCOME":null,"PREMIUM_INCOME_YOY":null,"NET_INTEREST_INCOME":null,"NET_INTEREST_INCOME_YOY":null,"FEE_COMMISSION_INCOME":null,"FEE_COMMISSION_INCOME_YOY":null,"ACCOUNTS_RECE_TDAYS":3.339867564015,"INVENTORY_TDAYS":68.65523254159,"CURRENT_ASSETS_TDAYS":1.24696629165,"TOTAL_ASSETS_TDAYS":0.214454701463,"PREMIUM_EXPENSE":null,"LOAN_DEPOSIT":null,"LOAN_EQUITY":null,"LOAN_ASSETS":null,"DEPOSIT_EQUITY":null,"DEPOSIT_ASSETS":null,"EQUITY_MULTIPLIER":1.318839390212,"EQUITY_RATIO":0.344017926288},{"SECUCODE":"02880.HK","SECURITY_CODE":"02880","SECURITY_NAME_ABBR":"辽港股份","ORG_CODE":"10076906","STD_REPORT_DATE":"2023-09-30 00:00:00","REPORT_DATE":"2023-09-30 00:00:00","DATE_TYPE_CODE":"004","REPORT_TYPE":"2023年三季报","PER_NETCASH_OPERATE":0.085482558902,"PER_OI":0.362818235899,"BPS":1.647000160892,"BASIC_EPS":0.04,"DILUTED_EPS":0.04,"OPERATE_INCOME":8702944903.76,"OPERATE_INCOME_YOY":-0.1137659864,"GROSS_PROFIT":2571842349.92,"GROSS_PROFIT_YOY":12.219896886744,"HOLDER_PROFIT":1069705643.81,"HOLDER_PROFIT_YOY":-4.4832697715,"GROSS_PROFIT_RATIO":29.649558084961,"EPS_TTM":0.05124977575,"OPERATE_INCOME_QOQ":1.069992010601,"NET_PROFIT_RATIO":14.2713808739,"ROE_AVG":2.747665299427,"GROSS_PROFIT_QOQ":5.579306370986,"ROA":1.887405935837,"HOLDER_PROFIT_QOQ":5.158062466914,"ROE_YEARLY":3.663553732569,"ROIC_YEARLY":2.190999103453,"TOTAL_ASSETS":56181115088.51,"TOTAL_LIABILITIES":13571205631.2,"TAX_EBT":25.879366838154,"OCF_SALES":23.729049735662,"TOTAL_PARENT_EQUITY":39372320626.04,"DEBT_ASSET_RATIO":24.1561699333,"OPERATE_PROFIT":1988799883.93,"PRETAX_PROFIT":1652286789.72,"NETCASH_OPERATE":1997982642.59,"NETCASH_INVEST":-70230965.86,"NETCASH_FINANCE":-2737217269.79,"END_CASH":4443454502.99,"DIVI_RATIO":0.3702698504,"DIVIDEND_RATE":2.82972972973,"CURRENT_RATIO":1.93898864415,"COMMON_ACS":null,"CURRENTDEBT_DEBT":36.251667979663,"ISSUED_COMMON_SHARES":23905474669,"HK_COMMON_SHARES":5158715999,"PER_SHARES":2000,"TOTAL_MARKET_CAP":17690051255.06,"HKSK_MARKET_CAP":3817449839.26,"PE_TTM":12.961143822813,"PB_TTM":0.398484873176,"REPORT_DATE_SQ":"2022-09-30 00:00:00","REPORT_TYPE_SQ":"2022年三季报","OPERATE_INCOME_SQ":8651046671.66,"DPS_HKD":0.02094,"OPERATE_INCOME_QOQ_SQ":-1.020917439151,"NET_PROFIT_RATIO_SQ":14.3116683747,"HOLDER_PROFIT_SQ":1124247428.97,"HOLDER_PROFIT_QOQ_SQ":-11.178388197843,"ROE_AVG_SQ":2.942239900624,"PE_TTM_SQ":10.936520191552,"PB_TTM_SQ":0.34661344645,"ROA_SQ":1.944558869855,"START_DATE":"2023-01-01 00:00:00","FISCAL_YEAR":"12-31","CURRENCY":"HKD","IS_CNY_CODE":0,"DPS_HKD_LY":0.01911,"ORG_TYPE":"一般企业","PREMIUM_INCOME":null,"PREMIUM_INCOME_YOY":null,"NET_INTEREST_INCOME":null,"NET_INTEREST_INCOME_YOY":null,"FEE_COMMISSION_INCOME":null,"FEE_COMMISSION_INCOME_YOY":null,"ACCOUNTS_RECE_TDAYS":2.289283185462,"INVENTORY_TDAYS":48.342891963899,"CURRENT_ASSETS_TDAYS":0.908538805962,"TOTAL_ASSETS_TDAYS":0.151879185967,"PREMIUM_EXPENSE":null,"LOAN_DEPOSIT":null,"LOAN_EQUITY":null,"LOAN_ASSETS":null,"DEPOSIT_EQUITY":null,"DEPOSIT_ASSETS":null,"EQUITY_MULTIPLIER":1.318498814103,"EQUITY_RATIO":0.344688995096},{"SECUCODE":"02880.HK","SECURITY_CODE":"02880","SECURITY_NAME_ABBR":"辽港股份","ORG_CODE":"10076906","STD_REPORT_DATE":"2023-06-30 00:00:00","REPORT_DATE":"2023-06-30 00:00:00","DATE_TYPE_CODE":"002","REPORT_TYPE":"2023年中报","PER_NETCASH_OPERATE":0.053049398252,"PER_OI":0.237257877559,"BPS":1.627693436793,"BASIC_EPS":0.03,"DILUTED_EPS":0.03,"OPERATE_INCOME":5691120324.37,"OPERATE_INCOME_YOY":-2.3593678077,"GROSS_PROFIT":1646891515.33,"GROSS_PROFIT_YOY":6.570304444054,"HOLDER_PROFIT":629832557.95,"HOLDER_PROFIT_YOY":-14.9202206691,"GROSS_PROFIT_RATIO":28.975819476762,"EPS_TTM":0.04873594525,"OPERATE_INCOME_QOQ":-0.944303487543,"NET_PROFIT_RATIO":12.8308369701,"ROE_AVG":1.624811009578,"GROSS_PROFIT_QOQ":2.599407998599,"ROA":1.095319113383,"HOLDER_PROFIT_QOQ":-1.734536768357,"ROE_YEARLY":3.249622019156,"ROIC_YEARLY":2.570326490074,"TOTAL_ASSETS":57655679528.21,"TOTAL_LIABILITIES":15568440628.44,"TAX_EBT":26.046815332312,"OCF_SALES":22.51417332703,"TOTAL_PARENT_EQUITY":38910784222.16,"DEBT_ASSET_RATIO":27.0024406196,"OPERATE_PROFIT":1205344184.01,"PRETAX_PROFIT":975416363.07,"NETCASH_OPERATE":1228164100.81,"NETCASH_INVEST":-42585693.76,"NETCASH_FINANCE":-663096191.56,"END_CASH":5772457209.66,"DIVI_RATIO":0.38936860058,"DIVIDEND_RATE":2.82972972973,"CURRENT_RATIO":1.532330864998,"COMMON_ACS":null,"CURRENTDEBT_DEBT":44.117187304637,"ISSUED_COMMON_SHARES":23905474669,"HK_COMMON_SHARES":5158715999,"PER_SHARES":2000,"TOTAL_MARKET_CAP":17690051255.06,"HKSK_MARKET_CAP":3817449839.26,"PE_TTM":12.961143822813,"PB_TTM":0.398484873176,"REPORT_DATE_SQ":"2022-06-30 00:00:00","REPORT_TYPE_SQ":"2022年中报","OPERATE_INCOME_SQ":5788566152.86,"DPS_HKD":0.02094,"OPERATE_INCOME_QOQ_SQ":-2.144787863806,"NET_PROFIT_RATIO_SQ":14.0229100655,"HOLDER_PROFIT_SQ":741962637.45,"HOLDER_PROFIT_QOQ_SQ":-11.459862119969,"ROE_AVG_SQ":1.952022682147,"PE_TTM_SQ":10.936520191552,"PB_TTM_SQ":0.34661344645,"ROA_SQ":1.27139021647,"START_DATE":"2023-01-01 00:00:00","FISCAL_YEAR":"12-31","CURRENCY":"HKD","IS_CNY_CODE":0,"DPS_HKD_LY":0.01911,"ORG_TYPE":"一般企业","PREMIUM_INCOME":null,"PREMIUM_INCOME_YOY":null,"NET_INTEREST_INCOME":null,"NET_INTEREST_INCOME_YOY":null,"FEE_COMMISSION_INCOME":null,"FEE_COMMISSION_INCOME_YOY":null,"ACCOUNTS_RECE_TDAYS":1.568139803959,"INVENTORY_TDAYS":32.394221207194,"CURRENT_ASSETS_TDAYS":0.564990604614,"TOTAL_ASSETS_TDAYS":0.098069476853,"PREMIUM_EXPENSE":null,"LOAN_DEPOSIT":null,"LOAN_EQUITY":null,"LOAN_ASSETS":null,"DEPOSIT_EQUITY":null,"DEPOSIT_ASSETS":null,"EQUITY_MULTIPLIER":1.369908814059,"EQUITY_RATIO":0.400106061588},{"SECUCODE":"02880.HK","SECURITY_CODE":"02880","SECURITY_NAME_ABBR":"辽港股份","ORG_CODE":"10076906","STD_REPORT_DATE":"2023-03-31 00:00:00","REPORT_DATE":"2023-03-31 00:00:00","DATE_TYPE_CODE":"003","REPORT_TYPE":"2023年一季报","PER_NETCASH_OPERATE":0.014259048592,"PER_OI":0.11989543828,"BPS":1.633767198484,"BASIC_EPS":0.02,"DILUTED_EPS":0.02,"OPERATE_INCOME":2875939769.06,"OPERATE_INCOME_YOY":-0.8202719376,"GROSS_PROFIT":864903399.08,"GROSS_PROFIT_YOY":1.805835194269,"HOLDER_PROFIT":389748998.94,"HOLDER_PROFIT_YOY":-18.6936208325,"GROSS_PROFIT_RATIO":30.097889053976,"EPS_TTM":0.049596209744,"OPERATE_INCOME_QOQ":-0.197504363265,"NET_PROFIT_RATIO":15.1473683045,"ROE_AVG":1.006425761761,"GROSS_PROFIT_QOQ":0.373077727748,"ROA":0.680147367043,"HOLDER_PROFIT_QOQ":-7.037961500026,"ROE_YEARLY":4.025703047044,"ROIC_YEARLY":3.175075737782,"TOTAL_ASSETS":57583327793.86,"TOTAL_LIABILITIES":15388293758.37,"TAX_EBT":25.835507505208,"OCF_SALES":11.954800572854,"TOTAL_PARENT_EQUITY":39055980378.4,"DEBT_ASSET_RATIO":26.7235228458,"OPERATE_PROFIT":693961489.91,"PRETAX_PROFIT":579397596.35,"NETCASH_OPERATE":298088028.52,"NETCASH_INVEST":-111543038.91,"NETCASH_FINANCE":-130491391.68,"END_CASH":5300659875.8,"DIVI_RATIO":0.382614859039,"DIVIDEND_RATE":2.82972972973,"CURRENT_RATIO":1.647216196337,"COMMON_ACS":null,"CURRENTDEBT_DEBT":39.381601236094,"ISSUED_COMMON_SHARES":23905474669,"HK_COMMON_SHARES":5158715999,"PER_SHARES":2000,"TOTAL_MARKET_CAP":17690051255.06,"HKSK_MARKET_CAP":3817449839.26,"PE_TTM":12.961143822813,"PB_TTM":0.398484873176,"REPORT_DATE_SQ":"2022-03-31 00:00:00","REPORT_TYPE_SQ":"2022年一季报","OPERATE_INCOME_SQ":2884711772.4,"DPS_HKD":0.02094,"OPERATE_INCOME_QOQ_SQ":-0.308795839666,"NET_PROFIT_RATIO_SQ":17.702276412,"HOLDER_PROFIT_SQ":481807363.95,"HOLDER_PROFIT_QOQ_SQ":-5.767652302164,"ROE_AVG_SQ":1.261424402267,"PE_TTM_SQ":10.936520191552,"PB_TTM_SQ":0.34661344645,"ROA_SQ":0.824055456826,"START_DATE":"2023-01-01 00:00:00","FISCAL_YEAR":"12-31","CURRENCY":"HKD","IS_CNY_CODE":0,"DPS_HKD_LY":0.01911,"ORG_TYPE":"一般企业","PREMIUM_INCOME":null,"PREMIUM_INCOME_YOY":null,"NET_INTEREST_INCOME":null,"NET_INTEREST_INCOME_YOY":null,"FEE_COMMISSION_INCOME":null,"FEE_COMMISSION_INCOME_YOY":null,"ACCOUNTS_RECE_TDAYS":0.799612885366,"INVENTORY_TDAYS":16.076794875687,"CURRENT_ASSETS_TDAYS":0.293965917386,"TOTAL_ASSETS_TDAYS":0.049674134259,"PREMIUM_EXPENSE":null,"LOAN_DEPOSIT":null,"LOAN_EQUITY":null,"LOAN_ASSETS":null,"DEPOSIT_EQUITY":null,"DEPOSIT_ASSETS":null,"EQUITY_MULTIPLIER":1.364694426965,"EQUITY_RATIO":0.39400608074},{"SECUCODE":"02880.HK","SECURITY_CODE":"02880","SECURITY_NAME_ABBR":"辽港股份","ORG_CODE":"10076906","STD_REPORT_DATE":"2022-12-31 00:00:00","REPORT_DATE":"2022-12-31 00:00:00","DATE_TYPE_CODE":"001","REPORT_TYPE":"2022年年报","PER_NETCASH_OPERATE":0.142256032417,"PER_OI":0.507251355448,"BPS":1.616636327056,"BASIC_EPS":0.05,"DILUTED_EPS":0.05,"OPERATE_INCOME":12167471648.38,"OPERATE_INCOME_YOY":-2.9707597171,"GROSS_PROFIT":3177601755.27,"GROSS_PROFIT_YOY":-17.017086773478,"HOLDER_PROFIT":1317655267.29,"HOLDER_PROFIT_YOY":-33.2106533419,"GROSS_PROFIT_RATIO":25.848728513684,"EPS_TTM":0.053351035051,"OPERATE_INCOME_QOQ":0.488971753721,"NET_PROFIT_RATIO":11.9471786156,"ROE_AVG":3.341671578481,"GROSS_PROFIT_QOQ":-1.800475395207,"ROA":2.217476191879,"HOLDER_PROFIT_QOQ":-9.874364485065,"ROE_YEARLY":3.341671578481,"ROIC_YEARLY":2.573589076964,"TOTAL_ASSETS":57876049433.75,"TOTAL_LIABILITIES":15973664511.56,"TAX_EBT":24.083464074178,"OCF_SALES":28.48159011526,"TOTAL_PARENT_EQUITY":38791812687.73,"DEBT_ASSET_RATIO":27.5430787982,"OPERATE_PROFIT":2405426243.52,"PRETAX_PROFIT":1939787052.98,"NETCASH_OPERATE":3444493500.14,"NETCASH_INVEST":-3084351479.17,"NETCASH_FINANCE":288268201.64,"END_CASH":5246086432.65,"DIVI_RATIO":0.355686572566,"DIVIDEND_RATE":2.82972972973,"CURRENT_RATIO":1.463890748048,"COMMON_ACS":null,"CURRENTDEBT_DEBT":41.217780309241,"ISSUED_COMMON_SHARES":23905474669,"HK_COMMON_SHARES":5158715999,"PER_SHARES":2000,"TOTAL_MARKET_CAP":17690051255.06,"HKSK_MARKET_CAP":3817449839.26,"PE_TTM":12.961143822813,"PB_TTM":0.398484873176,"REPORT_DATE_SQ":"2021-12-31 00:00:00","REPORT_TYPE_SQ":"2021年年报","OPERATE_INCOME_SQ":12347554608.01,"DPS_HKD":0.02094,"OPERATE_INCOME_QOQ_SQ":80.315488670092,"NET_PROFIT_RATIO_SQ":16.8308297425,"HOLDER_PROFIT_SQ":1916076220.45,"HOLDER_PROFIT_QOQ_SQ":202.755827934015,"ROE_AVG_SQ":5.097268525573,"PE_TTM_SQ":10.936520191552,"PB_TTM_SQ":0.34661344645,"ROA_SQ":4.150086794678,"START_DATE":"2022-01-01 00:00:00","FISCAL_YEAR":"12-31","CURRENCY":"HKD","IS_CNY_CODE":0,"DPS_HKD_LY":0.03163,"ORG_TYPE":"一般企业","PREMIUM_INCOME":null,"PREMIUM_INCOME_YOY":null,"NET_INTEREST_INCOME":null,"NET_INTEREST_INCOME_YOY":null,"FEE_COMMISSION_INCOME":null,"FEE_COMMISSION_INCOME_YOY":null,"ACCOUNTS_RECE_TDAYS":3.822210583238,"INVENTORY_TDAYS":74.742940497805,"CURRENT_ASSETS_TDAYS":1.318973026538,"TOTAL_ASSETS_TDAYS":0.207597718332,"PREMIUM_EXPENSE":null,"LOAN_DEPOSIT":null,"LOAN_EQUITY":null,"LOAN_ASSETS":null,"DEPOSIT_EQUITY":null,"DEPOSIT_ASSETS":null,"EQUITY_MULTIPLIER":1.380130404955,"EQUITY_RATIO":0.411779275182},{"SECUCODE":"02880.HK","SECURITY_CODE":"02880","SECURITY_NAME_ABBR":"辽港股份","ORG_CODE":"10076906","STD_REPORT_DATE":"2022-09-30 00:00:00","REPORT_DATE":"2022-09-30 00:00:00","DATE_TYPE_CODE":"004","REPORT_TYPE":"2022年三季报","PER_NETCASH_OPERATE":0.092559091766,"PER_OI":0.360654643549,"BPS":1.609470629447,"BASIC_EPS":0.05,"DILUTED_EPS":0.05,"OPERATE_INCOME":8651046671.66,"OPERATE_INCOME_YOY":-4.6838479843,"GROSS_PROFIT":2291788195.56,"GROSS_PROFIT_YOY":-22.766843690706,"HOLDER_PROFIT":1124247428.97,"HOLDER_PROFIT_YOY":-30.6182115879,"GROSS_PROFIT_RATIO":26.491455687873,"EPS_TTM":0.059196292759,"OPERATE_INCOME_QOQ":-1.020917439151,"NET_PROFIT_RATIO":14.3116683747,"ROE_AVG":2.942239900624,"GROSS_PROFIT_QOQ":-5.643538553593,"ROA":1.944558869855,"HOLDER_PROFIT_QOQ":-11.178388197843,"ROE_YEARLY":3.922986534166,"ROIC_YEARLY":2.248860542367,"TOTAL_ASSETS":57816824224.95,"TOTAL_LIABILITIES":16149645724.22,"TAX_EBT":23.640062762568,"OCF_SALES":25.664189667861,"TOTAL_PARENT_EQUITY":38475159362.74,"DEBT_ASSET_RATIO":27.9324330603,"OPERATE_PROFIT":1964242432.51,"PRETAX_PROFIT":1621411901.82,"NETCASH_OPERATE":2220221026.07,"NETCASH_INVEST":-2728616047.19,"NETCASH_FINANCE":696131346.45,"END_CASH":4628432397.18,"DIVI_RATIO":0.320564783967,"DIVIDEND_RATE":2.82972972973,"CURRENT_RATIO":1.404147595623,"COMMON_ACS":null,"CURRENTDEBT_DEBT":41.217466594187,"ISSUED_COMMON_SHARES":23905474669,"HK_COMMON_SHARES":5158715999,"PER_SHARES":2000,"TOTAL_MARKET_CAP":17690051255.06,"HKSK_MARKET_CAP":3817449839.26,"PE_TTM":12.961143822813,"PB_TTM":0.398484873176,"REPORT_DATE_SQ":"2021-09-30 00:00:00","REPORT_TYPE_SQ":"2021年三季报","OPERATE_INCOME_SQ":9076160219.14,"DPS_HKD":0.02094,"OPERATE_INCOME_QOQ_SQ":-0.62256190986,"NET_PROFIT_RATIO_SQ":17.7139994812,"HOLDER_PROFIT_SQ":1620378278.94,"HOLDER_PROFIT_QOQ_SQ":-9.69782724988,"ROE_AVG_SQ":3.861738021411,"PE_TTM_SQ":10.936520191552,"PB_TTM_SQ":0.34661344645,"ROA_SQ":3.210856974145,"START_DATE":"2022-01-01 00:00:00","FISCAL_YEAR":"12-31","CURRENCY":"HKD","IS_CNY_CODE":0,"DPS_HKD_LY":0.03163,"ORG_TYPE":"一般企业","PREMIUM_INCOME":null,"PREMIUM_INCOME_YOY":null,"NET_INTEREST_INCOME":null,"NET_INTEREST_INCOME_YOY":null,"FEE_COMMISSION_INCOME":null,"FEE_COMMISSION_INCOME_YOY":null,"ACCOUNTS_RECE_TDAYS":2.675331911893,"INVENTORY_TDAYS":53.676943865573,"CURRENT_ASSETS_TDAYS":0.95959332363,"TOTAL_ASSETS_TDAYS":0.149633159974,"PREMIUM_EXPENSE":null,"LOAN_DEPOSIT":null,"LOAN_EQUITY":null,"LOAN_ASSETS":null,"DEPOSIT_EQUITY":null,"DEPOSIT_ASSETS":null,"EQUITY_MULTIPLIER":1.387586736259,"EQUITY_RATIO":0.419742139908}],"count":71},"success":true,"message":"ok","code":0}