{"version":"2f8e9d002272ee1358c890b19a19666b","result":{"pages":2,"data":[{"SECUCODE":"02892.HK","SECURITY_CODE":"02892","SECURITY_NAME_ABBR":"万城控股","ORG_CODE":"10948153","STD_REPORT_DATE":"2024-06-30 00:00:00","REPORT_DATE":"2024-06-30 00:00:00","DATE_TYPE_CODE":"002","REPORT_TYPE":"2024年中报","PER_NETCASH_OPERATE":-0.029153333333,"PER_OI":0.061492,"BPS":0.834145333333,"BASIC_EPS":-0.0823,"DILUTED_EPS":-0.0823,"OPERATE_INCOME":46119000,"OPERATE_INCOME_YOY":-85.9248679283,"GROSS_PROFIT":14757000,"GROSS_PROFIT_YOY":-88.212882200709,"HOLDER_PROFIT":-61722000,"HOLDER_PROFIT_YOY":-8555.0684931507,"GROSS_PROFIT_RATIO":31.997658231965,"EPS_TTM":-0.726306666667,"OPERATE_INCOME_QOQ":-43.879220864231,"NET_PROFIT_RATIO":-141.4449576097,"ROE_AVG":-9.41580284204,"GROSS_PROFIT_QOQ":-67.135762092632,"ROA":-3.801492400803,"HOLDER_PROFIT_QOQ":-12.949377744786,"ROE_YEARLY":-18.831605684081,"ROIC_YEARLY":-10.984174723158,"TOTAL_ASSETS":1574851000,"TOTAL_LIABILITIES":791845000,"TAX_EBT":-52.44560772125,"OCF_SALES":-47.409961187363,"TOTAL_PARENT_EQUITY":625609000,"DEBT_ASSET_RATIO":50.2806297231,"OPERATE_PROFIT":-4780000,"PRETAX_PROFIT":-42791000,"NETCASH_OPERATE":-21865000,"NETCASH_INVEST":-27227000,"NETCASH_FINANCE":-540000,"END_CASH":314416000,"DIVI_RATIO":null,"DIVIDEND_RATE":null,"CURRENT_RATIO":1.539288834261,"COMMON_ACS":1400000000,"CURRENTDEBT_DEBT":99.457848442561,"ISSUED_COMMON_SHARES":750000000,"HK_COMMON_SHARES":750000000,"PER_SHARES":2000,"TOTAL_MARKET_CAP":150000000,"HKSK_MARKET_CAP":150000000,"PE_TTM":-0.249747993119,"PB_TTM":0.218829972075,"REPORT_DATE_SQ":"2023-06-30 00:00:00","REPORT_TYPE_SQ":"2023年中报","OPERATE_INCOME_SQ":327663000,"DPS_HKD":null,"OPERATE_INCOME_QOQ_SQ":43.015285819081,"NET_PROFIT_RATIO_SQ":3.6809160632,"HOLDER_PROFIT_SQ":730000,"HOLDER_PROFIT_QOQ_SQ":-56.474601752002,"ROE_AVG_SQ":0.062489353269,"PE_TTM_SQ":9.464230698933,"PB_TTM_SQ":0.236618489322,"ROA_SQ":0.02648364653,"START_DATE":"2024-01-01 00:00:00","FISCAL_YEAR":"12-31","CURRENCY":"HKD","IS_CNY_CODE":0,"DPS_HKD_LY":null,"ORG_TYPE":"一般企业","PREMIUM_INCOME":null,"PREMIUM_INCOME_YOY":null,"NET_INTEREST_INCOME":null,"NET_INTEREST_INCOME_YOY":null,"FEE_COMMISSION_INCOME":null,"FEE_COMMISSION_INCOME_YOY":null,"ACCOUNTS_RECE_TDAYS":0.240425393267,"INVENTORY_TDAYS":0.048013337549,"CURRENT_ASSETS_TDAYS":0.038200875359,"TOTAL_ASSETS_TDAYS":0.028404949294,"PREMIUM_EXPENSE":null,"LOAN_DEPOSIT":null,"LOAN_EQUITY":null,"LOAN_ASSETS":null,"DEPOSIT_EQUITY":null,"DEPOSIT_ASSETS":null,"EQUITY_MULTIPLIER":2.01128854696,"EQUITY_RATIO":1.265718683715},{"SECUCODE":"02892.HK","SECURITY_CODE":"02892","SECURITY_NAME_ABBR":"万城控股","ORG_CODE":"10948153","STD_REPORT_DATE":"2023-12-31 00:00:00","REPORT_DATE":"2023-12-31 00:00:00","DATE_TYPE_CODE":"001","REPORT_TYPE":"2023年年报","PER_NETCASH_OPERATE":0.493185333333,"PER_OI":0.855512,"BPS":0.913894666667,"BASIC_EPS":-0.643,"DILUTED_EPS":-0.643,"OPERATE_INCOME":641634000,"OPERATE_INCOME_YOY":12.3342256335,"GROSS_PROFIT":-164501000,"GROSS_PROFIT_YOY":-159.798974880948,"HOLDER_PROFIT":-482278000,"HOLDER_PROFIT_YOY":-797.1551649368,"GROSS_PROFIT_RATIO":-25.637824678867,"EPS_TTM":-0.643037333333,"OPERATE_INCOME_QOQ":-21.452993650222,"NET_PROFIT_RATIO":-94.6385322474,"ROE_AVG":-52.057290457959,"GROSS_PROFIT_QOQ":-143.612237864206,"ROA":-21.788923782274,"HOLDER_PROFIT_QOQ":-1701.72035868482,"ROE_YEARLY":-52.057290457959,"ROIC_YEARLY":-28.361761567443,"TOTAL_ASSETS":1672400000,"TOTAL_LIABILITIES":822505000,"TAX_EBT":-15.389570657069,"OCF_SALES":57.647973766976,"TOTAL_PARENT_EQUITY":685421000,"DEBT_ASSET_RATIO":49.1811169577,"OPERATE_PROFIT":-260918000,"PRETAX_PROFIT":-526246000,"NETCASH_OPERATE":369889000,"NETCASH_INVEST":28426000,"NETCASH_FINANCE":-241287000,"END_CASH":363294000,"DIVI_RATIO":null,"DIVIDEND_RATE":null,"CURRENT_RATIO":1.467409068219,"COMMON_ACS":1400000000,"CURRENTDEBT_DEBT":99.613133050863,"ISSUED_COMMON_SHARES":750000000,"HK_COMMON_SHARES":750000000,"PER_SHARES":2000,"TOTAL_MARKET_CAP":191250000,"HKSK_MARKET_CAP":191250000,"PE_TTM":-0.318428691227,"PB_TTM":0.279008214396,"REPORT_DATE_SQ":"2022-12-31 00:00:00","REPORT_TYPE_SQ":"2022年年报","OPERATE_INCOME_SQ":571183000,"DPS_HKD":null,"OPERATE_INCOME_QOQ_SQ":-28.102979938221,"NET_PROFIT_RATIO_SQ":20.0356103035,"HOLDER_PROFIT_SQ":69178000,"HOLDER_PROFIT_QOQ_SQ":-20.468602699409,"ROE_AVG_SQ":6.116974830635,"PE_TTM_SQ":9.464230698933,"PB_TTM_SQ":0.236618489322,"ROA_SQ":2.388167080557,"START_DATE":"2023-01-01 00:00:00","FISCAL_YEAR":"12-31","CURRENCY":"HKD","IS_CNY_CODE":0,"DPS_HKD_LY":null,"ORG_TYPE":"一般企业","PREMIUM_INCOME":null,"PREMIUM_INCOME_YOY":null,"NET_INTEREST_INCOME":null,"NET_INTEREST_INCOME_YOY":null,"FEE_COMMISSION_INCOME":null,"FEE_COMMISSION_INCOME_YOY":null,"ACCOUNTS_RECE_TDAYS":4.479511301161,"INVENTORY_TDAYS":0.761980875214,"CURRENT_ASSETS_TDAYS":0.402057427376,"TOTAL_ASSETS_TDAYS":0.289884969294,"PREMIUM_EXPENSE":null,"LOAN_DEPOSIT":null,"LOAN_EQUITY":null,"LOAN_ASSETS":null,"DEPOSIT_EQUITY":null,"DEPOSIT_ASSETS":null,"EQUITY_MULTIPLIER":1.967772489544,"EQUITY_RATIO":1.199999708209},{"SECUCODE":"02892.HK","SECURITY_CODE":"02892","SECURITY_NAME_ABBR":"万城控股","ORG_CODE":"10948153","STD_REPORT_DATE":"2023-06-30 00:00:00","REPORT_DATE":"2023-06-30 00:00:00","DATE_TYPE_CODE":"002","REPORT_TYPE":"2023年中报","PER_NETCASH_OPERATE":0.492998666667,"PER_OI":0.436884,"BPS":1.558593333333,"BASIC_EPS":0.001,"DILUTED_EPS":0.001,"OPERATE_INCOME":327663000,"OPERATE_INCOME_YOY":299.7498993497,"GROSS_PROFIT":125196000,"GROSS_PROFIT_YOY":442.067890543817,"HOLDER_PROFIT":730000,"HOLDER_PROFIT_YOY":-98.1657369717,"GROSS_PROFIT_RATIO":38.208769375853,"EPS_TTM":0.040146666667,"OPERATE_INCOME_QOQ":43.015285819081,"NET_PROFIT_RATIO":3.6809160632,"ROE_AVG":0.062489353269,"GROSS_PROFIT_QOQ":37.115125958777,"ROA":0.02648364653,"HOLDER_PROFIT_QOQ":-56.474601752002,"ROE_YEARLY":0.124978706539,"ROIC_YEARLY":0.068727212045,"TOTAL_ASSETS":2758418000,"TOTAL_LIABILITIES":1293009000,"TAX_EBT":84.597210870454,"OCF_SALES":112.84429429017,"TOTAL_PARENT_EQUITY":1168945000,"DEBT_ASSET_RATIO":46.8750203921,"OPERATE_PROFIT":97971000,"PRETAX_PROFIT":78304000,"NETCASH_OPERATE":369749000,"NETCASH_INVEST":8066000,"NETCASH_FINANCE":-114917000,"END_CASH":469544000,"DIVI_RATIO":null,"DIVIDEND_RATE":null,"CURRENT_RATIO":1.550041218566,"COMMON_ACS":1400000000,"CURRENTDEBT_DEBT":98.787943471391,"ISSUED_COMMON_SHARES":750000000,"HK_COMMON_SHARES":750000000,"PER_SHARES":2000,"TOTAL_MARKET_CAP":191250000,"HKSK_MARKET_CAP":191250000,"PE_TTM":-0.318428691227,"PB_TTM":0.279008214396,"REPORT_DATE_SQ":"2022-06-30 00:00:00","REPORT_TYPE_SQ":"2022年中报","OPERATE_INCOME_SQ":81967000,"DPS_HKD":null,"OPERATE_INCOME_QOQ_SQ":-41.086732601607,"NET_PROFIT_RATIO_SQ":40.3333048666,"HOLDER_PROFIT_SQ":39798000,"HOLDER_PROFIT_QOQ_SQ":-47.721194126733,"ROE_AVG_SQ":3.568231283216,"PE_TTM_SQ":9.464230698933,"PB_TTM_SQ":0.236618489322,"ROA_SQ":1.318211124108,"START_DATE":"2023-01-01 00:00:00","FISCAL_YEAR":"12-31","CURRENCY":"HKD","IS_CNY_CODE":0,"DPS_HKD_LY":null,"ORG_TYPE":"一般企业","PREMIUM_INCOME":null,"PREMIUM_INCOME_YOY":null,"NET_INTEREST_INCOME":null,"NET_INTEREST_INCOME_YOY":null,"FEE_COMMISSION_INCOME":null,"FEE_COMMISSION_INCOME_YOY":null,"ACCOUNTS_RECE_TDAYS":2.408817399551,"INVENTORY_TDAYS":0.150722020317,"CURRENT_ASSETS_TDAYS":0.165094639084,"TOTAL_ASSETS_TDAYS":0.118872754423,"PREMIUM_EXPENSE":null,"LOAN_DEPOSIT":null,"LOAN_EQUITY":null,"LOAN_ASSETS":null,"DEPOSIT_EQUITY":null,"DEPOSIT_ASSETS":null,"EQUITY_MULTIPLIER":1.88235366372,"EQUITY_RATIO":1.106133308239},{"SECUCODE":"02892.HK","SECURITY_CODE":"02892","SECURITY_NAME_ABBR":"万城控股","ORG_CODE":"10948153","STD_REPORT_DATE":"2022-12-31 00:00:00","REPORT_DATE":"2022-12-31 00:00:00","DATE_TYPE_CODE":"001","REPORT_TYPE":"2022年年报","PER_NETCASH_OPERATE":0.012834666667,"PER_OI":0.761577333333,"BPS":1.556604,"BASIC_EPS":0.0922,"DILUTED_EPS":0.0922,"OPERATE_INCOME":571183000,"OPERATE_INCOME_YOY":-57.6431163195,"GROSS_PROFIT":275090000,"GROSS_PROFIT_YOY":-12.218112892057,"HOLDER_PROFIT":69178000,"HOLDER_PROFIT_YOY":-58.4219351969,"GROSS_PROFIT_RATIO":48.161447382012,"EPS_TTM":0.092237333333,"OPERATE_INCOME_QOQ":-28.102979938221,"NET_PROFIT_RATIO":20.0356103035,"ROE_AVG":6.116974830635,"GROSS_PROFIT_QOQ":45.193043570053,"ROA":2.388167080557,"HOLDER_PROFIT_QOQ":-20.468602699409,"ROE_YEARLY":6.116974830635,"ROIC_YEARLY":2.972258122173,"TOTAL_ASSETS":2754418000,"TOTAL_LIABILITIES":1294379000,"TAX_EBT":51.724283394149,"OCF_SALES":1.685274246607,"TOTAL_PARENT_EQUITY":1167453000,"DEBT_ASSET_RATIO":46.9928311534,"OPERATE_PROFIT":198842000,"PRETAX_PROFIT":237055000,"NETCASH_OPERATE":9626000,"NETCASH_INVEST":-11464000,"NETCASH_FINANCE":-169849000,"END_CASH":205561000,"DIVI_RATIO":null,"DIVIDEND_RATE":null,"CURRENT_RATIO":1.550787370272,"COMMON_ACS":1400000000,"CURRENTDEBT_DEBT":99.111465807155,"ISSUED_COMMON_SHARES":750000000,"HK_COMMON_SHARES":750000000,"PER_SHARES":2000,"TOTAL_MARKET_CAP":191250000,"HKSK_MARKET_CAP":191250000,"PE_TTM":-0.318428691227,"PB_TTM":0.279008214396,"REPORT_DATE_SQ":"2021-12-31 00:00:00","REPORT_TYPE_SQ":"2021年年报","OPERATE_INCOME_SQ":1348501000,"DPS_HKD":null,"OPERATE_INCOME_QOQ_SQ":10.916074799409,"NET_PROFIT_RATIO_SQ":13.888161744,"HOLDER_PROFIT_SQ":166381000,"HOLDER_PROFIT_QOQ_SQ":2.109940285867,"ROE_AVG_SQ":16.446603966714,"PE_TTM_SQ":9.464230698933,"PB_TTM_SQ":0.236618489322,"ROA_SQ":5.169585817312,"START_DATE":"2022-01-01 00:00:00","FISCAL_YEAR":"12-31","CURRENCY":"HKD","IS_CNY_CODE":0,"DPS_HKD_LY":null,"ORG_TYPE":"一般企业","PREMIUM_INCOME":null,"PREMIUM_INCOME_YOY":null,"NET_INTEREST_INCOME":null,"NET_INTEREST_INCOME_YOY":null,"FEE_COMMISSION_INCOME":null,"FEE_COMMISSION_INCOME_YOY":null,"ACCOUNTS_RECE_TDAYS":4.214377416404,"INVENTORY_TDAYS":0.186982289624,"CURRENT_ASSETS_TDAYS":0.257895345194,"TOTAL_ASSETS_TDAYS":0.197184139116,"PREMIUM_EXPENSE":null,"LOAN_DEPOSIT":null,"LOAN_EQUITY":null,"LOAN_ASSETS":null,"DEPOSIT_EQUITY":null,"DEPOSIT_ASSETS":null,"EQUITY_MULTIPLIER":1.886537277427,"EQUITY_RATIO":1.108720436711},{"SECUCODE":"02892.HK","SECURITY_CODE":"02892","SECURITY_NAME_ABBR":"万城控股","ORG_CODE":"10948153","STD_REPORT_DATE":"2022-06-30 00:00:00","REPORT_DATE":"2022-06-30 00:00:00","DATE_TYPE_CODE":"002","REPORT_TYPE":"2022年中报","PER_NETCASH_OPERATE":0.075193333333,"PER_OI":0.109289333333,"BPS":1.515068,"BASIC_EPS":0.0531,"DILUTED_EPS":0.0531,"OPERATE_INCOME":81967000,"OPERATE_INCOME_YOY":-87.1125527104,"GROSS_PROFIT":23096000,"GROSS_PROFIT_YOY":-84.289504115366,"HOLDER_PROFIT":39798000,"HOLDER_PROFIT_YOY":-66.6115757947,"GROSS_PROFIT_RATIO":28.177193260703,"EPS_TTM":0.115976,"OPERATE_INCOME_QOQ":-41.086732601607,"NET_PROFIT_RATIO":40.3333048666,"ROE_AVG":3.568231283216,"GROSS_PROFIT_QOQ":-39.541258348517,"ROA":1.318211124108,"HOLDER_PROFIT_QOQ":-47.721194126733,"ROE_YEARLY":7.136462566431,"ROIC_YEARLY":3.223427558532,"TOTAL_ASSETS":2999204000,"TOTAL_LIABILITIES":1612470000,"TAX_EBT":6.122217174012,"OCF_SALES":68.802078885405,"TOTAL_PARENT_EQUITY":1136301000,"DEBT_ASSET_RATIO":53.7632651864,"OPERATE_PROFIT":-13768000,"PRETAX_PROFIT":35216000,"NETCASH_OPERATE":56395000,"NETCASH_INVEST":-14952000,"NETCASH_FINANCE":-208239000,"END_CASH":208818000,"DIVI_RATIO":null,"DIVIDEND_RATE":null,"CURRENT_RATIO":1.424613997745,"COMMON_ACS":1400000000,"CURRENTDEBT_DEBT":99.615682772393,"ISSUED_COMMON_SHARES":750000000,"HK_COMMON_SHARES":750000000,"PER_SHARES":2000,"TOTAL_MARKET_CAP":191250000,"HKSK_MARKET_CAP":191250000,"PE_TTM":-0.318428691227,"PB_TTM":0.279008214396,"REPORT_DATE_SQ":"2021-06-30 00:00:00","REPORT_TYPE_SQ":"2021年中报","OPERATE_INCOME_SQ":636022000,"DPS_HKD":null,"OPERATE_INCOME_QOQ_SQ":-2.060240381517,"NET_PROFIT_RATIO_SQ":20.0711610605,"HOLDER_PROFIT_SQ":119197000,"HOLDER_PROFIT_QOQ_SQ":44.522200344136,"ROE_AVG_SQ":12.057785762553,"PE_TTM_SQ":9.464230698933,"PB_TTM_SQ":0.236618489322,"ROA_SQ":3.528046753716,"START_DATE":"2022-01-01 00:00:00","FISCAL_YEAR":"12-31","CURRENCY":"HKD","IS_CNY_CODE":0,"DPS_HKD_LY":null,"ORG_TYPE":"一般企业","PREMIUM_INCOME":null,"PREMIUM_INCOME_YOY":null,"NET_INTEREST_INCOME":null,"NET_INTEREST_INCOME_YOY":null,"FEE_COMMISSION_INCOME":null,"FEE_COMMISSION_INCOME_YOY":null,"ACCOUNTS_RECE_TDAYS":0.559987156101,"INVENTORY_TDAYS":0.034413367849,"CURRENT_ASSETS_TDAYS":0.034669932028,"TOTAL_ASSETS_TDAYS":0.027149558071,"PREMIUM_EXPENSE":null,"LOAN_DEPOSIT":null,"LOAN_EQUITY":null,"LOAN_ASSETS":null,"DEPOSIT_EQUITY":null,"DEPOSIT_ASSETS":null,"EQUITY_MULTIPLIER":2.162782480276,"EQUITY_RATIO":1.419051818136},{"SECUCODE":"02892.HK","SECURITY_CODE":"02892","SECURITY_NAME_ABBR":"万城控股","ORG_CODE":"10948153","STD_REPORT_DATE":"2021-12-31 00:00:00","REPORT_DATE":"2021-12-31 00:00:00","DATE_TYPE_CODE":"001","REPORT_TYPE":"2021年年报","PER_NETCASH_OPERATE":0.142454666667,"PER_OI":1.798001333333,"BPS":1.459178666667,"BASIC_EPS":0.2218,"DILUTED_EPS":0.2218,"OPERATE_INCOME":1348501000,"OPERATE_INCOME_YOY":8.6309370368,"GROSS_PROFIT":313379000,"GROSS_PROFIT_YOY":-43.149964262261,"HOLDER_PROFIT":166381000,"HOLDER_PROFIT_YOY":47.5715324712,"GROSS_PROFIT_RATIO":23.239063226501,"EPS_TTM":0.221841333333,"OPERATE_INCOME_QOQ":10.916074799409,"NET_PROFIT_RATIO":13.888161744,"ROE_AVG":16.446603966714,"GROSS_PROFIT_QOQ":-23.312655238655,"ROA":5.169585817312,"HOLDER_PROFIT_QOQ":2.109940285867,"ROE_YEARLY":16.446603966714,"ROIC_YEARLY":6.41097295505,"TOTAL_ASSETS":3038979000,"TOTAL_LIABILITIES":1677725000,"TAX_EBT":35.322314392082,"OCF_SALES":7.922945552135,"TOTAL_PARENT_EQUITY":1094384000,"DEBT_ASSET_RATIO":55.2068638842,"OPERATE_PROFIT":233597000,"PRETAX_PROFIT":289562000,"NETCASH_OPERATE":106841000,"NETCASH_INVEST":-32427000,"NETCASH_FINANCE":-65661000,"END_CASH":373468000,"DIVI_RATIO":null,"DIVIDEND_RATE":null,"CURRENT_RATIO":1.46082953723,"COMMON_ACS":1400000000,"CURRENTDEBT_DEBT":99.560595449195,"ISSUED_COMMON_SHARES":750000000,"HK_COMMON_SHARES":750000000,"PER_SHARES":2000,"TOTAL_MARKET_CAP":191250000,"HKSK_MARKET_CAP":191250000,"PE_TTM":-0.318428691227,"PB_TTM":0.279008214396,"REPORT_DATE_SQ":"2020-12-31 00:00:00","REPORT_TYPE_SQ":"2020年年报","OPERATE_INCOME_SQ":1241360000,"DPS_HKD":null,"OPERATE_INCOME_QOQ_SQ":29.786244138573,"NET_PROFIT_RATIO_SQ":18.6781433267,"HOLDER_PROFIT_SQ":112746000,"HOLDER_PROFIT_QOQ_SQ":13.587684743953,"ROE_AVG_SQ":12.906349805969,"PE_TTM_SQ":9.464230698933,"PB_TTM_SQ":0.236618489322,"ROA_SQ":3.104436679636,"START_DATE":"2021-01-01 00:00:00","FISCAL_YEAR":"12-31","CURRENCY":"HKD","IS_CNY_CODE":0,"DPS_HKD_LY":null,"ORG_TYPE":"一般企业","PREMIUM_INCOME":null,"PREMIUM_INCOME_YOY":null,"NET_INTEREST_INCOME":null,"NET_INTEREST_INCOME_YOY":null,"FEE_COMMISSION_INCOME":null,"FEE_COMMISSION_INCOME_YOY":null,"ACCOUNTS_RECE_TDAYS":12.490052423911,"INVENTORY_TDAYS":0.528502184346,"CURRENT_ASSETS_TDAYS":0.511550176074,"TOTAL_ASSETS_TDAYS":0.418989646909,"PREMIUM_EXPENSE":null,"LOAN_DEPOSIT":null,"LOAN_EQUITY":null,"LOAN_ASSETS":null,"DEPOSIT_EQUITY":null,"DEPOSIT_ASSETS":null,"EQUITY_MULTIPLIER":2.232484899952,"EQUITY_RATIO":1.533031367418},{"SECUCODE":"02892.HK","SECURITY_CODE":"02892","SECURITY_NAME_ABBR":"万城控股","ORG_CODE":"10948153","STD_REPORT_DATE":"2021-06-30 00:00:00","REPORT_DATE":"2021-06-30 00:00:00","DATE_TYPE_CODE":"002","REPORT_TYPE":"2021年中报","PER_NETCASH_OPERATE":0.000921333333,"PER_OI":0.848029333333,"BPS":1.397590666667,"BASIC_EPS":0.1589,"DILUTED_EPS":0.1589,"OPERATE_INCOME":636022000,"OPERATE_INCOME_YOY":-3.8656463073,"GROSS_PROFIT":147010000,"GROSS_PROFIT_YOY":-49.237404308657,"HOLDER_PROFIT":119197000,"HOLDER_PROFIT_YOY":72.7492753623,"GROSS_PROFIT_RATIO":23.113980334014,"EPS_TTM":0.217257333333,"OPERATE_INCOME_QOQ":-2.060240381517,"NET_PROFIT_RATIO":20.0711610605,"ROE_AVG":12.057785762553,"GROSS_PROFIT_QOQ":-25.867773992359,"ROA":3.528046753716,"HOLDER_PROFIT_QOQ":44.522200344136,"ROE_YEARLY":24.115571525106,"ROIC_YEARLY":8.680237525531,"TOTAL_ASSETS":3359171000,"TOTAL_LIABILITIES":2060420000,"TAX_EBT":24.666580115192,"OCF_SALES":0.108644040615,"TOTAL_PARENT_EQUITY":1048193000,"DEBT_ASSET_RATIO":61.3371572927,"OPERATE_PROFIT":91525000,"PRETAX_PROFIT":169456000,"NETCASH_OPERATE":691000,"NETCASH_INVEST":-1102000,"NETCASH_FINANCE":42508000,"END_CASH":407680000,"DIVI_RATIO":null,"DIVIDEND_RATE":null,"CURRENT_RATIO":1.30821742955,"COMMON_ACS":1400000000,"CURRENTDEBT_DEBT":99.810669669291,"ISSUED_COMMON_SHARES":750000000,"HK_COMMON_SHARES":750000000,"PER_SHARES":2000,"TOTAL_MARKET_CAP":191250000,"HKSK_MARKET_CAP":191250000,"PE_TTM":-0.318428691227,"PB_TTM":0.279008214396,"REPORT_DATE_SQ":"2020-06-30 00:00:00","REPORT_TYPE_SQ":"2020年中报","OPERATE_INCOME_SQ":661597000,"DPS_HKD":null,"OPERATE_INCOME_QOQ_SQ":169.971265989997,"NET_PROFIT_RATIO_SQ":20.5065923818,"HOLDER_PROFIT_SQ":69000000,"HOLDER_PROFIT_QOQ_SQ":452.851732204523,"ROE_AVG_SQ":8.077199295528,"PE_TTM_SQ":9.464230698933,"PB_TTM_SQ":0.236618489322,"ROA_SQ":1.914526120102,"START_DATE":"2021-01-01 00:00:00","FISCAL_YEAR":"12-31","CURRENCY":"HKD","IS_CNY_CODE":0,"DPS_HKD_LY":null,"ORG_TYPE":"一般企业","PREMIUM_INCOME":null,"PREMIUM_INCOME_YOY":null,"NET_INTEREST_INCOME":null,"NET_INTEREST_INCOME_YOY":null,"FEE_COMMISSION_INCOME":null,"FEE_COMMISSION_INCOME_YOY":null,"ACCOUNTS_RECE_TDAYS":6.434343638718,"INVENTORY_TDAYS":0.232242272613,"CURRENT_ASSETS_TDAYS":0.2303389759,"TOTAL_ASSETS_TDAYS":0.18825267015,"PREMIUM_EXPENSE":null,"LOAN_DEPOSIT":null,"LOAN_EQUITY":null,"LOAN_ASSETS":null,"DEPOSIT_EQUITY":null,"DEPOSIT_ASSETS":null,"EQUITY_MULTIPLIER":2.586462686075,"EQUITY_RATIO":1.965687616689},{"SECUCODE":"02892.HK","SECURITY_CODE":"02892","SECURITY_NAME_ABBR":"万城控股","ORG_CODE":"10948153","STD_REPORT_DATE":"2020-12-31 00:00:00","REPORT_DATE":"2020-12-31 00:00:00","DATE_TYPE_CODE":"001","REPORT_TYPE":"2020年年报","PER_NETCASH_OPERATE":-0.329793333333,"PER_OI":1.655146666667,"BPS":1.238537333333,"BASIC_EPS":0.1503,"DILUTED_EPS":0.1503,"OPERATE_INCOME":1241360000,"OPERATE_INCOME_YOY":250.3855663818,"GROSS_PROFIT":551238000,"GROSS_PROFIT_YOY":314.470894299162,"HOLDER_PROFIT":112746000,"HOLDER_PROFIT_YOY":527.971482678,"GROSS_PROFIT_RATIO":44.40597409293,"EPS_TTM":0.150328,"OPERATE_INCOME_QOQ":29.786244138573,"NET_PROFIT_RATIO":18.6781433267,"ROE_AVG":12.906349805969,"GROSS_PROFIT_QOQ":39.120712717361,"ROA":3.104436679636,"HOLDER_PROFIT_QOQ":13.587684743953,"ROE_YEARLY":12.906349805969,"ROIC_YEARLY":3.875157417744,"TOTAL_ASSETS":3397939000,"TOTAL_LIABILITIES":2229272000,"TAX_EBT":50.774904145419,"OCF_SALES":-19.925323838371,"TOTAL_PARENT_EQUITY":928903000,"DEBT_ASSET_RATIO":65.6065927022,"OPERATE_PROFIT":478557000,"PRETAX_PROFIT":471026000,"NETCASH_OPERATE":-247345000,"NETCASH_INVEST":-250440000,"NETCASH_FINANCE":137071000,"END_CASH":366309000,"DIVI_RATIO":null,"DIVIDEND_RATE":null,"CURRENT_RATIO":1.272970194718,"COMMON_ACS":1400000000,"CURRENTDEBT_DEBT":99.799710398731,"ISSUED_COMMON_SHARES":750000000,"HK_COMMON_SHARES":750000000,"PER_SHARES":2000,"TOTAL_MARKET_CAP":191250000,"HKSK_MARKET_CAP":191250000,"PE_TTM":-0.318428691227,"PB_TTM":0.279008214396,"REPORT_DATE_SQ":"2019-12-31 00:00:00","REPORT_TYPE_SQ":"2019年年报","OPERATE_INCOME_SQ":354284000,"DPS_HKD":null,"OPERATE_INCOME_QOQ_SQ":-2.731760351862,"NET_PROFIT_RATIO_SQ":4.9869596143,"HOLDER_PROFIT_SQ":17954000,"HOLDER_PROFIT_QOQ_SQ":320.468384074941,"ROE_AVG_SQ":2.226728430661,"PE_TTM_SQ":9.464230698933,"PB_TTM_SQ":0.236618489322,"ROA_SQ":0.46964199019,"START_DATE":"2020-01-01 00:00:00","FISCAL_YEAR":"12-31","CURRENCY":"HKD","IS_CNY_CODE":0,"DPS_HKD_LY":null,"ORG_TYPE":"一般企业","PREMIUM_INCOME":null,"PREMIUM_INCOME_YOY":null,"NET_INTEREST_INCOME":null,"NET_INTEREST_INCOME_YOY":null,"FEE_COMMISSION_INCOME":null,"FEE_COMMISSION_INCOME_YOY":null,"ACCOUNTS_RECE_TDAYS":13.883595043171,"INVENTORY_TDAYS":0.308276107599,"CURRENT_ASSETS_TDAYS":0.386108540306,"TOTAL_ASSETS_TDAYS":0.341805786159,"PREMIUM_EXPENSE":null,"LOAN_DEPOSIT":null,"LOAN_EQUITY":null,"LOAN_ASSETS":null,"DEPOSIT_EQUITY":null,"DEPOSIT_ASSETS":null,"EQUITY_MULTIPLIER":2.907533968186,"EQUITY_RATIO":2.399897513519},{"SECUCODE":"02892.HK","SECURITY_CODE":"02892","SECURITY_NAME_ABBR":"万城控股","ORG_CODE":"10948153","STD_REPORT_DATE":"2020-06-30 00:00:00","REPORT_DATE":"2020-06-30 00:00:00","DATE_TYPE_CODE":"002","REPORT_TYPE":"2020年中报","PER_NETCASH_OPERATE":-0.185950666667,"PER_OI":0.882129333333,"BPS":1.187034666667,"BASIC_EPS":0.092,"DILUTED_EPS":0.092,"OPERATE_INCOME":661597000,"OPERATE_INCOME_YOY":1013.4997307123,"GROSS_PROFIT":289603000,"GROSS_PROFIT_YOY":998.187402828865,"HOLDER_PROFIT":69000000,"HOLDER_PROFIT_YOY":660.7476635514,"GROSS_PROFIT_RATIO":43.773324244215,"EPS_TTM":0.132345333333,"OPERATE_INCOME_QOQ":169.971265989997,"NET_PROFIT_RATIO":20.5065923818,"ROE_AVG":8.077199295528,"GROSS_PROFIT_QOQ":197.921773259748,"ROA":1.914526120102,"HOLDER_PROFIT_QOQ":452.851732204523,"ROE_YEARLY":16.154398591056,"ROIC_YEARLY":4.78849262763,"TOTAL_ASSETS":3342449000,"TOTAL_LIABILITIES":2283398000,"TAX_EBT":47.191850937866,"OCF_SALES":-21.079750966223,"TOTAL_PARENT_EQUITY":890276000,"DEBT_ASSET_RATIO":68.315118645,"OPERATE_PROFIT":260569000,"PRETAX_PROFIT":256913000,"NETCASH_OPERATE":-139463000,"NETCASH_INVEST":-90220000,"NETCASH_FINANCE":-67004000,"END_CASH":436902000,"DIVI_RATIO":null,"DIVIDEND_RATE":null,"CURRENT_RATIO":1.311530769944,"COMMON_ACS":1400000000,"CURRENTDEBT_DEBT":99.663352599941,"ISSUED_COMMON_SHARES":750000000,"HK_COMMON_SHARES":750000000,"PER_SHARES":2000,"TOTAL_MARKET_CAP":191250000,"HKSK_MARKET_CAP":191250000,"PE_TTM":-0.318428691227,"PB_TTM":0.279008214396,"REPORT_DATE_SQ":"2019-06-30 00:00:00","REPORT_TYPE_SQ":"2019年中报","OPERATE_INCOME_SQ":59416000,"DPS_HKD":null,"OPERATE_INCOME_QOQ_SQ":-35.854758579638,"NET_PROFIT_RATIO_SQ":-23.5239666083,"HOLDER_PROFIT_SQ":-12305000,"HOLDER_PROFIT_QOQ_SQ":-87.205992509363,"ROE_AVG_SQ":-1.559602678385,"PE_TTM_SQ":9.464230698933,"PB_TTM_SQ":0.236618489322,"ROA_SQ":-0.320952303697,"START_DATE":"2020-01-01 00:00:00","FISCAL_YEAR":"12-31","CURRENCY":"HKD","IS_CNY_CODE":0,"DPS_HKD_LY":null,"ORG_TYPE":"一般企业","PREMIUM_INCOME":null,"PREMIUM_INCOME_YOY":null,"NET_INTEREST_INCOME":null,"NET_INTEREST_INCOME_YOY":null,"FEE_COMMISSION_INCOME":null,"FEE_COMMISSION_INCOME_YOY":null,"ACCOUNTS_RECE_TDAYS":8.561702513135,"INVENTORY_TDAYS":0.16585484168,"CURRENT_ASSETS_TDAYS":0.201012022342,"TOTAL_ASSETS_TDAYS":0.183571701084,"PREMIUM_EXPENSE":null,"LOAN_DEPOSIT":null,"LOAN_EQUITY":null,"LOAN_ASSETS":null,"DEPOSIT_EQUITY":null,"DEPOSIT_ASSETS":null,"EQUITY_MULTIPLIER":3.156079357836,"EQUITY_RATIO":2.564820347847}],"count":17},"success":true,"message":"ok","code":0}