{"version":"5477ce1b6e5f434730619901796d303c","result":{"pages":9,"data":[{"SECUCODE":"02899.HK","SECURITY_CODE":"02899","SECURITY_NAME_ABBR":"紫金矿业","ORG_CODE":"10010626","STD_REPORT_DATE":"2024-09-30 00:00:00","REPORT_DATE":"2024-09-30 00:00:00","DATE_TYPE_CODE":"004","REPORT_TYPE":"2024年三季报","PER_NETCASH_OPERATE":1.358611940456,"PER_OI":8.668727623143,"BPS":4.987547446289,"BASIC_EPS":0.923,"DILUTED_EPS":0.917,"OPERATE_INCOME":230396480019,"OPERATE_INCOME_YOY":2.3949035091,"GROSS_PROFIT":45000013324,"GROSS_PROFIT_YOY":31.937062295488,"HOLDER_PROFIT":24357458921,"HOLDER_PROFIT_YOY":50.6809620815,"GROSS_PROFIT_RATIO":19.53155418012,"EPS_TTM":1.102870031069,"OPERATE_INCOME_QOQ":1.807888292842,"NET_PROFIT_RATIO":12.8814281401,"ROE_AVG":20.157741625523,"GROSS_PROFIT_QOQ":7.728904633341,"ROA":6.755999403915,"HOLDER_PROFIT_QOQ":13.166354385994,"ROE_YEARLY":26.876988834031,"ROIC_YEARLY":7.972238586484,"TOTAL_ASSETS":378055900562,"TOTAL_LIABILITIES":209378880554,"TAX_EBT":15.98524245446,"OCF_SALES":15.672564642924,"TOTAL_PARENT_EQUITY":134162586550,"DEBT_ASSET_RATIO":55.3830479151,"OPERATE_PROFIT":37580248912,"PRETAX_PROFIT":35325171289,"NETCASH_OPERATE":36109037266,"NETCASH_INVEST":-20790871245,"NETCASH_FINANCE":-7290380481,"END_CASH":25423657604,"DIVI_RATIO":0.271320562457,"DIVIDEND_RATE":2.082280657396,"CURRENT_RATIO":1.084801429618,"COMMON_ACS":null,"CURRENTDEBT_DEBT":40.593831502065,"ISSUED_COMMON_SHARES":26577573940,"HK_COMMON_SHARES":5988840000,"PER_SHARES":2000,"TOTAL_MARKET_CAP":420457219730.8,"HKSK_MARKET_CAP":94743448800,"PE_TTM":12.858359141091,"PB_TTM":2.860387385511,"REPORT_DATE_SQ":"2023-09-30 00:00:00","REPORT_TYPE_SQ":"2023年三季报","OPERATE_INCOME_SQ":225007761249,"DPS_HKD":0.3294168,"OPERATE_INCOME_QOQ_SQ":1.020262362454,"NET_PROFIT_RATIO_SQ":8.9206114476,"HOLDER_PROFIT_SQ":16164921291,"HOLDER_PROFIT_QOQ_SQ":10.30631901286,"ROE_AVG_SQ":16.821012844491,"PE_TTM_SQ":15.096245162176,"PB_TTM_SQ":2.90112716827,"ROA_SQ":5.076532891313,"START_DATE":"2024-01-01 00:00:00","FISCAL_YEAR":"12-31","CURRENCY":"HKD","IS_CNY_CODE":0,"DPS_HKD_LY":0.3294168,"ORG_TYPE":"一般企业","PREMIUM_INCOME":null,"PREMIUM_INCOME_YOY":null,"NET_INTEREST_INCOME":null,"NET_INTEREST_INCOME_YOY":null,"FEE_COMMISSION_INCOME":null,"FEE_COMMISSION_INCOME_YOY":null,"ACCOUNTS_RECE_TDAYS":23.170422615547,"INVENTORY_TDAYS":5.968718771763,"CURRENT_ASSETS_TDAYS":2.713241872477,"TOTAL_ASSETS_TDAYS":0.639047975703,"PREMIUM_EXPENSE":null,"LOAN_DEPOSIT":null,"LOAN_EQUITY":null,"LOAN_ASSETS":null,"DEPOSIT_EQUITY":null,"DEPOSIT_ASSETS":null,"EQUITY_MULTIPLIER":2.241300566872,"EQUITY_RATIO":1.560635389777},{"SECUCODE":"02899.HK","SECURITY_CODE":"02899","SECURITY_NAME_ABBR":"紫金矿业","ORG_CODE":"10010626","STD_REPORT_DATE":"2024-06-30 00:00:00","REPORT_DATE":"2024-06-30 00:00:00","DATE_TYPE_CODE":"002","REPORT_TYPE":"2024年中报","PER_NETCASH_OPERATE":0.769317302821,"PER_OI":5.659460568767,"BPS":4.697053775669,"BASIC_EPS":0.574,"DILUTED_EPS":0.573,"OPERATE_INCOME":150416514457,"OPERATE_INCOME_YOY":0.0550898603,"GROSS_PROFIT":28808766387,"GROSS_PROFIT_YOY":30.801140865928,"HOLDER_PROFIT":15084385658,"HOLDER_PROFIT_YOY":46.4197608973,"GROSS_PROFIT_RATIO":19.152661854318,"EPS_TTM":0.974556472242,"OPERATE_INCOME_QOQ":0.085659136739,"NET_PROFIT_RATIO":12.2830804049,"ROE_AVG":12.89550778496,"GROSS_PROFIT_QOQ":12.73524952068,"ROA":4.237888805463,"HOLDER_PROFIT_QOQ":18.065218459276,"ROE_YEARLY":25.79101556992,"ROIC_YEARLY":9.990721520977,"TOTAL_ASSETS":368876382001,"TOTAL_LIABILITIES":208983707071,"TAX_EBT":14.415197644918,"OCF_SALES":13.593474032963,"TOTAL_PARENT_EQUITY":126441969540,"DEBT_ASSET_RATIO":56.6541305619,"OPERATE_PROFIT":22944406539,"PRETAX_PROFIT":21587689525,"NETCASH_OPERATE":20446829834,"NETCASH_INVEST":-13693631601,"NETCASH_FINANCE":-20087684,"END_CASH":24361667120,"DIVI_RATIO":0.307043589232,"DIVIDEND_RATE":2.095526717557,"CURRENT_RATIO":1.063743066896,"COMMON_ACS":null,"CURRENTDEBT_DEBT":40.388467131232,"ISSUED_COMMON_SHARES":26577573940,"HK_COMMON_SHARES":5988840000,"PER_SHARES":2000,"TOTAL_MARKET_CAP":417799462336.8,"HKSK_MARKET_CAP":94144564800,"PE_TTM":12.777080006191,"PB_TTM":2.842306555008,"REPORT_DATE_SQ":"2023-06-30 00:00:00","REPORT_TYPE_SQ":"2023年中报","OPERATE_INCOME_SQ":150333695834,"DPS_HKD":0.3294168,"OPERATE_INCOME_QOQ_SQ":2.745753690707,"NET_PROFIT_RATIO_SQ":8.5363620397,"HOLDER_PROFIT_SQ":10302151544,"HOLDER_PROFIT_QOQ_SQ":-8.501570925609,"ROE_AVG_SQ":10.966408275203,"PE_TTM_SQ":14.122293861391,"PB_TTM_SQ":2.713957673543,"ROA_SQ":3.257112064262,"START_DATE":"2024-01-01 00:00:00","FISCAL_YEAR":"12-31","CURRENCY":"HKD","IS_CNY_CODE":0,"DPS_HKD_LY":0.3294168,"ORG_TYPE":"一般企业","PREMIUM_INCOME":null,"PREMIUM_INCOME_YOY":null,"NET_INTEREST_INCOME":null,"NET_INTEREST_INCOME_YOY":null,"FEE_COMMISSION_INCOME":null,"FEE_COMMISSION_INCOME_YOY":null,"ACCOUNTS_RECE_TDAYS":15.100188330681,"INVENTORY_TDAYS":3.861404434137,"CURRENT_ASSETS_TDAYS":1.796939515149,"TOTAL_ASSETS_TDAYS":0.422588282497,"PREMIUM_EXPENSE":null,"LOAN_DEPOSIT":null,"LOAN_EQUITY":null,"LOAN_ASSETS":null,"DEPOSIT_EQUITY":null,"DEPOSIT_ASSETS":null,"EQUITY_MULTIPLIER":2.307024897558,"EQUITY_RATIO":1.652803320221},{"SECUCODE":"02899.HK","SECURITY_CODE":"02899","SECURITY_NAME_ABBR":"紫金矿业","ORG_CODE":"10010626","STD_REPORT_DATE":"2024-03-31 00:00:00","REPORT_DATE":"2024-03-31 00:00:00","DATE_TYPE_CODE":"003","REPORT_TYPE":"2024年一季报","PER_NETCASH_OPERATE":0.310418508821,"PER_OI":2.840410727302,"BPS":4.390056069956,"BASIC_EPS":0.238,"DILUTED_EPS":0.238,"OPERATE_INCOME":74776621392,"OPERATE_INCOME_YOY":-0.2246499115,"GROSS_PROFIT":12416696293,"GROSS_PROFIT_YOY":6.687229208277,"HOLDER_PROFIT":6260843273,"HOLDER_PROFIT_YOY":15.0502390066,"GROSS_PROFIT_RATIO":16.605051233738,"EPS_TTM":0.833337303187,"OPERATE_INCOME_QOQ":-0.057383088663,"NET_PROFIT_RATIO":10.2289699182,"ROE_AVG":5.58547592309,"GROSS_PROFIT_QOQ":1.6780959907,"ROA":1.791596094845,"HOLDER_PROFIT_QOQ":3.877990364492,"ROE_YEARLY":22.34190369236,"ROIC_YEARLY":8.393885595514,"TOTAL_ASSETS":355906653868,"TOTAL_LIABILITIES":207476042995,"TAX_EBT":13.360103182632,"OCF_SALES":10.92864865766,"TOTAL_PARENT_EQUITY":116677039800,"DEBT_ASSET_RATIO":58.2950728064,"OPERATE_PROFIT":9631433342,"PRETAX_PROFIT":8828355514,"NETCASH_OPERATE":8172074230,"NETCASH_INVEST":-7890822459,"NETCASH_FINANCE":2403036000,"END_CASH":20301069695,"DIVI_RATIO":0.359075870001,"DIVIDEND_RATE":2.095526717557,"CURRENT_RATIO":0.945024229532,"COMMON_ACS":null,"CURRENTDEBT_DEBT":42.128681034806,"ISSUED_COMMON_SHARES":26577573940,"HK_COMMON_SHARES":5988840000,"PER_SHARES":2000,"TOTAL_MARKET_CAP":417799462336.8,"HKSK_MARKET_CAP":94144564800,"PE_TTM":12.777080006191,"PB_TTM":2.842306555008,"REPORT_DATE_SQ":"2023-03-31 00:00:00","REPORT_TYPE_SQ":"2023年一季报","OPERATE_INCOME_SQ":74944985235,"DPS_HKD":0.3294168,"OPERATE_INCOME_QOQ_SQ":3.763650865056,"NET_PROFIT_RATIO_SQ":9.1759102593,"HOLDER_PROFIT_SQ":5441834217,"HOLDER_PROFIT_QOQ_SQ":-3.402701763995,"ROE_AVG_SQ":5.891487257161,"PE_TTM_SQ":14.122293861391,"PB_TTM_SQ":2.713957673543,"ROA_SQ":1.751452592427,"START_DATE":"2024-01-01 00:00:00","FISCAL_YEAR":"12-31","CURRENCY":"HKD","IS_CNY_CODE":0,"DPS_HKD_LY":0.3294168,"ORG_TYPE":"一般企业","PREMIUM_INCOME":null,"PREMIUM_INCOME_YOY":null,"NET_INTEREST_INCOME":null,"NET_INTEREST_INCOME_YOY":null,"FEE_COMMISSION_INCOME":null,"FEE_COMMISSION_INCOME_YOY":null,"ACCOUNTS_RECE_TDAYS":6.975864943487,"INVENTORY_TDAYS":2.083697734935,"CURRENT_ASSETS_TDAYS":0.933364902414,"TOTAL_ASSETS_TDAYS":0.213979965685,"PREMIUM_EXPENSE":null,"LOAN_DEPOSIT":null,"LOAN_EQUITY":null,"LOAN_ASSETS":null,"DEPOSIT_EQUITY":null,"DEPOSIT_ASSETS":null,"EQUITY_MULTIPLIER":2.397798215443,"EQUITY_RATIO":1.77820797777},{"SECUCODE":"02899.HK","SECURITY_CODE":"02899","SECURITY_NAME_ABBR":"紫金矿业","ORG_CODE":"10010626","STD_REPORT_DATE":"2023-12-31 00:00:00","REPORT_DATE":"2023-12-31 00:00:00","DATE_TYPE_CODE":"001","REPORT_TYPE":"2023年年报","PER_NETCASH_OPERATE":1.400108873996,"PER_OI":11.144757143012,"BPS":4.044987084438,"BASIC_EPS":0.8,"DILUTED_EPS":0.8,"OPERATE_INCOME":293403242878,"OPERATE_INCOME_YOY":8.5356156944,"GROSS_PROFIT":46379176359,"GROSS_PROFIT_YOY":9.01277725684,"HOLDER_PROFIT":21119419571,"HOLDER_PROFIT_YOY":5.3755669218,"GROSS_PROFIT_RATIO":15.807315523873,"EPS_TTM":0.802209272847,"OPERATE_INCOME_QOQ":0.775429119552,"NET_PROFIT_RATIO":9.0454349477,"ROE_AVG":21.501203123359,"GROSS_PROFIT_QOQ":3.521905130123,"ROA":6.507795885943,"HOLDER_PROFIT_QOQ":8.083876997552,"ROE_YEARLY":21.501203123359,"ROIC_YEARLY":7.764665572583,"TOTAL_ASSETS":343005706012,"TOTAL_LIABILITIES":204642909694,"TAX_EBT":15.17499399042,"OCF_SALES":12.562937496341,"TOTAL_PARENT_EQUITY":107505943323,"DEBT_ASSET_RATIO":59.6616633797,"OPERATE_PROFIT":34555963101,"PRETAX_PROFIT":31287471369,"NETCASH_OPERATE":36860066015,"NETCASH_INVEST":-33964609456,"NETCASH_FINANCE":-5816988269,"END_CASH":17692467027,"DIVI_RATIO":0.373009047981,"DIVIDEND_RATE":2.095526717557,"CURRENT_RATIO":0.922146547584,"COMMON_ACS":null,"CURRENTDEBT_DEBT":41.136256922303,"ISSUED_COMMON_SHARES":26577573940,"HK_COMMON_SHARES":5988840000,"PER_SHARES":2000,"TOTAL_MARKET_CAP":417799462336.8,"HKSK_MARKET_CAP":94144564800,"PE_TTM":12.777080006191,"PB_TTM":2.842306555008,"REPORT_DATE_SQ":"2022-12-31 00:00:00","REPORT_TYPE_SQ":"2022年年报","OPERATE_INCOME_SQ":270328998459,"DPS_HKD":0.3294168,"OPERATE_INCOME_QOQ_SQ":3.845642420006,"NET_PROFIT_RATIO_SQ":9.1618769219,"HOLDER_PROFIT_SQ":20042045977,"HOLDER_PROFIT_QOQ_SQ":-4.732155224533,"ROE_AVG_SQ":25.056136026338,"PE_TTM_SQ":14.122293861391,"PB_TTM_SQ":2.713957673543,"ROA_SQ":7.788781293544,"START_DATE":"2023-01-01 00:00:00","FISCAL_YEAR":"12-31","CURRENCY":"HKD","IS_CNY_CODE":0,"DPS_HKD_LY":0.2776833,"ORG_TYPE":"一般企业","PREMIUM_INCOME":null,"PREMIUM_INCOME_YOY":null,"NET_INTEREST_INCOME":null,"NET_INTEREST_INCOME_YOY":null,"FEE_COMMISSION_INCOME":null,"FEE_COMMISSION_INCOME_YOY":null,"ACCOUNTS_RECE_TDAYS":25.773602656013,"INVENTORY_TDAYS":8.608073575405,"CURRENT_ASSETS_TDAYS":3.731133044432,"TOTAL_ASSETS_TDAYS":0.904100801873,"PREMIUM_EXPENSE":null,"LOAN_DEPOSIT":null,"LOAN_EQUITY":null,"LOAN_ASSETS":null,"DEPOSIT_EQUITY":null,"DEPOSIT_ASSETS":null,"EQUITY_MULTIPLIER":2.479031323014,"EQUITY_RATIO":1.903549732866},{"SECUCODE":"02899.HK","SECURITY_CODE":"02899","SECURITY_NAME_ABBR":"紫金矿业","ORG_CODE":"10010626","STD_REPORT_DATE":"2023-09-30 00:00:00","REPORT_DATE":"2023-09-30 00:00:00","DATE_TYPE_CODE":"004","REPORT_TYPE":"2023年三季报","PER_NETCASH_OPERATE":0.977080846894,"PER_OI":8.546793245416,"BPS":3.885093614568,"BASIC_EPS":0.615,"DILUTED_EPS":0.615,"OPERATE_INCOME":225007761249,"OPERATE_INCOME_YOY":10.1946715513,"GROSS_PROFIT":34107181516,"GROSS_PROFIT_YOY":7.084959046343,"HOLDER_PROFIT":16164921291,"HOLDER_PROFIT_YOY":-3.0131367625,"GROSS_PROFIT_RATIO":15.15822446598,"EPS_TTM":0.742209934665,"OPERATE_INCOME_QOQ":1.020262362454,"NET_PROFIT_RATIO":8.9206114476,"ROE_AVG":16.821012844491,"GROSS_PROFIT_QOQ":6.994321814461,"ROA":5.076532891313,"HOLDER_PROFIT_QOQ":10.30631901286,"ROE_YEARLY":22.428017125989,"ROIC_YEARLY":6.082030761602,"TOTAL_ASSETS":330804735031,"TOTAL_LIABILITIES":195256507733,"TAX_EBT":16.15606493473,"OCF_SALES":11.432133887388,"TOTAL_PARENT_EQUITY":103256362805,"DEBT_ASSET_RATIO":59.0247016007,"OPERATE_PROFIT":26198039284,"PRETAX_PROFIT":23939797306,"NETCASH_OPERATE":25723188523,"NETCASH_INVEST":-24180440592,"NETCASH_FINANCE":-6137080149,"END_CASH":16422556836,"DIVI_RATIO":0.403162640609,"DIVIDEND_RATE":2.095526717557,"CURRENT_RATIO":0.972138751709,"COMMON_ACS":null,"CURRENTDEBT_DEBT":41.658641774557,"ISSUED_COMMON_SHARES":26577573940,"HK_COMMON_SHARES":5988840000,"PER_SHARES":2000,"TOTAL_MARKET_CAP":417799462336.8,"HKSK_MARKET_CAP":94144564800,"PE_TTM":12.777080006191,"PB_TTM":2.842306555008,"REPORT_DATE_SQ":"2022-09-30 00:00:00","REPORT_TYPE_SQ":"2022年三季报","OPERATE_INCOME_SQ":204191144709,"DPS_HKD":0.3294168,"OPERATE_INCOME_QOQ_SQ":5.095523121425,"NET_PROFIT_RATIO_SQ":10.1316385524,"HOLDER_PROFIT_SQ":16667124548,"HOLDER_PROFIT_QOQ_SQ":-2.846135006996,"ROE_AVG_SQ":21.455046417479,"PE_TTM_SQ":14.122293861391,"PB_TTM_SQ":2.713957673543,"ROA_SQ":6.729227948418,"START_DATE":"2023-01-01 00:00:00","FISCAL_YEAR":"12-31","CURRENCY":"HKD","IS_CNY_CODE":0,"DPS_HKD_LY":0.2776833,"ORG_TYPE":"一般企业","PREMIUM_INCOME":null,"PREMIUM_INCOME_YOY":null,"NET_INTEREST_INCOME":null,"NET_INTEREST_INCOME_YOY":null,"FEE_COMMISSION_INCOME":null,"FEE_COMMISSION_INCOME_YOY":null,"ACCOUNTS_RECE_TDAYS":19.896599569801,"INVENTORY_TDAYS":6.307743094859,"CURRENT_ASSETS_TDAYS":2.835289949703,"TOTAL_ASSETS_TDAYS":0.706628433395,"PREMIUM_EXPENSE":null,"LOAN_DEPOSIT":null,"LOAN_EQUITY":null,"LOAN_ASSETS":null,"DEPOSIT_EQUITY":null,"DEPOSIT_ASSETS":null,"EQUITY_MULTIPLIER":2.440494734791,"EQUITY_RATIO":1.890987658569},{"SECUCODE":"02899.HK","SECURITY_CODE":"02899","SECURITY_NAME_ABBR":"紫金矿业","ORG_CODE":"10010626","STD_REPORT_DATE":"2023-06-30 00:00:00","REPORT_DATE":"2023-06-30 00:00:00","DATE_TYPE_CODE":"002","REPORT_TYPE":"2023年中报","PER_NETCASH_OPERATE":0.60880344542,"PER_OI":5.710340874378,"BPS":3.722793877702,"BASIC_EPS":0.391,"DILUTED_EPS":0.391,"OPERATE_INCOME":150333695834,"OPERATE_INCOME_YOY":13.4957732907,"GROSS_PROFIT":22024858649,"GROSS_PROFIT_YOY":-2.961209248112,"HOLDER_PROFIT":10302151544,"HOLDER_PROFIT_YOY":-18.431317916,"GROSS_PROFIT_RATIO":14.65064670087,"EPS_TTM":0.672862571526,"OPERATE_INCOME_QOQ":2.745753690707,"NET_PROFIT_RATIO":8.5363620397,"ROE_AVG":10.966408275203,"GROSS_PROFIT_QOQ":-2.544502915475,"ROA":3.257112064262,"HOLDER_PROFIT_QOQ":-8.501570925609,"ROE_YEARLY":21.932816550406,"ROIC_YEARLY":7.909224508986,"TOTAL_ASSETS":326550093749,"TOTAL_LIABILITIES":192468866020,"TAX_EBT":17.446151084751,"OCF_SALES":10.661420374244,"TOTAL_PARENT_EQUITY":98942829548,"DEBT_ASSET_RATIO":58.9400737297,"OPERATE_PROFIT":17016323408,"PRETAX_PROFIT":15545039647,"NETCASH_OPERATE":16027707277,"NETCASH_INVEST":-14851343569,"NETCASH_FINANCE":-1915371697,"END_CASH":19750269606,"DIVI_RATIO":0.444713868491,"DIVIDEND_RATE":2.095526717557,"CURRENT_RATIO":1.084093715087,"COMMON_ACS":null,"CURRENTDEBT_DEBT":38.722892080767,"ISSUED_COMMON_SHARES":26577573940,"HK_COMMON_SHARES":5988840000,"PER_SHARES":2000,"TOTAL_MARKET_CAP":417799462336.8,"HKSK_MARKET_CAP":94144564800,"PE_TTM":12.777080006191,"PB_TTM":2.842306555008,"REPORT_DATE_SQ":"2022-06-30 00:00:00","REPORT_TYPE_SQ":"2022年中报","OPERATE_INCOME_SQ":132457528131,"DPS_HKD":0.3294168,"OPERATE_INCOME_QOQ_SQ":2.197292117762,"NET_PROFIT_RATIO_SQ":11.6493392665,"HOLDER_PROFIT_SQ":12630033097,"HOLDER_PROFIT_QOQ_SQ":12.279485726416,"ROE_AVG_SQ":17.009891205527,"PE_TTM_SQ":14.122293861391,"PB_TTM_SQ":2.713957673543,"ROA_SQ":5.260743738045,"START_DATE":"2023-01-01 00:00:00","FISCAL_YEAR":"12-31","CURRENCY":"HKD","IS_CNY_CODE":0,"DPS_HKD_LY":0.2776833,"ORG_TYPE":"一般企业","PREMIUM_INCOME":null,"PREMIUM_INCOME_YOY":null,"NET_INTEREST_INCOME":null,"NET_INTEREST_INCOME_YOY":null,"FEE_COMMISSION_INCOME":null,"FEE_COMMISSION_INCOME_YOY":null,"ACCOUNTS_RECE_TDAYS":13.294400764022,"INVENTORY_TDAYS":4.328057052251,"CURRENT_ASSETS_TDAYS":1.874000896249,"TOTAL_ASSETS_TDAYS":0.475292653457,"PREMIUM_EXPENSE":null,"LOAN_DEPOSIT":null,"LOAN_EQUITY":null,"LOAN_ASSETS":null,"DEPOSIT_EQUITY":null,"DEPOSIT_ASSETS":null,"EQUITY_MULTIPLIER":2.435464675258,"EQUITY_RATIO":1.945253303339},{"SECUCODE":"02899.HK","SECURITY_CODE":"02899","SECURITY_NAME_ABBR":"紫金矿业","ORG_CODE":"10010626","STD_REPORT_DATE":"2023-03-31 00:00:00","REPORT_DATE":"2023-03-31 00:00:00","DATE_TYPE_CODE":"003","REPORT_TYPE":"2023年一季报","PER_NETCASH_OPERATE":0.297364122683,"PER_OI":2.846569999308,"BPS":3.60426875618,"BASIC_EPS":0.207,"DILUTED_EPS":0.207,"OPERATE_INCOME":74944985235,"OPERATE_INCOME_YOY":15.7080787063,"GROSS_PROFIT":11638409194,"GROSS_PROFIT_YOY":3.754606876774,"HOLDER_PROFIT":5441834217,"HOLDER_PROFIT_YOY":-11.1363935012,"GROSS_PROFIT_RATIO":15.529270113946,"EPS_TTM":0.735336837989,"OPERATE_INCOME_QOQ":3.763650865056,"NET_PROFIT_RATIO":9.1759102593,"ROE_AVG":5.891487257161,"GROSS_PROFIT_QOQ":0.989931346981,"ROA":1.751452592427,"HOLDER_PROFIT_QOQ":-3.402701763995,"ROE_YEARLY":23.565949028646,"ROIC_YEARLY":8.508297374167,"TOTAL_ASSETS":315363969494,"TOTAL_LIABILITIES":184523229558,"TAX_EBT":15.20271886126,"OCF_SALES":10.446401204098,"TOTAL_PARENT_EQUITY":95792719367,"DEBT_ASSET_RATIO":58.5111957634,"OPERATE_PROFIT":8917707631,"PRETAX_PROFIT":8109793730,"NETCASH_OPERATE":7829053840,"NETCASH_INVEST":-7594231666,"NETCASH_FINANCE":-1586072335,"END_CASH":18219656407,"DIVI_RATIO":0.406930948767,"DIVIDEND_RATE":2.095526717557,"CURRENT_RATIO":1.091757659175,"COMMON_ACS":null,"CURRENTDEBT_DEBT":39.964662366166,"ISSUED_COMMON_SHARES":26577573940,"HK_COMMON_SHARES":5988840000,"PER_SHARES":2000,"TOTAL_MARKET_CAP":417799462336.8,"HKSK_MARKET_CAP":94144564800,"PE_TTM":12.777080006191,"PB_TTM":2.842306555008,"REPORT_DATE_SQ":"2022-03-31 00:00:00","REPORT_TYPE_SQ":"2022年一季报","OPERATE_INCOME_SQ":64770745546,"DPS_HKD":0.3294168,"OPERATE_INCOME_QOQ_SQ":7.671424007355,"NET_PROFIT_RATIO_SQ":11.448479156,"HOLDER_PROFIT_SQ":6123805269,"HOLDER_PROFIT_QOQ_SQ":23.05143105102,"ROE_AVG_SQ":8.18900873818,"PE_TTM_SQ":14.122293861391,"PB_TTM_SQ":2.713957673543,"ROA_SQ":2.769890758184,"START_DATE":"2023-01-01 00:00:00","FISCAL_YEAR":"12-31","CURRENCY":"HKD","IS_CNY_CODE":0,"DPS_HKD_LY":0.2776833,"ORG_TYPE":"一般企业","PREMIUM_INCOME":null,"PREMIUM_INCOME_YOY":null,"NET_INTEREST_INCOME":null,"NET_INTEREST_INCOME_YOY":null,"FEE_COMMISSION_INCOME":null,"FEE_COMMISSION_INCOME_YOY":null,"ACCOUNTS_RECE_TDAYS":6.720143984706,"INVENTORY_TDAYS":2.156845172501,"CURRENT_ASSETS_TDAYS":0.935904897777,"TOTAL_ASSETS_TDAYS":0.241210193925,"PREMIUM_EXPENSE":null,"LOAN_DEPOSIT":null,"LOAN_EQUITY":null,"LOAN_ASSETS":null,"DEPOSIT_EQUITY":null,"DEPOSIT_ASSETS":null,"EQUITY_MULTIPLIER":2.410288795737,"EQUITY_RATIO":1.926276138493},{"SECUCODE":"02899.HK","SECURITY_CODE":"02899","SECURITY_NAME_ABBR":"紫金矿业","ORG_CODE":"10010626","STD_REPORT_DATE":"2022-12-31 00:00:00","REPORT_DATE":"2022-12-31 00:00:00","DATE_TYPE_CODE":"001","REPORT_TYPE":"2022年年报","PER_NETCASH_OPERATE":1.089223375779,"PER_OI":10.267225972136,"BPS":3.346534965862,"BASIC_EPS":0.76,"DILUTED_EPS":0.76,"OPERATE_INCOME":270328998459,"OPERATE_INCOME_YOY":20.0915192675,"GROSS_PROFIT":42544715882,"GROSS_PROFIT_YOY":22.426020929486,"HOLDER_PROFIT":20042045977,"HOLDER_PROFIT_YOY":27.8773142459,"GROSS_PROFIT_RATIO":15.738125071496,"EPS_TTM":0.76120658961,"OPERATE_INCOME_QOQ":3.845642420006,"NET_PROFIT_RATIO":9.1618769219,"ROE_AVG":25.056136026338,"GROSS_PROFIT_QOQ":2.210707724463,"ROA":7.788781293544,"HOLDER_PROFIT_QOQ":-4.732155224533,"ROE_YEARLY":25.056136026338,"ROIC_YEARLY":9.48067583238,"TOTAL_ASSETS":306044139470,"TOTAL_LIABILITIES":181588693965,"TAX_EBT":17.422954739128,"OCF_SALES":10.608740654344,"TOTAL_PARENT_EQUITY":88942780498,"DEBT_ASSET_RATIO":59.3341516944,"OPERATE_PROFIT":31897845498,"PRETAX_PROFIT":29992850973,"NETCASH_OPERATE":28678502360,"NETCASH_INVEST":-50980951795,"NETCASH_FINANCE":27257976781,"END_CASH":19666678538,"DIVI_RATIO":0.393101322598,"DIVIDEND_RATE":2.095526717557,"CURRENT_RATIO":1.119074991524,"COMMON_ACS":null,"CURRENTDEBT_DEBT":39.192915749324,"ISSUED_COMMON_SHARES":26577573940,"HK_COMMON_SHARES":5988840000,"PER_SHARES":2000,"TOTAL_MARKET_CAP":417799462336.8,"HKSK_MARKET_CAP":94144564800,"PE_TTM":12.777080006191,"PB_TTM":2.842306555008,"REPORT_DATE_SQ":"2021-12-31 00:00:00","REPORT_TYPE_SQ":"2021年年报","OPERATE_INCOME_SQ":225102488592,"DPS_HKD":0.3294168,"OPERATE_INCOME_QOQ_SQ":7.16953043026,"NET_PROFIT_RATIO_SQ":8.7069843051,"HOLDER_PROFIT_SQ":15672870591,"HOLDER_PROFIT_QOQ_SQ":18.387473201236,"ROE_AVG_SQ":24.570842013705,"PE_TTM_SQ":14.122293861391,"PB_TTM_SQ":2.713957673543,"ROA_SQ":8.018701820706,"START_DATE":"2022-01-01 00:00:00","FISCAL_YEAR":"12-31","CURRENCY":"HKD","IS_CNY_CODE":0,"DPS_HKD_LY":0.2325993,"ORG_TYPE":"一般企业","PREMIUM_INCOME":null,"PREMIUM_INCOME_YOY":null,"NET_INTEREST_INCOME":null,"NET_INTEREST_INCOME_YOY":null,"FEE_COMMISSION_INCOME":null,"FEE_COMMISSION_INCOME_YOY":null,"ACCOUNTS_RECE_TDAYS":33.703888707833,"INVENTORY_TDAYS":9.608563682189,"CURRENT_ASSETS_TDAYS":4.26693487413,"TOTAL_ASSETS_TDAYS":1.050558135989,"PREMIUM_EXPENSE":null,"LOAN_DEPOSIT":null,"LOAN_EQUITY":null,"LOAN_ASSETS":null,"DEPOSIT_EQUITY":null,"DEPOSIT_ASSETS":null,"EQUITY_MULTIPLIER":2.459065878781,"EQUITY_RATIO":2.041635003406},{"SECUCODE":"02899.HK","SECURITY_CODE":"02899","SECURITY_NAME_ABBR":"紫金矿业","ORG_CODE":"10010626","STD_REPORT_DATE":"2022-09-30 00:00:00","REPORT_DATE":"2022-09-30 00:00:00","DATE_TYPE_CODE":"004","REPORT_TYPE":"2022年三季报","PER_NETCASH_OPERATE":0.833612642857,"PER_OI":7.755278331911,"BPS":3.173107685389,"BASIC_EPS":0.635,"DILUTED_EPS":0.635,"OPERATE_INCOME":204191144709,"OPERATE_INCOME_YOY":20.8406537381,"GROSS_PROFIT":31850580903,"GROSS_PROFIT_YOY":27.51745389801,"HOLDER_PROFIT":16667124548,"HOLDER_PROFIT_YOY":47.4651176101,"GROSS_PROFIT_RATIO":15.598414391766,"EPS_TTM":0.799017329934,"OPERATE_INCOME_QOQ":5.095523121425,"NET_PROFIT_RATIO":10.1316385524,"ROE_AVG":21.455046417479,"GROSS_PROFIT_QOQ":0.198014003452,"ROA":6.729227948418,"HOLDER_PROFIT_QOQ":-2.846135006996,"ROE_YEARLY":28.606728556639,"ROIC_YEARLY":8.274407596766,"TOTAL_ASSETS":286770456652,"TOTAL_LIABILITIES":167169345949,"TAX_EBT":16.838237822091,"OCF_SALES":10.748971309348,"TOTAL_PARENT_EQUITY":84333504128,"DEBT_ASSET_RATIO":58.2937823863,"OPERATE_PROFIT":25769007174,"PRETAX_PROFIT":24876707992,"NETCASH_OPERATE":21948447561,"NETCASH_INVEST":-30136792819,"NETCASH_FINANCE":13524919252,"END_CASH":20011920247,"DIVI_RATIO":0.374499157823,"DIVIDEND_RATE":2.095526717557,"CURRENT_RATIO":1.283479481656,"COMMON_ACS":null,"CURRENTDEBT_DEBT":38.57519825894,"ISSUED_COMMON_SHARES":26577573940,"HK_COMMON_SHARES":5988840000,"PER_SHARES":2000,"TOTAL_MARKET_CAP":417799462336.8,"HKSK_MARKET_CAP":94144564800,"PE_TTM":12.777080006191,"PB_TTM":2.842306555008,"REPORT_DATE_SQ":"2021-09-30 00:00:00","REPORT_TYPE_SQ":"2021年三季报","OPERATE_INCOME_SQ":168975537944,"DPS_HKD":0.3294168,"OPERATE_INCOME_QOQ_SQ":5.963465904816,"NET_PROFIT_RATIO_SQ":8.6006122702,"HOLDER_PROFIT_SQ":11302418374,"HOLDER_PROFIT_QOQ_SQ":23.308317398692,"ROE_AVG_SQ":17.808262062885,"PE_TTM_SQ":14.122293861391,"PB_TTM_SQ":2.713957673543,"ROA_SQ":5.851777585525,"START_DATE":"2022-01-01 00:00:00","FISCAL_YEAR":"12-31","CURRENCY":"HKD","IS_CNY_CODE":0,"DPS_HKD_LY":0.2325993,"ORG_TYPE":"一般企业","PREMIUM_INCOME":null,"PREMIUM_INCOME_YOY":null,"NET_INTEREST_INCOME":null,"NET_INTEREST_INCOME_YOY":null,"FEE_COMMISSION_INCOME":null,"FEE_COMMISSION_INCOME_YOY":null,"ACCOUNTS_RECE_TDAYS":26.414968857775,"INVENTORY_TDAYS":6.891151212034,"CURRENT_ASSETS_TDAYS":3.145500294071,"TOTAL_ASSETS_TDAYS":0.824406605853,"PREMIUM_EXPENSE":null,"LOAN_DEPOSIT":null,"LOAN_EQUITY":null,"LOAN_ASSETS":null,"DEPOSIT_EQUITY":null,"DEPOSIT_ASSETS":null,"EQUITY_MULTIPLIER":2.397724025857,"EQUITY_RATIO":1.982241194381}],"count":76},"success":true,"message":"ok","code":0}