{"version":"7fb9d223c3b4fad070ecc6ec0b5a2459","result":{"pages":3,"data":[{"SECUCODE":"03301.HK","SECURITY_CODE":"03301","SECURITY_NAME_ABBR":"融信中国","ORG_CODE":"10476137","STD_REPORT_DATE":"2024-06-30 00:00:00","REPORT_DATE":"2024-06-30 00:00:00","DATE_TYPE_CODE":"002","REPORT_TYPE":"2024年中报","PER_NETCASH_OPERATE":0.960754910279,"PER_OI":8.436618122115,"BPS":-0.99927207192,"BASIC_EPS":-1.15,"DILUTED_EPS":-1.15,"OPERATE_INCOME":14202468000,"OPERATE_INCOME_YOY":6.5522044709,"GROSS_PROFIT":2912257000,"GROSS_PROFIT_YOY":4013.42972707849,"HOLDER_PROFIT":-1930740000,"HOLDER_PROFIT_YOY":3.0952464603,"GROSS_PROFIT_RATIO":20.505288235819,"EPS_TTM":-3.479795458754,"OPERATE_INCOME_QOQ":1.972102554274,"NET_PROFIT_RATIO":0.5631204379,"ROE_AVG":269.341941531954,"GROSS_PROFIT_QOQ":188.146070707052,"ROA":-1.375847775941,"HOLDER_PROFIT_QOQ":1.041781573186,"ROE_YEARLY":538.683883063909,"ROIC_YEARLY":-3.381387937032,"TOTAL_ASSETS":133350186000,"TOTAL_LIABILITIES":111479746000,"TAX_EBT":91.717129035566,"OCF_SALES":11.387915114472,"TOTAL_PARENT_EQUITY":-1682206000,"DEBT_ASSET_RATIO":83.5992429737,"OPERATE_PROFIT":2360101000,"PRETAX_PROFIT":965571000,"NETCASH_OPERATE":1617365000,"NETCASH_INVEST":495692000,"NETCASH_FINANCE":-2686417000,"END_CASH":2588450000,"DIVI_RATIO":null,"DIVIDEND_RATE":null,"CURRENT_RATIO":1.092215706478,"COMMON_ACS":38000000000,"CURRENTDEBT_DEBT":91.178226222367,"ISSUED_COMMON_SHARES":1683431417,"HK_COMMON_SHARES":1683431417,"PER_SHARES":500,"TOTAL_MARKET_CAP":530280896.355,"HKSK_MARKET_CAP":530280896.355,"PE_TTM":-0.081748788856,"PB_TTM":-0.287703627549,"REPORT_DATE_SQ":"2023-06-30 00:00:00","REPORT_TYPE_SQ":"2023年中报","OPERATE_INCOME_SQ":13329117000,"DPS_HKD":null,"OPERATE_INCOME_QOQ_SQ":-3.06903436049,"NET_PROFIT_RATIO_SQ":-18.506904846,"HOLDER_PROFIT_SQ":-1992410000,"HOLDER_PROFIT_QOQ_SQ":21.689876024893,"ROE_AVG_SQ":-38.370749633656,"PE_TTM_SQ":-0.033284795024,"PB_TTM_SQ":0.069876014361,"ROA_SQ":-1.090178689179,"START_DATE":"2024-01-01 00:00:00","FISCAL_YEAR":"12-31","CURRENCY":"HKD","IS_CNY_CODE":0,"DPS_HKD_LY":null,"ORG_TYPE":"一般企业","PREMIUM_INCOME":null,"PREMIUM_INCOME_YOY":null,"NET_INTEREST_INCOME":null,"NET_INTEREST_INCOME_YOY":null,"FEE_COMMISSION_INCOME":null,"FEE_COMMISSION_INCOME_YOY":null,"ACCOUNTS_RECE_TDAYS":0.517161206257,"INVENTORY_TDAYS":0.150734650132,"CURRENT_ASSETS_TDAYS":0.12025370053,"TOTAL_ASSETS_TDAYS":0.101206967332,"PREMIUM_EXPENSE":null,"LOAN_DEPOSIT":null,"LOAN_EQUITY":null,"LOAN_ASSETS":null,"DEPOSIT_EQUITY":null,"DEPOSIT_ASSETS":null,"EQUITY_MULTIPLIER":6.097279524332,"EQUITY_RATIO":-66.269972880848},{"SECUCODE":"03301.HK","SECURITY_CODE":"03301","SECURITY_NAME_ABBR":"融信中国","ORG_CODE":"10476137","STD_REPORT_DATE":"2023-12-31 00:00:00","REPORT_DATE":"2023-12-31 00:00:00","DATE_TYPE_CODE":"001","REPORT_TYPE":"2023年年报","PER_NETCASH_OPERATE":0.167320151659,"PER_OI":26.306550152735,"BPS":0.147635358049,"BASIC_EPS":-3.52,"DILUTED_EPS":-3.52,"OPERATE_INCOME":44285273000,"OPERATE_INCOME_YOY":47.3264007682,"GROSS_PROFIT":1587423000,"GROSS_PROFIT_YOY":125.940119619574,"HOLDER_PROFIT":-5919667000,"HOLDER_PROFIT_YOY":47.3097159585,"GROSS_PROFIT_RATIO":3.584539266586,"EPS_TTM":-3.516428967774,"OPERATE_INCOME_QOQ":51.991058580909,"NET_PROFIT_RATIO":-15.4616818101,"ROE_AVG":-183.96911134036,"GROSS_PROFIT_QOQ":124.814767339525,"ROA":-3.51791533345,"HOLDER_PROFIT_QOQ":32.715872013843,"ROE_YEARLY":-183.96911134036,"ROIC_YEARLY":-4.221662891739,"TOTAL_ASSETS":147311677000,"TOTAL_LIABILITIES":124523650000,"TAX_EBT":-34.983993532358,"OCF_SALES":0.636039886217,"TOTAL_PARENT_EQUITY":248534000,"DEBT_ASSET_RATIO":84.5307395421,"OPERATE_PROFIT":-3013317000,"PRETAX_PROFIT":-5072637000,"NETCASH_OPERATE":281672000,"NETCASH_INVEST":3255403000,"NETCASH_FINANCE":-4608211000,"END_CASH":3392420000,"DIVI_RATIO":null,"DIVIDEND_RATE":null,"CURRENT_RATIO":1.129350992917,"COMMON_ACS":38000000000,"CURRENTDEBT_DEBT":89.02016845796,"ISSUED_COMMON_SHARES":1683431417,"HK_COMMON_SHARES":1683431417,"PER_SHARES":500,"TOTAL_MARKET_CAP":875384336.84,"HKSK_MARKET_CAP":875384336.84,"PE_TTM":-0.134950381604,"PB_TTM":-0.474939321669,"REPORT_DATE_SQ":"2022-12-31 00:00:00","REPORT_TYPE_SQ":"2022年年报","OPERATE_INCOME_SQ":30059292000,"DPS_HKD":null,"OPERATE_INCOME_QOQ_SQ":16.526055506319,"NET_PROFIT_RATIO_SQ":-41.3847072646,"HOLDER_PROFIT_SQ":-11234836000,"HOLDER_PROFIT_QOQ_SQ":-194.206239096403,"ROE_AVG_SQ":-91.744552000771,"PE_TTM_SQ":-0.036278665476,"PB_TTM_SQ":0.07616115851,"ROA_SQ":-5.169337368537,"START_DATE":"2023-01-01 00:00:00","FISCAL_YEAR":"12-31","CURRENCY":"HKD","IS_CNY_CODE":0,"DPS_HKD_LY":null,"ORG_TYPE":"一般企业","PREMIUM_INCOME":null,"PREMIUM_INCOME_YOY":null,"NET_INTEREST_INCOME":null,"NET_INTEREST_INCOME_YOY":null,"FEE_COMMISSION_INCOME":null,"FEE_COMMISSION_INCOME_YOY":null,"ACCOUNTS_RECE_TDAYS":1.610735920646,"INVENTORY_TDAYS":0.433199619082,"CURRENT_ASSETS_TDAYS":0.301314709929,"TOTAL_ASSETS_TDAYS":0.263176697157,"PREMIUM_EXPENSE":null,"LOAN_DEPOSIT":null,"LOAN_EQUITY":null,"LOAN_ASSETS":null,"DEPOSIT_EQUITY":null,"DEPOSIT_ASSETS":null,"EQUITY_MULTIPLIER":6.464433142887,"EQUITY_RATIO":501.032655491804},{"SECUCODE":"03301.HK","SECURITY_CODE":"03301","SECURITY_NAME_ABBR":"融信中国","ORG_CODE":"10476137","STD_REPORT_DATE":"2023-06-30 00:00:00","REPORT_DATE":"2023-06-30 00:00:00","DATE_TYPE_CODE":"002","REPORT_TYPE":"2023年中报","PER_NETCASH_OPERATE":0.652344959771,"PER_OI":7.917825974612,"BPS":2.493763011434,"BASIC_EPS":-1.18,"DILUTED_EPS":-1.18,"OPERATE_INCOME":13329117000,"OPERATE_INCOME_YOY":-6.4731465774,"GROSS_PROFIT":-74417000,"GROSS_PROFIT_YOY":-136.63948873987,"HOLDER_PROFIT":-1992410000,"HOLDER_PROFIT_YOY":55.0168065254,"GROSS_PROFIT_RATIO":-0.558304049698,"EPS_TTM":-5.226238450319,"OPERATE_INCOME_QOQ":-3.06903436049,"NET_PROFIT_RATIO":-18.506904846,"ROE_AVG":-38.370749633656,"GROSS_PROFIT_QOQ":-4.53501040188,"ROA":-1.090178689179,"HOLDER_PROFIT_QOQ":21.689876024893,"ROE_YEARLY":-76.741499267312,"ROIC_YEARLY":-2.596357145077,"TOTAL_ASSETS":176287543000,"TOTAL_LIABILITIES":148750363000,"TAX_EBT":-20.102506526551,"OCF_SALES":8.238940358915,"TOTAL_PARENT_EQUITY":4198079000,"DEBT_ASSET_RATIO":84.379395429,"OPERATE_PROFIT":-688828000,"PRETAX_PROFIT":-2053918000,"NETCASH_OPERATE":1098178000,"NETCASH_INVEST":3418273000,"NETCASH_FINANCE":-3765689000,"END_CASH":5209119000,"DIVI_RATIO":null,"DIVIDEND_RATE":null,"CURRENT_RATIO":1.127872977159,"COMMON_ACS":38000000000,"CURRENTDEBT_DEBT":92.479720536884,"ISSUED_COMMON_SHARES":1683431417,"HK_COMMON_SHARES":1683431417,"PER_SHARES":500,"TOTAL_MARKET_CAP":875384336.84,"HKSK_MARKET_CAP":875384336.84,"PE_TTM":-0.134950381604,"PB_TTM":-0.474939321669,"REPORT_DATE_SQ":"2022-06-30 00:00:00","REPORT_TYPE_SQ":"2022年中报","OPERATE_INCOME_SQ":14251647000,"DPS_HKD":null,"OPERATE_INCOME_QOQ_SQ":-22.496733717273,"NET_PROFIT_RATIO_SQ":-32.0697320106,"HOLDER_PROFIT_SQ":-4429232000,"HOLDER_PROFIT_QOQ_SQ":-394.868688366232,"ROE_AVG_SQ":-27.626696369787,"PE_TTM_SQ":-0.036278665476,"PB_TTM_SQ":0.07616115851,"ROA_SQ":-1.908815776675,"START_DATE":"2023-01-01 00:00:00","FISCAL_YEAR":"12-31","CURRENCY":"HKD","IS_CNY_CODE":0,"DPS_HKD_LY":null,"ORG_TYPE":"一般企业","PREMIUM_INCOME":null,"PREMIUM_INCOME_YOY":null,"NET_INTEREST_INCOME":null,"NET_INTEREST_INCOME_YOY":null,"FEE_COMMISSION_INCOME":null,"FEE_COMMISSION_INCOME_YOY":null,"ACCOUNTS_RECE_TDAYS":0.483606249427,"INVENTORY_TDAYS":0.119457793737,"CURRENT_ASSETS_TDAYS":0.082300922683,"TOTAL_ASSETS_TDAYS":0.072932374857,"PREMIUM_EXPENSE":null,"LOAN_DEPOSIT":null,"LOAN_EQUITY":null,"LOAN_ASSETS":null,"DEPOSIT_EQUITY":null,"DEPOSIT_ASSETS":null,"EQUITY_MULTIPLIER":6.401800874318,"EQUITY_RATIO":35.43295945598},{"SECUCODE":"03301.HK","SECURITY_CODE":"03301","SECURITY_NAME_ABBR":"融信中国","ORG_CODE":"10476137","STD_REPORT_DATE":"2022-12-31 00:00:00","REPORT_DATE":"2022-12-31 00:00:00","DATE_TYPE_CODE":"001","REPORT_TYPE":"2022年年报","PER_NETCASH_OPERATE":6.608226440151,"PER_OI":17.855964725648,"BPS":3.675208824976,"BASIC_EPS":-6.67,"DILUTED_EPS":-6.67,"OPERATE_INCOME":30059292000,"OPERATE_INCOME_YOY":-9.6885009122,"GROSS_PROFIT":-6119567000,"GROSS_PROFIT_YOY":-268.664936350665,"HOLDER_PROFIT":-11234836000,"HOLDER_PROFIT_YOY":-967.5220783152,"GROSS_PROFIT_RATIO":-20.358320482066,"EPS_TTM":-6.673771135875,"OPERATE_INCOME_QOQ":16.526055506319,"NET_PROFIT_RATIO":-41.3847072646,"ROE_AVG":-91.744552000771,"GROSS_PROFIT_QOQ":-469.55245963018,"ROA":-5.169337368537,"HOLDER_PROFIT_QOQ":-194.206239096403,"ROE_YEARLY":-91.744552000771,"ROIC_YEARLY":-6.3275915342,"TOTAL_ASSETS":189232352000,"TOTAL_LIABILITIES":158597828000,"TAX_EBT":-4.431050800538,"OCF_SALES":37.008509714733,"TOTAL_PARENT_EQUITY":6186967000,"DEBT_ASSET_RATIO":83.8111619518,"OPERATE_PROFIT":-10615251000,"PRETAX_PROFIT":-11912118000,"NETCASH_OPERATE":11124496000,"NETCASH_INVEST":4857640000,"NETCASH_FINANCE":-22900817000,"END_CASH":4788429000,"DIVI_RATIO":null,"DIVIDEND_RATE":null,"CURRENT_RATIO":1.252959302268,"COMMON_ACS":38000000000,"CURRENTDEBT_DEBT":84.923490251077,"ISSUED_COMMON_SHARES":1683431417,"HK_COMMON_SHARES":1683431417,"PER_SHARES":500,"TOTAL_MARKET_CAP":875384336.84,"HKSK_MARKET_CAP":875384336.84,"PE_TTM":-0.134950381604,"PB_TTM":-0.474939321669,"REPORT_DATE_SQ":"2021-12-31 00:00:00","REPORT_TYPE_SQ":"2021年年报","OPERATE_INCOME_SQ":33284014000,"DPS_HKD":null,"OPERATE_INCOME_QOQ_SQ":-32.040094693811,"NET_PROFIT_RATIO_SQ":5.1878718715,"HOLDER_PROFIT_SQ":1295049000,"HOLDER_PROFIT_QOQ_SQ":-41.246382479291,"ROE_AVG_SQ":7.1911887893,"PE_TTM_SQ":-0.036278665476,"PB_TTM_SQ":0.07616115851,"ROA_SQ":0.541082001811,"START_DATE":"2022-01-01 00:00:00","FISCAL_YEAR":"12-31","CURRENCY":"HKD","IS_CNY_CODE":0,"DPS_HKD_LY":null,"ORG_TYPE":"一般企业","PREMIUM_INCOME":null,"PREMIUM_INCOME_YOY":null,"NET_INTEREST_INCOME":null,"NET_INTEREST_INCOME_YOY":null,"FEE_COMMISSION_INCOME":null,"FEE_COMMISSION_INCOME_YOY":null,"ACCOUNTS_RECE_TDAYS":1.000031039619,"INVENTORY_TDAYS":0.296051993116,"CURRENT_ASSETS_TDAYS":0.155495970009,"TOTAL_ASSETS_TDAYS":0.138307867963,"PREMIUM_EXPENSE":null,"LOAN_DEPOSIT":null,"LOAN_EQUITY":null,"LOAN_ASSETS":null,"DEPOSIT_EQUITY":null,"DEPOSIT_ASSETS":null,"EQUITY_MULTIPLIER":6.177095582911,"EQUITY_RATIO":25.634180366567},{"SECUCODE":"03301.HK","SECURITY_CODE":"03301","SECURITY_NAME_ABBR":"融信中国","ORG_CODE":"10476137","STD_REPORT_DATE":"2022-06-30 00:00:00","REPORT_DATE":"2022-06-30 00:00:00","DATE_TYPE_CODE":"002","REPORT_TYPE":"2022年中报","PER_NETCASH_OPERATE":8.171856519415,"PER_OI":8.465831667439,"BPS":8.173942140466,"BASIC_EPS":-2.63,"DILUTED_EPS":-2.63,"OPERATE_INCOME":14251647000,"OPERATE_INCOME_YOY":-34.4434266845,"GROSS_PROFIT":203106000,"GROSS_PROFIT_YOY":-90.66353161825,"HOLDER_PROFIT":-4429232000,"HOLDER_PROFIT_YOY":-747.0651311666,"GROSS_PROFIT_RATIO":1.425140546914,"EPS_TTM":-2.268398915119,"OPERATE_INCOME_QOQ":-22.496733717273,"NET_PROFIT_RATIO":-32.0697320106,"ROE_AVG":-27.626696369787,"GROSS_PROFIT_QOQ":-54.359676967256,"ROA":-1.908815776675,"HOLDER_PROFIT_QOQ":-394.868688366232,"ROE_YEARLY":-55.253392739574,"ROIC_YEARLY":-4.719590128317,"TOTAL_ASSETS":218641824000,"TOTAL_LIABILITIES":176950811000,"TAX_EBT":-8.53818920675,"OCF_SALES":96.527510118655,"TOTAL_PARENT_EQUITY":13760271000,"DEBT_ASSET_RATIO":80.9318216262,"OPERATE_PROFIT":-3532091000,"PRETAX_PROFIT":-4210928000,"NETCASH_OPERATE":13756760000,"NETCASH_INVEST":-2652985000,"NETCASH_FINANCE":-14677462000,"END_CASH":8145708000,"DIVI_RATIO":null,"DIVIDEND_RATE":null,"CURRENT_RATIO":1.32762590795,"COMMON_ACS":38000000000,"CURRENTDEBT_DEBT":82.041635288125,"ISSUED_COMMON_SHARES":1683431417,"HK_COMMON_SHARES":1683431417,"PER_SHARES":500,"TOTAL_MARKET_CAP":875384336.84,"HKSK_MARKET_CAP":875384336.84,"PE_TTM":-0.134950381604,"PB_TTM":-0.474939321669,"REPORT_DATE_SQ":"2021-06-30 00:00:00","REPORT_TYPE_SQ":"2021年中报","OPERATE_INCOME_SQ":21739463000,"DPS_HKD":null,"OPERATE_INCOME_QOQ_SQ":1.394238249134,"NET_PROFIT_RATIO_SQ":4.7857805871,"HOLDER_PROFIT_SQ":684511000,"HOLDER_PROFIT_QOQ_SQ":-9.221938097864,"ROE_AVG_SQ":3.866515785538,"PE_TTM_SQ":-0.036278665476,"PB_TTM_SQ":0.07616115851,"ROA_SQ":0.28529702104,"START_DATE":"2022-01-01 00:00:00","FISCAL_YEAR":"12-31","CURRENCY":"HKD","IS_CNY_CODE":0,"DPS_HKD_LY":null,"ORG_TYPE":"一般企业","PREMIUM_INCOME":null,"PREMIUM_INCOME_YOY":null,"NET_INTEREST_INCOME":null,"NET_INTEREST_INCOME_YOY":null,"FEE_COMMISSION_INCOME":null,"FEE_COMMISSION_INCOME_YOY":null,"ACCOUNTS_RECE_TDAYS":0.503643848541,"INVENTORY_TDAYS":0.114590838632,"CURRENT_ASSETS_TDAYS":0.069418050131,"TOTAL_ASSETS_TDAYS":0.061418703372,"PREMIUM_EXPENSE":null,"LOAN_DEPOSIT":null,"LOAN_EQUITY":null,"LOAN_ASSETS":null,"DEPOSIT_EQUITY":null,"DEPOSIT_ASSETS":null,"EQUITY_MULTIPLIER":5.244339445524,"EQUITY_RATIO":12.859544045317},{"SECUCODE":"03301.HK","SECURITY_CODE":"03301","SECURITY_NAME_ABBR":"融信中国","ORG_CODE":"10476137","STD_REPORT_DATE":"2021-12-31 00:00:00","REPORT_DATE":"2021-12-31 00:00:00","DATE_TYPE_CODE":"001","REPORT_TYPE":"2021年年报","PER_NETCASH_OPERATE":2.151141390989,"PER_OI":19.771529546071,"BPS":10.873385048629,"BASIC_EPS":0.77,"DILUTED_EPS":0.77,"OPERATE_INCOME":33284014000,"OPERATE_INCOME_YOY":-31.0925717,"GROSS_PROFIT":3628239000,"GROSS_PROFIT_YOY":-31.697693725374,"HOLDER_PROFIT":1295049000,"HOLDER_PROFIT_YOY":-46.6646047173,"GROSS_PROFIT_RATIO":10.900845673241,"EPS_TTM":0.769291214909,"OPERATE_INCOME_QOQ":-32.040094693811,"NET_PROFIT_RATIO":5.1878718715,"ROE_AVG":7.1911887893,"GROSS_PROFIT_QOQ":-16.535124596707,"ROA":0.541082001811,"HOLDER_PROFIT_QOQ":-41.246382479291,"ROE_YEARLY":7.1911887893,"ROIC_YEARLY":0.701259522477,"TOTAL_ASSETS":245439839000,"TOTAL_LIABILITIES":193158889000,"TAX_EBT":30.165332039149,"OCF_SALES":10.87999482274,"TOTAL_PARENT_EQUITY":18304598000,"DEBT_ASSET_RATIO":78.699077455,"OPERATE_PROFIT":2270142000,"PRETAX_PROFIT":2472600000,"NETCASH_OPERATE":6591011000,"NETCASH_INVEST":-2755602000,"NETCASH_FINANCE":-11984916000,"END_CASH":11719745000,"DIVI_RATIO":null,"DIVIDEND_RATE":null,"CURRENT_RATIO":1.38521358585,"COMMON_ACS":38000000000,"CURRENTDEBT_DEBT":81.425648498113,"ISSUED_COMMON_SHARES":1683431417,"HK_COMMON_SHARES":1683431417,"PER_SHARES":500,"TOTAL_MARKET_CAP":875384336.84,"HKSK_MARKET_CAP":875384336.84,"PE_TTM":-0.134950381604,"PB_TTM":-0.474939321669,"REPORT_DATE_SQ":"2020-12-31 00:00:00","REPORT_TYPE_SQ":"2020年年报","OPERATE_INCOME_SQ":48302505000,"DPS_HKD":null,"OPERATE_INCOME_QOQ_SQ":5.206293615058,"NET_PROFIT_RATIO_SQ":7.2346123664,"HOLDER_PROFIT_SQ":2428123000,"HOLDER_PROFIT_QOQ_SQ":16.520000307121,"ROE_AVG_SQ":14.233290096336,"PE_TTM_SQ":-0.036278665476,"PB_TTM_SQ":0.07616115851,"ROA_SQ":1.085299347038,"START_DATE":"2021-01-01 00:00:00","FISCAL_YEAR":"12-31","CURRENCY":"HKD","IS_CNY_CODE":0,"DPS_HKD_LY":0.5,"ORG_TYPE":"一般企业","PREMIUM_INCOME":null,"PREMIUM_INCOME_YOY":null,"NET_INTEREST_INCOME":null,"NET_INTEREST_INCOME_YOY":null,"FEE_COMMISSION_INCOME":null,"FEE_COMMISSION_INCOME_YOY":null,"ACCOUNTS_RECE_TDAYS":1.070756811844,"INVENTORY_TDAYS":0.226714574372,"CURRENT_ASSETS_TDAYS":0.157659430124,"TOTAL_ASSETS_TDAYS":0.139063316704,"PREMIUM_EXPENSE":null,"LOAN_DEPOSIT":null,"LOAN_EQUITY":null,"LOAN_ASSETS":null,"DEPOSIT_EQUITY":null,"DEPOSIT_ASSETS":null,"EQUITY_MULTIPLIER":4.694632346967,"EQUITY_RATIO":10.552479163978},{"SECUCODE":"03301.HK","SECURITY_CODE":"03301","SECURITY_NAME_ABBR":"融信中国","ORG_CODE":"10476137","STD_REPORT_DATE":"2021-06-30 00:00:00","REPORT_DATE":"2021-06-30 00:00:00","DATE_TYPE_CODE":"002","REPORT_TYPE":"2021年中报","PER_NETCASH_OPERATE":-0.073236722776,"PER_OI":12.913780021251,"BPS":10.510710339202,"BASIC_EPS":0.41,"DILUTED_EPS":0.41,"OPERATE_INCOME":21739463000,"OPERATE_INCOME_YOY":3.1968653202,"GROSS_PROFIT":2175405000,"GROSS_PROFIT_YOY":-30.728630974936,"HOLDER_PROFIT":684511000,"HOLDER_PROFIT_YOY":-24.6490927764,"GROSS_PROFIT_RATIO":10.006709917352,"EPS_TTM":1.309351232097,"OPERATE_INCOME_QOQ":1.394238249134,"NET_PROFIT_RATIO":4.7857805871,"ROE_AVG":3.866515785538,"GROSS_PROFIT_QOQ":-18.16640719273,"ROA":0.28529702104,"HOLDER_PROFIT_QOQ":-9.221938097864,"ROE_YEARLY":7.733031571077,"ROIC_YEARLY":0.765341668719,"TOTAL_ASSETS":246609711000,"TOTAL_LIABILITIES":193920557000,"TAX_EBT":36.122883892441,"OCF_SALES":-0.567120724187,"TOTAL_PARENT_EQUITY":17694060000,"DEBT_ASSET_RATIO":78.6345988622,"OPERATE_PROFIT":1283119000,"PRETAX_PROFIT":1628757000,"NETCASH_OPERATE":-123289000,"NETCASH_INVEST":-795106000,"NETCASH_FINANCE":2356835000,"END_CASH":21293384000,"DIVI_RATIO":null,"DIVIDEND_RATE":null,"CURRENT_RATIO":1.499697598606,"COMMON_ACS":38000000000,"CURRENTDEBT_DEBT":74.920048316487,"ISSUED_COMMON_SHARES":1683431417,"HK_COMMON_SHARES":1683431417,"PER_SHARES":500,"TOTAL_MARKET_CAP":875384336.84,"HKSK_MARKET_CAP":875384336.84,"PE_TTM":-0.134950381604,"PB_TTM":-0.474939321669,"REPORT_DATE_SQ":"2020-06-30 00:00:00","REPORT_TYPE_SQ":"2020年中报","OPERATE_INCOME_SQ":21066011000,"DPS_HKD":null,"OPERATE_INCOME_QOQ_SQ":-10.785173251001,"NET_PROFIT_RATIO_SQ":7.8111418436,"HOLDER_PROFIT_SQ":908431000,"HOLDER_PROFIT_QOQ_SQ":-33.930700201391,"ROE_AVG_SQ":5.558649027594,"PE_TTM_SQ":-0.036278665476,"PB_TTM_SQ":0.07616115851,"ROA_SQ":0.417718803491,"START_DATE":"2021-01-01 00:00:00","FISCAL_YEAR":"12-31","CURRENCY":"HKD","IS_CNY_CODE":0,"DPS_HKD_LY":0.5,"ORG_TYPE":"一般企业","PREMIUM_INCOME":null,"PREMIUM_INCOME_YOY":null,"NET_INTEREST_INCOME":null,"NET_INTEREST_INCOME_YOY":null,"FEE_COMMISSION_INCOME":null,"FEE_COMMISSION_INCOME_YOY":null,"ACCOUNTS_RECE_TDAYS":0.677254739604,"INVENTORY_TDAYS":0.151200088797,"CURRENT_ASSETS_TDAYS":0.10297127203,"TOTAL_ASSETS_TDAYS":0.090607806637,"PREMIUM_EXPENSE":null,"LOAN_DEPOSIT":null,"LOAN_EQUITY":null,"LOAN_ASSETS":null,"DEPOSIT_EQUITY":null,"DEPOSIT_ASSETS":null,"EQUITY_MULTIPLIER":4.680464427278,"EQUITY_RATIO":10.959641653753},{"SECUCODE":"03301.HK","SECURITY_CODE":"03301","SECURITY_NAME_ABBR":"融信中国","ORG_CODE":"10476137","STD_REPORT_DATE":"2020-12-31 00:00:00","REPORT_DATE":"2020-12-31 00:00:00","DATE_TYPE_CODE":"001","REPORT_TYPE":"2020年年报","PER_NETCASH_OPERATE":-4.123035114854,"PER_OI":28.661728389881,"BPS":10.521998592355,"BASIC_EPS":1.43,"DILUTED_EPS":1.42,"OPERATE_INCOME":48302505000,"OPERATE_INCOME_YOY":-6.1403874223,"GROSS_PROFIT":5312030000,"GROSS_PROFIT_YOY":-57.419191107074,"HOLDER_PROFIT":2428123000,"HOLDER_PROFIT_YOY":-23.0160516717,"GROSS_PROFIT_RATIO":10.997421355269,"EPS_TTM":1.440799021153,"OPERATE_INCOME_QOQ":5.206293615058,"NET_PROFIT_RATIO":7.2346123664,"ROE_AVG":14.233290096336,"GROSS_PROFIT_QOQ":-42.598612692378,"ROA":1.085299347038,"HOLDER_PROFIT_QOQ":16.520000307121,"ROE_YEARLY":14.233290096336,"ROIC_YEARLY":1.478418822635,"TOTAL_ASSETS":233248787000,"TOTAL_LIABILITIES":182589784000,"TAX_EBT":28.70367139983,"OCF_SALES":-14.385158699326,"TOTAL_PARENT_EQUITY":17713063000,"DEBT_ASSET_RATIO":78.2811290676,"OPERATE_PROFIT":2941132000,"PRETAX_PROFIT":4901373000,"NETCASH_OPERATE":-6948392000,"NETCASH_INVEST":2488823000,"NETCASH_FINANCE":9016844000,"END_CASH":19854876000,"DIVI_RATIO":null,"DIVIDEND_RATE":null,"CURRENT_RATIO":1.52805917248,"COMMON_ACS":38000000000,"CURRENTDEBT_DEBT":73.244903449801,"ISSUED_COMMON_SHARES":1683431417,"HK_COMMON_SHARES":1683431417,"PER_SHARES":500,"TOTAL_MARKET_CAP":875384336.84,"HKSK_MARKET_CAP":875384336.84,"PE_TTM":-0.134950381604,"PB_TTM":-0.474939321669,"REPORT_DATE_SQ":"2019-12-31 00:00:00","REPORT_TYPE_SQ":"2019年年报","OPERATE_INCOME_SQ":51462502000,"DPS_HKD":null,"OPERATE_INCOME_QOQ_SQ":10.20917352321,"NET_PROFIT_RATIO_SQ":11.4525970774,"HOLDER_PROFIT_SQ":3154064000,"HOLDER_PROFIT_QOQ_SQ":21.106369090473,"ROE_AVG_SQ":20.951093242596,"PE_TTM_SQ":-0.036278665476,"PB_TTM_SQ":0.07616115851,"ROA_SQ":1.510379279572,"START_DATE":"2020-01-01 00:00:00","FISCAL_YEAR":"12-31","CURRENCY":"HKD","IS_CNY_CODE":0,"DPS_HKD_LY":0.6,"ORG_TYPE":"一般企业","PREMIUM_INCOME":null,"PREMIUM_INCOME_YOY":null,"NET_INTEREST_INCOME":null,"NET_INTEREST_INCOME_YOY":null,"FEE_COMMISSION_INCOME":null,"FEE_COMMISSION_INCOME_YOY":null,"ACCOUNTS_RECE_TDAYS":1.771484842102,"INVENTORY_TDAYS":0.344662683725,"CURRENT_ASSETS_TDAYS":0.244045038323,"TOTAL_ASSETS_TDAYS":0.215897947249,"PREMIUM_EXPENSE":null,"LOAN_DEPOSIT":null,"LOAN_EQUITY":null,"LOAN_ASSETS":null,"DEPOSIT_EQUITY":null,"DEPOSIT_ASSETS":null,"EQUITY_MULTIPLIER":4.604290909562,"EQUITY_RATIO":10.308199321597},{"SECUCODE":"03301.HK","SECURITY_CODE":"03301","SECURITY_NAME_ABBR":"融信中国","ORG_CODE":"10476137","STD_REPORT_DATE":"2020-06-30 00:00:00","REPORT_DATE":"2020-06-30 00:00:00","DATE_TYPE_CODE":"002","REPORT_TYPE":"2020年中报","PER_NETCASH_OPERATE":-0.579378669826,"PER_OI":12.351538459388,"BPS":9.670397519972,"BASIC_EPS":0.53,"DILUTED_EPS":0.53,"OPERATE_INCOME":21066011000,"OPERATE_INCOME_YOY":-20.8530619791,"GROSS_PROFIT":3140410000,"GROSS_PROFIT_YOY":-50.633351149118,"HOLDER_PROFIT":908431000,"HOLDER_PROFIT_YOY":-54.0878093749,"GROSS_PROFIT_RATIO":14.907473465195,"EPS_TTM":1.221824850765,"OPERATE_INCOME_QOQ":-10.785173251001,"NET_PROFIT_RATIO":7.8111418436,"ROE_AVG":5.558649027594,"GROSS_PROFIT_QOQ":-25.819198994739,"ROA":0.417718803491,"HOLDER_PROFIT_QOQ":-33.930700201391,"ROE_YEARLY":11.117298055188,"ROIC_YEARLY":1.137367135201,"TOTAL_ASSETS":220740541000,"TOTAL_LIABILITIES":179448629000,"TAX_EBT":33.667382332382,"OCF_SALES":-4.690740928598,"TOTAL_PARENT_EQUITY":16279451000,"DEBT_ASSET_RATIO":81.2939155567,"OPERATE_PROFIT":2289468000,"PRETAX_PROFIT":2480674000,"NETCASH_OPERATE":-988152000,"NETCASH_INVEST":518919000,"NETCASH_FINANCE":767292000,"END_CASH":15640490000,"DIVI_RATIO":null,"DIVIDEND_RATE":null,"CURRENT_RATIO":1.547230782937,"COMMON_ACS":38000000000,"CURRENTDEBT_DEBT":70.686473174448,"ISSUED_COMMON_SHARES":1683431417,"HK_COMMON_SHARES":1683431417,"PER_SHARES":500,"TOTAL_MARKET_CAP":875384336.84,"HKSK_MARKET_CAP":875384336.84,"PE_TTM":-0.134950381604,"PB_TTM":-0.474939321669,"REPORT_DATE_SQ":"2019-06-30 00:00:00","REPORT_TYPE_SQ":"2019年中报","OPERATE_INCOME_SQ":26616331000,"DPS_HKD":null,"OPERATE_INCOME_QOQ_SQ":35.874464958608,"NET_PROFIT_RATIO_SQ":13.1869415059,"HOLDER_PROFIT_SQ":1978627000,"HOLDER_PROFIT_QOQ_SQ":21.152879990324,"ROE_AVG_SQ":13.230723626653,"PE_TTM_SQ":-0.036278665476,"PB_TTM_SQ":0.07616115851,"ROA_SQ":0.978490040056,"START_DATE":"2020-01-01 00:00:00","FISCAL_YEAR":"12-31","CURRENCY":"HKD","IS_CNY_CODE":0,"DPS_HKD_LY":0.6,"ORG_TYPE":"一般企业","PREMIUM_INCOME":null,"PREMIUM_INCOME_YOY":null,"NET_INTEREST_INCOME":null,"NET_INTEREST_INCOME_YOY":null,"FEE_COMMISSION_INCOME":null,"FEE_COMMISSION_INCOME_YOY":null,"ACCOUNTS_RECE_TDAYS":0.804356297657,"INVENTORY_TDAYS":0.157185226082,"CURRENT_ASSETS_TDAYS":0.108657735921,"TOTAL_ASSETS_TDAYS":0.09686667352,"PREMIUM_EXPENSE":null,"LOAN_DEPOSIT":null,"LOAN_EQUITY":null,"LOAN_ASSETS":null,"DEPOSIT_EQUITY":null,"DEPOSIT_ASSETS":null,"EQUITY_MULTIPLIER":5.345854195361,"EQUITY_RATIO":11.023014781027}],"count":25},"success":true,"message":"ok","code":0}