{"version":"efac205128edc67919144657af3cde2a","result":{"pages":3,"data":[{"SECUCODE":"03309.HK","SECURITY_CODE":"03309","SECURITY_NAME_ABBR":"希玛医疗","ORG_CODE":"10699413","STD_REPORT_DATE":"2024-06-30 00:00:00","REPORT_DATE":"2024-06-30 00:00:00","DATE_TYPE_CODE":"002","REPORT_TYPE":"2024年中报","PER_NETCASH_OPERATE":0.098443267318,"PER_OI":0.670575384115,"BPS":1.335786897883,"BASIC_EPS":0.022634464,"DILUTED_EPS":0.022634464,"OPERATE_INCOME":841948212.68,"OPERATE_INCOME_YOY":-2.9215069933,"GROSS_PROFIT":263878605,"GROSS_PROFIT_YOY":-4.645446317322,"HOLDER_PROFIT":28076774.84,"HOLDER_PROFIT_YOY":3.3772430943,"GROSS_PROFIT_RATIO":31.341429440185,"EPS_TTM":0.045258117641,"OPERATE_INCOME_QOQ":-1.960114067181,"NET_PROFIT_RATIO":5.2721894068,"ROE_AVG":1.670342128832,"GROSS_PROFIT_QOQ":-2.291883603868,"ROA":1.114002874542,"HOLDER_PROFIT_QOQ":1.139997091362,"ROE_YEARLY":3.340684257665,"ROIC_YEARLY":2.952693602249,"TOTAL_ASSETS":2532076417.08,"TOTAL_LIABILITIES":705798261,"TAX_EBT":28.887459242905,"OCF_SALES":14.680417690604,"TOTAL_PARENT_EQUITY":1677161759.64,"DEBT_ASSET_RATIO":27.8742875309,"OPERATE_PROFIT":67011703.64,"PRETAX_PROFIT":62420923.24,"NETCASH_OPERATE":123601514.36,"NETCASH_INVEST":-66945078,"NETCASH_FINANCE":-94644916,"END_CASH":424628933.4,"DIVI_RATIO":null,"DIVIDEND_RATE":null,"CURRENT_RATIO":1.934289563182,"COMMON_ACS":8000000000,"CURRENTDEBT_DEBT":46.843953059839,"ISSUED_COMMON_SHARES":1255560870,"HK_COMMON_SHARES":1255560870,"PER_SHARES":2000,"TOTAL_MARKET_CAP":2511121740,"HKSK_MARKET_CAP":2511121740,"PE_TTM":39.857177277273,"PB_TTM":1.366505393108,"REPORT_DATE_SQ":"2023-06-30 00:00:00","REPORT_TYPE_SQ":"2023年中报","OPERATE_INCOME_SQ":876123480.74,"DPS_HKD":null,"OPERATE_INCOME_QOQ_SQ":7.900081519169,"NET_PROFIT_RATIO_SQ":3.998577236,"HOLDER_PROFIT_SQ":27436280.84,"HOLDER_PROFIT_QOQ_SQ":75.570258181417,"ROE_AVG_SQ":1.605404794473,"PE_TTM_SQ":-556.054799610502,"PB_TTM_SQ":2.093549343677,"ROA_SQ":1.061322605266,"START_DATE":"2024-01-01 00:00:00","FISCAL_YEAR":"12-31","CURRENCY":"HKD","IS_CNY_CODE":0,"DPS_HKD_LY":null,"ORG_TYPE":"一般企业","PREMIUM_INCOME":null,"PREMIUM_INCOME_YOY":null,"NET_INTEREST_INCOME":null,"NET_INTEREST_INCOME_YOY":null,"FEE_COMMISSION_INCOME":null,"FEE_COMMISSION_INCOME_YOY":null,"ACCOUNTS_RECE_TDAYS":17.352149501067,"INVENTORY_TDAYS":15.612892093425,"CURRENT_ASSETS_TDAYS":1.298526297416,"TOTAL_ASSETS_TDAYS":0.334059996024,"PREMIUM_EXPENSE":null,"LOAN_DEPOSIT":null,"LOAN_EQUITY":null,"LOAN_ASSETS":null,"DEPOSIT_EQUITY":null,"DEPOSIT_ASSETS":null,"EQUITY_MULTIPLIER":1.386468106542,"EQUITY_RATIO":0.420828973081},{"SECUCODE":"03309.HK","SECURITY_CODE":"03309","SECURITY_NAME_ABBR":"希玛医疗","ORG_CODE":"10699413","STD_REPORT_DATE":"2023-12-31 00:00:00","REPORT_DATE":"2023-12-31 00:00:00","DATE_TYPE_CODE":"001","REPORT_TYPE":"2023年年报","PER_NETCASH_OPERATE":0.260668348067,"PER_OI":1.388650042972,"BPS":1.332244101459,"BASIC_EPS":0.044767268,"DILUTED_EPS":0.044767268,"OPERATE_INCOME":1743534656.08,"OPERATE_INCOME_YOY":11.0895933548,"GROSS_PROFIT":560915743.64,"GROSS_PROFIT_YOY":40.258986681921,"HOLDER_PROFIT":56183827.56,"HOLDER_PROFIT_YOY":383.4194285714,"GROSS_PROFIT_RATIO":32.171184076209,"EPS_TTM":0.044747991836,"OPERATE_INCOME_QOQ":4.448569950515,"NET_PROFIT_RATIO":4.4873500752,"ROE_AVG":3.340521973396,"GROSS_PROFIT_QOQ":20.307754747844,"ROA":2.194494402266,"HOLDER_PROFIT_QOQ":1276.95981473057,"ROE_YEARLY":3.340521973396,"ROIC_YEARLY":2.988594288612,"TOTAL_ASSETS":2490868009.7,"TOTAL_LIABILITIES":684512370.78,"TAX_EBT":30.525714377681,"OCF_SALES":18.771349152063,"TOTAL_PARENT_EQUITY":1672713563.08,"DEBT_ASSET_RATIO":27.4808768716,"OPERATE_PROFIT":108145576.14,"PRETAX_PROFIT":112615053.18,"NETCASH_OPERATE":327284977.88,"NETCASH_INVEST":-222360107.62,"NETCASH_FINANCE":-220099994.94,"END_CASH":464675179.64,"DIVI_RATIO":null,"DIVIDEND_RATE":null,"CURRENT_RATIO":1.84970140628,"COMMON_ACS":8000000000,"CURRENTDEBT_DEBT":51.54239960601,"ISSUED_COMMON_SHARES":1255560870,"HK_COMMON_SHARES":1255560870,"PER_SHARES":2000,"TOTAL_MARKET_CAP":2624122218.3,"HKSK_MARKET_CAP":2624122218.3,"PE_TTM":41.65075025475,"PB_TTM":1.427998135798,"REPORT_DATE_SQ":"2022-12-31 00:00:00","REPORT_TYPE_SQ":"2022年年报","OPERATE_INCOME_SQ":1547056992.81,"DPS_HKD":null,"OPERATE_INCOME_QOQ_SQ":25.811303112659,"NET_PROFIT_RATIO_SQ":-2.6690293856,"HOLDER_PROFIT_SQ":-19540281.25,"HOLDER_PROFIT_QOQ_SQ":-202.124881724927,"ROE_AVG_SQ":-1.368345890318,"PE_TTM_SQ":-610.392402178304,"PB_TTM_SQ":2.298130712766,"ROA_SQ":-0.90065720184,"START_DATE":"2023-01-01 00:00:00","FISCAL_YEAR":"12-31","CURRENCY":"HKD","IS_CNY_CODE":0,"DPS_HKD_LY":null,"ORG_TYPE":"一般企业","PREMIUM_INCOME":null,"PREMIUM_INCOME_YOY":null,"NET_INTEREST_INCOME":null,"NET_INTEREST_INCOME_YOY":null,"FEE_COMMISSION_INCOME":null,"FEE_COMMISSION_INCOME_YOY":null,"ACCOUNTS_RECE_TDAYS":38.286316962509,"INVENTORY_TDAYS":28.927083910581,"CURRENT_ASSETS_TDAYS":2.44050708699,"TOTAL_ASSETS_TDAYS":0.681010391974,"PREMIUM_EXPENSE":null,"LOAN_DEPOSIT":null,"LOAN_EQUITY":null,"LOAN_ASSETS":null,"DEPOSIT_EQUITY":null,"DEPOSIT_ASSETS":null,"EQUITY_MULTIPLIER":1.378946623816,"EQUITY_RATIO":0.40922270608},{"SECUCODE":"03309.HK","SECURITY_CODE":"03309","SECURITY_NAME_ABBR":"希玛医疗","ORG_CODE":"10699413","STD_REPORT_DATE":"2023-06-30 00:00:00","REPORT_DATE":"2023-06-30 00:00:00","DATE_TYPE_CODE":"002","REPORT_TYPE":"2023年中报","PER_NETCASH_OPERATE":0.14223601158,"PER_OI":0.691735300658,"BPS":1.351999946191,"BASIC_EPS":0.021758728,"DILUTED_EPS":0.021758728,"OPERATE_INCOME":876123480.74,"OPERATE_INCOME_YOY":7.7928545177,"GROSS_PROFIT":276734140.96,"GROSS_PROFIT_YOY":31.518652037361,"HOLDER_PROFIT":27436280.84,"HOLDER_PROFIT_YOY":100.8639892001,"GROSS_PROFIT_RATIO":31.586202977492,"EPS_TTM":-0.003768984114,"OPERATE_INCOME_QOQ":7.900081519169,"NET_PROFIT_RATIO":3.998577236,"ROE_AVG":1.605404794473,"GROSS_PROFIT_QOQ":16.583496197642,"ROA":1.061322605266,"HOLDER_PROFIT_QOQ":75.570258181417,"ROE_YEARLY":3.210809588946,"ROIC_YEARLY":2.908221653439,"TOTAL_ASSETS":2494908305.34,"TOTAL_LIABILITIES":675697014.48,"TAX_EBT":33.5403074878,"OCF_SALES":20.562202253481,"TOTAL_PARENT_EQUITY":1697518228.68,"DEBT_ASSET_RATIO":27.0830400073,"OPERATE_PROFIT":49925217,"PRETAX_PROFIT":52712362.54,"NETCASH_OPERATE":180150282.1,"NETCASH_INVEST":-155075192.04,"NETCASH_FINANCE":-94289972.62,"END_CASH":519184455.62,"DIVI_RATIO":null,"DIVIDEND_RATE":null,"CURRENT_RATIO":1.936255185386,"COMMON_ACS":8000000000,"CURRENTDEBT_DEBT":52.957116892899,"ISSUED_COMMON_SHARES":1255560870,"HK_COMMON_SHARES":1255560870,"PER_SHARES":2000,"TOTAL_MARKET_CAP":2624122218.3,"HKSK_MARKET_CAP":2624122218.3,"PE_TTM":41.65075025475,"PB_TTM":1.427998135798,"REPORT_DATE_SQ":"2022-06-30 00:00:00","REPORT_TYPE_SQ":"2022年中报","OPERATE_INCOME_SQ":753904717.16,"DPS_HKD":null,"OPERATE_INCOME_QOQ_SQ":35.181011605772,"NET_PROFIT_RATIO_SQ":0.4021262211,"HOLDER_PROFIT_SQ":12669639.85,"HOLDER_PROFIT_QOQ_SQ":7.05041044552,"ROE_AVG_SQ":0.933228934317,"PE_TTM_SQ":-610.392402178304,"PB_TTM_SQ":2.298130712766,"ROA_SQ":0.611543034735,"START_DATE":"2023-01-01 00:00:00","FISCAL_YEAR":"12-31","CURRENCY":"HKD","IS_CNY_CODE":0,"DPS_HKD_LY":null,"ORG_TYPE":"一般企业","PREMIUM_INCOME":null,"PREMIUM_INCOME_YOY":null,"NET_INTEREST_INCOME":null,"NET_INTEREST_INCOME_YOY":null,"FEE_COMMISSION_INCOME":null,"FEE_COMMISSION_INCOME_YOY":null,"ACCOUNTS_RECE_TDAYS":19.895170998775,"INVENTORY_TDAYS":14.634064536461,"CURRENT_ASSETS_TDAYS":1.181891958954,"TOTAL_ASSETS_TDAYS":0.338912427867,"PREMIUM_EXPENSE":null,"LOAN_DEPOSIT":null,"LOAN_EQUITY":null,"LOAN_ASSETS":null,"DEPOSIT_EQUITY":null,"DEPOSIT_ASSETS":null,"EQUITY_MULTIPLIER":1.371423054527,"EQUITY_RATIO":0.398049931402},{"SECUCODE":"03309.HK","SECURITY_CODE":"03309","SECURITY_NAME_ABBR":"希玛医疗","ORG_CODE":"10699413","STD_REPORT_DATE":"2022-12-31 00:00:00","REPORT_DATE":"2022-12-31 00:00:00","DATE_TYPE_CODE":"001","REPORT_TYPE":"2022年年报","PER_NETCASH_OPERATE":0.1162741573,"PER_OI":1.221464733661,"BPS":1.32761091023,"BASIC_EPS":-0.015810879,"DILUTED_EPS":-0.015810879,"OPERATE_INCOME":1547056992.81,"OPERATE_INCOME_YOY":55.6658999782,"GROSS_PROFIT":399914299.19,"GROSS_PROFIT_YOY":36.542082314493,"HOLDER_PROFIT":-19540281.25,"HOLDER_PROFIT_YOY":-200.0640409862,"GROSS_PROFIT_RATIO":25.850004301627,"EPS_TTM":-0.01542785078,"OPERATE_INCOME_QOQ":25.811303112659,"NET_PROFIT_RATIO":-2.6690293856,"ROE_AVG":-1.368345890318,"GROSS_PROFIT_QOQ":12.817990809137,"ROA":-0.90065720184,"HOLDER_PROFIT_QOQ":-202.124881724927,"ROE_YEARLY":-1.368345890318,"ROIC_YEARLY":-1.196438523844,"TOTAL_ASSETS":2591989946.49,"TOTAL_LIABILITIES":807022994.96,"TAX_EBT":-311.730649327514,"OCF_SALES":9.519239818858,"TOTAL_PARENT_EQUITY":1666896309.47,"DEBT_ASSET_RATIO":31.1352671739,"OPERATE_PROFIT":-32588276.14,"PRETAX_PROFIT":-10028742.29,"NETCASH_OPERATE":147268065.28,"NETCASH_INVEST":-174808472.65,"NETCASH_FINANCE":262334640.33,"END_CASH":575889382.46,"DIVI_RATIO":null,"DIVIDEND_RATE":null,"CURRENT_RATIO":1.632165137824,"COMMON_ACS":8000000000,"CURRENTDEBT_DEBT":58.088345981174,"ISSUED_COMMON_SHARES":1255560870,"HK_COMMON_SHARES":1255560870,"PER_SHARES":2000,"TOTAL_MARKET_CAP":2624122218.3,"HKSK_MARKET_CAP":2624122218.3,"PE_TTM":41.65075025475,"PB_TTM":1.427998135798,"REPORT_DATE_SQ":"2021-12-31 00:00:00","REPORT_TYPE_SQ":"2021年年报","OPERATE_INCOME_SQ":909642955.2,"DPS_HKD":null,"OPERATE_INCOME_QOQ_SQ":16.093908358481,"NET_PROFIT_RATIO_SQ":1.4587754376,"HOLDER_PROFIT_SQ":17873553.6,"HOLDER_PROFIT_QOQ_SQ":-29.402325685296,"ROE_AVG_SQ":1.665247919011,"PE_TTM_SQ":-610.392402178304,"PB_TTM_SQ":2.298130712766,"ROA_SQ":1.219551653962,"START_DATE":"2022-01-01 00:00:00","FISCAL_YEAR":"12-31","CURRENCY":"HKD","IS_CNY_CODE":0,"DPS_HKD_LY":null,"ORG_TYPE":"一般企业","PREMIUM_INCOME":null,"PREMIUM_INCOME_YOY":null,"NET_INTEREST_INCOME":null,"NET_INTEREST_INCOME_YOY":null,"FEE_COMMISSION_INCOME":null,"FEE_COMMISSION_INCOME_YOY":null,"ACCOUNTS_RECE_TDAYS":53.196842412421,"INVENTORY_TDAYS":30.280021692485,"CURRENT_ASSETS_TDAYS":2.160899992888,"TOTAL_ASSETS_TDAYS":0.713074701641,"PREMIUM_EXPENSE":null,"LOAN_DEPOSIT":null,"LOAN_EQUITY":null,"LOAN_ASSETS":null,"DEPOSIT_EQUITY":null,"DEPOSIT_ASSETS":null,"EQUITY_MULTIPLIER":1.452122093504,"EQUITY_RATIO":0.484147088439},{"SECUCODE":"03309.HK","SECURITY_CODE":"03309","SECURITY_NAME_ABBR":"希玛医疗","ORG_CODE":"10699413","STD_REPORT_DATE":"2022-06-30 00:00:00","REPORT_DATE":"2022-06-30 00:00:00","DATE_TYPE_CODE":"002","REPORT_TYPE":"2022年中报","PER_NETCASH_OPERATE":0.068953121492,"PER_OI":0.609707211727,"BPS":1.255830755477,"BASIC_EPS":0.010347799,"DILUTED_EPS":0.010347799,"OPERATE_INCOME":753904717.16,"OPERATE_INCOME_YOY":69.0620661087,"GROSS_PROFIT":210414368.36,"GROSS_PROFIT_YOY":41.384545224214,"HOLDER_PROFIT":12669639.85,"HOLDER_PROFIT_YOY":8.0440490082,"GROSS_PROFIT_RATIO":27.909941876029,"EPS_TTM":0.015474054249,"OPERATE_INCOME_QOQ":35.181011605772,"NET_PROFIT_RATIO":0.4021262211,"ROE_AVG":0.933228934317,"GROSS_PROFIT_QOQ":21.028642094408,"ROA":0.611543034735,"HOLDER_PROFIT_QOQ":7.05041044552,"ROE_YEARLY":1.866457868635,"ROIC_YEARLY":1.611731096021,"TOTAL_ASSETS":2470852576.36,"TOTAL_LIABILITIES":770969178.42,"TAX_EBT":85.884929325105,"OCF_SALES":11.309218616005,"TOTAL_PARENT_EQUITY":1576771955.92,"DEBT_ASSET_RATIO":31.2025567934,"OPERATE_PROFIT":14715254.33,"PRETAX_PROFIT":21478096.85,"NETCASH_OPERATE":85260732.62,"NETCASH_INVEST":-76755012.88,"NETCASH_FINANCE":205550902.83,"END_CASH":540222667.81,"DIVI_RATIO":null,"DIVIDEND_RATE":null,"CURRENT_RATIO":1.560965665641,"COMMON_ACS":8000000000,"CURRENTDEBT_DEBT":58.766436166555,"ISSUED_COMMON_SHARES":1255560870,"HK_COMMON_SHARES":1255560870,"PER_SHARES":2000,"TOTAL_MARKET_CAP":2624122218.3,"HKSK_MARKET_CAP":2624122218.3,"PE_TTM":41.65075025475,"PB_TTM":1.427998135798,"REPORT_DATE_SQ":"2021-06-30 00:00:00","REPORT_TYPE_SQ":"2021年中报","OPERATE_INCOME_SQ":433883123.52,"DPS_HKD":null,"OPERATE_INCOME_QOQ_SQ":33.082056623925,"NET_PROFIT_RATIO_SQ":2.4092711777,"HOLDER_PROFIT_SQ":11409480.96,"HOLDER_PROFIT_QOQ_SQ":581.60630626423,"ROE_AVG_SQ":1.05723747364,"PE_TTM_SQ":-610.392402178304,"PB_TTM_SQ":2.298130712766,"ROA_SQ":0.828101083652,"START_DATE":"2022-01-01 00:00:00","FISCAL_YEAR":"12-31","CURRENCY":"HKD","IS_CNY_CODE":0,"DPS_HKD_LY":null,"ORG_TYPE":"一般企业","PREMIUM_INCOME":null,"PREMIUM_INCOME_YOY":null,"NET_INTEREST_INCOME":null,"NET_INTEREST_INCOME_YOY":null,"FEE_COMMISSION_INCOME":null,"FEE_COMMISSION_INCOME_YOY":null,"ACCOUNTS_RECE_TDAYS":34.584699882307,"INVENTORY_TDAYS":13.031228854395,"CURRENT_ASSETS_TDAYS":1.120603950875,"TOTAL_ASSETS_TDAYS":0.363897619894,"PREMIUM_EXPENSE":null,"LOAN_DEPOSIT":null,"LOAN_EQUITY":null,"LOAN_ASSETS":null,"DEPOSIT_EQUITY":null,"DEPOSIT_ASSETS":null,"EQUITY_MULTIPLIER":1.453542389645,"EQUITY_RATIO":0.488954141736},{"SECUCODE":"03309.HK","SECURITY_CODE":"03309","SECURITY_NAME_ABBR":"希玛医疗","ORG_CODE":"10699413","STD_REPORT_DATE":"2021-12-31 00:00:00","REPORT_DATE":"2021-12-31 00:00:00","DATE_TYPE_CODE":"001","REPORT_TYPE":"2021年年报","PER_NETCASH_OPERATE":0.102632411556,"PER_OI":0.790759486099,"BPS":0.866874457469,"BASIC_EPS":0.0155344,"DILUTED_EPS":0.0155344,"OPERATE_INCOME":909642955.2,"OPERATE_INCOME_YOY":59.0429493456,"GROSS_PROFIT":292887212.8,"GROSS_PROFIT_YOY":79.308126618649,"HOLDER_PROFIT":17873553.6,"HOLDER_PROFIT_YOY":450,"GROSS_PROFIT_RATIO":32.198041124345,"EPS_TTM":0.015537615038,"OPERATE_INCOME_QOQ":16.093908358481,"NET_PROFIT_RATIO":1.4587754376,"ROE_AVG":1.665247919011,"GROSS_PROFIT_QOQ":14.399402591596,"ROA":1.219551653962,"HOLDER_PROFIT_QOQ":-29.402325685296,"ROE_YEARLY":1.665247919011,"ROIC_YEARLY":1.658916305202,"TOTAL_ASSETS":1599125035.2,"TOTAL_LIABILITIES":505795158.4,"TAX_EBT":39.609302325581,"OCF_SALES":12.978966849036,"TOTAL_PARENT_EQUITY":1088413648,"DEBT_ASSET_RATIO":31.6294940837,"OPERATE_PROFIT":20229876.8,"PRETAX_PROFIT":21973000,"NETCASH_OPERATE":118062257.6,"NETCASH_INVEST":-323548848,"NETCASH_FINANCE":69596564.8,"END_CASH":316132398.4,"DIVI_RATIO":null,"DIVIDEND_RATE":null,"CURRENT_RATIO":1.828273500421,"COMMON_ACS":8000000000,"CURRENTDEBT_DEBT":65.991846552243,"ISSUED_COMMON_SHARES":1255560870,"HK_COMMON_SHARES":1255560870,"PER_SHARES":2000,"TOTAL_MARKET_CAP":2624122218.3,"HKSK_MARKET_CAP":2624122218.3,"PE_TTM":41.65075025475,"PB_TTM":1.427998135798,"REPORT_DATE_SQ":"2020-12-31 00:00:00","REPORT_TYPE_SQ":"2020年年报","OPERATE_INCOME_SQ":588765053.8,"DPS_HKD":null,"OPERATE_INCOME_QOQ_SQ":12.679875429954,"NET_PROFIT_RATIO_SQ":-1.2024959081,"HOLDER_PROFIT_SQ":-5256883.44,"HOLDER_PROFIT_QOQ_SQ":55.233603610391,"ROE_AVG_SQ":-0.580736129067,"PE_TTM_SQ":-610.392402178304,"PB_TTM_SQ":2.298130712766,"ROA_SQ":-0.454442932707,"START_DATE":"2021-01-01 00:00:00","FISCAL_YEAR":"12-31","CURRENCY":"HKD","IS_CNY_CODE":0,"DPS_HKD_LY":0.02,"ORG_TYPE":"一般企业","PREMIUM_INCOME":null,"PREMIUM_INCOME_YOY":null,"NET_INTEREST_INCOME":null,"NET_INTEREST_INCOME_YOY":null,"FEE_COMMISSION_INCOME":null,"FEE_COMMISSION_INCOME_YOY":null,"ACCOUNTS_RECE_TDAYS":67.987228451832,"INVENTORY_TDAYS":27.997439085494,"CURRENT_ASSETS_TDAYS":1.639014537974,"TOTAL_ASSETS_TDAYS":0.620669283432,"PREMIUM_EXPENSE":null,"LOAN_DEPOSIT":null,"LOAN_EQUITY":null,"LOAN_ASSETS":null,"DEPOSIT_EQUITY":null,"DEPOSIT_ASSETS":null,"EQUITY_MULTIPLIER":1.462618985479,"EQUITY_RATIO":0.464708577781},{"SECUCODE":"03309.HK","SECURITY_CODE":"03309","SECURITY_NAME_ABBR":"希玛医疗","ORG_CODE":"10699413","STD_REPORT_DATE":"2021-06-30 00:00:00","REPORT_DATE":"2021-06-30 00:00:00","DATE_TYPE_CODE":"002","REPORT_TYPE":"2021年中报","PER_NETCASH_OPERATE":0.065415524804,"PER_OI":0.37781789391,"BPS":0.861268739922,"BASIC_EPS":0.009901752,"DILUTED_EPS":0.009901752,"OPERATE_INCOME":433883123.52,"OPERATE_INCOME_YOY":99.2023410221,"GROSS_PROFIT":148824164.64,"GROSS_PROFIT_YOY":165.068717140129,"HOLDER_PROFIT":11409480.96,"HOLDER_PROFIT_YOY":165.3543682379,"GROSS_PROFIT_RATIO":34.300519327099,"EPS_TTM":0.022046024079,"OPERATE_INCOME_QOQ":33.082056623925,"NET_PROFIT_RATIO":2.4092711777,"ROE_AVG":1.05723747364,"GROSS_PROFIT_QOQ":56.738691423744,"ROA":0.828101083652,"HOLDER_PROFIT_QOQ":581.60630626423,"ROE_YEARLY":2.114474947281,"ROIC_YEARLY":2.451889141065,"TOTAL_ASSETS":1399942980.96,"TOTAL_LIABILITIES":315651212.16,"TAX_EBT":43.443028856976,"OCF_SALES":17.314035639493,"TOTAL_PARENT_EQUITY":1081375328.4,"DEBT_ASSET_RATIO":22.5474334636,"OPERATE_PROFIT":21577498.56,"PRETAX_PROFIT":18482993.04,"NETCASH_OPERATE":75122678.64,"NETCASH_INVEST":-122412281.28,"NETCASH_FINANCE":-47620770.48,"END_CASH":366949776.24,"DIVI_RATIO":null,"DIVIDEND_RATE":null,"CURRENT_RATIO":3.14987921382,"COMMON_ACS":8000000000,"CURRENTDEBT_DEBT":50.523260718278,"ISSUED_COMMON_SHARES":1255560870,"HK_COMMON_SHARES":1255560870,"PER_SHARES":2000,"TOTAL_MARKET_CAP":2624122218.3,"HKSK_MARKET_CAP":2624122218.3,"PE_TTM":41.65075025475,"PB_TTM":1.427998135798,"REPORT_DATE_SQ":"2020-06-30 00:00:00","REPORT_TYPE_SQ":"2020年中报","OPERATE_INCOME_SQ":239107535.04,"DPS_HKD":null,"OPERATE_INCOME_QOQ_SQ":1.23117252701,"NET_PROFIT_RATIO_SQ":-8.4720704752,"HOLDER_PROFIT_SQ":-19164884.64,"HOLDER_PROFIT_QOQ_SQ":-131.637889635405,"ROE_AVG_SQ":-2.016314260947,"PE_TTM_SQ":-610.392402178304,"PB_TTM_SQ":2.298130712766,"ROA_SQ":-1.614498707809,"START_DATE":"2021-01-01 00:00:00","FISCAL_YEAR":"12-31","CURRENCY":"HKD","IS_CNY_CODE":0,"DPS_HKD_LY":0.02,"ORG_TYPE":"一般企业","PREMIUM_INCOME":null,"PREMIUM_INCOME_YOY":null,"NET_INTEREST_INCOME":null,"NET_INTEREST_INCOME_YOY":null,"FEE_COMMISSION_INCOME":null,"FEE_COMMISSION_INCOME_YOY":null,"ACCOUNTS_RECE_TDAYS":22.095552871883,"INVENTORY_TDAYS":13.276468764533,"CURRENT_ASSETS_TDAYS":0.858388541957,"TOTAL_ASSETS_TDAYS":0.31491273444,"PREMIUM_EXPENSE":null,"LOAN_DEPOSIT":null,"LOAN_EQUITY":null,"LOAN_ASSETS":null,"DEPOSIT_EQUITY":null,"DEPOSIT_ASSETS":null,"EQUITY_MULTIPLIER":1.29111279938,"EQUITY_RATIO":0.29189792283},{"SECUCODE":"03309.HK","SECURITY_CODE":"03309","SECURITY_NAME_ABBR":"希玛医疗","ORG_CODE":"10699413","STD_REPORT_DATE":"2020-12-31 00:00:00","REPORT_DATE":"2020-12-31 00:00:00","DATE_TYPE_CODE":"001","REPORT_TYPE":"2020年年报","PER_NETCASH_OPERATE":0.080397271585,"PER_OI":0.513194599476,"BPS":0.86762475562,"BASIC_EPS":-0.004797348,"DILUTED_EPS":-0.004797348,"OPERATE_INCOME":588765053.8,"OPERATE_INCOME_YOY":21.404733352,"GROSS_PROFIT":163342966.28,"GROSS_PROFIT_YOY":-4.690446699069,"HOLDER_PROFIT":-5256883.44,"HOLDER_PROFIT_YOY":-115.0742126222,"GROSS_PROFIT_RATIO":27.743318871552,"EPS_TTM":-0.004582140489,"OPERATE_INCOME_QOQ":12.679875429954,"NET_PROFIT_RATIO":-1.2024959081,"ROE_AVG":-0.580736129067,"GROSS_PROFIT_QOQ":16.525667880469,"ROA":-0.454442932707,"HOLDER_PROFIT_QOQ":55.233603610391,"ROE_YEARLY":-0.580736129067,"ROIC_YEARLY":-0.756364798884,"TOTAL_ASSETS":1371209146.04,"TOTAL_LIABILITIES":279407647.2,"TAX_EBT":435.94249201278,"OCF_SALES":15.666040068902,"TOTAL_PARENT_EQUITY":1089355693,"DEBT_ASSET_RATIO":20.3767345052,"OPERATE_PROFIT":6797084.64,"PRETAX_PROFIT":2107466.56,"NETCASH_OPERATE":92236169.24,"NETCASH_INVEST":-128895482.72,"NETCASH_FINANCE":262605146.24,"END_CASH":466213011.76,"DIVI_RATIO":null,"DIVIDEND_RATE":null,"CURRENT_RATIO":4.013210421263,"COMMON_ACS":8000000000,"CURRENTDEBT_DEBT":45.877462497741,"ISSUED_COMMON_SHARES":1255560870,"HK_COMMON_SHARES":1255560870,"PER_SHARES":2000,"TOTAL_MARKET_CAP":2624122218.3,"HKSK_MARKET_CAP":2624122218.3,"PE_TTM":41.65075025475,"PB_TTM":1.427998135798,"REPORT_DATE_SQ":"2019-12-31 00:00:00","REPORT_TYPE_SQ":"2019年年报","OPERATE_INCOME_SQ":516156498.02,"DPS_HKD":null,"OPERATE_INCOME_QOQ_SQ":15.515100686605,"NET_PROFIT_RATIO_SQ":6.7895503194,"HOLDER_PROFIT_SQ":37116644.3,"HOLDER_PROFIT_QOQ_SQ":-34.72331000259,"ROE_AVG_SQ":4.902265264194,"PE_TTM_SQ":-610.392402178304,"PB_TTM_SQ":2.298130712766,"ROA_SQ":4.130081365643,"START_DATE":"2020-01-01 00:00:00","FISCAL_YEAR":"12-31","CURRENCY":"HKD","IS_CNY_CODE":0,"DPS_HKD_LY":0.02,"ORG_TYPE":"一般企业","PREMIUM_INCOME":null,"PREMIUM_INCOME_YOY":null,"NET_INTEREST_INCOME":null,"NET_INTEREST_INCOME_YOY":null,"FEE_COMMISSION_INCOME":null,"FEE_COMMISSION_INCOME_YOY":null,"ACCOUNTS_RECE_TDAYS":53.85879816761,"INVENTORY_TDAYS":29.2076736392,"CURRENT_ASSETS_TDAYS":1.172821136583,"TOTAL_ASSETS_TDAYS":0.508970991611,"PREMIUM_EXPENSE":null,"LOAN_DEPOSIT":null,"LOAN_EQUITY":null,"LOAN_ASSETS":null,"DEPOSIT_EQUITY":null,"DEPOSIT_ASSETS":null,"EQUITY_MULTIPLIER":1.255914328288,"EQUITY_RATIO":0.256488903483},{"SECUCODE":"03309.HK","SECURITY_CODE":"03309","SECURITY_NAME_ABBR":"希玛医疗","ORG_CODE":"10699413","STD_REPORT_DATE":"2020-06-30 00:00:00","REPORT_DATE":"2020-06-30 00:00:00","DATE_TYPE_CODE":"002","REPORT_TYPE":"2020年中报","PER_NETCASH_OPERATE":0.017123086952,"PER_OI":0.209059793804,"BPS":0.890759798718,"BASIC_EPS":-0.017994768,"DILUTED_EPS":-0.017994768,"OPERATE_INCOME":239107535.04,"OPERATE_INCOME_YOY":-1.0688073048,"GROSS_PROFIT":56145503.04,"GROSS_PROFIT_YOY":-35.723050395564,"HOLDER_PROFIT":-19164884.64,"HOLDER_PROFIT_YOY":-162.1530349261,"GROSS_PROFIT_RATIO":23.481277171214,"EPS_TTM":-0.010267234164,"OPERATE_INCOME_QOQ":1.23117252701,"NET_PROFIT_RATIO":-8.4720704752,"ROE_AVG":-2.016314260947,"GROSS_PROFIT_QOQ":-18.207245635615,"ROA":-1.614498707809,"HOLDER_PROFIT_QOQ":-131.637889635405,"ROE_YEARLY":-4.032628521895,"ROIC_YEARLY":-5.669410489125,"TOTAL_ASSETS":1351365058.56,"TOTAL_LIABILITIES":229994144.16,"TAX_EBT":-18.031827132897,"OCF_SALES":8.190521305288,"TOTAL_PARENT_EQUITY":1118403147.84,"DEBT_ASSET_RATIO":17.0193940344,"OPERATE_PROFIT":-14953926.24,"PRETAX_PROFIT":-17162624.16,"NETCASH_OPERATE":19584153.6,"NETCASH_INVEST":-393183853.92,"NETCASH_FINANCE":335151183.84,"END_CASH":215899764.96,"DIVI_RATIO":null,"DIVIDEND_RATE":null,"CURRENT_RATIO":5.317606376249,"COMMON_ACS":8000000000,"CURRENTDEBT_DEBT":47.089030894916,"ISSUED_COMMON_SHARES":1255560870,"HK_COMMON_SHARES":1255560870,"PER_SHARES":2000,"TOTAL_MARKET_CAP":2624122218.3,"HKSK_MARKET_CAP":2624122218.3,"PE_TTM":41.65075025475,"PB_TTM":1.427998135798,"REPORT_DATE_SQ":"2019-06-30 00:00:00","REPORT_TYPE_SQ":"2019年中报","OPERATE_INCOME_SQ":232752758.04,"DPS_HKD":null,"OPERATE_INCOME_QOQ_SQ":18.769149458818,"NET_PROFIT_RATIO_SQ":12.5195582666,"HOLDER_PROFIT_SQ":29694682.62,"HOLDER_PROFIT_QOQ_SQ":52.438083390702,"ROE_AVG_SQ":4.011584241249,"PE_TTM_SQ":-610.392402178304,"PB_TTM_SQ":2.298130712766,"ROA_SQ":3.473707174213,"START_DATE":"2020-01-01 00:00:00","FISCAL_YEAR":"12-31","CURRENCY":"HKD","IS_CNY_CODE":0,"DPS_HKD_LY":0.02,"ORG_TYPE":"一般企业","PREMIUM_INCOME":null,"PREMIUM_INCOME_YOY":null,"NET_INTEREST_INCOME":null,"NET_INTEREST_INCOME_YOY":null,"FEE_COMMISSION_INCOME":null,"FEE_COMMISSION_INCOME_YOY":null,"ACCOUNTS_RECE_TDAYS":22.150708694732,"INVENTORY_TDAYS":10.982262795734,"CURRENT_ASSETS_TDAYS":0.431892596898,"TOTAL_ASSETS_TDAYS":0.20143027918,"PREMIUM_EXPENSE":null,"LOAN_DEPOSIT":null,"LOAN_EQUITY":null,"LOAN_ASSETS":null,"DEPOSIT_EQUITY":null,"DEPOSIT_ASSETS":null,"EQUITY_MULTIPLIER":1.20510086467,"EQUITY_RATIO":0.205645115184}],"count":21},"success":true,"message":"ok","code":0}