{"version":"291a08bf8c2dd10bbf194956038c44e1","result":{"pages":5,"data":[{"SECUCODE":"03303.HK","SECURITY_CODE":"03303","SECURITY_NAME_ABBR":"巨涛海洋石油服务","ORG_CODE":"10094059","STD_REPORT_DATE":"2024-06-30 00:00:00","REPORT_DATE":"2024-06-30 00:00:00","DATE_TYPE_CODE":"002","REPORT_TYPE":"2024年中报","PER_NETCASH_OPERATE":0.211391133679,"PER_OI":0.602484974012,"BPS":1.03558485097,"BASIC_EPS":0.08675,"DILUTED_EPS":0.08673,"OPERATE_INCOME":1284256000,"OPERATE_INCOME_YOY":55.9458281271,"GROSS_PROFIT":367501000,"GROSS_PROFIT_YOY":89.105008310306,"HOLDER_PROFIT":177309000,"HOLDER_PROFIT_YOY":157.5518563709,"GROSS_PROFIT_RATIO":28.615867864351,"EPS_TTM":0.17050772879,"OPERATE_INCOME_QOQ":17.776595403996,"NET_PROFIT_RATIO":13.8063594797,"ROE_AVG":8.40488340179,"GROSS_PROFIT_QOQ":26.421520010986,"ROA":4.608616297455,"HOLDER_PROFIT_QOQ":42.537129052626,"ROE_YEARLY":16.809766803581,"ROIC_YEARLY":11.838570950703,"TOTAL_ASSETS":3609675000,"TOTAL_LIABILITIES":1402224000,"TAX_EBT":14.656404776688,"OCF_SALES":35.086540378242,"TOTAL_PARENT_EQUITY":2207451000,"DEBT_ASSET_RATIO":38.8462673232,"OPERATE_PROFIT":215068000,"PRETAX_PROFIT":207759000,"NETCASH_OPERATE":450601000,"NETCASH_INVEST":-80496000,"NETCASH_FINANCE":-174361000,"END_CASH":951065000,"DIVI_RATIO":0.160581577119,"DIVIDEND_RATE":4.615384615385,"CURRENT_RATIO":1.71499361333,"COMMON_ACS":4000000000,"CURRENTDEBT_DEBT":93.51751218065,"ISSUED_COMMON_SHARES":2131598389,"HK_COMMON_SHARES":2131598389,"PER_SHARES":2000,"TOTAL_MARKET_CAP":1385538952.85,"HKSK_MARKET_CAP":1385538952.85,"PE_TTM":3.4553845841,"PB_TTM":0.572856970092,"REPORT_DATE_SQ":"2023-06-30 00:00:00","REPORT_TYPE_SQ":"2023年中报","OPERATE_INCOME_SQ":823527000,"DPS_HKD":0.03,"OPERATE_INCOME_QOQ_SQ":-19.58910908336,"NET_PROFIT_RATIO_SQ":8.3596530533,"HOLDER_PROFIT_SQ":68844000,"HOLDER_PROFIT_QOQ_SQ":100.653111403517,"ROE_AVG_SQ":3.849662740712,"PE_TTM_SQ":161.400712089011,"PB_TTM_SQ":0.499348435012,"ROA_SQ":2.166945519312,"START_DATE":"2024-01-01 00:00:00","FISCAL_YEAR":"12-31","CURRENCY":"HKD","IS_CNY_CODE":0,"DPS_HKD_LY":0.03,"ORG_TYPE":"一般企业","PREMIUM_INCOME":null,"PREMIUM_INCOME_YOY":null,"NET_INTEREST_INCOME":null,"NET_INTEREST_INCOME_YOY":null,"FEE_COMMISSION_INCOME":null,"FEE_COMMISSION_INCOME_YOY":null,"ACCOUNTS_RECE_TDAYS":1.658689367066,"INVENTORY_TDAYS":7.217662411281,"CURRENT_ASSETS_TDAYS":0.51674520245,"TOTAL_ASSETS_TDAYS":0.333803875252,"PREMIUM_EXPENSE":null,"LOAN_DEPOSIT":null,"LOAN_EQUITY":null,"LOAN_ASSETS":null,"DEPOSIT_EQUITY":null,"DEPOSIT_ASSETS":null,"EQUITY_MULTIPLIER":1.635223160105,"EQUITY_RATIO":0.635223160106},{"SECUCODE":"03303.HK","SECURITY_CODE":"03303","SECURITY_NAME_ABBR":"巨涛海洋石油服务","ORG_CODE":"10094059","STD_REPORT_DATE":"2023-12-31 00:00:00","REPORT_DATE":"2023-12-31 00:00:00","DATE_TYPE_CODE":"001","REPORT_TYPE":"2023年年报","PER_NETCASH_OPERATE":0.144902721759,"PER_OI":1.307920421407,"BPS":0.943770182217,"BASIC_EPS":0.1287,"DILUTED_EPS":0.1287,"OPERATE_INCOME":2591773000,"OPERATE_INCOME_YOY":48.0229044386,"GROSS_PROFIT":655390000,"GROSS_PROFIT_YOY":1441.00634845991,"HOLDER_PROFIT":254989000,"HOLDER_PROFIT_YOY":222.4531056408,"GROSS_PROFIT_RATIO":25.287322616603,"EPS_TTM":0.128678445348,"OPERATE_INCOME_QOQ":84.083154347925,"NET_PROFIT_RATIO":9.8384001994,"ROE_AVG":13.56690341491,"GROSS_PROFIT_QOQ":196.296463737714,"ROA":7.020176720613,"HOLDER_PROFIT_QOQ":18649.1911764706,"ROE_YEARLY":13.56690341491,"ROIC_YEARLY":8.641839116922,"TOTAL_ASSETS":4084999000,"TOTAL_LIABILITIES":2073260000,"TAX_EBT":33.868031205262,"OCF_SALES":11.078863773949,"TOTAL_PARENT_EQUITY":2011739000,"DEBT_ASSET_RATIO":50.7530112002,"OPERATE_PROFIT":405972000,"PRETAX_PROFIT":385576000,"NETCASH_OPERATE":287139000,"NETCASH_INVEST":12282000,"NETCASH_FINANCE":-163673000,"END_CASH":752805000,"DIVI_RATIO":0.212781557362,"DIVIDEND_RATE":4.545454545455,"CURRENT_RATIO":1.527949926989,"COMMON_ACS":4000000000,"CURRENTDEBT_DEBT":85.914887664837,"ISSUED_COMMON_SHARES":2131598389,"HK_COMMON_SHARES":2131598389,"PER_SHARES":2000,"TOTAL_MARKET_CAP":1406854936.74,"HKSK_MARKET_CAP":1406854936.74,"PE_TTM":3.508544346932,"PB_TTM":0.581670154248,"REPORT_DATE_SQ":"2022-12-31 00:00:00","REPORT_TYPE_SQ":"2022年年报","OPERATE_INCOME_SQ":1750927000,"DPS_HKD":0.03,"OPERATE_INCOME_QOQ_SQ":-43.62737396281,"NET_PROFIT_RATIO_SQ":-11.8927859357,"HOLDER_PROFIT_SQ":-208234000,"HOLDER_PROFIT_QOQ_SQ":8.680112442825,"ROE_AVG_SQ":-11.722531000244,"PE_TTM_SQ":154.944683605451,"PB_TTM_SQ":0.479374497611,"ROA_SQ":-5.904473169941,"START_DATE":"2023-01-01 00:00:00","FISCAL_YEAR":"12-31","CURRENCY":"HKD","IS_CNY_CODE":0,"DPS_HKD_LY":null,"ORG_TYPE":"一般企业","PREMIUM_INCOME":null,"PREMIUM_INCOME_YOY":null,"NET_INTEREST_INCOME":null,"NET_INTEREST_INCOME_YOY":null,"FEE_COMMISSION_INCOME":null,"FEE_COMMISSION_INCOME_YOY":null,"ACCOUNTS_RECE_TDAYS":3.746668613409,"INVENTORY_TDAYS":16.64123993967,"CURRENT_ASSETS_TDAYS":1.193484898929,"TOTAL_ASSETS_TDAYS":0.713548603262,"PREMIUM_EXPENSE":null,"LOAN_DEPOSIT":null,"LOAN_EQUITY":null,"LOAN_ASSETS":null,"DEPOSIT_EQUITY":null,"DEPOSIT_ASSETS":null,"EQUITY_MULTIPLIER":2.03058100479,"EQUITY_RATIO":1.030581004792},{"SECUCODE":"03303.HK","SECURITY_CODE":"03303","SECURITY_NAME_ABBR":"巨涛海洋石油服务","ORG_CODE":"10094059","STD_REPORT_DATE":"2023-06-30 00:00:00","REPORT_DATE":"2023-06-30 00:00:00","DATE_TYPE_CODE":"002","REPORT_TYPE":"2023年中报","PER_NETCASH_OPERATE":0.089824457361,"PER_OI":0.415587237339,"BPS":0.858218888436,"BASIC_EPS":0.03474,"DILUTED_EPS":0.03474,"OPERATE_INCOME":823527000,"OPERATE_INCOME_YOY":-29.4029753506,"GROSS_PROFIT":194337000,"GROSS_PROFIT_YOY":1139.94768072481,"HOLDER_PROFIT":68844000,"HOLDER_PROFIT_YOY":148.9122557726,"GROSS_PROFIT_RATIO":23.598133394534,"EPS_TTM":0.000686314648,"OPERATE_INCOME_QOQ":-19.58910908336,"NET_PROFIT_RATIO":8.3596530533,"ROE_AVG":3.849662740712,"GROSS_PROFIT_QOQ":420.089348695039,"ROA":2.166945519312,"HOLDER_PROFIT_QOQ":100.653111403517,"ROE_YEARLY":7.699325481425,"ROIC_YEARLY":5.487983875002,"TOTAL_ASSETS":3174551000,"TOTAL_LIABILITIES":1345173000,"TAX_EBT":26.381863872106,"OCF_SALES":21.613863297743,"TOTAL_PARENT_EQUITY":1829378000,"DEBT_ASSET_RATIO":42.3736459109,"OPERATE_PROFIT":104510000,"PRETAX_PROFIT":93515000,"NETCASH_OPERATE":177996000,"NETCASH_INVEST":-28788000,"NETCASH_FINANCE":-41402000,"END_CASH":729701000,"DIVI_RATIO":39.89482097807,"DIVIDEND_RATE":4.545454545455,"CURRENT_RATIO":1.670688584504,"COMMON_ACS":4000000000,"CURRENTDEBT_DEBT":75.179326376607,"ISSUED_COMMON_SHARES":2131598389,"HK_COMMON_SHARES":2131598389,"PER_SHARES":2000,"TOTAL_MARKET_CAP":1406854936.74,"HKSK_MARKET_CAP":1406854936.74,"PE_TTM":3.508544346932,"PB_TTM":0.581670154248,"REPORT_DATE_SQ":"2022-06-30 00:00:00","REPORT_TYPE_SQ":"2022年中报","OPERATE_INCOME_SQ":1166518000,"DPS_HKD":0.03,"OPERATE_INCOME_QOQ_SQ":-21.991695825711,"NET_PROFIT_RATIO_SQ":-12.0658232449,"HOLDER_PROFIT_SQ":-140750000,"HOLDER_PROFIT_QOQ_SQ":-2168.45972423803,"ROE_AVG_SQ":-8.084914870011,"PE_TTM_SQ":154.944683605451,"PB_TTM_SQ":0.479374497611,"ROA_SQ":-3.798618436402,"START_DATE":"2023-01-01 00:00:00","FISCAL_YEAR":"12-31","CURRENCY":"HKD","IS_CNY_CODE":0,"DPS_HKD_LY":null,"ORG_TYPE":"一般企业","PREMIUM_INCOME":null,"PREMIUM_INCOME_YOY":null,"NET_INTEREST_INCOME":null,"NET_INTEREST_INCOME_YOY":null,"FEE_COMMISSION_INCOME":null,"FEE_COMMISSION_INCOME_YOY":null,"ACCOUNTS_RECE_TDAYS":2.907872714561,"INVENTORY_TDAYS":5.333994582841,"CURRENT_ASSETS_TDAYS":0.497432282569,"TOTAL_ASSETS_TDAYS":0.259214767109,"PREMIUM_EXPENSE":null,"LOAN_DEPOSIT":null,"LOAN_EQUITY":null,"LOAN_ASSETS":null,"DEPOSIT_EQUITY":null,"DEPOSIT_ASSETS":null,"EQUITY_MULTIPLIER":1.735317140581,"EQUITY_RATIO":0.73531714058},{"SECUCODE":"03303.HK","SECURITY_CODE":"03303","SECURITY_NAME_ABBR":"巨涛海洋石油服务","ORG_CODE":"10094059","STD_REPORT_DATE":"2022-12-31 00:00:00","REPORT_DATE":"2022-12-31 00:00:00","DATE_TYPE_CODE":"001","REPORT_TYPE":"2022年年报","PER_NETCASH_OPERATE":-0.063263071214,"PER_OI":0.883593269817,"BPS":0.819688647269,"BASIC_EPS":-0.118,"DILUTED_EPS":-0.118,"OPERATE_INCOME":1750927000,"OPERATE_INCOME_YOY":-56.0246704099,"GROSS_PROFIT":42530000,"GROSS_PROFIT_YOY":-85.004372108767,"HOLDER_PROFIT":-208234000,"HOLDER_PROFIT_YOY":-1988.9150943396,"GROSS_PROFIT_RATIO":2.428999038795,"EPS_TTM":-0.105083856121,"OPERATE_INCOME_QOQ":-43.62737396281,"NET_PROFIT_RATIO":-11.8927859357,"ROE_AVG":-11.722531000244,"GROSS_PROFIT_QOQ":18.852000894254,"ROA":-5.904473169941,"HOLDER_PROFIT_QOQ":8.680112442825,"ROE_YEARLY":-11.722531000244,"ROIC_YEARLY":-7.205091874143,"TOTAL_ASSETS":3179462000,"TOTAL_LIABILITIES":1432215000,"TAX_EBT":-5.251612381472,"OCF_SALES":-7.159750235161,"TOTAL_PARENT_EQUITY":1747247000,"DEBT_ASSET_RATIO":45.0458285081,"OPERATE_PROFIT":-169199000,"PRETAX_PROFIT":-197844000,"NETCASH_OPERATE":-125362000,"NETCASH_INVEST":-53244000,"NETCASH_FINANCE":95487000,"END_CASH":610477000,"DIVI_RATIO":-0.260557625221,"DIVIDEND_RATE":4.545454545455,"CURRENT_RATIO":1.487730674873,"COMMON_ACS":4000000000,"CURRENTDEBT_DEBT":76.102680114368,"ISSUED_COMMON_SHARES":2131598389,"HK_COMMON_SHARES":2131598389,"PER_SHARES":2000,"TOTAL_MARKET_CAP":1406854936.74,"HKSK_MARKET_CAP":1406854936.74,"PE_TTM":3.508544346932,"PB_TTM":0.581670154248,"REPORT_DATE_SQ":"2021-12-31 00:00:00","REPORT_TYPE_SQ":"2021年年报","OPERATE_INCOME_SQ":3981612000,"DPS_HKD":0.03,"OPERATE_INCOME_QOQ_SQ":-9.364233535269,"NET_PROFIT_RATIO_SQ":0.2768727842,"HOLDER_PROFIT_SQ":11024000,"HOLDER_PROFIT_QOQ_SQ":-94.981106305486,"ROE_AVG_SQ":0.543749007352,"PE_TTM_SQ":154.944683605451,"PB_TTM_SQ":0.479374497611,"ROA_SQ":0.260025910601,"START_DATE":"2022-01-01 00:00:00","FISCAL_YEAR":"12-31","CURRENCY":"HKD","IS_CNY_CODE":0,"DPS_HKD_LY":null,"ORG_TYPE":"一般企业","PREMIUM_INCOME":null,"PREMIUM_INCOME_YOY":null,"NET_INTEREST_INCOME":null,"NET_INTEREST_INCOME_YOY":null,"FEE_COMMISSION_INCOME":null,"FEE_COMMISSION_INCOME_YOY":null,"ACCOUNTS_RECE_TDAYS":5.122972559794,"INVENTORY_TDAYS":11.500600813876,"CURRENT_ASSETS_TDAYS":0.931607278439,"TOTAL_ASSETS_TDAYS":0.496475191084,"PREMIUM_EXPENSE":null,"LOAN_DEPOSIT":null,"LOAN_EQUITY":null,"LOAN_ASSETS":null,"DEPOSIT_EQUITY":null,"DEPOSIT_ASSETS":null,"EQUITY_MULTIPLIER":1.819698073598,"EQUITY_RATIO":0.819698073598},{"SECUCODE":"03303.HK","SECURITY_CODE":"03303","SECURITY_NAME_ABBR":"巨涛海洋石油服务","ORG_CODE":"10094059","STD_REPORT_DATE":"2022-06-30 00:00:00","REPORT_DATE":"2022-06-30 00:00:00","DATE_TYPE_CODE":"002","REPORT_TYPE":"2022年中报","PER_NETCASH_OPERATE":-0.099313248967,"PER_OI":0.693816432051,"BPS":0.786417370482,"BASIC_EPS":-0.08371,"DILUTED_EPS":null,"OPERATE_INCOME":1166518000,"OPERATE_INCOME_YOY":-42.8777234884,"GROSS_PROFIT":15673000,"GROSS_PROFIT_YOY":-94.052105273145,"HOLDER_PROFIT":-140750000,"HOLDER_PROFIT_YOY":-243.1826736249,"GROSS_PROFIT_RATIO":1.34357120936,"EPS_TTM":-0.13562489353,"OPERATE_INCOME_QOQ":-21.991695825711,"NET_PROFIT_RATIO":-12.0658232449,"ROE_AVG":-8.084914870011,"GROSS_PROFIT_QOQ":-87.382940313664,"ROA":-3.798618436402,"HOLDER_PROFIT_QOQ":-2168.45972423803,"ROE_YEARLY":-16.169829740022,"ROIC_YEARLY":-9.313423670786,"TOTAL_ASSETS":3536619000,"TOTAL_LIABILITIES":1860293000,"TAX_EBT":-18.709252996196,"OCF_SALES":-14.314052590702,"TOTAL_PARENT_EQUITY":1676326000,"DEBT_ASSET_RATIO":52.6008880233,"OPERATE_PROFIT":-102240000,"PRETAX_PROFIT":-118567000,"NETCASH_OPERATE":-166976000,"NETCASH_INVEST":-9690000,"NETCASH_FINANCE":202748000,"END_CASH":705024000,"DIVI_RATIO":-0.201883292125,"DIVIDEND_RATE":4.545454545455,"CURRENT_RATIO":1.409319344521,"COMMON_ACS":4000000000,"CURRENTDEBT_DEBT":72.617001730373,"ISSUED_COMMON_SHARES":2131598389,"HK_COMMON_SHARES":2131598389,"PER_SHARES":2000,"TOTAL_MARKET_CAP":1406854936.74,"HKSK_MARKET_CAP":1406854936.74,"PE_TTM":3.508544346932,"PB_TTM":0.581670154248,"REPORT_DATE_SQ":"2021-06-30 00:00:00","REPORT_TYPE_SQ":"2021年中报","OPERATE_INCOME_SQ":2042142000,"DPS_HKD":0.03,"OPERATE_INCOME_QOQ_SQ":20.448603758024,"NET_PROFIT_RATIO_SQ":4.8136221673,"HOLDER_PROFIT_SQ":98301000,"HOLDER_PROFIT_QOQ_SQ":49.715088063689,"ROE_AVG_SQ":4.742425704361,"PE_TTM_SQ":154.944683605451,"PB_TTM_SQ":0.479374497611,"ROA_SQ":2.166418475064,"START_DATE":"2022-01-01 00:00:00","FISCAL_YEAR":"12-31","CURRENCY":"HKD","IS_CNY_CODE":0,"DPS_HKD_LY":null,"ORG_TYPE":"一般企业","PREMIUM_INCOME":null,"PREMIUM_INCOME_YOY":null,"NET_INTEREST_INCOME":null,"NET_INTEREST_INCOME_YOY":null,"FEE_COMMISSION_INCOME":null,"FEE_COMMISSION_INCOME_YOY":null,"ACCOUNTS_RECE_TDAYS":3.164408347507,"INVENTORY_TDAYS":7.647623667632,"CURRENT_ASSETS_TDAYS":0.577310679415,"TOTAL_ASSETS_TDAYS":0.314824638096,"PREMIUM_EXPENSE":null,"LOAN_DEPOSIT":null,"LOAN_EQUITY":null,"LOAN_ASSETS":null,"DEPOSIT_EQUITY":null,"DEPOSIT_ASSETS":null,"EQUITY_MULTIPLIER":2.109744166708,"EQUITY_RATIO":1.109744166707},{"SECUCODE":"03303.HK","SECURITY_CODE":"03303","SECURITY_NAME_ABBR":"巨涛海洋石油服务","ORG_CODE":"10094059","STD_REPORT_DATE":"2021-12-31 00:00:00","REPORT_DATE":"2021-12-31 00:00:00","DATE_TYPE_CODE":"001","REPORT_TYPE":"2021年年报","PER_NETCASH_OPERATE":0.046717243516,"PER_OI":2.368165627663,"BPS":0.847001484575,"BASIC_EPS":0.0066,"DILUTED_EPS":0.0065,"OPERATE_INCOME":3981612000,"OPERATE_INCOME_YOY":9.1695152122,"GROSS_PROFIT":283616000,"GROSS_PROFIT_YOY":-36.65736830233,"HOLDER_PROFIT":11024000,"HOLDER_PROFIT_YOY":-92.4859588854,"GROSS_PROFIT_RATIO":7.123145098016,"EPS_TTM":0.006556806108,"OPERATE_INCOME_QOQ":-9.364233535269,"NET_PROFIT_RATIO":0.2768727842,"ROE_AVG":0.543749007352,"GROSS_PROFIT_QOQ":-46.864309293725,"ROA":0.260025910601,"HOLDER_PROFIT_QOQ":-94.981106305486,"ROE_YEARLY":0.543749007352,"ROIC_YEARLY":0.332642591015,"TOTAL_ASSETS":3873970000,"TOTAL_LIABILITIES":2068503000,"TAX_EBT":44.354146686184,"OCF_SALES":1.972718587346,"TOTAL_PARENT_EQUITY":1805467000,"DEBT_ASSET_RATIO":53.3949152936,"OPERATE_PROFIT":49397000,"PRETAX_PROFIT":19811000,"NETCASH_OPERATE":78546000,"NETCASH_INVEST":-54210000,"NETCASH_FINANCE":-535201000,"END_CASH":666970000,"DIVI_RATIO":4.17587458757,"DIVIDEND_RATE":4.545454545455,"CURRENT_RATIO":1.189384584822,"COMMON_ACS":4000000000,"CURRENTDEBT_DEBT":86.876692951376,"ISSUED_COMMON_SHARES":2131598389,"HK_COMMON_SHARES":2131598389,"PER_SHARES":2000,"TOTAL_MARKET_CAP":1406854936.74,"HKSK_MARKET_CAP":1406854936.74,"PE_TTM":3.508544346932,"PB_TTM":0.581670154248,"REPORT_DATE_SQ":"2020-12-31 00:00:00","REPORT_TYPE_SQ":"2020年年报","OPERATE_INCOME_SQ":3647183000,"DPS_HKD":0.03,"OPERATE_INCOME_QOQ_SQ":42.229185352728,"NET_PROFIT_RATIO_SQ":4.0226114237,"HOLDER_PROFIT_SQ":146712000,"HOLDER_PROFIT_QOQ_SQ":134.727933059213,"ROE_AVG_SQ":6.668215032573,"PE_TTM_SQ":154.944683605451,"PB_TTM_SQ":0.479374497611,"ROA_SQ":3.330134365719,"START_DATE":"2021-01-01 00:00:00","FISCAL_YEAR":"12-31","CURRENCY":"HKD","IS_CNY_CODE":0,"DPS_HKD_LY":0.37,"ORG_TYPE":"一般企业","PREMIUM_INCOME":null,"PREMIUM_INCOME_YOY":null,"NET_INTEREST_INCOME":null,"NET_INTEREST_INCOME_YOY":null,"FEE_COMMISSION_INCOME":null,"FEE_COMMISSION_INCOME_YOY":null,"ACCOUNTS_RECE_TDAYS":6.980495835313,"INVENTORY_TDAYS":24.46670724607,"CURRENT_ASSETS_TDAYS":1.606983917496,"TOTAL_ASSETS_TDAYS":0.939153017016,"PREMIUM_EXPENSE":null,"LOAN_DEPOSIT":null,"LOAN_EQUITY":null,"LOAN_ASSETS":null,"DEPOSIT_EQUITY":null,"DEPOSIT_ASSETS":null,"EQUITY_MULTIPLIER":2.145688622389,"EQUITY_RATIO":1.14568862239},{"SECUCODE":"03303.HK","SECURITY_CODE":"03303","SECURITY_NAME_ABBR":"巨涛海洋石油服务","ORG_CODE":"10094059","STD_REPORT_DATE":"2021-06-30 00:00:00","REPORT_DATE":"2021-06-30 00:00:00","DATE_TYPE_CODE":"002","REPORT_TYPE":"2021年中报","PER_NETCASH_OPERATE":0.215910676588,"PER_OI":1.214616213535,"BPS":0.889592997342,"BASIC_EPS":0.05966,"DILUTED_EPS":0.05901,"OPERATE_INCOME":2042142000,"OPERATE_INCOME_YOY":57.5308714354,"GROSS_PROFIT":263505000,"GROSS_PROFIT_YOY":48.456866633614,"HOLDER_PROFIT":98301000,"HOLDER_PROFIT_YOY":287.5763908055,"GROSS_PROFIT_RATIO":12.903363233311,"EPS_TTM":0.13064245841,"OPERATE_INCOME_QOQ":20.448603758024,"NET_PROFIT_RATIO":4.8136221673,"ROE_AVG":4.742425704361,"GROSS_PROFIT_QOQ":19.209199797208,"ROA":2.166418475064,"HOLDER_PROFIT_QOQ":49.715088063689,"ROE_YEARLY":9.484851408723,"ROIC_YEARLY":6.008285298355,"TOTAL_ASSETS":4469793000,"TOTAL_LIABILITIES":2573538000,"TAX_EBT":21.137754815522,"OCF_SALES":17.776041039262,"TOTAL_PARENT_EQUITY":1896255000,"DEBT_ASSET_RATIO":57.5762233285,"OPERATE_PROFIT":139282000,"PRETAX_PROFIT":124649000,"NETCASH_OPERATE":363012000,"NETCASH_INVEST":2887000,"NETCASH_FINANCE":-204210000,"END_CASH":1344933000,"DIVI_RATIO":0.209582706366,"DIVIDEND_RATE":4.545454545455,"CURRENT_RATIO":1.33316908621,"COMMON_ACS":4000000000,"CURRENTDEBT_DEBT":79.331993543519,"ISSUED_COMMON_SHARES":2131598389,"HK_COMMON_SHARES":2131598389,"PER_SHARES":2000,"TOTAL_MARKET_CAP":1406854936.74,"HKSK_MARKET_CAP":1406854936.74,"PE_TTM":3.508544346932,"PB_TTM":0.581670154248,"REPORT_DATE_SQ":"2020-06-30 00:00:00","REPORT_TYPE_SQ":"2020年中报","OPERATE_INCOME_SQ":1296344000,"DPS_HKD":0.03,"OPERATE_INCOME_QOQ_SQ":45.647225074746,"NET_PROFIT_RATIO_SQ":1.9565022864,"HOLDER_PROFIT_SQ":25363000,"HOLDER_PROFIT_QOQ_SQ":1312.8164556962,"ROE_AVG_SQ":1.166817715498,"PE_TTM_SQ":154.944683605451,"PB_TTM_SQ":0.479374497611,"ROA_SQ":0.600533905257,"START_DATE":"2021-01-01 00:00:00","FISCAL_YEAR":"12-31","CURRENCY":"HKD","IS_CNY_CODE":0,"DPS_HKD_LY":0.37,"ORG_TYPE":"一般企业","PREMIUM_INCOME":null,"PREMIUM_INCOME_YOY":null,"NET_INTEREST_INCOME":null,"NET_INTEREST_INCOME_YOY":null,"FEE_COMMISSION_INCOME":null,"FEE_COMMISSION_INCOME_YOY":null,"ACCOUNTS_RECE_TDAYS":3.155093259586,"INVENTORY_TDAYS":11.033591394648,"CURRENT_ASSETS_TDAYS":0.737254675438,"TOTAL_ASSETS_TDAYS":0.45005993403,"PREMIUM_EXPENSE":null,"LOAN_DEPOSIT":null,"LOAN_EQUITY":null,"LOAN_ASSETS":null,"DEPOSIT_EQUITY":null,"DEPOSIT_ASSETS":null,"EQUITY_MULTIPLIER":2.35716873522,"EQUITY_RATIO":1.357168735218},{"SECUCODE":"03303.HK","SECURITY_CODE":"03303","SECURITY_NAME_ABBR":"巨涛海洋石油服务","ORG_CODE":"10094059","STD_REPORT_DATE":"2020-12-31 00:00:00","REPORT_DATE":"2020-12-31 00:00:00","DATE_TYPE_CODE":"001","REPORT_TYPE":"2020年年报","PER_NETCASH_OPERATE":0.488570375043,"PER_OI":2.232035752244,"BPS":1.055238647021,"BASIC_EPS":0.0898,"DILUTED_EPS":0.0898,"OPERATE_INCOME":3647183000,"OPERATE_INCOME_YOY":107.1528617127,"GROSS_PROFIT":447749000,"GROSS_PROFIT_YOY":39.793127564051,"HOLDER_PROFIT":146712000,"HOLDER_PROFIT_YOY":3216.2748643761,"GROSS_PROFIT_RATIO":12.276570712246,"EPS_TTM":0.08978612515,"OPERATE_INCOME_QOQ":42.229185352728,"NET_PROFIT_RATIO":4.0226114237,"ROE_AVG":6.668215032573,"GROSS_PROFIT_QOQ":9.239045574314,"ROA":3.330134365719,"HOLDER_PROFIT_QOQ":134.727933059213,"ROE_YEARLY":6.668215032573,"ROIC_YEARLY":4.305819674284,"TOTAL_ASSETS":4605185000,"TOTAL_LIABILITIES":2355840000,"TAX_EBT":16.220583952443,"OCF_SALES":21.889003101846,"TOTAL_PARENT_EQUITY":2249345000,"DEBT_ASSET_RATIO":51.1562510518,"OPERATE_PROFIT":209239000,"PRETAX_PROFIT":175117000,"NETCASH_OPERATE":798332000,"NETCASH_INVEST":-185468000,"NETCASH_FINANCE":-177070000,"END_CASH":1191173000,"DIVI_RATIO":0.304951349156,"DIVIDEND_RATE":4.545454545455,"CURRENT_RATIO":1.600425378453,"COMMON_ACS":4000000000,"CURRENTDEBT_DEBT":74.741281241511,"ISSUED_COMMON_SHARES":2131598389,"HK_COMMON_SHARES":2131598389,"PER_SHARES":2000,"TOTAL_MARKET_CAP":1406854936.74,"HKSK_MARKET_CAP":1406854936.74,"PE_TTM":3.508544346932,"PB_TTM":0.581670154248,"REPORT_DATE_SQ":"2019-12-31 00:00:00","REPORT_TYPE_SQ":"2019年年报","OPERATE_INCOME_SQ":1760624000,"DPS_HKD":0.03,"OPERATE_INCOME_QOQ_SQ":38.904698600794,"NET_PROFIT_RATIO_SQ":0.2512745481,"HOLDER_PROFIT_SQ":4424000,"HOLDER_PROFIT_QOQ_SQ":117.880527039043,"ROE_AVG_SQ":0.206535513814,"PE_TTM_SQ":154.944683605451,"PB_TTM_SQ":0.479374497611,"ROA_SQ":0.108305745847,"START_DATE":"2020-01-01 00:00:00","FISCAL_YEAR":"12-31","CURRENCY":"HKD","IS_CNY_CODE":0,"DPS_HKD_LY":null,"ORG_TYPE":"一般企业","PREMIUM_INCOME":null,"PREMIUM_INCOME_YOY":null,"NET_INTEREST_INCOME":null,"NET_INTEREST_INCOME_YOY":null,"FEE_COMMISSION_INCOME":null,"FEE_COMMISSION_INCOME_YOY":null,"ACCOUNTS_RECE_TDAYS":4.412115955283,"INVENTORY_TDAYS":19.897348831135,"CURRENT_ASSETS_TDAYS":1.374313607754,"TOTAL_ASSETS_TDAYS":0.82785385288,"PREMIUM_EXPENSE":null,"LOAN_DEPOSIT":null,"LOAN_EQUITY":null,"LOAN_ASSETS":null,"DEPOSIT_EQUITY":null,"DEPOSIT_ASSETS":null,"EQUITY_MULTIPLIER":2.047344893736,"EQUITY_RATIO":1.047344893736},{"SECUCODE":"03303.HK","SECURITY_CODE":"03303","SECURITY_NAME_ABBR":"巨涛海洋石油服务","ORG_CODE":"10094059","STD_REPORT_DATE":"2020-06-30 00:00:00","REPORT_DATE":"2020-06-30 00:00:00","DATE_TYPE_CODE":"002","REPORT_TYPE":"2020年中报","PER_NETCASH_OPERATE":0.312741661247,"PER_OI":0.793348223878,"BPS":1.030394379792,"BASIC_EPS":0.01552,"DILUTED_EPS":0.01552,"OPERATE_INCOME":1296344000,"OPERATE_INCOME_YOY":163.1272987083,"GROSS_PROFIT":177496000,"GROSS_PROFIT_YOY":101.906495279263,"HOLDER_PROFIT":25363000,"HOLDER_PROFIT_YOY":177.5247585279,"GROSS_PROFIT_RATIO":13.692044704184,"EPS_TTM":0.038251146329,"OPERATE_INCOME_QOQ":45.647225074746,"NET_PROFIT_RATIO":1.9565022864,"ROE_AVG":1.166817715498,"GROSS_PROFIT_QOQ":27.969927628991,"ROA":0.600533905257,"HOLDER_PROFIT_QOQ":1312.8164556962,"ROE_YEARLY":2.333635430995,"ROIC_YEARLY":1.52921051033,"TOTAL_ASSETS":4240826000,"TOTAL_LIABILITIES":2044439000,"TAX_EBT":31.971676099026,"OCF_SALES":39.420477897842,"TOTAL_PARENT_EQUITY":2196387000,"DEBT_ASSET_RATIO":48.20850938,"OPERATE_PROFIT":56715000,"PRETAX_PROFIT":37283000,"NETCASH_OPERATE":511025000,"NETCASH_INVEST":-130930000,"NETCASH_FINANCE":-199402000,"END_CASH":1007565000,"DIVI_RATIO":0.71580599871,"DIVIDEND_RATE":4.545454545455,"CURRENT_RATIO":1.701506497293,"COMMON_ACS":4000000000,"CURRENTDEBT_DEBT":72.481888674595,"ISSUED_COMMON_SHARES":2131598389,"HK_COMMON_SHARES":2131598389,"PER_SHARES":2000,"TOTAL_MARKET_CAP":1406854936.74,"HKSK_MARKET_CAP":1406854936.74,"PE_TTM":3.508544346932,"PB_TTM":0.581670154248,"REPORT_DATE_SQ":"2019-06-30 00:00:00","REPORT_TYPE_SQ":"2019年中报","OPERATE_INCOME_SQ":492668000,"DPS_HKD":0.03,"OPERATE_INCOME_QOQ_SQ":-14.701500170933,"NET_PROFIT_RATIO_SQ":-6.6405774274,"HOLDER_PROFIT_SQ":-32716000,"HOLDER_PROFIT_QOQ_SQ":-192.885835491985,"ROE_AVG_SQ":-1.549823906256,"PE_TTM_SQ":154.944683605451,"PB_TTM_SQ":0.479374497611,"ROA_SQ":-0.851608140516,"START_DATE":"2020-01-01 00:00:00","FISCAL_YEAR":"12-31","CURRENCY":"HKD","IS_CNY_CODE":0,"DPS_HKD_LY":null,"ORG_TYPE":"一般企业","PREMIUM_INCOME":null,"PREMIUM_INCOME_YOY":null,"NET_INTEREST_INCOME":null,"NET_INTEREST_INCOME_YOY":null,"FEE_COMMISSION_INCOME":null,"FEE_COMMISSION_INCOME_YOY":null,"ACCOUNTS_RECE_TDAYS":1.636496302449,"INVENTORY_TDAYS":6.007431111875,"CURRENT_ASSETS_TDAYS":0.517398082463,"TOTAL_ASSETS_TDAYS":0.30694260335,"PREMIUM_EXPENSE":null,"LOAN_DEPOSIT":null,"LOAN_EQUITY":null,"LOAN_ASSETS":null,"DEPOSIT_EQUITY":null,"DEPOSIT_ASSETS":null,"EQUITY_MULTIPLIER":1.930819113389,"EQUITY_RATIO":0.930819113389}],"count":41},"success":true,"message":"ok","code":0}