{"version":"c7a7c004ed5f6f0e593fa967cb4f3ac6","result":{"pages":2,"data":[{"SECUCODE":"03302.HK","SECURITY_CODE":"03302","SECURITY_NAME_ABBR":"精技集团","ORG_CODE":"10918168","STD_REPORT_DATE":"2024-06-30 00:00:00","REPORT_DATE":"2024-06-30 00:00:00","DATE_TYPE_CODE":"002","REPORT_TYPE":"2024年中报","PER_NETCASH_OPERATE":-0.015985091914,"PER_OI":0.295514851338,"BPS":0.545099090531,"BASIC_EPS":-0.0015837,"DILUTED_EPS":-0.0015837,"OPERATE_INCOME":271989917,"OPERATE_INCOME_YOY":16.2103031397,"GROSS_PROFIT":25444780,"GROSS_PROFIT_YOY":35.569342669323,"HOLDER_PROFIT":-1356703,"HOLDER_PROFIT_YOY":86.0097985846,"GROSS_PROFIT_RATIO":9.355045319566,"EPS_TTM":-0.005758040458,"OPERATE_INCOME_QOQ":7.047424529418,"NET_PROFIT_RATIO":5.6169089533,"ROE_AVG":-0.271014141244,"GROSS_PROFIT_QOQ":17.733594831986,"ROA":-0.159194734804,"HOLDER_PROFIT_QOQ":61.485724813759,"ROE_YEARLY":-0.542028282487,"ROIC_YEARLY":-0.387956736031,"TOTAL_ASSETS":863127058,"TOTAL_LIABILITIES":274998947,"TAX_EBT":42.659005349713,"OCF_SALES":-5.409234710712,"TOTAL_PARENT_EQUITY":501705602,"DEBT_ASSET_RATIO":31.8607723453,"OPERATE_PROFIT":30401761,"PRETAX_PROFIT":26643113,"NETCASH_OPERATE":-14712573,"NETCASH_INVEST":-26585044,"NETCASH_FINANCE":-9760871,"END_CASH":44607550,"DIVI_RATIO":null,"DIVIDEND_RATE":null,"CURRENT_RATIO":1.932168132589,"COMMON_ACS":null,"CURRENTDEBT_DEBT":84.90008254468,"ISSUED_COMMON_SHARES":920393394,"HK_COMMON_SHARES":920393394,"PER_SHARES":2000,"TOTAL_MARKET_CAP":105845240.31,"HKSK_MARKET_CAP":105845240.31,"PE_TTM":-17.574442387381,"PB_TTM":0.192548844574,"REPORT_DATE_SQ":"2023-06-30 00:00:00","REPORT_TYPE_SQ":"2023年中报","OPERATE_INCOME_SQ":236940451.2,"DPS_HKD":null,"OPERATE_INCOME_QOQ_SQ":-16.627772940709,"NET_PROFIT_RATIO_SQ":-3.4125766871,"HOLDER_PROFIT_SQ":-9817295.4,"HOLDER_PROFIT_QOQ_SQ":-93.41933964487,"ROE_AVG_SQ":-1.818703839376,"PE_TTM_SQ":149.039641690395,"PB_TTM_SQ":0.398926463428,"ROA_SQ":-1.147859557477,"START_DATE":"2024-01-01 00:00:00","FISCAL_YEAR":"12-31","CURRENCY":"HKD","IS_CNY_CODE":0,"DPS_HKD_LY":null,"ORG_TYPE":"一般企业","PREMIUM_INCOME":null,"PREMIUM_INCOME_YOY":null,"NET_INTEREST_INCOME":null,"NET_INTEREST_INCOME_YOY":null,"FEE_COMMISSION_INCOME":null,"FEE_COMMISSION_INCOME_YOY":null,"ACCOUNTS_RECE_TDAYS":2.81900749576,"INVENTORY_TDAYS":1.013113224942,"CURRENT_ASSETS_TDAYS":0.606074508005,"TOTAL_ASSETS_TDAYS":0.319151374371,"PREMIUM_EXPENSE":null,"LOAN_DEPOSIT":null,"LOAN_EQUITY":null,"LOAN_ASSETS":null,"DEPOSIT_EQUITY":null,"DEPOSIT_ASSETS":null,"EQUITY_MULTIPLIER":1.467583408881,"EQUITY_RATIO":0.548128117174},{"SECUCODE":"03302.HK","SECURITY_CODE":"03302","SECURITY_NAME_ABBR":"精技集团","ORG_CODE":"10918168","STD_REPORT_DATE":"2023-12-31 00:00:00","REPORT_DATE":"2023-12-31 00:00:00","DATE_TYPE_CODE":"001","REPORT_TYPE":"2023年年报","PER_NETCASH_OPERATE":0.006724469385,"PER_OI":0.540352887409,"BPS":0.552796953256,"BASIC_EPS":-0.01505616,"DILUTED_EPS":-0.01505616,"OPERATE_INCOME":497337228,"OPERATE_INCOME_YOY":-25.5326001192,"GROSS_PROFIT":37645777.2,"GROSS_PROFIT_YOY":-61.774759925647,"HOLDER_PROFIT":-13760254.8,"HOLDER_PROFIT_YOY":-155.2580436191,"GROSS_PROFIT_RATIO":7.569466969402,"EPS_TTM":-0.01495040587,"OPERATE_INCOME_QOQ":-7.33592612909,"NET_PROFIT_RATIO":-1.0011893178,"ROE_AVG":-2.544951865701,"GROSS_PROFIT_QOQ":-35.81732266888,"ROA":-1.559001727147,"HOLDER_PROFIT_QOQ":-971.149377383471,"ROE_YEARLY":-2.544951865701,"ROIC_YEARLY":-1.973813609981,"TOTAL_ASSETS":856980495.6,"TOTAL_LIABILITIES":267881349.6,"TAX_EBT":9.126594700687,"OCF_SALES":1.244458860417,"TOTAL_PARENT_EQUITY":508790664,"DEBT_ASSET_RATIO":31.2587452078,"OPERATE_PROFIT":-19486972.8,"PRETAX_PROFIT":-5479366.8,"NETCASH_OPERATE":6189157.2,"NETCASH_INVEST":15459450,"NETCASH_FINANCE":-28977730.8,"END_CASH":97547785.2,"DIVI_RATIO":null,"DIVIDEND_RATE":null,"CURRENT_RATIO":2.05386763813,"COMMON_ACS":null,"CURRENTDEBT_DEBT":82.65084909069,"ISSUED_COMMON_SHARES":920393394,"HK_COMMON_SHARES":920393394,"PER_SHARES":2000,"TOTAL_MARKET_CAP":106765633.704,"HKSK_MARKET_CAP":106765633.704,"PE_TTM":-17.727263625532,"PB_TTM":0.194223182353,"REPORT_DATE_SQ":"2022-12-31 00:00:00","REPORT_TYPE_SQ":"2022年年报","OPERATE_INCOME_SQ":643751386.2,"DPS_HKD":null,"OPERATE_INCOME_QOQ_SQ":-15.926105407977,"NET_PROFIT_RATIO_SQ":5.8590038808,"HOLDER_PROFIT_SQ":24002936.1,"HOLDER_PROFIT_QOQ_SQ":-49.158163876652,"ROE_AVG_SQ":4.211780434456,"PE_TTM_SQ":161.459611831261,"PB_TTM_SQ":0.43217033538,"ROA_SQ":2.544156022524,"START_DATE":"2023-01-01 00:00:00","FISCAL_YEAR":"12-31","CURRENCY":"HKD","IS_CNY_CODE":0,"DPS_HKD_LY":0.0087,"ORG_TYPE":"一般企业","PREMIUM_INCOME":null,"PREMIUM_INCOME_YOY":null,"NET_INTEREST_INCOME":null,"NET_INTEREST_INCOME_YOY":null,"FEE_COMMISSION_INCOME":null,"FEE_COMMISSION_INCOME_YOY":null,"ACCOUNTS_RECE_TDAYS":5.678064951808,"INVENTORY_TDAYS":1.713584156828,"CURRENT_ASSETS_TDAYS":1.050646643531,"TOTAL_ASSETS_TDAYS":0.563470378053,"PREMIUM_EXPENSE":null,"LOAN_DEPOSIT":null,"LOAN_EQUITY":null,"LOAN_ASSETS":null,"DEPOSIT_EQUITY":null,"DEPOSIT_ASSETS":null,"EQUITY_MULTIPLIER":1.454730500662,"EQUITY_RATIO":0.526506024096},{"SECUCODE":"03302.HK","SECURITY_CODE":"03302","SECURITY_NAME_ABBR":"精技集团","ORG_CODE":"10918168","STD_REPORT_DATE":"2023-06-30 00:00:00","REPORT_DATE":"2023-06-30 00:00:00","DATE_TYPE_CODE":"002","REPORT_TYPE":"2023年中报","PER_NETCASH_OPERATE":-0.012634792118,"PER_OI":0.257433889405,"BPS":0.55467666427,"BASIC_EPS":-0.0106884,"DILUTED_EPS":-0.0106884,"OPERATE_INCOME":236940451.2,"OPERATE_INCOME_YOY":-37.9134574989,"GROSS_PROFIT":18768830.4,"GROSS_PROFIT_YOY":-67.970626022152,"HOLDER_PROFIT":-9817295.4,"HOLDER_PROFIT_YOY":-170.1948796332,"GROSS_PROFIT_RATIO":7.921328040419,"EPS_TTM":0.001716170184,"OPERATE_INCOME_QOQ":-16.627772940709,"NET_PROFIT_RATIO":-3.4125766871,"ROE_AVG":-1.818703839376,"GROSS_PROFIT_QOQ":-40.443057747268,"ROA":-1.147859557477,"HOLDER_PROFIT_QOQ":-93.41933964487,"ROE_YEARLY":-3.637407678752,"ROIC_YEARLY":-2.931566201611,"TOTAL_ASSETS":807829272,"TOTAL_LIABILITIES":223756309.8,"TAX_EBT":-280.150753768844,"OCF_SALES":-4.907975460123,"TOTAL_PARENT_EQUITY":510520737.6,"DEBT_ASSET_RATIO":27.6984652024,"OPERATE_PROFIT":1790307,"PRETAX_PROFIT":-2126991.6,"NETCASH_OPERATE":-11628979.2,"NETCASH_INVEST":31231504.8,"NETCASH_FINANCE":-17854972.2,"END_CASH":105515884.8,"DIVI_RATIO":null,"DIVIDEND_RATE":null,"CURRENT_RATIO":2.64868777723,"COMMON_ACS":null,"CURRENTDEBT_DEBT":77.537079939812,"ISSUED_COMMON_SHARES":920393394,"HK_COMMON_SHARES":920393394,"PER_SHARES":2000,"TOTAL_MARKET_CAP":106765633.704,"HKSK_MARKET_CAP":106765633.704,"PE_TTM":-17.727263625532,"PB_TTM":0.194223182353,"REPORT_DATE_SQ":"2022-06-30 00:00:00","REPORT_TYPE_SQ":"2022年中报","OPERATE_INCOME_SQ":343981970,"DPS_HKD":null,"OPERATE_INCOME_QOQ_SQ":-3.581658519268,"NET_PROFIT_RATIO_SQ":3.7753815992,"HOLDER_PROFIT_SQ":12606089,"HOLDER_PROFIT_QOQ_SQ":-16.141947837173,"ROE_AVG_SQ":2.390784016371,"PE_TTM_SQ":161.459611831261,"PB_TTM_SQ":0.43217033538,"ROA_SQ":1.369157081608,"START_DATE":"2023-01-01 00:00:00","FISCAL_YEAR":"12-31","CURRENCY":"HKD","IS_CNY_CODE":0,"DPS_HKD_LY":0.0087,"ORG_TYPE":"一般企业","PREMIUM_INCOME":null,"PREMIUM_INCOME_YOY":null,"NET_INTEREST_INCOME":null,"NET_INTEREST_INCOME_YOY":null,"FEE_COMMISSION_INCOME":null,"FEE_COMMISSION_INCOME_YOY":null,"ACCOUNTS_RECE_TDAYS":2.728621103486,"INVENTORY_TDAYS":0.818272015714,"CURRENT_ASSETS_TDAYS":0.499611228181,"TOTAL_ASSETS_TDAYS":0.27703593544,"PREMIUM_EXPENSE":null,"LOAN_DEPOSIT":null,"LOAN_EQUITY":null,"LOAN_ASSETS":null,"DEPOSIT_EQUITY":null,"DEPOSIT_ASSETS":null,"EQUITY_MULTIPLIER":1.383096503829,"EQUITY_RATIO":0.438290344192},{"SECUCODE":"03302.HK","SECURITY_CODE":"03302","SECURITY_NAME_ABBR":"精技集团","ORG_CODE":"10918168","STD_REPORT_DATE":"2022-12-31 00:00:00","REPORT_DATE":"2022-12-31 00:00:00","DATE_TYPE_CODE":"001","REPORT_TYPE":"2022年年报","PER_NETCASH_OPERATE":0.016550673874,"PER_OI":0.699430689525,"BPS":0.599653608987,"BASIC_EPS":0.0259155,"DILUTED_EPS":0.0259155,"OPERATE_INCOME":643751386.2,"OPERATE_INCOME_YOY":-26.2129808406,"GROSS_PROFIT":98484083.1,"GROSS_PROFIT_YOY":-26.029201796394,"HOLDER_PROFIT":24002936.1,"HOLDER_PROFIT_YOY":-61.1916533981,"GROSS_PROFIT_RATIO":15.298465403134,"EPS_TTM":0.026078996499,"OPERATE_INCOME_QOQ":-15.926105407977,"NET_PROFIT_RATIO":5.8590038808,"ROE_AVG":4.211780434456,"GROSS_PROFIT_QOQ":-25.245082315225,"ROA":2.544156022524,"HOLDER_PROFIT_QOQ":-49.158163876652,"ROE_YEARLY":4.211780434456,"ROIC_YEARLY":3.410752228847,"TOTAL_ASSETS":875498153.4,"TOTAL_LIABILITIES":241594657.2,"TAX_EBT":22.262578784318,"OCF_SALES":2.3663065007,"TOTAL_PARENT_EQUITY":551917220.4,"DEBT_ASSET_RATIO":27.5951075695,"OPERATE_PROFIT":45336575.7,"PRETAX_PROFIT":48518999.1,"NETCASH_OPERATE":15233130.9,"NETCASH_INVEST":-63855792,"NETCASH_FINANCE":-50550774.3,"END_CASH":104169943.8,"DIVI_RATIO":null,"DIVIDEND_RATE":null,"CURRENT_RATIO":2.500478259681,"COMMON_ACS":null,"CURRENTDEBT_DEBT":78.501244314769,"ISSUED_COMMON_SHARES":920393394,"HK_COMMON_SHARES":920393394,"PER_SHARES":2000,"TOTAL_MARKET_CAP":106765633.704,"HKSK_MARKET_CAP":106765633.704,"PE_TTM":-17.727263625532,"PB_TTM":0.194223182353,"REPORT_DATE_SQ":"2021-12-31 00:00:00","REPORT_TYPE_SQ":"2021年年报","OPERATE_INCOME_SQ":794140517.5,"DPS_HKD":null,"OPERATE_INCOME_QOQ_SQ":39.80221115958,"NET_PROFIT_RATIO_SQ":7.4593791772,"HOLDER_PROFIT_SQ":56298700.7,"HOLDER_PROFIT_QOQ_SQ":578.975011345959,"ROE_AVG_SQ":11.8846295577,"PE_TTM_SQ":161.459611831261,"PB_TTM_SQ":0.43217033538,"ROA_SQ":7.45162811174,"START_DATE":"2022-01-01 00:00:00","FISCAL_YEAR":"12-31","CURRENCY":"HKD","IS_CNY_CODE":0,"DPS_HKD_LY":0.0296,"ORG_TYPE":"一般企业","PREMIUM_INCOME":null,"PREMIUM_INCOME_YOY":null,"NET_INTEREST_INCOME":null,"NET_INTEREST_INCOME_YOY":null,"FEE_COMMISSION_INCOME":null,"FEE_COMMISSION_INCOME_YOY":null,"ACCOUNTS_RECE_TDAYS":5.240259055334,"INVENTORY_TDAYS":1.985580144387,"CURRENT_ASSETS_TDAYS":1.111168766104,"TOTAL_ASSETS_TDAYS":0.682334844115,"PREMIUM_EXPENSE":null,"LOAN_DEPOSIT":null,"LOAN_EQUITY":null,"LOAN_ASSETS":null,"DEPOSIT_EQUITY":null,"DEPOSIT_ASSETS":null,"EQUITY_MULTIPLIER":1.381122140275,"EQUITY_RATIO":0.437737124826},{"SECUCODE":"03302.HK","SECURITY_CODE":"03302","SECURITY_NAME_ABBR":"精技集团","ORG_CODE":"10918168","STD_REPORT_DATE":"2022-06-30 00:00:00","REPORT_DATE":"2022-06-30 00:00:00","DATE_TYPE_CODE":"002","REPORT_TYPE":"2022年中报","PER_NETCASH_OPERATE":-0.039173732922,"PER_OI":0.373733636337,"BPS":0.552153373017,"BASIC_EPS":0.0134876,"DILUTED_EPS":0.0134876,"OPERATE_INCOME":343981970,"OPERATE_INCOME_YOY":-7.9115352376,"GROSS_PROFIT":58598805,"GROSS_PROFIT_YOY":-2.327720236298,"HOLDER_PROFIT":12606089,"HOLDER_PROFIT_YOY":-42.0633163604,"GROSS_PROFIT_RATIO":17.035429211595,"EPS_TTM":0.051294364027,"OPERATE_INCOME_QOQ":-3.581658519268,"NET_PROFIT_RATIO":3.7753815992,"ROE_AVG":2.390784016371,"GROSS_PROFIT_QOQ":-1.048920265655,"ROA":1.369157081608,"HOLDER_PROFIT_QOQ":-16.141947837173,"ROE_YEARLY":4.781568032742,"ROIC_YEARLY":3.762233188015,"TOTAL_ASSETS":901467831,"TOTAL_LIABILITIES":324140747,"TAX_EBT":17.249846531615,"OCF_SALES":-10.481725248565,"TOTAL_PARENT_EQUITY":508198317,"DEBT_ASSET_RATIO":35.9569954527,"OPERATE_PROFIT":18222711,"PRETAX_PROFIT":15693786,"NETCASH_OPERATE":-36055245,"NETCASH_INVEST":-39889577,"NETCASH_FINANCE":34417465,"END_CASH":159481236,"DIVI_RATIO":null,"DIVIDEND_RATE":null,"CURRENT_RATIO":2.032549431781,"COMMON_ACS":null,"CURRENTDEBT_DEBT":90.490555943588,"ISSUED_COMMON_SHARES":920393394,"HK_COMMON_SHARES":920393394,"PER_SHARES":2000,"TOTAL_MARKET_CAP":106765633.704,"HKSK_MARKET_CAP":106765633.704,"PE_TTM":-17.727263625532,"PB_TTM":0.194223182353,"REPORT_DATE_SQ":"2021-06-30 00:00:00","REPORT_TYPE_SQ":"2021年中报","OPERATE_INCOME_SQ":372425371.5,"DPS_HKD":null,"OPERATE_INCOME_QOQ_SQ":62.286803747483,"NET_PROFIT_RATIO_SQ":5.9668579534,"HOLDER_PROFIT_SQ":21693795.9,"HOLDER_PROFIT_QOQ_SQ":163.211007656628,"ROE_AVG_SQ":4.823458431442,"PE_TTM_SQ":161.459611831261,"PB_TTM_SQ":0.43217033538,"ROA_SQ":3.013482951172,"START_DATE":"2022-01-01 00:00:00","FISCAL_YEAR":"12-31","CURRENCY":"HKD","IS_CNY_CODE":0,"DPS_HKD_LY":0.0296,"ORG_TYPE":"一般企业","PREMIUM_INCOME":null,"PREMIUM_INCOME_YOY":null,"NET_INTEREST_INCOME":null,"NET_INTEREST_INCOME_YOY":null,"FEE_COMMISSION_INCOME":null,"FEE_COMMISSION_INCOME_YOY":null,"ACCOUNTS_RECE_TDAYS":2.391854097235,"INVENTORY_TDAYS":1.06392148764,"CURRENT_ASSETS_TDAYS":0.558276620945,"TOTAL_ASSETS_TDAYS":0.373601479548,"PREMIUM_EXPENSE":null,"LOAN_DEPOSIT":null,"LOAN_EQUITY":null,"LOAN_ASSETS":null,"DEPOSIT_EQUITY":null,"DEPOSIT_ASSETS":null,"EQUITY_MULTIPLIER":1.561450789307,"EQUITY_RATIO":0.637823338167},{"SECUCODE":"03302.HK","SECURITY_CODE":"03302","SECURITY_NAME_ABBR":"精技集团","ORG_CODE":"10918168","STD_REPORT_DATE":"2021-12-31 00:00:00","REPORT_DATE":"2021-12-31 00:00:00","DATE_TYPE_CODE":"001","REPORT_TYPE":"2021年年报","PER_NETCASH_OPERATE":-0.002778270484,"PER_OI":0.862827267858,"BPS":0.58140179535,"BASIC_EPS":0.06227628,"DILUTED_EPS":0.06227628,"OPERATE_INCOME":794140517.5,"OPERATE_INCOME_YOY":137.1476070387,"GROSS_PROFIT":133139138,"GROSS_PROFIT_YOY":315.357592320483,"HOLDER_PROFIT":56298700.7,"HOLDER_PROFIT_YOY":548.6090225564,"GROSS_PROFIT_RATIO":16.765186395366,"EPS_TTM":0.061168084285,"OPERATE_INCOME_QOQ":39.80221115958,"NET_PROFIT_RATIO":7.4593791772,"ROE_AVG":11.8846295577,"GROSS_PROFIT_QOQ":79.411077532862,"ROA":7.45162811174,"HOLDER_PROFIT_QOQ":578.975011345959,"ROE_YEARLY":11.8846295577,"ROIC_YEARLY":10.074973404704,"TOTAL_ASSETS":920632134.4,"TOTAL_LIABILITIES":315335000.2,"TAX_EBT":8.343674720783,"OCF_SALES":-0.321996138423,"TOTAL_PARENT_EQUITY":535118371.7,"DEBT_ASSET_RATIO":34.2520088554,"OPERATE_PROFIT":66913975.7,"PRETAX_PROFIT":64630512.1,"NETCASH_OPERATE":-2557101.8,"NETCASH_INVEST":-10818144.7,"NETCASH_FINANCE":87554788.2,"END_CASH":196764737.4,"DIVI_RATIO":null,"DIVIDEND_RATE":null,"CURRENT_RATIO":2.213938438841,"COMMON_ACS":null,"CURRENTDEBT_DEBT":89.242646398755,"ISSUED_COMMON_SHARES":920393394,"HK_COMMON_SHARES":920393394,"PER_SHARES":2000,"TOTAL_MARKET_CAP":106765633.704,"HKSK_MARKET_CAP":106765633.704,"PE_TTM":-17.727263625532,"PB_TTM":0.194223182353,"REPORT_DATE_SQ":"2020-12-31 00:00:00","REPORT_TYPE_SQ":"2020年年报","OPERATE_INCOME_SQ":350025840.6,"DPS_HKD":null,"OPERATE_INCOME_QOQ_SQ":-5.753663462555,"NET_PROFIT_RATIO_SQ":-3.9969568464,"HOLDER_PROFIT_SQ":-13117524,"HOLDER_PROFIT_QOQ_SQ":-407.005577111503,"ROE_AVG_SQ":-3.004665137977,"PE_TTM_SQ":161.459611831261,"PB_TTM_SQ":0.43217033538,"ROA_SQ":-2.282311655663,"START_DATE":"2021-01-01 00:00:00","FISCAL_YEAR":"12-31","CURRENCY":"HKD","IS_CNY_CODE":0,"DPS_HKD_LY":0.0073,"ORG_TYPE":"一般企业","PREMIUM_INCOME":null,"PREMIUM_INCOME_YOY":null,"NET_INTEREST_INCOME":null,"NET_INTEREST_INCOME_YOY":null,"FEE_COMMISSION_INCOME":null,"FEE_COMMISSION_INCOME_YOY":null,"ACCOUNTS_RECE_TDAYS":6.733538683095,"INVENTORY_TDAYS":3.220064353022,"CURRENT_ASSETS_TDAYS":1.574168026597,"TOTAL_ASSETS_TDAYS":1.051114809276,"PREMIUM_EXPENSE":null,"LOAN_DEPOSIT":null,"LOAN_EQUITY":null,"LOAN_ASSETS":null,"DEPOSIT_EQUITY":null,"DEPOSIT_ASSETS":null,"EQUITY_MULTIPLIER":1.520959017289,"EQUITY_RATIO":0.589280833693},{"SECUCODE":"03302.HK","SECURITY_CODE":"03302","SECURITY_NAME_ABBR":"精技集团","ORG_CODE":"10918168","STD_REPORT_DATE":"2021-06-30 00:00:00","REPORT_DATE":"2021-06-30 00:00:00","DATE_TYPE_CODE":"002","REPORT_TYPE":"2021年中报","PER_NETCASH_OPERATE":-0.032331315494,"PER_OI":0.404637162683,"BPS":0.521298108535,"BASIC_EPS":0.02449377,"DILUTED_EPS":0.02449377,"OPERATE_INCOME":372425371.5,"OPERATE_INCOME_YOY":155.1913647283,"GROSS_PROFIT":59995328.4,"GROSS_PROFIT_YOY":236.288308694195,"HOLDER_PROFIT":21693795.9,"HOLDER_PROFIT_YOY":7966.0714285714,"GROSS_PROFIT_RATIO":16.109355857889,"EPS_TTM":0.009008885933,"OPERATE_INCOME_QOQ":62.286803747483,"NET_PROFIT_RATIO":5.9668579534,"ROE_AVG":4.823458431442,"GROSS_PROFIT_QOQ":131.511675885456,"ROA":3.013482951172,"HOLDER_PROFIT_QOQ":163.211007656628,"ROE_YEARLY":9.646916862883,"ROIC_YEARLY":7.831171251609,"TOTAL_ASSETS":838757936.1,"TOTAL_LIABILITIES":299626044.9,"TAX_EBT":15.949137148047,"OCF_SALES":-7.990199239151,"TOTAL_PARENT_EQUITY":479799335.4,"DEBT_ASSET_RATIO":35.722588366,"OPERATE_PROFIT":27029595.6,"PRETAX_PROFIT":26438863.5,"NETCASH_OPERATE":-29757529.2,"NETCASH_INVEST":-30232996.5,"NETCASH_FINANCE":80286735.9,"END_CASH":143595927.3,"DIVI_RATIO":null,"DIVIDEND_RATE":null,"CURRENT_RATIO":2.238472998138,"COMMON_ACS":null,"CURRENTDEBT_DEBT":86.075624729511,"ISSUED_COMMON_SHARES":920393394,"HK_COMMON_SHARES":920393394,"PER_SHARES":2000,"TOTAL_MARKET_CAP":106765633.704,"HKSK_MARKET_CAP":106765633.704,"PE_TTM":-17.727263625532,"PB_TTM":0.194223182353,"REPORT_DATE_SQ":"2020-06-30 00:00:00","REPORT_TYPE_SQ":"2020年中报","OPERATE_INCOME_SQ":154405463.1,"DPS_HKD":null,"OPERATE_INCOME_QOQ_SQ":6.14920431637,"NET_PROFIT_RATIO_SQ":0.1480896436,"HOLDER_PROFIT_SQ":284552.8,"HOLDER_PROFIT_QOQ_SQ":150.601969150211,"ROE_AVG_SQ":0.06256458956,"PE_TTM_SQ":161.459611831261,"PB_TTM_SQ":0.43217033538,"ROA_SQ":0.051261161889,"START_DATE":"2021-01-01 00:00:00","FISCAL_YEAR":"12-31","CURRENCY":"HKD","IS_CNY_CODE":0,"DPS_HKD_LY":0.0073,"ORG_TYPE":"一般企业","PREMIUM_INCOME":null,"PREMIUM_INCOME_YOY":null,"NET_INTEREST_INCOME":null,"NET_INTEREST_INCOME_YOY":null,"FEE_COMMISSION_INCOME":null,"FEE_COMMISSION_INCOME_YOY":null,"ACCOUNTS_RECE_TDAYS":2.99089751996,"INVENTORY_TDAYS":1.592601659853,"CURRENT_ASSETS_TDAYS":0.767741871609,"TOTAL_ASSETS_TDAYS":0.517335699466,"PREMIUM_EXPENSE":null,"LOAN_DEPOSIT":null,"LOAN_EQUITY":null,"LOAN_ASSETS":null,"DEPOSIT_EQUITY":null,"DEPOSIT_ASSETS":null,"EQUITY_MULTIPLIER":1.555756485177,"EQUITY_RATIO":0.624481992353},{"SECUCODE":"03302.HK","SECURITY_CODE":"03302","SECURITY_NAME_ABBR":"精技集团","ORG_CODE":"10918168","STD_REPORT_DATE":"2020-12-31 00:00:00","REPORT_DATE":"2020-12-31 00:00:00","DATE_TYPE_CODE":"001","REPORT_TYPE":"2020年年报","PER_NETCASH_OPERATE":-0.033197339975,"PER_OI":0.408231807708,"BPS":0.468234539936,"BASIC_EPS":-0.01528734,"DILUTED_EPS":-0.01528734,"OPERATE_INCOME":350025840.6,"OPERATE_INCOME_YOY":4.9612563587,"GROSS_PROFIT":32054100,"GROSS_PROFIT_YOY":-26.967513018745,"HOLDER_PROFIT":-13117524,"HOLDER_PROFIT_YOY":-62.9901960784,"GROSS_PROFIT_RATIO":9.157638174671,"EPS_TTM":-0.01529884344,"OPERATE_INCOME_QOQ":-5.753663462555,"NET_PROFIT_RATIO":-3.9969568464,"ROE_AVG":-3.004665137977,"GROSS_PROFIT_QOQ":-34.683593440565,"ROA":-2.282311655663,"HOLDER_PROFIT_QOQ":-407.005577111503,"ROE_YEARLY":-3.004665137977,"ROIC_YEARLY":-3.125899724427,"TOTAL_ASSETS":617130190.2,"TOTAL_LIABILITIES":178501885.8,"TAX_EBT":8.15797992878,"OCF_SALES":-8.131982699108,"TOTAL_PARENT_EQUITY":430959977.4,"DEBT_ASSET_RATIO":28.9245103601,"OPERATE_PROFIT":-12333431.4,"PRETAX_PROFIT":-15233094.6,"NETCASH_OPERATE":-28464040.8,"NETCASH_INVEST":-45753529.2,"NETCASH_FINANCE":22861970.4,"END_CASH":124562232.6,"DIVI_RATIO":null,"DIVIDEND_RATE":null,"CURRENT_RATIO":2.668732872243,"COMMON_ACS":null,"CURRENTDEBT_DEBT":84.681050915822,"ISSUED_COMMON_SHARES":920393394,"HK_COMMON_SHARES":920393394,"PER_SHARES":2000,"TOTAL_MARKET_CAP":106765633.704,"HKSK_MARKET_CAP":106765633.704,"PE_TTM":-17.727263625532,"PB_TTM":0.194223182353,"REPORT_DATE_SQ":"2019-12-31 00:00:00","REPORT_TYPE_SQ":"2019年年报","OPERATE_INCOME_SQ":349879813.6,"DPS_HKD":null,"OPERATE_INCOME_QOQ_SQ":-4.658835435846,"NET_PROFIT_RATIO_SQ":-2.4133443748,"HOLDER_PROFIT_SQ":-8443804.8,"HOLDER_PROFIT_QOQ_SQ":-235.806276328253,"ROE_AVG_SQ":-1.776829361234,"PE_TTM_SQ":161.459611831261,"PB_TTM_SQ":0.43217033538,"ROA_SQ":-1.468444636398,"START_DATE":"2020-01-01 00:00:00","FISCAL_YEAR":"12-31","CURRENCY":"HKD","IS_CNY_CODE":0,"DPS_HKD_LY":0.0054,"ORG_TYPE":"一般企业","PREMIUM_INCOME":null,"PREMIUM_INCOME_YOY":null,"NET_INTEREST_INCOME":null,"NET_INTEREST_INCOME_YOY":null,"FEE_COMMISSION_INCOME":null,"FEE_COMMISSION_INCOME_YOY":null,"ACCOUNTS_RECE_TDAYS":4.631129090138,"INVENTORY_TDAYS":2.271107040964,"CURRENT_ASSETS_TDAYS":0.916709717415,"TOTAL_ASSETS_TDAYS":0.609008266945,"PREMIUM_EXPENSE":null,"LOAN_DEPOSIT":null,"LOAN_EQUITY":null,"LOAN_ASSETS":null,"DEPOSIT_EQUITY":null,"DEPOSIT_ASSETS":null,"EQUITY_MULTIPLIER":1.406954781552,"EQUITY_RATIO":0.414195969837},{"SECUCODE":"03302.HK","SECURITY_CODE":"03302","SECURITY_NAME_ABBR":"精技集团","ORG_CODE":"10918168","STD_REPORT_DATE":"2020-06-30 00:00:00","REPORT_DATE":"2020-06-30 00:00:00","DATE_TYPE_CODE":"002","REPORT_TYPE":"2020年中报","PER_NETCASH_OPERATE":-0.004966215807,"PER_OI":0.180081622583,"BPS":0.493271676394,"BASIC_EPS":0.00050813,"DILUTED_EPS":0.00050813,"OPERATE_INCOME":154405463.1,"OPERATE_INCOME_YOY":16.1715793096,"GROSS_PROFIT":17840444.3,"GROSS_PROFIT_YOY":40.969604936595,"HOLDER_PROFIT":284552.8,"HOLDER_PROFIT_YOY":102.2885165509,"GROSS_PROFIT_RATIO":11.554283081581,"EPS_TTM":0.004983246097,"OPERATE_INCOME_QOQ":6.14920431637,"NET_PROFIT_RATIO":0.1480896436,"ROE_AVG":0.06256458956,"GROSS_PROFIT_QOQ":11.81338782745,"ROA":0.051261161889,"HOLDER_PROFIT_QOQ":150.601969150211,"ROE_YEARLY":0.125129179119,"ROIC_YEARLY":0.149216944117,"TOTAL_ASSETS":561661495.5,"TOTAL_LIABILITIES":99136163,"TAX_EBT":68.30985915493,"OCF_SALES":-2.757758251884,"TOTAL_PARENT_EQUITY":454003992.4,"DEBT_ASSET_RATIO":17.6505179355,"OPERATE_PROFIT":945121.8,"PRETAX_PROFIT":721544.6,"NETCASH_OPERATE":-4258129.4,"NETCASH_INVEST":-27952231.3,"NETCASH_FINANCE":1021341.3,"END_CASH":155503023.9,"DIVI_RATIO":null,"DIVIDEND_RATE":null,"CURRENT_RATIO":3.953232385316,"COMMON_ACS":null,"CURRENTDEBT_DEBT":91.732444900051,"ISSUED_COMMON_SHARES":920393394,"HK_COMMON_SHARES":920393394,"PER_SHARES":2000,"TOTAL_MARKET_CAP":106765633.704,"HKSK_MARKET_CAP":106765633.704,"PE_TTM":-17.727263625532,"PB_TTM":0.194223182353,"REPORT_DATE_SQ":"2019-06-30 00:00:00","REPORT_TYPE_SQ":"2019年中报","OPERATE_INCOME_SQ":132890638.5,"DPS_HKD":null,"OPERATE_INCOME_QOQ_SQ":-40.31021107311,"NET_PROFIT_RATIO_SQ":-9.3550483618,"HOLDER_PROFIT_SQ":-12431983.5,"HOLDER_PROFIT_QOQ_SQ":-85.770310946415,"ROE_AVG_SQ":-2.668076847591,"PE_TTM_SQ":161.459611831261,"PB_TTM_SQ":0.43217033538,"ROA_SQ":-2.211028033161,"START_DATE":"2020-01-01 00:00:00","FISCAL_YEAR":"12-31","CURRENCY":"HKD","IS_CNY_CODE":0,"DPS_HKD_LY":0.0054,"ORG_TYPE":"一般企业","PREMIUM_INCOME":null,"PREMIUM_INCOME_YOY":null,"NET_INTEREST_INCOME":null,"NET_INTEREST_INCOME_YOY":null,"FEE_COMMISSION_INCOME":null,"FEE_COMMISSION_INCOME_YOY":null,"ACCOUNTS_RECE_TDAYS":2.662840117425,"INVENTORY_TDAYS":1.085811247576,"CURRENT_ASSETS_TDAYS":0.422613956399,"TOTAL_ASSETS_TDAYS":0.278155879701,"PREMIUM_EXPENSE":null,"LOAN_DEPOSIT":null,"LOAN_EQUITY":null,"LOAN_ASSETS":null,"DEPOSIT_EQUITY":null,"DEPOSIT_ASSETS":null,"EQUITY_MULTIPLIER":1.214336720681,"EQUITY_RATIO":0.218359672293}],"count":17},"success":true,"message":"ok","code":0}