{"version":"9b48f5cee7cf87a0c6e76173c971df6c","result":{"pages":5,"data":[{"SECUCODE":"03300.HK","SECURITY_CODE":"03300","SECURITY_NAME_ABBR":"中国玻璃","ORG_CODE":"10010627","STD_REPORT_DATE":"2024-06-30 00:00:00","REPORT_DATE":"2024-06-30 00:00:00","DATE_TYPE_CODE":"002","REPORT_TYPE":"2024年中报","PER_NETCASH_OPERATE":0.219851315736,"PER_OI":1.46142539881,"BPS":0.59130606902,"BASIC_EPS":-0.0707,"DILUTED_EPS":-0.0707,"OPERATE_INCOME":2683496000,"OPERATE_INCOME_YOY":27.3542779664,"GROSS_PROFIT":270353000,"GROSS_PROFIT_YOY":154.177165206273,"HOLDER_PROFIT":-119006000,"HOLDER_PROFIT_YOY":-15.231031411,"GROSS_PROFIT_RATIO":10.074656343814,"EPS_TTM":-0.231718641369,"OPERATE_INCOME_QOQ":10.858953519304,"NET_PROFIT_RATIO":-5.1011069143,"ROE_AVG":-9.139919350039,"GROSS_PROFIT_QOQ":54.752246161243,"ROA":-0.780918029166,"HOLDER_PROFIT_QOQ":-3.838869961636,"ROE_YEARLY":-18.279838700077,"ROIC_YEARLY":-1.820745267668,"TOTAL_ASSETS":15518244000,"TOTAL_LIABILITIES":13744123000,"TAX_EBT":8.663392761823,"OCF_SALES":15.043622200294,"TOTAL_PARENT_EQUITY":1085767000,"DEBT_ASSET_RATIO":88.5675144688,"OPERATE_PROFIT":78064000,"PRETAX_PROFIT":-149872000,"NETCASH_OPERATE":403695000,"NETCASH_INVEST":-447237000,"NETCASH_FINANCE":600112000,"END_CASH":1154011000,"DIVI_RATIO":null,"DIVIDEND_RATE":null,"CURRENT_RATIO":0.462074471651,"COMMON_ACS":3600000000,"CURRENTDEBT_DEBT":66.206988979944,"ISSUED_COMMON_SHARES":1836218258,"HK_COMMON_SHARES":1836218258,"PER_SHARES":2000,"TOTAL_MARKET_CAP":716125120.62,"HKSK_MARKET_CAP":716125120.62,"PE_TTM":-1.52193517878,"PB_TTM":0.601964394836,"REPORT_DATE_SQ":"2023-06-30 00:00:00","REPORT_TYPE_SQ":"2023年中报","OPERATE_INCOME_SQ":2107111000,"DPS_HKD":null,"OPERATE_INCOME_QOQ_SQ":1.043007989469,"NET_PROFIT_RATIO_SQ":-6.5797198154,"HOLDER_PROFIT_SQ":-103276000,"HOLDER_PROFIT_QOQ_SQ":-188.506301218924,"ROE_AVG_SQ":-4.536829451349,"PE_TTM_SQ":-7.281090894545,"PB_TTM_SQ":0.400133565241,"ROA_SQ":-0.77791198769,"START_DATE":"2024-01-01 00:00:00","FISCAL_YEAR":"12-31","CURRENCY":"HKD","IS_CNY_CODE":0,"DPS_HKD_LY":null,"ORG_TYPE":"一般企业","PREMIUM_INCOME":null,"PREMIUM_INCOME_YOY":null,"NET_INTEREST_INCOME":null,"NET_INTEREST_INCOME_YOY":null,"FEE_COMMISSION_INCOME":null,"FEE_COMMISSION_INCOME_YOY":null,"ACCOUNTS_RECE_TDAYS":6.455436731935,"INVENTORY_TDAYS":2.088433378336,"CURRENT_ASSETS_TDAYS":0.711592100534,"TOTAL_ASSETS_TDAYS":0.176091155706,"PREMIUM_EXPENSE":null,"LOAN_DEPOSIT":null,"LOAN_EQUITY":null,"LOAN_ASSETS":null,"DEPOSIT_EQUITY":null,"DEPOSIT_ASSETS":null,"EQUITY_MULTIPLIER":8.747004291157,"EQUITY_RATIO":12.658446057027},{"SECUCODE":"03300.HK","SECURITY_CODE":"03300","SECURITY_NAME_ABBR":"中国玻璃","ORG_CODE":"10010627","STD_REPORT_DATE":"2023-12-31 00:00:00","REPORT_DATE":"2023-12-31 00:00:00","DATE_TYPE_CODE":"001","REPORT_TYPE":"2023年年报","PER_NETCASH_OPERATE":0.303006463189,"PER_OI":2.890682508397,"BPS":0.826876648996,"BASIC_EPS":-0.243292,"DILUTED_EPS":-0.243292,"OPERATE_INCOME":5307924000,"OPERATE_INCOME_YOY":22.6642842155,"GROSS_PROFIT":299511000,"GROSS_PROFIT_YOY":-53.068605068405,"HOLDER_PROFIT":-409756000,"HOLDER_PROFIT_YOY":-452.7270849115,"GROSS_PROFIT_RATIO":5.642714552808,"EPS_TTM":-0.223152121604,"OPERATE_INCOME_QOQ":21.398092412533,"NET_PROFIT_RATIO":-9.1826484328,"ROE_AVG":-19.970056319852,"GROSS_PROFIT_QOQ":-5.845535764808,"ROA":-2.901384876752,"HOLDER_PROFIT_QOQ":-298.533302209773,"ROE_YEARLY":-19.970056319852,"ROIC_YEARLY":-3.376214126705,"TOTAL_ASSETS":14960243000,"TOTAL_LIABILITIES":12735639000,"TAX_EBT":11.480792700645,"OCF_SALES":10.482177212786,"TOTAL_PARENT_EQUITY":1518326000,"DEBT_ASSET_RATIO":85.1298939462,"OPERATE_PROFIT":-163106000,"PRETAX_PROFIT":-550624000,"NETCASH_OPERATE":556386000,"NETCASH_INVEST":-903397000,"NETCASH_FINANCE":150193000,"END_CASH":773693000,"DIVI_RATIO":null,"DIVIDEND_RATE":null,"CURRENT_RATIO":0.353786634631,"COMMON_ACS":3600000000,"CURRENTDEBT_DEBT":74.07401387555,"ISSUED_COMMON_SHARES":1836218258,"HK_COMMON_SHARES":1836218258,"PER_SHARES":2000,"TOTAL_MARKET_CAP":697762938.04,"HKSK_MARKET_CAP":697762938.04,"PE_TTM":-1.482911199837,"PB_TTM":0.586529410353,"REPORT_DATE_SQ":"2022-12-31 00:00:00","REPORT_TYPE_SQ":"2022年年报","OPERATE_INCOME_SQ":4327196000,"DPS_HKD":null,"OPERATE_INCOME_QOQ_SQ":-15.183154534115,"NET_PROFIT_RATIO_SQ":2.3519849806,"HOLDER_PROFIT_SQ":116168000,"HOLDER_PROFIT_QOQ_SQ":-79.929509329648,"ROE_AVG_SQ":4.439686751528,"PE_TTM_SQ":-7.515964794369,"PB_TTM_SQ":0.413041099603,"ROA_SQ":0.981735824514,"START_DATE":"2023-01-01 00:00:00","FISCAL_YEAR":"12-31","CURRENCY":"HKD","IS_CNY_CODE":0,"DPS_HKD_LY":0.018,"ORG_TYPE":"一般企业","PREMIUM_INCOME":null,"PREMIUM_INCOME_YOY":null,"NET_INTEREST_INCOME":null,"NET_INTEREST_INCOME_YOY":null,"FEE_COMMISSION_INCOME":null,"FEE_COMMISSION_INCOME_YOY":null,"ACCOUNTS_RECE_TDAYS":11.249069363543,"INVENTORY_TDAYS":4.858987002214,"CURRENT_ASSETS_TDAYS":1.515678415722,"TOTAL_ASSETS_TDAYS":0.375841486654,"PREMIUM_EXPENSE":null,"LOAN_DEPOSIT":null,"LOAN_EQUITY":null,"LOAN_ASSETS":null,"DEPOSIT_EQUITY":null,"DEPOSIT_ASSETS":null,"EQUITY_MULTIPLIER":6.724901600446,"EQUITY_RATIO":8.387947647607},{"SECUCODE":"03300.HK","SECURITY_CODE":"03300","SECURITY_NAME_ABBR":"中国玻璃","ORG_CODE":"10010627","STD_REPORT_DATE":"2023-06-30 00:00:00","REPORT_DATE":"2023-06-30 00:00:00","DATE_TYPE_CODE":"002","REPORT_TYPE":"2023年中报","PER_NETCASH_OPERATE":0.012522476508,"PER_OI":1.147527528833,"BPS":1.071443980817,"BASIC_EPS":-0.0613,"DILUTED_EPS":-0.0613,"OPERATE_INCOME":2107111000,"OPERATE_INCOME_YOY":2.1888206373,"GROSS_PROFIT":106364000,"GROSS_PROFIT_YOY":-75.058096316776,"HOLDER_PROFIT":-103276000,"HOLDER_PROFIT_YOY":-189.255712656,"GROSS_PROFIT_RATIO":5.047859367637,"EPS_TTM":-0.055993343685,"OPERATE_INCOME_QOQ":1.043007989469,"NET_PROFIT_RATIO":-6.5797198154,"ROE_AVG":-4.536829451349,"GROSS_PROFIT_QOQ":-50.154891419313,"ROA":-0.77791198769,"HOLDER_PROFIT_QOQ":-188.506301218924,"ROE_YEARLY":-9.073658902698,"ROIC_YEARLY":-1.818824710716,"TOTAL_ASSETS":13266801000,"TOTAL_LIABILITIES":10685157000,"TAX_EBT":25.474512586477,"OCF_SALES":1.091257176295,"TOTAL_PARENT_EQUITY":1967405000,"DEBT_ASSET_RATIO":80.5405688983,"OPERATE_PROFIT":-44577000,"PRETAX_PROFIT":-186033000,"NETCASH_OPERATE":22994000,"NETCASH_INVEST":-675433000,"NETCASH_FINANCE":501145000,"END_CASH":874561000,"DIVI_RATIO":null,"DIVIDEND_RATE":null,"CURRENT_RATIO":0.51591438824,"COMMON_ACS":3600000000,"CURRENTDEBT_DEBT":63.2557668549,"ISSUED_COMMON_SHARES":1836218258,"HK_COMMON_SHARES":1836218258,"PER_SHARES":2000,"TOTAL_MARKET_CAP":697762938.04,"HKSK_MARKET_CAP":697762938.04,"PE_TTM":-1.482911199837,"PB_TTM":0.586529410353,"REPORT_DATE_SQ":"2022-06-30 00:00:00","REPORT_TYPE_SQ":"2022年中报","OPERATE_INCOME_SQ":2061978000,"DPS_HKD":null,"OPERATE_INCOME_QOQ_SQ":0.725837149026,"NET_PROFIT_RATIO_SQ":5.8753779138,"HOLDER_PROFIT_SQ":115708000,"HOLDER_PROFIT_QOQ_SQ":-21.397035956646,"ROE_AVG_SQ":4.365425354313,"PE_TTM_SQ":-7.515964794369,"PB_TTM_SQ":0.413041099603,"ROA_SQ":1.057828403755,"START_DATE":"2023-01-01 00:00:00","FISCAL_YEAR":"12-31","CURRENCY":"HKD","IS_CNY_CODE":0,"DPS_HKD_LY":0.018,"ORG_TYPE":"一般企业","PREMIUM_INCOME":null,"PREMIUM_INCOME_YOY":null,"NET_INTEREST_INCOME":null,"NET_INTEREST_INCOME_YOY":null,"FEE_COMMISSION_INCOME":null,"FEE_COMMISSION_INCOME_YOY":null,"ACCOUNTS_RECE_TDAYS":4.639946358263,"INVENTORY_TDAYS":1.684127636149,"CURRENT_ASSETS_TDAYS":0.589111160007,"TOTAL_ASSETS_TDAYS":0.15871518129,"PREMIUM_EXPENSE":null,"LOAN_DEPOSIT":null,"LOAN_EQUITY":null,"LOAN_ASSETS":null,"DEPOSIT_EQUITY":null,"DEPOSIT_ASSETS":null,"EQUITY_MULTIPLIER":5.138896377668,"EQUITY_RATIO":5.431091717262},{"SECUCODE":"03300.HK","SECURITY_CODE":"03300","SECURITY_NAME_ABBR":"中国玻璃","ORG_CODE":"10010627","STD_REPORT_DATE":"2022-12-31 00:00:00","REPORT_DATE":"2022-12-31 00:00:00","DATE_TYPE_CODE":"001","REPORT_TYPE":"2022年年报","PER_NETCASH_OPERATE":0.240673459201,"PER_OI":2.356580423459,"BPS":1.407990574506,"BASIC_EPS":0.069029,"DILUTED_EPS":0.069022,"OPERATE_INCOME":4327196000,"OPERATE_INCOME_YOY":-14.5675223611,"GROSS_PROFIT":638189000,"GROSS_PROFIT_YOY":-63.189254445542,"HOLDER_PROFIT":116168000,"HOLDER_PROFIT_YOY":-84.2239994351,"GROSS_PROFIT_RATIO":14.748326629993,"EPS_TTM":0.06326481043,"OPERATE_INCOME_QOQ":-15.183154534115,"NET_PROFIT_RATIO":2.3519849806,"ROE_AVG":4.439686751528,"GROSS_PROFIT_QOQ":-55.848451452177,"ROA":0.981735824514,"HOLDER_PROFIT_QOQ":-79.929509329648,"ROE_YEARLY":4.439686751528,"ROIC_YEARLY":1.150899182092,"TOTAL_ASSETS":13285303000,"TOTAL_LIABILITIES":9994404000,"TAX_EBT":-19.2890128695,"OCF_SALES":10.212826042546,"TOTAL_PARENT_EQUITY":2585378000,"DEBT_ASSET_RATIO":75.2290256383,"OPERATE_PROFIT":353091000,"PRETAX_PROFIT":85318000,"NETCASH_OPERATE":441929000,"NETCASH_INVEST":-1961199000,"NETCASH_FINANCE":2038107000,"END_CASH":1110656000,"DIVI_RATIO":null,"DIVIDEND_RATE":null,"CURRENT_RATIO":0.565027337731,"COMMON_ACS":3600000000,"CURRENTDEBT_DEBT":64.926502871007,"ISSUED_COMMON_SHARES":1836218258,"HK_COMMON_SHARES":1836218258,"PER_SHARES":2000,"TOTAL_MARKET_CAP":697762938.04,"HKSK_MARKET_CAP":697762938.04,"PE_TTM":-1.482911199837,"PB_TTM":0.586529410353,"REPORT_DATE_SQ":"2021-12-31 00:00:00","REPORT_TYPE_SQ":"2021年年报","OPERATE_INCOME_SQ":5065048000,"DPS_HKD":null,"OPERATE_INCOME_QOQ_SQ":26.295274806189,"NET_PROFIT_RATIO_SQ":15.8329595297,"HOLDER_PROFIT_SQ":736359000,"HOLDER_PROFIT_QOQ_SQ":68.861793465299,"ROE_AVG_SQ":31.615684038515,"PE_TTM_SQ":-7.515964794369,"PB_TTM_SQ":0.413041099603,"ROA_SQ":8.37638880302,"START_DATE":"2022-01-01 00:00:00","FISCAL_YEAR":"12-31","CURRENCY":"HKD","IS_CNY_CODE":0,"DPS_HKD_LY":0.05,"ORG_TYPE":"一般企业","PREMIUM_INCOME":null,"PREMIUM_INCOME_YOY":null,"NET_INTEREST_INCOME":null,"NET_INTEREST_INCOME_YOY":null,"FEE_COMMISSION_INCOME":null,"FEE_COMMISSION_INCOME_YOY":null,"ACCOUNTS_RECE_TDAYS":11.991741675165,"INVENTORY_TDAYS":3.859217801118,"CURRENT_ASSETS_TDAYS":1.408524360069,"TOTAL_ASSETS_TDAYS":0.365691355011,"PREMIUM_EXPENSE":null,"LOAN_DEPOSIT":null,"LOAN_EQUITY":null,"LOAN_ASSETS":null,"DEPOSIT_EQUITY":null,"DEPOSIT_ASSETS":null,"EQUITY_MULTIPLIER":4.036982903451,"EQUITY_RATIO":3.865741876043},{"SECUCODE":"03300.HK","SECURITY_CODE":"03300","SECURITY_NAME_ABBR":"中国玻璃","ORG_CODE":"10010627","STD_REPORT_DATE":"2022-06-30 00:00:00","REPORT_DATE":"2022-06-30 00:00:00","DATE_TYPE_CODE":"002","REPORT_TYPE":"2022年中报","PER_NETCASH_OPERATE":0.3065664975,"PER_OI":1.122948206738,"BPS":1.444994890144,"BASIC_EPS":0.06881,"DILUTED_EPS":0.0688,"OPERATE_INCOME":2061978000,"OPERATE_INCOME_YOY":1.8153143322,"GROSS_PROFIT":426447000,"GROSS_PROFIT_YOY":-40.331943937238,"HOLDER_PROFIT":115708000,"HOLDER_PROFIT_YOY":-57.6575290833,"GROSS_PROFIT_RATIO":20.681452469425,"EPS_TTM":0.315213073107,"OPERATE_INCOME_QOQ":0.725837149026,"NET_PROFIT_RATIO":5.8753779138,"ROE_AVG":4.365425354313,"GROSS_PROFIT_QOQ":-16.626377182251,"ROA":1.057828403755,"HOLDER_PROFIT_QOQ":-21.397035956646,"ROE_YEARLY":8.730850708625,"ROIC_YEARLY":2.473937655416,"TOTAL_ASSETS":11495982000,"TOTAL_LIABILITIES":8117292000,"TAX_EBT":13.56440093892,"OCF_SALES":27.300145782351,"TOTAL_PARENT_EQUITY":2653326000,"DEBT_ASSET_RATIO":70.6098182826,"OPERATE_PROFIT":268948000,"PRETAX_PROFIT":140161000,"NETCASH_OPERATE":562923000,"NETCASH_INVEST":-556675000,"NETCASH_FINANCE":244162000,"END_CASH":828230000,"DIVI_RATIO":null,"DIVIDEND_RATE":null,"CURRENT_RATIO":0.49961534402,"COMMON_ACS":3600000000,"CURRENTDEBT_DEBT":75.167383408161,"ISSUED_COMMON_SHARES":1836218258,"HK_COMMON_SHARES":1836218258,"PER_SHARES":2000,"TOTAL_MARKET_CAP":697762938.04,"HKSK_MARKET_CAP":697762938.04,"PE_TTM":-1.482911199837,"PB_TTM":0.586529410353,"REPORT_DATE_SQ":"2021-06-30 00:00:00","REPORT_TYPE_SQ":"2021年中报","OPERATE_INCOME_SQ":2025214000,"DPS_HKD":null,"OPERATE_INCOME_QOQ_SQ":26.971534876417,"NET_PROFIT_RATIO_SQ":14.9193122307,"HOLDER_PROFIT_SQ":273267000,"HOLDER_PROFIT_QOQ_SQ":614.763967749932,"ROE_AVG_SQ":12.748421300132,"PE_TTM_SQ":-7.515964794369,"PB_TTM_SQ":0.413041099603,"ROA_SQ":3.776847725937,"START_DATE":"2022-01-01 00:00:00","FISCAL_YEAR":"12-31","CURRENCY":"HKD","IS_CNY_CODE":0,"DPS_HKD_LY":0.05,"ORG_TYPE":"一般企业","PREMIUM_INCOME":null,"PREMIUM_INCOME_YOY":null,"NET_INTEREST_INCOME":null,"NET_INTEREST_INCOME_YOY":null,"FEE_COMMISSION_INCOME":null,"FEE_COMMISSION_INCOME_YOY":null,"ACCOUNTS_RECE_TDAYS":10.870022246355,"INVENTORY_TDAYS":1.591880831656,"CURRENT_ASSETS_TDAYS":0.746247730833,"TOTAL_ASSETS_TDAYS":0.188510638531,"PREMIUM_EXPENSE":null,"LOAN_DEPOSIT":null,"LOAN_EQUITY":null,"LOAN_ASSETS":null,"DEPOSIT_EQUITY":null,"DEPOSIT_ASSETS":null,"EQUITY_MULTIPLIER":3.402496825693,"EQUITY_RATIO":3.059289359845},{"SECUCODE":"03300.HK","SECURITY_CODE":"03300","SECURITY_NAME_ABBR":"中国玻璃","ORG_CODE":"10010627","STD_REPORT_DATE":"2021-12-31 00:00:00","REPORT_DATE":"2021-12-31 00:00:00","DATE_TYPE_CODE":"001","REPORT_TYPE":"2021年年报","PER_NETCASH_OPERATE":0.522980462676,"PER_OI":2.76734988484,"BPS":1.441976730415,"BASIC_EPS":0.442415,"DILUTED_EPS":0.441188,"OPERATE_INCOME":5065048000,"OPERATE_INCOME_YOY":60.3590488978,"GROSS_PROFIT":1733703000,"GROSS_PROFIT_YOY":134.688868914507,"HOLDER_PROFIT":736359000,"HOLDER_PROFIT_YOY":969.2396680557,"GROSS_PROFIT_RATIO":34.228757555703,"EPS_TTM":0.40231859478,"OPERATE_INCOME_QOQ":26.295274806189,"NET_PROFIT_RATIO":15.8329595297,"ROE_AVG":31.615684038515,"GROSS_PROFIT_QOQ":36.893084293684,"ROA":8.37638880302,"HOLDER_PROFIT_QOQ":68.861793465299,"ROE_YEARLY":31.615684038515,"ROIC_YEARLY":9.692202778384,"TOTAL_ASSETS":10380534000,"TOTAL_LIABILITIES":7002511000,"TAX_EBT":24.995183287598,"OCF_SALES":18.898241438186,"TOTAL_PARENT_EQUITY":2647784000,"DEBT_ASSET_RATIO":67.4580999398,"OPERATE_PROFIT":1302052000,"PRETAX_PROFIT":1069194000,"NETCASH_OPERATE":957205000,"NETCASH_INVEST":-1326161000,"NETCASH_FINANCE":275529000,"END_CASH":565977000,"DIVI_RATIO":null,"DIVIDEND_RATE":null,"CURRENT_RATIO":0.42975148273,"COMMON_ACS":3600000000,"CURRENTDEBT_DEBT":82.337835670662,"ISSUED_COMMON_SHARES":1836218258,"HK_COMMON_SHARES":1836218258,"PER_SHARES":2000,"TOTAL_MARKET_CAP":697762938.04,"HKSK_MARKET_CAP":697762938.04,"PE_TTM":-1.482911199837,"PB_TTM":0.586529410353,"REPORT_DATE_SQ":"2020-12-31 00:00:00","REPORT_TYPE_SQ":"2020年年报","OPERATE_INCOME_SQ":3158567000,"DPS_HKD":null,"OPERATE_INCOME_QOQ_SQ":22.807876333906,"NET_PROFIT_RATIO_SQ":-3.117806271,"HOLDER_PROFIT_SQ":-84713000,"HOLDER_PROFIT_QOQ_SQ":62.001713473192,"ROE_AVG_SQ":-4.144951213778,"PE_TTM_SQ":-7.515964794369,"PB_TTM_SQ":0.413041099603,"ROA_SQ":-1.177439932328,"START_DATE":"2021-01-01 00:00:00","FISCAL_YEAR":"12-31","CURRENCY":"HKD","IS_CNY_CODE":0,"DPS_HKD_LY":0.05,"ORG_TYPE":"一般企业","PREMIUM_INCOME":null,"PREMIUM_INCOME_YOY":null,"NET_INTEREST_INCOME":null,"NET_INTEREST_INCOME_YOY":null,"FEE_COMMISSION_INCOME":null,"FEE_COMMISSION_INCOME_YOY":null,"ACCOUNTS_RECE_TDAYS":19.402820181806,"INVENTORY_TDAYS":5.035871768631,"CURRENT_ASSETS_TDAYS":2.188669755118,"TOTAL_ASSETS_TDAYS":0.576170201681,"PREMIUM_EXPENSE":null,"LOAN_DEPOSIT":null,"LOAN_EQUITY":null,"LOAN_ASSETS":null,"DEPOSIT_EQUITY":null,"DEPOSIT_ASSETS":null,"EQUITY_MULTIPLIER":3.072961314951,"EQUITY_RATIO":2.64466852281},{"SECUCODE":"03300.HK","SECURITY_CODE":"03300","SECURITY_NAME_ABBR":"中国玻璃","ORG_CODE":"10010627","STD_REPORT_DATE":"2021-06-30 00:00:00","REPORT_DATE":"2021-06-30 00:00:00","DATE_TYPE_CODE":"002","REPORT_TYPE":"2021年中报","PER_NETCASH_OPERATE":0.224692241552,"PER_OI":1.118811861749,"BPS":1.239867858889,"BASIC_EPS":0.1648,"DILUTED_EPS":0.16431,"OPERATE_INCOME":2025214000,"OPERATE_INCOME_YOY":72.608369556,"GROSS_PROFIT":714699000,"GROSS_PROFIT_YOY":282.277837803143,"HOLDER_PROFIT":273267000,"HOLDER_PROFIT_YOY":210.4028797906,"GROSS_PROFIT_RATIO":35.290048360321,"EPS_TTM":0.24090418404,"OPERATE_INCOME_QOQ":26.971534876417,"NET_PROFIT_RATIO":14.9193122307,"ROE_AVG":12.748421300132,"GROSS_PROFIT_QOQ":71.43953628148,"ROA":3.776847725937,"HOLDER_PROFIT_QOQ":614.763967749932,"ROE_YEARLY":25.496842600264,"ROIC_YEARLY":8.576374335372,"TOTAL_ASSETS":7269396000,"TOTAL_LIABILITIES":4814089000,"TAX_EBT":26.884051833658,"OCF_SALES":20.083112204439,"TOTAL_PARENT_EQUITY":2276668000,"DEBT_ASSET_RATIO":66.2240576796,"OPERATE_PROFIT":555256000,"PRETAX_PROFIT":413245000,"NETCASH_OPERATE":406726000,"NETCASH_INVEST":-624319000,"NETCASH_FINANCE":20893000,"END_CASH":497397000,"DIVI_RATIO":null,"DIVIDEND_RATE":null,"CURRENT_RATIO":0.502249582513,"COMMON_ACS":3600000000,"CURRENTDEBT_DEBT":78.017003840187,"ISSUED_COMMON_SHARES":1836218258,"HK_COMMON_SHARES":1836218258,"PER_SHARES":2000,"TOTAL_MARKET_CAP":697762938.04,"HKSK_MARKET_CAP":697762938.04,"PE_TTM":-1.482911199837,"PB_TTM":0.586529410353,"REPORT_DATE_SQ":"2020-06-30 00:00:00","REPORT_TYPE_SQ":"2020年中报","OPERATE_INCOME_SQ":1173300000,"DPS_HKD":null,"OPERATE_INCOME_QOQ_SQ":8.556704076852,"NET_PROFIT_RATIO_SQ":-23.6347907611,"HOLDER_PROFIT_SQ":-247518000,"HOLDER_PROFIT_QOQ_SQ":-370,"ROE_AVG_SQ":-12.729997613621,"PE_TTM_SQ":-7.515964794369,"PB_TTM_SQ":0.413041099603,"ROA_SQ":-3.355327316505,"START_DATE":"2021-01-01 00:00:00","FISCAL_YEAR":"12-31","CURRENCY":"HKD","IS_CNY_CODE":0,"DPS_HKD_LY":0.05,"ORG_TYPE":"一般企业","PREMIUM_INCOME":null,"PREMIUM_INCOME_YOY":null,"NET_INTEREST_INCOME":null,"NET_INTEREST_INCOME_YOY":null,"FEE_COMMISSION_INCOME":null,"FEE_COMMISSION_INCOME_YOY":null,"ACCOUNTS_RECE_TDAYS":3.647851147376,"INVENTORY_TDAYS":2.626453626739,"CURRENT_ASSETS_TDAYS":1.003337664982,"TOTAL_ASSETS_TDAYS":0.279906644067,"PREMIUM_EXPENSE":null,"LOAN_DEPOSIT":null,"LOAN_EQUITY":null,"LOAN_ASSETS":null,"DEPOSIT_EQUITY":null,"DEPOSIT_ASSETS":null,"EQUITY_MULTIPLIER":2.960687197159,"EQUITY_RATIO":2.11453272941},{"SECUCODE":"03300.HK","SECURITY_CODE":"03300","SECURITY_NAME_ABBR":"中国玻璃","ORG_CODE":"10010627","STD_REPORT_DATE":"2020-12-31 00:00:00","REPORT_DATE":"2020-12-31 00:00:00","DATE_TYPE_CODE":"001","REPORT_TYPE":"2020年年报","PER_NETCASH_OPERATE":0.347693850187,"PER_OI":1.744922870239,"BPS":1.094861131699,"BASIC_EPS":-0.0507,"DILUTED_EPS":-0.0507,"OPERATE_INCOME":3158567000,"OPERATE_INCOME_YOY":33.3161828949,"GROSS_PROFIT":738724000,"GROSS_PROFIT_YOY":159.527406356054,"HOLDER_PROFIT":-84713000,"HOLDER_PROFIT_YOY":-202.5953736224,"GROSS_PROFIT_RATIO":23.387947762387,"EPS_TTM":-0.046798960132,"OPERATE_INCOME_QOQ":22.807876333906,"NET_PROFIT_RATIO":-3.117806271,"ROE_AVG":-4.144951213778,"GROSS_PROFIT_QOQ":86.667610039849,"ROA":-1.177439932328,"HOLDER_PROFIT_QOQ":62.001713473192,"ROE_YEARLY":-4.144951213778,"ROIC_YEARLY":-1.33732839003,"TOTAL_ASSETS":7201243000,"TOTAL_LIABILITIES":5033247000,"TAX_EBT":2010.33947623666,"OCF_SALES":19.926029747034,"TOTAL_PARENT_EQUITY":2010404000,"DEBT_ASSET_RATIO":69.8941418863,"OPERATE_PROFIT":269554000,"PRETAX_PROFIT":5155000,"NETCASH_OPERATE":629377000,"NETCASH_INVEST":-397765000,"NETCASH_FINANCE":-84616000,"END_CASH":698114000,"DIVI_RATIO":null,"DIVIDEND_RATE":null,"CURRENT_RATIO":0.573108318381,"COMMON_ACS":3600000000,"CURRENTDEBT_DEBT":74.554676136498,"ISSUED_COMMON_SHARES":1836218258,"HK_COMMON_SHARES":1836218258,"PER_SHARES":2000,"TOTAL_MARKET_CAP":697762938.04,"HKSK_MARKET_CAP":697762938.04,"PE_TTM":-1.482911199837,"PB_TTM":0.586529410353,"REPORT_DATE_SQ":"2019-12-31 00:00:00","REPORT_TYPE_SQ":"2019年年报","OPERATE_INCOME_SQ":2369230000,"DPS_HKD":null,"OPERATE_INCOME_QOQ_SQ":-1.068143192988,"NET_PROFIT_RATIO_SQ":3.068676321,"HOLDER_PROFIT_SQ":82570000,"HOLDER_PROFIT_QOQ_SQ":-21.577007826153,"ROE_AVG_SQ":4.013768436137,"PE_TTM_SQ":-7.515964794369,"PB_TTM_SQ":0.413041099603,"ROA_SQ":1.166010641524,"START_DATE":"2020-01-01 00:00:00","FISCAL_YEAR":"12-31","CURRENCY":"HKD","IS_CNY_CODE":0,"DPS_HKD_LY":null,"ORG_TYPE":"一般企业","PREMIUM_INCOME":null,"PREMIUM_INCOME_YOY":null,"NET_INTEREST_INCOME":null,"NET_INTEREST_INCOME_YOY":null,"FEE_COMMISSION_INCOME":null,"FEE_COMMISSION_INCOME_YOY":null,"ACCOUNTS_RECE_TDAYS":4.739710836503,"INVENTORY_TDAYS":4.653687421151,"CURRENT_ASSETS_TDAYS":1.459801991546,"TOTAL_ASSETS_TDAYS":0.439014426916,"PREMIUM_EXPENSE":null,"LOAN_DEPOSIT":null,"LOAN_EQUITY":null,"LOAN_ASSETS":null,"DEPOSIT_EQUITY":null,"DEPOSIT_ASSETS":null,"EQUITY_MULTIPLIER":3.321612678248,"EQUITY_RATIO":2.503599773976},{"SECUCODE":"03300.HK","SECURITY_CODE":"03300","SECURITY_NAME_ABBR":"中国玻璃","ORG_CODE":"10010627","STD_REPORT_DATE":"2020-06-30 00:00:00","REPORT_DATE":"2020-06-30 00:00:00","DATE_TYPE_CODE":"002","REPORT_TYPE":"2020年中报","PER_NETCASH_OPERATE":0.070689284296,"PER_OI":0.648179381236,"BPS":0.986600036301,"BASIC_EPS":-0.147,"DILUTED_EPS":-0.147,"OPERATE_INCOME":1173300000,"OPERATE_INCOME_YOY":20.8874766632,"GROSS_PROFIT":186958000,"GROSS_PROFIT_YOY":146.461104446524,"HOLDER_PROFIT":-247518000,"HOLDER_PROFIT_YOY":-526.8214033212,"GROSS_PROFIT_RATIO":15.9343731356,"EPS_TTM":-0.12316071173,"OPERATE_INCOME_QOQ":8.556704076852,"NET_PROFIT_RATIO":-23.6347907611,"ROE_AVG":-12.729997613621,"GROSS_PROFIT_QOQ":39.031836482318,"ROA":-3.355327316505,"HOLDER_PROFIT_QOQ":-370,"ROE_YEARLY":-25.459995227241,"ROIC_YEARLY":-7.59412637809,"TOTAL_ASSETS":7565621000,"TOTAL_LIABILITIES":5608713000,"TAX_EBT":-15.904369814633,"OCF_SALES":10.905821188102,"TOTAL_PARENT_EQUITY":1811613000,"DEBT_ASSET_RATIO":74.1342052424,"OPERATE_PROFIT":-102108000,"PRETAX_PROFIT":-239255000,"NETCASH_OPERATE":127958000,"NETCASH_INVEST":-51055000,"NETCASH_FINANCE":61632000,"END_CASH":700677000,"DIVI_RATIO":null,"DIVIDEND_RATE":null,"CURRENT_RATIO":0.567213990906,"COMMON_ACS":3600000000,"CURRENTDEBT_DEBT":78.863297159259,"ISSUED_COMMON_SHARES":1836218258,"HK_COMMON_SHARES":1836218258,"PER_SHARES":2000,"TOTAL_MARKET_CAP":697762938.04,"HKSK_MARKET_CAP":697762938.04,"PE_TTM":-1.482911199837,"PB_TTM":0.586529410353,"REPORT_DATE_SQ":"2019-06-30 00:00:00","REPORT_TYPE_SQ":"2019年中报","OPERATE_INCOME_SQ":970572000,"DPS_HKD":null,"OPERATE_INCOME_QOQ_SQ":-8.515600378191,"NET_PROFIT_RATIO_SQ":5.1663349035,"HOLDER_PROFIT_SQ":57991000,"HOLDER_PROFIT_QOQ_SQ":12.621940783844,"ROE_AVG_SQ":2.809702730922,"PE_TTM_SQ":-7.515964794369,"PB_TTM_SQ":0.413041099603,"ROA_SQ":0.811549412697,"START_DATE":"2020-01-01 00:00:00","FISCAL_YEAR":"12-31","CURRENCY":"HKD","IS_CNY_CODE":0,"DPS_HKD_LY":null,"ORG_TYPE":"一般企业","PREMIUM_INCOME":null,"PREMIUM_INCOME_YOY":null,"NET_INTEREST_INCOME":null,"NET_INTEREST_INCOME_YOY":null,"FEE_COMMISSION_INCOME":null,"FEE_COMMISSION_INCOME_YOY":null,"ACCOUNTS_RECE_TDAYS":1.218035394969,"INVENTORY_TDAYS":1.565710448763,"CURRENT_ASSETS_TDAYS":0.500800307318,"TOTAL_ASSETS_TDAYS":0.159051282753,"PREMIUM_EXPENSE":null,"LOAN_DEPOSIT":null,"LOAN_EQUITY":null,"LOAN_ASSETS":null,"DEPOSIT_EQUITY":null,"DEPOSIT_ASSETS":null,"EQUITY_MULTIPLIER":3.866109699591,"EQUITY_RATIO":3.095977452138}],"count":43},"success":true,"message":"ok","code":0}