{"version":"3cf34f3976a65975ccb6450137d716f3","result":{"pages":3,"data":[{"SECUCODE":"03306.HK","SECURITY_CODE":"03306","SECURITY_NAME_ABBR":"江南布衣","ORG_CODE":"10543899","STD_REPORT_DATE":"2023-12-31 00:00:00","REPORT_DATE":"2024-06-30 00:00:00","DATE_TYPE_CODE":"001","REPORT_TYPE":"2023年年报","PER_NETCASH_OPERATE":3.09005686747,"PER_OI":10.097636626506,"BPS":4.181663614458,"BASIC_EPS":1.67,"DILUTED_EPS":1.64,"OPERATE_INCOME":5238149000,"OPERATE_INCOME_YOY":17.3125091263,"GROSS_PROFIT":3470485000,"GROSS_PROFIT_YOY":18.974786355259,"HOLDER_PROFIT":849087000,"HOLDER_PROFIT_YOY":36.6647244774,"GROSS_PROFIT_RATIO":66.254033629055,"EPS_TTM":1.587849638554,"OPERATE_INCOME_QOQ":13.785104288257,"NET_PROFIT_RATIO":16.191578361,"ROE_AVG":40.911949064301,"GROSS_PROFIT_QOQ":14.450296744043,"ROA":20.124927679748,"HOLDER_PROFIT_QOQ":32.578079228447,"ROE_YEARLY":40.911949064301,"ROIC_YEARLY":28.283831983271,"TOTAL_ASSETS":4372335000,"TOTAL_LIABILITIES":2160766000,"TAX_EBT":30.085680464788,"OCF_SALES":30.601783187153,"TOTAL_PARENT_EQUITY":2169238000,"DEBT_ASSET_RATIO":49.4190403983,"OPERATE_PROFIT":1194266000,"PRETAX_PROFIT":1213112000,"NETCASH_OPERATE":1602967000,"NETCASH_INVEST":-283036000,"NETCASH_FINANCE":-1148054000,"END_CASH":698645000,"DIVI_RATIO":0.716900752036,"DIVIDEND_RATE":7.539203860072,"CURRENT_RATIO":1.485719799526,"COMMON_ACS":1000000000,"CURRENTDEBT_DEBT":80.81689548984,"ISSUED_COMMON_SHARES":518750000,"HK_COMMON_SHARES":518750000,"PER_SHARES":500,"TOTAL_MARKET_CAP":8600875000,"HKSK_MARKET_CAP":8600875000,"PE_TTM":9.245043905984,"PB_TTM":3.618711545252,"REPORT_DATE_SQ":"2022-12-31 00:00:00","REPORT_TYPE_SQ":"2022年年报","OPERATE_INCOME_SQ":4465124000,"DPS_HKD":1.25,"OPERATE_INCOME_QOQ_SQ":-3.051004095091,"NET_PROFIT_RATIO_SQ":13.914126461,"HOLDER_PROFIT_SQ":621292000,"HOLDER_PROFIT_QOQ_SQ":-12.904380188949,"ROE_AVG_SQ":33.88965891171,"PE_TTM_SQ":8.529500693716,"PB_TTM_SQ":2.674307034746,"ROA_SQ":15.599255906163,"START_DATE":"2023-07-01 00:00:00","FISCAL_YEAR":"6-30","CURRENCY":"HKD","IS_CNY_CODE":0,"DPS_HKD_LY":1.06,"ORG_TYPE":"一般企业","PREMIUM_INCOME":null,"PREMIUM_INCOME_YOY":null,"NET_INTEREST_INCOME":null,"NET_INTEREST_INCOME_YOY":null,"FEE_COMMISSION_INCOME":null,"FEE_COMMISSION_INCOME_YOY":null,"ACCOUNTS_RECE_TDAYS":42.399399399399,"INVENTORY_TDAYS":2.340590144746,"CURRENT_ASSETS_TDAYS":2.174812049976,"TOTAL_ASSETS_TDAYS":1.241537908374,"PREMIUM_EXPENSE":null,"LOAN_DEPOSIT":null,"LOAN_EQUITY":null,"LOAN_ASSETS":null,"DEPOSIT_EQUITY":null,"DEPOSIT_ASSETS":null,"EQUITY_MULTIPLIER":1.977028525901,"EQUITY_RATIO":0.996094481104},{"SECUCODE":"03306.HK","SECURITY_CODE":"03306","SECURITY_NAME_ABBR":"江南布衣","ORG_CODE":"10543899","STD_REPORT_DATE":"2023-06-30 00:00:00","REPORT_DATE":"2023-12-31 00:00:00","DATE_TYPE_CODE":"002","REPORT_TYPE":"2023年中报","PER_NETCASH_OPERATE":2.042816385542,"PER_OI":5.735984578313,"BPS":4.379716626506,"BASIC_EPS":1.14,"DILUTED_EPS":1.11,"OPERATE_INCOME":2975542000,"OPERATE_INCOME_YOY":26.0812196507,"GROSS_PROFIT":1947734000,"GROSS_PROFIT_YOY":27.618167760873,"HOLDER_PROFIT":574121000,"HOLDER_PROFIT_YOY":54.4515167493,"GROSS_PROFIT_RATIO":65.458124939927,"EPS_TTM":1.197671325301,"OPERATE_INCOME_QOQ":12.721270885043,"NET_PROFIT_RATIO":19.2944008184,"ROE_AVG":26.994960905523,"GROSS_PROFIT_QOQ":13.954525886148,"ROA":13.359003274709,"HOLDER_PROFIT_QOQ":27.638261155395,"ROE_YEARLY":53.989921811046,"ROIC_YEARLY":37.531717913794,"TOTAL_ASSETS":4529440000,"TOTAL_LIABILITIES":2257512000,"TAX_EBT":28.9300507295,"OCF_SALES":35.614049474012,"TOTAL_PARENT_EQUITY":2271978000,"DEBT_ASSET_RATIO":49.8408633297,"OPERATE_PROFIT":803080000,"PRETAX_PROFIT":807814000,"NETCASH_OPERATE":1059711000,"NETCASH_INVEST":49992000,"NETCASH_FINANCE":-541644000,"END_CASH":1093255000,"DIVI_RATIO":0.950453247024,"DIVIDEND_RATE":7.861635220126,"CURRENT_RATIO":1.591207961347,"COMMON_ACS":1000000000,"CURRENTDEBT_DEBT":79.422080591377,"ISSUED_COMMON_SHARES":518750000,"HK_COMMON_SHARES":518750000,"PER_SHARES":500,"TOTAL_MARKET_CAP":8248125000,"HKSK_MARKET_CAP":8248125000,"PE_TTM":8.865874433362,"PB_TTM":3.470296355218,"REPORT_DATE_SQ":"2022-06-30 00:00:00","REPORT_TYPE_SQ":"2022年中报","OPERATE_INCOME_SQ":2360020000,"DPS_HKD":1.25,"OPERATE_INCOME_QOQ_SQ":-4.896698091029,"NET_PROFIT_RATIO_SQ":15.7503326243,"HOLDER_PROFIT_SQ":371716000,"HOLDER_PROFIT_QOQ_SQ":-10.935600102629,"ROE_AVG_SQ":21.17030828326,"PE_TTM_SQ":7.259313316041,"PB_TTM_SQ":2.276057340944,"ROA_SQ":9.224589607807,"START_DATE":"2023-07-01 00:00:00","FISCAL_YEAR":"6-30","CURRENCY":"HKD","IS_CNY_CODE":0,"DPS_HKD_LY":1.06,"ORG_TYPE":"一般企业","PREMIUM_INCOME":null,"PREMIUM_INCOME_YOY":null,"NET_INTEREST_INCOME":null,"NET_INTEREST_INCOME_YOY":null,"FEE_COMMISSION_INCOME":null,"FEE_COMMISSION_INCOME_YOY":null,"ACCOUNTS_RECE_TDAYS":17.261026191374,"INVENTORY_TDAYS":1.333722624706,"CURRENT_ASSETS_TDAYS":1.172483456711,"TOTAL_ASSETS_TDAYS":0.692367555307,"PREMIUM_EXPENSE":null,"LOAN_DEPOSIT":null,"LOAN_EQUITY":null,"LOAN_ASSETS":null,"DEPOSIT_EQUITY":null,"DEPOSIT_ASSETS":null,"EQUITY_MULTIPLIER":1.993654728496,"EQUITY_RATIO":0.993632860882},{"SECUCODE":"03306.HK","SECURITY_CODE":"03306","SECURITY_NAME_ABBR":"江南布衣","ORG_CODE":"10543899","STD_REPORT_DATE":"2022-12-31 00:00:00","REPORT_DATE":"2023-06-30 00:00:00","DATE_TYPE_CODE":"001","REPORT_TYPE":"2022年年报","PER_NETCASH_OPERATE":1.810349879518,"PER_OI":8.607467951807,"BPS":3.819882409639,"BASIC_EPS":1.24,"DILUTED_EPS":1.22,"OPERATE_INCOME":4465124000,"OPERATE_INCOME_YOY":9.2821402943,"GROSS_PROFIT":2916992000,"GROSS_PROFIT_YOY":11.874877750377,"HOLDER_PROFIT":621292000,"HOLDER_PROFIT_YOY":11.1673346693,"GROSS_PROFIT_RATIO":65.328353703055,"EPS_TTM":0.93833253012,"OPERATE_INCOME_QOQ":-3.051004095091,"NET_PROFIT_RATIO":13.914126461,"ROE_AVG":33.88965891171,"GROSS_PROFIT_QOQ":-1.824980727706,"ROA":15.599255906163,"HOLDER_PROFIT_QOQ":-12.904380188949,"ROE_YEARLY":33.88965891171,"ROIC_YEARLY":20.79223692947,"TOTAL_ASSETS":4065827000,"TOTAL_LIABILITIES":2084304000,"TAX_EBT":26.978498440332,"OCF_SALES":21.032316235787,"TOTAL_PARENT_EQUITY":1981564000,"DEBT_ASSET_RATIO":51.2639617967,"OPERATE_PROFIT":857898000,"PRETAX_PROFIT":850822000,"NETCASH_OPERATE":939119000,"NETCASH_INVEST":-239773000,"NETCASH_FINANCE":-771866000,"END_CASH":525147000,"DIVI_RATIO":1.213141997596,"DIVIDEND_RATE":7.861635220126,"CURRENT_RATIO":1.375582766272,"COMMON_ACS":1000000000,"CURRENTDEBT_DEBT":77.521561154227,"ISSUED_COMMON_SHARES":518750000,"HK_COMMON_SHARES":518750000,"PER_SHARES":500,"TOTAL_MARKET_CAP":8248125000,"HKSK_MARKET_CAP":8248125000,"PE_TTM":8.865874433362,"PB_TTM":3.470296355218,"REPORT_DATE_SQ":"2021-12-31 00:00:00","REPORT_TYPE_SQ":"2021年年报","OPERATE_INCOME_SQ":4085868000,"DPS_HKD":1.25,"OPERATE_INCOME_QOQ_SQ":4.120400608304,"NET_PROFIT_RATIO_SQ":13.678195184,"HOLDER_PROFIT_SQ":558880000,"HOLDER_PROFIT_QOQ_SQ":-3.043876631835,"ROE_AVG_SQ":32.863057461545,"PE_TTM_SQ":7.259313316041,"PB_TTM_SQ":2.276057340944,"ROA_SQ":14.481611530149,"START_DATE":"2022-07-01 00:00:00","FISCAL_YEAR":"6-30","CURRENCY":"HKD","IS_CNY_CODE":0,"DPS_HKD_LY":0.87,"ORG_TYPE":"一般企业","PREMIUM_INCOME":null,"PREMIUM_INCOME_YOY":null,"NET_INTEREST_INCOME":null,"NET_INTEREST_INCOME_YOY":null,"FEE_COMMISSION_INCOME":null,"FEE_COMMISSION_INCOME_YOY":null,"ACCOUNTS_RECE_TDAYS":38.977822976636,"INVENTORY_TDAYS":1.912269162286,"CURRENT_ASSETS_TDAYS":2.028525777463,"TOTAL_ASSETS_TDAYS":1.121093011479,"PREMIUM_EXPENSE":null,"LOAN_DEPOSIT":null,"LOAN_EQUITY":null,"LOAN_ASSETS":null,"DEPOSIT_EQUITY":null,"DEPOSIT_ASSETS":null,"EQUITY_MULTIPLIER":2.051869698207,"EQUITY_RATIO":1.051847934258},{"SECUCODE":"03306.HK","SECURITY_CODE":"03306","SECURITY_NAME_ABBR":"江南布衣","ORG_CODE":"10543899","STD_REPORT_DATE":"2022-06-30 00:00:00","REPORT_DATE":"2022-12-31 00:00:00","DATE_TYPE_CODE":"002","REPORT_TYPE":"2022年中报","PER_NETCASH_OPERATE":0.746853012048,"PER_OI":4.549436144578,"BPS":3.521308915663,"BASIC_EPS":0.74,"DILUTED_EPS":0.74,"OPERATE_INCOME":2360020000,"OPERATE_INCOME_YOY":-5.017145065,"GROSS_PROFIT":1526220000,"GROSS_PROFIT_YOY":-3.023502291264,"HOLDER_PROFIT":371716000,"HOLDER_PROFIT_YOY":-16.2492452167,"GROSS_PROFIT_RATIO":64.669790933975,"EPS_TTM":1.077359036145,"OPERATE_INCOME_QOQ":-4.896698091029,"NET_PROFIT_RATIO":15.7503326243,"ROE_AVG":21.17030828326,"GROSS_PROFIT_QOQ":-5.048572398292,"ROA":9.224589607807,"HOLDER_PROFIT_QOQ":-10.935600102629,"ROE_YEARLY":42.34061656652,"ROIC_YEARLY":24.01617161423,"TOTAL_ASSETS":4159407000,"TOTAL_LIABILITIES":2332763000,"TAX_EBT":27.759563266329,"OCF_SALES":16.416386301811,"TOTAL_PARENT_EQUITY":1826679000,"DEBT_ASSET_RATIO":56.0840283242,"OPERATE_PROFIT":517310000,"PRETAX_PROFIT":514547000,"NETCASH_OPERATE":387430000,"NETCASH_INVEST":13124000,"NETCASH_FINANCE":-338227000,"END_CASH":657787000,"DIVI_RATIO":1.056593541995,"DIVIDEND_RATE":7.861635220126,"CURRENT_RATIO":1.273132998756,"COMMON_ACS":1000000000,"CURRENTDEBT_DEBT":77.763236128145,"ISSUED_COMMON_SHARES":518750000,"HK_COMMON_SHARES":518750000,"PER_SHARES":500,"TOTAL_MARKET_CAP":8248125000,"HKSK_MARKET_CAP":8248125000,"PE_TTM":8.865874433362,"PB_TTM":3.470296355218,"REPORT_DATE_SQ":"2021-06-30 00:00:00","REPORT_TYPE_SQ":"2021年中报","OPERATE_INCOME_SQ":2484680000,"DPS_HKD":1.25,"OPERATE_INCOME_QOQ_SQ":25.852262502646,"NET_PROFIT_RATIO_SQ":17.8627831351,"HOLDER_PROFIT_SQ":443836000,"HOLDER_PROFIT_QOQ_SQ":70.155748005826,"ROE_AVG_SQ":26.023217886902,"PE_TTM_SQ":7.259313316041,"PB_TTM_SQ":2.276057340944,"ROA_SQ":11.176955279688,"START_DATE":"2022-07-01 00:00:00","FISCAL_YEAR":"6-30","CURRENCY":"HKD","IS_CNY_CODE":0,"DPS_HKD_LY":0.87,"ORG_TYPE":"一般企业","PREMIUM_INCOME":null,"PREMIUM_INCOME_YOY":null,"NET_INTEREST_INCOME":null,"NET_INTEREST_INCOME_YOY":null,"FEE_COMMISSION_INCOME":null,"FEE_COMMISSION_INCOME_YOY":null,"ACCOUNTS_RECE_TDAYS":17.268712796666,"INVENTORY_TDAYS":0.95489118329,"CURRENT_ASSETS_TDAYS":1.051423062324,"TOTAL_ASSETS_TDAYS":0.585667982175,"PREMIUM_EXPENSE":null,"LOAN_DEPOSIT":null,"LOAN_EQUITY":null,"LOAN_ASSETS":null,"DEPOSIT_EQUITY":null,"DEPOSIT_ASSETS":null,"EQUITY_MULTIPLIER":2.277075883422,"EQUITY_RATIO":1.277051414069},{"SECUCODE":"03306.HK","SECURITY_CODE":"03306","SECURITY_NAME_ABBR":"江南布衣","ORG_CODE":"10543899","STD_REPORT_DATE":"2021-12-31 00:00:00","REPORT_DATE":"2022-06-30 00:00:00","DATE_TYPE_CODE":"001","REPORT_TYPE":"2021年年报","PER_NETCASH_OPERATE":1.644094457831,"PER_OI":7.876372048193,"BPS":3.248181204819,"BASIC_EPS":1.12,"DILUTED_EPS":1.1,"OPERATE_INCOME":4085868000,"OPERATE_INCOME_YOY":-0.9780610607,"GROSS_PROFIT":2607370000,"GROSS_PROFIT_YOY":0.385700513446,"HOLDER_PROFIT":558880000,"HOLDER_PROFIT_YOY":-13.6466105584,"GROSS_PROFIT_RATIO":63.814347404273,"EPS_TTM":1.209640481928,"OPERATE_INCOME_QOQ":4.120400608304,"NET_PROFIT_RATIO":13.678195184,"ROE_AVG":32.863057461545,"GROSS_PROFIT_QOQ":5.723213488199,"ROA":14.481611530149,"HOLDER_PROFIT_QOQ":-3.043876631835,"ROE_YEARLY":32.863057461545,"ROIC_YEARLY":20.494301067619,"TOTAL_ASSETS":3899835000,"TOTAL_LIABILITIES":2214870000,"TAX_EBT":27.946485206979,"OCF_SALES":20.873753141315,"TOTAL_PARENT_EQUITY":1684994000,"DEBT_ASSET_RATIO":56.7939412821,"OPERATE_PROFIT":775852000,"PRETAX_PROFIT":775636000,"NETCASH_OPERATE":852874000,"NETCASH_INVEST":190175000,"NETCASH_FINANCE":-1001983000,"END_CASH":591746000,"DIVI_RATIO":0.941048697532,"DIVIDEND_RATE":7.861635220126,"CURRENT_RATIO":1.246400645934,"COMMON_ACS":1000000000,"CURRENTDEBT_DEBT":78.956597904166,"ISSUED_COMMON_SHARES":518750000,"HK_COMMON_SHARES":518750000,"PER_SHARES":500,"TOTAL_MARKET_CAP":8248125000,"HKSK_MARKET_CAP":8248125000,"PE_TTM":8.865874433362,"PB_TTM":3.470296355218,"REPORT_DATE_SQ":"2020-12-31 00:00:00","REPORT_TYPE_SQ":"2020年年报","OPERATE_INCOME_SQ":4126225000,"DPS_HKD":1.25,"OPERATE_INCOME_QOQ_SQ":5.781545064239,"NET_PROFIT_RATIO_SQ":15.6849178123,"HOLDER_PROFIT_SQ":647201000,"HOLDER_PROFIT_QOQ_SQ":9.705573566229,"ROE_AVG_SQ":40.422284811156,"PE_TTM_SQ":7.259313316041,"PB_TTM_SQ":2.276057340944,"ROA_SQ":19.456347443172,"START_DATE":"2021-07-01 00:00:00","FISCAL_YEAR":"6-30","CURRENCY":"HKD","IS_CNY_CODE":0,"DPS_HKD_LY":0.78,"ORG_TYPE":"一般企业","PREMIUM_INCOME":null,"PREMIUM_INCOME_YOY":null,"NET_INTEREST_INCOME":null,"NET_INTEREST_INCOME_YOY":null,"FEE_COMMISSION_INCOME":null,"FEE_COMMISSION_INCOME_YOY":null,"ACCOUNTS_RECE_TDAYS":36.679590819931,"INVENTORY_TDAYS":1.925552579638,"CURRENT_ASSETS_TDAYS":1.750345014601,"TOTAL_ASSETS_TDAYS":1.058723753569,"PREMIUM_EXPENSE":null,"LOAN_DEPOSIT":null,"LOAN_EQUITY":null,"LOAN_ASSETS":null,"DEPOSIT_EQUITY":null,"DEPOSIT_ASSETS":null,"EQUITY_MULTIPLIER":2.314490211961,"EQUITY_RATIO":1.314467588609},{"SECUCODE":"03306.HK","SECURITY_CODE":"03306","SECURITY_NAME_ABBR":"江南布衣","ORG_CODE":"10543899","STD_REPORT_DATE":"2021-06-30 00:00:00","REPORT_DATE":"2021-12-31 00:00:00","DATE_TYPE_CODE":"002","REPORT_TYPE":"2021年中报","PER_NETCASH_OPERATE":1.489773493976,"PER_OI":4.789744578313,"BPS":3.267093975904,"BASIC_EPS":0.89,"DILUTED_EPS":0.88,"OPERATE_INCOME":2484680000,"OPERATE_INCOME_YOY":7.3452161287,"GROSS_PROFIT":1573804000,"GROSS_PROFIT_YOY":10.430606700198,"HOLDER_PROFIT":443836000,"HOLDER_PROFIT_YOY":-4.2499395948,"GROSS_PROFIT_RATIO":63.340309416102,"EPS_TTM":1.247616385542,"OPERATE_INCOME_QOQ":25.852262502646,"NET_PROFIT_RATIO":17.8627831351,"ROE_AVG":26.023217886902,"GROSS_PROFIT_QOQ":33.874738678113,"ROA":11.176955279688,"HOLDER_PROFIT_QOQ":70.155748005826,"ROE_YEARLY":52.046435773804,"ROIC_YEARLY":32.9091257582,"TOTAL_ASSETS":4123341000,"TOTAL_LIABILITIES":2428560000,"TAX_EBT":27.785298453308,"OCF_SALES":31.103401645282,"TOTAL_PARENT_EQUITY":1694805000,"DEBT_ASSET_RATIO":58.8978694704,"OPERATE_PROFIT":613759000,"PRETAX_PROFIT":614602000,"NETCASH_OPERATE":772820000,"NETCASH_INVEST":239345000,"NETCASH_FINANCE":-706964000,"END_CASH":853180000,"DIVI_RATIO":0.912404336134,"DIVIDEND_RATE":7.861635220126,"CURRENT_RATIO":1.347858288846,"COMMON_ACS":1000000000,"CURRENTDEBT_DEBT":79.946758572982,"ISSUED_COMMON_SHARES":518750000,"HK_COMMON_SHARES":518750000,"PER_SHARES":500,"TOTAL_MARKET_CAP":8248125000,"HKSK_MARKET_CAP":8248125000,"PE_TTM":8.865874433362,"PB_TTM":3.470296355218,"REPORT_DATE_SQ":"2020-06-30 00:00:00","REPORT_TYPE_SQ":"2020年中报","OPERATE_INCOME_SQ":2314663000,"DPS_HKD":1.25,"OPERATE_INCOME_QOQ_SQ":-10.583543716951,"NET_PROFIT_RATIO_SQ":20.0259389812,"HOLDER_PROFIT_SQ":463536000,"HOLDER_PROFIT_QOQ_SQ":-35.048960376471,"ROE_AVG_SQ":29.194171192409,"PE_TTM_SQ":7.259313316041,"PB_TTM_SQ":2.276057340944,"ROA_SQ":13.87433344393,"START_DATE":"2021-07-01 00:00:00","FISCAL_YEAR":"6-30","CURRENCY":"HKD","IS_CNY_CODE":0,"DPS_HKD_LY":0.78,"ORG_TYPE":"一般企业","PREMIUM_INCOME":null,"PREMIUM_INCOME_YOY":null,"NET_INTEREST_INCOME":null,"NET_INTEREST_INCOME_YOY":null,"FEE_COMMISSION_INCOME":null,"FEE_COMMISSION_INCOME_YOY":null,"ACCOUNTS_RECE_TDAYS":15.579200812605,"INVENTORY_TDAYS":1.241420290922,"CURRENT_ASSETS_TDAYS":0.973259149814,"TOTAL_ASSETS_TDAYS":0.625707631745,"PREMIUM_EXPENSE":null,"LOAN_DEPOSIT":null,"LOAN_EQUITY":null,"LOAN_ASSETS":null,"DEPOSIT_EQUITY":null,"DEPOSIT_ASSETS":null,"EQUITY_MULTIPLIER":2.43296390507,"EQUITY_RATIO":1.432943612982},{"SECUCODE":"03306.HK","SECURITY_CODE":"03306","SECURITY_NAME_ABBR":"江南布衣","ORG_CODE":"10543899","STD_REPORT_DATE":"2020-12-31 00:00:00","REPORT_DATE":"2021-06-30 00:00:00","DATE_TYPE_CODE":"001","REPORT_TYPE":"2020年年报","PER_NETCASH_OPERATE":2.576535903614,"PER_OI":7.954168674699,"BPS":3.308476144578,"BASIC_EPS":1.3,"DILUTED_EPS":1.29,"OPERATE_INCOME":4126225000,"OPERATE_INCOME_YOY":33.1284677736,"GROSS_PROFIT":2597352000,"GROSS_PROFIT_YOY":40.423592507792,"HOLDER_PROFIT":647201000,"HOLDER_PROFIT_YOY":86.6703393057,"GROSS_PROFIT_RATIO":62.947415615969,"EPS_TTM":0.733220240964,"OPERATE_INCOME_QOQ":5.781545064239,"NET_PROFIT_RATIO":15.6849178123,"ROE_AVG":40.422284811156,"GROSS_PROFIT_QOQ":4.891777115192,"ROA":19.456347443172,"HOLDER_PROFIT_QOQ":9.705573566229,"ROE_YEARLY":40.422284811156,"ROIC_YEARLY":27.070965388787,"TOTAL_ASSETS":3818643000,"TOTAL_LIABILITIES":2102392000,"TAX_EBT":27.001770829809,"OCF_SALES":32.392271386073,"TOTAL_PARENT_EQUITY":1716272000,"DEBT_ASSET_RATIO":55.055997641,"OPERATE_PROFIT":883861000,"PRETAX_PROFIT":886590000,"NETCASH_OPERATE":1336578000,"NETCASH_INVEST":-536459000,"NETCASH_FINANCE":-580567000,"END_CASH":549012000,"DIVI_RATIO":1.552508422986,"DIVIDEND_RATE":7.861635220126,"CURRENT_RATIO":1.521390315494,"COMMON_ACS":1000000000,"CURRENTDEBT_DEBT":77.814888945544,"ISSUED_COMMON_SHARES":518750000,"HK_COMMON_SHARES":518750000,"PER_SHARES":500,"TOTAL_MARKET_CAP":8248125000,"HKSK_MARKET_CAP":8248125000,"PE_TTM":8.865874433362,"PB_TTM":3.470296355218,"REPORT_DATE_SQ":"2019-12-31 00:00:00","REPORT_TYPE_SQ":"2019年年报","OPERATE_INCOME_SQ":3099431000,"DPS_HKD":1.25,"OPERATE_INCOME_QOQ_SQ":3.219582820157,"NET_PROFIT_RATIO_SQ":11.1858595981,"HOLDER_PROFIT_SQ":346708000,"HOLDER_PROFIT_QOQ_SQ":10.110007075272,"ROE_AVG_SQ":23.935591479209,"PE_TTM_SQ":7.259313316041,"PB_TTM_SQ":2.276057340944,"ROA_SQ":13.545500913138,"START_DATE":"2020-07-01 00:00:00","FISCAL_YEAR":"6-30","CURRENCY":"HKD","IS_CNY_CODE":0,"DPS_HKD_LY":0.93,"ORG_TYPE":"一般企业","PREMIUM_INCOME":null,"PREMIUM_INCOME_YOY":null,"NET_INTEREST_INCOME":null,"NET_INTEREST_INCOME_YOY":null,"FEE_COMMISSION_INCOME":null,"FEE_COMMISSION_INCOME_YOY":null,"ACCOUNTS_RECE_TDAYS":38.114383099788,"INVENTORY_TDAYS":1.898089338034,"CURRENT_ASSETS_TDAYS":1.795926654803,"TOTAL_ASSETS_TDAYS":1.24043793549,"PREMIUM_EXPENSE":null,"LOAN_DEPOSIT":null,"LOAN_EQUITY":null,"LOAN_ASSETS":null,"DEPOSIT_EQUITY":null,"DEPOSIT_ASSETS":null,"EQUITY_MULTIPLIER":2.224990983251,"EQUITY_RATIO":1.224975994481},{"SECUCODE":"03306.HK","SECURITY_CODE":"03306","SECURITY_NAME_ABBR":"江南布衣","ORG_CODE":"10543899","STD_REPORT_DATE":"2020-06-30 00:00:00","REPORT_DATE":"2020-12-31 00:00:00","DATE_TYPE_CODE":"002","REPORT_TYPE":"2020年中报","PER_NETCASH_OPERATE":2.148148433735,"PER_OI":4.462000963855,"BPS":3.257081445783,"BASIC_EPS":0.93,"DILUTED_EPS":0.93,"OPERATE_INCOME":2314663000,"OPERATE_INCOME_YOY":8.3913690114,"GROSS_PROFIT":1425152000,"GROSS_PROFIT_YOY":6.779273693667,"HOLDER_PROFIT":463536000,"HOLDER_PROFIT_YOY":7.8276566345,"GROSS_PROFIT_RATIO":61.570604446522,"EPS_TTM":0.668352771084,"OPERATE_INCOME_QOQ":-10.583543716951,"NET_PROFIT_RATIO":20.0259389812,"ROE_AVG":29.194171192409,"GROSS_PROFIT_QOQ":-13.830581686841,"ROA":13.87433344393,"HOLDER_PROFIT_QOQ":-35.048960376471,"ROE_YEARLY":58.388342384818,"ROIC_YEARLY":39.581662433067,"TOTAL_ASSETS":3847712000,"TOTAL_LIABILITIES":2158119000,"TAX_EBT":27.863318891462,"OCF_SALES":48.143163821256,"TOTAL_PARENT_EQUITY":1689611000,"DEBT_ASSET_RATIO":56.0883714789,"OPERATE_PROFIT":641928000,"PRETAX_PROFIT":642576000,"NETCASH_OPERATE":1114352000,"NETCASH_INVEST":-178682000,"NETCASH_FINANCE":-372103000,"END_CASH":893304000,"DIVI_RATIO":1.7031882701,"DIVIDEND_RATE":7.861635220126,"CURRENT_RATIO":1.510248978731,"COMMON_ACS":1000000000,"CURRENTDEBT_DEBT":83.007378184428,"ISSUED_COMMON_SHARES":518750000,"HK_COMMON_SHARES":518750000,"PER_SHARES":500,"TOTAL_MARKET_CAP":8248125000,"HKSK_MARKET_CAP":8248125000,"PE_TTM":8.865874433362,"PB_TTM":3.470296355218,"REPORT_DATE_SQ":"2019-06-30 00:00:00","REPORT_TYPE_SQ":"2019年中报","OPERATE_INCOME_SQ":2135468000,"DPS_HKD":1.25,"OPERATE_INCOME_QOQ_SQ":3.730080527335,"NET_PROFIT_RATIO_SQ":20.1306692491,"HOLDER_PROFIT_SQ":429886000,"HOLDER_PROFIT_QOQ_SQ":1.137409118883,"ROE_AVG_SQ":28.315840920259,"PE_TTM_SQ":7.259313316041,"PB_TTM_SQ":2.276057340944,"ROA_SQ":16.049819905001,"START_DATE":"2020-07-01 00:00:00","FISCAL_YEAR":"6-30","CURRENCY":"HKD","IS_CNY_CODE":0,"DPS_HKD_LY":0.93,"ORG_TYPE":"一般企业","PREMIUM_INCOME":null,"PREMIUM_INCOME_YOY":null,"NET_INTEREST_INCOME":null,"NET_INTEREST_INCOME_YOY":null,"FEE_COMMISSION_INCOME":null,"FEE_COMMISSION_INCOME_YOY":null,"ACCOUNTS_RECE_TDAYS":15.34001809259,"INVENTORY_TDAYS":1.060964445905,"CURRENT_ASSETS_TDAYS":0.962118798444,"TOTAL_ASSETS_TDAYS":0.692813638473,"PREMIUM_EXPENSE":null,"LOAN_DEPOSIT":null,"LOAN_EQUITY":null,"LOAN_ASSETS":null,"DEPOSIT_EQUITY":null,"DEPOSIT_ASSETS":null,"EQUITY_MULTIPLIER":2.277301101505,"EQUITY_RATIO":1.277287493985},{"SECUCODE":"03306.HK","SECURITY_CODE":"03306","SECURITY_NAME_ABBR":"江南布衣","ORG_CODE":"10543899","STD_REPORT_DATE":"2019-12-31 00:00:00","REPORT_DATE":"2020-06-30 00:00:00","DATE_TYPE_CODE":"001","REPORT_TYPE":"2019年年报","PER_NETCASH_OPERATE":1.28918939759,"PER_OI":5.974806746988,"BPS":2.864437590361,"BASIC_EPS":0.68,"DILUTED_EPS":0.67,"OPERATE_INCOME":3099431000,"OPERATE_INCOME_YOY":-7.7047068521,"GROSS_PROFIT":1849655000,"GROSS_PROFIT_YOY":-10.038816979474,"HOLDER_PROFIT":346708000,"HOLDER_PROFIT_YOY":-28.4824056751,"GROSS_PROFIT_RATIO":59.67724398446,"EPS_TTM":1.029010120482,"OPERATE_INCOME_QOQ":3.219582820157,"NET_PROFIT_RATIO":11.1858595981,"ROE_AVG":23.935591479209,"GROSS_PROFIT_QOQ":4.400360106398,"ROA":13.545500913138,"HOLDER_PROFIT_QOQ":10.110007075272,"ROE_YEARLY":23.935591479209,"ROIC_YEARLY":17.429519404786,"TOTAL_ASSETS":2834209000,"TOTAL_LIABILITIES":1348297000,"TAX_EBT":28.720895568417,"OCF_SALES":21.577089472229,"TOTAL_PARENT_EQUITY":1485927000,"DEBT_ASSET_RATIO":47.5722503175,"OPERATE_PROFIT":485005000,"PRETAX_PROFIT":486395000,"NETCASH_OPERATE":668767000,"NETCASH_INVEST":-256773000,"NETCASH_FINANCE":-294404000,"END_CASH":336672000,"DIVI_RATIO":1.106238488176,"DIVIDEND_RATE":7.861635220126,"CURRENT_RATIO":1.675812747755,"COMMON_ACS":1000000000,"CURRENTDEBT_DEBT":93.212845537741,"ISSUED_COMMON_SHARES":518750000,"HK_COMMON_SHARES":518750000,"PER_SHARES":500,"TOTAL_MARKET_CAP":8248125000,"HKSK_MARKET_CAP":8248125000,"PE_TTM":8.865874433362,"PB_TTM":3.470296355218,"REPORT_DATE_SQ":"2018-12-31 00:00:00","REPORT_TYPE_SQ":"2018年年报","OPERATE_INCOME_SQ":3358168000,"DPS_HKD":1.25,"OPERATE_INCOME_QOQ_SQ":13.03573006003,"NET_PROFIT_RATIO_SQ":14.4358173861,"HOLDER_PROFIT_SQ":484787000,"HOLDER_PROFIT_QOQ_SQ":16.810974019803,"ROE_AVG_SQ":35.923985535169,"PE_TTM_SQ":7.259313316041,"PB_TTM_SQ":2.276057340944,"ROA_SQ":22.001764999146,"START_DATE":"2019-07-01 00:00:00","FISCAL_YEAR":"6-30","CURRENCY":"HKD","IS_CNY_CODE":0,"DPS_HKD_LY":0.48,"ORG_TYPE":"一般企业","PREMIUM_INCOME":null,"PREMIUM_INCOME_YOY":null,"NET_INTEREST_INCOME":null,"NET_INTEREST_INCOME_YOY":null,"FEE_COMMISSION_INCOME":null,"FEE_COMMISSION_INCOME_YOY":null,"ACCOUNTS_RECE_TDAYS":29.12396872827,"INVENTORY_TDAYS":1.417091256057,"CURRENT_ASSETS_TDAYS":1.575081798596,"TOTAL_ASSETS_TDAYS":1.210913663391,"PREMIUM_EXPENSE":null,"LOAN_DEPOSIT":null,"LOAN_EQUITY":null,"LOAN_ASSETS":null,"DEPOSIT_EQUITY":null,"DEPOSIT_ASSETS":null,"EQUITY_MULTIPLIER":1.907386843906,"EQUITY_RATIO":0.907377684099}],"count":22},"success":true,"message":"ok","code":0}