{"version":"833ee0cfccd84a87c179b058cc0970ef","result":{"pages":5,"data":[{"SECUCODE":"03318.HK","SECURITY_CODE":"03318","SECURITY_NAME_ABBR":"中国波顿","ORG_CODE":"10010854","STD_REPORT_DATE":"2024-06-30 00:00:00","REPORT_DATE":"2024-06-30 00:00:00","DATE_TYPE_CODE":"002","REPORT_TYPE":"2024年中报","PER_NETCASH_OPERATE":0.017049322461,"PER_OI":0.695017638423,"BPS":2.933892980042,"BASIC_EPS":0.04,"DILUTED_EPS":0.04,"OPERATE_INCOME":750975000,"OPERATE_INCOME_YOY":-6.7395637353,"GROSS_PROFIT":305631000,"GROSS_PROFIT_YOY":-6.849636549275,"HOLDER_PROFIT":44332000,"HOLDER_PROFIT_YOY":-32.1673934665,"GROSS_PROFIT_RATIO":40.697892739439,"EPS_TTM":0.116007025431,"OPERATE_INCOME_QOQ":-2.629684079339,"NET_PROFIT_RATIO":8.346749226,"ROE_AVG":1.407976319879,"GROSS_PROFIT_QOQ":-2.815902569821,"ROA":0.746571533752,"HOLDER_PROFIT_QOQ":-14.362915898067,"ROE_YEARLY":2.815952639757,"ROIC_YEARLY":1.654614366839,"TOTAL_ASSETS":5869289000,"TOTAL_LIABILITIES":2458964000,"TAX_EBT":22.833928351594,"OCF_SALES":2.453077665701,"TOTAL_PARENT_EQUITY":3170107000,"DEBT_ASSET_RATIO":41.8954323088,"OPERATE_PROFIT":109237000,"PRETAX_PROFIT":81230000,"NETCASH_OPERATE":18422000,"NETCASH_INVEST":-91159000,"NETCASH_FINANCE":41472000,"END_CASH":319895000,"DIVI_RATIO":null,"DIVIDEND_RATE":null,"CURRENT_RATIO":1.014399433724,"COMMON_ACS":1600000000,"CURRENTDEBT_DEBT":70.092120096106,"ISSUED_COMMON_SHARES":1080512146,"HK_COMMON_SHARES":1080512146,"PER_SHARES":2000,"TOTAL_MARKET_CAP":1566742611.7,"HKSK_MARKET_CAP":1566742611.7,"PE_TTM":11.254929174233,"PB_TTM":0.451068259477,"REPORT_DATE_SQ":"2023-06-30 00:00:00","REPORT_TYPE_SQ":"2023年中报","OPERATE_INCOME_SQ":805245000,"DPS_HKD":null,"OPERATE_INCOME_QOQ_SQ":-10.752763562739,"NET_PROFIT_RATIO_SQ":10.6660705748,"HOLDER_PROFIT_SQ":65355000,"HOLDER_PROFIT_QOQ_SQ":-64.070616967113,"ROE_AVG_SQ":2.168302833159,"PE_TTM_SQ":87.455970858238,"PB_TTM_SQ":0.326356349162,"ROA_SQ":1.014105854776,"START_DATE":"2024-01-01 00:00:00","FISCAL_YEAR":"12-31","CURRENCY":"HKD","IS_CNY_CODE":0,"DPS_HKD_LY":null,"ORG_TYPE":"一般企业","PREMIUM_INCOME":null,"PREMIUM_INCOME_YOY":null,"NET_INTEREST_INCOME":null,"NET_INTEREST_INCOME_YOY":null,"FEE_COMMISSION_INCOME":null,"FEE_COMMISSION_INCOME_YOY":null,"ACCOUNTS_RECE_TDAYS":0.86080512603,"INVENTORY_TDAYS":1.33068398108,"CURRENT_ASSETS_TDAYS":0.410390156866,"TOTAL_ASSETS_TDAYS":0.126467688703,"PREMIUM_EXPENSE":null,"LOAN_DEPOSIT":null,"LOAN_EQUITY":null,"LOAN_ASSETS":null,"DEPOSIT_EQUITY":null,"DEPOSIT_ASSETS":null,"EQUITY_MULTIPLIER":1.721035091965,"EQUITY_RATIO":0.775672240716},{"SECUCODE":"03318.HK","SECURITY_CODE":"03318","SECURITY_NAME_ABBR":"中国波顿","ORG_CODE":"10010854","STD_REPORT_DATE":"2023-12-31 00:00:00","REPORT_DATE":"2023-12-31 00:00:00","DATE_TYPE_CODE":"001","REPORT_TYPE":"2023年年报","PER_NETCASH_OPERATE":0.198432753203,"PER_OI":1.909970200372,"BPS":2.894144236672,"BASIC_EPS":0.14,"DILUTED_EPS":0.14,"OPERATE_INCOME":2063746000,"OPERATE_INCOME_YOY":-11.2293622653,"GROSS_PROFIT":798110000,"GROSS_PROFIT_YOY":1.429217755546,"HOLDER_PROFIT":146370000,"HOLDER_PROFIT_YOY":202.9368545233,"GROSS_PROFIT_RATIO":38.672879317513,"EPS_TTM":0.135463539713,"OPERATE_INCOME_QOQ":-0.534020684144,"NET_PROFIT_RATIO":6.8143075747,"ROE_AVG":4.796774491135,"GROSS_PROFIT_QOQ":12.952668315907,"ROA":2.349839334532,"HOLDER_PROFIT_QOQ":743.145161290323,"ROE_YEARLY":4.796774491135,"ROIC_YEARLY":2.627929557053,"TOTAL_ASSETS":6006867000,"TOTAL_LIABILITIES":2630640000,"TAX_EBT":23.350284241106,"OCF_SALES":10.389311475346,"TOTAL_PARENT_EQUITY":3127158000,"DEBT_ASSET_RATIO":43.7938779067,"OPERATE_PROFIT":249029000,"PRETAX_PROFIT":183471000,"NETCASH_OPERATE":214409000,"NETCASH_INVEST":-196785000,"NETCASH_FINANCE":-102174000,"END_CASH":349794000,"DIVI_RATIO":null,"DIVIDEND_RATE":null,"CURRENT_RATIO":1.055566201374,"COMMON_ACS":1600000000,"CURRENTDEBT_DEBT":68.8361387343,"ISSUED_COMMON_SHARES":1080512146,"HK_COMMON_SHARES":1080512146,"PER_SHARES":2000,"TOTAL_MARKET_CAP":1696404069.22,"HKSK_MARKET_CAP":1696404069.22,"PE_TTM":12.186371588652,"PB_TTM":0.488398046468,"REPORT_DATE_SQ":"2022-12-31 00:00:00","REPORT_TYPE_SQ":"2022年年报","OPERATE_INCOME_SQ":2324807000,"DPS_HKD":null,"OPERATE_INCOME_QOQ_SQ":-3.278204960721,"NET_PROFIT_RATIO_SQ":3.63389305,"HOLDER_PROFIT_SQ":48317000,"HOLDER_PROFIT_QOQ_SQ":-72.637176561199,"ROE_AVG_SQ":1.641005123705,"PE_TTM_SQ":103.198045612721,"PB_TTM_SQ":0.385100492011,"ROA_SQ":0.757164518622,"START_DATE":"2023-01-01 00:00:00","FISCAL_YEAR":"12-31","CURRENCY":"HKD","IS_CNY_CODE":0,"DPS_HKD_LY":null,"ORG_TYPE":"一般企业","PREMIUM_INCOME":null,"PREMIUM_INCOME_YOY":null,"NET_INTEREST_INCOME":null,"NET_INTEREST_INCOME_YOY":null,"FEE_COMMISSION_INCOME":null,"FEE_COMMISSION_INCOME_YOY":null,"ACCOUNTS_RECE_TDAYS":1.888354673727,"INVENTORY_TDAYS":3.66088595201,"CURRENT_ASSETS_TDAYS":0.967967540954,"TOTAL_ASSETS_TDAYS":0.331315947754,"PREMIUM_EXPENSE":null,"LOAN_DEPOSIT":null,"LOAN_EQUITY":null,"LOAN_ASSETS":null,"DEPOSIT_EQUITY":null,"DEPOSIT_ASSETS":null,"EQUITY_MULTIPLIER":1.779165618898,"EQUITY_RATIO":0.841223884434},{"SECUCODE":"03318.HK","SECURITY_CODE":"03318","SECURITY_NAME_ABBR":"中国波顿","ORG_CODE":"10010854","STD_REPORT_DATE":"2023-06-30 00:00:00","REPORT_DATE":"2023-06-30 00:00:00","DATE_TYPE_CODE":"002","REPORT_TYPE":"2023年中报","PER_NETCASH_OPERATE":0.007747252107,"PER_OI":0.745243820702,"BPS":2.825071436078,"BASIC_EPS":0.06,"DILUTED_EPS":0.06,"OPERATE_INCOME":805245000,"OPERATE_INCOME_YOY":-23.6898067333,"GROSS_PROFIT":328105000,"GROSS_PROFIT_YOY":-19.65713390192,"HOLDER_PROFIT":65355000,"HOLDER_PROFIT_YOY":-32.1424121605,"GROSS_PROFIT_RATIO":40.745984141473,"EPS_TTM":0.016066455212,"OPERATE_INCOME_QOQ":-10.752763562739,"NET_PROFIT_RATIO":10.6660705748,"ROE_AVG":2.168302833159,"GROSS_PROFIT_QOQ":-10.202017121129,"ROA":1.014105854776,"HOLDER_PROFIT_QOQ":-64.070616967113,"ROE_YEARLY":4.336605666319,"ROIC_YEARLY":2.250030339519,"TOTAL_ASSETS":6438181000,"TOTAL_LIABILITIES":3074445000,"TAX_EBT":20.879037389479,"OCF_SALES":1.039559388757,"TOTAL_PARENT_EQUITY":3052524000,"DEBT_ASSET_RATIO":47.7533172801,"OPERATE_PROFIT":139670000,"PRETAX_PROFIT":105297000,"NETCASH_OPERATE":8371000,"NETCASH_INVEST":-195983000,"NETCASH_FINANCE":-6925000,"END_CASH":240023000,"DIVI_RATIO":null,"DIVIDEND_RATE":null,"CURRENT_RATIO":1.340814498829,"COMMON_ACS":1600000000,"CURRENTDEBT_DEBT":57.056899700596,"ISSUED_COMMON_SHARES":1080512146,"HK_COMMON_SHARES":1080512146,"PER_SHARES":2000,"TOTAL_MARKET_CAP":1696404069.22,"HKSK_MARKET_CAP":1696404069.22,"PE_TTM":12.186371588652,"PB_TTM":0.488398046468,"REPORT_DATE_SQ":"2022-06-30 00:00:00","REPORT_TYPE_SQ":"2022年中报","OPERATE_INCOME_SQ":1055226000,"DPS_HKD":null,"OPERATE_INCOME_QOQ_SQ":5.139753169369,"NET_PROFIT_RATIO_SQ":11.374064578,"HOLDER_PROFIT_SQ":96312000,"HOLDER_PROFIT_QOQ_SQ":-3.777954575178,"ROE_AVG_SQ":3.256135681786,"PE_TTM_SQ":103.198045612721,"PB_TTM_SQ":0.385100492011,"ROA_SQ":1.536989801516,"START_DATE":"2023-01-01 00:00:00","FISCAL_YEAR":"12-31","CURRENCY":"HKD","IS_CNY_CODE":0,"DPS_HKD_LY":null,"ORG_TYPE":"一般企业","PREMIUM_INCOME":null,"PREMIUM_INCOME_YOY":null,"NET_INTEREST_INCOME":null,"NET_INTEREST_INCOME_YOY":null,"FEE_COMMISSION_INCOME":null,"FEE_COMMISSION_INCOME_YOY":null,"ACCOUNTS_RECE_TDAYS":0.614473194227,"INVENTORY_TDAYS":1.366006719239,"CURRENT_ASSETS_TDAYS":0.342317823827,"TOTAL_ASSETS_TDAYS":0.124948920362,"PREMIUM_EXPENSE":null,"LOAN_DEPOSIT":null,"LOAN_EQUITY":null,"LOAN_ASSETS":null,"DEPOSIT_EQUITY":null,"DEPOSIT_ASSETS":null,"EQUITY_MULTIPLIER":1.913997115111,"EQUITY_RATIO":1.007181270319},{"SECUCODE":"03318.HK","SECURITY_CODE":"03318","SECURITY_NAME_ABBR":"中国波顿","ORG_CODE":"10010854","STD_REPORT_DATE":"2022-12-31 00:00:00","REPORT_DATE":"2022-12-31 00:00:00","DATE_TYPE_CODE":"001","REPORT_TYPE":"2022年年报","PER_NETCASH_OPERATE":0.120085646867,"PER_OI":2.151578775497,"BPS":2.753965340432,"BASIC_EPS":0.04,"DILUTED_EPS":0.04,"OPERATE_INCOME":2324807000,"OPERATE_INCOME_YOY":1.6930565653,"GROSS_PROFIT":786864000,"GROSS_PROFIT_YOY":-11.819861778678,"HOLDER_PROFIT":48317000,"HOLDER_PROFIT_YOY":-73.6709316012,"GROSS_PROFIT_RATIO":33.846422520235,"EPS_TTM":0.044716757862,"OPERATE_INCOME_QOQ":-3.278204960721,"NET_PROFIT_RATIO":3.63389305,"ROE_AVG":1.641005123705,"GROSS_PROFIT_QOQ":-12.459977171134,"ROA":0.757164518622,"HOLDER_PROFIT_QOQ":-72.637176561199,"ROE_YEARLY":1.641005123705,"ROIC_YEARLY":0.843513030921,"TOTAL_ASSETS":6451006000,"TOTAL_LIABILITIES":3188886000,"TAX_EBT":24.714385014348,"OCF_SALES":5.581280510597,"TOTAL_PARENT_EQUITY":2975693000,"DEBT_ASSET_RATIO":49.4323831043,"OPERATE_PROFIT":158063000,"PRETAX_PROFIT":112214000,"NETCASH_OPERATE":129754000,"NETCASH_INVEST":-217582000,"NETCASH_FINANCE":186588000,"END_CASH":433015000,"DIVI_RATIO":null,"DIVIDEND_RATE":null,"CURRENT_RATIO":1.087482411717,"COMMON_ACS":1600000000,"CURRENTDEBT_DEBT":67.840995256651,"ISSUED_COMMON_SHARES":1080512146,"HK_COMMON_SHARES":1080512146,"PER_SHARES":2000,"TOTAL_MARKET_CAP":1696404069.22,"HKSK_MARKET_CAP":1696404069.22,"PE_TTM":12.186371588652,"PB_TTM":0.488398046468,"REPORT_DATE_SQ":"2021-12-31 00:00:00","REPORT_TYPE_SQ":"2021年年报","OPERATE_INCOME_SQ":2286102000,"DPS_HKD":null,"OPERATE_INCOME_QOQ_SQ":19.475085643509,"NET_PROFIT_RATIO_SQ":9.8662701839,"HOLDER_PROFIT_SQ":183512000,"HOLDER_PROFIT_QOQ_SQ":18.174500447553,"ROE_AVG_SQ":6.510028246709,"PE_TTM_SQ":103.198045612721,"PB_TTM_SQ":0.385100492011,"ROA_SQ":3.110160968693,"START_DATE":"2022-01-01 00:00:00","FISCAL_YEAR":"12-31","CURRENCY":"HKD","IS_CNY_CODE":0,"DPS_HKD_LY":null,"ORG_TYPE":"一般企业","PREMIUM_INCOME":null,"PREMIUM_INCOME_YOY":null,"NET_INTEREST_INCOME":null,"NET_INTEREST_INCOME_YOY":null,"FEE_COMMISSION_INCOME":null,"FEE_COMMISSION_INCOME_YOY":null,"ACCOUNTS_RECE_TDAYS":1.686474044461,"INVENTORY_TDAYS":5.266116523139,"CURRENT_ASSETS_TDAYS":1.012528080932,"TOTAL_ASSETS_TDAYS":0.364315121602,"PREMIUM_EXPENSE":null,"LOAN_DEPOSIT":null,"LOAN_EQUITY":null,"LOAN_ASSETS":null,"DEPOSIT_EQUITY":null,"DEPOSIT_ASSETS":null,"EQUITY_MULTIPLIER":1.977550182091,"EQUITY_RATIO":1.071644823576},{"SECUCODE":"03318.HK","SECURITY_CODE":"03318","SECURITY_NAME_ABBR":"中国波顿","ORG_CODE":"10010854","STD_REPORT_DATE":"2022-06-30 00:00:00","REPORT_DATE":"2022-06-30 00:00:00","DATE_TYPE_CODE":"002","REPORT_TYPE":"2022年中报","PER_NETCASH_OPERATE":0.008097086213,"PER_OI":0.976597999297,"BPS":2.778968298613,"BASIC_EPS":0.09,"DILUTED_EPS":0.09,"OPERATE_INCOME":1055226000,"OPERATE_INCOME_YOY":10.8612760844,"GROSS_PROFIT":408381000,"GROSS_PROFIT_YOY":-4.914013495201,"HOLDER_PROFIT":96312000,"HOLDER_PROFIT_YOY":-6.715095162,"GROSS_PROFIT_RATIO":36.354699518479,"EPS_TTM":0.163421578049,"OPERATE_INCOME_QOQ":5.139753169369,"NET_PROFIT_RATIO":11.374064578,"ROE_AVG":3.256135681786,"GROSS_PROFIT_QOQ":0.731225983009,"ROA":1.536989801516,"HOLDER_PROFIT_QOQ":-3.777954575178,"ROE_YEARLY":6.512271363573,"ROIC_YEARLY":3.395541025532,"TOTAL_ASSETS":6220939000,"TOTAL_LIABILITIES":2916356000,"TAX_EBT":22.901030813771,"OCF_SALES":0.729493673525,"TOTAL_PARENT_EQUITY":3002709000,"DEBT_ASSET_RATIO":46.8796752387,"OPERATE_PROFIT":190708000,"PRETAX_PROFIT":162687000,"NETCASH_OPERATE":8749000,"NETCASH_INVEST":-86575000,"NETCASH_FINANCE":45763000,"END_CASH":297934000,"DIVI_RATIO":null,"DIVIDEND_RATE":null,"CURRENT_RATIO":1.070453190794,"COMMON_ACS":1600000000,"CURRENTDEBT_DEBT":71.334226685631,"ISSUED_COMMON_SHARES":1080512146,"HK_COMMON_SHARES":1080512146,"PER_SHARES":2000,"TOTAL_MARKET_CAP":1696404069.22,"HKSK_MARKET_CAP":1696404069.22,"PE_TTM":12.186371588652,"PB_TTM":0.488398046468,"REPORT_DATE_SQ":"2021-06-30 00:00:00","REPORT_TYPE_SQ":"2021年中报","OPERATE_INCOME_SQ":1081825000,"DPS_HKD":null,"OPERATE_INCOME_QOQ_SQ":3.26628107978,"NET_PROFIT_RATIO_SQ":12.4420308275,"HOLDER_PROFIT_SQ":103245000,"HOLDER_PROFIT_QOQ_SQ":33.155836806091,"ROE_AVG_SQ":3.712747783976,"PE_TTM_SQ":103.198045612721,"PB_TTM_SQ":0.385100492011,"ROA_SQ":1.801009748165,"START_DATE":"2022-01-01 00:00:00","FISCAL_YEAR":"12-31","CURRENCY":"HKD","IS_CNY_CODE":0,"DPS_HKD_LY":null,"ORG_TYPE":"一般企业","PREMIUM_INCOME":null,"PREMIUM_INCOME_YOY":null,"NET_INTEREST_INCOME":null,"NET_INTEREST_INCOME_YOY":null,"FEE_COMMISSION_INCOME":null,"FEE_COMMISSION_INCOME_YOY":null,"ACCOUNTS_RECE_TDAYS":0.730369131175,"INVENTORY_TDAYS":2.8142320178,"CURRENT_ASSETS_TDAYS":0.537045300414,"TOTAL_ASSETS_TDAYS":0.191393626309,"PREMIUM_EXPENSE":null,"LOAN_DEPOSIT":null,"LOAN_EQUITY":null,"LOAN_ASSETS":null,"DEPOSIT_EQUITY":null,"DEPOSIT_ASSETS":null,"EQUITY_MULTIPLIER":1.882518611273,"EQUITY_RATIO":0.97124163547},{"SECUCODE":"03318.HK","SECURITY_CODE":"03318","SECURITY_NAME_ABBR":"中国波顿","ORG_CODE":"10010854","STD_REPORT_DATE":"2021-12-31 00:00:00","REPORT_DATE":"2021-12-31 00:00:00","DATE_TYPE_CODE":"001","REPORT_TYPE":"2021年年报","PER_NETCASH_OPERATE":0.25657555172,"PER_OI":2.115757799172,"BPS":2.695957663025,"BASIC_EPS":0.17,"DILUTED_EPS":0.17,"OPERATE_INCOME":2286102000,"OPERATE_INCOME_YOY":23.3774777609,"GROSS_PROFIT":892337000,"GROSS_PROFIT_YOY":15.242712553483,"HOLDER_PROFIT":183512000,"HOLDER_PROFIT_YOY":57.3562449624,"GROSS_PROFIT_RATIO":39.033122756552,"EPS_TTM":0.169837979776,"OPERATE_INCOME_QOQ":19.475085643509,"NET_PROFIT_RATIO":9.8662701839,"ROE_AVG":6.510028246709,"GROSS_PROFIT_QOQ":8.348419888268,"ROA":3.110160968693,"HOLDER_PROFIT_QOQ":18.174500447553,"ROE_YEARLY":6.510028246709,"ROIC_YEARLY":3.419025717776,"TOTAL_ASSETS":6311610000,"TOTAL_LIABILITIES":3142041000,"TAX_EBT":25.443925851491,"OCF_SALES":12.126886726839,"TOTAL_PARENT_EQUITY":2913015000,"DEBT_ASSET_RATIO":49.7819256893,"OPERATE_PROFIT":359967000,"PRETAX_PROFIT":302528000,"NETCASH_OPERATE":277233000,"NETCASH_INVEST":-107710000,"NETCASH_FINANCE":-97111000,"END_CASH":330484000,"DIVI_RATIO":null,"DIVIDEND_RATE":null,"CURRENT_RATIO":1.066096959408,"COMMON_ACS":1600000000,"CURRENTDEBT_DEBT":66.854983751008,"ISSUED_COMMON_SHARES":1080512146,"HK_COMMON_SHARES":1080512146,"PER_SHARES":2000,"TOTAL_MARKET_CAP":1696404069.22,"HKSK_MARKET_CAP":1696404069.22,"PE_TTM":12.186371588652,"PB_TTM":0.488398046468,"REPORT_DATE_SQ":"2020-12-31 00:00:00","REPORT_TYPE_SQ":"2020年年报","OPERATE_INCOME_SQ":1852933000,"DPS_HKD":null,"OPERATE_INCOME_QOQ_SQ":-9.579326148867,"NET_PROFIT_RATIO_SQ":9.3476126768,"HOLDER_PROFIT_SQ":116622000,"HOLDER_PROFIT_QOQ_SQ":1.706710853355,"ROE_AVG_SQ":4.379054719409,"PE_TTM_SQ":103.198045612721,"PB_TTM_SQ":0.385100492011,"ROA_SQ":2.130432983623,"START_DATE":"2021-01-01 00:00:00","FISCAL_YEAR":"12-31","CURRENCY":"HKD","IS_CNY_CODE":0,"DPS_HKD_LY":null,"ORG_TYPE":"一般企业","PREMIUM_INCOME":null,"PREMIUM_INCOME_YOY":null,"NET_INTEREST_INCOME":null,"NET_INTEREST_INCOME_YOY":null,"FEE_COMMISSION_INCOME":null,"FEE_COMMISSION_INCOME_YOY":null,"ACCOUNTS_RECE_TDAYS":2.018709761165,"INVENTORY_TDAYS":6.587896362575,"CURRENT_ASSETS_TDAYS":1.253941085499,"TOTAL_ASSETS_TDAYS":0.38744851622,"PREMIUM_EXPENSE":null,"LOAN_DEPOSIT":null,"LOAN_EQUITY":null,"LOAN_ASSETS":null,"DEPOSIT_EQUITY":null,"DEPOSIT_ASSETS":null,"EQUITY_MULTIPLIER":1.991314907483,"EQUITY_RATIO":1.078621634286},{"SECUCODE":"03318.HK","SECURITY_CODE":"03318","SECURITY_NAME_ABBR":"中国波顿","ORG_CODE":"10010854","STD_REPORT_DATE":"2021-06-30 00:00:00","REPORT_DATE":"2021-06-30 00:00:00","DATE_TYPE_CODE":"002","REPORT_TYPE":"2021年中报","PER_NETCASH_OPERATE":0.072220382056,"PER_OI":1.001215029377,"BPS":2.625457761398,"BASIC_EPS":0.1,"DILUTED_EPS":0.1,"OPERATE_INCOME":1081825000,"OPERATE_INCOME_YOY":5.9259592893,"GROSS_PROFIT":429486000,"GROSS_PROFIT_YOY":12.958423632882,"HOLDER_PROFIT":103245000,"HOLDER_PROFIT_YOY":59.8764285051,"GROSS_PROFIT_RATIO":39.700136343679,"EPS_TTM":0.143717958724,"OPERATE_INCOME_QOQ":3.26628107978,"NET_PROFIT_RATIO":12.4420308275,"ROE_AVG":3.712747783976,"GROSS_PROFIT_QOQ":6.363076334961,"ROA":1.801009748165,"HOLDER_PROFIT_QOQ":33.155836806091,"ROE_YEARLY":7.425495567951,"ROIC_YEARLY":3.936129442216,"TOTAL_ASSETS":5976041000,"TOTAL_LIABILITIES":2896481000,"TAX_EBT":22.203598490322,"OCF_SALES":7.213273865921,"TOTAL_PARENT_EQUITY":2836839000,"DEBT_ASSET_RATIO":48.4682250339,"OPERATE_PROFIT":197716000,"PRETAX_PROFIT":173017000,"NETCASH_OPERATE":78035000,"NETCASH_INVEST":-14333000,"NETCASH_FINANCE":-73222000,"END_CASH":251469000,"DIVI_RATIO":null,"DIVIDEND_RATE":null,"CURRENT_RATIO":1.059624048555,"COMMON_ACS":1600000000,"CURRENTDEBT_DEBT":62.685030559496,"ISSUED_COMMON_SHARES":1080512146,"HK_COMMON_SHARES":1080512146,"PER_SHARES":2000,"TOTAL_MARKET_CAP":1696404069.22,"HKSK_MARKET_CAP":1696404069.22,"PE_TTM":12.186371588652,"PB_TTM":0.488398046468,"REPORT_DATE_SQ":"2020-06-30 00:00:00","REPORT_TYPE_SQ":"2020年中报","OPERATE_INCOME_SQ":1021303000,"DPS_HKD":null,"OPERATE_INCOME_QOQ_SQ":24.851554037011,"NET_PROFIT_RATIO_SQ":7.9721688862,"HOLDER_PROFIT_SQ":64578000,"HOLDER_PROFIT_QOQ_SQ":-3.993000318167,"ROE_AVG_SQ":2.453910799214,"PE_TTM_SQ":103.198045612721,"PB_TTM_SQ":0.385100492011,"ROA_SQ":1.194186509676,"START_DATE":"2021-01-01 00:00:00","FISCAL_YEAR":"12-31","CURRENCY":"HKD","IS_CNY_CODE":0,"DPS_HKD_LY":null,"ORG_TYPE":"一般企业","PREMIUM_INCOME":null,"PREMIUM_INCOME_YOY":null,"NET_INTEREST_INCOME":null,"NET_INTEREST_INCOME_YOY":null,"FEE_COMMISSION_INCOME":null,"FEE_COMMISSION_INCOME_YOY":null,"ACCOUNTS_RECE_TDAYS":1.049394003033,"INVENTORY_TDAYS":3.046277487473,"CURRENT_ASSETS_TDAYS":0.64960253446,"TOTAL_ASSETS_TDAYS":0.188713968793,"PREMIUM_EXPENSE":null,"LOAN_DEPOSIT":null,"LOAN_EQUITY":null,"LOAN_ASSETS":null,"DEPOSIT_EQUITY":null,"DEPOSIT_ASSETS":null,"EQUITY_MULTIPLIER":1.940550273415,"EQUITY_RATIO":1.021024104646},{"SECUCODE":"03318.HK","SECURITY_CODE":"03318","SECURITY_NAME_ABBR":"中国波顿","ORG_CODE":"10010854","STD_REPORT_DATE":"2020-12-31 00:00:00","REPORT_DATE":"2020-12-31 00:00:00","DATE_TYPE_CODE":"001","REPORT_TYPE":"2020年年报","PER_NETCASH_OPERATE":0.134881408358,"PER_OI":1.714865498606,"BPS":2.521776372517,"BASIC_EPS":0.12,"DILUTED_EPS":0.11,"OPERATE_INCOME":1852933000,"OPERATE_INCOME_YOY":12.8916164739,"GROSS_PROFIT":774311000,"GROSS_PROFIT_YOY":1.393137367875,"HOLDER_PROFIT":116622000,"HOLDER_PROFIT_YOY":-2.3544384346,"GROSS_PROFIT_RATIO":41.788397098006,"EPS_TTM":0.107932150908,"OPERATE_INCOME_QOQ":-9.579326148867,"NET_PROFIT_RATIO":9.3476126768,"ROE_AVG":4.379054719409,"GROSS_PROFIT_QOQ":-7.545507191002,"ROA":2.130432983623,"HOLDER_PROFIT_QOQ":1.706710853355,"ROE_YEARLY":4.379054719409,"ROIC_YEARLY":2.334908698967,"TOTAL_ASSETS":5489194000,"TOTAL_LIABILITIES":2548858000,"TAX_EBT":26.360296931201,"OCF_SALES":7.865422009323,"TOTAL_PARENT_EQUITY":2724810000,"DEBT_ASSET_RATIO":46.434103076,"OPERATE_PROFIT":316402000,"PRETAX_PROFIT":235206000,"NETCASH_OPERATE":145741000,"NETCASH_INVEST":-166608000,"NETCASH_FINANCE":-42604000,"END_CASH":263486000,"DIVI_RATIO":null,"DIVIDEND_RATE":null,"CURRENT_RATIO":1.047357767006,"COMMON_ACS":1600000000,"CURRENTDEBT_DEBT":52.698149524218,"ISSUED_COMMON_SHARES":1080512146,"HK_COMMON_SHARES":1080512146,"PER_SHARES":2000,"TOTAL_MARKET_CAP":1696404069.22,"HKSK_MARKET_CAP":1696404069.22,"PE_TTM":12.186371588652,"PB_TTM":0.488398046468,"REPORT_DATE_SQ":"2019-12-31 00:00:00","REPORT_TYPE_SQ":"2019年年报","OPERATE_INCOME_SQ":1641338000,"DPS_HKD":null,"OPERATE_INCOME_QOQ_SQ":35.151060523843,"NET_PROFIT_RATIO_SQ":9.9633957174,"HOLDER_PROFIT_SQ":119434000,"HOLDER_PROFIT_QOQ_SQ":1.091032206187,"ROE_AVG_SQ":4.665585631899,"PE_TTM_SQ":103.198045612721,"PB_TTM_SQ":0.385100492011,"ROA_SQ":2.282341814864,"START_DATE":"2020-01-01 00:00:00","FISCAL_YEAR":"12-31","CURRENCY":"HKD","IS_CNY_CODE":0,"DPS_HKD_LY":null,"ORG_TYPE":"一般企业","PREMIUM_INCOME":null,"PREMIUM_INCOME_YOY":null,"NET_INTEREST_INCOME":null,"NET_INTEREST_INCOME_YOY":null,"FEE_COMMISSION_INCOME":null,"FEE_COMMISSION_INCOME_YOY":null,"ACCOUNTS_RECE_TDAYS":2.503254821777,"INVENTORY_TDAYS":5.213479561702,"CURRENT_ASSETS_TDAYS":1.317722299007,"TOTAL_ASSETS_TDAYS":0.338490986233,"PREMIUM_EXPENSE":null,"LOAN_DEPOSIT":null,"LOAN_EQUITY":null,"LOAN_ASSETS":null,"DEPOSIT_EQUITY":null,"DEPOSIT_ASSETS":null,"EQUITY_MULTIPLIER":1.866859433753,"EQUITY_RATIO":0.935425956305},{"SECUCODE":"03318.HK","SECURITY_CODE":"03318","SECURITY_NAME_ABBR":"中国波顿","ORG_CODE":"10010854","STD_REPORT_DATE":"2020-06-30 00:00:00","REPORT_DATE":"2020-06-30 00:00:00","DATE_TYPE_CODE":"002","REPORT_TYPE":"2020年中报","PER_NETCASH_OPERATE":-0.001304936742,"PER_OI":0.945202702053,"BPS":2.463393872853,"BASIC_EPS":0.07,"DILUTED_EPS":0.07,"OPERATE_INCOME":1021303000,"OPERATE_INCOME_YOY":66.4973386262,"GROSS_PROFIT":380216000,"GROSS_PROFIT_YOY":24.098269159842,"HOLDER_PROFIT":64578000,"HOLDER_PROFIT_YOY":-6.8770098202,"GROSS_PROFIT_RATIO":37.228520820951,"EPS_TTM":0.106120972748,"OPERATE_INCOME_QOQ":24.851554037011,"NET_PROFIT_RATIO":7.9721688862,"ROE_AVG":2.453910799214,"GROSS_PROFIT_QOQ":9.668155962246,"ROA":1.194186509676,"HOLDER_PROFIT_QOQ":-3.993000318167,"ROE_YEARLY":4.907821598428,"ROIC_YEARLY":2.586642230726,"TOTAL_ASSETS":5356393000,"TOTAL_LIABILITIES":2517558000,"TAX_EBT":27.195665003487,"OCF_SALES":-0.138058930601,"TOTAL_PARENT_EQUITY":2661727000,"DEBT_ASSET_RATIO":47.0009948859,"OPERATE_PROFIT":167635000,"PRETAX_PROFIT":111834000,"NETCASH_OPERATE":-1410000,"NETCASH_INVEST":-66244000,"NETCASH_FINANCE":-86733000,"END_CASH":172147000,"DIVI_RATIO":null,"DIVIDEND_RATE":null,"CURRENT_RATIO":1.095413761237,"COMMON_ACS":1600000000,"CURRENTDEBT_DEBT":47.279943500805,"ISSUED_COMMON_SHARES":1080512146,"HK_COMMON_SHARES":1080512146,"PER_SHARES":2000,"TOTAL_MARKET_CAP":1696404069.22,"HKSK_MARKET_CAP":1696404069.22,"PE_TTM":12.186371588652,"PB_TTM":0.488398046468,"REPORT_DATE_SQ":"2019-06-30 00:00:00","REPORT_TYPE_SQ":"2019年中报","OPERATE_INCOME_SQ":613405000,"DPS_HKD":null,"OPERATE_INCOME_QOQ_SQ":5.933956084119,"NET_PROFIT_RATIO_SQ":12.6704216627,"HOLDER_PROFIT_SQ":69347000,"HOLDER_PROFIT_QOQ_SQ":-7.311811085396,"ROE_AVG_SQ":2.720190511793,"PE_TTM_SQ":103.198045612721,"PB_TTM_SQ":0.385100492011,"ROA_SQ":1.329034880578,"START_DATE":"2020-01-01 00:00:00","FISCAL_YEAR":"12-31","CURRENCY":"HKD","IS_CNY_CODE":0,"DPS_HKD_LY":null,"ORG_TYPE":"一般企业","PREMIUM_INCOME":null,"PREMIUM_INCOME_YOY":null,"NET_INTEREST_INCOME":null,"NET_INTEREST_INCOME_YOY":null,"FEE_COMMISSION_INCOME":null,"FEE_COMMISSION_INCOME_YOY":null,"ACCOUNTS_RECE_TDAYS":1.414308108602,"INVENTORY_TDAYS":2.787704456461,"CURRENT_ASSETS_TDAYS":0.753899961098,"TOTAL_ASSETS_TDAYS":0.188860953404,"PREMIUM_EXPENSE":null,"LOAN_DEPOSIT":null,"LOAN_EQUITY":null,"LOAN_ASSETS":null,"DEPOSIT_EQUITY":null,"DEPOSIT_ASSETS":null,"EQUITY_MULTIPLIER":1.886827871291,"EQUITY_RATIO":0.945836293504}],"count":42},"success":true,"message":"ok","code":0}