{"version":"8fce456c2e618bd46da11568edcd8fae","result":{"pages":2,"data":[{"SECUCODE":"03316.HK","SECURITY_CODE":"03316","SECURITY_NAME_ABBR":"滨江服务","ORG_CODE":"10994828","STD_REPORT_DATE":"2024-06-30 00:00:00","REPORT_DATE":"2024-06-30 00:00:00","DATE_TYPE_CODE":"002","REPORT_TYPE":"2024年中报","PER_NETCASH_OPERATE":0.618906178208,"PER_OI":5.970930548069,"BPS":5.063594626764,"BASIC_EPS":0.96,"DILUTED_EPS":0.96,"OPERATE_INCOME":1650407000,"OPERATE_INCOME_YOY":38.6808069401,"GROSS_PROFIT":421745000,"GROSS_PROFIT_YOY":32.610869346481,"HOLDER_PROFIT":265315000,"HOLDER_PROFIT_YOY":14.8569672202,"GROSS_PROFIT_RATIO":25.553999710375,"EPS_TTM":1.906116704714,"OPERATE_INCOME_QOQ":16.386516332373,"NET_PROFIT_RATIO":16.5018083418,"ROE_AVG":18.373233243077,"GROSS_PROFIT_QOQ":14.903712815443,"ROA":6.439843899048,"HOLDER_PROFIT_QOQ":6.967688231532,"ROE_YEARLY":36.746466486153,"ROIC_YEARLY":21.637259979041,"TOTAL_ASSETS":4184894000,"TOTAL_LIABILITIES":2725297000,"TAX_EBT":30.46714035146,"OCF_SALES":10.36532200845,"TOTAL_PARENT_EQUITY":1399613000,"DEBT_ASSET_RATIO":65.1222468239,"OPERATE_PROFIT":350668000,"PRETAX_PROFIT":391681000,"NETCASH_OPERATE":171070000,"NETCASH_INVEST":-402534000,"NETCASH_FINANCE":-346479000,"END_CASH":867138000,"DIVI_RATIO":0.394838111506,"DIVIDEND_RATE":4.009708737864,"CURRENT_RATIO":1.009877624603,"COMMON_ACS":1000000000,"CURRENTDEBT_DEBT":99.448500475361,"ISSUED_COMMON_SHARES":276407000,"HK_COMMON_SHARES":276407000,"PER_SHARES":500,"TOTAL_MARKET_CAP":5693984200,"HKSK_MARKET_CAP":5693984200,"PE_TTM":9.755462922087,"PB_TTM":3.713016026327,"REPORT_DATE_SQ":"2023-06-30 00:00:00","REPORT_TYPE_SQ":"2023年中报","OPERATE_INCOME_SQ":1190076000,"DPS_HKD":0.826,"OPERATE_INCOME_QOQ_SQ":18.085596275256,"NET_PROFIT_RATIO_SQ":19.9541877998,"HOLDER_PROFIT_SQ":230996000,"HOLDER_PROFIT_QOQ_SQ":9.881673321278,"ROE_AVG_SQ":18.71823264411,"PE_TTM_SQ":9.197379229102,"PB_TTM_SQ":3.395428618078,"ROA_SQ":6.740453047992,"START_DATE":"2024-01-01 00:00:00","FISCAL_YEAR":"12-31","CURRENCY":"HKD","IS_CNY_CODE":0,"DPS_HKD_LY":0.826,"ORG_TYPE":"一般企业","PREMIUM_INCOME":null,"PREMIUM_INCOME_YOY":null,"NET_INTEREST_INCOME":null,"NET_INTEREST_INCOME_YOY":null,"FEE_COMMISSION_INCOME":null,"FEE_COMMISSION_INCOME_YOY":null,"ACCOUNTS_RECE_TDAYS":2.4834600965,"INVENTORY_TDAYS":4.617988423664,"CURRENT_ASSETS_TDAYS":0.617872168691,"TOTAL_ASSETS_TDAYS":0.400594140923,"PREMIUM_EXPENSE":null,"LOAN_DEPOSIT":null,"LOAN_EQUITY":null,"LOAN_ASSETS":null,"DEPOSIT_EQUITY":null,"DEPOSIT_ASSETS":null,"EQUITY_MULTIPLIER":2.867157167352,"EQUITY_RATIO":1.947178970187},{"SECUCODE":"03316.HK","SECURITY_CODE":"03316","SECURITY_NAME_ABBR":"滨江服务","ORG_CODE":"10994828","STD_REPORT_DATE":"2023-12-31 00:00:00","REPORT_DATE":"2023-12-31 00:00:00","DATE_TYPE_CODE":"001","REPORT_TYPE":"2023年年报","PER_NETCASH_OPERATE":3.360595064524,"PER_OI":10.163295430289,"BPS":5.384983014178,"BASIC_EPS":1.78,"DILUTED_EPS":1.78,"OPERATE_INCOME":2809206000,"OPERATE_INCOME_YOY":41.6906709411,"GROSS_PROFIT":695887000,"GROSS_PROFIT_YOY":17.499455463683,"HOLDER_PROFIT":492545000,"HOLDER_PROFIT_YOY":19.5512081457,"GROSS_PROFIT_RATIO":24.771661458789,"EPS_TTM":1.781955594468,"OPERATE_INCOME_QOQ":19.989800119938,"NET_PROFIT_RATIO":17.9065187815,"ROE_AVG":36.021853943082,"GROSS_PROFIT_QOQ":7.383837651245,"ROA":13.97510020721,"HOLDER_PROFIT_QOQ":8.79995228702,"ROE_YEARLY":36.021853943082,"ROIC_YEARLY":31.382797235635,"TOTAL_ASSETS":4054902000,"TOTAL_LIABILITIES":2513319000,"TAX_EBT":22.911734011301,"OCF_SALES":33.065998007978,"TOTAL_PARENT_EQUITY":1488447000,"DEBT_ASSET_RATIO":61.9822377951,"OPERATE_PROFIT":577305000,"PRETAX_PROFIT":652539000,"NETCASH_OPERATE":928892000,"NETCASH_INVEST":-1168128000,"NETCASH_FINANCE":-255819000,"END_CASH":1455384000,"DIVI_RATIO":0.422349200135,"DIVIDEND_RATE":4.214285714286,"CURRENT_RATIO":1.04556232301,"COMMON_ACS":1000000000,"CURRENTDEBT_DEBT":99.138390311775,"ISSUED_COMMON_SHARES":276407000,"HK_COMMON_SHARES":276407000,"PER_SHARES":500,"TOTAL_MARKET_CAP":5417577200,"HKSK_MARKET_CAP":5417577200,"PE_TTM":9.281896760821,"PB_TTM":3.532772529904,"REPORT_DATE_SQ":"2022-12-31 00:00:00","REPORT_TYPE_SQ":"2022年年报","OPERATE_INCOME_SQ":1982633000,"DPS_HKD":0.826,"OPERATE_INCOME_QOQ_SQ":20.946682104508,"NET_PROFIT_RATIO_SQ":21.1318988436,"HOLDER_PROFIT_SQ":411995000,"HOLDER_PROFIT_QOQ_SQ":12.26082975929,"ROE_AVG_SQ":37.662208851366,"PE_TTM_SQ":8.89230645369,"PB_TTM_SQ":3.282803835906,"ROA_SQ":17.611787045262,"START_DATE":"2023-01-01 00:00:00","FISCAL_YEAR":"12-31","CURRENCY":"HKD","IS_CNY_CODE":0,"DPS_HKD_LY":1.001,"ORG_TYPE":"一般企业","PREMIUM_INCOME":null,"PREMIUM_INCOME_YOY":null,"NET_INTEREST_INCOME":null,"NET_INTEREST_INCOME_YOY":null,"FEE_COMMISSION_INCOME":null,"FEE_COMMISSION_INCOME_YOY":null,"ACCOUNTS_RECE_TDAYS":6.32122472905,"INVENTORY_TDAYS":10.775340279566,"CURRENT_ASSETS_TDAYS":1.071140801409,"TOTAL_ASSETS_TDAYS":0.797062915118,"PREMIUM_EXPENSE":null,"LOAN_DEPOSIT":null,"LOAN_EQUITY":null,"LOAN_ASSETS":null,"DEPOSIT_EQUITY":null,"DEPOSIT_ASSETS":null,"EQUITY_MULTIPLIER":2.630349452475,"EQUITY_RATIO":1.688551221508},{"SECUCODE":"03316.HK","SECURITY_CODE":"03316","SECURITY_NAME_ABBR":"滨江服务","ORG_CODE":"10994828","STD_REPORT_DATE":"2023-06-30 00:00:00","REPORT_DATE":"2023-06-30 00:00:00","DATE_TYPE_CODE":"002","REPORT_TYPE":"2023年中报","PER_NETCASH_OPERATE":2.364882220783,"PER_OI":4.305520482477,"BPS":4.420600780733,"BASIC_EPS":0.84,"DILUTED_EPS":0.84,"OPERATE_INCOME":1190076000,"OPERATE_INCOME_YOY":43.1231321519,"GROSS_PROFIT":318032000,"GROSS_PROFIT_YOY":21.274242874902,"HOLDER_PROFIT":230996000,"HOLDER_PROFIT_YOY":21.3953879464,"GROSS_PROFIT_RATIO":26.723671429388,"EPS_TTM":1.637827551401,"OPERATE_INCOME_QOQ":18.085596275256,"NET_PROFIT_RATIO":19.9541877998,"ROE_AVG":18.71823264411,"GROSS_PROFIT_QOQ":9.420056159001,"ROA":6.740453047992,"HOLDER_PROFIT_QOQ":9.881673321278,"ROE_YEARLY":37.436465288219,"ROIC_YEARLY":38.323953341853,"TOTAL_ASSETS":3860028000,"TOTAL_LIABILITIES":2591615000,"TAX_EBT":24.490444847213,"OCF_SALES":54.926744174322,"TOTAL_PARENT_EQUITY":1221885000,"DEBT_ASSET_RATIO":67.1397979497,"OPERATE_PROFIT":278601000,"PRETAX_PROFIT":314490000,"NETCASH_OPERATE":653670000,"NETCASH_INVEST":-583175000,"NETCASH_FINANCE":-887000,"END_CASH":2019619000,"DIVI_RATIO":0.459515728232,"DIVIDEND_RATE":4.214285714286,"CURRENT_RATIO":1.168364599611,"COMMON_ACS":1000000000,"CURRENTDEBT_DEBT":99.46091529799,"ISSUED_COMMON_SHARES":276407000,"HK_COMMON_SHARES":276407000,"PER_SHARES":500,"TOTAL_MARKET_CAP":5417577200,"HKSK_MARKET_CAP":5417577200,"PE_TTM":9.281896760821,"PB_TTM":3.532772529904,"REPORT_DATE_SQ":"2022-06-30 00:00:00","REPORT_TYPE_SQ":"2022年中报","OPERATE_INCOME_SQ":831505000,"DPS_HKD":0.826,"OPERATE_INCOME_QOQ_SQ":17.178277661698,"NET_PROFIT_RATIO_SQ":23.1439377995,"HOLDER_PROFIT_SQ":190284000,"HOLDER_PROFIT_QOQ_SQ":14.062737955748,"ROE_AVG_SQ":19.353795361411,"PE_TTM_SQ":8.89230645369,"PB_TTM_SQ":3.282803835906,"ROA_SQ":9.75499222816,"START_DATE":"2023-01-01 00:00:00","FISCAL_YEAR":"12-31","CURRENCY":"HKD","IS_CNY_CODE":0,"DPS_HKD_LY":1.001,"ORG_TYPE":"一般企业","PREMIUM_INCOME":null,"PREMIUM_INCOME_YOY":null,"NET_INTEREST_INCOME":null,"NET_INTEREST_INCOME_YOY":null,"FEE_COMMISSION_INCOME":null,"FEE_COMMISSION_INCOME_YOY":null,"ACCOUNTS_RECE_TDAYS":2.843279597188,"INVENTORY_TDAYS":6.068567173631,"CURRENT_ASSETS_TDAYS":0.421139275312,"TOTAL_ASSETS_TDAYS":0.347263649654,"PREMIUM_EXPENSE":null,"LOAN_DEPOSIT":null,"LOAN_EQUITY":null,"LOAN_ASSETS":null,"DEPOSIT_EQUITY":null,"DEPOSIT_ASSETS":null,"EQUITY_MULTIPLIER":3.043194921532,"EQUITY_RATIO":2.120997475212},{"SECUCODE":"03316.HK","SECURITY_CODE":"03316","SECURITY_NAME_ABBR":"滨江服务","ORG_CODE":"10994828","STD_REPORT_DATE":"2022-12-31 00:00:00","REPORT_DATE":"2022-12-31 00:00:00","DATE_TYPE_CODE":"001","REPORT_TYPE":"2022年年报","PER_NETCASH_OPERATE":4.062559920697,"PER_OI":7.172875506047,"BPS":4.50876424982,"BASIC_EPS":1.49,"DILUTED_EPS":1.49,"OPERATE_INCOME":1982633000,"OPERATE_INCOME_YOY":41.723238979,"GROSS_PROFIT":592247000,"GROSS_PROFIT_YOY":31.704979351846,"HOLDER_PROFIT":411995000,"HOLDER_PROFIT_YOY":28.0477760753,"GROSS_PROFIT_RATIO":29.871741265277,"EPS_TTM":1.490537504477,"OPERATE_INCOME_QOQ":20.946682104508,"NET_PROFIT_RATIO":21.1318988436,"ROE_AVG":37.662208851366,"GROSS_PROFIT_QOQ":14.625493535651,"ROA":17.611787045262,"HOLDER_PROFIT_QOQ":12.26082975929,"ROE_YEARLY":37.662208851366,"ROIC_YEARLY":59.891089929307,"TOTAL_ASSETS":2993992000,"TOTAL_LIABILITIES":1707684000,"TAX_EBT":25.326165998888,"OCF_SALES":56.63781446188,"TOTAL_PARENT_EQUITY":1246254000,"DEBT_ASSET_RATIO":57.037026151,"OPERATE_PROFIT":515786000,"PRETAX_PROFIT":561064000,"NETCASH_OPERATE":1122920000,"NETCASH_INVEST":32044000,"NETCASH_FINANCE":-111350000,"END_CASH":1949891000,"DIVI_RATIO":0.504923571356,"DIVIDEND_RATE":4.214285714286,"CURRENT_RATIO":1.570721340599,"COMMON_ACS":1000000000,"CURRENTDEBT_DEBT":98.425762611818,"ISSUED_COMMON_SHARES":276407000,"HK_COMMON_SHARES":276407000,"PER_SHARES":500,"TOTAL_MARKET_CAP":5417577200,"HKSK_MARKET_CAP":5417577200,"PE_TTM":9.281896760821,"PB_TTM":3.532772529904,"REPORT_DATE_SQ":"2021-12-31 00:00:00","REPORT_TYPE_SQ":"2021年年报","OPERATE_INCOME_SQ":1398947000,"DPS_HKD":0.826,"OPERATE_INCOME_QOQ_SQ":23.210408899669,"NET_PROFIT_RATIO_SQ":23.2332604452,"HOLDER_PROFIT_SQ":321751000,"HOLDER_PROFIT_QOQ_SQ":22.834792966274,"ROE_AVG_SQ":36.086639068558,"PE_TTM_SQ":8.89230645369,"PB_TTM_SQ":3.282803835906,"ROA_SQ":20.190039925013,"START_DATE":"2022-01-01 00:00:00","FISCAL_YEAR":"12-31","CURRENCY":"HKD","IS_CNY_CODE":0,"DPS_HKD_LY":0.473,"ORG_TYPE":"一般企业","PREMIUM_INCOME":null,"PREMIUM_INCOME_YOY":null,"NET_INTEREST_INCOME":null,"NET_INTEREST_INCOME_YOY":null,"FEE_COMMISSION_INCOME":null,"FEE_COMMISSION_INCOME_YOY":null,"ACCOUNTS_RECE_TDAYS":7.671822791814,"INVENTORY_TDAYS":12.275513177063,"CURRENT_ASSETS_TDAYS":0.961901550583,"TOTAL_ASSETS_TDAYS":0.847527523026,"PREMIUM_EXPENSE":null,"LOAN_DEPOSIT":null,"LOAN_EQUITY":null,"LOAN_ASSETS":null,"DEPOSIT_EQUITY":null,"DEPOSIT_ASSETS":null,"EQUITY_MULTIPLIER":2.327585617128,"EQUITY_RATIO":1.370253575916},{"SECUCODE":"03316.HK","SECURITY_CODE":"03316","SECURITY_NAME_ABBR":"滨江服务","ORG_CODE":"10994828","STD_REPORT_DATE":"2022-06-30 00:00:00","REPORT_DATE":"2022-06-30 00:00:00","DATE_TYPE_CODE":"002","REPORT_TYPE":"2022年中报","PER_NETCASH_OPERATE":1.703878700612,"PER_OI":3.008263177126,"BPS":3.707521878968,"BASIC_EPS":0.69,"DILUTED_EPS":0.69,"OPERATE_INCOME":831505000,"OPERATE_INCOME_YOY":40.6493682234,"GROSS_PROFIT":262242000,"GROSS_PROFIT_YOY":34.318450719375,"HOLDER_PROFIT":190284000,"HOLDER_PROFIT_YOY":31.1968670064,"GROSS_PROFIT_RATIO":31.538234887343,"EPS_TTM":1.327744955808,"OPERATE_INCOME_QOQ":17.178277661698,"NET_PROFIT_RATIO":23.1439377995,"ROE_AVG":19.353795361411,"GROSS_PROFIT_QOQ":14.900250624337,"ROA":9.75499222816,"HOLDER_PROFIT_QOQ":14.062737955748,"ROE_YEARLY":38.707590722823,"ROIC_YEARLY":62.70867919243,"TOTAL_ASSETS":2216628000,"TOTAL_LIABILITIES":1157713000,"TAX_EBT":25.84970581549,"OCF_SALES":56.639948046013,"TOTAL_PARENT_EQUITY":1024785000,"DEBT_ASSET_RATIO":52.22856519,"OPERATE_PROFIT":240254000,"PRETAX_PROFIT":259531000,"NETCASH_OPERATE":470964000,"NETCASH_INVEST":-102992000,"NETCASH_FINANCE":-112178000,"END_CASH":1162284000,"DIVI_RATIO":0.566831390854,"DIVIDEND_RATE":4.214285714286,"CURRENT_RATIO":1.68522312104,"COMMON_ACS":1000000000,"CURRENTDEBT_DEBT":98.919853193322,"ISSUED_COMMON_SHARES":276407000,"HK_COMMON_SHARES":276407000,"PER_SHARES":500,"TOTAL_MARKET_CAP":5417577200,"HKSK_MARKET_CAP":5417577200,"PE_TTM":9.281896760821,"PB_TTM":3.532772529904,"REPORT_DATE_SQ":"2021-06-30 00:00:00","REPORT_TYPE_SQ":"2021年中报","OPERATE_INCOME_SQ":591190000,"DPS_HKD":0.826,"OPERATE_INCOME_QOQ_SQ":18.24742944446,"NET_PROFIT_RATIO_SQ":24.7790050576,"HOLDER_PROFIT_SQ":145037000,"HOLDER_PROFIT_QOQ_SQ":19.306763835117,"ROE_AVG_SQ":17.115812628483,"PE_TTM_SQ":8.89230645369,"PB_TTM_SQ":3.282803835906,"ROA_SQ":9.432702641621,"START_DATE":"2022-01-01 00:00:00","FISCAL_YEAR":"12-31","CURRENCY":"HKD","IS_CNY_CODE":0,"DPS_HKD_LY":0.473,"ORG_TYPE":"一般企业","PREMIUM_INCOME":null,"PREMIUM_INCOME_YOY":null,"NET_INTEREST_INCOME":null,"NET_INTEREST_INCOME_YOY":null,"FEE_COMMISSION_INCOME":null,"FEE_COMMISSION_INCOME_YOY":null,"ACCOUNTS_RECE_TDAYS":3.355372801265,"INVENTORY_TDAYS":7.224287264351,"CURRENT_ASSETS_TDAYS":0.487374497426,"TOTAL_ASSETS_TDAYS":0.426274663801,"PREMIUM_EXPENSE":null,"LOAN_DEPOSIT":null,"LOAN_EQUITY":null,"LOAN_ASSETS":null,"DEPOSIT_EQUITY":null,"DEPOSIT_ASSETS":null,"EQUITY_MULTIPLIER":2.093301162038,"EQUITY_RATIO":1.129713061764},{"SECUCODE":"03316.HK","SECURITY_CODE":"03316","SECURITY_NAME_ABBR":"滨江服务","ORG_CODE":"10994828","STD_REPORT_DATE":"2021-12-31 00:00:00","REPORT_DATE":"2021-12-31 00:00:00","DATE_TYPE_CODE":"001","REPORT_TYPE":"2021年年报","PER_NETCASH_OPERATE":0.876913392208,"PER_OI":5.061185136411,"BPS":3.406530948927,"BASIC_EPS":1.16,"DILUTED_EPS":1.16,"OPERATE_INCOME":1398947000,"OPERATE_INCOME_YOY":45.6931413319,"GROSS_PROFIT":449677000,"GROSS_PROFIT_YOY":51.244967492609,"HOLDER_PROFIT":321751000,"HOLDER_PROFIT_YOY":46.5502163516,"GROSS_PROFIT_RATIO":32.14396256613,"EPS_TTM":1.164047943793,"OPERATE_INCOME_QOQ":23.210408899669,"NET_PROFIT_RATIO":23.2332604452,"ROE_AVG":36.086639068558,"GROSS_PROFIT_QOQ":26.363102447304,"ROA":20.190039925013,"HOLDER_PROFIT_QOQ":22.834792966274,"ROE_YEARLY":36.086639068558,"ROIC_YEARLY":78.874168207987,"TOTAL_ASSETS":1684636000,"TOTAL_LIABILITIES":711076000,"TAX_EBT":23.202463033236,"OCF_SALES":17.326246097958,"TOTAL_PARENT_EQUITY":941589000,"DEBT_ASSET_RATIO":42.2094743315,"OPERATE_PROFIT":389785000,"PRETAX_PROFIT":423218000,"NETCASH_OPERATE":242385000,"NETCASH_INVEST":65552000,"NETCASH_FINANCE":-208127000,"END_CASH":905746000,"DIVI_RATIO":0.646543404001,"DIVIDEND_RATE":4.214285714286,"CURRENT_RATIO":2.08486589203,"COMMON_ACS":1000000000,"CURRENTDEBT_DEBT":99.983264798699,"ISSUED_COMMON_SHARES":276407000,"HK_COMMON_SHARES":276407000,"PER_SHARES":500,"TOTAL_MARKET_CAP":5417577200,"HKSK_MARKET_CAP":5417577200,"PE_TTM":9.281896760821,"PB_TTM":3.532772529904,"REPORT_DATE_SQ":"2020-12-31 00:00:00","REPORT_TYPE_SQ":"2020年年报","OPERATE_INCOME_SQ":960201000,"DPS_HKD":0.826,"OPERATE_INCOME_QOQ_SQ":19.942814243725,"NET_PROFIT_RATIO_SQ":22.940405186,"HOLDER_PROFIT_SQ":219550000,"HOLDER_PROFIT_QOQ_SQ":30.18393558104,"ROE_AVG_SQ":28.085162450694,"PE_TTM_SQ":8.89230645369,"PB_TTM_SQ":3.282803835906,"ROA_SQ":16.225614003322,"START_DATE":"2021-01-01 00:00:00","FISCAL_YEAR":"12-31","CURRENCY":"HKD","IS_CNY_CODE":0,"DPS_HKD_LY":0.943,"ORG_TYPE":"一般企业","PREMIUM_INCOME":null,"PREMIUM_INCOME_YOY":null,"NET_INTEREST_INCOME":null,"NET_INTEREST_INCOME_YOY":null,"FEE_COMMISSION_INCOME":null,"FEE_COMMISSION_INCOME_YOY":null,"ACCOUNTS_RECE_TDAYS":10.397961951977,"INVENTORY_TDAYS":14.48437917223,"CURRENT_ASSETS_TDAYS":0.981590447269,"TOTAL_ASSETS_TDAYS":0.877846402435,"PREMIUM_EXPENSE":null,"LOAN_DEPOSIT":null,"LOAN_EQUITY":null,"LOAN_ASSETS":null,"DEPOSIT_EQUITY":null,"DEPOSIT_ASSETS":null,"EQUITY_MULTIPLIER":1.730387444018,"EQUITY_RATIO":0.755187241992},{"SECUCODE":"03316.HK","SECURITY_CODE":"03316","SECURITY_NAME_ABBR":"滨江服务","ORG_CODE":"10994828","STD_REPORT_DATE":"2021-06-30 00:00:00","REPORT_DATE":"2021-06-30 00:00:00","DATE_TYPE_CODE":"002","REPORT_TYPE":"2021年中报","PER_NETCASH_OPERATE":0.346105561726,"PER_OI":2.138838741421,"BPS":3.086560760039,"BASIC_EPS":0.52,"DILUTED_EPS":0.52,"OPERATE_INCOME":591190000,"OPERATE_INCOME_YOY":42.120496757,"GROSS_PROFIT":195239000,"GROSS_PROFIT_YOY":42.82819415487,"HOLDER_PROFIT":145037000,"HOLDER_PROFIT_YOY":41.2941187932,"GROSS_PROFIT_RATIO":33.024746697339,"EPS_TTM":0.947653279403,"OPERATE_INCOME_QOQ":18.24742944446,"NET_PROFIT_RATIO":24.7790050576,"ROE_AVG":17.115812628483,"GROSS_PROFIT_QOQ":19.690767766391,"ROA":9.432702641621,"HOLDER_PROFIT_QOQ":19.306763835117,"ROE_YEARLY":34.231625256967,"ROIC_YEARLY":80.761750969242,"TOTAL_ASSETS":1572606000,"TOTAL_LIABILITIES":701297000,"TAX_EBT":24.241985447362,"OCF_SALES":16.181938124799,"TOTAL_PARENT_EQUITY":853147000,"DEBT_ASSET_RATIO":44.5945774085,"OPERATE_PROFIT":174923000,"PRETAX_PROFIT":193367000,"NETCASH_OPERATE":95666000,"NETCASH_INVEST":32886000,"NETCASH_FINANCE":-132541000,"END_CASH":802850000,"DIVI_RATIO":0.794180251741,"DIVIDEND_RATE":4.214285714286,"CURRENT_RATIO":2.043625952346,"COMMON_ACS":1000000000,"CURRENTDEBT_DEBT":99.90603125352,"ISSUED_COMMON_SHARES":276407000,"HK_COMMON_SHARES":276407000,"PER_SHARES":500,"TOTAL_MARKET_CAP":5417577200,"HKSK_MARKET_CAP":5417577200,"PE_TTM":9.281896760821,"PB_TTM":3.532772529904,"REPORT_DATE_SQ":"2020-06-30 00:00:00","REPORT_TYPE_SQ":"2020年中报","OPERATE_INCOME_SQ":415978000,"DPS_HKD":0.826,"OPERATE_INCOME_QOQ_SQ":14.058628673197,"NET_PROFIT_RATIO_SQ":24.9489155677,"HOLDER_PROFIT_SQ":102649000,"HOLDER_PROFIT_QOQ_SQ":47.05661792276,"ROE_AVG_SQ":13.927006308934,"PE_TTM_SQ":8.89230645369,"PB_TTM_SQ":3.282803835906,"ROA_SQ":8.030344279429,"START_DATE":"2021-01-01 00:00:00","FISCAL_YEAR":"12-31","CURRENCY":"HKD","IS_CNY_CODE":0,"DPS_HKD_LY":0.943,"ORG_TYPE":"一般企业","PREMIUM_INCOME":null,"PREMIUM_INCOME_YOY":null,"NET_INTEREST_INCOME":null,"NET_INTEREST_INCOME_YOY":null,"FEE_COMMISSION_INCOME":null,"FEE_COMMISSION_INCOME_YOY":null,"ACCOUNTS_RECE_TDAYS":4.606418083146,"INVENTORY_TDAYS":5.985518091049,"CURRENT_ASSETS_TDAYS":0.422284604066,"TOTAL_ASSETS_TDAYS":0.384489438881,"PREMIUM_EXPENSE":null,"LOAN_DEPOSIT":null,"LOAN_EQUITY":null,"LOAN_ASSETS":null,"DEPOSIT_EQUITY":null,"DEPOSIT_ASSETS":null,"EQUITY_MULTIPLIER":1.804877488929,"EQUITY_RATIO":0.822011915883},{"SECUCODE":"03316.HK","SECURITY_CODE":"03316","SECURITY_NAME_ABBR":"滨江服务","ORG_CODE":"10994828","STD_REPORT_DATE":"2020-12-31 00:00:00","REPORT_DATE":"2020-12-31 00:00:00","DATE_TYPE_CODE":"001","REPORT_TYPE":"2020年年报","PER_NETCASH_OPERATE":1.149551205288,"PER_OI":3.473866436089,"BPS":3.044875853361,"BASIC_EPS":0.79,"DILUTED_EPS":0.79,"OPERATE_INCOME":960201000,"OPERATE_INCOME_YOY":36.8051291184,"GROSS_PROFIT":297317000,"GROSS_PROFIT_YOY":50.891697117337,"HOLDER_PROFIT":219550000,"HOLDER_PROFIT_YOY":91.4440927442,"GROSS_PROFIT_RATIO":30.964037737932,"EPS_TTM":0.79429971021,"OPERATE_INCOME_QOQ":19.942814243725,"NET_PROFIT_RATIO":22.940405186,"ROE_AVG":28.085162450694,"GROSS_PROFIT_QOQ":22.888224815141,"ROA":16.225614003322,"HOLDER_PROFIT_QOQ":30.18393558104,"ROE_YEARLY":28.085162450694,"ROIC_YEARLY":77.627508176434,"TOTAL_ASSETS":1502589000,"TOTAL_LIABILITIES":644256000,"TAX_EBT":22.425621231758,"OCF_SALES":33.091404820449,"TOTAL_PARENT_EQUITY":841625000,"DEBT_ASSET_RATIO":42.8763953416,"OPERATE_PROFIT":252960000,"PRETAX_PROFIT":283952000,"NETCASH_OPERATE":317744000,"NETCASH_INVEST":40605000,"NETCASH_FINANCE":-72050000,"END_CASH":805394000,"DIVI_RATIO":0.94751075737,"DIVIDEND_RATE":4.214285714286,"CURRENT_RATIO":2.127866267052,"COMMON_ACS":1000000000,"CURRENTDEBT_DEBT":99.79775120449,"ISSUED_COMMON_SHARES":276407000,"HK_COMMON_SHARES":276407000,"PER_SHARES":500,"TOTAL_MARKET_CAP":5417577200,"HKSK_MARKET_CAP":5417577200,"PE_TTM":9.281896760821,"PB_TTM":3.532772529904,"REPORT_DATE_SQ":"2019-12-31 00:00:00","REPORT_TYPE_SQ":"2019年年报","OPERATE_INCOME_SQ":701875000,"DPS_HKD":0.826,"OPERATE_INCOME_QOQ_SQ":15.967926348904,"NET_PROFIT_RATIO_SQ":16.373428317,"HOLDER_PROFIT_SQ":114681000,"HOLDER_PROFIT_QOQ_SQ":37.487411883182,"ROE_AVG_SQ":25.394600483618,"PE_TTM_SQ":8.89230645369,"PB_TTM_SQ":3.282803835906,"ROA_SQ":13.071137804813,"START_DATE":"2020-01-01 00:00:00","FISCAL_YEAR":"12-31","CURRENCY":"HKD","IS_CNY_CODE":0,"DPS_HKD_LY":0.091,"ORG_TYPE":"一般企业","PREMIUM_INCOME":null,"PREMIUM_INCOME_YOY":null,"NET_INTEREST_INCOME":null,"NET_INTEREST_INCOME_YOY":null,"FEE_COMMISSION_INCOME":null,"FEE_COMMISSION_INCOME_YOY":null,"ACCOUNTS_RECE_TDAYS":11.855138311861,"INVENTORY_TDAYS":15.520035587605,"CURRENT_ASSETS_TDAYS":0.783005966724,"TOTAL_ASSETS_TDAYS":0.709626544824,"PREMIUM_EXPENSE":null,"LOAN_DEPOSIT":null,"LOAN_EQUITY":null,"LOAN_ASSETS":null,"DEPOSIT_EQUITY":null,"DEPOSIT_ASSETS":null,"EQUITY_MULTIPLIER":1.750589806053,"EQUITY_RATIO":0.76549056884},{"SECUCODE":"03316.HK","SECURITY_CODE":"03316","SECURITY_NAME_ABBR":"滨江服务","ORG_CODE":"10994828","STD_REPORT_DATE":"2020-06-30 00:00:00","REPORT_DATE":"2020-06-30 00:00:00","DATE_TYPE_CODE":"002","REPORT_TYPE":"2020年中报","PER_NETCASH_OPERATE":0.516180849255,"PER_OI":1.504947414501,"BPS":2.721588092921,"BASIC_EPS":0.37,"DILUTED_EPS":0.37,"OPERATE_INCOME":415978000,"OPERATE_INCOME_YOY":31.0976224693,"GROSS_PROFIT":136695000,"GROSS_PROFIT_YOY":48.914961762207,"HOLDER_PROFIT":102649000,"HOLDER_PROFIT_YOY":110.8475063676,"GROSS_PROFIT_RATIO":32.861112847314,"EPS_TTM":0.610136501608,"OPERATE_INCOME_QOQ":14.058628673197,"NET_PROFIT_RATIO":24.9489155677,"ROE_AVG":13.927006308934,"GROSS_PROFIT_QOQ":22.787758830694,"ROA":8.030344279429,"HOLDER_PROFIT_QOQ":47.05661792276,"ROE_YEARLY":27.854012617869,"ROIC_YEARLY":71.89551410346,"TOTAL_ASSETS":1352902000,"TOTAL_LIABILITIES":594789000,"TAX_EBT":25.300146834423,"OCF_SALES":34.298929270298,"TOTAL_PARENT_EQUITY":752266000,"DEBT_ASSET_RATIO":43.9639382601,"OPERATE_PROFIT":125738000,"PRETAX_PROFIT":138932000,"NETCASH_OPERATE":142676000,"NETCASH_INVEST":103443000,"NETCASH_FINANCE":-80386000,"END_CASH":684717000,"DIVI_RATIO":1.233506793998,"DIVIDEND_RATE":4.214285714286,"CURRENT_RATIO":2.069872052693,"COMMON_ACS":1000000000,"CURRENTDEBT_DEBT":99.905848964927,"ISSUED_COMMON_SHARES":276407000,"HK_COMMON_SHARES":276407000,"PER_SHARES":500,"TOTAL_MARKET_CAP":5417577200,"HKSK_MARKET_CAP":5417577200,"PE_TTM":9.281896760821,"PB_TTM":3.532772529904,"REPORT_DATE_SQ":"2019-06-30 00:00:00","REPORT_TYPE_SQ":"2019年中报","OPERATE_INCOME_SQ":317304000,"DPS_HKD":0.826,"OPERATE_INCOME_QOQ_SQ":18.796396254932,"NET_PROFIT_RATIO_SQ":15.4082520233,"HOLDER_PROFIT_SQ":48684000,"HOLDER_PROFIT_QOQ_SQ":18.859455377118,"ROE_AVG_SQ":11.741071320907,"PE_TTM_SQ":8.89230645369,"PB_TTM_SQ":3.282803835906,"ROA_SQ":5.927863295319,"START_DATE":"2020-01-01 00:00:00","FISCAL_YEAR":"12-31","CURRENCY":"HKD","IS_CNY_CODE":0,"DPS_HKD_LY":0.091,"ORG_TYPE":"一般企业","PREMIUM_INCOME":null,"PREMIUM_INCOME_YOY":null,"NET_INTEREST_INCOME":null,"NET_INTEREST_INCOME_YOY":null,"FEE_COMMISSION_INCOME":null,"FEE_COMMISSION_INCOME_YOY":null,"ACCOUNTS_RECE_TDAYS":4.339704133369,"INVENTORY_TDAYS":8.453259076532,"CURRENT_ASSETS_TDAYS":0.359459779422,"TOTAL_ASSETS_TDAYS":0.325424169029,"PREMIUM_EXPENSE":null,"LOAN_DEPOSIT":null,"LOAN_EQUITY":null,"LOAN_ASSETS":null,"DEPOSIT_EQUITY":null,"DEPOSIT_ASSETS":null,"EQUITY_MULTIPLIER":1.784565097814,"EQUITY_RATIO":0.79066314309}],"count":16},"success":true,"message":"ok","code":0}