{"version":"d3935c05a4993746affeaceda9f6eaf2","result":{"pages":3,"data":[{"SECUCODE":"03319.HK","SECURITY_CODE":"03319","SECURITY_NAME_ABBR":"雅生活服务","ORG_CODE":"10720600","STD_REPORT_DATE":"2024-06-30 00:00:00","REPORT_DATE":"2024-06-30 00:00:00","DATE_TYPE_CODE":"002","REPORT_TYPE":"2024年中报","PER_NETCASH_OPERATE":-0.265794920679,"PER_OI":4.945504960279,"BPS":7.809521656608,"BASIC_EPS":-1.15,"DILUTED_EPS":-1.15,"OPERATE_INCOME":7022621000,"OPERATE_INCOME_YOY":-8.779501805,"GROSS_PROFIT":1193430000,"GROSS_PROFIT_YOY":-24.157276594014,"HOLDER_PROFIT":-1634169000,"HOLDER_PROFIT_YOY":-294.7869484786,"GROSS_PROFIT_RATIO":16.994082408833,"EPS_TTM":-1.417073849536,"OPERATE_INCOME_QOQ":-4.376554744993,"NET_PROFIT_RATIO":-21.8196738796,"ROE_AVG":-13.673528564825,"GROSS_PROFIT_QOQ":-14.36861900172,"ROA":-7.112663316183,"HOLDER_PROFIT_QOQ":-536.614266341199,"ROE_YEARLY":-27.34705712965,"ROIC_YEARLY":-18.45999782547,"TOTAL_ASSETS":21900393000,"TOTAL_LIABILITIES":9023380000,"TAX_EBT":24.71353258226,"OCF_SALES":-5.374474857749,"TOTAL_PARENT_EQUITY":11089527000,"DEBT_ASSET_RATIO":41.2019090251,"OPERATE_PROFIT":-2041129000,"PRETAX_PROFIT":-2035310000,"NETCASH_OPERATE":-377429000,"NETCASH_INVEST":-280105000,"NETCASH_FINANCE":-374553000,"END_CASH":3042681000,"DIVI_RATIO":-0.063048666736,"DIVIDEND_RATE":3.602893772894,"CURRENT_RATIO":1.616584158328,"COMMON_ACS":null,"CURRENTDEBT_DEBT":93.800693310046,"ISSUED_COMMON_SHARES":1420000800,"HK_COMMON_SHARES":1420000800,"PER_SHARES":250,"TOTAL_MARKET_CAP":3876602184,"HKSK_MARKET_CAP":3876602184,"PE_TTM":-1.768608125075,"PB_TTM":0.319048529418,"REPORT_DATE_SQ":"2023-06-30 00:00:00","REPORT_TYPE_SQ":"2023年中报","OPERATE_INCOME_SQ":7698512000,"DPS_HKD":0.098359,"OPERATE_INCOME_QOQ_SQ":0.511399755088,"NET_PROFIT_RATIO_SQ":12.3596092336,"HOLDER_PROFIT_SQ":838952000,"HOLDER_PROFIT_QOQ_SQ":-11.90236361037,"ROE_AVG_SQ":6.531331143928,"PE_TTM_SQ":2.688677518516,"PB_TTM_SQ":0.324687518555,"ROA_SQ":3.618381576114,"START_DATE":"2024-01-01 00:00:00","FISCAL_YEAR":"12-31","CURRENCY":"HKD","IS_CNY_CODE":0,"DPS_HKD_LY":0.098359,"ORG_TYPE":"一般企业","PREMIUM_INCOME":null,"PREMIUM_INCOME_YOY":null,"NET_INTEREST_INCOME":null,"NET_INTEREST_INCOME_YOY":null,"FEE_COMMISSION_INCOME":null,"FEE_COMMISSION_INCOME_YOY":null,"ACCOUNTS_RECE_TDAYS":0.753592770098,"INVENTORY_TDAYS":162.988186609627,"CURRENT_ASSETS_TDAYS":0.465525196676,"TOTAL_ASSETS_TDAYS":0.305657118512,"PREMIUM_EXPENSE":null,"LOAN_DEPOSIT":null,"LOAN_EQUITY":null,"LOAN_ASSETS":null,"DEPOSIT_EQUITY":null,"DEPOSIT_ASSETS":null,"EQUITY_MULTIPLIER":1.70073548889,"EQUITY_RATIO":0.813684839759},{"SECUCODE":"03319.HK","SECURITY_CODE":"03319","SECURITY_NAME_ABBR":"雅生活服务","ORG_CODE":"10720600","STD_REPORT_DATE":"2023-12-31 00:00:00","REPORT_DATE":"2023-12-31 00:00:00","DATE_TYPE_CODE":"001","REPORT_TYPE":"2023年年报","PER_NETCASH_OPERATE":0.702564392921,"PER_OI":10.875662182726,"BPS":9.023332944601,"BASIC_EPS":0.32,"DILUTED_EPS":0.32,"OPERATE_INCOME":15443449000,"OPERATE_INCOME_YOY":0.4218400975,"GROSS_PROFIT":2645550000,"GROSS_PROFIT_YOY":-21.821277154071,"HOLDER_PROFIT":460875000,"HOLDER_PROFIT_YOY":-74.9470129664,"GROSS_PROFIT_RATIO":17.130564551999,"EPS_TTM":0.324559676304,"OPERATE_INCOME_QOQ":-0.089103980004,"NET_PROFIT_RATIO":4.5244621198,"ROE_AVG":3.646519693165,"GROSS_PROFIT_QOQ":-8.928268984766,"ROA":1.971561010461,"HOLDER_PROFIT_QOQ":-71.562248364077,"ROE_YEARLY":3.646519693165,"ROIC_YEARLY":2.590497451111,"TOTAL_ASSETS":24050580000,"TOTAL_LIABILITIES":9601449000,"TAX_EBT":33.361594744713,"OCF_SALES":6.459968883894,"TOTAL_PARENT_EQUITY":12813140000,"DEBT_ASSET_RATIO":39.9219020913,"OPERATE_PROFIT":1023735000,"PRETAX_PROFIT":1048544000,"NETCASH_OPERATE":997642000,"NETCASH_INVEST":-353421000,"NETCASH_FINANCE":-374003000,"END_CASH":4074865000,"DIVI_RATIO":0.353310943632,"DIVIDEND_RATE":4.085324675325,"CURRENT_RATIO":1.823017872952,"COMMON_ACS":null,"CURRENTDEBT_DEBT":94.197625795856,"ISSUED_COMMON_SHARES":1420000800,"HK_COMMON_SHARES":1420000800,"PER_SHARES":250,"TOTAL_MARKET_CAP":4373602464,"HKSK_MARKET_CAP":4373602464,"PE_TTM":-1.995352756495,"PB_TTM":0.359952187036,"REPORT_DATE_SQ":"2022-12-31 00:00:00","REPORT_TYPE_SQ":"2022年年报","OPERATE_INCOME_SQ":15378576000,"DPS_HKD":0.125828,"OPERATE_INCOME_QOQ_SQ":-0.480320749658,"NET_PROFIT_RATIO_SQ":12.5819971888,"HOLDER_PROFIT_SQ":1839601000,"HOLDER_PROFIT_QOQ_SQ":-17.286136038064,"ROE_AVG_SQ":15.553265742273,"PE_TTM_SQ":2.803438144306,"PB_TTM_SQ":0.338546132152,"ROA_SQ":8.579610084544,"START_DATE":"2023-01-01 00:00:00","FISCAL_YEAR":"12-31","CURRENCY":"HKD","IS_CNY_CODE":0,"DPS_HKD_LY":0.027469,"ORG_TYPE":"一般企业","PREMIUM_INCOME":null,"PREMIUM_INCOME_YOY":null,"NET_INTEREST_INCOME":null,"NET_INTEREST_INCOME_YOY":null,"FEE_COMMISSION_INCOME":null,"FEE_COMMISSION_INCOME_YOY":null,"ACCOUNTS_RECE_TDAYS":1.502287461153,"INVENTORY_TDAYS":299.415085511078,"CURRENT_ASSETS_TDAYS":0.971626658828,"TOTAL_ASSETS_TDAYS":0.660649892388,"PREMIUM_EXPENSE":null,"LOAN_DEPOSIT":null,"LOAN_EQUITY":null,"LOAN_ASSETS":null,"DEPOSIT_EQUITY":null,"DEPOSIT_ASSETS":null,"EQUITY_MULTIPLIER":1.664500100385,"EQUITY_RATIO":0.749343954721},{"SECUCODE":"03319.HK","SECURITY_CODE":"03319","SECURITY_NAME_ABBR":"雅生活服务","ORG_CODE":"10720600","STD_REPORT_DATE":"2023-06-30 00:00:00","REPORT_DATE":"2023-06-30 00:00:00","DATE_TYPE_CODE":"002","REPORT_TYPE":"2023年中报","PER_NETCASH_OPERATE":0.119889369076,"PER_OI":5.421484269586,"BPS":9.313860949937,"BASIC_EPS":0.59,"DILUTED_EPS":0.59,"OPERATE_INCOME":7698512000,"OPERATE_INCOME_YOY":1.0321178876,"GROSS_PROFIT":1573559000,"GROSS_PROFIT_YOY":-23.339299668523,"HOLDER_PROFIT":838952000,"HOLDER_PROFIT_YOY":-20.6970738476,"GROSS_PROFIT_RATIO":20.439781090164,"EPS_TTM":1.141298652789,"OPERATE_INCOME_QOQ":0.511399755088,"NET_PROFIT_RATIO":12.3596092336,"ROE_AVG":6.531331143928,"GROSS_PROFIT_QOQ":-14.156981563409,"ROA":3.618381576114,"HOLDER_PROFIT_QOQ":-11.90236361037,"ROE_YEARLY":13.062662287855,"ROIC_YEARLY":9.445882299825,"TOTAL_ASSETS":23669957000,"TOTAL_LIABILITIES":8818452000,"TAX_EBT":21.043726480265,"OCF_SALES":2.211375393063,"TOTAL_PARENT_EQUITY":13225690000,"DEBT_ASSET_RATIO":37.2558851712,"OPERATE_PROFIT":1205455000,"PRETAX_PROFIT":1205105000,"NETCASH_OPERATE":170243000,"NETCASH_INVEST":14863000,"NETCASH_FINANCE":-224759000,"END_CASH":3759711000,"DIVI_RATIO":0.100473688653,"DIVIDEND_RATE":4.085324675325,"CURRENT_RATIO":1.901564637812,"COMMON_ACS":null,"CURRENTDEBT_DEBT":94.153486348851,"ISSUED_COMMON_SHARES":1420000800,"HK_COMMON_SHARES":1420000800,"PER_SHARES":250,"TOTAL_MARKET_CAP":4373602464,"HKSK_MARKET_CAP":4373602464,"PE_TTM":-1.995352756495,"PB_TTM":0.359952187036,"REPORT_DATE_SQ":"2022-06-30 00:00:00","REPORT_TYPE_SQ":"2022年中报","OPERATE_INCOME_SQ":7619866000,"DPS_HKD":0.125828,"OPERATE_INCOME_QOQ_SQ":9.749299169913,"NET_PROFIT_RATIO_SQ":15.0855015036,"HOLDER_PROFIT_SQ":1057908000,"HOLDER_PROFIT_QOQ_SQ":-3.656293508481,"ROE_AVG_SQ":9.25694684681,"PE_TTM_SQ":2.803438144306,"PB_TTM_SQ":0.338546132152,"ROA_SQ":5.054135429405,"START_DATE":"2023-01-01 00:00:00","FISCAL_YEAR":"12-31","CURRENCY":"HKD","IS_CNY_CODE":0,"DPS_HKD_LY":0.027469,"ORG_TYPE":"一般企业","PREMIUM_INCOME":null,"PREMIUM_INCOME_YOY":null,"NET_INTEREST_INCOME":null,"NET_INTEREST_INCOME_YOY":null,"FEE_COMMISSION_INCOME":null,"FEE_COMMISSION_INCOME_YOY":null,"ACCOUNTS_RECE_TDAYS":null,"INVENTORY_TDAYS":125.899608423519,"CURRENT_ASSETS_TDAYS":0.4952510876,"TOTAL_ASSETS_TDAYS":0.332035134123,"PREMIUM_EXPENSE":null,"LOAN_DEPOSIT":null,"LOAN_EQUITY":null,"LOAN_ASSETS":null,"DEPOSIT_EQUITY":null,"DEPOSIT_ASSETS":null,"EQUITY_MULTIPLIER":1.59377497432,"EQUITY_RATIO":0.666766875679},{"SECUCODE":"03319.HK","SECURITY_CODE":"03319","SECURITY_NAME_ABBR":"雅生活服务","ORG_CODE":"10720600","STD_REPORT_DATE":"2022-12-31 00:00:00","REPORT_DATE":"2022-12-31 00:00:00","DATE_TYPE_CODE":"001","REPORT_TYPE":"2022年年报","PER_NETCASH_OPERATE":-0.6575369535,"PER_OI":10.829976997196,"BPS":8.777732378742,"BASIC_EPS":1.3,"DILUTED_EPS":1.3,"OPERATE_INCOME":15378576000,"OPERATE_INCOME_YOY":9.2221505134,"GROSS_PROFIT":3383977000,"GROSS_PROFIT_YOY":-12.530390984572,"HOLDER_PROFIT":1839601000,"HOLDER_PROFIT_YOY":-20.3103976767,"GROSS_PROFIT_RATIO":22.004488582038,"EPS_TTM":1.295492932117,"OPERATE_INCOME_QOQ":-0.480320749658,"NET_PROFIT_RATIO":12.5819971888,"ROE_AVG":15.553265742273,"GROSS_PROFIT_QOQ":-16.392928236529,"ROA":8.579610084544,"HOLDER_PROFIT_QOQ":-17.286136038064,"ROE_YEARLY":15.553265742273,"ROIC_YEARLY":11.749662451274,"TOTAL_ASSETS":22701714000,"TOTAL_LIABILITIES":8577120000,"TAX_EBT":21.086024965426,"OCF_SALES":-6.071452909554,"TOTAL_PARENT_EQUITY":12464387000,"DEBT_ASSET_RATIO":37.7818168267,"OPERATE_PROFIT":2414123000,"PRETAX_PROFIT":2451951000,"NETCASH_OPERATE":-933703000,"NETCASH_INVEST":1184997000,"NETCASH_FINANCE":-837580000,"END_CASH":3799262000,"DIVI_RATIO":0.088514944896,"DIVIDEND_RATE":4.085324675325,"CURRENT_RATIO":1.868663132691,"COMMON_ACS":null,"CURRENTDEBT_DEBT":95.464853004272,"ISSUED_COMMON_SHARES":1420000800,"HK_COMMON_SHARES":1420000800,"PER_SHARES":250,"TOTAL_MARKET_CAP":4373602464,"HKSK_MARKET_CAP":4373602464,"PE_TTM":-1.995352756495,"PB_TTM":0.359952187036,"REPORT_DATE_SQ":"2021-12-31 00:00:00","REPORT_TYPE_SQ":"2021年年报","OPERATE_INCOME_SQ":14080089000,"DPS_HKD":0.125828,"OPERATE_INCOME_QOQ_SQ":14.736479352943,"NET_PROFIT_RATIO_SQ":18.2212555617,"HOLDER_PROFIT_SQ":2308458000,"HOLDER_PROFIT_QOQ_SQ":7.933956402024,"ROE_AVG_SQ":24.894523913898,"PE_TTM_SQ":2.803438144306,"PB_TTM_SQ":0.338546132152,"ROA_SQ":13.51701426939,"START_DATE":"2022-01-01 00:00:00","FISCAL_YEAR":"12-31","CURRENCY":"HKD","IS_CNY_CODE":0,"DPS_HKD_LY":0.478523,"ORG_TYPE":"一般企业","PREMIUM_INCOME":null,"PREMIUM_INCOME_YOY":null,"NET_INTEREST_INCOME":null,"NET_INTEREST_INCOME_YOY":null,"FEE_COMMISSION_INCOME":null,"FEE_COMMISSION_INCOME_YOY":null,"ACCOUNTS_RECE_TDAYS":1.485374706942,"INVENTORY_TDAYS":280.572133659255,"CURRENT_ASSETS_TDAYS":1.071236398244,"TOTAL_ASSETS_TDAYS":0.717232626725,"PREMIUM_EXPENSE":null,"LOAN_DEPOSIT":null,"LOAN_EQUITY":null,"LOAN_ASSETS":null,"DEPOSIT_EQUITY":null,"DEPOSIT_ASSETS":null,"EQUITY_MULTIPLIER":1.60724718884,"EQUITY_RATIO":0.688130110209},{"SECUCODE":"03319.HK","SECURITY_CODE":"03319","SECURITY_NAME_ABBR":"雅生活服务","ORG_CODE":"10720600","STD_REPORT_DATE":"2022-06-30 00:00:00","REPORT_DATE":"2022-06-30 00:00:00","DATE_TYPE_CODE":"002","REPORT_TYPE":"2022年中报","PER_NETCASH_OPERATE":-1.008187460176,"PER_OI":5.366099793747,"BPS":8.215074949254,"BASIC_EPS":0.75,"DILUTED_EPS":0.75,"OPERATE_INCOME":7619866000,"OPERATE_INCOME_YOY":21.9733587572,"GROSS_PROFIT":2052628000,"GROSS_PROFIT_YOY":9.537930846786,"HOLDER_PROFIT":1057908000,"HOLDER_PROFIT_YOY":-7.3888744931,"GROSS_PROFIT_RATIO":26.93784903829,"EPS_TTM":1.566234328882,"OPERATE_INCOME_QOQ":9.749299169913,"NET_PROFIT_RATIO":15.0855015036,"ROE_AVG":9.25694684681,"GROSS_PROFIT_QOQ":4.619869073855,"ROA":5.054135429405,"HOLDER_PROFIT_QOQ":-3.656293508481,"ROE_YEARLY":18.51389369362,"ROIC_YEARLY":14.103746610157,"TOTAL_ASSETS":21681688000,"TOTAL_LIABILITIES":8264064000,"TAX_EBT":21.122947866811,"OCF_SALES":-18.78808629968,"TOTAL_PARENT_EQUITY":11665413000,"DEBT_ASSET_RATIO":38.1154087265,"OPERATE_PROFIT":1437054000,"PRETAX_PROFIT":1457325000,"NETCASH_OPERATE":-1431627000,"NETCASH_INVEST":1162026000,"NETCASH_FINANCE":-127565000,"END_CASH":3996887000,"DIVI_RATIO":0.073214131108,"DIVIDEND_RATE":4.085324675325,"CURRENT_RATIO":1.84566770963,"COMMON_ACS":null,"CURRENTDEBT_DEBT":93.888176567849,"ISSUED_COMMON_SHARES":1420000800,"HK_COMMON_SHARES":1420000800,"PER_SHARES":250,"TOTAL_MARKET_CAP":4373602464,"HKSK_MARKET_CAP":4373602464,"PE_TTM":-1.995352756495,"PB_TTM":0.359952187036,"REPORT_DATE_SQ":"2021-06-30 00:00:00","REPORT_TYPE_SQ":"2021年中报","OPERATE_INCOME_SQ":6247156000,"DPS_HKD":0.125828,"OPERATE_INCOME_QOQ_SQ":22.396729271973,"NET_PROFIT_RATIO_SQ":20.5057469351,"HOLDER_PROFIT_SQ":1142312000,"HOLDER_PROFIT_QOQ_SQ":21.908093371508,"ROE_AVG_SQ":12.807468369737,"PE_TTM_SQ":2.803438144306,"PB_TTM_SQ":0.338546132152,"ROA_SQ":6.831622634771,"START_DATE":"2022-01-01 00:00:00","FISCAL_YEAR":"12-31","CURRENCY":"HKD","IS_CNY_CODE":0,"DPS_HKD_LY":0.478523,"ORG_TYPE":"一般企业","PREMIUM_INCOME":null,"PREMIUM_INCOME_YOY":null,"NET_INTEREST_INCOME":null,"NET_INTEREST_INCOME_YOY":null,"FEE_COMMISSION_INCOME":null,"FEE_COMMISSION_INCOME_YOY":null,"ACCOUNTS_RECE_TDAYS":null,"INVENTORY_TDAYS":143.299005160809,"CURRENT_ASSETS_TDAYS":0.549546767397,"TOTAL_ASSETS_TDAYS":0.364037654672,"PREMIUM_EXPENSE":null,"LOAN_DEPOSIT":null,"LOAN_EQUITY":null,"LOAN_ASSETS":null,"DEPOSIT_EQUITY":null,"DEPOSIT_ASSETS":null,"EQUITY_MULTIPLIER":1.615911133,"EQUITY_RATIO":0.708424468126},{"SECUCODE":"03319.HK","SECURITY_CODE":"03319","SECURITY_NAME_ABBR":"雅生活服务","ORG_CODE":"10720600","STD_REPORT_DATE":"2021-12-31 00:00:00","REPORT_DATE":"2021-12-31 00:00:00","DATE_TYPE_CODE":"001","REPORT_TYPE":"2021年年报","PER_NETCASH_OPERATE":1.862347542339,"PER_OI":9.915550047577,"BPS":7.881057531799,"BASIC_EPS":1.67,"DILUTED_EPS":1.67,"OPERATE_INCOME":14080089000,"OPERATE_INCOME_YOY":40.4336980098,"GROSS_PROFIT":3868746000,"GROSS_PROFIT_YOY":30.127832332953,"HOLDER_PROFIT":2308458000,"HOLDER_PROFIT_YOY":31.5802283501,"GROSS_PROFIT_RATIO":27.476715523602,"EPS_TTM":1.625673732015,"OPERATE_INCOME_QOQ":14.736479352943,"NET_PROFIT_RATIO":18.2212555617,"ROE_AVG":24.894523913898,"GROSS_PROFIT_QOQ":8.320719818701,"ROA":13.51701426939,"HOLDER_PROFIT_QOQ":7.933956402024,"ROE_YEARLY":24.894523913898,"ROIC_YEARLY":21.289462133188,"TOTAL_ASSETS":20181377000,"TOTAL_LIABILITIES":7270449000,"TAX_EBT":16.582433067779,"OCF_SALES":18.7820900848,"TOTAL_PARENT_EQUITY":11191108000,"DEBT_ASSET_RATIO":36.0255348285,"OPERATE_PROFIT":3068928000,"PRETAX_PROFIT":3075574000,"NETCASH_OPERATE":2644535000,"NETCASH_INVEST":-4410380000,"NETCASH_FINANCE":1102740000,"END_CASH":4390545000,"DIVI_RATIO":0.070537207585,"DIVIDEND_RATE":4.085324675325,"CURRENT_RATIO":1.984803354241,"COMMON_ACS":null,"CURRENTDEBT_DEBT":92.935388172037,"ISSUED_COMMON_SHARES":1420000800,"HK_COMMON_SHARES":1420000800,"PER_SHARES":250,"TOTAL_MARKET_CAP":4373602464,"HKSK_MARKET_CAP":4373602464,"PE_TTM":-1.995352756495,"PB_TTM":0.359952187036,"REPORT_DATE_SQ":"2020-12-31 00:00:00","REPORT_TYPE_SQ":"2020年年报","OPERATE_INCOME_SQ":10026147000,"DPS_HKD":0.125828,"OPERATE_INCOME_QOQ_SQ":45.566134490334,"NET_PROFIT_RATIO_SQ":19.6758934414,"HOLDER_PROFIT_SQ":1754411000,"HOLDER_PROFIT_QOQ_SQ":21.21087132549,"ROE_AVG_SQ":25.903688904907,"PE_TTM_SQ":2.803438144306,"PB_TTM_SQ":0.338546132152,"ROA_SQ":15.019055349803,"START_DATE":"2021-01-01 00:00:00","FISCAL_YEAR":"12-31","CURRENCY":"HKD","IS_CNY_CODE":0,"DPS_HKD_LY":0.229235,"ORG_TYPE":"一般企业","PREMIUM_INCOME":null,"PREMIUM_INCOME_YOY":null,"NET_INTEREST_INCOME":null,"NET_INTEREST_INCOME_YOY":null,"FEE_COMMISSION_INCOME":null,"FEE_COMMISSION_INCOME_YOY":null,"ACCOUNTS_RECE_TDAYS":null,"INVENTORY_TDAYS":355.901329662095,"CURRENT_ASSETS_TDAYS":1.250947222266,"TOTAL_ASSETS_TDAYS":0.824449757922,"PREMIUM_EXPENSE":null,"LOAN_DEPOSIT":null,"LOAN_EQUITY":null,"LOAN_ASSETS":null,"DEPOSIT_EQUITY":null,"DEPOSIT_ASSETS":null,"EQUITY_MULTIPLIER":1.563123657727,"EQUITY_RATIO":0.649663018175},{"SECUCODE":"03319.HK","SECURITY_CODE":"03319","SECURITY_NAME_ABBR":"雅生活服务","ORG_CODE":"10720600","STD_REPORT_DATE":"2021-06-30 00:00:00","REPORT_DATE":"2021-06-30 00:00:00","DATE_TYPE_CODE":"002","REPORT_TYPE":"2021年中报","PER_NETCASH_OPERATE":0.677543280257,"PER_OI":4.399403155266,"BPS":7.382682460461,"BASIC_EPS":0.85,"DILUTED_EPS":0.85,"OPERATE_INCOME":6247156000,"OPERATE_INCOME_YOY":56.115400061,"GROSS_PROFIT":1873897000,"GROSS_PROFIT_YOY":46.930136133471,"HOLDER_PROFIT":1142312000,"HOLDER_PROFIT_YOY":50.7099375424,"GROSS_PROFIT_RATIO":29.996001380468,"EPS_TTM":1.506174503564,"OPERATE_INCOME_QOQ":22.396729271973,"NET_PROFIT_RATIO":20.5057469351,"ROE_AVG":12.807468369737,"GROSS_PROFIT_QOQ":20.131986337194,"ROA":6.831622634771,"HOLDER_PROFIT_QOQ":21.908093371508,"ROE_YEARLY":25.614936739474,"ROIC_YEARLY":26.535735493322,"TOTAL_ASSETS":19466941000,"TOTAL_LIABILITIES":7318073000,"TAX_EBT":16.997428333172,"OCF_SALES":15.400799980023,"TOTAL_PARENT_EQUITY":10483415000,"DEBT_ASSET_RATIO":37.5923109851,"OPERATE_PROFIT":1522202000,"PRETAX_PROFIT":1543357000,"NETCASH_OPERATE":962112000,"NETCASH_INVEST":-294878000,"NETCASH_FINANCE":2450775000,"END_CASH":8197642000,"DIVI_RATIO":0.076133598882,"DIVIDEND_RATE":4.085324675325,"CURRENT_RATIO":1.979225023,"COMMON_ACS":null,"CURRENTDEBT_DEBT":93.069391354801,"ISSUED_COMMON_SHARES":1420000800,"HK_COMMON_SHARES":1420000800,"PER_SHARES":250,"TOTAL_MARKET_CAP":4373602464,"HKSK_MARKET_CAP":4373602464,"PE_TTM":-1.995352756495,"PB_TTM":0.359952187036,"REPORT_DATE_SQ":"2020-06-30 00:00:00","REPORT_TYPE_SQ":"2020年中报","OPERATE_INCOME_SQ":4001627000,"DPS_HKD":0.125828,"OPERATE_INCOME_QOQ_SQ":34.333887296864,"NET_PROFIT_RATIO_SQ":21.8207244203,"HOLDER_PROFIT_SQ":757954000,"HOLDER_PROFIT_QOQ_SQ":17.602074808818,"ROE_AVG_SQ":12.086089111615,"PE_TTM_SQ":2.803438144306,"PB_TTM_SQ":0.338546132152,"ROA_SQ":6.822954514102,"START_DATE":"2021-01-01 00:00:00","FISCAL_YEAR":"12-31","CURRENCY":"HKD","IS_CNY_CODE":0,"DPS_HKD_LY":0.229235,"ORG_TYPE":"一般企业","PREMIUM_INCOME":null,"PREMIUM_INCOME_YOY":null,"NET_INTEREST_INCOME":null,"NET_INTEREST_INCOME_YOY":null,"FEE_COMMISSION_INCOME":null,"FEE_COMMISSION_INCOME_YOY":null,"ACCOUNTS_RECE_TDAYS":1.573061163029,"INVENTORY_TDAYS":208.812232912359,"CURRENT_ASSETS_TDAYS":0.553325514458,"TOTAL_ASSETS_TDAYS":0.373612571106,"PREMIUM_EXPENSE":null,"LOAN_DEPOSIT":null,"LOAN_EQUITY":null,"LOAN_ASSETS":null,"DEPOSIT_EQUITY":null,"DEPOSIT_ASSETS":null,"EQUITY_MULTIPLIER":1.602366656713,"EQUITY_RATIO":0.698061938786},{"SECUCODE":"03319.HK","SECURITY_CODE":"03319","SECURITY_NAME_ABBR":"雅生活服务","ORG_CODE":"10720600","STD_REPORT_DATE":"2020-12-31 00:00:00","REPORT_DATE":"2020-12-31 00:00:00","DATE_TYPE_CODE":"001","REPORT_TYPE":"2020年年报","PER_NETCASH_OPERATE":1.96535976732,"PER_OI":7.519606490197,"BPS":5.179435110177,"BASIC_EPS":1.32,"DILUTED_EPS":1.32,"OPERATE_INCOME":10026147000,"OPERATE_INCOME_YOY":95.5446470486,"GROSS_PROFIT":2973035000,"GROSS_PROFIT_YOY":57.899950075948,"HOLDER_PROFIT":1754411000,"HOLDER_PROFIT_YOY":42.5464995726,"GROSS_PROFIT_RATIO":29.652816779965,"EPS_TTM":1.315807592096,"OPERATE_INCOME_QOQ":45.566134490334,"NET_PROFIT_RATIO":19.6758934414,"ROE_AVG":25.903688904907,"GROSS_PROFIT_QOQ":27.665243600281,"ROA":15.019055349803,"HOLDER_PROFIT_QOQ":21.21087132549,"ROE_YEARLY":25.903688904907,"ROIC_YEARLY":28.113774501348,"TOTAL_ASSETS":13974953000,"TOTAL_LIABILITIES":5317553000,"TAX_EBT":20.702048317575,"OCF_SALES":26.136470969356,"TOTAL_PARENT_EQUITY":7354802000,"DEBT_ASSET_RATIO":38.0505966639,"OPERATE_PROFIT":2465846000,"PRETAX_PROFIT":2487749000,"NETCASH_OPERATE":2620481000,"NETCASH_INVEST":-894130000,"NETCASH_FINANCE":-876106000,"END_CASH":5056976000,"DIVI_RATIO":0.087148368948,"DIVIDEND_RATE":4.085324675325,"CURRENT_RATIO":1.870463930346,"COMMON_ACS":null,"CURRENTDEBT_DEBT":91.492647087862,"ISSUED_COMMON_SHARES":1420000800,"HK_COMMON_SHARES":1420000800,"PER_SHARES":250,"TOTAL_MARKET_CAP":4373602464,"HKSK_MARKET_CAP":4373602464,"PE_TTM":-1.995352756495,"PB_TTM":0.359952187036,"REPORT_DATE_SQ":"2019-12-31 00:00:00","REPORT_TYPE_SQ":"2019年年报","OPERATE_INCOME_SQ":5127293000,"DPS_HKD":0.125828,"OPERATE_INCOME_QOQ_SQ":21.7223957359,"NET_PROFIT_RATIO_SQ":25.1904464988,"HOLDER_PROFIT_SQ":1230764000,"HOLDER_PROFIT_QOQ_SQ":21.854564283925,"ROE_AVG_SQ":21.19597863945,"PE_TTM_SQ":2.803438144306,"PB_TTM_SQ":0.338546132152,"ROA_SQ":14.753767427409,"START_DATE":"2020-01-01 00:00:00","FISCAL_YEAR":"12-31","CURRENCY":"HKD","IS_CNY_CODE":0,"DPS_HKD_LY":0.249421,"ORG_TYPE":"一般企业","PREMIUM_INCOME":null,"PREMIUM_INCOME_YOY":null,"NET_INTEREST_INCOME":null,"NET_INTEREST_INCOME_YOY":null,"FEE_COMMISSION_INCOME":null,"FEE_COMMISSION_INCOME_YOY":null,"ACCOUNTS_RECE_TDAYS":3.603989996253,"INVENTORY_TDAYS":451.919779586083,"CURRENT_ASSETS_TDAYS":1.256827553528,"TOTAL_ASSETS_TDAYS":0.858312315291,"PREMIUM_EXPENSE":null,"LOAN_DEPOSIT":null,"LOAN_EQUITY":null,"LOAN_ASSETS":null,"DEPOSIT_EQUITY":null,"DEPOSIT_ASSETS":null,"EQUITY_MULTIPLIER":1.614220551205,"EQUITY_RATIO":0.723004235872},{"SECUCODE":"03319.HK","SECURITY_CODE":"03319","SECURITY_NAME_ABBR":"雅生活服务","ORG_CODE":"10720600","STD_REPORT_DATE":"2020-06-30 00:00:00","REPORT_DATE":"2020-06-30 00:00:00","DATE_TYPE_CODE":"002","REPORT_TYPE":"2020年中报","PER_NETCASH_OPERATE":0.824416837792,"PER_OI":3.001218749391,"BPS":4.473054522223,"BASIC_EPS":0.57,"DILUTED_EPS":0.57,"OPERATE_INCOME":4001627000,"OPERATE_INCOME_YOY":78.546180933,"GROSS_PROFIT":1275366000,"GROSS_PROFIT_YOY":53.760072915612,"HOLDER_PROFIT":757954000,"HOLDER_PROFIT_YOY":40.0211337597,"GROSS_PROFIT_RATIO":31.871186394934,"EPS_TTM":1.085552457224,"OPERATE_INCOME_QOQ":34.333887296864,"NET_PROFIT_RATIO":21.8207244203,"ROE_AVG":12.086089111615,"GROSS_PROFIT_QOQ":23.682801695293,"ROA":6.822954514102,"HOLDER_PROFIT_QOQ":17.602074808818,"ROE_YEARLY":24.172178223229,"ROIC_YEARLY":26.251971182037,"TOTAL_ASSETS":12830250000,"TOTAL_LIABILITIES":5213768000,"TAX_EBT":23.476669684305,"OCF_SALES":27.469401820809,"TOTAL_PARENT_EQUITY":6351741000,"DEBT_ASSET_RATIO":40.6365269578,"OPERATE_PROFIT":1139552000,"PRETAX_PROFIT":1141069000,"NETCASH_OPERATE":1099223000,"NETCASH_INVEST":200067000,"NETCASH_FINANCE":-624796000,"END_CASH":4882015000,"DIVI_RATIO":0.105633297347,"DIVIDEND_RATE":4.085324675325,"CURRENT_RATIO":1.792482826655,"COMMON_ACS":null,"CURRENTDEBT_DEBT":91.145827739171,"ISSUED_COMMON_SHARES":1420000800,"HK_COMMON_SHARES":1420000800,"PER_SHARES":250,"TOTAL_MARKET_CAP":4373602464,"HKSK_MARKET_CAP":4373602464,"PE_TTM":-1.995352756495,"PB_TTM":0.359952187036,"REPORT_DATE_SQ":"2019-06-30 00:00:00","REPORT_TYPE_SQ":"2019年中报","OPERATE_INCOME_SQ":2241228000,"DPS_HKD":0.125828,"OPERATE_INCOME_QOQ_SQ":24.74376982121,"NET_PROFIT_RATIO_SQ":25.3606951189,"HOLDER_PROFIT_SQ":541314000,"HOLDER_PROFIT_QOQ_SQ":26.088671672628,"ROE_AVG_SQ":9.910713427498,"PE_TTM_SQ":2.803438144306,"PB_TTM_SQ":0.338546132152,"ROA_SQ":6.772275823044,"START_DATE":"2020-01-01 00:00:00","FISCAL_YEAR":"12-31","CURRENCY":"HKD","IS_CNY_CODE":0,"DPS_HKD_LY":0.249421,"ORG_TYPE":"一般企业","PREMIUM_INCOME":null,"PREMIUM_INCOME_YOY":null,"NET_INTEREST_INCOME":null,"NET_INTEREST_INCOME_YOY":null,"FEE_COMMISSION_INCOME":null,"FEE_COMMISSION_INCOME_YOY":null,"ACCOUNTS_RECE_TDAYS":1.498548403375,"INVENTORY_TDAYS":187.545901695731,"CURRENT_ASSETS_TDAYS":0.52061540343,"TOTAL_ASSETS_TDAYS":0.360218680862,"PREMIUM_EXPENSE":null,"LOAN_DEPOSIT":null,"LOAN_EQUITY":null,"LOAN_ASSETS":null,"DEPOSIT_EQUITY":null,"DEPOSIT_ASSETS":null,"EQUITY_MULTIPLIER":1.684537559467,"EQUITY_RATIO":0.820840774207}],"count":21},"success":true,"message":"ok","code":0}