{"version":"783a69202c2869d1c24f68ff8831fd62","result":{"pages":5,"data":[{"SECUCODE":"03311.HK","SECURITY_CODE":"03311","SECURITY_NAME_ABBR":"中国建筑国际","ORG_CODE":"10010628","STD_REPORT_DATE":"2024-06-30 00:00:00","REPORT_DATE":"2024-06-30 00:00:00","DATE_TYPE_CODE":"002","REPORT_TYPE":"2024年中报","PER_NETCASH_OPERATE":0.000362164778,"PER_OI":11.18837603985,"BPS":11.754419295803,"BASIC_EPS":0.990075264,"DILUTED_EPS":0.990075264,"OPERATE_INCOME":56362749626.2,"OPERATE_INCOME_YOY":12.0566451763,"GROSS_PROFIT":8719983842.16,"GROSS_PROFIT_YOY":9.64729378812,"HOLDER_PROFIT":4987830881.84,"HOLDER_PROFIT_YOY":12.7132203748,"GROSS_PROFIT_RATIO":15.471182474225,"EPS_TTM":1.751252588594,"OPERATE_INCOME_QOQ":5.386515086524,"NET_PROFIT_RATIO":9.487508059,"ROE_AVG":8.633349557019,"GROSS_PROFIT_QOQ":5.181631735215,"ROA":2.121507373885,"HOLDER_PROFIT_QOQ":6.231435880374,"ROE_YEARLY":17.266699114039,"ROIC_YEARLY":5.091169874883,"TOTAL_ASSETS":242707728338.2,"TOTAL_LIABILITIES":171936973232.92,"TAX_EBT":21.043074891709,"OCF_SALES":0.00323697359,"TOTAL_PARENT_EQUITY":59214258567.2,"DEBT_ASSET_RATIO":70.8411612643,"OPERATE_PROFIT":7631181244.52,"PRETAX_PROFIT":6772579359.88,"NETCASH_OPERATE":1824447.32,"NETCASH_INVEST":-1448602045.28,"NETCASH_FINANCE":5271064691.6,"END_CASH":29288072783.84,"DIVI_RATIO":0.319461112374,"DIVIDEND_RATE":5.049261083744,"CURRENT_RATIO":1.365176955962,"COMMON_ACS":60000000000,"CURRENTDEBT_DEBT":63.170989064267,"ISSUED_COMMON_SHARES":5037616668,"HK_COMMON_SHARES":5037616668,"PER_SHARES":2000,"TOTAL_MARKET_CAP":61358171016.24,"HKSK_MARKET_CAP":61358171016.24,"PE_TTM":6.27354590098,"PB_TTM":0.945724507545,"REPORT_DATE_SQ":"2023-06-30 00:00:00","REPORT_TYPE_SQ":"2023年中报","OPERATE_INCOME_SQ":50810974249.76,"DPS_HKD":0.615,"OPERATE_INCOME_QOQ_SQ":5.261440632883,"NET_PROFIT_RATIO_SQ":9.3173428788,"HOLDER_PROFIT_SQ":4470332511.56,"HOLDER_PROFIT_QOQ_SQ":12.192051797773,"ROE_AVG_SQ":8.30519171475,"PE_TTM_SQ":5.118823608956,"PB_TTM_SQ":0.745762189111,"ROA_SQ":2.080360990722,"START_DATE":"2024-01-01 00:00:00","FISCAL_YEAR":"12-31","CURRENCY":"HKD","IS_CNY_CODE":0,"DPS_HKD_LY":0.615,"ORG_TYPE":"一般企业","PREMIUM_INCOME":null,"PREMIUM_INCOME_YOY":null,"NET_INTEREST_INCOME":null,"NET_INTEREST_INCOME_YOY":null,"FEE_COMMISSION_INCOME":null,"FEE_COMMISSION_INCOME_YOY":null,"ACCOUNTS_RECE_TDAYS":0.782778752479,"INVENTORY_TDAYS":4.917860556798,"CURRENT_ASSETS_TDAYS":0.397923510836,"TOTAL_ASSETS_TDAYS":0.239731441938,"PREMIUM_EXPENSE":null,"LOAN_DEPOSIT":null,"LOAN_EQUITY":null,"LOAN_ASSETS":null,"DEPOSIT_EQUITY":null,"DEPOSIT_ASSETS":null,"EQUITY_MULTIPLIER":3.429491856875,"EQUITY_RATIO":2.903641409911},{"SECUCODE":"03311.HK","SECURITY_CODE":"03311","SECURITY_NAME_ABBR":"中国建筑国际","ORG_CODE":"10010628","STD_REPORT_DATE":"2023-12-31 00:00:00","REPORT_DATE":"2023-12-31 00:00:00","DATE_TYPE_CODE":"001","REPORT_TYPE":"2023年年报","PER_NETCASH_OPERATE":0.090124122696,"PER_OI":20.459682435857,"BPS":11.103464287287,"BASIC_EPS":1.6493204,"DILUTED_EPS":1.6493204,"OPERATE_INCOME":103068037260.86,"OPERATE_INCOME_YOY":11.5309805765,"GROSS_PROFIT":14806647020.2,"GROSS_PROFIT_YOY":18.24190178774,"HOLDER_PROFIT":8304640859.9,"HOLDER_PROFIT_YOY":15.1713938988,"GROSS_PROFIT_RATIO":14.365895978717,"EPS_TTM":1.648525762719,"OPERATE_INCOME_QOQ":7.49223797908,"NET_PROFIT_RATIO":8.5400556472,"ROE_AVG":15.335571070668,"GROSS_PROFIT_QOQ":3.52160715324,"ROA":3.833327504311,"HOLDER_PROFIT_QOQ":4.143801513982,"ROE_YEARLY":15.335571070668,"ROIC_YEARLY":4.545432529497,"TOTAL_ASSETS":225897705040.7,"TOTAL_LIABILITIES":158585841150.52,"TAX_EBT":19.751226644553,"OCF_SALES":0.440496195276,"TOTAL_PARENT_EQUITY":55934996766.18,"DEBT_ASSET_RATIO":70.2025021113,"OPERATE_PROFIT":13016353224.56,"PRETAX_PROFIT":10968476362.34,"NETCASH_OPERATE":454010782.68,"NETCASH_INVEST":1063530729.8,"NETCASH_FINANCE":4121839267.14,"END_CASH":25729070188.36,"DIVI_RATIO":0.339368126754,"DIVIDEND_RATE":5.107973421927,"CURRENT_RATIO":1.282325389007,"COMMON_ACS":60000000000,"CURRENTDEBT_DEBT":65.918530885541,"ISSUED_COMMON_SHARES":5037616668,"HK_COMMON_SHARES":5037616668,"PER_SHARES":2000,"TOTAL_MARKET_CAP":60652904682.72,"HKSK_MARKET_CAP":60652904682.72,"PE_TTM":6.20143617798,"PB_TTM":0.934854110906,"REPORT_DATE_SQ":"2022-12-31 00:00:00","REPORT_TYPE_SQ":"2022年年报","OPERATE_INCOME_SQ":91091444966.55,"DPS_HKD":0.615,"OPERATE_INCOME_QOQ_SQ":15.359625559169,"NET_PROFIT_RATIO_SQ":8.3054101404,"HOLDER_PROFIT_SQ":7107638624.52,"HOLDER_PROFIT_QOQ_SQ":13.690985692794,"ROE_AVG_SQ":13.930553053676,"PE_TTM_SQ":5.048461772407,"PB_TTM_SQ":0.735511162456,"ROA_SQ":3.551110231951,"START_DATE":"2023-01-01 00:00:00","FISCAL_YEAR":"12-31","CURRENCY":"HKD","IS_CNY_CODE":0,"DPS_HKD_LY":0.515,"ORG_TYPE":"一般企业","PREMIUM_INCOME":null,"PREMIUM_INCOME_YOY":null,"NET_INTEREST_INCOME":null,"NET_INTEREST_INCOME_YOY":null,"FEE_COMMISSION_INCOME":null,"FEE_COMMISSION_INCOME_YOY":null,"ACCOUNTS_RECE_TDAYS":1.610459882928,"INVENTORY_TDAYS":9.799566946029,"CURRENT_ASSETS_TDAYS":0.823850143839,"TOTAL_ASSETS_TDAYS":0.475750304815,"PREMIUM_EXPENSE":null,"LOAN_DEPOSIT":null,"LOAN_EQUITY":null,"LOAN_ASSETS":null,"DEPOSIT_EQUITY":null,"DEPOSIT_ASSETS":null,"EQUITY_MULTIPLIER":3.355986478245,"EQUITY_RATIO":2.835181019379},{"SECUCODE":"03311.HK","SECURITY_CODE":"03311","SECURITY_NAME_ABBR":"中国建筑国际","ORG_CODE":"10010628","STD_REPORT_DATE":"2023-06-30 00:00:00","REPORT_DATE":"2023-06-30 00:00:00","DATE_TYPE_CODE":"002","REPORT_TYPE":"2023年中报","PER_NETCASH_OPERATE":0.030664115843,"PER_OI":10.086312158788,"BPS":10.792831169944,"BASIC_EPS":0.88740575,"DILUTED_EPS":0.88740575,"OPERATE_INCOME":50810974249.76,"OPERATE_INCOME_YOY":2.4161670575,"GROSS_PROFIT":7952757921.24,"GROSS_PROFIT_YOY":28.84928585257,"HOLDER_PROFIT":4470332511.56,"HOLDER_PROFIT_YOY":15.0600119507,"GROSS_PROFIT_RATIO":15.651654074076,"EPS_TTM":1.582932194479,"OPERATE_INCOME_QOQ":5.261440632883,"NET_PROFIT_RATIO":9.3173428788,"ROE_AVG":8.30519171475,"GROSS_PROFIT_QOQ":14.219538354645,"ROA":2.080360990722,"HOLDER_PROFIT_QOQ":12.192051797773,"ROE_YEARLY":16.6103834295,"ROIC_YEARLY":4.933824310698,"TOTAL_ASSETS":218769835519.48,"TOTAL_LIABILITIES":155037864757.72,"TAX_EBT":19.293896606177,"OCF_SALES":0.304017121027,"TOTAL_PARENT_EQUITY":54370146196.62,"DEBT_ASSET_RATIO":70.8680263847,"OPERATE_PROFIT":6820747189.32,"PRETAX_PROFIT":5866015693.78,"NETCASH_OPERATE":154474061.08,"NETCASH_INVEST":1011016530.58,"NETCASH_FINANCE":4804081895.72,"END_CASH":26686590320.62,"DIVI_RATIO":0.353430868329,"DIVIDEND_RATE":5.107973421927,"CURRENT_RATIO":1.258808609466,"COMMON_ACS":60000000000,"CURRENTDEBT_DEBT":64.842545781213,"ISSUED_COMMON_SHARES":5037616668,"HK_COMMON_SHARES":5037616668,"PER_SHARES":2000,"TOTAL_MARKET_CAP":60652904682.72,"HKSK_MARKET_CAP":60652904682.72,"PE_TTM":6.20143617798,"PB_TTM":0.934854110906,"REPORT_DATE_SQ":"2022-06-30 00:00:00","REPORT_TYPE_SQ":"2022年中报","OPERATE_INCOME_SQ":46018251951.21,"DPS_HKD":0.615,"OPERATE_INCOME_QOQ_SQ":24.92500223052,"NET_PROFIT_RATIO_SQ":8.3963390903,"HOLDER_PROFIT_SQ":3603765528.86,"HOLDER_PROFIT_QOQ_SQ":12.43289054902,"ROE_AVG_SQ":7.469774314646,"PE_TTM_SQ":5.048461772407,"PB_TTM_SQ":0.735511162456,"ROA_SQ":1.915140059496,"START_DATE":"2023-01-01 00:00:00","FISCAL_YEAR":"12-31","CURRENCY":"HKD","IS_CNY_CODE":0,"DPS_HKD_LY":0.515,"ORG_TYPE":"一般企业","PREMIUM_INCOME":null,"PREMIUM_INCOME_YOY":null,"NET_INTEREST_INCOME":null,"NET_INTEREST_INCOME_YOY":null,"FEE_COMMISSION_INCOME":null,"FEE_COMMISSION_INCOME_YOY":null,"ACCOUNTS_RECE_TDAYS":0.816711597327,"INVENTORY_TDAYS":4.96635557972,"CURRENT_ASSETS_TDAYS":0.415243810991,"TOTAL_ASSETS_TDAYS":0.236459297953,"PREMIUM_EXPENSE":null,"LOAN_DEPOSIT":null,"LOAN_EQUITY":null,"LOAN_ASSETS":null,"DEPOSIT_EQUITY":null,"DEPOSIT_ASSETS":null,"EQUITY_MULTIPLIER":3.432654488863,"EQUITY_RATIO":2.851525618435},{"SECUCODE":"03311.HK","SECURITY_CODE":"03311","SECURITY_NAME_ABBR":"中国建筑国际","ORG_CODE":"10010628","STD_REPORT_DATE":"2022-12-31 00:00:00","REPORT_DATE":"2022-12-31 00:00:00","DATE_TYPE_CODE":"001","REPORT_TYPE":"2022年年报","PER_NETCASH_OPERATE":0.037612933182,"PER_OI":18.08225019287,"BPS":10.247349196771,"BASIC_EPS":1.4113666,"DILUTED_EPS":1.4113666,"OPERATE_INCOME":91091444966.55,"OPERATE_INCOME_YOY":31.905024128,"GROSS_PROFIT":12522334972.91,"GROSS_PROFIT_YOY":27.816873253644,"HOLDER_PROFIT":7107638624.52,"HOLDER_PROFIT_YOY":16.9977586721,"GROSS_PROFIT_RATIO":13.746993449833,"EPS_TTM":1.410912956055,"OPERATE_INCOME_QOQ":15.359625559169,"NET_PROFIT_RATIO":8.3054101404,"ROE_AVG":13.930553053676,"GROSS_PROFIT_QOQ":14.192801347765,"ROA":3.551110231951,"HOLDER_PROFIT_QOQ":13.690985692794,"ROE_YEARLY":13.930553053676,"ROIC_YEARLY":4.187066579135,"TOTAL_ASSETS":204424954731.83,"TOTAL_LIABILITIES":143864416267.25,"TAX_EBT":21.423958488443,"OCF_SALES":0.208010246406,"TOTAL_PARENT_EQUITY":51622217116.47,"DEBT_ASSET_RATIO":70.375173352,"OPERATE_PROFIT":11756303244.98,"PRETAX_PROFIT":9628275949.95,"NETCASH_OPERATE":189479539.13,"NETCASH_INVEST":447388026.61,"NETCASH_FINANCE":-470769368.86,"END_CASH":20992899951.87,"DIVI_RATIO":0.396521342865,"DIVIDEND_RATE":5.107973421927,"CURRENT_RATIO":1.246591872404,"COMMON_ACS":60000000000,"CURRENTDEBT_DEBT":63.844952311706,"ISSUED_COMMON_SHARES":5037616668,"HK_COMMON_SHARES":5037616668,"PER_SHARES":2000,"TOTAL_MARKET_CAP":60652904682.72,"HKSK_MARKET_CAP":60652904682.72,"PE_TTM":6.20143617798,"PB_TTM":0.934854110906,"REPORT_DATE_SQ":"2021-12-31 00:00:00","REPORT_TYPE_SQ":"2021年年报","OPERATE_INCOME_SQ":63208340406.4,"DPS_HKD":0.615,"OPERATE_INCOME_QOQ_SQ":10.402777283154,"NET_PROFIT_RATIO_SQ":9.6183173286,"HOLDER_PROFIT_SQ":5560398670.4,"HOLDER_PROFIT_QOQ_SQ":4.351472823604,"ROE_AVG_SQ":12.887782699969,"PE_TTM_SQ":5.048461772407,"PB_TTM_SQ":0.735511162456,"ROA_SQ":3.349396934809,"START_DATE":"2022-01-01 00:00:00","FISCAL_YEAR":"12-31","CURRENCY":"HKD","IS_CNY_CODE":0,"DPS_HKD_LY":0.445,"ORG_TYPE":"一般企业","PREMIUM_INCOME":null,"PREMIUM_INCOME_YOY":null,"NET_INTEREST_INCOME":null,"NET_INTEREST_INCOME_YOY":null,"FEE_COMMISSION_INCOME":null,"FEE_COMMISSION_INCOME_YOY":null,"ACCOUNTS_RECE_TDAYS":1.630695316522,"INVENTORY_TDAYS":10.395986073636,"CURRENT_ASSETS_TDAYS":0.842293023991,"TOTAL_ASSETS_TDAYS":0.455110029297,"PREMIUM_EXPENSE":null,"LOAN_DEPOSIT":null,"LOAN_EQUITY":null,"LOAN_ASSETS":null,"DEPOSIT_EQUITY":null,"DEPOSIT_ASSETS":null,"EQUITY_MULTIPLIER":3.375547178324,"EQUITY_RATIO":2.786870155977},{"SECUCODE":"03311.HK","SECURITY_CODE":"03311","SECURITY_NAME_ABBR":"中国建筑国际","ORG_CODE":"10010628","STD_REPORT_DATE":"2022-06-30 00:00:00","REPORT_DATE":"2022-06-30 00:00:00","DATE_TYPE_CODE":"002","REPORT_TYPE":"2022年中报","PER_NETCASH_OPERATE":0.0172611117,"PER_OI":9.134925299801,"BPS":9.571406883167,"BASIC_EPS":0.715366435,"DILUTED_EPS":0.715366435,"OPERATE_INCOME":46018251951.21,"OPERATE_INCOME_YOY":47.9491263751,"GROSS_PROFIT":6172139696.87,"GROSS_PROFIT_YOY":23.362063888212,"HOLDER_PROFIT":3603765528.86,"HOLDER_PROFIT_YOY":20.3929145783,"GROSS_PROFIT_RATIO":13.41237321099,"EPS_TTM":1.241006881467,"OPERATE_INCOME_QOQ":24.92500223052,"NET_PROFIT_RATIO":8.3963390903,"ROE_AVG":7.469774314646,"GROSS_PROFIT_QOQ":11.930762486847,"ROA":1.915140059496,"HOLDER_PROFIT_QOQ":12.43289054902,"ROE_YEARLY":14.939548629293,"ROIC_YEARLY":4.581578448709,"TOTAL_ASSETS":188815006423.19,"TOTAL_LIABILITIES":132015817130.4,"TAX_EBT":18.817705187968,"OCF_SALES":0.18895733828,"TOTAL_PARENT_EQUITY":48217078850.85,"DEBT_ASSET_RATIO":69.9180746442,"OPERATE_PROFIT":5751704347.55,"PRETAX_PROFIT":4759471860.43,"NETCASH_OPERATE":86954864.01,"NETCASH_INVEST":1623776619.08,"NETCASH_FINANCE":2300981910.71,"END_CASH":23863391942.81,"DIVI_RATIO":0.450809023185,"DIVIDEND_RATE":5.107973421927,"CURRENT_RATIO":1.22783599683,"COMMON_ACS":60000000000,"CURRENTDEBT_DEBT":62.728069336716,"ISSUED_COMMON_SHARES":5037616668,"HK_COMMON_SHARES":5037616668,"PER_SHARES":2000,"TOTAL_MARKET_CAP":60652904682.72,"HKSK_MARKET_CAP":60652904682.72,"PE_TTM":6.20143617798,"PB_TTM":0.934854110906,"REPORT_DATE_SQ":"2021-06-30 00:00:00","REPORT_TYPE_SQ":"2021年中报","OPERATE_INCOME_SQ":30263571695.04,"DPS_HKD":0.615,"OPERATE_INCOME_QOQ_SQ":8.913041286493,"NET_PROFIT_RATIO_SQ":10.4424713456,"HOLDER_PROFIT_SQ":2912447248.08,"HOLDER_PROFIT_QOQ_SQ":5.249194040615,"ROE_AVG_SQ":6.917465804656,"PE_TTM_SQ":5.048461772407,"PB_TTM_SQ":0.735511162456,"ROA_SQ":1.822371261185,"START_DATE":"2022-01-01 00:00:00","FISCAL_YEAR":"12-31","CURRENCY":"HKD","IS_CNY_CODE":0,"DPS_HKD_LY":0.445,"ORG_TYPE":"一般企业","PREMIUM_INCOME":null,"PREMIUM_INCOME_YOY":null,"NET_INTEREST_INCOME":null,"NET_INTEREST_INCOME_YOY":null,"FEE_COMMISSION_INCOME":null,"FEE_COMMISSION_INCOME_YOY":null,"ACCOUNTS_RECE_TDAYS":0.940981693917,"INVENTORY_TDAYS":5.629282042298,"CURRENT_ASSETS_TDAYS":0.46218586917,"TOTAL_ASSETS_TDAYS":0.244553640002,"PREMIUM_EXPENSE":null,"LOAN_DEPOSIT":null,"LOAN_EQUITY":null,"LOAN_ASSETS":null,"DEPOSIT_EQUITY":null,"DEPOSIT_ASSETS":null,"EQUITY_MULTIPLIER":3.324255306708,"EQUITY_RATIO":2.737947222783},{"SECUCODE":"03311.HK","SECURITY_CODE":"03311","SECURITY_NAME_ABBR":"中国建筑国际","ORG_CODE":"10010628","STD_REPORT_DATE":"2021-12-31 00:00:00","REPORT_DATE":"2021-12-31 00:00:00","DATE_TYPE_CODE":"001","REPORT_TYPE":"2021年年报","PER_NETCASH_OPERATE":-0.08950658395,"PER_OI":12.547270777452,"BPS":9.16115447949,"BASIC_EPS":1.10376,"DILUTED_EPS":1.10376,"OPERATE_INCOME":63208340406.4,"OPERATE_INCOME_YOY":23.7785437573,"GROSS_PROFIT":9797090676.8,"GROSS_PROFIT_YOY":25.37997832641,"HOLDER_PROFIT":5560398670.4,"HOLDER_PROFIT_YOY":13.0584030769,"GROSS_PROFIT_RATIO":15.499680285559,"EPS_TTM":1.103775661559,"OPERATE_INCOME_QOQ":10.402777283154,"NET_PROFIT_RATIO":9.6183173286,"ROE_AVG":12.887782699969,"GROSS_PROFIT_QOQ":19.653709222105,"ROA":3.349396934809,"HOLDER_PROFIT_QOQ":4.351472823604,"ROE_YEARLY":12.887782699969,"ROIC_YEARLY":3.997259621418,"TOTAL_ASSETS":179286945880,"TOTAL_LIABILITIES":125148522710.4,"TAX_EBT":20.769920400018,"OCF_SALES":-0.713355003946,"TOTAL_PARENT_EQUITY":46150384504,"DEBT_ASSET_RATIO":69.8034773788,"OPERATE_PROFIT":8912924137.6,"PRETAX_PROFIT":7673321532.8,"NETCASH_OPERATE":-450899859.2,"NETCASH_INVEST":-4037005470.4,"NETCASH_FINANCE":5693466340.8,"END_CASH":19900278529.6,"DIVI_RATIO":0.506857615623,"DIVIDEND_RATE":5.107973421927,"CURRENT_RATIO":1.226365700137,"COMMON_ACS":60000000000,"CURRENTDEBT_DEBT":60.706584336282,"ISSUED_COMMON_SHARES":5037616668,"HK_COMMON_SHARES":5037616668,"PER_SHARES":2000,"TOTAL_MARKET_CAP":60652904682.72,"HKSK_MARKET_CAP":60652904682.72,"PE_TTM":6.20143617798,"PB_TTM":0.934854110906,"REPORT_DATE_SQ":"2020-12-31 00:00:00","REPORT_TYPE_SQ":"2020年年报","OPERATE_INCOME_SQ":52567158694.76,"DPS_HKD":0.615,"OPERATE_INCOME_QOQ_SQ":-7.113128275853,"NET_PROFIT_RATIO_SQ":10.3816533761,"HOLDER_PROFIT_SQ":5062774323.52,"HOLDER_PROFIT_QOQ_SQ":1.693557471437,"ROE_AVG_SQ":13.185532302994,"PE_TTM_SQ":5.048461772407,"PB_TTM_SQ":0.735511162456,"ROA_SQ":3.454772996677,"START_DATE":"2021-01-01 00:00:00","FISCAL_YEAR":"12-31","CURRENCY":"HKD","IS_CNY_CODE":0,"DPS_HKD_LY":0.39,"ORG_TYPE":"一般企业","PREMIUM_INCOME":null,"PREMIUM_INCOME_YOY":null,"NET_INTEREST_INCOME":null,"NET_INTEREST_INCOME_YOY":null,"FEE_COMMISSION_INCOME":null,"FEE_COMMISSION_INCOME_YOY":null,"ACCOUNTS_RECE_TDAYS":1.587467612655,"INVENTORY_TDAYS":9.273693092634,"CURRENT_ASSETS_TDAYS":0.765578374722,"TOTAL_ASSETS_TDAYS":0.380745759722,"PREMIUM_EXPENSE":null,"LOAN_DEPOSIT":null,"LOAN_EQUITY":null,"LOAN_ASSETS":null,"DEPOSIT_EQUITY":null,"DEPOSIT_ASSETS":null,"EQUITY_MULTIPLIER":3.311639596865,"EQUITY_RATIO":2.71175471354},{"SECUCODE":"03311.HK","SECURITY_CODE":"03311","SECURITY_NAME_ABBR":"中国建筑国际","ORG_CODE":"10010628","STD_REPORT_DATE":"2021-06-30 00:00:00","REPORT_DATE":"2021-06-30 00:00:00","DATE_TYPE_CODE":"002","REPORT_TYPE":"2021年中报","PER_NETCASH_OPERATE":-0.160428576286,"PER_OI":6.007517778651,"BPS":8.606384437427,"BASIC_EPS":0.577629936,"DILUTED_EPS":0.577629936,"OPERATE_INCOME":30263571695.04,"OPERATE_INCOME_YOY":29.8866395775,"GROSS_PROFIT":5003272077.6,"GROSS_PROFIT_YOY":8.077876468303,"HOLDER_PROFIT":2912447248.08,"HOLDER_PROFIT_YOY":20.8007247627,"GROSS_PROFIT_RATIO":16.532325159822,"EPS_TTM":1.057748042928,"OPERATE_INCOME_QOQ":8.913041286493,"NET_PROFIT_RATIO":10.4424713456,"ROE_AVG":6.917465804656,"GROSS_PROFIT_QOQ":4.785701288772,"ROA":1.822371261185,"HOLDER_PROFIT_QOQ":5.249194040615,"ROE_YEARLY":13.834931609313,"ROIC_YEARLY":4.391192954567,"TOTAL_ASSETS":164190749318.16,"TOTAL_LIABILITIES":109740555762,"TAX_EBT":20.920488240295,"OCF_SALES":-2.670463612371,"TOTAL_PARENT_EQUITY":43355665693.2,"DEBT_ASSET_RATIO":66.8372342642,"OPERATE_PROFIT":4497898304.64,"PRETAX_PROFIT":3996312991.92,"NETCASH_OPERATE":-808177669.92,"NETCASH_INVEST":-1850583363.6,"NETCASH_FINANCE":817477828.08,"END_CASH":16886709133.92,"DIVI_RATIO":0.528913387021,"DIVIDEND_RATE":5.107973421927,"CURRENT_RATIO":1.186302186341,"COMMON_ACS":60000000000,"CURRENTDEBT_DEBT":60.469281189715,"ISSUED_COMMON_SHARES":5037616668,"HK_COMMON_SHARES":5037616668,"PER_SHARES":2000,"TOTAL_MARKET_CAP":60652904682.72,"HKSK_MARKET_CAP":60652904682.72,"PE_TTM":6.20143617798,"PB_TTM":0.934854110906,"REPORT_DATE_SQ":"2020-06-30 00:00:00","REPORT_TYPE_SQ":"2020年中报","OPERATE_INCOME_SQ":25578239137.44,"DPS_HKD":0.615,"OPERATE_INCOME_QOQ_SQ":2.444140767432,"NET_PROFIT_RATIO_SQ":11.2399637441,"HOLDER_PROFIT_SQ":2646692400,"HOLDER_PROFIT_QOQ_SQ":2.668933786793,"ROE_AVG_SQ":6.77211668426,"PE_TTM_SQ":5.048461772407,"PB_TTM_SQ":0.735511162456,"ROA_SQ":1.755035452625,"START_DATE":"2021-01-01 00:00:00","FISCAL_YEAR":"12-31","CURRENCY":"HKD","IS_CNY_CODE":0,"DPS_HKD_LY":0.39,"ORG_TYPE":"一般企业","PREMIUM_INCOME":null,"PREMIUM_INCOME_YOY":null,"NET_INTEREST_INCOME":null,"NET_INTEREST_INCOME_YOY":null,"FEE_COMMISSION_INCOME":null,"FEE_COMMISSION_INCOME_YOY":null,"ACCOUNTS_RECE_TDAYS":0.858358777874,"INVENTORY_TDAYS":4.68118494139,"CURRENT_ASSETS_TDAYS":0.398333009046,"TOTAL_ASSETS_TDAYS":0.189364677263,"PREMIUM_EXPENSE":null,"LOAN_DEPOSIT":null,"LOAN_EQUITY":null,"LOAN_ASSETS":null,"DEPOSIT_EQUITY":null,"DEPOSIT_ASSETS":null,"EQUITY_MULTIPLIER":3.015430039722,"EQUITY_RATIO":2.531169894578},{"SECUCODE":"03311.HK","SECURITY_CODE":"03311","SECURITY_NAME_ABBR":"中国建筑国际","ORG_CODE":"10010628","STD_REPORT_DATE":"2020-12-31 00:00:00","REPORT_DATE":"2020-12-31 00:00:00","DATE_TYPE_CODE":"001","REPORT_TYPE":"2020年年报","PER_NETCASH_OPERATE":-0.75537021485,"PER_OI":10.411076968143,"BPS":8.202149284567,"BASIC_EPS":1.002729896,"DILUTED_EPS":1.002729896,"OPERATE_INCOME":52567158694.76,"OPERATE_INCOME_YOY":1.2783121715,"GROSS_PROFIT":7813919580.76,"GROSS_PROFIT_YOY":-5.550945004668,"HOLDER_PROFIT":5062774323.52,"HOLDER_PROFIT_YOY":11.1239028687,"GROSS_PROFIT_RATIO":14.864641298444,"EPS_TTM":1.002697015842,"OPERATE_INCOME_QOQ":-7.113128275853,"NET_PROFIT_RATIO":10.3816533761,"ROE_AVG":13.185532302994,"GROSS_PROFIT_QOQ":-13.887241131645,"ROA":3.454772996677,"HOLDER_PROFIT_QOQ":1.693557471437,"ROE_YEARLY":13.185532302994,"ROIC_YEARLY":4.21818706546,"TOTAL_ASSETS":157227868423.48,"TOTAL_LIABILITIES":108177470486.4,"TAX_EBT":21.351290245735,"OCF_SALES":-7.255447415879,"TOTAL_PARENT_EQUITY":41319283949.36,"DEBT_ASSET_RATIO":68.8029873909,"OPERATE_PROFIT":7021745288.48,"PRETAX_PROFIT":6938880780.64,"NETCASH_OPERATE":-3813982557.12,"NETCASH_INVEST":273145845.6,"NETCASH_FINANCE":2424999657.56,"END_CASH":18862573929.96,"DIVI_RATIO":0.557952293825,"DIVIDEND_RATE":5.107973421927,"CURRENT_RATIO":1.100920693867,"COMMON_ACS":60000000000,"CURRENTDEBT_DEBT":62.194349474402,"ISSUED_COMMON_SHARES":5037616668,"HK_COMMON_SHARES":5037616668,"PER_SHARES":2000,"TOTAL_MARKET_CAP":60652904682.72,"HKSK_MARKET_CAP":60652904682.72,"PE_TTM":6.20143617798,"PB_TTM":0.934854110906,"REPORT_DATE_SQ":"2019-12-31 00:00:00","REPORT_TYPE_SQ":"2019年年报","OPERATE_INCOME_SQ":55242464158.84,"DPS_HKD":0.615,"OPERATE_INCOME_QOQ_SQ":10.231262385105,"NET_PROFIT_RATIO_SQ":9.2810278659,"HOLDER_PROFIT_SQ":4849043462.24,"HOLDER_PROFIT_QOQ_SQ":11.890597330825,"ROE_AVG_SQ":13.431854962185,"PE_TTM_SQ":5.048461772407,"PB_TTM_SQ":0.735511162456,"ROA_SQ":3.638568899704,"START_DATE":"2020-01-01 00:00:00","FISCAL_YEAR":"12-31","CURRENCY":"HKD","IS_CNY_CODE":0,"DPS_HKD_LY":0.33,"ORG_TYPE":"一般企业","PREMIUM_INCOME":null,"PREMIUM_INCOME_YOY":null,"NET_INTEREST_INCOME":null,"NET_INTEREST_INCOME_YOY":null,"FEE_COMMISSION_INCOME":null,"FEE_COMMISSION_INCOME_YOY":null,"ACCOUNTS_RECE_TDAYS":1.816654931669,"INVENTORY_TDAYS":10.698616131488,"CURRENT_ASSETS_TDAYS":0.763981119744,"TOTAL_ASSETS_TDAYS":0.358711624824,"PREMIUM_EXPENSE":null,"LOAN_DEPOSIT":null,"LOAN_EQUITY":null,"LOAN_ASSETS":null,"DEPOSIT_EQUITY":null,"DEPOSIT_ASSETS":null,"EQUITY_MULTIPLIER":3.205435124606,"EQUITY_RATIO":2.618086765951},{"SECUCODE":"03311.HK","SECURITY_CODE":"03311","SECURITY_NAME_ABBR":"中国建筑国际","ORG_CODE":"10010628","STD_REPORT_DATE":"2020-06-30 00:00:00","REPORT_DATE":"2020-06-30 00:00:00","DATE_TYPE_CODE":"002","REPORT_TYPE":"2020年中报","PER_NETCASH_OPERATE":-0.909888446345,"PER_OI":5.065843826861,"BPS":7.873680056738,"BASIC_EPS":0.524223216,"DILUTED_EPS":0.524223216,"OPERATE_INCOME":25578239137.44,"OPERATE_INCOME_YOY":1.6686974676,"GROSS_PROFIT":4629321227.52,"GROSS_PROFIT_YOY":20.919772332981,"HOLDER_PROFIT":2646692400,"HOLDER_PROFIT_YOY":1.252950663,"GROSS_PROFIT_RATIO":18.098670524758,"EPS_TTM":0.985998563501,"OPERATE_INCOME_QOQ":2.444140767432,"NET_PROFIT_RATIO":11.2399637441,"ROE_AVG":6.77211668426,"GROSS_PROFIT_QOQ":9.680674776336,"ROA":1.755035452625,"HOLDER_PROFIT_QOQ":2.668933786793,"ROE_YEARLY":13.54423336852,"ROIC_YEARLY":4.350812490395,"TOTAL_ASSETS":154160224738.08,"TOTAL_LIABILITIES":106376020792.8,"TAX_EBT":20.293509118029,"OCF_SALES":-17.961241551125,"TOTAL_PARENT_EQUITY":39664581892.32,"DEBT_ASSET_RATIO":69.0035454823,"OPERATE_PROFIT":4248323576.64,"PRETAX_PROFIT":3606964468.8,"NETCASH_OPERATE":-4594169316,"NETCASH_INVEST":-1261682605.92,"NETCASH_FINANCE":6859516044.48,"END_CASH":21472385711.04,"DIVI_RATIO":0.567401536584,"DIVIDEND_RATE":5.107973421927,"CURRENT_RATIO":1.210729874365,"COMMON_ACS":60000000000,"CURRENTDEBT_DEBT":58.459579261766,"ISSUED_COMMON_SHARES":5037616668,"HK_COMMON_SHARES":5037616668,"PER_SHARES":2000,"TOTAL_MARKET_CAP":60652904682.72,"HKSK_MARKET_CAP":60652904682.72,"PE_TTM":6.20143617798,"PB_TTM":0.934854110906,"REPORT_DATE_SQ":"2019-06-30 00:00:00","REPORT_TYPE_SQ":"2019年中报","OPERATE_INCOME_SQ":24228035550,"DPS_HKD":0.615,"OPERATE_INCOME_QOQ_SQ":2.821706582559,"NET_PROFIT_RATIO_SQ":10.9458763729,"HOLDER_PROFIT_SQ":2517274640.7,"HOLDER_PROFIT_QOQ_SQ":9.908793000458,"ROE_AVG_SQ":7.228737650259,"PE_TTM_SQ":5.048461772407,"PB_TTM_SQ":0.735511162456,"ROA_SQ":2.024330111466,"START_DATE":"2020-01-01 00:00:00","FISCAL_YEAR":"12-31","CURRENCY":"HKD","IS_CNY_CODE":0,"DPS_HKD_LY":0.33,"ORG_TYPE":"一般企业","PREMIUM_INCOME":null,"PREMIUM_INCOME_YOY":null,"NET_INTEREST_INCOME":null,"NET_INTEREST_INCOME_YOY":null,"FEE_COMMISSION_INCOME":null,"FEE_COMMISSION_INCOME_YOY":null,"ACCOUNTS_RECE_TDAYS":0.899525829657,"INVENTORY_TDAYS":5.703797197928,"CURRENT_ASSETS_TDAYS":0.35462283268,"TOTAL_ASSETS_TDAYS":0.169610629864,"PREMIUM_EXPENSE":null,"LOAN_DEPOSIT":null,"LOAN_EQUITY":null,"LOAN_ASSETS":null,"DEPOSIT_EQUITY":null,"DEPOSIT_ASSETS":null,"EQUITY_MULTIPLIER":3.226175430577,"EQUITY_RATIO":2.68188937631}],"count":43},"success":true,"message":"ok","code":0}