{"version":"37110243e71b88de82c5bd55d0cba8bd","result":{"pages":3,"data":[{"SECUCODE":"03315.HK","SECURITY_CODE":"03315","SECURITY_NAME_ABBR":"金邦达宝嘉","ORG_CODE":"10354202","STD_REPORT_DATE":"2024-06-30 00:00:00","REPORT_DATE":"2024-06-30 00:00:00","DATE_TYPE_CODE":"002","REPORT_TYPE":"2024年中报","PER_NETCASH_OPERATE":0.278737307977,"PER_OI":0.662659013247,"BPS":2.477401451615,"BASIC_EPS":0.038,"DILUTED_EPS":0.038,"OPERATE_INCOME":542012000,"OPERATE_INCOME_YOY":-27.3329364888,"GROSS_PROFIT":132310000,"GROSS_PROFIT_YOY":-37.155939336079,"HOLDER_PROFIT":31144000,"HOLDER_PROFIT_YOY":-58.6911251708,"GROSS_PROFIT_RATIO":24.41089865169,"EPS_TTM":0.107345938247,"OPERATE_INCOME_QOQ":-14.391916265522,"NET_PROFIT_RATIO":5.6220157487,"ROE_AVG":1.528580014248,"GROSS_PROFIT_QOQ":-18.623170464609,"ROA":1.207209924053,"HOLDER_PROFIT_QOQ":-33.509023028981,"ROE_YEARLY":3.057160028496,"ROIC_YEARLY":3.814697375895,"TOTAL_ASSETS":2465759000,"TOTAL_LIABILITIES":461711000,"TAX_EBT":3.257349672995,"OCF_SALES":42.063459849597,"TOTAL_PARENT_EQUITY":2001562000,"DEBT_ASSET_RATIO":18.724903772,"OPERATE_PROFIT":30632000,"PRETAX_PROFIT":31498000,"NETCASH_OPERATE":227989000,"NETCASH_INVEST":-216000000,"NETCASH_FINANCE":-124309000,"END_CASH":292676000,"DIVI_RATIO":0.337682082732,"DIVIDEND_RATE":3.921568627451,"CURRENT_RATIO":4.076606507481,"COMMON_ACS":null,"CURRENTDEBT_DEBT":90.941303109521,"ISSUED_COMMON_SHARES":807928000,"HK_COMMON_SHARES":807928000,"PER_SHARES":1000,"TOTAL_MARKET_CAP":824086560,"HKSK_MARKET_CAP":824086560,"PE_TTM":8.403298999195,"PB_TTM":0.375770184276,"REPORT_DATE_SQ":"2023-06-30 00:00:00","REPORT_TYPE_SQ":"2023年中报","OPERATE_INCOME_SQ":745884000,"DPS_HKD":0.04,"OPERATE_INCOME_QOQ_SQ":2.38294240618,"NET_PROFIT_RATIO_SQ":11.4783263886,"HOLDER_PROFIT_SQ":75393000,"HOLDER_PROFIT_QOQ_SQ":-0.253006572744,"ROE_AVG_SQ":3.699520048206,"PE_TTM_SQ":7.614608025175,"PB_TTM_SQ":0.55019111666,"ROA_SQ":2.693708677298,"START_DATE":"2024-01-01 00:00:00","FISCAL_YEAR":"12-31","CURRENCY":"HKD","IS_CNY_CODE":0,"DPS_HKD_LY":0.04,"ORG_TYPE":"一般企业","PREMIUM_INCOME":null,"PREMIUM_INCOME_YOY":null,"NET_INTEREST_INCOME":null,"NET_INTEREST_INCOME_YOY":null,"FEE_COMMISSION_INCOME":null,"FEE_COMMISSION_INCOME_YOY":null,"ACCOUNTS_RECE_TDAYS":1.52341281887,"INVENTORY_TDAYS":1.434962908999,"CURRENT_ASSETS_TDAYS":0.295812786306,"TOTAL_ASSETS_TDAYS":0.210095769765,"PREMIUM_EXPENSE":null,"LOAN_DEPOSIT":null,"LOAN_EQUITY":null,"LOAN_ASSETS":null,"DEPOSIT_EQUITY":null,"DEPOSIT_ASSETS":null,"EQUITY_MULTIPLIER":1.230389192274,"EQUITY_RATIO":0.230675342557},{"SECUCODE":"03315.HK","SECURITY_CODE":"03315","SECURITY_NAME_ABBR":"金邦达宝嘉","ORG_CODE":"10354202","STD_REPORT_DATE":"2023-12-31 00:00:00","REPORT_DATE":"2023-12-31 00:00:00","DATE_TYPE_CODE":"001","REPORT_TYPE":"2023年年报","PER_NETCASH_OPERATE":0.299233629055,"PER_OI":1.728419660386,"BPS":2.566232387044,"BASIC_EPS":0.163,"DILUTED_EPS":0.163,"OPERATE_INCOME":1416573000,"OPERATE_INCOME_YOY":-7.4287159427,"GROSS_PROFIT":420052000,"GROSS_PROFIT_YOY":4.196102555961,"HOLDER_PROFIT":132051000,"HOLDER_PROFIT_YOY":-10.4295685322,"GROSS_PROFIT_RATIO":29.652689977855,"EPS_TTM":0.161120919694,"OPERATE_INCOME_QOQ":-9.583293972871,"NET_PROFIT_RATIO":10.6711761413,"ROE_AVG":6.394325194371,"GROSS_PROFIT_QOQ":-1.251134295937,"ROA":4.795085628215,"HOLDER_PROFIT_QOQ":-10.202374637888,"ROE_YEARLY":6.394325194371,"ROIC_YEARLY":7.761706539769,"TOTAL_ASSETS":2693907000,"TOTAL_LIABILITIES":598836000,"TAX_EBT":12.990047947137,"OCF_SALES":17.312556430202,"TOTAL_PARENT_EQUITY":2073331000,"DEBT_ASSET_RATIO":22.2292751754,"OPERATE_PROFIT":171468000,"PRETAX_PROFIT":173733000,"NETCASH_OPERATE":245245000,"NETCASH_INVEST":-292979000,"NETCASH_FINANCE":-179777000,"END_CASH":404550000,"DIVI_RATIO":0.224978854818,"DIVIDEND_RATE":4,"CURRENT_RATIO":3.524651884741,"COMMON_ACS":null,"CURRENTDEBT_DEBT":92.521992665772,"ISSUED_COMMON_SHARES":807928000,"HK_COMMON_SHARES":807928000,"PER_SHARES":1000,"TOTAL_MARKET_CAP":807928000,"HKSK_MARKET_CAP":807928000,"PE_TTM":8.238528430583,"PB_TTM":0.368402141448,"REPORT_DATE_SQ":"2022-12-31 00:00:00","REPORT_TYPE_SQ":"2022年年报","OPERATE_INCOME_SQ":1530251000,"DPS_HKD":0.04,"OPERATE_INCOME_QOQ_SQ":4.364588697055,"NET_PROFIT_RATIO_SQ":10.5197774744,"HOLDER_PROFIT_SQ":147427000,"HOLDER_PROFIT_QOQ_SQ":1.743961352657,"ROE_AVG_SQ":7.254665952815,"PE_TTM_SQ":7.511007915989,"PB_TTM_SQ":0.542705523236,"ROA_SQ":5.436277222962,"START_DATE":"2023-01-01 00:00:00","FISCAL_YEAR":"12-31","CURRENCY":"HKD","IS_CNY_CODE":0,"DPS_HKD_LY":0.04,"ORG_TYPE":"一般企业","PREMIUM_INCOME":null,"PREMIUM_INCOME_YOY":null,"NET_INTEREST_INCOME":null,"NET_INTEREST_INCOME_YOY":null,"FEE_COMMISSION_INCOME":null,"FEE_COMMISSION_INCOME_YOY":null,"ACCOUNTS_RECE_TDAYS":4.220280433834,"INVENTORY_TDAYS":3.000674497665,"CURRENT_ASSETS_TDAYS":0.75112563619,"TOTAL_ASSETS_TDAYS":0.514391321052,"PREMIUM_EXPENSE":null,"LOAN_DEPOSIT":null,"LOAN_EQUITY":null,"LOAN_ASSETS":null,"DEPOSIT_EQUITY":null,"DEPOSIT_ASSETS":null,"EQUITY_MULTIPLIER":1.285830885922,"EQUITY_RATIO":0.288827977781},{"SECUCODE":"03315.HK","SECURITY_CODE":"03315","SECURITY_NAME_ABBR":"金邦达宝嘉","ORG_CODE":"10354202","STD_REPORT_DATE":"2023-06-30 00:00:00","REPORT_DATE":"2023-06-30 00:00:00","DATE_TYPE_CODE":"002","REPORT_TYPE":"2023年中报","PER_NETCASH_OPERATE":-0.046349519325,"PER_OI":0.910084104361,"BPS":2.498862522403,"BASIC_EPS":0.093,"DILUTED_EPS":0.093,"OPERATE_INCOME":745884000,"OPERATE_INCOME_YOY":5.1401217052,"GROSS_PROFIT":210537000,"GROSS_PROFIT_YOY":11.809940573237,"HOLDER_PROFIT":75393000,"HOLDER_PROFIT_YOY":-0.4923052557,"GROSS_PROFIT_RATIO":28.226507070805,"EPS_TTM":0.179426704263,"OPERATE_INCOME_QOQ":2.38294240618,"NET_PROFIT_RATIO":11.4783263886,"ROE_AVG":3.699520048206,"GROSS_PROFIT_QOQ":5.516252579775,"ROA":2.693708677298,"HOLDER_PROFIT_QOQ":-0.253006572744,"ROE_YEARLY":7.399040096412,"ROIC_YEARLY":8.191114043334,"TOTAL_ASSETS":2783853000,"TOTAL_LIABILITIES":741092000,"TAX_EBT":11.01699319233,"OCF_SALES":-5.092883075653,"TOTAL_PARENT_EQUITY":2018901000,"DEBT_ASSET_RATIO":26.6210895475,"OPERATE_PROFIT":95153000,"PRETAX_PROFIT":96215000,"NETCASH_OPERATE":-37987000,"NETCASH_INVEST":-71934000,"NETCASH_FINANCE":-162614000,"END_CASH":362737000,"DIVI_RATIO":0.202025669194,"DIVIDEND_RATE":4,"CURRENT_RATIO":2.975585913912,"COMMON_ACS":null,"CURRENTDEBT_DEBT":94.969990230633,"ISSUED_COMMON_SHARES":807928000,"HK_COMMON_SHARES":807928000,"PER_SHARES":1000,"TOTAL_MARKET_CAP":807928000,"HKSK_MARKET_CAP":807928000,"PE_TTM":8.238528430583,"PB_TTM":0.368402141448,"REPORT_DATE_SQ":"2022-06-30 00:00:00","REPORT_TYPE_SQ":"2022年中报","OPERATE_INCOME_SQ":709419000,"DPS_HKD":0.04,"OPERATE_INCOME_QOQ_SQ":6.518665856898,"NET_PROFIT_RATIO_SQ":11.0604593336,"HOLDER_PROFIT_SQ":75766000,"HOLDER_PROFIT_QOQ_SQ":4.860186418109,"ROE_AVG_SQ":3.79081805089,"PE_TTM_SQ":7.511007915989,"PB_TTM_SQ":0.542705523236,"ROA_SQ":2.801533400075,"START_DATE":"2023-01-01 00:00:00","FISCAL_YEAR":"12-31","CURRENCY":"HKD","IS_CNY_CODE":0,"DPS_HKD_LY":0.04,"ORG_TYPE":"一般企业","PREMIUM_INCOME":null,"PREMIUM_INCOME_YOY":null,"NET_INTEREST_INCOME":null,"NET_INTEREST_INCOME_YOY":null,"FEE_COMMISSION_INCOME":null,"FEE_COMMISSION_INCOME_YOY":null,"ACCOUNTS_RECE_TDAYS":1.72382999376,"INVENTORY_TDAYS":1.472969273416,"CURRENT_ASSETS_TDAYS":0.381206753009,"TOTAL_ASSETS_TDAYS":0.266496120735,"PREMIUM_EXPENSE":null,"LOAN_DEPOSIT":null,"LOAN_EQUITY":null,"LOAN_ASSETS":null,"DEPOSIT_EQUITY":null,"DEPOSIT_ASSETS":null,"EQUITY_MULTIPLIER":1.362789381627,"EQUITY_RATIO":0.367076939384},{"SECUCODE":"03315.HK","SECURITY_CODE":"03315","SECURITY_NAME_ABBR":"金邦达宝嘉","ORG_CODE":"10354202","STD_REPORT_DATE":"2022-12-31 00:00:00","REPORT_DATE":"2022-12-31 00:00:00","DATE_TYPE_CODE":"001","REPORT_TYPE":"2022年年报","PER_NETCASH_OPERATE":0.042848933047,"PER_OI":1.867122918286,"BPS":2.54592612213,"BASIC_EPS":0.181,"DILUTED_EPS":0.181,"OPERATE_INCOME":1530251000,"OPERATE_INCOME_YOY":11.1677675071,"GROSS_PROFIT":403136000,"GROSS_PROFIT_YOY":-0.24892240846,"HOLDER_PROFIT":147427000,"HOLDER_PROFIT_YOY":6.6889075436,"GROSS_PROFIT_RATIO":26.344436304894,"EPS_TTM":0.179881817084,"OPERATE_INCOME_QOQ":4.364588697055,"NET_PROFIT_RATIO":10.5197774744,"ROE_AVG":7.254665952815,"GROSS_PROFIT_QOQ":0.093355844672,"ROA":5.436277222962,"HOLDER_PROFIT_QOQ":1.743961352657,"ROE_YEARLY":7.254665952815,"ROIC_YEARLY":8.419879727426,"TOTAL_ASSETS":2813857000,"TOTAL_LIABILITIES":743294000,"TAX_EBT":1.883951971719,"OCF_SALES":2.29491763116,"TOTAL_PARENT_EQUITY":2056925000,"DEBT_ASSET_RATIO":26.4154859327,"OPERATE_PROFIT":172569000,"PRETAX_PROFIT":164070000,"NETCASH_OPERATE":35118000,"NETCASH_INVEST":337012000,"NETCASH_FINANCE":-68853000,"END_CASH":627594000,"DIVI_RATIO":0.201514530972,"DIVIDEND_RATE":4,"CURRENT_RATIO":2.573207753223,"COMMON_ACS":null,"CURRENTDEBT_DEBT":95.104494318534,"ISSUED_COMMON_SHARES":807928000,"HK_COMMON_SHARES":807928000,"PER_SHARES":1000,"TOTAL_MARKET_CAP":807928000,"HKSK_MARKET_CAP":807928000,"PE_TTM":8.238528430583,"PB_TTM":0.368402141448,"REPORT_DATE_SQ":"2021-12-31 00:00:00","REPORT_TYPE_SQ":"2021年年报","OPERATE_INCOME_SQ":1376524000,"DPS_HKD":0.04,"OPERATE_INCOME_QOQ_SQ":2.029888714127,"NET_PROFIT_RATIO_SQ":10.0216923207,"HOLDER_PROFIT_SQ":138184000,"HOLDER_PROFIT_QOQ_SQ":4.186803990017,"ROE_AVG_SQ":6.90312524978,"PE_TTM_SQ":7.511007915989,"PB_TTM_SQ":0.542705523236,"ROA_SQ":5.327855262965,"START_DATE":"2022-01-01 00:00:00","FISCAL_YEAR":"12-31","CURRENCY":"HKD","IS_CNY_CODE":0,"DPS_HKD_LY":0.04,"ORG_TYPE":"一般企业","PREMIUM_INCOME":null,"PREMIUM_INCOME_YOY":null,"NET_INTEREST_INCOME":null,"NET_INTEREST_INCOME_YOY":null,"FEE_COMMISSION_INCOME":null,"FEE_COMMISSION_INCOME_YOY":null,"ACCOUNTS_RECE_TDAYS":4.483194440579,"INVENTORY_TDAYS":3.47049151556,"CURRENT_ASSETS_TDAYS":0.849146650486,"TOTAL_ASSETS_TDAYS":0.56427036138,"PREMIUM_EXPENSE":null,"LOAN_DEPOSIT":null,"LOAN_EQUITY":null,"LOAN_ASSETS":null,"DEPOSIT_EQUITY":null,"DEPOSIT_ASSETS":null,"EQUITY_MULTIPLIER":1.358981590998,"EQUITY_RATIO":0.361361741434},{"SECUCODE":"03315.HK","SECURITY_CODE":"03315","SECURITY_NAME_ABBR":"金邦达宝嘉","ORG_CODE":"10354202","STD_REPORT_DATE":"2022-06-30 00:00:00","REPORT_DATE":"2022-06-30 00:00:00","DATE_TYPE_CODE":"002","REPORT_TYPE":"2022年中报","PER_NETCASH_OPERATE":-0.332045578283,"PER_OI":0.860224011175,"BPS":2.463006604549,"BASIC_EPS":0.093,"DILUTED_EPS":0.093,"OPERATE_INCOME":709419000,"OPERATE_INCOME_YOY":14.4800286596,"GROSS_PROFIT":188299000,"GROSS_PROFIT_YOY":-0.72859168815,"HOLDER_PROFIT":75766000,"HOLDER_PROFIT_YOY":9.7262853005,"GROSS_PROFIT_RATIO":26.542706073562,"EPS_TTM":0.175702172086,"OPERATE_INCOME_QOQ":6.518665856898,"NET_PROFIT_RATIO":11.0604593336,"ROE_AVG":3.79081805089,"GROSS_PROFIT_QOQ":-0.341959014406,"ROA":2.801533400075,"HOLDER_PROFIT_QOQ":4.860186418109,"ROE_YEARLY":7.581636101781,"ROIC_YEARLY":8.242631406171,"TOTAL_ASSETS":2798930000,"TOTAL_LIABILITIES":806213000,"TAX_EBT":8.705364934204,"OCF_SALES":-38.599896535052,"TOTAL_PARENT_EQUITY":1989932000,"DEBT_ASSET_RATIO":28.8043287971,"OPERATE_PROFIT":95029000,"PRETAX_PROFIT":85947000,"NETCASH_OPERATE":-273835000,"NETCASH_INVEST":183472000,"NETCASH_FINANCE":42465000,"END_CASH":270281000,"DIVI_RATIO":0.206308206493,"DIVIDEND_RATE":4,"CURRENT_RATIO":2.402976290785,"COMMON_ACS":null,"CURRENTDEBT_DEBT":95.685631464638,"ISSUED_COMMON_SHARES":807928000,"HK_COMMON_SHARES":807928000,"PER_SHARES":1000,"TOTAL_MARKET_CAP":807928000,"HKSK_MARKET_CAP":807928000,"PE_TTM":8.238528430583,"PB_TTM":0.368402141448,"REPORT_DATE_SQ":"2021-06-30 00:00:00","REPORT_TYPE_SQ":"2021年中报","OPERATE_INCOME_SQ":619688000,"DPS_HKD":0.04,"OPERATE_INCOME_QOQ_SQ":5.244936629371,"NET_PROFIT_RATIO_SQ":11.0316804586,"HOLDER_PROFIT_SQ":69050000,"HOLDER_PROFIT_QOQ_SQ":-8.947928466001,"ROE_AVG_SQ":3.482377932063,"PE_TTM_SQ":7.511007915989,"PB_TTM_SQ":0.542705523236,"ROA_SQ":2.701286426535,"START_DATE":"2022-01-01 00:00:00","FISCAL_YEAR":"12-31","CURRENCY":"HKD","IS_CNY_CODE":0,"DPS_HKD_LY":0.04,"ORG_TYPE":"一般企业","PREMIUM_INCOME":null,"PREMIUM_INCOME_YOY":null,"NET_INTEREST_INCOME":null,"NET_INTEREST_INCOME_YOY":null,"FEE_COMMISSION_INCOME":null,"FEE_COMMISSION_INCOME_YOY":null,"ACCOUNTS_RECE_TDAYS":1.548415612081,"INVENTORY_TDAYS":1.641188438112,"CURRENT_ASSETS_TDAYS":0.38990623869,"TOTAL_ASSETS_TDAYS":0.262315685551,"PREMIUM_EXPENSE":null,"LOAN_DEPOSIT":null,"LOAN_EQUITY":null,"LOAN_ASSETS":null,"DEPOSIT_EQUITY":null,"DEPOSIT_ASSETS":null,"EQUITY_MULTIPLIER":1.404579777259,"EQUITY_RATIO":0.405146004989},{"SECUCODE":"03315.HK","SECURITY_CODE":"03315","SECURITY_NAME_ABBR":"金邦达宝嘉","ORG_CODE":"10354202","STD_REPORT_DATE":"2021-12-31 00:00:00","REPORT_DATE":"2021-12-31 00:00:00","DATE_TYPE_CODE":"001","REPORT_TYPE":"2021年年报","PER_NETCASH_OPERATE":-0.005736680334,"PER_OI":1.662458560033,"BPS":2.484640958105,"BASIC_EPS":0.168,"DILUTED_EPS":0.168,"OPERATE_INCOME":1376524000,"OPERATE_INCOME_YOY":7.3812917202,"GROSS_PROFIT":404142000,"GROSS_PROFIT_YOY":5.290005913969,"HOLDER_PROFIT":138184000,"HOLDER_PROFIT_YOY":-5.135756702,"GROSS_PROFIT_RATIO":29.359604336721,"EPS_TTM":0.166887881112,"OPERATE_INCOME_QOQ":2.029888714127,"NET_PROFIT_RATIO":10.0216923207,"ROE_AVG":6.90312524978,"GROSS_PROFIT_QOQ":-2.481269228449,"ROA":5.327855262965,"HOLDER_PROFIT_QOQ":4.186803990017,"ROE_YEARLY":6.90312524978,"ROIC_YEARLY":8.711275410303,"TOTAL_ASSETS":2609965000,"TOTAL_LIABILITIES":601360000,"TAX_EBT":10.964314988479,"OCF_SALES":-0.345072080109,"TOTAL_PARENT_EQUITY":2007411000,"DEBT_ASSET_RATIO":23.0409220047,"OPERATE_PROFIT":155722000,"PRETAX_PROFIT":154939000,"NETCASH_OPERATE":-4750000,"NETCASH_INVEST":74745000,"NETCASH_FINANCE":-130752000,"END_CASH":316744000,"DIVI_RATIO":0.217204507353,"DIVIDEND_RATE":4,"CURRENT_RATIO":3.150233109694,"COMMON_ACS":null,"CURRENTDEBT_DEBT":94.234069442597,"ISSUED_COMMON_SHARES":807928000,"HK_COMMON_SHARES":807928000,"PER_SHARES":1000,"TOTAL_MARKET_CAP":807928000,"HKSK_MARKET_CAP":807928000,"PE_TTM":8.238528430583,"PB_TTM":0.368402141448,"REPORT_DATE_SQ":"2020-12-31 00:00:00","REPORT_TYPE_SQ":"2020年年报","OPERATE_INCOME_SQ":1281903000,"DPS_HKD":0.04,"OPERATE_INCOME_QOQ_SQ":-2.515028802829,"NET_PROFIT_RATIO_SQ":11.3315906118,"HOLDER_PROFIT_SQ":145665000,"HOLDER_PROFIT_QOQ_SQ":-15.072558405289,"ROE_AVG_SQ":7.285652443893,"PE_TTM_SQ":7.511007915989,"PB_TTM_SQ":0.542705523236,"ROA_SQ":5.589074398402,"START_DATE":"2021-01-01 00:00:00","FISCAL_YEAR":"12-31","CURRENCY":"HKD","IS_CNY_CODE":0,"DPS_HKD_LY":0.065,"ORG_TYPE":"一般企业","PREMIUM_INCOME":null,"PREMIUM_INCOME_YOY":null,"NET_INTEREST_INCOME":null,"NET_INTEREST_INCOME_YOY":null,"FEE_COMMISSION_INCOME":null,"FEE_COMMISSION_INCOME_YOY":null,"ACCOUNTS_RECE_TDAYS":4.488287127987,"INVENTORY_TDAYS":4.074544936475,"CURRENT_ASSETS_TDAYS":0.723358827806,"TOTAL_ASSETS_TDAYS":0.530735876657,"PREMIUM_EXPENSE":null,"LOAN_DEPOSIT":null,"LOAN_EQUITY":null,"LOAN_ASSETS":null,"DEPOSIT_EQUITY":null,"DEPOSIT_ASSETS":null,"EQUITY_MULTIPLIER":1.299391866494,"EQUITY_RATIO":0.299569943574},{"SECUCODE":"03315.HK","SECURITY_CODE":"03315","SECURITY_NAME_ABBR":"金邦达宝嘉","ORG_CODE":"10354202","STD_REPORT_DATE":"2021-06-30 00:00:00","REPORT_DATE":"2021-06-30 00:00:00","DATE_TYPE_CODE":"002","REPORT_TYPE":"2021年中报","PER_NETCASH_OPERATE":-0.111580316258,"PER_OI":0.743422496974,"BPS":2.437806339179,"BASIC_EPS":0.084,"DILUTED_EPS":0.084,"OPERATE_INCOME":619688000,"OPERATE_INCOME_YOY":12.1702660679,"GROSS_PROFIT":189681000,"GROSS_PROFIT_YOY":19.226490166129,"HOLDER_PROFIT":69050000,"HOLDER_PROFIT_YOY":-15.8788558062,"GROSS_PROFIT_RATIO":30.60911297298,"EPS_TTM":0.159113730129,"OPERATE_INCOME_QOQ":5.244936629371,"NET_PROFIT_RATIO":11.0316804586,"ROE_AVG":3.482377932063,"GROSS_PROFIT_QOQ":7.969007677738,"ROA":2.701286426535,"HOLDER_PROFIT_QOQ":-8.947928466001,"ROE_YEARLY":6.964755864125,"ROIC_YEARLY":8.852053407175,"TOTAL_ASSETS":2535116000,"TOTAL_LIABILITIES":564805000,"TAX_EBT":12.232635768391,"OCF_SALES":-15.009004531313,"TOTAL_PARENT_EQUITY":1969572000,"DEBT_ASSET_RATIO":22.2792566494,"OPERATE_PROFIT":78313000,"PRETAX_PROFIT":77890000,"NETCASH_OPERATE":-93009000,"NETCASH_INVEST":174764000,"NETCASH_FINANCE":-97279000,"END_CASH":361209000,"DIVI_RATIO":0.227816920454,"DIVIDEND_RATE":4,"CURRENT_RATIO":3.318199111761,"COMMON_ACS":null,"CURRENTDEBT_DEBT":94.003771213074,"ISSUED_COMMON_SHARES":807928000,"HK_COMMON_SHARES":807928000,"PER_SHARES":1000,"TOTAL_MARKET_CAP":807928000,"HKSK_MARKET_CAP":807928000,"PE_TTM":8.238528430583,"PB_TTM":0.368402141448,"REPORT_DATE_SQ":"2020-06-30 00:00:00","REPORT_TYPE_SQ":"2020年中报","OPERATE_INCOME_SQ":552453000,"DPS_HKD":0.04,"OPERATE_INCOME_QOQ_SQ":-7.112558408946,"NET_PROFIT_RATIO_SQ":14.8427106016,"HOLDER_PROFIT_SQ":82084000,"HOLDER_PROFIT_QOQ_SQ":-3.166125617502,"ROE_AVG_SQ":4.144043946535,"PE_TTM_SQ":7.511007915989,"PB_TTM_SQ":0.542705523236,"ROA_SQ":3.200297557026,"START_DATE":"2021-01-01 00:00:00","FISCAL_YEAR":"12-31","CURRENCY":"HKD","IS_CNY_CODE":0,"DPS_HKD_LY":0.065,"ORG_TYPE":"一般企业","PREMIUM_INCOME":null,"PREMIUM_INCOME_YOY":null,"NET_INTEREST_INCOME":null,"NET_INTEREST_INCOME_YOY":null,"FEE_COMMISSION_INCOME":null,"FEE_COMMISSION_INCOME_YOY":null,"ACCOUNTS_RECE_TDAYS":1.86556081554,"INVENTORY_TDAYS":2.089796612641,"CURRENT_ASSETS_TDAYS":0.327661581478,"TOTAL_ASSETS_TDAYS":0.24242647112,"PREMIUM_EXPENSE":null,"LOAN_DEPOSIT":null,"LOAN_EQUITY":null,"LOAN_ASSETS":null,"DEPOSIT_EQUITY":null,"DEPOSIT_ASSETS":null,"EQUITY_MULTIPLIER":1.286657791587,"EQUITY_RATIO":0.286765348005},{"SECUCODE":"03315.HK","SECURITY_CODE":"03315","SECURITY_NAME_ABBR":"金邦达宝嘉","ORG_CODE":"10354202","STD_REPORT_DATE":"2020-12-31 00:00:00","REPORT_DATE":"2020-12-31 00:00:00","DATE_TYPE_CODE":"001","REPORT_TYPE":"2020年年报","PER_NETCASH_OPERATE":0.236862089277,"PER_OI":1.537863455704,"BPS":2.47065208781,"BASIC_EPS":0.176,"DILUTED_EPS":0.176,"OPERATE_INCOME":1281903000,"OPERATE_INCOME_YOY":-9.4487043192,"GROSS_PROFIT":383837000,"GROSS_PROFIT_YOY":-3.688248991308,"HOLDER_PROFIT":145665000,"HOLDER_PROFIT_YOY":-17.7614678899,"GROSS_PROFIT_RATIO":29.94274917837,"EPS_TTM":0.174750258229,"OPERATE_INCOME_QOQ":-2.515028802829,"NET_PROFIT_RATIO":11.3315906118,"ROE_AVG":7.285652443893,"GROSS_PROFIT_QOQ":3.341167981865,"ROA":5.589074398402,"HOLDER_PROFIT_QOQ":-15.072558405289,"ROE_YEARLY":7.285652443893,"ROIC_YEARLY":9.918434131425,"TOTAL_ASSETS":2577263000,"TOTAL_LIABILITIES":579727000,"TAX_EBT":14.170241429432,"OCF_SALES":15.402023398026,"TOTAL_PARENT_EQUITY":1996109000,"DEBT_ASSET_RATIO":22.4939014761,"OPERATE_PROFIT":168291000,"PRETAX_PROFIT":169242000,"NETCASH_OPERATE":197439000,"NETCASH_INVEST":-24336000,"NETCASH_FINANCE":-158527000,"END_CASH":376578000,"DIVI_RATIO":0.207432025379,"DIVIDEND_RATE":4,"CURRENT_RATIO":3.69685405263,"COMMON_ACS":null,"CURRENTDEBT_DEBT":94.287138601445,"ISSUED_COMMON_SHARES":807928000,"HK_COMMON_SHARES":807928000,"PER_SHARES":1000,"TOTAL_MARKET_CAP":807928000,"HKSK_MARKET_CAP":807928000,"PE_TTM":8.238528430583,"PB_TTM":0.368402141448,"REPORT_DATE_SQ":"2019-12-31 00:00:00","REPORT_TYPE_SQ":"2019年年报","OPERATE_INCOME_SQ":1415665000,"DPS_HKD":0.04,"OPERATE_INCOME_QOQ_SQ":-1.092156275043,"NET_PROFIT_RATIO_SQ":12.4621997436,"HOLDER_PROFIT_SQ":177125000,"HOLDER_PROFIT_QOQ_SQ":0.363205729698,"ROE_AVG_SQ":8.900483176265,"PE_TTM_SQ":7.511007915989,"PB_TTM_SQ":0.542705523236,"ROA_SQ":6.730082375828,"START_DATE":"2020-01-01 00:00:00","FISCAL_YEAR":"12-31","CURRENCY":"HKD","IS_CNY_CODE":0,"DPS_HKD_LY":0.09,"ORG_TYPE":"一般企业","PREMIUM_INCOME":null,"PREMIUM_INCOME_YOY":null,"NET_INTEREST_INCOME":null,"NET_INTEREST_INCOME_YOY":null,"FEE_COMMISSION_INCOME":null,"FEE_COMMISSION_INCOME_YOY":null,"ACCOUNTS_RECE_TDAYS":4.277408601846,"INVENTORY_TDAYS":4.789034024706,"CURRENT_ASSETS_TDAYS":0.650132343894,"TOTAL_ASSETS_TDAYS":0.491858115438,"PREMIUM_EXPENSE":null,"LOAN_DEPOSIT":null,"LOAN_EQUITY":null,"LOAN_ASSETS":null,"DEPOSIT_EQUITY":null,"DEPOSIT_ASSETS":null,"EQUITY_MULTIPLIER":1.290221052336,"EQUITY_RATIO":0.290428528703},{"SECUCODE":"03315.HK","SECURITY_CODE":"03315","SECURITY_NAME_ABBR":"金邦达宝嘉","ORG_CODE":"10354202","STD_REPORT_DATE":"2020-06-30 00:00:00","REPORT_DATE":"2020-06-30 00:00:00","DATE_TYPE_CODE":"002","REPORT_TYPE":"2020年中报","PER_NETCASH_OPERATE":-0.112829175069,"PER_OI":0.662762533276,"BPS":2.424682644988,"BASIC_EPS":0.099,"DILUTED_EPS":0.099,"OPERATE_INCOME":552453000,"OPERATE_INCOME_YOY":-15.4162258495,"GROSS_PROFIT":159093000,"GROSS_PROFIT_YOY":-14.558919882708,"HOLDER_PROFIT":82084000,"HOLDER_PROFIT_YOY":-6.3951101583,"GROSS_PROFIT_RATIO":28.797562869602,"EPS_TTM":0.205764185225,"OPERATE_INCOME_QOQ":-7.112558408946,"NET_PROFIT_RATIO":14.8427106016,"ROE_AVG":4.144043946535,"GROSS_PROFIT_QOQ":-6.802145853825,"ROA":3.200297557026,"HOLDER_PROFIT_QOQ":-3.166125617502,"ROE_YEARLY":8.28808789307,"ROIC_YEARLY":11.343542438612,"TOTAL_ASSETS":2494545000,"TOTAL_LIABILITIES":533829000,"TAX_EBT":13.064820508471,"OCF_SALES":-17.024072636043,"TOTAL_PARENT_EQUITY":1958969000,"DEBT_ASSET_RATIO":21.3998544825,"OPERATE_PROFIT":95971000,"PRETAX_PROFIT":94322000,"NETCASH_OPERATE":-94050000,"NETCASH_INVEST":92377000,"NETCASH_FINANCE":-117458000,"END_CASH":248849000,"DIVI_RATIO":0.176166712202,"DIVIDEND_RATE":4,"CURRENT_RATIO":3.972421559897,"COMMON_ACS":null,"CURRENTDEBT_DEBT":92.982209658898,"ISSUED_COMMON_SHARES":807928000,"HK_COMMON_SHARES":807928000,"PER_SHARES":1000,"TOTAL_MARKET_CAP":807928000,"HKSK_MARKET_CAP":807928000,"PE_TTM":8.238528430583,"PB_TTM":0.368402141448,"REPORT_DATE_SQ":"2019-06-30 00:00:00","REPORT_TYPE_SQ":"2019年中报","OPERATE_INCOME_SQ":653143000,"DPS_HKD":0.04,"OPERATE_INCOME_QOQ_SQ":1.429353984439,"NET_PROFIT_RATIO_SQ":13.3575648824,"HOLDER_PROFIT_SQ":87692000,"HOLDER_PROFIT_QOQ_SQ":0.740351738428,"ROE_AVG_SQ":4.469688339497,"PE_TTM_SQ":7.511007915989,"PB_TTM_SQ":0.542705523236,"ROA_SQ":3.415692664004,"START_DATE":"2020-01-01 00:00:00","FISCAL_YEAR":"12-31","CURRENCY":"HKD","IS_CNY_CODE":0,"DPS_HKD_LY":0.09,"ORG_TYPE":"一般企业","PREMIUM_INCOME":null,"PREMIUM_INCOME_YOY":null,"NET_INTEREST_INCOME":null,"NET_INTEREST_INCOME_YOY":null,"FEE_COMMISSION_INCOME":null,"FEE_COMMISSION_INCOME_YOY":null,"ACCOUNTS_RECE_TDAYS":1.492400267439,"INVENTORY_TDAYS":2.07997123489,"CURRENT_ASSETS_TDAYS":0.283705035666,"TOTAL_ASSETS_TDAYS":0.215390817488,"PREMIUM_EXPENSE":null,"LOAN_DEPOSIT":null,"LOAN_EQUITY":null,"LOAN_ASSETS":null,"DEPOSIT_EQUITY":null,"DEPOSIT_ASSETS":null,"EQUITY_MULTIPLIER":1.272262275618,"EQUITY_RATIO":0.272505077926}],"count":27},"success":true,"message":"ok","code":0}