{"version":"18a2f1a30bc9c109da9d49d818c3ff35","result":{"pages":3,"data":[{"SECUCODE":"03313.HK","SECURITY_CODE":"03313","SECURITY_NAME_ABBR":"雅高控股","ORG_CODE":"10361201","STD_REPORT_DATE":"2024-06-30 00:00:00","REPORT_DATE":"2024-06-30 00:00:00","DATE_TYPE_CODE":"002","REPORT_TYPE":"2024年中报","PER_NETCASH_OPERATE":-0.010243069114,"PER_OI":0.028154264205,"BPS":0.633113157525,"BASIC_EPS":-0.025,"DILUTED_EPS":-0.025,"OPERATE_INCOME":27805000,"OPERATE_INCOME_YOY":-10.617847499,"GROSS_PROFIT":7546000,"GROSS_PROFIT_YOY":-2.53164556962,"HOLDER_PROFIT":-24526000,"HOLDER_PROFIT_YOY":39.2680269414,"GROSS_PROFIT_RATIO":27.139003776299,"EPS_TTM":-0.385063861602,"OPERATE_INCOME_QOQ":-4.260176443275,"NET_PROFIT_RATIO":-88.2682970689,"ROE_AVG":-3.240095488095,"GROSS_PROFIT_QOQ":-1.947342275211,"ROA":-1.912580876843,"HOLDER_PROFIT_QOQ":4.00307968042,"ROE_YEARLY":-6.48019097619,"ROIC_YEARLY":-4.321508915997,"TOTAL_ASSETS":1228393000,"TOTAL_LIABILITIES":384510000,"TAX_EBT":-1.40897446492,"OCF_SALES":-36.381945693221,"TOTAL_PARENT_EQUITY":750299000,"DEBT_ASSET_RATIO":31.3018716323,"OPERATE_PROFIT":-16340000,"PRETAX_PROFIT":-24202000,"NETCASH_OPERATE":-10116000,"NETCASH_INVEST":-3193000,"NETCASH_FINANCE":-80671000,"END_CASH":6976000,"DIVI_RATIO":null,"DIVIDEND_RATE":null,"CURRENT_RATIO":1.002147137248,"COMMON_ACS":30000000000,"CURRENTDEBT_DEBT":44.573873241268,"ISSUED_COMMON_SHARES":1185094625,"HK_COMMON_SHARES":1185094625,"PER_SHARES":10000,"TOTAL_MARKET_CAP":278497236.875,"HKSK_MARKET_CAP":278497236.875,"PE_TTM":-0.662755527613,"PB_TTM":0.33877008786,"REPORT_DATE_SQ":"2023-06-30 00:00:00","REPORT_TYPE_SQ":"2023年中报","OPERATE_INCOME_SQ":31108000,"DPS_HKD":null,"OPERATE_INCOME_QOQ_SQ":4.679518126396,"NET_PROFIT_RATIO_SQ":-129.9537096567,"HOLDER_PROFIT_SQ":-40384000,"HOLDER_PROFIT_QOQ_SQ":-2.822335847173,"ROE_AVG_SQ":-3.950570907583,"PE_TTM_SQ":-1.651590819642,"PB_TTM_SQ":0.252963603933,"ROA_SQ":-2.464621867843,"START_DATE":"2024-01-01 00:00:00","FISCAL_YEAR":"12-31","CURRENCY":"HKD","IS_CNY_CODE":0,"DPS_HKD_LY":null,"ORG_TYPE":"一般企业","PREMIUM_INCOME":null,"PREMIUM_INCOME_YOY":null,"NET_INTEREST_INCOME":null,"NET_INTEREST_INCOME_YOY":null,"FEE_COMMISSION_INCOME":null,"FEE_COMMISSION_INCOME_YOY":null,"ACCOUNTS_RECE_TDAYS":1.091269451912,"INVENTORY_TDAYS":1.066150931481,"CURRENT_ASSETS_TDAYS":0.126611098336,"TOTAL_ASSETS_TDAYS":0.021682830988,"PREMIUM_EXPENSE":null,"LOAN_DEPOSIT":null,"LOAN_EQUITY":null,"LOAN_ASSETS":null,"DEPOSIT_EQUITY":null,"DEPOSIT_ASSETS":null,"EQUITY_MULTIPLIER":1.455643732603,"EQUITY_RATIO":0.512475693024},{"SECUCODE":"03313.HK","SECURITY_CODE":"03313","SECURITY_NAME_ABBR":"雅高控股","ORG_CODE":"10361201","STD_REPORT_DATE":"2023-12-31 00:00:00","REPORT_DATE":"2023-12-31 00:00:00","DATE_TYPE_CODE":"001","REPORT_TYPE":"2023年年报","PER_NETCASH_OPERATE":-0.004132308951,"PER_OI":0.08373919957,"BPS":0.644342640572,"BASIC_EPS":-1.03,"DILUTED_EPS":-1.03,"OPERATE_INCOME":77532000,"OPERATE_INCOME_YOY":-12.9528792285,"GROSS_PROFIT":10065000,"GROSS_PROFIT_YOY":-21.471483186393,"HOLDER_PROFIT":-396145000,"HOLDER_PROFIT_YOY":-167.2213752816,"GROSS_PROFIT_RATIO":12.981736573286,"EPS_TTM":-0.4278603056,"OPERATE_INCOME_QOQ":-16.844171305383,"NET_PROFIT_RATIO":-511.0406025899,"ROE_AVG":-44.01095204951,"GROSS_PROFIT_QOQ":-27.47514051016,"ROA":-26.43214279876,"HOLDER_PROFIT_QOQ":-159.886505281113,"ROE_YEARLY":-44.01095204951,"ROIC_YEARLY":-29.403578204188,"TOTAL_ASSETS":1336309000,"TOTAL_LIABILITIES":479649000,"TAX_EBT":-0.794716812178,"OCF_SALES":-4.934736624877,"TOTAL_PARENT_EQUITY":763607000,"DEBT_ASSET_RATIO":35.8935695262,"OPERATE_PROFIT":-363288000,"PRETAX_PROFIT":-393096000,"NETCASH_OPERATE":-3826000,"NETCASH_INVEST":-5748000,"NETCASH_FINANCE":94674000,"END_CASH":100956000,"DIVI_RATIO":null,"DIVIDEND_RATE":null,"CURRENT_RATIO":1.564551038315,"COMMON_ACS":30000000000,"CURRENTDEBT_DEBT":35.640645555396,"ISSUED_COMMON_SHARES":1185094625,"HK_COMMON_SHARES":1185094625,"PER_SHARES":10000,"TOTAL_MARKET_CAP":337751968.125,"HKSK_MARKET_CAP":337751968.125,"PE_TTM":-0.803767341999,"PB_TTM":0.410848829958,"REPORT_DATE_SQ":"2022-12-31 00:00:00","REPORT_TYPE_SQ":"2022年年报","OPERATE_INCOME_SQ":89069000,"DPS_HKD":null,"OPERATE_INCOME_QOQ_SQ":26.306758558099,"NET_PROFIT_RATIO_SQ":-166.5315654156,"HOLDER_PROFIT_SQ":-148246000,"HOLDER_PROFIT_QOQ_SQ":64.242832092351,"ROE_AVG_SQ":-13.436520132891,"PE_TTM_SQ":-1.576023732464,"PB_TTM_SQ":0.241389476441,"ROA_SQ":-8.720376024525,"START_DATE":"2023-01-01 00:00:00","FISCAL_YEAR":"12-31","CURRENCY":"HKD","IS_CNY_CODE":0,"DPS_HKD_LY":null,"ORG_TYPE":"一般企业","PREMIUM_INCOME":null,"PREMIUM_INCOME_YOY":null,"NET_INTEREST_INCOME":null,"NET_INTEREST_INCOME_YOY":null,"FEE_COMMISSION_INCOME":null,"FEE_COMMISSION_INCOME_YOY":null,"ACCOUNTS_RECE_TDAYS":2.874483269997,"INVENTORY_TDAYS":2.158667690536,"CURRENT_ASSETS_TDAYS":0.333824175256,"TOTAL_ASSETS_TDAYS":0.051731989435,"PREMIUM_EXPENSE":null,"LOAN_DEPOSIT":null,"LOAN_EQUITY":null,"LOAN_ASSETS":null,"DEPOSIT_EQUITY":null,"DEPOSIT_ASSETS":null,"EQUITY_MULTIPLIER":1.559905913664,"EQUITY_RATIO":0.628135939037},{"SECUCODE":"03313.HK","SECURITY_CODE":"03313","SECURITY_NAME_ABBR":"雅高控股","ORG_CODE":"10361201","STD_REPORT_DATE":"2023-06-30 00:00:00","REPORT_DATE":"2023-06-30 00:00:00","DATE_TYPE_CODE":"002","REPORT_TYPE":"2023年中报","PER_NETCASH_OPERATE":-0.127607990121,"PER_OI":0.100795504575,"BPS":0.850446857777,"BASIC_EPS":-0.15,"DILUTED_EPS":-0.15,"OPERATE_INCOME":31108000,"OPERATE_INCOME_YOY":15.4714179659,"GROSS_PROFIT":7742000,"GROSS_PROFIT_YOY":15.880856159258,"HOLDER_PROFIT":-40384000,"HOLDER_PROFIT_YOY":-11.5580110497,"GROSS_PROFIT_RATIO":24.887488748875,"EPS_TTM":-0.493900564561,"OPERATE_INCOME_QOQ":4.679518126396,"NET_PROFIT_RATIO":-129.9537096567,"ROE_AVG":-3.950570907583,"GROSS_PROFIT_QOQ":8.278068190684,"ROA":-2.464621867843,"HOLDER_PROFIT_QOQ":-2.822335847173,"ROE_YEARLY":-7.901141815165,"ROIC_YEARLY":-5.263547192092,"TOTAL_ASSETS":1615955000,"TOTAL_LIABILITIES":514995000,"TAX_EBT":-4.746851842255,"OCF_SALES":-126.600874373152,"TOTAL_PARENT_EQUITY":1007860000,"DEBT_ASSET_RATIO":31.8693899273,"OPERATE_PROFIT":-27566000,"PRETAX_PROFIT":-38594000,"NETCASH_OPERATE":-39383000,"NETCASH_INVEST":102000,"NETCASH_FINANCE":29653000,"END_CASH":6134000,"DIVI_RATIO":null,"DIVIDEND_RATE":null,"CURRENT_RATIO":0.899856126003,"COMMON_ACS":30000000000,"CURRENTDEBT_DEBT":35.900154370431,"ISSUED_COMMON_SHARES":1185094625,"HK_COMMON_SHARES":1185094625,"PER_SHARES":10000,"TOTAL_MARKET_CAP":337751968.125,"HKSK_MARKET_CAP":337751968.125,"PE_TTM":-0.803767341999,"PB_TTM":0.410848829958,"REPORT_DATE_SQ":"2022-06-30 00:00:00","REPORT_TYPE_SQ":"2022年中报","OPERATE_INCOME_SQ":26940000,"DPS_HKD":null,"OPERATE_INCOME_QOQ_SQ":-19.84404837683,"NET_PROFIT_RATIO_SQ":-134.5285820341,"HOLDER_PROFIT_SQ":-36200000,"HOLDER_PROFIT_QOQ_SQ":0.762845338912,"ROE_AVG_SQ":-3.131225148063,"PE_TTM_SQ":-1.576023732464,"PB_TTM_SQ":0.241389476441,"ROA_SQ":-2.083246411507,"START_DATE":"2023-01-01 00:00:00","FISCAL_YEAR":"12-31","CURRENCY":"HKD","IS_CNY_CODE":0,"DPS_HKD_LY":null,"ORG_TYPE":"一般企业","PREMIUM_INCOME":null,"PREMIUM_INCOME_YOY":null,"NET_INTEREST_INCOME":null,"NET_INTEREST_INCOME_YOY":null,"FEE_COMMISSION_INCOME":null,"FEE_COMMISSION_INCOME_YOY":null,"ACCOUNTS_RECE_TDAYS":1.126448435689,"INVENTORY_TDAYS":0.494932271423,"CURRENT_ASSETS_TDAYS":0.171197274756,"TOTAL_ASSETS_TDAYS":0.018985107237,"PREMIUM_EXPENSE":null,"LOAN_DEPOSIT":null,"LOAN_EQUITY":null,"LOAN_ASSETS":null,"DEPOSIT_EQUITY":null,"DEPOSIT_ASSETS":null,"EQUITY_MULTIPLIER":1.46776903793,"EQUITY_RATIO":0.51097870736},{"SECUCODE":"03313.HK","SECURITY_CODE":"03313","SECURITY_NAME_ABBR":"雅高控股","ORG_CODE":"10361201","STD_REPORT_DATE":"2022-12-31 00:00:00","REPORT_DATE":"2022-12-31 00:00:00","DATE_TYPE_CODE":"001","REPORT_TYPE":"2022年年报","PER_NETCASH_OPERATE":-0.168849199833,"PER_OI":0.3391491381,"BPS":0.874701461075,"BASIC_EPS":-0.62,"DILUTED_EPS":-0.62,"OPERATE_INCOME":89069000,"OPERATE_INCOME_YOY":1.2423842866,"GROSS_PROFIT":12817000,"GROSS_PROFIT_YOY":-41.496257075041,"HOLDER_PROFIT":-148246000,"HOLDER_PROFIT_YOY":64.5156039811,"GROSS_PROFIT_RATIO":14.3899673287,"EPS_TTM":-0.564478136353,"OPERATE_INCOME_QOQ":26.306758558099,"NET_PROFIT_RATIO":-166.5315654156,"ROE_AVG":-13.436520132891,"GROSS_PROFIT_QOQ":-7.25088646067,"ROA":-8.720376024525,"HOLDER_PROFIT_QOQ":64.242832092351,"ROE_YEARLY":-13.436520132891,"ROIC_YEARLY":-9.338992527029,"TOTAL_ASSETS":1661140000,"TOTAL_LIABILITIES":531394000,"TAX_EBT":0.702250011715,"OCF_SALES":-49.786120872582,"TOTAL_PARENT_EQUITY":1036604000,"DEBT_ASSET_RATIO":31.9897179046,"OPERATE_PROFIT":-120276000,"PRETAX_PROFIT":-149377000,"NETCASH_OPERATE":-44344000,"NETCASH_INVEST":-51557000,"NETCASH_FINANCE":88575000,"END_CASH":15762000,"DIVI_RATIO":null,"DIVIDEND_RATE":null,"CURRENT_RATIO":1.099659579218,"COMMON_ACS":30000000000,"CURRENTDEBT_DEBT":33.720742048273,"ISSUED_COMMON_SHARES":1185094625,"HK_COMMON_SHARES":1185094625,"PER_SHARES":10000,"TOTAL_MARKET_CAP":337751968.125,"HKSK_MARKET_CAP":337751968.125,"PE_TTM":-0.803767341999,"PB_TTM":0.410848829958,"REPORT_DATE_SQ":"2021-12-31 00:00:00","REPORT_TYPE_SQ":"2021年年报","OPERATE_INCOME_SQ":87976000,"DPS_HKD":null,"OPERATE_INCOME_QOQ_SQ":24.988989444073,"NET_PROFIT_RATIO_SQ":-475.0079567155,"HOLDER_PROFIT_SQ":-417778000,"HOLDER_PROFIT_QOQ_SQ":-135.66529028182,"ROE_AVG_SQ":-30.65902768044,"PE_TTM_SQ":-1.576023732464,"PB_TTM_SQ":0.241389476441,"ROA_SQ":-20.943457707328,"START_DATE":"2022-01-01 00:00:00","FISCAL_YEAR":"12-31","CURRENCY":"HKD","IS_CNY_CODE":0,"DPS_HKD_LY":null,"ORG_TYPE":"一般企业","PREMIUM_INCOME":null,"PREMIUM_INCOME_YOY":null,"NET_INTEREST_INCOME":null,"NET_INTEREST_INCOME_YOY":null,"FEE_COMMISSION_INCOME":null,"FEE_COMMISSION_INCOME_YOY":null,"ACCOUNTS_RECE_TDAYS":3.214152968984,"INVENTORY_TDAYS":1.472344780313,"CURRENT_ASSETS_TDAYS":0.432930711838,"TOTAL_ASSETS_TDAYS":0.052393668101,"PREMIUM_EXPENSE":null,"LOAN_DEPOSIT":null,"LOAN_EQUITY":null,"LOAN_ASSETS":null,"DEPOSIT_EQUITY":null,"DEPOSIT_ASSETS":null,"EQUITY_MULTIPLIER":1.470365905257,"EQUITY_RATIO":0.512629702374},{"SECUCODE":"03313.HK","SECURITY_CODE":"03313","SECURITY_NAME_ABBR":"雅高控股","ORG_CODE":"10361201","STD_REPORT_DATE":"2022-06-30 00:00:00","REPORT_DATE":"2022-06-30 00:00:00","DATE_TYPE_CODE":"002","REPORT_TYPE":"2022年中报","PER_NETCASH_OPERATE":-0.000259347776,"PER_OI":0.005817509645,"BPS":0.963792237265,"BASIC_EPS":-0.164,"DILUTED_EPS":-0.164,"OPERATE_INCOME":26940000,"OPERATE_INCOME_YOY":-39.3215910627,"GROSS_PROFIT":6681000,"GROSS_PROFIT_YOY":-54.766418415708,"HOLDER_PROFIT":-36200000,"HOLDER_PROFIT_YOY":8.0915022723,"GROSS_PROFIT_RATIO":24.799554565702,"EPS_TTM":-0.089528104717,"OPERATE_INCOME_QOQ":-19.84404837683,"NET_PROFIT_RATIO":-134.5285820341,"ROE_AVG":-3.131225148063,"GROSS_PROFIT_QOQ":-36.922585356947,"ROA":-2.083246411507,"HOLDER_PROFIT_QOQ":0.762845338912,"ROE_YEARLY":-6.262450296126,"ROIC_YEARLY":-4.465490363577,"TOTAL_ASSETS":1736494000,"TOTAL_LIABILITIES":501127000,"TAX_EBT":0.562460559168,"OCF_SALES":-4.458054936897,"TOTAL_PARENT_EQUITY":1142185000,"DEBT_ASSET_RATIO":28.8585506198,"OPERATE_PROFIT":-19371000,"PRETAX_PROFIT":-36447000,"NETCASH_OPERATE":-1201000,"NETCASH_INVEST":-25218000,"NETCASH_FINANCE":26537000,"END_CASH":23206000,"DIVI_RATIO":null,"DIVIDEND_RATE":null,"CURRENT_RATIO":1.063621104572,"COMMON_ACS":30000000000,"CURRENTDEBT_DEBT":39.470234092356,"ISSUED_COMMON_SHARES":1185094625,"HK_COMMON_SHARES":1185094625,"PER_SHARES":10000,"TOTAL_MARKET_CAP":337751968.125,"HKSK_MARKET_CAP":337751968.125,"PE_TTM":-0.803767341999,"PB_TTM":0.410848829958,"REPORT_DATE_SQ":"2021-06-30 00:00:00","REPORT_TYPE_SQ":"2021年中报","OPERATE_INCOME_SQ":44398000,"DPS_HKD":null,"OPERATE_INCOME_QOQ_SQ":-0.34404643919,"NET_PROFIT_RATIO_SQ":-91.4651955217,"HOLDER_PROFIT_SQ":-39387000,"HOLDER_PROFIT_QOQ_SQ":23.002484407304,"ROE_AVG_SQ":-2.542075883421,"PE_TTM_SQ":-1.576023732464,"PB_TTM_SQ":0.241389476441,"ROA_SQ":-1.767959124221,"START_DATE":"2022-01-01 00:00:00","FISCAL_YEAR":"12-31","CURRENCY":"HKD","IS_CNY_CODE":0,"DPS_HKD_LY":null,"ORG_TYPE":"一般企业","PREMIUM_INCOME":null,"PREMIUM_INCOME_YOY":null,"NET_INTEREST_INCOME":null,"NET_INTEREST_INCOME_YOY":null,"FEE_COMMISSION_INCOME":null,"FEE_COMMISSION_INCOME_YOY":null,"ACCOUNTS_RECE_TDAYS":1.014135406275,"INVENTORY_TDAYS":0.320442251115,"CURRENT_ASSETS_TDAYS":0.126835561038,"TOTAL_ASSETS_TDAYS":0.015503496775,"PREMIUM_EXPENSE":null,"LOAN_DEPOSIT":null,"LOAN_EQUITY":null,"LOAN_ASSETS":null,"DEPOSIT_EQUITY":null,"DEPOSIT_ASSETS":null,"EQUITY_MULTIPLIER":1.405650304727,"EQUITY_RATIO":0.43874416141},{"SECUCODE":"03313.HK","SECURITY_CODE":"03313","SECURITY_NAME_ABBR":"雅高控股","ORG_CODE":"10361201","STD_REPORT_DATE":"2021-12-31 00:00:00","REPORT_DATE":"2021-12-31 00:00:00","DATE_TYPE_CODE":"001","REPORT_TYPE":"2021年年报","PER_NETCASH_OPERATE":-0.013032966389,"PER_OI":0.020137487284,"BPS":0.987270531246,"BASIC_EPS":-1.96,"DILUTED_EPS":-1.96,"OPERATE_INCOME":87976000,"OPERATE_INCOME_YOY":19.0618613904,"GROSS_PROFIT":21908000,"GROSS_PROFIT_YOY":64.190961552874,"HOLDER_PROFIT":-417778000,"HOLDER_PROFIT_YOY":-81.4564186313,"GROSS_PROFIT_RATIO":24.902246067109,"EPS_TTM":-0.09562834367,"OPERATE_INCOME_QOQ":24.988989444073,"NET_PROFIT_RATIO":-475.0079567155,"ROE_AVG":-30.65902768044,"GROSS_PROFIT_QOQ":83.668678739101,"ROA":-20.943457707328,"HOLDER_PROFIT_QOQ":-135.66529028182,"ROE_YEARLY":-30.65902768044,"ROIC_YEARLY":-22.221241178586,"TOTAL_ASSETS":1738851000,"TOTAL_LIABILITIES":475618000,"TAX_EBT":-0.405086891859,"OCF_SALES":-64.719923615532,"TOTAL_PARENT_EQUITY":1170009000,"DEBT_ASSET_RATIO":27.3524298517,"OPERATE_PROFIT":-47906000,"PRETAX_PROFIT":-416207000,"NETCASH_OPERATE":-56938000,"NETCASH_INVEST":128328000,"NETCASH_FINANCE":-68148000,"END_CASH":23088000,"DIVI_RATIO":null,"DIVIDEND_RATE":null,"CURRENT_RATIO":1.17459969652,"COMMON_ACS":30000000000,"CURRENTDEBT_DEBT":38.38143215774,"ISSUED_COMMON_SHARES":1185094625,"HK_COMMON_SHARES":1185094625,"PER_SHARES":10000,"TOTAL_MARKET_CAP":337751968.125,"HKSK_MARKET_CAP":337751968.125,"PE_TTM":-0.803767341999,"PB_TTM":0.410848829958,"REPORT_DATE_SQ":"2020-12-31 00:00:00","REPORT_TYPE_SQ":"2020年年报","OPERATE_INCOME_SQ":73891000,"DPS_HKD":null,"OPERATE_INCOME_QOQ_SQ":-73.762709094084,"NET_PROFIT_RATIO_SQ":-326.2013308792,"HOLDER_PROFIT_SQ":-230236000,"HOLDER_PROFIT_QOQ_SQ":-49.783037218713,"ROE_AVG_SQ":-14.086201168691,"PE_TTM_SQ":-1.576023732464,"PB_TTM_SQ":0.241389476441,"ROA_SQ":-9.710012506751,"START_DATE":"2021-01-01 00:00:00","FISCAL_YEAR":"12-31","CURRENCY":"HKD","IS_CNY_CODE":0,"DPS_HKD_LY":null,"ORG_TYPE":"一般企业","PREMIUM_INCOME":null,"PREMIUM_INCOME_YOY":null,"NET_INTEREST_INCOME":null,"NET_INTEREST_INCOME_YOY":null,"FEE_COMMISSION_INCOME":null,"FEE_COMMISSION_INCOME_YOY":null,"ACCOUNTS_RECE_TDAYS":2.0209268937,"INVENTORY_TDAYS":1.128904381109,"CURRENT_ASSETS_TDAYS":0.350393104932,"TOTAL_ASSETS_TDAYS":0.044102888023,"PREMIUM_EXPENSE":null,"LOAN_DEPOSIT":null,"LOAN_EQUITY":null,"LOAN_ASSETS":null,"DEPOSIT_EQUITY":null,"DEPOSIT_ASSETS":null,"EQUITY_MULTIPLIER":1.376508530098,"EQUITY_RATIO":0.406507984127},{"SECUCODE":"03313.HK","SECURITY_CODE":"03313","SECURITY_NAME_ABBR":"雅高控股","ORG_CODE":"10361201","STD_REPORT_DATE":"2021-06-30 00:00:00","REPORT_DATE":"2021-06-30 00:00:00","DATE_TYPE_CODE":"002","REPORT_TYPE":"2021年中报","PER_NETCASH_OPERATE":0.016320163521,"PER_OI":0.010162591621,"BPS":1.302425112256,"BASIC_EPS":-0.0096,"DILUTED_EPS":-0.0096,"OPERATE_INCOME":44398000,"OPERATE_INCOME_YOY":-0.5601143279,"GROSS_PROFIT":14770000,"GROSS_PROFIT_YOY":21.603820187716,"HOLDER_PROFIT":-39387000,"HOLDER_PROFIT_YOY":57.3489122549,"GROSS_PROFIT_RATIO":31.726200134443,"EPS_TTM":-0.040578034871,"OPERATE_INCOME_QOQ":-0.34404643919,"NET_PROFIT_RATIO":-91.4651955217,"ROE_AVG":-2.542075883421,"GROSS_PROFIT_QOQ":14.835852507943,"ROA":-1.767959124221,"HOLDER_PROFIT_QOQ":23.002484407304,"ROE_YEARLY":-5.084151766842,"ROIC_YEARLY":-3.741412512174,"TOTAL_ASSETS":2204917000,"TOTAL_LIABILITIES":568153000,"TAX_EBT":-0.058322345065,"OCF_SALES":165.269697039939,"TOTAL_PARENT_EQUITY":1543497000,"DEBT_ASSET_RATIO":25.7675458986,"OPERATE_PROFIT":-16542000,"PRETAX_PROFIT":-39436000,"NETCASH_OPERATE":71299000,"NETCASH_INVEST":2924000,"NETCASH_FINANCE":-55623000,"END_CASH":38361000,"DIVI_RATIO":null,"DIVIDEND_RATE":null,"CURRENT_RATIO":1.736382643754,"COMMON_ACS":30000000000,"CURRENTDEBT_DEBT":42.259391396332,"ISSUED_COMMON_SHARES":1185094625,"HK_COMMON_SHARES":1185094625,"PER_SHARES":10000,"TOTAL_MARKET_CAP":337751968.125,"HKSK_MARKET_CAP":337751968.125,"PE_TTM":-0.803767341999,"PB_TTM":0.410848829958,"REPORT_DATE_SQ":"2020-06-30 00:00:00","REPORT_TYPE_SQ":"2020年中报","OPERATE_INCOME_SQ":43384000,"DPS_HKD":null,"OPERATE_INCOME_QOQ_SQ":-1.653496417912,"NET_PROFIT_RATIO_SQ":-213.0347593583,"HOLDER_PROFIT_SQ":-92347000,"HOLDER_PROFIT_QOQ_SQ":-70.481566922497,"ROE_AVG_SQ":-5.510526431993,"PE_TTM_SQ":-1.576023732464,"PB_TTM_SQ":0.241389476441,"ROA_SQ":-3.746659187981,"START_DATE":"2021-01-01 00:00:00","FISCAL_YEAR":"12-31","CURRENCY":"HKD","IS_CNY_CODE":0,"DPS_HKD_LY":null,"ORG_TYPE":"一般企业","PREMIUM_INCOME":null,"PREMIUM_INCOME_YOY":null,"NET_INTEREST_INCOME":null,"NET_INTEREST_INCOME_YOY":null,"FEE_COMMISSION_INCOME":null,"FEE_COMMISSION_INCOME_YOY":null,"ACCOUNTS_RECE_TDAYS":0.867792502248,"INVENTORY_TDAYS":0.529662464709,"CURRENT_ASSETS_TDAYS":0.122449037517,"TOTAL_ASSETS_TDAYS":0.019364644319,"PREMIUM_EXPENSE":null,"LOAN_DEPOSIT":null,"LOAN_EQUITY":null,"LOAN_ASSETS":null,"DEPOSIT_EQUITY":null,"DEPOSIT_ASSETS":null,"EQUITY_MULTIPLIER":1.347119682496,"EQUITY_RATIO":0.36809465778},{"SECUCODE":"03313.HK","SECURITY_CODE":"03313","SECURITY_NAME_ABBR":"雅高控股","ORG_CODE":"10361201","STD_REPORT_DATE":"2020-12-31 00:00:00","REPORT_DATE":"2020-12-31 00:00:00","DATE_TYPE_CODE":"001","REPORT_TYPE":"2020年年报","PER_NETCASH_OPERATE":-0.007419598991,"PER_OI":0.018322970122,"BPS":1.312392248847,"BASIC_EPS":-0.065,"DILUTED_EPS":-0.065,"OPERATE_INCOME":73891000,"OPERATE_INCOME_YOY":-74.1965417594,"GROSS_PROFIT":13343000,"GROSS_PROFIT_YOY":-74.060537724295,"HOLDER_PROFIT":-230236000,"HOLDER_PROFIT_YOY":-155.3524688346,"GROSS_PROFIT_RATIO":14.706215489169,"EPS_TTM":-0.057092302838,"OPERATE_INCOME_QOQ":-73.762709094084,"NET_PROFIT_RATIO":-326.2013308792,"ROE_AVG":-14.086201168691,"GROSS_PROFIT_QOQ":-75.98048284155,"ROA":-9.710012506751,"HOLDER_PROFIT_QOQ":-49.783037218713,"ROE_YEARLY":-14.086201168691,"ROIC_YEARLY":-10.345651136013,"TOTAL_ASSETS":2250729000,"TOTAL_LIABILITIES":602081000,"TAX_EBT":0.870837277343,"OCF_SALES":-42.36301854736,"TOTAL_PARENT_EQUITY":1555309000,"DEBT_ASSET_RATIO":26.7504883973,"OPERATE_PROFIT":-135485000,"PRETAX_PROFIT":-232420000,"NETCASH_OPERATE":-26348000,"NETCASH_INVEST":-13256000,"NETCASH_FINANCE":-25400000,"END_CASH":19761000,"DIVI_RATIO":null,"DIVIDEND_RATE":null,"CURRENT_RATIO":1.451874801318,"COMMON_ACS":30000000000,"CURRENTDEBT_DEBT":32.916002996275,"ISSUED_COMMON_SHARES":1185094625,"HK_COMMON_SHARES":1185094625,"PER_SHARES":10000,"TOTAL_MARKET_CAP":337751968.125,"HKSK_MARKET_CAP":337751968.125,"PE_TTM":-0.803767341999,"PB_TTM":0.410848829958,"REPORT_DATE_SQ":"2019-12-31 00:00:00","REPORT_TYPE_SQ":"2019年年报","OPERATE_INCOME_SQ":273723000,"DPS_HKD":null,"OPERATE_INCOME_QOQ_SQ":-43.778922050901,"NET_PROFIT_RATIO_SQ":-33.1499362494,"HOLDER_PROFIT_SQ":-90164000,"HOLDER_PROFIT_QOQ_SQ":76.510983285399,"ROE_AVG_SQ":-5.558841979849,"PE_TTM_SQ":-1.576023732464,"PB_TTM_SQ":0.241389476441,"ROA_SQ":-3.762853899573,"START_DATE":"2020-01-01 00:00:00","FISCAL_YEAR":"12-31","CURRENCY":"HKD","IS_CNY_CODE":0,"DPS_HKD_LY":null,"ORG_TYPE":"一般企业","PREMIUM_INCOME":null,"PREMIUM_INCOME_YOY":null,"NET_INTEREST_INCOME":null,"NET_INTEREST_INCOME_YOY":null,"FEE_COMMISSION_INCOME":null,"FEE_COMMISSION_INCOME_YOY":null,"ACCOUNTS_RECE_TDAYS":0.632709680182,"INVENTORY_TDAYS":1.395208263372,"CURRENT_ASSETS_TDAYS":0.185425838853,"TOTAL_ASSETS_TDAYS":0.029787617199,"PREMIUM_EXPENSE":null,"LOAN_DEPOSIT":null,"LOAN_EQUITY":null,"LOAN_ASSETS":null,"DEPOSIT_EQUITY":null,"DEPOSIT_ASSETS":null,"EQUITY_MULTIPLIER":1.365196815815,"EQUITY_RATIO":0.387113428907},{"SECUCODE":"03313.HK","SECURITY_CODE":"03313","SECURITY_NAME_ABBR":"雅高控股","ORG_CODE":"10361201","STD_REPORT_DATE":"2020-06-30 00:00:00","REPORT_DATE":"2020-06-30 00:00:00","DATE_TYPE_CODE":"002","REPORT_TYPE":"2020年中报","PER_NETCASH_OPERATE":0.005700601942,"PER_OI":0.012909224065,"BPS":1.382175706012,"BASIC_EPS":-0.0289,"DILUTED_EPS":-0.0289,"OPERATE_INCOME":43384000,"OPERATE_INCOME_YOY":-9.4468795659,"GROSS_PROFIT":12146000,"GROSS_PROFIT_YOY":-40.28808809793,"HOLDER_PROFIT":-92347000,"HOLDER_PROFIT_YOY":-220.6715744149,"GROSS_PROFIT_RATIO":27.996496404204,"EPS_TTM":-0.045738418744,"OPERATE_INCOME_QOQ":-1.653496417912,"NET_PROFIT_RATIO":-213.0347593583,"ROE_AVG":-5.510526431993,"GROSS_PROFIT_QOQ":-15.931491669745,"ROA":-3.746659187981,"HOLDER_PROFIT_QOQ":-70.481566922497,"ROE_YEARLY":-11.021052863986,"ROIC_YEARLY":-8.081226181048,"TOTAL_ASSETS":2438055000,"TOTAL_LIABILITIES":706623000,"TAX_EBT":0.020712736152,"OCF_SALES":44.159137009036,"TOTAL_PARENT_EQUITY":1638009000,"DEBT_ASSET_RATIO":28.9830623181,"OPERATE_PROFIT":-67322000,"PRETAX_PROFIT":-91731000,"NETCASH_OPERATE":19158000,"NETCASH_INVEST":-62152000,"NETCASH_FINANCE":45144000,"END_CASH":86938000,"DIVI_RATIO":null,"DIVIDEND_RATE":null,"CURRENT_RATIO":1.166454852521,"COMMON_ACS":30000000000,"CURRENTDEBT_DEBT":50.109322793059,"ISSUED_COMMON_SHARES":1185094625,"HK_COMMON_SHARES":1185094625,"PER_SHARES":10000,"TOTAL_MARKET_CAP":337751968.125,"HKSK_MARKET_CAP":337751968.125,"PE_TTM":-0.803767341999,"PB_TTM":0.410848829958,"REPORT_DATE_SQ":"2019-06-30 00:00:00","REPORT_TYPE_SQ":"2019年中报","OPERATE_INCOME_SQ":47910000,"DPS_HKD":null,"OPERATE_INCOME_QOQ_SQ":-9.30025037631,"NET_PROFIT_RATIO_SQ":-60.5372374815,"HOLDER_PROFIT_SQ":-28798000,"HOLDER_PROFIT_QOQ_SQ":3.014255178303,"ROE_AVG_SQ":-1.847839722137,"PE_TTM_SQ":-1.576023732464,"PB_TTM_SQ":0.241389476441,"ROA_SQ":-1.232924627539,"START_DATE":"2020-01-01 00:00:00","FISCAL_YEAR":"12-31","CURRENCY":"HKD","IS_CNY_CODE":0,"DPS_HKD_LY":null,"ORG_TYPE":"一般企业","PREMIUM_INCOME":null,"PREMIUM_INCOME_YOY":null,"NET_INTEREST_INCOME":null,"NET_INTEREST_INCOME_YOY":null,"FEE_COMMISSION_INCOME":null,"FEE_COMMISSION_INCOME_YOY":null,"ACCOUNTS_RECE_TDAYS":0.314146892492,"INVENTORY_TDAYS":0.990346358088,"CURRENT_ASSETS_TDAYS":0.097810513548,"TOTAL_ASSETS_TDAYS":0.017601553078,"PREMIUM_EXPENSE":null,"LOAN_DEPOSIT":null,"LOAN_EQUITY":null,"LOAN_ASSETS":null,"DEPOSIT_EQUITY":null,"DEPOSIT_ASSETS":null,"EQUITY_MULTIPLIER":1.408114785911,"EQUITY_RATIO":0.431391402611}],"count":26},"success":true,"message":"ok","code":0}