{"version":"08c8a4cc55e37bc1ecd26e457113a80b","result":{"pages":10,"data":[{"SECUCODE":"03328.HK","SECURITY_CODE":"03328","SECURITY_NAME_ABBR":"交通银行","ORG_CODE":"10008272","STD_REPORT_DATE":"2024-09-30 00:00:00","REPORT_DATE":"2024-09-30 00:00:00","DATE_TYPE_CODE":"004","REPORT_TYPE":"2024年三季报","PER_NETCASH_OPERATE":-1.557456953512,"PER_OI":2.644812665429,"BPS":12.834325415443,"BASIC_EPS":0.84,"DILUTED_EPS":0.84,"OPERATE_INCOME":196411000000,"OPERATE_INCOME_YOY":-1.3659349875,"GROSS_PROFIT":null,"GROSS_PROFIT_YOY":null,"HOLDER_PROFIT":68690000000,"HOLDER_PROFIT_YOY":-0.6881994043,"GROSS_PROFIT_RATIO":null,"EPS_TTM":1.242238255552,"OPERATE_INCOME_QOQ":0.804321302077,"NET_PROFIT_RATIO":35.3401795215,"ROE_AVG":6.199631939161,"GROSS_PROFIT_QOQ":null,"ROA":0.479424645756,"HOLDER_PROFIT_QOQ":0.300078281291,"ROE_YEARLY":8.266175918881,"ROIC_YEARLY":0.508693915228,"TOTAL_ASSETS":14594709000000,"TOTAL_LIABILITIES":13454955000000,"TAX_EBT":4.766347446698,"OCF_SALES":-58.887231366879,"TOTAL_PARENT_EQUITY":1127908000000,"DEBT_ASSET_RATIO":92.1906356612,"OPERATE_PROFIT":72886000000,"PRETAX_PROFIT":72886000000,"NETCASH_OPERATE":-115661000000,"NETCASH_INVEST":-1154000000,"NETCASH_FINANCE":2413000000,"END_CASH":160261000000,"DIVI_RATIO":0.444453741939,"DIVIDEND_RATE":9.251917808219,"CURRENT_RATIO":null,"COMMON_ACS":null,"CURRENTDEBT_DEBT":null,"ISSUED_COMMON_SHARES":74262726645,"HK_COMMON_SHARES":35011862630,"PER_SHARES":1000,"TOTAL_MARKET_CAP":487906114057.65,"HKSK_MARKET_CAP":230027937479.1,"PE_TTM":4.731437462995,"PB_TTM":0.461633947108,"REPORT_DATE_SQ":"2023-09-30 00:00:00","REPORT_TYPE_SQ":"2023年三季报","OPERATE_INCOME_SQ":199131000000,"DPS_HKD":0.607851,"OPERATE_INCOME_QOQ_SQ":-1.068130878205,"NET_PROFIT_RATIO_SQ":34.9920404156,"HOLDER_PROFIT_SQ":69166000000,"HOLDER_PROFIT_QOQ_SQ":-0.755290218407,"ROE_AVG_SQ":6.639678911633,"PE_TTM_SQ":3.595762216884,"PB_TTM_SQ":0.385077809965,"ROA_SQ":0.51572112078,"START_DATE":"2024-01-01 00:00:00","FISCAL_YEAR":"12-31","CURRENCY":"HKD","IS_CNY_CODE":0,"DPS_HKD_LY":0.411147,"ORG_TYPE":"银行","PREMIUM_INCOME":null,"PREMIUM_INCOME_YOY":null,"NET_INTEREST_INCOME":126796000000,"NET_INTEREST_INCOME_YOY":2.151863041289,"FEE_COMMISSION_INCOME":29353000000,"FEE_COMMISSION_INCOME_YOY":null,"ACCOUNTS_RECE_TDAYS":null,"INVENTORY_TDAYS":null,"CURRENT_ASSETS_TDAYS":null,"TOTAL_ASSETS_TDAYS":0.013708585543,"PREMIUM_EXPENSE":null,"LOAN_DEPOSIT":94.397176862825,"LOAN_EQUITY":7.227936028301,"LOAN_ASSETS":56.445585862657,"DEPOSIT_EQUITY":7.656940883735,"DEPOSIT_ASSETS":59.795841081861,"EQUITY_MULTIPLIER":12.805139530136,"EQUITY_RATIO":11.929124538526},{"SECUCODE":"03328.HK","SECURITY_CODE":"03328","SECURITY_NAME_ABBR":"交通银行","ORG_CODE":"10008272","STD_REPORT_DATE":"2024-06-30 00:00:00","REPORT_DATE":"2024-06-30 00:00:00","DATE_TYPE_CODE":"002","REPORT_TYPE":"2024年中报","PER_NETCASH_OPERATE":-2.995338442976,"PER_OI":1.784879252194,"BPS":12.557901414771,"BASIC_EPS":0.56,"DILUTED_EPS":0.56,"OPERATE_INCOME":132550000000,"OPERATE_INCOME_YOY":-3.4644992608,"GROSS_PROFIT":null,"GROSS_PROFIT_YOY":null,"HOLDER_PROFIT":45287000000,"HOLDER_PROFIT_YOY":-1.6333977715,"GROSS_PROFIT_RATIO":null,"EPS_TTM":1.238521720858,"OPERATE_INCOME_QOQ":-1.85587065872,"NET_PROFIT_RATIO":34.5718596756,"ROE_AVG":4.125618792714,"GROSS_PROFIT_QOQ":null,"ROA":0.320747793447,"HOLDER_PROFIT_QOQ":-1.189261196996,"ROE_YEARLY":8.251237585428,"ROIC_YEARLY":0.681520068006,"TOTAL_ASSETS":14177914000000,"TOTAL_LIABILITIES":13058623000000,"TAX_EBT":3.886488527203,"OCF_SALES":-167.817427385892,"TOTAL_PARENT_EQUITY":1107374000000,"DEBT_ASSET_RATIO":92.1053901159,"OPERATE_PROFIT":47678000000,"PRETAX_PROFIT":47678000000,"NETCASH_OPERATE":-222442000000,"NETCASH_INVEST":98042000000,"NETCASH_FINANCE":-4196000000,"END_CASH":145784000000,"DIVI_RATIO":0.445787451089,"DIVIDEND_RATE":9.867711038961,"CURRENT_RATIO":null,"COMMON_ACS":null,"CURRENTDEBT_DEBT":null,"ISSUED_COMMON_SHARES":74262726645,"HK_COMMON_SHARES":35011862630,"PER_SHARES":1000,"TOTAL_MARKET_CAP":457458396133.2,"HKSK_MARKET_CAP":215673073800.8,"PE_TTM":4.436172720251,"PB_TTM":0.432825740363,"REPORT_DATE_SQ":"2023-06-30 00:00:00","REPORT_TYPE_SQ":"2023年中报","OPERATE_INCOME_SQ":137307000000,"DPS_HKD":0.607851,"OPERATE_INCOME_QOQ_SQ":0.985884986102,"NET_PROFIT_RATIO_SQ":33.9137844392,"HOLDER_PROFIT_SQ":46039000000,"HOLDER_PROFIT_QOQ_SQ":0.721148702146,"ROE_AVG_SQ":4.458752016239,"PE_TTM_SQ":3.337384093515,"PB_TTM_SQ":0.357407548171,"ROA_SQ":0.343500556354,"START_DATE":"2024-01-01 00:00:00","FISCAL_YEAR":"12-31","CURRENCY":"HKD","IS_CNY_CODE":0,"DPS_HKD_LY":0.411147,"ORG_TYPE":"银行","PREMIUM_INCOME":null,"PREMIUM_INCOME_YOY":null,"NET_INTEREST_INCOME":84234000000,"NET_INTEREST_INCOME_YOY":2.241858545644,"FEE_COMMISSION_INCOME":21000000000,"FEE_COMMISSION_INCOME_YOY":null,"ACCOUNTS_RECE_TDAYS":null,"INVENTORY_TDAYS":null,"CURRENT_ASSETS_TDAYS":null,"TOTAL_ASSETS_TDAYS":0.009387930316,"PREMIUM_EXPENSE":null,"LOAN_DEPOSIT":93.251073164799,"LOAN_EQUITY":7.206638845483,"LOAN_ASSETS":56.89360226053,"DEPOSIT_EQUITY":7.728210090137,"DEPOSIT_ASSETS":61.011203763826,"EQUITY_MULTIPLIER":12.666870367009,"EQUITY_RATIO":11.79242333665},{"SECUCODE":"03328.HK","SECURITY_CODE":"03328","SECURITY_NAME_ABBR":"交通银行","ORG_CODE":"10008272","STD_REPORT_DATE":"2024-03-31 00:00:00","REPORT_DATE":"2024-03-31 00:00:00","DATE_TYPE_CODE":"003","REPORT_TYPE":"2024年一季报","PER_NETCASH_OPERATE":-1.693447112455,"PER_OI":0.904908869307,"BPS":12.654719836674,"BASIC_EPS":0.34,"DILUTED_EPS":0.34,"OPERATE_INCOME":67201000000,"OPERATE_INCOME_YOY":0.0476410249,"GROSS_PROFIT":null,"GROSS_PROFIT_YOY":null,"HOLDER_PROFIT":24988000000,"HOLDER_PROFIT_YOY":1.4411561726,"GROSS_PROFIT_RATIO":null,"EPS_TTM":1.253428256748,"OPERATE_INCOME_QOQ":0.012402427775,"NET_PROFIT_RATIO":37.5783098466,"ROE_AVG":2.268961052287,"GROSS_PROFIT_QOQ":null,"ROA":0.176602606995,"HOLDER_PROFIT_QOQ":0.382840134587,"ROE_YEARLY":9.075844209146,"ROIC_YEARLY":0.751060762869,"TOTAL_ASSETS":14238091000000,"TOTAL_LIABILITIES":13112273000000,"TAX_EBT":7.663899959779,"OCF_SALES":-187.140072320352,"TOTAL_PARENT_EQUITY":1114564000000,"DEBT_ASSET_RATIO":92.0929147032,"OPERATE_PROFIT":27349000000,"PRETAX_PROFIT":27349000000,"NETCASH_OPERATE":-125760000000,"NETCASH_INVEST":52881000000,"NETCASH_FINANCE":-17928000000,"END_CASH":183889000000,"DIVI_RATIO":0.440485873912,"DIVIDEND_RATE":10.113993344426,"CURRENT_RATIO":null,"COMMON_ACS":null,"CURRENTDEBT_DEBT":null,"ISSUED_COMMON_SHARES":74262726645,"HK_COMMON_SHARES":35011862630,"PER_SHARES":1000,"TOTAL_MARKET_CAP":446318987136.45,"HKSK_MARKET_CAP":210421294406.3,"PE_TTM":4.328149033882,"PB_TTM":0.42228615253,"REPORT_DATE_SQ":"2023-03-31 00:00:00","REPORT_TYPE_SQ":"2023年一季报","OPERATE_INCOME_SQ":67169000000,"DPS_HKD":0.607851,"OPERATE_INCOME_QOQ_SQ":1.272995817613,"NET_PROFIT_RATIO_SQ":37.1466003662,"HOLDER_PROFIT_SQ":24633000000,"HOLDER_PROFIT_QOQ_SQ":1.424866249227,"ROE_AVG_SQ":2.382366253632,"PE_TTM_SQ":3.337384093515,"PB_TTM_SQ":0.357407548171,"ROA_SQ":0.18488598885,"START_DATE":"2024-01-01 00:00:00","FISCAL_YEAR":"12-31","CURRENCY":"HKD","IS_CNY_CODE":0,"DPS_HKD_LY":0.411147,"ORG_TYPE":"银行","PREMIUM_INCOME":null,"PREMIUM_INCOME_YOY":null,"NET_INTEREST_INCOME":41558000000,"NET_INTEREST_INCOME_YOY":2.238732532966,"FEE_COMMISSION_INCOME":11879000000,"FEE_COMMISSION_INCOME_YOY":null,"ACCOUNTS_RECE_TDAYS":null,"INVENTORY_TDAYS":null,"CURRENT_ASSETS_TDAYS":null,"TOTAL_ASSETS_TDAYS":0.004749428443,"PREMIUM_EXPENSE":null,"LOAN_DEPOSIT":92.301859203233,"LOAN_EQUITY":7.116345626025,"LOAN_ASSETS":56.269551866188,"DEPOSIT_EQUITY":7.7098616295,"DEPOSIT_ASSETS":60.962533530654,"EQUITY_MULTIPLIER":12.646885198073,"EQUITY_RATIO":11.764486382119},{"SECUCODE":"03328.HK","SECURITY_CODE":"03328","SECURITY_NAME_ABBR":"交通银行","ORG_CODE":"10008272","STD_REPORT_DATE":"2023-12-31 00:00:00","REPORT_DATE":"2023-12-31 00:00:00","DATE_TYPE_CODE":"001","REPORT_TYPE":"2023年年报","PER_NETCASH_OPERATE":1.849151064119,"PER_OI":3.474340515847,"BPS":12.297420809306,"BASIC_EPS":1.15,"DILUTED_EPS":1.15,"OPERATE_INCOME":258014000000,"OPERATE_INCOME_YOY":0.2595727153,"GROSS_PROFIT":null,"GROSS_PROFIT_YOY":null,"HOLDER_PROFIT":92728000000,"HOLDER_PROFIT_YOY":0.679681223,"GROSS_PROFIT_RATIO":null,"EPS_TTM":1.248647931327,"OPERATE_INCOME_QOQ":-6.771019645677,"NET_PROFIT_RATIO":36.1422248405,"ROE_AVG":8.789158950434,"GROSS_PROFIT_QOQ":null,"ROA":0.685531169294,"HOLDER_PROFIT_QOQ":-0.746052983677,"ROE_YEARLY":8.789158950434,"ROIC_YEARLY":0.732303584724,"TOTAL_ASSETS":14060472000000,"TOTAL_LIABILITIES":12961022000000,"TAX_EBT":6.465525888182,"OCF_SALES":53.22308091809,"TOTAL_PARENT_EQUITY":1088030000000,"DEBT_ASSET_RATIO":92.1805612216,"OPERATE_PROFIT":99698000000,"PRETAX_PROFIT":99698000000,"NETCASH_OPERATE":137323000000,"NETCASH_INVEST":-116623000000,"NETCASH_FINANCE":4888000000,"END_CASH":275461000000,"DIVI_RATIO":0.442172230625,"DIVIDEND_RATE":10.113993344426,"CURRENT_RATIO":null,"COMMON_ACS":null,"CURRENTDEBT_DEBT":null,"ISSUED_COMMON_SHARES":74262726645,"HK_COMMON_SHARES":35011862630,"PER_SHARES":1000,"TOTAL_MARKET_CAP":446318987136.45,"HKSK_MARKET_CAP":210421294406.3,"PE_TTM":4.328149033882,"PB_TTM":0.42228615253,"REPORT_DATE_SQ":"2022-12-31 00:00:00","REPORT_TYPE_SQ":"2022年年报","OPERATE_INCOME_SQ":257346000000,"DPS_HKD":0.607851,"OPERATE_INCOME_QOQ_SQ":-2.271289994105,"NET_PROFIT_RATIO_SQ":33.6455499985,"HOLDER_PROFIT_SQ":92102000000,"HOLDER_PROFIT_QOQ_SQ":1.147040744643,"ROE_AVG_SQ":9.270262004692,"PE_TTM_SQ":3.337384093515,"PB_TTM_SQ":0.357407548171,"ROA_SQ":0.747411325152,"START_DATE":"2023-01-01 00:00:00","FISCAL_YEAR":"12-31","CURRENCY":"HKD","IS_CNY_CODE":0,"DPS_HKD_LY":0.407589,"ORG_TYPE":"银行","PREMIUM_INCOME":null,"PREMIUM_INCOME_YOY":null,"NET_INTEREST_INCOME":164123000000,"NET_INTEREST_INCOME_YOY":-3.390000117729,"FEE_COMMISSION_INCOME":43004000000,"FEE_COMMISSION_INCOME_YOY":null,"ACCOUNTS_RECE_TDAYS":null,"INVENTORY_TDAYS":null,"CURRENT_ASSETS_TDAYS":null,"TOTAL_ASSETS_TDAYS":0.019074782063,"PREMIUM_EXPENSE":null,"LOAN_DEPOSIT":90.888370833852,"LOAN_EQUITY":7.069043612715,"LOAN_ASSETS":55.275953751766,"DEPOSIT_EQUITY":7.777720678521,"DEPOSIT_ASSETS":60.817410681519,"EQUITY_MULTIPLIER":12.788641593593,"EQUITY_RATIO":11.912375577879},{"SECUCODE":"03328.HK","SECURITY_CODE":"03328","SECURITY_NAME_ABBR":"交通银行","ORG_CODE":"10008272","STD_REPORT_DATE":"2023-09-30 00:00:00","REPORT_DATE":"2023-09-30 00:00:00","DATE_TYPE_CODE":"004","REPORT_TYPE":"2023年三季报","PER_NETCASH_OPERATE":0.106379072745,"PER_OI":2.681439384146,"BPS":11.938694417164,"BASIC_EPS":0.84,"DILUTED_EPS":0.84,"OPERATE_INCOME":199131000000,"OPERATE_INCOME_YOY":1.6461976662,"GROSS_PROFIT":null,"GROSS_PROFIT_YOY":null,"HOLDER_PROFIT":69166000000,"HOLDER_PROFIT_YOY":1.8795109736,"GROSS_PROFIT_RATIO":null,"EPS_TTM":1.258033527999,"OPERATE_INCOME_QOQ":-1.068130878205,"NET_PROFIT_RATIO":34.9920404156,"ROE_AVG":6.639678911633,"GROSS_PROFIT_QOQ":null,"ROA":0.51572112078,"HOLDER_PROFIT_QOQ":-0.755290218407,"ROE_YEARLY":8.85290521551,"ROIC_YEARLY":0.549109455625,"TOTAL_ASSETS":13830605000000,"TOTAL_LIABILITIES":12757638000000,"TAX_EBT":5.314508567624,"OCF_SALES":3.967237647579,"TOTAL_PARENT_EQUITY":1061390000000,"DEBT_ASSET_RATIO":92.2420819624,"OPERATE_PROFIT":73591000000,"PRETAX_PROFIT":73591000000,"NETCASH_OPERATE":7900000000,"NETCASH_INVEST":-78905000000,"NETCASH_FINANCE":12750000000,"END_CASH":191589000000,"DIVI_RATIO":0.438873391505,"DIVIDEND_RATE":10.113993344426,"CURRENT_RATIO":null,"COMMON_ACS":null,"CURRENTDEBT_DEBT":null,"ISSUED_COMMON_SHARES":74262726645,"HK_COMMON_SHARES":35011862630,"PER_SHARES":1000,"TOTAL_MARKET_CAP":446318987136.45,"HKSK_MARKET_CAP":210421294406.3,"PE_TTM":4.328149033882,"PB_TTM":0.42228615253,"REPORT_DATE_SQ":"2022-09-30 00:00:00","REPORT_TYPE_SQ":"2022年三季报","OPERATE_INCOME_SQ":195906000000,"DPS_HKD":0.607851,"OPERATE_INCOME_QOQ_SQ":0.222011351226,"NET_PROFIT_RATIO_SQ":32.3370430764,"HOLDER_PROFIT_SQ":67890000000,"HOLDER_PROFIT_QOQ_SQ":1.676301868262,"ROE_AVG_SQ":6.911166721983,"PE_TTM_SQ":3.337384093515,"PB_TTM_SQ":0.357407548171,"ROA_SQ":0.557355486441,"START_DATE":"2023-01-01 00:00:00","FISCAL_YEAR":"12-31","CURRENCY":"HKD","IS_CNY_CODE":0,"DPS_HKD_LY":0.407589,"ORG_TYPE":"银行","PREMIUM_INCOME":null,"PREMIUM_INCOME_YOY":null,"NET_INTEREST_INCOME":124125000000,"NET_INTEREST_INCOME_YOY":-3.016736205522,"FEE_COMMISSION_INCOME":34115000000,"FEE_COMMISSION_INCOME_YOY":null,"ACCOUNTS_RECE_TDAYS":null,"INVENTORY_TDAYS":null,"CURRENT_ASSETS_TDAYS":null,"TOTAL_ASSETS_TDAYS":0.014847766605,"PREMIUM_EXPENSE":null,"LOAN_DEPOSIT":89.396897902108,"LOAN_EQUITY":7.197521452198,"LOAN_ASSETS":55.837781499797,"DEPOSIT_EQUITY":8.051198219517,"DEPOSIT_ASSETS":62.460535891235,"EQUITY_MULTIPLIER":12.890056264494,"EQUITY_RATIO":12.019745805029},{"SECUCODE":"03328.HK","SECURITY_CODE":"03328","SECURITY_NAME_ABBR":"交通银行","ORG_CODE":"10008272","STD_REPORT_DATE":"2023-06-30 00:00:00","REPORT_DATE":"2023-06-30 00:00:00","DATE_TYPE_CODE":"002","REPORT_TYPE":"2023年中报","PER_NETCASH_OPERATE":-0.068984808819,"PER_OI":1.848935612833,"BPS":11.692177748209,"BASIC_EPS":0.57,"DILUTED_EPS":0.57,"OPERATE_INCOME":137307000000,"OPERATE_INCOME_YOY":4.7393473386,"GROSS_PROFIT":null,"GROSS_PROFIT_YOY":null,"HOLDER_PROFIT":46039000000,"HOLDER_PROFIT_YOY":4.5105784073,"GROSS_PROFIT_RATIO":null,"EPS_TTM":1.267607644546,"OPERATE_INCOME_QOQ":0.985884986102,"NET_PROFIT_RATIO":33.9137844392,"ROE_AVG":4.458752016239,"GROSS_PROFIT_QOQ":null,"ROA":0.343500556354,"HOLDER_PROFIT_QOQ":0.721148702146,"ROE_YEARLY":8.917504032479,"ROIC_YEARLY":0.731946190453,"TOTAL_ASSETS":13813360000000,"TOTAL_LIABILITIES":12758461000000,"TAX_EBT":6.256794298828,"OCF_SALES":-3.731055226609,"TOTAL_PARENT_EQUITY":1043083000000,"DEBT_ASSET_RATIO":92.3631976579,"OPERATE_PROFIT":49674000000,"PRETAX_PROFIT":49674000000,"NETCASH_OPERATE":-5123000000,"NETCASH_INVEST":-62228000000,"NETCASH_FINANCE":40986000000,"END_CASH":224198000000,"DIVI_RATIO":0.435558623708,"DIVIDEND_RATE":10.113993344426,"CURRENT_RATIO":null,"COMMON_ACS":null,"CURRENTDEBT_DEBT":null,"ISSUED_COMMON_SHARES":74262726645,"HK_COMMON_SHARES":35011862630,"PER_SHARES":1000,"TOTAL_MARKET_CAP":446318987136.45,"HKSK_MARKET_CAP":210421294406.3,"PE_TTM":4.328149033882,"PB_TTM":0.42228615253,"REPORT_DATE_SQ":"2022-06-30 00:00:00","REPORT_TYPE_SQ":"2022年中报","OPERATE_INCOME_SQ":131094000000,"DPS_HKD":0.607851,"OPERATE_INCOME_QOQ_SQ":1.530602970315,"NET_PROFIT_RATIO_SQ":30.7394405439,"HOLDER_PROFIT_SQ":44052000000,"HOLDER_PROFIT_QOQ_SQ":0.709219858156,"ROE_AVG_SQ":4.537422920992,"PE_TTM_SQ":3.337384093515,"PB_TTM_SQ":0.357407548171,"ROA_SQ":0.363271427477,"START_DATE":"2023-01-01 00:00:00","FISCAL_YEAR":"12-31","CURRENCY":"HKD","IS_CNY_CODE":0,"DPS_HKD_LY":0.407589,"ORG_TYPE":"银行","PREMIUM_INCOME":null,"PREMIUM_INCOME_YOY":null,"NET_INTEREST_INCOME":82387000000,"NET_INTEREST_INCOME_YOY":-3.148180802915,"FEE_COMMISSION_INCOME":24580000000,"FEE_COMMISSION_INCOME_YOY":null,"ACCOUNTS_RECE_TDAYS":null,"INVENTORY_TDAYS":null,"CURRENT_ASSETS_TDAYS":null,"TOTAL_ASSETS_TDAYS":0.010244581961,"PREMIUM_EXPENSE":null,"LOAN_DEPOSIT":88.743435298484,"LOAN_EQUITY":7.217591447143,"LOAN_ASSETS":55.119319267723,"DEPOSIT_EQUITY":8.133098998103,"DEPOSIT_ASSETS":62.110869477086,"EQUITY_MULTIPLIER":13.09448582278,"EQUITY_RATIO":12.23149164544},{"SECUCODE":"03328.HK","SECURITY_CODE":"03328","SECURITY_NAME_ABBR":"交通银行","ORG_CODE":"10008272","STD_REPORT_DATE":"2023-03-31 00:00:00","REPORT_DATE":"2023-03-31 00:00:00","DATE_TYPE_CODE":"003","REPORT_TYPE":"2023年一季报","PER_NETCASH_OPERATE":1.790629108404,"PER_OI":0.904477966734,"BPS":11.730379954459,"BASIC_EPS":0.33,"DILUTED_EPS":0.33,"OPERATE_INCOME":67169000000,"OPERATE_INCOME_YOY":5.4673638262,"GROSS_PROFIT":null,"GROSS_PROFIT_YOY":null,"HOLDER_PROFIT":24633000000,"HOLDER_PROFIT_YOY":5.6303602058,"GROSS_PROFIT_RATIO":null,"EPS_TTM":1.258531759099,"OPERATE_INCOME_QOQ":1.272995817613,"NET_PROFIT_RATIO":37.1466003662,"ROE_AVG":2.382366253632,"GROSS_PROFIT_QOQ":null,"ROA":0.18488598885,"HOLDER_PROFIT_QOQ":1.424866249227,"ROE_YEARLY":9.529465014527,"ROIC_YEARLY":0.788448444496,"TOTAL_ASSETS":13654273000000,"TOTAL_LIABILITIES":12596687000000,"TAX_EBT":5.495795773048,"OCF_SALES":197.973767660677,"TOTAL_PARENT_EQUITY":1045920000000,"DEBT_ASSET_RATIO":92.2545418566,"OPERATE_PROFIT":26402000000,"PRETAX_PROFIT":26402000000,"NETCASH_OPERATE":132977000000,"NETCASH_INVEST":-101697000000,"NETCASH_FINANCE":20856000000,"END_CASH":299921000000,"DIVI_RATIO":0.43869964907,"DIVIDEND_RATE":10.113993344426,"CURRENT_RATIO":null,"COMMON_ACS":null,"CURRENTDEBT_DEBT":null,"ISSUED_COMMON_SHARES":74262726645,"HK_COMMON_SHARES":35011862630,"PER_SHARES":1000,"TOTAL_MARKET_CAP":446318987136.45,"HKSK_MARKET_CAP":210421294406.3,"PE_TTM":4.328149033882,"PB_TTM":0.42228615253,"REPORT_DATE_SQ":"2022-03-31 00:00:00","REPORT_TYPE_SQ":"2022年一季报","OPERATE_INCOME_SQ":63687000000,"DPS_HKD":0.607851,"OPERATE_INCOME_QOQ_SQ":1.967391787891,"NET_PROFIT_RATIO_SQ":31.6589117843,"HOLDER_PROFIT_SQ":23320000000,"HOLDER_PROFIT_QOQ_SQ":1.587102225369,"ROE_AVG_SQ":2.394886338854,"PE_TTM_SQ":3.337384093515,"PB_TTM_SQ":0.357407548171,"ROA_SQ":0.194552504853,"START_DATE":"2023-01-01 00:00:00","FISCAL_YEAR":"12-31","CURRENCY":"HKD","IS_CNY_CODE":0,"DPS_HKD_LY":0.407589,"ORG_TYPE":"银行","PREMIUM_INCOME":null,"PREMIUM_INCOME_YOY":null,"NET_INTEREST_INCOME":40648000000,"NET_INTEREST_INCOME_YOY":-4.400385709918,"FEE_COMMISSION_INCOME":12685000000,"FEE_COMMISSION_INCOME_YOY":null,"ACCOUNTS_RECE_TDAYS":null,"INVENTORY_TDAYS":null,"CURRENT_ASSETS_TDAYS":null,"TOTAL_ASSETS_TDAYS":0.005041451299,"PREMIUM_EXPENSE":null,"LOAN_DEPOSIT":88.400174614119,"LOAN_EQUITY":7.10382039853,"LOAN_ASSETS":55.022343555018,"DEPOSIT_EQUITY":8.035980052686,"DEPOSIT_ASSETS":62.242347139244,"EQUITY_MULTIPLIER":12.9107921247,"EQUITY_RATIO":12.04364291724},{"SECUCODE":"03328.HK","SECURITY_CODE":"03328","SECURITY_NAME_ABBR":"交通银行","ORG_CODE":"10008272","STD_REPORT_DATE":"2022-12-31 00:00:00","REPORT_DATE":"2022-12-31 00:00:00","DATE_TYPE_CODE":"001","REPORT_TYPE":"2022年年报","PER_NETCASH_OPERATE":4.958355512049,"PER_OI":3.465345424633,"BPS":11.427253459958,"BASIC_EPS":1.14,"DILUTED_EPS":1.14,"OPERATE_INCOME":257346000000,"OPERATE_INCOME_YOY":1.4013078874,"GROSS_PROFIT":null,"GROSS_PROFIT_YOY":null,"HOLDER_PROFIT":92102000000,"HOLDER_PROFIT_YOY":5.2157431406,"GROSS_PROFIT_RATIO":null,"EPS_TTM":1.240851287894,"OPERATE_INCOME_QOQ":-2.271289994105,"NET_PROFIT_RATIO":33.6455499985,"ROE_AVG":9.270262004692,"GROSS_PROFIT_QOQ":null,"ROA":0.747411325152,"HOLDER_PROFIT_QOQ":1.147040744643,"ROE_YEARLY":9.270262004692,"ROIC_YEARLY":0.798088516122,"TOTAL_ASSETS":12991571000000,"TOTAL_LIABILITIES":11958049000000,"TAX_EBT":6.278346837894,"OCF_SALES":134.619124915914,"TOTAL_PARENT_EQUITY":1022024000000,"DEBT_ASSET_RATIO":92.0281203985,"OPERATE_PROFIT":98115000000,"PRETAX_PROFIT":98115000000,"NETCASH_OPERATE":368221000000,"NETCASH_INVEST":-284897000000,"NETCASH_FINANCE":-32975000000,"END_CASH":248803000000,"DIVI_RATIO":0.444950532305,"DIVIDEND_RATE":10.113993344426,"CURRENT_RATIO":null,"COMMON_ACS":null,"CURRENTDEBT_DEBT":null,"ISSUED_COMMON_SHARES":74262726645,"HK_COMMON_SHARES":35011862630,"PER_SHARES":1000,"TOTAL_MARKET_CAP":446318987136.45,"HKSK_MARKET_CAP":210421294406.3,"PE_TTM":4.328149033882,"PB_TTM":0.42228615253,"REPORT_DATE_SQ":"2021-12-31 00:00:00","REPORT_TYPE_SQ":"2021年年报","OPERATE_INCOME_SQ":269748000000,"DPS_HKD":0.607851,"OPERATE_INCOME_QOQ_SQ":3.23346051841,"NET_PROFIT_RATIO_SQ":32.9711434376,"HOLDER_PROFIT_SQ":87581000000,"HOLDER_PROFIT_QOQ_SQ":-2.603367362826,"ROE_AVG_SQ":9.565139516419,"PE_TTM_SQ":3.337384093515,"PB_TTM_SQ":0.357407548171,"ROA_SQ":0.783253939377,"START_DATE":"2022-01-01 00:00:00","FISCAL_YEAR":"12-31","CURRENCY":"HKD","IS_CNY_CODE":0,"DPS_HKD_LY":0.416053,"ORG_TYPE":"银行","PREMIUM_INCOME":null,"PREMIUM_INCOME_YOY":null,"NET_INTEREST_INCOME":169882000000,"NET_INTEREST_INCOME_YOY":5.064535879723,"FEE_COMMISSION_INCOME":44855000000,"FEE_COMMISSION_INCOME_YOY":null,"ACCOUNTS_RECE_TDAYS":null,"INVENTORY_TDAYS":null,"CURRENT_ASSETS_TDAYS":null,"TOTAL_ASSETS_TDAYS":0.022185582583,"PREMIUM_EXPENSE":null,"LOAN_DEPOSIT":89.764616548951,"LOAN_EQUITY":6.904017524542,"LOAN_ASSETS":54.923719386978,"DEPOSIT_EQUITY":7.691246049915,"DEPOSIT_ASSETS":61.186379999771,"EQUITY_MULTIPLIER":12.544093112142,"EQUITY_RATIO":11.700360265512},{"SECUCODE":"03328.HK","SECURITY_CODE":"03328","SECURITY_NAME_ABBR":"交通银行","ORG_CODE":"10008272","STD_REPORT_DATE":"2022-09-30 00:00:00","REPORT_DATE":"2022-09-30 00:00:00","DATE_TYPE_CODE":"004","REPORT_TYPE":"2022年三季报","PER_NETCASH_OPERATE":1.20251442459,"PER_OI":2.638012484197,"BPS":11.1093012238,"BASIC_EPS":0.83,"DILUTED_EPS":0.83,"OPERATE_INCOME":195906000000,"OPERATE_INCOME_YOY":5.0631836572,"GROSS_PROFIT":null,"GROSS_PROFIT_YOY":null,"HOLDER_PROFIT":67890000000,"HOLDER_PROFIT_YOY":5.4738968303,"GROSS_PROFIT_RATIO":null,"EPS_TTM":1.22677962574,"OPERATE_INCOME_QOQ":0.222011351226,"NET_PROFIT_RATIO":32.3370430764,"ROE_AVG":6.911166721983,"GROSS_PROFIT_QOQ":null,"ROA":0.557355486441,"HOLDER_PROFIT_QOQ":1.676301868262,"ROE_YEARLY":9.214888962645,"ROIC_YEARLY":0.595190889528,"TOTAL_ASSETS":12693203000000,"TOTAL_LIABILITIES":11680766000000,"TAX_EBT":4.138484950964,"OCF_SALES":42.454610714676,"TOTAL_PARENT_EQUITY":999797000000,"DEBT_ASSET_RATIO":92.0237862736,"OPERATE_PROFIT":70968000000,"PRETAX_PROFIT":70968000000,"NETCASH_OPERATE":89302000000,"NETCASH_INVEST":-40422000000,"NETCASH_FINANCE":-23403000000,"END_CASH":224799000000,"DIVI_RATIO":0.450054296204,"DIVIDEND_RATE":10.113993344426,"CURRENT_RATIO":null,"COMMON_ACS":null,"CURRENTDEBT_DEBT":null,"ISSUED_COMMON_SHARES":74262726645,"HK_COMMON_SHARES":35011862630,"PER_SHARES":1000,"TOTAL_MARKET_CAP":446318987136.45,"HKSK_MARKET_CAP":210421294406.3,"PE_TTM":4.328149033882,"PB_TTM":0.42228615253,"REPORT_DATE_SQ":"2021-09-30 00:00:00","REPORT_TYPE_SQ":"2021年三季报","OPERATE_INCOME_SQ":200210000000,"DPS_HKD":0.607851,"OPERATE_INCOME_QOQ_SQ":2.948198695118,"NET_PROFIT_RATIO_SQ":32.7116527646,"HOLDER_PROFIT_SQ":64360000000,"HOLDER_PROFIT_QOQ_SQ":7.320857402015,"ROE_AVG_SQ":7.107859784324,"PE_TTM_SQ":3.337384093515,"PB_TTM_SQ":0.357407548171,"ROA_SQ":0.580598161346,"START_DATE":"2022-01-01 00:00:00","FISCAL_YEAR":"12-31","CURRENCY":"HKD","IS_CNY_CODE":0,"DPS_HKD_LY":0.416053,"ORG_TYPE":"银行","PREMIUM_INCOME":null,"PREMIUM_INCOME_YOY":null,"NET_INTEREST_INCOME":127986000000,"NET_INTEREST_INCOME_YOY":7.331186474791,"FEE_COMMISSION_INCOME":34894000000,"FEE_COMMISSION_INCOME_YOY":null,"ACCOUNTS_RECE_TDAYS":null,"INVENTORY_TDAYS":null,"CURRENT_ASSETS_TDAYS":null,"TOTAL_ASSETS_TDAYS":0.01727060597,"PREMIUM_EXPENSE":null,"LOAN_DEPOSIT":89.331922549381,"LOAN_EQUITY":6.959776262622,"LOAN_ASSETS":55.512662958278,"DEPOSIT_EQUITY":7.790917360784,"DEPOSIT_ASSETS":62.142021993976,"EQUITY_MULTIPLIER":12.53727688728,"EQUITY_RATIO":11.683137676948}],"count":83},"success":true,"message":"ok","code":0}